{"id":"gen9nationaldexubers-1980048622","p1":"winner1045","p2":"KarmaNightraide","format":"[Gen 9] National Dex Ubers","log":"|j|\u2606winner1045\n|j|\u2606KarmaNightraide\n|t:|1698751456\n|gametype|singles\n|player|p1|winner1045|volkner|1080\n|player|p2|KarmaNightraide|unknown|1087\n|teamsize|p1|6\n|teamsize|p2|6\n|gen|9\n|tier|[Gen 9] National Dex Ubers\n|rated|\n|rule|HP Percentage Mod: HP is shown in percentages\n|rule|Endless Battle Clause: Forcing endless battles is banned\n|rule|OHKO Clause: OHKO moves are banned\n|rule|Evasion Moves Clause: Evasion moves are banned\n|rule|Evasion Items Clause: Evasion items are banned\n|rule|Species Clause: Limit one of each Pok\u00e9mon\n|rule|Sleep Clause Mod: Limit one foe put to sleep\n|rule|Mega Rayquaza Clause: You cannot mega evolve Rayquaza\n|clearpoke\n|poke|p1|Iron Valiant|\n|poke|p1|Regieleki|\n|poke|p1|Kommo-o, F|\n|poke|p1|Ursaluna-Bloodmoon, M|\n|poke|p1|Infernape, F|\n|poke|p1|Charizard, M|\n|poke|p2|Aegislash, F|\n|poke|p2|Ceruledge, M|\n|poke|p2|Basculegion, M|\n|poke|p2|Sinistcha-Masterpiece|\n|poke|p2|Rotom|\n|poke|p2|Mimikyu, M|\n|teampreview\n|\n|t:|1698751473\n|start\n|switch|p1a: Infernape|Infernape, F|100\/100\n|switch|p2a: Rotom|Rotom|100\/100\n|turn|1\n|inactive|Battle timer is ON: inactive players will automatically lose when time's up. (requested by winner1045)\n|\n|t:|1698751493\n|move|p1a: Infernape|Gunk Shot|p2a: Rotom\n|-resisted|p2a: Rotom\n|-damage|p2a: Rotom|60\/100\n|-damage|p1a: Infernape|91\/100|[from] item: Life Orb\n|move|p2a: Rotom|Nasty Plot|p2a: Rotom\n|-boost|p2a: Rotom|spa|2\n|\n|upkeep\n|turn|2\n|\n|t:|1698751502\n|move|p1a: Infernape|Gunk Shot|p2a: Rotom\n|-resisted|p2a: Rotom\n|-damage|p2a: Rotom|22\/100\n|-damage|p1a: Infernape|81\/100|[from] item: Life Orb\n|move|p2a: Rotom|Shadow Ball|p1a: Infernape\n|-damage|p1a: Infernape|0 fnt\n|faint|p1a: Infernape\n|-damage|p2a: Rotom|12\/100|[from] item: Life Orb\n|\n|upkeep\n|\n|t:|1698751511\n|switch|p1a: Charizard|Charizard, M, shiny|100\/100\n|turn|3\n|\n|t:|1698751519\n|detailschange|p1a: Charizard|Charizard-Mega-X, M, shiny\n|-mega|p1a: Charizard|Charizard|Charizardite X\n|move|p2a: Rotom|Shadow Ball|p1a: Charizard\n|-damage|p1a: Charizard|0 fnt\n|faint|p1a: Charizard\n|-damage|p2a: Rotom|3\/100|[from] item: Life Orb\n|\n|upkeep\n|\n|t:|1698751528\n|switch|p1a: Kommo-o|Kommo-o, F, shiny|100\/100\n|turn|4\n|\n|t:|1698751536\n|-terastallize|p1a: Kommo-o|Dragon\n|move|p2a: Rotom|Discharge|p1a: Kommo-o\n|-resisted|p1a: Kommo-o\n|-damage|p1a: Kommo-o|49\/100\n|-enditem|p1a: Kommo-o|Sitrus Berry|[eat]\n|-heal|p1a: Kommo-o|73\/100|[from] item: Sitrus Berry\n|-damage|p2a: Rotom|0 fnt|[from] item: Life Orb\n|faint|p2a: Rotom\n|move|p1a: Kommo-o|Clangorous Soul|p1a: Kommo-o\n|-boost|p1a: Kommo-o|atk|1\n|-boost|p1a: Kommo-o|def|1\n|-boost|p1a: Kommo-o|spa|1\n|-boost|p1a: Kommo-o|spd|1\n|-boost|p1a: Kommo-o|spe|1\n|-damage|p1a: Kommo-o|40\/100\n|\n|upkeep\n|\n|t:|1698751554\n|switch|p2a: Oni|Ceruledge, M|100\/100\n|turn|5\n|\n|t:|1698751560\n|move|p1a: Kommo-o|Clanging Scales|p2a: Oni\n|-enditem|p2a: Oni|Focus Sash\n|-damage|p2a: Oni|1\/100\n|-unboost|p1a: Kommo-o|def|1\n|move|p2a: Oni|Swords Dance|p2a: Oni\n|-boost|p2a: Oni|atk|2\n|\n|upkeep\n|turn|6\n|\n|t:|1698751569\n|move|p1a: Kommo-o|Clanging Scales|p2a: Oni\n|-damage|p2a: Oni|0 fnt\n|faint|p2a: Oni\n|-unboost|p1a: Kommo-o|def|1\n|\n|upkeep\n|\n|t:|1698751577\n|switch|p2a: Aegislash|Aegislash, F|100\/100\n|turn|7\n|\n|t:|1698751592\n|-formechange|p2a: Aegislash|Aegislash-Blade||[from] ability: Stance Change\n|move|p2a: Aegislash|Shadow Sneak|p1a: Kommo-o\n|-damage|p1a: Kommo-o|6\/100\n|move|p1a: Kommo-o|Clanging Scales|p2a: Aegislash\n|-resisted|p2a: Aegislash\n|-damage|p2a: Aegislash|0 fnt\n|faint|p2a: Aegislash\n|-unboost|p1a: Kommo-o|def|1\n|\n|upkeep\n|\n|t:|1698751603\n|switch|p2a: Lil guy my man|Mimikyu, M|100\/100\n|turn|8\n|\n|t:|1698751608\n|move|p2a: Lil guy my man|Shadow Sneak|p1a: Kommo-o\n|-damage|p1a: Kommo-o|0 fnt\n|faint|p1a: Kommo-o\n|\n|upkeep\n|\n|t:|1698751623\n|switch|p1a: Ursaluna|Ursaluna-Bloodmoon, M|100\/100\n|turn|9\n|\n|t:|1698751648\n|move|p2a: Lil guy my man|Swords Dance|p2a: Lil guy my man\n|-boost|p2a: Lil guy my man|atk|2\n|move|p1a: Ursaluna|Calm Mind|p1a: Ursaluna\n|-boost|p1a: Ursaluna|spa|1\n|-boost|p1a: Ursaluna|spd|1\n|\n|upkeep\n|turn|10\n|\n|t:|1698751655\n|move|p2a: Lil guy my man|Drain Punch|p1a: Ursaluna\n|-supereffective|p1a: Ursaluna\n|-damage|p1a: Ursaluna|44\/100\n|move|p1a: Ursaluna|Crunch|p2a: Lil guy my man\n|-activate|p2a: Lil guy my man|ability: Disguise\n|-damage|p2a: Lil guy my man|100\/100\n|detailschange|p2a: Lil guy my man|Mimikyu-Busted, M\n|-damage|p2a: Lil guy my man|88\/100|[from] pokemon: Mimikyu-Busted\n|\n|-heal|p1a: Ursaluna|50\/100|[from] item: Leftovers\n|upkeep\n|turn|11\n|\n|t:|1698751667\n|move|p2a: Lil guy my man|Drain Punch|p1a: Ursaluna\n|-supereffective|p1a: Ursaluna\n|-damage|p1a: Ursaluna|0 fnt\n|-heal|p2a: Lil guy my man|100\/100|[from] drain|[of] p1a: Ursaluna\n|faint|p1a: Ursaluna\n|\n|upkeep\n|\n|t:|1698751674\n|switch|p1a: Regieleki|Regieleki|100\/100\n|turn|12\n|\n|t:|1698751679\n|move|p1a: Regieleki|Thunder Cage|p2a: Lil guy my man\n|-damage|p2a: Lil guy my man|50\/100\n|-activate|p2a: Lil guy my man|move: Thunder Cage|[of] p1a: Regieleki\n|-zpower|p2a: Lil guy my man\n|move|p2a: Lil guy my man|Let's Snuggle Forever|p1a: Regieleki|[zeffect]\n|-damage|p1a: Regieleki|0 fnt\n|faint|p1a: Regieleki\n|\n|-end|p2a: Lil guy my man|Thunder Cage|[partiallytrapped]|[silent]\n|upkeep\n|\n|t:|1698751700\n|switch|p1a: Iron Valiant|Iron Valiant|100\/100\n|turn|13\n|\n|t:|1698751714\n|move|p1a: Iron Valiant|Dazzling Gleam|p2a: Lil guy my man\n|-damage|p2a: Lil guy my man|9\/100\n|move|p2a: Lil guy my man|Play Rough|p1a: Iron Valiant\n|-supereffective|p1a: Iron Valiant\n|-damage|p1a: Iron Valiant|0 fnt\n|faint|p1a: Iron Valiant\n|-end|p1a: Iron Valiant|Quark Drive|[silent]\n|\n|win|KarmaNightraide\n|raw|winner1045's rating: 1080 &rarr; <strong>1058<\/strong><br \/>(-22 for losing)\n|raw|KarmaNightraide's rating: 1087 &rarr; <strong>1113<\/strong><br \/>(+26 for winning)\n|l|\u2606winner1045\n","uploadtime":1698751727,"views":11,"p1id":"winner1045","p2id":"karmanightraide","formatid":"gen9nationaldexubers","rating":1058,"private":0,"password":""}