{"id":"gen9nationaldexubers-1988062857","p1":"kitmash","p2":"heavylever","format":"[Gen 9] National Dex Ubers","log":"|j|\u2606kitmash\n|j|\u2606heavylever\n|t:|1699664987\n|gametype|singles\n|player|p1|kitmash|101|1583\n|player|p2|heavylever|ash-unova|1615\n|teamsize|p1|6\n|teamsize|p2|6\n|gen|9\n|tier|[Gen 9] National Dex Ubers\n|rated|\n|rule|HP Percentage Mod: HP is shown in percentages\n|rule|Endless Battle Clause: Forcing endless battles is banned\n|rule|OHKO Clause: OHKO moves are banned\n|rule|Evasion Moves Clause: Evasion moves are banned\n|rule|Evasion Items Clause: Evasion items are banned\n|rule|Species Clause: Limit one of each Pok\u00e9mon\n|rule|Sleep Clause Mod: Limit one foe put to sleep\n|rule|Mega Rayquaza Clause: You cannot mega evolve Rayquaza\n|clearpoke\n|poke|p1|Ursaluna-Bloodmoon, M|\n|poke|p1|Chi-Yu|\n|poke|p1|Salamence, F|\n|poke|p1|Arceus-Poison|\n|poke|p1|Lugia|\n|poke|p1|Zacian-*|\n|poke|p2|Mewtwo|\n|poke|p2|Arceus-Fairy|\n|poke|p2|Marshadow|\n|poke|p2|Groudon|\n|poke|p2|Giratina-Origin|\n|poke|p2|Kyogre|\n|teampreview\n|\n|t:|1699664999\n|start\n|switch|p1a: Chi-Yu|Chi-Yu|100\/100\n|switch|p2a: Giratina|Giratina-Origin|100\/100\n|-ability|p1a: Chi-Yu|Beads of Ruin\n|turn|1\n|inactive|Battle timer is ON: inactive players will automatically lose when time's up. (requested by heavylever)\n|\n|t:|1699665024\n|switch|p2a: Arceus|Arceus-Fairy|100\/100\n|move|p1a: Chi-Yu|Overheat|p2a: Arceus\n|-damage|p2a: Arceus|4\/100\n|-unboost|p1a: Chi-Yu|spa|2\n|\n|upkeep\n|turn|2\n|\n|t:|1699665042\n|switch|p2a: Kyogre|Kyogre|100\/100\n|detailschange|p2a: Kyogre|Kyogre-Primal\n|-primal|p2a: Kyogre|Blue Orb\n|-weather|PrimordialSea|[from] ability: Primordial Sea|[of] p2a: Kyogre\n|move|p1a: Chi-Yu|Overheat||[still]\n|-fail|p1a: Chi-Yu|Overheat|[from] Primordial Sea\n|\n|-weather|PrimordialSea|[upkeep]\n|upkeep\n|turn|3\n|\n|t:|1699665059\n|switch|p1a: Lugia|Lugia|100\/100\n|-ability|p1a: Lugia|Pressure\n|move|p2a: Kyogre|Ice Beam|p1a: Lugia\n|-supereffective|p1a: Lugia\n|-damage|p1a: Lugia|73\/100\n|\n|-weather|PrimordialSea|[upkeep]\n|upkeep\n|turn|4\n|\n|t:|1699665073\n|-weather|none\n|switch|p2a: Arceus|Arceus-Fairy|4\/100\n|move|p1a: Lugia|Toxic|p2a: Arceus\n|-status|p2a: Arceus|tox\n|\n|-damage|p2a: Arceus|0 fnt|[from] psn\n|faint|p2a: Arceus\n|upkeep\n|inactive|heavylever has 120 seconds left.\n|\n|t:|1699665099\n|switch|p2a: Giratina|Giratina-Origin|100\/100\n|turn|5\n|\n|t:|1699665107\n|switch|p1a: Ursaluna|Ursaluna-Bloodmoon, M|100\/100\n|-terastallize|p2a: Giratina|Poison\n|move|p2a: Giratina|Thunder Wave|p1a: Ursaluna\n|-immune|p1a: Ursaluna\n|\n|upkeep\n|turn|6\n|\n|t:|1699665139\n|move|p2a: Giratina|Draco Meteor|p1a: Ursaluna\n|-damage|p1a: Ursaluna|15\/100\n|-unboost|p2a: Giratina|spa|2\n|move|p1a: Ursaluna|Blood Moon|p2a: Giratina\n|-damage|p2a: Giratina|19\/100\n|\n|upkeep\n|turn|7\n|\n|t:|1699665150\n|switch|p1a: Lugia|Lugia|73\/100\n|-ability|p1a: Lugia|Pressure\n|move|p2a: Giratina|Draco Meteor|p1a: Lugia\n|-damage|p1a: Lugia|56\/100\n|-unboost|p2a: Giratina|spa|2\n|\n|upkeep\n|turn|8\n|\n|t:|1699665160\n|move|p1a: Lugia|Roost|p1a: Lugia\n|-heal|p1a: Lugia|100\/100\n|-singleturn|p1a: Lugia|move: Roost\n|move|p2a: Giratina|Thunder Wave|p1a: Lugia\n|-status|p1a: Lugia|par\n|\n|upkeep\n|turn|9\n|\n|t:|1699665168\n|move|p2a: Giratina|Hex|p1a: Lugia\n|-supereffective|p1a: Lugia\n|-damage|p1a: Lugia|76\/100 par\n|move|p1a: Lugia|Aeroblast|p2a: Giratina\n|-damage|p2a: Giratina|0 fnt\n|faint|p2a: Giratina\n|\n|upkeep\n|\n|t:|1699665175\n|switch|p2a: Mewtwo|Mewtwo|100\/100\n|-ability|p2a: Mewtwo|Pressure\n|turn|10\n|\n|t:|1699665199\n|switch|p1a: Zacian|Zacian-Crowned|100\/100\n|-ability|p1a: Zacian|Intrepid Sword|boost\n|-boost|p1a: Zacian|atk|1\n|detailschange|p2a: Mewtwo|Mewtwo-Mega-Y\n|-mega|p2a: Mewtwo|Mewtwo|Mewtwonite Y\n|move|p2a: Mewtwo|Ice Beam|p1a: Zacian\n|-resisted|p1a: Zacian\n|-damage|p1a: Zacian|83\/100\n|\n|upkeep\n|turn|11\n|inactive|kitmash has 120 seconds left.\n|\n|t:|1699665231\n|switch|p2a: Groudon|Groudon|100\/100\n|detailschange|p2a: Groudon|Groudon-Primal\n|-primal|p2a: Groudon|Red Orb\n|-weather|DesolateLand|[from] ability: Desolate Land|[of] p2a: Groudon\n|move|p1a: Zacian|Behemoth Blade|p2a: Groudon\n|-resisted|p2a: Groudon\n|-damage|p2a: Groudon|81\/100\n|\n|-weather|DesolateLand|[upkeep]\n|upkeep\n|turn|12\n|\n|t:|1699665240\n|switch|p1a: Salamence|Salamence, F|100\/100\n|-ability|p1a: Salamence|Intimidate|boost\n|-unboost|p2a: Groudon|atk|1\n|move|p2a: Groudon|Will-O-Wisp|p1a: Salamence\n|-status|p1a: Salamence|brn\n|\n|-weather|DesolateLand|[upkeep]\n|-damage|p1a: Salamence|94\/100 brn|[from] brn\n|upkeep\n|turn|13\n|inactive|kitmash has 120 seconds left.\n|\n|t:|1699665252\n|detailschange|p1a: Salamence|Salamence-Mega, F\n|-mega|p1a: Salamence|Salamence|Salamencite\n|move|p1a: Salamence|Toxic|p2a: Groudon\n|-status|p2a: Groudon|tox\n|move|p2a: Groudon|Stone Edge|p1a: Salamence\n|-supereffective|p1a: Salamence\n|-damage|p1a: Salamence|62\/100 brn\n|\n|-weather|DesolateLand|[upkeep]\n|-damage|p2a: Groudon|75\/100 tox|[from] psn\n|-damage|p1a: Salamence|56\/100 brn|[from] brn\n|upkeep\n|turn|14\n|\n|t:|1699665265\n|move|p1a: Salamence|Roost|p1a: Salamence\n|-heal|p1a: Salamence|100\/100 brn\n|-singleturn|p1a: Salamence|move: Roost\n|move|p2a: Groudon|Stone Edge|p1a: Salamence\n|-damage|p1a: Salamence|83\/100 brn\n|\n|-weather|DesolateLand|[upkeep]\n|-damage|p2a: Groudon|63\/100 tox|[from] psn\n|-damage|p1a: Salamence|77\/100 brn|[from] brn\n|upkeep\n|turn|15\n|\n|t:|1699665276\n|-weather|none\n|switch|p2a: Mewtwo|Mewtwo-Mega-Y|100\/100\n|move|p1a: Salamence|Double-Edge|p2a: Mewtwo\n|-damage|p2a: Mewtwo|54\/100\n|-damage|p1a: Salamence|64\/100 brn|[from] Recoil\n|\n|-damage|p1a: Salamence|58\/100 brn|[from] brn\n|upkeep\n|turn|16\n|\n|t:|1699665290\n|switch|p1a: Chi-Yu|Chi-Yu|100\/100\n|-ability|p1a: Chi-Yu|Beads of Ruin\n|move|p2a: Mewtwo|Earth Power|p1a: Chi-Yu\n|-supereffective|p1a: Chi-Yu\n|-damage|p1a: Chi-Yu|4\/100\n|\n|upkeep\n|turn|17\n|inactive|kitmash has 120 seconds left.\n|\n|t:|1699665306\n|switch|p2a: Kyogre|Kyogre-Primal|100\/100\n|-weather|PrimordialSea|[from] ability: Primordial Sea|[of] p2a: Kyogre\n|switch|p1a: Lugia|Lugia|76\/100 par\n|-ability|p1a: Lugia|Pressure\n|\n|-weather|PrimordialSea|[upkeep]\n|upkeep\n|turn|18\n|inactive|kitmash has 120 seconds left.\n|\n|t:|1699665320\n|-weather|none\n|switch|p2a: Groudon|Groudon-Primal|63\/100 tox\n|-weather|DesolateLand|[from] ability: Desolate Land|[of] p2a: Groudon\n|move|p1a: Lugia|Toxic|p2a: Groudon\n|-fail|p2a: Groudon|tox\n|\n|-weather|DesolateLand|[upkeep]\n|-damage|p2a: Groudon|57\/100 tox|[from] psn\n|upkeep\n|turn|19\n|inactive|kitmash has 120 seconds left.\n|\n|t:|1699665333\n|move|p2a: Groudon|Stone Edge|p1a: Lugia|[miss]\n|-miss|p2a: Groudon|p1a: Lugia\n|move|p1a: Lugia|Roost|p1a: Lugia\n|-heal|p1a: Lugia|100\/100 par\n|-singleturn|p1a: Lugia|move: Roost\n|\n|-weather|DesolateLand|[upkeep]\n|-damage|p2a: Groudon|44\/100 tox|[from] psn\n|upkeep\n|turn|20\n|\n|t:|1699665343\n|switch|p1a: Salamence|Salamence-Mega, F|58\/100 brn\n|move|p2a: Groudon|Stone Edge|p1a: Salamence|[miss]\n|-miss|p2a: Groudon|p1a: Salamence\n|\n|-weather|DesolateLand|[upkeep]\n|-damage|p2a: Groudon|26\/100 tox|[from] psn\n|-damage|p1a: Salamence|52\/100 brn|[from] brn\n|upkeep\n|turn|21\n|\n|t:|1699665351\n|move|p1a: Salamence|Roost|p1a: Salamence\n|-heal|p1a: Salamence|100\/100 brn\n|-singleturn|p1a: Salamence|move: Roost\n|move|p2a: Groudon|Stone Edge|p1a: Salamence|[miss]\n|-miss|p2a: Groudon|p1a: Salamence\n|\n|-weather|DesolateLand|[upkeep]\n|-damage|p2a: Groudon|1\/100 tox|[from] psn\n|-damage|p1a: Salamence|94\/100 brn|[from] brn\n|upkeep\n|turn|22\n|\n|t:|1699665360\n|move|p1a: Salamence|Double-Edge|p2a: Groudon\n|-crit|p2a: Groudon\n|-damage|p2a: Groudon|0 fnt\n|faint|p2a: Groudon\n|-weather|none\n|-damage|p1a: Salamence|94\/100 brn|[from] Recoil\n|\n|-damage|p1a: Salamence|88\/100 brn|[from] brn\n|upkeep\n|\n|t:|1699665363\n|switch|p2a: Mewtwo|Mewtwo-Mega-Y|54\/100\n|turn|23\n|\n|t:|1699665383\n|switch|p1a: Chi-Yu|Chi-Yu|4\/100\n|-ability|p1a: Chi-Yu|Beads of Ruin\n|move|p2a: Mewtwo|Ice Beam|p1a: Chi-Yu\n|-resisted|p1a: Chi-Yu\n|-damage|p1a: Chi-Yu|0 fnt\n|faint|p1a: Chi-Yu\n|\n|upkeep\n|inactive|kitmash has 120 seconds left.\n|\n|t:|1699665416\n|switch|p1a: Arceus|Arceus-Poison|100\/100\n|turn|24\n|\n|t:|1699665421\n|-terastallize|p1a: Arceus|Ghost\n|move|p2a: Mewtwo|Psystrike|p1a: Arceus\n|-damage|p1a: Arceus|52\/100\n|move|p1a: Arceus|Gunk Shot|p2a: Mewtwo|[miss]\n|-miss|p1a: Arceus|p2a: Mewtwo\n|\n|upkeep\n|turn|25\n|\n|t:|1699665429\n|move|p2a: Mewtwo|Psystrike|p1a: Arceus\n|-damage|p1a: Arceus|6\/100\n|move|p1a: Arceus|Gunk Shot|p2a: Mewtwo\n|-damage|p2a: Mewtwo|0 fnt\n|faint|p2a: Mewtwo\n|\n|upkeep\n|\n|t:|1699665437\n|switch|p2a: Marshadow|Marshadow|100\/100\n|turn|26\n|\n|t:|1699665440\n|move|p2a: Marshadow|Spectral Thief|p1a: Arceus\n|-supereffective|p1a: Arceus\n|-damage|p1a: Arceus|0 fnt\n|faint|p1a: Arceus\n|\n|upkeep\n|\n|t:|1699665447\n|switch|p1a: Salamence|Salamence-Mega, F|88\/100 brn\n|turn|27\n|\n|t:|1699665453\n|move|p2a: Marshadow|Ice Punch|p1a: Salamence\n|-supereffective|p1a: Salamence\n|-damage|p1a: Salamence|33\/100 brn\n|move|p1a: Salamence|Double-Edge|p2a: Marshadow\n|-supereffective|p2a: Marshadow\n|-damage|p2a: Marshadow|12\/100\n|-damage|p1a: Salamence|9\/100 brn|[from] Recoil\n|\n|-damage|p1a: Salamence|3\/100 brn|[from] brn\n|upkeep\n|turn|28\n|\n|t:|1699665465\n|move|p2a: Marshadow|Shadow Sneak|p1a: Salamence\n|-damage|p1a: Salamence|0 fnt\n|faint|p1a: Salamence\n|\n|upkeep\n|\n|t:|1699665468\n|switch|p1a: Ursaluna|Ursaluna-Bloodmoon, M|15\/100\n|turn|29\n|\n|t:|1699665492\n|move|p1a: Ursaluna|Vacuum Wave|p2a: Marshadow\n|-damage|p2a: Marshadow|0 fnt\n|faint|p2a: Marshadow\n|\n|upkeep\n|\n|t:|1699665493\n|switch|p2a: Kyogre|Kyogre-Primal|100\/100\n|-weather|PrimordialSea|[from] ability: Primordial Sea|[of] p2a: Kyogre\n|turn|30\n|\n|t:|1699665500\n|move|p1a: Ursaluna|Vacuum Wave|p2a: Kyogre\n|-damage|p2a: Kyogre|87\/100\n|move|p2a: Kyogre|Scald|p1a: Ursaluna\n|-supereffective|p1a: Ursaluna\n|-damage|p1a: Ursaluna|0 fnt\n|faint|p1a: Ursaluna\n|\n|-weather|PrimordialSea|[upkeep]\n|upkeep\n|\n|t:|1699665508\n|switch|p1a: Lugia|Lugia|100\/100 par\n|-ability|p1a: Lugia|Pressure\n|turn|31\n|\n|t:|1699665512\n|move|p2a: Kyogre|Liquidation|p1a: Lugia\n|-damage|p1a: Lugia|63\/100 par\n|move|p1a: Lugia|Toxic|p2a: Kyogre\n|-status|p2a: Kyogre|tox\n|\n|-weather|PrimordialSea|[upkeep]\n|-damage|p2a: Kyogre|81\/100 tox|[from] psn\n|upkeep\n|turn|32\n|\n|t:|1699665520\n|move|p2a: Kyogre|Liquidation|p1a: Lugia\n|-damage|p1a: Lugia|26\/100 par\n|cant|p1a: Lugia|par\n|\n|-weather|PrimordialSea|[upkeep]\n|-damage|p2a: Kyogre|69\/100 tox|[from] psn\n|upkeep\n|turn|33\n|\n|t:|1699665529\n|move|p2a: Kyogre|Liquidation|p1a: Lugia\n|-damage|p1a: Lugia|0 fnt\n|faint|p1a: Lugia\n|\n|-weather|PrimordialSea|[upkeep]\n|-damage|p2a: Kyogre|50\/100 tox|[from] psn\n|upkeep\n|\n|t:|1699665534\n|switch|p1a: Zacian|Zacian-Crowned|83\/100\n|turn|34\n|\n|t:|1699665542\n|move|p1a: Zacian|Play Rough|p2a: Kyogre\n|-crit|p2a: Kyogre\n|-damage|p2a: Kyogre|0 fnt\n|faint|p2a: Kyogre\n|-weather|none\n|\n|win|kitmash\n|raw|kitmash's rating: 1583 &rarr; <strong>1605<\/strong><br \/>(+22 for winning)\n|raw|heavylever's rating: 1615 &rarr; <strong>1593<\/strong><br \/>(-22 for losing)\n|l|\u2606heavylever\n","uploadtime":1699665558,"views":12,"p1id":"kitmash","p2id":"heavylever","formatid":"gen9nationaldexubers","rating":1593,"private":0,"password":""}