{"id":"gen9nationaldexubers-1996281854","p1":"hohink","p2":"JustMonika_CARR","format":"[Gen 9] National Dex Ubers","log":"|j|\u2606hohink\n|j|\u2606JustMonika_CARR\n|t:|1700667183\n|gametype|singles\n|player|p1|hohink|sada-ai|1311\n|player|p2|JustMonika_CARR|rosa|1307\n|teamsize|p1|6\n|teamsize|p2|6\n|gen|9\n|tier|[Gen 9] National Dex Ubers\n|rated|\n|rule|HP Percentage Mod: HP is shown in percentages\n|rule|Endless Battle Clause: Forcing endless battles is banned\n|rule|OHKO Clause: OHKO moves are banned\n|rule|Evasion Moves Clause: Evasion moves are banned\n|rule|Evasion Items Clause: Evasion items are banned\n|rule|Species Clause: Limit one of each Pok\u00e9mon\n|rule|Sleep Clause Mod: Limit one foe put to sleep\n|rule|Mega Rayquaza Clause: You cannot mega evolve Rayquaza\n|clearpoke\n|poke|p1|Runerigus, M|\n|poke|p1|Charjabug, F|\n|poke|p1|Iron Bundle|\n|poke|p1|Honchkrow, F|\n|poke|p1|Lugia|\n|poke|p1|Deoxys-Attack|\n|poke|p2|Shuckle, F|\n|poke|p2|Deoxys-Speed|\n|poke|p2|Arceus|\n|poke|p2|Forretress, F|\n|poke|p2|Magearna|\n|poke|p2|Pyukumuku, F|\n|teampreview\n|\n|t:|1700667214\n|start\n|switch|p1a: Charjabug|Charjabug, F|100\/100\n|switch|p2a: Forretress|Forretress, F, shiny|100\/100\n|turn|1\n|\n|t:|1700667218\n|move|p2a: Forretress|Toxic Spikes|p1a: Charjabug\n|-sidestart|p1: hohink|move: Toxic Spikes\n|move|p1a: Charjabug|Sticky Web|p2a: Forretress\n|-sidestart|p2: JustMonika_CARR|move: Sticky Web\n|\n|upkeep\n|turn|2\n|\n|t:|1700667225\n|move|p2a: Forretress|Toxic Spikes|p1a: Charjabug\n|-sidestart|p1: hohink|move: Toxic Spikes\n|move|p1a: Charjabug|Thunder Wave|p2a: Forretress\n|-status|p2a: Forretress|par\n|\n|upkeep\n|turn|3\n|\n|t:|1700667229\n|move|p1a: Charjabug|Light Screen|p1a: Charjabug\n|-sidestart|p1: hohink|move: Light Screen\n|move|p2a: Forretress|Stealth Rock|p1a: Charjabug\n|-sidestart|p1: hohink|move: Stealth Rock\n|\n|upkeep\n|turn|4\n|\n|t:|1700667241\n|switch|p1a: Runerigus|Runerigus, M|100\/100\n|-status|p1a: Runerigus|tox\n|-damage|p1a: Runerigus|94\/100 tox|[from] Stealth Rock\n|move|p2a: Forretress|Rapid Spin|p1a: Runerigus\n|-immune|p1a: Runerigus\n|\n|-damage|p1a: Runerigus|88\/100 tox|[from] psn\n|upkeep\n|turn|5\n|\n|t:|1700667247\n|move|p1a: Runerigus|Toxic Spikes|p2a: Forretress\n|-sidestart|p2: JustMonika_CARR|move: Toxic Spikes\n|cant|p2a: Forretress|par\n|\n|-damage|p1a: Runerigus|75\/100 tox|[from] psn\n|upkeep\n|turn|6\n|\n|t:|1700667253\n|move|p1a: Runerigus|Will-O-Wisp||[still]\n|-fail|p1a: Runerigus\n|move|p2a: Forretress|Rapid Spin|p1a: Runerigus\n|-immune|p1a: Runerigus\n|\n|-damage|p1a: Runerigus|57\/100 tox|[from] psn\n|upkeep\n|turn|7\n|\n|t:|1700667258\n|move|p1a: Runerigus|Poltergeist|p2a: Forretress\n|-activate|p2a: Forretress|move: Poltergeist|Red Card\n|-damage|p2a: Forretress|70\/100 par\n|-enditem|p2a: Forretress|Red Card|[of] p1a: Runerigus\n|drag|p1a: Lugia|Lugia|100\/100\n|-damage|p1a: Lugia|76\/100|[from] Stealth Rock\n|move|p2a: Forretress|Rapid Spin|p1a: Lugia\n|-damage|p1a: Lugia|70\/100\n|-boost|p2a: Forretress|spe|1\n|-sideend|p2: JustMonika_CARR|Toxic Spikes|[from] move: Rapid Spin|[of] p2a: Forretress\n|-sideend|p2: JustMonika_CARR|Sticky Web|[from] move: Rapid Spin|[of] p2a: Forretress\n|\n|-sideend|p1: hohink|move: Light Screen\n|upkeep\n|turn|8\n|\n|t:|1700667277\n|switch|p1a: Runerigus|Runerigus, M|57\/100 tox\n|-damage|p1a: Runerigus|50\/100 tox|[from] Stealth Rock\n|switch|p2a: Magearna|Magearna|100\/100\n|\n|-damage|p1a: Runerigus|44\/100 tox|[from] psn\n|upkeep\n|turn|9\n|\n|t:|1700667291\n|move|p2a: Magearna|Shadow Ball|p1a: Runerigus\n|-supereffective|p1a: Runerigus\n|-damage|p1a: Runerigus|0 fnt\n|faint|p1a: Runerigus\n|-ability|p2a: Magearna|Soul-Heart|boost\n|-boost|p2a: Magearna|spa|1\n|\n|upkeep\n|\n|t:|1700667303\n|switch|p1a: Honchkrow|Honchkrow, F|100\/100\n|-damage|p1a: Honchkrow|76\/100|[from] Stealth Rock\n|turn|10\n|\n|t:|1700667312\n|switch|p1a: Iron Bundle|Iron Bundle|100\/100\n|-status|p1a: Iron Bundle|tox\n|-damage|p1a: Iron Bundle|76\/100 tox|[from] Stealth Rock\n|-enditem|p1a: Iron Bundle|Booster Energy\n|-activate|p1a: Iron Bundle|ability: Quark Drive|[fromitem]\n|-start|p1a: Iron Bundle|quarkdrivespe\n|move|p2a: Magearna|Ice Beam|p1a: Iron Bundle\n|-resisted|p1a: Iron Bundle\n|-damage|p1a: Iron Bundle|51\/100 tox\n|\n|-damage|p1a: Iron Bundle|46\/100 tox|[from] psn\n|upkeep\n|turn|11\n|\n|t:|1700667330\n|-terastallize|p1a: Iron Bundle|Ground\n|move|p1a: Iron Bundle|Tera Blast|p2a: Magearna|[anim] Tera Blast Ground\n|-supereffective|p2a: Magearna\n|-damage|p2a: Magearna|27\/100\n|move|p2a: Magearna|Aura Sphere|p1a: Iron Bundle\n|-damage|p1a: Iron Bundle|0 fnt\n|faint|p1a: Iron Bundle\n|-ability|p2a: Magearna|Soul-Heart|boost\n|-boost|p2a: Magearna|spa|1\n|-end|p1a: Iron Bundle|Quark Drive|[silent]\n|\n|upkeep\n|\n|t:|1700667344\n|switch|p1a: Lugia|Lugia|70\/100\n|-damage|p1a: Lugia|45\/100|[from] Stealth Rock\n|turn|12\n|\n|t:|1700667354\n|move|p1a: Lugia|Aeroblast|p2a: Magearna\n|-resisted|p2a: Magearna\n|-damage|p2a: Magearna|10\/100\n|move|p2a: Magearna|Shadow Ball|p1a: Lugia\n|-supereffective|p1a: Lugia\n|-damage|p1a: Lugia|0 fnt\n|faint|p1a: Lugia\n|-ability|p2a: Magearna|Soul-Heart|boost\n|-boost|p2a: Magearna|spa|1\n|\n|upkeep\n|\n|t:|1700667367\n|switch|p1a: Deoxys|Deoxys-Attack|100\/100\n|-status|p1a: Deoxys|tox\n|-damage|p1a: Deoxys|88\/100 tox|[from] Stealth Rock\n|-ability|p1a: Deoxys|Pressure\n|turn|13\n|\n|t:|1700667373\n|move|p1a: Deoxys|Shadow Ball|p2a: Magearna\n|-damage|p2a: Magearna|0 fnt\n|faint|p2a: Magearna\n|\n|-damage|p1a: Deoxys|82\/100 tox|[from] psn\n|upkeep\n|\n|t:|1700667378\n|switch|p2a: Forretress|Forretress, F, shiny|70\/100 par\n|turn|14\n|\n|t:|1700667397\n|switch|p1a: Honchkrow|Honchkrow, F|76\/100\n|-damage|p1a: Honchkrow|51\/100|[from] Stealth Rock\n|move|p2a: Forretress|Endure||[still]\n|-fail|p2a: Forretress\n|\n|upkeep\n|turn|15\n|\n|t:|1700667407\n|move|p1a: Honchkrow|Brave Bird|p2a: Forretress\n|-damage|p2a: Forretress|0 fnt\n|faint|p2a: Forretress\n|-ability|p1a: Honchkrow|Moxie|boost\n|-boost|p1a: Honchkrow|atk|1\n|-damage|p1a: Honchkrow|31\/100|[from] Recoil\n|\n|upkeep\n|c|\u2606JustMonika_CARR|?\n|\n|t:|1700667417\n|switch|p2a: Deoxys|Deoxys-Speed, shiny|100\/100\n|-ability|p2a: Deoxys|Pressure\n|turn|16\n|\n|t:|1700667422\n|switch|p1a: Charjabug|Charjabug, F|100\/100\n|-status|p1a: Charjabug|tox\n|-damage|p1a: Charjabug|76\/100 tox|[from] Stealth Rock\n|move|p2a: Deoxys|Light Screen|p2a: Deoxys\n|-sidestart|p2: JustMonika_CARR|move: Light Screen\n|\n|-damage|p1a: Charjabug|70\/100 tox|[from] psn\n|upkeep\n|turn|17\n|\n|t:|1700667428\n|move|p2a: Deoxys|Mud-Slap|p1a: Charjabug\n|-damage|p1a: Charjabug|64\/100 tox\n|-unboost|p1a: Charjabug|accuracy|1\n|move|p1a: Charjabug|Sticky Web|p2a: Deoxys\n|-sidestart|p2: JustMonika_CARR|move: Sticky Web\n|\n|-damage|p1a: Charjabug|52\/100 tox|[from] psn\n|upkeep\n|turn|18\n|\n|t:|1700667436\n|move|p2a: Deoxys|Reflect|p2a: Deoxys\n|-sidestart|p2: JustMonika_CARR|Reflect\n|move|p1a: Charjabug|Light Screen|p1a: Charjabug\n|-sidestart|p1: hohink|move: Light Screen\n|\n|-damage|p1a: Charjabug|34\/100 tox|[from] psn\n|upkeep\n|turn|19\n|\n|t:|1700667439\n|move|p2a: Deoxys|Mud-Slap|p1a: Charjabug\n|-damage|p1a: Charjabug|31\/100 tox\n|-unboost|p1a: Charjabug|accuracy|1\n|move|p1a: Charjabug|Thunder Wave|p2a: Deoxys|[miss]\n|-miss|p1a: Charjabug|p2a: Deoxys\n|\n|-damage|p1a: Charjabug|7\/100 tox|[from] psn\n|upkeep\n|turn|20\n|\n|t:|1700667446\n|move|p2a: Deoxys|Mud-Slap|p1a: Charjabug\n|-damage|p1a: Charjabug|4\/100 tox\n|-unboost|p1a: Charjabug|accuracy|1\n|move|p1a: Charjabug|Thunder Wave|p2a: Deoxys\n|-status|p2a: Deoxys|par\n|\n|-damage|p1a: Charjabug|0 fnt|[from] psn\n|faint|p1a: Charjabug\n|upkeep\n|\n|t:|1700667461\n|switch|p1a: Deoxys|Deoxys-Attack|82\/100 tox\n|-damage|p1a: Deoxys|69\/100 tox|[from] Stealth Rock\n|-ability|p1a: Deoxys|Pressure\n|turn|21\n|\n|t:|1700667467\n|move|p1a: Deoxys|Dark Pulse|p2a: Deoxys\n|-supereffective|p2a: Deoxys\n|-damage|p2a: Deoxys|54\/100 par\n|move|p2a: Deoxys|Mud-Slap|p1a: Deoxys\n|-damage|p1a: Deoxys|60\/100 tox\n|-unboost|p1a: Deoxys|accuracy|1\n|\n|-damage|p1a: Deoxys|54\/100 tox|[from] psn\n|upkeep\n|turn|22\n|\n|t:|1700667475\n|move|p1a: Deoxys|Dark Pulse|p2a: Deoxys\n|-supereffective|p2a: Deoxys\n|-damage|p2a: Deoxys|6\/100 par\n|move|p2a: Deoxys|Mud-Slap|p1a: Deoxys\n|-damage|p1a: Deoxys|44\/100 tox\n|-unboost|p1a: Deoxys|accuracy|1\n|\n|-damage|p1a: Deoxys|31\/100 tox|[from] psn\n|-sideend|p1: hohink|move: Light Screen\n|upkeep\n|turn|23\n|\n|t:|1700667484\n|move|p1a: Deoxys|Dark Pulse|p2a: Deoxys\n|-supereffective|p2a: Deoxys\n|-damage|p2a: Deoxys|0 fnt\n|faint|p2a: Deoxys\n|\n|-damage|p1a: Deoxys|13\/100 tox|[from] psn\n|-sideend|p2: JustMonika_CARR|move: Light Screen\n|upkeep\n|\n|t:|1700667494\n|switch|p2a: Arceus|Arceus|100\/100\n|-activate|p2a: Arceus|move: Sticky Web\n|-unboost|p2a: Arceus|spe|1\n|turn|24\n|\n|t:|1700667499\n|move|p1a: Deoxys|Psycho Boost|p2a: Arceus\n|-damage|p2a: Arceus|44\/100\n|-unboost|p1a: Deoxys|spa|2\n|move|p2a: Arceus|Cosmic Power|p2a: Arceus\n|-boost|p2a: Arceus|def|1\n|-boost|p2a: Arceus|spd|1\n|\n|-damage|p1a: Deoxys|0 fnt|[from] psn\n|faint|p1a: Deoxys\n|upkeep\n|\n|t:|1700667504\n|switch|p1a: Honchkrow|Honchkrow, F|31\/100\n|-damage|p1a: Honchkrow|6\/100|[from] Stealth Rock\n|turn|25\n|\n|t:|1700667513\n|move|p2a: Arceus|Charge Beam|p1a: Honchkrow\n|-supereffective|p1a: Honchkrow\n|-damage|p1a: Honchkrow|0 fnt\n|faint|p1a: Honchkrow\n|\n|win|JustMonika_CARR\n|raw|hohink's rating: 1283 &rarr; <strong>1260<\/strong><br \/>(-23 for losing)\n|raw|JustMonika_CARR's rating: 1307 &rarr; <strong>1326<\/strong><br \/>(+19 for winning)\n|c|\u2606JustMonika_CARR|gg\n|l|\u2606hohink\n","uploadtime":1700667528,"views":0,"p1id":"hohink","p2id":"justmonikacarr","formatid":"gen9nationaldexubers","rating":1260,"private":0,"password":""}