{"id":"gen9nationaldexubers-1995148816","p1":"TroolyGhoulie","p2":"FlaringVoltage77","format":"[Gen 9] National Dex Ubers","log":"|j|\u2606TroolyGhoulie\n|j|\u2606FlaringVoltage77\n|t:|1700528019\n|gametype|singles\n|player|p1|TroolyGhoulie|mina|\n|player|p2|FlaringVoltage77|hilbert-wonderlauncher|\n|teamsize|p1|6\n|teamsize|p2|6\n|gen|9\n|tier|[Gen 9] National Dex Ubers\n|rule|HP Percentage Mod: HP is shown in percentages\n|rule|Endless Battle Clause: Forcing endless battles is banned\n|rule|OHKO Clause: OHKO moves are banned\n|rule|Evasion Moves Clause: Evasion moves are banned\n|rule|Evasion Items Clause: Evasion items are banned\n|rule|Species Clause: Limit one of each Pok\u00e9mon\n|rule|Sleep Clause Mod: Limit one foe put to sleep\n|rule|Mega Rayquaza Clause: You cannot mega evolve Rayquaza\n|clearpoke\n|poke|p1|Ho-Oh|\n|poke|p1|Iron Bundle|\n|poke|p1|Tornadus-Therian, M|\n|poke|p1|Corviknight, M|\n|poke|p1|Zapdos|\n|poke|p1|Yveltal|\n|poke|p2|Lucario, M|\n|poke|p2|Lycanroc-Dusk, M|\n|poke|p2|Shaymin-Sky|\n|poke|p2|Zamazenta-*|\n|poke|p2|Arcanine, M|\n|poke|p2|Zacian-*|\n|teampreview\n|c|\u2606TroolyGhoulie|gl hf\n|\n|t:|1700528028\n|start\n|switch|p1a: Zapdos|Zapdos|100\/100\n|switch|p2a: its heckin windy|Arcanine, M|100\/100\n|-ability|p1a: Zapdos|Pressure\n|-ability|p2a: its heckin windy|Intimidate|boost\n|-unboost|p1a: Zapdos|atk|1\n|turn|1\n|c|\u2606FlaringVoltage77|ditto\n|\n|t:|1700528047\n|move|p1a: Zapdos|Thunderbolt|p2a: its heckin windy\n|-damage|p2a: its heckin windy|6\/100\n|move|p2a: its heckin windy|Flare Blitz|p1a: Zapdos\n|-damage|p1a: Zapdos|5\/100\n|-damage|p2a: its heckin windy|0 fnt|[from] Recoil\n|faint|p2a: its heckin windy\n|\n|upkeep\n|\n|t:|1700528055\n|switch|p2a: Fenris|Lycanroc-Dusk, M|100\/100\n|turn|2\n|\n|t:|1700528060\n|switch|p1a: Corviknight|Corviknight, M|100\/100\n|-ability|p1a: Corviknight|Pressure\n|move|p2a: Fenris|Accelerock|p1a: Corviknight\n|-damage|p1a: Corviknight|81\/100\n|-damage|p2a: Fenris|91\/100|[from] item: Life Orb\n|\n|-heal|p1a: Corviknight|87\/100|[from] item: Leftovers\n|upkeep\n|turn|3\n|\n|t:|1700528075\n|move|p2a: Fenris|Close Combat|p1a: Corviknight\n|-damage|p1a: Corviknight|45\/100\n|-unboost|p2a: Fenris|def|1\n|-unboost|p2a: Fenris|spd|1\n|-damage|p2a: Fenris|81\/100|[from] item: Life Orb\n|move|p1a: Corviknight|U-turn|p2a: Fenris\n|-damage|p2a: Fenris|43\/100\n|\n|t:|1700528086\n|switch|p1a: Yveltal|Yveltal|100\/100|[from] U-turn\n|-ability|p1a: Yveltal|Dark Aura\n|\n|upkeep\n|turn|4\n|\n|t:|1700528091\n|-terastallize|p1a: Yveltal|Dark\n|move|p2a: Fenris|Accelerock|p1a: Yveltal\n|-damage|p1a: Yveltal|66\/100\n|-damage|p2a: Fenris|33\/100|[from] item: Life Orb\n|move|p1a: Yveltal|Knock Off|p2a: Fenris\n|-damage|p2a: Fenris|0 fnt\n|-enditem|p2a: Fenris|Life Orb|[from] move: Knock Off|[of] p1a: Yveltal\n|faint|p2a: Fenris\n|-damage|p1a: Yveltal|56\/100|[from] item: Life Orb\n|\n|upkeep\n|\n|t:|1700528107\n|switch|p2a: DEER DOG|Shaymin-Sky|100\/100\n|turn|5\n|\n|t:|1700528118\n|move|p2a: DEER DOG|Air Slash|p1a: Yveltal\n|-damage|p1a: Yveltal|21\/100\n|move|p1a: Yveltal|Oblivion Wing|p2a: DEER DOG\n|-supereffective|p2a: DEER DOG\n|-enditem|p2a: DEER DOG|Focus Sash\n|-damage|p2a: DEER DOG|1\/100\n|-heal|p1a: Yveltal|85\/100|[from] drain|[of] p2a: DEER DOG\n|-damage|p1a: Yveltal|76\/100|[from] item: Life Orb\n|\n|upkeep\n|turn|6\n|\n|t:|1700528127\n|move|p1a: Yveltal|Sucker Punch|p2a: DEER DOG\n|-damage|p2a: DEER DOG|0 fnt\n|faint|p2a: DEER DOG\n|-damage|p1a: Yveltal|66\/100|[from] item: Life Orb\n|\n|upkeep\n|\n|t:|1700528137\n|switch|p2a: smash door|Zamazenta-Crowned|100\/100\n|-ability|p2a: smash door|Dauntless Shield|boost\n|-boost|p2a: smash door|def|1\n|turn|7\n|\n|t:|1700528142\n|move|p2a: smash door|Body Press|p1a: Yveltal\n|-supereffective|p1a: Yveltal\n|-crit|p1a: Yveltal\n|-damage|p1a: Yveltal|0 fnt\n|faint|p1a: Yveltal\n|\n|upkeep\n|\n|t:|1700528148\n|switch|p1a: Tornadus|Tornadus-Therian, M|100\/100\n|turn|8\n|\n|t:|1700528152\n|move|p2a: smash door|Wild Charge|p1a: Tornadus\n|-supereffective|p1a: Tornadus\n|-damage|p1a: Tornadus|12\/100\n|-damage|p2a: smash door|80\/100|[from] Recoil\n|move|p1a: Tornadus|Heat Wave|p2a: smash door\n|-supereffective|p2a: smash door\n|-damage|p2a: smash door|32\/100\n|\n|upkeep\n|turn|9\n|\n|t:|1700528159\n|move|p2a: smash door|Wild Charge|p1a: Tornadus\n|-supereffective|p1a: Tornadus\n|-damage|p1a: Tornadus|0 fnt\n|faint|p1a: Tornadus\n|-damage|p2a: smash door|29\/100|[from] Recoil\n|\n|upkeep\n|\n|t:|1700528165\n|switch|p1a: Iron Bundle|Iron Bundle|100\/100\n|turn|10\n|\n|t:|1700528172\n|move|p1a: Iron Bundle|Hydro Pump|p2a: smash door\n|-damage|p2a: smash door|0 fnt\n|faint|p2a: smash door\n|\n|upkeep\n|\n|t:|1700528176\n|switch|p2a: boss music|Zacian-Crowned|100\/100\n|-ability|p2a: boss music|Intrepid Sword|boost\n|-boost|p2a: boss music|atk|1\n|turn|11\n|\n|t:|1700528186\n|-end|p1a: Iron Bundle|Quark Drive|[silent]\n|switch|p1a: Corviknight|Corviknight, M|45\/100\n|-ability|p1a: Corviknight|Pressure\n|move|p2a: boss music|Sacred Sword|p1a: Corviknight\n|-damage|p1a: Corviknight|15\/100\n|\n|-heal|p1a: Corviknight|21\/100|[from] item: Leftovers\n|upkeep\n|turn|12\n|\n|t:|1700528194\n|move|p2a: boss music|Sacred Sword|p1a: Corviknight\n|-damage|p1a: Corviknight|0 fnt\n|faint|p1a: Corviknight\n|\n|upkeep\n|\n|t:|1700528197\n|switch|p1a: Ho-Oh|Ho-Oh|100\/100\n|turn|13\n|\n|t:|1700528205\n|-terastallize|p2a: boss music|Fairy\n|move|p2a: boss music|Behemoth Blade|p1a: Ho-Oh\n|-resisted|p1a: Ho-Oh\n|-damage|p1a: Ho-Oh|62\/100\n|move|p1a: Ho-Oh|Sacred Fire|p2a: boss music\n|-damage|p2a: boss music|63\/100\n|\n|upkeep\n|turn|14\n|\n|t:|1700528216\n|move|p2a: boss music|Psychic Fangs|p1a: Ho-Oh\n|-damage|p1a: Ho-Oh|14\/100\n|move|p1a: Ho-Oh|Roost|p1a: Ho-Oh\n|-heal|p1a: Ho-Oh|64\/100\n|-singleturn|p1a: Ho-Oh|move: Roost\n|\n|upkeep\n|turn|15\n|\n|t:|1700528225\n|switch|p1a: Zapdos|Zapdos|5\/100\n|-ability|p1a: Zapdos|Pressure\n|move|p2a: boss music|Psychic Fangs|p1a: Zapdos\n|-damage|p1a: Zapdos|0 fnt\n|faint|p1a: Zapdos\n|\n|upkeep\n|\n|t:|1700528227\n|switch|p1a: Ho-Oh|Ho-Oh|97\/100\n|turn|16\n|\n|t:|1700528241\n|move|p2a: boss music|Psychic Fangs|p1a: Ho-Oh\n|-crit|p1a: Ho-Oh\n|-damage|p1a: Ho-Oh|30\/100\n|move|p1a: Ho-Oh|Sacred Fire|p2a: boss music\n|-damage|p2a: boss music|21\/100\n|-status|p2a: boss music|brn\n|\n|-damage|p2a: boss music|15\/100 brn|[from] brn\n|upkeep\n|turn|17\n|c|\u2606TroolyGhoulie|of course the crit lol\n|\n|t:|1700528258\n|move|p2a: boss music|Psychic Fangs|p1a: Ho-Oh\n|-damage|p1a: Ho-Oh|8\/100\n|move|p1a: Ho-Oh|Roost|p1a: Ho-Oh\n|-heal|p1a: Ho-Oh|58\/100\n|-singleturn|p1a: Ho-Oh|move: Roost\n|\n|-damage|p2a: boss music|9\/100 brn|[from] brn\n|upkeep\n|turn|18\n|c|\u2606FlaringVoltage77|yeah\n|\n|t:|1700528275\n|move|p2a: boss music|Psychic Fangs|p1a: Ho-Oh\n|-damage|p1a: Ho-Oh|34\/100\n|move|p1a: Ho-Oh|Roost|p1a: Ho-Oh\n|-heal|p1a: Ho-Oh|84\/100\n|-singleturn|p1a: Ho-Oh|move: Roost\n|\n|-damage|p2a: boss music|3\/100 brn|[from] brn\n|upkeep\n|turn|19\n|\n|t:|1700528282\n|move|p2a: boss music|Psychic Fangs|p1a: Ho-Oh\n|-damage|p1a: Ho-Oh|60\/100\n|move|p1a: Ho-Oh|Roost|p1a: Ho-Oh\n|-heal|p1a: Ho-Oh|100\/100\n|-singleturn|p1a: Ho-Oh|move: Roost\n|\n|-damage|p2a: boss music|0 fnt|[from] brn\n|faint|p2a: boss music\n|upkeep\n|\n|t:|1700528290\n|switch|p2a: Anubis|Lucario, M|100\/100\n|turn|20\n|\n|t:|1700528299\n|detailschange|p2a: Anubis|Lucario-Mega, M\n|-mega|p2a: Anubis|Lucario|Lucarionite\n|move|p2a: Anubis|Extreme Speed|p1a: Ho-Oh\n|-damage|p1a: Ho-Oh|71\/100\n|move|p1a: Ho-Oh|Sacred Fire|p2a: Anubis\n|-supereffective|p2a: Anubis\n|-damage|p2a: Anubis|0 fnt\n|faint|p2a: Anubis\n|\n|win|TroolyGhoulie\n|c|\u2606TroolyGhoulie|gg wp\n|c|\u2606FlaringVoltage77|gg\n","uploadtime":1700528310,"views":8,"p1id":"troolyghoulie","p2id":"flaringvoltage77","formatid":"gen9nationaldexubers","rating":0,"private":0,"password":""}