{"id":"gen9nationaldexubers-1990596960","p1":"85792195wwww","p2":"FunnyValentine2","format":"[Gen 9] National Dex Ubers","log":"|j|\u260685792195wwww\n|j|\u2606FunnyValentine2\n|t:|1699984445\n|gametype|singles\n|player|p1|85792195wwww|mira|1696\n|player|p2|FunnyValentine2|skier|1742\n|teamsize|p1|6\n|teamsize|p2|6\n|gen|9\n|tier|[Gen 9] National Dex Ubers\n|rated|\n|rule|HP Percentage Mod: HP is shown in percentages\n|rule|Endless Battle Clause: Forcing endless battles is banned\n|rule|OHKO Clause: OHKO moves are banned\n|rule|Evasion Moves Clause: Evasion moves are banned\n|rule|Evasion Items Clause: Evasion items are banned\n|rule|Species Clause: Limit one of each Pok\u00e9mon\n|rule|Sleep Clause Mod: Limit one foe put to sleep\n|rule|Mega Rayquaza Clause: You cannot mega evolve Rayquaza\n|clearpoke\n|poke|p1|Arceus-Ground|\n|poke|p1|Deoxys-Speed|\n|poke|p1|Landorus, M|\n|poke|p1|Zacian-*|\n|poke|p1|Groudon|\n|poke|p1|Kyurem-Black|\n|poke|p2|Marshadow|\n|poke|p2|Ho-Oh|\n|poke|p2|Xerneas-*|\n|poke|p2|Groudon|\n|poke|p2|Kyogre|\n|poke|p2|Lunala|\n|teampreview\n|inactive|Battle timer is ON: inactive players will automatically lose when time's up. (requested by FunnyValentine2)\n|inactive|FunnyValentine2 has 120 seconds left.\n|\n|t:|1699984479\n|start\n|switch|p1a: Deoxys|Deoxys-Speed|100\/100\n|switch|p2a: Xerneas|Xerneas|100\/100\n|-ability|p1a: Deoxys|Pressure\n|-ability|p2a: Xerneas|Fairy Aura\n|turn|1\n|\n|t:|1699984488\n|move|p1a: Deoxys|Taunt|p2a: Xerneas\n|-start|p2a: Xerneas|move: Taunt\n|move|p2a: Xerneas|Moonblast|p1a: Deoxys\n|-enditem|p1a: Deoxys|Focus Sash\n|-damage|p1a: Deoxys|1\/100\n|\n|upkeep\n|turn|2\n|\n|t:|1699984498\n|move|p1a: Deoxys|Spikes|p2a: Xerneas\n|-sidestart|p2: FunnyValentine2|Spikes\n|move|p2a: Xerneas|Moonblast|p1a: Deoxys\n|-damage|p1a: Deoxys|0 fnt\n|faint|p1a: Deoxys\n|\n|upkeep\n|\n|t:|1699984507\n|switch|p1a: Zacian|Zacian-Crowned|100\/100\n|-ability|p1a: Zacian|Intrepid Sword|boost\n|-boost|p1a: Zacian|atk|1\n|turn|3\n|\n|t:|1699984517\n|switch|p2a: Ho-Oh|Ho-Oh|100\/100\n|move|p1a: Zacian|Swords Dance|p1a: Zacian\n|-boost|p1a: Zacian|atk|2\n|\n|upkeep\n|turn|4\n|\n|t:|1699984529\n|-terastallize|p2a: Ho-Oh|Grass\n|move|p1a: Zacian|Wild Charge|p2a: Ho-Oh\n|-resisted|p2a: Ho-Oh\n|-damage|p2a: Ho-Oh|73\/100\n|-damage|p1a: Zacian|92\/100|[from] Recoil\n|move|p2a: Ho-Oh|Whirlwind|p1a: Zacian\n|drag|p1a: Arceus|Arceus-Ground|100\/100\n|\n|upkeep\n|turn|5\n|\n|t:|1699984540\n|move|p1a: Arceus|Taunt|p2a: Ho-Oh\n|-start|p2a: Ho-Oh|move: Taunt\n|move|p2a: Ho-Oh|Sacred Fire|p1a: Arceus\n|-damage|p1a: Arceus|70\/100\n|\n|upkeep\n|turn|6\n|\n|t:|1699984552\n|switch|p1a: Groudon|Groudon|100\/100\n|detailschange|p1a: Groudon|Groudon-Primal\n|-primal|p1a: Groudon|Red Orb\n|-weather|DesolateLand|[from] ability: Desolate Land|[of] p1a: Groudon\n|move|p2a: Ho-Oh|Sacred Fire|p1a: Groudon\n|-resisted|p1a: Groudon\n|-damage|p1a: Groudon|82\/100\n|\n|-weather|DesolateLand|[upkeep]\n|upkeep\n|turn|7\n|\n|t:|1699984565\n|switch|p2a: Kyogre|Kyogre|100\/100\n|-damage|p2a: Kyogre|88\/100|[from] Spikes\n|detailschange|p2a: Kyogre|Kyogre-Primal\n|-primal|p2a: Kyogre|Blue Orb\n|-weather|PrimordialSea|[from] ability: Primordial Sea|[of] p2a: Kyogre\n|move|p1a: Groudon|Precipice Blades|p2a: Kyogre\n|-damage|p2a: Kyogre|0 fnt\n|faint|p2a: Kyogre\n|-weather|none\n|\n|upkeep\n|\n|t:|1699984586\n|switch|p2a: Ho-Oh|Ho-Oh, tera:Grass|100\/100\n|turn|8\n|\n|t:|1699984592\n|move|p1a: Groudon|Heat Crash|p2a: Ho-Oh\n|-supereffective|p2a: Ho-Oh\n|-damage|p2a: Ho-Oh|0 fnt\n|faint|p2a: Ho-Oh\n|\n|upkeep\n|\n|t:|1699984612\n|switch|p2a: Lunala|Lunala|100\/100\n|-damage|p2a: Lunala|88\/100|[from] Spikes\n|turn|9\n|\n|t:|1699984619\n|move|p2a: Lunala|Agility|p2a: Lunala\n|-boost|p2a: Lunala|spe|2\n|move|p1a: Groudon|Rock Polish|p1a: Groudon\n|-boost|p1a: Groudon|spe|2\n|\n|upkeep\n|turn|10\n|\n|t:|1699984628\n|move|p2a: Lunala|Meteor Beam||[still]\n|-prepare|p2a: Lunala|Meteor Beam\n|-boost|p2a: Lunala|spa|1\n|-enditem|p2a: Lunala|Power Herb\n|-anim|p2a: Lunala|Meteor Beam|p1a: Groudon\n|-damage|p1a: Groudon|15\/100\n|move|p1a: Groudon|Precipice Blades|p2a: Lunala\n|-damage|p2a: Lunala|15\/100\n|\n|upkeep\n|turn|11\n|\n|t:|1699984638\n|move|p2a: Lunala|Moongeist Beam|p1a: Groudon\n|-damage|p1a: Groudon|0 fnt\n|faint|p1a: Groudon\n|\n|upkeep\n|\n|t:|1699984650\n|switch|p1a: Arceus|Arceus-Ground|70\/100\n|turn|12\n|\n|t:|1699984654\n|move|p2a: Lunala|Moongeist Beam|p1a: Arceus\n|-damage|p1a: Arceus|0 fnt\n|faint|p1a: Arceus\n|\n|upkeep\n|\n|t:|1699984662\n|switch|p1a: Kyurem|Kyurem-Black|100\/100\n|-ability|p1a: Kyurem|Teravolt\n|turn|13\n|\n|t:|1699984668\n|move|p2a: Lunala|Moongeist Beam|p1a: Kyurem\n|-damage|p1a: Kyurem|24\/100\n|move|p1a: Kyurem|Icicle Spear|p2a: Lunala\n|-damage|p2a: Lunala|0 fnt\n|faint|p2a: Lunala\n|-hitcount|p2: Lunala|1\n|\n|upkeep\n|\n|t:|1699984688\n|switch|p2a: Groudon|Groudon|100\/100\n|-damage|p2a: Groudon|88\/100|[from] Spikes\n|detailschange|p2a: Groudon|Groudon-Primal\n|-primal|p2a: Groudon|Red Orb\n|-weather|DesolateLand|[from] ability: Desolate Land|[of] p2a: Groudon\n|turn|14\n|\n|t:|1699984695\n|move|p1a: Kyurem|Icicle Spear|p2a: Groudon\n|-damage|p2a: Groudon|77\/100\n|-damage|p2a: Groudon|68\/100\n|-damage|p2a: Groudon|58\/100\n|-damage|p2a: Groudon|48\/100\n|-damage|p2a: Groudon|38\/100\n|-hitcount|p2a: Groudon|5\n|move|p2a: Groudon|Heat Crash|p1a: Kyurem\n|-damage|p1a: Kyurem|0 fnt\n|faint|p1a: Kyurem\n|\n|-weather|DesolateLand|[upkeep]\n|upkeep\n|inactive|85792195wwww has 120 seconds left.\n|\n|t:|1699984726\n|switch|p1a: Zacian|Zacian-Crowned|92\/100\n|turn|15\n|\n|t:|1699984735\n|-terastallize|p1a: Zacian|Fighting\n|move|p1a: Zacian|Close Combat|p2a: Groudon\n|-damage|p2a: Groudon|0 fnt\n|-unboost|p1a: Zacian|def|1\n|-unboost|p1a: Zacian|spd|1\n|faint|p2a: Groudon\n|-weather|none\n|\n|upkeep\n|inactive|FunnyValentine2 has 120 seconds left.\n|\n|t:|1699984766\n|switch|p2a: Marshadow|Marshadow|100\/100\n|-damage|p2a: Marshadow|88\/100|[from] Spikes\n|turn|16\n|\n|t:|1699984774\n|move|p1a: Zacian|Behemoth Blade|p2a: Marshadow\n|-damage|p2a: Marshadow|18\/100\n|move|p2a: Marshadow|Spectral Thief|p1a: Zacian\n|-damage|p1a: Zacian|2\/100\n|\n|upkeep\n|turn|17\n|\n|t:|1699984787\n|move|p1a: Zacian|Behemoth Blade|p2a: Marshadow\n|-damage|p2a: Marshadow|0 fnt\n|faint|p2a: Marshadow\n|\n|upkeep\n|\n|t:|1699984789\n|switch|p2a: Xerneas|Xerneas|100\/100\n|-damage|p2a: Xerneas|88\/100|[from] Spikes\n|-ability|p2a: Xerneas|Fairy Aura\n|turn|18\n|\n|t:|1699984797\n|move|p1a: Zacian|Behemoth Blade|p2a: Xerneas\n|-supereffective|p2a: Xerneas\n|-damage|p2a: Xerneas|1\/100\n|move|p2a: Xerneas|Geomancy||[still]\n|-prepare|p2a: Xerneas|Geomancy\n|-enditem|p2a: Xerneas|Power Herb\n|-anim|p2a: Xerneas|Geomancy|p2a: Xerneas\n|-boost|p2a: Xerneas|spa|2\n|-boost|p2a: Xerneas|spd|2\n|-boost|p2a: Xerneas|spe|2\n|\n|upkeep\n|turn|19\n|j| Irfanayan\n|-message|85792195wwww forfeited.\n|\n|win|FunnyValentine2\n|raw|85792195wwww's rating: 1696 &rarr; <strong>1679<\/strong><br \/>(-17 for losing)\n|raw|FunnyValentine2's rating: 1742 &rarr; <strong>1759<\/strong><br \/>(+17 for winning)\n|l|\u260685792195wwww\n","uploadtime":1699984809,"views":6,"p1id":"85792195wwww","p2id":"funnyvalentine2","formatid":"gen9nationaldexubers","rating":1679,"private":0,"password":""}