{"id":"gen9nationaldexubers-1989734129","p1":"PhobosYeah","p2":"Michaussette","format":"[Gen 9] National Dex Ubers","log":"|j|\u2606PhobosYeah\n|j|\u2606Michaussette\n|t:|1699891162\n|gametype|singles\n|player|p1|PhobosYeah|roughneck|1373\n|player|p2|Michaussette|sonia|1281\n|teamsize|p1|6\n|teamsize|p2|6\n|gen|9\n|tier|[Gen 9] National Dex Ubers\n|rated|\n|rule|HP Percentage Mod: HP is shown in percentages\n|rule|Endless Battle Clause: Forcing endless battles is banned\n|rule|OHKO Clause: OHKO moves are banned\n|rule|Evasion Moves Clause: Evasion moves are banned\n|rule|Evasion Items Clause: Evasion items are banned\n|rule|Species Clause: Limit one of each Pok\u00e9mon\n|rule|Sleep Clause Mod: Limit one foe put to sleep\n|rule|Mega Rayquaza Clause: You cannot mega evolve Rayquaza\n|clearpoke\n|poke|p1|Ditto|\n|poke|p1|Smeargle, F|\n|poke|p1|Kangaskhan, F|\n|poke|p1|Zoroark-Hisui, F|\n|poke|p1|Ursaluna-Bloodmoon, M|\n|poke|p1|Arceus|\n|poke|p2|Cinderace, F|\n|poke|p2|Dragapult, M|\n|poke|p2|Ursaluna-Bloodmoon, M|\n|poke|p2|Iron Moth|\n|poke|p2|Tapu Koko|\n|poke|p2|Slowking, M|\n|teampreview\n|inactive|Battle timer is ON: inactive players will automatically lose when time's up. (requested by Michaussette)\n|c|\u2606PhobosYeah|GLHF\n|\n|t:|1699891188\n|start\n|switch|p1a: Smeargle|Smeargle, F|100\/100\n|switch|p2a: Tapu Koko|Tapu Koko, shiny|100\/100\n|-fieldstart|move: Electric Terrain|[from] ability: Electric Surge|[of] p2a: Tapu Koko\n|turn|1\n|\n|t:|1699891194\n|move|p2a: Tapu Koko|Thunderbolt|p1a: Smeargle\n|-enditem|p1a: Smeargle|Focus Sash\n|-damage|p1a: Smeargle|1\/100\n|move|p1a: Smeargle|Spore|p2a: Tapu Koko\n|-activate|p2a: Tapu Koko|move: Electric Terrain\n|\n|-ability|p1a: Smeargle|Moody|boost\n|-boost|p1a: Smeargle|spa|2\n|-unboost|p1a: Smeargle|atk|1\n|upkeep\n|turn|2\n|c|\u2606Michaussette|Gl hf\n|\n|t:|1699891221\n|switch|p1a: Ditto|Ditto, shiny|100\/100\n|-transform|p1a: Ditto|p2a: Tapu Koko|[from] ability: Imposter\n|move|p2a: Tapu Koko|Thunderbolt|p1a: Ditto\n|-resisted|p1a: Ditto\n|-damage|p1a: Ditto|47\/100\n|\n|upkeep\n|turn|3\n|\n|t:|1699891236\n|move|p1a: Ditto|Volt Switch|p2a: Tapu Koko\n|-resisted|p2a: Tapu Koko\n|-damage|p2a: Tapu Koko|70\/100\n|\n|t:|1699891241\n|switch|p1a: Ursaluna|Ursaluna-Bloodmoon, M|100\/100|[from] Volt Switch\n|move|p2a: Tapu Koko|Thunderbolt|p1a: Ursaluna\n|-immune|p1a: Ursaluna\n|\n|upkeep\n|turn|4\n|\n|t:|1699891250\n|switch|p2a: Slowking|Slowking, M, shiny|100\/100\n|move|p1a: Ursaluna|Earth Power|p2a: Slowking\n|-damage|p2a: Slowking|68\/100\n|\n|-heal|p2a: Slowking|74\/100|[from] item: Leftovers\n|upkeep\n|turn|5\n|\n|t:|1699891261\n|-terastallize|p1a: Ursaluna|Normal\n|move|p1a: Ursaluna|Blood Moon|p2a: Slowking\n|-crit|p2a: Slowking\n|-damage|p2a: Slowking|0 fnt\n|faint|p2a: Slowking\n|\n|-fieldend|move: Electric Terrain\n|upkeep\n|\n|t:|1699891272\n|switch|p2a: Ursaluna|Ursaluna-Bloodmoon, M|100\/100\n|turn|6\n|\n|t:|1699891281\n|move|p1a: Ursaluna|Earth Power|p2a: Ursaluna\n|-damage|p2a: Ursaluna|43\/100\n|move|p2a: Ursaluna|Blood Moon|p1a: Ursaluna\n|-damage|p1a: Ursaluna|0 fnt\n|faint|p1a: Ursaluna\n|\n|-heal|p2a: Ursaluna|49\/100|[from] item: Leftovers\n|upkeep\n|\n|t:|1699891293\n|switch|p1a: Arceus|Arceus|100\/100\n|turn|7\n|\n|t:|1699891315\n|switch|p2a: Dragapult|Dragapult, M|100\/100\n|move|p1a: Arceus|Grass Knot|p2a: Dragapult\n|-resisted|p2a: Dragapult\n|-damage|p2a: Dragapult|71\/100\n|\n|-heal|p2a: Dragapult|77\/100|[from] item: Leftovers\n|upkeep\n|turn|8\n|\n|t:|1699891333\n|switch|p1a: Ditto|Ditto, shiny|47\/100\n|-transform|p1a: Ditto|p2a: Dragapult|[from] ability: Imposter\n|move|p2a: Dragapult|Substitute|p2a: Dragapult\n|-start|p2a: Dragapult|Substitute\n|-damage|p2a: Dragapult|53\/100\n|\n|-heal|p2a: Dragapult|59\/100|[from] item: Leftovers\n|upkeep\n|turn|9\n|\n|t:|1699891350\n|move|p1a: Ditto|Dragon Darts|p2a: Dragapult\n|-supereffective|p2a: Dragapult\n|-damage|p2a: Dragapult|0 fnt\n|faint|p2a: Dragapult\n|\n|upkeep\n|\n|t:|1699891353\n|switch|p2a: Tapu Koko|Tapu Koko, shiny|70\/100\n|-fieldstart|move: Electric Terrain|[from] ability: Electric Surge|[of] p2a: Tapu Koko\n|turn|10\n|\n|t:|1699891359\n|move|p1a: Ditto|Dragon Darts|p2a: Tapu Koko\n|-immune|p2a: Tapu Koko\n|move|p2a: Tapu Koko|Dazzling Gleam|p1a: Ditto\n|-supereffective|p1a: Ditto\n|-damage|p1a: Ditto|0 fnt\n|faint|p1a: Ditto\n|\n|upkeep\n|\n|t:|1699891369\n|switch|p1a: Arceus|Arceus|100\/100\n|turn|11\n|\n|t:|1699891378\n|move|p2a: Tapu Koko|Dazzling Gleam|p1a: Arceus\n|-damage|p1a: Arceus|59\/100\n|move|p1a: Arceus|Earthquake|p2a: Tapu Koko\n|-supereffective|p2a: Tapu Koko\n|-crit|p2a: Tapu Koko\n|-damage|p2a: Tapu Koko|0 fnt\n|faint|p2a: Tapu Koko\n|\n|upkeep\n|\n|t:|1699891401\n|switch|p2a: Iron Moth|Iron Moth, shiny|100\/100\n|-activate|p2a: Iron Moth|ability: Quark Drive\n|-start|p2a: Iron Moth|quarkdrivespe\n|turn|12\n|\n|t:|1699891409\n|move|p2a: Iron Moth|Fiery Dance|p1a: Arceus\n|-damage|p1a: Arceus|31\/100\n|-boost|p2a: Iron Moth|spa|1\n|move|p1a: Arceus|Earthquake|p2a: Iron Moth\n|-supereffective|p2a: Iron Moth\n|-crit|p2a: Iron Moth\n|-damage|p2a: Iron Moth|0 fnt\n|faint|p2a: Iron Moth\n|-end|p2a: Iron Moth|Quark Drive|[silent]\n|\n|upkeep\n|\n|t:|1699891412\n|switch|p2a: Cinderace|Cinderace, F, shiny|100\/100\n|turn|13\n|\n|t:|1699891422\n|move|p1a: Arceus|Extreme Speed|p2a: Cinderace\n|-damage|p2a: Cinderace|26\/100\n|move|p2a: Cinderace|Pyro Ball|p1a: Arceus\n|-damage|p1a: Arceus|0 fnt\n|faint|p1a: Arceus\n|\n|upkeep\n|\n|t:|1699891432\n|switch|p1a: Kangaskhan|Kangaskhan, F, shiny|100\/100\n|turn|14\n|\n|t:|1699891439\n|detailschange|p1a: Kangaskhan|Kangaskhan-Mega, F, shiny\n|-mega|p1a: Kangaskhan|Kangaskhan|Kangaskhanite\n|move|p1a: Kangaskhan|Fake Out|p2a: Cinderace\n|-damage|p2a: Cinderace|0 fnt\n|faint|p2a: Cinderace\n|-hitcount|p2: Cinderace|1\n|\n|-fieldend|move: Electric Terrain\n|upkeep\n|\n|t:|1699891440\n|switch|p2a: Ursaluna|Ursaluna-Bloodmoon, M|49\/100\n|turn|15\n|-message|Michaussette forfeited.\n|\n|win|PhobosYeah\n|raw|PhobosYeah's rating: 1373 &rarr; <strong>1388<\/strong><br \/>(+15 for winning)\n|raw|Michaussette's rating: 1281 &rarr; <strong>1262<\/strong><br \/>(-19 for losing)\n|l|\u2606Michaussette\n|c|\u2606PhobosYeah|GG\n","uploadtime":1699891457,"views":16,"p1id":"phobosyeah","p2id":"michaussette","formatid":"gen9nationaldexubers","rating":1262,"private":0,"password":""}