{"id":"gen9nationaldexubers-1987306246","p1":"wexleratlaw","p2":"Thode","format":"[Gen 9] National Dex Ubers","log":"|j|\u2606wexleratlaw\n|j|\u2606Thode\n|t:|1699575546\n|gametype|singles\n|player|p1|wexleratlaw|rika|\n|player|p2|Thode|102|\n|teamsize|p1|6\n|teamsize|p2|6\n|gen|9\n|tier|[Gen 9] National Dex Ubers\n|rule|HP Percentage Mod: HP is shown in percentages\n|rule|Endless Battle Clause: Forcing endless battles is banned\n|rule|OHKO Clause: OHKO moves are banned\n|rule|Evasion Moves Clause: Evasion moves are banned\n|rule|Evasion Items Clause: Evasion items are banned\n|rule|Species Clause: Limit one of each Pok\u00e9mon\n|rule|Sleep Clause Mod: Limit one foe put to sleep\n|rule|Mega Rayquaza Clause: You cannot mega evolve Rayquaza\n|clearpoke\n|poke|p1|Pincurchin, M|\n|poke|p1|Darmanitan-Galar, M|\n|poke|p1|Oricorio-Pom-Pom, M|\n|poke|p1|Hatterene, F|\n|poke|p1|Alomomola, F|\n|poke|p1|Steelix, F|\n|poke|p2|Primeape, M|\n|poke|p2|Latias, F|\n|poke|p2|Tyranitar, M|\n|poke|p2|Tapu Bulu|\n|poke|p2|Iron Jugulis|\n|poke|p2|Lycanroc, F|\n|teampreview\n|c|\u2606wexleratlaw|gl hf\n|c|\u2606Thode|are we playing two games?\n|c|\u2606wexleratlaw|gorrila tactics is banned...\n|c|\u2606Thode|ooh yea\n|c|\u2606Thode|well ok\n|\n|t:|1699575612\n|start\n|switch|p1a: Pincurchin|Pincurchin, M|100\/100\n|switch|p2a: Tyranitar|Tyranitar, M|100\/100\n|-weather|Sandstorm|[from] ability: Sand Stream|[of] p2a: Tyranitar\n|-fieldstart|move: Electric Terrain|[from] ability: Electric Surge|[of] p1a: Pincurchin\n|turn|1\n|\n|t:|1699575627\n|switch|p1a: Oricorio|Oricorio-Pom-Pom, M|100\/100\n|move|p2a: Tyranitar|Earthquake|p1a: Oricorio\n|-immune|p1a: Oricorio\n|\n|-weather|Sandstorm|[upkeep]\n|-damage|p1a: Oricorio|94\/100|[from] Sandstorm\n|upkeep\n|turn|2\n|j| sry 4 luck\n|\n|t:|1699575672\n|switch|p1a: Alomomola|Alomomola, F|100\/100\n|move|p2a: Tyranitar|Stealth Rock|p1a: Alomomola\n|-sidestart|p1: wexleratlaw|move: Stealth Rock\n|\n|-weather|Sandstorm|[upkeep]\n|-damage|p1a: Alomomola|94\/100|[from] Sandstorm\n|upkeep\n|turn|3\n|\n|t:|1699575684\n|switch|p2a: Latias|Latias, F|100\/100\n|move|p1a: Alomomola|Scald|p2a: Latias\n|-resisted|p2a: Latias\n|-damage|p2a: Latias|95\/100\n|\n|-weather|Sandstorm|[upkeep]\n|-damage|p2a: Latias|89\/100|[from] Sandstorm\n|-damage|p1a: Alomomola|88\/100|[from] Sandstorm\n|upkeep\n|turn|4\n|\n|t:|1699575693\n|detailschange|p2a: Latias|Latias-Mega, F\n|-mega|p2a: Latias|Latias|Latiasite\n|move|p2a: Latias|Mystical Fire|p1a: Alomomola\n|-resisted|p1a: Alomomola\n|-damage|p1a: Alomomola|71\/100\n|-unboost|p1a: Alomomola|spa|1\n|move|p1a: Alomomola|Flip Turn|p2a: Latias\n|-resisted|p2a: Latias\n|-damage|p2a: Latias|81\/100\n|\n|t:|1699575706\n|switch|p1a: Hatterene|Hatterene, F|100\/100|[from] Flip Turn\n|-damage|p1a: Hatterene|88\/100|[from] Stealth Rock\n|\n|-weather|Sandstorm|[upkeep]\n|-damage|p2a: Latias|75\/100|[from] Sandstorm\n|-damage|p1a: Hatterene|82\/100|[from] Sandstorm\n|upkeep\n|turn|5\n|\n|t:|1699575714\n|switch|p2a: Tyranitar|Tyranitar, M|100\/100\n|move|p1a: Hatterene|Nuzzle|p2a: Tyranitar\n|-damage|p2a: Tyranitar|96\/100\n|-status|p2a: Tyranitar|par\n|\n|-weather|none\n|-heal|p2a: Tyranitar|100\/100 par|[from] item: Leftovers\n|-fieldend|move: Electric Terrain\n|upkeep\n|turn|6\n|\n|t:|1699575722\n|move|p1a: Hatterene|Substitute|p1a: Hatterene\n|-start|p1a: Hatterene|Substitute\n|-damage|p1a: Hatterene|57\/100\n|move|p2a: Tyranitar|Heavy Slam|p1a: Hatterene\n|-supereffective|p1a: Hatterene\n|-end|p1a: Hatterene|Substitute\n|\n|upkeep\n|turn|7\n|\n|t:|1699575735\n|switch|p1a: Pincurchin|Pincurchin, M|100\/100\n|-damage|p1a: Pincurchin|88\/100|[from] Stealth Rock\n|-fieldstart|move: Electric Terrain|[from] ability: Electric Surge|[of] p1a: Pincurchin\n|move|p2a: Tyranitar|Heavy Slam|p1a: Pincurchin\n|-resisted|p1a: Pincurchin\n|-damage|p1a: Pincurchin|68\/100\n|-enditem|p1a: Pincurchin|Jaboca Berry|[eat]\n|-damage|p2a: Tyranitar|88\/100 par|[from] item: Jaboca Berry|[of] p1a: Pincurchin\n|\n|-heal|p2a: Tyranitar|94\/100 par|[from] item: Leftovers\n|upkeep\n|turn|8\n|\n|t:|1699575767\n|move|p2a: Tyranitar|Earthquake|p1a: Pincurchin\n|-supereffective|p1a: Pincurchin\n|-damage|p1a: Pincurchin|0 fnt\n|faint|p1a: Pincurchin\n|\n|-heal|p2a: Tyranitar|100\/100 par|[from] item: Leftovers\n|upkeep\n|\n|t:|1699575779\n|switch|p1a: big iron|Steelix, F|100\/100\n|-damage|p1a: big iron|97\/100|[from] Stealth Rock\n|-item|p1a: big iron|Air Balloon\n|turn|9\n|\n|t:|1699575789\n|switch|p2a: Primeape|Primeape, M|100\/100\n|move|p1a: big iron|Heavy Slam|p2a: Primeape\n|-damage|p2a: Primeape|65\/100\n|\n|upkeep\n|turn|10\n|\n|t:|1699575807\n|switch|p1a: Hatterene|Hatterene, F|57\/100\n|-damage|p1a: Hatterene|45\/100|[from] Stealth Rock\n|move|p2a: Primeape|Close Combat|p1a: Hatterene\n|-resisted|p1a: Hatterene\n|-damage|p1a: Hatterene|33\/100\n|-unboost|p2a: Primeape|def|1\n|-unboost|p2a: Primeape|spd|1\n|-damage|p2a: Primeape|48\/100|[from] item: Rocky Helmet|[of] p1a: Hatterene\n|\n|upkeep\n|turn|11\n|\n|t:|1699575818\n|move|p2a: Primeape|U-turn|p1a: Hatterene\n|-damage|p1a: Hatterene|12\/100\n|-damage|p2a: Primeape|32\/100|[from] item: Rocky Helmet|[of] p1a: Hatterene\n|\n|t:|1699575822\n|switch|p2a: Tyranitar|Tyranitar, M|100\/100 par|[from] U-turn\n|-weather|Sandstorm|[from] ability: Sand Stream|[of] p2a: Tyranitar\n|move|p1a: Hatterene|Dazzling Gleam|p2a: Tyranitar\n|-supereffective|p2a: Tyranitar\n|-damage|p2a: Tyranitar|69\/100 par\n|\n|-weather|Sandstorm|[upkeep]\n|-damage|p1a: Hatterene|6\/100|[from] Sandstorm\n|-heal|p2a: Tyranitar|75\/100 par|[from] item: Leftovers\n|-fieldend|move: Electric Terrain\n|upkeep\n|turn|12\n|\n|t:|1699575839\n|move|p2a: Tyranitar|Heavy Slam|p1a: Hatterene\n|-supereffective|p1a: Hatterene\n|-damage|p1a: Hatterene|0 fnt\n|-damage|p2a: Tyranitar|59\/100 par|[from] item: Rocky Helmet|[of] p1a: Hatterene\n|faint|p1a: Hatterene\n|\n|-weather|Sandstorm|[upkeep]\n|-heal|p2a: Tyranitar|65\/100 par|[from] item: Leftovers\n|upkeep\n|\n|t:|1699575859\n|switch|p1a: Darmanitan|Darmanitan-Galar, M|100\/100\n|-damage|p1a: Darmanitan|76\/100|[from] Stealth Rock\n|turn|13\n|\n|t:|1699575873\n|move|p1a: Darmanitan|U-turn|p2a: Tyranitar\n|-supereffective|p2a: Tyranitar\n|-damage|p2a: Tyranitar|25\/100 par\n|\n|t:|1699575876\n|switch|p1a: big iron|Steelix, F|97\/100|[from] U-turn\n|-damage|p1a: big iron|94\/100|[from] Stealth Rock\n|-item|p1a: big iron|Air Balloon\n|cant|p2a: Tyranitar|par\n|\n|-weather|Sandstorm|[upkeep]\n|-heal|p2a: Tyranitar|31\/100 par|[from] item: Leftovers\n|upkeep\n|turn|14\n|\n|t:|1699575881\n|move|p1a: big iron|Stealth Rock|p2a: Tyranitar\n|-sidestart|p2: Thode|move: Stealth Rock\n|move|p2a: Tyranitar|Heavy Slam|p1a: big iron\n|-resisted|p1a: big iron\n|-damage|p1a: big iron|91\/100\n|-enditem|p1a: big iron|Air Balloon\n|\n|-weather|Sandstorm|[upkeep]\n|-heal|p2a: Tyranitar|37\/100 par|[from] item: Leftovers\n|upkeep\n|turn|15\n|\n|t:|1699575892\n|switch|p2a: Tapu Bulu|Tapu Bulu|100\/100\n|-damage|p2a: Tapu Bulu|88\/100|[from] Stealth Rock\n|-fieldstart|move: Grassy Terrain|[from] ability: Grassy Surge|[of] p2a: Tapu Bulu\n|move|p1a: big iron|Earthquake|p2a: Tapu Bulu\n|-resisted|p2a: Tapu Bulu\n|-damage|p2a: Tapu Bulu|79\/100\n|\n|-weather|none\n|-heal|p2a: Tapu Bulu|85\/100|[from] Grassy Terrain\n|-heal|p2a: Tapu Bulu|91\/100|[from] item: Leftovers\n|-heal|p1a: big iron|97\/100|[from] Grassy Terrain\n|upkeep\n|turn|16\n|\n|t:|1699575907\n|move|p2a: Tapu Bulu|Superpower|p1a: big iron\n|-supereffective|p1a: big iron\n|-damage|p1a: big iron|64\/100\n|-unboost|p2a: Tapu Bulu|atk|1\n|-unboost|p2a: Tapu Bulu|def|1\n|move|p1a: big iron|Heavy Slam|p2a: Tapu Bulu\n|-supereffective|p2a: Tapu Bulu\n|-damage|p2a: Tapu Bulu|0 fnt\n|faint|p2a: Tapu Bulu\n|\n|-heal|p1a: big iron|70\/100|[from] Grassy Terrain\n|upkeep\n|\n|t:|1699575933\n|switch|p2a: Iron Jugulis|Iron Jugulis|100\/100\n|-damage|p2a: Iron Jugulis|76\/100|[from] Stealth Rock\n|turn|17\n|\n|t:|1699575951\n|switch|p1a: Oricorio|Oricorio-Pom-Pom, M|94\/100\n|move|p2a: Iron Jugulis|Earth Power|p1a: Oricorio\n|-immune|p1a: Oricorio\n|\n|upkeep\n|turn|18\n|\n|t:|1699575961\n|-end|p2a: Iron Jugulis|Quark Drive|[silent]\n|switch|p2a: Latias|Latias-Mega, F|75\/100\n|-damage|p2a: Latias|63\/100|[from] Stealth Rock\n|move|p1a: Oricorio|Quiver Dance|p1a: Oricorio\n|-boost|p1a: Oricorio|spa|1\n|-boost|p1a: Oricorio|spd|1\n|-boost|p1a: Oricorio|spe|1\n|\n|upkeep\n|turn|19\n|\n|t:|1699575972\n|-terastallize|p1a: Oricorio|Fairy\n|move|p1a: Oricorio|Revelation Dance|p2a: Latias\n|-supereffective|p2a: Latias\n|-damage|p2a: Latias|0 fnt\n|faint|p2a: Latias\n|\n|-heal|p1a: Oricorio|100\/100|[from] Grassy Terrain\n|-fieldend|move: Grassy Terrain\n|upkeep\n|\n|t:|1699575992\n|switch|p2a: Tyranitar|Tyranitar, M|37\/100 par\n|-damage|p2a: Tyranitar|25\/100 par|[from] Stealth Rock\n|-weather|Sandstorm|[from] ability: Sand Stream|[of] p2a: Tyranitar\n|turn|20\n|\n|t:|1699576000\n|move|p1a: Oricorio|Revelation Dance|p2a: Tyranitar\n|-supereffective|p2a: Tyranitar\n|-damage|p2a: Tyranitar|0 fnt\n|faint|p2a: Tyranitar\n|\n|-weather|Sandstorm|[upkeep]\n|-damage|p1a: Oricorio|94\/100|[from] Sandstorm\n|upkeep\n|\n|t:|1699576004\n|switch|p2a: Lycanroc|Lycanroc, F|100\/100\n|-damage|p2a: Lycanroc|88\/100|[from] Stealth Rock\n|turn|21\n|\n|t:|1699576014\n|move|p2a: Lycanroc|Stone Edge|p1a: Oricorio\n|-damage|p1a: Oricorio|6\/100\n|-damage|p2a: Lycanroc|78\/100|[from] item: Life Orb\n|move|p1a: Oricorio|Revelation Dance|p2a: Lycanroc\n|-crit|p2a: Lycanroc\n|-damage|p2a: Lycanroc|0 fnt\n|faint|p2a: Lycanroc\n|\n|-weather|Sandstorm|[upkeep]\n|-damage|p1a: Oricorio|0 fnt|[from] Sandstorm\n|faint|p1a: Oricorio\n|upkeep\n|\n|t:|1699576026\n|switch|p2a: Iron Jugulis|Iron Jugulis|76\/100\n|switch|p1a: Darmanitan|Darmanitan-Galar, M|76\/100\n|-damage|p1a: Darmanitan|51\/100|[from] Stealth Rock\n|-damage|p2a: Iron Jugulis|51\/100|[from] Stealth Rock\n|turn|22\n|\n|t:|1699576034\n|move|p1a: Darmanitan|Icicle Crash|p2a: Iron Jugulis\n|-supereffective|p2a: Iron Jugulis\n|-damage|p2a: Iron Jugulis|0 fnt\n|faint|p2a: Iron Jugulis\n|-end|p2a: Iron Jugulis|Quark Drive|[silent]\n|\n|-weather|Sandstorm|[upkeep]\n|-damage|p1a: Darmanitan|45\/100|[from] Sandstorm\n|-formechange|p1a: Darmanitan|Darmanitan-Galar-Zen|\n|upkeep\n|\n|t:|1699576041\n|switch|p2a: Primeape|Primeape, M|32\/100\n|-damage|p2a: Primeape|26\/100|[from] Stealth Rock\n|turn|23\n|\n|t:|1699576050\n|move|p1a: Darmanitan|Icicle Crash|p2a: Primeape\n|-damage|p2a: Primeape|0 fnt\n|faint|p2a: Primeape\n|\n|win|wexleratlaw\n|c|\u2606Thode|gg\n|c|\u2606wexleratlaw|gg (x2)\n","uploadtime":1699576087,"views":48,"p1id":"wexleratlaw","p2id":"thode","formatid":"gen9nationaldexubers","rating":0,"private":0,"password":""}