{"id":"gen9nationaldexubers-1992329095","p1":"LostSilver00800","p2":"NoobTrap69","format":"[Gen 9] National Dex Ubers","log":"|j|\u2606LostSilver00800\n|j|\u2606NoobTrap69\n|t:|1700175254\n|gametype|singles\n|player|p1|LostSilver00800|psychic-gen4|1318\n|player|p2|NoobTrap69|hugh|1436\n|teamsize|p1|6\n|teamsize|p2|6\n|gen|9\n|tier|[Gen 9] National Dex Ubers\n|rated|\n|rule|HP Percentage Mod: HP is shown in percentages\n|rule|Endless Battle Clause: Forcing endless battles is banned\n|rule|OHKO Clause: OHKO moves are banned\n|rule|Evasion Moves Clause: Evasion moves are banned\n|rule|Evasion Items Clause: Evasion items are banned\n|rule|Species Clause: Limit one of each Pok\u00e9mon\n|rule|Sleep Clause Mod: Limit one foe put to sleep\n|rule|Mega Rayquaza Clause: You cannot mega evolve Rayquaza\n|clearpoke\n|poke|p1|Necrozma-Dawn-Wings|\n|poke|p1|Lilligant-Hisui, F|\n|poke|p1|Mawile, F|\n|poke|p1|Dracovish|\n|poke|p1|Marshadow|\n|poke|p1|Hitmonlee, M|\n|poke|p2|Solgaleo|\n|poke|p2|Naganadel|\n|poke|p2|Genesect|\n|poke|p2|Yveltal|\n|poke|p2|Ho-Oh|\n|poke|p2|Rayquaza|\n|teampreview\n|\n|t:|1700175275\n|start\n|switch|p1a: Draco|Dracovish|100\/100\n|switch|p2a: Yveltal|Yveltal|100\/100\n|-ability|p2a: Yveltal|Dark Aura\n|turn|1\n|c|\u2606LostSilver00800|6 legends\n|c|\u2606LostSilver00800|btw genesect sucks in ubers\n|c|\u2606NoobTrap69|sir this is ubers\n|c|\u2606NoobTrap69|so does hitmonlee lmfao\n|c|\u2606LostSilver00800|Ya sure?\n|c|\u2606NoobTrap69|and mawhile\n|c|\u2606NoobTrap69|and lilligant\n|c|\u2606NoobTrap69|and dawn wings\n|\n|t:|1700175321\n|-terastallize|p1a: Draco|Water\n|move|p1a: Draco|Fishious Rend|p2a: Yveltal\n|-damage|p2a: Yveltal|9\/100\n|move|p2a: Yveltal|Foul Play|p1a: Draco\n|-damage|p1a: Draco|51\/100\n|\n|upkeep\n|turn|2\n|c|\u2606LostSilver00800|My Pok\u00e9mon are taking this personally\n|c|\u2606NoobTrap69|scarf is nuts\n|\n|t:|1700175337\n|move|p1a: Draco|Fishious Rend|p2a: Yveltal\n|-damage|p2a: Yveltal|0 fnt\n|faint|p2a: Yveltal\n|\n|upkeep\n|\n|t:|1700175348\n|switch|p2a: Rayquaza|Rayquaza, shiny|100\/100\n|-ability|p2a: Rayquaza|Air Lock\n|turn|3\n|\n|t:|1700175352\n|move|p1a: Draco|Fishious Rend|p2a: Rayquaza\n|-resisted|p2a: Rayquaza\n|-damage|p2a: Rayquaza|15\/100\n|move|p2a: Rayquaza|Draco Meteor|p1a: Draco|[miss]\n|-miss|p2a: Rayquaza|p1a: Draco\n|\n|upkeep\n|turn|4\n|c|\u2606LostSilver00800|Omg\n|c|\u2606NoobTrap69|wow\n|\n|t:|1700175361\n|move|p1a: Draco|Fishious Rend|p2a: Rayquaza\n|-resisted|p2a: Rayquaza\n|-damage|p2a: Rayquaza|0 fnt\n|faint|p2a: Rayquaza\n|\n|upkeep\n|\n|t:|1700175372\n|switch|p2a: Ho-Oh|Ho-Oh|100\/100\n|turn|5\n|\n|t:|1700175374\n|-terastallize|p2a: Ho-Oh|Grass\n|move|p1a: Draco|Fishious Rend|p2a: Ho-Oh\n|-resisted|p2a: Ho-Oh\n|-damage|p2a: Ho-Oh|59\/100\n|move|p2a: Ho-Oh|Sacred Fire|p1a: Draco\n|-resisted|p1a: Draco\n|-damage|p1a: Draco|27\/100\n|\n|upkeep\n|turn|6\n|\n|t:|1700175383\n|move|p1a: Draco|Fishious Rend|p2a: Ho-Oh\n|-resisted|p2a: Ho-Oh\n|-damage|p2a: Ho-Oh|15\/100\n|move|p2a: Ho-Oh|Sacred Fire|p1a: Draco\n|-resisted|p1a: Draco\n|-damage|p1a: Draco|3\/100\n|-status|p1a: Draco|brn\n|\n|-damage|p1a: Draco|0 fnt|[from] brn\n|faint|p1a: Draco\n|upkeep\n|\n|t:|1700175396\n|switch|p1a: Mia|Mawile, F|100\/100\n|-ability|p1a: Mia|Intimidate|boost\n|-unboost|p2a: Ho-Oh|atk|1\n|turn|7\n|\n|t:|1700175400\n|switch|p2a: Solgaleo|Solgaleo|100\/100\n|detailschange|p1a: Mia|Mawile-Mega, F\n|-mega|p1a: Mia|Mawile|Mawilite\n|move|p1a: Mia|Sucker Punch||[still]\n|-fail|p1a: Mia\n|\n|upkeep\n|turn|8\n|\n|t:|1700175411\n|move|p2a: Solgaleo|Earthquake|p1a: Mia\n|-supereffective|p1a: Mia\n|-damage|p1a: Mia|20\/100\n|move|p1a: Mia|Iron Head|p2a: Solgaleo\n|-resisted|p2a: Solgaleo\n|-damage|p2a: Solgaleo|74\/100\n|\n|upkeep\n|turn|9\n|\n|t:|1700175418\n|move|p1a: Mia|Sucker Punch||[still]\n|-fail|p1a: Mia\n|move|p2a: Solgaleo|Agility|p2a: Solgaleo\n|-boost|p2a: Solgaleo|spe|2\n|\n|upkeep\n|turn|10\n|\n|t:|1700175424\n|move|p1a: Mia|Sucker Punch||[still]\n|-fail|p1a: Mia\n|move|p2a: Solgaleo|Agility|p2a: Solgaleo\n|-boost|p2a: Solgaleo|spe|2\n|\n|upkeep\n|turn|11\n|\n|t:|1700175429\n|move|p1a: Mia|Sucker Punch|p2a: Solgaleo\n|-supereffective|p2a: Solgaleo\n|-damage|p2a: Solgaleo|21\/100\n|-enditem|p2a: Solgaleo|Weakness Policy\n|-boost|p2a: Solgaleo|atk|2|[from] item: Weakness Policy\n|-boost|p2a: Solgaleo|spa|2|[from] item: Weakness Policy\n|move|p2a: Solgaleo|Earthquake|p1a: Mia\n|-supereffective|p1a: Mia\n|-damage|p1a: Mia|0 fnt\n|faint|p1a: Mia\n|\n|upkeep\n|\n|t:|1700175438\n|switch|p1a: Marshadow|Marshadow|100\/100\n|turn|12\n|\n|t:|1700175453\n|switch|p2a: Ho-Oh|Ho-Oh, tera:Grass|48\/100\n|move|p1a: Marshadow|Spectral Thief|p2a: Ho-Oh\n|-damage|p2a: Ho-Oh|18\/100\n|\n|upkeep\n|turn|13\n|\n|t:|1700175464\n|switch|p2a: Solgaleo|Solgaleo|21\/100\n|move|p1a: Marshadow|Shadow Sneak|p2a: Solgaleo\n|-supereffective|p2a: Solgaleo\n|-damage|p2a: Solgaleo|0 fnt\n|faint|p2a: Solgaleo\n|\n|upkeep\n|\n|t:|1700175474\n|switch|p2a: Genesect|Genesect, shiny|100\/100\n|-ability|p2a: Genesect|Download|boost\n|-boost|p2a: Genesect|atk|1\n|turn|14\n|\n|t:|1700175481\n|move|p1a: Marshadow|Acrobatics|p2a: Genesect\n|-damage|p2a: Genesect|68\/100\n|move|p2a: Genesect|Blaze Kick|p1a: Marshadow\n|-damage|p1a: Marshadow|44\/100\n|\n|upkeep\n|turn|15\n|\n|t:|1700175488\n|move|p1a: Marshadow|Acrobatics|p2a: Genesect\n|-damage|p2a: Genesect|31\/100\n|move|p2a: Genesect|Blaze Kick|p1a: Marshadow\n|-damage|p1a: Marshadow|0 fnt\n|faint|p1a: Marshadow\n|\n|upkeep\n|\n|t:|1700175494\n|switch|p1a: I forgor to name|Hitmonlee, M|100\/100\n|turn|16\n|c|\u2606NoobTrap69|acrobatics?\n|c|\u2606LostSilver00800|Meow\n|\n|t:|1700175504\n|move|p1a: I forgor to name|Endure|p1a: I forgor to name\n|-singleturn|p1a: I forgor to name|move: Endure\n|move|p2a: Genesect|Shift Gear|p2a: Genesect\n|-boost|p2a: Genesect|spe|2\n|-boost|p2a: Genesect|atk|1\n|\n|upkeep\n|turn|17\n|\n|t:|1700175513\n|move|p1a: I forgor to name|Endure||[still]\n|-fail|p1a: I forgor to name\n|move|p2a: Genesect|Leech Life|p1a: I forgor to name\n|-resisted|p1a: I forgor to name\n|-damage|p1a: I forgor to name|0 fnt\n|-heal|p2a: Genesect|73\/100|[from] drain|[of] p1a: I forgor to name\n|faint|p1a: I forgor to name\n|\n|upkeep\n|\n|t:|1700175521\n|switch|p1a: Flowee|Lilligant-Hisui, F, shiny|100\/100\n|turn|18\n|\n|t:|1700175530\n|move|p2a: Genesect|Leech Life|p1a: Flowee\n|-enditem|p1a: Flowee|Focus Sash\n|-damage|p1a: Flowee|1\/100\n|-heal|p2a: Genesect|100\/100|[from] drain|[of] p1a: Flowee\n|move|p1a: Flowee|Axe Kick|p2a: Genesect\n|-crit|p2a: Genesect\n|-enditem|p2a: Genesect|Focus Sash\n|-damage|p2a: Genesect|1\/100\n|\n|upkeep\n|turn|19\n|\n|t:|1700175543\n|move|p2a: Genesect|Extreme Speed|p1a: Flowee\n|-damage|p1a: Flowee|0 fnt\n|faint|p1a: Flowee\n|\n|upkeep\n|\n|t:|1700175547\n|switch|p1a: Blood Moon|Necrozma-Dawn-Wings, shiny|100\/100\n|turn|20\n|\n|t:|1700175552\n|detailschange|p1a: Blood Moon|Necrozma-Ultra, shiny\n|-burst|p1a: Blood Moon|Necrozma|Ultranecrozium Z\n|move|p2a: Genesect|Leech Life|p1a: Blood Moon\n|-supereffective|p1a: Blood Moon\n|-damage|p1a: Blood Moon|0 fnt\n|-heal|p2a: Genesect|71\/100|[from] drain|[of] p1a: Blood Moon\n|faint|p1a: Blood Moon\n|\n|win|NoobTrap69\n|raw|LostSilver00800's rating: 1318 &rarr; <strong>1305<\/strong><br \/>(-13 for losing)\n|raw|NoobTrap69's rating: 1436 &rarr; <strong>1449<\/strong><br \/>(+13 for winning)\n|l|\u2606LostSilver00800\n|c|\u2606NoobTrap69|genesect\n","uploadtime":1700175576,"views":30,"p1id":"lostsilver00800","p2id":"noobtrap69","formatid":"gen9nationaldexubers","rating":1305,"private":0,"password":""}