{"id":"gen9nationaldexubers-1993615330","p1":"Lima568","p2":"Isaacprogodhacker","format":"[Gen 9] National Dex Ubers","log":"|j|\u2606Lima568\n|j|\u2606Isaacprogodhacker\n|t:|1700337778\n|gametype|singles\n|player|p1|Lima568|dancer|\n|player|p2|Isaacprogodhacker|lucas-gen4pt|\n|teamsize|p1|6\n|teamsize|p2|6\n|gen|9\n|tier|[Gen 9] National Dex Ubers\n|rule|HP Percentage Mod: HP is shown in percentages\n|rule|Endless Battle Clause: Forcing endless battles is banned\n|rule|OHKO Clause: OHKO moves are banned\n|rule|Evasion Moves Clause: Evasion moves are banned\n|rule|Evasion Items Clause: Evasion items are banned\n|rule|Species Clause: Limit one of each Pok\u00e9mon\n|rule|Sleep Clause Mod: Limit one foe put to sleep\n|rule|Mega Rayquaza Clause: You cannot mega evolve Rayquaza\n|clearpoke\n|poke|p1|Kommo-o, M|\n|poke|p1|Dragapult, F|\n|poke|p1|Roaring Moon|\n|poke|p1|Cyclizar, F|\n|poke|p1|Dracovish|\n|poke|p1|Dragonite, M|\n|poke|p2|Sharpedo, M|\n|poke|p2|Nihilego, L90|\n|poke|p2|Mimikyu, F|\n|poke|p2|Zoroark-Hisui, M|\n|poke|p2|Yveltal, L90|\n|poke|p2|Darkrai, L90|\n|teampreview\n|\n|t:|1700337800\n|start\n|switch|p1a: lanza bebes|Dragapult, F|100\/100\n|switch|p2a: Mimikyu|Mimikyu, F|100\/100\n|turn|1\n|c|\u2606Isaacprogodhacker|Suerte\n|\n|t:|1700337811\n|move|p1a: lanza bebes|Phantom Force||[still]\n|-prepare|p1a: lanza bebes|Phantom Force\n|move|p2a: Mimikyu|Nasty Plot|p2a: Mimikyu\n|-boost|p2a: Mimikyu|spa|2\n|\n|upkeep\n|turn|2\n|\n|t:|1700337832\n|move|p1a: lanza bebes|Phantom Force|p2a: Mimikyu|[from]lockedmove\n|-immune|p2a: Mimikyu\n|move|p2a: Mimikyu|Shadow Ball|p1a: lanza bebes\n|-supereffective|p1a: lanza bebes\n|-damage|p1a: lanza bebes|0 fnt\n|faint|p1a: lanza bebes\n|\n|upkeep\n|\n|t:|1700337837\n|switch|p1a: Dracovish|Dracovish|100\/100\n|turn|3\n|\n|t:|1700337851\n|move|p1a: Dracovish|Bite|p2a: Mimikyu\n|-supereffective|p2a: Mimikyu\n|-damage|p2a: Mimikyu|0 fnt\n|replace|p2a: Illusion|Zoroark-Hisui, M\n|-end|p2a: Illusion|Illusion\n|faint|p2a: Illusion\n|\n|upkeep\n|\n|t:|1700337872\n|switch|p2a: Mimikyu|Mimikyu, F|100\/100\n|turn|4\n|\n|t:|1700337887\n|move|p1a: Dracovish|Bite|p2a: Mimikyu\n|-activate|p2a: Mimikyu|ability: Disguise\n|-damage|p2a: Mimikyu|100\/100\n|detailschange|p2a: Mimikyu|Mimikyu-Busted, F\n|-damage|p2a: Mimikyu|88\/100|[from] pokemon: Mimikyu-Busted\n|move|p2a: Mimikyu|Swords Dance|p2a: Mimikyu\n|-boost|p2a: Mimikyu|atk|2\n|\n|upkeep\n|turn|5\n|\n|t:|1700337899\n|move|p1a: Dracovish|Bite|p2a: Mimikyu\n|-damage|p2a: Mimikyu|48\/100\n|move|p2a: Mimikyu|Play Rough|p1a: Dracovish\n|-supereffective|p1a: Dracovish\n|-damage|p1a: Dracovish|0 fnt\n|faint|p1a: Dracovish\n|-damage|p2a: Mimikyu|38\/100|[from] item: Life Orb\n|\n|upkeep\n|\n|t:|1700337905\n|switch|p1a: barny|Dragonite, M|100\/100\n|turn|6\n|\n|t:|1700337910\n|move|p2a: Mimikyu|Play Rough|p1a: barny\n|-supereffective|p1a: barny\n|-damage|p1a: barny|0 fnt\n|faint|p1a: barny\n|-damage|p2a: Mimikyu|28\/100|[from] item: Life Orb\n|\n|upkeep\n|\n|t:|1700337916\n|switch|p1a: Lunita|Roaring Moon|100\/100\n|-enditem|p1a: Lunita|Booster Energy\n|-activate|p1a: Lunita|ability: Protosynthesis|[fromitem]\n|-start|p1a: Lunita|protosynthesisatk\n|turn|7\n|\n|t:|1700337921\n|move|p1a: Lunita|Acrobatics|p2a: Mimikyu\n|-damage|p2a: Mimikyu|0 fnt\n|faint|p2a: Mimikyu\n|\n|upkeep\n|\n|t:|1700337957\n|switch|p2a: Tiburoncin|Sharpedo, M, shiny|100\/100\n|turn|8\n|\n|t:|1700337965\n|move|p2a: Tiburoncin|Protect|p2a: Tiburoncin\n|-singleturn|p2a: Tiburoncin|Protect\n|move|p1a: Lunita|Dragon Dance|p1a: Lunita\n|-boost|p1a: Lunita|atk|1\n|-boost|p1a: Lunita|spe|1\n|\n|-ability|p2a: Tiburoncin|Speed Boost|boost\n|-boost|p2a: Tiburoncin|spe|1\n|upkeep\n|turn|9\n|\n|t:|1700337978\n|move|p1a: Lunita|Acrobatics|p2a: Tiburoncin\n|-damage|p2a: Tiburoncin|0 fnt\n|faint|p2a: Tiburoncin\n|\n|upkeep\n|\n|t:|1700337984\n|switch|p2a: Yveltal|Yveltal, L90|100\/100\n|-ability|p2a: Yveltal|Dark Aura\n|turn|10\n|\n|t:|1700337996\n|-terastallize|p1a: Lunita|Flying\n|-terastallize|p2a: Yveltal|Flying\n|move|p1a: Lunita|Acrobatics|p2a: Yveltal\n|-damage|p2a: Yveltal|0 fnt\n|faint|p2a: Yveltal\n|\n|upkeep\n|\n|t:|1700338004\n|switch|p2a: Nihilego|Nihilego, L90, shiny|100\/100\n|turn|11\n|\n|t:|1700338008\n|move|p1a: Lunita|Acrobatics|p2a: Nihilego\n|-resisted|p2a: Nihilego\n|-damage|p2a: Nihilego|0 fnt\n|faint|p2a: Nihilego\n|\n|upkeep\n|\n|t:|1700338014\n|switch|p2a: Darkrai|Darkrai, L90|100\/100\n|turn|12\n|\n|t:|1700338021\n|move|p1a: Lunita|Acrobatics|p2a: Darkrai\n|-damage|p2a: Darkrai|0 fnt\n|faint|p2a: Darkrai\n|\n|win|Lima568\n|c|\u2606Lima568|gg\n|c|\u2606Isaacprogodhacker|gg\n|l|\u2606Isaacprogodhacker\n","uploadtime":1700338039,"views":12,"p1id":"lima568","p2id":"isaacprogodhacker","formatid":"gen9nationaldexubers","rating":0,"private":0,"password":""}