{"id":"gen9nationaldexubers-1980300669","p1":"Stallsun9U","p2":"Walter black 0000","format":"[Gen 9] National Dex Ubers","log":"|j|\u2606Stallsun9U\n|j|\u2606Walter black 0000\n|t:|1698773543\n|gametype|singles\n|player|p1|Stallsun9U|veteran|1738\n|player|p2|Walter black 0000|lance-gen2|1860\n|teamsize|p1|6\n|teamsize|p2|6\n|gen|9\n|tier|[Gen 9] National Dex Ubers\n|rated|\n|rule|HP Percentage Mod: HP is shown in percentages\n|rule|Endless Battle Clause: Forcing endless battles is banned\n|rule|OHKO Clause: OHKO moves are banned\n|rule|Evasion Moves Clause: Evasion moves are banned\n|rule|Evasion Items Clause: Evasion items are banned\n|rule|Species Clause: Limit one of each Pok\u00e9mon\n|rule|Sleep Clause Mod: Limit one foe put to sleep\n|rule|Mega Rayquaza Clause: You cannot mega evolve Rayquaza\n|clearpoke\n|poke|p1|Deoxys-Speed|\n|poke|p1|Xerneas-*|\n|poke|p1|Kyurem-Black|\n|poke|p1|Arceus|\n|poke|p1|Groudon|\n|poke|p1|Necrozma-Dusk-Mane|\n|poke|p2|Eternatus|\n|poke|p2|Arceus-Fairy|\n|poke|p2|Ditto|\n|poke|p2|Necrozma-Dusk-Mane|\n|poke|p2|Zekrom|\n|poke|p2|Kingambit, M|\n|teampreview\n|inactive|Battle timer is ON: inactive players will automatically lose when time's up. (requested by Stallsun9U)\n|inactive|Walter black 0000 also wants the timer to be on.\n|\n|t:|1698773566\n|start\n|switch|p1a: Deoxys|Deoxys-Speed|100\/100\n|switch|p2a: Zekrom|Zekrom|100\/100\n|-ability|p1a: Deoxys|Pressure\n|-ability|p2a: Zekrom|Teravolt\n|turn|1\n|\n|t:|1698773580\n|move|p1a: Deoxys|Taunt|p2a: Zekrom\n|-start|p2a: Zekrom|move: Taunt\n|cant|p2a: Zekrom|move: Taunt|Dragon Dance\n|\n|upkeep\n|turn|2\n|\n|t:|1698773585\n|move|p1a: Deoxys|Stealth Rock|p2a: Zekrom\n|-sidestart|p2: Walter black 0000|move: Stealth Rock\n|move|p2a: Zekrom|Bolt Strike|p1a: Deoxys|[miss]\n|-miss|p2a: Zekrom|p1a: Deoxys\n|\n|upkeep\n|turn|3\n|\n|t:|1698773591\n|move|p1a: Deoxys|Psycho Boost|p2a: Zekrom\n|-damage|p2a: Zekrom|55\/100\n|-unboost|p1a: Deoxys|spa|2\n|move|p2a: Zekrom|Bolt Strike|p1a: Deoxys\n|-damage|p1a: Deoxys|6\/100\n|\n|-end|p2a: Zekrom|move: Taunt\n|upkeep\n|turn|4\n|\n|t:|1698773601\n|move|p1a: Deoxys|Taunt|p2a: Zekrom\n|-start|p2a: Zekrom|move: Taunt\n|cant|p2a: Zekrom|move: Taunt|Dragon Dance\n|\n|upkeep\n|turn|5\n|\n|t:|1698773607\n|move|p1a: Deoxys|Psycho Boost|p2a: Zekrom\n|-damage|p2a: Zekrom|33\/100\n|-unboost|p1a: Deoxys|spa|2\n|move|p2a: Zekrom|Bolt Strike|p1a: Deoxys\n|-damage|p1a: Deoxys|0 fnt\n|faint|p1a: Deoxys\n|\n|upkeep\n|\n|t:|1698773616\n|switch|p1a: Groudon|Groudon|100\/100\n|detailschange|p1a: Groudon|Groudon-Primal\n|-primal|p1a: Groudon|Red Orb\n|-weather|DesolateLand|[from] ability: Desolate Land|[of] p1a: Groudon\n|turn|6\n|\n|t:|1698773624\n|move|p2a: Zekrom|Outrage|p1a: Groudon\n|-damage|p1a: Groudon|56\/100\n|move|p1a: Groudon|Rock Polish|p1a: Groudon\n|-boost|p1a: Groudon|spe|2\n|\n|-weather|DesolateLand|[upkeep]\n|-end|p2a: Zekrom|move: Taunt\n|upkeep\n|turn|7\n|\n|t:|1698773635\n|move|p1a: Groudon|Precipice Blades|p2a: Zekrom|[miss]\n|-miss|p1a: Groudon|p2a: Zekrom\n|move|p2a: Zekrom|Outrage|p1a: Groudon|[from]lockedmove\n|-damage|p1a: Groudon|13\/100\n|\n|-weather|DesolateLand|[upkeep]\n|upkeep\n|turn|8\n|\n|t:|1698773642\n|move|p1a: Groudon|Precipice Blades|p2a: Zekrom\n|-supereffective|p2a: Zekrom\n|-damage|p2a: Zekrom|0 fnt\n|faint|p2a: Zekrom\n|\n|-weather|DesolateLand|[upkeep]\n|upkeep\n|j| 17 character name\n|\n|t:|1698773651\n|switch|p2a: Ditto|Ditto, shiny|100\/100\n|-damage|p2a: Ditto|88\/100|[from] Stealth Rock\n|-transform|p2a: Ditto|p1a: Groudon|[from] ability: Imposter\n|turn|9\n|\n|t:|1698773660\n|move|p2a: Ditto|Precipice Blades|p1a: Groudon|[miss]\n|-miss|p2a: Ditto|p1a: Groudon\n|move|p1a: Groudon|Precipice Blades|p2a: Ditto\n|-supereffective|p2a: Ditto\n|-damage|p2a: Ditto|0 fnt\n|faint|p2a: Ditto\n|\n|-weather|DesolateLand|[upkeep]\n|upkeep\n|\n|t:|1698773673\n|switch|p2a: Kingambit|Kingambit, M|100\/100\n|-damage|p2a: Kingambit|94\/100|[from] Stealth Rock\n|-activate|p2a: Kingambit|ability: Supreme Overlord\n|-start|p2a: Kingambit|fallen2|[silent]\n|turn|10\n|\n|t:|1698773684\n|move|p2a: Kingambit|Sucker Punch|p1a: Groudon\n|-damage|p1a: Groudon|0 fnt\n|faint|p1a: Groudon\n|-weather|none\n|\n|upkeep\n|\n|t:|1698773692\n|switch|p1a: Xerneas|Xerneas|100\/100\n|-ability|p1a: Xerneas|Fairy Aura\n|turn|11\n|\n|t:|1698773703\n|-terastallize|p1a: Xerneas|Electric\n|move|p1a: Xerneas|Substitute|p1a: Xerneas\n|-start|p1a: Xerneas|Substitute\n|-damage|p1a: Xerneas|76\/100\n|move|p2a: Kingambit|Iron Head|p1a: Xerneas\n|-resisted|p1a: Xerneas\n|-activate|p1a: Xerneas|move: Substitute|[damage]\n|\n|upkeep\n|turn|12\n|\n|t:|1698773711\n|move|p1a: Xerneas|Geomancy||[still]\n|-prepare|p1a: Xerneas|Geomancy\n|-enditem|p1a: Xerneas|Power Herb\n|-anim|p1a: Xerneas|Geomancy|p1a: Xerneas\n|-boost|p1a: Xerneas|spa|2\n|-boost|p1a: Xerneas|spd|2\n|-boost|p1a: Xerneas|spe|2\n|move|p2a: Kingambit|Knock Off|p1a: Xerneas\n|-end|p1a: Xerneas|Substitute\n|\n|upkeep\n|turn|13\n|\n|t:|1698773721\n|move|p2a: Kingambit|Sucker Punch|p1a: Xerneas\n|-damage|p1a: Xerneas|30\/100\n|move|p1a: Xerneas|Moonblast|p2a: Kingambit\n|-damage|p2a: Kingambit|0 fnt\n|faint|p2a: Kingambit\n|-end|p2a: Kingambit|fallen2|[silent]\n|\n|upkeep\n|\n|t:|1698773729\n|switch|p2a: Necrozma|Necrozma-Dusk-Mane|100\/100\n|-damage|p2a: Necrozma|94\/100|[from] Stealth Rock\n|turn|14\n|\n|t:|1698773736\n|detailschange|p2a: Necrozma|Necrozma-Ultra\n|-burst|p2a: Necrozma|Necrozma|Ultranecrozium Z\n|move|p1a: Xerneas|Thunder|p2a: Necrozma|[miss]\n|-miss|p1a: Xerneas|p2a: Necrozma\n|move|p2a: Necrozma|Earth Power|p1a: Xerneas\n|-supereffective|p1a: Xerneas\n|-damage|p1a: Xerneas|0 fnt\n|faint|p1a: Xerneas\n|\n|upkeep\n|\n|t:|1698773751\n|switch|p1a: Necrozma|Necrozma-Dusk-Mane|100\/100\n|turn|15\n|\n|t:|1698773761\n|detailschange|p1a: Necrozma|Necrozma-Ultra\n|-burst|p1a: Necrozma|Necrozma|Ultranecrozium Z\n|move|p2a: Necrozma|Stealth Rock|p1a: Necrozma\n|-sidestart|p1: Stallsun9U|move: Stealth Rock\n|move|p1a: Necrozma|Dragon Dance|p1a: Necrozma\n|-boost|p1a: Necrozma|atk|1\n|-boost|p1a: Necrozma|spe|1\n|\n|upkeep\n|turn|16\n|\n|t:|1698773775\n|-zpower|p1a: Necrozma\n|move|p1a: Necrozma|Light That Burns the Sky|p2a: Necrozma|[zeffect]\n|-resisted|p2a: Necrozma\n|-damage|p2a: Necrozma|0 fnt\n|faint|p2a: Necrozma\n|\n|upkeep\n|\n|t:|1698773780\n|switch|p2a: Arceus|Arceus-Fairy|100\/100\n|-damage|p2a: Arceus|88\/100|[from] Stealth Rock\n|turn|17\n|\n|t:|1698773794\n|move|p1a: Necrozma|Photon Geyser|p2a: Arceus\n|-damage|p2a: Arceus|18\/100\n|move|p2a: Arceus|Judgment|p1a: Necrozma\n|-supereffective|p1a: Necrozma\n|-damage|p1a: Necrozma|0 fnt\n|faint|p1a: Necrozma\n|\n|upkeep\n|\n|t:|1698773806\n|switch|p1a: Arceus|Arceus|100\/100\n|-damage|p1a: Arceus|88\/100|[from] Stealth Rock\n|turn|18\n|\n|t:|1698773810\n|move|p1a: Arceus|Extreme Speed|p2a: Arceus\n|-damage|p2a: Arceus|0 fnt\n|faint|p2a: Arceus\n|\n|upkeep\n|\n|t:|1698773812\n|switch|p2a: Eternatus|Eternatus|100\/100\n|-damage|p2a: Eternatus|88\/100|[from] Stealth Rock\n|-ability|p2a: Eternatus|Pressure\n|turn|19\n|\n|t:|1698773822\n|move|p2a: Eternatus|Cosmic Power|p2a: Eternatus\n|-boost|p2a: Eternatus|def|1\n|-boost|p2a: Eternatus|spd|1\n|move|p1a: Arceus|Taunt|p2a: Eternatus\n|-start|p2a: Eternatus|move: Taunt\n|\n|-heal|p2a: Eternatus|94\/100|[from] item: Leftovers\n|upkeep\n|turn|20\n|\n|t:|1698773831\n|move|p2a: Eternatus|Sludge Bomb|p1a: Arceus\n|-damage|p1a: Arceus|62\/100\n|move|p1a: Arceus|Dragon Dance|p1a: Arceus\n|-boost|p1a: Arceus|atk|1\n|-boost|p1a: Arceus|spe|1\n|\n|-heal|p2a: Eternatus|100\/100|[from] item: Leftovers\n|upkeep\n|turn|21\n|\n|t:|1698773840\n|move|p1a: Arceus|Extreme Speed|p2a: Eternatus\n|-damage|p2a: Eternatus|65\/100\n|move|p2a: Eternatus|Sludge Bomb|p1a: Arceus\n|-damage|p1a: Arceus|30\/100\n|\n|-heal|p2a: Eternatus|71\/100|[from] item: Leftovers\n|upkeep\n|turn|22\n|\n|t:|1698773850\n|move|p1a: Arceus|Extreme Speed|p2a: Eternatus\n|-damage|p2a: Eternatus|31\/100\n|move|p2a: Eternatus|Sludge Bomb|p1a: Arceus\n|-damage|p1a: Arceus|2\/100\n|\n|-heal|p2a: Eternatus|37\/100|[from] item: Leftovers\n|-end|p2a: Eternatus|move: Taunt\n|upkeep\n|turn|23\n|j| usamo 2021\n|\n|t:|1698773860\n|move|p1a: Arceus|Taunt|p2a: Eternatus\n|-start|p2a: Eternatus|move: Taunt\n|move|p2a: Eternatus|Sludge Bomb|p1a: Arceus\n|-damage|p1a: Arceus|0 fnt\n|faint|p1a: Arceus\n|\n|-heal|p2a: Eternatus|43\/100|[from] item: Leftovers\n|upkeep\n|\n|t:|1698773869\n|switch|p1a: Kyurem|Kyurem-Black|100\/100\n|-damage|p1a: Kyurem|76\/100|[from] Stealth Rock\n|-ability|p1a: Kyurem|Teravolt\n|turn|24\n|j| ArcanineAntics\n|\n|t:|1698773875\n|-terastallize|p2a: Eternatus|Steel\n|move|p2a: Eternatus|Sludge Bomb|p1a: Kyurem\n|-damage|p1a: Kyurem|34\/100\n|-status|p1a: Kyurem|psn\n|move|p1a: Kyurem|Dragon Dance|p1a: Kyurem\n|-boost|p1a: Kyurem|atk|1\n|-boost|p1a: Kyurem|spe|1\n|\n|-heal|p2a: Eternatus|50\/100|[from] item: Leftovers\n|-damage|p1a: Kyurem|22\/100 psn|[from] psn\n|upkeep\n|turn|25\n|\n|t:|1698773895\n|move|p1a: Kyurem|Fusion Bolt|p2a: Eternatus\n|-damage|p2a: Eternatus|19\/100\n|move|p2a: Eternatus|Sludge Bomb|p1a: Kyurem\n|-damage|p1a: Kyurem|0 fnt\n|faint|p1a: Kyurem\n|\n|win|Walter black 0000\n|raw|Stallsun9U's rating: 1738 &rarr; <strong>1725<\/strong><br \/>(-13 for losing)\n|raw|Walter black 0000's rating: 1860 &rarr; <strong>1873<\/strong><br \/>(+13 for winning)\n|l|\u2606Stallsun9U\n|l| ArcanineAntics\n|l|\u2606Walter black 0000\n","uploadtime":1698773903,"views":11,"p1id":"stallsun9u","p2id":"walterblack0000","formatid":"gen9nationaldexubers","rating":1725,"private":0,"password":""}