{"id":"gen9nationaldexubers-1995497103","p1":"Pure Hackmons","p2":"Penter","format":"[Gen 9] National Dex Ubers","log":"|j|\u2606Pure Hackmons\n|j|\u2606Penter\n|inactive|Battle timer is ON: inactive players will automatically lose when time's up.\n|t:|1700577169\n|gametype|singles\n|player|p1|Pure Hackmons|ethan|\n|player|p2|Penter|n|\n|teamsize|p1|6\n|teamsize|p2|6\n|gen|9\n|tier|[Gen 9] National Dex Ubers\n|rated|Tournament battle\n|rule|HP Percentage Mod: HP is shown in percentages\n|rule|Endless Battle Clause: Forcing endless battles is banned\n|rule|OHKO Clause: OHKO moves are banned\n|rule|Evasion Moves Clause: Evasion moves are banned\n|rule|Evasion Items Clause: Evasion items are banned\n|rule|Species Clause: Limit one of each Pok\u00e9mon\n|rule|Sleep Clause Mod: Limit one foe put to sleep\n|rule|Mega Rayquaza Clause: You cannot mega evolve Rayquaza\n|clearpoke\n|poke|p1|Mewtwo-Mega-X|\n|poke|p1|Groudon-Primal|\n|poke|p1|Zygarde-Complete|\n|poke|p1|Diancie-Mega|\n|poke|p1|Cramorant-Gorging, M|\n|poke|p1|Arceus-Water|\n|poke|p2|Kyurem-White|\n|poke|p2|Zygarde-Complete|\n|poke|p2|Xerneas-*|\n|poke|p2|Kyogre-Primal|\n|poke|p2|Metagross-Mega|\n|poke|p2|Yveltal|\n|teampreview\n|j|*Lady Monita \u2746\n|\n|t:|1700577188\n|start\n|switch|p1a: Mewtwo|Mewtwo-Mega-X|100\/100\n|switch|p2a: Kyurem|Kyurem-White|100\/100\n|-ability|p2a: Kyurem|Turboblaze\n|turn|1\n|j|^RUMYMOME\n|inactive|Penter has 120 seconds left.\n|\n|t:|1700577222\n|switch|p2a: Xerneas|Xerneas|100\/100\n|-ability|p2a: Xerneas|Fairy Aura\n|move|p1a: Mewtwo|Low Kick|p2a: Xerneas\n|-resisted|p2a: Xerneas\n|-damage|p2a: Xerneas|48\/100\n|\n|upkeep\n|turn|2\n|inactive|Penter has 120 seconds left.\n|\n|t:|1700577249\n|switch|p1a: Groudon|Groudon-Primal|100\/100\n|-weather|DesolateLand|[from] ability: Desolate Land|[of] p1a: Groudon\n|switch|p2a: Kyurem|Kyurem-White|100\/100\n|-ability|p2a: Kyurem|Turboblaze\n|\n|-weather|DesolateLand|[upkeep]\n|upkeep\n|turn|3\n|\n|t:|1700577260\n|move|p2a: Kyurem|Earth Power|p1a: Groudon\n|-supereffective|p1a: Groudon\n|-damage|p1a: Groudon|19\/100\n|move|p1a: Groudon|Spikes|p2a: Kyurem\n|-sidestart|p2: Penter|Spikes\n|\n|-weather|DesolateLand|[upkeep]\n|-heal|p1a: Groudon|25\/100|[from] item: Leftovers\n|upkeep\n|turn|4\n|\n|t:|1700577268\n|-weather|none\n|switch|p1a: Cramorant|Cramorant-Gorging, M|100\/100\n|move|p2a: Kyurem|Earth Power|p1a: Cramorant\n|-immune|p1a: Cramorant\n|\n|upkeep\n|turn|5\n|inactive|Penter has 120 seconds left.\n|\n|t:|1700577274\n|switch|p2a: Yveltal|Yveltal|100\/100\n|-ability|p2a: Yveltal|Dark Aura\n|switch|p1a: Mewtwo|Mewtwo-Mega-X|100\/100\n|\n|upkeep\n|turn|6\n|\n|t:|1700577281\n|move|p1a: Mewtwo|Stone Edge|p2a: Yveltal\n|-supereffective|p2a: Yveltal\n|-damage|p2a: Yveltal|0 fnt\n|faint|p2a: Yveltal\n|\n|upkeep\n|inactive|Penter has 120 seconds left.\n|\n|t:|1700577300\n|switch|p2a: Zygarde|Zygarde-Complete|100\/100\n|-damage|p2a: Zygarde|88\/100|[from] Spikes\n|turn|7\n|inactive|Penter has 120 seconds left.\n|\n|t:|1700577317\n|switch|p1a: Zygarde|Zygarde-Complete|100\/100\n|move|p2a: Zygarde|Dragon Dance|p2a: Zygarde\n|-boost|p2a: Zygarde|atk|1\n|-boost|p2a: Zygarde|spe|1\n|\n|upkeep\n|turn|8\n|\n|t:|1700577327\n|move|p2a: Zygarde|Dragon Dance|p2a: Zygarde\n|-boost|p2a: Zygarde|atk|1\n|-boost|p2a: Zygarde|spe|1\n|move|p1a: Zygarde|Glare|p2a: Zygarde\n|-status|p2a: Zygarde|par\n|-enditem|p2a: Zygarde|Lum Berry|[eat]\n|-curestatus|p2a: Zygarde|par|[msg]\n|\n|upkeep\n|turn|9\n|\n|t:|1700577332\n|move|p2a: Zygarde|Thousand Arrows|p1a: Zygarde\n|-damage|p1a: Zygarde|72\/100\n|move|p1a: Zygarde|Coil|p1a: Zygarde\n|-boost|p1a: Zygarde|atk|1\n|-boost|p1a: Zygarde|def|1\n|-boost|p1a: Zygarde|accuracy|1\n|\n|-heal|p1a: Zygarde|78\/100|[from] item: Leftovers\n|upkeep\n|turn|10\n|\n|t:|1700577340\n|move|p2a: Zygarde|Dragon Dance|p2a: Zygarde\n|-boost|p2a: Zygarde|atk|1\n|-boost|p2a: Zygarde|spe|1\n|move|p1a: Zygarde|Glare|p2a: Zygarde\n|-status|p2a: Zygarde|par\n|\n|-heal|p1a: Zygarde|84\/100|[from] item: Leftovers\n|upkeep\n|turn|11\n|\n|t:|1700577345\n|cant|p2a: Zygarde|par\n|move|p1a: Zygarde|Coil|p1a: Zygarde\n|-boost|p1a: Zygarde|atk|1\n|-boost|p1a: Zygarde|def|1\n|-boost|p1a: Zygarde|accuracy|1\n|\n|-heal|p1a: Zygarde|90\/100|[from] item: Leftovers\n|upkeep\n|turn|12\n|\n|t:|1700577350\n|move|p2a: Zygarde|Rest|p2a: Zygarde\n|-status|p2a: Zygarde|slp|[from] move: Rest\n|-heal|p2a: Zygarde|100\/100 slp|[silent]\n|move|p1a: Zygarde|Coil|p1a: Zygarde\n|-boost|p1a: Zygarde|atk|1\n|-boost|p1a: Zygarde|def|1\n|-boost|p1a: Zygarde|accuracy|1\n|\n|-heal|p1a: Zygarde|96\/100|[from] item: Leftovers\n|upkeep\n|turn|13\n|\n|t:|1700577352\n|cant|p2a: Zygarde|slp\n|move|p1a: Zygarde|Coil|p1a: Zygarde\n|-boost|p1a: Zygarde|atk|1\n|-boost|p1a: Zygarde|def|1\n|-boost|p1a: Zygarde|accuracy|1\n|\n|-heal|p1a: Zygarde|100\/100|[from] item: Leftovers\n|upkeep\n|turn|14\n|\n|t:|1700577354\n|cant|p2a: Zygarde|slp\n|move|p1a: Zygarde|Coil|p1a: Zygarde\n|-boost|p1a: Zygarde|atk|1\n|-boost|p1a: Zygarde|def|1\n|-boost|p1a: Zygarde|accuracy|1\n|\n|upkeep\n|turn|15\n|\n|t:|1700577356\n|-curestatus|p2a: Zygarde|slp|[msg]\n|move|p2a: Zygarde|Thousand Arrows|p1a: Zygarde\n|-damage|p1a: Zygarde|91\/100\n|move|p1a: Zygarde|Glare|p2a: Zygarde\n|-status|p2a: Zygarde|par\n|\n|-heal|p1a: Zygarde|97\/100|[from] item: Leftovers\n|upkeep\n|turn|16\n|\n|t:|1700577359\n|move|p2a: Zygarde|Dragon Dance|p2a: Zygarde\n|-boost|p2a: Zygarde|atk|1\n|-boost|p2a: Zygarde|spe|1\n|move|p1a: Zygarde|Coil|p1a: Zygarde\n|-boost|p1a: Zygarde|atk|1\n|-boost|p1a: Zygarde|def|1\n|-boost|p1a: Zygarde|accuracy|1\n|\n|-heal|p1a: Zygarde|100\/100|[from] item: Leftovers\n|upkeep\n|turn|17\n|\n|t:|1700577361\n|move|p2a: Zygarde|Dragon Dance|p2a: Zygarde\n|-boost|p2a: Zygarde|atk|1\n|-boost|p2a: Zygarde|spe|1\n|move|p1a: Zygarde|Thousand Arrows|p2a: Zygarde\n|-damage|p2a: Zygarde|43\/100 par\n|\n|upkeep\n|turn|18\n|\n|t:|1700577367\n|move|p2a: Zygarde|Rest|p2a: Zygarde\n|-status|p2a: Zygarde|slp|[from] move: Rest\n|-heal|p2a: Zygarde|100\/100 slp|[silent]\n|move|p1a: Zygarde|Thousand Arrows|p2a: Zygarde\n|-damage|p2a: Zygarde|45\/100 slp\n|\n|upkeep\n|turn|19\n|\n|t:|1700577374\n|cant|p2a: Zygarde|slp\n|move|p1a: Zygarde|Thousand Arrows|p2a: Zygarde\n|-damage|p2a: Zygarde|0 fnt\n|faint|p2a: Zygarde\n|\n|upkeep\n|\n|t:|1700577379\n|switch|p2a: Kyurem|Kyurem-White|100\/100\n|-damage|p2a: Kyurem|88\/100|[from] Spikes\n|-ability|p2a: Kyurem|Turboblaze\n|turn|20\n|\n|t:|1700577385\n|switch|p1a: Groudon|Groudon-Primal|25\/100\n|-weather|DesolateLand|[from] ability: Desolate Land|[of] p1a: Groudon\n|move|p2a: Kyurem|Freeze-Dry|p1a: Groudon\n|-damage|p1a: Groudon|0 fnt\n|faint|p1a: Groudon\n|-weather|none\n|\n|upkeep\n|\n|t:|1700577388\n|switch|p1a: Mewtwo|Mewtwo-Mega-X|100\/100\n|turn|21\n|\n|t:|1700577401\n|move|p1a: Mewtwo|Low Kick|p2a: Kyurem\n|-supereffective|p2a: Kyurem\n|-damage|p2a: Kyurem|0 fnt\n|faint|p2a: Kyurem\n|\n|upkeep\n|\n|t:|1700577415\n|switch|p2a: Kyogre|Kyogre-Primal|100\/100\n|-damage|p2a: Kyogre|88\/100|[from] Spikes\n|-weather|PrimordialSea|[from] ability: Primordial Sea|[of] p2a: Kyogre\n|turn|22\n|\n|t:|1700577424\n|switch|p1a: Cramorant|Cramorant-Gorging, M|100\/100\n|move|p2a: Kyogre|Scald|p1a: Cramorant\n|-resisted|p1a: Cramorant\n|-damage|p1a: Cramorant|62\/100\n|-status|p1a: Cramorant|brn\n|-damage|p2a: Kyogre|63\/100|[from] ability: Gulp Missile|[of] p1a: Cramorant\n|-status|p2a: Kyogre|par\n|-formechange|p1a: Cramorant|Cramorant|\n|\n|-weather|PrimordialSea|[upkeep]\n|-heal|p2a: Kyogre|69\/100 par|[from] item: Leftovers\n|-damage|p1a: Cramorant|56\/100 brn|[from] brn\n|upkeep\n|turn|23\n|\n|t:|1700577434\n|switch|p1a: Mewtwo|Mewtwo-Mega-X|100\/100\n|move|p2a: Kyogre|Substitute|p2a: Kyogre\n|-start|p2a: Kyogre|Substitute\n|-damage|p2a: Kyogre|44\/100 par\n|\n|-weather|PrimordialSea|[upkeep]\n|-heal|p2a: Kyogre|50\/100 par|[from] item: Leftovers\n|upkeep\n|turn|24\n|\n|t:|1700577445\n|move|p1a: Mewtwo|Low Kick|p2a: Kyogre\n|-end|p2a: Kyogre|Substitute\n|move|p2a: Kyogre|Scald|p1a: Mewtwo\n|-damage|p1a: Mewtwo|35\/100\n|\n|-weather|PrimordialSea|[upkeep]\n|-heal|p2a: Kyogre|57\/100 par|[from] item: Leftovers\n|upkeep\n|turn|25\n|\n|t:|1700577450\n|move|p1a: Mewtwo|Low Kick|p2a: Kyogre\n|-damage|p2a: Kyogre|0 fnt\n|faint|p2a: Kyogre\n|-weather|none\n|\n|upkeep\n|\n|t:|1700577455\n|switch|p2a: Metagross|Metagross-Mega|100\/100\n|-damage|p2a: Metagross|88\/100|[from] Spikes\n|turn|26\n|inactive|Pure Hackmons has 120 seconds left.\n|\n|t:|1700577488\n|move|p2a: Metagross|Iron Head|p1a: Mewtwo\n|-damage|p1a: Mewtwo|0 fnt\n|faint|p1a: Mewtwo\n|\n|upkeep\n|inactive|Pure Hackmons has 120 seconds left.\n|\n|t:|1700577494\n|switch|p1a: Arceus|Arceus-Water|100\/100\n|-start|p1a: Arceus|typechange|Fairy|[silent]\n|turn|27\n|j| Gyattebayo\n|inactive|Penter has 120 seconds left.\n|\n|t:|1700577530\n|-terastallize|p1a: Arceus|Water\n|move|p2a: Metagross|Bullet Punch|p1a: Arceus\n|-resisted|p1a: Arceus\n|-damage|p1a: Arceus|93\/100\n|move|p1a: Arceus|Judgment|p2a: Metagross\n|-resisted|p2a: Metagross\n|-damage|p2a: Metagross|71\/100\n|\n|upkeep\n|turn|28\n|inactive|Pure Hackmons has 120 seconds left.\n|\n|t:|1700577557\n|move|p2a: Metagross|Earthquake|p1a: Arceus\n|-damage|p1a: Arceus|75\/100\n|move|p1a: Arceus|Judgment|p2a: Metagross\n|-resisted|p2a: Metagross\n|-damage|p2a: Metagross|56\/100\n|\n|upkeep\n|turn|29\n|inactive|Penter has 120 seconds left.\n|\n|t:|1700577587\n|move|p2a: Metagross|Iron Head|p1a: Arceus\n|-resisted|p1a: Arceus\n|-damage|p1a: Arceus|59\/100\n|cant|p1a: Arceus|flinch\n|\n|upkeep\n|turn|30\n|inactive|Pure Hackmons has 120 seconds left.\n|\n|t:|1700577612\n|switch|p2a: Xerneas|Xerneas|48\/100\n|-damage|p2a: Xerneas|36\/100|[from] Spikes\n|-ability|p2a: Xerneas|Fairy Aura\n|move|p1a: Arceus|Recover|p1a: Arceus\n|-heal|p1a: Arceus|100\/100\n|\n|upkeep\n|turn|31\n|\n|t:|1700577624\n|move|p1a: Arceus|Judgment|p2a: Xerneas\n|-damage|p2a: Xerneas|0 fnt\n|faint|p2a: Xerneas\n|\n|upkeep\n|\n|t:|1700577625\n|switch|p2a: Metagross|Metagross-Mega|56\/100\n|-damage|p2a: Metagross|43\/100|[from] Spikes\n|turn|32\n|-message|Penter forfeited.\n|\n|win|Pure Hackmons\n|n|\u2606Pure Hackmons|purehackmons\n|n|\u2606Penter|penter\n|n|*Lady Monita \u2746|ladymonita\n|n| RUMYMOME|rumymome\n|n| Gyattebayo|gyattebayo\n|l|*Lady Monita \u2746\n|l|\u2606Penter\n|l| Gyattebayo\n|l|\u2606Pure Hackmons\n|j|\u2606Pure Hackmons\n|player|p1|Pure Hackmons|ethan\n|l|\u2606Pure Hackmons\n|player|p1|\n","uploadtime":1700577777,"views":0,"p1id":"purehackmons","p2id":"penter","formatid":"gen9nationaldexubers","rating":0,"private":0,"password":""}