{"id":"gen9nationaldexubers-1981967100","p1":"ShrimpTheShrimp","p2":"Cowtown Cowfolk","format":"[Gen 9] National Dex Ubers","log":"|j|\u2606ShrimpTheShrimp\n|j|\u2606Cowtown Cowfolk\n|t:|1698955646\n|gametype|singles\n|player|p1|ShrimpTheShrimp|ltsurge|1556\n|player|p2|Cowtown Cowfolk|clay|1502\n|teamsize|p1|6\n|teamsize|p2|6\n|gen|9\n|tier|[Gen 9] National Dex Ubers\n|rated|\n|rule|HP Percentage Mod: HP is shown in percentages\n|rule|Endless Battle Clause: Forcing endless battles is banned\n|rule|OHKO Clause: OHKO moves are banned\n|rule|Evasion Moves Clause: Evasion moves are banned\n|rule|Evasion Items Clause: Evasion items are banned\n|rule|Species Clause: Limit one of each Pok\u00e9mon\n|rule|Sleep Clause Mod: Limit one foe put to sleep\n|rule|Mega Rayquaza Clause: You cannot mega evolve Rayquaza\n|clearpoke\n|poke|p1|Zygarde|\n|poke|p1|Ho-Oh|\n|poke|p1|Ferrothorn, F|\n|poke|p1|Giratina|\n|poke|p1|Chansey, F|\n|poke|p1|Ditto|\n|poke|p2|Xatu, M|\n|poke|p2|Mawile, M|\n|poke|p2|Calyrex-Ice|\n|poke|p2|Kyogre|\n|poke|p2|Regieleki|\n|poke|p2|Gliscor, M|\n|teampreview\n|\n|t:|1698955662\n|start\n|switch|p1a: Do The Worm|Giratina, shiny|100\/100\n|switch|p2a: Regieleki|Regieleki|100\/100\n|-ability|p1a: Do The Worm|Pressure\n|turn|1\n|\n|t:|1698955666\n|move|p2a: Regieleki|Volt Switch|p1a: Do The Worm\n|-resisted|p1a: Do The Worm\n|-damage|p1a: Do The Worm|82\/100\n|\n|t:|1698955670\n|switch|p2a: Xatu|Xatu, M|100\/100|[from] Volt Switch\n|move|p1a: Do The Worm|Hex|p2a: Xatu\n|-supereffective|p2a: Xatu\n|-damage|p2a: Xatu|35\/100\n|\n|-heal|p1a: Do The Worm|88\/100|[from] item: Leftovers\n|upkeep\n|turn|2\n|\n|t:|1698955687\n|move|p1a: Do The Worm|Hex|p2a: Xatu\n|-supereffective|p2a: Xatu\n|-damage|p2a: Xatu|0 fnt\n|faint|p2a: Xatu\n|\n|-heal|p1a: Do The Worm|94\/100|[from] item: Leftovers\n|upkeep\n|\n|t:|1698955698\n|switch|p2a: Kyogre|Kyogre|100\/100\n|detailschange|p2a: Kyogre|Kyogre-Primal\n|-primal|p2a: Kyogre|Blue Orb\n|-weather|PrimordialSea|[from] ability: Primordial Sea|[of] p2a: Kyogre\n|turn|3\n|\n|t:|1698955709\n|switch|p1a: Lev 18:22|Ferrothorn, F|100\/100\n|move|p2a: Kyogre|Calm Mind|p2a: Kyogre\n|-boost|p2a: Kyogre|spa|1\n|-boost|p2a: Kyogre|spd|1\n|\n|-weather|PrimordialSea|[upkeep]\n|upkeep\n|turn|4\n|\n|t:|1698955720\n|move|p2a: Kyogre|Water Spout|p1a: Lev 18:22\n|-resisted|p1a: Lev 18:22\n|-damage|p1a: Lev 18:22|18\/100\n|move|p1a: Lev 18:22|Leech Seed|p2a: Kyogre\n|-start|p2a: Kyogre|move: Leech Seed\n|\n|-weather|PrimordialSea|[upkeep]\n|-heal|p1a: Lev 18:22|25\/100|[from] item: Leftovers\n|-damage|p2a: Kyogre|88\/100|[from] Leech Seed|[of] p1a: Lev 18:22\n|-heal|p1a: Lev 18:22|39\/100|[silent]\n|upkeep\n|turn|5\n|\n|t:|1698955729\n|move|p1a: Lev 18:22|Protect|p1a: Lev 18:22\n|-singleturn|p1a: Lev 18:22|Protect\n|move|p2a: Kyogre|Water Spout|p1a: Lev 18:22\n|-activate|p1a: Lev 18:22|move: Protect\n|\n|-weather|PrimordialSea|[upkeep]\n|-heal|p1a: Lev 18:22|45\/100|[from] item: Leftovers\n|-damage|p2a: Kyogre|76\/100|[from] Leech Seed|[of] p1a: Lev 18:22\n|-heal|p1a: Lev 18:22|59\/100|[silent]\n|upkeep\n|turn|6\n|\n|t:|1698955740\n|switch|p1a: You Got No Chance|Chansey, F, shiny|100\/100\n|move|p2a: Kyogre|Water Spout|p1a: You Got No Chance\n|-damage|p1a: You Got No Chance|39\/100\n|\n|-weather|PrimordialSea|[upkeep]\n|-damage|p2a: Kyogre|63\/100|[from] Leech Seed|[of] p1a: You Got No Chance\n|-heal|p1a: You Got No Chance|46\/100|[silent]\n|upkeep\n|turn|7\n|j| UserJexx\n|\n|t:|1698955752\n|-weather|none\n|switch|p2a: Gliscor|Gliscor, M|100\/100\n|switch|p1a: Lev 18:22|Ferrothorn, F|59\/100\n|\n|-heal|p1a: Lev 18:22|66\/100|[from] item: Leftovers\n|-status|p2a: Gliscor|tox|[from] item: Toxic Orb\n|upkeep\n|turn|8\n|\n|t:|1698955760\n|move|p2a: Gliscor|Spikes|p1a: Lev 18:22\n|-sidestart|p1: ShrimpTheShrimp|Spikes\n|move|p1a: Lev 18:22|Stealth Rock|p2a: Gliscor\n|-sidestart|p2: Cowtown Cowfolk|move: Stealth Rock\n|\n|-heal|p1a: Lev 18:22|72\/100|[from] item: Leftovers\n|upkeep\n|turn|9\n|\n|t:|1698955764\n|move|p2a: Gliscor|Stealth Rock|p1a: Lev 18:22\n|-sidestart|p1: ShrimpTheShrimp|move: Stealth Rock\n|move|p1a: Lev 18:22|Spikes|p2a: Gliscor\n|-sidestart|p2: Cowtown Cowfolk|Spikes\n|\n|-heal|p1a: Lev 18:22|78\/100|[from] item: Leftovers\n|upkeep\n|turn|10\n|\n|t:|1698955769\n|move|p2a: Gliscor|Knock Off|p1a: Lev 18:22\n|-damage|p1a: Lev 18:22|63\/100\n|-damage|p2a: Gliscor|88\/100 tox|[from] ability: Iron Barbs|[of] p1a: Lev 18:22\n|-enditem|p1a: Lev 18:22|Leftovers|[from] move: Knock Off|[of] p2a: Gliscor\n|move|p1a: Lev 18:22|Spikes|p2a: Gliscor\n|-sidestart|p2: Cowtown Cowfolk|Spikes\n|\n|-heal|p2a: Gliscor|100\/100 tox|[from] ability: Poison Heal\n|upkeep\n|turn|11\n|\n|t:|1698955775\n|move|p2a: Gliscor|Spikes|p1a: Lev 18:22\n|-sidestart|p1: ShrimpTheShrimp|Spikes\n|move|p1a: Lev 18:22|Leech Seed|p2a: Gliscor\n|-start|p2a: Gliscor|move: Leech Seed\n|\n|-damage|p2a: Gliscor|88\/100 tox|[from] Leech Seed|[of] p1a: Lev 18:22\n|-heal|p1a: Lev 18:22|75\/100|[silent]\n|-heal|p2a: Gliscor|100\/100 tox|[from] ability: Poison Heal\n|upkeep\n|turn|12\n|\n|t:|1698955780\n|move|p2a: Gliscor|U-turn|p1a: Lev 18:22\n|-damage|p1a: Lev 18:22|63\/100\n|-damage|p2a: Gliscor|88\/100 tox|[from] ability: Iron Barbs|[of] p1a: Lev 18:22\n|\n|t:|1698955783\n|switch|p2a: Regieleki|Regieleki|100\/100|[from] U-turn\n|-damage|p2a: Regieleki|88\/100|[from] Stealth Rock\n|-damage|p2a: Regieleki|72\/100|[from] Spikes\n|move|p1a: Lev 18:22|Spikes|p2a: Regieleki\n|-sidestart|p2: Cowtown Cowfolk|Spikes\n|\n|upkeep\n|turn|13\n|\n|t:|1698955788\n|move|p1a: Lev 18:22|Protect|p1a: Lev 18:22\n|-singleturn|p1a: Lev 18:22|Protect\n|move|p2a: Regieleki|Thunder|p1a: Lev 18:22\n|-activate|p1a: Lev 18:22|move: Protect\n|\n|upkeep\n|turn|14\n|\n|t:|1698955793\n|move|p2a: Regieleki|Thunder|p1a: Lev 18:22|[miss]\n|-miss|p2a: Regieleki|p1a: Lev 18:22\n|move|p1a: Lev 18:22|Leech Seed|p2a: Regieleki\n|-start|p2a: Regieleki|move: Leech Seed\n|\n|-damage|p2a: Regieleki|59\/100|[from] Leech Seed|[of] p1a: Lev 18:22\n|-heal|p1a: Lev 18:22|74\/100|[silent]\n|upkeep\n|turn|15\n|\n|t:|1698955800\n|move|p2a: Regieleki|Thunder|p1a: Lev 18:22\n|-resisted|p1a: Lev 18:22\n|-damage|p1a: Lev 18:22|40\/100\n|-status|p1a: Lev 18:22|par\n|move|p1a: Lev 18:22|Leech Seed||[still]\n|-fail|p1a: Lev 18:22\n|\n|-damage|p2a: Regieleki|47\/100|[from] Leech Seed|[of] p1a: Lev 18:22\n|-heal|p1a: Lev 18:22|50\/100 par|[silent]\n|upkeep\n|turn|16\n|\n|t:|1698955807\n|switch|p2a: Gliscor|Gliscor, M|88\/100 tox\n|-damage|p2a: Gliscor|76\/100 tox|[from] Stealth Rock\n|move|p1a: Lev 18:22|Protect||[still]\n|-fail|p1a: Lev 18:22\n|\n|-heal|p2a: Gliscor|88\/100 tox|[from] ability: Poison Heal\n|upkeep\n|turn|17\n|\n|t:|1698955817\n|move|p2a: Gliscor|Spikes|p1a: Lev 18:22\n|-sidestart|p1: ShrimpTheShrimp|Spikes\n|move|p1a: Lev 18:22|Leech Seed|p2a: Gliscor\n|-start|p2a: Gliscor|move: Leech Seed\n|\n|-damage|p2a: Gliscor|76\/100 tox|[from] Leech Seed|[of] p1a: Lev 18:22\n|-heal|p1a: Lev 18:22|63\/100 par|[silent]\n|-heal|p2a: Gliscor|88\/100 tox|[from] ability: Poison Heal\n|upkeep\n|turn|18\n|\n|t:|1698955827\n|switch|p2a: Kyogre|Kyogre-Primal|63\/100\n|-damage|p2a: Kyogre|51\/100|[from] Stealth Rock\n|-damage|p2a: Kyogre|26\/100|[from] Spikes\n|-weather|PrimordialSea|[from] ability: Primordial Sea|[of] p2a: Kyogre\n|switch|p1a: Who you call a ho?|Ho-Oh, shiny|100\/100\n|\n|-weather|PrimordialSea|[upkeep]\n|upkeep\n|turn|19\n|\n|t:|1698955836\n|switch|p1a: Lev 18:22|Ferrothorn, F|63\/100 par\n|-damage|p1a: Lev 18:22|38\/100 par|[from] Spikes\n|-damage|p1a: Lev 18:22|31\/100 par|[from] Stealth Rock\n|move|p2a: Kyogre|Ice Beam|p1a: Lev 18:22\n|-damage|p1a: Lev 18:22|1\/100 par\n|\n|-weather|PrimordialSea|[upkeep]\n|upkeep\n|turn|20\n|l| UserJexx\n|\n|t:|1698955850\n|move|p2a: Kyogre|Ice Beam|p1a: Lev 18:22\n|-damage|p1a: Lev 18:22|0 fnt\n|faint|p1a: Lev 18:22\n|\n|-weather|PrimordialSea|[upkeep]\n|upkeep\n|\n|t:|1698955854\n|switch|p1a: I'm You|Ditto, shiny|100\/100\n|-damage|p1a: I'm You|75\/100|[from] Spikes\n|-damage|p1a: I'm You|63\/100|[from] Stealth Rock\n|-transform|p1a: I'm You|p2a: Kyogre|[from] ability: Imposter\n|turn|21\n|\n|t:|1698955876\n|move|p1a: I'm You|Water Spout|p2a: Kyogre\n|-resisted|p2a: Kyogre\n|-damage|p2a: Kyogre|0 fnt\n|faint|p2a: Kyogre\n|\n|-weather|PrimordialSea|[upkeep]\n|upkeep\n|\n|t:|1698955884\n|switch|p2a: Regieleki|Regieleki|47\/100\n|-damage|p2a: Regieleki|35\/100|[from] Stealth Rock\n|-damage|p2a: Regieleki|10\/100|[from] Spikes\n|turn|22\n|\n|t:|1698955888\n|-weather|none\n|switch|p1a: Snail of Doom|Zygarde, shiny|100\/100\n|-damage|p1a: Snail of Doom|76\/100|[from] Spikes\n|-damage|p1a: Snail of Doom|70\/100|[from] Stealth Rock\n|move|p2a: Regieleki|Thunder|p1a: Snail of Doom\n|-immune|p1a: Snail of Doom\n|\n|-heal|p1a: Snail of Doom|76\/100|[from] item: Leftovers\n|upkeep\n|turn|23\n|\n|t:|1698955901\n|switch|p2a: Gliscor|Gliscor, M|88\/100 tox\n|-damage|p2a: Gliscor|76\/100 tox|[from] Stealth Rock\n|-terastallize|p1a: Snail of Doom|Fairy\n|move|p1a: Snail of Doom|Coil|p1a: Snail of Doom\n|-boost|p1a: Snail of Doom|atk|1\n|-boost|p1a: Snail of Doom|def|1\n|-boost|p1a: Snail of Doom|accuracy|1\n|\n|-heal|p1a: Snail of Doom|82\/100|[from] item: Leftovers\n|-heal|p2a: Gliscor|88\/100 tox|[from] ability: Poison Heal\n|upkeep\n|turn|24\n|\n|t:|1698955907\n|move|p1a: Snail of Doom|Glare||[still]\n|-fail|p1a: Snail of Doom\n|move|p2a: Gliscor|Knock Off|p1a: Snail of Doom\n|-resisted|p1a: Snail of Doom\n|-damage|p1a: Snail of Doom|78\/100\n|-enditem|p1a: Snail of Doom|Leftovers|[from] move: Knock Off|[of] p2a: Gliscor\n|\n|-heal|p2a: Gliscor|100\/100 tox|[from] ability: Poison Heal\n|upkeep\n|turn|25\n|\n|t:|1698955914\n|move|p1a: Snail of Doom|Coil|p1a: Snail of Doom\n|-boost|p1a: Snail of Doom|atk|1\n|-boost|p1a: Snail of Doom|def|1\n|-boost|p1a: Snail of Doom|accuracy|1\n|move|p2a: Gliscor|U-turn|p1a: Snail of Doom\n|-resisted|p1a: Snail of Doom\n|-damage|p1a: Snail of Doom|75\/100\n|\n|t:|1698955917\n|switch|p2a: Mawile|Mawile, M|100\/100|[from] U-turn\n|-damage|p2a: Mawile|95\/100|[from] Stealth Rock\n|-damage|p2a: Mawile|70\/100|[from] Spikes\n|-ability|p2a: Mawile|Intimidate|boost\n|-unboost|p1a: Snail of Doom|atk|1\n|\n|upkeep\n|turn|26\n|\n|t:|1698955924\n|detailschange|p2a: Mawile|Mawile-Mega, M\n|-mega|p2a: Mawile|Mawile|Mawilite\n|move|p1a: Snail of Doom|Thousand Arrows|p2a: Mawile\n|-supereffective|p2a: Mawile\n|-damage|p2a: Mawile|0 fnt\n|faint|p2a: Mawile\n|\n|upkeep\n|\n|t:|1698955927\n|switch|p2a: Calyrex|Calyrex-Ice|100\/100\n|-ability|p2a: Calyrex|As One\n|-ability|p2a: Calyrex|Unnerve\n|-damage|p2a: Calyrex|75\/100|[from] Stealth Rock\n|-damage|p2a: Calyrex|50\/100|[from] Spikes\n|turn|27\n|\n|t:|1698955931\n|move|p1a: Snail of Doom|Coil|p1a: Snail of Doom\n|-boost|p1a: Snail of Doom|atk|1\n|-boost|p1a: Snail of Doom|def|1\n|-boost|p1a: Snail of Doom|accuracy|1\n|move|p2a: Calyrex|Swords Dance|p2a: Calyrex\n|-boost|p2a: Calyrex|atk|2\n|\n|-heal|p2a: Calyrex|57\/100|[from] item: Leftovers\n|upkeep\n|turn|28\n|\n|t:|1698955939\n|move|p1a: Snail of Doom|Thousand Arrows|p2a: Calyrex\n|-damage|p2a: Calyrex|22\/100\n|move|p2a: Calyrex|Glacial Lance|p1a: Snail of Doom\n|-damage|p1a: Snail of Doom|35\/100\n|\n|-heal|p2a: Calyrex|28\/100|[from] item: Leftovers\n|-activate|p1a: Snail of Doom|ability: Power Construct\n|detailschange|p1a: Snail of Doom|Zygarde-Complete, shiny, tera:Fairy\n|-heal|p1a: Snail of Doom|58\/100|[silent]\n|upkeep\n|turn|29\n|\n|t:|1698955945\n|move|p1a: Snail of Doom|Thousand Arrows|p2a: Calyrex\n|-damage|p2a: Calyrex|0 fnt\n|faint|p2a: Calyrex\n|\n|upkeep\n|\n|t:|1698955948\n|switch|p2a: Regieleki|Regieleki|10\/100\n|-damage|p2a: Regieleki|0 fnt|[from] Stealth Rock\n|faint|p2a: Regieleki\n|\n|t:|1698955949\n|switch|p2a: Gliscor|Gliscor, M|100\/100 tox\n|-damage|p2a: Gliscor|88\/100 tox|[from] Stealth Rock\n|turn|30\n|\n|t:|1698955953\n|move|p1a: Snail of Doom|Coil|p1a: Snail of Doom\n|-boost|p1a: Snail of Doom|atk|1\n|-boost|p1a: Snail of Doom|def|1\n|-boost|p1a: Snail of Doom|accuracy|1\n|move|p2a: Gliscor|Knock Off|p1a: Snail of Doom\n|-resisted|p1a: Snail of Doom\n|-damage|p1a: Snail of Doom|57\/100\n|\n|-heal|p2a: Gliscor|100\/100 tox|[from] ability: Poison Heal\n|upkeep\n|turn|31\n|c|\u2606ShrimpTheShrimp|gg\n|c|\u2606Cowtown Cowfolk|No need to be an ass with delaying it.\n|\n|t:|1698955972\n|move|p1a: Snail of Doom|Coil|p1a: Snail of Doom\n|-boost|p1a: Snail of Doom|atk|1\n|-boost|p1a: Snail of Doom|def|1\n|-boost|p1a: Snail of Doom|accuracy|1\n|move|p2a: Gliscor|U-turn|p1a: Snail of Doom\n|-resisted|p1a: Snail of Doom\n|-damage|p1a: Snail of Doom|56\/100\n|\n|upkeep\n|turn|32\n|c|\u2606ShrimpTheShrimp|I'm putting it in range of 2hko\n|c|\u2606ShrimpTheShrimp|lol\n|\n|t:|1698955981\n|move|p1a: Snail of Doom|Thousand Arrows|p2a: Gliscor\n|-damage|p2a: Gliscor|41\/100 tox\n|-start|p2a: Gliscor|Smack Down\n|move|p2a: Gliscor|Knock Off|p1a: Snail of Doom\n|-resisted|p1a: Snail of Doom\n|-damage|p1a: Snail of Doom|55\/100\n|\n|-heal|p2a: Gliscor|53\/100 tox|[from] ability: Poison Heal\n|upkeep\n|turn|33\n|c|\u2606ShrimpTheShrimp|it's no offense investment\n|\n|t:|1698955989\n|move|p1a: Snail of Doom|Thousand Arrows|p2a: Gliscor\n|-damage|p2a: Gliscor|0 fnt\n|faint|p2a: Gliscor\n|\n|win|ShrimpTheShrimp\n|raw|ShrimpTheShrimp's rating: 1556 &rarr; <strong>1573<\/strong><br \/>(+17 for winning)\n|raw|Cowtown Cowfolk's rating: 1502 &rarr; <strong>1485<\/strong><br \/>(-17 for losing)\n|c|\u2606ShrimpTheShrimp|it was to counter poison heal\n","uploadtime":1698956020,"views":11,"p1id":"shrimptheshrimp","p2id":"cowtowncowfolk","formatid":"gen9nationaldexubers","rating":1485,"private":0,"password":""}