{"id":"gen9nationaldexubers-1985867961","p1":"Batoim","p2":"JJEAN011","format":"[Gen 9] National Dex Ubers","log":"|j|\u2606Batoim\n|j|\u2606JJEAN011\n|t:|1699415221\n|gametype|singles\n|player|p1|Batoim|169|1056\n|player|p2|JJEAN011|hoopster|1104\n|teamsize|p1|6\n|teamsize|p2|6\n|gen|9\n|tier|[Gen 9] National Dex Ubers\n|rated|\n|rule|HP Percentage Mod: HP is shown in percentages\n|rule|Endless Battle Clause: Forcing endless battles is banned\n|rule|OHKO Clause: OHKO moves are banned\n|rule|Evasion Moves Clause: Evasion moves are banned\n|rule|Evasion Items Clause: Evasion items are banned\n|rule|Species Clause: Limit one of each Pok\u00e9mon\n|rule|Sleep Clause Mod: Limit one foe put to sleep\n|rule|Mega Rayquaza Clause: You cannot mega evolve Rayquaza\n|clearpoke\n|poke|p1|Grimmsnarl, M|\n|poke|p1|Incineroar, M|\n|poke|p1|Charizard, F|\n|poke|p1|Inteleon, M|\n|poke|p1|Amoonguss, F|\n|poke|p1|Gholdengo|\n|poke|p2|Ceruledge, M|\n|poke|p2|Armarouge, F|\n|poke|p2|Scizor, M|\n|poke|p2|Bisharp, M|\n|poke|p2|Annihilape, M|\n|poke|p2|Gallade, M|\n|teampreview\n|inactive|Battle timer is ON: inactive players will automatically lose when time's up. (requested by Batoim)\n|\n|t:|1699415246\n|start\n|switch|p1a: Grimmsnarl|Grimmsnarl, M|100\/100\n|switch|p2a: Bisharp|Bisharp, M|100\/100\n|turn|1\n|\n|t:|1699415260\n|switch|p1a: Charizard|Charizard, F|100\/100\n|move|p2a: Bisharp|Power-Up Punch|p1a: Charizard\n|-resisted|p1a: Charizard\n|-damage|p1a: Charizard|90\/100\n|-boost|p2a: Bisharp|atk|1\n|\n|upkeep\n|turn|2\n|\n|t:|1699415270\n|detailschange|p1a: Charizard|Charizard-Mega-Y, F\n|-mega|p1a: Charizard|Charizard|Charizardite Y\n|-weather|SunnyDay|[from] ability: Drought|[of] p1a: Charizard\n|move|p2a: Bisharp|Sucker Punch|p1a: Charizard\n|-damage|p1a: Charizard|5\/100\n|move|p1a: Charizard|Flamethrower|p2a: Bisharp\n|-supereffective|p2a: Bisharp\n|-crit|p2a: Bisharp\n|-damage|p2a: Bisharp|0 fnt\n|faint|p2a: Bisharp\n|\n|-weather|SunnyDay|[upkeep]\n|upkeep\n|\n|t:|1699415281\n|switch|p2a: Gallade|Gallade, M|100\/100\n|turn|3\n|\n|t:|1699415291\n|move|p2a: Gallade|Shadow Sneak|p1a: Charizard\n|-damage|p1a: Charizard|0 fnt\n|faint|p1a: Charizard\n|\n|-weather|SunnyDay|[upkeep]\n|upkeep\n|\n|t:|1699415296\n|switch|p1a: Incineroar|Incineroar, M|100\/100\n|-ability|p1a: Incineroar|Intimidate|boost\n|-unboost|p2a: Gallade|atk|1\n|turn|4\n|\n|t:|1699415302\n|switch|p2a: Scizor|Scizor, M|100\/100\n|move|p1a: Incineroar|Fake Out|p2a: Scizor\n|-resisted|p2a: Scizor\n|-crit|p2a: Scizor\n|-damage|p2a: Scizor|92\/100\n|\n|-weather|SunnyDay|[upkeep]\n|upkeep\n|turn|5\n|\n|t:|1699415305\n|detailschange|p2a: Scizor|Scizor-Mega, M\n|-mega|p2a: Scizor|Scizor|Scizorite\n|move|p2a: Scizor|Bug Bite|p1a: Incineroar\n|-damage|p1a: Incineroar|55\/100\n|-enditem|p1a: Incineroar|Shuca Berry|[from] stealeat|[move] Bug Bite|[of] p2a: Scizor\n|move|p1a: Incineroar|Will-O-Wisp|p2a: Scizor\n|-status|p2a: Scizor|brn\n|\n|-weather|SunnyDay|[upkeep]\n|-damage|p2a: Scizor|86\/100 brn|[from] brn\n|upkeep\n|turn|6\n|\n|t:|1699415315\n|move|p2a: Scizor|Aerial Ace|p1a: Incineroar\n|-damage|p1a: Incineroar|42\/100\n|move|p1a: Incineroar|Parting Shot|p2a: Scizor\n|-unboost|p2a: Scizor|atk|1\n|-unboost|p2a: Scizor|spa|1\n|\n|t:|1699415325\n|switch|p1a: Gholdengo|Gholdengo|100\/100|[from] Parting Shot\n|\n|-weather|none\n|-damage|p2a: Scizor|80\/100 brn|[from] brn\n|upkeep\n|turn|7\n|\n|t:|1699415349\n|move|p1a: Gholdengo|Nasty Plot|p1a: Gholdengo\n|-boost|p1a: Gholdengo|spa|2\n|move|p2a: Scizor|Bug Bite|p1a: Gholdengo\n|-resisted|p1a: Gholdengo\n|-damage|p1a: Gholdengo|96\/100\n|\n|-heal|p1a: Gholdengo|100\/100|[from] item: Leftovers\n|-damage|p2a: Scizor|74\/100 brn|[from] brn\n|upkeep\n|turn|8\n|\n|t:|1699415355\n|move|p1a: Gholdengo|Shadow Ball|p2a: Scizor\n|-damage|p2a: Scizor|0 fnt\n|faint|p2a: Scizor\n|\n|upkeep\n|\n|t:|1699415360\n|switch|p2a: Gallade|Gallade, M|100\/100\n|turn|9\n|\n|t:|1699415375\n|move|p2a: Gallade|Shadow Sneak|p1a: Gholdengo\n|-supereffective|p1a: Gholdengo\n|-damage|p1a: Gholdengo|76\/100\n|move|p1a: Gholdengo|Make It Rain|p2a: Gallade\n|-enditem|p2a: Gallade|Focus Sash\n|-damage|p2a: Gallade|1\/100\n|-unboost|p1a: Gholdengo|spa|1\n|\n|-heal|p1a: Gholdengo|82\/100|[from] item: Leftovers\n|upkeep\n|turn|10\n|\n|t:|1699415384\n|move|p2a: Gallade|Destiny Bond|p2a: Gallade\n|-singlemove|p2a: Gallade|Destiny Bond\n|move|p1a: Gholdengo|Nasty Plot|p1a: Gholdengo\n|-boost|p1a: Gholdengo|spa|2\n|\n|-heal|p1a: Gholdengo|88\/100|[from] item: Leftovers\n|upkeep\n|turn|11\n|\n|t:|1699415394\n|switch|p1a: Incineroar|Incineroar, M|42\/100\n|-ability|p1a: Incineroar|Intimidate|boost\n|-unboost|p2a: Gallade|atk|1\n|move|p2a: Gallade|Shadow Sneak|p1a: Incineroar\n|-resisted|p1a: Incineroar\n|-damage|p1a: Incineroar|39\/100\n|\n|upkeep\n|turn|12\n|\n|t:|1699415406\n|switch|p2a: Armarouge|Armarouge, F|100\/100\n|move|p1a: Incineroar|Fake Out|p2a: Armarouge\n|-damage|p2a: Armarouge|90\/100\n|-ability|p2a: Armarouge|Weak Armor|boost\n|-unboost|p2a: Armarouge|def|1\n|-boost|p2a: Armarouge|spe|2\n|\n|upkeep\n|turn|13\n|\n|t:|1699415422\n|move|p2a: Armarouge|Aura Sphere|p1a: Incineroar\n|-supereffective|p1a: Incineroar\n|-damage|p1a: Incineroar|0 fnt\n|faint|p1a: Incineroar\n|\n|upkeep\n|\n|t:|1699415428\n|switch|p1a: Grimmsnarl|Grimmsnarl, M|100\/100\n|turn|14\n|\n|t:|1699415435\n|move|p1a: Grimmsnarl|Thunder Wave|p2a: Armarouge\n|-status|p2a: Armarouge|par\n|move|p2a: Armarouge|Flash Cannon|p1a: Grimmsnarl\n|-supereffective|p1a: Grimmsnarl\n|-damage|p1a: Grimmsnarl|32\/100\n|\n|upkeep\n|turn|15\n|\n|t:|1699415444\n|move|p1a: Grimmsnarl|Light Screen|p1a: Grimmsnarl\n|-sidestart|p1: Batoim|move: Light Screen\n|move|p2a: Armarouge|Flash Cannon|p1a: Grimmsnarl\n|-supereffective|p1a: Grimmsnarl\n|-damage|p1a: Grimmsnarl|0 fnt\n|faint|p1a: Grimmsnarl\n|\n|upkeep\n|\n|t:|1699415447\n|switch|p1a: Inteleon|Inteleon, M|100\/100\n|turn|16\n|\n|t:|1699415451\n|move|p1a: Inteleon|Snipe Shot|p2a: Armarouge\n|-supereffective|p2a: Armarouge\n|-damage|p2a: Armarouge|5\/100 par\n|-damage|p1a: Inteleon|91\/100|[from] item: Life Orb\n|move|p2a: Armarouge|Psychic|p1a: Inteleon\n|-damage|p1a: Inteleon|45\/100\n|\n|upkeep\n|turn|17\n|\n|t:|1699415460\n|move|p1a: Inteleon|Aqua Jet|p2a: Armarouge\n|-supereffective|p2a: Armarouge\n|-damage|p2a: Armarouge|0 fnt\n|faint|p2a: Armarouge\n|-damage|p1a: Inteleon|35\/100|[from] item: Life Orb\n|\n|upkeep\n|\n|t:|1699415476\n|switch|p2a: Ceruledge|Ceruledge, M|100\/100\n|turn|18\n|\n|t:|1699415495\n|-terastallize|p2a: Ceruledge|Normal\n|move|p1a: Inteleon|Flip Turn|p2a: Ceruledge\n|-damage|p2a: Ceruledge|75\/100\n|-ability|p2a: Ceruledge|Weak Armor|boost\n|-unboost|p2a: Ceruledge|def|1\n|-boost|p2a: Ceruledge|spe|2\n|-damage|p1a: Inteleon|25\/100|[from] item: Life Orb\n|\n|t:|1699415500\n|switch|p1a: Gholdengo|Gholdengo|88\/100|[from] Flip Turn\n|move|p2a: Ceruledge|Brick Break|p1a: Gholdengo\n|-immune|p1a: Gholdengo\n|\n|-heal|p1a: Gholdengo|94\/100|[from] item: Leftovers\n|upkeep\n|turn|19\n|\n|t:|1699415509\n|move|p2a: Ceruledge|Bitter Blade|p1a: Gholdengo\n|-supereffective|p1a: Gholdengo\n|-damage|p1a: Gholdengo|3\/100\n|-heal|p2a: Ceruledge|100\/100|[from] drain|[of] p1a: Gholdengo\n|move|p1a: Gholdengo|Nasty Plot|p1a: Gholdengo\n|-boost|p1a: Gholdengo|spa|2\n|\n|-heal|p1a: Gholdengo|9\/100|[from] item: Leftovers\n|upkeep\n|turn|20\n|\n|t:|1699415516\n|move|p2a: Ceruledge|Flame Charge|p1a: Gholdengo\n|-supereffective|p1a: Gholdengo\n|-damage|p1a: Gholdengo|0 fnt\n|-boost|p2a: Ceruledge|spe|1\n|faint|p1a: Gholdengo\n|\n|upkeep\n|\n|t:|1699415521\n|switch|p1a: Amoonguss|Amoonguss, F|100\/100\n|turn|21\n|\n|t:|1699415533\n|move|p2a: Ceruledge|Bitter Blade|p1a: Amoonguss\n|-supereffective|p1a: Amoonguss\n|-damage|p1a: Amoonguss|0 fnt\n|faint|p1a: Amoonguss\n|\n|upkeep\n|\n|t:|1699415536\n|switch|p1a: Inteleon|Inteleon, M|25\/100\n|turn|22\n|\n|t:|1699415548\n|move|p2a: Ceruledge|Brick Break|p1a: Inteleon\n|-sideend|p1: Batoim|move: Light Screen\n|-damage|p1a: Inteleon|0 fnt\n|faint|p1a: Inteleon\n|\n|win|JJEAN011\n|raw|Batoim's rating: 1056 &rarr; <strong>1040<\/strong><br \/>(-16 for losing)\n|raw|JJEAN011's rating: 1104 &rarr; <strong>1126<\/strong><br \/>(+22 for winning)\n","uploadtime":1699415554,"views":5,"p1id":"batoim","p2id":"jjean011","formatid":"gen9nationaldexubers","rating":1040,"private":0,"password":""}