{"id":"gen9nationaldexubers-1986214267","p1":"Sacha77500","p2":"bepsi-can","format":"[Gen 9] National Dex Ubers","log":"|j|\u2606Sacha77500\n|j|\u2606bepsi-can\n|t:|1699460440\n|gametype|singles\n|player|p1|Sacha77500|ghetsis|\n|player|p2|bepsi-can|elesa|\n|teamsize|p1|6\n|teamsize|p2|6\n|gen|9\n|tier|[Gen 9] National Dex Ubers\n|rule|HP Percentage Mod: HP is shown in percentages\n|rule|Endless Battle Clause: Forcing endless battles is banned\n|rule|OHKO Clause: OHKO moves are banned\n|rule|Evasion Moves Clause: Evasion moves are banned\n|rule|Evasion Items Clause: Evasion items are banned\n|rule|Species Clause: Limit one of each Pok\u00e9mon\n|rule|Sleep Clause Mod: Limit one foe put to sleep\n|rule|Mega Rayquaza Clause: You cannot mega evolve Rayquaza\n|clearpoke\n|poke|p1|Aggron, M|\n|poke|p1|Darmanitan-Galar, M|\n|poke|p1|Clodsire, F|\n|poke|p1|Golisopod, M|\n|poke|p1|Ceruledge, M|\n|poke|p1|Zoroark-Hisui, F|\n|poke|p2|Serperior, F|\n|poke|p2|Ditto|\n|poke|p2|Hatterene, F|\n|poke|p2|Porygon-Z|\n|poke|p2|Skeledirge, M|\n|poke|p2|Starmie|\n|teampreview\n|inactive|Battle timer is ON: inactive players will automatically lose when time's up. (requested by Sacha77500)\n|inactive|bepsi-can also wants the timer to be on.\n|c|\u2606Sacha77500|glhf\n|c|\u2606bepsi-can|glhf\n|\n|t:|1699460447\n|start\n|switch|p1a: Battle Tendencies|Ceruledge, M|100\/100\n|switch|p2a: Heeheehee|Hatterene, F|100\/100\n|turn|1\n|\n|t:|1699460455\n|move|p1a: Battle Tendencies|Swords Dance|p1a: Battle Tendencies\n|-boost|p1a: Battle Tendencies|atk|2\n|move|p2a: Heeheehee|Psyshock|p1a: Battle Tendencies\n|-damage|p1a: Battle Tendencies|51\/100\n|\n|upkeep\n|turn|2\n|\n|t:|1699460461\n|move|p1a: Battle Tendencies|Poltergeist|p2a: Heeheehee\n|-activate|p2a: Heeheehee|move: Poltergeist|Leftovers\n|-supereffective|p2a: Heeheehee\n|-damage|p2a: Heeheehee|0 fnt\n|faint|p2a: Heeheehee\n|\n|upkeep\n|\n|t:|1699460468\n|switch|p2a: Poor E Gone Zee|Porygon-Z|100\/100\n|-ability|p2a: Poor E Gone Zee|Download|boost\n|-boost|p2a: Poor E Gone Zee|atk|1\n|turn|3\n|c|\u2606Sacha77500|Are you full Spe tho\n|\n|t:|1699460486\n|move|p2a: Poor E Gone Zee|Dark Pulse|p1a: Battle Tendencies\n|-supereffective|p1a: Battle Tendencies\n|-damage|p1a: Battle Tendencies|0 fnt\n|faint|p1a: Battle Tendencies\n|\n|upkeep\n|c|\u2606Sacha77500|Fuck\n|\n|t:|1699460495\n|switch|p1a: :3|Clodsire, F|100\/100\n|turn|4\n|\n|t:|1699460501\n|switch|p2a: Eddie|Ditto|100\/100\n|-transform|p2a: Eddie|p1a: :3|[from] ability: Imposter\n|move|p1a: :3|Stealth Rock|p2a: Eddie\n|-sidestart|p2: bepsi-can|move: Stealth Rock\n|\n|upkeep\n|turn|5\n|\n|t:|1699460507\n|move|p2a: Eddie|Stealth Rock|p1a: :3\n|-sidestart|p1: Sacha77500|move: Stealth Rock\n|move|p1a: :3|Toxic Spikes|p2a: Eddie\n|-sidestart|p2: bepsi-can|move: Toxic Spikes\n|\n|upkeep\n|turn|6\n|\n|t:|1699460512\n|switch|p2a: Bald Boy|Skeledirge, M|100\/100\n|-damage|p2a: Bald Boy|76\/100|[from] Stealth Rock\n|-status|p2a: Bald Boy|psn\n|move|p1a: :3|Toxic Spikes|p2a: Bald Boy\n|-sidestart|p2: bepsi-can|move: Toxic Spikes\n|\n|-heal|p2a: Bald Boy|82\/100 psn|[from] item: Leftovers\n|-damage|p2a: Bald Boy|69\/100 psn|[from] psn\n|upkeep\n|turn|7\n|\n|t:|1699460518\n|switch|p1a: Rise of Kong|Darmanitan-Galar, M|100\/100\n|move|p2a: Bald Boy|Substitute|p2a: Bald Boy\n|-start|p2a: Bald Boy|Substitute\n|-damage|p2a: Bald Boy|45\/100 psn\n|\n|-heal|p2a: Bald Boy|51\/100 psn|[from] item: Leftovers\n|-damage|p2a: Bald Boy|38\/100 psn|[from] psn\n|upkeep\n|turn|8\n|j| femurdeeznuts\n|c|\u2606bepsi-can|hold on\n|\n|t:|1699460531\n|switch|p1a: ATTACK!!!|Golisopod, M|100\/100\n|-damage|p1a: ATTACK!!!|88\/100|[from] Stealth Rock\n|move|p2a: Bald Boy|Torch Song|p1a: ATTACK!!!\n|-damage|p1a: ATTACK!!!|26\/100\n|-boost|p2a: Bald Boy|spa|1\n|replace|p1a: Smooth Criminal|Zoroark-Hisui, F, shiny\n|-end|p1a: Smooth Criminal|Illusion\n|\n|-heal|p2a: Bald Boy|44\/100 psn|[from] item: Leftovers\n|-damage|p2a: Bald Boy|32\/100 psn|[from] psn\n|upkeep\n|turn|9\n|c|\u2606bepsi-can|i gtg\n|c|\u2606Sacha77500|Ah\n|-message|bepsi-can forfeited.\n|\n|win|Sacha77500\n|l|\u2606bepsi-can\n|c|\u2606Sacha77500|1-1 Tie then\n","uploadtime":1699460546,"views":6,"p1id":"sacha77500","p2id":"bepsican","formatid":"gen9nationaldexubers","rating":0,"private":0,"password":""}