{"id":"gen9nationaldexubers-1995517415","p1":"motifine","p2":"MFJUICEOFTHEBERRY","format":"[Gen 9] National Dex Ubers","log":"|j|\u2606motifine\n|j|\u2606MFJUICEOFTHEBERRY\n|t:|1700579081\n|gametype|singles\n|player|p1|motifine|266|1352\n|player|p2|MFJUICEOFTHEBERRY|burglar|1239\n|teamsize|p1|6\n|teamsize|p2|6\n|gen|9\n|tier|[Gen 9] National Dex Ubers\n|rated|\n|rule|HP Percentage Mod: HP is shown in percentages\n|rule|Endless Battle Clause: Forcing endless battles is banned\n|rule|OHKO Clause: OHKO moves are banned\n|rule|Evasion Moves Clause: Evasion moves are banned\n|rule|Evasion Items Clause: Evasion items are banned\n|rule|Species Clause: Limit one of each Pok\u00e9mon\n|rule|Sleep Clause Mod: Limit one foe put to sleep\n|rule|Mega Rayquaza Clause: You cannot mega evolve Rayquaza\n|clearpoke\n|poke|p1|Garganacl, M|\n|poke|p1|Corviknight, F|\n|poke|p1|Greninja-*, M|\n|poke|p1|Milotic, F|\n|poke|p1|Dragapult, F|\n|poke|p1|Lopunny, F|\n|poke|p2|Diancie|\n|poke|p2|Deoxys-Attack|\n|poke|p2|Ursaluna-Bloodmoon, M|\n|poke|p2|Kingambit, F|\n|poke|p2|Rayquaza|\n|poke|p2|Urshifu-*, F|\n|teampreview\n|inactive|Battle timer is ON: inactive players will automatically lose when time's up. (requested by MFJUICEOFTHEBERRY)\n|\n|t:|1700579093\n|start\n|switch|p1a: Lopunny|Lopunny, F, shiny|100\/100\n|switch|p2a: Diancie|Diancie|100\/100\n|turn|1\n|\n|t:|1700579108\n|detailschange|p1a: Lopunny|Lopunny-Mega, F, shiny\n|-mega|p1a: Lopunny|Lopunny|Lopunnite\n|detailschange|p2a: Diancie|Diancie-Mega\n|-mega|p2a: Diancie|Diancie|Diancite\n|move|p1a: Lopunny|Fake Out|p2a: Diancie\n|-resisted|p2a: Diancie\n|-damage|p2a: Diancie|89\/100\n|cant|p2a: Diancie|flinch\n|\n|upkeep\n|turn|2\n|\n|t:|1700579119\n|switch|p1a: Milotic|Milotic, F, shiny|100\/100\n|move|p2a: Diancie|Reflect|p2a: Diancie\n|-sidestart|p2: MFJUICEOFTHEBERRY|Reflect\n|\n|upkeep\n|turn|3\n|\n|t:|1700579126\n|move|p2a: Diancie|Light Screen|p2a: Diancie\n|-sidestart|p2: MFJUICEOFTHEBERRY|move: Light Screen\n|move|p1a: Milotic|Scald|p2a: Diancie\n|-supereffective|p2a: Diancie\n|-damage|p2a: Diancie|60\/100\n|\n|upkeep\n|turn|4\n|\n|t:|1700579133\n|switch|p1a: Corviknight|Corviknight, F, shiny|100\/100\n|-ability|p1a: Corviknight|Pressure\n|move|p2a: Diancie|Stealth Rock|p1a: Corviknight\n|-sidestart|p1: motifine|move: Stealth Rock\n|\n|upkeep\n|turn|5\n|\n|t:|1700579141\n|move|p2a: Diancie|Diamond Storm|p1a: Corviknight\n|-damage|p1a: Corviknight|69\/100\n|move|p1a: Corviknight|Defog|p2a: Diancie\n|move|p2a: Diancie|Defog|p1a: Corviknight|[from]ability: Magic Bounce\n|-unboost|p1a: Corviknight|evasion|1\n|-sideend|p1: motifine|Stealth Rock|[from] move: Defog|[of] p2a: Diancie\n|\n|upkeep\n|turn|6\n|\n|t:|1700579153\n|switch|p2a: Ursaluna|Ursaluna-Bloodmoon, M|100\/100\n|move|p1a: Corviknight|Body Press|p2a: Ursaluna\n|-supereffective|p2a: Ursaluna\n|-damage|p2a: Ursaluna|83\/100\n|\n|-sideend|p2: MFJUICEOFTHEBERRY|Reflect\n|upkeep\n|turn|7\n|\n|t:|1700579163\n|switch|p1a: Milotic|Milotic, F, shiny|100\/100\n|move|p2a: Ursaluna|Blood Moon|p1a: Milotic\n|-damage|p1a: Milotic|44\/100\n|\n|-heal|p1a: Milotic|50\/100|[from] item: Leftovers\n|-sideend|p2: MFJUICEOFTHEBERRY|move: Light Screen\n|upkeep\n|turn|8\n|\n|t:|1700579176\n|switch|p2a: Urshifu|Urshifu-Rapid-Strike, F|100\/100\n|move|p1a: Milotic|Recover|p1a: Milotic\n|-heal|p1a: Milotic|99\/100\n|\n|-heal|p1a: Milotic|100\/100|[from] item: Leftovers\n|upkeep\n|turn|9\n|\n|t:|1700579189\n|move|p2a: Urshifu|Surging Strikes|p1a: Milotic\n|-resisted|p1a: Milotic\n|-crit|p1a: Milotic\n|-damage|p1a: Milotic|92\/100\n|-resisted|p1a: Milotic\n|-crit|p1a: Milotic\n|-damage|p1a: Milotic|84\/100\n|-resisted|p1a: Milotic\n|-crit|p1a: Milotic\n|-damage|p1a: Milotic|77\/100\n|-hitcount|p1a: Milotic|3\n|move|p1a: Milotic|Toxic|p2a: Urshifu\n|-status|p2a: Urshifu|tox\n|\n|-heal|p1a: Milotic|83\/100|[from] item: Leftovers\n|-damage|p2a: Urshifu|94\/100 tox|[from] psn\n|upkeep\n|turn|10\n|\n|t:|1700579205\n|switch|p2a: Rayquaza|Rayquaza|100\/100\n|-ability|p2a: Rayquaza|Air Lock\n|move|p1a: Milotic|Scald|p2a: Rayquaza\n|-resisted|p2a: Rayquaza\n|-damage|p2a: Rayquaza|86\/100\n|-status|p2a: Rayquaza|brn\n|\n|-heal|p1a: Milotic|89\/100|[from] item: Leftovers\n|-damage|p2a: Rayquaza|80\/100 brn|[from] brn\n|upkeep\n|turn|11\n|-message|MFJUICEOFTHEBERRY forfeited.\n|\n|win|motifine\n|raw|motifine's rating: 1352 &rarr; <strong>1366<\/strong><br \/>(+14 for winning)\n|raw|MFJUICEOFTHEBERRY's rating: 1239 &rarr; <strong>1222<\/strong><br \/>(-17 for losing)\n|l|\u2606MFJUICEOFTHEBERRY\n","uploadtime":1700579223,"views":10,"p1id":"motifine","p2id":"mfjuiceoftheberry","formatid":"gen9nationaldexubers","rating":1222,"private":0,"password":""}