{"id":"gen9nationaldexubers-1984479454","p1":"C0ld as Ice","p2":"85792195wwww","format":"[Gen 9] National Dex Ubers","log":"|j|\u2606C0ld as Ice\n|j|\u203d85792195wwww\n|t:|1699270191\n|gametype|singles\n|player|p1|C0ld as Ice|schoolkid-gen4dp|1868\n|player|p2|85792195wwww|mira|1805\n|teamsize|p1|6\n|teamsize|p2|6\n|gen|9\n|tier|[Gen 9] National Dex Ubers\n|rated|\n|rule|HP Percentage Mod: HP is shown in percentages\n|rule|Endless Battle Clause: Forcing endless battles is banned\n|rule|OHKO Clause: OHKO moves are banned\n|rule|Evasion Moves Clause: Evasion moves are banned\n|rule|Evasion Items Clause: Evasion items are banned\n|rule|Species Clause: Limit one of each Pok\u00e9mon\n|rule|Sleep Clause Mod: Limit one foe put to sleep\n|rule|Mega Rayquaza Clause: You cannot mega evolve Rayquaza\n|clearpoke\n|poke|p1|Arceus-Water|\n|poke|p1|Necrozma-Dusk-Mane|\n|poke|p1|Zygarde|\n|poke|p1|Groudon, L99|\n|poke|p1|Marshadow|\n|poke|p1|Yveltal|\n|poke|p2|Arceus|\n|poke|p2|Xerneas-*|\n|poke|p2|Groudon|\n|poke|p2|Zacian-*|\n|poke|p2|Samurott-Hisui, F|\n|poke|p2|Rayquaza|\n|teampreview\n|inactive|Battle timer is ON: inactive players will automatically lose when time's up. (requested by C0ld as Ice)\n|\n|t:|1699270204\n|start\n|switch|p1a: Arceus|Arceus-Water, shiny|100\/100\n|switch|p2a: Xerneas|Xerneas|100\/100\n|-ability|p2a: Xerneas|Fairy Aura\n|turn|1\n|\n|t:|1699270212\n|switch|p2a: Zacian|Zacian-Crowned|100\/100\n|-ability|p2a: Zacian|Intrepid Sword|boost\n|-boost|p2a: Zacian|atk|1\n|move|p1a: Arceus|Taunt|p2a: Zacian\n|-start|p2a: Zacian|move: Taunt\n|\n|upkeep\n|turn|2\n|\n|t:|1699270220\n|switch|p1a: Groudon|Groudon, L99, shiny|100\/100\n|detailschange|p1a: Groudon|Groudon-Primal, L99, shiny\n|-primal|p1a: Groudon|Red Orb\n|-weather|DesolateLand|[from] ability: Desolate Land|[of] p1a: Groudon\n|move|p2a: Zacian|Wild Charge|p1a: Groudon\n|-immune|p1a: Groudon\n|\n|-weather|DesolateLand|[upkeep]\n|upkeep\n|turn|3\n|\n|t:|1699270230\n|move|p2a: Zacian|Close Combat|p1a: Groudon\n|-damage|p1a: Groudon|57\/100\n|-unboost|p2a: Zacian|def|1\n|-unboost|p2a: Zacian|spd|1\n|move|p1a: Groudon|Overheat|p2a: Zacian\n|-supereffective|p2a: Zacian\n|-damage|p2a: Zacian|0 fnt\n|-unboost|p1a: Groudon|spa|2\n|faint|p2a: Zacian\n|\n|-weather|DesolateLand|[upkeep]\n|upkeep\n|\n|t:|1699270241\n|switch|p2a: Samurott|Samurott-Hisui, F|100\/100\n|turn|4\n|\n|t:|1699270254\n|move|p2a: Samurott|Ceaseless Edge|p1a: Groudon\n|-damage|p1a: Groudon|32\/100\n|-sidestart|p1: C0ld as Ice|Spikes\n|move|p1a: Groudon|Rock Tomb|p2a: Samurott\n|-damage|p2a: Samurott|73\/100\n|-unboost|p2a: Samurott|spe|1\n|\n|-weather|DesolateLand|[upkeep]\n|upkeep\n|turn|5\n|\n|t:|1699270263\n|switch|p2a: Rayquaza|Rayquaza|100\/100\n|-ability|p2a: Rayquaza|Air Lock\n|move|p1a: Groudon|Rock Tomb|p2a: Rayquaza\n|-supereffective|p2a: Rayquaza\n|-damage|p2a: Rayquaza|57\/100\n|-unboost|p2a: Rayquaza|spe|1\n|\n|-weather|DesolateLand|[upkeep]\n|upkeep\n|turn|6\n|\n|t:|1699270276\n|move|p2a: Rayquaza|Scale Shot|p1a: Groudon\n|-damage|p1a: Groudon|19\/100\n|-damage|p1a: Groudon|6\/100\n|-damage|p1a: Groudon|0 fnt\n|faint|p1a: Groudon\n|-weather|none\n|-hitcount|p1: Groudon|3\n|-unboost|p2a: Rayquaza|def|1\n|-boost|p2a: Rayquaza|spe|1\n|\n|upkeep\n|\n|t:|1699270290\n|switch|p1a: Arceus|Arceus-Water, shiny|100\/100\n|-damage|p1a: Arceus|88\/100|[from] Spikes\n|turn|7\n|j| Possum26 Gamer\n|\n|t:|1699270296\n|move|p1a: Arceus|Toxic|p2a: Rayquaza\n|-status|p2a: Rayquaza|tox\n|move|p2a: Rayquaza|Scale Shot|p1a: Arceus\n|-damage|p1a: Arceus|73\/100\n|-damage|p1a: Arceus|59\/100\n|-damage|p1a: Arceus|44\/100\n|-damage|p1a: Arceus|30\/100\n|-damage|p1a: Arceus|15\/100\n|-hitcount|p1a: Arceus|5\n|-unboost|p2a: Rayquaza|def|1\n|-boost|p2a: Rayquaza|spe|1\n|\n|-damage|p2a: Rayquaza|51\/100 tox|[from] psn\n|upkeep\n|turn|8\n|\n|t:|1699270311\n|-terastallize|p1a: Arceus|Fairy\n|move|p2a: Rayquaza|Scale Shot|p1a: Arceus\n|-immune|p1a: Arceus\n|move|p1a: Arceus|Judgment|p2a: Rayquaza\n|-resisted|p2a: Rayquaza\n|-damage|p2a: Rayquaza|24\/100 tox\n|\n|-damage|p2a: Rayquaza|12\/100 tox|[from] psn\n|upkeep\n|turn|9\n|l| Possum26 Gamer\n|\n|t:|1699270325\n|switch|p2a: Samurott|Samurott-Hisui, F|73\/100\n|move|p1a: Arceus|Recover|p1a: Arceus\n|-heal|p1a: Arceus|65\/100\n|\n|upkeep\n|turn|10\n|\n|t:|1699270337\n|move|p1a: Arceus|Toxic|p2a: Samurott\n|-status|p2a: Samurott|tox\n|move|p2a: Samurott|Ceaseless Edge|p1a: Arceus\n|-resisted|p1a: Arceus\n|-damage|p1a: Arceus|49\/100\n|-sidestart|p1: C0ld as Ice|Spikes\n|\n|-damage|p2a: Samurott|67\/100 tox|[from] psn\n|upkeep\n|turn|11\n|\n|t:|1699270347\n|move|p1a: Arceus|Recover|p1a: Arceus\n|-heal|p1a: Arceus|99\/100\n|move|p2a: Samurott|Encore|p1a: Arceus\n|-start|p1a: Arceus|Encore\n|\n|-damage|p2a: Samurott|55\/100 tox|[from] psn\n|upkeep\n|turn|12\n|\n|t:|1699270355\n|switch|p1a: Yveltal|Yveltal, shiny|100\/100\n|-ability|p1a: Yveltal|Dark Aura\n|move|p2a: Samurott|Razor Shell|p1a: Yveltal\n|-damage|p1a: Yveltal|64\/100\n|-unboost|p1a: Yveltal|def|1\n|\n|-damage|p2a: Samurott|36\/100 tox|[from] psn\n|upkeep\n|turn|13\n|\n|t:|1699270369\n|move|p2a: Samurott|Ceaseless Edge|p1a: Yveltal\n|-resisted|p1a: Yveltal\n|-damage|p1a: Yveltal|33\/100\n|-sidestart|p1: C0ld as Ice|Spikes\n|move|p1a: Yveltal|Roost|p1a: Yveltal\n|-heal|p1a: Yveltal|83\/100\n|-singleturn|p1a: Yveltal|move: Roost\n|\n|-damage|p2a: Samurott|11\/100 tox|[from] psn\n|upkeep\n|turn|14\n|\n|t:|1699270381\n|switch|p1a: Arceus|Arceus-Water, shiny, tera:Fairy|99\/100\n|-damage|p1a: Arceus|74\/100|[from] Spikes\n|move|p2a: Samurott|Encore||[still]\n|-fail|p2a: Samurott\n|\n|-damage|p2a: Samurott|0 fnt|[from] psn\n|faint|p2a: Samurott\n|upkeep\n|\n|t:|1699270403\n|switch|p2a: Arceus|Arceus|100\/100\n|turn|15\n|\n|t:|1699270408\n|move|p1a: Arceus|Taunt|p2a: Arceus\n|-start|p2a: Arceus|move: Taunt\n|cant|p2a: Arceus|move: Taunt|Swords Dance\n|\n|upkeep\n|turn|16\n|\n|t:|1699270417\n|switch|p2a: Rayquaza|Rayquaza|12\/100 tox\n|-ability|p2a: Rayquaza|Air Lock\n|move|p1a: Arceus|Toxic|p2a: Rayquaza\n|-fail|p2a: Rayquaza|tox\n|\n|-damage|p2a: Rayquaza|6\/100 tox|[from] psn\n|upkeep\n|turn|17\n|\n|t:|1699270427\n|move|p1a: Arceus|Judgment|p2a: Rayquaza\n|-resisted|p2a: Rayquaza\n|-damage|p2a: Rayquaza|0 fnt\n|faint|p2a: Rayquaza\n|\n|upkeep\n|\n|t:|1699270435\n|switch|p2a: Groudon|Groudon|100\/100\n|detailschange|p2a: Groudon|Groudon-Primal\n|-primal|p2a: Groudon|Red Orb\n|-weather|DesolateLand|[from] ability: Desolate Land|[of] p2a: Groudon\n|turn|18\n|\n|t:|1699270450\n|move|p1a: Arceus|Taunt|p2a: Groudon\n|-start|p2a: Groudon|move: Taunt\n|move|p2a: Groudon|Heat Crash|p1a: Arceus\n|-damage|p1a: Arceus|13\/100\n|\n|-weather|DesolateLand|[upkeep]\n|upkeep\n|turn|19\n|\n|t:|1699270460\n|move|p1a: Arceus|Toxic|p2a: Groudon|[miss]\n|-miss|p1a: Arceus|p2a: Groudon\n|move|p2a: Groudon|Heat Crash|p1a: Arceus\n|-damage|p1a: Arceus|0 fnt\n|faint|p1a: Arceus\n|\n|-weather|DesolateLand|[upkeep]\n|upkeep\n|\n|t:|1699270463\n|switch|p1a: Zygarde|Zygarde|100\/100\n|-damage|p1a: Zygarde|75\/100|[from] Spikes\n|turn|20\n|\n|t:|1699270473\n|move|p1a: Zygarde|Glare|p2a: Groudon\n|-status|p2a: Groudon|par\n|cant|p2a: Groudon|par\n|\n|-weather|DesolateLand|[upkeep]\n|-heal|p1a: Zygarde|82\/100|[from] item: Leftovers\n|-end|p2a: Groudon|move: Taunt\n|upkeep\n|turn|21\n|\n|t:|1699270482\n|move|p1a: Zygarde|Glare|p2a: Groudon\n|-fail|p2a: Groudon|par\n|move|p2a: Groudon|Precipice Blades|p1a: Zygarde\n|-damage|p1a: Zygarde|34\/100\n|\n|-weather|DesolateLand|[upkeep]\n|-heal|p1a: Zygarde|40\/100|[from] item: Leftovers\n|-activate|p1a: Zygarde|ability: Power Construct\n|detailschange|p1a: Zygarde|Zygarde-Complete\n|-heal|p1a: Zygarde|61\/100|[silent]\n|upkeep\n|turn|22\n|\n|t:|1699270494\n|move|p1a: Zygarde|Glare|p2a: Groudon\n|-fail|p2a: Groudon|par\n|cant|p2a: Groudon|par\n|\n|-weather|DesolateLand|[upkeep]\n|-heal|p1a: Zygarde|67\/100|[from] item: Leftovers\n|upkeep\n|turn|23\n|\n|t:|1699270502\n|move|p1a: Zygarde|Thousand Arrows|p2a: Groudon\n|-supereffective|p2a: Groudon\n|-damage|p2a: Groudon|63\/100 par\n|move|p2a: Groudon|Precipice Blades|p1a: Zygarde\n|-damage|p1a: Zygarde|38\/100\n|\n|-weather|DesolateLand|[upkeep]\n|-heal|p1a: Zygarde|44\/100|[from] item: Leftovers\n|upkeep\n|turn|24\n|\n|t:|1699270511\n|move|p1a: Zygarde|Thousand Arrows|p2a: Groudon\n|-supereffective|p2a: Groudon\n|-damage|p2a: Groudon|28\/100 par\n|cant|p2a: Groudon|par\n|\n|-weather|DesolateLand|[upkeep]\n|-heal|p1a: Zygarde|50\/100|[from] item: Leftovers\n|upkeep\n|turn|25\n|\n|t:|1699270520\n|move|p1a: Zygarde|Thousand Arrows|p2a: Groudon\n|-supereffective|p2a: Groudon\n|-damage|p2a: Groudon|0 fnt\n|faint|p2a: Groudon\n|-weather|none\n|\n|-heal|p1a: Zygarde|56\/100|[from] item: Leftovers\n|upkeep\n|\n|t:|1699270528\n|switch|p2a: Arceus|Arceus|100\/100\n|turn|26\n|\n|t:|1699270537\n|move|p2a: Arceus|Swords Dance|p2a: Arceus\n|-boost|p2a: Arceus|atk|2\n|move|p1a: Zygarde|Glare|p2a: Arceus\n|-status|p2a: Arceus|par\n|\n|-heal|p1a: Zygarde|63\/100|[from] item: Leftovers\n|upkeep\n|turn|27\n|\n|t:|1699270545\n|move|p2a: Arceus|Extreme Speed|p1a: Zygarde\n|-damage|p1a: Zygarde|23\/100\n|-damage|p2a: Arceus|91\/100 par|[from] item: Life Orb\n|move|p1a: Zygarde|Haze|p1a: Zygarde\n|-clearallboost\n|\n|-heal|p1a: Zygarde|29\/100|[from] item: Leftovers\n|upkeep\n|turn|28\n|\n|t:|1699270556\n|move|p1a: Zygarde|Thousand Arrows|p2a: Arceus\n|-damage|p2a: Arceus|67\/100 par\n|cant|p2a: Arceus|par\n|\n|-heal|p1a: Zygarde|35\/100|[from] item: Leftovers\n|upkeep\n|turn|29\n|\n|t:|1699270564\n|move|p1a: Zygarde|Thousand Arrows|p2a: Arceus\n|-damage|p2a: Arceus|43\/100 par\n|move|p2a: Arceus|Swords Dance|p2a: Arceus\n|-boost|p2a: Arceus|atk|2\n|\n|-heal|p1a: Zygarde|41\/100|[from] item: Leftovers\n|upkeep\n|turn|30\n|\n|t:|1699270573\n|cant|p2a: Arceus|par\n|move|p1a: Zygarde|Haze|p1a: Zygarde\n|-clearallboost\n|\n|-heal|p1a: Zygarde|48\/100|[from] item: Leftovers\n|upkeep\n|turn|31\n|\n|t:|1699270581\n|move|p1a: Zygarde|Thousand Arrows|p2a: Arceus\n|-damage|p2a: Arceus|22\/100 par\n|cant|p2a: Arceus|par\n|\n|-heal|p1a: Zygarde|54\/100|[from] item: Leftovers\n|upkeep\n|turn|32\n|\n|t:|1699270590\n|cant|p2a: Arceus|par\n|move|p1a: Zygarde|Thousand Arrows|p2a: Arceus\n|-damage|p2a: Arceus|0 fnt\n|faint|p2a: Arceus\n|\n|-heal|p1a: Zygarde|60\/100|[from] item: Leftovers\n|upkeep\n|\n|t:|1699270600\n|switch|p2a: Xerneas|Xerneas|100\/100\n|-ability|p2a: Xerneas|Fairy Aura\n|turn|33\n|\n|t:|1699270605\n|move|p2a: Xerneas|Moonblast|p1a: Zygarde\n|-supereffective|p1a: Zygarde\n|-damage|p1a: Zygarde|0 fnt\n|faint|p1a: Zygarde\n|\n|upkeep\n|\n|t:|1699270607\n|switch|p1a: Necrozma|Necrozma-Dusk-Mane, shiny|100\/100\n|-damage|p1a: Necrozma|76\/100|[from] Spikes\n|turn|34\n|\n|t:|1699270617\n|-terastallize|p2a: Xerneas|Ground\n|move|p2a: Xerneas|Geomancy||[still]\n|-prepare|p2a: Xerneas|Geomancy\n|-enditem|p2a: Xerneas|Power Herb\n|-anim|p2a: Xerneas|Geomancy|p2a: Xerneas\n|-boost|p2a: Xerneas|spa|2\n|-boost|p2a: Xerneas|spd|2\n|-boost|p2a: Xerneas|spe|2\n|move|p1a: Necrozma|Dragon Dance|p1a: Necrozma\n|-boost|p1a: Necrozma|atk|1\n|-boost|p1a: Necrozma|spe|1\n|\n|upkeep\n|turn|35\n|\n|t:|1699270628\n|move|p2a: Xerneas|Hidden Power|p1a: Necrozma\n|-supereffective|p1a: Necrozma\n|-damage|p1a: Necrozma|12\/100\n|-zpower|p1a: Necrozma\n|move|p1a: Necrozma|Searing Sunraze Smash|p2a: Xerneas|[zeffect]\n|-damage|p2a: Xerneas|0 fnt\n|faint|p2a: Xerneas\n|\n|win|C0ld as Ice\n|raw|C0ld as Ice's rating: 1868 &rarr; <strong>1884<\/strong><br \/>(+16 for winning)\n|raw|85792195wwww's rating: 1805 &rarr; <strong>1789<\/strong><br \/>(-16 for losing)\n|l|\u203d85792195wwww\n","uploadtime":1699270644,"views":7,"p1id":"c0ldasice","p2id":"85792195wwww","formatid":"gen9nationaldexubers","rating":1789,"private":0,"password":""}