{"id":"gen9nationaldexubers-1993529913","p1":"Honningborgen","p2":"RuanMoreira","format":"[Gen 9] National Dex Ubers","log":"|j|\u2606Honningborgen\n|j|\u2606RuanMoreira\n|t:|1700328513\n|gametype|singles\n|player|p1|Honningborgen|pokekid|1294\n|player|p2|RuanMoreira|266|1207\n|teamsize|p1|6\n|teamsize|p2|6\n|gen|9\n|tier|[Gen 9] National Dex Ubers\n|rated|\n|rule|HP Percentage Mod: HP is shown in percentages\n|rule|Endless Battle Clause: Forcing endless battles is banned\n|rule|OHKO Clause: OHKO moves are banned\n|rule|Evasion Moves Clause: Evasion moves are banned\n|rule|Evasion Items Clause: Evasion items are banned\n|rule|Species Clause: Limit one of each Pok\u00e9mon\n|rule|Sleep Clause Mod: Limit one foe put to sleep\n|rule|Mega Rayquaza Clause: You cannot mega evolve Rayquaza\n|clearpoke\n|poke|p1|Gengar, M|\n|poke|p1|Clefable, F|\n|poke|p1|Ho-Oh|\n|poke|p1|Fearow, M|\n|poke|p1|Snorlax, F|\n|poke|p1|Great Tusk|\n|poke|p2|Ferrothorn, F|\n|poke|p2|Ho-Oh|\n|poke|p2|Ninetales-Alola, M|\n|poke|p2|Dragapult, F|\n|poke|p2|Blissey, F|\n|poke|p2|Garchomp, M|\n|teampreview\n|inactive|Battle timer is ON: inactive players will automatically lose when time's up. (requested by Honningborgen)\n|\n|t:|1700328536\n|start\n|switch|p1a: Fearow|Fearow, M|100\/100\n|switch|p2a: Ho-Oh|Ho-Oh, shiny|100\/100\n|turn|1\n|inactive|RuanMoreira has 120 seconds left.\n|inactive|RuanMoreira has 90 seconds left.\n|\n|t:|1700328616\n|move|p1a: Fearow|Sky Attack||[still]\n|-prepare|p1a: Fearow|Sky Attack\n|-enditem|p1a: Fearow|Power Herb\n|-anim|p1a: Fearow|Sky Attack|p2a: Ho-Oh\n|-damage|p2a: Ho-Oh|60\/100\n|move|p2a: Ho-Oh|Toxic|p1a: Fearow|[miss]\n|-miss|p2a: Ho-Oh|p1a: Fearow\n|\n|upkeep\n|turn|2\n|\n|t:|1700328623\n|switch|p2a: Ferrothorn|Ferrothorn, F|100\/100\n|move|p1a: Fearow|Focus Energy|p1a: Fearow\n|-start|p1a: Fearow|move: Focus Energy\n|\n|upkeep\n|turn|3\n|\n|t:|1700328630\n|move|p1a: Fearow|Sky Attack||[still]\n|-prepare|p1a: Fearow|Sky Attack\n|move|p2a: Ferrothorn|Leech Seed|p1a: Fearow\n|-start|p1a: Fearow|move: Leech Seed\n|\n|-damage|p1a: Fearow|88\/100|[from] Leech Seed|[of] p2a: Ferrothorn\n|upkeep\n|turn|4\n|inactive|RuanMoreira has 90 seconds left.\n|\n|t:|1700328636\n|move|p1a: Fearow|Sky Attack|p2a: Ferrothorn|[from]lockedmove\n|-crit|p2a: Ferrothorn\n|-damage|p2a: Ferrothorn|20\/100\n|move|p2a: Ferrothorn|Spikes|p1a: Fearow\n|-sidestart|p1: Honningborgen|Spikes\n|\n|-heal|p2a: Ferrothorn|26\/100|[from] item: Leftovers\n|-damage|p1a: Fearow|76\/100|[from] Leech Seed|[of] p2a: Ferrothorn\n|-heal|p2a: Ferrothorn|36\/100|[silent]\n|upkeep\n|turn|5\n|inactive|RuanMoreira has 90 seconds left.\n|\n|t:|1700328649\n|switch|p2a: Ho-Oh|Ho-Oh, shiny|93\/100\n|move|p1a: Fearow|Sky Attack||[still]\n|-prepare|p1a: Fearow|Sky Attack\n|\n|-damage|p1a: Fearow|64\/100|[from] Leech Seed|[of] p2a: Ho-Oh\n|-heal|p2a: Ho-Oh|100\/100|[silent]\n|upkeep\n|turn|6\n|inactive|RuanMoreira has 90 seconds left.\n|\n|t:|1700328661\n|move|p1a: Fearow|Sky Attack|p2a: Ho-Oh|[from]lockedmove\n|-crit|p2a: Ho-Oh\n|-damage|p2a: Ho-Oh|2\/100\n|move|p2a: Ho-Oh|Whirlwind|p1a: Fearow\n|drag|p1a: Gengar|Gengar, M|100\/100\n|-damage|p1a: Gengar|88\/100|[from] Spikes\n|\n|upkeep\n|turn|7\n|\n|t:|1700328675\n|switch|p2a: Blissey|Blissey, F, shiny|100\/100\n|move|p1a: Gengar|Trick|p2a: Blissey\n|-activate|p1a: Gengar|move: Trick|[of] p2a: Blissey\n|-item|p2a: Blissey|Choice Specs|[from] move: Trick\n|-item|p1a: Gengar|Utility Umbrella|[from] move: Trick\n|\n|upkeep\n|turn|8\n|\n|t:|1700328682\n|move|p1a: Gengar|Focus Blast|p2a: Blissey\n|-supereffective|p2a: Blissey\n|-damage|p2a: Blissey|74\/100\n|move|p2a: Blissey|Toxic|p1a: Gengar\n|-immune|p1a: Gengar\n|\n|upkeep\n|turn|9\n|\n|t:|1700328701\n|switch|p2a: Dragapult|Dragapult, F, shiny|100\/100\n|move|p1a: Gengar|Shadow Ball|p2a: Dragapult\n|-supereffective|p2a: Dragapult\n|-damage|p2a: Dragapult|0 fnt\n|faint|p2a: Dragapult\n|\n|upkeep\n|\n|t:|1700328710\n|switch|p2a: Ho-Oh|Ho-Oh, shiny|35\/100\n|turn|10\n|\n|t:|1700328716\n|switch|p2a: Blissey|Blissey, F, shiny|74\/100\n|move|p1a: Gengar|Sludge Bomb|p2a: Blissey\n|-damage|p2a: Blissey|61\/100\n|\n|upkeep\n|turn|11\n|\n|t:|1700328725\n|move|p1a: Gengar|Focus Blast|p2a: Blissey\n|-supereffective|p2a: Blissey\n|-damage|p2a: Blissey|36\/100\n|move|p2a: Blissey|Soft-Boiled|p2a: Blissey\n|-heal|p2a: Blissey|86\/100\n|\n|upkeep\n|turn|12\n|\n|t:|1700328731\n|switch|p1a: Fearow|Fearow, M|64\/100\n|switch|p2a: Ho-Oh|Ho-Oh, shiny|68\/100\n|\n|upkeep\n|turn|13\n|inactive|RuanMoreira has 120 seconds left.\n|\n|t:|1700328740\n|move|p1a: Fearow|Return|p2a: Ho-Oh\n|-damage|p2a: Ho-Oh|40\/100\n|move|p2a: Ho-Oh|Sacred Fire|p1a: Fearow\n|-damage|p1a: Fearow|0 fnt\n|faint|p1a: Fearow\n|\n|upkeep\n|\n|t:|1700328748\n|switch|p1a: Gengar|Gengar, M|88\/100\n|-damage|p1a: Gengar|76\/100|[from] Spikes\n|turn|14\n|\n|t:|1700328752\n|switch|p2a: Blissey|Blissey, F, shiny|86\/100\n|move|p1a: Gengar|Sludge Bomb|p2a: Blissey\n|-damage|p2a: Blissey|72\/100\n|\n|upkeep\n|turn|15\n|\n|t:|1700328758\n|move|p1a: Gengar|Sludge Bomb|p2a: Blissey\n|-damage|p2a: Blissey|59\/100\n|move|p2a: Blissey|Soft-Boiled|p2a: Blissey\n|-heal|p2a: Blissey|100\/100\n|\n|upkeep\n|turn|16\n|\n|t:|1700328766\n|switch|p2a: Ho-Oh|Ho-Oh, shiny|74\/100\n|move|p1a: Gengar|Shadow Ball|p2a: Ho-Oh\n|-damage|p2a: Ho-Oh|51\/100\n|\n|upkeep\n|turn|17\n|\n|t:|1700328776\n|move|p1a: Gengar|Sludge Bomb|p2a: Ho-Oh\n|-damage|p2a: Ho-Oh|27\/100\n|move|p2a: Ho-Oh|Sacred Fire|p1a: Gengar\n|-damage|p1a: Gengar|0 fnt\n|faint|p1a: Gengar\n|\n|upkeep\n|\n|t:|1700328782\n|switch|p1a: Ho-Oh|Ho-Oh|100\/100\n|turn|18\n|\n|t:|1700328786\n|switch|p2a: Blissey|Blissey, F, shiny|100\/100\n|move|p1a: Ho-Oh|Toxic|p2a: Blissey\n|-status|p2a: Blissey|tox\n|\n|-damage|p2a: Blissey|94\/100 tox|[from] psn\n|upkeep\n|turn|19\n|\n|t:|1700328792\n|switch|p1a: Snorlax|Snorlax, F|100\/100\n|-damage|p1a: Snorlax|88\/100|[from] Spikes\n|move|p2a: Blissey|Toxic|p1a: Snorlax\n|-status|p1a: Snorlax|tox\n|\n|-damage|p2a: Blissey|82\/100 tox|[from] psn\n|-damage|p1a: Snorlax|82\/100 tox|[from] psn\n|upkeep\n|turn|20\n|\n|t:|1700328805\n|-curestatus|p2a: Blissey|tox|[from] ability: Natural Cure\n|switch|p2a: Garchomp|Garchomp, M, shiny|100\/100\n|move|p1a: Snorlax|Curse|p1a: Snorlax\n|-unboost|p1a: Snorlax|spe|1\n|-boost|p1a: Snorlax|atk|1\n|-boost|p1a: Snorlax|def|1\n|\n|-damage|p1a: Snorlax|70\/100 tox|[from] psn\n|upkeep\n|turn|21\n|\n|t:|1700328815\n|move|p2a: Garchomp|Stealth Rock|p1a: Snorlax\n|-sidestart|p1: Honningborgen|move: Stealth Rock\n|move|p1a: Snorlax|Curse|p1a: Snorlax\n|-unboost|p1a: Snorlax|spe|1\n|-boost|p1a: Snorlax|atk|1\n|-boost|p1a: Snorlax|def|1\n|\n|-damage|p1a: Snorlax|51\/100 tox|[from] psn\n|upkeep\n|turn|22\n|\n|t:|1700328825\n|move|p1a: Snorlax|Rest|p1a: Snorlax\n|-status|p1a: Snorlax|slp|[from] move: Rest\n|-heal|p1a: Snorlax|100\/100 slp|[silent]\n|-enditem|p1a: Snorlax|Chesto Berry|[eat]\n|-curestatus|p1a: Snorlax|slp|[msg]\n|move|p2a: Garchomp|Dragon Tail|p1a: Snorlax\n|-damage|p1a: Snorlax|89\/100\n|drag|p1a: Clefable|Clefable, F|100\/100\n|-damage|p1a: Clefable|88\/100|[from] Spikes\n|-damage|p1a: Clefable|76\/100|[from] Stealth Rock\n|\n|-heal|p1a: Clefable|82\/100|[from] item: Leftovers\n|upkeep\n|turn|23\n|\n|t:|1700328842\n|switch|p2a: Blissey|Blissey, F, shiny|82\/100\n|move|p1a: Clefable|Stealth Rock|p2a: Blissey\n|-sidestart|p2: RuanMoreira|move: Stealth Rock\n|\n|-heal|p1a: Clefable|88\/100|[from] item: Leftovers\n|upkeep\n|turn|24\n|\n|t:|1700328865\n|switch|p1a: Snorlax|Snorlax, F|89\/100\n|-damage|p1a: Snorlax|76\/100|[from] Spikes\n|-damage|p1a: Snorlax|64\/100|[from] Stealth Rock\n|switch|p2a: Ferrothorn|Ferrothorn, F|36\/100\n|-damage|p2a: Ferrothorn|29\/100|[from] Stealth Rock\n|\n|-heal|p2a: Ferrothorn|36\/100|[from] item: Leftovers\n|upkeep\n|turn|25\n|\n|t:|1700328875\n|switch|p1a: Ho-Oh|Ho-Oh|100\/100\n|move|p2a: Ferrothorn|Leech Seed|p1a: Ho-Oh\n|-start|p1a: Ho-Oh|move: Leech Seed\n|\n|-heal|p2a: Ferrothorn|42\/100|[from] item: Leftovers\n|-damage|p1a: Ho-Oh|88\/100|[from] Leech Seed|[of] p2a: Ferrothorn\n|-heal|p2a: Ferrothorn|56\/100|[silent]\n|upkeep\n|turn|26\n|\n|t:|1700328884\n|switch|p2a: Blissey|Blissey, F, shiny|82\/100\n|-damage|p2a: Blissey|70\/100|[from] Stealth Rock\n|move|p1a: Ho-Oh|Sacred Fire|p2a: Blissey\n|-damage|p2a: Blissey|16\/100\n|\n|-damage|p1a: Ho-Oh|76\/100|[from] Leech Seed|[of] p2a: Blissey\n|-heal|p2a: Blissey|23\/100|[silent]\n|upkeep\n|turn|27\n|\n|t:|1700328894\n|switch|p2a: Ho-Oh|Ho-Oh, shiny|60\/100\n|move|p1a: Ho-Oh|Sacred Fire|p2a: Ho-Oh\n|-resisted|p2a: Ho-Oh\n|-damage|p2a: Ho-Oh|47\/100\n|\n|-damage|p1a: Ho-Oh|64\/100|[from] Leech Seed|[of] p2a: Ho-Oh\n|-heal|p2a: Ho-Oh|59\/100|[silent]\n|upkeep\n|turn|28\n|\n|t:|1700328902\n|move|p2a: Ho-Oh|Toxic|p1a: Ho-Oh\n|-status|p1a: Ho-Oh|tox\n|move|p1a: Ho-Oh|Toxic|p2a: Ho-Oh\n|-status|p2a: Ho-Oh|tox\n|\n|-damage|p1a: Ho-Oh|51\/100 tox|[from] Leech Seed|[of] p2a: Ho-Oh\n|-heal|p2a: Ho-Oh|71\/100 tox|[silent]\n|-damage|p1a: Ho-Oh|45\/100 tox|[from] psn\n|-damage|p2a: Ho-Oh|65\/100 tox|[from] psn\n|upkeep\n|turn|29\n|\n|t:|1700328910\n|move|p2a: Ho-Oh|Sacred Fire|p1a: Ho-Oh\n|-resisted|p1a: Ho-Oh\n|-damage|p1a: Ho-Oh|30\/100 tox\n|move|p1a: Ho-Oh|Defog|p2a: Ho-Oh\n|-unboost|p2a: Ho-Oh|evasion|1\n|-sideend|p2: RuanMoreira|Stealth Rock|[from] move: Defog|[of] p1a: Ho-Oh\n|-sideend|p1: Honningborgen|Spikes|[from] move: Defog|[of] p1a: Ho-Oh\n|-sideend|p1: Honningborgen|Stealth Rock|[from] move: Defog|[of] p1a: Ho-Oh\n|\n|-damage|p1a: Ho-Oh|18\/100 tox|[from] Leech Seed|[of] p2a: Ho-Oh\n|-heal|p2a: Ho-Oh|77\/100 tox|[silent]\n|-damage|p1a: Ho-Oh|6\/100 tox|[from] psn\n|-damage|p2a: Ho-Oh|65\/100 tox|[from] psn\n|upkeep\n|turn|30\n|\n|t:|1700328927\n|switch|p2a: Blissey|Blissey, F, shiny|23\/100\n|switch|p1a: Snorlax|Snorlax, F|64\/100\n|\n|upkeep\n|turn|31\n|\n|t:|1700328933\n|switch|p2a: Garchomp|Garchomp, M, shiny|100\/100\n|move|p1a: Snorlax|Curse|p1a: Snorlax\n|-unboost|p1a: Snorlax|spe|1\n|-boost|p1a: Snorlax|atk|1\n|-boost|p1a: Snorlax|def|1\n|\n|upkeep\n|turn|32\n|\n|t:|1700328940\n|move|p2a: Garchomp|Stealth Rock|p1a: Snorlax\n|-sidestart|p1: Honningborgen|move: Stealth Rock\n|move|p1a: Snorlax|Body Slam|p2a: Garchomp\n|-damage|p2a: Garchomp|69\/100\n|-damage|p1a: Snorlax|52\/100|[from] ability: Rough Skin|[of] p2a: Garchomp\n|-damage|p1a: Snorlax|35\/100|[from] item: Rocky Helmet|[of] p2a: Garchomp\n|\n|upkeep\n|turn|33\n|\n|t:|1700328953\n|move|p2a: Garchomp|Earthquake|p1a: Snorlax\n|-damage|p1a: Snorlax|10\/100\n|move|p1a: Snorlax|Rest|p1a: Snorlax\n|-status|p1a: Snorlax|slp|[from] move: Rest\n|-heal|p1a: Snorlax|100\/100 slp|[silent]\n|\n|upkeep\n|turn|34\n|\n|t:|1700328960\n|switch|p1a: Clefable|Clefable, F|88\/100\n|-damage|p1a: Clefable|75\/100|[from] Stealth Rock\n|move|p2a: Garchomp|Dragon Tail|p1a: Clefable\n|-immune|p1a: Clefable\n|\n|-heal|p1a: Clefable|81\/100|[from] item: Leftovers\n|upkeep\n|turn|35\n|\n|t:|1700328967\n|switch|p2a: Ferrothorn|Ferrothorn, F|56\/100\n|move|p1a: Clefable|Stealth Rock|p2a: Ferrothorn\n|-sidestart|p2: RuanMoreira|move: Stealth Rock\n|\n|-heal|p1a: Clefable|88\/100|[from] item: Leftovers\n|-heal|p2a: Ferrothorn|63\/100|[from] item: Leftovers\n|upkeep\n|turn|36\n|\n|t:|1700328988\n|switch|p1a: Ho-Oh|Ho-Oh|39\/100 tox\n|move|p2a: Ferrothorn|Leech Seed|p1a: Ho-Oh\n|-start|p1a: Ho-Oh|move: Leech Seed\n|\n|-heal|p2a: Ferrothorn|69\/100|[from] item: Leftovers\n|-damage|p1a: Ho-Oh|27\/100 tox|[from] Leech Seed|[of] p2a: Ferrothorn\n|-heal|p2a: Ferrothorn|83\/100|[silent]\n|-damage|p1a: Ho-Oh|21\/100 tox|[from] psn\n|upkeep\n|turn|37\n|inactive|Honningborgen has 120 seconds left.\n|\n|t:|1700329022\n|switch|p2a: Ho-Oh|Ho-Oh, shiny|99\/100 tox\n|move|p1a: Ho-Oh|Whirlwind|p2a: Ho-Oh\n|drag|p2a: Garchomp|Garchomp, M, shiny|69\/100\n|-damage|p2a: Garchomp|63\/100|[from] Stealth Rock\n|\n|-damage|p1a: Ho-Oh|8\/100 tox|[from] Leech Seed|[of] p2a: Garchomp\n|-heal|p2a: Garchomp|75\/100|[silent]\n|-damage|p1a: Ho-Oh|0 fnt|[from] psn\n|faint|p1a: Ho-Oh\n|upkeep\n|inactive|Honningborgen has 120 seconds left.\n|\n|t:|1700329030\n|switch|p1a: Clefable|Clefable, F|88\/100\n|-damage|p1a: Clefable|75\/100|[from] Stealth Rock\n|turn|38\n|\n|t:|1700329043\n|move|p2a: Garchomp|Earthquake|p1a: Clefable\n|-damage|p1a: Clefable|43\/100\n|move|p1a: Clefable|Moonblast|p2a: Garchomp\n|-supereffective|p2a: Garchomp\n|-damage|p2a: Garchomp|17\/100\n|\n|-heal|p1a: Clefable|49\/100|[from] item: Leftovers\n|upkeep\n|turn|39\n|\n|t:|1700329052\n|switch|p2a: Ho-Oh|Ho-Oh, shiny|100\/100 tox\n|move|p1a: Clefable|Soft-Boiled|p1a: Clefable\n|-heal|p1a: Clefable|99\/100\n|\n|-heal|p1a: Clefable|100\/100|[from] item: Leftovers\n|-damage|p2a: Ho-Oh|94\/100 tox|[from] psn\n|upkeep\n|turn|40\n|\n|t:|1700329059\n|switch|p1a: Snorlax|Snorlax, F|100\/100 slp\n|-damage|p1a: Snorlax|88\/100 slp|[from] Stealth Rock\n|move|p2a: Ho-Oh|Sacred Fire|p1a: Snorlax\n|-damage|p1a: Snorlax|69\/100 slp\n|\n|-damage|p2a: Ho-Oh|82\/100 tox|[from] psn\n|upkeep\n|turn|41\n|\n|t:|1700329068\n|switch|p2a: Blissey|Blissey, F, shiny|23\/100\n|-damage|p2a: Blissey|11\/100|[from] Stealth Rock\n|cant|p1a: Snorlax|slp\n|\n|upkeep\n|turn|42\n|\n|t:|1700329077\n|switch|p1a: Great Tusk|Great Tusk|100\/100\n|-damage|p1a: Great Tusk|98\/100|[from] Stealth Rock\n|-enditem|p1a: Great Tusk|Booster Energy\n|-activate|p1a: Great Tusk|ability: Protosynthesis|[fromitem]\n|-start|p1a: Great Tusk|protosynthesisspe\n|move|p2a: Blissey|Soft-Boiled|p2a: Blissey\n|-heal|p2a: Blissey|61\/100\n|\n|upkeep\n|turn|43\n|\n|t:|1700329097\n|switch|p2a: Ferrothorn|Ferrothorn, F|83\/100\n|-damage|p2a: Ferrothorn|77\/100|[from] Stealth Rock\n|move|p1a: Great Tusk|Bulk Up|p1a: Great Tusk\n|-boost|p1a: Great Tusk|atk|1\n|-boost|p1a: Great Tusk|def|1\n|\n|-heal|p2a: Ferrothorn|83\/100|[from] item: Leftovers\n|upkeep\n|turn|44\n|\n|t:|1700329108\n|move|p1a: Great Tusk|Close Combat|p2a: Ferrothorn\n|-supereffective|p2a: Ferrothorn\n|-damage|p2a: Ferrothorn|0 fnt\n|-unboost|p1a: Great Tusk|def|1\n|-unboost|p1a: Great Tusk|spd|1\n|-damage|p1a: Great Tusk|85\/100|[from] ability: Iron Barbs|[of] p2a: Ferrothorn\n|faint|p2a: Ferrothorn\n|\n|upkeep\n|\n|t:|1700329117\n|switch|p2a: Blissey|Blissey, F, shiny|61\/100\n|-damage|p2a: Blissey|49\/100|[from] Stealth Rock\n|turn|45\n|\n|t:|1700329124\n|move|p1a: Great Tusk|Headlong Rush|p2a: Blissey\n|-damage|p2a: Blissey|0 fnt\n|-unboost|p1a: Great Tusk|def|1\n|-unboost|p1a: Great Tusk|spd|1\n|faint|p2a: Blissey\n|\n|upkeep\n|\n|t:|1700329130\n|switch|p2a: Garchomp|Garchomp, M, shiny|17\/100\n|-damage|p2a: Garchomp|11\/100|[from] Stealth Rock\n|turn|46\n|\n|t:|1700329142\n|move|p1a: Great Tusk|Headlong Rush|p2a: Garchomp\n|-damage|p2a: Garchomp|0 fnt\n|-unboost|p1a: Great Tusk|def|1\n|-unboost|p1a: Great Tusk|spd|1\n|-damage|p1a: Great Tusk|73\/100|[from] ability: Rough Skin|[of] p2a: Garchomp\n|-damage|p1a: Great Tusk|56\/100|[from] item: Rocky Helmet|[of] p2a: Garchomp\n|faint|p2a: Garchomp\n|\n|upkeep\n|\n|t:|1700329150\n|switch|p2a: Ninetales|Ninetales-Alola, M, shiny|100\/100\n|-damage|p2a: Ninetales|76\/100|[from] Stealth Rock\n|-weather|Snow|[from] ability: Snow Warning|[of] p2a: Ninetales\n|turn|47\n|\n|t:|1700329162\n|move|p2a: Ninetales|Blizzard|p1a: Great Tusk\n|-supereffective|p1a: Great Tusk\n|-damage|p1a: Great Tusk|0 fnt\n|faint|p1a: Great Tusk\n|-end|p1a: Great Tusk|Protosynthesis|[silent]\n|\n|-weather|Snow|[upkeep]\n|upkeep\n|\n|t:|1700329165\n|switch|p1a: Snorlax|Snorlax, F|69\/100 slp\n|-damage|p1a: Snorlax|57\/100 slp|[from] Stealth Rock\n|turn|48\n|\n|t:|1700329170\n|move|p2a: Ninetales|Blizzard|p1a: Snorlax\n|-damage|p1a: Snorlax|48\/100 slp\n|cant|p1a: Snorlax|slp\n|\n|-weather|Snow|[upkeep]\n|upkeep\n|turn|49\n|\n|t:|1700329176\n|switch|p2a: Ho-Oh|Ho-Oh, shiny|100\/100 tox\n|-curestatus|p1a: Snorlax|slp|[msg]\n|move|p1a: Snorlax|Rest|p1a: Snorlax\n|-status|p1a: Snorlax|slp|[from] move: Rest\n|-heal|p1a: Snorlax|100\/100 slp|[silent]\n|\n|-weather|Snow|[upkeep]\n|-damage|p2a: Ho-Oh|94\/100 tox|[from] psn\n|upkeep\n|turn|50\n|\n|t:|1700329189\n|move|p2a: Ho-Oh|Defog|p1a: Snorlax\n|-unboost|p1a: Snorlax|evasion|1\n|-sideend|p1: Honningborgen|Stealth Rock|[from] move: Defog|[of] p2a: Ho-Oh\n|-sideend|p2: RuanMoreira|Stealth Rock|[from] move: Defog|[of] p2a: Ho-Oh\n|cant|p1a: Snorlax|slp\n|\n|-weather|Snow|[upkeep]\n|-damage|p2a: Ho-Oh|82\/100 tox|[from] psn\n|upkeep\n|turn|51\n|\n|t:|1700329208\n|switch|p2a: Ninetales|Ninetales-Alola, M, shiny|76\/100\n|cant|p1a: Snorlax|slp\n|\n|-weather|none\n|upkeep\n|turn|52\n|\n|t:|1700329217\n|move|p2a: Ninetales|Moonblast|p1a: Snorlax\n|-damage|p1a: Snorlax|84\/100 slp\n|-curestatus|p1a: Snorlax|slp|[msg]\n|move|p1a: Snorlax|Curse|p1a: Snorlax\n|-unboost|p1a: Snorlax|spe|1\n|-boost|p1a: Snorlax|atk|1\n|-boost|p1a: Snorlax|def|1\n|\n|upkeep\n|turn|53\n|\n|t:|1700329224\n|switch|p2a: Ho-Oh|Ho-Oh, shiny|100\/100 tox\n|move|p1a: Snorlax|Body Slam|p2a: Ho-Oh\n|-damage|p2a: Ho-Oh|67\/100 tox\n|\n|-damage|p2a: Ho-Oh|61\/100 tox|[from] psn\n|upkeep\n|turn|54\n|\n|t:|1700329232\n|move|p1a: Snorlax|Body Slam|p2a: Ho-Oh\n|-damage|p2a: Ho-Oh|31\/100 tox\n|move|p2a: Ho-Oh|Whirlwind|p1a: Snorlax\n|drag|p1a: Clefable|Clefable, F|100\/100\n|\n|-damage|p2a: Ho-Oh|19\/100 tox|[from] psn\n|upkeep\n|turn|55\n|\n|t:|1700329239\n|switch|p2a: Ninetales|Ninetales-Alola, M, shiny|76\/100\n|-weather|Snow|[from] ability: Snow Warning|[of] p2a: Ninetales\n|move|p1a: Clefable|Stealth Rock|p2a: Ninetales\n|-sidestart|p2: RuanMoreira|move: Stealth Rock\n|\n|-weather|Snow|[upkeep]\n|upkeep\n|turn|56\n|\n|t:|1700329248\n|move|p2a: Ninetales|Blizzard|p1a: Clefable\n|-damage|p1a: Clefable|61\/100\n|move|p1a: Clefable|Mystical Fire|p2a: Ninetales\n|-supereffective|p2a: Ninetales\n|-damage|p2a: Ninetales|35\/100\n|-unboost|p2a: Ninetales|spa|1\n|\n|-weather|Snow|[upkeep]\n|-heal|p1a: Clefable|68\/100|[from] item: Leftovers\n|upkeep\n|turn|57\n|\n|t:|1700329260\n|switch|p2a: Ho-Oh|Ho-Oh, shiny|53\/100 tox\n|-terastallize|p1a: Clefable|Steel\n|move|p1a: Clefable|Mystical Fire|p2a: Ho-Oh\n|-resisted|p2a: Ho-Oh\n|-damage|p2a: Ho-Oh|48\/100 tox\n|-unboost|p2a: Ho-Oh|spa|1\n|\n|-weather|Snow|[upkeep]\n|-heal|p1a: Clefable|74\/100|[from] item: Leftovers\n|-damage|p2a: Ho-Oh|42\/100 tox|[from] psn\n|upkeep\n|turn|58\n|\n|t:|1700329272\n|move|p2a: Ho-Oh|Sacred Fire|p1a: Clefable\n|-supereffective|p1a: Clefable\n|-damage|p1a: Clefable|5\/100\n|-status|p1a: Clefable|brn\n|move|p1a: Clefable|Moonblast|p2a: Ho-Oh\n|-resisted|p2a: Ho-Oh\n|-damage|p2a: Ho-Oh|34\/100 tox\n|\n|-weather|Snow|[upkeep]\n|-heal|p1a: Clefable|11\/100 brn|[from] item: Leftovers\n|-damage|p2a: Ho-Oh|22\/100 tox|[from] psn\n|-damage|p1a: Clefable|5\/100 brn|[from] brn\n|upkeep\n|turn|59\n|\n|t:|1700329284\n|move|p2a: Ho-Oh|Sacred Fire|p1a: Clefable\n|-supereffective|p1a: Clefable\n|-crit|p1a: Clefable\n|-damage|p1a: Clefable|0 fnt\n|faint|p1a: Clefable\n|\n|-weather|none\n|-damage|p2a: Ho-Oh|4\/100 tox|[from] psn\n|upkeep\n|\n|t:|1700329286\n|switch|p1a: Snorlax|Snorlax, F|84\/100\n|turn|60\n|\n|t:|1700329293\n|switch|p2a: Ninetales|Ninetales-Alola, M, shiny|35\/100\n|-damage|p2a: Ninetales|11\/100|[from] Stealth Rock\n|-weather|Snow|[from] ability: Snow Warning|[of] p2a: Ninetales\n|move|p1a: Snorlax|Curse|p1a: Snorlax\n|-unboost|p1a: Snorlax|spe|1\n|-boost|p1a: Snorlax|atk|1\n|-boost|p1a: Snorlax|def|1\n|\n|-weather|Snow|[upkeep]\n|upkeep\n|turn|61\n|-message|RuanMoreira forfeited.\n|\n|win|Honningborgen\n|raw|Honningborgen's rating: 1294 &rarr; <strong>1313<\/strong><br \/>(+19 for winning)\n|raw|RuanMoreira's rating: 1207 &rarr; <strong>1188<\/strong><br \/>(-19 for losing)\n|l|\u2606RuanMoreira\n|c|\u2606Honningborgen|gg my friend\n","uploadtime":1700329309,"views":27,"p1id":"honningborgen","p2id":"ruanmoreira","formatid":"gen9nationaldexubers","rating":1188,"private":0,"password":""}