{"id":"gen9nationaldexubers-1978718824","p1":"loch2009","p2":"eslogann","format":"[Gen 9] National Dex Ubers","log":"|j|\u2606loch2009\n|j|\u2606eslogann\n|t:|1698586477\n|gametype|singles\n|player|p1|loch2009|cynthia-gen4|1327\n|player|p2|eslogann|101|1223\n|teamsize|p1|6\n|teamsize|p2|6\n|gen|9\n|tier|[Gen 9] National Dex Ubers\n|rated|\n|rule|HP Percentage Mod: HP is shown in percentages\n|rule|Endless Battle Clause: Forcing endless battles is banned\n|rule|OHKO Clause: OHKO moves are banned\n|rule|Evasion Moves Clause: Evasion moves are banned\n|rule|Evasion Items Clause: Evasion items are banned\n|rule|Species Clause: Limit one of each Pok\u00e9mon\n|rule|Sleep Clause Mod: Limit one foe put to sleep\n|rule|Mega Rayquaza Clause: You cannot mega evolve Rayquaza\n|clearpoke\n|poke|p1|Darmanitan-Galar, M|\n|poke|p1|Genesect|\n|poke|p1|Dialga|\n|poke|p1|Marshadow|\n|poke|p1|Alakazam, M|\n|poke|p1|Lopunny, F|\n|poke|p2|Excadrill, M|\n|poke|p2|Grimmsnarl, M|\n|poke|p2|Skeledirge, F|\n|poke|p2|Tyrantrum, M|\n|poke|p2|Spectrier|\n|poke|p2|Manectric, F|\n|teampreview\n|inactive|Battle timer is ON: inactive players will automatically lose when time's up. (requested by eslogann)\n|\n|t:|1698586501\n|start\n|switch|p1a: Lopunny|Lopunny, F|100\/100\n|switch|p2a: Excadrill|Excadrill, M|100\/100\n|-ability|p2a: Excadrill|Mold Breaker\n|-item|p2a: Excadrill|Air Balloon\n|turn|1\n|\n|t:|1698586510\n|detailschange|p1a: Lopunny|Lopunny-Mega, F\n|-mega|p1a: Lopunny|Lopunny|Lopunnite\n|move|p1a: Lopunny|Fake Out|p2a: Excadrill\n|-resisted|p2a: Excadrill\n|-damage|p2a: Excadrill|85\/100\n|-enditem|p2a: Excadrill|Air Balloon\n|cant|p2a: Excadrill|flinch\n|\n|upkeep\n|turn|2\n|\n|t:|1698586519\n|move|p1a: Lopunny|Close Combat|p2a: Excadrill\n|-supereffective|p2a: Excadrill\n|-damage|p2a: Excadrill|0 fnt\n|-unboost|p1a: Lopunny|def|1\n|-unboost|p1a: Lopunny|spd|1\n|faint|p2a: Excadrill\n|\n|upkeep\n|\n|t:|1698586523\n|switch|p2a: Manectric|Manectric, F, shiny|100\/100\n|turn|3\n|inactive|loch2009 has 120 seconds left.\n|\n|t:|1698586555\n|switch|p1a: Dialga|Dialga|100\/100\n|-ability|p1a: Dialga|Pressure\n|detailschange|p2a: Manectric|Manectric-Mega, F, shiny\n|-mega|p2a: Manectric|Manectric|Manectite\n|-ability|p2a: Manectric|Intimidate|boost\n|-unboost|p1a: Dialga|atk|1\n|move|p2a: Manectric|Thunderbolt|p1a: Dialga\n|-resisted|p1a: Dialga\n|-damage|p1a: Dialga|79\/100\n|\n|upkeep\n|turn|4\n|inactive|loch2009 has 120 seconds left.\n|\n|t:|1698586566\n|move|p2a: Manectric|Volt Switch|p1a: Dialga\n|-resisted|p1a: Dialga\n|-damage|p1a: Dialga|62\/100\n|\n|t:|1698586569\n|switch|p2a: Grimmsnarl|Grimmsnarl, M|100\/100|[from] Volt Switch\n|move|p1a: Dialga|Stealth Rock|p2a: Grimmsnarl\n|-sidestart|p2: eslogann|move: Stealth Rock\n|\n|upkeep\n|turn|5\n|\n|t:|1698586575\n|move|p2a: Grimmsnarl|Thunder Wave|p1a: Dialga\n|-status|p1a: Dialga|par\n|move|p1a: Dialga|Flash Cannon|p2a: Grimmsnarl\n|-supereffective|p2a: Grimmsnarl\n|-damage|p2a: Grimmsnarl|0 fnt\n|faint|p2a: Grimmsnarl\n|\n|upkeep\n|\n|t:|1698586587\n|switch|p2a: Skeledirge|Skeledirge, F|100\/100\n|turn|6\n|\n|t:|1698586594\n|move|p2a: Skeledirge|Torch Song|p1a: Dialga\n|-damage|p1a: Dialga|30\/100 par\n|-boost|p2a: Skeledirge|spa|1\n|move|p1a: Dialga|Dragon Tail|p2a: Skeledirge\n|-damage|p2a: Skeledirge|81\/100\n|drag|p2a: Spectrier|Spectrier|100\/100\n|-damage|p2a: Spectrier|88\/100|[from] Stealth Rock\n|\n|upkeep\n|turn|7\n|\n|t:|1698586606\n|-terastallize|p2a: Spectrier|Fighting\n|move|p2a: Spectrier|Tera Blast|p1a: Dialga|[anim] Tera Blast Fighting\n|-supereffective|p1a: Dialga\n|-damage|p1a: Dialga|0 fnt\n|faint|p1a: Dialga\n|-ability|p2a: Spectrier|Grim Neigh|boost\n|-boost|p2a: Spectrier|spa|1\n|\n|upkeep\n|\n|t:|1698586617\n|switch|p1a: Lopunny|Lopunny-Mega, F|100\/100\n|turn|8\n|\n|t:|1698586622\n|move|p1a: Lopunny|Fake Out|p2a: Spectrier\n|-damage|p2a: Spectrier|56\/100\n|cant|p2a: Spectrier|flinch\n|\n|upkeep\n|turn|9\n|\n|t:|1698586626\n|move|p1a: Lopunny|Return|p2a: Spectrier\n|-damage|p2a: Spectrier|0 fnt\n|faint|p2a: Spectrier\n|\n|upkeep\n|\n|t:|1698586631\n|switch|p2a: Manectric|Manectric-Mega, F, shiny|100\/100\n|-damage|p2a: Manectric|88\/100|[from] Stealth Rock\n|-ability|p2a: Manectric|Intimidate|boost\n|-fail|p1a: Lopunny|unboost|Attack|[from] ability: Scrappy|[of] p1a: Lopunny\n|turn|10\n|\n|t:|1698586637\n|move|p1a: Lopunny|Close Combat|p2a: Manectric\n|-damage|p2a: Manectric|0 fnt\n|-unboost|p1a: Lopunny|def|1\n|-unboost|p1a: Lopunny|spd|1\n|faint|p2a: Manectric\n|\n|upkeep\n|-message|eslogann forfeited.\n|\n|win|loch2009\n|raw|loch2009's rating: 1327 &rarr; <strong>1341<\/strong><br \/>(+14 for winning)\n|raw|eslogann's rating: 1223 &rarr; <strong>1205<\/strong><br \/>(-18 for losing)\n|l|\u2606eslogann\n|c|\u2606loch2009|gg\n","uploadtime":1698586649,"views":14,"p1id":"loch2009","p2id":"eslogann","formatid":"gen9nationaldexubers","rating":1205,"private":0,"password":""}