{"id":"gen9nationaldexubers-1995507008","p1":"Orokamo_Kaito","p2":"Orokamo Kaito 2","format":"[Gen 9] National Dex Ubers","log":"|j|\u2606Orokamo_Kaito\n|j|\u2606Orokamo Kaito 2\n|t:|1700578103\n|gametype|singles\n|player|p1|Orokamo_Kaito|cress|\n|player|p2|Orokamo Kaito 2|1|\n|teamsize|p1|6\n|teamsize|p2|1\n|gen|9\n|tier|[Gen 9] National Dex Ubers\n|rule|HP Percentage Mod: HP is shown in percentages\n|rule|Endless Battle Clause: Forcing endless battles is banned\n|rule|OHKO Clause: OHKO moves are banned\n|rule|Evasion Moves Clause: Evasion moves are banned\n|rule|Evasion Items Clause: Evasion items are banned\n|rule|Species Clause: Limit one of each Pok\u00e9mon\n|rule|Sleep Clause Mod: Limit one foe put to sleep\n|rule|Mega Rayquaza Clause: You cannot mega evolve Rayquaza\n|clearpoke\n|poke|p1|Maushold|\n|poke|p1|Fezandipiti, M|\n|poke|p1|Mewtwo|\n|poke|p1|Deoxys-Attack|\n|poke|p1|Groudon|\n|poke|p1|Kyurem-Black|\n|poke|p2|Steelix, M|\n|teampreview\n|\n|t:|1700578113\n|start\n|switch|p1a: Groudon|Groudon|100\/100\n|switch|p2a: Steelix|Steelix, M|100\/100\n|detailschange|p1a: Groudon|Groudon-Primal\n|-primal|p1a: Groudon|Red Orb\n|-weather|DesolateLand|[from] ability: Desolate Land|[of] p1a: Groudon\n|turn|1\n|\n|t:|1700578142\n|-weather|none\n|switch|p1a: Mewtwo|Mewtwo|100\/100\n|-ability|p1a: Mewtwo|Pressure\n|detailschange|p2a: Steelix|Steelix-Mega, M\n|-mega|p2a: Steelix|Steelix|Steelixite\n|move|p2a: Steelix|Rock Polish|p2a: Steelix\n|-boost|p2a: Steelix|spe|2\n|\n|upkeep\n|turn|2\n|l|\u2606Orokamo_Kaito\n|player|p1|\n|j|\u2606Orokamo_Kaito\n|player|p1|Orokamo_Kaito|cress\n|l|\u2606Orokamo_Kaito\n|player|p1|\n|l|\u2606Orokamo Kaito 2\n|player|p2|\n|j|\u2606Orokamo_Kaito\n|player|p1|Orokamo_Kaito|cress\n|\n|t:|1700578537\n|detailschange|p1a: Mewtwo|Mewtwo-Mega-X\n|-mega|p1a: Mewtwo|Mewtwo|Mewtwonite X\n|move|p1a: Mewtwo|Agility|p1a: Mewtwo\n|-boost|p1a: Mewtwo|spe|2\n|move|p2a: Steelix|Rock Polish|p2a: Steelix\n|-boost|p2a: Steelix|spe|2\n|\n|upkeep\n|turn|3\n|j|\u2606Orokamo Kaito 2\n|player|p2|Orokamo Kaito 2|1\n|\n|t:|1700578597\n|switch|p1a: Maushold|Maushold|100\/100\n|move|p2a: Steelix|Rock Polish|p2a: Steelix\n|-boost|p2a: Steelix|spe|2\n|\n|upkeep\n|turn|4\n|\n|t:|1700578608\n|move|p2a: Steelix|Rock Polish|p2a: Steelix\n|-boost|p2a: Steelix|spe|0\n|move|p1a: Maushold|Beat Up|p2a: Steelix\n|-damage|p2a: Steelix|98\/100\n|-damage|p2a: Steelix|95\/100\n|-damage|p2a: Steelix|91\/100\n|-damage|p2a: Steelix|86\/100\n|-crit|p2a: Steelix\n|-damage|p2a: Steelix|79\/100\n|-damage|p2a: Steelix|75\/100\n|-hitcount|p2a: Steelix|6\n|\n|upkeep\n|turn|5\n|\n|t:|1700578725\n|move|p2a: Steelix|Rock Polish|p2a: Steelix\n|-boost|p2a: Steelix|spe|0\n|move|p1a: Maushold|Beat Up|p2a: Steelix\n|-damage|p2a: Steelix|73\/100\n|-damage|p2a: Steelix|71\/100\n|-damage|p2a: Steelix|66\/100\n|-damage|p2a: Steelix|62\/100\n|-damage|p2a: Steelix|58\/100\n|-damage|p2a: Steelix|53\/100\n|-hitcount|p2a: Steelix|6\n|\n|upkeep\n|turn|6\n|\n|t:|1700578781\n|switch|p1a: Fezandipiti|Fezandipiti, M|100\/100\n|move|p2a: Steelix|Rock Polish|p2a: Steelix\n|-boost|p2a: Steelix|spe|0\n|\n|upkeep\n|turn|7\n|\n|t:|1700578789\n|move|p2a: Steelix|Rock Polish|p2a: Steelix\n|-boost|p2a: Steelix|spe|0\n|move|p1a: Fezandipiti|Beat Up|p2a: Steelix\n|-damage|p2a: Steelix|51\/100\n|-damage|p2a: Steelix|49\/100\n|-damage|p2a: Steelix|46\/100\n|-damage|p2a: Steelix|42\/100\n|-damage|p2a: Steelix|39\/100\n|-damage|p2a: Steelix|35\/100\n|-hitcount|p2a: Steelix|6\n|\n|upkeep\n|turn|8\n|-message|Orokamo_Kaito forfeited.\n|\n|win|Orokamo Kaito 2\n|l|\u2606Orokamo_Kaito\n","uploadtime":1700578872,"views":4,"p1id":"orokamokaito","p2id":"orokamokaito2","formatid":"gen9nationaldexubers","rating":0,"private":0,"password":""}