{"id":"gen9nationaldexubers-1982506681","p1":"Braquelo","p2":"Ukkkllrmm","format":"[Gen 9] National Dex Ubers","log":"|j|\u2606Braquelo\n|j|\u2606Ukkkllrmm\n|t:|1699021207\n|gametype|singles\n|player|p1|Braquelo|raihan|1219\n|player|p2|Ukkkllrmm|101|1083\n|teamsize|p1|6\n|teamsize|p2|6\n|gen|9\n|tier|[Gen 9] National Dex Ubers\n|rated|\n|rule|HP Percentage Mod: HP is shown in percentages\n|rule|Endless Battle Clause: Forcing endless battles is banned\n|rule|OHKO Clause: OHKO moves are banned\n|rule|Evasion Moves Clause: Evasion moves are banned\n|rule|Evasion Items Clause: Evasion items are banned\n|rule|Species Clause: Limit one of each Pok\u00e9mon\n|rule|Sleep Clause Mod: Limit one foe put to sleep\n|rule|Mega Rayquaza Clause: You cannot mega evolve Rayquaza\n|clearpoke\n|poke|p1|Lucario, M|\n|poke|p1|Iron Thorns|\n|poke|p1|Dragapult, M|\n|poke|p1|Delphox, F|\n|poke|p1|Swampert, M|\n|poke|p1|Corviknight, M|\n|poke|p2|Dracovish|\n|poke|p2|Garchomp, M|\n|poke|p2|Lugia|\n|poke|p2|Gengar, M|\n|poke|p2|Lucario, F|\n|poke|p2|Rayquaza|\n|teampreview\n|\n|t:|1699021224\n|start\n|switch|p1a: Dragapult|Dragapult, M|100\/100\n|switch|p2a: Lucario|Lucario, F|100\/100\n|turn|1\n|\n|t:|1699021232\n|detailschange|p2a: Lucario|Lucario-Mega, F\n|-mega|p2a: Lucario|Lucario|Lucarionite\n|move|p1a: Dragapult|U-turn|p2a: Lucario\n|-resisted|p2a: Lucario\n|-damage|p2a: Lucario|95\/100\n|\n|t:|1699021239\n|switch|p1a: Corviknight|Corviknight, M|100\/100|[from] U-turn\n|move|p2a: Lucario|Flash Cannon|p1a: Corviknight\n|-resisted|p1a: Corviknight\n|-damage|p1a: Corviknight|73\/100\n|\n|upkeep\n|turn|2\n|\n|t:|1699021248\n|move|p2a: Lucario|Nasty Plot|p2a: Lucario\n|-boost|p2a: Lucario|spa|2\n|move|p1a: Corviknight|Brave Bird|p2a: Lucario\n|-damage|p2a: Lucario|46\/100\n|-damage|p1a: Corviknight|62\/100|[from] Recoil\n|\n|upkeep\n|turn|3\n|\n|t:|1699021259\n|switch|p1a: Dragapult|Dragapult, M|100\/100\n|move|p2a: Lucario|Aura Sphere|p1a: Dragapult\n|-immune|p1a: Dragapult\n|\n|upkeep\n|turn|4\n|\n|t:|1699021266\n|move|p1a: Dragapult|Flamethrower|p2a: Lucario\n|-supereffective|p2a: Lucario\n|-damage|p2a: Lucario|0 fnt\n|faint|p2a: Lucario\n|\n|upkeep\n|\n|t:|1699021275\n|switch|p2a: Gengar|Gengar, M, shiny|100\/100\n|turn|5\n|\n|t:|1699021288\n|switch|p1a: Swampert|Swampert, M|100\/100\n|move|p2a: Gengar|Shadow Ball|p1a: Swampert\n|-damage|p1a: Swampert|76\/100\n|-unboost|p1a: Swampert|spd|1\n|\n|upkeep\n|turn|6\n|\n|t:|1699021296\n|move|p2a: Gengar|Shadow Ball|p1a: Swampert\n|-damage|p1a: Swampert|38\/100\n|move|p1a: Swampert|Flip Turn|p2a: Gengar\n|-damage|p2a: Gengar|42\/100\n|\n|t:|1699021303\n|switch|p1a: Lucario|Lucario, M|100\/100|[from] Flip Turn\n|\n|upkeep\n|turn|7\n|\n|t:|1699021308\n|detailschange|p1a: Lucario|Lucario-Mega, M\n|-mega|p1a: Lucario|Lucario|Lucarionite\n|move|p1a: Lucario|Earthquake|p2a: Gengar\n|-supereffective|p2a: Gengar\n|-damage|p2a: Gengar|0 fnt\n|-start|p1a: Lucario|Disable|Earthquake|[from] ability: Cursed Body|[of] p2a: Gengar\n|faint|p2a: Gengar\n|\n|upkeep\n|\n|t:|1699021319\n|switch|p2a: Dracovish|Dracovish|100\/100\n|turn|8\n|\n|t:|1699021328\n|switch|p1a: Swampert|Swampert, M|38\/100\n|move|p2a: Dracovish|Fishious Rend|p1a: Swampert\n|-damage|p1a: Swampert|0 fnt\n|faint|p1a: Swampert\n|\n|upkeep\n|\n|t:|1699021331\n|switch|p1a: Corviknight|Corviknight, M|62\/100\n|turn|9\n|\n|t:|1699021344\n|move|p2a: Dracovish|Fishious Rend|p1a: Corviknight\n|-damage|p1a: Corviknight|3\/100\n|-damage|p2a: Dracovish|84\/100|[from] item: Rocky Helmet|[of] p1a: Corviknight\n|move|p1a: Corviknight|Roost|p1a: Corviknight\n|-heal|p1a: Corviknight|53\/100\n|-singleturn|p1a: Corviknight|move: Roost\n|\n|upkeep\n|turn|10\n|\n|t:|1699021354\n|move|p2a: Dracovish|Fishious Rend|p1a: Corviknight\n|-damage|p1a: Corviknight|0 fnt\n|-damage|p2a: Dracovish|67\/100|[from] item: Rocky Helmet|[of] p1a: Corviknight\n|faint|p1a: Corviknight\n|\n|upkeep\n|\n|t:|1699021361\n|switch|p1a: Iron Thorns|Iron Thorns|100\/100\n|turn|11\n|inactive|Battle timer is ON: inactive players will automatically lose when time's up. (requested by Ukkkllrmm)\n|\n|t:|1699021373\n|-terastallize|p1a: Iron Thorns|Bug\n|move|p2a: Dracovish|Fishious Rend|p1a: Iron Thorns\n|-damage|p1a: Iron Thorns|0 fnt\n|faint|p1a: Iron Thorns\n|-end|p1a: Iron Thorns|Quark Drive|[silent]\n|\n|upkeep\n|\n|t:|1699021381\n|switch|p1a: Dragapult|Dragapult, M|100\/100\n|turn|12\n|\n|t:|1699021386\n|switch|p2a: Lugia|Lugia|100\/100\n|move|p1a: Dragapult|Draco Meteor|p2a: Lugia|[miss]\n|-miss|p1a: Dragapult|p2a: Lugia\n|\n|upkeep\n|turn|13\n|\n|t:|1699021393\n|move|p1a: Dragapult|U-turn|p2a: Lugia\n|-damage|p2a: Lugia|96\/100\n|\n|t:|1699021398\n|switch|p1a: Delphox|Delphox, F|100\/100|[from] U-turn\n|move|p2a: Lugia|Toxic|p1a: Delphox\n|-status|p1a: Delphox|tox\n|\n|-heal|p2a: Lugia|100\/100|[from] item: Leftovers\n|-damage|p1a: Delphox|94\/100 tox|[from] psn\n|upkeep\n|turn|14\n|\n|t:|1699021414\n|move|p1a: Delphox|Nasty Plot|p1a: Delphox\n|-boost|p1a: Delphox|spa|2\n|move|p2a: Lugia|Aeroblast|p1a: Delphox\n|-damage|p1a: Delphox|54\/100 tox\n|\n|-damage|p1a: Delphox|42\/100 tox|[from] psn\n|upkeep\n|turn|15\n|\n|t:|1699021427\n|move|p1a: Delphox|Flamethrower|p2a: Lugia\n|-crit|p2a: Lugia\n|-damage|p2a: Lugia|62\/100\n|move|p2a: Lugia|Aeroblast|p1a: Delphox\n|-damage|p1a: Delphox|4\/100 tox\n|\n|-heal|p2a: Lugia|69\/100|[from] item: Leftovers\n|-damage|p1a: Delphox|0 fnt|[from] psn\n|faint|p1a: Delphox\n|upkeep\n|\n|t:|1699021442\n|switch|p1a: Lucario|Lucario-Mega, M|100\/100\n|turn|16\n|\n|t:|1699021446\n|move|p1a: Lucario|Meteor Mash|p2a: Lugia\n|-damage|p2a: Lugia|30\/100\n|move|p2a: Lugia|Aeroblast|p1a: Lucario\n|-damage|p1a: Lucario|54\/100\n|\n|-heal|p2a: Lugia|36\/100|[from] item: Leftovers\n|upkeep\n|turn|17\n|\n|t:|1699021455\n|switch|p2a: Garchomp|Garchomp, M|100\/100\n|move|p1a: Lucario|Meteor Mash|p2a: Garchomp\n|-damage|p2a: Garchomp|38\/100\n|-damage|p1a: Lucario|41\/100|[from] ability: Rough Skin|[of] p2a: Garchomp\n|-damage|p1a: Lucario|25\/100|[from] item: Rocky Helmet|[of] p2a: Garchomp\n|\n|upkeep\n|turn|18\n|\n|t:|1699021463\n|move|p1a: Lucario|Meteor Mash|p2a: Garchomp\n|-damage|p2a: Garchomp|0 fnt\n|-damage|p1a: Lucario|12\/100|[from] ability: Rough Skin|[of] p2a: Garchomp\n|-damage|p1a: Lucario|0 fnt|[from] item: Rocky Helmet|[of] p2a: Garchomp\n|faint|p2a: Garchomp\n|faint|p1a: Lucario\n|\n|upkeep\n|\n|t:|1699021472\n|switch|p1a: Dragapult|Dragapult, M|100\/100\n|switch|p2a: Lugia|Lugia|36\/100\n|turn|19\n|\n|t:|1699021479\n|-terastallize|p2a: Lugia|Steel\n|move|p1a: Dragapult|Shadow Ball|p2a: Lugia\n|-damage|p2a: Lugia|16\/100\n|move|p2a: Lugia|Toxic|p1a: Dragapult|[miss]\n|-miss|p2a: Lugia|p1a: Dragapult\n|\n|-heal|p2a: Lugia|23\/100|[from] item: Leftovers\n|upkeep\n|turn|20\n|\n|t:|1699021489\n|move|p1a: Dragapult|Flamethrower|p2a: Lugia\n|-supereffective|p2a: Lugia\n|-crit|p2a: Lugia\n|-damage|p2a: Lugia|0 fnt\n|faint|p2a: Lugia\n|\n|upkeep\n|\n|t:|1699021495\n|switch|p2a: Dracovish|Dracovish|67\/100\n|turn|21\n|\n|t:|1699021506\n|-zpower|p1a: Dragapult\n|move|p1a: Dragapult|Devastating Drake|p2a: Dracovish|[zeffect]\n|-supereffective|p2a: Dracovish\n|-damage|p2a: Dracovish|0 fnt\n|faint|p2a: Dracovish\n|\n|upkeep\n|\n|t:|1699021514\n|switch|p2a: Rayquaza|Rayquaza|100\/100\n|-ability|p2a: Rayquaza|Air Lock\n|turn|22\n|\n|t:|1699021521\n|move|p1a: Dragapult|Draco Meteor|p2a: Rayquaza\n|-supereffective|p2a: Rayquaza\n|-damage|p2a: Rayquaza|0 fnt\n|-unboost|p1a: Dragapult|spa|2\n|faint|p2a: Rayquaza\n|\n|win|Braquelo\n|raw|Braquelo's rating: 1219 &rarr; <strong>1235<\/strong><br \/>(+16 for winning)\n|raw|Ukkkllrmm's rating: 1083 &rarr; <strong>1069<\/strong><br \/>(-14 for losing)\n|l|\u2606Ukkkllrmm\n","uploadtime":1699021531,"views":4,"p1id":"braquelo","p2id":"ukkkllrmm","formatid":"gen9nationaldexubers","rating":1069,"private":0,"password":""}