{"id":"gen9nationaldexubers-1989800231","p1":"METAL-M0DE\ufe0f\u2702\ufe0f","p2":"enma 6","format":"[Gen 9] National Dex Ubers","log":"|j|\u2606METAL-M0DE\ufe0f\u2702\ufe0f\n|j|\u2606enma 6\n|t:|1699896801\n|gametype|singles\n|player|p1|METAL-M0DE\ufe0f\u2702\ufe0f|jasmine-contest|1065\n|player|p2|enma 6|266|1000\n|teamsize|p1|6\n|teamsize|p2|5\n|gen|9\n|tier|[Gen 9] National Dex Ubers\n|rated|\n|rule|HP Percentage Mod: HP is shown in percentages\n|rule|Endless Battle Clause: Forcing endless battles is banned\n|rule|OHKO Clause: OHKO moves are banned\n|rule|Evasion Moves Clause: Evasion moves are banned\n|rule|Evasion Items Clause: Evasion items are banned\n|rule|Species Clause: Limit one of each Pok\u00e9mon\n|rule|Sleep Clause Mod: Limit one foe put to sleep\n|rule|Mega Rayquaza Clause: You cannot mega evolve Rayquaza\n|clearpoke\n|poke|p1|Klefki, M|\n|poke|p1|Jirachi|\n|poke|p1|Aggron, M|\n|poke|p1|Registeel|\n|poke|p1|Dialga|\n|poke|p1|Metagross|\n|poke|p2|Toxapex, M|\n|poke|p2|Greninja-*, F|\n|poke|p2|Hatterene, F|\n|poke|p2|Cinderace, M|\n|poke|p2|Weezing-Galar, M|\n|teampreview\n|\n|t:|1699896838\n|start\n|switch|p1a: \u26d3\ufe0f\u2699\ufe0fKLEFKI\u2699\ufe0f\u26d3\ufe0f|Klefki, M, shiny|100\/100\n|switch|p2a: Greninja|Greninja, F|100\/100\n|turn|1\n|\n|t:|1699896853\n|move|p1a: \u26d3\ufe0f\u2699\ufe0fKLEFKI\u2699\ufe0f\u26d3\ufe0f|Light Screen|p1a: \u26d3\ufe0f\u2699\ufe0fKLEFKI\u2699\ufe0f\u26d3\ufe0f\n|-sidestart|p1: METAL-M0DE\ufe0f\u2702\ufe0f|move: Light Screen\n|move|p2a: Greninja|Gunk Shot|p1a: \u26d3\ufe0f\u2699\ufe0fKLEFKI\u2699\ufe0f\u26d3\ufe0f\n|-immune|p1a: \u26d3\ufe0f\u2699\ufe0fKLEFKI\u2699\ufe0f\u26d3\ufe0f\n|\n|upkeep\n|turn|2\n|\n|t:|1699896864\n|move|p1a: \u26d3\ufe0f\u2699\ufe0fKLEFKI\u2699\ufe0f\u26d3\ufe0f|Reflect|p1a: \u26d3\ufe0f\u2699\ufe0fKLEFKI\u2699\ufe0f\u26d3\ufe0f\n|-sidestart|p1: METAL-M0DE\ufe0f\u2702\ufe0f|Reflect\n|move|p2a: Greninja|Hydro Cannon|p1a: \u26d3\ufe0f\u2699\ufe0fKLEFKI\u2699\ufe0f\u26d3\ufe0f\n|-damage|p1a: \u26d3\ufe0f\u2699\ufe0fKLEFKI\u2699\ufe0f\u26d3\ufe0f|71\/100\n|-mustrecharge|p2a: Greninja\n|\n|upkeep\n|turn|3\n|\n|t:|1699896875\n|switch|p1a: \u26d3\ufe0f\u2699\ufe0fMEGATRON\u2699\ufe0f\u26d3\ufe0f|Metagross, shiny|100\/100\n|cant|p2a: Greninja|recharge\n|\n|upkeep\n|turn|4\n|\n|t:|1699896882\n|switch|p2a: Weezing|Weezing-Galar, M|100\/100\n|move|p1a: \u26d3\ufe0f\u2699\ufe0fMEGATRON\u2699\ufe0f\u26d3\ufe0f|Power-Up Punch|p2a: Weezing\n|-resisted|p2a: Weezing\n|-damage|p2a: Weezing|96\/100\n|-boost|p1a: \u26d3\ufe0f\u2699\ufe0fMEGATRON\u2699\ufe0f\u26d3\ufe0f|atk|1\n|\n|upkeep\n|turn|5\n|\n|t:|1699896897\n|detailschange|p1a: \u26d3\ufe0f\u2699\ufe0fMEGATRON\u2699\ufe0f\u26d3\ufe0f|Metagross-Mega, shiny\n|-mega|p1a: \u26d3\ufe0f\u2699\ufe0fMEGATRON\u2699\ufe0f\u26d3\ufe0f|Metagross|Metagrossite\n|move|p1a: \u26d3\ufe0f\u2699\ufe0fMEGATRON\u2699\ufe0f\u26d3\ufe0f|Power-Up Punch|p2a: Weezing\n|-resisted|p2a: Weezing\n|-damage|p2a: Weezing|88\/100\n|-boost|p1a: \u26d3\ufe0f\u2699\ufe0fMEGATRON\u2699\ufe0f\u26d3\ufe0f|atk|1\n|move|p2a: Weezing|Overheat|p1a: \u26d3\ufe0f\u2699\ufe0fMEGATRON\u2699\ufe0f\u26d3\ufe0f\n|-supereffective|p1a: \u26d3\ufe0f\u2699\ufe0fMEGATRON\u2699\ufe0f\u26d3\ufe0f\n|-damage|p1a: \u26d3\ufe0f\u2699\ufe0fMEGATRON\u2699\ufe0f\u26d3\ufe0f|69\/100\n|-unboost|p2a: Weezing|spa|2\n|\n|upkeep\n|turn|6\n|\n|t:|1699896910\n|move|p1a: \u26d3\ufe0f\u2699\ufe0fMEGATRON\u2699\ufe0f\u26d3\ufe0f|Meteor Mash|p2a: Weezing\n|-supereffective|p2a: Weezing\n|-damage|p2a: Weezing|0 fnt\n|faint|p2a: Weezing\n|\n|upkeep\n|\n|t:|1699896917\n|switch|p2a: Cinderace|Cinderace, M|100\/100\n|turn|7\n|\n|t:|1699896925\n|move|p1a: \u26d3\ufe0f\u2699\ufe0fMEGATRON\u2699\ufe0f\u26d3\ufe0f|Meteor Mash|p2a: Cinderace\n|-resisted|p2a: Cinderace\n|-enditem|p2a: Cinderace|Focus Sash\n|-damage|p2a: Cinderace|1\/100\n|move|p2a: Cinderace|Flare Blitz|p1a: \u26d3\ufe0f\u2699\ufe0fMEGATRON\u2699\ufe0f\u26d3\ufe0f\n|-supereffective|p1a: \u26d3\ufe0f\u2699\ufe0fMEGATRON\u2699\ufe0f\u26d3\ufe0f\n|-damage|p1a: \u26d3\ufe0f\u2699\ufe0fMEGATRON\u2699\ufe0f\u26d3\ufe0f|0 fnt\n|faint|p1a: \u26d3\ufe0f\u2699\ufe0fMEGATRON\u2699\ufe0f\u26d3\ufe0f\n|-damage|p2a: Cinderace|0 fnt|[from] Recoil\n|faint|p2a: Cinderace\n|\n|upkeep\n|\n|t:|1699896942\n|switch|p1a: \u26d3\ufe0f\u2699\ufe0fDIALGA\u2699\ufe0f\u26d3\ufe0f|Dialga, shiny|100\/100\n|switch|p2a: Toxapex|Toxapex, M|100\/100\n|-ability|p1a: \u26d3\ufe0f\u2699\ufe0fDIALGA\u2699\ufe0f\u26d3\ufe0f|Pressure\n|turn|8\n|\n|t:|1699896957\n|move|p1a: \u26d3\ufe0f\u2699\ufe0fDIALGA\u2699\ufe0f\u26d3\ufe0f|Heavy Slam|p2a: Toxapex\n|-resisted|p2a: Toxapex\n|-damage|p2a: Toxapex|73\/100\n|move|p2a: Toxapex|Hyper Beam|p1a: \u26d3\ufe0f\u2699\ufe0fDIALGA\u2699\ufe0f\u26d3\ufe0f\n|-resisted|p1a: \u26d3\ufe0f\u2699\ufe0fDIALGA\u2699\ufe0f\u26d3\ufe0f\n|-damage|p1a: \u26d3\ufe0f\u2699\ufe0fDIALGA\u2699\ufe0f\u26d3\ufe0f|96\/100\n|-mustrecharge|p2a: Toxapex\n|\n|-sideend|p1: METAL-M0DE\ufe0f\u2702\ufe0f|move: Light Screen\n|upkeep\n|turn|9\n|\n|t:|1699896973\n|move|p1a: \u26d3\ufe0f\u2699\ufe0fDIALGA\u2699\ufe0f\u26d3\ufe0f|Roar of Time|p2a: Toxapex\n|-damage|p2a: Toxapex|0 fnt\n|-mustrecharge|p1a: \u26d3\ufe0f\u2699\ufe0fDIALGA\u2699\ufe0f\u26d3\ufe0f\n|faint|p2a: Toxapex\n|\n|-sideend|p1: METAL-M0DE\ufe0f\u2702\ufe0f|Reflect\n|upkeep\n|\n|t:|1699896982\n|switch|p2a: Hatterene|Hatterene, F|100\/100\n|turn|10\n|\n|t:|1699896988\n|cant|p1a: \u26d3\ufe0f\u2699\ufe0fDIALGA\u2699\ufe0f\u26d3\ufe0f|recharge\n|move|p2a: Hatterene|Dark Pulse|p1a: \u26d3\ufe0f\u2699\ufe0fDIALGA\u2699\ufe0f\u26d3\ufe0f\n|-damage|p1a: \u26d3\ufe0f\u2699\ufe0fDIALGA\u2699\ufe0f\u26d3\ufe0f|72\/100\n|\n|upkeep\n|turn|11\n|\n|t:|1699896997\n|move|p1a: \u26d3\ufe0f\u2699\ufe0fDIALGA\u2699\ufe0f\u26d3\ufe0f|Heavy Slam|p2a: Hatterene\n|-supereffective|p2a: Hatterene\n|-enditem|p2a: Hatterene|Focus Sash\n|-damage|p2a: Hatterene|1\/100\n|move|p2a: Hatterene|Misty Explosion|p1a: \u26d3\ufe0f\u2699\ufe0fDIALGA\u2699\ufe0f\u26d3\ufe0f\n|-damage|p1a: \u26d3\ufe0f\u2699\ufe0fDIALGA\u2699\ufe0f\u26d3\ufe0f|30\/100\n|faint|p2a: Hatterene\n|\n|upkeep\n|\n|t:|1699897007\n|switch|p2a: Greninja|Greninja, F|100\/100\n|turn|12\n|\n|t:|1699897016\n|move|p2a: Greninja|Hydro Cannon|p1a: \u26d3\ufe0f\u2699\ufe0fDIALGA\u2699\ufe0f\u26d3\ufe0f\n|-resisted|p1a: \u26d3\ufe0f\u2699\ufe0fDIALGA\u2699\ufe0f\u26d3\ufe0f\n|-damage|p1a: \u26d3\ufe0f\u2699\ufe0fDIALGA\u2699\ufe0f\u26d3\ufe0f|4\/100\n|-mustrecharge|p2a: Greninja\n|move|p1a: \u26d3\ufe0f\u2699\ufe0fDIALGA\u2699\ufe0f\u26d3\ufe0f|Steel Beam|p2a: Greninja\n|-resisted|p2a: Greninja\n|-damage|p2a: Greninja|39\/100\n|-damage|p1a: \u26d3\ufe0f\u2699\ufe0fDIALGA\u2699\ufe0f\u26d3\ufe0f|0 fnt|[from] steelbeam\n|faint|p1a: \u26d3\ufe0f\u2699\ufe0fDIALGA\u2699\ufe0f\u26d3\ufe0f\n|\n|upkeep\n|\n|t:|1699897026\n|switch|p1a: \u26d3\ufe0f\u2699\ufe0fAGRRON\u2699\ufe0f\u26d3\ufe0f|Aggron, M|100\/100\n|turn|13\n|\n|t:|1699897033\n|-terastallize|p1a: \u26d3\ufe0f\u2699\ufe0fAGRRON\u2699\ufe0f\u26d3\ufe0f|Steel\n|cant|p2a: Greninja|recharge\n|move|p1a: \u26d3\ufe0f\u2699\ufe0fAGRRON\u2699\ufe0f\u26d3\ufe0f|Heavy Slam|p2a: Greninja\n|-resisted|p2a: Greninja\n|-damage|p2a: Greninja|0 fnt\n|faint|p2a: Greninja\n|\n|win|METAL-M0DE\ufe0f\u2702\ufe0f\n|raw|METAL-M0DE\ufe0f\u2702\ufe0f's rating: 1065 &rarr; <strong>1090<\/strong><br \/>(+25 for winning)\n|raw|enma 6's rating: 1000 &rarr; <strong>1000<\/strong><br \/>(+0 for losing)\n|l|\u2606enma 6\n","uploadtime":1699897049,"views":5,"p1id":"metalm0de","p2id":"enma6","formatid":"gen9nationaldexubers","rating":1000,"private":0,"password":""}