{"id":"gen9nationaldexubers-1993480782","p1":"Weirdmenace","p2":"Navarr08","format":"[Gen 9] National Dex Ubers","log":"|j|\u2606Weirdmenace\n|j|\u2606Navarr08\n|t:|1700323036\n|gametype|singles\n|player|p1|Weirdmenace|caitlin|1397\n|player|p2|Navarr08|hilbert|1497\n|teamsize|p1|6\n|teamsize|p2|6\n|gen|9\n|tier|[Gen 9] National Dex Ubers\n|rated|\n|rule|HP Percentage Mod: HP is shown in percentages\n|rule|Endless Battle Clause: Forcing endless battles is banned\n|rule|OHKO Clause: OHKO moves are banned\n|rule|Evasion Moves Clause: Evasion moves are banned\n|rule|Evasion Items Clause: Evasion items are banned\n|rule|Species Clause: Limit one of each Pok\u00e9mon\n|rule|Sleep Clause Mod: Limit one foe put to sleep\n|rule|Mega Rayquaza Clause: You cannot mega evolve Rayquaza\n|clearpoke\n|poke|p1|Ho-Oh|\n|poke|p1|Zygarde|\n|poke|p1|Marshadow|\n|poke|p1|Groudon|\n|poke|p1|Arceus-Dark|\n|poke|p1|Kyogre|\n|poke|p2|Ogerpon-Hearthflame, F|\n|poke|p2|Xerneas-*|\n|poke|p2|Landorus-Therian, M|\n|poke|p2|Necrozma-Dusk-Mane|\n|poke|p2|Kyogre|\n|poke|p2|Banette, M|\n|teampreview\n|inactive|Battle timer is ON: inactive players will automatically lose when time's up. (requested by Navarr08)\n|\n|t:|1700323054\n|start\n|switch|p1a: kid named eruption|Groudon|100\/100\n|switch|p2a: Xerneas|Xerneas|100\/100\n|-ability|p2a: Xerneas|Fairy Aura\n|detailschange|p1a: kid named eruption|Groudon-Primal\n|-primal|p1a: kid named eruption|Red Orb\n|-weather|DesolateLand|[from] ability: Desolate Land|[of] p1a: kid named eruption\n|turn|1\n|inactive|Navarr08 has 120 seconds left.\n|\n|t:|1700323085\n|move|p2a: Xerneas|Geomancy||[still]\n|-prepare|p2a: Xerneas|Geomancy\n|-enditem|p2a: Xerneas|Power Herb\n|-anim|p2a: Xerneas|Geomancy|p2a: Xerneas\n|-boost|p2a: Xerneas|spa|2\n|-boost|p2a: Xerneas|spd|2\n|-boost|p2a: Xerneas|spe|2\n|move|p1a: kid named eruption|Precipice Blades|p2a: Xerneas\n|-damage|p2a: Xerneas|21\/100\n|\n|-weather|DesolateLand|[upkeep]\n|upkeep\n|turn|2\n|\n|t:|1700323094\n|move|p2a: Xerneas|Moonblast|p1a: kid named eruption\n|-resisted|p1a: kid named eruption\n|-damage|p1a: kid named eruption|39\/100\n|move|p1a: kid named eruption|Heat Crash|p2a: Xerneas\n|-damage|p2a: Xerneas|0 fnt\n|faint|p2a: Xerneas\n|\n|-weather|DesolateLand|[upkeep]\n|upkeep\n|inactive|Navarr08 has 120 seconds left.\n|\n|t:|1700323113\n|switch|p2a: Landorus|Landorus-Therian, M|100\/100\n|-ability|p2a: Landorus|Intimidate|boost\n|-unboost|p1a: kid named eruption|atk|1\n|turn|3\n|inactive|Navarr08 has 120 seconds left.\n|\n|t:|1700323118\n|-weather|none\n|switch|p1a: looks at you funny|Zygarde|100\/100\n|move|p2a: Landorus|Earthquake|p1a: looks at you funny\n|-damage|p1a: looks at you funny|57\/100\n|-damage|p2a: Landorus|91\/100|[from] item: Life Orb\n|\n|upkeep\n|turn|4\n|inactive|Navarr08 has 120 seconds left.\n|\n|t:|1700323134\n|switch|p1a: BKC|Arceus-Dark|100\/100\n|move|p2a: Landorus|Stealth Rock|p1a: BKC\n|-sidestart|p1: Weirdmenace|move: Stealth Rock\n|\n|upkeep\n|turn|5\n|inactive|Navarr08 has 120 seconds left.\n|\n|t:|1700323151\n|switch|p2a: Kyogre|Kyogre|100\/100\n|-weather|RainDance|[from] ability: Drizzle|[of] p2a: Kyogre\n|move|p1a: BKC|Will-O-Wisp|p2a: Kyogre\n|-status|p2a: Kyogre|brn\n|\n|-weather|RainDance|[upkeep]\n|-damage|p2a: Kyogre|94\/100 brn|[from] brn\n|upkeep\n|turn|6\n|\n|t:|1700323164\n|switch|p1a: kid named eruption|Groudon-Primal|39\/100\n|-damage|p1a: kid named eruption|26\/100|[from] Stealth Rock\n|-weather|DesolateLand|[from] ability: Desolate Land|[of] p1a: kid named eruption\n|move|p2a: Kyogre|Ice Beam|p1a: kid named eruption\n|-damage|p1a: kid named eruption|0 fnt\n|faint|p1a: kid named eruption\n|-weather|none\n|\n|-damage|p2a: Kyogre|88\/100 brn|[from] brn\n|upkeep\n|\n|t:|1700323177\n|switch|p1a: borzoi|Marshadow|100\/100\n|-damage|p1a: borzoi|94\/100|[from] Stealth Rock\n|turn|7\n|\n|t:|1700323182\n|switch|p2a: Landorus|Landorus-Therian, M|91\/100\n|-ability|p2a: Landorus|Intimidate|boost\n|-unboost|p1a: borzoi|atk|1\n|-terastallize|p1a: borzoi|Ghost\n|move|p1a: borzoi|Spectral Thief|p2a: Landorus\n|-damage|p2a: Landorus|14\/100\n|\n|upkeep\n|turn|8\n|inactive|Navarr08 has 120 seconds left.\n|\n|t:|1700323216\n|move|p1a: borzoi|Spectral Thief|p2a: Landorus\n|-damage|p2a: Landorus|0 fnt\n|faint|p2a: Landorus\n|\n|upkeep\n|\n|t:|1700323224\n|switch|p2a: Banette|Banette, M|100\/100\n|-item|p1a: borzoi|Choice Band|[from] ability: Frisk|[of] p2a: Banette|[identify]\n|turn|9\n|\n|t:|1700323230\n|switch|p1a: birdspam|Ho-Oh|100\/100\n|detailschange|p2a: Banette|Banette-Mega, M\n|-mega|p2a: Banette|Banette|Banettite\n|move|p2a: Banette|Destiny Bond|p2a: Banette\n|-singlemove|p2a: Banette|Destiny Bond\n|\n|upkeep\n|turn|10\n|inactive|Navarr08 has 90 seconds left.\n|\n|t:|1700323261\n|switch|p2a: Necrozma|Necrozma-Dusk-Mane|100\/100\n|move|p1a: birdspam|Defog|p2a: Necrozma\n|-unboost|p2a: Necrozma|evasion|1\n|-sideend|p1: Weirdmenace|Stealth Rock|[from] move: Defog|[of] p1a: birdspam\n|\n|upkeep\n|turn|11\n|inactive|Navarr08 has 90 seconds left.\n|\n|t:|1700323273\n|detailschange|p2a: Necrozma|Necrozma-Ultra\n|-burst|p2a: Necrozma|Necrozma|Ultranecrozium Z\n|move|p2a: Necrozma|Dragon Dance|p2a: Necrozma\n|-boost|p2a: Necrozma|atk|1\n|-boost|p2a: Necrozma|spe|1\n|move|p1a: birdspam|Sacred Fire|p2a: Necrozma\n|-resisted|p2a: Necrozma\n|-damage|p2a: Necrozma|77\/100\n|\n|upkeep\n|turn|12\n|inactive|Navarr08 has 90 seconds left.\n|\n|t:|1700323284\n|-zpower|p2a: Necrozma\n|move|p2a: Necrozma|Light That Burns the Sky|p1a: birdspam|[zeffect]\n|-damage|p1a: birdspam|0 fnt\n|faint|p1a: birdspam\n|\n|upkeep\n|\n|t:|1700323294\n|switch|p1a: BKC|Arceus-Dark|100\/100\n|turn|13\n|\n|t:|1700323304\n|move|p2a: Necrozma|Sunsteel Strike|p1a: BKC\n|-damage|p1a: BKC|61\/100\n|move|p1a: BKC|Foul Play|p2a: Necrozma\n|-supereffective|p2a: Necrozma\n|-crit|p2a: Necrozma\n|-damage|p2a: Necrozma|0 fnt\n|faint|p2a: Necrozma\n|\n|upkeep\n|\n|t:|1700323319\n|switch|p2a: Ogerpon|Ogerpon-Hearthflame, F|100\/100\n|-ability|p2a: Ogerpon|Mold Breaker\n|turn|14\n|\n|t:|1700323330\n|-terastallize|p2a: Ogerpon|Fire\n|detailschange|p2a: Ogerpon|Ogerpon-Hearthflame-Tera, F, tera:Fire\n|-ability|p2a: Ogerpon|Embody Aspect (Hearthflame)|boost\n|-boost|p2a: Ogerpon|atk|1\n|move|p1a: BKC|Foul Play|p2a: Ogerpon\n|-damage|p2a: Ogerpon|0 fnt\n|faint|p2a: Ogerpon\n|\n|upkeep\n|\n|t:|1700323339\n|switch|p2a: Banette|Banette-Mega, M|100\/100\n|turn|15\n|\n|t:|1700323344\n|move|p2a: Banette|Will-O-Wisp|p1a: BKC\n|-hint|Since gen 7, Dark is immune to Prankster moves.\n|-immune|p1a: BKC\n|move|p1a: BKC|Will-O-Wisp|p2a: Banette|[miss]\n|-miss|p1a: BKC|p2a: Banette\n|\n|upkeep\n|turn|16\n|-message|Navarr08 forfeited.\n|\n|win|Weirdmenace\n|raw|Weirdmenace's rating: 1397 &rarr; <strong>1423<\/strong><br \/>(+26 for winning)\n|raw|Navarr08's rating: 1497 &rarr; <strong>1471<\/strong><br \/>(-26 for losing)\n|l|\u2606Navarr08\n|l|\u2606Weirdmenace\n","uploadtime":1700323364,"views":6,"p1id":"weirdmenace","p2id":"navarr08","formatid":"gen9nationaldexubers","rating":1423,"private":0,"password":""}