{"id":"gen9nationaldexubers-1988744638","p1":"magnetic north","p2":"aquiles meo","format":"[Gen 9] National Dex Ubers","log":"|j|\u2606magnetic north\n|j|\u2606aquiles meo\n|t:|1699757644\n|gametype|singles\n|player|p1|magnetic north|swimmer-gen4|1112\n|player|p2|aquiles meo|ethan|1052\n|teamsize|p1|6\n|teamsize|p2|6\n|gen|9\n|tier|[Gen 9] National Dex Ubers\n|rated|\n|rule|HP Percentage Mod: HP is shown in percentages\n|rule|Endless Battle Clause: Forcing endless battles is banned\n|rule|OHKO Clause: OHKO moves are banned\n|rule|Evasion Moves Clause: Evasion moves are banned\n|rule|Evasion Items Clause: Evasion items are banned\n|rule|Species Clause: Limit one of each Pok\u00e9mon\n|rule|Sleep Clause Mod: Limit one foe put to sleep\n|rule|Mega Rayquaza Clause: You cannot mega evolve Rayquaza\n|clearpoke\n|poke|p1|Lugia|\n|poke|p1|Garchomp, M|\n|poke|p1|Porygon-Z|\n|poke|p1|Klefki, M|\n|poke|p1|Typhlosion-Hisui, F|\n|poke|p1|Scolipede, M|\n|poke|p2|Jirachi|\n|poke|p2|Ho-Oh|\n|poke|p2|Rayquaza|\n|poke|p2|Pidgeot, M|\n|poke|p2|Lucario, M|\n|poke|p2|Luxray, M|\n|teampreview\n|inactive|Battle timer is ON: inactive players will automatically lose when time's up. (requested by magnetic north)\n|inactive|magnetic north has 120 seconds left.\n|\n|t:|1699757686\n|start\n|switch|p1a: HOT ROUNDS|Scolipede, M, shiny|100\/100\n|switch|p2a: Jirachi|Jirachi|100\/100\n|turn|1\n|\n|t:|1699757706\n|move|p1a: HOT ROUNDS|Toxic Spikes|p2a: Jirachi\n|-sidestart|p2: aquiles meo|move: Toxic Spikes\n|move|p2a: Jirachi|Ancient Power|p1a: HOT ROUNDS\n|-supereffective|p1a: HOT ROUNDS\n|-damage|p1a: HOT ROUNDS|60\/100\n|\n|-ability|p1a: HOT ROUNDS|Speed Boost|boost\n|-boost|p1a: HOT ROUNDS|spe|1\n|upkeep\n|turn|2\n|\n|t:|1699757717\n|switch|p2a: Luxray|Luxray, M, shiny|100\/100\n|-status|p2a: Luxray|psn\n|move|p1a: HOT ROUNDS|Toxic Spikes|p2a: Luxray\n|-sidestart|p2: aquiles meo|move: Toxic Spikes\n|\n|-damage|p2a: Luxray|88\/100 psn|[from] psn\n|-ability|p1a: HOT ROUNDS|Speed Boost|boost\n|-boost|p1a: HOT ROUNDS|spe|1\n|upkeep\n|turn|3\n|\n|t:|1699757726\n|move|p1a: HOT ROUNDS|Protect|p1a: HOT ROUNDS\n|-singleturn|p1a: HOT ROUNDS|Protect\n|move|p2a: Luxray|Psychic Fangs|p1a: HOT ROUNDS\n|-activate|p1a: HOT ROUNDS|move: Protect\n|\n|-damage|p2a: Luxray|76\/100 psn|[from] psn\n|-ability|p1a: HOT ROUNDS|Speed Boost|boost\n|-boost|p1a: HOT ROUNDS|spe|1\n|upkeep\n|turn|4\n|\n|t:|1699757747\n|switch|p1a: THICK-FIL-A|Lugia|100\/100\n|move|p2a: Luxray|Psychic Fangs|p1a: THICK-FIL-A\n|-resisted|p1a: THICK-FIL-A\n|-damage|p1a: THICK-FIL-A|95\/100\n|\n|-heal|p1a: THICK-FIL-A|100\/100|[from] item: Leftovers\n|-damage|p2a: Luxray|64\/100 psn|[from] psn\n|upkeep\n|turn|5\n|\n|t:|1699757758\n|-terastallize|p1a: THICK-FIL-A|Dark\n|move|p1a: THICK-FIL-A|Aeroblast|p2a: Luxray\n|-resisted|p2a: Luxray\n|-crit|p2a: Luxray\n|-damage|p2a: Luxray|35\/100 psn\n|-zpower|p2a: Luxray\n|move|p2a: Luxray|Gigavolt Havoc|p1a: THICK-FIL-A|[zeffect]\n|-damage|p1a: THICK-FIL-A|68\/100\n|\n|-heal|p1a: THICK-FIL-A|75\/100|[from] item: Leftovers\n|-damage|p2a: Luxray|22\/100 psn|[from] psn\n|upkeep\n|turn|6\n|inactive|aquiles meo has 120 seconds left.\n|\n|t:|1699757793\n|move|p1a: THICK-FIL-A|Roost|p1a: THICK-FIL-A\n|-heal|p1a: THICK-FIL-A|100\/100\n|move|p2a: Luxray|Headbutt|p1a: THICK-FIL-A\n|-damage|p1a: THICK-FIL-A|92\/100\n|\n|-heal|p1a: THICK-FIL-A|98\/100|[from] item: Leftovers\n|-damage|p2a: Luxray|10\/100 psn|[from] psn\n|upkeep\n|turn|7\n|inactive|aquiles meo has 120 seconds left.\n|\n|t:|1699757802\n|switch|p1a: ICE QUEEN|Typhlosion-Hisui, F, shiny|100\/100\n|-item|p2a: Luxray|Electrium Z|[from] ability: Frisk|[of] p1a: ICE QUEEN|[identify]\n|move|p2a: Luxray|Wild Charge|p1a: ICE QUEEN\n|-damage|p1a: ICE QUEEN|34\/100\n|-damage|p2a: Luxray|0 fnt|[from] Recoil\n|faint|p2a: Luxray\n|\n|upkeep\n|inactive|aquiles meo has 120 seconds left.\n|\n|t:|1699757812\n|switch|p2a: Pidgeot|Pidgeot, M|100\/100\n|turn|8\n|inactive|aquiles meo has 120 seconds left.\n|-activate|p1a: ICE QUEEN|item: Quick Claw\n|\n|t:|1699757823\n|move|p1a: ICE QUEEN|Detect|p1a: ICE QUEEN\n|-singleturn|p1a: ICE QUEEN|Protect\n|move|p2a: Pidgeot|Defog|p1a: ICE QUEEN\n|-activate|p1a: ICE QUEEN|move: Protect\n|\n|upkeep\n|turn|9\n|inactive|aquiles meo has 120 seconds left.\n|\n|t:|1699757833\n|move|p2a: Pidgeot|Defog|p1a: ICE QUEEN\n|-unboost|p1a: ICE QUEEN|evasion|1\n|-sideend|p2: aquiles meo|Toxic Spikes|[from] move: Defog|[of] p2a: Pidgeot\n|move|p1a: ICE QUEEN|Burn Up|p2a: Pidgeot\n|-damage|p2a: Pidgeot|8\/100\n|-start|p1a: ICE QUEEN|typechange|???\/Ghost|[from] move: Burn Up\n|\n|upkeep\n|turn|10\n|inactive|aquiles meo has 120 seconds left.\n|inactive|aquiles meo has 90 seconds left.\n|\n|t:|1699757880\n|move|p1a: ICE QUEEN|Quick Attack|p2a: Pidgeot\n|-damage|p2a: Pidgeot|0 fnt\n|faint|p2a: Pidgeot\n|\n|upkeep\n|\n|t:|1699757887\n|switch|p2a: Lucario|Lucario, M, shiny|100\/100\n|turn|11\n|\n|t:|1699757892\n|detailschange|p2a: Lucario|Lucario-Mega, M, shiny\n|-mega|p2a: Lucario|Lucario|Lucarionite\n|move|p1a: ICE QUEEN|Detect|p1a: ICE QUEEN\n|-singleturn|p1a: ICE QUEEN|Protect\n|move|p2a: Lucario|Shadow Ball|p1a: ICE QUEEN\n|-activate|p1a: ICE QUEEN|move: Protect\n|\n|upkeep\n|turn|12\n|\n|t:|1699757905\n|switch|p1a: CROWD PLEASER|Porygon-Z, shiny|100\/100\n|-ability|p1a: CROWD PLEASER|Download|boost\n|-boost|p1a: CROWD PLEASER|spa|1\n|move|p2a: Lucario|Bullet Punch|p1a: CROWD PLEASER\n|-damage|p1a: CROWD PLEASER|59\/100\n|\n|upkeep\n|turn|13\n|\n|t:|1699757919\n|move|p1a: CROWD PLEASER|Psychic|p2a: Lucario\n|-damage|p2a: Lucario|22\/100\n|move|p2a: Lucario|Aura Sphere|p1a: CROWD PLEASER\n|-supereffective|p1a: CROWD PLEASER\n|-damage|p1a: CROWD PLEASER|0 fnt\n|faint|p1a: CROWD PLEASER\n|\n|upkeep\n|\n|t:|1699757927\n|switch|p1a: .50 CAL DESERT EEZ|Garchomp, M|100\/100\n|turn|14\n|c|\u2606aquiles meo|!dt choice scarf\n|raw|<ul class=\"utilichart\"><li class=\"result\"><span class=\"col itemiconcol\"><psicon item=\"choicescarf\"><\/span> <span class=\"col namecol\"><a href=\"https:\/\/dex.pokemonshowdown.com\/items\/choicescarf\">Choice Scarf<\/a><\/span> <span class=\"col itemdesccol\">Holder's Speed is 1.5x, but it can only select the first move it executes.<\/span> <\/li><li style=\"clear:both\"><\/li><\/ul>\n|raw|<font size=\"1\"><font color=\"#686868\">Gen:<\/font> 4&nbsp;|&ThickSpace;<font color=\"#686868\">Fling Base Power:<\/font> 10<\/font>\n\n|c|\u2606aquiles meo|I dont see how else the porygon outsped\n|inactive|aquiles meo has 90 seconds left.\n|\n|t:|1699757964\n|switch|p2a: Ho-Oh|Ho-Oh|100\/100\n|move|p1a: .50 CAL DESERT EEZ|Earthquake|p2a: Ho-Oh\n|-immune|p2a: Ho-Oh\n|\n|upkeep\n|turn|15\n|c|\u2606magnetic north|yup\n|\n|t:|1699757988\n|switch|p1a: TUMMY TIME!|Klefki, M, shiny|100\/100\n|move|p2a: Ho-Oh|Sacred Fire|p1a: TUMMY TIME!\n|-supereffective|p1a: TUMMY TIME!\n|-damage|p1a: TUMMY TIME!|3\/100\n|-status|p1a: TUMMY TIME!|brn\n|\n|-damage|p1a: TUMMY TIME!|0 fnt|[from] brn\n|faint|p1a: TUMMY TIME!\n|upkeep\n|\n|t:|1699757999\n|switch|p1a: HOT ROUNDS|Scolipede, M, shiny|60\/100\n|turn|16\n|c|\u2606aquiles meo|that was unforunate\n|c|\u2606magnetic north|its ok\n|\n|t:|1699758012\n|move|p1a: HOT ROUNDS|Endeavor|p2a: Ho-Oh\n|-damage|p2a: Ho-Oh|37\/100\n|move|p2a: Ho-Oh|Earth Power|p1a: HOT ROUNDS\n|-damage|p1a: HOT ROUNDS|10\/100\n|-unboost|p1a: HOT ROUNDS|spd|1\n|\n|-ability|p1a: HOT ROUNDS|Speed Boost|boost\n|-boost|p1a: HOT ROUNDS|spe|1\n|upkeep\n|turn|17\n|inactive|aquiles meo has 60 seconds left.\n|\n|t:|1699758037\n|switch|p2a: Lucario|Lucario-Mega, M, shiny|22\/100\n|move|p1a: HOT ROUNDS|Protect||[still]\n|-fail|p1a: HOT ROUNDS\n|\n|-ability|p1a: HOT ROUNDS|Speed Boost|boost\n|-boost|p1a: HOT ROUNDS|spe|1\n|upkeep\n|turn|18\n|\n|t:|1699758046\n|switch|p1a: THICK-FIL-A|Lugia, tera:Dark|98\/100\n|move|p2a: Lucario|Bullet Punch|p1a: THICK-FIL-A\n|-damage|p1a: THICK-FIL-A|82\/100\n|\n|-heal|p1a: THICK-FIL-A|88\/100|[from] item: Leftovers\n|upkeep\n|turn|19\n|inactive|aquiles meo has 60 seconds left.\n|\n|t:|1699758071\n|move|p2a: Lucario|Aura Sphere|p1a: THICK-FIL-A\n|-supereffective|p1a: THICK-FIL-A\n|-damage|p1a: THICK-FIL-A|36\/100\n|move|p1a: THICK-FIL-A|Aeroblast|p2a: Lucario\n|-damage|p2a: Lucario|0 fnt\n|faint|p2a: Lucario\n|\n|-heal|p1a: THICK-FIL-A|42\/100|[from] item: Leftovers\n|upkeep\n|\n|t:|1699758093\n|switch|p2a: Rayquaza|Rayquaza|100\/100\n|-ability|p2a: Rayquaza|Air Lock\n|turn|20\n|\n|t:|1699758106\n|switch|p1a: ICE QUEEN|Typhlosion-Hisui, F, shiny|34\/100\n|-item|p2a: Rayquaza|Heavy-Duty Boots|[from] ability: Frisk|[of] p1a: ICE QUEEN|[identify]\n|move|p2a: Rayquaza|Dragon Dance|p2a: Rayquaza\n|-boost|p2a: Rayquaza|atk|1\n|-boost|p2a: Rayquaza|spe|1\n|\n|upkeep\n|turn|21\n|c|\u2606magnetic north|x\n|\n|t:|1699758121\n|move|p2a: Rayquaza|Dragon Dance|p2a: Rayquaza\n|-boost|p2a: Rayquaza|atk|1\n|-boost|p2a: Rayquaza|spe|1\n|move|p1a: ICE QUEEN|Infernal Parade|p2a: Rayquaza\n|-damage|p2a: Rayquaza|69\/100\n|\n|upkeep\n|turn|22\n|\n|t:|1699758130\n|move|p2a: Rayquaza|Extreme Speed|p1a: ICE QUEEN\n|-immune|p1a: ICE QUEEN\n|move|p1a: ICE QUEEN|Infernal Parade|p2a: Rayquaza\n|-damage|p2a: Rayquaza|34\/100\n|\n|upkeep\n|turn|23\n|c|\u2606aquiles meo|oh look at me im a scary ghost looking impostor\n|inactive|aquiles meo has 30 seconds left.\n|inactive|aquiles meo has 20 seconds left.\n|c|\u2606aquiles meo|!dt typhlosion\n|raw|<div class=\"message\"><ul class=\"utilichart\"><li class=\"result\"><span class=\"col numcol\">RU<\/span> <span class=\"col iconcol\"><psicon pokemon=\"typhlosion\"\/><\/span> <span class=\"col pokemonnamecol\" style=\"white-space:nowrap\"><a href=\"https:\/\/dex.pokemonshowdown.com\/pokemon\/typhlosion\" target=\"_blank\">Typhlosion<\/a><\/span> <span class=\"col typecol\"><img src=\"https:\/\/play.pokemonshowdown.com\/sprites\/types\/Fire.png\" alt=\"Fire\" height=\"14\" width=\"32\"><\/span> <span style=\"float:left;min-height:26px\"><span class=\"col abilitycol\">Blaze<\/span><span class=\"col abilitycol\"><em>Flash Fire<\/em><\/span><\/span><span style=\"float:left;min-height:26px\"><span class=\"col statcol\"><em>HP<\/em><br \/>78<\/span> <span class=\"col statcol\"><em>Atk<\/em><br \/>84<\/span> <span class=\"col statcol\"><em>Def<\/em><br \/>78<\/span> <span class=\"col statcol\"><em>SpA<\/em><br \/>109<\/span> <span class=\"col statcol\"><em>SpD<\/em><br \/>85<\/span> <span class=\"col statcol\"><em>Spe<\/em><br \/>100<\/span> <span class=\"col bstcol\"><em>BST<br \/>534<\/em><\/span> <\/span><\/li><li style=\"clear:both\"><\/li><\/ul><\/div>\n|raw|<font size=\"1\"><font color=\"#686868\">Dex#:<\/font> 157&nbsp;|&ThickSpace;<font color=\"#686868\">Gen:<\/font> 2&nbsp;|&ThickSpace;<font color=\"#686868\">Height:<\/font> 1.7 m&nbsp;|&ThickSpace;<font color=\"#686868\">Weight:<\/font> 79.5 kg <em>(80 BP)<\/em>&nbsp;|&ThickSpace;<font color=\"#686868\">Dex Colour:<\/font> Yellow&nbsp;|&ThickSpace;<font color=\"#686868\">Egg Group(s):<\/font> Field&nbsp;|&ThickSpace;<font color=\"#686868\">Pre-Evolution:<\/font> Quilava&nbsp;|&ThickSpace;<font color=\"#686868\">Does Not Evolve<\/font><\/font>\n\n|\n|t:|1699758170\n|move|p1a: ICE QUEEN|Quick Attack|p2a: Rayquaza\n|-damage|p2a: Rayquaza|27\/100\n|move|p2a: Rayquaza|Dragon Ascent|p1a: ICE QUEEN\n|-damage|p1a: ICE QUEEN|0 fnt\n|-unboost|p2a: Rayquaza|def|1\n|-unboost|p2a: Rayquaza|spd|1\n|faint|p1a: ICE QUEEN\n|\n|upkeep\n|inactive|aquiles meo has 25 seconds left this turn.\n|\n|t:|1699758181\n|switch|p1a: .50 CAL DESERT EEZ|Garchomp, M|100\/100\n|turn|24\n|c|\u2606aquiles meo|I dont get you\n|inactive|aquiles meo has 30 seconds left.\n|\n|t:|1699758190\n|switch|p1a: THICK-FIL-A|Lugia, tera:Dark|42\/100\n|move|p2a: Rayquaza|Dragon Pulse|p1a: THICK-FIL-A\n|-damage|p1a: THICK-FIL-A|22\/100\n|\n|-heal|p1a: THICK-FIL-A|28\/100|[from] item: Leftovers\n|upkeep\n|turn|25\n|c|\u2606magnetic north|i didnt ask you too\n|inactive|aquiles meo has 30 seconds left.\n|c|\u2606aquiles meo|huh\n|c|\u2606magnetic north|get me\n|inactive|aquiles meo has 20 seconds left.\n|\n|t:|1699758214\n|move|p2a: Rayquaza|Extreme Speed|p1a: THICK-FIL-A\n|-damage|p1a: THICK-FIL-A|0 fnt\n|faint|p1a: THICK-FIL-A\n|\n|upkeep\n|inactive|aquiles meo has 25 seconds left this turn.\n|\n|t:|1699758218\n|switch|p1a: .50 CAL DESERT EEZ|Garchomp, M|100\/100\n|turn|26\n|inactive|aquiles meo has 30 seconds left.\n|\n|t:|1699758230\n|move|p2a: Rayquaza|Dragon Pulse|p1a: .50 CAL DESERT EEZ\n|-supereffective|p1a: .50 CAL DESERT EEZ\n|-damage|p1a: .50 CAL DESERT EEZ|5\/100\n|move|p1a: .50 CAL DESERT EEZ|Thunder Fang|p2a: Rayquaza\n|-damage|p2a: Rayquaza|0 fnt\n|faint|p2a: Rayquaza\n|\n|upkeep\n|inactive|aquiles meo has 30 seconds left this turn.\n|\n|t:|1699758238\n|switch|p2a: Ho-Oh|Ho-Oh|70\/100\n|turn|27\n|\n|t:|1699758242\n|move|p1a: .50 CAL DESERT EEZ|Thunder Fang|p2a: Ho-Oh\n|-supereffective|p2a: Ho-Oh\n|-damage|p2a: Ho-Oh|29\/100\n|move|p2a: Ho-Oh|Burn Up|p1a: .50 CAL DESERT EEZ\n|-resisted|p1a: .50 CAL DESERT EEZ\n|-damage|p1a: .50 CAL DESERT EEZ|0 fnt\n|-start|p2a: Ho-Oh|typechange|???\/Flying|[from] move: Burn Up\n|faint|p1a: .50 CAL DESERT EEZ\n|\n|upkeep\n|\n|t:|1699758250\n|switch|p1a: HOT ROUNDS|Scolipede, M, shiny|10\/100\n|turn|28\n|\n|t:|1699758256\n|switch|p2a: Jirachi|Jirachi|100\/100\n|move|p1a: HOT ROUNDS|Toxic|p2a: Jirachi\n|-immune|p2a: Jirachi\n|\n|-ability|p1a: HOT ROUNDS|Speed Boost|boost\n|-boost|p1a: HOT ROUNDS|spe|1\n|upkeep\n|turn|29\n|\n|t:|1699758264\n|move|p1a: HOT ROUNDS|Endeavor|p2a: Jirachi\n|-damage|p2a: Jirachi|7\/100\n|move|p2a: Jirachi|Doom Desire|p1a: HOT ROUNDS\n|-start|p2a: Jirachi|Doom Desire\n|\n|-ability|p1a: HOT ROUNDS|Speed Boost|boost\n|-boost|p1a: HOT ROUNDS|spe|1\n|upkeep\n|turn|30\n|inactive|aquiles meo has 60 seconds left.\n|\n|t:|1699758281\n|move|p1a: HOT ROUNDS|Toxic|p2a: Jirachi\n|-immune|p2a: Jirachi\n|move|p2a: Jirachi|Wish|p2a: Jirachi\n|\n|-ability|p1a: HOT ROUNDS|Speed Boost|boost\n|-boost|p1a: HOT ROUNDS|spe|1\n|upkeep\n|turn|31\n|\n|t:|1699758293\n|move|p1a: HOT ROUNDS|Toxic|p2a: Jirachi\n|-immune|p2a: Jirachi\n|move|p2a: Jirachi|Iron Head|p1a: HOT ROUNDS\n|-damage|p1a: HOT ROUNDS|0 fnt\n|faint|p1a: HOT ROUNDS\n|\n|win|aquiles meo\n|raw|magnetic north's rating: 1112 &rarr; <strong>1083<\/strong><br \/>(-29 for losing)\n|raw|aquiles meo's rating: 1052 &rarr; <strong>1090<\/strong><br \/>(+38 for winning)\n|l|\u2606magnetic north\n","uploadtime":1699758320,"views":10,"p1id":"magneticnorth","p2id":"aquilesmeo","formatid":"gen9nationaldexubers","rating":1083,"private":0,"password":""}