{"id":"gen9nationaldexubers-1983643055","p1":"spidernoculus","p2":"Berad773","format":"[Gen 9] National Dex Ubers","log":"|j|\u2606spidernoculus\n|j|\u2606Berad773\n|t:|1699153051\n|gametype|singles\n|player|p1|spidernoculus|rosa|\n|player|p2|Berad773|101|\n|teamsize|p1|6\n|teamsize|p2|6\n|gen|9\n|tier|[Gen 9] National Dex Ubers\n|rule|HP Percentage Mod: HP is shown in percentages\n|rule|Endless Battle Clause: Forcing endless battles is banned\n|rule|OHKO Clause: OHKO moves are banned\n|rule|Evasion Moves Clause: Evasion moves are banned\n|rule|Evasion Items Clause: Evasion items are banned\n|rule|Species Clause: Limit one of each Pok\u00e9mon\n|rule|Sleep Clause Mod: Limit one foe put to sleep\n|rule|Mega Rayquaza Clause: You cannot mega evolve Rayquaza\n|clearpoke\n|poke|p1|Annihilape, M|\n|poke|p1|Kyurem-White|\n|poke|p1|Hoopa-Unbound|\n|poke|p1|Scizor, M|\n|poke|p1|Arceus-Rock|\n|poke|p1|Regieleki|\n|poke|p2|Kyogre|\n|poke|p2|Lugia|\n|poke|p2|Iron Bundle|\n|poke|p2|Arceus-Grass|\n|poke|p2|Regieleki|\n|poke|p2|Deoxys|\n|teampreview\n|\n|t:|1699153073\n|start\n|switch|p1a: Arceus|Arceus-Rock|100\/100\n|switch|p2a: Kyogre|Kyogre|100\/100\n|-weather|RainDance|[from] ability: Drizzle|[of] p2a: Kyogre\n|turn|1\n|\n|t:|1699153089\n|move|p1a: Arceus|Stealth Rock|p2a: Kyogre\n|-sidestart|p2: Berad773|move: Stealth Rock\n|move|p2a: Kyogre|Origin Pulse|p1a: Arceus|[miss]\n|-miss|p2a: Kyogre|p1a: Arceus\n|\n|-weather|RainDance|[upkeep]\n|upkeep\n|turn|2\n|\n|t:|1699153134\n|move|p1a: Arceus|Judgment|p2a: Kyogre\n|-damage|p2a: Kyogre|69\/100\n|move|p2a: Kyogre|Origin Pulse|p1a: Arceus\n|-supereffective|p1a: Arceus\n|-damage|p1a: Arceus|0 fnt\n|faint|p1a: Arceus\n|\n|-weather|RainDance|[upkeep]\n|-heal|p2a: Kyogre|75\/100|[from] item: Leftovers\n|upkeep\n|\n|t:|1699153145\n|switch|p1a: Regieleki|Regieleki|100\/100\n|turn|3\n|\n|t:|1699153157\n|switch|p2a: Arceus|Arceus-Grass|100\/100\n|-damage|p2a: Arceus|88\/100|[from] Stealth Rock\n|move|p1a: Regieleki|Thunderbolt|p2a: Arceus\n|-resisted|p2a: Arceus\n|-damage|p2a: Arceus|67\/100\n|\n|-weather|RainDance|[upkeep]\n|upkeep\n|turn|4\n|\n|t:|1699153166\n|move|p1a: Regieleki|Volt Switch|p2a: Arceus\n|-resisted|p2a: Arceus\n|-damage|p2a: Arceus|51\/100\n|\n|t:|1699153173\n|switch|p1a: Scizor|Scizor, M|100\/100|[from] Volt Switch\n|move|p2a: Arceus|Agility|p2a: Arceus\n|-boost|p2a: Arceus|spe|2\n|\n|-weather|RainDance|[upkeep]\n|upkeep\n|turn|5\n|\n|t:|1699153215\n|switch|p2a: Lugia|Lugia|100\/100\n|-damage|p2a: Lugia|75\/100|[from] Stealth Rock\n|-ability|p2a: Lugia|Pressure\n|detailschange|p1a: Scizor|Scizor-Mega, M\n|-mega|p1a: Scizor|Scizor|Scizorite\n|move|p1a: Scizor|Swords Dance|p1a: Scizor\n|-boost|p1a: Scizor|atk|2\n|\n|-weather|none\n|-heal|p2a: Lugia|82\/100|[from] item: Leftovers\n|upkeep\n|turn|6\n|\n|t:|1699153231\n|move|p1a: Scizor|Bullet Punch|p2a: Lugia\n|-damage|p2a: Lugia|35\/100\n|move|p2a: Lugia|Light Screen|p2a: Lugia\n|-sidestart|p2: Berad773|move: Light Screen\n|\n|-heal|p2a: Lugia|41\/100|[from] item: Leftovers\n|upkeep\n|turn|7\n|\n|t:|1699153239\n|move|p1a: Scizor|Bullet Punch|p2a: Lugia\n|-damage|p2a: Lugia|0 fnt\n|faint|p2a: Lugia\n|\n|upkeep\n|\n|t:|1699153251\n|switch|p2a: Regieleki|Regieleki|100\/100\n|-damage|p2a: Regieleki|88\/100|[from] Stealth Rock\n|turn|8\n|\n|t:|1699153259\n|move|p1a: Scizor|Bullet Punch|p2a: Regieleki\n|-resisted|p2a: Regieleki\n|-damage|p2a: Regieleki|0 fnt\n|faint|p2a: Regieleki\n|\n|upkeep\n|\n|t:|1699153264\n|switch|p2a: Kyogre|Kyogre|75\/100\n|-damage|p2a: Kyogre|62\/100|[from] Stealth Rock\n|-weather|RainDance|[from] ability: Drizzle|[of] p2a: Kyogre\n|turn|9\n|\n|t:|1699153272\n|move|p1a: Scizor|Bullet Punch|p2a: Kyogre\n|-resisted|p2a: Kyogre\n|-damage|p2a: Kyogre|27\/100\n|move|p2a: Kyogre|Origin Pulse|p1a: Scizor\n|-damage|p1a: Scizor|0 fnt\n|faint|p1a: Scizor\n|\n|-weather|RainDance|[upkeep]\n|-heal|p2a: Kyogre|33\/100|[from] item: Leftovers\n|upkeep\n|\n|t:|1699153283\n|switch|p1a: Regieleki|Regieleki|100\/100\n|turn|10\n|\n|t:|1699153293\n|switch|p2a: Arceus|Arceus-Grass|51\/100\n|-damage|p2a: Arceus|39\/100|[from] Stealth Rock\n|move|p1a: Regieleki|Volt Switch|p2a: Arceus\n|-resisted|p2a: Arceus\n|-damage|p2a: Arceus|31\/100\n|\n|t:|1699153300\n|switch|p1a: Annihilape|Annihilape, M|100\/100|[from] Volt Switch\n|\n|-weather|RainDance|[upkeep]\n|-sideend|p2: Berad773|move: Light Screen\n|upkeep\n|turn|11\n|\n|t:|1699153316\n|move|p2a: Arceus|Dazzling Gleam|p1a: Annihilape\n|-supereffective|p1a: Annihilape\n|-damage|p1a: Annihilape|41\/100\n|move|p1a: Annihilape|Rage Fist|p2a: Arceus\n|-damage|p2a: Arceus|0 fnt\n|faint|p2a: Arceus\n|\n|-weather|RainDance|[upkeep]\n|upkeep\n|\n|t:|1699153325\n|switch|p2a: Deoxys|Deoxys|100\/100\n|-damage|p2a: Deoxys|88\/100|[from] Stealth Rock\n|-ability|p2a: Deoxys|Pressure\n|turn|12\n|\n|t:|1699153334\n|move|p2a: Deoxys|Zen Headbutt|p1a: Annihilape\n|-supereffective|p1a: Annihilape\n|-damage|p1a: Annihilape|0 fnt\n|faint|p1a: Annihilape\n|-damage|p2a: Deoxys|78\/100|[from] item: Life Orb\n|\n|-weather|RainDance|[upkeep]\n|upkeep\n|\n|t:|1699153341\n|switch|p1a: Regieleki|Regieleki|100\/100\n|turn|13\n|\n|t:|1699153347\n|move|p2a: Deoxys|Extreme Speed|p1a: Regieleki\n|-damage|p1a: Regieleki|14\/100\n|-damage|p2a: Deoxys|68\/100|[from] item: Life Orb\n|move|p1a: Regieleki|Thunderbolt|p2a: Deoxys\n|-damage|p2a: Deoxys|0 fnt\n|faint|p2a: Deoxys\n|\n|-weather|none\n|upkeep\n|\n|t:|1699153356\n|switch|p2a: Kyogre|Kyogre|33\/100\n|-damage|p2a: Kyogre|21\/100|[from] Stealth Rock\n|-weather|RainDance|[from] ability: Drizzle|[of] p2a: Kyogre\n|turn|14\n|\n|t:|1699153367\n|-terastallize|p1a: Regieleki|Ice\n|move|p1a: Regieleki|Thunderbolt|p2a: Kyogre\n|-supereffective|p2a: Kyogre\n|-damage|p2a: Kyogre|0 fnt\n|faint|p2a: Kyogre\n|\n|-weather|RainDance|[upkeep]\n|upkeep\n|\n|t:|1699153373\n|switch|p2a: Iron Bundle|Iron Bundle|100\/100\n|-damage|p2a: Iron Bundle|76\/100|[from] Stealth Rock\n|-enditem|p2a: Iron Bundle|Booster Energy\n|-activate|p2a: Iron Bundle|ability: Quark Drive|[fromitem]\n|-start|p2a: Iron Bundle|quarkdrivespa\n|turn|15\n|\n|t:|1699153389\n|-terastallize|p2a: Iron Bundle|Fighting\n|move|p1a: Regieleki|Thunderbolt|p2a: Iron Bundle\n|-damage|p2a: Iron Bundle|0 fnt\n|faint|p2a: Iron Bundle\n|-end|p2a: Iron Bundle|Quark Drive|[silent]\n|\n|win|spidernoculus\n|c|\u2606spidernoculus|gg\n","uploadtime":1699153405,"views":13,"p1id":"spidernoculus","p2id":"berad773","formatid":"gen9nationaldexubers","rating":0,"private":0,"password":""}