{"id":"gen9nationaldexubers-1991789052","p1":"Cheese Boobs","p2":"pelvisdestroyer","format":"[Gen 9] National Dex Ubers","log":"|j|\u203dCheese Boobs\n|j|\u2606pelvisdestroyer\n|t:|1700117598\n|gametype|singles\n|player|p1|Cheese Boobs|emmet|1119\n|player|p2|pelvisdestroyer|n|1000\n|teamsize|p1|6\n|teamsize|p2|6\n|gen|9\n|tier|[Gen 9] National Dex Ubers\n|rated|\n|rule|HP Percentage Mod: HP is shown in percentages\n|rule|Endless Battle Clause: Forcing endless battles is banned\n|rule|OHKO Clause: OHKO moves are banned\n|rule|Evasion Moves Clause: Evasion moves are banned\n|rule|Evasion Items Clause: Evasion items are banned\n|rule|Species Clause: Limit one of each Pok\u00e9mon\n|rule|Sleep Clause Mod: Limit one foe put to sleep\n|rule|Mega Rayquaza Clause: You cannot mega evolve Rayquaza\n|clearpoke\n|poke|p1|Dracovish|\n|poke|p1|Deoxys-Attack|\n|poke|p1|Darmanitan-Galar, M|\n|poke|p1|Chi-Yu|\n|poke|p1|Gliscor, F|\n|poke|p1|Sneasler, M|\n|poke|p2|Toxtricity, M|\n|poke|p2|Tyranitar, F|\n|poke|p2|Typhlosion-Hisui, F|\n|poke|p2|Kartana|\n|poke|p2|Darkrai|\n|poke|p2|Necrozma-Dusk-Mane|\n|teampreview\n|\n|t:|1700117612\n|start\n|switch|p1a: Deoxys|Deoxys-Attack, shiny|100\/100\n|switch|p2a: Tyranitar|Tyranitar, F|100\/100\n|-ability|p1a: Deoxys|Pressure\n|-weather|Sandstorm|[from] ability: Sand Stream|[of] p2a: Tyranitar\n|turn|1\n|inactive|Battle timer is ON: inactive players will automatically lose when time's up. (requested by Cheese Boobs)\n|\n|t:|1700117621\n|detailschange|p2a: Tyranitar|Tyranitar-Mega, F\n|-mega|p2a: Tyranitar|Tyranitar|Tyranitarite\n|move|p1a: Deoxys|Stealth Rock|p2a: Tyranitar\n|-sidestart|p2: pelvisdestroyer|move: Stealth Rock\n|move|p2a: Tyranitar|Dragon Tail|p1a: Deoxys\n|-enditem|p1a: Deoxys|Focus Sash\n|-damage|p1a: Deoxys|1\/100\n|drag|p1a: Dracovish|Dracovish|100\/100\n|\n|-weather|Sandstorm|[upkeep]\n|-damage|p1a: Dracovish|94\/100|[from] Sandstorm\n|upkeep\n|turn|2\n|\n|t:|1700117634\n|-terastallize|p1a: Dracovish|Water\n|move|p1a: Dracovish|Fishious Rend|p2a: Tyranitar\n|-supereffective|p2a: Tyranitar\n|-damage|p2a: Tyranitar|0 fnt\n|faint|p2a: Tyranitar\n|\n|-weather|Sandstorm|[upkeep]\n|-damage|p1a: Dracovish|88\/100|[from] Sandstorm\n|upkeep\n|\n|t:|1700117647\n|switch|p2a: Toxtricity|Toxtricity, M|100\/100\n|-damage|p2a: Toxtricity|88\/100|[from] Stealth Rock\n|turn|3\n|\n|t:|1700117651\n|move|p1a: Dracovish|Fishious Rend|p2a: Toxtricity\n|-damage|p2a: Toxtricity|0 fnt\n|faint|p2a: Toxtricity\n|\n|-weather|Sandstorm|[upkeep]\n|-damage|p1a: Dracovish|82\/100|[from] Sandstorm\n|upkeep\n|\n|t:|1700117654\n|switch|p2a: Kartana|Kartana|100\/100\n|-damage|p2a: Kartana|94\/100|[from] Stealth Rock\n|turn|4\n|\n|t:|1700117659\n|move|p1a: Dracovish|Fishious Rend|p2a: Kartana\n|-resisted|p2a: Kartana\n|-damage|p2a: Kartana|24\/100\n|move|p2a: Kartana|Leaf Blade|p1a: Dracovish\n|-supereffective|p1a: Dracovish\n|-damage|p1a: Dracovish|0 fnt\n|faint|p1a: Dracovish\n|-ability|p2a: Kartana|Beast Boost|boost\n|-boost|p2a: Kartana|atk|1\n|\n|-weather|Sandstorm|[upkeep]\n|upkeep\n|\n|t:|1700117667\n|switch|p1a: Darmanitan|Darmanitan-Galar, M|100\/100\n|turn|5\n|\n|t:|1700117673\n|move|p1a: Darmanitan|Brick Break|p2a: Kartana\n|-supereffective|p2a: Kartana\n|-damage|p2a: Kartana|0 fnt\n|faint|p2a: Kartana\n|\n|-weather|none\n|upkeep\n|inactive|pelvisdestroyer has 120 seconds left.\n|\n|t:|1700117707\n|switch|p2a: Typhlosion|Typhlosion-Hisui, F|100\/100\n|-damage|p2a: Typhlosion|76\/100|[from] Stealth Rock\n|turn|6\n|\n|t:|1700117717\n|switch|p1a: Chi-Yu|Chi-Yu|100\/100\n|-ability|p1a: Chi-Yu|Beads of Ruin\n|move|p2a: Typhlosion|Eruption|p1a: Chi-Yu\n|-resisted|p1a: Chi-Yu\n|-damage|p1a: Chi-Yu|61\/100\n|\n|upkeep\n|turn|7\n|\n|t:|1700117729\n|move|p1a: Chi-Yu|Nasty Plot|p1a: Chi-Yu\n|-boost|p1a: Chi-Yu|spa|2\n|move|p2a: Typhlosion|Extrasensory|p1a: Chi-Yu\n|-immune|p1a: Chi-Yu\n|\n|upkeep\n|turn|8\n|inactive|pelvisdestroyer has 120 seconds left.\n|\n|t:|1700117755\n|switch|p2a: Darkrai|Darkrai|100\/100\n|-damage|p2a: Darkrai|88\/100|[from] Stealth Rock\n|move|p1a: Chi-Yu|Dark Pulse|p2a: Darkrai\n|-resisted|p2a: Darkrai\n|-damage|p2a: Darkrai|13\/100\n|\n|upkeep\n|turn|9\n|l|\u2606pelvisdestroyer\n|inactive|pelvisdestroyer disconnected and has a minute to reconnect!\n|player|p2|\n|inactive|pelvisdestroyer has 30 seconds to reconnect!\n|inactive|pelvisdestroyer has 20 seconds to reconnect!\n|inactive|pelvisdestroyer has 15 seconds to reconnect!\n|inactive|pelvisdestroyer has 10 seconds to reconnect!\n|inactive|pelvisdestroyer has 5 seconds to reconnect!\n|-message|pelvisdestroyer lost due to inactivity.\n|\n|win|Cheese Boobs\n|raw|Cheese Boobs's rating: 1119 &rarr; <strong>1136<\/strong><br \/>(+17 for winning)\n|raw|pelvisdestroyer's rating: 1000 &rarr; <strong>1000<\/strong><br \/>(+0 for losing)\n","uploadtime":1700117827,"views":8,"p1id":"cheeseboobs","p2id":"pelvisdestroyer","formatid":"gen9nationaldexubers","rating":1000,"private":0,"password":""}