{"id":"gen9nationaldexubers-1990421486","p1":"Void88829","p2":"KingoftheTitans","format":"[Gen 9] National Dex Ubers","log":"|j|\u2606Void88829\n|j|\u2606KingoftheTitans\n|t:|1699969286\n|gametype|singles\n|player|p1|Void88829|169|1101\n|player|p2|KingoftheTitans|265|1188\n|teamsize|p1|6\n|teamsize|p2|6\n|gen|9\n|tier|[Gen 9] National Dex Ubers\n|rated|\n|rule|HP Percentage Mod: HP is shown in percentages\n|rule|Endless Battle Clause: Forcing endless battles is banned\n|rule|OHKO Clause: OHKO moves are banned\n|rule|Evasion Moves Clause: Evasion moves are banned\n|rule|Evasion Items Clause: Evasion items are banned\n|rule|Species Clause: Limit one of each Pok\u00e9mon\n|rule|Sleep Clause Mod: Limit one foe put to sleep\n|rule|Mega Rayquaza Clause: You cannot mega evolve Rayquaza\n|clearpoke\n|poke|p1|Beedrill, F|\n|poke|p1|Tapu Bulu|\n|poke|p1|Xurkitree|\n|poke|p1|Zygarde|\n|poke|p1|Shaymin-Sky|\n|poke|p1|Volcarona, M|\n|poke|p2|Diancie|\n|poke|p2|Volcarona, F|\n|poke|p2|Ursaluna-Bloodmoon, M|\n|poke|p2|Dragonite, M|\n|poke|p2|Ogerpon-Wellspring, F|\n|poke|p2|Lycanroc-Dusk, M|\n|teampreview\n|inactive|Battle timer is ON: inactive players will automatically lose when time's up. (requested by Void88829)\n|\n|t:|1699969292\n|start\n|switch|p1a: Tapu Bulu|Tapu Bulu|100\/100\n|switch|p2a: Lycanroc|Lycanroc-Dusk, M|100\/100\n|-fieldstart|move: Grassy Terrain|[from] ability: Grassy Surge|[of] p1a: Tapu Bulu\n|turn|1\n|\n|t:|1699969310\n|-zpower|p2a: Lycanroc\n|move|p2a: Lycanroc|Splintered Stormshards|p1a: Tapu Bulu|[zeffect]\n|-damage|p1a: Tapu Bulu|15\/100\n|-fieldend|move: Grassy Terrain\n|move|p1a: Tapu Bulu|Wood Hammer|p2a: Lycanroc\n|-supereffective|p2a: Lycanroc\n|-damage|p2a: Lycanroc|0 fnt\n|faint|p2a: Lycanroc\n|-damage|p1a: Tapu Bulu|0 fnt|[from] Recoil\n|faint|p1a: Tapu Bulu\n|\n|upkeep\n|\n|t:|1699969329\n|switch|p2a: Diancie|Diancie|100\/100\n|switch|p1a: Zygarde|Zygarde|100\/100\n|turn|2\n|\n|t:|1699969340\n|detailschange|p2a: Diancie|Diancie-Mega\n|-mega|p2a: Diancie|Diancie|Diancite\n|move|p2a: Diancie|Moonblast|p1a: Zygarde\n|-supereffective|p1a: Zygarde\n|-damage|p1a: Zygarde|0 fnt\n|faint|p1a: Zygarde\n|\n|upkeep\n|\n|t:|1699969353\n|switch|p1a: Shaymin|Shaymin-Sky|100\/100\n|turn|3\n|\n|t:|1699969368\n|switch|p2a: Dragonite|Dragonite, M|100\/100\n|move|p1a: Shaymin|Seed Flare|p2a: Dragonite\n|-resisted|p2a: Dragonite\n|-damage|p2a: Dragonite|92\/100\n|\n|-heal|p2a: Dragonite|99\/100|[from] item: Leftovers\n|upkeep\n|turn|4\n|\n|t:|1699969379\n|switch|p1a: Xurkitree|Xurkitree|100\/100\n|move|p2a: Dragonite|Dragon Dance|p2a: Dragonite\n|-boost|p2a: Dragonite|atk|1\n|-boost|p2a: Dragonite|spe|1\n|\n|-heal|p2a: Dragonite|100\/100|[from] item: Leftovers\n|upkeep\n|turn|5\n|\n|t:|1699969388\n|move|p2a: Dragonite|Earthquake|p1a: Xurkitree\n|-supereffective|p1a: Xurkitree\n|-damage|p1a: Xurkitree|0 fnt\n|faint|p1a: Xurkitree\n|\n|upkeep\n|\n|t:|1699969400\n|switch|p1a: Shaymin|Shaymin-Sky|100\/100\n|turn|6\n|\n|t:|1699969403\n|move|p2a: Dragonite|Dual Wingbeat|p1a: Shaymin\n|-supereffective|p1a: Shaymin\n|-damage|p1a: Shaymin|10\/100\n|-supereffective|p1a: Shaymin\n|-damage|p1a: Shaymin|0 fnt\n|faint|p1a: Shaymin\n|-hitcount|p1: Shaymin|2\n|\n|upkeep\n|\n|t:|1699969410\n|switch|p1a: Volcarona|Volcarona, M|100\/100\n|turn|7\n|\n|t:|1699969416\n|move|p2a: Dragonite|Dual Wingbeat|p1a: Volcarona|[miss]\n|-miss|p2a: Dragonite|p1a: Volcarona\n|move|p1a: Volcarona|Fiery Dance|p2a: Dragonite\n|-resisted|p2a: Dragonite\n|-damage|p2a: Dragonite|89\/100\n|-boost|p1a: Volcarona|spa|1\n|\n|-heal|p2a: Dragonite|95\/100|[from] item: Leftovers\n|upkeep\n|turn|8\n|\n|t:|1699969427\n|move|p2a: Dragonite|Dual Wingbeat|p1a: Volcarona\n|-supereffective|p1a: Volcarona\n|-crit|p1a: Volcarona\n|-damage|p1a: Volcarona|0 fnt\n|faint|p1a: Volcarona\n|-hitcount|p1: Volcarona|1\n|\n|-heal|p2a: Dragonite|100\/100|[from] item: Leftovers\n|upkeep\n|\n|t:|1699969435\n|switch|p1a: Beedrill|Beedrill, F, shiny|100\/100\n|turn|9\n|c|\u2606KingoftheTitans|gg\n|\n|t:|1699969444\n|detailschange|p1a: Beedrill|Beedrill-Mega, F, shiny\n|-mega|p1a: Beedrill|Beedrill|Beedrillite\n|move|p1a: Beedrill|Poison Jab|p2a: Dragonite\n|-damage|p2a: Dragonite|63\/100\n|-status|p2a: Dragonite|psn\n|move|p2a: Dragonite|Dual Wingbeat|p1a: Beedrill\n|-supereffective|p1a: Beedrill\n|-damage|p1a: Beedrill|0 fnt\n|faint|p1a: Beedrill\n|-hitcount|p1: Beedrill|1\n|\n|win|KingoftheTitans\n|raw|Void88829's rating: 1101 &rarr; <strong>1082<\/strong><br \/>(-19 for losing)\n|raw|KingoftheTitans's rating: 1188 &rarr; <strong>1207<\/strong><br \/>(+19 for winning)\n|c|\u2606Void88829|gg\n","uploadtime":1699969456,"views":8,"p1id":"void88829","p2id":"kingofthetitans","formatid":"gen9nationaldexubers","rating":1082,"private":0,"password":""}