{"id":"gen9nationaldexubers-1991234654","p1":"Lunarquay","p2":"AlbedoIsUwU","format":"[Gen 9] National Dex Ubers","log":"|j|\u203dLunarquay\n|j|\u2606AlbedoIsUwU\n|t:|1700059828\n|gametype|singles\n|player|p1|Lunarquay|cynthia-gen4|1071\n|player|p2|AlbedoIsUwU|170|1048\n|teamsize|p1|6\n|teamsize|p2|6\n|gen|9\n|tier|[Gen 9] National Dex Ubers\n|rated|\n|rule|HP Percentage Mod: HP is shown in percentages\n|rule|Endless Battle Clause: Forcing endless battles is banned\n|rule|OHKO Clause: OHKO moves are banned\n|rule|Evasion Moves Clause: Evasion moves are banned\n|rule|Evasion Items Clause: Evasion items are banned\n|rule|Species Clause: Limit one of each Pok\u00e9mon\n|rule|Sleep Clause Mod: Limit one foe put to sleep\n|rule|Mega Rayquaza Clause: You cannot mega evolve Rayquaza\n|clearpoke\n|poke|p1|Ferrothorn, F|\n|poke|p1|Inteleon, F|\n|poke|p1|Regieleki|\n|poke|p1|Chansey, F|\n|poke|p1|Cinccino, F|\n|poke|p1|Steelix, F|\n|poke|p2|Zygarde|\n|poke|p2|Chien-Pao|\n|poke|p2|Beedrill, F|\n|poke|p2|Deoxys-Attack|\n|poke|p2|Flutter Mane|\n|poke|p2|Groudon|\n|teampreview\n|inactive|Battle timer is ON: inactive players will automatically lose when time's up. (requested by Lunarquay)\n|\n|t:|1700059839\n|start\n|switch|p1a: Chansey|Chansey, F, shiny|100\/100\n|switch|p2a: Beedrill|Beedrill, F|100\/100\n|turn|1\n|\n|t:|1700059851\n|detailschange|p2a: Beedrill|Beedrill-Mega, F\n|-mega|p2a: Beedrill|Beedrill|Beedrillite\n|move|p2a: Beedrill|Poison Jab|p1a: Chansey\n|-damage|p1a: Chansey|0 fnt\n|faint|p1a: Chansey\n|\n|upkeep\n|\n|t:|1700059860\n|switch|p1a: Inteleon|Inteleon, F, shiny|100\/100\n|turn|2\n|\n|t:|1700059875\n|move|p2a: Beedrill|Poison Jab|p1a: Inteleon\n|-enditem|p1a: Inteleon|Focus Sash\n|-damage|p1a: Inteleon|1\/100\n|move|p1a: Inteleon|Snipe Shot|p2a: Beedrill\n|-damage|p2a: Beedrill|42\/100\n|\n|upkeep\n|turn|3\n|\n|t:|1700059882\n|move|p2a: Beedrill|Fell Stinger|p1a: Inteleon\n|-damage|p1a: Inteleon|0 fnt\n|faint|p1a: Inteleon\n|-boost|p2a: Beedrill|atk|3\n|\n|upkeep\n|\n|t:|1700059893\n|switch|p1a: Regieleki|Regieleki, shiny|100\/100\n|turn|4\n|\n|t:|1700059898\n|move|p1a: Regieleki|Thunderbolt|p2a: Beedrill\n|-damage|p2a: Beedrill|0 fnt\n|faint|p2a: Beedrill\n|\n|upkeep\n|\n|t:|1700059904\n|switch|p2a: Zygarde|Zygarde|100\/100\n|turn|5\n|\n|t:|1700059911\n|move|p1a: Regieleki|Lock-On|p2a: Zygarde\n|-activate|p1a: Regieleki|move: Lock-On|[of] p2a: Zygarde\n|move|p2a: Zygarde|Coil|p2a: Zygarde\n|-boost|p2a: Zygarde|atk|1\n|-boost|p2a: Zygarde|def|1\n|-boost|p2a: Zygarde|accuracy|1\n|\n|upkeep\n|turn|6\n|\n|t:|1700059917\n|move|p1a: Regieleki|Hyper Beam|p2a: Zygarde\n|-damage|p2a: Zygarde|57\/100\n|-mustrecharge|p1a: Regieleki\n|move|p2a: Zygarde|Coil|p2a: Zygarde\n|-boost|p2a: Zygarde|atk|1\n|-boost|p2a: Zygarde|def|1\n|-boost|p2a: Zygarde|accuracy|1\n|\n|-heal|p2a: Zygarde|63\/100|[from] item: Leftovers\n|upkeep\n|turn|7\n|\n|t:|1700059924\n|cant|p1a: Regieleki|recharge\n|move|p2a: Zygarde|Coil|p2a: Zygarde\n|-boost|p2a: Zygarde|atk|1\n|-boost|p2a: Zygarde|def|1\n|-boost|p2a: Zygarde|accuracy|1\n|\n|-heal|p2a: Zygarde|70\/100|[from] item: Leftovers\n|upkeep\n|turn|8\n|\n|t:|1700059933\n|move|p1a: Regieleki|Hyper Beam|p2a: Zygarde\n|-damage|p2a: Zygarde|31\/100\n|-mustrecharge|p1a: Regieleki\n|move|p2a: Zygarde|Coil|p2a: Zygarde\n|-boost|p2a: Zygarde|atk|1\n|-boost|p2a: Zygarde|def|1\n|-boost|p2a: Zygarde|accuracy|1\n|\n|-heal|p2a: Zygarde|38\/100|[from] item: Leftovers\n|-activate|p2a: Zygarde|ability: Power Construct\n|detailschange|p2a: Zygarde|Zygarde-Complete\n|-heal|p2a: Zygarde|59\/100|[silent]\n|upkeep\n|turn|9\n|\n|t:|1700059944\n|cant|p1a: Regieleki|recharge\n|move|p2a: Zygarde|Rest|p2a: Zygarde\n|-status|p2a: Zygarde|slp|[from] move: Rest\n|-heal|p2a: Zygarde|100\/100 slp|[silent]\n|\n|upkeep\n|turn|10\n|\n|t:|1700059970\n|switch|p1a: Steelix|Steelix, F|100\/100\n|cant|p2a: Zygarde|slp\n|move|p2a: Zygarde|Sleep Talk|p2a: Zygarde\n|move|p2a: Zygarde|Rest||[from]move: Sleep Talk|[still]\n|-fail|p2a: Zygarde\n|\n|upkeep\n|turn|11\n|\n|t:|1700059978\n|detailschange|p1a: Steelix|Steelix-Mega, F\n|-mega|p1a: Steelix|Steelix|Steelixite\n|cant|p2a: Zygarde|slp\n|move|p2a: Zygarde|Sleep Talk|p2a: Zygarde\n|move|p2a: Zygarde|Coil|p2a: Zygarde|[from]move: Sleep Talk\n|-boost|p2a: Zygarde|atk|1\n|-boost|p2a: Zygarde|def|1\n|-boost|p2a: Zygarde|accuracy|1\n|move|p1a: Steelix|Iron Defense|p1a: Steelix\n|-boost|p1a: Steelix|def|2\n|\n|upkeep\n|turn|12\n|\n|t:|1700059987\n|-curestatus|p2a: Zygarde|slp|[msg]\n|move|p2a: Zygarde|Thousand Arrows|p1a: Steelix\n|-supereffective|p1a: Steelix\n|-damage|p1a: Steelix|60\/100\n|move|p1a: Steelix|Iron Defense|p1a: Steelix\n|-boost|p1a: Steelix|def|2\n|\n|upkeep\n|turn|13\n|\n|t:|1700059998\n|move|p2a: Zygarde|Thousand Arrows|p1a: Steelix\n|-supereffective|p1a: Steelix\n|-damage|p1a: Steelix|34\/100\n|move|p1a: Steelix|Body Press|p2a: Zygarde\n|-damage|p2a: Zygarde|86\/100\n|\n|-heal|p2a: Zygarde|92\/100|[from] item: Leftovers\n|upkeep\n|turn|14\n|\n|t:|1700060007\n|move|p2a: Zygarde|Thousand Arrows|p1a: Steelix\n|-supereffective|p1a: Steelix\n|-damage|p1a: Steelix|8\/100\n|move|p1a: Steelix|Earthquake|p2a: Zygarde\n|-damage|p2a: Zygarde|87\/100\n|\n|-heal|p2a: Zygarde|94\/100|[from] item: Leftovers\n|upkeep\n|turn|15\n|\n|t:|1700060014\n|move|p2a: Zygarde|Thousand Arrows|p1a: Steelix\n|-supereffective|p1a: Steelix\n|-damage|p1a: Steelix|0 fnt\n|faint|p1a: Steelix\n|\n|-heal|p2a: Zygarde|99\/100|[from] item: Leftovers\n|upkeep\n|\n|t:|1700060022\n|switch|p1a: Regieleki|Regieleki, shiny|100\/100\n|turn|16\n|\n|t:|1700060025\n|move|p1a: Regieleki|Hyper Beam|p2a: Zygarde\n|-damage|p2a: Zygarde|71\/100\n|-mustrecharge|p1a: Regieleki\n|move|p2a: Zygarde|Thousand Arrows|p1a: Regieleki\n|-supereffective|p1a: Regieleki\n|-enditem|p1a: Regieleki|Focus Sash\n|-damage|p1a: Regieleki|1\/100\n|\n|-heal|p2a: Zygarde|77\/100|[from] item: Leftovers\n|upkeep\n|turn|17\n|-message|Lunarquay forfeited.\n|\n|win|AlbedoIsUwU\n|raw|Lunarquay's rating: 1071 &rarr; <strong>1049<\/strong><br \/>(-22 for losing)\n|raw|AlbedoIsUwU's rating: 1048 &rarr; <strong>1083<\/strong><br \/>(+35 for winning)\n|l|\u203dLunarquay\n","uploadtime":1700060037,"views":10,"p1id":"lunarquay","p2id":"albedoisuwu","formatid":"gen9nationaldexubers","rating":1049,"private":0,"password":""}