{"id":"gen9nationaldexubers-1992674288","p1":"sylwcj","p2":"Twilwind","format":"[Gen 9] National Dex Ubers","log":"|j|\u2606sylwcj\n|j|\u2606Twilwind\n|t:|1700223685\n|gametype|singles\n|player|p1|sylwcj|1|1455\n|player|p2|Twilwind|clemont|1481\n|teamsize|p1|6\n|teamsize|p2|6\n|gen|9\n|tier|[Gen 9] National Dex Ubers\n|rated|\n|rule|HP Percentage Mod: HP is shown in percentages\n|rule|Endless Battle Clause: Forcing endless battles is banned\n|rule|OHKO Clause: OHKO moves are banned\n|rule|Evasion Moves Clause: Evasion moves are banned\n|rule|Evasion Items Clause: Evasion items are banned\n|rule|Species Clause: Limit one of each Pok\u00e9mon\n|rule|Sleep Clause Mod: Limit one foe put to sleep\n|rule|Mega Rayquaza Clause: You cannot mega evolve Rayquaza\n|clearpoke\n|poke|p1|Xerneas-*|\n|poke|p1|Tornadus, M|\n|poke|p1|Necrozma-Dusk-Mane|\n|poke|p1|Lucario, M|\n|poke|p1|Marshadow|\n|poke|p1|Baxcalibur, M|\n|poke|p2|Giratina-Origin|\n|poke|p2|Groudon|\n|poke|p2|Glimmora, F|\n|poke|p2|Xerneas-*|\n|poke|p2|Arceus|\n|poke|p2|Mewtwo|\n|teampreview\n|\n|t:|1700223718\n|start\n|switch|p1a: Necrozma|Necrozma-Dusk-Mane|100\/100\n|switch|p2a: Groudon|Groudon|100\/100\n|detailschange|p2a: Groudon|Groudon-Primal\n|-primal|p2a: Groudon|Red Orb\n|-weather|DesolateLand|[from] ability: Desolate Land|[of] p2a: Groudon\n|turn|1\n|\n|t:|1700223737\n|-terastallize|p1a: Necrozma|Fairy\n|move|p2a: Groudon|Stealth Rock|p1a: Necrozma\n|-sidestart|p1: sylwcj|move: Stealth Rock\n|move|p1a: Necrozma|Stealth Rock|p2a: Groudon\n|-sidestart|p2: Twilwind|move: Stealth Rock\n|\n|-weather|DesolateLand|[upkeep]\n|upkeep\n|turn|2\n|\n|t:|1700223772\n|move|p2a: Groudon|Earthquake|p1a: Necrozma\n|-damage|p1a: Necrozma|50\/100\n|move|p1a: Necrozma|Future Sight|p2a: Groudon\n|-start|p1a: Necrozma|move: Future Sight\n|\n|-weather|DesolateLand|[upkeep]\n|-heal|p1a: Necrozma|56\/100|[from] item: Leftovers\n|upkeep\n|turn|3\n|\n|t:|1700223788\n|move|p2a: Groudon|Heat Crash|p1a: Necrozma\n|-damage|p1a: Necrozma|13\/100\n|move|p1a: Necrozma|Moonlight|p1a: Necrozma\n|-heal|p1a: Necrozma|79\/100\n|\n|-weather|DesolateLand|[upkeep]\n|-heal|p1a: Necrozma|85\/100|[from] item: Leftovers\n|upkeep\n|turn|4\n|\n|t:|1700223801\n|-weather|none\n|switch|p2a: Mewtwo|Mewtwo|100\/100\n|-ability|p2a: Mewtwo|Unnerve\n|-damage|p2a: Mewtwo|88\/100|[from] Stealth Rock\n|move|p1a: Necrozma|Moonlight|p1a: Necrozma\n|-heal|p1a: Necrozma|100\/100\n|\n|-end|p2a: Mewtwo|move: Future Sight\n|-resisted|p2a: Mewtwo\n|-damage|p2a: Mewtwo|67\/100\n|upkeep\n|turn|5\n|\n|t:|1700223818\n|detailschange|p2a: Mewtwo|Mewtwo-Mega-Y\n|-mega|p2a: Mewtwo|Mewtwo|Mewtwonite Y\n|move|p2a: Mewtwo|Psystrike|p1a: Necrozma\n|-damage|p1a: Necrozma|56\/100\n|move|p1a: Necrozma|Thunder Wave|p2a: Mewtwo\n|-status|p2a: Mewtwo|par\n|\n|-heal|p1a: Necrozma|62\/100|[from] item: Leftovers\n|upkeep\n|turn|6\n|\n|t:|1700223825\n|move|p1a: Necrozma|Moonlight|p1a: Necrozma\n|-heal|p1a: Necrozma|100\/100\n|move|p2a: Mewtwo|Nasty Plot|p2a: Mewtwo\n|-boost|p2a: Mewtwo|spa|2\n|\n|upkeep\n|turn|7\n|\n|t:|1700223837\n|switch|p1a: Tornadus|Tornadus, M, shiny|100\/100\n|cant|p2a: Mewtwo|par\n|\n|upkeep\n|turn|8\n|\n|t:|1700223843\n|move|p1a: Tornadus|Tailwind|p1a: Tornadus\n|-sidestart|p1: sylwcj|move: Tailwind\n|move|p2a: Mewtwo|Psystrike|p1a: Tornadus\n|-damage|p1a: Tornadus|0 fnt\n|faint|p1a: Tornadus\n|\n|upkeep\n|\n|t:|1700223849\n|switch|p1a: Baxcalibur|Baxcalibur, M|100\/100\n|-damage|p1a: Baxcalibur|76\/100|[from] Stealth Rock\n|turn|9\n|\n|t:|1700223858\n|move|p1a: Baxcalibur|Icicle Crash|p2a: Mewtwo\n|-damage|p2a: Mewtwo|4\/100 par\n|move|p2a: Mewtwo|Psystrike|p1a: Baxcalibur\n|-damage|p1a: Baxcalibur|0 fnt\n|faint|p1a: Baxcalibur\n|\n|upkeep\n|\n|t:|1700223866\n|switch|p1a: Lucario|Lucario, M, shiny|100\/100\n|-damage|p1a: Lucario|98\/100|[from] Stealth Rock\n|turn|10\n|\n|t:|1700223876\n|detailschange|p1a: Lucario|Lucario-Mega, M, shiny\n|-mega|p1a: Lucario|Lucario|Lucarionite\n|move|p1a: Lucario|Meteor Mash|p2a: Mewtwo|[miss]\n|-miss|p1a: Lucario|p2a: Mewtwo\n|move|p2a: Mewtwo|Earth Power|p1a: Lucario\n|-supereffective|p1a: Lucario\n|-damage|p1a: Lucario|0 fnt\n|faint|p1a: Lucario\n|\n|upkeep\n|\n|t:|1700223885\n|switch|p1a: Marshadow|Marshadow|100\/100\n|-damage|p1a: Marshadow|94\/100|[from] Stealth Rock\n|turn|11\n|\n|t:|1700223891\n|move|p1a: Marshadow|Shadow Sneak|p2a: Mewtwo\n|-supereffective|p2a: Mewtwo\n|-damage|p2a: Mewtwo|0 fnt\n|faint|p2a: Mewtwo\n|\n|-sideend|p1: sylwcj|move: Tailwind\n|upkeep\n|c|\u2606sylwcj|\uff1f\uff1f\uff1f\uff1f\uff1f\uff1f\uff1f\uff1f\uff1f\uff1f\uff1f\uff1f\uff1f\uff1f\uff1f\n|\n|t:|1700223897\n|switch|p2a: Groudon|Groudon-Primal|100\/100\n|-damage|p2a: Groudon|88\/100|[from] Stealth Rock\n|-weather|DesolateLand|[from] ability: Desolate Land|[of] p2a: Groudon\n|turn|12\n|\n|t:|1700223915\n|switch|p1a: Necrozma|Necrozma-Dusk-Mane, tera:Fairy|100\/100\n|-damage|p1a: Necrozma|88\/100|[from] Stealth Rock\n|move|p2a: Groudon|Heat Crash|p1a: Necrozma\n|-damage|p1a: Necrozma|46\/100\n|\n|-weather|DesolateLand|[upkeep]\n|-heal|p1a: Necrozma|52\/100|[from] item: Leftovers\n|upkeep\n|turn|13\n|\n|t:|1700223933\n|move|p2a: Groudon|Earthquake|p1a: Necrozma\n|-damage|p1a: Necrozma|7\/100\n|move|p1a: Necrozma|Moonlight|p1a: Necrozma\n|-heal|p1a: Necrozma|74\/100\n|\n|-weather|DesolateLand|[upkeep]\n|-heal|p1a: Necrozma|80\/100|[from] item: Leftovers\n|upkeep\n|turn|14\n|\n|t:|1700223945\n|move|p2a: Groudon|Earthquake|p1a: Necrozma\n|-damage|p1a: Necrozma|32\/100\n|move|p1a: Necrozma|Future Sight|p2a: Groudon\n|-start|p1a: Necrozma|move: Future Sight\n|\n|-weather|DesolateLand|[upkeep]\n|-heal|p1a: Necrozma|38\/100|[from] item: Leftovers\n|upkeep\n|turn|15\n|\n|t:|1700223955\n|switch|p1a: Marshadow|Marshadow|94\/100\n|-damage|p1a: Marshadow|88\/100|[from] Stealth Rock\n|move|p2a: Groudon|Earthquake|p1a: Marshadow\n|-damage|p1a: Marshadow|0 fnt\n|faint|p1a: Marshadow\n|\n|-weather|DesolateLand|[upkeep]\n|upkeep\n|\n|t:|1700223964\n|switch|p1a: Xerneas|Xerneas, shiny|100\/100\n|-damage|p1a: Xerneas|88\/100|[from] Stealth Rock\n|-ability|p1a: Xerneas|Fairy Aura\n|turn|16\n|\n|t:|1700223969\n|move|p1a: Xerneas|Geomancy||[still]\n|-prepare|p1a: Xerneas|Geomancy\n|-enditem|p1a: Xerneas|Power Herb\n|-anim|p1a: Xerneas|Geomancy|p1a: Xerneas\n|-boost|p1a: Xerneas|spa|2\n|-boost|p1a: Xerneas|spd|2\n|-boost|p1a: Xerneas|spe|2\n|move|p2a: Groudon|Heat Crash|p1a: Xerneas\n|-damage|p1a: Xerneas|3\/100\n|\n|-weather|DesolateLand|[upkeep]\n|-end|p2a: Groudon|move: Future Sight\n|-damage|p2a: Groudon|45\/100\n|upkeep\n|turn|17\n|\n|t:|1700224000\n|move|p1a: Xerneas|Moonblast|p2a: Groudon\n|-resisted|p2a: Groudon\n|-damage|p2a: Groudon|0 fnt\n|faint|p2a: Groudon\n|-weather|none\n|\n|upkeep\n|\n|t:|1700224005\n|switch|p2a: Arceus|Arceus|100\/100\n|-damage|p2a: Arceus|88\/100|[from] Stealth Rock\n|turn|18\n|\n|t:|1700224014\n|switch|p1a: Necrozma|Necrozma-Dusk-Mane, tera:Fairy|38\/100\n|-damage|p1a: Necrozma|26\/100|[from] Stealth Rock\n|move|p2a: Arceus|Extreme Speed|p1a: Necrozma\n|-damage|p1a: Necrozma|0 fnt\n|faint|p1a: Necrozma\n|\n|upkeep\n|\n|t:|1700224020\n|switch|p1a: Xerneas|Xerneas, shiny|3\/100\n|-damage|p1a: Xerneas|0 fnt|[from] Stealth Rock\n|faint|p1a: Xerneas\n|\n|win|Twilwind\n|raw|sylwcj's rating: 1455 &rarr; <strong>1436<\/strong><br \/>(-19 for losing)\n|raw|Twilwind's rating: 1481 &rarr; <strong>1500<\/strong><br \/>(+19 for winning)\n","uploadtime":1700224025,"views":7,"p1id":"sylwcj","p2id":"twilwind","formatid":"gen9nationaldexubers","rating":1436,"private":0,"password":""}