{"id":"gen9nationaldexubers-2000215915","p1":"Giovanii-95 c no","p2":"Hisham Chio","format":"[Gen 9] National Dex Ubers","log":"|j|\u2606Giovanii-95 c no\n|j|\u2606Hisham Chio\n|t:|1701173305\n|gametype|singles\n|player|p1|Giovanii-95 c no|giovanni|1169\n|player|p2|Hisham Chio|bruno|1331\n|teamsize|p1|6\n|teamsize|p2|6\n|gen|9\n|tier|[Gen 9] National Dex Ubers\n|rated|\n|rule|HP Percentage Mod: HP is shown in percentages\n|rule|Endless Battle Clause: Forcing endless battles is banned\n|rule|OHKO Clause: OHKO moves are banned\n|rule|Evasion Moves Clause: Evasion moves are banned\n|rule|Evasion Items Clause: Evasion items are banned\n|rule|Species Clause: Limit one of each Pok\u00e9mon\n|rule|Sleep Clause Mod: Limit one foe put to sleep\n|rule|Mega Rayquaza Clause: You cannot mega evolve Rayquaza\n|clearpoke\n|poke|p1|Arcanine, F|\n|poke|p1|Exeggutor, F|\n|poke|p1|Ninetales, F|\n|poke|p1|Venusaur, M|\n|poke|p1|Charizard, F|\n|poke|p1|Pidgeot, F|\n|poke|p2|Dracovish|\n|poke|p2|Lugia|\n|poke|p2|Calyrex-Ice|\n|poke|p2|Charizard, M|\n|poke|p2|Wynaut, F|\n|poke|p2|Serperior, F|\n|teampreview\n|inactive|Battle timer is ON: inactive players will automatically lose when time's up. (requested by Hisham Chio)\n|\n|t:|1701173313\n|start\n|switch|p1a: Ninetales|Ninetales, F|100\/100\n|switch|p2a: Wynaut|Wynaut, F|100\/100\n|-weather|SunnyDay|[from] ability: Drought|[of] p1a: Ninetales\n|turn|1\n|\n|t:|1701173324\n|move|p1a: Ninetales|Toxic|p2a: Wynaut\n|-status|p2a: Wynaut|tox\n|move|p2a: Wynaut|Mirror Coat||[still]\n|-fail|p2a: Wynaut\n|\n|-weather|SunnyDay|[upkeep]\n|-damage|p2a: Wynaut|94\/100 tox|[from] psn\n|upkeep\n|turn|2\n|\n|t:|1701173337\n|move|p1a: Ninetales|Hex|p2a: Wynaut\n|-supereffective|p2a: Wynaut\n|-damage|p2a: Wynaut|22\/100 tox\n|move|p2a: Wynaut|Mirror Coat|p1a: Ninetales\n|-damage|p1a: Ninetales|0 fnt\n|faint|p1a: Ninetales\n|\n|-weather|SunnyDay|[upkeep]\n|-damage|p2a: Wynaut|10\/100 tox|[from] psn\n|upkeep\n|inactive|Giovanii-95 c no has 120 seconds left.\n|\n|t:|1701173370\n|switch|p1a: Exeggutor|Exeggutor, F|100\/100\n|turn|3\n|inactive|Giovanii-95 c no has 120 seconds left.\n|\n|t:|1701173384\n|move|p1a: Exeggutor|Wish|p1a: Exeggutor\n|move|p2a: Wynaut|Mirror Coat||[still]\n|-fail|p2a: Wynaut\n|\n|-weather|SunnyDay|[upkeep]\n|-damage|p2a: Wynaut|0 fnt|[from] psn\n|faint|p2a: Wynaut\n|upkeep\n|\n|t:|1701173393\n|switch|p2a: Charizard|Charizard, M, shiny|100\/100\n|turn|4\n|inactive|Giovanii-95 c no has 120 seconds left.\n|\n|t:|1701173411\n|detailschange|p2a: Charizard|Charizard-Mega-Y, M, shiny\n|-mega|p2a: Charizard|Charizard|Charizardite Y\n|move|p2a: Charizard|Flamethrower|p1a: Exeggutor\n|-supereffective|p1a: Exeggutor\n|-damage|p1a: Exeggutor|0 fnt\n|faint|p1a: Exeggutor\n|\n|-weather|SunnyDay|[upkeep]\n|upkeep\n|inactive|Giovanii-95 c no has 90 seconds left.\n|\n|t:|1701173460\n|switch|p1a: Venusaur|Venusaur, M|100\/100\n|turn|5\n|\n|t:|1701173465\n|switch|p1a: Arcanine|Arcanine, F|100\/100\n|move|p2a: Charizard|Flamethrower|p1a: Arcanine\n|-start|p1a: Arcanine|ability: Flash Fire\n|\n|-weather|SunnyDay|[upkeep]\n|upkeep\n|turn|6\n|\n|t:|1701173477\n|move|p2a: Charizard|Dragon Pulse|p1a: Arcanine\n|-damage|p1a: Arcanine|61\/100\n|move|p1a: Arcanine|Curse|p1a: Arcanine\n|-unboost|p1a: Arcanine|spe|1\n|-boost|p1a: Arcanine|atk|1\n|-boost|p1a: Arcanine|def|1\n|\n|-weather|SunnyDay|[upkeep]\n|-heal|p1a: Arcanine|67\/100|[from] item: Leftovers\n|upkeep\n|turn|7\n|\n|t:|1701173497\n|move|p2a: Charizard|Dragon Pulse|p1a: Arcanine\n|-damage|p1a: Arcanine|30\/100\n|move|p1a: Arcanine|Curse|p1a: Arcanine\n|-unboost|p1a: Arcanine|spe|1\n|-boost|p1a: Arcanine|atk|1\n|-boost|p1a: Arcanine|def|1\n|\n|-weather|SunnyDay|[upkeep]\n|-heal|p1a: Arcanine|37\/100|[from] item: Leftovers\n|upkeep\n|turn|8\n|\n|t:|1701173514\n|move|p1a: Arcanine|Extreme Speed|p2a: Charizard\n|-damage|p2a: Charizard|21\/100\n|move|p2a: Charizard|Dragon Pulse|p1a: Arcanine\n|-damage|p1a: Arcanine|0 fnt\n|faint|p1a: Arcanine\n|\n|-weather|none\n|upkeep\n|\n|t:|1701173537\n|switch|p1a: Pidgeot|Pidgeot, F|100\/100\n|turn|9\n|\n|t:|1701173542\n|detailschange|p1a: Pidgeot|Pidgeot-Mega, F\n|-mega|p1a: Pidgeot|Pidgeot|Pidgeotite\n|move|p1a: Pidgeot|Ominous Wind|p2a: Charizard\n|-damage|p2a: Charizard|0 fnt\n|faint|p2a: Charizard\n|\n|upkeep\n|\n|t:|1701173551\n|switch|p2a: Calyrex|Calyrex-Ice|100\/100\n|-ability|p2a: Calyrex|As One\n|-ability|p2a: Calyrex|Unnerve\n|turn|10\n|\n|t:|1701173560\n|switch|p1a: Charizard|Charizard, F|100\/100\n|move|p2a: Calyrex|Trick Room|p2a: Calyrex\n|-fieldstart|move: Trick Room|[of] p2a: Calyrex\n|\n|upkeep\n|turn|11\n|inactive|Giovanii-95 c no has 90 seconds left.\n|\n|t:|1701173591\n|-terastallize|p2a: Calyrex|Ice\n|-terastallize|p1a: Charizard|Fire\n|move|p2a: Calyrex|Glacial Lance|p1a: Charizard\n|-resisted|p1a: Charizard\n|-damage|p1a: Charizard|26\/100\n|move|p1a: Charizard|Focus Blast|p2a: Calyrex|[miss]\n|-miss|p1a: Charizard|p2a: Calyrex\n|\n|upkeep\n|turn|12\n|inactive|Giovanii-95 c no has 60 seconds left.\n|\n|t:|1701173606\n|move|p2a: Calyrex|Glacial Lance|p1a: Charizard\n|-resisted|p1a: Charizard\n|-damage|p1a: Charizard|0 fnt\n|faint|p1a: Charizard\n|-ability|p2a: Calyrex|Chilling Neigh|boost\n|-boost|p2a: Calyrex|atk|1\n|\n|upkeep\n|inactive|Giovanii-95 c no has 60 seconds left.\n|\n|t:|1701173625\n|switch|p1a: Venusaur|Venusaur, M|100\/100\n|turn|13\n|\n|t:|1701173643\n|move|p2a: Calyrex|Glacial Lance|p1a: Venusaur\n|-supereffective|p1a: Venusaur\n|-enditem|p1a: Venusaur|Focus Sash\n|-damage|p1a: Venusaur|1\/100\n|move|p1a: Venusaur|Sludge Bomb|p2a: Calyrex\n|-damage|p2a: Calyrex|70\/100\n|\n|upkeep\n|turn|14\n|\n|t:|1701173651\n|move|p2a: Calyrex|Glacial Lance|p1a: Venusaur\n|-supereffective|p1a: Venusaur\n|-damage|p1a: Venusaur|0 fnt\n|faint|p1a: Venusaur\n|-ability|p2a: Calyrex|Chilling Neigh|boost\n|-boost|p2a: Calyrex|atk|1\n|\n|-fieldend|move: Trick Room\n|upkeep\n|\n|t:|1701173659\n|switch|p1a: Pidgeot|Pidgeot-Mega, F|100\/100\n|turn|15\n|\n|t:|1701173663\n|move|p1a: Pidgeot|Heat Wave|p2a: Calyrex\n|-supereffective|p2a: Calyrex\n|-damage|p2a: Calyrex|20\/100\n|-enditem|p2a: Calyrex|Weakness Policy\n|-boost|p2a: Calyrex|atk|2|[from] item: Weakness Policy\n|-boost|p2a: Calyrex|spa|2|[from] item: Weakness Policy\n|move|p2a: Calyrex|Glacial Lance|p1a: Pidgeot\n|-supereffective|p1a: Pidgeot\n|-damage|p1a: Pidgeot|0 fnt\n|faint|p1a: Pidgeot\n|\n|win|Hisham Chio\n|raw|Giovanii-95 c no's rating: 1169 &rarr; <strong>1155<\/strong><br \/>(-14 for losing)\n|raw|Hisham Chio's rating: 1331 &rarr; <strong>1342<\/strong><br \/>(+11 for winning)\n","uploadtime":1701173666,"views":1,"p1id":"giovanii95cno","p2id":"hishamchio","formatid":"gen9nationaldexubers","rating":1155,"private":0,"password":""}