{"id":"gen9nationaldexubers-1998344779","p1":"Just B3A$T","p2":"Tytheguy004","format":"[Gen 9] National Dex Ubers","log":"|j|\u2606Just B3A$T\n|j|\u2606Tytheguy004\n|t:|1700931871\n|gametype|singles\n|player|p1|Just B3A$T|noland|\n|player|p2|Tytheguy004|scientist-gen4dp|\n|teamsize|p1|6\n|teamsize|p2|6\n|gen|9\n|tier|[Gen 9] National Dex Ubers\n|rule|HP Percentage Mod: HP is shown in percentages\n|rule|Endless Battle Clause: Forcing endless battles is banned\n|rule|OHKO Clause: OHKO moves are banned\n|rule|Evasion Moves Clause: Evasion moves are banned\n|rule|Evasion Items Clause: Evasion items are banned\n|rule|Species Clause: Limit one of each Pok\u00e9mon\n|rule|Sleep Clause Mod: Limit one foe put to sleep\n|rule|Mega Rayquaza Clause: You cannot mega evolve Rayquaza\n|clearpoke\n|poke|p1|Bisharp, M|\n|poke|p1|Mawile, F|\n|poke|p1|Genesect-Chill|\n|poke|p1|Celesteela|\n|poke|p1|Heatran, M|\n|poke|p1|Gholdengo|\n|poke|p2|Beedrill, M|\n|poke|p2|Tapu Lele|\n|poke|p2|Sneasler, F|\n|poke|p2|Blaziken, M|\n|poke|p2|Serperior, M|\n|poke|p2|Iron Valiant|\n|teampreview\n|inactive|Battle timer is ON: inactive players will automatically lose when time's up. (requested by Just B3A$T)\n|c|\u2606Tytheguy004|Glhf\n|c|\u2606Just B3A$T|u2\n|c|\u2606Just B3A$T|hmmm....\n|c|\u2606Just B3A$T|Taste my steeled fangs of vengeance!\n|inactive|Just B3A$T has 270 seconds left.\n|\n|t:|1700931911\n|start\n|switch|p1a: LAVAAAA|Heatran, M, shiny|100\/100\n|switch|p2a: Tapu Lele|Tapu Lele|100\/100\n|-fieldstart|move: Psychic Terrain|[from] ability: Psychic Surge|[of] p2a: Tapu Lele\n|-item|p1a: LAVAAAA|Air Balloon\n|turn|1\n|\n|t:|1700931917\n|-terastallize|p2a: Tapu Lele|Fighting\n|move|p2a: Tapu Lele|Focus Blast|p1a: LAVAAAA|[miss]\n|-miss|p2a: Tapu Lele|p1a: LAVAAAA\n|move|p1a: LAVAAAA|Stealth Rock|p2a: Tapu Lele\n|-sidestart|p2: Tytheguy004|move: Stealth Rock\n|\n|upkeep\n|turn|2\n|\n|t:|1700931925\n|switch|p2a: Beedrill|Beedrill, M|100\/100\n|-damage|p2a: Beedrill|76\/100|[from] Stealth Rock\n|switch|p1a: Doubloons!|Gholdengo|100\/100\n|\n|upkeep\n|turn|3\n|\n|t:|1700931929\n|detailschange|p2a: Beedrill|Beedrill-Mega, M\n|-mega|p2a: Beedrill|Beedrill|Beedrillite\n|move|p1a: Doubloons!|Make It Rain|p2a: Beedrill\n|-damage|p2a: Beedrill|0 fnt\n|-unboost|p1a: Doubloons!|spa|1\n|faint|p2a: Beedrill\n|\n|upkeep\n|\n|t:|1700931938\n|switch|p2a: Sneasler|Sneasler, F|100\/100\n|-damage|p2a: Sneasler|95\/100|[from] Stealth Rock\n|-enditem|p2a: Sneasler|Psychic Seed\n|-boost|p2a: Sneasler|spd|1|[from] item: Psychic Seed\n|turn|4\n|\n|t:|1700931960\n|switch|p1a: LAVAAAA|Heatran, M, shiny|100\/100\n|-item|p1a: LAVAAAA|Air Balloon\n|move|p2a: Sneasler|Shadow Claw|p1a: LAVAAAA\n|-damage|p1a: LAVAAAA|76\/100\n|-enditem|p1a: LAVAAAA|Air Balloon\n|\n|upkeep\n|turn|5\n|\n|t:|1700931967\n|move|p2a: Sneasler|Close Combat|p1a: LAVAAAA\n|-supereffective|p1a: LAVAAAA\n|-damage|p1a: LAVAAAA|0 fnt\n|-unboost|p2a: Sneasler|def|1\n|-unboost|p2a: Sneasler|spd|1\n|faint|p1a: LAVAAAA\n|\n|-fieldend|move: Psychic Terrain\n|upkeep\n|\n|t:|1700931973\n|switch|p1a: best bug|Genesect-Chill, shiny|100\/100\n|-ability|p1a: best bug|Download|boost\n|-boost|p1a: best bug|atk|1\n|turn|6\n|\n|t:|1700931976\n|move|p1a: best bug|Extreme Speed|p2a: Sneasler\n|-damage|p2a: Sneasler|14\/100\n|move|p2a: Sneasler|Fire Punch|p1a: best bug\n|-supereffective|p1a: best bug\n|-damage|p1a: best bug|0 fnt\n|faint|p1a: best bug\n|\n|upkeep\n|\n|t:|1700931985\n|switch|p1a: Pixie Fatale|Mawile, F, shiny|100\/100\n|-ability|p1a: Pixie Fatale|Intimidate|boost\n|-unboost|p2a: Sneasler|atk|1\n|turn|7\n|\n|t:|1700931991\n|switch|p2a: Serperior|Serperior, M|100\/100\n|-damage|p2a: Serperior|88\/100|[from] Stealth Rock\n|detailschange|p1a: Pixie Fatale|Mawile-Mega, F, shiny\n|-mega|p1a: Pixie Fatale|Mawile|Mawilite\n|move|p1a: Pixie Fatale|Sucker Punch||[still]\n|-fail|p1a: Pixie Fatale\n|\n|-heal|p2a: Serperior|94\/100|[from] item: Leftovers\n|upkeep\n|turn|8\n|\n|t:|1700931997\n|move|p2a: Serperior|Glare|p1a: Pixie Fatale\n|-status|p1a: Pixie Fatale|par\n|move|p1a: Pixie Fatale|Knock Off|p2a: Serperior\n|-damage|p2a: Serperior|26\/100\n|-enditem|p2a: Serperior|Leftovers|[from] move: Knock Off|[of] p1a: Pixie Fatale\n|\n|upkeep\n|turn|9\n|\n|t:|1700932000\n|move|p2a: Serperior|Aqua Tail|p1a: Pixie Fatale\n|-damage|p1a: Pixie Fatale|84\/100 par\n|cant|p1a: Pixie Fatale|par\n|\n|upkeep\n|turn|10\n|\n|t:|1700932003\n|move|p1a: Pixie Fatale|Sucker Punch||[still]\n|-fail|p1a: Pixie Fatale\n|move|p2a: Serperior|Defog|p1a: Pixie Fatale\n|-unboost|p1a: Pixie Fatale|evasion|1\n|-sideend|p2: Tytheguy004|Stealth Rock|[from] move: Defog|[of] p2a: Serperior\n|\n|upkeep\n|turn|11\n|\n|t:|1700932005\n|move|p2a: Serperior|Protect|p2a: Serperior\n|-singleturn|p2a: Serperior|Protect\n|move|p1a: Pixie Fatale|Knock Off|p2a: Serperior\n|-activate|p2a: Serperior|move: Protect\n|\n|upkeep\n|turn|12\n|c|\u2606Just B3A$T|support serp\n|c|\u2606Just B3A$T|interesting\n|\n|t:|1700932016\n|move|p2a: Serperior|Aqua Tail|p1a: Pixie Fatale\n|-damage|p1a: Pixie Fatale|69\/100 par\n|cant|p1a: Pixie Fatale|par\n|\n|upkeep\n|turn|13\n|c|\u2606Tytheguy004|Yeah\n|\n|t:|1700932020\n|move|p2a: Serperior|Aqua Tail|p1a: Pixie Fatale\n|-damage|p1a: Pixie Fatale|53\/100 par\n|cant|p1a: Pixie Fatale|par\n|\n|upkeep\n|turn|14\n|c|\u2606Just B3A$T|yo\n|\n|t:|1700932024\n|move|p2a: Serperior|Aqua Tail|p1a: Pixie Fatale\n|-damage|p1a: Pixie Fatale|39\/100 par\n|move|p1a: Pixie Fatale|Knock Off|p2a: Serperior\n|-crit|p2a: Serperior\n|-damage|p2a: Serperior|0 fnt\n|faint|p2a: Serperior\n|\n|upkeep\n|c|\u2606Tytheguy004|Keep going serp\n|c|\u2606Tytheguy004|Aw damn\n|\n|t:|1700932038\n|switch|p2a: Iron Valiant|Iron Valiant|100\/100\n|-enditem|p2a: Iron Valiant|Booster Energy\n|-activate|p2a: Iron Valiant|ability: Quark Drive|[fromitem]\n|-start|p2a: Iron Valiant|quarkdrivespe\n|turn|15\n|\n|t:|1700932046\n|switch|p1a: Doubloons!|Gholdengo|100\/100\n|move|p2a: Iron Valiant|Aura Sphere|p1a: Doubloons!\n|-immune|p1a: Doubloons!\n|\n|upkeep\n|turn|16\n|\n|t:|1700932049\n|move|p2a: Iron Valiant|Fire Punch|p1a: Doubloons!\n|-supereffective|p1a: Doubloons!\n|-damage|p1a: Doubloons!|43\/100\n|move|p1a: Doubloons!|Make It Rain|p2a: Iron Valiant\n|-supereffective|p2a: Iron Valiant\n|-damage|p2a: Iron Valiant|0 fnt\n|-unboost|p1a: Doubloons!|spa|1\n|faint|p2a: Iron Valiant\n|-end|p2a: Iron Valiant|Quark Drive|[silent]\n|\n|upkeep\n|\n|t:|1700932054\n|switch|p2a: Sneasler|Sneasler, F|14\/100\n|turn|17\n|\n|t:|1700932056\n|move|p1a: Doubloons!|Make It Rain|p2a: Sneasler\n|-damage|p2a: Sneasler|0 fnt\n|-unboost|p1a: Doubloons!|spa|1\n|faint|p2a: Sneasler\n|\n|upkeep\n|\n|t:|1700932062\n|switch|p2a: Blaziken|Blaziken, M|100\/100\n|turn|18\n|\n|t:|1700932071\n|switch|p1a: Pixie Fatale|Mawile-Mega, F, shiny|39\/100 par\n|move|p2a: Blaziken|Fire Punch|p1a: Pixie Fatale\n|-supereffective|p1a: Pixie Fatale\n|-damage|p1a: Pixie Fatale|0 fnt\n|faint|p1a: Pixie Fatale\n|\n|-ability|p2a: Blaziken|Speed Boost|boost\n|-boost|p2a: Blaziken|spe|1\n|upkeep\n|\n|t:|1700932081\n|switch|p1a: Spaceship!!!|Celesteela, shiny|100\/100\n|turn|19\n|\n|t:|1700932085\n|-terastallize|p1a: Spaceship!!!|Ground\n|move|p2a: Blaziken|Fire Punch|p1a: Spaceship!!!\n|-damage|p1a: Spaceship!!!|60\/100\n|move|p1a: Spaceship!!!|Air Slash|p2a: Blaziken\n|-supereffective|p2a: Blaziken\n|-damage|p2a: Blaziken|2\/100\n|\n|-ability|p2a: Blaziken|Speed Boost|boost\n|-boost|p2a: Blaziken|spe|1\n|upkeep\n|turn|20\n|\n|t:|1700932093\n|move|p2a: Blaziken|Close Combat|p1a: Spaceship!!!\n|-damage|p1a: Spaceship!!!|0 fnt\n|-unboost|p2a: Blaziken|def|1\n|-unboost|p2a: Blaziken|spd|1\n|faint|p1a: Spaceship!!!\n|\n|-ability|p2a: Blaziken|Speed Boost|boost\n|-boost|p2a: Blaziken|spe|1\n|upkeep\n|\n|t:|1700932097\n|switch|p1a: Edgelord|Bisharp, M, shiny|100\/100\n|turn|21\n|\n|t:|1700932098\n|move|p1a: Edgelord|Sucker Punch||[still]\n|-fail|p1a: Edgelord\n|move|p2a: Blaziken|Swords Dance|p2a: Blaziken\n|-boost|p2a: Blaziken|atk|2\n|\n|-ability|p2a: Blaziken|Speed Boost|boost\n|-boost|p2a: Blaziken|spe|1\n|upkeep\n|turn|22\n|\n|t:|1700932100\n|move|p1a: Edgelord|Sucker Punch||[still]\n|-fail|p1a: Edgelord\n|move|p2a: Blaziken|Swords Dance|p2a: Blaziken\n|-boost|p2a: Blaziken|atk|2\n|\n|-ability|p2a: Blaziken|Speed Boost|boost\n|-boost|p2a: Blaziken|spe|1\n|upkeep\n|turn|23\n|\n|t:|1700932103\n|move|p1a: Edgelord|Sucker Punch||[still]\n|-fail|p1a: Edgelord\n|move|p2a: Blaziken|Swords Dance|p2a: Blaziken\n|-boost|p2a: Blaziken|atk|2\n|\n|-ability|p2a: Blaziken|Speed Boost|boost\n|-boost|p2a: Blaziken|spe|1\n|upkeep\n|turn|24\n|\n|t:|1700932106\n|move|p1a: Edgelord|Sucker Punch||[still]\n|-fail|p1a: Edgelord\n|move|p2a: Blaziken|Swords Dance|p2a: Blaziken\n|-boost|p2a: Blaziken|atk|0\n|\n|upkeep\n|turn|25\n|\n|t:|1700932110\n|move|p1a: Edgelord|Sucker Punch||[still]\n|-fail|p1a: Edgelord\n|move|p2a: Blaziken|Swords Dance|p2a: Blaziken\n|-boost|p2a: Blaziken|atk|0\n|\n|upkeep\n|turn|26\n|\n|t:|1700932115\n|move|p1a: Edgelord|Sucker Punch|p2a: Blaziken\n|-resisted|p2a: Blaziken\n|-damage|p2a: Blaziken|0 fnt\n|faint|p2a: Blaziken\n|\n|upkeep\n|\n|t:|1700932117\n|switch|p2a: Tapu Lele|Tapu Lele, tera:Fighting|100\/100\n|-fieldstart|move: Psychic Terrain|[from] ability: Psychic Surge|[of] p2a: Tapu Lele\n|turn|27\n|c|\u2606Just B3A$T|i never give up\n|c|\u2606Just B3A$T|gg\n|c|\u2606Tytheguy004|Yeah lol\n|c|\u2606Tytheguy004|Gg\n|\n|t:|1700932132\n|move|p2a: Tapu Lele|Shadow Ball|p1a: Edgelord\n|-resisted|p1a: Edgelord\n|-damage|p1a: Edgelord|87\/100\n|move|p1a: Edgelord|Iron Head|p2a: Tapu Lele\n|-damage|p2a: Tapu Lele|32\/100\n|\n|upkeep\n|turn|28\n|c|\u2606Tytheguy004|Gg\n|c|\u2606Tytheguy004|Fuck that was close\n|\n|t:|1700932143\n|move|p2a: Tapu Lele|Shadow Ball|p1a: Edgelord\n|-resisted|p1a: Edgelord\n|-damage|p1a: Edgelord|74\/100\n|move|p1a: Edgelord|Iron Head|p2a: Tapu Lele\n|-damage|p2a: Tapu Lele|0 fnt\n|faint|p2a: Tapu Lele\n|\n|win|Just B3A$T\n|c|\u2606Just B3A$T|true\n","uploadtime":1700932149,"views":2,"p1id":"justb3at","p2id":"tytheguy004","formatid":"gen9nationaldexubers","rating":0,"private":0,"password":""}