{"id":"gen9nationaldexubers-1991625650","p1":"tiolocodj","p2":"mr Deuzp","format":"[Gen 9] National Dex Ubers","log":"|j|\u2606tiolocodj\n|j|\u2606mr Deuzp\n|t:|1700095656\n|gametype|singles\n|player|p1|tiolocodj|tabitha-gen3|1258\n|player|p2|mr Deuzp|shadowtriad|1394\n|teamsize|p1|6\n|teamsize|p2|6\n|gen|9\n|tier|[Gen 9] National Dex Ubers\n|rated|\n|rule|HP Percentage Mod: HP is shown in percentages\n|rule|Endless Battle Clause: Forcing endless battles is banned\n|rule|OHKO Clause: OHKO moves are banned\n|rule|Evasion Moves Clause: Evasion moves are banned\n|rule|Evasion Items Clause: Evasion items are banned\n|rule|Species Clause: Limit one of each Pok\u00e9mon\n|rule|Sleep Clause Mod: Limit one foe put to sleep\n|rule|Mega Rayquaza Clause: You cannot mega evolve Rayquaza\n|clearpoke\n|poke|p1|Garchomp, M|\n|poke|p1|Nidoking, M|\n|poke|p1|Gastrodon, M|\n|poke|p1|Krookodile, M|\n|poke|p1|Great Tusk|\n|poke|p1|Excadrill, M|\n|poke|p2|Ho-Oh|\n|poke|p2|Pheromosa|\n|poke|p2|Naganadel|\n|poke|p2|Galvantula, M|\n|poke|p2|Shaymin-Sky|\n|poke|p2|Metagross|\n|teampreview\n|inactive|Battle timer is ON: inactive players will automatically lose when time's up. (requested by tiolocodj)\n|\n|t:|1700095667\n|start\n|switch|p1a: Last time addition|Gastrodon, M|100\/100\n|switch|p2a: Galvantula|Galvantula, M, shiny|100\/100\n|turn|1\n|\n|t:|1700095674\n|move|p2a: Galvantula|Sticky Web|p1a: Last time addition\n|-sidestart|p1: tiolocodj|move: Sticky Web\n|move|p1a: Last time addition|Stealth Rock|p2a: Galvantula\n|-sidestart|p2: mr Deuzp|move: Stealth Rock\n|\n|upkeep\n|turn|2\n|\n|t:|1700095680\n|move|p2a: Galvantula|Bug Buzz|p1a: Last time addition\n|-damage|p1a: Last time addition|63\/100\n|move|p1a: Last time addition|Ice Beam|p2a: Galvantula\n|-damage|p2a: Galvantula|47\/100\n|\n|-heal|p1a: Last time addition|69\/100|[from] item: Leftovers\n|upkeep\n|turn|3\n|\n|t:|1700095688\n|move|p2a: Galvantula|Sticky Web||[still]\n|-fail|p2a: Galvantula\n|move|p1a: Last time addition|Scald|p2a: Galvantula\n|-crit|p2a: Galvantula\n|-damage|p2a: Galvantula|0 fnt\n|faint|p2a: Galvantula\n|\n|-heal|p1a: Last time addition|75\/100|[from] item: Leftovers\n|upkeep\n|\n|t:|1700095693\n|switch|p2a: Pheromosa|Pheromosa, shiny|100\/100\n|turn|4\n|\n|t:|1700095696\n|move|p2a: Pheromosa|Rapid Spin|p1a: Last time addition\n|-damage|p1a: Last time addition|56\/100\n|-boost|p2a: Pheromosa|spe|1\n|-sideend|p2: mr Deuzp|Stealth Rock|[from] move: Rapid Spin|[of] p2a: Pheromosa\n|move|p1a: Last time addition|Scald|p2a: Pheromosa\n|-damage|p2a: Pheromosa|2\/100\n|\n|-heal|p1a: Last time addition|62\/100|[from] item: Leftovers\n|upkeep\n|turn|5\n|\n|t:|1700095700\n|move|p2a: Pheromosa|U-turn|p1a: Last time addition\n|-damage|p1a: Last time addition|24\/100\n|\n|t:|1700095705\n|switch|p2a: Shaymin|Shaymin-Sky, shiny|100\/100|[from] U-turn\n|move|p1a: Last time addition|Scald|p2a: Shaymin\n|-resisted|p2a: Shaymin\n|-damage|p2a: Shaymin|76\/100\n|\n|-heal|p1a: Last time addition|30\/100|[from] item: Leftovers\n|upkeep\n|turn|6\n|\n|t:|1700095713\n|-terastallize|p2a: Shaymin|Flying\n|move|p2a: Shaymin|Air Slash|p1a: Last time addition\n|-damage|p1a: Last time addition|0 fnt\n|faint|p1a: Last time addition\n|\n|upkeep\n|\n|t:|1700095723\n|switch|p1a: big boi|Garchomp, M, shiny|100\/100\n|-activate|p1a: big boi|move: Sticky Web\n|-unboost|p1a: big boi|spe|1\n|turn|7\n|\n|t:|1700095726\n|-terastallize|p1a: big boi|Steel\n|move|p2a: Shaymin|Air Slash|p1a: big boi\n|-resisted|p1a: big boi\n|-damage|p1a: big boi|72\/100\n|move|p1a: big boi|Stone Edge|p2a: Shaymin\n|-supereffective|p2a: Shaymin\n|-damage|p2a: Shaymin|0 fnt\n|faint|p2a: Shaymin\n|\n|upkeep\n|j| DreamyFleur\n|\n|t:|1700095740\n|switch|p2a: Naganadel|Naganadel, shiny|100\/100\n|turn|8\n|\n|t:|1700095745\n|move|p2a: Naganadel|Nasty Plot|p2a: Naganadel\n|-boost|p2a: Naganadel|spa|2\n|move|p1a: big boi|Earthquake|p2a: Naganadel\n|-supereffective|p2a: Naganadel\n|-enditem|p2a: Naganadel|Focus Sash\n|-damage|p2a: Naganadel|1\/100\n|\n|upkeep\n|turn|9\n|\n|t:|1700095752\n|move|p2a: Naganadel|Flamethrower|p1a: big boi\n|-supereffective|p1a: big boi\n|-damage|p1a: big boi|0 fnt\n|faint|p1a: big boi\n|-ability|p2a: Naganadel|Beast Boost|boost\n|-boost|p2a: Naganadel|spe|1\n|\n|upkeep\n|\n|t:|1700095758\n|switch|p1a: Mamut sin pelo|Great Tusk, shiny|100\/100\n|-activate|p1a: Mamut sin pelo|move: Sticky Web\n|-unboost|p1a: Mamut sin pelo|spe|1\n|turn|10\n|\n|t:|1700095761\n|move|p2a: Naganadel|Dragon Pulse|p1a: Mamut sin pelo\n|-damage|p1a: Mamut sin pelo|0 fnt\n|faint|p1a: Mamut sin pelo\n|-end|p1a: Mamut sin pelo|Protosynthesis|[silent]\n|-ability|p2a: Naganadel|Beast Boost|boost\n|-boost|p2a: Naganadel|spe|1\n|\n|upkeep\n|\n|t:|1700095765\n|switch|p1a: El Machista|Nidoking, M|100\/100\n|-activate|p1a: El Machista|move: Sticky Web\n|-unboost|p1a: El Machista|spe|1\n|turn|11\n|l| DreamyFleur\n|\n|t:|1700095768\n|move|p2a: Naganadel|Dragon Pulse|p1a: El Machista\n|-crit|p1a: El Machista\n|-damage|p1a: El Machista|0 fnt\n|faint|p1a: El Machista\n|-ability|p2a: Naganadel|Beast Boost|boost\n|-boost|p2a: Naganadel|spe|1\n|\n|upkeep\n|\n|t:|1700095771\n|switch|p1a: Facha|Krookodile, M|100\/100\n|-activate|p1a: Facha|move: Sticky Web\n|-unboost|p1a: Facha|spe|1\n|turn|12\n|\n|t:|1700095774\n|move|p2a: Naganadel|Dragon Pulse|p1a: Facha\n|-damage|p1a: Facha|0 fnt\n|faint|p1a: Facha\n|-ability|p2a: Naganadel|Beast Boost|boost\n|-boost|p2a: Naganadel|spe|1\n|\n|upkeep\n|\n|t:|1700095777\n|switch|p1a: nerfminer|Excadrill, M|100\/100\n|-activate|p1a: nerfminer|move: Sticky Web\n|-unboost|p1a: nerfminer|spe|1\n|-ability|p1a: nerfminer|Mold Breaker\n|turn|13\n|\n|t:|1700095779\n|move|p2a: Naganadel|Flamethrower|p1a: nerfminer\n|-supereffective|p1a: nerfminer\n|-damage|p1a: nerfminer|0 fnt\n|faint|p1a: nerfminer\n|\n|win|mr Deuzp\n|raw|tiolocodj's rating: 1258 &rarr; <strong>1242<\/strong><br \/>(-16 for losing)\n|raw|mr Deuzp's rating: 1394 &rarr; <strong>1407<\/strong><br \/>(+13 for winning)\n|l|\u2606tiolocodj\n|l|\u2606mr Deuzp\n|j|\u2606mr Deuzp\n|player|p2|mr Deuzp|shadowtriad\n","uploadtime":1700095795,"views":17,"p1id":"tiolocodj","p2id":"mrdeuzp","formatid":"gen9nationaldexubers","rating":1242,"private":0,"password":""}