{"id":"gen9nationaldexubers-1987985885","p1":"aguinaldo124","p2":"amogusproplayer","format":"[Gen 9] National Dex Ubers","log":"|j|\u2606aguinaldo124\n|j|\u2606amogusproplayer\n|t:|1699656109\n|gametype|singles\n|player|p1|aguinaldo124|bruno|1123\n|player|p2|amogusproplayer|veteran|1206\n|teamsize|p1|6\n|teamsize|p2|6\n|gen|9\n|tier|[Gen 9] National Dex Ubers\n|rated|\n|rule|HP Percentage Mod: HP is shown in percentages\n|rule|Endless Battle Clause: Forcing endless battles is banned\n|rule|OHKO Clause: OHKO moves are banned\n|rule|Evasion Moves Clause: Evasion moves are banned\n|rule|Evasion Items Clause: Evasion items are banned\n|rule|Species Clause: Limit one of each Pok\u00e9mon\n|rule|Sleep Clause Mod: Limit one foe put to sleep\n|rule|Mega Rayquaza Clause: You cannot mega evolve Rayquaza\n|clearpoke\n|poke|p1|Yveltal|\n|poke|p1|Arceus-Ground|\n|poke|p1|Zacian-*|\n|poke|p1|Kyurem-Black|\n|poke|p1|Blacephalon|\n|poke|p1|Pheromosa|\n|poke|p2|Scizor, M|\n|poke|p2|Deoxys-Attack|\n|poke|p2|Necrozma-Dawn-Wings|\n|poke|p2|Volcarona, F|\n|poke|p2|Crawdaunt, F|\n|poke|p2|Gliscor, F|\n|teampreview\n|inactive|Battle timer is ON: inactive players will automatically lose when time's up. (requested by aguinaldo124)\n|\n|t:|1699656125\n|start\n|switch|p1a: Yveltal|Yveltal|100\/100\n|switch|p2a: Crawdaunt|Crawdaunt, F|100\/100\n|-ability|p1a: Yveltal|Dark Aura\n|turn|1\n|\n|t:|1699656134\n|move|p1a: Yveltal|Oblivion Wing|p2a: Crawdaunt\n|-damage|p2a: Crawdaunt|27\/100\n|move|p2a: Crawdaunt|Crabhammer|p1a: Yveltal\n|-damage|p1a: Yveltal|42\/100\n|\n|-heal|p1a: Yveltal|48\/100|[from] item: Leftovers\n|upkeep\n|turn|2\n|\n|t:|1699656152\n|switch|p2a: Gliscor|Gliscor, F|100\/100\n|move|p1a: Yveltal|Oblivion Wing|p2a: Gliscor\n|-damage|p2a: Gliscor|60\/100\n|-heal|p1a: Yveltal|72\/100|[from] drain|[of] p2a: Gliscor\n|\n|-heal|p1a: Yveltal|78\/100|[from] item: Leftovers\n|-status|p2a: Gliscor|tox|[from] item: Toxic Orb\n|upkeep\n|turn|3\n|\n|t:|1699656165\n|move|p2a: Gliscor|Roost|p2a: Gliscor\n|-heal|p2a: Gliscor|100\/100 tox\n|-singleturn|p2a: Gliscor|move: Roost\n|move|p1a: Yveltal|Oblivion Wing|p2a: Gliscor\n|-damage|p2a: Gliscor|60\/100 tox\n|-heal|p1a: Yveltal|100\/100|[from] drain|[of] p2a: Gliscor\n|\n|-heal|p2a: Gliscor|72\/100 tox|[from] ability: Poison Heal\n|upkeep\n|turn|4\n|\n|t:|1699656177\n|switch|p1a: Pheromosa|Pheromosa|100\/100\n|move|p2a: Gliscor|Toxic|p1a: Pheromosa\n|-status|p1a: Pheromosa|tox\n|\n|-damage|p1a: Pheromosa|95\/100 tox|[from] psn\n|-heal|p2a: Gliscor|84\/100 tox|[from] ability: Poison Heal\n|upkeep\n|turn|5\n|\n|t:|1699656187\n|move|p1a: Pheromosa|Triple Axel|p2a: Gliscor\n|-supereffective|p2a: Gliscor\n|-damage|p2a: Gliscor|57\/100 tox\n|-supereffective|p2a: Gliscor\n|-damage|p2a: Gliscor|4\/100 tox\n|-supereffective|p2a: Gliscor\n|-damage|p2a: Gliscor|0 fnt\n|faint|p2a: Gliscor\n|-ability|p1a: Pheromosa|Beast Boost|boost\n|-boost|p1a: Pheromosa|spe|1\n|-hitcount|p2: Gliscor|3\n|\n|-damage|p1a: Pheromosa|83\/100 tox|[from] psn\n|upkeep\n|\n|t:|1699656194\n|switch|p2a: Crawdaunt|Crawdaunt, F|27\/100\n|turn|6\n|\n|t:|1699656204\n|move|p2a: Crawdaunt|Aqua Jet|p1a: Pheromosa\n|-damage|p1a: Pheromosa|3\/100 tox\n|move|p1a: Pheromosa|Triple Axel|p2a: Crawdaunt\n|-resisted|p2a: Crawdaunt\n|-damage|p2a: Crawdaunt|19\/100\n|-resisted|p2a: Crawdaunt\n|-damage|p2a: Crawdaunt|4\/100\n|-resisted|p2a: Crawdaunt\n|-damage|p2a: Crawdaunt|0 fnt\n|faint|p2a: Crawdaunt\n|-ability|p1a: Pheromosa|Beast Boost|boost\n|-boost|p1a: Pheromosa|spe|1\n|-hitcount|p2: Crawdaunt|3\n|\n|-damage|p1a: Pheromosa|0 fnt|[from] psn\n|faint|p1a: Pheromosa\n|upkeep\n|\n|t:|1699656220\n|switch|p1a: Blacephalon|Blacephalon|100\/100\n|switch|p2a: Volcarona|Volcarona, F|100\/100\n|turn|7\n|\n|t:|1699656230\n|move|p1a: Blacephalon|Shadow Ball|p2a: Volcarona\n|-damage|p2a: Volcarona|51\/100\n|move|p2a: Volcarona|Quiver Dance|p2a: Volcarona\n|-boost|p2a: Volcarona|spa|1\n|-boost|p2a: Volcarona|spd|1\n|-boost|p2a: Volcarona|spe|1\n|\n|upkeep\n|turn|8\n|\n|t:|1699656238\n|move|p1a: Blacephalon|Shadow Ball|p2a: Volcarona\n|-damage|p2a: Volcarona|15\/100\n|move|p2a: Volcarona|Quiver Dance|p2a: Volcarona\n|-boost|p2a: Volcarona|spa|1\n|-boost|p2a: Volcarona|spd|1\n|-boost|p2a: Volcarona|spe|1\n|\n|upkeep\n|turn|9\n|\n|t:|1699656246\n|-terastallize|p2a: Volcarona|Grass\n|move|p2a: Volcarona|Giga Drain|p1a: Blacephalon\n|-resisted|p1a: Blacephalon\n|-damage|p1a: Blacephalon|23\/100\n|-heal|p2a: Volcarona|46\/100|[from] drain|[of] p1a: Blacephalon\n|move|p1a: Blacephalon|Shadow Ball|p2a: Volcarona\n|-damage|p2a: Volcarona|19\/100\n|\n|upkeep\n|turn|10\n|\n|t:|1699656260\n|move|p2a: Volcarona|Giga Drain|p1a: Blacephalon\n|-resisted|p1a: Blacephalon\n|-damage|p1a: Blacephalon|0 fnt\n|-heal|p2a: Volcarona|28\/100|[from] drain|[of] p1a: Blacephalon\n|faint|p1a: Blacephalon\n|\n|upkeep\n|\n|t:|1699656268\n|switch|p1a: Yveltal|Yveltal|100\/100\n|-ability|p1a: Yveltal|Dark Aura\n|turn|11\n|\n|t:|1699656277\n|move|p1a: Yveltal|Sucker Punch|p2a: Volcarona\n|-damage|p2a: Volcarona|0 fnt\n|-status|p1a: Yveltal|brn|[from] ability: Flame Body|[of] p2a: Volcarona\n|faint|p2a: Volcarona\n|\n|-damage|p1a: Yveltal|94\/100 brn|[from] brn\n|upkeep\n|\n|t:|1699656286\n|switch|p2a: Necrozma|Necrozma-Dawn-Wings|100\/100\n|turn|12\n|\n|t:|1699656294\n|switch|p1a: Kyurem|Kyurem-Black|100\/100\n|-ability|p1a: Kyurem|Teravolt\n|detailschange|p2a: Necrozma|Necrozma-Ultra\n|-burst|p2a: Necrozma|Necrozma|Ultranecrozium Z\n|move|p2a: Necrozma|Autotomize|p2a: Necrozma\n|-boost|p2a: Necrozma|spe|2\n|-start|p2a: Necrozma|Autotomize\n|\n|upkeep\n|turn|13\n|\n|t:|1699656311\n|-zpower|p2a: Necrozma\n|move|p2a: Necrozma|Light That Burns the Sky|p1a: Kyurem|[zeffect]\n|-damage|p1a: Kyurem|0 fnt\n|faint|p1a: Kyurem\n|\n|upkeep\n|\n|t:|1699656321\n|switch|p1a: Zacian|Zacian-Crowned|100\/100\n|-ability|p1a: Zacian|Intrepid Sword|boost\n|-boost|p1a: Zacian|atk|1\n|turn|14\n|\n|t:|1699656330\n|move|p2a: Necrozma|Moongeist Beam|p1a: Zacian\n|-damage|p1a: Zacian|54\/100\n|move|p1a: Zacian|Play Rough|p2a: Necrozma\n|-supereffective|p2a: Necrozma\n|-damage|p2a: Necrozma|0 fnt\n|faint|p2a: Necrozma\n|\n|upkeep\n|\n|t:|1699656336\n|switch|p2a: Scizor|Scizor, M|100\/100\n|turn|15\n|\n|t:|1699656345\n|detailschange|p2a: Scizor|Scizor-Mega, M\n|-mega|p2a: Scizor|Scizor|Scizorite\n|move|p1a: Zacian|Behemoth Blade|p2a: Scizor\n|-resisted|p2a: Scizor\n|-crit|p2a: Scizor\n|-damage|p2a: Scizor|52\/100\n|move|p2a: Scizor|Curse|p2a: Scizor\n|-unboost|p2a: Scizor|spe|1\n|-boost|p2a: Scizor|atk|1\n|-boost|p2a: Scizor|def|1\n|\n|upkeep\n|turn|16\n|\n|t:|1699656356\n|move|p2a: Scizor|Bullet Punch|p1a: Zacian\n|-damage|p1a: Zacian|5\/100\n|move|p1a: Zacian|Swords Dance|p1a: Zacian\n|-boost|p1a: Zacian|atk|2\n|\n|upkeep\n|turn|17\n|\n|t:|1699656362\n|move|p2a: Scizor|Bullet Punch|p1a: Zacian\n|-damage|p1a: Zacian|0 fnt\n|faint|p1a: Zacian\n|\n|upkeep\n|\n|t:|1699656367\n|switch|p1a: Arceus|Arceus-Ground|100\/100\n|turn|18\n|\n|t:|1699656375\n|move|p1a: Arceus|Flamethrower|p2a: Scizor\n|-supereffective|p2a: Scizor\n|-damage|p2a: Scizor|0 fnt\n|faint|p2a: Scizor\n|\n|upkeep\n|\n|t:|1699656377\n|switch|p2a: Deoxys|Deoxys-Attack|100\/100\n|-ability|p2a: Deoxys|Pressure\n|turn|19\n|\n|t:|1699656385\n|move|p2a: Deoxys|Psycho Boost|p1a: Arceus\n|-damage|p1a: Arceus|34\/100\n|-unboost|p2a: Deoxys|spa|2\n|move|p1a: Arceus|Calm Mind|p1a: Arceus\n|-boost|p1a: Arceus|spa|1\n|-boost|p1a: Arceus|spd|1\n|\n|upkeep\n|turn|20\n|\n|t:|1699656395\n|-terastallize|p1a: Arceus|Ground\n|move|p2a: Deoxys|Power-Up Punch|p1a: Arceus\n|-damage|p1a: Arceus|21\/100\n|-boost|p2a: Deoxys|atk|1\n|move|p1a: Arceus|Judgment|p2a: Deoxys\n|-enditem|p2a: Deoxys|Focus Sash\n|-damage|p2a: Deoxys|1\/100\n|\n|upkeep\n|turn|21\n|\n|t:|1699656406\n|move|p2a: Deoxys|Extreme Speed|p1a: Arceus\n|-damage|p1a: Arceus|0 fnt\n|faint|p1a: Arceus\n|\n|upkeep\n|\n|t:|1699656412\n|switch|p1a: Yveltal|Yveltal|94\/100 brn\n|-ability|p1a: Yveltal|Dark Aura\n|turn|22\n|\n|t:|1699656418\n|move|p2a: Deoxys|Extreme Speed|p1a: Yveltal\n|-damage|p1a: Yveltal|54\/100 brn\n|move|p1a: Yveltal|Oblivion Wing|p2a: Deoxys\n|-damage|p2a: Deoxys|0 fnt\n|-heal|p1a: Yveltal|54\/100 brn|[from] drain|[of] p2a: Deoxys\n|faint|p2a: Deoxys\n|\n|win|aguinaldo124\n|raw|aguinaldo124's rating: 1123 &rarr; <strong>1154<\/strong><br \/>(+31 for winning)\n|raw|amogusproplayer's rating: 1206 &rarr; <strong>1175<\/strong><br \/>(-31 for losing)\n|l|\u2606amogusproplayer\n|c|\u2606aguinaldo124|Gg\n","uploadtime":1699656431,"views":6,"p1id":"aguinaldo124","p2id":"amogusproplayer","formatid":"gen9nationaldexubers","rating":1154,"private":0,"password":""}