{"id":"gen9nationaldexubers-1992443402","p1":"Arnaenaed \u223e","p2":"CrisWWE","format":"[Gen 9] National Dex Ubers","log":"|j|\u2606Arnaenaed \u223e\n|j|\u2606CrisWWE\n|t:|1700188227\n|gametype|singles\n|player|p1|Arnaenaed \u223e|kofu|\n|player|p2|CrisWWE|shadowtriad|\n|teamsize|p1|6\n|teamsize|p2|6\n|gen|9\n|tier|[Gen 9] National Dex Ubers\n|rule|HP Percentage Mod: HP is shown in percentages\n|rule|Endless Battle Clause: Forcing endless battles is banned\n|rule|OHKO Clause: OHKO moves are banned\n|rule|Evasion Moves Clause: Evasion moves are banned\n|rule|Evasion Items Clause: Evasion items are banned\n|rule|Species Clause: Limit one of each Pok\u00e9mon\n|rule|Sleep Clause Mod: Limit one foe put to sleep\n|rule|Mega Rayquaza Clause: You cannot mega evolve Rayquaza\n|clearpoke\n|poke|p1|Politoed, F|\n|poke|p1|Poliwrath, M|\n|poke|p1|Basculegion, M|\n|poke|p1|Ludicolo, F|\n|poke|p1|Cramorant, M|\n|poke|p1|Empoleon, F|\n|poke|p2|Crawdaunt, M|\n|poke|p2|Volbeat, M|\n|poke|p2|Ambipom, F|\n|poke|p2|Torterra, F|\n|poke|p2|Okidogi, M|\n|poke|p2|Milotic, M|\n|teampreview\n|\n|t:|1700188255\n|start\n|switch|p1a: Politoed|Politoed, F|100\/100\n|switch|p2a: Volbeat|Volbeat, M|100\/100\n|-weather|RainDance|[from] ability: Drizzle|[of] p1a: Politoed\n|turn|1\n|\n|t:|1700188265\n|move|p2a: Volbeat|Tailwind|p2a: Volbeat\n|-sidestart|p2: CrisWWE|move: Tailwind\n|move|p1a: Politoed|Toxic|p2a: Volbeat\n|-status|p2a: Volbeat|tox\n|\n|-weather|RainDance|[upkeep]\n|-damage|p2a: Volbeat|95\/100 tox|[from] psn\n|upkeep\n|turn|2\n|\n|t:|1700188273\n|move|p2a: Volbeat|Taunt|p1a: Politoed\n|-start|p1a: Politoed|move: Taunt\n|cant|p1a: Politoed|move: Taunt|Encore\n|\n|-weather|RainDance|[upkeep]\n|-damage|p2a: Volbeat|83\/100 tox|[from] psn\n|upkeep\n|turn|3\n|\n|t:|1700188289\n|switch|p1a: Poliwrath|Poliwrath, M|100\/100\n|move|p2a: Volbeat|Defog|p1a: Poliwrath\n|-unboost|p1a: Poliwrath|evasion|1\n|\n|-weather|RainDance|[upkeep]\n|-damage|p2a: Volbeat|65\/100 tox|[from] psn\n|upkeep\n|turn|4\n|\n|t:|1700188298\n|switch|p2a: Milotic|Milotic, M|100\/100\n|move|p1a: Poliwrath|Liquidation|p2a: Milotic\n|-resisted|p2a: Milotic\n|-damage|p2a: Milotic|63\/100\n|-damage|p1a: Poliwrath|91\/100|[from] item: Life Orb\n|\n|-weather|RainDance|[upkeep]\n|-sideend|p2: CrisWWE|move: Tailwind\n|-status|p2a: Milotic|brn|[from] item: Flame Orb\n|upkeep\n|turn|5\n|\n|t:|1700188305\n|move|p1a: Poliwrath|Close Combat|p2a: Milotic\n|-damage|p2a: Milotic|12\/100 brn\n|-unboost|p1a: Poliwrath|def|1\n|-unboost|p1a: Poliwrath|spd|1\n|-damage|p1a: Poliwrath|81\/100|[from] item: Life Orb\n|move|p2a: Milotic|Toxic|p1a: Poliwrath\n|-status|p1a: Poliwrath|tox\n|\n|-weather|RainDance|[upkeep]\n|-damage|p1a: Poliwrath|74\/100 tox|[from] psn\n|-damage|p2a: Milotic|6\/100 brn|[from] brn\n|upkeep\n|turn|6\n|\n|t:|1700188314\n|switch|p2a: Okidogi|Okidogi, M|100\/100\n|move|p1a: Poliwrath|Close Combat|p2a: Okidogi\n|-resisted|p2a: Okidogi\n|-damage|p2a: Okidogi|73\/100\n|-unboost|p1a: Poliwrath|def|1\n|-unboost|p1a: Poliwrath|spd|1\n|-damage|p1a: Poliwrath|64\/100 tox|[from] item: Life Orb\n|\n|-weather|RainDance|[upkeep]\n|-heal|p2a: Okidogi|79\/100|[from] item: Leftovers\n|-damage|p1a: Poliwrath|52\/100 tox|[from] psn\n|upkeep\n|turn|7\n|\n|t:|1700188324\n|move|p1a: Poliwrath|Liquidation|p2a: Okidogi\n|-damage|p2a: Okidogi|18\/100\n|-unboost|p2a: Okidogi|def|1\n|-damage|p1a: Poliwrath|42\/100 tox|[from] item: Life Orb\n|move|p2a: Okidogi|Bulk Up|p2a: Okidogi\n|-boost|p2a: Okidogi|atk|1\n|-boost|p2a: Okidogi|def|1\n|\n|-weather|RainDance|[upkeep]\n|-heal|p2a: Okidogi|24\/100|[from] item: Leftovers\n|-damage|p1a: Poliwrath|23\/100 tox|[from] psn\n|upkeep\n|turn|8\n|\n|t:|1700188330\n|move|p1a: Poliwrath|Liquidation|p2a: Okidogi\n|-damage|p2a: Okidogi|0 fnt\n|faint|p2a: Okidogi\n|-damage|p1a: Poliwrath|13\/100 tox|[from] item: Life Orb\n|\n|-weather|none\n|-damage|p1a: Poliwrath|0 fnt|[from] psn\n|faint|p1a: Poliwrath\n|upkeep\n|\n|t:|1700188343\n|switch|p1a: Politoed|Politoed, F|100\/100\n|switch|p2a: Volbeat|Volbeat, M|65\/100 tox\n|-weather|RainDance|[from] ability: Drizzle|[of] p1a: Politoed\n|turn|9\n|\n|t:|1700188350\n|move|p2a: Volbeat|Tailwind|p2a: Volbeat\n|-sidestart|p2: CrisWWE|move: Tailwind\n|move|p1a: Politoed|Encore|p2a: Volbeat\n|-start|p2a: Volbeat|Encore\n|\n|-weather|RainDance|[upkeep]\n|-damage|p2a: Volbeat|59\/100 tox|[from] psn\n|upkeep\n|turn|10\n|\n|t:|1700188363\n|switch|p2a: Torterra|Torterra, F|100\/100\n|switch|p1a: Ludicolo|Ludicolo, F|100\/100\n|\n|-weather|RainDance|[upkeep]\n|upkeep\n|turn|11\n|\n|t:|1700188381\n|switch|p2a: Ambipom|Ambipom, F|100\/100\n|move|p1a: Ludicolo|Ice Beam|p2a: Ambipom\n|-damage|p2a: Ambipom|43\/100\n|-damage|p1a: Ludicolo|91\/100|[from] item: Life Orb\n|\n|-weather|RainDance|[upkeep]\n|upkeep\n|turn|12\n|\n|t:|1700188393\n|switch|p1a: Empoleon|Empoleon, F|100\/100\n|move|p2a: Ambipom|Fake Out|p1a: Empoleon\n|-resisted|p1a: Empoleon\n|-damage|p1a: Empoleon|86\/100\n|\n|-weather|RainDance|[upkeep]\n|-heal|p1a: Empoleon|92\/100|[from] item: Leftovers\n|-sideend|p2: CrisWWE|move: Tailwind\n|upkeep\n|turn|13\n|\n|t:|1700188402\n|switch|p2a: Volbeat|Volbeat, M|59\/100 tox\n|move|p1a: Empoleon|Flip Turn|p2a: Volbeat\n|-damage|p2a: Volbeat|25\/100 tox\n|-enditem|p2a: Volbeat|Sitrus Berry|[eat]\n|-heal|p2a: Volbeat|50\/100 tox|[from] item: Sitrus Berry\n|\n|t:|1700188425\n|switch|p1a: Basculegion|Basculegion, M|100\/100|[from] Flip Turn\n|\n|-weather|RainDance|[upkeep]\n|-damage|p2a: Volbeat|44\/100 tox|[from] psn\n|upkeep\n|turn|14\n|c|\u2606CrisWWE|Xd se me olvid\u00f3 ponerle a torterra el rompecoraza\n|\n|t:|1700188440\n|move|p1a: Basculegion|Aqua Jet|p2a: Volbeat\n|-damage|p2a: Volbeat|5\/100 tox\n|move|p2a: Volbeat|Tailwind|p2a: Volbeat\n|-sidestart|p2: CrisWWE|move: Tailwind\n|\n|-weather|RainDance|[upkeep]\n|-damage|p2a: Volbeat|0 fnt|[from] psn\n|faint|p2a: Volbeat\n|upkeep\n|\n|t:|1700188449\n|switch|p2a: Crawdaunt|Crawdaunt, M|100\/100\n|turn|15\n|\n|t:|1700188463\n|switch|p1a: Cramorant|Cramorant, M|100\/100\n|move|p2a: Crawdaunt|Dragon Dance|p2a: Crawdaunt\n|-boost|p2a: Crawdaunt|atk|1\n|-boost|p2a: Crawdaunt|spe|1\n|\n|-weather|RainDance|[upkeep]\n|upkeep\n|turn|16\n|\n|t:|1700188483\n|move|p2a: Crawdaunt|Dragon Dance|p2a: Crawdaunt\n|-boost|p2a: Crawdaunt|atk|1\n|-boost|p2a: Crawdaunt|spe|1\n|move|p1a: Cramorant|Hurricane|p2a: Crawdaunt\n|-damage|p2a: Crawdaunt|16\/100\n|\n|-weather|none\n|upkeep\n|turn|17\n|\n|t:|1700188496\n|move|p2a: Crawdaunt|Knock Off|p1a: Cramorant\n|-damage|p1a: Cramorant|0 fnt\n|-enditem|p1a: Cramorant|Heavy-Duty Boots|[from] move: Knock Off|[of] p2a: Crawdaunt\n|faint|p1a: Cramorant\n|-damage|p2a: Crawdaunt|6\/100|[from] item: Life Orb\n|\n|-sideend|p2: CrisWWE|move: Tailwind\n|upkeep\n|\n|t:|1700188504\n|switch|p1a: Basculegion|Basculegion, M|100\/100\n|turn|18\n|\n|t:|1700188534\n|move|p1a: Basculegion|Aqua Jet|p2a: Crawdaunt\n|-resisted|p2a: Crawdaunt\n|-damage|p2a: Crawdaunt|0 fnt\n|faint|p2a: Crawdaunt\n|\n|upkeep\n|\n|t:|1700188539\n|switch|p2a: Torterra|Torterra, F|100\/100\n|turn|19\n|\n|t:|1700188544\n|switch|p1a: Politoed|Politoed, F|100\/100\n|-weather|RainDance|[from] ability: Drizzle|[of] p1a: Politoed\n|move|p2a: Torterra|Trailblaze|p1a: Politoed\n|-supereffective|p1a: Politoed\n|-damage|p1a: Politoed|64\/100\n|-boost|p2a: Torterra|spe|1\n|\n|-weather|RainDance|[upkeep]\n|upkeep\n|turn|20\n|\n|t:|1700188551\n|-terastallize|p2a: Torterra|Steel\n|move|p2a: Torterra|Trailblaze|p1a: Politoed\n|-supereffective|p1a: Politoed\n|-damage|p1a: Politoed|24\/100\n|-boost|p2a: Torterra|spe|1\n|move|p1a: Politoed|Ice Beam|p2a: Torterra\n|-resisted|p2a: Torterra\n|-damage|p2a: Torterra|92\/100\n|\n|-weather|RainDance|[upkeep]\n|upkeep\n|turn|21\n|\n|t:|1700188562\n|switch|p1a: Empoleon|Empoleon, F|92\/100\n|move|p2a: Torterra|Trailblaze|p1a: Empoleon\n|-damage|p1a: Empoleon|66\/100\n|-boost|p2a: Torterra|spe|1\n|\n|-weather|RainDance|[upkeep]\n|-heal|p1a: Empoleon|72\/100|[from] item: Leftovers\n|upkeep\n|turn|22\n|\n|t:|1700188575\n|-terastallize|p1a: Empoleon|Flying\n|move|p2a: Torterra|Earthquake|p1a: Empoleon\n|-immune|p1a: Empoleon\n|move|p1a: Empoleon|Surf|p2a: Torterra\n|-damage|p2a: Torterra|38\/100\n|\n|-weather|RainDance|[upkeep]\n|-heal|p1a: Empoleon|78\/100|[from] item: Leftovers\n|upkeep\n|turn|23\n|\n|t:|1700188582\n|move|p2a: Torterra|Iron Head|p1a: Empoleon\n|-damage|p1a: Empoleon|34\/100\n|cant|p1a: Empoleon|flinch\n|\n|-weather|RainDance|[upkeep]\n|-heal|p1a: Empoleon|40\/100|[from] item: Leftovers\n|upkeep\n|turn|24\n|\n|t:|1700188595\n|move|p2a: Torterra|Iron Head|p1a: Empoleon\n|-damage|p1a: Empoleon|1\/100\n|move|p1a: Empoleon|Surf|p2a: Torterra\n|-damage|p2a: Torterra|0 fnt\n|faint|p2a: Torterra\n|\n|-weather|RainDance|[upkeep]\n|-heal|p1a: Empoleon|7\/100|[from] item: Leftovers\n|upkeep\n|\n|t:|1700188603\n|switch|p2a: Ambipom|Ambipom, F|43\/100\n|turn|25\n|\n|t:|1700188610\n|move|p2a: Ambipom|Knock Off|p1a: Empoleon\n|-damage|p1a: Empoleon|0 fnt\n|-enditem|p1a: Empoleon|Leftovers|[from] move: Knock Off|[of] p2a: Ambipom\n|faint|p1a: Empoleon\n|\n|-weather|RainDance|[upkeep]\n|upkeep\n|\n|t:|1700188620\n|switch|p1a: Ludicolo|Ludicolo, F|91\/100\n|turn|26\n|\n|t:|1700188625\n|move|p1a: Ludicolo|Weather Ball|p2a: Ambipom\n|-damage|p2a: Ambipom|0 fnt\n|faint|p2a: Ambipom\n|-damage|p1a: Ludicolo|81\/100|[from] item: Life Orb\n|\n|-weather|none\n|upkeep\n|\n|t:|1700188630\n|switch|p2a: Milotic|Milotic, M|6\/100 brn\n|turn|27\n|\n|t:|1700188635\n|move|p1a: Ludicolo|Giga Drain|p2a: Milotic\n|-supereffective|p2a: Milotic\n|-damage|p2a: Milotic|0 fnt\n|-heal|p1a: Ludicolo|84\/100|[from] drain|[of] p2a: Milotic\n|faint|p2a: Milotic\n|-damage|p1a: Ludicolo|74\/100|[from] item: Life Orb\n|\n|win|Arnaenaed \u223e\n|l|\u2606CrisWWE\n|c|\u2606Arnaenaed \u223e|gg\n","uploadtime":1700188644,"views":13,"p1id":"arnaenaed","p2id":"criswwe","formatid":"gen9nationaldexubers","rating":0,"private":0,"password":""}