{"id":"gen9nationaldexubers-1979867461","p1":"foofoo1","p2":"A$AP No Rocky","format":"[Gen 9] National Dex Ubers","log":"|j|\u2606foofoo1\n|j|\u2606A$AP No Rocky\n|t:|1698721950\n|gametype|singles\n|player|p1|foofoo1|170|\n|player|p2|A$AP No Rocky|265|\n|teamsize|p1|6\n|teamsize|p2|6\n|gen|9\n|tier|[Gen 9] National Dex Ubers\n|rule|HP Percentage Mod: HP is shown in percentages\n|rule|Endless Battle Clause: Forcing endless battles is banned\n|rule|OHKO Clause: OHKO moves are banned\n|rule|Evasion Moves Clause: Evasion moves are banned\n|rule|Evasion Items Clause: Evasion items are banned\n|rule|Species Clause: Limit one of each Pok\u00e9mon\n|rule|Sleep Clause Mod: Limit one foe put to sleep\n|rule|Mega Rayquaza Clause: You cannot mega evolve Rayquaza\n|clearpoke\n|poke|p1|Blissey, F|\n|poke|p1|Hawlucha, F|\n|poke|p1|Tapu Koko|\n|poke|p1|Dondozo, F|\n|poke|p1|Diancie|\n|poke|p1|Ting-Lu|\n|poke|p2|Conkeldurr, F|\n|poke|p2|Diggersby, F|\n|poke|p2|Thundurus, M|\n|poke|p2|Munkidori, M|\n|poke|p2|Zoroark-Hisui, F|\n|poke|p2|Greninja-*, M|\n|teampreview\n|j| Hotpepper22\n|j| Team Foofoo1\n|\n|t:|1698721975\n|start\n|switch|p1a: Ting-Lu|Ting-Lu|100\/100\n|switch|p2a: Thundurus|Thundurus, M|100\/100\n|-ability|p1a: Ting-Lu|Vessel of Ruin\n|turn|1\n|\n|t:|1698721996\n|switch|p2a: Conkeldurr|Conkeldurr, F|100\/100\n|move|p1a: Ting-Lu|Throat Chop|p2a: Conkeldurr\n|-resisted|p2a: Conkeldurr\n|-damage|p2a: Conkeldurr|87\/100\n|-start|p2a: Conkeldurr|Throat Chop|[silent]\n|\n|upkeep\n|turn|2\n|j| king schmuck\n|\n|t:|1698722008\n|switch|p1a: Dondozo|Dondozo, F|100\/100\n|move|p2a: Conkeldurr|Knock Off|p1a: Dondozo\n|-damage|p1a: Dondozo|77\/100\n|-damage|p2a: Conkeldurr|70\/100|[from] item: Rocky Helmet|[of] p1a: Dondozo\n|-enditem|p1a: Dondozo|Rocky Helmet|[from] move: Knock Off|[of] p2a: Conkeldurr\n|-damage|p2a: Conkeldurr|60\/100|[from] item: Life Orb\n|\n|-end|p2a: Conkeldurr|Throat Chop|[silent]\n|upkeep\n|turn|3\n|\n|t:|1698722021\n|move|p2a: Conkeldurr|Drain Punch|p1a: Dondozo\n|-damage|p1a: Dondozo|50\/100\n|-heal|p2a: Conkeldurr|79\/100|[from] drain|[of] p1a: Dondozo\n|-damage|p2a: Conkeldurr|70\/100|[from] item: Life Orb\n|move|p1a: Dondozo|Liquidation|p2a: Conkeldurr\n|-damage|p2a: Conkeldurr|39\/100\n|\n|upkeep\n|turn|4\n|\n|t:|1698722034\n|move|p2a: Conkeldurr|Drain Punch|p1a: Dondozo\n|-damage|p1a: Dondozo|24\/100\n|-heal|p2a: Conkeldurr|57\/100|[from] drain|[of] p1a: Dondozo\n|-damage|p2a: Conkeldurr|48\/100|[from] item: Life Orb\n|move|p1a: Dondozo|Liquidation|p2a: Conkeldurr\n|-damage|p2a: Conkeldurr|19\/100\n|\n|upkeep\n|turn|5\n|\n|t:|1698722047\n|move|p2a: Conkeldurr|Earthquake|p1a: Dondozo\n|-damage|p1a: Dondozo|1\/100\n|-damage|p2a: Conkeldurr|9\/100|[from] item: Life Orb\n|move|p1a: Dondozo|Earthquake|p2a: Conkeldurr\n|-damage|p2a: Conkeldurr|0 fnt\n|faint|p2a: Conkeldurr\n|\n|upkeep\n|\n|t:|1698722059\n|switch|p2a: Diggersby|Diggersby, F|100\/100\n|turn|6\n|j| CryAndComplain23\n|\n|t:|1698722068\n|move|p2a: Diggersby|Quick Attack|p1a: Dondozo\n|-damage|p1a: Dondozo|0 fnt\n|faint|p1a: Dondozo\n|\n|upkeep\n|\n|t:|1698722079\n|switch|p1a: Ting-Lu|Ting-Lu|100\/100\n|-ability|p1a: Ting-Lu|Vessel of Ruin\n|turn|7\n|\n|t:|1698722091\n|switch|p2a: Thundurus|Thundurus, M|100\/100\n|move|p1a: Ting-Lu|Earthquake|p2a: Thundurus\n|-immune|p2a: Thundurus\n|\n|upkeep\n|turn|8\n|\n|t:|1698722105\n|switch|p2a: Diggersby|Diggersby, F|100\/100\n|switch|p1a: Blissey|Blissey, F|100\/100\n|\n|upkeep\n|turn|9\n|l| Hotpepper22\n|\n|t:|1698722117\n|switch|p1a: Ting-Lu|Ting-Lu|100\/100\n|-ability|p1a: Ting-Lu|Vessel of Ruin\n|move|p2a: Diggersby|Frustration|p1a: Ting-Lu\n|-damage|p1a: Ting-Lu|57\/100\n|\n|upkeep\n|turn|10\n|j| Hotpepper22\n|\n|t:|1698722125\n|move|p2a: Diggersby|Frustration|p1a: Ting-Lu\n|-damage|p1a: Ting-Lu|13\/100\n|move|p1a: Ting-Lu|Ruination|p2a: Diggersby\n|-damage|p2a: Diggersby|51\/100\n|\n|upkeep\n|turn|11\n|\n|t:|1698722138\n|move|p2a: Diggersby|Frustration|p1a: Ting-Lu\n|-damage|p1a: Ting-Lu|0 fnt\n|faint|p1a: Ting-Lu\n|\n|upkeep\n|\n|t:|1698722155\n|switch|p1a: Diancie|Diancie|100\/100\n|turn|12\n|\n|t:|1698722164\n|detailschange|p1a: Diancie|Diancie-Mega\n|-mega|p1a: Diancie|Diancie|Diancite\n|move|p1a: Diancie|Moonblast|p2a: Diggersby\n|-damage|p2a: Diggersby|0 fnt\n|faint|p2a: Diggersby\n|\n|upkeep\n|\n|t:|1698722169\n|switch|p2a: Thundurus|Thundurus, M|100\/100\n|turn|13\n|\n|t:|1698722177\n|move|p2a: Thundurus|Flash Cannon|p1a: Diancie\n|-supereffective|p1a: Diancie\n|-damage|p1a: Diancie|0 fnt\n|faint|p1a: Diancie\n|-damage|p2a: Thundurus|91\/100|[from] item: Life Orb\n|\n|upkeep\n|\n|t:|1698722200\n|switch|p1a: Tapu Koko|Tapu Koko|100\/100\n|-fieldstart|move: Electric Terrain|[from] ability: Electric Surge|[of] p1a: Tapu Koko\n|turn|14\n|\n|t:|1698722206\n|move|p1a: Tapu Koko|Thunderbolt|p2a: Thundurus\n|-damage|p2a: Thundurus|0 fnt\n|faint|p2a: Thundurus\n|\n|upkeep\n|\n|t:|1698722229\n|switch|p2a: Munkidori|Munkidori, M|100\/100\n|turn|15\n|\n|t:|1698722243\n|switch|p1a: Blissey|Blissey, F|100\/100\n|move|p2a: Munkidori|Hyper Voice|p1a: Blissey\n|-damage|p1a: Blissey|84\/100\n|\n|-heal|p1a: Blissey|90\/100|[from] item: Leftovers\n|upkeep\n|turn|16\n|\n|t:|1698722250\n|switch|p2a: Munkidori|Munkidori, M|100\/100\n|move|p1a: Blissey|Seismic Toss|p2a: Munkidori\n|-damage|p2a: Munkidori|69\/100\n|\n|-heal|p1a: Blissey|97\/100|[from] item: Leftovers\n|upkeep\n|turn|17\n|\n|t:|1698722262\n|move|p2a: Munkidori|Trick|p1a: Blissey\n|-activate|p2a: Munkidori|move: Trick|[of] p1a: Blissey\n|-item|p1a: Blissey|Choice Specs|[from] move: Trick\n|-item|p2a: Munkidori|Leftovers|[from] move: Trick\n|move|p1a: Blissey|Seismic Toss|p2a: Munkidori\n|-damage|p2a: Munkidori|37\/100\n|\n|-heal|p2a: Munkidori|43\/100|[from] item: Leftovers\n|upkeep\n|turn|18\n|\n|t:|1698722274\n|switch|p2a: Munkidori|Munkidori, M|100\/100\n|switch|p1a: Hawlucha|Hawlucha, F|100\/100\n|-enditem|p1a: Hawlucha|Electric Seed\n|-boost|p1a: Hawlucha|def|1|[from] item: Electric Seed\n|\n|-fieldend|move: Electric Terrain\n|upkeep\n|turn|19\n|\n|t:|1698722305\n|switch|p1a: Blissey|Blissey, F|97\/100\n|move|p2a: Munkidori|Psychic|p1a: Blissey\n|-damage|p1a: Blissey|87\/100\n|\n|upkeep\n|turn|20\n|\n|t:|1698722326\n|switch|p2a: Munkidori|Munkidori, M|43\/100\n|move|p1a: Blissey|Seismic Toss|p2a: Munkidori\n|-damage|p2a: Munkidori|12\/100\n|\n|-heal|p2a: Munkidori|18\/100|[from] item: Leftovers\n|upkeep\n|turn|21\n|\n|t:|1698722338\n|switch|p2a: Munkidori|Munkidori, M|100\/100\n|move|p1a: Blissey|Seismic Toss|p2a: Munkidori\n|-immune|p2a: Munkidori\n|\n|upkeep\n|turn|22\n|\n|t:|1698722350\n|move|p2a: Munkidori|Hyper Voice|p1a: Blissey\n|-damage|p1a: Blissey|71\/100\n|move|p1a: Blissey|Seismic Toss|p2a: Munkidori\n|-immune|p2a: Munkidori\n|\n|upkeep\n|turn|23\n|\n|t:|1698722361\n|switch|p1a: Tapu Koko|Tapu Koko|100\/100\n|-fieldstart|move: Electric Terrain|[from] ability: Electric Surge|[of] p1a: Tapu Koko\n|move|p2a: Munkidori|Hyper Voice|p1a: Tapu Koko\n|-damage|p1a: Tapu Koko|30\/100\n|\n|upkeep\n|turn|24\n|l| CryAndComplain23\n|\n|t:|1698722370\n|move|p2a: Munkidori|Hyper Voice|p1a: Tapu Koko\n|-damage|p1a: Tapu Koko|0 fnt\n|faint|p1a: Tapu Koko\n|\n|upkeep\n|j| CryAndComplain23\n|\n|t:|1698722412\n|switch|p1a: Hawlucha|Hawlucha, F|100\/100\n|turn|25\n|\n|t:|1698722421\n|switch|p2a: Munkidori|Munkidori, M|18\/100\n|move|p1a: Hawlucha|Swords Dance|p1a: Hawlucha\n|-boost|p1a: Hawlucha|atk|2\n|\n|-heal|p2a: Munkidori|24\/100|[from] item: Leftovers\n|upkeep\n|turn|26\n|\n|t:|1698722438\n|move|p2a: Munkidori|Psychic|p1a: Hawlucha\n|-supereffective|p1a: Hawlucha\n|-damage|p1a: Hawlucha|0 fnt\n|faint|p1a: Hawlucha\n|\n|-heal|p2a: Munkidori|30\/100|[from] item: Leftovers\n|upkeep\n|\n|t:|1698722444\n|switch|p1a: Blissey|Blissey, F|71\/100\n|turn|27\n|\n|t:|1698722448\n|move|p2a: Munkidori|Sludge Wave|p1a: Blissey\n|-damage|p1a: Blissey|56\/100\n|move|p1a: Blissey|Seismic Toss|p2a: Munkidori\n|-damage|p2a: Munkidori|0 fnt\n|faint|p2a: Munkidori\n|\n|-fieldend|move: Electric Terrain\n|upkeep\n|\n|t:|1698722456\n|switch|p2a: Greninja|Greninja, M|100\/100\n|turn|28\n|\n|t:|1698722460\n|move|p2a: Greninja|Hyper Voice|p1a: Blissey\n|-damage|p1a: Blissey|39\/100\n|move|p1a: Blissey|Seismic Toss|p2a: Greninja\n|-immune|p2a: Greninja\n|\n|upkeep\n|turn|29\n|\n|t:|1698722466\n|move|p2a: Greninja|Hyper Voice|p1a: Blissey\n|-damage|p1a: Blissey|23\/100\n|move|p1a: Blissey|Seismic Toss|p2a: Greninja\n|-immune|p2a: Greninja\n|\n|upkeep\n|turn|30\n|l| CryAndComplain23\n|\n|t:|1698722472\n|move|p2a: Greninja|Hyper Voice|p1a: Blissey\n|-damage|p1a: Blissey|7\/100\n|move|p1a: Blissey|Seismic Toss|p2a: Greninja\n|-immune|p2a: Greninja\n|\n|upkeep\n|turn|31\n|\n|t:|1698722477\n|move|p2a: Greninja|Hyper Voice|p1a: Blissey\n|-crit|p1a: Blissey\n|-damage|p1a: Blissey|0 fnt\n|faint|p1a: Blissey\n|\n|win|A$AP No Rocky\n|l|\u2606A$AP No Rocky\n|j| CryAndComplain23\n","uploadtime":1698722497,"views":19,"p1id":"foofoo1","p2id":"aapnorocky","formatid":"gen9nationaldexubers","rating":0,"private":0,"password":""}