{"id":"gen9nationaldexubers-1998412262","p1":"chengza","p2":"the better pita","format":"[Gen 9] National Dex Ubers","log":"|j|\u2606chengza\n|j|\u2606the better pita\n|t:|1700939430\n|gametype|singles\n|player|p1|chengza|cynthia-gen4|1252\n|player|p2|the better pita|cynthia-gen4|1258\n|teamsize|p1|6\n|teamsize|p2|6\n|gen|9\n|tier|[Gen 9] National Dex Ubers\n|rated|\n|rule|HP Percentage Mod: HP is shown in percentages\n|rule|Endless Battle Clause: Forcing endless battles is banned\n|rule|OHKO Clause: OHKO moves are banned\n|rule|Evasion Moves Clause: Evasion moves are banned\n|rule|Evasion Items Clause: Evasion items are banned\n|rule|Species Clause: Limit one of each Pok\u00e9mon\n|rule|Sleep Clause Mod: Limit one foe put to sleep\n|rule|Mega Rayquaza Clause: You cannot mega evolve Rayquaza\n|clearpoke\n|poke|p1|Dragonite, F|\n|poke|p1|Greninja-*, M|\n|poke|p1|Blaziken, F|\n|poke|p1|Tapu Lele|\n|poke|p1|Ninetales-Alola, F|\n|poke|p1|Celesteela|\n|poke|p2|Charizard, F|\n|poke|p2|Flutter Mane|\n|poke|p2|Dondozo, M|\n|poke|p2|Garganacl, F|\n|poke|p2|Chi-Yu|\n|poke|p2|Zacian-*|\n|teampreview\n|\n|t:|1700939452\n|start\n|switch|p1a: Tapu Lele|Tapu Lele, shiny|100\/100\n|switch|p2a: Chi-Yu|Chi-Yu|100\/100\n|-fieldstart|move: Psychic Terrain|[from] ability: Psychic Surge|[of] p1a: Tapu Lele\n|-ability|p2a: Chi-Yu|Beads of Ruin\n|turn|1\n|\n|t:|1700939464\n|move|p1a: Tapu Lele|Focus Blast|p2a: Chi-Yu\n|-supereffective|p2a: Chi-Yu\n|-damage|p2a: Chi-Yu|10\/100\n|move|p2a: Chi-Yu|Dark Pulse|p1a: Tapu Lele\n|-damage|p1a: Tapu Lele|17\/100\n|-damage|p2a: Chi-Yu|0 fnt|[from] item: Life Orb\n|faint|p2a: Chi-Yu\n|\n|upkeep\n|\n|t:|1700939475\n|switch|p2a: Dondozo|Dondozo, M, shiny|100\/100\n|turn|2\n|\n|t:|1700939479\n|switch|p1a: Greninja|Greninja, M, shiny|100\/100\n|move|p2a: Dondozo|Curse|p2a: Dondozo\n|-unboost|p2a: Dondozo|spe|1\n|-boost|p2a: Dondozo|atk|1\n|-boost|p2a: Dondozo|def|1\n|\n|upkeep\n|turn|3\n|\n|t:|1700939489\n|-zpower|p1a: Greninja\n|move|p1a: Greninja|Bloom Doom|p2a: Dondozo|[zeffect]\n|-start|p1a: Greninja|typechange|Grass|[from] ability: Protean\n|-supereffective|p2a: Dondozo\n|-damage|p2a: Dondozo|0 fnt\n|faint|p2a: Dondozo\n|\n|upkeep\n|\n|t:|1700939501\n|switch|p2a: Charizard|Charizard, F|100\/100\n|turn|4\n|\n|t:|1700939515\n|switch|p1a: Dragonite|Dragonite, F, shiny|100\/100\n|detailschange|p2a: Charizard|Charizard-Mega-Y, F\n|-mega|p2a: Charizard|Charizard|Charizardite Y\n|-weather|SunnyDay|[from] ability: Drought|[of] p2a: Charizard\n|move|p2a: Charizard|Fire Blast|p1a: Dragonite\n|-resisted|p1a: Dragonite\n|-damage|p1a: Dragonite|76\/100\n|\n|-weather|SunnyDay|[upkeep]\n|upkeep\n|turn|5\n|\n|t:|1700939536\n|switch|p2a: Zacian|Zacian-Crowned|100\/100\n|-ability|p2a: Zacian|Intrepid Sword|boost\n|-boost|p2a: Zacian|atk|1\n|move|p1a: Dragonite|Dragon Dance|p1a: Dragonite\n|-boost|p1a: Dragonite|atk|1\n|-boost|p1a: Dragonite|spe|1\n|\n|-weather|SunnyDay|[upkeep]\n|-fieldend|move: Psychic Terrain\n|upkeep\n|turn|6\n|\n|t:|1700939552\n|-terastallize|p1a: Dragonite|Fire\n|move|p2a: Zacian|Play Rough|p1a: Dragonite\n|-resisted|p1a: Dragonite\n|-damage|p1a: Dragonite|32\/100\n|move|p1a: Dragonite|Fire Punch|p2a: Zacian\n|-supereffective|p2a: Zacian\n|-damage|p2a: Zacian|0 fnt\n|faint|p2a: Zacian\n|\n|-weather|SunnyDay|[upkeep]\n|upkeep\n|-message|the better pita forfeited.\n|\n|win|chengza\n|raw|chengza's rating: 1252 &rarr; <strong>1277<\/strong><br \/>(+25 for winning)\n|raw|the better pita's rating: 1258 &rarr; <strong>1233<\/strong><br \/>(-25 for losing)\n","uploadtime":1700939566,"views":8,"p1id":"chengza","p2id":"thebetterpita","formatid":"gen9nationaldexubers","rating":1233,"private":0,"password":""}