{"id":"gen9nationaldexubers-1989770858","p1":"Viviexists","p2":"Destinum","format":"[Gen 9] National Dex Ubers","log":"|j|\u2606Viviexists\n|j|\u2606Destinum\n|t:|1699894310\n|gametype|singles\n|player|p1|Viviexists|mela|\n|player|p2|Destinum|colress|\n|teamsize|p1|6\n|teamsize|p2|6\n|gen|9\n|tier|[Gen 9] National Dex Ubers\n|rule|HP Percentage Mod: HP is shown in percentages\n|rule|Endless Battle Clause: Forcing endless battles is banned\n|rule|OHKO Clause: OHKO moves are banned\n|rule|Evasion Moves Clause: Evasion moves are banned\n|rule|Evasion Items Clause: Evasion items are banned\n|rule|Species Clause: Limit one of each Pok\u00e9mon\n|rule|Sleep Clause Mod: Limit one foe put to sleep\n|rule|Mega Rayquaza Clause: You cannot mega evolve Rayquaza\n|clearpoke\n|poke|p1|Torterra, F|\n|poke|p1|Urshifu-*, M|\n|poke|p1|Ninetales-Alola, F|\n|poke|p1|Arctozolt|\n|poke|p1|Volcarona, F|\n|poke|p1|Aerodactyl, F|\n|poke|p2|Ninetales-Alola, F|\n|poke|p2|Darmanitan-Galar, M|\n|poke|p2|Cetitan, M|\n|poke|p2|Piloswine, M|\n|poke|p2|Articuno|\n|poke|p2|Kyurem|\n|teampreview\n|j| Astro Rifk\n|c|\u2606Viviexists|Ice torterra is my tera btw\n|j| ArcticIzagi\n|c|\u2606Destinum|I see you too are a connoisseur of the Slush Rush.\n|\n|t:|1699894349\n|start\n|switch|p1a: Ninetales|Ninetales-Alola, F|100\/100\n|switch|p2a: I Choose Violence|Darmanitan-Galar, M|100\/100\n|-weather|Snow|[from] ability: Snow Warning|[of] p1a: Ninetales\n|turn|1\n|\n|t:|1699894355\n|move|p2a: I Choose Violence|Flare Blitz|p1a: Ninetales\n|-supereffective|p1a: Ninetales\n|-damage|p1a: Ninetales|0 fnt\n|faint|p1a: Ninetales\n|-damage|p2a: I Choose Violence|73\/100|[from] Recoil\n|\n|-weather|Snow|[upkeep]\n|upkeep\n|\n|t:|1699894361\n|switch|p1a: Aerodactyl|Aerodactyl, F|100\/100\n|turn|2\n|j| Jamwo j\n|\n|t:|1699894370\n|switch|p2a: Chris P. Bacon|Piloswine, M|100\/100\n|detailschange|p1a: Aerodactyl|Aerodactyl-Mega, F\n|-mega|p1a: Aerodactyl|Aerodactyl|Aerodactylite\n|move|p1a: Aerodactyl|Dragon Dance|p1a: Aerodactyl\n|-boost|p1a: Aerodactyl|atk|1\n|-boost|p1a: Aerodactyl|spe|1\n|\n|-weather|Snow|[upkeep]\n|upkeep\n|turn|3\n|\n|t:|1699894381\n|move|p1a: Aerodactyl|Stone Edge|p2a: Chris P. Bacon\n|-damage|p2a: Chris P. Bacon|61\/100\n|move|p2a: Chris P. Bacon|Rock Slide|p1a: Aerodactyl|[miss]\n|-miss|p2a: Chris P. Bacon|p1a: Aerodactyl\n|\n|-weather|Snow|[upkeep]\n|upkeep\n|turn|4\n|\n|t:|1699894394\n|switch|p1a: Urshifu|Urshifu-Rapid-Strike, M|100\/100\n|-terastallize|p2a: Chris P. Bacon|Ground\n|move|p2a: Chris P. Bacon|Rock Slide|p1a: Urshifu|[miss]\n|-miss|p2a: Chris P. Bacon|p1a: Urshifu\n|\n|-weather|Snow|[upkeep]\n|upkeep\n|turn|5\n|\n|t:|1699894404\n|switch|p2a: The Godfeather|Articuno|100\/100\n|-ability|p2a: The Godfeather|Pressure\n|move|p1a: Urshifu|Swords Dance|p1a: Urshifu\n|-boost|p1a: Urshifu|atk|2\n|\n|-weather|none\n|upkeep\n|turn|6\n|\n|t:|1699894411\n|move|p1a: Urshifu|Surging Strikes|p2a: The Godfeather\n|-crit|p2a: The Godfeather\n|-damage|p2a: The Godfeather|72\/100\n|-crit|p2a: The Godfeather\n|-damage|p2a: The Godfeather|41\/100\n|-crit|p2a: The Godfeather\n|-damage|p2a: The Godfeather|10\/100\n|-hitcount|p2a: The Godfeather|3\n|move|p2a: The Godfeather|Freeze-Dry|p1a: Urshifu\n|-supereffective|p1a: Urshifu\n|-damage|p1a: Urshifu|37\/100\n|\n|upkeep\n|turn|7\n|\n|t:|1699894422\n|move|p1a: Urshifu|Trailblaze|p2a: The Godfeather\n|-resisted|p2a: The Godfeather\n|-crit|p2a: The Godfeather\n|-damage|p2a: The Godfeather|0 fnt\n|-boost|p1a: Urshifu|spe|1\n|faint|p2a: The Godfeather\n|\n|upkeep\n|l| Astro Rifk\n|\n|t:|1699894446\n|switch|p2a: Let It Go|Ninetales-Alola, F|100\/100\n|-weather|Snow|[from] ability: Snow Warning|[of] p2a: Let It Go\n|turn|8\n|\n|t:|1699894461\n|switch|p2a: Chris P. Bacon|Piloswine, M, tera:Ground|61\/100\n|move|p1a: Urshifu|Drain Punch|p2a: Chris P. Bacon\n|-damage|p2a: Chris P. Bacon|0 fnt\n|-heal|p1a: Urshifu|72\/100|[from] drain|[of] p2a: Chris P. Bacon\n|faint|p2a: Chris P. Bacon\n|\n|-weather|Snow|[upkeep]\n|upkeep\n|c|\u2606Destinum|Well shit.\n|l| Jamwo j\n|\n|t:|1699894486\n|switch|p2a: Moby Thicc|Cetitan, M|100\/100\n|turn|9\n|\n|t:|1699894490\n|move|p2a: Moby Thicc|Earthquake|p1a: Urshifu\n|-damage|p1a: Urshifu|42\/100\n|move|p1a: Urshifu|Drain Punch|p2a: Moby Thicc\n|-supereffective|p2a: Moby Thicc\n|-damage|p2a: Moby Thicc|0 fnt\n|-heal|p1a: Urshifu|100\/100|[from] drain|[of] p2a: Moby Thicc\n|faint|p2a: Moby Thicc\n|\n|-weather|Snow|[upkeep]\n|upkeep\n|j| Astro Rifk\n|\n|t:|1699894514\n|switch|p2a: Let It Go|Ninetales-Alola, F|100\/100\n|turn|10\n|\n|t:|1699894517\n|move|p1a: Urshifu|Surging Strikes|p2a: Let It Go\n|-crit|p2a: Let It Go\n|-damage|p2a: Let It Go|58\/100\n|-crit|p2a: Let It Go\n|-damage|p2a: Let It Go|15\/100\n|-crit|p2a: Let It Go\n|-damage|p2a: Let It Go|0 fnt\n|faint|p2a: Let It Go\n|-hitcount|p2: Let It Go|3\n|\n|-weather|Snow|[upkeep]\n|upkeep\n|\n|t:|1699894520\n|switch|p2a: I Choose Violence|Darmanitan-Galar, M|73\/100\n|turn|11\n|\n|t:|1699894528\n|move|p1a: Urshifu|Drain Punch|p2a: I Choose Violence\n|-supereffective|p2a: I Choose Violence\n|-damage|p2a: I Choose Violence|0 fnt\n|faint|p2a: I Choose Violence\n|\n|-weather|Snow|[upkeep]\n|upkeep\n|\n|t:|1699894531\n|switch|p2a: A Madafaking T-Rex|Kyurem|100\/100\n|-ability|p2a: A Madafaking T-Rex|Pressure\n|turn|12\n|\n|t:|1699894535\n|move|p1a: Urshifu|Drain Punch|p2a: A Madafaking T-Rex\n|-supereffective|p2a: A Madafaking T-Rex\n|-damage|p2a: A Madafaking T-Rex|0 fnt\n|faint|p2a: A Madafaking T-Rex\n|\n|win|Viviexists\n|c|\u2606Viviexists|Gg\n|c|\u2606Destinum|gg\n","uploadtime":1699894539,"views":16,"p1id":"viviexists","p2id":"destinum","formatid":"gen9nationaldexubers","rating":0,"private":0,"password":""}