{"id":"gen9nationaldexubers-1991473715","p1":"melodyrider","p2":"Kdisue","format":"[Gen 9] National Dex Ubers","log":"|j|\u2606melodyrider\n|j|\u2606Kdisue\n|t:|1700080218\n|gametype|singles\n|player|p1|melodyrider|pokemonrangerf|1293\n|player|p2|Kdisue|101|1195\n|teamsize|p1|6\n|teamsize|p2|6\n|gen|9\n|tier|[Gen 9] National Dex Ubers\n|rated|\n|rule|HP Percentage Mod: HP is shown in percentages\n|rule|Endless Battle Clause: Forcing endless battles is banned\n|rule|OHKO Clause: OHKO moves are banned\n|rule|Evasion Moves Clause: Evasion moves are banned\n|rule|Evasion Items Clause: Evasion items are banned\n|rule|Species Clause: Limit one of each Pok\u00e9mon\n|rule|Sleep Clause Mod: Limit one foe put to sleep\n|rule|Mega Rayquaza Clause: You cannot mega evolve Rayquaza\n|clearpoke\n|poke|p1|Genesect-Burn|\n|poke|p1|Malamar, M|\n|poke|p1|Gyarados, F|\n|poke|p1|Eelektross, F|\n|poke|p1|Tentacruel, M|\n|poke|p1|Giratina-Origin|\n|poke|p2|Arceus-Bug|\n|poke|p2|Genesect|\n|poke|p2|Beedrill, F|\n|poke|p2|Kleavor, M|\n|poke|p2|Volcarona, M|\n|poke|p2|Ursaluna-Bloodmoon, M|\n|teampreview\n|inactive|Battle timer is ON: inactive players will automatically lose when time's up. (requested by melodyrider)\n|\n|t:|1700080229\n|start\n|switch|p1a: Eelektross|Eelektross, F|100\/100\n|switch|p2a: Truck ; ;|Kleavor, M|100\/100\n|turn|1\n|\n|t:|1700080239\n|move|p2a: Truck ; ;|Stone Axe|p1a: Eelektross\n|-damage|p1a: Eelektross|46\/100\n|-sidestart|p1: melodyrider|move: Stealth Rock\n|move|p1a: Eelektross|Discharge|p2a: Truck ; ;\n|-damage|p2a: Truck ; ;|35\/100\n|\n|upkeep\n|turn|2\n|\n|t:|1700080250\n|switch|p1a: Giratina|Giratina-Origin, shiny|100\/100\n|-damage|p1a: Giratina|88\/100|[from] Stealth Rock\n|move|p2a: Truck ; ;|Stone Axe|p1a: Giratina\n|-damage|p1a: Giratina|50\/100\n|\n|upkeep\n|turn|3\n|\n|t:|1700080259\n|move|p2a: Truck ; ;|Stone Axe|p1a: Giratina\n|-damage|p1a: Giratina|15\/100\n|move|p1a: Giratina|Shadow Ball|p2a: Truck ; ;\n|-damage|p2a: Truck ; ;|0 fnt\n|faint|p2a: Truck ; ;\n|\n|upkeep\n|\n|t:|1700080272\n|switch|p2a: Truck :.:|Beedrill, F, shiny|100\/100\n|turn|4\n|\n|t:|1700080277\n|detailschange|p2a: Truck :.:|Beedrill-Mega, F, shiny\n|-mega|p2a: Truck :.:|Beedrill|Beedrillite\n|move|p2a: Truck :.:|Fell Stinger|p1a: Giratina\n|-resisted|p1a: Giratina\n|-damage|p1a: Giratina|0 fnt\n|faint|p1a: Giratina\n|-boost|p2a: Truck :.:|atk|3\n|\n|upkeep\n|\n|t:|1700080279\n|switch|p1a: Genesect|Genesect-Burn, shiny|100\/100\n|-damage|p1a: Genesect|88\/100|[from] Stealth Rock\n|-ability|p1a: Genesect|Download|boost\n|-boost|p1a: Genesect|atk|1\n|turn|5\n|\n|t:|1700080290\n|move|p2a: Truck :.:|Knock Off|p1a: Genesect\n|-damage|p1a: Genesect|18\/100\n|move|p1a: Genesect|Techno Blast|p2a: Truck :.:\n|-supereffective|p2a: Truck :.:\n|-damage|p2a: Truck :.:|3\/100\n|\n|upkeep\n|turn|6\n|\n|t:|1700080303\n|switch|p2a: Articulated Lorry|Volcarona, M|100\/100\n|move|p1a: Genesect|Extreme Speed|p2a: Articulated Lorry\n|-damage|p2a: Articulated Lorry|59\/100\n|-status|p1a: Genesect|brn|[from] ability: Flame Body|[of] p2a: Articulated Lorry\n|\n|-damage|p1a: Genesect|12\/100 brn|[from] brn\n|upkeep\n|turn|7\n|\n|t:|1700080316\n|move|p2a: Articulated Lorry|Quiver Dance|p2a: Articulated Lorry\n|-boost|p2a: Articulated Lorry|spa|1\n|-boost|p2a: Articulated Lorry|spd|1\n|-boost|p2a: Articulated Lorry|spe|1\n|move|p1a: Genesect|Techno Blast|p2a: Articulated Lorry\n|-damage|p2a: Articulated Lorry|36\/100\n|\n|-damage|p1a: Genesect|6\/100 brn|[from] brn\n|upkeep\n|turn|8\n|\n|t:|1700080325\n|move|p1a: Genesect|Extreme Speed|p2a: Articulated Lorry\n|-damage|p2a: Articulated Lorry|16\/100\n|move|p2a: Articulated Lorry|Roost|p2a: Articulated Lorry\n|-heal|p2a: Articulated Lorry|66\/100\n|-singleturn|p2a: Articulated Lorry|move: Roost\n|\n|-damage|p1a: Genesect|0 fnt|[from] brn\n|faint|p1a: Genesect\n|upkeep\n|\n|t:|1700080330\n|switch|p1a: Tentacruel|Tentacruel, M|100\/100\n|-damage|p1a: Tentacruel|88\/100|[from] Stealth Rock\n|turn|9\n|\n|t:|1700080340\n|move|p2a: Articulated Lorry|Fiery Dance|p1a: Tentacruel\n|-resisted|p1a: Tentacruel\n|-damage|p1a: Tentacruel|61\/100\n|-boost|p2a: Articulated Lorry|spa|1\n|move|p1a: Tentacruel|Rapid Spin|p2a: Articulated Lorry\n|-crit|p2a: Articulated Lorry\n|-damage|p2a: Articulated Lorry|52\/100\n|-boost|p1a: Tentacruel|spe|1\n|-status|p1a: Tentacruel|brn|[from] ability: Flame Body|[of] p2a: Articulated Lorry\n|-sideend|p1: melodyrider|Stealth Rock|[from] move: Rapid Spin|[of] p1a: Tentacruel\n|\n|-damage|p1a: Tentacruel|55\/100 brn|[from] brn\n|upkeep\n|turn|10\n|\n|t:|1700080356\n|-terastallize|p2a: Articulated Lorry|Bug\n|move|p1a: Tentacruel|Haze|p1a: Tentacruel\n|-clearallboost\n|move|p2a: Articulated Lorry|Bug Buzz|p1a: Tentacruel\n|-resisted|p1a: Tentacruel\n|-damage|p1a: Tentacruel|30\/100 brn\n|\n|-damage|p1a: Tentacruel|24\/100 brn|[from] brn\n|upkeep\n|turn|11\n|\n|t:|1700080368\n|move|p1a: Tentacruel|Ice Beam|p2a: Articulated Lorry\n|-damage|p2a: Articulated Lorry|35\/100\n|move|p2a: Articulated Lorry|Quiver Dance|p2a: Articulated Lorry\n|-boost|p2a: Articulated Lorry|spa|1\n|-boost|p2a: Articulated Lorry|spd|1\n|-boost|p2a: Articulated Lorry|spe|1\n|\n|-damage|p1a: Tentacruel|18\/100 brn|[from] brn\n|upkeep\n|turn|12\n|\n|t:|1700080378\n|move|p2a: Articulated Lorry|Fiery Dance|p1a: Tentacruel\n|-resisted|p1a: Tentacruel\n|-damage|p1a: Tentacruel|0 fnt\n|faint|p1a: Tentacruel\n|\n|upkeep\n|\n|t:|1700080380\n|switch|p1a: Gyarados|Gyarados, F, shiny|100\/100\n|-ability|p1a: Gyarados|Intimidate|boost\n|-unboost|p2a: Articulated Lorry|atk|1\n|turn|13\n|\n|t:|1700080388\n|move|p2a: Articulated Lorry|Bug Buzz|p1a: Gyarados\n|-resisted|p1a: Gyarados\n|-damage|p1a: Gyarados|60\/100\n|-unboost|p1a: Gyarados|spd|1\n|move|p1a: Gyarados|Waterfall|p2a: Articulated Lorry\n|-damage|p2a: Articulated Lorry|0 fnt\n|-status|p1a: Gyarados|brn|[from] ability: Flame Body|[of] p2a: Articulated Lorry\n|faint|p2a: Articulated Lorry\n|\n|-damage|p1a: Gyarados|54\/100 brn|[from] brn\n|upkeep\n|\n|t:|1700080408\n|switch|p2a: Truck :.:|Beedrill-Mega, F, shiny|3\/100\n|turn|14\n|\n|t:|1700080415\n|move|p2a: Truck :.:|Poison Jab|p1a: Gyarados\n|-damage|p1a: Gyarados|0 fnt\n|faint|p1a: Gyarados\n|\n|upkeep\n|\n|t:|1700080418\n|switch|p1a: Eelektross|Eelektross, F|46\/100\n|turn|15\n|\n|t:|1700080423\n|move|p2a: Truck :.:|Poison Jab|p1a: Eelektross\n|-damage|p1a: Eelektross|0 fnt\n|faint|p1a: Eelektross\n|\n|upkeep\n|\n|t:|1700080424\n|switch|p1a: Malamar|Malamar, M|100\/100\n|turn|16\n|\n|t:|1700080431\n|move|p2a: Truck :.:|Fell Stinger|p1a: Malamar\n|-supereffective|p1a: Malamar\n|-damage|p1a: Malamar|0 fnt\n|faint|p1a: Malamar\n|\n|win|Kdisue\n|raw|melodyrider's rating: 1293 &rarr; <strong>1261<\/strong><br \/>(-32 for losing)\n|raw|Kdisue's rating: 1195 &rarr; <strong>1227<\/strong><br \/>(+32 for winning)\n|l|\u2606melodyrider\n","uploadtime":1700080457,"views":8,"p1id":"melodyrider","p2id":"kdisue","formatid":"gen9nationaldexubers","rating":1227,"private":0,"password":""}