{"id":"gen9nationaldexubers-1988999051","p1":"Elin Baecil","p2":"AerosmithJR","format":"[Gen 9] National Dex Ubers","log":"|j|\u2606Elin Baecil\n|j|\u2606AerosmithJR\n|t:|1699800370\n|gametype|singles\n|player|p1|Elin Baecil|leon-masters|\n|player|p2|AerosmithJR|roxie|\n|teamsize|p1|6\n|teamsize|p2|6\n|gen|9\n|tier|[Gen 9] National Dex Ubers\n|rule|HP Percentage Mod: HP is shown in percentages\n|rule|Endless Battle Clause: Forcing endless battles is banned\n|rule|OHKO Clause: OHKO moves are banned\n|rule|Evasion Moves Clause: Evasion moves are banned\n|rule|Evasion Items Clause: Evasion items are banned\n|rule|Species Clause: Limit one of each Pok\u00e9mon\n|rule|Sleep Clause Mod: Limit one foe put to sleep\n|rule|Mega Rayquaza Clause: You cannot mega evolve Rayquaza\n|clearpoke\n|poke|p1|Ninetales-Alola, M|\n|poke|p1|Baxcalibur, M|\n|poke|p1|Kingambit, F|\n|poke|p1|Ribombee, M|\n|poke|p1|Gholdengo|\n|poke|p1|Salamence, F|\n|poke|p2|Clodsire, F|\n|poke|p2|Lopunny, F|\n|poke|p2|Alomomola, M|\n|poke|p2|Greninja-*, M|\n|poke|p2|Gliscor, F|\n|poke|p2|Volcarona, F|\n|teampreview\n|c|\u2606AerosmithJR|suerte bro\n|c|\u2606Elin Baecil|igualmente bro\n|\n|t:|1699800403\n|start\n|switch|p1a: Ribombee|Ribombee, M|100\/100\n|switch|p2a: Volcarona|Volcarona, F|100\/100\n|turn|1\n|\n|t:|1699800424\n|move|p1a: Ribombee|Stun Spore|p2a: Volcarona|[miss]\n|-miss|p1a: Ribombee|p2a: Volcarona\n|move|p2a: Volcarona|Quiver Dance|p2a: Volcarona\n|-boost|p2a: Volcarona|spa|1\n|-boost|p2a: Volcarona|spd|1\n|-boost|p2a: Volcarona|spe|1\n|\n|upkeep\n|turn|2\n|\n|t:|1699800440\n|move|p2a: Volcarona|Fiery Dance|p1a: Ribombee\n|-supereffective|p1a: Ribombee\n|-enditem|p1a: Ribombee|Focus Sash\n|-damage|p1a: Ribombee|1\/100\n|-boost|p2a: Volcarona|spa|1\n|move|p1a: Ribombee|Stun Spore|p2a: Volcarona\n|-status|p2a: Volcarona|par\n|\n|upkeep\n|turn|3\n|\n|t:|1699800445\n|move|p1a: Ribombee|Sticky Web|p2a: Volcarona\n|-sidestart|p2: AerosmithJR|move: Sticky Web\n|move|p2a: Volcarona|Fiery Dance|p1a: Ribombee\n|-supereffective|p1a: Ribombee\n|-damage|p1a: Ribombee|0 fnt\n|-boost|p2a: Volcarona|spa|1\n|faint|p1a: Ribombee\n|\n|upkeep\n|\n|t:|1699800448\n|switch|p1a: Salamence|Salamence, F|100\/100\n|-ability|p1a: Salamence|Intimidate|boost\n|-unboost|p2a: Volcarona|atk|1\n|turn|4\n|\n|t:|1699800472\n|detailschange|p1a: Salamence|Salamence-Mega, F\n|-mega|p1a: Salamence|Salamence|Salamencite\n|move|p1a: Salamence|Double-Edge|p2a: Volcarona\n|-supereffective|p2a: Volcarona\n|-damage|p2a: Volcarona|0 fnt\n|faint|p2a: Volcarona\n|-damage|p1a: Salamence|69\/100|[from] Recoil\n|\n|upkeep\n|\n|t:|1699800488\n|switch|p2a: Alomomola|Alomomola, M|100\/100\n|-activate|p2a: Alomomola|move: Sticky Web\n|-unboost|p2a: Alomomola|spe|1\n|turn|5\n|\n|t:|1699800493\n|switch|p1a: Ninetales|Ninetales-Alola, M|100\/100\n|-weather|Snow|[from] ability: Snow Warning|[of] p1a: Ninetales\n|move|p2a: Alomomola|Flip Turn|p1a: Ninetales\n|-damage|p1a: Ninetales|85\/100\n|\n|t:|1699800509\n|switch|p2a: Gliscor|Gliscor, F|100\/100|[from] Flip Turn\n|\n|-weather|Snow|[upkeep]\n|-status|p2a: Gliscor|tox|[from] item: Toxic Orb\n|upkeep\n|turn|6\n|\n|t:|1699800519\n|-terastallize|p2a: Gliscor|Ghost\n|move|p1a: Ninetales|Aurora Veil|p1a: Ninetales\n|-sidestart|p1: Elin Baecil|move: Aurora Veil\n|move|p2a: Gliscor|Defog|p1a: Ninetales\n|-unboost|p1a: Ninetales|evasion|1\n|-sideend|p1: Elin Baecil|move: Aurora Veil\n|-sideend|p2: AerosmithJR|Sticky Web|[from] move: Defog|[of] p2a: Gliscor\n|\n|-weather|Snow|[upkeep]\n|upkeep\n|turn|7\n|\n|t:|1699800526\n|move|p1a: Ninetales|Encore|p2a: Gliscor\n|-start|p2a: Gliscor|Encore\n|move|p2a: Gliscor|Defog|p1a: Ninetales\n|-unboost|p1a: Ninetales|evasion|1\n|\n|-weather|Snow|[upkeep]\n|upkeep\n|turn|8\n|\n|t:|1699800531\n|move|p1a: Ninetales|Moonblast|p2a: Gliscor\n|-damage|p2a: Gliscor|56\/100 tox\n|move|p2a: Gliscor|Defog|p1a: Ninetales\n|-unboost|p1a: Ninetales|evasion|1\n|\n|-weather|Snow|[upkeep]\n|-heal|p2a: Gliscor|69\/100 tox|[from] ability: Poison Heal\n|upkeep\n|turn|9\n|\n|t:|1699800534\n|switch|p2a: Clodsire|Clodsire, F|100\/100\n|move|p1a: Ninetales|Moonblast|p2a: Clodsire\n|-resisted|p2a: Clodsire\n|-damage|p2a: Clodsire|90\/100\n|\n|-weather|none\n|-heal|p2a: Clodsire|96\/100|[from] item: Black Sludge\n|upkeep\n|turn|10\n|\n|t:|1699800544\n|switch|p1a: Gholdengo|Gholdengo|100\/100\n|-item|p1a: Gholdengo|Air Balloon\n|move|p2a: Clodsire|Stealth Rock|p1a: Gholdengo\n|-sidestart|p1: Elin Baecil|move: Stealth Rock\n|\n|-heal|p2a: Clodsire|100\/100|[from] item: Black Sludge\n|upkeep\n|turn|11\n|\n|t:|1699800552\n|switch|p1a: Ninetales|Ninetales-Alola, M|85\/100\n|-damage|p1a: Ninetales|60\/100|[from] Stealth Rock\n|-weather|Snow|[from] ability: Snow Warning|[of] p1a: Ninetales\n|switch|p2a: Greninja|Greninja, M|100\/100\n|\n|-weather|Snow|[upkeep]\n|upkeep\n|turn|12\n|\n|t:|1699800557\n|-zpower|p2a: Greninja\n|move|p2a: Greninja|Hydro Vortex|p1a: Ninetales|[zeffect]\n|-damage|p1a: Ninetales|0 fnt\n|faint|p1a: Ninetales\n|-ability|p2a: Greninja|Battle Bond|boost\n|-boost|p2a: Greninja|atk|1\n|-boost|p2a: Greninja|spa|1\n|-boost|p2a: Greninja|spe|1\n|-activate|p2a: Greninja|ability: Battle Bond\n|\n|-weather|Snow|[upkeep]\n|upkeep\n|\n|t:|1699800562\n|switch|p1a: Kingambit|Kingambit, F|100\/100\n|-damage|p1a: Kingambit|94\/100|[from] Stealth Rock\n|-activate|p1a: Kingambit|ability: Supreme Overlord\n|-start|p1a: Kingambit|fallen2|[silent]\n|turn|13\n|\n|t:|1699800565\n|-terastallize|p1a: Kingambit|Fairy\n|move|p2a: Greninja|Hydro Pump|p1a: Kingambit\n|-damage|p1a: Kingambit|19\/100\n|move|p1a: Kingambit|Tera Blast|p2a: Greninja|[anim] Tera Blast Fairy\n|-supereffective|p2a: Greninja\n|-damage|p2a: Greninja|0 fnt\n|faint|p2a: Greninja\n|\n|-weather|Snow|[upkeep]\n|upkeep\n|\n|t:|1699800573\n|switch|p2a: Lopunny|Lopunny, F|100\/100\n|turn|14\n|\n|t:|1699800582\n|-end|p1a: Kingambit|fallen2|[silent]\n|switch|p1a: Salamence|Salamence-Mega, F|69\/100\n|-damage|p1a: Salamence|45\/100|[from] Stealth Rock\n|detailschange|p2a: Lopunny|Lopunny-Mega, F\n|-mega|p2a: Lopunny|Lopunny|Lopunnite\n|move|p2a: Lopunny|Return|p1a: Salamence\n|-damage|p1a: Salamence|1\/100\n|\n|-weather|Snow|[upkeep]\n|upkeep\n|turn|15\n|\n|t:|1699800591\n|switch|p2a: Alomomola|Alomomola, M|100\/100\n|move|p1a: Salamence|Roost|p1a: Salamence\n|-heal|p1a: Salamence|51\/100\n|-singleturn|p1a: Salamence|move: Roost\n|\n|-weather|none\n|upkeep\n|turn|16\n|\n|t:|1699800595\n|move|p1a: Salamence|Roost|p1a: Salamence\n|-heal|p1a: Salamence|100\/100\n|-singleturn|p1a: Salamence|move: Roost\n|move|p2a: Alomomola|Flip Turn|p1a: Salamence\n|-resisted|p1a: Salamence\n|-damage|p1a: Salamence|94\/100\n|\n|t:|1699800598\n|switch|p2a: Lopunny|Lopunny-Mega, F|100\/100|[from] Flip Turn\n|\n|upkeep\n|turn|17\n|\n|t:|1699800601\n|move|p2a: Lopunny|Fake Out|p1a: Salamence\n|-damage|p1a: Salamence|77\/100\n|cant|p1a: Salamence|flinch\n|\n|upkeep\n|turn|18\n|\n|t:|1699800605\n|move|p2a: Lopunny|Triple Axel|p1a: Salamence\n|-supereffective|p1a: Salamence\n|-damage|p1a: Salamence|52\/100\n|-supereffective|p1a: Salamence\n|-damage|p1a: Salamence|1\/100\n|-hitcount|p1a: Salamence|2\n|move|p1a: Salamence|Dragon Dance|p1a: Salamence\n|-boost|p1a: Salamence|atk|1\n|-boost|p1a: Salamence|spe|1\n|\n|upkeep\n|turn|19\n|c|\u2606AerosmithJR|no mames\n|\n|t:|1699800618\n|move|p1a: Salamence|Facade|p2a: Lopunny\n|-supereffective|p2a: Lopunny\n|-damage|p2a: Lopunny|0 fnt\n|faint|p2a: Lopunny\n|\n|upkeep\n|\n|t:|1699800622\n|switch|p2a: Alomomola|Alomomola, M|100\/100\n|turn|20\n|\n|t:|1699800625\n|move|p1a: Salamence|Roost|p1a: Salamence\n|-heal|p1a: Salamence|51\/100\n|-singleturn|p1a: Salamence|move: Roost\n|move|p2a: Alomomola|Toxic|p1a: Salamence\n|-status|p1a: Salamence|tox\n|\n|-damage|p1a: Salamence|45\/100 tox|[from] psn\n|upkeep\n|turn|21\n|c|\u2606AerosmithJR|gg\n|\n|t:|1699800631\n|move|p1a: Salamence|Roost|p1a: Salamence\n|-heal|p1a: Salamence|95\/100 tox\n|-singleturn|p1a: Salamence|move: Roost\n|move|p2a: Alomomola|Wish|p2a: Alomomola\n|\n|-damage|p1a: Salamence|83\/100 tox|[from] psn\n|upkeep\n|turn|22\n|\n|t:|1699800637\n|move|p2a: Alomomola|Protect|p2a: Alomomola\n|-singleturn|p2a: Alomomola|Protect\n|move|p1a: Salamence|Facade|p2a: Alomomola\n|-activate|p2a: Alomomola|move: Protect\n|\n|-damage|p1a: Salamence|65\/100 tox|[from] psn\n|upkeep\n|turn|23\n|\n|t:|1699800643\n|move|p1a: Salamence|Facade|p2a: Alomomola\n|-damage|p2a: Alomomola|16\/100\n|-damage|p1a: Salamence|48\/100 tox|[from] item: Rocky Helmet|[of] p2a: Alomomola\n|move|p2a: Alomomola|Wish|p2a: Alomomola\n|\n|-damage|p1a: Salamence|24\/100 tox|[from] psn\n|upkeep\n|turn|24\n|\n|t:|1699800649\n|move|p2a: Alomomola|Protect|p2a: Alomomola\n|-singleturn|p2a: Alomomola|Protect\n|move|p1a: Salamence|Roost|p1a: Salamence\n|-heal|p1a: Salamence|74\/100 tox\n|-singleturn|p1a: Salamence|move: Roost\n|\n|-heal|p2a: Alomomola|66\/100|[from] move: Wish|[wisher] Alomomola\n|-damage|p1a: Salamence|44\/100 tox|[from] psn\n|upkeep\n|turn|25\n|\n|t:|1699800663\n|switch|p2a: Gliscor|Gliscor, F, tera:Ghost|69\/100 tox\n|move|p1a: Salamence|Facade|p2a: Gliscor\n|-damage|p2a: Gliscor|0 fnt\n|faint|p2a: Gliscor\n|\n|-damage|p1a: Salamence|8\/100 tox|[from] psn\n|upkeep\n|\n|t:|1699800668\n|switch|p2a: Alomomola|Alomomola, M|99\/100\n|turn|26\n|\n|t:|1699800672\n|move|p1a: Salamence|Roost|p1a: Salamence\n|-heal|p1a: Salamence|58\/100 tox\n|-singleturn|p1a: Salamence|move: Roost\n|move|p2a: Alomomola|Wish|p2a: Alomomola\n|\n|-damage|p1a: Salamence|16\/100 tox|[from] psn\n|upkeep\n|turn|27\n|\n|t:|1699800677\n|move|p2a: Alomomola|Protect|p2a: Alomomola\n|-singleturn|p2a: Alomomola|Protect\n|move|p1a: Salamence|Roost|p1a: Salamence\n|-heal|p1a: Salamence|66\/100 tox\n|-singleturn|p1a: Salamence|move: Roost\n|\n|-heal|p2a: Alomomola|100\/100|[from] move: Wish|[wisher] Alomomola\n|-damage|p1a: Salamence|17\/100 tox|[from] psn\n|upkeep\n|turn|28\n|\n|t:|1699800682\n|move|p1a: Salamence|Facade|p2a: Alomomola\n|-damage|p2a: Alomomola|13\/100\n|-damage|p1a: Salamence|1\/100 tox|[from] item: Rocky Helmet|[of] p2a: Alomomola\n|move|p2a: Alomomola|Wish|p2a: Alomomola\n|\n|-damage|p1a: Salamence|0 fnt|[from] psn\n|faint|p1a: Salamence\n|upkeep\n|\n|t:|1699800693\n|switch|p1a: Baxcalibur|Baxcalibur, M|100\/100\n|-damage|p1a: Baxcalibur|76\/100|[from] Stealth Rock\n|turn|29\n|\n|t:|1699800697\n|move|p2a: Alomomola|Protect|p2a: Alomomola\n|-singleturn|p2a: Alomomola|Protect\n|move|p1a: Baxcalibur|Scale Shot|p2a: Alomomola\n|-activate|p2a: Alomomola|move: Protect\n|\n|-heal|p2a: Alomomola|63\/100|[from] move: Wish|[wisher] Alomomola\n|upkeep\n|turn|30\n|\n|t:|1699800702\n|move|p1a: Baxcalibur|Swords Dance|p1a: Baxcalibur\n|-boost|p1a: Baxcalibur|atk|2\n|move|p2a: Alomomola|Toxic|p1a: Baxcalibur|[miss]\n|-miss|p2a: Alomomola|p1a: Baxcalibur\n|\n|upkeep\n|turn|31\n|-message|AerosmithJR forfeited.\n|\n|win|Elin Baecil\n|l|\u2606AerosmithJR\n","uploadtime":1699802372,"views":12,"p1id":"elinbaecil","p2id":"aerosmithjr","formatid":"gen9nationaldexubers","rating":0,"private":0,"password":""}