{"id":"gen9nationaldexubers-1988852950","p1":"Qwertyuiop389","p2":"VerduOsane","format":"[Gen 9] National Dex Ubers","log":"|j|\u2606Qwertyuiop389\n|j|\u2606VerduOsane\n|t:|1699774127\n|gametype|singles\n|player|p1|Qwertyuiop389|266|1095\n|player|p2|VerduOsane|169|1156\n|teamsize|p1|6\n|teamsize|p2|6\n|gen|9\n|tier|[Gen 9] National Dex Ubers\n|rated|\n|rule|HP Percentage Mod: HP is shown in percentages\n|rule|Endless Battle Clause: Forcing endless battles is banned\n|rule|OHKO Clause: OHKO moves are banned\n|rule|Evasion Moves Clause: Evasion moves are banned\n|rule|Evasion Items Clause: Evasion items are banned\n|rule|Species Clause: Limit one of each Pok\u00e9mon\n|rule|Sleep Clause Mod: Limit one foe put to sleep\n|rule|Mega Rayquaza Clause: You cannot mega evolve Rayquaza\n|clearpoke\n|poke|p1|Naganadel|\n|poke|p1|Corviknight, M|\n|poke|p1|Infernape, M|\n|poke|p1|Salamence, F|\n|poke|p1|Lunala|\n|poke|p1|Wobbuffet, F|\n|poke|p2|Ninetales-Alola, M|\n|poke|p2|Meowscarada, M|\n|poke|p2|Iron Moth|\n|poke|p2|Hoopa|\n|poke|p2|Gliscor, M|\n|poke|p2|Kommo-o, F|\n|teampreview\n|\n|t:|1699774142\n|start\n|switch|p1a: Lunala|Lunala|100\/100\n|switch|p2a: Ninetales|Ninetales-Alola, M|100\/100\n|-weather|Snow|[from] ability: Snow Warning|[of] p2a: Ninetales\n|turn|1\n|\n|t:|1699774152\n|switch|p1a: Infernape|Infernape, M|100\/100\n|move|p2a: Ninetales|Aurora Veil|p2a: Ninetales\n|-sidestart|p2: VerduOsane|move: Aurora Veil\n|\n|-weather|Snow|[upkeep]\n|upkeep\n|turn|2\n|\n|t:|1699774160\n|switch|p2a: Gliscor|Gliscor, M|100\/100\n|move|p1a: Infernape|Flamethrower|p2a: Gliscor\n|-damage|p2a: Gliscor|76\/100\n|\n|-weather|Snow|[upkeep]\n|-status|p2a: Gliscor|tox|[from] item: Toxic Orb\n|upkeep\n|turn|3\n|inactive|Battle timer is ON: inactive players will automatically lose when time's up. (requested by Qwertyuiop389)\n|\n|t:|1699774170\n|move|p1a: Infernape|Hidden Power|p2a: Gliscor\n|-supereffective|p2a: Gliscor\n|-damage|p2a: Gliscor|35\/100 tox\n|move|p2a: Gliscor|Swords Dance|p2a: Gliscor\n|-boost|p2a: Gliscor|atk|2\n|\n|-weather|Snow|[upkeep]\n|-heal|p2a: Gliscor|47\/100 tox|[from] ability: Poison Heal\n|upkeep\n|turn|4\n|\n|t:|1699774195\n|-terastallize|p1a: Infernape|Grass\n|-terastallize|p2a: Gliscor|Water\n|move|p1a: Infernape|Hidden Power|p2a: Gliscor\n|-resisted|p2a: Gliscor\n|-damage|p2a: Gliscor|42\/100 tox\n|move|p2a: Gliscor|Dig||[still]\n|-prepare|p2a: Gliscor|Dig\n|\n|-weather|Snow|[upkeep]\n|-heal|p2a: Gliscor|54\/100 tox|[from] ability: Poison Heal\n|upkeep\n|turn|5\n|inactive|VerduOsane has 120 seconds left.\n|\n|t:|1699774214\n|move|p1a: Infernape|Grass Knot|p2a: Gliscor|[miss]\n|-miss|p1a: Infernape|p2a: Gliscor\n|move|p2a: Gliscor|Dig|p1a: Infernape|[from]lockedmove\n|-resisted|p1a: Infernape\n|-damage|p1a: Infernape|43\/100\n|\n|-weather|none\n|-heal|p2a: Gliscor|67\/100 tox|[from] ability: Poison Heal\n|upkeep\n|turn|6\n|inactive|VerduOsane has 120 seconds left.\n|c|\u2606VerduOsane|holy shit\n|\n|t:|1699774235\n|move|p1a: Infernape|Grass Knot|p2a: Gliscor\n|-supereffective|p2a: Gliscor\n|-damage|p2a: Gliscor|35\/100 tox\n|move|p2a: Gliscor|Facade|p1a: Infernape\n|-damage|p1a: Infernape|0 fnt\n|faint|p1a: Infernape\n|\n|-heal|p2a: Gliscor|47\/100 tox|[from] ability: Poison Heal\n|upkeep\n|\n|t:|1699774254\n|switch|p1a: Naganadel|Naganadel|100\/100\n|turn|7\n|inactive|VerduOsane has 120 seconds left.\n|\n|t:|1699774260\n|-zpower|p1a: Naganadel\n|move|p1a: Naganadel|Devastating Drake|p2a: Gliscor|[zeffect]\n|-damage|p2a: Gliscor|2\/100 tox\n|move|p2a: Gliscor|Dig||[still]\n|-prepare|p2a: Gliscor|Dig\n|\n|-heal|p2a: Gliscor|14\/100 tox|[from] ability: Poison Heal\n|upkeep\n|turn|8\n|inactive|VerduOsane has 120 seconds left.\n|\n|t:|1699774271\n|switch|p1a: Corviknight|Corviknight, M|100\/100\n|move|p2a: Gliscor|Dig|p1a: Corviknight|[from]lockedmove\n|-immune|p1a: Corviknight\n|\n|-heal|p2a: Gliscor|26\/100 tox|[from] ability: Poison Heal\n|-sideend|p2: VerduOsane|move: Aurora Veil\n|upkeep\n|turn|9\n|inactive|VerduOsane has 120 seconds left.\n|\n|t:|1699774284\n|switch|p2a: Iron Moth|Iron Moth|100\/100\n|-enditem|p2a: Iron Moth|Booster Energy\n|-activate|p2a: Iron Moth|ability: Quark Drive|[fromitem]\n|-start|p2a: Iron Moth|quarkdrivespe\n|move|p1a: Corviknight|Iron Head|p2a: Iron Moth\n|-resisted|p2a: Iron Moth\n|-damage|p2a: Iron Moth|82\/100\n|\n|upkeep\n|turn|10\n|\n|t:|1699774295\n|switch|p1a: Wobbuffet|Wobbuffet, F|100\/100\n|move|p2a: Iron Moth|Fiery Dance|p1a: Wobbuffet\n|-damage|p1a: Wobbuffet|78\/100\n|\n|-heal|p1a: Wobbuffet|84\/100|[from] item: Leftovers\n|upkeep\n|turn|11\n|\n|t:|1699774305\n|move|p2a: Iron Moth|Sludge Wave|p1a: Wobbuffet\n|-damage|p1a: Wobbuffet|55\/100\n|move|p1a: Wobbuffet|Mirror Coat|p2a: Iron Moth\n|-damage|p2a: Iron Moth|0 fnt\n|faint|p2a: Iron Moth\n|-end|p2a: Iron Moth|Quark Drive|[silent]\n|\n|-heal|p1a: Wobbuffet|61\/100|[from] item: Leftovers\n|upkeep\n|\n|t:|1699774317\n|switch|p2a: Ninetales|Ninetales-Alola, M|100\/100\n|-weather|Snow|[from] ability: Snow Warning|[of] p2a: Ninetales\n|turn|12\n|\n|t:|1699774326\n|move|p2a: Ninetales|Toxic|p1a: Wobbuffet\n|-status|p1a: Wobbuffet|tox\n|move|p1a: Wobbuffet|Mirror Coat||[still]\n|-fail|p1a: Wobbuffet\n|\n|-weather|Snow|[upkeep]\n|-heal|p1a: Wobbuffet|67\/100 tox|[from] item: Leftovers\n|-damage|p1a: Wobbuffet|61\/100 tox|[from] psn\n|upkeep\n|turn|13\n|\n|t:|1699774340\n|move|p2a: Ninetales|Foul Play|p1a: Wobbuffet\n|-supereffective|p1a: Wobbuffet\n|-damage|p1a: Wobbuffet|50\/100 tox\n|move|p1a: Wobbuffet|Encore|p2a: Ninetales\n|-start|p2a: Ninetales|Encore\n|\n|-weather|Snow|[upkeep]\n|-heal|p1a: Wobbuffet|57\/100 tox|[from] item: Leftovers\n|-damage|p1a: Wobbuffet|44\/100 tox|[from] psn\n|upkeep\n|turn|14\n|\n|t:|1699774358\n|switch|p2a: Hoopa|Hoopa|100\/100\n|move|p1a: Wobbuffet|Counter||[still]\n|-fail|p1a: Wobbuffet\n|\n|-weather|Snow|[upkeep]\n|-heal|p1a: Wobbuffet|50\/100 tox|[from] item: Leftovers\n|-damage|p1a: Wobbuffet|32\/100 tox|[from] psn\n|upkeep\n|turn|15\n|\n|t:|1699774375\n|move|p2a: Hoopa|Calm Mind|p2a: Hoopa\n|-boost|p2a: Hoopa|spa|1\n|-boost|p2a: Hoopa|spd|1\n|move|p1a: Wobbuffet|Destiny Bond|p1a: Wobbuffet\n|-singlemove|p1a: Wobbuffet|Destiny Bond\n|\n|-weather|Snow|[upkeep]\n|-heal|p1a: Wobbuffet|38\/100 tox|[from] item: Leftovers\n|-damage|p1a: Wobbuffet|13\/100 tox|[from] psn\n|upkeep\n|turn|16\n|\n|t:|1699774390\n|switch|p2a: Ninetales|Ninetales-Alola, M|100\/100\n|move|p1a: Wobbuffet|Counter||[still]\n|-fail|p1a: Wobbuffet\n|\n|-weather|none\n|-heal|p1a: Wobbuffet|20\/100 tox|[from] item: Leftovers\n|-damage|p1a: Wobbuffet|0 fnt|[from] psn\n|faint|p1a: Wobbuffet\n|upkeep\n|\n|t:|1699774406\n|switch|p1a: Corviknight|Corviknight, M|100\/100\n|turn|17\n|\n|t:|1699774426\n|switch|p2a: Hoopa|Hoopa|100\/100\n|move|p1a: Corviknight|Taunt|p2a: Hoopa\n|-start|p2a: Hoopa|move: Taunt\n|\n|upkeep\n|turn|18\n|\n|t:|1699774433\n|move|p2a: Hoopa|Shadow Ball|p1a: Corviknight\n|-damage|p1a: Corviknight|65\/100\n|move|p1a: Corviknight|Iron Head|p2a: Hoopa\n|-damage|p2a: Hoopa|79\/100\n|\n|upkeep\n|turn|19\n|\n|t:|1699774441\n|move|p2a: Hoopa|Shadow Ball|p1a: Corviknight\n|-damage|p1a: Corviknight|25\/100\n|move|p1a: Corviknight|U-turn|p2a: Hoopa\n|-damage|p2a: Hoopa|66\/100\n|\n|t:|1699774447\n|switch|p1a: Lunala|Lunala|100\/100|[from] U-turn\n|\n|-end|p2a: Hoopa|move: Taunt\n|upkeep\n|turn|20\n|\n|t:|1699774457\n|switch|p2a: Ninetales|Ninetales-Alola, M|100\/100\n|-weather|Snow|[from] ability: Snow Warning|[of] p2a: Ninetales\n|move|p1a: Lunala|Agility|p1a: Lunala\n|-boost|p1a: Lunala|spe|2\n|\n|-weather|Snow|[upkeep]\n|upkeep\n|turn|21\n|\n|t:|1699774470\n|move|p1a: Lunala|Moongeist Beam|p2a: Ninetales\n|-damage|p2a: Ninetales|43\/100\n|move|p2a: Ninetales|Aurora Veil|p2a: Ninetales\n|-sidestart|p2: VerduOsane|move: Aurora Veil\n|\n|-weather|Snow|[upkeep]\n|upkeep\n|turn|22\n|\n|t:|1699774478\n|move|p1a: Lunala|Moongeist Beam|p2a: Ninetales\n|-damage|p2a: Ninetales|15\/100\n|move|p2a: Ninetales|Toxic|p1a: Lunala\n|-status|p1a: Lunala|tox\n|\n|-weather|Snow|[upkeep]\n|-damage|p1a: Lunala|94\/100 tox|[from] psn\n|upkeep\n|turn|23\n|inactive|VerduOsane has 120 seconds left.\n|\n|t:|1699774526\n|switch|p2a: Meowscarada|Meowscarada, M|100\/100\n|move|p1a: Lunala|Moongeist Beam|p2a: Meowscarada\n|-resisted|p2a: Meowscarada\n|-damage|p2a: Meowscarada|76\/100\n|\n|-weather|Snow|[upkeep]\n|-damage|p1a: Lunala|82\/100 tox|[from] psn\n|upkeep\n|turn|24\n|\n|t:|1699774536\n|move|p1a: Lunala|Focus Blast|p2a: Meowscarada\n|-supereffective|p2a: Meowscarada\n|-damage|p2a: Meowscarada|7\/100\n|move|p2a: Meowscarada|Knock Off|p1a: Lunala\n|-start|p2a: Meowscarada|typechange|Dark|[from] ability: Protean\n|-supereffective|p1a: Lunala\n|-damage|p1a: Lunala|0 fnt\n|-enditem|p1a: Lunala|Weakness Policy|[from] move: Knock Off|[of] p2a: Meowscarada\n|faint|p1a: Lunala\n|\n|-weather|none\n|upkeep\n|\n|t:|1699774549\n|switch|p1a: Naganadel|Naganadel|100\/100\n|turn|25\n|inactive|VerduOsane has 120 seconds left.\n|\n|t:|1699774561\n|move|p2a: Meowscarada|Play Rough|p1a: Naganadel\n|-damage|p1a: Naganadel|55\/100\n|move|p1a: Naganadel|Sludge Wave|p2a: Meowscarada\n|-damage|p2a: Meowscarada|0 fnt\n|faint|p2a: Meowscarada\n|-ability|p1a: Naganadel|Beast Boost|boost\n|-boost|p1a: Naganadel|spe|1\n|\n|upkeep\n|\n|t:|1699774573\n|switch|p2a: Hoopa|Hoopa|66\/100\n|turn|26\n|\n|t:|1699774581\n|move|p1a: Naganadel|Nasty Plot|p1a: Naganadel\n|-boost|p1a: Naganadel|spa|2\n|-enditem|p2a: Hoopa|Mirror Herb\n|-boost|p2a: Hoopa|spa|2|[from] item: Mirror Herb\n|move|p2a: Hoopa|Hyperspace Hole|p1a: Naganadel\n|-supereffective|p1a: Naganadel\n|-damage|p1a: Naganadel|0 fnt\n|faint|p1a: Naganadel\n|\n|upkeep\n|l|\u2606Qwertyuiop389\n|inactive|Qwertyuiop389 disconnected and has a minute to reconnect!\n|player|p1|\n|inactive|Qwertyuiop389 has 30 seconds to reconnect!\n|inactive|Qwertyuiop389 has 20 seconds to reconnect!\n|inactive|Qwertyuiop389 has 15 seconds to reconnect!\n|inactive|Qwertyuiop389 has 10 seconds to reconnect!\n|inactive|Qwertyuiop389 has 5 seconds to reconnect!\n|-message|Qwertyuiop389 lost due to inactivity.\n|\n|win|VerduOsane\n|raw|Qwertyuiop389's rating: 1095 &rarr; <strong>1075<\/strong><br \/>(-20 for losing)\n|raw|VerduOsane's rating: 1156 &rarr; <strong>1177<\/strong><br \/>(+21 for winning)\n|l|\u2606VerduOsane\n|j|\u2606VerduOsane\n|player|p2|VerduOsane|169\n","uploadtime":1699774709,"views":13,"p1id":"qwertyuiop389","p2id":"verduosane","formatid":"gen9nationaldexubers","rating":1075,"private":0,"password":""}