{"id":"gen9nationaldexubers-1996267612","p1":"TeamSkyGabriel","p2":"Grayson7810","format":"[Gen 9] National Dex Ubers","log":"|j|\u2606TeamSkyGabriel\n|j|\u2606Grayson7810\n|t:|1700665753\n|gametype|singles\n|player|p1|TeamSkyGabriel|1|1058\n|player|p2|Grayson7810|wallace|1041\n|teamsize|p1|6\n|teamsize|p2|6\n|gen|9\n|tier|[Gen 9] National Dex Ubers\n|rated|\n|rule|HP Percentage Mod: HP is shown in percentages\n|rule|Endless Battle Clause: Forcing endless battles is banned\n|rule|OHKO Clause: OHKO moves are banned\n|rule|Evasion Moves Clause: Evasion moves are banned\n|rule|Evasion Items Clause: Evasion items are banned\n|rule|Species Clause: Limit one of each Pok\u00e9mon\n|rule|Sleep Clause Mod: Limit one foe put to sleep\n|rule|Mega Rayquaza Clause: You cannot mega evolve Rayquaza\n|clearpoke\n|poke|p1|Incineroar, M|\n|poke|p1|Sceptile, M|\n|poke|p1|Salamence, F|\n|poke|p1|Gliscor, F|\n|poke|p1|Eelektross, F|\n|poke|p1|Corviknight, M|\n|poke|p2|Arceus|\n|poke|p2|Aggron, L1, M|\n|poke|p2|Eternatus|\n|poke|p2|Groudon|\n|poke|p2|Kyurem-Black|\n|poke|p2|Salamence, M|\n|teampreview\n|c|\u2606TeamSkyGabriel|Oh yay another team with half of it as legendarys\n|\n|t:|1700665787\n|start\n|switch|p1a: Gliscor|Gliscor, F, shiny|100\/100\n|switch|p2a: Aggron|Aggron, L1, M|100\/100\n|turn|1\n|\n|t:|1700665795\n|-terastallize|p1a: Gliscor|Normal\n|move|p1a: Gliscor|Earthquake|p2a: Aggron\n|-supereffective|p2a: Aggron\n|-crit|p2a: Aggron\n|-ability|p2a: Aggron|Sturdy\n|-damage|p2a: Aggron|8\/100\n|move|p2a: Aggron|Endeavor|p1a: Gliscor\n|-damage|p1a: Gliscor|1\/100\n|-heal|p2a: Aggron|100\/100|[from] item: Shell Bell|[of] p1a: Gliscor\n|\n|-status|p1a: Gliscor|tox|[from] item: Toxic Orb\n|upkeep\n|turn|2\n|\n|t:|1700665812\n|switch|p1a: Salamence|Salamence, F|100\/100\n|move|p2a: Aggron|Dragon Pulse|p1a: Salamence\n|-supereffective|p1a: Salamence\n|-damage|p1a: Salamence|99\/100\n|\n|upkeep\n|turn|3\n|\n|t:|1700665820\n|move|p1a: Salamence|Dual Wingbeat|p2a: Aggron\n|-resisted|p2a: Aggron\n|-ability|p2a: Aggron|Sturdy\n|-damage|p2a: Aggron|8\/100\n|-resisted|p2a: Aggron\n|-damage|p2a: Aggron|0 fnt\n|faint|p2a: Aggron\n|-ability|p1a: Salamence|Moxie|boost\n|-boost|p1a: Salamence|atk|1\n|-hitcount|p2: Aggron|2\n|-damage|p1a: Salamence|90\/100|[from] item: Life Orb\n|\n|upkeep\n|\n|t:|1700665841\n|switch|p2a: Salamence|Salamence, M|100\/100\n|-ability|p2a: Salamence|Intimidate|boost\n|-unboost|p1a: Salamence|atk|1\n|turn|4\n|\n|t:|1700665847\n|detailschange|p2a: Salamence|Salamence-Mega, M\n|-mega|p2a: Salamence|Salamence|Salamencite\n|move|p2a: Salamence|Draco Meteor|p1a: Salamence\n|-supereffective|p1a: Salamence\n|-damage|p1a: Salamence|0 fnt\n|-unboost|p2a: Salamence|spa|2\n|faint|p1a: Salamence\n|\n|upkeep\n|\n|t:|1700665854\n|switch|p1a: Eelektross|Eelektross, F, shiny|100\/100\n|turn|5\n|c|\u2606TeamSkyGabriel|Sp att salamence?\n|\n|t:|1700665870\n|switch|p2a: Groudon|Groudon|100\/100\n|detailschange|p2a: Groudon|Groudon-Primal\n|-primal|p2a: Groudon|Red Orb\n|-weather|DesolateLand|[from] ability: Desolate Land|[of] p2a: Groudon\n|move|p1a: Eelektross|Dragon Pulse|p2a: Groudon\n|-damage|p2a: Groudon|70\/100\n|\n|-weather|DesolateLand|[upkeep]\n|upkeep\n|turn|6\n|\n|t:|1700665883\n|move|p2a: Groudon|Earthquake|p1a: Eelektross\n|-immune|p1a: Eelektross|[from] ability: Levitate\n|move|p1a: Eelektross|Flash Cannon|p2a: Groudon\n|-resisted|p2a: Groudon\n|-damage|p2a: Groudon|56\/100\n|\n|-weather|DesolateLand|[upkeep]\n|upkeep\n|turn|7\n|\n|t:|1700665895\n|-weather|none\n|switch|p2a: Eternatus|Eternatus|100\/100\n|-ability|p2a: Eternatus|Pressure\n|move|p1a: Eelektross|Dragon Pulse|p2a: Eternatus\n|-supereffective|p2a: Eternatus\n|-damage|p2a: Eternatus|59\/100\n|\n|upkeep\n|turn|8\n|\n|t:|1700665911\n|switch|p1a: Gliscor|Gliscor, F, shiny, tera:Normal|1\/100 tox\n|-terastallize|p2a: Eternatus|Poison\n|move|p2a: Eternatus|Shadow Ball|p1a: Gliscor\n|-immune|p1a: Gliscor\n|\n|-heal|p1a: Gliscor|13\/100 tox|[from] ability: Poison Heal\n|upkeep\n|turn|9\n|\n|t:|1700665923\n|move|p2a: Eternatus|Gunk Shot|p1a: Gliscor\n|-damage|p1a: Gliscor|0 fnt\n|faint|p1a: Gliscor\n|-damage|p2a: Eternatus|49\/100|[from] item: Life Orb\n|\n|upkeep\n|\n|t:|1700665926\n|switch|p1a: Corviknight|Corviknight, M, shiny|100\/100\n|turn|10\n|\n|t:|1700665935\n|move|p2a: Eternatus|Gunk Shot|p1a: Corviknight\n|-immune|p1a: Corviknight\n|move|p1a: Corviknight|Iron Head|p2a: Eternatus\n|-damage|p2a: Eternatus|27\/100\n|\n|upkeep\n|turn|11\n|\n|t:|1700665958\n|move|p2a: Eternatus|Shadow Ball|p1a: Corviknight\n|-damage|p1a: Corviknight|61\/100\n|-damage|p2a: Eternatus|17\/100|[from] item: Life Orb\n|move|p1a: Corviknight|Iron Defense|p1a: Corviknight\n|-boost|p1a: Corviknight|def|2\n|\n|upkeep\n|turn|12\n|\n|t:|1700665966\n|move|p2a: Eternatus|Shadow Ball|p1a: Corviknight\n|-damage|p1a: Corviknight|24\/100\n|-damage|p2a: Eternatus|7\/100|[from] item: Life Orb\n|move|p1a: Corviknight|Iron Defense|p1a: Corviknight\n|-boost|p1a: Corviknight|def|2\n|\n|upkeep\n|turn|13\n|\n|t:|1700665974\n|move|p2a: Eternatus|Shadow Ball|p1a: Corviknight\n|-damage|p1a: Corviknight|0 fnt\n|faint|p1a: Corviknight\n|-damage|p2a: Eternatus|0 fnt|[from] item: Life Orb\n|faint|p2a: Eternatus\n|\n|upkeep\n|\n|t:|1700665984\n|switch|p2a: Arceus|Arceus|100\/100\n|switch|p1a: Sceptile|Sceptile, M, shiny|100\/100\n|turn|14\n|\n|t:|1700665993\n|detailschange|p1a: Sceptile|Sceptile-Mega, M, shiny\n|-mega|p1a: Sceptile|Sceptile|Sceptilite\n|move|p1a: Sceptile|Energy Ball|p2a: Arceus\n|-damage|p2a: Arceus|59\/100\n|move|p2a: Arceus|Substitute|p2a: Arceus\n|-start|p2a: Arceus|Substitute\n|-damage|p2a: Arceus|34\/100\n|\n|-heal|p2a: Arceus|40\/100|[from] item: Leftovers\n|upkeep\n|turn|15\n|\n|t:|1700666003\n|move|p2a: Arceus|Protect|p2a: Arceus\n|-singleturn|p2a: Arceus|Protect\n|move|p1a: Sceptile|Leech Seed|p2a: Arceus\n|-activate|p2a: Arceus|move: Protect\n|\n|-heal|p2a: Arceus|46\/100|[from] item: Leftovers\n|upkeep\n|turn|16\n|\n|t:|1700666014\n|move|p1a: Sceptile|Leech Seed||[still]\n|-fail|p1a: Sceptile\n|move|p2a: Arceus|Recover|p2a: Arceus\n|-heal|p2a: Arceus|96\/100\n|\n|-heal|p2a: Arceus|100\/100|[from] item: Leftovers\n|upkeep\n|turn|17\n|\n|t:|1700666025\n|move|p2a: Arceus|Protect|p2a: Arceus\n|-singleturn|p2a: Arceus|Protect\n|move|p1a: Sceptile|Energy Ball|p2a: Arceus\n|-activate|p2a: Arceus|move: Protect\n|\n|upkeep\n|turn|18\n|\n|t:|1700666035\n|move|p1a: Sceptile|Energy Ball|p2a: Arceus\n|-end|p2a: Arceus|Substitute\n|move|p2a: Arceus|Shadow Force||[still]\n|-prepare|p2a: Arceus|Shadow Force\n|\n|upkeep\n|turn|19\n|\n|t:|1700666042\n|move|p1a: Sceptile|Energy Ball|p2a: Arceus|[miss]\n|-miss|p1a: Sceptile|p2a: Arceus\n|move|p2a: Arceus|Shadow Force|p1a: Sceptile|[from]lockedmove\n|-damage|p1a: Sceptile|48\/100\n|\n|upkeep\n|turn|20\n|\n|t:|1700666051\n|move|p1a: Sceptile|Giga Drain|p2a: Arceus\n|-damage|p2a: Arceus|67\/100\n|-heal|p1a: Sceptile|71\/100|[from] drain|[of] p2a: Arceus\n|move|p2a: Arceus|Substitute|p2a: Arceus\n|-start|p2a: Arceus|Substitute\n|-damage|p2a: Arceus|42\/100\n|\n|-heal|p2a: Arceus|48\/100|[from] item: Leftovers\n|upkeep\n|turn|21\n|\n|t:|1700666062\n|move|p2a: Arceus|Protect|p2a: Arceus\n|-singleturn|p2a: Arceus|Protect\n|move|p1a: Sceptile|Leech Seed|p2a: Arceus\n|-activate|p2a: Arceus|move: Protect\n|\n|-heal|p2a: Arceus|55\/100|[from] item: Leftovers\n|upkeep\n|turn|22\n|\n|t:|1700666071\n|move|p1a: Sceptile|Leech Seed||[still]\n|-fail|p1a: Sceptile\n|move|p2a: Arceus|Recover|p2a: Arceus\n|-heal|p2a: Arceus|100\/100\n|\n|upkeep\n|turn|23\n|\n|t:|1700666078\n|move|p1a: Sceptile|Leech Seed||[still]\n|-fail|p1a: Sceptile\n|move|p2a: Arceus|Shadow Force||[still]\n|-prepare|p2a: Arceus|Shadow Force\n|\n|upkeep\n|turn|24\n|\n|t:|1700666093\n|move|p1a: Sceptile|Energy Ball|p2a: Arceus|[miss]\n|-miss|p1a: Sceptile|p2a: Arceus\n|move|p2a: Arceus|Shadow Force|p1a: Sceptile|[from]lockedmove\n|-damage|p1a: Sceptile|15\/100\n|\n|upkeep\n|turn|25\n|\n|t:|1700666102\n|move|p2a: Arceus|Protect|p2a: Arceus\n|-singleturn|p2a: Arceus|Protect\n|move|p1a: Sceptile|Energy Ball|p2a: Arceus\n|-activate|p2a: Arceus|move: Protect\n|\n|upkeep\n|turn|26\n|\n|t:|1700666110\n|move|p1a: Sceptile|Energy Ball|p2a: Arceus\n|-end|p2a: Arceus|Substitute\n|move|p2a: Arceus|Shadow Force||[still]\n|-prepare|p2a: Arceus|Shadow Force\n|\n|upkeep\n|turn|27\n|\n|t:|1700666116\n|move|p1a: Sceptile|Leech Seed|p2a: Arceus|[miss]\n|-miss|p1a: Sceptile|p2a: Arceus\n|move|p2a: Arceus|Shadow Force|p1a: Sceptile|[from]lockedmove\n|-damage|p1a: Sceptile|0 fnt\n|faint|p1a: Sceptile\n|\n|upkeep\n|\n|t:|1700666123\n|switch|p1a: Incineroar|Incineroar, M, shiny|100\/100\n|-ability|p1a: Incineroar|Intimidate|boost\n|-unboost|p2a: Arceus|atk|1\n|turn|28\n|\n|t:|1700666128\n|move|p2a: Arceus|Substitute|p2a: Arceus\n|-start|p2a: Arceus|Substitute\n|-damage|p2a: Arceus|76\/100\n|move|p1a: Incineroar|Drain Punch|p2a: Arceus\n|-supereffective|p2a: Arceus\n|-crit|p2a: Arceus\n|-end|p2a: Arceus|Substitute\n|\n|-heal|p2a: Arceus|82\/100|[from] item: Leftovers\n|upkeep\n|turn|29\n|\n|t:|1700666146\n|switch|p2a: Salamence|Salamence-Mega, M|100\/100\n|move|p1a: Incineroar|Drain Punch|p2a: Salamence\n|-resisted|p2a: Salamence\n|-damage|p2a: Salamence|91\/100\n|\n|upkeep\n|turn|30\n|\n|t:|1700666155\n|switch|p1a: Eelektross|Eelektross, F, shiny|100\/100\n|move|p2a: Salamence|Hydro Pump|p1a: Eelektross|[miss]\n|-miss|p2a: Salamence|p1a: Eelektross\n|\n|upkeep\n|turn|31\n|\n|t:|1700666165\n|move|p2a: Salamence|Hydro Pump|p1a: Eelektross\n|-damage|p1a: Eelektross|80\/100\n|move|p1a: Eelektross|Dragon Pulse|p2a: Salamence\n|-supereffective|p2a: Salamence\n|-damage|p2a: Salamence|36\/100\n|\n|upkeep\n|turn|32\n|\n|t:|1700666172\n|move|p2a: Salamence|Draco Meteor|p1a: Eelektross\n|-damage|p1a: Eelektross|45\/100\n|-unboost|p2a: Salamence|spa|2\n|move|p1a: Eelektross|Dragon Pulse|p2a: Salamence\n|-supereffective|p2a: Salamence\n|-damage|p2a: Salamence|0 fnt\n|faint|p2a: Salamence\n|\n|upkeep\n|\n|t:|1700666182\n|switch|p2a: Arceus|Arceus|82\/100\n|turn|33\n|\n|t:|1700666186\n|move|p2a: Arceus|Substitute|p2a: Arceus\n|-start|p2a: Arceus|Substitute\n|-damage|p2a: Arceus|57\/100\n|move|p1a: Eelektross|Flamethrower|p2a: Arceus\n|-activate|p2a: Arceus|move: Substitute|[damage]\n|\n|-heal|p2a: Arceus|63\/100|[from] item: Leftovers\n|upkeep\n|turn|34\n|\n|t:|1700666195\n|switch|p1a: Incineroar|Incineroar, M, shiny|100\/100\n|-ability|p1a: Incineroar|Intimidate|boost\n|-immune|p2a: Arceus\n|move|p2a: Arceus|Protect||[still]\n|-fail|p2a: Arceus\n|\n|-heal|p2a: Arceus|69\/100|[from] item: Leftovers\n|upkeep\n|turn|35\n|\n|t:|1700666205\n|switch|p1a: Eelektross|Eelektross, F, shiny|45\/100\n|move|p2a: Arceus|Shadow Force||[still]\n|-prepare|p2a: Arceus|Shadow Force\n|\n|-heal|p2a: Arceus|76\/100|[from] item: Leftovers\n|upkeep\n|turn|36\n|\n|t:|1700666211\n|switch|p1a: Incineroar|Incineroar, M, shiny|100\/100\n|-ability|p1a: Incineroar|Intimidate|boost\n|-immune|p2a: Arceus\n|move|p2a: Arceus|Shadow Force|p1a: Incineroar|[from]lockedmove\n|-resisted|p1a: Incineroar\n|-damage|p1a: Incineroar|82\/100\n|\n|-heal|p2a: Arceus|82\/100|[from] item: Leftovers\n|upkeep\n|turn|37\n|\n|t:|1700666226\n|move|p2a: Arceus|Protect|p2a: Arceus\n|-singleturn|p2a: Arceus|Protect\n|-zpower|p1a: Incineroar\n|move|p1a: Incineroar|Malicious Moonsault|p2a: Arceus|[zeffect]\n|-zbroken|p2a: Arceus\n|-end|p2a: Arceus|Substitute\n|\n|-heal|p2a: Arceus|88\/100|[from] item: Leftovers\n|upkeep\n|turn|38\n|\n|t:|1700666264\n|move|p2a: Arceus|Substitute|p2a: Arceus\n|-start|p2a: Arceus|Substitute\n|-damage|p2a: Arceus|63\/100\n|move|p1a: Incineroar|Drain Punch|p2a: Arceus\n|-supereffective|p2a: Arceus\n|-end|p2a: Arceus|Substitute\n|-heal|p1a: Incineroar|94\/100|[from] drain|[of] p2a: Arceus\n|\n|-heal|p2a: Arceus|69\/100|[from] item: Leftovers\n|upkeep\n|turn|39\n|\n|t:|1700666276\n|move|p2a: Arceus|Shadow Force||[still]\n|-prepare|p2a: Arceus|Shadow Force\n|move|p1a: Incineroar|Drain Punch|p2a: Arceus|[miss]\n|-miss|p1a: Incineroar|p2a: Arceus\n|\n|-heal|p2a: Arceus|76\/100|[from] item: Leftovers\n|upkeep\n|turn|40\n|c|\u2606TeamSkyGabriel|YOUR DUMB GOD DOSENT MAKE YOU A FAIR WINNER ITS A ANNOYING ASS JERK\n|c|\u2606TeamSkyGabriel|AND I SWEAR I WOLL FUCKING MURDER IT\n|\n|t:|1700666315\n|move|p2a: Arceus|Shadow Force|p1a: Incineroar|[from]lockedmove\n|-resisted|p1a: Incineroar\n|-damage|p1a: Incineroar|77\/100\n|move|p1a: Incineroar|Drain Punch|p2a: Arceus\n|-supereffective|p2a: Arceus\n|-damage|p2a: Arceus|40\/100\n|-heal|p1a: Incineroar|95\/100|[from] drain|[of] p2a: Arceus\n|\n|-heal|p2a: Arceus|46\/100|[from] item: Leftovers\n|upkeep\n|turn|41\n|\n|t:|1700666331\n|switch|p2a: Groudon|Groudon-Primal|56\/100\n|-weather|DesolateLand|[from] ability: Desolate Land|[of] p2a: Groudon\n|move|p1a: Incineroar|Drain Punch|p2a: Groudon\n|-damage|p2a: Groudon|40\/100\n|-heal|p1a: Incineroar|100\/100|[from] drain|[of] p2a: Groudon\n|\n|-weather|DesolateLand|[upkeep]\n|upkeep\n|turn|42\n|\n|t:|1700666351\n|move|p2a: Groudon|Earthquake|p1a: Incineroar\n|-supereffective|p1a: Incineroar\n|-damage|p1a: Incineroar|0 fnt\n|faint|p1a: Incineroar\n|\n|-weather|DesolateLand|[upkeep]\n|upkeep\n|\n|t:|1700666353\n|switch|p1a: Eelektross|Eelektross, F, shiny|45\/100\n|turn|43\n|-message|TeamSkyGabriel forfeited.\n|\n|win|Grayson7810\n|raw|TeamSkyGabriel's rating: 1058 &rarr; <strong>1038<\/strong><br \/>(-20 for losing)\n|raw|Grayson7810's rating: 1041 &rarr; <strong>1077<\/strong><br \/>(+36 for winning)\n|l|\u2606TeamSkyGabriel\n","uploadtime":1700666295,"views":0,"p1id":"teamskygabriel","p2id":"grayson7810","formatid":"gen9nationaldexubers","rating":1038,"private":0,"password":""}