{"id":"gen9nationaldexubers-1989114531","p1":"AERO-M0DE\u2b06\ufe0f","p2":"Retter0608","format":"[Gen 9] National Dex Ubers","log":"|j|\u2606AERO-M0DE\u2b06\ufe0f\n|j|\u2606Retter0608\n|t:|1699813778\n|gametype|singles\n|player|p1|AERO-M0DE\u2b06\ufe0f|winona-gen6|1164\n|player|p2|Retter0608|riley|1043\n|teamsize|p1|6\n|teamsize|p2|6\n|gen|9\n|tier|[Gen 9] National Dex Ubers\n|rated|\n|rule|HP Percentage Mod: HP is shown in percentages\n|rule|Endless Battle Clause: Forcing endless battles is banned\n|rule|OHKO Clause: OHKO moves are banned\n|rule|Evasion Moves Clause: Evasion moves are banned\n|rule|Evasion Items Clause: Evasion items are banned\n|rule|Species Clause: Limit one of each Pok\u00e9mon\n|rule|Sleep Clause Mod: Limit one foe put to sleep\n|rule|Mega Rayquaza Clause: You cannot mega evolve Rayquaza\n|clearpoke\n|poke|p1|Togekiss, F|\n|poke|p1|Fearow, F|\n|poke|p1|Chatot, M|\n|poke|p1|Squawkabilly-Yellow, F|\n|poke|p1|Dodrio, M|\n|poke|p1|Corviknight, M|\n|poke|p2|Golurk|\n|poke|p2|Aggron, M|\n|poke|p2|Stakataka|\n|poke|p2|Deoxys-Defense|\n|poke|p2|Guzzlord|\n|poke|p2|Ferrothorn, M|\n|teampreview\n|c|\u2606Retter0608|good luck\n|\n|t:|1699813809\n|start\n|switch|p1a: \ud83c\udf2cCHATOT\ud83d\udc26|Chatot, M, shiny|100\/100\n|switch|p2a: Stakataka|Stakataka|100\/100\n|-item|p2a: Stakataka|Air Balloon\n|turn|1\n|\n|t:|1699813821\n|move|p1a: \ud83c\udf2cCHATOT\ud83d\udc26|Chatter|p2a: Stakataka\n|-resisted|p2a: Stakataka\n|-damage|p2a: Stakataka|94\/100\n|-start|p2a: Stakataka|confusion\n|-enditem|p2a: Stakataka|Air Balloon\n|-activate|p2a: Stakataka|confusion\n|move|p2a: Stakataka|Trick Room|p2a: Stakataka\n|-fieldstart|move: Trick Room|[of] p2a: Stakataka\n|\n|upkeep\n|turn|2\n|\n|t:|1699813831\n|-activate|p2a: Stakataka|confusion\n|move|p2a: Stakataka|Stealth Rock|p1a: \ud83c\udf2cCHATOT\ud83d\udc26\n|-sidestart|p1: AERO-M0DE\u2b06\ufe0f|move: Stealth Rock\n|move|p1a: \ud83c\udf2cCHATOT\ud83d\udc26|Nasty Plot|p1a: \ud83c\udf2cCHATOT\ud83d\udc26\n|-boost|p1a: \ud83c\udf2cCHATOT\ud83d\udc26|spa|2\n|\n|upkeep\n|turn|3\n|\n|t:|1699813838\n|-activate|p2a: Stakataka|confusion\n|-damage|p2a: Stakataka|86\/100|[from] confusion\n|move|p1a: \ud83c\udf2cCHATOT\ud83d\udc26|Chatter|p2a: Stakataka\n|-resisted|p2a: Stakataka\n|-crit|p2a: Stakataka\n|-damage|p2a: Stakataka|64\/100\n|\n|upkeep\n|turn|4\n|\n|t:|1699813845\n|-activate|p2a: Stakataka|confusion\n|move|p2a: Stakataka|Iron Head|p1a: \ud83c\udf2cCHATOT\ud83d\udc26\n|-enditem|p1a: \ud83c\udf2cCHATOT\ud83d\udc26|Focus Sash\n|-damage|p1a: \ud83c\udf2cCHATOT\ud83d\udc26|1\/100\n|move|p1a: \ud83c\udf2cCHATOT\ud83d\udc26|Chatter|p2a: Stakataka\n|-resisted|p2a: Stakataka\n|-damage|p2a: Stakataka|51\/100\n|\n|upkeep\n|turn|5\n|\n|t:|1699813855\n|-end|p2a: Stakataka|confusion\n|move|p2a: Stakataka|Iron Head|p1a: \ud83c\udf2cCHATOT\ud83d\udc26\n|-crit|p1a: \ud83c\udf2cCHATOT\ud83d\udc26\n|-damage|p1a: \ud83c\udf2cCHATOT\ud83d\udc26|0 fnt\n|faint|p1a: \ud83c\udf2cCHATOT\ud83d\udc26\n|-ability|p2a: Stakataka|Beast Boost|boost\n|-boost|p2a: Stakataka|def|1\n|\n|-fieldend|move: Trick Room\n|upkeep\n|\n|t:|1699813878\n|switch|p1a: \ud83c\udf2cCORVIKNIGHT\ud83c\udf2a\ud83c\udf2a|Corviknight, M|100\/100\n|-damage|p1a: \ud83c\udf2cCORVIKNIGHT\ud83c\udf2a\ud83c\udf2a|88\/100|[from] Stealth Rock\n|turn|6\n|c|\u2606Retter0608|i need generosity and i dont mean money\n|\n|t:|1699813894\n|-zpower|p1a: \ud83c\udf2cCORVIKNIGHT\ud83c\udf2a\ud83c\udf2a\n|move|p1a: \ud83c\udf2cCORVIKNIGHT\ud83c\udf2a\ud83c\udf2a|Supersonic Skystrike|p2a: Stakataka|[zeffect]\n|-resisted|p2a: Stakataka\n|-damage|p2a: Stakataka|44\/100\n|move|p2a: Stakataka|Trick Room|p2a: Stakataka\n|-fieldstart|move: Trick Room|[of] p2a: Stakataka\n|\n|upkeep\n|turn|7\n|\n|t:|1699813905\n|move|p2a: Stakataka|Iron Head|p1a: \ud83c\udf2cCORVIKNIGHT\ud83c\udf2a\ud83c\udf2a\n|-resisted|p1a: \ud83c\udf2cCORVIKNIGHT\ud83c\udf2a\ud83c\udf2a\n|-damage|p1a: \ud83c\udf2cCORVIKNIGHT\ud83c\udf2a\ud83c\udf2a|65\/100\n|move|p1a: \ud83c\udf2cCORVIKNIGHT\ud83c\udf2a\ud83c\udf2a|Roost|p1a: \ud83c\udf2cCORVIKNIGHT\ud83c\udf2a\ud83c\udf2a\n|-heal|p1a: \ud83c\udf2cCORVIKNIGHT\ud83c\udf2a\ud83c\udf2a|100\/100\n|-singleturn|p1a: \ud83c\udf2cCORVIKNIGHT\ud83c\udf2a\ud83c\udf2a|move: Roost\n|\n|upkeep\n|turn|8\n|\n|t:|1699813917\n|move|p2a: Stakataka|Earthquake|p1a: \ud83c\udf2cCORVIKNIGHT\ud83c\udf2a\ud83c\udf2a\n|-immune|p1a: \ud83c\udf2cCORVIKNIGHT\ud83c\udf2a\ud83c\udf2a\n|move|p1a: \ud83c\udf2cCORVIKNIGHT\ud83c\udf2a\ud83c\udf2a|Sky Attack||[still]\n|-prepare|p1a: \ud83c\udf2cCORVIKNIGHT\ud83c\udf2a\ud83c\udf2a|Sky Attack\n|\n|upkeep\n|turn|9\n|\n|t:|1699813924\n|move|p2a: Stakataka|Iron Head|p1a: \ud83c\udf2cCORVIKNIGHT\ud83c\udf2a\ud83c\udf2a\n|-resisted|p1a: \ud83c\udf2cCORVIKNIGHT\ud83c\udf2a\ud83c\udf2a\n|-damage|p1a: \ud83c\udf2cCORVIKNIGHT\ud83c\udf2a\ud83c\udf2a|80\/100\n|move|p1a: \ud83c\udf2cCORVIKNIGHT\ud83c\udf2a\ud83c\udf2a|Sky Attack|p2a: Stakataka|[from]lockedmove\n|-resisted|p2a: Stakataka\n|-damage|p2a: Stakataka|40\/100\n|\n|upkeep\n|turn|10\n|\n|t:|1699813936\n|move|p2a: Stakataka|Iron Head|p1a: \ud83c\udf2cCORVIKNIGHT\ud83c\udf2a\ud83c\udf2a\n|-resisted|p1a: \ud83c\udf2cCORVIKNIGHT\ud83c\udf2a\ud83c\udf2a\n|-damage|p1a: \ud83c\udf2cCORVIKNIGHT\ud83c\udf2a\ud83c\udf2a|60\/100\n|move|p1a: \ud83c\udf2cCORVIKNIGHT\ud83c\udf2a\ud83c\udf2a|Sky Attack||[still]\n|-prepare|p1a: \ud83c\udf2cCORVIKNIGHT\ud83c\udf2a\ud83c\udf2a|Sky Attack\n|\n|-fieldend|move: Trick Room\n|upkeep\n|turn|11\n|\n|t:|1699813943\n|move|p1a: \ud83c\udf2cCORVIKNIGHT\ud83c\udf2a\ud83c\udf2a|Sky Attack|p2a: Stakataka|[from]lockedmove\n|-resisted|p2a: Stakataka\n|-damage|p2a: Stakataka|35\/100\n|move|p2a: Stakataka|Iron Head|p1a: \ud83c\udf2cCORVIKNIGHT\ud83c\udf2a\ud83c\udf2a\n|-resisted|p1a: \ud83c\udf2cCORVIKNIGHT\ud83c\udf2a\ud83c\udf2a\n|-damage|p1a: \ud83c\udf2cCORVIKNIGHT\ud83c\udf2a\ud83c\udf2a|37\/100\n|\n|upkeep\n|turn|12\n|\n|t:|1699813952\n|move|p1a: \ud83c\udf2cCORVIKNIGHT\ud83c\udf2a\ud83c\udf2a|Roost|p1a: \ud83c\udf2cCORVIKNIGHT\ud83c\udf2a\ud83c\udf2a\n|-heal|p1a: \ud83c\udf2cCORVIKNIGHT\ud83c\udf2a\ud83c\udf2a|87\/100\n|-singleturn|p1a: \ud83c\udf2cCORVIKNIGHT\ud83c\udf2a\ud83c\udf2a|move: Roost\n|move|p2a: Stakataka|Trick Room|p2a: Stakataka\n|-fieldstart|move: Trick Room|[of] p2a: Stakataka\n|\n|upkeep\n|turn|13\n|\n|t:|1699813959\n|move|p2a: Stakataka|Iron Head|p1a: \ud83c\udf2cCORVIKNIGHT\ud83c\udf2a\ud83c\udf2a\n|-resisted|p1a: \ud83c\udf2cCORVIKNIGHT\ud83c\udf2a\ud83c\udf2a\n|-damage|p1a: \ud83c\udf2cCORVIKNIGHT\ud83c\udf2a\ud83c\udf2a|64\/100\n|move|p1a: \ud83c\udf2cCORVIKNIGHT\ud83c\udf2a\ud83c\udf2a|Sky Attack||[still]\n|-prepare|p1a: \ud83c\udf2cCORVIKNIGHT\ud83c\udf2a\ud83c\udf2a|Sky Attack\n|\n|upkeep\n|turn|14\n|\n|t:|1699813966\n|move|p2a: Stakataka|Iron Head|p1a: \ud83c\udf2cCORVIKNIGHT\ud83c\udf2a\ud83c\udf2a\n|-resisted|p1a: \ud83c\udf2cCORVIKNIGHT\ud83c\udf2a\ud83c\udf2a\n|-damage|p1a: \ud83c\udf2cCORVIKNIGHT\ud83c\udf2a\ud83c\udf2a|43\/100\n|move|p1a: \ud83c\udf2cCORVIKNIGHT\ud83c\udf2a\ud83c\udf2a|Sky Attack|p2a: Stakataka|[from]lockedmove\n|-resisted|p2a: Stakataka\n|-damage|p2a: Stakataka|30\/100\n|\n|upkeep\n|turn|15\n|\n|t:|1699813974\n|move|p2a: Stakataka|Iron Head|p1a: \ud83c\udf2cCORVIKNIGHT\ud83c\udf2a\ud83c\udf2a\n|-resisted|p1a: \ud83c\udf2cCORVIKNIGHT\ud83c\udf2a\ud83c\udf2a\n|-crit|p1a: \ud83c\udf2cCORVIKNIGHT\ud83c\udf2a\ud83c\udf2a\n|-damage|p1a: \ud83c\udf2cCORVIKNIGHT\ud83c\udf2a\ud83c\udf2a|10\/100\n|move|p1a: \ud83c\udf2cCORVIKNIGHT\ud83c\udf2a\ud83c\udf2a|Roost|p1a: \ud83c\udf2cCORVIKNIGHT\ud83c\udf2a\ud83c\udf2a\n|-heal|p1a: \ud83c\udf2cCORVIKNIGHT\ud83c\udf2a\ud83c\udf2a|60\/100\n|-singleturn|p1a: \ud83c\udf2cCORVIKNIGHT\ud83c\udf2a\ud83c\udf2a|move: Roost\n|\n|upkeep\n|turn|16\n|\n|t:|1699813983\n|move|p2a: Stakataka|Iron Head|p1a: \ud83c\udf2cCORVIKNIGHT\ud83c\udf2a\ud83c\udf2a\n|-resisted|p1a: \ud83c\udf2cCORVIKNIGHT\ud83c\udf2a\ud83c\udf2a\n|-damage|p1a: \ud83c\udf2cCORVIKNIGHT\ud83c\udf2a\ud83c\udf2a|36\/100\n|move|p1a: \ud83c\udf2cCORVIKNIGHT\ud83c\udf2a\ud83c\udf2a|Roost|p1a: \ud83c\udf2cCORVIKNIGHT\ud83c\udf2a\ud83c\udf2a\n|-heal|p1a: \ud83c\udf2cCORVIKNIGHT\ud83c\udf2a\ud83c\udf2a|86\/100\n|-singleturn|p1a: \ud83c\udf2cCORVIKNIGHT\ud83c\udf2a\ud83c\udf2a|move: Roost\n|\n|-fieldend|move: Trick Room\n|upkeep\n|turn|17\n|c|\u2606Retter0608|still no flinch\n|\n|t:|1699813995\n|move|p1a: \ud83c\udf2cCORVIKNIGHT\ud83c\udf2a\ud83c\udf2a|Brave Bird|p2a: Stakataka\n|-resisted|p2a: Stakataka\n|-damage|p2a: Stakataka|25\/100\n|-damage|p1a: \ud83c\udf2cCORVIKNIGHT\ud83c\udf2a\ud83c\udf2a|85\/100|[from] Recoil\n|move|p2a: Stakataka|Iron Head|p1a: \ud83c\udf2cCORVIKNIGHT\ud83c\udf2a\ud83c\udf2a\n|-resisted|p1a: \ud83c\udf2cCORVIKNIGHT\ud83c\udf2a\ud83c\udf2a\n|-damage|p1a: \ud83c\udf2cCORVIKNIGHT\ud83c\udf2a\ud83c\udf2a|64\/100\n|\n|upkeep\n|turn|18\n|\n|t:|1699814006\n|move|p1a: \ud83c\udf2cCORVIKNIGHT\ud83c\udf2a\ud83c\udf2a|Roost|p1a: \ud83c\udf2cCORVIKNIGHT\ud83c\udf2a\ud83c\udf2a\n|-heal|p1a: \ud83c\udf2cCORVIKNIGHT\ud83c\udf2a\ud83c\udf2a|100\/100\n|-singleturn|p1a: \ud83c\udf2cCORVIKNIGHT\ud83c\udf2a\ud83c\udf2a|move: Roost\n|move|p2a: Stakataka|Trick Room|p2a: Stakataka\n|-fieldstart|move: Trick Room|[of] p2a: Stakataka\n|\n|upkeep\n|turn|19\n|\n|t:|1699814016\n|move|p2a: Stakataka|Iron Head|p1a: \ud83c\udf2cCORVIKNIGHT\ud83c\udf2a\ud83c\udf2a\n|-resisted|p1a: \ud83c\udf2cCORVIKNIGHT\ud83c\udf2a\ud83c\udf2a\n|-damage|p1a: \ud83c\udf2cCORVIKNIGHT\ud83c\udf2a\ud83c\udf2a|79\/100\n|move|p1a: \ud83c\udf2cCORVIKNIGHT\ud83c\udf2a\ud83c\udf2a|Brave Bird|p2a: Stakataka\n|-resisted|p2a: Stakataka\n|-damage|p2a: Stakataka|21\/100\n|-damage|p1a: \ud83c\udf2cCORVIKNIGHT\ud83c\udf2a\ud83c\udf2a|78\/100|[from] Recoil\n|\n|upkeep\n|turn|20\n|\n|t:|1699814025\n|move|p2a: Stakataka|Iron Head|p1a: \ud83c\udf2cCORVIKNIGHT\ud83c\udf2a\ud83c\udf2a\n|-resisted|p1a: \ud83c\udf2cCORVIKNIGHT\ud83c\udf2a\ud83c\udf2a\n|-damage|p1a: \ud83c\udf2cCORVIKNIGHT\ud83c\udf2a\ud83c\udf2a|57\/100\n|cant|p1a: \ud83c\udf2cCORVIKNIGHT\ud83c\udf2a\ud83c\udf2a|flinch\n|\n|upkeep\n|turn|21\n|\n|t:|1699814032\n|move|p2a: Stakataka|Iron Head|p1a: \ud83c\udf2cCORVIKNIGHT\ud83c\udf2a\ud83c\udf2a\n|-resisted|p1a: \ud83c\udf2cCORVIKNIGHT\ud83c\udf2a\ud83c\udf2a\n|-damage|p1a: \ud83c\udf2cCORVIKNIGHT\ud83c\udf2a\ud83c\udf2a|35\/100\n|move|p1a: \ud83c\udf2cCORVIKNIGHT\ud83c\udf2a\ud83c\udf2a|Roost|p1a: \ud83c\udf2cCORVIKNIGHT\ud83c\udf2a\ud83c\udf2a\n|-heal|p1a: \ud83c\udf2cCORVIKNIGHT\ud83c\udf2a\ud83c\udf2a|85\/100\n|-singleturn|p1a: \ud83c\udf2cCORVIKNIGHT\ud83c\udf2a\ud83c\udf2a|move: Roost\n|\n|upkeep\n|turn|22\n|\n|t:|1699814042\n|move|p2a: Stakataka|Iron Head|p1a: \ud83c\udf2cCORVIKNIGHT\ud83c\udf2a\ud83c\udf2a\n|-resisted|p1a: \ud83c\udf2cCORVIKNIGHT\ud83c\udf2a\ud83c\udf2a\n|-damage|p1a: \ud83c\udf2cCORVIKNIGHT\ud83c\udf2a\ud83c\udf2a|63\/100\n|move|p1a: \ud83c\udf2cCORVIKNIGHT\ud83c\udf2a\ud83c\udf2a|Sky Attack||[still]\n|-prepare|p1a: \ud83c\udf2cCORVIKNIGHT\ud83c\udf2a\ud83c\udf2a|Sky Attack\n|\n|-fieldend|move: Trick Room\n|upkeep\n|turn|23\n|c|\u2606Retter0608|....\n|\n|t:|1699814049\n|move|p1a: \ud83c\udf2cCORVIKNIGHT\ud83c\udf2a\ud83c\udf2a|Sky Attack|p2a: Stakataka|[from]lockedmove|[miss]\n|-miss|p1a: \ud83c\udf2cCORVIKNIGHT\ud83c\udf2a\ud83c\udf2a|p2a: Stakataka\n|move|p2a: Stakataka|Trick Room|p2a: Stakataka\n|-fieldstart|move: Trick Room|[of] p2a: Stakataka\n|\n|upkeep\n|turn|24\n|\n|t:|1699814057\n|move|p2a: Stakataka|Iron Head|p1a: \ud83c\udf2cCORVIKNIGHT\ud83c\udf2a\ud83c\udf2a\n|-resisted|p1a: \ud83c\udf2cCORVIKNIGHT\ud83c\udf2a\ud83c\udf2a\n|-damage|p1a: \ud83c\udf2cCORVIKNIGHT\ud83c\udf2a\ud83c\udf2a|39\/100\n|move|p1a: \ud83c\udf2cCORVIKNIGHT\ud83c\udf2a\ud83c\udf2a|Brave Bird|p2a: Stakataka\n|-resisted|p2a: Stakataka\n|-damage|p2a: Stakataka|16\/100\n|-damage|p1a: \ud83c\udf2cCORVIKNIGHT\ud83c\udf2a\ud83c\udf2a|37\/100|[from] Recoil\n|\n|upkeep\n|turn|25\n|\n|t:|1699814066\n|move|p2a: Stakataka|Iron Head|p1a: \ud83c\udf2cCORVIKNIGHT\ud83c\udf2a\ud83c\udf2a\n|-resisted|p1a: \ud83c\udf2cCORVIKNIGHT\ud83c\udf2a\ud83c\udf2a\n|-damage|p1a: \ud83c\udf2cCORVIKNIGHT\ud83c\udf2a\ud83c\udf2a|15\/100\n|move|p1a: \ud83c\udf2cCORVIKNIGHT\ud83c\udf2a\ud83c\udf2a|Roost|p1a: \ud83c\udf2cCORVIKNIGHT\ud83c\udf2a\ud83c\udf2a\n|-heal|p1a: \ud83c\udf2cCORVIKNIGHT\ud83c\udf2a\ud83c\udf2a|65\/100\n|-singleturn|p1a: \ud83c\udf2cCORVIKNIGHT\ud83c\udf2a\ud83c\udf2a|move: Roost\n|\n|upkeep\n|turn|26\n|\n|t:|1699814075\n|move|p2a: Stakataka|Iron Head|p1a: \ud83c\udf2cCORVIKNIGHT\ud83c\udf2a\ud83c\udf2a\n|-resisted|p1a: \ud83c\udf2cCORVIKNIGHT\ud83c\udf2a\ud83c\udf2a\n|-damage|p1a: \ud83c\udf2cCORVIKNIGHT\ud83c\udf2a\ud83c\udf2a|44\/100\n|move|p1a: \ud83c\udf2cCORVIKNIGHT\ud83c\udf2a\ud83c\udf2a|Brave Bird|p2a: Stakataka\n|-resisted|p2a: Stakataka\n|-damage|p2a: Stakataka|12\/100\n|-damage|p1a: \ud83c\udf2cCORVIKNIGHT\ud83c\udf2a\ud83c\udf2a|43\/100|[from] Recoil\n|\n|upkeep\n|turn|27\n|\n|t:|1699814085\n|move|p2a: Stakataka|Iron Head|p1a: \ud83c\udf2cCORVIKNIGHT\ud83c\udf2a\ud83c\udf2a\n|-resisted|p1a: \ud83c\udf2cCORVIKNIGHT\ud83c\udf2a\ud83c\udf2a\n|-damage|p1a: \ud83c\udf2cCORVIKNIGHT\ud83c\udf2a\ud83c\udf2a|22\/100\n|move|p1a: \ud83c\udf2cCORVIKNIGHT\ud83c\udf2a\ud83c\udf2a|Roost|p1a: \ud83c\udf2cCORVIKNIGHT\ud83c\udf2a\ud83c\udf2a\n|-heal|p1a: \ud83c\udf2cCORVIKNIGHT\ud83c\udf2a\ud83c\udf2a|72\/100\n|-singleturn|p1a: \ud83c\udf2cCORVIKNIGHT\ud83c\udf2a\ud83c\udf2a|move: Roost\n|\n|-fieldend|move: Trick Room\n|upkeep\n|turn|28\n|\n|t:|1699814096\n|move|p1a: \ud83c\udf2cCORVIKNIGHT\ud83c\udf2a\ud83c\udf2a|Brave Bird|p2a: Stakataka\n|-resisted|p2a: Stakataka\n|-damage|p2a: Stakataka|8\/100\n|-damage|p1a: \ud83c\udf2cCORVIKNIGHT\ud83c\udf2a\ud83c\udf2a|70\/100|[from] Recoil\n|move|p2a: Stakataka|Iron Head|p1a: \ud83c\udf2cCORVIKNIGHT\ud83c\udf2a\ud83c\udf2a\n|-resisted|p1a: \ud83c\udf2cCORVIKNIGHT\ud83c\udf2a\ud83c\udf2a\n|-damage|p1a: \ud83c\udf2cCORVIKNIGHT\ud83c\udf2a\ud83c\udf2a|49\/100\n|\n|upkeep\n|turn|29\n|\n|t:|1699814108\n|move|p1a: \ud83c\udf2cCORVIKNIGHT\ud83c\udf2a\ud83c\udf2a|Brave Bird|p2a: Stakataka\n|-resisted|p2a: Stakataka\n|-damage|p2a: Stakataka|4\/100\n|-damage|p1a: \ud83c\udf2cCORVIKNIGHT\ud83c\udf2a\ud83c\udf2a|47\/100|[from] Recoil\n|move|p2a: Stakataka|Earthquake|p1a: \ud83c\udf2cCORVIKNIGHT\ud83c\udf2a\ud83c\udf2a\n|-immune|p1a: \ud83c\udf2cCORVIKNIGHT\ud83c\udf2a\ud83c\udf2a\n|\n|upkeep\n|turn|30\n|\n|t:|1699814118\n|move|p1a: \ud83c\udf2cCORVIKNIGHT\ud83c\udf2a\ud83c\udf2a|Brave Bird|p2a: Stakataka\n|-resisted|p2a: Stakataka\n|-damage|p2a: Stakataka|0 fnt\n|faint|p2a: Stakataka\n|-damage|p1a: \ud83c\udf2cCORVIKNIGHT\ud83c\udf2a\ud83c\udf2a|46\/100|[from] Recoil\n|\n|upkeep\n|\n|t:|1699814142\n|switch|p2a: Ferrothorn|Ferrothorn, M|100\/100\n|turn|31\n|\n|t:|1699814151\n|move|p1a: \ud83c\udf2cCORVIKNIGHT\ud83c\udf2a\ud83c\udf2a|Brave Bird|p2a: Ferrothorn\n|-damage|p2a: Ferrothorn|62\/100\n|-damage|p1a: \ud83c\udf2cCORVIKNIGHT\ud83c\udf2a\ud83c\udf2a|34\/100|[from] ability: Iron Barbs|[of] p2a: Ferrothorn\n|-damage|p1a: \ud83c\udf2cCORVIKNIGHT\ud83c\udf2a\ud83c\udf2a|23\/100|[from] Recoil\n|move|p2a: Ferrothorn|Leech Seed|p1a: \ud83c\udf2cCORVIKNIGHT\ud83c\udf2a\ud83c\udf2a\n|-start|p1a: \ud83c\udf2cCORVIKNIGHT\ud83c\udf2a\ud83c\udf2a|move: Leech Seed\n|\n|-heal|p2a: Ferrothorn|68\/100|[from] item: Leftovers\n|-damage|p1a: \ud83c\udf2cCORVIKNIGHT\ud83c\udf2a\ud83c\udf2a|10\/100|[from] Leech Seed|[of] p2a: Ferrothorn\n|-heal|p2a: Ferrothorn|83\/100|[silent]\n|upkeep\n|turn|32\n|\n|t:|1699814167\n|move|p1a: \ud83c\udf2cCORVIKNIGHT\ud83c\udf2a\ud83c\udf2a|Brave Bird|p2a: Ferrothorn\n|-damage|p2a: Ferrothorn|46\/100\n|-damage|p1a: \ud83c\udf2cCORVIKNIGHT\ud83c\udf2a\ud83c\udf2a|0 fnt|[from] ability: Iron Barbs|[of] p2a: Ferrothorn\n|faint|p1a: \ud83c\udf2cCORVIKNIGHT\ud83c\udf2a\ud83c\udf2a\n|move|p2a: Ferrothorn|Curse|p2a: Ferrothorn\n|-unboost|p2a: Ferrothorn|spe|1\n|-boost|p2a: Ferrothorn|atk|1\n|-boost|p2a: Ferrothorn|def|1\n|\n|-heal|p2a: Ferrothorn|53\/100|[from] item: Leftovers\n|upkeep\n|\n|t:|1699814191\n|switch|p1a: \ud83c\udf2cTOGEKISS\ud83c\udf2a|Togekiss, F, shiny|100\/100\n|-damage|p1a: \ud83c\udf2cTOGEKISS\ud83c\udf2a|75\/100|[from] Stealth Rock\n|turn|33\n|\n|t:|1699814199\n|-terastallize|p1a: \ud83c\udf2cTOGEKISS\ud83c\udf2a|Flying\n|move|p1a: \ud83c\udf2cTOGEKISS\ud83c\udf2a|Air Slash|p2a: Ferrothorn\n|-damage|p2a: Ferrothorn|10\/100\n|cant|p2a: Ferrothorn|flinch\n|\n|-heal|p2a: Ferrothorn|17\/100|[from] item: Leftovers\n|upkeep\n|turn|34\n|\n|t:|1699814211\n|move|p1a: \ud83c\udf2cTOGEKISS\ud83c\udf2a|Air Slash|p2a: Ferrothorn\n|-damage|p2a: Ferrothorn|0 fnt\n|faint|p2a: Ferrothorn\n|\n|upkeep\n|\n|t:|1699814217\n|switch|p2a: Deoxys|Deoxys-Defense|100\/100\n|-ability|p2a: Deoxys|Pressure\n|turn|35\n|\n|t:|1699814222\n|move|p1a: \ud83c\udf2cTOGEKISS\ud83c\udf2a|Thunder Wave|p2a: Deoxys\n|-status|p2a: Deoxys|par\n|move|p2a: Deoxys|Toxic|p1a: \ud83c\udf2cTOGEKISS\ud83c\udf2a\n|-status|p1a: \ud83c\udf2cTOGEKISS\ud83c\udf2a|tox\n|\n|-damage|p1a: \ud83c\udf2cTOGEKISS\ud83c\udf2a|69\/100 tox|[from] psn\n|upkeep\n|turn|36\n|\n|t:|1699814233\n|move|p2a: Deoxys|Protect|p2a: Deoxys\n|-singleturn|p2a: Deoxys|Protect\n|move|p1a: \ud83c\udf2cTOGEKISS\ud83c\udf2a|Air Slash|p2a: Deoxys\n|-activate|p2a: Deoxys|move: Protect\n|\n|-damage|p1a: \ud83c\udf2cTOGEKISS\ud83c\udf2a|57\/100 tox|[from] psn\n|upkeep\n|turn|37\n|\n|t:|1699814244\n|move|p1a: \ud83c\udf2cTOGEKISS\ud83c\udf2a|Roost|p1a: \ud83c\udf2cTOGEKISS\ud83c\udf2a\n|-heal|p1a: \ud83c\udf2cTOGEKISS\ud83c\udf2a|100\/100 tox\n|-hint|If a Flying Terastallized Pokemon uses Roost, it remains Flying-type.\n|move|p2a: Deoxys|Recover||[still]\n|-fail|p2a: Deoxys|heal\n|\n|-damage|p1a: \ud83c\udf2cTOGEKISS\ud83c\udf2a|82\/100 tox|[from] psn\n|upkeep\n|turn|38\n|\n|t:|1699814256\n|switch|p1a: \ud83c\udf2cDODRIO\ud83c\udf2a\ud83c\udf2a|Dodrio, M|100\/100\n|-damage|p1a: \ud83c\udf2cDODRIO\ud83c\udf2a\ud83c\udf2a|76\/100|[from] Stealth Rock\n|move|p2a: Deoxys|Psycho Boost|p1a: \ud83c\udf2cDODRIO\ud83c\udf2a\ud83c\udf2a\n|-damage|p1a: \ud83c\udf2cDODRIO\ud83c\udf2a\ud83c\udf2a|0 fnt\n|-unboost|p2a: Deoxys|spa|2\n|faint|p1a: \ud83c\udf2cDODRIO\ud83c\udf2a\ud83c\udf2a\n|\n|upkeep\n|\n|t:|1699814273\n|switch|p1a: \ud83c\udf2cFEAROW\ud83c\udf2a|Fearow, F, shiny|100\/100\n|-damage|p1a: \ud83c\udf2cFEAROW\ud83c\udf2a|75\/100|[from] Stealth Rock\n|turn|39\n|\n|t:|1699814279\n|move|p1a: \ud83c\udf2cFEAROW\ud83c\udf2a|Sky Attack||[still]\n|-prepare|p1a: \ud83c\udf2cFEAROW\ud83c\udf2a|Sky Attack\n|-enditem|p1a: \ud83c\udf2cFEAROW\ud83c\udf2a|Power Herb\n|-anim|p1a: \ud83c\udf2cFEAROW\ud83c\udf2a|Sky Attack|p2a: Deoxys\n|-damage|p2a: Deoxys|52\/100 par\n|cant|p2a: Deoxys|par\n|\n|upkeep\n|turn|40\n|\n|t:|1699814289\n|move|p2a: Deoxys|Protect|p2a: Deoxys\n|-singleturn|p2a: Deoxys|Protect\n|move|p1a: \ud83c\udf2cFEAROW\ud83c\udf2a|Sky Attack||[still]\n|-prepare|p1a: \ud83c\udf2cFEAROW\ud83c\udf2a|Sky Attack\n|\n|upkeep\n|turn|41\n|\n|t:|1699814295\n|move|p1a: \ud83c\udf2cFEAROW\ud83c\udf2a|Sky Attack|p2a: Deoxys|[from]lockedmove\n|-damage|p2a: Deoxys|2\/100 par\n|cant|p2a: Deoxys|par\n|\n|upkeep\n|turn|42\n|\n|t:|1699814302\n|move|p2a: Deoxys|Protect|p2a: Deoxys\n|-singleturn|p2a: Deoxys|Protect\n|move|p1a: \ud83c\udf2cFEAROW\ud83c\udf2a|Quick Attack|p2a: Deoxys\n|-activate|p2a: Deoxys|move: Protect\n|\n|upkeep\n|turn|43\n|\n|t:|1699814310\n|switch|p2a: Golurk|Golurk, shiny|100\/100\n|move|p1a: \ud83c\udf2cFEAROW\ud83c\udf2a|Quick Attack|p2a: Golurk\n|-immune|p2a: Golurk\n|\n|upkeep\n|turn|44\n|\n|t:|1699814320\n|-terastallize|p2a: Golurk|Water\n|move|p1a: \ud83c\udf2cFEAROW\ud83c\udf2a|Sky Attack||[still]\n|-prepare|p1a: \ud83c\udf2cFEAROW\ud83c\udf2a|Sky Attack\n|move|p2a: Golurk|Darkest Lariat|p1a: \ud83c\udf2cFEAROW\ud83c\udf2a\n|-damage|p1a: \ud83c\udf2cFEAROW\ud83c\udf2a|21\/100\n|\n|upkeep\n|turn|45\n|\n|t:|1699814328\n|move|p1a: \ud83c\udf2cFEAROW\ud83c\udf2a|Sky Attack|p2a: Golurk|[from]lockedmove\n|-damage|p2a: Golurk|44\/100\n|cant|p2a: Golurk|flinch\n|\n|upkeep\n|turn|46\n|c|\u2606Retter0608|sure sure\n|c|\u2606Retter0608|sure sure\n|\n|t:|1699814342\n|move|p1a: \ud83c\udf2cFEAROW\ud83c\udf2a|Fly||[still]\n|-prepare|p1a: \ud83c\udf2cFEAROW\ud83c\udf2a|Fly\n|move|p2a: Golurk|Poltergeist||[still]\n|-fail|p2a: Golurk\n|\n|upkeep\n|turn|47\n|\n|t:|1699814347\n|switch|p2a: Deoxys|Deoxys-Defense|2\/100 par\n|-ability|p2a: Deoxys|Pressure\n|move|p1a: \ud83c\udf2cFEAROW\ud83c\udf2a|Fly|p2a: Deoxys|[from]lockedmove\n|-damage|p2a: Deoxys|0 fnt\n|faint|p2a: Deoxys\n|\n|upkeep\n|\n|t:|1699814356\n|switch|p2a: Golurk|Golurk, shiny, tera:Water|44\/100\n|turn|48\n|\n|t:|1699814361\n|move|p1a: \ud83c\udf2cFEAROW\ud83c\udf2a|Fly||[still]\n|-prepare|p1a: \ud83c\udf2cFEAROW\ud83c\udf2a|Fly\n|move|p2a: Golurk|Darkest Lariat|p1a: \ud83c\udf2cFEAROW\ud83c\udf2a\n|-damage|p1a: \ud83c\udf2cFEAROW\ud83c\udf2a|0 fnt\n|faint|p1a: \ud83c\udf2cFEAROW\ud83c\udf2a\n|\n|upkeep\n|\n|t:|1699814368\n|switch|p1a: \ud83c\udf2cSQUAWKABILLY\ud83d\udc24|Squawkabilly-Yellow, F, shiny|100\/100\n|-damage|p1a: \ud83c\udf2cSQUAWKABILLY\ud83d\udc24|76\/100|[from] Stealth Rock\n|turn|49\n|c|\u2606Retter0608|come to me off sky\n|\n|t:|1699814380\n|move|p1a: \ud83c\udf2cSQUAWKABILLY\ud83d\udc24|Brave Bird|p2a: Golurk\n|-damage|p2a: Golurk|0 fnt\n|faint|p2a: Golurk\n|-damage|p1a: \ud83c\udf2cSQUAWKABILLY\ud83d\udc24|60\/100|[from] Recoil\n|\n|upkeep\n|\n|t:|1699814387\n|switch|p2a: Aggron|Aggron, M|100\/100\n|turn|50\n|\n|t:|1699814392\n|detailschange|p2a: Aggron|Aggron-Mega, M\n|-mega|p2a: Aggron|Aggron|Aggronite\n|move|p1a: \ud83c\udf2cSQUAWKABILLY\ud83d\udc24|Brave Bird|p2a: Aggron\n|-resisted|p2a: Aggron\n|-damage|p2a: Aggron|87\/100\n|-damage|p1a: \ud83c\udf2cSQUAWKABILLY\ud83d\udc24|56\/100|[from] Recoil\n|move|p2a: Aggron|Iron Defense|p2a: Aggron\n|-boost|p2a: Aggron|def|2\n|\n|upkeep\n|turn|51\n|\n|t:|1699814402\n|move|p1a: \ud83c\udf2cSQUAWKABILLY\ud83d\udc24|Brave Bird|p2a: Aggron\n|-resisted|p2a: Aggron\n|-damage|p2a: Aggron|80\/100\n|-damage|p1a: \ud83c\udf2cSQUAWKABILLY\ud83d\udc24|54\/100|[from] Recoil\n|move|p2a: Aggron|Iron Defense|p2a: Aggron\n|-boost|p2a: Aggron|def|2\n|\n|upkeep\n|turn|52\n|c|\u2606Retter0608|it is over\n|\n|t:|1699814411\n|move|p1a: \ud83c\udf2cSQUAWKABILLY\ud83d\udc24|Brave Bird|p2a: Aggron\n|-resisted|p2a: Aggron\n|-damage|p2a: Aggron|75\/100\n|-damage|p1a: \ud83c\udf2cSQUAWKABILLY\ud83d\udc24|53\/100|[from] Recoil\n|move|p2a: Aggron|Iron Defense|p2a: Aggron\n|-boost|p2a: Aggron|def|2\n|\n|upkeep\n|turn|53\n|\n|t:|1699814419\n|move|p1a: \ud83c\udf2cSQUAWKABILLY\ud83d\udc24|Brave Bird|p2a: Aggron\n|-resisted|p2a: Aggron\n|-damage|p2a: Aggron|71\/100\n|-damage|p1a: \ud83c\udf2cSQUAWKABILLY\ud83d\udc24|52\/100|[from] Recoil\n|move|p2a: Aggron|Rock Slide|p1a: \ud83c\udf2cSQUAWKABILLY\ud83d\udc24\n|-supereffective|p1a: \ud83c\udf2cSQUAWKABILLY\ud83d\udc24\n|-damage|p1a: \ud83c\udf2cSQUAWKABILLY\ud83d\udc24|0 fnt\n|faint|p1a: \ud83c\udf2cSQUAWKABILLY\ud83d\udc24\n|\n|upkeep\n|\n|t:|1699814430\n|switch|p1a: \ud83c\udf2cTOGEKISS\ud83c\udf2a|Togekiss, F, shiny, tera:Flying|82\/100 tox\n|-damage|p1a: \ud83c\udf2cTOGEKISS\ud83c\udf2a|57\/100 tox|[from] Stealth Rock\n|turn|54\n|c|\u2606Retter0608|none mute can win now\n|\n|t:|1699814437\n|move|p1a: \ud83c\udf2cTOGEKISS\ud83c\udf2a|Thunder Wave|p2a: Aggron\n|-status|p2a: Aggron|par\n|cant|p2a: Aggron|par\n|\n|-damage|p1a: \ud83c\udf2cTOGEKISS\ud83c\udf2a|51\/100 tox|[from] psn\n|upkeep\n|turn|55\n|c|\u2606Retter0608|still well done with team\n|\n|t:|1699814449\n|move|p1a: \ud83c\udf2cTOGEKISS\ud83c\udf2a|Roost|p1a: \ud83c\udf2cTOGEKISS\ud83c\udf2a\n|-heal|p1a: \ud83c\udf2cTOGEKISS\ud83c\udf2a|100\/100 tox\n|-hint|If a Flying Terastallized Pokemon uses Roost, it remains Flying-type.\n|move|p2a: Aggron|Rock Slide|p1a: \ud83c\udf2cTOGEKISS\ud83c\udf2a|[miss]\n|-miss|p2a: Aggron|p1a: \ud83c\udf2cTOGEKISS\ud83c\udf2a\n|\n|-damage|p1a: \ud83c\udf2cTOGEKISS\ud83c\udf2a|88\/100 tox|[from] psn\n|upkeep\n|turn|56\n|\n|t:|1699814459\n|move|p1a: \ud83c\udf2cTOGEKISS\ud83c\udf2a|Air Slash|p2a: Aggron\n|-resisted|p2a: Aggron\n|-damage|p2a: Aggron|33\/100 par\n|move|p2a: Aggron|Rock Slide|p1a: \ud83c\udf2cTOGEKISS\ud83c\udf2a\n|-supereffective|p1a: \ud83c\udf2cTOGEKISS\ud83c\udf2a\n|-damage|p1a: \ud83c\udf2cTOGEKISS\ud83c\udf2a|31\/100 tox\n|\n|-damage|p1a: \ud83c\udf2cTOGEKISS\ud83c\udf2a|12\/100 tox|[from] psn\n|upkeep\n|turn|57\n|\n|t:|1699814469\n|move|p1a: \ud83c\udf2cTOGEKISS\ud83c\udf2a|Air Slash|p2a: Aggron\n|-resisted|p2a: Aggron\n|-damage|p2a: Aggron|0 fnt\n|faint|p2a: Aggron\n|\n|-damage|p1a: \ud83c\udf2cTOGEKISS\ud83c\udf2a|0 fnt|[from] psn\n|faint|p1a: \ud83c\udf2cTOGEKISS\ud83c\udf2a\n|\n|win|Retter0608\n|upkeep\n|raw|AERO-M0DE\u2b06\ufe0f's rating: 1164 &rarr; <strong>1131<\/strong><br \/>(-33 for losing)\n|raw|Retter0608's rating: 1043 &rarr; <strong>1088<\/strong><br \/>(+45 for winning)\n|c|\u2606Retter0608|ggwp\n|c|\u2606Retter0608|well that was long\n|c|\u2606Retter0608|guess good luck next time\n|c|\u2606Retter0608|dont get predicted)\n|l|\u2606Retter0608\n|c|\u2606AERO-M0DE\u2b06\ufe0f|Flying!!!\n","uploadtime":1699814625,"views":16,"p1id":"aerom0de","p2id":"retter0608","formatid":"gen9nationaldexubers","rating":1088,"private":0,"password":""}