{"id":"gen9nationaldexubers-1984284285","p1":"ryanzitossexsex","p2":"BigPengSus","format":"[Gen 9] National Dex Ubers","log":"|j|\u2606ryanzitossexsex\n|j|\u2606BigPengSus\n|t:|1699238875\n|gametype|singles\n|player|p1|ryanzitossexsex|candice|1000\n|player|p2|BigPengSus|169|1165\n|teamsize|p1|6\n|teamsize|p2|6\n|gen|9\n|tier|[Gen 9] National Dex Ubers\n|rated|\n|rule|HP Percentage Mod: HP is shown in percentages\n|rule|Endless Battle Clause: Forcing endless battles is banned\n|rule|OHKO Clause: OHKO moves are banned\n|rule|Evasion Moves Clause: Evasion moves are banned\n|rule|Evasion Items Clause: Evasion items are banned\n|rule|Species Clause: Limit one of each Pok\u00e9mon\n|rule|Sleep Clause Mod: Limit one foe put to sleep\n|rule|Mega Rayquaza Clause: You cannot mega evolve Rayquaza\n|clearpoke\n|poke|p1|Wigglytuff, F|\n|poke|p1|Weezing-Galar, M|\n|poke|p1|Mawile, M|\n|poke|p1|Hatterene, F|\n|poke|p1|Grimmsnarl, M|\n|poke|p1|Gardevoir, F|\n|poke|p2|Iron Hands|\n|poke|p2|Diglett, M|\n|poke|p2|Garganacl, F|\n|poke|p2|Palafin, M|\n|poke|p2|Zacian-*|\n|poke|p2|Rotom-Frost|\n|teampreview\n|\n|t:|1699238890\n|start\n|switch|p1a: elis|Gardevoir, F, shiny|100\/100\n|switch|p2a: Palafin|Palafin, M|100\/100\n|turn|1\n|\n|t:|1699238910\n|detailschange|p1a: elis|Gardevoir-Mega, F, shiny\n|-mega|p1a: elis|Gardevoir|Gardevoirite\n|move|p2a: Palafin|Flip Turn|p1a: elis\n|-damage|p1a: elis|56\/100\n|\n|t:|1699238919\n|detailschange|p2a: Palafin|Palafin-Hero, M\n|switch|p2a: Minecraft|Garganacl, F|100\/100|[from] Flip Turn\n|move|p1a: elis|Dazzling Gleam|p2a: Minecraft\n|-damage|p2a: Minecraft|68\/100\n|\n|-heal|p2a: Minecraft|74\/100|[from] item: Leftovers\n|upkeep\n|turn|2\n|inactive|Battle timer is ON: inactive players will automatically lose when time's up. (requested by BigPengSus)\n|\n|t:|1699238932\n|-terastallize|p2a: Minecraft|Water\n|move|p1a: elis|Psyshock|p2a: Minecraft\n|-damage|p2a: Minecraft|42\/100\n|move|p2a: Minecraft|Salt Cure|p1a: elis\n|-damage|p1a: elis|33\/100\n|-start|p1a: elis|Salt Cure\n|\n|-heal|p2a: Minecraft|48\/100|[from] item: Leftovers\n|-damage|p1a: elis|21\/100|[from] Salt Cure\n|upkeep\n|turn|3\n|\n|t:|1699238947\n|move|p1a: elis|Dazzling Gleam|p2a: Minecraft\n|-damage|p2a: Minecraft|13\/100\n|move|p2a: Minecraft|Recover|p2a: Minecraft\n|-heal|p2a: Minecraft|63\/100\n|\n|-heal|p2a: Minecraft|69\/100|[from] item: Leftovers\n|-damage|p1a: elis|9\/100|[from] Salt Cure\n|upkeep\n|turn|4\n|\n|t:|1699238962\n|move|p2a: Minecraft|Protect|p2a: Minecraft\n|-singleturn|p2a: Minecraft|Protect\n|move|p1a: elis|Dazzling Gleam|p2a: Minecraft\n|-activate|p2a: Minecraft|move: Protect\n|\n|-heal|p2a: Minecraft|75\/100|[from] item: Leftovers\n|-damage|p1a: elis|0 fnt|[from] Salt Cure\n|faint|p1a: elis\n|upkeep\n|\n|t:|1699238975\n|switch|p1a: Neno Sir.|Weezing-Galar, M|100\/100\n|-ability|p1a: Neno Sir.|Neutralizing Gas\n|turn|5\n|\n|t:|1699238987\n|switch|p2a: Deimos|Diglett, M|100\/100\n|move|p1a: Neno Sir.|Toxic Spikes|p2a: Deimos\n|-sidestart|p2: BigPengSus|move: Toxic Spikes\n|\n|upkeep\n|turn|6\n|\n|t:|1699239000\n|move|p2a: Deimos|Earthquake|p1a: Neno Sir.\n|-supereffective|p1a: Neno Sir.\n|-damage|p1a: Neno Sir.|59\/100\n|move|p1a: Neno Sir.|Strange Steam|p2a: Deimos\n|-enditem|p2a: Deimos|Focus Sash\n|-damage|p2a: Deimos|1\/100\n|\n|-heal|p1a: Neno Sir.|65\/100|[from] item: Black Sludge\n|upkeep\n|turn|7\n|\n|t:|1699239014\n|move|p2a: Deimos|Earthquake|p1a: Neno Sir.\n|-supereffective|p1a: Neno Sir.\n|-damage|p1a: Neno Sir.|25\/100\n|move|p1a: Neno Sir.|Sludge Bomb|p2a: Deimos\n|-resisted|p2a: Deimos\n|-damage|p2a: Deimos|0 fnt\n|faint|p2a: Deimos\n|\n|-heal|p1a: Neno Sir.|31\/100|[from] item: Black Sludge\n|upkeep\n|\n|t:|1699239018\n|switch|p2a: Palafin|Palafin-Hero, M|100\/100\n|-status|p2a: Palafin|psn\n|-activate|p2a: Palafin|ability: Zero to Hero\n|turn|8\n|\n|t:|1699239032\n|move|p2a: Palafin|Jet Punch|p1a: Neno Sir.\n|-damage|p1a: Neno Sir.|3\/100\n|move|p1a: Neno Sir.|Strange Steam|p2a: Palafin\n|-damage|p2a: Palafin|67\/100 psn\n|-start|p2a: Palafin|confusion\n|\n|-heal|p1a: Neno Sir.|9\/100|[from] item: Black Sludge\n|-damage|p2a: Palafin|55\/100 psn|[from] psn\n|upkeep\n|turn|9\n|\n|t:|1699239049\n|-activate|p2a: Palafin|confusion\n|move|p2a: Palafin|Jet Punch|p1a: Neno Sir.\n|-damage|p1a: Neno Sir.|0 fnt\n|faint|p1a: Neno Sir.\n|-end|p1a: Neno Sir.|ability: Neutralizing Gas\n|\n|-damage|p2a: Palafin|43\/100 psn|[from] psn\n|upkeep\n|\n|t:|1699239063\n|switch|p1a: beijinho|Hatterene, F|100\/100\n|turn|10\n|\n|t:|1699239070\n|-activate|p2a: Palafin|confusion\n|move|p2a: Palafin|Flip Turn|p1a: beijinho\n|-damage|p1a: beijinho|59\/100\n|\n|t:|1699239073\n|switch|p2a: Rotom|Rotom-Frost|100\/100|[from] Flip Turn\n|move|p1a: beijinho|Giga Drain|p2a: Rotom\n|-damage|p2a: Rotom|65\/100\n|-heal|p1a: beijinho|73\/100|[from] drain|[of] p2a: Rotom\n|\n|upkeep\n|turn|11\n|\n|t:|1699239086\n|move|p2a: Rotom|Defog|p1a: beijinho\n|move|p1a: beijinho|Defog|p2a: Rotom|[from]ability: Magic Bounce\n|-unboost|p2a: Rotom|evasion|1\n|-sideend|p2: BigPengSus|Toxic Spikes|[from] move: Defog|[of] p1a: beijinho\n|move|p1a: beijinho|Psyshock|p2a: Rotom\n|-damage|p2a: Rotom|10\/100\n|\n|upkeep\n|turn|12\n|\n|t:|1699239099\n|move|p2a: Rotom|Thunderbolt|p1a: beijinho\n|-damage|p1a: beijinho|34\/100\n|move|p1a: beijinho|Giga Drain|p2a: Rotom\n|-damage|p2a: Rotom|0 fnt\n|-heal|p1a: beijinho|38\/100|[from] drain|[of] p2a: Rotom\n|faint|p2a: Rotom\n|\n|upkeep\n|\n|t:|1699239113\n|switch|p2a: Zacian|Zacian|100\/100\n|-ability|p2a: Zacian|Intrepid Sword|boost\n|-boost|p2a: Zacian|atk|1\n|turn|13\n|\n|t:|1699239123\n|move|p2a: Zacian|Play Rough|p1a: beijinho\n|-damage|p1a: beijinho|0 fnt\n|faint|p1a: beijinho\n|\n|upkeep\n|\n|t:|1699239129\n|switch|p1a: ozzy|Grimmsnarl, M|100\/100\n|turn|14\n|\n|t:|1699239135\n|move|p1a: ozzy|Thunder Wave|p2a: Zacian\n|-status|p2a: Zacian|par\n|cant|p2a: Zacian|par\n|\n|upkeep\n|turn|15\n|\n|t:|1699239153\n|move|p2a: Zacian|Play Rough|p1a: ozzy\n|-supereffective|p1a: ozzy\n|-damage|p1a: ozzy|0 fnt\n|faint|p1a: ozzy\n|\n|upkeep\n|\n|t:|1699239164\n|switch|p1a: bolofofo|Wigglytuff, F|100\/100\n|turn|16\n|\n|t:|1699239176\n|move|p2a: Zacian|Play Rough|p1a: bolofofo\n|-damage|p1a: bolofofo|0 fnt\n|faint|p1a: bolofofo\n|\n|upkeep\n|\n|t:|1699239182\n|switch|p1a: bombom|Mawile, M|100\/100\n|turn|17\n|\n|t:|1699239187\n|move|p1a: bombom|Sucker Punch|p2a: Zacian\n|-resisted|p2a: Zacian\n|-damage|p2a: Zacian|91\/100 par\n|move|p2a: Zacian|Play Rough|p1a: bombom\n|-resisted|p1a: bombom\n|-damage|p1a: bombom|13\/100\n|\n|upkeep\n|turn|18\n|\n|t:|1699239197\n|move|p2a: Zacian|Play Rough|p1a: bombom\n|-resisted|p1a: bombom\n|-damage|p1a: bombom|0 fnt\n|faint|p1a: bombom\n|\n|win|BigPengSus\n|raw|ryanzitossexsex's rating: 1000 &rarr; <strong>1000<\/strong><br \/>(+0 for losing)\n|raw|BigPengSus's rating: 1165 &rarr; <strong>1179<\/strong><br \/>(+14 for winning)\n|l|\u2606BigPengSus\n","uploadtime":1699239203,"views":3,"p1id":"ryanzitossexsex","p2id":"bigpengsus","formatid":"gen9nationaldexubers","rating":1000,"private":0,"password":""}