{"id":"gen9nationaldexubers-1985420115","p1":"KingPepper7","p2":"Pex Hater","format":"[Gen 9] National Dex Ubers","log":"|j|\u2606KingPepper7\n|j|\u2606Pex Hater\n|t:|1699373210\n|gametype|singles\n|player|p1|KingPepper7|hugh|\n|player|p2|Pex Hater|cheryl|\n|teamsize|p1|6\n|teamsize|p2|6\n|gen|9\n|tier|[Gen 9] National Dex Ubers\n|rule|HP Percentage Mod: HP is shown in percentages\n|rule|Endless Battle Clause: Forcing endless battles is banned\n|rule|OHKO Clause: OHKO moves are banned\n|rule|Evasion Moves Clause: Evasion moves are banned\n|rule|Evasion Items Clause: Evasion items are banned\n|rule|Species Clause: Limit one of each Pok\u00e9mon\n|rule|Sleep Clause Mod: Limit one foe put to sleep\n|rule|Mega Rayquaza Clause: You cannot mega evolve Rayquaza\n|clearpoke\n|poke|p1|Volcarona, M|\n|poke|p1|Banette, M|\n|poke|p1|Hatterene, F|\n|poke|p1|Gliscor, M|\n|poke|p1|Rotom-Wash|\n|poke|p1|Tornadus-Therian, M|\n|poke|p2|Nidoking, M|\n|poke|p2|Muk-Alola, M|\n|poke|p2|Weezing-Galar, F|\n|poke|p2|Beedrill, F|\n|poke|p2|Okidogi, M|\n|poke|p2|Slowking-Galar, F|\n|teampreview\n|c|\u2606KingPepper7|Glhf\n|c|\u2606Pex Hater|u2\n|j| vespyyy\n|\n|t:|1699373316\n|start\n|switch|p1a: Gliscor|Gliscor, M|100\/100\n|switch|p2a: Lifetime Stew|Muk-Alola, M|100\/100\n|turn|1\n|\n|t:|1699373320\n|switch|p2a: Sunshower|Weezing-Galar, F|100\/100\n|move|p1a: Gliscor|Protect||[still]\n|-fail|p1a: Gliscor\n|\n|-status|p1a: Gliscor|tox|[from] item: Toxic Orb\n|upkeep\n|turn|2\n|j| Serise\n|c| Serise|so no pex?\n|\n|t:|1699373337\n|switch|p1a: Hatterene|Hatterene, F|100\/100\n|move|p2a: Sunshower|Defog|p1a: Hatterene\n|move|p1a: Hatterene|Defog|p2a: Sunshower|[from]ability: Magic Bounce\n|-unboost|p2a: Sunshower|evasion|1\n|\n|upkeep\n|turn|3\n|c|\u2606Pex Hater|so no pex?\n|c| Serise|so no pex?\n|\n|t:|1699373349\n|switch|p2a: Lifetime Stew|Muk-Alola, M|100\/100\n|move|p1a: Hatterene|Psyshock|p2a: Lifetime Stew\n|-immune|p2a: Lifetime Stew\n|\n|upkeep\n|turn|4\n|\n|t:|1699373361\n|move|p2a: Lifetime Stew|Poison Jab|p1a: Hatterene\n|-supereffective|p1a: Hatterene\n|-damage|p1a: Hatterene|51\/100\n|-status|p1a: Hatterene|psn\n|move|p1a: Hatterene|Nuzzle|p2a: Lifetime Stew\n|-damage|p2a: Lifetime Stew|96\/100\n|-status|p2a: Lifetime Stew|par\n|\n|-heal|p1a: Hatterene|57\/100 psn|[from] item: Leftovers\n|-damage|p1a: Hatterene|45\/100 psn|[from] psn\n|upkeep\n|turn|5\n|\n|t:|1699373368\n|-activate|p1a: Hatterene|move: Pursuit\n|move|p2a: Lifetime Stew|Pursuit|p1a: Hatterene|[from]Pursuit\n|-damage|p1a: Hatterene|20\/100 psn\n|switch|p1a: Gliscor|Gliscor, M|100\/100 tox\n|\n|upkeep\n|turn|6\n|\n|t:|1699373374\n|switch|p2a: Sunshower|Weezing-Galar, F|100\/100\n|move|p1a: Gliscor|Earthquake|p2a: Sunshower\n|-immune|p2a: Sunshower|[from] ability: Levitate\n|\n|upkeep\n|turn|7\n|c| Serise|KingPepper I'm saying this because we care about you, and we're concerned\n|c| Serise|This is an intervention\n|c| Serise|you need help\n|c| Serise|teambuilding\n|\n|t:|1699373398\n|move|p1a: Gliscor|Spikes|p2a: Sunshower\n|-sidestart|p2: Pex Hater|Spikes\n|move|p2a: Sunshower|Strange Steam|p1a: Gliscor\n|-damage|p1a: Gliscor|71\/100 tox\n|\n|-heal|p1a: Gliscor|83\/100 tox|[from] ability: Poison Heal\n|upkeep\n|turn|8\n|\n|t:|1699373404\n|switch|p1a: Volcarona|Volcarona, M|100\/100\n|move|p2a: Sunshower|Defog|p1a: Volcarona\n|-unboost|p1a: Volcarona|evasion|1\n|-sideend|p2: Pex Hater|Spikes|[from] move: Defog|[of] p2a: Sunshower\n|\n|upkeep\n|turn|9\n|c| vespyyy|This fucking hatt\n|c|\u2606Pex Hater|it's okay\n|c| vespyyy|Is the worst shit ive ever seen\n|c|\u2606Pex Hater|he just\n|c|\u2606Pex Hater|lucky his way\n|c| vespyyy|A hatt run\n|\n|t:|1699373420\n|switch|p1a: Gliscor|Gliscor, M|83\/100 tox\n|switch|p2a: Lifetime Stew|Muk-Alola, M|96\/100 par\n|\n|-heal|p1a: Gliscor|96\/100 tox|[from] ability: Poison Heal\n|upkeep\n|turn|10\n|c|\u2606Pex Hater|with muk para\n|\n|t:|1699373426\n|switch|p2a: Sunshower|Weezing-Galar, F|100\/100\n|move|p1a: Gliscor|Spikes|p2a: Sunshower\n|-sidestart|p2: Pex Hater|Spikes\n|\n|-heal|p1a: Gliscor|100\/100 tox|[from] ability: Poison Heal\n|upkeep\n|turn|11\n|\n|t:|1699373431\n|switch|p1a: Tornadus|Tornadus-Therian, M|100\/100\n|move|p2a: Sunshower|Defog|p1a: Tornadus\n|-unboost|p1a: Tornadus|evasion|1\n|-sideend|p2: Pex Hater|Spikes|[from] move: Defog|[of] p2a: Sunshower\n|\n|upkeep\n|turn|12\n|\n|t:|1699373438\n|switch|p2a: Impending Day|Slowking-Galar, F|100\/100\n|move|p1a: Tornadus|Knock Off|p2a: Impending Day\n|-supereffective|p2a: Impending Day\n|-damage|p2a: Impending Day|63\/100\n|-enditem|p2a: Impending Day|Heavy-Duty Boots|[from] move: Knock Off|[of] p1a: Tornadus\n|\n|upkeep\n|turn|13\n|\n|t:|1699373459\n|move|p1a: Tornadus|U-turn|p2a: Impending Day\n|-damage|p2a: Impending Day|49\/100\n|\n|t:|1699373461\n|switch|p1a: Rotom|Rotom-Wash|100\/100|[from] U-turn\n|move|p2a: Impending Day|Chilly Reception|p2a: Impending Day\n|-weather|Snow\n|\n|t:|1699373465\n|switch|p2a: Red Eyes|Beedrill, F|100\/100|[from] Chilly Reception\n|\n|-weather|Snow|[upkeep]\n|upkeep\n|turn|14\n|\n|t:|1699373469\n|detailschange|p2a: Red Eyes|Beedrill-Mega, F\n|-mega|p2a: Red Eyes|Beedrill|Beedrillite\n|move|p2a: Red Eyes|U-turn|p1a: Rotom\n|-damage|p1a: Rotom|60\/100\n|\n|t:|1699373477\n|switch|p2a: Impending Day|Slowking-Galar, F|82\/100|[from] U-turn\n|move|p1a: Rotom|Will-O-Wisp|p2a: Impending Day\n|-status|p2a: Impending Day|brn\n|\n|-weather|Snow|[upkeep]\n|-heal|p1a: Rotom|66\/100|[from] item: Leftovers\n|-damage|p2a: Impending Day|76\/100 brn|[from] brn\n|upkeep\n|turn|15\n|\n|t:|1699373482\n|move|p1a: Rotom|Hydro Pump|p2a: Impending Day\n|-damage|p2a: Impending Day|54\/100 brn\n|move|p2a: Impending Day|Future Sight|p1a: Rotom\n|-start|p2a: Impending Day|move: Future Sight\n|\n|-weather|Snow|[upkeep]\n|-heal|p1a: Rotom|72\/100|[from] item: Leftovers\n|-damage|p2a: Impending Day|48\/100 brn|[from] brn\n|upkeep\n|turn|16\n|\n|t:|1699373488\n|move|p1a: Rotom|Hydro Pump|p2a: Impending Day\n|-damage|p2a: Impending Day|25\/100 brn\n|move|p2a: Impending Day|Chilly Reception|p2a: Impending Day\n|\n|t:|1699373490\n|switch|p2a: Red Eyes|Beedrill-Mega, F|100\/100|[from] Chilly Reception\n|\n|-weather|Snow|[upkeep]\n|-heal|p1a: Rotom|78\/100|[from] item: Leftovers\n|upkeep\n|turn|17\n|\n|t:|1699373495\n|move|p2a: Red Eyes|U-turn|p1a: Rotom\n|-damage|p1a: Rotom|32\/100\n|\n|t:|1699373497\n|switch|p2a: Impending Day|Slowking-Galar, F|58\/100 brn|[from] U-turn\n|move|p1a: Rotom|Pain Split|p2a: Impending Day\n|-sethp|p2a: Impending Day|42\/100 brn|[from] move: Pain Split|[silent]\n|-sethp|p1a: Rotom|54\/100|[from] move: Pain Split\n|\n|-weather|none\n|-end|p1a: Rotom|move: Future Sight\n|-damage|p1a: Rotom|7\/100\n|-heal|p1a: Rotom|14\/100|[from] item: Leftovers\n|-damage|p2a: Impending Day|36\/100 brn|[from] brn\n|upkeep\n|turn|18\n|\n|t:|1699373505\n|move|p1a: Rotom|Volt Switch|p2a: Impending Day\n|-damage|p2a: Impending Day|20\/100 brn\n|\n|t:|1699373508\n|switch|p1a: Tornadus|Tornadus-Therian, M|100\/100|[from] Volt Switch\n|move|p2a: Impending Day|Chilly Reception|p2a: Impending Day\n|-weather|Snow\n|\n|t:|1699373519\n|switch|p2a: Red Eyes|Beedrill-Mega, F|100\/100|[from] Chilly Reception\n|\n|-weather|Snow|[upkeep]\n|upkeep\n|turn|19\n|\n|t:|1699373548\n|switch|p1a: Gliscor|Gliscor, M|100\/100 tox\n|move|p2a: Red Eyes|U-turn|p1a: Gliscor\n|-resisted|p1a: Gliscor\n|-damage|p1a: Gliscor|85\/100 tox\n|\n|t:|1699373551\n|switch|p2a: My Form Empties|Nidoking, M|100\/100|[from] U-turn\n|\n|-weather|Snow|[upkeep]\n|-heal|p1a: Gliscor|97\/100 tox|[from] ability: Poison Heal\n|upkeep\n|turn|20\n|\n|t:|1699373565\n|move|p1a: Gliscor|Protect|p1a: Gliscor\n|-singleturn|p1a: Gliscor|Protect\n|move|p2a: My Form Empties|Ice Beam|p1a: Gliscor\n|-activate|p1a: Gliscor|move: Protect\n|\n|-weather|Snow|[upkeep]\n|-heal|p1a: Gliscor|100\/100 tox|[from] ability: Poison Heal\n|upkeep\n|turn|21\n|\n|t:|1699373579\n|switch|p1a: Banette|Banette, M, shiny|100\/100\n|move|p2a: My Form Empties|Ice Beam|p1a: Banette\n|-damage|p1a: Banette|64\/100\n|-start|p2a: My Form Empties|Disable|Ice Beam|[from] ability: Cursed Body|[of] p1a: Banette\n|\n|-weather|Snow|[upkeep]\n|upkeep\n|turn|22\n|\n|t:|1699373588\n|switch|p2a: Impending Day|Slowking-Galar, F|54\/100 brn\n|detailschange|p1a: Banette|Banette-Mega, M, shiny\n|-mega|p1a: Banette|Banette|Banettite\n|move|p1a: Banette|Destiny Bond|p1a: Banette\n|-singlemove|p1a: Banette|Destiny Bond\n|\n|-weather|none\n|-damage|p2a: Impending Day|48\/100 brn|[from] brn\n|upkeep\n|turn|23\n|\n|t:|1699373593\n|move|p1a: Banette|Poltergeist||[still]\n|-fail|p1a: Banette\n|move|p2a: Impending Day|Chilly Reception|p2a: Impending Day\n|-weather|Snow\n|c|\u2606Pex Hater|this is why\n|c|\u2606Pex Hater|you never knock\n|c| vespyyy|10\/10\n|c| Serise|ever\n|\n|t:|1699373616\n|switch|p2a: Red Eyes|Beedrill-Mega, F|100\/100|[from] Chilly Reception\n|\n|-weather|Snow|[upkeep]\n|upkeep\n|turn|24\n|\n|t:|1699373621\n|switch|p2a: Impending Day|Slowking-Galar, F|81\/100 brn\n|switch|p1a: Gliscor|Gliscor, M|100\/100 tox\n|\n|-weather|Snow|[upkeep]\n|-damage|p2a: Impending Day|75\/100 brn|[from] brn\n|upkeep\n|turn|25\n|\n|t:|1699373626\n|switch|p2a: Sunshower|Weezing-Galar, F|100\/100\n|move|p1a: Gliscor|Protect||[still]\n|-fail|p1a: Gliscor\n|\n|-weather|Snow|[upkeep]\n|upkeep\n|turn|26\n|\n|t:|1699373633\n|switch|p1a: Tornadus|Tornadus-Therian, M|100\/100\n|move|p2a: Sunshower|Strange Steam|p1a: Tornadus\n|-damage|p1a: Tornadus|69\/100\n|\n|-weather|Snow|[upkeep]\n|upkeep\n|turn|27\n|\n|t:|1699373640\n|switch|p2a: Impending Day|Slowking-Galar, F|100\/100 brn\n|move|p1a: Tornadus|Hurricane|p2a: Impending Day\n|-damage|p2a: Impending Day|75\/100 brn\n|\n|-weather|none\n|-damage|p2a: Impending Day|69\/100 brn|[from] brn\n|upkeep\n|turn|28\n|\n|t:|1699373642\n|move|p1a: Tornadus|U-turn|p2a: Impending Day\n|-damage|p2a: Impending Day|53\/100 brn\n|\n|t:|1699373646\n|switch|p1a: Volcarona|Volcarona, M|100\/100|[from] U-turn\n|move|p2a: Impending Day|Chilly Reception|p2a: Impending Day\n|-weather|Snow\n|\n|t:|1699373648\n|switch|p2a: Lifetime Stew|Muk-Alola, M|96\/100 par|[from] Chilly Reception\n|\n|-weather|Snow|[upkeep]\n|upkeep\n|turn|29\n|\n|t:|1699373656\n|switch|p1a: Gliscor|Gliscor, M|100\/100 tox\n|cant|p2a: Lifetime Stew|par\n|\n|-weather|Snow|[upkeep]\n|upkeep\n|turn|30\n|\n|t:|1699373672\n|switch|p2a: Sunshower|Weezing-Galar, F|100\/100\n|move|p1a: Gliscor|Earthquake|p2a: Sunshower\n|-immune|p2a: Sunshower|[from] ability: Levitate\n|\n|-weather|Snow|[upkeep]\n|upkeep\n|turn|31\n|\n|t:|1699373677\n|switch|p1a: Volcarona|Volcarona, M|100\/100\n|move|p2a: Sunshower|Strange Steam|p1a: Volcarona\n|-resisted|p1a: Volcarona\n|-damage|p1a: Volcarona|87\/100\n|-start|p1a: Volcarona|confusion\n|\n|-weather|Snow|[upkeep]\n|upkeep\n|turn|32\n|\n|t:|1699373684\n|switch|p2a: Lifetime Stew|Muk-Alola, M|96\/100 par\n|-activate|p1a: Volcarona|confusion\n|-damage|p1a: Volcarona|81\/100|[from] confusion\n|\n|-weather|none\n|upkeep\n|turn|33\n|\n|t:|1699373690\n|-activate|p1a: Volcarona|move: Pursuit\n|move|p2a: Lifetime Stew|Pursuit|p1a: Volcarona|[from]Pursuit\n|-damage|p1a: Volcarona|34\/100\n|switch|p1a: Gliscor|Gliscor, M|100\/100 tox\n|\n|upkeep\n|turn|34\n|\n|t:|1699373697\n|switch|p1a: Tornadus|Tornadus-Therian, M|100\/100\n|switch|p2a: Sunshower|Weezing-Galar, F|100\/100\n|\n|upkeep\n|turn|35\n|\n|t:|1699373700\n|switch|p2a: Impending Day|Slowking-Galar, F|87\/100 brn\n|move|p1a: Tornadus|Hurricane|p2a: Impending Day\n|-damage|p2a: Impending Day|64\/100 brn\n|\n|-damage|p2a: Impending Day|58\/100 brn|[from] brn\n|upkeep\n|turn|36\n|\n|t:|1699373703\n|move|p1a: Tornadus|Hurricane|p2a: Impending Day\n|-damage|p2a: Impending Day|32\/100 brn\n|move|p2a: Impending Day|Chilly Reception|p2a: Impending Day\n|-weather|Snow\n|\n|t:|1699373711\n|switch|p2a: Red Eyes|Beedrill-Mega, F|100\/100|[from] Chilly Reception\n|\n|-weather|Snow|[upkeep]\n|upkeep\n|turn|37\n|\n|t:|1699373716\n|move|p2a: Red Eyes|U-turn|p1a: Tornadus\n|-resisted|p1a: Tornadus\n|-damage|p1a: Tornadus|72\/100\n|\n|t:|1699373722\n|switch|p2a: Impending Day|Slowking-Galar, F|65\/100 brn|[from] U-turn\n|move|p1a: Tornadus|Hurricane|p2a: Impending Day\n|-damage|p2a: Impending Day|42\/100 brn\n|-start|p2a: Impending Day|confusion\n|\n|-weather|Snow|[upkeep]\n|-damage|p2a: Impending Day|36\/100 brn|[from] brn\n|upkeep\n|turn|38\n|\n|t:|1699373728\n|switch|p2a: Lifetime Stew|Muk-Alola, M|96\/100 par\n|move|p1a: Tornadus|Hurricane|p2a: Lifetime Stew\n|-damage|p2a: Lifetime Stew|79\/100 par\n|\n|-weather|Snow|[upkeep]\n|upkeep\n|turn|39\n|\n|t:|1699373732\n|switch|p2a: Impending Day|Slowking-Galar, F|69\/100 brn\n|move|p1a: Tornadus|Knock Off|p2a: Impending Day\n|-supereffective|p2a: Impending Day\n|-damage|p2a: Impending Day|39\/100 brn\n|\n|-weather|Snow|[upkeep]\n|-damage|p2a: Impending Day|33\/100 brn|[from] brn\n|upkeep\n|turn|40\n|\n|t:|1699373738\n|move|p1a: Tornadus|Hurricane|p2a: Impending Day|[miss]\n|-miss|p1a: Tornadus|p2a: Impending Day\n|move|p2a: Impending Day|Chilly Reception|p2a: Impending Day\n|\n|t:|1699373740\n|switch|p2a: Red Eyes|Beedrill-Mega, F|100\/100|[from] Chilly Reception\n|\n|-weather|none\n|upkeep\n|turn|41\n|l| vespyyy\n|\n|t:|1699373763\n|switch|p1a: Gliscor|Gliscor, M|100\/100 tox\n|move|p2a: Red Eyes|U-turn|p1a: Gliscor\n|-resisted|p1a: Gliscor\n|-damage|p1a: Gliscor|82\/100 tox\n|\n|t:|1699373765\n|switch|p2a: My Form Empties|Nidoking, M|100\/100|[from] U-turn\n|\n|-heal|p1a: Gliscor|95\/100 tox|[from] ability: Poison Heal\n|upkeep\n|turn|42\n|\n|t:|1699373776\n|move|p2a: My Form Empties|Ice Beam|p1a: Gliscor\n|-supereffective|p1a: Gliscor\n|-damage|p1a: Gliscor|0 fnt\n|faint|p1a: Gliscor\n|\n|upkeep\n|\n|t:|1699373796\n|switch|p1a: Volcarona|Volcarona, M|34\/100\n|turn|43\n|\n|t:|1699373801\n|move|p1a: Volcarona|Quiver Dance|p1a: Volcarona\n|-boost|p1a: Volcarona|spa|1\n|-boost|p1a: Volcarona|spd|1\n|-boost|p1a: Volcarona|spe|1\n|move|p2a: My Form Empties|Earth Power|p1a: Volcarona\n|-damage|p1a: Volcarona|0 fnt\n|faint|p1a: Volcarona\n|\n|upkeep\n|\n|t:|1699373810\n|switch|p1a: Rotom|Rotom-Wash|14\/100\n|turn|44\n|\n|t:|1699373814\n|move|p2a: My Form Empties|Sludge Wave|p1a: Rotom\n|-damage|p1a: Rotom|0 fnt\n|faint|p1a: Rotom\n|\n|upkeep\n|\n|t:|1699373818\n|switch|p1a: Banette|Banette-Mega, M, shiny|64\/100\n|turn|45\n|\n|t:|1699373822\n|switch|p2a: Impending Day|Slowking-Galar, F|67\/100 brn\n|move|p1a: Banette|Destiny Bond|p1a: Banette\n|-singlemove|p1a: Banette|Destiny Bond\n|\n|-damage|p2a: Impending Day|61\/100 brn|[from] brn\n|upkeep\n|turn|46\n|\n|t:|1699373827\n|move|p1a: Banette|Encore||[still]\n|-fail|p1a: Banette\n|move|p2a: Impending Day|Future Sight|p1a: Banette\n|-start|p2a: Impending Day|move: Future Sight\n|\n|-damage|p2a: Impending Day|54\/100 brn|[from] brn\n|upkeep\n|turn|47\n|\n|t:|1699373834\n|switch|p1a: Tornadus|Tornadus-Therian, M|100\/100\n|move|p2a: Impending Day|Chilly Reception|p2a: Impending Day\n|-weather|Snow\n|\n|t:|1699373841\n|switch|p2a: My Form Empties|Nidoking, M|100\/100|[from] Chilly Reception\n|\n|-weather|Snow|[upkeep]\n|upkeep\n|turn|48\n|\n|t:|1699373844\n|move|p1a: Tornadus|Knock Off|p2a: My Form Empties\n|-damage|p2a: My Form Empties|74\/100\n|-enditem|p2a: My Form Empties|Life Orb|[from] move: Knock Off|[of] p1a: Tornadus\n|move|p2a: My Form Empties|Ice Beam|p1a: Tornadus\n|-supereffective|p1a: Tornadus\n|-damage|p1a: Tornadus|31\/100\n|\n|-weather|Snow|[upkeep]\n|-end|p1a: Tornadus|move: Future Sight\n|-damage|p1a: Tornadus|0 fnt\n|faint|p1a: Tornadus\n|upkeep\n|\n|t:|1699373848\n|switch|p1a: Banette|Banette-Mega, M, shiny|64\/100\n|turn|49\n|\n|t:|1699373856\n|move|p1a: Banette|Destiny Bond|p1a: Banette\n|-singlemove|p1a: Banette|Destiny Bond\n|move|p2a: My Form Empties|Earth Power|p1a: Banette\n|-damage|p1a: Banette|24\/100\n|\n|-weather|Snow|[upkeep]\n|upkeep\n|turn|50\n|\n|t:|1699373867\n|move|p2a: My Form Empties|Superpower|p1a: Banette\n|-immune|p1a: Banette\n|move|p1a: Banette|Poltergeist||[still]\n|-fail|p1a: Banette\n|\n|-weather|Snow|[upkeep]\n|upkeep\n|turn|51\n|c| Serise|deathless\n|\n|t:|1699373874\n|switch|p2a: Impending Day|Slowking-Galar, F|88\/100 brn\n|move|p1a: Banette|Poltergeist||[still]\n|-fail|p1a: Banette\n|\n|-weather|none\n|-damage|p2a: Impending Day|82\/100 brn|[from] brn\n|upkeep\n|turn|52\n|\n|t:|1699373877\n|switch|p1a: Hatterene|Hatterene, F|20\/100 psn\n|move|p2a: Impending Day|Future Sight|p1a: Hatterene\n|-start|p2a: Impending Day|move: Future Sight\n|\n|-heal|p1a: Hatterene|26\/100 psn|[from] item: Leftovers\n|-damage|p1a: Hatterene|13\/100 psn|[from] psn\n|-damage|p2a: Impending Day|76\/100 brn|[from] brn\n|upkeep\n|turn|53\n|\n|t:|1699373882\n|switch|p2a: Lifetime Stew|Muk-Alola, M|79\/100 par\n|move|p1a: Hatterene|Psyshock|p2a: Lifetime Stew\n|-immune|p2a: Lifetime Stew\n|\n|-heal|p1a: Hatterene|19\/100 psn|[from] item: Leftovers\n|-damage|p1a: Hatterene|7\/100 psn|[from] psn\n|upkeep\n|turn|54\n|\n|t:|1699373886\n|move|p1a: Hatterene|Dazzling Gleam|p2a: Lifetime Stew\n|-damage|p2a: Lifetime Stew|65\/100 par\n|move|p2a: Lifetime Stew|Pursuit|p1a: Hatterene\n|-damage|p1a: Hatterene|0 fnt\n|faint|p1a: Hatterene\n|\n|-hint|Future Sight did not hit because the target is fainted.\n|upkeep\n|\n|t:|1699373890\n|switch|p1a: Banette|Banette-Mega, M, shiny|24\/100\n|turn|55\n|\n|t:|1699373895\n|switch|p2a: Impending Day|Slowking-Galar, F|100\/100 brn\n|move|p1a: Banette|Poltergeist||[still]\n|-fail|p1a: Banette\n|\n|-damage|p2a: Impending Day|94\/100 brn|[from] brn\n|upkeep\n|turn|56\n|\n|t:|1699373898\n|move|p1a: Banette|Destiny Bond|p1a: Banette\n|-singlemove|p1a: Banette|Destiny Bond\n|move|p2a: Impending Day|Future Sight|p1a: Banette\n|-start|p2a: Impending Day|move: Future Sight\n|\n|-damage|p2a: Impending Day|88\/100 brn|[from] brn\n|upkeep\n|turn|57\n|\n|t:|1699373901\n|switch|p2a: My Form Empties|Nidoking, M|74\/100\n|move|p1a: Banette|Thunder Wave|p2a: My Form Empties\n|-immune|p2a: My Form Empties\n|\n|upkeep\n|turn|58\n|\n|t:|1699373904\n|move|p2a: My Form Empties|Superpower|p1a: Banette\n|-immune|p1a: Banette\n|move|p1a: Banette|Poltergeist||[still]\n|-fail|p1a: Banette\n|\n|-end|p1a: Banette|move: Future Sight\n|-damage|p1a: Banette|0 fnt\n|faint|p1a: Banette\n|\n|win|Pex Hater\n|upkeep\n|c|\u2606Pex Hater|gg\n|c|\u2606KingPepper7|Gg\n|l| Serise\n|l|\u2606KingPepper7\n","uploadtime":1699373954,"views":19,"p1id":"kingpepper7","p2id":"pexhater","formatid":"gen9nationaldexubers","rating":0,"private":0,"password":""}