{"id":"gen9nationaldexubers-1988363505","p1":"Graterol882008","p2":"huevoperobaneado","format":"[Gen 9] National Dex Ubers","log":"|j|\u2606Graterol882008\n|j|\u2606huevoperobaneado\n|t:|1699714208\n|gametype|singles\n|player|p1|Graterol882008|petrel|\n|player|p2|huevoperobaneado|akari|\n|teamsize|p1|6\n|teamsize|p2|6\n|gen|9\n|tier|[Gen 9] National Dex Ubers\n|rule|HP Percentage Mod: HP is shown in percentages\n|rule|Endless Battle Clause: Forcing endless battles is banned\n|rule|OHKO Clause: OHKO moves are banned\n|rule|Evasion Moves Clause: Evasion moves are banned\n|rule|Evasion Items Clause: Evasion items are banned\n|rule|Species Clause: Limit one of each Pok\u00e9mon\n|rule|Sleep Clause Mod: Limit one foe put to sleep\n|rule|Mega Rayquaza Clause: You cannot mega evolve Rayquaza\n|clearpoke\n|poke|p1|Metagross|\n|poke|p1|Infernape, M|\n|poke|p1|Dragapult, M|\n|poke|p1|Dragonite, M|\n|poke|p1|Volcarona, F|\n|poke|p1|Primarina, F|\n|poke|p2|Sableye, M|\n|poke|p2|Hydreigon, M|\n|poke|p2|Skeledirge, M|\n|poke|p2|Grimmsnarl, M|\n|poke|p2|Muk-Alola, M|\n|poke|p2|Kingambit, F|\n|teampreview\n|\n|t:|1699714230\n|start\n|switch|p1a: Primarina|Primarina, F|100\/100\n|switch|p2a: General Tablos|Grimmsnarl, M, shiny|100\/100\n|turn|1\n|\n|t:|1699714241\n|move|p2a: General Tablos|Light Screen|p2a: General Tablos\n|-sidestart|p2: huevoperobaneado|move: Light Screen\n|-zpower|p1a: Primarina\n|move|p1a: Primarina|Oceanic Operetta|p2a: General Tablos|[zeffect]\n|-damage|p2a: General Tablos|42\/100\n|\n|upkeep\n|turn|2\n|\n|t:|1699714256\n|move|p2a: General Tablos|Parting Shot|p1a: Primarina\n|-unboost|p1a: Primarina|atk|1\n|-unboost|p1a: Primarina|spa|1\n|\n|t:|1699714261\n|switch|p2a: Goliath|Muk-Alola, M|100\/100|[from] Parting Shot\n|move|p1a: Primarina|Moonblast|p2a: Goliath\n|-damage|p2a: Goliath|93\/100\n|\n|upkeep\n|turn|3\n|\n|t:|1699714274\n|move|p1a: Primarina|Sparkling Aria|p2a: Goliath\n|-crit|p2a: Goliath\n|-damage|p2a: Goliath|56\/100\n|move|p2a: Goliath|Knock Off|p1a: Primarina\n|-resisted|p1a: Primarina\n|-damage|p1a: Primarina|80\/100\n|-status|p1a: Primarina|psn|[from] ability: Poison Touch|[of] p2a: Goliath\n|\n|-damage|p1a: Primarina|67\/100 psn|[from] psn\n|upkeep\n|turn|4\n|\n|t:|1699714287\n|move|p1a: Primarina|Sparkling Aria|p2a: Goliath\n|-damage|p2a: Goliath|48\/100\n|move|p2a: Goliath|Poison Jab|p1a: Primarina\n|-supereffective|p1a: Primarina\n|-damage|p1a: Primarina|0 fnt\n|faint|p1a: Primarina\n|\n|upkeep\n|\n|t:|1699714324\n|switch|p1a: Infernape|Infernape, M|100\/100\n|turn|5\n|\n|t:|1699714337\n|switch|p2a: Coco|Skeledirge, M|100\/100\n|move|p1a: Infernape|Swords Dance|p1a: Infernape\n|-boost|p1a: Infernape|atk|2\n|\n|upkeep\n|turn|6\n|\n|t:|1699714368\n|-terastallize|p2a: Coco|Dark\n|move|p1a: Infernape|Drain Punch|p2a: Coco\n|-supereffective|p2a: Coco\n|-damage|p2a: Coco|48\/100\n|-damage|p1a: Infernape|84\/100|[from] item: Rocky Helmet|[of] p2a: Coco\n|move|p2a: Coco|Earth Power|p1a: Infernape\n|-supereffective|p1a: Infernape\n|-damage|p1a: Infernape|18\/100\n|\n|upkeep\n|turn|7\n|l|\u2606Graterol882008\n|player|p1|\n|j|\u2606Graterol882008\n|player|p1|Graterol882008|petrel\n|\n|t:|1699714439\n|move|p1a: Infernape|Drain Punch|p2a: Coco\n|-supereffective|p2a: Coco\n|-damage|p2a: Coco|0 fnt\n|-heal|p1a: Infernape|51\/100|[from] drain|[of] p2a: Coco\n|-damage|p1a: Infernape|34\/100|[from] item: Rocky Helmet|[of] p2a: Coco\n|faint|p2a: Coco\n|\n|upkeep\n|\n|t:|1699714448\n|switch|p2a: Hydra|Hydreigon, M|100\/100\n|turn|8\n|l|\u2606Graterol882008\n|player|p1|\n|j|\u2606Graterol882008\n|player|p1|Graterol882008|petrel\n|\n|t:|1699714541\n|move|p2a: Hydra|Earth Power|p1a: Infernape\n|-supereffective|p1a: Infernape\n|-damage|p1a: Infernape|0 fnt\n|faint|p1a: Infernape\n|\n|-sideend|p2: huevoperobaneado|move: Light Screen\n|upkeep\n|\n|t:|1699714548\n|switch|p1a: Dragapult|Dragapult, M|100\/100\n|turn|9\n|\n|t:|1699714568\n|switch|p2a: Sableye|Sableye, M|100\/100\n|-terastallize|p1a: Dragapult|Fairy\n|move|p1a: Dragapult|Agility|p1a: Dragapult\n|-boost|p1a: Dragapult|spe|2\n|\n|upkeep\n|turn|10\n|\n|t:|1699714582\n|move|p1a: Dragapult|Flamethrower|p2a: Sableye\n|-damage|p2a: Sableye|57\/100\n|move|p2a: Sableye|Thunder Punch|p1a: Dragapult\n|-damage|p1a: Dragapult|80\/100\n|\n|upkeep\n|turn|11\n|\n|t:|1699714591\n|move|p1a: Dragapult|Flamethrower|p2a: Sableye\n|-damage|p2a: Sableye|14\/100\n|-enditem|p2a: Sableye|Sitrus Berry|[eat]\n|-heal|p2a: Sableye|39\/100|[from] item: Sitrus Berry\n|move|p2a: Sableye|Thunder Punch|p1a: Dragapult\n|-crit|p1a: Dragapult\n|-damage|p1a: Dragapult|54\/100\n|\n|upkeep\n|turn|12\n|\n|t:|1699714602\n|move|p1a: Dragapult|Flamethrower|p2a: Sableye\n|-damage|p2a: Sableye|0 fnt\n|faint|p2a: Sableye\n|\n|upkeep\n|\n|t:|1699714619\n|switch|p2a: General Tablos|Grimmsnarl, M, shiny|42\/100\n|turn|13\n|\n|t:|1699714624\n|move|p2a: General Tablos|Light Screen|p2a: General Tablos\n|-sidestart|p2: huevoperobaneado|move: Light Screen\n|move|p1a: Dragapult|Flamethrower|p2a: General Tablos\n|-damage|p2a: General Tablos|13\/100\n|\n|upkeep\n|turn|14\n|\n|t:|1699714632\n|switch|p2a: Goliath|Muk-Alola, M|48\/100\n|move|p1a: Dragapult|Surf|p2a: Goliath\n|-damage|p2a: Goliath|37\/100\n|\n|upkeep\n|turn|15\n|\n|t:|1699714645\n|move|p2a: Goliath|Shadow Sneak|p1a: Dragapult\n|-damage|p1a: Dragapult|39\/100\n|move|p1a: Dragapult|Flamethrower|p2a: Goliath\n|-damage|p2a: Goliath|26\/100\n|\n|upkeep\n|turn|16\n|\n|t:|1699714655\n|move|p1a: Dragapult|Flamethrower|p2a: Goliath\n|-damage|p2a: Goliath|14\/100\n|move|p2a: Goliath|Poison Jab|p1a: Dragapult\n|-supereffective|p1a: Dragapult\n|-damage|p1a: Dragapult|0 fnt\n|faint|p1a: Dragapult\n|\n|upkeep\n|j| azhduha\n|l| azhduha\n|\n|t:|1699714665\n|switch|p1a: Dragonite|Dragonite, M|100\/100\n|turn|17\n|\n|t:|1699714675\n|move|p1a: Dragonite|Dragon Claw|p2a: Goliath\n|-damage|p2a: Goliath|0 fnt\n|faint|p2a: Goliath\n|\n|upkeep\n|\n|t:|1699714683\n|switch|p2a: Hydra|Hydreigon, M|100\/100\n|turn|18\n|\n|t:|1699714692\n|move|p2a: Hydra|Dark Pulse|p1a: Dragonite\n|-damage|p1a: Dragonite|81\/100\n|move|p1a: Dragonite|Dragon Claw|p2a: Hydra\n|-supereffective|p2a: Hydra\n|-damage|p2a: Hydra|0 fnt\n|faint|p2a: Hydra\n|\n|upkeep\n|\n|t:|1699714707\n|switch|p2a: Blade|Kingambit, F|100\/100\n|-activate|p2a: Blade|ability: Supreme Overlord\n|-start|p2a: Blade|fallen4|[silent]\n|turn|19\n|\n|t:|1699714713\n|-singleturn|p1a: Dragonite|move: Focus Punch\n|move|p2a: Blade|Swords Dance|p2a: Blade\n|-boost|p2a: Blade|atk|2\n|move|p1a: Dragonite|Focus Punch|p2a: Blade\n|-supereffective|p2a: Blade\n|-damage|p2a: Blade|0 fnt\n|faint|p2a: Blade\n|-end|p2a: Blade|fallen4|[silent]\n|\n|upkeep\n|\n|t:|1699714721\n|switch|p2a: General Tablos|Grimmsnarl, M, shiny|13\/100\n|turn|20\n|\n|t:|1699714727\n|move|p1a: Dragonite|Dragon Claw|p2a: General Tablos\n|-immune|p2a: General Tablos\n|move|p2a: General Tablos|Spirit Break|p1a: Dragonite\n|-supereffective|p1a: Dragonite\n|-damage|p1a: Dragonite|0 fnt\n|faint|p1a: Dragonite\n|\n|-sideend|p2: huevoperobaneado|move: Light Screen\n|upkeep\n|c|\u2606huevoperobaneado|Buena\n|\n|t:|1699714734\n|switch|p1a: Volcadroga|Volcarona, F|100\/100\n|turn|21\n|\n|t:|1699714749\n|move|p2a: General Tablos|Light Screen|p2a: General Tablos\n|-sidestart|p2: huevoperobaneado|move: Light Screen\n|move|p1a: Volcadroga|Flamethrower|p2a: General Tablos\n|-damage|p2a: General Tablos|0 fnt\n|faint|p2a: General Tablos\n|\n|win|Graterol882008\n","uploadtime":1699714759,"views":5,"p1id":"graterol882008","p2id":"huevoperobaneado","formatid":"gen9nationaldexubers","rating":0,"private":0,"password":""}