{"id":"gen9nationaldexubers-1996376652","p1":"85792195wwww","p2":"ygo is testing v2","format":"[Gen 9] National Dex Ubers","log":"|j|\u260685792195wwww\n|j|\u2606ygo is testing v2\n|t:|1700676183\n|gametype|singles\n|player|p1|85792195wwww|mira|1672\n|player|p2|ygo is testing v2|265|1772\n|teamsize|p1|6\n|teamsize|p2|6\n|gen|9\n|tier|[Gen 9] National Dex Ubers\n|rated|\n|rule|HP Percentage Mod: HP is shown in percentages\n|rule|Endless Battle Clause: Forcing endless battles is banned\n|rule|OHKO Clause: OHKO moves are banned\n|rule|Evasion Moves Clause: Evasion moves are banned\n|rule|Evasion Items Clause: Evasion items are banned\n|rule|Species Clause: Limit one of each Pok\u00e9mon\n|rule|Sleep Clause Mod: Limit one foe put to sleep\n|rule|Mega Rayquaza Clause: You cannot mega evolve Rayquaza\n|clearpoke\n|poke|p1|Arceus|\n|poke|p1|Rayquaza|\n|poke|p1|Xerneas-*|\n|poke|p1|Kyurem-White|\n|poke|p1|Groudon|\n|poke|p1|Krookodile, M|\n|poke|p2|Zacian-*|\n|poke|p2|Groudon|\n|poke|p2|Necrozma-Dusk-Mane|\n|poke|p2|Salamence, F|\n|poke|p2|Arceus-Water|\n|poke|p2|Yveltal|\n|teampreview\n|\n|t:|1700676238\n|start\n|switch|p1a: Kyurem|Kyurem-White|100\/100\n|switch|p2a: Arceus|Arceus-Water|100\/100\n|-ability|p1a: Kyurem|Turboblaze\n|turn|1\n|\n|t:|1700676246\n|move|p2a: Arceus|Taunt|p1a: Kyurem\n|-start|p1a: Kyurem|move: Taunt\n|move|p1a: Kyurem|Freeze-Dry|p2a: Arceus\n|-supereffective|p2a: Arceus\n|-damage|p2a: Arceus|28\/100\n|-damage|p1a: Kyurem|91\/100|[from] item: Life Orb\n|\n|upkeep\n|turn|2\n|\n|t:|1700676254\n|switch|p2a: Necrozma|Necrozma-Dusk-Mane|100\/100\n|move|p1a: Kyurem|Freeze-Dry|p2a: Necrozma\n|-resisted|p2a: Necrozma\n|-damage|p2a: Necrozma|72\/100\n|-damage|p1a: Kyurem|81\/100|[from] item: Life Orb\n|\n|upkeep\n|turn|3\n|\n|t:|1700676263\n|switch|p1a: Krookodile|Krookodile, M|100\/100\n|-ability|p1a: Krookodile|Intimidate|boost\n|-unboost|p2a: Necrozma|atk|1\n|move|p2a: Necrozma|Stealth Rock|p1a: Krookodile\n|-sidestart|p1: 85792195wwww|move: Stealth Rock\n|\n|upkeep\n|turn|4\n|\n|t:|1700676270\n|switch|p2a: Salamence|Salamence, F|100\/100\n|-ability|p2a: Salamence|Intimidate|boost\n|-unboost|p1a: Krookodile|atk|1\n|move|p1a: Krookodile|Taunt|p2a: Salamence\n|-start|p2a: Salamence|move: Taunt\n|\n|upkeep\n|turn|5\n|\n|t:|1700676278\n|switch|p2a: Arceus|Arceus-Water|28\/100\n|move|p1a: Krookodile|Stealth Rock|p2a: Arceus\n|-sidestart|p2: ygo is testing v2|move: Stealth Rock\n|\n|upkeep\n|turn|6\n|\n|t:|1700676285\n|move|p2a: Arceus|Recover|p2a: Arceus\n|-heal|p2a: Arceus|78\/100\n|move|p1a: Krookodile|Taunt|p2a: Arceus\n|-start|p2a: Arceus|move: Taunt\n|\n|upkeep\n|turn|7\n|\n|t:|1700676294\n|move|p2a: Arceus|Judgment|p1a: Krookodile\n|-supereffective|p1a: Krookodile\n|-enditem|p1a: Krookodile|Focus Sash\n|-damage|p1a: Krookodile|1\/100\n|move|p1a: Krookodile|Bulldoze|p2a: Arceus\n|-damage|p2a: Arceus|66\/100\n|-unboost|p2a: Arceus|spe|1\n|\n|upkeep\n|turn|8\n|\n|t:|1700676304\n|switch|p2a: Salamence|Salamence, F|100\/100\n|-damage|p2a: Salamence|76\/100|[from] Stealth Rock\n|-ability|p2a: Salamence|Intimidate|boost\n|-unboost|p1a: Krookodile|atk|1\n|move|p1a: Krookodile|Bulldoze|p2a: Salamence\n|-immune|p2a: Salamence\n|\n|upkeep\n|turn|9\n|\n|t:|1700676312\n|detailschange|p2a: Salamence|Salamence-Mega, F\n|-mega|p2a: Salamence|Salamence|Salamencite\n|move|p2a: Salamence|Dragon Dance|p2a: Salamence\n|-boost|p2a: Salamence|atk|1\n|-boost|p2a: Salamence|spe|1\n|move|p1a: Krookodile|Taunt|p2a: Salamence\n|-start|p2a: Salamence|move: Taunt\n|\n|upkeep\n|turn|10\n|\n|t:|1700676321\n|move|p2a: Salamence|Return|p1a: Krookodile\n|-crit|p1a: Krookodile\n|-damage|p1a: Krookodile|0 fnt\n|faint|p1a: Krookodile\n|\n|upkeep\n|\n|t:|1700676339\n|switch|p1a: Xerneas|Xerneas|100\/100\n|-damage|p1a: Xerneas|88\/100|[from] Stealth Rock\n|-ability|p1a: Xerneas|Fairy Aura\n|turn|11\n|\n|t:|1700676345\n|move|p2a: Salamence|Return|p1a: Xerneas\n|-damage|p1a: Xerneas|11\/100\n|move|p1a: Xerneas|Moonblast|p2a: Salamence\n|-supereffective|p2a: Salamence\n|-damage|p2a: Salamence|0 fnt\n|faint|p2a: Salamence\n|\n|upkeep\n|l|\u2606ygo is testing v2\n|player|p2|\n|j|\u2606ygo is testing v2\n|player|p2|ygo is testing v2|265\n|\n|t:|1700676421\n|switch|p2a: Arceus|Arceus-Water|66\/100\n|-damage|p2a: Arceus|54\/100|[from] Stealth Rock\n|turn|12\n|j| fdgdhdrtgdr\n|\n|t:|1700676437\n|move|p2a: Arceus|Judgment|p1a: Xerneas\n|-crit|p1a: Xerneas\n|-damage|p1a: Xerneas|0 fnt\n|faint|p1a: Xerneas\n|\n|upkeep\n|\n|t:|1700676452\n|switch|p1a: Kyurem|Kyurem-White|81\/100\n|-damage|p1a: Kyurem|56\/100|[from] Stealth Rock\n|-ability|p1a: Kyurem|Turboblaze\n|turn|13\n|\n|t:|1700676458\n|move|p2a: Arceus|Recover|p2a: Arceus\n|-heal|p2a: Arceus|100\/100\n|move|p1a: Kyurem|Freeze-Dry|p2a: Arceus\n|-supereffective|p2a: Arceus\n|-damage|p2a: Arceus|28\/100\n|-damage|p1a: Kyurem|46\/100|[from] item: Life Orb\n|\n|upkeep\n|turn|14\n|\n|t:|1700676466\n|move|p2a: Arceus|Recover|p2a: Arceus\n|-heal|p2a: Arceus|78\/100\n|move|p1a: Kyurem|Freeze-Dry|p2a: Arceus\n|-supereffective|p2a: Arceus\n|-damage|p2a: Arceus|6\/100\n|-status|p2a: Arceus|frz\n|-damage|p1a: Kyurem|36\/100|[from] item: Life Orb\n|\n|upkeep\n|turn|15\n|\n|t:|1700676476\n|cant|p2a: Arceus|frz\n|move|p1a: Kyurem|Freeze-Dry|p2a: Arceus\n|-supereffective|p2a: Arceus\n|-damage|p2a: Arceus|0 fnt\n|faint|p2a: Arceus\n|-damage|p1a: Kyurem|26\/100|[from] item: Life Orb\n|\n|upkeep\n|\n|t:|1700676484\n|switch|p2a: Yveltal|Yveltal|100\/100\n|-damage|p2a: Yveltal|76\/100|[from] Stealth Rock\n|-ability|p2a: Yveltal|Dark Aura\n|turn|16\n|\n|t:|1700676492\n|move|p2a: Yveltal|Oblivion Wing|p1a: Kyurem\n|-damage|p1a: Kyurem|0 fnt\n|-heal|p2a: Yveltal|94\/100|[from] drain|[of] p1a: Kyurem\n|faint|p1a: Kyurem\n|-damage|p2a: Yveltal|84\/100|[from] item: Life Orb\n|\n|upkeep\n|\n|t:|1700676508\n|switch|p1a: Arceus|Arceus|100\/100\n|-damage|p1a: Arceus|88\/100|[from] Stealth Rock\n|turn|17\n|\n|t:|1700676516\n|move|p1a: Arceus|Swords Dance|p1a: Arceus\n|-boost|p1a: Arceus|atk|2\n|move|p2a: Yveltal|Dark Pulse|p1a: Arceus\n|-damage|p1a: Arceus|36\/100\n|-damage|p2a: Yveltal|75\/100|[from] item: Life Orb\n|\n|upkeep\n|turn|18\n|\n|t:|1700676524\n|switch|p2a: Groudon|Groudon|100\/100\n|-damage|p2a: Groudon|94\/100|[from] Stealth Rock\n|detailschange|p2a: Groudon|Groudon-Primal\n|-primal|p2a: Groudon|Red Orb\n|-weather|DesolateLand|[from] ability: Desolate Land|[of] p2a: Groudon\n|move|p1a: Arceus|Extreme Speed|p2a: Groudon\n|-damage|p2a: Groudon|24\/100\n|-damage|p1a: Arceus|26\/100|[from] item: Life Orb\n|\n|-weather|DesolateLand|[upkeep]\n|upkeep\n|turn|19\n|\n|t:|1700676535\n|move|p1a: Arceus|Extreme Speed|p2a: Groudon\n|-crit|p2a: Groudon\n|-damage|p2a: Groudon|0 fnt\n|faint|p2a: Groudon\n|-weather|none\n|-damage|p1a: Arceus|16\/100|[from] item: Life Orb\n|\n|upkeep\n|\n|t:|1700676539\n|switch|p2a: Zacian|Zacian-Crowned|100\/100\n|-damage|p2a: Zacian|94\/100|[from] Stealth Rock\n|-ability|p2a: Zacian|Intrepid Sword|boost\n|-boost|p2a: Zacian|atk|1\n|turn|20\n|\n|t:|1700676547\n|move|p1a: Arceus|Extreme Speed|p2a: Zacian\n|-resisted|p2a: Zacian\n|-crit|p2a: Zacian\n|-damage|p2a: Zacian|14\/100\n|-damage|p1a: Arceus|6\/100|[from] item: Life Orb\n|move|p2a: Zacian|Close Combat|p1a: Arceus\n|-supereffective|p1a: Arceus\n|-damage|p1a: Arceus|0 fnt\n|-unboost|p2a: Zacian|def|1\n|-unboost|p2a: Zacian|spd|1\n|faint|p1a: Arceus\n|\n|upkeep\n|j| panza mileurista\n|\n|t:|1700676576\n|switch|p1a: Groudon|Groudon|100\/100\n|-damage|p1a: Groudon|94\/100|[from] Stealth Rock\n|detailschange|p1a: Groudon|Groudon-Primal\n|-primal|p1a: Groudon|Red Orb\n|-weather|DesolateLand|[from] ability: Desolate Land|[of] p1a: Groudon\n|turn|21\n|\n|t:|1700676583\n|move|p2a: Zacian|Close Combat|p1a: Groudon\n|-damage|p1a: Groudon|55\/100\n|-unboost|p2a: Zacian|def|1\n|-unboost|p2a: Zacian|spd|1\n|move|p1a: Groudon|Rock Polish|p1a: Groudon\n|-boost|p1a: Groudon|spe|2\n|\n|-weather|DesolateLand|[upkeep]\n|upkeep\n|turn|22\n|l| fdgdhdrtgdr\n|\n|t:|1700676592\n|move|p1a: Groudon|Heat Crash|p2a: Zacian\n|-supereffective|p2a: Zacian\n|-damage|p2a: Zacian|0 fnt\n|faint|p2a: Zacian\n|\n|-weather|DesolateLand|[upkeep]\n|upkeep\n|\n|t:|1700676599\n|switch|p2a: Necrozma|Necrozma-Dusk-Mane|72\/100\n|-damage|p2a: Necrozma|66\/100|[from] Stealth Rock\n|turn|23\n|\n|t:|1700676604\n|detailschange|p2a: Necrozma|Necrozma-Ultra\n|-burst|p2a: Necrozma|Necrozma|Ultranecrozium Z\n|move|p1a: Groudon|Earthquake|p2a: Necrozma\n|-damage|p2a: Necrozma|0 fnt\n|faint|p2a: Necrozma\n|\n|-weather|DesolateLand|[upkeep]\n|upkeep\n|\n|t:|1700676606\n|switch|p2a: Yveltal|Yveltal|75\/100\n|-damage|p2a: Yveltal|50\/100|[from] Stealth Rock\n|-ability|p2a: Yveltal|Dark Aura\n|turn|24\n|\n|t:|1700676616\n|-terastallize|p2a: Yveltal|Dark\n|move|p2a: Yveltal|Sucker Punch|p1a: Groudon\n|-damage|p1a: Groudon|16\/100\n|-damage|p2a: Yveltal|40\/100|[from] item: Life Orb\n|move|p1a: Groudon|Heat Crash|p2a: Yveltal\n|-damage|p2a: Yveltal|0 fnt\n|faint|p2a: Yveltal\n|\n|win|85792195wwww\n|raw|85792195wwww's rating: 1672 &rarr; <strong>1698<\/strong><br \/>(+26 for winning)\n|raw|ygo is testing v2's rating: 1772 &rarr; <strong>1746<\/strong><br \/>(-26 for losing)\n|l|\u2606ygo is testing v2\n|l| panza mileurista\n","uploadtime":1700676627,"views":2,"p1id":"85792195wwww","p2id":"ygoistestingv2","formatid":"gen9nationaldexubers","rating":1698,"private":0,"password":""}