{"id":"gen9nationaldexubers-1985920532","p1":"Czar_agon","p2":"CelestialSquidKid","format":"[Gen 9] National Dex Ubers","log":"|j|\u2606Czar_agon\n|j|\u2606CelestialSquidKid\n|t:|1699422911\n|gametype|singles\n|player|p1|Czar_agon|iris|\n|player|p2|CelestialSquidKid|2|\n|teamsize|p1|6\n|teamsize|p2|6\n|gen|9\n|tier|[Gen 9] National Dex Ubers\n|rule|HP Percentage Mod: HP is shown in percentages\n|rule|Endless Battle Clause: Forcing endless battles is banned\n|rule|OHKO Clause: OHKO moves are banned\n|rule|Evasion Moves Clause: Evasion moves are banned\n|rule|Evasion Items Clause: Evasion items are banned\n|rule|Species Clause: Limit one of each Pok\u00e9mon\n|rule|Sleep Clause Mod: Limit one foe put to sleep\n|rule|Mega Rayquaza Clause: You cannot mega evolve Rayquaza\n|clearpoke\n|poke|p1|Orthworm, M|\n|poke|p1|Tornadus-Therian, M|\n|poke|p1|Arctovish|\n|poke|p1|Skuntank, M|\n|poke|p1|Virizion|\n|poke|p1|Slowking-Galar, M|\n|poke|p2|Swampert, F|\n|poke|p2|Pelipper, M|\n|poke|p2|Thundurus-Therian, M|\n|poke|p2|Ferrothorn, F|\n|poke|p2|Galvantula, M|\n|poke|p2|Mamoswine, M|\n|teampreview\n|j| Demolution545\n|\n|t:|1699422966\n|start\n|switch|p1a: Arctovish|Arctovish|100\/100\n|switch|p2a: Galvantula|Galvantula, M|100\/100\n|turn|1\n|j| Lunar Sloth\n|\n|t:|1699422988\n|switch|p1a: Orthworm|Orthworm, M|100\/100\n|move|p2a: Galvantula|Thunder|p1a: Orthworm\n|-damage|p1a: Orthworm|56\/100\n|\n|upkeep\n|turn|2\n|j| Smackey_5\n|\n|t:|1699423006\n|switch|p1a: Virizion|Virizion|100\/100\n|move|p2a: Galvantula|Volt Switch|p1a: Virizion\n|-resisted|p1a: Virizion\n|-damage|p1a: Virizion|88\/100\n|\n|t:|1699423014\n|switch|p2a: Pelipper|Pelipper, M|100\/100|[from] Volt Switch\n|-weather|RainDance|[from] ability: Drizzle|[of] p2a: Pelipper\n|\n|-weather|RainDance|[upkeep]\n|upkeep\n|turn|3\n|j| VoIteon\n|\n|t:|1699423026\n|move|p1a: Virizion|Stone Edge|p2a: Pelipper\n|-supereffective|p2a: Pelipper\n|-damage|p2a: Pelipper|42\/100\n|-damage|p1a: Virizion|78\/100|[from] item: Life Orb\n|move|p2a: Pelipper|Hurricane|p1a: Virizion\n|-supereffective|p1a: Virizion\n|-damage|p1a: Virizion|0 fnt\n|faint|p1a: Virizion\n|\n|-weather|RainDance|[upkeep]\n|upkeep\n|c|\u2606CelestialSquidKid|omg\n|\n|t:|1699423038\n|switch|p1a: Tornadus|Tornadus-Therian, M, shiny|100\/100\n|turn|4\n|c|\u2606CelestialSquidKid|I didn't know it got stone edge\n|c|\u2606Czar_agon|Yep\n|\n|t:|1699423059\n|switch|p2a: Thundurus|Thundurus-Therian, M|100\/100\n|move|p1a: Tornadus|Hurricane|p2a: Thundurus\n|-resisted|p2a: Thundurus\n|-damage|p2a: Thundurus|62\/100\n|\n|-weather|RainDance|[upkeep]\n|upkeep\n|turn|5\n|\n|t:|1699423074\n|move|p1a: Tornadus|U-turn|p2a: Thundurus\n|-resisted|p2a: Thundurus\n|-damage|p2a: Thundurus|50\/100\n|\n|t:|1699423082\n|switch|p1a: Slowking|Slowking-Galar, M|100\/100|[from] U-turn\n|move|p2a: Thundurus|Thunder|p1a: Slowking\n|-damage|p1a: Slowking|63\/100\n|\n|-weather|RainDance|[upkeep]\n|upkeep\n|turn|6\n|\n|t:|1699423102\n|switch|p2a: Ferrothorn|Ferrothorn, F|100\/100\n|move|p1a: Slowking|Chilly Reception|p1a: Slowking\n|-weather|Snow\n|\n|t:|1699423111\n|switch|p1a: Tornadus|Tornadus-Therian, M, shiny|100\/100|[from] Chilly Reception\n|\n|-weather|Snow|[upkeep]\n|upkeep\n|turn|7\n|\n|t:|1699423134\n|-zpower|p1a: Tornadus\n|move|p1a: Tornadus|All-Out Pummeling|p2a: Ferrothorn|[zeffect]\n|-supereffective|p2a: Ferrothorn\n|-damage|p2a: Ferrothorn|0 fnt\n|faint|p2a: Ferrothorn\n|\n|-weather|Snow|[upkeep]\n|upkeep\n|j| Factor64\n|c|\u2606CelestialSquidKid|damn\n|\n|t:|1699423148\n|switch|p2a: Mamoswine|Mamoswine, M|100\/100\n|turn|8\n|\n|t:|1699423160\n|-terastallize|p2a: Mamoswine|Fairy\n|move|p1a: Tornadus|U-turn|p2a: Mamoswine\n|-resisted|p2a: Mamoswine\n|-damage|p2a: Mamoswine|91\/100\n|c| Lunar Sloth|woah z move\n|\n|t:|1699423195\n|switch|p1a: Orthworm|Orthworm, M|56\/100|[from] U-turn\n|move|p2a: Mamoswine|Icicle Crash|p1a: Orthworm\n|-resisted|p1a: Orthworm\n|-damage|p1a: Orthworm|38\/100\n|\n|-weather|Snow|[upkeep]\n|upkeep\n|turn|9\n|\n|t:|1699423229\n|switch|p2a: Pelipper|Pelipper, M|42\/100\n|-weather|RainDance|[from] ability: Drizzle|[of] p2a: Pelipper\n|move|p1a: Orthworm|Rest|p1a: Orthworm\n|-status|p1a: Orthworm|slp|[from] move: Rest\n|-heal|p1a: Orthworm|100\/100 slp|[silent]\n|\n|-weather|RainDance|[upkeep]\n|upkeep\n|turn|10\n|\n|t:|1699423242\n|move|p2a: Pelipper|Surf|p1a: Orthworm\n|-damage|p1a: Orthworm|56\/100 slp\n|cant|p1a: Orthworm|slp\n|move|p1a: Orthworm|Sleep Talk|p1a: Orthworm\n|move|p1a: Orthworm|Rest||[from]move: Sleep Talk|[still]\n|-fail|p1a: Orthworm\n|\n|-weather|RainDance|[upkeep]\n|upkeep\n|turn|11\n|\n|t:|1699423257\n|switch|p1a: Arctovish|Arctovish|100\/100\n|move|p2a: Pelipper|Surf|p1a: Arctovish\n|-immune|p1a: Arctovish|[from] ability: Water Absorb\n|\n|-weather|RainDance|[upkeep]\n|upkeep\n|turn|12\n|\n|t:|1699423289\n|switch|p2a: Swampert|Swampert, F|100\/100\n|move|p1a: Arctovish|Freeze-Dry|p2a: Swampert\n|-supereffective|p2a: Swampert\n|-damage|p2a: Swampert|5\/100\n|\n|-weather|RainDance|[upkeep]\n|upkeep\n|turn|13\n|c|\u2606CelestialSquidKid|omg\n|c| Lunar Sloth|wow that lived\n|\n|t:|1699423360\n|switch|p1a: Orthworm|Orthworm, M|56\/100 slp\n|switch|p2a: Thundurus|Thundurus-Therian, M|50\/100\n|\n|-weather|RainDance|[upkeep]\n|upkeep\n|turn|14\n|\n|t:|1699423372\n|move|p2a: Thundurus|Substitute|p2a: Thundurus\n|-start|p2a: Thundurus|Substitute\n|-damage|p2a: Thundurus|25\/100\n|cant|p1a: Orthworm|slp\n|move|p1a: Orthworm|Sleep Talk|p1a: Orthworm\n|move|p1a: Orthworm|Rest||[from]move: Sleep Talk|[still]\n|-fail|p1a: Orthworm\n|\n|-weather|RainDance|[upkeep]\n|upkeep\n|turn|15\n|\n|t:|1699423387\n|move|p2a: Thundurus|Thunder|p1a: Orthworm\n|-damage|p1a: Orthworm|0 fnt\n|faint|p1a: Orthworm\n|\n|-weather|RainDance|[upkeep]\n|upkeep\n|\n|t:|1699423393\n|switch|p1a: Slowking|Slowking-Galar, M|96\/100\n|turn|16\n|\n|t:|1699423401\n|move|p2a: Thundurus|Thunder Wave|p1a: Slowking\n|-status|p1a: Slowking|par\n|move|p1a: Slowking|Chilly Reception|p1a: Slowking\n|-weather|Snow\n|\n|t:|1699423414\n|switch|p1a: Arctovish|Arctovish|100\/100|[from] Chilly Reception\n|\n|-weather|Snow|[upkeep]\n|upkeep\n|turn|17\n|\n|t:|1699423430\n|-terastallize|p1a: Arctovish|Ground\n|move|p1a: Arctovish|Freeze-Dry|p2a: Thundurus\n|-supereffective|p2a: Thundurus\n|-end|p2a: Thundurus|Substitute\n|move|p2a: Thundurus|Rain Dance|p2a: Thundurus\n|-weather|RainDance\n|\n|-weather|RainDance|[upkeep]\n|upkeep\n|turn|18\n|c| VoIteon|THE COOKAGE LOL\n|c|\u2606CelestialSquidKid|hold up scarf?\n|c| Lunar Sloth|tera ground is cool\n|c| VoIteon|rain dance t wave sub thunder\n|\n|t:|1699423475\n|move|p1a: Arctovish|Freeze-Dry|p2a: Thundurus\n|-supereffective|p2a: Thundurus\n|-damage|p2a: Thundurus|0 fnt\n|faint|p2a: Thundurus\n|\n|-weather|RainDance|[upkeep]\n|upkeep\n|\n|t:|1699423493\n|switch|p2a: Mamoswine|Mamoswine, M, tera:Fairy|91\/100\n|turn|19\n|\n|t:|1699423553\n|switch|p1a: Slowking|Slowking-Galar, M|100\/100 par\n|move|p2a: Mamoswine|Icicle Crash|p1a: Slowking\n|-damage|p1a: Slowking|56\/100 par\n|\n|-weather|RainDance|[upkeep]\n|upkeep\n|turn|20\n|\n|t:|1699423586\n|cant|p1a: Slowking|par\n|move|p2a: Mamoswine|Earthquake|p1a: Slowking\n|-supereffective|p1a: Slowking\n|-damage|p1a: Slowking|0 fnt\n|faint|p1a: Slowking\n|\n|-weather|RainDance|[upkeep]\n|upkeep\n|c|\u2606CelestialSquidKid|para wooh\n|\n|t:|1699423630\n|switch|p1a: Arctovish|Arctovish, tera:Ground|100\/100\n|turn|21\n|\n|t:|1699423665\n|move|p1a: Arctovish|Fishious Rend|p2a: Mamoswine\n|-damage|p2a: Mamoswine|0 fnt\n|faint|p2a: Mamoswine\n|\n|-weather|none\n|upkeep\n|c|\u2606CelestialSquidKid|oh damn forgor\n|\n|t:|1699423703\n|switch|p2a: Galvantula|Galvantula, M|100\/100\n|turn|22\n|\n|t:|1699423713\n|move|p2a: Galvantula|Giga Drain|p1a: Arctovish\n|-supereffective|p1a: Arctovish\n|-damage|p1a: Arctovish|41\/100\n|move|p1a: Arctovish|Fishious Rend|p2a: Galvantula\n|-damage|p2a: Galvantula|36\/100\n|-damage|p1a: Arctovish|24\/100|[from] item: Rocky Helmet|[of] p2a: Galvantula\n|\n|upkeep\n|turn|23\n|\n|t:|1699423722\n|switch|p1a: Skuntank|Skuntank, M|100\/100\n|move|p2a: Galvantula|Giga Drain|p1a: Skuntank\n|-resisted|p1a: Skuntank\n|-damage|p1a: Skuntank|90\/100\n|-heal|p2a: Galvantula|43\/100|[from] drain|[of] p1a: Skuntank\n|\n|upkeep\n|turn|24\n|c| Lunar Sloth|rocky helmet galvantula\n|c| Lunar Sloth|interesting\n|c| VoIteon|rocky helmet lol\n|\n|t:|1699423732\n|move|p2a: Galvantula|Volt Switch|p1a: Skuntank\n|-damage|p1a: Skuntank|60\/100\n|-activate|p2a: Galvantula|move: Pursuit\n|move|p1a: Skuntank|Pursuit|p2a: Galvantula|[from]Pursuit\n|-damage|p2a: Galvantula|0 fnt\n|-damage|p1a: Skuntank|43\/100|[from] item: Rocky Helmet|[of] p2a: Galvantula\n|faint|p2a: Galvantula\n|\n|upkeep\n|c|\u2606CelestialSquidKid|idk get cooked\n|c| VoIteon|HOly\n|c|\u2606Czar_agon|idk get cooked\n|c|\u2606CelestialSquidKid|pursuit works like that\n|c| Lunar Sloth|lol\n|\n|t:|1699423758\n|switch|p2a: Pelipper|Pelipper, M|42\/100\n|-weather|RainDance|[from] ability: Drizzle|[of] p2a: Pelipper\n|turn|25\n|\n|t:|1699423770\n|switch|p1a: Tornadus|Tornadus-Therian, M, shiny|100\/100\n|move|p2a: Pelipper|Hurricane|p1a: Tornadus\n|-crit|p1a: Tornadus\n|-damage|p1a: Tornadus|28\/100\n|-start|p1a: Tornadus|confusion\n|\n|-weather|RainDance|[upkeep]\n|upkeep\n|turn|26\n|c|\u2606CelestialSquidKid|touched\n|c|\u2606CelestialSquidKid|the hax\n|c| Lunar Sloth|I swear czar has the worst luck in these games\n|\n|t:|1699423793\n|-activate|p1a: Tornadus|confusion\n|move|p1a: Tornadus|Agility|p1a: Tornadus\n|-boost|p1a: Tornadus|spe|2\n|move|p2a: Pelipper|Hurricane|p1a: Tornadus\n|-damage|p1a: Tornadus|0 fnt\n|faint|p1a: Tornadus\n|\n|-weather|RainDance|[upkeep]\n|upkeep\n|\n|t:|1699423801\n|switch|p1a: Arctovish|Arctovish, tera:Ground|24\/100\n|turn|27\n|\n|t:|1699423824\n|move|p1a: Arctovish|Freeze-Dry|p2a: Pelipper\n|-supereffective|p2a: Pelipper\n|-damage|p2a: Pelipper|0 fnt\n|faint|p2a: Pelipper\n|\n|-weather|RainDance|[upkeep]\n|upkeep\n|c| Lunar Sloth|thisll be close\n|\n|t:|1699423829\n|switch|p2a: Swampert|Swampert, F|5\/100\n|turn|28\n|c|\u2606CelestialSquidKid|if mega works like you said it's gg\n|c|\u2606CelestialSquidKid|unless sucker\n|\n|t:|1699423885\n|switch|p1a: Skuntank|Skuntank, M|43\/100\n|detailschange|p2a: Swampert|Swampert-Mega, F\n|-mega|p2a: Swampert|Swampert|Swampertite\n|move|p2a: Swampert|Earthquake|p1a: Skuntank\n|-supereffective|p1a: Skuntank\n|-damage|p1a: Skuntank|0 fnt\n|faint|p1a: Skuntank\n|\n|-weather|RainDance|[upkeep]\n|upkeep\n|\n|t:|1699423897\n|switch|p1a: Arctovish|Arctovish, tera:Ground|24\/100\n|turn|29\n|c| Smackey_5|just now mega?\n|c|\u2606CelestialSquidKid|ice shard\n|c|\u2606CelestialSquidKid|???\n|\n|t:|1699423909\n|move|p2a: Swampert|Earthquake|p1a: Arctovish\n|-damage|p1a: Arctovish|0 fnt\n|faint|p1a: Arctovish\n|\n|win|CelestialSquidKid\n|c|\u2606CelestialSquidKid|omg I was scared\n|c|\u2606CelestialSquidKid|ggs\n|c| Lunar Sloth|did skuntank have sucker\n|c|\u2606CelestialSquidKid|pokepaste\n|l| VoIteon\n","uploadtime":1699424012,"views":5,"p1id":"czaragon","p2id":"celestialsquidkid","formatid":"gen9nationaldexubers","rating":0,"private":0,"password":""}