{"id":"gen9nationaldexubers-1979173598","p1":"StanchYeti","p2":"Big Old Wang","format":"[Gen 9] National Dex Ubers","log":"|j|\u2606StanchYeti\n|j|\u2606Big Old Wang\n|t:|1698643924\n|gametype|singles\n|player|p1|StanchYeti|wallace|\n|player|p2|Big Old Wang|1|\n|teamsize|p1|6\n|teamsize|p2|6\n|gen|9\n|tier|[Gen 9] National Dex Ubers\n|rule|HP Percentage Mod: HP is shown in percentages\n|rule|Endless Battle Clause: Forcing endless battles is banned\n|rule|OHKO Clause: OHKO moves are banned\n|rule|Evasion Moves Clause: Evasion moves are banned\n|rule|Evasion Items Clause: Evasion items are banned\n|rule|Species Clause: Limit one of each Pok\u00e9mon\n|rule|Sleep Clause Mod: Limit one foe put to sleep\n|rule|Mega Rayquaza Clause: You cannot mega evolve Rayquaza\n|clearpoke\n|poke|p1|Clefable, F|\n|poke|p1|Ogerpon-Cornerstone, F|\n|poke|p1|Glimmora, F|\n|poke|p1|Heatran, M|\n|poke|p1|Samurott-Hisui, F|\n|poke|p1|Boltund, M|\n|poke|p2|Chi-Yu|\n|poke|p2|Baxcalibur, F|\n|poke|p2|Rotom-Wash|\n|poke|p2|Ninetales-Alola, F|\n|poke|p2|Slowking-Galar, M|\n|poke|p2|Darmanitan-Galar, F|\n|teampreview\n|j| SaintZoroark\n|inactive|Battle timer is ON: inactive players will automatically lose when time's up. (requested by Big Old Wang)\n|inactiveoff|Battle timer is now OFF.\n|\n|t:|1698643959\n|start\n|switch|p1a: Clefable|Clefable, F, shiny|100\/100\n|switch|p2a: The Throngler|Slowking-Galar, M, shiny|100\/100\n|turn|1\n|\n|t:|1698643967\n|move|p1a: Clefable|Calm Mind|p1a: Clefable\n|-boost|p1a: Clefable|spa|1\n|-boost|p1a: Clefable|spd|1\n|move|p2a: The Throngler|Chilly Reception|p2a: The Throngler\n|-weather|Snow\n|\n|t:|1698643983\n|switch|p2a: Zen Monke|Darmanitan-Galar, F|100\/100|[from] Chilly Reception\n|\n|-weather|Snow|[upkeep]\n|upkeep\n|turn|2\n|\n|t:|1698643989\n|move|p2a: Zen Monke|Icicle Crash|p1a: Clefable\n|-damage|p1a: Clefable|48\/100\n|move|p1a: Clefable|Thunder Wave|p2a: Zen Monke\n|-status|p2a: Zen Monke|par\n|\n|-weather|Snow|[upkeep]\n|-heal|p1a: Clefable|54\/100|[from] item: Leftovers\n|upkeep\n|turn|3\n|\n|t:|1698644004\n|move|p2a: Zen Monke|Icicle Crash|p1a: Clefable\n|-damage|p1a: Clefable|0 fnt\n|faint|p1a: Clefable\n|\n|-weather|Snow|[upkeep]\n|upkeep\n|\n|t:|1698644015\n|switch|p1a: Heatran|Heatran, M|100\/100\n|turn|4\n|\n|t:|1698644022\n|switch|p2a: scRotom-Wash|Rotom-Wash, shiny|100\/100\n|move|p1a: Heatran|Magma Storm|p2a: scRotom-Wash\n|-resisted|p2a: scRotom-Wash\n|-damage|p2a: scRotom-Wash|71\/100\n|-activate|p2a: scRotom-Wash|move: Magma Storm|[of] p1a: Heatran\n|\n|-weather|Snow|[upkeep]\n|-heal|p2a: scRotom-Wash|77\/100|[from] item: Leftovers\n|-damage|p2a: scRotom-Wash|65\/100|[from] move: Magma Storm|[partiallytrapped]\n|upkeep\n|turn|5\n|\n|t:|1698644041\n|switch|p1a: Ogerpon|Ogerpon-Cornerstone, F|100\/100\n|move|p2a: scRotom-Wash|Volt Switch|p1a: Ogerpon\n|-resisted|p1a: Ogerpon\n|-damage|p1a: Ogerpon|86\/100\n|\n|t:|1698644057\n|switch|p2a: feesh|Chi-Yu|100\/100|[from] Volt Switch\n|-ability|p2a: feesh|Beads of Ruin\n|\n|-weather|none\n|upkeep\n|turn|6\n|\n|t:|1698644087\n|-terastallize|p1a: Ogerpon|Rock\n|detailschange|p1a: Ogerpon|Ogerpon-Cornerstone-Tera, F, tera:Rock\n|-ability|p1a: Ogerpon|Embody Aspect (Cornerstone)|boost\n|-boost|p1a: Ogerpon|def|1\n|move|p2a: feesh|Overheat|p1a: Ogerpon|[miss]\n|-miss|p2a: feesh|p1a: Ogerpon\n|move|p1a: Ogerpon|Ivy Cudgel|p2a: feesh\n|-supereffective|p2a: feesh\n|-damage|p2a: feesh|0 fnt\n|faint|p2a: feesh\n|\n|upkeep\n|\n|t:|1698644101\n|switch|p2a: scRotom-Wash|Rotom-Wash, shiny|65\/100\n|turn|7\n|\n|t:|1698644109\n|move|p1a: Ogerpon|Ivy Cudgel|p2a: scRotom-Wash\n|-crit|p2a: scRotom-Wash\n|-damage|p2a: scRotom-Wash|0 fnt\n|faint|p2a: scRotom-Wash\n|\n|upkeep\n|\n|t:|1698644124\n|switch|p2a: The Throngler|Slowking-Galar, M, shiny|100\/100\n|turn|8\n|\n|t:|1698644131\n|move|p1a: Ogerpon|Ivy Cudgel|p2a: The Throngler\n|-damage|p2a: The Throngler|12\/100\n|move|p2a: The Throngler|Chilly Reception|p2a: The Throngler\n|-weather|Snow\n|\n|t:|1698644148\n|switch|p2a: Tera Ice|Baxcalibur, F, shiny|100\/100|[from] Chilly Reception\n|\n|-weather|Snow|[upkeep]\n|upkeep\n|turn|9\n|\n|t:|1698644165\n|-terastallize|p2a: Tera Ice|Ground\n|move|p1a: Ogerpon|Horn Leech|p2a: Tera Ice\n|-supereffective|p2a: Tera Ice\n|-damage|p2a: Tera Ice|15\/100\n|-heal|p1a: Ogerpon|100\/100|[from] drain|[of] p2a: Tera Ice\n|move|p2a: Tera Ice|Scale Shot|p1a: Ogerpon\n|-damage|p1a: Ogerpon|89\/100\n|-damage|p1a: Ogerpon|76\/100\n|-damage|p1a: Ogerpon|64\/100\n|-damage|p1a: Ogerpon|50\/100\n|-damage|p1a: Ogerpon|37\/100\n|-hitcount|p1a: Ogerpon|5\n|-unboost|p2a: Tera Ice|def|1\n|-boost|p2a: Tera Ice|spe|1\n|\n|-weather|Snow|[upkeep]\n|upkeep\n|turn|10\n|\n|t:|1698644182\n|move|p2a: Tera Ice|Scale Shot|p1a: Ogerpon\n|-damage|p1a: Ogerpon|25\/100\n|-damage|p1a: Ogerpon|12\/100\n|-damage|p1a: Ogerpon|0 fnt\n|faint|p1a: Ogerpon\n|-hitcount|p1: Ogerpon|3\n|-unboost|p2a: Tera Ice|def|1\n|-boost|p2a: Tera Ice|spe|1\n|\n|-weather|Snow|[upkeep]\n|upkeep\n|\n|t:|1698644191\n|switch|p1a: Samurott|Samurott-Hisui, F|100\/100\n|turn|11\n|\n|t:|1698644198\n|switch|p2a: Zen Monke|Darmanitan-Galar, F|100\/100 par\n|move|p1a: Samurott|Knock Off|p2a: Zen Monke\n|-damage|p2a: Zen Monke|52\/100 par\n|-enditem|p2a: Zen Monke|Choice Scarf|[from] move: Knock Off|[of] p1a: Samurott\n|\n|-weather|Snow|[upkeep]\n|upkeep\n|turn|12\n|\n|t:|1698644210\n|move|p1a: Samurott|Ceaseless Edge|p2a: Zen Monke\n|-damage|p2a: Zen Monke|8\/100 par\n|-sidestart|p2: Big Old Wang|Spikes\n|move|p2a: Zen Monke|Superpower|p1a: Samurott\n|-supereffective|p1a: Samurott\n|-enditem|p1a: Samurott|Focus Sash\n|-damage|p1a: Samurott|1\/100\n|-unboost|p2a: Zen Monke|atk|1\n|-unboost|p2a: Zen Monke|def|1\n|\n|-weather|none\n|upkeep\n|turn|13\n|\n|t:|1698644226\n|move|p1a: Samurott|Ceaseless Edge|p2a: Zen Monke\n|-damage|p2a: Zen Monke|0 fnt\n|-sidestart|p2: Big Old Wang|Spikes\n|faint|p2a: Zen Monke\n|\n|upkeep\n|\n|t:|1698644230\n|switch|p2a: Ninetales-Viable|Ninetales-Alola, F, shiny|100\/100\n|-damage|p2a: Ninetales-Viable|84\/100|[from] Spikes\n|-weather|Snow|[from] ability: Snow Warning|[of] p2a: Ninetales-Viable\n|turn|14\n|\n|t:|1698644238\n|move|p1a: Samurott|Aqua Jet|p2a: Ninetales-Viable\n|-damage|p2a: Ninetales-Viable|66\/100\n|move|p2a: Ninetales-Viable|Aurora Veil|p2a: Ninetales-Viable\n|-sidestart|p2: Big Old Wang|move: Aurora Veil\n|\n|-weather|Snow|[upkeep]\n|upkeep\n|turn|15\n|\n|t:|1698644245\n|switch|p2a: The Throngler|Slowking-Galar, M, shiny|45\/100\n|-damage|p2a: The Throngler|29\/100|[from] Spikes\n|move|p1a: Samurott|Ceaseless Edge|p2a: The Throngler\n|-supereffective|p2a: The Throngler\n|-damage|p2a: The Throngler|0 fnt\n|-sidestart|p2: Big Old Wang|Spikes\n|faint|p2a: The Throngler\n|\n|-weather|Snow|[upkeep]\n|upkeep\n|\n|t:|1698644253\n|switch|p2a: Ninetales-Viable|Ninetales-Alola, F, shiny|66\/100\n|-damage|p2a: Ninetales-Viable|42\/100|[from] Spikes\n|turn|16\n|\n|t:|1698644260\n|move|p1a: Samurott|Aqua Jet|p2a: Ninetales-Viable\n|-damage|p2a: Ninetales-Viable|32\/100\n|move|p2a: Ninetales-Viable|Moonblast|p1a: Samurott\n|-supereffective|p1a: Samurott\n|-damage|p1a: Samurott|0 fnt\n|faint|p1a: Samurott\n|\n|-weather|Snow|[upkeep]\n|upkeep\n|\n|t:|1698644267\n|switch|p1a: Boltund|Boltund, M|100\/100\n|turn|17\n|\n|t:|1698644270\n|move|p1a: Boltund|Psychic Fangs|p2a: Ninetales-Viable\n|-sideend|p2: Big Old Wang|move: Aurora Veil\n|-damage|p2a: Ninetales-Viable|0 fnt\n|faint|p2a: Ninetales-Viable\n|\n|-weather|Snow|[upkeep]\n|upkeep\n|\n|t:|1698644279\n|switch|p2a: Tera Ice|Baxcalibur, F, shiny, tera:Ground|15\/100\n|-damage|p2a: Tera Ice|0 fnt|[from] Spikes\n|faint|p2a: Tera Ice\n|\n|win|StanchYeti\n|l| SaintZoroark\n|l|\u2606Big Old Wang\n","uploadtime":1698644804,"views":12,"p1id":"stanchyeti","p2id":"bigoldwang","formatid":"gen9nationaldexubers","rating":0,"private":0,"password":""}