{"id":"gen9nationaldexubers-1987670444","p1":"202231a","p2":"thegreat_idoit","format":"[Gen 9] National Dex Ubers","log":"|j|\u2606202231a\n|j|\u2606thegreat_idoit\n|t:|1699626070\n|gametype|singles\n|player|p1|202231a|gambler|1112\n|player|p2|thegreat_idoit|nate|1205\n|teamsize|p1|6\n|teamsize|p2|6\n|gen|9\n|tier|[Gen 9] National Dex Ubers\n|rated|\n|rule|HP Percentage Mod: HP is shown in percentages\n|rule|Endless Battle Clause: Forcing endless battles is banned\n|rule|OHKO Clause: OHKO moves are banned\n|rule|Evasion Moves Clause: Evasion moves are banned\n|rule|Evasion Items Clause: Evasion items are banned\n|rule|Species Clause: Limit one of each Pok\u00e9mon\n|rule|Sleep Clause Mod: Limit one foe put to sleep\n|rule|Mega Rayquaza Clause: You cannot mega evolve Rayquaza\n|clearpoke\n|poke|p1|Metagross|\n|poke|p1|Tyranitar, M|\n|poke|p1|Garchomp, M|\n|poke|p1|Mewtwo|\n|poke|p1|Urshifu-*, F|\n|poke|p1|Ogerpon-Hearthflame, F|\n|poke|p2|Blaziken, F|\n|poke|p2|Kyogre|\n|poke|p2|Kyurem-White|\n|poke|p2|Dragapult, M|\n|poke|p2|Corviknight, F|\n|poke|p2|Aegislash, M|\n|teampreview\n|inactive|Battle timer is ON: inactive players will automatically lose when time's up. (requested by thegreat_idoit)\n|inactive|thegreat_idoit has 120 seconds left.\n|\n|t:|1699626129\n|start\n|switch|p1a: Mewtwo|Mewtwo, shiny|100\/100\n|switch|p2a: Kyurem|Kyurem-White|100\/100\n|-ability|p1a: Mewtwo|Pressure\n|-ability|p2a: Kyurem|Turboblaze\n|turn|1\n|\n|t:|1699626149\n|move|p1a: Mewtwo|Calm Mind|p1a: Mewtwo\n|-boost|p1a: Mewtwo|spa|1\n|-boost|p1a: Mewtwo|spd|1\n|move|p2a: Kyurem|Ice Beam|p1a: Mewtwo\n|-damage|p1a: Mewtwo|52\/100\n|-damage|p2a: Kyurem|91\/100|[from] item: Life Orb\n|\n|upkeep\n|turn|2\n|\n|t:|1699626161\n|-zpower|p1a: Mewtwo\n|move|p1a: Mewtwo|Shattered Psyche|p2a: Kyurem|[zeffect]\n|-damage|p2a: Kyurem|0 fnt\n|faint|p2a: Kyurem\n|\n|upkeep\n|\n|t:|1699626172\n|switch|p2a: Dragapult|Dragapult, M|100\/100\n|turn|3\n|\n|t:|1699626180\n|move|p2a: Dragapult|Phantom Force||[still]\n|-prepare|p2a: Dragapult|Phantom Force\n|move|p1a: Mewtwo|Psystrike|p2a: Dragapult|[miss]\n|-miss|p1a: Mewtwo|p2a: Dragapult\n|\n|upkeep\n|turn|4\n|\n|t:|1699626191\n|move|p2a: Dragapult|Phantom Force|p1a: Mewtwo|[from]lockedmove\n|-supereffective|p1a: Mewtwo\n|-damage|p1a: Mewtwo|0 fnt\n|faint|p1a: Mewtwo\n|\n|upkeep\n|\n|t:|1699626197\n|switch|p1a: Big boy|Tyranitar, M, shiny|100\/100\n|-weather|Sandstorm|[from] ability: Sand Stream|[of] p1a: Big boy\n|turn|5\n|\n|t:|1699626202\n|move|p2a: Dragapult|Substitute|p2a: Dragapult\n|-start|p2a: Dragapult|Substitute\n|-damage|p2a: Dragapult|76\/100\n|move|p1a: Big boy|Dragon Dance|p1a: Big boy\n|-boost|p1a: Big boy|atk|1\n|-boost|p1a: Big boy|spe|1\n|\n|-weather|Sandstorm|[upkeep]\n|-damage|p2a: Dragapult|70\/100|[from] Sandstorm\n|upkeep\n|turn|6\n|\n|t:|1699626215\n|move|p2a: Dragapult|Dragon Dance|p2a: Dragapult\n|-boost|p2a: Dragapult|atk|1\n|-boost|p2a: Dragapult|spe|1\n|move|p1a: Big boy|Crunch|p2a: Dragapult\n|-supereffective|p2a: Dragapult\n|-end|p2a: Dragapult|Substitute\n|\n|-weather|Sandstorm|[upkeep]\n|-damage|p2a: Dragapult|64\/100|[from] Sandstorm\n|upkeep\n|turn|7\n|\n|t:|1699626229\n|move|p2a: Dragapult|Dragon Darts|p1a: Big boy\n|-damage|p1a: Big boy|71\/100\n|-anim|p2a: Dragapult|Dragon Darts|p1a: Big boy\n|-damage|p1a: Big boy|45\/100\n|move|p1a: Big boy|Crunch|p2a: Dragapult\n|-supereffective|p2a: Dragapult\n|-damage|p2a: Dragapult|0 fnt\n|faint|p2a: Dragapult\n|\n|-weather|Sandstorm|[upkeep]\n|-heal|p1a: Big boy|51\/100|[from] item: Leftovers\n|upkeep\n|\n|t:|1699626239\n|switch|p2a: Blaziken|Blaziken, F|100\/100\n|turn|8\n|\n|t:|1699626247\n|detailschange|p2a: Blaziken|Blaziken-Mega, F\n|-mega|p2a: Blaziken|Blaziken|Blazikenite\n|-terastallize|p1a: Big boy|Ground\n|move|p2a: Blaziken|Low Kick|p1a: Big boy\n|-damage|p1a: Big boy|0 fnt\n|faint|p1a: Big boy\n|\n|-weather|Sandstorm|[upkeep]\n|-damage|p2a: Blaziken|95\/100|[from] Sandstorm\n|-ability|p2a: Blaziken|Speed Boost|boost\n|-boost|p2a: Blaziken|spe|1\n|upkeep\n|\n|t:|1699626259\n|switch|p1a: Urshifu|Urshifu-Rapid-Strike, F|100\/100\n|turn|9\n|\n|t:|1699626271\n|move|p2a: Blaziken|Stone Edge|p1a: Urshifu|[miss]\n|-miss|p2a: Blaziken|p1a: Urshifu\n|move|p1a: Urshifu|Surging Strikes|p2a: Blaziken\n|-supereffective|p2a: Blaziken\n|-crit|p2a: Blaziken\n|-damage|p2a: Blaziken|15\/100\n|-supereffective|p2a: Blaziken\n|-crit|p2a: Blaziken\n|-damage|p2a: Blaziken|0 fnt\n|faint|p2a: Blaziken\n|-hitcount|p2: Blaziken|2\n|\n|-weather|none\n|upkeep\n|\n|t:|1699626280\n|switch|p2a: rain|Kyogre, shiny|100\/100\n|detailschange|p2a: rain|Kyogre-Primal, shiny\n|-primal|p2a: rain|Blue Orb\n|-weather|PrimordialSea|[from] ability: Primordial Sea|[of] p2a: rain\n|turn|10\n|\n|t:|1699626295\n|move|p1a: Urshifu|Surging Strikes|p2a: rain\n|-resisted|p2a: rain\n|-crit|p2a: rain\n|-damage|p2a: rain|76\/100\n|-resisted|p2a: rain\n|-crit|p2a: rain\n|-damage|p2a: rain|52\/100\n|-resisted|p2a: rain\n|-crit|p2a: rain\n|-damage|p2a: rain|26\/100\n|-hitcount|p2a: rain|3\n|move|p2a: rain|Water Spout|p1a: Urshifu\n|-resisted|p1a: Urshifu\n|-damage|p1a: Urshifu|68\/100\n|\n|-weather|PrimordialSea|[upkeep]\n|upkeep\n|turn|11\n|\n|t:|1699626307\n|-weather|none\n|switch|p2a: Aegislash|Aegislash, M|100\/100\n|move|p1a: Urshifu|Surging Strikes|p2a: Aegislash\n|-crit|p2a: Aegislash\n|-damage|p2a: Aegislash|76\/100\n|-crit|p2a: Aegislash\n|-damage|p2a: Aegislash|55\/100\n|-crit|p2a: Aegislash\n|-damage|p2a: Aegislash|33\/100\n|-hitcount|p2a: Aegislash|3\n|\n|-heal|p2a: Aegislash|39\/100|[from] item: Leftovers\n|upkeep\n|turn|12\n|\n|t:|1699626320\n|move|p2a: Aegislash|King's Shield|p2a: Aegislash\n|-singleturn|p2a: Aegislash|Protect\n|move|p1a: Urshifu|Surging Strikes|p2a: Aegislash\n|-crit|p2a: Aegislash\n|-damage|p2a: Aegislash|14\/100\n|-crit|p2a: Aegislash\n|-damage|p2a: Aegislash|0 fnt\n|faint|p2a: Aegislash\n|-hitcount|p2: Aegislash|2\n|\n|upkeep\n|\n|t:|1699626328\n|switch|p2a: Corviknight|Corviknight, F|100\/100\n|-ability|p2a: Corviknight|Pressure\n|turn|13\n|\n|t:|1699626340\n|-terastallize|p2a: Corviknight|Water\n|move|p1a: Urshifu|Surging Strikes|p2a: Corviknight\n|-resisted|p2a: Corviknight\n|-crit|p2a: Corviknight\n|-damage|p2a: Corviknight|92\/100\n|-resisted|p2a: Corviknight\n|-crit|p2a: Corviknight\n|-damage|p2a: Corviknight|83\/100\n|-resisted|p2a: Corviknight\n|-crit|p2a: Corviknight\n|-damage|p2a: Corviknight|75\/100\n|-hitcount|p2a: Corviknight|3\n|move|p2a: Corviknight|Iron Defense|p2a: Corviknight\n|-boost|p2a: Corviknight|def|2\n|\n|-heal|p2a: Corviknight|81\/100|[from] item: Leftovers\n|upkeep\n|turn|14\n|\n|t:|1699626356\n|move|p1a: Urshifu|Surging Strikes|p2a: Corviknight\n|-resisted|p2a: Corviknight\n|-crit|p2a: Corviknight\n|-damage|p2a: Corviknight|71\/100\n|-resisted|p2a: Corviknight\n|-crit|p2a: Corviknight\n|-damage|p2a: Corviknight|62\/100\n|-resisted|p2a: Corviknight\n|-crit|p2a: Corviknight\n|-damage|p2a: Corviknight|54\/100\n|-hitcount|p2a: Corviknight|3\n|move|p2a: Corviknight|Iron Defense|p2a: Corviknight\n|-boost|p2a: Corviknight|def|2\n|\n|-heal|p2a: Corviknight|60\/100|[from] item: Leftovers\n|upkeep\n|turn|15\n|\n|t:|1699626368\n|-activate|p1a: Urshifu|move: Struggle\n|move|p1a: Urshifu|Struggle|p2a: Corviknight\n|-damage|p2a: Corviknight|54\/100\n|-damage|p1a: Urshifu|43\/100|[from] recoil\n|move|p2a: Corviknight|Body Press|p1a: Urshifu\n|-damage|p1a: Urshifu|0 fnt\n|faint|p1a: Urshifu\n|\n|-heal|p2a: Corviknight|60\/100|[from] item: Leftovers\n|upkeep\n|\n|t:|1699626378\n|switch|p1a: Ogerpon|Ogerpon-Hearthflame, F|100\/100\n|-ability|p1a: Ogerpon|Mold Breaker\n|turn|16\n|\n|t:|1699626384\n|move|p1a: Ogerpon|Horn Leech|p2a: Corviknight\n|-supereffective|p2a: Corviknight\n|-damage|p2a: Corviknight|42\/100\n|move|p2a: Corviknight|Body Press|p1a: Ogerpon\n|-damage|p1a: Ogerpon|0 fnt\n|faint|p1a: Ogerpon\n|\n|-heal|p2a: Corviknight|48\/100|[from] item: Leftovers\n|upkeep\n|\n|t:|1699626393\n|switch|p1a: Meta is gross|Metagross, shiny|100\/100\n|turn|17\n|\n|t:|1699626402\n|detailschange|p1a: Meta is gross|Metagross-Mega, shiny\n|-mega|p1a: Meta is gross|Metagross|Metagrossite\n|move|p1a: Meta is gross|Meteor Mash|p2a: Corviknight\n|-resisted|p2a: Corviknight\n|-damage|p2a: Corviknight|42\/100\n|move|p2a: Corviknight|Roost|p2a: Corviknight\n|-heal|p2a: Corviknight|92\/100\n|\n|-heal|p2a: Corviknight|98\/100|[from] item: Leftovers\n|upkeep\n|turn|18\n|\n|t:|1699626412\n|move|p1a: Meta is gross|Earthquake|p2a: Corviknight\n|-damage|p2a: Corviknight|90\/100\n|move|p2a: Corviknight|Iron Defense|p2a: Corviknight\n|-boost|p2a: Corviknight|def|2\n|\n|-heal|p2a: Corviknight|96\/100|[from] item: Leftovers\n|upkeep\n|turn|19\n|\n|t:|1699626419\n|move|p1a: Meta is gross|Earthquake|p2a: Corviknight\n|-damage|p2a: Corviknight|91\/100\n|move|p2a: Corviknight|Body Press|p1a: Meta is gross\n|-damage|p1a: Meta is gross|29\/100\n|\n|-heal|p2a: Corviknight|97\/100|[from] item: Leftovers\n|upkeep\n|turn|20\n|\n|t:|1699626430\n|move|p1a: Meta is gross|Earthquake|p2a: Corviknight\n|-damage|p2a: Corviknight|92\/100\n|move|p2a: Corviknight|Body Press|p1a: Meta is gross\n|-damage|p1a: Meta is gross|0 fnt\n|faint|p1a: Meta is gross\n|\n|-heal|p2a: Corviknight|98\/100|[from] item: Leftovers\n|upkeep\n|\n|t:|1699626438\n|switch|p1a: Chompy|Garchomp, M, shiny|100\/100\n|turn|21\n|\n|t:|1699626451\n|move|p1a: Chompy|Earthquake|p2a: Corviknight\n|-damage|p2a: Corviknight|89\/100\n|move|p2a: Corviknight|Body Press|p1a: Chompy\n|-damage|p1a: Chompy|1\/100\n|\n|-heal|p2a: Corviknight|95\/100|[from] item: Leftovers\n|upkeep\n|turn|22\n|\n|t:|1699626458\n|move|p1a: Chompy|Earthquake|p2a: Corviknight\n|-damage|p2a: Corviknight|88\/100\n|move|p2a: Corviknight|Body Press|p1a: Chompy\n|-damage|p1a: Chompy|0 fnt\n|faint|p1a: Chompy\n|\n|win|thegreat_idoit\n|raw|202231a's rating: 1112 &rarr; <strong>1094<\/strong><br \/>(-18 for losing)\n|raw|thegreat_idoit's rating: 1205 &rarr; <strong>1223<\/strong><br \/>(+18 for winning)\n|l|\u2606202231a\n","uploadtime":1699626502,"views":6,"p1id":"202231a","p2id":"thegreatidoit","formatid":"gen9nationaldexubers","rating":1094,"private":0,"password":""}