{"id":"gen9nationaldexubers-1984617334","p1":"ANinjaDude","p2":"Dozkek","format":"[Gen 9] National Dex Ubers","log":"|j|\u2606ANinjaDude\n|j|\u2606Dozkek\n|t:|1699285001\n|gametype|singles\n|player|p1|ANinjaDude|volkner|\n|player|p2|Dozkek|adaman|\n|teamsize|p1|6\n|teamsize|p2|6\n|gen|9\n|tier|[Gen 9] National Dex Ubers\n|rule|HP Percentage Mod: HP is shown in percentages\n|rule|Endless Battle Clause: Forcing endless battles is banned\n|rule|OHKO Clause: OHKO moves are banned\n|rule|Evasion Moves Clause: Evasion moves are banned\n|rule|Evasion Items Clause: Evasion items are banned\n|rule|Species Clause: Limit one of each Pok\u00e9mon\n|rule|Sleep Clause Mod: Limit one foe put to sleep\n|rule|Mega Rayquaza Clause: You cannot mega evolve Rayquaza\n|clearpoke\n|poke|p1|Landorus-Therian, M|\n|poke|p1|Celesteela|\n|poke|p1|Thundurus-Therian, M|\n|poke|p1|Dragonite, M|\n|poke|p1|Shaymin-Sky|\n|poke|p1|Lopunny, M|\n|poke|p2|Pelipper, M|\n|poke|p2|Swampert, F|\n|poke|p2|Barraskewda, M|\n|poke|p2|Iron Bundle|\n|poke|p2|Zapdos|\n|poke|p2|Ferrothorn, M|\n|teampreview\n|inactive|Battle timer is ON: inactive players will automatically lose when time's up. (requested by ANinjaDude)\n|inactive|Dozkek also wants the timer to be on.\n|c|\u2606ANinjaDude|glhf\n|\n|t:|1699285016\n|start\n|switch|p1a: Thundurus|Thundurus-Therian, M|100\/100\n|switch|p2a: Pelipper|Pelipper, M|100\/100\n|-weather|RainDance|[from] ability: Drizzle|[of] p2a: Pelipper\n|turn|1\n|c|\u2606Dozkek|U2\n|\n|t:|1699285028\n|switch|p2a: Ferrothorn|Ferrothorn, M|100\/100\n|move|p1a: Thundurus|Substitute|p1a: Thundurus\n|-start|p1a: Thundurus|Substitute\n|-damage|p1a: Thundurus|76\/100\n|\n|-weather|RainDance|[upkeep]\n|upkeep\n|turn|2\n|\n|t:|1699285037\n|move|p1a: Thundurus|Nasty Plot|p1a: Thundurus\n|-boost|p1a: Thundurus|spa|2\n|move|p2a: Ferrothorn|Gyro Ball|p1a: Thundurus\n|-resisted|p1a: Thundurus\n|-crit|p1a: Thundurus\n|-end|p1a: Thundurus|Substitute\n|\n|-weather|RainDance|[upkeep]\n|upkeep\n|turn|3\n|c|\u2606ANinjaDude|idk what gin's thinking with legalised bundle\n|inactive|Dozkek has 270 seconds left.\n|\n|t:|1699285080\n|switch|p2a: Swampert|Swampert, F|100\/100\n|move|p1a: Thundurus|Substitute|p1a: Thundurus\n|-start|p1a: Thundurus|Substitute\n|-damage|p1a: Thundurus|51\/100\n|\n|-weather|RainDance|[upkeep]\n|upkeep\n|turn|4\n|c|\u2606Dozkek|Same\n|\n|t:|1699285091\n|switch|p1a: Lopunny|Lopunny, M|100\/100\n|detailschange|p2a: Swampert|Swampert-Mega, F\n|-mega|p2a: Swampert|Swampert|Swampertite\n|move|p2a: Swampert|Waterfall|p1a: Lopunny\n|-damage|p1a: Lopunny|0 fnt\n|-start|p2a: Swampert|Attract|[from] ability: Cute Charm|[of] p1a: Lopunny\n|faint|p1a: Lopunny\n|-end|p2a: Swampert|Attract|[silent]\n|\n|-weather|RainDance|[upkeep]\n|upkeep\n|c|\u2606ANinjaDude|misclick\n|c|\u2606ANinjaDude|fuck\n|c|\u2606Dozkek|Imagine\n|\n|t:|1699285101\n|switch|p1a: Thundurus|Thundurus-Therian, M|51\/100\n|turn|5\n|\n|t:|1699285107\n|move|p2a: Swampert|Waterfall|p1a: Thundurus\n|-damage|p1a: Thundurus|0 fnt\n|faint|p1a: Thundurus\n|\n|-weather|RainDance|[upkeep]\n|upkeep\n|c|\u2606ANinjaDude|time to pray for love to save me\n|c|\u2606ANinjaDude|ig\n|\n|t:|1699285115\n|switch|p1a: Shaymin|Shaymin-Sky|100\/100\n|turn|6\n|c|\u2606Dozkek|I'm not in love anymore\n|c|\u2606ANinjaDude|fuck\n|inactive|Dozkek has 270 seconds left.\n|\n|t:|1699285141\n|switch|p2a: Ferrothorn|Ferrothorn, M|100\/100\n|move|p1a: Shaymin|Air Slash|p2a: Ferrothorn\n|-damage|p2a: Ferrothorn|72\/100\n|\n|-weather|RainDance|[upkeep]\n|-heal|p2a: Ferrothorn|79\/100|[from] item: Leftovers\n|upkeep\n|turn|7\n|inactive|Dozkek has 270 seconds left.\n|\n|t:|1699285150\n|move|p1a: Shaymin|Air Slash|p2a: Ferrothorn\n|-damage|p2a: Ferrothorn|52\/100\n|cant|p2a: Ferrothorn|flinch\n|\n|-weather|RainDance|[upkeep]\n|-heal|p2a: Ferrothorn|58\/100|[from] item: Leftovers\n|upkeep\n|turn|8\n|c|\u2606ANinjaDude|then i will have to rely upon antics\n|\n|t:|1699285157\n|move|p1a: Shaymin|Air Slash|p2a: Ferrothorn\n|-damage|p2a: Ferrothorn|33\/100\n|move|p2a: Ferrothorn|Gyro Ball|p1a: Shaymin\n|-damage|p1a: Shaymin|43\/100\n|\n|-weather|none\n|-heal|p2a: Ferrothorn|39\/100|[from] item: Leftovers\n|upkeep\n|turn|9\n|\n|t:|1699285169\n|move|p1a: Shaymin|Air Slash|p2a: Ferrothorn\n|-damage|p2a: Ferrothorn|15\/100\n|cant|p2a: Ferrothorn|flinch\n|\n|-heal|p2a: Ferrothorn|22\/100|[from] item: Leftovers\n|upkeep\n|turn|10\n|\n|t:|1699285176\n|move|p1a: Shaymin|Air Slash|p2a: Ferrothorn\n|-damage|p2a: Ferrothorn|0 fnt\n|faint|p2a: Ferrothorn\n|\n|upkeep\n|\n|t:|1699285179\n|switch|p2a: Pelipper|Pelipper, M|100\/100\n|-weather|RainDance|[from] ability: Drizzle|[of] p2a: Pelipper\n|turn|11\n|\n|t:|1699285186\n|move|p1a: Shaymin|Air Slash|p2a: Pelipper\n|-damage|p2a: Pelipper|46\/100\n|move|p2a: Pelipper|U-turn|p1a: Shaymin\n|-damage|p1a: Shaymin|32\/100\n|\n|t:|1699285193\n|switch|p2a: Barraskewda|Barraskewda, M|100\/100|[from] U-turn\n|\n|-weather|RainDance|[upkeep]\n|upkeep\n|turn|12\n|\n|t:|1699285215\n|switch|p1a: Celesteela|Celesteela|100\/100\n|move|p2a: Barraskewda|Ice Fang|p1a: Celesteela\n|-damage|p1a: Celesteela|67\/100\n|-status|p1a: Celesteela|frz\n|\n|-weather|RainDance|[upkeep]\n|upkeep\n|turn|13\n|c|\u2606Dozkek|Imagine\n|c|\u2606ANinjaDude|bruh\n|\n|t:|1699285234\n|move|p2a: Barraskewda|Ice Fang|p1a: Celesteela\n|-damage|p1a: Celesteela|32\/100 frz\n|cant|p1a: Celesteela|frz\n|\n|-weather|RainDance|[upkeep]\n|upkeep\n|turn|14\n|\n|t:|1699285240\n|move|p2a: Barraskewda|Ice Fang|p1a: Celesteela\n|-damage|p1a: Celesteela|0 fnt\n|faint|p1a: Celesteela\n|\n|-weather|RainDance|[upkeep]\n|upkeep\n|\n|t:|1699285254\n|switch|p1a: Landorus|Landorus-Therian, M|100\/100\n|-ability|p1a: Landorus|Intimidate|boost\n|-unboost|p2a: Barraskewda|atk|1\n|turn|15\n|\n|t:|1699285269\n|switch|p2a: Zapdos|Zapdos|100\/100\n|move|p1a: Landorus|Explosion|p2a: Zapdos\n|-damage|p2a: Zapdos|0 fnt\n|faint|p1a: Landorus\n|faint|p2a: Zapdos\n|\n|-weather|RainDance|[upkeep]\n|upkeep\n|c|\u2606ANinjaDude|boom goes the lando\n|inactive|Dozkek has 270 seconds left.\n|\n|t:|1699285298\n|switch|p1a: Dragonite|Dragonite, M|100\/100\n|switch|p2a: Barraskewda|Barraskewda, M|100\/100\n|turn|16\n|inactive|Dozkek has 270 seconds left.\n|\n|t:|1699285319\n|-terastallize|p1a: Dragonite|Normal\n|move|p2a: Barraskewda|Liquidation|p1a: Dragonite\n|-damage|p1a: Dragonite|47\/100\n|move|p1a: Dragonite|Dragon Dance|p1a: Dragonite\n|-boost|p1a: Dragonite|atk|1\n|-boost|p1a: Dragonite|spe|1\n|\n|-weather|RainDance|[upkeep]\n|upkeep\n|turn|17\n|c|\u2606ANinjaDude|now i have to pray that i hit hard enough\n|inactive|Dozkek has 240 seconds left.\n|\n|t:|1699285351\n|switch|p2a: Iron Bundle|Iron Bundle|100\/100\n|move|p1a: Dragonite|Extreme Speed|p2a: Iron Bundle\n|-damage|p2a: Iron Bundle|23\/100\n|\n|-weather|RainDance|[upkeep]\n|upkeep\n|turn|18\n|\n|t:|1699285361\n|move|p1a: Dragonite|Extreme Speed|p2a: Iron Bundle\n|-damage|p2a: Iron Bundle|0 fnt\n|faint|p2a: Iron Bundle\n|-end|p2a: Iron Bundle|Quark Drive|[silent]\n|\n|-weather|none\n|upkeep\n|c|\u2606ANinjaDude|big\n|\n|t:|1699285364\n|switch|p2a: Pelipper|Pelipper, M|46\/100\n|-weather|RainDance|[from] ability: Drizzle|[of] p2a: Pelipper\n|turn|19\n|c|\u2606ANinjaDude|actually huge\n|\n|t:|1699285379\n|move|p1a: Dragonite|Extreme Speed|p2a: Pelipper\n|-damage|p2a: Pelipper|0 fnt\n|faint|p2a: Pelipper\n|\n|-weather|RainDance|[upkeep]\n|upkeep\n|\n|t:|1699285383\n|switch|p2a: Swampert|Swampert-Mega, F|100\/100\n|turn|20\n|inactive|Dozkek has 240 seconds left.\n|\n|t:|1699285417\n|move|p1a: Dragonite|Extreme Speed|p2a: Swampert\n|-crit|p2a: Swampert\n|-damage|p2a: Swampert|6\/100\n|move|p2a: Swampert|Waterfall|p1a: Dragonite\n|-damage|p1a: Dragonite|0 fnt\n|faint|p1a: Dragonite\n|\n|-weather|RainDance|[upkeep]\n|upkeep\n|c|\u2606Dozkek|Gg\n|c|\u2606ANinjaDude|if i hadnt made that misclick i might have won\n|c|\u2606ANinjaDude|sadge\n|\n|t:|1699285433\n|switch|p1a: Shaymin|Shaymin-Sky|32\/100\n|turn|21\n|c|\u2606Dozkek|Fr\n|\n|t:|1699285437\n|move|p1a: Shaymin|Seed Flare|p2a: Swampert\n|-supereffective|p2a: Swampert\n|-damage|p2a: Swampert|0 fnt\n|faint|p2a: Swampert\n|\n|-weather|RainDance|[upkeep]\n|upkeep\n|\n|t:|1699285440\n|switch|p2a: Barraskewda|Barraskewda, M|100\/100\n|turn|22\n|c|\u2606ANinjaDude|anyways, how about you just miss\n|\n|t:|1699285449\n|-terastallize|p2a: Barraskewda|Water\n|move|p2a: Barraskewda|Liquidation|p1a: Shaymin\n|-resisted|p1a: Shaymin\n|-damage|p1a: Shaymin|0 fnt\n|faint|p1a: Shaymin\n|\n|win|Dozkek\n","uploadtime":1699285456,"views":5,"p1id":"aninjadude","p2id":"dozkek","formatid":"gen9nationaldexubers","rating":0,"private":0,"password":""}