{"id":"gen9nationaldexubers-1996451474","p1":"MagmaCOMP","p2":"JustMonika_CARR","format":"[Gen 9] National Dex Ubers","log":"|j|\u2606MagmaCOMP\n|j|\u2606JustMonika_CARR\n|t:|1700683296\n|gametype|singles\n|player|p1|MagmaCOMP|brawly|1262\n|player|p2|JustMonika_CARR|rosa|1319\n|teamsize|p1|6\n|teamsize|p2|6\n|gen|9\n|tier|[Gen 9] National Dex Ubers\n|rated|\n|rule|HP Percentage Mod: HP is shown in percentages\n|rule|Endless Battle Clause: Forcing endless battles is banned\n|rule|OHKO Clause: OHKO moves are banned\n|rule|Evasion Moves Clause: Evasion moves are banned\n|rule|Evasion Items Clause: Evasion items are banned\n|rule|Species Clause: Limit one of each Pok\u00e9mon\n|rule|Sleep Clause Mod: Limit one foe put to sleep\n|rule|Mega Rayquaza Clause: You cannot mega evolve Rayquaza\n|clearpoke\n|poke|p1|Necrozma-Dusk-Mane|\n|poke|p1|Eternatus|\n|poke|p1|Yveltal|\n|poke|p1|Dracovish|\n|poke|p1|Regieleki|\n|poke|p1|Blaziken, M|\n|poke|p2|Blaziken, F|\n|poke|p2|Pheromosa|\n|poke|p2|Gothitelle, F|\n|poke|p2|Deoxys-Speed|\n|poke|p2|Shuckle, M|\n|poke|p2|Durant, F|\n|teampreview\n|inactive|Battle timer is ON: inactive players will automatically lose when time's up. (requested by MagmaCOMP)\n|\n|t:|1700683304\n|start\n|switch|p1a: Necrozma|Necrozma-Dusk-Mane|100\/100\n|switch|p2a: Deoxys|Deoxys-Speed, shiny|100\/100\n|-ability|p2a: Deoxys|Pressure\n|turn|1\n|c|\u2606JustMonika_CARR|Glhf\n|c|\u2606MagmaCOMP|glhf\n|\n|t:|1700683323\n|move|p2a: Deoxys|Reflect|p2a: Deoxys\n|-sidestart|p2: JustMonika_CARR|Reflect\n|move|p1a: Necrozma|Knock Off|p2a: Deoxys\n|-supereffective|p2a: Deoxys\n|-damage|p2a: Deoxys|50\/100\n|-enditem|p2a: Deoxys|Light Clay|[from] move: Knock Off|[of] p1a: Necrozma\n|\n|upkeep\n|turn|2\n|\n|t:|1700683331\n|move|p2a: Deoxys|Stealth Rock|p1a: Necrozma\n|-sidestart|p1: MagmaCOMP|move: Stealth Rock\n|move|p1a: Necrozma|Thunder Wave|p2a: Deoxys\n|-status|p2a: Deoxys|par\n|\n|upkeep\n|turn|3\n|\n|t:|1700683337\n|move|p2a: Deoxys|Reflect||[still]\n|-fail|p2a: Deoxys\n|move|p1a: Necrozma|Stealth Rock|p2a: Deoxys\n|-sidestart|p2: JustMonika_CARR|move: Stealth Rock\n|\n|upkeep\n|turn|4\n|\n|t:|1700683344\n|move|p2a: Deoxys|Light Screen|p2a: Deoxys\n|-sidestart|p2: JustMonika_CARR|move: Light Screen\n|move|p1a: Necrozma|Knock Off|p2a: Deoxys\n|-supereffective|p2a: Deoxys\n|-damage|p2a: Deoxys|17\/100 par\n|\n|upkeep\n|turn|5\n|\n|t:|1700683353\n|switch|p2a: Blaziken|Blaziken, F, shiny|100\/100\n|-damage|p2a: Blaziken|88\/100|[from] Stealth Rock\n|move|p1a: Necrozma|Knock Off|p2a: Blaziken\n|-resisted|p2a: Blaziken\n|-damage|p2a: Blaziken|77\/100\n|\n|upkeep\n|turn|6\n|\n|t:|1700683373\n|switch|p1a: Yveltal|Yveltal, shiny|100\/100\n|-ability|p1a: Yveltal|Dark Aura\n|detailschange|p2a: Blaziken|Blaziken-Mega, F, shiny\n|-mega|p2a: Blaziken|Blaziken|Blazikenite\n|move|p2a: Blaziken|Protect||[still]\n|-fail|p2a: Blaziken\n|\n|-ability|p2a: Blaziken|Speed Boost|boost\n|-boost|p2a: Blaziken|spe|1\n|upkeep\n|turn|7\n|\n|t:|1700683384\n|-terastallize|p1a: Yveltal|Steel\n|move|p2a: Blaziken|Hone Claws|p2a: Blaziken\n|-boost|p2a: Blaziken|atk|1\n|-boost|p2a: Blaziken|accuracy|1\n|move|p1a: Yveltal|Oblivion Wing|p2a: Blaziken\n|-supereffective|p2a: Blaziken\n|-damage|p2a: Blaziken|24\/100\n|\n|-ability|p2a: Blaziken|Speed Boost|boost\n|-boost|p2a: Blaziken|spe|1\n|upkeep\n|turn|8\n|inactive|MagmaCOMP has 120 seconds left.\n|\n|t:|1700683410\n|move|p2a: Blaziken|High Jump Kick|p1a: Yveltal\n|-supereffective|p1a: Yveltal\n|-damage|p1a: Yveltal|0 fnt\n|faint|p1a: Yveltal\n|\n|-sideend|p2: JustMonika_CARR|Reflect\n|-sideend|p2: JustMonika_CARR|move: Light Screen\n|-ability|p2a: Blaziken|Speed Boost|boost\n|-boost|p2a: Blaziken|spe|1\n|upkeep\n|inactive|MagmaCOMP has 120 seconds left.\n|\n|t:|1700683421\n|switch|p1a: Blaziken|Blaziken, M|100\/100\n|turn|9\n|inactive|MagmaCOMP has 120 seconds left.\n|\n|t:|1700683432\n|switch|p1a: Dracovish|Dracovish, shiny|100\/100\n|-damage|p1a: Dracovish|88\/100|[from] Stealth Rock\n|move|p2a: Blaziken|Hone Claws|p2a: Blaziken\n|-boost|p2a: Blaziken|atk|1\n|-boost|p2a: Blaziken|accuracy|1\n|\n|-ability|p2a: Blaziken|Speed Boost|boost\n|-boost|p2a: Blaziken|spe|1\n|upkeep\n|turn|10\n|inactive|MagmaCOMP has 120 seconds left.\n|\n|t:|1700683441\n|move|p2a: Blaziken|High Jump Kick|p1a: Dracovish\n|-damage|p1a: Dracovish|0 fnt\n|faint|p1a: Dracovish\n|\n|-ability|p2a: Blaziken|Speed Boost|boost\n|-boost|p2a: Blaziken|spe|1\n|upkeep\n|\n|t:|1700683446\n|switch|p1a: Regieleki|Regieleki, shiny|100\/100\n|-damage|p1a: Regieleki|88\/100|[from] Stealth Rock\n|turn|11\n|\n|t:|1700683453\n|move|p2a: Blaziken|High Jump Kick|p1a: Regieleki\n|-damage|p1a: Regieleki|0 fnt\n|faint|p1a: Regieleki\n|\n|-ability|p2a: Blaziken|Speed Boost|boost\n|-boost|p2a: Blaziken|spe|1\n|upkeep\n|\n|t:|1700683457\n|switch|p1a: Blaziken|Blaziken, M|100\/100\n|turn|12\n|\n|t:|1700683464\n|move|p2a: Blaziken|Blaze Kick|p1a: Blaziken\n|-resisted|p1a: Blaziken\n|-damage|p1a: Blaziken|7\/100\n|move|p1a: Blaziken|Toxic|p2a: Blaziken|[miss]\n|-miss|p1a: Blaziken|p2a: Blaziken\n|\n|-ability|p1a: Blaziken|Speed Boost|boost\n|-boost|p1a: Blaziken|spe|1\n|upkeep\n|turn|13\n|c|\u2606MagmaCOMP|bruh\n|\n|t:|1700683473\n|move|p2a: Blaziken|Blaze Kick|p1a: Blaziken\n|-resisted|p1a: Blaziken\n|-damage|p1a: Blaziken|0 fnt\n|faint|p1a: Blaziken\n|\n|upkeep\n|\n|t:|1700683480\n|switch|p1a: Eternatus|Eternatus|100\/100\n|-damage|p1a: Eternatus|88\/100|[from] Stealth Rock\n|-ability|p1a: Eternatus|Pressure\n|turn|14\n|\n|t:|1700683486\n|move|p2a: Blaziken|High Jump Kick|p1a: Eternatus\n|-resisted|p1a: Eternatus\n|-damage|p1a: Eternatus|15\/100\n|move|p1a: Eternatus|Dynamax Cannon|p2a: Blaziken\n|-damage|p2a: Blaziken|0 fnt\n|faint|p2a: Blaziken\n|\n|upkeep\n|c|\u2606MagmaCOMP|wow\n|\n|t:|1700683500\n|switch|p2a: Durant|Durant, F, shiny|100\/100\n|-damage|p2a: Durant|88\/100|[from] Stealth Rock\n|turn|15\n|\n|t:|1700683506\n|switch|p1a: Necrozma|Necrozma-Dusk-Mane|100\/100\n|-damage|p1a: Necrozma|94\/100|[from] Stealth Rock\n|move|p2a: Durant|Entrainment|p1a: Necrozma\n|-endability|p1a: Necrozma|Prism Armor|[from] move: Entrainment\n|-ability|p1a: Necrozma|Truant|[from] move: Entrainment\n|\n|-heal|p1a: Necrozma|100\/100|[from] item: Leftovers\n|upkeep\n|turn|16\n|\n|t:|1700683517\n|cant|p2a: Durant|ability: Truant\n|move|p1a: Necrozma|Knock Off|p2a: Durant\n|-damage|p2a: Durant|35\/100\n|-enditem|p2a: Durant|Choice Scarf|[from] move: Knock Off|[of] p1a: Necrozma\n|\n|upkeep\n|turn|17\n|\n|t:|1700683527\n|move|p2a: Durant|Entrainment||[still]\n|-fail|p2a: Durant\n|cant|p1a: Necrozma|ability: Truant\n|\n|upkeep\n|turn|18\n|\n|t:|1700683534\n|cant|p2a: Durant|ability: Truant\n|move|p1a: Necrozma|Sunsteel Strike|p2a: Durant\n|-resisted|p2a: Durant\n|-damage|p2a: Durant|0 fnt\n|faint|p2a: Durant\n|\n|upkeep\n|\n|t:|1700683542\n|switch|p2a: Gothitelle|Gothitelle, F, shiny|100\/100\n|-damage|p2a: Gothitelle|88\/100|[from] Stealth Rock\n|turn|19\n|\n|t:|1700683548\n|cant|p1a: Necrozma|ability: Truant\n|move|p2a: Gothitelle|Substitute|p2a: Gothitelle\n|-start|p2a: Gothitelle|Substitute\n|-damage|p2a: Gothitelle|63\/100\n|\n|upkeep\n|turn|20\n|\n|t:|1700683556\n|move|p1a: Necrozma|Knock Off|p2a: Gothitelle\n|-supereffective|p2a: Gothitelle\n|-end|p2a: Gothitelle|Substitute\n|move|p2a: Gothitelle|Substitute|p2a: Gothitelle\n|-start|p2a: Gothitelle|Substitute\n|-damage|p2a: Gothitelle|38\/100\n|\n|upkeep\n|turn|21\n|\n|t:|1700683562\n|cant|p1a: Necrozma|ability: Truant\n|move|p2a: Gothitelle|Dark Pulse|p1a: Necrozma\n|-supereffective|p1a: Necrozma\n|-damage|p1a: Necrozma|63\/100\n|\n|-heal|p1a: Necrozma|69\/100|[from] item: Leftovers\n|upkeep\n|turn|22\n|\n|t:|1700683570\n|move|p1a: Necrozma|Knock Off|p2a: Gothitelle\n|-supereffective|p2a: Gothitelle\n|-end|p2a: Gothitelle|Substitute\n|move|p2a: Gothitelle|Substitute|p2a: Gothitelle\n|-start|p2a: Gothitelle|Substitute\n|-damage|p2a: Gothitelle|13\/100\n|-enditem|p2a: Gothitelle|Starf Berry|[eat]\n|-boost|p2a: Gothitelle|spa|2|[from] item: Starf Berry\n|\n|-heal|p1a: Necrozma|75\/100|[from] item: Leftovers\n|upkeep\n|turn|23\n|\n|t:|1700683582\n|cant|p1a: Necrozma|ability: Truant\n|move|p2a: Gothitelle|Recycle|p2a: Gothitelle\n|-item|p2a: Gothitelle|Starf Berry|[from] move: Recycle\n|-enditem|p2a: Gothitelle|Starf Berry|[eat]\n|-boost|p2a: Gothitelle|def|2|[from] item: Starf Berry\n|\n|-heal|p1a: Necrozma|81\/100|[from] item: Leftovers\n|upkeep\n|turn|24\n|\n|t:|1700683592\n|move|p2a: Gothitelle|Protect|p2a: Gothitelle\n|-singleturn|p2a: Gothitelle|Protect\n|move|p1a: Necrozma|Knock Off|p2a: Gothitelle\n|-activate|p2a: Gothitelle|move: Protect\n|\n|-heal|p1a: Necrozma|87\/100|[from] item: Leftovers\n|upkeep\n|turn|25\n|\n|t:|1700683600\n|cant|p1a: Necrozma|ability: Truant\n|move|p2a: Gothitelle|Recycle|p2a: Gothitelle\n|-item|p2a: Gothitelle|Starf Berry|[from] move: Recycle\n|-enditem|p2a: Gothitelle|Starf Berry|[eat]\n|-boost|p2a: Gothitelle|atk|2|[from] item: Starf Berry\n|\n|-heal|p1a: Necrozma|93\/100|[from] item: Leftovers\n|upkeep\n|turn|26\n|\n|t:|1700683608\n|move|p2a: Gothitelle|Protect|p2a: Gothitelle\n|-singleturn|p2a: Gothitelle|Protect\n|move|p1a: Necrozma|Knock Off|p2a: Gothitelle\n|-activate|p2a: Gothitelle|move: Protect\n|\n|-heal|p1a: Necrozma|99\/100|[from] item: Leftovers\n|upkeep\n|turn|27\n|\n|t:|1700683628\n|cant|p1a: Necrozma|ability: Truant\n|move|p2a: Gothitelle|Recycle|p2a: Gothitelle\n|-item|p2a: Gothitelle|Starf Berry|[from] move: Recycle\n|-enditem|p2a: Gothitelle|Starf Berry|[eat]\n|-boost|p2a: Gothitelle|def|2|[from] item: Starf Berry\n|\n|-heal|p1a: Necrozma|100\/100|[from] item: Leftovers\n|upkeep\n|turn|28\n|\n|t:|1700683636\n|move|p2a: Gothitelle|Protect|p2a: Gothitelle\n|-singleturn|p2a: Gothitelle|Protect\n|move|p1a: Necrozma|Thunder Wave|p2a: Gothitelle\n|-activate|p2a: Gothitelle|move: Protect\n|\n|upkeep\n|turn|29\n|\n|t:|1700683643\n|cant|p1a: Necrozma|ability: Truant\n|move|p2a: Gothitelle|Recycle|p2a: Gothitelle\n|-item|p2a: Gothitelle|Starf Berry|[from] move: Recycle\n|-enditem|p2a: Gothitelle|Starf Berry|[eat]\n|-boost|p2a: Gothitelle|spd|2|[from] item: Starf Berry\n|\n|upkeep\n|turn|30\n|\n|t:|1700683650\n|move|p2a: Gothitelle|Protect|p2a: Gothitelle\n|-singleturn|p2a: Gothitelle|Protect\n|move|p1a: Necrozma|Thunder Wave|p2a: Gothitelle\n|-activate|p2a: Gothitelle|move: Protect\n|\n|upkeep\n|turn|31\n|\n|t:|1700683655\n|cant|p1a: Necrozma|ability: Truant\n|move|p2a: Gothitelle|Recycle|p2a: Gothitelle\n|-item|p2a: Gothitelle|Starf Berry|[from] move: Recycle\n|-enditem|p2a: Gothitelle|Starf Berry|[eat]\n|-boost|p2a: Gothitelle|spe|2|[from] item: Starf Berry\n|\n|upkeep\n|turn|32\n|\n|t:|1700683662\n|move|p2a: Gothitelle|Protect|p2a: Gothitelle\n|-singleturn|p2a: Gothitelle|Protect\n|move|p1a: Necrozma|Thunder Wave|p2a: Gothitelle\n|-activate|p2a: Gothitelle|move: Protect\n|\n|upkeep\n|turn|33\n|\n|t:|1700683671\n|move|p2a: Gothitelle|Recycle|p2a: Gothitelle\n|-item|p2a: Gothitelle|Starf Berry|[from] move: Recycle\n|-enditem|p2a: Gothitelle|Starf Berry|[eat]\n|-boost|p2a: Gothitelle|def|2|[from] item: Starf Berry\n|cant|p1a: Necrozma|ability: Truant\n|\n|upkeep\n|turn|34\n|\n|t:|1700683677\n|move|p2a: Gothitelle|Protect|p2a: Gothitelle\n|-singleturn|p2a: Gothitelle|Protect\n|move|p1a: Necrozma|Thunder Wave|p2a: Gothitelle\n|-activate|p2a: Gothitelle|move: Protect\n|\n|upkeep\n|turn|35\n|\n|t:|1700683681\n|move|p2a: Gothitelle|Recycle|p2a: Gothitelle\n|-item|p2a: Gothitelle|Starf Berry|[from] move: Recycle\n|-enditem|p2a: Gothitelle|Starf Berry|[eat]\n|-boost|p2a: Gothitelle|spd|2|[from] item: Starf Berry\n|cant|p1a: Necrozma|ability: Truant\n|\n|upkeep\n|turn|36\n|\n|t:|1700683688\n|move|p2a: Gothitelle|Protect|p2a: Gothitelle\n|-singleturn|p2a: Gothitelle|Protect\n|move|p1a: Necrozma|Thunder Wave|p2a: Gothitelle\n|-activate|p2a: Gothitelle|move: Protect\n|\n|upkeep\n|turn|37\n|\n|t:|1700683691\n|move|p2a: Gothitelle|Recycle|p2a: Gothitelle\n|-item|p2a: Gothitelle|Starf Berry|[from] move: Recycle\n|-enditem|p2a: Gothitelle|Starf Berry|[eat]\n|-boost|p2a: Gothitelle|spa|2|[from] item: Starf Berry\n|cant|p1a: Necrozma|ability: Truant\n|\n|upkeep\n|turn|38\n|\n|t:|1700683702\n|move|p2a: Gothitelle|Protect|p2a: Gothitelle\n|-singleturn|p2a: Gothitelle|Protect\n|move|p1a: Necrozma|Thunder Wave|p2a: Gothitelle\n|-activate|p2a: Gothitelle|move: Protect\n|\n|upkeep\n|turn|39\n|\n|t:|1700683709\n|move|p2a: Gothitelle|Recycle|p2a: Gothitelle\n|-item|p2a: Gothitelle|Starf Berry|[from] move: Recycle\n|-enditem|p2a: Gothitelle|Starf Berry|[eat]\n|-boost|p2a: Gothitelle|spd|2|[from] item: Starf Berry\n|cant|p1a: Necrozma|ability: Truant\n|\n|upkeep\n|turn|40\n|-message|MagmaCOMP forfeited.\n|\n|win|JustMonika_CARR\n|raw|MagmaCOMP's rating: 1262 &rarr; <strong>1241<\/strong><br \/>(-21 for losing)\n|raw|JustMonika_CARR's rating: 1319 &rarr; <strong>1336<\/strong><br \/>(+17 for winning)\n|l|\u2606MagmaCOMP\n","uploadtime":1700683723,"views":0,"p1id":"magmacomp","p2id":"justmonikacarr","formatid":"gen9nationaldexubers","rating":1241,"private":0,"password":""}