{"id":"gen9nationaldexubers-1994804075","p1":"700club","p2":"RuanMoreira","format":"[Gen 9] National Dex Ubers","log":"|j|\u2606700club\n|j|\u2606RuanMoreira\n|t:|1700494345\n|gametype|singles\n|player|p1|700club|shadowtriad|1278\n|player|p2|RuanMoreira|drayden|1297\n|teamsize|p1|6\n|teamsize|p2|6\n|gen|9\n|tier|[Gen 9] National Dex Ubers\n|rated|\n|rule|HP Percentage Mod: HP is shown in percentages\n|rule|Endless Battle Clause: Forcing endless battles is banned\n|rule|OHKO Clause: OHKO moves are banned\n|rule|Evasion Moves Clause: Evasion moves are banned\n|rule|Evasion Items Clause: Evasion items are banned\n|rule|Species Clause: Limit one of each Pok\u00e9mon\n|rule|Sleep Clause Mod: Limit one foe put to sleep\n|rule|Mega Rayquaza Clause: You cannot mega evolve Rayquaza\n|clearpoke\n|poke|p1|Ogerpon-Hearthflame, F|\n|poke|p1|Ditto|\n|poke|p1|Deoxys-Speed|\n|poke|p1|Mewtwo|\n|poke|p1|Necrozma-Dusk-Mane|\n|poke|p1|Gliscor, M|\n|poke|p2|Ferrothorn, M|\n|poke|p2|Ho-Oh|\n|poke|p2|Ninetales-Alola, F|\n|poke|p2|Dragapult, F|\n|poke|p2|Blissey, F|\n|poke|p2|Garchomp, F|\n|teampreview\n|c|\u2606700club|hi\n|c|\u2606RuanMoreira|hi\n|\n|t:|1700494356\n|start\n|switch|p1a: Deoxys|Deoxys-Speed|100\/100\n|switch|p2a: Ho-Oh|Ho-Oh, shiny|100\/100\n|-ability|p1a: Deoxys|Pressure\n|turn|1\n|\n|t:|1700494370\n|move|p1a: Deoxys|Reflect|p1a: Deoxys\n|-sidestart|p1: 700club|Reflect\n|move|p2a: Ho-Oh|Sacred Fire|p1a: Deoxys\n|-damage|p1a: Deoxys|75\/100\n|-status|p1a: Deoxys|brn\n|\n|-damage|p1a: Deoxys|69\/100 brn|[from] brn\n|upkeep\n|turn|2\n|\n|t:|1700494392\n|switch|p1a: Necrozma|Necrozma-Dusk-Mane|100\/100\n|move|p2a: Ho-Oh|Sacred Fire|p1a: Necrozma\n|-supereffective|p1a: Necrozma\n|-damage|p1a: Necrozma|73\/100\n|-status|p1a: Necrozma|brn\n|\n|-damage|p1a: Necrozma|67\/100 brn|[from] brn\n|upkeep\n|turn|3\n|\n|t:|1700494416\n|switch|p1a: Gliscor|Gliscor, M|100\/100\n|move|p2a: Ho-Oh|Sacred Fire|p1a: Gliscor\n|-damage|p1a: Gliscor|88\/100\n|\n|-status|p1a: Gliscor|tox|[from] item: Toxic Orb\n|upkeep\n|turn|4\n|\n|t:|1700494432\n|move|p1a: Gliscor|Toxic|p2a: Ho-Oh\n|-status|p2a: Ho-Oh|tox\n|move|p2a: Ho-Oh|Sacred Fire|p1a: Gliscor\n|-damage|p1a: Gliscor|75\/100 tox\n|\n|-heal|p1a: Gliscor|88\/100 tox|[from] ability: Poison Heal\n|-damage|p2a: Ho-Oh|94\/100 tox|[from] psn\n|upkeep\n|turn|5\n|\n|t:|1700494452\n|move|p1a: Gliscor|Spikes|p2a: Ho-Oh\n|-sidestart|p2: RuanMoreira|Spikes\n|move|p2a: Ho-Oh|Whirlwind|p1a: Gliscor\n|drag|p1a: Ogerpon|Ogerpon-Hearthflame, F|100\/100\n|-ability|p1a: Ogerpon|Mold Breaker\n|\n|-damage|p2a: Ho-Oh|82\/100 tox|[from] psn\n|-sideend|p1: 700club|Reflect\n|upkeep\n|turn|6\n|\n|t:|1700494469\n|switch|p2a: Garchomp|Garchomp, F, shiny|100\/100\n|-damage|p2a: Garchomp|88\/100|[from] Spikes\n|-terastallize|p1a: Ogerpon|Fire\n|detailschange|p1a: Ogerpon|Ogerpon-Hearthflame-Tera, F, tera:Fire\n|-ability|p1a: Ogerpon|Embody Aspect (Hearthflame)|boost\n|-boost|p1a: Ogerpon|atk|1\n|move|p1a: Ogerpon|Leech Seed|p2a: Garchomp\n|-start|p2a: Garchomp|move: Leech Seed\n|\n|-damage|p2a: Garchomp|76\/100|[from] Leech Seed|[of] p1a: Ogerpon\n|upkeep\n|turn|7\n|\n|t:|1700494501\n|move|p1a: Ogerpon|Ivy Cudgel|p2a: Garchomp|[anim] Ivy Cudgel Fire\n|-resisted|p2a: Garchomp\n|-damage|p2a: Garchomp|42\/100\n|move|p2a: Garchomp|Toxic|p1a: Ogerpon\n|-status|p1a: Ogerpon|tox\n|\n|-damage|p2a: Garchomp|30\/100|[from] Leech Seed|[of] p1a: Ogerpon\n|-damage|p1a: Ogerpon|94\/100 tox|[from] psn\n|upkeep\n|turn|8\n|\n|t:|1700494529\n|switch|p2a: Ho-Oh|Ho-Oh, shiny|100\/100 tox\n|move|p1a: Ogerpon|Substitute|p1a: Ogerpon\n|-start|p1a: Ogerpon|Substitute\n|-damage|p1a: Ogerpon|70\/100 tox\n|\n|-damage|p1a: Ogerpon|58\/100 tox|[from] psn\n|-damage|p2a: Ho-Oh|94\/100 tox|[from] psn\n|upkeep\n|turn|9\n|\n|t:|1700494536\n|move|p1a: Ogerpon|Leech Seed|p2a: Ho-Oh\n|-start|p2a: Ho-Oh|move: Leech Seed\n|move|p2a: Ho-Oh|Whirlwind|p1a: Ogerpon\n|drag|p1a: Necrozma|Necrozma-Dusk-Mane|67\/100 brn\n|\n|-damage|p2a: Ho-Oh|82\/100 tox|[from] Leech Seed|[of] p1a: Necrozma\n|-heal|p1a: Necrozma|83\/100 brn|[silent]\n|-damage|p2a: Ho-Oh|70\/100 tox|[from] psn\n|-damage|p1a: Necrozma|77\/100 brn|[from] brn\n|upkeep\n|turn|10\n|\n|t:|1700494548\n|switch|p2a: Ferrothorn|Ferrothorn, M|100\/100\n|-damage|p2a: Ferrothorn|88\/100|[from] Spikes\n|detailschange|p1a: Necrozma|Necrozma-Ultra\n|-burst|p1a: Necrozma|Necrozma|Ultranecrozium Z\n|move|p1a: Necrozma|Stone Edge|p2a: Ferrothorn\n|-resisted|p2a: Ferrothorn\n|-damage|p2a: Ferrothorn|82\/100\n|\n|-heal|p2a: Ferrothorn|88\/100|[from] item: Leftovers\n|-damage|p1a: Necrozma|71\/100 brn|[from] brn\n|upkeep\n|turn|11\n|\n|t:|1700494561\n|switch|p1a: Mewtwo|Mewtwo|100\/100\n|-ability|p1a: Mewtwo|Unnerve\n|move|p2a: Ferrothorn|Leech Seed|p1a: Mewtwo|[miss]\n|-miss|p2a: Ferrothorn|p1a: Mewtwo\n|\n|-heal|p2a: Ferrothorn|94\/100|[from] item: Leftovers\n|upkeep\n|turn|12\n|\n|t:|1700494573\n|switch|p2a: Blissey|Blissey, F|100\/100\n|detailschange|p1a: Mewtwo|Mewtwo-Mega-Y\n|-mega|p1a: Mewtwo|Mewtwo|Mewtwonite Y\n|move|p1a: Mewtwo|Fire Blast|p2a: Blissey\n|-damage|p2a: Blissey|85\/100\n|\n|upkeep\n|turn|13\n|\n|t:|1700494582\n|move|p1a: Mewtwo|Psystrike|p2a: Blissey\n|-damage|p2a: Blissey|14\/100\n|move|p2a: Blissey|Heal Bell|p2a: Blissey\n|-activate|p2a: Blissey|move: Heal Bell\n|-curestatus|p2: Ho-Oh|tox|[msg]\n|\n|upkeep\n|turn|14\n|\n|t:|1700494602\n|switch|p2a: Ho-Oh|Ho-Oh, shiny|100\/100\n|move|p1a: Mewtwo|Psystrike|p2a: Ho-Oh\n|-damage|p2a: Ho-Oh|50\/100\n|\n|upkeep\n|turn|15\n|\n|t:|1700494611\n|switch|p2a: Ninetales|Ninetales-Alola, F, shiny|100\/100\n|-damage|p2a: Ninetales|88\/100|[from] Spikes\n|-weather|Snow|[from] ability: Snow Warning|[of] p2a: Ninetales\n|move|p1a: Mewtwo|Psystrike|p2a: Ninetales\n|-damage|p2a: Ninetales|20\/100\n|\n|-weather|Snow|[upkeep]\n|upkeep\n|turn|16\n|-message|RuanMoreira forfeited.\n|\n|win|700club\n|raw|700club's rating: 1278 &rarr; <strong>1304<\/strong><br \/>(+26 for winning)\n|raw|RuanMoreira's rating: 1297 &rarr; <strong>1271<\/strong><br \/>(-26 for losing)\n|l|\u2606RuanMoreira\n","uploadtime":1700494622,"views":6,"p1id":"700club","p2id":"ruanmoreira","formatid":"gen9nationaldexubers","rating":1271,"private":0,"password":""}