{"id":"gen9nationaldexubers-1982341106","p1":"Chaitanya15","p2":"potential paradox","format":"[Gen 9] National Dex Ubers","log":"|j|\u2606Chaitanya15\n|j|\u2606potential paradox\n|t:|1699000624\n|gametype|singles\n|player|p1|Chaitanya15|101|1413\n|player|p2|potential paradox|boarder|1568\n|teamsize|p1|6\n|teamsize|p2|6\n|gen|9\n|tier|[Gen 9] National Dex Ubers\n|rated|\n|rule|HP Percentage Mod: HP is shown in percentages\n|rule|Endless Battle Clause: Forcing endless battles is banned\n|rule|OHKO Clause: OHKO moves are banned\n|rule|Evasion Moves Clause: Evasion moves are banned\n|rule|Evasion Items Clause: Evasion items are banned\n|rule|Species Clause: Limit one of each Pok\u00e9mon\n|rule|Sleep Clause Mod: Limit one foe put to sleep\n|rule|Mega Rayquaza Clause: You cannot mega evolve Rayquaza\n|clearpoke\n|poke|p1|Kingambit, M|\n|poke|p1|Basculegion, M|\n|poke|p1|Pikachu, F|\n|poke|p1|Kyogre|\n|poke|p1|Flutter Mane|\n|poke|p1|Deoxys-Speed|\n|poke|p2|Deoxys-Attack|\n|poke|p2|Shuckle, M|\n|poke|p2|Groudon|\n|poke|p2|Arceus-Ghost|\n|poke|p2|Salamence, F|\n|poke|p2|Necrozma-Dusk-Mane|\n|teampreview\n|inactive|Battle timer is ON: inactive players will automatically lose when time's up. (requested by potential paradox)\n|\n|t:|1699000642\n|start\n|switch|p1a: Deoxys|Deoxys-Speed|100\/100\n|switch|p2a: Groudon|Groudon|100\/100\n|-ability|p1a: Deoxys|Pressure\n|detailschange|p2a: Groudon|Groudon-Primal\n|-primal|p2a: Groudon|Red Orb\n|-weather|DesolateLand|[from] ability: Desolate Land|[of] p2a: Groudon\n|turn|1\n|\n|t:|1699000653\n|move|p1a: Deoxys|Stealth Rock|p2a: Groudon\n|-sidestart|p2: potential paradox|move: Stealth Rock\n|move|p2a: Groudon|Heat Crash|p1a: Deoxys\n|-enditem|p1a: Deoxys|Focus Sash\n|-damage|p1a: Deoxys|1\/100\n|\n|-weather|DesolateLand|[upkeep]\n|upkeep\n|turn|2\n|\n|t:|1699000664\n|move|p1a: Deoxys|Spikes|p2a: Groudon\n|-sidestart|p2: potential paradox|Spikes\n|move|p2a: Groudon|Earthquake|p1a: Deoxys\n|-damage|p1a: Deoxys|0 fnt\n|faint|p1a: Deoxys\n|\n|-weather|DesolateLand|[upkeep]\n|upkeep\n|\n|t:|1699000675\n|switch|p1a: Pikachu|Pikachu, F|100\/100\n|turn|3\n|\n|t:|1699000680\n|move|p1a: Pikachu|Fake Out|p2a: Groudon\n|-damage|p2a: Groudon|89\/100\n|cant|p2a: Groudon|flinch\n|\n|-weather|DesolateLand|[upkeep]\n|upkeep\n|turn|4\n|\n|t:|1699000695\n|move|p1a: Pikachu|Extreme Speed|p2a: Groudon\n|-damage|p2a: Groudon|67\/100\n|move|p2a: Groudon|Earthquake|p1a: Pikachu\n|-supereffective|p1a: Pikachu\n|-damage|p1a: Pikachu|0 fnt\n|faint|p1a: Pikachu\n|\n|-weather|DesolateLand|[upkeep]\n|upkeep\n|\n|t:|1699000704\n|switch|p1a: Flutter Mane|Flutter Mane|100\/100\n|-enditem|p1a: Flutter Mane|Booster Energy\n|-activate|p1a: Flutter Mane|ability: Protosynthesis|[fromitem]\n|-start|p1a: Flutter Mane|protosynthesisspe\n|turn|5\n|\n|t:|1699000714\n|-terastallize|p1a: Flutter Mane|Ghost\n|move|p1a: Flutter Mane|Shadow Ball|p2a: Groudon\n|-damage|p2a: Groudon|1\/100\n|move|p2a: Groudon|Heat Crash|p1a: Flutter Mane\n|-damage|p1a: Flutter Mane|0 fnt\n|faint|p1a: Flutter Mane\n|-end|p1a: Flutter Mane|Protosynthesis|[silent]\n|\n|-weather|DesolateLand|[upkeep]\n|upkeep\n|\n|t:|1699000735\n|switch|p1a: Kingambit|Kingambit, M|100\/100\n|-activate|p1a: Kingambit|ability: Supreme Overlord\n|-start|p1a: Kingambit|fallen3|[silent]\n|turn|6\n|\n|t:|1699000740\n|move|p1a: Kingambit|Sucker Punch|p2a: Groudon\n|-damage|p2a: Groudon|0 fnt\n|faint|p2a: Groudon\n|-weather|none\n|-damage|p1a: Kingambit|91\/100|[from] item: Life Orb\n|\n|upkeep\n|\n|t:|1699000747\n|switch|p2a: Shuckle|Shuckle, M|100\/100\n|-damage|p2a: Shuckle|75\/100|[from] Stealth Rock\n|-damage|p2a: Shuckle|63\/100|[from] Spikes\n|turn|7\n|\n|t:|1699000757\n|move|p1a: Kingambit|Iron Head|p2a: Shuckle\n|-supereffective|p2a: Shuckle\n|-damage|p2a: Shuckle|0 fnt\n|faint|p2a: Shuckle\n|-damage|p1a: Kingambit|81\/100|[from] item: Life Orb\n|\n|upkeep\n|\n|t:|1699000767\n|switch|p2a: Salamence|Salamence, F|100\/100\n|-damage|p2a: Salamence|76\/100|[from] Stealth Rock\n|-ability|p2a: Salamence|Intimidate|boost\n|-unboost|p1a: Kingambit|atk|1\n|turn|8\n|\n|t:|1699000773\n|detailschange|p2a: Salamence|Salamence-Mega, F\n|-mega|p2a: Salamence|Salamence|Salamencite\n|move|p2a: Salamence|Earthquake|p1a: Kingambit\n|-supereffective|p1a: Kingambit\n|-damage|p1a: Kingambit|24\/100\n|move|p1a: Kingambit|Kowtow Cleave|p2a: Salamence\n|-damage|p2a: Salamence|30\/100\n|-damage|p1a: Kingambit|14\/100|[from] item: Life Orb\n|\n|upkeep\n|turn|9\n|\n|t:|1699000784\n|move|p1a: Kingambit|Sucker Punch|p2a: Salamence\n|-damage|p2a: Salamence|0 fnt\n|faint|p2a: Salamence\n|-damage|p1a: Kingambit|4\/100|[from] item: Life Orb\n|\n|upkeep\n|\n|t:|1699000788\n|switch|p2a: Arceus|Arceus-Ghost|100\/100\n|-damage|p2a: Arceus|88\/100|[from] Stealth Rock\n|-damage|p2a: Arceus|76\/100|[from] Spikes\n|turn|10\n|\n|t:|1699000794\n|move|p2a: Arceus|Extreme Speed|p1a: Kingambit\n|-resisted|p1a: Kingambit\n|-damage|p1a: Kingambit|0 fnt\n|faint|p1a: Kingambit\n|-end|p1a: Kingambit|fallen3|[silent]\n|\n|upkeep\n|\n|t:|1699000800\n|switch|p1a: Kyogre|Kyogre|100\/100\n|-weather|RainDance|[from] ability: Drizzle|[of] p1a: Kyogre\n|turn|11\n|\n|t:|1699000811\n|switch|p2a: Deoxys|Deoxys-Attack|100\/100\n|-damage|p2a: Deoxys|88\/100|[from] Stealth Rock\n|-damage|p2a: Deoxys|76\/100|[from] Spikes\n|-ability|p2a: Deoxys|Pressure\n|move|p1a: Kyogre|Water Spout|p2a: Deoxys\n|-damage|p2a: Deoxys|0 fnt\n|faint|p2a: Deoxys\n|\n|-weather|RainDance|[upkeep]\n|upkeep\n|\n|t:|1699000823\n|switch|p2a: Arceus|Arceus-Ghost|76\/100\n|-damage|p2a: Arceus|63\/100|[from] Stealth Rock\n|-damage|p2a: Arceus|51\/100|[from] Spikes\n|turn|12\n|\n|t:|1699000829\n|move|p2a: Arceus|Extreme Speed|p1a: Kyogre\n|-damage|p1a: Kyogre|69\/100\n|move|p1a: Kyogre|Water Spout|p2a: Arceus\n|-damage|p2a: Arceus|0 fnt\n|faint|p2a: Arceus\n|\n|-weather|RainDance|[upkeep]\n|upkeep\n|\n|t:|1699000839\n|switch|p2a: Necrozma|Necrozma-Dusk-Mane|100\/100\n|-damage|p2a: Necrozma|95\/100|[from] Stealth Rock\n|-damage|p2a: Necrozma|82\/100|[from] Spikes\n|turn|13\n|\n|t:|1699000844\n|move|p1a: Kyogre|Water Spout|p2a: Necrozma\n|-damage|p2a: Necrozma|0 fnt\n|faint|p2a: Necrozma\n|\n|win|Chaitanya15\n|raw|Chaitanya15's rating: 1413 &rarr; <strong>1441<\/strong><br \/>(+28 for winning)\n|raw|potential paradox's rating: 1568 &rarr; <strong>1540<\/strong><br \/>(-28 for losing)\n|c|\u2606Chaitanya15|Gg\n|l|\u2606potential paradox\n","uploadtime":1699000867,"views":9,"p1id":"chaitanya15","p2id":"potentialparadox","formatid":"gen9nationaldexubers","rating":1441,"private":0,"password":""}