{"id":"gen9nationaldexubers-1997984787","p1":"Dlovo","p2":"vnappy","format":"[Gen 9] National Dex Ubers","log":"|j|\u2606Dlovo\n|j|\u2606vnappy\n|t:|1700875422\n|gametype|singles\n|player|p1|Dlovo|cyrus-masters|1212\n|player|p2|vnappy|acetrainer-gen4dp|1192\n|teamsize|p1|6\n|teamsize|p2|6\n|gen|9\n|tier|[Gen 9] National Dex Ubers\n|rated|\n|rule|HP Percentage Mod: HP is shown in percentages\n|rule|Endless Battle Clause: Forcing endless battles is banned\n|rule|OHKO Clause: OHKO moves are banned\n|rule|Evasion Moves Clause: Evasion moves are banned\n|rule|Evasion Items Clause: Evasion items are banned\n|rule|Species Clause: Limit one of each Pok\u00e9mon\n|rule|Sleep Clause Mod: Limit one foe put to sleep\n|rule|Mega Rayquaza Clause: You cannot mega evolve Rayquaza\n|clearpoke\n|poke|p1|Roaring Moon|\n|poke|p1|Zacian-*|\n|poke|p1|Gholdengo|\n|poke|p1|Rayquaza|\n|poke|p1|Grimmsnarl, M|\n|poke|p1|Heatran, M|\n|poke|p2|Blastoise, F|\n|poke|p2|Tyranitar, F|\n|poke|p2|Rhydon, M|\n|poke|p2|Nidoking, M|\n|poke|p2|Dragonite, M|\n|poke|p2|Baxcalibur, M|\n|teampreview\n|inactive|Battle timer is ON: inactive players will automatically lose when time's up. (requested by vnappy)\n|inactive|Dlovo has 120 seconds left.\n|\n|t:|1700875453\n|start\n|switch|p1a: Rayquaza|Rayquaza, shiny|100\/100\n|switch|p2a: Nidoking|Nidoking, M|100\/100\n|-ability|p1a: Rayquaza|Air Lock\n|turn|1\n|\n|t:|1700875465\n|switch|p1a: Heatran|Heatran, M|100\/100\n|-item|p1a: Heatran|Air Balloon\n|move|p2a: Nidoking|Ice Beam|p1a: Heatran\n|-resisted|p1a: Heatran\n|-damage|p1a: Heatran|94\/100\n|-enditem|p1a: Heatran|Air Balloon\n|\n|upkeep\n|turn|2\n|\n|t:|1700875473\n|switch|p1a: Rayquaza|Rayquaza, shiny|100\/100\n|-ability|p1a: Rayquaza|Air Lock\n|move|p2a: Nidoking|Earth Power|p1a: Rayquaza\n|-immune|p1a: Rayquaza\n|\n|upkeep\n|turn|3\n|\n|t:|1700875481\n|-terastallize|p1a: Rayquaza|Normal\n|move|p2a: Nidoking|Ice Beam|p1a: Rayquaza\n|-damage|p1a: Rayquaza|72\/100\n|move|p1a: Rayquaza|Swords Dance|p1a: Rayquaza\n|-boost|p1a: Rayquaza|atk|2\n|\n|upkeep\n|turn|4\n|\n|t:|1700875489\n|move|p2a: Nidoking|Toxic|p1a: Rayquaza\n|-status|p1a: Rayquaza|tox\n|move|p1a: Rayquaza|Swords Dance|p1a: Rayquaza\n|-boost|p1a: Rayquaza|atk|2\n|\n|-damage|p1a: Rayquaza|66\/100 tox|[from] psn\n|upkeep\n|turn|5\n|\n|t:|1700875499\n|switch|p2a: Tyranitar|Tyranitar, F|100\/100\n|-weather|Sandstorm|[from] ability: Sand Stream|[of] p2a: Tyranitar\n|move|p1a: Rayquaza|Extreme Speed|p2a: Tyranitar\n|-resisted|p2a: Tyranitar\n|-damage|p2a: Tyranitar|38\/100\n|-damage|p1a: Rayquaza|56\/100 tox|[from] item: Life Orb\n|\n|-weather|Sandstorm|[upkeep]\n|-damage|p1a: Rayquaza|44\/100 tox|[from] psn\n|upkeep\n|turn|6\n|\n|t:|1700875513\n|move|p1a: Rayquaza|Extreme Speed|p2a: Tyranitar\n|-resisted|p2a: Tyranitar\n|-damage|p2a: Tyranitar|0 fnt\n|faint|p2a: Tyranitar\n|-damage|p1a: Rayquaza|34\/100 tox|[from] item: Life Orb\n|\n|-weather|Sandstorm|[upkeep]\n|-damage|p1a: Rayquaza|16\/100 tox|[from] psn\n|upkeep\n|\n|t:|1700875526\n|switch|p2a: Nidoking|Nidoking, M|100\/100\n|turn|7\n|\n|t:|1700875535\n|move|p1a: Rayquaza|Extreme Speed|p2a: Nidoking\n|-enditem|p2a: Nidoking|Focus Sash\n|-damage|p2a: Nidoking|1\/100\n|-damage|p1a: Rayquaza|6\/100 tox|[from] item: Life Orb\n|move|p2a: Nidoking|Earth Power|p1a: Rayquaza\n|-damage|p1a: Rayquaza|0 fnt\n|faint|p1a: Rayquaza\n|\n|-weather|Sandstorm|[upkeep]\n|upkeep\n|\n|t:|1700875551\n|switch|p1a: Roaring Moon|Roaring Moon|100\/100\n|-enditem|p1a: Roaring Moon|Booster Energy\n|-activate|p1a: Roaring Moon|ability: Protosynthesis|[fromitem]\n|-start|p1a: Roaring Moon|protosynthesisatk\n|turn|8\n|\n|t:|1700875557\n|move|p1a: Roaring Moon|Dragon Dance|p1a: Roaring Moon\n|-boost|p1a: Roaring Moon|atk|1\n|-boost|p1a: Roaring Moon|spe|1\n|move|p2a: Nidoking|Ice Beam|p1a: Roaring Moon\n|-supereffective|p1a: Roaring Moon\n|-damage|p1a: Roaring Moon|36\/100\n|\n|-weather|Sandstorm|[upkeep]\n|-damage|p1a: Roaring Moon|30\/100|[from] Sandstorm\n|upkeep\n|turn|9\n|\n|t:|1700875564\n|move|p1a: Roaring Moon|Acrobatics|p2a: Nidoking\n|-damage|p2a: Nidoking|0 fnt\n|faint|p2a: Nidoking\n|\n|-weather|none\n|upkeep\n|\n|t:|1700875571\n|switch|p2a: Baxcalibur|Baxcalibur, M|100\/100\n|turn|10\n|\n|t:|1700875576\n|move|p2a: Baxcalibur|Ice Shard|p1a: Roaring Moon\n|-supereffective|p1a: Roaring Moon\n|-damage|p1a: Roaring Moon|0 fnt\n|faint|p1a: Roaring Moon\n|-end|p1a: Roaring Moon|Protosynthesis|[silent]\n|\n|upkeep\n|\n|t:|1700875594\n|switch|p1a: Zacian|Zacian-Crowned|100\/100\n|-ability|p1a: Zacian|Intrepid Sword|boost\n|-boost|p1a: Zacian|atk|1\n|turn|11\n|\n|t:|1700875605\n|move|p2a: Baxcalibur|Ice Shard|p1a: Zacian\n|-resisted|p1a: Zacian\n|-damage|p1a: Zacian|89\/100\n|move|p1a: Zacian|Behemoth Blade|p2a: Baxcalibur\n|-supereffective|p2a: Baxcalibur\n|-damage|p2a: Baxcalibur|0 fnt\n|faint|p2a: Baxcalibur\n|\n|upkeep\n|\n|t:|1700875611\n|switch|p2a: Rhydon|Rhydon, M|100\/100\n|turn|12\n|\n|t:|1700875622\n|-terastallize|p2a: Rhydon|Ghost\n|move|p1a: Zacian|Behemoth Blade|p2a: Rhydon\n|-damage|p2a: Rhydon|61\/100\n|move|p2a: Rhydon|Iron Defense|p2a: Rhydon\n|-boost|p2a: Rhydon|def|2\n|\n|upkeep\n|turn|13\n|\n|t:|1700875635\n|switch|p1a: Grimmsnarl|Grimmsnarl, M|100\/100\n|move|p2a: Rhydon|Earthquake|p1a: Grimmsnarl\n|-damage|p1a: Grimmsnarl|60\/100\n|\n|upkeep\n|turn|14\n|\n|t:|1700875644\n|move|p1a: Grimmsnarl|Taunt|p2a: Rhydon\n|-start|p2a: Rhydon|move: Taunt\n|move|p2a: Rhydon|Earthquake|p1a: Grimmsnarl\n|-damage|p1a: Grimmsnarl|19\/100\n|\n|upkeep\n|turn|15\n|\n|t:|1700875649\n|move|p1a: Grimmsnarl|Reflect|p1a: Grimmsnarl\n|-sidestart|p1: Dlovo|Reflect\n|move|p2a: Rhydon|Earthquake|p1a: Grimmsnarl\n|-damage|p1a: Grimmsnarl|0 fnt\n|faint|p1a: Grimmsnarl\n|\n|upkeep\n|\n|t:|1700875653\n|switch|p1a: Zacian|Zacian-Crowned|89\/100\n|turn|16\n|\n|t:|1700875657\n|move|p1a: Zacian|Swords Dance|p1a: Zacian\n|-boost|p1a: Zacian|atk|2\n|move|p2a: Rhydon|Rock Tomb|p1a: Zacian\n|-resisted|p1a: Zacian\n|-damage|p1a: Zacian|83\/100\n|-unboost|p1a: Zacian|spe|1\n|\n|-end|p2a: Rhydon|move: Taunt\n|upkeep\n|turn|17\n|\n|t:|1700875668\n|move|p1a: Zacian|Swords Dance|p1a: Zacian\n|-boost|p1a: Zacian|atk|2\n|move|p2a: Rhydon|Earthquake|p1a: Zacian\n|-supereffective|p1a: Zacian\n|-damage|p1a: Zacian|44\/100\n|\n|upkeep\n|turn|18\n|\n|t:|1700875678\n|move|p1a: Zacian|Behemoth Blade|p2a: Rhydon\n|-damage|p2a: Rhydon|24\/100\n|move|p2a: Rhydon|Rock Tomb|p1a: Zacian\n|-resisted|p1a: Zacian\n|-damage|p1a: Zacian|38\/100\n|-unboost|p1a: Zacian|spe|1\n|\n|upkeep\n|turn|19\n|\n|t:|1700875690\n|move|p1a: Zacian|Behemoth Blade|p2a: Rhydon\n|-damage|p2a: Rhydon|0 fnt\n|faint|p2a: Rhydon\n|\n|upkeep\n|\n|t:|1700875695\n|switch|p2a: Dragonite|Dragonite, M|100\/100\n|turn|20\n|\n|t:|1700875699\n|move|p2a: Dragonite|Dragon Dance|p2a: Dragonite\n|-boost|p2a: Dragonite|atk|1\n|-boost|p2a: Dragonite|spe|1\n|move|p1a: Zacian|Play Rough|p2a: Dragonite\n|-supereffective|p2a: Dragonite\n|-damage|p2a: Dragonite|0 fnt\n|faint|p2a: Dragonite\n|\n|upkeep\n|\n|t:|1700875702\n|switch|p2a: Blastoise|Blastoise, F|100\/100\n|turn|21\n|\n|t:|1700875713\n|detailschange|p2a: Blastoise|Blastoise-Mega, F\n|-mega|p2a: Blastoise|Blastoise|Blastoisinite\n|move|p2a: Blastoise|Water Pulse|p1a: Zacian\n|-damage|p1a: Zacian|0 fnt\n|faint|p1a: Zacian\n|\n|upkeep\n|\n|t:|1700875720\n|switch|p1a: Gholdengo|Gholdengo|100\/100\n|turn|22\n|\n|t:|1700875726\n|move|p1a: Gholdengo|Thunderbolt|p2a: Blastoise\n|-supereffective|p2a: Blastoise\n|-damage|p2a: Blastoise|11\/100\n|move|p2a: Blastoise|Shell Smash|p2a: Blastoise\n|-unboost|p2a: Blastoise|def|1\n|-unboost|p2a: Blastoise|spd|1\n|-boost|p2a: Blastoise|atk|2\n|-boost|p2a: Blastoise|spa|2\n|-boost|p2a: Blastoise|spe|2\n|\n|-sideend|p1: Dlovo|Reflect\n|upkeep\n|turn|23\n|\n|t:|1700875734\n|move|p2a: Blastoise|Water Pulse|p1a: Gholdengo\n|-damage|p1a: Gholdengo|0 fnt\n|faint|p1a: Gholdengo\n|\n|upkeep\n|\n|t:|1700875736\n|switch|p1a: Heatran|Heatran, M|94\/100\n|turn|24\n|\n|t:|1700875739\n|move|p2a: Blastoise|Water Pulse|p1a: Heatran\n|-supereffective|p1a: Heatran\n|-damage|p1a: Heatran|0 fnt\n|faint|p1a: Heatran\n|\n|win|vnappy\n|raw|Dlovo's rating: 1212 &rarr; <strong>1186<\/strong><br \/>(-26 for losing)\n|raw|vnappy's rating: 1192 &rarr; <strong>1218<\/strong><br \/>(+26 for winning)\n|c|\u2606vnappy|gg\n|l|\u2606Dlovo\n","uploadtime":1700875746,"views":1,"p1id":"dlovo","p2id":"vnappy","formatid":"gen9nationaldexubers","rating":1186,"private":0,"password":""}