{"id":"gen9nationaldexubers-1988751776","p1":"FoxasBat","p2":"PyroGaleZX","format":"[Gen 9] National Dex Ubers","log":"|j|\u2606FoxasBat\n|j|\u2606PyroGaleZX\n|t:|1699758535\n|gametype|singles\n|player|p1|FoxasBat|169|\n|player|p2|PyroGaleZX|grusha|\n|teamsize|p1|6\n|teamsize|p2|6\n|gen|9\n|tier|[Gen 9] National Dex Ubers\n|rule|HP Percentage Mod: HP is shown in percentages\n|rule|Endless Battle Clause: Forcing endless battles is banned\n|rule|OHKO Clause: OHKO moves are banned\n|rule|Evasion Moves Clause: Evasion moves are banned\n|rule|Evasion Items Clause: Evasion items are banned\n|rule|Species Clause: Limit one of each Pok\u00e9mon\n|rule|Sleep Clause Mod: Limit one foe put to sleep\n|rule|Mega Rayquaza Clause: You cannot mega evolve Rayquaza\n|clearpoke\n|poke|p1|Clodsire, F|\n|poke|p1|Roaring Moon|\n|poke|p1|Armarouge, M|\n|poke|p1|Decidueye, F|\n|poke|p1|Klawf, F|\n|poke|p1|Dunsparce, M|\n|poke|p2|Samurott-Hisui, F|\n|poke|p2|Enamorus-Therian, F|\n|poke|p2|Arcanine, F|\n|poke|p2|Umbreon, F|\n|poke|p2|Spiritomb, F|\n|poke|p2|Pawmo, F|\n|teampreview\n|\n|t:|1699758560\n|start\n|switch|p1a: Klawf|Klawf, F, shiny|100\/100\n|switch|p2a: Spiritomb|Spiritomb, F, shiny|100\/100\n|-ability|p2a: Spiritomb|Pressure\n|turn|1\n|\n|t:|1699758571\n|move|p1a: Klawf|Swords Dance|p1a: Klawf\n|-boost|p1a: Klawf|atk|2\n|move|p2a: Spiritomb|Trick|p1a: Klawf\n|-activate|p2a: Spiritomb|move: Trick|[of] p1a: Klawf\n|-item|p1a: Klawf|Choice Specs|[from] move: Trick\n|-item|p2a: Spiritomb|Focus Sash|[from] move: Trick\n|\n|upkeep\n|turn|2\n|\n|t:|1699758588\n|move|p1a: Klawf|Swords Dance|p1a: Klawf\n|-boost|p1a: Klawf|atk|2\n|move|p2a: Spiritomb|Foul Play|p1a: Klawf\n|-damage|p1a: Klawf|0 fnt\n|faint|p1a: Klawf\n|\n|upkeep\n|j| HeirEhm\n|\n|t:|1699758606\n|switch|p1a: Armarouge|Armarouge, M|100\/100\n|turn|3\n|\n|t:|1699758624\n|move|p1a: Armarouge|Endure|p1a: Armarouge\n|-singleturn|p1a: Armarouge|move: Endure\n|move|p2a: Spiritomb|Trick Room|p2a: Spiritomb\n|-fieldstart|move: Trick Room|[of] p2a: Spiritomb\n|\n|upkeep\n|turn|4\n|\n|t:|1699758631\n|move|p1a: Armarouge|Endure||[still]\n|-fail|p1a: Armarouge\n|move|p2a: Spiritomb|Foul Play|p1a: Armarouge\n|-supereffective|p1a: Armarouge\n|-damage|p1a: Armarouge|69\/100\n|-ability|p1a: Armarouge|Weak Armor|boost\n|-unboost|p1a: Armarouge|def|1\n|-boost|p1a: Armarouge|spe|2\n|-enditem|p1a: Armarouge|Weakness Policy\n|-boost|p1a: Armarouge|atk|2|[from] item: Weakness Policy\n|-boost|p1a: Armarouge|spa|2|[from] item: Weakness Policy\n|\n|upkeep\n|turn|5\n|j| tbor2002\n|\n|t:|1699758651\n|move|p2a: Spiritomb|Destiny Bond|p2a: Spiritomb\n|-singlemove|p2a: Spiritomb|Destiny Bond\n|move|p1a: Armarouge|Calm Mind|p1a: Armarouge\n|-boost|p1a: Armarouge|spa|1\n|-boost|p1a: Armarouge|spd|1\n|\n|upkeep\n|turn|6\n|\n|t:|1699758660\n|move|p2a: Spiritomb|Trick|p1a: Armarouge\n|-activate|p2a: Spiritomb|move: Trick|[of] p1a: Armarouge\n|-item|p1a: Armarouge|Focus Sash|[from] move: Trick\n|-enditem|p2a: Spiritomb|Focus Sash|[silent]|[from] move: Trick\n|move|p1a: Armarouge|Calm Mind|p1a: Armarouge\n|-boost|p1a: Armarouge|spa|1\n|-boost|p1a: Armarouge|spd|1\n|\n|upkeep\n|turn|7\n|\n|t:|1699758670\n|move|p2a: Spiritomb|Destiny Bond|p2a: Spiritomb\n|-singlemove|p2a: Spiritomb|Destiny Bond\n|move|p1a: Armarouge|Stored Power|p2a: Spiritomb\n|-immune|p2a: Spiritomb\n|\n|-fieldend|move: Trick Room\n|upkeep\n|turn|8\n|\n|t:|1699758679\n|move|p1a: Armarouge|Calm Mind|p1a: Armarouge\n|-boost|p1a: Armarouge|spa|1\n|-boost|p1a: Armarouge|spd|1\n|move|p2a: Spiritomb|Trick Room|p2a: Spiritomb\n|-fieldstart|move: Trick Room|[of] p2a: Spiritomb\n|\n|upkeep\n|turn|9\n|\n|t:|1699758689\n|move|p2a: Spiritomb|Destiny Bond|p2a: Spiritomb\n|-singlemove|p2a: Spiritomb|Destiny Bond\n|move|p1a: Armarouge|Calm Mind|p1a: Armarouge\n|-boost|p1a: Armarouge|spa|1\n|-boost|p1a: Armarouge|spd|1\n|\n|upkeep\n|turn|10\n|\n|t:|1699758708\n|move|p2a: Spiritomb|Trick|p1a: Armarouge\n|-activate|p2a: Spiritomb|move: Trick|[of] p1a: Armarouge\n|-enditem|p1a: Armarouge|Focus Sash|[silent]|[from] move: Trick\n|-item|p2a: Spiritomb|Focus Sash|[from] move: Trick\n|move|p1a: Armarouge|Calm Mind|p1a: Armarouge\n|-boost|p1a: Armarouge|spa|0\n|-boost|p1a: Armarouge|spd|1\n|\n|upkeep\n|turn|11\n|\n|t:|1699758724\n|move|p2a: Spiritomb|Foul Play|p1a: Armarouge\n|-supereffective|p1a: Armarouge\n|-damage|p1a: Armarouge|0 fnt\n|faint|p1a: Armarouge\n|\n|upkeep\n|\n|t:|1699758733\n|switch|p1a: Roaring Moon|Roaring Moon|100\/100\n|-enditem|p1a: Roaring Moon|Booster Energy\n|-activate|p1a: Roaring Moon|ability: Protosynthesis|[fromitem]\n|-start|p1a: Roaring Moon|protosynthesisatk\n|turn|12\n|\n|t:|1699758740\n|-terastallize|p1a: Roaring Moon|Flying\n|move|p2a: Spiritomb|Destiny Bond|p2a: Spiritomb\n|-singlemove|p2a: Spiritomb|Destiny Bond\n|move|p1a: Roaring Moon|Acrobatics|p2a: Spiritomb\n|-damage|p2a: Spiritomb|8\/100\n|\n|-fieldend|move: Trick Room\n|upkeep\n|turn|13\n|\n|t:|1699758750\n|move|p1a: Roaring Moon|Acrobatics|p2a: Spiritomb\n|-damage|p2a: Spiritomb|0 fnt\n|faint|p2a: Spiritomb\n|-activate|p2a: Spiritomb|move: Destiny Bond\n|faint|p1a: Roaring Moon\n|-end|p1a: Roaring Moon|Protosynthesis|[silent]\n|\n|upkeep\n|-message|FoxasBat forfeited.\n|\n|win|PyroGaleZX\n","uploadtime":1699758806,"views":6,"p1id":"foxasbat","p2id":"pyrogalezx","formatid":"gen9nationaldexubers","rating":0,"private":0,"password":""}