{"id":"gen9nationaldexubers-1985587111","p1":"E I C O S","p2":"Liam Plecak","format":"[Gen 9] National Dex Ubers","log":"|j|\u2606E I C O S\n|j|\u2606Liam Plecak\n|t:|1699386857\n|gametype|singles\n|player|p1|E I C O S|101|1363\n|player|p2|Liam Plecak|palmer|1506\n|teamsize|p1|6\n|teamsize|p2|6\n|gen|9\n|tier|[Gen 9] National Dex Ubers\n|rated|\n|rule|HP Percentage Mod: HP is shown in percentages\n|rule|Endless Battle Clause: Forcing endless battles is banned\n|rule|OHKO Clause: OHKO moves are banned\n|rule|Evasion Moves Clause: Evasion moves are banned\n|rule|Evasion Items Clause: Evasion items are banned\n|rule|Species Clause: Limit one of each Pok\u00e9mon\n|rule|Sleep Clause Mod: Limit one foe put to sleep\n|rule|Mega Rayquaza Clause: You cannot mega evolve Rayquaza\n|clearpoke\n|poke|p1|Swampert, M|\n|poke|p1|Corviknight, M|\n|poke|p1|Dragapult, M|\n|poke|p1|Ogerpon-Hearthflame, F|\n|poke|p1|Obstagoon, M|\n|poke|p1|Tapu Koko|\n|poke|p2|Arceus-Ground|\n|poke|p2|Groudon|\n|poke|p2|Ho-Oh|\n|poke|p2|Yveltal|\n|poke|p2|Zacian-*|\n|poke|p2|Rayquaza|\n|teampreview\n|inactive|Battle timer is ON: inactive players will automatically lose when time's up. (requested by E I C O S)\n|\n|t:|1699386874\n|start\n|switch|p1a: Corviknight|Corviknight, M|100\/100\n|switch|p2a: Groudon|Groudon|100\/100\n|-ability|p1a: Corviknight|Pressure\n|detailschange|p2a: Groudon|Groudon-Primal\n|-primal|p2a: Groudon|Red Orb\n|-weather|DesolateLand|[from] ability: Desolate Land|[of] p2a: Groudon\n|turn|1\n|\n|t:|1699386879\n|switch|p1a: Tapu Koko|Tapu Koko|100\/100\n|-fieldstart|move: Electric Terrain|[from] ability: Electric Surge|[of] p1a: Tapu Koko\n|move|p2a: Groudon|Overheat|p1a: Tapu Koko\n|-damage|p1a: Tapu Koko|0 fnt\n|-unboost|p2a: Groudon|spa|2\n|faint|p1a: Tapu Koko\n|\n|-weather|DesolateLand|[upkeep]\n|upkeep\n|\n|t:|1699386898\n|switch|p1a: Obstagoon|Obstagoon, M|100\/100\n|turn|2\n|\n|t:|1699386904\n|move|p1a: Obstagoon|Obstruct|p1a: Obstagoon\n|-singleturn|p1a: Obstagoon|Protect\n|move|p2a: Groudon|Stealth Rock|p1a: Obstagoon\n|-sidestart|p1: E I C O S|move: Stealth Rock\n|\n|-weather|DesolateLand|[upkeep]\n|-status|p1a: Obstagoon|brn|[from] item: Flame Orb\n|upkeep\n|turn|3\n|\n|t:|1699386919\n|move|p1a: Obstagoon|Facade|p2a: Groudon\n|-damage|p2a: Groudon|59\/100\n|move|p2a: Groudon|Precipice Blades|p1a: Obstagoon\n|-damage|p1a: Obstagoon|23\/100 brn\n|\n|-weather|DesolateLand|[upkeep]\n|-damage|p1a: Obstagoon|17\/100 brn|[from] brn\n|upkeep\n|turn|4\n|\n|t:|1699386932\n|move|p1a: Obstagoon|Facade|p2a: Groudon\n|-damage|p2a: Groudon|17\/100\n|move|p2a: Groudon|Precipice Blades|p1a: Obstagoon\n|-damage|p1a: Obstagoon|0 fnt\n|faint|p1a: Obstagoon\n|\n|-weather|DesolateLand|[upkeep]\n|upkeep\n|\n|t:|1699386946\n|switch|p1a: Dragapult|Dragapult, M|100\/100\n|-damage|p1a: Dragapult|88\/100|[from] Stealth Rock\n|turn|5\n|\n|t:|1699386968\n|-weather|none\n|switch|p2a: Yveltal|Yveltal|100\/100\n|-ability|p2a: Yveltal|Dark Aura\n|move|p1a: Dragapult|Dragon Dance|p1a: Dragapult\n|-boost|p1a: Dragapult|atk|1\n|-boost|p1a: Dragapult|spe|1\n|\n|-fieldend|move: Electric Terrain\n|upkeep\n|turn|6\n|\n|t:|1699386974\n|move|p2a: Yveltal|Sucker Punch|p1a: Dragapult\n|-supereffective|p1a: Dragapult\n|-damage|p1a: Dragapult|0 fnt\n|faint|p1a: Dragapult\n|\n|upkeep\n|\n|t:|1699386979\n|switch|p1a: Corviknight|Corviknight, M|100\/100\n|-damage|p1a: Corviknight|88\/100|[from] Stealth Rock\n|-ability|p1a: Corviknight|Pressure\n|turn|7\n|\n|t:|1699386983\n|switch|p1a: Ogerpon|Ogerpon-Hearthflame, F|100\/100\n|-damage|p1a: Ogerpon|76\/100|[from] Stealth Rock\n|-ability|p1a: Ogerpon|Mold Breaker\n|move|p2a: Yveltal|Taunt|p1a: Ogerpon\n|-start|p1a: Ogerpon|move: Taunt\n|\n|upkeep\n|turn|8\n|\n|t:|1699386991\n|-terastallize|p1a: Ogerpon|Fire\n|detailschange|p1a: Ogerpon|Ogerpon-Hearthflame-Tera, F, tera:Fire\n|-ability|p1a: Ogerpon|Embody Aspect (Hearthflame)|boost\n|-boost|p1a: Ogerpon|atk|1\n|move|p2a: Yveltal|Sucker Punch|p1a: Ogerpon\n|-damage|p1a: Ogerpon|15\/100\n|move|p1a: Ogerpon|Ivy Cudgel|p2a: Yveltal\n|-damage|p2a: Yveltal|0 fnt\n|faint|p2a: Yveltal\n|\n|upkeep\n|\n|t:|1699386997\n|switch|p2a: Arceus|Arceus-Ground|100\/100\n|turn|9\n|\n|t:|1699387003\n|move|p2a: Arceus|Extreme Speed|p1a: Ogerpon\n|-damage|p1a: Ogerpon|0 fnt\n|faint|p1a: Ogerpon\n|\n|upkeep\n|\n|t:|1699387009\n|switch|p1a: Corviknight|Corviknight, M|88\/100\n|-damage|p1a: Corviknight|76\/100|[from] Stealth Rock\n|-ability|p1a: Corviknight|Pressure\n|turn|10\n|\n|t:|1699387021\n|switch|p2a: Rayquaza|Rayquaza|100\/100\n|-ability|p2a: Rayquaza|Air Lock\n|move|p1a: Corviknight|Rain Dance|p1a: Corviknight\n|-weather|RainDance\n|\n|-weather|RainDance|[upkeep]\n|upkeep\n|turn|11\n|\n|t:|1699387046\n|move|p2a: Rayquaza|V-create|p1a: Corviknight\n|-supereffective|p1a: Corviknight\n|-damage|p1a: Corviknight|0 fnt\n|-unboost|p2a: Rayquaza|spe|1\n|-unboost|p2a: Rayquaza|def|1\n|-unboost|p2a: Rayquaza|spd|1\n|faint|p1a: Corviknight\n|\n|-weather|RainDance|[upkeep]\n|upkeep\n|\n|t:|1699387049\n|switch|p1a: Swampert|Swampert, M|100\/100\n|-damage|p1a: Swampert|94\/100|[from] Stealth Rock\n|turn|12\n|\n|t:|1699387054\n|switch|p2a: Groudon|Groudon-Primal|17\/100\n|-weather|DesolateLand|[from] ability: Desolate Land|[of] p2a: Groudon\n|detailschange|p1a: Swampert|Swampert-Mega, M\n|-mega|p1a: Swampert|Swampert|Swampertite\n|move|p1a: Swampert|Ice Punch|p2a: Groudon\n|-damage|p2a: Groudon|0 fnt\n|faint|p2a: Groudon\n|-weather|none\n|\n|upkeep\n|\n|t:|1699387057\n|switch|p2a: Rayquaza|Rayquaza|100\/100\n|-ability|p2a: Rayquaza|Air Lock\n|turn|13\n|\n|t:|1699387065\n|-terastallize|p2a: Rayquaza|Flying\n|move|p2a: Rayquaza|Dragon Ascent|p1a: Swampert\n|-damage|p1a: Swampert|0 fnt\n|-unboost|p2a: Rayquaza|def|1\n|-unboost|p2a: Rayquaza|spd|1\n|faint|p1a: Swampert\n|\n|win|Liam Plecak\n|raw|E I C O S's rating: 1363 &rarr; <strong>1351<\/strong><br \/>(-12 for losing)\n|raw|Liam Plecak's rating: 1506 &rarr; <strong>1518<\/strong><br \/>(+12 for winning)\n|l|\u2606E I C O S\n","uploadtime":1699387074,"views":4,"p1id":"eicos","p2id":"liamplecak","formatid":"gen9nationaldexubers","rating":1351,"private":0,"password":""}