{"id":"gen9nationaldexubers-1986654146","p1":"cincinnaticynda","p2":"Boston Blisseys","format":"[Gen 9] National Dex Ubers","log":"|j|\u2606cincinnaticynda\n|j|\u2606Boston Blisseys\n|t:|1699502986\n|gametype|singles\n|player|p1|cincinnaticynda|2|\n|player|p2|Boston Blisseys|shadowtriad|\n|teamsize|p1|6\n|teamsize|p2|6\n|gen|9\n|tier|[Gen 9] National Dex Ubers\n|rule|HP Percentage Mod: HP is shown in percentages\n|rule|Endless Battle Clause: Forcing endless battles is banned\n|rule|OHKO Clause: OHKO moves are banned\n|rule|Evasion Moves Clause: Evasion moves are banned\n|rule|Evasion Items Clause: Evasion items are banned\n|rule|Species Clause: Limit one of each Pok\u00e9mon\n|rule|Sleep Clause Mod: Limit one foe put to sleep\n|rule|Mega Rayquaza Clause: You cannot mega evolve Rayquaza\n|clearpoke\n|poke|p1|Kyogre|\n|poke|p1|Rotom-Wash|\n|poke|p1|Tapu Lele|\n|poke|p1|Hippowdon, F|\n|poke|p1|Incineroar, M|\n|poke|p1|Goodra-Hisui, F|\n|poke|p2|Magearna|\n|poke|p2|Dragapult, M|\n|poke|p2|Rillaboom, F|\n|poke|p2|Arcanine-Hisui, F|\n|poke|p2|Umbreon, M|\n|poke|p2|Quaquaval, F|\n|teampreview\n|\n|t:|1699503008\n|start\n|switch|p1a: Kyogre|Kyogre|100\/100\n|switch|p2a: Rillaboom|Rillaboom, F|100\/100\n|-weather|RainDance|[from] ability: Drizzle|[of] p1a: Kyogre\n|-fieldstart|move: Grassy Terrain|[from] ability: Grassy Surge|[of] p2a: Rillaboom\n|turn|1\n|\n|t:|1699503024\n|switch|p1a: Incineroar|Incineroar, M|100\/100\n|-ability|p1a: Incineroar|Intimidate|boost\n|-unboost|p2a: Rillaboom|atk|1\n|move|p2a: Rillaboom|Wood Hammer|p1a: Incineroar\n|-resisted|p1a: Incineroar\n|-damage|p1a: Incineroar|65\/100\n|-damage|p2a: Rillaboom|89\/100|[from] Recoil\n|\n|-weather|RainDance|[upkeep]\n|-heal|p2a: Rillaboom|95\/100|[from] Grassy Terrain\n|-heal|p1a: Incineroar|71\/100|[from] Grassy Terrain\n|upkeep\n|turn|2\n|\n|t:|1699503035\n|switch|p2a: Arcanine|Arcanine-Hisui, F|100\/100\n|move|p1a: Incineroar|Parting Shot|p2a: Arcanine\n|-unboost|p2a: Arcanine|atk|1\n|-unboost|p2a: Arcanine|spa|1\n|\n|t:|1699503061\n|switch|p1a: Hippowdon|Hippowdon, F|100\/100|[from] Parting Shot\n|-weather|Sandstorm|[from] ability: Sand Stream|[of] p1a: Hippowdon\n|\n|-weather|Sandstorm|[upkeep]\n|upkeep\n|turn|3\n|\n|t:|1699503072\n|switch|p2a: Rillaboom|Rillaboom, F|95\/100\n|move|p1a: Hippowdon|Stealth Rock|p2a: Rillaboom\n|-sidestart|p2: Boston Blisseys|move: Stealth Rock\n|\n|-weather|Sandstorm|[upkeep]\n|-damage|p2a: Rillaboom|89\/100|[from] Sandstorm\n|-heal|p2a: Rillaboom|95\/100|[from] Grassy Terrain\n|upkeep\n|turn|4\n|\n|t:|1699503090\n|move|p2a: Rillaboom|U-turn|p1a: Hippowdon\n|-damage|p1a: Hippowdon|82\/100\n|-damage|p2a: Rillaboom|78\/100|[from] item: Rocky Helmet|[of] p1a: Hippowdon\n|\n|t:|1699503097\n|switch|p2a: Umbreon|Umbreon, M, shiny|100\/100|[from] U-turn\n|-damage|p2a: Umbreon|88\/100|[from] Stealth Rock\n|move|p1a: Hippowdon|Heavy Slam|p2a: Umbreon\n|-damage|p2a: Umbreon|65\/100\n|\n|-weather|Sandstorm|[upkeep]\n|-damage|p2a: Umbreon|59\/100|[from] Sandstorm\n|-heal|p1a: Hippowdon|88\/100|[from] Grassy Terrain\n|-heal|p2a: Umbreon|65\/100|[from] Grassy Terrain\n|upkeep\n|turn|5\n|\n|t:|1699503111\n|move|p1a: Hippowdon|Heavy Slam|p2a: Umbreon\n|-crit|p2a: Umbreon\n|-damage|p2a: Umbreon|31\/100\n|move|p2a: Umbreon|Wish|p2a: Umbreon\n|\n|-weather|Sandstorm|[upkeep]\n|-damage|p2a: Umbreon|25\/100|[from] Sandstorm\n|-heal|p1a: Hippowdon|94\/100|[from] Grassy Terrain\n|-heal|p2a: Umbreon|31\/100|[from] Grassy Terrain\n|-fieldend|move: Grassy Terrain\n|upkeep\n|turn|6\n|\n|t:|1699503139\n|move|p1a: Hippowdon|Heavy Slam|p2a: Umbreon\n|-damage|p2a: Umbreon|7\/100\n|move|p2a: Umbreon|Curse|p2a: Umbreon\n|-unboost|p2a: Umbreon|spe|1\n|-boost|p2a: Umbreon|atk|1\n|-boost|p2a: Umbreon|def|1\n|\n|-weather|none\n|-heal|p2a: Umbreon|57\/100|[from] move: Wish|[wisher] Umbreon\n|upkeep\n|turn|7\n|\n|t:|1699503161\n|switch|p1a: Incineroar|Incineroar, M|71\/100\n|-ability|p1a: Incineroar|Intimidate|boost\n|-unboost|p2a: Umbreon|atk|1\n|move|p2a: Umbreon|Wish|p2a: Umbreon\n|\n|upkeep\n|turn|8\n|\n|t:|1699503174\n|move|p1a: Incineroar|Parting Shot|p2a: Umbreon\n|-unboost|p2a: Umbreon|atk|1\n|-unboost|p2a: Umbreon|spa|1\n|\n|t:|1699503179\n|switch|p1a: Tapu Lele|Tapu Lele|100\/100|[from] Parting Shot\n|-fieldstart|move: Psychic Terrain|[from] ability: Psychic Surge|[of] p1a: Tapu Lele\n|move|p2a: Umbreon|Thunder Wave|p1a: Tapu Lele\n|-status|p1a: Tapu Lele|par\n|\n|-heal|p2a: Umbreon|100\/100|[from] move: Wish|[wisher] Umbreon\n|upkeep\n|turn|9\n|\n|t:|1699503193\n|switch|p2a: Rillaboom|Rillaboom, F|78\/100\n|-damage|p2a: Rillaboom|66\/100|[from] Stealth Rock\n|-fieldstart|move: Grassy Terrain|[from] ability: Grassy Surge|[of] p2a: Rillaboom\n|move|p1a: Tapu Lele|Moonblast|p2a: Rillaboom\n|-damage|p2a: Rillaboom|0 fnt\n|faint|p2a: Rillaboom\n|-damage|p1a: Tapu Lele|91\/100 par|[from] item: Life Orb\n|\n|-heal|p1a: Tapu Lele|97\/100 par|[from] Grassy Terrain\n|upkeep\n|\n|t:|1699503230\n|switch|p2a: Magearna|Magearna|100\/100\n|-damage|p2a: Magearna|94\/100|[from] Stealth Rock\n|turn|10\n|\n|t:|1699503253\n|switch|p1a: Incineroar|Incineroar, M|71\/100\n|-ability|p1a: Incineroar|Intimidate|boost\n|-unboost|p2a: Magearna|atk|1\n|move|p2a: Magearna|Calm Mind|p2a: Magearna\n|-boost|p2a: Magearna|spa|1\n|-boost|p2a: Magearna|spd|1\n|\n|-heal|p2a: Magearna|100\/100|[from] Grassy Terrain\n|-heal|p1a: Incineroar|77\/100|[from] Grassy Terrain\n|upkeep\n|turn|11\n|\n|t:|1699503277\n|-terastallize|p2a: Magearna|Water\n|-terastallize|p1a: Incineroar|Fire\n|move|p2a: Magearna|Calm Mind|p2a: Magearna\n|-boost|p2a: Magearna|spa|1\n|-boost|p2a: Magearna|spd|1\n|move|p1a: Incineroar|Flare Blitz|p2a: Magearna\n|-resisted|p2a: Magearna\n|-damage|p2a: Magearna|74\/100\n|-damage|p1a: Incineroar|69\/100|[from] Recoil\n|\n|-heal|p2a: Magearna|80\/100|[from] Grassy Terrain\n|-heal|p2a: Magearna|86\/100|[from] item: Leftovers\n|-heal|p1a: Incineroar|75\/100|[from] Grassy Terrain\n|upkeep\n|turn|12\n|c|\u2606cincinnaticynda|welp\n|c|\u2606cincinnaticynda|that sucks haha\n|\n|t:|1699503303\n|move|p2a: Magearna|Calm Mind|p2a: Magearna\n|-boost|p2a: Magearna|spa|1\n|-boost|p2a: Magearna|spd|1\n|move|p1a: Incineroar|Parting Shot|p2a: Magearna\n|-unboost|p2a: Magearna|atk|1\n|-unboost|p2a: Magearna|spa|1\n|\n|t:|1699503321\n|switch|p1a: Tapu Lele|Tapu Lele|97\/100 par|[from] Parting Shot\n|-fieldstart|move: Psychic Terrain|[from] ability: Psychic Surge|[of] p1a: Tapu Lele\n|\n|-heal|p2a: Magearna|92\/100|[from] item: Leftovers\n|upkeep\n|turn|13\n|\n|t:|1699503347\n|move|p2a: Magearna|Stored Power|p1a: Tapu Lele\n|-resisted|p1a: Tapu Lele\n|-damage|p1a: Tapu Lele|52\/100 par\n|move|p1a: Tapu Lele|Nature's Madness|p2a: Magearna\n|-damage|p2a: Magearna|47\/100\n|-damage|p1a: Tapu Lele|42\/100 par|[from] item: Life Orb\n|\n|-heal|p2a: Magearna|53\/100|[from] item: Leftovers\n|upkeep\n|turn|14\n|\n|t:|1699503381\n|move|p2a: Magearna|Stored Power|p1a: Tapu Lele\n|-resisted|p1a: Tapu Lele\n|-damage|p1a: Tapu Lele|0 fnt\n|faint|p1a: Tapu Lele\n|-ability|p2a: Magearna|Soul-Heart|boost\n|-boost|p2a: Magearna|spa|1\n|\n|-heal|p2a: Magearna|59\/100|[from] item: Leftovers\n|upkeep\n|\n|t:|1699503400\n|switch|p1a: Incineroar|Incineroar, M, tera:Fire|75\/100\n|-ability|p1a: Incineroar|Intimidate|boost\n|-unboost|p2a: Magearna|atk|1\n|turn|15\n|\n|t:|1699503423\n|move|p2a: Magearna|Iron Defense|p2a: Magearna\n|-boost|p2a: Magearna|def|2\n|move|p1a: Incineroar|Parting Shot|p2a: Magearna\n|-unboost|p2a: Magearna|atk|1\n|-unboost|p2a: Magearna|spa|1\n|\n|t:|1699503436\n|switch|p1a: Kyogre|Kyogre|100\/100|[from] Parting Shot\n|-weather|RainDance|[from] ability: Drizzle|[of] p1a: Kyogre\n|\n|-weather|RainDance|[upkeep]\n|-heal|p2a: Magearna|65\/100|[from] item: Leftovers\n|upkeep\n|turn|16\n|\n|t:|1699503456\n|move|p1a: Kyogre|Water Spout|p2a: Magearna\n|-resisted|p2a: Magearna\n|-damage|p2a: Magearna|34\/100\n|move|p2a: Magearna|Draining Kiss|p1a: Kyogre\n|-damage|p1a: Kyogre|66\/100\n|-heal|p2a: Magearna|58\/100|[from] drain|[of] p1a: Kyogre\n|\n|-weather|RainDance|[upkeep]\n|-heal|p2a: Magearna|64\/100|[from] item: Leftovers\n|-fieldend|move: Psychic Terrain\n|upkeep\n|turn|17\n|\n|t:|1699503469\n|switch|p1a: Incineroar|Incineroar, M, tera:Fire|75\/100\n|-ability|p1a: Incineroar|Intimidate|boost\n|-unboost|p2a: Magearna|atk|1\n|move|p2a: Magearna|Draining Kiss|p1a: Incineroar\n|-resisted|p1a: Incineroar\n|-damage|p1a: Incineroar|56\/100\n|-heal|p2a: Magearna|80\/100|[from] drain|[of] p1a: Incineroar\n|\n|-weather|RainDance|[upkeep]\n|-heal|p2a: Magearna|86\/100|[from] item: Leftovers\n|upkeep\n|turn|18\n|\n|t:|1699503486\n|move|p2a: Magearna|Calm Mind|p2a: Magearna\n|-boost|p2a: Magearna|spa|1\n|-boost|p2a: Magearna|spd|1\n|move|p1a: Incineroar|Parting Shot|p2a: Magearna\n|-unboost|p2a: Magearna|atk|1\n|-unboost|p2a: Magearna|spa|1\n|\n|t:|1699503497\n|switch|p1a: Rotom|Rotom-Wash|100\/100|[from] Parting Shot\n|\n|-weather|RainDance|[upkeep]\n|-heal|p2a: Magearna|92\/100|[from] item: Leftovers\n|upkeep\n|turn|19\n|\n|t:|1699503506\n|move|p1a: Rotom|Will-O-Wisp|p2a: Magearna|[miss]\n|-miss|p1a: Rotom|p2a: Magearna\n|move|p2a: Magearna|Stored Power|p1a: Rotom\n|-damage|p1a: Rotom|0 fnt\n|faint|p1a: Rotom\n|-ability|p2a: Magearna|Soul-Heart|boost\n|-boost|p2a: Magearna|spa|1\n|\n|-weather|none\n|-heal|p2a: Magearna|98\/100|[from] item: Leftovers\n|upkeep\n|\n|t:|1699503512\n|switch|p1a: Incineroar|Incineroar, M, tera:Fire|56\/100\n|-ability|p1a: Incineroar|Intimidate|boost\n|-unboost|p2a: Magearna|atk|0\n|turn|20\n|c|\u2606Boston Blisseys|oof\n|\n|t:|1699503516\n|move|p2a: Magearna|Stored Power|p1a: Incineroar\n|-damage|p1a: Incineroar|0 fnt\n|faint|p1a: Incineroar\n|-ability|p2a: Magearna|Soul-Heart|boost\n|-boost|p2a: Magearna|spa|1\n|\n|-heal|p2a: Magearna|100\/100|[from] item: Leftovers\n|upkeep\n|c|\u2606cincinnaticynda|well\n|c|\u2606cincinnaticynda|another gg\n|c|\u2606cincinnaticynda|magearna is soooo good\n|\n|t:|1699503534\n|switch|p1a: Hippowdon|Hippowdon, F|94\/100\n|-weather|Sandstorm|[from] ability: Sand Stream|[of] p1a: Hippowdon\n|turn|21\n|\n|t:|1699503540\n|move|p2a: Magearna|Stored Power|p1a: Hippowdon\n|-damage|p1a: Hippowdon|0 fnt\n|faint|p1a: Hippowdon\n|-ability|p2a: Magearna|Soul-Heart|boost\n|-boost|p2a: Magearna|spa|1\n|\n|-weather|Sandstorm|[upkeep]\n|-damage|p2a: Magearna|94\/100|[from] Sandstorm\n|-heal|p2a: Magearna|100\/100|[from] item: Leftovers\n|upkeep\n|\n|t:|1699503542\n|switch|p1a: Goodra|Goodra-Hisui, F|100\/100\n|turn|22\n|\n|t:|1699503544\n|move|p2a: Magearna|Stored Power|p1a: Goodra\n|-resisted|p1a: Goodra\n|-damage|p1a: Goodra|35\/100\n|move|p1a: Goodra|Body Press|p2a: Magearna\n|-damage|p2a: Magearna|94\/100\n|\n|-weather|Sandstorm|[upkeep]\n|-damage|p2a: Magearna|88\/100|[from] Sandstorm\n|-heal|p2a: Magearna|94\/100|[from] item: Leftovers\n|-heal|p1a: Goodra|41\/100|[from] item: Leftovers\n|upkeep\n|turn|23\n|\n|t:|1699503548\n|move|p2a: Magearna|Stored Power|p1a: Goodra\n|-resisted|p1a: Goodra\n|-damage|p1a: Goodra|0 fnt\n|faint|p1a: Goodra\n|-ability|p2a: Magearna|Soul-Heart|boost\n|-boost|p2a: Magearna|spa|1\n|\n|-weather|Sandstorm|[upkeep]\n|-damage|p2a: Magearna|88\/100|[from] Sandstorm\n|-heal|p2a: Magearna|94\/100|[from] item: Leftovers\n|upkeep\n|\n|t:|1699503549\n|switch|p1a: Kyogre|Kyogre|66\/100\n|-weather|RainDance|[from] ability: Drizzle|[of] p1a: Kyogre\n|turn|24\n|\n|t:|1699503552\n|move|p1a: Kyogre|Origin Pulse|p2a: Magearna\n|-resisted|p2a: Magearna\n|-damage|p2a: Magearna|74\/100\n|move|p2a: Magearna|Stored Power|p1a: Kyogre\n|-damage|p1a: Kyogre|0 fnt\n|faint|p1a: Kyogre\n|\n|win|Boston Blisseys\n|c|\u2606Boston Blisseys|gg\n|c|\u2606cincinnaticynda|you bodied me lol\n|c|\u2606Boston Blisseys|I forgot to save the games could you do that\n|c|\u2606cincinnaticynda|yes!\n|c|\u2606Boston Blisseys|Thank you\n|l|\u2606Boston Blisseys\n","uploadtime":1699503588,"views":22,"p1id":"cincinnaticynda","p2id":"bostonblisseys","formatid":"gen9nationaldexubers","rating":0,"private":0,"password":""}