{"id":"gen9nationaldexubers-1982070522","p1":"Sticcoms","p2":"loch2009","format":"[Gen 9] National Dex Ubers","log":"|j|\u2606Sticcoms\n|j|\u2606loch2009\n|t:|1698964879\n|gametype|singles\n|player|p1|Sticcoms|169|1047\n|player|p2|loch2009|1|1123\n|teamsize|p1|6\n|teamsize|p2|6\n|gen|9\n|tier|[Gen 9] National Dex Ubers\n|rated|\n|rule|HP Percentage Mod: HP is shown in percentages\n|rule|Endless Battle Clause: Forcing endless battles is banned\n|rule|OHKO Clause: OHKO moves are banned\n|rule|Evasion Moves Clause: Evasion moves are banned\n|rule|Evasion Items Clause: Evasion items are banned\n|rule|Species Clause: Limit one of each Pok\u00e9mon\n|rule|Sleep Clause Mod: Limit one foe put to sleep\n|rule|Mega Rayquaza Clause: You cannot mega evolve Rayquaza\n|clearpoke\n|poke|p1|Xerneas-*|\n|poke|p1|Scizor, M|\n|poke|p1|Kyogre|\n|poke|p1|Salamence, M|\n|poke|p1|Lunala|\n|poke|p1|Lugia|\n|poke|p2|Palafin, M|\n|poke|p2|Lucario, F|\n|poke|p2|Regieleki|\n|poke|p2|Necrozma-Dusk-Mane|\n|poke|p2|Kyogre|\n|poke|p2|Darmanitan-Galar, F|\n|teampreview\n|\n|t:|1698964896\n|start\n|switch|p1a: Scizor|Scizor, M, shiny|100\/100\n|switch|p2a: Regieleki|Regieleki|100\/100\n|turn|1\n|\n|t:|1698964917\n|move|p2a: Regieleki|Reflect|p2a: Regieleki\n|-sidestart|p2: loch2009|Reflect\n|move|p1a: Scizor|Superpower|p2a: Regieleki\n|-damage|p2a: Regieleki|67\/100\n|-unboost|p1a: Scizor|atk|1\n|-unboost|p1a: Scizor|def|1\n|\n|upkeep\n|turn|2\n|\n|t:|1698964924\n|move|p2a: Regieleki|Light Screen|p2a: Regieleki\n|-sidestart|p2: loch2009|move: Light Screen\n|move|p1a: Scizor|Superpower|p2a: Regieleki\n|-damage|p2a: Regieleki|45\/100\n|-unboost|p1a: Scizor|atk|1\n|-unboost|p1a: Scizor|def|1\n|\n|upkeep\n|turn|3\n|\n|t:|1698964932\n|move|p2a: Regieleki|Rapid Spin|p1a: Scizor\n|-resisted|p1a: Scizor\n|-damage|p1a: Scizor|91\/100\n|-boost|p2a: Regieleki|spe|1\n|move|p1a: Scizor|Swords Dance|p1a: Scizor\n|-boost|p1a: Scizor|atk|2\n|\n|upkeep\n|turn|4\n|\n|t:|1698964939\n|move|p1a: Scizor|Bullet Punch|p2a: Regieleki\n|-resisted|p2a: Regieleki\n|-damage|p2a: Regieleki|37\/100\n|move|p2a: Regieleki|Volt Switch|p1a: Scizor\n|-damage|p1a: Scizor|55\/100\n|\n|t:|1698964943\n|switch|p2a: Lucario|Lucario, F|100\/100|[from] Volt Switch\n|\n|upkeep\n|turn|5\n|\n|t:|1698964956\n|detailschange|p2a: Lucario|Lucario-Mega, F\n|-mega|p2a: Lucario|Lucario|Lucarionite\n|move|p2a: Lucario|Nasty Plot|p2a: Lucario\n|-boost|p2a: Lucario|spa|2\n|move|p1a: Scizor|Roost|p1a: Scizor\n|-heal|p1a: Scizor|100\/100\n|-singleturn|p1a: Scizor|move: Roost\n|\n|upkeep\n|turn|6\n|\n|t:|1698964964\n|detailschange|p1a: Scizor|Scizor-Mega, M, shiny\n|-mega|p1a: Scizor|Scizor|Scizorite\n|move|p2a: Lucario|Agility|p2a: Lucario\n|-boost|p2a: Lucario|spe|2\n|move|p1a: Scizor|Superpower|p2a: Lucario\n|-supereffective|p2a: Lucario\n|-damage|p2a: Lucario|44\/100\n|-unboost|p1a: Scizor|atk|1\n|-unboost|p1a: Scizor|def|1\n|\n|upkeep\n|turn|7\n|inactive|Battle timer is ON: inactive players will automatically lose when time's up. (requested by Sticcoms)\n|inactive|loch2009 has 120 seconds left.\n|inactive|loch2009 has 90 seconds left.\n|\n|t:|1698965083\n|move|p2a: Lucario|Aura Sphere|p1a: Scizor\n|-damage|p1a: Scizor|1\/100\n|move|p1a: Scizor|Superpower|p2a: Lucario\n|-supereffective|p2a: Lucario\n|-crit|p2a: Lucario\n|-damage|p2a: Lucario|0 fnt\n|-unboost|p1a: Scizor|atk|1\n|-unboost|p1a: Scizor|def|1\n|faint|p2a: Lucario\n|\n|upkeep\n|c|\u2606loch2009|wtf\n|inactive|loch2009 has 120 seconds left.\n|c|\u2606Sticcoms|dang\n|c|\u2606loch2009|lucky\n|c|\u2606Sticcoms|fr\n|c|\u2606loch2009|crit\n|c|\u2606Sticcoms|that was crazy\n|c|\u2606loch2009|and live a 93 percent ohko\n|inactive|loch2009 has 90 seconds left.\n|\n|t:|1698965128\n|switch|p2a: Necrozma|Necrozma-Dusk-Mane|100\/100\n|turn|8\n|\n|t:|1698965143\n|switch|p1a: Lunala|Lunala|100\/100\n|move|p2a: Necrozma|Dragon Dance|p2a: Necrozma\n|-boost|p2a: Necrozma|atk|1\n|-boost|p2a: Necrozma|spe|1\n|\n|-sideend|p2: loch2009|Reflect\n|upkeep\n|turn|9\n|\n|t:|1698965151\n|move|p2a: Necrozma|Sunsteel Strike|p1a: Lunala\n|-damage|p1a: Lunala|59\/100\n|move|p1a: Lunala|Moongeist Beam|p2a: Necrozma\n|-supereffective|p2a: Necrozma\n|-damage|p2a: Necrozma|56\/100\n|\n|-sideend|p2: loch2009|move: Light Screen\n|upkeep\n|turn|10\n|\n|t:|1698965162\n|detailschange|p2a: Necrozma|Necrozma-Ultra\n|-burst|p2a: Necrozma|Necrozma|Ultranecrozium Z\n|move|p2a: Necrozma|Sunsteel Strike|p1a: Lunala\n|-damage|p1a: Lunala|0 fnt\n|faint|p1a: Lunala\n|\n|upkeep\n|c|\u2606Sticcoms|shucks\n|\n|t:|1698965176\n|switch|p1a: Xerneas|Xerneas, shiny|100\/100\n|-ability|p1a: Xerneas|Fairy Aura\n|turn|11\n|c|\u2606loch2009|i needed another way to win\n|\n|t:|1698965187\n|-terastallize|p1a: Xerneas|Fairy\n|move|p2a: Necrozma|Sunsteel Strike|p1a: Xerneas\n|-supereffective|p1a: Xerneas\n|-damage|p1a: Xerneas|0 fnt\n|faint|p1a: Xerneas\n|\n|upkeep\n|\n|t:|1698965195\n|switch|p1a: Lugia|Lugia, shiny|100\/100\n|turn|12\n|inactive|loch2009 has 120 seconds left.\n|c|\u2606loch2009|try tera steel\n|\n|t:|1698965209\n|move|p2a: Necrozma|Sunsteel Strike|p1a: Lugia\n|-damage|p1a: Lugia|67\/100\n|move|p1a: Lugia|Psychic|p2a: Necrozma\n|-resisted|p2a: Necrozma\n|-damage|p2a: Necrozma|40\/100\n|\n|-heal|p1a: Lugia|73\/100|[from] item: Leftovers\n|upkeep\n|turn|13\n|c|\u2606loch2009|for xerneas\n|c|\u2606Sticcoms|okay i will\n|c|\u2606Sticcoms|this my first battle lol\n|c|\u2606loch2009|fair\n|\n|t:|1698965235\n|move|p2a: Necrozma|Sunsteel Strike|p1a: Lugia\n|-crit|p1a: Lugia\n|-damage|p1a: Lugia|21\/100\n|move|p1a: Lugia|Roost|p1a: Lugia\n|-heal|p1a: Lugia|71\/100\n|-singleturn|p1a: Lugia|move: Roost\n|\n|-heal|p1a: Lugia|77\/100|[from] item: Leftovers\n|upkeep\n|turn|14\n|c|\u2606loch2009|that was a crit\n|\n|t:|1698965249\n|move|p2a: Necrozma|Dragon Dance|p2a: Necrozma\n|-boost|p2a: Necrozma|atk|1\n|-boost|p2a: Necrozma|spe|1\n|move|p1a: Lugia|Whirlwind|p2a: Necrozma\n|drag|p2a: Regieleki|Regieleki|37\/100\n|\n|-heal|p1a: Lugia|83\/100|[from] item: Leftovers\n|upkeep\n|turn|15\n|\n|t:|1698965258\n|move|p2a: Regieleki|Light Screen|p2a: Regieleki\n|-sidestart|p2: loch2009|move: Light Screen\n|move|p1a: Lugia|Psychic|p2a: Regieleki\n|-damage|p2a: Regieleki|9\/100\n|\n|-heal|p1a: Lugia|90\/100|[from] item: Leftovers\n|upkeep\n|turn|16\n|\n|t:|1698965268\n|move|p2a: Regieleki|Reflect|p2a: Regieleki\n|-sidestart|p2: loch2009|Reflect\n|move|p1a: Lugia|Toxic|p2a: Regieleki|[miss]\n|-miss|p1a: Lugia|p2a: Regieleki\n|\n|-heal|p1a: Lugia|96\/100|[from] item: Leftovers\n|upkeep\n|turn|17\n|\n|t:|1698965278\n|move|p2a: Regieleki|Volt Switch|p1a: Lugia\n|-supereffective|p1a: Lugia\n|-damage|p1a: Lugia|54\/100\n|\n|t:|1698965282\n|switch|p2a: Kyogre|Kyogre|100\/100|[from] Volt Switch\n|detailschange|p2a: Kyogre|Kyogre-Primal\n|-primal|p2a: Kyogre|Blue Orb\n|-weather|PrimordialSea|[from] ability: Primordial Sea|[of] p2a: Kyogre\n|move|p1a: Lugia|Psychic|p2a: Kyogre\n|-damage|p2a: Kyogre|93\/100\n|-unboost|p2a: Kyogre|spd|1\n|\n|-weather|PrimordialSea|[upkeep]\n|-heal|p1a: Lugia|60\/100|[from] item: Leftovers\n|upkeep\n|turn|18\n|c|\u2606Sticcoms|yikes good hit\n|\n|t:|1698965298\n|move|p1a: Lugia|Roost|p1a: Lugia\n|-heal|p1a: Lugia|100\/100\n|-singleturn|p1a: Lugia|move: Roost\n|move|p2a: Kyogre|Origin Pulse|p1a: Lugia\n|-damage|p1a: Lugia|69\/100\n|\n|-weather|PrimordialSea|[upkeep]\n|-heal|p1a: Lugia|75\/100|[from] item: Leftovers\n|upkeep\n|turn|19\n|c|\u2606loch2009|i think i just have to get a freeze\n|inactive|Sticcoms has 120 seconds left.\n|\n|t:|1698965341\n|switch|p1a: Salamence|Salamence, M|100\/100\n|-ability|p1a: Salamence|Intimidate|boost\n|-unboost|p2a: Kyogre|atk|1\n|move|p2a: Kyogre|Ice Beam|p1a: Salamence\n|-supereffective|p1a: Salamence\n|-damage|p1a: Salamence|0 fnt\n|faint|p1a: Salamence\n|\n|-weather|PrimordialSea|[upkeep]\n|upkeep\n|\n|t:|1698965349\n|switch|p1a: Lugia|Lugia, shiny|75\/100\n|turn|20\n|\n|t:|1698965370\n|move|p2a: Kyogre|Ice Beam|p1a: Lugia\n|-supereffective|p1a: Lugia\n|-damage|p1a: Lugia|28\/100\n|move|p1a: Lugia|Whirlwind|p2a: Kyogre\n|-weather|none\n|drag|p2a: Necrozma|Necrozma-Ultra|40\/100\n|\n|-heal|p1a: Lugia|34\/100|[from] item: Leftovers\n|upkeep\n|turn|21\n|c|\u2606Sticcoms|somehow didn't process you were gonna use an ice move against me lo\n|\n|t:|1698965379\n|move|p2a: Necrozma|Sunsteel Strike|p1a: Lugia\n|-damage|p1a: Lugia|10\/100\n|move|p1a: Lugia|Roost|p1a: Lugia\n|-heal|p1a: Lugia|60\/100\n|-singleturn|p1a: Lugia|move: Roost\n|\n|-heal|p1a: Lugia|66\/100|[from] item: Leftovers\n|upkeep\n|turn|22\n|c|\u2606loch2009|fair\n|c|\u2606loch2009|24\n|\n|t:|1698965390\n|-zpower|p2a: Necrozma\n|move|p2a: Necrozma|Light That Burns the Sky|p1a: Lugia|[zeffect]\n|-resisted|p1a: Lugia\n|-damage|p1a: Lugia|31\/100\n|move|p1a: Lugia|Psychic|p2a: Necrozma\n|-resisted|p2a: Necrozma\n|-damage|p2a: Necrozma|32\/100\n|-unboost|p2a: Necrozma|spd|1\n|\n|-heal|p1a: Lugia|38\/100|[from] item: Leftovers\n|-sideend|p2: loch2009|move: Light Screen\n|upkeep\n|turn|23\n|\n|t:|1698965401\n|move|p2a: Necrozma|Sunsteel Strike|p1a: Lugia\n|-damage|p1a: Lugia|13\/100\n|move|p1a: Lugia|Roost|p1a: Lugia\n|-heal|p1a: Lugia|63\/100\n|-singleturn|p1a: Lugia|move: Roost\n|\n|-heal|p1a: Lugia|69\/100|[from] item: Leftovers\n|-sideend|p2: loch2009|Reflect\n|upkeep\n|turn|24\n|\n|t:|1698965412\n|move|p2a: Necrozma|Dragon Dance|p2a: Necrozma\n|-boost|p2a: Necrozma|atk|1\n|-boost|p2a: Necrozma|spe|1\n|move|p1a: Lugia|Toxic|p2a: Necrozma\n|-status|p2a: Necrozma|tox\n|\n|-heal|p1a: Lugia|75\/100|[from] item: Leftovers\n|-damage|p2a: Necrozma|26\/100 tox|[from] psn\n|upkeep\n|turn|25\n|\n|t:|1698965419\n|move|p2a: Necrozma|Sunsteel Strike|p1a: Lugia\n|-damage|p1a: Lugia|38\/100\n|move|p1a: Lugia|Psychic|p2a: Necrozma\n|-resisted|p2a: Necrozma\n|-damage|p2a: Necrozma|2\/100 tox\n|\n|-heal|p1a: Lugia|44\/100|[from] item: Leftovers\n|-damage|p2a: Necrozma|0 fnt|[from] psn\n|faint|p2a: Necrozma\n|upkeep\n|\n|t:|1698965426\n|switch|p2a: Regieleki|Regieleki|9\/100\n|turn|26\n|c|\u2606Sticcoms|dang\n|\n|t:|1698965431\n|move|p2a: Regieleki|Light Screen|p2a: Regieleki\n|-sidestart|p2: loch2009|move: Light Screen\n|move|p1a: Lugia|Roost|p1a: Lugia\n|-heal|p1a: Lugia|94\/100\n|-singleturn|p1a: Lugia|move: Roost\n|\n|-heal|p1a: Lugia|100\/100|[from] item: Leftovers\n|upkeep\n|turn|27\n|\n|t:|1698965438\n|switch|p2a: Palafin|Palafin, M|100\/100\n|move|p1a: Lugia|Psychic|p2a: Palafin\n|-damage|p2a: Palafin|78\/100\n|\n|upkeep\n|turn|28\n|\n|t:|1698965444\n|detailschange|p2a: Palafin|Palafin-Hero, M\n|switch|p2a: Regieleki|Regieleki|9\/100\n|switch|p1a: Kyogre|Kyogre, shiny|100\/100\n|detailschange|p1a: Kyogre|Kyogre-Primal, shiny\n|-primal|p1a: Kyogre|Blue Orb\n|-weather|PrimordialSea|[from] ability: Primordial Sea|[of] p1a: Kyogre\n|\n|-weather|PrimordialSea|[upkeep]\n|upkeep\n|turn|29\n|\n|t:|1698965456\n|move|p2a: Regieleki|Reflect|p2a: Regieleki\n|-sidestart|p2: loch2009|Reflect\n|move|p1a: Kyogre|Ice Beam|p2a: Regieleki\n|-damage|p2a: Regieleki|0 fnt\n|faint|p2a: Regieleki\n|\n|-weather|PrimordialSea|[upkeep]\n|upkeep\n|\n|t:|1698965466\n|switch|p2a: Kyogre|Kyogre-Primal|93\/100\n|turn|30\n|\n|t:|1698965475\n|move|p1a: Kyogre|Water Spout|p2a: Kyogre\n|-resisted|p2a: Kyogre\n|-damage|p2a: Kyogre|70\/100\n|move|p2a: Kyogre|Thunder|p1a: Kyogre\n|-supereffective|p1a: Kyogre\n|-damage|p1a: Kyogre|34\/100\n|\n|-weather|PrimordialSea|[upkeep]\n|upkeep\n|turn|31\n|\n|t:|1698965486\n|move|p1a: Kyogre|Origin Pulse|p2a: Kyogre\n|-resisted|p2a: Kyogre\n|-damage|p2a: Kyogre|55\/100\n|move|p2a: Kyogre|Thunder|p1a: Kyogre\n|-supereffective|p1a: Kyogre\n|-damage|p1a: Kyogre|0 fnt\n|faint|p1a: Kyogre\n|\n|-weather|PrimordialSea|[upkeep]\n|upkeep\n|c|\u2606Sticcoms|dang that's smart to use with kyogre\n|\n|t:|1698965501\n|switch|p1a: Lugia|Lugia, shiny|100\/100\n|turn|32\n|c|\u2606loch2009|yeah\n|\n|t:|1698965505\n|move|p2a: Kyogre|Ice Beam|p1a: Lugia\n|-supereffective|p1a: Lugia\n|-damage|p1a: Lugia|77\/100\n|move|p1a: Lugia|Whirlwind|p2a: Kyogre\n|-weather|none\n|drag|p2a: Palafin|Palafin-Hero, M|78\/100\n|-activate|p2a: Palafin|ability: Zero to Hero\n|\n|-heal|p1a: Lugia|83\/100|[from] item: Leftovers\n|upkeep\n|turn|33\n|\n|t:|1698965515\n|move|p2a: Palafin|Bulk Up|p2a: Palafin\n|-boost|p2a: Palafin|atk|1\n|-boost|p2a: Palafin|def|1\n|move|p1a: Lugia|Psychic|p2a: Palafin\n|-damage|p2a: Palafin|62\/100\n|\n|-heal|p1a: Lugia|89\/100|[from] item: Leftovers\n|-sideend|p2: loch2009|move: Light Screen\n|upkeep\n|turn|34\n|\n|t:|1698965523\n|move|p2a: Palafin|Ice Punch|p1a: Lugia\n|-supereffective|p1a: Lugia\n|-damage|p1a: Lugia|37\/100\n|move|p1a: Lugia|Toxic|p2a: Palafin\n|-status|p2a: Palafin|tox\n|\n|-heal|p1a: Lugia|43\/100|[from] item: Leftovers\n|-damage|p2a: Palafin|56\/100 tox|[from] psn\n|upkeep\n|turn|35\n|\n|t:|1698965532\n|move|p2a: Palafin|Ice Punch|p1a: Lugia\n|-supereffective|p1a: Lugia\n|-damage|p1a: Lugia|0 fnt\n|faint|p1a: Lugia\n|\n|-damage|p2a: Palafin|43\/100 tox|[from] psn\n|upkeep\n|c|\u2606Sticcoms|gg\n|\n|t:|1698965538\n|switch|p1a: Scizor|Scizor-Mega, M, shiny|1\/100\n|turn|36\n|c|\u2606loch2009|for a first battle your team is strong\n|c|\u2606loch2009|gg\n|\n|t:|1698965547\n|move|p2a: Palafin|Jet Punch|p1a: Scizor\n|-damage|p1a: Scizor|0 fnt\n|faint|p1a: Scizor\n|\n|win|loch2009\n|raw|Sticcoms's rating: 1047 &rarr; <strong>1034<\/strong><br \/>(-13 for losing)\n|raw|loch2009's rating: 1123 &rarr; <strong>1143<\/strong><br \/>(+20 for winning)\n|c|\u2606Sticcoms|thank you\n|c|\u2606loch2009|gg\n","uploadtime":1698965555,"views":7,"p1id":"sticcoms","p2id":"loch2009","formatid":"gen9nationaldexubers","rating":1034,"private":0,"password":""}