{"id":"gen9nationaldexubers-1994795221","p1":"ultra nuke","p2":"samsung television","format":"[Gen 9] National Dex Ubers","log":"|j|\u2606ultra nuke\n|j|\u2606samsung television\n|t:|1700493498\n|gametype|singles\n|player|p1|ultra nuke|wattson|1187\n|player|p2|samsung television|266|1184\n|teamsize|p1|6\n|teamsize|p2|6\n|gen|9\n|tier|[Gen 9] National Dex Ubers\n|rated|\n|rule|HP Percentage Mod: HP is shown in percentages\n|rule|Endless Battle Clause: Forcing endless battles is banned\n|rule|OHKO Clause: OHKO moves are banned\n|rule|Evasion Moves Clause: Evasion moves are banned\n|rule|Evasion Items Clause: Evasion items are banned\n|rule|Species Clause: Limit one of each Pok\u00e9mon\n|rule|Sleep Clause Mod: Limit one foe put to sleep\n|rule|Mega Rayquaza Clause: You cannot mega evolve Rayquaza\n|clearpoke\n|poke|p1|Groudon|\n|poke|p1|Yveltal|\n|poke|p1|Xerneas-*|\n|poke|p1|Marshadow|\n|poke|p1|Zygarde|\n|poke|p1|Necrozma-Dusk-Mane|\n|poke|p2|Lopunny, M|\n|poke|p2|Groudon|\n|poke|p2|Cyclizar, F|\n|poke|p2|Deoxys-Defense|\n|poke|p2|Pheromosa|\n|poke|p2|Marshadow|\n|teampreview\n|\n|t:|1700493517\n|start\n|switch|p1a: Zygarde|Zygarde, shiny|100\/100\n|switch|p2a: Deoxys|Deoxys-Defense|100\/100\n|-ability|p2a: Deoxys|Pressure\n|turn|1\n|\n|t:|1700493525\n|move|p1a: Zygarde|Coil|p1a: Zygarde\n|-boost|p1a: Zygarde|atk|1\n|-boost|p1a: Zygarde|def|1\n|-boost|p1a: Zygarde|accuracy|1\n|move|p2a: Deoxys|Stealth Rock|p1a: Zygarde\n|-sidestart|p1: ultra nuke|move: Stealth Rock\n|\n|upkeep\n|turn|2\n|\n|t:|1700493531\n|move|p1a: Zygarde|Coil|p1a: Zygarde\n|-boost|p1a: Zygarde|atk|1\n|-boost|p1a: Zygarde|def|1\n|-boost|p1a: Zygarde|accuracy|1\n|move|p2a: Deoxys|Toxic|p1a: Zygarde\n|-status|p1a: Zygarde|tox\n|\n|-damage|p1a: Zygarde|94\/100 tox|[from] psn\n|upkeep\n|turn|3\n|\n|t:|1700493541\n|switch|p1a: Xerneas|Xerneas, shiny|100\/100\n|-damage|p1a: Xerneas|88\/100|[from] Stealth Rock\n|-ability|p1a: Xerneas|Fairy Aura\n|move|p2a: Deoxys|Psychic|p1a: Xerneas\n|-damage|p1a: Xerneas|70\/100\n|\n|upkeep\n|turn|4\n|\n|t:|1700493552\n|move|p1a: Xerneas|Defog|p2a: Deoxys\n|-unboost|p2a: Deoxys|evasion|1\n|-sideend|p1: ultra nuke|Stealth Rock|[from] move: Defog|[of] p1a: Xerneas\n|move|p2a: Deoxys|Toxic|p1a: Xerneas\n|-status|p1a: Xerneas|tox\n|\n|-damage|p1a: Xerneas|63\/100 tox|[from] psn\n|upkeep\n|turn|5\n|\n|t:|1700493559\n|move|p1a: Xerneas|Aromatherapy|p1a: Xerneas\n|-activate|p1a: Xerneas|move: Aromatherapy\n|-curestatus|p1a: Xerneas|tox|[msg]\n|-curestatus|p1: Zygarde|tox|[msg]\n|move|p2a: Deoxys|Stealth Rock|p1a: Xerneas\n|-sidestart|p1: ultra nuke|move: Stealth Rock\n|\n|upkeep\n|turn|6\n|\n|t:|1700493569\n|move|p1a: Xerneas|Defog|p2a: Deoxys\n|-unboost|p2a: Deoxys|evasion|1\n|-sideend|p1: ultra nuke|Stealth Rock|[from] move: Defog|[of] p1a: Xerneas\n|move|p2a: Deoxys|Toxic|p1a: Xerneas\n|-status|p1a: Xerneas|tox\n|\n|-damage|p1a: Xerneas|57\/100 tox|[from] psn\n|upkeep\n|turn|7\n|\n|t:|1700493574\n|move|p1a: Xerneas|Aromatherapy|p1a: Xerneas\n|-activate|p1a: Xerneas|move: Aromatherapy\n|-curestatus|p1a: Xerneas|tox|[msg]\n|move|p2a: Deoxys|Psychic|p1a: Xerneas\n|-damage|p1a: Xerneas|39\/100\n|\n|upkeep\n|turn|8\n|\n|t:|1700493588\n|move|p1a: Xerneas|Geomancy||[still]\n|-prepare|p1a: Xerneas|Geomancy\n|-enditem|p1a: Xerneas|Power Herb\n|-anim|p1a: Xerneas|Geomancy|p1a: Xerneas\n|-boost|p1a: Xerneas|spa|2\n|-boost|p1a: Xerneas|spd|2\n|-boost|p1a: Xerneas|spe|2\n|move|p2a: Deoxys|Stealth Rock|p1a: Xerneas\n|-sidestart|p1: ultra nuke|move: Stealth Rock\n|\n|upkeep\n|turn|9\n|\n|t:|1700493599\n|move|p1a: Xerneas|Moonblast|p2a: Deoxys\n|-damage|p2a: Deoxys|20\/100\n|move|p2a: Deoxys|Toxic|p1a: Xerneas\n|-status|p1a: Xerneas|tox\n|\n|-heal|p2a: Deoxys|26\/100|[from] item: Leftovers\n|-damage|p1a: Xerneas|33\/100 tox|[from] psn\n|upkeep\n|turn|10\n|\n|t:|1700493606\n|move|p1a: Xerneas|Aromatherapy|p1a: Xerneas\n|-activate|p1a: Xerneas|move: Aromatherapy\n|-curestatus|p1a: Xerneas|tox|[msg]\n|move|p2a: Deoxys|Recover|p2a: Deoxys\n|-heal|p2a: Deoxys|76\/100\n|\n|-heal|p2a: Deoxys|82\/100|[from] item: Leftovers\n|upkeep\n|turn|11\n|\n|t:|1700493612\n|move|p1a: Xerneas|Moonblast|p2a: Deoxys\n|-damage|p2a: Deoxys|2\/100\n|move|p2a: Deoxys|Toxic|p1a: Xerneas\n|-status|p1a: Xerneas|tox\n|\n|-heal|p2a: Deoxys|8\/100|[from] item: Leftovers\n|-damage|p1a: Xerneas|27\/100 tox|[from] psn\n|upkeep\n|turn|12\n|\n|t:|1700493619\n|move|p1a: Xerneas|Moonblast|p2a: Deoxys\n|-damage|p2a: Deoxys|0 fnt\n|faint|p2a: Deoxys\n|\n|-damage|p1a: Xerneas|15\/100 tox|[from] psn\n|upkeep\n|\n|t:|1700493621\n|switch|p2a: Lopunny|Lopunny, M|100\/100\n|turn|13\n|\n|t:|1700493625\n|detailschange|p2a: Lopunny|Lopunny-Mega, M\n|-mega|p2a: Lopunny|Lopunny|Lopunnite\n|move|p2a: Lopunny|Fake Out|p1a: Xerneas\n|-damage|p1a: Xerneas|0 fnt\n|faint|p1a: Xerneas\n|\n|upkeep\n|\n|t:|1700493635\n|switch|p1a: Necrozma|Necrozma-Dusk-Mane|100\/100\n|-damage|p1a: Necrozma|94\/100|[from] Stealth Rock\n|turn|14\n|\n|t:|1700493646\n|move|p2a: Lopunny|U-turn|p1a: Necrozma\n|-damage|p1a: Necrozma|78\/100\n|\n|t:|1700493657\n|switch|p2a: Pheromosa|Pheromosa|100\/100|[from] U-turn\n|move|p1a: Necrozma|Photon Geyser|p2a: Pheromosa\n|-supereffective|p2a: Pheromosa\n|-damage|p2a: Pheromosa|0 fnt\n|faint|p2a: Pheromosa\n|\n|upkeep\n|\n|t:|1700493672\n|switch|p2a: Lopunny|Lopunny-Mega, M|100\/100\n|turn|15\n|\n|t:|1700493677\n|move|p2a: Lopunny|Fake Out|p1a: Necrozma\n|-resisted|p1a: Necrozma\n|-crit|p1a: Necrozma\n|-damage|p1a: Necrozma|66\/100\n|cant|p1a: Necrozma|flinch\n|\n|upkeep\n|turn|16\n|\n|t:|1700493682\n|move|p2a: Lopunny|U-turn|p1a: Necrozma\n|-damage|p1a: Necrozma|47\/100\n|\n|t:|1700493688\n|switch|p2a: Groudon|Groudon|100\/100|[from] U-turn\n|detailschange|p2a: Groudon|Groudon-Primal\n|-primal|p2a: Groudon|Red Orb\n|-weather|DesolateLand|[from] ability: Desolate Land|[of] p2a: Groudon\n|move|p1a: Necrozma|Morning Sun|p1a: Necrozma\n|-heal|p1a: Necrozma|100\/100\n|\n|-weather|DesolateLand|[upkeep]\n|upkeep\n|turn|17\n|\n|t:|1700493702\n|switch|p1a: Zygarde|Zygarde, shiny|94\/100\n|-damage|p1a: Zygarde|88\/100|[from] Stealth Rock\n|move|p2a: Groudon|Precipice Blades|p1a: Zygarde\n|-crit|p1a: Zygarde\n|-damage|p1a: Zygarde|12\/100\n|-enditem|p1a: Zygarde|Figy Berry|[eat]\n|-heal|p1a: Zygarde|45\/100|[from] item: Figy Berry\n|\n|-weather|DesolateLand|[upkeep]\n|-activate|p1a: Zygarde|ability: Power Construct\n|detailschange|p1a: Zygarde|Zygarde-Complete, shiny\n|-heal|p1a: Zygarde|64\/100|[silent]\n|upkeep\n|turn|18\n|\n|t:|1700493717\n|move|p2a: Groudon|Bulk Up|p2a: Groudon\n|-boost|p2a: Groudon|atk|1\n|-boost|p2a: Groudon|def|1\n|move|p1a: Zygarde|Coil|p1a: Zygarde\n|-boost|p1a: Zygarde|atk|1\n|-boost|p1a: Zygarde|def|1\n|-boost|p1a: Zygarde|accuracy|1\n|\n|-weather|DesolateLand|[upkeep]\n|upkeep\n|turn|19\n|\n|t:|1700493725\n|move|p2a: Groudon|Precipice Blades|p1a: Zygarde\n|-damage|p1a: Zygarde|31\/100\n|move|p1a: Zygarde|Coil|p1a: Zygarde\n|-boost|p1a: Zygarde|atk|1\n|-boost|p1a: Zygarde|def|1\n|-boost|p1a: Zygarde|accuracy|1\n|\n|-weather|DesolateLand|[upkeep]\n|upkeep\n|turn|20\n|\n|t:|1700493731\n|move|p2a: Groudon|Precipice Blades|p1a: Zygarde\n|-damage|p1a: Zygarde|8\/100\n|move|p1a: Zygarde|Coil|p1a: Zygarde\n|-boost|p1a: Zygarde|atk|1\n|-boost|p1a: Zygarde|def|1\n|-boost|p1a: Zygarde|accuracy|1\n|\n|-weather|DesolateLand|[upkeep]\n|upkeep\n|turn|21\n|\n|t:|1700493740\n|move|p1a: Zygarde|Extreme Speed|p2a: Groudon\n|-crit|p2a: Groudon\n|-damage|p2a: Groudon|58\/100\n|move|p2a: Groudon|Precipice Blades|p1a: Zygarde|[miss]\n|-miss|p2a: Groudon|p1a: Zygarde\n|\n|-weather|DesolateLand|[upkeep]\n|upkeep\n|turn|22\n|\n|t:|1700493749\n|move|p2a: Groudon|Precipice Blades|p1a: Zygarde\n|-damage|p1a: Zygarde|0 fnt\n|faint|p1a: Zygarde\n|\n|-weather|DesolateLand|[upkeep]\n|upkeep\n|\n|t:|1700493756\n|switch|p1a: Groudon|Groudon, shiny|100\/100\n|-damage|p1a: Groudon|94\/100|[from] Stealth Rock\n|detailschange|p1a: Groudon|Groudon-Primal, shiny\n|-primal|p1a: Groudon|Red Orb\n|turn|23\n|\n|t:|1700493764\n|switch|p1a: Yveltal|Yveltal, shiny|100\/100\n|-ability|p1a: Yveltal|Dark Aura\n|move|p2a: Groudon|Precipice Blades|p1a: Yveltal\n|-immune|p1a: Yveltal\n|\n|-weather|DesolateLand|[upkeep]\n|upkeep\n|turn|24\n|\n|t:|1700493773\n|-terastallize|p1a: Yveltal|Dark\n|move|p1a: Yveltal|Dark Pulse|p2a: Groudon\n|-damage|p2a: Groudon|0 fnt\n|faint|p2a: Groudon\n|-weather|none\n|\n|upkeep\n|\n|t:|1700493777\n|switch|p2a: Lopunny|Lopunny-Mega, M|100\/100\n|turn|25\n|\n|t:|1700493783\n|switch|p1a: Groudon|Groudon-Primal, shiny|94\/100\n|-damage|p1a: Groudon|82\/100|[from] Stealth Rock\n|-weather|DesolateLand|[from] ability: Desolate Land|[of] p1a: Groudon\n|move|p2a: Lopunny|Fake Out|p1a: Groudon\n|-damage|p1a: Groudon|69\/100\n|\n|-weather|DesolateLand|[upkeep]\n|upkeep\n|turn|26\n|\n|t:|1700493792\n|move|p2a: Lopunny|U-turn|p1a: Groudon\n|-resisted|p1a: Groudon\n|-damage|p1a: Groudon|62\/100\n|\n|t:|1700493796\n|switch|p2a: Cyclizar|Cyclizar, F|100\/100|[from] U-turn\n|move|p1a: Groudon|Heat Crash|p2a: Cyclizar\n|-resisted|p2a: Cyclizar\n|-damage|p2a: Cyclizar|7\/100\n|-enditem|p2a: Cyclizar|Sitrus Berry|[eat]\n|-heal|p2a: Cyclizar|32\/100|[from] item: Sitrus Berry\n|\n|-weather|DesolateLand|[upkeep]\n|upkeep\n|turn|27\n|\n|t:|1700493811\n|move|p2a: Cyclizar|Draco Meteor|p1a: Groudon\n|-damage|p1a: Groudon|20\/100\n|-unboost|p2a: Cyclizar|spa|2\n|move|p1a: Groudon|Heat Crash|p2a: Cyclizar\n|-resisted|p2a: Cyclizar\n|-damage|p2a: Cyclizar|0 fnt\n|faint|p2a: Cyclizar\n|\n|-weather|DesolateLand|[upkeep]\n|upkeep\n|\n|t:|1700493815\n|switch|p2a: Lopunny|Lopunny-Mega, M|100\/100\n|turn|28\n|\n|t:|1700493824\n|-weather|none\n|switch|p1a: Necrozma|Necrozma-Dusk-Mane|100\/100\n|-damage|p1a: Necrozma|94\/100|[from] Stealth Rock\n|move|p2a: Lopunny|Fake Out|p1a: Necrozma\n|-resisted|p1a: Necrozma\n|-damage|p1a: Necrozma|87\/100\n|\n|upkeep\n|turn|29\n|\n|t:|1700493845\n|detailschange|p1a: Necrozma|Necrozma-Ultra\n|-burst|p1a: Necrozma|Necrozma|Ultranecrozium Z\n|move|p2a: Lopunny|U-turn|p1a: Necrozma\n|-supereffective|p1a: Necrozma\n|-damage|p1a: Necrozma|42\/100\n|\n|t:|1700493850\n|switch|p2a: Marshadow|Marshadow|100\/100|[from] U-turn\n|move|p1a: Necrozma|Photon Geyser|p2a: Marshadow\n|-supereffective|p2a: Marshadow\n|-damage|p2a: Marshadow|0 fnt\n|faint|p2a: Marshadow\n|\n|upkeep\n|\n|t:|1700493852\n|switch|p2a: Lopunny|Lopunny-Mega, M|100\/100\n|turn|30\n|\n|t:|1700493863\n|switch|p1a: Marshadow|Marshadow|100\/100\n|-damage|p1a: Marshadow|94\/100|[from] Stealth Rock\n|move|p2a: Lopunny|Fake Out|p1a: Marshadow\n|-damage|p1a: Marshadow|69\/100\n|\n|upkeep\n|turn|31\n|\n|t:|1700493870\n|move|p2a: Lopunny|Close Combat|p1a: Marshadow\n|-damage|p1a: Marshadow|0 fnt\n|-unboost|p2a: Lopunny|def|1\n|-unboost|p2a: Lopunny|spd|1\n|faint|p1a: Marshadow\n|\n|upkeep\n|\n|t:|1700493885\n|switch|p1a: Necrozma|Necrozma-Ultra|42\/100\n|-damage|p1a: Necrozma|29\/100|[from] Stealth Rock\n|turn|32\n|\n|t:|1700493933\n|move|p2a: Lopunny|Frustration|p1a: Necrozma\n|-damage|p1a: Necrozma|0 fnt\n|faint|p1a: Necrozma\n|\n|upkeep\n|inactive|Battle timer is ON: inactive players will automatically lose when time's up. (requested by ultra nuke)\n|\n|t:|1700493939\n|switch|p1a: Yveltal|Yveltal, shiny, tera:Dark|100\/100\n|-ability|p1a: Yveltal|Dark Aura\n|turn|33\n|\n|t:|1700493947\n|move|p1a: Yveltal|Sucker Punch|p2a: Lopunny\n|-resisted|p2a: Lopunny\n|-damage|p2a: Lopunny|49\/100\n|move|p2a: Lopunny|Close Combat|p1a: Yveltal\n|-supereffective|p1a: Yveltal\n|-damage|p1a: Yveltal|0 fnt\n|-unboost|p2a: Lopunny|def|1\n|-unboost|p2a: Lopunny|spd|1\n|faint|p1a: Yveltal\n|\n|upkeep\n|\n|t:|1700493954\n|switch|p1a: Groudon|Groudon-Primal, shiny|20\/100\n|-damage|p1a: Groudon|7\/100|[from] Stealth Rock\n|-weather|DesolateLand|[from] ability: Desolate Land|[of] p1a: Groudon\n|turn|34\n|c|\u2606ultra nuke|gg\n|\n|t:|1700493960\n|move|p2a: Lopunny|Close Combat|p1a: Groudon\n|-damage|p1a: Groudon|0 fnt\n|-unboost|p2a: Lopunny|def|1\n|-unboost|p2a: Lopunny|spd|1\n|faint|p1a: Groudon\n|-weather|none\n|\n|win|samsung television\n|raw|ultra nuke's rating: 1187 &rarr; <strong>1162<\/strong><br \/>(-25 for losing)\n|raw|samsung television's rating: 1184 &rarr; <strong>1209<\/strong><br \/>(+25 for winning)\n|l|\u2606ultra nuke\n|c|\u2606samsung television|gg\n","uploadtime":1700493969,"views":2,"p1id":"ultranuke","p2id":"samsungtelevision","formatid":"gen9nationaldexubers","rating":1162,"private":0,"password":""}