{"id":"gen9nationaldexubers-1991626552","p1":"ImGoodATM","p2":"Moonwatcher19","format":"[Gen 9] National Dex Ubers","log":"|j|\u2606ImGoodATM\n|j|\u2606Moonwatcher19\n|t:|1700095755\n|gametype|singles\n|player|p1|ImGoodATM|will|\n|player|p2|Moonwatcher19|169|\n|teamsize|p1|6\n|teamsize|p2|6\n|gen|9\n|tier|[Gen 9] National Dex Ubers\n|rule|HP Percentage Mod: HP is shown in percentages\n|rule|Endless Battle Clause: Forcing endless battles is banned\n|rule|OHKO Clause: OHKO moves are banned\n|rule|Evasion Moves Clause: Evasion moves are banned\n|rule|Evasion Items Clause: Evasion items are banned\n|rule|Species Clause: Limit one of each Pok\u00e9mon\n|rule|Sleep Clause Mod: Limit one foe put to sleep\n|rule|Mega Rayquaza Clause: You cannot mega evolve Rayquaza\n|clearpoke\n|poke|p1|Naganadel|\n|poke|p1|Sneasler, F|\n|poke|p1|Drapion, F|\n|poke|p1|Beedrill, F|\n|poke|p1|Crobat, F|\n|poke|p1|Slowbro-Galar, M|\n|poke|p2|Dracozolt|\n|poke|p2|Bellibolt, M|\n|poke|p2|Golem-Alola, F|\n|poke|p2|Galvantula, M|\n|poke|p2|Pincurchin, F|\n|poke|p2|Iron Thorns|\n|teampreview\n|inactive|Battle timer is ON: inactive players will automatically lose when time's up. (requested by ImGoodATM)\n|inactive|ImGoodATM has 270 seconds left.\n|\n|t:|1700095790\n|start\n|switch|p1a: Slowbro|Slowbro-Galar, M, shiny|100\/100\n|switch|p2a: Galvantula|Galvantula, M|100\/100\n|turn|1\n|\n|t:|1700095798\n|move|p2a: Galvantula|Sticky Web|p1a: Slowbro\n|-sidestart|p1: ImGoodATM|move: Sticky Web\n|move|p1a: Slowbro|Ice Punch|p2a: Galvantula\n|-damage|p2a: Galvantula|60\/100\n|\n|upkeep\n|turn|2\n|\n|t:|1700095805\n|move|p2a: Galvantula|Thunder|p1a: Slowbro\n|-damage|p1a: Slowbro|65\/100\n|move|p1a: Slowbro|Ice Punch|p2a: Galvantula\n|-damage|p2a: Galvantula|12\/100\n|\n|upkeep\n|turn|3\n|\n|t:|1700095813\n|move|p2a: Galvantula|Energy Ball|p1a: Slowbro\n|-resisted|p1a: Slowbro\n|-damage|p1a: Slowbro|55\/100\n|move|p1a: Slowbro|Earthquake|p2a: Galvantula\n|-damage|p2a: Galvantula|0 fnt\n|faint|p2a: Galvantula\n|\n|upkeep\n|\n|t:|1700095841\n|switch|p2a: Iron Thorns|Iron Thorns|100\/100\n|turn|4\n|\n|t:|1700095844\n|move|p2a: Iron Thorns|Earthquake|p1a: Slowbro\n|-supereffective|p1a: Slowbro\n|-damage|p1a: Slowbro|0 fnt\n|faint|p1a: Slowbro\n|\n|upkeep\n|\n|t:|1700095847\n|switch|p1a: Crobat|Crobat, F, shiny|100\/100\n|turn|5\n|\n|t:|1700095862\n|move|p1a: Crobat|Defog|p2a: Iron Thorns\n|-unboost|p2a: Iron Thorns|evasion|1\n|-sideend|p1: ImGoodATM|Sticky Web|[from] move: Defog|[of] p1a: Crobat\n|move|p2a: Iron Thorns|Rock Blast|p1a: Crobat\n|-supereffective|p1a: Crobat\n|-damage|p1a: Crobat|62\/100\n|-supereffective|p1a: Crobat\n|-damage|p1a: Crobat|25\/100\n|-supereffective|p1a: Crobat\n|-crit|p1a: Crobat\n|-damage|p1a: Crobat|0 fnt\n|faint|p1a: Crobat\n|-hitcount|p1: Crobat|3\n|\n|upkeep\n|\n|t:|1700095868\n|switch|p1a: Sneasler|Sneasler, F, shiny|100\/100\n|turn|6\n|\n|t:|1700095882\n|move|p1a: Sneasler|Fake Out|p2a: Iron Thorns\n|-enditem|p1a: Sneasler|Normal Gem|[from] gem\n|-resisted|p2a: Iron Thorns\n|-damage|p2a: Iron Thorns|91\/100\n|cant|p2a: Iron Thorns|flinch\n|\n|upkeep\n|turn|7\n|\n|t:|1700095889\n|-terastallize|p1a: Sneasler|Fighting\n|move|p1a: Sneasler|Swords Dance|p1a: Sneasler\n|-boost|p1a: Sneasler|atk|2\n|move|p2a: Iron Thorns|Earthquake|p1a: Sneasler\n|-damage|p1a: Sneasler|41\/100\n|\n|upkeep\n|turn|8\n|\n|t:|1700095905\n|move|p1a: Sneasler|Close Combat|p2a: Iron Thorns\n|-supereffective|p2a: Iron Thorns\n|-damage|p2a: Iron Thorns|0 fnt\n|-unboost|p1a: Sneasler|def|1\n|-unboost|p1a: Sneasler|spd|1\n|faint|p2a: Iron Thorns\n|-end|p2a: Iron Thorns|Quark Drive|[silent]\n|\n|upkeep\n|\n|t:|1700095921\n|switch|p2a: Dracozolt|Dracozolt|100\/100\n|turn|9\n|\n|t:|1700095930\n|move|p1a: Sneasler|Close Combat|p2a: Dracozolt\n|-damage|p2a: Dracozolt|0 fnt\n|-unboost|p1a: Sneasler|def|1\n|-unboost|p1a: Sneasler|spd|1\n|faint|p2a: Dracozolt\n|\n|upkeep\n|\n|t:|1700095936\n|switch|p2a: Golem|Golem-Alola, F|100\/100\n|turn|10\n|\n|t:|1700095940\n|move|p1a: Sneasler|Close Combat|p2a: Golem\n|-supereffective|p2a: Golem\n|-crit|p2a: Golem\n|-ability|p2a: Golem|Sturdy\n|-damage|p2a: Golem|1\/100\n|-unboost|p1a: Sneasler|def|1\n|-unboost|p1a: Sneasler|spd|1\n|move|p2a: Golem|Explosion|p1a: Sneasler\n|-damage|p1a: Sneasler|0 fnt\n|faint|p2a: Golem\n|faint|p1a: Sneasler\n|\n|upkeep\n|\n|t:|1700095951\n|switch|p1a: Drapion|Drapion, F, shiny|100\/100\n|switch|p2a: Pincurchin|Pincurchin, F|100\/100\n|-fieldstart|move: Electric Terrain|[from] ability: Electric Surge|[of] p2a: Pincurchin\n|turn|11\n|\n|t:|1700095962\n|move|p1a: Drapion|Earthquake|p2a: Pincurchin\n|-supereffective|p2a: Pincurchin\n|-damage|p2a: Pincurchin|58\/100\n|move|p2a: Pincurchin|Discharge|p1a: Drapion\n|-damage|p1a: Drapion|53\/100\n|-status|p1a: Drapion|par\n|\n|upkeep\n|turn|12\n|\n|t:|1700095971\n|move|p1a: Drapion|Cross Poison|p2a: Pincurchin\n|-crit|p2a: Pincurchin\n|-damage|p2a: Pincurchin|5\/100\n|move|p2a: Pincurchin|Toxic Spikes|p1a: Drapion\n|-sidestart|p1: ImGoodATM|move: Toxic Spikes\n|\n|upkeep\n|turn|13\n|c|\u2606ImGoodATM|Did you?\n|c|\u2606ImGoodATM|just?\n|c|\u2606ImGoodATM|LMAOO\n|c|\u2606Moonwatcher19|?\n|c|\u2606ImGoodATM|HAHAHHAHAHA\n|c|\u2606ImGoodATM|Toxic spikes does not work on me\n|inactive|ImGoodATM has 270 seconds left.\n|c|\u2606Moonwatcher19|godamnit i used the wrong spikes\n|c|\u2606ImGoodATM|They don\u2019t work on poison type\n|\n|t:|1700096011\n|move|p1a: Drapion|Earthquake|p2a: Pincurchin\n|-supereffective|p2a: Pincurchin\n|-damage|p2a: Pincurchin|0 fnt\n|faint|p2a: Pincurchin\n|\n|upkeep\n|\n|t:|1700096017\n|switch|p2a: Bellibolt|Bellibolt, M|100\/100\n|turn|14\n|\n|t:|1700096024\n|move|p1a: Drapion|Earthquake|p2a: Bellibolt\n|-supereffective|p2a: Bellibolt\n|-damage|p2a: Bellibolt|64\/100\n|-start|p2a: Bellibolt|Charge|Earthquake|[from] ability: Electromorphosis\n|move|p2a: Bellibolt|Thunderbolt|p1a: Drapion\n|-damage|p1a: Drapion|0 fnt\n|faint|p1a: Drapion\n|-end|p2a: Bellibolt|Charge|[silent]\n|\n|-heal|p2a: Bellibolt|71\/100|[from] item: Leftovers\n|upkeep\n|\n|t:|1700096032\n|switch|p1a: Naganadel|Naganadel, shiny|100\/100\n|-sideend|p1: ImGoodATM|move: Toxic Spikes|[of] p1a: Naganadel\n|turn|15\n|\n|t:|1700096037\n|move|p1a: Naganadel|Draco Meteor|p2a: Bellibolt|[miss]\n|-miss|p1a: Naganadel|p2a: Bellibolt\n|move|p2a: Bellibolt|Thunderbolt|p1a: Naganadel\n|-resisted|p1a: Naganadel\n|-damage|p1a: Naganadel|71\/100\n|\n|-heal|p2a: Bellibolt|77\/100|[from] item: Leftovers\n|upkeep\n|turn|16\n|\n|t:|1700096046\n|move|p1a: Naganadel|Draco Meteor|p2a: Bellibolt\n|-damage|p2a: Bellibolt|0 fnt\n|-unboost|p1a: Naganadel|spa|2\n|faint|p2a: Bellibolt\n|-damage|p1a: Naganadel|61\/100|[from] item: Life Orb\n|\n|win|ImGoodATM\n|c|\u2606Moonwatcher19|ggs\n|l|\u2606ImGoodATM\n|l|\u2606Moonwatcher19\n|j|\u2606ImGoodATM\n|player|p1|ImGoodATM|will\n","uploadtime":1700096074,"views":8,"p1id":"imgoodatm","p2id":"moonwatcher19","formatid":"gen9nationaldexubers","rating":0,"private":0,"password":""}