{"id":"gen9nationaldexubers-1978246119","p1":"Irfanayan","p2":"ManuelvgDios","format":"[Gen 9] National Dex Ubers","log":"|j|\u2606Irfanayan\n|j|\u2606ManuelvgDios\n|t:|1698516665\n|gametype|singles\n|player|p1|Irfanayan|266|1651\n|player|p2|ManuelvgDios|1|1536\n|teamsize|p1|6\n|teamsize|p2|6\n|gen|9\n|tier|[Gen 9] National Dex Ubers\n|rated|\n|rule|HP Percentage Mod: HP is shown in percentages\n|rule|Endless Battle Clause: Forcing endless battles is banned\n|rule|OHKO Clause: OHKO moves are banned\n|rule|Evasion Moves Clause: Evasion moves are banned\n|rule|Evasion Items Clause: Evasion items are banned\n|rule|Species Clause: Limit one of each Pok\u00e9mon\n|rule|Sleep Clause Mod: Limit one foe put to sleep\n|rule|Mega Rayquaza Clause: You cannot mega evolve Rayquaza\n|clearpoke\n|poke|p1|Hatterene, F|\n|poke|p1|Calyrex-Ice|\n|poke|p1|Groudon|\n|poke|p1|Arceus|\n|poke|p1|Cresselia, F|\n|poke|p1|Melmetal|\n|poke|p2|Ho-Oh|\n|poke|p2|Ferrothorn, F|\n|poke|p2|Gastrodon, F|\n|poke|p2|Palkia-Origin|\n|poke|p2|Chansey, F|\n|poke|p2|Xerneas-*|\n|teampreview\n|inactive|Battle timer is ON: inactive players will automatically lose when time's up. (requested by Irfanayan)\n|inactive|ManuelvgDios has 120 seconds left.\n|inactive|ManuelvgDios has 90 seconds left.\n|\n|t:|1698516758\n|start\n|switch|p1a: Hatterene|Hatterene, F|100\/100\n|switch|p2a: Palkia|Palkia-Origin|100\/100\n|-ability|p2a: Palkia|Pressure\n|turn|1\n|j| EpicGamer069420\n|inactive|ManuelvgDios has 120 seconds left.\n|\n|t:|1698516779\n|switch|p2a: Ho-Oh|Ho-Oh, shiny|100\/100\n|move|p1a: Hatterene|Trick Room|p1a: Hatterene\n|-fieldstart|move: Trick Room|[of] p1a: Hatterene\n|\n|upkeep\n|turn|2\n|inactive|ManuelvgDios has 120 seconds left.\n|\n|t:|1698516796\n|switch|p2a: Gastrodon|Gastrodon, F, shiny|100\/100\n|move|p1a: Hatterene|Misty Explosion|p2a: Gastrodon\n|-damage|p2a: Gastrodon|62\/100\n|faint|p1a: Hatterene\n|\n|-heal|p2a: Gastrodon|69\/100|[from] item: Leftovers\n|upkeep\n|\n|t:|1698516818\n|switch|p1a: Calyrex|Calyrex-Ice|100\/100\n|-ability|p1a: Calyrex|As One\n|-ability|p1a: Calyrex|Unnerve\n|turn|3\n|\n|t:|1698516825\n|-terastallize|p1a: Calyrex|Ice\n|move|p2a: Gastrodon|Yawn|p1a: Calyrex\n|-start|p1a: Calyrex|move: Yawn|[of] p2a: Gastrodon\n|move|p1a: Calyrex|Glacial Lance|p2a: Gastrodon\n|-damage|p2a: Gastrodon|0 fnt\n|faint|p2a: Gastrodon\n|-ability|p1a: Calyrex|Chilling Neigh|boost\n|-boost|p1a: Calyrex|atk|1\n|\n|upkeep\n|inactive|ManuelvgDios has 120 seconds left.\n|\n|t:|1698516837\n|switch|p2a: Ferrothorn|Ferrothorn, F|100\/100\n|turn|4\n|inactive|ManuelvgDios has 120 seconds left.\n|\n|t:|1698516849\n|switch|p1a: Groudon|Groudon|100\/100\n|detailschange|p1a: Groudon|Groudon-Primal\n|-primal|p1a: Groudon|Red Orb\n|-weather|DesolateLand|[from] ability: Desolate Land|[of] p1a: Groudon\n|-terastallize|p2a: Ferrothorn|Steel\n|move|p2a: Ferrothorn|Leech Seed|p1a: Groudon\n|-start|p1a: Groudon|move: Leech Seed\n|\n|-weather|DesolateLand|[upkeep]\n|-damage|p1a: Groudon|88\/100|[from] Leech Seed|[of] p2a: Ferrothorn\n|upkeep\n|turn|5\n|inactive|ManuelvgDios has 120 seconds left.\n|\n|t:|1698516863\n|move|p2a: Ferrothorn|Protect|p2a: Ferrothorn\n|-singleturn|p2a: Ferrothorn|Protect\n|move|p1a: Groudon|Swords Dance|p1a: Groudon\n|-boost|p1a: Groudon|atk|2\n|\n|-weather|DesolateLand|[upkeep]\n|-damage|p1a: Groudon|76\/100|[from] Leech Seed|[of] p2a: Ferrothorn\n|-fieldend|move: Trick Room\n|upkeep\n|turn|6\n|\n|t:|1698516872\n|switch|p2a: Palkia|Palkia-Origin|100\/100\n|-ability|p2a: Palkia|Pressure\n|move|p1a: Groudon|Fire Punch|p2a: Palkia\n|-resisted|p2a: Palkia\n|-damage|p2a: Palkia|62\/100\n|\n|-weather|DesolateLand|[upkeep]\n|-damage|p1a: Groudon|64\/100|[from] Leech Seed|[of] p2a: Palkia\n|-heal|p2a: Palkia|76\/100|[silent]\n|upkeep\n|turn|7\n|\n|t:|1698516886\n|move|p2a: Palkia|Earth Power|p1a: Groudon\n|-supereffective|p1a: Groudon\n|-damage|p1a: Groudon|0 fnt\n|faint|p1a: Groudon\n|-weather|none\n|\n|upkeep\n|\n|t:|1698516897\n|switch|p1a: Cresselia|Cresselia, F|100\/100\n|turn|8\n|\n|t:|1698516907\n|move|p2a: Palkia|Hydro Pump|p1a: Cresselia\n|-damage|p1a: Cresselia|53\/100\n|move|p1a: Cresselia|Trick Room|p1a: Cresselia\n|-fieldstart|move: Trick Room|[of] p1a: Cresselia\n|\n|upkeep\n|turn|9\n|\n|t:|1698516921\n|switch|p1a: Calyrex|Calyrex-Ice, tera:Ice|100\/100\n|-ability|p1a: Calyrex|As One\n|-ability|p1a: Calyrex|Unnerve\n|switch|p2a: Ferrothorn|Ferrothorn, F, tera:Steel|100\/100\n|\n|upkeep\n|turn|10\n|\n|t:|1698516932\n|move|p2a: Ferrothorn|Leech Seed|p1a: Calyrex\n|-start|p1a: Calyrex|move: Leech Seed\n|move|p1a: Calyrex|High Horsepower|p2a: Ferrothorn|[miss]\n|-miss|p1a: Calyrex|p2a: Ferrothorn\n|\n|-damage|p1a: Calyrex|88\/100|[from] Leech Seed|[of] p2a: Ferrothorn\n|upkeep\n|turn|11\n|\n|t:|1698516944\n|move|p2a: Ferrothorn|Protect|p2a: Ferrothorn\n|-singleturn|p2a: Ferrothorn|Protect\n|move|p1a: Calyrex|Encore|p2a: Ferrothorn\n|-activate|p2a: Ferrothorn|move: Protect\n|\n|-damage|p1a: Calyrex|76\/100|[from] Leech Seed|[of] p2a: Ferrothorn\n|upkeep\n|turn|12\n|\n|t:|1698516955\n|switch|p2a: Ho-Oh|Ho-Oh, shiny|100\/100\n|switch|p1a: Cresselia|Cresselia, F|53\/100\n|\n|-fieldend|move: Trick Room\n|upkeep\n|turn|13\n|\n|t:|1698516963\n|move|p1a: Cresselia|Trick|p2a: Ho-Oh\n|-activate|p1a: Cresselia|move: Trick|[of] p2a: Ho-Oh\n|-item|p2a: Ho-Oh|Choice Scarf|[from] move: Trick\n|-item|p1a: Cresselia|Heavy-Duty Boots|[from] move: Trick\n|move|p2a: Ho-Oh|Whirlwind|p1a: Cresselia\n|drag|p1a: Calyrex|Calyrex-Ice, tera:Ice|76\/100\n|-ability|p1a: Calyrex|As One\n|-ability|p1a: Calyrex|Unnerve\n|\n|upkeep\n|turn|14\n|\n|t:|1698516978\n|switch|p2a: Ferrothorn|Ferrothorn, F, tera:Steel|100\/100\n|move|p1a: Calyrex|Trick Room|p1a: Calyrex\n|-fieldstart|move: Trick Room|[of] p1a: Calyrex\n|\n|upkeep\n|turn|15\n|\n|t:|1698516986\n|switch|p1a: Arceus|Arceus|100\/100\n|move|p2a: Ferrothorn|Leech Seed|p1a: Arceus\n|-start|p1a: Arceus|move: Leech Seed\n|\n|-damage|p1a: Arceus|88\/100|[from] Leech Seed|[of] p2a: Ferrothorn\n|upkeep\n|turn|16\n|\n|t:|1698516994\n|move|p2a: Ferrothorn|Spikes|p1a: Arceus\n|-sidestart|p1: Irfanayan|Spikes\n|move|p1a: Arceus|Taunt|p2a: Ferrothorn\n|-start|p2a: Ferrothorn|move: Taunt\n|\n|-damage|p1a: Arceus|76\/100|[from] Leech Seed|[of] p2a: Ferrothorn\n|upkeep\n|turn|17\n|\n|t:|1698517011\n|switch|p2a: Ho-Oh|Ho-Oh, shiny|100\/100\n|switch|p1a: Melmetal|Melmetal|100\/100\n|-damage|p1a: Melmetal|88\/100|[from] Spikes\n|\n|upkeep\n|turn|18\n|\n|t:|1698517027\n|switch|p1a: Cresselia|Cresselia, F|53\/100\n|move|p2a: Ho-Oh|Sacred Fire|p1a: Cresselia\n|-damage|p1a: Cresselia|27\/100\n|-status|p1a: Cresselia|brn\n|\n|-damage|p1a: Cresselia|21\/100 brn|[from] brn\n|-fieldend|move: Trick Room\n|upkeep\n|turn|19\n|\n|t:|1698517040\n|move|p2a: Ho-Oh|Sacred Fire|p1a: Cresselia\n|-damage|p1a: Cresselia|0 fnt\n|faint|p1a: Cresselia\n|\n|upkeep\n|\n|t:|1698517046\n|switch|p1a: Arceus|Arceus|76\/100\n|-damage|p1a: Arceus|63\/100|[from] Spikes\n|turn|20\n|\n|t:|1698517053\n|move|p2a: Ho-Oh|Sacred Fire|p1a: Arceus\n|-damage|p1a: Arceus|42\/100\n|move|p1a: Arceus|Trick Room|p1a: Arceus\n|-fieldstart|move: Trick Room|[of] p1a: Arceus\n|\n|upkeep\n|turn|21\n|\n|t:|1698517069\n|switch|p1a: Melmetal|Melmetal|88\/100\n|-damage|p1a: Melmetal|76\/100|[from] Spikes\n|move|p2a: Ho-Oh|Sacred Fire|p1a: Melmetal\n|-supereffective|p1a: Melmetal\n|-damage|p1a: Melmetal|31\/100\n|\n|upkeep\n|turn|22\n|\n|t:|1698517080\n|move|p1a: Melmetal|Double Iron Bash|p2a: Ho-Oh\n|-resisted|p2a: Ho-Oh\n|-damage|p2a: Ho-Oh|83\/100\n|-resisted|p2a: Ho-Oh\n|-damage|p2a: Ho-Oh|66\/100\n|-hitcount|p2a: Ho-Oh|2\n|cant|p2a: Ho-Oh|flinch\n|\n|upkeep\n|turn|23\n|\n|t:|1698517088\n|move|p1a: Melmetal|Thunder Punch|p2a: Ho-Oh\n|-supereffective|p2a: Ho-Oh\n|-damage|p2a: Ho-Oh|17\/100\n|move|p2a: Ho-Oh|Sacred Fire|p1a: Melmetal\n|-supereffective|p1a: Melmetal\n|-damage|p1a: Melmetal|0 fnt\n|faint|p1a: Melmetal\n|\n|upkeep\n|\n|t:|1698517098\n|switch|p1a: Arceus|Arceus|42\/100\n|-damage|p1a: Arceus|29\/100|[from] Spikes\n|turn|24\n|\n|t:|1698517111\n|switch|p2a: Ferrothorn|Ferrothorn, F, tera:Steel|100\/100\n|move|p1a: Arceus|Extreme Speed|p2a: Ferrothorn\n|-resisted|p2a: Ferrothorn\n|-damage|p2a: Ferrothorn|91\/100\n|-damage|p1a: Arceus|17\/100|[from] ability: Iron Barbs|[of] p2a: Ferrothorn\n|\n|-heal|p2a: Ferrothorn|97\/100|[from] item: Leftovers\n|-fieldend|move: Trick Room\n|upkeep\n|turn|25\n|\n|t:|1698517128\n|move|p1a: Arceus|Taunt|p2a: Ferrothorn\n|-start|p2a: Ferrothorn|move: Taunt\n|move|p2a: Ferrothorn|Gyro Ball|p1a: Arceus\n|-damage|p1a: Arceus|0 fnt\n|faint|p1a: Arceus\n|\n|-heal|p2a: Ferrothorn|100\/100|[from] item: Leftovers\n|upkeep\n|\n|t:|1698517138\n|switch|p1a: Calyrex|Calyrex-Ice, tera:Ice|76\/100\n|-ability|p1a: Calyrex|As One\n|-ability|p1a: Calyrex|Unnerve\n|-damage|p1a: Calyrex|63\/100|[from] Spikes\n|turn|26\n|\n|t:|1698517155\n|move|p1a: Calyrex|High Horsepower|p2a: Ferrothorn\n|-supereffective|p2a: Ferrothorn\n|-damage|p2a: Ferrothorn|52\/100\n|-damage|p1a: Calyrex|51\/100|[from] ability: Iron Barbs|[of] p2a: Ferrothorn\n|move|p2a: Ferrothorn|Gyro Ball|p1a: Calyrex\n|-supereffective|p1a: Calyrex\n|-damage|p1a: Calyrex|10\/100\n|\n|-heal|p2a: Ferrothorn|58\/100|[from] item: Leftovers\n|upkeep\n|turn|27\n|\n|t:|1698517168\n|move|p1a: Calyrex|High Horsepower|p2a: Ferrothorn\n|-supereffective|p2a: Ferrothorn\n|-damage|p2a: Ferrothorn|12\/100\n|-damage|p1a: Calyrex|0 fnt|[from] ability: Iron Barbs|[of] p2a: Ferrothorn\n|faint|p1a: Calyrex\n|\n|win|ManuelvgDios\n|raw|Irfanayan's rating: 1651 &rarr; <strong>1625<\/strong><br \/>(-26 for losing)\n|raw|ManuelvgDios's rating: 1536 &rarr; <strong>1562<\/strong><br \/>(+26 for winning)\n|l|\u2606Irfanayan\n|c| EpicGamer069420|this is quite possibly\n|l|\u2606ManuelvgDios\n|c| EpicGamer069420|the worst played trick room i have seen\n","uploadtime":1698517214,"views":11,"p1id":"irfanayan","p2id":"manuelvgdios","formatid":"gen9nationaldexubers","rating":1562,"private":0,"password":""}