{"id":"gen9nationaldexubers-1996303544","p1":"KrustyKrab23","p2":"SupernovaOnToaster","format":"[Gen 9] National Dex Ubers","log":"|j|\u2606KrustyKrab23\n|j|\u2606SupernovaOnToaster\n|t:|1700669271\n|gametype|singles\n|player|p1|KrustyKrab23|170|1041\n|player|p2|SupernovaOnToaster|cilan|1049\n|teamsize|p1|6\n|teamsize|p2|3\n|gen|9\n|tier|[Gen 9] National Dex Ubers\n|rated|\n|rule|HP Percentage Mod: HP is shown in percentages\n|rule|Endless Battle Clause: Forcing endless battles is banned\n|rule|OHKO Clause: OHKO moves are banned\n|rule|Evasion Moves Clause: Evasion moves are banned\n|rule|Evasion Items Clause: Evasion items are banned\n|rule|Species Clause: Limit one of each Pok\u00e9mon\n|rule|Sleep Clause Mod: Limit one foe put to sleep\n|rule|Mega Rayquaza Clause: You cannot mega evolve Rayquaza\n|clearpoke\n|poke|p1|Starmie|\n|poke|p1|Vaporeon, M|\n|poke|p1|Corsola, F|\n|poke|p1|Kingdra, F|\n|poke|p1|Primarina, M|\n|poke|p1|Sharpedo, F|\n|poke|p2|Arceus-Psychic|\n|poke|p2|Murkrow, M|\n|poke|p2|Blissey, F|\n|teampreview\n|inactive|Battle timer is ON: inactive players will automatically lose when time's up. (requested by SupernovaOnToaster)\n|c|\u2606SupernovaOnToaster|mono water team nice\n|c|\u2606SupernovaOnToaster|glhf\n|\n|t:|1700669289\n|start\n|switch|p1a: Corsola|Corsola, F|100\/100\n|switch|p2a: Murkrow|Murkrow, M|100\/100\n|turn|1\n|\n|t:|1700669294\n|move|p2a: Murkrow|Taunt|p1a: Corsola\n|-start|p1a: Corsola|move: Taunt\n|cant|p1a: Corsola|move: Taunt|Stealth Rock\n|\n|upkeep\n|turn|2\n|\n|t:|1700669302\n|switch|p1a: Kingdra|Kingdra, F|100\/100\n|move|p2a: Murkrow|Perish Song|p2a: Murkrow\n|-start|p1a: Kingdra|perish3|[silent]\n|-start|p2a: Murkrow|perish3|[silent]\n|-fieldactivate|move: Perish Song\n|\n|-start|p2a: Murkrow|perish3\n|-start|p1a: Kingdra|perish3\n|upkeep\n|turn|3\n|\n|t:|1700669310\n|switch|p1a: Corsola|Corsola, F|100\/100\n|move|p2a: Murkrow|Taunt|p1a: Corsola\n|-start|p1a: Corsola|move: Taunt\n|\n|-start|p2a: Murkrow|perish2\n|upkeep\n|turn|4\n|\n|t:|1700669318\n|switch|p1a: Vaporeon|Vaporeon, M|100\/100\n|move|p2a: Murkrow|Tailwind|p2a: Murkrow\n|-sidestart|p2: SupernovaOnToaster|move: Tailwind\n|\n|-start|p2a: Murkrow|perish1\n|upkeep\n|turn|5\n|\n|t:|1700669326\n|move|p2a: Murkrow|Taunt|p1a: Vaporeon\n|-start|p1a: Vaporeon|move: Taunt\n|cant|p1a: Vaporeon|move: Taunt|Calm Mind\n|\n|-start|p2a: Murkrow|perish0\n|faint|p2a: Murkrow\n|upkeep\n|\n|t:|1700669331\n|switch|p2a: Arceus|Arceus-Psychic|100\/100\n|turn|6\n|\n|t:|1700669341\n|move|p2a: Arceus|Cosmic Power|p2a: Arceus\n|-boost|p2a: Arceus|def|1\n|-boost|p2a: Arceus|spd|1\n|move|p1a: Vaporeon|Shadow Ball|p2a: Arceus\n|-supereffective|p2a: Arceus\n|-damage|p2a: Arceus|77\/100\n|-unboost|p2a: Arceus|spd|1\n|\n|upkeep\n|turn|7\n|\n|t:|1700669353\n|-terastallize|p2a: Arceus|Steel\n|move|p2a: Arceus|Cosmic Power|p2a: Arceus\n|-boost|p2a: Arceus|def|1\n|-boost|p2a: Arceus|spd|1\n|move|p1a: Vaporeon|Shadow Ball|p2a: Arceus\n|-damage|p2a: Arceus|65\/100\n|\n|-end|p1a: Vaporeon|move: Taunt\n|-sideend|p2: SupernovaOnToaster|move: Tailwind\n|upkeep\n|turn|8\n|\n|t:|1700669363\n|move|p2a: Arceus|Cosmic Power|p2a: Arceus\n|-boost|p2a: Arceus|def|1\n|-boost|p2a: Arceus|spd|1\n|move|p1a: Vaporeon|Shadow Ball|p2a: Arceus\n|-damage|p2a: Arceus|55\/100\n|-unboost|p2a: Arceus|spd|1\n|\n|upkeep\n|turn|9\n|\n|t:|1700669370\n|move|p2a: Arceus|Cosmic Power|p2a: Arceus\n|-boost|p2a: Arceus|def|1\n|-boost|p2a: Arceus|spd|1\n|move|p1a: Vaporeon|Calm Mind|p1a: Vaporeon\n|-boost|p1a: Vaporeon|spa|1\n|-boost|p1a: Vaporeon|spd|1\n|\n|upkeep\n|turn|10\n|\n|t:|1700669378\n|move|p2a: Arceus|Stored Power|p1a: Vaporeon\n|-damage|p1a: Vaporeon|71\/100\n|move|p1a: Vaporeon|Surf|p2a: Arceus\n|-damage|p2a: Arceus|34\/100\n|\n|upkeep\n|turn|11\n|\n|t:|1700669385\n|move|p2a: Arceus|Recover|p2a: Arceus\n|-heal|p2a: Arceus|84\/100\n|move|p1a: Vaporeon|Surf|p2a: Arceus\n|-damage|p2a: Arceus|63\/100\n|\n|upkeep\n|turn|12\n|c|\u2606SupernovaOnToaster|i just need to kill this thing bruh\n|\n|t:|1700669397\n|move|p2a: Arceus|Cosmic Power|p2a: Arceus\n|-boost|p2a: Arceus|def|1\n|-boost|p2a: Arceus|spd|1\n|move|p1a: Vaporeon|Calm Mind|p1a: Vaporeon\n|-boost|p1a: Vaporeon|spa|1\n|-boost|p1a: Vaporeon|spd|1\n|\n|upkeep\n|turn|13\n|c|\u2606KrustyKrab23|Why are you using the LITERAL GOD OF POKEMON as a stall 'mon?\n|\n|t:|1700669416\n|move|p2a: Arceus|Recover|p2a: Arceus\n|-heal|p2a: Arceus|100\/100\n|move|p1a: Vaporeon|Surf|p2a: Arceus\n|-damage|p2a: Arceus|76\/100\n|\n|upkeep\n|turn|14\n|c|\u2606SupernovaOnToaster|im not\n|c|\u2606SupernovaOnToaster|its cosmic power stored power\n|c|\u2606SupernovaOnToaster|im using recover cuz ur getting me low\n|\n|t:|1700669436\n|move|p2a: Arceus|Cosmic Power|p2a: Arceus\n|-boost|p2a: Arceus|def|1\n|-boost|p2a: Arceus|spd|1\n|move|p1a: Vaporeon|Surf|p2a: Arceus\n|-damage|p2a: Arceus|56\/100\n|\n|upkeep\n|turn|15\n|\n|t:|1700669443\n|move|p2a: Arceus|Cosmic Power|p2a: Arceus\n|-boost|p2a: Arceus|def|0\n|-boost|p2a: Arceus|spd|1\n|move|p1a: Vaporeon|Surf|p2a: Arceus\n|-damage|p2a: Arceus|39\/100\n|\n|upkeep\n|turn|16\n|\n|t:|1700669450\n|move|p2a: Arceus|Cosmic Power|p2a: Arceus\n|-boost|p2a: Arceus|def|0\n|-boost|p2a: Arceus|spd|1\n|move|p1a: Vaporeon|Surf|p2a: Arceus\n|-damage|p2a: Arceus|25\/100\n|\n|upkeep\n|turn|17\n|\n|t:|1700669456\n|move|p2a: Arceus|Recover|p2a: Arceus\n|-heal|p2a: Arceus|75\/100\n|move|p1a: Vaporeon|Calm Mind|p1a: Vaporeon\n|-boost|p1a: Vaporeon|spa|1\n|-boost|p1a: Vaporeon|spd|1\n|\n|upkeep\n|turn|18\n|\n|t:|1700669462\n|move|p2a: Arceus|Stored Power|p1a: Vaporeon\n|-damage|p1a: Vaporeon|37\/100\n|move|p1a: Vaporeon|Calm Mind|p1a: Vaporeon\n|-boost|p1a: Vaporeon|spa|1\n|-boost|p1a: Vaporeon|spd|1\n|\n|upkeep\n|turn|19\n|\n|t:|1700669469\n|move|p2a: Arceus|Stored Power|p1a: Vaporeon\n|-damage|p1a: Vaporeon|8\/100\n|move|p1a: Vaporeon|Calm Mind|p1a: Vaporeon\n|-boost|p1a: Vaporeon|spa|1\n|-boost|p1a: Vaporeon|spd|1\n|\n|upkeep\n|turn|20\n|c|\u2606SupernovaOnToaster|how are u still alive?\n|\n|t:|1700669478\n|move|p2a: Arceus|Body Press|p1a: Vaporeon\n|-damage|p1a: Vaporeon|0 fnt\n|faint|p1a: Vaporeon\n|\n|upkeep\n|\n|t:|1700669481\n|switch|p1a: Sharpedo|Sharpedo, F|100\/100\n|turn|21\n|\n|t:|1700669487\n|detailschange|p1a: Sharpedo|Sharpedo-Mega, F\n|-mega|p1a: Sharpedo|Sharpedo|Sharpedonite\n|move|p2a: Arceus|Body Press|p1a: Sharpedo\n|-supereffective|p1a: Sharpedo\n|-damage|p1a: Sharpedo|0 fnt\n|faint|p1a: Sharpedo\n|\n|upkeep\n|-message|KrustyKrab23 forfeited.\n|\n|win|SupernovaOnToaster\n|raw|KrustyKrab23's rating: 1041 &rarr; <strong>1025<\/strong><br \/>(-16 for losing)\n|raw|SupernovaOnToaster's rating: 1049 &rarr; <strong>1081<\/strong><br \/>(+32 for winning)\n|l|\u2606KrustyKrab23\n|c|\u2606SupernovaOnToaster|i just showed body press dude\n","uploadtime":1700669498,"views":1,"p1id":"krustykrab23","p2id":"supernovaontoaster","formatid":"gen9nationaldexubers","rating":1025,"private":0,"password":""}