{"id":"gen9nationaldexubers-1994089608","p1":"game18","p2":"Natcrozma %\u25d5\u203f\u203f\u25d5%","format":"[Gen 9] National Dex Ubers","log":"|j|\u2606game18\n|j|\u2606Natcrozma %\u25d5\u203f\u203f\u25d5%\n|t:|1700405505\n|gametype|singles\n|player|p1|game18|ghetsis|\n|player|p2|Natcrozma %\u25d5\u203f\u203f\u25d5%|penny|\n|teamsize|p1|6\n|teamsize|p2|6\n|gen|9\n|tier|[Gen 9] National Dex Ubers\n|rated|Tournament battle\n|rule|HP Percentage Mod: HP is shown in percentages\n|rule|Endless Battle Clause: Forcing endless battles is banned\n|rule|OHKO Clause: OHKO moves are banned\n|rule|Evasion Moves Clause: Evasion moves are banned\n|rule|Evasion Items Clause: Evasion items are banned\n|rule|Species Clause: Limit one of each Pok\u00e9mon\n|rule|Sleep Clause Mod: Limit one foe put to sleep\n|rule|Mega Rayquaza Clause: You cannot mega evolve Rayquaza\n|clearpoke\n|poke|p1|Groudon|\n|poke|p1|Necrozma-Dusk-Mane|\n|poke|p1|Mewtwo|\n|poke|p1|Zygarde|\n|poke|p1|Arceus-Fairy|\n|poke|p1|Ho-Oh|\n|poke|p2|Marshadow|\n|poke|p2|Groudon|\n|poke|p2|Necrozma-Dusk-Mane|\n|poke|p2|Ho-Oh|\n|poke|p2|Eternatus|\n|poke|p2|Yveltal|\n|teampreview\n|inactive|Battle timer is ON: inactive players will automatically lose when time's up. (requested by Natcrozma %\u25d5\u203f\u203f\u25d5%)\n|\n|t:|1700405526\n|start\n|switch|p1a: Zygarde|Zygarde|100\/100\n|switch|p2a: Necrozma|Necrozma-Dusk-Mane|100\/100\n|turn|1\n|\n|t:|1700405540\n|move|p1a: Zygarde|Thousand Arrows|p2a: Necrozma\n|-supereffective|p2a: Necrozma\n|-damage|p2a: Necrozma|71\/100\n|move|p2a: Necrozma|Stealth Rock|p1a: Zygarde\n|-sidestart|p1: game18|move: Stealth Rock\n|\n|-heal|p2a: Necrozma|77\/100|[from] item: Leftovers\n|upkeep\n|turn|2\n|\n|t:|1700405563\n|switch|p2a: Yveltal|Yveltal|100\/100\n|-ability|p2a: Yveltal|Dark Aura\n|move|p1a: Zygarde|Coil|p1a: Zygarde\n|-boost|p1a: Zygarde|atk|1\n|-boost|p1a: Zygarde|def|1\n|-boost|p1a: Zygarde|accuracy|1\n|\n|upkeep\n|turn|3\n|\n|t:|1700405573\n|move|p2a: Yveltal|Foul Play|p1a: Zygarde\n|-damage|p1a: Zygarde|77\/100\n|move|p1a: Zygarde|Thousand Arrows|p2a: Yveltal\n|-damage|p2a: Yveltal|67\/100\n|-start|p2a: Yveltal|Smack Down\n|\n|-heal|p1a: Zygarde|83\/100|[from] item: Leftovers\n|upkeep\n|turn|4\n|\n|t:|1700405603\n|move|p2a: Yveltal|Taunt|p1a: Zygarde\n|-start|p1a: Zygarde|move: Taunt\n|move|p1a: Zygarde|Thousand Arrows|p2a: Yveltal\n|-damage|p2a: Yveltal|33\/100\n|\n|-heal|p1a: Zygarde|89\/100|[from] item: Leftovers\n|upkeep\n|turn|5\n|\n|t:|1700405618\n|move|p2a: Yveltal|Roost|p2a: Yveltal\n|-heal|p2a: Yveltal|83\/100\n|-singleturn|p2a: Yveltal|move: Roost\n|move|p1a: Zygarde|Thousand Arrows|p2a: Yveltal\n|-damage|p2a: Yveltal|51\/100\n|\n|-heal|p1a: Zygarde|95\/100|[from] item: Leftovers\n|upkeep\n|turn|6\n|\n|t:|1700405634\n|switch|p1a: Arceus|Arceus-Fairy|100\/100\n|-damage|p1a: Arceus|88\/100|[from] Stealth Rock\n|move|p2a: Yveltal|Foul Play|p1a: Arceus\n|-resisted|p1a: Arceus\n|-damage|p1a: Arceus|76\/100\n|\n|upkeep\n|turn|7\n|\n|t:|1700405643\n|switch|p1a: Necrozma|Necrozma-Dusk-Mane|100\/100\n|-damage|p1a: Necrozma|94\/100|[from] Stealth Rock\n|switch|p2a: Eternatus|Eternatus|100\/100\n|-ability|p2a: Eternatus|Pressure\n|\n|upkeep\n|turn|8\n|\n|t:|1700405652\n|move|p2a: Eternatus|Flamethrower|p1a: Necrozma\n|-supereffective|p1a: Necrozma\n|-damage|p1a: Necrozma|71\/100\n|move|p1a: Necrozma|Stealth Rock|p2a: Eternatus\n|-sidestart|p2: Natcrozma %\u25d5\u203f\u203f\u25d5%|move: Stealth Rock\n|\n|upkeep\n|turn|9\n|\n|t:|1700405659\n|switch|p2a: Ho-Oh|Ho-Oh|100\/100\n|move|p1a: Necrozma|Morning Sun|p1a: Necrozma\n|-heal|p1a: Necrozma|100\/100\n|\n|upkeep\n|turn|10\n|\n|t:|1700405668\n|switch|p1a: Groudon|Groudon|100\/100\n|-damage|p1a: Groudon|94\/100|[from] Stealth Rock\n|detailschange|p1a: Groudon|Groudon-Primal\n|-primal|p1a: Groudon|Red Orb\n|-weather|DesolateLand|[from] ability: Desolate Land|[of] p1a: Groudon\n|move|p2a: Ho-Oh|Defog|p1a: Groudon\n|-unboost|p1a: Groudon|evasion|1\n|-sideend|p1: game18|Stealth Rock|[from] move: Defog|[of] p2a: Ho-Oh\n|-sideend|p2: Natcrozma %\u25d5\u203f\u203f\u25d5%|Stealth Rock|[from] move: Defog|[of] p2a: Ho-Oh\n|\n|-weather|DesolateLand|[upkeep]\n|upkeep\n|turn|11\n|\n|t:|1700405679\n|move|p1a: Groudon|Stone Edge|p2a: Ho-Oh|[miss]\n|-miss|p1a: Groudon|p2a: Ho-Oh\n|move|p2a: Ho-Oh|Toxic|p1a: Groudon\n|-status|p1a: Groudon|tox\n|\n|-weather|DesolateLand|[upkeep]\n|-damage|p1a: Groudon|88\/100 tox|[from] psn\n|upkeep\n|turn|12\n|c|\u2606Natcrozma %\u25d5\u203f\u203f\u25d5%|mb\n|\n|t:|1700405692\n|switch|p2a: Groudon|Groudon|100\/100\n|detailschange|p2a: Groudon|Groudon-Primal\n|-primal|p2a: Groudon|Red Orb\n|move|p1a: Groudon|Earthquake|p2a: Groudon\n|-supereffective|p2a: Groudon\n|-damage|p2a: Groudon|34\/100\n|\n|-weather|DesolateLand|[upkeep]\n|-damage|p1a: Groudon|76\/100 tox|[from] psn\n|upkeep\n|turn|13\n|\n|t:|1700405711\n|switch|p1a: Zygarde|Zygarde|95\/100\n|-weather|none\n|switch|p2a: Yveltal|Yveltal|51\/100\n|-ability|p2a: Yveltal|Dark Aura\n|\n|-heal|p1a: Zygarde|100\/100|[from] item: Leftovers\n|upkeep\n|turn|14\n|\n|t:|1700405724\n|switch|p1a: Arceus|Arceus-Fairy|76\/100\n|move|p2a: Yveltal|U-turn|p1a: Arceus\n|-resisted|p1a: Arceus\n|-crit|p1a: Arceus\n|-damage|p1a: Arceus|66\/100\n|\n|t:|1700405738\n|switch|p2a: Marshadow|Marshadow|100\/100|[from] U-turn\n|\n|upkeep\n|turn|15\n|\n|t:|1700405743\n|-terastallize|p2a: Marshadow|Ghost\n|move|p2a: Marshadow|Poltergeist|p1a: Arceus\n|-activate|p1a: Arceus|move: Poltergeist|Pixie Plate\n|-damage|p1a: Arceus|0 fnt\n|faint|p1a: Arceus\n|\n|upkeep\n|inactive|game18 has 120 seconds left.\n|\n|t:|1700405783\n|switch|p1a: Ho-Oh|Ho-Oh|100\/100\n|turn|16\n|\n|t:|1700405792\n|switch|p2a: Ho-Oh|Ho-Oh|100\/100\n|move|p1a: Ho-Oh|Sacred Fire|p2a: Ho-Oh\n|-resisted|p2a: Ho-Oh\n|-crit|p2a: Ho-Oh\n|-damage|p2a: Ho-Oh|79\/100\n|\n|upkeep\n|turn|17\n|inactive|game18 has 120 seconds left.\n|\n|t:|1700405824\n|move|p1a: Ho-Oh|Toxic|p2a: Ho-Oh\n|-status|p2a: Ho-Oh|tox\n|move|p2a: Ho-Oh|Toxic|p1a: Ho-Oh\n|-status|p1a: Ho-Oh|tox\n|\n|-damage|p1a: Ho-Oh|94\/100 tox|[from] psn\n|-damage|p2a: Ho-Oh|73\/100 tox|[from] psn\n|upkeep\n|turn|18\n|\n|t:|1700405834\n|switch|p1a: Groudon|Groudon-Primal|76\/100 tox\n|-weather|DesolateLand|[from] ability: Desolate Land|[of] p1a: Groudon\n|switch|p2a: Groudon|Groudon-Primal|34\/100\n|\n|-weather|DesolateLand|[upkeep]\n|-damage|p1a: Groudon|70\/100 tox|[from] psn\n|upkeep\n|turn|19\n|\n|t:|1700405845\n|move|p1a: Groudon|Earthquake|p2a: Groudon\n|-supereffective|p2a: Groudon\n|-damage|p2a: Groudon|0 fnt\n|faint|p2a: Groudon\n|\n|-weather|DesolateLand|[upkeep]\n|-damage|p1a: Groudon|57\/100 tox|[from] psn\n|upkeep\n|\n|t:|1700405848\n|switch|p2a: Marshadow|Marshadow, tera:Ghost|100\/100\n|turn|20\n|\n|t:|1700405855\n|-weather|none\n|switch|p1a: Zygarde|Zygarde|100\/100\n|move|p2a: Marshadow|Poltergeist|p1a: Zygarde\n|-activate|p1a: Zygarde|move: Poltergeist|Leftovers\n|-damage|p1a: Zygarde|44\/100\n|\n|-heal|p1a: Zygarde|50\/100|[from] item: Leftovers\n|-activate|p1a: Zygarde|ability: Power Construct\n|detailschange|p1a: Zygarde|Zygarde-Complete\n|-heal|p1a: Zygarde|67\/100|[silent]\n|upkeep\n|turn|21\n|inactive|game18 has 120 seconds left.\n|\n|t:|1700405870\n|switch|p2a: Ho-Oh|Ho-Oh|100\/100 tox\n|move|p1a: Zygarde|Glare||[still]\n|-fail|p1a: Zygarde\n|\n|-heal|p1a: Zygarde|74\/100|[from] item: Leftovers\n|-damage|p2a: Ho-Oh|94\/100 tox|[from] psn\n|upkeep\n|turn|22\n|\n|t:|1700405877\n|switch|p1a: Groudon|Groudon-Primal|57\/100 tox\n|-weather|DesolateLand|[from] ability: Desolate Land|[of] p1a: Groudon\n|move|p2a: Ho-Oh|Sacred Fire|p1a: Groudon\n|-resisted|p1a: Groudon\n|-damage|p1a: Groudon|37\/100 tox\n|\n|-weather|DesolateLand|[upkeep]\n|-damage|p1a: Groudon|30\/100 tox|[from] psn\n|-damage|p2a: Ho-Oh|82\/100 tox|[from] psn\n|upkeep\n|turn|23\n|inactive|game18 has 120 seconds left.\n|\n|t:|1700405891\n|switch|p2a: Necrozma|Necrozma-Dusk-Mane|77\/100\n|move|p1a: Groudon|Stone Edge|p2a: Necrozma|[miss]\n|-miss|p1a: Groudon|p2a: Necrozma\n|\n|-weather|DesolateLand|[upkeep]\n|-heal|p2a: Necrozma|83\/100|[from] item: Leftovers\n|-damage|p1a: Groudon|18\/100 tox|[from] psn\n|upkeep\n|turn|24\n|inactive|game18 has 120 seconds left.\n|\n|t:|1700405915\n|move|p1a: Groudon|Stone Edge|p2a: Necrozma\n|-resisted|p2a: Necrozma\n|-damage|p2a: Necrozma|69\/100\n|move|p2a: Necrozma|Morning Sun|p2a: Necrozma\n|-heal|p2a: Necrozma|100\/100\n|\n|-weather|DesolateLand|[upkeep]\n|-damage|p1a: Groudon|0 fnt|[from] psn\n|faint|p1a: Groudon\n|-weather|none\n|upkeep\n|\n|t:|1700405921\n|switch|p1a: Mewtwo|Mewtwo|100\/100\n|-ability|p1a: Mewtwo|Pressure\n|turn|25\n|\n|t:|1700405928\n|detailschange|p1a: Mewtwo|Mewtwo-Mega-Y\n|-mega|p1a: Mewtwo|Mewtwo|Mewtwonite Y\n|move|p1a: Mewtwo|Earth Power|p2a: Necrozma\n|-supereffective|p2a: Necrozma\n|-damage|p2a: Necrozma|60\/100\n|move|p2a: Necrozma|Sunsteel Strike|p1a: Mewtwo\n|-damage|p1a: Mewtwo|38\/100\n|\n|-heal|p2a: Necrozma|66\/100|[from] item: Leftovers\n|upkeep\n|turn|26\n|-message|game18 forfeited.\n|\n|win|Natcrozma %\u25d5\u203f\u203f\u25d5%\n|n|\u2606game18|game18\n|n|\u2606Natcrozma %\u25d5\u203f\u203f\u25d5%|natcrozma\n","uploadtime":1700405940,"views":19,"p1id":"game18","p2id":"natcrozma","formatid":"gen9nationaldexubers","rating":0,"private":0,"password":""}