{"id":"gen9nationaldexubers-1978270463","p1":"Slender235","p2":"JustMonika_CARR","format":"[Gen 9] National Dex Ubers","log":"|j|\u2606Slender235\n|j|\u2606JustMonika_CARR\n|t:|1698519276\n|gametype|singles\n|player|p1|Slender235|steven-gen6|1476\n|player|p2|JustMonika_CARR|dawn|1478\n|teamsize|p1|6\n|teamsize|p2|6\n|gen|9\n|tier|[Gen 9] National Dex Ubers\n|rated|\n|rule|HP Percentage Mod: HP is shown in percentages\n|rule|Endless Battle Clause: Forcing endless battles is banned\n|rule|OHKO Clause: OHKO moves are banned\n|rule|Evasion Moves Clause: Evasion moves are banned\n|rule|Evasion Items Clause: Evasion items are banned\n|rule|Species Clause: Limit one of each Pok\u00e9mon\n|rule|Sleep Clause Mod: Limit one foe put to sleep\n|rule|Mega Rayquaza Clause: You cannot mega evolve Rayquaza\n|clearpoke\n|poke|p1|Slurpuff, F|\n|poke|p1|Salamence, M|\n|poke|p1|Necrozma-Dusk-Mane|\n|poke|p1|Eternatus|\n|poke|p1|Arceus-Fairy|\n|poke|p1|Yveltal|\n|poke|p2|Yveltal|\n|poke|p2|Skarmory, F|\n|poke|p2|Gothitelle, F|\n|poke|p2|Deoxys-Speed|\n|poke|p2|Shuckle, M|\n|poke|p2|Durant, F|\n|teampreview\n|inactive|Battle timer is ON: inactive players will automatically lose when time's up. (requested by Slender235)\n|\n|t:|1698519283\n|start\n|switch|p1a: Pudgy|Slurpuff, F, shiny|100\/100\n|switch|p2a: Skarmory|Skarmory, F, shiny|100\/100\n|turn|1\n|c|\u2606JustMonika_CARR|glhf\n|\n|t:|1698519290\n|move|p1a: Pudgy|Magic Coat|p1a: Pudgy\n|-singleturn|p1a: Pudgy|move: Magic Coat\n|move|p2a: Skarmory|Stealth Rock|p1a: Pudgy\n|move|p1a: Pudgy|Stealth Rock|p2a: Skarmory|[from]Magic Coat\n|-sidestart|p2: JustMonika_CARR|move: Stealth Rock\n|\n|upkeep\n|turn|2\n|\n|t:|1698519297\n|move|p1a: Pudgy|Sticky Web|p2a: Skarmory\n|-sidestart|p2: JustMonika_CARR|move: Sticky Web\n|move|p2a: Skarmory|Stealth Rock|p1a: Pudgy\n|-sidestart|p1: Slender235|move: Stealth Rock\n|\n|upkeep\n|turn|3\n|\n|t:|1698519302\n|move|p1a: Pudgy|Yawn|p2a: Skarmory\n|-start|p2a: Skarmory|move: Yawn|[of] p1a: Pudgy\n|move|p2a: Skarmory|Whirlwind|p1a: Pudgy\n|drag|p1a: Guardian|Salamence, M|100\/100\n|-damage|p1a: Guardian|76\/100|[from] Stealth Rock\n|-ability|p1a: Guardian|Intimidate|boost\n|-unboost|p2a: Skarmory|atk|1\n|\n|upkeep\n|turn|4\n|\n|t:|1698519314\n|switch|p2a: Yveltal|Yveltal, shiny|100\/100\n|-damage|p2a: Yveltal|75\/100|[from] Stealth Rock\n|-ability|p2a: Yveltal|Dark Aura\n|detailschange|p1a: Guardian|Salamence-Mega, M\n|-mega|p1a: Guardian|Salamence|Salamencite\n|move|p1a: Guardian|Roost|p1a: Guardian\n|-heal|p1a: Guardian|100\/100\n|-singleturn|p1a: Guardian|move: Roost\n|\n|-heal|p2a: Yveltal|82\/100|[from] item: Leftovers\n|upkeep\n|turn|5\n|\n|t:|1698519329\n|move|p1a: Guardian|Dragon Dance|p1a: Guardian\n|-boost|p1a: Guardian|atk|1\n|-boost|p1a: Guardian|spe|1\n|move|p2a: Yveltal|Defog|p1a: Guardian\n|-unboost|p1a: Guardian|evasion|1\n|-sideend|p1: Slender235|Stealth Rock|[from] move: Defog|[of] p2a: Yveltal\n|-sideend|p2: JustMonika_CARR|Stealth Rock|[from] move: Defog|[of] p2a: Yveltal\n|-sideend|p2: JustMonika_CARR|Sticky Web|[from] move: Defog|[of] p2a: Yveltal\n|\n|-heal|p2a: Yveltal|88\/100|[from] item: Leftovers\n|upkeep\n|turn|6\n|\n|t:|1698519341\n|move|p2a: Yveltal|Sucker Punch|p1a: Guardian\n|-damage|p1a: Guardian|70\/100\n|move|p1a: Guardian|Frustration|p2a: Yveltal\n|-damage|p2a: Yveltal|15\/100\n|\n|-heal|p2a: Yveltal|22\/100|[from] item: Leftovers\n|upkeep\n|turn|7\n|\n|t:|1698519349\n|move|p2a: Yveltal|Sucker Punch||[still]\n|-fail|p2a: Yveltal\n|move|p1a: Guardian|Roost|p1a: Guardian\n|-heal|p1a: Guardian|100\/100\n|-singleturn|p1a: Guardian|move: Roost\n|\n|-heal|p2a: Yveltal|28\/100|[from] item: Leftovers\n|upkeep\n|turn|8\n|\n|t:|1698519356\n|move|p2a: Yveltal|Sucker Punch||[still]\n|-fail|p2a: Yveltal\n|move|p1a: Guardian|Dragon Dance|p1a: Guardian\n|-boost|p1a: Guardian|atk|1\n|-boost|p1a: Guardian|spe|1\n|\n|-heal|p2a: Yveltal|34\/100|[from] item: Leftovers\n|upkeep\n|turn|9\n|\n|t:|1698519364\n|move|p1a: Guardian|Dragon Dance|p1a: Guardian\n|-boost|p1a: Guardian|atk|1\n|-boost|p1a: Guardian|spe|1\n|move|p2a: Yveltal|Dark Pulse|p1a: Guardian\n|-damage|p1a: Guardian|47\/100\n|\n|-heal|p2a: Yveltal|40\/100|[from] item: Leftovers\n|upkeep\n|turn|10\n|\n|t:|1698519371\n|move|p2a: Yveltal|Sucker Punch|p1a: Guardian\n|-damage|p1a: Guardian|12\/100\n|move|p1a: Guardian|Frustration|p2a: Yveltal\n|-damage|p2a: Yveltal|0 fnt\n|faint|p2a: Yveltal\n|\n|upkeep\n|\n|t:|1698519383\n|switch|p2a: Skarmory|Skarmory, F, shiny|100\/100\n|turn|11\n|\n|t:|1698519389\n|move|p1a: Guardian|Frustration|p2a: Skarmory\n|-resisted|p2a: Skarmory\n|-damage|p2a: Skarmory|23\/100\n|move|p2a: Skarmory|Whirlwind|p1a: Guardian\n|drag|p1a: The Thousand|Eternatus|100\/100\n|-ability|p1a: The Thousand|Pressure\n|\n|-heal|p2a: Skarmory|29\/100|[from] item: Leftovers\n|upkeep\n|turn|12\n|\n|t:|1698519399\n|move|p1a: The Thousand|Meteor Beam||[still]\n|-prepare|p1a: The Thousand|Meteor Beam\n|-boost|p1a: The Thousand|spa|1\n|-enditem|p1a: The Thousand|Power Herb\n|-anim|p1a: The Thousand|Meteor Beam|p2a: Skarmory\n|-damage|p2a: Skarmory|0 fnt\n|faint|p2a: Skarmory\n|\n|upkeep\n|\n|t:|1698519408\n|switch|p2a: Durant|Durant, F, shiny|100\/100\n|turn|13\n|\n|t:|1698519412\n|move|p2a: Durant|Entrainment|p1a: The Thousand\n|-endability|p1a: The Thousand|Pressure|[from] move: Entrainment\n|-ability|p1a: The Thousand|Truant|[from] move: Entrainment\n|move|p1a: The Thousand|Flamethrower|p2a: Durant\n|-supereffective|p2a: Durant\n|-damage|p2a: Durant|0 fnt\n|faint|p2a: Durant\n|\n|upkeep\n|\n|t:|1698519421\n|switch|p2a: Gothitelle|Gothitelle, F, shiny|100\/100\n|turn|14\n|\n|t:|1698519431\n|cant|p1a: The Thousand|ability: Truant\n|move|p2a: Gothitelle|Substitute|p2a: Gothitelle\n|-start|p2a: Gothitelle|Substitute\n|-damage|p2a: Gothitelle|75\/100\n|\n|upkeep\n|turn|15\n|\n|t:|1698519437\n|move|p1a: The Thousand|Dynamax Cannon|p2a: Gothitelle\n|-end|p2a: Gothitelle|Substitute\n|move|p2a: Gothitelle|Substitute|p2a: Gothitelle\n|-start|p2a: Gothitelle|Substitute\n|-damage|p2a: Gothitelle|50\/100\n|\n|upkeep\n|turn|16\n|\n|t:|1698519442\n|cant|p1a: The Thousand|ability: Truant\n|move|p2a: Gothitelle|Substitute|p2a: Gothitelle\n|-fail|p2a: Gothitelle|move: Substitute\n|\n|upkeep\n|turn|17\n|\n|t:|1698519448\n|move|p1a: The Thousand|Dynamax Cannon|p2a: Gothitelle\n|-end|p2a: Gothitelle|Substitute\n|move|p2a: Gothitelle|Substitute|p2a: Gothitelle\n|-start|p2a: Gothitelle|Substitute\n|-damage|p2a: Gothitelle|25\/100\n|-enditem|p2a: Gothitelle|Starf Berry|[eat]\n|-boost|p2a: Gothitelle|spa|2|[from] item: Starf Berry\n|\n|upkeep\n|turn|18\n|\n|t:|1698519457\n|cant|p1a: The Thousand|ability: Truant\n|move|p2a: Gothitelle|Recycle|p2a: Gothitelle\n|-item|p2a: Gothitelle|Starf Berry|[from] move: Recycle\n|-enditem|p2a: Gothitelle|Starf Berry|[eat]\n|-boost|p2a: Gothitelle|spa|2|[from] item: Starf Berry\n|\n|upkeep\n|turn|19\n|\n|t:|1698519469\n|move|p2a: Gothitelle|Protect|p2a: Gothitelle\n|-singleturn|p2a: Gothitelle|Protect\n|move|p1a: The Thousand|Dynamax Cannon|p2a: Gothitelle\n|-activate|p2a: Gothitelle|move: Protect\n|\n|upkeep\n|turn|20\n|\n|t:|1698519472\n|cant|p1a: The Thousand|ability: Truant\n|move|p2a: Gothitelle|Recycle|p2a: Gothitelle\n|-item|p2a: Gothitelle|Starf Berry|[from] move: Recycle\n|-enditem|p2a: Gothitelle|Starf Berry|[eat]\n|-boost|p2a: Gothitelle|spa|2|[from] item: Starf Berry\n|\n|upkeep\n|turn|21\n|\n|t:|1698519476\n|move|p2a: Gothitelle|Protect|p2a: Gothitelle\n|-singleturn|p2a: Gothitelle|Protect\n|move|p1a: The Thousand|Dynamax Cannon|p2a: Gothitelle\n|-activate|p2a: Gothitelle|move: Protect\n|\n|upkeep\n|turn|22\n|\n|t:|1698519480\n|cant|p1a: The Thousand|ability: Truant\n|move|p2a: Gothitelle|Recycle|p2a: Gothitelle\n|-item|p2a: Gothitelle|Starf Berry|[from] move: Recycle\n|-enditem|p2a: Gothitelle|Starf Berry|[eat]\n|-boost|p2a: Gothitelle|atk|2|[from] item: Starf Berry\n|\n|upkeep\n|turn|23\n|\n|t:|1698519484\n|move|p2a: Gothitelle|Protect|p2a: Gothitelle\n|-singleturn|p2a: Gothitelle|Protect\n|move|p1a: The Thousand|Dynamax Cannon|p2a: Gothitelle\n|-activate|p2a: Gothitelle|move: Protect\n|\n|upkeep\n|turn|24\n|\n|t:|1698519488\n|cant|p1a: The Thousand|ability: Truant\n|move|p2a: Gothitelle|Recycle|p2a: Gothitelle\n|-item|p2a: Gothitelle|Starf Berry|[from] move: Recycle\n|-enditem|p2a: Gothitelle|Starf Berry|[eat]\n|-boost|p2a: Gothitelle|spd|2|[from] item: Starf Berry\n|\n|upkeep\n|turn|25\n|\n|t:|1698519492\n|move|p2a: Gothitelle|Protect|p2a: Gothitelle\n|-singleturn|p2a: Gothitelle|Protect\n|move|p1a: The Thousand|Dynamax Cannon|p2a: Gothitelle\n|-activate|p2a: Gothitelle|move: Protect\n|\n|upkeep\n|turn|26\n|\n|t:|1698519499\n|cant|p1a: The Thousand|ability: Truant\n|move|p2a: Gothitelle|Recycle|p2a: Gothitelle\n|-item|p2a: Gothitelle|Starf Berry|[from] move: Recycle\n|-enditem|p2a: Gothitelle|Starf Berry|[eat]\n|-boost|p2a: Gothitelle|def|2|[from] item: Starf Berry\n|\n|upkeep\n|turn|27\n|\n|t:|1698519501\n|move|p2a: Gothitelle|Protect|p2a: Gothitelle\n|-singleturn|p2a: Gothitelle|Protect\n|move|p1a: The Thousand|Dynamax Cannon|p2a: Gothitelle\n|-activate|p2a: Gothitelle|move: Protect\n|\n|upkeep\n|turn|28\n|\n|t:|1698519504\n|cant|p1a: The Thousand|ability: Truant\n|move|p2a: Gothitelle|Recycle|p2a: Gothitelle\n|-item|p2a: Gothitelle|Starf Berry|[from] move: Recycle\n|-enditem|p2a: Gothitelle|Starf Berry|[eat]\n|-boost|p2a: Gothitelle|def|2|[from] item: Starf Berry\n|\n|upkeep\n|turn|29\n|\n|t:|1698519510\n|move|p2a: Gothitelle|Protect|p2a: Gothitelle\n|-singleturn|p2a: Gothitelle|Protect\n|move|p1a: The Thousand|Meteor Beam||[still]\n|-prepare|p1a: The Thousand|Meteor Beam\n|-boost|p1a: The Thousand|spa|1\n|\n|upkeep\n|turn|30\n|\n|t:|1698519522\n|cant|p1a: The Thousand|ability: Truant\n|move|p2a: Gothitelle|Recycle|p2a: Gothitelle\n|-item|p2a: Gothitelle|Starf Berry|[from] move: Recycle\n|-enditem|p2a: Gothitelle|Starf Berry|[eat]\n|-boost|p2a: Gothitelle|spd|2|[from] item: Starf Berry\n|\n|upkeep\n|turn|31\n|\n|t:|1698519526\n|move|p2a: Gothitelle|Protect|p2a: Gothitelle\n|-singleturn|p2a: Gothitelle|Protect\n|move|p1a: The Thousand|Dynamax Cannon|p2a: Gothitelle\n|-activate|p2a: Gothitelle|move: Protect\n|\n|upkeep\n|turn|32\n|\n|t:|1698519532\n|cant|p1a: The Thousand|ability: Truant\n|move|p2a: Gothitelle|Recycle|p2a: Gothitelle\n|-item|p2a: Gothitelle|Starf Berry|[from] move: Recycle\n|-enditem|p2a: Gothitelle|Starf Berry|[eat]\n|-boost|p2a: Gothitelle|spd|2|[from] item: Starf Berry\n|\n|upkeep\n|turn|33\n|\n|t:|1698519538\n|move|p2a: Gothitelle|Protect|p2a: Gothitelle\n|-singleturn|p2a: Gothitelle|Protect\n|move|p1a: The Thousand|Meteor Beam||[still]\n|-prepare|p1a: The Thousand|Meteor Beam\n|-boost|p1a: The Thousand|spa|1\n|\n|upkeep\n|turn|34\n|\n|t:|1698519541\n|cant|p1a: The Thousand|ability: Truant\n|move|p2a: Gothitelle|Recycle|p2a: Gothitelle\n|-item|p2a: Gothitelle|Starf Berry|[from] move: Recycle\n|-enditem|p2a: Gothitelle|Starf Berry|[eat]\n|-boost|p2a: Gothitelle|def|2|[from] item: Starf Berry\n|\n|upkeep\n|turn|35\n|\n|t:|1698519552\n|move|p2a: Gothitelle|Protect|p2a: Gothitelle\n|-singleturn|p2a: Gothitelle|Protect\n|move|p1a: The Thousand|Sludge Bomb|p2a: Gothitelle\n|-activate|p2a: Gothitelle|move: Protect\n|\n|upkeep\n|turn|36\n|\n|t:|1698519556\n|cant|p1a: The Thousand|ability: Truant\n|move|p2a: Gothitelle|Recycle|p2a: Gothitelle\n|-item|p2a: Gothitelle|Starf Berry|[from] move: Recycle\n|-enditem|p2a: Gothitelle|Starf Berry|[eat]\n|-boost|p2a: Gothitelle|spe|2|[from] item: Starf Berry\n|\n|upkeep\n|turn|37\n|\n|t:|1698519561\n|move|p2a: Gothitelle|Protect|p2a: Gothitelle\n|-singleturn|p2a: Gothitelle|Protect\n|move|p1a: The Thousand|Meteor Beam||[still]\n|-prepare|p1a: The Thousand|Meteor Beam\n|-boost|p1a: The Thousand|spa|1\n|\n|upkeep\n|turn|38\n|\n|t:|1698519566\n|cant|p1a: The Thousand|ability: Truant\n|move|p2a: Gothitelle|Recycle|p2a: Gothitelle\n|-item|p2a: Gothitelle|Starf Berry|[from] move: Recycle\n|-enditem|p2a: Gothitelle|Starf Berry|[eat]\n|-boost|p2a: Gothitelle|atk|2|[from] item: Starf Berry\n|\n|upkeep\n|turn|39\n|\n|t:|1698519572\n|move|p2a: Gothitelle|Protect|p2a: Gothitelle\n|-singleturn|p2a: Gothitelle|Protect\n|move|p1a: The Thousand|Meteor Beam||[still]\n|-prepare|p1a: The Thousand|Meteor Beam\n|-boost|p1a: The Thousand|spa|1\n|\n|upkeep\n|turn|40\n|\n|t:|1698519574\n|cant|p1a: The Thousand|ability: Truant\n|move|p2a: Gothitelle|Recycle|p2a: Gothitelle\n|-item|p2a: Gothitelle|Starf Berry|[from] move: Recycle\n|-enditem|p2a: Gothitelle|Starf Berry|[eat]\n|-boost|p2a: Gothitelle|atk|2|[from] item: Starf Berry\n|\n|upkeep\n|turn|41\n|\n|t:|1698519580\n|move|p2a: Gothitelle|Protect|p2a: Gothitelle\n|-singleturn|p2a: Gothitelle|Protect\n|move|p1a: The Thousand|Meteor Beam||[still]\n|-prepare|p1a: The Thousand|Meteor Beam\n|-boost|p1a: The Thousand|spa|1\n|\n|upkeep\n|turn|42\n|\n|t:|1698519589\n|cant|p1a: The Thousand|ability: Truant\n|move|p2a: Gothitelle|Recycle|p2a: Gothitelle\n|-item|p2a: Gothitelle|Starf Berry|[from] move: Recycle\n|-enditem|p2a: Gothitelle|Starf Berry|[eat]\n|-boost|p2a: Gothitelle|spe|2|[from] item: Starf Berry\n|\n|upkeep\n|turn|43\n|\n|t:|1698519599\n|move|p2a: Gothitelle|Protect|p2a: Gothitelle\n|-singleturn|p2a: Gothitelle|Protect\n|move|p1a: The Thousand|Sludge Bomb|p2a: Gothitelle\n|-activate|p2a: Gothitelle|move: Protect\n|\n|upkeep\n|turn|44\n|\n|t:|1698519602\n|move|p2a: Gothitelle|Recycle|p2a: Gothitelle\n|-item|p2a: Gothitelle|Starf Berry|[from] move: Recycle\n|-enditem|p2a: Gothitelle|Starf Berry|[eat]\n|-boost|p2a: Gothitelle|spe|2|[from] item: Starf Berry\n|cant|p1a: The Thousand|ability: Truant\n|\n|upkeep\n|turn|45\n|\n|t:|1698519607\n|move|p2a: Gothitelle|Protect|p2a: Gothitelle\n|-singleturn|p2a: Gothitelle|Protect\n|move|p1a: The Thousand|Sludge Bomb|p2a: Gothitelle\n|-activate|p2a: Gothitelle|move: Protect\n|\n|upkeep\n|turn|46\n|\n|t:|1698519613\n|move|p2a: Gothitelle|Dark Pulse|p1a: The Thousand\n|-damage|p1a: The Thousand|30\/100\n|cant|p1a: The Thousand|ability: Truant\n|\n|upkeep\n|turn|47\n|\n|t:|1698519624\n|move|p2a: Gothitelle|Dark Pulse|p1a: The Thousand\n|-damage|p1a: The Thousand|0 fnt\n|faint|p1a: The Thousand\n|\n|upkeep\n|\n|t:|1698519628\n|switch|p1a: SEVERED|Yveltal|100\/100\n|-ability|p1a: SEVERED|Dark Aura\n|turn|48\n|\n|t:|1698519632\n|-terastallize|p2a: Gothitelle|Dark\n|-terastallize|p1a: SEVERED|Dark\n|move|p1a: SEVERED|Sucker Punch|p2a: Gothitelle\n|-resisted|p2a: Gothitelle\n|-activate|p2a: Gothitelle|move: Substitute|[damage]\n|move|p2a: Gothitelle|Dark Pulse|p1a: SEVERED\n|-resisted|p1a: SEVERED\n|-damage|p1a: SEVERED|19\/100\n|\n|upkeep\n|turn|49\n|\n|t:|1698519645\n|move|p1a: SEVERED|Sucker Punch|p2a: Gothitelle\n|-resisted|p2a: Gothitelle\n|-activate|p2a: Gothitelle|move: Substitute|[damage]\n|move|p2a: Gothitelle|Dark Pulse|p1a: SEVERED\n|-resisted|p1a: SEVERED\n|-damage|p1a: SEVERED|0 fnt\n|faint|p1a: SEVERED\n|\n|upkeep\n|\n|t:|1698519652\n|switch|p1a: DIVINE LINK|Arceus-Fairy|100\/100\n|turn|50\n|\n|t:|1698519657\n|move|p2a: Gothitelle|Dark Pulse|p1a: DIVINE LINK\n|-resisted|p1a: DIVINE LINK\n|-damage|p1a: DIVINE LINK|68\/100\n|move|p1a: DIVINE LINK|Judgment|p2a: Gothitelle\n|-supereffective|p2a: Gothitelle\n|-end|p2a: Gothitelle|Substitute\n|\n|upkeep\n|turn|51\n|\n|t:|1698519664\n|move|p2a: Gothitelle|Dark Pulse|p1a: DIVINE LINK\n|-resisted|p1a: DIVINE LINK\n|-damage|p1a: DIVINE LINK|35\/100\n|move|p1a: DIVINE LINK|Judgment|p2a: Gothitelle\n|-supereffective|p2a: Gothitelle\n|-damage|p2a: Gothitelle|1\/100\n|\n|upkeep\n|turn|52\n|\n|t:|1698519671\n|move|p2a: Gothitelle|Dark Pulse|p1a: DIVINE LINK\n|-resisted|p1a: DIVINE LINK\n|-damage|p1a: DIVINE LINK|4\/100\n|cant|p1a: DIVINE LINK|flinch\n|\n|upkeep\n|turn|53\n|\n|t:|1698519678\n|move|p2a: Gothitelle|Dark Pulse|p1a: DIVINE LINK\n|-resisted|p1a: DIVINE LINK\n|-damage|p1a: DIVINE LINK|0 fnt\n|faint|p1a: DIVINE LINK\n|\n|upkeep\n|\n|t:|1698519679\n|switch|p1a: Pudgy|Slurpuff, F, shiny|100\/100\n|turn|54\n|\n|t:|1698519685\n|move|p2a: Gothitelle|Dark Pulse|p1a: Pudgy\n|-resisted|p1a: Pudgy\n|-enditem|p1a: Pudgy|Focus Sash\n|-damage|p1a: Pudgy|1\/100\n|move|p1a: Pudgy|Misty Explosion|p2a: Gothitelle\n|-supereffective|p2a: Gothitelle\n|-damage|p2a: Gothitelle|0 fnt\n|faint|p1a: Pudgy\n|faint|p2a: Gothitelle\n|\n|upkeep\n|c|\u2606JustMonika_CARR|damn\n|c|\u2606Slender235|YOU FOOL\n|c|\u2606JustMonika_CARR|2 hp\n|\n|t:|1698519696\n|switch|p1a: Whitey|Necrozma-Dusk-Mane|100\/100\n|switch|p2a: Deoxys|Deoxys-Speed, shiny|100\/100\n|-ability|p2a: Deoxys|Pressure\n|turn|55\n|\n|t:|1698519704\n|move|p2a: Deoxys|Reflect|p2a: Deoxys\n|-sidestart|p2: JustMonika_CARR|Reflect\n|move|p1a: Whitey|Sunsteel Strike|p2a: Deoxys\n|-damage|p2a: Deoxys|67\/100\n|\n|upkeep\n|turn|56\n|\n|t:|1698519717\n|move|p2a: Deoxys|Light Screen|p2a: Deoxys\n|-sidestart|p2: JustMonika_CARR|move: Light Screen\n|move|p1a: Whitey|Sunsteel Strike|p2a: Deoxys\n|-crit|p2a: Deoxys\n|-damage|p2a: Deoxys|0 fnt\n|faint|p2a: Deoxys\n|\n|upkeep\n|\n|t:|1698519724\n|switch|p2a: Shuckle|Shuckle, M, shiny|100\/100\n|turn|57\n|\n|t:|1698519734\n|move|p1a: Whitey|Toxic|p2a: Shuckle\n|-status|p2a: Shuckle|tox\n|move|p2a: Shuckle|Shell Smash|p2a: Shuckle\n|-boost|p2a: Shuckle|def|1\n|-boost|p2a: Shuckle|spd|1\n|-unboost|p2a: Shuckle|atk|2\n|-unboost|p2a: Shuckle|spa|2\n|-unboost|p2a: Shuckle|spe|2\n|\n|-damage|p2a: Shuckle|94\/100 tox|[from] psn\n|upkeep\n|turn|58\n|\n|t:|1698519743\n|move|p1a: Whitey|Sunsteel Strike|p2a: Shuckle\n|-supereffective|p2a: Shuckle\n|-damage|p2a: Shuckle|72\/100 tox\n|move|p2a: Shuckle|Shell Smash|p2a: Shuckle\n|-boost|p2a: Shuckle|def|1\n|-boost|p2a: Shuckle|spd|1\n|-unboost|p2a: Shuckle|atk|2\n|-unboost|p2a: Shuckle|spa|2\n|-unboost|p2a: Shuckle|spe|2\n|\n|-damage|p2a: Shuckle|60\/100 tox|[from] psn\n|upkeep\n|turn|59\n|\n|t:|1698519753\n|move|p1a: Whitey|Sunsteel Strike|p2a: Shuckle\n|-supereffective|p2a: Shuckle\n|-damage|p2a: Shuckle|45\/100 tox\n|move|p2a: Shuckle|Shell Smash|p2a: Shuckle\n|-boost|p2a: Shuckle|def|1\n|-boost|p2a: Shuckle|spd|1\n|-unboost|p2a: Shuckle|atk|2\n|-unboost|p2a: Shuckle|spa|2\n|-unboost|p2a: Shuckle|spe|2\n|\n|-damage|p2a: Shuckle|27\/100 tox|[from] psn\n|upkeep\n|turn|60\n|\n|t:|1698519764\n|move|p1a: Whitey|Sunsteel Strike|p2a: Shuckle\n|-supereffective|p2a: Shuckle\n|-damage|p2a: Shuckle|13\/100 tox\n|move|p2a: Shuckle|Rest|p2a: Shuckle\n|-status|p2a: Shuckle|slp|[from] move: Rest\n|-heal|p2a: Shuckle|100\/100 slp|[silent]\n|-enditem|p2a: Shuckle|Chesto Berry|[eat]\n|-curestatus|p2a: Shuckle|slp|[msg]\n|\n|upkeep\n|turn|61\n|c|\u2606Slender235|Gg\n|c|\u2606JustMonika_CARR|?\n|\n|t:|1698519780\n|move|p1a: Whitey|Toxic|p2a: Shuckle\n|-status|p2a: Shuckle|tox\n|move|p2a: Shuckle|Shell Smash|p2a: Shuckle\n|-boost|p2a: Shuckle|def|1\n|-boost|p2a: Shuckle|spd|1\n|-unboost|p2a: Shuckle|atk|0\n|-unboost|p2a: Shuckle|spa|0\n|-unboost|p2a: Shuckle|spe|0\n|\n|-damage|p2a: Shuckle|94\/100 tox|[from] psn\n|upkeep\n|turn|62\n|\n|t:|1698519791\n|move|p1a: Whitey|Sunsteel Strike|p2a: Shuckle\n|-supereffective|p2a: Shuckle\n|-damage|p2a: Shuckle|84\/100 tox\n|move|p2a: Shuckle|Shell Smash|p2a: Shuckle\n|-boost|p2a: Shuckle|def|1\n|-boost|p2a: Shuckle|spd|1\n|-unboost|p2a: Shuckle|atk|0\n|-unboost|p2a: Shuckle|spa|0\n|-unboost|p2a: Shuckle|spe|0\n|\n|-damage|p2a: Shuckle|72\/100 tox|[from] psn\n|-sideend|p2: JustMonika_CARR|Reflect\n|upkeep\n|turn|63\n|\n|t:|1698519805\n|move|p1a: Whitey|Stealth Rock|p2a: Shuckle\n|-sidestart|p2: JustMonika_CARR|move: Stealth Rock\n|move|p2a: Shuckle|Infestation|p1a: Whitey\n|-damage|p1a: Whitey|99\/100\n|-activate|p1a: Whitey|move: Infestation|[of] p2a: Shuckle\n|\n|-heal|p1a: Whitey|100\/100|[from] item: Leftovers\n|-damage|p2a: Shuckle|54\/100 tox|[from] psn\n|-damage|p1a: Whitey|88\/100|[from] move: Infestation|[partiallytrapped]\n|-sideend|p2: JustMonika_CARR|move: Light Screen\n|upkeep\n|turn|64\n|\n|t:|1698519814\n|move|p1a: Whitey|Morning Sun|p1a: Whitey\n|-heal|p1a: Whitey|100\/100\n|move|p2a: Shuckle|Rest|p2a: Shuckle\n|-status|p2a: Shuckle|slp|[from] move: Rest\n|-heal|p2a: Shuckle|100\/100 slp|[silent]\n|\n|-damage|p1a: Whitey|88\/100|[from] move: Infestation|[partiallytrapped]\n|upkeep\n|turn|65\n|\n|t:|1698519822\n|move|p1a: Whitey|Stealth Rock||[still]\n|-fail|p1a: Whitey\n|cant|p2a: Shuckle|slp\n|\n|-heal|p1a: Whitey|94\/100|[from] item: Leftovers\n|-damage|p1a: Whitey|82\/100|[from] move: Infestation|[partiallytrapped]\n|upkeep\n|turn|66\n|\n|t:|1698519829\n|move|p1a: Whitey|Stealth Rock||[still]\n|-fail|p1a: Whitey\n|cant|p2a: Shuckle|slp\n|\n|-heal|p1a: Whitey|88\/100|[from] item: Leftovers\n|-damage|p1a: Whitey|76\/100|[from] move: Infestation|[partiallytrapped]\n|upkeep\n|turn|67\n|\n|t:|1698519836\n|move|p1a: Whitey|Stealth Rock||[still]\n|-fail|p1a: Whitey\n|-curestatus|p2a: Shuckle|slp|[msg]\n|move|p2a: Shuckle|Shell Smash|p2a: Shuckle\n|-boost|p2a: Shuckle|def|1\n|-boost|p2a: Shuckle|spd|1\n|-unboost|p2a: Shuckle|atk|0\n|-unboost|p2a: Shuckle|spa|0\n|-unboost|p2a: Shuckle|spe|0\n|\n|-heal|p1a: Whitey|82\/100|[from] item: Leftovers\n|-end|p1a: Whitey|Infestation|[partiallytrapped]\n|upkeep\n|turn|68\n|\n|t:|1698519846\n|move|p1a: Whitey|Toxic|p2a: Shuckle\n|-status|p2a: Shuckle|tox\n|move|p2a: Shuckle|Infestation|p1a: Whitey\n|-damage|p1a: Whitey|81\/100\n|-activate|p1a: Whitey|move: Infestation|[of] p2a: Shuckle\n|\n|-heal|p1a: Whitey|87\/100|[from] item: Leftovers\n|-damage|p2a: Shuckle|94\/100 tox|[from] psn\n|-damage|p1a: Whitey|75\/100|[from] move: Infestation|[partiallytrapped]\n|upkeep\n|turn|69\n|\n|t:|1698519855\n|move|p1a: Whitey|Stealth Rock||[still]\n|-fail|p1a: Whitey\n|move|p2a: Shuckle|Shell Smash|p2a: Shuckle\n|-boost|p2a: Shuckle|def|0\n|-boost|p2a: Shuckle|spd|0\n|-unboost|p2a: Shuckle|atk|0\n|-unboost|p2a: Shuckle|spa|0\n|-unboost|p2a: Shuckle|spe|0\n|\n|-heal|p1a: Whitey|81\/100|[from] item: Leftovers\n|-damage|p2a: Shuckle|82\/100 tox|[from] psn\n|-damage|p1a: Whitey|69\/100|[from] move: Infestation|[partiallytrapped]\n|upkeep\n|turn|70\n|\n|t:|1698519867\n|move|p1a: Whitey|Stealth Rock||[still]\n|-fail|p1a: Whitey\n|move|p2a: Shuckle|Shell Smash|p2a: Shuckle\n|-boost|p2a: Shuckle|def|0\n|-boost|p2a: Shuckle|spd|0\n|-unboost|p2a: Shuckle|atk|0\n|-unboost|p2a: Shuckle|spa|0\n|-unboost|p2a: Shuckle|spe|0\n|\n|-heal|p1a: Whitey|75\/100|[from] item: Leftovers\n|-damage|p2a: Shuckle|64\/100 tox|[from] psn\n|-damage|p1a: Whitey|62\/100|[from] move: Infestation|[partiallytrapped]\n|upkeep\n|turn|71\n|c|\u2606JustMonika_CARR|So, stall battle?\n|\n|t:|1698519879\n|move|p1a: Whitey|Stealth Rock||[still]\n|-fail|p1a: Whitey\n|move|p2a: Shuckle|Shell Smash|p2a: Shuckle\n|-boost|p2a: Shuckle|def|0\n|-boost|p2a: Shuckle|spd|0\n|-unboost|p2a: Shuckle|atk|0\n|-unboost|p2a: Shuckle|spa|0\n|-unboost|p2a: Shuckle|spe|0\n|\n|-heal|p1a: Whitey|69\/100|[from] item: Leftovers\n|-damage|p2a: Shuckle|40\/100 tox|[from] psn\n|-damage|p1a: Whitey|56\/100|[from] move: Infestation|[partiallytrapped]\n|upkeep\n|turn|72\n|\n|t:|1698519895\n|move|p1a: Whitey|Stealth Rock||[still]\n|-fail|p1a: Whitey\n|move|p2a: Shuckle|Shell Smash|p2a: Shuckle\n|-boost|p2a: Shuckle|def|0\n|-boost|p2a: Shuckle|spd|0\n|-unboost|p2a: Shuckle|atk|0\n|-unboost|p2a: Shuckle|spa|0\n|-unboost|p2a: Shuckle|spe|0\n|\n|-heal|p1a: Whitey|62\/100|[from] item: Leftovers\n|-damage|p2a: Shuckle|10\/100 tox|[from] psn\n|-end|p1a: Whitey|Infestation|[partiallytrapped]\n|upkeep\n|turn|73\n|\n|t:|1698519917\n|move|p1a: Whitey|Stealth Rock||[still]\n|-fail|p1a: Whitey\n|move|p2a: Shuckle|Rest|p2a: Shuckle\n|-status|p2a: Shuckle|slp|[from] move: Rest\n|-heal|p2a: Shuckle|100\/100 slp|[silent]\n|\n|-heal|p1a: Whitey|68\/100|[from] item: Leftovers\n|upkeep\n|turn|74\n|\n|t:|1698519925\n|move|p1a: Whitey|Stealth Rock||[still]\n|-fail|p1a: Whitey\n|cant|p2a: Shuckle|slp\n|\n|-heal|p1a: Whitey|74\/100|[from] item: Leftovers\n|upkeep\n|turn|75\n|\n|t:|1698519932\n|move|p1a: Whitey|Stealth Rock||[still]\n|-fail|p1a: Whitey\n|cant|p2a: Shuckle|slp\n|\n|-heal|p1a: Whitey|80\/100|[from] item: Leftovers\n|upkeep\n|turn|76\n|\n|t:|1698519938\n|move|p1a: Whitey|Stealth Rock||[still]\n|-fail|p1a: Whitey\n|-curestatus|p2a: Shuckle|slp|[msg]\n|move|p2a: Shuckle|Infestation|p1a: Whitey\n|-damage|p1a: Whitey|80\/100\n|-activate|p1a: Whitey|move: Infestation|[of] p2a: Shuckle\n|\n|-heal|p1a: Whitey|86\/100|[from] item: Leftovers\n|-damage|p1a: Whitey|74\/100|[from] move: Infestation|[partiallytrapped]\n|upkeep\n|turn|77\n|\n|t:|1698519956\n|move|p1a: Whitey|Toxic|p2a: Shuckle\n|-status|p2a: Shuckle|tox\n|move|p2a: Shuckle|Shell Smash|p2a: Shuckle\n|-boost|p2a: Shuckle|def|0\n|-boost|p2a: Shuckle|spd|0\n|-unboost|p2a: Shuckle|atk|0\n|-unboost|p2a: Shuckle|spa|0\n|-unboost|p2a: Shuckle|spe|0\n|\n|-heal|p1a: Whitey|80\/100|[from] item: Leftovers\n|-damage|p2a: Shuckle|94\/100 tox|[from] psn\n|-damage|p1a: Whitey|68\/100|[from] move: Infestation|[partiallytrapped]\n|upkeep\n|turn|78\n|\n|t:|1698519967\n|move|p1a: Whitey|Stealth Rock||[still]\n|-fail|p1a: Whitey\n|move|p2a: Shuckle|Shell Smash|p2a: Shuckle\n|-boost|p2a: Shuckle|def|0\n|-boost|p2a: Shuckle|spd|0\n|-unboost|p2a: Shuckle|atk|0\n|-unboost|p2a: Shuckle|spa|0\n|-unboost|p2a: Shuckle|spe|0\n|\n|-heal|p1a: Whitey|74\/100|[from] item: Leftovers\n|-damage|p2a: Shuckle|82\/100 tox|[from] psn\n|-damage|p1a: Whitey|61\/100|[from] move: Infestation|[partiallytrapped]\n|upkeep\n|turn|79\n|\n|t:|1698519983\n|move|p1a: Whitey|Stealth Rock||[still]\n|-fail|p1a: Whitey\n|move|p2a: Shuckle|Shell Smash|p2a: Shuckle\n|-boost|p2a: Shuckle|def|0\n|-boost|p2a: Shuckle|spd|0\n|-unboost|p2a: Shuckle|atk|0\n|-unboost|p2a: Shuckle|spa|0\n|-unboost|p2a: Shuckle|spe|0\n|\n|-heal|p1a: Whitey|67\/100|[from] item: Leftovers\n|-damage|p2a: Shuckle|64\/100 tox|[from] psn\n|-damage|p1a: Whitey|55\/100|[from] move: Infestation|[partiallytrapped]\n|upkeep\n|turn|80\n|\n|t:|1698519995\n|move|p1a: Whitey|Stealth Rock||[still]\n|-fail|p1a: Whitey\n|move|p2a: Shuckle|Shell Smash|p2a: Shuckle\n|-boost|p2a: Shuckle|def|0\n|-boost|p2a: Shuckle|spd|0\n|-unboost|p2a: Shuckle|atk|0\n|-unboost|p2a: Shuckle|spa|0\n|-unboost|p2a: Shuckle|spe|0\n|\n|-heal|p1a: Whitey|61\/100|[from] item: Leftovers\n|-damage|p2a: Shuckle|40\/100 tox|[from] psn\n|-end|p1a: Whitey|Infestation|[partiallytrapped]\n|upkeep\n|turn|81\n|\n|t:|1698520005\n|move|p1a: Whitey|Stealth Rock||[still]\n|-fail|p1a: Whitey\n|move|p2a: Shuckle|Infestation|p1a: Whitey\n|-crit|p1a: Whitey\n|-damage|p1a: Whitey|59\/100\n|-activate|p1a: Whitey|move: Infestation|[of] p2a: Shuckle\n|\n|-heal|p1a: Whitey|65\/100|[from] item: Leftovers\n|-damage|p2a: Shuckle|10\/100 tox|[from] psn\n|-damage|p1a: Whitey|52\/100|[from] move: Infestation|[partiallytrapped]\n|upkeep\n|turn|82\n|\n|t:|1698520014\n|move|p1a: Whitey|Stealth Rock||[still]\n|-fail|p1a: Whitey\n|move|p2a: Shuckle|Rest|p2a: Shuckle\n|-status|p2a: Shuckle|slp|[from] move: Rest\n|-heal|p2a: Shuckle|100\/100 slp|[silent]\n|\n|-heal|p1a: Whitey|58\/100|[from] item: Leftovers\n|-damage|p1a: Whitey|46\/100|[from] move: Infestation|[partiallytrapped]\n|upkeep\n|turn|83\n|\n|t:|1698520022\n|move|p1a: Whitey|Morning Sun|p1a: Whitey\n|-heal|p1a: Whitey|96\/100\n|cant|p2a: Shuckle|slp\n|\n|-heal|p1a: Whitey|100\/100|[from] item: Leftovers\n|-damage|p1a: Whitey|88\/100|[from] move: Infestation|[partiallytrapped]\n|upkeep\n|turn|84\n|\n|t:|1698520030\n|move|p1a: Whitey|Stealth Rock||[still]\n|-fail|p1a: Whitey\n|cant|p2a: Shuckle|slp\n|\n|-heal|p1a: Whitey|94\/100|[from] item: Leftovers\n|-damage|p1a: Whitey|82\/100|[from] move: Infestation|[partiallytrapped]\n|upkeep\n|turn|85\n|\n|t:|1698520037\n|move|p1a: Whitey|Stealth Rock||[still]\n|-fail|p1a: Whitey\n|-curestatus|p2a: Shuckle|slp|[msg]\n|move|p2a: Shuckle|Shell Smash|p2a: Shuckle\n|-boost|p2a: Shuckle|def|0\n|-boost|p2a: Shuckle|spd|0\n|-unboost|p2a: Shuckle|atk|0\n|-unboost|p2a: Shuckle|spa|0\n|-unboost|p2a: Shuckle|spe|0\n|\n|-heal|p1a: Whitey|88\/100|[from] item: Leftovers\n|-end|p1a: Whitey|Infestation|[partiallytrapped]\n|upkeep\n|turn|86\n|\n|t:|1698520056\n|move|p1a: Whitey|Toxic|p2a: Shuckle|[miss]\n|-miss|p1a: Whitey|p2a: Shuckle\n|move|p2a: Shuckle|Infestation|p1a: Whitey\n|-damage|p1a: Whitey|88\/100\n|-activate|p1a: Whitey|move: Infestation|[of] p2a: Shuckle\n|\n|-heal|p1a: Whitey|94\/100|[from] item: Leftovers\n|-damage|p1a: Whitey|81\/100|[from] move: Infestation|[partiallytrapped]\n|upkeep\n|turn|87\n|c|\u2606JustMonika_CARR|Hmmm\n|c|\u2606JustMonika_CARR|I'll likely lose\n|\n|t:|1698520070\n|move|p1a: Whitey|Toxic|p2a: Shuckle\n|-status|p2a: Shuckle|tox\n|move|p2a: Shuckle|Shell Smash|p2a: Shuckle\n|-boost|p2a: Shuckle|def|0\n|-boost|p2a: Shuckle|spd|0\n|-unboost|p2a: Shuckle|atk|0\n|-unboost|p2a: Shuckle|spa|0\n|-unboost|p2a: Shuckle|spe|0\n|\n|-heal|p1a: Whitey|87\/100|[from] item: Leftovers\n|-damage|p2a: Shuckle|94\/100 tox|[from] psn\n|-damage|p1a: Whitey|75\/100|[from] move: Infestation|[partiallytrapped]\n|upkeep\n|turn|88\n|\n|t:|1698520082\n|move|p1a: Whitey|Stealth Rock||[still]\n|-fail|p1a: Whitey\n|move|p2a: Shuckle|Infestation|p1a: Whitey\n|-damage|p1a: Whitey|75\/100\n|\n|-heal|p1a: Whitey|81\/100|[from] item: Leftovers\n|-damage|p2a: Shuckle|82\/100 tox|[from] psn\n|-damage|p1a: Whitey|69\/100|[from] move: Infestation|[partiallytrapped]\n|upkeep\n|turn|89\n|c|\u2606Slender235|I realise that you are just giving me false hope but im stubborn so to win you're gonna have to sit through this\n|inactive|Slender235 has 120 seconds left.\n|\n|t:|1698520114\n|move|p1a: Whitey|Stealth Rock||[still]\n|-fail|p1a: Whitey\n|move|p2a: Shuckle|Shell Smash|p2a: Shuckle\n|-boost|p2a: Shuckle|def|0\n|-boost|p2a: Shuckle|spd|0\n|-unboost|p2a: Shuckle|atk|0\n|-unboost|p2a: Shuckle|spa|0\n|-unboost|p2a: Shuckle|spe|0\n|\n|-heal|p1a: Whitey|75\/100|[from] item: Leftovers\n|-damage|p2a: Shuckle|64\/100 tox|[from] psn\n|-damage|p1a: Whitey|62\/100|[from] move: Infestation|[partiallytrapped]\n|upkeep\n|turn|90\n|c|\u2606JustMonika_CARR|Not really\n|c|\u2606JustMonika_CARR|I'm stubborn too\n|c|\u2606JustMonika_CARR|If the chance isn't 0, I'll try\n|\n|t:|1698520143\n|move|p1a: Whitey|Stealth Rock||[still]\n|-fail|p1a: Whitey\n|move|p2a: Shuckle|Shell Smash|p2a: Shuckle\n|-boost|p2a: Shuckle|def|0\n|-boost|p2a: Shuckle|spd|0\n|-unboost|p2a: Shuckle|atk|0\n|-unboost|p2a: Shuckle|spa|0\n|-unboost|p2a: Shuckle|spe|0\n|\n|-heal|p1a: Whitey|68\/100|[from] item: Leftovers\n|-damage|p2a: Shuckle|40\/100 tox|[from] psn\n|-end|p1a: Whitey|Infestation|[partiallytrapped]\n|upkeep\n|turn|91\n|c|\u2606Slender235|Same\n|inactive|JustMonika_CARR has 120 seconds left.\n|\n|t:|1698520153\n|move|p1a: Whitey|Stealth Rock||[still]\n|-fail|p1a: Whitey\n|move|p2a: Shuckle|Infestation|p1a: Whitey\n|-damage|p1a: Whitey|68\/100\n|-activate|p1a: Whitey|move: Infestation|[of] p2a: Shuckle\n|\n|-heal|p1a: Whitey|74\/100|[from] item: Leftovers\n|-damage|p2a: Shuckle|10\/100 tox|[from] psn\n|-damage|p1a: Whitey|62\/100|[from] move: Infestation|[partiallytrapped]\n|upkeep\n|turn|92\n|inactive|JustMonika_CARR has 120 seconds left.\n|\n|t:|1698520162\n|move|p1a: Whitey|Stealth Rock||[still]\n|-fail|p1a: Whitey\n|move|p2a: Shuckle|Rest|p2a: Shuckle\n|-status|p2a: Shuckle|slp|[from] move: Rest\n|-heal|p2a: Shuckle|100\/100 slp|[silent]\n|\n|-heal|p1a: Whitey|68\/100|[from] item: Leftovers\n|-damage|p1a: Whitey|55\/100|[from] move: Infestation|[partiallytrapped]\n|upkeep\n|turn|93\n|inactive|JustMonika_CARR has 120 seconds left.\n|\n|t:|1698520172\n|move|p1a: Whitey|Stealth Rock||[still]\n|-fail|p1a: Whitey\n|cant|p2a: Shuckle|slp\n|\n|-heal|p1a: Whitey|61\/100|[from] item: Leftovers\n|-damage|p1a: Whitey|49\/100|[from] move: Infestation|[partiallytrapped]\n|upkeep\n|turn|94\n|inactive|JustMonika_CARR has 120 seconds left.\n|\n|t:|1698520179\n|move|p1a: Whitey|Stealth Rock||[still]\n|-fail|p1a: Whitey\n|cant|p2a: Shuckle|slp\n|\n|-heal|p1a: Whitey|55\/100|[from] item: Leftovers\n|-damage|p1a: Whitey|43\/100|[from] move: Infestation|[partiallytrapped]\n|upkeep\n|turn|95\n|inactive|JustMonika_CARR has 120 seconds left.\n|\n|t:|1698520187\n|move|p1a: Whitey|Morning Sun|p1a: Whitey\n|-heal|p1a: Whitey|93\/100\n|-curestatus|p2a: Shuckle|slp|[msg]\n|move|p2a: Shuckle|Shell Smash|p2a: Shuckle\n|-boost|p2a: Shuckle|def|0\n|-boost|p2a: Shuckle|spd|0\n|-unboost|p2a: Shuckle|atk|0\n|-unboost|p2a: Shuckle|spa|0\n|-unboost|p2a: Shuckle|spe|0\n|\n|-heal|p1a: Whitey|99\/100|[from] item: Leftovers\n|-damage|p1a: Whitey|86\/100|[from] move: Infestation|[partiallytrapped]\n|upkeep\n|turn|96\n|inactive|JustMonika_CARR has 120 seconds left.\n|\n|t:|1698520201\n|move|p1a: Whitey|Stealth Rock||[still]\n|-fail|p1a: Whitey\n|move|p2a: Shuckle|Shell Smash|p2a: Shuckle\n|-boost|p2a: Shuckle|def|0\n|-boost|p2a: Shuckle|spd|0\n|-unboost|p2a: Shuckle|atk|0\n|-unboost|p2a: Shuckle|spa|0\n|-unboost|p2a: Shuckle|spe|0\n|\n|-heal|p1a: Whitey|92\/100|[from] item: Leftovers\n|-end|p1a: Whitey|Infestation|[partiallytrapped]\n|upkeep\n|turn|97\n|\n|t:|1698520210\n|move|p1a: Whitey|Stealth Rock||[still]\n|-fail|p1a: Whitey\n|move|p2a: Shuckle|Infestation|p1a: Whitey\n|-damage|p1a: Whitey|92\/100\n|-activate|p1a: Whitey|move: Infestation|[of] p2a: Shuckle\n|\n|-heal|p1a: Whitey|98\/100|[from] item: Leftovers\n|-damage|p1a: Whitey|86\/100|[from] move: Infestation|[partiallytrapped]\n|upkeep\n|turn|98\n|\n|t:|1698520218\n|move|p1a: Whitey|Toxic|p2a: Shuckle\n|-status|p2a: Shuckle|tox\n|move|p2a: Shuckle|Shell Smash|p2a: Shuckle\n|-boost|p2a: Shuckle|def|0\n|-boost|p2a: Shuckle|spd|0\n|-unboost|p2a: Shuckle|atk|0\n|-unboost|p2a: Shuckle|spa|0\n|-unboost|p2a: Shuckle|spe|0\n|\n|-heal|p1a: Whitey|92\/100|[from] item: Leftovers\n|-damage|p2a: Shuckle|94\/100 tox|[from] psn\n|-damage|p1a: Whitey|80\/100|[from] move: Infestation|[partiallytrapped]\n|upkeep\n|turn|99\n|j| Toon_13\n|\n|t:|1698520230\n|move|p1a: Whitey|Stealth Rock||[still]\n|-fail|p1a: Whitey\n|move|p2a: Shuckle|Shell Smash|p2a: Shuckle\n|-boost|p2a: Shuckle|def|0\n|-boost|p2a: Shuckle|spd|0\n|-unboost|p2a: Shuckle|atk|0\n|-unboost|p2a: Shuckle|spa|0\n|-unboost|p2a: Shuckle|spe|0\n|\n|-heal|p1a: Whitey|86\/100|[from] item: Leftovers\n|-damage|p2a: Shuckle|82\/100 tox|[from] psn\n|-damage|p1a: Whitey|73\/100|[from] move: Infestation|[partiallytrapped]\n|upkeep\n|turn|100\n|c|\u2606Slender235|Toon you dont wanna be here trust me\n|\n|t:|1698520248\n|move|p1a: Whitey|Stealth Rock||[still]\n|-fail|p1a: Whitey\n|move|p2a: Shuckle|Shell Smash|p2a: Shuckle\n|-boost|p2a: Shuckle|def|0\n|-boost|p2a: Shuckle|spd|0\n|-unboost|p2a: Shuckle|atk|0\n|-unboost|p2a: Shuckle|spa|0\n|-unboost|p2a: Shuckle|spe|0\n|\n|-heal|p1a: Whitey|79\/100|[from] item: Leftovers\n|-damage|p2a: Shuckle|64\/100 tox|[from] psn\n|-damage|p1a: Whitey|67\/100|[from] move: Infestation|[partiallytrapped]\n|upkeep\n|turn|101\n|\n|t:|1698520261\n|move|p1a: Whitey|Stealth Rock||[still]\n|-fail|p1a: Whitey\n|move|p2a: Shuckle|Shell Smash|p2a: Shuckle\n|-boost|p2a: Shuckle|def|0\n|-boost|p2a: Shuckle|spd|0\n|-unboost|p2a: Shuckle|atk|0\n|-unboost|p2a: Shuckle|spa|0\n|-unboost|p2a: Shuckle|spe|0\n|\n|-heal|p1a: Whitey|73\/100|[from] item: Leftovers\n|-damage|p2a: Shuckle|40\/100 tox|[from] psn\n|-end|p1a: Whitey|Infestation|[partiallytrapped]\n|upkeep\n|turn|102\n|inactive|Slender235 has 120 seconds left.\n|\n|t:|1698520276\n|switch|p1a: Guardian|Salamence-Mega, M|12\/100\n|move|p2a: Shuckle|Infestation|p1a: Guardian\n|-resisted|p1a: Guardian\n|-damage|p1a: Guardian|12\/100\n|-activate|p1a: Guardian|move: Infestation|[of] p2a: Shuckle\n|\n|-damage|p2a: Shuckle|10\/100 tox|[from] psn\n|-damage|p1a: Guardian|0 fnt|[from] move: Infestation|[partiallytrapped]\n|faint|p1a: Guardian\n|upkeep\n|inactive|Slender235 has 120 seconds left.\n|\n|t:|1698520283\n|switch|p1a: Whitey|Necrozma-Dusk-Mane|73\/100\n|turn|103\n|\n|t:|1698520286\n|move|p1a: Whitey|Stealth Rock||[still]\n|-fail|p1a: Whitey\n|move|p2a: Shuckle|Rest|p2a: Shuckle\n|-status|p2a: Shuckle|slp|[from] move: Rest\n|-heal|p2a: Shuckle|100\/100 slp|[silent]\n|\n|-heal|p1a: Whitey|79\/100|[from] item: Leftovers\n|upkeep\n|turn|104\n|c|\u2606JustMonika_CARR|hmmm...\n|\n|t:|1698520295\n|move|p1a: Whitey|Toxic||[still]\n|-fail|p1a: Whitey\n|cant|p2a: Shuckle|slp\n|\n|-heal|p1a: Whitey|85\/100|[from] item: Leftovers\n|upkeep\n|turn|105\n|inactive|Slender235 has 120 seconds left.\n|\n|t:|1698520306\n|move|p1a: Whitey|Toxic||[still]\n|-fail|p1a: Whitey\n|cant|p2a: Shuckle|slp\n|\n|-heal|p1a: Whitey|91\/100|[from] item: Leftovers\n|upkeep\n|turn|106\n|inactive|Slender235 has 120 seconds left.\n|\n|t:|1698520315\n|move|p1a: Whitey|Toxic||[still]\n|-fail|p1a: Whitey\n|-curestatus|p2a: Shuckle|slp|[msg]\n|move|p2a: Shuckle|Infestation|p1a: Whitey\n|-damage|p1a: Whitey|91\/100\n|-activate|p1a: Whitey|move: Infestation|[of] p2a: Shuckle\n|\n|-heal|p1a: Whitey|97\/100|[from] item: Leftovers\n|-damage|p1a: Whitey|85\/100|[from] move: Infestation|[partiallytrapped]\n|upkeep\n|turn|107\n|inactive|Slender235 has 120 seconds left.\n|l| Toon_13\n|\n|t:|1698520325\n|move|p1a: Whitey|Toxic|p2a: Shuckle|[miss]\n|-miss|p1a: Whitey|p2a: Shuckle\n|move|p2a: Shuckle|Infestation|p1a: Whitey\n|-damage|p1a: Whitey|84\/100\n|\n|-heal|p1a: Whitey|90\/100|[from] item: Leftovers\n|-damage|p1a: Whitey|78\/100|[from] move: Infestation|[partiallytrapped]\n|upkeep\n|turn|108\n|inactive|Slender235 has 120 seconds left.\n|c|\u2606Slender235|Words cannot describe how much I hate france right now\n|\n|t:|1698520343\n|move|p1a: Whitey|Toxic|p2a: Shuckle\n|-status|p2a: Shuckle|tox\n|move|p2a: Shuckle|Toxic|p1a: Whitey\n|-immune|p1a: Whitey\n|\n|-heal|p1a: Whitey|84\/100|[from] item: Leftovers\n|-damage|p2a: Shuckle|94\/100 tox|[from] psn\n|-damage|p1a: Whitey|72\/100|[from] move: Infestation|[partiallytrapped]\n|upkeep\n|turn|109\n|c|\u2606JustMonika_CARR|Why france?\n|\n|t:|1698520355\n|move|p1a: Whitey|Toxic|p2a: Shuckle\n|-fail|p2a: Shuckle|tox\n|move|p2a: Shuckle|Toxic|p1a: Whitey\n|-immune|p1a: Whitey\n|\n|-heal|p1a: Whitey|78\/100|[from] item: Leftovers\n|-damage|p2a: Shuckle|82\/100 tox|[from] psn\n|-damage|p1a: Whitey|65\/100|[from] move: Infestation|[partiallytrapped]\n|upkeep\n|turn|110\n|c|\u2606Slender235|Words cannot describe how much I hate france right now\n|\n|t:|1698520371\n|move|p1a: Whitey|Toxic|p2a: Shuckle\n|-fail|p2a: Shuckle|tox\n|move|p2a: Shuckle|Toxic|p1a: Whitey\n|-immune|p1a: Whitey\n|\n|-heal|p1a: Whitey|72\/100|[from] item: Leftovers\n|-damage|p2a: Shuckle|64\/100 tox|[from] psn\n|-end|p1a: Whitey|Infestation|[partiallytrapped]\n|upkeep\n|turn|111\n|c|\u2606Slender235|Words cannot describe how much I hate france right now\n|c|\u2606Slender235|Words cannot describe how much I hate france right now\n|c|\u2606Slender235|Words cannot describe\n|inactive|Slender235 has 90 seconds left.\n|c|\u2606Slender235|Worfs\n|c|\u2606Slender235|Ks\n|c|\u2606Slender235|Sk\n|\n|t:|1698520393\n|move|p1a: Whitey|Toxic|p2a: Shuckle\n|-fail|p2a: Shuckle|tox\n|move|p2a: Shuckle|Infestation|p1a: Whitey\n|-damage|p1a: Whitey|71\/100\n|-activate|p1a: Whitey|move: Infestation|[of] p2a: Shuckle\n|\n|-heal|p1a: Whitey|77\/100|[from] item: Leftovers\n|-damage|p2a: Shuckle|40\/100 tox|[from] psn\n|-damage|p1a: Whitey|65\/100|[from] move: Infestation|[partiallytrapped]\n|upkeep\n|turn|112\n|\n|t:|1698520404\n|move|p1a: Whitey|Morning Sun|p1a: Whitey\n|-heal|p1a: Whitey|100\/100\n|move|p2a: Shuckle|Toxic|p1a: Whitey\n|-immune|p1a: Whitey\n|\n|-damage|p2a: Shuckle|10\/100 tox|[from] psn\n|-damage|p1a: Whitey|88\/100|[from] move: Infestation|[partiallytrapped]\n|upkeep\n|turn|113\n|\n|t:|1698520413\n|move|p1a: Whitey|Morning Sun|p1a: Whitey\n|-heal|p1a: Whitey|100\/100\n|move|p2a: Shuckle|Rest|p2a: Shuckle\n|-status|p2a: Shuckle|slp|[from] move: Rest\n|-heal|p2a: Shuckle|100\/100 slp|[silent]\n|\n|-damage|p1a: Whitey|88\/100|[from] move: Infestation|[partiallytrapped]\n|upkeep\n|turn|114\n|\n|t:|1698520422\n|move|p1a: Whitey|Morning Sun|p1a: Whitey\n|-heal|p1a: Whitey|100\/100\n|cant|p2a: Shuckle|slp\n|\n|-damage|p1a: Whitey|88\/100|[from] move: Infestation|[partiallytrapped]\n|upkeep\n|turn|115\n|\n|t:|1698520429\n|move|p1a: Whitey|Morning Sun|p1a: Whitey\n|-heal|p1a: Whitey|100\/100\n|cant|p2a: Shuckle|slp\n|\n|-damage|p1a: Whitey|88\/100|[from] move: Infestation|[partiallytrapped]\n|upkeep\n|turn|116\n|\n|t:|1698520438\n|move|p1a: Whitey|Morning Sun|p1a: Whitey\n|-heal|p1a: Whitey|100\/100\n|-curestatus|p2a: Shuckle|slp|[msg]\n|move|p2a: Shuckle|Toxic|p1a: Whitey\n|-immune|p1a: Whitey\n|\n|-end|p1a: Whitey|Infestation|[partiallytrapped]\n|upkeep\n|turn|117\n|\n|t:|1698520445\n|move|p1a: Whitey|Toxic|p2a: Shuckle\n|-status|p2a: Shuckle|tox\n|move|p2a: Shuckle|Infestation|p1a: Whitey\n|-crit|p1a: Whitey\n|-damage|p1a: Whitey|98\/100\n|-activate|p1a: Whitey|move: Infestation|[of] p2a: Shuckle\n|\n|-heal|p1a: Whitey|100\/100|[from] item: Leftovers\n|-damage|p2a: Shuckle|94\/100 tox|[from] psn\n|-damage|p1a: Whitey|88\/100|[from] move: Infestation|[partiallytrapped]\n|upkeep\n|turn|118\n|c|\u2606JustMonika_CARR|Ok, guess I win\n|c|\u2606Slender235|well its joever\n|c|\u2606Slender235|Gg\n|c|\u2606JustMonika_CARR|I thought I'd lose\n|\n|t:|1698520460\n|-activate|p1a: Whitey|move: Struggle\n|move|p1a: Whitey|Struggle|p2a: Shuckle\n|-damage|p2a: Shuckle|92\/100 tox\n|-damage|p1a: Whitey|63\/100|[from] recoil\n|move|p2a: Shuckle|Toxic|p1a: Whitey|[miss]\n|-miss|p2a: Shuckle|p1a: Whitey\n|\n|-heal|p1a: Whitey|69\/100|[from] item: Leftovers\n|-damage|p2a: Shuckle|80\/100 tox|[from] psn\n|-damage|p1a: Whitey|57\/100|[from] move: Infestation|[partiallytrapped]\n|upkeep\n|turn|119\n|c|\u2606Slender235|I mightve thrown idk\n|inactive|JustMonika_CARR has 90 seconds left.\n|\n|t:|1698520475\n|-activate|p1a: Whitey|move: Struggle\n|move|p1a: Whitey|Struggle|p2a: Shuckle\n|-damage|p2a: Shuckle|77\/100 tox\n|-damage|p1a: Whitey|32\/100|[from] recoil\n|move|p2a: Shuckle|Infestation|p1a: Whitey\n|-damage|p1a: Whitey|32\/100\n|\n|-heal|p1a: Whitey|38\/100|[from] item: Leftovers\n|-damage|p2a: Shuckle|59\/100 tox|[from] psn\n|-damage|p1a: Whitey|25\/100|[from] move: Infestation|[partiallytrapped]\n|upkeep\n|turn|120\n|inactive|JustMonika_CARR has 90 seconds left.\n|\n|t:|1698520486\n|-activate|p1a: Whitey|move: Struggle\n|move|p1a: Whitey|Struggle|p2a: Shuckle\n|-damage|p2a: Shuckle|56\/100 tox\n|-damage|p1a: Whitey|0 fnt|[from] recoil\n|faint|p1a: Whitey\n|\n|win|JustMonika_CARR\n|raw|Slender235's rating: 1476 &rarr; <strong>1456<\/strong><br \/>(-20 for losing)\n|raw|JustMonika_CARR's rating: 1478 &rarr; <strong>1498<\/strong><br \/>(+20 for winning)\n|c|\u2606JustMonika_CARR|gg\n|c|\u2606Slender235|See you in hell\n|c|\u2606Slender235|Gg\n","uploadtime":1698520494,"views":7,"p1id":"slender235","p2id":"justmonikacarr","formatid":"gen9nationaldexubers","rating":1456,"private":0,"password":""}