{"id":"gen9nationaldexubers-1998498554","p1":"somerandomyash2","p2":"springamogus","format":"[Gen 9] National Dex Ubers","log":"|j|\u2606somerandomyash2\n|j|\u2606springamogus\n|t:|1700949164\n|gametype|singles\n|player|p1|somerandomyash2|102|\n|player|p2|springamogus|hilda-masters3|\n|teamsize|p1|6\n|teamsize|p2|6\n|gen|9\n|tier|[Gen 9] National Dex Ubers\n|rule|HP Percentage Mod: HP is shown in percentages\n|rule|Endless Battle Clause: Forcing endless battles is banned\n|rule|OHKO Clause: OHKO moves are banned\n|rule|Evasion Moves Clause: Evasion moves are banned\n|rule|Evasion Items Clause: Evasion items are banned\n|rule|Species Clause: Limit one of each Pok\u00e9mon\n|rule|Sleep Clause Mod: Limit one foe put to sleep\n|rule|Mega Rayquaza Clause: You cannot mega evolve Rayquaza\n|clearpoke\n|poke|p1|Greninja-*, M|\n|poke|p1|Charizard, F|\n|poke|p1|Lucario, F|\n|poke|p1|Blaziken, M|\n|poke|p1|Gengar, F|\n|poke|p1|Gardevoir, F|\n|poke|p2|Chi-Yu|\n|poke|p2|Arceus|\n|poke|p2|Lucario, M|\n|poke|p2|Dracovish|\n|poke|p2|Pelipper, F|\n|poke|p2|Espathra, M|\n|teampreview\n|\n|t:|1700949196\n|start\n|switch|p1a: Gengar|Gengar, F|100\/100\n|switch|p2a: Chi-Yu|Chi-Yu|100\/100\n|-ability|p2a: Chi-Yu|Beads of Ruin\n|turn|1\n|\n|t:|1700949209\n|-terastallize|p1a: Gengar|Ghost\n|move|p2a: Chi-Yu|Dark Pulse|p1a: Gengar\n|-supereffective|p1a: Gengar\n|-damage|p1a: Gengar|0 fnt\n|-start|p2a: Chi-Yu|Disable|Dark Pulse|[from] ability: Cursed Body|[of] p1a: Gengar\n|faint|p1a: Gengar\n|\n|upkeep\n|\n|t:|1700949218\n|switch|p1a: Gardevoir|Gardevoir, F|100\/100\n|turn|2\n|\n|t:|1700949223\n|switch|p2a: Pelipper|Pelipper, F|100\/100\n|-weather|RainDance|[from] ability: Drizzle|[of] p2a: Pelipper\n|detailschange|p1a: Gardevoir|Gardevoir-Mega, F\n|-mega|p1a: Gardevoir|Gardevoir|Gardevoirite\n|move|p1a: Gardevoir|Moonblast|p2a: Pelipper\n|-damage|p2a: Pelipper|13\/100\n|\n|-weather|RainDance|[upkeep]\n|-heal|p2a: Pelipper|19\/100|[from] item: Leftovers\n|upkeep\n|turn|3\n|\n|t:|1700949241\n|move|p1a: Gardevoir|Dazzling Gleam|p2a: Pelipper\n|-damage|p2a: Pelipper|0 fnt\n|faint|p2a: Pelipper\n|\n|-weather|RainDance|[upkeep]\n|upkeep\n|\n|t:|1700949270\n|switch|p2a: Dracovish|Dracovish|100\/100\n|turn|4\n|\n|t:|1700949284\n|-terastallize|p2a: Dracovish|Water\n|move|p2a: Dracovish|Fishious Rend|p1a: Gardevoir\n|-damage|p1a: Gardevoir|0 fnt\n|faint|p1a: Gardevoir\n|\n|-weather|RainDance|[upkeep]\n|upkeep\n|\n|t:|1700949304\n|switch|p1a: Charizard|Charizard, F|100\/100\n|turn|5\n|\n|t:|1700949309\n|move|p2a: Dracovish|Fishious Rend|p1a: Charizard\n|-supereffective|p1a: Charizard\n|-damage|p1a: Charizard|0 fnt\n|faint|p1a: Charizard\n|\n|-weather|RainDance|[upkeep]\n|upkeep\n|\n|t:|1700949322\n|switch|p1a: Lucario|Lucario, F|100\/100\n|turn|6\n|\n|t:|1700949331\n|move|p2a: Dracovish|Fishious Rend|p1a: Lucario\n|-damage|p1a: Lucario|0 fnt\n|faint|p1a: Lucario\n|\n|-weather|none\n|upkeep\n|\n|t:|1700949337\n|switch|p1a: Greninja|Greninja, M|100\/100\n|turn|7\n|\n|t:|1700949347\n|move|p2a: Dracovish|Fishious Rend|p1a: Greninja\n|-resisted|p1a: Greninja\n|-damage|p1a: Greninja|0 fnt\n|faint|p1a: Greninja\n|\n|upkeep\n|\n|t:|1700949379\n|switch|p1a: Blaziken|Blaziken, M|100\/100\n|turn|8\n|\n|t:|1700949387\n|move|p2a: Dracovish|Fishious Rend|p1a: Blaziken\n|-supereffective|p1a: Blaziken\n|-damage|p1a: Blaziken|0 fnt\n|faint|p1a: Blaziken\n|\n|win|springamogus\n|l|\u2606springamogus\n|l|\u2606somerandomyash2\n|j|\u2606somerandomyash2\n|player|p1|somerandomyash2|102\n|l|\u2606somerandomyash2\n|player|p1|\n|j|\u2606springamogus\n|player|p2|springamogus|hilda-masters3\n","uploadtime":1700949917,"views":5,"p1id":"somerandomyash2","p2id":"springamogus","formatid":"gen9nationaldexubers","rating":0,"private":0,"password":""}