{"id":"gen9nationaldexubers-1985000670","p1":"Dragonsbanisher971","p2":"Fallsdownstairs13","format":"[Gen 9] National Dex Ubers","log":"|j|\u2606Dragonsbanisher971\n|j|\u2606Fallsdownstairs13\n|t:|1699319324\n|gametype|singles\n|player|p1|Dragonsbanisher971|1|1024\n|player|p2|Fallsdownstairs13|winona|1047\n|teamsize|p1|6\n|teamsize|p2|6\n|gen|9\n|tier|[Gen 9] National Dex Ubers\n|rated|\n|rule|HP Percentage Mod: HP is shown in percentages\n|rule|Endless Battle Clause: Forcing endless battles is banned\n|rule|OHKO Clause: OHKO moves are banned\n|rule|Evasion Moves Clause: Evasion moves are banned\n|rule|Evasion Items Clause: Evasion items are banned\n|rule|Species Clause: Limit one of each Pok\u00e9mon\n|rule|Sleep Clause Mod: Limit one foe put to sleep\n|rule|Mega Rayquaza Clause: You cannot mega evolve Rayquaza\n|clearpoke\n|poke|p1|Cloyster, M|\n|poke|p1|Baxcalibur, F|\n|poke|p1|Arbok, M|\n|poke|p1|Greninja-*, M|\n|poke|p1|Breloom, M|\n|poke|p1|Fezandipiti, M|\n|poke|p2|Mawile, M|\n|poke|p2|Gliscor, M|\n|poke|p2|Cinccino, M|\n|poke|p2|Volcarona, F|\n|poke|p2|Cradily, M|\n|poke|p2|Espeon, M|\n|teampreview\n|\n|t:|1699319329\n|start\n|switch|p1a: Fezandipiti|Fezandipiti, M|100\/100\n|switch|p2a: Espeon|Espeon, M|100\/100\n|turn|1\n|\n|t:|1699319336\n|move|p2a: Espeon|Light Screen|p2a: Espeon\n|-sidestart|p2: Fallsdownstairs13|move: Light Screen\n|move|p1a: Fezandipiti|Tailwind|p1a: Fezandipiti\n|-sidestart|p1: Dragonsbanisher971|move: Tailwind\n|\n|upkeep\n|turn|2\n|\n|t:|1699319341\n|move|p1a: Fezandipiti|Swords Dance|p1a: Fezandipiti\n|-boost|p1a: Fezandipiti|atk|2\n|move|p2a: Espeon|Reflect|p2a: Espeon\n|-sidestart|p2: Fallsdownstairs13|Reflect\n|\n|upkeep\n|turn|3\n|\n|t:|1699319349\n|move|p1a: Fezandipiti|Tail Slap|p2a: Espeon|[miss]\n|-miss|p1a: Fezandipiti|p2a: Espeon\n|move|p2a: Espeon|Hyper Voice|p1a: Fezandipiti\n|-damage|p1a: Fezandipiti|77\/100\n|\n|upkeep\n|turn|4\n|\n|t:|1699319357\n|move|p1a: Fezandipiti|Tail Slap|p2a: Espeon\n|-damage|p2a: Espeon|86\/100\n|-damage|p2a: Espeon|71\/100\n|-damage|p2a: Espeon|56\/100\n|-damage|p2a: Espeon|39\/100\n|-damage|p2a: Espeon|23\/100\n|-hitcount|p2a: Espeon|5\n|move|p2a: Espeon|Hyper Voice|p1a: Fezandipiti\n|-damage|p1a: Fezandipiti|54\/100\n|\n|-sideend|p1: Dragonsbanisher971|move: Tailwind\n|upkeep\n|turn|5\n|\n|t:|1699319369\n|move|p2a: Espeon|Wish|p2a: Espeon\n|move|p1a: Fezandipiti|Tail Slap|p2a: Espeon\n|-damage|p2a: Espeon|8\/100\n|-damage|p2a: Espeon|0 fnt\n|faint|p2a: Espeon\n|-hitcount|p2: Espeon|2\n|\n|upkeep\n|\n|t:|1699319376\n|switch|p2a: Cinccino|Cinccino, M|100\/100\n|turn|6\n|\n|t:|1699319381\n|-terastallize|p2a: Cinccino|Ghost\n|move|p2a: Cinccino|Rock Blast|p1a: Fezandipiti\n|-damage|p1a: Fezandipiti|45\/100\n|-damage|p1a: Fezandipiti|36\/100\n|-damage|p1a: Fezandipiti|26\/100\n|-damage|p1a: Fezandipiti|18\/100\n|-damage|p1a: Fezandipiti|9\/100\n|-hitcount|p1a: Fezandipiti|5\n|move|p1a: Fezandipiti|Tailwind|p1a: Fezandipiti\n|-sidestart|p1: Dragonsbanisher971|move: Tailwind\n|\n|upkeep\n|turn|7\n|\n|t:|1699319393\n|move|p1a: Fezandipiti|Dual Wingbeat|p2a: Cinccino\n|-damage|p2a: Cinccino|70\/100\n|-damage|p2a: Cinccino|40\/100\n|-hitcount|p2a: Cinccino|2\n|move|p2a: Cinccino|Rock Blast|p1a: Fezandipiti\n|-damage|p1a: Fezandipiti|0 fnt\n|faint|p1a: Fezandipiti\n|-hitcount|p1: Fezandipiti|1\n|\n|upkeep\n|\n|t:|1699319403\n|switch|p1a: Breloom|Breloom, M, shiny|100\/100\n|turn|8\n|\n|t:|1699319408\n|move|p2a: Cinccino|Triple Axel|p1a: Breloom\n|-supereffective|p1a: Breloom\n|-damage|p1a: Breloom|86\/100\n|-supereffective|p1a: Breloom\n|-damage|p1a: Breloom|56\/100\n|-supereffective|p1a: Breloom\n|-damage|p1a: Breloom|12\/100\n|-hitcount|p1a: Breloom|3\n|move|p1a: Breloom|Spore|p2a: Cinccino\n|-status|p2a: Cinccino|slp|[from] move: Spore\n|\n|-sideend|p2: Fallsdownstairs13|move: Light Screen\n|upkeep\n|turn|9\n|\n|t:|1699319421\n|cant|p2a: Cinccino|slp\n|move|p1a: Breloom|Bullet Seed|p2a: Cinccino\n|-damage|p2a: Cinccino|21\/100 slp\n|-damage|p2a: Cinccino|3\/100 slp\n|-damage|p2a: Cinccino|0 fnt\n|faint|p2a: Cinccino\n|-hitcount|p2: Cinccino|3\n|\n|-sideend|p2: Fallsdownstairs13|Reflect\n|-sideend|p1: Dragonsbanisher971|move: Tailwind\n|upkeep\n|\n|t:|1699319434\n|switch|p2a: Mawile|Mawile, M|100\/100\n|turn|10\n|\n|t:|1699319444\n|detailschange|p2a: Mawile|Mawile-Mega, M\n|-mega|p2a: Mawile|Mawile|Mawilite\n|move|p1a: Breloom|Mach Punch|p2a: Mawile\n|-damage|p2a: Mawile|66\/100\n|move|p2a: Mawile|Sucker Punch||[still]\n|-fail|p2a: Mawile\n|\n|upkeep\n|turn|11\n|\n|t:|1699319452\n|move|p1a: Breloom|Mach Punch|p2a: Mawile\n|-damage|p2a: Mawile|29\/100\n|move|p2a: Mawile|Play Rough|p1a: Breloom|[miss]\n|-miss|p2a: Mawile|p1a: Breloom\n|\n|upkeep\n|turn|12\n|\n|t:|1699319460\n|move|p1a: Breloom|Mach Punch|p2a: Mawile\n|-damage|p2a: Mawile|0 fnt\n|faint|p2a: Mawile\n|\n|upkeep\n|\n|t:|1699319464\n|switch|p2a: Gliscor|Gliscor, M|100\/100\n|turn|13\n|\n|t:|1699319468\n|move|p2a: Gliscor|Swords Dance|p2a: Gliscor\n|-boost|p2a: Gliscor|atk|2\n|move|p1a: Breloom|Spore|p2a: Gliscor\n|-status|p2a: Gliscor|slp|[from] move: Spore\n|\n|upkeep\n|turn|14\n|\n|t:|1699319476\n|cant|p2a: Gliscor|slp\n|move|p1a: Breloom|Bulk Up|p1a: Breloom\n|-boost|p1a: Breloom|atk|1\n|-boost|p1a: Breloom|def|1\n|\n|upkeep\n|turn|15\n|\n|t:|1699319482\n|cant|p2a: Gliscor|slp\n|move|p1a: Breloom|Bullet Seed|p2a: Gliscor\n|-damage|p2a: Gliscor|68\/100 slp\n|-damage|p2a: Gliscor|36\/100 slp\n|-damage|p2a: Gliscor|4\/100 slp\n|-damage|p2a: Gliscor|0 fnt\n|faint|p2a: Gliscor\n|-hitcount|p2: Gliscor|4\n|\n|upkeep\n|-message|Fallsdownstairs13 forfeited.\n|\n|win|Dragonsbanisher971\n|raw|Dragonsbanisher971's rating: 1024 &rarr; <strong>1063<\/strong><br \/>(+39 for winning)\n|raw|Fallsdownstairs13's rating: 1047 &rarr; <strong>1029<\/strong><br \/>(-18 for losing)\n|l|\u2606Fallsdownstairs13\n","uploadtime":1699319495,"views":7,"p1id":"dragonsbanisher971","p2id":"fallsdownstairs13","formatid":"gen9nationaldexubers","rating":1029,"private":0,"password":""}