{"id":"gen9nationaldexubers-1983284678","p1":"Big round man","p2":"85792195wwww","format":"[Gen 9] National Dex Ubers","log":"|j|\u2606Big round man\n|j|\u260685792195wwww\n|t:|1699114111\n|gametype|singles\n|player|p1|Big round man|crasherwake|1522\n|player|p2|85792195wwww|102|1864\n|teamsize|p1|6\n|teamsize|p2|6\n|gen|9\n|tier|[Gen 9] National Dex Ubers\n|rated|\n|rule|HP Percentage Mod: HP is shown in percentages\n|rule|Endless Battle Clause: Forcing endless battles is banned\n|rule|OHKO Clause: OHKO moves are banned\n|rule|Evasion Moves Clause: Evasion moves are banned\n|rule|Evasion Items Clause: Evasion items are banned\n|rule|Species Clause: Limit one of each Pok\u00e9mon\n|rule|Sleep Clause Mod: Limit one foe put to sleep\n|rule|Mega Rayquaza Clause: You cannot mega evolve Rayquaza\n|clearpoke\n|poke|p1|Zygarde|\n|poke|p1|Victini|\n|poke|p1|Yveltal|\n|poke|p1|Marshadow|\n|poke|p1|Forretress, M|\n|poke|p1|Wobbuffet, M|\n|poke|p2|Arceus|\n|poke|p2|Xerneas-*|\n|poke|p2|Groudon|\n|poke|p2|Zacian-*|\n|poke|p2|Samurott-Hisui, M|\n|poke|p2|Rayquaza|\n|teampreview\n|c|\u2606Big round man|Glhf\n|\n|t:|1699114131\n|start\n|switch|p1a: Lord Drakkon|Zygarde, shiny|100\/100\n|switch|p2a: Samurott|Samurott-Hisui, M|100\/100\n|turn|1\n|\n|t:|1699114140\n|move|p2a: Samurott|Ceaseless Edge|p1a: Lord Drakkon\n|-damage|p1a: Lord Drakkon|69\/100\n|-sidestart|p1: Big round man|Spikes\n|move|p1a: Lord Drakkon|Dragon Dance|p1a: Lord Drakkon\n|-boost|p1a: Lord Drakkon|atk|1\n|-boost|p1a: Lord Drakkon|spe|1\n|\n|upkeep\n|turn|2\n|\n|t:|1699114149\n|move|p1a: Lord Drakkon|Dragon Dance|p1a: Lord Drakkon\n|-boost|p1a: Lord Drakkon|atk|1\n|-boost|p1a: Lord Drakkon|spe|1\n|move|p2a: Samurott|Encore|p1a: Lord Drakkon\n|-start|p1a: Lord Drakkon|Encore\n|\n|upkeep\n|turn|3\n|\n|t:|1699114156\n|move|p1a: Lord Drakkon|Dragon Dance|p1a: Lord Drakkon\n|-boost|p1a: Lord Drakkon|atk|1\n|-boost|p1a: Lord Drakkon|spe|1\n|move|p2a: Samurott|Ceaseless Edge|p1a: Lord Drakkon\n|-damage|p1a: Lord Drakkon|35\/100\n|-sidestart|p1: Big round man|Spikes\n|\n|-activate|p1a: Lord Drakkon|ability: Power Construct\n|detailschange|p1a: Lord Drakkon|Zygarde-Complete, shiny\n|-heal|p1a: Lord Drakkon|57\/100|[silent]\n|upkeep\n|turn|4\n|\n|t:|1699114169\n|move|p1a: Lord Drakkon|Dragon Dance|p1a: Lord Drakkon\n|-boost|p1a: Lord Drakkon|atk|1\n|-boost|p1a: Lord Drakkon|spe|1\n|move|p2a: Samurott|Taunt|p1a: Lord Drakkon\n|-start|p1a: Lord Drakkon|move: Taunt\n|\n|upkeep\n|turn|5\n|\n|t:|1699114178\n|-activate|p1a: Lord Drakkon|move: Struggle\n|move|p1a: Lord Drakkon|Struggle|p2a: Samurott\n|-damage|p2a: Samurott|50\/100\n|-damage|p1a: Lord Drakkon|32\/100|[from] recoil\n|move|p2a: Samurott|Razor Shell|p1a: Lord Drakkon\n|-damage|p1a: Lord Drakkon|5\/100\n|-unboost|p1a: Lord Drakkon|def|1\n|\n|-end|p1a: Lord Drakkon|Encore\n|upkeep\n|turn|6\n|\n|t:|1699114192\n|move|p1a: Lord Drakkon|Earthquake|p2a: Samurott\n|-damage|p2a: Samurott|0 fnt\n|faint|p2a: Samurott\n|\n|upkeep\n|\n|t:|1699114201\n|switch|p2a: Arceus|Arceus|100\/100\n|turn|7\n|\n|t:|1699114205\n|switch|p1a: GS|Forretress, M, shiny|100\/100\n|-damage|p1a: GS|84\/100|[from] Spikes\n|move|p2a: Arceus|Extreme Speed|p1a: GS\n|-resisted|p1a: GS\n|-damage|p1a: GS|64\/100\n|-damage|p2a: Arceus|91\/100|[from] item: Life Orb\n|\n|-heal|p1a: GS|71\/100|[from] item: Leftovers\n|upkeep\n|turn|8\n|\n|t:|1699114218\n|move|p2a: Arceus|Swords Dance|p2a: Arceus\n|-boost|p2a: Arceus|atk|2\n|move|p1a: GS|Rapid Spin|p2a: Arceus\n|-damage|p2a: Arceus|80\/100\n|-boost|p1a: GS|spe|1\n|-sideend|p1: Big round man|Spikes|[from] move: Rapid Spin|[of] p1a: GS\n|\n|-heal|p1a: GS|77\/100|[from] item: Leftovers\n|upkeep\n|turn|9\n|\n|t:|1699114228\n|move|p2a: Arceus|Earthquake|p1a: GS\n|-damage|p1a: GS|12\/100\n|-damage|p2a: Arceus|70\/100|[from] item: Life Orb\n|move|p1a: GS|Pain Split|p2a: Arceus\n|-sethp|p2a: Arceus|39\/100|[from] move: Pain Split|[silent]\n|-sethp|p1a: GS|51\/100|[from] move: Pain Split\n|\n|-heal|p1a: GS|58\/100|[from] item: Leftovers\n|upkeep\n|turn|10\n|\n|t:|1699114240\n|move|p2a: Arceus|Earthquake|p1a: GS\n|-damage|p1a: GS|0 fnt\n|faint|p1a: GS\n|-damage|p2a: Arceus|29\/100|[from] item: Life Orb\n|\n|upkeep\n|\n|t:|1699114248\n|switch|p1a: Stay Puft|Marshadow|100\/100\n|turn|11\n|\n|t:|1699114258\n|switch|p2a: Rayquaza|Rayquaza|100\/100\n|-ability|p2a: Rayquaza|Air Lock\n|move|p1a: Stay Puft|Hidden Power|p2a: Rayquaza\n|-damage|p2a: Rayquaza|81\/100\n|\n|upkeep\n|turn|12\n|\n|t:|1699114267\n|switch|p1a: Lord Drakkon|Zygarde-Complete, shiny|5\/100\n|move|p2a: Rayquaza|Dragon Ascent|p1a: Lord Drakkon\n|-damage|p1a: Lord Drakkon|0 fnt\n|-unboost|p2a: Rayquaza|def|1\n|-unboost|p2a: Rayquaza|spd|1\n|faint|p1a: Lord Drakkon\n|\n|upkeep\n|\n|t:|1699114270\n|switch|p1a: Raw Bacon|Yveltal, shiny|100\/100\n|-ability|p1a: Raw Bacon|Dark Aura\n|turn|13\n|\n|t:|1699114282\n|switch|p2a: Zacian|Zacian-Crowned|100\/100\n|-ability|p2a: Zacian|Intrepid Sword|boost\n|-boost|p2a: Zacian|atk|1\n|-terastallize|p1a: Raw Bacon|Dark\n|move|p1a: Raw Bacon|Dark Pulse|p2a: Zacian\n|-resisted|p2a: Zacian\n|-damage|p2a: Zacian|52\/100\n|\n|upkeep\n|turn|14\n|\n|t:|1699114308\n|switch|p1a: Stay Puft|Marshadow|100\/100\n|move|p2a: Zacian|Behemoth Blade|p1a: Stay Puft\n|-enditem|p1a: Stay Puft|Focus Sash\n|-damage|p1a: Stay Puft|1\/100\n|\n|upkeep\n|turn|15\n|\n|t:|1699114316\n|move|p2a: Zacian|Behemoth Blade|p1a: Stay Puft\n|-damage|p1a: Stay Puft|0 fnt\n|faint|p1a: Stay Puft\n|\n|upkeep\n|\n|t:|1699114320\n|switch|p1a: Vector|Victini|100\/100\n|turn|16\n|\n|t:|1699114327\n|-terastallize|p2a: Zacian|Ground\n|move|p1a: Vector|V-create|p2a: Zacian\n|-damage|p2a: Zacian|0 fnt\n|-unboost|p1a: Vector|spe|1\n|-unboost|p1a: Vector|def|1\n|-unboost|p1a: Vector|spd|1\n|faint|p2a: Zacian\n|\n|upkeep\n|\n|t:|1699114338\n|switch|p2a: Xerneas|Xerneas|100\/100\n|-ability|p2a: Xerneas|Fairy Aura\n|turn|17\n|\n|t:|1699114344\n|switch|p1a: Hamburger|Wobbuffet, M|100\/100\n|move|p2a: Xerneas|Geomancy||[still]\n|-prepare|p2a: Xerneas|Geomancy\n|-enditem|p2a: Xerneas|Power Herb\n|-anim|p2a: Xerneas|Geomancy|p2a: Xerneas\n|-boost|p2a: Xerneas|spa|2\n|-boost|p2a: Xerneas|spd|2\n|-boost|p2a: Xerneas|spe|2\n|\n|upkeep\n|turn|18\n|\n|t:|1699114354\n|move|p2a: Xerneas|Moonblast|p1a: Hamburger\n|-damage|p1a: Hamburger|0 fnt\n|faint|p1a: Hamburger\n|\n|upkeep\n|\n|t:|1699114357\n|switch|p1a: Vector|Victini|100\/100\n|turn|19\n|\n|t:|1699114363\n|move|p2a: Xerneas|Hidden Power|p1a: Vector\n|-supereffective|p1a: Vector\n|-damage|p1a: Vector|18\/100\n|move|p1a: Vector|V-create|p2a: Xerneas\n|-damage|p2a: Xerneas|48\/100\n|-unboost|p1a: Vector|spe|1\n|-unboost|p1a: Vector|def|1\n|-unboost|p1a: Vector|spd|1\n|\n|upkeep\n|turn|20\n|\n|t:|1699114372\n|move|p2a: Xerneas|Moonblast|p1a: Vector\n|-resisted|p1a: Vector\n|-damage|p1a: Vector|0 fnt\n|faint|p1a: Vector\n|\n|upkeep\n|\n|t:|1699114374\n|switch|p1a: Raw Bacon|Yveltal, shiny, tera:Dark|100\/100\n|-ability|p1a: Raw Bacon|Dark Aura\n|turn|21\n|\n|t:|1699114381\n|move|p1a: Raw Bacon|Sucker Punch|p2a: Xerneas\n|-resisted|p2a: Xerneas\n|-damage|p2a: Xerneas|25\/100\n|move|p2a: Xerneas|Moonblast|p1a: Raw Bacon\n|-supereffective|p1a: Raw Bacon\n|-damage|p1a: Raw Bacon|0 fnt\n|faint|p1a: Raw Bacon\n|\n|win|85792195wwww\n|raw|Big round man's rating: 1522 &rarr; <strong>1517<\/strong><br \/>(-5 for losing)\n|raw|85792195wwww's rating: 1864 &rarr; <strong>1869<\/strong><br \/>(+5 for winning)\n|l|\u2606Big round man\n","uploadtime":1699114391,"views":5,"p1id":"bigroundman","p2id":"85792195wwww","formatid":"gen9nationaldexubers","rating":1517,"private":0,"password":""}