{"id":"gen9nationaldexubers-1989642999","p1":"MrCatKing07","p2":"El!te 00f","format":"[Gen 9] National Dex Ubers","log":"|j|\u2606MrCatKing07\n|j|\u2606El!te 00f\n|t:|1699882417\n|gametype|singles\n|player|p1|MrCatKing07|preschoolers|1169\n|player|p2|El!te 00f|serena-masters2|1214\n|teamsize|p1|6\n|teamsize|p2|6\n|gen|9\n|tier|[Gen 9] National Dex Ubers\n|rated|\n|rule|HP Percentage Mod: HP is shown in percentages\n|rule|Endless Battle Clause: Forcing endless battles is banned\n|rule|OHKO Clause: OHKO moves are banned\n|rule|Evasion Moves Clause: Evasion moves are banned\n|rule|Evasion Items Clause: Evasion items are banned\n|rule|Species Clause: Limit one of each Pok\u00e9mon\n|rule|Sleep Clause Mod: Limit one foe put to sleep\n|rule|Mega Rayquaza Clause: You cannot mega evolve Rayquaza\n|clearpoke\n|poke|p1|Kyogre|\n|poke|p1|Groudon|\n|poke|p1|Zacian-*|\n|poke|p1|Xerneas-*|\n|poke|p1|Yveltal|\n|poke|p1|Regieleki|\n|poke|p2|Slowking-Galar, F|\n|poke|p2|Samurott-Hisui, M|\n|poke|p2|Gholdengo|\n|poke|p2|Dragonite, F|\n|poke|p2|Banette, M|\n|poke|p2|Cetitan, M|\n|teampreview\n|inactive|Battle timer is ON: inactive players will automatically lose when time's up. (requested by MrCatKing07)\n|\n|t:|1699882427\n|start\n|switch|p1a: Regieleki|Regieleki|100\/100\n|switch|p2a: Yo Tengo Spikes|Samurott-Hisui, M, shiny|100\/100\n|turn|1\n|\n|t:|1699882447\n|move|p1a: Regieleki|Volt Switch|p2a: Yo Tengo Spikes\n|-supereffective|p2a: Yo Tengo Spikes\n|-enditem|p2a: Yo Tengo Spikes|Focus Sash\n|-damage|p2a: Yo Tengo Spikes|1\/100\n|inactive|MrCatKing07 has 120 seconds left.\n|c|\u2606MrCatKing07|T\u00fa no tengo spikes\n|\n|t:|1699882496\n|switch|p1a: Jonah's Whale|Kyogre, shiny|100\/100|[from] Volt Switch\n|detailschange|p1a: Jonah's Whale|Kyogre-Primal, shiny\n|-primal|p1a: Jonah's Whale|Blue Orb\n|-weather|PrimordialSea|[from] ability: Primordial Sea|[of] p1a: Jonah's Whale\n|move|p2a: Yo Tengo Spikes|Ceaseless Edge|p1a: Jonah's Whale\n|-damage|p1a: Jonah's Whale|57\/100\n|-sidestart|p1: MrCatKing07|Spikes\n|\n|-weather|PrimordialSea|[upkeep]\n|upkeep\n|turn|2\n|\n|t:|1699882508\n|switch|p2a: Nuh uh...|Slowking-Galar, F, shiny|100\/100\n|move|p1a: Jonah's Whale|Thunder|p2a: Nuh uh...\n|-damage|p2a: Nuh uh...|72\/100\n|\n|-weather|PrimordialSea|[upkeep]\n|upkeep\n|turn|3\n|inactive|MrCatKing07 has 120 seconds left.\n|\n|t:|1699882529\n|move|p1a: Jonah's Whale|Origin Pulse|p2a: Nuh uh...\n|-damage|p2a: Nuh uh...|0 fnt\n|faint|p2a: Nuh uh...\n|\n|-weather|PrimordialSea|[upkeep]\n|upkeep\n|c|\u2606El!te 00f|S\u00ed\n|c|\u2606El!te 00f|esta uno\n|\n|t:|1699882550\n|switch|p2a: Curse+ 2 Attacks|Dragonite, F, shiny|100\/100\n|turn|4\n|\n|t:|1699882562\n|move|p2a: Curse+ 2 Attacks|Extreme Speed|p1a: Jonah's Whale\n|-damage|p1a: Jonah's Whale|30\/100\n|move|p1a: Jonah's Whale|Ice Beam|p2a: Curse+ 2 Attacks\n|-supereffective|p2a: Curse+ 2 Attacks\n|-damage|p2a: Curse+ 2 Attacks|24\/100\n|\n|-weather|PrimordialSea|[upkeep]\n|upkeep\n|turn|5\n|j| eavo\n|c| eavo|WHALE\n|\n|t:|1699882575\n|-terastallize|p2a: Curse+ 2 Attacks|Normal\n|move|p2a: Curse+ 2 Attacks|Extreme Speed|p1a: Jonah's Whale\n|-damage|p1a: Jonah's Whale|0 fnt\n|faint|p1a: Jonah's Whale\n|-weather|none\n|\n|upkeep\n|c|\u2606MrCatKing07|from jonah\n|c|\u2606El!te 00f|no whale\n|\n|t:|1699882585\n|switch|p1a: Regieleki|Regieleki|100\/100\n|-damage|p1a: Regieleki|88\/100|[from] Spikes\n|turn|6\n|c|\u2606El!te 00f|moby dick is dead\n|c|\u2606El!te 00f|I think you die to E speed\n|c|\u2606MrCatKing07|me?\n|c|\u2606MrCatKing07|oh ok\n|c|\u2606El!te 00f|ye\n|inactive|El!te 00f has 120 seconds left.\n|\n|t:|1699882617\n|move|p2a: Curse+ 2 Attacks|Extreme Speed|p1a: Regieleki\n|-damage|p1a: Regieleki|0 fnt\n|faint|p1a: Regieleki\n|\n|upkeep\n|inactive|MrCatKing07 has 120 seconds left.\n|\n|t:|1699882626\n|switch|p1a: Soul Siphoner|Yveltal|100\/100\n|-ability|p1a: Soul Siphoner|Dark Aura\n|turn|7\n|\n|t:|1699882634\n|switch|p2a: Yo Tengo Spikes|Samurott-Hisui, M, shiny|1\/100\n|move|p1a: Soul Siphoner|Oblivion Wing|p2a: Yo Tengo Spikes\n|-damage|p2a: Yo Tengo Spikes|0 fnt\n|faint|p2a: Yo Tengo Spikes\n|-damage|p1a: Soul Siphoner|91\/100|[from] item: Life Orb\n|\n|upkeep\n|\n|t:|1699882640\n|switch|p2a: Perish.|Banette, M, shiny|100\/100\n|-item|p1a: Soul Siphoner|Life Orb|[from] ability: Frisk|[of] p2a: Perish.|[identify]\n|turn|8\n|c|\u2606MrCatKing07|no\n|inactive|El!te 00f has 120 seconds left.\n|c|\u2606El!te 00f|Im afraid you don't have a say in this matter\n|\n|t:|1699882667\n|detailschange|p2a: Perish.|Banette-Mega, M, shiny\n|-mega|p2a: Perish.|Banette|Banettite\n|move|p2a: Perish.|Destiny Bond|p2a: Perish.\n|-singlemove|p2a: Perish.|Destiny Bond\n|move|p1a: Soul Siphoner|Dark Pulse|p2a: Perish.\n|-supereffective|p2a: Perish.\n|-damage|p2a: Perish.|0 fnt\n|faint|p2a: Perish.\n|-activate|p2a: Perish.|move: Destiny Bond\n|faint|p1a: Soul Siphoner\n|\n|upkeep\n|inactive|El!te 00f has 120 seconds left.\n|c| eavo|prankster dbond goes hard\n|inactive|MrCatKing07 has 120 seconds left.\n|c|\u2606El!te 00f|not as hard as this nickname that's about to be in\n|c|\u2606MrCatKing07|Qu\u00e9 pasa, El!te 00f\n|c|\u2606MrCatKing07|?\n|inactive|MrCatKing07 has 90 seconds left.\n|c| eavo|o_o\n|c|\u2606MrCatKing07|i learned it from my spanish class lmao\n|c| eavo|MrKatCing07\n|\n|t:|1699882742\n|switch|p1a: Volcanosaurus|Groudon, shiny|100\/100\n|switch|p2a: DdDdDdDdWwooOOouUH|Cetitan, M|100\/100\n|-damage|p1a: Volcanosaurus|88\/100|[from] Spikes\n|detailschange|p1a: Volcanosaurus|Groudon-Primal, shiny\n|-primal|p1a: Volcanosaurus|Red Orb\n|-weather|DesolateLand|[from] ability: Desolate Land|[of] p1a: Volcanosaurus\n|turn|9\n|c|\u2606MrCatKing07|wut\n|c|\u2606El!te 00f|No mucho, y usted?\n|c|\u2606MrCatKing07|why\n|c| eavo|someone translate fr\n|c|\u2606MrCatKing07|yo estoy bine, gracias\n|inactive|El!te 00f has 90 seconds left.\n|c|\u2606MrCatKing07|*bien\n|inactive|MrCatKing07 has 60 seconds left.\n|c|\u2606El!te 00f|He asked \"what's up\"\n|c|\u2606El!te 00f|I said\n|c|\u2606El!te 00f|not much, and you?\n|\n|t:|1699882790\n|move|p1a: Volcanosaurus|Heavy Slam|p2a: DdDdDdDdWwooOOouUH\n|-supereffective|p2a: DdDdDdDdWwooOOouUH\n|-damage|p2a: DdDdDdDdWwooOOouUH|63\/100\n|move|p2a: DdDdDdDdWwooOOouUH|Stomping Tantrum|p1a: Volcanosaurus\n|-supereffective|p1a: Volcanosaurus\n|-crit|p1a: Volcanosaurus\n|-damage|p1a: Volcanosaurus|31\/100\n|-damage|p2a: DdDdDdDdWwooOOouUH|53\/100|[from] item: Life Orb\n|\n|-weather|DesolateLand|[upkeep]\n|upkeep\n|turn|10\n|c|\u2606MrCatKing07|and i said i am fine\n|c|\u2606MrCatKing07|thanks\n|inactive|MrCatKing07 has 60 seconds left.\n|\n|t:|1699882802\n|move|p1a: Volcanosaurus|Heat Crash|p2a: DdDdDdDdWwooOOouUH\n|-supereffective|p2a: DdDdDdDdWwooOOouUH\n|-damage|p2a: DdDdDdDdWwooOOouUH|0 fnt\n|faint|p2a: DdDdDdDdWwooOOouUH\n|\n|-weather|DesolateLand|[upkeep]\n|upkeep\n|\n|t:|1699882806\n|switch|p2a: Curse+ 2 Attacks|Dragonite, F, shiny, tera:Normal|24\/100\n|turn|11\n|inactive|MrCatKing07 has 60 seconds left.\n|c|\u2606El!te 00f|death?\n|\n|t:|1699882836\n|move|p2a: Curse+ 2 Attacks|Extreme Speed|p1a: Volcanosaurus\n|-damage|p1a: Volcanosaurus|0 fnt\n|faint|p1a: Volcanosaurus\n|-weather|none\n|\n|upkeep\n|c|\u2606MrCatKing07|mayb\n|c|\u2606MrCatKing07|yus\n|c|\u2606El!te 00f|death.\n|\n|t:|1699882844\n|switch|p1a: Magical Deer|Xerneas|100\/100\n|-damage|p1a: Magical Deer|88\/100|[from] Spikes\n|-ability|p1a: Magical Deer|Fairy Aura\n|turn|12\n|c|\u2606MrCatKing07|pls die\n|c|\u2606El!te 00f|nuh uh\n|c|\u2606MrCatKing07|wait\n|c|\u2606MrCatKing07|you have curse on that thing\n|c|\u2606El!te 00f|maybe\n|c|\u2606MrCatKing07|...\n|inactive|El!te 00f has 60 seconds left.\n|c|\u2606MrCatKing07|why...?\n|c|\u2606El!te 00f|is it jover?\n|\n|t:|1699882889\n|switch|p2a: The Anti-Spinner|Gholdengo|100\/100\n|move|p1a: Magical Deer|Geomancy||[still]\n|-prepare|p1a: Magical Deer|Geomancy\n|-enditem|p1a: Magical Deer|Power Herb\n|-anim|p1a: Magical Deer|Geomancy|p1a: Magical Deer\n|-boost|p1a: Magical Deer|spa|2\n|-boost|p1a: Magical Deer|spd|2\n|-boost|p1a: Magical Deer|spe|2\n|\n|upkeep\n|turn|13\n|\n|t:|1699882898\n|move|p1a: Magical Deer|Moonblast|p2a: The Anti-Spinner\n|-resisted|p2a: The Anti-Spinner\n|-damage|p2a: The Anti-Spinner|13\/100\n|-unboost|p2a: The Anti-Spinner|spa|1\n|move|p2a: The Anti-Spinner|Make It Rain|p1a: Magical Deer\n|-supereffective|p1a: Magical Deer\n|-damage|p1a: Magical Deer|51\/100\n|-unboost|p2a: The Anti-Spinner|spa|1\n|\n|upkeep\n|turn|14\n|c|\u2606MrCatKing07|diedie\n|c|\u2606MrCatKing07|yus\n|inactive|El!te 00f has 60 seconds left.\n|c|\u2606MrCatKing07|i am strung\n|c|\u2606El!te 00f|darn 30%\n|\n|t:|1699882933\n|move|p1a: Magical Deer|Moonblast|p2a: The Anti-Spinner\n|-resisted|p2a: The Anti-Spinner\n|-damage|p2a: The Anti-Spinner|0 fnt\n|faint|p2a: The Anti-Spinner\n|\n|upkeep\n|\n|t:|1699882936\n|switch|p2a: Curse+ 2 Attacks|Dragonite, F, shiny, tera:Normal|24\/100\n|turn|15\n|inactive|MrCatKing07 has 60 seconds left.\n|\n|t:|1699882968\n|move|p2a: Curse+ 2 Attacks|Extreme Speed|p1a: Magical Deer\n|-damage|p1a: Magical Deer|18\/100\n|move|p1a: Magical Deer|Moonblast|p2a: Curse+ 2 Attacks\n|-damage|p2a: Curse+ 2 Attacks|0 fnt\n|faint|p2a: Curse+ 2 Attacks\n|\n|win|MrCatKing07\n|raw|MrCatKing07's rating: 1169 &rarr; <strong>1197<\/strong><br \/>(+28 for winning)\n|raw|El!te 00f's rating: 1214 &rarr; <strong>1186<\/strong><br \/>(-28 for losing)\n|c|\u2606MrCatKing07|ggs\n|c|\u2606El!te 00f|gg\n","uploadtime":1699882979,"views":8,"p1id":"mrcatking07","p2id":"elte00f","formatid":"gen9nationaldexubers","rating":1186,"private":0,"password":""}