{"id":"gen9nationaldexubers-1980447638","p1":"m444rf","p2":"Factor64","format":"[Gen 9] National Dex Ubers","log":"|j|\u2606m444rf\n|j|\u2606Factor64\n|t:|1698785803\n|gametype|singles\n|player|p1|m444rf|2|\n|player|p2|Factor64|red-gen2|\n|teamsize|p1|6\n|teamsize|p2|6\n|gen|9\n|tier|[Gen 9] National Dex Ubers\n|rule|HP Percentage Mod: HP is shown in percentages\n|rule|Endless Battle Clause: Forcing endless battles is banned\n|rule|OHKO Clause: OHKO moves are banned\n|rule|Evasion Moves Clause: Evasion moves are banned\n|rule|Evasion Items Clause: Evasion items are banned\n|rule|Species Clause: Limit one of each Pok\u00e9mon\n|rule|Sleep Clause Mod: Limit one foe put to sleep\n|rule|Mega Rayquaza Clause: You cannot mega evolve Rayquaza\n|clearpoke\n|poke|p1|Dragapult, M|\n|poke|p1|Great Tusk|\n|poke|p1|Slowking, M|\n|poke|p1|Moltres|\n|poke|p1|Scolipede, M|\n|poke|p1|Bronzong|\n|poke|p2|Tyranitar, M|\n|poke|p2|Excadrill, M|\n|poke|p2|Rotom-Heat|\n|poke|p2|Toxapex, F|\n|poke|p2|Ogerpon-Wellspring, F|\n|poke|p2|Florges-White, F|\n|teampreview\n|j| ZBFusion\n|j| Demolution545\n|j| Lunar Sloth\n|c| Demolution545|hot set alert\n|\n|t:|1698785913\n|start\n|switch|p1a: Slowking|Slowking, M|100\/100\n|switch|p2a: Rotom|Rotom-Heat|100\/100\n|turn|1\n|\n|t:|1698785922\n|move|p2a: Rotom|Will-O-Wisp|p1a: Slowking\n|-status|p1a: Slowking|brn\n|move|p1a: Slowking|Chilly Reception|p1a: Slowking\n|-weather|Snow\n|\n|t:|1698785925\n|switch|p1a: Dragapult|Dragapult, M|100\/100|[from] Chilly Reception\n|\n|-weather|Snow|[upkeep]\n|upkeep\n|turn|2\n|\n|t:|1698785928\n|move|p1a: Dragapult|U-turn|p2a: Rotom\n|-resisted|p2a: Rotom\n|-damage|p2a: Rotom|92\/100\n|\n|t:|1698785931\n|switch|p1a: Slowking|Slowking, M|100\/100 brn|[from] U-turn\n|move|p2a: Rotom|Volt Switch|p1a: Slowking\n|-supereffective|p1a: Slowking\n|-damage|p1a: Slowking|70\/100 brn\n|\n|t:|1698785957\n|switch|p2a: Toxapex|Toxapex, F|100\/100|[from] Volt Switch\n|\n|-weather|Snow|[upkeep]\n|-damage|p1a: Slowking|63\/100 brn|[from] brn\n|upkeep\n|turn|3\n|\n|t:|1698785964\n|move|p1a: Slowking|Slack Off|p1a: Slowking\n|-heal|p1a: Slowking|100\/100 brn\n|move|p2a: Toxapex|Knock Off|p1a: Slowking\n|-supereffective|p1a: Slowking\n|-damage|p1a: Slowking|68\/100 brn\n|-enditem|p1a: Slowking|Heavy-Duty Boots|[from] move: Knock Off|[of] p2a: Toxapex\n|\n|-weather|Snow|[upkeep]\n|-damage|p1a: Slowking|62\/100 brn|[from] brn\n|upkeep\n|turn|4\n|\n|t:|1698785980\n|move|p1a: Slowking|Chilly Reception|p1a: Slowking\n|\n|t:|1698785993\n|switch|p1a: Bronzong|Bronzong|100\/100|[from] Chilly Reception\n|move|p2a: Toxapex|Knock Off|p1a: Bronzong\n|-supereffective|p1a: Bronzong\n|-damage|p1a: Bronzong|76\/100\n|-enditem|p1a: Bronzong|Leftovers|[from] move: Knock Off|[of] p2a: Toxapex\n|\n|-weather|Snow|[upkeep]\n|upkeep\n|turn|5\n|\n|t:|1698786001\n|switch|p2a: Rotom|Rotom-Heat|92\/100\n|move|p1a: Bronzong|Stealth Rock|p2a: Rotom\n|-sidestart|p2: Factor64|move: Stealth Rock\n|\n|-weather|none\n|-heal|p2a: Rotom|99\/100|[from] item: Leftovers\n|upkeep\n|turn|6\n|\n|t:|1698786006\n|switch|p1a: Slowking|Slowking, M|95\/100 brn\n|move|p2a: Rotom|Will-O-Wisp|p1a: Slowking\n|-fail|p1a: Slowking|brn\n|\n|-heal|p2a: Rotom|100\/100|[from] item: Leftovers\n|-damage|p1a: Slowking|89\/100 brn|[from] brn\n|upkeep\n|turn|7\n|\n|t:|1698786013\n|move|p2a: Rotom|Overheat|p1a: Slowking\n|-resisted|p1a: Slowking\n|-damage|p1a: Slowking|76\/100 brn\n|-unboost|p2a: Rotom|spa|2\n|move|p1a: Slowking|Chilly Reception|p1a: Slowking\n|-weather|Snow\n|\n|t:|1698786016\n|switch|p1a: Dragapult|Dragapult, M|100\/100|[from] Chilly Reception\n|\n|-weather|Snow|[upkeep]\n|upkeep\n|turn|8\n|\n|t:|1698786018\n|move|p1a: Dragapult|Draco Meteor|p2a: Rotom|[miss]\n|-miss|p1a: Dragapult|p2a: Rotom\n|move|p2a: Rotom|Volt Switch|p1a: Dragapult\n|-resisted|p1a: Dragapult\n|-damage|p1a: Dragapult|92\/100\n|\n|t:|1698786023\n|switch|p2a: Tyranitar|Tyranitar, M|100\/100|[from] Volt Switch\n|-damage|p2a: Tyranitar|88\/100|[from] Stealth Rock\n|-weather|Sandstorm|[from] ability: Sand Stream|[of] p2a: Tyranitar\n|\n|-weather|Sandstorm|[upkeep]\n|-damage|p1a: Dragapult|86\/100|[from] Sandstorm\n|-heal|p2a: Tyranitar|94\/100|[from] item: Leftovers\n|upkeep\n|turn|9\n|\n|t:|1698786032\n|-terastallize|p1a: Dragapult|Fighting\n|move|p1a: Dragapult|Draco Meteor|p2a: Tyranitar\n|-damage|p2a: Tyranitar|34\/100\n|-unboost|p1a: Dragapult|spa|2\n|move|p2a: Tyranitar|Pursuit|p1a: Dragapult\n|-resisted|p1a: Dragapult\n|-damage|p1a: Dragapult|71\/100\n|\n|-weather|Sandstorm|[upkeep]\n|-damage|p1a: Dragapult|65\/100|[from] Sandstorm\n|-heal|p2a: Tyranitar|41\/100|[from] item: Leftovers\n|upkeep\n|turn|10\n|\n|t:|1698786039\n|switch|p1a: Great Tusk|Great Tusk|100\/100\n|switch|p2a: Florges|Florges-White, F, shiny|100\/100\n|-damage|p2a: Florges|88\/100|[from] Stealth Rock\n|\n|-weather|Sandstorm|[upkeep]\n|-damage|p2a: Florges|82\/100|[from] Sandstorm\n|-heal|p2a: Florges|88\/100|[from] item: Leftovers\n|upkeep\n|turn|11\n|\n|t:|1698786047\n|-end|p1a: Great Tusk|Protosynthesis|[silent]\n|switch|p1a: Slowking|Slowking, M|100\/100 brn\n|move|p2a: Florges|Moonblast|p1a: Slowking\n|-damage|p1a: Slowking|76\/100 brn\n|-unboost|p1a: Slowking|spa|1\n|\n|-weather|Sandstorm|[upkeep]\n|-damage|p2a: Florges|82\/100|[from] Sandstorm\n|-damage|p1a: Slowking|70\/100 brn|[from] Sandstorm\n|-heal|p2a: Florges|88\/100|[from] item: Leftovers\n|-damage|p1a: Slowking|64\/100 brn|[from] brn\n|upkeep\n|turn|12\n|\n|t:|1698786054\n|move|p2a: Florges|Calm Mind|p2a: Florges\n|-boost|p2a: Florges|spa|1\n|-boost|p2a: Florges|spd|1\n|move|p1a: Slowking|Chilly Reception|p1a: Slowking\n|-weather|Snow\n|\n|t:|1698786055\n|switch|p1a: Bronzong|Bronzong|76\/100|[from] Chilly Reception\n|\n|-weather|Snow|[upkeep]\n|-heal|p2a: Florges|94\/100|[from] item: Leftovers\n|upkeep\n|turn|13\n|j| Smackey_5\n|\n|t:|1698786066\n|move|p2a: Florges|Moonblast|p1a: Bronzong\n|-resisted|p1a: Bronzong\n|-damage|p1a: Bronzong|52\/100\n|move|p1a: Bronzong|Heavy Slam|p2a: Florges\n|-supereffective|p2a: Florges\n|-damage|p2a: Florges|19\/100\n|\n|-weather|Snow|[upkeep]\n|-heal|p2a: Florges|25\/100|[from] item: Leftovers\n|upkeep\n|turn|14\n|\n|t:|1698786072\n|move|p2a: Florges|Protect|p2a: Florges\n|-singleturn|p2a: Florges|Protect\n|move|p1a: Bronzong|Heavy Slam|p2a: Florges\n|-activate|p2a: Florges|move: Protect\n|\n|-weather|Snow|[upkeep]\n|-heal|p2a: Florges|31\/100|[from] item: Leftovers\n|upkeep\n|turn|15\n|\n|t:|1698786078\n|switch|p2a: Rotom|Rotom-Heat|100\/100\n|-damage|p2a: Rotom|75\/100|[from] Stealth Rock\n|move|p1a: Bronzong|Heavy Slam|p2a: Rotom\n|-resisted|p2a: Rotom\n|-damage|p2a: Rotom|64\/100\n|\n|-weather|Snow|[upkeep]\n|-heal|p2a: Rotom|70\/100|[from] item: Leftovers\n|upkeep\n|turn|16\n|\n|t:|1698786080\n|switch|p1a: Slowking|Slowking, M|97\/100 brn\n|move|p2a: Rotom|Volt Switch|p1a: Slowking\n|-supereffective|p1a: Slowking\n|-damage|p1a: Slowking|65\/100 brn\n|\n|t:|1698786107\n|switch|p2a: Tyranitar|Tyranitar, M|41\/100|[from] Volt Switch\n|-damage|p2a: Tyranitar|28\/100|[from] Stealth Rock\n|-weather|Sandstorm|[from] ability: Sand Stream|[of] p2a: Tyranitar\n|\n|-weather|Sandstorm|[upkeep]\n|-damage|p1a: Slowking|59\/100 brn|[from] Sandstorm\n|-heal|p2a: Tyranitar|34\/100|[from] item: Leftovers\n|-damage|p1a: Slowking|53\/100 brn|[from] brn\n|upkeep\n|turn|17\n|\n|t:|1698786115\n|move|p2a: Tyranitar|Stealth Rock|p1a: Slowking\n|-sidestart|p1: m444rf|move: Stealth Rock\n|move|p1a: Slowking|Slack Off|p1a: Slowking\n|-heal|p1a: Slowking|100\/100 brn\n|\n|-weather|Sandstorm|[upkeep]\n|-damage|p1a: Slowking|94\/100 brn|[from] Sandstorm\n|-heal|p2a: Tyranitar|41\/100|[from] item: Leftovers\n|-damage|p1a: Slowking|88\/100 brn|[from] brn\n|upkeep\n|turn|18\n|\n|t:|1698786121\n|move|p2a: Tyranitar|Pursuit|p1a: Slowking\n|-supereffective|p1a: Slowking\n|-damage|p1a: Slowking|41\/100 brn\n|move|p1a: Slowking|Scald|p2a: Tyranitar\n|-supereffective|p2a: Tyranitar\n|-damage|p2a: Tyranitar|3\/100\n|\n|-weather|Sandstorm|[upkeep]\n|-damage|p1a: Slowking|35\/100 brn|[from] Sandstorm\n|-heal|p2a: Tyranitar|9\/100|[from] item: Leftovers\n|-damage|p1a: Slowking|29\/100 brn|[from] brn\n|upkeep\n|turn|19\n|\n|t:|1698786126\n|move|p2a: Tyranitar|Pursuit|p1a: Slowking\n|-supereffective|p1a: Slowking\n|-damage|p1a: Slowking|0 fnt\n|faint|p1a: Slowking\n|\n|-weather|Sandstorm|[upkeep]\n|-heal|p2a: Tyranitar|15\/100|[from] item: Leftovers\n|upkeep\n|\n|t:|1698786130\n|switch|p1a: Dragapult|Dragapult, M, tera:Fighting|65\/100\n|-damage|p1a: Dragapult|59\/100|[from] Stealth Rock\n|turn|20\n|l| Smackey_5\n|j| Smackey_5\n|\n|t:|1698786171\n|switch|p2a: Florges|Florges-White, F, shiny|31\/100\n|-damage|p2a: Florges|19\/100|[from] Stealth Rock\n|move|p1a: Dragapult|U-turn|p2a: Florges\n|-resisted|p2a: Florges\n|-damage|p2a: Florges|10\/100\n|\n|t:|1698786178\n|switch|p1a: Moltres|Moltres|100\/100|[from] U-turn\n|-ability|p1a: Moltres|Pressure\n|\n|-weather|none\n|-heal|p2a: Florges|16\/100|[from] item: Leftovers\n|upkeep\n|turn|21\n|\n|t:|1698786182\n|switch|p2a: Rotom|Rotom-Heat|70\/100\n|-damage|p2a: Rotom|45\/100|[from] Stealth Rock\n|move|p1a: Moltres|Flamethrower|p2a: Rotom\n|-resisted|p2a: Rotom\n|-damage|p2a: Rotom|31\/100\n|\n|-heal|p2a: Rotom|38\/100|[from] item: Leftovers\n|upkeep\n|turn|22\n|\n|t:|1698786209\n|switch|p1a: Great Tusk|Great Tusk|100\/100\n|-damage|p1a: Great Tusk|98\/100|[from] Stealth Rock\n|move|p2a: Rotom|Defog|p1a: Great Tusk\n|-unboost|p1a: Great Tusk|evasion|1\n|-sideend|p1: m444rf|Stealth Rock|[from] move: Defog|[of] p2a: Rotom\n|-sideend|p2: Factor64|Stealth Rock|[from] move: Defog|[of] p2a: Rotom\n|\n|-heal|p1a: Great Tusk|100\/100|[from] item: Leftovers\n|-heal|p2a: Rotom|44\/100|[from] item: Leftovers\n|upkeep\n|turn|23\n|\n|t:|1698786254\n|-end|p1a: Great Tusk|Protosynthesis|[silent]\n|switch|p1a: Moltres|Moltres|100\/100\n|-ability|p1a: Moltres|Pressure\n|move|p2a: Rotom|Will-O-Wisp|p1a: Moltres\n|-immune|p1a: Moltres\n|\n|-heal|p2a: Rotom|50\/100|[from] item: Leftovers\n|upkeep\n|turn|24\n|\n|t:|1698786272\n|switch|p1a: Great Tusk|Great Tusk|100\/100\n|move|p2a: Rotom|Volt Switch|p1a: Great Tusk\n|-immune|p1a: Great Tusk\n|\n|-heal|p2a: Rotom|56\/100|[from] item: Leftovers\n|upkeep\n|turn|25\n|\n|t:|1698786277\n|-end|p1a: Great Tusk|Protosynthesis|[silent]\n|switch|p1a: Moltres|Moltres|100\/100\n|-ability|p1a: Moltres|Pressure\n|move|p2a: Rotom|Will-O-Wisp|p1a: Moltres\n|-immune|p1a: Moltres\n|\n|-heal|p2a: Rotom|63\/100|[from] item: Leftovers\n|upkeep\n|turn|26\n|\n|t:|1698786285\n|move|p1a: Moltres|U-turn|p2a: Rotom\n|-resisted|p2a: Rotom\n|-damage|p2a: Rotom|55\/100\n|\n|t:|1698786286\n|switch|p1a: Dragapult|Dragapult, M, tera:Fighting|59\/100|[from] U-turn\n|move|p2a: Rotom|Will-O-Wisp|p1a: Dragapult\n|-status|p1a: Dragapult|brn\n|\n|-heal|p2a: Rotom|61\/100|[from] item: Leftovers\n|-damage|p1a: Dragapult|53\/100 brn|[from] brn\n|upkeep\n|turn|27\n|\n|t:|1698786296\n|switch|p2a: Florges|Florges-White, F, shiny|16\/100\n|move|p1a: Dragapult|Draco Meteor|p2a: Florges\n|-immune|p2a: Florges\n|\n|-heal|p2a: Florges|22\/100|[from] item: Leftovers\n|-damage|p1a: Dragapult|47\/100 brn|[from] brn\n|upkeep\n|turn|28\n|\n|t:|1698786303\n|switch|p1a: Bronzong|Bronzong|52\/100\n|move|p2a: Florges|Moonblast|p1a: Bronzong\n|-resisted|p1a: Bronzong\n|-damage|p1a: Bronzong|35\/100\n|\n|-heal|p2a: Florges|29\/100|[from] item: Leftovers\n|upkeep\n|turn|29\n|\n|t:|1698786307\n|move|p2a: Florges|Protect|p2a: Florges\n|-singleturn|p2a: Florges|Protect\n|move|p1a: Bronzong|Stealth Rock|p2a: Florges\n|-sidestart|p2: Factor64|move: Stealth Rock\n|\n|-heal|p2a: Florges|35\/100|[from] item: Leftovers\n|upkeep\n|turn|30\n|\n|t:|1698786337\n|switch|p2a: Rotom|Rotom-Heat|61\/100\n|-damage|p2a: Rotom|36\/100|[from] Stealth Rock\n|move|p1a: Bronzong|Heavy Slam|p2a: Rotom\n|-resisted|p2a: Rotom\n|-damage|p2a: Rotom|25\/100\n|\n|-heal|p2a: Rotom|31\/100|[from] item: Leftovers\n|upkeep\n|turn|31\n|\n|t:|1698786346\n|switch|p1a: Moltres|Moltres|100\/100\n|-ability|p1a: Moltres|Pressure\n|move|p2a: Rotom|Will-O-Wisp|p1a: Moltres|[miss]\n|-miss|p2a: Rotom|p1a: Moltres\n|\n|-heal|p2a: Rotom|37\/100|[from] item: Leftovers\n|upkeep\n|turn|32\n|\n|t:|1698786351\n|move|p1a: Moltres|U-turn|p2a: Rotom\n|-resisted|p2a: Rotom\n|-damage|p2a: Rotom|29\/100\n|\n|t:|1698786355\n|switch|p1a: Great Tusk|Great Tusk|100\/100|[from] U-turn\n|move|p2a: Rotom|Defog|p1a: Great Tusk\n|-unboost|p1a: Great Tusk|evasion|1\n|-sideend|p2: Factor64|Stealth Rock|[from] move: Defog|[of] p2a: Rotom\n|\n|-heal|p2a: Rotom|36\/100|[from] item: Leftovers\n|upkeep\n|turn|33\n|\n|t:|1698786367\n|move|p1a: Great Tusk|Knock Off|p2a: Rotom\n|-damage|p2a: Rotom|7\/100\n|-enditem|p2a: Rotom|Leftovers|[from] move: Knock Off|[of] p1a: Great Tusk\n|move|p2a: Rotom|Will-O-Wisp|p1a: Great Tusk\n|-status|p1a: Great Tusk|brn\n|\n|-damage|p1a: Great Tusk|94\/100 brn|[from] brn\n|upkeep\n|turn|34\n|\n|t:|1698786500\n|-end|p1a: Great Tusk|Protosynthesis|[silent]\n|switch|p1a: Moltres|Moltres|100\/100\n|-ability|p1a: Moltres|Pressure\n|switch|p2a: Toxapex|Toxapex, F|100\/100\n|\n|upkeep\n|turn|35\n|\n|t:|1698786508\n|move|p1a: Moltres|U-turn|p2a: Toxapex\n|-resisted|p2a: Toxapex\n|-damage|p2a: Toxapex|96\/100\n|\n|t:|1698786520\n|switch|p1a: Scolipede|Scolipede, M|100\/100|[from] U-turn\n|move|p2a: Toxapex|Knock Off|p1a: Scolipede\n|-damage|p1a: Scolipede|79\/100\n|-enditem|p1a: Scolipede|Life Orb|[from] move: Knock Off|[of] p2a: Toxapex\n|\n|-heal|p2a: Toxapex|100\/100|[from] item: Leftovers\n|upkeep\n|turn|36\n|\n|t:|1698786536\n|move|p1a: Scolipede|Swords Dance|p1a: Scolipede\n|-boost|p1a: Scolipede|atk|2\n|move|p2a: Toxapex|Scald|p1a: Scolipede\n|-damage|p1a: Scolipede|47\/100\n|-status|p1a: Scolipede|brn\n|\n|-damage|p1a: Scolipede|41\/100 brn|[from] brn\n|-ability|p1a: Scolipede|Speed Boost|boost\n|-boost|p1a: Scolipede|spe|1\n|upkeep\n|turn|37\n|c| Lunar Sloth|oof\n|\n|t:|1698786646\n|move|p1a: Scolipede|Earthquake|p2a: Toxapex\n|-supereffective|p2a: Toxapex\n|-damage|p2a: Toxapex|60\/100\n|move|p2a: Toxapex|Scald|p1a: Scolipede\n|-damage|p1a: Scolipede|10\/100 brn\n|\n|-heal|p2a: Toxapex|67\/100|[from] item: Leftovers\n|-damage|p1a: Scolipede|4\/100 brn|[from] brn\n|-ability|p1a: Scolipede|Speed Boost|boost\n|-boost|p1a: Scolipede|spe|1\n|upkeep\n|turn|38\n|\n|t:|1698786653\n|move|p1a: Scolipede|Earthquake|p2a: Toxapex\n|-supereffective|p2a: Toxapex\n|-damage|p2a: Toxapex|31\/100\n|move|p2a: Toxapex|Recover|p2a: Toxapex\n|-heal|p2a: Toxapex|81\/100\n|\n|-heal|p2a: Toxapex|88\/100|[from] item: Leftovers\n|-damage|p1a: Scolipede|0 fnt|[from] brn\n|faint|p1a: Scolipede\n|upkeep\n|\n|t:|1698786658\n|switch|p1a: Dragapult|Dragapult, M, tera:Fighting|47\/100 brn\n|turn|39\n|\n|t:|1698786706\n|move|p1a: Dragapult|U-turn|p2a: Toxapex\n|-resisted|p2a: Toxapex\n|-damage|p2a: Toxapex|85\/100\n|\n|t:|1698786711\n|switch|p1a: Bronzong|Bronzong|35\/100|[from] U-turn\n|move|p2a: Toxapex|Scald|p1a: Bronzong\n|-damage|p1a: Bronzong|20\/100\n|\n|-heal|p2a: Toxapex|92\/100|[from] item: Leftovers\n|upkeep\n|turn|40\n|\n|t:|1698786719\n|move|p2a: Toxapex|Scald|p1a: Bronzong\n|-damage|p1a: Bronzong|7\/100\n|move|p1a: Bronzong|Stealth Rock|p2a: Toxapex\n|-sidestart|p2: Factor64|move: Stealth Rock\n|\n|-heal|p2a: Toxapex|98\/100|[from] item: Leftovers\n|upkeep\n|turn|41\n|\n|t:|1698786723\n|move|p2a: Toxapex|Scald|p1a: Bronzong\n|-damage|p1a: Bronzong|0 fnt\n|faint|p1a: Bronzong\n|\n|-heal|p2a: Toxapex|100\/100|[from] item: Leftovers\n|upkeep\n|\n|t:|1698786725\n|switch|p1a: Dragapult|Dragapult, M, tera:Fighting|47\/100 brn\n|turn|42\n|\n|t:|1698786728\n|move|p1a: Dragapult|Shadow Ball|p2a: Toxapex\n|-damage|p2a: Toxapex|60\/100\n|move|p2a: Toxapex|Scald|p1a: Dragapult\n|-damage|p1a: Dragapult|25\/100 brn\n|\n|-heal|p2a: Toxapex|66\/100|[from] item: Leftovers\n|-damage|p1a: Dragapult|19\/100 brn|[from] brn\n|upkeep\n|turn|43\n|\n|t:|1698786739\n|move|p1a: Dragapult|Shadow Ball|p2a: Toxapex\n|-damage|p2a: Toxapex|22\/100\n|move|p2a: Toxapex|Scald|p1a: Dragapult\n|-damage|p1a: Dragapult|0 fnt\n|faint|p1a: Dragapult\n|\n|-heal|p2a: Toxapex|28\/100|[from] item: Leftovers\n|upkeep\n|\n|t:|1698786743\n|switch|p1a: Great Tusk|Great Tusk|94\/100 brn\n|turn|44\n|\n|t:|1698786750\n|switch|p2a: Rotom|Rotom-Heat|7\/100\n|-damage|p2a: Rotom|0 fnt|[from] Stealth Rock\n|faint|p2a: Rotom\n|move|p1a: Great Tusk|Knock Off|p2: Rotom|[notarget]\n|-fail|p1a: Great Tusk\n|\n|-heal|p1a: Great Tusk|100\/100 brn|[from] item: Leftovers\n|-damage|p1a: Great Tusk|94\/100 brn|[from] brn\n|upkeep\n|j| speedykidyo\n|\n|t:|1698786831\n|switch|p2a: Toxapex|Toxapex, F|61\/100\n|-damage|p2a: Toxapex|49\/100|[from] Stealth Rock\n|turn|45\n|c| speedykidyo|well this is going well\n|\n|t:|1698786837\n|move|p1a: Great Tusk|Bulk Up|p1a: Great Tusk\n|-boost|p1a: Great Tusk|atk|1\n|-boost|p1a: Great Tusk|def|1\n|move|p2a: Toxapex|Recover|p2a: Toxapex\n|-heal|p2a: Toxapex|99\/100\n|\n|-heal|p1a: Great Tusk|100\/100 brn|[from] item: Leftovers\n|-heal|p2a: Toxapex|100\/100|[from] item: Leftovers\n|-damage|p1a: Great Tusk|94\/100 brn|[from] brn\n|upkeep\n|turn|46\n|\n|t:|1698786839\n|move|p1a: Great Tusk|Bulk Up|p1a: Great Tusk\n|-boost|p1a: Great Tusk|atk|1\n|-boost|p1a: Great Tusk|def|1\n|move|p2a: Toxapex|Scald|p1a: Great Tusk\n|-supereffective|p1a: Great Tusk\n|-damage|p1a: Great Tusk|48\/100 brn\n|\n|-heal|p1a: Great Tusk|54\/100 brn|[from] item: Leftovers\n|-damage|p1a: Great Tusk|48\/100 brn|[from] brn\n|upkeep\n|turn|47\n|c| Smackey_5|Goin for game\n|\n|t:|1698786845\n|move|p1a: Great Tusk|Knock Off|p2a: Toxapex\n|-damage|p2a: Toxapex|83\/100\n|-enditem|p2a: Toxapex|Leftovers|[from] move: Knock Off|[of] p1a: Great Tusk\n|move|p2a: Toxapex|Scald|p1a: Great Tusk\n|-supereffective|p1a: Great Tusk\n|-damage|p1a: Great Tusk|8\/100 brn\n|\n|-heal|p1a: Great Tusk|14\/100 brn|[from] item: Leftovers\n|-damage|p1a: Great Tusk|8\/100 brn|[from] brn\n|upkeep\n|turn|48\n|\n|t:|1698786848\n|move|p1a: Great Tusk|Body Press|p2a: Toxapex\n|-resisted|p2a: Toxapex\n|-damage|p2a: Toxapex|69\/100\n|move|p2a: Toxapex|Scald|p1a: Great Tusk\n|-supereffective|p1a: Great Tusk\n|-damage|p1a: Great Tusk|0 fnt\n|faint|p1a: Great Tusk\n|-end|p1a: Great Tusk|Protosynthesis|[silent]\n|\n|upkeep\n|c| speedykidyo|nd it begins\n|\n|t:|1698786849\n|switch|p1a: Moltres|Moltres|100\/100\n|-ability|p1a: Moltres|Pressure\n|turn|49\n|\n|t:|1698786851\n|move|p1a: Moltres|Flamethrower|p2a: Toxapex\n|-resisted|p2a: Toxapex\n|-damage|p2a: Toxapex|54\/100\n|move|p2a: Toxapex|Scald|p1a: Moltres\n|-supereffective|p1a: Moltres\n|-damage|p1a: Moltres|63\/100\n|\n|upkeep\n|turn|50\n|\n|t:|1698786853\n|move|p1a: Moltres|Flamethrower|p2a: Toxapex\n|-resisted|p2a: Toxapex\n|-damage|p2a: Toxapex|40\/100\n|move|p2a: Toxapex|Recover|p2a: Toxapex\n|-heal|p2a: Toxapex|90\/100\n|\n|upkeep\n|turn|51\n|\n|t:|1698786855\n|move|p1a: Moltres|Flamethrower|p2a: Toxapex\n|-resisted|p2a: Toxapex\n|-damage|p2a: Toxapex|74\/100\n|move|p2a: Toxapex|Scald|p1a: Moltres\n|-supereffective|p1a: Moltres\n|-damage|p1a: Moltres|31\/100\n|\n|upkeep\n|turn|52\n|\n|t:|1698786857\n|move|p1a: Moltres|Flamethrower|p2a: Toxapex\n|-resisted|p2a: Toxapex\n|-damage|p2a: Toxapex|59\/100\n|move|p2a: Toxapex|Scald|p1a: Moltres\n|-supereffective|p1a: Moltres\n|-damage|p1a: Moltres|0 fnt\n|faint|p1a: Moltres\n|\n|win|Factor64\n","uploadtime":1698786869,"views":13,"p1id":"m444rf","p2id":"factor64","formatid":"gen9nationaldexubers","rating":0,"private":0,"password":""}