{"id":"gen9nationaldexubers-2000029679","p1":"KylarStern0508","p2":"dannymcq","format":"[Gen 9] National Dex Ubers","log":"|j|\u2606KylarStern0508\n|j|\u2606dannymcq\n|t:|1701143280\n|gametype|singles\n|player|p1|KylarStern0508|bruno|\n|player|p2|dannymcq|hala|\n|teamsize|p1|6\n|teamsize|p2|6\n|gen|9\n|tier|[Gen 9] National Dex Ubers\n|rule|HP Percentage Mod: HP is shown in percentages\n|rule|Endless Battle Clause: Forcing endless battles is banned\n|rule|OHKO Clause: OHKO moves are banned\n|rule|Evasion Moves Clause: Evasion moves are banned\n|rule|Evasion Items Clause: Evasion items are banned\n|rule|Species Clause: Limit one of each Pok\u00e9mon\n|rule|Sleep Clause Mod: Limit one foe put to sleep\n|rule|Mega Rayquaza Clause: You cannot mega evolve Rayquaza\n|clearpoke\n|poke|p1|Azumarill, F|\n|poke|p1|Dragapult, F|\n|poke|p1|Meowscarada, F|\n|poke|p1|Arcanine, M|\n|poke|p1|Uxie|\n|poke|p1|Muk, M|\n|poke|p2|Kleavor, M|\n|poke|p2|Moltres|\n|poke|p2|Sneasler, F|\n|poke|p2|Electrode|\n|poke|p2|Passimian, F|\n|poke|p2|Dhelmise|\n|teampreview\n|c|\u2606dannymcq|hey man good luck tonight!\n|c|\u2606KylarStern0508|u2 bud\n|j| cunningjams\n|j| ModestStarmie\n|\n|t:|1701143456\n|start\n|switch|p1a: Meowscarada|Meowscarada, F|100\/100\n|switch|p2a: Electrode|Electrode, shiny|100\/100\n|turn|1\n|\n|t:|1701143599\n|move|p2a: Electrode|Signal Beam|p1a: Meowscarada\n|-supereffective|p1a: Meowscarada\n|-enditem|p1a: Meowscarada|Focus Sash\n|-damage|p1a: Meowscarada|1\/100\n|-damage|p2a: Electrode|91\/100|[from] item: Life Orb\n|move|p1a: Meowscarada|Power Gem|p2a: Electrode\n|-start|p1a: Meowscarada|typechange|Rock|[from] ability: Protean\n|-damage|p2a: Electrode|36\/100\n|\n|upkeep\n|turn|2\n|\n|t:|1701143711\n|move|p2a: Electrode|Thunderbolt|p1a: Meowscarada\n|-damage|p1a: Meowscarada|0 fnt\n|faint|p1a: Meowscarada\n|-damage|p2a: Electrode|26\/100|[from] item: Life Orb\n|\n|upkeep\n|c|\u2606dannymcq|They see me ballin'\n|\n|t:|1701143751\n|switch|p1a: Arcanine|Arcanine, M|100\/100\n|-ability|p1a: Arcanine|Intimidate|boost\n|-unboost|p2a: Electrode|atk|1\n|turn|3\n|\n|t:|1701143842\n|switch|p2a: Moltres|Moltres|100\/100\n|move|p1a: Arcanine|Extreme Speed|p2a: Moltres\n|-damage|p2a: Moltres|71\/100\n|\n|upkeep\n|turn|4\n|\n|t:|1701143943\n|switch|p1a: Azumarill|Azumarill, F|100\/100\n|move|p2a: Moltres|Hurricane|p1a: Azumarill|[miss]\n|-miss|p2a: Moltres|p1a: Azumarill\n|\n|upkeep\n|turn|5\n|\n|t:|1701144028\n|move|p1a: Azumarill|Protect|p1a: Azumarill\n|-singleturn|p1a: Azumarill|Protect\n|move|p2a: Moltres|Will-O-Wisp|p1a: Azumarill\n|-activate|p1a: Azumarill|move: Protect\n|\n|upkeep\n|turn|6\n|\n|t:|1701144110\n|switch|p2a: Dhelmise|Dhelmise, shiny|100\/100\n|move|p1a: Azumarill|Whirlpool|p2a: Dhelmise\n|-resisted|p2a: Dhelmise\n|-damage|p2a: Dhelmise|96\/100\n|-activate|p2a: Dhelmise|move: Whirlpool|[of] p1a: Azumarill\n|\n|-damage|p2a: Dhelmise|83\/100|[from] move: Whirlpool|[partiallytrapped]\n|upkeep\n|turn|7\n|\n|t:|1701144178\n|move|p1a: Azumarill|Perish Song|p1a: Azumarill\n|-start|p1a: Azumarill|perish3|[silent]\n|-start|p2a: Dhelmise|perish3|[silent]\n|-fieldactivate|move: Perish Song\n|move|p2a: Dhelmise|Heavy Slam|p1a: Azumarill\n|-damage|p1a: Azumarill|65\/100\n|\n|-heal|p1a: Azumarill|71\/100|[from] item: Leftovers\n|-damage|p2a: Dhelmise|71\/100|[from] move: Whirlpool|[partiallytrapped]\n|-start|p1a: Azumarill|perish3\n|-start|p2a: Dhelmise|perish3\n|upkeep\n|turn|8\n|\n|t:|1701144193\n|move|p1a: Azumarill|Protect|p1a: Azumarill\n|-singleturn|p1a: Azumarill|Protect\n|move|p2a: Dhelmise|Heavy Slam|p1a: Azumarill\n|-activate|p1a: Azumarill|move: Protect\n|\n|-heal|p1a: Azumarill|77\/100|[from] item: Leftovers\n|-damage|p2a: Dhelmise|58\/100|[from] move: Whirlpool|[partiallytrapped]\n|-start|p1a: Azumarill|perish2\n|-start|p2a: Dhelmise|perish2\n|upkeep\n|turn|9\n|l| ModestStarmie\n|\n|t:|1701144270\n|move|p1a: Azumarill|Ice Spinner|p2a: Dhelmise\n|-supereffective|p2a: Dhelmise\n|-damage|p2a: Dhelmise|43\/100\n|-damage|p1a: Azumarill|61\/100|[from] item: Rocky Helmet|[of] p2a: Dhelmise\n|move|p2a: Dhelmise|Heavy Slam|p1a: Azumarill\n|-damage|p1a: Azumarill|25\/100\n|\n|-heal|p1a: Azumarill|31\/100|[from] item: Leftovers\n|-damage|p2a: Dhelmise|30\/100|[from] move: Whirlpool|[partiallytrapped]\n|-start|p1a: Azumarill|perish1\n|-start|p2a: Dhelmise|perish1\n|upkeep\n|turn|10\n|\n|t:|1701144307\n|switch|p1a: Muk|Muk, M|100\/100\n|switch|p2a: Sneasler|Sneasler, F|100\/100\n|\n|upkeep\n|turn|11\n|\n|t:|1701144342\n|move|p2a: Sneasler|Dire Claw|p1a: Muk\n|-resisted|p1a: Muk\n|-damage|p1a: Muk|79\/100\n|-status|p1a: Muk|par\n|move|p1a: Muk|Knock Off|p2a: Sneasler\n|-resisted|p2a: Sneasler\n|-damage|p2a: Sneasler|83\/100\n|-enditem|p2a: Sneasler|Choice Band|[from] move: Knock Off|[of] p1a: Muk\n|\n|-heal|p1a: Muk|85\/100 par|[from] item: Black Sludge\n|upkeep\n|turn|12\n|j| ModestStarmie\n|\n|t:|1701144375\n|switch|p2a: Kleavor|Kleavor, M|100\/100\n|move|p1a: Muk|Knock Off|p2a: Kleavor\n|-damage|p2a: Kleavor|74\/100\n|-status|p2a: Kleavor|psn|[from] ability: Poison Touch|[of] p1a: Muk\n|-enditem|p2a: Kleavor|Choice Scarf|[from] move: Knock Off|[of] p1a: Muk\n|\n|-heal|p1a: Muk|92\/100 par|[from] item: Black Sludge\n|-damage|p2a: Kleavor|62\/100 psn|[from] psn\n|upkeep\n|turn|13\n|\n|t:|1701144447\n|move|p2a: Kleavor|Stone Axe|p1a: Muk\n|-damage|p1a: Muk|56\/100 par\n|-sidestart|p1: KylarStern0508|move: Stealth Rock\n|move|p1a: Muk|Knock Off|p2a: Kleavor\n|-damage|p2a: Kleavor|42\/100 psn\n|\n|-heal|p1a: Muk|62\/100 par|[from] item: Black Sludge\n|-damage|p2a: Kleavor|29\/100 psn|[from] psn\n|upkeep\n|turn|14\n|\n|t:|1701144503\n|move|p2a: Kleavor|Stone Axe|p1a: Muk\n|-damage|p1a: Muk|24\/100 par\n|cant|p1a: Muk|par\n|\n|-heal|p1a: Muk|30\/100 par|[from] item: Black Sludge\n|-damage|p2a: Kleavor|17\/100 psn|[from] psn\n|upkeep\n|turn|15\n|\n|t:|1701144582\n|move|p2a: Kleavor|Stone Axe|p1a: Muk\n|-damage|p1a: Muk|0 fnt\n|faint|p1a: Muk\n|\n|-damage|p2a: Kleavor|4\/100 psn|[from] psn\n|upkeep\n|\n|t:|1701144674\n|switch|p1a: Dragapult|Dragapult, F|100\/100\n|-damage|p1a: Dragapult|88\/100|[from] Stealth Rock\n|turn|16\n|\n|t:|1701144682\n|move|p1a: Dragapult|Dragon Darts|p2a: Kleavor\n|-damage|p2a: Kleavor|0 fnt\n|faint|p2a: Kleavor\n|\n|upkeep\n|\n|t:|1701144705\n|switch|p2a: Electrode|Electrode, shiny|26\/100\n|turn|17\n|\n|t:|1701144789\n|switch|p1a: Azumarill|Azumarill, F|31\/100\n|-damage|p1a: Azumarill|19\/100|[from] Stealth Rock\n|move|p2a: Electrode|Foul Play|p1a: Azumarill\n|-resisted|p1a: Azumarill\n|-damage|p1a: Azumarill|13\/100\n|-damage|p2a: Electrode|16\/100|[from] item: Life Orb\n|\n|-heal|p1a: Azumarill|19\/100|[from] item: Leftovers\n|upkeep\n|turn|18\n|\n|t:|1701144864\n|move|p2a: Electrode|Thunderbolt|p1a: Azumarill\n|-supereffective|p1a: Azumarill\n|-damage|p1a: Azumarill|0 fnt\n|faint|p1a: Azumarill\n|-damage|p2a: Electrode|6\/100|[from] item: Life Orb\n|\n|upkeep\n|\n|t:|1701144956\n|switch|p1a: Arcanine|Arcanine, M|100\/100\n|-damage|p1a: Arcanine|76\/100|[from] Stealth Rock\n|-ability|p1a: Arcanine|Intimidate|boost\n|-unboost|p2a: Electrode|atk|1\n|turn|19\n|\n|t:|1701144984\n|switch|p2a: Dhelmise|Dhelmise, shiny|30\/100\n|move|p1a: Arcanine|Extreme Speed|p2a: Dhelmise\n|-immune|p2a: Dhelmise\n|\n|upkeep\n|turn|20\n|\n|t:|1701145001\n|switch|p1a: Uxie|Uxie|100\/100\n|-damage|p1a: Uxie|88\/100|[from] Stealth Rock\n|move|p2a: Dhelmise|Heavy Slam|p1a: Uxie\n|-damage|p1a: Uxie|49\/100\n|-damage|p2a: Dhelmise|14\/100|[from] item: Rocky Helmet|[of] p1a: Uxie\n|\n|upkeep\n|turn|21\n|\n|t:|1701145058\n|move|p1a: Uxie|Stealth Rock|p2a: Dhelmise\n|-sidestart|p2: dannymcq|move: Stealth Rock\n|move|p2a: Dhelmise|Heavy Slam|p1a: Uxie\n|-damage|p1a: Uxie|12\/100\n|-damage|p2a: Dhelmise|0 fnt|[from] item: Rocky Helmet|[of] p1a: Uxie\n|faint|p2a: Dhelmise\n|\n|upkeep\n|\n|t:|1701145101\n|switch|p2a: Sneasler|Sneasler, F|83\/100\n|-damage|p2a: Sneasler|77\/100|[from] Stealth Rock\n|turn|22\n|\n|t:|1701145112\n|move|p2a: Sneasler|Dire Claw|p1a: Uxie\n|-damage|p1a: Uxie|0 fnt\n|-damage|p2a: Sneasler|60\/100|[from] item: Rocky Helmet|[of] p1a: Uxie\n|faint|p1a: Uxie\n|\n|upkeep\n|\n|t:|1701145145\n|switch|p1a: Dragapult|Dragapult, F|88\/100\n|-damage|p1a: Dragapult|76\/100|[from] Stealth Rock\n|turn|23\n|\n|t:|1701145242\n|switch|p2a: Electrode|Electrode, shiny|6\/100\n|-damage|p2a: Electrode|0 fnt|[from] Stealth Rock\n|faint|p2a: Electrode\n|move|p1a: Dragapult|Dragon Darts|p2: Electrode|[notarget]\n|-fail|p1a: Dragapult\n|\n|upkeep\n|\n|t:|1701145250\n|switch|p2a: Moltres|Moltres|71\/100\n|turn|24\n|\n|t:|1701145273\n|move|p1a: Dragapult|Substitute|p1a: Dragapult\n|-start|p1a: Dragapult|Substitute\n|-damage|p1a: Dragapult|51\/100\n|move|p2a: Moltres|Hurricane|p1a: Dragapult\n|-end|p1a: Dragapult|Substitute\n|\n|upkeep\n|turn|25\n|\n|t:|1701145375\n|move|p1a: Dragapult|Substitute|p1a: Dragapult\n|-start|p1a: Dragapult|Substitute\n|-damage|p1a: Dragapult|26\/100\n|move|p2a: Moltres|Hurricane|p1a: Dragapult\n|-end|p1a: Dragapult|Substitute\n|\n|upkeep\n|turn|26\n|\n|t:|1701145382\n|move|p1a: Dragapult|Substitute|p1a: Dragapult\n|-start|p1a: Dragapult|Substitute\n|-damage|p1a: Dragapult|1\/100\n|move|p2a: Moltres|Hurricane|p1a: Dragapult|[miss]\n|-miss|p2a: Moltres|p1a: Dragapult\n|\n|upkeep\n|turn|27\n|\n|t:|1701145411\n|move|p1a: Dragapult|Dragon Darts|p2a: Moltres\n|-damage|p2a: Moltres|52\/100\n|-anim|p1a: Dragapult|Dragon Darts|p2a: Moltres\n|-damage|p2a: Moltres|32\/100\n|move|p2a: Moltres|Hurricane|p1a: Dragapult\n|-end|p1a: Dragapult|Substitute\n|\n|upkeep\n|turn|28\n|\n|t:|1701145423\n|move|p1a: Dragapult|Dragon Darts|p2a: Moltres\n|-damage|p2a: Moltres|14\/100\n|-anim|p1a: Dragapult|Dragon Darts|p2a: Moltres\n|-damage|p2a: Moltres|0 fnt\n|faint|p2a: Moltres\n|\n|upkeep\n|\n|t:|1701145430\n|switch|p2a: Passimian|Passimian, F, shiny|100\/100\n|-damage|p2a: Passimian|94\/100|[from] Stealth Rock\n|turn|29\n|\n|t:|1701145463\n|move|p1a: Dragapult|Dragon Darts|p2a: Passimian\n|-damage|p2a: Passimian|64\/100\n|-anim|p1a: Dragapult|Dragon Darts|p2a: Passimian\n|-damage|p2a: Passimian|34\/100\n|move|p2a: Passimian|Trailblaze|p1a: Dragapult\n|-resisted|p1a: Dragapult\n|-damage|p1a: Dragapult|0 fnt\n|-boost|p2a: Passimian|spe|1\n|faint|p1a: Dragapult\n|-damage|p2a: Passimian|24\/100|[from] item: Life Orb\n|\n|upkeep\n|\n|t:|1701145491\n|switch|p1a: Arcanine|Arcanine, M|76\/100\n|-damage|p1a: Arcanine|51\/100|[from] Stealth Rock\n|-ability|p1a: Arcanine|Intimidate|boost\n|-unboost|p2a: Passimian|atk|1\n|-ability|p2a: Passimian|Defiant|boost\n|-boost|p2a: Passimian|atk|2\n|turn|30\n|\n|t:|1701145499\n|-terastallize|p1a: Arcanine|Normal\n|move|p1a: Arcanine|Extreme Speed|p2a: Passimian\n|-damage|p2a: Passimian|0 fnt\n|faint|p2a: Passimian\n|\n|upkeep\n|\n|t:|1701145503\n|switch|p2a: Sneasler|Sneasler, F|60\/100\n|-damage|p2a: Sneasler|54\/100|[from] Stealth Rock\n|turn|31\n|\n|t:|1701145509\n|move|p1a: Arcanine|Extreme Speed|p2a: Sneasler\n|-damage|p2a: Sneasler|0 fnt\n|faint|p2a: Sneasler\n|\n|win|KylarStern0508\n|c|\u2606KylarStern0508|gg man\n|c|\u2606dannymcq|gg jason\n|c| cunningjams|gg dudes\n|c| cunningjams|close one!\n|l|\u2606dannymcq\n|c| ModestStarmie|great match!\n","uploadtime":1701145545,"views":22,"p1id":"kylarstern0508","p2id":"dannymcq","formatid":"gen9nationaldexubers","rating":0,"private":0,"password":""}