{"id":"gen9nationaldexubers-1988492317","p1":"xicocavier","p2":"Alexandre195","format":"[Gen 9] National Dex Ubers","log":"|j|\u2606xicocavier\n|j|\u2606Alexandre195\n|t:|1699728747\n|gametype|singles\n|player|p1|xicocavier|266|1190\n|player|p2|Alexandre195|nate|1109\n|teamsize|p1|6\n|teamsize|p2|6\n|gen|9\n|tier|[Gen 9] National Dex Ubers\n|rated|\n|rule|HP Percentage Mod: HP is shown in percentages\n|rule|Endless Battle Clause: Forcing endless battles is banned\n|rule|OHKO Clause: OHKO moves are banned\n|rule|Evasion Moves Clause: Evasion moves are banned\n|rule|Evasion Items Clause: Evasion items are banned\n|rule|Species Clause: Limit one of each Pok\u00e9mon\n|rule|Sleep Clause Mod: Limit one foe put to sleep\n|rule|Mega Rayquaza Clause: You cannot mega evolve Rayquaza\n|clearpoke\n|poke|p1|Breloom, F|\n|poke|p1|Zamazenta-*|\n|poke|p1|Blaziken, M|\n|poke|p1|Heracross, M|\n|poke|p1|Marshadow|\n|poke|p1|Machamp, F|\n|poke|p2|Mawile, F|\n|poke|p2|Scizor, M|\n|poke|p2|Aegislash, F|\n|poke|p2|Jirachi|\n|poke|p2|Heatran, M|\n|poke|p2|Kingambit, M|\n|teampreview\n|inactive|Battle timer is ON: inactive players will automatically lose when time's up. (requested by Alexandre195)\n|\n|t:|1699728755\n|start\n|switch|p1a: Breloom|Breloom, F, shiny|100\/100\n|switch|p2a: Scizor|Scizor, M|100\/100\n|turn|1\n|\n|t:|1699728763\n|move|p1a: Breloom|Spore|p2a: Scizor\n|-status|p2a: Scizor|slp|[from] move: Spore\n|cant|p2a: Scizor|slp\n|\n|upkeep\n|turn|2\n|\n|t:|1699728773\n|switch|p2a: Heatran|Heatran, M|100\/100\n|move|p1a: Breloom|Mach Punch|p2a: Heatran\n|-supereffective|p2a: Heatran\n|-damage|p2a: Heatran|44\/100\n|\n|-heal|p2a: Heatran|50\/100|[from] item: Leftovers\n|upkeep\n|turn|3\n|\n|t:|1699728782\n|move|p1a: Breloom|Mach Punch|p2a: Heatran\n|-supereffective|p2a: Heatran\n|-damage|p2a: Heatran|0 fnt\n|faint|p2a: Heatran\n|\n|upkeep\n|\n|t:|1699728787\n|switch|p2a: Mawile|Mawile, F|100\/100\n|turn|4\n|\n|t:|1699728793\n|detailschange|p2a: Mawile|Mawile-Mega, F\n|-mega|p2a: Mawile|Mawile|Mawilite\n|move|p1a: Breloom|Spore|p2a: Mawile\n|-message|Sleep Clause Mod activated.\n|-hint|Sleep Clause Mod prevents players from putting more than one of their opponent's Pok\u00e9mon to sleep at a time\n|move|p2a: Mawile|Swords Dance|p2a: Mawile\n|-boost|p2a: Mawile|atk|2\n|\n|upkeep\n|turn|5\n|\n|t:|1699728797\n|move|p1a: Breloom|Spore|p2a: Mawile\n|-message|Sleep Clause Mod activated.\n|-hint|Sleep Clause Mod prevents players from putting more than one of their opponent's Pok\u00e9mon to sleep at a time\n|move|p2a: Mawile|Play Rough|p1a: Breloom\n|-supereffective|p1a: Breloom\n|-enditem|p1a: Breloom|Focus Sash\n|-damage|p1a: Breloom|1\/100\n|\n|upkeep\n|turn|6\n|\n|t:|1699728804\n|move|p1a: Breloom|Mach Punch|p2a: Mawile\n|-damage|p2a: Mawile|70\/100\n|move|p2a: Mawile|Swords Dance|p2a: Mawile\n|-boost|p2a: Mawile|atk|2\n|\n|upkeep\n|turn|7\n|\n|t:|1699728809\n|move|p1a: Breloom|Mach Punch|p2a: Mawile\n|-damage|p2a: Mawile|38\/100\n|move|p2a: Mawile|Play Rough|p1a: Breloom\n|-supereffective|p1a: Breloom\n|-damage|p1a: Breloom|0 fnt\n|faint|p1a: Breloom\n|\n|upkeep\n|\n|t:|1699728814\n|switch|p1a: Marshadow|Marshadow|100\/100\n|turn|8\n|\n|t:|1699728817\n|move|p2a: Mawile|Sucker Punch|p1a: Marshadow\n|-damage|p1a: Marshadow|0 fnt\n|faint|p1a: Marshadow\n|\n|upkeep\n|\n|t:|1699728829\n|switch|p1a: Blaziken|Blaziken, M|100\/100\n|turn|9\n|\n|t:|1699728832\n|detailschange|p1a: Blaziken|Blaziken-Mega, M\n|-mega|p1a: Blaziken|Blaziken|Blazikenite\n|move|p1a: Blaziken|Protect|p1a: Blaziken\n|-singleturn|p1a: Blaziken|Protect\n|move|p2a: Mawile|Play Rough|p1a: Blaziken\n|-activate|p1a: Blaziken|move: Protect\n|\n|-ability|p1a: Blaziken|Speed Boost|boost\n|-boost|p1a: Blaziken|spe|1\n|upkeep\n|turn|10\n|\n|t:|1699728842\n|move|p2a: Mawile|Sucker Punch|p1a: Blaziken\n|-resisted|p1a: Blaziken\n|-damage|p1a: Blaziken|10\/100\n|move|p1a: Blaziken|Flare Blitz|p2a: Mawile\n|-supereffective|p2a: Mawile\n|-damage|p2a: Mawile|0 fnt\n|faint|p2a: Mawile\n|-damage|p1a: Blaziken|0 fnt|[from] Recoil\n|faint|p1a: Blaziken\n|\n|upkeep\n|\n|t:|1699728848\n|switch|p1a: Machamp|Machamp, F|100\/100\n|switch|p2a: Jirachi|Jirachi|100\/100\n|turn|11\n|\n|t:|1699728854\n|move|p2a: Jirachi|Trick|p1a: Machamp\n|-activate|p2a: Jirachi|move: Trick|[of] p1a: Machamp\n|-item|p1a: Machamp|Choice Scarf|[from] move: Trick\n|-item|p2a: Jirachi|Flame Orb|[from] move: Trick\n|move|p1a: Machamp|Close Combat|p2a: Jirachi\n|-damage|p2a: Jirachi|48\/100\n|-unboost|p1a: Machamp|def|1\n|-unboost|p1a: Machamp|spd|1\n|\n|-status|p2a: Jirachi|brn|[from] item: Flame Orb\n|upkeep\n|turn|12\n|\n|t:|1699728865\n|move|p2a: Jirachi|Zen Headbutt|p1a: Machamp\n|-supereffective|p1a: Machamp\n|-damage|p1a: Machamp|52\/100\n|cant|p1a: Machamp|flinch\n|\n|-damage|p2a: Jirachi|42\/100 brn|[from] brn\n|upkeep\n|turn|13\n|\n|t:|1699728869\n|move|p2a: Jirachi|Zen Headbutt|p1a: Machamp\n|-supereffective|p1a: Machamp\n|-damage|p1a: Machamp|4\/100\n|move|p1a: Machamp|Close Combat|p2a: Jirachi\n|-damage|p2a: Jirachi|0 fnt\n|-unboost|p1a: Machamp|def|1\n|-unboost|p1a: Machamp|spd|1\n|faint|p2a: Jirachi\n|\n|upkeep\n|\n|t:|1699728874\n|switch|p2a: Aegislash|Aegislash, F|100\/100\n|turn|14\n|\n|t:|1699728877\n|move|p1a: Machamp|Close Combat|p2a: Aegislash\n|-immune|p2a: Aegislash\n|move|p2a: Aegislash|Swords Dance|p2a: Aegislash\n|-boost|p2a: Aegislash|atk|2\n|\n|upkeep\n|turn|15\n|\n|t:|1699728880\n|move|p1a: Machamp|Close Combat|p2a: Aegislash\n|-immune|p2a: Aegislash\n|move|p2a: Aegislash|Swords Dance|p2a: Aegislash\n|-boost|p2a: Aegislash|atk|2\n|\n|upkeep\n|turn|16\n|\n|t:|1699728886\n|switch|p1a: Zamazenta|Zamazenta-Crowned|100\/100\n|-ability|p1a: Zamazenta|Dauntless Shield|boost\n|-boost|p1a: Zamazenta|def|1\n|move|p2a: Aegislash|Swords Dance|p2a: Aegislash\n|-boost|p2a: Aegislash|atk|2\n|\n|upkeep\n|turn|17\n|\n|t:|1699728895\n|move|p1a: Zamazenta|Behemoth Bash|p2a: Aegislash\n|-resisted|p2a: Aegislash\n|-damage|p2a: Aegislash|82\/100\n|-formechange|p2a: Aegislash|Aegislash-Blade||[from] ability: Stance Change\n|move|p2a: Aegislash|Iron Head|p1a: Zamazenta\n|-resisted|p1a: Zamazenta\n|-damage|p1a: Zamazenta|49\/100\n|\n|upkeep\n|turn|18\n|\n|t:|1699728902\n|-formechange|p2a: Aegislash|Aegislash||[from] ability: Stance Change\n|move|p2a: Aegislash|King's Shield|p2a: Aegislash\n|-singleturn|p2a: Aegislash|Protect\n|move|p1a: Zamazenta|Dig||[still]\n|-prepare|p1a: Zamazenta|Dig\n|\n|upkeep\n|turn|19\n|\n|t:|1699728908\n|move|p1a: Zamazenta|Dig|p2a: Aegislash|[from]lockedmove\n|-supereffective|p2a: Aegislash\n|-damage|p2a: Aegislash|39\/100\n|-formechange|p2a: Aegislash|Aegislash-Blade||[from] ability: Stance Change\n|move|p2a: Aegislash|Iron Head|p1a: Zamazenta\n|-resisted|p1a: Zamazenta\n|-damage|p1a: Zamazenta|4\/100\n|\n|upkeep\n|turn|20\n|\n|t:|1699728915\n|move|p2a: Aegislash|Shadow Sneak|p1a: Zamazenta\n|-damage|p1a: Zamazenta|0 fnt\n|faint|p1a: Zamazenta\n|\n|upkeep\n|\n|t:|1699728920\n|switch|p1a: Machamp|Machamp, F|4\/100\n|turn|21\n|\n|t:|1699728942\n|-formechange|p2a: Aegislash|Aegislash||[from] ability: Stance Change\n|move|p2a: Aegislash|King's Shield|p2a: Aegislash\n|-singleturn|p2a: Aegislash|Protect\n|move|p1a: Machamp|Darkest Lariat|p2a: Aegislash\n|-activate|p2a: Aegislash|move: Protect\n|-unboost|p1a: Machamp|atk|1\n|\n|upkeep\n|turn|22\n|\n|t:|1699728949\n|-formechange|p2a: Aegislash|Aegislash-Blade||[from] ability: Stance Change\n|move|p2a: Aegislash|Shadow Sneak|p1a: Machamp\n|-damage|p1a: Machamp|0 fnt\n|faint|p1a: Machamp\n|\n|upkeep\n|\n|t:|1699728952\n|switch|p1a: Heracross|Heracross, M|100\/100\n|turn|23\n|inactive|xicocavier has 120 seconds left.\n|\n|t:|1699728982\n|-formechange|p2a: Aegislash|Aegislash||[from] ability: Stance Change\n|move|p2a: Aegislash|King's Shield|p2a: Aegislash\n|-singleturn|p2a: Aegislash|Protect\n|move|p1a: Heracross|Megahorn|p2a: Aegislash\n|-activate|p2a: Aegislash|move: Protect\n|-unboost|p1a: Heracross|atk|1\n|\n|upkeep\n|turn|24\n|\n|t:|1699729010\n|move|p1a: Heracross|Megahorn|p2a: Aegislash|[miss]\n|-miss|p1a: Heracross|p2a: Aegislash\n|-formechange|p2a: Aegislash|Aegislash-Blade||[from] ability: Stance Change\n|move|p2a: Aegislash|Iron Head|p1a: Heracross\n|-damage|p1a: Heracross|0 fnt\n|faint|p1a: Heracross\n|\n|win|Alexandre195\n|raw|xicocavier's rating: 1190 &rarr; <strong>1159<\/strong><br \/>(-31 for losing)\n|raw|Alexandre195's rating: 1109 &rarr; <strong>1140<\/strong><br \/>(+31 for winning)\n","uploadtime":1699729018,"views":5,"p1id":"xicocavier","p2id":"alexandre195","formatid":"gen9nationaldexubers","rating":1140,"private":0,"password":""}