{"id":"gen9nationaldexubers-1985115448","p1":"AlolanSandslashOU","p2":"Yuinna.","format":"[Gen 9] National Dex Ubers","log":"|j|\u2606AlolanSandslashOU\n|j|\u2606Yuinna.\n|t:|1699332987\n|gametype|singles\n|player|p1|AlolanSandslashOU|volkner|\n|player|p2|Yuinna.|serena-masters|\n|teamsize|p1|6\n|teamsize|p2|6\n|gen|9\n|tier|[Gen 9] National Dex Ubers\n|rule|HP Percentage Mod: HP is shown in percentages\n|rule|Endless Battle Clause: Forcing endless battles is banned\n|rule|OHKO Clause: OHKO moves are banned\n|rule|Evasion Moves Clause: Evasion moves are banned\n|rule|Evasion Items Clause: Evasion items are banned\n|rule|Species Clause: Limit one of each Pok\u00e9mon\n|rule|Sleep Clause Mod: Limit one foe put to sleep\n|rule|Mega Rayquaza Clause: You cannot mega evolve Rayquaza\n|clearpoke\n|poke|p1|Arctozolt|\n|poke|p1|Ninetales-Alola, M|\n|poke|p1|Frosmoth, M|\n|poke|p1|Weavile, M|\n|poke|p1|Manaphy|\n|poke|p1|Baxcalibur, M|\n|poke|p2|Slowking-Galar, F|\n|poke|p2|Ampharos, F|\n|poke|p2|Alomomola, M|\n|poke|p2|Ferrothorn, M|\n|poke|p2|Enamorus-Therian, F|\n|poke|p2|Glastrier|\n|teampreview\n|inactive|Battle timer is ON: inactive players will automatically lose when time's up. (requested by Yuinna.)\n|c|\u2606Yuinna.|hf\n|c|\u2606AlolanSandslashOU|This team\n|c|\u2606Yuinna.|what restriction?\n|c|\u2606AlolanSandslashOU|Looks very familiar to me\n|c|\u2606AlolanSandslashOU|Z moves\n|c|\u2606Yuinna.|yea\n|\n|t:|1699333014\n|start\n|switch|p1a: Weavile|Weavile, M|100\/100\n|switch|p2a: Ferrothorn|Ferrothorn, M|100\/100\n|-ability|p1a: Weavile|Pressure\n|turn|1\n|c|\u2606Yuinna.|didnt drei use this team against you\n|\n|t:|1699333025\n|move|p1a: Weavile|Knock Off|p2a: Ferrothorn\n|-damage|p2a: Ferrothorn|75\/100\n|-damage|p1a: Weavile|88\/100|[from] ability: Iron Barbs|[of] p2a: Ferrothorn\n|-enditem|p2a: Ferrothorn|Leftovers|[from] move: Knock Off|[of] p1a: Weavile\n|move|p2a: Ferrothorn|Thunder Wave|p1a: Weavile\n|-status|p1a: Weavile|par\n|\n|upkeep\n|turn|2\n|c|\u2606AlolanSandslashOU|precisely\n|\n|t:|1699333037\n|cant|p1a: Weavile|par\n|move|p2a: Ferrothorn|Leech Seed|p1a: Weavile\n|-start|p1a: Weavile|move: Leech Seed\n|\n|-damage|p1a: Weavile|76\/100 par|[from] Leech Seed|[of] p2a: Ferrothorn\n|-heal|p2a: Ferrothorn|85\/100|[silent]\n|upkeep\n|turn|3\n|\n|t:|1699333040\n|cant|p1a: Weavile|par\n|move|p2a: Ferrothorn|Gyro Ball|p1a: Weavile\n|-supereffective|p1a: Weavile\n|-damage|p1a: Weavile|0 fnt\n|faint|p1a: Weavile\n|\n|upkeep\n|c|\u2606AlolanSandslashOU|Mane\n|c|\u2606AlolanSandslashOU|i love Pok\u00e9mon!\n|c|\u2606Yuinna.|yeah he borrowed it from me\n|\n|t:|1699333055\n|switch|p1a: Arctozolt|Arctozolt|100\/100\n|turn|4\n|\n|t:|1699333068\n|move|p1a: Arctozolt|Substitute|p1a: Arctozolt\n|-start|p1a: Arctozolt|Substitute\n|-damage|p1a: Arctozolt|76\/100\n|move|p2a: Ferrothorn|Leech Seed||[still]\n|-fail|p2a: Ferrothorn\n|\n|upkeep\n|turn|5\n|\n|t:|1699333073\n|move|p1a: Arctozolt|Low Kick|p2a: Ferrothorn\n|-supereffective|p2a: Ferrothorn\n|-damage|p2a: Ferrothorn|44\/100\n|-damage|p1a: Arctozolt|63\/100|[from] ability: Iron Barbs|[of] p2a: Ferrothorn\n|move|p2a: Ferrothorn|Gyro Ball|p1a: Arctozolt\n|-end|p1a: Arctozolt|Substitute\n|\n|upkeep\n|turn|6\n|\n|t:|1699333080\n|move|p1a: Arctozolt|Low Kick|p2a: Ferrothorn\n|-supereffective|p2a: Ferrothorn\n|-damage|p2a: Ferrothorn|8\/100\n|-damage|p1a: Arctozolt|51\/100|[from] ability: Iron Barbs|[of] p2a: Ferrothorn\n|move|p2a: Ferrothorn|Gyro Ball|p1a: Arctozolt\n|-damage|p1a: Arctozolt|3\/100\n|\n|upkeep\n|turn|7\n|\n|t:|1699333097\n|move|p1a: Arctozolt|Blizzard|p2a: Ferrothorn\n|-damage|p2a: Ferrothorn|0 fnt\n|faint|p2a: Ferrothorn\n|\n|upkeep\n|\n|t:|1699333107\n|switch|p2a: Alomomola|Alomomola, M|100\/100\n|turn|8\n|\n|t:|1699333111\n|switch|p1a: Ninetales|Ninetales-Alola, M|100\/100\n|-weather|Snow|[from] ability: Snow Warning|[of] p1a: Ninetales\n|move|p2a: Alomomola|Flip Turn|p1a: Ninetales\n|-damage|p1a: Ninetales|86\/100\n|\n|t:|1699333117\n|switch|p2a: Slowking|Slowking-Galar, F|100\/100|[from] Flip Turn\n|\n|-weather|Snow|[upkeep]\n|upkeep\n|turn|9\n|\n|t:|1699333120\n|move|p1a: Ninetales|Aurora Veil|p1a: Ninetales\n|-sidestart|p1: AlolanSandslashOU|move: Aurora Veil\n|move|p2a: Slowking|Toxic|p1a: Ninetales\n|-status|p1a: Ninetales|tox\n|\n|-weather|Snow|[upkeep]\n|-damage|p1a: Ninetales|80\/100 tox|[from] psn\n|upkeep\n|turn|10\n|\n|t:|1699333126\n|move|p1a: Ninetales|Encore|p2a: Slowking\n|-start|p2a: Slowking|Encore\n|move|p2a: Slowking|Toxic|p1a: Ninetales\n|-fail|p1a: Ninetales|tox\n|\n|-weather|Snow|[upkeep]\n|-damage|p1a: Ninetales|68\/100 tox|[from] psn\n|upkeep\n|turn|11\n|\n|t:|1699333132\n|switch|p2a: Alomomola|Alomomola, M|100\/100\n|move|p1a: Ninetales|Moonblast|p2a: Alomomola\n|-damage|p2a: Alomomola|58\/100\n|\n|-weather|Snow|[upkeep]\n|-damage|p1a: Ninetales|50\/100 tox|[from] psn\n|upkeep\n|turn|12\n|\n|t:|1699333137\n|switch|p1a: Arctozolt|Arctozolt|3\/100\n|move|p2a: Alomomola|Flip Turn|p1a: Arctozolt\n|-damage|p1a: Arctozolt|0 fnt\n|faint|p1a: Arctozolt\n|\n|t:|1699333142\n|switch|p2a: Slowking|Slowking-Galar, F|100\/100|[from] Flip Turn\n|\n|-weather|none\n|upkeep\n|\n|t:|1699333150\n|switch|p1a: Ninetales|Ninetales-Alola, M|50\/100 tox\n|-weather|Snow|[from] ability: Snow Warning|[of] p1a: Ninetales\n|turn|13\n|\n|t:|1699333176\n|move|p1a: Ninetales|Freeze-Dry|p2a: Slowking\n|-damage|p2a: Slowking|83\/100\n|move|p2a: Slowking|Trick Room|p2a: Slowking\n|-fieldstart|move: Trick Room|[of] p2a: Slowking\n|\n|-weather|Snow|[upkeep]\n|-damage|p1a: Ninetales|44\/100 tox|[from] psn\n|upkeep\n|turn|14\n|c|\u2606AlolanSandslashOU|I hate this fucking team so much lmao\n|c|\u2606Yuinna.|why\n|c|\u2606AlolanSandslashOU|I barely managed to scrape by against drei using my gym challenger team\n|inactive|AlolanSandslashOU has 270 seconds left.\n|\n|t:|1699333208\n|move|p2a: Slowking|Chilly Reception|p2a: Slowking\n|\n|t:|1699333215\n|switch|p2a: Glastrier|Glastrier|100\/100|[from] Chilly Reception\n|move|p1a: Ninetales|Moonblast|p2a: Glastrier\n|-damage|p2a: Glastrier|74\/100\n|\n|-weather|Snow|[upkeep]\n|-heal|p2a: Glastrier|81\/100|[from] item: Leftovers\n|-damage|p1a: Ninetales|32\/100 tox|[from] psn\n|upkeep\n|turn|15\n|\n|t:|1699333222\n|move|p2a: Glastrier|Close Combat|p1a: Ninetales\n|-damage|p1a: Ninetales|9\/100 tox\n|-unboost|p2a: Glastrier|def|1\n|-unboost|p2a: Glastrier|spd|1\n|move|p1a: Ninetales|Encore|p2a: Glastrier\n|-start|p2a: Glastrier|Encore\n|\n|-weather|Snow|[upkeep]\n|-heal|p2a: Glastrier|87\/100|[from] item: Leftovers\n|-damage|p1a: Ninetales|0 fnt|[from] psn\n|faint|p1a: Ninetales\n|upkeep\n|\n|t:|1699333229\n|switch|p1a: Frosmoth|Frosmoth, M|100\/100\n|turn|16\n|\n|t:|1699333233\n|switch|p2a: Slowking|Slowking-Galar, F|100\/100\n|move|p1a: Frosmoth|Quiver Dance|p1a: Frosmoth\n|-boost|p1a: Frosmoth|spa|1\n|-boost|p1a: Frosmoth|spd|1\n|-boost|p1a: Frosmoth|spe|1\n|\n|-weather|Snow|[upkeep]\n|-sideend|p1: AlolanSandslashOU|move: Aurora Veil\n|upkeep\n|turn|17\n|\n|t:|1699333237\n|move|p2a: Slowking|Toxic|p1a: Frosmoth\n|-status|p1a: Frosmoth|tox\n|move|p1a: Frosmoth|Quiver Dance|p1a: Frosmoth\n|-boost|p1a: Frosmoth|spa|1\n|-boost|p1a: Frosmoth|spd|1\n|-boost|p1a: Frosmoth|spe|1\n|\n|-weather|none\n|-damage|p1a: Frosmoth|94\/100 tox|[from] psn\n|-fieldend|move: Trick Room\n|upkeep\n|turn|18\n|\n|t:|1699333248\n|-terastallize|p2a: Slowking|Fire\n|move|p1a: Frosmoth|Ice Beam|p2a: Slowking\n|-resisted|p2a: Slowking\n|-damage|p2a: Slowking|71\/100\n|move|p2a: Slowking|Trick Room|p2a: Slowking\n|-fieldstart|move: Trick Room|[of] p2a: Slowking\n|\n|-damage|p1a: Frosmoth|82\/100 tox|[from] psn\n|upkeep\n|turn|19\n|\n|t:|1699333260\n|move|p2a: Slowking|Focus Blast|p1a: Frosmoth\n|-damage|p1a: Frosmoth|72\/100 tox\n|move|p1a: Frosmoth|Bug Buzz|p2a: Slowking\n|-resisted|p2a: Slowking\n|-damage|p2a: Slowking|42\/100\n|\n|-damage|p1a: Frosmoth|54\/100 tox|[from] psn\n|upkeep\n|turn|20\n|\n|t:|1699333263\n|move|p2a: Slowking|Chilly Reception|p2a: Slowking\n|-weather|Snow\n|\n|t:|1699333265\n|switch|p2a: Alomomola|Alomomola, M|92\/100|[from] Chilly Reception\n|move|p1a: Frosmoth|Bug Buzz|p2a: Alomomola\n|-crit|p2a: Alomomola\n|-damage|p2a: Alomomola|0 fnt\n|faint|p2a: Alomomola\n|\n|-weather|Snow|[upkeep]\n|-damage|p1a: Frosmoth|30\/100 tox|[from] psn\n|upkeep\n|\n|t:|1699333269\n|switch|p2a: Ampharos|Ampharos, F|100\/100\n|turn|21\n|\n|t:|1699333274\n|detailschange|p2a: Ampharos|Ampharos-Mega, F\n|-mega|p2a: Ampharos|Ampharos|Ampharosite\n|-ability|p2a: Ampharos|Mold Breaker\n|move|p2a: Ampharos|Volt Switch|p1a: Frosmoth\n|-damage|p1a: Frosmoth|0 fnt\n|faint|p1a: Frosmoth\n|\n|t:|1699333289\n|switch|p2a: Glastrier|Glastrier|87\/100|[from] Volt Switch\n|\n|-weather|Snow|[upkeep]\n|-heal|p2a: Glastrier|93\/100|[from] item: Leftovers\n|upkeep\n|\n|t:|1699333295\n|switch|p1a: Manaphy|Manaphy|100\/100\n|turn|22\n|inactive|AlolanSandslashOU has 270 seconds left.\n|inactive|Yuinna. has 270 seconds left.\n|\n|t:|1699333346\n|move|p2a: Glastrier|Substitute|p2a: Glastrier\n|-start|p2a: Glastrier|Substitute\n|-damage|p2a: Glastrier|68\/100\n|move|p1a: Manaphy|Tail Glow|p1a: Manaphy\n|-boost|p1a: Manaphy|spa|3\n|\n|-weather|Snow|[upkeep]\n|-heal|p2a: Glastrier|74\/100|[from] item: Leftovers\n|-fieldend|move: Trick Room\n|upkeep\n|turn|23\n|c|\u2606AlolanSandslashOU|Mb\n|\n|t:|1699333358\n|move|p1a: Manaphy|Surf|p2a: Glastrier\n|-end|p2a: Glastrier|Substitute\n|move|p2a: Glastrier|Icicle Crash|p1a: Manaphy|[miss]\n|-miss|p2a: Glastrier|p1a: Manaphy\n|\n|-weather|Snow|[upkeep]\n|-heal|p2a: Glastrier|81\/100|[from] item: Leftovers\n|upkeep\n|turn|24\n|\n|t:|1699333364\n|move|p1a: Manaphy|Tail Glow|p1a: Manaphy\n|-boost|p1a: Manaphy|spa|3\n|move|p2a: Glastrier|Icicle Crash|p1a: Manaphy\n|-resisted|p1a: Manaphy\n|-damage|p1a: Manaphy|73\/100\n|\n|-weather|none\n|-heal|p2a: Glastrier|87\/100|[from] item: Leftovers\n|upkeep\n|turn|25\n|inactive|Yuinna. has 270 seconds left.\n|\n|t:|1699333370\n|move|p1a: Manaphy|Surf|p2a: Glastrier\n|-damage|p2a: Glastrier|0 fnt\n|faint|p2a: Glastrier\n|\n|upkeep\n|\n|t:|1699333373\n|switch|p2a: Ampharos|Ampharos-Mega, F|100\/100\n|-ability|p2a: Ampharos|Mold Breaker\n|turn|26\n|c|\u2606Yuinna.|damn i lost\n|\n|t:|1699333380\n|-terastallize|p1a: Manaphy|Grass\n|move|p1a: Manaphy|Surf|p2a: Ampharos\n|-resisted|p2a: Ampharos\n|-damage|p2a: Ampharos|38\/100\n|move|p2a: Ampharos|Thunderbolt|p1a: Manaphy\n|-resisted|p1a: Manaphy\n|-damage|p1a: Manaphy|41\/100\n|\n|upkeep\n|turn|27\n|\n|t:|1699333389\n|move|p1a: Manaphy|Surf|p2a: Ampharos\n|-resisted|p2a: Ampharos\n|-damage|p2a: Ampharos|0 fnt\n|faint|p2a: Ampharos\n|\n|upkeep\n|\n|t:|1699333393\n|switch|p2a: Enamorus|Enamorus-Therian, F|100\/100\n|turn|28\n|\n|t:|1699333399\n|move|p1a: Manaphy|Surf|p2a: Enamorus\n|-damage|p2a: Enamorus|0 fnt\n|faint|p2a: Enamorus\n|\n|upkeep\n|\n|t:|1699333403\n|switch|p2a: Slowking|Slowking-Galar, F, tera:Fire|75\/100\n|turn|29\n|c|\u2606AlolanSandslashOU|Ggs\n|c|\u2606Yuinna.|sweep\n|c|\u2606AlolanSandslashOU|that was close\n|\n|t:|1699333415\n|move|p1a: Manaphy|Surf|p2a: Slowking\n|-supereffective|p2a: Slowking\n|-damage|p2a: Slowking|0 fnt\n|faint|p2a: Slowking\n|\n|win|AlolanSandslashOU\n|c|\u2606AlolanSandslashOU|But you\u2019ve suffered from frostbite\n|c|\u2606Yuinna.|sad\n|c|\u2606AlolanSandslashOU|6hr cd\n|c|\u2606AlolanSandslashOU|gg\n|l|\u2606AlolanSandslashOU\n|j|\u2606AlolanSandslashOU\n|player|p1|AlolanSandslashOU|volkner\n","uploadtime":1699333479,"views":7,"p1id":"alolansandslashou","p2id":"yuinna","formatid":"gen9nationaldexubers","rating":0,"private":0,"password":""}