{"id":"gen9nationaldexubers-1991749787","p1":"Fazy1","p2":"Fazykins","format":"[Gen 9] National Dex Ubers","log":"|j|\u2606Fazy1\n|j|\u2606Fazykins\n|t:|1700110794\n|gametype|singles\n|player|p1|Fazy1|2|\n|player|p2|Fazykins|2|\n|teamsize|p1|1\n|teamsize|p2|1\n|gen|9\n|tier|[Gen 9] National Dex Ubers\n|rule|HP Percentage Mod: HP is shown in percentages\n|rule|Endless Battle Clause: Forcing endless battles is banned\n|rule|OHKO Clause: OHKO moves are banned\n|rule|Evasion Moves Clause: Evasion moves are banned\n|rule|Evasion Items Clause: Evasion items are banned\n|rule|Species Clause: Limit one of each Pok\u00e9mon\n|rule|Sleep Clause Mod: Limit one foe put to sleep\n|rule|Mega Rayquaza Clause: You cannot mega evolve Rayquaza\n|clearpoke\n|poke|p1|Quaquaval, F|\n|poke|p2|Squirtle, M|\n|teampreview\n|\n|t:|1700110800\n|start\n|switch|p1a: Quaquaval|Quaquaval, F|100\/100\n|switch|p2a: Squirtle|Squirtle, M|100\/100\n|turn|1\n|\n|t:|1700110805\n|move|p1a: Quaquaval|Close Combat|p2a: Squirtle\n|-damage|p2a: Squirtle|38\/100\n|-unboost|p1a: Quaquaval|def|1\n|-unboost|p1a: Quaquaval|spd|1\n|move|p2a: Squirtle|Iron Defense|p2a: Squirtle\n|-boost|p2a: Squirtle|def|2\n|\n|-heal|p2a: Squirtle|44\/100|[from] item: Leftovers\n|upkeep\n|turn|2\n|\n|t:|1700110815\n|move|p2a: Squirtle|Protect|p2a: Squirtle\n|-singleturn|p2a: Squirtle|Protect\n|move|p1a: Quaquaval|Close Combat|p2a: Squirtle\n|-activate|p2a: Squirtle|move: Protect\n|\n|-heal|p2a: Squirtle|50\/100|[from] item: Leftovers\n|upkeep\n|turn|3\n|\n|t:|1700110825\n|move|p1a: Quaquaval|Close Combat|p2a: Squirtle\n|-damage|p2a: Squirtle|19\/100\n|-unboost|p1a: Quaquaval|def|1\n|-unboost|p1a: Quaquaval|spd|1\n|move|p2a: Squirtle|Aqua Ring|p2a: Squirtle\n|-start|p2a: Squirtle|Aqua Ring\n|\n|-heal|p2a: Squirtle|25\/100|[from] item: Leftovers\n|-heal|p2a: Squirtle|32\/100|[from] Aqua Ring\n|upkeep\n|turn|4\n|\n|t:|1700110838\n|move|p2a: Squirtle|Protect|p2a: Squirtle\n|-singleturn|p2a: Squirtle|Protect\n|move|p1a: Quaquaval|Close Combat|p2a: Squirtle\n|-activate|p2a: Squirtle|move: Protect\n|\n|-heal|p2a: Squirtle|38\/100|[from] item: Leftovers\n|-heal|p2a: Squirtle|44\/100|[from] Aqua Ring\n|upkeep\n|turn|5\n|\n|t:|1700110851\n|move|p1a: Quaquaval|Close Combat|p2a: Squirtle\n|-damage|p2a: Squirtle|13\/100\n|-unboost|p1a: Quaquaval|def|1\n|-unboost|p1a: Quaquaval|spd|1\n|move|p2a: Squirtle|Iron Defense|p2a: Squirtle\n|-boost|p2a: Squirtle|def|2\n|\n|-heal|p2a: Squirtle|19\/100|[from] item: Leftovers\n|-heal|p2a: Squirtle|25\/100|[from] Aqua Ring\n|upkeep\n|turn|6\n|\n|t:|1700110865\n|move|p2a: Squirtle|Protect|p2a: Squirtle\n|-singleturn|p2a: Squirtle|Protect\n|move|p1a: Quaquaval|Aqua Step|p2a: Squirtle\n|-activate|p2a: Squirtle|move: Protect\n|\n|-heal|p2a: Squirtle|31\/100|[from] item: Leftovers\n|-heal|p2a: Squirtle|37\/100|[from] Aqua Ring\n|upkeep\n|turn|7\n|\n|t:|1700110876\n|move|p1a: Quaquaval|Close Combat|p2a: Squirtle\n|-damage|p2a: Squirtle|16\/100\n|-unboost|p1a: Quaquaval|def|1\n|-unboost|p1a: Quaquaval|spd|1\n|move|p2a: Squirtle|Iron Defense|p2a: Squirtle\n|-boost|p2a: Squirtle|def|2\n|\n|-heal|p2a: Squirtle|22\/100|[from] item: Leftovers\n|-heal|p2a: Squirtle|28\/100|[from] Aqua Ring\n|upkeep\n|turn|8\n|\n|t:|1700110888\n|move|p2a: Squirtle|Protect|p2a: Squirtle\n|-singleturn|p2a: Squirtle|Protect\n|move|p1a: Quaquaval|Ice Spinner|p2a: Squirtle\n|-activate|p2a: Squirtle|move: Protect\n|\n|-heal|p2a: Squirtle|34\/100|[from] item: Leftovers\n|-heal|p2a: Squirtle|40\/100|[from] Aqua Ring\n|upkeep\n|turn|9\n|\n|t:|1700110897\n|move|p1a: Quaquaval|Close Combat|p2a: Squirtle\n|-damage|p2a: Squirtle|24\/100\n|-unboost|p1a: Quaquaval|def|1\n|-unboost|p1a: Quaquaval|spd|1\n|move|p2a: Squirtle|Whirlpool|p1a: Quaquaval\n|-resisted|p1a: Quaquaval\n|-damage|p1a: Quaquaval|75\/100\n|-activate|p1a: Quaquaval|move: Whirlpool|[of] p2a: Squirtle\n|\n|-heal|p2a: Squirtle|31\/100|[from] item: Leftovers\n|-heal|p2a: Squirtle|37\/100|[from] Aqua Ring\n|-damage|p1a: Quaquaval|63\/100|[from] move: Whirlpool|[partiallytrapped]\n|upkeep\n|turn|10\n|\n|t:|1700110913\n|move|p2a: Squirtle|Protect|p2a: Squirtle\n|-singleturn|p2a: Squirtle|Protect\n|move|p1a: Quaquaval|Aqua Step|p2a: Squirtle\n|-activate|p2a: Squirtle|move: Protect\n|\n|-heal|p2a: Squirtle|43\/100|[from] item: Leftovers\n|-heal|p2a: Squirtle|49\/100|[from] Aqua Ring\n|-damage|p1a: Quaquaval|51\/100|[from] move: Whirlpool|[partiallytrapped]\n|upkeep\n|turn|11\n|\n|t:|1700110925\n|move|p1a: Quaquaval|Close Combat|p2a: Squirtle\n|-damage|p2a: Squirtle|32\/100\n|-unboost|p1a: Quaquaval|def|1\n|-unboost|p1a: Quaquaval|spd|1\n|move|p2a: Squirtle|Whirlpool|p1a: Quaquaval\n|-resisted|p1a: Quaquaval\n|-damage|p1a: Quaquaval|24\/100\n|\n|-heal|p2a: Squirtle|39\/100|[from] item: Leftovers\n|-heal|p2a: Squirtle|45\/100|[from] Aqua Ring\n|-damage|p1a: Quaquaval|11\/100|[from] move: Whirlpool|[partiallytrapped]\n|upkeep\n|turn|12\n|\n|t:|1700110938\n|move|p2a: Squirtle|Protect|p2a: Squirtle\n|-singleturn|p2a: Squirtle|Protect\n|move|p1a: Quaquaval|Aqua Jet|p2a: Squirtle\n|-activate|p2a: Squirtle|move: Protect\n|\n|-heal|p2a: Squirtle|51\/100|[from] item: Leftovers\n|-heal|p2a: Squirtle|57\/100|[from] Aqua Ring\n|-damage|p1a: Quaquaval|0 fnt|[from] move: Whirlpool|[partiallytrapped]\n|faint|p1a: Quaquaval\n|\n|win|Fazykins\n|upkeep\n","uploadtime":1700110958,"views":7,"p1id":"fazy1","p2id":"fazykins","formatid":"gen9nationaldexubers","rating":0,"private":0,"password":""}