{"id":"gen9nationaldexubers-1984824154","p1":"Malice Incarnate","p2":"85792195wwww","format":"[Gen 9] National Dex Ubers","log":"|j|\u2606Malice Incarnate\n|j|\u260685792195wwww\n|t:|1699302082\n|gametype|singles\n|player|p1|Malice Incarnate|palmer|1516\n|player|p2|85792195wwww|mira|1824\n|teamsize|p1|6\n|teamsize|p2|6\n|gen|9\n|tier|[Gen 9] National Dex Ubers\n|rated|\n|rule|HP Percentage Mod: HP is shown in percentages\n|rule|Endless Battle Clause: Forcing endless battles is banned\n|rule|OHKO Clause: OHKO moves are banned\n|rule|Evasion Moves Clause: Evasion moves are banned\n|rule|Evasion Items Clause: Evasion items are banned\n|rule|Species Clause: Limit one of each Pok\u00e9mon\n|rule|Sleep Clause Mod: Limit one foe put to sleep\n|rule|Mega Rayquaza Clause: You cannot mega evolve Rayquaza\n|clearpoke\n|poke|p1|Groudon|\n|poke|p1|Arceus-Dark|\n|poke|p1|Ho-Oh|\n|poke|p1|Zygarde|\n|poke|p1|Necrozma-Dusk-Mane|\n|poke|p1|Ditto|\n|poke|p2|Zacian-*|\n|poke|p2|Groudon|\n|poke|p2|Krookodile, M|\n|poke|p2|Mewtwo|\n|poke|p2|Xerneas-*|\n|poke|p2|Arceus|\n|teampreview\n|inactive|Battle timer is ON: inactive players will automatically lose when time's up. (requested by Malice Incarnate)\n|\n|t:|1699302102\n|start\n|switch|p1a: Groudon|Groudon|100\/100\n|switch|p2a: Zacian|Zacian-Crowned|100\/100\n|-ability|p2a: Zacian|Intrepid Sword|boost\n|-boost|p2a: Zacian|atk|1\n|detailschange|p1a: Groudon|Groudon-Primal\n|-primal|p1a: Groudon|Red Orb\n|-weather|DesolateLand|[from] ability: Desolate Land|[of] p1a: Groudon\n|turn|1\n|\n|t:|1699302116\n|move|p2a: Zacian|Close Combat|p1a: Groudon\n|-damage|p1a: Groudon|67\/100\n|-unboost|p2a: Zacian|def|1\n|-unboost|p2a: Zacian|spd|1\n|move|p1a: Groudon|Precipice Blades|p2a: Zacian\n|-supereffective|p2a: Zacian\n|-damage|p2a: Zacian|0 fnt\n|faint|p2a: Zacian\n|\n|-weather|DesolateLand|[upkeep]\n|upkeep\n|\n|t:|1699302126\n|switch|p2a: Krookodile|Krookodile, M|100\/100\n|-ability|p2a: Krookodile|Intimidate|boost\n|-unboost|p1a: Groudon|atk|1\n|turn|2\n|\n|t:|1699302134\n|-weather|none\n|switch|p1a: Arceus|Arceus-Dark|100\/100\n|move|p2a: Krookodile|Stealth Rock|p1a: Arceus\n|-sidestart|p1: Malice Incarnate|move: Stealth Rock\n|\n|upkeep\n|turn|3\n|\n|t:|1699302141\n|move|p2a: Krookodile|Bulldoze|p1a: Arceus\n|-damage|p1a: Arceus|84\/100\n|-unboost|p1a: Arceus|spe|1\n|move|p1a: Arceus|Taunt|p2a: Krookodile\n|-start|p2a: Krookodile|move: Taunt\n|\n|upkeep\n|turn|4\n|\n|t:|1699302149\n|move|p2a: Krookodile|Bulldoze|p1a: Arceus\n|-damage|p1a: Arceus|68\/100\n|-unboost|p1a: Arceus|spe|1\n|move|p1a: Arceus|Toxic|p2a: Krookodile|[miss]\n|-miss|p1a: Arceus|p2a: Krookodile\n|\n|upkeep\n|turn|5\n|\n|t:|1699302157\n|move|p2a: Krookodile|Bulldoze|p1a: Arceus\n|-damage|p1a: Arceus|53\/100\n|-unboost|p1a: Arceus|spe|1\n|move|p1a: Arceus|Toxic|p2a: Krookodile\n|-status|p2a: Krookodile|tox\n|\n|-damage|p2a: Krookodile|94\/100 tox|[from] psn\n|upkeep\n|turn|6\n|\n|t:|1699302173\n|switch|p2a: Xerneas|Xerneas|100\/100\n|-ability|p2a: Xerneas|Fairy Aura\n|move|p1a: Arceus|Recover|p1a: Arceus\n|-heal|p1a: Arceus|100\/100\n|\n|upkeep\n|turn|7\n|\n|t:|1699302181\n|switch|p1a: Ho-Oh|Ho-Oh|100\/100\n|move|p2a: Xerneas|Geomancy||[still]\n|-prepare|p2a: Xerneas|Geomancy\n|-enditem|p2a: Xerneas|Power Herb\n|-anim|p2a: Xerneas|Geomancy|p2a: Xerneas\n|-boost|p2a: Xerneas|spa|2\n|-boost|p2a: Xerneas|spd|2\n|-boost|p2a: Xerneas|spe|2\n|\n|upkeep\n|turn|8\n|\n|t:|1699302190\n|-terastallize|p1a: Ho-Oh|Grass\n|move|p2a: Xerneas|Thunderbolt|p1a: Ho-Oh\n|-resisted|p1a: Ho-Oh\n|-damage|p1a: Ho-Oh|83\/100\n|-status|p1a: Ho-Oh|par\n|move|p1a: Ho-Oh|Whirlwind|p2a: Xerneas\n|drag|p2a: Krookodile|Krookodile, M|94\/100 tox\n|-ability|p2a: Krookodile|Intimidate|boost\n|-unboost|p1a: Ho-Oh|atk|1\n|\n|-damage|p2a: Krookodile|88\/100 tox|[from] psn\n|upkeep\n|turn|9\n|\n|t:|1699302204\n|move|p2a: Krookodile|Knock Off|p1a: Ho-Oh\n|-damage|p1a: Ho-Oh|50\/100 par\n|-enditem|p1a: Ho-Oh|Heavy-Duty Boots|[from] move: Knock Off|[of] p2a: Krookodile\n|move|p1a: Ho-Oh|Defog|p2a: Krookodile\n|-unboost|p2a: Krookodile|evasion|1\n|-sideend|p1: Malice Incarnate|Stealth Rock|[from] move: Defog|[of] p1a: Ho-Oh\n|\n|-damage|p2a: Krookodile|76\/100 tox|[from] psn\n|upkeep\n|turn|10\n|\n|t:|1699302214\n|switch|p1a: Zygarde|Zygarde|100\/100\n|move|p2a: Krookodile|Stealth Rock|p1a: Zygarde\n|-sidestart|p1: Malice Incarnate|move: Stealth Rock\n|\n|-damage|p2a: Krookodile|58\/100 tox|[from] psn\n|upkeep\n|turn|11\n|\n|t:|1699302222\n|move|p2a: Krookodile|Knock Off|p1a: Zygarde\n|-damage|p1a: Zygarde|78\/100\n|-enditem|p1a: Zygarde|Leftovers|[from] move: Knock Off|[of] p2a: Krookodile\n|move|p1a: Zygarde|Coil|p1a: Zygarde\n|-boost|p1a: Zygarde|atk|1\n|-boost|p1a: Zygarde|def|1\n|-boost|p1a: Zygarde|accuracy|1\n|\n|-damage|p2a: Krookodile|34\/100 tox|[from] psn\n|upkeep\n|turn|12\n|\n|t:|1699302232\n|move|p2a: Krookodile|Taunt|p1a: Zygarde\n|-start|p1a: Zygarde|move: Taunt\n|cant|p1a: Zygarde|move: Taunt|Glare\n|\n|-damage|p2a: Krookodile|4\/100 tox|[from] psn\n|upkeep\n|turn|13\n|\n|t:|1699302249\n|switch|p2a: Mewtwo|Mewtwo|100\/100\n|-ability|p2a: Mewtwo|Pressure\n|move|p1a: Zygarde|Thousand Arrows|p2a: Mewtwo\n|-damage|p2a: Mewtwo|53\/100\n|\n|upkeep\n|turn|14\n|\n|t:|1699302272\n|move|p2a: Mewtwo|Nasty Plot|p2a: Mewtwo\n|-boost|p2a: Mewtwo|spa|2\n|move|p1a: Zygarde|Thousand Arrows|p2a: Mewtwo\n|-crit|p2a: Mewtwo\n|-damage|p2a: Mewtwo|0 fnt\n|faint|p2a: Mewtwo\n|\n|-end|p1a: Zygarde|move: Taunt\n|upkeep\n|inactive|85792195wwww has 120 seconds left.\n|\n|t:|1699302288\n|switch|p2a: Xerneas|Xerneas|100\/100\n|-ability|p2a: Xerneas|Fairy Aura\n|turn|15\n|\n|t:|1699302297\n|move|p2a: Xerneas|Moonblast|p1a: Zygarde\n|-supereffective|p1a: Zygarde\n|-damage|p1a: Zygarde|0 fnt\n|faint|p1a: Zygarde\n|\n|upkeep\n|\n|t:|1699302303\n|switch|p1a: Necrozma|Necrozma-Dusk-Mane|100\/100\n|-damage|p1a: Necrozma|95\/100|[from] Stealth Rock\n|turn|16\n|\n|t:|1699302309\n|switch|p2a: Krookodile|Krookodile, M|4\/100 tox\n|-ability|p2a: Krookodile|Intimidate|boost\n|-unboost|p1a: Necrozma|atk|1\n|move|p1a: Necrozma|Dragon Dance|p1a: Necrozma\n|-boost|p1a: Necrozma|atk|1\n|-boost|p1a: Necrozma|spe|1\n|\n|-damage|p2a: Krookodile|0 fnt|[from] psn\n|faint|p2a: Krookodile\n|upkeep\n|\n|t:|1699302325\n|switch|p2a: Arceus|Arceus|100\/100\n|turn|17\n|\n|t:|1699302335\n|move|p1a: Necrozma|Dragon Dance|p1a: Necrozma\n|-boost|p1a: Necrozma|atk|1\n|-boost|p1a: Necrozma|spe|1\n|move|p2a: Arceus|Swords Dance|p2a: Arceus\n|-boost|p2a: Arceus|atk|2\n|\n|upkeep\n|turn|18\n|\n|t:|1699302342\n|-zpower|p1a: Necrozma\n|move|p1a: Necrozma|Searing Sunraze Smash|p2a: Arceus|[zeffect]\n|-damage|p2a: Arceus|0 fnt\n|faint|p2a: Arceus\n|\n|upkeep\n|\n|t:|1699302353\n|switch|p2a: Groudon|Groudon|100\/100\n|detailschange|p2a: Groudon|Groudon-Primal\n|-primal|p2a: Groudon|Red Orb\n|-weather|DesolateLand|[from] ability: Desolate Land|[of] p2a: Groudon\n|turn|19\n|\n|t:|1699302359\n|move|p1a: Necrozma|Earthquake|p2a: Groudon\n|-supereffective|p2a: Groudon\n|-damage|p2a: Groudon|34\/100\n|move|p2a: Groudon|Precipice Blades|p1a: Necrozma\n|-supereffective|p1a: Necrozma\n|-damage|p1a: Necrozma|0 fnt\n|faint|p1a: Necrozma\n|\n|-weather|DesolateLand|[upkeep]\n|upkeep\n|\n|t:|1699302369\n|switch|p1a: Ditto|Ditto|100\/100\n|-damage|p1a: Ditto|88\/100|[from] Stealth Rock\n|-transform|p1a: Ditto|p2a: Groudon|[from] ability: Imposter\n|turn|20\n|\n|t:|1699302378\n|move|p1a: Ditto|Precipice Blades|p2a: Groudon|[miss]\n|-miss|p1a: Ditto|p2a: Groudon\n|move|p2a: Groudon|Precipice Blades|p1a: Ditto\n|-supereffective|p1a: Ditto\n|-damage|p1a: Ditto|0 fnt\n|faint|p1a: Ditto\n|\n|-weather|DesolateLand|[upkeep]\n|upkeep\n|\n|t:|1699302381\n|switch|p1a: Arceus|Arceus-Dark|100\/100\n|-damage|p1a: Arceus|88\/100|[from] Stealth Rock\n|turn|21\n|\n|t:|1699302390\n|move|p1a: Arceus|Foul Play|p2a: Groudon\n|-damage|p2a: Groudon|0 fnt\n|faint|p2a: Groudon\n|-weather|none\n|\n|upkeep\n|\n|t:|1699302395\n|switch|p2a: Xerneas|Xerneas|100\/100\n|-ability|p2a: Xerneas|Fairy Aura\n|turn|22\n|\n|t:|1699302401\n|move|p1a: Arceus|Toxic|p2a: Xerneas\n|-status|p2a: Xerneas|tox\n|move|p2a: Xerneas|Moonblast|p1a: Arceus\n|-supereffective|p1a: Arceus\n|-damage|p1a: Arceus|0 fnt\n|faint|p1a: Arceus\n|\n|-damage|p2a: Xerneas|94\/100 tox|[from] psn\n|upkeep\n|\n|t:|1699302406\n|switch|p1a: Ho-Oh|Ho-Oh, tera:Grass|83\/100 par\n|-damage|p1a: Ho-Oh|71\/100 par|[from] Stealth Rock\n|turn|23\n|\n|t:|1699302416\n|move|p2a: Xerneas|Geomancy||[still]\n|-prepare|p2a: Xerneas|Geomancy\n|cant|p1a: Ho-Oh|par\n|\n|-damage|p2a: Xerneas|82\/100 tox|[from] psn\n|upkeep\n|turn|24\n|\n|t:|1699302423\n|move|p2a: Xerneas|Geomancy|p2a: Xerneas|[from]lockedmove\n|-boost|p2a: Xerneas|spa|2\n|-boost|p2a: Xerneas|spd|2\n|-boost|p2a: Xerneas|spe|2\n|move|p1a: Ho-Oh|Sacred Fire|p2a: Xerneas\n|-damage|p2a: Xerneas|51\/100 tox\n|\n|-damage|p2a: Xerneas|33\/100 tox|[from] psn\n|upkeep\n|turn|25\n|\n|t:|1699302433\n|switch|p1a: Groudon|Groudon-Primal|67\/100\n|-damage|p1a: Groudon|54\/100|[from] Stealth Rock\n|-weather|DesolateLand|[from] ability: Desolate Land|[of] p1a: Groudon\n|move|p2a: Xerneas|Moonblast|p1a: Groudon\n|-resisted|p1a: Groudon\n|-damage|p1a: Groudon|0 fnt\n|faint|p1a: Groudon\n|-weather|none\n|\n|-damage|p2a: Xerneas|8\/100 tox|[from] psn\n|upkeep\n|\n|t:|1699302437\n|switch|p1a: Ho-Oh|Ho-Oh, tera:Grass|100\/100 par\n|-damage|p1a: Ho-Oh|88\/100 par|[from] Stealth Rock\n|turn|26\n|\n|t:|1699302449\n|move|p2a: Xerneas|Moonblast|p1a: Ho-Oh\n|-damage|p1a: Ho-Oh|4\/100 par\n|move|p1a: Ho-Oh|Sacred Fire|p2a: Xerneas\n|-damage|p2a: Xerneas|0 fnt\n|faint|p2a: Xerneas\n|\n|win|Malice Incarnate\n|raw|Malice Incarnate's rating: 1516 &rarr; <strong>1550<\/strong><br \/>(+34 for winning)\n|raw|85792195wwww's rating: 1824 &rarr; <strong>1790<\/strong><br \/>(-34 for losing)\n","uploadtime":1699302456,"views":23,"p1id":"maliceincarnate","p2id":"85792195wwww","formatid":"gen9nationaldexubers","rating":1550,"private":0,"password":""}