{"id":"gen9nationaldexubers-1984025858","p1":"tbor2002","p2":"BriefStar","format":"[Gen 9] National Dex Ubers","log":"|j|\u2606tbor2002\n|j|\u2606BriefStar\n|t:|1699211065\n|gametype|singles\n|player|p1|tbor2002|wattson|\n|player|p2|BriefStar|benga|\n|teamsize|p1|6\n|teamsize|p2|6\n|gen|9\n|tier|[Gen 9] National Dex Ubers\n|rule|HP Percentage Mod: HP is shown in percentages\n|rule|Endless Battle Clause: Forcing endless battles is banned\n|rule|OHKO Clause: OHKO moves are banned\n|rule|Evasion Moves Clause: Evasion moves are banned\n|rule|Evasion Items Clause: Evasion items are banned\n|rule|Species Clause: Limit one of each Pok\u00e9mon\n|rule|Sleep Clause Mod: Limit one foe put to sleep\n|rule|Mega Rayquaza Clause: You cannot mega evolve Rayquaza\n|clearpoke\n|poke|p1|Walking Wake|\n|poke|p1|Muk-Alola, F|\n|poke|p1|Jolteon, F|\n|poke|p1|Toxicroak, F|\n|poke|p1|Falinks|\n|poke|p1|Glimmet, F|\n|poke|p2|Torkoal, M|\n|poke|p2|Tinkaton, F|\n|poke|p2|Bellibolt, F|\n|poke|p2|Mismagius, M|\n|poke|p2|Spidops, M|\n|poke|p2|Fraxure, F|\n|teampreview\n|\n|t:|1699211082\n|start\n|switch|p1a: Glimmet|Glimmet, F|100\/100\n|switch|p2a: Donny|Torkoal, M|100\/100\n|-weather|SunnyDay|[from] ability: Drought|[of] p2a: Donny\n|turn|1\n|\n|t:|1699211092\n|move|p1a: Glimmet|Power Gem|p2a: Donny\n|-supereffective|p2a: Donny\n|-damage|p2a: Donny|4\/100\n|move|p2a: Donny|Yawn|p1a: Glimmet\n|-start|p1a: Glimmet|move: Yawn|[of] p2a: Donny\n|\n|-weather|SunnyDay|[upkeep]\n|upkeep\n|turn|2\n|\n|t:|1699211113\n|switch|p1a: Falinks|Falinks|100\/100\n|switch|p2a: Get in MY BELLY|Bellibolt, F|100\/100\n|\n|-weather|SunnyDay|[upkeep]\n|upkeep\n|turn|3\n|\n|t:|1699211120\n|move|p1a: Falinks|No Retreat|p1a: Falinks\n|-boost|p1a: Falinks|atk|1\n|-boost|p1a: Falinks|def|1\n|-boost|p1a: Falinks|spa|1\n|-boost|p1a: Falinks|spd|1\n|-boost|p1a: Falinks|spe|1\n|-start|p1a: Falinks|move: No Retreat\n|move|p2a: Get in MY BELLY|Chilling Water|p1a: Falinks\n|-damage|p1a: Falinks|93\/100\n|-unboost|p1a: Falinks|atk|1\n|-ability|p1a: Falinks|Defiant|boost\n|-boost|p1a: Falinks|atk|2\n|\n|-weather|SunnyDay|[upkeep]\n|upkeep\n|turn|4\n|\n|t:|1699211141\n|-terastallize|p1a: Falinks|Ghost\n|move|p1a: Falinks|Tera Blast|p2a: Get in MY BELLY|[anim] Tera Blast Ghost\n|-damage|p2a: Get in MY BELLY|56\/100\n|-start|p2a: Get in MY BELLY|Charge|Tera Blast|[from] ability: Electromorphosis\n|move|p2a: Get in MY BELLY|Parabolic Charge|p1a: Falinks\n|-damage|p1a: Falinks|30\/100\n|-heal|p2a: Get in MY BELLY|76\/100|[from] drain|[of] p1a: Falinks\n|-end|p2a: Get in MY BELLY|Charge|[silent]\n|\n|-weather|SunnyDay|[upkeep]\n|upkeep\n|turn|5\n|\n|t:|1699211151\n|move|p1a: Falinks|Close Combat|p2a: Get in MY BELLY\n|-damage|p2a: Get in MY BELLY|15\/100\n|-unboost|p1a: Falinks|def|1\n|-unboost|p1a: Falinks|spd|1\n|-start|p2a: Get in MY BELLY|Charge|Close Combat|[from] ability: Electromorphosis\n|move|p2a: Get in MY BELLY|Parabolic Charge|p1a: Falinks\n|-damage|p1a: Falinks|0 fnt\n|-heal|p2a: Get in MY BELLY|24\/100|[from] drain|[of] p1a: Falinks\n|faint|p1a: Falinks\n|-end|p2a: Get in MY BELLY|Charge|[silent]\n|\n|-weather|SunnyDay|[upkeep]\n|upkeep\n|\n|t:|1699211164\n|switch|p1a: Glimmet|Glimmet, F|100\/100\n|turn|6\n|\n|t:|1699211171\n|move|p1a: Glimmet|Stealth Rock|p2a: Get in MY BELLY\n|-sidestart|p2: BriefStar|move: Stealth Rock\n|move|p2a: Get in MY BELLY|Slack Off|p2a: Get in MY BELLY\n|-heal|p2a: Get in MY BELLY|74\/100\n|\n|-weather|SunnyDay|[upkeep]\n|upkeep\n|turn|7\n|\n|t:|1699211180\n|move|p1a: Glimmet|Spikes|p2a: Get in MY BELLY\n|-sidestart|p2: BriefStar|Spikes\n|move|p2a: Get in MY BELLY|Volt Switch|p1a: Glimmet\n|-damage|p1a: Glimmet|47\/100\n|\n|t:|1699211200\n|switch|p2a: Hey There|Fraxure, F|100\/100|[from] Volt Switch\n|-damage|p2a: Hey There|88\/100|[from] Stealth Rock\n|-damage|p2a: Hey There|76\/100|[from] Spikes\n|-ability|p2a: Hey There|Mold Breaker\n|\n|-weather|SunnyDay|[upkeep]\n|upkeep\n|turn|8\n|\n|t:|1699211224\n|switch|p1a: Muk|Muk-Alola, F|100\/100\n|move|p2a: Hey There|Dragon Dance|p2a: Hey There\n|-boost|p2a: Hey There|atk|1\n|-boost|p2a: Hey There|spe|1\n|\n|-weather|none\n|upkeep\n|turn|9\n|\n|t:|1699211233\n|move|p2a: Hey There|Stomping Tantrum|p1a: Muk\n|-supereffective|p1a: Muk\n|-damage|p1a: Muk|26\/100\n|move|p1a: Muk|Clear Smog|p2a: Hey There\n|-damage|p2a: Hey There|60\/100\n|-clearboost|p2a: Hey There\n|\n|upkeep\n|turn|10\n|\n|t:|1699211241\n|move|p2a: Hey There|Stomping Tantrum|p1a: Muk\n|-supereffective|p1a: Muk\n|-damage|p1a: Muk|0 fnt\n|faint|p1a: Muk\n|\n|upkeep\n|\n|t:|1699211250\n|switch|p1a: Walking Wake|Walking Wake|100\/100\n|turn|11\n|\n|t:|1699211255\n|move|p1a: Walking Wake|Dragon Pulse|p2a: Hey There\n|-supereffective|p2a: Hey There\n|-damage|p2a: Hey There|0 fnt\n|faint|p2a: Hey There\n|\n|upkeep\n|\n|t:|1699211263\n|switch|p2a: Peter|Spidops, M, shiny|100\/100\n|-damage|p2a: Peter|76\/100|[from] Stealth Rock\n|-damage|p2a: Peter|63\/100|[from] Spikes\n|turn|12\n|\n|t:|1699211270\n|-end|p1a: Walking Wake|Protosynthesis|[silent]\n|switch|p1a: Glimmet|Glimmet, F|47\/100\n|move|p2a: Peter|First Impression|p1a: Glimmet\n|-resisted|p1a: Glimmet\n|-damage|p1a: Glimmet|0 fnt\n|-activate|p1a: Glimmet|ability: Toxic Debris\n|-sidestart|p2: BriefStar|move: Toxic Spikes\n|faint|p1a: Glimmet\n|\n|upkeep\n|\n|t:|1699211282\n|switch|p1a: Walking Wake|Walking Wake|100\/100\n|turn|13\n|\n|t:|1699211286\n|switch|p2a: Donny|Torkoal, M|4\/100\n|-damage|p2a: Donny|0 fnt|[from] Stealth Rock\n|faint|p2a: Donny\n|move|p1a: Walking Wake|Flamethrower|p2: Donny|[notarget]\n|-fail|p1a: Walking Wake\n|\n|upkeep\n|\n|t:|1699211318\n|switch|p2a: Get in MY BELLY|Bellibolt, F|74\/100\n|turn|14\n|\n|t:|1699211327\n|-end|p1a: Walking Wake|Protosynthesis|[silent]\n|switch|p1a: Jolteon|Jolteon, F|100\/100\n|move|p2a: Get in MY BELLY|Parabolic Charge|p1a: Jolteon\n|-immune|p1a: Jolteon|[from] ability: Volt Absorb\n|\n|upkeep\n|turn|15\n|\n|t:|1699211339\n|move|p1a: Jolteon|Calm Mind|p1a: Jolteon\n|-boost|p1a: Jolteon|spa|1\n|-boost|p1a: Jolteon|spd|1\n|move|p2a: Get in MY BELLY|Slack Off|p2a: Get in MY BELLY\n|-heal|p2a: Get in MY BELLY|100\/100\n|\n|upkeep\n|turn|16\n|\n|t:|1699211349\n|switch|p2a: Megaton|Tinkaton, F|100\/100\n|-damage|p2a: Megaton|94\/100|[from] Stealth Rock\n|-damage|p2a: Megaton|82\/100|[from] Spikes\n|-ability|p2a: Megaton|Mold Breaker\n|move|p1a: Jolteon|Thunderbolt|p2a: Megaton\n|-damage|p2a: Megaton|49\/100\n|\n|upkeep\n|turn|17\n|\n|t:|1699211358\n|move|p1a: Jolteon|Volt Switch|p2a: Megaton\n|-damage|p2a: Megaton|24\/100\n|\n|t:|1699211362\n|switch|p1a: Toxicroak|Toxicroak, F|100\/100|[from] Volt Switch\n|move|p2a: Megaton|Gigaton Hammer|p1a: Toxicroak\n|-damage|p1a: Toxicroak|9\/100\n|\n|upkeep\n|turn|18\n|\n|t:|1699211373\n|switch|p2a: Get in MY BELLY|Bellibolt, F|100\/100\n|move|p1a: Toxicroak|Close Combat|p2a: Get in MY BELLY\n|-damage|p2a: Get in MY BELLY|55\/100\n|-unboost|p1a: Toxicroak|def|1\n|-unboost|p1a: Toxicroak|spd|1\n|-start|p2a: Get in MY BELLY|Charge|Close Combat|[from] ability: Electromorphosis\n|-damage|p1a: Toxicroak|0 fnt|[from] item: Life Orb\n|faint|p1a: Toxicroak\n|\n|upkeep\n|\n|t:|1699211388\n|switch|p1a: Walking Wake|Walking Wake|100\/100\n|turn|19\n|\n|t:|1699211394\n|move|p1a: Walking Wake|Hydro Steam|p2a: Get in MY BELLY\n|-crit|p2a: Get in MY BELLY\n|-damage|p2a: Get in MY BELLY|0 fnt\n|faint|p2a: Get in MY BELLY\n|\n|upkeep\n|\n|t:|1699211399\n|switch|p2a: Peter|Spidops, M, shiny|63\/100\n|-damage|p2a: Peter|39\/100|[from] Stealth Rock\n|-damage|p2a: Peter|26\/100|[from] Spikes\n|-status|p2a: Peter|psn\n|turn|20\n|\n|t:|1699211406\n|move|p2a: Peter|First Impression|p1a: Walking Wake\n|-damage|p1a: Walking Wake|58\/100\n|move|p1a: Walking Wake|Hydro Steam|p2a: Peter\n|-damage|p2a: Peter|0 fnt\n|faint|p2a: Peter\n|\n|upkeep\n|\n|t:|1699211440\n|switch|p2a: Magic|Mismagius, M|100\/100\n|-damage|p2a: Magic|88\/100|[from] Stealth Rock\n|turn|21\n|\n|t:|1699211446\n|move|p1a: Walking Wake|Hydro Steam|p2a: Magic\n|-damage|p2a: Magic|11\/100\n|move|p2a: Magic|Shadow Ball|p1a: Walking Wake\n|-damage|p1a: Walking Wake|7\/100\n|-damage|p2a: Magic|1\/100|[from] item: Life Orb\n|\n|upkeep\n|turn|22\n|\n|t:|1699211468\n|move|p1a: Walking Wake|Hydro Steam|p2a: Magic\n|-damage|p2a: Magic|0 fnt\n|faint|p2a: Magic\n|\n|upkeep\n|\n|t:|1699211473\n|switch|p2a: Megaton|Tinkaton, F|24\/100\n|-damage|p2a: Megaton|18\/100|[from] Stealth Rock\n|-damage|p2a: Megaton|5\/100|[from] Spikes\n|-ability|p2a: Megaton|Mold Breaker\n|turn|23\n|\n|t:|1699211482\n|move|p1a: Walking Wake|Hydro Steam|p2a: Megaton\n|-damage|p2a: Megaton|0 fnt\n|faint|p2a: Megaton\n|\n|win|tbor2002\n","uploadtime":1699211500,"views":4,"p1id":"tbor2002","p2id":"briefstar","formatid":"gen9nationaldexubers","rating":0,"private":0,"password":""}