{"id":"gen9nationaldexubers-1978548119","p1":"kaikalos","p2":"Mimichu0","format":"[Gen 9] National Dex Ubers","log":"|j|\u2606kaikalos\n|j|\u2606Mimichu0\n|t:|1698554059\n|gametype|singles\n|player|p1|kaikalos|schoolkid|1122\n|player|p2|Mimichu0|pokemonranger-gen4|1145\n|teamsize|p1|6\n|teamsize|p2|6\n|gen|9\n|tier|[Gen 9] National Dex Ubers\n|rated|\n|rule|HP Percentage Mod: HP is shown in percentages\n|rule|Endless Battle Clause: Forcing endless battles is banned\n|rule|OHKO Clause: OHKO moves are banned\n|rule|Evasion Moves Clause: Evasion moves are banned\n|rule|Evasion Items Clause: Evasion items are banned\n|rule|Species Clause: Limit one of each Pok\u00e9mon\n|rule|Sleep Clause Mod: Limit one foe put to sleep\n|rule|Mega Rayquaza Clause: You cannot mega evolve Rayquaza\n|clearpoke\n|poke|p1|Ogerpon, F|\n|poke|p1|Ceruledge, F|\n|poke|p1|Azumarill, F|\n|poke|p1|Lopunny, F|\n|poke|p1|Necrozma-Dawn-Wings|\n|poke|p1|Togedemaru, L1, M|\n|poke|p2|Galvantula, M|\n|poke|p2|Falinks|\n|poke|p2|Braviary-Hisui, M|\n|poke|p2|Beedrill, M|\n|poke|p2|Kingambit, M|\n|poke|p2|Roaring Moon|\n|teampreview\n|\n|t:|1698554065\n|start\n|switch|p1a: Ratoelho|Azumarill, F, shiny|100\/100\n|switch|p2a: Cheese|Galvantula, M|100\/100\n|turn|1\n|\n|t:|1698554073\n|move|p2a: Cheese|Sticky Web|p1a: Ratoelho\n|-sidestart|p1: kaikalos|move: Sticky Web\n|move|p1a: Ratoelho|Play Rough|p2a: Cheese\n|-damage|p2a: Cheese|1\/100\n|\n|upkeep\n|turn|2\n|\n|t:|1698554079\n|move|p1a: Ratoelho|Aqua Jet|p2a: Cheese\n|-damage|p2a: Cheese|0 fnt\n|faint|p2a: Cheese\n|\n|upkeep\n|\n|t:|1698554087\n|switch|p2a: Let me sting you|Beedrill, M|100\/100\n|turn|3\n|\n|t:|1698554093\n|detailschange|p2a: Let me sting you|Beedrill-Mega, M\n|-mega|p2a: Let me sting you|Beedrill|Beedrillite\n|move|p1a: Ratoelho|Aqua Jet|p2a: Let me sting you\n|-damage|p2a: Let me sting you|35\/100\n|move|p2a: Let me sting you|Poison Jab|p1a: Ratoelho\n|-supereffective|p1a: Ratoelho\n|-damage|p1a: Ratoelho|0 fnt\n|faint|p1a: Ratoelho\n|\n|upkeep\n|\n|t:|1698554109\n|switch|p1a: Cueia|Lopunny, F|100\/100\n|-activate|p1a: Cueia|move: Sticky Web\n|-unboost|p1a: Cueia|spe|1\n|turn|4\n|\n|t:|1698554143\n|detailschange|p1a: Cueia|Lopunny-Mega, F\n|-mega|p1a: Cueia|Lopunny|Lopunnite\n|move|p1a: Cueia|Fake Out|p2a: Let me sting you\n|-damage|p2a: Let me sting you|0 fnt\n|faint|p2a: Let me sting you\n|\n|upkeep\n|\n|t:|1698554148\n|switch|p2a: Bird up|Braviary-Hisui, M|100\/100\n|turn|5\n|\n|t:|1698554154\n|move|p1a: Cueia|Triple Axel|p2a: Bird up\n|-supereffective|p2a: Bird up\n|-damage|p2a: Bird up|84\/100\n|-supereffective|p2a: Bird up\n|-damage|p2a: Bird up|51\/100\n|-supereffective|p2a: Bird up\n|-damage|p2a: Bird up|0 fnt\n|faint|p2a: Bird up\n|-hitcount|p2: Bird up|3\n|\n|upkeep\n|\n|t:|1698554164\n|switch|p2a: The goons|Falinks|100\/100\n|turn|6\n|\n|t:|1698554173\n|switch|p1a: G\u00f3tica|Ceruledge, F|100\/100\n|-activate|p1a: G\u00f3tica|move: Sticky Web\n|-unboost|p1a: G\u00f3tica|spe|1\n|move|p2a: The goons|Counter||[still]\n|-fail|p2a: The goons\n|\n|upkeep\n|turn|7\n|\n|t:|1698554181\n|move|p1a: G\u00f3tica|Endure|p1a: G\u00f3tica\n|-singleturn|p1a: G\u00f3tica|move: Endure\n|move|p2a: The goons|No Retreat|p2a: The goons\n|-boost|p2a: The goons|atk|1\n|-boost|p2a: The goons|def|1\n|-boost|p2a: The goons|spa|1\n|-boost|p2a: The goons|spd|1\n|-boost|p2a: The goons|spe|1\n|-start|p2a: The goons|move: No Retreat\n|\n|upkeep\n|turn|8\n|\n|t:|1698554188\n|move|p2a: The goons|Knock Off|p1a: G\u00f3tica\n|-supereffective|p1a: G\u00f3tica\n|-damage|p1a: G\u00f3tica|0 fnt\n|-enditem|p1a: G\u00f3tica|Weakness Policy|[from] move: Knock Off|[of] p2a: The goons\n|faint|p1a: G\u00f3tica\n|\n|upkeep\n|\n|t:|1698554193\n|switch|p1a: Togedemaru|Togedemaru, L1, M|100\/100\n|-activate|p1a: Togedemaru|move: Sticky Web\n|-unboost|p1a: Togedemaru|spe|1\n|turn|9\n|\n|t:|1698554199\n|move|p2a: The goons|High Horsepower|p1a: Togedemaru\n|-supereffective|p1a: Togedemaru\n|-ability|p1a: Togedemaru|Sturdy\n|-damage|p1a: Togedemaru|9\/100\n|move|p1a: Togedemaru|Endeavor|p2a: The goons\n|-damage|p2a: The goons|1\/100\n|-heal|p1a: Togedemaru|100\/100|[from] item: Shell Bell|[of] p2a: The goons\n|\n|upkeep\n|turn|10\n|\n|t:|1698554209\n|move|p1a: Togedemaru|Spiky Shield|p1a: Togedemaru\n|-singleturn|p1a: Togedemaru|move: Protect\n|move|p2a: The goons|High Horsepower|p1a: Togedemaru\n|-activate|p1a: Togedemaru|move: Protect\n|-damage|p2a: The goons|0 fnt|[from] Spiky Shield|[of] p1a: Togedemaru\n|faint|p2a: The goons\n|\n|upkeep\n|\n|t:|1698554218\n|switch|p2a: Angry moon|Roaring Moon|100\/100\n|-enditem|p2a: Angry moon|Booster Energy\n|-activate|p2a: Angry moon|ability: Protosynthesis|[fromitem]\n|-start|p2a: Angry moon|protosynthesisatk\n|turn|11\n|\n|t:|1698554221\n|move|p2a: Angry moon|Acrobatics|p1a: Togedemaru\n|-resisted|p1a: Togedemaru\n|-ability|p1a: Togedemaru|Sturdy\n|-damage|p1a: Togedemaru|9\/100\n|move|p1a: Togedemaru|Endeavor|p2a: Angry moon\n|-damage|p2a: Angry moon|1\/100\n|-heal|p1a: Togedemaru|100\/100|[from] item: Shell Bell|[of] p2a: Angry moon\n|\n|upkeep\n|turn|12\n|c|\u2606Mimichu0|nice gimick\n|\n|t:|1698554234\n|move|p1a: Togedemaru|Spiky Shield|p1a: Togedemaru\n|-singleturn|p1a: Togedemaru|move: Protect\n|move|p2a: Angry moon|Acrobatics|p1a: Togedemaru\n|-activate|p1a: Togedemaru|move: Protect\n|-damage|p2a: Angry moon|0 fnt|[from] Spiky Shield|[of] p1a: Togedemaru\n|faint|p2a: Angry moon\n|-end|p2a: Angry moon|Protosynthesis|[silent]\n|\n|upkeep\n|\n|t:|1698554236\n|switch|p2a: The lord|Kingambit, M|100\/100\n|-activate|p2a: The lord|ability: Supreme Overlord\n|-start|p2a: The lord|fallen5|[silent]\n|turn|13\n|\n|t:|1698554240\n|move|p2a: The lord|Air Slash|p1a: Togedemaru\n|-resisted|p1a: Togedemaru\n|-ability|p1a: Togedemaru|Sturdy\n|-damage|p1a: Togedemaru|9\/100\n|-damage|p2a: The lord|91\/100|[from] item: Life Orb\n|move|p1a: Togedemaru|Endeavor|p2a: The lord\n|-damage|p2a: The lord|1\/100\n|-heal|p1a: Togedemaru|100\/100|[from] item: Shell Bell|[of] p2a: The lord\n|\n|upkeep\n|turn|14\n|\n|t:|1698554248\n|move|p1a: Togedemaru|Spiky Shield|p1a: Togedemaru\n|-singleturn|p1a: Togedemaru|move: Protect\n|move|p2a: The lord|Sucker Punch||[still]\n|-fail|p2a: The lord\n|\n|upkeep\n|turn|15\n|-message|Mimichu0 forfeited.\n|\n|win|kaikalos\n|raw|kaikalos's rating: 1122 &rarr; <strong>1149<\/strong><br \/>(+27 for winning)\n|raw|Mimichu0's rating: 1145 &rarr; <strong>1118<\/strong><br \/>(-27 for losing)\n|l|\u2606Mimichu0\n","uploadtime":1698554262,"views":11,"p1id":"kaikalos","p2id":"mimichu0","formatid":"gen9nationaldexubers","rating":1118,"private":0,"password":""}