{"id":"gen9nationaldexubers-2000166210","p1":"MaudileenaDaisyPie","p2":"James is suipid","format":"[Gen 9] National Dex Ubers","log":"|j|\u2606MaudileenaDaisyPie\n|j|\u2606James is suipid\n|t:|1701166083\n|gametype|singles\n|player|p1|MaudileenaDaisyPie|wicke|1425\n|player|p2|James is suipid|unknown|1312\n|teamsize|p1|6\n|teamsize|p2|6\n|gen|9\n|tier|[Gen 9] National Dex Ubers\n|rated|\n|rule|HP Percentage Mod: HP is shown in percentages\n|rule|Endless Battle Clause: Forcing endless battles is banned\n|rule|OHKO Clause: OHKO moves are banned\n|rule|Evasion Moves Clause: Evasion moves are banned\n|rule|Evasion Items Clause: Evasion items are banned\n|rule|Species Clause: Limit one of each Pok\u00e9mon\n|rule|Sleep Clause Mod: Limit one foe put to sleep\n|rule|Mega Rayquaza Clause: You cannot mega evolve Rayquaza\n|clearpoke\n|poke|p1|Smeargle, M|\n|poke|p1|Lucario, M|\n|poke|p1|Xerneas-*|\n|poke|p1|Chi-Yu|\n|poke|p1|Arceus-Ground|\n|poke|p1|Groudon|\n|poke|p2|Kyogre|\n|poke|p2|Darmanitan-Galar, F|\n|poke|p2|Deoxys-Speed|\n|poke|p2|Groudon|\n|poke|p2|Melmetal|\n|poke|p2|Lucario, M|\n|teampreview\n|inactive|Battle timer is ON: inactive players will automatically lose when time's up. (requested by MaudileenaDaisyPie)\n|inactive|James is suipid has 120 seconds left.\n|inactive|James is suipid has 90 seconds left.\n|inactive|James is suipid has 60 seconds left.\n|inactive|James is suipid has 30 seconds left.\n|inactive|James is suipid has 20 seconds left.\n|\n|t:|1701166229\n|start\n|switch|p1a: asshole|Smeargle, M|100\/100\n|switch|p2a: Deoxys|Deoxys-Speed|100\/100\n|-ability|p2a: Deoxys|Pressure\n|turn|1\n|\n|t:|1701166238\n|move|p1a: asshole|Magic Coat|p1a: asshole\n|-singleturn|p1a: asshole|move: Magic Coat\n|move|p2a: Deoxys|Knock Off|p1a: asshole\n|-damage|p1a: asshole|36\/100\n|-enditem|p1a: asshole|Focus Sash|[from] move: Knock Off|[of] p2a: Deoxys\n|\n|-ability|p1a: asshole|Moody|boost\n|-boost|p1a: asshole|atk|2\n|-unboost|p1a: asshole|spa|1\n|upkeep\n|turn|2\n|inactive|James is suipid has 90 seconds left.\n|\n|t:|1701166244\n|switch|p1a: Groudon|Groudon, shiny|100\/100\n|detailschange|p1a: Groudon|Groudon-Primal, shiny\n|-primal|p1a: Groudon|Red Orb\n|-weather|DesolateLand|[from] ability: Desolate Land|[of] p1a: Groudon\n|move|p2a: Deoxys|Extreme Speed|p1a: Groudon\n|-damage|p1a: Groudon|86\/100\n|\n|-weather|DesolateLand|[upkeep]\n|upkeep\n|turn|3\n|\n|t:|1701166255\n|switch|p2a: Kyogre|Kyogre|100\/100\n|detailschange|p2a: Kyogre|Kyogre-Primal\n|-primal|p2a: Kyogre|Blue Orb\n|-weather|PrimordialSea|[from] ability: Primordial Sea|[of] p2a: Kyogre\n|move|p1a: Groudon|Earthquake|p2a: Kyogre\n|-damage|p2a: Kyogre|33\/100\n|\n|-weather|PrimordialSea|[upkeep]\n|upkeep\n|turn|4\n|\n|t:|1701166266\n|move|p2a: Kyogre|Origin Pulse|p1a: Groudon\n|-supereffective|p1a: Groudon\n|-damage|p1a: Groudon|0 fnt\n|faint|p1a: Groudon\n|\n|-weather|PrimordialSea|[upkeep]\n|upkeep\n|\n|t:|1701166276\n|switch|p1a: What is a SpDef?|Chi-Yu|100\/100\n|-ability|p1a: What is a SpDef?|Beads of Ruin\n|turn|5\n|\n|t:|1701166282\n|move|p1a: What is a SpDef?|Dark Pulse|p2a: Kyogre\n|-damage|p2a: Kyogre|0 fnt\n|faint|p2a: Kyogre\n|-weather|none\n|\n|upkeep\n|\n|t:|1701166291\n|switch|p2a: Lucario|Lucario, M|100\/100\n|turn|6\n|\n|t:|1701166300\n|switch|p1a: asshole|Smeargle, M|36\/100\n|detailschange|p2a: Lucario|Lucario-Mega, M\n|-mega|p2a: Lucario|Lucario|Lucarionite\n|move|p2a: Lucario|Agility|p2a: Lucario\n|-boost|p2a: Lucario|spe|2\n|\n|-ability|p1a: asshole|Moody|boost\n|-boost|p1a: asshole|spe|2\n|-unboost|p1a: asshole|def|1\n|upkeep\n|turn|7\n|inactive|James is suipid has 120 seconds left.\n|\n|t:|1701166335\n|move|p2a: Lucario|Bullet Punch|p1a: asshole\n|-damage|p1a: asshole|0 fnt\n|faint|p1a: asshole\n|\n|upkeep\n|\n|t:|1701166342\n|switch|p1a: Arceus-Not Flying|Arceus-Ground|100\/100\n|turn|8\n|inactive|James is suipid has 90 seconds left.\n|\n|t:|1701166364\n|move|p2a: Lucario|Close Combat|p1a: Arceus-Not Flying\n|-damage|p1a: Arceus-Not Flying|25\/100\n|-unboost|p2a: Lucario|def|1\n|-unboost|p2a: Lucario|spd|1\n|move|p1a: Arceus-Not Flying|Dragon Dance|p1a: Arceus-Not Flying\n|-boost|p1a: Arceus-Not Flying|atk|1\n|-boost|p1a: Arceus-Not Flying|spe|1\n|\n|upkeep\n|turn|9\n|\n|t:|1701166379\n|switch|p1a: What is a SpDef?|Chi-Yu|100\/100\n|-ability|p1a: What is a SpDef?|Beads of Ruin\n|move|p2a: Lucario|Bullet Punch|p1a: What is a SpDef?\n|-resisted|p1a: What is a SpDef?\n|-damage|p1a: What is a SpDef?|73\/100\n|\n|upkeep\n|turn|10\n|\n|t:|1701166393\n|switch|p2a: Groudon|Groudon|100\/100\n|detailschange|p2a: Groudon|Groudon-Primal\n|-primal|p2a: Groudon|Red Orb\n|-weather|DesolateLand|[from] ability: Desolate Land|[of] p2a: Groudon\n|move|p1a: What is a SpDef?|Flamethrower|p2a: Groudon\n|-resisted|p2a: Groudon\n|-damage|p2a: Groudon|52\/100\n|\n|-weather|DesolateLand|[upkeep]\n|upkeep\n|turn|11\n|\n|t:|1701166406\n|move|p1a: What is a SpDef?|Dark Pulse|p2a: Groudon\n|-damage|p2a: Groudon|0 fnt\n|faint|p2a: Groudon\n|-weather|none\n|\n|upkeep\n|inactive|James is suipid has 90 seconds left.\n|\n|t:|1701166419\n|switch|p2a: Melmetal|Melmetal|100\/100\n|turn|12\n|\n|t:|1701166429\n|move|p1a: What is a SpDef?|Flamethrower|p2a: Melmetal\n|-supereffective|p2a: Melmetal\n|-damage|p2a: Melmetal|12\/100\n|-status|p2a: Melmetal|brn\n|move|p2a: Melmetal|Earthquake|p1a: What is a SpDef?\n|-supereffective|p1a: What is a SpDef?\n|-damage|p1a: What is a SpDef?|4\/100\n|\n|-damage|p2a: Melmetal|6\/100 brn|[from] brn\n|upkeep\n|turn|13\n|\n|t:|1701166443\n|move|p1a: What is a SpDef?|Flamethrower|p2a: Melmetal\n|-supereffective|p2a: Melmetal\n|-crit|p2a: Melmetal\n|-damage|p2a: Melmetal|0 fnt\n|faint|p2a: Melmetal\n|\n|upkeep\n|\n|t:|1701166447\n|switch|p2a: Lucario|Lucario-Mega, M|100\/100\n|turn|14\n|\n|t:|1701166450\n|move|p2a: Lucario|Bullet Punch|p1a: What is a SpDef?\n|-resisted|p1a: What is a SpDef?\n|-damage|p1a: What is a SpDef?|0 fnt\n|faint|p1a: What is a SpDef?\n|\n|upkeep\n|\n|t:|1701166456\n|switch|p1a: Arceus-Not Flying|Arceus-Ground|25\/100\n|turn|15\n|inactive|James is suipid has 120 seconds left.\n|\n|t:|1701166464\n|move|p1a: Arceus-Not Flying|Earthquake|p2a: Lucario\n|-supereffective|p2a: Lucario\n|-damage|p2a: Lucario|0 fnt\n|faint|p2a: Lucario\n|\n|upkeep\n|inactive|James is suipid has 120 seconds left.\n|\n|t:|1701166471\n|switch|p2a: Deoxys|Deoxys-Speed|100\/100\n|-ability|p2a: Deoxys|Pressure\n|turn|16\n|\n|t:|1701166480\n|move|p2a: Deoxys|Extreme Speed|p1a: Arceus-Not Flying\n|-damage|p1a: Arceus-Not Flying|7\/100\n|move|p1a: Arceus-Not Flying|Earthquake|p2a: Deoxys\n|-damage|p2a: Deoxys|6\/100\n|\n|upkeep\n|turn|17\n|\n|t:|1701166488\n|move|p2a: Deoxys|Extreme Speed|p1a: Arceus-Not Flying\n|-damage|p1a: Arceus-Not Flying|0 fnt\n|faint|p1a: Arceus-Not Flying\n|\n|upkeep\n|\n|t:|1701166492\n|switch|p1a: Luka|Lucario, M|100\/100\n|turn|18\n|\n|t:|1701166504\n|detailschange|p1a: Luka|Lucario-Mega, M\n|-mega|p1a: Luka|Lucario|Lucarionite\n|move|p2a: Deoxys|Knock Off|p1a: Luka\n|-resisted|p1a: Luka\n|-damage|p1a: Luka|89\/100\n|move|p1a: Luka|Swords Dance|p1a: Luka\n|-boost|p1a: Luka|atk|2\n|\n|upkeep\n|turn|19\n|\n|t:|1701166513\n|move|p2a: Deoxys|Extreme Speed|p1a: Luka\n|-resisted|p1a: Luka\n|-damage|p1a: Luka|74\/100\n|move|p1a: Luka|Bullet Punch|p2a: Deoxys\n|-damage|p2a: Deoxys|0 fnt\n|faint|p2a: Deoxys\n|\n|upkeep\n|\n|t:|1701166518\n|switch|p2a: Darmanitan|Darmanitan-Galar, F|100\/100\n|turn|20\n|\n|t:|1701166525\n|move|p1a: Luka|Bullet Punch|p2a: Darmanitan\n|-supereffective|p2a: Darmanitan\n|-damage|p2a: Darmanitan|0 fnt\n|faint|p2a: Darmanitan\n|\n|win|MaudileenaDaisyPie\n|raw|MaudileenaDaisyPie's rating: 1425 &rarr; <strong>1439<\/strong><br \/>(+14 for winning)\n|raw|James is suipid's rating: 1312 &rarr; <strong>1298<\/strong><br \/>(-14 for losing)\n|l|\u2606James is suipid\n","uploadtime":1701166547,"views":1,"p1id":"maudileenadaisypie","p2id":"jamesissuipid","formatid":"gen9nationaldexubers","rating":1298,"private":0,"password":""}