{"id":"gen9nationaldexubers-1983664457","p1":"Ipenguin12","p2":"ShinyMisty","format":"[Gen 9] National Dex Ubers","log":"|j|\u2606Ipenguin12\n|j|\u2606ShinyMisty\n|t:|1699155822\n|gametype|singles\n|player|p1|Ipenguin12|sabi|\n|player|p2|ShinyMisty|kris-masters|\n|teamsize|p1|6\n|teamsize|p2|6\n|gen|9\n|tier|[Gen 9] National Dex Ubers\n|rule|HP Percentage Mod: HP is shown in percentages\n|rule|Endless Battle Clause: Forcing endless battles is banned\n|rule|OHKO Clause: OHKO moves are banned\n|rule|Evasion Moves Clause: Evasion moves are banned\n|rule|Evasion Items Clause: Evasion items are banned\n|rule|Species Clause: Limit one of each Pok\u00e9mon\n|rule|Sleep Clause Mod: Limit one foe put to sleep\n|rule|Mega Rayquaza Clause: You cannot mega evolve Rayquaza\n|clearpoke\n|poke|p1|Azelf|\n|poke|p1|Cryogonal|\n|poke|p1|Gholdengo|\n|poke|p1|Quagsire, F|\n|poke|p1|Clodsire, F|\n|poke|p1|Scizor, M|\n|poke|p2|Crawdaunt, M|\n|poke|p2|Gholdengo|\n|poke|p2|Breloom, M|\n|poke|p2|Landorus-Therian, M|\n|poke|p2|Latias, F|\n|poke|p2|Clodsire, M|\n|teampreview\n|j| HarmTurtle\n|j| Completeanimefan\n|j| DarthBowser151\n|j| thewerehog88\n|c| Completeanimefan|Round Whatever The Hell This Is: FIGHT or something\n|c|\u2606ShinyMisty|I wanted to figure out a funny, but I couldn't get something.\n|\n|t:|1699155872\n|start\n|switch|p1a: Gholdengo|Gholdengo|100\/100\n|switch|p2a: Quetzal|Latias, F, shiny|100\/100\n|turn|1\n|c|\u2606Ipenguin12|that's fair\n|\n|t:|1699155888\n|move|p2a: Quetzal|Light Screen|p2a: Quetzal\n|-sidestart|p2: ShinyMisty|move: Light Screen\n|move|p1a: Gholdengo|Shadow Ball|p2a: Quetzal\n|-supereffective|p2a: Quetzal\n|-damage|p2a: Quetzal|65\/100\n|\n|upkeep\n|turn|2\n|c|\u2606ShinyMisty|:3\n|\n|t:|1699155924\n|switch|p2a: Gaea|Landorus-Therian, M|100\/100\n|-ability|p2a: Gaea|Intimidate|boost\n|-unboost|p1a: Gholdengo|atk|1\n|move|p1a: Gholdengo|Shadow Ball|p2a: Gaea\n|-damage|p2a: Gaea|74\/100\n|\n|upkeep\n|turn|3\n|\n|t:|1699155933\n|switch|p1a: Cryogonal|Cryogonal|100\/100\n|move|p2a: Gaea|Knock Off|p1a: Cryogonal\n|-damage|p1a: Cryogonal|22\/100\n|-enditem|p1a: Cryogonal|Heavy-Duty Boots|[from] move: Knock Off|[of] p2a: Gaea\n|-damage|p2a: Gaea|64\/100|[from] item: Life Orb\n|\n|upkeep\n|turn|4\n|\n|t:|1699155952\n|switch|p2a: Mondo Cool|Gholdengo|100\/100\n|move|p1a: Cryogonal|Freeze-Dry|p2a: Mondo Cool\n|-resisted|p2a: Mondo Cool\n|-damage|p2a: Mondo Cool|94\/100\n|\n|upkeep\n|turn|5\n|\n|t:|1699155960\n|move|p1a: Cryogonal|Snowscape|p1a: Cryogonal\n|-weather|Snow\n|move|p2a: Mondo Cool|Shadow Ball|p1a: Cryogonal\n|-damage|p1a: Cryogonal|0 fnt\n|faint|p1a: Cryogonal\n|-damage|p2a: Mondo Cool|84\/100|[from] item: Life Orb\n|\n|-weather|Snow|[upkeep]\n|upkeep\n|\n|t:|1699155965\n|switch|p1a: Gholdengo|Gholdengo|100\/100\n|turn|6\n|\n|t:|1699155974\n|switch|p2a: YUM!|Crawdaunt, M|100\/100\n|move|p1a: Gholdengo|Shadow Ball|p2a: YUM!\n|-resisted|p2a: YUM!\n|-damage|p2a: YUM!|81\/100\n|\n|-weather|Snow|[upkeep]\n|upkeep\n|turn|7\n|\n|t:|1699155981\n|move|p1a: Gholdengo|Thunder Wave|p2a: YUM!\n|-status|p2a: YUM!|par\n|move|p2a: YUM!|Dragon Dance|p2a: YUM!\n|-boost|p2a: YUM!|atk|1\n|-boost|p2a: YUM!|spe|1\n|\n|-weather|Snow|[upkeep]\n|upkeep\n|turn|8\n|\n|t:|1699155994\n|move|p1a: Gholdengo|Hex|p2a: YUM!\n|-resisted|p2a: YUM!\n|-damage|p2a: YUM!|47\/100 par\n|cant|p2a: YUM!|par\n|\n|-weather|Snow|[upkeep]\n|-sideend|p2: ShinyMisty|move: Light Screen\n|upkeep\n|turn|9\n|\n|t:|1699156012\n|switch|p2a: Gaea|Landorus-Therian, M|64\/100\n|-ability|p2a: Gaea|Intimidate|boost\n|-unboost|p1a: Gholdengo|atk|1\n|move|p1a: Gholdengo|Hex|p2a: Gaea\n|-damage|p2a: Gaea|18\/100\n|\n|-weather|none\n|upkeep\n|turn|10\n|\n|t:|1699156031\n|-terastallize|p1a: Gholdengo|Water\n|move|p2a: Gaea|Knock Off|p1a: Gholdengo\n|-damage|p1a: Gholdengo|50\/100\n|-enditem|p1a: Gholdengo|Heavy-Duty Boots|[from] move: Knock Off|[of] p2a: Gaea\n|-damage|p2a: Gaea|8\/100|[from] item: Life Orb\n|move|p1a: Gholdengo|Shadow Ball|p2a: Gaea\n|-damage|p2a: Gaea|0 fnt\n|faint|p2a: Gaea\n|\n|upkeep\n|\n|t:|1699156049\n|switch|p2a: Keegan|Breloom, M, shiny|100\/100\n|turn|11\n|\n|t:|1699156058\n|move|p2a: Keegan|Mach Punch|p1a: Gholdengo\n|-crit|p1a: Gholdengo\n|-damage|p1a: Gholdengo|0 fnt\n|faint|p1a: Gholdengo\n|\n|upkeep\n|\n|t:|1699156062\n|switch|p1a: Azelf|Azelf|100\/100\n|turn|12\n|\n|t:|1699156072\n|switch|p2a: YUM!|Crawdaunt, M|47\/100 par\n|move|p1a: Azelf|Dazzling Gleam|p2a: YUM!\n|-supereffective|p2a: YUM!\n|-damage|p2a: YUM!|0 fnt\n|faint|p2a: YUM!\n|\n|upkeep\n|\n|t:|1699156091\n|switch|p2a: Mondo Cool|Gholdengo|84\/100\n|turn|13\n|\n|t:|1699156111\n|switch|p1a: BAHHHHHHHHHHHHHHHH|Clodsire, F|100\/100\n|move|p2a: Mondo Cool|Shadow Ball|p1a: BAHHHHHHHHHHHHHHHH\n|-damage|p1a: BAHHHHHHHHHHHHHHHH|63\/100\n|-damage|p2a: Mondo Cool|75\/100|[from] item: Life Orb\n|\n|upkeep\n|turn|14\n|\n|t:|1699156124\n|switch|p2a: Thompson|Clodsire, M, shiny|100\/100\n|move|p1a: BAHHHHHHHHHHHHHHHH|Chilling Water|p2a: Thompson\n|-immune|p2a: Thompson|[from] ability: Water Absorb\n|\n|upkeep\n|turn|15\n|\n|t:|1699156139\n|-terastallize|p2a: Thompson|Flying\n|move|p2a: Thompson|Yawn|p1a: BAHHHHHHHHHHHHHHHH\n|-start|p1a: BAHHHHHHHHHHHHHHHH|move: Yawn|[of] p2a: Thompson\n|move|p1a: BAHHHHHHHHHHHHHHHH|Earthquake|p2a: Thompson\n|-immune|p2a: Thompson\n|\n|upkeep\n|turn|16\n|\n|t:|1699156165\n|switch|p1a: AHHHHHHHHHHHHHHHHH|Quagsire, F|100\/100\n|move|p2a: Thompson|Rock Slide|p1a: AHHHHHHHHHHHHHHHHH\n|-resisted|p1a: AHHHHHHHHHHHHHHHHH\n|-damage|p1a: AHHHHHHHHHHHHHHHHH|91\/100\n|\n|-heal|p1a: AHHHHHHHHHHHHHHHHH|97\/100|[from] item: Leftovers\n|upkeep\n|turn|17\n|\n|t:|1699156179\n|move|p1a: AHHHHHHHHHHHHHHHHH|Toxic|p2a: Thompson\n|-status|p2a: Thompson|tox\n|move|p2a: Thompson|Yawn|p1a: AHHHHHHHHHHHHHHHHH\n|-start|p1a: AHHHHHHHHHHHHHHHHH|move: Yawn|[of] p2a: Thompson\n|\n|-heal|p1a: AHHHHHHHHHHHHHHHHH|100\/100|[from] item: Leftovers\n|-damage|p2a: Thompson|94\/100 tox|[from] psn\n|upkeep\n|turn|18\n|\n|t:|1699156192\n|switch|p1a: Scizor|Scizor, M|100\/100\n|switch|p2a: Quetzal|Latias, F, shiny|65\/100\n|\n|upkeep\n|turn|19\n|\n|t:|1699156199\n|move|p2a: Quetzal|Reflect|p2a: Quetzal\n|-sidestart|p2: ShinyMisty|Reflect\n|move|p1a: Scizor|Lunge|p2a: Quetzal\n|-supereffective|p2a: Quetzal\n|-damage|p2a: Quetzal|15\/100\n|-unboost|p2a: Quetzal|atk|1\n|\n|upkeep\n|turn|20\n|\n|t:|1699156240\n|switch|p2a: Mondo Cool|Gholdengo|75\/100\n|move|p1a: Scizor|Bullet Punch|p2a: Mondo Cool\n|-resisted|p2a: Mondo Cool\n|-damage|p2a: Mondo Cool|65\/100\n|\n|upkeep\n|turn|21\n|\n|t:|1699156262\n|switch|p1a: AHHHHHHHHHHHHHHHHH|Quagsire, F|100\/100\n|move|p2a: Mondo Cool|Thunder Wave|p1a: AHHHHHHHHHHHHHHHHH\n|-immune|p1a: AHHHHHHHHHHHHHHHHH\n|\n|upkeep\n|turn|22\n|\n|t:|1699156279\n|switch|p2a: Thompson|Clodsire, M, shiny, tera:Flying|94\/100 tox\n|move|p1a: AHHHHHHHHHHHHHHHHH|Whirlpool|p2a: Thompson\n|-heal|p2a: Thompson|100\/100 tox|[from] ability: Water Absorb|[of] p1a: AHHHHHHHHHHHHHHHHH\n|\n|-damage|p2a: Thompson|94\/100 tox|[from] psn\n|upkeep\n|turn|23\n|\n|t:|1699156293\n|move|p1a: AHHHHHHHHHHHHHHHHH|Curse|p1a: AHHHHHHHHHHHHHHHHH\n|-unboost|p1a: AHHHHHHHHHHHHHHHHH|spe|1\n|-boost|p1a: AHHHHHHHHHHHHHHHHH|atk|1\n|-boost|p1a: AHHHHHHHHHHHHHHHHH|def|1\n|move|p2a: Thompson|Yawn|p1a: AHHHHHHHHHHHHHHHHH\n|-start|p1a: AHHHHHHHHHHHHHHHHH|move: Yawn|[of] p2a: Thompson\n|\n|-heal|p2a: Thompson|100\/100 tox|[from] item: Leftovers\n|-damage|p2a: Thompson|88\/100 tox|[from] psn\n|upkeep\n|turn|24\n|\n|t:|1699156303\n|switch|p2a: Keegan|Breloom, M, shiny|100\/100\n|switch|p1a: BAHHHHHHHHHHHHHHHH|Clodsire, F|63\/100\n|\n|upkeep\n|turn|25\n|\n|t:|1699156314\n|move|p2a: Keegan|Bulldoze|p1a: BAHHHHHHHHHHHHHHHH\n|-supereffective|p1a: BAHHHHHHHHHHHHHHHH\n|-crit|p1a: BAHHHHHHHHHHHHHHHH\n|-damage|p1a: BAHHHHHHHHHHHHHHHH|0 fnt\n|faint|p1a: BAHHHHHHHHHHHHHHHH\n|\n|upkeep\n|\n|t:|1699156318\n|switch|p1a: Scizor|Scizor, M|100\/100\n|turn|26\n|\n|t:|1699156344\n|switch|p2a: Mondo Cool|Gholdengo|65\/100\n|move|p1a: Scizor|Lunge|p2a: Mondo Cool\n|-resisted|p2a: Mondo Cool\n|-damage|p2a: Mondo Cool|58\/100\n|-unboost|p2a: Mondo Cool|atk|1\n|\n|-sideend|p2: ShinyMisty|Reflect\n|upkeep\n|turn|27\n|\n|t:|1699156356\n|move|p1a: Scizor|Bullet Punch|p2a: Mondo Cool\n|-resisted|p2a: Mondo Cool\n|-damage|p2a: Mondo Cool|38\/100\n|move|p2a: Mondo Cool|Shadow Ball|p1a: Scizor\n|-damage|p1a: Scizor|24\/100\n|-damage|p2a: Mondo Cool|29\/100|[from] item: Life Orb\n|\n|upkeep\n|turn|28\n|\n|t:|1699156364\n|move|p1a: Scizor|Bullet Punch|p2a: Mondo Cool\n|-resisted|p2a: Mondo Cool\n|-damage|p2a: Mondo Cool|7\/100\n|move|p2a: Mondo Cool|Recover|p2a: Mondo Cool\n|-heal|p2a: Mondo Cool|57\/100\n|\n|upkeep\n|turn|29\n|\n|t:|1699156370\n|move|p1a: Scizor|Bullet Punch|p2a: Mondo Cool\n|-resisted|p2a: Mondo Cool\n|-damage|p2a: Mondo Cool|37\/100\n|move|p2a: Mondo Cool|Shadow Ball|p1a: Scizor\n|-damage|p1a: Scizor|0 fnt\n|faint|p1a: Scizor\n|-damage|p2a: Mondo Cool|27\/100|[from] item: Life Orb\n|\n|upkeep\n|\n|t:|1699156376\n|switch|p1a: AHHHHHHHHHHHHHHHHH|Quagsire, F|100\/100\n|turn|30\n|\n|t:|1699156393\n|switch|p2a: Thompson|Clodsire, M, shiny, tera:Flying|88\/100 tox\n|move|p1a: AHHHHHHHHHHHHHHHHH|Drain Punch|p2a: Thompson\n|-resisted|p2a: Thompson\n|-damage|p2a: Thompson|77\/100 tox\n|\n|-heal|p2a: Thompson|83\/100 tox|[from] item: Leftovers\n|-damage|p2a: Thompson|77\/100 tox|[from] psn\n|upkeep\n|turn|31\n|\n|t:|1699156402\n|move|p1a: AHHHHHHHHHHHHHHHHH|Drain Punch|p2a: Thompson\n|-resisted|p2a: Thompson\n|-damage|p2a: Thompson|67\/100 tox\n|move|p2a: Thompson|Yawn|p1a: AHHHHHHHHHHHHHHHHH\n|-start|p1a: AHHHHHHHHHHHHHHHHH|move: Yawn|[of] p2a: Thompson\n|\n|-heal|p2a: Thompson|73\/100 tox|[from] item: Leftovers\n|-damage|p2a: Thompson|61\/100 tox|[from] psn\n|upkeep\n|turn|32\n|\n|t:|1699156411\n|move|p1a: AHHHHHHHHHHHHHHHHH|Drain Punch|p2a: Thompson\n|-resisted|p2a: Thompson\n|-damage|p2a: Thompson|51\/100 tox\n|move|p2a: Thompson|Rock Slide|p1a: AHHHHHHHHHHHHHHHHH\n|-resisted|p1a: AHHHHHHHHHHHHHHHHH\n|-damage|p1a: AHHHHHHHHHHHHHHHHH|91\/100\n|\n|-heal|p1a: AHHHHHHHHHHHHHHHHH|97\/100|[from] item: Leftovers\n|-heal|p2a: Thompson|57\/100 tox|[from] item: Leftovers\n|-damage|p2a: Thompson|39\/100 tox|[from] psn\n|-end|p1a: AHHHHHHHHHHHHHHHHH|move: Yawn|[silent]\n|-status|p1a: AHHHHHHHHHHHHHHHHH|slp\n|upkeep\n|turn|33\n|\n|t:|1699156427\n|switch|p2a: Quetzal|Latias, F, shiny|15\/100\n|cant|p1a: AHHHHHHHHHHHHHHHHH|slp\n|\n|-heal|p1a: AHHHHHHHHHHHHHHHHH|100\/100 slp|[from] item: Leftovers\n|upkeep\n|turn|34\n|\n|t:|1699156438\n|move|p2a: Quetzal|Light Screen|p2a: Quetzal\n|-sidestart|p2: ShinyMisty|move: Light Screen\n|-curestatus|p1a: AHHHHHHHHHHHHHHHHH|slp|[msg]\n|move|p1a: AHHHHHHHHHHHHHHHHH|Whirlpool|p2a: Quetzal\n|-resisted|p2a: Quetzal\n|-damage|p2a: Quetzal|13\/100\n|-activate|p2a: Quetzal|move: Whirlpool|[of] p1a: AHHHHHHHHHHHHHHHHH\n|\n|-damage|p2a: Quetzal|1\/100|[from] move: Whirlpool|[partiallytrapped]\n|upkeep\n|turn|35\n|\n|t:|1699156449\n|move|p2a: Quetzal|Healing Wish|p2a: Quetzal\n|faint|p2a: Quetzal\n|move|p1a: AHHHHHHHHHHHHHHHHH|Drain Punch|p2: Quetzal|[notarget]\n|-fail|p1a: AHHHHHHHHHHHHHHHHH\n|\n|upkeep\n|\n|t:|1699156465\n|switch|p2a: Mondo Cool|Gholdengo|27\/100\n|-heal|p2a: Mondo Cool|100\/100|[from] move: Healing Wish\n|turn|36\n|\n|t:|1699156470\n|move|p2a: Mondo Cool|Shadow Ball|p1a: AHHHHHHHHHHHHHHHHH\n|-damage|p1a: AHHHHHHHHHHHHHHHHH|31\/100\n|-unboost|p1a: AHHHHHHHHHHHHHHHHH|spd|1\n|-damage|p2a: Mondo Cool|91\/100|[from] item: Life Orb\n|move|p1a: AHHHHHHHHHHHHHHHHH|Whirlpool|p2a: Mondo Cool\n|-damage|p2a: Mondo Cool|86\/100\n|-activate|p2a: Mondo Cool|move: Whirlpool|[of] p1a: AHHHHHHHHHHHHHHHHH\n|\n|-heal|p1a: AHHHHHHHHHHHHHHHHH|37\/100|[from] item: Leftovers\n|-damage|p2a: Mondo Cool|74\/100|[from] move: Whirlpool|[partiallytrapped]\n|upkeep\n|turn|37\n|\n|t:|1699156482\n|move|p2a: Mondo Cool|Shadow Ball|p1a: AHHHHHHHHHHHHHHHHH\n|-damage|p1a: AHHHHHHHHHHHHHHHHH|0 fnt\n|faint|p1a: AHHHHHHHHHHHHHHHHH\n|-damage|p2a: Mondo Cool|64\/100|[from] item: Life Orb\n|\n|-end|p2a: Mondo Cool|Whirlpool|[partiallytrapped]|[silent]\n|upkeep\n|\n|t:|1699156485\n|switch|p1a: Azelf|Azelf|100\/100\n|turn|38\n|\n|t:|1699156507\n|move|p1a: Azelf|Explosion|p2a: Mondo Cool\n|-immune|p2a: Mondo Cool\n|faint|p1a: Azelf\n|\n|win|ShinyMisty\n|c|\u2606ShinyMisty|AAHAHAHAHA\n","uploadtime":1699156518,"views":13,"p1id":"ipenguin12","p2id":"shinymisty","formatid":"gen9nationaldexubers","rating":0,"private":0,"password":""}