{"id":"gen9nationaldexubers-1992335423","p1":"Fixzation","p2":"The_Gh0st_Shadow","format":"[Gen 9] National Dex Ubers","log":"|j|\u2606Fixzation\n|j|\u203dThe_Gh0st_Shadow\n|inactive|Battle timer is ON: inactive players will automatically lose when time's up.\n|t:|1700175922\n|gametype|singles\n|player|p1|Fixzation|brock-gen1rb|\n|player|p2|The_Gh0st_Shadow|ghetsis|\n|teamsize|p1|6\n|teamsize|p2|6\n|gen|9\n|tier|[Gen 9] National Dex Ubers\n|rated|Tournament battle\n|rule|HP Percentage Mod: HP is shown in percentages\n|rule|Endless Battle Clause: Forcing endless battles is banned\n|rule|OHKO Clause: OHKO moves are banned\n|rule|Evasion Moves Clause: Evasion moves are banned\n|rule|Evasion Items Clause: Evasion items are banned\n|rule|Species Clause: Limit one of each Pok\u00e9mon\n|rule|Sleep Clause Mod: Limit one foe put to sleep\n|rule|Mega Rayquaza Clause: You cannot mega evolve Rayquaza\n|clearpoke\n|poke|p1|Tapu Koko|\n|poke|p1|Regieleki|\n|poke|p1|Zapdos|\n|poke|p1|Zekrom|\n|poke|p1|Rotom-Wash|\n|poke|p1|Arceus-Electric|\n|poke|p2|Kyogre|\n|poke|p2|Swampert, M|\n|poke|p2|Araquanid, M|\n|poke|p2|Dracovish|\n|poke|p2|Arceus-Water|\n|poke|p2|Tapu Fini|\n|teampreview\n|j| boomp11\n|\n|t:|1700175946\n|start\n|switch|p1a: Tapu Koko|Tapu Koko|100\/100\n|switch|p2a: Kyogre|Kyogre|100\/100\n|-fieldstart|move: Electric Terrain|[from] ability: Electric Surge|[of] p1a: Tapu Koko\n|-weather|RainDance|[from] ability: Drizzle|[of] p2a: Kyogre\n|turn|1\n|\n|t:|1700175960\n|move|p1a: Tapu Koko|Volt Switch|p2a: Kyogre\n|-supereffective|p2a: Kyogre\n|-damage|p2a: Kyogre|45\/100\n|j|+bruised thighs\u2661\n|\n|t:|1700175976\n|switch|p1a: Arceus|Arceus-Electric|100\/100|[from] Volt Switch\n|move|p2a: Kyogre|Water Spout|p1a: Arceus\n|-damage|p1a: Arceus|59\/100\n|\n|-weather|RainDance|[upkeep]\n|upkeep\n|turn|2\n|j| kirblaster\n|j| Franko159\n|inactive|The_Gh0st_Shadow has 120 seconds left.\n|\n|t:|1700176034\n|switch|p2a: Swampert|Swampert, M|100\/100\n|move|p1a: Arceus|Recover|p1a: Arceus\n|-heal|p1a: Arceus|100\/100\n|\n|-weather|RainDance|[upkeep]\n|upkeep\n|turn|3\n|\n|t:|1700176039\n|detailschange|p2a: Swampert|Swampert-Mega, M\n|-mega|p2a: Swampert|Swampert|Swampertite\n|move|p2a: Swampert|Aqua Tail|p1a: Arceus\n|-crit|p1a: Arceus\n|-damage|p1a: Arceus|27\/100\n|move|p1a: Arceus|Earthquake|p2a: Swampert\n|-damage|p2a: Swampert|65\/100\n|\n|-weather|RainDance|[upkeep]\n|upkeep\n|turn|4\n|\n|t:|1700176047\n|move|p1a: Arceus|Extreme Speed|p2a: Swampert\n|-damage|p2a: Swampert|39\/100\n|move|p2a: Swampert|Flip Turn|p1a: Arceus\n|-damage|p1a: Arceus|0 fnt\n|faint|p1a: Arceus\n|\n|t:|1700176053\n|switch|p2a: Araquanid|Araquanid, M, shiny|100\/100|[from] Flip Turn\n|\n|-weather|RainDance|[upkeep]\n|upkeep\n|\n|t:|1700176070\n|switch|p1a: Regieleki|Regieleki|100\/100\n|turn|5\n|l| boomp11\n|\n|t:|1700176079\n|switch|p2a: Swampert|Swampert-Mega, M|39\/100\n|move|p1a: Regieleki|Rising Voltage|p2a: Swampert\n|-immune|p2a: Swampert\n|\n|-weather|none\n|-fieldend|move: Electric Terrain\n|upkeep\n|turn|6\n|\n|t:|1700176085\n|switch|p1a: Rotom|Rotom-Wash, shiny|100\/100\n|move|p2a: Swampert|Earthquake|p1a: Rotom\n|-immune|p1a: Rotom|[from] ability: Levitate\n|\n|upkeep\n|turn|7\n|\n|t:|1700176089\n|move|p2a: Swampert|Flip Turn|p1a: Rotom\n|-resisted|p1a: Rotom\n|-damage|p1a: Rotom|88\/100\n|\n|t:|1700176106\n|switch|p2a: Araquanid|Araquanid, M, shiny|100\/100|[from] Flip Turn\n|move|p1a: Rotom|Volt Switch|p2a: Araquanid\n|-supereffective|p2a: Araquanid\n|-damage|p2a: Araquanid|62\/100\n|\n|t:|1700176122\n|switch|p1a: Zekrom|Zekrom|100\/100|[from] Volt Switch\n|-ability|p1a: Zekrom|Teravolt\n|\n|-heal|p2a: Araquanid|68\/100|[from] item: Leftovers\n|upkeep\n|turn|8\n|\n|t:|1700176132\n|move|p1a: Zekrom|Dragon Dance|p1a: Zekrom\n|-boost|p1a: Zekrom|atk|1\n|-boost|p1a: Zekrom|spe|1\n|move|p2a: Araquanid|Sticky Web|p1a: Zekrom\n|-sidestart|p1: Fixzation|move: Sticky Web\n|\n|-heal|p2a: Araquanid|74\/100|[from] item: Leftovers\n|upkeep\n|turn|9\n|\n|t:|1700176141\n|move|p1a: Zekrom|Dragon Dance|p1a: Zekrom\n|-boost|p1a: Zekrom|atk|1\n|-boost|p1a: Zekrom|spe|1\n|move|p2a: Araquanid|Aqua Ring|p2a: Araquanid\n|-start|p2a: Araquanid|Aqua Ring\n|\n|-heal|p2a: Araquanid|80\/100|[from] item: Leftovers\n|-heal|p2a: Araquanid|86\/100|[from] Aqua Ring\n|upkeep\n|turn|10\n|\n|t:|1700176146\n|move|p1a: Zekrom|Bolt Strike|p2a: Araquanid\n|-supereffective|p2a: Araquanid\n|-damage|p2a: Araquanid|0 fnt\n|faint|p2a: Araquanid\n|\n|upkeep\n|\n|t:|1700176161\n|switch|p2a: Kyogre|Kyogre|45\/100\n|-weather|RainDance|[from] ability: Drizzle|[of] p2a: Kyogre\n|turn|11\n|\n|t:|1700176170\n|switch|p2a: Arceus|Arceus-Water|100\/100\n|move|p1a: Zekrom|Dragon Claw|p2a: Arceus\n|-damage|p2a: Arceus|45\/100\n|\n|-weather|RainDance|[upkeep]\n|upkeep\n|turn|12\n|\n|t:|1700176184\n|move|p2a: Arceus|Extreme Speed|p1a: Zekrom\n|-crit|p1a: Zekrom\n|-damage|p1a: Zekrom|72\/100\n|move|p1a: Zekrom|Dragon Claw|p2a: Arceus\n|-crit|p2a: Arceus\n|-damage|p2a: Arceus|0 fnt\n|faint|p2a: Arceus\n|\n|-weather|RainDance|[upkeep]\n|upkeep\n|\n|t:|1700176195\n|switch|p2a: Swampert|Swampert-Mega, M|39\/100\n|turn|13\n|\n|t:|1700176202\n|switch|p2a: Tapu Fini|Tapu Fini, shiny|100\/100\n|-fieldstart|move: Misty Terrain|[from] ability: Misty Surge|[of] p2a: Tapu Fini\n|move|p1a: Zekrom|Dragon Claw|p2a: Tapu Fini\n|-immune|p2a: Tapu Fini\n|\n|-weather|RainDance|[upkeep]\n|upkeep\n|turn|14\n|\n|t:|1700176218\n|move|p1a: Zekrom|Bolt Strike|p2a: Tapu Fini\n|-supereffective|p2a: Tapu Fini\n|-damage|p2a: Tapu Fini|0 fnt\n|faint|p2a: Tapu Fini\n|\n|-weather|RainDance|[upkeep]\n|upkeep\n|\n|t:|1700176224\n|switch|p2a: Dracovish|Dracovish, shiny|100\/100\n|turn|15\n|\n|t:|1700176232\n|-terastallize|p2a: Dracovish|Water\n|move|p1a: Zekrom|Dragon Claw|p2a: Dracovish\n|-damage|p2a: Dracovish|54\/100\n|move|p2a: Dracovish|Fishious Rend|p1a: Zekrom\n|-resisted|p1a: Zekrom\n|-damage|p1a: Zekrom|3\/100\n|\n|-weather|none\n|upkeep\n|turn|16\n|\n|t:|1700176247\n|switch|p2a: Swampert|Swampert-Mega, M|39\/100\n|move|p1a: Zekrom|Bolt Strike|p2a: Swampert\n|-immune|p2a: Swampert\n|\n|upkeep\n|turn|17\n|\n|t:|1700176258\n|move|p1a: Zekrom|Dragon Claw|p2a: Swampert\n|-damage|p2a: Swampert|0 fnt\n|faint|p2a: Swampert\n|\n|-fieldend|Misty Terrain\n|upkeep\n|\n|t:|1700176260\n|switch|p2a: Kyogre|Kyogre|45\/100\n|-weather|RainDance|[from] ability: Drizzle|[of] p2a: Kyogre\n|turn|18\n|l| kirblaster\n|\n|t:|1700176268\n|move|p1a: Zekrom|Dragon Claw|p2a: Kyogre\n|-damage|p2a: Kyogre|0 fnt\n|faint|p2a: Kyogre\n|\n|-weather|RainDance|[upkeep]\n|upkeep\n|\n|t:|1700176270\n|switch|p2a: Dracovish|Dracovish, shiny, tera:Water|54\/100\n|turn|19\n|\n|t:|1700176274\n|move|p1a: Zekrom|Bolt Strike|p2a: Dracovish\n|-supereffective|p2a: Dracovish\n|-damage|p2a: Dracovish|0 fnt\n|faint|p2a: Dracovish\n|\n|win|Fixzation\n|n|\u2606Fixzation|fixzation\n|n|\u203dThe_Gh0st_Shadow|thegh0stshadow\n|n| bruised thighs\u2661|bruisedthighs\n|n| Franko159|franko159\n|l|\u203dThe_Gh0st_Shadow\n|l| bruised thighs\u2661\n","uploadtime":1700176281,"views":10,"p1id":"fixzation","p2id":"thegh0stshadow","formatid":"gen9nationaldexubers","rating":0,"private":0,"password":""}