{"id":"gen9nationaldexubers-1999737247","p1":"TorchOrphan","p2":"lsa2999","format":"[Gen 9] National Dex Ubers","log":"|j|\u2606TorchOrphan\n|j|\u2606lsa2999\n|t:|1701112235\n|gametype|singles\n|player|p1|TorchOrphan|hilbert|1026\n|player|p2|lsa2999|2|1000\n|teamsize|p1|6\n|teamsize|p2|6\n|gen|9\n|tier|[Gen 9] National Dex Ubers\n|rated|\n|rule|HP Percentage Mod: HP is shown in percentages\n|rule|Endless Battle Clause: Forcing endless battles is banned\n|rule|OHKO Clause: OHKO moves are banned\n|rule|Evasion Moves Clause: Evasion moves are banned\n|rule|Evasion Items Clause: Evasion items are banned\n|rule|Species Clause: Limit one of each Pok\u00e9mon\n|rule|Sleep Clause Mod: Limit one foe put to sleep\n|rule|Mega Rayquaza Clause: You cannot mega evolve Rayquaza\n|clearpoke\n|poke|p1|Meowscarada, F|\n|poke|p1|Shaymin-Sky|\n|poke|p1|Lilligant-Hisui, F|\n|poke|p1|Sceptile, M|\n|poke|p1|Ogerpon, F|\n|poke|p1|Blaziken, M|\n|poke|p2|Mewtwo|\n|poke|p2|Groudon|\n|poke|p2|Shaymin-Sky|\n|poke|p2|Zapdos|\n|poke|p2|Ditto|\n|poke|p2|Weavile, M|\n|teampreview\n|\n|t:|1701112242\n|start\n|switch|p1a: Blaziken|Blaziken, M|100\/100\n|switch|p2a: Groudon|Groudon|100\/100\n|detailschange|p2a: Groudon|Groudon-Primal\n|-primal|p2a: Groudon|Red Orb\n|-weather|DesolateLand|[from] ability: Desolate Land|[of] p2a: Groudon\n|turn|1\n|\n|t:|1701112249\n|move|p1a: Blaziken|Protect|p1a: Blaziken\n|-singleturn|p1a: Blaziken|Protect\n|move|p2a: Groudon|Stealth Rock|p1a: Blaziken\n|-sidestart|p1: TorchOrphan|move: Stealth Rock\n|\n|-weather|DesolateLand|[upkeep]\n|-ability|p1a: Blaziken|Speed Boost|boost\n|-boost|p1a: Blaziken|spe|1\n|upkeep\n|turn|2\n|\n|t:|1701112267\n|move|p1a: Blaziken|Swords Dance|p1a: Blaziken\n|-boost|p1a: Blaziken|atk|2\n|move|p2a: Groudon|Precipice Blades|p1a: Blaziken\n|-supereffective|p1a: Blaziken\n|-enditem|p1a: Blaziken|Focus Sash\n|-damage|p1a: Blaziken|1\/100\n|\n|-weather|DesolateLand|[upkeep]\n|-ability|p1a: Blaziken|Speed Boost|boost\n|-boost|p1a: Blaziken|spe|1\n|upkeep\n|turn|3\n|inactive|Battle timer is ON: inactive players will automatically lose when time's up. (requested by TorchOrphan)\n|\n|t:|1701112305\n|-weather|none\n|switch|p2a: Zapdos|Zapdos|100\/100\n|move|p1a: Blaziken|Earthquake|p2a: Zapdos\n|-immune|p2a: Zapdos\n|\n|-ability|p1a: Blaziken|Speed Boost|boost\n|-boost|p1a: Blaziken|spe|1\n|upkeep\n|turn|4\n|\n|t:|1701112318\n|switch|p2a: Ditto|Ditto|100\/100\n|-transform|p2a: Ditto|p1a: Blaziken|[from] ability: Imposter\n|move|p1a: Blaziken|Close Combat|p2a: Ditto\n|-damage|p2a: Ditto|0 fnt\n|-unboost|p1a: Blaziken|def|1\n|-unboost|p1a: Blaziken|spd|1\n|faint|p2a: Ditto\n|\n|-ability|p1a: Blaziken|Speed Boost|boost\n|-boost|p1a: Blaziken|spe|1\n|upkeep\n|\n|t:|1701112328\n|switch|p2a: Weavile|Weavile, M|100\/100\n|-ability|p2a: Weavile|Pressure\n|turn|5\n|\n|t:|1701112332\n|move|p2a: Weavile|Ice Shard|p1a: Blaziken\n|-resisted|p1a: Blaziken\n|-damage|p1a: Blaziken|0 fnt\n|faint|p1a: Blaziken\n|\n|upkeep\n|\n|t:|1701112339\n|switch|p1a: Ren|Shaymin-Sky|100\/100\n|turn|6\n|\n|t:|1701112342\n|move|p2a: Weavile|Ice Shard|p1a: Ren\n|-supereffective|p1a: Ren\n|-damage|p1a: Ren|0 fnt\n|faint|p1a: Ren\n|\n|upkeep\n|\n|t:|1701112350\n|switch|p1a: Aoi|Meowscarada, F|100\/100\n|-damage|p1a: Aoi|88\/100|[from] Stealth Rock\n|turn|7\n|\n|t:|1701112358\n|switch|p2a: Zapdos|Zapdos|100\/100\n|move|p1a: Aoi|Flower Trick|p2a: Zapdos\n|-start|p1a: Aoi|typechange|Grass|[from] ability: Protean\n|-resisted|p2a: Zapdos\n|-crit|p2a: Zapdos\n|-damage|p2a: Zapdos|72\/100\n|\n|upkeep\n|turn|8\n|-message|TorchOrphan forfeited.\n|\n|win|lsa2999\n|raw|TorchOrphan's rating: 1026 &rarr; <strong>1011<\/strong><br \/>(-15 for losing)\n|raw|lsa2999's rating: 1000 &rarr; <strong>1043<\/strong><br \/>(+43 for winning)\n|l|\u2606TorchOrphan\n","uploadtime":1701112381,"views":1,"p1id":"torchorphan","p2id":"lsa2999","formatid":"gen9nationaldexubers","rating":1011,"private":0,"password":""}