{"id":"gen9nationaldexubers-1996424717","p1":"85792195wwww","p2":"khancoach23","format":"[Gen 9] National Dex Ubers","log":"|j|\u260685792195wwww\n|j|\u2606khancoach23\n|t:|1700680737\n|gametype|singles\n|player|p1|85792195wwww|mira|1715\n|player|p2|khancoach23|steven|1671\n|teamsize|p1|6\n|teamsize|p2|6\n|gen|9\n|tier|[Gen 9] National Dex Ubers\n|rated|\n|rule|HP Percentage Mod: HP is shown in percentages\n|rule|Endless Battle Clause: Forcing endless battles is banned\n|rule|OHKO Clause: OHKO moves are banned\n|rule|Evasion Moves Clause: Evasion moves are banned\n|rule|Evasion Items Clause: Evasion items are banned\n|rule|Species Clause: Limit one of each Pok\u00e9mon\n|rule|Sleep Clause Mod: Limit one foe put to sleep\n|rule|Mega Rayquaza Clause: You cannot mega evolve Rayquaza\n|clearpoke\n|poke|p1|Arceus|\n|poke|p1|Zacian-*|\n|poke|p1|Xerneas-*|\n|poke|p1|Kyurem-Black|\n|poke|p1|Groudon|\n|poke|p1|Krookodile, M|\n|poke|p2|Groudon|\n|poke|p2|Ho-Oh|\n|poke|p2|Arceus-Ground|\n|poke|p2|Yveltal|\n|poke|p2|Zygarde|\n|poke|p2|Necrozma-Dusk-Mane|\n|teampreview\n|\n|t:|1700680746\n|start\n|switch|p1a: Kyurem|Kyurem-Black|100\/100\n|switch|p2a: Yveltal|Yveltal|100\/100\n|-ability|p2a: Yveltal|Dark Aura\n|-ability|p1a: Kyurem|Teravolt\n|turn|1\n|\n|t:|1700680755\n|move|p2a: Yveltal|Foul Play|p1a: Kyurem\n|-damage|p1a: Kyurem|25\/100\n|move|p1a: Kyurem|Icicle Spear|p2a: Yveltal\n|-supereffective|p2a: Yveltal\n|-damage|p2a: Yveltal|77\/100\n|-supereffective|p2a: Yveltal\n|-crit|p2a: Yveltal\n|-damage|p2a: Yveltal|40\/100\n|-supereffective|p2a: Yveltal\n|-damage|p2a: Yveltal|15\/100\n|-supereffective|p2a: Yveltal\n|-damage|p2a: Yveltal|0 fnt\n|faint|p2a: Yveltal\n|-hitcount|p2: Yveltal|4\n|\n|upkeep\n|\n|t:|1700680763\n|switch|p2a: Arceus|Arceus-Ground|100\/100\n|turn|2\n|\n|t:|1700680779\n|move|p2a: Arceus|Earthquake|p1a: Kyurem\n|-damage|p1a: Kyurem|0 fnt\n|faint|p1a: Kyurem\n|\n|upkeep\n|\n|t:|1700680788\n|switch|p1a: Krookodile|Krookodile, M|100\/100\n|-ability|p1a: Krookodile|Intimidate|boost\n|-unboost|p2a: Arceus|atk|1\n|turn|3\n|\n|t:|1700680793\n|switch|p2a: Zygarde|Zygarde|100\/100\n|move|p1a: Krookodile|Bulldoze|p2a: Zygarde\n|-damage|p2a: Zygarde|85\/100\n|-unboost|p2a: Zygarde|spe|1\n|\n|-heal|p2a: Zygarde|91\/100|[from] item: Leftovers\n|upkeep\n|turn|4\n|\n|t:|1700680803\n|move|p1a: Krookodile|Stealth Rock|p2a: Zygarde\n|-sidestart|p2: khancoach23|move: Stealth Rock\n|move|p2a: Zygarde|Thousand Arrows|p1a: Krookodile\n|-damage|p1a: Krookodile|62\/100\n|\n|-heal|p2a: Zygarde|97\/100|[from] item: Leftovers\n|upkeep\n|turn|5\n|\n|t:|1700680812\n|move|p1a: Krookodile|Taunt|p2a: Zygarde\n|-start|p2a: Zygarde|move: Taunt\n|move|p2a: Zygarde|Thousand Arrows|p1a: Krookodile\n|-damage|p1a: Krookodile|26\/100\n|\n|-heal|p2a: Zygarde|100\/100|[from] item: Leftovers\n|upkeep\n|turn|6\n|\n|t:|1700680821\n|move|p1a: Krookodile|Knock Off|p2a: Zygarde\n|-damage|p2a: Zygarde|76\/100\n|-enditem|p2a: Zygarde|Leftovers|[from] move: Knock Off|[of] p1a: Krookodile\n|move|p2a: Zygarde|Thousand Arrows|p1a: Krookodile\n|-damage|p1a: Krookodile|0 fnt\n|faint|p1a: Krookodile\n|\n|upkeep\n|\n|t:|1700680839\n|switch|p1a: Zacian|Zacian-Crowned|100\/100\n|-ability|p1a: Zacian|Intrepid Sword|boost\n|-boost|p1a: Zacian|atk|1\n|turn|7\n|\n|t:|1700680844\n|switch|p2a: Ho-Oh|Ho-Oh|100\/100\n|move|p1a: Zacian|Swords Dance|p1a: Zacian\n|-boost|p1a: Zacian|atk|2\n|\n|upkeep\n|turn|8\n|\n|t:|1700680850\n|switch|p2a: Groudon|Groudon|100\/100\n|-damage|p2a: Groudon|94\/100|[from] Stealth Rock\n|detailschange|p2a: Groudon|Groudon-Primal\n|-primal|p2a: Groudon|Red Orb\n|-weather|DesolateLand|[from] ability: Desolate Land|[of] p2a: Groudon\n|move|p1a: Zacian|Wild Charge|p2a: Groudon\n|-immune|p2a: Groudon\n|\n|-weather|DesolateLand|[upkeep]\n|upkeep\n|turn|9\n|\n|t:|1700680861\n|-terastallize|p1a: Zacian|Ground\n|move|p1a: Zacian|Tera Blast|p2a: Groudon|[anim] Tera Blast Ground\n|-supereffective|p2a: Groudon\n|-damage|p2a: Groudon|0 fnt\n|faint|p2a: Groudon\n|-weather|none\n|\n|upkeep\n|\n|t:|1700680868\n|switch|p2a: Ho-Oh|Ho-Oh|100\/100\n|turn|10\n|\n|t:|1700680872\n|-terastallize|p2a: Ho-Oh|Grass\n|move|p1a: Zacian|Behemoth Blade|p2a: Ho-Oh\n|-damage|p2a: Ho-Oh|10\/100\n|move|p2a: Ho-Oh|Whirlwind|p1a: Zacian\n|drag|p1a: Groudon|Groudon|100\/100\n|detailschange|p1a: Groudon|Groudon-Primal\n|-primal|p1a: Groudon|Red Orb\n|-weather|DesolateLand|[from] ability: Desolate Land|[of] p1a: Groudon\n|\n|-weather|DesolateLand|[upkeep]\n|upkeep\n|turn|11\n|\n|t:|1700680899\n|-weather|none\n|switch|p1a: Arceus|Arceus|100\/100\n|switch|p2a: Zygarde|Zygarde|76\/100\n|-damage|p2a: Zygarde|70\/100|[from] Stealth Rock\n|\n|upkeep\n|turn|12\n|\n|t:|1700680908\n|move|p1a: Arceus|Will-O-Wisp|p2a: Zygarde\n|-status|p2a: Zygarde|brn\n|move|p2a: Zygarde|Toxic|p1a: Arceus\n|-status|p1a: Arceus|tox\n|\n|-damage|p1a: Arceus|94\/100 tox|[from] psn\n|-damage|p2a: Zygarde|64\/100 brn|[from] brn\n|upkeep\n|turn|13\n|\n|t:|1700680918\n|switch|p1a: Zacian|Zacian-Crowned, tera:Ground|100\/100\n|move|p2a: Zygarde|Coil|p2a: Zygarde\n|-boost|p2a: Zygarde|atk|1\n|-boost|p2a: Zygarde|def|1\n|-boost|p2a: Zygarde|accuracy|1\n|\n|-damage|p2a: Zygarde|58\/100 brn|[from] brn\n|upkeep\n|turn|14\n|\n|t:|1700680927\n|move|p1a: Zacian|Swords Dance|p1a: Zacian\n|-boost|p1a: Zacian|atk|2\n|move|p2a: Zygarde|Toxic|p1a: Zacian\n|-status|p1a: Zacian|tox\n|\n|-damage|p1a: Zacian|94\/100 tox|[from] psn\n|-damage|p2a: Zygarde|51\/100 brn|[from] brn\n|upkeep\n|turn|15\n|\n|t:|1700680936\n|move|p1a: Zacian|Behemoth Blade|p2a: Zygarde\n|-damage|p2a: Zygarde|14\/100 brn\n|move|p2a: Zygarde|Coil|p2a: Zygarde\n|-boost|p2a: Zygarde|atk|1\n|-boost|p2a: Zygarde|def|1\n|-boost|p2a: Zygarde|accuracy|1\n|\n|-damage|p1a: Zacian|82\/100 tox|[from] psn\n|-damage|p2a: Zygarde|8\/100 brn|[from] brn\n|-activate|p2a: Zygarde|ability: Power Construct\n|detailschange|p2a: Zygarde|Zygarde-Complete\n|-heal|p2a: Zygarde|39\/100 brn|[silent]\n|upkeep\n|turn|16\n|\n|t:|1700680951\n|move|p1a: Zacian|Behemoth Blade|p2a: Zygarde\n|-damage|p2a: Zygarde|20\/100 brn\n|move|p2a: Zygarde|Rest|p2a: Zygarde\n|-status|p2a: Zygarde|slp|[from] move: Rest\n|-heal|p2a: Zygarde|100\/100 slp|[silent]\n|\n|-damage|p1a: Zacian|64\/100 tox|[from] psn\n|upkeep\n|turn|17\n|\n|t:|1700680962\n|switch|p1a: Xerneas|Xerneas|100\/100\n|-ability|p1a: Xerneas|Fairy Aura\n|switch|p2a: Ho-Oh|Ho-Oh, tera:Grass|43\/100\n|\n|upkeep\n|turn|18\n|\n|t:|1700680970\n|move|p1a: Xerneas|Moonblast|p2a: Ho-Oh\n|-crit|p2a: Ho-Oh\n|-damage|p2a: Ho-Oh|0 fnt\n|faint|p2a: Ho-Oh\n|\n|upkeep\n|\n|t:|1700680976\n|switch|p2a: Necrozma|Necrozma-Dusk-Mane|100\/100\n|-damage|p2a: Necrozma|94\/100|[from] Stealth Rock\n|turn|19\n|\n|t:|1700680988\n|switch|p1a: Arceus|Arceus|94\/100 tox\n|move|p2a: Necrozma|Dragon Dance|p2a: Necrozma\n|-boost|p2a: Necrozma|atk|1\n|-boost|p2a: Necrozma|spe|1\n|\n|-damage|p1a: Arceus|88\/100 tox|[from] psn\n|upkeep\n|turn|20\n|\n|t:|1700680997\n|switch|p2a: Zygarde|Zygarde-Complete|100\/100 slp\n|-damage|p2a: Zygarde|94\/100 slp|[from] Stealth Rock\n|move|p1a: Arceus|Will-O-Wisp||[still]\n|-fail|p1a: Arceus\n|\n|-damage|p1a: Arceus|76\/100 tox|[from] psn\n|upkeep\n|turn|21\n|\n|t:|1700681006\n|switch|p1a: Xerneas|Xerneas|100\/100\n|-ability|p1a: Xerneas|Fairy Aura\n|switch|p2a: Arceus|Arceus-Ground|100\/100\n|-damage|p2a: Arceus|94\/100|[from] Stealth Rock\n|\n|upkeep\n|turn|22\n|\n|t:|1700681015\n|move|p2a: Arceus|Earthquake|p1a: Xerneas\n|-damage|p1a: Xerneas|55\/100\n|move|p1a: Xerneas|Geomancy||[still]\n|-prepare|p1a: Xerneas|Geomancy\n|-enditem|p1a: Xerneas|Power Herb\n|-anim|p1a: Xerneas|Geomancy|p1a: Xerneas\n|-boost|p1a: Xerneas|spa|2\n|-boost|p1a: Xerneas|spd|2\n|-boost|p1a: Xerneas|spe|2\n|\n|upkeep\n|turn|23\n|\n|t:|1700681024\n|move|p1a: Xerneas|Moonblast|p2a: Arceus\n|-damage|p2a: Arceus|0 fnt\n|faint|p2a: Arceus\n|\n|upkeep\n|\n|t:|1700681026\n|switch|p2a: Necrozma|Necrozma-Dusk-Mane|94\/100\n|-damage|p2a: Necrozma|88\/100|[from] Stealth Rock\n|turn|24\n|\n|t:|1700681034\n|move|p1a: Xerneas|Moonblast|p2a: Necrozma\n|-resisted|p2a: Necrozma\n|-damage|p2a: Necrozma|23\/100\n|move|p2a: Necrozma|Photon Geyser|p1a: Xerneas\n|-damage|p1a: Xerneas|18\/100\n|\n|upkeep\n|turn|25\n|-message|khancoach23 forfeited.\n|\n|win|85792195wwww\n|raw|85792195wwww's rating: 1715 &rarr; <strong>1732<\/strong><br \/>(+17 for winning)\n|raw|khancoach23's rating: 1671 &rarr; <strong>1654<\/strong><br \/>(-17 for losing)\n|l|\u2606khancoach23\n","uploadtime":1700681063,"views":4,"p1id":"85792195wwww","p2id":"khancoach23","formatid":"gen9nationaldexubers","rating":1654,"private":0,"password":""}