{"id":"gen9nationaldexubers-1998047345","p1":"meykii","p2":"blurngr","format":"[Gen 9] National Dex Ubers","log":"|j|\u2606meykii\n|j|\u2606blurngr\n|t:|1700883413\n|gametype|singles\n|player|p1|meykii|266|\n|player|p2|blurngr|2|\n|teamsize|p1|6\n|teamsize|p2|6\n|gen|9\n|tier|[Gen 9] National Dex Ubers\n|rule|HP Percentage Mod: HP is shown in percentages\n|rule|Endless Battle Clause: Forcing endless battles is banned\n|rule|OHKO Clause: OHKO moves are banned\n|rule|Evasion Moves Clause: Evasion moves are banned\n|rule|Evasion Items Clause: Evasion items are banned\n|rule|Species Clause: Limit one of each Pok\u00e9mon\n|rule|Sleep Clause Mod: Limit one foe put to sleep\n|rule|Mega Rayquaza Clause: You cannot mega evolve Rayquaza\n|clearpoke\n|poke|p1|Genesect|\n|poke|p1|Dondozo, M|\n|poke|p1|Cinderace, M|\n|poke|p1|Diancie|\n|poke|p1|Annihilape, M|\n|poke|p1|Farigiraf, F|\n|poke|p2|Kingambit, M|\n|poke|p2|Starmie|\n|poke|p2|Flutter Mane|\n|poke|p2|Conkeldurr, F|\n|poke|p2|Moltres|\n|poke|p2|Rotom-Wash|\n|teampreview\n|c|\u2606blurngr|gl hf\n|c|\u2606meykii|glhf go easy on me kay >.<\n|\n|t:|1700883433\n|start\n|switch|p1a: bug machine|Genesect|100\/100\n|switch|p2a: Rotom|Rotom-Wash|100\/100\n|-ability|p1a: bug machine|Download|boost\n|-boost|p1a: bug machine|spa|1\n|turn|1\n|\n|t:|1700883446\n|move|p1a: bug machine|U-turn|p2a: Rotom\n|-damage|p2a: Rotom|75\/100\n|\n|t:|1700883464\n|switch|p1a: mad machine|Annihilape, M|100\/100|[from] U-turn\n|move|p2a: Rotom|Volt Switch|p1a: mad machine\n|-crit|p1a: mad machine\n|-damage|p1a: mad machine|69\/100\n|\n|t:|1700883493\n|switch|p2a: Moltres|Moltres|100\/100|[from] Volt Switch\n|\n|upkeep\n|turn|2\n|\n|t:|1700883522\n|switch|p1a: girafe machine|Farigiraf, F|100\/100\n|move|p2a: Moltres|U-turn|p1a: girafe machine\n|-supereffective|p1a: girafe machine\n|-damage|p1a: girafe machine|71\/100\n|\n|t:|1700883599\n|switch|p2a: Kingambit|Kingambit, M|100\/100|[from] U-turn\n|\n|upkeep\n|turn|3\n|\n|t:|1700883617\n|switch|p1a: mad machine|Annihilape, M|69\/100\n|move|p2a: Kingambit|Knock Off|p1a: mad machine\n|-damage|p1a: mad machine|31\/100\n|-enditem|p1a: mad machine|Punching Glove|[from] move: Knock Off|[of] p2a: Kingambit\n|\n|upkeep\n|turn|4\n|\n|t:|1700883665\n|-terastallize|p2a: Kingambit|Water\n|move|p1a: mad machine|Rest|p1a: mad machine\n|-status|p1a: mad machine|slp|[from] move: Rest\n|-heal|p1a: mad machine|100\/100 slp|[silent]\n|move|p2a: Kingambit|Iron Head|p1a: mad machine\n|-damage|p1a: mad machine|66\/100 slp\n|\n|upkeep\n|turn|5\n|\n|t:|1700883681\n|switch|p1a: fish machine|Dondozo, M|100\/100\n|move|p2a: Kingambit|Iron Head|p1a: fish machine\n|-resisted|p1a: fish machine\n|-damage|p1a: fish machine|90\/100\n|\n|upkeep\n|turn|6\n|\n|t:|1700883698\n|move|p2a: Kingambit|Taunt|p1a: fish machine\n|-start|p1a: fish machine|move: Taunt\n|cant|p1a: fish machine|move: Taunt|Yawn\n|\n|upkeep\n|turn|7\n|\n|t:|1700883712\n|move|p2a: Kingambit|Knock Off|p1a: fish machine\n|-damage|p1a: fish machine|64\/100\n|-enditem|p1a: fish machine|Rocky Helmet|[from] move: Knock Off|[of] p2a: Kingambit\n|move|p1a: fish machine|Body Press|p2a: Kingambit\n|-damage|p2a: Kingambit|79\/100\n|\n|upkeep\n|turn|8\n|\n|t:|1700883725\n|-end|p2a: Kingambit|fallenundefined|[silent]\n|switch|p2a: Rotom|Rotom-Wash|75\/100\n|move|p1a: fish machine|Body Press|p2a: Rotom\n|-damage|p2a: Rotom|55\/100\n|\n|-end|p1a: fish machine|move: Taunt\n|upkeep\n|turn|9\n|\n|t:|1700883805\n|move|p2a: Rotom|Volt Switch|p1a: fish machine\n|-supereffective|p1a: fish machine\n|-damage|p1a: fish machine|14\/100\n|\n|t:|1700883809\n|switch|p2a: Starmie|Starmie|100\/100|[from] Volt Switch\n|move|p1a: fish machine|Rest|p1a: fish machine\n|-status|p1a: fish machine|slp|[from] move: Rest\n|-heal|p1a: fish machine|100\/100 slp|[silent]\n|\n|upkeep\n|turn|10\n|\n|t:|1700883816\n|switch|p1a: girafe machine|Farigiraf, F|71\/100\n|move|p2a: Starmie|Thunderbolt|p1a: girafe machine\n|-damage|p1a: girafe machine|49\/100\n|-enditem|p1a: girafe machine|Sitrus Berry|[eat]\n|-heal|p1a: girafe machine|74\/100|[from] item: Sitrus Berry\n|\n|upkeep\n|turn|11\n|\n|t:|1700883837\n|switch|p2a: Kingambit|Kingambit, M, tera:Water|79\/100\n|move|p1a: girafe machine|Toxic|p2a: Kingambit\n|-status|p2a: Kingambit|tox\n|\n|-damage|p2a: Kingambit|73\/100 tox|[from] psn\n|-activate|p1a: girafe machine|ability: Cud Chew\n|-enditem|p1a: girafe machine|Sitrus Berry|[eat]\n|-heal|p1a: girafe machine|99\/100|[from] item: Sitrus Berry\n|upkeep\n|turn|12\n|\n|t:|1700883878\n|switch|p1a: fish machine|Dondozo, M|100\/100 slp\n|move|p2a: Kingambit|Knock Off|p1a: fish machine\n|-damage|p1a: fish machine|83\/100 slp\n|\n|-damage|p2a: Kingambit|61\/100 tox|[from] psn\n|upkeep\n|turn|13\n|\n|t:|1700883905\n|switch|p1a: mad machine|Annihilape, M|66\/100 slp\n|move|p2a: Kingambit|Taunt|p1a: mad machine\n|-start|p1a: mad machine|move: Taunt\n|\n|-damage|p2a: Kingambit|42\/100 tox|[from] psn\n|upkeep\n|turn|14\n|\n|t:|1700883915\n|-end|p2a: Kingambit|fallenundefined|[silent]\n|switch|p2a: Moltres|Moltres|100\/100\n|cant|p1a: mad machine|slp\n|\n|upkeep\n|turn|15\n|\n|t:|1700883924\n|move|p2a: Moltres|Hurricane|p1a: mad machine\n|-supereffective|p1a: mad machine\n|-damage|p1a: mad machine|0 fnt\n|faint|p1a: mad machine\n|\n|upkeep\n|\n|t:|1700883929\n|switch|p1a: rock machine|Diancie|100\/100\n|turn|16\n|\n|t:|1700883940\n|switch|p2a: Rotom|Rotom-Wash|55\/100\n|detailschange|p1a: rock machine|Diancie-Mega\n|-mega|p1a: rock machine|Diancie|Diancite\n|move|p1a: rock machine|Diamond Storm|p2a: Rotom|[miss]\n|-miss|p1a: rock machine|p2a: Rotom\n|\n|upkeep\n|turn|17\n|\n|t:|1700883959\n|move|p1a: rock machine|Moonblast|p2a: Rotom\n|-damage|p2a: Rotom|0 fnt\n|faint|p2a: Rotom\n|\n|upkeep\n|\n|t:|1700883974\n|switch|p2a: Starmie|Starmie|100\/100\n|turn|18\n|\n|t:|1700883982\n|switch|p1a: girafe machine|Farigiraf, F|99\/100\n|move|p2a: Starmie|Scald|p1a: girafe machine\n|-damage|p1a: girafe machine|67\/100\n|\n|upkeep\n|turn|19\n|\n|t:|1700884034\n|switch|p2a: Kingambit|Kingambit, M, tera:Water|42\/100 tox\n|-activate|p2a: Kingambit|ability: Supreme Overlord\n|-start|p2a: Kingambit|fallen1|[silent]\n|move|p1a: girafe machine|Recycle|p1a: girafe machine\n|-item|p1a: girafe machine|Sitrus Berry|[from] move: Recycle\n|\n|-damage|p2a: Kingambit|36\/100 tox|[from] psn\n|upkeep\n|turn|20\n|\n|t:|1700884061\n|switch|p1a: fish machine|Dondozo, M|83\/100 slp\n|-end|p2a: Kingambit|fallen1|[silent]\n|switch|p2a: Starmie|Starmie|100\/100\n|\n|upkeep\n|turn|21\n|\n|t:|1700884071\n|switch|p1a: girafe machine|Farigiraf, F|67\/100\n|move|p2a: Starmie|Scald|p1a: girafe machine\n|-damage|p1a: girafe machine|32\/100\n|-enditem|p1a: girafe machine|Sitrus Berry|[eat]\n|-heal|p1a: girafe machine|57\/100|[from] item: Sitrus Berry\n|\n|upkeep\n|turn|22\n|\n|t:|1700884081\n|switch|p2a: Moltres|Moltres|100\/100\n|move|p1a: girafe machine|Recycle|p1a: girafe machine\n|-item|p1a: girafe machine|Sitrus Berry|[from] move: Recycle\n|\n|-activate|p1a: girafe machine|ability: Cud Chew\n|-enditem|p1a: girafe machine|Sitrus Berry|[eat]\n|-heal|p1a: girafe machine|82\/100|[from] item: Sitrus Berry\n|upkeep\n|turn|23\n|\n|t:|1700884118\n|switch|p1a: rock machine|Diancie-Mega|100\/100\n|move|p2a: Moltres|U-turn|p1a: rock machine\n|-resisted|p1a: rock machine\n|-damage|p1a: rock machine|91\/100\n|\n|t:|1700884125\n|switch|p2a: Starmie|Starmie|100\/100|[from] U-turn\n|\n|upkeep\n|turn|24\n|\n|t:|1700884131\n|switch|p1a: girafe machine|Farigiraf, F|82\/100\n|move|p2a: Starmie|Scald|p1a: girafe machine\n|-damage|p1a: girafe machine|53\/100\n|\n|upkeep\n|turn|25\n|\n|t:|1700884144\n|switch|p2a: Kingambit|Kingambit, M, tera:Water|36\/100 tox\n|-activate|p2a: Kingambit|ability: Supreme Overlord\n|-start|p2a: Kingambit|fallen1|[silent]\n|move|p1a: girafe machine|Toxic|p2a: Kingambit\n|-fail|p2a: Kingambit|tox\n|\n|-damage|p2a: Kingambit|30\/100 tox|[from] psn\n|upkeep\n|turn|26\n|\n|t:|1700884155\n|switch|p1a: fish machine|Dondozo, M|83\/100 slp\n|move|p2a: Kingambit|Iron Head|p1a: fish machine\n|-resisted|p1a: fish machine\n|-damage|p1a: fish machine|72\/100 slp\n|\n|-damage|p2a: Kingambit|18\/100 tox|[from] psn\n|upkeep\n|turn|27\n|\n|t:|1700884173\n|move|p2a: Kingambit|Knock Off|p1a: fish machine\n|-damage|p1a: fish machine|54\/100 slp\n|cant|p1a: fish machine|slp\n|\n|-damage|p2a: Kingambit|0 fnt|[from] psn\n|faint|p2a: Kingambit\n|-end|p2a: Kingambit|fallen1|[silent]\n|upkeep\n|\n|t:|1700884181\n|switch|p2a: Starmie|Starmie|100\/100\n|turn|28\n|\n|t:|1700884184\n|switch|p1a: girafe machine|Farigiraf, F|53\/100\n|move|p2a: Starmie|Thunderbolt|p1a: girafe machine\n|-damage|p1a: girafe machine|30\/100\n|-enditem|p1a: girafe machine|Sitrus Berry|[eat]\n|-heal|p1a: girafe machine|55\/100|[from] item: Sitrus Berry\n|\n|upkeep\n|turn|29\n|\n|t:|1700884195\n|switch|p2a: Conkeldurr|Conkeldurr, F|100\/100\n|move|p1a: girafe machine|Recycle|p1a: girafe machine\n|-item|p1a: girafe machine|Sitrus Berry|[from] move: Recycle\n|\n|-activate|p1a: girafe machine|ability: Cud Chew\n|-enditem|p1a: girafe machine|Sitrus Berry|[eat]\n|-heal|p1a: girafe machine|80\/100|[from] item: Sitrus Berry\n|-status|p2a: Conkeldurr|brn|[from] item: Flame Orb\n|upkeep\n|turn|30\n|\n|t:|1700884259\n|switch|p1a: fish machine|Dondozo, M|54\/100 slp\n|move|p2a: Conkeldurr|Close Combat|p1a: fish machine\n|-damage|p1a: fish machine|8\/100 slp\n|-unboost|p2a: Conkeldurr|def|1\n|-unboost|p2a: Conkeldurr|spd|1\n|\n|-damage|p2a: Conkeldurr|94\/100 brn|[from] brn\n|upkeep\n|turn|31\n|\n|t:|1700884273\n|move|p2a: Conkeldurr|Mach Punch|p1a: fish machine\n|-damage|p1a: fish machine|0 fnt\n|faint|p1a: fish machine\n|\n|-damage|p2a: Conkeldurr|88\/100 brn|[from] brn\n|upkeep\n|\n|t:|1700884336\n|switch|p1a: rock machine|Diancie-Mega|91\/100\n|turn|32\n|\n|t:|1700884370\n|switch|p2a: Starmie|Starmie|100\/100\n|move|p1a: rock machine|Moonblast|p2a: Starmie\n|-damage|p2a: Starmie|19\/100\n|\n|-heal|p2a: Starmie|24\/100|[from] item: Leftovers\n|upkeep\n|turn|33\n|\n|t:|1700884408\n|move|p2a: Starmie|Scald|p1a: rock machine\n|-supereffective|p1a: rock machine\n|-damage|p1a: rock machine|7\/100\n|move|p1a: rock machine|Moonblast|p2a: Starmie\n|-damage|p2a: Starmie|0 fnt\n|faint|p2a: Starmie\n|\n|upkeep\n|\n|t:|1700884422\n|switch|p2a: Conkeldurr|Conkeldurr, F|88\/100 brn\n|turn|34\n|\n|t:|1700884471\n|switch|p1a: girafe machine|Farigiraf, F|80\/100\n|move|p2a: Conkeldurr|Mach Punch|p1a: girafe machine\n|-damage|p1a: girafe machine|41\/100\n|-enditem|p1a: girafe machine|Sitrus Berry|[eat]\n|-heal|p1a: girafe machine|66\/100|[from] item: Sitrus Berry\n|\n|-damage|p2a: Conkeldurr|82\/100 brn|[from] brn\n|upkeep\n|turn|35\n|\n|t:|1700884484\n|move|p1a: girafe machine|Iron Head|p2a: Conkeldurr\n|-damage|p2a: Conkeldurr|69\/100 brn\n|move|p2a: Conkeldurr|Facade|p1a: girafe machine\n|-damage|p1a: girafe machine|0 fnt\n|faint|p1a: girafe machine\n|\n|-damage|p2a: Conkeldurr|63\/100 brn|[from] brn\n|upkeep\n|\n|t:|1700884500\n|switch|p1a: bug machine|Genesect|100\/100\n|-ability|p1a: bug machine|Download|boost\n|-boost|p1a: bug machine|spa|1\n|turn|36\n|\n|t:|1700884516\n|switch|p2a: Moltres|Moltres|100\/100\n|move|p1a: bug machine|Thunderbolt|p2a: Moltres\n|-supereffective|p2a: Moltres\n|-damage|p2a: Moltres|6\/100\n|-status|p2a: Moltres|par\n|\n|upkeep\n|turn|37\n|\n|t:|1700884529\n|move|p1a: bug machine|Thunderbolt|p2a: Moltres\n|-supereffective|p2a: Moltres\n|-damage|p2a: Moltres|0 fnt\n|faint|p2a: Moltres\n|\n|upkeep\n|\n|t:|1700884577\n|switch|p2a: Flutter Mane|Flutter Mane|100\/100\n|-enditem|p2a: Flutter Mane|Booster Energy\n|-activate|p2a: Flutter Mane|ability: Protosynthesis|[fromitem]\n|-start|p2a: Flutter Mane|protosynthesisspe\n|turn|38\n|\n|t:|1700884624\n|switch|p1a: rock machine|Diancie-Mega|7\/100\n|move|p2a: Flutter Mane|Mystical Fire|p1a: rock machine\n|-resisted|p1a: rock machine\n|-damage|p1a: rock machine|0 fnt\n|faint|p1a: rock machine\n|\n|upkeep\n|\n|t:|1700884629\n|switch|p1a: Cinderace|Cinderace, M|100\/100\n|turn|39\n|\n|t:|1700884693\n|move|p2a: Flutter Mane|Shadow Ball|p1a: Cinderace\n|-damage|p1a: Cinderace|37\/100\n|move|p1a: Cinderace|Swords Dance|p1a: Cinderace\n|-start|p1a: Cinderace|typechange|Normal|[from] ability: Libero\n|-boost|p1a: Cinderace|atk|2\n|\n|upkeep\n|turn|40\n|\n|t:|1700884714\n|move|p2a: Flutter Mane|Moonblast|p1a: Cinderace\n|-damage|p1a: Cinderace|0 fnt\n|faint|p1a: Cinderace\n|\n|upkeep\n|\n|t:|1700884716\n|switch|p1a: bug machine|Genesect|100\/100\n|-ability|p1a: bug machine|Download|boost\n|-boost|p1a: bug machine|atk|1\n|turn|41\n|c|\u2606meykii|gg\n|c|\u2606blurngr|no sucker?\n|c|\u2606blurngr|gg\n|\n|t:|1700884725\n|move|p2a: Flutter Mane|Mystical Fire|p1a: bug machine\n|-supereffective|p1a: bug machine\n|-damage|p1a: bug machine|0 fnt\n|faint|p1a: bug machine\n|\n|win|blurngr\n|c|\u2606meykii|tried going frisky\n|c|\u2606meykii|cuz i get rolled by conk\n","uploadtime":1700884749,"views":49,"p1id":"meykii","p2id":"blurngr","formatid":"gen9nationaldexubers","rating":0,"private":0,"password":""}