{"id":"gen9nationaldexubers-1992640059","p1":"NotGlitchXD","p2":"Parth531","format":"[Gen 9] National Dex Ubers","log":"|j|\u2606NotGlitchXD\n|j|\u2606Parth531\n|t:|1700218929\n|gametype|singles\n|player|p1|NotGlitchXD|backpackerf|1103\n|player|p2|Parth531|265|1158\n|teamsize|p1|6\n|teamsize|p2|6\n|gen|9\n|tier|[Gen 9] National Dex Ubers\n|rated|\n|rule|HP Percentage Mod: HP is shown in percentages\n|rule|Endless Battle Clause: Forcing endless battles is banned\n|rule|OHKO Clause: OHKO moves are banned\n|rule|Evasion Moves Clause: Evasion moves are banned\n|rule|Evasion Items Clause: Evasion items are banned\n|rule|Species Clause: Limit one of each Pok\u00e9mon\n|rule|Sleep Clause Mod: Limit one foe put to sleep\n|rule|Mega Rayquaza Clause: You cannot mega evolve Rayquaza\n|clearpoke\n|poke|p1|Charizard, F|\n|poke|p1|Corviknight, M|\n|poke|p1|Quagsire, M|\n|poke|p1|Blissey, F|\n|poke|p1|Espathra, F|\n|poke|p1|Kyogre|\n|poke|p2|Zacian-*|\n|poke|p2|Rayquaza|\n|poke|p2|Ditto|\n|poke|p2|Groudon|\n|poke|p2|Xerneas-*|\n|poke|p2|Lugia|\n|teampreview\n|inactive|Battle timer is ON: inactive players will automatically lose when time's up. (requested by Parth531)\n|\n|t:|1700218937\n|start\n|switch|p1a: Espathra|Espathra, F|100\/100\n|switch|p2a: Groudon|Groudon|100\/100\n|detailschange|p2a: Groudon|Groudon-Primal\n|-primal|p2a: Groudon|Red Orb\n|-weather|DesolateLand|[from] ability: Desolate Land|[of] p2a: Groudon\n|turn|1\n|\n|t:|1700218951\n|move|p1a: Espathra|Calm Mind|p1a: Espathra\n|-boost|p1a: Espathra|spa|1\n|-boost|p1a: Espathra|spd|1\n|move|p2a: Groudon|Stealth Rock|p1a: Espathra\n|-sidestart|p1: NotGlitchXD|move: Stealth Rock\n|\n|-weather|DesolateLand|[upkeep]\n|-ability|p1a: Espathra|Speed Boost|boost\n|-boost|p1a: Espathra|spe|1\n|upkeep\n|turn|2\n|\n|t:|1700218961\n|move|p1a: Espathra|Calm Mind|p1a: Espathra\n|-boost|p1a: Espathra|spa|1\n|-boost|p1a: Espathra|spd|1\n|move|p2a: Groudon|Roar|p1a: Espathra\n|drag|p1a: Blissey|Blissey, F|100\/100\n|-damage|p1a: Blissey|88\/100|[from] Stealth Rock\n|\n|-weather|DesolateLand|[upkeep]\n|-heal|p1a: Blissey|94\/100|[from] item: Leftovers\n|upkeep\n|turn|3\n|\n|t:|1700218969\n|move|p2a: Groudon|Precipice Blades|p1a: Blissey\n|-damage|p1a: Blissey|20\/100\n|move|p1a: Blissey|Stealth Rock|p2a: Groudon\n|-sidestart|p2: Parth531|move: Stealth Rock\n|\n|-weather|DesolateLand|[upkeep]\n|-heal|p1a: Blissey|26\/100|[from] item: Leftovers\n|upkeep\n|turn|4\n|\n|t:|1700218981\n|switch|p1a: Corviknight|Corviknight, M|100\/100\n|-damage|p1a: Corviknight|88\/100|[from] Stealth Rock\n|move|p2a: Groudon|Precipice Blades|p1a: Corviknight\n|-immune|p1a: Corviknight\n|\n|-weather|DesolateLand|[upkeep]\n|-heal|p1a: Corviknight|94\/100|[from] item: Leftovers\n|upkeep\n|turn|5\n|\n|t:|1700218989\n|move|p2a: Groudon|Stone Edge|p1a: Corviknight\n|-damage|p1a: Corviknight|55\/100\n|move|p1a: Corviknight|Agility|p1a: Corviknight\n|-boost|p1a: Corviknight|spe|2\n|\n|-weather|DesolateLand|[upkeep]\n|-heal|p1a: Corviknight|61\/100|[from] item: Leftovers\n|upkeep\n|turn|6\n|\n|t:|1700218997\n|move|p1a: Corviknight|Bulk Up|p1a: Corviknight\n|-boost|p1a: Corviknight|atk|1\n|-boost|p1a: Corviknight|def|1\n|move|p2a: Groudon|Roar|p1a: Corviknight\n|drag|p1a: Quagsire|Quagsire, M|100\/100\n|-damage|p1a: Quagsire|94\/100|[from] Stealth Rock\n|\n|-weather|DesolateLand|[upkeep]\n|-heal|p1a: Quagsire|100\/100|[from] item: Leftovers\n|upkeep\n|turn|7\n|\n|t:|1700219008\n|move|p2a: Groudon|Precipice Blades|p1a: Quagsire\n|-damage|p1a: Quagsire|42\/100\n|move|p1a: Quagsire|Toxic|p2a: Groudon\n|-status|p2a: Groudon|tox\n|\n|-weather|DesolateLand|[upkeep]\n|-heal|p1a: Quagsire|48\/100|[from] item: Leftovers\n|-damage|p2a: Groudon|94\/100 tox|[from] psn\n|upkeep\n|turn|8\n|\n|t:|1700219019\n|move|p1a: Quagsire|Protect|p1a: Quagsire\n|-singleturn|p1a: Quagsire|Protect\n|move|p2a: Groudon|Precipice Blades|p1a: Quagsire\n|-activate|p1a: Quagsire|move: Protect\n|\n|-weather|DesolateLand|[upkeep]\n|-heal|p1a: Quagsire|54\/100|[from] item: Leftovers\n|-damage|p2a: Groudon|82\/100 tox|[from] psn\n|upkeep\n|turn|9\n|\n|t:|1700219030\n|move|p2a: Groudon|Stone Edge|p1a: Quagsire|[miss]\n|-miss|p2a: Groudon|p1a: Quagsire\n|move|p1a: Quagsire|Recover|p1a: Quagsire\n|-heal|p1a: Quagsire|100\/100\n|\n|-weather|DesolateLand|[upkeep]\n|-damage|p2a: Groudon|63\/100 tox|[from] psn\n|upkeep\n|turn|10\n|\n|t:|1700219039\n|-weather|none\n|switch|p2a: Lugia|Lugia|100\/100\n|move|p1a: Quagsire|Protect||[still]\n|-fail|p1a: Quagsire\n|\n|upkeep\n|turn|11\n|\n|t:|1700219047\n|move|p2a: Lugia|Defog|p1a: Quagsire\n|-unboost|p1a: Quagsire|evasion|1\n|-sideend|p1: NotGlitchXD|Stealth Rock|[from] move: Defog|[of] p2a: Lugia\n|-sideend|p2: Parth531|Stealth Rock|[from] move: Defog|[of] p2a: Lugia\n|move|p1a: Quagsire|Toxic|p2a: Lugia|[miss]\n|-miss|p1a: Quagsire|p2a: Lugia\n|\n|upkeep\n|turn|12\n|\n|t:|1700219060\n|move|p2a: Lugia|Ice Beam|p1a: Quagsire\n|-damage|p1a: Quagsire|77\/100\n|move|p1a: Quagsire|Toxic|p2a: Lugia\n|-status|p2a: Lugia|tox\n|\n|-heal|p1a: Quagsire|83\/100|[from] item: Leftovers\n|-damage|p2a: Lugia|94\/100 tox|[from] psn\n|upkeep\n|turn|13\n|inactive|Parth531 has 120 seconds left.\n|\n|t:|1700219119\n|switch|p1a: Kyogre|Kyogre|100\/100\n|detailschange|p1a: Kyogre|Kyogre-Primal\n|-primal|p1a: Kyogre|Blue Orb\n|-weather|PrimordialSea|[from] ability: Primordial Sea|[of] p1a: Kyogre\n|move|p2a: Lugia|Ice Beam|p1a: Kyogre\n|-resisted|p1a: Kyogre\n|-damage|p1a: Kyogre|95\/100\n|\n|-weather|PrimordialSea|[upkeep]\n|-damage|p2a: Lugia|82\/100 tox|[from] psn\n|upkeep\n|turn|14\n|\n|t:|1700219130\n|switch|p2a: Groudon|Groudon-Primal|63\/100 tox\n|-weather|DesolateLand|[from] ability: Desolate Land|[of] p2a: Groudon\n|move|p1a: Kyogre|Thunder|p2a: Groudon\n|-immune|p2a: Groudon\n|\n|-weather|DesolateLand|[upkeep]\n|-damage|p2a: Groudon|57\/100 tox|[from] psn\n|upkeep\n|turn|15\n|\n|t:|1700219140\n|switch|p1a: Corviknight|Corviknight, M|61\/100\n|move|p2a: Groudon|Roar|p1a: Corviknight\n|drag|p1a: Charizard|Charizard, F|100\/100\n|\n|-weather|DesolateLand|[upkeep]\n|-damage|p2a: Groudon|44\/100 tox|[from] psn\n|upkeep\n|turn|16\n|inactive|NotGlitchXD has 120 seconds left.\n|\n|t:|1700219163\n|switch|p1a: Quagsire|Quagsire, M|83\/100\n|-weather|none\n|switch|p2a: Rayquaza|Rayquaza|100\/100\n|-ability|p2a: Rayquaza|Air Lock\n|\n|-heal|p1a: Quagsire|89\/100|[from] item: Leftovers\n|upkeep\n|turn|17\n|\n|t:|1700219180\n|move|p2a: Rayquaza|Dragon Ascent|p1a: Quagsire\n|-damage|p1a: Quagsire|22\/100\n|-unboost|p2a: Rayquaza|def|1\n|-unboost|p2a: Rayquaza|spd|1\n|-damage|p2a: Rayquaza|91\/100|[from] item: Life Orb\n|move|p1a: Quagsire|Toxic|p2a: Rayquaza\n|-status|p2a: Rayquaza|tox\n|\n|-heal|p1a: Quagsire|28\/100|[from] item: Leftovers\n|-damage|p2a: Rayquaza|85\/100 tox|[from] psn\n|upkeep\n|turn|18\n|\n|t:|1700219193\n|move|p1a: Quagsire|Protect|p1a: Quagsire\n|-singleturn|p1a: Quagsire|Protect\n|move|p2a: Rayquaza|Extreme Speed|p1a: Quagsire\n|-activate|p1a: Quagsire|move: Protect\n|\n|-heal|p1a: Quagsire|34\/100|[from] item: Leftovers\n|-damage|p2a: Rayquaza|73\/100 tox|[from] psn\n|upkeep\n|turn|19\n|\n|t:|1700219204\n|switch|p1a: Corviknight|Corviknight, M|61\/100\n|move|p2a: Rayquaza|Extreme Speed|p1a: Corviknight\n|-resisted|p1a: Corviknight\n|-damage|p1a: Corviknight|44\/100\n|-damage|p2a: Rayquaza|63\/100 tox|[from] item: Life Orb\n|\n|-heal|p1a: Corviknight|50\/100|[from] item: Leftovers\n|-damage|p2a: Rayquaza|45\/100 tox|[from] psn\n|upkeep\n|turn|20\n|\n|t:|1700219220\n|move|p2a: Rayquaza|V-create|p1a: Corviknight\n|-supereffective|p1a: Corviknight\n|-damage|p1a: Corviknight|0 fnt\n|-unboost|p2a: Rayquaza|spe|1\n|-unboost|p2a: Rayquaza|def|1\n|-unboost|p2a: Rayquaza|spd|1\n|faint|p1a: Corviknight\n|-damage|p2a: Rayquaza|35\/100 tox|[from] item: Life Orb\n|\n|-damage|p2a: Rayquaza|11\/100 tox|[from] psn\n|upkeep\n|\n|t:|1700219230\n|switch|p1a: Quagsire|Quagsire, M|34\/100\n|turn|21\n|\n|t:|1700219240\n|move|p1a: Quagsire|Protect|p1a: Quagsire\n|-singleturn|p1a: Quagsire|Protect\n|move|p2a: Rayquaza|Extreme Speed|p1a: Quagsire\n|-activate|p1a: Quagsire|move: Protect\n|\n|-heal|p1a: Quagsire|40\/100|[from] item: Leftovers\n|-damage|p2a: Rayquaza|0 fnt|[from] psn\n|faint|p2a: Rayquaza\n|upkeep\n|\n|t:|1700219249\n|switch|p2a: Groudon|Groudon-Primal|44\/100 tox\n|-weather|DesolateLand|[from] ability: Desolate Land|[of] p2a: Groudon\n|turn|22\n|\n|t:|1700219259\n|switch|p1a: Kyogre|Kyogre-Primal|95\/100\n|-weather|PrimordialSea|[from] ability: Primordial Sea|[of] p1a: Kyogre\n|move|p2a: Groudon|Precipice Blades|p1a: Kyogre\n|-damage|p1a: Kyogre|14\/100\n|\n|-weather|PrimordialSea|[upkeep]\n|-damage|p2a: Groudon|38\/100 tox|[from] psn\n|upkeep\n|turn|23\n|inactive|Parth531 has 120 seconds left.\n|\n|t:|1700219276\n|move|p2a: Groudon|Stone Edge|p1a: Kyogre|[miss]\n|-miss|p2a: Groudon|p1a: Kyogre\n|move|p1a: Kyogre|Origin Pulse|p2a: Groudon\n|-supereffective|p2a: Groudon\n|-damage|p2a: Groudon|0 fnt\n|faint|p2a: Groudon\n|\n|-weather|PrimordialSea|[upkeep]\n|upkeep\n|\n|t:|1700219297\n|switch|p2a: Ditto|Ditto|100\/100\n|-transform|p2a: Ditto|p1a: Kyogre|[from] ability: Imposter\n|turn|24\n|\n|t:|1700219311\n|move|p2a: Ditto|Thunder|p1a: Kyogre\n|-supereffective|p1a: Kyogre\n|-damage|p1a: Kyogre|0 fnt\n|faint|p1a: Kyogre\n|\n|-weather|PrimordialSea|[upkeep]\n|upkeep\n|\n|t:|1700219321\n|switch|p1a: Blissey|Blissey, F|26\/100\n|turn|25\n|\n|t:|1700219327\n|move|p2a: Ditto|Thunder|p1a: Blissey\n|-damage|p1a: Blissey|8\/100\n|move|p1a: Blissey|Wish|p1a: Blissey\n|\n|-weather|PrimordialSea|[upkeep]\n|-heal|p1a: Blissey|14\/100|[from] item: Leftovers\n|upkeep\n|turn|26\n|inactive|Parth531 has 120 seconds left.\n|\n|t:|1700219336\n|switch|p1a: Quagsire|Quagsire, M|40\/100\n|move|p2a: Ditto|Thunder|p1a: Quagsire\n|-immune|p1a: Quagsire\n|\n|-weather|PrimordialSea|[upkeep]\n|-heal|p1a: Quagsire|100\/100|[from] move: Wish|[wisher] Blissey\n|upkeep\n|turn|27\n|inactive|Parth531 has 120 seconds left.\n|\n|t:|1700219347\n|-weather|none\n|switch|p2a: Xerneas|Xerneas|100\/100\n|-ability|p2a: Xerneas|Fairy Aura\n|move|p1a: Quagsire|Toxic|p2a: Xerneas\n|-status|p2a: Xerneas|tox\n|\n|-damage|p2a: Xerneas|94\/100 tox|[from] psn\n|upkeep\n|turn|28\n|inactive|Parth531 has 120 seconds left.\n|\n|t:|1700219366\n|move|p2a: Xerneas|Geomancy||[still]\n|-prepare|p2a: Xerneas|Geomancy\n|-enditem|p2a: Xerneas|Power Herb\n|-anim|p2a: Xerneas|Geomancy|p2a: Xerneas\n|-boost|p2a: Xerneas|spa|2\n|-boost|p2a: Xerneas|spd|2\n|-boost|p2a: Xerneas|spe|2\n|move|p1a: Quagsire|Haze|p1a: Quagsire\n|-clearallboost\n|\n|-damage|p2a: Xerneas|82\/100 tox|[from] psn\n|upkeep\n|turn|29\n|inactive|Parth531 has 120 seconds left.\n|\n|t:|1700219381\n|move|p1a: Quagsire|Protect|p1a: Quagsire\n|-singleturn|p1a: Quagsire|Protect\n|move|p2a: Xerneas|Moonblast|p1a: Quagsire\n|-activate|p1a: Quagsire|move: Protect\n|\n|-damage|p2a: Xerneas|64\/100 tox|[from] psn\n|upkeep\n|turn|30\n|inactive|Parth531 has 120 seconds left.\n|\n|t:|1700219390\n|move|p2a: Xerneas|Moonblast|p1a: Quagsire\n|-damage|p1a: Quagsire|19\/100\n|move|p1a: Quagsire|Recover|p1a: Quagsire\n|-heal|p1a: Quagsire|69\/100\n|\n|-heal|p1a: Quagsire|75\/100|[from] item: Leftovers\n|-damage|p2a: Xerneas|39\/100 tox|[from] psn\n|upkeep\n|turn|31\n|inactive|Parth531 has 120 seconds left.\n|\n|t:|1700219400\n|move|p1a: Quagsire|Protect|p1a: Quagsire\n|-singleturn|p1a: Quagsire|Protect\n|move|p2a: Xerneas|Moonblast|p1a: Quagsire\n|-activate|p1a: Quagsire|move: Protect\n|\n|-heal|p1a: Quagsire|81\/100|[from] item: Leftovers\n|-damage|p2a: Xerneas|9\/100 tox|[from] psn\n|upkeep\n|turn|32\n|\n|t:|1700219418\n|switch|p1a: Blissey|Blissey, F|14\/100\n|move|p2a: Xerneas|Moonblast|p1a: Blissey\n|-damage|p1a: Blissey|0 fnt\n|faint|p1a: Blissey\n|\n|-damage|p2a: Xerneas|0 fnt|[from] psn\n|faint|p2a: Xerneas\n|upkeep\n|\n|t:|1700219430\n|switch|p2a: Zacian|Zacian-Crowned|100\/100\n|switch|p1a: Quagsire|Quagsire, M|81\/100\n|-ability|p2a: Zacian|Intrepid Sword|boost\n|-boost|p2a: Zacian|atk|1\n|turn|33\n|\n|t:|1700219439\n|move|p2a: Zacian|Play Rough|p1a: Quagsire\n|-damage|p1a: Quagsire|44\/100\n|move|p1a: Quagsire|Haze|p1a: Quagsire\n|-clearallboost\n|\n|-heal|p1a: Quagsire|50\/100|[from] item: Leftovers\n|upkeep\n|turn|34\n|\n|t:|1700219448\n|switch|p2a: Ditto|Ditto|100\/100\n|-transform|p2a: Ditto|p1a: Quagsire|[from] ability: Imposter\n|move|p1a: Quagsire|Protect||[still]\n|-fail|p1a: Quagsire\n|\n|-heal|p1a: Quagsire|57\/100|[from] item: Leftovers\n|upkeep\n|turn|35\n|inactive|Parth531 has 120 seconds left.\n|\n|t:|1700219476\n|switch|p2a: Lugia|Lugia|82\/100 tox\n|move|p1a: Quagsire|Toxic|p2a: Lugia\n|-fail|p2a: Lugia|tox\n|\n|-heal|p1a: Quagsire|63\/100|[from] item: Leftovers\n|-damage|p2a: Lugia|76\/100 tox|[from] psn\n|upkeep\n|turn|36\n|inactive|Parth531 has 120 seconds left.\n|\n|t:|1700219506\n|switch|p1a: Charizard|Charizard, F|100\/100\n|move|p2a: Lugia|Ice Beam|p1a: Charizard\n|-damage|p1a: Charizard|75\/100\n|\n|-damage|p2a: Lugia|64\/100 tox|[from] psn\n|upkeep\n|turn|37\n|\n|t:|1700219521\n|move|p1a: Charizard|Substitute|p1a: Charizard\n|-start|p1a: Charizard|Substitute\n|-damage|p1a: Charizard|50\/100\n|move|p2a: Lugia|Toxic|p1a: Charizard|[miss]\n|-miss|p2a: Lugia|p1a: Charizard\n|\n|-damage|p2a: Lugia|46\/100 tox|[from] psn\n|upkeep\n|turn|38\n|\n|t:|1700219528\n|move|p1a: Charizard|Roost|p1a: Charizard\n|-heal|p1a: Charizard|99\/100\n|-singleturn|p1a: Charizard|move: Roost\n|move|p2a: Lugia|Roost|p2a: Lugia\n|-heal|p2a: Lugia|96\/100 tox\n|-singleturn|p2a: Lugia|move: Roost\n|\n|-damage|p2a: Lugia|72\/100 tox|[from] psn\n|upkeep\n|turn|39\n|\n|t:|1700219540\n|move|p1a: Charizard|Belly Drum|p1a: Charizard\n|-damage|p1a: Charizard|50\/100\n|-setboost|p1a: Charizard|atk|6|[from] move: Belly Drum\n|move|p2a: Lugia|Toxic||[still]\n|-fail|p2a: Lugia\n|\n|-damage|p2a: Lugia|42\/100 tox|[from] psn\n|upkeep\n|turn|40\n|l|\u2606Parth531\n|inactive|Parth531 disconnected and has a minute to reconnect!\n|player|p2|\n|inactive|Parth531 has 30 seconds to reconnect!\n|inactive|Parth531 has 20 seconds to reconnect!\n|inactive|Parth531 has 15 seconds to reconnect!\n|c|\u2606NotGlitchXD|Gg\n|inactive|Parth531 has 10 seconds to reconnect!\n|inactive|Parth531 has 5 seconds to reconnect!\n|-message|Parth531 lost due to inactivity.\n|\n|win|NotGlitchXD\n|raw|NotGlitchXD's rating: 1103 &rarr; <strong>1132<\/strong><br \/>(+29 for winning)\n|raw|Parth531's rating: 1158 &rarr; <strong>1129<\/strong><br \/>(-29 for losing)\n","uploadtime":1700219611,"views":8,"p1id":"notglitchxd","p2id":"parth531","formatid":"gen9nationaldexubers","rating":1129,"private":0,"password":""}