{"id":"gen9nationaldexubers-1995476799","p1":"JO JO SIVA","p2":"SunkyTheHotdog","format":"[Gen 9] National Dex Ubers","log":"|j|\u2606JO JO SIVA\n|j|\u2606SunkyTheHotdog\n|t:|1700575101\n|gametype|singles\n|player|p1|JO JO SIVA|unknown|1200\n|player|p2|SunkyTheHotdog|proton|1104\n|teamsize|p1|6\n|teamsize|p2|6\n|gen|9\n|tier|[Gen 9] National Dex Ubers\n|rated|\n|rule|HP Percentage Mod: HP is shown in percentages\n|rule|Endless Battle Clause: Forcing endless battles is banned\n|rule|OHKO Clause: OHKO moves are banned\n|rule|Evasion Moves Clause: Evasion moves are banned\n|rule|Evasion Items Clause: Evasion items are banned\n|rule|Species Clause: Limit one of each Pok\u00e9mon\n|rule|Sleep Clause Mod: Limit one foe put to sleep\n|rule|Mega Rayquaza Clause: You cannot mega evolve Rayquaza\n|clearpoke\n|poke|p1|Urshifu-*, F|\n|poke|p1|Iron Valiant|\n|poke|p1|Zamazenta-*|\n|poke|p1|Great Tusk|\n|poke|p1|Medicham, F|\n|poke|p1|Marshadow|\n|poke|p2|Kyogre|\n|poke|p2|Palafin, F|\n|poke|p2|Pelipper, M|\n|poke|p2|Tapu Koko|\n|poke|p2|Swampert, F|\n|poke|p2|Arceus-Steel|\n|teampreview\n|inactive|Battle timer is ON: inactive players will automatically lose when time's up. (requested by JO JO SIVA)\n|\n|t:|1700575108\n|start\n|switch|p1a: Za valiant|Iron Valiant, shiny|100\/100\n|switch|p2a: Palafin|Palafin, F, shiny|100\/100\n|-enditem|p1a: Za valiant|Booster Energy\n|-activate|p1a: Za valiant|ability: Quark Drive|[fromitem]\n|-start|p1a: Za valiant|quarkdrivespe\n|turn|1\n|\n|t:|1700575115\n|-end|p1a: Za valiant|Quark Drive|[silent]\n|switch|p1a: Za dog|Zamazenta-Crowned|100\/100\n|-ability|p1a: Za dog|Dauntless Shield|boost\n|-boost|p1a: Za dog|def|1\n|detailschange|p2a: Palafin|Palafin-Hero, F, shiny\n|switch|p2a: Pelipper|Pelipper, M, shiny|100\/100\n|-weather|RainDance|[from] ability: Drizzle|[of] p2a: Pelipper\n|\n|-weather|RainDance|[upkeep]\n|upkeep\n|turn|2\n|\n|t:|1700575126\n|move|p1a: Za dog|Wild Charge|p2a: Pelipper\n|-supereffective|p2a: Pelipper\n|-damage|p2a: Pelipper|11\/100\n|-damage|p1a: Za dog|78\/100|[from] Recoil\n|move|p2a: Pelipper|Hurricane|p1a: Za dog\n|-damage|p1a: Za dog|51\/100\n|\n|-weather|RainDance|[upkeep]\n|upkeep\n|turn|3\n|\n|t:|1700575135\n|move|p1a: Za dog|Body Press|p2a: Pelipper\n|-resisted|p2a: Pelipper\n|-damage|p2a: Pelipper|0 fnt\n|faint|p2a: Pelipper\n|\n|-weather|RainDance|[upkeep]\n|upkeep\n|\n|t:|1700575137\n|switch|p2a: Swampert|Swampert, F|100\/100\n|turn|4\n|\n|t:|1700575148\n|detailschange|p2a: Swampert|Swampert-Mega, F\n|-mega|p2a: Swampert|Swampert|Swampertite\n|move|p2a: Swampert|Earthquake|p1a: Za dog\n|-supereffective|p1a: Za dog\n|-damage|p1a: Za dog|0 fnt\n|faint|p1a: Za dog\n|\n|-weather|RainDance|[upkeep]\n|upkeep\n|\n|t:|1700575155\n|switch|p1a: Za shadow|Marshadow|100\/100\n|turn|5\n|\n|t:|1700575160\n|move|p2a: Swampert|Earthquake|p1a: Za shadow\n|-damage|p1a: Za shadow|17\/100\n|move|p1a: Za shadow|Poltergeist|p2a: Swampert|[miss]\n|-miss|p1a: Za shadow|p2a: Swampert\n|\n|-weather|RainDance|[upkeep]\n|upkeep\n|turn|6\n|c|\u2606JO JO SIVA|No way nigirnfkff,cldmdns\n|\n|t:|1700575176\n|move|p1a: Za shadow|Shadow Sneak|p2a: Swampert\n|-damage|p2a: Swampert|70\/100\n|move|p2a: Swampert|Earthquake|p1a: Za shadow\n|-damage|p1a: Za shadow|0 fnt\n|faint|p1a: Za shadow\n|\n|-weather|RainDance|[upkeep]\n|upkeep\n|\n|t:|1700575182\n|switch|p1a: The master of|Medicham, F|100\/100\n|turn|7\n|c|\u2606SunkyTheHotdog|I agree\n|l|\u2606SunkyTheHotdog\n|inactive|SunkyTheHotdog disconnected and has a minute to reconnect!\n|player|p2|\n|j|\u2606SunkyTheHotdog\n|inactive|SunkyTheHotdog reconnected and has 140 seconds left.\n|player|p2|SunkyTheHotdog|proton\n|c|\u2606JO JO SIVA|Yea dont come back\n|inactive|SunkyTheHotdog has 120 seconds left.\n|\n|t:|1700575213\n|detailschange|p1a: The master of|Medicham-Mega, F\n|-mega|p1a: The master of|Medicham|Medichamite\n|move|p1a: The master of|Fake Out|p2a: Swampert\n|-damage|p2a: Swampert|49\/100\n|cant|p2a: Swampert|flinch\n|\n|-weather|RainDance|[upkeep]\n|upkeep\n|turn|8\n|\n|t:|1700575233\n|switch|p1a: Za Fuda|Urshifu-Rapid-Strike, F|100\/100\n|move|p2a: Swampert|Waterfall|p1a: Za Fuda\n|-resisted|p1a: Za Fuda\n|-damage|p1a: Za Fuda|65\/100\n|\n|-weather|none\n|-heal|p1a: Za Fuda|71\/100|[from] item: Leftovers\n|upkeep\n|turn|9\n|\n|t:|1700575241\n|switch|p2a: Kyogre|Kyogre|100\/100\n|-weather|RainDance|[from] ability: Drizzle|[of] p2a: Kyogre\n|move|p1a: Za Fuda|Surging Strikes|p2a: Kyogre\n|-resisted|p2a: Kyogre\n|-crit|p2a: Kyogre\n|-damage|p2a: Kyogre|84\/100\n|-resisted|p2a: Kyogre\n|-crit|p2a: Kyogre\n|-damage|p2a: Kyogre|67\/100\n|-resisted|p2a: Kyogre\n|-crit|p2a: Kyogre\n|-damage|p2a: Kyogre|49\/100\n|-hitcount|p2a: Kyogre|3\n|\n|-weather|RainDance|[upkeep]\n|-heal|p1a: Za Fuda|77\/100|[from] item: Leftovers\n|upkeep\n|turn|10\n|\n|t:|1700575248\n|move|p1a: Za Fuda|Surging Strikes|p2a: Kyogre\n|-resisted|p2a: Kyogre\n|-crit|p2a: Kyogre\n|-damage|p2a: Kyogre|33\/100\n|-resisted|p2a: Kyogre\n|-crit|p2a: Kyogre\n|-damage|p2a: Kyogre|16\/100\n|-resisted|p2a: Kyogre\n|-crit|p2a: Kyogre\n|-damage|p2a: Kyogre|0 fnt\n|faint|p2a: Kyogre\n|-hitcount|p2: Kyogre|3\n|\n|-weather|RainDance|[upkeep]\n|-heal|p1a: Za Fuda|84\/100|[from] item: Leftovers\n|upkeep\n|\n|t:|1700575253\n|switch|p2a: Tapu Koko|Tapu Koko, shiny|100\/100\n|-fieldstart|move: Electric Terrain|[from] ability: Electric Surge|[of] p2a: Tapu Koko\n|turn|11\n|\n|t:|1700575256\n|switch|p1a: Za tusk|Great Tusk|100\/100\n|move|p2a: Tapu Koko|Thunderbolt|p1a: Za tusk\n|-immune|p1a: Za tusk\n|\n|-weather|RainDance|[upkeep]\n|upkeep\n|turn|12\n|\n|t:|1700575263\n|-terastallize|p1a: Za tusk|Ground\n|-zpower|p2a: Tapu Koko\n|move|p2a: Tapu Koko|Guardian of Alola|p1a: Za tusk|[zeffect]\n|-damage|p1a: Za tusk|26\/100\n|move|p1a: Za tusk|Earthquake|p2a: Tapu Koko\n|-supereffective|p2a: Tapu Koko\n|-damage|p2a: Tapu Koko|0 fnt\n|faint|p2a: Tapu Koko\n|\n|-weather|RainDance|[upkeep]\n|-heal|p1a: Za tusk|32\/100|[from] item: Leftovers\n|upkeep\n|\n|t:|1700575269\n|switch|p2a: Swampert|Swampert-Mega, F|49\/100\n|turn|13\n|\n|t:|1700575281\n|-end|p1a: Za tusk|Protosynthesis|[silent]\n|switch|p1a: Za Fuda|Urshifu-Rapid-Strike, F|84\/100\n|move|p2a: Swampert|Waterfall|p1a: Za Fuda\n|-resisted|p1a: Za Fuda\n|-damage|p1a: Za Fuda|42\/100\n|\n|-weather|RainDance|[upkeep]\n|-heal|p1a: Za Fuda|48\/100|[from] item: Leftovers\n|upkeep\n|turn|14\n|\n|t:|1700575287\n|move|p2a: Swampert|Earthquake|p1a: Za Fuda\n|-damage|p1a: Za Fuda|0 fnt\n|faint|p1a: Za Fuda\n|\n|-weather|RainDance|[upkeep]\n|upkeep\n|\n|t:|1700575291\n|switch|p1a: Za tusk|Great Tusk, tera:Ground|32\/100\n|turn|15\n|\n|t:|1700575295\n|move|p2a: Swampert|Waterfall|p1a: Za tusk\n|-supereffective|p1a: Za tusk\n|-damage|p1a: Za tusk|0 fnt\n|faint|p1a: Za tusk\n|-end|p1a: Za tusk|Protosynthesis|[silent]\n|\n|-weather|RainDance|[upkeep]\n|-fieldend|move: Electric Terrain\n|upkeep\n|\n|t:|1700575299\n|switch|p1a: The master of|Medicham-Mega, F|100\/100\n|turn|16\n|\n|t:|1700575303\n|move|p1a: The master of|Fake Out|p2a: Swampert\n|-damage|p2a: Swampert|27\/100\n|cant|p2a: Swampert|flinch\n|\n|-weather|none\n|upkeep\n|turn|17\n|\n|t:|1700575313\n|move|p1a: The master of|Bullet Punch|p2a: Swampert\n|-resisted|p2a: Swampert\n|-damage|p2a: Swampert|15\/100\n|move|p2a: Swampert|Waterfall|p1a: The master of\n|-damage|p1a: The master of|30\/100\n|\n|upkeep\n|turn|18\n|\n|t:|1700575317\n|move|p1a: The master of|Drain Punch|p2a: Swampert\n|-damage|p2a: Swampert|0 fnt\n|-heal|p1a: The master of|40\/100|[from] drain|[of] p2a: Swampert\n|faint|p2a: Swampert\n|\n|upkeep\n|\n|t:|1700575323\n|switch|p2a: Palafin|Palafin-Hero, F, shiny|100\/100\n|-activate|p2a: Palafin|ability: Zero to Hero\n|turn|19\n|\n|t:|1700575339\n|switch|p1a: Za valiant|Iron Valiant, shiny|100\/100\n|-terastallize|p2a: Palafin|Water\n|move|p2a: Palafin|Jet Punch|p1a: Za valiant\n|-damage|p1a: Za valiant|24\/100\n|\n|upkeep\n|turn|20\n|\n|t:|1700575350\n|move|p2a: Palafin|Jet Punch|p1a: Za valiant\n|-damage|p1a: Za valiant|0 fnt\n|faint|p1a: Za valiant\n|-end|p1a: Za valiant|Quark Drive|[silent]\n|\n|upkeep\n|\n|t:|1700575353\n|switch|p1a: The master of|Medicham-Mega, F|40\/100\n|turn|21\n|\n|t:|1700575356\n|move|p1a: The master of|Fake Out|p2a: Palafin\n|-damage|p2a: Palafin|76\/100\n|cant|p2a: Palafin|flinch\n|\n|upkeep\n|turn|22\n|\n|t:|1700575365\n|move|p2a: Palafin|Jet Punch|p1a: The master of\n|-damage|p1a: The master of|0 fnt\n|faint|p1a: The master of\n|\n|win|SunkyTheHotdog\n|raw|JO JO SIVA's rating: 1200 &rarr; <strong>1168<\/strong><br \/>(-32 for losing)\n|raw|SunkyTheHotdog's rating: 1104 &rarr; <strong>1136<\/strong><br \/>(+32 for winning)\n|l|\u2606JO JO SIVA\n|c|\u2606SunkyTheHotdog|Gg\n","uploadtime":1700575377,"views":3,"p1id":"jojosiva","p2id":"sunkythehotdog","formatid":"gen9nationaldexubers","rating":1136,"private":0,"password":""}