{"id":"gen9nationaldexubers-1986107297","p1":"The power of ROCK","p2":"DatFroakieLord","format":"[Gen 9] National Dex Ubers","log":"|j|\u2606The power of ROCK\n|j|\u2606DatFroakieLord\n|t:|1699450814\n|gametype|singles\n|player|p1|The power of ROCK|roark|\n|player|p2|DatFroakieLord|red|\n|teamsize|p1|6\n|teamsize|p2|6\n|gen|9\n|tier|[Gen 9] National Dex Ubers\n|rule|HP Percentage Mod: HP is shown in percentages\n|rule|Endless Battle Clause: Forcing endless battles is banned\n|rule|OHKO Clause: OHKO moves are banned\n|rule|Evasion Moves Clause: Evasion moves are banned\n|rule|Evasion Items Clause: Evasion items are banned\n|rule|Species Clause: Limit one of each Pok\u00e9mon\n|rule|Sleep Clause Mod: Limit one foe put to sleep\n|rule|Mega Rayquaza Clause: You cannot mega evolve Rayquaza\n|clearpoke\n|poke|p1|Tyranitar, M|\n|poke|p1|Garganacl, M|\n|poke|p1|Aggron, F|\n|poke|p1|Glimmora, F|\n|poke|p1|Cradily, F|\n|poke|p1|Probopass, L1, M|\n|poke|p2|Meowscarada, M|\n|poke|p2|Skeledirge, M|\n|poke|p2|Quaquaval, M|\n|poke|p2|Baxcalibur, M|\n|poke|p2|Iron Thorns|\n|poke|p2|Ursaluna-Bloodmoon, M|\n|teampreview\n|c|\u2606The power of ROCK|Welcome to the ROCK gym\n|c|\u2606DatFroakieLord|ok...\n|c|\u2606DatFroakieLord|sure...\n|\n|t:|1699450839\n|start\n|switch|p1a: Aggron|Aggron, F|100\/100\n|switch|p2a: French Fries|Iron Thorns, shiny|100\/100\n|-enditem|p2a: French Fries|Booster Energy\n|-activate|p2a: French Fries|ability: Quark Drive|[fromitem]\n|-start|p2a: French Fries|quarkdriveatk\n|turn|1\n|c|\u2606DatFroakieLord|I USE ROCKS\n|\n|t:|1699450851\n|detailschange|p1a: Aggron|Aggron-Mega, F\n|-mega|p1a: Aggron|Aggron|Aggronite\n|move|p2a: French Fries|Stealth Rock|p1a: Aggron\n|-sidestart|p1: The power of ROCK|move: Stealth Rock\n|move|p1a: Aggron|Iron Defense|p1a: Aggron\n|-boost|p1a: Aggron|def|2\n|\n|upkeep\n|turn|2\n|c|\u2606DatFroakieLord|OF STEALTH\n|inactive|Battle timer is ON: inactive players will automatically lose when time's up. (requested by DatFroakieLord)\n|inactive|The power of ROCK has 270 seconds left.\n|j| thekingbin\n|\n|t:|1699450904\n|move|p2a: French Fries|Stone Edge|p1a: Aggron\n|-resisted|p1a: Aggron\n|-damage|p1a: Aggron|94\/100\n|move|p1a: Aggron|Body Press|p2a: French Fries\n|-supereffective|p2a: French Fries\n|-damage|p2a: French Fries|0 fnt\n|faint|p2a: French Fries\n|-end|p2a: French Fries|Quark Drive|[silent]\n|\n|upkeep\n|j| Speaker Of Facts\n|j| Gaussfield\n|c|\u2606DatFroakieLord|ello bin\n|c|\u2606The power of ROCK|lol\n|c| thekingbin|hello froakie\n|\n|t:|1699450913\n|switch|p2a: Big Mac|Quaquaval, M, shiny|100\/100\n|turn|3\n|c|\u2606DatFroakieLord|WANT A BIG MAC?\n|\n|t:|1699450925\n|move|p1a: Aggron|Body Press|p2a: Big Mac\n|-enditem|p2a: Big Mac|Focus Sash\n|-damage|p2a: Big Mac|1\/100\n|move|p2a: Big Mac|Counter|p1a: Aggron\n|-damage|p1a: Aggron|0 fnt\n|faint|p1a: Aggron\n|\n|upkeep\n|j| Catkniss\n|c|\u2606DatFroakieLord|lol\n|c| thekingbin|we root for the underdog but i cant figure out who that is atm\n|j| PlagNite\n|j| CannibalKitty\n|c| Speaker Of Facts|this team boring as hell why did i listen when told to watch\n|c|\u2606DatFroakieLord|dont use phisical moves on me lol\n|\n|t:|1699450954\n|switch|p1a: Glimmora|Glimmora, F|100\/100\n|-damage|p1a: Glimmora|88\/100|[from] Stealth Rock\n|turn|4\n|c|\u2606DatFroakieLord|it has a THEME\n|c| thekingbin|we'll make it fun\n|\n|t:|1699450965\n|move|p1a: Glimmora|Mortal Spin|p2a: Big Mac\n|-damage|p2a: Big Mac|0 fnt\n|-sideend|p1: The power of ROCK|Stealth Rock|[from] move: Mortal Spin|[of] p1a: Glimmora\n|faint|p2a: Big Mac\n|\n|upkeep\n|j| whgh\n|c| thekingbin|bets on who's going to win\n|c| Gaussfield|__huh__\n|\n|t:|1699450973\n|switch|p2a: Oreo McFlurry|Baxcalibur, M, shiny|100\/100\n|turn|5\n|c| Gaussfield|how did that outspeed\n|l| CannibalKitty\n|c|\u2606DatFroakieLord|McDonald's theme\n|c| Gaussfield|oh, it has exactly 1 more bst\n|\n|t:|1699450994\n|move|p1a: Glimmora|Mortal Spin|p2a: Oreo McFlurry\n|-damage|p2a: Oreo McFlurry|94\/100\n|-status|p2a: Oreo McFlurry|psn\n|move|p2a: Oreo McFlurry|Icicle Crash|p1a: Glimmora\n|-damage|p1a: Glimmora|32\/100\n|-activate|p1a: Glimmora|ability: Toxic Debris\n|-sidestart|p2: DatFroakieLord|move: Toxic Spikes\n|\n|-damage|p2a: Oreo McFlurry|82\/100 psn|[from] psn\n|upkeep\n|turn|6\n|c| Gaussfield|err, base speed\n|c| Gaussfield|wack\n|j| JustinV447\n|c|\u2606DatFroakieLord|LOL THERES 8 USERS\n|c|\u2606DatFroakieLord|MOm im famous!\n|c|\u2606DatFroakieLord|now 9\n|c| Speaker Of Facts|im rooting against you\n|\n|t:|1699451019\n|move|p1a: Glimmora|Mortal Spin|p2a: Oreo McFlurry\n|-damage|p2a: Oreo McFlurry|75\/100 psn\n|move|p2a: Oreo McFlurry|Snowscape|p2a: Oreo McFlurry\n|-weather|Snow\n|\n|-weather|Snow|[upkeep]\n|-damage|p2a: Oreo McFlurry|62\/100 psn|[from] psn\n|upkeep\n|turn|7\n|c|\u2606DatFroakieLord|did I ask?\n|j| Repeater211\n|c|\u2606DatFroakieLord|spell ur name\n|inactive|The power of ROCK has 270 seconds left.\n|c|\u2606DatFroakieLord|Speaker Of Facts\n|\n|t:|1699451058\n|move|p1a: Glimmora|Mortal Spin|p2a: Oreo McFlurry\n|-damage|p2a: Oreo McFlurry|58\/100 psn\n|move|p2a: Oreo McFlurry|Icicle Crash|p1a: Glimmora\n|-damage|p1a: Glimmora|0 fnt\n|-activate|p1a: Glimmora|ability: Toxic Debris\n|-sidestart|p2: DatFroakieLord|move: Toxic Spikes\n|faint|p1a: Glimmora\n|\n|-weather|Snow|[upkeep]\n|-damage|p2a: Oreo McFlurry|46\/100 psn|[from] psn\n|upkeep\n|c| Speaker Of Facts|it is a fact im rooting against you\n|c| Repeater211|Gaussfield why did you share this battle again\n|c| Gaussfield|no clue\n|c| Gaussfield|they said so\n|c| Repeater211|this is our experience in AG\n|\n|t:|1699451072\n|switch|p1a: Probopass|Probopass, L1, M|100\/100\n|turn|8\n|c| Repeater211|nothing new\n|c| PlagNite|let probopass cook\n|\n|t:|1699451080\n|move|p1a: Probopass|Protect|p1a: Probopass\n|-singleturn|p1a: Probopass|Protect\n|move|p2a: Oreo McFlurry|Icicle Crash|p1a: Probopass\n|-activate|p1a: Probopass|move: Protect\n|\n|-weather|Snow|[upkeep]\n|-damage|p2a: Oreo McFlurry|33\/100 psn|[from] psn\n|upkeep\n|turn|9\n|c|\u2606DatFroakieLord|FUDGE\n|c| Gaussfield|ah yes the lvl 1\n|\n|t:|1699451088\n|move|p2a: Oreo McFlurry|Icicle Crash|p1a: Probopass|[miss]\n|-miss|p2a: Oreo McFlurry|p1a: Probopass\n|move|p1a: Probopass|Pain Split|p2a: Oreo McFlurry\n|-sethp|p2a: Oreo McFlurry|19\/100 psn|[from] move: Pain Split|[silent]\n|-sethp|p1a: Probopass|100\/100|[from] move: Pain Split\n|\n|-weather|Snow|[upkeep]\n|-damage|p2a: Oreo McFlurry|6\/100 psn|[from] psn\n|upkeep\n|turn|10\n|c| Gaussfield|is he gonna fall for it\n|c|\u2606DatFroakieLord|how-\n|inactive|The power of ROCK has 270 seconds left.\n|c| Gaussfield|it's over\n|c|\u2606DatFroakieLord|SHIT SHIT SHIT this is bad!\n|\n|t:|1699451111\n|move|p1a: Probopass|Protect|p1a: Probopass\n|-singleturn|p1a: Probopass|Protect\n|move|p2a: Oreo McFlurry|Icicle Crash|p1a: Probopass\n|-activate|p1a: Probopass|move: Protect\n|\n|-weather|none\n|-damage|p2a: Oreo McFlurry|0 fnt|[from] psn\n|faint|p2a: Oreo McFlurry\n|upkeep\n|c| Speaker Of Facts|joever\n|c| PlagNite|we're so proboback\n|j| arnimacarni\n|\n|t:|1699451122\n|switch|p2a: Happy Meal Toy|Ursaluna-Bloodmoon, M|100\/100\n|-status|p2a: Happy Meal Toy|tox\n|turn|11\n|inactive|The power of ROCK has 270 seconds left.\n|c| arnimacarni|ew why rock\n|\n|t:|1699451154\n|switch|p1a: Tyranitar|Tyranitar, M|100\/100\n|-weather|Sandstorm|[from] ability: Sand Stream|[of] p1a: Tyranitar\n|-terastallize|p2a: Happy Meal Toy|Ground\n|move|p2a: Happy Meal Toy|Earthquake|p1a: Tyranitar\n|-supereffective|p1a: Tyranitar\n|-damage|p1a: Tyranitar|49\/100\n|\n|-weather|Sandstorm|[upkeep]\n|-damage|p2a: Happy Meal Toy|94\/100 tox|[from] psn\n|upkeep\n|turn|12\n|c|\u2606DatFroakieLord|OMG\n|c| thekingbin|to prove the power of dwayne johnson\n|\n|t:|1699451167\n|switch|p1a: Cradily|Cradily, F|100\/100\n|move|p2a: Happy Meal Toy|Earthquake|p1a: Cradily\n|-damage|p1a: Cradily|77\/100\n|\n|-weather|Sandstorm|[upkeep]\n|-heal|p2a: Happy Meal Toy|100\/100 tox|[from] item: Leftovers\n|-damage|p2a: Happy Meal Toy|88\/100 tox|[from] psn\n|upkeep\n|turn|13\n|c| Gaussfield|is that\n|c| Speaker Of Facts|i knew it was a good idea to root against you\n|c|\u2606DatFroakieLord|yeh\n|c| Gaussfield|eq on blood moon\n|\n|t:|1699451177\n|move|p2a: Happy Meal Toy|Blood Moon|p1a: Cradily\n|-resisted|p1a: Cradily\n|-damage|p1a: Cradily|53\/100\n|move|p1a: Cradily|Leech Seed|p2a: Happy Meal Toy\n|-start|p2a: Happy Meal Toy|move: Leech Seed\n|\n|-weather|Sandstorm|[upkeep]\n|-heal|p2a: Happy Meal Toy|94\/100 tox|[from] item: Leftovers\n|-damage|p2a: Happy Meal Toy|82\/100 tox|[from] Leech Seed|[of] p1a: Cradily\n|-heal|p1a: Cradily|68\/100|[silent]\n|-damage|p2a: Happy Meal Toy|64\/100 tox|[from] psn\n|upkeep\n|turn|14\n|c| PlagNite|let rock COOK !!!!\n|\n|t:|1699451187\n|switch|p2a: Spicy McChicken|Skeledirge, M, shiny|100\/100\n|-status|p2a: Spicy McChicken|tox\n|move|p1a: Cradily|Infestation|p2a: Spicy McChicken\n|-resisted|p2a: Spicy McChicken\n|-damage|p2a: Spicy McChicken|99\/100 tox\n|-activate|p2a: Spicy McChicken|move: Infestation|[of] p1a: Cradily\n|\n|-weather|Sandstorm|[upkeep]\n|-damage|p2a: Spicy McChicken|93\/100 tox|[from] Sandstorm\n|-damage|p2a: Spicy McChicken|87\/100 tox|[from] psn\n|-damage|p2a: Spicy McChicken|71\/100 tox|[from] move: Infestation|[partiallytrapped]\n|upkeep\n|turn|15\n|c| Repeater211|gauss, this is nothing new\n|c| Repeater211|we saw worse shit on AG ladder\n|c|\u2606The power of ROCK|how are you guys enjoying the power of rock\n|c| arnimacarni|im sold on it\n|c| Repeater211|at least physical ursa BM has actual use\n|\n|t:|1699451204\n|move|p2a: Spicy McChicken|Torch Song|p1a: Cradily\n|-damage|p1a: Cradily|40\/100\n|-boost|p2a: Spicy McChicken|spa|1\n|move|p1a: Cradily|Leech Seed|p2a: Spicy McChicken\n|-start|p2a: Spicy McChicken|move: Leech Seed\n|\n|-weather|none\n|-damage|p2a: Spicy McChicken|58\/100 tox|[from] Leech Seed|[of] p1a: Cradily\n|-heal|p1a: Cradily|54\/100|[silent]\n|-damage|p2a: Spicy McChicken|46\/100 tox|[from] psn\n|-damage|p2a: Spicy McChicken|30\/100 tox|[from] move: Infestation|[partiallytrapped]\n|upkeep\n|turn|16\n|c| Speaker Of Facts|very much\n|c| Speaker Of Facts|10\/10\n|c| arnimacarni|BM ursa not broken if it runs sub\n|\n|t:|1699451216\n|switch|p1a: Tyranitar|Tyranitar, M|49\/100\n|-weather|Sandstorm|[from] ability: Sand Stream|[of] p1a: Tyranitar\n|move|p2a: Spicy McChicken|Torch Song|p1a: Tyranitar\n|-resisted|p1a: Tyranitar\n|-damage|p1a: Tyranitar|35\/100\n|-boost|p2a: Spicy McChicken|spa|1\n|\n|-weather|Sandstorm|[upkeep]\n|-damage|p2a: Spicy McChicken|24\/100 tox|[from] Sandstorm\n|-damage|p2a: Spicy McChicken|11\/100 tox|[from] Leech Seed|[of] p1a: Tyranitar\n|-heal|p1a: Tyranitar|48\/100|[silent]\n|-damage|p2a: Spicy McChicken|0 fnt|[from] psn\n|faint|p2a: Spicy McChicken\n|upkeep\n|c| PlagNite|rock cooks\n|c| thekingbin|when we reach turn 18 you're all legally obligated to place your final bet on who's winning\n|\n|t:|1699451229\n|switch|p2a: Grimace Shake|Meowscarada, M, shiny|100\/100\n|-status|p2a: Grimace Shake|tox\n|turn|17\n|inactive|The power of ROCK has 270 seconds left.\n|c|\u2606DatFroakieLord|I now present...\n|c|\u2606DatFroakieLord|THE ONE.\n|\n|t:|1699451242\n|move|p2a: Grimace Shake|Frenzy Plant|p1a: Tyranitar\n|-supereffective|p1a: Tyranitar\n|-damage|p1a: Tyranitar|17\/100\n|-mustrecharge|p2a: Grimace Shake\n|move|p1a: Tyranitar|Knock Off|p2a: Grimace Shake\n|-resisted|p2a: Grimace Shake\n|-damage|p2a: Grimace Shake|64\/100 tox\n|-enditem|p2a: Grimace Shake|Miracle Seed|[from] move: Knock Off|[of] p1a: Tyranitar\n|\n|-weather|Sandstorm|[upkeep]\n|-damage|p2a: Grimace Shake|58\/100 tox|[from] Sandstorm\n|-damage|p2a: Grimace Shake|52\/100 tox|[from] psn\n|upkeep\n|turn|18\n|c| Speaker Of Facts|no need to wait for 18, im betting on rock\n|c| Gaussfield|frenzy plant\n|inactive|The power of ROCK has 270 seconds left.\n|c| Repeater211|i'm going to hurl\n|c| Gaussfield|are we sure this battle isn't staged\n|c| Catkniss|...\n|c|\u2606The power of ROCK|nice 31%\n|c|\u2606DatFroakieLord|or not.\n|c| thekingbin|LOL\n|\n|t:|1699451257\n|cant|p2a: Grimace Shake|recharge\n|move|p1a: Tyranitar|Rock Blast|p2a: Grimace Shake\n|-damage|p2a: Grimace Shake|35\/100 tox\n|-damage|p2a: Grimace Shake|19\/100 tox\n|-hitcount|p2a: Grimace Shake|2\n|\n|-weather|Sandstorm|[upkeep]\n|-damage|p2a: Grimace Shake|12\/100 tox|[from] Sandstorm\n|-damage|p2a: Grimace Shake|0 fnt|[from] psn\n|faint|p2a: Grimace Shake\n|upkeep\n|c| PlagNite|betting on ROCK !!!!!!!!\n|c| Catkniss|frenzy plant\n|c| arnimacarni|okay power of rock winning lol\n|c| Gaussfield|no one actually picks that right\n|c| PlagNite|always bet on rock!!!\n|inactive|DatFroakieLord has 270 seconds left.\n|c| thekingbin|bettong on the underdog here even though i love rock, so go froakie!\n|c| Repeater211|Gaussfield triple starter toxic player loses to monorock\n|c|\u2606DatFroakieLord|I should've used my dog tbh.\n|\n|t:|1699451283\n|switch|p2a: Happy Meal Toy|Ursaluna-Bloodmoon, M, tera:Ground|64\/100 tox\n|turn|19\n|\n|t:|1699451287\n|move|p1a: Tyranitar|Knock Off|p2a: Happy Meal Toy\n|-damage|p2a: Happy Meal Toy|33\/100 tox\n|-enditem|p2a: Happy Meal Toy|Leftovers|[from] move: Knock Off|[of] p1a: Tyranitar\n|move|p2a: Happy Meal Toy|Calm Mind|p2a: Happy Meal Toy\n|-boost|p2a: Happy Meal Toy|spa|1\n|-boost|p2a: Happy Meal Toy|spd|1\n|\n|-weather|Sandstorm|[upkeep]\n|-damage|p2a: Happy Meal Toy|27\/100 tox|[from] psn\n|upkeep\n|turn|20\n|l| Catkniss\n|c| thekingbin|destroy the happy meal toy\n|\n|t:|1699451295\n|move|p1a: Tyranitar|Knock Off|p2a: Happy Meal Toy\n|-damage|p2a: Happy Meal Toy|6\/100 tox\n|move|p2a: Happy Meal Toy|Blood Moon|p1a: Tyranitar\n|-resisted|p1a: Tyranitar\n|-damage|p1a: Tyranitar|0 fnt\n|faint|p1a: Tyranitar\n|\n|-weather|none\n|-damage|p2a: Happy Meal Toy|0 fnt|[from] psn\n|faint|p2a: Happy Meal Toy\n|\n|win|The power of ROCK\n|upkeep\n|l| whgh\n|c| PlagNite|thekingbin rock was the original underdog\n|c| Speaker Of Facts|rock beats scizzors and objectively shouldve beaten paper too because it can rip paper but what the hell would paper do to rock\n|c| thekingbin|oh wait youre right\n|c|\u2606The power of ROCK|gg : )\n|c| thekingbin|gg\n|l| Gaussfield\n|l| Repeater211\n|c|\u2606DatFroakieLord|whatever I didn't have my dog\n","uploadtime":1699451306,"views":4,"p1id":"thepowerofrock","p2id":"datfroakielord","formatid":"gen9nationaldexubers","rating":0,"private":0,"password":""}