{"id":"gen9nationaldexubers-1978194940","p1":"JustMonika_CARR","p2":"peakruto","format":"[Gen 9] National Dex Ubers","log":"|j|\u2606JustMonika_CARR\n|j|\u2606peakruto\n|t:|1698511304\n|gametype|singles\n|player|p1|JustMonika_CARR|dawn|1368\n|player|p2|peakruto|elesa-masters2|1287\n|teamsize|p1|6\n|teamsize|p2|6\n|gen|9\n|tier|[Gen 9] National Dex Ubers\n|rated|\n|rule|HP Percentage Mod: HP is shown in percentages\n|rule|Endless Battle Clause: Forcing endless battles is banned\n|rule|OHKO Clause: OHKO moves are banned\n|rule|Evasion Moves Clause: Evasion moves are banned\n|rule|Evasion Items Clause: Evasion items are banned\n|rule|Species Clause: Limit one of each Pok\u00e9mon\n|rule|Sleep Clause Mod: Limit one foe put to sleep\n|rule|Mega Rayquaza Clause: You cannot mega evolve Rayquaza\n|clearpoke\n|poke|p1|Marshadow|\n|poke|p1|Lopunny, F|\n|poke|p1|Dialga|\n|poke|p1|Forretress, F|\n|poke|p1|Pheromosa|\n|poke|p1|Grimmsnarl, M|\n|poke|p2|Darmanitan-Galar, F|\n|poke|p2|Magnezone|\n|poke|p2|Zygarde|\n|poke|p2|Arceus-Fairy|\n|poke|p2|Ferrothorn, M|\n|poke|p2|Ho-Oh|\n|teampreview\n|c|\u2606JustMonika_CARR|glhf\n|\n|t:|1698511315\n|start\n|switch|p1a: Forretress|Forretress, F, shiny|100\/100\n|switch|p2a: Darmanitan|Darmanitan-Galar, F|100\/100\n|turn|1\n|\n|t:|1698511323\n|-terastallize|p1a: Forretress|Fire\n|move|p2a: Darmanitan|Flare Blitz|p1a: Forretress\n|-resisted|p1a: Forretress\n|-damage|p1a: Forretress|73\/100\n|-damage|p2a: Darmanitan|91\/100|[from] Recoil\n|-enditem|p1a: Forretress|Red Card|[of] p2a: Darmanitan\n|drag|p2a: Ferrothorn|Ferrothorn, M|100\/100\n|move|p1a: Forretress|Toxic Spikes|p2a: Ferrothorn\n|-sidestart|p2: peakruto|move: Toxic Spikes\n|\n|upkeep\n|turn|2\n|\n|t:|1698511333\n|move|p2a: Ferrothorn|Protect|p2a: Ferrothorn\n|-singleturn|p2a: Ferrothorn|Protect\n|move|p1a: Forretress|Stealth Rock|p2a: Ferrothorn\n|-sidestart|p2: peakruto|move: Stealth Rock\n|\n|upkeep\n|turn|3\n|\n|t:|1698511339\n|switch|p2a: Ho-Oh|Ho-Oh|100\/100\n|move|p1a: Forretress|Toxic Spikes|p2a: Ho-Oh\n|-sidestart|p2: peakruto|move: Toxic Spikes\n|\n|upkeep\n|turn|4\n|\n|t:|1698511355\n|move|p2a: Ho-Oh|Defog|p1a: Forretress\n|-unboost|p1a: Forretress|evasion|1\n|-sideend|p2: peakruto|Toxic Spikes|[from] move: Defog|[of] p2a: Ho-Oh\n|-sideend|p2: peakruto|Stealth Rock|[from] move: Defog|[of] p2a: Ho-Oh\n|move|p1a: Forretress|Stealth Rock|p2a: Ho-Oh\n|-sidestart|p2: peakruto|move: Stealth Rock\n|\n|upkeep\n|turn|5\n|\n|t:|1698511362\n|move|p2a: Ho-Oh|Defog|p1a: Forretress\n|-unboost|p1a: Forretress|evasion|1\n|-sideend|p2: peakruto|Stealth Rock|[from] move: Defog|[of] p2a: Ho-Oh\n|move|p1a: Forretress|Toxic Spikes|p2a: Ho-Oh\n|-sidestart|p2: peakruto|move: Toxic Spikes\n|\n|upkeep\n|turn|6\n|\n|t:|1698511367\n|move|p2a: Ho-Oh|Toxic|p1a: Forretress\n|-status|p1a: Forretress|tox\n|move|p1a: Forretress|Toxic Spikes|p2a: Ho-Oh\n|-sidestart|p2: peakruto|move: Toxic Spikes\n|\n|-damage|p1a: Forretress|67\/100 tox|[from] psn\n|upkeep\n|turn|7\n|\n|t:|1698511374\n|move|p2a: Ho-Oh|Sacred Fire|p1a: Forretress\n|-resisted|p1a: Forretress\n|-damage|p1a: Forretress|54\/100 tox\n|move|p1a: Forretress|Toxic Spikes||[still]\n|-fail|p1a: Forretress\n|\n|-damage|p1a: Forretress|42\/100 tox|[from] psn\n|upkeep\n|turn|8\n|\n|t:|1698511383\n|move|p2a: Ho-Oh|Defog|p1a: Forretress\n|-unboost|p1a: Forretress|evasion|1\n|-sideend|p2: peakruto|Toxic Spikes|[from] move: Defog|[of] p2a: Ho-Oh\n|move|p1a: Forretress|Stealth Rock|p2a: Ho-Oh\n|-sidestart|p2: peakruto|move: Stealth Rock\n|\n|-damage|p1a: Forretress|23\/100 tox|[from] psn\n|upkeep\n|turn|9\n|\n|t:|1698511390\n|move|p2a: Ho-Oh|Defog|p1a: Forretress\n|-unboost|p1a: Forretress|evasion|1\n|-sideend|p2: peakruto|Stealth Rock|[from] move: Defog|[of] p2a: Ho-Oh\n|move|p1a: Forretress|Toxic Spikes|p2a: Ho-Oh\n|-sidestart|p2: peakruto|move: Toxic Spikes\n|\n|-damage|p1a: Forretress|0 fnt|[from] psn\n|faint|p1a: Forretress\n|upkeep\n|\n|t:|1698511401\n|switch|p1a: Marshadow|Marshadow|100\/100\n|turn|10\n|\n|t:|1698511415\n|move|p1a: Marshadow|Rock Tomb|p2a: Ho-Oh\n|-supereffective|p2a: Ho-Oh\n|-damage|p2a: Ho-Oh|0 fnt\n|faint|p2a: Ho-Oh\n|\n|upkeep\n|\n|t:|1698511425\n|switch|p2a: Arceus|Arceus-Fairy|100\/100\n|-status|p2a: Arceus|psn\n|turn|11\n|\n|t:|1698511446\n|move|p1a: Marshadow|Rock Tomb|p2a: Arceus\n|-damage|p2a: Arceus|79\/100 psn\n|-unboost|p2a: Arceus|spe|1\n|move|p2a: Arceus|Judgment|p1a: Marshadow\n|-supereffective|p1a: Marshadow\n|-enditem|p1a: Marshadow|Focus Sash\n|-damage|p1a: Marshadow|1\/100\n|\n|-damage|p2a: Arceus|66\/100 psn|[from] psn\n|upkeep\n|turn|12\n|\n|t:|1698511457\n|move|p1a: Marshadow|Spectral Thief|p2a: Arceus\n|-damage|p2a: Arceus|35\/100 psn\n|move|p2a: Arceus|Judgment|p1a: Marshadow\n|-supereffective|p1a: Marshadow\n|-damage|p1a: Marshadow|0 fnt\n|faint|p1a: Marshadow\n|\n|-damage|p2a: Arceus|23\/100 psn|[from] psn\n|upkeep\n|\n|t:|1698511472\n|switch|p1a: Pheromosa|Pheromosa, shiny|100\/100\n|turn|13\n|c|\u2606JustMonika_CARR|?\n|\n|t:|1698511518\n|move|p1a: Pheromosa|Ice Beam|p2a: Arceus\n|-damage|p2a: Arceus|0 fnt\n|faint|p2a: Arceus\n|-ability|p1a: Pheromosa|Beast Boost|boost\n|-boost|p1a: Pheromosa|spa|1\n|\n|upkeep\n|inactive|Battle timer is ON: inactive players will automatically lose when time's up. (requested by JustMonika_CARR)\n|\n|t:|1698511524\n|switch|p2a: Ferrothorn|Ferrothorn, M|100\/100\n|turn|14\n|\n|t:|1698511528\n|move|p2a: Ferrothorn|Protect|p2a: Ferrothorn\n|-singleturn|p2a: Ferrothorn|Protect\n|move|p1a: Pheromosa|Close Combat|p2a: Ferrothorn\n|-activate|p2a: Ferrothorn|move: Protect\n|\n|upkeep\n|turn|15\n|\n|t:|1698511534\n|move|p1a: Pheromosa|Close Combat|p2a: Ferrothorn\n|-supereffective|p2a: Ferrothorn\n|-damage|p2a: Ferrothorn|20\/100\n|-unboost|p1a: Pheromosa|def|1\n|-unboost|p1a: Pheromosa|spd|1\n|-damage|p1a: Pheromosa|88\/100|[from] ability: Iron Barbs|[of] p2a: Ferrothorn\n|move|p2a: Ferrothorn|Leech Seed|p1a: Pheromosa\n|-start|p1a: Pheromosa|move: Leech Seed\n|\n|-heal|p2a: Ferrothorn|26\/100|[from] item: Leftovers\n|-damage|p1a: Pheromosa|76\/100|[from] Leech Seed|[of] p2a: Ferrothorn\n|-heal|p2a: Ferrothorn|36\/100|[silent]\n|upkeep\n|turn|16\n|\n|t:|1698511547\n|move|p2a: Ferrothorn|Protect|p2a: Ferrothorn\n|-singleturn|p2a: Ferrothorn|Protect\n|move|p1a: Pheromosa|Rapid Spin|p2a: Ferrothorn\n|-activate|p2a: Ferrothorn|move: Protect\n|\n|-heal|p2a: Ferrothorn|42\/100|[from] item: Leftovers\n|-damage|p1a: Pheromosa|63\/100|[from] Leech Seed|[of] p2a: Ferrothorn\n|-heal|p2a: Ferrothorn|52\/100|[silent]\n|upkeep\n|turn|17\n|\n|t:|1698511556\n|move|p1a: Pheromosa|Close Combat|p2a: Ferrothorn\n|-supereffective|p2a: Ferrothorn\n|-damage|p2a: Ferrothorn|0 fnt\n|-unboost|p1a: Pheromosa|def|1\n|-unboost|p1a: Pheromosa|spd|1\n|-damage|p1a: Pheromosa|51\/100|[from] ability: Iron Barbs|[of] p2a: Ferrothorn\n|faint|p2a: Ferrothorn\n|-ability|p1a: Pheromosa|Beast Boost|boost\n|-boost|p1a: Pheromosa|spa|1\n|\n|upkeep\n|\n|t:|1698511559\n|switch|p2a: Zygarde|Zygarde|100\/100\n|-status|p2a: Zygarde|psn\n|turn|18\n|\n|t:|1698511568\n|switch|p2a: Darmanitan|Darmanitan-Galar, F|91\/100\n|-status|p2a: Darmanitan|psn\n|move|p1a: Pheromosa|Ice Beam|p2a: Darmanitan\n|-resisted|p2a: Darmanitan\n|-damage|p2a: Darmanitan|36\/100 psn\n|\n|-damage|p1a: Pheromosa|39\/100|[from] Leech Seed|[of] p2a: Darmanitan\n|-heal|p2a: Darmanitan|46\/100 psn|[silent]\n|-damage|p2a: Darmanitan|33\/100 psn|[from] psn\n|upkeep\n|turn|19\n|\n|t:|1698511580\n|move|p1a: Pheromosa|Rapid Spin|p2a: Darmanitan\n|-damage|p2a: Darmanitan|10\/100 psn\n|-boost|p1a: Pheromosa|spe|1\n|-end|p1a: Pheromosa|Leech Seed|[from] move: Rapid Spin|[of] p1a: Pheromosa\n|move|p2a: Darmanitan|Icicle Crash|p1a: Pheromosa|[miss]\n|-miss|p2a: Darmanitan|p1a: Pheromosa\n|\n|-damage|p2a: Darmanitan|0 fnt|[from] psn\n|faint|p2a: Darmanitan\n|upkeep\n|-message|peakruto forfeited.\n|\n|win|JustMonika_CARR\n|raw|JustMonika_CARR's rating: 1368 &rarr; <strong>1383<\/strong><br \/>(+15 for winning)\n|raw|peakruto's rating: 1287 &rarr; <strong>1268<\/strong><br \/>(-19 for losing)\n|l|\u2606peakruto\n|c|\u2606JustMonika_CARR|gg\n","uploadtime":1698511593,"views":8,"p1id":"justmonikacarr","p2id":"peakruto","formatid":"gen9nationaldexubers","rating":1268,"private":0,"password":""}