{"id":"gen9nationaldexubers-1980805218","p1":"real_megabot3","p2":"Bartek15615v2","format":"[Gen 9] National Dex Ubers","log":"|j|\u2606real_megabot3\n|j|\u2606Bartek15615v2\n|t:|1698836098\n|gametype|singles\n|player|p1|real_megabot3|101|1579\n|player|p2|Bartek15615v2|cynthia|1541\n|teamsize|p1|6\n|teamsize|p2|6\n|gen|9\n|tier|[Gen 9] National Dex Ubers\n|rated|\n|rule|HP Percentage Mod: HP is shown in percentages\n|rule|Endless Battle Clause: Forcing endless battles is banned\n|rule|OHKO Clause: OHKO moves are banned\n|rule|Evasion Moves Clause: Evasion moves are banned\n|rule|Evasion Items Clause: Evasion items are banned\n|rule|Species Clause: Limit one of each Pok\u00e9mon\n|rule|Sleep Clause Mod: Limit one foe put to sleep\n|rule|Mega Rayquaza Clause: You cannot mega evolve Rayquaza\n|clearpoke\n|poke|p1|Deoxys-Attack|\n|poke|p1|Xerneas-*|\n|poke|p1|Necrozma-Dusk-Mane|\n|poke|p1|Eternatus|\n|poke|p1|Ditto|\n|poke|p1|Giratina-Origin|\n|poke|p2|Ho-Oh|\n|poke|p2|Skeledirge, M|\n|poke|p2|Arceus-Fairy|\n|poke|p2|Groudon|\n|poke|p2|Salamence, F|\n|poke|p2|Zacian-*|\n|teampreview\n|\n|t:|1698836114\n|start\n|switch|p1a: Deoxys|Deoxys-Attack|100\/100\n|switch|p2a: Groudon|Groudon|100\/100\n|-ability|p1a: Deoxys|Pressure\n|detailschange|p2a: Groudon|Groudon-Primal\n|-primal|p2a: Groudon|Red Orb\n|-weather|DesolateLand|[from] ability: Desolate Land|[of] p2a: Groudon\n|turn|1\n|\n|t:|1698836124\n|-weather|none\n|switch|p2a: Ho-Oh|Ho-Oh|100\/100\n|move|p1a: Deoxys|Psycho Boost|p2a: Ho-Oh\n|-damage|p2a: Ho-Oh|62\/100\n|-unboost|p1a: Deoxys|spa|2\n|\n|upkeep\n|turn|2\n|\n|t:|1698836134\n|switch|p1a: Eternatus|Eternatus|100\/100\n|-ability|p1a: Eternatus|Pressure\n|move|p2a: Ho-Oh|Sacred Fire|p1a: Eternatus\n|-resisted|p1a: Eternatus\n|-damage|p1a: Eternatus|82\/100\n|-status|p1a: Eternatus|brn\n|\n|-damage|p1a: Eternatus|76\/100 brn|[from] brn\n|upkeep\n|turn|3\n|\n|t:|1698836149\n|switch|p2a: Zacian|Zacian-Crowned, shiny|100\/100\n|-ability|p2a: Zacian|Intrepid Sword|boost\n|-boost|p2a: Zacian|atk|1\n|move|p1a: Eternatus|Meteor Beam||[still]\n|-prepare|p1a: Eternatus|Meteor Beam\n|-boost|p1a: Eternatus|spa|1\n|-enditem|p1a: Eternatus|Power Herb\n|-anim|p1a: Eternatus|Meteor Beam|p2a: Zacian\n|-resisted|p2a: Zacian\n|-damage|p2a: Zacian|67\/100\n|\n|-damage|p1a: Eternatus|70\/100 brn|[from] brn\n|upkeep\n|turn|4\n|\n|t:|1698836165\n|-terastallize|p2a: Zacian|Ground\n|-terastallize|p1a: Eternatus|Fire\n|move|p2a: Zacian|Tera Blast|p1a: Eternatus|[anim] Tera Blast Ground\n|-supereffective|p1a: Eternatus\n|-damage|p1a: Eternatus|0 fnt\n|faint|p1a: Eternatus\n|\n|upkeep\n|\n|t:|1698836172\n|switch|p1a: Deoxys|Deoxys-Attack|100\/100\n|-ability|p1a: Deoxys|Pressure\n|turn|5\n|\n|t:|1698836180\n|switch|p2a: Ho-Oh|Ho-Oh|95\/100\n|move|p1a: Deoxys|Ice Beam|p2a: Ho-Oh\n|-damage|p2a: Ho-Oh|75\/100\n|\n|upkeep\n|turn|6\n|\n|t:|1698836187\n|move|p1a: Deoxys|Spikes|p2a: Ho-Oh\n|-sidestart|p2: Bartek15615v2|Spikes\n|move|p2a: Ho-Oh|Sacred Fire|p1a: Deoxys\n|-enditem|p1a: Deoxys|Focus Sash\n|-damage|p1a: Deoxys|1\/100\n|\n|upkeep\n|turn|7\n|\n|t:|1698836194\n|move|p1a: Deoxys|Psycho Boost|p2a: Ho-Oh\n|-damage|p2a: Ho-Oh|37\/100\n|-unboost|p1a: Deoxys|spa|2\n|move|p2a: Ho-Oh|Sacred Fire|p1a: Deoxys\n|-damage|p1a: Deoxys|0 fnt\n|faint|p1a: Deoxys\n|\n|upkeep\n|\n|t:|1698836202\n|switch|p1a: Xerneas|Xerneas|100\/100\n|-ability|p1a: Xerneas|Fairy Aura\n|turn|8\n|\n|t:|1698836209\n|switch|p2a: Groudon|Groudon-Primal|100\/100\n|-damage|p2a: Groudon|88\/100|[from] Spikes\n|-weather|DesolateLand|[from] ability: Desolate Land|[of] p2a: Groudon\n|move|p1a: Xerneas|Thunder|p2a: Groudon\n|-immune|p2a: Groudon\n|\n|-weather|DesolateLand|[upkeep]\n|upkeep\n|turn|9\n|\n|t:|1698836218\n|switch|p1a: Giratina|Giratina-Origin|100\/100\n|move|p2a: Groudon|Toxic|p1a: Giratina\n|-status|p1a: Giratina|tox\n|\n|-weather|DesolateLand|[upkeep]\n|-damage|p1a: Giratina|94\/100 tox|[from] psn\n|upkeep\n|turn|10\n|\n|t:|1698836227\n|-weather|none\n|switch|p2a: Skeledirge|Skeledirge, M|100\/100\n|move|p1a: Giratina|Hex|p2a: Skeledirge\n|-supereffective|p2a: Skeledirge\n|-damage|p2a: Skeledirge|10\/100\n|\n|-damage|p1a: Giratina|82\/100 tox|[from] psn\n|upkeep\n|turn|11\n|\n|t:|1698836237\n|move|p1a: Giratina|Hex|p2a: Skeledirge\n|-supereffective|p2a: Skeledirge\n|-damage|p2a: Skeledirge|0 fnt\n|faint|p2a: Skeledirge\n|\n|-damage|p1a: Giratina|64\/100 tox|[from] psn\n|upkeep\n|\n|t:|1698836244\n|switch|p2a: Ho-Oh|Ho-Oh|70\/100\n|turn|12\n|\n|t:|1698836249\n|move|p1a: Giratina|Thunder Wave|p2a: Ho-Oh\n|-status|p2a: Ho-Oh|par\n|cant|p2a: Ho-Oh|par\n|\n|-damage|p1a: Giratina|39\/100 tox|[from] psn\n|upkeep\n|turn|13\n|\n|t:|1698836257\n|switch|p2a: Arceus|Arceus-Fairy|100\/100\n|-damage|p2a: Arceus|88\/100|[from] Spikes\n|move|p1a: Giratina|Hex|p2a: Arceus\n|-damage|p2a: Arceus|61\/100\n|\n|-damage|p1a: Giratina|8\/100 tox|[from] psn\n|upkeep\n|turn|14\n|\n|t:|1698836266\n|move|p2a: Arceus|Taunt|p1a: Giratina\n|-start|p1a: Giratina|move: Taunt\n|move|p1a: Giratina|Hex|p2a: Arceus\n|-crit|p2a: Arceus\n|-damage|p2a: Arceus|19\/100\n|\n|-damage|p1a: Giratina|0 fnt|[from] psn\n|faint|p1a: Giratina\n|upkeep\n|l|\u2606real_megabot3\n|player|p1|\n|j|\u2606real_megabot3\n|player|p1|real_megabot3|101\n|\n|t:|1698836313\n|switch|p1a: Necrozma|Necrozma-Dusk-Mane|100\/100\n|turn|15\n|\n|t:|1698836322\n|switch|p2a: Salamence|Salamence, F|100\/100\n|-ability|p2a: Salamence|Intimidate|boost\n|-unboost|p1a: Necrozma|atk|1\n|move|p1a: Necrozma|Stone Edge|p2a: Salamence|[miss]\n|-miss|p1a: Necrozma|p2a: Salamence\n|\n|upkeep\n|turn|16\n|\n|t:|1698836333\n|detailschange|p2a: Salamence|Salamence-Mega, F\n|-mega|p2a: Salamence|Salamence|Salamencite\n|detailschange|p1a: Necrozma|Necrozma-Ultra\n|-burst|p1a: Necrozma|Necrozma|Ultranecrozium Z\n|move|p1a: Necrozma|Swords Dance|p1a: Necrozma\n|-boost|p1a: Necrozma|atk|2\n|move|p2a: Salamence|Dragon Dance|p2a: Salamence\n|-boost|p2a: Salamence|atk|1\n|-boost|p2a: Salamence|spe|1\n|\n|upkeep\n|turn|17\n|l|\u2606real_megabot3\n|player|p1|\n|j|\u2606real_megabot3\n|player|p1|real_megabot3|101\n|\n|t:|1698836405\n|switch|p2a: Arceus|Arceus-Fairy|19\/100\n|-damage|p2a: Arceus|7\/100|[from] Spikes\n|move|p1a: Necrozma|Stone Edge|p2a: Arceus\n|-damage|p2a: Arceus|0 fnt\n|faint|p2a: Arceus\n|\n|upkeep\n|\n|t:|1698836412\n|switch|p2a: Zacian|Zacian-Crowned, shiny, tera:Ground|67\/100\n|-damage|p2a: Zacian|55\/100|[from] Spikes\n|turn|18\n|\n|t:|1698836419\n|move|p2a: Zacian|Tera Blast|p1a: Necrozma|[anim] Tera Blast Ground\n|-damage|p1a: Necrozma|54\/100\n|-zpower|p1a: Necrozma\n|move|p1a: Necrozma|Light That Burns the Sky|p2a: Zacian|[zeffect]\n|-damage|p2a: Zacian|0 fnt\n|faint|p2a: Zacian\n|\n|upkeep\n|\n|t:|1698836430\n|switch|p2a: Groudon|Groudon-Primal|88\/100\n|-damage|p2a: Groudon|76\/100|[from] Spikes\n|-weather|DesolateLand|[from] ability: Desolate Land|[of] p2a: Groudon\n|turn|19\n|\n|t:|1698836439\n|move|p1a: Necrozma|Earthquake|p2a: Groudon\n|-supereffective|p2a: Groudon\n|-damage|p2a: Groudon|11\/100\n|move|p2a: Groudon|Precipice Blades|p1a: Necrozma\n|-damage|p1a: Necrozma|0 fnt\n|faint|p1a: Necrozma\n|\n|-weather|DesolateLand|[upkeep]\n|upkeep\n|\n|t:|1698836444\n|switch|p1a: Xerneas|Xerneas|100\/100\n|-ability|p1a: Xerneas|Fairy Aura\n|turn|20\n|\n|t:|1698836454\n|move|p1a: Xerneas|Substitute|p1a: Xerneas\n|-start|p1a: Xerneas|Substitute\n|-damage|p1a: Xerneas|76\/100\n|move|p2a: Groudon|Toxic||[still]\n|-fail|p2a: Groudon\n|\n|-weather|DesolateLand|[upkeep]\n|upkeep\n|turn|21\n|\n|t:|1698836460\n|move|p1a: Xerneas|Geomancy||[still]\n|-prepare|p1a: Xerneas|Geomancy\n|-enditem|p1a: Xerneas|Power Herb\n|-anim|p1a: Xerneas|Geomancy|p1a: Xerneas\n|-boost|p1a: Xerneas|spa|2\n|-boost|p1a: Xerneas|spd|2\n|-boost|p1a: Xerneas|spe|2\n|move|p2a: Groudon|Precipice Blades|p1a: Xerneas\n|-end|p1a: Xerneas|Substitute\n|\n|-weather|DesolateLand|[upkeep]\n|upkeep\n|turn|22\n|\n|t:|1698836469\n|move|p1a: Xerneas|Moonblast|p2a: Groudon\n|-resisted|p2a: Groudon\n|-damage|p2a: Groudon|0 fnt\n|faint|p2a: Groudon\n|-weather|none\n|\n|upkeep\n|\n|t:|1698836474\n|switch|p2a: Ho-Oh|Ho-Oh|100\/100 par\n|turn|23\n|\n|t:|1698836480\n|move|p1a: Xerneas|Substitute|p1a: Xerneas\n|-start|p1a: Xerneas|Substitute\n|-damage|p1a: Xerneas|51\/100\n|move|p2a: Ho-Oh|Whirlwind|p1a: Xerneas\n|drag|p1a: Ditto|Ditto|100\/100\n|-transform|p1a: Ditto|p2a: Ho-Oh|[from] ability: Imposter\n|\n|upkeep\n|turn|24\n|\n|t:|1698836489\n|move|p1a: Ditto|Sacred Fire|p2a: Ho-Oh\n|-resisted|p2a: Ho-Oh\n|-damage|p2a: Ho-Oh|81\/100 par\n|move|p2a: Ho-Oh|Toxic|p1a: Ditto\n|-status|p1a: Ditto|tox\n|\n|-damage|p1a: Ditto|94\/100 tox|[from] psn\n|upkeep\n|turn|25\n|\n|t:|1698836506\n|switch|p2a: Salamence|Salamence-Mega, F|100\/100\n|move|p1a: Ditto|Sacred Fire|p2a: Salamence\n|-resisted|p2a: Salamence\n|-damage|p2a: Salamence|83\/100\n|-status|p2a: Salamence|brn\n|\n|-damage|p1a: Ditto|82\/100 tox|[from] psn\n|-damage|p2a: Salamence|77\/100 brn|[from] brn\n|upkeep\n|turn|26\n|\n|t:|1698836516\n|move|p2a: Salamence|Dragon Dance|p2a: Salamence\n|-boost|p2a: Salamence|atk|1\n|-boost|p2a: Salamence|spe|1\n|move|p1a: Ditto|Sacred Fire|p2a: Salamence\n|-resisted|p2a: Salamence\n|-damage|p2a: Salamence|60\/100 brn\n|\n|-damage|p1a: Ditto|64\/100 tox|[from] psn\n|-damage|p2a: Salamence|54\/100 brn|[from] brn\n|upkeep\n|turn|27\n|\n|t:|1698836525\n|switch|p1a: Xerneas|Xerneas|51\/100\n|-ability|p1a: Xerneas|Fairy Aura\n|move|p2a: Salamence|Dragon Dance|p2a: Salamence\n|-boost|p2a: Salamence|atk|1\n|-boost|p2a: Salamence|spe|1\n|\n|-damage|p2a: Salamence|48\/100 brn|[from] brn\n|upkeep\n|turn|28\n|\n|t:|1698836538\n|switch|p2a: Ho-Oh|Ho-Oh|100\/100 par\n|move|p1a: Xerneas|Moonblast|p2a: Ho-Oh\n|-resisted|p2a: Ho-Oh\n|-damage|p2a: Ho-Oh|86\/100 par\n|\n|upkeep\n|turn|29\n|\n|t:|1698836548\n|move|p1a: Xerneas|Thunder|p2a: Ho-Oh\n|-supereffective|p2a: Ho-Oh\n|-damage|p2a: Ho-Oh|51\/100 par\n|cant|p2a: Ho-Oh|par\n|\n|upkeep\n|turn|30\n|j| shamatetuanzhang\n|\n|t:|1698836558\n|move|p1a: Xerneas|Thunder|p2a: Ho-Oh\n|-supereffective|p2a: Ho-Oh\n|-damage|p2a: Ho-Oh|14\/100 par\n|cant|p2a: Ho-Oh|par\n|\n|upkeep\n|turn|31\n|\n|t:|1698836563\n|move|p1a: Xerneas|Moonblast|p2a: Ho-Oh\n|-resisted|p2a: Ho-Oh\n|-damage|p2a: Ho-Oh|0 fnt\n|faint|p2a: Ho-Oh\n|\n|upkeep\n|\n|t:|1698836568\n|switch|p2a: Salamence|Salamence-Mega, F|48\/100 brn\n|turn|32\n|\n|t:|1698836572\n|move|p2a: Salamence|Frustration|p1a: Xerneas\n|-damage|p1a: Xerneas|20\/100\n|move|p1a: Xerneas|Moonblast|p2a: Salamence\n|-supereffective|p2a: Salamence\n|-damage|p2a: Salamence|0 fnt\n|faint|p2a: Salamence\n|\n|win|real_megabot3\n|raw|real_megabot3's rating: 1579 &rarr; <strong>1597<\/strong><br \/>(+18 for winning)\n|raw|Bartek15615v2's rating: 1541 &rarr; <strong>1523<\/strong><br \/>(-18 for losing)\n|l|\u2606real_megabot3\n|j|\u2606real_megabot3\n|player|p1|real_megabot3|101\n","uploadtime":1698836725,"views":14,"p1id":"realmegabot3","p2id":"bartek15615v2","formatid":"gen9nationaldexubers","rating":1523,"private":0,"password":""}