{"id":"gen9nationaldexubers-1987693312","p1":"JustMonika_CARR","p2":"XYZ15","format":"[Gen 9] National Dex Ubers","log":"|j|\u2606JustMonika_CARR\n|j|\u2606XYZ15\n|t:|1699628271\n|gametype|singles\n|player|p1|JustMonika_CARR|rosa|1519\n|player|p2|XYZ15|rei|1510\n|teamsize|p1|6\n|teamsize|p2|6\n|gen|9\n|tier|[Gen 9] National Dex Ubers\n|rated|\n|rule|HP Percentage Mod: HP is shown in percentages\n|rule|Endless Battle Clause: Forcing endless battles is banned\n|rule|OHKO Clause: OHKO moves are banned\n|rule|Evasion Moves Clause: Evasion moves are banned\n|rule|Evasion Items Clause: Evasion items are banned\n|rule|Species Clause: Limit one of each Pok\u00e9mon\n|rule|Sleep Clause Mod: Limit one foe put to sleep\n|rule|Mega Rayquaza Clause: You cannot mega evolve Rayquaza\n|clearpoke\n|poke|p1|Marshadow|\n|poke|p1|Aerodactyl, M|\n|poke|p1|Arceus|\n|poke|p1|Forretress, F|\n|poke|p1|Pheromosa|\n|poke|p1|Necrozma-Dawn-Wings|\n|poke|p2|Darmanitan-Galar, M|\n|poke|p2|Kyogre|\n|poke|p2|Marshadow|\n|poke|p2|Magearna|\n|poke|p2|Salamence, M|\n|poke|p2|Ho-Oh|\n|teampreview\n|inactive|Battle timer is ON: inactive players will automatically lose when time's up. (requested by JustMonika_CARR)\n|\n|t:|1699628317\n|start\n|switch|p1a: Forretress|Forretress, F, shiny|100\/100\n|switch|p2a: Darmanitan|Darmanitan-Galar, M|100\/100\n|turn|1\n|\n|t:|1699628324\n|-terastallize|p1a: Forretress|Dragon\n|move|p2a: Darmanitan|U-turn|p1a: Forretress\n|-damage|p1a: Forretress|78\/100\n|-enditem|p1a: Forretress|Red Card|[of] p2a: Darmanitan\n|drag|p2a: Marshadow|Marshadow|100\/100\n|move|p1a: Forretress|Toxic Spikes|p2a: Marshadow\n|-sidestart|p2: XYZ15|move: Toxic Spikes\n|\n|upkeep\n|turn|2\n|\n|t:|1699628338\n|switch|p2a: Ho-Oh|Ho-Oh|100\/100\n|move|p1a: Forretress|Toxic Spikes|p2a: Ho-Oh\n|-sidestart|p2: XYZ15|move: Toxic Spikes\n|\n|upkeep\n|turn|3\n|\n|t:|1699628344\n|move|p2a: Ho-Oh|Defog|p1a: Forretress\n|-unboost|p1a: Forretress|evasion|1\n|-sideend|p2: XYZ15|Toxic Spikes|[from] move: Defog|[of] p2a: Ho-Oh\n|move|p1a: Forretress|Stealth Rock|p2a: Ho-Oh\n|-sidestart|p2: XYZ15|move: Stealth Rock\n|\n|upkeep\n|turn|4\n|\n|t:|1699628352\n|move|p2a: Ho-Oh|Toxic|p1a: Forretress\n|-status|p1a: Forretress|tox\n|move|p1a: Forretress|Toxic Spikes|p2a: Ho-Oh\n|-sidestart|p2: XYZ15|move: Toxic Spikes\n|\n|-damage|p1a: Forretress|72\/100 tox|[from] psn\n|upkeep\n|turn|5\n|\n|t:|1699628360\n|move|p2a: Ho-Oh|Defog|p1a: Forretress\n|-unboost|p1a: Forretress|evasion|1\n|-sideend|p2: XYZ15|Toxic Spikes|[from] move: Defog|[of] p2a: Ho-Oh\n|-sideend|p2: XYZ15|Stealth Rock|[from] move: Defog|[of] p2a: Ho-Oh\n|move|p1a: Forretress|Toxic Spikes|p2a: Ho-Oh\n|-sidestart|p2: XYZ15|move: Toxic Spikes\n|\n|-damage|p1a: Forretress|60\/100 tox|[from] psn\n|upkeep\n|turn|6\n|\n|t:|1699628369\n|switch|p2a: Magearna|Magearna|100\/100\n|move|p1a: Forretress|Stealth Rock|p2a: Magearna\n|-sidestart|p2: XYZ15|move: Stealth Rock\n|\n|-damage|p1a: Forretress|41\/100 tox|[from] psn\n|upkeep\n|turn|7\n|\n|t:|1699628376\n|move|p2a: Magearna|Volt Switch|p1a: Forretress\n|-resisted|p1a: Forretress\n|-damage|p1a: Forretress|21\/100 tox\n|\n|t:|1699628404\n|switch|p2a: Ho-Oh|Ho-Oh|100\/100|[from] Volt Switch\n|move|p1a: Forretress|Toxic Spikes|p2a: Ho-Oh\n|-sidestart|p2: XYZ15|move: Toxic Spikes\n|\n|-damage|p1a: Forretress|0 fnt|[from] psn\n|faint|p1a: Forretress\n|upkeep\n|\n|t:|1699628414\n|switch|p1a: Aerodactyl|Aerodactyl, M, shiny|100\/100\n|turn|8\n|\n|t:|1699628423\n|detailschange|p1a: Aerodactyl|Aerodactyl-Mega, M, shiny\n|-mega|p1a: Aerodactyl|Aerodactyl|Aerodactylite\n|move|p1a: Aerodactyl|Stone Edge|p2a: Ho-Oh\n|-supereffective|p2a: Ho-Oh\n|-damage|p2a: Ho-Oh|0 fnt\n|faint|p2a: Ho-Oh\n|\n|upkeep\n|\n|t:|1699628428\n|switch|p2a: Darmanitan|Darmanitan-Galar, M|100\/100\n|-status|p2a: Darmanitan|tox\n|-damage|p2a: Darmanitan|76\/100 tox|[from] Stealth Rock\n|turn|9\n|\n|t:|1699628434\n|move|p2a: Darmanitan|U-turn|p1a: Aerodactyl\n|-resisted|p1a: Aerodactyl\n|-damage|p1a: Aerodactyl|76\/100\n|\n|t:|1699628443\n|switch|p2a: Marshadow|Marshadow|100\/100|[from] U-turn\n|-status|p2a: Marshadow|tox\n|-damage|p2a: Marshadow|94\/100 tox|[from] Stealth Rock\n|move|p1a: Aerodactyl|Stone Edge|p2a: Marshadow\n|-resisted|p2a: Marshadow\n|-damage|p2a: Marshadow|61\/100 tox\n|\n|-damage|p2a: Marshadow|55\/100 tox|[from] psn\n|upkeep\n|turn|10\n|\n|t:|1699628462\n|switch|p2a: Salamence|Salamence, M|100\/100\n|-damage|p2a: Salamence|76\/100|[from] Stealth Rock\n|-ability|p2a: Salamence|Intimidate|boost\n|-unboost|p1a: Aerodactyl|atk|1\n|move|p1a: Aerodactyl|Dual Wingbeat|p2a: Salamence\n|-damage|p2a: Salamence|54\/100\n|-damage|p2a: Salamence|32\/100\n|-hitcount|p2a: Salamence|2\n|\n|upkeep\n|turn|11\n|\n|t:|1699628474\n|detailschange|p2a: Salamence|Salamence-Mega, M\n|-mega|p2a: Salamence|Salamence|Salamencite\n|move|p1a: Aerodactyl|Dual Wingbeat|p2a: Salamence\n|-damage|p2a: Salamence|17\/100\n|-damage|p2a: Salamence|0 fnt\n|faint|p2a: Salamence\n|-hitcount|p2: Salamence|2\n|\n|upkeep\n|\n|t:|1699628478\n|switch|p2a: Kyogre|Kyogre|100\/100\n|-status|p2a: Kyogre|tox\n|-damage|p2a: Kyogre|88\/100 tox|[from] Stealth Rock\n|detailschange|p2a: Kyogre|Kyogre-Primal\n|-primal|p2a: Kyogre|Blue Orb\n|-weather|PrimordialSea|[from] ability: Primordial Sea|[of] p2a: Kyogre\n|turn|12\n|-message|XYZ15 forfeited.\n|\n|win|JustMonika_CARR\n|raw|JustMonika_CARR's rating: 1519 &rarr; <strong>1538<\/strong><br \/>(+19 for winning)\n|raw|XYZ15's rating: 1510 &rarr; <strong>1491<\/strong><br \/>(-19 for losing)\n|l|\u2606XYZ15\n","uploadtime":1699628492,"views":15,"p1id":"justmonikacarr","p2id":"xyz15","formatid":"gen9nationaldexubers","rating":1491,"private":0,"password":""}