{"id":"gen9nationaldexubers-1991429246","p1":"3o2o2o2o2o","p2":"KarmaKazama0","format":"[Gen 9] National Dex Ubers","log":"|j|\u26063o2o2o2o2o\n|j|\u2606KarmaKazama0\n|t:|1700076371\n|gametype|singles\n|player|p1|3o2o2o2o2o|guitarist-gen3|1377\n|player|p2|KarmaKazama0|265|1472\n|teamsize|p1|6\n|teamsize|p2|6\n|gen|9\n|tier|[Gen 9] National Dex Ubers\n|rated|\n|rule|HP Percentage Mod: HP is shown in percentages\n|rule|Endless Battle Clause: Forcing endless battles is banned\n|rule|OHKO Clause: OHKO moves are banned\n|rule|Evasion Moves Clause: Evasion moves are banned\n|rule|Evasion Items Clause: Evasion items are banned\n|rule|Species Clause: Limit one of each Pok\u00e9mon\n|rule|Sleep Clause Mod: Limit one foe put to sleep\n|rule|Mega Rayquaza Clause: You cannot mega evolve Rayquaza\n|clearpoke\n|poke|p1|Necrozma-Dusk-Mane|\n|poke|p1|Groudon|\n|poke|p1|Deoxys-Attack|\n|poke|p1|Zacian-*|\n|poke|p1|Sunkern, M|\n|poke|p1|Marshadow|\n|poke|p2|Zygarde|\n|poke|p2|Ho-Oh|\n|poke|p2|Xerneas-*|\n|poke|p2|Arceus-Ground|\n|poke|p2|Zacian-*|\n|poke|p2|Groudon|\n|teampreview\n|inactive|Battle timer is ON: inactive players will automatically lose when time's up. (requested by 3o2o2o2o2o)\n|\n|t:|1700076376\n|start\n|switch|p1a: Ou in 200 B.C.\ud83e\udd76|Sunkern, M, shiny|100\/100\n|switch|p2a: Groudon|Groudon|100\/100\n|detailschange|p2a: Groudon|Groudon-Primal\n|-primal|p2a: Groudon|Red Orb\n|-weather|DesolateLand|[from] ability: Desolate Land|[of] p2a: Groudon\n|turn|1\n|\n|t:|1700076386\n|move|p2a: Groudon|Precipice Blades|p1a: Ou in 200 B.C.\ud83e\udd76\n|-resisted|p1a: Ou in 200 B.C.\ud83e\udd76\n|-enditem|p1a: Ou in 200 B.C.\ud83e\udd76|Focus Sash\n|-damage|p1a: Ou in 200 B.C.\ud83e\udd76|1\/100\n|move|p1a: Ou in 200 B.C.\ud83e\udd76|Encore|p2a: Groudon\n|-start|p2a: Groudon|Encore\n|\n|-weather|DesolateLand|[upkeep]\n|upkeep\n|turn|2\n|\n|t:|1700076392\n|move|p2a: Groudon|Precipice Blades|p1a: Ou in 200 B.C.\ud83e\udd76\n|-resisted|p1a: Ou in 200 B.C.\ud83e\udd76\n|-damage|p1a: Ou in 200 B.C.\ud83e\udd76|0 fnt\n|faint|p1a: Ou in 200 B.C.\ud83e\udd76\n|\n|-weather|DesolateLand|[upkeep]\n|upkeep\n|\n|t:|1700076395\n|switch|p1a: Sweep mf|Necrozma-Dusk-Mane, shiny|100\/100\n|turn|3\n|\n|t:|1700076398\n|detailschange|p1a: Sweep mf|Necrozma-Ultra, shiny\n|-burst|p1a: Sweep mf|Necrozma|Ultranecrozium Z\n|move|p1a: Sweep mf|Dragon Dance|p1a: Sweep mf\n|-boost|p1a: Sweep mf|atk|1\n|-boost|p1a: Sweep mf|spe|1\n|move|p2a: Groudon|Precipice Blades|p1a: Sweep mf\n|-damage|p1a: Sweep mf|16\/100\n|\n|-weather|DesolateLand|[upkeep]\n|upkeep\n|turn|4\n|\n|t:|1700076407\n|move|p1a: Sweep mf|Earthquake|p2a: Groudon\n|-supereffective|p2a: Groudon\n|-damage|p2a: Groudon|0 fnt\n|faint|p2a: Groudon\n|-weather|none\n|\n|upkeep\n|\n|t:|1700076413\n|switch|p2a: Zygarde|Zygarde|100\/100\n|turn|5\n|\n|t:|1700076423\n|-terastallize|p2a: Zygarde|Fairy\n|-zpower|p1a: Sweep mf\n|move|p1a: Sweep mf|Light That Burns the Sky|p2a: Zygarde|[zeffect]\n|-damage|p2a: Zygarde|0 fnt\n|faint|p2a: Zygarde\n|\n|upkeep\n|\n|t:|1700076432\n|switch|p2a: Ho-Oh|Ho-Oh|100\/100\n|turn|6\n|inactive|3o2o2o2o2o has 120 seconds left.\n|\n|t:|1700076475\n|move|p1a: Sweep mf|Photon Geyser|p2a: Ho-Oh\n|-damage|p2a: Ho-Oh|34\/100\n|move|p2a: Ho-Oh|Sacred Fire|p1a: Sweep mf\n|-resisted|p1a: Sweep mf\n|-damage|p1a: Sweep mf|0 fnt\n|faint|p1a: Sweep mf\n|\n|upkeep\n|\n|t:|1700076477\n|switch|p1a: Mf mf|Groudon, shiny|100\/100\n|detailschange|p1a: Mf mf|Groudon-Primal, shiny\n|-primal|p1a: Mf mf|Red Orb\n|-weather|DesolateLand|[from] ability: Desolate Land|[of] p1a: Mf mf\n|turn|7\n|\n|t:|1700076486\n|move|p1a: Mf mf|Rock Slide|p2a: Ho-Oh\n|-supereffective|p2a: Ho-Oh\n|-damage|p2a: Ho-Oh|0 fnt\n|faint|p2a: Ho-Oh\n|\n|-weather|DesolateLand|[upkeep]\n|upkeep\n|\n|t:|1700076489\n|switch|p2a: Arceus|Arceus-Ground|100\/100\n|turn|8\n|\n|t:|1700076495\n|move|p2a: Arceus|Judgment|p1a: Mf mf\n|-supereffective|p1a: Mf mf\n|-damage|p1a: Mf mf|0 fnt\n|faint|p1a: Mf mf\n|-weather|none\n|\n|upkeep\n|\n|t:|1700076498\n|switch|p1a: Strong mf|Deoxys-Attack, shiny|100\/100\n|-ability|p1a: Strong mf|Pressure\n|turn|9\n|\n|t:|1700076510\n|switch|p2a: Zacian|Zacian-Crowned|100\/100\n|-ability|p2a: Zacian|Intrepid Sword|boost\n|-boost|p2a: Zacian|atk|1\n|-terastallize|p1a: Strong mf|Ghost\n|move|p1a: Strong mf|Ice Beam|p2a: Zacian\n|-resisted|p2a: Zacian\n|-damage|p2a: Zacian|78\/100\n|-damage|p1a: Strong mf|91\/100|[from] item: Life Orb\n|\n|upkeep\n|turn|10\n|\n|t:|1700076527\n|move|p1a: Strong mf|Superpower|p2a: Zacian\n|-damage|p2a: Zacian|17\/100\n|-unboost|p1a: Strong mf|atk|1\n|-unboost|p1a: Strong mf|def|1\n|-damage|p1a: Strong mf|81\/100|[from] item: Life Orb\n|move|p2a: Zacian|Behemoth Blade|p1a: Strong mf\n|-damage|p1a: Strong mf|0 fnt\n|faint|p1a: Strong mf\n|\n|upkeep\n|\n|t:|1700076543\n|switch|p1a: Sword mf|Zacian-Crowned, shiny|100\/100\n|-ability|p1a: Sword mf|Intrepid Sword|boost\n|-boost|p1a: Sword mf|atk|1\n|turn|11\n|\n|t:|1700076546\n|move|p2a: Zacian|Behemoth Blade|p1a: Sword mf\n|-damage|p1a: Sword mf|17\/100\n|move|p1a: Sword mf|Behemoth Blade|p2a: Zacian\n|-damage|p2a: Zacian|0 fnt\n|faint|p2a: Zacian\n|\n|upkeep\n|\n|t:|1700076549\n|switch|p2a: Arceus|Arceus-Ground|100\/100\n|turn|12\n|\n|t:|1700076557\n|move|p1a: Sword mf|Play Rough|p2a: Arceus\n|-damage|p2a: Arceus|48\/100\n|move|p2a: Arceus|Judgment|p1a: Sword mf\n|-supereffective|p1a: Sword mf\n|-damage|p1a: Sword mf|0 fnt\n|faint|p1a: Sword mf\n|\n|upkeep\n|\n|t:|1700076559\n|switch|p1a: Elvis mf|Marshadow|100\/100\n|turn|13\n|\n|t:|1700076567\n|move|p1a: Elvis mf|Close Combat|p2a: Arceus\n|-damage|p2a: Arceus|12\/100\n|-unboost|p1a: Elvis mf|def|1\n|-unboost|p1a: Elvis mf|spd|1\n|move|p2a: Arceus|Judgment|p1a: Elvis mf\n|-damage|p1a: Elvis mf|23\/100\n|\n|upkeep\n|turn|14\n|\n|t:|1700076573\n|move|p1a: Elvis mf|Shadow Sneak|p2a: Arceus\n|-damage|p2a: Arceus|0 fnt\n|faint|p2a: Arceus\n|\n|upkeep\n|\n|t:|1700076575\n|switch|p2a: Xerneas|Xerneas|100\/100\n|-ability|p2a: Xerneas|Fairy Aura\n|turn|15\n|\n|t:|1700076595\n|move|p1a: Elvis mf|Spectral Thief|p2a: Xerneas\n|-crit|p2a: Xerneas\n|-damage|p2a: Xerneas|43\/100\n|move|p2a: Xerneas|Moonblast|p1a: Elvis mf\n|-supereffective|p1a: Elvis mf\n|-damage|p1a: Elvis mf|0 fnt\n|faint|p1a: Elvis mf\n|\n|win|KarmaKazama0\n|raw|3o2o2o2o2o's rating: 1377 &rarr; <strong>1362<\/strong><br \/>(-15 for losing)\n|raw|KarmaKazama0's rating: 1472 &rarr; <strong>1487<\/strong><br \/>(+15 for winning)\n|l|\u26063o2o2o2o2o\n","uploadtime":1700076624,"views":24,"p1id":"3o2o2o2o2o","p2id":"karmakazama0","formatid":"gen9nationaldexubers","rating":1362,"private":0,"password":""}