{"id":"gen9nationaldexubers-1979328365","p1":"JabobFrog2","p2":"KirbyWithAKnife_1","format":"[Gen 9] National Dex Ubers","log":"|j|\u2606JabobFrog2\n|j|\u203dKirbyWithAKnife_1\n|t:|1698671788\n|gametype|singles\n|player|p1|JabobFrog2|blackbelt|1277\n|player|p2|KirbyWithAKnife_1|biker-gen1|1281\n|teamsize|p1|6\n|teamsize|p2|6\n|gen|9\n|tier|[Gen 9] National Dex Ubers\n|rated|\n|rule|HP Percentage Mod: HP is shown in percentages\n|rule|Endless Battle Clause: Forcing endless battles is banned\n|rule|OHKO Clause: OHKO moves are banned\n|rule|Evasion Moves Clause: Evasion moves are banned\n|rule|Evasion Items Clause: Evasion items are banned\n|rule|Species Clause: Limit one of each Pok\u00e9mon\n|rule|Sleep Clause Mod: Limit one foe put to sleep\n|rule|Mega Rayquaza Clause: You cannot mega evolve Rayquaza\n|clearpoke\n|poke|p1|Giratina|\n|poke|p1|Dondozo, F|\n|poke|p1|Chansey, F|\n|poke|p1|Tyranitar, M|\n|poke|p1|Ho-Oh|\n|poke|p1|Mewtwo|\n|poke|p2|Kyogre|\n|poke|p2|Groudon|\n|poke|p2|Necrozma-Dusk-Mane|\n|poke|p2|Arceus|\n|poke|p2|Ho-Oh|\n|poke|p2|Lucario, M|\n|teampreview\n|\n|t:|1698671831\n|start\n|switch|p1a: Tyranitar|Tyranitar, M|100\/100\n|switch|p2a: Necrozma|Necrozma-Dusk-Mane|100\/100\n|-weather|Sandstorm|[from] ability: Sand Stream|[of] p1a: Tyranitar\n|turn|1\n|\n|t:|1698671867\n|detailschange|p1a: Tyranitar|Tyranitar-Mega, M\n|-mega|p1a: Tyranitar|Tyranitar|Tyranitarite\n|move|p2a: Necrozma|Dragon Dance|p2a: Necrozma\n|-boost|p2a: Necrozma|atk|1\n|-boost|p2a: Necrozma|spe|1\n|move|p1a: Tyranitar|Knock Off|p2a: Necrozma\n|-supereffective|p2a: Necrozma\n|-damage|p2a: Necrozma|63\/100\n|\n|-weather|Sandstorm|[upkeep]\n|upkeep\n|turn|2\n|\n|t:|1698671883\n|switch|p1a: Ho-Oh|Ho-Oh|100\/100\n|detailschange|p2a: Necrozma|Necrozma-Ultra\n|-burst|p2a: Necrozma|Necrozma|Ultranecrozium Z\n|move|p2a: Necrozma|Earthquake|p1a: Ho-Oh\n|-immune|p1a: Ho-Oh\n|\n|-weather|Sandstorm|[upkeep]\n|-damage|p2a: Necrozma|57\/100|[from] Sandstorm\n|-damage|p1a: Ho-Oh|94\/100|[from] Sandstorm\n|upkeep\n|turn|3\n|\n|t:|1698671901\n|move|p2a: Necrozma|Stone Edge|p1a: Ho-Oh|[miss]\n|-miss|p2a: Necrozma|p1a: Ho-Oh\n|move|p1a: Ho-Oh|Sacred Fire|p2a: Necrozma\n|-resisted|p2a: Necrozma\n|-damage|p2a: Necrozma|34\/100\n|-status|p2a: Necrozma|brn\n|\n|-weather|Sandstorm|[upkeep]\n|-damage|p2a: Necrozma|28\/100 brn|[from] Sandstorm\n|-damage|p1a: Ho-Oh|88\/100|[from] Sandstorm\n|-damage|p2a: Necrozma|22\/100 brn|[from] brn\n|upkeep\n|turn|4\n|\n|t:|1698671912\n|switch|p1a: Dondozo|Dondozo, F|100\/100\n|move|p2a: Necrozma|Stone Edge|p1a: Dondozo|[miss]\n|-miss|p2a: Necrozma|p1a: Dondozo\n|\n|-weather|Sandstorm|[upkeep]\n|-damage|p2a: Necrozma|16\/100 brn|[from] Sandstorm\n|-damage|p1a: Dondozo|94\/100|[from] Sandstorm\n|-heal|p1a: Dondozo|100\/100|[from] item: Leftovers\n|-damage|p2a: Necrozma|10\/100 brn|[from] brn\n|upkeep\n|turn|5\n|\n|t:|1698671926\n|-zpower|p2a: Necrozma\n|move|p2a: Necrozma|Light That Burns the Sky|p1a: Dondozo|[zeffect]\n|-damage|p1a: Dondozo|58\/100\n|move|p1a: Dondozo|Avalanche|p2a: Necrozma\n|-supereffective|p2a: Necrozma\n|-damage|p2a: Necrozma|0 fnt\n|faint|p2a: Necrozma\n|\n|-weather|none\n|-heal|p1a: Dondozo|64\/100|[from] item: Leftovers\n|upkeep\n|\n|t:|1698671944\n|switch|p2a: Kyogre|Kyogre|100\/100\n|detailschange|p2a: Kyogre|Kyogre-Primal\n|-primal|p2a: Kyogre|Blue Orb\n|-weather|PrimordialSea|[from] ability: Primordial Sea|[of] p2a: Kyogre\n|turn|6\n|\n|t:|1698671964\n|switch|p1a: Chansey|Chansey, F|100\/100\n|move|p2a: Kyogre|Thunder|p1a: Chansey\n|-crit|p1a: Chansey\n|-damage|p1a: Chansey|82\/100\n|\n|-weather|PrimordialSea|[upkeep]\n|upkeep\n|turn|7\n|\n|t:|1698671973\n|-weather|none\n|switch|p2a: Lucario|Lucario, M|100\/100\n|move|p1a: Chansey|Seismic Toss|p2a: Lucario\n|-damage|p2a: Lucario|65\/100\n|\n|upkeep\n|turn|8\n|\n|t:|1698671987\n|switch|p1a: Ho-Oh|Ho-Oh|100\/100\n|detailschange|p2a: Lucario|Lucario-Mega, M\n|-mega|p2a: Lucario|Lucario|Lucarionite\n|move|p2a: Lucario|Swords Dance|p2a: Lucario\n|-boost|p2a: Lucario|atk|2\n|\n|upkeep\n|turn|9\n|\n|t:|1698671999\n|switch|p2a: Kyogre|Kyogre-Primal|100\/100\n|-weather|PrimordialSea|[from] ability: Primordial Sea|[of] p2a: Kyogre\n|move|p1a: Ho-Oh|Sacred Fire||[still]\n|-fail|p1a: Ho-Oh|Sacred Fire|[from] Primordial Sea\n|\n|-weather|PrimordialSea|[upkeep]\n|upkeep\n|turn|10\n|\n|t:|1698672007\n|switch|p1a: Chansey|Chansey, F|82\/100\n|move|p2a: Kyogre|Calm Mind|p2a: Kyogre\n|-boost|p2a: Kyogre|spa|1\n|-boost|p2a: Kyogre|spd|1\n|\n|-weather|PrimordialSea|[upkeep]\n|upkeep\n|turn|11\n|\n|t:|1698672016\n|move|p2a: Kyogre|Calm Mind|p2a: Kyogre\n|-boost|p2a: Kyogre|spa|1\n|-boost|p2a: Kyogre|spd|1\n|move|p1a: Chansey|Seismic Toss|p2a: Kyogre\n|-damage|p2a: Kyogre|71\/100\n|\n|-weather|PrimordialSea|[upkeep]\n|upkeep\n|turn|12\n|\n|t:|1698672025\n|move|p2a: Kyogre|Origin Pulse|p1a: Chansey\n|-damage|p1a: Chansey|20\/100\n|move|p1a: Chansey|Seismic Toss|p2a: Kyogre\n|-damage|p2a: Kyogre|42\/100\n|\n|-weather|PrimordialSea|[upkeep]\n|upkeep\n|turn|13\n|\n|t:|1698672034\n|switch|p1a: Dondozo|Dondozo, F|64\/100\n|move|p2a: Kyogre|Origin Pulse|p1a: Dondozo|[miss]\n|-miss|p2a: Kyogre|p1a: Dondozo\n|\n|-weather|PrimordialSea|[upkeep]\n|-heal|p1a: Dondozo|70\/100|[from] item: Leftovers\n|upkeep\n|turn|14\n|\n|t:|1698672042\n|move|p2a: Kyogre|Thunder|p1a: Dondozo\n|-supereffective|p1a: Dondozo\n|-damage|p1a: Dondozo|0 fnt\n|faint|p1a: Dondozo\n|\n|-weather|PrimordialSea|[upkeep]\n|upkeep\n|\n|t:|1698672049\n|switch|p1a: Giratina|Giratina, shiny|100\/100\n|-ability|p1a: Giratina|Pressure\n|turn|15\n|\n|t:|1698672063\n|move|p2a: Kyogre|Ice Beam|p1a: Giratina\n|-supereffective|p1a: Giratina\n|-damage|p1a: Giratina|7\/100\n|move|p1a: Giratina|Dragon Tail|p2a: Kyogre\n|-damage|p2a: Kyogre|21\/100\n|-weather|none\n|drag|p2a: Groudon|Groudon|100\/100\n|detailschange|p2a: Groudon|Groudon-Primal\n|-primal|p2a: Groudon|Red Orb\n|-weather|DesolateLand|[from] ability: Desolate Land|[of] p2a: Groudon\n|\n|-weather|DesolateLand|[upkeep]\n|-heal|p1a: Giratina|13\/100|[from] item: Leftovers\n|upkeep\n|turn|16\n|\n|t:|1698672095\n|switch|p1a: Ho-Oh|Ho-Oh|100\/100\n|move|p2a: Groudon|Toxic|p1a: Ho-Oh\n|-status|p1a: Ho-Oh|tox\n|\n|-weather|DesolateLand|[upkeep]\n|-damage|p1a: Ho-Oh|94\/100 tox|[from] psn\n|upkeep\n|turn|17\n|\n|t:|1698672103\n|move|p1a: Ho-Oh|Toxic|p2a: Groudon\n|-status|p2a: Groudon|tox\n|move|p2a: Groudon|Toxic|p1a: Ho-Oh\n|-fail|p1a: Ho-Oh|tox\n|\n|-weather|DesolateLand|[upkeep]\n|-damage|p2a: Groudon|94\/100 tox|[from] psn\n|-damage|p1a: Ho-Oh|82\/100 tox|[from] psn\n|upkeep\n|turn|18\n|\n|t:|1698672112\n|switch|p1a: Chansey|Chansey, F|20\/100\n|move|p2a: Groudon|Stone Edge|p1a: Chansey\n|-damage|p1a: Chansey|0 fnt\n|faint|p1a: Chansey\n|\n|-weather|DesolateLand|[upkeep]\n|-damage|p2a: Groudon|82\/100 tox|[from] psn\n|upkeep\n|\n|t:|1698672116\n|switch|p1a: Tyranitar|Tyranitar-Mega, M|100\/100\n|-ability|p1a: Tyranitar|Sand Stream|[from] desolateland|[fail]\n|turn|19\n|\n|t:|1698672125\n|move|p2a: Groudon|Toxic|p1a: Tyranitar\n|-status|p1a: Tyranitar|tox\n|move|p1a: Tyranitar|Stone Edge|p2a: Groudon\n|-damage|p2a: Groudon|54\/100 tox\n|\n|-weather|DesolateLand|[upkeep]\n|-damage|p2a: Groudon|35\/100 tox|[from] psn\n|-damage|p1a: Tyranitar|94\/100 tox|[from] psn\n|upkeep\n|turn|20\n|\n|t:|1698672188\n|move|p2a: Groudon|Stone Edge|p1a: Tyranitar\n|-damage|p1a: Tyranitar|72\/100 tox\n|move|p1a: Tyranitar|Stone Edge|p2a: Groudon|[miss]\n|-miss|p1a: Tyranitar|p2a: Groudon\n|\n|-weather|DesolateLand|[upkeep]\n|-damage|p2a: Groudon|10\/100 tox|[from] psn\n|-damage|p1a: Tyranitar|60\/100 tox|[from] psn\n|upkeep\n|turn|21\n|\n|t:|1698672198\n|move|p2a: Groudon|Precipice Blades|p1a: Tyranitar\n|-supereffective|p1a: Tyranitar\n|-damage|p1a: Tyranitar|0 fnt\n|faint|p1a: Tyranitar\n|\n|-weather|DesolateLand|[upkeep]\n|-damage|p2a: Groudon|0 fnt|[from] psn\n|faint|p2a: Groudon\n|-weather|none\n|upkeep\n|\n|t:|1698672225\n|switch|p2a: Kyogre|Kyogre-Primal|21\/100\n|switch|p1a: Mewtwo|Mewtwo, shiny|100\/100\n|-ability|p1a: Mewtwo|Pressure\n|-weather|PrimordialSea|[from] ability: Primordial Sea|[of] p2a: Kyogre\n|turn|22\n|\n|t:|1698672236\n|move|p1a: Mewtwo|Psystrike|p2a: Kyogre\n|-damage|p2a: Kyogre|0 fnt\n|faint|p2a: Kyogre\n|-weather|none\n|\n|upkeep\n|\n|t:|1698672241\n|switch|p2a: Ho-Oh|Ho-Oh|100\/100\n|turn|23\n|\n|t:|1698672284\n|move|p1a: Mewtwo|Psystrike|p2a: Ho-Oh\n|-damage|p2a: Ho-Oh|69\/100\n|move|p2a: Ho-Oh|Toxic|p1a: Mewtwo\n|-status|p1a: Mewtwo|tox\n|\n|-damage|p1a: Mewtwo|94\/100 tox|[from] psn\n|upkeep\n|turn|24\n|-message|JabobFrog2 forfeited.\n|\n|win|KirbyWithAKnife_1\n|raw|JabobFrog2's rating: 1277 &rarr; <strong>1252<\/strong><br \/>(-25 for losing)\n|raw|KirbyWithAKnife_1's rating: 1281 &rarr; <strong>1306<\/strong><br \/>(+25 for winning)\n|l|\u2606JabobFrog2\n","uploadtime":1698672531,"views":3,"p1id":"jabobfrog2","p2id":"kirbywithaknife1","formatid":"gen9nationaldexubers","rating":1252,"private":0,"password":""}