{"id":"gen9nationaldexubers-1980715982","p1":"hentengu","p2":"Trainitar2.2","format":"[Gen 9] National Dex Ubers","log":"|j|\u2606hentengu\n|j|\u2606Trainitar2.2\n|t:|1698818130\n|gametype|singles\n|player|p1|hentengu|acetrainer-gen4|1051\n|player|p2|Trainitar2.2|ninjaboy|1158\n|teamsize|p1|6\n|teamsize|p2|6\n|gen|9\n|tier|[Gen 9] National Dex Ubers\n|rated|\n|rule|HP Percentage Mod: HP is shown in percentages\n|rule|Endless Battle Clause: Forcing endless battles is banned\n|rule|OHKO Clause: OHKO moves are banned\n|rule|Evasion Moves Clause: Evasion moves are banned\n|rule|Evasion Items Clause: Evasion items are banned\n|rule|Species Clause: Limit one of each Pok\u00e9mon\n|rule|Sleep Clause Mod: Limit one foe put to sleep\n|rule|Mega Rayquaza Clause: You cannot mega evolve Rayquaza\n|clearpoke\n|poke|p1|Blastoise, F|\n|poke|p1|Gengar, M|\n|poke|p1|Victreebel, F|\n|poke|p1|Kangaskhan, F|\n|poke|p1|Ninetales, M|\n|poke|p1|Clefable, M|\n|poke|p2|Salamence, F|\n|poke|p2|Xerneas-*|\n|poke|p2|Yveltal|\n|poke|p2|Ho-Oh|\n|poke|p2|Marshadow|\n|poke|p2|Groudon|\n|teampreview\n|inactive|Battle timer is ON: inactive players will automatically lose when time's up. (requested by hentengu)\n|inactive|Trainitar2.2 also wants the timer to be on.\n|\n|t:|1698818136\n|start\n|switch|p1a: Kangaskhan|Kangaskhan, F|100\/100\n|switch|p2a: Groudon|Groudon|100\/100\n|detailschange|p2a: Groudon|Groudon-Primal\n|-primal|p2a: Groudon|Red Orb\n|-weather|DesolateLand|[from] ability: Desolate Land|[of] p2a: Groudon\n|turn|1\n|\n|t:|1698818142\n|move|p1a: Kangaskhan|Dizzy Punch|p2a: Groudon\n|-damage|p2a: Groudon|82\/100\n|-start|p2a: Groudon|confusion\n|-activate|p2a: Groudon|confusion\n|-damage|p2a: Groudon|74\/100|[from] confusion\n|\n|-weather|DesolateLand|[upkeep]\n|upkeep\n|turn|2\n|\n|t:|1698818148\n|-weather|none\n|switch|p2a: Marshadow|Marshadow|100\/100\n|move|p1a: Kangaskhan|Brick Break|p2a: Marshadow\n|-immune|p2a: Marshadow\n|\n|upkeep\n|turn|3\n|\n|t:|1698818154\n|move|p1a: Kangaskhan|Sucker Punch|p2a: Marshadow\n|-damage|p2a: Marshadow|75\/100\n|move|p2a: Marshadow|Force Palm|p1a: Kangaskhan\n|-supereffective|p1a: Kangaskhan\n|-damage|p1a: Kangaskhan|0 fnt\n|faint|p1a: Kangaskhan\n|\n|upkeep\n|\n|t:|1698818158\n|switch|p1a: Clefable|Clefable, M|100\/100\n|turn|4\n|\n|t:|1698818164\n|switch|p2a: Groudon|Groudon-Primal|74\/100\n|-weather|DesolateLand|[from] ability: Desolate Land|[of] p2a: Groudon\n|move|p1a: Clefable|Light Screen|p1a: Clefable\n|-sidestart|p1: hentengu|move: Light Screen\n|\n|-weather|DesolateLand|[upkeep]\n|upkeep\n|turn|5\n|\n|t:|1698818171\n|-weather|none\n|switch|p2a: Ho-Oh|Ho-Oh|100\/100\n|move|p1a: Clefable|Reflect|p1a: Clefable\n|-sidestart|p1: hentengu|Reflect\n|\n|upkeep\n|turn|6\n|\n|t:|1698818176\n|move|p2a: Ho-Oh|Defog|p1a: Clefable\n|-unboost|p1a: Clefable|evasion|1\n|-sideend|p1: hentengu|Reflect\n|-sideend|p1: hentengu|move: Light Screen\n|move|p1a: Clefable|Moonblast|p2a: Ho-Oh\n|-resisted|p2a: Ho-Oh\n|-damage|p2a: Ho-Oh|91\/100\n|-unboost|p2a: Ho-Oh|spa|1\n|\n|upkeep\n|turn|7\n|\n|t:|1698818182\n|move|p2a: Ho-Oh|Sacred Fire|p1a: Clefable\n|-damage|p1a: Clefable|49\/100\n|move|p1a: Clefable|Tri Attack|p2a: Ho-Oh\n|-damage|p2a: Ho-Oh|79\/100\n|\n|-heal|p1a: Clefable|55\/100|[from] item: Leftovers\n|upkeep\n|turn|8\n|\n|t:|1698818188\n|switch|p1a: Blastoise|Blastoise, F|100\/100\n|move|p2a: Ho-Oh|Sacred Fire|p1a: Blastoise\n|-resisted|p1a: Blastoise\n|-damage|p1a: Blastoise|79\/100\n|\n|upkeep\n|turn|9\n|\n|t:|1698818193\n|switch|p2a: Groudon|Groudon-Primal|74\/100\n|-weather|DesolateLand|[from] ability: Desolate Land|[of] p2a: Groudon\n|move|p1a: Blastoise|Hydro Pump||[still]\n|-fail|p1a: Blastoise|Hydro Pump|[from] Desolate Land\n|\n|-weather|DesolateLand|[upkeep]\n|upkeep\n|turn|10\n|\n|t:|1698818200\n|move|p2a: Groudon|Rock Polish|p2a: Groudon\n|-boost|p2a: Groudon|spe|2\n|move|p1a: Blastoise|Hydro Pump||[still]\n|-fail|p1a: Blastoise|Hydro Pump|[from] Desolate Land\n|\n|-weather|DesolateLand|[upkeep]\n|upkeep\n|turn|11\n|c|\u2606Trainitar2.2|bruh\n|\n|t:|1698818208\n|move|p1a: Blastoise|Fake Out||[still]\n|-hint|Fake Out only works on your first turn out.\n|-fail|p1a: Blastoise\n|move|p2a: Groudon|Solar Beam||[still]\n|-prepare|p2a: Groudon|Solar Beam\n|-anim|p2a: Groudon|Solar Beam|p1a: Blastoise\n|-supereffective|p1a: Blastoise\n|-crit|p1a: Blastoise\n|-damage|p1a: Blastoise|0 fnt\n|faint|p1a: Blastoise\n|\n|-weather|DesolateLand|[upkeep]\n|upkeep\n|c|\u2606Trainitar2.2|????\n|\n|t:|1698818214\n|switch|p1a: Gengar|Gengar, M|100\/100\n|turn|12\n|\n|t:|1698818219\n|move|p2a: Groudon|Earth Power|p1a: Gengar\n|-supereffective|p1a: Gengar\n|-damage|p1a: Gengar|0 fnt\n|-start|p2a: Groudon|Disable|Earth Power|[from] ability: Cursed Body|[of] p1a: Gengar\n|faint|p1a: Gengar\n|\n|-weather|DesolateLand|[upkeep]\n|upkeep\n|\n|t:|1698818223\n|switch|p1a: Victreebel|Victreebel, F|100\/100\n|turn|13\n|\n|t:|1698818226\n|move|p1a: Victreebel|Sucker Punch|p2a: Groudon\n|-damage|p2a: Groudon|60\/100\n|move|p2a: Groudon|Flamethrower|p1a: Victreebel\n|-supereffective|p1a: Victreebel\n|-damage|p1a: Victreebel|0 fnt\n|faint|p1a: Victreebel\n|\n|-weather|DesolateLand|[upkeep]\n|upkeep\n|\n|t:|1698818229\n|switch|p1a: Ninetales|Ninetales, M|100\/100\n|turn|14\n|\n|t:|1698818233\n|move|p2a: Groudon|Flamethrower|p1a: Ninetales\n|-start|p1a: Ninetales|ability: Flash Fire\n|move|p1a: Ninetales|Hyper Beam|p2a: Groudon\n|-damage|p2a: Groudon|21\/100\n|-mustrecharge|p1a: Ninetales\n|\n|-weather|DesolateLand|[upkeep]\n|upkeep\n|turn|15\n|\n|t:|1698818244\n|-weather|none\n|switch|p2a: Ho-Oh|Ho-Oh|100\/100\n|cant|p1a: Ninetales|recharge\n|\n|upkeep\n|turn|16\n|\n|t:|1698818248\n|move|p1a: Ninetales|Foul Play|p2a: Ho-Oh\n|-damage|p2a: Ho-Oh|74\/100\n|move|p2a: Ho-Oh|Whirlwind|p1a: Ninetales\n|-end|p1a: Ninetales|ability: Flash Fire|[silent]\n|drag|p1a: Clefable|Clefable, M|55\/100\n|\n|-heal|p1a: Clefable|61\/100|[from] item: Leftovers\n|upkeep\n|turn|17\n|\n|t:|1698818254\n|move|p2a: Ho-Oh|Sacred Fire|p1a: Clefable\n|-damage|p1a: Clefable|14\/100\n|move|p1a: Clefable|Tri Attack|p2a: Ho-Oh\n|-damage|p2a: Ho-Oh|64\/100\n|\n|-heal|p1a: Clefable|21\/100|[from] item: Leftovers\n|upkeep\n|turn|18\n|\n|t:|1698818260\n|move|p2a: Ho-Oh|Sacred Fire|p1a: Clefable\n|-damage|p1a: Clefable|0 fnt\n|faint|p1a: Clefable\n|\n|upkeep\n|\n|t:|1698818265\n|switch|p1a: Ninetales|Ninetales, M|100\/100\n|turn|19\n|\n|t:|1698818269\n|switch|p2a: Yveltal|Yveltal|100\/100\n|-ability|p2a: Yveltal|Dark Aura\n|move|p1a: Ninetales|Dark Pulse|p2a: Yveltal\n|-resisted|p2a: Yveltal\n|-damage|p2a: Yveltal|89\/100\n|\n|upkeep\n|turn|20\n|\n|t:|1698818273\n|move|p1a: Ninetales|Hyper Beam|p2a: Yveltal\n|-damage|p2a: Yveltal|60\/100\n|-mustrecharge|p1a: Ninetales\n|move|p2a: Yveltal|Knock Off|p1a: Ninetales\n|-damage|p1a: Ninetales|0 fnt\n|-enditem|p1a: Ninetales|Leftovers|[from] move: Knock Off|[of] p2a: Yveltal\n|faint|p1a: Ninetales\n|\n|win|Trainitar2.2\n|raw|hentengu's rating: 1051 &rarr; <strong>1039<\/strong><br \/>(-12 for losing)\n|raw|Trainitar2.2's rating: 1158 &rarr; <strong>1176<\/strong><br \/>(+18 for winning)\n|l|\u2606hentengu\n","uploadtime":1698818278,"views":8,"p1id":"hentengu","p2id":"trainitar22","formatid":"gen9nationaldexubers","rating":1039,"private":0,"password":""}