{"id":"gen9nationaldexubers-1994983726","p1":"IncandescentCandle","p2":"Jack0lantern89","format":"[Gen 9] National Dex Ubers","log":"|j|\u2606IncandescentCandle\n|j|\u2606Jack0lantern89\n|t:|1700510446\n|gametype|singles\n|player|p1|IncandescentCandle|iono|\n|player|p2|Jack0lantern89|marshal|\n|teamsize|p1|6\n|teamsize|p2|6\n|gen|9\n|tier|[Gen 9] National Dex Ubers\n|rule|HP Percentage Mod: HP is shown in percentages\n|rule|Endless Battle Clause: Forcing endless battles is banned\n|rule|OHKO Clause: OHKO moves are banned\n|rule|Evasion Moves Clause: Evasion moves are banned\n|rule|Evasion Items Clause: Evasion items are banned\n|rule|Species Clause: Limit one of each Pok\u00e9mon\n|rule|Sleep Clause Mod: Limit one foe put to sleep\n|rule|Mega Rayquaza Clause: You cannot mega evolve Rayquaza\n|clearpoke\n|poke|p1|Tapu Bulu|\n|poke|p1|Blissey, F|\n|poke|p1|Corviknight, M|\n|poke|p1|Weavile, M|\n|poke|p1|Latias, F|\n|poke|p1|Skeledirge, F|\n|poke|p2|Marshadow|\n|poke|p2|Zamazenta-*|\n|poke|p2|Iron Valiant|\n|poke|p2|Iron Hands|\n|poke|p2|Great Tusk|\n|poke|p2|Gallade, M|\n|teampreview\n|c|\u2606IncandescentCandle|dragon corv\n|c|\u2606Jack0lantern89|glhf\n|c|\u2606Jack0lantern89|oh\n|c|\u2606IncandescentCandle|glhf\n|c|\u2606Jack0lantern89|i get 6-0d\n|c|\u2606Jack0lantern89|lmao\n|c|\u2606IncandescentCandle|dawg\n|c|\u2606IncandescentCandle|no you do not\n|c|\u2606Jack0lantern89|(why tf does everyone run that stupid clown thing ahhhhhhhhhhhhhhhhhhhhhhh)\n|\n|t:|1700510488\n|start\n|switch|p1a: Group Rascal|Weavile, M|100\/100\n|switch|p2a: SPECS B*TCH|Iron Valiant|100\/100\n|turn|1\n|c|\u2606IncandescentCandle|funeral march in d\n|\n|t:|1700510537\n|-end|p2a: SPECS B*TCH|Quark Drive|[silent]\n|switch|p2a: The best boi|Zamazenta-Crowned|100\/100\n|-ability|p2a: The best boi|Dauntless Shield|boost\n|-boost|p2a: The best boi|def|1\n|move|p1a: Group Rascal|Triple Axel|p2a: The best boi|[miss]\n|-miss|p1a: Group Rascal|p2a: The best boi\n|\n|upkeep\n|turn|2\n|\n|t:|1700510549\n|switch|p2a: SPECS B*TCH|Iron Valiant|100\/100\n|switch|p1a: Funeral March In D|Skeledirge, F|100\/100\n|\n|upkeep\n|turn|3\n|c|\u2606IncandescentCandle|A\n|\n|t:|1700510557\n|switch|p1a: Shield Of Mind|Blissey, F|100\/100\n|move|p2a: SPECS B*TCH|Shadow Ball|p1a: Shield Of Mind\n|-immune|p1a: Shield Of Mind\n|\n|upkeep\n|turn|4\n|\n|t:|1700510573\n|-end|p2a: SPECS B*TCH|Quark Drive|[silent]\n|switch|p2a: The best boi|Zamazenta-Crowned|100\/100\n|move|p1a: Shield Of Mind|Teleport|p1a: Shield Of Mind\n|\n|t:|1700510576\n|switch|p1a: Funeral March In D|Skeledirge, F|100\/100|[from] Teleport\n|\n|upkeep\n|turn|5\n|\n|t:|1700510583\n|switch|p2a: Brian Hands|Iron Hands|100\/100\n|move|p1a: Funeral March In D|Torch Song|p2a: Brian Hands\n|-damage|p2a: Brian Hands|87\/100\n|-boost|p1a: Funeral March In D|spa|1\n|\n|upkeep\n|turn|6\n|\n|t:|1700510586\n|move|p1a: Funeral March In D|Will-O-Wisp|p2a: Brian Hands\n|-status|p2a: Brian Hands|brn\n|move|p2a: Brian Hands|Wild Charge|p1a: Funeral March In D\n|-damage|p1a: Funeral March In D|89\/100\n|-damage|p2a: Brian Hands|85\/100 brn|[from] Recoil\n|\n|-heal|p1a: Funeral March In D|95\/100|[from] item: Leftovers\n|-damage|p2a: Brian Hands|79\/100 brn|[from] brn\n|upkeep\n|turn|7\n|\n|t:|1700510612\n|switch|p1a: Eon Guardian|Latias, F|100\/100\n|-end|p2a: Brian Hands|Quark Drive|[silent]\n|switch|p2a: Rifk's favourite|Gallade, M|100\/100\n|\n|upkeep\n|turn|8\n|\n|t:|1700510626\n|switch|p1a: Shield Of Body|Corviknight, M|100\/100\n|-ability|p1a: Shield Of Body|Pressure\n|detailschange|p2a: Rifk's favourite|Gallade-Mega, M\n|-mega|p2a: Rifk's favourite|Gallade|Galladite\n|move|p2a: Rifk's favourite|Knock Off|p1a: Shield Of Body\n|-damage|p1a: Shield Of Body|76\/100\n|-enditem|p1a: Shield Of Body|Leftovers|[from] move: Knock Off|[of] p2a: Rifk's favourite\n|\n|upkeep\n|turn|9\n|\n|t:|1700510648\n|switch|p2a: >lando|Great Tusk|100\/100\n|move|p1a: Shield Of Body|Roost|p1a: Shield Of Body\n|-heal|p1a: Shield Of Body|100\/100\n|-singleturn|p1a: Shield Of Body|move: Roost\n|\n|upkeep\n|turn|10\n|c|\u2606Jack0lantern89|fuck this\n|c|\u2606Jack0lantern89|this is actully bullshit\n|c|\u2606Jack0lantern89|not u\n|c|\u2606IncandescentCandle|marshadow 6-0s me if you position better\n|\n|t:|1700510690\n|switch|p1a: Eon Guardian|Latias, F|100\/100\n|move|p2a: >lando|Stealth Rock|p1a: Eon Guardian\n|-sidestart|p1: IncandescentCandle|move: Stealth Rock\n|\n|upkeep\n|turn|11\n|c|\u2606IncandescentCandle|(than i do, not to say you're playing bad rn)\n|\n|t:|1700510698\n|detailschange|p1a: Eon Guardian|Latias-Mega, F\n|-mega|p1a: Eon Guardian|Latias|Latiasite\n|move|p1a: Eon Guardian|Mystical Fire|p2a: >lando\n|-damage|p2a: >lando|72\/100\n|-unboost|p2a: >lando|spa|1\n|move|p2a: >lando|Knock Off|p1a: Eon Guardian\n|-supereffective|p1a: Eon Guardian\n|-damage|p1a: Eon Guardian|70\/100\n|\n|-heal|p2a: >lando|78\/100|[from] item: Leftovers\n|upkeep\n|turn|12\n|c|\u2606Jack0lantern89|no i am playing bad rn\n|c|\u2606Jack0lantern89|because my wifi is being a bitch rn\n|\n|t:|1700510715\n|-end|p2a: >lando|Protosynthesis|[silent]\n|switch|p2a: Rifk's favourite|Gallade-Mega, M|100\/100\n|move|p1a: Eon Guardian|Psychic|p2a: Rifk's favourite\n|-damage|p2a: Rifk's favourite|56\/100\n|\n|upkeep\n|turn|13\n|\n|t:|1700510744\n|switch|p1a: Shield Of Body|Corviknight, M|100\/100\n|-damage|p1a: Shield Of Body|88\/100|[from] Stealth Rock\n|-ability|p1a: Shield Of Body|Pressure\n|move|p2a: Rifk's favourite|Triple Axel|p1a: Shield Of Body\n|-damage|p1a: Shield Of Body|83\/100\n|-damage|p1a: Shield Of Body|73\/100\n|-damage|p1a: Shield Of Body|58\/100\n|-hitcount|p1a: Shield Of Body|3\n|\n|upkeep\n|turn|14\n|\n|t:|1700510750\n|move|p2a: Rifk's favourite|Close Combat|p1a: Shield Of Body\n|-damage|p1a: Shield Of Body|13\/100\n|-unboost|p2a: Rifk's favourite|def|1\n|-unboost|p2a: Rifk's favourite|spd|1\n|move|p1a: Shield Of Body|Roost|p1a: Shield Of Body\n|-heal|p1a: Shield Of Body|63\/100\n|-singleturn|p1a: Shield Of Body|move: Roost\n|\n|upkeep\n|turn|15\n|\n|t:|1700510754\n|move|p2a: Rifk's favourite|Close Combat|p1a: Shield Of Body\n|-damage|p1a: Shield Of Body|16\/100\n|-unboost|p2a: Rifk's favourite|def|1\n|-unboost|p2a: Rifk's favourite|spd|1\n|move|p1a: Shield Of Body|Brave Bird|p2a: Rifk's favourite\n|-supereffective|p2a: Rifk's favourite\n|-damage|p2a: Rifk's favourite|0 fnt\n|faint|p2a: Rifk's favourite\n|-damage|p1a: Shield Of Body|4\/100|[from] Recoil\n|\n|upkeep\n|\n|t:|1700510760\n|switch|p2a: Marshmellow|Marshadow|100\/100\n|turn|16\n|\n|t:|1700510772\n|move|p2a: Marshmellow|Spectral Thief|p1a: Shield Of Body\n|-damage|p1a: Shield Of Body|0 fnt\n|faint|p1a: Shield Of Body\n|-damage|p2a: Marshmellow|91\/100|[from] item: Life Orb\n|\n|upkeep\n|\n|t:|1700510774\n|switch|p1a: Fight The Swarm|Tapu Bulu|100\/100\n|-damage|p1a: Fight The Swarm|88\/100|[from] Stealth Rock\n|-fieldstart|move: Grassy Terrain|[from] ability: Grassy Surge|[of] p1a: Fight The Swarm\n|turn|17\n|\n|t:|1700510779\n|switch|p2a: The best boi|Zamazenta-Crowned|100\/100\n|move|p1a: Fight The Swarm|Dazzling Gleam|p2a: The best boi\n|-damage|p2a: The best boi|84\/100\n|\n|-heal|p2a: The best boi|90\/100|[from] Grassy Terrain\n|-heal|p1a: Fight The Swarm|94\/100|[from] Grassy Terrain\n|-heal|p1a: Fight The Swarm|99\/100|[from] item: Leftovers\n|upkeep\n|turn|18\n|\n|t:|1700510785\n|switch|p1a: Funeral March In D|Skeledirge, F|95\/100\n|-damage|p1a: Funeral March In D|70\/100|[from] Stealth Rock\n|move|p2a: The best boi|Behemoth Bash|p1a: Funeral March In D\n|-resisted|p1a: Funeral March In D\n|-damage|p1a: Funeral March In D|58\/100\n|\n|-heal|p2a: The best boi|96\/100|[from] Grassy Terrain\n|-heal|p1a: Funeral March In D|64\/100|[from] Grassy Terrain\n|-heal|p1a: Funeral March In D|70\/100|[from] item: Leftovers\n|upkeep\n|turn|19\n|\n|t:|1700510791\n|switch|p2a: SPECS B*TCH|Iron Valiant|100\/100\n|move|p1a: Funeral March In D|Will-O-Wisp|p2a: SPECS B*TCH\n|-status|p2a: SPECS B*TCH|brn\n|\n|-heal|p1a: Funeral March In D|76\/100|[from] Grassy Terrain\n|-heal|p1a: Funeral March In D|82\/100|[from] item: Leftovers\n|-damage|p2a: SPECS B*TCH|94\/100 brn|[from] brn\n|upkeep\n|turn|20\n|\n|t:|1700510796\n|switch|p1a: Shield Of Mind|Blissey, F|100\/100\n|-damage|p1a: Shield Of Mind|88\/100|[from] Stealth Rock\n|move|p2a: SPECS B*TCH|Aura Sphere|p1a: Shield Of Mind\n|-supereffective|p1a: Shield Of Mind\n|-enditem|p1a: Shield Of Mind|Chople Berry|[eat]\n|-enditem|p1a: Shield Of Mind|Chople Berry|[weaken]\n|-damage|p1a: Shield Of Mind|72\/100\n|\n|-heal|p2a: SPECS B*TCH|100\/100 brn|[from] Grassy Terrain\n|-heal|p1a: Shield Of Mind|78\/100|[from] Grassy Terrain\n|-damage|p2a: SPECS B*TCH|94\/100 brn|[from] brn\n|upkeep\n|turn|21\n|\n|t:|1700510824\n|-end|p2a: SPECS B*TCH|Quark Drive|[silent]\n|switch|p2a: Brian Hands|Iron Hands|79\/100 brn\n|move|p1a: Shield Of Mind|Teleport|p1a: Shield Of Mind\n|\n|t:|1700510831\n|switch|p1a: Fight The Swarm|Tapu Bulu|99\/100|[from] Teleport\n|-damage|p1a: Fight The Swarm|88\/100|[from] Stealth Rock\n|\n|-heal|p1a: Fight The Swarm|94\/100|[from] Grassy Terrain\n|-heal|p1a: Fight The Swarm|99\/100|[from] item: Leftovers\n|-heal|p2a: Brian Hands|85\/100 brn|[from] Grassy Terrain\n|-damage|p2a: Brian Hands|79\/100 brn|[from] brn\n|-fieldend|move: Grassy Terrain\n|upkeep\n|turn|22\n|\n|t:|1700510863\n|switch|p1a: Funeral March In D|Skeledirge, F|82\/100\n|-damage|p1a: Funeral March In D|57\/100|[from] Stealth Rock\n|move|p2a: Brian Hands|Heavy Slam|p1a: Funeral March In D\n|-resisted|p1a: Funeral March In D\n|-damage|p1a: Funeral March In D|56\/100\n|\n|-heal|p1a: Funeral March In D|62\/100|[from] item: Leftovers\n|-damage|p2a: Brian Hands|72\/100 brn|[from] brn\n|upkeep\n|turn|23\n|\n|t:|1700510875\n|move|p1a: Funeral March In D|Torch Song|p2a: Brian Hands\n|-crit|p2a: Brian Hands\n|-damage|p2a: Brian Hands|53\/100 brn\n|-boost|p1a: Funeral March In D|spa|1\n|move|p2a: Brian Hands|Wild Charge|p1a: Funeral March In D\n|-damage|p1a: Funeral March In D|49\/100\n|-damage|p2a: Brian Hands|50\/100 brn|[from] Recoil\n|\n|-heal|p1a: Funeral March In D|55\/100|[from] item: Leftovers\n|-damage|p2a: Brian Hands|44\/100 brn|[from] brn\n|upkeep\n|turn|24\n|\n|t:|1700510886\n|move|p1a: Funeral March In D|Slack Off|p1a: Funeral March In D\n|-heal|p1a: Funeral March In D|100\/100\n|move|p2a: Brian Hands|Wild Charge|p1a: Funeral March In D\n|-damage|p1a: Funeral March In D|87\/100\n|-damage|p2a: Brian Hands|41\/100 brn|[from] Recoil\n|\n|-heal|p1a: Funeral March In D|93\/100|[from] item: Leftovers\n|-damage|p2a: Brian Hands|35\/100 brn|[from] brn\n|upkeep\n|turn|25\n|c|\u2606Jack0lantern89|im going to fucking\n|c|\u2606Jack0lantern89|ahudsadhiiajduisam\n|\n|t:|1700510918\n|move|p1a: Funeral March In D|Torch Song|p2a: Brian Hands\n|-damage|p2a: Brian Hands|17\/100 brn\n|-boost|p1a: Funeral March In D|spa|1\n|move|p2a: Brian Hands|Wild Charge|p1a: Funeral March In D\n|-crit|p1a: Funeral March In D\n|-damage|p1a: Funeral March In D|73\/100\n|-damage|p2a: Brian Hands|13\/100 brn|[from] Recoil\n|\n|-heal|p1a: Funeral March In D|79\/100|[from] item: Leftovers\n|-damage|p2a: Brian Hands|7\/100 brn|[from] brn\n|upkeep\n|turn|26\n|\n|t:|1700510951\n|-end|p2a: Brian Hands|Quark Drive|[silent]\n|switch|p2a: SPECS B*TCH|Iron Valiant|94\/100 brn\n|move|p1a: Funeral March In D|Slack Off|p1a: Funeral March In D\n|-heal|p1a: Funeral March In D|100\/100\n|\n|-damage|p2a: SPECS B*TCH|88\/100 brn|[from] brn\n|upkeep\n|turn|27\n|\n|t:|1700510958\n|switch|p1a: Shield Of Mind|Blissey, F|78\/100\n|-damage|p1a: Shield Of Mind|65\/100|[from] Stealth Rock\n|move|p2a: SPECS B*TCH|Shadow Ball|p1a: Shield Of Mind\n|-immune|p1a: Shield Of Mind\n|\n|-damage|p2a: SPECS B*TCH|82\/100 brn|[from] brn\n|upkeep\n|turn|28\n|\n|t:|1700510977\n|-end|p2a: SPECS B*TCH|Quark Drive|[silent]\n|switch|p2a: Brian Hands|Iron Hands|7\/100 brn\n|move|p1a: Shield Of Mind|Teleport|p1a: Shield Of Mind\n|\n|t:|1700510984\n|switch|p1a: Group Rascal|Weavile, M|100\/100|[from] Teleport\n|-damage|p1a: Group Rascal|75\/100|[from] Stealth Rock\n|\n|-damage|p2a: Brian Hands|0 fnt|[from] brn\n|faint|p2a: Brian Hands\n|-end|p2a: Brian Hands|Quark Drive|[silent]\n|upkeep\n|\n|t:|1700511000\n|switch|p2a: The best boi|Zamazenta-Crowned|96\/100\n|turn|29\n|\n|t:|1700511006\n|move|p2a: The best boi|Body Press|p1a: Group Rascal\n|-supereffective|p1a: Group Rascal\n|-damage|p1a: Group Rascal|0 fnt\n|faint|p1a: Group Rascal\n|\n|upkeep\n|\n|t:|1700511010\n|switch|p1a: Funeral March In D|Skeledirge, F|100\/100\n|-damage|p1a: Funeral March In D|75\/100|[from] Stealth Rock\n|turn|30\n|\n|t:|1700511016\n|switch|p2a: >lando|Great Tusk|78\/100\n|move|p1a: Funeral March In D|Torch Song|p2a: >lando\n|-damage|p2a: >lando|37\/100\n|-boost|p1a: Funeral March In D|spa|1\n|\n|-heal|p2a: >lando|43\/100|[from] item: Leftovers\n|-heal|p1a: Funeral March In D|82\/100|[from] item: Leftovers\n|upkeep\n|turn|31\n|\n|t:|1700511019\n|switch|p1a: Eon Guardian|Latias-Mega, F|70\/100\n|-damage|p1a: Eon Guardian|57\/100|[from] Stealth Rock\n|move|p2a: >lando|Earthquake|p1a: Eon Guardian\n|-immune|p1a: Eon Guardian|[from] ability: Levitate\n|\n|-heal|p2a: >lando|49\/100|[from] item: Leftovers\n|upkeep\n|turn|32\n|\n|t:|1700511025\n|-end|p2a: >lando|Protosynthesis|[silent]\n|switch|p2a: The best boi|Zamazenta-Crowned|96\/100\n|move|p1a: Eon Guardian|Roost|p1a: Eon Guardian\n|-heal|p1a: Eon Guardian|100\/100\n|-singleturn|p1a: Eon Guardian|move: Roost\n|\n|upkeep\n|turn|33\n|\n|t:|1700511030\n|switch|p1a: Funeral March In D|Skeledirge, F|82\/100\n|-damage|p1a: Funeral March In D|57\/100|[from] Stealth Rock\n|move|p2a: The best boi|Behemoth Bash|p1a: Funeral March In D\n|-resisted|p1a: Funeral March In D\n|-damage|p1a: Funeral March In D|44\/100\n|\n|-heal|p1a: Funeral March In D|50\/100|[from] item: Leftovers\n|upkeep\n|turn|34\n|\n|t:|1700511035\n|switch|p2a: >lando|Great Tusk|49\/100\n|move|p1a: Funeral March In D|Will-O-Wisp|p2a: >lando\n|-status|p2a: >lando|brn\n|\n|-heal|p2a: >lando|56\/100 brn|[from] item: Leftovers\n|-heal|p1a: Funeral March In D|56\/100|[from] item: Leftovers\n|-damage|p2a: >lando|49\/100 brn|[from] brn\n|upkeep\n|turn|35\n|\n|t:|1700511049\n|move|p2a: >lando|Earthquake|p1a: Funeral March In D\n|-supereffective|p1a: Funeral March In D\n|-damage|p1a: Funeral March In D|28\/100\n|move|p1a: Funeral March In D|Slack Off|p1a: Funeral March In D\n|-heal|p1a: Funeral March In D|78\/100\n|\n|-heal|p2a: >lando|56\/100 brn|[from] item: Leftovers\n|-heal|p1a: Funeral March In D|84\/100|[from] item: Leftovers\n|-damage|p2a: >lando|49\/100 brn|[from] brn\n|upkeep\n|turn|36\n|\n|t:|1700511052\n|switch|p1a: Eon Guardian|Latias-Mega, F|100\/100\n|-damage|p1a: Eon Guardian|88\/100|[from] Stealth Rock\n|move|p2a: >lando|Earthquake|p1a: Eon Guardian\n|-immune|p1a: Eon Guardian|[from] ability: Levitate\n|\n|-heal|p2a: >lando|56\/100 brn|[from] item: Leftovers\n|-damage|p2a: >lando|49\/100 brn|[from] brn\n|upkeep\n|turn|37\n|\n|t:|1700511057\n|move|p1a: Eon Guardian|Mystical Fire|p2a: >lando\n|-damage|p2a: >lando|19\/100 brn\n|-unboost|p2a: >lando|spa|1\n|move|p2a: >lando|Knock Off|p1a: Eon Guardian\n|-supereffective|p1a: Eon Guardian\n|-crit|p1a: Eon Guardian\n|-damage|p1a: Eon Guardian|63\/100\n|\n|-heal|p2a: >lando|25\/100 brn|[from] item: Leftovers\n|-damage|p2a: >lando|19\/100 brn|[from] brn\n|upkeep\n|turn|38\n|\n|t:|1700511074\n|move|p1a: Eon Guardian|Psychic|p2a: >lando\n|-supereffective|p2a: >lando\n|-damage|p2a: >lando|0 fnt\n|faint|p2a: >lando\n|-end|p2a: >lando|Protosynthesis|[silent]\n|\n|upkeep\n|\n|t:|1700511085\n|switch|p2a: Marshmellow|Marshadow|91\/100\n|turn|39\n|\n|t:|1700511088\n|switch|p1a: Fight The Swarm|Tapu Bulu|99\/100\n|-damage|p1a: Fight The Swarm|87\/100|[from] Stealth Rock\n|-fieldstart|move: Grassy Terrain|[from] ability: Grassy Surge|[of] p1a: Fight The Swarm\n|move|p2a: Marshmellow|Spectral Thief|p1a: Fight The Swarm\n|-damage|p1a: Fight The Swarm|47\/100\n|-damage|p2a: Marshmellow|81\/100|[from] item: Life Orb\n|\n|-heal|p2a: Marshmellow|87\/100|[from] Grassy Terrain\n|-heal|p1a: Fight The Swarm|53\/100|[from] Grassy Terrain\n|-heal|p1a: Fight The Swarm|60\/100|[from] item: Leftovers\n|upkeep\n|turn|40\n|\n|t:|1700511098\n|switch|p2a: The best boi|Zamazenta-Crowned|96\/100\n|move|p1a: Fight The Swarm|Synthesis|p1a: Fight The Swarm\n|-heal|p1a: Fight The Swarm|100\/100\n|\n|-heal|p2a: The best boi|100\/100|[from] Grassy Terrain\n|upkeep\n|turn|41\n|\n|t:|1700511102\n|switch|p2a: SPECS B*TCH|Iron Valiant|82\/100 brn\n|switch|p1a: Funeral March In D|Skeledirge, F|84\/100\n|-damage|p1a: Funeral March In D|59\/100|[from] Stealth Rock\n|\n|-heal|p2a: SPECS B*TCH|88\/100 brn|[from] Grassy Terrain\n|-heal|p1a: Funeral March In D|66\/100|[from] Grassy Terrain\n|-heal|p1a: Funeral March In D|72\/100|[from] item: Leftovers\n|-damage|p2a: SPECS B*TCH|82\/100 brn|[from] brn\n|upkeep\n|turn|42\n|c|\u2606IncandescentCandle|go away\n|\n|t:|1700511123\n|switch|p1a: Shield Of Mind|Blissey, F|65\/100\n|-damage|p1a: Shield Of Mind|53\/100|[from] Stealth Rock\n|move|p2a: SPECS B*TCH|Shadow Ball|p1a: Shield Of Mind\n|-immune|p1a: Shield Of Mind\n|\n|-heal|p2a: SPECS B*TCH|88\/100 brn|[from] Grassy Terrain\n|-heal|p1a: Shield Of Mind|59\/100|[from] Grassy Terrain\n|-damage|p2a: SPECS B*TCH|82\/100 brn|[from] brn\n|upkeep\n|turn|43\n|\n|t:|1700511130\n|-end|p2a: SPECS B*TCH|Quark Drive|[silent]\n|switch|p2a: Marshmellow|Marshadow|87\/100\n|move|p1a: Shield Of Mind|Teleport|p1a: Shield Of Mind\n|\n|t:|1700511134\n|switch|p1a: Fight The Swarm|Tapu Bulu|100\/100|[from] Teleport\n|-damage|p1a: Fight The Swarm|88\/100|[from] Stealth Rock\n|\n|-heal|p2a: Marshmellow|93\/100|[from] Grassy Terrain\n|-heal|p1a: Fight The Swarm|94\/100|[from] Grassy Terrain\n|-heal|p1a: Fight The Swarm|99\/100|[from] item: Leftovers\n|-fieldend|move: Grassy Terrain\n|upkeep\n|turn|44\n|\n|t:|1700511139\n|switch|p2a: The best boi|Zamazenta-Crowned|100\/100\n|move|p1a: Fight The Swarm|Horn Leech|p2a: The best boi\n|-resisted|p2a: The best boi\n|-damage|p2a: The best boi|90\/100\n|-heal|p1a: Fight The Swarm|100\/100|[from] drain|[of] p2a: The best boi\n|\n|upkeep\n|turn|45\n|c|\u2606Jack0lantern89|if i had the right tera types\n|c|\u2606Jack0lantern89|u would be so done\n|\n|t:|1700511153\n|switch|p1a: Funeral March In D|Skeledirge, F|72\/100\n|-damage|p1a: Funeral March In D|47\/100|[from] Stealth Rock\n|move|p2a: The best boi|Behemoth Bash|p1a: Funeral March In D\n|-resisted|p1a: Funeral March In D\n|-damage|p1a: Funeral March In D|34\/100\n|\n|-heal|p1a: Funeral March In D|40\/100|[from] item: Leftovers\n|upkeep\n|turn|46\n|c|\u2606IncandescentCandle|can confirm\n|c|\u2606IncandescentCandle|if you were tghost on marsh you 6-0ed me by now\n|\n|t:|1700511174\n|switch|p2a: SPECS B*TCH|Iron Valiant|82\/100 brn\n|move|p1a: Funeral March In D|Slack Off|p1a: Funeral March In D\n|-heal|p1a: Funeral March In D|90\/100\n|\n|-heal|p1a: Funeral March In D|96\/100|[from] item: Leftovers\n|-damage|p2a: SPECS B*TCH|76\/100 brn|[from] brn\n|upkeep\n|turn|47\n|\n|t:|1700511201\n|switch|p1a: Shield Of Mind|Blissey, F|59\/100\n|-damage|p1a: Shield Of Mind|47\/100|[from] Stealth Rock\n|move|p2a: SPECS B*TCH|Shadow Ball|p1a: Shield Of Mind\n|-immune|p1a: Shield Of Mind\n|\n|-damage|p2a: SPECS B*TCH|69\/100 brn|[from] brn\n|upkeep\n|turn|48\n|\n|t:|1700511212\n|move|p2a: SPECS B*TCH|Shadow Ball|p1a: Shield Of Mind\n|-immune|p1a: Shield Of Mind\n|move|p1a: Shield Of Mind|Soft-Boiled|p1a: Shield Of Mind\n|-heal|p1a: Shield Of Mind|97\/100\n|\n|-damage|p2a: SPECS B*TCH|63\/100 brn|[from] brn\n|upkeep\n|turn|49\n|\n|t:|1700511271\n|move|p2a: SPECS B*TCH|Shadow Ball|p1a: Shield Of Mind\n|-immune|p1a: Shield Of Mind\n|move|p1a: Shield Of Mind|Thunder Wave||[still]\n|-fail|p1a: Shield Of Mind\n|\n|-damage|p2a: SPECS B*TCH|57\/100 brn|[from] brn\n|upkeep\n|turn|50\n|\n|t:|1700511276\n|move|p2a: SPECS B*TCH|Shadow Ball|p1a: Shield Of Mind\n|-immune|p1a: Shield Of Mind\n|move|p1a: Shield Of Mind|Seismic Toss|p2a: SPECS B*TCH\n|-damage|p2a: SPECS B*TCH|22\/100 brn\n|\n|-damage|p2a: SPECS B*TCH|16\/100 brn|[from] brn\n|upkeep\n|turn|51\n|\n|t:|1700511281\n|-end|p2a: SPECS B*TCH|Quark Drive|[silent]\n|switch|p2a: The best boi|Zamazenta-Crowned|90\/100\n|move|p1a: Shield Of Mind|Thunder Wave|p2a: The best boi\n|-status|p2a: The best boi|par\n|\n|upkeep\n|turn|52\n|c|\u2606Jack0lantern89|for fucks sake\n|c|\u2606Jack0lantern89|im dumb with this game\n|c|\u2606Jack0lantern89|why is my wifi so shit\\\n|\n|t:|1700511306\n|switch|p1a: Funeral March In D|Skeledirge, F|96\/100\n|-damage|p1a: Funeral March In D|71\/100|[from] Stealth Rock\n|move|p2a: The best boi|Body Press|p1a: Funeral March In D\n|-immune|p1a: Funeral March In D\n|\n|-heal|p1a: Funeral March In D|77\/100|[from] item: Leftovers\n|upkeep\n|turn|53\n|\n|t:|1700511316\n|move|p2a: The best boi|Behemoth Bash|p1a: Funeral March In D\n|-resisted|p1a: Funeral March In D\n|-damage|p1a: Funeral March In D|64\/100\n|move|p1a: Funeral March In D|Torch Song|p2a: The best boi\n|-supereffective|p2a: The best boi\n|-damage|p2a: The best boi|50\/100 par\n|-boost|p1a: Funeral March In D|spa|1\n|\n|-heal|p1a: Funeral March In D|70\/100|[from] item: Leftovers\n|upkeep\n|turn|54\n|\n|t:|1700511325\n|move|p2a: The best boi|Behemoth Bash|p1a: Funeral March In D\n|-resisted|p1a: Funeral March In D\n|-damage|p1a: Funeral March In D|59\/100\n|move|p1a: Funeral March In D|Torch Song|p2a: The best boi\n|-supereffective|p2a: The best boi\n|-damage|p2a: The best boi|0 fnt\n|-boost|p1a: Funeral March In D|spa|1\n|faint|p2a: The best boi\n|\n|-heal|p1a: Funeral March In D|65\/100|[from] item: Leftovers\n|upkeep\n|\n|t:|1700511328\n|switch|p2a: Marshmellow|Marshadow|93\/100\n|turn|55\n|\n|t:|1700511332\n|move|p2a: Marshmellow|Spectral Thief||[still]\n|-clearpositiveboost|p1a: Funeral March In D|p2a: Marshmellow|move: Spectral Thief\n|-boost|p2a: Marshmellow|spa|2\n|-anim|p2a: Marshmellow|Spectral Thief|p1a: Funeral March In D\n|-supereffective|p1a: Funeral March In D\n|-crit|p1a: Funeral March In D\n|-damage|p1a: Funeral March In D|0 fnt\n|faint|p1a: Funeral March In D\n|-damage|p2a: Marshmellow|83\/100|[from] item: Life Orb\n|\n|upkeep\n|\n|t:|1700511336\n|switch|p1a: Fight The Swarm|Tapu Bulu|100\/100\n|-damage|p1a: Fight The Swarm|88\/100|[from] Stealth Rock\n|-fieldstart|move: Grassy Terrain|[from] ability: Grassy Surge|[of] p1a: Fight The Swarm\n|turn|56\n|\n|t:|1700511348\n|move|p2a: Marshmellow|Spectral Thief|p1a: Fight The Swarm\n|-damage|p1a: Fight The Swarm|50\/100\n|-damage|p2a: Marshmellow|73\/100|[from] item: Life Orb\n|move|p1a: Fight The Swarm|Horn Leech|p2a: Marshmellow\n|-damage|p2a: Marshmellow|16\/100\n|-heal|p1a: Fight The Swarm|77\/100|[from] drain|[of] p2a: Marshmellow\n|\n|-heal|p2a: Marshmellow|22\/100|[from] Grassy Terrain\n|-heal|p1a: Fight The Swarm|83\/100|[from] Grassy Terrain\n|-heal|p1a: Fight The Swarm|89\/100|[from] item: Leftovers\n|upkeep\n|turn|57\n|-message|Jack0lantern89 forfeited.\n|\n|win|IncandescentCandle\n|l|\u2606Jack0lantern89\n","uploadtime":1700511360,"views":3,"p1id":"incandescentcandle","p2id":"jack0lantern89","formatid":"gen9nationaldexubers","rating":0,"private":0,"password":""}