{"id":"gen9nationaldexubers-1993180277","p1":"chicen26","p2":"TheMetaCreator","format":"[Gen 9] National Dex Ubers","log":"|j|\u203dchicen26\n|j|\u2606TheMetaCreator\n|t:|1700274625\n|gametype|singles\n|player|p1|chicen26|102|1000\n|player|p2|TheMetaCreator|169|1069\n|teamsize|p1|6\n|teamsize|p2|6\n|gen|9\n|tier|[Gen 9] National Dex Ubers\n|rated|\n|rule|HP Percentage Mod: HP is shown in percentages\n|rule|Endless Battle Clause: Forcing endless battles is banned\n|rule|OHKO Clause: OHKO moves are banned\n|rule|Evasion Moves Clause: Evasion moves are banned\n|rule|Evasion Items Clause: Evasion items are banned\n|rule|Species Clause: Limit one of each Pok\u00e9mon\n|rule|Sleep Clause Mod: Limit one foe put to sleep\n|rule|Mega Rayquaza Clause: You cannot mega evolve Rayquaza\n|clearpoke\n|poke|p1|Groudon|\n|poke|p1|Zygarde|\n|poke|p1|Baxcalibur, M|\n|poke|p1|Melmetal|\n|poke|p1|Zacian-*|\n|poke|p1|Chien-Pao|\n|poke|p2|Primarina, M|\n|poke|p2|Regieleki|\n|poke|p2|Haunter, F|\n|poke|p2|Deoxys-Attack|\n|poke|p2|Gliscor, M|\n|poke|p2|Arceus|\n|teampreview\n|\n|t:|1700274636\n|start\n|switch|p1a: Groudon|Groudon|100\/100\n|switch|p2a: Regieleki|Regieleki|100\/100\n|detailschange|p1a: Groudon|Groudon-Primal\n|-primal|p1a: Groudon|Red Orb\n|-weather|DesolateLand|[from] ability: Desolate Land|[of] p1a: Groudon\n|turn|1\n|\n|t:|1700274651\n|switch|p2a: Haunter|Haunter, F|100\/100\n|move|p1a: Groudon|Precipice Blades|p2a: Haunter\n|-immune|p2a: Haunter|[from] ability: Levitate\n|\n|-weather|DesolateLand|[upkeep]\n|upkeep\n|turn|2\n|\n|t:|1700274659\n|move|p2a: Haunter|Encore|p1a: Groudon\n|-start|p1a: Groudon|Encore\n|move|p1a: Groudon|Precipice Blades|p2a: Haunter\n|-immune|p2a: Haunter|[from] ability: Levitate\n|\n|-weather|DesolateLand|[upkeep]\n|upkeep\n|turn|3\n|\n|t:|1700274667\n|-weather|none\n|switch|p1a: Zygarde|Zygarde|100\/100\n|move|p2a: Haunter|Toxic Spikes|p1a: Zygarde\n|-sidestart|p1: chicen26|move: Toxic Spikes\n|\n|upkeep\n|turn|4\n|\n|t:|1700274674\n|move|p2a: Haunter|Will-O-Wisp|p1a: Zygarde\n|-status|p1a: Zygarde|brn\n|move|p1a: Zygarde|Coil|p1a: Zygarde\n|-boost|p1a: Zygarde|atk|1\n|-boost|p1a: Zygarde|def|1\n|-boost|p1a: Zygarde|accuracy|1\n|\n|-damage|p1a: Zygarde|94\/100 brn|[from] brn\n|upkeep\n|turn|5\n|\n|t:|1700274684\n|move|p2a: Haunter|Curse|p1a: Zygarde\n|-start|p1a: Zygarde|Curse|[of] p2a: Haunter\n|-damage|p2a: Haunter|50\/100\n|move|p1a: Zygarde|Thousand Arrows|p2a: Haunter\n|-supereffective|p2a: Haunter\n|-damage|p2a: Haunter|0 fnt\n|faint|p2a: Haunter\n|\n|-heal|p1a: Zygarde|100\/100 brn|[from] item: Leftovers\n|-damage|p1a: Zygarde|94\/100 brn|[from] brn\n|-damage|p1a: Zygarde|69\/100 brn|[from] Curse\n|upkeep\n|\n|t:|1700274706\n|switch|p2a: Gliscor|Gliscor, M|100\/100\n|turn|6\n|\n|t:|1700274711\n|move|p2a: Gliscor|Spikes|p1a: Zygarde\n|-sidestart|p1: chicen26|Spikes\n|move|p1a: Zygarde|Core Enforcer|p2a: Gliscor\n|-damage|p2a: Gliscor|69\/100\n|-endability|p2a: Gliscor\n|\n|-heal|p1a: Zygarde|75\/100 brn|[from] item: Leftovers\n|-damage|p1a: Zygarde|69\/100 brn|[from] brn\n|-damage|p1a: Zygarde|44\/100 brn|[from] Curse\n|-status|p2a: Gliscor|tox|[from] item: Toxic Orb\n|-activate|p1a: Zygarde|ability: Power Construct\n|detailschange|p1a: Zygarde|Zygarde-Complete\n|-heal|p1a: Zygarde|63\/100 brn|[silent]\n|upkeep\n|turn|7\n|\n|t:|1700274736\n|move|p2a: Gliscor|U-turn|p1a: Zygarde\n|-damage|p1a: Zygarde|59\/100 brn\n|\n|t:|1700274739\n|switch|p2a: Primarina|Primarina, M|100\/100|[from] U-turn\n|move|p1a: Zygarde|Thousand Arrows|p2a: Primarina\n|-damage|p2a: Primarina|68\/100\n|\n|-heal|p1a: Zygarde|65\/100 brn|[from] item: Leftovers\n|-heal|p2a: Primarina|74\/100|[from] item: Leftovers\n|-damage|p1a: Zygarde|59\/100 brn|[from] brn\n|-damage|p1a: Zygarde|34\/100 brn|[from] Curse\n|upkeep\n|turn|8\n|\n|t:|1700274753\n|move|p1a: Zygarde|Thousand Arrows|p2a: Primarina\n|-damage|p2a: Primarina|43\/100\n|move|p2a: Primarina|Draining Kiss|p1a: Zygarde\n|-supereffective|p1a: Zygarde\n|-damage|p1a: Zygarde|6\/100 brn\n|-heal|p2a: Primarina|85\/100|[from] drain|[of] p1a: Zygarde\n|\n|-heal|p1a: Zygarde|12\/100 brn|[from] item: Leftovers\n|-heal|p2a: Primarina|91\/100|[from] item: Leftovers\n|-damage|p1a: Zygarde|6\/100 brn|[from] brn\n|-damage|p1a: Zygarde|0 fnt|[from] Curse\n|faint|p1a: Zygarde\n|upkeep\n|\n|t:|1700274765\n|switch|p1a: Melmetal|Melmetal|100\/100\n|-damage|p1a: Melmetal|88\/100|[from] Spikes\n|turn|9\n|c|\u2606TheMetaCreator|Haunter better than Zygarde? :o\n|\n|t:|1700274791\n|move|p2a: Primarina|Flip Turn|p1a: Melmetal\n|-damage|p1a: Melmetal|79\/100\n|\n|t:|1700274800\n|switch|p2a: Gliscor|Gliscor, M|69\/100 tox|[from] Flip Turn\n|move|p1a: Melmetal|Thunder Punch|p2a: Gliscor\n|-immune|p2a: Gliscor\n|\n|-heal|p2a: Gliscor|82\/100 tox|[from] ability: Poison Heal\n|upkeep\n|turn|10\n|\n|t:|1700274813\n|move|p2a: Gliscor|Stealth Rock|p1a: Melmetal\n|-sidestart|p1: chicen26|move: Stealth Rock\n|move|p1a: Melmetal|Ice Punch|p2a: Gliscor\n|-supereffective|p2a: Gliscor\n|-damage|p2a: Gliscor|0 fnt\n|faint|p2a: Gliscor\n|\n|upkeep\n|\n|t:|1700274830\n|switch|p2a: Primarina|Primarina, M|91\/100\n|turn|11\n|\n|t:|1700274841\n|move|p2a: Primarina|Sparkling Aria|p1a: Melmetal\n|-damage|p1a: Melmetal|35\/100\n|move|p1a: Melmetal|Double Iron Bash|p2a: Primarina\n|-damage|p2a: Primarina|38\/100\n|-damage|p2a: Primarina|0 fnt\n|faint|p2a: Primarina\n|-hitcount|p2: Primarina|2\n|\n|upkeep\n|\n|t:|1700274852\n|switch|p2a: Arceus|Arceus|100\/100\n|turn|12\n|\n|t:|1700274865\n|move|p2a: Arceus|Earthquake|p1a: Melmetal\n|-supereffective|p1a: Melmetal\n|-damage|p1a: Melmetal|0 fnt\n|faint|p1a: Melmetal\n|-damage|p2a: Arceus|91\/100|[from] item: Life Orb\n|\n|upkeep\n|\n|t:|1700274869\n|switch|p1a: Zacian|Zacian-Crowned|100\/100\n|-damage|p1a: Zacian|88\/100|[from] Spikes\n|-damage|p1a: Zacian|82\/100|[from] Stealth Rock\n|-ability|p1a: Zacian|Intrepid Sword|boost\n|-boost|p1a: Zacian|atk|1\n|turn|13\n|\n|t:|1700274889\n|move|p2a: Arceus|Extreme Speed|p1a: Zacian\n|-resisted|p1a: Zacian\n|-damage|p1a: Zacian|58\/100\n|-damage|p2a: Arceus|81\/100|[from] item: Life Orb\n|move|p1a: Zacian|Close Combat|p2a: Arceus\n|-supereffective|p2a: Arceus\n|-damage|p2a: Arceus|0 fnt\n|-unboost|p1a: Zacian|def|1\n|-unboost|p1a: Zacian|spd|1\n|faint|p2a: Arceus\n|\n|upkeep\n|\n|t:|1700274909\n|switch|p2a: Deoxys|Deoxys-Attack|100\/100\n|-ability|p2a: Deoxys|Pressure\n|turn|14\n|\n|t:|1700274916\n|move|p2a: Deoxys|Psycho Boost|p1a: Zacian\n|-resisted|p1a: Zacian\n|-damage|p1a: Zacian|0 fnt\n|-unboost|p2a: Deoxys|spa|2\n|faint|p1a: Zacian\n|\n|upkeep\n|inactive|Battle timer is ON: inactive players will automatically lose when time's up. (requested by TheMetaCreator)\n|inactive|chicen26 has 120 seconds left.\n|inactive|chicen26 has 90 seconds left.\n|inactive|chicen26 has 60 seconds left.\n|inactive|chicen26 has 30 seconds left.\n|\n|t:|1700275064\n|switch|p1a: Groudon|Groudon-Primal|100\/100\n|-status|p1a: Groudon|psn\n|-damage|p1a: Groudon|88\/100 psn|[from] Spikes\n|-damage|p1a: Groudon|76\/100 psn|[from] Stealth Rock\n|-weather|DesolateLand|[from] ability: Desolate Land|[of] p1a: Groudon\n|turn|15\n|\n|t:|1700275075\n|move|p2a: Deoxys|Psycho Boost|p1a: Groudon\n|-damage|p1a: Groudon|0 fnt\n|-unboost|p2a: Deoxys|spa|2\n|faint|p1a: Groudon\n|-weather|none\n|\n|upkeep\n|\n|t:|1700275082\n|switch|p1a: Chien-Pao|Chien-Pao|100\/100\n|-status|p1a: Chien-Pao|psn\n|-damage|p1a: Chien-Pao|88\/100 psn|[from] Spikes\n|-damage|p1a: Chien-Pao|63\/100 psn|[from] Stealth Rock\n|-ability|p1a: Chien-Pao|Sword of Ruin\n|turn|16\n|\n|t:|1700275095\n|move|p1a: Chien-Pao|Sucker Punch|p2a: Deoxys\n|-supereffective|p2a: Deoxys\n|-damage|p2a: Deoxys|0 fnt\n|faint|p2a: Deoxys\n|\n|-damage|p1a: Chien-Pao|51\/100 psn|[from] psn\n|upkeep\n|\n|t:|1700275106\n|switch|p2a: Regieleki|Regieleki|100\/100\n|turn|17\n|\n|t:|1700275115\n|move|p2a: Regieleki|Extreme Speed|p1a: Chien-Pao\n|-damage|p1a: Chien-Pao|1\/100 psn\n|move|p1a: Chien-Pao|Sucker Punch||[still]\n|-fail|p1a: Chien-Pao\n|\n|-damage|p1a: Chien-Pao|0 fnt|[from] psn\n|faint|p1a: Chien-Pao\n|upkeep\n|\n|t:|1700275125\n|switch|p1a: Baxcalibur|Baxcalibur, M|100\/100\n|-status|p1a: Baxcalibur|psn\n|-damage|p1a: Baxcalibur|88\/100 psn|[from] Spikes\n|-damage|p1a: Baxcalibur|63\/100 psn|[from] Stealth Rock\n|turn|18\n|\n|t:|1700275133\n|-terastallize|p2a: Regieleki|Ice\n|move|p2a: Regieleki|Extreme Speed|p1a: Baxcalibur\n|-crit|p1a: Baxcalibur\n|-damage|p1a: Baxcalibur|2\/100 psn\n|move|p1a: Baxcalibur|Ice Shard|p2a: Regieleki\n|-resisted|p2a: Regieleki\n|-damage|p2a: Regieleki|78\/100\n|\n|-damage|p1a: Baxcalibur|0 fnt|[from] psn\n|faint|p1a: Baxcalibur\n|\n|win|TheMetaCreator\n|upkeep\n|raw|chicen26's rating: 1000 &rarr; <strong>1000<\/strong><br \/>(+0 for losing)\n|raw|TheMetaCreator's rating: 1069 &rarr; <strong>1093<\/strong><br \/>(+24 for winning)\n|l|\u203dchicen26\n","uploadtime":1700275157,"views":26,"p1id":"chicen26","p2id":"themetacreator","formatid":"gen9nationaldexubers","rating":1000,"private":0,"password":""}