{"id":"gen9nationaldexubers-1996750351","p1":"PyroGaleZX","p2":"BriefStar","format":"[Gen 9] National Dex Ubers","log":"|j|\u2606PyroGaleZX\n|j|\u2606BriefStar\n|t:|1700718886\n|gametype|singles\n|player|p1|PyroGaleZX|grusha|\n|player|p2|BriefStar|benga|\n|teamsize|p1|6\n|teamsize|p2|6\n|gen|9\n|tier|[Gen 9] National Dex Ubers\n|rule|HP Percentage Mod: HP is shown in percentages\n|rule|Endless Battle Clause: Forcing endless battles is banned\n|rule|OHKO Clause: OHKO moves are banned\n|rule|Evasion Moves Clause: Evasion moves are banned\n|rule|Evasion Items Clause: Evasion items are banned\n|rule|Species Clause: Limit one of each Pok\u00e9mon\n|rule|Sleep Clause Mod: Limit one foe put to sleep\n|rule|Mega Rayquaza Clause: You cannot mega evolve Rayquaza\n|clearpoke\n|poke|p1|Enamorus-Therian, F|\n|poke|p1|Arcanine, M|\n|poke|p1|Spiritomb, M|\n|poke|p1|Pawmo, M|\n|poke|p1|Articuno-Galar|\n|poke|p1|Dragonite, F|\n|poke|p2|Baxcalibur, F|\n|poke|p2|Tinkaton, F|\n|poke|p2|Bellibolt, M|\n|poke|p2|Raichu, F|\n|poke|p2|Charizard, F|\n|poke|p2|Fraxure, F|\n|teampreview\n|\n|t:|1700718900\n|start\n|switch|p1a: Not Gun|Spiritomb, M, shiny|100\/100\n|switch|p2a: Raichu|Raichu, F|100\/100\n|-ability|p1a: Not Gun|Pressure\n|turn|1\n|inactive|Battle timer is ON: inactive players will automatically lose when time's up. (requested by PyroGaleZX)\n|inactiveoff|Battle timer is now OFF.\n|\n|t:|1700718915\n|move|p2a: Raichu|Nuzzle|p1a: Not Gun\n|-damage|p1a: Not Gun|94\/100\n|-status|p1a: Not Gun|par\n|-damage|p2a: Raichu|84\/100|[from] item: Rocky Helmet|[of] p1a: Not Gun\n|move|p1a: Not Gun|Stored Power|p2a: Raichu\n|-damage|p2a: Raichu|78\/100\n|\n|upkeep\n|turn|2\n|\n|t:|1700718923\n|move|p2a: Raichu|Encore|p1a: Not Gun\n|-start|p1a: Not Gun|Encore\n|move|p1a: Not Gun|Stored Power|p2a: Raichu\n|-damage|p2a: Raichu|73\/100\n|\n|upkeep\n|turn|3\n|\n|t:|1700718932\n|switch|p2a: Hey There|Fraxure, F|100\/100\n|-ability|p2a: Hey There|Mold Breaker\n|switch|p1a: Shameful Gun|Arcanine, M|100\/100\n|-ability|p1a: Shameful Gun|Intimidate|boost\n|-unboost|p2a: Hey There|atk|1\n|\n|upkeep\n|turn|4\n|\n|t:|1700718942\n|switch|p2a: Get in MY BELLY|Bellibolt, M|100\/100\n|move|p1a: Shameful Gun|Roar|p2a: Get in MY BELLY\n|drag|p2a: Megaton|Tinkaton, F|100\/100\n|-ability|p2a: Megaton|Mold Breaker\n|\n|upkeep\n|turn|5\n|\n|t:|1700718954\n|switch|p1a: Child's Gun|Pawmo, M|100\/100\n|switch|p2a: Get in MY BELLY|Bellibolt, M|100\/100\n|\n|upkeep\n|turn|6\n|\n|t:|1700718962\n|switch|p2a: Raichu|Raichu, F|73\/100\n|move|p1a: Child's Gun|Knock Off|p2a: Raichu\n|-damage|p2a: Raichu|42\/100\n|-enditem|p2a: Raichu|Covert Cloak|[from] move: Knock Off|[of] p1a: Child's Gun\n|\n|upkeep\n|turn|7\n|\n|t:|1700718985\n|move|p2a: Raichu|Encore|p1a: Child's Gun\n|-start|p1a: Child's Gun|Encore\n|move|p1a: Child's Gun|Knock Off|p2a: Raichu\n|-damage|p2a: Raichu|23\/100\n|\n|upkeep\n|turn|8\n|\n|t:|1700718990\n|switch|p2a: Megaton|Tinkaton, F|100\/100\n|-ability|p2a: Megaton|Mold Breaker\n|move|p1a: Child's Gun|Knock Off|p2a: Megaton\n|-resisted|p2a: Megaton\n|-damage|p2a: Megaton|90\/100\n|-enditem|p2a: Megaton|Assault Vest|[from] move: Knock Off|[of] p1a: Child's Gun\n|\n|upkeep\n|turn|9\n|\n|t:|1700719030\n|switch|p1a: Shameful Gun|Arcanine, M|100\/100\n|-ability|p1a: Shameful Gun|Intimidate|boost\n|-unboost|p2a: Megaton|atk|1\n|move|p2a: Megaton|Knock Off|p1a: Shameful Gun\n|-damage|p1a: Shameful Gun|77\/100\n|-enditem|p1a: Shameful Gun|Choice Scarf|[from] move: Knock Off|[of] p2a: Megaton\n|\n|upkeep\n|turn|10\n|\n|t:|1700719038\n|move|p2a: Megaton|Protect|p2a: Megaton\n|-singleturn|p2a: Megaton|Protect\n|move|p1a: Shameful Gun|Flare Blitz|p2a: Megaton\n|-activate|p2a: Megaton|move: Protect\n|\n|upkeep\n|turn|11\n|\n|t:|1700719045\n|switch|p2a: Get in MY BELLY|Bellibolt, M|100\/100\n|move|p1a: Shameful Gun|Flare Blitz|p2a: Get in MY BELLY\n|-damage|p2a: Get in MY BELLY|67\/100\n|-start|p2a: Get in MY BELLY|Charge|Flare Blitz|[from] ability: Electromorphosis\n|-damage|p1a: Shameful Gun|62\/100|[from] Recoil\n|\n|-heal|p2a: Get in MY BELLY|73\/100|[from] item: Leftovers\n|upkeep\n|turn|12\n|\n|t:|1700719054\n|switch|p1a: Child's Gun|Pawmo, M|100\/100\n|move|p2a: Get in MY BELLY|Acid Spray|p1a: Child's Gun\n|-damage|p1a: Child's Gun|93\/100\n|-unboost|p1a: Child's Gun|spd|2\n|\n|-heal|p2a: Get in MY BELLY|79\/100|[from] item: Leftovers\n|upkeep\n|turn|13\n|\n|t:|1700719063\n|switch|p2a: Charizard|Charizard, F, shiny|100\/100\n|move|p1a: Child's Gun|Knock Off|p2a: Charizard\n|-damage|p2a: Charizard|78\/100\n|-enditem|p2a: Charizard|Heavy-Duty Boots|[from] move: Knock Off|[of] p1a: Child's Gun\n|\n|upkeep\n|turn|14\n|\n|t:|1700719080\n|switch|p1a: Not Gun|Spiritomb, M, shiny|94\/100 par\n|-ability|p1a: Not Gun|Pressure\n|move|p2a: Charizard|Hurricane|p1a: Not Gun\n|-damage|p1a: Not Gun|47\/100 par\n|-start|p1a: Not Gun|confusion\n|\n|upkeep\n|turn|15\n|\n|t:|1700719088\n|move|p2a: Charizard|Flamethrower|p1a: Not Gun\n|-damage|p1a: Not Gun|4\/100 par\n|-activate|p1a: Not Gun|confusion\n|-damage|p1a: Not Gun|0 fnt|[from] confusion\n|faint|p1a: Not Gun\n|\n|upkeep\n|\n|t:|1700719112\n|switch|p1a: Other Gun|Articuno-Galar|100\/100\n|turn|16\n|\n|t:|1700719120\n|switch|p2a: Get in MY BELLY|Bellibolt, M|79\/100\n|move|p1a: Other Gun|Calm Mind|p1a: Other Gun\n|-boost|p1a: Other Gun|spa|1\n|-boost|p1a: Other Gun|spd|1\n|\n|-heal|p2a: Get in MY BELLY|85\/100|[from] item: Leftovers\n|upkeep\n|turn|17\n|\n|t:|1700719135\n|move|p1a: Other Gun|Agility|p1a: Other Gun\n|-boost|p1a: Other Gun|spe|2\n|move|p2a: Get in MY BELLY|Volt Switch|p1a: Other Gun\n|-supereffective|p1a: Other Gun\n|-damage|p1a: Other Gun|73\/100\n|\n|t:|1700719144\n|switch|p2a: Megaton|Tinkaton, F|90\/100|[from] Volt Switch\n|-ability|p2a: Megaton|Mold Breaker\n|\n|-heal|p1a: Other Gun|80\/100|[from] item: Leftovers\n|upkeep\n|turn|18\n|\n|t:|1700719166\n|-terastallize|p1a: Other Gun|Fighting\n|move|p1a: Other Gun|Tera Blast|p2a: Megaton|[anim] Tera Blast Fighting\n|-damage|p2a: Megaton|51\/100\n|move|p2a: Megaton|Knock Off|p1a: Other Gun\n|-resisted|p1a: Other Gun\n|-damage|p1a: Other Gun|68\/100\n|-enditem|p1a: Other Gun|Leftovers|[from] move: Knock Off|[of] p2a: Megaton\n|\n|upkeep\n|turn|19\n|\n|t:|1700719178\n|move|p1a: Other Gun|Stored Power|p2a: Megaton\n|-resisted|p2a: Megaton\n|-damage|p2a: Megaton|28\/100\n|move|p2a: Megaton|Play Rough|p1a: Other Gun\n|-supereffective|p1a: Other Gun\n|-damage|p1a: Other Gun|0 fnt\n|faint|p1a: Other Gun\n|\n|upkeep\n|\n|t:|1700719181\n|switch|p1a: Shameful Gun|Arcanine, M|62\/100\n|-ability|p1a: Shameful Gun|Intimidate|boost\n|-unboost|p2a: Megaton|atk|1\n|turn|20\n|\n|t:|1700719190\n|switch|p2a: Get in MY BELLY|Bellibolt, M|85\/100\n|move|p1a: Shameful Gun|Roar|p2a: Get in MY BELLY\n|drag|p2a: Hey There|Fraxure, F|100\/100\n|-ability|p2a: Hey There|Mold Breaker\n|\n|upkeep\n|turn|21\n|\n|t:|1700719198\n|move|p2a: Hey There|Stomping Tantrum|p1a: Shameful Gun\n|-supereffective|p1a: Shameful Gun\n|-damage|p1a: Shameful Gun|0 fnt\n|faint|p1a: Shameful Gun\n|\n|upkeep\n|\n|t:|1700719227\n|switch|p1a: Barely a gun|Enamorus-Therian, F|100\/100\n|turn|22\n|\n|t:|1700719249\n|switch|p2a: Raichu|Raichu, F|23\/100\n|move|p1a: Barely a gun|Iron Defense|p1a: Barely a gun\n|-boost|p1a: Barely a gun|def|2\n|\n|upkeep\n|turn|23\n|\n|t:|1700719258\n|move|p2a: Raichu|Nuzzle|p1a: Barely a gun\n|-supereffective|p1a: Barely a gun\n|-damage|p1a: Barely a gun|95\/100\n|-status|p1a: Barely a gun|par\n|move|p1a: Barely a gun|Calm Mind|p1a: Barely a gun\n|-boost|p1a: Barely a gun|spa|1\n|-boost|p1a: Barely a gun|spd|1\n|\n|upkeep\n|turn|24\n|\n|t:|1700719270\n|move|p2a: Raichu|Encore|p1a: Barely a gun\n|-start|p1a: Barely a gun|Encore\n|move|p1a: Barely a gun|Calm Mind|p1a: Barely a gun\n|-boost|p1a: Barely a gun|spa|1\n|-boost|p1a: Barely a gun|spd|1\n|\n|upkeep\n|turn|25\n|\n|t:|1700719277\n|switch|p2a: Thy True Name|Baxcalibur, F|100\/100\n|move|p1a: Barely a gun|Calm Mind|p1a: Barely a gun\n|-boost|p1a: Barely a gun|spa|1\n|-boost|p1a: Barely a gun|spd|1\n|\n|upkeep\n|turn|26\n|\n|t:|1700719283\n|move|p2a: Thy True Name|Icicle Spear|p1a: Barely a gun\n|-supereffective|p1a: Barely a gun\n|-damage|p1a: Barely a gun|81\/100 par\n|-supereffective|p1a: Barely a gun\n|-crit|p1a: Barely a gun\n|-damage|p1a: Barely a gun|40\/100 par\n|-supereffective|p1a: Barely a gun\n|-damage|p1a: Barely a gun|28\/100 par\n|-supereffective|p1a: Barely a gun\n|-damage|p1a: Barely a gun|15\/100 par\n|-hitcount|p1a: Barely a gun|4\n|move|p1a: Barely a gun|Calm Mind|p1a: Barely a gun\n|-boost|p1a: Barely a gun|spa|1\n|-boost|p1a: Barely a gun|spd|1\n|\n|-end|p1a: Barely a gun|Encore\n|upkeep\n|turn|27\n|\n|t:|1700719295\n|move|p2a: Thy True Name|Ice Shard|p1a: Barely a gun\n|-supereffective|p1a: Barely a gun\n|-damage|p1a: Barely a gun|0 fnt\n|faint|p1a: Barely a gun\n|\n|upkeep\n|\n|t:|1700719300\n|switch|p1a: Child's Gun|Pawmo, M|93\/100\n|turn|28\n|\n|t:|1700719304\n|move|p2a: Thy True Name|Icicle Spear|p1a: Child's Gun\n|-damage|p1a: Child's Gun|74\/100\n|-damage|p1a: Child's Gun|52\/100\n|-damage|p1a: Child's Gun|33\/100\n|-damage|p1a: Child's Gun|12\/100\n|-damage|p1a: Child's Gun|0 fnt\n|faint|p1a: Child's Gun\n|-hitcount|p1: Child's Gun|5\n|\n|upkeep\n|\n|t:|1700719306\n|switch|p1a: Gun|Dragonite, F|100\/100\n|turn|29\n|\n|t:|1700719314\n|move|p2a: Thy True Name|Icicle Spear|p1a: Gun\n|-supereffective|p1a: Gun\n|-damage|p1a: Gun|69\/100\n|-supereffective|p1a: Gun\n|-damage|p1a: Gun|12\/100\n|-supereffective|p1a: Gun\n|-damage|p1a: Gun|0 fnt\n|faint|p1a: Gun\n|-hitcount|p1: Gun|3\n|\n|win|BriefStar\n|l|\u2606PyroGaleZX\n","uploadtime":1700719338,"views":1,"p1id":"pyrogalezx","p2id":"briefstar","formatid":"gen9nationaldexubers","rating":0,"private":0,"password":""}