{"id":"gen9nationaldexubers-1995096474","p1":"Kdisue","p2":"Juanito1610","format":"[Gen 9] National Dex Ubers","log":"|j|\u2606Kdisue\n|j|\u2606Juanito1610\n|t:|1700522135\n|gametype|singles\n|player|p1|Kdisue|265|1017\n|player|p2|Juanito1610|swimmer|1077\n|teamsize|p1|6\n|teamsize|p2|6\n|gen|9\n|tier|[Gen 9] National Dex Ubers\n|rated|\n|rule|HP Percentage Mod: HP is shown in percentages\n|rule|Endless Battle Clause: Forcing endless battles is banned\n|rule|OHKO Clause: OHKO moves are banned\n|rule|Evasion Moves Clause: Evasion moves are banned\n|rule|Evasion Items Clause: Evasion items are banned\n|rule|Species Clause: Limit one of each Pok\u00e9mon\n|rule|Sleep Clause Mod: Limit one foe put to sleep\n|rule|Mega Rayquaza Clause: You cannot mega evolve Rayquaza\n|clearpoke\n|poke|p1|Deoxys-Defense|\n|poke|p1|Chansey, F|\n|poke|p1|Ferrothorn, M|\n|poke|p1|Rotom-Wash|\n|poke|p1|Ho-Oh|\n|poke|p1|Lugia|\n|poke|p2|Clodsire, F|\n|poke|p2|Magnezone|\n|poke|p2|Corviknight, F|\n|poke|p2|Blaziken, F|\n|poke|p2|Rillaboom, M|\n|poke|p2|Garchomp, M|\n|teampreview\n|inactive|Battle timer is ON: inactive players will automatically lose when time's up. (requested by Kdisue)\n|\n|t:|1700522154\n|start\n|switch|p1a: Washington|Rotom-Wash|100\/100\n|switch|p2a: Clodsire|Clodsire, F|100\/100\n|turn|1\n|\n|t:|1700522165\n|-terastallize|p2a: Clodsire|Poison\n|move|p1a: Washington|Trick|p2a: Clodsire\n|-activate|p1a: Washington|move: Trick|[of] p2a: Clodsire\n|-item|p2a: Clodsire|Choice Specs|[from] move: Trick\n|-item|p1a: Washington|Leftovers|[from] move: Trick\n|move|p2a: Clodsire|Toxic|p1a: Washington\n|-status|p1a: Washington|tox\n|\n|-damage|p1a: Washington|94\/100 tox|[from] psn\n|upkeep\n|turn|2\n|\n|t:|1700522190\n|switch|p2a: Rillaboom|Rillaboom, M|100\/100\n|move|p1a: Washington|Hydro Pump|p2a: Rillaboom\n|-resisted|p2a: Rillaboom\n|-damage|p2a: Rillaboom|70\/100\n|\n|-heal|p1a: Washington|100\/100 tox|[from] item: Leftovers\n|-heal|p2a: Rillaboom|76\/100|[from] item: Leftovers\n|-damage|p1a: Washington|88\/100 tox|[from] psn\n|upkeep\n|turn|3\n|\n|t:|1700522203\n|move|p1a: Washington|Volt Switch|p2a: Rillaboom\n|-resisted|p2a: Rillaboom\n|-damage|p2a: Rillaboom|54\/100\n|\n|t:|1700522208\n|switch|p1a: Iron boy|Ferrothorn, M|100\/100|[from] Volt Switch\n|move|p2a: Rillaboom|Seed Bomb|p1a: Iron boy\n|-resisted|p1a: Iron boy\n|-damage|p1a: Iron boy|92\/100\n|\n|-heal|p2a: Rillaboom|60\/100|[from] item: Leftovers\n|upkeep\n|turn|4\n|\n|t:|1700522221\n|move|p2a: Rillaboom|Drain Punch|p1a: Iron boy\n|-supereffective|p1a: Iron boy\n|-damage|p1a: Iron boy|53\/100\n|-heal|p2a: Rillaboom|80\/100|[from] drain|[of] p1a: Iron boy\n|-damage|p2a: Rillaboom|68\/100|[from] ability: Iron Barbs|[of] p1a: Iron boy\n|move|p1a: Iron boy|Gyro Ball|p2a: Rillaboom\n|-damage|p2a: Rillaboom|0 fnt\n|faint|p2a: Rillaboom\n|\n|upkeep\n|\n|t:|1700522234\n|switch|p2a: Blaziken|Blaziken, F|100\/100\n|turn|5\n|\n|t:|1700522239\n|switch|p1a: Washington|Rotom-Wash|88\/100 tox\n|move|p2a: Blaziken|Swords Dance|p2a: Blaziken\n|-boost|p2a: Blaziken|atk|2\n|\n|-heal|p1a: Washington|94\/100 tox|[from] item: Leftovers\n|-damage|p1a: Washington|88\/100 tox|[from] psn\n|-ability|p2a: Blaziken|Speed Boost|boost\n|-boost|p2a: Blaziken|spe|1\n|upkeep\n|turn|6\n|\n|t:|1700522253\n|move|p2a: Blaziken|Protect|p2a: Blaziken\n|-singleturn|p2a: Blaziken|Protect\n|move|p1a: Washington|Hydro Pump|p2a: Blaziken\n|-activate|p2a: Blaziken|move: Protect\n|\n|-heal|p1a: Washington|94\/100 tox|[from] item: Leftovers\n|-damage|p1a: Washington|82\/100 tox|[from] psn\n|-ability|p2a: Blaziken|Speed Boost|boost\n|-boost|p2a: Blaziken|spe|1\n|upkeep\n|turn|7\n|\n|t:|1700522267\n|move|p2a: Blaziken|Close Combat|p1a: Washington\n|-damage|p1a: Washington|0 fnt\n|-unboost|p2a: Blaziken|def|1\n|-unboost|p2a: Blaziken|spd|1\n|faint|p1a: Washington\n|\n|-ability|p2a: Blaziken|Speed Boost|boost\n|-boost|p2a: Blaziken|spe|1\n|upkeep\n|\n|t:|1700522278\n|switch|p1a: Lugia|Lugia|100\/100\n|turn|8\n|\n|t:|1700522285\n|move|p2a: Blaziken|Protect|p2a: Blaziken\n|-singleturn|p2a: Blaziken|Protect\n|move|p1a: Lugia|Aeroblast|p2a: Blaziken\n|-activate|p2a: Blaziken|move: Protect\n|\n|-ability|p2a: Blaziken|Speed Boost|boost\n|-boost|p2a: Blaziken|spe|1\n|upkeep\n|turn|9\n|\n|t:|1700522298\n|move|p2a: Blaziken|Flare Blitz|p1a: Lugia\n|-crit|p1a: Lugia\n|-damage|p1a: Lugia|44\/100\n|-damage|p2a: Blaziken|75\/100|[from] Recoil\n|move|p1a: Lugia|Aeroblast|p2a: Blaziken\n|-supereffective|p2a: Blaziken\n|-damage|p2a: Blaziken|0 fnt\n|faint|p2a: Blaziken\n|-damage|p1a: Lugia|34\/100|[from] item: Life Orb\n|\n|upkeep\n|\n|t:|1700522312\n|switch|p2a: Magnezone|Magnezone|100\/100\n|turn|10\n|\n|t:|1700522323\n|switch|p1a: Egg woman|Chansey, F|100\/100\n|move|p2a: Magnezone|Light Screen|p2a: Magnezone\n|-sidestart|p2: Juanito1610|move: Light Screen\n|\n|upkeep\n|turn|11\n|\n|t:|1700522330\n|move|p2a: Magnezone|Reflect|p2a: Magnezone\n|-sidestart|p2: Juanito1610|Reflect\n|move|p1a: Egg woman|Power-Up Punch|p2a: Magnezone\n|-supereffective|p2a: Magnezone\n|-crit|p2a: Magnezone\n|-damage|p2a: Magnezone|91\/100\n|-boost|p1a: Egg woman|atk|1\n|\n|-heal|p2a: Magnezone|97\/100|[from] item: Leftovers\n|upkeep\n|turn|12\n|\n|t:|1700522345\n|move|p2a: Magnezone|Volt Switch|p1a: Egg woman\n|-damage|p1a: Egg woman|85\/100\n|\n|t:|1700522352\n|switch|p2a: Clodsire|Clodsire, F, tera:Poison|100\/100|[from] Volt Switch\n|move|p1a: Egg woman|Power-Up Punch|p2a: Clodsire\n|-resisted|p2a: Clodsire\n|-crit|p2a: Clodsire\n|-damage|p2a: Clodsire|96\/100\n|-boost|p1a: Egg woman|atk|1\n|\n|upkeep\n|turn|13\n|\n|t:|1700522372\n|move|p1a: Egg woman|Ice Punch|p2a: Clodsire\n|-crit|p2a: Clodsire\n|-damage|p2a: Clodsire|82\/100\n|move|p2a: Clodsire|Stealth Rock|p1a: Egg woman\n|-sidestart|p1: Kdisue|move: Stealth Rock\n|\n|upkeep\n|turn|14\n|\n|t:|1700522382\n|switch|p2a: Corviknight|Corviknight, F|100\/100\n|-ability|p2a: Corviknight|Unnerve\n|move|p1a: Egg woman|Power-Up Punch|p2a: Corviknight\n|-damage|p2a: Corviknight|97\/100\n|-boost|p1a: Egg woman|atk|1\n|\n|-heal|p2a: Corviknight|100\/100|[from] item: Leftovers\n|-sideend|p2: Juanito1610|move: Light Screen\n|upkeep\n|turn|15\n|\n|t:|1700522397\n|move|p2a: Corviknight|Body Press|p1a: Egg woman\n|-supereffective|p1a: Egg woman\n|-damage|p1a: Egg woman|21\/100\n|move|p1a: Egg woman|Thunder Punch|p2a: Corviknight\n|-supereffective|p2a: Corviknight\n|-damage|p2a: Corviknight|88\/100\n|\n|-heal|p2a: Corviknight|94\/100|[from] item: Leftovers\n|-sideend|p2: Juanito1610|Reflect\n|upkeep\n|turn|16\n|\n|t:|1700522411\n|-terastallize|p1a: Egg woman|Ghost\n|move|p2a: Corviknight|Body Press|p1a: Egg woman\n|-immune|p1a: Egg woman\n|move|p1a: Egg woman|Soft-Boiled|p1a: Egg woman\n|-heal|p1a: Egg woman|71\/100\n|\n|-heal|p2a: Corviknight|100\/100|[from] item: Leftovers\n|upkeep\n|turn|17\n|\n|t:|1700522424\n|switch|p2a: Magnezone|Magnezone|97\/100\n|move|p1a: Egg woman|Soft-Boiled|p1a: Egg woman\n|-heal|p1a: Egg woman|100\/100\n|\n|-heal|p2a: Magnezone|100\/100|[from] item: Leftovers\n|upkeep\n|turn|18\n|\n|t:|1700522436\n|move|p2a: Magnezone|Light Screen|p2a: Magnezone\n|-sidestart|p2: Juanito1610|move: Light Screen\n|move|p1a: Egg woman|Power-Up Punch|p2a: Magnezone\n|-supereffective|p2a: Magnezone\n|-crit|p2a: Magnezone\n|-damage|p2a: Magnezone|76\/100\n|-boost|p1a: Egg woman|atk|1\n|\n|-heal|p2a: Magnezone|82\/100|[from] item: Leftovers\n|upkeep\n|turn|19\n|\n|t:|1700522448\n|move|p2a: Magnezone|Reflect|p2a: Magnezone\n|-sidestart|p2: Juanito1610|Reflect\n|move|p1a: Egg woman|Power-Up Punch|p2a: Magnezone\n|-supereffective|p2a: Magnezone\n|-crit|p2a: Magnezone\n|-damage|p2a: Magnezone|54\/100\n|-boost|p1a: Egg woman|atk|1\n|\n|-heal|p2a: Magnezone|60\/100|[from] item: Leftovers\n|upkeep\n|turn|20\n|\n|t:|1700522459\n|move|p2a: Magnezone|Volt Switch|p1a: Egg woman\n|-damage|p1a: Egg woman|86\/100\n|\n|t:|1700522465\n|switch|p2a: Clodsire|Clodsire, F, tera:Poison|82\/100|[from] Volt Switch\n|move|p1a: Egg woman|Power-Up Punch|p2a: Clodsire\n|-resisted|p2a: Clodsire\n|-crit|p2a: Clodsire\n|-damage|p2a: Clodsire|78\/100\n|-boost|p1a: Egg woman|atk|1\n|\n|upkeep\n|turn|21\n|\n|t:|1700522477\n|move|p1a: Egg woman|Ice Punch|p2a: Clodsire\n|-damage|p2a: Clodsire|73\/100\n|move|p2a: Clodsire|Earthquake|p1a: Egg woman\n|-damage|p1a: Egg woman|53\/100\n|\n|upkeep\n|turn|22\n|\n|t:|1700522486\n|move|p1a: Egg woman|Ice Punch|p2a: Clodsire\n|-damage|p2a: Clodsire|69\/100\n|move|p2a: Clodsire|Earthquake|p1a: Egg woman\n|-damage|p1a: Egg woman|23\/100\n|\n|-sideend|p2: Juanito1610|move: Light Screen\n|upkeep\n|turn|23\n|\n|t:|1700522501\n|move|p1a: Egg woman|Soft-Boiled|p1a: Egg woman\n|-heal|p1a: Egg woman|74\/100\n|move|p2a: Clodsire|Earthquake|p1a: Egg woman\n|-damage|p1a: Egg woman|40\/100\n|\n|-sideend|p2: Juanito1610|Reflect\n|upkeep\n|turn|24\n|\n|t:|1700522510\n|move|p1a: Egg woman|Ice Punch|p2a: Clodsire\n|-damage|p2a: Clodsire|58\/100\n|move|p2a: Clodsire|Earthquake|p1a: Egg woman\n|-damage|p1a: Egg woman|7\/100\n|\n|upkeep\n|turn|25\n|\n|t:|1700522523\n|move|p1a: Egg woman|Soft-Boiled|p1a: Egg woman\n|-heal|p1a: Egg woman|57\/100\n|move|p2a: Clodsire|Earthquake|p1a: Egg woman\n|-damage|p1a: Egg woman|25\/100\n|\n|upkeep\n|turn|26\n|\n|t:|1700522532\n|move|p1a: Egg woman|Soft-Boiled|p1a: Egg woman\n|-heal|p1a: Egg woman|75\/100\n|move|p2a: Clodsire|Earthquake|p1a: Egg woman\n|-damage|p1a: Egg woman|43\/100\n|\n|upkeep\n|turn|27\n|\n|t:|1700522542\n|switch|p2a: Magnezone|Magnezone|60\/100\n|move|p1a: Egg woman|Ice Punch|p2a: Magnezone\n|-resisted|p2a: Magnezone\n|-damage|p2a: Magnezone|48\/100\n|-status|p2a: Magnezone|frz\n|\n|-heal|p2a: Magnezone|54\/100 frz|[from] item: Leftovers\n|upkeep\n|turn|28\n|\n|t:|1700522554\n|cant|p2a: Magnezone|frz\n|move|p1a: Egg woman|Power-Up Punch|p2a: Magnezone\n|-supereffective|p2a: Magnezone\n|-damage|p2a: Magnezone|31\/100 frz\n|\n|-heal|p2a: Magnezone|37\/100 frz|[from] item: Leftovers\n|upkeep\n|turn|29\n|\n|t:|1700522568\n|switch|p2a: Corviknight|Corviknight, F|100\/100\n|-ability|p2a: Corviknight|Unnerve\n|move|p1a: Egg woman|Power-Up Punch|p2a: Corviknight\n|-damage|p2a: Corviknight|90\/100\n|\n|-heal|p2a: Corviknight|96\/100|[from] item: Leftovers\n|upkeep\n|turn|30\n|\n|t:|1700522591\n|switch|p2a: Clodsire|Clodsire, F, tera:Poison|58\/100\n|move|p1a: Egg woman|Thunder Punch|p2a: Clodsire\n|-damage|p2a: Clodsire|49\/100\n|\n|upkeep\n|turn|31\n|\n|t:|1700522602\n|move|p1a: Egg woman|Thunder Punch|p2a: Clodsire\n|-crit|p2a: Clodsire\n|-damage|p2a: Clodsire|33\/100\n|move|p2a: Clodsire|Toxic|p1a: Egg woman\n|-status|p1a: Egg woman|tox\n|\n|-damage|p1a: Egg woman|37\/100 tox|[from] psn\n|upkeep\n|turn|32\n|\n|t:|1700522616\n|switch|p2a: Magnezone|Magnezone|37\/100 frz\n|move|p1a: Egg woman|Thunder Punch|p2a: Magnezone\n|-resisted|p2a: Magnezone\n|-crit|p2a: Magnezone\n|-damage|p2a: Magnezone|20\/100 frz\n|\n|-heal|p2a: Magnezone|26\/100 frz|[from] item: Leftovers\n|-damage|p1a: Egg woman|24\/100 tox|[from] psn\n|upkeep\n|turn|33\n|\n|t:|1700522629\n|-curestatus|p2a: Magnezone|frz|[msg]\n|move|p2a: Magnezone|Light Screen|p2a: Magnezone\n|-sidestart|p2: Juanito1610|move: Light Screen\n|move|p1a: Egg woman|Soft-Boiled|p1a: Egg woman\n|-heal|p1a: Egg woman|74\/100 tox\n|\n|-heal|p2a: Magnezone|32\/100|[from] item: Leftovers\n|-damage|p1a: Egg woman|56\/100 tox|[from] psn\n|upkeep\n|turn|34\n|\n|t:|1700522641\n|move|p2a: Magnezone|Reflect|p2a: Magnezone\n|-sidestart|p2: Juanito1610|Reflect\n|move|p1a: Egg woman|Power-Up Punch|p2a: Magnezone\n|-supereffective|p2a: Magnezone\n|-crit|p2a: Magnezone\n|-damage|p2a: Magnezone|0 fnt\n|faint|p2a: Magnezone\n|\n|-damage|p1a: Egg woman|31\/100 tox|[from] psn\n|upkeep\n|\n|t:|1700522651\n|switch|p2a: Garchomp|Garchomp, M|100\/100\n|turn|35\n|\n|t:|1700522659\n|move|p2a: Garchomp|Dragon Claw|p1a: Egg woman\n|-damage|p1a: Egg woman|0 fnt\n|faint|p1a: Egg woman\n|\n|upkeep\n|\n|t:|1700522668\n|switch|p1a: Iron boy|Ferrothorn, M|53\/100\n|-damage|p1a: Iron boy|47\/100|[from] Stealth Rock\n|turn|36\n|\n|t:|1700522679\n|move|p2a: Garchomp|Swords Dance|p2a: Garchomp\n|-boost|p2a: Garchomp|atk|2\n|move|p1a: Iron boy|Gyro Ball|p2a: Garchomp\n|-damage|p2a: Garchomp|46\/100\n|-damage|p1a: Iron boy|30\/100|[from] item: Rocky Helmet|[of] p2a: Garchomp\n|\n|upkeep\n|turn|37\n|\n|t:|1700522691\n|move|p2a: Garchomp|Earthquake|p1a: Iron boy\n|-crit|p1a: Iron boy\n|-damage|p1a: Iron boy|0 fnt\n|faint|p1a: Iron boy\n|\n|-sideend|p2: Juanito1610|move: Light Screen\n|upkeep\n|\n|t:|1700522698\n|switch|p1a: Sexy Red|Deoxys-Defense|100\/100\n|-damage|p1a: Sexy Red|88\/100|[from] Stealth Rock\n|-ability|p1a: Sexy Red|Pressure\n|turn|38\n|\n|t:|1700522712\n|move|p2a: Garchomp|Dragon Claw|p1a: Sexy Red\n|-damage|p1a: Sexy Red|13\/100\n|move|p1a: Sexy Red|Psycho Boost|p2a: Garchomp\n|-damage|p2a: Garchomp|0 fnt\n|-unboost|p1a: Sexy Red|spa|2\n|faint|p2a: Garchomp\n|-damage|p1a: Sexy Red|3\/100|[from] item: Life Orb\n|\n|-sideend|p2: Juanito1610|Reflect\n|upkeep\n|\n|t:|1700522726\n|switch|p2a: Clodsire|Clodsire, F, tera:Poison|33\/100\n|turn|39\n|\n|t:|1700522731\n|move|p1a: Sexy Red|Recover|p1a: Sexy Red\n|-heal|p1a: Sexy Red|53\/100\n|move|p2a: Clodsire|Recover|p2a: Clodsire\n|-heal|p2a: Clodsire|83\/100\n|\n|upkeep\n|turn|40\n|\n|t:|1700522739\n|switch|p2a: Corviknight|Corviknight, F|96\/100\n|-ability|p2a: Corviknight|Unnerve\n|move|p1a: Sexy Red|Recover|p1a: Sexy Red\n|-heal|p1a: Sexy Red|100\/100\n|\n|-heal|p2a: Corviknight|100\/100|[from] item: Leftovers\n|upkeep\n|turn|41\n|\n|t:|1700522753\n|move|p1a: Sexy Red|Nasty Plot|p1a: Sexy Red\n|-boost|p1a: Sexy Red|spa|2\n|move|p2a: Corviknight|Body Press|p1a: Sexy Red\n|-resisted|p1a: Sexy Red\n|-damage|p1a: Sexy Red|89\/100\n|\n|upkeep\n|turn|42\n|\n|t:|1700522767\n|switch|p2a: Clodsire|Clodsire, F, tera:Poison|83\/100\n|move|p1a: Sexy Red|Stealth Rock|p2a: Clodsire\n|-sidestart|p2: Juanito1610|move: Stealth Rock\n|\n|upkeep\n|turn|43\n|\n|t:|1700522779\n|move|p1a: Sexy Red|Nasty Plot|p1a: Sexy Red\n|-boost|p1a: Sexy Red|spa|2\n|move|p2a: Clodsire|Toxic|p1a: Sexy Red\n|-status|p1a: Sexy Red|tox\n|\n|-damage|p1a: Sexy Red|83\/100 tox|[from] psn\n|upkeep\n|turn|44\n|\n|t:|1700522791\n|switch|p2a: Corviknight|Corviknight, F|100\/100\n|-ability|p2a: Corviknight|Unnerve\n|-damage|p2a: Corviknight|88\/100|[from] Stealth Rock\n|move|p1a: Sexy Red|Nasty Plot|p1a: Sexy Red\n|-boost|p1a: Sexy Red|spa|2\n|\n|-heal|p2a: Corviknight|94\/100|[from] item: Leftovers\n|-damage|p1a: Sexy Red|70\/100 tox|[from] psn\n|upkeep\n|turn|45\n|\n|t:|1700522809\n|move|p1a: Sexy Red|Nasty Plot|p1a: Sexy Red\n|-boost|p1a: Sexy Red|spa|2\n|move|p2a: Corviknight|Roost|p2a: Corviknight\n|-heal|p2a: Corviknight|100\/100\n|-singleturn|p2a: Corviknight|move: Roost\n|\n|-damage|p1a: Sexy Red|52\/100 tox|[from] psn\n|upkeep\n|turn|46\n|\n|t:|1700522822\n|move|p1a: Sexy Red|Psycho Boost|p2a: Corviknight\n|-resisted|p2a: Corviknight\n|-damage|p2a: Corviknight|0 fnt\n|-unboost|p1a: Sexy Red|spa|2\n|faint|p2a: Corviknight\n|-damage|p1a: Sexy Red|42\/100 tox|[from] item: Life Orb\n|\n|-damage|p1a: Sexy Red|17\/100 tox|[from] psn\n|upkeep\n|\n|t:|1700522840\n|switch|p2a: Clodsire|Clodsire, F, tera:Poison|83\/100\n|-damage|p2a: Clodsire|71\/100|[from] Stealth Rock\n|turn|47\n|\n|t:|1700522847\n|move|p1a: Sexy Red|Psycho Boost|p2a: Clodsire\n|-supereffective|p2a: Clodsire\n|-damage|p2a: Clodsire|0 fnt\n|-unboost|p1a: Sexy Red|spa|2\n|faint|p2a: Clodsire\n|-damage|p1a: Sexy Red|7\/100 tox|[from] item: Life Orb\n|\n|win|Kdisue\n|raw|Kdisue's rating: 1017 &rarr; <strong>1061<\/strong><br \/>(+44 for winning)\n|raw|Juanito1610's rating: 1077 &rarr; <strong>1052<\/strong><br \/>(-25 for losing)\n","uploadtime":1700522856,"views":1,"p1id":"kdisue","p2id":"juanito1610","formatid":"gen9nationaldexubers","rating":1052,"private":0,"password":""}