{"id":"gen9nationaldexubers-1992165381","p1":"Hrathen123","p2":"VerduOsane","format":"[Gen 9] National Dex Ubers","log":"|j|\u2606Hrathen123\n|j|\u2606VerduOsane\n|t:|1700160430\n|gametype|singles\n|player|p1|Hrathen123|169|1204\n|player|p2|VerduOsane|101|1207\n|teamsize|p1|6\n|teamsize|p2|6\n|gen|9\n|tier|[Gen 9] National Dex Ubers\n|rated|\n|rule|HP Percentage Mod: HP is shown in percentages\n|rule|Endless Battle Clause: Forcing endless battles is banned\n|rule|OHKO Clause: OHKO moves are banned\n|rule|Evasion Moves Clause: Evasion moves are banned\n|rule|Evasion Items Clause: Evasion items are banned\n|rule|Species Clause: Limit one of each Pok\u00e9mon\n|rule|Sleep Clause Mod: Limit one foe put to sleep\n|rule|Mega Rayquaza Clause: You cannot mega evolve Rayquaza\n|clearpoke\n|poke|p1|Groudon|\n|poke|p1|Kyogre|\n|poke|p1|Swampert, M|\n|poke|p1|Kingdra, F|\n|poke|p1|Drednaw, F|\n|poke|p1|Chi-Yu|\n|poke|p2|Xurkitree|\n|poke|p2|Rampardos, M|\n|poke|p2|Ninjask, F|\n|poke|p2|Mantine, F|\n|poke|p2|Chansey, F|\n|poke|p2|Cloyster, F|\n|teampreview\n|c|\u2606VerduOsane|this team is probably one of the dumbest I\u2019ve made yet\n|\n|t:|1700160466\n|start\n|switch|p1a: Groudon|Groudon|100\/100\n|switch|p2a: Xurkitree|Xurkitree, shiny|100\/100\n|detailschange|p1a: Groudon|Groudon-Primal\n|-primal|p1a: Groudon|Red Orb\n|-weather|DesolateLand|[from] ability: Desolate Land|[of] p1a: Groudon\n|turn|1\n|\n|t:|1700160474\n|-zpower|p2a: Xurkitree\n|move|p2a: Xurkitree|Z-Hypnosis|p1a: Groudon|[anim]Hypnosis\n|-boost|p2a: Xurkitree|spe|1|[zeffect]\n|-status|p1a: Groudon|slp|[from] move: Hypnosis\n|cant|p1a: Groudon|slp\n|\n|-weather|DesolateLand|[upkeep]\n|upkeep\n|turn|2\n|\n|t:|1700160482\n|move|p2a: Xurkitree|Energy Ball|p1a: Groudon\n|-damage|p1a: Groudon|61\/100 slp\n|-unboost|p1a: Groudon|spd|1\n|-curestatus|p1a: Groudon|slp|[msg]\n|move|p1a: Groudon|Rock Polish|p1a: Groudon\n|-boost|p1a: Groudon|spe|2\n|\n|-weather|DesolateLand|[upkeep]\n|upkeep\n|turn|3\n|\n|t:|1700160490\n|move|p1a: Groudon|Precipice Blades|p2a: Xurkitree|[miss]\n|-miss|p1a: Groudon|p2a: Xurkitree\n|move|p2a: Xurkitree|Energy Ball|p1a: Groudon\n|-damage|p1a: Groudon|0 fnt\n|faint|p1a: Groudon\n|-weather|none\n|-ability|p2a: Xurkitree|Beast Boost|boost\n|-boost|p2a: Xurkitree|spa|1\n|\n|upkeep\n|\n|t:|1700160501\n|switch|p1a: Kyogre|Kyogre|100\/100\n|-weather|RainDance|[from] ability: Drizzle|[of] p1a: Kyogre\n|turn|4\n|\n|t:|1700160508\n|move|p1a: Kyogre|Water Spout|p2a: Xurkitree\n|-damage|p2a: Xurkitree|0 fnt\n|faint|p2a: Xurkitree\n|\n|-weather|RainDance|[upkeep]\n|upkeep\n|\n|t:|1700160514\n|switch|p2a: Cloyster|Cloyster, F|100\/100\n|turn|5\n|\n|t:|1700160519\n|switch|p1a: Drednaw|Drednaw, F|100\/100\n|move|p2a: Cloyster|Icicle Spear|p1a: Drednaw\n|-resisted|p1a: Drednaw\n|-damage|p1a: Drednaw|95\/100\n|-resisted|p1a: Drednaw\n|-damage|p1a: Drednaw|89\/100\n|-resisted|p1a: Drednaw\n|-damage|p1a: Drednaw|83\/100\n|-resisted|p1a: Drednaw\n|-damage|p1a: Drednaw|77\/100\n|-resisted|p1a: Drednaw\n|-damage|p1a: Drednaw|72\/100\n|-hitcount|p1a: Drednaw|5\n|\n|-weather|RainDance|[upkeep]\n|upkeep\n|turn|6\n|\n|t:|1700160560\n|move|p1a: Drednaw|Stone Edge|p2a: Cloyster|[miss]\n|-miss|p1a: Drednaw|p2a: Cloyster\n|move|p2a: Cloyster|Shell Smash|p2a: Cloyster\n|-unboost|p2a: Cloyster|def|1\n|-unboost|p2a: Cloyster|spd|1\n|-boost|p2a: Cloyster|atk|2\n|-boost|p2a: Cloyster|spa|2\n|-boost|p2a: Cloyster|spe|2\n|-enditem|p2a: Cloyster|White Herb\n|-clearnegativeboost|p2a: Cloyster|[silent]\n|\n|-weather|RainDance|[upkeep]\n|upkeep\n|turn|7\n|inactive|Battle timer is ON: inactive players will automatically lose when time's up. (requested by VerduOsane)\n|\n|t:|1700160580\n|move|p2a: Cloyster|Rock Blast|p1a: Drednaw\n|-damage|p1a: Drednaw|55\/100\n|-damage|p1a: Drednaw|38\/100\n|-damage|p1a: Drednaw|22\/100\n|-damage|p1a: Drednaw|4\/100\n|-damage|p1a: Drednaw|0 fnt\n|faint|p1a: Drednaw\n|-hitcount|p1: Drednaw|5\n|\n|-weather|RainDance|[upkeep]\n|upkeep\n|\n|t:|1700160591\n|switch|p1a: Kyogre|Kyogre|100\/100\n|turn|8\n|\n|t:|1700160597\n|move|p2a: Cloyster|Rock Blast|p1a: Kyogre|[miss]\n|-miss|p2a: Cloyster|p1a: Kyogre\n|move|p1a: Kyogre|Thunder|p2a: Cloyster\n|-supereffective|p2a: Cloyster\n|-damage|p2a: Cloyster|0 fnt\n|faint|p2a: Cloyster\n|\n|-weather|none\n|upkeep\n|\n|t:|1700160606\n|switch|p2a: Chansey|Chansey, F|100\/100\n|turn|9\n|\n|t:|1700160610\n|switch|p1a: Chi-Yu|Chi-Yu|100\/100\n|-ability|p1a: Chi-Yu|Beads of Ruin\n|move|p2a: Chansey|Stealth Rock|p1a: Chi-Yu\n|-sidestart|p1: Hrathen123|move: Stealth Rock\n|\n|upkeep\n|turn|10\n|\n|t:|1700160617\n|move|p1a: Chi-Yu|Overheat|p2a: Chansey\n|-damage|p2a: Chansey|70\/100\n|-unboost|p1a: Chi-Yu|spa|2\n|move|p2a: Chansey|Toxic|p1a: Chi-Yu\n|-status|p1a: Chi-Yu|tox\n|\n|-damage|p1a: Chi-Yu|95\/100 tox|[from] psn\n|upkeep\n|turn|11\n|\n|t:|1700160632\n|switch|p1a: Kyogre|Kyogre|100\/100\n|-damage|p1a: Kyogre|88\/100|[from] Stealth Rock\n|-weather|RainDance|[from] ability: Drizzle|[of] p1a: Kyogre\n|move|p2a: Chansey|Wish|p2a: Chansey\n|\n|-weather|RainDance|[upkeep]\n|upkeep\n|turn|12\n|\n|t:|1700160642\n|move|p1a: Kyogre|Water Spout|p2a: Chansey\n|-damage|p2a: Chansey|34\/100\n|move|p2a: Chansey|Toxic|p1a: Kyogre\n|-status|p1a: Kyogre|tox\n|\n|-weather|RainDance|[upkeep]\n|-heal|p2a: Chansey|84\/100|[from] move: Wish|[wisher] Chansey\n|-damage|p1a: Kyogre|82\/100 tox|[from] psn\n|upkeep\n|turn|13\n|\n|t:|1700160654\n|move|p1a: Kyogre|Water Spout|p2a: Chansey\n|-damage|p2a: Chansey|51\/100\n|move|p2a: Chansey|Seismic Toss|p1a: Kyogre\n|-damage|p1a: Kyogre|53\/100 tox\n|\n|-weather|RainDance|[upkeep]\n|-damage|p1a: Kyogre|40\/100 tox|[from] psn\n|upkeep\n|turn|14\n|\n|t:|1700160664\n|switch|p1a: Chi-Yu|Chi-Yu|95\/100 tox\n|-damage|p1a: Chi-Yu|70\/100 tox|[from] Stealth Rock\n|-ability|p1a: Chi-Yu|Beads of Ruin\n|move|p2a: Chansey|Wish|p2a: Chansey\n|\n|-weather|RainDance|[upkeep]\n|-damage|p1a: Chi-Yu|64\/100 tox|[from] psn\n|upkeep\n|turn|15\n|\n|t:|1700160679\n|switch|p2a: Mantine|Mantine, F|100\/100\n|move|p1a: Chi-Yu|Hyper Beam|p2a: Mantine\n|-damage|p2a: Mantine|67\/100\n|-mustrecharge|p1a: Chi-Yu\n|\n|-weather|none\n|-heal|p2a: Mantine|100\/100|[from] move: Wish|[wisher] Chansey\n|-damage|p1a: Chi-Yu|52\/100 tox|[from] psn\n|upkeep\n|turn|16\n|\n|t:|1700160695\n|cant|p1a: Chi-Yu|recharge\n|move|p2a: Mantine|Scald|p1a: Chi-Yu\n|-supereffective|p1a: Chi-Yu\n|-damage|p1a: Chi-Yu|0 fnt\n|faint|p1a: Chi-Yu\n|\n|upkeep\n|\n|t:|1700160715\n|switch|p1a: Kyogre|Kyogre|40\/100 tox\n|-damage|p1a: Kyogre|28\/100 tox|[from] Stealth Rock\n|-weather|RainDance|[from] ability: Drizzle|[of] p1a: Kyogre\n|turn|17\n|\n|t:|1700160728\n|switch|p2a: Chansey|Chansey, F|51\/100\n|move|p1a: Kyogre|Thunder|p2a: Chansey\n|-damage|p2a: Chansey|37\/100\n|\n|-weather|RainDance|[upkeep]\n|-damage|p1a: Kyogre|22\/100 tox|[from] psn\n|upkeep\n|turn|18\n|\n|t:|1700160736\n|move|p1a: Kyogre|Thunder|p2a: Chansey\n|-damage|p2a: Chansey|24\/100\n|move|p2a: Chansey|Wish|p2a: Chansey\n|\n|-weather|RainDance|[upkeep]\n|-damage|p1a: Kyogre|10\/100 tox|[from] psn\n|upkeep\n|turn|19\n|\n|t:|1700160753\n|move|p1a: Kyogre|Thunder|p2a: Chansey\n|-damage|p2a: Chansey|10\/100\n|-status|p2a: Chansey|par\n|move|p2a: Chansey|Seismic Toss|p1a: Kyogre\n|-damage|p1a: Kyogre|0 fnt\n|faint|p1a: Kyogre\n|\n|-weather|RainDance|[upkeep]\n|-heal|p2a: Chansey|60\/100 par|[from] move: Wish|[wisher] Chansey\n|upkeep\n|\n|t:|1700160767\n|switch|p1a: Swampert|Swampert, M|100\/100\n|-damage|p1a: Swampert|94\/100|[from] Stealth Rock\n|turn|20\n|\n|t:|1700160774\n|detailschange|p1a: Swampert|Swampert-Mega, M\n|-mega|p1a: Swampert|Swampert|Swampertite\n|move|p1a: Swampert|Earthquake|p2a: Chansey\n|-damage|p2a: Chansey|20\/100 par\n|move|p2a: Chansey|Toxic|p1a: Swampert\n|-status|p1a: Swampert|tox\n|\n|-weather|RainDance|[upkeep]\n|-damage|p1a: Swampert|88\/100 tox|[from] psn\n|upkeep\n|turn|21\n|\n|t:|1700160788\n|move|p1a: Swampert|Earthquake|p2a: Chansey\n|-damage|p2a: Chansey|0 fnt\n|faint|p2a: Chansey\n|\n|-weather|none\n|-damage|p1a: Swampert|76\/100 tox|[from] psn\n|upkeep\n|\n|t:|1700160795\n|switch|p2a: Mantine|Mantine, F|100\/100\n|turn|22\n|\n|t:|1700160815\n|move|p2a: Mantine|Scald|p1a: Swampert\n|-crit|p1a: Swampert\n|-damage|p1a: Swampert|37\/100 tox\n|move|p1a: Swampert|Stone Edge|p2a: Mantine\n|-supereffective|p2a: Mantine\n|-crit|p2a: Mantine\n|-damage|p2a: Mantine|0 fnt\n|faint|p2a: Mantine\n|\n|-damage|p1a: Swampert|19\/100 tox|[from] psn\n|upkeep\n|\n|t:|1700160831\n|switch|p2a: Rampardos|Rampardos, M|100\/100\n|turn|23\n|\n|t:|1700160837\n|move|p2a: Rampardos|Rock Polish|p2a: Rampardos\n|-boost|p2a: Rampardos|spe|2\n|move|p1a: Swampert|Liquidation|p2a: Rampardos\n|-supereffective|p2a: Rampardos\n|-enditem|p2a: Rampardos|Focus Sash\n|-damage|p2a: Rampardos|1\/100\n|\n|-damage|p1a: Swampert|0 fnt|[from] psn\n|faint|p1a: Swampert\n|upkeep\n|\n|t:|1700160858\n|switch|p1a: Kingdra|Kingdra, F|100\/100\n|-damage|p1a: Kingdra|88\/100|[from] Stealth Rock\n|turn|24\n|\n|t:|1700160867\n|-terastallize|p2a: Rampardos|Psychic\n|move|p2a: Rampardos|Zen Headbutt|p1a: Kingdra\n|-damage|p1a: Kingdra|0 fnt\n|faint|p1a: Kingdra\n|\n|win|VerduOsane\n|raw|Hrathen123's rating: 1204 &rarr; <strong>1179<\/strong><br \/>(-25 for losing)\n|raw|VerduOsane's rating: 1207 &rarr; <strong>1232<\/strong><br \/>(+25 for winning)\n|c|\u2606VerduOsane|gg\n|l|\u2606Hrathen123\n","uploadtime":1700160888,"views":45,"p1id":"hrathen123","p2id":"verduosane","formatid":"gen9nationaldexubers","rating":1179,"private":0,"password":""}