{"id":"gen9nationaldexubers-1978349798","p1":"Wooly14","p2":"BTT2023","format":"[Gen 9] National Dex Ubers","log":"|j|\u2606Wooly14\n|j|\u2606BTT2023\n|t:|1698528079\n|gametype|singles\n|player|p1|Wooly14|hilda|1239\n|player|p2|BTT2023|red|1189\n|teamsize|p1|6\n|teamsize|p2|6\n|gen|9\n|tier|[Gen 9] National Dex Ubers\n|rated|\n|rule|HP Percentage Mod: HP is shown in percentages\n|rule|Endless Battle Clause: Forcing endless battles is banned\n|rule|OHKO Clause: OHKO moves are banned\n|rule|Evasion Moves Clause: Evasion moves are banned\n|rule|Evasion Items Clause: Evasion items are banned\n|rule|Species Clause: Limit one of each Pok\u00e9mon\n|rule|Sleep Clause Mod: Limit one foe put to sleep\n|rule|Mega Rayquaza Clause: You cannot mega evolve Rayquaza\n|clearpoke\n|poke|p1|Lucario, M|\n|poke|p1|Simipour, F|\n|poke|p1|Charjabug, M|\n|poke|p1|Chandelure, F|\n|poke|p1|Umbreon, M|\n|poke|p1|Eelektross, F|\n|poke|p2|Blastoise, M|\n|poke|p2|Turtonator, M|\n|poke|p2|Torterra, M|\n|poke|p2|Drednaw, M|\n|poke|p2|Avalugg, M|\n|poke|p2|Shuckle, M|\n|teampreview\n|inactive|Battle timer is ON: inactive players will automatically lose when time's up. (requested by Wooly14)\n|\n|t:|1698528087\n|start\n|switch|p1a: Dixie|Simipour, F|100\/100\n|switch|p2a: Shuckle|Shuckle, M|100\/100\n|turn|1\n|\n|t:|1698528092\n|move|p1a: Dixie|Nasty Plot|p1a: Dixie\n|-boost|p1a: Dixie|spa|2\n|move|p2a: Shuckle|Toxic|p1a: Dixie\n|-status|p1a: Dixie|tox\n|\n|-damage|p1a: Dixie|94\/100 tox|[from] psn\n|upkeep\n|turn|2\n|\n|t:|1698528095\n|move|p1a: Dixie|Nasty Plot|p1a: Dixie\n|-boost|p1a: Dixie|spa|2\n|move|p2a: Shuckle|Encore|p1a: Dixie\n|-start|p1a: Dixie|Encore\n|\n|-damage|p1a: Dixie|82\/100 tox|[from] psn\n|upkeep\n|turn|3\n|\n|t:|1698528102\n|move|p1a: Dixie|Nasty Plot|p1a: Dixie\n|-boost|p1a: Dixie|spa|2\n|move|p2a: Shuckle|Sticky Web|p1a: Dixie\n|-sidestart|p1: Wooly14|move: Sticky Web\n|\n|-damage|p1a: Dixie|64\/100 tox|[from] psn\n|upkeep\n|turn|4\n|\n|t:|1698528103\n|move|p1a: Dixie|Nasty Plot|p1a: Dixie\n|-boost|p1a: Dixie|spa|0\n|move|p2a: Shuckle|Stealth Rock|p1a: Dixie\n|-sidestart|p1: Wooly14|move: Stealth Rock\n|\n|-damage|p1a: Dixie|39\/100 tox|[from] psn\n|upkeep\n|-enditem|p1a: Dixie|Salac Berry|[eat]\n|-boost|p1a: Dixie|spe|1|[from] item: Salac Berry\n|turn|5\n|\n|t:|1698528119\n|switch|p2a: Blastoise|Blastoise, M|100\/100\n|move|p1a: Dixie|Nasty Plot|p1a: Dixie\n|-boost|p1a: Dixie|spa|0\n|\n|-damage|p1a: Dixie|8\/100 tox|[from] psn\n|-end|p1a: Dixie|Encore\n|upkeep\n|turn|6\n|\n|t:|1698528125\n|move|p1a: Dixie|Hydro Pump|p2a: Blastoise\n|-resisted|p2a: Blastoise\n|-damage|p2a: Blastoise|0 fnt\n|faint|p2a: Blastoise\n|\n|-damage|p1a: Dixie|0 fnt|[from] psn\n|faint|p1a: Dixie\n|upkeep\n|\n|t:|1698528146\n|switch|p1a: Unagi|Eelektross, F|100\/100\n|switch|p2a: Shuckle|Shuckle, M|100\/100\n|-damage|p1a: Unagi|88\/100|[from] Stealth Rock\n|turn|7\n|\n|t:|1698528153\n|move|p1a: Unagi|Thunderbolt|p2a: Shuckle\n|-damage|p2a: Shuckle|76\/100\n|-enditem|p2a: Shuckle|Red Card|[of] p1a: Unagi\n|drag|p1a: Battery Bus|Charjabug, M, shiny|100\/100\n|-activate|p1a: Battery Bus|move: Sticky Web\n|-unboost|p1a: Battery Bus|spe|1\n|-damage|p1a: Battery Bus|76\/100|[from] Stealth Rock\n|move|p2a: Shuckle|Toxic|p1a: Battery Bus\n|-status|p1a: Battery Bus|tox\n|\n|-damage|p1a: Battery Bus|70\/100 tox|[from] psn\n|upkeep\n|turn|8\n|\n|t:|1698528164\n|move|p1a: Battery Bus|Toxic|p2a: Shuckle\n|-status|p2a: Shuckle|tox\n|move|p2a: Shuckle|Encore|p1a: Battery Bus\n|-start|p1a: Battery Bus|Encore\n|\n|-damage|p1a: Battery Bus|58\/100 tox|[from] psn\n|-damage|p2a: Shuckle|70\/100 tox|[from] psn\n|upkeep\n|turn|9\n|\n|t:|1698528188\n|switch|p1a: Lucario|Lucario, M|100\/100\n|-activate|p1a: Lucario|move: Sticky Web\n|-unboost|p1a: Lucario|spe|1\n|-damage|p1a: Lucario|98\/100|[from] Stealth Rock\n|switch|p2a: Drednaw|Drednaw, M|100\/100\n|\n|upkeep\n|turn|10\n|inactive|BTT2023 has 120 seconds left.\n|\n|t:|1698528203\n|detailschange|p1a: Lucario|Lucario-Mega, M\n|-mega|p1a: Lucario|Lucario|Lucarionite\n|-terastallize|p2a: Drednaw|Fighting\n|move|p2a: Drednaw|Shell Smash|p2a: Drednaw\n|-unboost|p2a: Drednaw|def|1\n|-unboost|p2a: Drednaw|spd|1\n|-boost|p2a: Drednaw|atk|2\n|-boost|p2a: Drednaw|spa|2\n|-boost|p2a: Drednaw|spe|2\n|-enditem|p2a: Drednaw|White Herb\n|-clearnegativeboost|p2a: Drednaw|[silent]\n|move|p1a: Lucario|Swords Dance|p1a: Lucario\n|-boost|p1a: Lucario|atk|2\n|\n|upkeep\n|turn|11\n|inactive|BTT2023 has 120 seconds left.\n|\n|t:|1698528218\n|move|p2a: Drednaw|Earthquake|p1a: Lucario\n|-supereffective|p1a: Lucario\n|-crit|p1a: Lucario\n|-damage|p1a: Lucario|0 fnt\n|faint|p1a: Lucario\n|\n|upkeep\n|\n|t:|1698528227\n|switch|p1a: Battery Bus|Charjabug, M, shiny|58\/100 tox\n|-activate|p1a: Battery Bus|move: Sticky Web\n|-unboost|p1a: Battery Bus|spe|1\n|-damage|p1a: Battery Bus|33\/100 tox|[from] Stealth Rock\n|turn|12\n|\n|t:|1698528235\n|move|p2a: Drednaw|Liquidation|p1a: Battery Bus\n|-damage|p1a: Battery Bus|0 fnt\n|faint|p1a: Battery Bus\n|\n|upkeep\n|\n|t:|1698528238\n|switch|p1a: Unagi|Eelektross, F|88\/100\n|-damage|p1a: Unagi|76\/100|[from] Stealth Rock\n|turn|13\n|\n|t:|1698528244\n|move|p2a: Drednaw|Liquidation|p1a: Unagi\n|-damage|p1a: Unagi|0 fnt\n|faint|p1a: Unagi\n|\n|upkeep\n|\n|t:|1698528247\n|switch|p1a: Umbreon|Umbreon, M, shiny|100\/100\n|-activate|p1a: Umbreon|move: Sticky Web\n|-unboost|p1a: Umbreon|spe|1\n|-damage|p1a: Umbreon|88\/100|[from] Stealth Rock\n|turn|14\n|\n|t:|1698528251\n|move|p2a: Drednaw|Tera Blast|p1a: Umbreon|[anim] Tera Blast Fighting\n|-supereffective|p1a: Umbreon\n|-damage|p1a: Umbreon|0 fnt\n|faint|p1a: Umbreon\n|\n|upkeep\n|\n|t:|1698528253\n|switch|p1a: Chandelure|Chandelure, F|100\/100\n|-activate|p1a: Chandelure|move: Sticky Web\n|-unboost|p1a: Chandelure|spe|1\n|-damage|p1a: Chandelure|76\/100|[from] Stealth Rock\n|turn|15\n|\n|t:|1698528262\n|-terastallize|p1a: Chandelure|Ghost\n|move|p2a: Drednaw|Liquidation|p1a: Chandelure\n|-damage|p1a: Chandelure|0 fnt\n|faint|p1a: Chandelure\n|\n|win|BTT2023\n|raw|Wooly14's rating: 1239 &rarr; <strong>1210<\/strong><br \/>(-29 for losing)\n|raw|BTT2023's rating: 1189 &rarr; <strong>1218<\/strong><br \/>(+29 for winning)\n|c|\u2606BTT2023|GG :)\n|l|\u2606Wooly14\n","uploadtime":1698528269,"views":7,"p1id":"wooly14","p2id":"btt2023","formatid":"gen9nationaldexubers","rating":1210,"private":0,"password":""}