{"id":"gen9nationaldexubers-1982973843","p1":"medi34","p2":"Riverton Red Sawks","format":"[Gen 9] National Dex Ubers","log":"|j|\u2606medi34\n|j|\u2606Riverton Red Sawks\n|t:|1699065032\n|gametype|singles\n|player|p1|medi34|169|\n|player|p2|Riverton Red Sawks|misty|\n|teamsize|p1|6\n|teamsize|p2|6\n|gen|9\n|tier|[Gen 9] National Dex Ubers\n|rule|HP Percentage Mod: HP is shown in percentages\n|rule|Endless Battle Clause: Forcing endless battles is banned\n|rule|OHKO Clause: OHKO moves are banned\n|rule|Evasion Moves Clause: Evasion moves are banned\n|rule|Evasion Items Clause: Evasion items are banned\n|rule|Species Clause: Limit one of each Pok\u00e9mon\n|rule|Sleep Clause Mod: Limit one foe put to sleep\n|rule|Mega Rayquaza Clause: You cannot mega evolve Rayquaza\n|clearpoke\n|poke|p1|Groudon|\n|poke|p1|Corviknight, F|\n|poke|p1|Skeledirge, F|\n|poke|p1|Meowscarada, M|\n|poke|p1|Sandy Shocks|\n|poke|p1|Florges-White, F|\n|poke|p2|Walking Wake|\n|poke|p2|Garganacl, M|\n|poke|p2|Mawile, F|\n|poke|p2|Tyranitar, M|\n|poke|p2|Tapu Fini|\n|poke|p2|Crobat, M|\n|teampreview\n|j| Waikiki Woopers\n|c|\u2606Riverton Red Sawks|Frenn, the fight of fights is upon us.\n|c|\u2606Riverton Red Sawks|Give me your all\n|c|\u2606medi34|That it is. Huzzah!\n|c| Waikiki Woopers|HYPE\n|c| Waikiki Woopers|glhf\n|j| PokeHaint\n|j| cincinnaticynda\n|\n|t:|1699065092\n|start\n|switch|p1a: steel nuggie|Corviknight, F, shiny|100\/100\n|switch|p2a: Crobat|Crobat, M|100\/100\n|-ability|p1a: steel nuggie|Pressure\n|turn|1\n|\n|t:|1699065125\n|switch|p2a: Walking Wake|Walking Wake|100\/100\n|move|p1a: steel nuggie|U-turn|p2a: Walking Wake\n|-damage|p2a: Walking Wake|86\/100\n|\n|t:|1699065138\n|switch|p1a: my ex|Florges-White, F, shiny|100\/100|[from] U-turn\n|\n|upkeep\n|turn|2\n|\n|t:|1699065155\n|-end|p2a: Walking Wake|Protosynthesis|[silent]\n|switch|p2a: Crobat|Crobat, M|100\/100\n|move|p1a: my ex|Moonblast|p2a: Crobat\n|-resisted|p2a: Crobat\n|-damage|p2a: Crobat|74\/100\n|\n|upkeep\n|turn|3\n|\n|t:|1699065191\n|switch|p1a: bzzt|Sandy Shocks|100\/100\n|move|p2a: Crobat|U-turn|p1a: bzzt\n|-damage|p1a: bzzt|84\/100\n|\n|t:|1699065209\n|switch|p2a: Walking Wake|Walking Wake|86\/100|[from] U-turn\n|\n|upkeep\n|turn|4\n|\n|t:|1699065228\n|-end|p1a: bzzt|Protosynthesis|[silent]\n|switch|p1a: my ex|Florges-White, F, shiny|100\/100\n|move|p2a: Walking Wake|Flamethrower|p1a: my ex\n|-damage|p1a: my ex|72\/100\n|\n|-heal|p1a: my ex|78\/100|[from] item: Leftovers\n|upkeep\n|turn|5\n|\n|t:|1699065257\n|-end|p2a: Walking Wake|Protosynthesis|[silent]\n|switch|p2a: Crobat|Crobat, M|74\/100\n|move|p1a: my ex|Moonblast|p2a: Crobat\n|-resisted|p2a: Crobat\n|-damage|p2a: Crobat|50\/100\n|-unboost|p2a: Crobat|spa|1\n|\n|-heal|p1a: my ex|84\/100|[from] item: Leftovers\n|upkeep\n|turn|6\n|c|\u2606medi34|SpA drop on crobat is vital\n|c|\u2606medi34|that's my strat\n|c|\u2606Riverton Red Sawks|I've lost\n|c|\u2606Riverton Red Sawks|I can't come back\n|c| cincinnaticynda|Crobat is known for being crippled at -1 SpA\n|c|\u2606Riverton Red Sawks|lolz\n|c| Waikiki Woopers|crobat's achilles heel\n|c|\u2606Riverton Red Sawks|I'm gonna run a special crobat one day\n|\n|t:|1699065332\n|switch|p1a: steel nuggie|Corviknight, F, shiny|100\/100\n|-ability|p1a: steel nuggie|Pressure\n|move|p2a: Crobat|Roost|p2a: Crobat\n|-heal|p2a: Crobat|100\/100\n|-singleturn|p2a: Crobat|move: Roost\n|\n|upkeep\n|turn|7\n|c| Waikiki Woopers|bet\n|c| cincinnaticynda|I second that bet\n|c|\u2606Riverton Red Sawks|accepted\n|\n|t:|1699065366\n|switch|p2a: Tyranitar|Tyranitar, M|100\/100\n|-weather|Sandstorm|[from] ability: Sand Stream|[of] p2a: Tyranitar\n|switch|p1a: my ex|Florges-White, F, shiny|84\/100\n|\n|-weather|Sandstorm|[upkeep]\n|-damage|p1a: my ex|78\/100|[from] Sandstorm\n|-heal|p1a: my ex|84\/100|[from] item: Leftovers\n|upkeep\n|turn|8\n|\n|t:|1699065402\n|move|p1a: my ex|Chilling Water|p2a: Tyranitar\n|-supereffective|p2a: Tyranitar\n|-damage|p2a: Tyranitar|87\/100\n|-unboost|p2a: Tyranitar|atk|1\n|move|p2a: Tyranitar|Stealth Rock|p1a: my ex\n|-sidestart|p1: medi34|move: Stealth Rock\n|\n|-weather|Sandstorm|[upkeep]\n|-damage|p1a: my ex|78\/100|[from] Sandstorm\n|-heal|p1a: my ex|84\/100|[from] item: Leftovers\n|upkeep\n|turn|9\n|\n|t:|1699065414\n|move|p1a: my ex|Calm Mind|p1a: my ex\n|-boost|p1a: my ex|spa|1\n|-boost|p1a: my ex|spd|1\n|move|p2a: Tyranitar|Stone Edge|p1a: my ex\n|-damage|p1a: my ex|45\/100\n|\n|-weather|Sandstorm|[upkeep]\n|-damage|p1a: my ex|39\/100|[from] Sandstorm\n|-heal|p1a: my ex|45\/100|[from] item: Leftovers\n|upkeep\n|turn|10\n|\n|t:|1699065427\n|move|p1a: my ex|Synthesis|p1a: my ex\n|-heal|p1a: my ex|70\/100\n|move|p2a: Tyranitar|Stone Edge|p1a: my ex|[miss]\n|-miss|p2a: Tyranitar|p1a: my ex\n|\n|-weather|Sandstorm|[upkeep]\n|-damage|p1a: my ex|64\/100|[from] Sandstorm\n|-heal|p1a: my ex|70\/100|[from] item: Leftovers\n|upkeep\n|turn|11\n|\n|t:|1699065453\n|move|p1a: my ex|Chilling Water|p2a: Tyranitar\n|-supereffective|p2a: Tyranitar\n|-damage|p2a: Tyranitar|66\/100\n|-unboost|p2a: Tyranitar|atk|1\n|move|p2a: Tyranitar|Stone Edge|p1a: my ex|[miss]\n|-miss|p2a: Tyranitar|p1a: my ex\n|\n|-weather|none\n|-heal|p1a: my ex|76\/100|[from] item: Leftovers\n|upkeep\n|turn|12\n|c| PokeHaint|My ex????\n|\n|t:|1699065466\n|switch|p2a: Walking Wake|Walking Wake|86\/100\n|move|p1a: my ex|Moonblast|p2a: Walking Wake\n|-supereffective|p2a: Walking Wake\n|-damage|p2a: Walking Wake|0 fnt\n|faint|p2a: Walking Wake\n|-end|p2a: Walking Wake|Protosynthesis|[silent]\n|\n|-heal|p1a: my ex|82\/100|[from] item: Leftovers\n|upkeep\n|c|\u2606medi34|yes\n|c|\u2606Riverton Red Sawks|That hurt\n|c|\u2606medi34|she is\n|\n|t:|1699065482\n|switch|p2a: Mawile|Mawile, F|100\/100\n|-ability|p2a: Mawile|Intimidate|boost\n|-unboost|p1a: my ex|atk|1\n|turn|13\n|\n|t:|1699065497\n|switch|p1a: steel nuggie|Corviknight, F, shiny|100\/100\n|-damage|p1a: steel nuggie|88\/100|[from] Stealth Rock\n|-ability|p1a: steel nuggie|Pressure\n|detailschange|p2a: Mawile|Mawile-Mega, F\n|-mega|p2a: Mawile|Mawile|Mawilite\n|move|p2a: Mawile|Iron Head|p1a: steel nuggie\n|-resisted|p1a: steel nuggie\n|-damage|p1a: steel nuggie|66\/100\n|-damage|p2a: Mawile|84\/100|[from] item: Rocky Helmet|[of] p1a: steel nuggie\n|\n|upkeep\n|turn|14\n|\n|t:|1699065515\n|move|p2a: Mawile|Thunder Punch|p1a: steel nuggie\n|-supereffective|p1a: steel nuggie\n|-damage|p1a: steel nuggie|4\/100\n|-damage|p2a: Mawile|67\/100|[from] item: Rocky Helmet|[of] p1a: steel nuggie\n|move|p1a: steel nuggie|Roost|p1a: steel nuggie\n|-heal|p1a: steel nuggie|54\/100\n|-singleturn|p1a: steel nuggie|move: Roost\n|\n|upkeep\n|turn|15\n|\n|t:|1699065528\n|switch|p1a: bzzt|Sandy Shocks|84\/100\n|-damage|p1a: bzzt|78\/100|[from] Stealth Rock\n|move|p2a: Mawile|Iron Head|p1a: bzzt\n|-resisted|p1a: bzzt\n|-damage|p1a: bzzt|36\/100\n|\n|upkeep\n|turn|16\n|\n|t:|1699065547\n|move|p2a: Mawile|Sucker Punch|p1a: bzzt\n|-damage|p1a: bzzt|0 fnt\n|faint|p1a: bzzt\n|-end|p1a: bzzt|Protosynthesis|[silent]\n|\n|upkeep\n|\n|t:|1699065584\n|switch|p1a: spicy nuggie|Skeledirge, F|100\/100\n|-damage|p1a: spicy nuggie|76\/100|[from] Stealth Rock\n|turn|17\n|\n|t:|1699065602\n|move|p2a: Mawile|Sucker Punch||[still]\n|-fail|p2a: Mawile\n|move|p1a: spicy nuggie|Substitute|p1a: spicy nuggie\n|-start|p1a: spicy nuggie|Substitute\n|-damage|p1a: spicy nuggie|51\/100\n|\n|upkeep\n|turn|18\n|\n|t:|1699065618\n|switch|p2a: Tyranitar|Tyranitar, M|66\/100\n|-weather|Sandstorm|[from] ability: Sand Stream|[of] p2a: Tyranitar\n|move|p1a: spicy nuggie|Torch Song|p2a: Tyranitar\n|-resisted|p2a: Tyranitar\n|-damage|p2a: Tyranitar|60\/100\n|-boost|p1a: spicy nuggie|spa|1\n|\n|-weather|Sandstorm|[upkeep]\n|-damage|p1a: spicy nuggie|45\/100|[from] Sandstorm\n|upkeep\n|turn|19\n|\n|t:|1699065645\n|move|p1a: spicy nuggie|Slack Off|p1a: spicy nuggie\n|-heal|p1a: spicy nuggie|95\/100\n|move|p2a: Tyranitar|Crunch|p1a: spicy nuggie\n|-supereffective|p1a: spicy nuggie\n|-end|p1a: spicy nuggie|Substitute\n|\n|-weather|Sandstorm|[upkeep]\n|-damage|p1a: spicy nuggie|89\/100|[from] Sandstorm\n|upkeep\n|turn|20\n|\n|t:|1699065654\n|switch|p1a: dino nuggie|Groudon, shiny|100\/100\n|-damage|p1a: dino nuggie|94\/100|[from] Stealth Rock\n|-weather|SunnyDay|[from] ability: Drought|[of] p1a: dino nuggie\n|move|p2a: Tyranitar|Crunch|p1a: dino nuggie\n|-damage|p1a: dino nuggie|72\/100\n|\n|-weather|SunnyDay|[upkeep]\n|upkeep\n|turn|21\n|\n|t:|1699065696\n|switch|p2a: Crobat|Crobat, M|100\/100\n|move|p1a: dino nuggie|Bulk Up|p1a: dino nuggie\n|-boost|p1a: dino nuggie|atk|1\n|-boost|p1a: dino nuggie|def|1\n|\n|-weather|SunnyDay|[upkeep]\n|upkeep\n|turn|22\n|\n|t:|1699065740\n|move|p2a: Crobat|U-turn|p1a: dino nuggie\n|-damage|p1a: dino nuggie|66\/100\n|\n|t:|1699065744\n|switch|p2a: Garganacl|Garganacl, M|100\/100|[from] U-turn\n|move|p1a: dino nuggie|Earthquake|p2a: Garganacl\n|-supereffective|p2a: Garganacl\n|-damage|p2a: Garganacl|0 fnt\n|faint|p2a: Garganacl\n|\n|-weather|SunnyDay|[upkeep]\n|upkeep\n|\n|t:|1699065753\n|switch|p2a: Tapu Fini|Tapu Fini|100\/100\n|-fieldstart|move: Misty Terrain|[from] ability: Misty Surge|[of] p2a: Tapu Fini\n|turn|23\n|\n|t:|1699065785\n|move|p2a: Tapu Fini|Moonblast|p1a: dino nuggie\n|-damage|p1a: dino nuggie|33\/100\n|move|p1a: dino nuggie|Earthquake|p2a: Tapu Fini\n|-damage|p2a: Tapu Fini|17\/100\n|\n|-weather|SunnyDay|[upkeep]\n|upkeep\n|turn|24\n|\n|t:|1699065814\n|move|p2a: Tapu Fini|Moonblast|p1a: dino nuggie\n|-damage|p1a: dino nuggie|2\/100\n|-unboost|p1a: dino nuggie|spa|1\n|move|p1a: dino nuggie|Fire Punch|p2a: Tapu Fini\n|-resisted|p2a: Tapu Fini\n|-damage|p2a: Tapu Fini|0 fnt\n|faint|p2a: Tapu Fini\n|\n|-weather|none\n|upkeep\n|\n|t:|1699065824\n|switch|p2a: Mawile|Mawile-Mega, F|67\/100\n|turn|25\n|\n|t:|1699065832\n|move|p2a: Mawile|Sucker Punch||[still]\n|-fail|p2a: Mawile\n|move|p1a: dino nuggie|Roar|p2a: Mawile\n|drag|p2a: Crobat|Crobat, M|100\/100\n|\n|upkeep\n|turn|26\n|\n|t:|1699065845\n|move|p2a: Crobat|Cross Poison|p1a: dino nuggie\n|-resisted|p1a: dino nuggie\n|-damage|p1a: dino nuggie|0 fnt\n|faint|p1a: dino nuggie\n|\n|upkeep\n|\n|t:|1699065873\n|switch|p1a: steel nuggie|Corviknight, F, shiny|54\/100\n|-damage|p1a: steel nuggie|42\/100|[from] Stealth Rock\n|-ability|p1a: steel nuggie|Pressure\n|turn|27\n|\n|t:|1699065953\n|move|p2a: Crobat|U-turn|p1a: steel nuggie\n|-resisted|p1a: steel nuggie\n|-damage|p1a: steel nuggie|39\/100\n|-damage|p2a: Crobat|84\/100|[from] item: Rocky Helmet|[of] p1a: steel nuggie\n|c|\u2606Riverton Red Sawks|I miss wake\n|\n|t:|1699065961\n|switch|p2a: Mawile|Mawile-Mega, F|67\/100|[from] U-turn\n|move|p1a: steel nuggie|Iron Defense|p1a: steel nuggie\n|-boost|p1a: steel nuggie|def|2\n|\n|-fieldend|Misty Terrain\n|upkeep\n|turn|28\n|c|\u2606medi34|He terrifies me\n|\n|t:|1699065973\n|move|p2a: Mawile|Thunder Punch|p1a: steel nuggie\n|-supereffective|p1a: steel nuggie\n|-damage|p1a: steel nuggie|12\/100\n|-damage|p2a: Mawile|51\/100|[from] item: Rocky Helmet|[of] p1a: steel nuggie\n|move|p1a: steel nuggie|Roost|p1a: steel nuggie\n|-heal|p1a: steel nuggie|62\/100\n|-singleturn|p1a: steel nuggie|move: Roost\n|\n|upkeep\n|turn|29\n|\n|t:|1699065983\n|move|p2a: Mawile|Thunder Punch|p1a: steel nuggie\n|-supereffective|p1a: steel nuggie\n|-damage|p1a: steel nuggie|32\/100\n|-status|p1a: steel nuggie|par\n|-damage|p2a: Mawile|34\/100|[from] item: Rocky Helmet|[of] p1a: steel nuggie\n|move|p1a: steel nuggie|Roost|p1a: steel nuggie\n|-heal|p1a: steel nuggie|82\/100 par\n|-singleturn|p1a: steel nuggie|move: Roost\n|\n|upkeep\n|turn|30\n|c|\u2606medi34|there it is\n|\n|t:|1699066005\n|move|p2a: Mawile|Thunder Punch|p1a: steel nuggie\n|-supereffective|p1a: steel nuggie\n|-damage|p1a: steel nuggie|51\/100 par\n|-damage|p2a: Mawile|18\/100|[from] item: Rocky Helmet|[of] p1a: steel nuggie\n|cant|p1a: steel nuggie|par\n|\n|upkeep\n|turn|31\n|c| Waikiki Woopers|the dreaded yellow color\n|\n|t:|1699066014\n|move|p2a: Mawile|Thunder Punch|p1a: steel nuggie\n|-supereffective|p1a: steel nuggie\n|-damage|p1a: steel nuggie|20\/100 par\n|-damage|p2a: Mawile|1\/100|[from] item: Rocky Helmet|[of] p1a: steel nuggie\n|move|p1a: steel nuggie|Roost|p1a: steel nuggie\n|-heal|p1a: steel nuggie|70\/100 par\n|-singleturn|p1a: steel nuggie|move: Roost\n|\n|upkeep\n|turn|32\n|c|\u2606medi34|makes me sick\n|\n|t:|1699066029\n|switch|p2a: Tyranitar|Tyranitar, M|60\/100\n|-weather|Sandstorm|[from] ability: Sand Stream|[of] p2a: Tyranitar\n|move|p1a: steel nuggie|Iron Defense|p1a: steel nuggie\n|-boost|p1a: steel nuggie|def|2\n|\n|-weather|Sandstorm|[upkeep]\n|upkeep\n|turn|33\n|\n|t:|1699066040\n|move|p2a: Tyranitar|Stone Edge|p1a: steel nuggie\n|-damage|p1a: steel nuggie|61\/100 par\n|move|p1a: steel nuggie|Body Press|p2a: Tyranitar\n|-supereffective|p2a: Tyranitar\n|-damage|p2a: Tyranitar|0 fnt\n|faint|p2a: Tyranitar\n|\n|-weather|Sandstorm|[upkeep]\n|upkeep\n|\n|t:|1699066048\n|switch|p2a: Mawile|Mawile-Mega, F|1\/100\n|turn|34\n|\n|t:|1699066063\n|move|p2a: Mawile|Thunder Punch|p1a: steel nuggie\n|-supereffective|p1a: steel nuggie\n|-damage|p1a: steel nuggie|42\/100 par\n|-damage|p2a: Mawile|0 fnt|[from] item: Rocky Helmet|[of] p1a: steel nuggie\n|faint|p2a: Mawile\n|cant|p1a: steel nuggie|par\n|\n|-weather|Sandstorm|[upkeep]\n|upkeep\n|\n|t:|1699066071\n|switch|p2a: Crobat|Crobat, M|84\/100\n|turn|35\n|\n|t:|1699066074\n|move|p2a: Crobat|Brave Bird|p1a: steel nuggie\n|-resisted|p1a: steel nuggie\n|-damage|p1a: steel nuggie|38\/100 par\n|-damage|p2a: Crobat|67\/100|[from] item: Rocky Helmet|[of] p1a: steel nuggie\n|-damage|p2a: Crobat|66\/100|[from] Recoil\n|cant|p1a: steel nuggie|par\n|\n|-weather|Sandstorm|[upkeep]\n|-damage|p2a: Crobat|60\/100|[from] Sandstorm\n|upkeep\n|turn|36\n|c|\u2606medi34|lol\n|\n|t:|1699066083\n|move|p2a: Crobat|Brave Bird|p1a: steel nuggie\n|-resisted|p1a: steel nuggie\n|-damage|p1a: steel nuggie|34\/100 par\n|-damage|p2a: Crobat|43\/100|[from] item: Rocky Helmet|[of] p1a: steel nuggie\n|-damage|p2a: Crobat|42\/100|[from] Recoil\n|move|p1a: steel nuggie|Roost|p1a: steel nuggie\n|-heal|p1a: steel nuggie|84\/100 par\n|-singleturn|p1a: steel nuggie|move: Roost\n|\n|-weather|none\n|upkeep\n|turn|37\n|\n|t:|1699066094\n|move|p2a: Crobat|Roost|p2a: Crobat\n|-heal|p2a: Crobat|92\/100\n|-singleturn|p2a: Crobat|move: Roost\n|cant|p1a: steel nuggie|par\n|\n|upkeep\n|turn|38\n|\n|t:|1699066101\n|move|p2a: Crobat|Brave Bird|p1a: steel nuggie\n|-resisted|p1a: steel nuggie\n|-damage|p1a: steel nuggie|81\/100 par\n|-damage|p2a: Crobat|75\/100|[from] item: Rocky Helmet|[of] p1a: steel nuggie\n|-damage|p2a: Crobat|74\/100|[from] Recoil\n|cant|p1a: steel nuggie|par\n|\n|upkeep\n|turn|39\n|\n|t:|1699066110\n|move|p2a: Crobat|Brave Bird|p1a: steel nuggie\n|-resisted|p1a: steel nuggie\n|-damage|p1a: steel nuggie|76\/100 par\n|-damage|p2a: Crobat|57\/100|[from] item: Rocky Helmet|[of] p1a: steel nuggie\n|-damage|p2a: Crobat|56\/100|[from] Recoil\n|move|p1a: steel nuggie|Iron Defense|p1a: steel nuggie\n|-boost|p1a: steel nuggie|def|2\n|\n|upkeep\n|turn|40\n|\n|t:|1699066123\n|move|p2a: Crobat|Brave Bird|p1a: steel nuggie\n|-resisted|p1a: steel nuggie\n|-damage|p1a: steel nuggie|74\/100 par\n|-damage|p2a: Crobat|39\/100|[from] item: Rocky Helmet|[of] p1a: steel nuggie\n|-damage|p2a: Crobat|38\/100|[from] Recoil\n|move|p1a: steel nuggie|Body Press|p2a: Crobat\n|-resisted|p2a: Crobat\n|-damage|p2a: Crobat|9\/100\n|\n|upkeep\n|turn|41\n|\n|t:|1699066135\n|move|p2a: Crobat|Roost|p2a: Crobat\n|-heal|p2a: Crobat|59\/100\n|-singleturn|p2a: Crobat|move: Roost\n|move|p1a: steel nuggie|Body Press|p2a: Crobat\n|-resisted|p2a: Crobat\n|-damage|p2a: Crobat|0 fnt\n|faint|p2a: Crobat\n|\n|win|medi34\n|c|\u2606Riverton Red Sawks|lolza\n|c|\u2606medi34|ggs\n|c|\u2606medi34|haha\n","uploadtime":1699066146,"views":8,"p1id":"medi34","p2id":"rivertonredsawks","formatid":"gen9nationaldexubers","rating":0,"private":0,"password":""}