{"id":"gen9nationaldexubers-1985734500","p1":"alextyndall","p2":"Votedraccoon851","format":"[Gen 9] National Dex Ubers","log":"|j|\u2606alextyndall\n|j|\u2606Votedraccoon851\n|t:|1699400599\n|gametype|singles\n|player|p1|alextyndall|lass-gen4dp|1041\n|player|p2|Votedraccoon851|cynthia-gen4|1147\n|teamsize|p1|6\n|teamsize|p2|6\n|gen|9\n|tier|[Gen 9] National Dex Ubers\n|rated|\n|rule|HP Percentage Mod: HP is shown in percentages\n|rule|Endless Battle Clause: Forcing endless battles is banned\n|rule|OHKO Clause: OHKO moves are banned\n|rule|Evasion Moves Clause: Evasion moves are banned\n|rule|Evasion Items Clause: Evasion items are banned\n|rule|Species Clause: Limit one of each Pok\u00e9mon\n|rule|Sleep Clause Mod: Limit one foe put to sleep\n|rule|Mega Rayquaza Clause: You cannot mega evolve Rayquaza\n|clearpoke\n|poke|p1|Yveltal|\n|poke|p1|Groudon|\n|poke|p1|Type: Null|\n|poke|p1|Landorus, M|\n|poke|p1|Enamorus, F|\n|poke|p1|Kyurem|\n|poke|p2|Kangaskhan, F|\n|poke|p2|Zoroark-Hisui, M|\n|poke|p2|Chansey, F|\n|poke|p2|Ursaluna, M|\n|poke|p2|Cyclizar, M|\n|poke|p2|Zangoose, F|\n|teampreview\n|\n|t:|1699400620\n|start\n|switch|p1a: Yveltal|Yveltal|100\/100\n|switch|p2a: Cyclizar|Cyclizar, M|100\/100\n|-ability|p1a: Yveltal|Dark Aura\n|turn|1\n|\n|t:|1699400629\n|move|p2a: Cyclizar|Shed Tail|p2a: Cyclizar\n|-start|p2a: Cyclizar|Substitute|[from] move: Shed Tail\n|-damage|p2a: Cyclizar|50\/100\n|\n|t:|1699400633\n|switch|p2a: Ursaluna|Ursaluna, M|100\/100|[from] Shed Tail\n|move|p1a: Yveltal|Dark Pulse|p2a: Ursaluna\n|-end|p2a: Ursaluna|Substitute\n|\n|-status|p2a: Ursaluna|brn|[from] item: Flame Orb\n|upkeep\n|turn|2\n|\n|t:|1699400656\n|-terastallize|p2a: Ursaluna|Normal\n|move|p1a: Yveltal|Dark Pulse|p2a: Ursaluna\n|-crit|p2a: Ursaluna\n|-damage|p2a: Ursaluna|21\/100 brn\n|move|p2a: Ursaluna|Facade|p1a: Yveltal\n|-damage|p1a: Yveltal|0 fnt\n|faint|p1a: Yveltal\n|\n|-damage|p2a: Ursaluna|15\/100 brn|[from] brn\n|upkeep\n|\n|t:|1699400673\n|switch|p1a: Enamorus|Enamorus, F|100\/100\n|turn|3\n|\n|t:|1699400681\n|switch|p2a: Chansey|Chansey, F|100\/100\n|move|p1a: Enamorus|Play Rough|p2a: Chansey\n|-damage|p2a: Chansey|73\/100\n|\n|upkeep\n|turn|4\n|\n|t:|1699400689\n|move|p1a: Enamorus|Fly||[still]\n|-prepare|p1a: Enamorus|Fly\n|move|p2a: Chansey|Toxic|p1a: Enamorus|[miss]\n|-miss|p2a: Chansey|p1a: Enamorus\n|\n|upkeep\n|turn|5\n|\n|t:|1699400693\n|move|p1a: Enamorus|Fly|p2a: Chansey|[from]lockedmove\n|-damage|p2a: Chansey|45\/100\n|move|p2a: Chansey|Toxic|p1a: Enamorus|[miss]\n|-miss|p2a: Chansey|p1a: Enamorus\n|\n|upkeep\n|turn|6\n|\n|t:|1699400701\n|move|p1a: Enamorus|Moonblast|p2a: Chansey\n|-damage|p2a: Chansey|30\/100\n|move|p2a: Chansey|Soft-Boiled|p2a: Chansey\n|-heal|p2a: Chansey|80\/100\n|\n|upkeep\n|turn|7\n|\n|t:|1699400708\n|move|p1a: Enamorus|Springtide Storm|p2a: Chansey\n|-damage|p2a: Chansey|66\/100\n|move|p2a: Chansey|Toxic|p1a: Enamorus\n|-status|p1a: Enamorus|tox\n|\n|-damage|p1a: Enamorus|95\/100 tox|[from] psn\n|upkeep\n|turn|8\n|\n|t:|1699400718\n|switch|p1a: Landorus|Landorus, M|100\/100\n|move|p2a: Chansey|Seismic Toss|p1a: Landorus\n|-damage|p1a: Landorus|70\/100\n|\n|upkeep\n|turn|9\n|\n|t:|1699400725\n|move|p1a: Landorus|Earthquake|p2a: Chansey\n|-damage|p2a: Chansey|36\/100\n|move|p2a: Chansey|Toxic|p1a: Landorus\n|-status|p1a: Landorus|tox\n|\n|-damage|p1a: Landorus|64\/100 tox|[from] psn\n|upkeep\n|turn|10\n|\n|t:|1699400734\n|move|p1a: Landorus|Sandsear Storm|p2a: Chansey\n|-damage|p2a: Chansey|23\/100\n|move|p2a: Chansey|Soft-Boiled|p2a: Chansey\n|-heal|p2a: Chansey|73\/100\n|\n|-damage|p1a: Landorus|52\/100 tox|[from] psn\n|upkeep\n|turn|11\n|\n|t:|1699400741\n|move|p1a: Landorus|Hidden Power|p2a: Chansey\n|-damage|p2a: Chansey|66\/100\n|move|p2a: Chansey|Seismic Toss|p1a: Landorus\n|-damage|p1a: Landorus|22\/100 tox\n|\n|-damage|p1a: Landorus|4\/100 tox|[from] psn\n|upkeep\n|turn|12\n|\n|t:|1699400750\n|move|p1a: Landorus|Earthquake|p2a: Chansey\n|-damage|p2a: Chansey|37\/100\n|move|p2a: Chansey|Soft-Boiled|p2a: Chansey\n|-heal|p2a: Chansey|87\/100\n|\n|-damage|p1a: Landorus|0 fnt|[from] psn\n|faint|p1a: Landorus\n|upkeep\n|\n|t:|1699400760\n|switch|p1a: Type: Null|Type: Null|100\/100\n|turn|13\n|\n|t:|1699400767\n|move|p1a: Type: Null|Thunder Wave|p2a: Chansey\n|-status|p2a: Chansey|par\n|move|p2a: Chansey|Toxic|p1a: Type: Null\n|-status|p1a: Type: Null|tox\n|\n|-damage|p1a: Type: Null|94\/100 tox|[from] psn\n|upkeep\n|turn|14\n|\n|t:|1699400776\n|move|p1a: Type: Null|Hidden Power|p2a: Chansey\n|-damage|p2a: Chansey|82\/100 par\n|move|p2a: Chansey|Seismic Toss|p1a: Type: Null\n|-damage|p1a: Type: Null|65\/100 tox\n|\n|-damage|p1a: Type: Null|53\/100 tox|[from] psn\n|upkeep\n|turn|15\n|\n|t:|1699400785\n|move|p1a: Type: Null|Hyper Beam|p2a: Chansey\n|-damage|p2a: Chansey|67\/100 par\n|-mustrecharge|p1a: Type: Null\n|cant|p2a: Chansey|par\n|\n|-damage|p1a: Type: Null|35\/100 tox|[from] psn\n|upkeep\n|turn|16\n|\n|t:|1699400797\n|cant|p1a: Type: Null|recharge\n|cant|p2a: Chansey|par\n|\n|-damage|p1a: Type: Null|10\/100 tox|[from] psn\n|upkeep\n|turn|17\n|\n|t:|1699400805\n|switch|p1a: Kyurem|Kyurem|100\/100\n|-ability|p1a: Kyurem|Pressure\n|move|p2a: Chansey|Soft-Boiled|p2a: Chansey\n|-heal|p2a: Chansey|100\/100 par\n|\n|upkeep\n|turn|18\n|\n|t:|1699400814\n|move|p1a: Kyurem|Draco Meteor|p2a: Chansey\n|-damage|p2a: Chansey|83\/100 par\n|-unboost|p1a: Kyurem|spa|2\n|move|p2a: Chansey|Toxic|p1a: Kyurem\n|-status|p1a: Kyurem|tox\n|\n|-damage|p1a: Kyurem|94\/100 tox|[from] psn\n|upkeep\n|turn|19\n|\n|t:|1699400834\n|move|p1a: Kyurem|Ice Beam|p2a: Chansey\n|-damage|p2a: Chansey|75\/100 par\n|move|p2a: Chansey|Seismic Toss|p1a: Kyurem\n|-damage|p1a: Kyurem|69\/100 tox\n|\n|-damage|p1a: Kyurem|57\/100 tox|[from] psn\n|upkeep\n|turn|20\n|\n|t:|1699400845\n|move|p1a: Kyurem|Blizzard|p2a: Chansey\n|-damage|p2a: Chansey|66\/100 par\n|move|p2a: Chansey|Seismic Toss|p1a: Kyurem\n|-damage|p1a: Kyurem|32\/100 tox\n|\n|-damage|p1a: Kyurem|14\/100 tox|[from] psn\n|upkeep\n|turn|21\n|\n|t:|1699400854\n|move|p1a: Kyurem|Outrage|p2a: Chansey\n|-damage|p2a: Chansey|27\/100 par\n|cant|p2a: Chansey|par\n|\n|-damage|p1a: Kyurem|0 fnt|[from] psn\n|faint|p1a: Kyurem\n|upkeep\n|\n|t:|1699400867\n|switch|p1a: Type: Null|Type: Null|10\/100 tox\n|turn|22\n|\n|t:|1699400872\n|move|p1a: Type: Null|Thunder Wave|p2a: Chansey\n|-fail|p2a: Chansey|par\n|move|p2a: Chansey|Soft-Boiled|p2a: Chansey\n|-heal|p2a: Chansey|77\/100 par\n|\n|-damage|p1a: Type: Null|4\/100 tox|[from] psn\n|upkeep\n|turn|23\n|\n|t:|1699400883\n|move|p1a: Type: Null|Hidden Power|p2a: Chansey\n|-damage|p2a: Chansey|72\/100 par\n|cant|p2a: Chansey|par\n|\n|-damage|p1a: Type: Null|0 fnt|[from] psn\n|faint|p1a: Type: Null\n|upkeep\n|\n|t:|1699400893\n|switch|p1a: Enamorus|Enamorus, F|95\/100 tox\n|turn|24\n|\n|t:|1699400899\n|move|p1a: Enamorus|Moonblast|p2a: Chansey\n|-damage|p2a: Chansey|59\/100 par\n|move|p2a: Chansey|Aromatherapy|p2a: Chansey\n|-activate|p2a: Chansey|move: Aromatherapy\n|-curestatus|p2a: Chansey|par|[msg]\n|-curestatus|p2: Ursaluna|brn|[msg]\n|\n|-damage|p1a: Enamorus|89\/100 tox|[from] psn\n|upkeep\n|turn|25\n|\n|t:|1699400912\n|move|p1a: Enamorus|Play Rough|p2a: Chansey\n|-damage|p2a: Chansey|33\/100\n|move|p2a: Chansey|Seismic Toss|p1a: Enamorus\n|-damage|p1a: Enamorus|55\/100 tox\n|\n|-damage|p1a: Enamorus|43\/100 tox|[from] psn\n|upkeep\n|turn|26\n|\n|t:|1699400959\n|move|p1a: Enamorus|Springtide Storm|p2a: Chansey\n|-damage|p2a: Chansey|19\/100\n|move|p2a: Chansey|Soft-Boiled|p2a: Chansey\n|-heal|p2a: Chansey|69\/100\n|\n|-damage|p1a: Enamorus|25\/100 tox|[from] psn\n|upkeep\n|turn|27\n|\n|t:|1699400983\n|move|p1a: Enamorus|Fly||[still]\n|-prepare|p1a: Enamorus|Fly\n|move|p2a: Chansey|Soft-Boiled|p2a: Chansey\n|-heal|p2a: Chansey|100\/100\n|\n|-damage|p1a: Enamorus|1\/100 tox|[from] psn\n|upkeep\n|turn|28\n|\n|t:|1699400991\n|move|p1a: Enamorus|Fly|p2a: Chansey|[from]lockedmove|[miss]\n|-miss|p1a: Enamorus|p2a: Chansey\n|move|p2a: Chansey|Seismic Toss|p1a: Enamorus\n|-damage|p1a: Enamorus|0 fnt\n|faint|p1a: Enamorus\n|\n|upkeep\n|inactive|Battle timer is ON: inactive players will automatically lose when time's up. (requested by Votedraccoon851)\n|\n|t:|1699401027\n|switch|p1a: Groudon|Groudon|100\/100\n|detailschange|p1a: Groudon|Groudon-Primal\n|-primal|p1a: Groudon|Red Orb\n|-weather|DesolateLand|[from] ability: Desolate Land|[of] p1a: Groudon\n|turn|29\n|\n|t:|1699401034\n|move|p1a: Groudon|Earthquake|p2a: Chansey\n|-damage|p2a: Chansey|60\/100\n|move|p2a: Chansey|Toxic|p1a: Groudon\n|-status|p1a: Groudon|tox\n|\n|-weather|DesolateLand|[upkeep]\n|-damage|p1a: Groudon|94\/100 tox|[from] psn\n|upkeep\n|turn|30\n|\n|t:|1699401048\n|move|p1a: Groudon|Earthquake|p2a: Chansey\n|-damage|p2a: Chansey|20\/100\n|move|p2a: Chansey|Soft-Boiled|p2a: Chansey\n|-heal|p2a: Chansey|70\/100\n|\n|-weather|DesolateLand|[upkeep]\n|-damage|p1a: Groudon|82\/100 tox|[from] psn\n|upkeep\n|turn|31\n|\n|t:|1699401055\n|move|p1a: Groudon|Earthquake|p2a: Chansey\n|-damage|p2a: Chansey|26\/100\n|move|p2a: Chansey|Seismic Toss|p1a: Groudon\n|-damage|p1a: Groudon|53\/100 tox\n|\n|-weather|DesolateLand|[upkeep]\n|-damage|p1a: Groudon|35\/100 tox|[from] psn\n|upkeep\n|turn|32\n|\n|t:|1699401063\n|move|p1a: Groudon|Earthquake|p2a: Chansey\n|-damage|p2a: Chansey|0 fnt\n|faint|p2a: Chansey\n|\n|-weather|DesolateLand|[upkeep]\n|-damage|p1a: Groudon|10\/100 tox|[from] psn\n|upkeep\n|\n|t:|1699401074\n|switch|p2a: Cyclizar|Cyclizar, M|84\/100\n|turn|33\n|\n|t:|1699401081\n|move|p2a: Cyclizar|Knock Off|p1a: Groudon\n|-damage|p1a: Groudon|0 fnt\n|faint|p1a: Groudon\n|-weather|none\n|\n|win|Votedraccoon851\n|raw|alextyndall's rating: 1041 &rarr; <strong>1030<\/strong><br \/>(-11 for losing)\n|raw|Votedraccoon851's rating: 1147 &rarr; <strong>1165<\/strong><br \/>(+18 for winning)\n|l|\u2606alextyndall\n|c|\u2606Votedraccoon851|gg\n","uploadtime":1699401115,"views":7,"p1id":"alextyndall","p2id":"votedraccoon851","formatid":"gen9nationaldexubers","rating":1030,"private":0,"password":""}