{"id":"gen9nationaldexubers-1984303565","p1":"Berryandon","p2":"slug bite","format":"[Gen 9] National Dex Ubers","log":"|j|\u2606Berryandon\n|j|\u2606slug bite\n|t:|1699241189\n|gametype|singles\n|player|p1|Berryandon|lady-gen4|\n|player|p2|slug bite|wallace|\n|teamsize|p1|6\n|teamsize|p2|6\n|gen|9\n|tier|[Gen 9] National Dex Ubers\n|rule|HP Percentage Mod: HP is shown in percentages\n|rule|Endless Battle Clause: Forcing endless battles is banned\n|rule|OHKO Clause: OHKO moves are banned\n|rule|Evasion Moves Clause: Evasion moves are banned\n|rule|Evasion Items Clause: Evasion items are banned\n|rule|Species Clause: Limit one of each Pok\u00e9mon\n|rule|Sleep Clause Mod: Limit one foe put to sleep\n|rule|Mega Rayquaza Clause: You cannot mega evolve Rayquaza\n|clearpoke\n|poke|p1|Rillaboom, M|\n|poke|p1|Cinderace, M|\n|poke|p1|Arceus-Fairy|\n|poke|p1|Dracovish|\n|poke|p1|Rayquaza|\n|poke|p1|Mewtwo|\n|poke|p2|Arceus-Electric|\n|poke|p2|Marshadow|\n|poke|p2|Reshiram|\n|poke|p2|Ogerpon-Wellspring, F|\n|poke|p2|Magearna|\n|poke|p2|Clodsire, M|\n|teampreview\n|c|\u2606slug bite|YAHOOOOO\n|c|\u2606Berryandon|bestie\n|c|\u2606Berryandon|can i make a confession\n|c|\u2606slug bite|yeah\n|c|\u2606Berryandon|im high as fuck\n|c|\u2606slug bite|same\n|c|\u2606Berryandon|and im gonna beat ur ass\n|c|\u2606Berryandon|LETS FUCKING GOOOOOO\n|c|\u2606slug bite|RAAAHHHHHHH\n|j| PaperDrMario\n|\n|t:|1699241374\n|start\n|switch|p1a: Whiplash (2014)|Rillaboom, M, shiny|100\/100\n|switch|p2a: Chicken cutlet|Reshiram, shiny|100\/100\n|-fieldstart|move: Grassy Terrain|[from] ability: Grassy Surge|[of] p1a: Whiplash (2014)\n|-ability|p2a: Chicken cutlet|Turboblaze\n|turn|1\n|j| AshenAraquanid\n|c| PaperDrMario|that's a good name berry\n|\n|t:|1699241441\n|move|p1a: Whiplash (2014)|U-turn|p2a: Chicken cutlet\n|-resisted|p2a: Chicken cutlet\n|-crit|p2a: Chicken cutlet\n|-damage|p2a: Chicken cutlet|83\/100\n|\n|t:|1699241490\n|switch|p1a: Green Bean Menace|Rayquaza|100\/100|[from] U-turn\n|-ability|p1a: Green Bean Menace|Air Lock\n|move|p2a: Chicken cutlet|Blue Flare|p1a: Green Bean Menace\n|-resisted|p1a: Green Bean Menace\n|-damage|p1a: Green Bean Menace|46\/100\n|-damage|p2a: Chicken cutlet|73\/100|[from] item: Life Orb\n|\n|-heal|p2a: Chicken cutlet|80\/100|[from] Grassy Terrain\n|upkeep\n|turn|2\n|j| HopeAddict\n|c|\u2606Berryandon|thanks man\n|\n|t:|1699241573\n|switch|p2a: You didn't pick me|Ogerpon-Wellspring, F|100\/100\n|move|p1a: Green Bean Menace|Dragon Ascent|p2a: You didn't pick me\n|-supereffective|p2a: You didn't pick me\n|-damage|p2a: You didn't pick me|0 fnt\n|-unboost|p1a: Green Bean Menace|def|1\n|-unboost|p1a: Green Bean Menace|spd|1\n|faint|p2a: You didn't pick me\n|\n|upkeep\n|c|\u2606slug bite|look what youve done\n|c|\u2606Berryandon|I WILL NOT LOSE TO OGERPON TODAY\n|c|\u2606Berryandon|im so sorry ogerpon....\n|\n|t:|1699241619\n|switch|p2a: Macaroni n cheese|Arceus-Electric, shiny|100\/100\n|turn|3\n|c| HopeAddict|berry just cant catch a break\n|\n|t:|1699241639\n|switch|p1a: Whiplash (2014)|Rillaboom, M, shiny|100\/100\n|move|p2a: Macaroni n cheese|Calm Mind|p2a: Macaroni n cheese\n|-boost|p2a: Macaroni n cheese|spa|1\n|-boost|p2a: Macaroni n cheese|spd|1\n|\n|upkeep\n|turn|4\n|c| HopeAddict|macking cheese\n|\n|t:|1699241651\n|move|p1a: Whiplash (2014)|High Horsepower|p2a: Macaroni n cheese\n|-supereffective|p2a: Macaroni n cheese\n|-damage|p2a: Macaroni n cheese|57\/100\n|move|p2a: Macaroni n cheese|Ice Beam|p1a: Whiplash (2014)\n|-supereffective|p1a: Whiplash (2014)\n|-damage|p1a: Whiplash (2014)|8\/100\n|\n|-heal|p1a: Whiplash (2014)|15\/100|[from] Grassy Terrain\n|-heal|p2a: Macaroni n cheese|63\/100|[from] Grassy Terrain\n|upkeep\n|turn|5\n|\n|t:|1699241663\n|switch|p1a: ANKARA MESSI|Cinderace, M, shiny|100\/100\n|move|p2a: Macaroni n cheese|Ice Beam|p1a: ANKARA MESSI\n|-resisted|p1a: ANKARA MESSI\n|-damage|p1a: ANKARA MESSI|75\/100\n|\n|-heal|p2a: Macaroni n cheese|69\/100|[from] Grassy Terrain\n|-heal|p1a: ANKARA MESSI|81\/100|[from] Grassy Terrain\n|-fieldend|move: Grassy Terrain\n|upkeep\n|turn|6\n|\n|t:|1699241677\n|move|p2a: Macaroni n cheese|Judgment|p1a: ANKARA MESSI\n|-damage|p1a: ANKARA MESSI|0 fnt\n|faint|p1a: ANKARA MESSI\n|\n|upkeep\n|\n|t:|1699241708\n|switch|p1a: Mr. Fish|Dracovish|100\/100\n|turn|7\n|\n|t:|1699241719\n|move|p2a: Macaroni n cheese|Judgment|p1a: Mr. Fish\n|-damage|p1a: Mr. Fish|27\/100\n|move|p1a: Mr. Fish|Fishious Rend|p2a: Macaroni n cheese\n|-damage|p2a: Macaroni n cheese|12\/100\n|\n|upkeep\n|turn|8\n|\n|t:|1699241730\n|move|p2a: Macaroni n cheese|Judgment|p1a: Mr. Fish\n|-crit|p1a: Mr. Fish\n|-damage|p1a: Mr. Fish|0 fnt\n|faint|p1a: Mr. Fish\n|\n|upkeep\n|\n|t:|1699241747\n|switch|p1a: Whiplash (2014)|Rillaboom, M, shiny|15\/100\n|-fieldstart|move: Grassy Terrain|[from] ability: Grassy Surge|[of] p1a: Whiplash (2014)\n|turn|9\n|\n|t:|1699241790\n|switch|p2a: Chicken cutlet|Reshiram, shiny|80\/100\n|-ability|p2a: Chicken cutlet|Turboblaze\n|move|p1a: Whiplash (2014)|U-turn|p2a: Chicken cutlet\n|-resisted|p2a: Chicken cutlet\n|-damage|p2a: Chicken cutlet|68\/100\n|\n|t:|1699241844\n|switch|p1a: StrawberriesNCream|Arceus-Fairy|100\/100|[from] U-turn\n|\n|-heal|p2a: Chicken cutlet|75\/100|[from] Grassy Terrain\n|upkeep\n|turn|10\n|\n|t:|1699241864\n|move|p1a: StrawberriesNCream|Judgment|p2a: Chicken cutlet\n|-damage|p2a: Chicken cutlet|38\/100\n|move|p2a: Chicken cutlet|Blue Flare|p1a: StrawberriesNCream\n|-damage|p1a: StrawberriesNCream|29\/100\n|-damage|p2a: Chicken cutlet|28\/100|[from] item: Life Orb\n|\n|-heal|p1a: StrawberriesNCream|35\/100|[from] Grassy Terrain\n|-heal|p2a: Chicken cutlet|34\/100|[from] Grassy Terrain\n|upkeep\n|turn|11\n|\n|t:|1699241903\n|switch|p2a: \ud83d\udd0a Metal Pipe|Magearna|100\/100\n|move|p1a: StrawberriesNCream|Judgment|p2a: \ud83d\udd0a Metal Pipe\n|-resisted|p2a: \ud83d\udd0a Metal Pipe\n|-damage|p2a: \ud83d\udd0a Metal Pipe|82\/100\n|\n|-heal|p1a: StrawberriesNCream|41\/100|[from] Grassy Terrain\n|-heal|p2a: \ud83d\udd0a Metal Pipe|88\/100|[from] Grassy Terrain\n|-heal|p2a: \ud83d\udd0a Metal Pipe|94\/100|[from] item: Leftovers\n|upkeep\n|turn|12\n|\n|t:|1699241918\n|move|p1a: StrawberriesNCream|Thunder Wave|p2a: \ud83d\udd0a Metal Pipe\n|-status|p2a: \ud83d\udd0a Metal Pipe|par\n|move|p2a: \ud83d\udd0a Metal Pipe|Calm Mind|p2a: \ud83d\udd0a Metal Pipe\n|-boost|p2a: \ud83d\udd0a Metal Pipe|spa|1\n|-boost|p2a: \ud83d\udd0a Metal Pipe|spd|1\n|\n|-heal|p1a: StrawberriesNCream|48\/100|[from] Grassy Terrain\n|-heal|p2a: \ud83d\udd0a Metal Pipe|99\/100 par|[from] Grassy Terrain\n|-heal|p2a: \ud83d\udd0a Metal Pipe|100\/100 par|[from] item: Leftovers\n|upkeep\n|turn|13\n|\n|t:|1699241931\n|move|p1a: StrawberriesNCream|Recover|p1a: StrawberriesNCream\n|-heal|p1a: StrawberriesNCream|98\/100\n|cant|p2a: \ud83d\udd0a Metal Pipe|par\n|\n|-heal|p1a: StrawberriesNCream|100\/100|[from] Grassy Terrain\n|-fieldend|move: Grassy Terrain\n|upkeep\n|turn|14\n|\n|t:|1699241953\n|switch|p1a: Chicken Fried|Mewtwo, shiny|100\/100\n|-ability|p1a: Chicken Fried|Pressure\n|move|p2a: \ud83d\udd0a Metal Pipe|Trick Room|p2a: \ud83d\udd0a Metal Pipe\n|-fieldstart|move: Trick Room|[of] p2a: \ud83d\udd0a Metal Pipe\n|\n|upkeep\n|turn|15\n|j| Tazz21\n|\n|t:|1699241972\n|move|p2a: \ud83d\udd0a Metal Pipe|Fleur Cannon|p1a: Chicken Fried\n|-damage|p1a: Chicken Fried|0 fnt\n|-unboost|p2a: \ud83d\udd0a Metal Pipe|spa|2\n|faint|p1a: Chicken Fried\n|-ability|p2a: \ud83d\udd0a Metal Pipe|Soul-Heart|boost\n|-boost|p2a: \ud83d\udd0a Metal Pipe|spa|1\n|\n|upkeep\n|c|\u2606slug bite|I was manifesting\n|\n|t:|1699242011\n|switch|p1a: StrawberriesNCream|Arceus-Fairy|100\/100\n|turn|16\n|\n|t:|1699242021\n|cant|p2a: \ud83d\udd0a Metal Pipe|par\n|move|p1a: StrawberriesNCream|Recover||[still]\n|-fail|p1a: StrawberriesNCream|heal\n|\n|upkeep\n|turn|17\n|\n|t:|1699242037\n|move|p2a: \ud83d\udd0a Metal Pipe|Calm Mind|p2a: \ud83d\udd0a Metal Pipe\n|-boost|p2a: \ud83d\udd0a Metal Pipe|spa|1\n|-boost|p2a: \ud83d\udd0a Metal Pipe|spd|1\n|move|p1a: StrawberriesNCream|Recover||[still]\n|-fail|p1a: StrawberriesNCream|heal\n|\n|upkeep\n|turn|18\n|\n|t:|1699242049\n|switch|p1a: Whiplash (2014)|Rillaboom, M, shiny|15\/100\n|-fieldstart|move: Grassy Terrain|[from] ability: Grassy Surge|[of] p1a: Whiplash (2014)\n|move|p2a: \ud83d\udd0a Metal Pipe|Calm Mind|p2a: \ud83d\udd0a Metal Pipe\n|-boost|p2a: \ud83d\udd0a Metal Pipe|spa|1\n|-boost|p2a: \ud83d\udd0a Metal Pipe|spd|1\n|\n|-heal|p1a: Whiplash (2014)|21\/100|[from] Grassy Terrain\n|-fieldend|move: Trick Room\n|upkeep\n|turn|19\n|\n|t:|1699242066\n|move|p1a: Whiplash (2014)|High Horsepower|p2a: \ud83d\udd0a Metal Pipe\n|-supereffective|p2a: \ud83d\udd0a Metal Pipe\n|-damage|p2a: \ud83d\udd0a Metal Pipe|37\/100 par\n|move|p2a: \ud83d\udd0a Metal Pipe|Trick Room|p2a: \ud83d\udd0a Metal Pipe\n|-fieldstart|move: Trick Room|[of] p2a: \ud83d\udd0a Metal Pipe\n|\n|-heal|p2a: \ud83d\udd0a Metal Pipe|43\/100 par|[from] Grassy Terrain\n|-heal|p2a: \ud83d\udd0a Metal Pipe|49\/100 par|[from] item: Leftovers\n|-heal|p1a: Whiplash (2014)|27\/100|[from] Grassy Terrain\n|upkeep\n|turn|20\n|\n|t:|1699242086\n|move|p2a: \ud83d\udd0a Metal Pipe|Fleur Cannon|p1a: Whiplash (2014)\n|-damage|p1a: Whiplash (2014)|0 fnt\n|-unboost|p2a: \ud83d\udd0a Metal Pipe|spa|2\n|faint|p1a: Whiplash (2014)\n|-ability|p2a: \ud83d\udd0a Metal Pipe|Soul-Heart|boost\n|-boost|p2a: \ud83d\udd0a Metal Pipe|spa|1\n|\n|-heal|p2a: \ud83d\udd0a Metal Pipe|55\/100 par|[from] Grassy Terrain\n|-heal|p2a: \ud83d\udd0a Metal Pipe|61\/100 par|[from] item: Leftovers\n|upkeep\n|\n|t:|1699242091\n|switch|p1a: Green Bean Menace|Rayquaza|46\/100\n|-ability|p1a: Green Bean Menace|Air Lock\n|turn|21\n|\n|t:|1699242101\n|cant|p2a: \ud83d\udd0a Metal Pipe|par\n|move|p1a: Green Bean Menace|Dragon Dance|p1a: Green Bean Menace\n|-boost|p1a: Green Bean Menace|atk|1\n|-boost|p1a: Green Bean Menace|spe|1\n|\n|-heal|p2a: \ud83d\udd0a Metal Pipe|67\/100 par|[from] Grassy Terrain\n|-heal|p2a: \ud83d\udd0a Metal Pipe|73\/100 par|[from] item: Leftovers\n|upkeep\n|turn|22\n|\n|t:|1699242111\n|move|p2a: \ud83d\udd0a Metal Pipe|Fleur Cannon|p1a: Green Bean Menace\n|-supereffective|p1a: Green Bean Menace\n|-damage|p1a: Green Bean Menace|0 fnt\n|-unboost|p2a: \ud83d\udd0a Metal Pipe|spa|2\n|faint|p1a: Green Bean Menace\n|-ability|p2a: \ud83d\udd0a Metal Pipe|Soul-Heart|boost\n|-boost|p2a: \ud83d\udd0a Metal Pipe|spa|1\n|\n|-heal|p2a: \ud83d\udd0a Metal Pipe|79\/100 par|[from] Grassy Terrain\n|-heal|p2a: \ud83d\udd0a Metal Pipe|85\/100 par|[from] item: Leftovers\n|-fieldend|move: Grassy Terrain\n|upkeep\n|\n|t:|1699242114\n|switch|p1a: StrawberriesNCream|Arceus-Fairy|100\/100\n|turn|23\n|c|\u2606Berryandon|gg\n|\n|t:|1699242123\n|move|p2a: \ud83d\udd0a Metal Pipe|Fleur Cannon|p1a: StrawberriesNCream\n|-damage|p1a: StrawberriesNCream|55\/100\n|-unboost|p2a: \ud83d\udd0a Metal Pipe|spa|2\n|move|p1a: StrawberriesNCream|Judgment|p2a: \ud83d\udd0a Metal Pipe\n|-resisted|p2a: \ud83d\udd0a Metal Pipe\n|-damage|p2a: \ud83d\udd0a Metal Pipe|78\/100 par\n|\n|-heal|p2a: \ud83d\udd0a Metal Pipe|84\/100 par|[from] item: Leftovers\n|-fieldend|move: Trick Room\n|upkeep\n|turn|24\n|\n|t:|1699242134\n|move|p1a: StrawberriesNCream|Judgment|p2a: \ud83d\udd0a Metal Pipe\n|-resisted|p2a: \ud83d\udd0a Metal Pipe\n|-crit|p2a: \ud83d\udd0a Metal Pipe\n|-damage|p2a: \ud83d\udd0a Metal Pipe|55\/100 par\n|cant|p2a: \ud83d\udd0a Metal Pipe|par\n|\n|-heal|p2a: \ud83d\udd0a Metal Pipe|61\/100 par|[from] item: Leftovers\n|upkeep\n|turn|25\n|\n|t:|1699242142\n|move|p1a: StrawberriesNCream|Recover|p1a: StrawberriesNCream\n|-heal|p1a: StrawberriesNCream|100\/100\n|cant|p2a: \ud83d\udd0a Metal Pipe|par\n|\n|-heal|p2a: \ud83d\udd0a Metal Pipe|68\/100 par|[from] item: Leftovers\n|upkeep\n|turn|26\n|\n|t:|1699242164\n|move|p1a: StrawberriesNCream|Judgment|p2a: \ud83d\udd0a Metal Pipe\n|-resisted|p2a: \ud83d\udd0a Metal Pipe\n|-damage|p2a: \ud83d\udd0a Metal Pipe|59\/100 par\n|move|p2a: \ud83d\udd0a Metal Pipe|Calm Mind|p2a: \ud83d\udd0a Metal Pipe\n|-boost|p2a: \ud83d\udd0a Metal Pipe|spa|1\n|-boost|p2a: \ud83d\udd0a Metal Pipe|spd|1\n|\n|-heal|p2a: \ud83d\udd0a Metal Pipe|65\/100 par|[from] item: Leftovers\n|upkeep\n|turn|27\n|\n|t:|1699242174\n|move|p1a: StrawberriesNCream|Judgment|p2a: \ud83d\udd0a Metal Pipe\n|-resisted|p2a: \ud83d\udd0a Metal Pipe\n|-damage|p2a: \ud83d\udd0a Metal Pipe|59\/100 par\n|move|p2a: \ud83d\udd0a Metal Pipe|Fleur Cannon|p1a: StrawberriesNCream\n|-damage|p1a: StrawberriesNCream|66\/100\n|-unboost|p2a: \ud83d\udd0a Metal Pipe|spa|2\n|\n|-heal|p2a: \ud83d\udd0a Metal Pipe|65\/100 par|[from] item: Leftovers\n|upkeep\n|turn|28\n|\n|t:|1699242186\n|move|p1a: StrawberriesNCream|Thunder Wave|p2a: \ud83d\udd0a Metal Pipe|[miss]\n|-miss|p1a: StrawberriesNCream|p2a: \ud83d\udd0a Metal Pipe\n|cant|p2a: \ud83d\udd0a Metal Pipe|par\n|\n|-heal|p2a: \ud83d\udd0a Metal Pipe|71\/100 par|[from] item: Leftovers\n|upkeep\n|turn|29\n|\n|t:|1699242194\n|move|p1a: StrawberriesNCream|Recover|p1a: StrawberriesNCream\n|-heal|p1a: StrawberriesNCream|100\/100\n|move|p2a: \ud83d\udd0a Metal Pipe|Trick Room|p2a: \ud83d\udd0a Metal Pipe\n|-fieldstart|move: Trick Room|[of] p2a: \ud83d\udd0a Metal Pipe\n|\n|-heal|p2a: \ud83d\udd0a Metal Pipe|77\/100 par|[from] item: Leftovers\n|upkeep\n|turn|30\n|\n|t:|1699242202\n|move|p2a: \ud83d\udd0a Metal Pipe|Fleur Cannon|p1a: StrawberriesNCream\n|-damage|p1a: StrawberriesNCream|80\/100\n|-unboost|p2a: \ud83d\udd0a Metal Pipe|spa|2\n|move|p1a: StrawberriesNCream|Thunder Wave|p2a: \ud83d\udd0a Metal Pipe\n|-fail|p2a: \ud83d\udd0a Metal Pipe|par\n|\n|-heal|p2a: \ud83d\udd0a Metal Pipe|83\/100 par|[from] item: Leftovers\n|upkeep\n|turn|31\n|\n|t:|1699242223\n|switch|p2a: Dirt Angel|Clodsire, M|100\/100\n|move|p1a: StrawberriesNCream|Judgment|p2a: Dirt Angel\n|-resisted|p2a: Dirt Angel\n|-damage|p2a: Dirt Angel|88\/100\n|\n|-heal|p2a: Dirt Angel|94\/100|[from] item: Black Sludge\n|upkeep\n|turn|32\n|\n|t:|1699242235\n|move|p2a: Dirt Angel|Toxic|p1a: StrawberriesNCream\n|-status|p1a: StrawberriesNCream|tox\n|move|p1a: StrawberriesNCream|Refresh|p1a: StrawberriesNCream\n|-curestatus|p1a: StrawberriesNCream|tox|[msg]\n|\n|-heal|p2a: Dirt Angel|100\/100|[from] item: Black Sludge\n|upkeep\n|turn|33\n|\n|t:|1699242247\n|move|p2a: Dirt Angel|Gunk Shot|p1a: StrawberriesNCream\n|-supereffective|p1a: StrawberriesNCream\n|-damage|p1a: StrawberriesNCream|39\/100\n|-status|p1a: StrawberriesNCream|psn\n|move|p1a: StrawberriesNCream|Thunder Wave|p2a: Dirt Angel\n|-immune|p2a: Dirt Angel\n|\n|-damage|p1a: StrawberriesNCream|27\/100 psn|[from] psn\n|-fieldend|move: Trick Room\n|upkeep\n|turn|34\n|\n|t:|1699242256\n|move|p1a: StrawberriesNCream|Recover|p1a: StrawberriesNCream\n|-heal|p1a: StrawberriesNCream|77\/100 psn\n|move|p2a: Dirt Angel|Gunk Shot|p1a: StrawberriesNCream|[miss]\n|-miss|p2a: Dirt Angel|p1a: StrawberriesNCream\n|\n|-damage|p1a: StrawberriesNCream|65\/100 psn|[from] psn\n|upkeep\n|turn|35\n|\n|t:|1699242263\n|move|p1a: StrawberriesNCream|Refresh|p1a: StrawberriesNCream\n|-curestatus|p1a: StrawberriesNCream|psn|[msg]\n|move|p2a: Dirt Angel|Gunk Shot|p1a: StrawberriesNCream\n|-supereffective|p1a: StrawberriesNCream\n|-damage|p1a: StrawberriesNCream|17\/100\n|\n|upkeep\n|turn|36\n|\n|t:|1699242269\n|move|p1a: StrawberriesNCream|Recover|p1a: StrawberriesNCream\n|-heal|p1a: StrawberriesNCream|67\/100\n|move|p2a: Dirt Angel|Gunk Shot|p1a: StrawberriesNCream\n|-supereffective|p1a: StrawberriesNCream\n|-damage|p1a: StrawberriesNCream|21\/100\n|\n|upkeep\n|turn|37\n|\n|t:|1699242276\n|move|p1a: StrawberriesNCream|Recover|p1a: StrawberriesNCream\n|-heal|p1a: StrawberriesNCream|71\/100\n|move|p2a: Dirt Angel|Toxic|p1a: StrawberriesNCream\n|-status|p1a: StrawberriesNCream|tox\n|\n|-damage|p1a: StrawberriesNCream|65\/100 tox|[from] psn\n|upkeep\n|turn|38\n|c|\u2606slug bite|this is my only answer to arceus fairy\n|\n|t:|1699242288\n|move|p1a: StrawberriesNCream|Refresh|p1a: StrawberriesNCream\n|-curestatus|p1a: StrawberriesNCream|tox|[msg]\n|move|p2a: Dirt Angel|Gunk Shot|p1a: StrawberriesNCream|[miss]\n|-miss|p2a: Dirt Angel|p1a: StrawberriesNCream\n|\n|upkeep\n|turn|39\n|c|\u2606Berryandon|just miss 3 of those\n|\n|t:|1699242299\n|move|p1a: StrawberriesNCream|Judgment|p2a: Dirt Angel\n|-resisted|p2a: Dirt Angel\n|-damage|p2a: Dirt Angel|88\/100\n|move|p2a: Dirt Angel|Gunk Shot|p1a: StrawberriesNCream\n|-supereffective|p1a: StrawberriesNCream\n|-damage|p1a: StrawberriesNCream|24\/100\n|\n|-heal|p2a: Dirt Angel|94\/100|[from] item: Black Sludge\n|upkeep\n|turn|40\n|\n|t:|1699242307\n|move|p1a: StrawberriesNCream|Judgment|p2a: Dirt Angel\n|-resisted|p2a: Dirt Angel\n|-damage|p2a: Dirt Angel|82\/100\n|move|p2a: Dirt Angel|Gunk Shot|p1a: StrawberriesNCream\n|-supereffective|p1a: StrawberriesNCream\n|-damage|p1a: StrawberriesNCream|0 fnt\n|faint|p1a: StrawberriesNCream\n|\n|win|slug bite\n|c|\u2606slug bite|gg >w>\n|l| HopeAddict\n|c|\u2606Berryandon|this is why i dont do trash talk\n|c|\u2606Berryandon|i jsut look even stupider\n|l| AshenAraquanid\n|j| ah3nny\n","uploadtime":1699242381,"views":23,"p1id":"berryandon","p2id":"slugbite","formatid":"gen9nationaldexubers","rating":0,"private":0,"password":""}