{"id":"gen9nationaldexubers-1996172571","p1":"handsome n","p2":"Soyeon is a cutie","format":"[Gen 9] National Dex Ubers","log":"|j|\u2606handsome n\n|j|\u2606Soyeon is a cutie\n|t:|1700654800\n|gametype|singles\n|player|p1|handsome n|burglar|1572\n|player|p2|Soyeon is a cutie|idol|1829\n|teamsize|p1|6\n|teamsize|p2|6\n|gen|9\n|tier|[Gen 9] National Dex Ubers\n|rated|\n|rule|HP Percentage Mod: HP is shown in percentages\n|rule|Endless Battle Clause: Forcing endless battles is banned\n|rule|OHKO Clause: OHKO moves are banned\n|rule|Evasion Moves Clause: Evasion moves are banned\n|rule|Evasion Items Clause: Evasion items are banned\n|rule|Species Clause: Limit one of each Pok\u00e9mon\n|rule|Sleep Clause Mod: Limit one foe put to sleep\n|rule|Mega Rayquaza Clause: You cannot mega evolve Rayquaza\n|clearpoke\n|poke|p1|Dondozo, M|\n|poke|p1|Chansey, F|\n|poke|p1|Gliscor, F|\n|poke|p1|Glimmora, M|\n|poke|p1|Arceus-Flying|\n|poke|p1|Zacian-*|\n|poke|p2|Groudon|\n|poke|p2|Arceus-Water|\n|poke|p2|Ditto|\n|poke|p2|Necrozma-Dusk-Mane|\n|poke|p2|Magearna|\n|poke|p2|Yveltal|\n|teampreview\n|inactive|Battle timer is ON: inactive players will automatically lose when time's up. (requested by Soyeon is a cutie)\n|\n|t:|1700654806\n|start\n|switch|p1a: Glimmora|Glimmora, M|100\/100\n|switch|p2a: Necrozma|Necrozma-Dusk-Mane|100\/100\n|turn|1\n|\n|t:|1700654817\n|move|p1a: Glimmora|Mud Shot|p2a: Necrozma\n|-supereffective|p2a: Necrozma\n|-damage|p2a: Necrozma|75\/100\n|-unboost|p2a: Necrozma|spe|1\n|move|p2a: Necrozma|Photon Geyser|p1a: Glimmora\n|-supereffective|p1a: Glimmora\n|-enditem|p1a: Glimmora|Focus Sash\n|-damage|p1a: Glimmora|1\/100\n|\n|upkeep\n|turn|2\n|\n|t:|1700654825\n|move|p1a: Glimmora|Stealth Rock|p2a: Necrozma\n|-sidestart|p2: Soyeon is a cutie|move: Stealth Rock\n|move|p2a: Necrozma|Photon Geyser|p1a: Glimmora\n|-supereffective|p1a: Glimmora\n|-damage|p1a: Glimmora|0 fnt\n|faint|p1a: Glimmora\n|\n|upkeep\n|inactive|handsome n has 120 seconds left.\n|\n|t:|1700654864\n|switch|p1a: Gliscor|Gliscor, F|100\/100\n|turn|3\n|\n|t:|1700654877\n|switch|p2a: Arceus|Arceus-Water|100\/100\n|-damage|p2a: Arceus|88\/100|[from] Stealth Rock\n|move|p1a: Gliscor|Earthquake|p2a: Arceus\n|-damage|p2a: Arceus|65\/100\n|\n|-status|p1a: Gliscor|tox|[from] item: Toxic Orb\n|upkeep\n|turn|4\n|\n|t:|1700654883\n|switch|p2a: Necrozma|Necrozma-Dusk-Mane|75\/100\n|-damage|p2a: Necrozma|69\/100|[from] Stealth Rock\n|switch|p1a: Arceus|Arceus-Flying|100\/100\n|\n|upkeep\n|turn|5\n|\n|t:|1700654895\n|move|p1a: Arceus|Judgment|p2a: Necrozma\n|-resisted|p2a: Necrozma\n|-damage|p2a: Necrozma|46\/100\n|move|p2a: Necrozma|Stealth Rock|p1a: Arceus\n|-sidestart|p1: handsome n|move: Stealth Rock\n|\n|upkeep\n|turn|6\n|\n|t:|1700654912\n|switch|p2a: Magearna|Magearna|100\/100\n|-damage|p2a: Magearna|94\/100|[from] Stealth Rock\n|move|p1a: Arceus|Reflect|p1a: Arceus\n|-sidestart|p1: handsome n|Reflect\n|\n|upkeep\n|turn|7\n|\n|t:|1700654917\n|move|p1a: Arceus|Taunt|p2a: Magearna\n|-start|p2a: Magearna|move: Taunt\n|move|p2a: Magearna|Fleur Cannon|p1a: Arceus\n|-damage|p1a: Arceus|64\/100\n|-unboost|p2a: Magearna|spa|2\n|\n|upkeep\n|turn|8\n|\n|t:|1700654925\n|switch|p1a: Gliscor|Gliscor, F|100\/100 tox\n|-damage|p1a: Gliscor|88\/100 tox|[from] Stealth Rock\n|switch|p2a: Arceus|Arceus-Water|65\/100\n|-damage|p2a: Arceus|53\/100|[from] Stealth Rock\n|\n|-heal|p1a: Gliscor|100\/100 tox|[from] ability: Poison Heal\n|upkeep\n|turn|9\n|\n|t:|1700654929\n|switch|p1a: Arceus|Arceus-Flying|64\/100\n|-damage|p1a: Arceus|40\/100|[from] Stealth Rock\n|move|p2a: Arceus|Taunt|p1a: Arceus\n|-start|p1a: Arceus|move: Taunt\n|\n|upkeep\n|turn|10\n|\n|t:|1700654935\n|switch|p1a: Zacian|Zacian-Crowned|100\/100\n|-damage|p1a: Zacian|94\/100|[from] Stealth Rock\n|-ability|p1a: Zacian|Intrepid Sword|boost\n|-boost|p1a: Zacian|atk|1\n|move|p2a: Arceus|Recover|p2a: Arceus\n|-heal|p2a: Arceus|100\/100\n|\n|-sideend|p1: handsome n|Reflect\n|upkeep\n|turn|11\n|\n|t:|1700654949\n|move|p1a: Zacian|Swords Dance|p1a: Zacian\n|-boost|p1a: Zacian|atk|2\n|move|p2a: Arceus|Judgment|p1a: Zacian\n|-damage|p1a: Zacian|51\/100\n|\n|upkeep\n|turn|12\n|\n|t:|1700654955\n|switch|p2a: Yveltal|Yveltal, shiny|100\/100\n|-ability|p2a: Yveltal|Dark Aura\n|move|p1a: Zacian|Wild Charge|p2a: Yveltal\n|-supereffective|p2a: Yveltal\n|-damage|p2a: Yveltal|1\/100\n|-damage|p1a: Zacian|16\/100|[from] Recoil\n|\n|upkeep\n|turn|13\n|\n|t:|1700654978\n|move|p1a: Zacian|Behemoth Blade|p2a: Yveltal\n|-damage|p2a: Yveltal|0 fnt\n|faint|p2a: Yveltal\n|\n|upkeep\n|\n|t:|1700654982\n|switch|p2a: Ditto|Ditto, shiny|100\/100\n|-damage|p2a: Ditto|88\/100|[from] Stealth Rock\n|-transform|p2a: Ditto|p1a: Zacian|[from] ability: Imposter\n|-ability|p2a: Ditto|Intrepid Sword|boost\n|-boost|p2a: Ditto|atk|1\n|turn|14\n|\n|t:|1700655002\n|switch|p1a: Dondozo|Dondozo, M, shiny|100\/100\n|-damage|p1a: Dondozo|88\/100|[from] Stealth Rock\n|move|p2a: Ditto|Behemoth Blade|p1a: Dondozo\n|-resisted|p1a: Dondozo\n|-damage|p1a: Dondozo|75\/100\n|-damage|p2a: Ditto|71\/100|[from] item: Rocky Helmet|[of] p1a: Dondozo\n|\n|upkeep\n|turn|15\n|inactive|handsome n has 120 seconds left.\n|\n|t:|1700655023\n|switch|p2a: Necrozma|Necrozma-Dusk-Mane|46\/100\n|-damage|p2a: Necrozma|40\/100|[from] Stealth Rock\n|move|p1a: Dondozo|Earthquake|p2a: Necrozma\n|-supereffective|p2a: Necrozma\n|-damage|p2a: Necrozma|12\/100\n|\n|upkeep\n|turn|16\n|inactive|handsome n has 120 seconds left.\n|\n|t:|1700655046\n|switch|p1a: Zacian|Zacian-Crowned|16\/100\n|-damage|p1a: Zacian|10\/100|[from] Stealth Rock\n|detailschange|p2a: Necrozma|Necrozma-Ultra\n|-burst|p2a: Necrozma|Necrozma|Ultranecrozium Z\n|move|p2a: Necrozma|Photon Geyser|p1a: Zacian\n|-resisted|p1a: Zacian\n|-damage|p1a: Zacian|0 fnt\n|faint|p1a: Zacian\n|\n|upkeep\n|inactive|handsome n has 90 seconds left.\n|\n|t:|1700655073\n|switch|p1a: Chansey|Chansey, F|100\/100\n|-damage|p1a: Chansey|88\/100|[from] Stealth Rock\n|turn|17\n|\n|t:|1700655077\n|-zpower|p2a: Necrozma\n|move|p2a: Necrozma|Light That Burns the Sky|p1a: Chansey|[zeffect]\n|-damage|p1a: Chansey|61\/100\n|move|p1a: Chansey|Seismic Toss|p2a: Necrozma\n|-damage|p2a: Necrozma|0 fnt\n|faint|p2a: Necrozma\n|\n|upkeep\n|\n|t:|1700655080\n|switch|p2a: Groudon|Groudon|100\/100\n|-damage|p2a: Groudon|94\/100|[from] Stealth Rock\n|detailschange|p2a: Groudon|Groudon-Primal\n|-primal|p2a: Groudon|Red Orb\n|-weather|DesolateLand|[from] ability: Desolate Land|[of] p2a: Groudon\n|turn|18\n|\n|t:|1700655093\n|switch|p1a: Gliscor|Gliscor, F|100\/100 tox\n|-damage|p1a: Gliscor|88\/100 tox|[from] Stealth Rock\n|move|p2a: Groudon|Heat Crash|p1a: Gliscor\n|-damage|p1a: Gliscor|0 fnt\n|faint|p1a: Gliscor\n|\n|-weather|DesolateLand|[upkeep]\n|upkeep\n|\n|t:|1700655098\n|switch|p1a: Dondozo|Dondozo, M, shiny|75\/100\n|-damage|p1a: Dondozo|62\/100|[from] Stealth Rock\n|turn|19\n|\n|t:|1700655116\n|-weather|none\n|switch|p2a: Arceus|Arceus-Water|100\/100\n|-damage|p2a: Arceus|88\/100|[from] Stealth Rock\n|move|p1a: Dondozo|Curse|p1a: Dondozo\n|-unboost|p1a: Dondozo|spe|1\n|-boost|p1a: Dondozo|atk|1\n|-boost|p1a: Dondozo|def|1\n|\n|upkeep\n|turn|20\n|\n|t:|1700655124\n|move|p2a: Arceus|Toxic|p1a: Dondozo\n|-status|p1a: Dondozo|tox\n|move|p1a: Dondozo|Earthquake|p2a: Arceus\n|-damage|p2a: Arceus|64\/100\n|\n|-damage|p1a: Dondozo|56\/100 tox|[from] psn\n|upkeep\n|turn|21\n|\n|t:|1700655126\n|move|p2a: Arceus|Taunt|p1a: Dondozo\n|-start|p1a: Dondozo|move: Taunt\n|cant|p1a: Dondozo|move: Taunt|Rest\n|\n|-damage|p1a: Dondozo|44\/100 tox|[from] psn\n|upkeep\n|turn|22\n|inactive|handsome n has 120 seconds left.\n|-message|handsome n forfeited.\n|\n|win|Soyeon is a cutie\n|raw|handsome n's rating: 1572 &rarr; <strong>1565<\/strong><br \/>(-7 for losing)\n|raw|Soyeon is a cutie's rating: 1829 &rarr; <strong>1836<\/strong><br \/>(+7 for winning)\n|l|\u2606handsome n\n|l|\u2606Soyeon is a cutie\n","uploadtime":1700655385,"views":0,"p1id":"handsomen","p2id":"soyeonisacutie","formatid":"gen9nationaldexubers","rating":1565,"private":0,"password":""}