{"id":"gen9nationaldexubers-1984604563","p1":"powles478gmail","p2":"BlockOfBrie","format":"[Gen 9] National Dex Ubers","log":"|j|\u2606powles478gmail\n|j|\u2606BlockOfBrie\n|t:|1699283894\n|gametype|singles\n|player|p1|powles478gmail|hilbert-wonderlauncher|\n|player|p2|BlockOfBrie|burgh|\n|teamsize|p1|6\n|teamsize|p2|6\n|gen|9\n|tier|[Gen 9] National Dex Ubers\n|rule|HP Percentage Mod: HP is shown in percentages\n|rule|Endless Battle Clause: Forcing endless battles is banned\n|rule|OHKO Clause: OHKO moves are banned\n|rule|Evasion Moves Clause: Evasion moves are banned\n|rule|Evasion Items Clause: Evasion items are banned\n|rule|Species Clause: Limit one of each Pok\u00e9mon\n|rule|Sleep Clause Mod: Limit one foe put to sleep\n|rule|Mega Rayquaza Clause: You cannot mega evolve Rayquaza\n|clearpoke\n|poke|p1|Infernape, M|\n|poke|p1|Arcanine, F|\n|poke|p1|Darmanitan, F|\n|poke|p1|Chandelure, M|\n|poke|p1|Volcarona, M|\n|poke|p1|Reshiram|\n|poke|p2|Ludicolo, M|\n|poke|p2|Meganium, M|\n|poke|p2|Roserade, M|\n|poke|p2|Lilligant-Hisui, F|\n|poke|p2|Appletun, M|\n|poke|p2|Breloom, F|\n|teampreview\n|inactive|Battle timer is ON: inactive players will automatically lose when time's up. (requested by powles478gmail)\n|\n|t:|1699283902\n|start\n|switch|p1a: Infernape|Infernape, M|100\/100\n|switch|p2a: LudiCoolBro|Ludicolo, M, shiny|100\/100\n|turn|1\n|\n|t:|1699283910\n|move|p1a: Infernape|Thunder Punch|p2a: LudiCoolBro\n|-damage|p2a: LudiCoolBro|58\/100\n|move|p2a: LudiCoolBro|Rain Dance|p2a: LudiCoolBro\n|-weather|RainDance\n|\n|-weather|RainDance|[upkeep]\n|upkeep\n|turn|2\n|\n|t:|1699283918\n|switch|p2a: Cordyceps|Breloom, F|100\/100\n|move|p1a: Infernape|Acrobatics|p2a: Cordyceps\n|-supereffective|p2a: Cordyceps\n|-damage|p2a: Cordyceps|0 fnt\n|faint|p2a: Cordyceps\n|\n|-weather|RainDance|[upkeep]\n|upkeep\n|\n|t:|1699283933\n|switch|p2a: Bad Wolf|Roserade, M|100\/100\n|turn|3\n|\n|t:|1699283938\n|move|p1a: Infernape|Overheat|p2a: Bad Wolf\n|-supereffective|p2a: Bad Wolf\n|-damage|p2a: Bad Wolf|40\/100\n|-unboost|p1a: Infernape|spa|2\n|move|p2a: Bad Wolf|Spikes|p1a: Infernape\n|-sidestart|p1: powles478gmail|Spikes\n|\n|-weather|RainDance|[upkeep]\n|upkeep\n|turn|4\n|\n|t:|1699283950\n|move|p1a: Infernape|Earthquake|p2a: Bad Wolf\n|-damage|p2a: Bad Wolf|0 fnt\n|faint|p2a: Bad Wolf\n|\n|-weather|RainDance|[upkeep]\n|upkeep\n|\n|t:|1699283964\n|switch|p2a: Kabuki|Lilligant-Hisui, F|100\/100\n|turn|5\n|\n|t:|1699283971\n|move|p1a: Infernape|Acrobatics|p2a: Kabuki\n|-supereffective|p2a: Kabuki\n|-damage|p2a: Kabuki|13\/100\n|move|p2a: Kabuki|Victory Dance|p2a: Kabuki\n|-boost|p2a: Kabuki|atk|1\n|-boost|p2a: Kabuki|def|1\n|-boost|p2a: Kabuki|spe|1\n|\n|-weather|none\n|upkeep\n|turn|6\n|\n|t:|1699283982\n|switch|p1a: Reshiram|Reshiram|100\/100\n|-damage|p1a: Reshiram|88\/100|[from] Spikes\n|-ability|p1a: Reshiram|Turboblaze\n|move|p2a: Kabuki|Close Combat|p1a: Reshiram\n|-damage|p1a: Reshiram|0 fnt\n|-unboost|p2a: Kabuki|def|1\n|-unboost|p2a: Kabuki|spd|1\n|faint|p1a: Reshiram\n|\n|upkeep\n|\n|t:|1699284001\n|switch|p1a: Volcarona|Volcarona, M|100\/100\n|-damage|p1a: Volcarona|88\/100|[from] Spikes\n|turn|7\n|\n|t:|1699284013\n|move|p2a: Kabuki|Close Combat|p1a: Volcarona|[miss]\n|-miss|p2a: Kabuki|p1a: Volcarona\n|move|p1a: Volcarona|Overheat|p2a: Kabuki\n|-supereffective|p2a: Kabuki\n|-damage|p2a: Kabuki|0 fnt\n|-unboost|p1a: Volcarona|spa|2\n|faint|p2a: Kabuki\n|-damage|p1a: Volcarona|78\/100|[from] item: Life Orb\n|\n|upkeep\n|\n|t:|1699284033\n|switch|p2a: LudiCoolBro|Ludicolo, M, shiny|58\/100\n|turn|8\n|\n|t:|1699284040\n|move|p1a: Volcarona|Wild Charge|p2a: LudiCoolBro\n|-damage|p2a: LudiCoolBro|22\/100\n|-damage|p1a: Volcarona|70\/100|[from] Recoil\n|-damage|p1a: Volcarona|60\/100|[from] item: Life Orb\n|move|p2a: LudiCoolBro|Rain Dance|p2a: LudiCoolBro\n|-weather|RainDance\n|\n|-weather|RainDance|[upkeep]\n|upkeep\n|turn|9\n|\n|t:|1699284051\n|move|p2a: LudiCoolBro|Hydro Pump|p1a: Volcarona\n|-supereffective|p1a: Volcarona\n|-damage|p1a: Volcarona|0 fnt\n|faint|p1a: Volcarona\n|-damage|p2a: LudiCoolBro|12\/100|[from] item: Life Orb\n|\n|-weather|RainDance|[upkeep]\n|upkeep\n|\n|t:|1699284062\n|switch|p1a: Chandelure|Chandelure, M|100\/100\n|-damage|p1a: Chandelure|88\/100|[from] Spikes\n|turn|10\n|\n|t:|1699284067\n|move|p2a: LudiCoolBro|Hydro Pump|p1a: Chandelure\n|-supereffective|p1a: Chandelure\n|-damage|p1a: Chandelure|0 fnt\n|faint|p1a: Chandelure\n|-damage|p2a: LudiCoolBro|2\/100|[from] item: Life Orb\n|\n|-weather|RainDance|[upkeep]\n|upkeep\n|\n|t:|1699284075\n|switch|p1a: Darmanitan|Darmanitan, F|100\/100\n|-item|p1a: Darmanitan|Air Balloon\n|turn|11\n|\n|t:|1699284081\n|move|p2a: LudiCoolBro|Hydro Pump|p1a: Darmanitan|[miss]\n|-miss|p2a: LudiCoolBro|p1a: Darmanitan\n|move|p1a: Darmanitan|Expanding Force|p2a: LudiCoolBro\n|-damage|p2a: LudiCoolBro|0 fnt\n|faint|p2a: LudiCoolBro\n|\n|-weather|RainDance|[upkeep]\n|upkeep\n|\n|t:|1699284098\n|switch|p2a: Cobbler|Appletun, M|100\/100\n|turn|12\n|\n|t:|1699284109\n|move|p1a: Darmanitan|Extrasensory|p2a: Cobbler\n|-damage|p2a: Cobbler|92\/100\n|move|p2a: Cobbler|Draco Meteor|p1a: Darmanitan|[miss]\n|-miss|p2a: Cobbler|p1a: Darmanitan\n|\n|-weather|none\n|upkeep\n|turn|13\n|\n|t:|1699284120\n|move|p1a: Darmanitan|Extrasensory|p2a: Cobbler\n|-damage|p2a: Cobbler|84\/100\n|move|p2a: Cobbler|Draco Meteor|p1a: Darmanitan\n|-damage|p1a: Darmanitan|0 fnt\n|-unboost|p2a: Cobbler|spa|2\n|-enditem|p1a: Darmanitan|Air Balloon\n|faint|p1a: Darmanitan\n|\n|upkeep\n|\n|t:|1699284130\n|switch|p1a: Arcanine|Arcanine, F|100\/100\n|-damage|p1a: Arcanine|88\/100|[from] Spikes\n|turn|14\n|\n|t:|1699284137\n|move|p1a: Arcanine|Heat Crash|p2a: Cobbler\n|-damage|p2a: Cobbler|55\/100\n|move|p2a: Cobbler|Draco Meteor|p1a: Arcanine\n|-damage|p1a: Arcanine|24\/100\n|-unboost|p2a: Cobbler|spa|2\n|\n|upkeep\n|turn|15\n|\n|t:|1699284146\n|move|p1a: Arcanine|Dragon Rage|p2a: Cobbler\n|-damage|p2a: Cobbler|43\/100\n|move|p2a: Cobbler|Draco Meteor|p1a: Arcanine\n|-damage|p1a: Arcanine|0 fnt\n|-unboost|p2a: Cobbler|spa|2\n|faint|p1a: Arcanine\n|\n|upkeep\n|\n|t:|1699284154\n|switch|p1a: Infernape|Infernape, M|100\/100\n|-damage|p1a: Infernape|88\/100|[from] Spikes\n|turn|16\n|\n|t:|1699284162\n|move|p1a: Infernape|Acrobatics|p2a: Cobbler\n|-supereffective|p2a: Cobbler\n|-damage|p2a: Cobbler|4\/100\n|move|p2a: Cobbler|Draco Meteor|p1a: Infernape|[miss]\n|-miss|p2a: Cobbler|p1a: Infernape\n|\n|upkeep\n|turn|17\n|\n|t:|1699284174\n|move|p1a: Infernape|Acrobatics|p2a: Cobbler\n|-supereffective|p2a: Cobbler\n|-damage|p2a: Cobbler|0 fnt\n|faint|p2a: Cobbler\n|\n|upkeep\n|\n|t:|1699284179\n|switch|p2a: Basil|Meganium, M|100\/100\n|turn|18\n|\n|t:|1699284206\n|-terastallize|p1a: Infernape|Fire\n|-terastallize|p2a: Basil|Grass\n|move|p1a: Infernape|Overheat|p2a: Basil\n|-supereffective|p2a: Basil\n|-crit|p2a: Basil\n|-damage|p2a: Basil|0 fnt\n|-unboost|p1a: Infernape|spa|2\n|faint|p2a: Basil\n|\n|win|powles478gmail\n|l|\u2606powles478gmail\n|c|\u2606BlockOfBrie|GG\n","uploadtime":1699284257,"views":6,"p1id":"powles478gmail","p2id":"blockofbrie","formatid":"gen9nationaldexubers","rating":0,"private":0,"password":""}