{"id":"gen9nationaldexubers-1980038213","p1":"kikofp","p2":"09-10a","format":"[Gen 9] National Dex Ubers","log":"|j|\u2606kikofp\n|j|\u260609-10a\n|t:|1698750106\n|gametype|singles\n|player|p1|kikofp|101|1667\n|player|p2|09-10a|schoolkid-gen4dp|1760\n|teamsize|p1|6\n|teamsize|p2|6\n|gen|9\n|tier|[Gen 9] National Dex Ubers\n|rated|\n|rule|HP Percentage Mod: HP is shown in percentages\n|rule|Endless Battle Clause: Forcing endless battles is banned\n|rule|OHKO Clause: OHKO moves are banned\n|rule|Evasion Moves Clause: Evasion moves are banned\n|rule|Evasion Items Clause: Evasion items are banned\n|rule|Species Clause: Limit one of each Pok\u00e9mon\n|rule|Sleep Clause Mod: Limit one foe put to sleep\n|rule|Mega Rayquaza Clause: You cannot mega evolve Rayquaza\n|clearpoke\n|poke|p1|Groudon|\n|poke|p1|Arceus|\n|poke|p1|Zacian-*|\n|poke|p1|Ho-Oh|\n|poke|p1|Necrozma-Dusk-Mane|\n|poke|p1|Yveltal|\n|poke|p2|Eternatus|\n|poke|p2|Arceus-Fairy|\n|poke|p2|Necrozma-Dusk-Mane|\n|poke|p2|Groudon, L99|\n|poke|p2|Marshadow|\n|poke|p2|Zygarde|\n|teampreview\n|inactive|Battle timer is ON: inactive players will automatically lose when time's up. (requested by 09-10a)\n|\n|t:|1698750124\n|start\n|switch|p1a: Groudon|Groudon|100\/100\n|switch|p2a: Zygarde|Zygarde, shiny|100\/100\n|detailschange|p1a: Groudon|Groudon-Primal\n|-primal|p1a: Groudon|Red Orb\n|-weather|DesolateLand|[from] ability: Desolate Land|[of] p1a: Groudon\n|turn|1\n|\n|t:|1698750144\n|move|p2a: Zygarde|Dragon Dance|p2a: Zygarde\n|-boost|p2a: Zygarde|atk|1\n|-boost|p2a: Zygarde|spe|1\n|move|p1a: Groudon|Stealth Rock|p2a: Zygarde\n|-sidestart|p2: 09-10a|move: Stealth Rock\n|\n|-weather|DesolateLand|[upkeep]\n|upkeep\n|turn|2\n|\n|t:|1698750155\n|move|p2a: Zygarde|Substitute|p2a: Zygarde\n|-start|p2a: Zygarde|Substitute\n|-damage|p2a: Zygarde|76\/100\n|move|p1a: Groudon|Will-O-Wisp||[still]\n|-fail|p1a: Groudon\n|\n|-weather|DesolateLand|[upkeep]\n|-heal|p2a: Zygarde|82\/100|[from] item: Leftovers\n|upkeep\n|turn|3\n|j| shamatetuanzhang\n|\n|t:|1698750160\n|-weather|none\n|switch|p1a: Ho-Oh|Ho-Oh, shiny|100\/100\n|move|p2a: Zygarde|Thousand Arrows|p1a: Ho-Oh\n|-damage|p1a: Ho-Oh|59\/100\n|-start|p1a: Ho-Oh|Smack Down\n|\n|-heal|p2a: Zygarde|88\/100|[from] item: Leftovers\n|upkeep\n|turn|4\n|\n|t:|1698750163\n|move|p2a: Zygarde|Dragon Tail|p1a: Ho-Oh\n|-damage|p1a: Ho-Oh|35\/100\n|drag|p1a: Yveltal|Yveltal, shiny|100\/100\n|-ability|p1a: Yveltal|Dark Aura\n|\n|-heal|p2a: Zygarde|94\/100|[from] item: Leftovers\n|upkeep\n|turn|5\n|\n|t:|1698750167\n|move|p2a: Zygarde|Thousand Arrows|p1a: Yveltal\n|-damage|p1a: Yveltal|60\/100\n|-start|p1a: Yveltal|Smack Down\n|move|p1a: Yveltal|Foul Play|p2a: Zygarde\n|-end|p2a: Zygarde|Substitute\n|\n|-heal|p2a: Zygarde|99\/100|[from] item: Leftovers\n|upkeep\n|turn|6\n|\n|t:|1698750171\n|move|p2a: Zygarde|Thousand Arrows|p1a: Yveltal\n|-damage|p1a: Yveltal|21\/100\n|move|p1a: Yveltal|Taunt|p2a: Zygarde\n|-start|p2a: Zygarde|move: Taunt\n|\n|-heal|p2a: Zygarde|100\/100|[from] item: Leftovers\n|upkeep\n|turn|7\n|\n|t:|1698750173\n|move|p2a: Zygarde|Thousand Arrows|p1a: Yveltal\n|-damage|p1a: Yveltal|0 fnt\n|faint|p1a: Yveltal\n|\n|upkeep\n|\n|t:|1698750177\n|switch|p1a: Groudon|Groudon-Primal|100\/100\n|-weather|DesolateLand|[from] ability: Desolate Land|[of] p1a: Groudon\n|turn|8\n|inactive|09-10a has 120 seconds left.\n|\n|t:|1698750207\n|move|p2a: Zygarde|Thousand Arrows|p1a: Groudon\n|-supereffective|p1a: Groudon\n|-damage|p1a: Groudon|42\/100\n|move|p1a: Groudon|Will-O-Wisp|p2a: Zygarde\n|-status|p2a: Zygarde|brn\n|\n|-weather|DesolateLand|[upkeep]\n|-damage|p2a: Zygarde|94\/100 brn|[from] brn\n|upkeep\n|turn|9\n|\n|t:|1698750218\n|move|p2a: Zygarde|Thousand Arrows|p1a: Groudon\n|-supereffective|p1a: Groudon\n|-damage|p1a: Groudon|11\/100\n|move|p1a: Groudon|Precipice Blades|p2a: Zygarde\n|-crit|p2a: Zygarde\n|-damage|p2a: Zygarde|1\/100 brn\n|\n|-weather|DesolateLand|[upkeep]\n|-heal|p2a: Zygarde|7\/100 brn|[from] item: Leftovers\n|-damage|p2a: Zygarde|1\/100 brn|[from] brn\n|-end|p2a: Zygarde|move: Taunt\n|-activate|p2a: Zygarde|ability: Power Construct\n|detailschange|p2a: Zygarde|Zygarde-Complete, shiny\n|-heal|p2a: Zygarde|38\/100 brn|[silent]\n|upkeep\n|turn|10\n|\n|t:|1698750229\n|move|p2a: Zygarde|Thousand Arrows|p1a: Groudon\n|-supereffective|p1a: Groudon\n|-damage|p1a: Groudon|0 fnt\n|faint|p1a: Groudon\n|-weather|none\n|\n|-heal|p2a: Zygarde|45\/100 brn|[from] item: Leftovers\n|-damage|p2a: Zygarde|38\/100 brn|[from] brn\n|upkeep\n|\n|t:|1698750235\n|switch|p1a: Arceus|Arceus|100\/100\n|turn|11\n|\n|t:|1698750255\n|move|p1a: Arceus|Swords Dance|p1a: Arceus\n|-boost|p1a: Arceus|atk|2\n|move|p2a: Zygarde|Dragon Tail|p1a: Arceus\n|-damage|p1a: Arceus|89\/100\n|drag|p1a: Zacian|Zacian-Crowned, shiny|100\/100\n|-ability|p1a: Zacian|Intrepid Sword|boost\n|-boost|p1a: Zacian|atk|1\n|\n|-heal|p2a: Zygarde|45\/100 brn|[from] item: Leftovers\n|-damage|p2a: Zygarde|38\/100 brn|[from] brn\n|upkeep\n|turn|12\n|\n|t:|1698750259\n|move|p1a: Zacian|Play Rough|p2a: Zygarde|[miss]\n|-miss|p1a: Zacian|p2a: Zygarde\n|move|p2a: Zygarde|Thousand Arrows|p1a: Zacian\n|-supereffective|p1a: Zacian\n|-damage|p1a: Zacian|48\/100\n|\n|-heal|p2a: Zygarde|45\/100 brn|[from] item: Leftovers\n|-damage|p2a: Zygarde|38\/100 brn|[from] brn\n|upkeep\n|turn|13\n|\n|t:|1698750262\n|move|p1a: Zacian|Play Rough|p2a: Zygarde\n|-supereffective|p2a: Zygarde\n|-damage|p2a: Zygarde|0 fnt\n|faint|p2a: Zygarde\n|\n|upkeep\n|\n|t:|1698750269\n|switch|p2a: Groudon|Groudon, L99, shiny|100\/100\n|-damage|p2a: Groudon|94\/100|[from] Stealth Rock\n|detailschange|p2a: Groudon|Groudon-Primal, L99, shiny\n|-primal|p2a: Groudon|Red Orb\n|-weather|DesolateLand|[from] ability: Desolate Land|[of] p2a: Groudon\n|turn|14\n|\n|t:|1698750274\n|-terastallize|p1a: Zacian|Ground\n|move|p1a: Zacian|Tera Blast|p2a: Groudon|[anim] Tera Blast Ground\n|-supereffective|p2a: Groudon\n|-damage|p2a: Groudon|10\/100\n|move|p2a: Groudon|Precipice Blades|p1a: Zacian|[miss]\n|-miss|p2a: Groudon|p1a: Zacian\n|\n|-weather|DesolateLand|[upkeep]\n|upkeep\n|turn|15\n|inactive|09-10a has 120 seconds left.\n|\n|t:|1698750314\n|move|p1a: Zacian|Tera Blast|p2a: Groudon|[anim] Tera Blast Ground\n|-supereffective|p2a: Groudon\n|-damage|p2a: Groudon|0 fnt\n|faint|p2a: Groudon\n|-weather|none\n|\n|upkeep\n|\n|t:|1698750317\n|switch|p2a: Marshadow|Marshadow|100\/100\n|-damage|p2a: Marshadow|94\/100|[from] Stealth Rock\n|turn|16\n|\n|t:|1698750321\n|move|p2a: Marshadow|Shadow Sneak|p1a: Zacian\n|-damage|p1a: Zacian|1\/100\n|move|p1a: Zacian|Play Rough|p2a: Marshadow\n|-supereffective|p2a: Marshadow\n|-damage|p2a: Marshadow|0 fnt\n|faint|p2a: Marshadow\n|\n|upkeep\n|\n|t:|1698750330\n|switch|p2a: Arceus|Arceus-Fairy|100\/100\n|-damage|p2a: Arceus|88\/100|[from] Stealth Rock\n|turn|17\n|\n|t:|1698750333\n|-terastallize|p2a: Arceus|Water\n|move|p1a: Zacian|Behemoth Blade|p2a: Arceus\n|-resisted|p2a: Arceus\n|-damage|p2a: Arceus|67\/100\n|move|p2a: Arceus|Judgment|p1a: Zacian\n|-damage|p1a: Zacian|0 fnt\n|faint|p1a: Zacian\n|\n|upkeep\n|\n|t:|1698750343\n|switch|p1a: Ho-Oh|Ho-Oh, shiny|69\/100\n|turn|18\n|\n|t:|1698750353\n|switch|p2a: Eternatus|Eternatus|100\/100\n|-ability|p2a: Eternatus|Pressure\n|move|p1a: Ho-Oh|Toxic|p2a: Eternatus\n|-immune|p2a: Eternatus\n|\n|upkeep\n|turn|19\n|\n|t:|1698750360\n|switch|p2a: Arceus|Arceus-Fairy, tera:Water|67\/100\n|-damage|p2a: Arceus|55\/100|[from] Stealth Rock\n|move|p1a: Ho-Oh|Sacred Fire|p2a: Arceus\n|-resisted|p2a: Arceus\n|-damage|p2a: Arceus|44\/100\n|\n|upkeep\n|turn|20\n|\n|t:|1698750365\n|move|p2a: Arceus|Recover|p2a: Arceus\n|-heal|p2a: Arceus|94\/100\n|move|p1a: Ho-Oh|Toxic|p2a: Arceus\n|-status|p2a: Arceus|tox\n|\n|-damage|p2a: Arceus|88\/100 tox|[from] psn\n|upkeep\n|turn|21\n|\n|t:|1698750370\n|switch|p2a: Eternatus|Eternatus|100\/100\n|-ability|p2a: Eternatus|Pressure\n|move|p1a: Ho-Oh|Roost|p1a: Ho-Oh\n|-heal|p1a: Ho-Oh|100\/100\n|-singleturn|p1a: Ho-Oh|move: Roost\n|\n|upkeep\n|turn|22\n|\n|t:|1698750378\n|move|p2a: Eternatus|Toxic Spikes|p1a: Ho-Oh\n|-sidestart|p1: kikofp|move: Toxic Spikes\n|move|p1a: Ho-Oh|Whirlwind|p2a: Eternatus\n|drag|p2a: Arceus|Arceus-Fairy, tera:Water|88\/100 tox\n|-damage|p2a: Arceus|76\/100 tox|[from] Stealth Rock\n|\n|-damage|p2a: Arceus|70\/100 tox|[from] psn\n|upkeep\n|turn|23\n|\n|t:|1698750386\n|move|p2a: Arceus|Recover|p2a: Arceus\n|-heal|p2a: Arceus|100\/100 tox\n|move|p1a: Ho-Oh|Whirlwind|p2a: Arceus\n|drag|p2a: Necrozma|Necrozma-Dusk-Mane, shiny|100\/100\n|-damage|p2a: Necrozma|94\/100|[from] Stealth Rock\n|\n|upkeep\n|turn|24\n|\n|t:|1698750391\n|move|p2a: Necrozma|Rock Blast|p1a: Ho-Oh\n|-supereffective|p1a: Ho-Oh\n|-damage|p1a: Ho-Oh|77\/100\n|-supereffective|p1a: Ho-Oh\n|-damage|p1a: Ho-Oh|55\/100\n|-hitcount|p1a: Ho-Oh|2\n|move|p1a: Ho-Oh|Whirlwind|p2a: Necrozma\n|drag|p2a: Arceus|Arceus-Fairy, tera:Water|100\/100 tox\n|-damage|p2a: Arceus|88\/100 tox|[from] Stealth Rock\n|\n|-damage|p2a: Arceus|82\/100 tox|[from] psn\n|upkeep\n|turn|25\n|\n|t:|1698750397\n|switch|p2a: Eternatus|Eternatus|100\/100\n|-ability|p2a: Eternatus|Pressure\n|move|p1a: Ho-Oh|Roost|p1a: Ho-Oh\n|-heal|p1a: Ho-Oh|100\/100\n|-singleturn|p1a: Ho-Oh|move: Roost\n|\n|upkeep\n|turn|26\n|inactive|kikofp has 120 seconds left.\n|\n|t:|1698750432\n|move|p2a: Eternatus|Sludge Bomb|p1a: Ho-Oh\n|-damage|p1a: Ho-Oh|76\/100\n|move|p1a: Ho-Oh|Sacred Fire|p2a: Eternatus\n|-resisted|p2a: Eternatus\n|-damage|p2a: Eternatus|86\/100\n|\n|upkeep\n|turn|27\n|\n|t:|1698750438\n|move|p2a: Eternatus|Sludge Bomb|p1a: Ho-Oh\n|-damage|p1a: Ho-Oh|54\/100\n|-status|p1a: Ho-Oh|psn\n|move|p1a: Ho-Oh|Whirlwind|p2a: Eternatus\n|drag|p2a: Necrozma|Necrozma-Dusk-Mane, shiny|94\/100\n|-damage|p2a: Necrozma|88\/100|[from] Stealth Rock\n|\n|-damage|p1a: Ho-Oh|42\/100 psn|[from] psn\n|upkeep\n|turn|28\n|\n|t:|1698750448\n|move|p2a: Necrozma|Rock Blast|p1a: Ho-Oh\n|-supereffective|p1a: Ho-Oh\n|-damage|p1a: Ho-Oh|19\/100 psn\n|-supereffective|p1a: Ho-Oh\n|-damage|p1a: Ho-Oh|0 fnt\n|faint|p1a: Ho-Oh\n|-hitcount|p1: Ho-Oh|2\n|\n|upkeep\n|\n|t:|1698750451\n|switch|p1a: Necrozma|Necrozma-Dusk-Mane|100\/100\n|turn|29\n|\n|t:|1698750457\n|switch|p2a: Arceus|Arceus-Fairy, tera:Water|82\/100 tox\n|-damage|p2a: Arceus|70\/100 tox|[from] Stealth Rock\n|move|p1a: Necrozma|Dragon Dance|p1a: Necrozma\n|-boost|p1a: Necrozma|atk|1\n|-boost|p1a: Necrozma|spe|1\n|\n|-damage|p2a: Arceus|64\/100 tox|[from] psn\n|upkeep\n|turn|30\n|\n|t:|1698750461\n|move|p1a: Necrozma|Earthquake|p2a: Arceus\n|-damage|p2a: Arceus|33\/100 tox\n|move|p2a: Arceus|Will-O-Wisp|p1a: Necrozma\n|-status|p1a: Necrozma|brn\n|\n|-damage|p2a: Arceus|21\/100 tox|[from] psn\n|-damage|p1a: Necrozma|94\/100 brn|[from] brn\n|upkeep\n|turn|31\n|\n|t:|1698750468\n|move|p1a: Necrozma|Dragon Dance|p1a: Necrozma\n|-boost|p1a: Necrozma|atk|1\n|-boost|p1a: Necrozma|spe|1\n|move|p2a: Arceus|Recover|p2a: Arceus\n|-heal|p2a: Arceus|71\/100 tox\n|\n|-damage|p2a: Arceus|53\/100 tox|[from] psn\n|-damage|p1a: Necrozma|88\/100 brn|[from] brn\n|upkeep\n|turn|32\n|\n|t:|1698750473\n|move|p1a: Necrozma|Dragon Dance|p1a: Necrozma\n|-boost|p1a: Necrozma|atk|1\n|-boost|p1a: Necrozma|spe|1\n|move|p2a: Arceus|Roar|p1a: Necrozma\n|drag|p1a: Arceus|Arceus|89\/100\n|-status|p1a: Arceus|psn\n|\n|-damage|p2a: Arceus|29\/100 tox|[from] psn\n|-damage|p1a: Arceus|76\/100 psn|[from] psn\n|upkeep\n|turn|33\n|\n|t:|1698750477\n|move|p1a: Arceus|Extreme Speed|p2a: Arceus\n|-damage|p2a: Arceus|4\/100 tox\n|move|p2a: Arceus|Roar|p1a: Arceus\n|drag|p1a: Necrozma|Necrozma-Dusk-Mane|88\/100 brn\n|\n|-damage|p2a: Arceus|0 fnt|[from] psn\n|faint|p2a: Arceus\n|-damage|p1a: Necrozma|82\/100 brn|[from] brn\n|upkeep\n|\n|t:|1698750483\n|switch|p2a: Necrozma|Necrozma-Dusk-Mane, shiny|88\/100\n|-damage|p2a: Necrozma|82\/100|[from] Stealth Rock\n|turn|34\n|\n|t:|1698750486\n|move|p2a: Necrozma|Dragon Dance|p2a: Necrozma\n|-boost|p2a: Necrozma|atk|1\n|-boost|p2a: Necrozma|spe|1\n|move|p1a: Necrozma|Earthquake|p2a: Necrozma\n|-supereffective|p2a: Necrozma\n|-damage|p2a: Necrozma|59\/100\n|\n|-damage|p1a: Necrozma|76\/100 brn|[from] brn\n|upkeep\n|turn|35\n|\n|t:|1698750496\n|move|p2a: Necrozma|Dragon Dance|p2a: Necrozma\n|-boost|p2a: Necrozma|atk|1\n|-boost|p2a: Necrozma|spe|1\n|move|p1a: Necrozma|Earthquake|p2a: Necrozma\n|-supereffective|p2a: Necrozma\n|-damage|p2a: Necrozma|39\/100\n|\n|-damage|p1a: Necrozma|70\/100 brn|[from] brn\n|upkeep\n|turn|36\n|\n|t:|1698750498\n|move|p2a: Necrozma|Moonlight|p2a: Necrozma\n|-heal|p2a: Necrozma|89\/100\n|move|p1a: Necrozma|Earthquake|p2a: Necrozma\n|-supereffective|p2a: Necrozma\n|-damage|p2a: Necrozma|67\/100\n|\n|-damage|p1a: Necrozma|64\/100 brn|[from] brn\n|upkeep\n|turn|37\n|\n|t:|1698750501\n|move|p2a: Necrozma|Dragon Dance|p2a: Necrozma\n|-boost|p2a: Necrozma|atk|1\n|-boost|p2a: Necrozma|spe|1\n|move|p1a: Necrozma|Dragon Dance|p1a: Necrozma\n|-boost|p1a: Necrozma|atk|1\n|-boost|p1a: Necrozma|spe|1\n|\n|-damage|p1a: Necrozma|58\/100 brn|[from] brn\n|upkeep\n|turn|38\n|\n|t:|1698750505\n|move|p2a: Necrozma|Moonlight|p2a: Necrozma\n|-heal|p2a: Necrozma|100\/100\n|move|p1a: Necrozma|Earthquake|p2a: Necrozma\n|-supereffective|p2a: Necrozma\n|-damage|p2a: Necrozma|68\/100\n|\n|-damage|p1a: Necrozma|52\/100 brn|[from] brn\n|upkeep\n|turn|39\n|\n|t:|1698750509\n|move|p2a: Necrozma|Moonlight|p2a: Necrozma\n|-heal|p2a: Necrozma|100\/100\n|move|p1a: Necrozma|Earthquake|p2a: Necrozma\n|-supereffective|p2a: Necrozma\n|-damage|p2a: Necrozma|68\/100\n|\n|-damage|p1a: Necrozma|46\/100 brn|[from] brn\n|upkeep\n|turn|40\n|\n|t:|1698750513\n|move|p2a: Necrozma|Moonlight|p2a: Necrozma\n|-heal|p2a: Necrozma|100\/100\n|move|p1a: Necrozma|Earthquake|p2a: Necrozma\n|-supereffective|p2a: Necrozma\n|-damage|p2a: Necrozma|71\/100\n|\n|-damage|p1a: Necrozma|40\/100 brn|[from] brn\n|upkeep\n|turn|41\n|\n|t:|1698750517\n|move|p2a: Necrozma|Moonlight|p2a: Necrozma\n|-heal|p2a: Necrozma|100\/100\n|move|p1a: Necrozma|Sunsteel Strike|p2a: Necrozma\n|-resisted|p2a: Necrozma\n|-damage|p2a: Necrozma|84\/100\n|\n|-damage|p1a: Necrozma|34\/100 brn|[from] brn\n|upkeep\n|turn|42\n|\n|t:|1698750524\n|move|p2a: Necrozma|Sunsteel Strike|p1a: Necrozma\n|-resisted|p1a: Necrozma\n|-damage|p1a: Necrozma|0 fnt\n|faint|p1a: Necrozma\n|\n|upkeep\n|\n|t:|1698750527\n|switch|p1a: Arceus|Arceus|76\/100 psn\n|turn|43\n|\n|t:|1698750531\n|-zpower|p2a: Necrozma\n|move|p2a: Necrozma|Searing Sunraze Smash|p1a: Arceus|[zeffect]\n|-damage|p1a: Arceus|0 fnt\n|faint|p1a: Arceus\n|\n|win|09-10a\n|raw|kikofp's rating: 1678 &rarr; <strong>1663<\/strong><br \/>(-15 for losing)\n|raw|09-10a's rating: 1776 &rarr; <strong>1791<\/strong><br \/>(+15 for winning)\n|l|\u2606kikofp\n","uploadtime":1698750634,"views":9,"p1id":"kikofp","p2id":"0910a","formatid":"gen9nationaldexubers","rating":1663,"private":0,"password":""}