{"id":"gen9nationaldexubers-1980477226","p1":"eloy18","p2":"blancasofia","format":"[Gen 9] National Dex Ubers","log":"|j|\u2606eloy18\n|j|\u2606blancasofia\n|t:|1698788634\n|gametype|singles\n|player|p1|eloy18|102|\n|player|p2|blancasofia|acetrainerf|\n|teamsize|p1|6\n|teamsize|p2|6\n|gen|9\n|tier|[Gen 9] National Dex Ubers\n|rule|HP Percentage Mod: HP is shown in percentages\n|rule|Endless Battle Clause: Forcing endless battles is banned\n|rule|OHKO Clause: OHKO moves are banned\n|rule|Evasion Moves Clause: Evasion moves are banned\n|rule|Evasion Items Clause: Evasion items are banned\n|rule|Species Clause: Limit one of each Pok\u00e9mon\n|rule|Sleep Clause Mod: Limit one foe put to sleep\n|rule|Mega Rayquaza Clause: You cannot mega evolve Rayquaza\n|clearpoke\n|poke|p1|Darkrai, L55|\n|poke|p1|Umbreon, L60, F|\n|poke|p1|Greninja-*, L65, M|\n|poke|p1|Zoroark, L60, F|\n|poke|p1|Weavile, L60, M|\n|poke|p1|Absol, L60, F|\n|poke|p2|Clodsire, L55, M|\n|poke|p2|Lopunny, L60, F|\n|poke|p2|Rotom-Wash, L55|\n|poke|p2|Gholdengo, L55|\n|poke|p2|Houndoom, L55, M|\n|poke|p2|Gliscor, L55, M|\n|teampreview\n|c|\u2606blancasofia|ahora recuerdo que odio a los Zoroak...\n|\n|t:|1698788668\n|start\n|switch|p1a: Weavile|Weavile, L60, M|100\/100\n|switch|p2a: Lunny|Lopunny, L60, F|100\/100\n|-ability|p1a: Weavile|Pressure\n|turn|1\n|\n|t:|1698788687\n|detailschange|p2a: Lunny|Lopunny-Mega, L60, F\n|-mega|p2a: Lunny|Lopunny|Lopunnite\n|move|p2a: Lunny|Fake Out|p1a: Weavile\n|-damage|p1a: Weavile|64\/100\n|cant|p1a: Weavile|flinch\n|\n|upkeep\n|turn|2\n|\n|t:|1698788694\n|switch|p1a: Umbreon|Umbreon, L60, F|100\/100\n|move|p2a: Lunny|Drain Punch|p1a: Umbreon\n|-supereffective|p1a: Umbreon\n|-damage|p1a: Umbreon|35\/100\n|\n|-heal|p1a: Umbreon|41\/100|[from] item: Leftovers\n|upkeep\n|turn|3\n|\n|t:|1698788714\n|move|p1a: Umbreon|Protect|p1a: Umbreon\n|-singleturn|p1a: Umbreon|Protect\n|move|p2a: Lunny|Drain Punch|p1a: Umbreon\n|-activate|p1a: Umbreon|move: Protect\n|\n|-heal|p1a: Umbreon|47\/100|[from] item: Leftovers\n|upkeep\n|turn|4\n|\n|t:|1698788725\n|switch|p2a: Clod|Clodsire, L55, M|100\/100\n|move|p1a: Umbreon|Foul Play|p2a: Clod\n|-damage|p2a: Clod|69\/100\n|\n|-heal|p1a: Umbreon|53\/100|[from] item: Leftovers\n|-heal|p2a: Clod|75\/100|[from] item: Black Sludge\n|upkeep\n|turn|5\n|\n|t:|1698788747\n|move|p1a: Umbreon|Toxic|p2a: Clod|[miss]\n|-miss|p1a: Umbreon|p2a: Clod\n|move|p2a: Clod|Toxic|p1a: Umbreon\n|-status|p1a: Umbreon|tox\n|-activate|p1a: Umbreon|ability: Synchronize\n|-immune|p2a: Clod\n|\n|-heal|p1a: Umbreon|59\/100 tox|[from] item: Leftovers\n|-heal|p2a: Clod|81\/100|[from] item: Black Sludge\n|-damage|p1a: Umbreon|53\/100 tox|[from] psn\n|upkeep\n|turn|6\n|\n|t:|1698788759\n|move|p1a: Umbreon|Foul Play|p2a: Clod\n|-damage|p2a: Clod|50\/100\n|move|p2a: Clod|Stealth Rock|p1a: Umbreon\n|-sidestart|p1: eloy18|move: Stealth Rock\n|\n|-heal|p1a: Umbreon|59\/100 tox|[from] item: Leftovers\n|-heal|p2a: Clod|56\/100|[from] item: Black Sludge\n|-damage|p1a: Umbreon|47\/100 tox|[from] psn\n|upkeep\n|turn|7\n|\n|t:|1698788789\n|move|p1a: Umbreon|Foul Play|p2a: Clod\n|-damage|p2a: Clod|24\/100\n|move|p2a: Clod|Recover|p2a: Clod\n|-heal|p2a: Clod|75\/100\n|\n|-heal|p1a: Umbreon|53\/100 tox|[from] item: Leftovers\n|-heal|p2a: Clod|81\/100|[from] item: Black Sludge\n|-damage|p1a: Umbreon|35\/100 tox|[from] psn\n|upkeep\n|turn|8\n|\n|t:|1698788802\n|switch|p1a: Greninja|Greninja, L65, M, shiny|100\/100\n|-damage|p1a: Greninja|88\/100|[from] Stealth Rock\n|move|p2a: Clod|Recover|p2a: Clod\n|-heal|p2a: Clod|100\/100\n|\n|upkeep\n|turn|9\n|\n|t:|1698788819\n|switch|p2a: Wash|Rotom-Wash, L55|100\/100\n|move|p1a: Greninja|Ice Beam|p2a: Wash\n|-start|p1a: Greninja|typechange|Ice|[from] ability: Protean\n|-resisted|p2a: Wash\n|-damage|p2a: Wash|49\/100\n|-damage|p1a: Greninja|79\/100|[from] item: Life Orb\n|\n|-heal|p2a: Wash|55\/100|[from] item: Leftovers\n|upkeep\n|turn|10\n|\n|t:|1698788833\n|move|p1a: Greninja|Ice Beam|p2a: Wash\n|-resisted|p2a: Wash\n|-damage|p2a: Wash|10\/100\n|-damage|p1a: Greninja|69\/100|[from] item: Life Orb\n|move|p2a: Wash|Thunder Wave|p1a: Greninja\n|-status|p1a: Greninja|par\n|\n|-heal|p2a: Wash|16\/100|[from] item: Leftovers\n|upkeep\n|turn|11\n|\n|t:|1698788844\n|switch|p1a: Umbreon|Umbreon, L60, F|35\/100 tox\n|-damage|p1a: Umbreon|23\/100 tox|[from] Stealth Rock\n|move|p2a: Wash|Hex|p1a: Umbreon\n|-resisted|p1a: Umbreon\n|-damage|p1a: Umbreon|14\/100 tox\n|\n|-heal|p2a: Wash|22\/100|[from] item: Leftovers\n|-heal|p1a: Umbreon|20\/100 tox|[from] item: Leftovers\n|-damage|p1a: Umbreon|14\/100 tox|[from] psn\n|upkeep\n|turn|12\n|\n|t:|1698788858\n|move|p2a: Wash|Thunderbolt|p1a: Umbreon\n|-damage|p1a: Umbreon|0 fnt\n|faint|p1a: Umbreon\n|\n|-heal|p2a: Wash|28\/100|[from] item: Leftovers\n|upkeep\n|\n|t:|1698788868\n|switch|p1a: Absol|Absol, L60, F|100\/100\n|-damage|p1a: Absol|88\/100|[from] Stealth Rock\n|-ability|p1a: Absol|Pressure\n|turn|13\n|\n|t:|1698788874\n|detailschange|p1a: Absol|Absol-Mega, L60, F\n|-mega|p1a: Absol|Absol|Absolite\n|move|p1a: Absol|Knock Off|p2a: Wash\n|-damage|p2a: Wash|0 fnt\n|-enditem|p2a: Wash|Leftovers|[from] move: Knock Off|[of] p1a: Absol\n|faint|p2a: Wash\n|\n|upkeep\n|\n|t:|1698788880\n|switch|p2a: Lunny|Lopunny-Mega, L60, F|100\/100\n|turn|14\n|\n|t:|1698788886\n|move|p2a: Lunny|Fake Out|p1a: Absol\n|-damage|p1a: Absol|49\/100\n|cant|p1a: Absol|flinch\n|\n|upkeep\n|turn|15\n|\n|t:|1698788891\n|move|p1a: Absol|Sucker Punch|p2a: Lunny\n|-resisted|p2a: Lunny\n|-damage|p2a: Lunny|72\/100\n|move|p2a: Lunny|Drain Punch|p1a: Absol\n|-supereffective|p1a: Absol\n|-damage|p1a: Absol|0 fnt\n|-heal|p2a: Lunny|96\/100|[from] drain|[of] p1a: Absol\n|faint|p1a: Absol\n|\n|upkeep\n|\n|t:|1698788896\n|switch|p1a: Darkrai|Darkrai, L60|100\/100\n|-damage|p1a: Darkrai|88\/100|[from] Stealth Rock\n|turn|16\n|\n|t:|1698788902\n|move|p1a: Darkrai|Psychic|p2a: Lunny\n|-supereffective|p2a: Lunny\n|-damage|p2a: Lunny|23\/100\n|-unboost|p2a: Lunny|spd|1\n|move|p2a: Lunny|Close Combat|p1a: Darkrai\n|-supereffective|p1a: Darkrai\n|-damage|p1a: Darkrai|0 fnt\n|-unboost|p2a: Lunny|def|1\n|-unboost|p2a: Lunny|spd|1\n|replace|p1a: Zoroark|Zoroark, L60, F\n|-end|p1a: Zoroark|Illusion\n|faint|p1a: Zoroark\n|\n|upkeep\n|\n|t:|1698788920\n|switch|p1a: Weavile|Weavile, L60, M|64\/100\n|-damage|p1a: Weavile|39\/100|[from] Stealth Rock\n|-ability|p1a: Weavile|Pressure\n|turn|17\n|\n|t:|1698788926\n|move|p1a: Weavile|Ice Shard|p2a: Lunny\n|-damage|p2a: Lunny|0 fnt\n|faint|p2a: Lunny\n|\n|upkeep\n|\n|t:|1698788930\n|switch|p2a: Dengo|Gholdengo, L55|100\/100\n|turn|18\n|\n|t:|1698788947\n|switch|p1a: Darkrai|Darkrai, L55|100\/100\n|-damage|p1a: Darkrai|89\/100|[from] Stealth Rock\n|move|p2a: Dengo|Dazzling Gleam|p1a: Darkrai\n|-supereffective|p1a: Darkrai\n|-damage|p1a: Darkrai|22\/100\n|\n|upkeep\n|turn|19\n|\n|t:|1698788954\n|move|p1a: Darkrai|Dark Pulse|p2a: Dengo\n|-supereffective|p2a: Dengo\n|-damage|p2a: Dengo|0 fnt\n|faint|p2a: Dengo\n|-damage|p1a: Darkrai|12\/100|[from] item: Life Orb\n|\n|upkeep\n|\n|t:|1698788963\n|switch|p2a: Akuma|Houndoom, L55, M|100\/100\n|turn|20\n|\n|t:|1698788967\n|move|p1a: Darkrai|Hypnosis|p2a: Akuma|[miss]\n|-miss|p1a: Darkrai|p2a: Akuma\n|move|p2a: Akuma|Flame Charge|p1a: Darkrai\n|-damage|p1a: Darkrai|0 fnt\n|-boost|p2a: Akuma|spe|1\n|faint|p1a: Darkrai\n|\n|upkeep\n|\n|t:|1698788969\n|switch|p1a: Greninja|Greninja, L65, M, shiny|69\/100 par\n|-damage|p1a: Greninja|57\/100 par|[from] Stealth Rock\n|turn|21\n|\n|t:|1698788977\n|move|p2a: Akuma|Destiny Bond|p2a: Akuma\n|-singlemove|p2a: Akuma|Destiny Bond\n|move|p1a: Greninja|Scald|p2a: Akuma\n|-start|p1a: Greninja|typechange|Water|[from] ability: Protean\n|-supereffective|p2a: Akuma\n|-damage|p2a: Akuma|0 fnt\n|faint|p2a: Akuma\n|-activate|p2a: Akuma|move: Destiny Bond\n|faint|p1a: Greninja\n|\n|upkeep\n|\n|t:|1698788993\n|switch|p1a: Weavile|Weavile, L60, M|39\/100\n|switch|p2a: Clod|Clodsire, L55, M|100\/100\n|-damage|p1a: Weavile|14\/100|[from] Stealth Rock\n|-ability|p1a: Weavile|Pressure\n|turn|22\n|\n|t:|1698789002\n|move|p1a: Weavile|Triple Axel|p2a: Clod\n|-supereffective|p2a: Clod\n|-damage|p2a: Clod|60\/100\n|-supereffective|p2a: Clod\n|-damage|p2a: Clod|0 fnt\n|faint|p2a: Clod\n|-hitcount|p2: Clod|2\n|\n|upkeep\n|\n|t:|1698789008\n|switch|p2a: Scor|Gliscor, L55, M|100\/100\n|turn|23\n|\n|t:|1698789012\n|move|p1a: Weavile|Triple Axel|p2a: Scor\n|-supereffective|p2a: Scor\n|-damage|p2a: Scor|27\/100\n|-supereffective|p2a: Scor\n|-damage|p2a: Scor|0 fnt\n|faint|p2a: Scor\n|-hitcount|p2: Scor|2\n|\n|win|eloy18\n","uploadtime":1698789021,"views":13,"p1id":"eloy18","p2id":"blancasofia","formatid":"gen9nationaldexubers","rating":0,"private":0,"password":""}