{"id":"gen9nationaldexubers-1985428559","p1":"Bequart","p2":"uimesquita","format":"[Gen 9] National Dex Ubers","log":"|j|\u2606Bequart\n|j|\u2606uimesquita\n|t:|1699373909\n|gametype|singles\n|player|p1|Bequart|101|1040\n|player|p2|uimesquita|silver|1068\n|teamsize|p1|6\n|teamsize|p2|6\n|gen|9\n|tier|[Gen 9] National Dex Ubers\n|rated|\n|rule|HP Percentage Mod: HP is shown in percentages\n|rule|Endless Battle Clause: Forcing endless battles is banned\n|rule|OHKO Clause: OHKO moves are banned\n|rule|Evasion Moves Clause: Evasion moves are banned\n|rule|Evasion Items Clause: Evasion items are banned\n|rule|Species Clause: Limit one of each Pok\u00e9mon\n|rule|Sleep Clause Mod: Limit one foe put to sleep\n|rule|Mega Rayquaza Clause: You cannot mega evolve Rayquaza\n|clearpoke\n|poke|p1|Lugia|\n|poke|p1|Greninja-*, M|\n|poke|p1|Grimmsnarl, M|\n|poke|p1|Magearna|\n|poke|p1|Groudon|\n|poke|p1|Urshifu-*, F|\n|poke|p2|Garchomp, M|\n|poke|p2|Corviknight, M|\n|poke|p2|Rotom-Wash|\n|poke|p2|Gholdengo|\n|poke|p2|Roaring Moon|\n|poke|p2|Charizard, M|\n|teampreview\n|inactive|Battle timer is ON: inactive players will automatically lose when time's up. (requested by uimesquita)\n|\n|t:|1699373920\n|start\n|switch|p1a: Grimmsnarl|Grimmsnarl, M|100\/100\n|switch|p2a: Roaring Moon|Roaring Moon|100\/100\n|-enditem|p2a: Roaring Moon|Booster Energy\n|-activate|p2a: Roaring Moon|ability: Protosynthesis|[fromitem]\n|-start|p2a: Roaring Moon|protosynthesisatk\n|turn|1\n|\n|t:|1699373930\n|move|p1a: Grimmsnarl|Light Screen|p1a: Grimmsnarl\n|-sidestart|p1: Bequart|move: Light Screen\n|move|p2a: Roaring Moon|Dragon Dance|p2a: Roaring Moon\n|-boost|p2a: Roaring Moon|atk|1\n|-boost|p2a: Roaring Moon|spe|1\n|\n|upkeep\n|turn|2\n|\n|t:|1699373939\n|move|p1a: Grimmsnarl|Reflect|p1a: Grimmsnarl\n|-sidestart|p1: Bequart|Reflect\n|move|p2a: Roaring Moon|Iron Head|p1a: Grimmsnarl\n|-supereffective|p1a: Grimmsnarl\n|-damage|p1a: Grimmsnarl|38\/100\n|\n|upkeep\n|turn|3\n|\n|t:|1699373944\n|move|p1a: Grimmsnarl|Thunder Wave|p2a: Roaring Moon\n|-hint|Since gen 7, Dark is immune to Prankster moves.\n|-immune|p2a: Roaring Moon\n|move|p2a: Roaring Moon|Iron Head|p1a: Grimmsnarl\n|-supereffective|p1a: Grimmsnarl\n|-damage|p1a: Grimmsnarl|0 fnt\n|faint|p1a: Grimmsnarl\n|\n|upkeep\n|\n|t:|1699373955\n|switch|p1a: Greninja|Greninja, M|100\/100\n|turn|4\n|\n|t:|1699373964\n|-terastallize|p2a: Roaring Moon|Flying\n|move|p2a: Roaring Moon|Acrobatics|p1a: Greninja\n|-enditem|p1a: Greninja|Focus Sash\n|-damage|p1a: Greninja|1\/100\n|move|p1a: Greninja|Ice Beam|p2a: Roaring Moon\n|-supereffective|p2a: Roaring Moon\n|-damage|p2a: Roaring Moon|53\/100\n|\n|upkeep\n|turn|5\n|\n|t:|1699373978\n|move|p1a: Greninja|Water Shuriken|p2a: Roaring Moon\n|-damage|p2a: Roaring Moon|46\/100\n|-damage|p2a: Roaring Moon|39\/100\n|-hitcount|p2a: Roaring Moon|2\n|move|p2a: Roaring Moon|Dragon Claw|p1a: Greninja\n|-damage|p1a: Greninja|0 fnt\n|faint|p1a: Greninja\n|\n|upkeep\n|\n|t:|1699373996\n|switch|p1a: Lugia|Lugia|100\/100\n|turn|6\n|\n|t:|1699374000\n|move|p2a: Roaring Moon|Dragon Claw|p1a: Lugia\n|-damage|p1a: Lugia|89\/100\n|move|p1a: Lugia|Ice Beam|p2a: Roaring Moon\n|-supereffective|p2a: Roaring Moon\n|-damage|p2a: Roaring Moon|2\/100\n|\n|-heal|p1a: Lugia|95\/100|[from] item: Leftovers\n|upkeep\n|turn|7\n|\n|t:|1699374009\n|move|p2a: Roaring Moon|Acrobatics|p1a: Lugia\n|-damage|p1a: Lugia|63\/100\n|move|p1a: Lugia|Ice Beam|p2a: Roaring Moon\n|-supereffective|p2a: Roaring Moon\n|-damage|p2a: Roaring Moon|0 fnt\n|faint|p2a: Roaring Moon\n|-end|p2a: Roaring Moon|Protosynthesis|[silent]\n|\n|-heal|p1a: Lugia|69\/100|[from] item: Leftovers\n|upkeep\n|\n|t:|1699374017\n|switch|p2a: Gholdengo|Gholdengo|100\/100\n|turn|8\n|\n|t:|1699374027\n|move|p2a: Gholdengo|Trick|p1a: Lugia\n|-activate|p2a: Gholdengo|move: Trick|[of] p1a: Lugia\n|-item|p1a: Lugia|Choice Scarf|[from] move: Trick\n|-item|p2a: Gholdengo|Leftovers|[from] move: Trick\n|move|p1a: Lugia|Recover|p1a: Lugia\n|-heal|p1a: Lugia|100\/100\n|\n|-sideend|p1: Bequart|move: Light Screen\n|upkeep\n|turn|9\n|\n|t:|1699374037\n|switch|p1a: Groudon|Groudon|100\/100\n|detailschange|p1a: Groudon|Groudon-Primal\n|-primal|p1a: Groudon|Red Orb\n|-weather|DesolateLand|[from] ability: Desolate Land|[of] p1a: Groudon\n|move|p2a: Gholdengo|Shadow Ball|p1a: Groudon\n|-damage|p1a: Groudon|51\/100\n|\n|-weather|DesolateLand|[upkeep]\n|-sideend|p1: Bequart|Reflect\n|upkeep\n|turn|10\n|\n|t:|1699374046\n|move|p1a: Groudon|Fire Punch|p2a: Gholdengo\n|-supereffective|p2a: Gholdengo\n|-damage|p2a: Gholdengo|0 fnt\n|faint|p2a: Gholdengo\n|\n|-weather|DesolateLand|[upkeep]\n|upkeep\n|\n|t:|1699374050\n|switch|p2a: Garchomp|Garchomp, M|100\/100\n|turn|11\n|\n|t:|1699374053\n|move|p2a: Garchomp|Toxic|p1a: Groudon\n|-status|p1a: Groudon|tox\n|move|p1a: Groudon|Earthquake|p2a: Garchomp\n|-damage|p2a: Garchomp|46\/100\n|\n|-weather|DesolateLand|[upkeep]\n|-damage|p1a: Groudon|45\/100 tox|[from] psn\n|upkeep\n|turn|12\n|\n|t:|1699374064\n|-weather|none\n|switch|p1a: Lugia|Lugia|100\/100\n|move|p2a: Garchomp|Stealth Rock|p1a: Lugia\n|-sidestart|p1: Bequart|move: Stealth Rock\n|\n|upkeep\n|turn|13\n|\n|t:|1699374075\n|move|p1a: Lugia|Ice Beam|p2a: Garchomp\n|-supereffective|p2a: Garchomp\n|-damage|p2a: Garchomp|0 fnt\n|faint|p2a: Garchomp\n|\n|upkeep\n|\n|t:|1699374083\n|switch|p2a: Corviknight|Corviknight, M|100\/100\n|-ability|p2a: Corviknight|Pressure\n|turn|14\n|\n|t:|1699374093\n|move|p1a: Lugia|Ice Beam|p2a: Corviknight\n|-damage|p2a: Corviknight|83\/100\n|move|p2a: Corviknight|Brave Bird|p1a: Lugia\n|-damage|p1a: Lugia|91\/100\n|-damage|p2a: Corviknight|80\/100|[from] Recoil\n|\n|-heal|p2a: Corviknight|86\/100|[from] item: Leftovers\n|upkeep\n|turn|15\n|\n|t:|1699374113\n|switch|p1a: Urshifu|Urshifu-Rapid-Strike, F|100\/100\n|-damage|p1a: Urshifu|94\/100|[from] Stealth Rock\n|move|p2a: Corviknight|U-turn|p1a: Urshifu\n|-resisted|p1a: Urshifu\n|-damage|p1a: Urshifu|87\/100\n|\n|t:|1699374120\n|switch|p2a: Rotom|Rotom-Wash|100\/100|[from] U-turn\n|\n|upkeep\n|turn|16\n|\n|t:|1699374135\n|move|p1a: Urshifu|Close Combat|p2a: Rotom\n|-damage|p2a: Rotom|4\/100\n|-unboost|p1a: Urshifu|def|1\n|-unboost|p1a: Urshifu|spd|1\n|move|p2a: Rotom|Will-O-Wisp|p1a: Urshifu\n|-status|p1a: Urshifu|brn\n|\n|-heal|p2a: Rotom|10\/100|[from] item: Leftovers\n|-damage|p1a: Urshifu|81\/100 brn|[from] brn\n|upkeep\n|turn|17\n|\n|t:|1699374145\n|move|p2a: Rotom|Protect|p2a: Rotom\n|-singleturn|p2a: Rotom|Protect\n|move|p1a: Urshifu|Close Combat|p2a: Rotom\n|-damage|p2a: Rotom|0 fnt\n|-unboost|p1a: Urshifu|def|1\n|-unboost|p1a: Urshifu|spd|1\n|faint|p2a: Rotom\n|\n|-damage|p1a: Urshifu|75\/100 brn|[from] brn\n|upkeep\n|\n|t:|1699374153\n|switch|p2a: Charizard|Charizard, M|100\/100\n|turn|18\n|\n|t:|1699374159\n|switch|p1a: Lugia|Lugia|91\/100\n|-damage|p1a: Lugia|66\/100|[from] Stealth Rock\n|detailschange|p2a: Charizard|Charizard-Mega-X, M\n|-mega|p2a: Charizard|Charizard|Charizardite X\n|move|p2a: Charizard|Swords Dance|p2a: Charizard\n|-boost|p2a: Charizard|atk|2\n|\n|upkeep\n|turn|19\n|\n|t:|1699374175\n|move|p1a: Lugia|Toxic|p2a: Charizard\n|-status|p2a: Charizard|tox\n|move|p2a: Charizard|Dragon Claw|p1a: Lugia\n|-damage|p1a: Lugia|8\/100\n|\n|-damage|p2a: Charizard|94\/100 tox|[from] psn\n|upkeep\n|turn|20\n|\n|t:|1699374199\n|switch|p1a: Magearna|Magearna|100\/100\n|-damage|p1a: Magearna|95\/100|[from] Stealth Rock\n|move|p2a: Charizard|Flame Charge|p1a: Magearna\n|-supereffective|p1a: Magearna\n|-damage|p1a: Magearna|0 fnt\n|-boost|p2a: Charizard|spe|1\n|faint|p1a: Magearna\n|\n|-damage|p2a: Charizard|82\/100 tox|[from] psn\n|upkeep\n|inactive|Bequart has 120 seconds left.\n|\n|t:|1699374211\n|switch|p1a: Urshifu|Urshifu-Rapid-Strike, F|75\/100 brn\n|-damage|p1a: Urshifu|69\/100 brn|[from] Stealth Rock\n|turn|21\n|inactive|Bequart has 120 seconds left.\n|\n|t:|1699374225\n|move|p1a: Urshifu|Aqua Jet|p2a: Charizard\n|-damage|p2a: Charizard|67\/100 tox\n|move|p2a: Charizard|Dragon Claw|p1a: Urshifu\n|-damage|p1a: Urshifu|0 fnt\n|faint|p1a: Urshifu\n|\n|-damage|p2a: Charizard|49\/100 tox|[from] psn\n|upkeep\n|inactive|Bequart has 120 seconds left.\n|\n|t:|1699374236\n|switch|p1a: Lugia|Lugia|8\/100\n|-damage|p1a: Lugia|0 fnt|[from] Stealth Rock\n|faint|p1a: Lugia\n|\n|t:|1699374239\n|switch|p1a: Groudon|Groudon-Primal|45\/100 tox\n|-damage|p1a: Groudon|32\/100 tox|[from] Stealth Rock\n|-weather|DesolateLand|[from] ability: Desolate Land|[of] p1a: Groudon\n|turn|22\n|\n|t:|1699374246\n|move|p2a: Charizard|Earthquake|p1a: Groudon\n|-supereffective|p1a: Groudon\n|-damage|p1a: Groudon|0 fnt\n|faint|p1a: Groudon\n|-weather|none\n|\n|win|uimesquita\n|raw|Bequart's rating: 1040 &rarr; <strong>1025<\/strong><br \/>(-15 for losing)\n|raw|uimesquita's rating: 1068 &rarr; <strong>1095<\/strong><br \/>(+27 for winning)\n|l|\u2606Bequart\n","uploadtime":1699374258,"views":4,"p1id":"bequart","p2id":"uimesquita","formatid":"gen9nationaldexubers","rating":1025,"private":0,"password":""}