{"id":"gen9nationaldexubers-1979948717","p1":"Slimepokemon","p2":"sizorxxxz","format":"[Gen 9] National Dex Ubers","log":"|j|\u2606Slimepokemon\n|j|\u2606sizorxxxz\n|t:|1698735071\n|gametype|singles\n|player|p1|Slimepokemon|pokekid|\n|player|p2|sizorxxxz|alder|\n|teamsize|p1|6\n|teamsize|p2|6\n|gen|9\n|tier|[Gen 9] National Dex Ubers\n|rule|HP Percentage Mod: HP is shown in percentages\n|rule|Endless Battle Clause: Forcing endless battles is banned\n|rule|OHKO Clause: OHKO moves are banned\n|rule|Evasion Moves Clause: Evasion moves are banned\n|rule|Evasion Items Clause: Evasion items are banned\n|rule|Species Clause: Limit one of each Pok\u00e9mon\n|rule|Sleep Clause Mod: Limit one foe put to sleep\n|rule|Mega Rayquaza Clause: You cannot mega evolve Rayquaza\n|clearpoke\n|poke|p1|Iron Valiant|\n|poke|p1|Great Tusk|\n|poke|p1|Gallade, M|\n|poke|p1|Infernape, M|\n|poke|p1|Metagross|\n|poke|p1|Kommo-o, M|\n|poke|p2|Wailord, M|\n|poke|p2|Pelipper, M|\n|poke|p2|Palkia-Origin|\n|poke|p2|Decidueye, M|\n|poke|p2|Thundurus-Therian, M|\n|poke|p2|Enamorus-Therian, F|\n|teampreview\n|\n|t:|1698735095\n|start\n|switch|p1a: \u041b\u0435\u0442\u0432\u0438\u043a|Kommo-o, M|100\/100\n|switch|p2a: Pelipper|Pelipper, M|100\/100\n|-weather|RainDance|[from] ability: Drizzle|[of] p2a: Pelipper\n|turn|1\n|\n|t:|1698735104\n|switch|p1a: \u0414\u0435\u0441\u043f\u0438\u0440\u0430\u0442\u0438\u043e\u043d|Metagross|100\/100\n|move|p2a: Pelipper|Tailwind|p2a: Pelipper\n|-sidestart|p2: sizorxxxz|move: Tailwind\n|\n|-weather|RainDance|[upkeep]\n|upkeep\n|turn|2\n|j| konnate\n|\n|t:|1698735155\n|move|p2a: Pelipper|Weather Ball|p1a: \u0414\u0435\u0441\u043f\u0438\u0440\u0430\u0442\u0438\u043e\u043d\n|-crit|p1a: \u0414\u0435\u0441\u043f\u0438\u0440\u0430\u0442\u0438\u043e\u043d\n|-damage|p1a: \u0414\u0435\u0441\u043f\u0438\u0440\u0430\u0442\u0438\u043e\u043d|5\/100\n|move|p1a: \u0414\u0435\u0441\u043f\u0438\u0440\u0430\u0442\u0438\u043e\u043d|Psycho Cut|p2a: Pelipper\n|-damage|p2a: Pelipper|58\/100\n|\n|-weather|RainDance|[upkeep]\n|-heal|p1a: \u0414\u0435\u0441\u043f\u0438\u0440\u0430\u0442\u0438\u043e\u043d|11\/100|[from] item: Leftovers\n|upkeep\n|turn|3\n|c| konnate|\u0414\u0430\u0432\u0430\u0439, \u0441\u043b\u0438\u043c\u0435\n|\n|t:|1698735168\n|switch|p1a: \u041b\u0435\u0442\u0432\u0438\u043a|Kommo-o, M|100\/100\n|move|p2a: Pelipper|U-turn|p1a: \u041b\u0435\u0442\u0432\u0438\u043a\n|-resisted|p1a: \u041b\u0435\u0442\u0432\u0438\u043a\n|-damage|p1a: \u041b\u0435\u0442\u0432\u0438\u043a|96\/100\n|\n|t:|1698735175\n|switch|p2a: Enamorus|Enamorus-Therian, F|100\/100|[from] U-turn\n|\n|-weather|RainDance|[upkeep]\n|upkeep\n|turn|4\n|\n|t:|1698735200\n|switch|p1a: \u0414\u0435\u0441\u043f\u0438\u0440\u0430\u0442\u0438\u043e\u043d|Metagross|11\/100\n|move|p2a: Enamorus|Springtide Storm|p1a: \u0414\u0435\u0441\u043f\u0438\u0440\u0430\u0442\u0438\u043e\u043d|[miss]\n|-miss|p2a: Enamorus|p1a: \u0414\u0435\u0441\u043f\u0438\u0440\u0430\u0442\u0438\u043e\u043d\n|\n|-weather|RainDance|[upkeep]\n|-heal|p1a: \u0414\u0435\u0441\u043f\u0438\u0440\u0430\u0442\u0438\u043e\u043d|17\/100|[from] item: Leftovers\n|-sideend|p2: sizorxxxz|move: Tailwind\n|upkeep\n|turn|5\n|\n|t:|1698735209\n|move|p1a: \u0414\u0435\u0441\u043f\u0438\u0440\u0430\u0442\u0438\u043e\u043d|Meteor Mash|p2a: Enamorus\n|-supereffective|p2a: Enamorus\n|-damage|p2a: Enamorus|15\/100\n|-damage|p1a: \u0414\u0435\u0441\u043f\u0438\u0440\u0430\u0442\u0438\u043e\u043d|0 fnt|[from] item: Rocky Helmet|[of] p2a: Enamorus\n|faint|p1a: \u0414\u0435\u0441\u043f\u0438\u0440\u0430\u0442\u0438\u043e\u043d\n|move|p2a: Enamorus|Weather Ball|p1: \u0414\u0435\u0441\u043f\u0438\u0440\u0430\u0442\u0438\u043e\u043d|[notarget]\n|-fail|p2a: Enamorus\n|\n|-weather|RainDance|[upkeep]\n|upkeep\n|\n|t:|1698735229\n|switch|p1a: \u041a\u043e\u0431\u0430\u043b\u044c\u0442|Iron Valiant|100\/100\n|turn|6\n|l| konnate\n|\n|t:|1698735258\n|move|p1a: \u041a\u043e\u0431\u0430\u043b\u044c\u0442|Thunderbolt|p2a: Enamorus\n|-supereffective|p2a: Enamorus\n|-damage|p2a: Enamorus|0 fnt\n|faint|p2a: Enamorus\n|\n|-weather|RainDance|[upkeep]\n|upkeep\n|\n|t:|1698735264\n|switch|p2a: Wailord|Wailord, M|100\/100\n|-ability|p2a: Wailord|Pressure\n|turn|7\n|j| konnate\n|c| konnate|\u0410 \u0432 \u0447\u0435\u0441\u0442\u044c \u043c\u0435\u043d\u044f \u043f\u043e\u043a\u0435\u043c\u043e\u043d\u0430 \u043d\u0435\u0442 \ud83d\ude1e\n|\n|t:|1698735290\n|move|p1a: \u041a\u043e\u0431\u0430\u043b\u044c\u0442|Thunderbolt|p2a: Wailord\n|-supereffective|p2a: Wailord\n|-damage|p2a: Wailord|31\/100\n|move|p2a: Wailord|Water Spout|p1a: \u041a\u043e\u0431\u0430\u043b\u044c\u0442\n|-damage|p1a: \u041a\u043e\u0431\u0430\u043b\u044c\u0442|51\/100\n|\n|-weather|RainDance|[upkeep]\n|upkeep\n|turn|8\n|\n|t:|1698735300\n|move|p1a: \u041a\u043e\u0431\u0430\u043b\u044c\u0442|Thunderbolt|p2a: Wailord\n|-supereffective|p2a: Wailord\n|-damage|p2a: Wailord|0 fnt\n|faint|p2a: Wailord\n|\n|-weather|none\n|upkeep\n|\n|t:|1698735303\n|switch|p2a: Pelipper|Pelipper, M|58\/100\n|-weather|RainDance|[from] ability: Drizzle|[of] p2a: Pelipper\n|turn|9\n|\n|t:|1698735314\n|switch|p2a: Decidueye|Decidueye, M|100\/100\n|move|p1a: \u041a\u043e\u0431\u0430\u043b\u044c\u0442|Thunderbolt|p2a: Decidueye\n|-resisted|p2a: Decidueye\n|-damage|p2a: Decidueye|82\/100\n|-status|p2a: Decidueye|par\n|\n|-weather|RainDance|[upkeep]\n|upkeep\n|turn|10\n|l| konnate\n|\n|t:|1698735334\n|move|p1a: \u041a\u043e\u0431\u0430\u043b\u044c\u0442|Psyshock|p2a: Decidueye\n|-damage|p2a: Decidueye|43\/100 par\n|move|p2a: Decidueye|Return|p1a: \u041a\u043e\u0431\u0430\u043b\u044c\u0442\n|-damage|p1a: \u041a\u043e\u0431\u0430\u043b\u044c\u0442|14\/100\n|\n|-weather|RainDance|[upkeep]\n|upkeep\n|turn|11\n|j| konnate\n|\n|t:|1698735344\n|move|p1a: \u041a\u043e\u0431\u0430\u043b\u044c\u0442|Moonblast|p2a: Decidueye\n|-damage|p2a: Decidueye|0 fnt\n|faint|p2a: Decidueye\n|\n|-weather|RainDance|[upkeep]\n|upkeep\n|\n|t:|1698735351\n|switch|p2a: Palkia|Palkia-Origin|100\/100\n|turn|12\n|\n|t:|1698735357\n|move|p2a: Palkia|Surf|p1a: \u041a\u043e\u0431\u0430\u043b\u044c\u0442\n|-damage|p1a: \u041a\u043e\u0431\u0430\u043b\u044c\u0442|0 fnt\n|faint|p1a: \u041a\u043e\u0431\u0430\u043b\u044c\u0442\n|-end|p1a: \u041a\u043e\u0431\u0430\u043b\u044c\u0442|Quark Drive|[silent]\n|\n|-weather|RainDance|[upkeep]\n|upkeep\n|l| konnate\n|\n|t:|1698735374\n|switch|p1a: \u0421\u043b\u0438\u043f\u0438|Gallade, M|100\/100\n|turn|13\n|\n|t:|1698735403\n|detailschange|p1a: \u0421\u043b\u0438\u043f\u0438|Gallade-Mega, M\n|-mega|p1a: \u0421\u043b\u0438\u043f\u0438|Gallade|Galladite\n|move|p2a: Palkia|Spacial Rend|p1a: \u0421\u043b\u0438\u043f\u0438\n|-damage|p1a: \u0421\u043b\u0438\u043f\u0438|22\/100\n|move|p1a: \u0421\u043b\u0438\u043f\u0438|Close Combat|p2a: Palkia\n|-damage|p2a: Palkia|24\/100\n|-unboost|p1a: \u0421\u043b\u0438\u043f\u0438|def|1\n|-unboost|p1a: \u0421\u043b\u0438\u043f\u0438|spd|1\n|\n|-weather|RainDance|[upkeep]\n|upkeep\n|turn|14\n|\n|t:|1698735415\n|switch|p1a: \u0420\u0435\u043a\u043b\u0435\u0441 \u0441\u0442\u0430\u0440\u0448\u0438\u0439|Infernape, M|100\/100\n|move|p2a: Palkia|Thunder|p1a: \u0420\u0435\u043a\u043b\u0435\u0441 \u0441\u0442\u0430\u0440\u0448\u0438\u0439\n|-damage|p1a: \u0420\u0435\u043a\u043b\u0435\u0441 \u0441\u0442\u0430\u0440\u0448\u0438\u0439|39\/100\n|\n|-weather|RainDance|[upkeep]\n|upkeep\n|turn|15\n|\n|t:|1698735425\n|move|p1a: \u0420\u0435\u043a\u043b\u0435\u0441 \u0441\u0442\u0430\u0440\u0448\u0438\u0439|Vacuum Wave|p2a: Palkia\n|-damage|p2a: Palkia|8\/100\n|move|p2a: Palkia|Spacial Rend|p1a: \u0420\u0435\u043a\u043b\u0435\u0441 \u0441\u0442\u0430\u0440\u0448\u0438\u0439\n|-damage|p1a: \u0420\u0435\u043a\u043b\u0435\u0441 \u0441\u0442\u0430\u0440\u0448\u0438\u0439|0 fnt\n|faint|p1a: \u0420\u0435\u043a\u043b\u0435\u0441 \u0441\u0442\u0430\u0440\u0448\u0438\u0439\n|\n|-weather|RainDance|[upkeep]\n|upkeep\n|j| konnate\n|\n|t:|1698735438\n|switch|p1a: \u041a\u0435\u043a\u043b\u0435\u0441|Great Tusk|100\/100\n|-enditem|p1a: \u041a\u0435\u043a\u043b\u0435\u0441|Booster Energy\n|-activate|p1a: \u041a\u0435\u043a\u043b\u0435\u0441|ability: Protosynthesis|[fromitem]\n|-start|p1a: \u041a\u0435\u043a\u043b\u0435\u0441|protosynthesisatk\n|turn|16\n|\n|t:|1698735443\n|-terastallize|p1a: \u041a\u0435\u043a\u043b\u0435\u0441|Ground\n|move|p2a: Palkia|Surf|p1a: \u041a\u0435\u043a\u043b\u0435\u0441\n|-supereffective|p1a: \u041a\u0435\u043a\u043b\u0435\u0441\n|-damage|p1a: \u041a\u0435\u043a\u043b\u0435\u0441|0 fnt\n|faint|p1a: \u041a\u0435\u043a\u043b\u0435\u0441\n|-end|p1a: \u041a\u0435\u043a\u043b\u0435\u0441|Protosynthesis|[silent]\n|\n|-weather|none\n|upkeep\n|\n|t:|1698735449\n|switch|p1a: \u041b\u0435\u0442\u0432\u0438\u043a|Kommo-o, M|96\/100\n|turn|17\n|\n|t:|1698735455\n|move|p2a: Palkia|Spacial Rend|p1a: \u041b\u0435\u0442\u0432\u0438\u043a\n|-supereffective|p1a: \u041b\u0435\u0442\u0432\u0438\u043a\n|-damage|p1a: \u041b\u0435\u0442\u0432\u0438\u043a|0 fnt\n|faint|p1a: \u041b\u0435\u0442\u0432\u0438\u043a\n|\n|upkeep\n|\n|t:|1698735458\n|switch|p1a: \u0421\u043b\u0438\u043f\u0438|Gallade-Mega, M|22\/100\n|turn|18\n|\n|t:|1698735462\n|move|p2a: Palkia|Spacial Rend|p1a: \u0421\u043b\u0438\u043f\u0438\n|-crit|p1a: \u0421\u043b\u0438\u043f\u0438\n|-damage|p1a: \u0421\u043b\u0438\u043f\u0438|0 fnt\n|faint|p1a: \u0421\u043b\u0438\u043f\u0438\n|\n|win|sizorxxxz\n","uploadtime":1698735467,"views":9,"p1id":"slimepokemon","p2id":"sizorxxxz","formatid":"gen9nationaldexubers","rating":0,"private":0,"password":""}