{"id":"gen9nationaldexubers-1994085016","p1":"Dasaplay28","p2":"Dalender","format":"[Gen 9] National Dex Ubers","log":"|j|\u2606Dasaplay28\n|j|\u2606Dalender\n|t:|1700404913\n|gametype|singles\n|player|p1|Dasaplay28|2|1032\n|player|p2|Dalender|guitarist|1000\n|teamsize|p1|6\n|teamsize|p2|6\n|gen|9\n|tier|[Gen 9] National Dex Ubers\n|rated|\n|rule|HP Percentage Mod: HP is shown in percentages\n|rule|Endless Battle Clause: Forcing endless battles is banned\n|rule|OHKO Clause: OHKO moves are banned\n|rule|Evasion Moves Clause: Evasion moves are banned\n|rule|Evasion Items Clause: Evasion items are banned\n|rule|Species Clause: Limit one of each Pok\u00e9mon\n|rule|Sleep Clause Mod: Limit one foe put to sleep\n|rule|Mega Rayquaza Clause: You cannot mega evolve Rayquaza\n|clearpoke\n|poke|p1|Incineroar, M|\n|poke|p1|Staraptor, M|\n|poke|p1|Espeon, F|\n|poke|p1|Pyukumuku, M|\n|poke|p1|Ninetales-Alola, M|\n|poke|p1|Baxcalibur, F|\n|poke|p2|Meowscarada, M|\n|poke|p2|Porygon-Z|\n|poke|p2|Milotic, F|\n|poke|p2|Salazzle, F|\n|poke|p2|Corviknight, M|\n|poke|p2|Weavile, F|\n|teampreview\n|\n|t:|1700404927\n|start\n|switch|p1a: Macho|Incineroar, M|100\/100\n|switch|p2a: Weavile|Weavile, F|100\/100\n|-ability|p2a: Weavile|Pressure\n|-ability|p1a: Macho|Intimidate|boost\n|-unboost|p2a: Weavile|atk|1\n|turn|1\n|\n|t:|1700404938\n|-terastallize|p2a: Weavile|Ghost\n|move|p1a: Macho|Fake Out|p2a: Weavile\n|-immune|p2a: Weavile\n|move|p2a: Weavile|Low Kick|p1a: Macho\n|-supereffective|p1a: Macho\n|-damage|p1a: Macho|67\/100\n|\n|upkeep\n|turn|2\n|\n|t:|1700404946\n|move|p2a: Weavile|Beat Up|p1a: Macho\n|-resisted|p1a: Macho\n|-damage|p1a: Macho|64\/100\n|-resisted|p1a: Macho\n|-damage|p1a: Macho|62\/100\n|-resisted|p1a: Macho\n|-damage|p1a: Macho|60\/100\n|-resisted|p1a: Macho\n|-crit|p1a: Macho\n|-damage|p1a: Macho|57\/100\n|-resisted|p1a: Macho\n|-damage|p1a: Macho|55\/100\n|-resisted|p1a: Macho\n|-damage|p1a: Macho|52\/100\n|-hitcount|p1a: Macho|6\n|move|p1a: Macho|Darkest Lariat|p2a: Weavile\n|-supereffective|p2a: Weavile\n|-damage|p2a: Weavile|0 fnt\n|faint|p2a: Weavile\n|\n|upkeep\n|\n|t:|1700404964\n|switch|p2a: Milotic|Milotic, F|100\/100\n|turn|3\n|\n|t:|1700404977\n|move|p2a: Milotic|Scald|p1a: Macho\n|-supereffective|p1a: Macho\n|-damage|p1a: Macho|0 fnt\n|faint|p1a: Macho\n|\n|-status|p2a: Milotic|brn|[from] item: Flame Orb\n|upkeep\n|\n|t:|1700404987\n|switch|p1a: Frio|Ninetales-Alola, M|100\/100\n|-weather|Snow|[from] ability: Snow Warning|[of] p1a: Frio\n|turn|4\n|\n|t:|1700404995\n|switch|p2a: Corviknight|Corviknight, M|100\/100\n|-ability|p2a: Corviknight|Unnerve\n|move|p1a: Frio|Aurora Veil|p1a: Frio\n|-sidestart|p1: Dasaplay28|move: Aurora Veil\n|\n|-weather|Snow|[upkeep]\n|upkeep\n|turn|5\n|\n|t:|1700405016\n|switch|p1a: Esper|Espeon, F|100\/100\n|move|p2a: Corviknight|Iron Head|p1a: Esper\n|-damage|p1a: Esper|77\/100\n|\n|-weather|Snow|[upkeep]\n|upkeep\n|turn|6\n|\n|t:|1700405026\n|switch|p2a: Meowscarada|Meowscarada, M|100\/100\n|move|p1a: Esper|Trick|p2a: Meowscarada\n|-activate|p1a: Esper|move: Trick|[of] p2a: Meowscarada\n|-item|p2a: Meowscarada|Choice Specs|[from] move: Trick\n|-item|p1a: Esper|Liechi Berry|[from] move: Trick\n|\n|-weather|Snow|[upkeep]\n|upkeep\n|turn|7\n|\n|t:|1700405040\n|move|p1a: Esper|Yawn|p2a: Meowscarada\n|-start|p2a: Meowscarada|move: Yawn|[of] p1a: Esper\n|move|p2a: Meowscarada|U-turn|p1a: Esper\n|-supereffective|p1a: Esper\n|-damage|p1a: Esper|29\/100\n|\n|t:|1700405050\n|switch|p2a: Porygon-Z|Porygon-Z|100\/100|[from] U-turn\n|\n|-weather|Snow|[upkeep]\n|upkeep\n|turn|8\n|\n|t:|1700405061\n|move|p1a: Esper|Trick||[still]\n|-fail|p1a: Esper\n|move|p2a: Porygon-Z|Ice Beam|p1a: Esper\n|-damage|p1a: Esper|5\/100\n|-enditem|p1a: Esper|Liechi Berry|[eat]\n|-boost|p1a: Esper|atk|1|[from] item: Liechi Berry\n|\n|-weather|none\n|upkeep\n|turn|9\n|\n|t:|1700405071\n|move|p1a: Esper|Yawn|p2a: Porygon-Z\n|-start|p2a: Porygon-Z|move: Yawn|[of] p1a: Esper\n|move|p2a: Porygon-Z|Ice Beam|p1a: Esper\n|-damage|p1a: Esper|0 fnt\n|faint|p1a: Esper\n|\n|upkeep\n|\n|t:|1700405082\n|switch|p1a: Trellaja|Staraptor, M|100\/100\n|turn|10\n|\n|t:|1700405088\n|switch|p2a: Corviknight|Corviknight, M|100\/100\n|-ability|p2a: Corviknight|Unnerve\n|move|p1a: Trellaja|Close Combat|p2a: Corviknight\n|-damage|p2a: Corviknight|77\/100\n|-unboost|p1a: Trellaja|def|1\n|-unboost|p1a: Trellaja|spd|1\n|-damage|p1a: Trellaja|84\/100|[from] item: Rocky Helmet|[of] p2a: Corviknight\n|\n|upkeep\n|turn|11\n|\n|t:|1700405102\n|switch|p1a: Frio|Ninetales-Alola, M|100\/100\n|-weather|Snow|[from] ability: Snow Warning|[of] p1a: Frio\n|move|p2a: Corviknight|Body Press|p1a: Frio\n|-damage|p1a: Frio|89\/100\n|\n|-weather|Snow|[upkeep]\n|-sideend|p1: Dasaplay28|move: Aurora Veil\n|upkeep\n|turn|12\n|\n|t:|1700405123\n|-terastallize|p1a: Frio|Ice\n|move|p1a: Frio|Calm Mind|p1a: Frio\n|-boost|p1a: Frio|spa|1\n|-boost|p1a: Frio|spd|1\n|move|p2a: Corviknight|Iron Head|p1a: Frio\n|-supereffective|p1a: Frio\n|-crit|p1a: Frio\n|-damage|p1a: Frio|14\/100\n|\n|-weather|Snow|[upkeep]\n|upkeep\n|turn|13\n|\n|t:|1700405134\n|move|p1a: Frio|Aurora Veil|p1a: Frio\n|-sidestart|p1: Dasaplay28|move: Aurora Veil\n|move|p2a: Corviknight|Iron Head|p1a: Frio\n|-supereffective|p1a: Frio\n|-damage|p1a: Frio|0 fnt\n|faint|p1a: Frio\n|\n|-weather|Snow|[upkeep]\n|upkeep\n|\n|t:|1700405138\n|switch|p1a: Baxcalibur|Baxcalibur, F|100\/100\n|turn|14\n|\n|t:|1700405149\n|move|p1a: Baxcalibur|Substitute|p1a: Baxcalibur\n|-start|p1a: Baxcalibur|Substitute\n|-damage|p1a: Baxcalibur|76\/100\n|move|p2a: Corviknight|Iron Head|p1a: Baxcalibur\n|-supereffective|p1a: Baxcalibur\n|-activate|p1a: Baxcalibur|move: Substitute|[damage]\n|\n|-weather|Snow|[upkeep]\n|-heal|p1a: Baxcalibur|82\/100|[from] ability: Ice Body\n|-heal|p1a: Baxcalibur|88\/100|[from] item: Leftovers\n|upkeep\n|turn|15\n|\n|t:|1700405160\n|move|p1a: Baxcalibur|Dragon Dance|p1a: Baxcalibur\n|-boost|p1a: Baxcalibur|atk|1\n|-boost|p1a: Baxcalibur|spe|1\n|move|p2a: Corviknight|Iron Head|p1a: Baxcalibur\n|-supereffective|p1a: Baxcalibur\n|-end|p1a: Baxcalibur|Substitute\n|\n|-weather|none\n|-heal|p1a: Baxcalibur|94\/100|[from] item: Leftovers\n|upkeep\n|turn|16\n|\n|t:|1700405171\n|move|p1a: Baxcalibur|Icicle Spear|p2a: Corviknight\n|-damage|p2a: Corviknight|63\/100\n|-damage|p2a: Corviknight|50\/100\n|-damage|p2a: Corviknight|36\/100\n|-hitcount|p2a: Corviknight|3\n|move|p2a: Corviknight|Iron Head|p1a: Baxcalibur\n|-supereffective|p1a: Baxcalibur\n|-damage|p1a: Baxcalibur|75\/100\n|\n|-heal|p1a: Baxcalibur|81\/100|[from] item: Leftovers\n|upkeep\n|turn|17\n|\n|t:|1700405182\n|move|p1a: Baxcalibur|Glaive Rush|p2a: Corviknight\n|-resisted|p2a: Corviknight\n|-damage|p2a: Corviknight|0 fnt\n|-singlemove|p1a: Baxcalibur|Glaive Rush|[silent]\n|-damage|p1a: Baxcalibur|64\/100|[from] item: Rocky Helmet|[of] p2a: Corviknight\n|faint|p2a: Corviknight\n|\n|-heal|p1a: Baxcalibur|71\/100|[from] item: Leftovers\n|upkeep\n|\n|t:|1700405194\n|switch|p2a: Milotic|Milotic, F|100\/100 brn\n|turn|18\n|\n|t:|1700405198\n|move|p1a: Baxcalibur|Icicle Spear|p2a: Milotic\n|-resisted|p2a: Milotic\n|-damage|p2a: Milotic|93\/100 brn\n|-resisted|p2a: Milotic\n|-damage|p2a: Milotic|86\/100 brn\n|-hitcount|p2a: Milotic|2\n|move|p2a: Milotic|Dragon Tail|p1a: Baxcalibur\n|-supereffective|p1a: Baxcalibur\n|-damage|p1a: Baxcalibur|67\/100\n|drag|p1a: Trellaja|Staraptor, M|84\/100\n|\n|-damage|p2a: Milotic|79\/100 brn|[from] brn\n|upkeep\n|turn|19\n|\n|t:|1700405212\n|move|p1a: Trellaja|Brave Bird|p2a: Milotic\n|-damage|p2a: Milotic|34\/100 brn\n|-damage|p1a: Trellaja|65\/100|[from] Recoil\n|move|p2a: Milotic|Scald|p1a: Trellaja\n|-damage|p1a: Trellaja|39\/100\n|\n|-damage|p2a: Milotic|28\/100 brn|[from] brn\n|upkeep\n|turn|20\n|\n|t:|1700405223\n|move|p1a: Trellaja|Brave Bird|p2a: Milotic\n|-damage|p2a: Milotic|0 fnt\n|faint|p2a: Milotic\n|-damage|p1a: Trellaja|27\/100|[from] Recoil\n|\n|-sideend|p1: Dasaplay28|move: Aurora Veil\n|upkeep\n|\n|t:|1700405232\n|switch|p2a: Porygon-Z|Porygon-Z|100\/100\n|turn|21\n|\n|t:|1700405237\n|switch|p1a: Baxcalibur|Baxcalibur, F|67\/100\n|-zpower|p2a: Porygon-Z\n|move|p2a: Porygon-Z|Z-Conversion|p2a: Porygon-Z|[anim]Conversion\n|-boost|p2a: Porygon-Z|atk|1|[zeffect]\n|-boost|p2a: Porygon-Z|def|1|[zeffect]\n|-boost|p2a: Porygon-Z|spa|1|[zeffect]\n|-boost|p2a: Porygon-Z|spd|1|[zeffect]\n|-boost|p2a: Porygon-Z|spe|1|[zeffect]\n|-start|p2a: Porygon-Z|typechange|Electric\n|\n|-heal|p1a: Baxcalibur|73\/100|[from] item: Leftovers\n|upkeep\n|turn|22\n|\n|t:|1700405256\n|move|p2a: Porygon-Z|Ice Beam|p1a: Baxcalibur\n|-damage|p1a: Baxcalibur|23\/100\n|move|p1a: Baxcalibur|Glaive Rush|p2a: Porygon-Z\n|-damage|p2a: Porygon-Z|45\/100\n|-singlemove|p1a: Baxcalibur|Glaive Rush|[silent]\n|\n|-heal|p1a: Baxcalibur|29\/100|[from] item: Leftovers\n|upkeep\n|turn|23\n|\n|t:|1700405266\n|move|p2a: Porygon-Z|Ice Beam|p1a: Baxcalibur\n|-damage|p1a: Baxcalibur|0 fnt\n|faint|p1a: Baxcalibur\n|\n|upkeep\n|\n|t:|1700405272\n|switch|p1a: Trellaja|Staraptor, M|27\/100\n|turn|24\n|\n|t:|1700405290\n|move|p1a: Trellaja|Brave Bird|p2a: Porygon-Z\n|-resisted|p2a: Porygon-Z\n|-damage|p2a: Porygon-Z|14\/100\n|-damage|p1a: Trellaja|15\/100|[from] Recoil\n|move|p2a: Porygon-Z|Thunderbolt|p1a: Trellaja\n|-supereffective|p1a: Trellaja\n|-damage|p1a: Trellaja|0 fnt\n|faint|p1a: Trellaja\n|\n|upkeep\n|\n|t:|1700405292\n|switch|p1a: Kyu|Pyukumuku, M|100\/100\n|turn|25\n|-message|Dasaplay28 forfeited.\n|\n|win|Dalender\n|raw|Dasaplay28's rating: 1032 &rarr; <strong>1016<\/strong><br \/>(-16 for losing)\n|raw|Dalender's rating: 1000 &rarr; <strong>1044<\/strong><br \/>(+44 for winning)\n|l|\u2606Dasaplay28\n","uploadtime":1700405306,"views":22,"p1id":"dasaplay28","p2id":"dalender","formatid":"gen9nationaldexubers","rating":1016,"private":0,"password":""}