{"id":"gen9nationaldexubers-1993652435","p1":"Kdisue","p2":"1ampatman","format":"[Gen 9] National Dex Ubers","log":"|j|\u2606Kdisue\n|j|\u26061ampatman\n|t:|1700341805\n|gametype|singles\n|player|p1|Kdisue|169|1132\n|player|p2|1ampatman|pokefan-gen4|1200\n|teamsize|p1|6\n|teamsize|p2|6\n|gen|9\n|tier|[Gen 9] National Dex Ubers\n|rated|\n|rule|HP Percentage Mod: HP is shown in percentages\n|rule|Endless Battle Clause: Forcing endless battles is banned\n|rule|OHKO Clause: OHKO moves are banned\n|rule|Evasion Moves Clause: Evasion moves are banned\n|rule|Evasion Items Clause: Evasion items are banned\n|rule|Species Clause: Limit one of each Pok\u00e9mon\n|rule|Sleep Clause Mod: Limit one foe put to sleep\n|rule|Mega Rayquaza Clause: You cannot mega evolve Rayquaza\n|clearpoke\n|poke|p1|Deoxys-Defense|\n|poke|p1|Chansey, F|\n|poke|p1|Ferrothorn, M|\n|poke|p1|Rotom-Wash|\n|poke|p1|Ho-Oh|\n|poke|p1|Lugia|\n|poke|p2|Giratina|\n|poke|p2|Corsola-Galar, F|\n|poke|p2|Marshadow|\n|poke|p2|Flutter Mane|\n|poke|p2|Ceruledge, F|\n|poke|p2|Dragapult, M|\n|teampreview\n|\n|t:|1700341814\n|start\n|switch|p1a: Washington|Rotom-Wash|100\/100\n|switch|p2a: Corsola|Corsola-Galar, F|100\/100\n|turn|1\n|\n|t:|1700341822\n|move|p1a: Washington|Trick|p2a: Corsola\n|-activate|p1a: Washington|move: Trick|[of] p2a: Corsola\n|-item|p2a: Corsola|Choice Specs|[from] move: Trick\n|-item|p1a: Washington|Eviolite|[from] move: Trick\n|move|p2a: Corsola|Night Shade|p1a: Washington\n|-damage|p1a: Washington|59\/100\n|\n|upkeep\n|turn|2\n|\n|t:|1700341831\n|move|p1a: Washington|Volt Switch|p2a: Corsola\n|-damage|p2a: Corsola|70\/100\n|-start|p1a: Washington|Disable|Volt Switch|[from] ability: Cursed Body|[of] p2a: Corsola\n|\n|t:|1700341835\n|switch|p1a: Egg woman|Chansey, F|100\/100|[from] Volt Switch\n|move|p2a: Corsola|Night Shade|p1a: Egg woman\n|-immune|p1a: Egg woman\n|\n|upkeep\n|turn|3\n|\n|t:|1700341848\n|switch|p2a: Giratina|Giratina|100\/100\n|-ability|p2a: Giratina|Pressure\n|move|p1a: Egg woman|Ice Punch|p2a: Giratina\n|-supereffective|p2a: Giratina\n|-crit|p2a: Giratina\n|-damage|p2a: Giratina|89\/100\n|-status|p2a: Giratina|frz\n|\n|upkeep\n|turn|4\n|inactive|Battle timer is ON: inactive players will automatically lose when time's up. (requested by Kdisue)\n|c|\u26061ampatman|wow :D\n|\n|t:|1700341865\n|cant|p2a: Giratina|frz\n|move|p1a: Egg woman|Ice Punch|p2a: Giratina\n|-supereffective|p2a: Giratina\n|-damage|p2a: Giratina|81\/100 frz\n|\n|upkeep\n|turn|5\n|c|\u2606Kdisue|Yeah\n|c|\u2606Kdisue|serene grace\n|c|\u26061ampatman|ok^^\n|c|\u2606Kdisue|This is a joke chansey set btw\n|\n|t:|1700341890\n|cant|p2a: Giratina|frz\n|move|p1a: Egg woman|Ice Punch|p2a: Giratina\n|-supereffective|p2a: Giratina\n|-crit|p2a: Giratina\n|-damage|p2a: Giratina|68\/100 frz\n|\n|upkeep\n|turn|6\n|\n|t:|1700341900\n|cant|p2a: Giratina|frz\n|move|p1a: Egg woman|Ice Punch|p2a: Giratina\n|-supereffective|p2a: Giratina\n|-crit|p2a: Giratina\n|-damage|p2a: Giratina|56\/100 frz\n|\n|upkeep\n|turn|7\n|c|\u2606Kdisue|I promise I\u2019m not just a noob\n|\n|t:|1700341912\n|cant|p2a: Giratina|frz\n|move|p1a: Egg woman|Ice Punch|p2a: Giratina\n|-supereffective|p2a: Giratina\n|-damage|p2a: Giratina|47\/100 frz\n|\n|upkeep\n|turn|8\n|c|\u26061ampatman|looks promising ur eggwoman^^\n|c|\u26061ampatman|trying a monotype for pixelmonmon\n|inactive|1ampatman has 120 seconds left.\n|\n|t:|1700341945\n|cant|p2a: Giratina|frz\n|move|p1a: Egg woman|Ice Punch|p2a: Giratina\n|-supereffective|p2a: Giratina\n|-crit|p2a: Giratina\n|-damage|p2a: Giratina|35\/100 frz\n|\n|upkeep\n|turn|9\n|c|\u2606Kdisue|Gotchu\n|inactive|1ampatman has 120 seconds left.\n|c|\u2606Kdisue|i also have a monotype bug team rematch me after this pls\n|\n|t:|1700341970\n|cant|p2a: Giratina|frz\n|move|p1a: Egg woman|Ice Punch|p2a: Giratina\n|-supereffective|p2a: Giratina\n|-crit|p2a: Giratina\n|-damage|p2a: Giratina|22\/100 frz\n|\n|upkeep\n|turn|10\n|c|\u26061ampatman|sure\n|c|\u26061ampatman|maybe giratina will be frozen solid forever\n|inactive|1ampatman has 90 seconds left.\n|\n|t:|1700342001\n|switch|p2a: Corsola|Corsola-Galar, F|70\/100\n|move|p1a: Egg woman|Ice Punch|p2a: Corsola\n|-damage|p2a: Corsola|63\/100\n|-start|p1a: Egg woman|Disable|Ice Punch|[from] ability: Cursed Body|[of] p2a: Corsola\n|\n|upkeep\n|turn|11\n|inactive|1ampatman has 90 seconds left.\n|\n|t:|1700342012\n|move|p1a: Egg woman|Thunder Punch|p2a: Corsola\n|-crit|p2a: Corsola\n|-damage|p2a: Corsola|54\/100\n|-status|p2a: Corsola|par\n|move|p2a: Corsola|Stealth Rock|p1a: Egg woman\n|-sidestart|p1: Kdisue|move: Stealth Rock\n|\n|upkeep\n|turn|12\n|c|\u2606Kdisue|Pof\n|\n|t:|1700342023\n|move|p1a: Egg woman|Thunder Punch|p2a: Corsola\n|-crit|p2a: Corsola\n|-damage|p2a: Corsola|43\/100 par\n|cant|p2a: Corsola|par\n|\n|upkeep\n|turn|13\n|\n|t:|1700342030\n|move|p1a: Egg woman|Thunder Punch|p2a: Corsola\n|-damage|p2a: Corsola|37\/100 par\n|move|p2a: Corsola|Stealth Rock||[still]\n|-fail|p2a: Corsola\n|\n|-end|p1a: Egg woman|Disable\n|upkeep\n|turn|14\n|\n|t:|1700342047\n|move|p1a: Egg woman|Thunder Punch|p2a: Corsola\n|-damage|p2a: Corsola|30\/100 par\n|move|p2a: Corsola|Stealth Rock||[still]\n|-fail|p2a: Corsola\n|\n|upkeep\n|turn|15\n|c|\u2606Kdisue|I also have power up punch but that\u2019s useless against mono ghost\n|\n|t:|1700342062\n|switch|p2a: Giratina|Giratina|22\/100 frz\n|-ability|p2a: Giratina|Pressure\n|move|p1a: Egg woman|Thunder Punch|p2a: Giratina\n|-resisted|p2a: Giratina\n|-crit|p2a: Giratina\n|-damage|p2a: Giratina|19\/100 frz\n|\n|upkeep\n|turn|16\n|\n|t:|1700342072\n|cant|p2a: Giratina|frz\n|move|p1a: Egg woman|Ice Punch|p2a: Giratina\n|-supereffective|p2a: Giratina\n|-damage|p2a: Giratina|10\/100 frz\n|\n|upkeep\n|turn|17\n|\n|t:|1700342078\n|cant|p2a: Giratina|frz\n|move|p1a: Egg woman|Ice Punch|p2a: Giratina\n|-supereffective|p2a: Giratina\n|-damage|p2a: Giratina|2\/100 frz\n|\n|upkeep\n|turn|18\n|c|\u26061ampatman|giratina leaves me hanging here\n|\n|t:|1700342096\n|cant|p2a: Giratina|frz\n|move|p1a: Egg woman|Thunder Punch|p2a: Giratina\n|-resisted|p2a: Giratina\n|-damage|p2a: Giratina|0 fnt\n|faint|p2a: Giratina\n|\n|upkeep\n|\n|t:|1700342110\n|switch|p2a: Marshadow|Marshadow|100\/100\n|turn|19\n|\n|t:|1700342116\n|move|p2a: Marshadow|Low Kick|p1a: Egg woman\n|-supereffective|p1a: Egg woman\n|-damage|p1a: Egg woman|0 fnt\n|faint|p1a: Egg woman\n|-damage|p2a: Marshadow|91\/100|[from] item: Life Orb\n|\n|upkeep\n|\n|t:|1700342122\n|switch|p1a: Sexy Red|Deoxys-Defense|100\/100\n|-damage|p1a: Sexy Red|88\/100|[from] Stealth Rock\n|-ability|p1a: Sexy Red|Pressure\n|turn|20\n|\n|t:|1700342132\n|move|p2a: Marshadow|Shadow Sneak|p1a: Sexy Red\n|-supereffective|p1a: Sexy Red\n|-damage|p1a: Sexy Red|0 fnt\n|faint|p1a: Sexy Red\n|-damage|p2a: Marshadow|81\/100|[from] item: Life Orb\n|\n|upkeep\n|\n|t:|1700342141\n|switch|p1a: Iron boy|Ferrothorn, M|100\/100\n|-damage|p1a: Iron boy|95\/100|[from] Stealth Rock\n|turn|21\n|inactive|1ampatman has 120 seconds left.\n|\n|t:|1700342154\n|-terastallize|p1a: Iron boy|Ghost\n|move|p2a: Marshadow|Low Kick|p1a: Iron boy\n|-immune|p1a: Iron boy\n|move|p1a: Iron boy|Gyro Ball|p2a: Marshadow\n|-damage|p2a: Marshadow|0 fnt\n|faint|p2a: Marshadow\n|\n|upkeep\n|c|\u2606Kdisue|Choice band ferrothorn :)\n|\n|t:|1700342172\n|switch|p2a: Corsola|Corsola-Galar, F|30\/100 par\n|turn|22\n|\n|t:|1700342180\n|switch|p1a: Washington|Rotom-Wash|59\/100\n|-damage|p1a: Washington|47\/100|[from] Stealth Rock\n|move|p2a: Corsola|Night Shade|p1a: Washington\n|-damage|p1a: Washington|5\/100\n|\n|upkeep\n|turn|23\n|c|\u26061ampatman|many surprises there\n|\n|t:|1700342188\n|move|p1a: Washington|Hydro Pump|p2a: Corsola\n|-damage|p2a: Corsola|0 fnt\n|faint|p2a: Corsola\n|\n|upkeep\n|\n|t:|1700342200\n|switch|p2a: Dragapult|Dragapult, M|100\/100\n|turn|24\n|\n|t:|1700342208\n|move|p2a: Dragapult|Shadow Ball|p1a: Washington\n|-damage|p1a: Washington|0 fnt\n|faint|p1a: Washington\n|\n|upkeep\n|\n|t:|1700342214\n|switch|p1a: Ho-Oh|Ho-Oh|100\/100\n|-damage|p1a: Ho-Oh|51\/100|[from] Stealth Rock\n|turn|25\n|inactive|1ampatman has 120 seconds left.\n|\n|t:|1700342225\n|switch|p2a: Flutter Mane|Flutter Mane|100\/100\n|-enditem|p2a: Flutter Mane|Booster Energy\n|-activate|p2a: Flutter Mane|ability: Protosynthesis|[fromitem]\n|-start|p2a: Flutter Mane|protosynthesisspa\n|move|p1a: Ho-Oh|Brave Bird|p2a: Flutter Mane\n|-damage|p2a: Flutter Mane|0 fnt\n|faint|p2a: Flutter Mane\n|-end|p2a: Flutter Mane|Protosynthesis|[silent]\n|-damage|p1a: Ho-Oh|31\/100|[from] Recoil\n|\n|upkeep\n|inactive|1ampatman has 120 seconds left.\n|\n|t:|1700342237\n|switch|p2a: Dragapult|Dragapult, M|100\/100\n|turn|26\n|\n|t:|1700342243\n|move|p2a: Dragapult|Thunderbolt|p1a: Ho-Oh\n|-supereffective|p1a: Ho-Oh\n|-damage|p1a: Ho-Oh|7\/100\n|move|p1a: Ho-Oh|Brave Bird|p2a: Dragapult\n|-damage|p2a: Dragapult|32\/100\n|-damage|p1a: Ho-Oh|0 fnt|[from] Recoil\n|faint|p1a: Ho-Oh\n|\n|upkeep\n|c|\u2606Kdisue|Assault vest\n|\n|t:|1700342256\n|switch|p1a: Iron boy|Ferrothorn, M, tera:Ghost|95\/100\n|-damage|p1a: Iron boy|82\/100|[from] Stealth Rock\n|turn|27\n|\n|t:|1700342261\n|move|p2a: Dragapult|Thunderbolt|p1a: Iron boy\n|-damage|p1a: Iron boy|50\/100\n|move|p1a: Iron boy|Gyro Ball|p2a: Dragapult\n|-damage|p2a: Dragapult|0 fnt\n|faint|p2a: Dragapult\n|\n|upkeep\n|c|\u26061ampatman|still soo bulky ur ferro\n|c|\u26061ampatman|uff\n|\n|t:|1700342281\n|switch|p2a: Ceruledge|Ceruledge, F|100\/100\n|turn|28\n|\n|t:|1700342292\n|move|p2a: Ceruledge|Shadow Sneak|p1a: Iron boy\n|-supereffective|p1a: Iron boy\n|-damage|p1a: Iron boy|17\/100\n|-damage|p2a: Ceruledge|88\/100|[from] ability: Iron Barbs|[of] p1a: Iron boy\n|move|p1a: Iron boy|Gyro Ball|p2a: Ceruledge\n|-resisted|p2a: Ceruledge\n|-damage|p2a: Ceruledge|11\/100\n|-ability|p2a: Ceruledge|Weak Armor|boost\n|-unboost|p2a: Ceruledge|def|1\n|-boost|p2a: Ceruledge|spe|2\n|\n|upkeep\n|turn|29\n|\n|t:|1700342305\n|move|p2a: Ceruledge|Bitter Blade|p1a: Iron boy\n|-damage|p1a: Iron boy|0 fnt\n|-heal|p2a: Ceruledge|21\/100|[from] drain|[of] p1a: Iron boy\n|-damage|p2a: Ceruledge|9\/100|[from] ability: Iron Barbs|[of] p1a: Iron boy\n|faint|p1a: Iron boy\n|\n|upkeep\n|c|\u2606Kdisue|Yeah\n|\n|t:|1700342312\n|switch|p1a: Lugia|Lugia|100\/100\n|-damage|p1a: Lugia|76\/100|[from] Stealth Rock\n|turn|30\n|\n|t:|1700342319\n|move|p2a: Ceruledge|Shadow Sneak|p1a: Lugia\n|-supereffective|p1a: Lugia\n|-damage|p1a: Lugia|48\/100\n|move|p1a: Lugia|Psycho Boost|p2a: Ceruledge\n|-damage|p2a: Ceruledge|0 fnt\n|-unboost|p1a: Lugia|spa|2\n|faint|p2a: Ceruledge\n|-damage|p1a: Lugia|38\/100|[from] item: Life Orb\n|\n|win|Kdisue\n|raw|Kdisue's rating: 1132 &rarr; <strong>1162<\/strong><br \/>(+30 for winning)\n|raw|1ampatman's rating: 1200 &rarr; <strong>1170<\/strong><br \/>(-30 for losing)\n|c|\u26061ampatman|gg\n|c|\u2606Kdisue|This learns psycho boost\n|c|\u2606Kdisue|gg\n","uploadtime":1700342332,"views":6,"p1id":"kdisue","p2id":"1ampatman","formatid":"gen9nationaldexubers","rating":1162,"private":0,"password":""}