{"id":"gen9nationaldexubers-1981406937","p1":"CatchyG","p2":"GS Wendigo","format":"[Gen 9] National Dex Ubers","log":"|j|\u2606CatchyG\n|j|\u2606GS Wendigo\n|t:|1698892344\n|gametype|singles\n|player|p1|CatchyG|wallace|1122\n|player|p2|GS Wendigo|1|1109\n|teamsize|p1|6\n|teamsize|p2|6\n|gen|9\n|tier|[Gen 9] National Dex Ubers\n|rated|\n|rule|HP Percentage Mod: HP is shown in percentages\n|rule|Endless Battle Clause: Forcing endless battles is banned\n|rule|OHKO Clause: OHKO moves are banned\n|rule|Evasion Moves Clause: Evasion moves are banned\n|rule|Evasion Items Clause: Evasion items are banned\n|rule|Species Clause: Limit one of each Pok\u00e9mon\n|rule|Sleep Clause Mod: Limit one foe put to sleep\n|rule|Mega Rayquaza Clause: You cannot mega evolve Rayquaza\n|clearpoke\n|poke|p1|Hawlucha, F|\n|poke|p1|Ting-Lu|\n|poke|p1|Enamorus, F|\n|poke|p1|Ninetales-Alola, F|\n|poke|p1|Urshifu-*, F|\n|poke|p1|Blaziken, F|\n|poke|p2|Magneton|\n|poke|p2|Drifblim, F|\n|poke|p2|Frosmoth, F|\n|poke|p2|Sneasler, M|\n|poke|p2|Tapu Lele|\n|poke|p2|Seismitoad, M|\n|teampreview\n|inactive|Battle timer is ON: inactive players will automatically lose when time's up. (requested by CatchyG)\n|\n|t:|1698892358\n|start\n|switch|p1a: Blaziken|Blaziken, F|100\/100\n|switch|p2a: KUSHTAKA|Sneasler, M, shiny|100\/100\n|turn|1\n|\n|t:|1698892365\n|detailschange|p1a: Blaziken|Blaziken-Mega, F\n|-mega|p1a: Blaziken|Blaziken|Blazikenite\n|move|p2a: KUSHTAKA|Toxic Spikes|p1a: Blaziken\n|-sidestart|p1: CatchyG|move: Toxic Spikes\n|move|p1a: Blaziken|Hone Claws|p1a: Blaziken\n|-boost|p1a: Blaziken|atk|1\n|-boost|p1a: Blaziken|accuracy|1\n|\n|-ability|p1a: Blaziken|Speed Boost|boost\n|-boost|p1a: Blaziken|spe|1\n|upkeep\n|turn|2\n|\n|t:|1698892377\n|move|p1a: Blaziken|Hone Claws|p1a: Blaziken\n|-boost|p1a: Blaziken|atk|1\n|-boost|p1a: Blaziken|accuracy|1\n|move|p2a: KUSHTAKA|U-turn|p1a: Blaziken\n|-resisted|p1a: Blaziken\n|-damage|p1a: Blaziken|91\/100\n|-status|p1a: Blaziken|psn|[from] ability: Poison Touch|[of] p2a: KUSHTAKA\n|inactive|GS Wendigo has 120 seconds left.\n|\n|t:|1698892403\n|switch|p2a: HYPNOTOAD|Seismitoad, M, shiny|100\/100|[from] U-turn\n|\n|-damage|p1a: Blaziken|79\/100 psn|[from] psn\n|-ability|p1a: Blaziken|Speed Boost|boost\n|-boost|p1a: Blaziken|spe|1\n|upkeep\n|turn|3\n|inactive|GS Wendigo has 120 seconds left.\n|\n|t:|1698892415\n|move|p1a: Blaziken|Sky Uppercut|p2a: HYPNOTOAD\n|-damage|p2a: HYPNOTOAD|7\/100\n|move|p2a: HYPNOTOAD|Earthquake|p1a: Blaziken\n|-supereffective|p1a: Blaziken\n|-damage|p1a: Blaziken|0 fnt\n|faint|p1a: Blaziken\n|\n|-heal|p2a: HYPNOTOAD|13\/100|[from] item: Leftovers\n|upkeep\n|\n|t:|1698892426\n|switch|p1a: Enamorus|Enamorus, F|100\/100\n|turn|4\n|\n|t:|1698892430\n|move|p2a: HYPNOTOAD|Protect|p2a: HYPNOTOAD\n|-singleturn|p2a: HYPNOTOAD|Protect\n|move|p1a: Enamorus|Superpower|p2a: HYPNOTOAD\n|-activate|p2a: HYPNOTOAD|move: Protect\n|\n|-heal|p2a: HYPNOTOAD|19\/100|[from] item: Leftovers\n|upkeep\n|turn|5\n|\n|t:|1698892438\n|switch|p2a: HINDENBURG|Drifblim, F, shiny|100\/100\n|move|p1a: Enamorus|Superpower|p2a: HINDENBURG\n|-immune|p2a: HINDENBURG\n|\n|upkeep\n|turn|6\n|\n|t:|1698892446\n|move|p1a: Enamorus|Tailwind|p1a: Enamorus\n|-sidestart|p1: CatchyG|move: Tailwind\n|move|p2a: HINDENBURG|Will-O-Wisp|p1a: Enamorus\n|-status|p1a: Enamorus|brn\n|\n|-damage|p1a: Enamorus|94\/100 brn|[from] brn\n|upkeep\n|turn|7\n|\n|t:|1698892456\n|switch|p1a: Ninetales|Ninetales-Alola, F|100\/100\n|-status|p1a: Ninetales|psn\n|-weather|Snow|[from] ability: Snow Warning|[of] p1a: Ninetales\n|move|p2a: HINDENBURG|Shadow Ball|p1a: Ninetales\n|-damage|p1a: Ninetales|68\/100 psn\n|\n|-weather|Snow|[upkeep]\n|-damage|p1a: Ninetales|56\/100 psn|[from] psn\n|upkeep\n|turn|8\n|\n|t:|1698892475\n|switch|p2a: TITANIA|Tapu Lele, shiny|100\/100\n|-fieldstart|move: Psychic Terrain|[from] ability: Psychic Surge|[of] p2a: TITANIA\n|move|p1a: Ninetales|Aurora Veil|p1a: Ninetales\n|-sidestart|p1: CatchyG|move: Aurora Veil\n|\n|-weather|Snow|[upkeep]\n|-damage|p1a: Ninetales|43\/100 psn|[from] psn\n|upkeep\n|turn|9\n|\n|t:|1698892488\n|move|p1a: Ninetales|Blizzard|p2a: TITANIA\n|-damage|p2a: TITANIA|52\/100\n|move|p2a: TITANIA|Future Sight|p1a: Ninetales\n|-start|p2a: TITANIA|move: Future Sight\n|\n|-weather|Snow|[upkeep]\n|-heal|p2a: TITANIA|58\/100|[from] item: Leftovers\n|-damage|p1a: Ninetales|31\/100 psn|[from] psn\n|-sideend|p1: CatchyG|move: Tailwind\n|upkeep\n|turn|10\n|\n|t:|1698892498\n|switch|p1a: Ting-Lu|Ting-Lu|100\/100\n|-status|p1a: Ting-Lu|psn\n|-ability|p1a: Ting-Lu|Vessel of Ruin\n|move|p2a: TITANIA|Moonblast|p1a: Ting-Lu\n|-supereffective|p1a: Ting-Lu\n|-damage|p1a: Ting-Lu|70\/100 psn\n|\n|-weather|Snow|[upkeep]\n|-heal|p2a: TITANIA|64\/100|[from] item: Leftovers\n|-heal|p1a: Ting-Lu|76\/100 psn|[from] item: Leftovers\n|-damage|p1a: Ting-Lu|64\/100 psn|[from] psn\n|upkeep\n|turn|11\n|\n|t:|1698892505\n|move|p2a: TITANIA|Moonblast|p1a: Ting-Lu\n|-supereffective|p1a: Ting-Lu\n|-damage|p1a: Ting-Lu|32\/100 psn\n|-unboost|p1a: Ting-Lu|spa|1\n|move|p1a: Ting-Lu|Stealth Rock|p2a: TITANIA\n|-sidestart|p2: GS Wendigo|move: Stealth Rock\n|\n|-weather|none\n|-end|p1a: Ting-Lu|move: Future Sight\n|-immune|p1a: Ting-Lu\n|-heal|p2a: TITANIA|70\/100|[from] item: Leftovers\n|-heal|p1a: Ting-Lu|38\/100 psn|[from] item: Leftovers\n|-damage|p1a: Ting-Lu|25\/100 psn|[from] psn\n|upkeep\n|turn|12\n|\n|t:|1698892511\n|switch|p2a: HINDENBURG|Drifblim, F, shiny|100\/100\n|move|p1a: Ting-Lu|Protect||[still]\n|-fail|p1a: Ting-Lu\n|\n|-heal|p1a: Ting-Lu|32\/100 psn|[from] item: Leftovers\n|-damage|p1a: Ting-Lu|19\/100 psn|[from] psn\n|-fieldend|move: Psychic Terrain\n|upkeep\n|turn|13\n|\n|t:|1698892523\n|move|p2a: HINDENBURG|Strength Sap|p1a: Ting-Lu\n|-unboost|p1a: Ting-Lu|atk|1\n|move|p1a: Ting-Lu|Lash Out|p2a: HINDENBURG\n|-supereffective|p2a: HINDENBURG\n|-damage|p2a: HINDENBURG|39\/100\n|\n|-heal|p1a: Ting-Lu|25\/100 psn|[from] item: Leftovers\n|-damage|p1a: Ting-Lu|13\/100 psn|[from] psn\n|upkeep\n|turn|14\n|\n|t:|1698892533\n|move|p2a: HINDENBURG|Strength Sap|p1a: Ting-Lu\n|-unboost|p1a: Ting-Lu|atk|1\n|-heal|p2a: HINDENBURG|73\/100\n|move|p1a: Ting-Lu|Lash Out|p2a: HINDENBURG\n|-supereffective|p2a: HINDENBURG\n|-damage|p2a: HINDENBURG|32\/100\n|\n|-heal|p1a: Ting-Lu|19\/100 psn|[from] item: Leftovers\n|-damage|p1a: Ting-Lu|7\/100 psn|[from] psn\n|upkeep\n|turn|15\n|\n|t:|1698892547\n|switch|p1a: Ninetales|Ninetales-Alola, F|31\/100 psn\n|-weather|Snow|[from] ability: Snow Warning|[of] p1a: Ninetales\n|move|p2a: HINDENBURG|Strength Sap|p1a: Ninetales\n|-unboost|p1a: Ninetales|atk|1\n|-heal|p2a: HINDENBURG|57\/100\n|\n|-weather|Snow|[upkeep]\n|-damage|p1a: Ninetales|19\/100 psn|[from] psn\n|-sideend|p1: CatchyG|move: Aurora Veil\n|upkeep\n|turn|16\n|\n|t:|1698892560\n|switch|p2a: NEODYMIUM|Magneton, shiny|100\/100\n|-damage|p2a: NEODYMIUM|95\/100|[from] Stealth Rock\n|move|p1a: Ninetales|Blizzard|p2a: NEODYMIUM\n|-resisted|p2a: NEODYMIUM\n|-crit|p2a: NEODYMIUM\n|-damage|p2a: NEODYMIUM|62\/100\n|\n|-weather|Snow|[upkeep]\n|-damage|p1a: Ninetales|7\/100 psn|[from] psn\n|upkeep\n|turn|17\n|\n|t:|1698892567\n|move|p1a: Ninetales|Aurora Veil|p1a: Ninetales\n|-sidestart|p1: CatchyG|move: Aurora Veil\n|move|p2a: NEODYMIUM|Teleport|p2a: NEODYMIUM\n|\n|t:|1698892570\n|switch|p2a: HINDENBURG|Drifblim, F, shiny|57\/100|[from] Teleport\n|\n|-weather|Snow|[upkeep]\n|-damage|p1a: Ninetales|0 fnt|[from] psn\n|faint|p1a: Ninetales\n|upkeep\n|\n|t:|1698892575\n|switch|p1a: Urshifu|Urshifu-Rapid-Strike, F|100\/100\n|-status|p1a: Urshifu|psn\n|turn|18\n|\n|t:|1698892583\n|move|p1a: Urshifu|Surging Strikes|p2a: HINDENBURG\n|-crit|p2a: HINDENBURG\n|-damage|p2a: HINDENBURG|41\/100\n|-crit|p2a: HINDENBURG\n|-damage|p2a: HINDENBURG|25\/100\n|-crit|p2a: HINDENBURG\n|-damage|p2a: HINDENBURG|10\/100\n|-hitcount|p2a: HINDENBURG|3\n|move|p2a: HINDENBURG|Defog|p1a: Urshifu\n|-unboost|p1a: Urshifu|evasion|1\n|-sideend|p1: CatchyG|move: Aurora Veil\n|-sideend|p1: CatchyG|Toxic Spikes|[from] move: Defog|[of] p2a: HINDENBURG\n|-sideend|p2: GS Wendigo|Stealth Rock|[from] move: Defog|[of] p2a: HINDENBURG\n|\n|-weather|Snow|[upkeep]\n|-damage|p1a: Urshifu|88\/100 psn|[from] psn\n|upkeep\n|turn|19\n|\n|t:|1698892591\n|switch|p2a: HYPNOTOAD|Seismitoad, M, shiny|19\/100\n|move|p1a: Urshifu|Surging Strikes|p2a: HYPNOTOAD\n|-heal|p2a: HYPNOTOAD|44\/100|[from] ability: Water Absorb|[of] p1a: Urshifu\n|\n|-weather|none\n|-heal|p2a: HYPNOTOAD|50\/100|[from] item: Leftovers\n|-damage|p1a: Urshifu|76\/100 psn|[from] psn\n|upkeep\n|turn|20\n|\n|t:|1698892601\n|switch|p1a: Ting-Lu|Ting-Lu|7\/100 psn\n|-ability|p1a: Ting-Lu|Vessel of Ruin\n|switch|p2a: HINDENBURG|Drifblim, F, shiny|10\/100\n|\n|-heal|p1a: Ting-Lu|13\/100 psn|[from] item: Leftovers\n|-damage|p1a: Ting-Lu|0 fnt|[from] psn\n|faint|p1a: Ting-Lu\n|upkeep\n|l|\u2606CatchyG\n|inactive|CatchyG disconnected and has a minute to reconnect!\n|player|p1|\n|inactive|CatchyG has 30 seconds to reconnect!\n|inactive|CatchyG has 20 seconds to reconnect!\n|inactive|CatchyG has 15 seconds to reconnect!\n|inactive|CatchyG has 10 seconds to reconnect!\n|c|\u2606GS Wendigo|Lmaoooo\n|inactive|CatchyG has 5 seconds to reconnect!\n|-message|CatchyG lost due to inactivity.\n|\n|win|GS Wendigo\n|raw|CatchyG's rating: 1122 &rarr; <strong>1096<\/strong><br \/>(-26 for losing)\n|raw|GS Wendigo's rating: 1109 &rarr; <strong>1135<\/strong><br \/>(+26 for winning)\n","uploadtime":1698892695,"views":8,"p1id":"catchyg","p2id":"gswendigo","formatid":"gen9nationaldexubers","rating":1096,"private":0,"password":""}