{"id":"gen9nationaldexubers-1980051882","p1":"Pawnnel","p2":"09-10a","format":"[Gen 9] National Dex Ubers","log":"|j|\u2606Pawnnel\n|j|\u260609-10a\n|t:|1698751871\n|gametype|singles\n|player|p1|Pawnnel|bianca|1598\n|player|p2|09-10a|schoolkid-gen4dp|1778\n|teamsize|p1|6\n|teamsize|p2|6\n|gen|9\n|tier|[Gen 9] National Dex Ubers\n|rated|\n|rule|HP Percentage Mod: HP is shown in percentages\n|rule|Endless Battle Clause: Forcing endless battles is banned\n|rule|OHKO Clause: OHKO moves are banned\n|rule|Evasion Moves Clause: Evasion moves are banned\n|rule|Evasion Items Clause: Evasion items are banned\n|rule|Species Clause: Limit one of each Pok\u00e9mon\n|rule|Sleep Clause Mod: Limit one foe put to sleep\n|rule|Mega Rayquaza Clause: You cannot mega evolve Rayquaza\n|clearpoke\n|poke|p1|Mandibuzz, F|\n|poke|p1|Clodsire, M|\n|poke|p1|Chi-Yu|\n|poke|p1|Dondozo, M|\n|poke|p1|Scizor, M|\n|poke|p1|Kyurem-Black|\n|poke|p2|Eternatus|\n|poke|p2|Arceus-Fairy|\n|poke|p2|Necrozma-Dusk-Mane|\n|poke|p2|Groudon, L99|\n|poke|p2|Marshadow|\n|poke|p2|Zygarde|\n|teampreview\n|inactive|Battle timer is ON: inactive players will automatically lose when time's up. (requested by 09-10a)\n|inactive|09-10a has 120 seconds left.\n|\n|t:|1698751908\n|start\n|switch|p1a: Bash|Scizor, M|100\/100\n|switch|p2a: Marshadow|Marshadow|100\/100\n|turn|1\n|\n|t:|1698751924\n|switch|p2a: Eternatus|Eternatus|100\/100\n|-ability|p2a: Eternatus|Pressure\n|-item|p2a: Eternatus|Air Balloon\n|detailschange|p1a: Bash|Scizor-Mega, M\n|-mega|p1a: Bash|Scizor|Scizorite\n|move|p1a: Bash|U-turn|p2a: Eternatus\n|-resisted|p2a: Eternatus\n|-damage|p2a: Eternatus|89\/100\n|-enditem|p2a: Eternatus|Air Balloon\n|\n|t:|1698751934\n|switch|p1a: Dooh|Clodsire, M|100\/100|[from] U-turn\n|\n|upkeep\n|turn|2\n|\n|t:|1698751945\n|switch|p2a: Groudon|Groudon, L99, shiny|100\/100\n|detailschange|p2a: Groudon|Groudon-Primal, L99, shiny\n|-primal|p2a: Groudon|Red Orb\n|-weather|DesolateLand|[from] ability: Desolate Land|[of] p2a: Groudon\n|move|p1a: Dooh|Spikes|p2a: Groudon\n|-sidestart|p2: 09-10a|Spikes\n|\n|-weather|DesolateLand|[upkeep]\n|upkeep\n|turn|3\n|\n|t:|1698751954\n|switch|p1a: Bog|Dondozo, M|100\/100\n|move|p2a: Groudon|Stealth Rock|p1a: Bog\n|-sidestart|p1: Pawnnel|move: Stealth Rock\n|\n|-weather|DesolateLand|[upkeep]\n|upkeep\n|turn|4\n|\n|t:|1698751964\n|move|p2a: Groudon|Toxic|p1a: Bog\n|-status|p1a: Bog|tox\n|move|p1a: Bog|Body Press|p2a: Groudon\n|-damage|p2a: Groudon|84\/100\n|\n|-weather|DesolateLand|[upkeep]\n|-damage|p1a: Bog|94\/100 tox|[from] psn\n|upkeep\n|turn|5\n|\n|t:|1698751972\n|move|p2a: Groudon|Toxic|p1a: Bog\n|-fail|p1a: Bog|tox\n|move|p1a: Bog|Curse|p1a: Bog\n|-unboost|p1a: Bog|spe|1\n|-boost|p1a: Bog|atk|1\n|-boost|p1a: Bog|def|1\n|\n|-weather|DesolateLand|[upkeep]\n|-heal|p1a: Bog|100\/100 tox|[from] item: Leftovers\n|-damage|p1a: Bog|88\/100 tox|[from] psn\n|upkeep\n|turn|6\n|\n|t:|1698751985\n|-weather|none\n|switch|p2a: Eternatus|Eternatus|89\/100\n|-damage|p2a: Eternatus|76\/100|[from] Spikes\n|-ability|p2a: Eternatus|Pressure\n|move|p1a: Bog|Wave Crash|p2a: Eternatus\n|-resisted|p2a: Eternatus\n|-damage|p2a: Eternatus|53\/100\n|-damage|p1a: Bog|81\/100 tox|[from] Recoil\n|\n|-heal|p1a: Bog|88\/100 tox|[from] item: Leftovers\n|-damage|p1a: Bog|69\/100 tox|[from] psn\n|upkeep\n|turn|7\n|\n|t:|1698751997\n|move|p2a: Eternatus|Recover|p2a: Eternatus\n|-heal|p2a: Eternatus|100\/100\n|move|p1a: Bog|Rest|p1a: Bog\n|-status|p1a: Bog|slp|[from] move: Rest\n|-heal|p1a: Bog|100\/100 slp|[silent]\n|\n|upkeep\n|turn|8\n|\n|t:|1698752026\n|switch|p1a: Dooh|Clodsire, M|100\/100\n|-damage|p1a: Dooh|94\/100|[from] Stealth Rock\n|move|p2a: Eternatus|Sludge Bomb|p1a: Dooh\n|-resisted|p1a: Dooh\n|-damage|p1a: Dooh|89\/100\n|\n|-heal|p1a: Dooh|95\/100|[from] item: Leftovers\n|upkeep\n|turn|9\n|\n|t:|1698752050\n|switch|p2a: Necrozma|Necrozma-Dusk-Mane, shiny|100\/100\n|-damage|p2a: Necrozma|88\/100|[from] Spikes\n|move|p1a: Dooh|Toxic|p2a: Necrozma\n|-immune|p2a: Necrozma\n|\n|-heal|p1a: Dooh|100\/100|[from] item: Leftovers\n|upkeep\n|turn|10\n|\n|t:|1698752060\n|switch|p1a: Akechi|Mandibuzz, F|100\/100\n|move|p2a: Necrozma|Dragon Dance|p2a: Necrozma\n|-boost|p2a: Necrozma|atk|1\n|-boost|p2a: Necrozma|spe|1\n|\n|upkeep\n|turn|11\n|\n|t:|1698752066\n|-zpower|p2a: Necrozma\n|move|p2a: Necrozma|Searing Sunraze Smash|p1a: Akechi|[zeffect]\n|-damage|p1a: Akechi|14\/100\n|move|p1a: Akechi|Foul Play|p2a: Necrozma\n|-supereffective|p2a: Necrozma\n|-damage|p2a: Necrozma|0 fnt\n|faint|p2a: Necrozma\n|\n|upkeep\n|\n|t:|1698752072\n|switch|p2a: Marshadow|Marshadow|100\/100\n|-damage|p2a: Marshadow|88\/100|[from] Spikes\n|turn|12\n|\n|t:|1698752081\n|move|p2a: Marshadow|Close Combat|p1a: Akechi\n|-damage|p1a: Akechi|0 fnt\n|-unboost|p2a: Marshadow|def|1\n|-unboost|p2a: Marshadow|spd|1\n|faint|p1a: Akechi\n|\n|upkeep\n|\n|t:|1698752088\n|switch|p1a: Yu|Chi-Yu|100\/100\n|-damage|p1a: Yu|76\/100|[from] Stealth Rock\n|-ability|p1a: Yu|Beads of Ruin\n|turn|13\n|\n|t:|1698752104\n|switch|p2a: Eternatus|Eternatus|100\/100\n|-damage|p2a: Eternatus|88\/100|[from] Spikes\n|-ability|p2a: Eternatus|Pressure\n|move|p1a: Yu|Dark Pulse|p2a: Eternatus\n|-damage|p2a: Eternatus|57\/100\n|\n|upkeep\n|turn|14\n|\n|t:|1698752112\n|switch|p1a: Dooh|Clodsire, M|100\/100\n|-damage|p1a: Dooh|94\/100|[from] Stealth Rock\n|move|p2a: Eternatus|Recover|p2a: Eternatus\n|-heal|p2a: Eternatus|100\/100\n|\n|-heal|p1a: Dooh|100\/100|[from] item: Leftovers\n|upkeep\n|turn|15\n|\n|t:|1698752122\n|switch|p2a: Groudon|Groudon-Primal, L99, shiny|84\/100\n|-damage|p2a: Groudon|72\/100|[from] Spikes\n|-weather|DesolateLand|[from] ability: Desolate Land|[of] p2a: Groudon\n|move|p1a: Dooh|Toxic|p2a: Groudon\n|-status|p2a: Groudon|tox\n|\n|-weather|DesolateLand|[upkeep]\n|-damage|p2a: Groudon|66\/100 tox|[from] psn\n|upkeep\n|turn|16\n|\n|t:|1698752131\n|switch|p1a: Bog|Dondozo, M|100\/100 slp\n|-damage|p1a: Bog|88\/100 slp|[from] Stealth Rock\n|move|p2a: Groudon|Precipice Blades|p1a: Bog|[miss]\n|-miss|p2a: Groudon|p1a: Bog\n|\n|-weather|DesolateLand|[upkeep]\n|-heal|p1a: Bog|94\/100 slp|[from] item: Leftovers\n|-damage|p2a: Groudon|54\/100 tox|[from] psn\n|upkeep\n|turn|17\n|\n|t:|1698752152\n|move|p2a: Groudon|Precipice Blades|p1a: Bog\n|-damage|p1a: Bog|64\/100 slp\n|cant|p1a: Bog|slp\n|\n|-weather|DesolateLand|[upkeep]\n|-heal|p1a: Bog|70\/100 slp|[from] item: Leftovers\n|-damage|p2a: Groudon|36\/100 tox|[from] psn\n|upkeep\n|turn|18\n|\n|t:|1698752166\n|-weather|none\n|switch|p2a: Marshadow|Marshadow|88\/100\n|-damage|p2a: Marshadow|76\/100|[from] Spikes\n|cant|p1a: Bog|slp\n|\n|-heal|p1a: Bog|76\/100 slp|[from] item: Leftovers\n|upkeep\n|turn|19\n|\n|t:|1698752174\n|switch|p1a: Bash|Scizor-Mega, M|100\/100\n|-damage|p1a: Bash|88\/100|[from] Stealth Rock\n|-terastallize|p2a: Marshadow|Ghost\n|move|p2a: Marshadow|Poltergeist|p1a: Bash\n|-activate|p1a: Bash|move: Poltergeist|Scizorite\n|-damage|p1a: Bash|17\/100\n|\n|upkeep\n|turn|20\n|\n|t:|1698752183\n|move|p1a: Bash|Bullet Punch|p2a: Marshadow\n|-damage|p2a: Marshadow|36\/100\n|move|p2a: Marshadow|Poltergeist|p1a: Bash|[miss]\n|-miss|p2a: Marshadow|p1a: Bash\n|\n|upkeep\n|turn|21\n|inactive|09-10a has 120 seconds left.\n|\n|t:|1698752215\n|switch|p2a: Zygarde|Zygarde, shiny|100\/100\n|-damage|p2a: Zygarde|88\/100|[from] Spikes\n|move|p1a: Bash|Roost|p1a: Bash\n|-heal|p1a: Bash|67\/100\n|-singleturn|p1a: Bash|move: Roost\n|\n|-heal|p2a: Zygarde|94\/100|[from] item: Leftovers\n|upkeep\n|turn|22\n|\n|t:|1698752223\n|switch|p1a: Bog|Dondozo, M|76\/100 slp\n|-damage|p1a: Bog|64\/100 slp|[from] Stealth Rock\n|move|p2a: Zygarde|Dragon Dance|p2a: Zygarde\n|-boost|p2a: Zygarde|atk|1\n|-boost|p2a: Zygarde|spe|1\n|\n|-heal|p2a: Zygarde|99\/100|[from] item: Leftovers\n|-heal|p1a: Bog|70\/100 slp|[from] item: Leftovers\n|upkeep\n|turn|23\n|\n|t:|1698752235\n|-curestatus|p1a: Bog|slp|[msg]\n|move|p1a: Bog|Curse|p1a: Bog\n|-unboost|p1a: Bog|spe|1\n|-boost|p1a: Bog|atk|1\n|-boost|p1a: Bog|def|1\n|move|p2a: Zygarde|Dragon Tail|p1a: Bog\n|-damage|p1a: Bog|62\/100\n|drag|p1a: Fubuki|Kyurem-Black|100\/100\n|-damage|p1a: Fubuki|76\/100|[from] Stealth Rock\n|-ability|p1a: Fubuki|Teravolt\n|\n|-heal|p2a: Zygarde|100\/100|[from] item: Leftovers\n|upkeep\n|turn|24\n|\n|t:|1698752249\n|switch|p2a: Arceus|Arceus-Fairy|100\/100\n|-damage|p2a: Arceus|88\/100|[from] Spikes\n|-terastallize|p1a: Fubuki|Electric\n|move|p1a: Fubuki|Substitute|p1a: Fubuki\n|-start|p1a: Fubuki|Substitute\n|-damage|p1a: Fubuki|51\/100\n|\n|upkeep\n|turn|25\n|\n|t:|1698752257\n|move|p1a: Fubuki|Dragon Dance|p1a: Fubuki\n|-boost|p1a: Fubuki|atk|1\n|-boost|p1a: Fubuki|spe|1\n|move|p2a: Arceus|Roar|p1a: Fubuki\n|drag|p1a: Bog|Dondozo, M|62\/100\n|-damage|p1a: Bog|50\/100|[from] Stealth Rock\n|\n|-heal|p1a: Bog|56\/100|[from] item: Leftovers\n|upkeep\n|turn|26\n|\n|t:|1698752270\n|switch|p2a: Marshadow|Marshadow, tera:Ghost|36\/100\n|-damage|p2a: Marshadow|24\/100|[from] Spikes\n|switch|p1a: Bash|Scizor-Mega, M|67\/100\n|-damage|p1a: Bash|54\/100|[from] Stealth Rock\n|\n|upkeep\n|turn|27\n|inactive|09-10a has 120 seconds left.\n|\n|t:|1698752305\n|move|p2a: Marshadow|Shadow Sneak|p1a: Bash\n|-damage|p1a: Bash|18\/100\n|move|p1a: Bash|Bullet Punch|p2a: Marshadow\n|-damage|p2a: Marshadow|0 fnt\n|faint|p2a: Marshadow\n|\n|upkeep\n|\n|t:|1698752309\n|switch|p2a: Zygarde|Zygarde, shiny|100\/100\n|-damage|p2a: Zygarde|88\/100|[from] Spikes\n|turn|28\n|\n|t:|1698752314\n|move|p2a: Zygarde|Thousand Arrows|p1a: Bash\n|-damage|p1a: Bash|0 fnt\n|faint|p1a: Bash\n|\n|-heal|p2a: Zygarde|94\/100|[from] item: Leftovers\n|upkeep\n|\n|t:|1698752323\n|switch|p1a: Fubuki|Kyurem-Black, tera:Electric|51\/100\n|-damage|p1a: Fubuki|39\/100|[from] Stealth Rock\n|-ability|p1a: Fubuki|Teravolt\n|turn|29\n|\n|t:|1698752329\n|switch|p2a: Arceus|Arceus-Fairy|88\/100\n|-damage|p2a: Arceus|76\/100|[from] Spikes\n|move|p1a: Fubuki|Icicle Spear|p2a: Arceus\n|-damage|p2a: Arceus|65\/100\n|-damage|p2a: Arceus|55\/100\n|-damage|p2a: Arceus|46\/100\n|-damage|p2a: Arceus|37\/100\n|-damage|p2a: Arceus|28\/100\n|-hitcount|p2a: Arceus|5\n|\n|upkeep\n|turn|30\n|\n|t:|1698752350\n|switch|p1a: Dooh|Clodsire, M|100\/100\n|-damage|p1a: Dooh|94\/100|[from] Stealth Rock\n|move|p2a: Arceus|Recover|p2a: Arceus\n|-heal|p2a: Arceus|78\/100\n|\n|-heal|p1a: Dooh|100\/100|[from] item: Leftovers\n|upkeep\n|turn|31\n|j| 1 em trach thu\n|\n|t:|1698752358\n|switch|p2a: Groudon|Groudon-Primal, L99, shiny|36\/100 tox\n|-damage|p2a: Groudon|23\/100 tox|[from] Spikes\n|-weather|DesolateLand|[from] ability: Desolate Land|[of] p2a: Groudon\n|move|p1a: Dooh|Toxic|p2a: Groudon\n|-fail|p2a: Groudon|tox\n|\n|-weather|DesolateLand|[upkeep]\n|-damage|p2a: Groudon|17\/100 tox|[from] psn\n|upkeep\n|turn|32\n|\n|t:|1698752367\n|switch|p1a: Bog|Dondozo, M|56\/100\n|-damage|p1a: Bog|43\/100|[from] Stealth Rock\n|move|p2a: Groudon|Precipice Blades|p1a: Bog\n|-damage|p1a: Bog|16\/100\n|\n|-weather|DesolateLand|[upkeep]\n|-heal|p1a: Bog|22\/100|[from] item: Leftovers\n|-damage|p2a: Groudon|5\/100 tox|[from] psn\n|upkeep\n|turn|33\n|inactive|09-10a has 120 seconds left.\n|\n|t:|1698752399\n|move|p2a: Groudon|Precipice Blades|p1a: Bog|[miss]\n|-miss|p2a: Groudon|p1a: Bog\n|move|p1a: Bog|Rest|p1a: Bog\n|-status|p1a: Bog|slp|[from] move: Rest\n|-heal|p1a: Bog|100\/100 slp|[silent]\n|\n|-weather|DesolateLand|[upkeep]\n|-damage|p2a: Groudon|0 fnt|[from] psn\n|faint|p2a: Groudon\n|-weather|none\n|upkeep\n|-message|09-10a forfeited.\n|\n|win|Pawnnel\n|raw|Pawnnel's rating: 1598 &rarr; <strong>1628<\/strong><br \/>(+30 for winning)\n|raw|09-10a's rating: 1790 &rarr; <strong>1760<\/strong><br \/>(-30 for losing)\n|l|\u260609-10a\n|c|\u2606Pawnnel|y tho?\n|l|\u2606Pawnnel\n","uploadtime":1698752508,"views":4,"p1id":"pawnnel","p2id":"0910a","formatid":"gen9nationaldexubers","rating":1628,"private":0,"password":""}