{"id":"gen9nationaldexubers-1986841091","p1":"kyla sazandora","p2":"EpicGamer069420","format":"[Gen 9] National Dex Ubers","log":"|j|\u2606kyla sazandora\n|j|\u2606EpicGamer069420\n|t:|1699532793\n|gametype|singles\n|player|p1|kyla sazandora|anabel|\n|player|p2|EpicGamer069420|lucas|\n|teamsize|p1|6\n|teamsize|p2|6\n|gen|9\n|tier|[Gen 9] National Dex Ubers\n|rule|HP Percentage Mod: HP is shown in percentages\n|rule|Endless Battle Clause: Forcing endless battles is banned\n|rule|OHKO Clause: OHKO moves are banned\n|rule|Evasion Moves Clause: Evasion moves are banned\n|rule|Evasion Items Clause: Evasion items are banned\n|rule|Species Clause: Limit one of each Pok\u00e9mon\n|rule|Sleep Clause Mod: Limit one foe put to sleep\n|rule|Mega Rayquaza Clause: You cannot mega evolve Rayquaza\n|clearpoke\n|poke|p1|Haxorus, M|\n|poke|p1|Plusle, F|\n|poke|p1|Meganium, M|\n|poke|p1|Tangrowth, M|\n|poke|p1|Crabominable, M|\n|poke|p1|Togekiss, F|\n|poke|p2|Kingdra, M|\n|poke|p2|Omastar, M|\n|poke|p2|Ursaluna, F|\n|poke|p2|Bibarel, F|\n|poke|p2|Diggersby, F|\n|poke|p2|Aggron, F|\n|teampreview\n|inactive|Battle timer is ON: inactive players will automatically lose when time's up. (requested by EpicGamer069420)\n|c|\u2606EpicGamer069420|hf\n|c|\u2606kyla sazandora|u2\n|inactive|kyla sazandora has 270 seconds left.\n|\n|t:|1699532832\n|start\n|switch|p1a: Plusle|Plusle, F|100\/100\n|switch|p2a: Omastar|Omastar, M|100\/100\n|turn|1\n|\n|t:|1699532850\n|move|p1a: Plusle|Substitute|p1a: Plusle\n|-start|p1a: Plusle|Substitute\n|-damage|p1a: Plusle|76\/100\n|move|p2a: Omastar|Stealth Rock|p1a: Plusle\n|-sidestart|p1: kyla sazandora|move: Stealth Rock\n|\n|upkeep\n|turn|2\n|\n|t:|1699532856\n|move|p1a: Plusle|Thunderbolt|p2a: Omastar\n|-supereffective|p2a: Omastar\n|-crit|p2a: Omastar\n|-enditem|p2a: Omastar|Focus Sash\n|-damage|p2a: Omastar|1\/100\n|move|p2a: Omastar|Toxic Spikes|p1a: Plusle\n|-sidestart|p1: kyla sazandora|move: Toxic Spikes\n|\n|upkeep\n|turn|3\n|\n|t:|1699532863\n|switch|p2a: Ursaluna|Ursaluna, F|100\/100\n|move|p1a: Plusle|Thunderbolt|p2a: Ursaluna\n|-immune|p2a: Ursaluna\n|\n|-status|p2a: Ursaluna|brn|[from] item: Flame Orb\n|upkeep\n|turn|4\n|\n|t:|1699532867\n|move|p1a: Plusle|Grass Knot|p2a: Ursaluna\n|-supereffective|p2a: Ursaluna\n|-damage|p2a: Ursaluna|41\/100 brn\n|move|p2a: Ursaluna|Trailblaze|p1a: Plusle\n|-end|p1a: Plusle|Substitute\n|-boost|p2a: Ursaluna|spe|1\n|\n|-damage|p2a: Ursaluna|35\/100 brn|[from] brn\n|upkeep\n|turn|5\n|\n|t:|1699532887\n|switch|p1a: Crabominable|Crabominable, M|100\/100\n|-damage|p1a: Crabominable|88\/100|[from] Stealth Rock\n|-status|p1a: Crabominable|psn\n|move|p2a: Ursaluna|Facade|p1a: Crabominable\n|-damage|p1a: Crabominable|0 fnt\n|faint|p1a: Crabominable\n|\n|-damage|p2a: Ursaluna|29\/100 brn|[from] brn\n|upkeep\n|c|\u2606EpicGamer069420|i have slight spdef\n|inactive|kyla sazandora has 270 seconds left.\n|\n|t:|1699532906\n|switch|p1a: Togekiss|Togekiss, F|100\/100\n|-damage|p1a: Togekiss|75\/100|[from] Stealth Rock\n|turn|6\n|c|\u2606kyla sazandora|t spikes is so deadly\n|\n|t:|1699532916\n|move|p2a: Ursaluna|Facade|p1a: Togekiss\n|-damage|p1a: Togekiss|0 fnt\n|faint|p1a: Togekiss\n|\n|-damage|p2a: Ursaluna|22\/100 brn|[from] brn\n|upkeep\n|c|\u2606kyla sazandora|wtf\n|inactive|kyla sazandora has 270 seconds left.\n|\n|t:|1699532927\n|switch|p1a: Haxorus|Haxorus, M|100\/100\n|-damage|p1a: Haxorus|88\/100|[from] Stealth Rock\n|-status|p1a: Haxorus|psn\n|-ability|p1a: Haxorus|Mold Breaker\n|turn|7\n|\n|t:|1699532932\n|move|p1a: Haxorus|First Impression|p2a: Ursaluna\n|-damage|p2a: Ursaluna|0 fnt\n|faint|p2a: Ursaluna\n|\n|-damage|p1a: Haxorus|76\/100 psn|[from] psn\n|upkeep\n|c|\u2606EpicGamer069420|damn why didn't you go this earlier\n|c|\u2606kyla sazandora|i didnt think you were fast as fuck ursa LOL\n|c|\u2606kyla sazandora|i thought bulk and some spd\n|inactive|EpicGamer069420 has 270 seconds left.\n|\n|t:|1699532964\n|switch|p2a: Kingdra|Kingdra, M|100\/100\n|turn|8\n|\n|t:|1699532970\n|switch|p1a: Tangrowth|Tangrowth, M|100\/100\n|move|p2a: Kingdra|Dragon Pulse|p1a: Tangrowth\n|-damage|p1a: Tangrowth|70\/100\n|\n|upkeep\n|turn|9\n|c|\u2606EpicGamer069420|lmao\n|c|\u2606EpicGamer069420|fair\n|inactive|EpicGamer069420 has 270 seconds left.\n|\n|t:|1699532992\n|switch|p2a: Omastar|Omastar, M|1\/100\n|move|p1a: Tangrowth|Giga Drain|p2a: Omastar\n|-supereffective|p2a: Omastar\n|-damage|p2a: Omastar|0 fnt\n|-heal|p1a: Tangrowth|70\/100|[from] drain|[of] p2a: Omastar\n|faint|p2a: Omastar\n|\n|upkeep\n|\n|t:|1699533002\n|switch|p2a: Diggersby|Diggersby, F|100\/100\n|turn|10\n|inactive|EpicGamer069420 has 270 seconds left.\n|\n|t:|1699533017\n|switch|p1a: Meganium|Meganium, M|100\/100\n|-damage|p1a: Meganium|88\/100|[from] Stealth Rock\n|-status|p1a: Meganium|psn\n|move|p2a: Diggersby|Return|p1a: Meganium\n|-damage|p1a: Meganium|4\/100 psn\n|\n|-heal|p1a: Meganium|10\/100 psn|[from] item: Leftovers\n|-damage|p1a: Meganium|0 fnt|[from] psn\n|faint|p1a: Meganium\n|upkeep\n|c|\u2606kyla sazandora|goobed\n|\n|t:|1699533023\n|switch|p1a: Plusle|Plusle, F|76\/100\n|-damage|p1a: Plusle|63\/100|[from] Stealth Rock\n|-status|p1a: Plusle|psn\n|turn|11\n|\n|t:|1699533033\n|-zpower|p1a: Plusle\n|move|p1a: Plusle|Bloom Doom|p2a: Diggersby|[zeffect]\n|-supereffective|p2a: Diggersby\n|-damage|p2a: Diggersby|0 fnt\n|faint|p2a: Diggersby\n|\n|-damage|p1a: Plusle|51\/100 psn|[from] psn\n|upkeep\n|c|\u2606EpicGamer069420|damn\n|c|\u2606EpicGamer069420|LMFAO\n|c|\u2606kyla sazandora|LOL\n|inactive|EpicGamer069420 has 270 seconds left.\n|\n|t:|1699533051\n|switch|p2a: Bibarel|Bibarel, F|100\/100\n|turn|12\n|inactive|EpicGamer069420 has 270 seconds left.\n|\n|t:|1699533068\n|-terastallize|p2a: Bibarel|Electric\n|move|p1a: Plusle|Volt Switch|p2a: Bibarel\n|-resisted|p2a: Bibarel\n|-damage|p2a: Bibarel|86\/100\n|\n|t:|1699533084\n|switch|p1a: Tangrowth|Tangrowth, M|100\/100|[from] Volt Switch\n|move|p2a: Bibarel|Curse|p2a: Bibarel\n|-unboost|p2a: Bibarel|spe|2\n|-boost|p2a: Bibarel|atk|2\n|-boost|p2a: Bibarel|def|2\n|\n|upkeep\n|turn|13\n|\n|t:|1699533106\n|move|p1a: Tangrowth|Giga Drain|p2a: Bibarel\n|-damage|p2a: Bibarel|54\/100\n|move|p2a: Bibarel|Amnesia|p2a: Bibarel\n|-boost|p2a: Bibarel|spd|4\n|\n|upkeep\n|turn|14\n|\n|t:|1699533112\n|move|p1a: Tangrowth|Leech Seed|p2a: Bibarel\n|-start|p2a: Bibarel|move: Leech Seed\n|move|p2a: Bibarel|Curse|p2a: Bibarel\n|-unboost|p2a: Bibarel|spe|2\n|-boost|p2a: Bibarel|atk|2\n|-boost|p2a: Bibarel|def|2\n|\n|-damage|p2a: Bibarel|42\/100|[from] Leech Seed|[of] p1a: Tangrowth\n|upkeep\n|turn|15\n|\n|t:|1699533121\n|move|p1a: Tangrowth|Giga Drain|p2a: Bibarel\n|-damage|p2a: Bibarel|31\/100\n|move|p2a: Bibarel|Rest|p2a: Bibarel\n|-status|p2a: Bibarel|slp|[from] move: Rest\n|-heal|p2a: Bibarel|100\/100 slp|[silent]\n|\n|-damage|p2a: Bibarel|88\/100 slp|[from] Leech Seed|[of] p1a: Tangrowth\n|upkeep\n|turn|16\n|\n|t:|1699533140\n|switch|p1a: Haxorus|Haxorus, M|76\/100 psn\n|-damage|p1a: Haxorus|64\/100 psn|[from] Stealth Rock\n|-ability|p1a: Haxorus|Mold Breaker\n|cant|p2a: Bibarel|slp\n|\n|-damage|p2a: Bibarel|76\/100 slp|[from] Leech Seed|[of] p1a: Haxorus\n|-heal|p1a: Haxorus|79\/100 psn|[silent]\n|-damage|p1a: Haxorus|66\/100 psn|[from] psn\n|upkeep\n|turn|17\n|\n|t:|1699533150\n|move|p1a: Haxorus|Close Combat|p2a: Bibarel\n|-damage|p2a: Bibarel|49\/100 slp\n|-unboost|p1a: Haxorus|def|1\n|-unboost|p1a: Haxorus|spd|1\n|cant|p2a: Bibarel|slp\n|\n|-damage|p2a: Bibarel|36\/100 slp|[from] Leech Seed|[of] p1a: Haxorus\n|-heal|p1a: Haxorus|81\/100 psn|[silent]\n|-damage|p1a: Haxorus|69\/100 psn|[from] psn\n|upkeep\n|turn|18\n|\n|t:|1699533155\n|move|p1a: Haxorus|Close Combat|p2a: Bibarel\n|-damage|p2a: Bibarel|7\/100 slp\n|-unboost|p1a: Haxorus|def|1\n|-unboost|p1a: Haxorus|spd|1\n|-curestatus|p2a: Bibarel|slp|[msg]\n|move|p2a: Bibarel|Rest|p2a: Bibarel\n|-status|p2a: Bibarel|slp|[from] move: Rest\n|-heal|p2a: Bibarel|100\/100 slp|[silent]\n|\n|-damage|p2a: Bibarel|88\/100 slp|[from] Leech Seed|[of] p1a: Haxorus\n|-heal|p1a: Haxorus|84\/100 psn|[silent]\n|-damage|p1a: Haxorus|72\/100 psn|[from] psn\n|upkeep\n|turn|19\n|\n|t:|1699533162\n|move|p1a: Haxorus|Close Combat|p2a: Bibarel\n|-damage|p2a: Bibarel|58\/100 slp\n|-unboost|p1a: Haxorus|def|1\n|-unboost|p1a: Haxorus|spd|1\n|cant|p2a: Bibarel|slp\n|\n|-damage|p2a: Bibarel|46\/100 slp|[from] Leech Seed|[of] p1a: Haxorus\n|-heal|p1a: Haxorus|87\/100 psn|[silent]\n|-damage|p1a: Haxorus|75\/100 psn|[from] psn\n|upkeep\n|turn|20\n|c|\u2606kyla sazandora|oh?\n|\n|t:|1699533174\n|move|p1a: Haxorus|Close Combat|p2a: Bibarel\n|-damage|p2a: Bibarel|19\/100 slp\n|-unboost|p1a: Haxorus|def|1\n|-unboost|p1a: Haxorus|spd|1\n|cant|p2a: Bibarel|slp\n|\n|-damage|p2a: Bibarel|6\/100 slp|[from] Leech Seed|[of] p1a: Haxorus\n|-heal|p1a: Haxorus|90\/100 psn|[silent]\n|-damage|p1a: Haxorus|77\/100 psn|[from] psn\n|upkeep\n|turn|21\n|c|\u2606kyla sazandora|gj hax\n|c|\u2606EpicGamer069420|damn kinda surprised it's doing 30\n|c|\u2606kyla sazandora|fr\n|\n|t:|1699533198\n|move|p1a: Haxorus|Close Combat|p2a: Bibarel\n|-damage|p2a: Bibarel|0 fnt\n|-unboost|p1a: Haxorus|def|1\n|-unboost|p1a: Haxorus|spd|1\n|faint|p2a: Bibarel\n|\n|-damage|p1a: Haxorus|65\/100 psn|[from] psn\n|upkeep\n|c|\u2606kyla sazandora|!dt bibarel\n|raw|<div class=\"message\"><ul class=\"utilichart\"><li class=\"result\"><span class=\"col numcol\">RU<\/span> <span class=\"col iconcol\"><psicon pokemon=\"bibarel\"\/><\/span> <span class=\"col pokemonnamecol\" style=\"white-space:nowrap\"><a href=\"https:\/\/dex.pokemonshowdown.com\/pokemon\/bibarel\" target=\"_blank\">Bibarel<\/a><\/span> <span class=\"col typecol\"><img src=\"https:\/\/play.pokemonshowdown.com\/sprites\/types\/Normal.png\" alt=\"Normal\" height=\"14\" width=\"32\"><img src=\"https:\/\/play.pokemonshowdown.com\/sprites\/types\/Water.png\" alt=\"Water\" height=\"14\" width=\"32\"><\/span> <span style=\"float:left;min-height:26px\"><span class=\"col twoabilitycol\">Simple<br \/>Unaware<\/span><span class=\"col abilitycol\"><em>Moody<\/em><\/span><\/span><span style=\"float:left;min-height:26px\"><span class=\"col statcol\"><em>HP<\/em><br \/>79<\/span> <span class=\"col statcol\"><em>Atk<\/em><br \/>85<\/span> <span class=\"col statcol\"><em>Def<\/em><br \/>60<\/span> <span class=\"col statcol\"><em>SpA<\/em><br \/>55<\/span> <span class=\"col statcol\"><em>SpD<\/em><br \/>60<\/span> <span class=\"col statcol\"><em>Spe<\/em><br \/>71<\/span> <span class=\"col bstcol\"><em>BST<br \/>410<\/em><\/span> <\/span><\/li><li style=\"clear:both\"><\/li><\/ul><\/div>\n|raw|<font size=\"1\"><font color=\"#686868\">Dex#:<\/font> 400&nbsp;|&ThickSpace;<font color=\"#686868\">Gen:<\/font> 4&nbsp;|&ThickSpace;<font color=\"#686868\">Height:<\/font> 1 m&nbsp;|&ThickSpace;<font color=\"#686868\">Weight:<\/font> 31.5 kg <em>(60 BP)<\/em>&nbsp;|&ThickSpace;<font color=\"#686868\">Dex Colour:<\/font> Brown&nbsp;|&ThickSpace;<font color=\"#686868\">Egg Group(s):<\/font> Water 1, Field&nbsp;|&ThickSpace;<font color=\"#686868\">Pre-Evolution:<\/font> Bidoof&nbsp;|&ThickSpace;<font color=\"#686868\">Does Not Evolve<\/font><\/font>\n\n|c|\u2606kyla sazandora|60 def\n|c|\u2606kyla sazandora|but 3x\n|inactive|EpicGamer069420 has 270 seconds left.\n|c|\u2606kyla sazandora|im guessing you were spdef or something?\n|c|\u2606EpicGamer069420|should have made the tera grass\n|c|\u2606EpicGamer069420|it's mix\n|c|\u2606kyla sazandora|that was a demon tho\n|c|\u2606kyla sazandora|ohhh\n|c|\u2606EpicGamer069420|liquidation last\n|c|\u2606kyla sazandora|i saw amnesia and was like\n|\n|t:|1699533236\n|switch|p2a: Kingdra|Kingdra, M|100\/100\n|turn|22\n|c|\u2606kyla sazandora|no way he's no attacks\n|\n|t:|1699533244\n|switch|p1a: Tangrowth|Tangrowth, M|100\/100\n|move|p2a: Kingdra|Ice Beam|p1a: Tangrowth\n|-supereffective|p1a: Tangrowth\n|-damage|p1a: Tangrowth|52\/100\n|\n|upkeep\n|turn|23\n|c|\u2606EpicGamer069420|it's mono attack\n|\n|t:|1699533257\n|-terastallize|p1a: Tangrowth|Water\n|move|p2a: Kingdra|Ice Beam|p1a: Tangrowth\n|-resisted|p1a: Tangrowth\n|-damage|p1a: Tangrowth|41\/100\n|move|p1a: Tangrowth|Giga Drain|p2a: Kingdra\n|-damage|p2a: Kingdra|66\/100\n|-heal|p1a: Tangrowth|53\/100|[from] drain|[of] p2a: Kingdra\n|\n|upkeep\n|turn|24\n|c|\u2606EpicGamer069420|lmao\n|inactive|EpicGamer069420 has 270 seconds left.\n|\n|t:|1699533265\n|switch|p2a: Aggron|Aggron, F|100\/100\n|move|p1a: Tangrowth|Leech Seed|p2a: Aggron\n|-start|p2a: Aggron|move: Leech Seed\n|\n|-damage|p2a: Aggron|88\/100|[from] Leech Seed|[of] p1a: Tangrowth\n|-heal|p1a: Tangrowth|62\/100|[silent]\n|upkeep\n|turn|25\n|\n|t:|1699533270\n|switch|p2a: Kingdra|Kingdra, M|66\/100\n|move|p1a: Tangrowth|Giga Drain|p2a: Kingdra\n|-damage|p2a: Kingdra|33\/100\n|-heal|p1a: Tangrowth|74\/100|[from] drain|[of] p2a: Kingdra\n|\n|upkeep\n|turn|26\n|inactive|kyla sazandora has 270 seconds left.\n|\n|t:|1699533318\n|switch|p1a: Plusle|Plusle, F|51\/100 psn\n|-damage|p1a: Plusle|38\/100 psn|[from] Stealth Rock\n|move|p2a: Kingdra|Dragon Pulse|p1a: Plusle\n|-damage|p1a: Plusle|0 fnt\n|faint|p1a: Plusle\n|\n|upkeep\n|\n|t:|1699533320\n|switch|p1a: Tangrowth|Tangrowth, M, tera:Water|100\/100\n|turn|27\n|\n|t:|1699533322\n|move|p2a: Kingdra|Dragon Pulse|p1a: Tangrowth\n|-damage|p1a: Tangrowth|68\/100\n|move|p1a: Tangrowth|Giga Drain|p2a: Kingdra\n|-damage|p2a: Kingdra|1\/100\n|-heal|p1a: Tangrowth|79\/100|[from] drain|[of] p2a: Kingdra\n|\n|upkeep\n|turn|28\n|\n|t:|1699533326\n|move|p2a: Kingdra|Dragon Pulse|p1a: Tangrowth\n|-damage|p1a: Tangrowth|46\/100\n|move|p1a: Tangrowth|Giga Drain|p2a: Kingdra\n|-damage|p2a: Kingdra|0 fnt\n|-heal|p1a: Tangrowth|46\/100|[from] drain|[of] p2a: Kingdra\n|faint|p2a: Kingdra\n|\n|upkeep\n|\n|t:|1699533328\n|switch|p2a: Aggron|Aggron, F|88\/100\n|turn|29\n|c|\u2606kyla sazandora|is it not draco\n|\n|t:|1699533335\n|detailschange|p2a: Aggron|Aggron-Mega, F\n|-mega|p2a: Aggron|Aggron|Aggronite\n|move|p2a: Aggron|Body Press|p1a: Tangrowth\n|-damage|p1a: Tangrowth|21\/100\n|move|p1a: Tangrowth|Giga Drain|p2a: Aggron\n|-resisted|p2a: Aggron\n|-damage|p2a: Aggron|75\/100\n|-heal|p1a: Tangrowth|26\/100|[from] drain|[of] p2a: Aggron\n|\n|upkeep\n|turn|30\n|c|\u2606EpicGamer069420|it's not\n|inactive|kyla sazandora has 270 seconds left.\n|\n|t:|1699533365\n|move|p2a: Aggron|Body Press|p1a: Tangrowth\n|-damage|p1a: Tangrowth|0 fnt\n|faint|p1a: Tangrowth\n|\n|upkeep\n|\n|t:|1699533369\n|switch|p1a: Haxorus|Haxorus, M|65\/100 psn\n|-damage|p1a: Haxorus|53\/100 psn|[from] Stealth Rock\n|-ability|p1a: Haxorus|Mold Breaker\n|turn|31\n|c|\u2606kyla sazandora|fuck i misplayed LOL\n|c|\u2606kyla sazandora|ggs\n|\n|t:|1699533375\n|move|p1a: Haxorus|Close Combat|p2a: Aggron\n|-supereffective|p2a: Aggron\n|-damage|p2a: Aggron|0 fnt\n|-unboost|p1a: Haxorus|def|1\n|-unboost|p1a: Haxorus|spd|1\n|faint|p2a: Aggron\n|\n|win|kyla sazandora\n|c|\u2606kyla sazandora|oh wow\n|c|\u2606kyla sazandora|i shoulda leeched the aggron\n|c|\u2606kyla sazandora|to tank another press\n|c|\u2606EpicGamer069420|damn through filter\n|c|\u2606EpicGamer069420|gg\n|c|\u2606kyla sazandora|im mold breaker\n|c|\u2606kyla sazandora|gg\n|c|\u2606EpicGamer069420|oh yea mb i forgot\n|c|\u2606kyla sazandora|you had some solid cookng\n|c|\u2606EpicGamer069420|i should have iron defensed then\n|c|\u2606kyla sazandora|show team on dc?\n|c|\u2606kyla sazandora|oh yeah\n|c|\u2606kyla sazandora|wtf\n|c|\u2606EpicGamer069420|i thought it would live\n|c|\u2606kyla sazandora|iron def body press\n|c|\u2606kyla sazandora|mad cooking\n|c|\u2606EpicGamer069420|yea\n|c|\u2606kyla sazandora|216 def\n|c|\u2606EpicGamer069420|!showteam\n|c| EpicGamer069420|\/raw <div class=\"infobox\"><details><summary>View team<\/summary>Kingdra (M) @ Choice Scarf  <br \/>Ability: Sniper  <br \/>Tera Type: Fairy  <br \/>EVs: 252 SpA &#x2f; 4 SpD &#x2f; 252 Spe  <br \/>Timid Nature  <br \/>- Scald  <br \/>- Ice Beam  <br \/>- Dragon Pulse  <br \/>- Flip Turn  <br \/><br \/>Omastar (M) @ Focus Sash  <br \/>Ability: Weak Armor  <br \/>Tera Type: Flying  <br \/>EVs: 4 Def &#x2f; 252 SpA &#x2f; 252 Spe  <br \/>Timid Nature  <br \/>IVs: 0 Atk  <br \/>- Stealth Rock  <br \/>- Surf  <br \/>- Toxic Spikes  <br \/>- Ice Beam  <br \/><br \/>Ursaluna (F) @ Flame Orb  <br \/>Ability: Guts  <br \/>Tera Type: Grass  <br \/>EVs: 200 Atk &#x2f; 56 SpD &#x2f; 252 Spe  <br \/>Jolly Nature  <br \/>- Facade  <br \/>- Drain Punch  <br \/>- Headlong Rush  <br \/>- Trailblaze  <br \/><br \/>Bibarel (F) @ Covert Cloak  <br \/>Ability: Simple  <br \/>Tera Type: Electric  <br \/>EVs: 228 HP &#x2f; 176 Def &#x2f; 104 SpD  <br \/>Careful Nature  <br \/>- Amnesia  <br \/>- Curse  <br \/>- Liquidation  <br \/>- Rest  <br \/><br \/>Diggersby (F) @ Choice Band  <br \/>Ability: Huge Power  <br \/>Tera Type: Normal  <br \/>EVs: 252 Atk &#x2f; 4 Def &#x2f; 252 Spe  <br \/>Jolly Nature  <br \/>- Quick Attack  <br \/>- Return  <br \/>- Earthquake  <br \/>- U-turn  <br \/><br \/>Aggron (F) @ Aggronite  <br \/>Ability: Sturdy  <br \/>Tera Type: Steel  <br \/>EVs: 56 HP &#x2f; 252 SpD &#x2f; 200 Spe  <br \/>Jolly Nature  <br \/>- Iron Defense  <br \/>- Body Press  <br \/>- Rest  <br \/>- Heavy Slam  <br \/><br \/><\/details><\/div>\n|c|\u2606kyla sazandora|show on disc\n|c|\u2606kyla sazandora|then zoro and co can see if they want\n|c|\u2606kyla sazandora|LOL\n","uploadtime":1699533453,"views":7,"p1id":"kylasazandora","p2id":"epicgamer069420","formatid":"gen9nationaldexubers","rating":0,"private":0,"password":""}