{"id":"gen9nationaldexubers-1999229334","p1":"Critian Caceorte","p2":"Nutterzz","format":"[Gen 9] National Dex Ubers","log":"|j|\u2606Critian Caceorte\n|j|\u2606Nutterzz\n|t:|1701048188\n|gametype|singles\n|player|p1|Critian Caceorte|hilda|1151\n|player|p2|Nutterzz|nate|1120\n|teamsize|p1|6\n|teamsize|p2|6\n|gen|9\n|tier|[Gen 9] National Dex Ubers\n|rated|\n|rule|HP Percentage Mod: HP is shown in percentages\n|rule|Endless Battle Clause: Forcing endless battles is banned\n|rule|OHKO Clause: OHKO moves are banned\n|rule|Evasion Moves Clause: Evasion moves are banned\n|rule|Evasion Items Clause: Evasion items are banned\n|rule|Species Clause: Limit one of each Pok\u00e9mon\n|rule|Sleep Clause Mod: Limit one foe put to sleep\n|rule|Mega Rayquaza Clause: You cannot mega evolve Rayquaza\n|clearpoke\n|poke|p1|Dracovish|\n|poke|p1|Tyranitar, M|\n|poke|p1|Hippowdon, M|\n|poke|p1|Excadrill, F|\n|poke|p1|Houndstone, F|\n|poke|p1|Garganacl, M|\n|poke|p2|Grimmsnarl, M|\n|poke|p2|Pheromosa|\n|poke|p2|Walking Wake|\n|poke|p2|Groudon|\n|poke|p2|Alomomola, M|\n|poke|p2|Magearna|\n|teampreview\n|inactive|Battle timer is ON: inactive players will automatically lose when time's up. (requested by Nutterzz)\n|inactive|Nutterzz has 120 seconds left.\n|\n|t:|1701048238\n|start\n|switch|p1a: Hippowdon|Hippowdon, M|100\/100\n|switch|p2a: Grimmsnarl|Grimmsnarl, M, shiny|100\/100\n|-weather|Sandstorm|[from] ability: Sand Stream|[of] p1a: Hippowdon\n|turn|1\n|\n|t:|1701048248\n|move|p2a: Grimmsnarl|Taunt|p1a: Hippowdon\n|-start|p1a: Hippowdon|move: Taunt\n|move|p1a: Hippowdon|Heavy Slam|p2a: Grimmsnarl\n|-supereffective|p2a: Grimmsnarl\n|-damage|p2a: Grimmsnarl|46\/100\n|\n|-weather|Sandstorm|[upkeep]\n|-damage|p2a: Grimmsnarl|40\/100|[from] Sandstorm\n|upkeep\n|turn|2\n|\n|t:|1701048258\n|move|p2a: Grimmsnarl|Parting Shot|p1a: Hippowdon\n|-unboost|p1a: Hippowdon|atk|1\n|-unboost|p1a: Hippowdon|spa|1\n|\n|t:|1701048262\n|switch|p2a: Groudon|Groudon|100\/100|[from] Parting Shot\n|-weather|SunnyDay|[from] ability: Drought|[of] p2a: Groudon\n|move|p1a: Hippowdon|Heavy Slam|p2a: Groudon\n|-damage|p2a: Groudon|96\/100\n|\n|-weather|SunnyDay|[upkeep]\n|upkeep\n|turn|3\n|\n|t:|1701048277\n|switch|p1a: Garganacl|Garganacl, M|100\/100\n|move|p2a: Groudon|Precipice Blades|p1a: Garganacl\n|-supereffective|p1a: Garganacl\n|-damage|p1a: Garganacl|8\/100\n|\n|-weather|SunnyDay|[upkeep]\n|-heal|p1a: Garganacl|15\/100|[from] item: Leftovers\n|upkeep\n|turn|4\n|\n|t:|1701048289\n|move|p2a: Groudon|Heavy Slam|p1a: Garganacl\n|-supereffective|p1a: Garganacl\n|-damage|p1a: Garganacl|0 fnt\n|faint|p1a: Garganacl\n|\n|-weather|SunnyDay|[upkeep]\n|upkeep\n|\n|t:|1701048295\n|switch|p1a: Hippowdon|Hippowdon, M|100\/100\n|-weather|Sandstorm|[from] ability: Sand Stream|[of] p1a: Hippowdon\n|turn|5\n|\n|t:|1701048302\n|switch|p2a: Alomomola|Alomomola, M|100\/100\n|move|p1a: Hippowdon|Toxic|p2a: Alomomola\n|-status|p2a: Alomomola|tox\n|\n|-weather|Sandstorm|[upkeep]\n|-damage|p2a: Alomomola|94\/100 tox|[from] Sandstorm\n|-heal|p2a: Alomomola|100\/100 tox|[from] item: Leftovers\n|-damage|p2a: Alomomola|94\/100 tox|[from] psn\n|upkeep\n|turn|6\n|\n|t:|1701048312\n|switch|p1a: Dracovish|Dracovish|100\/100\n|move|p2a: Alomomola|Flip Turn|p1a: Dracovish\n|-resisted|p1a: Dracovish\n|-damage|p1a: Dracovish|96\/100\n|\n|t:|1701048319\n|switch|p2a: Groudon|Groudon|96\/100|[from] Flip Turn\n|-weather|SunnyDay|[from] ability: Drought|[of] p2a: Groudon\n|\n|-weather|SunnyDay|[upkeep]\n|upkeep\n|turn|7\n|\n|t:|1701048330\n|switch|p1a: Hippowdon|Hippowdon, M|100\/100\n|-weather|Sandstorm|[from] ability: Sand Stream|[of] p1a: Hippowdon\n|move|p2a: Groudon|Thunder Wave|p1a: Hippowdon\n|-immune|p1a: Hippowdon\n|\n|-weather|Sandstorm|[upkeep]\n|upkeep\n|turn|8\n|\n|t:|1701048341\n|switch|p2a: Alomomola|Alomomola, M|100\/100 tox\n|move|p1a: Hippowdon|Earthquake|p2a: Alomomola\n|-damage|p2a: Alomomola|79\/100 tox\n|\n|-weather|Sandstorm|[upkeep]\n|-damage|p2a: Alomomola|73\/100 tox|[from] Sandstorm\n|-heal|p2a: Alomomola|79\/100 tox|[from] item: Leftovers\n|-damage|p2a: Alomomola|73\/100 tox|[from] psn\n|upkeep\n|turn|9\n|\n|t:|1701048356\n|switch|p1a: Excadrill|Excadrill, F|100\/100\n|move|p2a: Alomomola|Flip Turn|p1a: Excadrill\n|-supereffective|p1a: Excadrill\n|-damage|p1a: Excadrill|57\/100\n|\n|t:|1701048363\n|switch|p2a: Groudon|Groudon|96\/100|[from] Flip Turn\n|-weather|SunnyDay|[from] ability: Drought|[of] p2a: Groudon\n|\n|-weather|SunnyDay|[upkeep]\n|upkeep\n|turn|10\n|\n|t:|1701048372\n|move|p1a: Excadrill|Drill Run|p2a: Groudon\n|-crit|p2a: Groudon\n|-damage|p2a: Groudon|37\/100\n|-damage|p1a: Excadrill|47\/100|[from] item: Life Orb\n|move|p2a: Groudon|Precipice Blades|p1a: Excadrill\n|-supereffective|p1a: Excadrill\n|-damage|p1a: Excadrill|0 fnt\n|faint|p1a: Excadrill\n|\n|-weather|SunnyDay|[upkeep]\n|upkeep\n|\n|t:|1701048380\n|switch|p1a: Hippowdon|Hippowdon, M|100\/100\n|-weather|Sandstorm|[from] ability: Sand Stream|[of] p1a: Hippowdon\n|turn|11\n|\n|t:|1701048393\n|switch|p2a: Alomomola|Alomomola, M|100\/100 tox\n|move|p1a: Hippowdon|Earthquake|p2a: Alomomola\n|-damage|p2a: Alomomola|75\/100 tox\n|\n|-weather|Sandstorm|[upkeep]\n|-damage|p2a: Alomomola|69\/100 tox|[from] Sandstorm\n|-heal|p2a: Alomomola|75\/100 tox|[from] item: Leftovers\n|-damage|p2a: Alomomola|69\/100 tox|[from] psn\n|upkeep\n|turn|12\n|\n|t:|1701048421\n|move|p2a: Alomomola|Flip Turn|p1a: Hippowdon\n|-supereffective|p1a: Hippowdon\n|-damage|p1a: Hippowdon|84\/100\n|\n|t:|1701048428\n|switch|p2a: Walking Wake|Walking Wake|100\/100|[from] Flip Turn\n|move|p1a: Hippowdon|Toxic|p2a: Walking Wake\n|-status|p2a: Walking Wake|tox\n|\n|-weather|Sandstorm|[upkeep]\n|-damage|p2a: Walking Wake|94\/100 tox|[from] Sandstorm\n|-damage|p2a: Walking Wake|88\/100 tox|[from] psn\n|upkeep\n|turn|13\n|\n|t:|1701048438\n|switch|p1a: Dracovish|Dracovish|96\/100\n|move|p2a: Walking Wake|Flip Turn|p1a: Dracovish\n|-resisted|p1a: Dracovish\n|-damage|p1a: Dracovish|91\/100\n|\n|t:|1701048444\n|-end|p2a: Walking Wake|Protosynthesis|[silent]\n|switch|p2a: Groudon|Groudon|37\/100|[from] Flip Turn\n|-weather|SunnyDay|[from] ability: Drought|[of] p2a: Groudon\n|\n|-weather|SunnyDay|[upkeep]\n|upkeep\n|turn|14\n|\n|t:|1701048460\n|move|p1a: Dracovish|Fishious Rend|p2a: Groudon\n|-supereffective|p2a: Groudon\n|-damage|p2a: Groudon|0 fnt\n|faint|p2a: Groudon\n|\n|-weather|SunnyDay|[upkeep]\n|upkeep\n|\n|t:|1701048469\n|switch|p2a: Walking Wake|Walking Wake|88\/100 tox\n|-activate|p2a: Walking Wake|ability: Protosynthesis\n|-start|p2a: Walking Wake|protosynthesisspe\n|turn|15\n|\n|t:|1701048474\n|switch|p1a: Hippowdon|Hippowdon, M|84\/100\n|-weather|Sandstorm|[from] ability: Sand Stream|[of] p1a: Hippowdon\n|-end|p2a: Walking Wake|Protosynthesis\n|move|p2a: Walking Wake|Draco Meteor|p1a: Hippowdon\n|-damage|p1a: Hippowdon|0 fnt\n|-unboost|p2a: Walking Wake|spa|2\n|faint|p1a: Hippowdon\n|\n|-weather|Sandstorm|[upkeep]\n|-damage|p2a: Walking Wake|82\/100 tox|[from] Sandstorm\n|-damage|p2a: Walking Wake|76\/100 tox|[from] psn\n|upkeep\n|\n|t:|1701048486\n|switch|p1a: Dracovish|Dracovish|91\/100\n|turn|16\n|\n|t:|1701048492\n|-end|p2a: Walking Wake|Protosynthesis|[silent]\n|switch|p2a: Alomomola|Alomomola, M|100\/100 tox\n|move|p1a: Dracovish|Draco Meteor|p2a: Alomomola\n|-damage|p2a: Alomomola|73\/100 tox\n|-unboost|p1a: Dracovish|spa|2\n|\n|-weather|Sandstorm|[upkeep]\n|-damage|p2a: Alomomola|67\/100 tox|[from] Sandstorm\n|-heal|p2a: Alomomola|73\/100 tox|[from] item: Leftovers\n|-damage|p2a: Alomomola|67\/100 tox|[from] psn\n|upkeep\n|turn|17\n|c|\u2606Nutterzz|????\n|\n|t:|1701048510\n|switch|p1a: Tyranitar|Tyranitar, M|100\/100\n|move|p2a: Alomomola|Flip Turn|p1a: Tyranitar\n|-supereffective|p1a: Tyranitar\n|-damage|p1a: Tyranitar|76\/100\n|\n|t:|1701048521\n|switch|p2a: Pheromosa|Pheromosa|100\/100|[from] Flip Turn\n|\n|-weather|Sandstorm|[upkeep]\n|-damage|p2a: Pheromosa|94\/100|[from] Sandstorm\n|upkeep\n|turn|18\n|\n|t:|1701048528\n|switch|p1a: Dracovish|Dracovish|91\/100\n|move|p2a: Pheromosa|U-turn|p1a: Dracovish\n|-damage|p1a: Dracovish|33\/100\n|\n|t:|1701048534\n|switch|p2a: Grimmsnarl|Grimmsnarl, M, shiny|40\/100|[from] U-turn\n|\n|-weather|Sandstorm|[upkeep]\n|-damage|p2a: Grimmsnarl|34\/100|[from] Sandstorm\n|upkeep\n|turn|19\n|\n|t:|1701048541\n|move|p2a: Grimmsnarl|Parting Shot|p1a: Dracovish\n|-unboost|p1a: Dracovish|atk|1\n|-unboost|p1a: Dracovish|spa|1\n|\n|t:|1701048546\n|switch|p2a: Alomomola|Alomomola, M|99\/100 tox|[from] Parting Shot\n|move|p1a: Dracovish|Fishious Rend|p2a: Alomomola\n|-resisted|p2a: Alomomola\n|-damage|p2a: Alomomola|81\/100 tox\n|\n|-weather|Sandstorm|[upkeep]\n|-damage|p2a: Alomomola|74\/100 tox|[from] Sandstorm\n|-heal|p2a: Alomomola|81\/100 tox|[from] item: Leftovers\n|-damage|p2a: Alomomola|74\/100 tox|[from] psn\n|upkeep\n|turn|20\n|\n|t:|1701048557\n|move|p1a: Dracovish|Fishious Rend|p2a: Alomomola\n|-resisted|p2a: Alomomola\n|-damage|p2a: Alomomola|55\/100 tox\n|move|p2a: Alomomola|Flip Turn|p1a: Dracovish\n|-resisted|p1a: Dracovish\n|-damage|p1a: Dracovish|29\/100\n|\n|t:|1701048566\n|switch|p2a: Grimmsnarl|Grimmsnarl, M, shiny|34\/100|[from] Flip Turn\n|\n|-weather|Sandstorm|[upkeep]\n|-damage|p2a: Grimmsnarl|28\/100|[from] Sandstorm\n|upkeep\n|turn|21\n|\n|t:|1701048571\n|move|p2a: Grimmsnarl|Parting Shot|p1a: Dracovish\n|-unboost|p1a: Dracovish|atk|1\n|-unboost|p1a: Dracovish|spa|1\n|\n|t:|1701048575\n|switch|p2a: Magearna|Magearna|100\/100|[from] Parting Shot\n|move|p1a: Dracovish|Fishious Rend|p2a: Magearna\n|-damage|p2a: Magearna|60\/100\n|\n|-weather|Sandstorm|[upkeep]\n|upkeep\n|turn|22\n|\n|t:|1701048593\n|-terastallize|p2a: Magearna|Fairy\n|move|p1a: Dracovish|Fishious Rend|p2a: Magearna\n|-damage|p2a: Magearna|19\/100\n|move|p2a: Magearna|Draining Kiss|p1a: Dracovish\n|-supereffective|p1a: Dracovish\n|-damage|p1a: Dracovish|0 fnt\n|-heal|p2a: Magearna|46\/100|[from] drain|[of] p1a: Dracovish\n|faint|p1a: Dracovish\n|-ability|p2a: Magearna|Soul-Heart|boost\n|-boost|p2a: Magearna|spa|1\n|\n|-weather|none\n|upkeep\n|\n|t:|1701048603\n|switch|p1a: Tyranitar|Tyranitar, M|76\/100\n|-weather|Sandstorm|[from] ability: Sand Stream|[of] p1a: Tyranitar\n|turn|23\n|\n|t:|1701048611\n|detailschange|p1a: Tyranitar|Tyranitar-Mega, M\n|-mega|p1a: Tyranitar|Tyranitar|Tyranitarite\n|move|p2a: Magearna|Draining Kiss|p1a: Tyranitar\n|-supereffective|p1a: Tyranitar\n|-damage|p1a: Tyranitar|19\/100\n|-heal|p2a: Magearna|100\/100|[from] drain|[of] p1a: Tyranitar\n|move|p1a: Tyranitar|Earthquake|p2a: Magearna\n|-damage|p2a: Magearna|66\/100\n|\n|-weather|Sandstorm|[upkeep]\n|-damage|p2a: Magearna|60\/100|[from] Sandstorm\n|upkeep\n|turn|24\n|\n|t:|1701048626\n|move|p2a: Magearna|Draining Kiss|p1a: Tyranitar\n|-supereffective|p1a: Tyranitar\n|-damage|p1a: Tyranitar|0 fnt\n|-heal|p2a: Magearna|79\/100|[from] drain|[of] p1a: Tyranitar\n|faint|p1a: Tyranitar\n|-ability|p2a: Magearna|Soul-Heart|boost\n|-boost|p2a: Magearna|spa|1\n|\n|-weather|Sandstorm|[upkeep]\n|-damage|p2a: Magearna|73\/100|[from] Sandstorm\n|upkeep\n|\n|t:|1701048634\n|switch|p1a: Houndstone|Houndstone, F|100\/100\n|turn|25\n|\n|t:|1701048638\n|-terastallize|p1a: Houndstone|Ghost\n|move|p1a: Houndstone|Last Respects|p2a: Magearna\n|-damage|p2a: Magearna|0 fnt\n|faint|p2a: Magearna\n|\n|-weather|Sandstorm|[upkeep]\n|upkeep\n|\n|t:|1701048645\n|switch|p2a: Alomomola|Alomomola, M|88\/100 tox\n|turn|26\n|\n|t:|1701048653\n|move|p1a: Houndstone|Last Respects|p2a: Alomomola\n|-damage|p2a: Alomomola|0 fnt\n|faint|p2a: Alomomola\n|\n|-weather|Sandstorm|[upkeep]\n|upkeep\n|\n|t:|1701048664\n|switch|p2a: Pheromosa|Pheromosa|94\/100\n|turn|27\n|\n|t:|1701048669\n|move|p1a: Houndstone|Last Respects|p2a: Pheromosa\n|-damage|p2a: Pheromosa|0 fnt\n|faint|p2a: Pheromosa\n|\n|-weather|none\n|upkeep\n|c|\u2606Nutterzz|gg\n|\n|t:|1701048677\n|switch|p2a: Grimmsnarl|Grimmsnarl, M, shiny|28\/100\n|turn|28\n|\n|t:|1701048683\n|move|p2a: Grimmsnarl|Parting Shot|p1a: Houndstone\n|-unboost|p1a: Houndstone|atk|1\n|-unboost|p1a: Houndstone|spa|1\n|\n|t:|1701048686\n|switch|p2a: Walking Wake|Walking Wake|76\/100 tox|[from] Parting Shot\n|move|p1a: Houndstone|Last Respects|p2a: Walking Wake\n|-damage|p2a: Walking Wake|0 fnt\n|faint|p2a: Walking Wake\n|-end|p2a: Walking Wake|Protosynthesis|[silent]\n|\n|upkeep\n|\n|t:|1701048692\n|switch|p2a: Grimmsnarl|Grimmsnarl, M, shiny|28\/100\n|turn|29\n|\n|t:|1701048695\n|move|p2a: Grimmsnarl|Reflect|p2a: Grimmsnarl\n|-sidestart|p2: Nutterzz|Reflect\n|move|p1a: Houndstone|Last Respects|p2a: Grimmsnarl\n|-resisted|p2a: Grimmsnarl\n|-damage|p2a: Grimmsnarl|0 fnt\n|faint|p2a: Grimmsnarl\n|\n|win|Critian Caceorte\n|raw|Critian Caceorte's rating: 1151 &rarr; <strong>1174<\/strong><br \/>(+23 for winning)\n|raw|Nutterzz's rating: 1120 &rarr; <strong>1097<\/strong><br \/>(-23 for losing)\n|c|\u2606Critian Caceorte|gg\n|l|\u2606Nutterzz\n","uploadtime":1701048709,"views":2,"p1id":"critiancaceorte","p2id":"nutterzz","formatid":"gen9nationaldexubers","rating":1097,"private":0,"password":""}