{"id":"gen9nationaldexubers-1995560398","p1":"ItzNotGhost_DD","p2":"aquiles meo","format":"[Gen 9] National Dex Ubers","log":"|j|\u2606ItzNotGhost_DD\n|j|\u2606aquiles meo\n|t:|1700582935\n|gametype|singles\n|player|p1|ItzNotGhost_DD|cynthia-gen4|1066\n|player|p2|aquiles meo|ethan|1118\n|teamsize|p1|6\n|teamsize|p2|6\n|gen|9\n|tier|[Gen 9] National Dex Ubers\n|rated|\n|rule|HP Percentage Mod: HP is shown in percentages\n|rule|Endless Battle Clause: Forcing endless battles is banned\n|rule|OHKO Clause: OHKO moves are banned\n|rule|Evasion Moves Clause: Evasion moves are banned\n|rule|Evasion Items Clause: Evasion items are banned\n|rule|Species Clause: Limit one of each Pok\u00e9mon\n|rule|Sleep Clause Mod: Limit one foe put to sleep\n|rule|Mega Rayquaza Clause: You cannot mega evolve Rayquaza\n|clearpoke\n|poke|p1|Groudon|\n|poke|p1|Kingambit, M|\n|poke|p1|Mewtwo|\n|poke|p1|Dragonite, F|\n|poke|p1|Flutter Mane|\n|poke|p1|Ursaluna-Bloodmoon, M|\n|poke|p2|Jirachi|\n|poke|p2|Ho-Oh|\n|poke|p2|Rayquaza|\n|poke|p2|Pidgeot, M|\n|poke|p2|Lucario, M|\n|poke|p2|Luxray, M|\n|teampreview\n|\n|t:|1700582943\n|start\n|switch|p1a: Groudon|Groudon|100\/100\n|switch|p2a: OU is SDN|Jirachi|100\/100\n|detailschange|p1a: Groudon|Groudon-Primal\n|-primal|p1a: Groudon|Red Orb\n|-weather|DesolateLand|[from] ability: Desolate Land|[of] p1a: Groudon\n|turn|1\n|\n|t:|1700582954\n|switch|p2a: Clutch God|Ho-Oh|100\/100\n|move|p1a: Groudon|Eruption|p2a: Clutch God\n|-resisted|p2a: Clutch God\n|-damage|p2a: Clutch God|66\/100\n|\n|-weather|DesolateLand|[upkeep]\n|upkeep\n|turn|2\n|\n|t:|1700582974\n|-weather|none\n|switch|p1a: Ursaluna|Ursaluna-Bloodmoon, M|100\/100\n|move|p2a: Clutch God|Burn Up|p1a: Ursaluna\n|-damage|p1a: Ursaluna|23\/100\n|-start|p2a: Clutch God|typechange|???\/Flying|[from] move: Burn Up\n|\n|upkeep\n|turn|3\n|\n|t:|1700582999\n|-terastallize|p1a: Ursaluna|Ground\n|move|p2a: Clutch God|Extrasensory|p1a: Ursaluna\n|-damage|p1a: Ursaluna|0 fnt\n|faint|p1a: Ursaluna\n|\n|upkeep\n|\n|t:|1700583005\n|switch|p1a: Dragonite|Dragonite, F|100\/100\n|turn|4\n|\n|t:|1700583023\n|switch|p2a: OU is SDN|Jirachi|100\/100\n|move|p1a: Dragonite|Extreme Speed|p2a: OU is SDN\n|-resisted|p2a: OU is SDN\n|-damage|p2a: OU is SDN|87\/100\n|\n|upkeep\n|turn|5\n|\n|t:|1700583033\n|switch|p1a: Groudon|Groudon-Primal|100\/100\n|-weather|DesolateLand|[from] ability: Desolate Land|[of] p1a: Groudon\n|move|p2a: OU is SDN|Ancient Power|p1a: Groudon\n|-damage|p1a: Groudon|86\/100\n|\n|-weather|DesolateLand|[upkeep]\n|upkeep\n|turn|6\n|\n|t:|1700583041\n|switch|p2a: GOAT|Rayquaza|100\/100\n|-ability|p2a: GOAT|Air Lock\n|move|p1a: Groudon|Eruption|p2a: GOAT\n|-resisted|p2a: GOAT\n|-damage|p2a: GOAT|70\/100\n|\n|-weather|DesolateLand|[upkeep]\n|-heal|p2a: GOAT|76\/100|[from] item: Leftovers\n|upkeep\n|turn|7\n|\n|t:|1700583085\n|-weather|none\n|switch|p1a: Mewtwo|Mewtwo|100\/100\n|-ability|p1a: Mewtwo|Pressure\n|move|p2a: GOAT|Dragon Dance|p2a: GOAT\n|-boost|p2a: GOAT|atk|1\n|-boost|p2a: GOAT|spe|1\n|\n|-heal|p2a: GOAT|82\/100|[from] item: Leftovers\n|upkeep\n|turn|8\n|\n|t:|1700583107\n|detailschange|p1a: Mewtwo|Mewtwo-Mega-X\n|-mega|p1a: Mewtwo|Mewtwo|Mewtwonite X\n|-terastallize|p2a: GOAT|Flying\n|move|p2a: GOAT|Dragon Ascent|p1a: Mewtwo\n|-supereffective|p1a: Mewtwo\n|-damage|p1a: Mewtwo|0 fnt\n|-unboost|p2a: GOAT|def|1\n|-unboost|p2a: GOAT|spd|1\n|faint|p1a: Mewtwo\n|\n|-heal|p2a: GOAT|88\/100|[from] item: Leftovers\n|upkeep\n|\n|t:|1700583119\n|switch|p1a: Dragonite|Dragonite, F|100\/100\n|turn|9\n|\n|t:|1700583136\n|move|p2a: GOAT|Ice Beam|p1a: Dragonite\n|-supereffective|p1a: Dragonite\n|-damage|p1a: Dragonite|32\/100\n|move|p1a: Dragonite|Dragon Claw|p2a: GOAT\n|-damage|p2a: GOAT|27\/100\n|\n|-heal|p2a: GOAT|33\/100|[from] item: Leftovers\n|-heal|p1a: Dragonite|38\/100|[from] item: Leftovers\n|upkeep\n|turn|10\n|\n|t:|1700583149\n|move|p2a: GOAT|Extreme Speed|p1a: Dragonite\n|-damage|p1a: Dragonite|4\/100\n|move|p1a: Dragonite|Extreme Speed|p2a: GOAT\n|-damage|p2a: GOAT|0 fnt\n|faint|p2a: GOAT\n|\n|-heal|p1a: Dragonite|10\/100|[from] item: Leftovers\n|upkeep\n|\n|t:|1700583159\n|switch|p2a: PU your mom|Luxray, M, shiny|100\/100\n|turn|11\n|\n|t:|1700583165\n|move|p1a: Dragonite|Extreme Speed|p2a: PU your mom\n|-damage|p2a: PU your mom|64\/100\n|move|p2a: PU your mom|Agility|p2a: PU your mom\n|-boost|p2a: PU your mom|spe|2\n|\n|-heal|p1a: Dragonite|16\/100|[from] item: Leftovers\n|upkeep\n|turn|12\n|\n|t:|1700583175\n|move|p1a: Dragonite|Extreme Speed|p2a: PU your mom\n|-damage|p2a: PU your mom|31\/100\n|move|p2a: PU your mom|Wild Charge|p1a: Dragonite\n|-damage|p1a: Dragonite|0 fnt\n|faint|p1a: Dragonite\n|-damage|p2a: PU your mom|28\/100|[from] Recoil\n|\n|upkeep\n|\n|t:|1700583185\n|switch|p1a: Kingambit|Kingambit, M|100\/100\n|turn|13\n|\n|t:|1700583197\n|move|p2a: PU your mom|Substitute|p2a: PU your mom\n|-start|p2a: PU your mom|Substitute\n|-damage|p2a: PU your mom|3\/100\n|move|p1a: Kingambit|Swords Dance|p1a: Kingambit\n|-boost|p1a: Kingambit|atk|2\n|\n|upkeep\n|turn|14\n|\n|t:|1700583212\n|move|p1a: Kingambit|Sucker Punch|p2a: PU your mom\n|-end|p2a: PU your mom|Substitute\n|-zpower|p2a: PU your mom\n|move|p2a: PU your mom|Gigavolt Havoc|p1a: Kingambit|[zeffect]\n|-damage|p1a: Kingambit|49\/100\n|\n|upkeep\n|turn|15\n|\n|t:|1700583233\n|move|p1a: Kingambit|Sucker Punch||[still]\n|-fail|p1a: Kingambit\n|move|p2a: PU your mom|Agility|p2a: PU your mom\n|-boost|p2a: PU your mom|spe|2\n|\n|upkeep\n|turn|16\n|\n|t:|1700583245\n|move|p2a: PU your mom|Agility|p2a: PU your mom\n|-boost|p2a: PU your mom|spe|2\n|move|p1a: Kingambit|Toxic|p2a: PU your mom\n|-status|p2a: PU your mom|tox\n|\n|-damage|p2a: PU your mom|0 fnt|[from] psn\n|faint|p2a: PU your mom\n|upkeep\n|\n|t:|1700583257\n|switch|p2a: OU is SDN|Jirachi|87\/100\n|turn|17\n|\n|t:|1700583286\n|switch|p1a: Groudon|Groudon-Primal|86\/100\n|-weather|DesolateLand|[from] ability: Desolate Land|[of] p1a: Groudon\n|move|p2a: OU is SDN|Wish|p2a: OU is SDN\n|\n|-weather|DesolateLand|[upkeep]\n|upkeep\n|turn|18\n|\n|t:|1700583299\n|switch|p2a: Clutch God|Ho-Oh|99\/100\n|move|p1a: Groudon|Eruption|p2a: Clutch God\n|-resisted|p2a: Clutch God\n|-damage|p2a: Clutch God|73\/100\n|\n|-weather|DesolateLand|[upkeep]\n|-heal|p2a: Clutch God|100\/100|[from] move: Wish|[wisher] OU is SDN\n|upkeep\n|turn|19\n|\n|t:|1700583312\n|move|p2a: Clutch God|Burn Up|p1a: Groudon\n|-resisted|p1a: Groudon\n|-damage|p1a: Groudon|34\/100\n|-start|p2a: Clutch God|typechange|???\/Flying|[from] move: Burn Up\n|move|p1a: Groudon|Bulk Up|p1a: Groudon\n|-boost|p1a: Groudon|atk|1\n|-boost|p1a: Groudon|def|1\n|\n|-weather|DesolateLand|[upkeep]\n|upkeep\n|turn|20\n|\n|t:|1700583323\n|-weather|none\n|switch|p1a: Flutter Mane|Flutter Mane|100\/100\n|move|p2a: Clutch God|Earthquake|p1a: Flutter Mane\n|-damage|p1a: Flutter Mane|57\/100\n|\n|upkeep\n|turn|21\n|\n|t:|1700583350\n|move|p1a: Flutter Mane|Psyshock|p2a: Clutch God\n|-damage|p2a: Clutch God|80\/100\n|move|p2a: Clutch God|Extrasensory|p1a: Flutter Mane\n|-damage|p1a: Flutter Mane|29\/100\n|\n|upkeep\n|turn|22\n|\n|t:|1700583361\n|move|p1a: Flutter Mane|Dazzling Gleam|p2a: Clutch God\n|-damage|p2a: Clutch God|58\/100\n|move|p2a: Clutch God|Sacred Fire|p1a: Flutter Mane\n|-damage|p1a: Flutter Mane|0 fnt\n|faint|p1a: Flutter Mane\n|-end|p1a: Flutter Mane|Protosynthesis|[silent]\n|\n|upkeep\n|\n|t:|1700583368\n|switch|p1a: Groudon|Groudon-Primal|34\/100\n|-weather|DesolateLand|[from] ability: Desolate Land|[of] p1a: Groudon\n|turn|23\n|\n|t:|1700583374\n|move|p2a: Clutch God|Earthquake|p1a: Groudon\n|-supereffective|p1a: Groudon\n|-damage|p1a: Groudon|0 fnt\n|faint|p1a: Groudon\n|-weather|none\n|\n|upkeep\n|-message|ItzNotGhost_DD forfeited.\n|\n|win|aquiles meo\n|raw|ItzNotGhost_DD's rating: 1066 &rarr; <strong>1049<\/strong><br \/>(-17 for losing)\n|raw|aquiles meo's rating: 1118 &rarr; <strong>1139<\/strong><br \/>(+21 for winning)\n|l|\u2606ItzNotGhost_DD\n","uploadtime":1700583393,"views":0,"p1id":"itznotghostdd","p2id":"aquilesmeo","formatid":"gen9nationaldexubers","rating":1049,"private":0,"password":""}