{"id":"gen9nationaldexubers-1994174498","p1":"Oraclus","p2":"Champ Bogar","format":"[Gen 9] National Dex Ubers","log":"|j|\u2606Oraclus\n|j|\u2606Champ Bogar\n|t:|1700415409\n|gametype|singles\n|player|p1|Oraclus|169|\n|player|p2|Champ Bogar|cynthia|\n|teamsize|p1|6\n|teamsize|p2|6\n|gen|9\n|tier|[Gen 9] National Dex Ubers\n|rule|HP Percentage Mod: HP is shown in percentages\n|rule|Endless Battle Clause: Forcing endless battles is banned\n|rule|OHKO Clause: OHKO moves are banned\n|rule|Evasion Moves Clause: Evasion moves are banned\n|rule|Evasion Items Clause: Evasion items are banned\n|rule|Species Clause: Limit one of each Pok\u00e9mon\n|rule|Sleep Clause Mod: Limit one foe put to sleep\n|rule|Mega Rayquaza Clause: You cannot mega evolve Rayquaza\n|clearpoke\n|poke|p1|Breloom, M|\n|poke|p1|Coalossal, M|\n|poke|p1|Torterra, M|\n|poke|p1|Venusaur, F|\n|poke|p1|Ogerpon-Cornerstone, F|\n|poke|p1|Shaymin-Sky|\n|poke|p2|Ninetales-Alola, F|\n|poke|p2|Slowking-Galar, M|\n|poke|p2|Moltres|\n|poke|p2|Iron Valiant|\n|poke|p2|Kyurem-Black|\n|poke|p2|Scizor, F|\n|teampreview\n|inactive|Battle timer is ON: inactive players will automatically lose when time's up. (requested by Champ Bogar)\n|\n|t:|1700415429\n|start\n|switch|p1a: Breloom|Breloom, M, shiny|100\/100\n|switch|p2a: Kyurem|Kyurem-Black, shiny|100\/100\n|-ability|p2a: Kyurem|Teravolt\n|turn|1\n|\n|t:|1700415438\n|move|p2a: Kyurem|Icicle Spear|p1a: Breloom\n|-supereffective|p1a: Breloom\n|-damage|p1a: Breloom|55\/100\n|-supereffective|p1a: Breloom\n|-damage|p1a: Breloom|6\/100\n|-supereffective|p1a: Breloom\n|-damage|p1a: Breloom|0 fnt\n|faint|p1a: Breloom\n|-hitcount|p1: Breloom|3\n|\n|upkeep\n|\n|t:|1700415449\n|switch|p1a: Ogerpon|Ogerpon-Cornerstone, F|100\/100\n|turn|2\n|\n|t:|1700415461\n|switch|p2a: Slowking|Slowking-Galar, M, shiny|100\/100\n|move|p1a: Ogerpon|Knock Off|p2a: Slowking\n|-supereffective|p2a: Slowking\n|-damage|p2a: Slowking|45\/100\n|-enditem|p2a: Slowking|Heavy-Duty Boots|[from] move: Knock Off|[of] p1a: Ogerpon\n|\n|upkeep\n|turn|3\n|\n|t:|1700415483\n|move|p1a: Ogerpon|Ivy Cudgel|p2a: Slowking|[anim] Ivy Cudgel Rock\n|-damage|p2a: Slowking|2\/100\n|move|p2a: Slowking|Sludge Bomb|p1a: Ogerpon\n|-crit|p1a: Ogerpon\n|-damage|p1a: Ogerpon|44\/100\n|\n|upkeep\n|turn|4\n|inactive|Champ Bogar has 270 seconds left.\n|\n|t:|1700415508\n|switch|p2a: Scizor|Scizor, F, shiny|100\/100\n|move|p1a: Ogerpon|Trailblaze|p2a: Scizor\n|-resisted|p2a: Scizor\n|-damage|p2a: Scizor|94\/100\n|-boost|p1a: Ogerpon|spe|1\n|\n|upkeep\n|turn|5\n|inactive|Champ Bogar has 270 seconds left.\n|\n|t:|1700415514\n|detailschange|p2a: Scizor|Scizor-Mega, F, shiny\n|-mega|p2a: Scizor|Scizor|Scizorite\n|move|p2a: Scizor|Bullet Punch|p1a: Ogerpon\n|-supereffective|p1a: Ogerpon\n|-damage|p1a: Ogerpon|0 fnt\n|faint|p1a: Ogerpon\n|\n|upkeep\n|\n|t:|1700415519\n|switch|p1a: Coalossal|Coalossal, M, shiny|100\/100\n|turn|6\n|\n|t:|1700415529\n|switch|p2a: Ninetales|Ninetales-Alola, F, shiny|100\/100\n|-weather|Snow|[from] ability: Snow Warning|[of] p2a: Ninetales\n|-terastallize|p1a: Coalossal|Grass\n|move|p1a: Coalossal|Flamethrower|p2a: Ninetales\n|-supereffective|p2a: Ninetales\n|-damage|p2a: Ninetales|50\/100\n|\n|-weather|Snow|[upkeep]\n|upkeep\n|turn|7\n|\n|t:|1700415539\n|move|p2a: Ninetales|Aurora Veil|p2a: Ninetales\n|-sidestart|p2: Champ Bogar|move: Aurora Veil\n|move|p1a: Coalossal|Flamethrower|p2a: Ninetales\n|-supereffective|p2a: Ninetales\n|-damage|p2a: Ninetales|27\/100\n|\n|-weather|Snow|[upkeep]\n|upkeep\n|turn|8\n|\n|t:|1700415547\n|move|p2a: Ninetales|Blizzard|p1a: Coalossal\n|-supereffective|p1a: Coalossal\n|-damage|p1a: Coalossal|59\/100\n|-enditem|p1a: Coalossal|Weakness Policy\n|-boost|p1a: Coalossal|atk|2|[from] item: Weakness Policy\n|-boost|p1a: Coalossal|spa|2|[from] item: Weakness Policy\n|move|p1a: Coalossal|Reflect|p1a: Coalossal\n|-sidestart|p1: Oraclus|Reflect\n|\n|-weather|Snow|[upkeep]\n|upkeep\n|turn|9\n|\n|t:|1700415558\n|move|p2a: Ninetales|Encore|p1a: Coalossal\n|-start|p1a: Coalossal|Encore\n|move|p1a: Coalossal|Reflect||[still]\n|-fail|p1a: Coalossal\n|\n|-weather|Snow|[upkeep]\n|upkeep\n|turn|10\n|\n|t:|1700415570\n|switch|p2a: Kyurem|Kyurem-Black, shiny|100\/100\n|-ability|p2a: Kyurem|Teravolt\n|move|p1a: Coalossal|Reflect||[still]\n|-fail|p1a: Coalossal\n|\n|-weather|none\n|upkeep\n|turn|11\n|\n|t:|1700415576\n|move|p2a: Kyurem|Dragon Dance|p2a: Kyurem\n|-boost|p2a: Kyurem|atk|1\n|-boost|p2a: Kyurem|spe|1\n|move|p1a: Coalossal|Reflect||[still]\n|-fail|p1a: Coalossal\n|\n|-end|p1a: Coalossal|Encore\n|upkeep\n|turn|12\n|\n|t:|1700415585\n|move|p2a: Kyurem|Icicle Spear|p1a: Coalossal\n|-supereffective|p1a: Coalossal\n|-damage|p1a: Coalossal|40\/100\n|-supereffective|p1a: Coalossal\n|-damage|p1a: Coalossal|25\/100\n|-supereffective|p1a: Coalossal\n|-damage|p1a: Coalossal|8\/100\n|-supereffective|p1a: Coalossal\n|-damage|p1a: Coalossal|0 fnt\n|faint|p1a: Coalossal\n|-hitcount|p1: Coalossal|4\n|\n|-sideend|p1: Oraclus|Reflect\n|upkeep\n|\n|t:|1700415590\n|switch|p1a: Venusaur|Venusaur, F, shiny|100\/100\n|turn|13\n|\n|t:|1700415595\n|detailschange|p1a: Venusaur|Venusaur-Mega, F, shiny\n|-mega|p1a: Venusaur|Venusaur|Venusaurite\n|move|p2a: Kyurem|Icicle Spear|p1a: Venusaur\n|-supereffective|p1a: Venusaur\n|-damage|p1a: Venusaur|67\/100\n|-supereffective|p1a: Venusaur\n|-damage|p1a: Venusaur|33\/100\n|-supereffective|p1a: Venusaur\n|-damage|p1a: Venusaur|0 fnt\n|faint|p1a: Venusaur\n|-hitcount|p1: Venusaur|3\n|\n|upkeep\n|\n|t:|1700415601\n|switch|p1a: Shaymin|Shaymin-Sky, shiny|100\/100\n|turn|14\n|\n|t:|1700415604\n|move|p2a: Kyurem|Icicle Spear|p1a: Shaymin\n|-supereffective|p1a: Shaymin\n|-damage|p1a: Shaymin|0 fnt\n|faint|p1a: Shaymin\n|-hitcount|p1: Shaymin|1\n|\n|-sideend|p2: Champ Bogar|move: Aurora Veil\n|upkeep\n|\n|t:|1700415608\n|switch|p1a: Torterra|Torterra, M, shiny|100\/100\n|turn|15\n|\n|t:|1700415612\n|move|p2a: Kyurem|Icicle Spear|p1a: Torterra\n|-supereffective|p1a: Torterra\n|-enditem|p1a: Torterra|Focus Sash\n|-damage|p1a: Torterra|1\/100\n|-supereffective|p1a: Torterra\n|-damage|p1a: Torterra|0 fnt\n|faint|p1a: Torterra\n|-hitcount|p1: Torterra|2\n|\n|win|Champ Bogar\n|c|\u2606Champ Bogar|gg\n","uploadtime":1700415616,"views":7,"p1id":"oraclus","p2id":"champbogar","formatid":"gen9nationaldexubers","rating":0,"private":0,"password":""}