{"id":"gen9nationaldexubers-1994437947","p1":"Sael Corr","p2":"wdymthenameisthere","format":"[Gen 9] National Dex Ubers","log":"|j|\u2606Sael Corr\n|j|\u2606wdymthenameisthere\n|t:|1700443918\n|gametype|singles\n|player|p1|Sael Corr|102|1004\n|player|p2|wdymthenameisthere|volkner|1124\n|teamsize|p1|6\n|teamsize|p2|6\n|gen|9\n|tier|[Gen 9] National Dex Ubers\n|rated|\n|rule|HP Percentage Mod: HP is shown in percentages\n|rule|Endless Battle Clause: Forcing endless battles is banned\n|rule|OHKO Clause: OHKO moves are banned\n|rule|Evasion Moves Clause: Evasion moves are banned\n|rule|Evasion Items Clause: Evasion items are banned\n|rule|Species Clause: Limit one of each Pok\u00e9mon\n|rule|Sleep Clause Mod: Limit one foe put to sleep\n|rule|Mega Rayquaza Clause: You cannot mega evolve Rayquaza\n|clearpoke\n|poke|p1|Solgaleo|\n|poke|p1|Lunala|\n|poke|p1|Naganadel|\n|poke|p1|Enamorus, F|\n|poke|p1|Venusaur, M|\n|poke|p1|Thundurus, M|\n|poke|p2|Dracovish|\n|poke|p2|Eternatus|\n|poke|p2|Kingambit, M|\n|poke|p2|Ferrothorn, F|\n|poke|p2|Groudon|\n|poke|p2|Calyrex-Ice|\n|teampreview\n|\n|t:|1700443925\n|start\n|switch|p1a: Venusaur|Venusaur, M|100\/100\n|switch|p2a: what is this|Ferrothorn, F, shiny|100\/100\n|turn|1\n|\n|t:|1700443935\n|detailschange|p1a: Venusaur|Venusaur-Mega, M\n|-mega|p1a: Venusaur|Venusaur|Venusaurite\n|move|p1a: Venusaur|Knock Off|p2a: what is this\n|-damage|p2a: what is this|83\/100\n|-damage|p1a: Venusaur|88\/100|[from] ability: Iron Barbs|[of] p2a: what is this\n|-damage|p1a: Venusaur|72\/100|[from] item: Rocky Helmet|[of] p2a: what is this\n|-enditem|p2a: what is this|Rocky Helmet|[from] move: Knock Off|[of] p1a: Venusaur\n|move|p2a: what is this|Leech Seed|p1a: Venusaur\n|-immune|p1a: Venusaur\n|\n|upkeep\n|turn|2\n|\n|t:|1700443947\n|switch|p1a: Enamorus|Enamorus, F|100\/100\n|move|p2a: what is this|Stealth Rock|p1a: Enamorus\n|-sidestart|p1: Sael Corr|move: Stealth Rock\n|\n|upkeep\n|turn|3\n|\n|t:|1700443957\n|move|p1a: Enamorus|Mystical Fire|p2a: what is this\n|-supereffective|p2a: what is this\n|-damage|p2a: what is this|0 fnt\n|faint|p2a: what is this\n|\n|upkeep\n|\n|t:|1700443962\n|switch|p2a: Based|Kingambit, M|100\/100\n|-activate|p2a: Based|ability: Supreme Overlord\n|-start|p2a: Based|fallen1|[silent]\n|turn|4\n|\n|t:|1700443968\n|move|p1a: Enamorus|Mystical Fire|p2a: Based\n|-supereffective|p2a: Based\n|-damage|p2a: Based|48\/100\n|-unboost|p2a: Based|spa|1\n|move|p2a: Based|Knock Off|p1a: Enamorus\n|-resisted|p1a: Enamorus\n|-damage|p1a: Enamorus|49\/100\n|-enditem|p1a: Enamorus|Aguav Berry|[from] move: Knock Off|[of] p2a: Based\n|\n|upkeep\n|turn|5\n|\n|t:|1700443977\n|move|p2a: Based|Sucker Punch|p1a: Enamorus\n|-resisted|p1a: Enamorus\n|-damage|p1a: Enamorus|13\/100\n|move|p1a: Enamorus|Mystical Fire|p2a: Based\n|-supereffective|p2a: Based\n|-damage|p2a: Based|0 fnt\n|faint|p2a: Based\n|-end|p2a: Based|fallen1|[silent]\n|\n|upkeep\n|\n|t:|1700443984\n|switch|p2a: Abomination|Dracovish, shiny|100\/100\n|turn|6\n|\n|t:|1700443990\n|-terastallize|p2a: Abomination|Water\n|move|p2a: Abomination|Fishious Rend|p1a: Enamorus\n|-damage|p1a: Enamorus|0 fnt\n|faint|p1a: Enamorus\n|\n|upkeep\n|\n|t:|1700443997\n|switch|p1a: Venusaur|Venusaur-Mega, M|72\/100\n|-damage|p1a: Venusaur|59\/100|[from] Stealth Rock\n|turn|7\n|\n|t:|1700444003\n|move|p2a: Abomination|Fishious Rend|p1a: Venusaur\n|-resisted|p1a: Venusaur\n|-damage|p1a: Venusaur|0 fnt\n|faint|p1a: Venusaur\n|\n|upkeep\n|\n|t:|1700444007\n|switch|p1a: Thundurus|Thundurus, M|100\/100\n|-damage|p1a: Thundurus|76\/100|[from] Stealth Rock\n|turn|8\n|\n|t:|1700444011\n|move|p2a: Abomination|Fishious Rend|p1a: Thundurus\n|-damage|p1a: Thundurus|0 fnt\n|faint|p1a: Thundurus\n|\n|upkeep\n|\n|t:|1700444015\n|switch|p1a: Solgaleo|Solgaleo|100\/100\n|-damage|p1a: Solgaleo|94\/100|[from] Stealth Rock\n|turn|9\n|\n|t:|1700444019\n|move|p2a: Abomination|Fishious Rend|p1a: Solgaleo\n|-damage|p1a: Solgaleo|0 fnt\n|faint|p1a: Solgaleo\n|\n|upkeep\n|\n|t:|1700444023\n|switch|p1a: Lunala|Lunala|100\/100\n|-damage|p1a: Lunala|88\/100|[from] Stealth Rock\n|turn|10\n|\n|t:|1700444027\n|move|p2a: Abomination|Fishious Rend|p1a: Lunala\n|-damage|p1a: Lunala|0 fnt\n|faint|p1a: Lunala\n|\n|upkeep\n|\n|t:|1700444031\n|switch|p1a: Naganadel|Naganadel|100\/100\n|-damage|p1a: Naganadel|88\/100|[from] Stealth Rock\n|turn|11\n|\n|t:|1700444037\n|move|p2a: Abomination|Fishious Rend|p1a: Naganadel\n|-resisted|p1a: Naganadel\n|-damage|p1a: Naganadel|0 fnt\n|faint|p1a: Naganadel\n|\n|win|wdymthenameisthere\n|raw|Sael Corr's rating: 1004 &rarr; <strong>1000<\/strong><br \/>(-4 for losing)\n|raw|wdymthenameisthere's rating: 1124 &rarr; <strong>1141<\/strong><br \/>(+17 for winning)\n|l|\u2606Sael Corr\n","uploadtime":1700444043,"views":4,"p1id":"saelcorr","p2id":"wdymthenameisthere","formatid":"gen9nationaldexubers","rating":1000,"private":0,"password":""}