{"id":"gen9nationaldexubers-1993742014","p1":"cherrycarrot_241","p2":"Vecol","format":"[Gen 9] National Dex Ubers","log":"|j|\u2606cherrycarrot_241\n|j|\u2606Vecol\n|t:|1700351820\n|gametype|singles\n|player|p1|cherrycarrot_241|medium|1252\n|player|p2|Vecol|crasherwake|1226\n|teamsize|p1|6\n|teamsize|p2|6\n|gen|9\n|tier|[Gen 9] National Dex Ubers\n|rated|\n|rule|HP Percentage Mod: HP is shown in percentages\n|rule|Endless Battle Clause: Forcing endless battles is banned\n|rule|OHKO Clause: OHKO moves are banned\n|rule|Evasion Moves Clause: Evasion moves are banned\n|rule|Evasion Items Clause: Evasion items are banned\n|rule|Species Clause: Limit one of each Pok\u00e9mon\n|rule|Sleep Clause Mod: Limit one foe put to sleep\n|rule|Mega Rayquaza Clause: You cannot mega evolve Rayquaza\n|clearpoke\n|poke|p1|Zacian-*|\n|poke|p1|Xurkitree|\n|poke|p1|Ceruledge, M|\n|poke|p1|Baxcalibur, M|\n|poke|p1|Kyogre|\n|poke|p1|Iron Valiant|\n|poke|p2|Kyurem-Black|\n|poke|p2|Slurpuff, F|\n|poke|p2|Arceus-Fairy|\n|poke|p2|Necrozma-Dusk-Mane|\n|poke|p2|Blastoise, M|\n|poke|p2|Zacian-*|\n|teampreview\n|inactive|Battle timer is ON: inactive players will automatically lose when time's up. (requested by Vecol)\n|\n|t:|1700351828\n|start\n|switch|p1a: Zacian|Zacian-Crowned|100\/100\n|switch|p2a: Slurpuff|Slurpuff, F|100\/100\n|-ability|p1a: Zacian|Intrepid Sword|boost\n|-boost|p1a: Zacian|atk|1\n|turn|1\n|\n|t:|1700351836\n|move|p1a: Zacian|Behemoth Blade|p2a: Slurpuff\n|-supereffective|p2a: Slurpuff\n|-enditem|p2a: Slurpuff|Focus Sash\n|-damage|p2a: Slurpuff|1\/100\n|move|p2a: Slurpuff|Sticky Web|p1a: Zacian\n|-sidestart|p1: cherrycarrot_241|move: Sticky Web\n|\n|upkeep\n|turn|2\n|\n|t:|1700351843\n|move|p2a: Slurpuff|Endeavor|p1a: Zacian\n|-damage|p1a: Zacian|1\/100\n|move|p1a: Zacian|Behemoth Blade|p2a: Slurpuff\n|-supereffective|p2a: Slurpuff\n|-damage|p2a: Slurpuff|0 fnt\n|faint|p2a: Slurpuff\n|\n|upkeep\n|\n|t:|1700351858\n|switch|p2a: Zacian|Zacian-Crowned|100\/100\n|-ability|p2a: Zacian|Intrepid Sword|boost\n|-boost|p2a: Zacian|atk|1\n|turn|3\n|\n|t:|1700351868\n|-terastallize|p1a: Zacian|Fighting\n|move|p2a: Zacian|Behemoth Blade|p1a: Zacian\n|-damage|p1a: Zacian|0 fnt\n|faint|p1a: Zacian\n|\n|upkeep\n|\n|t:|1700351880\n|switch|p1a: Ceruledge|Ceruledge, M, shiny|100\/100\n|-activate|p1a: Ceruledge|move: Sticky Web\n|-unboost|p1a: Ceruledge|spe|1\n|turn|4\n|\n|t:|1700351893\n|switch|p2a: Arceus|Arceus-Fairy|100\/100\n|move|p1a: Ceruledge|Bitter Blade|p2a: Arceus\n|-damage|p2a: Arceus|58\/100\n|-damage|p1a: Ceruledge|91\/100|[from] item: Life Orb\n|\n|upkeep\n|turn|5\n|\n|t:|1700351901\n|move|p2a: Arceus|Cosmic Power|p2a: Arceus\n|-boost|p2a: Arceus|def|1\n|-boost|p2a: Arceus|spd|1\n|move|p1a: Ceruledge|Poison Jab|p2a: Arceus\n|-supereffective|p2a: Arceus\n|-damage|p2a: Arceus|25\/100\n|-damage|p1a: Ceruledge|81\/100|[from] item: Life Orb\n|\n|upkeep\n|turn|6\n|\n|t:|1700351909\n|move|p2a: Arceus|Recover|p2a: Arceus\n|-heal|p2a: Arceus|75\/100\n|move|p1a: Ceruledge|Bitter Blade|p2a: Arceus\n|-damage|p2a: Arceus|44\/100\n|-heal|p1a: Ceruledge|100\/100|[from] drain|[of] p2a: Arceus\n|-damage|p1a: Ceruledge|91\/100|[from] item: Life Orb\n|\n|upkeep\n|turn|7\n|\n|t:|1700351917\n|move|p2a: Arceus|Cosmic Power|p2a: Arceus\n|-boost|p2a: Arceus|def|1\n|-boost|p2a: Arceus|spd|1\n|move|p1a: Ceruledge|Bitter Blade|p2a: Arceus\n|-damage|p2a: Arceus|22\/100\n|-heal|p1a: Ceruledge|100\/100|[from] drain|[of] p2a: Arceus\n|-damage|p1a: Ceruledge|91\/100|[from] item: Life Orb\n|\n|upkeep\n|turn|8\n|\n|t:|1700351928\n|move|p2a: Arceus|Recover|p2a: Arceus\n|-heal|p2a: Arceus|72\/100\n|move|p1a: Ceruledge|Bitter Blade|p2a: Arceus\n|-damage|p2a: Arceus|51\/100\n|-heal|p1a: Ceruledge|100\/100|[from] drain|[of] p2a: Arceus\n|-damage|p1a: Ceruledge|91\/100|[from] item: Life Orb\n|\n|upkeep\n|turn|9\n|\n|t:|1700351938\n|move|p2a: Arceus|Cosmic Power|p2a: Arceus\n|-boost|p2a: Arceus|def|1\n|-boost|p2a: Arceus|spd|1\n|move|p1a: Ceruledge|Bitter Blade|p2a: Arceus\n|-damage|p2a: Arceus|32\/100\n|-heal|p1a: Ceruledge|100\/100|[from] drain|[of] p2a: Arceus\n|-damage|p1a: Ceruledge|91\/100|[from] item: Life Orb\n|\n|upkeep\n|turn|10\n|\n|t:|1700351946\n|move|p2a: Arceus|Recover|p2a: Arceus\n|-heal|p2a: Arceus|82\/100\n|move|p1a: Ceruledge|Bitter Blade|p2a: Arceus\n|-damage|p2a: Arceus|66\/100\n|-heal|p1a: Ceruledge|100\/100|[from] drain|[of] p2a: Arceus\n|-damage|p1a: Ceruledge|91\/100|[from] item: Life Orb\n|\n|upkeep\n|turn|11\n|\n|t:|1700351955\n|move|p2a: Arceus|Stored Power|p1a: Ceruledge\n|-damage|p1a: Ceruledge|50\/100\n|move|p1a: Ceruledge|Poison Jab|p2a: Arceus\n|-supereffective|p2a: Arceus\n|-damage|p2a: Arceus|45\/100\n|-damage|p1a: Ceruledge|40\/100|[from] item: Life Orb\n|\n|upkeep\n|turn|12\n|\n|t:|1700351963\n|move|p2a: Arceus|Stored Power|p1a: Ceruledge\n|-crit|p1a: Ceruledge\n|-damage|p1a: Ceruledge|0 fnt\n|faint|p1a: Ceruledge\n|\n|upkeep\n|\n|t:|1700351975\n|switch|p1a: frostwire|Xurkitree, shiny|100\/100\n|-activate|p1a: frostwire|move: Sticky Web\n|-unboost|p1a: frostwire|spe|1\n|turn|13\n|\n|t:|1700351982\n|move|p2a: Arceus|Recover|p2a: Arceus\n|-heal|p2a: Arceus|96\/100\n|move|p1a: frostwire|Thunder|p2a: Arceus\n|-damage|p2a: Arceus|67\/100\n|-status|p2a: Arceus|par\n|\n|upkeep\n|turn|14\n|\n|t:|1700351989\n|move|p2a: Arceus|Body Press|p1a: frostwire\n|-damage|p1a: frostwire|23\/100\n|move|p1a: frostwire|Thunder|p2a: Arceus|[miss]\n|-miss|p1a: frostwire|p2a: Arceus\n|\n|upkeep\n|turn|15\n|\n|t:|1700351995\n|move|p2a: Arceus|Body Press|p1a: frostwire\n|-damage|p1a: frostwire|0 fnt\n|faint|p1a: frostwire\n|\n|upkeep\n|\n|t:|1700352010\n|switch|p1a: Kyogre|Kyogre, shiny|100\/100\n|-activate|p1a: Kyogre|move: Sticky Web\n|-unboost|p1a: Kyogre|spe|1\n|detailschange|p1a: Kyogre|Kyogre-Primal, shiny\n|-primal|p1a: Kyogre|Blue Orb\n|-weather|PrimordialSea|[from] ability: Primordial Sea|[of] p1a: Kyogre\n|turn|16\n|\n|t:|1700352019\n|move|p1a: Kyogre|Thunder|p2a: Arceus\n|-damage|p2a: Arceus|52\/100 par\n|move|p2a: Arceus|Body Press|p1a: Kyogre\n|-damage|p1a: Kyogre|46\/100\n|\n|-weather|PrimordialSea|[upkeep]\n|upkeep\n|turn|17\n|\n|t:|1700352026\n|move|p1a: Kyogre|Thunder|p2a: Arceus\n|-damage|p2a: Arceus|38\/100 par\n|move|p2a: Arceus|Recover|p2a: Arceus\n|-heal|p2a: Arceus|88\/100 par\n|\n|-weather|PrimordialSea|[upkeep]\n|upkeep\n|turn|18\n|\n|t:|1700352032\n|move|p1a: Kyogre|Thunder|p2a: Arceus\n|-damage|p2a: Arceus|74\/100 par\n|cant|p2a: Arceus|par\n|\n|-weather|PrimordialSea|[upkeep]\n|upkeep\n|turn|19\n|\n|t:|1700352038\n|move|p2a: Arceus|Body Press|p1a: Kyogre\n|-damage|p1a: Kyogre|0 fnt\n|faint|p1a: Kyogre\n|-weather|none\n|\n|upkeep\n|\n|t:|1700352043\n|switch|p1a: Iron Valiant|Iron Valiant, shiny|100\/100\n|-activate|p1a: Iron Valiant|move: Sticky Web\n|-unboost|p1a: Iron Valiant|spe|1\n|turn|20\n|\n|t:|1700352053\n|move|p1a: Iron Valiant|Knock Off|p2a: Arceus\n|-resisted|p2a: Arceus\n|-damage|p2a: Arceus|69\/100 par\n|-damage|p1a: Iron Valiant|91\/100|[from] item: Life Orb\n|cant|p2a: Arceus|par\n|\n|upkeep\n|turn|21\n|\n|t:|1700352061\n|move|p1a: Iron Valiant|Spirit Break|p2a: Arceus\n|-damage|p2a: Arceus|57\/100 par\n|-unboost|p2a: Arceus|spa|1\n|-damage|p1a: Iron Valiant|81\/100|[from] item: Life Orb\n|move|p2a: Arceus|Stored Power|p1a: Iron Valiant\n|-supereffective|p1a: Iron Valiant\n|-damage|p1a: Iron Valiant|0 fnt\n|faint|p1a: Iron Valiant\n|-end|p1a: Iron Valiant|Quark Drive|[silent]\n|\n|upkeep\n|\n|t:|1700352070\n|switch|p1a: Baxcalibur|Baxcalibur, M, shiny|100\/100\n|-activate|p1a: Baxcalibur|move: Sticky Web\n|-unboost|p1a: Baxcalibur|spe|1\n|turn|22\n|\n|t:|1700352075\n|move|p2a: Arceus|Body Press|p1a: Baxcalibur\n|-supereffective|p1a: Baxcalibur\n|-damage|p1a: Baxcalibur|0 fnt\n|faint|p1a: Baxcalibur\n|\n|win|Vecol\n|raw|cherrycarrot_241's rating: 1252 &rarr; <strong>1225<\/strong><br \/>(-27 for losing)\n|raw|Vecol's rating: 1226 &rarr; <strong>1253<\/strong><br \/>(+27 for winning)\n|c|\u2606Vecol|Gg\n","uploadtime":1700352084,"views":26,"p1id":"cherrycarrot241","p2id":"vecol","formatid":"gen9nationaldexubers","rating":1225,"private":0,"password":""}