{"id":"gen9nationaldexubers-1986828918","p1":"topszy","p2":"Szymszym134","format":"[Gen 9] National Dex Ubers","log":"|j|\u2606topszy\n|j|\u2606Szymszym134\n|t:|1699531206\n|gametype|singles\n|player|p1|topszy|101|1748\n|player|p2|Szymszym134|elesa|1630\n|teamsize|p1|6\n|teamsize|p2|6\n|gen|9\n|tier|[Gen 9] National Dex Ubers\n|rated|\n|rule|HP Percentage Mod: HP is shown in percentages\n|rule|Endless Battle Clause: Forcing endless battles is banned\n|rule|OHKO Clause: OHKO moves are banned\n|rule|Evasion Moves Clause: Evasion moves are banned\n|rule|Evasion Items Clause: Evasion items are banned\n|rule|Species Clause: Limit one of each Pok\u00e9mon\n|rule|Sleep Clause Mod: Limit one foe put to sleep\n|rule|Mega Rayquaza Clause: You cannot mega evolve Rayquaza\n|clearpoke\n|poke|p1|Yveltal|\n|poke|p1|Groudon|\n|poke|p1|Marshadow|\n|poke|p1|Ho-Oh|\n|poke|p1|Xerneas-*|\n|poke|p1|Zygarde|\n|poke|p2|Mewtwo|\n|poke|p2|Kingambit, M|\n|poke|p2|Garganacl, F|\n|poke|p2|Arceus-Fairy|\n|poke|p2|Ditto|\n|poke|p2|Kyurem-Black|\n|teampreview\n|inactive|Battle timer is ON: inactive players will automatically lose when time's up. (requested by Szymszym134)\n|c|\u2606Szymszym134|Witam\n|c|\u2606Szymszym134|Co\n|c|\u2606Szymszym134|Tam\n|c|\u2606Szymszym134|Jak tam\n|inactive|topszy has 120 seconds left.\n|inactive|Szymszym134 has 120 seconds left.\n|c|\u2606topszy|SIEMA\n|\n|t:|1699531240\n|start\n|switch|p1a: Groudon|Groudon|100\/100\n|switch|p2a: Kyurem|Kyurem-Black|100\/100\n|-ability|p2a: Kyurem|Teravolt\n|detailschange|p1a: Groudon|Groudon-Primal\n|-primal|p1a: Groudon|Red Orb\n|-weather|DesolateLand|[from] ability: Desolate Land|[of] p1a: Groudon\n|turn|1\n|\n|t:|1699531260\n|move|p2a: Kyurem|Substitute|p2a: Kyurem\n|-start|p2a: Kyurem|Substitute\n|-damage|p2a: Kyurem|76\/100\n|move|p1a: Groudon|Rock Polish|p1a: Groudon\n|-boost|p1a: Groudon|spe|2\n|\n|-weather|DesolateLand|[upkeep]\n|upkeep\n|turn|2\n|\n|t:|1699531265\n|move|p1a: Groudon|Heat Crash|p2a: Kyurem\n|-end|p2a: Kyurem|Substitute\n|move|p2a: Kyurem|Dragon Dance|p2a: Kyurem\n|-boost|p2a: Kyurem|atk|1\n|-boost|p2a: Kyurem|spe|1\n|\n|-weather|DesolateLand|[upkeep]\n|upkeep\n|turn|3\n|\n|t:|1699531271\n|move|p1a: Groudon|Heat Crash|p2a: Kyurem\n|-damage|p2a: Kyurem|5\/100\n|move|p2a: Kyurem|Icicle Spear|p1a: Groudon\n|-damage|p1a: Groudon|81\/100\n|-damage|p1a: Groudon|60\/100\n|-damage|p1a: Groudon|39\/100\n|-damage|p1a: Groudon|17\/100\n|-hitcount|p1a: Groudon|4\n|-damage|p2a: Kyurem|0 fnt|[from] item: Life Orb\n|faint|p2a: Kyurem\n|\n|-weather|DesolateLand|[upkeep]\n|upkeep\n|\n|t:|1699531277\n|switch|p2a: Ditto|Ditto|100\/100\n|-transform|p2a: Ditto|p1a: Groudon|[from] ability: Imposter\n|turn|4\n|\n|t:|1699531282\n|switch|p1a: Zygarde|Zygarde|100\/100\n|move|p2a: Ditto|Precipice Blades|p1a: Zygarde\n|-damage|p1a: Zygarde|55\/100\n|\n|-weather|DesolateLand|[upkeep]\n|-heal|p1a: Zygarde|62\/100|[from] item: Leftovers\n|upkeep\n|turn|5\n|\n|t:|1699531285\n|-weather|none\n|switch|p2a: Arceus|Arceus-Fairy|100\/100\n|move|p1a: Zygarde|Glare|p2a: Arceus\n|-status|p2a: Arceus|par\n|\n|-heal|p1a: Zygarde|68\/100|[from] item: Leftovers\n|upkeep\n|turn|6\n|\n|t:|1699531293\n|switch|p1a: Ho-Oh|Ho-Oh|100\/100\n|move|p2a: Arceus|Toxic|p1a: Ho-Oh\n|-status|p1a: Ho-Oh|tox\n|\n|-damage|p1a: Ho-Oh|94\/100 tox|[from] psn\n|upkeep\n|turn|7\n|\n|t:|1699531296\n|switch|p2a: Garganacl|Garganacl, F|100\/100\n|move|p1a: Ho-Oh|Sacred Fire|p2a: Garganacl\n|-resisted|p2a: Garganacl\n|-damage|p2a: Garganacl|88\/100\n|\n|-heal|p2a: Garganacl|94\/100|[from] item: Leftovers\n|-damage|p1a: Ho-Oh|82\/100 tox|[from] psn\n|upkeep\n|turn|8\n|\n|t:|1699531298\n|move|p1a: Ho-Oh|Toxic|p2a: Garganacl\n|-immune|p2a: Garganacl|[from] ability: Purifying Salt\n|move|p2a: Garganacl|Salt Cure|p1a: Ho-Oh\n|-supereffective|p1a: Ho-Oh\n|-damage|p1a: Ho-Oh|36\/100 tox\n|-start|p1a: Ho-Oh|Salt Cure\n|\n|-heal|p2a: Garganacl|100\/100|[from] item: Leftovers\n|-damage|p1a: Ho-Oh|18\/100 tox|[from] psn\n|-damage|p1a: Ho-Oh|6\/100 tox|[from] Salt Cure\n|upkeep\n|turn|9\n|\n|t:|1699531301\n|switch|p1a: Zygarde|Zygarde|68\/100\n|move|p2a: Garganacl|Salt Cure|p1a: Zygarde\n|-resisted|p1a: Zygarde\n|-damage|p1a: Zygarde|64\/100\n|-start|p1a: Zygarde|Salt Cure\n|\n|-heal|p1a: Zygarde|70\/100|[from] item: Leftovers\n|-damage|p1a: Zygarde|58\/100|[from] Salt Cure\n|upkeep\n|turn|10\n|\n|t:|1699531317\n|move|p1a: Zygarde|Coil|p1a: Zygarde\n|-boost|p1a: Zygarde|atk|1\n|-boost|p1a: Zygarde|def|1\n|-boost|p1a: Zygarde|accuracy|1\n|move|p2a: Garganacl|Stealth Rock|p1a: Zygarde\n|-sidestart|p1: topszy|move: Stealth Rock\n|\n|-heal|p1a: Zygarde|64\/100|[from] item: Leftovers\n|-damage|p1a: Zygarde|52\/100|[from] Salt Cure\n|upkeep\n|turn|11\n|\n|t:|1699531320\n|switch|p2a: Arceus|Arceus-Fairy|100\/100 par\n|move|p1a: Zygarde|Thousand Arrows|p2a: Arceus\n|-damage|p2a: Arceus|73\/100 par\n|\n|-heal|p1a: Zygarde|58\/100|[from] item: Leftovers\n|-damage|p1a: Zygarde|45\/100|[from] Salt Cure\n|-activate|p1a: Zygarde|ability: Power Construct\n|detailschange|p1a: Zygarde|Zygarde-Complete\n|-heal|p1a: Zygarde|64\/100|[silent]\n|upkeep\n|turn|12\n|\n|t:|1699531325\n|switch|p1a: Ho-Oh|Ho-Oh|39\/100 tox\n|cant|p2a: Arceus|par\n|\n|-damage|p1a: Ho-Oh|33\/100 tox|[from] psn\n|upkeep\n|turn|13\n|\n|t:|1699531332\n|switch|p1a: Groudon|Groudon-Primal|17\/100\n|-damage|p1a: Groudon|5\/100|[from] Stealth Rock\n|-weather|DesolateLand|[from] ability: Desolate Land|[of] p1a: Groudon\n|move|p2a: Arceus|Judgment|p1a: Groudon\n|-resisted|p1a: Groudon\n|-damage|p1a: Groudon|0 fnt\n|faint|p1a: Groudon\n|-weather|none\n|\n|upkeep\n|\n|t:|1699531339\n|switch|p1a: Xerneas|Xerneas|100\/100\n|-damage|p1a: Xerneas|88\/100|[from] Stealth Rock\n|-ability|p1a: Xerneas|Fairy Aura\n|turn|14\n|\n|t:|1699531343\n|move|p1a: Xerneas|Moonblast|p2a: Arceus\n|-damage|p2a: Arceus|31\/100 par\n|-unboost|p2a: Arceus|spa|1\n|move|p2a: Arceus|Judgment|p1a: Xerneas\n|-damage|p1a: Xerneas|50\/100\n|\n|upkeep\n|turn|15\n|\n|t:|1699531358\n|switch|p2a: Mewtwo|Mewtwo|100\/100\n|-ability|p2a: Mewtwo|Unnerve\n|move|p1a: Xerneas|Moonblast|p2a: Mewtwo\n|-damage|p2a: Mewtwo|28\/100\n|\n|upkeep\n|turn|16\n|\n|t:|1699531364\n|detailschange|p2a: Mewtwo|Mewtwo-Mega-Y\n|-mega|p2a: Mewtwo|Mewtwo|Mewtwonite Y\n|move|p1a: Xerneas|Moonblast|p2a: Mewtwo\n|-damage|p2a: Mewtwo|0 fnt\n|faint|p2a: Mewtwo\n|\n|upkeep\n|\n|t:|1699531372\n|switch|p2a: Kingambit|Kingambit, M|100\/100\n|-activate|p2a: Kingambit|ability: Supreme Overlord\n|-start|p2a: Kingambit|fallen2|[silent]\n|turn|17\n|\n|t:|1699531374\n|move|p1a: Xerneas|Moonblast|p2a: Kingambit\n|-damage|p2a: Kingambit|40\/100\n|move|p2a: Kingambit|Iron Head|p1a: Xerneas\n|-supereffective|p1a: Xerneas\n|-damage|p1a: Xerneas|0 fnt\n|faint|p1a: Xerneas\n|\n|upkeep\n|\n|t:|1699531386\n|switch|p1a: Zygarde|Zygarde-Complete|64\/100\n|-damage|p1a: Zygarde|58\/100|[from] Stealth Rock\n|turn|18\n|\n|t:|1699531389\n|-end|p2a: Kingambit|fallen2|[silent]\n|switch|p2a: Arceus|Arceus-Fairy|31\/100 par\n|move|p1a: Zygarde|Thousand Arrows|p2a: Arceus\n|-damage|p2a: Arceus|15\/100 par\n|\n|-heal|p1a: Zygarde|64\/100|[from] item: Leftovers\n|upkeep\n|turn|19\n|\n|t:|1699531392\n|move|p1a: Zygarde|Thousand Arrows|p2a: Arceus\n|-damage|p2a: Arceus|0 fnt\n|faint|p2a: Arceus\n|\n|-heal|p1a: Zygarde|70\/100|[from] item: Leftovers\n|upkeep\n|\n|t:|1699531398\n|switch|p2a: Kingambit|Kingambit, M|40\/100\n|-activate|p2a: Kingambit|ability: Supreme Overlord\n|-start|p2a: Kingambit|fallen3|[silent]\n|turn|20\n|\n|t:|1699531402\n|-terastallize|p2a: Kingambit|Dark\n|move|p1a: Zygarde|Thousand Arrows|p2a: Kingambit\n|-crit|p2a: Kingambit\n|-damage|p2a: Kingambit|7\/100\n|move|p2a: Kingambit|Swords Dance|p2a: Kingambit\n|-boost|p2a: Kingambit|atk|2\n|\n|-heal|p1a: Zygarde|76\/100|[from] item: Leftovers\n|upkeep\n|turn|21\n|\n|t:|1699531408\n|move|p1a: Zygarde|Glare|p2a: Kingambit\n|-status|p2a: Kingambit|par\n|cant|p2a: Kingambit|par\n|\n|-heal|p1a: Zygarde|83\/100|[from] item: Leftovers\n|upkeep\n|turn|22\n|c|\u2606topszy|xdddddd\n|\n|t:|1699531414\n|move|p1a: Zygarde|Thousand Arrows|p2a: Kingambit\n|-damage|p2a: Kingambit|0 fnt\n|faint|p2a: Kingambit\n|-end|p2a: Kingambit|fallen3|[silent]\n|\n|-heal|p1a: Zygarde|89\/100|[from] item: Leftovers\n|upkeep\n|c|\u2606Szymszym134|GG\n|-message|Szymszym134 forfeited.\n|\n|win|topszy\n|raw|topszy's rating: 1748 &rarr; <strong>1761<\/strong><br \/>(+13 for winning)\n|raw|Szymszym134's rating: 1630 &rarr; <strong>1617<\/strong><br \/>(-13 for losing)\n|l|\u2606Szymszym134\n|l|\u2606topszy\n","uploadtime":1699531463,"views":15,"p1id":"topszy","p2id":"szymszym134","formatid":"gen9nationaldexubers","rating":1617,"private":0,"password":""}