{"id":"gen9nationaldexubers-1997604374","p1":"AlastorTheOverlord","p2":"elpepealvarado","format":"[Gen 9] National Dex Ubers","log":"|j|\u2606AlastorTheOverlord\n|j|\u2606elpepealvarado\n|t:|1700831867\n|gametype|singles\n|player|p1|AlastorTheOverlord|n|\n|player|p2|elpepealvarado|ghetsis|\n|teamsize|p1|6\n|teamsize|p2|6\n|gen|9\n|tier|[Gen 9] National Dex Ubers\n|rule|HP Percentage Mod: HP is shown in percentages\n|rule|Endless Battle Clause: Forcing endless battles is banned\n|rule|OHKO Clause: OHKO moves are banned\n|rule|Evasion Moves Clause: Evasion moves are banned\n|rule|Evasion Items Clause: Evasion items are banned\n|rule|Species Clause: Limit one of each Pok\u00e9mon\n|rule|Sleep Clause Mod: Limit one foe put to sleep\n|rule|Mega Rayquaza Clause: You cannot mega evolve Rayquaza\n|clearpoke\n|poke|p1|Blastoise, M|\n|poke|p1|Nidoking, M|\n|poke|p1|Snorlax, M|\n|poke|p1|Scizor, M|\n|poke|p1|Venusaur, M|\n|poke|p1|Dragonite, M|\n|poke|p2|Charizard, M|\n|poke|p2|Garganacl, M|\n|poke|p2|Rillaboom, M|\n|poke|p2|Toxapex, F|\n|poke|p2|Dragonite, M|\n|poke|p2|Iron Valiant|\n|teampreview\n|inactive|Battle timer is ON: inactive players will automatically lose when time's up. (requested by AlastorTheOverlord)\n|j| RedFRLG2004\n|\n|t:|1700831878\n|start\n|switch|p1a: Baragon|Nidoking, M|100\/100\n|switch|p2a: Rillaboom|Rillaboom, M|100\/100\n|turn|1\n|\n|t:|1700831892\n|-terastallize|p2a: Rillaboom|Grass\n|move|p1a: Baragon|Sludge Wave|p2a: Rillaboom\n|-supereffective|p2a: Rillaboom\n|-damage|p2a: Rillaboom|0 fnt\n|faint|p2a: Rillaboom\n|\n|upkeep\n|\n|t:|1700831913\n|switch|p2a: Charizard|Charizard, M|100\/100\n|turn|2\n|\n|t:|1700831918\n|detailschange|p2a: Charizard|Charizard-Mega-Y, M\n|-mega|p2a: Charizard|Charizard|Charizardite Y\n|-weather|SunnyDay|[from] ability: Drought|[of] p2a: Charizard\n|move|p2a: Charizard|Weather Ball|p1a: Baragon\n|-damage|p1a: Baragon|0 fnt\n|faint|p1a: Baragon\n|\n|-weather|SunnyDay|[upkeep]\n|upkeep\n|\n|t:|1700831928\n|switch|p1a: Dragonite|Dragonite, M|100\/100\n|turn|3\n|\n|t:|1700831935\n|-terastallize|p1a: Dragonite|Normal\n|move|p2a: Charizard|Weather Ball|p1a: Dragonite\n|-damage|p1a: Dragonite|54\/100\n|move|p1a: Dragonite|Dragon Dance|p1a: Dragonite\n|-boost|p1a: Dragonite|atk|1\n|-boost|p1a: Dragonite|spe|1\n|\n|-weather|SunnyDay|[upkeep]\n|upkeep\n|turn|4\n|\n|t:|1700831947\n|move|p1a: Dragonite|Roost|p1a: Dragonite\n|-heal|p1a: Dragonite|100\/100\n|move|p2a: Charizard|Solar Beam||[still]\n|-prepare|p2a: Charizard|Solar Beam\n|-anim|p2a: Charizard|Solar Beam|p1a: Dragonite\n|-damage|p1a: Dragonite|75\/100\n|\n|-weather|SunnyDay|[upkeep]\n|upkeep\n|turn|5\n|\n|t:|1700831956\n|move|p1a: Dragonite|Roost|p1a: Dragonite\n|-heal|p1a: Dragonite|100\/100\n|move|p2a: Charizard|Hidden Power|p1a: Dragonite\n|-damage|p1a: Dragonite|87\/100\n|\n|-weather|SunnyDay|[upkeep]\n|upkeep\n|turn|6\n|\n|t:|1700831959\n|move|p1a: Dragonite|Dragon Dance|p1a: Dragonite\n|-boost|p1a: Dragonite|atk|1\n|-boost|p1a: Dragonite|spe|1\n|move|p2a: Charizard|Scorching Sands|p1a: Dragonite\n|-damage|p1a: Dragonite|59\/100\n|\n|-weather|none\n|upkeep\n|turn|7\n|\n|t:|1700831964\n|move|p1a: Dragonite|Dragon Dance|p1a: Dragonite\n|-boost|p1a: Dragonite|atk|1\n|-boost|p1a: Dragonite|spe|1\n|move|p2a: Charizard|Weather Ball|p1a: Dragonite\n|-damage|p1a: Dragonite|38\/100\n|\n|upkeep\n|turn|8\n|\n|t:|1700831972\n|move|p1a: Dragonite|Roost|p1a: Dragonite\n|-heal|p1a: Dragonite|88\/100\n|move|p2a: Charizard|Weather Ball|p1a: Dragonite\n|-crit|p1a: Dragonite\n|-damage|p1a: Dragonite|53\/100\n|\n|upkeep\n|turn|9\n|\n|t:|1700831977\n|move|p1a: Dragonite|Roost|p1a: Dragonite\n|-heal|p1a: Dragonite|100\/100\n|move|p2a: Charizard|Weather Ball|p1a: Dragonite\n|-damage|p1a: Dragonite|89\/100\n|\n|upkeep\n|turn|10\n|\n|t:|1700831982\n|move|p1a: Dragonite|Dragon Dance|p1a: Dragonite\n|-boost|p1a: Dragonite|atk|1\n|-boost|p1a: Dragonite|spe|1\n|move|p2a: Charizard|Weather Ball|p1a: Dragonite\n|-damage|p1a: Dragonite|67\/100\n|\n|upkeep\n|turn|11\n|\n|t:|1700831994\n|move|p1a: Dragonite|Extreme Speed|p2a: Charizard\n|-damage|p2a: Charizard|0 fnt\n|faint|p2a: Charizard\n|\n|upkeep\n|\n|t:|1700831998\n|switch|p2a: Dragonite|Dragonite, M|100\/100\n|turn|12\n|\n|t:|1700832001\n|move|p1a: Dragonite|Iron Head|p2a: Dragonite\n|-damage|p2a: Dragonite|57\/100\n|cant|p2a: Dragonite|flinch\n|\n|upkeep\n|turn|13\n|\n|t:|1700832013\n|move|p2a: Dragonite|Extreme Speed|p1a: Dragonite\n|-damage|p1a: Dragonite|35\/100\n|move|p1a: Dragonite|Iron Head|p2a: Dragonite\n|-damage|p2a: Dragonite|0 fnt\n|faint|p2a: Dragonite\n|\n|upkeep\n|\n|t:|1700832018\n|switch|p2a: Iron Valiant|Iron Valiant|100\/100\n|-enditem|p2a: Iron Valiant|Booster Energy\n|-activate|p2a: Iron Valiant|ability: Quark Drive|[fromitem]\n|-start|p2a: Iron Valiant|quarkdrivespe\n|turn|14\n|\n|t:|1700832023\n|move|p1a: Dragonite|Extreme Speed|p2a: Iron Valiant\n|-crit|p2a: Iron Valiant\n|-damage|p2a: Iron Valiant|0 fnt\n|faint|p2a: Iron Valiant\n|-end|p2a: Iron Valiant|Quark Drive|[silent]\n|\n|upkeep\n|\n|t:|1700832027\n|switch|p2a: Garganacl|Garganacl, M|100\/100\n|turn|15\n|\n|t:|1700832033\n|move|p1a: Dragonite|Iron Head|p2a: Garganacl\n|-supereffective|p2a: Garganacl\n|-damage|p2a: Garganacl|0 fnt\n|faint|p2a: Garganacl\n|\n|upkeep\n|\n|t:|1700832039\n|switch|p2a: Toxapex|Toxapex, F|100\/100\n|turn|16\n|\n|t:|1700832042\n|move|p1a: Dragonite|Iron Head|p2a: Toxapex\n|-resisted|p2a: Toxapex\n|-damage|p2a: Toxapex|63\/100\n|move|p2a: Toxapex|Scald|p1a: Dragonite\n|-damage|p1a: Dragonite|16\/100\n|\n|-heal|p2a: Toxapex|70\/100|[from] item: Leftovers\n|upkeep\n|turn|17\n|\n|t:|1700832052\n|move|p2a: Toxapex|Baneful Bunker|p2a: Toxapex\n|-singleturn|p2a: Toxapex|move: Protect\n|move|p1a: Dragonite|Extreme Speed|p2a: Toxapex\n|-activate|p2a: Toxapex|move: Protect\n|-status|p1a: Dragonite|psn\n|\n|-heal|p2a: Toxapex|76\/100|[from] item: Leftovers\n|-damage|p1a: Dragonite|4\/100 psn|[from] psn\n|upkeep\n|turn|18\n|\n|t:|1700832063\n|move|p2a: Toxapex|Baneful Bunker||[still]\n|-fail|p2a: Toxapex\n|move|p1a: Dragonite|Extreme Speed|p2a: Toxapex\n|-damage|p2a: Toxapex|0 fnt\n|faint|p2a: Toxapex\n|\n|win|AlastorTheOverlord\n","uploadtime":1700832071,"views":1,"p1id":"alastortheoverlord","p2id":"elpepealvarado","formatid":"gen9nationaldexubers","rating":0,"private":0,"password":""}