{"id":"gen9nationaldexubers-1978460041","p1":"Berryandon","p2":"HopeAddict","format":"[Gen 9] National Dex Ubers","log":"|j|\u2606Berryandon\n|j|\u2606HopeAddict\n|t:|1698541812\n|gametype|singles\n|player|p1|Berryandon|lady-gen4|\n|player|p2|HopeAddict|benga|\n|teamsize|p1|6\n|teamsize|p2|6\n|gen|9\n|tier|[Gen 9] National Dex Ubers\n|rule|HP Percentage Mod: HP is shown in percentages\n|rule|Endless Battle Clause: Forcing endless battles is banned\n|rule|OHKO Clause: OHKO moves are banned\n|rule|Evasion Moves Clause: Evasion moves are banned\n|rule|Evasion Items Clause: Evasion items are banned\n|rule|Species Clause: Limit one of each Pok\u00e9mon\n|rule|Sleep Clause Mod: Limit one foe put to sleep\n|rule|Mega Rayquaza Clause: You cannot mega evolve Rayquaza\n|clearpoke\n|poke|p1|Kyogre|\n|poke|p1|Zamazenta-*|\n|poke|p1|Rillaboom, M|\n|poke|p1|Tapu Fini|\n|poke|p1|Basculegion, M|\n|poke|p1|Dialga-Origin|\n|poke|p2|Ho-Oh|\n|poke|p2|Ogerpon, F|\n|poke|p2|Arceus-Ground|\n|poke|p2|Sinistcha|\n|poke|p2|Iron Bundle|\n|poke|p2|Dialga|\n|teampreview\n|c|\u2606Berryandon|glhf\n|c|\u2606HopeAddict|u2 gamer\n|j| lonly wolf\n|j| bog babushka\n|c| lonly wolf|dialga v dialga\n|\n|t:|1698541904\n|start\n|switch|p1a: Pretty Boy|Kyogre|100\/100\n|switch|p2a: the skrunkly :)|Ogerpon, F|100\/100\n|-weather|RainDance|[from] ability: Drizzle|[of] p1a: Pretty Boy\n|turn|1\n|c| bog babushka|yassified dialga vs boomer dialga\n|c| lonly wolf|i hope someone brought roar of time\n|\n|t:|1698541954\n|switch|p1a: Inner-City Boy|Rillaboom, M|100\/100\n|-fieldstart|move: Grassy Terrain|[from] ability: Grassy Surge|[of] p1a: Inner-City Boy\n|-enditem|p1a: Inner-City Boy|Grassy Seed\n|-boost|p1a: Inner-City Boy|def|1|[from] item: Grassy Seed\n|move|p2a: the skrunkly :)|Ivy Cudgel|p1a: Inner-City Boy\n|-resisted|p1a: Inner-City Boy\n|-damage|p1a: Inner-City Boy|79\/100\n|\n|-weather|RainDance|[upkeep]\n|-heal|p1a: Inner-City Boy|85\/100|[from] Grassy Terrain\n|upkeep\n|turn|2\n|\n|t:|1698541996\n|switch|p2a: popeyes wings|Ho-Oh|100\/100\n|move|p1a: Inner-City Boy|Acrobatics|p2a: popeyes wings\n|-damage|p2a: popeyes wings|70\/100\n|\n|-weather|RainDance|[upkeep]\n|-heal|p1a: Inner-City Boy|91\/100|[from] Grassy Terrain\n|upkeep\n|turn|3\n|\n|t:|1698542049\n|switch|p1a: With Da Bowtie|Tapu Fini|100\/100\n|-fieldstart|move: Misty Terrain|[from] ability: Misty Surge|[of] p1a: With Da Bowtie\n|move|p2a: popeyes wings|Brave Bird|p1a: With Da Bowtie\n|-damage|p1a: With Da Bowtie|56\/100\n|-damage|p2a: popeyes wings|58\/100|[from] Recoil\n|\n|-weather|RainDance|[upkeep]\n|-heal|p1a: With Da Bowtie|62\/100|[from] item: Leftovers\n|upkeep\n|turn|4\n|\n|t:|1698542086\n|switch|p2a: gamer supps|Sinistcha|100\/100\n|move|p1a: With Da Bowtie|Reflect|p1a: With Da Bowtie\n|-sidestart|p1: Berryandon|Reflect\n|\n|-weather|RainDance|[upkeep]\n|-heal|p1a: With Da Bowtie|68\/100|[from] item: Leftovers\n|upkeep\n|turn|5\n|\n|t:|1698542109\n|switch|p1a: Big Boy|Zamazenta-Crowned|100\/100\n|-ability|p1a: Big Boy|Dauntless Shield|boost\n|-boost|p1a: Big Boy|def|1\n|move|p2a: gamer supps|Calm Mind|p2a: gamer supps\n|-boost|p2a: gamer supps|spa|1\n|-boost|p2a: gamer supps|spd|1\n|\n|-weather|none\n|upkeep\n|turn|6\n|c|\u2606Berryandon|!weakness sistcha\n|c| Berryandon|\/raw <div class=\"infobox\">sistcha isn't a recognized type or Pokemon.<\/div>\n|c|\u2606Berryandon|fuck\n|c|\u2606Berryandon|!weakness sinischa\n|c| Berryandon|\/raw <div class=\"infobox\">sinischa isn't a recognized type or Pokemon.<\/div>\n|c|\u2606Berryandon|!weakness sinistcha\n|c| Berryandon|\/raw <div class=\"infobox\">Sinistcha (ignoring abilities):<br \/><span class=\"message-effect-weak\">Weaknesses<\/span>: Dark, Fire, Flying, Ghost, Ice<br \/><span class=\"message-effect-resist\">Resistances<\/span>: Electric, Grass, Ground, Water<br \/><span class=\"message-effect-immune\">Immunities<\/span>: Fighting, Normal, Powder moves, Trapping<\/div>\n|c| lonly wolf|you good\n|\n|t:|1698542161\n|move|p1a: Big Boy|Behemoth Bash|p2a: gamer supps\n|-damage|p2a: gamer supps|57\/100\n|move|p2a: gamer supps|Matcha Gotcha|p1a: Big Boy\n|-resisted|p1a: Big Boy\n|-damage|p1a: Big Boy|85\/100\n|-heal|p2a: gamer supps|66\/100|[from] drain|[of] p1a: Big Boy\n|\n|-heal|p2a: gamer supps|72\/100|[from] item: Leftovers\n|upkeep\n|turn|7\n|\n|t:|1698542216\n|switch|p1a: Itty-Bitty Boy|Dialga-Origin|100\/100\n|-ability|p1a: Itty-Bitty Boy|Pressure\n|move|p2a: gamer supps|Strength Sap|p1a: Itty-Bitty Boy\n|-unboost|p1a: Itty-Bitty Boy|atk|1\n|-heal|p2a: gamer supps|100\/100\n|\n|-fieldend|Misty Terrain\n|upkeep\n|turn|8\n|\n|t:|1698542228\n|move|p1a: Itty-Bitty Boy|Thunder Wave|p2a: gamer supps\n|-status|p2a: gamer supps|par\n|cant|p2a: gamer supps|par\n|\n|-sideend|p1: Berryandon|Reflect\n|upkeep\n|turn|9\n|\n|t:|1698542235\n|move|p1a: Itty-Bitty Boy|Flamethrower|p2a: gamer supps\n|-supereffective|p2a: gamer supps\n|-damage|p2a: gamer supps|72\/100 par\n|cant|p2a: gamer supps|par\n|\n|-heal|p2a: gamer supps|78\/100 par|[from] item: Leftovers\n|upkeep\n|turn|10\n|c|\u2606HopeAddict|yikes!\n|c| lonly wolf|oof\n|c|\u2606Berryandon|i understand\n|\n|t:|1698542258\n|move|p1a: Itty-Bitty Boy|Draco Meteor|p2a: gamer supps\n|-damage|p2a: gamer supps|3\/100 par\n|-unboost|p1a: Itty-Bitty Boy|spa|2\n|move|p2a: gamer supps|Shadow Ball|p1a: Itty-Bitty Boy\n|-damage|p1a: Itty-Bitty Boy|60\/100\n|\n|-heal|p2a: gamer supps|9\/100 par|[from] item: Leftovers\n|upkeep\n|turn|11\n|c|\u2606Berryandon|fuckign die\n|c| lonly wolf|dont die jose\n|\n|t:|1698542286\n|switch|p2a: muddy buddy|Arceus-Ground|100\/100\n|move|p1a: Itty-Bitty Boy|Flamethrower|p2a: muddy buddy\n|-damage|p2a: muddy buddy|86\/100\n|\n|upkeep\n|turn|12\n|j| slug bite\n|\n|t:|1698542297\n|switch|p1a: Inner-City Boy|Rillaboom, M|91\/100\n|-fieldstart|move: Grassy Terrain|[from] ability: Grassy Surge|[of] p1a: Inner-City Boy\n|move|p2a: muddy buddy|Calm Mind|p2a: muddy buddy\n|-boost|p2a: muddy buddy|spa|1\n|-boost|p2a: muddy buddy|spd|1\n|\n|-heal|p2a: muddy buddy|92\/100|[from] Grassy Terrain\n|-heal|p1a: Inner-City Boy|97\/100|[from] Grassy Terrain\n|upkeep\n|turn|13\n|\n|t:|1698542307\n|move|p1a: Inner-City Boy|Grassy Glide|p2a: muddy buddy\n|-supereffective|p2a: muddy buddy\n|-damage|p2a: muddy buddy|40\/100\n|move|p2a: muddy buddy|Ice Beam|p1a: Inner-City Boy\n|-supereffective|p1a: Inner-City Boy\n|-damage|p1a: Inner-City Boy|0 fnt\n|faint|p1a: Inner-City Boy\n|\n|-heal|p2a: muddy buddy|46\/100|[from] Grassy Terrain\n|upkeep\n|\n|t:|1698542320\n|switch|p1a: Pretty Boy|Kyogre|100\/100\n|-weather|RainDance|[from] ability: Drizzle|[of] p1a: Pretty Boy\n|turn|14\n|c| slug bite|pretty boy\n|\n|t:|1698542349\n|switch|p2a: gamer supps|Sinistcha|9\/100 par\n|move|p1a: Pretty Boy|Water Spout|p2a: gamer supps\n|-resisted|p2a: gamer supps\n|-damage|p2a: gamer supps|0 fnt\n|faint|p2a: gamer supps\n|\n|-weather|RainDance|[upkeep]\n|upkeep\n|\n|t:|1698542379\n|switch|p2a: the skrunkly :)|Ogerpon, F|100\/100\n|turn|15\n|\n|t:|1698542397\n|switch|p1a: Itty-Bitty Boy|Dialga-Origin|60\/100\n|-ability|p1a: Itty-Bitty Boy|Pressure\n|move|p2a: the skrunkly :)|Knock Off|p1a: Itty-Bitty Boy\n|-damage|p1a: Itty-Bitty Boy|42\/100\n|\n|-weather|RainDance|[upkeep]\n|-heal|p1a: Itty-Bitty Boy|48\/100|[from] Grassy Terrain\n|upkeep\n|turn|16\n|\n|t:|1698542416\n|switch|p2a: popeyes wings|Ho-Oh|91\/100\n|move|p1a: Itty-Bitty Boy|Thunder Wave|p2a: popeyes wings\n|-status|p2a: popeyes wings|par\n|\n|-weather|RainDance|[upkeep]\n|-heal|p1a: Itty-Bitty Boy|54\/100|[from] Grassy Terrain\n|-fieldend|move: Grassy Terrain\n|upkeep\n|turn|17\n|\n|t:|1698542429\n|move|p1a: Itty-Bitty Boy|Draco Meteor|p2a: popeyes wings\n|-damage|p2a: popeyes wings|41\/100 par\n|-unboost|p1a: Itty-Bitty Boy|spa|2\n|move|p2a: popeyes wings|Sacred Fire|p1a: Itty-Bitty Boy\n|-damage|p1a: Itty-Bitty Boy|32\/100\n|-status|p1a: Itty-Bitty Boy|brn\n|\n|-weather|RainDance|[upkeep]\n|-damage|p1a: Itty-Bitty Boy|26\/100 brn|[from] brn\n|upkeep\n|turn|18\n|\n|t:|1698542446\n|switch|p1a: With Da Bowtie|Tapu Fini|68\/100\n|-fieldstart|move: Misty Terrain|[from] ability: Misty Surge|[of] p1a: With Da Bowtie\n|cant|p2a: popeyes wings|par\n|\n|-weather|none\n|-heal|p1a: With Da Bowtie|74\/100|[from] item: Leftovers\n|upkeep\n|turn|19\n|\n|t:|1698542472\n|switch|p2a: blue time thing|Dialga|100\/100\n|-ability|p2a: blue time thing|Pressure\n|move|p1a: With Da Bowtie|Reflect|p1a: With Da Bowtie\n|-sidestart|p1: Berryandon|Reflect\n|\n|-heal|p1a: With Da Bowtie|80\/100|[from] item: Leftovers\n|upkeep\n|turn|20\n|j| ah3nny\n|\n|t:|1698542529\n|move|p2a: blue time thing|Thunder|p1a: With Da Bowtie\n|-supereffective|p1a: With Da Bowtie\n|-damage|p1a: With Da Bowtie|0 fnt\n|faint|p1a: With Da Bowtie\n|\n|upkeep\n|c| lonly wolf|oh no\n|\n|t:|1698542555\n|switch|p1a: Itty-Bitty Boy|Dialga-Origin|26\/100 brn\n|-ability|p1a: Itty-Bitty Boy|Pressure\n|turn|21\n|\n|t:|1698542587\n|switch|p2a: popeyes wings|Ho-Oh|74\/100 par\n|move|p1a: Itty-Bitty Boy|Thunder Wave|p2a: popeyes wings\n|-fail|p2a: popeyes wings|par\n|\n|-damage|p1a: Itty-Bitty Boy|20\/100 brn|[from] brn\n|upkeep\n|turn|22\n|\n|t:|1698542601\n|switch|p1a: Pretty Boy|Kyogre|100\/100\n|-weather|RainDance|[from] ability: Drizzle|[of] p1a: Pretty Boy\n|move|p2a: popeyes wings|Sacred Fire|p1a: Pretty Boy\n|-resisted|p1a: Pretty Boy\n|-damage|p1a: Pretty Boy|93\/100\n|\n|-weather|RainDance|[upkeep]\n|-fieldend|Misty Terrain\n|upkeep\n|turn|23\n|\n|t:|1698542634\n|switch|p2a: muddy buddy|Arceus-Ground|46\/100\n|move|p1a: Pretty Boy|Ice Beam|p2a: muddy buddy\n|-supereffective|p2a: muddy buddy\n|-damage|p2a: muddy buddy|0 fnt\n|faint|p2a: muddy buddy\n|\n|-weather|RainDance|[upkeep]\n|-sideend|p1: Berryandon|Reflect\n|upkeep\n|\n|t:|1698542646\n|switch|p2a: me when i miss|Iron Bundle|100\/100\n|-enditem|p2a: me when i miss|Booster Energy\n|-activate|p2a: me when i miss|ability: Quark Drive|[fromitem]\n|-start|p2a: me when i miss|quarkdrivespe\n|turn|24\n|\n|t:|1698542655\n|switch|p1a: Big Boy|Zamazenta-Crowned|85\/100\n|move|p2a: me when i miss|Freeze-Dry|p1a: Big Boy\n|-resisted|p1a: Big Boy\n|-damage|p1a: Big Boy|73\/100\n|\n|-weather|RainDance|[upkeep]\n|upkeep\n|turn|25\n|\n|t:|1698542681\n|move|p2a: me when i miss|Hydro Pump|p1a: Big Boy\n|-damage|p1a: Big Boy|19\/100\n|move|p1a: Big Boy|Iron Defense|p1a: Big Boy\n|-boost|p1a: Big Boy|def|2\n|\n|-weather|RainDance|[upkeep]\n|upkeep\n|turn|26\n|\n|t:|1698542689\n|move|p2a: me when i miss|Hydro Pump|p1a: Big Boy\n|-damage|p1a: Big Boy|0 fnt\n|faint|p1a: Big Boy\n|\n|-weather|none\n|upkeep\n|\n|t:|1698542694\n|switch|p1a: Pretty Boy|Kyogre|93\/100\n|-weather|RainDance|[from] ability: Drizzle|[of] p1a: Pretty Boy\n|turn|27\n|\n|t:|1698542702\n|move|p2a: me when i miss|Freeze-Dry|p1a: Pretty Boy\n|-supereffective|p1a: Pretty Boy\n|-damage|p1a: Pretty Boy|42\/100\n|move|p1a: Pretty Boy|Thunder|p2a: me when i miss\n|-supereffective|p2a: me when i miss\n|-damage|p2a: me when i miss|0 fnt\n|faint|p2a: me when i miss\n|-end|p2a: me when i miss|Quark Drive|[silent]\n|\n|-weather|RainDance|[upkeep]\n|upkeep\n|\n|t:|1698542718\n|switch|p2a: blue time thing|Dialga|100\/100\n|-ability|p2a: blue time thing|Pressure\n|turn|28\n|\n|t:|1698542723\n|move|p1a: Pretty Boy|Thunder|p2a: blue time thing\n|-resisted|p2a: blue time thing\n|-damage|p2a: blue time thing|81\/100\n|move|p2a: blue time thing|Thunder|p1a: Pretty Boy\n|-supereffective|p1a: Pretty Boy\n|-damage|p1a: Pretty Boy|0 fnt\n|faint|p1a: Pretty Boy\n|\n|-weather|RainDance|[upkeep]\n|upkeep\n|\n|t:|1698542729\n|switch|p1a: Mississippi Boy|Basculegion, M, shiny|100\/100\n|turn|29\n|\n|t:|1698542737\n|move|p1a: Mississippi Boy|Last Respects|p2a: blue time thing\n|-damage|p2a: blue time thing|0 fnt\n|faint|p2a: blue time thing\n|\n|-weather|RainDance|[upkeep]\n|upkeep\n|c| lonly wolf|oh no\n|j| AshenAraquanid\n|\n|t:|1698542756\n|switch|p2a: popeyes wings|Ho-Oh|100\/100 par\n|turn|30\n|\n|t:|1698542760\n|move|p1a: Mississippi Boy|Last Respects|p2a: popeyes wings\n|-damage|p2a: popeyes wings|0 fnt\n|faint|p2a: popeyes wings\n|\n|-weather|RainDance|[upkeep]\n|upkeep\n|\n|t:|1698542765\n|switch|p2a: the skrunkly :)|Ogerpon, F|100\/100\n|turn|31\n|\n|t:|1698542768\n|move|p2a: the skrunkly :)|Ivy Cudgel|p1a: Mississippi Boy\n|-supereffective|p1a: Mississippi Boy\n|-damage|p1a: Mississippi Boy|0 fnt\n|faint|p1a: Mississippi Boy\n|\n|-weather|none\n|upkeep\n|c|\u2606Berryandon|gg\n|\n|t:|1698542774\n|switch|p1a: Itty-Bitty Boy|Dialga-Origin|20\/100 brn\n|-ability|p1a: Itty-Bitty Boy|Pressure\n|turn|32\n|\n|t:|1698542780\n|move|p2a: the skrunkly :)|Ivy Cudgel|p1a: Itty-Bitty Boy\n|-resisted|p1a: Itty-Bitty Boy\n|-damage|p1a: Itty-Bitty Boy|9\/100 brn\n|move|p1a: Itty-Bitty Boy|Flamethrower|p2a: the skrunkly :)\n|-supereffective|p2a: the skrunkly :)\n|-damage|p2a: the skrunkly :)|16\/100\n|\n|-damage|p1a: Itty-Bitty Boy|3\/100 brn|[from] brn\n|upkeep\n|turn|33\n|c| lonly wolf|wow\n|\n|t:|1698542791\n|move|p2a: the skrunkly :)|Ivy Cudgel|p1a: Itty-Bitty Boy\n|-resisted|p1a: Itty-Bitty Boy\n|-damage|p1a: Itty-Bitty Boy|0 fnt\n|faint|p1a: Itty-Bitty Boy\n|\n|win|HopeAddict\n|c|\u2606HopeAddict|gg\n|c| slug bite|super close\n|c|\u2606HopeAddict|that basculegion scared the shit out of me\n|c| AshenAraquanid|Imagine if the flamethrower crit\n|c|\u2606HopeAddict|logan no\n|c| lonly wolf|that was scarf oger right?\n|c|\u2606HopeAddict|yes\n|c|\u2606Berryandon|it had to be\n|c| lonly wolf|i didnt know until that last turn dude\n|c| lonly wolf|it looked so normal\n|c|\u2606Berryandon|i knew ice beam couldnt kill the ogerpon btu it was scarf kyogre too lol\n|c|\u2606Berryandon|glad i never risked it\n|c|\u2606Berryandon|woulda jsut lsot at turn 1 if i did\n","uploadtime":1698542864,"views":25,"p1id":"berryandon","p2id":"hopeaddict","formatid":"gen9nationaldexubers","rating":0,"private":0,"password":""}