{"id":"gen9nationaldexubers-1994246534","p1":"georgefable1","p2":"emmaloubibbityboo","format":"[Gen 9] National Dex Ubers","log":"|j|\u2606georgefable1\n|j|\u2606emmaloubibbityboo\n|t:|1700423061\n|gametype|singles\n|player|p1|georgefable1|266|\n|player|p2|emmaloubibbityboo|hilda|\n|teamsize|p1|4\n|teamsize|p2|4\n|gen|9\n|tier|[Gen 9] National Dex Ubers\n|rule|HP Percentage Mod: HP is shown in percentages\n|rule|Endless Battle Clause: Forcing endless battles is banned\n|rule|OHKO Clause: OHKO moves are banned\n|rule|Evasion Moves Clause: Evasion moves are banned\n|rule|Evasion Items Clause: Evasion items are banned\n|rule|Species Clause: Limit one of each Pok\u00e9mon\n|rule|Sleep Clause Mod: Limit one foe put to sleep\n|rule|Mega Rayquaza Clause: You cannot mega evolve Rayquaza\n|clearpoke\n|poke|p1|Dragonite, M|\n|poke|p1|Beartic, F|\n|poke|p1|Gardevoir, M|\n|poke|p1|Spinda, F|\n|poke|p2|Flamigo, F|\n|poke|p2|Gallade, M|\n|poke|p2|Eiscue, M|\n|poke|p2|Klefki, F|\n|teampreview\n|c|\u2606emmaloubibbityboo|gl hf\n|c|\u2606georgefable1|good luck!\n|\n|t:|1700423112\n|start\n|switch|p1a: opposite day|Spinda, F|100\/100\n|switch|p2a: ClearlyLevitates|Klefki, F|100\/100\n|-item|p2a: ClearlyLevitates|Air Balloon\n|turn|1\n|\n|t:|1700423125\n|move|p1a: opposite day|Trick|p2a: ClearlyLevitates\n|-activate|p1a: opposite day|move: Trick|[of] p2a: ClearlyLevitates\n|-item|p2a: ClearlyLevitates|Choice Scarf|[from] move: Trick\n|-item|p1a: opposite day|Air Balloon\n|-item|p1a: opposite day|Air Balloon|[from] move: Trick\n|move|p2a: ClearlyLevitates|Dazzling Gleam|p1a: opposite day\n|-damage|p1a: opposite day|41\/100\n|-enditem|p1a: opposite day|Air Balloon\n|\n|upkeep\n|turn|2\n|\n|t:|1700423137\n|switch|p1a: *notices bulge*|Gardevoir, M, shiny|100\/100\n|-ability|p1a: *notices bulge*|Magician|[from] ability: Trace|[of] p2a: ClearlyLevitates\n|move|p2a: ClearlyLevitates|Dazzling Gleam|p1a: *notices bulge*\n|-crit|p1a: *notices bulge*\n|-damage|p1a: *notices bulge*|53\/100\n|\n|upkeep\n|turn|3\n|\n|t:|1700423157\n|move|p1a: *notices bulge*|Hypnosis|p2a: ClearlyLevitates\n|-status|p2a: ClearlyLevitates|slp|[from] move: Hypnosis\n|cant|p2a: ClearlyLevitates|slp\n|\n|upkeep\n|turn|4\n|\n|t:|1700423186\n|switch|p1a: Herbert|Beartic, F|100\/100\n|-curestatus|p2a: ClearlyLevitates|slp|[msg]\n|move|p2a: ClearlyLevitates|Dazzling Gleam|p1a: Herbert\n|-damage|p1a: Herbert|62\/100\n|\n|upkeep\n|turn|5\n|\n|t:|1700423210\n|move|p2a: ClearlyLevitates|Dazzling Gleam|p1a: Herbert\n|-damage|p1a: Herbert|28\/100\n|move|p1a: Herbert|Power-Up Punch|p2a: ClearlyLevitates\n|-damage|p2a: ClearlyLevitates|87\/100\n|-boost|p1a: Herbert|atk|1\n|\n|upkeep\n|turn|6\n|\n|t:|1700423219\n|move|p2a: ClearlyLevitates|Dazzling Gleam|p1a: Herbert\n|-damage|p1a: Herbert|0 fnt\n|faint|p1a: Herbert\n|\n|upkeep\n|\n|t:|1700423233\n|switch|p1a: *notices bulge*|Gardevoir, M, shiny|53\/100\n|-ability|p1a: *notices bulge*|Magician|[from] ability: Trace|[of] p2a: ClearlyLevitates\n|turn|7\n|\n|t:|1700423251\n|move|p1a: *notices bulge*|Hypnosis|p2a: ClearlyLevitates|[miss]\n|-miss|p1a: *notices bulge*|p2a: ClearlyLevitates\n|-enditem|p1a: *notices bulge*|Blunder Policy\n|-boost|p1a: *notices bulge*|spe|2\n|move|p2a: ClearlyLevitates|Dazzling Gleam|p1a: *notices bulge*\n|-damage|p1a: *notices bulge*|21\/100\n|\n|upkeep\n|turn|8\n|\n|t:|1700423262\n|move|p1a: *notices bulge*|Hypnosis|p2a: ClearlyLevitates\n|-status|p2a: ClearlyLevitates|slp|[from] move: Hypnosis\n|cant|p2a: ClearlyLevitates|slp\n|\n|upkeep\n|turn|9\n|\n|t:|1700423267\n|move|p1a: *notices bulge*|Dream Eater|p2a: ClearlyLevitates\n|-resisted|p2a: ClearlyLevitates\n|-damage|p2a: ClearlyLevitates|55\/100 slp\n|-heal|p1a: *notices bulge*|40\/100|[from] drain|[of] p2a: ClearlyLevitates\n|-item|p1a: *notices bulge*|Choice Scarf|[from] ability: Magician|[of] p2a: ClearlyLevitates\n|-curestatus|p2a: ClearlyLevitates|slp|[msg]\n|move|p2a: ClearlyLevitates|Dazzling Gleam|p1a: *notices bulge*\n|-damage|p1a: *notices bulge*|8\/100\n|-item|p2a: ClearlyLevitates|Choice Scarf|[from] ability: Magician|[of] p1a: *notices bulge*\n|\n|upkeep\n|turn|10\n|\n|t:|1700423287\n|move|p1a: *notices bulge*|Draining Kiss|p2a: ClearlyLevitates\n|-resisted|p2a: ClearlyLevitates\n|-damage|p2a: ClearlyLevitates|40\/100\n|-heal|p1a: *notices bulge*|21\/100|[from] drain|[of] p2a: ClearlyLevitates\n|-item|p1a: *notices bulge*|Choice Scarf|[from] ability: Magician|[of] p2a: ClearlyLevitates\n|move|p2a: ClearlyLevitates|Dazzling Gleam|p1a: *notices bulge*\n|-damage|p1a: *notices bulge*|0 fnt\n|faint|p1a: *notices bulge*\n|\n|upkeep\n|\n|t:|1700423298\n|switch|p1a: opposite day|Spinda, F|41\/100\n|turn|11\n|\n|t:|1700423304\n|move|p1a: opposite day|Superpower|p2a: ClearlyLevitates\n|-damage|p2a: ClearlyLevitates|11\/100\n|-boost|p1a: opposite day|atk|1\n|-boost|p1a: opposite day|def|1\n|move|p2a: ClearlyLevitates|Dazzling Gleam|p1a: opposite day\n|-damage|p1a: opposite day|0 fnt\n|faint|p1a: opposite day\n|\n|upkeep\n|\n|t:|1700423312\n|switch|p1a: Is this Gen 1?|Dragonite, M|100\/100\n|turn|12\n|\n|t:|1700423324\n|move|p1a: Is this Gen 1?|Wrap|p2a: ClearlyLevitates\n|-resisted|p2a: ClearlyLevitates\n|-damage|p2a: ClearlyLevitates|9\/100\n|-activate|p2a: ClearlyLevitates|move: Wrap|[of] p1a: Is this Gen 1?\n|move|p2a: ClearlyLevitates|Dazzling Gleam|p1a: Is this Gen 1?\n|-supereffective|p1a: Is this Gen 1?\n|-damage|p1a: Is this Gen 1?|63\/100\n|-item|p2a: ClearlyLevitates|Leftovers|[from] ability: Magician|[of] p1a: Is this Gen 1?\n|\n|-heal|p2a: ClearlyLevitates|15\/100|[from] item: Leftovers\n|-damage|p2a: ClearlyLevitates|2\/100|[from] move: Wrap|[partiallytrapped]\n|upkeep\n|turn|13\n|\n|t:|1700423338\n|move|p1a: Is this Gen 1?|Wrap|p2a: ClearlyLevitates\n|-resisted|p2a: ClearlyLevitates\n|-damage|p2a: ClearlyLevitates|0 fnt\n|faint|p2a: ClearlyLevitates\n|\n|upkeep\n|\n|t:|1700423346\n|switch|p2a: Pingu|Eiscue, M, shiny|100\/100\n|turn|14\n|\n|t:|1700423350\n|move|p1a: Is this Gen 1?|Wrap|p2a: Pingu\n|-activate|p2a: Pingu|ability: Ice Face\n|-damage|p2a: Pingu|100\/100\n|-activate|p2a: Pingu|move: Wrap|[of] p1a: Is this Gen 1?\n|detailschange|p2a: Pingu|Eiscue-Noice, M, shiny\n|move|p2a: Pingu|Icicle Spear|p1a: Is this Gen 1?\n|-supereffective|p1a: Is this Gen 1?\n|-damage|p1a: Is this Gen 1?|18\/100\n|-supereffective|p1a: Is this Gen 1?\n|-damage|p1a: Is this Gen 1?|0 fnt\n|faint|p1a: Is this Gen 1?\n|-hitcount|p1: Is this Gen 1?|2\n|\n|win|emmaloubibbityboo\n|c|\u2606georgefable1|gg\n|c|\u2606emmaloubibbityboo|gg\n","uploadtime":1700423365,"views":8,"p1id":"georgefable1","p2id":"emmaloubibbityboo","formatid":"gen9nationaldexubers","rating":0,"private":0,"password":""}