{"id":"gen9nationaldexubers-1983856323","p1":"sussuspotussus","p2":"The power of ROCK","format":"[Gen 9] National Dex Ubers","log":"|j|\u2606sussuspotussus\n|j|\u2606The power of ROCK\n|t:|1699192398\n|gametype|singles\n|player|p1|sussuspotussus|acetrainer|\n|player|p2|The power of ROCK|roark|\n|teamsize|p1|6\n|teamsize|p2|6\n|gen|9\n|tier|[Gen 9] National Dex Ubers\n|rule|HP Percentage Mod: HP is shown in percentages\n|rule|Endless Battle Clause: Forcing endless battles is banned\n|rule|OHKO Clause: OHKO moves are banned\n|rule|Evasion Moves Clause: Evasion moves are banned\n|rule|Evasion Items Clause: Evasion items are banned\n|rule|Species Clause: Limit one of each Pok\u00e9mon\n|rule|Sleep Clause Mod: Limit one foe put to sleep\n|rule|Mega Rayquaza Clause: You cannot mega evolve Rayquaza\n|clearpoke\n|poke|p1|Camerupt, M|\n|poke|p1|Darmanitan, M|\n|poke|p1|Ninetales, F|\n|poke|p1|Torkoal, M|\n|poke|p1|Rotom-Heat|\n|poke|p1|Volcanion|\n|poke|p2|Tyranitar, F|\n|poke|p2|Garganacl, M|\n|poke|p2|Aggron, F|\n|poke|p2|Glimmora, M|\n|poke|p2|Cradily, M|\n|poke|p2|Probopass, L1, M|\n|teampreview\n|inactive|Battle timer is ON: inactive players will automatically lose when time's up. (requested by sussuspotussus)\n|c|\u2606sussuspotussus|anyways\n|c|\u2606sussuspotussus|attempt 6 or sum\n|c|\u2606The power of ROCK|You get infinite tries in the ROCK gym\n|inactive|sussuspotussus has 270 seconds left.\n|c|\u2606The power of ROCK|No need to count\n|\n|t:|1699192433\n|start\n|switch|p1a: Ninetales|Ninetales, F|100\/100\n|switch|p2a: Glimmora|Glimmora, M|100\/100\n|-weather|SunnyDay|[from] ability: Drought|[of] p1a: Ninetales\n|turn|1\n|c|\u2606The power of ROCK|we fight until u give up or win\n|c|\u2606sussuspotussus|ok\n|\n|t:|1699192443\n|switch|p2a: Tyranitar|Tyranitar, F|100\/100\n|-weather|Sandstorm|[from] ability: Sand Stream|[of] p2a: Tyranitar\n|move|p1a: Ninetales|Nasty Plot|p1a: Ninetales\n|-boost|p1a: Ninetales|spa|2\n|\n|-weather|Sandstorm|[upkeep]\n|-damage|p1a: Ninetales|95\/100|[from] Sandstorm\n|upkeep\n|turn|2\n|\n|t:|1699192453\n|switch|p1a: Torkoal|Torkoal, M|100\/100\n|-weather|SunnyDay|[from] ability: Drought|[of] p1a: Torkoal\n|move|p2a: Tyranitar|Rock Blast|p1a: Torkoal\n|-supereffective|p1a: Torkoal\n|-damage|p1a: Torkoal|86\/100\n|-supereffective|p1a: Torkoal\n|-damage|p1a: Torkoal|72\/100\n|-supereffective|p1a: Torkoal\n|-damage|p1a: Torkoal|58\/100\n|-supereffective|p1a: Torkoal\n|-damage|p1a: Torkoal|46\/100\n|-hitcount|p1a: Torkoal|4\n|\n|-weather|SunnyDay|[upkeep]\n|upkeep\n|turn|3\n|\n|t:|1699192466\n|move|p2a: Tyranitar|Rock Blast|p1a: Torkoal|[miss]\n|-miss|p2a: Tyranitar|p1a: Torkoal\n|move|p1a: Torkoal|Yawn|p2a: Tyranitar\n|-start|p2a: Tyranitar|move: Yawn|[of] p1a: Torkoal\n|\n|-weather|SunnyDay|[upkeep]\n|upkeep\n|turn|4\n|\n|t:|1699192470\n|switch|p2a: Garganacl|Garganacl, M|100\/100\n|move|p1a: Torkoal|Stealth Rock|p2a: Garganacl\n|-sidestart|p2: The power of ROCK|move: Stealth Rock\n|\n|-weather|SunnyDay|[upkeep]\n|upkeep\n|turn|5\n|\n|t:|1699192479\n|move|p2a: Garganacl|Iron Defense|p2a: Garganacl\n|-boost|p2a: Garganacl|def|2\n|move|p1a: Torkoal|Lava Plume|p2a: Garganacl\n|-resisted|p2a: Garganacl\n|-damage|p2a: Garganacl|89\/100\n|-enditem|p2a: Garganacl|Maranga Berry|[eat]\n|-boost|p2a: Garganacl|spd|1|[from] item: Maranga Berry\n|\n|-weather|SunnyDay|[upkeep]\n|upkeep\n|turn|6\n|\n|t:|1699192484\n|switch|p1a: Ninetales|Ninetales, F|95\/100\n|move|p2a: Garganacl|Iron Defense|p2a: Garganacl\n|-boost|p2a: Garganacl|def|2\n|\n|-weather|SunnyDay|[upkeep]\n|upkeep\n|turn|7\n|\n|t:|1699192489\n|-terastallize|p2a: Garganacl|Ghost\n|move|p1a: Ninetales|Solar Beam||[still]\n|-prepare|p1a: Ninetales|Solar Beam\n|-anim|p1a: Ninetales|Solar Beam|p2a: Garganacl\n|-damage|p2a: Garganacl|76\/100\n|move|p2a: Garganacl|Salt Cure|p1a: Ninetales\n|-supereffective|p1a: Ninetales\n|-damage|p1a: Ninetales|53\/100\n|-start|p1a: Ninetales|Salt Cure\n|\n|-weather|SunnyDay|[upkeep]\n|-damage|p1a: Ninetales|41\/100|[from] Salt Cure\n|upkeep\n|turn|8\n|\n|t:|1699192494\n|move|p1a: Ninetales|Fire Blast|p2a: Garganacl\n|-damage|p2a: Garganacl|47\/100\n|move|p2a: Garganacl|Recover|p2a: Garganacl\n|-heal|p2a: Garganacl|97\/100\n|\n|-weather|SunnyDay|[upkeep]\n|-damage|p1a: Ninetales|28\/100|[from] Salt Cure\n|upkeep\n|turn|9\n|-message|sussuspotussus forfeited.\n|\n|win|The power of ROCK\n|l|\u2606sussuspotussus\n","uploadtime":1699192511,"views":4,"p1id":"sussuspotussus","p2id":"thepowerofrock","formatid":"gen9nationaldexubers","rating":0,"private":0,"password":""}