{"id":"gen9nationaldexubers-1989353923","p1":"flungusdungus","p2":"meteorbower","format":"[Gen 9] National Dex Ubers","log":"|j|\u2606flungusdungus\n|j|\u2606meteorbower\n|t:|1699839868\n|gametype|singles\n|player|p1|flungusdungus|clown|\n|player|p2|meteorbower|archie-gen3|\n|teamsize|p1|6\n|teamsize|p2|6\n|gen|9\n|tier|[Gen 9] National Dex Ubers\n|rule|HP Percentage Mod: HP is shown in percentages\n|rule|Endless Battle Clause: Forcing endless battles is banned\n|rule|OHKO Clause: OHKO moves are banned\n|rule|Evasion Moves Clause: Evasion moves are banned\n|rule|Evasion Items Clause: Evasion items are banned\n|rule|Species Clause: Limit one of each Pok\u00e9mon\n|rule|Sleep Clause Mod: Limit one foe put to sleep\n|rule|Mega Rayquaza Clause: You cannot mega evolve Rayquaza\n|clearpoke\n|poke|p1|Keldeo-Resolute|\n|poke|p1|Espeon, M|\n|poke|p1|Stunfisk-Galar, M|\n|poke|p1|Blastoise, F|\n|poke|p1|Tyrantrum, M|\n|poke|p1|Weezing, F|\n|poke|p2|Keldeo|\n|poke|p2|Blastoise, F|\n|poke|p2|Slurpuff, M|\n|poke|p2|Sylveon, F|\n|poke|p2|Duraludon, M|\n|poke|p2|Conkeldurr, M|\n|teampreview\n|c|\u2606meteorbower|gl hf!!\n|c|\u2606flungusdungus|glhf\n|c|\u2606flungusdungus|posting link rq\n|c|\u2606meteorbower|\ud83d\udc4d\n|\n|t:|1699839920\n|start\n|switch|p1a: Billy Spin|Blastoise, F|100\/100\n|switch|p2a: Ruff Plus|Slurpuff, M|100\/100\n|turn|1\n|\n|t:|1699839928\n|move|p1a: Billy Spin|Fake Out|p2a: Ruff Plus\n|-damage|p2a: Ruff Plus|90\/100\n|cant|p2a: Ruff Plus|flinch\n|\n|upkeep\n|turn|2\n|\n|t:|1699839936\n|move|p1a: Billy Spin|Flash Cannon|p2a: Ruff Plus\n|-supereffective|p2a: Ruff Plus\n|-damage|p2a: Ruff Plus|24\/100\n|move|p2a: Ruff Plus|Sticky Web|p1a: Billy Spin\n|-sidestart|p1: flungusdungus|move: Sticky Web\n|\n|upkeep\n|turn|3\n|\n|t:|1699839944\n|move|p1a: Billy Spin|Rapid Spin|p2a: Ruff Plus\n|-damage|p2a: Ruff Plus|9\/100\n|-boost|p1a: Billy Spin|spe|1\n|-sideend|p1: flungusdungus|Sticky Web|[from] move: Rapid Spin|[of] p1a: Billy Spin\n|move|p2a: Ruff Plus|Endeavor|p1a: Billy Spin\n|-damage|p1a: Billy Spin|7\/100\n|\n|upkeep\n|turn|4\n|\n|t:|1699839962\n|move|p1a: Billy Spin|Rapid Spin|p2a: Ruff Plus\n|-damage|p2a: Ruff Plus|0 fnt\n|-boost|p1a: Billy Spin|spe|1\n|faint|p2a: Ruff Plus\n|\n|upkeep\n|\n|t:|1699839973\n|switch|p2a: So Bestial|Blastoise, F|100\/100\n|turn|5\n|\n|t:|1699840009\n|switch|p1a: ass|Weezing, F|100\/100\n|move|p2a: So Bestial|Flash Cannon|p1a: ass\n|-damage|p1a: ass|82\/100\n|\n|-heal|p1a: ass|88\/100|[from] item: Black Sludge\n|upkeep\n|turn|6\n|\n|t:|1699840021\n|switch|p2a: Dual Round|Duraludon, M|100\/100\n|move|p1a: ass|Will-O-Wisp|p2a: Dual Round\n|-status|p2a: Dual Round|brn\n|\n|-heal|p1a: ass|94\/100|[from] item: Black Sludge\n|-damage|p2a: Dual Round|94\/100 brn|[from] brn\n|upkeep\n|turn|7\n|\n|t:|1699840036\n|switch|p1a: SAW|Stunfisk-Galar, M|100\/100\n|move|p2a: Dual Round|Stealth Rock|p1a: SAW\n|-sidestart|p1: flungusdungus|move: Stealth Rock\n|\n|-damage|p2a: Dual Round|88\/100 brn|[from] brn\n|upkeep\n|turn|8\n|\n|t:|1699840076\n|switch|p2a: Old Eke|Keldeo|100\/100\n|move|p1a: SAW|Earthquake|p2a: Old Eke\n|-damage|p2a: Old Eke|67\/100\n|\n|-heal|p2a: Old Eke|73\/100|[from] item: Leftovers\n|upkeep\n|turn|9\n|\n|t:|1699840090\n|switch|p1a: Billy Spin|Blastoise, F|7\/100\n|move|p2a: Old Eke|Calm Mind|p2a: Old Eke\n|-boost|p2a: Old Eke|spa|1\n|-boost|p2a: Old Eke|spd|1\n|\n|-heal|p2a: Old Eke|79\/100|[from] item: Leftovers\n|upkeep\n|turn|10\n|\n|t:|1699840106\n|move|p2a: Old Eke|Aura Sphere|p1a: Billy Spin\n|-damage|p1a: Billy Spin|0 fnt\n|faint|p1a: Billy Spin\n|\n|-heal|p2a: Old Eke|86\/100|[from] item: Leftovers\n|upkeep\n|\n|t:|1699840112\n|switch|p1a: breaking news|Espeon, M|100\/100\n|-damage|p1a: breaking news|88\/100|[from] Stealth Rock\n|turn|11\n|\n|t:|1699840144\n|move|p1a: breaking news|Psyshock|p2a: Old Eke\n|-supereffective|p2a: Old Eke\n|-damage|p2a: Old Eke|0 fnt\n|faint|p2a: Old Eke\n|\n|upkeep\n|\n|t:|1699840150\n|switch|p2a: Sly Oven|Sylveon, F|100\/100\n|turn|12\n|\n|t:|1699840170\n|switch|p1a: ass|Weezing, F|94\/100\n|-damage|p1a: ass|82\/100|[from] Stealth Rock\n|move|p2a: Sly Oven|Shadow Ball|p1a: ass\n|-damage|p1a: ass|49\/100\n|\n|-heal|p1a: ass|55\/100|[from] item: Black Sludge\n|upkeep\n|turn|13\n|\n|t:|1699840197\n|switch|p2a: So Bestial|Blastoise, F|100\/100\n|move|p1a: ass|Sludge Wave|p2a: So Bestial\n|-damage|p2a: So Bestial|67\/100\n|\n|-heal|p1a: ass|61\/100|[from] item: Black Sludge\n|upkeep\n|turn|14\n|\n|t:|1699840206\n|move|p2a: So Bestial|Shell Smash|p2a: So Bestial\n|-unboost|p2a: So Bestial|def|1\n|-unboost|p2a: So Bestial|spd|1\n|-boost|p2a: So Bestial|atk|2\n|-boost|p2a: So Bestial|spa|2\n|-boost|p2a: So Bestial|spe|2\n|-enditem|p2a: So Bestial|White Herb\n|-clearnegativeboost|p2a: So Bestial|[silent]\n|move|p1a: ass|Will-O-Wisp|p2a: So Bestial\n|-status|p2a: So Bestial|brn\n|\n|-heal|p1a: ass|67\/100|[from] item: Black Sludge\n|-damage|p2a: So Bestial|61\/100 brn|[from] brn\n|upkeep\n|turn|15\n|\n|t:|1699840220\n|move|p2a: So Bestial|Scald|p1a: ass\n|-damage|p1a: ass|8\/100\n|-status|p1a: ass|brn\n|move|p1a: ass|Clear Smog|p2a: So Bestial\n|-damage|p2a: So Bestial|44\/100 brn\n|-clearboost|p2a: So Bestial\n|\n|-heal|p1a: ass|14\/100 brn|[from] item: Black Sludge\n|-damage|p2a: So Bestial|38\/100 brn|[from] brn\n|-damage|p1a: ass|8\/100 brn|[from] brn\n|upkeep\n|turn|16\n|\n|t:|1699840260\n|switch|p2a: Dual Round|Duraludon, M|88\/100 brn\n|move|p1a: ass|Memento|p2a: Dual Round\n|-unboost|p2a: Dual Round|atk|2\n|-unboost|p2a: Dual Round|spa|2\n|faint|p1a: ass\n|\n|-damage|p2a: Dual Round|82\/100 brn|[from] brn\n|upkeep\n|\n|t:|1699840268\n|switch|p1a: FUCKING T REX|Tyrantrum, M|100\/100\n|-damage|p1a: FUCKING T REX|88\/100|[from] Stealth Rock\n|turn|17\n|\n|t:|1699840311\n|switch|p2a: So Bestial|Blastoise, F|38\/100 brn\n|move|p1a: FUCKING T REX|Dragon Dance|p1a: FUCKING T REX\n|-boost|p1a: FUCKING T REX|atk|1\n|-boost|p1a: FUCKING T REX|spe|1\n|\n|-damage|p2a: So Bestial|32\/100 brn|[from] brn\n|upkeep\n|turn|18\n|\n|t:|1699840330\n|move|p1a: FUCKING T REX|Earthquake|p2a: So Bestial\n|-crit|p2a: So Bestial\n|-damage|p2a: So Bestial|0 fnt\n|faint|p2a: So Bestial\n|\n|upkeep\n|\n|t:|1699840340\n|switch|p2a: Sly Oven|Sylveon, F|100\/100\n|turn|19\n|\n|t:|1699840345\n|move|p1a: FUCKING T REX|Head Smash|p2a: Sly Oven\n|-damage|p2a: Sly Oven|0 fnt\n|faint|p2a: Sly Oven\n|-damage|p1a: FUCKING T REX|34\/100|[from] Recoil\n|\n|upkeep\n|\n|t:|1699840349\n|switch|p2a: Older Crunk|Conkeldurr, M|100\/100\n|turn|20\n|c|\u2606flungusdungus|oop\n|c|\u2606flungusdungus|s\n|c|\u2606flungusdungus|forgot rock head lmfaooo\n|c|\u2606meteorbower|RIP\n|\n|t:|1699840363\n|move|p2a: Older Crunk|Mach Punch|p1a: FUCKING T REX\n|-supereffective|p1a: FUCKING T REX\n|-enditem|p1a: FUCKING T REX|Chople Berry|[eat]\n|-enditem|p1a: FUCKING T REX|Chople Berry|[weaken]\n|-damage|p1a: FUCKING T REX|6\/100\n|move|p1a: FUCKING T REX|Play Rough|p2a: Older Crunk\n|-supereffective|p2a: Older Crunk\n|-damage|p2a: Older Crunk|26\/100\n|\n|upkeep\n|turn|21\n|\n|t:|1699840371\n|move|p2a: Older Crunk|Mach Punch|p1a: FUCKING T REX\n|-supereffective|p1a: FUCKING T REX\n|-damage|p1a: FUCKING T REX|0 fnt\n|faint|p1a: FUCKING T REX\n|\n|upkeep\n|\n|t:|1699840384\n|switch|p1a: peter.|Keldeo-Resolute|100\/100\n|-damage|p1a: peter.|94\/100|[from] Stealth Rock\n|turn|22\n|\n|t:|1699840389\n|move|p1a: peter.|Secret Sword|p2a: Older Crunk\n|-damage|p2a: Older Crunk|0 fnt\n|faint|p2a: Older Crunk\n|\n|upkeep\n|\n|t:|1699840393\n|switch|p2a: Dual Round|Duraludon, M|82\/100 brn\n|turn|23\n|\n|t:|1699840395\n|move|p1a: peter.|Secret Sword|p2a: Dual Round\n|-supereffective|p2a: Dual Round\n|-damage|p2a: Dual Round|0 fnt\n|faint|p2a: Dual Round\n|\n|win|flungusdungus\n|c|\u2606meteorbower|gg\n|c|\u2606flungusdungus|gg!\n","uploadtime":1699840402,"views":7,"p1id":"flungusdungus","p2id":"meteorbower","formatid":"gen9nationaldexubers","rating":0,"private":0,"password":""}