{"id":"gen9nationaldexubers-1983891017","p1":"Finpom","p2":"Ferrispoke","format":"[Gen 9] National Dex Ubers","log":"|j|\u2606Finpom\n|j|\u2606Ferrispoke\n|t:|1699196748\n|gametype|singles\n|player|p1|Finpom|ingo|1208\n|player|p2|Ferrispoke|266|1274\n|teamsize|p1|6\n|teamsize|p2|6\n|gen|9\n|tier|[Gen 9] National Dex Ubers\n|rated|\n|rule|HP Percentage Mod: HP is shown in percentages\n|rule|Endless Battle Clause: Forcing endless battles is banned\n|rule|OHKO Clause: OHKO moves are banned\n|rule|Evasion Moves Clause: Evasion moves are banned\n|rule|Evasion Items Clause: Evasion items are banned\n|rule|Species Clause: Limit one of each Pok\u00e9mon\n|rule|Sleep Clause Mod: Limit one foe put to sleep\n|rule|Mega Rayquaza Clause: You cannot mega evolve Rayquaza\n|clearpoke\n|poke|p1|Mawile, M|\n|poke|p1|Galvantula, F|\n|poke|p1|Weavile, F|\n|poke|p1|Gliscor, M|\n|poke|p1|Blacephalon|\n|poke|p1|Dragapult, F|\n|poke|p2|Darmanitan-Galar, F|\n|poke|p2|Flutter Mane|\n|poke|p2|Metagross|\n|poke|p2|Pheromosa|\n|poke|p2|Kingambit, M|\n|poke|p2|Rotom-Wash|\n|teampreview\n|inactive|Battle timer is ON: inactive players will automatically lose when time's up. (requested by Finpom)\n|\n|t:|1699196757\n|start\n|switch|p1a: Galvantula|Galvantula, F|100\/100\n|switch|p2a: Rotom|Rotom-Wash|100\/100\n|turn|1\n|\n|t:|1699196764\n|move|p1a: Galvantula|Sticky Web|p2a: Rotom\n|-sidestart|p2: Ferrispoke|move: Sticky Web\n|move|p2a: Rotom|Will-O-Wisp|p1a: Galvantula\n|-status|p1a: Galvantula|brn\n|\n|-damage|p1a: Galvantula|94\/100 brn|[from] brn\n|upkeep\n|turn|2\n|\n|t:|1699196770\n|move|p1a: Galvantula|Thunder Wave|p2a: Rotom\n|-immune|p2a: Rotom\n|move|p2a: Rotom|Defog|p1a: Galvantula\n|-unboost|p1a: Galvantula|evasion|1\n|-sideend|p2: Ferrispoke|Sticky Web|[from] move: Defog|[of] p2a: Rotom\n|\n|-damage|p1a: Galvantula|88\/100 brn|[from] brn\n|upkeep\n|turn|3\n|c|\u2606Finpom|oh yeah rotom is electric type\n|\n|t:|1699196780\n|move|p1a: Galvantula|Discharge|p2a: Rotom\n|-damage|p2a: Rotom|71\/100\n|move|p2a: Rotom|Hydro Pump|p1a: Galvantula\n|-damage|p1a: Galvantula|32\/100 brn\n|\n|-damage|p1a: Galvantula|26\/100 brn|[from] brn\n|upkeep\n|turn|4\n|\n|t:|1699196790\n|switch|p1a: Dragapult|Dragapult, F|100\/100\n|move|p2a: Rotom|Hydro Pump|p1a: Dragapult\n|-resisted|p1a: Dragapult\n|-damage|p1a: Dragapult|75\/100\n|\n|upkeep\n|turn|5\n|\n|t:|1699196799\n|move|p1a: Dragapult|Dragon Darts|p2a: Rotom\n|-damage|p2a: Rotom|44\/100\n|-anim|p1a: Dragapult|Dragon Darts|p2a: Rotom\n|-crit|p2a: Rotom\n|-damage|p2a: Rotom|1\/100\n|move|p2a: Rotom|Will-O-Wisp|p1a: Dragapult\n|-status|p1a: Dragapult|brn\n|\n|-damage|p1a: Dragapult|69\/100 brn|[from] brn\n|upkeep\n|turn|6\n|\n|t:|1699196813\n|switch|p2a: Flutter Mane|Flutter Mane|100\/100\n|-enditem|p2a: Flutter Mane|Booster Energy\n|-activate|p2a: Flutter Mane|ability: Protosynthesis|[fromitem]\n|-start|p2a: Flutter Mane|protosynthesisspe\n|move|p1a: Dragapult|Dragon Darts|p2a: Flutter Mane\n|-immune|p2a: Flutter Mane\n|\n|-damage|p1a: Dragapult|63\/100 brn|[from] brn\n|upkeep\n|turn|7\n|\n|t:|1699196821\n|switch|p1a: Mawile|Mawile, M|100\/100\n|move|p2a: Flutter Mane|Moonblast|p1a: Mawile\n|-resisted|p1a: Mawile\n|-damage|p1a: Mawile|59\/100\n|\n|upkeep\n|turn|8\n|\n|t:|1699196828\n|detailschange|p1a: Mawile|Mawile-Mega, M\n|-mega|p1a: Mawile|Mawile|Mawilite\n|move|p2a: Flutter Mane|Moonblast|p1a: Mawile\n|-resisted|p1a: Mawile\n|-damage|p1a: Mawile|31\/100\n|move|p1a: Mawile|Iron Head|p2a: Flutter Mane\n|-supereffective|p2a: Flutter Mane\n|-damage|p2a: Flutter Mane|0 fnt\n|faint|p2a: Flutter Mane\n|-end|p2a: Flutter Mane|Protosynthesis|[silent]\n|\n|upkeep\n|inactive|Ferrispoke has 120 seconds left.\n|\n|t:|1699196860\n|switch|p2a: Darmanitan|Darmanitan-Galar, F|100\/100\n|turn|9\n|\n|t:|1699196865\n|move|p1a: Mawile|Sucker Punch|p2a: Darmanitan\n|-damage|p2a: Darmanitan|34\/100\n|move|p2a: Darmanitan|U-turn|p1a: Mawile\n|-resisted|p1a: Mawile\n|-damage|p1a: Mawile|23\/100\n|\n|t:|1699196869\n|switch|p2a: Kingambit|Kingambit, M|100\/100|[from] U-turn\n|-activate|p2a: Kingambit|ability: Supreme Overlord\n|-start|p2a: Kingambit|fallen1|[silent]\n|\n|upkeep\n|turn|10\n|\n|t:|1699196879\n|-terastallize|p2a: Kingambit|Fire\n|move|p1a: Mawile|Sucker Punch|p2a: Kingambit\n|-damage|p2a: Kingambit|67\/100\n|move|p2a: Kingambit|Tera Blast|p1a: Mawile|[anim] Tera Blast Fire\n|-supereffective|p1a: Mawile\n|-damage|p1a: Mawile|0 fnt\n|faint|p1a: Mawile\n|-damage|p2a: Kingambit|57\/100|[from] item: Life Orb\n|\n|upkeep\n|\n|t:|1699196886\n|switch|p1a: Gliscor|Gliscor, M|100\/100\n|turn|11\n|\n|t:|1699196891\n|-end|p2a: Kingambit|fallen1|[silent]\n|switch|p2a: Rotom|Rotom-Wash|1\/100\n|move|p1a: Gliscor|Stealth Rock|p2a: Rotom\n|-sidestart|p2: Ferrispoke|move: Stealth Rock\n|\n|-status|p1a: Gliscor|tox|[from] item: Toxic Orb\n|upkeep\n|turn|12\n|\n|t:|1699196902\n|move|p1a: Gliscor|Toxic|p2a: Rotom\n|-status|p2a: Rotom|tox\n|move|p2a: Rotom|Defog|p1a: Gliscor\n|-unboost|p1a: Gliscor|evasion|1\n|-sideend|p2: Ferrispoke|Stealth Rock|[from] move: Defog|[of] p2a: Rotom\n|\n|-damage|p2a: Rotom|0 fnt|[from] psn\n|faint|p2a: Rotom\n|upkeep\n|\n|t:|1699196910\n|switch|p2a: Pheromosa|Pheromosa, shiny|100\/100\n|turn|13\n|\n|t:|1699196916\n|move|p2a: Pheromosa|Triple Axel|p1a: Gliscor\n|-supereffective|p1a: Gliscor\n|-damage|p1a: Gliscor|80\/100 tox\n|-supereffective|p1a: Gliscor\n|-damage|p1a: Gliscor|41\/100 tox\n|-supereffective|p1a: Gliscor\n|-damage|p1a: Gliscor|0 fnt\n|faint|p1a: Gliscor\n|-ability|p2a: Pheromosa|Beast Boost|boost\n|-boost|p2a: Pheromosa|atk|1\n|-hitcount|p1: Gliscor|3\n|\n|upkeep\n|\n|t:|1699196925\n|switch|p1a: Blacephalon|Blacephalon|100\/100\n|turn|14\n|\n|t:|1699196929\n|move|p2a: Pheromosa|Triple Axel|p1a: Blacephalon\n|-resisted|p1a: Blacephalon\n|-damage|p1a: Blacephalon|86\/100\n|-resisted|p1a: Blacephalon\n|-damage|p1a: Blacephalon|57\/100\n|-resisted|p1a: Blacephalon\n|-damage|p1a: Blacephalon|17\/100\n|-hitcount|p1a: Blacephalon|3\n|move|p1a: Blacephalon|Psyshock|p2a: Pheromosa\n|-supereffective|p2a: Pheromosa\n|-damage|p2a: Pheromosa|0 fnt\n|faint|p2a: Pheromosa\n|-ability|p1a: Blacephalon|Beast Boost|boost\n|-boost|p1a: Blacephalon|spa|1\n|\n|upkeep\n|\n|t:|1699196938\n|switch|p2a: Darmanitan|Darmanitan-Galar, F|34\/100\n|turn|15\n|\n|t:|1699196944\n|move|p2a: Darmanitan|U-turn|p1a: Blacephalon\n|-resisted|p1a: Blacephalon\n|-damage|p1a: Blacephalon|0 fnt\n|faint|p1a: Blacephalon\n|\n|t:|1699196950\n|switch|p2a: Metagross|Metagross, shiny|100\/100|[from] U-turn\n|\n|upkeep\n|c|\u2606Finpom|why are you running 2 scarfed mons with over 100 base speed\n|\n|t:|1699196958\n|switch|p1a: Weavile|Weavile, F|100\/100\n|-ability|p1a: Weavile|Pressure\n|turn|16\n|\n|t:|1699196970\n|detailschange|p2a: Metagross|Metagross-Mega, shiny\n|-mega|p2a: Metagross|Metagross|Metagrossite\n|move|p1a: Weavile|Fake Out|p2a: Metagross\n|-resisted|p2a: Metagross\n|-damage|p2a: Metagross|95\/100\n|cant|p2a: Metagross|flinch\n|\n|upkeep\n|turn|17\n|c|\u2606Finpom|that blacephalon is scarf??\n|\n|t:|1699196976\n|move|p2a: Metagross|Bullet Punch|p1a: Weavile\n|-supereffective|p1a: Weavile\n|-enditem|p1a: Weavile|Focus Sash\n|-damage|p1a: Weavile|1\/100\n|move|p1a: Weavile|Knock Off|p2a: Metagross\n|-supereffective|p2a: Metagross\n|-damage|p2a: Metagross|41\/100\n|\n|upkeep\n|turn|18\n|\n|t:|1699196991\n|move|p1a: Weavile|Ice Shard|p2a: Metagross\n|-resisted|p2a: Metagross\n|-damage|p2a: Metagross|33\/100\n|move|p2a: Metagross|Bullet Punch|p1a: Weavile\n|-supereffective|p1a: Weavile\n|-damage|p1a: Weavile|0 fnt\n|faint|p1a: Weavile\n|\n|upkeep\n|\n|t:|1699197000\n|switch|p1a: Dragapult|Dragapult, F|63\/100 brn\n|turn|19\n|c|\u2606Ferrispoke|yes\n|\n|t:|1699197020\n|move|p1a: Dragapult|Sucker Punch|p2a: Metagross\n|-supereffective|p2a: Metagross\n|-damage|p2a: Metagross|6\/100\n|move|p2a: Metagross|Bullet Punch|p1a: Dragapult\n|-damage|p1a: Dragapult|23\/100 brn\n|\n|-damage|p1a: Dragapult|17\/100 brn|[from] brn\n|upkeep\n|turn|20\n|\n|t:|1699197024\n|move|p1a: Dragapult|Sucker Punch|p2a: Metagross\n|-supereffective|p2a: Metagross\n|-damage|p2a: Metagross|0 fnt\n|faint|p2a: Metagross\n|\n|-damage|p1a: Dragapult|11\/100 brn|[from] brn\n|upkeep\n|\n|t:|1699197027\n|switch|p2a: Kingambit|Kingambit, M, tera:Fire|57\/100\n|-activate|p2a: Kingambit|ability: Supreme Overlord\n|-start|p2a: Kingambit|fallen4|[silent]\n|turn|21\n|\n|t:|1699197030\n|move|p1a: Dragapult|Sucker Punch|p2a: Kingambit\n|-damage|p2a: Kingambit|45\/100\n|move|p2a: Kingambit|Sucker Punch||[still]\n|-fail|p2a: Kingambit\n|\n|-damage|p1a: Dragapult|5\/100 brn|[from] brn\n|upkeep\n|turn|22\n|\n|t:|1699197035\n|move|p1a: Dragapult|Sucker Punch|p2a: Kingambit\n|-damage|p2a: Kingambit|32\/100\n|move|p2a: Kingambit|Sucker Punch||[still]\n|-fail|p2a: Kingambit\n|\n|-damage|p1a: Dragapult|0 fnt|[from] brn\n|faint|p1a: Dragapult\n|upkeep\n|\n|t:|1699197039\n|switch|p1a: Galvantula|Galvantula, F|26\/100 brn\n|turn|23\n|\n|t:|1699197042\n|move|p1a: Galvantula|Protect|p1a: Galvantula\n|-singleturn|p1a: Galvantula|Protect\n|move|p2a: Kingambit|Sucker Punch||[still]\n|-fail|p2a: Kingambit\n|\n|-damage|p1a: Galvantula|20\/100 brn|[from] brn\n|upkeep\n|turn|24\n|\n|t:|1699197046\n|move|p2a: Kingambit|Sucker Punch||[still]\n|-fail|p2a: Kingambit\n|move|p1a: Galvantula|Thunder Wave|p2a: Kingambit\n|-status|p2a: Kingambit|par\n|\n|-damage|p1a: Galvantula|14\/100 brn|[from] brn\n|upkeep\n|turn|25\n|\n|t:|1699197050\n|cant|p2a: Kingambit|par\n|move|p1a: Galvantula|Sticky Web|p2a: Kingambit\n|-sidestart|p2: Ferrispoke|move: Sticky Web\n|\n|-damage|p1a: Galvantula|7\/100 brn|[from] brn\n|upkeep\n|turn|26\n|\n|t:|1699197054\n|move|p1a: Galvantula|Protect|p1a: Galvantula\n|-singleturn|p1a: Galvantula|Protect\n|move|p2a: Kingambit|Sucker Punch||[still]\n|-fail|p2a: Kingambit\n|\n|-damage|p1a: Galvantula|1\/100 brn|[from] brn\n|upkeep\n|turn|27\n|\n|t:|1699197059\n|cant|p2a: Kingambit|par\n|move|p1a: Galvantula|Sticky Web||[still]\n|-fail|p1a: Galvantula\n|\n|-damage|p1a: Galvantula|0 fnt|[from] brn\n|faint|p1a: Galvantula\n|\n|win|Ferrispoke\n|upkeep\n|raw|Finpom's rating: 1208 &rarr; <strong>1188<\/strong><br \/>(-20 for losing)\n|raw|Ferrispoke's rating: 1274 &rarr; <strong>1294<\/strong><br \/>(+20 for winning)\n|l|\u2606Finpom\n","uploadtime":1699197157,"views":4,"p1id":"finpom","p2id":"ferrispoke","formatid":"gen9nationaldexubers","rating":1188,"private":0,"password":""}