{"id":"gen9nationaldexubers-1985699747","p1":"Lunar Sloth","p2":"pawket","format":"[Gen 9] National Dex Ubers","log":"|j|\u2606Lunar Sloth\n|j|\u2606pawket\n|t:|1699397022\n|gametype|singles\n|player|p1|Lunar Sloth|marley|\n|player|p2|pawket|bugcatcher-gen4dp|\n|teamsize|p1|6\n|teamsize|p2|6\n|gen|9\n|tier|[Gen 9] National Dex Ubers\n|rule|HP Percentage Mod: HP is shown in percentages\n|rule|Endless Battle Clause: Forcing endless battles is banned\n|rule|OHKO Clause: OHKO moves are banned\n|rule|Evasion Moves Clause: Evasion moves are banned\n|rule|Evasion Items Clause: Evasion items are banned\n|rule|Species Clause: Limit one of each Pok\u00e9mon\n|rule|Sleep Clause Mod: Limit one foe put to sleep\n|rule|Mega Rayquaza Clause: You cannot mega evolve Rayquaza\n|clearpoke\n|poke|p1|Blissey, F|\n|poke|p1|Slowbro, F|\n|poke|p1|Slither Wing|\n|poke|p1|Celesteela|\n|poke|p1|Weezing, F|\n|poke|p1|Silvally-*|\n|poke|p2|Hatterene, F|\n|poke|p2|Ursaluna-Bloodmoon, M|\n|poke|p2|Glastrier|\n|poke|p2|Volcarona, F|\n|poke|p2|Grimmsnarl, M|\n|poke|p2|Forretress, F|\n|teampreview\n|c|\u2606pawket|I am on shitty mobile.\n|j| Demolution545\n|j| ZBFusion\n|j| m444rf\n|c|\u2606pawket|I've been trying to mentally prepare all day\n|c|\u2606pawket|For how bad I'm gonna get destroyed\n|c|\u2606Lunar Sloth|dont say that!\n|c|\u2606Lunar Sloth|now ill lose\n|c|\u2606Lunar Sloth|smh\n|c|\u2606pawket|It's my only shot\n|c|\u2606Lunar Sloth|gl hf :3\n|c|\u2606pawket|You always stomp me in singles\n|c|\u2606pawket|glhf\n|\n|t:|1699397170\n|start\n|switch|p1a: Weezing|Weezing, F|100\/100\n|switch|p2a: Hatterene|Hatterene, F|100\/100\n|-ability|p1a: Weezing|Neutralizing Gas\n|turn|1\n|\n|t:|1699397185\n|-end|p1a: Weezing|ability: Neutralizing Gas\n|switch|p1a: Celesteela|Celesteela|100\/100\n|move|p2a: Hatterene|Trick Room|p2a: Hatterene\n|-fieldstart|move: Trick Room|[of] p2a: Hatterene\n|\n|upkeep\n|turn|2\n|\n|t:|1699397197\n|move|p1a: Celesteela|Protect|p1a: Celesteela\n|-singleturn|p1a: Celesteela|Protect\n|move|p2a: Hatterene|Mystical Fire|p1a: Celesteela\n|-activate|p1a: Celesteela|move: Protect\n|\n|upkeep\n|turn|3\n|\n|t:|1699397219\n|switch|p2a: Forretress|Forretress, F|100\/100\n|switch|p1a: Slowbro|Slowbro, F|100\/100\n|\n|upkeep\n|turn|4\n|\n|t:|1699397227\n|switch|p1a: Weezing|Weezing, F|100\/100\n|-ability|p1a: Weezing|Neutralizing Gas\n|move|p2a: Forretress|Stealth Rock|p1a: Weezing\n|-sidestart|p1: Lunar Sloth|move: Stealth Rock\n|\n|upkeep\n|turn|5\n|\n|t:|1699397240\n|move|p2a: Forretress|Volt Switch|p1a: Weezing\n|-damage|p1a: Weezing|85\/100\n|\n|t:|1699397250\n|switch|p2a: Ursaluna|Ursaluna-Bloodmoon, M|100\/100|[from] Volt Switch\n|move|p1a: Weezing|Flamethrower|p2a: Ursaluna\n|-damage|p2a: Ursaluna|79\/100\n|-status|p2a: Ursaluna|brn\n|\n|-heal|p1a: Weezing|91\/100|[from] item: Leftovers\n|-damage|p2a: Ursaluna|72\/100 brn|[from] brn\n|-fieldend|move: Trick Room\n|upkeep\n|turn|6\n|\n|t:|1699397265\n|-end|p1a: Weezing|ability: Neutralizing Gas\n|switch|p1a: Blissey|Blissey, F|100\/100\n|-damage|p1a: Blissey|88\/100|[from] Stealth Rock\n|move|p2a: Ursaluna|Moonlight|p2a: Ursaluna\n|-heal|p2a: Ursaluna|100\/100 brn\n|\n|-heal|p1a: Blissey|94\/100|[from] item: Leftovers\n|-damage|p2a: Ursaluna|94\/100 brn|[from] brn\n|upkeep\n|turn|7\n|\n|t:|1699397277\n|move|p1a: Blissey|Seismic Toss|p2a: Ursaluna\n|-damage|p2a: Ursaluna|71\/100 brn\n|move|p2a: Ursaluna|Taunt|p1a: Blissey\n|-start|p1a: Blissey|move: Taunt\n|\n|-heal|p1a: Blissey|100\/100|[from] item: Leftovers\n|-damage|p2a: Ursaluna|64\/100 brn|[from] brn\n|upkeep\n|turn|8\n|\n|t:|1699397289\n|switch|p1a: Celesteela|Celesteela|100\/100\n|-damage|p1a: Celesteela|88\/100|[from] Stealth Rock\n|switch|p2a: Forretress|Forretress, F|100\/100\n|\n|-heal|p1a: Celesteela|94\/100|[from] item: Leftovers\n|upkeep\n|turn|9\n|\n|t:|1699397306\n|switch|p1a: Weezing|Weezing, F|91\/100\n|-ability|p1a: Weezing|Neutralizing Gas\n|-damage|p1a: Weezing|78\/100|[from] Stealth Rock\n|move|p2a: Forretress|Spikes|p1a: Weezing\n|-sidestart|p1: Lunar Sloth|Spikes\n|\n|-heal|p1a: Weezing|84\/100|[from] item: Leftovers\n|upkeep\n|turn|10\n|\n|t:|1699397317\n|-end|p1a: Weezing|ability: Neutralizing Gas\n|switch|p1a: Silvally|Silvally-Ground|100\/100\n|-damage|p1a: Silvally|94\/100|[from] Stealth Rock\n|-damage|p1a: Silvally|82\/100|[from] Spikes\n|move|p2a: Forretress|Volt Switch|p1a: Silvally\n|-immune|p1a: Silvally\n|\n|upkeep\n|turn|11\n|\n|t:|1699397330\n|switch|p2a: Grimmsnarl|Grimmsnarl, M|100\/100\n|move|p1a: Silvally|Defog|p2a: Grimmsnarl\n|-unboost|p2a: Grimmsnarl|evasion|1\n|-sideend|p1: Lunar Sloth|Spikes|[from] move: Defog|[of] p1a: Silvally\n|-sideend|p1: Lunar Sloth|Stealth Rock|[from] move: Defog|[of] p1a: Silvally\n|\n|upkeep\n|turn|12\n|\n|t:|1699397338\n|switch|p1a: Weezing|Weezing, F|84\/100\n|-ability|p1a: Weezing|Neutralizing Gas\n|move|p2a: Grimmsnarl|Spirit Break|p1a: Weezing\n|-resisted|p1a: Weezing\n|-damage|p1a: Weezing|74\/100\n|-unboost|p1a: Weezing|spa|1\n|\n|-heal|p1a: Weezing|80\/100|[from] item: Leftovers\n|upkeep\n|turn|13\n|\n|t:|1699397349\n|move|p2a: Grimmsnarl|Parting Shot|p1a: Weezing\n|-unboost|p1a: Weezing|atk|1\n|-unboost|p1a: Weezing|spa|1\n|\n|t:|1699397359\n|switch|p2a: Ursaluna|Ursaluna-Bloodmoon, M|64\/100 brn|[from] Parting Shot\n|move|p1a: Weezing|Toxic Spikes|p2a: Ursaluna\n|-sidestart|p2: pawket|move: Toxic Spikes\n|\n|-heal|p1a: Weezing|86\/100|[from] item: Leftovers\n|-damage|p2a: Ursaluna|58\/100 brn|[from] brn\n|upkeep\n|turn|14\n|\n|t:|1699397371\n|-end|p1a: Weezing|ability: Neutralizing Gas\n|switch|p1a: Blissey|Blissey, F|100\/100\n|move|p2a: Ursaluna|Blood Moon|p1a: Blissey\n|-damage|p1a: Blissey|68\/100\n|-damage|p2a: Ursaluna|48\/100 brn|[from] item: Life Orb\n|\n|-heal|p1a: Blissey|74\/100|[from] item: Leftovers\n|-damage|p2a: Ursaluna|42\/100 brn|[from] brn\n|upkeep\n|turn|15\n|\n|t:|1699397388\n|-terastallize|p2a: Ursaluna|Ghost\n|move|p1a: Blissey|Calm Mind|p1a: Blissey\n|-boost|p1a: Blissey|spa|1\n|-boost|p1a: Blissey|spd|1\n|move|p2a: Ursaluna|Moonlight|p2a: Ursaluna\n|-heal|p2a: Ursaluna|92\/100 brn\n|\n|-heal|p1a: Blissey|80\/100|[from] item: Leftovers\n|-damage|p2a: Ursaluna|86\/100 brn|[from] brn\n|upkeep\n|turn|16\n|\n|t:|1699397399\n|move|p1a: Blissey|Shadow Ball|p2a: Ursaluna\n|-supereffective|p2a: Ursaluna\n|-damage|p2a: Ursaluna|36\/100 brn\n|move|p2a: Ursaluna|Taunt|p1a: Blissey\n|-start|p1a: Blissey|move: Taunt\n|\n|-heal|p1a: Blissey|86\/100|[from] item: Leftovers\n|-damage|p2a: Ursaluna|30\/100 brn|[from] brn\n|upkeep\n|turn|17\n|c|\u2606pawket|Wtf\n|j| VoIteon\n|\n|t:|1699397416\n|switch|p2a: Glastrier|Glastrier|100\/100\n|-status|p2a: Glastrier|psn\n|move|p1a: Blissey|Shadow Ball|p2a: Glastrier\n|-damage|p2a: Glastrier|85\/100 psn\n|-unboost|p2a: Glastrier|spd|1\n|\n|-heal|p1a: Blissey|93\/100|[from] item: Leftovers\n|-damage|p2a: Glastrier|73\/100 psn|[from] psn\n|upkeep\n|turn|18\n|c| VoIteon|What\n|c|\u2606Lunar Sloth|abnormal\n|c| VoIteon|Shadow ball is crazy\n|c|\u2606pawket|WTF\n|\n|t:|1699397435\n|switch|p1a: Slowbro|Slowbro, F|100\/100\n|move|p2a: Glastrier|Swords Dance|p2a: Glastrier\n|-boost|p2a: Glastrier|atk|2\n|-enditem|p1a: Slowbro|Mirror Herb\n|-boost|p1a: Slowbro|atk|2|[from] item: Mirror Herb\n|\n|-damage|p2a: Glastrier|60\/100 psn|[from] psn\n|upkeep\n|turn|19\n|c| m444rf|zoinks\n|c|\u2606pawket|W T F\n|\n|t:|1699397454\n|move|p1a: Slowbro|Scald|p2a: Glastrier\n|-damage|p2a: Glastrier|25\/100 psn\n|move|p2a: Glastrier|High Horsepower|p1a: Slowbro\n|-damage|p1a: Slowbro|48\/100\n|\n|-damage|p2a: Glastrier|12\/100 psn|[from] psn\n|upkeep\n|turn|20\n|c| VoIteon|What is moonstone cookin\n|c|\u2606pawket|meth\n|c|\u2606Lunar Sloth|(mirror herb wasnt for glastier but dont worry)\n|c|\u2606Lunar Sloth|my belly drum slowbro goes hard\n|\n|t:|1699397489\n|move|p1a: Slowbro|Scald|p2a: Glastrier\n|-damage|p2a: Glastrier|0 fnt\n|faint|p2a: Glastrier\n|\n|upkeep\n|\n|t:|1699397496\n|switch|p2a: Hatterene|Hatterene, F|100\/100\n|-status|p2a: Hatterene|psn\n|turn|21\n|\n|t:|1699397502\n|switch|p1a: Celesteela|Celesteela|94\/100\n|move|p2a: Hatterene|Trick Room|p2a: Hatterene\n|-fieldstart|move: Trick Room|[of] p2a: Hatterene\n|\n|-heal|p1a: Celesteela|99\/100|[from] item: Leftovers\n|-damage|p2a: Hatterene|88\/100 psn|[from] psn\n|upkeep\n|turn|22\n|c| VoIteon|Quiver dance slowbro\n|\n|t:|1699397521\n|switch|p2a: Grimmsnarl|Grimmsnarl, M|100\/100\n|-status|p2a: Grimmsnarl|psn\n|move|p1a: Celesteela|Flash Cannon|p2a: Grimmsnarl\n|-supereffective|p2a: Grimmsnarl\n|-damage|p2a: Grimmsnarl|54\/100 psn\n|\n|-heal|p1a: Celesteela|100\/100|[from] item: Leftovers\n|-damage|p2a: Grimmsnarl|42\/100 psn|[from] psn\n|upkeep\n|turn|23\n|\n|t:|1699397534\n|move|p2a: Grimmsnarl|Light Screen|p2a: Grimmsnarl\n|-sidestart|p2: pawket|move: Light Screen\n|move|p1a: Celesteela|Leech Seed|p2a: Grimmsnarl\n|-start|p2a: Grimmsnarl|move: Leech Seed\n|\n|-damage|p2a: Grimmsnarl|29\/100 psn|[from] Leech Seed|[of] p1a: Celesteela\n|-damage|p2a: Grimmsnarl|17\/100 psn|[from] psn\n|upkeep\n|turn|24\n|\n|t:|1699397552\n|switch|p1a: Silvally|Silvally-Ground|82\/100\n|move|p2a: Grimmsnarl|Reflect|p2a: Grimmsnarl\n|-sidestart|p2: pawket|Reflect\n|\n|-damage|p2a: Grimmsnarl|5\/100 psn|[from] Leech Seed|[of] p1a: Silvally\n|-heal|p1a: Silvally|94\/100|[silent]\n|-damage|p2a: Grimmsnarl|0 fnt|[from] psn\n|faint|p2a: Grimmsnarl\n|upkeep\n|\n|t:|1699397569\n|switch|p2a: Ursaluna|Ursaluna-Bloodmoon, M, tera:Ghost|30\/100 brn\n|turn|25\n|\n|t:|1699397578\n|switch|p1a: Celesteela|Celesteela|100\/100\n|move|p2a: Ursaluna|Blood Moon|p1a: Celesteela\n|-resisted|p1a: Celesteela\n|-damage|p1a: Celesteela|66\/100\n|-damage|p2a: Ursaluna|20\/100 brn|[from] item: Life Orb\n|\n|-heal|p1a: Celesteela|72\/100|[from] item: Leftovers\n|-damage|p2a: Ursaluna|14\/100 brn|[from] brn\n|-fieldend|move: Trick Room\n|upkeep\n|turn|26\n|l| ZBFusion\n|\n|t:|1699397590\n|move|p1a: Celesteela|Flash Cannon|p2a: Ursaluna\n|-damage|p2a: Ursaluna|0 fnt\n|faint|p2a: Ursaluna\n|-ability|p1a: Celesteela|Beast Boost|boost\n|-boost|p1a: Celesteela|spd|1\n|\n|-heal|p1a: Celesteela|78\/100|[from] item: Leftovers\n|upkeep\n|\n|t:|1699397598\n|switch|p2a: Volcarona|Volcarona, F|100\/100\n|-status|p2a: Volcarona|psn\n|turn|27\n|\n|t:|1699397606\n|move|p2a: Volcarona|Quiver Dance|p2a: Volcarona\n|-boost|p2a: Volcarona|spa|1\n|-boost|p2a: Volcarona|spd|1\n|-boost|p2a: Volcarona|spe|1\n|move|p1a: Celesteela|Leech Seed|p2a: Volcarona\n|-start|p2a: Volcarona|move: Leech Seed\n|\n|-heal|p1a: Celesteela|84\/100|[from] item: Leftovers\n|-damage|p2a: Volcarona|88\/100 psn|[from] Leech Seed|[of] p1a: Celesteela\n|-heal|p1a: Celesteela|93\/100|[silent]\n|-damage|p2a: Volcarona|76\/100 psn|[from] psn\n|upkeep\n|turn|28\n|c| m444rf|every time it clicks blood moon my flabber is gasted at how much it does\n|\n|t:|1699397618\n|-terastallize|p1a: Celesteela|Dragon\n|move|p2a: Volcarona|Fiery Dance|p1a: Celesteela\n|-resisted|p1a: Celesteela\n|-damage|p1a: Celesteela|76\/100\n|-boost|p2a: Volcarona|spa|1\n|-damage|p2a: Volcarona|66\/100 psn|[from] item: Life Orb\n|move|p1a: Celesteela|Rock Slide|p2a: Volcarona\n|-supereffective|p2a: Volcarona\n|-damage|p2a: Volcarona|11\/100 psn\n|\n|-heal|p1a: Celesteela|82\/100|[from] item: Leftovers\n|-damage|p2a: Volcarona|0 fnt|[from] Leech Seed|[of] p1a: Celesteela\n|-heal|p1a: Celesteela|90\/100|[silent]\n|faint|p2a: Volcarona\n|upkeep\n|\n|t:|1699397634\n|switch|p2a: Hatterene|Hatterene, F|88\/100 psn\n|turn|29\n|\n|t:|1699397638\n|move|p1a: Celesteela|Flash Cannon|p2a: Hatterene\n|-supereffective|p2a: Hatterene\n|-damage|p2a: Hatterene|57\/100 psn\n|-unboost|p2a: Hatterene|spd|1\n|move|p2a: Hatterene|Misty Explosion|p1a: Celesteela\n|-supereffective|p1a: Celesteela\n|-damage|p1a: Celesteela|32\/100\n|faint|p2a: Hatterene\n|\n|-heal|p1a: Celesteela|38\/100|[from] item: Leftovers\n|upkeep\n|\n|t:|1699397651\n|switch|p2a: Forretress|Forretress, F|100\/100\n|turn|30\n|\n|t:|1699397661\n|move|p1a: Celesteela|Leech Seed|p2a: Forretress|[miss]\n|-miss|p1a: Celesteela|p2a: Forretress\n|move|p2a: Forretress|Rapid Spin|p1a: Celesteela\n|-damage|p1a: Celesteela|31\/100\n|-boost|p2a: Forretress|spe|1\n|-sideend|p2: pawket|Toxic Spikes|[from] move: Rapid Spin|[of] p2a: Forretress\n|\n|-heal|p1a: Celesteela|37\/100|[from] item: Leftovers\n|-sideend|p2: pawket|move: Light Screen\n|upkeep\n|turn|31\n|\n|t:|1699397671\n|switch|p1a: Weezing|Weezing, F|86\/100\n|-ability|p1a: Weezing|Neutralizing Gas\n|move|p2a: Forretress|Rapid Spin|p1a: Weezing\n|-damage|p1a: Weezing|80\/100\n|-boost|p2a: Forretress|spe|1\n|\n|-heal|p1a: Weezing|86\/100|[from] item: Leftovers\n|-sideend|p2: pawket|Reflect\n|upkeep\n|turn|32\n|\n|t:|1699397682\n|move|p2a: Forretress|Rapid Spin|p1a: Weezing\n|-damage|p1a: Weezing|79\/100\n|-boost|p2a: Forretress|spe|1\n|move|p1a: Weezing|Flamethrower|p2a: Forretress\n|-supereffective|p2a: Forretress\n|-damage|p2a: Forretress|27\/100\n|\n|-heal|p1a: Weezing|85\/100|[from] item: Leftovers\n|upkeep\n|turn|33\n|c|\u2606pawket|Won't even let me get to +6 smh\n|c|\u2606Lunar Sloth|hm\n|c|\u2606Lunar Sloth|ok\n|\n|t:|1699397705\n|move|p2a: Forretress|Rapid Spin|p1a: Weezing\n|-damage|p1a: Weezing|79\/100\n|-boost|p2a: Forretress|spe|1\n|move|p1a: Weezing|Haze|p1a: Weezing\n|-clearallboost\n|\n|-heal|p1a: Weezing|85\/100|[from] item: Leftovers\n|upkeep\n|turn|34\n|c|\u2606pawket|Scared\n|\n|t:|1699397716\n|move|p1a: Weezing|Toxic Spikes|p2a: Forretress\n|-sidestart|p2: pawket|move: Toxic Spikes\n|move|p2a: Forretress|Rapid Spin|p1a: Weezing\n|-damage|p1a: Weezing|78\/100\n|-boost|p2a: Forretress|spe|1\n|-sideend|p2: pawket|Toxic Spikes|[from] move: Rapid Spin|[of] p2a: Forretress\n|\n|-heal|p1a: Weezing|84\/100|[from] item: Leftovers\n|upkeep\n|turn|35\n|c|\u2606Lunar Sloth|u can get +6\n|\n|t:|1699397725\n|move|p2a: Forretress|Rapid Spin|p1a: Weezing\n|-damage|p1a: Weezing|77\/100\n|-boost|p2a: Forretress|spe|1\n|move|p1a: Weezing|Toxic Spikes|p2a: Forretress\n|-sidestart|p2: pawket|move: Toxic Spikes\n|\n|-heal|p1a: Weezing|83\/100|[from] item: Leftovers\n|upkeep\n|turn|36\n|\n|t:|1699397733\n|move|p2a: Forretress|Rapid Spin|p1a: Weezing\n|-damage|p1a: Weezing|77\/100\n|-boost|p2a: Forretress|spe|1\n|-sideend|p2: pawket|Toxic Spikes|[from] move: Rapid Spin|[of] p2a: Forretress\n|move|p1a: Weezing|Toxic Spikes|p2a: Forretress\n|-sidestart|p2: pawket|move: Toxic Spikes\n|\n|-heal|p1a: Weezing|83\/100|[from] item: Leftovers\n|upkeep\n|turn|37\n|\n|t:|1699397745\n|move|p2a: Forretress|Rapid Spin|p1a: Weezing\n|-damage|p1a: Weezing|76\/100\n|-boost|p2a: Forretress|spe|1\n|-sideend|p2: pawket|Toxic Spikes|[from] move: Rapid Spin|[of] p2a: Forretress\n|move|p1a: Weezing|Toxic Spikes|p2a: Forretress\n|-sidestart|p2: pawket|move: Toxic Spikes\n|\n|-heal|p1a: Weezing|82\/100|[from] item: Leftovers\n|upkeep\n|turn|38\n|\n|t:|1699397753\n|move|p2a: Forretress|Rapid Spin|p1a: Weezing\n|-damage|p1a: Weezing|76\/100\n|-boost|p2a: Forretress|spe|1\n|-sideend|p2: pawket|Toxic Spikes|[from] move: Rapid Spin|[of] p2a: Forretress\n|move|p1a: Weezing|Toxic Spikes|p2a: Forretress\n|-sidestart|p2: pawket|move: Toxic Spikes\n|\n|-heal|p1a: Weezing|82\/100|[from] item: Leftovers\n|upkeep\n|turn|39\n|\n|t:|1699397762\n|move|p2a: Forretress|Rapid Spin|p1a: Weezing\n|-damage|p1a: Weezing|74\/100\n|-boost|p2a: Forretress|spe|1\n|-sideend|p2: pawket|Toxic Spikes|[from] move: Rapid Spin|[of] p2a: Forretress\n|move|p1a: Weezing|Flamethrower|p2a: Forretress\n|-supereffective|p2a: Forretress\n|-damage|p2a: Forretress|0 fnt\n|faint|p2a: Forretress\n|\n|win|Lunar Sloth\n|c|\u2606pawket|based\n","uploadtime":1699397772,"views":23,"p1id":"lunarsloth","p2id":"pawket","formatid":"gen9nationaldexubers","rating":0,"private":0,"password":""}