{"id":"gen9nationaldexubers-1998018671","p1":"Czar_agon","p2":"speedykidyo","format":"[Gen 9] National Dex Ubers","log":"|j|\u2606Czar_agon\n|j|\u2606speedykidyo\n|t:|1700879647\n|gametype|singles\n|player|p1|Czar_agon|iris|\n|player|p2|speedykidyo|101|\n|teamsize|p1|6\n|teamsize|p2|6\n|gen|9\n|tier|[Gen 9] National Dex Ubers\n|rule|HP Percentage Mod: HP is shown in percentages\n|rule|Endless Battle Clause: Forcing endless battles is banned\n|rule|OHKO Clause: OHKO moves are banned\n|rule|Evasion Moves Clause: Evasion moves are banned\n|rule|Evasion Items Clause: Evasion items are banned\n|rule|Species Clause: Limit one of each Pok\u00e9mon\n|rule|Sleep Clause Mod: Limit one foe put to sleep\n|rule|Mega Rayquaza Clause: You cannot mega evolve Rayquaza\n|clearpoke\n|poke|p1|Tornadus-Therian, M|\n|poke|p1|Slowking-Galar, F|\n|poke|p1|Swampert, M|\n|poke|p1|Baxcalibur, F|\n|poke|p1|Skeledirge, F|\n|poke|p1|Krookodile, M|\n|poke|p2|Tyranitar, F|\n|poke|p2|Dracozolt|\n|poke|p2|Urshifu-*, M|\n|poke|p2|Typhlosion, F|\n|poke|p2|Crobat, M|\n|poke|p2|Ting-Lu|\n|teampreview\n|c|\u2606speedykidyo|first\n|c|\u2606Czar_agon|let's get started\n|j| VoIteon\n|c|\u2606speedykidyo|ok\n|j| Demolution545\n|\n|t:|1700879727\n|start\n|switch|p1a: Tornadus|Tornadus-Therian, M|100\/100\n|switch|p2a: Typhlosion|Typhlosion, F|100\/100\n|turn|1\n|inactive|Battle timer is ON: inactive players will automatically lose when time's up. (requested by Czar_agon)\n|inactive|speedykidyo has 270 seconds left.\n|\n|t:|1700879793\n|switch|p1a: Skeledirge|Skeledirge, F|100\/100\n|move|p2a: Typhlosion|Eruption|p1a: Skeledirge\n|-resisted|p1a: Skeledirge\n|-damage|p1a: Skeledirge|77\/100\n|\n|upkeep\n|turn|2\n|\n|t:|1700879808\n|switch|p2a: Ting-Lu|Ting-Lu|100\/100\n|-ability|p2a: Ting-Lu|Vessel of Ruin\n|move|p1a: Skeledirge|Hex|p2a: Ting-Lu\n|-resisted|p2a: Ting-Lu\n|-damage|p2a: Ting-Lu|96\/100\n|\n|-heal|p2a: Ting-Lu|100\/100|[from] item: Leftovers\n|upkeep\n|turn|3\n|\n|t:|1700879818\n|switch|p1a: Tornadus|Tornadus-Therian, M|100\/100\n|move|p2a: Ting-Lu|Spikes|p1a: Tornadus\n|-sidestart|p1: Czar_agon|Spikes\n|\n|upkeep\n|turn|4\n|\n|t:|1700879824\n|move|p1a: Tornadus|Defog|p2a: Ting-Lu\n|-unboost|p2a: Ting-Lu|evasion|1\n|-sideend|p1: Czar_agon|Spikes|[from] move: Defog|[of] p1a: Tornadus\n|move|p2a: Ting-Lu|Ruination|p1a: Tornadus\n|-damage|p1a: Tornadus|51\/100\n|\n|upkeep\n|turn|5\n|\n|t:|1700879833\n|move|p1a: Tornadus|Focus Blast|p2a: Ting-Lu\n|-supereffective|p2a: Ting-Lu\n|-damage|p2a: Ting-Lu|69\/100\n|move|p2a: Ting-Lu|Ruination|p1a: Tornadus\n|-damage|p1a: Tornadus|26\/100\n|\n|-heal|p2a: Ting-Lu|75\/100|[from] item: Leftovers\n|upkeep\n|turn|6\n|inactive|speedykidyo has 270 seconds left.\n|\n|t:|1700879870\n|switch|p2a: Crobat|Crobat, M|100\/100\n|move|p1a: Tornadus|Focus Blast|p2a: Crobat|[miss]\n|-miss|p1a: Tornadus|p2a: Crobat\n|\n|upkeep\n|turn|7\n|inactive|speedykidyo has 270 seconds left.\n|\n|t:|1700879879\n|switch|p1a: Skeledirge|Skeledirge, F|77\/100\n|move|p2a: Crobat|Brave Bird|p1a: Skeledirge\n|-damage|p1a: Skeledirge|47\/100\n|-damage|p2a: Crobat|90\/100|[from] Recoil\n|\n|upkeep\n|turn|8\n|inactive|speedykidyo has 270 seconds left.\n|\n|t:|1700879889\n|move|p2a: Crobat|Brave Bird|p1a: Skeledirge\n|-damage|p1a: Skeledirge|13\/100\n|-damage|p2a: Crobat|77\/100|[from] Recoil\n|move|p1a: Skeledirge|Slack Off|p1a: Skeledirge\n|-heal|p1a: Skeledirge|63\/100\n|\n|upkeep\n|turn|9\n|j| Lunar Sloth\n|\n|t:|1700879898\n|move|p2a: Crobat|Brave Bird|p1a: Skeledirge\n|-damage|p1a: Skeledirge|29\/100\n|-damage|p2a: Crobat|65\/100|[from] Recoil\n|move|p1a: Skeledirge|Slack Off|p1a: Skeledirge\n|-heal|p1a: Skeledirge|80\/100\n|\n|upkeep\n|turn|10\n|\n|t:|1700879907\n|switch|p2a: Urshifu|Urshifu-Rapid-Strike, M|100\/100\n|move|p1a: Skeledirge|Slack Off|p1a: Skeledirge\n|-heal|p1a: Skeledirge|100\/100\n|\n|upkeep\n|turn|11\n|l| Lunar Sloth\n|\n|t:|1700879924\n|switch|p1a: Slowking|Slowking-Galar, F|100\/100\n|move|p2a: Urshifu|Surging Strikes|p1a: Slowking\n|-crit|p1a: Slowking\n|-damage|p1a: Slowking|85\/100\n|-crit|p1a: Slowking\n|-damage|p1a: Slowking|71\/100\n|-crit|p1a: Slowking\n|-damage|p1a: Slowking|55\/100\n|-hitcount|p1a: Slowking|3\n|\n|-heal|p1a: Slowking|61\/100|[from] item: Leftovers\n|upkeep\n|turn|12\n|\n|t:|1700879935\n|move|p2a: Urshifu|U-turn|p1a: Slowking\n|-damage|p1a: Slowking|43\/100\n|\n|t:|1700879942\n|switch|p2a: Tyranitar|Tyranitar, F|100\/100|[from] U-turn\n|-weather|Sandstorm|[from] ability: Sand Stream|[of] p2a: Tyranitar\n|move|p1a: Slowking|Toxic Spikes|p2a: Tyranitar\n|-sidestart|p2: speedykidyo|move: Toxic Spikes\n|\n|-weather|Sandstorm|[upkeep]\n|-damage|p1a: Slowking|37\/100|[from] Sandstorm\n|-heal|p1a: Slowking|43\/100|[from] item: Leftovers\n|upkeep\n|turn|13\n|\n|t:|1700879961\n|detailschange|p2a: Tyranitar|Tyranitar-Mega, F\n|-mega|p2a: Tyranitar|Tyranitar|Tyranitarite\n|move|p2a: Tyranitar|Pursuit|p1a: Slowking\n|-supereffective|p1a: Slowking\n|-damage|p1a: Slowking|3\/100\n|move|p1a: Slowking|Chilly Reception|p1a: Slowking\n|-weather|Snow\n|c|\u2606speedykidyo|aww man\n|\n|t:|1700879975\n|switch|p1a: Krookodile|Krookodile, M|100\/100|[from] Chilly Reception\n|\n|-weather|Snow|[upkeep]\n|upkeep\n|turn|14\n|\n|t:|1700879988\n|switch|p2a: Urshifu|Urshifu-Rapid-Strike, M|100\/100\n|-status|p2a: Urshifu|psn\n|move|p1a: Krookodile|Close Combat|p2a: Urshifu\n|-damage|p2a: Urshifu|63\/100 psn\n|-unboost|p1a: Krookodile|def|1\n|-unboost|p1a: Krookodile|spd|1\n|\n|-weather|Snow|[upkeep]\n|-damage|p2a: Urshifu|50\/100 psn|[from] psn\n|upkeep\n|turn|15\n|inactive|speedykidyo has 270 seconds left.\n|inactive|Czar_agon has 270 seconds left.\n|\n|t:|1700880016\n|switch|p1a: Slowking|Slowking-Galar, F|36\/100\n|-terastallize|p2a: Urshifu|Water\n|move|p2a: Urshifu|Surging Strikes|p1a: Slowking\n|-crit|p1a: Slowking\n|-damage|p1a: Slowking|18\/100\n|-crit|p1a: Slowking\n|-damage|p1a: Slowking|0 fnt\n|faint|p1a: Slowking\n|-hitcount|p1: Slowking|2\n|\n|-weather|Snow|[upkeep]\n|-damage|p2a: Urshifu|38\/100 psn|[from] psn\n|upkeep\n|inactive|Czar_agon has 270 seconds left.\n|\n|t:|1700880028\n|switch|p1a: Krookodile|Krookodile, M|100\/100\n|turn|16\n|inactive|Czar_agon has 270 seconds left.\n|\n|t:|1700880034\n|-terastallize|p1a: Krookodile|Dragon\n|move|p2a: Urshifu|Surging Strikes|p1a: Krookodile\n|-resisted|p1a: Krookodile\n|-crit|p1a: Krookodile\n|-damage|p1a: Krookodile|83\/100\n|-setboost|p1a: Krookodile|atk|6|[from] ability: Anger Point\n|-resisted|p1a: Krookodile\n|-crit|p1a: Krookodile\n|-damage|p1a: Krookodile|66\/100\n|-resisted|p1a: Krookodile\n|-crit|p1a: Krookodile\n|-damage|p1a: Krookodile|51\/100\n|-hitcount|p1a: Krookodile|3\n|move|p1a: Krookodile|Scale Shot|p2a: Urshifu\n|-damage|p2a: Urshifu|0 fnt\n|faint|p2a: Urshifu\n|-hitcount|p2: Urshifu|1\n|-unboost|p1a: Krookodile|def|1\n|-boost|p1a: Krookodile|spe|1\n|\n|-weather|Snow|[upkeep]\n|upkeep\n|c| VoIteon|GET FUCKED HOLY\n|inactive|speedykidyo has 270 seconds left.\n|c|\u2606speedykidyo|wait what happened\n|c|\u2606speedykidyo|what did that holy shit\n|inactive|speedykidyo has 240 seconds left.\n|c| Demolution545|Crit\n|c| Demolution545|anger point maxes attack if hit by a crit\n|c|\u2606speedykidyo|well shit\n|inactive|speedykidyo has 210 seconds left.\n|c|\u2606Czar_agon|You made Krookodile angry\n|\n|t:|1700880139\n|switch|p2a: Typhlosion|Typhlosion, F|100\/100\n|-status|p2a: Typhlosion|psn\n|turn|17\n|inactive|Czar_agon has 270 seconds left.\n|inactive|speedykidyo has 180 seconds left.\n|j| Lunar Sloth\n|inactive|Czar_agon has 240 seconds left.\n|inactive|Czar_agon has 210 seconds left.\n|l| Lunar Sloth\n|inactive|Czar_agon has 180 seconds left.\n|\n|t:|1700880250\n|move|p2a: Typhlosion|Eruption|p1a: Krookodile\n|-resisted|p1a: Krookodile\n|-damage|p1a: Krookodile|6\/100\n|move|p1a: Krookodile|Scale Shot|p2a: Typhlosion\n|-damage|p2a: Typhlosion|29\/100 psn\n|-damage|p2a: Typhlosion|0 fnt\n|faint|p2a: Typhlosion\n|-hitcount|p2: Typhlosion|2\n|-unboost|p1a: Krookodile|def|1\n|-boost|p1a: Krookodile|spe|1\n|\n|-weather|none\n|upkeep\n|c|\u2606speedykidyo|FUCK\n|inactive|speedykidyo has 150 seconds left.\n|\n|t:|1700880284\n|switch|p2a: Tyranitar|Tyranitar-Mega, F|100\/100\n|-status|p2a: Tyranitar|psn\n|-weather|Sandstorm|[from] ability: Sand Stream|[of] p2a: Tyranitar\n|turn|18\n|inactive|Czar_agon has 180 seconds left.\n|\n|t:|1700880303\n|switch|p2a: Crobat|Crobat, M|65\/100\n|move|p1a: Krookodile|Scale Shot|p2a: Crobat\n|-damage|p2a: Crobat|13\/100\n|-damage|p2a: Crobat|0 fnt\n|faint|p2a: Crobat\n|-hitcount|p2: Crobat|2\n|-unboost|p1a: Krookodile|def|1\n|-boost|p1a: Krookodile|spe|1\n|\n|-weather|Sandstorm|[upkeep]\n|-damage|p1a: Krookodile|0 fnt|[from] Sandstorm\n|faint|p1a: Krookodile\n|upkeep\n|inactive|Czar_agon has 180 seconds left.\n|inactive|speedykidyo has 150 seconds left.\n|\n|t:|1700880332\n|switch|p2a: Tyranitar|Tyranitar-Mega, F|100\/100 psn\n|switch|p1a: Swampert|Swampert, M|100\/100\n|turn|19\n|\n|t:|1700880346\n|switch|p2a: Dracozolt|Dracozolt|100\/100\n|-status|p2a: Dracozolt|psn\n|move|p1a: Swampert|Stealth Rock|p2a: Dracozolt\n|-sidestart|p2: speedykidyo|move: Stealth Rock\n|\n|-weather|Sandstorm|[upkeep]\n|-damage|p2a: Dracozolt|88\/100 psn|[from] psn\n|upkeep\n|turn|20\n|\n|t:|1700880358\n|move|p2a: Dracozolt|Draco Meteor|p1a: Swampert\n|-damage|p1a: Swampert|45\/100\n|-unboost|p2a: Dracozolt|spa|2\n|-damage|p2a: Dracozolt|78\/100 psn|[from] item: Life Orb\n|move|p1a: Swampert|Earthquake|p2a: Dracozolt\n|-supereffective|p2a: Dracozolt\n|-damage|p2a: Dracozolt|0 fnt\n|faint|p2a: Dracozolt\n|\n|-weather|Sandstorm|[upkeep]\n|-heal|p1a: Swampert|51\/100|[from] item: Leftovers\n|upkeep\n|inactive|speedykidyo has 120 seconds left.\n|\n|t:|1700880401\n|switch|p2a: Tyranitar|Tyranitar-Mega, F|100\/100 psn\n|-damage|p2a: Tyranitar|88\/100 psn|[from] Stealth Rock\n|turn|21\n|inactive|Czar_agon has 180 seconds left.\n|\n|t:|1700880413\n|move|p2a: Tyranitar|Knock Off|p1a: Swampert\n|-damage|p1a: Swampert|10\/100\n|-enditem|p1a: Swampert|Leftovers|[from] move: Knock Off|[of] p2a: Tyranitar\n|move|p1a: Swampert|Earthquake|p2a: Tyranitar\n|-supereffective|p2a: Tyranitar\n|-damage|p2a: Tyranitar|47\/100 psn\n|\n|-weather|Sandstorm|[upkeep]\n|-damage|p2a: Tyranitar|34\/100 psn|[from] psn\n|upkeep\n|turn|22\n|inactive|Czar_agon has 180 seconds left.\n|\n|t:|1700880427\n|move|p2a: Tyranitar|Pursuit|p1a: Swampert\n|-damage|p1a: Swampert|0 fnt\n|faint|p1a: Swampert\n|\n|-weather|none\n|-damage|p2a: Tyranitar|22\/100 psn|[from] psn\n|upkeep\n|inactive|Czar_agon has 180 seconds left.\n|\n|t:|1700880441\n|switch|p1a: Tornadus|Tornadus-Therian, M|59\/100\n|turn|23\n|inactive|Czar_agon has 180 seconds left.\n|inactive|speedykidyo has 90 seconds left.\n|\n|t:|1700880484\n|-zpower|p1a: Tornadus\n|move|p1a: Tornadus|All-Out Pummeling|p2a: Tyranitar|[zeffect]\n|-supereffective|p2a: Tyranitar\n|-damage|p2a: Tyranitar|0 fnt\n|faint|p2a: Tyranitar\n|\n|upkeep\n|\n|t:|1700880492\n|switch|p2a: Ting-Lu|Ting-Lu|75\/100\n|-status|p2a: Ting-Lu|psn\n|-damage|p2a: Ting-Lu|69\/100 psn|[from] Stealth Rock\n|-ability|p2a: Ting-Lu|Vessel of Ruin\n|turn|24\n|inactive|Czar_agon has 180 seconds left.\n|\n|t:|1700880511\n|move|p1a: Tornadus|Focus Blast|p2a: Ting-Lu|[miss]\n|-miss|p1a: Tornadus|p2a: Ting-Lu\n|move|p2a: Ting-Lu|Ruination|p1a: Tornadus|[miss]\n|-miss|p2a: Ting-Lu|p1a: Tornadus\n|\n|-heal|p2a: Ting-Lu|75\/100 psn|[from] item: Leftovers\n|-damage|p2a: Ting-Lu|63\/100 psn|[from] psn\n|upkeep\n|turn|25\n|\n|t:|1700880520\n|move|p1a: Tornadus|Focus Blast|p2a: Ting-Lu|[miss]\n|-miss|p1a: Tornadus|p2a: Ting-Lu\n|move|p2a: Ting-Lu|Ruination|p1a: Tornadus\n|-damage|p1a: Tornadus|30\/100\n|\n|-heal|p2a: Ting-Lu|69\/100 psn|[from] item: Leftovers\n|-damage|p2a: Ting-Lu|57\/100 psn|[from] psn\n|upkeep\n|turn|26\n|inactive|speedykidyo has 60 seconds left.\n|\n|t:|1700880550\n|move|p1a: Tornadus|Bleakwind Storm|p2a: Ting-Lu\n|-damage|p2a: Ting-Lu|38\/100 psn\n|move|p2a: Ting-Lu|Ruination|p1a: Tornadus\n|-damage|p1a: Tornadus|15\/100\n|\n|-heal|p2a: Ting-Lu|44\/100 psn|[from] item: Leftovers\n|-damage|p2a: Ting-Lu|31\/100 psn|[from] psn\n|upkeep\n|turn|27\n|l| Demolution545\n|\n|t:|1700880561\n|move|p1a: Tornadus|Bleakwind Storm|p2a: Ting-Lu\n|-damage|p2a: Ting-Lu|11\/100 psn\n|move|p2a: Ting-Lu|Whirlwind|p1a: Tornadus\n|drag|p1a: Baxcalibur|Baxcalibur, F|100\/100\n|\n|-heal|p2a: Ting-Lu|18\/100 psn|[from] item: Leftovers\n|-damage|p2a: Ting-Lu|5\/100 psn|[from] psn\n|upkeep\n|turn|28\n|inactive|speedykidyo has 60 seconds left.\n|\n|t:|1700880584\n|move|p1a: Baxcalibur|Glaive Rush|p2a: Ting-Lu\n|-damage|p2a: Ting-Lu|0 fnt\n|-singlemove|p1a: Baxcalibur|Glaive Rush|[silent]\n|faint|p2a: Ting-Lu\n|\n|win|Czar_agon\n|c|\u2606speedykidyo|gg\n","uploadtime":1700880594,"views":23,"p1id":"czaragon","p2id":"speedykidyo","formatid":"gen9nationaldexubers","rating":0,"private":0,"password":""}