{"id":"gen9nationaldexubers-1998469085","p1":"yelseWVAL","p2":"ValiantUmbreon","format":"[Gen 9] National Dex Ubers","log":"|j|\u2606yelseWVAL\n|j|\u2606ValiantUmbreon\n|t:|1700945790\n|gametype|singles\n|player|p1|yelseWVAL|101|\n|player|p2|ValiantUmbreon|laventon|\n|teamsize|p1|6\n|teamsize|p2|6\n|gen|9\n|tier|[Gen 9] National Dex Ubers\n|rule|HP Percentage Mod: HP is shown in percentages\n|rule|Endless Battle Clause: Forcing endless battles is banned\n|rule|OHKO Clause: OHKO moves are banned\n|rule|Evasion Moves Clause: Evasion moves are banned\n|rule|Evasion Items Clause: Evasion items are banned\n|rule|Species Clause: Limit one of each Pok\u00e9mon\n|rule|Sleep Clause Mod: Limit one foe put to sleep\n|rule|Mega Rayquaza Clause: You cannot mega evolve Rayquaza\n|clearpoke\n|poke|p1|Flutter Mane|\n|poke|p1|Mewtwo|\n|poke|p1|Absol, F|\n|poke|p1|Ogerpon-Wellspring, F|\n|poke|p1|Zeraora|\n|poke|p1|Corviknight, M|\n|poke|p2|Chien-Pao|\n|poke|p2|Quaquaval, M|\n|poke|p2|Giratina-Origin|\n|poke|p2|Grafaiai, F|\n|poke|p2|Basculegion, M|\n|poke|p2|Rayquaza|\n|teampreview\n|c|\u2606ValiantUmbreon|Glhf\n|c|\u2606yelseWVAL|gl gf!\n|c|\u2606yelseWVAL|hf*\n|\n|t:|1700945848\n|start\n|switch|p1a: Zeraora|Zeraora|100\/100\n|switch|p2a: Grafaiai|Grafaiai, F|100\/100\n|turn|1\n|\n|t:|1700945862\n|move|p2a: Grafaiai|Rain Dance|p2a: Grafaiai\n|-weather|RainDance\n|move|p1a: Zeraora|Knock Off|p2a: Grafaiai\n|-damage|p2a: Grafaiai|44\/100\n|-enditem|p2a: Grafaiai|Damp Rock|[from] move: Knock Off|[of] p1a: Zeraora\n|\n|-weather|RainDance|[upkeep]\n|upkeep\n|turn|2\n|\n|t:|1700945872\n|switch|p1a: Ogerpon|Ogerpon-Wellspring, F|100\/100\n|move|p2a: Grafaiai|Encore||[still]\n|-fail|p2a: Grafaiai\n|\n|-weather|RainDance|[upkeep]\n|upkeep\n|turn|3\n|\n|t:|1700945882\n|move|p2a: Grafaiai|Taunt|p1a: Ogerpon\n|-start|p1a: Ogerpon|move: Taunt\n|move|p1a: Ogerpon|Trailblaze|p2a: Grafaiai\n|-resisted|p2a: Grafaiai\n|-damage|p2a: Grafaiai|29\/100\n|-boost|p1a: Ogerpon|spe|1\n|\n|-weather|RainDance|[upkeep]\n|upkeep\n|turn|4\n|\n|t:|1700945899\n|move|p2a: Grafaiai|Encore|p1a: Ogerpon\n|-start|p1a: Ogerpon|Encore\n|move|p1a: Ogerpon|Trailblaze|p2a: Grafaiai\n|-resisted|p2a: Grafaiai\n|-damage|p2a: Grafaiai|14\/100\n|-boost|p1a: Ogerpon|spe|1\n|\n|-weather|RainDance|[upkeep]\n|upkeep\n|turn|5\n|\n|t:|1700945906\n|move|p2a: Grafaiai|Parting Shot|p1a: Ogerpon\n|-unboost|p1a: Ogerpon|atk|1\n|-unboost|p1a: Ogerpon|spa|1\n|\n|t:|1700945915\n|switch|p2a: Rayquaza|Rayquaza|100\/100|[from] Parting Shot\n|-ability|p2a: Rayquaza|Air Lock\n|move|p1a: Ogerpon|Trailblaze|p2a: Rayquaza\n|-resisted|p2a: Rayquaza\n|-damage|p2a: Rayquaza|96\/100\n|-boost|p1a: Ogerpon|spe|1\n|\n|-weather|RainDance|[upkeep]\n|-end|p1a: Ogerpon|move: Taunt\n|upkeep\n|turn|6\n|\n|t:|1700945925\n|switch|p1a: Zeraora|Zeraora|100\/100\n|move|p2a: Rayquaza|Dragon Ascent|p1a: Zeraora\n|-resisted|p1a: Zeraora\n|-damage|p1a: Zeraora|42\/100\n|-unboost|p2a: Rayquaza|def|1\n|-unboost|p2a: Rayquaza|spd|1\n|-damage|p2a: Rayquaza|86\/100|[from] item: Life Orb\n|\n|-weather|RainDance|[upkeep]\n|upkeep\n|turn|7\n|\n|t:|1700945936\n|move|p2a: Rayquaza|Extreme Speed|p1a: Zeraora\n|-damage|p1a: Zeraora|0 fnt\n|faint|p1a: Zeraora\n|-damage|p2a: Rayquaza|76\/100|[from] item: Life Orb\n|\n|-weather|RainDance|[upkeep]\n|upkeep\n|\n|t:|1700945952\n|switch|p1a: Flutter Mane|Flutter Mane|100\/100\n|turn|8\n|\n|t:|1700945964\n|move|p1a: Flutter Mane|Moonblast|p2a: Rayquaza\n|-supereffective|p2a: Rayquaza\n|-crit|p2a: Rayquaza\n|-damage|p2a: Rayquaza|0 fnt\n|faint|p2a: Rayquaza\n|\n|-weather|none\n|upkeep\n|\n|t:|1700945967\n|switch|p2a: Grafaiai|Grafaiai, F|14\/100\n|turn|9\n|\n|t:|1700945977\n|move|p2a: Grafaiai|Rain Dance|p2a: Grafaiai\n|-weather|RainDance\n|move|p1a: Flutter Mane|Moonblast|p2a: Grafaiai\n|-resisted|p2a: Grafaiai\n|-damage|p2a: Grafaiai|0 fnt\n|faint|p2a: Grafaiai\n|\n|-weather|RainDance|[upkeep]\n|upkeep\n|\n|t:|1700945984\n|switch|p2a: Basculegion|Basculegion, M|100\/100\n|turn|10\n|\n|t:|1700945994\n|-end|p1a: Flutter Mane|Protosynthesis|[silent]\n|switch|p1a: Absol|Absol, F|100\/100\n|move|p2a: Basculegion|Last Respects|p1a: Absol\n|-resisted|p1a: Absol\n|-damage|p1a: Absol|13\/100\n|-damage|p2a: Basculegion|91\/100|[from] item: Life Orb\n|\n|-weather|RainDance|[upkeep]\n|upkeep\n|turn|11\n|\n|t:|1700946008\n|switch|p2a: Quaquaval|Quaquaval, M|100\/100\n|move|p1a: Absol|Sucker Punch||[still]\n|-fail|p1a: Absol\n|\n|-weather|RainDance|[upkeep]\n|upkeep\n|turn|12\n|\n|t:|1700946025\n|switch|p1a: Ogerpon|Ogerpon-Wellspring, F|100\/100\n|move|p2a: Quaquaval|Rapid Spin|p1a: Ogerpon\n|-damage|p1a: Ogerpon|82\/100\n|-boost|p2a: Quaquaval|spe|1\n|\n|-weather|RainDance|[upkeep]\n|upkeep\n|turn|13\n|\n|t:|1700946040\n|move|p2a: Quaquaval|Close Combat|p1a: Ogerpon\n|-damage|p1a: Ogerpon|16\/100\n|-unboost|p2a: Quaquaval|def|1\n|-unboost|p2a: Quaquaval|spd|1\n|move|p1a: Ogerpon|Leech Seed|p2a: Quaquaval\n|-start|p2a: Quaquaval|move: Leech Seed\n|\n|-weather|none\n|-damage|p2a: Quaquaval|88\/100|[from] Leech Seed|[of] p1a: Ogerpon\n|-heal|p1a: Ogerpon|26\/100|[silent]\n|upkeep\n|turn|14\n|\n|t:|1700946057\n|switch|p1a: Flutter Mane|Flutter Mane|100\/100\n|move|p2a: Quaquaval|Encore||[still]\n|-fail|p2a: Quaquaval\n|\n|-damage|p2a: Quaquaval|76\/100|[from] Leech Seed|[of] p1a: Flutter Mane\n|upkeep\n|turn|15\n|\n|t:|1700946068\n|move|p1a: Flutter Mane|Shadow Ball|p2a: Quaquaval\n|-damage|p2a: Quaquaval|0 fnt\n|faint|p2a: Quaquaval\n|\n|upkeep\n|\n|t:|1700946072\n|switch|p2a: Chien-Pao|Chien-Pao|100\/100\n|-ability|p2a: Chien-Pao|Sword of Ruin\n|turn|16\n|\n|t:|1700946088\n|-end|p1a: Flutter Mane|Protosynthesis|[silent]\n|switch|p1a: Absol|Absol, F|13\/100\n|move|p2a: Chien-Pao|Swords Dance|p2a: Chien-Pao\n|-boost|p2a: Chien-Pao|atk|2\n|\n|upkeep\n|turn|17\n|\n|t:|1700946094\n|move|p2a: Chien-Pao|Sucker Punch|p1a: Absol\n|-resisted|p1a: Absol\n|-damage|p1a: Absol|0 fnt\n|faint|p1a: Absol\n|\n|upkeep\n|\n|t:|1700946106\n|switch|p1a: Corviknight|Corviknight, M|100\/100\n|-ability|p1a: Corviknight|Pressure\n|turn|18\n|\n|t:|1700946120\n|switch|p2a: Giratina|Giratina-Origin|100\/100\n|move|p1a: Corviknight|Iron Head|p2a: Giratina\n|-damage|p2a: Giratina|73\/100\n|\n|upkeep\n|turn|19\n|\n|t:|1700946132\n|move|p2a: Giratina|Thunder|p1a: Corviknight|[miss]\n|-miss|p2a: Giratina|p1a: Corviknight\n|move|p1a: Corviknight|U-turn|p2a: Giratina\n|-resisted|p2a: Giratina\n|-damage|p2a: Giratina|65\/100\n|\n|t:|1700946139\n|switch|p1a: Flutter Mane|Flutter Mane|100\/100|[from] U-turn\n|\n|upkeep\n|turn|20\n|\n|t:|1700946144\n|move|p2a: Giratina|Shadow Sneak|p1a: Flutter Mane\n|-supereffective|p1a: Flutter Mane\n|-damage|p1a: Flutter Mane|21\/100\n|move|p1a: Flutter Mane|Moonblast|p2a: Giratina\n|-supereffective|p2a: Giratina\n|-damage|p2a: Giratina|0 fnt\n|faint|p2a: Giratina\n|\n|upkeep\n|\n|t:|1700946148\n|switch|p2a: Basculegion|Basculegion, M|91\/100\n|turn|21\n|\n|t:|1700946168\n|move|p1a: Flutter Mane|Moonblast|p2a: Basculegion\n|-damage|p2a: Basculegion|27\/100\n|-unboost|p2a: Basculegion|spa|1\n|move|p2a: Basculegion|Last Respects|p1a: Flutter Mane\n|-supereffective|p1a: Flutter Mane\n|-damage|p1a: Flutter Mane|0 fnt\n|faint|p1a: Flutter Mane\n|-end|p1a: Flutter Mane|Protosynthesis|[silent]\n|-damage|p2a: Basculegion|17\/100|[from] item: Life Orb\n|\n|upkeep\n|\n|t:|1700946191\n|switch|p1a: Ogerpon|Ogerpon-Wellspring, F|26\/100\n|turn|22\n|\n|t:|1700946196\n|move|p1a: Ogerpon|Trailblaze|p2a: Basculegion\n|-supereffective|p2a: Basculegion\n|-damage|p2a: Basculegion|0 fnt\n|-boost|p1a: Ogerpon|spe|1\n|faint|p2a: Basculegion\n|\n|upkeep\n|\n|t:|1700946199\n|switch|p2a: Chien-Pao|Chien-Pao|100\/100\n|-ability|p2a: Chien-Pao|Sword of Ruin\n|turn|23\n|\n|t:|1700946204\n|move|p1a: Ogerpon|Leech Seed|p2a: Chien-Pao\n|-start|p2a: Chien-Pao|move: Leech Seed\n|move|p2a: Chien-Pao|Swords Dance|p2a: Chien-Pao\n|-boost|p2a: Chien-Pao|atk|2\n|\n|-damage|p2a: Chien-Pao|88\/100|[from] Leech Seed|[of] p1a: Ogerpon\n|-heal|p1a: Ogerpon|36\/100|[silent]\n|upkeep\n|turn|24\n|\n|t:|1700946211\n|move|p1a: Ogerpon|Trailblaze|p2a: Chien-Pao\n|-damage|p2a: Chien-Pao|56\/100\n|-boost|p1a: Ogerpon|spe|1\n|move|p2a: Chien-Pao|Crunch|p1a: Ogerpon\n|-damage|p1a: Ogerpon|0 fnt\n|faint|p1a: Ogerpon\n|\n|upkeep\n|\n|t:|1700946218\n|switch|p1a: Corviknight|Corviknight, M|100\/100\n|-ability|p1a: Corviknight|Pressure\n|turn|25\n|\n|t:|1700946221\n|move|p2a: Chien-Pao|Crunch|p1a: Corviknight\n|-damage|p1a: Corviknight|10\/100\n|move|p1a: Corviknight|Iron Head|p2a: Chien-Pao\n|-supereffective|p2a: Chien-Pao\n|-damage|p2a: Chien-Pao|0 fnt\n|faint|p2a: Chien-Pao\n|\n|win|yelseWVAL\n|c|\u2606ValiantUmbreon|gg\n|c|\u2606yelseWVAL|gg\n|l|\u2606ValiantUmbreon\n","uploadtime":1700946233,"views":11,"p1id":"yelsewval","p2id":"valiantumbreon","formatid":"gen9nationaldexubers","rating":0,"private":0,"password":""}