{"id":"gen9nationaldexubers-1982003995","p1":"Braquelo","p2":"terra990","format":"[Gen 9] National Dex Ubers","log":"|j|\u2606Braquelo\n|j|\u2606terra990\n|t:|1698958797\n|gametype|singles\n|player|p1|Braquelo|raihan|1212\n|player|p2|terra990|nate|1234\n|teamsize|p1|6\n|teamsize|p2|6\n|gen|9\n|tier|[Gen 9] National Dex Ubers\n|rated|\n|rule|HP Percentage Mod: HP is shown in percentages\n|rule|Endless Battle Clause: Forcing endless battles is banned\n|rule|OHKO Clause: OHKO moves are banned\n|rule|Evasion Moves Clause: Evasion moves are banned\n|rule|Evasion Items Clause: Evasion items are banned\n|rule|Species Clause: Limit one of each Pok\u00e9mon\n|rule|Sleep Clause Mod: Limit one foe put to sleep\n|rule|Mega Rayquaza Clause: You cannot mega evolve Rayquaza\n|clearpoke\n|poke|p1|Lucario, M|\n|poke|p1|Iron Thorns|\n|poke|p1|Dragapult, M|\n|poke|p1|Talonflame, M|\n|poke|p1|Swampert, M|\n|poke|p1|Tinkaton, F|\n|poke|p2|Marshadow|\n|poke|p2|Dracovish|\n|poke|p2|Cinderace, F|\n|poke|p2|Yveltal|\n|poke|p2|Zygarde|\n|poke|p2|Sceptile, M|\n|teampreview\n|inactive|Battle timer is ON: inactive players will automatically lose when time's up. (requested by terra990)\n|\n|t:|1698958821\n|start\n|switch|p1a: Tinkaton|Tinkaton, F|100\/100\n|switch|p2a: Sceptile|Sceptile, M|100\/100\n|-ability|p1a: Tinkaton|Mold Breaker\n|turn|1\n|\n|t:|1698958833\n|move|p2a: Sceptile|Dragon Dance|p2a: Sceptile\n|-boost|p2a: Sceptile|atk|1\n|-boost|p2a: Sceptile|spe|1\n|move|p1a: Tinkaton|Stealth Rock|p2a: Sceptile\n|-sidestart|p2: terra990|move: Stealth Rock\n|\n|upkeep\n|turn|2\n|\n|t:|1698958841\n|switch|p1a: Talonflame|Talonflame, M|100\/100\n|move|p2a: Sceptile|Drain Punch|p1a: Talonflame\n|-resisted|p1a: Talonflame\n|-damage|p1a: Talonflame|75\/100\n|\n|upkeep\n|turn|3\n|\n|t:|1698958851\n|detailschange|p2a: Sceptile|Sceptile-Mega, M\n|-mega|p2a: Sceptile|Sceptile|Sceptilite\n|move|p2a: Sceptile|Dragon Claw|p1a: Talonflame\n|-damage|p1a: Talonflame|0 fnt\n|faint|p1a: Talonflame\n|\n|upkeep\n|\n|t:|1698958865\n|switch|p1a: Tinkaton|Tinkaton, F|100\/100\n|-ability|p1a: Tinkaton|Mold Breaker\n|turn|4\n|\n|t:|1698958870\n|-terastallize|p1a: Tinkaton|Fairy\n|move|p2a: Sceptile|Earthquake|p1a: Tinkaton\n|-damage|p1a: Tinkaton|28\/100\n|move|p1a: Tinkaton|Play Rough|p2a: Sceptile\n|-supereffective|p2a: Sceptile\n|-damage|p2a: Sceptile|0 fnt\n|faint|p2a: Sceptile\n|\n|upkeep\n|\n|t:|1698958878\n|switch|p2a: Cinderace|Cinderace, F|100\/100\n|turn|5\n|\n|t:|1698958882\n|move|p2a: Cinderace|Court Change|p2a: Cinderace\n|-start|p2a: Cinderace|typechange|Normal|[from] ability: Libero\n|-swapsideconditions\n|-activate|p2a: Cinderace|move: Court Change\n|move|p1a: Tinkaton|Play Rough|p2a: Cinderace\n|-damage|p2a: Cinderace|29\/100\n|\n|upkeep\n|turn|6\n|\n|t:|1698958888\n|move|p2a: Cinderace|Scorching Sands|p1a: Tinkaton\n|-damage|p1a: Tinkaton|8\/100\n|-status|p1a: Tinkaton|brn\n|move|p1a: Tinkaton|Stealth Rock|p2a: Cinderace\n|-sidestart|p2: terra990|move: Stealth Rock\n|\n|-damage|p1a: Tinkaton|2\/100 brn|[from] brn\n|upkeep\n|turn|7\n|\n|t:|1698958898\n|move|p2a: Cinderace|Pyro Ball|p1a: Tinkaton\n|-damage|p1a: Tinkaton|0 fnt\n|faint|p1a: Tinkaton\n|\n|upkeep\n|\n|t:|1698958911\n|switch|p1a: Iron Thorns|Iron Thorns|100\/100\n|-damage|p1a: Iron Thorns|88\/100|[from] Stealth Rock\n|turn|8\n|\n|t:|1698958919\n|-end|p1a: Iron Thorns|Quark Drive|[silent]\n|switch|p1a: Dragapult|Dragapult, M|100\/100\n|-damage|p1a: Dragapult|88\/100|[from] Stealth Rock\n|move|p2a: Cinderace|Scorching Sands|p1a: Dragapult\n|-crit|p1a: Dragapult\n|-damage|p1a: Dragapult|54\/100\n|-status|p1a: Dragapult|brn\n|\n|-damage|p1a: Dragapult|48\/100 brn|[from] brn\n|upkeep\n|turn|9\n|\n|t:|1698958929\n|move|p1a: Dragapult|Flamethrower|p2a: Cinderace\n|-damage|p2a: Cinderace|0 fnt\n|faint|p2a: Cinderace\n|\n|-damage|p1a: Dragapult|42\/100 brn|[from] brn\n|upkeep\n|\n|t:|1698958937\n|switch|p2a: Yveltal|Yveltal|100\/100\n|-damage|p2a: Yveltal|76\/100|[from] Stealth Rock\n|-ability|p2a: Yveltal|Dark Aura\n|turn|10\n|\n|t:|1698958941\n|-zpower|p1a: Dragapult\n|move|p1a: Dragapult|Devastating Drake|p2a: Yveltal|[zeffect]\n|-damage|p2a: Yveltal|0 fnt\n|faint|p2a: Yveltal\n|\n|-damage|p1a: Dragapult|36\/100 brn|[from] brn\n|upkeep\n|\n|t:|1698958951\n|switch|p2a: Zygarde|Zygarde|100\/100\n|-damage|p2a: Zygarde|94\/100|[from] Stealth Rock\n|turn|11\n|\n|t:|1698958955\n|move|p1a: Dragapult|Draco Meteor|p2a: Zygarde\n|-supereffective|p2a: Zygarde\n|-damage|p2a: Zygarde|0 fnt\n|-unboost|p1a: Dragapult|spa|2\n|faint|p2a: Zygarde\n|\n|-damage|p1a: Dragapult|30\/100 brn|[from] brn\n|upkeep\n|\n|t:|1698958963\n|switch|p2a: Dracovish|Dracovish|100\/100\n|-damage|p2a: Dracovish|88\/100|[from] Stealth Rock\n|turn|12\n|\n|t:|1698958967\n|-terastallize|p2a: Dracovish|Fairy\n|move|p1a: Dragapult|Draco Meteor|p2a: Dracovish\n|-immune|p2a: Dracovish\n|move|p2a: Dracovish|Fishious Rend|p1a: Dragapult\n|-resisted|p1a: Dragapult\n|-damage|p1a: Dragapult|0 fnt\n|faint|p1a: Dragapult\n|\n|upkeep\n|\n|t:|1698958979\n|switch|p1a: Swampert|Swampert, M|100\/100\n|-damage|p1a: Swampert|94\/100|[from] Stealth Rock\n|turn|13\n|\n|t:|1698958984\n|move|p2a: Dracovish|Fishious Rend|p1a: Swampert\n|-damage|p1a: Swampert|0 fnt\n|faint|p1a: Swampert\n|\n|upkeep\n|\n|t:|1698958989\n|switch|p1a: Lucario|Lucario, M|100\/100\n|-damage|p1a: Lucario|98\/100|[from] Stealth Rock\n|turn|14\n|\n|t:|1698958994\n|detailschange|p1a: Lucario|Lucario-Mega, M\n|-mega|p1a: Lucario|Lucario|Lucarionite\n|move|p1a: Lucario|Meteor Mash|p2a: Dracovish\n|-supereffective|p2a: Dracovish\n|-damage|p2a: Dracovish|0 fnt\n|faint|p2a: Dracovish\n|\n|upkeep\n|\n|t:|1698959000\n|switch|p2a: Marshadow|Marshadow|100\/100\n|-damage|p2a: Marshadow|94\/100|[from] Stealth Rock\n|turn|15\n|\n|t:|1698959006\n|move|p2a: Marshadow|Drain Punch|p1a: Lucario\n|-supereffective|p1a: Lucario\n|-damage|p1a: Lucario|1\/100\n|-heal|p2a: Marshadow|100\/100|[from] drain|[of] p1a: Lucario\n|move|p1a: Lucario|Earthquake|p2a: Marshadow\n|-damage|p2a: Marshadow|50\/100\n|\n|upkeep\n|turn|16\n|\n|t:|1698959015\n|move|p1a: Lucario|Bullet Punch|p2a: Marshadow\n|-damage|p2a: Marshadow|14\/100\n|move|p2a: Marshadow|Drain Punch|p1a: Lucario\n|-supereffective|p1a: Lucario\n|-damage|p1a: Lucario|0 fnt\n|-heal|p2a: Marshadow|14\/100|[from] drain|[of] p1a: Lucario\n|faint|p1a: Lucario\n|\n|upkeep\n|\n|t:|1698959020\n|switch|p1a: Iron Thorns|Iron Thorns|88\/100\n|-damage|p1a: Iron Thorns|76\/100|[from] Stealth Rock\n|turn|17\n|\n|t:|1698959026\n|move|p2a: Marshadow|Drain Punch|p1a: Iron Thorns\n|-supereffective|p1a: Iron Thorns\n|-damage|p1a: Iron Thorns|10\/100\n|-heal|p2a: Marshadow|49\/100|[from] drain|[of] p1a: Iron Thorns\n|move|p1a: Iron Thorns|Thunder Punch|p2a: Marshadow\n|-damage|p2a: Marshadow|0 fnt\n|faint|p2a: Marshadow\n|\n|win|Braquelo\n|raw|Braquelo's rating: 1212 &rarr; <strong>1239<\/strong><br \/>(+27 for winning)\n|raw|terra990's rating: 1234 &rarr; <strong>1207<\/strong><br \/>(-27 for losing)\n|c|\u2606terra990|ggs\n|l|\u2606terra990\n","uploadtime":1698959042,"views":11,"p1id":"braquelo","p2id":"terra990","formatid":"gen9nationaldexubers","rating":1207,"private":0,"password":""}