{"id":"gen9nationaldexubers-1985340833","p1":"Animekiller223","p2":"electroshibe","format":"[Gen 9] National Dex Ubers","log":"|j|\u2606Animekiller223\n|j|\u2606electroshibe\n|t:|1699366223\n|gametype|singles\n|player|p1|Animekiller223|linebacker|1355\n|player|p2|electroshibe|alec-anime|1280\n|teamsize|p1|6\n|teamsize|p2|6\n|gen|9\n|tier|[Gen 9] National Dex Ubers\n|rated|\n|rule|HP Percentage Mod: HP is shown in percentages\n|rule|Endless Battle Clause: Forcing endless battles is banned\n|rule|OHKO Clause: OHKO moves are banned\n|rule|Evasion Moves Clause: Evasion moves are banned\n|rule|Evasion Items Clause: Evasion items are banned\n|rule|Species Clause: Limit one of each Pok\u00e9mon\n|rule|Sleep Clause Mod: Limit one foe put to sleep\n|rule|Mega Rayquaza Clause: You cannot mega evolve Rayquaza\n|clearpoke\n|poke|p1|Flutter Mane|\n|poke|p1|Appletun, M|\n|poke|p1|Azumarill, M|\n|poke|p1|Charizard, F|\n|poke|p1|Sneasler, M|\n|poke|p1|Blissey, F|\n|poke|p2|Absol, M|\n|poke|p2|Weavile, M|\n|poke|p2|Ogerpon-Hearthflame, F|\n|poke|p2|Shaymin-Sky|\n|poke|p2|Maushold-Four|\n|poke|p2|Cyclizar, M|\n|teampreview\n|\n|t:|1699366247\n|start\n|switch|p1a: Flutter Mane|Flutter Mane|100\/100\n|switch|p2a: Disney|Maushold-Four|100\/100\n|turn|1\n|\n|t:|1699366256\n|move|p2a: Disney|Crunch|p1a: Flutter Mane\n|-crit|p1a: Flutter Mane\n|-damage|p1a: Flutter Mane|46\/100\n|move|p1a: Flutter Mane|Calm Mind|p1a: Flutter Mane\n|-boost|p1a: Flutter Mane|spa|1\n|-boost|p1a: Flutter Mane|spd|1\n|\n|-heal|p1a: Flutter Mane|51\/100|[from] item: Leftovers\n|upkeep\n|turn|2\n|\n|t:|1699366263\n|move|p2a: Disney|Crunch|p1a: Flutter Mane\n|-damage|p1a: Flutter Mane|13\/100\n|-unboost|p1a: Flutter Mane|def|1\n|move|p1a: Flutter Mane|Dazzling Gleam|p2a: Disney\n|-damage|p2a: Disney|0 fnt\n|faint|p2a: Disney\n|\n|-heal|p1a: Flutter Mane|19\/100|[from] item: Leftovers\n|upkeep\n|\n|t:|1699366272\n|switch|p2a: Unreliable|Shaymin-Sky|100\/100\n|turn|3\n|\n|t:|1699366285\n|move|p2a: Unreliable|Air Slash|p1a: Flutter Mane\n|-damage|p1a: Flutter Mane|0 fnt\n|faint|p1a: Flutter Mane\n|-end|p1a: Flutter Mane|Protosynthesis|[silent]\n|\n|upkeep\n|\n|t:|1699366292\n|switch|p1a: Charizard|Charizard, F|100\/100\n|turn|4\n|\n|t:|1699366301\n|detailschange|p1a: Charizard|Charizard-Mega-Y, F\n|-mega|p1a: Charizard|Charizard|Charizardite Y\n|-weather|SunnyDay|[from] ability: Drought|[of] p1a: Charizard\n|move|p2a: Unreliable|Air Slash|p1a: Charizard\n|-damage|p1a: Charizard|61\/100\n|cant|p1a: Charizard|flinch\n|\n|-weather|SunnyDay|[upkeep]\n|upkeep\n|turn|5\n|\n|t:|1699366309\n|move|p2a: Unreliable|Air Slash|p1a: Charizard\n|-damage|p1a: Charizard|25\/100\n|move|p1a: Charizard|Flamethrower|p2a: Unreliable\n|-supereffective|p2a: Unreliable\n|-crit|p2a: Unreliable\n|-enditem|p2a: Unreliable|Focus Sash\n|-damage|p2a: Unreliable|1\/100\n|\n|-weather|SunnyDay|[upkeep]\n|upkeep\n|turn|6\n|\n|t:|1699366325\n|switch|p1a: Azumarill|Azumarill, M, shiny|100\/100\n|move|p2a: Unreliable|Air Slash|p1a: Azumarill\n|-damage|p1a: Azumarill|62\/100\n|\n|-weather|SunnyDay|[upkeep]\n|-heal|p1a: Azumarill|68\/100|[from] item: Leftovers\n|upkeep\n|turn|7\n|\n|t:|1699366335\n|move|p2a: Unreliable|Seed Flare|p1a: Azumarill\n|-supereffective|p1a: Azumarill\n|-damage|p1a: Azumarill|0 fnt\n|faint|p1a: Azumarill\n|\n|-weather|SunnyDay|[upkeep]\n|upkeep\n|\n|t:|1699366343\n|switch|p1a: Sneasler|Sneasler, M|100\/100\n|turn|8\n|\n|t:|1699366352\n|switch|p2a: Worse Chien Pao|Weavile, M|100\/100\n|-ability|p2a: Worse Chien Pao|Pressure\n|move|p1a: Sneasler|Endure||[still]\n|-fail|p1a: Sneasler\n|\n|-weather|none\n|upkeep\n|turn|9\n|\n|t:|1699366361\n|move|p1a: Sneasler|Endure|p1a: Sneasler\n|-singleturn|p1a: Sneasler|move: Endure\n|move|p2a: Worse Chien Pao|Fake Out|p1a: Sneasler\n|-damage|p1a: Sneasler|77\/100\n|\n|upkeep\n|turn|10\n|\n|t:|1699366370\n|move|p2a: Worse Chien Pao|Triple Axel|p1a: Sneasler\n|-damage|p1a: Sneasler|59\/100\n|-damage|p1a: Sneasler|25\/100\n|-enditem|p1a: Sneasler|Liechi Berry|[eat]\n|-boost|p1a: Sneasler|atk|1|[from] item: Liechi Berry\n|-damage|p1a: Sneasler|0 fnt\n|faint|p1a: Sneasler\n|-hitcount|p1: Sneasler|3\n|\n|upkeep\n|\n|t:|1699366386\n|switch|p1a: Blissey|Blissey, F|100\/100\n|turn|11\n|\n|t:|1699366390\n|move|p2a: Worse Chien Pao|Triple Axel|p1a: Blissey\n|-damage|p1a: Blissey|92\/100\n|-damage|p1a: Blissey|76\/100\n|-crit|p1a: Blissey\n|-damage|p1a: Blissey|38\/100\n|-hitcount|p1a: Blissey|3\n|move|p1a: Blissey|Light Screen|p1a: Blissey\n|-sidestart|p1: Animekiller223|move: Light Screen\n|\n|-heal|p1a: Blissey|44\/100|[from] item: Leftovers\n|upkeep\n|turn|12\n|\n|t:|1699366397\n|move|p2a: Worse Chien Pao|Triple Axel|p1a: Blissey\n|-damage|p1a: Blissey|35\/100\n|-damage|p1a: Blissey|19\/100\n|-damage|p1a: Blissey|0 fnt\n|faint|p1a: Blissey\n|-hitcount|p1: Blissey|3\n|\n|upkeep\n|\n|t:|1699366402\n|switch|p1a: Appletun|Appletun, M, shiny|100\/100\n|turn|13\n|\n|t:|1699366409\n|move|p2a: Worse Chien Pao|Triple Axel|p1a: Appletun\n|-supereffective|p1a: Appletun\n|-damage|p1a: Appletun|83\/100\n|-supereffective|p1a: Appletun\n|-damage|p1a: Appletun|50\/100\n|-supereffective|p1a: Appletun\n|-damage|p1a: Appletun|2\/100\n|-hitcount|p1a: Appletun|3\n|move|p1a: Appletun|Dragon Pulse|p2a: Worse Chien Pao\n|-damage|p2a: Worse Chien Pao|55\/100\n|\n|upkeep\n|turn|14\n|-message|Animekiller223 forfeited.\n|\n|win|electroshibe\n|raw|Animekiller223's rating: 1355 &rarr; <strong>1331<\/strong><br \/>(-24 for losing)\n|raw|electroshibe's rating: 1280 &rarr; <strong>1310<\/strong><br \/>(+30 for winning)\n|l|\u2606Animekiller223\n","uploadtime":1699366431,"views":4,"p1id":"animekiller223","p2id":"electroshibe","formatid":"gen9nationaldexubers","rating":1310,"private":0,"password":""}