{"id":"gen9nationaldexubers-1982378405","p1":"Pottern","p2":"Kayoubi","format":"[Gen 9] National Dex Ubers","log":"|j|\u2606Pottern\n|j|\u2606Kayoubi\n|t:|1699006803\n|gametype|singles\n|player|p1|Pottern|lucas-gen4pt|\n|player|p2|Kayoubi|red|\n|teamsize|p1|6\n|teamsize|p2|6\n|gen|9\n|tier|[Gen 9] National Dex Ubers\n|rule|HP Percentage Mod: HP is shown in percentages\n|rule|Endless Battle Clause: Forcing endless battles is banned\n|rule|OHKO Clause: OHKO moves are banned\n|rule|Evasion Moves Clause: Evasion moves are banned\n|rule|Evasion Items Clause: Evasion items are banned\n|rule|Species Clause: Limit one of each Pok\u00e9mon\n|rule|Sleep Clause Mod: Limit one foe put to sleep\n|rule|Mega Rayquaza Clause: You cannot mega evolve Rayquaza\n|clearpoke\n|poke|p1|Groudon|\n|poke|p1|Reshiram|\n|poke|p1|Walking Wake|\n|poke|p1|Chi-Yu|\n|poke|p1|Necrozma-Dusk-Mane|\n|poke|p1|Lilligant-Hisui, F|\n|poke|p2|Ho-Oh|\n|poke|p2|Ogerpon-Hearthflame, F|\n|poke|p2|Quagsire, M|\n|poke|p2|Deoxys-Attack|\n|poke|p2|Zacian-*|\n|poke|p2|Giratina-Origin|\n|teampreview\n|inactive|Battle timer is ON: inactive players will automatically lose when time's up. (requested by Kayoubi)\n|c|\u2606Pottern|glhf\n|inactive|Pottern has 270 seconds left.\n|\n|t:|1699006846\n|start\n|switch|p1a: Necrozma|Necrozma-Dusk-Mane|100\/100\n|switch|p2a: Quagsire|Quagsire, M, shiny|100\/100\n|turn|1\n|\n|t:|1699006855\n|move|p1a: Necrozma|Knock Off|p2a: Quagsire\n|-damage|p2a: Quagsire|79\/100\n|-damage|p1a: Necrozma|84\/100|[from] item: Rocky Helmet|[of] p2a: Quagsire\n|-enditem|p2a: Quagsire|Rocky Helmet|[from] move: Knock Off|[of] p1a: Necrozma\n|move|p2a: Quagsire|Stealth Rock|p1a: Necrozma\n|-sidestart|p1: Pottern|move: Stealth Rock\n|\n|-heal|p1a: Necrozma|90\/100|[from] item: Leftovers\n|upkeep\n|turn|2\n|\n|t:|1699006865\n|move|p1a: Necrozma|Stealth Rock|p2a: Quagsire\n|-sidestart|p2: Kayoubi|move: Stealth Rock\n|move|p2a: Quagsire|Recover|p2a: Quagsire\n|-heal|p2a: Quagsire|100\/100\n|\n|-heal|p1a: Necrozma|96\/100|[from] item: Leftovers\n|upkeep\n|turn|3\n|\n|t:|1699006874\n|switch|p1a: Groudon|Groudon|100\/100\n|-damage|p1a: Groudon|94\/100|[from] Stealth Rock\n|-weather|SunnyDay|[from] ability: Drought|[of] p1a: Groudon\n|switch|p2a: Giratina|Giratina-Origin, shiny|100\/100\n|-damage|p2a: Giratina|88\/100|[from] Stealth Rock\n|\n|-weather|SunnyDay|[upkeep]\n|upkeep\n|turn|4\n|\n|t:|1699006886\n|move|p1a: Groudon|Will-O-Wisp|p2a: Giratina\n|-status|p2a: Giratina|brn\n|move|p2a: Giratina|Defog|p1a: Groudon\n|-unboost|p1a: Groudon|evasion|1\n|-sideend|p1: Pottern|Stealth Rock|[from] move: Defog|[of] p2a: Giratina\n|-sideend|p2: Kayoubi|Stealth Rock|[from] move: Defog|[of] p2a: Giratina\n|\n|-weather|SunnyDay|[upkeep]\n|-damage|p2a: Giratina|82\/100 brn|[from] brn\n|upkeep\n|turn|5\n|\n|t:|1699006908\n|move|p2a: Giratina|Toxic|p1a: Groudon\n|-status|p1a: Groudon|tox\n|move|p1a: Groudon|Stealth Rock|p2a: Giratina\n|-sidestart|p2: Kayoubi|move: Stealth Rock\n|\n|-weather|SunnyDay|[upkeep]\n|-damage|p1a: Groudon|88\/100 tox|[from] psn\n|-damage|p2a: Giratina|76\/100 brn|[from] brn\n|upkeep\n|turn|6\n|\n|t:|1699006919\n|switch|p1a: Yuyu|Chi-Yu|100\/100\n|-ability|p1a: Yuyu|Beads of Ruin\n|move|p2a: Giratina|Earthquake|p1a: Yuyu\n|-supereffective|p1a: Yuyu\n|-damage|p1a: Yuyu|39\/100\n|\n|-weather|SunnyDay|[upkeep]\n|-damage|p2a: Giratina|70\/100 brn|[from] brn\n|upkeep\n|turn|7\n|\n|t:|1699006930\n|move|p1a: Yuyu|Dark Pulse|p2a: Giratina\n|-supereffective|p2a: Giratina\n|-damage|p2a: Giratina|0 fnt\n|faint|p2a: Giratina\n|\n|-weather|SunnyDay|[upkeep]\n|upkeep\n|\n|t:|1699006937\n|switch|p2a: Quagsire|Quagsire, M, shiny|100\/100\n|-damage|p2a: Quagsire|94\/100|[from] Stealth Rock\n|turn|8\n|\n|t:|1699006944\n|switch|p1a: Lilith|Lilligant-Hisui, F, shiny|100\/100\n|move|p2a: Quagsire|Toxic|p1a: Lilith\n|-status|p1a: Lilith|tox\n|\n|-weather|SunnyDay|[upkeep]\n|-damage|p1a: Lilith|94\/100 tox|[from] psn\n|upkeep\n|turn|9\n|\n|t:|1699006955\n|switch|p2a: Ho-Oh|Ho-Oh|100\/100\n|-damage|p2a: Ho-Oh|50\/100|[from] Stealth Rock\n|move|p1a: Lilith|Solar Blade||[still]\n|-prepare|p1a: Lilith|Solar Blade\n|-anim|p1a: Lilith|Solar Blade|p2a: Ho-Oh\n|-resisted|p2a: Ho-Oh\n|-damage|p2a: Ho-Oh|38\/100\n|-damage|p1a: Lilith|85\/100 tox|[from] item: Life Orb\n|\n|-weather|SunnyDay|[upkeep]\n|-heal|p2a: Ho-Oh|44\/100|[from] item: Leftovers\n|-damage|p1a: Lilith|72\/100 tox|[from] psn\n|upkeep\n|turn|10\n|\n|t:|1699006979\n|switch|p1a: Walking Wake|Walking Wake|100\/100\n|-activate|p1a: Walking Wake|ability: Protosynthesis\n|-start|p1a: Walking Wake|protosynthesisspa\n|move|p2a: Ho-Oh|Recover|p2a: Ho-Oh\n|-heal|p2a: Ho-Oh|94\/100\n|\n|-weather|none\n|-end|p1a: Walking Wake|Protosynthesis\n|-heal|p2a: Ho-Oh|99\/100|[from] item: Leftovers\n|upkeep\n|turn|11\n|\n|t:|1699006990\n|switch|p2a: Quagsire|Quagsire, M, shiny|94\/100\n|-damage|p2a: Quagsire|88\/100|[from] Stealth Rock\n|move|p1a: Walking Wake|Flip Turn|p2a: Quagsire\n|-damage|p2a: Quagsire|77\/100\n|\n|t:|1699006999\n|-end|p1a: Walking Wake|Protosynthesis|[silent]\n|switch|p1a: Groudon|Groudon|88\/100 tox|[from] Flip Turn\n|-weather|SunnyDay|[from] ability: Drought|[of] p1a: Groudon\n|\n|-weather|SunnyDay|[upkeep]\n|-damage|p1a: Groudon|82\/100 tox|[from] psn\n|upkeep\n|turn|12\n|\n|t:|1699007012\n|move|p1a: Groudon|Precipice Blades|p2a: Quagsire\n|-damage|p2a: Quagsire|36\/100\n|move|p2a: Quagsire|Recover|p2a: Quagsire\n|-heal|p2a: Quagsire|86\/100\n|\n|-weather|SunnyDay|[upkeep]\n|-damage|p1a: Groudon|70\/100 tox|[from] psn\n|upkeep\n|turn|13\n|\n|t:|1699007023\n|move|p1a: Groudon|Will-O-Wisp|p2a: Quagsire|[miss]\n|-miss|p1a: Groudon|p2a: Quagsire\n|move|p2a: Quagsire|Recover|p2a: Quagsire\n|-heal|p2a: Quagsire|100\/100\n|\n|-weather|SunnyDay|[upkeep]\n|-damage|p1a: Groudon|51\/100 tox|[from] psn\n|upkeep\n|turn|14\n|\n|t:|1699007032\n|move|p1a: Groudon|Will-O-Wisp|p2a: Quagsire\n|-status|p2a: Quagsire|brn\n|move|p2a: Quagsire|Stealth Rock|p1a: Groudon\n|-sidestart|p1: Pottern|move: Stealth Rock\n|\n|-weather|SunnyDay|[upkeep]\n|-damage|p1a: Groudon|26\/100 tox|[from] psn\n|-damage|p2a: Quagsire|94\/100 brn|[from] brn\n|upkeep\n|turn|15\n|\n|t:|1699007048\n|move|p1a: Groudon|Rest|p1a: Groudon\n|-status|p1a: Groudon|slp|[from] move: Rest\n|-heal|p1a: Groudon|100\/100 slp|[silent]\n|move|p2a: Quagsire|Encore|p1a: Groudon\n|-start|p1a: Groudon|Encore\n|\n|-weather|SunnyDay|[upkeep]\n|-damage|p2a: Quagsire|88\/100 brn|[from] brn\n|upkeep\n|turn|16\n|\n|t:|1699007058\n|switch|p1a: Reshiram|Reshiram|100\/100\n|-ability|p1a: Reshiram|Turboblaze\n|move|p2a: Quagsire|Toxic|p1a: Reshiram\n|-status|p1a: Reshiram|tox\n|\n|-weather|SunnyDay|[upkeep]\n|-damage|p1a: Reshiram|94\/100 tox|[from] psn\n|-damage|p2a: Quagsire|82\/100 brn|[from] brn\n|upkeep\n|turn|17\n|\n|t:|1699007069\n|move|p1a: Reshiram|Solar Beam||[still]\n|-prepare|p1a: Reshiram|Solar Beam\n|-anim|p1a: Reshiram|Solar Beam|p2a: Quagsire\n|-supereffective|p2a: Quagsire\n|-damage|p2a: Quagsire|0 fnt\n|faint|p2a: Quagsire\n|\n|-weather|SunnyDay|[upkeep]\n|-damage|p1a: Reshiram|82\/100 tox|[from] psn\n|upkeep\n|\n|t:|1699007080\n|switch|p2a: Deoxys|Deoxys-Attack|100\/100\n|-damage|p2a: Deoxys|88\/100|[from] Stealth Rock\n|-ability|p2a: Deoxys|Pressure\n|turn|18\n|c|\u2606Kayoubi|Glhf\n|inactive|Pottern has 270 seconds left.\n|\n|t:|1699007123\n|switch|p1a: Necrozma|Necrozma-Dusk-Mane|96\/100\n|-damage|p1a: Necrozma|90\/100|[from] Stealth Rock\n|move|p2a: Deoxys|Dark Pulse|p1a: Necrozma\n|-supereffective|p1a: Necrozma\n|-damage|p1a: Necrozma|60\/100\n|\n|-weather|none\n|-heal|p1a: Necrozma|66\/100|[from] item: Leftovers\n|upkeep\n|turn|19\n|\n|t:|1699007136\n|move|p2a: Deoxys|Dark Pulse|p1a: Necrozma\n|-supereffective|p1a: Necrozma\n|-damage|p1a: Necrozma|34\/100\n|move|p1a: Necrozma|Knock Off|p2a: Deoxys\n|-supereffective|p2a: Deoxys\n|-damage|p2a: Deoxys|0 fnt\n|-enditem|p2a: Deoxys|Focus Sash|[from] move: Knock Off|[of] p1a: Necrozma\n|faint|p2a: Deoxys\n|\n|-heal|p1a: Necrozma|40\/100|[from] item: Leftovers\n|upkeep\n|\n|t:|1699007148\n|switch|p2a: Ogerpon|Ogerpon-Hearthflame, F|100\/100\n|-damage|p2a: Ogerpon|76\/100|[from] Stealth Rock\n|-ability|p2a: Ogerpon|Mold Breaker\n|turn|20\n|\n|t:|1699007157\n|switch|p1a: Groudon|Groudon|100\/100 slp\n|-damage|p1a: Groudon|94\/100 slp|[from] Stealth Rock\n|-weather|SunnyDay|[from] ability: Drought|[of] p1a: Groudon\n|-terastallize|p2a: Ogerpon|Fire\n|detailschange|p2a: Ogerpon|Ogerpon-Hearthflame-Tera, F, tera:Fire\n|-ability|p2a: Ogerpon|Embody Aspect (Hearthflame)|boost\n|-boost|p2a: Ogerpon|atk|1\n|move|p2a: Ogerpon|Ivy Cudgel|p1a: Groudon\n|-damage|p1a: Groudon|9\/100 slp\n|\n|-weather|SunnyDay|[upkeep]\n|upkeep\n|turn|21\n|\n|t:|1699007171\n|move|p2a: Ogerpon|Play Rough|p1a: Groudon\n|-damage|p1a: Groudon|0 fnt\n|faint|p1a: Groudon\n|\n|-weather|SunnyDay|[upkeep]\n|upkeep\n|inactive|Pottern has 270 seconds left.\n|\n|t:|1699007188\n|switch|p1a: Walking Wake|Walking Wake|100\/100\n|-damage|p1a: Walking Wake|88\/100|[from] Stealth Rock\n|-activate|p1a: Walking Wake|ability: Protosynthesis\n|-start|p1a: Walking Wake|protosynthesisspa\n|turn|22\n|inactive|Pottern has 270 seconds left.\n|\n|t:|1699007194\n|move|p1a: Walking Wake|Hydro Steam|p2a: Ogerpon\n|-supereffective|p2a: Ogerpon\n|-damage|p2a: Ogerpon|0 fnt\n|faint|p2a: Ogerpon\n|\n|-weather|SunnyDay|[upkeep]\n|upkeep\n|c|\u2606Pottern|ggwp\n|\n|t:|1699007203\n|switch|p2a: Zacian|Zacian-Crowned|100\/100\n|-damage|p2a: Zacian|94\/100|[from] Stealth Rock\n|-ability|p2a: Zacian|Intrepid Sword|boost\n|-boost|p2a: Zacian|atk|1\n|turn|23\n|inactive|Pottern has 270 seconds left.\n|\n|t:|1699007231\n|move|p2a: Zacian|Protect|p2a: Zacian\n|-singleturn|p2a: Zacian|Protect\n|move|p1a: Walking Wake|Hydro Steam|p2a: Zacian\n|-activate|p2a: Zacian|move: Protect\n|\n|-weather|SunnyDay|[upkeep]\n|upkeep\n|turn|24\n|\n|t:|1699007244\n|move|p1a: Walking Wake|Hydro Steam|p2a: Zacian\n|-damage|p2a: Zacian|10\/100\n|move|p2a: Zacian|Close Combat|p1a: Walking Wake\n|-damage|p1a: Walking Wake|13\/100\n|-unboost|p2a: Zacian|def|1\n|-unboost|p2a: Zacian|spd|1\n|\n|-weather|SunnyDay|[upkeep]\n|upkeep\n|turn|25\n|inactive|Pottern has 270 seconds left.\n|\n|t:|1699007254\n|move|p2a: Zacian|Protect|p2a: Zacian\n|-singleturn|p2a: Zacian|Protect\n|move|p1a: Walking Wake|Hydro Steam|p2a: Zacian\n|-activate|p2a: Zacian|move: Protect\n|\n|-weather|SunnyDay|[upkeep]\n|upkeep\n|turn|26\n|c|\u2606Pottern|come on\n|\n|t:|1699007269\n|switch|p2a: Ho-Oh|Ho-Oh|100\/100\n|-damage|p2a: Ho-Oh|50\/100|[from] Stealth Rock\n|move|p1a: Walking Wake|Hydro Steam|p2a: Ho-Oh\n|-supereffective|p2a: Ho-Oh\n|-damage|p2a: Ho-Oh|0 fnt\n|faint|p2a: Ho-Oh\n|\n|-weather|SunnyDay|[upkeep]\n|upkeep\n|c|\u2606Pottern|you'll really ptrotect stall my sun?\n|\n|t:|1699007290\n|switch|p2a: Zacian|Zacian-Crowned|10\/100\n|-damage|p2a: Zacian|4\/100|[from] Stealth Rock\n|turn|27\n|\n|t:|1699007297\n|move|p1a: Walking Wake|Hydro Steam|p2a: Zacian\n|-damage|p2a: Zacian|0 fnt\n|faint|p2a: Zacian\n|\n|win|Pottern\n|c|\u2606Pottern|gg\n|l|\u2606Kayoubi\n|c|\u2606Pottern|I need to go back to studies byyyee\n","uploadtime":1699007318,"views":12,"p1id":"pottern","p2id":"kayoubi","formatid":"gen9nationaldexubers","rating":0,"private":0,"password":""}