{"id":"gen9nationaldexubers-1995266913","p1":"Jake30Tuddy!","p2":"Rhyfinn1.1.1","format":"[Gen 9] National Dex Ubers","log":"|j|\u2606Jake30Tuddy!\n|j|\u2606Rhyfinn1.1.1\n|t:|1700543844\n|gametype|singles\n|player|p1|Jake30Tuddy!|266|1053\n|player|p2|Rhyfinn1.1.1|ninjaboy|1000\n|teamsize|p1|6\n|teamsize|p2|6\n|gen|9\n|tier|[Gen 9] National Dex Ubers\n|rated|\n|rule|HP Percentage Mod: HP is shown in percentages\n|rule|Endless Battle Clause: Forcing endless battles is banned\n|rule|OHKO Clause: OHKO moves are banned\n|rule|Evasion Moves Clause: Evasion moves are banned\n|rule|Evasion Items Clause: Evasion items are banned\n|rule|Species Clause: Limit one of each Pok\u00e9mon\n|rule|Sleep Clause Mod: Limit one foe put to sleep\n|rule|Mega Rayquaza Clause: You cannot mega evolve Rayquaza\n|clearpoke\n|poke|p1|Blaziken, F|\n|poke|p1|Mandibuzz, F|\n|poke|p1|Electivire, F|\n|poke|p1|Lapras, F|\n|poke|p1|Gengar, M|\n|poke|p1|Shaymin-Sky|\n|poke|p2|Xerneas-*|\n|poke|p2|Marshadow|\n|poke|p2|Groudon|\n|poke|p2|Deoxys-Speed|\n|poke|p2|Necrozma-Dusk-Mane|\n|poke|p2|Pheromosa|\n|teampreview\n|inactive|Battle timer is ON: inactive players will automatically lose when time's up. (requested by Rhyfinn1.1.1)\n|\n|t:|1700543854\n|start\n|switch|p1a: Blaziken|Blaziken, F|100\/100\n|switch|p2a: Deoxys|Deoxys-Speed, shiny|100\/100\n|-ability|p2a: Deoxys|Pressure\n|turn|1\n|\n|t:|1700543857\n|detailschange|p1a: Blaziken|Blaziken-Mega, F\n|-mega|p1a: Blaziken|Blaziken|Blazikenite\n|move|p2a: Deoxys|Stealth Rock|p1a: Blaziken\n|-sidestart|p1: Jake30Tuddy!|move: Stealth Rock\n|move|p1a: Blaziken|Swords Dance|p1a: Blaziken\n|-boost|p1a: Blaziken|atk|2\n|\n|-ability|p1a: Blaziken|Speed Boost|boost\n|-boost|p1a: Blaziken|spe|1\n|upkeep\n|turn|2\n|\n|t:|1700543862\n|move|p1a: Blaziken|Protect|p1a: Blaziken\n|-singleturn|p1a: Blaziken|Protect\n|move|p2a: Deoxys|Spikes|p1a: Blaziken\n|-sidestart|p1: Jake30Tuddy!|Spikes\n|\n|-ability|p1a: Blaziken|Speed Boost|boost\n|-boost|p1a: Blaziken|spe|1\n|upkeep\n|turn|3\n|\n|t:|1700543868\n|move|p1a: Blaziken|Blaze Kick|p2a: Deoxys\n|-enditem|p2a: Deoxys|Focus Sash\n|-damage|p2a: Deoxys|1\/100\n|move|p2a: Deoxys|Spikes|p1a: Blaziken\n|-sidestart|p1: Jake30Tuddy!|Spikes\n|\n|-ability|p1a: Blaziken|Speed Boost|boost\n|-boost|p1a: Blaziken|spe|1\n|upkeep\n|turn|4\n|\n|t:|1700543874\n|move|p1a: Blaziken|Blaze Kick|p2a: Deoxys|[miss]\n|-miss|p1a: Blaziken|p2a: Deoxys\n|move|p2a: Deoxys|Spikes|p1a: Blaziken\n|-sidestart|p1: Jake30Tuddy!|Spikes\n|\n|-ability|p1a: Blaziken|Speed Boost|boost\n|-boost|p1a: Blaziken|spe|1\n|upkeep\n|turn|5\n|\n|t:|1700543878\n|move|p1a: Blaziken|Blaze Kick|p2a: Deoxys\n|-damage|p2a: Deoxys|0 fnt\n|faint|p2a: Deoxys\n|\n|-ability|p1a: Blaziken|Speed Boost|boost\n|-boost|p1a: Blaziken|spe|1\n|upkeep\n|\n|t:|1700543880\n|switch|p2a: Marshadow|Marshadow|100\/100\n|turn|6\n|\n|t:|1700543884\n|switch|p1a: Mandibuzz|Mandibuzz, F|100\/100\n|-damage|p1a: Mandibuzz|75\/100|[from] Stealth Rock\n|move|p2a: Marshadow|Spectral Thief|p1a: Mandibuzz\n|-resisted|p1a: Mandibuzz\n|-damage|p1a: Mandibuzz|62\/100\n|\n|-heal|p1a: Mandibuzz|68\/100|[from] item: Leftovers\n|upkeep\n|turn|7\n|\n|t:|1700543890\n|move|p2a: Marshadow|Rock Tomb|p1a: Mandibuzz\n|-supereffective|p1a: Mandibuzz\n|-damage|p1a: Mandibuzz|31\/100\n|-unboost|p1a: Mandibuzz|spe|1\n|move|p1a: Mandibuzz|Defog|p2a: Marshadow\n|-unboost|p2a: Marshadow|evasion|1\n|-sideend|p1: Jake30Tuddy!|Spikes|[from] move: Defog|[of] p1a: Mandibuzz\n|-sideend|p1: Jake30Tuddy!|Stealth Rock|[from] move: Defog|[of] p1a: Mandibuzz\n|\n|-heal|p1a: Mandibuzz|38\/100|[from] item: Leftovers\n|upkeep\n|turn|8\n|\n|t:|1700543904\n|move|p2a: Marshadow|Close Combat|p1a: Mandibuzz\n|-damage|p1a: Mandibuzz|5\/100\n|-unboost|p2a: Marshadow|def|1\n|-unboost|p2a: Marshadow|spd|1\n|move|p1a: Mandibuzz|Roost|p1a: Mandibuzz\n|-heal|p1a: Mandibuzz|55\/100\n|-singleturn|p1a: Mandibuzz|move: Roost\n|\n|-heal|p1a: Mandibuzz|61\/100|[from] item: Leftovers\n|upkeep\n|turn|9\n|\n|t:|1700543915\n|switch|p2a: Xerneas|Xerneas|100\/100\n|-ability|p2a: Xerneas|Fairy Aura\n|move|p1a: Mandibuzz|Roost|p1a: Mandibuzz\n|-heal|p1a: Mandibuzz|100\/100\n|-singleturn|p1a: Mandibuzz|move: Roost\n|\n|upkeep\n|turn|10\n|\n|t:|1700543921\n|move|p2a: Xerneas|Geomancy||[still]\n|-prepare|p2a: Xerneas|Geomancy\n|-enditem|p2a: Xerneas|Power Herb\n|-anim|p2a: Xerneas|Geomancy|p2a: Xerneas\n|-boost|p2a: Xerneas|spa|2\n|-boost|p2a: Xerneas|spd|2\n|-boost|p2a: Xerneas|spe|2\n|move|p1a: Mandibuzz|Toxic|p2a: Xerneas\n|-status|p2a: Xerneas|tox\n|\n|-damage|p2a: Xerneas|94\/100 tox|[from] psn\n|upkeep\n|turn|11\n|\n|t:|1700543934\n|switch|p1a: Gengar|Gengar, M|100\/100\n|move|p2a: Xerneas|Moonblast|p1a: Gengar\n|-resisted|p1a: Gengar\n|-damage|p1a: Gengar|0 fnt\n|-start|p2a: Xerneas|Disable|Moonblast|[from] ability: Cursed Body|[of] p1a: Gengar\n|faint|p1a: Gengar\n|\n|-damage|p2a: Xerneas|82\/100 tox|[from] psn\n|upkeep\n|\n|t:|1700543949\n|switch|p1a: Electivire|Electivire, F|100\/100\n|turn|12\n|\n|t:|1700543954\n|move|p2a: Xerneas|Psyshock|p1a: Electivire\n|-damage|p1a: Electivire|3\/100\n|move|p1a: Electivire|Wild Charge|p2a: Xerneas\n|-damage|p2a: Xerneas|28\/100 tox\n|-damage|p1a: Electivire|0 fnt|[from] Recoil\n|faint|p1a: Electivire\n|\n|-damage|p2a: Xerneas|10\/100 tox|[from] psn\n|upkeep\n|\n|t:|1700543960\n|switch|p1a: Blaziken|Blaziken-Mega, F|100\/100\n|turn|13\n|\n|t:|1700543967\n|switch|p2a: Groudon|Groudon, shiny|100\/100\n|detailschange|p2a: Groudon|Groudon-Primal, shiny\n|-primal|p2a: Groudon|Red Orb\n|-weather|DesolateLand|[from] ability: Desolate Land|[of] p2a: Groudon\n|move|p1a: Blaziken|Protect||[still]\n|-fail|p1a: Blaziken\n|\n|-weather|DesolateLand|[upkeep]\n|-ability|p1a: Blaziken|Speed Boost|boost\n|-boost|p1a: Blaziken|spe|1\n|upkeep\n|turn|14\n|\n|t:|1700543975\n|move|p1a: Blaziken|High Jump Kick|p2a: Groudon\n|-damage|p2a: Groudon|42\/100\n|move|p2a: Groudon|Earth Power|p1a: Blaziken\n|-supereffective|p1a: Blaziken\n|-damage|p1a: Blaziken|0 fnt\n|faint|p1a: Blaziken\n|\n|-weather|DesolateLand|[upkeep]\n|upkeep\n|\n|t:|1700543982\n|switch|p1a: Shaymin|Shaymin-Sky|100\/100\n|turn|15\n|\n|t:|1700543989\n|move|p1a: Shaymin|Earth Power|p2a: Groudon\n|-supereffective|p2a: Groudon\n|-damage|p2a: Groudon|0 fnt\n|faint|p2a: Groudon\n|-weather|none\n|\n|upkeep\n|\n|t:|1700543992\n|switch|p2a: Pheromosa|Pheromosa, shiny|100\/100\n|turn|16\n|\n|t:|1700544004\n|move|p2a: Pheromosa|Ice Beam|p1a: Shaymin\n|-supereffective|p1a: Shaymin\n|-damage|p1a: Shaymin|0 fnt\n|faint|p1a: Shaymin\n|-ability|p2a: Pheromosa|Beast Boost|boost\n|-boost|p2a: Pheromosa|spe|1\n|-damage|p2a: Pheromosa|91\/100|[from] item: Life Orb\n|\n|upkeep\n|\n|t:|1700544009\n|switch|p1a: Lapras|Lapras, F|100\/100\n|turn|17\n|\n|t:|1700544012\n|move|p2a: Pheromosa|Close Combat|p1a: Lapras\n|-supereffective|p1a: Lapras\n|-damage|p1a: Lapras|0 fnt\n|-unboost|p2a: Pheromosa|def|1\n|-unboost|p2a: Pheromosa|spd|1\n|faint|p1a: Lapras\n|-ability|p2a: Pheromosa|Beast Boost|boost\n|-boost|p2a: Pheromosa|spe|1\n|-damage|p2a: Pheromosa|81\/100|[from] item: Life Orb\n|\n|upkeep\n|-message|Jake30Tuddy! forfeited.\n|\n|win|Rhyfinn1.1.1\n|raw|Jake30Tuddy!'s rating: 1053 &rarr; <strong>1032<\/strong><br \/>(-21 for losing)\n|raw|Rhyfinn1.1.1's rating: 1000 &rarr; <strong>1046<\/strong><br \/>(+46 for winning)\n|l|\u2606Jake30Tuddy!\n","uploadtime":1700544022,"views":3,"p1id":"jake30tuddy","p2id":"rhyfinn111","formatid":"gen9nationaldexubers","rating":1032,"private":0,"password":""}