{"id":"gen9nationaldexubers-1998980346","p1":"Xelemental 4ever","p2":"shaolinhu","format":"[Gen 9] National Dex Ubers","log":"|j|\u2606Xelemental 4ever\n|j|\u2606shaolinhu\n|t:|1701020296\n|gametype|singles\n|player|p1|Xelemental 4ever|265|\n|player|p2|shaolinhu|265|\n|teamsize|p1|6\n|teamsize|p2|6\n|gen|9\n|tier|[Gen 9] National Dex Ubers\n|rule|HP Percentage Mod: HP is shown in percentages\n|rule|Endless Battle Clause: Forcing endless battles is banned\n|rule|OHKO Clause: OHKO moves are banned\n|rule|Evasion Moves Clause: Evasion moves are banned\n|rule|Evasion Items Clause: Evasion items are banned\n|rule|Species Clause: Limit one of each Pok\u00e9mon\n|rule|Sleep Clause Mod: Limit one foe put to sleep\n|rule|Mega Rayquaza Clause: You cannot mega evolve Rayquaza\n|clearpoke\n|poke|p1|Flutter Mane|\n|poke|p1|Vikavolt, M|\n|poke|p1|Absol, F|\n|poke|p1|Cherrim, M|\n|poke|p1|Sandy Shocks|\n|poke|p1|Mismagius, M|\n|poke|p2|Brute Bonnet|\n|poke|p2|Comfey, F|\n|poke|p2|Venusaur, F|\n|poke|p2|Incineroar, M|\n|poke|p2|Kingler, M|\n|poke|p2|Accelgor, M|\n|teampreview\n|c|\u2606Xelemental 4ever|Buena suerte\n|c|\u2606Xelemental 4ever|Y que gane el mejor y el m\u00e1s suertudo\n|\n|t:|1701020338\n|start\n|switch|p1a: Mismagius|Mismagius, M|100\/100\n|switch|p2a: Brute Bonnet|Brute Bonnet|100\/100\n|turn|1\n|\n|t:|1701020350\n|move|p1a: Mismagius|Will-O-Wisp|p2a: Brute Bonnet\n|-status|p2a: Brute Bonnet|brn\n|move|p2a: Brute Bonnet|Crunch|p1a: Mismagius\n|-supereffective|p1a: Mismagius\n|-enditem|p1a: Mismagius|Focus Sash\n|-damage|p1a: Mismagius|1\/100\n|-damage|p2a: Brute Bonnet|91\/100 brn|[from] item: Life Orb\n|\n|-damage|p2a: Brute Bonnet|85\/100 brn|[from] brn\n|upkeep\n|turn|2\n|\n|t:|1701020364\n|switch|p1a: Vikavolt|Vikavolt, M|100\/100\n|move|p2a: Brute Bonnet|Seed Bomb|p1a: Vikavolt\n|-resisted|p1a: Vikavolt\n|-damage|p1a: Vikavolt|85\/100\n|-damage|p2a: Brute Bonnet|75\/100 brn|[from] item: Life Orb\n|\n|-damage|p2a: Brute Bonnet|69\/100 brn|[from] brn\n|upkeep\n|turn|3\n|\n|t:|1701020369\n|move|p2a: Brute Bonnet|Stun Spore|p1a: Vikavolt\n|-immune|p1a: Vikavolt\n|move|p1a: Vikavolt|Sticky Web|p2a: Brute Bonnet\n|-sidestart|p2: shaolinhu|move: Sticky Web\n|\n|-damage|p2a: Brute Bonnet|62\/100 brn|[from] brn\n|upkeep\n|turn|4\n|\n|t:|1701020380\n|-end|p2a: Brute Bonnet|Protosynthesis|[silent]\n|switch|p2a: Incineroar|Incineroar, M|100\/100\n|-activate|p2a: Incineroar|move: Sticky Web\n|-unboost|p2a: Incineroar|spe|1\n|-ability|p2a: Incineroar|Intimidate|boost\n|-unboost|p1a: Vikavolt|atk|1\n|move|p1a: Vikavolt|Bug Buzz|p2a: Incineroar\n|-damage|p2a: Incineroar|51\/100\n|\n|upkeep\n|turn|5\n|\n|t:|1701020396\n|switch|p1a: Cherrim|Cherrim, M|100\/100\n|move|p2a: Incineroar|Blaze Kick|p1a: Cherrim\n|-supereffective|p1a: Cherrim\n|-damage|p1a: Cherrim|0 fnt\n|faint|p1a: Cherrim\n|\n|upkeep\n|\n|t:|1701020403\n|switch|p1a: Sandy Shocks|Sandy Shocks|100\/100\n|-enditem|p1a: Sandy Shocks|Booster Energy\n|-activate|p1a: Sandy Shocks|ability: Protosynthesis|[fromitem]\n|-start|p1a: Sandy Shocks|protosynthesisspa\n|turn|6\n|\n|t:|1701020425\n|switch|p2a: Brute Bonnet|Brute Bonnet|62\/100 brn\n|-activate|p2a: Brute Bonnet|move: Sticky Web\n|-unboost|p2a: Brute Bonnet|spe|1\n|move|p1a: Sandy Shocks|Earth Power|p2a: Brute Bonnet\n|-resisted|p2a: Brute Bonnet\n|-damage|p2a: Brute Bonnet|36\/100 brn\n|\n|-damage|p2a: Brute Bonnet|30\/100 brn|[from] brn\n|upkeep\n|turn|7\n|\n|t:|1701020439\n|-terastallize|p1a: Sandy Shocks|Flying\n|move|p1a: Sandy Shocks|Stealth Rock|p2a: Brute Bonnet\n|-sidestart|p2: shaolinhu|move: Stealth Rock\n|move|p2a: Brute Bonnet|Seed Bomb|p1a: Sandy Shocks\n|-resisted|p1a: Sandy Shocks\n|-damage|p1a: Sandy Shocks|85\/100\n|-damage|p2a: Brute Bonnet|20\/100 brn|[from] item: Life Orb\n|\n|-damage|p2a: Brute Bonnet|14\/100 brn|[from] brn\n|upkeep\n|turn|8\n|\n|t:|1701020450\n|move|p1a: Sandy Shocks|Tera Blast|p2a: Brute Bonnet|[anim] Tera Blast Flying\n|-supereffective|p2a: Brute Bonnet\n|-damage|p2a: Brute Bonnet|0 fnt\n|faint|p2a: Brute Bonnet\n|-end|p2a: Brute Bonnet|Protosynthesis|[silent]\n|\n|upkeep\n|\n|t:|1701020464\n|switch|p2a: Comfey|Comfey, F|100\/100\n|-activate|p2a: Comfey|move: Sticky Web\n|-unboost|p2a: Comfey|spe|1\n|-damage|p2a: Comfey|88\/100|[from] Stealth Rock\n|turn|9\n|\n|t:|1701020477\n|-end|p1a: Sandy Shocks|Protosynthesis|[silent]\n|switch|p1a: Flutter Mane|Flutter Mane|100\/100\n|move|p2a: Comfey|Calm Mind|p2a: Comfey\n|-boost|p2a: Comfey|spa|1\n|-boost|p2a: Comfey|spd|1\n|\n|-heal|p2a: Comfey|94\/100|[from] item: Leftovers\n|upkeep\n|turn|10\n|\n|t:|1701020491\n|move|p1a: Flutter Mane|Calm Mind|p1a: Flutter Mane\n|-boost|p1a: Flutter Mane|spa|1\n|-boost|p1a: Flutter Mane|spd|1\n|move|p2a: Comfey|Calm Mind|p2a: Comfey\n|-boost|p2a: Comfey|spa|1\n|-boost|p2a: Comfey|spd|1\n|\n|-heal|p2a: Comfey|100\/100|[from] item: Leftovers\n|upkeep\n|turn|11\n|\n|t:|1701020498\n|move|p1a: Flutter Mane|Calm Mind|p1a: Flutter Mane\n|-boost|p1a: Flutter Mane|spa|1\n|-boost|p1a: Flutter Mane|spd|1\n|move|p2a: Comfey|Calm Mind|p2a: Comfey\n|-boost|p2a: Comfey|spa|1\n|-boost|p2a: Comfey|spd|1\n|\n|upkeep\n|turn|12\n|\n|t:|1701020506\n|move|p1a: Flutter Mane|Calm Mind|p1a: Flutter Mane\n|-boost|p1a: Flutter Mane|spa|1\n|-boost|p1a: Flutter Mane|spd|1\n|move|p2a: Comfey|Calm Mind|p2a: Comfey\n|-boost|p2a: Comfey|spa|1\n|-boost|p2a: Comfey|spd|1\n|\n|upkeep\n|turn|13\n|\n|t:|1701020515\n|move|p1a: Flutter Mane|Calm Mind|p1a: Flutter Mane\n|-boost|p1a: Flutter Mane|spa|1\n|-boost|p1a: Flutter Mane|spd|1\n|move|p2a: Comfey|Stored Power|p1a: Flutter Mane\n|-damage|p1a: Flutter Mane|50\/100\n|\n|upkeep\n|turn|14\n|\n|t:|1701020520\n|move|p1a: Flutter Mane|Psyshock|p2a: Comfey\n|-damage|p2a: Comfey|0 fnt\n|faint|p2a: Comfey\n|\n|upkeep\n|\n|t:|1701020551\n|switch|p2a: Accelgor|Accelgor, M|100\/100\n|-activate|p2a: Accelgor|move: Sticky Web\n|-unboost|p2a: Accelgor|spe|1\n|-damage|p2a: Accelgor|76\/100|[from] Stealth Rock\n|turn|15\n|\n|t:|1701020560\n|move|p1a: Flutter Mane|Moonblast|p2a: Accelgor\n|-damage|p2a: Accelgor|0 fnt\n|faint|p2a: Accelgor\n|\n|upkeep\n|\n|t:|1701020562\n|switch|p2a: Venusaur|Venusaur, F|100\/100\n|-activate|p2a: Venusaur|move: Sticky Web\n|-unboost|p2a: Venusaur|spe|1\n|-damage|p2a: Venusaur|88\/100|[from] Stealth Rock\n|turn|16\n|\n|t:|1701020568\n|detailschange|p2a: Venusaur|Venusaur-Mega, F\n|-mega|p2a: Venusaur|Venusaur|Venusaurite\n|-zpower|p1a: Flutter Mane\n|move|p1a: Flutter Mane|Never-Ending Nightmare|p2a: Venusaur|[zeffect]\n|-damage|p2a: Venusaur|0 fnt\n|faint|p2a: Venusaur\n|\n|upkeep\n|\n|t:|1701020576\n|switch|p2a: Kingler|Kingler, M|100\/100\n|-activate|p2a: Kingler|move: Sticky Web\n|-unboost|p2a: Kingler|spe|1\n|-damage|p2a: Kingler|88\/100|[from] Stealth Rock\n|turn|17\n|\n|t:|1701020581\n|move|p1a: Flutter Mane|Moonblast|p2a: Kingler\n|-damage|p2a: Kingler|0 fnt\n|faint|p2a: Kingler\n|\n|upkeep\n|\n|t:|1701020586\n|switch|p2a: Incineroar|Incineroar, M|51\/100\n|-activate|p2a: Incineroar|move: Sticky Web\n|-unboost|p2a: Incineroar|spe|1\n|-damage|p2a: Incineroar|26\/100|[from] Stealth Rock\n|-ability|p2a: Incineroar|Intimidate|boost\n|-unboost|p1a: Flutter Mane|atk|1\n|turn|18\n|\n|t:|1701020593\n|move|p1a: Flutter Mane|Moonblast|p2a: Incineroar\n|-damage|p2a: Incineroar|0 fnt\n|faint|p2a: Incineroar\n|\n|win|Xelemental 4ever\n|c|\u2606Xelemental 4ever|gg\n","uploadtime":1701020600,"views":5,"p1id":"xelemental4ever","p2id":"shaolinhu","formatid":"gen9nationaldexubers","rating":0,"private":0,"password":""}