{"id":"gen9nationaldexubers-1981451835","p1":"pikakip379","p2":"HatHipster","format":"[Gen 9] National Dex Ubers","log":"|j|\u2606pikakip379\n|j|\u2606HatHipster\n|t:|1698897779\n|gametype|singles\n|player|p1|pikakip379|ninjaboy-gen3|1408\n|player|p2|HatHipster|266|1351\n|teamsize|p1|6\n|teamsize|p2|6\n|gen|9\n|tier|[Gen 9] National Dex Ubers\n|rated|\n|rule|HP Percentage Mod: HP is shown in percentages\n|rule|Endless Battle Clause: Forcing endless battles is banned\n|rule|OHKO Clause: OHKO moves are banned\n|rule|Evasion Moves Clause: Evasion moves are banned\n|rule|Evasion Items Clause: Evasion items are banned\n|rule|Species Clause: Limit one of each Pok\u00e9mon\n|rule|Sleep Clause Mod: Limit one foe put to sleep\n|rule|Mega Rayquaza Clause: You cannot mega evolve Rayquaza\n|clearpoke\n|poke|p1|Sandy Shocks|\n|poke|p1|Groudon|\n|poke|p1|Gholdengo|\n|poke|p1|Ho-Oh|\n|poke|p1|Marshadow|\n|poke|p1|Eternatus|\n|poke|p2|Naganadel|\n|poke|p2|Deoxys-Speed|\n|poke|p2|Groudon|\n|poke|p2|Xerneas-*|\n|poke|p2|Smeargle, M|\n|poke|p2|Melmetal|\n|teampreview\n|inactive|Battle timer is ON: inactive players will automatically lose when time's up. (requested by HatHipster)\n|j| Incredible Gassy\n|inactive|pikakip379 has 120 seconds left.\n|\n|t:|1698897823\n|start\n|switch|p1a: milk on yo face|Gholdengo|100\/100\n|switch|p2a: Deoxys|Deoxys-Speed|100\/100\n|-ability|p2a: Deoxys|Pressure\n|-item|p1a: milk on yo face|Air Balloon\n|turn|1\n|\n|t:|1698897845\n|move|p2a: Deoxys|Stealth Rock|p1a: milk on yo face\n|-sidestart|p1: pikakip379|move: Stealth Rock\n|move|p1a: milk on yo face|Nasty Plot|p1a: milk on yo face\n|-boost|p1a: milk on yo face|spa|2\n|\n|upkeep\n|turn|2\n|\n|t:|1698897851\n|move|p2a: Deoxys|Taunt|p1a: milk on yo face\n|-immune|p1a: milk on yo face|[from] ability: Good as Gold\n|move|p1a: milk on yo face|Nasty Plot|p1a: milk on yo face\n|-boost|p1a: milk on yo face|spa|2\n|\n|upkeep\n|turn|3\n|c|\u2606pikakip379|lol\n|c| Incredible Gassy|ll\n|c| Incredible Gassy|lol\n|\n|t:|1698897859\n|move|p2a: Deoxys|Spikes|p1a: milk on yo face\n|-sidestart|p1: pikakip379|Spikes\n|move|p1a: milk on yo face|Nasty Plot|p1a: milk on yo face\n|-boost|p1a: milk on yo face|spa|2\n|\n|upkeep\n|turn|4\n|c|\u2606HatHipster|oop\n|\n|t:|1698897867\n|move|p2a: Deoxys|Spikes|p1a: milk on yo face\n|-sidestart|p1: pikakip379|Spikes\n|move|p1a: milk on yo face|Power Gem|p2a: Deoxys\n|-enditem|p2a: Deoxys|Focus Sash\n|-damage|p2a: Deoxys|1\/100\n|\n|upkeep\n|turn|5\n|\n|t:|1698897874\n|move|p2a: Deoxys|Spikes|p1a: milk on yo face\n|-sidestart|p1: pikakip379|Spikes\n|move|p1a: milk on yo face|Power Gem|p2a: Deoxys\n|-damage|p2a: Deoxys|0 fnt\n|faint|p2a: Deoxys\n|\n|upkeep\n|c|\u2606pikakip379|im feeling powerful\n|\n|t:|1698897894\n|switch|p2a: Naganadel|Naganadel|100\/100\n|turn|6\n|\n|t:|1698897902\n|switch|p2a: Smeargle|Smeargle, M|100\/100\n|-terastallize|p1a: milk on yo face|Rock\n|move|p1a: milk on yo face|Power Gem|p2a: Smeargle\n|-enditem|p2a: Smeargle|Focus Sash\n|-damage|p2a: Smeargle|1\/100\n|\n|upkeep\n|turn|7\n|\n|t:|1698897921\n|move|p2a: Smeargle|Sticky Web|p1a: milk on yo face\n|-sidestart|p1: pikakip379|move: Sticky Web\n|move|p1a: milk on yo face|Power Gem|p2a: Smeargle\n|-crit|p2a: Smeargle\n|-damage|p2a: Smeargle|0 fnt\n|faint|p2a: Smeargle\n|\n|upkeep\n|\n|t:|1698897934\n|switch|p2a: Melmetal|Melmetal|100\/100\n|turn|8\n|\n|t:|1698897941\n|move|p1a: milk on yo face|Make It Rain|p2a: Melmetal\n|-resisted|p2a: Melmetal\n|-damage|p2a: Melmetal|35\/100\n|-unboost|p1a: milk on yo face|spa|1\n|move|p2a: Melmetal|Double Iron Bash|p1a: milk on yo face\n|-supereffective|p1a: milk on yo face\n|-damage|p1a: milk on yo face|18\/100\n|-enditem|p1a: milk on yo face|Air Balloon\n|-supereffective|p1a: milk on yo face\n|-damage|p1a: milk on yo face|0 fnt\n|faint|p1a: milk on yo face\n|-hitcount|p1: milk on yo face|2\n|\n|upkeep\n|\n|t:|1698897954\n|switch|p1a: hoe ass|Ho-Oh|100\/100\n|turn|9\n|\n|t:|1698897984\n|switch|p2a: Naganadel|Naganadel|100\/100\n|move|p1a: hoe ass|Defog|p2a: Naganadel\n|-unboost|p2a: Naganadel|evasion|1\n|-sideend|p1: pikakip379|Spikes|[from] move: Defog|[of] p1a: hoe ass\n|-sideend|p1: pikakip379|Stealth Rock|[from] move: Defog|[of] p1a: hoe ass\n|-sideend|p1: pikakip379|Sticky Web|[from] move: Defog|[of] p1a: hoe ass\n|\n|upkeep\n|turn|10\n|c|\u2606pikakip379|im feelin foggy\n|\n|t:|1698897999\n|switch|p1a: el perro|Eternatus|100\/100\n|-ability|p1a: el perro|Pressure\n|move|p2a: Naganadel|Nasty Plot|p2a: Naganadel\n|-boost|p2a: Naganadel|spa|2\n|\n|upkeep\n|turn|11\n|inactive|HatHipster has 120 seconds left.\n|\n|t:|1698898019\n|-terastallize|p2a: Naganadel|Fire\n|move|p1a: el perro|Meteor Beam||[still]\n|-prepare|p1a: el perro|Meteor Beam\n|-boost|p1a: el perro|spa|1\n|-enditem|p1a: el perro|Power Herb\n|-anim|p1a: el perro|Meteor Beam|p2a: Naganadel\n|-supereffective|p2a: Naganadel\n|-crit|p2a: Naganadel\n|-damage|p2a: Naganadel|0 fnt\n|faint|p2a: Naganadel\n|\n|upkeep\n|c|\u2606pikakip379|never punished\n|\n|t:|1698898049\n|switch|p2a: Groudon|Groudon|100\/100\n|detailschange|p2a: Groudon|Groudon-Primal\n|-primal|p2a: Groudon|Red Orb\n|-weather|DesolateLand|[from] ability: Desolate Land|[of] p2a: Groudon\n|turn|12\n|\n|t:|1698898059\n|move|p1a: el perro|Toxic Spikes|p2a: Groudon\n|-sidestart|p2: HatHipster|move: Toxic Spikes\n|move|p2a: Groudon|Rock Polish|p2a: Groudon\n|-boost|p2a: Groudon|spe|2\n|\n|-weather|DesolateLand|[upkeep]\n|upkeep\n|turn|13\n|\n|t:|1698898067\n|move|p2a: Groudon|Precipice Blades|p1a: el perro\n|-supereffective|p1a: el perro\n|-damage|p1a: el perro|0 fnt\n|faint|p1a: el perro\n|\n|-weather|DesolateLand|[upkeep]\n|upkeep\n|\n|t:|1698898074\n|switch|p1a: bowser fart gif|Sandy Shocks|100\/100\n|turn|14\n|\n|t:|1698898078\n|move|p2a: Groudon|Precipice Blades|p1a: bowser fart gif\n|-supereffective|p1a: bowser fart gif\n|-enditem|p1a: bowser fart gif|Focus Sash\n|-damage|p1a: bowser fart gif|1\/100\n|move|p1a: bowser fart gif|Earth Power|p2a: Groudon\n|-supereffective|p2a: Groudon\n|-damage|p2a: Groudon|14\/100\n|-unboost|p2a: Groudon|spd|1\n|\n|-weather|DesolateLand|[upkeep]\n|upkeep\n|turn|15\n|\n|t:|1698898088\n|move|p2a: Groudon|Precipice Blades|p1a: bowser fart gif|[miss]\n|-miss|p2a: Groudon|p1a: bowser fart gif\n|move|p1a: bowser fart gif|Earth Power|p2a: Groudon\n|-supereffective|p2a: Groudon\n|-damage|p2a: Groudon|0 fnt\n|faint|p2a: Groudon\n|-weather|none\n|\n|upkeep\n|c|\u2606pikakip379|never punished\n|\n|t:|1698898097\n|switch|p2a: Xerneas|Xerneas|100\/100\n|-status|p2a: Xerneas|psn\n|-ability|p2a: Xerneas|Fairy Aura\n|turn|16\n|\n|t:|1698898101\n|move|p1a: bowser fart gif|Earth Power|p2a: Xerneas\n|-damage|p2a: Xerneas|64\/100 psn\n|-unboost|p2a: Xerneas|spd|1\n|move|p2a: Xerneas|Geomancy||[still]\n|-prepare|p2a: Xerneas|Geomancy\n|-enditem|p2a: Xerneas|Power Herb\n|-anim|p2a: Xerneas|Geomancy|p2a: Xerneas\n|-boost|p2a: Xerneas|spa|2\n|-boost|p2a: Xerneas|spd|2\n|-boost|p2a: Xerneas|spe|2\n|\n|-damage|p2a: Xerneas|52\/100 psn|[from] psn\n|upkeep\n|turn|17\n|\n|t:|1698898106\n|move|p2a: Xerneas|Moonblast|p1a: bowser fart gif\n|-damage|p1a: bowser fart gif|0 fnt\n|faint|p1a: bowser fart gif\n|-end|p1a: bowser fart gif|Protosynthesis|[silent]\n|\n|-damage|p2a: Xerneas|39\/100 psn|[from] psn\n|upkeep\n|\n|t:|1698898109\n|switch|p1a: GOOBED!|Marshadow|100\/100\n|turn|18\n|\n|t:|1698898112\n|move|p1a: GOOBED!|Shadow Sneak|p2a: Xerneas\n|-damage|p2a: Xerneas|0 fnt\n|faint|p2a: Xerneas\n|\n|upkeep\n|\n|t:|1698898115\n|switch|p2a: Melmetal|Melmetal|35\/100\n|turn|19\n|c|\u2606HatHipster|gg\n|\n|t:|1698898119\n|move|p1a: GOOBED!|Shadow Sneak|p2a: Melmetal\n|-damage|p2a: Melmetal|8\/100\n|move|p2a: Melmetal|Double Iron Bash|p1a: GOOBED!\n|-damage|p1a: GOOBED!|46\/100\n|-damage|p1a: GOOBED!|0 fnt\n|faint|p1a: GOOBED!\n|-hitcount|p1: GOOBED!|2\n|\n|upkeep\n|c|\u2606pikakip379|im feeling sneaky\n|\n|t:|1698898128\n|switch|p1a: coffee beans|Groudon, shiny|100\/100\n|detailschange|p1a: coffee beans|Groudon-Primal, shiny\n|-primal|p1a: coffee beans|Red Orb\n|-weather|DesolateLand|[from] ability: Desolate Land|[of] p1a: coffee beans\n|turn|20\n|\n|t:|1698898131\n|move|p1a: coffee beans|Lava Plume|p2a: Melmetal\n|-supereffective|p2a: Melmetal\n|-damage|p2a: Melmetal|0 fnt\n|faint|p2a: Melmetal\n|\n|win|pikakip379\n|raw|pikakip379's rating: 1408 &rarr; <strong>1425<\/strong><br \/>(+17 for winning)\n|raw|HatHipster's rating: 1351 &rarr; <strong>1334<\/strong><br \/>(-17 for losing)\n|l|\u2606HatHipster\n","uploadtime":1698898137,"views":5,"p1id":"pikakip379","p2id":"hathipster","formatid":"gen9nationaldexubers","rating":1334,"private":0,"password":""}