{"id":"gen9nationaldexubers-1984495892","p1":"AceTheInadequate","p2":"Cross12000","format":"[Gen 9] National Dex Ubers","log":"|j|\u2606AceTheInadequate\n|j|\u2606Cross12000\n|t:|1699272521\n|gametype|singles\n|player|p1|AceTheInadequate|guitarist|\n|player|p2|Cross12000|roxie|\n|teamsize|p1|6\n|teamsize|p2|6\n|gen|9\n|tier|[Gen 9] National Dex Ubers\n|rule|HP Percentage Mod: HP is shown in percentages\n|rule|Endless Battle Clause: Forcing endless battles is banned\n|rule|OHKO Clause: OHKO moves are banned\n|rule|Evasion Moves Clause: Evasion moves are banned\n|rule|Evasion Items Clause: Evasion items are banned\n|rule|Species Clause: Limit one of each Pok\u00e9mon\n|rule|Sleep Clause Mod: Limit one foe put to sleep\n|rule|Mega Rayquaza Clause: You cannot mega evolve Rayquaza\n|clearpoke\n|poke|p1|Volcarona, M|\n|poke|p1|Scyther, F|\n|poke|p1|Heracross, F|\n|poke|p1|Araquanid, M|\n|poke|p1|Ribombee, F|\n|poke|p1|Galvantula, F|\n|poke|p2|Exploud, M|\n|poke|p2|Diggersby, M|\n|poke|p2|Staraptor, M|\n|poke|p2|Blissey, F|\n|poke|p2|Zangoose, F|\n|poke|p2|Audino, M|\n|teampreview\n|\n|t:|1699272542\n|start\n|switch|p1a: Qkiller|Scyther, F|100\/100\n|switch|p2a: Exploud|Exploud, M|100\/100\n|turn|1\n|\n|t:|1699272548\n|-terastallize|p1a: Qkiller|Normal\n|move|p1a: Qkiller|Dual Wingbeat|p2a: Exploud\n|-crit|p2a: Exploud\n|-damage|p2a: Exploud|40\/100\n|-damage|p2a: Exploud|0 fnt\n|faint|p2a: Exploud\n|-hitcount|p2: Exploud|2\n|\n|upkeep\n|\n|t:|1699272555\n|switch|p2a: Itlog na buhay|Blissey, F|100\/100\n|turn|2\n|\n|t:|1699272558\n|move|p1a: Qkiller|Swords Dance|p1a: Qkiller\n|-boost|p1a: Qkiller|atk|2\n|move|p2a: Itlog na buhay|Seismic Toss|p1a: Qkiller\n|-damage|p1a: Qkiller|65\/100\n|\n|upkeep\n|turn|3\n|\n|t:|1699272564\n|move|p1a: Qkiller|Dual Wingbeat|p2a: Itlog na buhay\n|-damage|p2a: Itlog na buhay|49\/100\n|-damage|p2a: Itlog na buhay|5\/100\n|-hitcount|p2a: Itlog na buhay|2\n|move|p2a: Itlog na buhay|Toxic|p1a: Qkiller\n|-status|p1a: Qkiller|tox\n|\n|-heal|p2a: Itlog na buhay|11\/100|[from] item: Leftovers\n|-damage|p1a: Qkiller|59\/100 tox|[from] psn\n|upkeep\n|turn|4\n|\n|t:|1699272575\n|move|p1a: Qkiller|Dual Wingbeat|p2a: Itlog na buhay\n|-damage|p2a: Itlog na buhay|0 fnt\n|faint|p2a: Itlog na buhay\n|-hitcount|p2: Itlog na buhay|1\n|\n|-damage|p1a: Qkiller|47\/100 tox|[from] psn\n|upkeep\n|\n|t:|1699272579\n|switch|p2a: Zangoose|Zangoose, F|100\/100\n|turn|5\n|\n|t:|1699272582\n|move|p2a: Zangoose|Detect|p2a: Zangoose\n|-singleturn|p2a: Zangoose|Protect\n|move|p1a: Qkiller|Dual Wingbeat|p2a: Zangoose\n|-activate|p2a: Zangoose|move: Protect\n|\n|-damage|p1a: Qkiller|29\/100 tox|[from] psn\n|-status|p2a: Zangoose|tox|[from] item: Toxic Orb\n|upkeep\n|turn|6\n|\n|t:|1699272612\n|move|p1a: Qkiller|Dual Wingbeat|p2a: Zangoose\n|-damage|p2a: Zangoose|7\/100 tox\n|-damage|p2a: Zangoose|0 fnt\n|faint|p2a: Zangoose\n|-hitcount|p2: Zangoose|2\n|\n|-damage|p1a: Qkiller|4\/100 tox|[from] psn\n|upkeep\n|\n|t:|1699272616\n|switch|p2a: Staraptor|Staraptor, M|100\/100\n|turn|7\n|\n|t:|1699272628\n|move|p1a: Qkiller|Dual Wingbeat|p2a: Staraptor\n|-damage|p2a: Staraptor|12\/100\n|-damage|p2a: Staraptor|0 fnt\n|faint|p2a: Staraptor\n|-hitcount|p2: Staraptor|2\n|\n|-damage|p1a: Qkiller|0 fnt|[from] psn\n|faint|p1a: Qkiller\n|upkeep\n|\n|t:|1699272633\n|switch|p1a: Mokie|Heracross, F|100\/100\n|switch|p2a: Audino|Audino, M|100\/100\n|turn|8\n|\n|t:|1699272640\n|detailschange|p2a: Audino|Audino-Mega, M\n|-mega|p2a: Audino|Audino|Audinite\n|move|p1a: Mokie|Brick Break|p2a: Audino\n|-damage|p2a: Audino|74\/100\n|move|p2a: Audino|Shadow Ball|p1a: Mokie\n|-damage|p1a: Mokie|75\/100\n|\n|upkeep\n|turn|9\n|\n|t:|1699272648\n|move|p1a: Mokie|Brick Break|p2a: Audino\n|-damage|p2a: Audino|48\/100\n|move|p2a: Audino|Ice Beam|p1a: Mokie\n|-damage|p1a: Mokie|46\/100\n|\n|upkeep\n|turn|10\n|\n|t:|1699272656\n|move|p1a: Mokie|Brick Break|p2a: Audino\n|-damage|p2a: Audino|20\/100\n|move|p2a: Audino|Ice Beam|p1a: Mokie\n|-crit|p1a: Mokie\n|-damage|p1a: Mokie|3\/100\n|\n|upkeep\n|turn|11\n|\n|t:|1699272680\n|move|p1a: Mokie|Brick Break|p2a: Audino\n|-damage|p2a: Audino|0 fnt\n|faint|p2a: Audino\n|-ability|p1a: Mokie|Moxie|boost\n|-boost|p1a: Mokie|atk|1\n|\n|upkeep\n|\n|t:|1699272683\n|switch|p2a: Diggersby|Diggersby, M|100\/100\n|turn|12\n|\n|t:|1699272684\n|move|p2a: Diggersby|Quick Attack|p1a: Mokie\n|-damage|p1a: Mokie|0 fnt\n|faint|p1a: Mokie\n|\n|upkeep\n|\n|t:|1699272689\n|switch|p1a: Apollo|Araquanid, M|100\/100\n|turn|13\n|-message|Cross12000 forfeited.\n|\n|win|AceTheInadequate\n|l|\u2606Cross12000\n","uploadtime":1699272699,"views":6,"p1id":"acetheinadequate","p2id":"cross12000","formatid":"gen9nationaldexubers","rating":0,"private":0,"password":""}