{"id":"gen9nationaldexubers-1990505707","p1":"EABL XD","p2":"Welcometoearth420","format":"[Gen 9] National Dex Ubers","log":"|j|\u2606EABL XD\n|j|\u2606Welcometoearth420\n|t:|1699976997\n|gametype|singles\n|player|p1|EABL XD|gambler|1384\n|player|p2|Welcometoearth420|265|1515\n|teamsize|p1|6\n|teamsize|p2|6\n|gen|9\n|tier|[Gen 9] National Dex Ubers\n|rated|\n|rule|HP Percentage Mod: HP is shown in percentages\n|rule|Endless Battle Clause: Forcing endless battles is banned\n|rule|OHKO Clause: OHKO moves are banned\n|rule|Evasion Moves Clause: Evasion moves are banned\n|rule|Evasion Items Clause: Evasion items are banned\n|rule|Species Clause: Limit one of each Pok\u00e9mon\n|rule|Sleep Clause Mod: Limit one foe put to sleep\n|rule|Mega Rayquaza Clause: You cannot mega evolve Rayquaza\n|clearpoke\n|poke|p1|Ho-Oh|\n|poke|p1|Lucario, M|\n|poke|p1|Shaymin-Sky|\n|poke|p1|Galvantula, F|\n|poke|p1|Iron Treads|\n|poke|p1|Groudon|\n|poke|p2|Groudon|\n|poke|p2|Aegislash, M|\n|poke|p2|Eternatus|\n|poke|p2|Deoxys-Attack|\n|poke|p2|Arceus|\n|poke|p2|Ho-Oh|\n|teampreview\n|\n|t:|1699977014\n|start\n|switch|p1a: Tula|Galvantula, F|100\/100\n|switch|p2a: Deoxys|Deoxys-Attack|100\/100\n|-ability|p2a: Deoxys|Pressure\n|turn|1\n|\n|t:|1699977020\n|move|p2a: Deoxys|Psychic|p1a: Tula\n|-enditem|p1a: Tula|Focus Sash\n|-damage|p1a: Tula|1\/100\n|move|p1a: Tula|Thunder Wave|p2a: Deoxys\n|-status|p2a: Deoxys|par\n|\n|upkeep\n|turn|2\n|\n|t:|1699977029\n|switch|p2a: Aegislash|Aegislash, M|100\/100\n|move|p1a: Tula|Sticky Web|p2a: Aegislash\n|-sidestart|p2: Welcometoearth420|move: Sticky Web\n|\n|upkeep\n|turn|3\n|\n|t:|1699977034\n|-formechange|p2a: Aegislash|Aegislash-Blade||[from] ability: Stance Change\n|move|p2a: Aegislash|Shadow Sneak|p1a: Tula\n|-damage|p1a: Tula|0 fnt\n|faint|p1a: Tula\n|\n|upkeep\n|\n|t:|1699977044\n|switch|p1a: P\u00e1jaro Feo|Ho-Oh, shiny|100\/100\n|turn|4\n|\n|t:|1699977047\n|-formechange|p2a: Aegislash|Aegislash||[from] ability: Stance Change\n|move|p2a: Aegislash|King's Shield|p2a: Aegislash\n|-singleturn|p2a: Aegislash|Protect\n|-zpower|p1a: P\u00e1jaro Feo\n|move|p1a: P\u00e1jaro Feo|Z-Celebrate|p1a: P\u00e1jaro Feo|[anim]Celebrate\n|-boost|p1a: P\u00e1jaro Feo|atk|1|[zeffect]\n|-boost|p1a: P\u00e1jaro Feo|def|1|[zeffect]\n|-boost|p1a: P\u00e1jaro Feo|spa|1|[zeffect]\n|-boost|p1a: P\u00e1jaro Feo|spd|1|[zeffect]\n|-boost|p1a: P\u00e1jaro Feo|spe|1|[zeffect]\n|-activate|p1a: P\u00e1jaro Feo|move: Celebrate\n|\n|upkeep\n|turn|5\n|\n|t:|1699977059\n|switch|p2a: Ho-Oh|Ho-Oh|100\/100\n|move|p1a: P\u00e1jaro Feo|Sacred Fire|p2a: Ho-Oh\n|-resisted|p2a: Ho-Oh\n|-damage|p2a: Ho-Oh|70\/100\n|\n|upkeep\n|turn|6\n|\n|t:|1699977063\n|move|p1a: P\u00e1jaro Feo|Brave Bird|p2a: Ho-Oh\n|-damage|p2a: Ho-Oh|3\/100\n|-damage|p1a: P\u00e1jaro Feo|75\/100|[from] Recoil\n|move|p2a: Ho-Oh|Toxic|p1a: P\u00e1jaro Feo\n|-status|p1a: P\u00e1jaro Feo|tox\n|\n|-damage|p1a: P\u00e1jaro Feo|68\/100 tox|[from] psn\n|upkeep\n|turn|7\n|\n|t:|1699977070\n|switch|p2a: Eternatus|Eternatus|100\/100\n|-activate|p2a: Eternatus|move: Sticky Web\n|-unboost|p2a: Eternatus|spe|1\n|-ability|p2a: Eternatus|Pressure\n|move|p1a: P\u00e1jaro Feo|Sacred Fire|p2a: Eternatus\n|-resisted|p2a: Eternatus\n|-damage|p2a: Eternatus|77\/100\n|\n|-heal|p2a: Eternatus|83\/100|[from] item: Leftovers\n|-damage|p1a: P\u00e1jaro Feo|56\/100 tox|[from] psn\n|upkeep\n|turn|8\n|\n|t:|1699977075\n|move|p1a: P\u00e1jaro Feo|Earthquake|p2a: Eternatus\n|-supereffective|p2a: Eternatus\n|-damage|p2a: Eternatus|18\/100\n|move|p2a: Eternatus|Sludge Wave|p1a: P\u00e1jaro Feo\n|-damage|p1a: P\u00e1jaro Feo|36\/100 tox\n|\n|-heal|p2a: Eternatus|24\/100|[from] item: Leftovers\n|-damage|p1a: P\u00e1jaro Feo|17\/100 tox|[from] psn\n|upkeep\n|turn|9\n|\n|t:|1699977081\n|switch|p2a: Ho-Oh|Ho-Oh|37\/100\n|move|p1a: P\u00e1jaro Feo|Earthquake|p2a: Ho-Oh\n|-immune|p2a: Ho-Oh\n|\n|-damage|p1a: P\u00e1jaro Feo|0 fnt|[from] psn\n|faint|p1a: P\u00e1jaro Feo\n|upkeep\n|\n|t:|1699977084\n|switch|p1a: Shaymin|Shaymin-Sky|100\/100\n|turn|10\n|\n|t:|1699977093\n|switch|p2a: Eternatus|Eternatus|24\/100\n|-activate|p2a: Eternatus|move: Sticky Web\n|-unboost|p2a: Eternatus|spe|1\n|-ability|p2a: Eternatus|Pressure\n|move|p1a: Shaymin|Air Slash|p2a: Eternatus\n|-crit|p2a: Eternatus\n|-damage|p2a: Eternatus|0 fnt\n|faint|p2a: Eternatus\n|\n|upkeep\n|\n|t:|1699977096\n|switch|p2a: Ho-Oh|Ho-Oh|70\/100\n|turn|11\n|\n|t:|1699977099\n|move|p1a: Shaymin|Air Slash|p2a: Ho-Oh\n|-crit|p2a: Ho-Oh\n|-damage|p2a: Ho-Oh|39\/100\n|cant|p2a: Ho-Oh|flinch\n|\n|upkeep\n|turn|12\n|\n|t:|1699977104\n|move|p1a: Shaymin|Air Slash|p2a: Ho-Oh\n|-damage|p2a: Ho-Oh|20\/100\n|move|p2a: Ho-Oh|Recover|p2a: Ho-Oh\n|-heal|p2a: Ho-Oh|70\/100\n|\n|upkeep\n|turn|13\n|\n|t:|1699977109\n|move|p1a: Shaymin|Air Slash|p2a: Ho-Oh\n|-damage|p2a: Ho-Oh|50\/100\n|cant|p2a: Ho-Oh|flinch\n|\n|upkeep\n|turn|14\n|\n|t:|1699977112\n|move|p1a: Shaymin|Air Slash|p2a: Ho-Oh\n|-damage|p2a: Ho-Oh|28\/100\n|move|p2a: Ho-Oh|Toxic|p1a: Shaymin|[miss]\n|-miss|p2a: Ho-Oh|p1a: Shaymin\n|\n|upkeep\n|turn|15\n|\n|t:|1699977121\n|switch|p2a: Aegislash|Aegislash, M|100\/100\n|-activate|p2a: Aegislash|move: Sticky Web\n|-unboost|p2a: Aegislash|spe|1\n|move|p1a: Shaymin|Air Slash|p2a: Aegislash\n|-resisted|p2a: Aegislash\n|-damage|p2a: Aegislash|88\/100\n|\n|-heal|p2a: Aegislash|94\/100|[from] item: Leftovers\n|upkeep\n|turn|16\n|\n|t:|1699977125\n|switch|p1a: Don|Groudon, shiny|100\/100\n|detailschange|p1a: Don|Groudon-Primal, shiny\n|-primal|p1a: Don|Red Orb\n|-weather|DesolateLand|[from] ability: Desolate Land|[of] p1a: Don\n|move|p2a: Aegislash|King's Shield||[still]\n|-fail|p2a: Aegislash\n|\n|-weather|DesolateLand|[upkeep]\n|-heal|p2a: Aegislash|99\/100|[from] item: Leftovers\n|upkeep\n|turn|17\n|\n|t:|1699977132\n|move|p1a: Don|Earthquake|p2a: Aegislash\n|-supereffective|p2a: Aegislash\n|-damage|p2a: Aegislash|0 fnt\n|faint|p2a: Aegislash\n|\n|-weather|DesolateLand|[upkeep]\n|upkeep\n|\n|t:|1699977136\n|switch|p2a: Arceus|Arceus|100\/100\n|-activate|p2a: Arceus|move: Sticky Web\n|-unboost|p2a: Arceus|spe|1\n|turn|18\n|\n|t:|1699977139\n|move|p1a: Don|Heat Crash|p2a: Arceus\n|-damage|p2a: Arceus|46\/100\n|move|p2a: Arceus|Swords Dance|p2a: Arceus\n|-boost|p2a: Arceus|atk|2\n|\n|-weather|DesolateLand|[upkeep]\n|upkeep\n|turn|19\n|\n|t:|1699977144\n|-terastallize|p2a: Arceus|Normal\n|move|p2a: Arceus|Extreme Speed|p1a: Don\n|-damage|p1a: Don|8\/100\n|move|p1a: Don|Heat Crash|p2a: Arceus\n|-damage|p2a: Arceus|0 fnt\n|faint|p2a: Arceus\n|\n|-weather|DesolateLand|[upkeep]\n|upkeep\n|\n|t:|1699977150\n|switch|p2a: Ho-Oh|Ho-Oh|61\/100\n|turn|20\n|\n|t:|1699977154\n|move|p1a: Don|Thunder Punch|p2a: Ho-Oh\n|-supereffective|p2a: Ho-Oh\n|-damage|p2a: Ho-Oh|8\/100\n|move|p2a: Ho-Oh|Sacred Fire|p1a: Don\n|-resisted|p1a: Don\n|-damage|p1a: Don|0 fnt\n|faint|p1a: Don\n|-weather|none\n|\n|upkeep\n|\n|t:|1699977160\n|switch|p1a: Shaymin|Shaymin-Sky|100\/100\n|turn|21\n|\n|t:|1699977165\n|switch|p2a: Groudon|Groudon|100\/100\n|-activate|p2a: Groudon|move: Sticky Web\n|-unboost|p2a: Groudon|spe|1\n|detailschange|p2a: Groudon|Groudon-Primal\n|-primal|p2a: Groudon|Red Orb\n|-weather|DesolateLand|[from] ability: Desolate Land|[of] p2a: Groudon\n|move|p1a: Shaymin|Air Slash|p2a: Groudon\n|-damage|p2a: Groudon|65\/100\n|\n|-weather|DesolateLand|[upkeep]\n|upkeep\n|turn|22\n|\n|t:|1699977170\n|-weather|none\n|switch|p2a: Ho-Oh|Ho-Oh|42\/100\n|move|p1a: Shaymin|Air Slash|p2a: Ho-Oh\n|-damage|p2a: Ho-Oh|21\/100\n|\n|upkeep\n|turn|23\n|\n|t:|1699977176\n|switch|p2a: Groudon|Groudon-Primal|65\/100\n|-activate|p2a: Groudon|move: Sticky Web\n|-unboost|p2a: Groudon|spe|1\n|-weather|DesolateLand|[from] ability: Desolate Land|[of] p2a: Groudon\n|move|p1a: Shaymin|Air Slash|p2a: Groudon\n|-damage|p2a: Groudon|32\/100\n|\n|-weather|DesolateLand|[upkeep]\n|upkeep\n|turn|24\n|\n|t:|1699977181\n|move|p1a: Shaymin|Air Slash|p2a: Groudon\n|-damage|p2a: Groudon|0 fnt\n|faint|p2a: Groudon\n|-weather|none\n|\n|upkeep\n|\n|t:|1699977183\n|switch|p2a: Ho-Oh|Ho-Oh|54\/100\n|turn|25\n|\n|t:|1699977186\n|move|p1a: Shaymin|Air Slash|p2a: Ho-Oh\n|-damage|p2a: Ho-Oh|34\/100\n|cant|p2a: Ho-Oh|flinch\n|\n|upkeep\n|turn|26\n|\n|t:|1699977190\n|move|p1a: Shaymin|Air Slash|p2a: Ho-Oh\n|-damage|p2a: Ho-Oh|13\/100\n|cant|p2a: Ho-Oh|flinch\n|\n|upkeep\n|turn|27\n|\n|t:|1699977193\n|switch|p2a: Deoxys|Deoxys-Attack|100\/100 par\n|-activate|p2a: Deoxys|move: Sticky Web\n|-unboost|p2a: Deoxys|spe|1\n|-ability|p2a: Deoxys|Pressure\n|move|p1a: Shaymin|Air Slash|p2a: Deoxys\n|-damage|p2a: Deoxys|0 fnt\n|faint|p2a: Deoxys\n|\n|upkeep\n|\n|t:|1699977196\n|switch|p2a: Ho-Oh|Ho-Oh|46\/100\n|turn|28\n|\n|t:|1699977197\n|move|p1a: Shaymin|Air Slash|p2a: Ho-Oh\n|-damage|p2a: Ho-Oh|25\/100\n|move|p2a: Ho-Oh|Recover|p2a: Ho-Oh\n|-heal|p2a: Ho-Oh|75\/100\n|\n|upkeep\n|turn|29\n|\n|t:|1699977202\n|move|p1a: Shaymin|Air Slash|p2a: Ho-Oh\n|-damage|p2a: Ho-Oh|56\/100\n|move|p2a: Ho-Oh|Sacred Fire|p1a: Shaymin\n|-supereffective|p1a: Shaymin\n|-damage|p1a: Shaymin|0 fnt\n|faint|p1a: Shaymin\n|\n|upkeep\n|\n|t:|1699977212\n|switch|p1a: Leo Admin|Lucario, M|100\/100\n|turn|30\n|\n|t:|1699977215\n|detailschange|p1a: Leo Admin|Lucario-Mega, M\n|-mega|p1a: Leo Admin|Lucario|Lucarionite\n|move|p1a: Leo Admin|Close Combat|p2a: Ho-Oh\n|-resisted|p2a: Ho-Oh\n|-damage|p2a: Ho-Oh|25\/100\n|-unboost|p1a: Leo Admin|def|1\n|-unboost|p1a: Leo Admin|spd|1\n|move|p2a: Ho-Oh|Recover|p2a: Ho-Oh\n|-heal|p2a: Ho-Oh|75\/100\n|\n|upkeep\n|turn|31\n|\n|t:|1699977225\n|move|p1a: Leo Admin|Close Combat|p2a: Ho-Oh\n|-resisted|p2a: Ho-Oh\n|-damage|p2a: Ho-Oh|43\/100\n|-unboost|p1a: Leo Admin|def|1\n|-unboost|p1a: Leo Admin|spd|1\n|move|p2a: Ho-Oh|Sacred Fire|p1a: Leo Admin\n|-supereffective|p1a: Leo Admin\n|-damage|p1a: Leo Admin|0 fnt\n|faint|p1a: Leo Admin\n|\n|upkeep\n|\n|t:|1699977228\n|switch|p1a: Ferrodada|Iron Treads|100\/100\n|-enditem|p1a: Ferrodada|Booster Energy\n|-activate|p1a: Ferrodada|ability: Quark Drive|[fromitem]\n|-start|p1a: Ferrodada|quarkdriveatk\n|turn|32\n|\n|t:|1699977231\n|move|p1a: Ferrodada|Ice Spinner|p2a: Ho-Oh\n|-damage|p2a: Ho-Oh|18\/100\n|move|p2a: Ho-Oh|Recover|p2a: Ho-Oh\n|-heal|p2a: Ho-Oh|68\/100\n|\n|upkeep\n|turn|33\n|\n|t:|1699977236\n|move|p1a: Ferrodada|Ice Spinner|p2a: Ho-Oh\n|-damage|p2a: Ho-Oh|44\/100\n|move|p2a: Ho-Oh|Recover|p2a: Ho-Oh\n|-heal|p2a: Ho-Oh|94\/100\n|\n|upkeep\n|turn|34\n|-message|EABL XD forfeited.\n|\n|win|Welcometoearth420\n|raw|EABL XD's rating: 1384 &rarr; <strong>1371<\/strong><br \/>(-13 for losing)\n|raw|Welcometoearth420's rating: 1515 &rarr; <strong>1528<\/strong><br \/>(+13 for winning)\n|l|\u2606EABL XD\n","uploadtime":1699977242,"views":8,"p1id":"eablxd","p2id":"welcometoearth420","formatid":"gen9nationaldexubers","rating":1371,"private":0,"password":""}