{"id":"gen9nationaldexubers-1987684933","p1":"ExpungedHasYourIP","p2":"arafatr871","format":"[Gen 9] National Dex Ubers","log":"|j|\u203dExpungedHasYourIP\n|j|\u2606arafatr871\n|t:|1699627469\n|gametype|singles\n|player|p1|ExpungedHasYourIP|teamrocket|1442\n|player|p2|arafatr871|ingo|1541\n|teamsize|p1|6\n|teamsize|p2|6\n|gen|9\n|tier|[Gen 9] National Dex Ubers\n|rated|\n|rule|HP Percentage Mod: HP is shown in percentages\n|rule|Endless Battle Clause: Forcing endless battles is banned\n|rule|OHKO Clause: OHKO moves are banned\n|rule|Evasion Moves Clause: Evasion moves are banned\n|rule|Evasion Items Clause: Evasion items are banned\n|rule|Species Clause: Limit one of each Pok\u00e9mon\n|rule|Sleep Clause Mod: Limit one foe put to sleep\n|rule|Mega Rayquaza Clause: You cannot mega evolve Rayquaza\n|clearpoke\n|poke|p1|Groudon|\n|poke|p1|Arceus|\n|poke|p1|Giratina-Origin|\n|poke|p1|Kyurem-Black|\n|poke|p1|Xerneas-*|\n|poke|p1|Rayquaza|\n|poke|p2|Groudon|\n|poke|p2|Dondozo, M|\n|poke|p2|Yveltal|\n|poke|p2|Zacian-*|\n|poke|p2|Kyogre|\n|poke|p2|Samurott-Hisui, F|\n|teampreview\n|inactive|Battle timer is ON: inactive players will automatically lose when time's up. (requested by arafatr871)\n|\n|t:|1699627476\n|start\n|switch|p1a: Groudon|Groudon|100\/100\n|switch|p2a: Samurott|Samurott-Hisui, F, shiny|100\/100\n|detailschange|p1a: Groudon|Groudon-Primal\n|-primal|p1a: Groudon|Red Orb\n|-weather|DesolateLand|[from] ability: Desolate Land|[of] p1a: Groudon\n|turn|1\n|\n|t:|1699627484\n|move|p2a: Samurott|Ceaseless Edge|p1a: Groudon|[miss]\n|-miss|p2a: Samurott|p1a: Groudon\n|move|p1a: Groudon|Stealth Rock|p2a: Samurott\n|-sidestart|p2: arafatr871|move: Stealth Rock\n|\n|-weather|DesolateLand|[upkeep]\n|upkeep\n|turn|2\n|\n|t:|1699627489\n|move|p2a: Samurott|Ceaseless Edge|p1a: Groudon\n|-damage|p1a: Groudon|72\/100\n|-sidestart|p1: ExpungedHasYourIP|Spikes\n|move|p1a: Groudon|Bulk Up|p1a: Groudon\n|-boost|p1a: Groudon|atk|1\n|-boost|p1a: Groudon|def|1\n|\n|-weather|DesolateLand|[upkeep]\n|upkeep\n|turn|3\n|\n|t:|1699627495\n|move|p2a: Samurott|Ceaseless Edge|p1a: Groudon\n|-damage|p1a: Groudon|54\/100\n|-sidestart|p1: ExpungedHasYourIP|Spikes\n|move|p1a: Groudon|Precipice Blades|p2a: Samurott\n|-enditem|p2a: Samurott|Focus Sash\n|-damage|p2a: Samurott|1\/100\n|\n|-weather|DesolateLand|[upkeep]\n|upkeep\n|turn|4\n|\n|t:|1699627503\n|move|p2a: Samurott|Ceaseless Edge|p1a: Groudon\n|-crit|p1a: Groudon\n|-damage|p1a: Groudon|11\/100\n|-sidestart|p1: ExpungedHasYourIP|Spikes\n|move|p1a: Groudon|Precipice Blades|p2a: Samurott\n|-damage|p2a: Samurott|0 fnt\n|faint|p2a: Samurott\n|\n|-weather|DesolateLand|[upkeep]\n|upkeep\n|\n|t:|1699627514\n|switch|p2a: Yveltal|Yveltal, shiny|100\/100\n|-damage|p2a: Yveltal|76\/100|[from] Stealth Rock\n|-ability|p2a: Yveltal|Dark Aura\n|turn|5\n|\n|t:|1699627517\n|move|p2a: Yveltal|Knock Off|p1a: Groudon\n|-damage|p1a: Groudon|0 fnt\n|faint|p1a: Groudon\n|-weather|none\n|-damage|p2a: Yveltal|66\/100|[from] item: Life Orb\n|\n|upkeep\n|\n|t:|1699627521\n|switch|p1a: Xerneas|Xerneas|100\/100\n|-damage|p1a: Xerneas|76\/100|[from] Spikes\n|-ability|p1a: Xerneas|Fairy Aura\n|turn|6\n|\n|t:|1699627524\n|move|p2a: Yveltal|Knock Off|p1a: Xerneas\n|-resisted|p1a: Xerneas\n|-damage|p1a: Xerneas|42\/100\n|-enditem|p1a: Xerneas|Power Herb|[from] move: Knock Off|[of] p2a: Yveltal\n|-damage|p2a: Yveltal|56\/100|[from] item: Life Orb\n|move|p1a: Xerneas|Geomancy||[still]\n|-prepare|p1a: Xerneas|Geomancy\n|\n|upkeep\n|turn|7\n|\n|t:|1699627528\n|move|p2a: Yveltal|Dual Wingbeat|p1a: Xerneas|[miss]\n|-miss|p2a: Yveltal|p1a: Xerneas\n|move|p1a: Xerneas|Geomancy|p1a: Xerneas|[from]lockedmove\n|-boost|p1a: Xerneas|spa|2\n|-boost|p1a: Xerneas|spd|2\n|-boost|p1a: Xerneas|spe|2\n|\n|upkeep\n|turn|8\n|\n|t:|1699627534\n|move|p2a: Yveltal|Sucker Punch|p1a: Xerneas\n|-resisted|p1a: Xerneas\n|-damage|p1a: Xerneas|17\/100\n|-damage|p2a: Yveltal|46\/100|[from] item: Life Orb\n|move|p1a: Xerneas|Moonblast|p2a: Yveltal\n|-supereffective|p2a: Yveltal\n|-damage|p2a: Yveltal|0 fnt\n|faint|p2a: Yveltal\n|\n|upkeep\n|\n|t:|1699627542\n|switch|p2a: Dondozo|Dondozo, M, shiny|100\/100\n|-damage|p2a: Dondozo|88\/100|[from] Stealth Rock\n|turn|9\n|\n|t:|1699627545\n|move|p1a: Xerneas|Thunderbolt|p2a: Dondozo\n|-supereffective|p2a: Dondozo\n|-damage|p2a: Dondozo|21\/100\n|move|p2a: Dondozo|Earthquake|p1a: Xerneas\n|-damage|p1a: Xerneas|0 fnt\n|faint|p1a: Xerneas\n|\n|-heal|p2a: Dondozo|27\/100|[from] item: Leftovers\n|upkeep\n|\n|t:|1699627553\n|switch|p1a: Kyurem|Kyurem-Black|100\/100\n|-damage|p1a: Kyurem|76\/100|[from] Spikes\n|-ability|p1a: Kyurem|Teravolt\n|turn|10\n|\n|t:|1699627558\n|move|p1a: Kyurem|Dragon Dance|p1a: Kyurem\n|-boost|p1a: Kyurem|atk|1\n|-boost|p1a: Kyurem|spe|1\n|move|p2a: Dondozo|Earthquake|p1a: Kyurem\n|-damage|p1a: Kyurem|49\/100\n|\n|-heal|p1a: Kyurem|55\/100|[from] item: Leftovers\n|-heal|p2a: Dondozo|33\/100|[from] item: Leftovers\n|upkeep\n|turn|11\n|\n|t:|1699627564\n|move|p1a: Kyurem|Fusion Bolt|p2a: Dondozo\n|-supereffective|p2a: Dondozo\n|-damage|p2a: Dondozo|0 fnt\n|faint|p2a: Dondozo\n|\n|-heal|p1a: Kyurem|62\/100|[from] item: Leftovers\n|upkeep\n|\n|t:|1699627566\n|switch|p2a: Groudon|Groudon, shiny|100\/100\n|-damage|p2a: Groudon|94\/100|[from] Stealth Rock\n|detailschange|p2a: Groudon|Groudon-Primal, shiny\n|-primal|p2a: Groudon|Red Orb\n|-weather|DesolateLand|[from] ability: Desolate Land|[of] p2a: Groudon\n|turn|12\n|\n|t:|1699627576\n|move|p1a: Kyurem|Dragon Claw|p2a: Groudon\n|-damage|p2a: Groudon|41\/100\n|move|p2a: Groudon|Earthquake|p1a: Kyurem\n|-damage|p1a: Kyurem|0 fnt\n|faint|p1a: Kyurem\n|\n|-weather|DesolateLand|[upkeep]\n|upkeep\n|\n|t:|1699627582\n|switch|p1a: Arceus|Arceus|100\/100\n|-damage|p1a: Arceus|75\/100|[from] Spikes\n|turn|13\n|\n|t:|1699627585\n|move|p2a: Groudon|Earthquake|p1a: Arceus\n|-damage|p1a: Arceus|29\/100\n|move|p1a: Arceus|Swords Dance|p1a: Arceus\n|-boost|p1a: Arceus|atk|2\n|\n|-weather|DesolateLand|[upkeep]\n|upkeep\n|turn|14\n|\n|t:|1699627589\n|move|p1a: Arceus|Extreme Speed|p2a: Groudon\n|-damage|p2a: Groudon|0 fnt\n|faint|p2a: Groudon\n|-weather|none\n|-damage|p1a: Arceus|19\/100|[from] item: Life Orb\n|\n|upkeep\n|\n|t:|1699627592\n|switch|p2a: Zacian|Zacian-Crowned|100\/100\n|-damage|p2a: Zacian|94\/100|[from] Stealth Rock\n|-ability|p2a: Zacian|Intrepid Sword|boost\n|-boost|p2a: Zacian|atk|1\n|turn|15\n|\n|t:|1699627598\n|move|p1a: Arceus|Extreme Speed|p2a: Zacian\n|-resisted|p2a: Zacian\n|-damage|p2a: Zacian|35\/100\n|-damage|p1a: Arceus|9\/100|[from] item: Life Orb\n|move|p2a: Zacian|Behemoth Blade|p1a: Arceus\n|-damage|p1a: Arceus|0 fnt\n|faint|p1a: Arceus\n|\n|upkeep\n|\n|t:|1699627607\n|switch|p1a: Rayquaza|Rayquaza|100\/100\n|-ability|p1a: Rayquaza|Air Lock\n|turn|16\n|\n|t:|1699627611\n|-terastallize|p1a: Rayquaza|Flying\n|move|p2a: Zacian|Behemoth Blade|p1a: Rayquaza\n|-damage|p1a: Rayquaza|1\/100\n|move|p1a: Rayquaza|V-create|p2a: Zacian\n|-supereffective|p2a: Zacian\n|-damage|p2a: Zacian|0 fnt\n|-unboost|p1a: Rayquaza|spe|1\n|-unboost|p1a: Rayquaza|def|1\n|-unboost|p1a: Rayquaza|spd|1\n|faint|p2a: Zacian\n|-damage|p1a: Rayquaza|0 fnt|[from] item: Life Orb\n|faint|p1a: Rayquaza\n|\n|upkeep\n|\n|t:|1699627623\n|switch|p2a: Kyogre|Kyogre|100\/100\n|switch|p1a: Giratina|Giratina-Origin|100\/100\n|-damage|p2a: Kyogre|88\/100|[from] Stealth Rock\n|detailschange|p2a: Kyogre|Kyogre-Primal\n|-primal|p2a: Kyogre|Blue Orb\n|-weather|PrimordialSea|[from] ability: Primordial Sea|[of] p2a: Kyogre\n|turn|17\n|\n|t:|1699627634\n|move|p1a: Giratina|Thunder Wave|p2a: Kyogre\n|-status|p2a: Kyogre|par\n|move|p2a: Kyogre|Ice Beam|p1a: Giratina\n|-supereffective|p1a: Giratina\n|-crit|p1a: Giratina\n|-damage|p1a: Giratina|16\/100\n|\n|-weather|PrimordialSea|[upkeep]\n|upkeep\n|turn|18\n|\n|t:|1699627642\n|move|p1a: Giratina|Hex|p2a: Kyogre\n|-damage|p2a: Kyogre|41\/100 par\n|move|p2a: Kyogre|Ice Beam|p1a: Giratina\n|-supereffective|p1a: Giratina\n|-damage|p1a: Giratina|0 fnt\n|faint|p1a: Giratina\n|\n|win|arafatr871\n|raw|ExpungedHasYourIP's rating: 1442 &rarr; <strong>1428<\/strong><br \/>(-14 for losing)\n|raw|arafatr871's rating: 1541 &rarr; <strong>1555<\/strong><br \/>(+14 for winning)\n|l|\u2606arafatr871\n|l|\u203dExpungedHasYourIP\n","uploadtime":1699627674,"views":5,"p1id":"expungedhasyourip","p2id":"arafatr871","formatid":"gen9nationaldexubers","rating":1428,"private":0,"password":""}