{"id":"gen9nationaldexubers-1981245219","p1":"Jackimaster","p2":"Pokesaretta","format":"[Gen 9] National Dex Ubers","log":"|j|\u2606Jackimaster\n|j|\u2606Pokesaretta\n|t:|1698875897\n|gametype|singles\n|player|p1|Jackimaster|unknown|1099\n|player|p2|Pokesaretta|101|1000\n|teamsize|p1|6\n|teamsize|p2|6\n|gen|9\n|tier|[Gen 9] National Dex Ubers\n|rated|\n|rule|HP Percentage Mod: HP is shown in percentages\n|rule|Endless Battle Clause: Forcing endless battles is banned\n|rule|OHKO Clause: OHKO moves are banned\n|rule|Evasion Moves Clause: Evasion moves are banned\n|rule|Evasion Items Clause: Evasion items are banned\n|rule|Species Clause: Limit one of each Pok\u00e9mon\n|rule|Sleep Clause Mod: Limit one foe put to sleep\n|rule|Mega Rayquaza Clause: You cannot mega evolve Rayquaza\n|clearpoke\n|poke|p1|Garganacl, M|\n|poke|p1|Dragapult, M|\n|poke|p1|Meowscarada, F|\n|poke|p1|Sneasler, M|\n|poke|p1|Zeraora|\n|poke|p1|Ninetales-Alola, M|\n|poke|p2|Charizard, F|\n|poke|p2|Dragonite, F|\n|poke|p2|Kommo-o, F|\n|poke|p2|Okidogi, M|\n|poke|p2|Mewtwo|\n|poke|p2|Walking Wake|\n|teampreview\n|\n|t:|1698875917\n|start\n|switch|p1a: Ninetales|Ninetales-Alola, M|100\/100\n|switch|p2a: Charizard|Charizard, F|100\/100\n|-weather|Snow|[from] ability: Snow Warning|[of] p1a: Ninetales\n|turn|1\n|\n|t:|1698875936\n|move|p1a: Ninetales|Aurora Veil|p1a: Ninetales\n|-sidestart|p1: Jackimaster|move: Aurora Veil\n|move|p2a: Charizard|Flare Blitz|p1a: Ninetales\n|-supereffective|p1a: Ninetales\n|-damage|p1a: Ninetales|51\/100\n|-damage|p2a: Charizard|85\/100|[from] Recoil\n|\n|-weather|Snow|[upkeep]\n|upkeep\n|turn|2\n|\n|t:|1698875949\n|switch|p1a: Garganacl|Garganacl, M, shiny|100\/100\n|move|p2a: Charizard|Flare Blitz|p1a: Garganacl\n|-resisted|p1a: Garganacl\n|-damage|p1a: Garganacl|93\/100\n|-damage|p2a: Charizard|81\/100|[from] Recoil\n|\n|-weather|Snow|[upkeep]\n|-heal|p1a: Garganacl|99\/100|[from] item: Leftovers\n|upkeep\n|turn|3\n|\n|t:|1698875966\n|switch|p2a: Walking Wake|Walking Wake|100\/100\n|move|p1a: Garganacl|Iron Defense|p1a: Garganacl\n|-boost|p1a: Garganacl|def|2\n|\n|-weather|Snow|[upkeep]\n|-heal|p1a: Garganacl|100\/100|[from] item: Leftovers\n|upkeep\n|turn|4\n|\n|t:|1698875977\n|move|p2a: Walking Wake|Aqua Jet|p1a: Garganacl\n|-supereffective|p1a: Garganacl\n|-damage|p1a: Garganacl|94\/100\n|move|p1a: Garganacl|Salt Cure|p2a: Walking Wake\n|-damage|p2a: Walking Wake|85\/100\n|-start|p2a: Walking Wake|Salt Cure\n|\n|-weather|Snow|[upkeep]\n|-heal|p1a: Garganacl|99\/100|[from] item: Leftovers\n|-damage|p2a: Walking Wake|61\/100|[from] Salt Cure\n|upkeep\n|turn|5\n|\n|t:|1698876017\n|-end|p2a: Walking Wake|Protosynthesis|[silent]\n|switch|p2a: Mewtwo|Mewtwo|100\/100\n|-ability|p2a: Mewtwo|Pressure\n|move|p1a: Garganacl|Body Press|p2a: Mewtwo\n|-resisted|p2a: Mewtwo\n|-damage|p2a: Mewtwo|78\/100\n|\n|-weather|none\n|-heal|p1a: Garganacl|100\/100|[from] item: Leftovers\n|upkeep\n|turn|6\n|\n|t:|1698876043\n|detailschange|p2a: Mewtwo|Mewtwo-Mega-Y\n|-mega|p2a: Mewtwo|Mewtwo|Mewtwonite Y\n|move|p2a: Mewtwo|Energy Ball|p1a: Garganacl\n|-supereffective|p1a: Garganacl\n|-damage|p1a: Garganacl|71\/100\n|move|p1a: Garganacl|Salt Cure|p2a: Mewtwo\n|-damage|p2a: Mewtwo|60\/100\n|-start|p2a: Mewtwo|Salt Cure\n|\n|-heal|p1a: Garganacl|77\/100|[from] item: Leftovers\n|-damage|p2a: Mewtwo|48\/100|[from] Salt Cure\n|upkeep\n|turn|7\n|\n|t:|1698876057\n|move|p2a: Mewtwo|Energy Ball|p1a: Garganacl\n|-supereffective|p1a: Garganacl\n|-damage|p1a: Garganacl|49\/100\n|-unboost|p1a: Garganacl|spd|1\n|move|p1a: Garganacl|Recover|p1a: Garganacl\n|-heal|p1a: Garganacl|99\/100\n|\n|-heal|p1a: Garganacl|100\/100|[from] item: Leftovers\n|-damage|p2a: Mewtwo|35\/100|[from] Salt Cure\n|upkeep\n|turn|8\n|\n|t:|1698876070\n|move|p2a: Mewtwo|Energy Ball|p1a: Garganacl\n|-supereffective|p1a: Garganacl\n|-damage|p1a: Garganacl|57\/100\n|move|p1a: Garganacl|Body Press|p2a: Mewtwo\n|-resisted|p2a: Mewtwo\n|-damage|p2a: Mewtwo|4\/100\n|\n|-heal|p1a: Garganacl|64\/100|[from] item: Leftovers\n|-damage|p2a: Mewtwo|0 fnt|[from] Salt Cure\n|faint|p2a: Mewtwo\n|-sideend|p1: Jackimaster|move: Aurora Veil\n|upkeep\n|\n|t:|1698876084\n|switch|p2a: Dragonite|Dragonite, F|100\/100\n|turn|9\n|\n|t:|1698876089\n|move|p2a: Dragonite|Aqua Tail|p1a: Garganacl|[miss]\n|-miss|p2a: Dragonite|p1a: Garganacl\n|move|p1a: Garganacl|Iron Defense|p1a: Garganacl\n|-boost|p1a: Garganacl|def|2\n|\n|-heal|p1a: Garganacl|70\/100|[from] item: Leftovers\n|upkeep\n|turn|10\n|\n|t:|1698876107\n|move|p2a: Dragonite|Aqua Tail|p1a: Garganacl\n|-supereffective|p1a: Garganacl\n|-damage|p1a: Garganacl|54\/100\n|move|p1a: Garganacl|Salt Cure|p2a: Dragonite\n|-supereffective|p2a: Dragonite\n|-damage|p2a: Dragonite|68\/100\n|-start|p2a: Dragonite|Salt Cure\n|\n|-heal|p2a: Dragonite|74\/100|[from] item: Leftovers\n|-heal|p1a: Garganacl|60\/100|[from] item: Leftovers\n|-damage|p2a: Dragonite|62\/100|[from] Salt Cure\n|upkeep\n|turn|11\n|\n|t:|1698876119\n|move|p2a: Dragonite|Aqua Tail|p1a: Garganacl\n|-supereffective|p1a: Garganacl\n|-damage|p1a: Garganacl|45\/100\n|move|p1a: Garganacl|Recover|p1a: Garganacl\n|-heal|p1a: Garganacl|95\/100\n|\n|-heal|p2a: Dragonite|68\/100|[from] item: Leftovers\n|-heal|p1a: Garganacl|100\/100|[from] item: Leftovers\n|-damage|p2a: Dragonite|56\/100|[from] Salt Cure\n|upkeep\n|turn|12\n|\n|t:|1698876131\n|move|p2a: Dragonite|Blizzard|p1a: Garganacl\n|-damage|p1a: Garganacl|76\/100\n|move|p1a: Garganacl|Iron Defense|p1a: Garganacl\n|-boost|p1a: Garganacl|def|2\n|\n|-heal|p2a: Dragonite|62\/100|[from] item: Leftovers\n|-heal|p1a: Garganacl|82\/100|[from] item: Leftovers\n|-damage|p2a: Dragonite|50\/100|[from] Salt Cure\n|upkeep\n|turn|13\n|\n|t:|1698876146\n|move|p2a: Dragonite|Blizzard|p1a: Garganacl\n|-damage|p1a: Garganacl|60\/100\n|move|p1a: Garganacl|Body Press|p2a: Dragonite\n|-resisted|p2a: Dragonite\n|-damage|p2a: Dragonite|0 fnt\n|faint|p2a: Dragonite\n|\n|-heal|p1a: Garganacl|66\/100|[from] item: Leftovers\n|upkeep\n|\n|t:|1698876164\n|switch|p2a: Kommo-o|Kommo-o, F|100\/100\n|turn|14\n|\n|t:|1698876170\n|move|p2a: Kommo-o|Close Combat|p1a: Garganacl\n|-supereffective|p1a: Garganacl\n|-damage|p1a: Garganacl|47\/100\n|-unboost|p2a: Kommo-o|def|1\n|-unboost|p2a: Kommo-o|spd|1\n|move|p1a: Garganacl|Salt Cure|p2a: Kommo-o\n|-resisted|p2a: Kommo-o\n|-damage|p2a: Kommo-o|90\/100\n|-start|p2a: Kommo-o|Salt Cure\n|\n|-heal|p1a: Garganacl|53\/100|[from] item: Leftovers\n|-damage|p2a: Kommo-o|77\/100|[from] Salt Cure\n|upkeep\n|turn|15\n|\n|t:|1698876184\n|move|p2a: Kommo-o|Clanging Scales|p1a: Garganacl\n|-damage|p1a: Garganacl|16\/100\n|-unboost|p2a: Kommo-o|def|1\n|move|p1a: Garganacl|Recover|p1a: Garganacl\n|-heal|p1a: Garganacl|66\/100\n|\n|-heal|p1a: Garganacl|73\/100|[from] item: Leftovers\n|-damage|p2a: Kommo-o|65\/100|[from] Salt Cure\n|upkeep\n|turn|16\n|\n|t:|1698876196\n|-zpower|p2a: Kommo-o\n|move|p2a: Kommo-o|Clangorous Soulblaze|p1a: Garganacl|[zeffect]\n|-damage|p1a: Garganacl|9\/100\n|-boost|p2a: Kommo-o|atk|1\n|-boost|p2a: Kommo-o|def|1\n|-boost|p2a: Kommo-o|spa|1\n|-boost|p2a: Kommo-o|spd|1\n|-boost|p2a: Kommo-o|spe|1\n|move|p1a: Garganacl|Body Press|p2a: Kommo-o\n|-damage|p2a: Kommo-o|0 fnt\n|faint|p2a: Kommo-o\n|\n|-heal|p1a: Garganacl|15\/100|[from] item: Leftovers\n|upkeep\n|\n|t:|1698876218\n|switch|p2a: Walking Wake|Walking Wake|61\/100\n|turn|17\n|\n|t:|1698876236\n|move|p2a: Walking Wake|Aqua Jet|p1a: Garganacl\n|-supereffective|p1a: Garganacl\n|-crit|p1a: Garganacl\n|-damage|p1a: Garganacl|0 fnt\n|faint|p1a: Garganacl\n|\n|upkeep\n|\n|t:|1698876270\n|switch|p1a: Ninetales|Ninetales-Alola, M|51\/100\n|-weather|Snow|[from] ability: Snow Warning|[of] p1a: Ninetales\n|turn|18\n|\n|t:|1698876279\n|move|p2a: Walking Wake|Fire Fang|p1a: Ninetales\n|-supereffective|p1a: Ninetales\n|-damage|p1a: Ninetales|7\/100\n|-status|p1a: Ninetales|brn\n|move|p1a: Ninetales|Moonblast|p2a: Walking Wake\n|-supereffective|p2a: Walking Wake\n|-damage|p2a: Walking Wake|0 fnt\n|faint|p2a: Walking Wake\n|-end|p2a: Walking Wake|Protosynthesis|[silent]\n|\n|-weather|Snow|[upkeep]\n|-damage|p1a: Ninetales|2\/100 brn|[from] brn\n|upkeep\n|\n|t:|1698876291\n|switch|p2a: Charizard|Charizard, F|81\/100\n|turn|19\n|\n|t:|1698876304\n|move|p1a: Ninetales|Aurora Veil|p1a: Ninetales\n|-sidestart|p1: Jackimaster|move: Aurora Veil\n|move|p2a: Charizard|Flare Blitz|p1a: Ninetales\n|-supereffective|p1a: Ninetales\n|-damage|p1a: Ninetales|0 fnt\n|faint|p1a: Ninetales\n|-damage|p2a: Charizard|81\/100|[from] Recoil\n|\n|-weather|Snow|[upkeep]\n|upkeep\n|\n|t:|1698876314\n|switch|p1a: Zeraora|Zeraora|100\/100\n|turn|20\n|\n|t:|1698876322\n|move|p1a: Zeraora|Plasma Fists|p2a: Charizard\n|-supereffective|p2a: Charizard\n|-damage|p2a: Charizard|0 fnt\n|-fieldactivate|move: Ion Deluge\n|-hint|Normal-type moves become Electric-type after using Plasma Fists.\n|faint|p2a: Charizard\n|\n|-weather|Snow|[upkeep]\n|upkeep\n|\n|t:|1698876331\n|switch|p2a: Okidogi|Okidogi, M|100\/100\n|turn|21\n|\n|t:|1698876348\n|move|p1a: Zeraora|Plasma Fists|p2a: Okidogi\n|-damage|p2a: Okidogi|57\/100\n|-fieldactivate|move: Ion Deluge\n|-hint|Normal-type moves become Electric-type after using Plasma Fists.\n|move|p2a: Okidogi|High Horsepower|p1a: Zeraora\n|-supereffective|p1a: Zeraora\n|-damage|p1a: Zeraora|49\/100\n|\n|-weather|Snow|[upkeep]\n|upkeep\n|turn|22\n|\n|t:|1698876359\n|move|p1a: Zeraora|Play Rough|p2a: Okidogi\n|-damage|p2a: Okidogi|28\/100\n|-unboost|p2a: Okidogi|atk|1\n|move|p2a: Okidogi|High Horsepower|p1a: Zeraora\n|-supereffective|p1a: Zeraora\n|-damage|p1a: Zeraora|15\/100\n|\n|-weather|none\n|upkeep\n|turn|23\n|\n|t:|1698876373\n|move|p1a: Zeraora|Plasma Fists|p2a: Okidogi\n|-damage|p2a: Okidogi|0 fnt\n|-fieldactivate|move: Ion Deluge\n|-hint|Normal-type moves become Electric-type after using Plasma Fists.\n|faint|p2a: Okidogi\n|\n|win|Jackimaster\n|raw|Jackimaster's rating: 1099 &rarr; <strong>1117<\/strong><br \/>(+18 for winning)\n|raw|Pokesaretta's rating: 1000 &rarr; <strong>1000<\/strong><br \/>(+0 for losing)\n","uploadtime":1698876381,"views":4,"p1id":"jackimaster","p2id":"pokesaretta","formatid":"gen9nationaldexubers","rating":1000,"private":0,"password":""}