{"id":"gen9nationaldexubers-1999548220","p1":"danish13","p2":"sub_0strike>(","format":"[Gen 9] National Dex Ubers","log":"|j|\u2606danish13\n|j|\u2606sub_0strike>(\n|t:|1701094958\n|gametype|singles\n|player|p1|danish13|lance|1568\n|player|p2|sub_0strike>(|unknown|1578\n|teamsize|p1|6\n|teamsize|p2|6\n|gen|9\n|tier|[Gen 9] National Dex Ubers\n|rated|\n|rule|HP Percentage Mod: HP is shown in percentages\n|rule|Endless Battle Clause: Forcing endless battles is banned\n|rule|OHKO Clause: OHKO moves are banned\n|rule|Evasion Moves Clause: Evasion moves are banned\n|rule|Evasion Items Clause: Evasion items are banned\n|rule|Species Clause: Limit one of each Pok\u00e9mon\n|rule|Sleep Clause Mod: Limit one foe put to sleep\n|rule|Mega Rayquaza Clause: You cannot mega evolve Rayquaza\n|clearpoke\n|poke|p1|Salamence, M|\n|poke|p1|Yveltal|\n|poke|p1|Arceus|\n|poke|p1|Eternatus|\n|poke|p1|Necrozma-Dusk-Mane|\n|poke|p1|Groudon|\n|poke|p2|Groudon|\n|poke|p2|Zygarde|\n|poke|p2|Eternatus|\n|poke|p2|Skeledirge, F|\n|poke|p2|Yveltal|\n|poke|p2|Necrozma-Dusk-Mane|\n|teampreview\n|inactive|Battle timer is ON: inactive players will automatically lose when time's up. (requested by danish13)\n|inactive|sub_0strike>( has 120 seconds left.\n|\n|t:|1701095010\n|start\n|switch|p1a: Groudon|Groudon|100\/100\n|switch|p2a: Yveltal|Yveltal, shiny|100\/100\n|-ability|p2a: Yveltal|Dark Aura\n|detailschange|p1a: Groudon|Groudon-Primal\n|-primal|p1a: Groudon|Red Orb\n|-weather|DesolateLand|[from] ability: Desolate Land|[of] p1a: Groudon\n|turn|1\n|\n|t:|1701095022\n|move|p1a: Groudon|Heat Crash|p2a: Yveltal\n|-damage|p2a: Yveltal|14\/100\n|move|p2a: Yveltal|Dark Pulse|p1a: Groudon\n|-damage|p1a: Groudon|18\/100\n|-damage|p2a: Yveltal|4\/100|[from] item: Life Orb\n|\n|-weather|DesolateLand|[upkeep]\n|upkeep\n|turn|2\n|\n|t:|1701095029\n|move|p2a: Yveltal|Sucker Punch||[still]\n|-fail|p2a: Yveltal\n|move|p1a: Groudon|Stealth Rock|p2a: Yveltal\n|-sidestart|p2: sub_0strike>(|move: Stealth Rock\n|\n|-weather|DesolateLand|[upkeep]\n|upkeep\n|turn|3\n|\n|t:|1701095034\n|-weather|none\n|switch|p1a: Arceus|Arceus|100\/100\n|move|p2a: Yveltal|Sucker Punch||[still]\n|-fail|p2a: Yveltal\n|\n|upkeep\n|turn|4\n|\n|t:|1701095041\n|move|p1a: Arceus|Dragon Dance|p1a: Arceus\n|-boost|p1a: Arceus|atk|1\n|-boost|p1a: Arceus|spe|1\n|move|p2a: Yveltal|Dark Pulse|p1a: Arceus\n|-damage|p1a: Arceus|37\/100\n|-damage|p2a: Yveltal|0 fnt|[from] item: Life Orb\n|faint|p2a: Yveltal\n|\n|upkeep\n|\n|t:|1701095045\n|switch|p2a: Skeledirge|Skeledirge, F|100\/100\n|turn|5\n|\n|t:|1701095051\n|-terastallize|p1a: Arceus|Ground\n|move|p1a: Arceus|Earthquake|p2a: Skeledirge\n|-supereffective|p2a: Skeledirge\n|-damage|p2a: Skeledirge|23\/100\n|-damage|p1a: Arceus|27\/100|[from] item: Life Orb\n|move|p2a: Skeledirge|Will-O-Wisp|p1a: Arceus\n|-status|p1a: Arceus|brn\n|\n|-damage|p1a: Arceus|21\/100 brn|[from] brn\n|upkeep\n|turn|6\n|\n|t:|1701095068\n|switch|p1a: Groudon|Groudon-Primal|18\/100\n|-weather|DesolateLand|[from] ability: Desolate Land|[of] p1a: Groudon\n|move|p2a: Skeledirge|Slack Off|p2a: Skeledirge\n|-heal|p2a: Skeledirge|73\/100\n|\n|-weather|DesolateLand|[upkeep]\n|upkeep\n|turn|7\n|\n|t:|1701095076\n|switch|p2a: Zygarde|Zygarde|100\/100\n|-damage|p2a: Zygarde|94\/100|[from] Stealth Rock\n|move|p1a: Groudon|Precipice Blades|p2a: Zygarde\n|-damage|p2a: Zygarde|49\/100\n|\n|-weather|DesolateLand|[upkeep]\n|-heal|p2a: Zygarde|55\/100|[from] item: Leftovers\n|upkeep\n|turn|8\n|\n|t:|1701095084\n|move|p2a: Zygarde|Thousand Arrows|p1a: Groudon\n|-supereffective|p1a: Groudon\n|-damage|p1a: Groudon|0 fnt\n|faint|p1a: Groudon\n|-weather|none\n|\n|-heal|p2a: Zygarde|62\/100|[from] item: Leftovers\n|upkeep\n|\n|t:|1701095092\n|switch|p1a: Necrozma|Necrozma-Dusk-Mane|100\/100\n|turn|9\n|\n|t:|1701095097\n|move|p2a: Zygarde|Glare|p1a: Necrozma\n|-status|p1a: Necrozma|par\n|cant|p1a: Necrozma|par\n|\n|-heal|p2a: Zygarde|68\/100|[from] item: Leftovers\n|upkeep\n|turn|10\n|\n|t:|1701095103\n|move|p2a: Zygarde|Substitute|p2a: Zygarde\n|-start|p2a: Zygarde|Substitute\n|-damage|p2a: Zygarde|43\/100\n|move|p1a: Necrozma|Photon Geyser|p2a: Zygarde\n|-end|p2a: Zygarde|Substitute\n|\n|-heal|p2a: Zygarde|49\/100|[from] item: Leftovers\n|-activate|p2a: Zygarde|ability: Power Construct\n|detailschange|p2a: Zygarde|Zygarde-Complete\n|-heal|p2a: Zygarde|67\/100|[silent]\n|upkeep\n|turn|11\n|\n|t:|1701095115\n|move|p2a: Zygarde|Thousand Arrows|p1a: Necrozma\n|-supereffective|p1a: Necrozma\n|-damage|p1a: Necrozma|60\/100 par\n|move|p1a: Necrozma|Photon Geyser|p2a: Zygarde\n|-damage|p2a: Zygarde|35\/100\n|\n|-heal|p2a: Zygarde|41\/100|[from] item: Leftovers\n|upkeep\n|turn|12\n|\n|t:|1701095127\n|switch|p1a: Eternatus|Eternatus|100\/100\n|-ability|p1a: Eternatus|Pressure\n|move|p2a: Zygarde|Thousand Arrows|p1a: Eternatus\n|-supereffective|p1a: Eternatus\n|-damage|p1a: Eternatus|40\/100\n|\n|-heal|p2a: Zygarde|47\/100|[from] item: Leftovers\n|upkeep\n|turn|13\n|\n|t:|1701095136\n|switch|p2a: Necrozma|Necrozma-Dusk-Mane|100\/100\n|-damage|p2a: Necrozma|94\/100|[from] Stealth Rock\n|move|p1a: Eternatus|Dynamax Cannon|p2a: Necrozma\n|-resisted|p2a: Necrozma\n|-damage|p2a: Necrozma|76\/100\n|\n|-heal|p2a: Necrozma|82\/100|[from] item: Leftovers\n|upkeep\n|turn|14\n|\n|t:|1701095147\n|switch|p1a: Salamence|Salamence, M|100\/100\n|-ability|p1a: Salamence|Intimidate|boost\n|-unboost|p2a: Necrozma|atk|1\n|move|p2a: Necrozma|Sunsteel Strike|p1a: Salamence\n|-damage|p1a: Salamence|63\/100\n|\n|-heal|p2a: Necrozma|88\/100|[from] item: Leftovers\n|upkeep\n|turn|15\n|\n|t:|1701095157\n|detailschange|p1a: Salamence|Salamence-Mega, M\n|-mega|p1a: Salamence|Salamence|Salamencite\n|move|p1a: Salamence|Dragon Dance|p1a: Salamence\n|-boost|p1a: Salamence|atk|1\n|-boost|p1a: Salamence|spe|1\n|move|p2a: Necrozma|Stealth Rock|p1a: Salamence\n|-sidestart|p1: danish13|move: Stealth Rock\n|\n|-heal|p2a: Necrozma|94\/100|[from] item: Leftovers\n|upkeep\n|turn|16\n|\n|t:|1701095165\n|move|p1a: Salamence|Dragon Dance|p1a: Salamence\n|-boost|p1a: Salamence|atk|1\n|-boost|p1a: Salamence|spe|1\n|move|p2a: Necrozma|Sunsteel Strike|p1a: Salamence\n|-damage|p1a: Salamence|36\/100\n|\n|-heal|p2a: Necrozma|99\/100|[from] item: Leftovers\n|upkeep\n|turn|17\n|\n|t:|1701095173\n|move|p1a: Salamence|Roost|p1a: Salamence\n|-heal|p1a: Salamence|86\/100\n|-singleturn|p1a: Salamence|move: Roost\n|move|p2a: Necrozma|Sunsteel Strike|p1a: Salamence\n|-crit|p1a: Salamence\n|-damage|p1a: Salamence|25\/100\n|\n|-heal|p2a: Necrozma|100\/100|[from] item: Leftovers\n|upkeep\n|turn|18\n|\n|t:|1701095184\n|move|p1a: Salamence|Roost|p1a: Salamence\n|-heal|p1a: Salamence|75\/100\n|-singleturn|p1a: Salamence|move: Roost\n|move|p2a: Necrozma|Sunsteel Strike|p1a: Salamence\n|-damage|p1a: Salamence|49\/100\n|\n|upkeep\n|turn|19\n|\n|t:|1701095193\n|move|p1a: Salamence|Roost|p1a: Salamence\n|-heal|p1a: Salamence|99\/100\n|-singleturn|p1a: Salamence|move: Roost\n|move|p2a: Necrozma|Sunsteel Strike|p1a: Salamence\n|-damage|p1a: Salamence|74\/100\n|\n|upkeep\n|turn|20\n|\n|t:|1701095201\n|move|p1a: Salamence|Dragon Dance|p1a: Salamence\n|-boost|p1a: Salamence|atk|1\n|-boost|p1a: Salamence|spe|1\n|move|p2a: Necrozma|Sunsteel Strike|p1a: Salamence\n|-damage|p1a: Salamence|49\/100\n|\n|upkeep\n|turn|21\n|\n|t:|1701095208\n|move|p1a: Salamence|Roost|p1a: Salamence\n|-heal|p1a: Salamence|99\/100\n|-singleturn|p1a: Salamence|move: Roost\n|move|p2a: Necrozma|Sunsteel Strike|p1a: Salamence\n|-damage|p1a: Salamence|74\/100\n|\n|upkeep\n|turn|22\n|\n|t:|1701095216\n|move|p1a: Salamence|Return|p2a: Necrozma\n|-resisted|p2a: Necrozma\n|-damage|p2a: Necrozma|51\/100\n|move|p2a: Necrozma|Sunsteel Strike|p1a: Salamence\n|-damage|p1a: Salamence|50\/100\n|\n|-heal|p2a: Necrozma|57\/100|[from] item: Leftovers\n|upkeep\n|turn|23\n|\n|t:|1701095225\n|move|p1a: Salamence|Return|p2a: Necrozma\n|-resisted|p2a: Necrozma\n|-damage|p2a: Necrozma|2\/100\n|move|p2a: Necrozma|Morning Sun|p2a: Necrozma\n|-heal|p2a: Necrozma|52\/100\n|\n|-heal|p2a: Necrozma|58\/100|[from] item: Leftovers\n|upkeep\n|turn|24\n|\n|t:|1701095235\n|move|p1a: Salamence|Dragon Dance|p1a: Salamence\n|-boost|p1a: Salamence|atk|1\n|-boost|p1a: Salamence|spe|1\n|move|p2a: Necrozma|Morning Sun|p2a: Necrozma\n|-heal|p2a: Necrozma|100\/100\n|\n|upkeep\n|turn|25\n|\n|t:|1701095245\n|move|p1a: Salamence|Return|p2a: Necrozma\n|-resisted|p2a: Necrozma\n|-damage|p2a: Necrozma|35\/100\n|move|p2a: Necrozma|Toxic|p1a: Salamence\n|-status|p1a: Salamence|tox\n|\n|-heal|p2a: Necrozma|41\/100|[from] item: Leftovers\n|-damage|p1a: Salamence|44\/100 tox|[from] psn\n|upkeep\n|turn|26\n|\n|t:|1701095256\n|move|p1a: Salamence|Return|p2a: Necrozma\n|-resisted|p2a: Necrozma\n|-damage|p2a: Necrozma|0 fnt\n|faint|p2a: Necrozma\n|\n|-damage|p1a: Salamence|32\/100 tox|[from] psn\n|upkeep\n|\n|t:|1701095264\n|switch|p2a: Skeledirge|Skeledirge, F|73\/100\n|turn|27\n|\n|t:|1701095268\n|move|p1a: Salamence|Facade|p2a: Skeledirge\n|-crit|p2a: Skeledirge\n|-damage|p2a: Skeledirge|0 fnt\n|faint|p2a: Skeledirge\n|\n|-damage|p1a: Salamence|14\/100 tox|[from] psn\n|upkeep\n|-message|sub_0strike>( forfeited.\n|\n|win|danish13\n|raw|danish13's rating: 1568 &rarr; <strong>1589<\/strong><br \/>(+21 for winning)\n|raw|sub_0strike&gt;('s rating: 1578 &rarr; <strong>1557<\/strong><br \/>(-21 for losing)\n|l|\u2606sub_0strike>(\n|l|\u2606danish13\n","uploadtime":1701095337,"views":1,"p1id":"danish13","p2id":"sub0strike","formatid":"gen9nationaldexubers","rating":1557,"private":0,"password":""}