{"id":"gen9nationaldexubers-1996917210","p1":"eeveejr7","p2":"its_notacewastaken","format":"[Gen 9] National Dex Ubers","log":"|j|\u2606eeveejr7\n|j|\u2606its_notacewastaken\n|t:|1700744554\n|gametype|singles\n|player|p1|eeveejr7|ghetsis|1147\n|player|p2|its_notacewastaken|giovanni|1216\n|teamsize|p1|6\n|teamsize|p2|6\n|gen|9\n|tier|[Gen 9] National Dex Ubers\n|rated|\n|rule|HP Percentage Mod: HP is shown in percentages\n|rule|Endless Battle Clause: Forcing endless battles is banned\n|rule|OHKO Clause: OHKO moves are banned\n|rule|Evasion Moves Clause: Evasion moves are banned\n|rule|Evasion Items Clause: Evasion items are banned\n|rule|Species Clause: Limit one of each Pok\u00e9mon\n|rule|Sleep Clause Mod: Limit one foe put to sleep\n|rule|Mega Rayquaza Clause: You cannot mega evolve Rayquaza\n|clearpoke\n|poke|p1|Cofagrigus, F|\n|poke|p1|Bouffalant, F|\n|poke|p1|Seismitoad, M|\n|poke|p1|Kingambit, F|\n|poke|p1|Eelektross, M|\n|poke|p1|Hydreigon, F|\n|poke|p2|Dragapult, M|\n|poke|p2|Landorus-Therian, M|\n|poke|p2|Whimsicott, M|\n|poke|p2|Zacian-*|\n|poke|p2|Shuckle, F|\n|poke|p2|Urshifu-*, M|\n|teampreview\n|\n|t:|1700744563\n|start\n|switch|p1a: Cofagrigus|Cofagrigus, F|100\/100\n|switch|p2a: Lando|Landorus-Therian, M, shiny|100\/100\n|-ability|p2a: Lando|Intimidate|boost\n|-unboost|p1a: Cofagrigus|atk|1\n|turn|1\n|\n|t:|1700744571\n|move|p2a: Lando|Taunt|p1a: Cofagrigus\n|-start|p1a: Cofagrigus|move: Taunt\n|cant|p1a: Cofagrigus|move: Taunt|Toxic\n|\n|upkeep\n|turn|2\n|\n|t:|1700744576\n|move|p2a: Lando|Knock Off|p1a: Cofagrigus\n|-supereffective|p1a: Cofagrigus\n|-damage|p1a: Cofagrigus|65\/100\n|-activate|p1a: Cofagrigus|ability: Mummy|Intimidate|[of] p2a: Lando\n|-enditem|p1a: Cofagrigus|Leftovers|[from] move: Knock Off|[of] p2a: Lando\n|move|p1a: Cofagrigus|Shadow Ball|p2a: Lando\n|-damage|p2a: Lando|74\/100\n|\n|-heal|p2a: Lando|80\/100|[from] item: Leftovers\n|upkeep\n|turn|3\n|\n|t:|1700744587\n|move|p2a: Lando|Knock Off|p1a: Cofagrigus\n|-supereffective|p1a: Cofagrigus\n|-damage|p1a: Cofagrigus|39\/100\n|move|p1a: Cofagrigus|Shadow Ball|p2a: Lando\n|-damage|p2a: Lando|49\/100\n|-unboost|p2a: Lando|spd|1\n|\n|-heal|p2a: Lando|55\/100|[from] item: Leftovers\n|-end|p1a: Cofagrigus|move: Taunt\n|upkeep\n|turn|4\n|\n|t:|1700744596\n|move|p2a: Lando|Taunt|p1a: Cofagrigus\n|-start|p1a: Cofagrigus|move: Taunt\n|move|p1a: Cofagrigus|Shadow Ball|p2a: Lando\n|-damage|p2a: Lando|11\/100\n|\n|-heal|p2a: Lando|18\/100|[from] item: Leftovers\n|upkeep\n|turn|5\n|\n|t:|1700744607\n|move|p2a: Lando|Earthquake|p1a: Cofagrigus\n|-damage|p1a: Cofagrigus|12\/100\n|move|p1a: Cofagrigus|Shadow Ball|p2a: Lando\n|-damage|p2a: Lando|0 fnt\n|faint|p2a: Lando\n|\n|upkeep\n|\n|t:|1700744615\n|switch|p2a: noodle|Shuckle, F|100\/100\n|turn|6\n|inactive|Battle timer is ON: inactive players will automatically lose when time's up. (requested by its_notacewastaken)\n|inactive|eeveejr7 has 120 seconds left.\n|inactive|eeveejr7 has 90 seconds left.\n|\n|t:|1700744720\n|move|p1a: Cofagrigus|Shadow Ball|p2a: noodle\n|-damage|p2a: noodle|86\/100\n|move|p2a: noodle|Sticky Web|p1a: Cofagrigus\n|-sidestart|p1: eeveejr7|move: Sticky Web\n|\n|-heal|p2a: noodle|92\/100|[from] item: Leftovers\n|-end|p1a: Cofagrigus|move: Taunt\n|upkeep\n|turn|7\n|\n|t:|1700744729\n|move|p1a: Cofagrigus|Toxic|p2a: noodle\n|-status|p2a: noodle|tox\n|move|p2a: noodle|Stealth Rock|p1a: Cofagrigus\n|-sidestart|p1: eeveejr7|move: Stealth Rock\n|\n|-heal|p2a: noodle|98\/100 tox|[from] item: Leftovers\n|-damage|p2a: noodle|92\/100 tox|[from] psn\n|upkeep\n|turn|8\n|\n|t:|1700744736\n|move|p1a: Cofagrigus|Shadow Ball|p2a: noodle\n|-damage|p2a: noodle|78\/100 tox\n|-unboost|p2a: noodle|spd|1\n|move|p2a: noodle|Knock Off|p1a: Cofagrigus\n|-supereffective|p1a: Cofagrigus\n|-damage|p1a: Cofagrigus|7\/100\n|-activate|p1a: Cofagrigus|ability: Mummy|Sturdy|[of] p2a: noodle\n|\n|-heal|p2a: noodle|85\/100 tox|[from] item: Leftovers\n|-damage|p2a: noodle|72\/100 tox|[from] psn\n|upkeep\n|turn|9\n|\n|t:|1700744749\n|move|p1a: Cofagrigus|Shadow Ball|p2a: noodle\n|-damage|p2a: noodle|48\/100 tox\n|-unboost|p2a: noodle|spd|1\n|move|p2a: noodle|Knock Off|p1a: Cofagrigus\n|-supereffective|p1a: Cofagrigus\n|-damage|p1a: Cofagrigus|2\/100\n|\n|-heal|p2a: noodle|55\/100 tox|[from] item: Leftovers\n|-damage|p2a: noodle|36\/100 tox|[from] psn\n|upkeep\n|turn|10\n|\n|t:|1700744759\n|move|p1a: Cofagrigus|Shadow Ball|p2a: noodle\n|-damage|p2a: noodle|7\/100 tox\n|move|p2a: noodle|Knock Off|p1a: Cofagrigus\n|-supereffective|p1a: Cofagrigus\n|-damage|p1a: Cofagrigus|0 fnt\n|faint|p1a: Cofagrigus\n|\n|-heal|p2a: noodle|14\/100 tox|[from] item: Leftovers\n|-damage|p2a: noodle|0 fnt|[from] psn\n|faint|p2a: noodle\n|upkeep\n|\n|t:|1700744774\n|switch|p1a: Eelektross|Eelektross, M|100\/100\n|switch|p2a: Brussel Sprout|Whimsicott, M, shiny|100\/100\n|-damage|p1a: Eelektross|88\/100|[from] Stealth Rock\n|turn|11\n|inactive|eeveejr7 has 120 seconds left.\n|\n|t:|1700744821\n|move|p2a: Brussel Sprout|Substitute|p2a: Brussel Sprout\n|-start|p2a: Brussel Sprout|Substitute\n|-damage|p2a: Brussel Sprout|75\/100\n|move|p1a: Eelektross|Flamethrower|p2a: Brussel Sprout\n|-supereffective|p2a: Brussel Sprout\n|-end|p2a: Brussel Sprout|Substitute\n|\n|-heal|p2a: Brussel Sprout|82\/100|[from] item: Leftovers\n|upkeep\n|turn|12\n|\n|t:|1700744837\n|switch|p2a: Destroyer|Dragapult, M, shiny|100\/100\n|move|p1a: Eelektross|Flamethrower|p2a: Destroyer\n|-resisted|p2a: Destroyer\n|-damage|p2a: Destroyer|85\/100\n|\n|upkeep\n|turn|13\n|\n|t:|1700744845\n|move|p2a: Destroyer|Dragon Dance|p2a: Destroyer\n|-boost|p2a: Destroyer|atk|1\n|-boost|p2a: Destroyer|spe|1\n|move|p1a: Eelektross|Crunch|p2a: Destroyer\n|-supereffective|p2a: Destroyer\n|-damage|p2a: Destroyer|3\/100\n|\n|upkeep\n|turn|14\n|\n|t:|1700744854\n|move|p2a: Destroyer|Dragon Darts|p1a: Eelektross\n|-damage|p1a: Eelektross|30\/100\n|-enditem|p1a: Eelektross|Sitrus Berry|[eat]\n|-heal|p1a: Eelektross|55\/100|[from] item: Sitrus Berry\n|-anim|p2a: Destroyer|Dragon Darts|p1a: Eelektross\n|-damage|p1a: Eelektross|0 fnt\n|faint|p1a: Eelektross\n|-damage|p2a: Destroyer|0 fnt|[from] item: Life Orb\n|faint|p2a: Destroyer\n|\n|upkeep\n|\n|t:|1700744873\n|switch|p2a: Brussel Sprout|Whimsicott, M, shiny|82\/100\n|switch|p1a: Kingambit|Kingambit, F|100\/100\n|-activate|p1a: Kingambit|move: Sticky Web\n|-unboost|p1a: Kingambit|spe|1\n|-ability|p1a: Kingambit|Defiant|boost\n|-boost|p1a: Kingambit|atk|2\n|-damage|p1a: Kingambit|94\/100|[from] Stealth Rock\n|turn|15\n|\n|t:|1700744886\n|move|p2a: Brussel Sprout|Substitute|p2a: Brussel Sprout\n|-start|p2a: Brussel Sprout|Substitute\n|-damage|p2a: Brussel Sprout|57\/100\n|move|p1a: Kingambit|Iron Head|p2a: Brussel Sprout\n|-supereffective|p2a: Brussel Sprout\n|-end|p2a: Brussel Sprout|Substitute\n|\n|-heal|p2a: Brussel Sprout|63\/100|[from] item: Leftovers\n|upkeep\n|turn|16\n|\n|t:|1700744899\n|switch|p2a: Supreme Overlord|Zacian-Crowned, shiny|100\/100\n|-ability|p2a: Supreme Overlord|Intrepid Sword|boost\n|-boost|p2a: Supreme Overlord|atk|1\n|move|p1a: Kingambit|Iron Head|p2a: Supreme Overlord\n|-damage|p2a: Supreme Overlord|16\/100\n|\n|upkeep\n|turn|17\n|\n|t:|1700744909\n|move|p2a: Supreme Overlord|Sacred Sword|p1a: Kingambit\n|-supereffective|p1a: Kingambit\n|-enditem|p1a: Kingambit|Chople Berry|[eat]\n|-enditem|p1a: Kingambit|Chople Berry|[weaken]\n|-damage|p1a: Kingambit|22\/100\n|move|p1a: Kingambit|Iron Head|p2a: Supreme Overlord\n|-crit|p2a: Supreme Overlord\n|-damage|p2a: Supreme Overlord|0 fnt\n|faint|p2a: Supreme Overlord\n|\n|upkeep\n|\n|t:|1700744917\n|switch|p2a: Mike Tyson|Urshifu-Rapid-Strike, M|100\/100\n|turn|18\n|\n|t:|1700744923\n|move|p2a: Mike Tyson|Surging Strikes|p1a: Kingambit\n|-crit|p1a: Kingambit\n|-damage|p1a: Kingambit|6\/100\n|-crit|p1a: Kingambit\n|-damage|p1a: Kingambit|0 fnt\n|faint|p1a: Kingambit\n|-hitcount|p1: Kingambit|2\n|\n|upkeep\n|\n|t:|1700744927\n|switch|p1a: Seismitoad|Seismitoad, M|100\/100\n|-activate|p1a: Seismitoad|move: Sticky Web\n|-unboost|p1a: Seismitoad|spe|1\n|-damage|p1a: Seismitoad|95\/100|[from] Stealth Rock\n|turn|19\n|\n|t:|1700744934\n|switch|p2a: Brussel Sprout|Whimsicott, M, shiny|63\/100\n|move|p1a: Seismitoad|Earth Power|p2a: Brussel Sprout\n|-resisted|p2a: Brussel Sprout\n|-damage|p2a: Brussel Sprout|39\/100\n|\n|-heal|p2a: Brussel Sprout|46\/100|[from] item: Leftovers\n|upkeep\n|turn|20\n|\n|t:|1700744941\n|move|p2a: Brussel Sprout|Leech Seed|p1a: Seismitoad\n|-start|p1a: Seismitoad|move: Leech Seed\n|move|p1a: Seismitoad|Sludge Wave|p2a: Brussel Sprout\n|-supereffective|p2a: Brussel Sprout\n|-damage|p2a: Brussel Sprout|0 fnt\n|faint|p2a: Brussel Sprout\n|\n|upkeep\n|\n|t:|1700744947\n|switch|p2a: Mike Tyson|Urshifu-Rapid-Strike, M|100\/100\n|turn|21\n|\n|t:|1700744957\n|-terastallize|p2a: Mike Tyson|Fighting\n|move|p2a: Mike Tyson|Close Combat|p1a: Seismitoad\n|-damage|p1a: Seismitoad|0 fnt\n|-unboost|p2a: Mike Tyson|def|1\n|-unboost|p2a: Mike Tyson|spd|1\n|faint|p1a: Seismitoad\n|\n|upkeep\n|\n|t:|1700744964\n|switch|p1a: Bouffalant|Bouffalant, F|100\/100\n|-activate|p1a: Bouffalant|move: Sticky Web\n|-unboost|p1a: Bouffalant|spe|1\n|-damage|p1a: Bouffalant|88\/100|[from] Stealth Rock\n|turn|22\n|\n|t:|1700744973\n|move|p2a: Mike Tyson|Close Combat|p1a: Bouffalant\n|-supereffective|p1a: Bouffalant\n|-damage|p1a: Bouffalant|0 fnt\n|-unboost|p2a: Mike Tyson|def|1\n|-unboost|p2a: Mike Tyson|spd|1\n|faint|p1a: Bouffalant\n|\n|upkeep\n|\n|t:|1700744977\n|switch|p1a: Hydreigon|Hydreigon, F|100\/100\n|-damage|p1a: Hydreigon|88\/100|[from] Stealth Rock\n|turn|23\n|\n|t:|1700744981\n|-terastallize|p1a: Hydreigon|Dragon\n|move|p2a: Mike Tyson|Close Combat|p1a: Hydreigon\n|-damage|p1a: Hydreigon|0 fnt\n|-unboost|p2a: Mike Tyson|def|1\n|-unboost|p2a: Mike Tyson|spd|1\n|faint|p1a: Hydreigon\n|\n|win|its_notacewastaken\n|raw|eeveejr7's rating: 1147 &rarr; <strong>1127<\/strong><br \/>(-20 for losing)\n|raw|its_notacewastaken's rating: 1216 &rarr; <strong>1236<\/strong><br \/>(+20 for winning)\n|l|\u2606eeveejr7\n","uploadtime":1700744989,"views":2,"p1id":"eeveejr7","p2id":"itsnotacewastaken","formatid":"gen9nationaldexubers","rating":1127,"private":0,"password":""}