{"id":"gen9nationaldexubers-1998403161","p1":"Exzavionte","p2":"Funny jumpioi","format":"[Gen 9] National Dex Ubers","log":"|j|\u2606Exzavionte\n|j|\u2606Funny jumpioi\n|t:|1700938415\n|gametype|singles\n|player|p1|Exzavionte|lucas|1444\n|player|p2|Funny jumpioi|dawn|1479\n|teamsize|p1|6\n|teamsize|p2|6\n|gen|9\n|tier|[Gen 9] National Dex Ubers\n|rated|\n|rule|HP Percentage Mod: HP is shown in percentages\n|rule|Endless Battle Clause: Forcing endless battles is banned\n|rule|OHKO Clause: OHKO moves are banned\n|rule|Evasion Moves Clause: Evasion moves are banned\n|rule|Evasion Items Clause: Evasion items are banned\n|rule|Species Clause: Limit one of each Pok\u00e9mon\n|rule|Sleep Clause Mod: Limit one foe put to sleep\n|rule|Mega Rayquaza Clause: You cannot mega evolve Rayquaza\n|clearpoke\n|poke|p1|Groudon|\n|poke|p1|Shuckle, F|\n|poke|p1|Zacian-*|\n|poke|p1|Ho-Oh|\n|poke|p1|Sableye, F|\n|poke|p1|Giratina|\n|poke|p2|Glimmora, M|\n|poke|p2|Giratina-Origin|\n|poke|p2|Xerneas-*|\n|poke|p2|Arceus-Dark|\n|poke|p2|Groudon|\n|poke|p2|Necrozma-Dusk-Mane|\n|teampreview\n|inactive|Battle timer is ON: inactive players will automatically lose when time's up. (requested by Exzavionte)\n|\n|t:|1700938433\n|start\n|switch|p1a: Shuckle|Shuckle, F, shiny|100\/100\n|switch|p2a: Groudon|Groudon|100\/100\n|detailschange|p2a: Groudon|Groudon-Primal\n|-primal|p2a: Groudon|Red Orb\n|-weather|DesolateLand|[from] ability: Desolate Land|[of] p2a: Groudon\n|turn|1\n|\n|t:|1700938440\n|-weather|none\n|switch|p2a: Glimmora|Glimmora, M|100\/100\n|switch|p1a: Giratina|Giratina, shiny|100\/100\n|-ability|p1a: Giratina|Pressure\n|\n|upkeep\n|turn|2\n|\n|t:|1700938451\n|move|p2a: Glimmora|Spikes|p1a: Giratina\n|-sidestart|p1: Exzavionte|Spikes\n|move|p1a: Giratina|Roar|p2a: Glimmora\n|drag|p2a: Necrozma|Necrozma-Dusk-Mane|100\/100\n|\n|upkeep\n|turn|3\n|\n|t:|1700938466\n|switch|p2a: Glimmora|Glimmora, M|100\/100\n|move|p1a: Giratina|Roar|p2a: Glimmora\n|drag|p2a: Arceus|Arceus-Dark|100\/100\n|\n|upkeep\n|turn|4\n|\n|t:|1700938473\n|move|p2a: Arceus|Judgment|p1a: Giratina\n|-supereffective|p1a: Giratina\n|-damage|p1a: Giratina|43\/100\n|move|p1a: Giratina|Defog|p2a: Arceus\n|-unboost|p2a: Arceus|evasion|1\n|-sideend|p1: Exzavionte|Spikes|[from] move: Defog|[of] p1a: Giratina\n|\n|upkeep\n|turn|5\n|\n|t:|1700938485\n|switch|p2a: Groudon|Groudon-Primal|100\/100\n|-weather|DesolateLand|[from] ability: Desolate Land|[of] p2a: Groudon\n|move|p1a: Giratina|Toxic|p2a: Groudon\n|-status|p2a: Groudon|tox\n|\n|-weather|DesolateLand|[upkeep]\n|-damage|p2a: Groudon|94\/100 tox|[from] psn\n|upkeep\n|turn|6\n|\n|t:|1700938499\n|-weather|none\n|switch|p2a: Glimmora|Glimmora, M|100\/100\n|move|p1a: Giratina|Destiny Bond|p1a: Giratina\n|-singlemove|p1a: Giratina|Destiny Bond\n|\n|upkeep\n|turn|7\n|\n|t:|1700938503\n|move|p2a: Glimmora|Spikes|p1a: Giratina\n|-sidestart|p1: Exzavionte|Spikes\n|move|p1a: Giratina|Roar|p2a: Glimmora\n|drag|p2a: Xerneas|Xerneas, shiny|100\/100\n|-ability|p2a: Xerneas|Fairy Aura\n|\n|upkeep\n|turn|8\n|\n|t:|1700938507\n|move|p2a: Xerneas|Moonblast|p1a: Giratina\n|-supereffective|p1a: Giratina\n|-damage|p1a: Giratina|0 fnt\n|faint|p1a: Giratina\n|\n|upkeep\n|\n|t:|1700938518\n|switch|p1a: Ho-Oh|Ho-Oh, shiny|100\/100\n|turn|9\n|\n|t:|1700938526\n|switch|p2a: Glimmora|Glimmora, M|100\/100\n|move|p1a: Ho-Oh|Toxic|p2a: Glimmora\n|-immune|p2a: Glimmora\n|\n|upkeep\n|turn|10\n|\n|t:|1700938533\n|move|p2a: Glimmora|Power Gem|p1a: Ho-Oh\n|-supereffective|p1a: Ho-Oh\n|-damage|p1a: Ho-Oh|2\/100\n|move|p1a: Ho-Oh|Sacred Fire|p2a: Glimmora\n|-resisted|p2a: Glimmora\n|-damage|p2a: Glimmora|66\/100\n|-activate|p2a: Glimmora|ability: Toxic Debris\n|-sidestart|p1: Exzavionte|move: Toxic Spikes\n|\n|upkeep\n|turn|11\n|\n|t:|1700938537\n|move|p2a: Glimmora|Mortal Spin|p1a: Ho-Oh\n|-damage|p1a: Ho-Oh|0 fnt\n|faint|p1a: Ho-Oh\n|\n|upkeep\n|\n|t:|1700938542\n|switch|p1a: Sableye|Sableye, F, shiny|100\/100\n|-damage|p1a: Sableye|88\/100|[from] Spikes\n|-status|p1a: Sableye|psn\n|turn|12\n|\n|t:|1700938548\n|switch|p2a: Arceus|Arceus-Dark|100\/100\n|detailschange|p1a: Sableye|Sableye-Mega, F, shiny\n|-mega|p1a: Sableye|Sableye|Sablenite\n|move|p1a: Sableye|Knock Off|p2a: Arceus\n|-resisted|p2a: Arceus\n|-damage|p2a: Arceus|94\/100\n|\n|-damage|p1a: Sableye|76\/100 psn|[from] psn\n|upkeep\n|turn|13\n|\n|t:|1700938556\n|move|p2a: Arceus|Judgment|p1a: Sableye\n|-damage|p1a: Sableye|24\/100 psn\n|move|p1a: Sableye|Will-O-Wisp|p2a: Arceus\n|-status|p2a: Arceus|brn\n|\n|-damage|p1a: Sableye|12\/100 psn|[from] psn\n|-damage|p2a: Arceus|88\/100 brn|[from] brn\n|upkeep\n|turn|14\n|\n|t:|1700938563\n|switch|p1a: Zacian|Zacian-Crowned, shiny|100\/100\n|-damage|p1a: Zacian|88\/100|[from] Spikes\n|-ability|p1a: Zacian|Intrepid Sword|boost\n|-boost|p1a: Zacian|atk|1\n|move|p2a: Arceus|Refresh|p2a: Arceus\n|-curestatus|p2a: Arceus|brn|[msg]\n|\n|upkeep\n|turn|15\n|\n|t:|1700938572\n|switch|p2a: Necrozma|Necrozma-Dusk-Mane|100\/100\n|move|p1a: Zacian|Sacred Sword|p2a: Necrozma\n|-damage|p2a: Necrozma|58\/100\n|\n|upkeep\n|turn|16\n|\n|t:|1700938580\n|-terastallize|p1a: Zacian|Water\n|move|p1a: Zacian|Tera Blast|p2a: Necrozma|[anim] Tera Blast Water\n|-crit|p2a: Necrozma\n|-damage|p2a: Necrozma|0 fnt\n|faint|p2a: Necrozma\n|\n|upkeep\n|\n|t:|1700938594\n|switch|p2a: Groudon|Groudon-Primal|94\/100 tox\n|-weather|DesolateLand|[from] ability: Desolate Land|[of] p2a: Groudon\n|turn|17\n|\n|t:|1700938614\n|move|p1a: Zacian|Sacred Sword|p2a: Groudon\n|-damage|p2a: Groudon|62\/100 tox\n|move|p2a: Groudon|Precipice Blades|p1a: Zacian|[miss]\n|-miss|p2a: Groudon|p1a: Zacian\n|\n|-weather|DesolateLand|[upkeep]\n|-damage|p2a: Groudon|56\/100 tox|[from] psn\n|upkeep\n|turn|18\n|\n|t:|1700938622\n|move|p1a: Zacian|Behemoth Blade|p2a: Groudon\n|-resisted|p2a: Groudon\n|-damage|p2a: Groudon|29\/100 tox\n|move|p2a: Groudon|Precipice Blades|p1a: Zacian|[miss]\n|-miss|p2a: Groudon|p1a: Zacian\n|\n|-weather|DesolateLand|[upkeep]\n|-damage|p2a: Groudon|17\/100 tox|[from] psn\n|upkeep\n|turn|19\n|c|\u2606Exzavionte|lol\n|\n|t:|1700938640\n|move|p1a: Zacian|Sacred Sword|p2a: Groudon\n|-damage|p2a: Groudon|0 fnt\n|faint|p2a: Groudon\n|-weather|none\n|\n|upkeep\n|\n|t:|1700938643\n|switch|p2a: Giratina|Giratina-Origin|100\/100\n|turn|20\n|\n|t:|1700938652\n|-terastallize|p2a: Giratina|Steel\n|move|p1a: Zacian|Play Rough|p2a: Giratina\n|-resisted|p2a: Giratina\n|-damage|p2a: Giratina|79\/100\n|move|p2a: Giratina|Draco Meteor|p1a: Zacian\n|-damage|p1a: Zacian|30\/100\n|-unboost|p2a: Giratina|spa|2\n|\n|upkeep\n|turn|21\n|\n|t:|1700938668\n|move|p2a: Giratina|Shadow Sneak|p1a: Zacian\n|-damage|p1a: Zacian|10\/100\n|move|p1a: Zacian|Tera Blast|p2a: Giratina|[anim] Tera Blast Water\n|-damage|p2a: Giratina|44\/100\n|\n|upkeep\n|turn|22\n|\n|t:|1700938672\n|move|p2a: Giratina|Shadow Sneak|p1a: Zacian\n|-crit|p1a: Zacian\n|-damage|p1a: Zacian|0 fnt\n|faint|p1a: Zacian\n|\n|upkeep\n|\n|t:|1700938675\n|switch|p1a: Shuckle|Shuckle, F, shiny|100\/100\n|-damage|p1a: Shuckle|88\/100|[from] Spikes\n|-status|p1a: Shuckle|psn\n|turn|23\n|\n|t:|1700938680\n|switch|p2a: Glimmora|Glimmora, M|66\/100\n|move|p1a: Shuckle|Sticky Web|p2a: Glimmora\n|-sidestart|p2: Funny jumpioi|move: Sticky Web\n|\n|-damage|p1a: Shuckle|76\/100 psn|[from] psn\n|upkeep\n|turn|24\n|\n|t:|1700938684\n|move|p2a: Glimmora|Power Gem|p1a: Shuckle\n|-supereffective|p1a: Shuckle\n|-damage|p1a: Shuckle|16\/100 psn\n|move|p1a: Shuckle|Stealth Rock|p2a: Glimmora\n|-sidestart|p2: Funny jumpioi|move: Stealth Rock\n|\n|-damage|p1a: Shuckle|4\/100 psn|[from] psn\n|upkeep\n|turn|25\n|\n|t:|1700938689\n|move|p2a: Glimmora|Mortal Spin|p1a: Shuckle\n|-resisted|p1a: Shuckle\n|-damage|p1a: Shuckle|2\/100 psn\n|-sideend|p2: Funny jumpioi|Stealth Rock|[from] move: Mortal Spin|[of] p2a: Glimmora\n|-sideend|p2: Funny jumpioi|Sticky Web|[from] move: Mortal Spin|[of] p2a: Glimmora\n|move|p1a: Shuckle|Final Gambit|p2a: Glimmora\n|-damage|p2a: Glimmora|65\/100\n|faint|p1a: Shuckle\n|\n|upkeep\n|\n|t:|1700938692\n|switch|p1a: Sableye|Sableye-Mega, F, shiny|12\/100 psn\n|-damage|p1a: Sableye|0 fnt|[from] Spikes\n|faint|p1a: Sableye\n|\n|t:|1700938694\n|switch|p1a: Groudon|Groudon, shiny|100\/100\n|-damage|p1a: Groudon|88\/100|[from] Spikes\n|-status|p1a: Groudon|psn\n|detailschange|p1a: Groudon|Groudon-Primal, shiny\n|-primal|p1a: Groudon|Red Orb\n|-weather|DesolateLand|[from] ability: Desolate Land|[of] p1a: Groudon\n|turn|26\n|-message|Exzavionte forfeited.\n|\n|win|Funny jumpioi\n|raw|Exzavionte's rating: 1444 &rarr; <strong>1426<\/strong><br \/>(-18 for losing)\n|raw|Funny jumpioi's rating: 1479 &rarr; <strong>1497<\/strong><br \/>(+18 for winning)\n|l|\u2606Exzavionte\n","uploadtime":1700938712,"views":1,"p1id":"exzavionte","p2id":"funnyjumpioi","formatid":"gen9nationaldexubers","rating":1426,"private":0,"password":""}