{"id":"gen9nationaldexubers-1981209784","p1":"Theonewhokills","p2":"CDATHEDINOBOY","format":"[Gen 9] National Dex Ubers","log":"|j|\u2606Theonewhokills\n|j|\u2606CDATHEDINOBOY\n|t:|1698872706\n|gametype|singles\n|player|p1|Theonewhokills|battlegirl-gen4|\n|player|p2|CDATHEDINOBOY|jogger|\n|teamsize|p1|6\n|teamsize|p2|6\n|gen|9\n|tier|[Gen 9] National Dex Ubers\n|rule|HP Percentage Mod: HP is shown in percentages\n|rule|Endless Battle Clause: Forcing endless battles is banned\n|rule|OHKO Clause: OHKO moves are banned\n|rule|Evasion Moves Clause: Evasion moves are banned\n|rule|Evasion Items Clause: Evasion items are banned\n|rule|Species Clause: Limit one of each Pok\u00e9mon\n|rule|Sleep Clause Mod: Limit one foe put to sleep\n|rule|Mega Rayquaza Clause: You cannot mega evolve Rayquaza\n|clearpoke\n|poke|p1|Kommo-o, M|\n|poke|p1|Dialga|\n|poke|p1|Groudon|\n|poke|p1|Zamazenta-*|\n|poke|p1|Clodsire, M|\n|poke|p1|Reshiram|\n|poke|p2|Gallade, M|\n|poke|p2|Raichu-Alola, M|\n|poke|p2|Lycanroc, M|\n|poke|p2|Zapdos-Galar|\n|poke|p2|Inteleon, M|\n|poke|p2|Cinderace, M|\n|teampreview\n|c|\u2606Theonewhokills|FACE ME YOU GONNA LODE ONE LEGEND IDOOT\n|c|\u2606CDATHEDINOBOY|Lose* idiot*\n|c|\u2606Theonewhokills|SHUT UP\n|c|\u2606Theonewhokills|END U SELF\n|c|\u2606CDATHEDINOBOY|Why did it take so long to say that?\n|c|\u2606Theonewhokills|WORDING RULES SAYS I CANT SAY SYK BUT BAKWARDS\n|c|\u2606CDATHEDINOBOY|Ok.\n|\n|t:|1698872856\n|start\n|switch|p1a: Clodsire|Clodsire, M|100\/100\n|switch|p2a: Dagger|Gallade, M|100\/100\n|turn|1\n|\n|t:|1698872866\n|move|p2a: Dagger|Bulk Up|p2a: Dagger\n|-boost|p2a: Dagger|atk|1\n|-boost|p2a: Dagger|def|1\n|move|p1a: Clodsire|Yawn|p2a: Dagger\n|-start|p2a: Dagger|move: Yawn|[of] p1a: Clodsire\n|\n|upkeep\n|turn|2\n|c|\u2606Theonewhokills|HAHAHA\n|\n|t:|1698872885\n|move|p2a: Dagger|Bulk Up|p2a: Dagger\n|-boost|p2a: Dagger|atk|1\n|-boost|p2a: Dagger|def|1\n|move|p1a: Clodsire|Spikes|p2a: Dagger\n|-sidestart|p2: CDATHEDINOBOY|Spikes\n|\n|-end|p2a: Dagger|move: Yawn|[silent]\n|-status|p2a: Dagger|slp\n|upkeep\n|turn|3\n|\n|t:|1698872897\n|cant|p2a: Dagger|slp\n|move|p1a: Clodsire|Spikes|p2a: Dagger\n|-sidestart|p2: CDATHEDINOBOY|Spikes\n|\n|upkeep\n|turn|4\n|\n|t:|1698872900\n|-curestatus|p2a: Dagger|slp|[msg]\n|move|p2a: Dagger|Bulk Up|p2a: Dagger\n|-boost|p2a: Dagger|atk|1\n|-boost|p2a: Dagger|def|1\n|move|p1a: Clodsire|Spikes|p2a: Dagger\n|-sidestart|p2: CDATHEDINOBOY|Spikes\n|\n|upkeep\n|turn|5\n|c|\u2606Theonewhokills|SLEEP YOU DQMN BABY SLEEP\n|c|\u2606Theonewhokills|LOSE4\n|c|\u2606CDATHEDINOBOY|Loser*\n|\n|t:|1698872977\n|move|p2a: Dagger|Bulk Up|p2a: Dagger\n|-boost|p2a: Dagger|atk|1\n|-boost|p2a: Dagger|def|1\n|move|p1a: Clodsire|Toxic Spikes|p2a: Dagger\n|-sidestart|p2: CDATHEDINOBOY|move: Toxic Spikes\n|\n|upkeep\n|turn|6\n|\n|t:|1698872983\n|move|p2a: Dagger|Bulk Up|p2a: Dagger\n|-boost|p2a: Dagger|atk|1\n|-boost|p2a: Dagger|def|1\n|move|p1a: Clodsire|Toxic Spikes|p2a: Dagger\n|-sidestart|p2: CDATHEDINOBOY|move: Toxic Spikes\n|\n|upkeep\n|turn|7\n|\n|t:|1698872987\n|move|p2a: Dagger|Bulk Up|p2a: Dagger\n|-boost|p2a: Dagger|atk|1\n|-boost|p2a: Dagger|def|1\n|move|p1a: Clodsire|Stealth Rock|p2a: Dagger\n|-sidestart|p2: CDATHEDINOBOY|move: Stealth Rock\n|\n|upkeep\n|turn|8\n|\n|t:|1698872993\n|move|p2a: Dagger|Bulk Up|p2a: Dagger\n|-boost|p2a: Dagger|atk|0\n|-boost|p2a: Dagger|def|0\n|move|p1a: Clodsire|Yawn|p2a: Dagger\n|-start|p2a: Dagger|move: Yawn|[of] p1a: Clodsire\n|\n|upkeep\n|turn|9\n|c|\u2606CDATHEDINOBOY|Crud.\n|\n|t:|1698873011\n|move|p2a: Dagger|Psycho Cut|p1a: Clodsire\n|-supereffective|p1a: Clodsire\n|-damage|p1a: Clodsire|0 fnt\n|faint|p1a: Clodsire\n|\n|-end|p2a: Dagger|move: Yawn|[silent]\n|-status|p2a: Dagger|slp\n|upkeep\n|\n|t:|1698873020\n|switch|p1a: Kommo-o|Kommo-o, M|100\/100\n|turn|10\n|\n|t:|1698873027\n|cant|p2a: Dagger|slp\n|move|p1a: Kommo-o|Clanging Scales|p2a: Dagger\n|-damage|p2a: Dagger|57\/100 slp\n|-unboost|p1a: Kommo-o|def|1\n|\n|-heal|p2a: Dagger|63\/100 slp|[from] item: Leftovers\n|upkeep\n|turn|11\n|\n|t:|1698873036\n|-terastallize|p2a: Dagger|Fairy\n|cant|p2a: Dagger|slp\n|move|p1a: Kommo-o|Clanging Scales|p2a: Dagger\n|-immune|p2a: Dagger\n|\n|-heal|p2a: Dagger|69\/100 slp|[from] item: Leftovers\n|upkeep\n|turn|12\n|\n|t:|1698873045\n|cant|p2a: Dagger|slp\n|move|p1a: Kommo-o|Poison Jab|p2a: Dagger\n|-supereffective|p2a: Dagger\n|-damage|p2a: Dagger|46\/100 slp\n|\n|-heal|p2a: Dagger|52\/100 slp|[from] item: Leftovers\n|upkeep\n|turn|13\n|\n|t:|1698873051\n|-curestatus|p2a: Dagger|slp|[msg]\n|move|p2a: Dagger|Psycho Cut|p1a: Kommo-o\n|-supereffective|p1a: Kommo-o\n|-crit|p1a: Kommo-o\n|-damage|p1a: Kommo-o|0 fnt\n|faint|p1a: Kommo-o\n|\n|-heal|p2a: Dagger|58\/100|[from] item: Leftovers\n|upkeep\n|\n|t:|1698873059\n|switch|p1a: Dialga|Dialga|100\/100\n|turn|14\n|\n|t:|1698873065\n|move|p2a: Dagger|Sacred Sword|p1a: Dialga\n|-supereffective|p1a: Dialga\n|-damage|p1a: Dialga|0 fnt\n|faint|p1a: Dialga\n|\n|-heal|p2a: Dagger|64\/100|[from] item: Leftovers\n|upkeep\n|c|\u2606Theonewhokills|STOP WINNING\n|\n|t:|1698873080\n|switch|p1a: Groudon|Groudon|100\/100\n|detailschange|p1a: Groudon|Groudon-Primal\n|-primal|p1a: Groudon|Red Orb\n|-weather|DesolateLand|[from] ability: Desolate Land|[of] p1a: Groudon\n|turn|15\n|\n|t:|1698873087\n|move|p2a: Dagger|Sacred Sword|p1a: Groudon\n|-damage|p1a: Groudon|0 fnt\n|faint|p1a: Groudon\n|-weather|none\n|\n|-heal|p2a: Dagger|71\/100|[from] item: Leftovers\n|upkeep\n|\n|t:|1698873096\n|switch|p1a: Reshiram|Reshiram|100\/100\n|-ability|p1a: Reshiram|Turboblaze\n|turn|16\n|\n|t:|1698873109\n|move|p2a: Dagger|Sacred Sword|p1a: Reshiram\n|-damage|p1a: Reshiram|0 fnt\n|faint|p1a: Reshiram\n|\n|-heal|p2a: Dagger|77\/100|[from] item: Leftovers\n|upkeep\n|\n|t:|1698873117\n|switch|p1a: Zamazenta|Zamazenta-Crowned|100\/100\n|-ability|p1a: Zamazenta|Dauntless Shield|boost\n|-boost|p1a: Zamazenta|def|1\n|turn|17\n|c|\u2606Theonewhokills|JUST LOSE\n|c|\u2606Theonewhokills|REVERSE SWEEP TIME\n|\n|t:|1698873142\n|move|p2a: Dagger|Sacred Sword|p1a: Zamazenta\n|-supereffective|p1a: Zamazenta\n|-damage|p1a: Zamazenta|0 fnt\n|faint|p1a: Zamazenta\n|\n|win|CDATHEDINOBOY\n|c|\u2606CDATHEDINOBOY|About that sweep?\n|c|\u2606Theonewhokills|Jdisjsidjdhfifjshdighgusosndhosfuckyoudodjsjsk\n","uploadtime":1698873169,"views":8,"p1id":"theonewhokills","p2id":"cdathedinoboy","formatid":"gen9nationaldexubers","rating":0,"private":0,"password":""}