{"id":"gen9nationaldexubers-1996039726","p1":"Rhyfinn1.2.1","p2":"wyneria","format":"[Gen 9] National Dex Ubers","log":"|j|\u2606Rhyfinn1.2.1\n|j|\u2606wyneria\n|t:|1700633685\n|gametype|singles\n|player|p1|Rhyfinn1.2.1|ninjaboy|1072\n|player|p2|wyneria|worker|1234\n|teamsize|p1|6\n|teamsize|p2|6\n|gen|9\n|tier|[Gen 9] National Dex Ubers\n|rated|\n|rule|HP Percentage Mod: HP is shown in percentages\n|rule|Endless Battle Clause: Forcing endless battles is banned\n|rule|OHKO Clause: OHKO moves are banned\n|rule|Evasion Moves Clause: Evasion moves are banned\n|rule|Evasion Items Clause: Evasion items are banned\n|rule|Species Clause: Limit one of each Pok\u00e9mon\n|rule|Sleep Clause Mod: Limit one foe put to sleep\n|rule|Mega Rayquaza Clause: You cannot mega evolve Rayquaza\n|clearpoke\n|poke|p1|Xerneas-*|\n|poke|p1|Marshadow|\n|poke|p1|Groudon|\n|poke|p1|Deoxys-Speed|\n|poke|p1|Necrozma-Dusk-Mane|\n|poke|p1|Pheromosa|\n|poke|p2|Darmanitan-Galar, F|\n|poke|p2|Volcarona, F|\n|poke|p2|Gliscor, M|\n|poke|p2|Blaziken, F|\n|poke|p2|Annihilape, M|\n|poke|p2|Great Tusk|\n|teampreview\n|inactive|Battle timer is ON: inactive players will automatically lose when time's up. (requested by Rhyfinn1.2.1)\n|\n|t:|1700633698\n|start\n|switch|p1a: Deoxys|Deoxys-Speed, shiny|100\/100\n|switch|p2a: Volcarona|Volcarona, F|100\/100\n|-ability|p1a: Deoxys|Pressure\n|turn|1\n|\n|t:|1700633708\n|move|p1a: Deoxys|Taunt|p2a: Volcarona\n|-start|p2a: Volcarona|move: Taunt\n|cant|p2a: Volcarona|move: Taunt|Quiver Dance\n|\n|upkeep\n|turn|2\n|\n|t:|1700633713\n|move|p1a: Deoxys|Stealth Rock|p2a: Volcarona\n|-sidestart|p2: wyneria|move: Stealth Rock\n|move|p2a: Volcarona|Bug Buzz|p1a: Deoxys\n|-supereffective|p1a: Deoxys\n|-enditem|p1a: Deoxys|Focus Sash\n|-damage|p1a: Deoxys|1\/100\n|\n|upkeep\n|turn|3\n|\n|t:|1700633721\n|move|p1a: Deoxys|Spikes|p2a: Volcarona\n|-sidestart|p2: wyneria|Spikes\n|move|p2a: Volcarona|Bug Buzz|p1a: Deoxys\n|-supereffective|p1a: Deoxys\n|-damage|p1a: Deoxys|0 fnt\n|faint|p1a: Deoxys\n|\n|-end|p2a: Volcarona|move: Taunt\n|upkeep\n|\n|t:|1700633726\n|switch|p1a: Marshadow|Marshadow|100\/100\n|turn|4\n|\n|t:|1700633737\n|move|p1a: Marshadow|Rock Tomb|p2a: Volcarona\n|-supereffective|p2a: Volcarona\n|-enditem|p2a: Volcarona|Focus Sash\n|-damage|p2a: Volcarona|1\/100\n|-unboost|p2a: Volcarona|spe|1\n|move|p2a: Volcarona|Psychic|p1a: Marshadow\n|-supereffective|p1a: Marshadow\n|-damage|p1a: Marshadow|29\/100\n|\n|upkeep\n|turn|5\n|\n|t:|1700633744\n|move|p1a: Marshadow|Rock Tomb|p2a: Volcarona\n|-supereffective|p2a: Volcarona\n|-crit|p2a: Volcarona\n|-damage|p2a: Volcarona|0 fnt\n|faint|p2a: Volcarona\n|\n|upkeep\n|\n|t:|1700633757\n|switch|p2a: Gliscor|Gliscor, M|100\/100\n|-damage|p2a: Gliscor|88\/100|[from] Stealth Rock\n|turn|6\n|\n|t:|1700633765\n|switch|p1a: Pheromosa|Pheromosa, shiny|100\/100\n|move|p2a: Gliscor|Toxic|p1a: Pheromosa\n|-status|p1a: Pheromosa|tox\n|\n|-damage|p1a: Pheromosa|94\/100 tox|[from] psn\n|-status|p2a: Gliscor|tox|[from] item: Toxic Orb\n|upkeep\n|turn|7\n|\n|t:|1700633778\n|move|p2a: Gliscor|Protect|p2a: Gliscor\n|-singleturn|p2a: Gliscor|Protect\n|move|p1a: Pheromosa|Ice Beam|p2a: Gliscor\n|-activate|p2a: Gliscor|move: Protect\n|\n|-damage|p1a: Pheromosa|82\/100 tox|[from] psn\n|-heal|p2a: Gliscor|100\/100 tox|[from] ability: Poison Heal\n|upkeep\n|turn|8\n|\n|t:|1700633805\n|switch|p2a: Blaziken|Blaziken, F|100\/100\n|-damage|p2a: Blaziken|88\/100|[from] Stealth Rock\n|-damage|p2a: Blaziken|76\/100|[from] Spikes\n|move|p1a: Pheromosa|Ice Beam|p2a: Blaziken\n|-resisted|p2a: Blaziken\n|-damage|p2a: Blaziken|48\/100\n|-damage|p1a: Pheromosa|73\/100 tox|[from] item: Life Orb\n|\n|-damage|p1a: Pheromosa|55\/100 tox|[from] psn\n|upkeep\n|turn|9\n|inactive|wyneria has 120 seconds left.\n|\n|t:|1700633822\n|switch|p1a: Groudon|Groudon, shiny|100\/100\n|detailschange|p1a: Groudon|Groudon-Primal, shiny\n|-primal|p1a: Groudon|Red Orb\n|-weather|DesolateLand|[from] ability: Desolate Land|[of] p1a: Groudon\n|detailschange|p2a: Blaziken|Blaziken-Mega, F\n|-mega|p2a: Blaziken|Blaziken|Blazikenite\n|move|p2a: Blaziken|Detect||[still]\n|-fail|p2a: Blaziken\n|\n|-weather|DesolateLand|[upkeep]\n|-ability|p2a: Blaziken|Speed Boost|boost\n|-boost|p2a: Blaziken|spe|1\n|upkeep\n|turn|10\n|inactive|wyneria has 120 seconds left.\n|\n|t:|1700633839\n|switch|p2a: Great Tusk|Great Tusk|100\/100\n|-damage|p2a: Great Tusk|98\/100|[from] Stealth Rock\n|-damage|p2a: Great Tusk|85\/100|[from] Spikes\n|move|p1a: Groudon|Earth Power|p2a: Great Tusk\n|-damage|p2a: Great Tusk|3\/100\n|\n|-weather|DesolateLand|[upkeep]\n|upkeep\n|turn|11\n|\n|t:|1700633851\n|move|p2a: Great Tusk|Earthquake|p1a: Groudon\n|-supereffective|p1a: Groudon\n|-damage|p1a: Groudon|7\/100\n|-damage|p2a: Great Tusk|0 fnt|[from] item: Life Orb\n|faint|p2a: Great Tusk\n|-end|p2a: Great Tusk|Protosynthesis|[silent]\n|move|p1a: Groudon|Rock Polish|p1a: Groudon\n|-boost|p1a: Groudon|spe|2\n|\n|-weather|DesolateLand|[upkeep]\n|upkeep\n|inactive|wyneria has 120 seconds left.\n|\n|t:|1700633867\n|switch|p2a: Blaziken|Blaziken-Mega, F|48\/100\n|-damage|p2a: Blaziken|36\/100|[from] Stealth Rock\n|-damage|p2a: Blaziken|24\/100|[from] Spikes\n|turn|12\n|inactive|wyneria has 120 seconds left.\n|\n|t:|1700633876\n|move|p2a: Blaziken|Detect|p2a: Blaziken\n|-singleturn|p2a: Blaziken|Protect\n|move|p1a: Groudon|Earth Power|p2a: Blaziken\n|-activate|p2a: Blaziken|move: Protect\n|\n|-weather|DesolateLand|[upkeep]\n|-ability|p2a: Blaziken|Speed Boost|boost\n|-boost|p2a: Blaziken|spe|1\n|upkeep\n|turn|13\n|inactive|wyneria has 120 seconds left.\n|\n|t:|1700633888\n|move|p1a: Groudon|Earth Power|p2a: Blaziken\n|-supereffective|p2a: Blaziken\n|-damage|p2a: Blaziken|0 fnt\n|faint|p2a: Blaziken\n|\n|-weather|DesolateLand|[upkeep]\n|upkeep\n|\n|t:|1700633891\n|switch|p2a: Gliscor|Gliscor, M|100\/100 tox\n|-damage|p2a: Gliscor|88\/100 tox|[from] Stealth Rock\n|turn|14\n|\n|t:|1700633901\n|move|p1a: Groudon|Flamethrower|p2a: Gliscor\n|-damage|p2a: Gliscor|0 fnt\n|faint|p2a: Gliscor\n|\n|-weather|DesolateLand|[upkeep]\n|upkeep\n|\n|t:|1700633907\n|switch|p2a: Annihilape|Annihilape, M|100\/100\n|-damage|p2a: Annihilape|94\/100|[from] Stealth Rock\n|-damage|p2a: Annihilape|82\/100|[from] Spikes\n|turn|15\n|\n|t:|1700633918\n|move|p1a: Groudon|Flamethrower|p2a: Annihilape\n|-damage|p2a: Annihilape|32\/100\n|move|p2a: Annihilape|Ice Punch|p1a: Groudon\n|-damage|p1a: Groudon|0 fnt\n|faint|p1a: Groudon\n|-weather|none\n|\n|upkeep\n|\n|t:|1700633928\n|switch|p1a: Marshadow|Marshadow|29\/100\n|turn|16\n|\n|t:|1700633935\n|move|p1a: Marshadow|Shadow Sneak|p2a: Annihilape\n|-supereffective|p2a: Annihilape\n|-damage|p2a: Annihilape|0 fnt\n|faint|p2a: Annihilape\n|\n|upkeep\n|\n|t:|1700633941\n|switch|p2a: Darmanitan|Darmanitan-Galar, F|100\/100\n|-damage|p2a: Darmanitan|76\/100|[from] Stealth Rock\n|-damage|p2a: Darmanitan|63\/100|[from] Spikes\n|turn|17\n|inactive|wyneria has 120 seconds left.\n|\n|t:|1700633974\n|-terastallize|p2a: Darmanitan|Ice\n|move|p2a: Darmanitan|Ice Punch|p1a: Marshadow\n|-damage|p1a: Marshadow|0 fnt\n|faint|p1a: Marshadow\n|\n|upkeep\n|\n|t:|1700633981\n|switch|p1a: Necrozma|Necrozma-Dusk-Mane, shiny|100\/100\n|turn|18\n|\n|t:|1700633987\n|move|p2a: Darmanitan|Ice Punch|p1a: Necrozma\n|-resisted|p1a: Necrozma\n|-damage|p1a: Necrozma|64\/100\n|move|p1a: Necrozma|Sunsteel Strike|p2a: Darmanitan\n|-supereffective|p2a: Darmanitan\n|-damage|p2a: Darmanitan|0 fnt\n|faint|p2a: Darmanitan\n|\n|win|Rhyfinn1.2.1\n|raw|Rhyfinn1.2.1's rating: 1072 &rarr; <strong>1114<\/strong><br \/>(+42 for winning)\n|raw|wyneria's rating: 1234 &rarr; <strong>1198<\/strong><br \/>(-36 for losing)\n","uploadtime":1700633991,"views":0,"p1id":"rhyfinn121","p2id":"wyneria","formatid":"gen9nationaldexubers","rating":1114,"private":0,"password":""}