{"id":"gen9nationaldexubers-1978181182","p1":"Venga29","p2":"Godofwarlover42","format":"[Gen 9] National Dex Ubers","log":"|j|\u2606Venga29\n|j|\u2606Godofwarlover42\n|t:|1698508815\n|gametype|singles\n|player|p1|Venga29|lance|\n|player|p2|Godofwarlover42|cynthia|\n|teamsize|p1|6\n|teamsize|p2|6\n|gen|9\n|tier|[Gen 9] National Dex Ubers\n|rule|HP Percentage Mod: HP is shown in percentages\n|rule|Endless Battle Clause: Forcing endless battles is banned\n|rule|OHKO Clause: OHKO moves are banned\n|rule|Evasion Moves Clause: Evasion moves are banned\n|rule|Evasion Items Clause: Evasion items are banned\n|rule|Species Clause: Limit one of each Pok\u00e9mon\n|rule|Sleep Clause Mod: Limit one foe put to sleep\n|rule|Mega Rayquaza Clause: You cannot mega evolve Rayquaza\n|clearpoke\n|poke|p1|Aegislash, F|\n|poke|p1|Rotom-Heat|\n|poke|p1|Empoleon, F|\n|poke|p1|Steelix, F|\n|poke|p1|Bronzong|\n|poke|p1|Orthworm, M|\n|poke|p2|Toxapex, M|\n|poke|p2|Grimmsnarl, M|\n|poke|p2|Nidoking, M|\n|poke|p2|Gardevoir, M|\n|poke|p2|Toxtricity, F|\n|poke|p2|Mimikyu, F|\n|teampreview\n|\n|t:|1698508823\n|start\n|switch|p1a: Bronzong|Bronzong|100\/100\n|switch|p2a: Toxapex|Toxapex, M, shiny|100\/100\n|turn|1\n|\n|t:|1698508832\n|move|p2a: Toxapex|Scald|p1a: Bronzong\n|-damage|p1a: Bronzong|86\/100\n|move|p1a: Bronzong|Trick Room|p1a: Bronzong\n|-fieldstart|move: Trick Room|[of] p1a: Bronzong\n|\n|upkeep\n|turn|2\n|\n|t:|1698508840\n|move|p1a: Bronzong|Light Screen|p1a: Bronzong\n|-sidestart|p1: Venga29|move: Light Screen\n|move|p2a: Toxapex|Scald|p1a: Bronzong\n|-damage|p1a: Bronzong|80\/100\n|\n|upkeep\n|turn|3\n|\n|t:|1698508847\n|move|p1a: Bronzong|Stealth Rock|p2a: Toxapex\n|-sidestart|p2: Godofwarlover42|move: Stealth Rock\n|move|p2a: Toxapex|Toxic Spikes|p1a: Bronzong\n|-sidestart|p1: Venga29|move: Toxic Spikes\n|\n|upkeep\n|turn|4\n|\n|t:|1698508853\n|move|p2a: Toxapex|Toxic Spikes|p1a: Bronzong\n|-sidestart|p1: Venga29|move: Toxic Spikes\n|move|p1a: Bronzong|Trick Room|p1a: Bronzong\n|-fieldend|move: Trick Room\n|\n|upkeep\n|turn|5\n|\n|t:|1698508861\n|move|p2a: Toxapex|Scald|p1a: Bronzong\n|-damage|p1a: Bronzong|72\/100\n|move|p1a: Bronzong|Trick Room|p1a: Bronzong\n|-fieldstart|move: Trick Room|[of] p1a: Bronzong\n|\n|upkeep\n|turn|6\n|\n|t:|1698508868\n|move|p1a: Bronzong|Light Screen||[still]\n|-fail|p1a: Bronzong\n|move|p2a: Toxapex|Scald|p1a: Bronzong\n|-damage|p1a: Bronzong|65\/100\n|\n|-sideend|p1: Venga29|move: Light Screen\n|upkeep\n|turn|7\n|\n|t:|1698508879\n|move|p1a: Bronzong|Light Screen|p1a: Bronzong\n|-sidestart|p1: Venga29|move: Light Screen\n|move|p2a: Toxapex|Scald|p1a: Bronzong\n|-damage|p1a: Bronzong|58\/100\n|\n|upkeep\n|turn|8\n|\n|t:|1698508894\n|-terastallize|p1a: Bronzong|Normal\n|move|p1a: Bronzong|Explosion|p2a: Toxapex\n|-enditem|p1a: Bronzong|Normal Gem|[from] gem\n|-damage|p2a: Toxapex|43\/100\n|faint|p1a: Bronzong\n|move|p2a: Toxapex|Scald|p1: Bronzong|[notarget]\n|-fail|p2a: Toxapex\n|\n|-heal|p2a: Toxapex|50\/100|[from] item: Black Sludge\n|upkeep\n|\n|t:|1698508906\n|switch|p1a: Steelix|Steelix, F|100\/100\n|turn|9\n|\n|t:|1698508919\n|move|p1a: Steelix|Earthquake|p2a: Toxapex\n|-supereffective|p2a: Toxapex\n|-damage|p2a: Toxapex|5\/100\n|move|p2a: Toxapex|Recover|p2a: Toxapex\n|-heal|p2a: Toxapex|55\/100\n|\n|-heal|p2a: Toxapex|62\/100|[from] item: Black Sludge\n|-fieldend|move: Trick Room\n|upkeep\n|turn|10\n|\n|t:|1698508928\n|move|p2a: Toxapex|Scald|p1a: Steelix\n|-supereffective|p1a: Steelix\n|-damage|p1a: Steelix|79\/100\n|move|p1a: Steelix|Double-Edge|p2a: Toxapex\n|-damage|p2a: Toxapex|44\/100\n|-damage|p1a: Steelix|74\/100|[from] Recoil\n|\n|-heal|p2a: Toxapex|50\/100|[from] item: Black Sludge\n|upkeep\n|turn|11\n|\n|t:|1698508939\n|move|p2a: Toxapex|Recover|p2a: Toxapex\n|-heal|p2a: Toxapex|99\/100\n|move|p1a: Steelix|Earthquake|p2a: Toxapex\n|-supereffective|p2a: Toxapex\n|-damage|p2a: Toxapex|53\/100\n|\n|-heal|p2a: Toxapex|59\/100|[from] item: Black Sludge\n|-sideend|p1: Venga29|move: Light Screen\n|upkeep\n|turn|12\n|\n|t:|1698508948\n|move|p2a: Toxapex|Scald|p1a: Steelix\n|-supereffective|p1a: Steelix\n|-damage|p1a: Steelix|28\/100\n|move|p1a: Steelix|Autotomize|p1a: Steelix\n|-boost|p1a: Steelix|spe|2\n|-start|p1a: Steelix|Autotomize\n|\n|-heal|p2a: Toxapex|65\/100|[from] item: Black Sludge\n|upkeep\n|turn|13\n|\n|t:|1698508967\n|move|p1a: Steelix|Double-Edge|p2a: Toxapex\n|-damage|p2a: Toxapex|49\/100\n|-damage|p1a: Steelix|23\/100|[from] Recoil\n|-enditem|p1a: Steelix|Aguav Berry|[eat]\n|-heal|p1a: Steelix|57\/100|[from] item: Aguav Berry\n|move|p2a: Toxapex|Scald|p1a: Steelix\n|-supereffective|p1a: Steelix\n|-crit|p1a: Steelix\n|-damage|p1a: Steelix|0 fnt\n|faint|p1a: Steelix\n|\n|-heal|p2a: Toxapex|55\/100|[from] item: Black Sludge\n|upkeep\n|\n|t:|1698508980\n|switch|p1a: Orthworm|Orthworm, M|100\/100\n|turn|14\n|\n|t:|1698508986\n|move|p1a: Orthworm|Iron Defense|p1a: Orthworm\n|-boost|p1a: Orthworm|def|2\n|move|p2a: Toxapex|Recover|p2a: Toxapex\n|-heal|p2a: Toxapex|100\/100\n|\n|upkeep\n|turn|15\n|\n|t:|1698508992\n|switch|p2a: Gardevoir|Gardevoir, M, shiny|100\/100\n|-damage|p2a: Gardevoir|88\/100|[from] Stealth Rock\n|move|p1a: Orthworm|Iron Defense|p1a: Orthworm\n|-boost|p1a: Orthworm|def|2\n|\n|upkeep\n|turn|16\n|\n|t:|1698509000\n|detailschange|p2a: Gardevoir|Gardevoir-Mega, M, shiny\n|-mega|p2a: Gardevoir|Gardevoir|Gardevoirite\n|move|p2a: Gardevoir|Mystical Fire|p1a: Orthworm\n|-supereffective|p1a: Orthworm\n|-damage|p1a: Orthworm|0 fnt\n|faint|p1a: Orthworm\n|\n|upkeep\n|\n|t:|1698509008\n|switch|p1a: Empoleon|Empoleon, F|100\/100\n|turn|17\n|\n|t:|1698509015\n|move|p2a: Gardevoir|Energy Ball|p1a: Empoleon\n|-damage|p1a: Empoleon|73\/100\n|move|p1a: Empoleon|Roar|p2a: Gardevoir\n|drag|p2a: Mimikyu|Mimikyu, F, shiny|100\/100\n|-damage|p2a: Mimikyu|88\/100|[from] Stealth Rock\n|\n|upkeep\n|turn|18\n|\n|t:|1698509027\n|move|p2a: Mimikyu|Swords Dance|p2a: Mimikyu\n|-boost|p2a: Mimikyu|atk|2\n|move|p1a: Empoleon|Scald|p2a: Mimikyu\n|-activate|p2a: Mimikyu|ability: Disguise\n|-damage|p2a: Mimikyu|88\/100\n|detailschange|p2a: Mimikyu|Mimikyu-Busted, F, shiny\n|-damage|p2a: Mimikyu|76\/100|[from] pokemon: Mimikyu-Busted\n|\n|upkeep\n|turn|19\n|\n|t:|1698509037\n|move|p2a: Mimikyu|Wood Hammer|p1a: Empoleon\n|-crit|p1a: Empoleon\n|-damage|p1a: Empoleon|0 fnt\n|faint|p1a: Empoleon\n|-damage|p2a: Mimikyu|40\/100|[from] Recoil\n|\n|upkeep\n|\n|t:|1698509044\n|switch|p1a: Rotom|Rotom-Heat|100\/100\n|turn|20\n|\n|t:|1698509047\n|-zpower|p2a: Mimikyu\n|move|p2a: Mimikyu|Let's Snuggle Forever|p1a: Rotom|[zeffect]\n|-resisted|p1a: Rotom\n|-damage|p1a: Rotom|22\/100\n|move|p1a: Rotom|Trick||[still]\n|-fail|p1a: Rotom\n|\n|upkeep\n|turn|21\n|\n|t:|1698509060\n|move|p2a: Mimikyu|Shadow Claw|p1a: Rotom\n|-damage|p1a: Rotom|0 fnt\n|faint|p1a: Rotom\n|\n|upkeep\n|\n|t:|1698509065\n|switch|p1a: Aegislash|Aegislash, F|100\/100\n|-item|p1a: Aegislash|Air Balloon\n|turn|22\n|\n|t:|1698509070\n|move|p2a: Mimikyu|Shadow Claw|p1a: Aegislash\n|-supereffective|p1a: Aegislash\n|-damage|p1a: Aegislash|18\/100\n|-enditem|p1a: Aegislash|Air Balloon\n|move|p1a: Aegislash|Swords Dance|p1a: Aegislash\n|-boost|p1a: Aegislash|atk|2\n|\n|upkeep\n|turn|23\n|\n|t:|1698509079\n|move|p2a: Mimikyu|Swords Dance|p2a: Mimikyu\n|-boost|p2a: Mimikyu|atk|2\n|-formechange|p1a: Aegislash|Aegislash-Blade||[from] ability: Stance Change\n|move|p1a: Aegislash|Sacred Sword|p2a: Mimikyu\n|-immune|p2a: Mimikyu\n|\n|upkeep\n|turn|24\n|\n|t:|1698509089\n|move|p2a: Mimikyu|Shadow Claw|p1a: Aegislash\n|-supereffective|p1a: Aegislash\n|-damage|p1a: Aegislash|0 fnt\n|faint|p1a: Aegislash\n|\n|win|Godofwarlover42\n","uploadtime":1698509098,"views":19,"p1id":"venga29","p2id":"godofwarlover42","formatid":"gen9nationaldexubers","rating":0,"private":0,"password":""}