{"id":"gen9nationaldexubers-1980679567","p1":"DavyCricket","p2":"Swankon","format":"[Gen 9] National Dex Ubers","log":"|j|\u2606DavyCricket\n|j|\u2606Swankon\n|t:|1698811867\n|gametype|singles\n|player|p1|DavyCricket|102|1129\n|player|p2|Swankon|iris|1352\n|teamsize|p1|6\n|teamsize|p2|6\n|gen|9\n|tier|[Gen 9] National Dex Ubers\n|rated|\n|rule|HP Percentage Mod: HP is shown in percentages\n|rule|Endless Battle Clause: Forcing endless battles is banned\n|rule|OHKO Clause: OHKO moves are banned\n|rule|Evasion Moves Clause: Evasion moves are banned\n|rule|Evasion Items Clause: Evasion items are banned\n|rule|Species Clause: Limit one of each Pok\u00e9mon\n|rule|Sleep Clause Mod: Limit one foe put to sleep\n|rule|Mega Rayquaza Clause: You cannot mega evolve Rayquaza\n|clearpoke\n|poke|p1|Charizard, M|\n|poke|p1|Dragonite, M|\n|poke|p1|Empoleon, M|\n|poke|p1|Staraptor, M|\n|poke|p1|Garchomp, M|\n|poke|p1|Urshifu-*, M|\n|poke|p2|Marshadow|\n|poke|p2|Minior|\n|poke|p2|Shuckle, F|\n|poke|p2|Blaziken, F|\n|poke|p2|Greninja-*, M|\n|poke|p2|Garchomp, F|\n|teampreview\n|\n|t:|1698811891\n|start\n|switch|p1a: Don|Garchomp, M|100\/100\n|switch|p2a: Shuckle|Shuckle, F|100\/100\n|turn|1\n|\n|t:|1698811899\n|move|p1a: Don|Swords Dance|p1a: Don\n|-boost|p1a: Don|atk|2\n|move|p2a: Shuckle|Stealth Rock|p1a: Don\n|-sidestart|p1: DavyCricket|move: Stealth Rock\n|\n|upkeep\n|turn|2\n|\n|t:|1698811905\n|move|p1a: Don|Iron Head|p2a: Shuckle\n|-supereffective|p2a: Shuckle\n|-crit|p2a: Shuckle\n|-ability|p2a: Shuckle|Sturdy\n|-damage|p2a: Shuckle|1\/100\n|move|p2a: Shuckle|Toxic|p1a: Don\n|-status|p1a: Don|tox\n|\n|-heal|p2a: Shuckle|7\/100|[from] item: Leftovers\n|-damage|p1a: Don|94\/100 tox|[from] psn\n|upkeep\n|turn|3\n|\n|t:|1698811915\n|move|p1a: Don|Iron Head|p2a: Shuckle\n|-supereffective|p2a: Shuckle\n|-damage|p2a: Shuckle|0 fnt\n|faint|p2a: Shuckle\n|\n|-damage|p1a: Don|82\/100 tox|[from] psn\n|upkeep\n|\n|t:|1698811941\n|switch|p2a: Marshadow|Marshadow|100\/100\n|turn|4\n|\n|t:|1698811945\n|switch|p1a: Julius|Empoleon, M|100\/100\n|-damage|p1a: Julius|94\/100|[from] Stealth Rock\n|move|p2a: Marshadow|Spectral Thief|p1a: Julius\n|-damage|p1a: Julius|42\/100\n|-damage|p2a: Marshadow|84\/100|[from] item: Rocky Helmet|[of] p1a: Julius\n|\n|upkeep\n|turn|5\n|\n|t:|1698811954\n|move|p2a: Marshadow|Drain Punch|p1a: Julius\n|-supereffective|p1a: Julius\n|-damage|p1a: Julius|0 fnt\n|-heal|p2a: Marshadow|100\/100|[from] drain|[of] p1a: Julius\n|-damage|p2a: Marshadow|84\/100|[from] item: Rocky Helmet|[of] p1a: Julius\n|faint|p1a: Julius\n|\n|upkeep\n|\n|t:|1698811965\n|switch|p1a: Don|Garchomp, M|82\/100 tox\n|-damage|p1a: Don|76\/100 tox|[from] Stealth Rock\n|turn|6\n|\n|t:|1698811980\n|move|p2a: Marshadow|Drain Punch|p1a: Don\n|-damage|p1a: Don|41\/100 tox\n|-heal|p2a: Marshadow|100\/100|[from] drain|[of] p1a: Don\n|-damage|p2a: Marshadow|88\/100|[from] ability: Rough Skin|[of] p1a: Don\n|move|p1a: Don|Earthquake|p2a: Marshadow\n|-damage|p2a: Marshadow|16\/100\n|\n|-damage|p1a: Don|35\/100 tox|[from] psn\n|upkeep\n|turn|7\n|\n|t:|1698811992\n|move|p2a: Marshadow|Drain Punch|p1a: Don\n|-damage|p1a: Don|0 fnt\n|-heal|p2a: Marshadow|37\/100|[from] drain|[of] p1a: Don\n|-damage|p2a: Marshadow|24\/100|[from] ability: Rough Skin|[of] p1a: Don\n|faint|p1a: Don\n|\n|upkeep\n|\n|t:|1698811999\n|switch|p1a: Saitama|Urshifu, M|100\/100\n|-damage|p1a: Saitama|94\/100|[from] Stealth Rock\n|turn|8\n|\n|t:|1698812015\n|move|p1a: Saitama|Detect|p1a: Saitama\n|-singleturn|p1a: Saitama|Protect\n|move|p2a: Marshadow|Drain Punch|p1a: Saitama\n|-activate|p1a: Saitama|move: Protect\n|\n|upkeep\n|turn|9\n|\n|t:|1698812021\n|move|p1a: Saitama|Sucker Punch|p2a: Marshadow\n|-damage|p2a: Marshadow|0 fnt\n|faint|p2a: Marshadow\n|\n|upkeep\n|\n|t:|1698812035\n|switch|p2a: Blaziken|Blaziken, F|100\/100\n|turn|10\n|\n|t:|1698812040\n|detailschange|p2a: Blaziken|Blaziken-Mega, F\n|-mega|p2a: Blaziken|Blaziken|Blazikenite\n|-singleturn|p1a: Saitama|move: Focus Punch\n|move|p2a: Blaziken|Protect|p2a: Blaziken\n|-singleturn|p2a: Blaziken|Protect\n|move|p1a: Saitama|Focus Punch|p2a: Blaziken\n|-damage|p2a: Blaziken|0 fnt\n|faint|p2a: Blaziken\n|\n|upkeep\n|c|\u2606Swankon|...\n|c|\u2606DavyCricket|>:)\n|\n|t:|1698812068\n|switch|p2a: Minior|Minior, shiny|100\/100\n|-formechange|p2a: Minior|Minior-Meteor||[from] ability: Shields Down\n|turn|11\n|\n|t:|1698812074\n|move|p1a: Saitama|Wicked Blow|p2a: Minior\n|-crit|p2a: Minior\n|-damage|p2a: Minior|19\/100\n|move|p2a: Minior|Shell Smash|p2a: Minior\n|-unboost|p2a: Minior|def|1\n|-unboost|p2a: Minior|spd|1\n|-boost|p2a: Minior|atk|2\n|-boost|p2a: Minior|spa|2\n|-boost|p2a: Minior|spe|2\n|-enditem|p2a: Minior|White Herb\n|-clearnegativeboost|p2a: Minior|[silent]\n|\n|-formechange|p2a: Minior|Minior||[from] ability: Shields Down\n|upkeep\n|turn|12\n|\n|t:|1698812087\n|move|p1a: Saitama|Sucker Punch||[still]\n|-fail|p1a: Saitama\n|move|p2a: Minior|Shell Smash|p2a: Minior\n|-unboost|p2a: Minior|def|1\n|-unboost|p2a: Minior|spd|1\n|-boost|p2a: Minior|atk|2\n|-boost|p2a: Minior|spa|2\n|-boost|p2a: Minior|spe|2\n|\n|upkeep\n|turn|13\n|\n|t:|1698812095\n|move|p1a: Saitama|Sucker Punch|p2a: Minior\n|-damage|p2a: Minior|0 fnt\n|faint|p2a: Minior\n|\n|upkeep\n|c|\u2606Swankon|damn lol\n|\n|t:|1698812105\n|switch|p2a: Garchomp|Garchomp, F, shiny|100\/100\n|turn|14\n|c|\u2606DavyCricket|sucker punch is a menace\n|c|\u2606DavyCricket|fun fact, it used to be poison jab\n|c|\u2606DavyCricket|didn't take long before I decided the superior move\n|\n|t:|1698812126\n|move|p2a: Garchomp|Outrage|p1a: Saitama\n|-damage|p1a: Saitama|38\/100\n|move|p1a: Saitama|Wicked Blow|p2a: Garchomp\n|-crit|p2a: Garchomp\n|-damage|p2a: Garchomp|49\/100\n|-damage|p1a: Saitama|26\/100|[from] ability: Rough Skin|[of] p2a: Garchomp\n|\n|upkeep\n|turn|15\n|c|\u2606Swankon|yeah fair\n|\n|t:|1698812134\n|move|p1a: Saitama|Sucker Punch|p2a: Garchomp\n|-damage|p2a: Garchomp|14\/100\n|-damage|p1a: Saitama|13\/100|[from] ability: Rough Skin|[of] p2a: Garchomp\n|move|p2a: Garchomp|Outrage|p1a: Saitama|[from]lockedmove\n|-damage|p1a: Saitama|0 fnt\n|faint|p1a: Saitama\n|-start|p2a: Garchomp|confusion|[fatigue]\n|\n|upkeep\n|\n|t:|1698812144\n|switch|p1a: Ace|Staraptor, M|100\/100\n|-damage|p1a: Ace|75\/100|[from] Stealth Rock\n|turn|16\n|\n|t:|1698812150\n|-activate|p2a: Garchomp|confusion\n|move|p2a: Garchomp|Stone Edge|p1a: Ace\n|-supereffective|p1a: Ace\n|-damage|p1a: Ace|0 fnt\n|faint|p1a: Ace\n|\n|upkeep\n|\n|t:|1698812154\n|switch|p1a: Lycanite|Dragonite, M|100\/100\n|-damage|p1a: Lycanite|76\/100|[from] Stealth Rock\n|turn|17\n|c|\u2606DavyCricket|bruh\n|\n|t:|1698812162\n|-activate|p2a: Garchomp|confusion\n|-damage|p2a: Garchomp|3\/100|[from] confusion\n|move|p1a: Lycanite|Dragon Pulse|p2a: Garchomp\n|-supereffective|p2a: Garchomp\n|-damage|p2a: Garchomp|0 fnt\n|faint|p2a: Garchomp\n|\n|upkeep\n|\n|t:|1698812168\n|switch|p2a: Greninja|Greninja, M|100\/100\n|turn|18\n|\n|t:|1698812190\n|-terastallize|p2a: Greninja|Fairy\n|-terastallize|p1a: Lycanite|Dragon\n|move|p2a: Greninja|Ice Beam|p1a: Lycanite\n|-supereffective|p1a: Lycanite\n|-damage|p1a: Lycanite|23\/100\n|-enditem|p1a: Lycanite|Weakness Policy\n|-boost|p1a: Lycanite|atk|2|[from] item: Weakness Policy\n|-boost|p1a: Lycanite|spa|2|[from] item: Weakness Policy\n|move|p1a: Lycanite|Dragon Rush|p2a: Greninja\n|-immune|p2a: Greninja\n|\n|upkeep\n|turn|19\n|c|\u2606DavyCricket|omg\n|c|\u2606Swankon|lol\n|\n|t:|1698812201\n|move|p2a: Greninja|Ice Beam|p1a: Lycanite\n|-supereffective|p1a: Lycanite\n|-damage|p1a: Lycanite|0 fnt\n|faint|p1a: Lycanite\n|-ability|p2a: Greninja|Battle Bond|boost\n|-boost|p2a: Greninja|atk|1\n|-boost|p2a: Greninja|spa|1\n|-boost|p2a: Greninja|spe|1\n|-activate|p2a: Greninja|ability: Battle Bond\n|\n|upkeep\n|\n|t:|1698812210\n|switch|p1a: Charlie|Charizard, M|100\/100\n|-damage|p1a: Charlie|51\/100|[from] Stealth Rock\n|turn|20\n|c|\u2606DavyCricket|stealth rock moment\n|\n|t:|1698812217\n|detailschange|p1a: Charlie|Charizard-Mega-X, M\n|-mega|p1a: Charlie|Charizard|Charizardite X\n|move|p2a: Greninja|Water Shuriken|p1a: Charlie\n|-damage|p1a: Charlie|38\/100\n|-damage|p1a: Charlie|25\/100\n|-damage|p1a: Charlie|11\/100\n|-damage|p1a: Charlie|0 fnt\n|faint|p1a: Charlie\n|-hitcount|p1: Charlie|4\n|\n|win|Swankon\n|raw|DavyCricket's rating: 1129 &rarr; <strong>1118<\/strong><br \/>(-11 for losing)\n|raw|Swankon's rating: 1352 &rarr; <strong>1361<\/strong><br \/>(+9 for winning)\n|c|\u2606DavyCricket|gg moment\n|c|\u2606Swankon|damn i got lucky gg\n","uploadtime":1698812230,"views":4,"p1id":"davycricket","p2id":"swankon","formatid":"gen9nationaldexubers","rating":1118,"private":0,"password":""}