{"id":"gen9nationaldexubers-1986371116","p1":"AerixThorn","p2":"Ofin7174727728202","format":"[Gen 9] National Dex Ubers","log":"|j|\u2606AerixThorn\n|j|\u2606Ofin7174727728202\n|t:|1699473200\n|gametype|singles\n|player|p1|AerixThorn|pryce|1098\n|player|p2|Ofin7174727728202|265|1117\n|teamsize|p1|6\n|teamsize|p2|6\n|gen|9\n|tier|[Gen 9] National Dex Ubers\n|rated|\n|rule|HP Percentage Mod: HP is shown in percentages\n|rule|Endless Battle Clause: Forcing endless battles is banned\n|rule|OHKO Clause: OHKO moves are banned\n|rule|Evasion Moves Clause: Evasion moves are banned\n|rule|Evasion Items Clause: Evasion items are banned\n|rule|Species Clause: Limit one of each Pok\u00e9mon\n|rule|Sleep Clause Mod: Limit one foe put to sleep\n|rule|Mega Rayquaza Clause: You cannot mega evolve Rayquaza\n|clearpoke\n|poke|p1|Munkidori, M|\n|poke|p1|Infernape, M|\n|poke|p1|Annihilape, M|\n|poke|p1|Darmanitan-Galar, F|\n|poke|p1|Zarude|\n|poke|p1|Ambipom, M|\n|poke|p2|Drifblim, F|\n|poke|p2|Sirfetch\u2019d, M|\n|poke|p2|Mewtwo|\n|poke|p2|Necrozma-Dawn-Wings|\n|poke|p2|Kartana|\n|poke|p2|Groudon|\n|teampreview\n|inactive|Battle timer is ON: inactive players will automatically lose when time's up. (requested by AerixThorn)\n|\n|t:|1699473211\n|start\n|switch|p1a: M O N K E|Ambipom, M|100\/100\n|switch|p2a: Necrozma|Necrozma-Dawn-Wings|100\/100\n|turn|1\n|\n|t:|1699473224\n|detailschange|p2a: Necrozma|Necrozma-Ultra\n|-burst|p2a: Necrozma|Necrozma|Ultranecrozium Z\n|move|p1a: M O N K E|Knock Off|p2a: Necrozma\n|-supereffective|p2a: Necrozma\n|-damage|p2a: Necrozma|68\/100\n|move|p2a: Necrozma|Photon Geyser|p1a: M O N K E\n|-damage|p1a: M O N K E|0 fnt\n|faint|p1a: M O N K E\n|\n|upkeep\n|\n|t:|1699473236\n|switch|p1a: M O N K E YETI|Darmanitan-Galar, F|100\/100\n|turn|2\n|\n|t:|1699473260\n|move|p1a: M O N K E YETI|Ice Punch|p2a: Necrozma\n|-supereffective|p2a: Necrozma\n|-damage|p2a: Necrozma|0 fnt\n|faint|p2a: Necrozma\n|\n|upkeep\n|\n|t:|1699473271\n|switch|p2a: Kartana|Kartana|100\/100\n|turn|3\n|\n|t:|1699473277\n|switch|p1a: M O N K E TIME|Munkidori, M|100\/100\n|move|p2a: Kartana|Sacred Sword|p1a: M O N K E TIME\n|-resisted|p1a: M O N K E TIME\n|-damage|p1a: M O N K E TIME|83\/100\n|\n|-heal|p1a: M O N K E TIME|89\/100|[from] item: Leftovers\n|upkeep\n|turn|4\n|\n|t:|1699473291\n|switch|p2a: Groudon|Groudon|100\/100\n|detailschange|p2a: Groudon|Groudon-Primal\n|-primal|p2a: Groudon|Red Orb\n|-weather|DesolateLand|[from] ability: Desolate Land|[of] p2a: Groudon\n|move|p1a: M O N K E TIME|Hex|p2a: Groudon\n|-damage|p2a: Groudon|79\/100\n|\n|-weather|DesolateLand|[upkeep]\n|-heal|p1a: M O N K E TIME|95\/100|[from] item: Leftovers\n|upkeep\n|turn|5\n|\n|t:|1699473302\n|move|p1a: M O N K E TIME|Sludge Bomb|p2a: Groudon\n|-resisted|p2a: Groudon\n|-damage|p2a: Groudon|56\/100\n|-status|p2a: Groudon|psn\n|move|p2a: Groudon|Heat Crash|p1a: M O N K E TIME\n|-damage|p1a: M O N K E TIME|0 fnt\n|faint|p1a: M O N K E TIME\n|\n|-weather|DesolateLand|[upkeep]\n|-damage|p2a: Groudon|44\/100 psn|[from] psn\n|upkeep\n|\n|t:|1699473313\n|switch|p1a: M O N K E YETI|Darmanitan-Galar, F|100\/100\n|turn|6\n|\n|t:|1699473330\n|move|p1a: M O N K E YETI|Ice Punch|p2a: Groudon\n|-damage|p2a: Groudon|10\/100 psn\n|move|p2a: Groudon|Heat Crash|p1a: M O N K E YETI\n|-supereffective|p1a: M O N K E YETI\n|-damage|p1a: M O N K E YETI|0 fnt\n|faint|p1a: M O N K E YETI\n|\n|-weather|DesolateLand|[upkeep]\n|-damage|p2a: Groudon|0 fnt|[from] psn\n|faint|p2a: Groudon\n|-weather|none\n|upkeep\n|\n|t:|1699473344\n|switch|p1a: M O N K E DAD|Zarude|100\/100\n|switch|p2a: Mewtwo|Mewtwo|100\/100\n|-ability|p2a: Mewtwo|Pressure\n|turn|7\n|\n|t:|1699473357\n|detailschange|p2a: Mewtwo|Mewtwo-Mega-X\n|-mega|p2a: Mewtwo|Mewtwo|Mewtwonite X\n|move|p1a: M O N K E DAD|Darkest Lariat|p2a: Mewtwo\n|-crit|p2a: Mewtwo\n|-damage|p2a: Mewtwo|44\/100\n|move|p2a: Mewtwo|Dynamic Punch|p1a: M O N K E DAD\n|-supereffective|p1a: M O N K E DAD\n|-damage|p1a: M O N K E DAD|0 fnt\n|faint|p1a: M O N K E DAD\n|\n|upkeep\n|\n|t:|1699473366\n|switch|p1a: M O N K E GHOST|Annihilape, M|100\/100\n|turn|8\n|inactive|Ofin7174727728202 has 120 seconds left.\n|\n|t:|1699473411\n|move|p2a: Mewtwo|Aqua Tail|p1a: M O N K E GHOST\n|-damage|p1a: M O N K E GHOST|54\/100\n|move|p1a: M O N K E GHOST|Bulk Up|p1a: M O N K E GHOST\n|-boost|p1a: M O N K E GHOST|atk|1\n|-boost|p1a: M O N K E GHOST|def|1\n|\n|upkeep\n|turn|9\n|\n|t:|1699473430\n|move|p2a: Mewtwo|Aqua Tail|p1a: M O N K E GHOST|[miss]\n|-miss|p2a: Mewtwo|p1a: M O N K E GHOST\n|move|p1a: M O N K E GHOST|Rage Fist|p2a: Mewtwo\n|-supereffective|p2a: Mewtwo\n|-crit|p2a: Mewtwo\n|-damage|p2a: Mewtwo|0 fnt\n|faint|p2a: Mewtwo\n|\n|upkeep\n|inactive|Ofin7174727728202 has 90 seconds left.\n|\n|t:|1699473455\n|switch|p2a: Sirfetch\u2019d|Sirfetch\u2019d, M, shiny|100\/100\n|turn|10\n|inactive|Ofin7174727728202 has 90 seconds left.\n|\n|t:|1699473465\n|move|p2a: Sirfetch\u2019d|Swords Dance|p2a: Sirfetch\u2019d\n|-boost|p2a: Sirfetch\u2019d|atk|2\n|move|p1a: M O N K E GHOST|Drain Punch|p2a: Sirfetch\u2019d\n|-crit|p2a: Sirfetch\u2019d\n|-damage|p2a: Sirfetch\u2019d|0 fnt\n|-heal|p1a: M O N K E GHOST|86\/100|[from] drain|[of] p2a: Sirfetch\u2019d\n|faint|p2a: Sirfetch\u2019d\n|\n|upkeep\n|inactive|Ofin7174727728202 has 90 seconds left.\n|\n|t:|1699473480\n|switch|p2a: Kartana|Kartana|100\/100\n|turn|11\n|\n|t:|1699473489\n|move|p2a: Kartana|Leaf Blade|p1a: M O N K E GHOST\n|-damage|p1a: M O N K E GHOST|40\/100\n|move|p1a: M O N K E GHOST|Drain Punch|p2a: Kartana\n|-supereffective|p2a: Kartana\n|-crit|p2a: Kartana\n|-damage|p2a: Kartana|0 fnt\n|-heal|p1a: M O N K E GHOST|71\/100|[from] drain|[of] p2a: Kartana\n|faint|p2a: Kartana\n|\n|upkeep\n|inactive|Ofin7174727728202 has 60 seconds left.\n|inactive|Ofin7174727728202 has 30 seconds left.\n|l|\u2606AerixThorn\n|inactive|AerixThorn disconnected and has a minute to reconnect!\n|player|p1|\n|inactive|Ofin7174727728202 has 20 seconds left.\n|j|\u2606AerixThorn\n|inactive|AerixThorn reconnected.\n|player|p1|AerixThorn|pryce\n|inactive|Ofin7174727728202 has 15 seconds left.\n|inactive|Ofin7174727728202 has 10 seconds left.\n|inactive|Ofin7174727728202 has 5 seconds left.\n|-message|Ofin7174727728202 lost due to inactivity.\n|\n|win|AerixThorn\n|raw|AerixThorn's rating: 1098 &rarr; <strong>1126<\/strong><br \/>(+28 for winning)\n|raw|Ofin7174727728202's rating: 1136 &rarr; <strong>1108<\/strong><br \/>(-28 for losing)\n","uploadtime":1699473592,"views":8,"p1id":"aerixthorn","p2id":"ofin7174727728202","formatid":"gen9nationaldexubers","rating":1108,"private":0,"password":""}