{"id":"gen9nationaldexubers-1987977764","p1":"Th3K1ng123","p2":"Denji 666","format":"[Gen 9] National Dex Ubers","log":"|j|\u2606Th3K1ng123\n|j|\u2606Denji 666\n|t:|1699655231\n|gametype|singles\n|player|p1|Th3K1ng123|turo|1270\n|player|p2|Denji 666|marley|1383\n|teamsize|p1|6\n|teamsize|p2|6\n|gen|9\n|tier|[Gen 9] National Dex Ubers\n|rated|\n|rule|HP Percentage Mod: HP is shown in percentages\n|rule|Endless Battle Clause: Forcing endless battles is banned\n|rule|OHKO Clause: OHKO moves are banned\n|rule|Evasion Moves Clause: Evasion moves are banned\n|rule|Evasion Items Clause: Evasion items are banned\n|rule|Species Clause: Limit one of each Pok\u00e9mon\n|rule|Sleep Clause Mod: Limit one foe put to sleep\n|rule|Mega Rayquaza Clause: You cannot mega evolve Rayquaza\n|clearpoke\n|poke|p1|Rayquaza|\n|poke|p1|Arceus|\n|poke|p1|Zekrom|\n|poke|p1|Kyogre|\n|poke|p1|Lugia|\n|poke|p1|Volcarona, M|\n|poke|p2|Alakazam, F|\n|poke|p2|Togekiss, F|\n|poke|p2|Magnezone|\n|poke|p2|Gengar, F|\n|poke|p2|Porygon-Z|\n|poke|p2|Heatran, M|\n|teampreview\n|inactive|Battle timer is ON: inactive players will automatically lose when time's up. (requested by Th3K1ng123)\n|\n|t:|1699655257\n|start\n|switch|p1a: Halleluiah|Arceus, shiny|100\/100\n|switch|p2a: Togekiss|Togekiss, F|100\/100\n|turn|1\n|\n|t:|1699655268\n|move|p2a: Togekiss|Air Slash|p1a: Halleluiah\n|-damage|p1a: Halleluiah|73\/100\n|move|p1a: Halleluiah|Swords Dance|p1a: Halleluiah\n|-boost|p1a: Halleluiah|atk|2\n|\n|-heal|p1a: Halleluiah|79\/100|[from] item: Leftovers\n|upkeep\n|turn|2\n|\n|t:|1699655275\n|move|p1a: Halleluiah|Extreme Speed|p2a: Togekiss\n|-damage|p2a: Togekiss|0 fnt\n|faint|p2a: Togekiss\n|\n|-heal|p1a: Halleluiah|85\/100|[from] item: Leftovers\n|upkeep\n|\n|t:|1699655281\n|switch|p2a: Gengar|Gengar, F|100\/100\n|turn|3\n|\n|t:|1699655291\n|move|p2a: Gengar|Nasty Plot|p2a: Gengar\n|-boost|p2a: Gengar|spa|2\n|move|p1a: Halleluiah|Shadow Claw|p2a: Gengar\n|-supereffective|p2a: Gengar\n|-enditem|p2a: Gengar|Focus Sash\n|-damage|p2a: Gengar|1\/100\n|-start|p1a: Halleluiah|Disable|Shadow Claw|[from] ability: Cursed Body|[of] p2a: Gengar\n|\n|-heal|p1a: Halleluiah|91\/100|[from] item: Leftovers\n|upkeep\n|turn|4\n|\n|t:|1699655309\n|switch|p1a: Polilla De Fuego|Volcarona, M, shiny|100\/100\n|move|p2a: Gengar|Sludge Bomb|p1a: Polilla De Fuego\n|-damage|p1a: Polilla De Fuego|2\/100\n|\n|upkeep\n|turn|5\n|\n|t:|1699655318\n|move|p2a: Gengar|Shadow Ball|p1a: Polilla De Fuego\n|-damage|p1a: Polilla De Fuego|0 fnt\n|faint|p1a: Polilla De Fuego\n|\n|upkeep\n|\n|t:|1699655324\n|switch|p1a: Make It Rain|Kyogre, shiny|100\/100\n|-weather|RainDance|[from] ability: Drizzle|[of] p1a: Make It Rain\n|turn|6\n|\n|t:|1699655330\n|move|p1a: Make It Rain|Water Spout|p2a: Gengar\n|-damage|p2a: Gengar|0 fnt\n|-start|p1a: Make It Rain|Disable|Water Spout|[from] ability: Cursed Body|[of] p2a: Gengar\n|faint|p2a: Gengar\n|\n|-weather|RainDance|[upkeep]\n|upkeep\n|\n|t:|1699655345\n|switch|p2a: Alakazam|Alakazam, F|100\/100\n|turn|7\n|\n|t:|1699655349\n|switch|p1a: Luigi|Lugia, shiny|100\/100\n|detailschange|p2a: Alakazam|Alakazam-Mega, F\n|-mega|p2a: Alakazam|Alakazam|Alakazite\n|-ability|p2a: Alakazam|Multiscale|[from] ability: Trace|[of] p1a: Luigi\n|move|p2a: Alakazam|Energy Ball|p1a: Luigi\n|-resisted|p1a: Luigi\n|-damage|p1a: Luigi|95\/100\n|-unboost|p1a: Luigi|spd|1\n|\n|-weather|RainDance|[upkeep]\n|upkeep\n|turn|8\n|\n|t:|1699655361\n|switch|p2a: Magnezone|Magnezone|100\/100\n|move|p1a: Luigi|Toxic|p2a: Magnezone|[miss]\n|-miss|p1a: Luigi|p2a: Magnezone\n|\n|-weather|RainDance|[upkeep]\n|upkeep\n|turn|9\n|\n|t:|1699655376\n|switch|p1a: Voidwyrm|Zekrom, shiny|100\/100\n|-ability|p1a: Voidwyrm|Teravolt\n|move|p2a: Magnezone|Volt Switch|p1a: Voidwyrm\n|-resisted|p1a: Voidwyrm\n|-damage|p1a: Voidwyrm|91\/100\n|\n|t:|1699655392\n|switch|p2a: Alakazam|Alakazam-Mega, F|100\/100|[from] Volt Switch\n|-ability|p2a: Alakazam|Teravolt\n|-ability|p2a: Alakazam|Teravolt|[from] ability: Trace|[of] p1a: Voidwyrm\n|\n|-weather|RainDance|[upkeep]\n|upkeep\n|turn|10\n|\n|t:|1699655402\n|move|p2a: Alakazam|Dazzling Gleam|p1a: Voidwyrm\n|-supereffective|p1a: Voidwyrm\n|-damage|p1a: Voidwyrm|23\/100\n|move|p1a: Voidwyrm|Dragon Dance|p1a: Voidwyrm\n|-boost|p1a: Voidwyrm|atk|1\n|-boost|p1a: Voidwyrm|spe|1\n|\n|-weather|none\n|upkeep\n|turn|11\n|\n|t:|1699655409\n|move|p1a: Voidwyrm|Crunch|p2a: Alakazam\n|-supereffective|p2a: Alakazam\n|-damage|p2a: Alakazam|0 fnt\n|faint|p2a: Alakazam\n|\n|upkeep\n|\n|t:|1699655419\n|switch|p2a: Magnezone|Magnezone|100\/100\n|turn|12\n|inactive|Th3K1ng123 has 120 seconds left.\n|\n|t:|1699655451\n|move|p1a: Voidwyrm|Crunch|p2a: Magnezone\n|-damage|p2a: Magnezone|53\/100\n|move|p2a: Magnezone|Hidden Power|p1a: Voidwyrm\n|-supereffective|p1a: Voidwyrm\n|-damage|p1a: Voidwyrm|0 fnt\n|faint|p1a: Voidwyrm\n|\n|upkeep\n|inactive|Th3K1ng123 has 120 seconds left.\n|\n|t:|1699655458\n|switch|p1a: Slim Shady|Rayquaza, shiny|100\/100\n|-ability|p1a: Slim Shady|Air Lock\n|turn|13\n|\n|t:|1699655463\n|move|p2a: Magnezone|Hidden Power|p1a: Slim Shady\n|-supereffective|p1a: Slim Shady\n|-damage|p1a: Slim Shady|4\/100\n|move|p1a: Slim Shady|Earthquake|p2a: Magnezone\n|-supereffective|p2a: Magnezone\n|-damage|p2a: Magnezone|0 fnt\n|faint|p2a: Magnezone\n|\n|upkeep\n|\n|t:|1699655474\n|switch|p2a: Heatran|Heatran, M|100\/100\n|turn|14\n|\n|t:|1699655483\n|-terastallize|p2a: Heatran|Fire\n|move|p2a: Heatran|Eruption|p1a: Slim Shady\n|-resisted|p1a: Slim Shady\n|-damage|p1a: Slim Shady|0 fnt\n|faint|p1a: Slim Shady\n|\n|upkeep\n|\n|t:|1699655490\n|switch|p1a: Make It Rain|Kyogre, shiny|100\/100\n|-weather|RainDance|[from] ability: Drizzle|[of] p1a: Make It Rain\n|turn|15\n|\n|t:|1699655496\n|move|p1a: Make It Rain|Water Spout|p2a: Heatran\n|-supereffective|p2a: Heatran\n|-damage|p2a: Heatran|0 fnt\n|faint|p2a: Heatran\n|\n|-weather|RainDance|[upkeep]\n|upkeep\n|\n|t:|1699655499\n|switch|p2a: Porygon-Z|Porygon-Z|100\/100\n|turn|16\n|\n|t:|1699655503\n|move|p2a: Porygon-Z|Thunderbolt|p1a: Make It Rain\n|-supereffective|p1a: Make It Rain\n|-damage|p1a: Make It Rain|47\/100\n|-status|p1a: Make It Rain|par\n|move|p1a: Make It Rain|Water Spout|p2a: Porygon-Z\n|-damage|p2a: Porygon-Z|9\/100\n|\n|-weather|RainDance|[upkeep]\n|upkeep\n|turn|17\n|\n|t:|1699655513\n|-terastallize|p1a: Make It Rain|Dragon\n|move|p2a: Porygon-Z|Thunderbolt|p1a: Make It Rain\n|-resisted|p1a: Make It Rain\n|-damage|p1a: Make It Rain|34\/100 par\n|move|p1a: Make It Rain|Water Spout|p2a: Porygon-Z\n|-damage|p2a: Porygon-Z|0 fnt\n|faint|p2a: Porygon-Z\n|\n|win|Th3K1ng123\n|raw|Th3K1ng123's rating: 1270 &rarr; <strong>1303<\/strong><br \/>(+33 for winning)\n|raw|Denji 666's rating: 1383 &rarr; <strong>1357<\/strong><br \/>(-26 for losing)\n","uploadtime":1699655522,"views":5,"p1id":"th3k1ng123","p2id":"denji666","formatid":"gen9nationaldexubers","rating":1303,"private":0,"password":""}