{"id":"gen9nationaldexubers-1988042835","p1":"TheYoungInfinite","p2":"Chris Issun","format":"[Gen 9] National Dex Ubers","log":"|j|\u2606TheYoungInfinite\n|j|\u2606Chris Issun\n|t:|1699662563\n|gametype|singles\n|player|p1|TheYoungInfinite|hugh|\n|player|p2|Chris Issun|maid|\n|teamsize|p1|6\n|teamsize|p2|6\n|gen|9\n|tier|[Gen 9] National Dex Ubers\n|rule|HP Percentage Mod: HP is shown in percentages\n|rule|Endless Battle Clause: Forcing endless battles is banned\n|rule|OHKO Clause: OHKO moves are banned\n|rule|Evasion Moves Clause: Evasion moves are banned\n|rule|Evasion Items Clause: Evasion items are banned\n|rule|Species Clause: Limit one of each Pok\u00e9mon\n|rule|Sleep Clause Mod: Limit one foe put to sleep\n|rule|Mega Rayquaza Clause: You cannot mega evolve Rayquaza\n|clearpoke\n|poke|p1|Appletun, M|\n|poke|p1|Landorus-Therian, M|\n|poke|p1|Charizard, F|\n|poke|p1|Indeedee-F, F|\n|poke|p1|Coalossal, F|\n|poke|p1|Lapras, F|\n|poke|p2|Ninetales-Alola, F|\n|poke|p2|Ursaluna-Bloodmoon, M|\n|poke|p2|Magnezone|\n|poke|p2|Tapu Fini|\n|poke|p2|Moltres|\n|poke|p2|Latias, F|\n|teampreview\n|j| LePokeRoi\n|c| LePokeRoi|I'm in\n|\n|t:|1699662635\n|start\n|switch|p1a: Appletun|Appletun, M|100\/100\n|switch|p2a: Ursula|Ninetales-Alola, F|100\/100\n|-weather|Snow|[from] ability: Snow Warning|[of] p2a: Ursula\n|turn|1\n|\n|t:|1699662645\n|-terastallize|p1a: Appletun|Steel\n|move|p2a: Ursula|Freeze-Dry|p1a: Appletun\n|-resisted|p1a: Appletun\n|-damage|p1a: Appletun|96\/100\n|move|p1a: Appletun|Gyro Ball|p2a: Ursula\n|-supereffective|p2a: Ursula\n|-damage|p2a: Ursula|0 fnt\n|faint|p2a: Ursula\n|\n|-weather|Snow|[upkeep]\n|-heal|p1a: Appletun|100\/100|[from] item: Leftovers\n|upkeep\n|\n|t:|1699662656\n|switch|p2a: Auto Zone|Magnezone|100\/100\n|turn|2\n|\n|t:|1699662665\n|move|p1a: Appletun|Protect|p1a: Appletun\n|-singleturn|p1a: Appletun|Protect\n|move|p2a: Auto Zone|Hidden Power|p1a: Appletun\n|-activate|p1a: Appletun|move: Protect\n|\n|-weather|Snow|[upkeep]\n|upkeep\n|turn|3\n|\n|t:|1699662680\n|move|p2a: Auto Zone|Hidden Power|p1a: Appletun\n|-supereffective|p1a: Appletun\n|-crit|p1a: Appletun\n|-damage|p1a: Appletun|75\/100\n|move|p1a: Appletun|Leech Seed|p2a: Auto Zone\n|-start|p2a: Auto Zone|move: Leech Seed\n|\n|-weather|Snow|[upkeep]\n|-heal|p1a: Appletun|82\/100|[from] item: Leftovers\n|-damage|p2a: Auto Zone|88\/100|[from] Leech Seed|[of] p1a: Appletun\n|-heal|p1a: Appletun|92\/100|[silent]\n|upkeep\n|turn|4\n|\n|t:|1699662702\n|switch|p2a: Beary|Ursaluna-Bloodmoon, M|100\/100\n|move|p1a: Appletun|Giga Drain|p2a: Beary\n|-supereffective|p2a: Beary\n|-damage|p2a: Beary|47\/100\n|-heal|p1a: Appletun|100\/100|[from] drain|[of] p2a: Beary\n|\n|-weather|Snow|[upkeep]\n|-heal|p2a: Beary|53\/100|[from] item: Leftovers\n|upkeep\n|turn|5\n|\n|t:|1699662717\n|switch|p1a: Landorus|Landorus-Therian, M|100\/100\n|-ability|p1a: Landorus|Intimidate|boost\n|-unboost|p2a: Beary|atk|1\n|-terastallize|p2a: Beary|Normal\n|move|p2a: Beary|Earth Power|p1a: Landorus\n|-immune|p1a: Landorus\n|\n|-weather|none\n|-heal|p2a: Beary|59\/100|[from] item: Leftovers\n|upkeep\n|turn|6\n|\n|t:|1699662753\n|switch|p2a: Molthree|Moltres|100\/100\n|-ability|p2a: Molthree|Pressure\n|move|p1a: Landorus|Earthquake|p2a: Molthree\n|-immune|p2a: Molthree\n|\n|upkeep\n|turn|7\n|\n|t:|1699662768\n|move|p1a: Landorus|Knock Off|p2a: Molthree\n|-damage|p2a: Molthree|78\/100\n|-enditem|p2a: Molthree|Heavy-Duty Boots|[from] move: Knock Off|[of] p1a: Landorus\n|move|p2a: Molthree|U-turn|p1a: Landorus\n|-resisted|p1a: Landorus\n|-crit|p1a: Landorus\n|-damage|p1a: Landorus|91\/100\n|\n|t:|1699662790\n|switch|p2a: Tapu Fishy|Tapu Fini|100\/100|[from] U-turn\n|-fieldstart|move: Misty Terrain|[from] ability: Misty Surge|[of] p2a: Tapu Fishy\n|\n|upkeep\n|turn|8\n|\n|t:|1699662801\n|move|p2a: Tapu Fishy|Ice Beam|p1a: Landorus\n|-supereffective|p1a: Landorus\n|-damage|p1a: Landorus|15\/100\n|move|p1a: Landorus|Iron Tail|p2a: Tapu Fishy|[miss]\n|-miss|p1a: Landorus|p2a: Tapu Fishy\n|\n|upkeep\n|turn|9\n|\n|t:|1699662809\n|move|p2a: Tapu Fishy|Ice Beam|p1a: Landorus\n|-supereffective|p1a: Landorus\n|-damage|p1a: Landorus|0 fnt\n|faint|p1a: Landorus\n|\n|upkeep\n|c|\u2606TheYoungInfinite|Noooooooo\n|\n|t:|1699662825\n|switch|p1a: Appletun|Appletun, M, tera:Steel|100\/100\n|turn|10\n|j| DuxPraetorRex\n|\n|t:|1699662853\n|switch|p2a: Beary|Ursaluna-Bloodmoon, M, tera:Normal|59\/100\n|move|p1a: Appletun|Leech Seed|p2a: Beary\n|-start|p2a: Beary|move: Leech Seed\n|\n|-heal|p2a: Beary|65\/100|[from] item: Leftovers\n|-damage|p2a: Beary|53\/100|[from] Leech Seed|[of] p1a: Appletun\n|upkeep\n|turn|11\n|\n|t:|1699662865\n|move|p1a: Appletun|Protect|p1a: Appletun\n|-singleturn|p1a: Appletun|Protect\n|move|p2a: Beary|Moonlight|p2a: Beary\n|-heal|p2a: Beary|100\/100\n|\n|-damage|p2a: Beary|88\/100|[from] Leech Seed|[of] p1a: Appletun\n|-fieldend|Misty Terrain\n|upkeep\n|turn|12\n|\n|t:|1699662883\n|switch|p1a: Charizard|Charizard, F|100\/100\n|move|p2a: Beary|Calm Mind|p2a: Beary\n|-boost|p2a: Beary|spa|1\n|-boost|p2a: Beary|spd|1\n|\n|-heal|p2a: Beary|94\/100|[from] item: Leftovers\n|-damage|p2a: Beary|82\/100|[from] Leech Seed|[of] p1a: Charizard\n|upkeep\n|turn|13\n|j| riri_33\n|\n|t:|1699662894\n|detailschange|p1a: Charizard|Charizard-Mega-Y, F\n|-mega|p1a: Charizard|Charizard|Charizardite Y\n|-weather|SunnyDay|[from] ability: Drought|[of] p1a: Charizard\n|move|p1a: Charizard|Fire Blast|p2a: Beary|[miss]\n|-miss|p1a: Charizard|p2a: Beary\n|move|p2a: Beary|Blood Moon|p1a: Charizard\n|-damage|p1a: Charizard|0 fnt\n|faint|p1a: Charizard\n|\n|-weather|SunnyDay|[upkeep]\n|-heal|p2a: Beary|88\/100|[from] item: Leftovers\n|upkeep\n|c|\u2606TheYoungInfinite|UGH\n|\n|t:|1699662914\n|switch|p1a: Appletun|Appletun, M, tera:Steel|100\/100\n|turn|14\n|c|\u2606Chris Issun|I see now why this mon is a problem\n|\n|t:|1699662924\n|move|p2a: Beary|Earth Power|p1a: Appletun\n|-supereffective|p1a: Appletun\n|-damage|p1a: Appletun|0 fnt\n|faint|p1a: Appletun\n|\n|-weather|SunnyDay|[upkeep]\n|-heal|p2a: Beary|94\/100|[from] item: Leftovers\n|upkeep\n|\n|t:|1699662932\n|switch|p1a: Coalossal|Coalossal, F|100\/100\n|turn|15\n|\n|t:|1699662945\n|move|p2a: Beary|Earth Power|p1a: Coalossal\n|-supereffective|p1a: Coalossal\n|-damage|p1a: Coalossal|0 fnt\n|faint|p1a: Coalossal\n|\n|-weather|SunnyDay|[upkeep]\n|-heal|p2a: Beary|99\/100|[from] item: Leftovers\n|upkeep\n|\n|t:|1699662953\n|switch|p1a: Lapras|Lapras, F|100\/100\n|turn|16\n|\n|t:|1699662958\n|move|p1a: Lapras|Waterfall|p2a: Beary\n|-damage|p2a: Beary|88\/100\n|move|p2a: Beary|Blood Moon|p1a: Lapras\n|-crit|p1a: Lapras\n|-damage|p1a: Lapras|0 fnt\n|faint|p1a: Lapras\n|\n|-weather|SunnyDay|[upkeep]\n|-heal|p2a: Beary|94\/100|[from] item: Leftovers\n|upkeep\n|\n|t:|1699662966\n|switch|p1a: Indeedee|Indeedee-F, F|100\/100\n|-fieldstart|move: Psychic Terrain|[from] ability: Psychic Surge|[of] p1a: Indeedee\n|turn|17\n|\n|t:|1699662974\n|move|p1a: Indeedee|Expanding Force|p2a: Beary\n|-damage|p2a: Beary|37\/100\n|move|p2a: Beary|Earth Power|p1a: Indeedee\n|-damage|p1a: Indeedee|26\/100\n|\n|-weather|none\n|-heal|p2a: Beary|43\/100|[from] item: Leftovers\n|-damage|p2a: Beary|31\/100|[from] Leech Seed|[of] p1a: Indeedee\n|-heal|p1a: Indeedee|42\/100|[silent]\n|upkeep\n|turn|18\n|\n|t:|1699662985\n|move|p1a: Indeedee|Expanding Force|p2a: Beary\n|-damage|p2a: Beary|0 fnt\n|faint|p2a: Beary\n|\n|upkeep\n|c|\u2606TheYoungInfinite|Lol Indeedee sweep?\n|\n|t:|1699663004\n|switch|p2a: Tapu Fishy|Tapu Fini|100\/100\n|-fieldstart|move: Misty Terrain|[from] ability: Misty Surge|[of] p2a: Tapu Fishy\n|turn|19\n|\n|t:|1699663019\n|move|p2a: Tapu Fishy|Moonblast|p1a: Indeedee\n|-damage|p1a: Indeedee|0 fnt\n|faint|p1a: Indeedee\n|\n|win|Chris Issun\n|c|\u2606Chris Issun|gg\n","uploadtime":1699663034,"views":21,"p1id":"theyounginfinite","p2id":"chrisissun","formatid":"gen9nationaldexubers","rating":0,"private":0,"password":""}