{"id":"gen9nationaldexubers-1990382637","p1":"85792195wwww","p2":"DD Breaker","format":"[Gen 9] National Dex Ubers","log":"|j|\u260685792195wwww\n|j|\u2606DD Breaker\n|t:|1699964941\n|gametype|singles\n|player|p1|85792195wwww|mira|1468\n|player|p2|DD Breaker|falkner|1505\n|teamsize|p1|6\n|teamsize|p2|6\n|gen|9\n|tier|[Gen 9] National Dex Ubers\n|rated|\n|rule|HP Percentage Mod: HP is shown in percentages\n|rule|Endless Battle Clause: Forcing endless battles is banned\n|rule|OHKO Clause: OHKO moves are banned\n|rule|Evasion Moves Clause: Evasion moves are banned\n|rule|Evasion Items Clause: Evasion items are banned\n|rule|Species Clause: Limit one of each Pok\u00e9mon\n|rule|Sleep Clause Mod: Limit one foe put to sleep\n|rule|Mega Rayquaza Clause: You cannot mega evolve Rayquaza\n|clearpoke\n|poke|p1|Xerneas-*|\n|poke|p1|Arceus-Rock|\n|poke|p1|Deoxys-Speed|\n|poke|p1|Ogerpon-Hearthflame, F|\n|poke|p1|Groudon|\n|poke|p1|Rayquaza|\n|poke|p2|Deoxys-Speed|\n|poke|p2|Lugia|\n|poke|p2|Dialga|\n|poke|p2|Zekrom|\n|poke|p2|Arceus|\n|poke|p2|Giratina|\n|teampreview\n|\n|t:|1699964960\n|start\n|switch|p1a: Deoxys|Deoxys-Speed|100\/100\n|switch|p2a: Speed Deity|Deoxys-Speed|100\/100\n|-ability|p2a: Speed Deity|Pressure\n|-ability|p1a: Deoxys|Pressure\n|turn|1\n|\n|t:|1699964970\n|move|p2a: Speed Deity|Taunt|p1a: Deoxys\n|-start|p1a: Deoxys|move: Taunt\n|move|p1a: Deoxys|Fling|p2a: Speed Deity\n|-supereffective|p2a: Speed Deity\n|-damage|p2a: Speed Deity|89\/100\n|-status|p2a: Speed Deity|par\n|-enditem|p1a: Deoxys|Light Ball|[from] move: Fling\n|\n|upkeep\n|turn|2\n|\n|t:|1699964980\n|switch|p1a: Arceus|Arceus-Rock|100\/100\n|cant|p2a: Speed Deity|par\n|\n|upkeep\n|turn|3\n|c|\u2606DD Breaker|lmao\n|c|\u2606DD Breaker|cool\n|\n|t:|1699964986\n|move|p1a: Arceus|Calm Mind|p1a: Arceus\n|-boost|p1a: Arceus|spa|1\n|-boost|p1a: Arceus|spd|1\n|move|p2a: Speed Deity|Spikes|p1a: Arceus\n|-sidestart|p1: 85792195wwww|Spikes\n|\n|upkeep\n|turn|4\n|\n|t:|1699964993\n|switch|p2a: Doodyhead|Giratina|100\/100\n|-ability|p2a: Doodyhead|Pressure\n|move|p1a: Arceus|Taunt|p2a: Doodyhead\n|-start|p2a: Doodyhead|move: Taunt\n|\n|upkeep\n|turn|5\n|\n|t:|1699965001\n|move|p1a: Arceus|Judgment|p2a: Doodyhead\n|-damage|p2a: Doodyhead|48\/100\n|move|p2a: Doodyhead|Shadow Ball|p1a: Arceus\n|-damage|p1a: Arceus|81\/100\n|\n|-heal|p2a: Doodyhead|54\/100|[from] item: Leftovers\n|upkeep\n|turn|6\n|\n|t:|1699965011\n|switch|p2a: Wind Deity|Lugia|100\/100\n|move|p1a: Arceus|Calm Mind|p1a: Arceus\n|-boost|p1a: Arceus|spa|1\n|-boost|p1a: Arceus|spd|1\n|\n|upkeep\n|turn|7\n|\n|t:|1699965017\n|move|p1a: Arceus|Taunt|p2a: Wind Deity\n|-start|p2a: Wind Deity|move: Taunt\n|cant|p2a: Wind Deity|move: Taunt|Toxic\n|\n|upkeep\n|turn|8\n|\n|t:|1699965023\n|move|p1a: Arceus|Judgment|p2a: Wind Deity\n|-supereffective|p2a: Wind Deity\n|-damage|p2a: Wind Deity|30\/100\n|move|p2a: Wind Deity|Ice Beam|p1a: Arceus\n|-damage|p1a: Arceus|74\/100\n|\n|-heal|p2a: Wind Deity|36\/100|[from] item: Leftovers\n|upkeep\n|turn|9\n|c|\u2606DD Breaker|ohh\n|c|\u2606DD Breaker|right\n|c|\u2606DD Breaker|rock\n|c|\u2606DD Breaker|not ground\n|\n|t:|1699965034\n|switch|p2a: Time Deity|Dialga|100\/100\n|-ability|p2a: Time Deity|Pressure\n|move|p1a: Arceus|Judgment|p2a: Time Deity\n|-resisted|p2a: Time Deity\n|-damage|p2a: Time Deity|53\/100\n|\n|upkeep\n|turn|10\n|c|\u2606DD Breaker|whoopsy\n|\n|t:|1699965043\n|move|p1a: Arceus|Earth Power|p2a: Time Deity\n|-supereffective|p2a: Time Deity\n|-enditem|p2a: Time Deity|Shuca Berry|[eat]\n|-enditem|p2a: Time Deity|Shuca Berry|[weaken]\n|-damage|p2a: Time Deity|5\/100\n|move|p2a: Time Deity|Flash Cannon|p1a: Arceus\n|-supereffective|p1a: Arceus\n|-damage|p1a: Arceus|32\/100\n|\n|upkeep\n|turn|11\n|\n|t:|1699965052\n|move|p1a: Arceus|Judgment|p2a: Time Deity\n|-resisted|p2a: Time Deity\n|-damage|p2a: Time Deity|0 fnt\n|faint|p2a: Time Deity\n|\n|upkeep\n|\n|t:|1699965054\n|switch|p2a: Deity|Arceus|100\/100\n|turn|12\n|\n|t:|1699965061\n|-terastallize|p2a: Deity|Normal\n|move|p1a: Arceus|Judgment|p2a: Deity\n|-damage|p2a: Deity|14\/100\n|move|p2a: Deity|Swords Dance|p2a: Deity\n|-boost|p2a: Deity|atk|2\n|\n|-heal|p2a: Deity|21\/100|[from] item: Leftovers\n|upkeep\n|turn|13\n|\n|t:|1699965072\n|move|p2a: Deity|Extreme Speed|p1a: Arceus\n|-resisted|p1a: Arceus\n|-damage|p1a: Arceus|0 fnt\n|faint|p1a: Arceus\n|\n|-heal|p2a: Deity|27\/100|[from] item: Leftovers\n|upkeep\n|\n|t:|1699965080\n|switch|p1a: Rayquaza|Rayquaza|100\/100\n|-ability|p1a: Rayquaza|Air Lock\n|turn|14\n|\n|t:|1699965086\n|-terastallize|p1a: Rayquaza|Ghost\n|move|p2a: Deity|Extreme Speed|p1a: Rayquaza\n|-immune|p1a: Rayquaza\n|move|p1a: Rayquaza|Scale Shot|p2a: Deity\n|-damage|p2a: Deity|14\/100\n|-damage|p2a: Deity|1\/100\n|-crit|p2a: Deity\n|-damage|p2a: Deity|0 fnt\n|faint|p2a: Deity\n|-hitcount|p2: Deity|3\n|-unboost|p1a: Rayquaza|def|1\n|-boost|p1a: Rayquaza|spe|1\n|-damage|p1a: Rayquaza|91\/100|[from] item: Life Orb\n|\n|upkeep\n|\n|t:|1699965093\n|switch|p2a: Wind Deity|Lugia|36\/100\n|turn|15\n|c|\u2606DD Breaker|huge\n|\n|t:|1699965104\n|move|p2a: Wind Deity|Protect|p2a: Wind Deity\n|-singleturn|p2a: Wind Deity|Protect\n|move|p1a: Rayquaza|Dragon Ascent|p2a: Wind Deity\n|-activate|p2a: Wind Deity|move: Protect\n|\n|-heal|p2a: Wind Deity|42\/100|[from] item: Leftovers\n|upkeep\n|turn|16\n|\n|t:|1699965113\n|move|p1a: Rayquaza|Dragon Ascent|p2a: Wind Deity\n|-damage|p2a: Wind Deity|0 fnt\n|-unboost|p1a: Rayquaza|def|1\n|-unboost|p1a: Rayquaza|spd|1\n|faint|p2a: Wind Deity\n|-damage|p1a: Rayquaza|81\/100|[from] item: Life Orb\n|\n|upkeep\n|\n|t:|1699965117\n|switch|p2a: Bolt Deity|Zekrom|100\/100\n|-ability|p2a: Bolt Deity|Teravolt\n|turn|17\n|\n|t:|1699965125\n|move|p1a: Rayquaza|Earthquake|p2a: Bolt Deity\n|-supereffective|p2a: Bolt Deity\n|-damage|p2a: Bolt Deity|14\/100\n|-damage|p1a: Rayquaza|71\/100|[from] item: Life Orb\n|move|p2a: Bolt Deity|Bolt Strike|p1a: Rayquaza\n|-damage|p1a: Rayquaza|0 fnt\n|faint|p1a: Rayquaza\n|\n|upkeep\n|\n|t:|1699965145\n|switch|p1a: Ogerpon|Ogerpon-Hearthflame, F|100\/100\n|-damage|p1a: Ogerpon|88\/100|[from] Spikes\n|-ability|p1a: Ogerpon|Mold Breaker\n|turn|18\n|\n|t:|1699965151\n|move|p1a: Ogerpon|Ivy Cudgel|p2a: Bolt Deity|[anim] Ivy Cudgel Fire\n|-resisted|p2a: Bolt Deity\n|-damage|p2a: Bolt Deity|0 fnt\n|faint|p2a: Bolt Deity\n|\n|upkeep\n|\n|t:|1699965153\n|switch|p2a: Doodyhead|Giratina|54\/100\n|-ability|p2a: Doodyhead|Pressure\n|turn|19\n|\n|t:|1699965160\n|move|p1a: Ogerpon|Taunt|p2a: Doodyhead\n|-start|p2a: Doodyhead|move: Taunt\n|move|p2a: Doodyhead|Shadow Ball|p1a: Ogerpon\n|-damage|p1a: Ogerpon|40\/100\n|\n|-heal|p2a: Doodyhead|60\/100|[from] item: Leftovers\n|upkeep\n|turn|20\n|\n|t:|1699965171\n|switch|p1a: Deoxys|Deoxys-Speed|100\/100\n|-damage|p1a: Deoxys|88\/100|[from] Spikes\n|-ability|p1a: Deoxys|Pressure\n|move|p2a: Doodyhead|Shadow Ball|p1a: Deoxys\n|-supereffective|p1a: Deoxys\n|-damage|p1a: Deoxys|0 fnt\n|faint|p1a: Deoxys\n|\n|-heal|p2a: Doodyhead|67\/100|[from] item: Leftovers\n|upkeep\n|\n|t:|1699965183\n|switch|p1a: Xerneas|Xerneas|100\/100\n|-damage|p1a: Xerneas|88\/100|[from] Spikes\n|-ability|p1a: Xerneas|Fairy Aura\n|turn|21\n|\n|t:|1699965190\n|move|p1a: Xerneas|Geomancy||[still]\n|-prepare|p1a: Xerneas|Geomancy\n|-enditem|p1a: Xerneas|Power Herb\n|-anim|p1a: Xerneas|Geomancy|p1a: Xerneas\n|-boost|p1a: Xerneas|spa|2\n|-boost|p1a: Xerneas|spd|2\n|-boost|p1a: Xerneas|spe|2\n|move|p2a: Doodyhead|Shadow Ball|p1a: Xerneas\n|-damage|p1a: Xerneas|71\/100\n|-unboost|p1a: Xerneas|spd|1\n|\n|-heal|p2a: Doodyhead|73\/100|[from] item: Leftovers\n|-end|p2a: Doodyhead|move: Taunt\n|upkeep\n|turn|22\n|\n|t:|1699965204\n|move|p1a: Xerneas|Moonblast|p2a: Doodyhead\n|-supereffective|p2a: Doodyhead\n|-damage|p2a: Doodyhead|0 fnt\n|faint|p2a: Doodyhead\n|\n|upkeep\n|\n|t:|1699965206\n|switch|p2a: Speed Deity|Deoxys-Speed|89\/100 par\n|-ability|p2a: Speed Deity|Pressure\n|turn|23\n|\n|t:|1699965213\n|move|p1a: Xerneas|Moonblast|p2a: Speed Deity\n|-damage|p2a: Speed Deity|0 fnt\n|faint|p2a: Speed Deity\n|\n|win|85792195wwww\n|raw|85792195wwww's rating: 1468 &rarr; <strong>1490<\/strong><br \/>(+22 for winning)\n|raw|DD Breaker's rating: 1505 &rarr; <strong>1483<\/strong><br \/>(-22 for losing)\n|c|\u2606DD Breaker|gg\n|l|\u2606DD Breaker\n","uploadtime":1699965223,"views":6,"p1id":"85792195wwww","p2id":"ddbreaker","formatid":"gen9nationaldexubers","rating":1483,"private":0,"password":""}