{"id":"gen9nationaldexubers-1991299330","p1":"comee_goblin55","p2":"JustMonika_CARR","format":"[Gen 9] National Dex Ubers","log":"|j|\u2606comee_goblin55\n|j|\u2606JustMonika_CARR\n|t:|1700065492\n|gametype|singles\n|player|p1|comee_goblin55|265|1563\n|player|p2|JustMonika_CARR|rosa|1471\n|teamsize|p1|6\n|teamsize|p2|6\n|gen|9\n|tier|[Gen 9] National Dex Ubers\n|rated|\n|rule|HP Percentage Mod: HP is shown in percentages\n|rule|Endless Battle Clause: Forcing endless battles is banned\n|rule|OHKO Clause: OHKO moves are banned\n|rule|Evasion Moves Clause: Evasion moves are banned\n|rule|Evasion Items Clause: Evasion items are banned\n|rule|Species Clause: Limit one of each Pok\u00e9mon\n|rule|Sleep Clause Mod: Limit one foe put to sleep\n|rule|Mega Rayquaza Clause: You cannot mega evolve Rayquaza\n|clearpoke\n|poke|p1|Arceus|\n|poke|p1|Marshadow|\n|poke|p1|Yveltal|\n|poke|p1|Xerneas-*|\n|poke|p1|Groudon|\n|poke|p1|Ho-Oh|\n|poke|p2|Marshadow|\n|poke|p2|Lopunny, F|\n|poke|p2|Dialga|\n|poke|p2|Forretress, F|\n|poke|p2|Pheromosa|\n|poke|p2|Grimmsnarl, M|\n|teampreview\n|inactive|Battle timer is ON: inactive players will automatically lose when time's up. (requested by comee_goblin55)\n|\n|t:|1700065499\n|start\n|switch|p1a: Groudon|Groudon|100\/100\n|switch|p2a: Forretress|Forretress, F, shiny|100\/100\n|detailschange|p1a: Groudon|Groudon-Primal\n|-primal|p1a: Groudon|Red Orb\n|-weather|DesolateLand|[from] ability: Desolate Land|[of] p1a: Groudon\n|turn|1\n|c|\u2606JustMonika_CARR|Glhf\n|\n|t:|1700065511\n|move|p1a: Groudon|Thunder Wave|p2a: Forretress\n|-status|p2a: Forretress|par\n|cant|p2a: Forretress|par\n|\n|-weather|DesolateLand|[upkeep]\n|upkeep\n|turn|2\n|\n|t:|1700065519\n|move|p1a: Groudon|Overheat|p2a: Forretress\n|-supereffective|p2a: Forretress\n|-ability|p2a: Forretress|Sturdy\n|-damage|p2a: Forretress|1\/100 par\n|-unboost|p1a: Groudon|spa|2\n|-enditem|p2a: Forretress|Red Card|[of] p1a: Groudon\n|-weather|none\n|drag|p1a: Marshadow|Marshadow|100\/100\n|move|p2a: Forretress|Toxic Spikes|p1a: Marshadow\n|-sidestart|p1: comee_goblin55|move: Toxic Spikes\n|\n|upkeep\n|turn|3\n|\n|t:|1700065536\n|move|p1a: Marshadow|Low Kick|p2a: Forretress\n|-damage|p2a: Forretress|0 fnt\n|faint|p2a: Forretress\n|\n|upkeep\n|\n|t:|1700065543\n|switch|p2a: Lopunny|Lopunny, F, shiny|100\/100\n|turn|4\n|\n|t:|1700065554\n|detailschange|p2a: Lopunny|Lopunny-Mega, F, shiny\n|-mega|p2a: Lopunny|Lopunny|Lopunnite\n|move|p2a: Lopunny|Fake Out|p1a: Marshadow\n|-damage|p1a: Marshadow|74\/100\n|cant|p1a: Marshadow|flinch\n|\n|upkeep\n|turn|5\n|\n|t:|1700065564\n|move|p2a: Lopunny|Close Combat|p1a: Marshadow\n|-damage|p1a: Marshadow|0 fnt\n|-unboost|p2a: Lopunny|def|1\n|-unboost|p2a: Lopunny|spd|1\n|faint|p1a: Marshadow\n|\n|upkeep\n|\n|t:|1700065571\n|switch|p1a: Yveltal|Yveltal|100\/100\n|-ability|p1a: Yveltal|Dark Aura\n|turn|6\n|\n|t:|1700065577\n|switch|p2a: Grimmsnarl|Grimmsnarl, M, shiny|100\/100\n|move|p1a: Yveltal|Dark Pulse|p2a: Grimmsnarl\n|-resisted|p2a: Grimmsnarl\n|-damage|p2a: Grimmsnarl|85\/100\n|\n|-heal|p2a: Grimmsnarl|91\/100|[from] item: Leftovers\n|upkeep\n|turn|7\n|\n|t:|1700065594\n|move|p2a: Grimmsnarl|Light Screen|p2a: Grimmsnarl\n|-sidestart|p2: JustMonika_CARR|move: Light Screen\n|move|p1a: Yveltal|Taunt|p2a: Grimmsnarl\n|-start|p2a: Grimmsnarl|move: Taunt\n|\n|-heal|p2a: Grimmsnarl|97\/100|[from] item: Leftovers\n|upkeep\n|turn|8\n|\n|t:|1700065603\n|move|p1a: Yveltal|Substitute|p1a: Yveltal\n|-start|p1a: Yveltal|Substitute\n|-damage|p1a: Yveltal|75\/100\n|move|p2a: Grimmsnarl|Spirit Break|p1a: Yveltal\n|-supereffective|p1a: Yveltal\n|-end|p1a: Yveltal|Substitute\n|\n|-heal|p2a: Grimmsnarl|100\/100|[from] item: Leftovers\n|upkeep\n|turn|9\n|\n|t:|1700065624\n|switch|p1a: Ho-Oh|Ho-Oh|100\/100\n|move|p2a: Grimmsnarl|Spirit Break|p1a: Ho-Oh\n|-resisted|p1a: Ho-Oh\n|-damage|p1a: Ho-Oh|86\/100\n|-unboost|p1a: Ho-Oh|spa|1\n|\n|upkeep\n|turn|10\n|\n|t:|1700065641\n|switch|p2a: Marshadow|Marshadow|100\/100\n|move|p1a: Ho-Oh|Defog|p2a: Marshadow\n|-unboost|p2a: Marshadow|evasion|1\n|-sideend|p2: JustMonika_CARR|move: Light Screen\n|-sideend|p1: comee_goblin55|Toxic Spikes|[from] move: Defog|[of] p1a: Ho-Oh\n|\n|upkeep\n|turn|11\n|inactive|JustMonika_CARR has 120 seconds left.\n|\n|t:|1700065657\n|move|p2a: Marshadow|Rock Tomb|p1a: Ho-Oh\n|-supereffective|p1a: Ho-Oh\n|-damage|p1a: Ho-Oh|0 fnt\n|faint|p1a: Ho-Oh\n|\n|upkeep\n|\n|t:|1700065665\n|switch|p1a: Yveltal|Yveltal|75\/100\n|-ability|p1a: Yveltal|Dark Aura\n|turn|12\n|\n|t:|1700065678\n|switch|p2a: Grimmsnarl|Grimmsnarl, M, shiny|100\/100\n|-zpower|p1a: Yveltal\n|move|p1a: Yveltal|Black Hole Eclipse|p2a: Grimmsnarl|[zeffect]\n|-resisted|p2a: Grimmsnarl\n|-damage|p2a: Grimmsnarl|68\/100\n|\n|-heal|p2a: Grimmsnarl|74\/100|[from] item: Leftovers\n|upkeep\n|turn|13\n|inactive|JustMonika_CARR has 120 seconds left.\n|\n|t:|1700065695\n|move|p1a: Yveltal|Taunt|p2a: Grimmsnarl\n|-start|p2a: Grimmsnarl|move: Taunt\n|move|p2a: Grimmsnarl|Spirit Break|p1a: Yveltal\n|-supereffective|p1a: Yveltal\n|-damage|p1a: Yveltal|24\/100\n|-unboost|p1a: Yveltal|spa|1\n|\n|-heal|p2a: Grimmsnarl|80\/100|[from] item: Leftovers\n|upkeep\n|turn|14\n|inactive|JustMonika_CARR has 120 seconds left.\n|\n|t:|1700065716\n|switch|p1a: Xerneas|Xerneas|100\/100\n|-ability|p1a: Xerneas|Fairy Aura\n|move|p2a: Grimmsnarl|Spirit Break|p1a: Xerneas\n|-crit|p1a: Xerneas\n|-damage|p1a: Xerneas|38\/100\n|-unboost|p1a: Xerneas|spa|1\n|\n|-heal|p2a: Grimmsnarl|87\/100|[from] item: Leftovers\n|upkeep\n|turn|15\n|\n|t:|1700065741\n|switch|p2a: Dialga|Dialga, shiny|100\/100\n|-ability|p2a: Dialga|Pressure\n|move|p1a: Xerneas|Moonblast|p2a: Dialga\n|-damage|p2a: Dialga|52\/100\n|\n|upkeep\n|turn|16\n|\n|t:|1700065757\n|move|p2a: Dialga|Earth Power|p1a: Xerneas\n|-damage|p1a: Xerneas|6\/100\n|move|p1a: Xerneas|Moonblast|p2a: Dialga\n|-damage|p2a: Dialga|6\/100\n|\n|upkeep\n|turn|17\n|inactive|JustMonika_CARR has 90 seconds left.\n|\n|t:|1700065779\n|move|p2a: Dialga|Earth Power|p1a: Xerneas\n|-damage|p1a: Xerneas|0 fnt\n|faint|p1a: Xerneas\n|\n|upkeep\n|\n|t:|1700065787\n|switch|p1a: Arceus|Arceus|100\/100\n|turn|18\n|l|\u2606JustMonika_CARR\n|inactive|JustMonika_CARR disconnected and has a minute to reconnect!\n|player|p2|\n|j|\u2606JustMonika_CARR\n|inactive|JustMonika_CARR reconnected and has 80 seconds left.\n|player|p2|JustMonika_CARR|rosa\n|\n|t:|1700065817\n|move|p2a: Dialga|Earth Power|p1a: Arceus\n|-damage|p1a: Arceus|76\/100\n|move|p1a: Arceus|Swords Dance|p1a: Arceus\n|-boost|p1a: Arceus|atk|2\n|\n|upkeep\n|turn|19\n|\n|t:|1700065824\n|switch|p2a: Marshadow|Marshadow|100\/100\n|move|p1a: Arceus|Extreme Speed|p2a: Marshadow\n|-immune|p2a: Marshadow\n|\n|upkeep\n|turn|20\n|\n|t:|1700065831\n|-terastallize|p1a: Arceus|Ghost\n|move|p2a: Marshadow|Spectral Thief||[still]\n|-clearpositiveboost|p1a: Arceus|p2a: Marshadow|move: Spectral Thief\n|-boost|p2a: Marshadow|atk|2\n|-anim|p2a: Marshadow|Spectral Thief|p1a: Arceus\n|-supereffective|p1a: Arceus\n|-damage|p1a: Arceus|0 fnt\n|faint|p1a: Arceus\n|\n|upkeep\n|l|\u2606comee_goblin55\n|inactive|comee_goblin55 disconnected and has a minute to reconnect!\n|player|p1|\n|c|\u2606JustMonika_CARR|YAAAAAY GREAT READ ON MY PART\n|inactive|comee_goblin55 has 30 seconds to reconnect!\n|inactive|comee_goblin55 has 20 seconds to reconnect!\n|inactive|comee_goblin55 has 15 seconds to reconnect!\n|inactive|comee_goblin55 has 10 seconds to reconnect!\n|inactive|comee_goblin55 has 5 seconds to reconnect!\n|-message|comee_goblin55 lost due to inactivity.\n|\n|win|JustMonika_CARR\n|raw|comee_goblin55's rating: 1563 &rarr; <strong>1538<\/strong><br \/>(-25 for losing)\n|raw|JustMonika_CARR's rating: 1471 &rarr; <strong>1496<\/strong><br \/>(+25 for winning)\n","uploadtime":1700065926,"views":10,"p1id":"comeegoblin55","p2id":"justmonikacarr","formatid":"gen9nationaldexubers","rating":1496,"private":0,"password":""}