{"id":"gen9nationaldexubers-1989361660","p1":"meteorbower","p2":"flungusdungus","format":"[Gen 9] National Dex Ubers","log":"|j|\u2606meteorbower\n|j|\u2606flungusdungus\n|t:|1699840774\n|gametype|singles\n|player|p1|meteorbower|archie-gen3|\n|player|p2|flungusdungus|clown|\n|teamsize|p1|6\n|teamsize|p2|6\n|gen|9\n|tier|[Gen 9] National Dex Ubers\n|rule|HP Percentage Mod: HP is shown in percentages\n|rule|Endless Battle Clause: Forcing endless battles is banned\n|rule|OHKO Clause: OHKO moves are banned\n|rule|Evasion Moves Clause: Evasion moves are banned\n|rule|Evasion Items Clause: Evasion items are banned\n|rule|Species Clause: Limit one of each Pok\u00e9mon\n|rule|Sleep Clause Mod: Limit one foe put to sleep\n|rule|Mega Rayquaza Clause: You cannot mega evolve Rayquaza\n|clearpoke\n|poke|p1|Keldeo|\n|poke|p1|Blastoise, M|\n|poke|p1|Slurpuff, F|\n|poke|p1|Sylveon, F|\n|poke|p1|Duraludon, F|\n|poke|p1|Conkeldurr, M|\n|poke|p2|Stunfisk-Galar, M|\n|poke|p2|Espeon, M|\n|poke|p2|Keldeo-Resolute|\n|poke|p2|Weezing, M|\n|poke|p2|Conkeldurr, M|\n|poke|p2|Tyrantrum, M|\n|teampreview\n|c|\u2606meteorbower|glhf pt. 2!\n|c|\u2606flungusdungus|ghlf\n|\n|t:|1699840812\n|start\n|switch|p1a: Dual Round|Duraludon, F|100\/100\n|switch|p2a: FUCKING T REX|Tyrantrum, M|100\/100\n|turn|1\n|\n|t:|1699840825\n|switch|p2a: SAW|Stunfisk-Galar, M|100\/100\n|move|p1a: Dual Round|Stealth Rock|p2a: SAW\n|-sidestart|p2: flungusdungus|move: Stealth Rock\n|\n|upkeep\n|turn|2\n|\n|t:|1699840844\n|switch|p1a: Older Crunk|Conkeldurr, M|100\/100\n|move|p2a: SAW|Thunder Wave|p1a: Older Crunk\n|-status|p1a: Older Crunk|par\n|\n|upkeep\n|turn|3\n|\n|t:|1699840870\n|switch|p2a: ass|Weezing, M|100\/100\n|move|p1a: Older Crunk|Knock Off|p2a: ass\n|-damage|p2a: ass|57\/100\n|-enditem|p2a: ass|Heavy-Duty Boots|[from] move: Knock Off|[of] p1a: Older Crunk\n|\n|upkeep\n|turn|4\n|\n|t:|1699840902\n|move|p2a: ass|Sludge Wave|p1a: Older Crunk\n|-damage|p1a: Older Crunk|64\/100 par\n|cant|p1a: Older Crunk|par\n|\n|upkeep\n|turn|5\n|c|\u2606meteorbower|F\n|\n|t:|1699840912\n|move|p2a: ass|Sludge Wave|p1a: Older Crunk\n|-damage|p1a: Older Crunk|22\/100 par\n|move|p1a: Older Crunk|Thunder Punch|p2a: ass\n|-crit|p2a: ass\n|-damage|p2a: ass|6\/100\n|\n|upkeep\n|turn|6\n|\n|t:|1699840917\n|switch|p1a: Dual Round|Duraludon, F|100\/100\n|move|p2a: ass|Sludge Wave|p1a: Dual Round\n|-immune|p1a: Dual Round\n|\n|upkeep\n|turn|7\n|\n|t:|1699840937\n|move|p1a: Dual Round|Thunderbolt|p2a: ass\n|-damage|p2a: ass|0 fnt\n|faint|p2a: ass\n|\n|upkeep\n|\n|t:|1699840961\n|switch|p2a: sneezler|Conkeldurr, M|100\/100\n|-damage|p2a: sneezler|94\/100|[from] Stealth Rock\n|turn|8\n|\n|t:|1699840976\n|switch|p1a: Older Crunk|Conkeldurr, M|22\/100 par\n|move|p2a: sneezler|Defog|p1a: Older Crunk\n|-unboost|p1a: Older Crunk|evasion|1\n|-sideend|p2: flungusdungus|Stealth Rock|[from] move: Defog|[of] p2a: sneezler\n|\n|upkeep\n|turn|9\n|\n|t:|1699840983\n|move|p2a: sneezler|Thunder Punch|p1a: Older Crunk\n|-damage|p1a: Older Crunk|0 fnt\n|faint|p1a: Older Crunk\n|-damage|p2a: sneezler|85\/100|[from] item: Life Orb\n|\n|upkeep\n|\n|t:|1699840991\n|switch|p1a: Ruff Plus|Slurpuff, F|100\/100\n|turn|10\n|\n|t:|1699841028\n|switch|p2a: SAW|Stunfisk-Galar, M|100\/100\n|move|p1a: Ruff Plus|Belly Drum|p1a: Ruff Plus\n|-damage|p1a: Ruff Plus|50\/100\n|-setboost|p1a: Ruff Plus|atk|6|[from] move: Belly Drum\n|-enditem|p1a: Ruff Plus|Sitrus Berry|[eat]\n|-heal|p1a: Ruff Plus|75\/100|[from] item: Sitrus Berry\n|\n|upkeep\n|turn|11\n|\n|t:|1699841044\n|move|p1a: Ruff Plus|Drain Punch|p2a: SAW\n|-supereffective|p2a: SAW\n|-damage|p2a: SAW|0 fnt\n|-heal|p1a: Ruff Plus|100\/100|[from] drain|[of] p2a: SAW\n|faint|p2a: SAW\n|\n|upkeep\n|\n|t:|1699841070\n|switch|p2a: FUCKING T REX|Tyrantrum, M|100\/100\n|turn|12\n|\n|t:|1699841086\n|move|p1a: Ruff Plus|Play Rough|p2a: FUCKING T REX\n|-supereffective|p2a: FUCKING T REX\n|-enditem|p2a: FUCKING T REX|Roseli Berry|[eat]\n|-enditem|p2a: FUCKING T REX|Roseli Berry|[weaken]\n|-damage|p2a: FUCKING T REX|0 fnt\n|faint|p2a: FUCKING T REX\n|\n|upkeep\n|c|\u2606flungusdungus|damn\n|\n|t:|1699841092\n|switch|p2a: breaking news|Espeon, M|100\/100\n|turn|13\n|c|\u2606meteorbower|roseli whomst\n|\n|t:|1699841097\n|move|p1a: Ruff Plus|Play Rough|p2a: breaking news\n|-crit|p2a: breaking news\n|-damage|p2a: breaking news|0 fnt\n|faint|p2a: breaking news\n|\n|upkeep\n|\n|t:|1699841102\n|switch|p2a: peter.|Keldeo-Resolute|100\/100\n|turn|14\n|\n|t:|1699841106\n|move|p1a: Ruff Plus|Play Rough|p2a: peter.\n|-supereffective|p2a: peter.\n|-damage|p2a: peter.|0 fnt\n|faint|p2a: peter.\n|\n|upkeep\n|\n|t:|1699841111\n|switch|p2a: sneezler|Conkeldurr, M|85\/100\n|turn|15\n|\n|t:|1699841114\n|move|p1a: Ruff Plus|Play Rough|p2a: sneezler\n|-supereffective|p2a: sneezler\n|-damage|p2a: sneezler|0 fnt\n|faint|p2a: sneezler\n|\n|win|meteorbower\n|c|\u2606flungusdungus|gg\n|c|\u2606meteorbower|gg\n","uploadtime":1699841119,"views":6,"p1id":"meteorbower","p2id":"flungusdungus","formatid":"gen9nationaldexubers","rating":0,"private":0,"password":""}