{"id":"gen9nationaldexubers-1992648740","p1":"weihanfei","p2":"NotGlitchXD","format":"[Gen 9] National Dex Ubers","log":"|j|\u2606weihanfei\n|j|\u2606NotGlitchXD\n|t:|1700220180\n|gametype|singles\n|player|p1|weihanfei|2|1339\n|player|p2|NotGlitchXD|backpackerf|1165\n|teamsize|p1|6\n|teamsize|p2|6\n|gen|9\n|tier|[Gen 9] National Dex Ubers\n|rated|\n|rule|HP Percentage Mod: HP is shown in percentages\n|rule|Endless Battle Clause: Forcing endless battles is banned\n|rule|OHKO Clause: OHKO moves are banned\n|rule|Evasion Moves Clause: Evasion moves are banned\n|rule|Evasion Items Clause: Evasion items are banned\n|rule|Species Clause: Limit one of each Pok\u00e9mon\n|rule|Sleep Clause Mod: Limit one foe put to sleep\n|rule|Mega Rayquaza Clause: You cannot mega evolve Rayquaza\n|clearpoke\n|poke|p1|Landorus, M|\n|poke|p1|Palkia|\n|poke|p1|Walking Wake|\n|poke|p1|Baxcalibur, F|\n|poke|p1|Solgaleo|\n|poke|p1|Darkrai|\n|poke|p2|Charizard, F|\n|poke|p2|Corviknight, F|\n|poke|p2|Quagsire, M|\n|poke|p2|Blissey, F|\n|poke|p2|Espathra, F|\n|poke|p2|Kyogre|\n|teampreview\n|inactive|Battle timer is ON: inactive players will automatically lose when time's up. (requested by weihanfei)\n|\n|t:|1700220199\n|start\n|switch|p1a: Landorus|Landorus, M|100\/100\n|switch|p2a: Quagsire|Quagsire, M|100\/100\n|turn|1\n|\n|t:|1700220206\n|move|p1a: Landorus|Earth Power|p2a: Quagsire\n|-damage|p2a: Quagsire|6\/100\n|move|p2a: Quagsire|Toxic|p1a: Landorus\n|-status|p1a: Landorus|tox\n|\n|-heal|p2a: Quagsire|12\/100|[from] item: Leftovers\n|-damage|p1a: Landorus|95\/100 tox|[from] psn\n|upkeep\n|turn|2\n|\n|t:|1700220216\n|move|p2a: Quagsire|Protect|p2a: Quagsire\n|-singleturn|p2a: Quagsire|Protect\n|move|p1a: Landorus|Focus Blast|p2a: Quagsire\n|-activate|p2a: Quagsire|move: Protect\n|\n|-heal|p2a: Quagsire|18\/100|[from] item: Leftovers\n|-damage|p1a: Landorus|83\/100 tox|[from] psn\n|upkeep\n|turn|3\n|\n|t:|1700220226\n|switch|p2a: Corviknight|Corviknight, F|100\/100\n|move|p1a: Landorus|Earth Power|p2a: Corviknight\n|-immune|p2a: Corviknight\n|\n|-damage|p1a: Landorus|65\/100 tox|[from] psn\n|upkeep\n|turn|4\n|\n|t:|1700220234\n|switch|p1a: Palkia|Palkia|100\/100\n|-ability|p1a: Palkia|Pressure\n|move|p2a: Corviknight|Agility|p2a: Corviknight\n|-boost|p2a: Corviknight|spe|2\n|\n|upkeep\n|turn|5\n|\n|t:|1700220243\n|move|p2a: Corviknight|Bulk Up|p2a: Corviknight\n|-boost|p2a: Corviknight|atk|1\n|-boost|p2a: Corviknight|def|1\n|move|p1a: Palkia|Fire Blast|p2a: Corviknight\n|-supereffective|p2a: Corviknight\n|-damage|p2a: Corviknight|15\/100\n|-status|p2a: Corviknight|brn\n|\n|-heal|p2a: Corviknight|21\/100 brn|[from] item: Leftovers\n|-damage|p2a: Corviknight|15\/100 brn|[from] brn\n|upkeep\n|turn|6\n|\n|t:|1700220253\n|move|p2a: Corviknight|Power Trip|p1a: Palkia\n|-damage|p1a: Palkia|85\/100\n|move|p1a: Palkia|Fire Blast|p2a: Corviknight\n|-supereffective|p2a: Corviknight\n|-damage|p2a: Corviknight|0 fnt\n|faint|p2a: Corviknight\n|\n|upkeep\n|\n|t:|1700220261\n|switch|p2a: Blissey|Blissey, F|100\/100\n|turn|7\n|\n|t:|1700220266\n|switch|p1a: Landorus|Landorus, M|65\/100 tox\n|move|p2a: Blissey|Wish|p2a: Blissey\n|\n|-damage|p1a: Landorus|59\/100 tox|[from] psn\n|upkeep\n|turn|8\n|\n|t:|1700220289\n|switch|p2a: Kyogre|Kyogre|100\/100\n|detailschange|p2a: Kyogre|Kyogre-Primal\n|-primal|p2a: Kyogre|Blue Orb\n|-weather|PrimordialSea|[from] ability: Primordial Sea|[of] p2a: Kyogre\n|move|p1a: Landorus|Nasty Plot|p1a: Landorus\n|-boost|p1a: Landorus|spa|2\n|\n|-weather|PrimordialSea|[upkeep]\n|-damage|p1a: Landorus|47\/100 tox|[from] psn\n|upkeep\n|turn|9\n|\n|t:|1700220300\n|move|p1a: Landorus|Earth Power|p2a: Kyogre\n|-damage|p2a: Kyogre|21\/100\n|move|p2a: Kyogre|Blizzard|p1a: Landorus\n|-supereffective|p1a: Landorus\n|-damage|p1a: Landorus|0 fnt\n|faint|p1a: Landorus\n|\n|-weather|PrimordialSea|[upkeep]\n|upkeep\n|\n|t:|1700220322\n|switch|p1a: Walking Wake|Walking Wake|100\/100\n|turn|10\n|\n|t:|1700220330\n|-weather|none\n|switch|p2a: Blissey|Blissey, F|100\/100\n|move|p1a: Walking Wake|Weather Ball|p2a: Blissey\n|-damage|p2a: Blissey|94\/100\n|\n|-heal|p2a: Blissey|99\/100|[from] item: Leftovers\n|upkeep\n|turn|11\n|\n|t:|1700220338\n|-end|p1a: Walking Wake|Protosynthesis|[silent]\n|switch|p1a: Solgaleo|Solgaleo|100\/100\n|move|p2a: Blissey|Wish|p2a: Blissey\n|\n|-heal|p2a: Blissey|100\/100|[from] item: Leftovers\n|upkeep\n|turn|12\n|\n|t:|1700220352\n|switch|p2a: Quagsire|Quagsire, M|18\/100\n|move|p1a: Solgaleo|Sunsteel Strike|p2a: Quagsire\n|-resisted|p2a: Quagsire\n|-crit|p2a: Quagsire\n|-damage|p2a: Quagsire|0 fnt\n|faint|p2a: Quagsire\n|\n|upkeep\n|\n|t:|1700220361\n|switch|p2a: Kyogre|Kyogre-Primal|21\/100\n|-weather|PrimordialSea|[from] ability: Primordial Sea|[of] p2a: Kyogre\n|turn|13\n|\n|t:|1700220370\n|-weather|none\n|switch|p2a: Blissey|Blissey, F|100\/100\n|move|p1a: Solgaleo|Sunsteel Strike|p2a: Blissey\n|-damage|p2a: Blissey|52\/100\n|\n|-heal|p2a: Blissey|58\/100|[from] item: Leftovers\n|upkeep\n|turn|14\n|\n|t:|1700220382\n|-terastallize|p1a: Solgaleo|Steel\n|move|p1a: Solgaleo|Sunsteel Strike|p2a: Blissey\n|-damage|p2a: Blissey|0 fnt\n|faint|p2a: Blissey\n|\n|upkeep\n|\n|t:|1700220390\n|switch|p2a: Charizard|Charizard, F|100\/100\n|turn|15\n|\n|t:|1700220394\n|switch|p1a: Baxcalibur|Baxcalibur, F|100\/100\n|move|p2a: Charizard|Substitute|p2a: Charizard\n|-start|p2a: Charizard|Substitute\n|-damage|p2a: Charizard|76\/100\n|\n|upkeep\n|turn|16\n|\n|t:|1700220410\n|move|p2a: Charizard|Belly Drum|p2a: Charizard\n|-damage|p2a: Charizard|26\/100\n|-setboost|p2a: Charizard|atk|6|[from] move: Belly Drum\n|move|p1a: Baxcalibur|Swords Dance|p1a: Baxcalibur\n|-boost|p1a: Baxcalibur|atk|2\n|\n|upkeep\n|turn|17\n|\n|t:|1700220421\n|move|p2a: Charizard|Acrobatics|p1a: Baxcalibur\n|-damage|p1a: Baxcalibur|14\/100\n|move|p1a: Baxcalibur|Scale Shot|p2a: Charizard\n|-end|p2a: Charizard|Substitute\n|-damage|p2a: Charizard|0 fnt\n|faint|p2a: Charizard\n|-hitcount|p2: Charizard|2\n|-unboost|p1a: Baxcalibur|def|1\n|-boost|p1a: Baxcalibur|spe|1\n|\n|upkeep\n|\n|t:|1700220434\n|switch|p2a: Espathra|Espathra, F|100\/100\n|turn|18\n|\n|t:|1700220442\n|move|p1a: Baxcalibur|Icicle Spear|p2a: Espathra\n|-damage|p2a: Espathra|76\/100\n|-damage|p2a: Espathra|50\/100\n|-damage|p2a: Espathra|26\/100\n|-damage|p2a: Espathra|2\/100\n|-hitcount|p2a: Espathra|4\n|move|p2a: Espathra|Calm Mind|p2a: Espathra\n|-boost|p2a: Espathra|spa|1\n|-boost|p2a: Espathra|spd|1\n|\n|-heal|p2a: Espathra|8\/100|[from] item: Leftovers\n|-ability|p2a: Espathra|Speed Boost|boost\n|-boost|p2a: Espathra|spe|1\n|upkeep\n|turn|19\n|\n|t:|1700220456\n|move|p1a: Baxcalibur|Scale Shot|p2a: Espathra\n|-damage|p2a: Espathra|0 fnt\n|faint|p2a: Espathra\n|-hitcount|p2: Espathra|1\n|-unboost|p1a: Baxcalibur|def|1\n|-boost|p1a: Baxcalibur|spe|1\n|\n|upkeep\n|\n|t:|1700220464\n|switch|p2a: Kyogre|Kyogre-Primal|21\/100\n|-weather|PrimordialSea|[from] ability: Primordial Sea|[of] p2a: Kyogre\n|turn|20\n|\n|t:|1700220475\n|move|p1a: Baxcalibur|Scale Shot|p2a: Kyogre\n|-damage|p2a: Kyogre|0 fnt\n|faint|p2a: Kyogre\n|-weather|none\n|-hitcount|p2: Kyogre|1\n|\n|win|weihanfei\n|raw|weihanfei's rating: 1339 &rarr; <strong>1350<\/strong><br \/>(+11 for winning)\n|raw|NotGlitchXD's rating: 1165 &rarr; <strong>1152<\/strong><br \/>(-13 for losing)\n","uploadtime":1700220482,"views":19,"p1id":"weihanfei","p2id":"notglitchxd","formatid":"gen9nationaldexubers","rating":1152,"private":0,"password":""}