{"id":"gen9nationaldexubers-1980871426","p1":"J0031","p2":"0100100001101001t","format":"[Gen 9] National Dex Ubers","log":"|j|\u2606J0031\n|j|\u26060100100001101001t\n|t:|1698844497\n|gametype|singles\n|player|p1|J0031|169|1142\n|player|p2|0100100001101001t|ninjaboy|1170\n|teamsize|p1|6\n|teamsize|p2|6\n|gen|9\n|tier|[Gen 9] National Dex Ubers\n|rated|\n|rule|HP Percentage Mod: HP is shown in percentages\n|rule|Endless Battle Clause: Forcing endless battles is banned\n|rule|OHKO Clause: OHKO moves are banned\n|rule|Evasion Moves Clause: Evasion moves are banned\n|rule|Evasion Items Clause: Evasion items are banned\n|rule|Species Clause: Limit one of each Pok\u00e9mon\n|rule|Sleep Clause Mod: Limit one foe put to sleep\n|rule|Mega Rayquaza Clause: You cannot mega evolve Rayquaza\n|clearpoke\n|poke|p1|Marshadow|\n|poke|p1|Greninja-*, F|\n|poke|p1|Mawile, F|\n|poke|p1|Regieleki|\n|poke|p1|Maushold-Four|\n|poke|p1|Pelipper, F|\n|poke|p2|Salamence, M|\n|poke|p2|Xerneas-*|\n|poke|p2|Ho-Oh|\n|poke|p2|Marshadow|\n|poke|p2|Groudon|\n|poke|p2|Urshifu-*, M|\n|teampreview\n|inactive|Battle timer is ON: inactive players will automatically lose when time's up. (requested by 0100100001101001t)\n|\n|t:|1698844510\n|start\n|switch|p1a: Regieleki|Regieleki|100\/100\n|switch|p2a: Groudon|Groudon|100\/100\n|detailschange|p2a: Groudon|Groudon-Primal\n|-primal|p2a: Groudon|Red Orb\n|-weather|DesolateLand|[from] ability: Desolate Land|[of] p2a: Groudon\n|turn|1\n|\n|t:|1698844523\n|switch|p1a: Pelipper|Pelipper, F|100\/100\n|-ability|p1a: Pelipper|Drizzle|[from] desolateland|[fail]\n|move|p2a: Groudon|Rock Polish|p2a: Groudon\n|-boost|p2a: Groudon|spe|2\n|\n|-weather|DesolateLand|[upkeep]\n|upkeep\n|turn|2\n|\n|t:|1698844531\n|move|p2a: Groudon|Solar Beam||[still]\n|-prepare|p2a: Groudon|Solar Beam\n|-anim|p2a: Groudon|Solar Beam|p1a: Pelipper\n|-damage|p1a: Pelipper|42\/100\n|move|p1a: Pelipper|Swagger|p2a: Groudon\n|-boost|p2a: Groudon|atk|2\n|-start|p2a: Groudon|confusion\n|\n|-weather|DesolateLand|[upkeep]\n|upkeep\n|turn|3\n|\n|t:|1698844541\n|-weather|none\n|switch|p2a: Ho-Oh|Ho-Oh|100\/100\n|move|p1a: Pelipper|Roost|p1a: Pelipper\n|-heal|p1a: Pelipper|92\/100\n|-singleturn|p1a: Pelipper|move: Roost\n|\n|upkeep\n|turn|4\n|\n|t:|1698844550\n|switch|p1a: Regieleki|Regieleki|100\/100\n|switch|p2a: Groudon|Groudon-Primal|100\/100\n|-weather|DesolateLand|[from] ability: Desolate Land|[of] p2a: Groudon\n|\n|-weather|DesolateLand|[upkeep]\n|upkeep\n|turn|5\n|\n|t:|1698844557\n|switch|p1a: Pelipper|Pelipper, F|92\/100\n|-ability|p1a: Pelipper|Drizzle|[from] desolateland|[fail]\n|move|p2a: Groudon|Rock Polish|p2a: Groudon\n|-boost|p2a: Groudon|spe|2\n|\n|-weather|DesolateLand|[upkeep]\n|upkeep\n|turn|6\n|\n|t:|1698844561\n|move|p2a: Groudon|Solar Beam||[still]\n|-prepare|p2a: Groudon|Solar Beam\n|-anim|p2a: Groudon|Solar Beam|p1a: Pelipper\n|-damage|p1a: Pelipper|25\/100\n|move|p1a: Pelipper|Swagger|p2a: Groudon\n|-boost|p2a: Groudon|atk|2\n|-start|p2a: Groudon|confusion\n|\n|-weather|DesolateLand|[upkeep]\n|upkeep\n|turn|7\n|\n|t:|1698844568\n|-activate|p2a: Groudon|confusion\n|-damage|p2a: Groudon|84\/100|[from] confusion\n|move|p1a: Pelipper|Roost|p1a: Pelipper\n|-heal|p1a: Pelipper|75\/100\n|-singleturn|p1a: Pelipper|move: Roost\n|\n|-weather|DesolateLand|[upkeep]\n|upkeep\n|turn|8\n|\n|t:|1698844582\n|switch|p1a: Marshadow|Marshadow|100\/100\n|-end|p2a: Groudon|confusion\n|move|p2a: Groudon|Solar Beam||[still]\n|-prepare|p2a: Groudon|Solar Beam\n|-anim|p2a: Groudon|Solar Beam|p1a: Marshadow\n|-damage|p1a: Marshadow|41\/100\n|\n|-weather|DesolateLand|[upkeep]\n|upkeep\n|turn|9\n|\n|t:|1698844588\n|-weather|none\n|switch|p2a: Ho-Oh|Ho-Oh|100\/100\n|move|p1a: Marshadow|Spectral Thief|p2a: Ho-Oh\n|-damage|p2a: Ho-Oh|56\/100\n|\n|upkeep\n|turn|10\n|\n|t:|1698844596\n|switch|p1a: Pelipper|Pelipper, F|75\/100\n|-weather|RainDance|[from] ability: Drizzle|[of] p1a: Pelipper\n|move|p2a: Ho-Oh|Will-O-Wisp|p1a: Pelipper\n|-status|p1a: Pelipper|brn\n|\n|-weather|RainDance|[upkeep]\n|-damage|p1a: Pelipper|69\/100 brn|[from] brn\n|upkeep\n|turn|11\n|\n|t:|1698844606\n|switch|p1a: Maushold|Maushold-Four|100\/100\n|switch|p2a: Groudon|Groudon-Primal|84\/100\n|-weather|DesolateLand|[from] ability: Desolate Land|[of] p2a: Groudon\n|\n|-weather|DesolateLand|[upkeep]\n|upkeep\n|turn|12\n|\n|t:|1698844614\n|move|p1a: Maushold|Population Bomb|p2a: Groudon\n|-damage|p2a: Groudon|76\/100\n|-damage|p2a: Groudon|68\/100\n|-damage|p2a: Groudon|59\/100\n|-damage|p2a: Groudon|52\/100\n|-damage|p2a: Groudon|44\/100\n|-damage|p2a: Groudon|37\/100\n|-damage|p2a: Groudon|30\/100\n|-damage|p2a: Groudon|23\/100\n|-damage|p2a: Groudon|15\/100\n|-damage|p2a: Groudon|8\/100\n|-hitcount|p2a: Groudon|10\n|move|p2a: Groudon|Rock Polish|p2a: Groudon\n|-boost|p2a: Groudon|spe|2\n|\n|-weather|DesolateLand|[upkeep]\n|upkeep\n|turn|13\n|\n|t:|1698844622\n|move|p2a: Groudon|Flamethrower|p1a: Maushold\n|-damage|p1a: Maushold|0 fnt\n|faint|p1a: Maushold\n|\n|-weather|DesolateLand|[upkeep]\n|upkeep\n|\n|t:|1698844632\n|switch|p1a: Mawile|Mawile, F|100\/100\n|-ability|p1a: Mawile|Intimidate|boost\n|-unboost|p2a: Groudon|atk|1\n|turn|14\n|\n|t:|1698844639\n|detailschange|p1a: Mawile|Mawile-Mega, F\n|-mega|p1a: Mawile|Mawile|Mawilite\n|move|p1a: Mawile|Sucker Punch|p2a: Groudon\n|-damage|p2a: Groudon|0 fnt\n|faint|p2a: Groudon\n|-weather|none\n|\n|upkeep\n|\n|t:|1698844646\n|switch|p2a: Ho-Oh|Ho-Oh|89\/100\n|turn|15\n|\n|t:|1698844653\n|switch|p1a: Regieleki|Regieleki|100\/100\n|move|p2a: Ho-Oh|Sacred Fire|p1a: Regieleki\n|-damage|p1a: Regieleki|19\/100\n|\n|upkeep\n|turn|16\n|\n|t:|1698844657\n|move|p1a: Regieleki|Ancient Power|p2a: Ho-Oh\n|-supereffective|p2a: Ho-Oh\n|-damage|p2a: Ho-Oh|55\/100\n|move|p2a: Ho-Oh|Sacred Fire|p1a: Regieleki\n|-damage|p1a: Regieleki|0 fnt\n|faint|p1a: Regieleki\n|\n|upkeep\n|\n|t:|1698844664\n|switch|p1a: Pelipper|Pelipper, F|69\/100 brn\n|-weather|RainDance|[from] ability: Drizzle|[of] p1a: Pelipper\n|turn|17\n|\n|t:|1698844675\n|switch|p2a: Xerneas|Xerneas|100\/100\n|-ability|p2a: Xerneas|Fairy Aura\n|move|p1a: Pelipper|Hurricane|p2a: Xerneas\n|-damage|p2a: Xerneas|71\/100\n|\n|-weather|RainDance|[upkeep]\n|-damage|p1a: Pelipper|63\/100 brn|[from] brn\n|upkeep\n|turn|18\n|\n|t:|1698844688\n|move|p2a: Xerneas|Moonblast|p1a: Pelipper\n|-crit|p1a: Pelipper\n|-damage|p1a: Pelipper|0 fnt\n|faint|p1a: Pelipper\n|\n|-weather|RainDance|[upkeep]\n|upkeep\n|\n|t:|1698844693\n|switch|p1a: Mawile|Mawile-Mega, F|100\/100\n|turn|19\n|\n|t:|1698844698\n|switch|p2a: Ho-Oh|Ho-Oh|88\/100\n|move|p1a: Mawile|Iron Head|p2a: Ho-Oh\n|-resisted|p2a: Ho-Oh\n|-crit|p2a: Ho-Oh\n|-damage|p2a: Ho-Oh|34\/100\n|\n|-weather|RainDance|[upkeep]\n|upkeep\n|turn|20\n|\n|t:|1698844709\n|move|p1a: Mawile|Sucker Punch||[still]\n|-fail|p1a: Mawile\n|move|p2a: Ho-Oh|Will-O-Wisp|p1a: Mawile|[miss]\n|-miss|p2a: Ho-Oh|p1a: Mawile\n|\n|-weather|RainDance|[upkeep]\n|upkeep\n|turn|21\n|\n|t:|1698844715\n|move|p2a: Ho-Oh|Will-O-Wisp|p1a: Mawile\n|-status|p1a: Mawile|brn\n|move|p1a: Mawile|Iron Head|p2a: Ho-Oh\n|-resisted|p2a: Ho-Oh\n|-damage|p2a: Ho-Oh|18\/100\n|\n|-weather|RainDance|[upkeep]\n|-damage|p1a: Mawile|94\/100 brn|[from] brn\n|upkeep\n|turn|22\n|\n|t:|1698844721\n|switch|p2a: Salamence|Salamence, M|100\/100\n|-ability|p2a: Salamence|Intimidate|boost\n|-unboost|p1a: Mawile|atk|1\n|move|p1a: Mawile|Sucker Punch||[still]\n|-fail|p1a: Mawile\n|\n|-weather|RainDance|[upkeep]\n|-damage|p1a: Mawile|88\/100 brn|[from] brn\n|upkeep\n|turn|23\n|\n|t:|1698844727\n|switch|p2a: Ho-Oh|Ho-Oh|51\/100\n|switch|p1a: Greninja|Greninja, F|100\/100\n|\n|-weather|RainDance|[upkeep]\n|upkeep\n|turn|24\n|\n|t:|1698844748\n|move|p1a: Greninja|Ice Beam|p2a: Ho-Oh\n|-start|p1a: Greninja|typechange|Ice|[from] ability: Protean\n|-crit|p2a: Ho-Oh\n|-damage|p2a: Ho-Oh|15\/100\n|-status|p2a: Ho-Oh|frz\n|-curestatus|p2a: Ho-Oh|frz|[from] move: Sacred Fire\n|move|p2a: Ho-Oh|Sacred Fire|p1a: Greninja\n|-supereffective|p1a: Greninja\n|-damage|p1a: Greninja|31\/100\n|-status|p1a: Greninja|brn\n|\n|-weather|none\n|-damage|p1a: Greninja|25\/100 brn|[from] brn\n|upkeep\n|turn|25\n|\n|t:|1698844756\n|move|p1a: Greninja|Ice Beam|p2a: Ho-Oh\n|-damage|p2a: Ho-Oh|0 fnt\n|faint|p2a: Ho-Oh\n|\n|-damage|p1a: Greninja|19\/100 brn|[from] brn\n|upkeep\n|\n|t:|1698844759\n|switch|p2a: Urshifu|Urshifu, M|100\/100\n|turn|26\n|\n|t:|1698844778\n|move|p2a: Urshifu|U-turn|p1a: Greninja\n|-damage|p1a: Greninja|0 fnt\n|faint|p1a: Greninja\n|\n|t:|1698844789\n|switch|p2a: Salamence|Salamence, M|100\/100|[from] U-turn\n|\n|upkeep\n|\n|t:|1698844798\n|switch|p1a: Mawile|Mawile-Mega, F|88\/100 brn\n|turn|27\n|\n|t:|1698844806\n|detailschange|p2a: Salamence|Salamence-Mega, M\n|-mega|p2a: Salamence|Salamence|Salamencite\n|move|p2a: Salamence|Earthquake|p1a: Mawile\n|-supereffective|p1a: Mawile\n|-damage|p1a: Mawile|12\/100 brn\n|move|p1a: Mawile|Play Rough|p2a: Salamence\n|-supereffective|p2a: Salamence\n|-damage|p2a: Salamence|24\/100\n|\n|-damage|p1a: Mawile|6\/100 brn|[from] brn\n|upkeep\n|turn|28\n|\n|t:|1698844819\n|move|p1a: Mawile|Sucker Punch||[still]\n|-fail|p1a: Mawile\n|move|p2a: Salamence|Dragon Dance|p2a: Salamence\n|-boost|p2a: Salamence|atk|1\n|-boost|p2a: Salamence|spe|1\n|\n|-damage|p1a: Mawile|0 fnt|[from] brn\n|faint|p1a: Mawile\n|upkeep\n|\n|t:|1698844823\n|switch|p1a: Marshadow|Marshadow|41\/100\n|turn|29\n|\n|t:|1698844833\n|move|p2a: Salamence|Return|p1a: Marshadow\n|-supereffective|p1a: Marshadow\n|-damage|p1a: Marshadow|0 fnt\n|faint|p1a: Marshadow\n|\n|win|0100100001101001t\n|raw|J0031's rating: 1142 &rarr; <strong>1119<\/strong><br \/>(-23 for losing)\n|raw|0100100001101001t's rating: 1170 &rarr; <strong>1193<\/strong><br \/>(+23 for winning)\n|l|\u2606J0031\n","uploadtime":1698844840,"views":6,"p1id":"j0031","p2id":"0100100001101001t","formatid":"gen9nationaldexubers","rating":1119,"private":0,"password":""}