{"id":"gen9nationaldexubers-1994273701","p1":"Dittolover123456","p2":"Lurfyywyd","format":"[Gen 9] National Dex Ubers","log":"|j|\u2606Dittolover123456\n|j|\u2606Lurfyywyd\n|t:|1700425874\n|gametype|singles\n|player|p1|Dittolover123456|psychic-gen4|1008\n|player|p2|Lurfyywyd|101|1094\n|teamsize|p1|6\n|teamsize|p2|6\n|gen|9\n|tier|[Gen 9] National Dex Ubers\n|rated|\n|rule|HP Percentage Mod: HP is shown in percentages\n|rule|Endless Battle Clause: Forcing endless battles is banned\n|rule|OHKO Clause: OHKO moves are banned\n|rule|Evasion Moves Clause: Evasion moves are banned\n|rule|Evasion Items Clause: Evasion items are banned\n|rule|Species Clause: Limit one of each Pok\u00e9mon\n|rule|Sleep Clause Mod: Limit one foe put to sleep\n|rule|Mega Rayquaza Clause: You cannot mega evolve Rayquaza\n|clearpoke\n|poke|p1|Deoxys-Speed|\n|poke|p1|Minior-Violet|\n|poke|p1|Beheeyem, F|\n|poke|p1|Lunatone|\n|poke|p1|Solrock|\n|poke|p1|Sableye, M|\n|poke|p2|Garganacl, F|\n|poke|p2|Glimmora, F|\n|poke|p2|Charizard, M|\n|poke|p2|Baxcalibur, M|\n|poke|p2|Landorus-Therian, M|\n|poke|p2|Gholdengo|\n|teampreview\n|inactive|Battle timer is ON: inactive players will automatically lose when time's up. (requested by Dittolover123456)\n|\n|t:|1700425890\n|start\n|switch|p1a: Minior|Minior-Violet|100\/100\n|switch|p2a: Charizard|Charizard, M|100\/100\n|-formechange|p1a: Minior|Minior-Meteor||[from] ability: Shields Down\n|turn|1\n|\n|t:|1700425899\n|detailschange|p2a: Charizard|Charizard-Mega-Y, M\n|-mega|p2a: Charizard|Charizard|Charizardite Y\n|-weather|SunnyDay|[from] ability: Drought|[of] p2a: Charizard\n|move|p2a: Charizard|Fire Blast|p1a: Minior\n|-resisted|p1a: Minior\n|-damage|p1a: Minior|34\/100\n|move|p1a: Minior|Stealth Rock|p2a: Charizard\n|-sidestart|p2: Lurfyywyd|move: Stealth Rock\n|\n|-weather|SunnyDay|[upkeep]\n|-formechange|p1a: Minior|Minior-Violet||[from] ability: Shields Down\n|upkeep\n|turn|2\n|\n|t:|1700425918\n|move|p1a: Minior|Rock Slide|p2a: Charizard\n|-supereffective|p2a: Charizard\n|-damage|p2a: Charizard|0 fnt\n|faint|p2a: Charizard\n|\n|-weather|SunnyDay|[upkeep]\n|upkeep\n|inactive|Lurfyywyd has 120 seconds left.\n|\n|t:|1700425974\n|switch|p2a: Garganacl|Garganacl, F|100\/100\n|-damage|p2a: Garganacl|88\/100|[from] Stealth Rock\n|turn|3\n|\n|t:|1700425981\n|move|p1a: Minior|Acrobatics|p2a: Garganacl\n|-resisted|p2a: Garganacl\n|-damage|p2a: Garganacl|80\/100\n|move|p2a: Garganacl|Iron Defense|p2a: Garganacl\n|-boost|p2a: Garganacl|def|2\n|\n|-weather|SunnyDay|[upkeep]\n|-heal|p2a: Garganacl|86\/100|[from] item: Leftovers\n|upkeep\n|turn|4\n|\n|t:|1700425993\n|move|p1a: Minior|Explosion|p2a: Garganacl\n|-resisted|p2a: Garganacl\n|-damage|p2a: Garganacl|73\/100\n|faint|p1a: Minior\n|move|p2a: Garganacl|Salt Cure|p1: Minior|[notarget]\n|-fail|p2a: Garganacl\n|\n|-weather|SunnyDay|[upkeep]\n|-heal|p2a: Garganacl|79\/100|[from] item: Leftovers\n|upkeep\n|\n|t:|1700426005\n|switch|p1a: Beheeyem|Beheeyem, F|100\/100\n|turn|5\n|inactive|Lurfyywyd has 120 seconds left.\n|inactive|Lurfyywyd has 90 seconds left.\n|\n|t:|1700426049\n|move|p1a: Beheeyem|Psychic Terrain|p1a: Beheeyem\n|-fieldstart|move: Psychic Terrain\n|move|p2a: Garganacl|Salt Cure|p1a: Beheeyem\n|-damage|p1a: Beheeyem|89\/100\n|-start|p1a: Beheeyem|Salt Cure\n|\n|-weather|none\n|-heal|p2a: Garganacl|85\/100|[from] item: Leftovers\n|-damage|p1a: Beheeyem|77\/100|[from] Salt Cure\n|upkeep\n|turn|6\n|inactive|Lurfyywyd has 90 seconds left.\n|\n|t:|1700426059\n|move|p1a: Beheeyem|Expanding Force|p2a: Garganacl\n|-damage|p2a: Garganacl|37\/100\n|move|p2a: Garganacl|Body Press|p1a: Beheeyem\n|-resisted|p1a: Beheeyem\n|-damage|p1a: Beheeyem|58\/100\n|\n|-heal|p2a: Garganacl|44\/100|[from] item: Leftovers\n|-damage|p1a: Beheeyem|45\/100|[from] Salt Cure\n|upkeep\n|turn|7\n|\n|t:|1700426071\n|move|p1a: Beheeyem|Recover|p1a: Beheeyem\n|-heal|p1a: Beheeyem|95\/100\n|move|p2a: Garganacl|Recover|p2a: Garganacl\n|-heal|p2a: Garganacl|94\/100\n|\n|-heal|p2a: Garganacl|99\/100|[from] item: Leftovers\n|-damage|p1a: Beheeyem|83\/100|[from] Salt Cure\n|upkeep\n|turn|8\n|\n|t:|1700426080\n|move|p1a: Beheeyem|Expanding Force|p2a: Garganacl\n|-damage|p2a: Garganacl|45\/100\n|move|p2a: Garganacl|Recover|p2a: Garganacl\n|-heal|p2a: Garganacl|95\/100\n|\n|-heal|p2a: Garganacl|100\/100|[from] item: Leftovers\n|-damage|p1a: Beheeyem|70\/100|[from] Salt Cure\n|upkeep\n|turn|9\n|\n|t:|1700426091\n|move|p1a: Beheeyem|Expanding Force|p2a: Garganacl\n|-damage|p2a: Garganacl|51\/100\n|move|p2a: Garganacl|Body Press|p1a: Beheeyem\n|-resisted|p1a: Beheeyem\n|-damage|p1a: Beheeyem|52\/100\n|\n|-heal|p2a: Garganacl|57\/100|[from] item: Leftovers\n|-damage|p1a: Beheeyem|39\/100|[from] Salt Cure\n|-fieldend|move: Psychic Terrain\n|upkeep\n|turn|10\n|\n|t:|1700426100\n|move|p1a: Beheeyem|Recover|p1a: Beheeyem\n|-heal|p1a: Beheeyem|89\/100\n|move|p2a: Garganacl|Recover|p2a: Garganacl\n|-heal|p2a: Garganacl|100\/100\n|\n|-damage|p1a: Beheeyem|77\/100|[from] Salt Cure\n|upkeep\n|turn|11\n|\n|t:|1700426110\n|move|p1a: Beheeyem|Psychic Terrain|p1a: Beheeyem\n|-fieldstart|move: Psychic Terrain\n|move|p2a: Garganacl|Iron Defense|p2a: Garganacl\n|-boost|p2a: Garganacl|def|2\n|\n|-damage|p1a: Beheeyem|64\/100|[from] Salt Cure\n|upkeep\n|turn|12\n|inactive|Lurfyywyd has 120 seconds left.\n|\n|t:|1700426118\n|move|p1a: Beheeyem|Expanding Force|p2a: Garganacl\n|-damage|p2a: Garganacl|53\/100\n|move|p2a: Garganacl|Iron Defense|p2a: Garganacl\n|-boost|p2a: Garganacl|def|2\n|\n|-heal|p2a: Garganacl|59\/100|[from] item: Leftovers\n|-damage|p1a: Beheeyem|52\/100|[from] Salt Cure\n|upkeep\n|turn|13\n|\n|t:|1700426127\n|move|p1a: Beheeyem|Recover|p1a: Beheeyem\n|-heal|p1a: Beheeyem|100\/100\n|move|p2a: Garganacl|Recover|p2a: Garganacl\n|-heal|p2a: Garganacl|100\/100\n|\n|-damage|p1a: Beheeyem|88\/100|[from] Salt Cure\n|upkeep\n|turn|14\n|\n|t:|1700426136\n|move|p1a: Beheeyem|Calm Mind|p1a: Beheeyem\n|-boost|p1a: Beheeyem|spa|1\n|-boost|p1a: Beheeyem|spd|1\n|move|p2a: Garganacl|Body Press|p1a: Beheeyem\n|-resisted|p1a: Beheeyem\n|-damage|p1a: Beheeyem|52\/100\n|\n|-damage|p1a: Beheeyem|39\/100|[from] Salt Cure\n|upkeep\n|turn|15\n|\n|t:|1700426146\n|move|p1a: Beheeyem|Recover|p1a: Beheeyem\n|-heal|p1a: Beheeyem|89\/100\n|move|p2a: Garganacl|Body Press|p1a: Beheeyem\n|-resisted|p1a: Beheeyem\n|-damage|p1a: Beheeyem|50\/100\n|\n|-damage|p1a: Beheeyem|38\/100|[from] Salt Cure\n|-fieldend|move: Psychic Terrain\n|upkeep\n|turn|16\n|\n|t:|1700426154\n|move|p1a: Beheeyem|Recover|p1a: Beheeyem\n|-heal|p1a: Beheeyem|88\/100\n|move|p2a: Garganacl|Body Press|p1a: Beheeyem\n|-resisted|p1a: Beheeyem\n|-damage|p1a: Beheeyem|47\/100\n|\n|-damage|p1a: Beheeyem|34\/100|[from] Salt Cure\n|upkeep\n|turn|17\n|\n|t:|1700426163\n|move|p1a: Beheeyem|Recover|p1a: Beheeyem\n|-heal|p1a: Beheeyem|84\/100\n|move|p2a: Garganacl|Body Press|p1a: Beheeyem\n|-resisted|p1a: Beheeyem\n|-damage|p1a: Beheeyem|48\/100\n|\n|-damage|p1a: Beheeyem|35\/100|[from] Salt Cure\n|upkeep\n|turn|18\n|\n|t:|1700426178\n|move|p1a: Beheeyem|Recover|p1a: Beheeyem\n|-heal|p1a: Beheeyem|85\/100\n|move|p2a: Garganacl|Body Press|p1a: Beheeyem\n|-resisted|p1a: Beheeyem\n|-damage|p1a: Beheeyem|50\/100\n|\n|-damage|p1a: Beheeyem|38\/100|[from] Salt Cure\n|upkeep\n|turn|19\n|\n|t:|1700426188\n|move|p1a: Beheeyem|Recover|p1a: Beheeyem\n|-heal|p1a: Beheeyem|88\/100\n|move|p2a: Garganacl|Body Press|p1a: Beheeyem\n|-resisted|p1a: Beheeyem\n|-damage|p1a: Beheeyem|50\/100\n|\n|-damage|p1a: Beheeyem|38\/100|[from] Salt Cure\n|upkeep\n|turn|20\n|\n|t:|1700426198\n|move|p1a: Beheeyem|Expanding Force|p2a: Garganacl\n|-damage|p2a: Garganacl|62\/100\n|move|p2a: Garganacl|Body Press|p1a: Beheeyem\n|-resisted|p1a: Beheeyem\n|-damage|p1a: Beheeyem|2\/100\n|\n|-heal|p2a: Garganacl|69\/100|[from] item: Leftovers\n|-damage|p1a: Beheeyem|0 fnt|[from] Salt Cure\n|faint|p1a: Beheeyem\n|upkeep\n|\n|t:|1700426210\n|switch|p1a: Sableye|Sableye, M|100\/100\n|turn|21\n|\n|t:|1700426215\n|detailschange|p1a: Sableye|Sableye-Mega, M\n|-mega|p1a: Sableye|Sableye|Sablenite\n|move|p2a: Garganacl|Salt Cure|p1a: Sableye\n|-damage|p1a: Sableye|86\/100\n|-start|p1a: Sableye|Salt Cure\n|move|p1a: Sableye|Knock Off|p2a: Garganacl\n|-damage|p2a: Garganacl|62\/100\n|-enditem|p2a: Garganacl|Leftovers|[from] move: Knock Off|[of] p1a: Sableye\n|\n|-damage|p1a: Sableye|74\/100|[from] Salt Cure\n|upkeep\n|turn|22\n|\n|t:|1700426229\n|move|p2a: Garganacl|Recover|p2a: Garganacl\n|-heal|p2a: Garganacl|100\/100\n|move|p1a: Sableye|Bulk Up|p1a: Sableye\n|-boost|p1a: Sableye|atk|1\n|-boost|p1a: Sableye|def|1\n|\n|-damage|p1a: Sableye|62\/100|[from] Salt Cure\n|upkeep\n|turn|23\n|\n|t:|1700426240\n|move|p2a: Garganacl|Recover||[still]\n|-fail|p2a: Garganacl|heal\n|move|p1a: Sableye|Shadow Claw|p2a: Garganacl\n|-damage|p2a: Garganacl|97\/100\n|\n|-damage|p1a: Sableye|50\/100|[from] Salt Cure\n|upkeep\n|turn|24\n|\n|t:|1700426250\n|move|p2a: Garganacl|Salt Cure|p1a: Sableye\n|-damage|p1a: Sableye|41\/100\n|move|p1a: Sableye|Bulk Up|p1a: Sableye\n|-boost|p1a: Sableye|atk|1\n|-boost|p1a: Sableye|def|1\n|\n|-damage|p1a: Sableye|29\/100|[from] Salt Cure\n|upkeep\n|turn|25\n|\n|t:|1700426261\n|move|p2a: Garganacl|Recover|p2a: Garganacl\n|-heal|p2a: Garganacl|100\/100\n|move|p1a: Sableye|Bulk Up|p1a: Sableye\n|-boost|p1a: Sableye|atk|1\n|-boost|p1a: Sableye|def|1\n|\n|-damage|p1a: Sableye|16\/100|[from] Salt Cure\n|upkeep\n|turn|26\n|\n|t:|1700426274\n|move|p2a: Garganacl|Salt Cure|p1a: Sableye\n|-damage|p1a: Sableye|10\/100\n|move|p1a: Sableye|Shadow Claw|p2a: Garganacl\n|-damage|p2a: Garganacl|94\/100\n|\n|-damage|p1a: Sableye|0 fnt|[from] Salt Cure\n|faint|p1a: Sableye\n|upkeep\n|\n|t:|1700426287\n|switch|p1a: Lunatone|Lunatone, shiny|100\/100\n|turn|27\n|\n|t:|1700426293\n|move|p1a: Lunatone|Hidden Power|p2a: Garganacl\n|-supereffective|p2a: Garganacl\n|-damage|p2a: Garganacl|68\/100\n|move|p2a: Garganacl|Salt Cure|p1a: Lunatone\n|-damage|p1a: Lunatone|84\/100\n|-start|p1a: Lunatone|Salt Cure\n|\n|-damage|p1a: Lunatone|72\/100|[from] Salt Cure\n|upkeep\n|turn|28\n|\n|t:|1700426303\n|move|p1a: Lunatone|Hidden Power|p2a: Garganacl\n|-supereffective|p2a: Garganacl\n|-damage|p2a: Garganacl|40\/100\n|move|p2a: Garganacl|Body Press|p1a: Lunatone\n|-damage|p1a: Lunatone|0 fnt\n|faint|p1a: Lunatone\n|\n|upkeep\n|\n|t:|1700426311\n|switch|p1a: Solrock|Solrock, shiny|100\/100\n|turn|29\n|\n|t:|1700426317\n|move|p1a: Solrock|Flare Blitz|p2a: Garganacl\n|-resisted|p2a: Garganacl\n|-damage|p2a: Garganacl|37\/100\n|-damage|p1a: Solrock|99\/100|[from] Recoil\n|move|p2a: Garganacl|Recover|p2a: Garganacl\n|-heal|p2a: Garganacl|87\/100\n|\n|upkeep\n|turn|30\n|\n|t:|1700426328\n|move|p1a: Solrock|Zen Headbutt|p2a: Garganacl\n|-damage|p2a: Garganacl|81\/100\n|cant|p2a: Garganacl|flinch\n|\n|upkeep\n|turn|31\n|\n|t:|1700426341\n|move|p1a: Solrock|Zen Headbutt|p2a: Garganacl\n|-damage|p2a: Garganacl|75\/100\n|move|p2a: Garganacl|Salt Cure|p1a: Solrock\n|-damage|p1a: Solrock|85\/100\n|-start|p1a: Solrock|Salt Cure\n|\n|-damage|p1a: Solrock|73\/100|[from] Salt Cure\n|upkeep\n|turn|32\n|\n|t:|1700426352\n|move|p1a: Solrock|Rock Blast|p2a: Garganacl\n|-damage|p2a: Garganacl|72\/100\n|-damage|p2a: Garganacl|70\/100\n|-hitcount|p2a: Garganacl|2\n|move|p2a: Garganacl|Body Press|p1a: Solrock\n|-damage|p1a: Solrock|0 fnt\n|faint|p1a: Solrock\n|\n|upkeep\n|\n|t:|1700426361\n|switch|p1a: Deoxys|Deoxys-Speed|100\/100\n|-ability|p1a: Deoxys|Pressure\n|turn|33\n|\n|t:|1700426366\n|move|p1a: Deoxys|Knock Off|p2a: Garganacl\n|-damage|p2a: Garganacl|67\/100\n|move|p2a: Garganacl|Salt Cure|p1a: Deoxys\n|-damage|p1a: Deoxys|80\/100\n|-start|p1a: Deoxys|Salt Cure\n|\n|-damage|p1a: Deoxys|68\/100|[from] Salt Cure\n|upkeep\n|turn|34\n|c|\u2606Lurfyywyd|Gg\n|\n|t:|1700426376\n|move|p1a: Deoxys|Zen Headbutt|p2a: Garganacl\n|-damage|p2a: Garganacl|59\/100\n|move|p2a: Garganacl|Body Press|p1a: Deoxys\n|-resisted|p1a: Deoxys\n|-damage|p1a: Deoxys|0 fnt\n|faint|p1a: Deoxys\n|\n|win|Lurfyywyd\n|raw|Dittolover123456's rating: 1008 &rarr; <strong>1000<\/strong><br \/>(-8 for losing)\n|raw|Lurfyywyd's rating: 1094 &rarr; <strong>1114<\/strong><br \/>(+20 for winning)\n|l|\u2606Dittolover123456\n","uploadtime":1700426384,"views":4,"p1id":"dittolover123456","p2id":"lurfyywyd","formatid":"gen9nationaldexubers","rating":1000,"private":0,"password":""}