{"id":"gen9nationaldexubers-1996584944","p1":"Elixsmokezzdem","p2":"KINGKRICH","format":"[Gen 9] National Dex Ubers","log":"|j|\u2606Elixsmokezzdem\n|j|\u2606KINGKRICH\n|t:|1700697227\n|gametype|singles\n|player|p1|Elixsmokezzdem|pokemaniac|1053\n|player|p2|KINGKRICH|buck|1075\n|teamsize|p1|6\n|teamsize|p2|6\n|gen|9\n|tier|[Gen 9] National Dex Ubers\n|rated|\n|rule|HP Percentage Mod: HP is shown in percentages\n|rule|Endless Battle Clause: Forcing endless battles is banned\n|rule|OHKO Clause: OHKO moves are banned\n|rule|Evasion Moves Clause: Evasion moves are banned\n|rule|Evasion Items Clause: Evasion items are banned\n|rule|Species Clause: Limit one of each Pok\u00e9mon\n|rule|Sleep Clause Mod: Limit one foe put to sleep\n|rule|Mega Rayquaza Clause: You cannot mega evolve Rayquaza\n|clearpoke\n|poke|p1|Magnezone|\n|poke|p1|Giratina|\n|poke|p1|Pheromosa|\n|poke|p1|Deoxys-Speed|\n|poke|p1|Ribombee, F|\n|poke|p1|Darmanitan, M|\n|poke|p2|Charizard, M|\n|poke|p2|Chandelure, F|\n|poke|p2|Talonflame, M|\n|poke|p2|Greninja-*, M|\n|poke|p2|Rapidash, M|\n|poke|p2|Incineroar, M|\n|teampreview\n|\n|t:|1700697230\n|start\n|switch|p1a: Ribombee|Ribombee, F, shiny|100\/100\n|switch|p2a: Greninja|Greninja, M|100\/100\n|turn|1\n|\n|t:|1700697241\n|move|p1a: Ribombee|Sticky Web|p2a: Greninja\n|-sidestart|p2: KINGKRICH|move: Sticky Web\n|move|p2a: Greninja|Gunk Shot|p1a: Ribombee\n|-start|p2a: Greninja|typechange|Poison|[from] ability: Protean\n|-supereffective|p1a: Ribombee\n|-enditem|p1a: Ribombee|Focus Sash\n|-damage|p1a: Ribombee|1\/100\n|\n|upkeep\n|turn|2\n|\n|t:|1700697252\n|move|p2a: Greninja|Water Shuriken|p1a: Ribombee\n|-damage|p1a: Ribombee|0 fnt\n|faint|p1a: Ribombee\n|-hitcount|p1: Ribombee|1\n|\n|upkeep\n|\n|t:|1700697257\n|switch|p1a: Deoxys|Deoxys-Speed, shiny|100\/100\n|-ability|p1a: Deoxys|Pressure\n|turn|3\n|\n|t:|1700697269\n|move|p1a: Deoxys|Stealth Rock|p2a: Greninja\n|-sidestart|p2: KINGKRICH|move: Stealth Rock\n|move|p2a: Greninja|Dark Pulse|p1a: Deoxys\n|-supereffective|p1a: Deoxys\n|-damage|p1a: Deoxys|16\/100\n|\n|upkeep\n|turn|4\n|\n|t:|1700697278\n|move|p1a: Deoxys|Spikes|p2a: Greninja\n|-sidestart|p2: KINGKRICH|Spikes\n|move|p2a: Greninja|Dark Pulse|p1a: Deoxys\n|-supereffective|p1a: Deoxys\n|-damage|p1a: Deoxys|0 fnt\n|faint|p1a: Deoxys\n|\n|upkeep\n|\n|t:|1700697296\n|switch|p1a: Magnezone|Magnezone, shiny|100\/100\n|turn|5\n|\n|t:|1700697302\n|move|p2a: Greninja|Dark Pulse|p1a: Magnezone\n|-damage|p1a: Magnezone|75\/100\n|cant|p1a: Magnezone|flinch\n|\n|-heal|p1a: Magnezone|81\/100|[from] item: Leftovers\n|upkeep\n|turn|6\n|\n|t:|1700697315\n|move|p2a: Greninja|Dark Pulse|p1a: Magnezone\n|-damage|p1a: Magnezone|54\/100\n|move|p1a: Magnezone|Thunderbolt|p2a: Greninja\n|-damage|p2a: Greninja|8\/100\n|\n|-heal|p1a: Magnezone|60\/100|[from] item: Leftovers\n|upkeep\n|turn|7\n|\n|t:|1700697324\n|move|p2a: Greninja|Dark Pulse|p1a: Magnezone\n|-damage|p1a: Magnezone|31\/100\n|move|p1a: Magnezone|Volt Switch|p2a: Greninja\n|-damage|p2a: Greninja|0 fnt\n|faint|p2a: Greninja\n|\n|t:|1700697331\n|switch|p1a: Darmanitan|Darmanitan, M, shiny|100\/100|[from] Volt Switch\n|\n|upkeep\n|\n|t:|1700697335\n|switch|p2a: Talonflame|Talonflame, M|100\/100\n|turn|8\n|\n|t:|1700697339\n|move|p2a: Talonflame|Defog|p1a: Darmanitan\n|-unboost|p1a: Darmanitan|evasion|1\n|-sideend|p2: KINGKRICH|Spikes|[from] move: Defog|[of] p2a: Talonflame\n|-sideend|p2: KINGKRICH|Stealth Rock|[from] move: Defog|[of] p2a: Talonflame\n|-sideend|p2: KINGKRICH|Sticky Web|[from] move: Defog|[of] p2a: Talonflame\n|move|p1a: Darmanitan|Rock Slide|p2a: Talonflame\n|-supereffective|p2a: Talonflame\n|-damage|p2a: Talonflame|0 fnt\n|faint|p2a: Talonflame\n|\n|upkeep\n|\n|t:|1700697349\n|switch|p2a: Chandelure|Chandelure, F|100\/100\n|turn|9\n|\n|t:|1700697353\n|move|p1a: Darmanitan|Earthquake|p2a: Chandelure\n|-supereffective|p2a: Chandelure\n|-damage|p2a: Chandelure|0 fnt\n|faint|p2a: Chandelure\n|-damage|p1a: Darmanitan|91\/100|[from] item: Life Orb\n|\n|upkeep\n|\n|t:|1700697364\n|switch|p2a: Charizard|Charizard, M|100\/100\n|turn|10\n|\n|t:|1700697370\n|move|p1a: Darmanitan|Earthquake|p2a: Charizard\n|-immune|p2a: Charizard\n|move|p2a: Charizard|Air Slash|p1a: Darmanitan\n|-damage|p1a: Darmanitan|34\/100\n|\n|upkeep\n|turn|11\n|\n|t:|1700697376\n|move|p1a: Darmanitan|Rock Slide|p2a: Charizard\n|-supereffective|p2a: Charizard\n|-damage|p2a: Charizard|0 fnt\n|faint|p2a: Charizard\n|\n|upkeep\n|\n|t:|1700697382\n|switch|p2a: Incineroar|Incineroar, M|100\/100\n|-ability|p2a: Incineroar|Intimidate|boost\n|-unboost|p1a: Darmanitan|atk|1\n|turn|12\n|\n|t:|1700697395\n|move|p2a: Incineroar|Fake Out|p1a: Darmanitan\n|-damage|p1a: Darmanitan|14\/100\n|cant|p1a: Darmanitan|flinch\n|\n|upkeep\n|turn|13\n|\n|t:|1700697403\n|move|p1a: Darmanitan|U-turn|p2a: Incineroar\n|-damage|p2a: Incineroar|81\/100\n|-damage|p1a: Darmanitan|4\/100|[from] item: Life Orb\n|\n|t:|1700697408\n|switch|p1a: Pheromosa|Pheromosa, shiny|100\/100|[from] U-turn\n|move|p2a: Incineroar|Cross Chop|p1a: Pheromosa\n|-resisted|p1a: Pheromosa\n|-damage|p1a: Pheromosa|61\/100\n|\n|upkeep\n|turn|14\n|\n|t:|1700697420\n|-terastallize|p1a: Pheromosa|Bug\n|move|p1a: Pheromosa|U-turn|p2a: Incineroar\n|-damage|p2a: Incineroar|35\/100\n|\n|t:|1700697424\n|switch|p1a: Giratina|Giratina, shiny|100\/100|[from] U-turn\n|move|p2a: Incineroar|Darkest Lariat|p1a: Giratina\n|-supereffective|p1a: Giratina\n|-damage|p1a: Giratina|57\/100\n|\n|-heal|p1a: Giratina|63\/100|[from] item: Leftovers\n|upkeep\n|turn|15\n|\n|t:|1700697433\n|move|p1a: Giratina|Toxic|p2a: Incineroar\n|-status|p2a: Incineroar|tox\n|move|p2a: Incineroar|Darkest Lariat|p1a: Giratina\n|-supereffective|p1a: Giratina\n|-damage|p1a: Giratina|19\/100\n|\n|-heal|p1a: Giratina|25\/100|[from] item: Leftovers\n|-damage|p2a: Incineroar|28\/100 tox|[from] psn\n|upkeep\n|turn|16\n|\n|t:|1700697453\n|switch|p1a: Magnezone|Magnezone, shiny|31\/100\n|move|p2a: Incineroar|Darkest Lariat|p1a: Magnezone\n|-damage|p1a: Magnezone|0 fnt\n|faint|p1a: Magnezone\n|\n|-damage|p2a: Incineroar|16\/100 tox|[from] psn\n|upkeep\n|\n|t:|1700697462\n|switch|p1a: Darmanitan|Darmanitan, M, shiny|4\/100\n|turn|17\n|\n|t:|1700697471\n|move|p1a: Darmanitan|Earthquake|p2a: Incineroar\n|-supereffective|p2a: Incineroar\n|-damage|p2a: Incineroar|0 fnt\n|faint|p2a: Incineroar\n|-damage|p1a: Darmanitan|0 fnt|[from] item: Life Orb\n|faint|p1a: Darmanitan\n|\n|upkeep\n|\n|t:|1700697481\n|switch|p1a: Pheromosa|Pheromosa, shiny, tera:Bug|61\/100\n|switch|p2a: Rapidash|Rapidash, M|100\/100\n|turn|18\n|\n|t:|1700697497\n|-terastallize|p2a: Rapidash|Fairy\n|move|p1a: Pheromosa|Close Combat|p2a: Rapidash\n|-resisted|p2a: Rapidash\n|-damage|p2a: Rapidash|40\/100\n|-unboost|p1a: Pheromosa|def|1\n|-unboost|p1a: Pheromosa|spd|1\n|move|p2a: Rapidash|Flare Blitz|p1a: Pheromosa\n|-supereffective|p1a: Pheromosa\n|-damage|p1a: Pheromosa|0 fnt\n|faint|p1a: Pheromosa\n|-damage|p2a: Rapidash|19\/100|[from] Recoil\n|\n|upkeep\n|\n|t:|1700697510\n|switch|p1a: Giratina|Giratina, shiny|25\/100\n|turn|19\n|\n|t:|1700697513\n|move|p2a: Rapidash|Play Rough|p1a: Giratina\n|-supereffective|p1a: Giratina\n|-damage|p1a: Giratina|0 fnt\n|faint|p1a: Giratina\n|\n|win|KINGKRICH\n|raw|Elixsmokezzdem's rating: 1053 &rarr; <strong>1036<\/strong><br \/>(-17 for losing)\n|raw|KINGKRICH's rating: 1075 &rarr; <strong>1102<\/strong><br \/>(+27 for winning)\n","uploadtime":1700697529,"views":1,"p1id":"elixsmokezzdem","p2id":"kingkrich","formatid":"gen9nationaldexubers","rating":1036,"private":0,"password":""}