{"id":"gen9nationaldexubers-1985493373","p1":"BlackStar150520","p2":"topszy","format":"[Gen 9] National Dex Ubers","log":"|j|\u2606BlackStar150520\n|j|\u2606topszy\n|t:|1699379210\n|gametype|singles\n|player|p1|BlackStar150520|unknown|1739\n|player|p2|topszy|170|1692\n|teamsize|p1|6\n|teamsize|p2|6\n|gen|9\n|tier|[Gen 9] National Dex Ubers\n|rated|\n|rule|HP Percentage Mod: HP is shown in percentages\n|rule|Endless Battle Clause: Forcing endless battles is banned\n|rule|OHKO Clause: OHKO moves are banned\n|rule|Evasion Moves Clause: Evasion moves are banned\n|rule|Evasion Items Clause: Evasion items are banned\n|rule|Species Clause: Limit one of each Pok\u00e9mon\n|rule|Sleep Clause Mod: Limit one foe put to sleep\n|rule|Mega Rayquaza Clause: You cannot mega evolve Rayquaza\n|clearpoke\n|poke|p1|Arceus-Dark|\n|poke|p1|Dondozo, F|\n|poke|p1|Magearna|\n|poke|p1|Ditto|\n|poke|p1|Zygarde|\n|poke|p1|Necrozma-Dusk-Mane|\n|poke|p2|Yveltal|\n|poke|p2|Groudon|\n|poke|p2|Marshadow|\n|poke|p2|Ho-Oh|\n|poke|p2|Xerneas-*|\n|poke|p2|Zygarde|\n|teampreview\n|inactive|Battle timer is ON: inactive players will automatically lose when time's up. (requested by BlackStar150520)\n|\n|t:|1699379227\n|start\n|switch|p1a: Necrozma|Necrozma-Dusk-Mane|100\/100\n|switch|p2a: Yveltal|Yveltal|100\/100\n|-ability|p2a: Yveltal|Dark Aura\n|turn|1\n|\n|t:|1699379231\n|switch|p1a: Magearna|Magearna|100\/100\n|-terastallize|p2a: Yveltal|Dark\n|move|p2a: Yveltal|Dark Pulse|p1a: Magearna\n|-resisted|p1a: Magearna\n|-damage|p1a: Magearna|68\/100\n|\n|upkeep\n|turn|2\n|\n|t:|1699379236\n|switch|p2a: Groudon|Groudon|100\/100\n|detailschange|p2a: Groudon|Groudon-Primal\n|-primal|p2a: Groudon|Red Orb\n|-weather|DesolateLand|[from] ability: Desolate Land|[of] p2a: Groudon\n|move|p1a: Magearna|Pain Split|p2a: Groudon\n|-sethp|p2a: Groudon|84\/100|[from] move: Pain Split|[silent]\n|-sethp|p1a: Magearna|84\/100|[from] move: Pain Split\n|\n|-weather|DesolateLand|[upkeep]\n|upkeep\n|turn|3\n|\n|t:|1699379240\n|switch|p1a: Necrozma|Necrozma-Dusk-Mane|100\/100\n|move|p2a: Groudon|Precipice Blades|p1a: Necrozma\n|-supereffective|p1a: Necrozma\n|-damage|p1a: Necrozma|0 fnt\n|faint|p1a: Necrozma\n|\n|-weather|DesolateLand|[upkeep]\n|upkeep\n|\n|t:|1699379243\n|switch|p1a: Zygarde|Zygarde, shiny|100\/100\n|turn|4\n|\n|t:|1699379246\n|-weather|none\n|switch|p2a: Zygarde|Zygarde|100\/100\n|move|p1a: Zygarde|Thousand Arrows|p2a: Zygarde\n|-damage|p2a: Zygarde|82\/100\n|\n|-heal|p2a: Zygarde|88\/100|[from] item: Leftovers\n|upkeep\n|turn|5\n|\n|t:|1699379250\n|switch|p1a: Dondozo|Dondozo, F|100\/100\n|move|p2a: Zygarde|Glare|p1a: Dondozo\n|-status|p1a: Dondozo|par\n|\n|-heal|p2a: Zygarde|94\/100|[from] item: Leftovers\n|upkeep\n|turn|6\n|\n|t:|1699379255\n|switch|p2a: Xerneas|Xerneas|100\/100\n|-ability|p2a: Xerneas|Fairy Aura\n|switch|p1a: Arceus|Arceus-Dark|100\/100\n|\n|upkeep\n|turn|7\n|\n|t:|1699379258\n|switch|p1a: Magearna|Magearna|84\/100\n|move|p2a: Xerneas|Moonblast|p1a: Magearna\n|-resisted|p1a: Magearna\n|-damage|p1a: Magearna|56\/100\n|\n|upkeep\n|turn|8\n|\n|t:|1699379261\n|switch|p2a: Groudon|Groudon-Primal|84\/100\n|-weather|DesolateLand|[from] ability: Desolate Land|[of] p2a: Groudon\n|move|p1a: Magearna|Pain Split|p2a: Groudon\n|-sethp|p2a: Groudon|70\/100|[from] move: Pain Split|[silent]\n|-sethp|p1a: Magearna|70\/100|[from] move: Pain Split\n|\n|-weather|DesolateLand|[upkeep]\n|upkeep\n|turn|9\n|\n|t:|1699379264\n|switch|p1a: Zygarde|Zygarde, shiny|100\/100\n|move|p2a: Groudon|Precipice Blades|p1a: Zygarde|[miss]\n|-miss|p2a: Groudon|p1a: Zygarde\n|\n|-weather|DesolateLand|[upkeep]\n|upkeep\n|turn|10\n|\n|t:|1699379267\n|-weather|none\n|switch|p2a: Xerneas|Xerneas|100\/100\n|-ability|p2a: Xerneas|Fairy Aura\n|move|p1a: Zygarde|Thousand Arrows|p2a: Xerneas\n|-damage|p2a: Xerneas|69\/100\n|\n|upkeep\n|turn|11\n|\n|t:|1699379271\n|switch|p1a: Magearna|Magearna|70\/100\n|move|p2a: Xerneas|Moonblast|p1a: Magearna\n|-resisted|p1a: Magearna\n|-damage|p1a: Magearna|42\/100\n|\n|upkeep\n|turn|12\n|\n|t:|1699379277\n|switch|p2a: Groudon|Groudon-Primal|70\/100\n|-weather|DesolateLand|[from] ability: Desolate Land|[of] p2a: Groudon\n|move|p1a: Magearna|Pain Split|p2a: Groudon\n|-sethp|p2a: Groudon|56\/100|[from] move: Pain Split|[silent]\n|-sethp|p1a: Magearna|56\/100|[from] move: Pain Split\n|\n|-weather|DesolateLand|[upkeep]\n|upkeep\n|turn|13\n|\n|t:|1699379280\n|switch|p1a: Zygarde|Zygarde, shiny|100\/100\n|move|p2a: Groudon|Precipice Blades|p1a: Zygarde\n|-damage|p1a: Zygarde|30\/100\n|\n|-weather|DesolateLand|[upkeep]\n|-heal|p1a: Zygarde|37\/100|[from] item: Leftovers\n|-activate|p1a: Zygarde|ability: Power Construct\n|detailschange|p1a: Zygarde|Zygarde-Complete, shiny\n|-heal|p1a: Zygarde|61\/100|[silent]\n|upkeep\n|turn|14\n|\n|t:|1699379286\n|-weather|none\n|switch|p2a: Zygarde|Zygarde|94\/100\n|move|p1a: Zygarde|Thousand Arrows|p2a: Zygarde\n|-damage|p2a: Zygarde|75\/100\n|\n|-heal|p1a: Zygarde|67\/100|[from] item: Leftovers\n|-heal|p2a: Zygarde|81\/100|[from] item: Leftovers\n|upkeep\n|turn|15\n|\n|t:|1699379290\n|switch|p1a: Dondozo|Dondozo, F|100\/100 par\n|move|p2a: Zygarde|Glare|p1a: Dondozo\n|-fail|p1a: Dondozo|par\n|\n|-heal|p2a: Zygarde|87\/100|[from] item: Leftovers\n|upkeep\n|turn|16\n|\n|t:|1699379292\n|switch|p2a: Xerneas|Xerneas|69\/100\n|-ability|p2a: Xerneas|Fairy Aura\n|switch|p1a: Magearna|Magearna|56\/100\n|\n|upkeep\n|turn|17\n|\n|t:|1699379297\n|move|p2a: Xerneas|Thunder|p1a: Magearna\n|-damage|p1a: Magearna|18\/100\n|move|p1a: Magearna|Heal Bell|p1a: Magearna\n|-activate|p1a: Magearna|move: Heal Bell\n|-curestatus|p1: Dondozo|par|[msg]\n|\n|upkeep\n|turn|18\n|\n|t:|1699379307\n|switch|p2a: Yveltal|Yveltal, tera:Dark|100\/100\n|-ability|p2a: Yveltal|Dark Aura\n|-zpower|p1a: Magearna\n|move|p1a: Magearna|Z-Heal Bell||[anim]Heal Bell|[still]\n|-heal|p1a: Magearna|100\/100|[zeffect]\n|-activate|p1a: Magearna|move: Heal Bell\n|-fail|p1a: Magearna\n|\n|upkeep\n|turn|19\n|\n|t:|1699379310\n|move|p2a: Yveltal|U-turn|p1a: Magearna\n|-resisted|p1a: Magearna\n|-crit|p1a: Magearna\n|-damage|p1a: Magearna|95\/100\n|\n|t:|1699379316\n|switch|p2a: Groudon|Groudon-Primal|56\/100|[from] U-turn\n|-weather|DesolateLand|[from] ability: Desolate Land|[of] p2a: Groudon\n|move|p1a: Magearna|Fleur Cannon|p2a: Groudon\n|-resisted|p2a: Groudon\n|-damage|p2a: Groudon|27\/100\n|-unboost|p1a: Magearna|spa|2\n|\n|-weather|DesolateLand|[upkeep]\n|upkeep\n|turn|20\n|\n|t:|1699379319\n|switch|p1a: Zygarde|Zygarde-Complete, shiny|67\/100\n|move|p2a: Groudon|Precipice Blades|p1a: Zygarde\n|-damage|p1a: Zygarde|24\/100\n|\n|-weather|DesolateLand|[upkeep]\n|-heal|p1a: Zygarde|30\/100|[from] item: Leftovers\n|upkeep\n|turn|21\n|\n|t:|1699379326\n|move|p1a: Zygarde|Thousand Arrows|p2a: Groudon\n|-supereffective|p2a: Groudon\n|-damage|p2a: Groudon|0 fnt\n|faint|p2a: Groudon\n|-weather|none\n|\n|-heal|p1a: Zygarde|36\/100|[from] item: Leftovers\n|upkeep\n|\n|t:|1699379331\n|switch|p2a: Xerneas|Xerneas|69\/100\n|-ability|p2a: Xerneas|Fairy Aura\n|turn|22\n|j| Incredible Gassy\n|\n|t:|1699379334\n|switch|p1a: Magearna|Magearna|95\/100\n|move|p2a: Xerneas|Moonblast|p1a: Magearna\n|-resisted|p1a: Magearna\n|-damage|p1a: Magearna|63\/100\n|\n|upkeep\n|turn|23\n|\n|t:|1699379342\n|switch|p2a: Ho-Oh|Ho-Oh|100\/100\n|move|p1a: Magearna|Pain Split|p2a: Ho-Oh\n|-sethp|p2a: Ho-Oh|78\/100|[from] move: Pain Split|[silent]\n|-sethp|p1a: Magearna|89\/100|[from] move: Pain Split\n|\n|upkeep\n|turn|24\n|\n|t:|1699379351\n|switch|p2a: Xerneas|Xerneas|69\/100\n|-ability|p2a: Xerneas|Fairy Aura\n|switch|p1a: Dondozo|Dondozo, F|100\/100\n|\n|upkeep\n|turn|25\n|\n|t:|1699379355\n|switch|p1a: Magearna|Magearna|89\/100\n|move|p2a: Xerneas|Moonblast|p1a: Magearna\n|-resisted|p1a: Magearna\n|-damage|p1a: Magearna|60\/100\n|\n|upkeep\n|turn|26\n|\n|t:|1699379363\n|move|p2a: Xerneas|Moonblast|p1a: Magearna\n|-resisted|p1a: Magearna\n|-damage|p1a: Magearna|31\/100\n|-unboost|p1a: Magearna|spa|1\n|move|p1a: Magearna|Pain Split|p2a: Xerneas\n|-sethp|p2a: Xerneas|49\/100|[from] move: Pain Split|[silent]\n|-sethp|p1a: Magearna|54\/100|[from] move: Pain Split\n|\n|upkeep\n|turn|27\n|\n|t:|1699379368\n|switch|p2a: Ho-Oh|Ho-Oh|100\/100\n|move|p1a: Magearna|Heart Swap|p2a: Ho-Oh\n|-swapboost|p1a: Magearna|p2a: Ho-Oh|[from] move: Heart Swap\n|\n|upkeep\n|turn|28\n|\n|t:|1699379377\n|switch|p1a: Dondozo|Dondozo, F|100\/100\n|move|p2a: Ho-Oh|Sacred Fire|p1a: Dondozo\n|-resisted|p1a: Dondozo\n|-damage|p1a: Dondozo|90\/100\n|\n|-heal|p1a: Dondozo|97\/100|[from] item: Leftovers\n|upkeep\n|turn|29\n|\n|t:|1699379382\n|move|p2a: Ho-Oh|Toxic|p1a: Dondozo\n|-status|p1a: Dondozo|tox\n|move|p1a: Dondozo|Liquidation|p2a: Ho-Oh\n|-supereffective|p2a: Ho-Oh\n|-damage|p2a: Ho-Oh|46\/100\n|\n|-heal|p1a: Dondozo|100\/100 tox|[from] item: Leftovers\n|-damage|p1a: Dondozo|94\/100 tox|[from] psn\n|upkeep\n|turn|30\n|\n|t:|1699379386\n|switch|p2a: Zygarde|Zygarde|87\/100\n|move|p1a: Dondozo|Liquidation|p2a: Zygarde\n|-damage|p2a: Zygarde|73\/100\n|\n|-heal|p2a: Zygarde|79\/100|[from] item: Leftovers\n|-heal|p1a: Dondozo|100\/100 tox|[from] item: Leftovers\n|-damage|p1a: Dondozo|88\/100 tox|[from] psn\n|upkeep\n|turn|31\n|\n|t:|1699379392\n|move|p2a: Zygarde|Coil|p2a: Zygarde\n|-boost|p2a: Zygarde|atk|1\n|-boost|p2a: Zygarde|def|1\n|-boost|p2a: Zygarde|accuracy|1\n|move|p1a: Dondozo|Rest|p1a: Dondozo\n|-status|p1a: Dondozo|slp|[from] move: Rest\n|-heal|p1a: Dondozo|100\/100 slp|[silent]\n|\n|-heal|p2a: Zygarde|85\/100|[from] item: Leftovers\n|upkeep\n|turn|32\n|\n|t:|1699379395\n|switch|p2a: Xerneas|Xerneas|49\/100\n|-ability|p2a: Xerneas|Fairy Aura\n|cant|p1a: Dondozo|slp\n|\n|upkeep\n|turn|33\n|\n|t:|1699379399\n|switch|p1a: Magearna|Magearna|54\/100\n|move|p2a: Xerneas|Moonblast|p1a: Magearna\n|-resisted|p1a: Magearna\n|-damage|p1a: Magearna|22\/100\n|\n|upkeep\n|turn|34\n|\n|t:|1699379402\n|move|p2a: Xerneas|Moonblast|p1a: Magearna\n|-resisted|p1a: Magearna\n|-damage|p1a: Magearna|0 fnt\n|faint|p1a: Magearna\n|\n|upkeep\n|\n|t:|1699379406\n|switch|p1a: Ditto|Ditto, shiny|100\/100\n|-transform|p1a: Ditto|p2a: Xerneas|[from] ability: Imposter\n|-ability|p1a: Ditto|Fairy Aura\n|turn|35\n|\n|t:|1699379416\n|switch|p2a: Ho-Oh|Ho-Oh|79\/100\n|move|p1a: Ditto|Moonblast|p2a: Ho-Oh\n|-resisted|p2a: Ho-Oh\n|-damage|p2a: Ho-Oh|65\/100\n|-unboost|p2a: Ho-Oh|spa|1\n|\n|upkeep\n|turn|36\n|\n|t:|1699379423\n|switch|p1a: Zygarde|Zygarde-Complete, shiny|36\/100\n|move|p2a: Ho-Oh|Toxic|p1a: Zygarde\n|-status|p1a: Zygarde|tox\n|\n|-heal|p1a: Zygarde|43\/100 tox|[from] item: Leftovers\n|-damage|p1a: Zygarde|36\/100 tox|[from] psn\n|upkeep\n|turn|37\n|\n|t:|1699379428\n|switch|p2a: Zygarde|Zygarde|85\/100\n|move|p1a: Zygarde|Thousand Arrows|p2a: Zygarde\n|-crit|p2a: Zygarde\n|-damage|p2a: Zygarde|56\/100\n|\n|-heal|p1a: Zygarde|43\/100 tox|[from] item: Leftovers\n|-heal|p2a: Zygarde|62\/100|[from] item: Leftovers\n|-damage|p1a: Zygarde|30\/100 tox|[from] psn\n|upkeep\n|turn|38\n|\n|t:|1699379437\n|switch|p1a: Dondozo|Dondozo, F|100\/100 slp\n|move|p2a: Zygarde|Coil|p2a: Zygarde\n|-boost|p2a: Zygarde|atk|1\n|-boost|p2a: Zygarde|def|1\n|-boost|p2a: Zygarde|accuracy|1\n|\n|-heal|p2a: Zygarde|68\/100|[from] item: Leftovers\n|upkeep\n|turn|39\n|\n|t:|1699379441\n|switch|p2a: Xerneas|Xerneas|49\/100\n|-ability|p2a: Xerneas|Fairy Aura\n|switch|p1a: Arceus|Arceus-Dark|100\/100\n|\n|upkeep\n|turn|40\n|\n|t:|1699379444\n|-terastallize|p1a: Arceus|Poison\n|move|p1a: Arceus|Toxic|p2a: Xerneas\n|-status|p2a: Xerneas|tox\n|move|p2a: Xerneas|Moonblast|p1a: Arceus\n|-resisted|p1a: Arceus\n|-damage|p1a: Arceus|69\/100\n|\n|-damage|p2a: Xerneas|42\/100 tox|[from] psn\n|upkeep\n|turn|41\n|\n|t:|1699379454\n|switch|p2a: Yveltal|Yveltal, tera:Dark|100\/100\n|-ability|p2a: Yveltal|Dark Aura\n|move|p1a: Arceus|Taunt|p2a: Yveltal\n|-start|p2a: Yveltal|move: Taunt\n|\n|upkeep\n|turn|42\n|\n|t:|1699379458\n|move|p1a: Arceus|Toxic|p2a: Yveltal\n|-status|p2a: Yveltal|tox\n|move|p2a: Yveltal|Dark Pulse|p1a: Arceus\n|-damage|p1a: Arceus|0 fnt\n|faint|p1a: Arceus\n|\n|-damage|p2a: Yveltal|94\/100 tox|[from] psn\n|upkeep\n|\n|t:|1699379474\n|switch|p1a: Ditto|Ditto, shiny|100\/100\n|-transform|p1a: Ditto|p2a: Yveltal|[from] ability: Imposter\n|-ability|p1a: Ditto|Dark Aura\n|turn|43\n|\n|t:|1699379487\n|move|p1a: Ditto|Oblivion Wing|p2a: Yveltal\n|-damage|p2a: Yveltal|57\/100 tox\n|move|p2a: Yveltal|Dark Pulse|p1a: Ditto\n|-resisted|p1a: Ditto\n|-damage|p1a: Ditto|33\/100\n|\n|-damage|p2a: Yveltal|45\/100 tox|[from] psn\n|-end|p2a: Yveltal|move: Taunt\n|upkeep\n|turn|44\n|\n|t:|1699379490\n|move|p1a: Ditto|Oblivion Wing|p2a: Yveltal\n|-damage|p2a: Yveltal|7\/100 tox\n|-heal|p1a: Ditto|70\/100|[from] drain|[of] p2a: Yveltal\n|move|p2a: Yveltal|Dark Pulse|p1a: Ditto\n|-resisted|p1a: Ditto\n|-damage|p1a: Ditto|3\/100\n|\n|-damage|p2a: Yveltal|0 fnt|[from] psn\n|faint|p2a: Yveltal\n|upkeep\n|\n|t:|1699379497\n|switch|p2a: Xerneas|Xerneas|42\/100 tox\n|-ability|p2a: Xerneas|Fairy Aura\n|turn|45\n|\n|t:|1699379501\n|move|p1a: Ditto|Oblivion Wing|p2a: Xerneas\n|-damage|p2a: Xerneas|7\/100 tox\n|-heal|p1a: Ditto|39\/100|[from] drain|[of] p2a: Xerneas\n|move|p2a: Xerneas|Moonblast|p1a: Ditto\n|-supereffective|p1a: Ditto\n|-damage|p1a: Ditto|0 fnt\n|faint|p1a: Ditto\n|\n|-damage|p2a: Xerneas|1\/100 tox|[from] psn\n|upkeep\n|\n|t:|1699379504\n|switch|p1a: Zygarde|Zygarde-Complete, shiny|30\/100 tox\n|turn|46\n|\n|t:|1699379507\n|move|p1a: Zygarde|Extreme Speed|p2a: Xerneas\n|-damage|p2a: Xerneas|0 fnt\n|faint|p2a: Xerneas\n|\n|-heal|p1a: Zygarde|36\/100 tox|[from] item: Leftovers\n|-damage|p1a: Zygarde|30\/100 tox|[from] psn\n|upkeep\n|\n|t:|1699379512\n|switch|p2a: Marshadow|Marshadow|100\/100\n|turn|47\n|\n|t:|1699379514\n|move|p2a: Marshadow|Close Combat|p1a: Zygarde\n|-damage|p1a: Zygarde|0 fnt\n|-unboost|p2a: Marshadow|def|1\n|-unboost|p2a: Marshadow|spd|1\n|faint|p1a: Zygarde\n|\n|upkeep\n|\n|t:|1699379516\n|switch|p1a: Dondozo|Dondozo, F|100\/100 slp\n|turn|48\n|\n|t:|1699379519\n|move|p2a: Marshadow|Close Combat|p1a: Dondozo\n|-damage|p1a: Dondozo|72\/100 slp\n|-unboost|p2a: Marshadow|def|1\n|-unboost|p2a: Marshadow|spd|1\n|cant|p1a: Dondozo|slp\n|\n|-heal|p1a: Dondozo|78\/100 slp|[from] item: Leftovers\n|upkeep\n|turn|49\n|\n|t:|1699379524\n|move|p2a: Marshadow|Close Combat|p1a: Dondozo\n|-damage|p1a: Dondozo|51\/100 slp\n|-unboost|p2a: Marshadow|def|1\n|-unboost|p2a: Marshadow|spd|1\n|-curestatus|p1a: Dondozo|slp|[msg]\n|move|p1a: Dondozo|Liquidation|p2a: Marshadow\n|-damage|p2a: Marshadow|65\/100\n|\n|-heal|p1a: Dondozo|57\/100|[from] item: Leftovers\n|upkeep\n|turn|50\n|\n|t:|1699379533\n|move|p2a: Marshadow|Spectral Thief|p1a: Dondozo\n|-damage|p1a: Dondozo|34\/100\n|move|p1a: Dondozo|Liquidation|p2a: Marshadow\n|-damage|p2a: Marshadow|29\/100\n|\n|-heal|p1a: Dondozo|40\/100|[from] item: Leftovers\n|upkeep\n|turn|51\n|\n|t:|1699379543\n|switch|p2a: Zygarde|Zygarde|68\/100\n|move|p1a: Dondozo|Liquidation|p2a: Zygarde\n|-damage|p2a: Zygarde|54\/100\n|\n|-heal|p2a: Zygarde|60\/100|[from] item: Leftovers\n|-heal|p1a: Dondozo|47\/100|[from] item: Leftovers\n|upkeep\n|turn|52\n|\n|t:|1699379548\n|move|p2a: Zygarde|Glare|p1a: Dondozo\n|-status|p1a: Dondozo|par\n|move|p1a: Dondozo|Curse|p1a: Dondozo\n|-unboost|p1a: Dondozo|spe|1\n|-boost|p1a: Dondozo|atk|1\n|-boost|p1a: Dondozo|def|1\n|\n|-heal|p2a: Zygarde|66\/100|[from] item: Leftovers\n|-heal|p1a: Dondozo|53\/100 par|[from] item: Leftovers\n|upkeep\n|turn|53\n|\n|t:|1699379557\n|move|p2a: Zygarde|Coil|p2a: Zygarde\n|-boost|p2a: Zygarde|atk|1\n|-boost|p2a: Zygarde|def|1\n|-boost|p2a: Zygarde|accuracy|1\n|cant|p1a: Dondozo|par\n|\n|-heal|p2a: Zygarde|72\/100|[from] item: Leftovers\n|-heal|p1a: Dondozo|59\/100 par|[from] item: Leftovers\n|upkeep\n|turn|54\n|\n|t:|1699379562\n|move|p2a: Zygarde|Coil|p2a: Zygarde\n|-boost|p2a: Zygarde|atk|1\n|-boost|p2a: Zygarde|def|1\n|-boost|p2a: Zygarde|accuracy|1\n|move|p1a: Dondozo|Body Press|p2a: Zygarde\n|-crit|p2a: Zygarde\n|-damage|p2a: Zygarde|41\/100\n|\n|-heal|p2a: Zygarde|47\/100|[from] item: Leftovers\n|-heal|p1a: Dondozo|65\/100 par|[from] item: Leftovers\n|-activate|p2a: Zygarde|ability: Power Construct\n|detailschange|p2a: Zygarde|Zygarde-Complete\n|-heal|p2a: Zygarde|65\/100|[silent]\n|upkeep\n|turn|55\n|\n|t:|1699379565\n|move|p2a: Zygarde|Coil|p2a: Zygarde\n|-boost|p2a: Zygarde|atk|1\n|-boost|p2a: Zygarde|def|1\n|-boost|p2a: Zygarde|accuracy|1\n|cant|p1a: Dondozo|par\n|\n|-heal|p2a: Zygarde|71\/100|[from] item: Leftovers\n|-heal|p1a: Dondozo|71\/100 par|[from] item: Leftovers\n|upkeep\n|turn|56\n|\n|t:|1699379568\n|move|p2a: Zygarde|Coil|p2a: Zygarde\n|-boost|p2a: Zygarde|atk|1\n|-boost|p2a: Zygarde|def|1\n|-boost|p2a: Zygarde|accuracy|1\n|cant|p1a: Dondozo|par\n|\n|-heal|p2a: Zygarde|77\/100|[from] item: Leftovers\n|-heal|p1a: Dondozo|77\/100 par|[from] item: Leftovers\n|upkeep\n|turn|57\n|\n|t:|1699379573\n|move|p2a: Zygarde|Coil|p2a: Zygarde\n|-boost|p2a: Zygarde|atk|1\n|-boost|p2a: Zygarde|def|1\n|-boost|p2a: Zygarde|accuracy|1\n|move|p1a: Dondozo|Body Press|p2a: Zygarde\n|-crit|p2a: Zygarde\n|-damage|p2a: Zygarde|58\/100\n|\n|-heal|p2a: Zygarde|64\/100|[from] item: Leftovers\n|-heal|p1a: Dondozo|83\/100 par|[from] item: Leftovers\n|upkeep\n|turn|58\n|\n|t:|1699379576\n|move|p2a: Zygarde|Coil|p2a: Zygarde\n|-boost|p2a: Zygarde|atk|1\n|-boost|p2a: Zygarde|def|1\n|-boost|p2a: Zygarde|accuracy|1\n|move|p1a: Dondozo|Curse|p1a: Dondozo\n|-unboost|p1a: Dondozo|spe|1\n|-boost|p1a: Dondozo|atk|1\n|-boost|p1a: Dondozo|def|1\n|\n|-heal|p2a: Zygarde|70\/100|[from] item: Leftovers\n|-heal|p1a: Dondozo|90\/100 par|[from] item: Leftovers\n|upkeep\n|turn|59\n|\n|t:|1699379578\n|move|p2a: Zygarde|Thousand Arrows|p1a: Dondozo\n|-damage|p1a: Dondozo|82\/100 par\n|cant|p1a: Dondozo|par\n|\n|-heal|p2a: Zygarde|76\/100|[from] item: Leftovers\n|-heal|p1a: Dondozo|89\/100 par|[from] item: Leftovers\n|upkeep\n|turn|60\n|\n|t:|1699379582\n|move|p2a: Zygarde|Thousand Arrows|p1a: Dondozo\n|-damage|p1a: Dondozo|81\/100 par\n|move|p1a: Dondozo|Liquidation|p2a: Zygarde\n|-damage|p2a: Zygarde|57\/100\n|\n|-heal|p2a: Zygarde|63\/100|[from] item: Leftovers\n|-heal|p1a: Dondozo|88\/100 par|[from] item: Leftovers\n|upkeep\n|turn|61\n|\n|t:|1699379586\n|move|p2a: Zygarde|Thousand Arrows|p1a: Dondozo\n|-damage|p1a: Dondozo|81\/100 par\n|move|p1a: Dondozo|Liquidation|p2a: Zygarde\n|-damage|p2a: Zygarde|42\/100\n|\n|-heal|p2a: Zygarde|48\/100|[from] item: Leftovers\n|-heal|p1a: Dondozo|87\/100 par|[from] item: Leftovers\n|upkeep\n|turn|62\n|\n|t:|1699379589\n|move|p2a: Zygarde|Thousand Arrows|p1a: Dondozo\n|-damage|p1a: Dondozo|81\/100 par\n|move|p1a: Dondozo|Body Press|p2a: Zygarde\n|-crit|p2a: Zygarde\n|-damage|p2a: Zygarde|21\/100\n|\n|-heal|p2a: Zygarde|28\/100|[from] item: Leftovers\n|-heal|p1a: Dondozo|87\/100 par|[from] item: Leftovers\n|upkeep\n|turn|63\n|\n|t:|1699379592\n|move|p2a: Zygarde|Rest|p2a: Zygarde\n|-status|p2a: Zygarde|slp|[from] move: Rest\n|-heal|p2a: Zygarde|100\/100 slp|[silent]\n|move|p1a: Dondozo|Body Press|p2a: Zygarde\n|-damage|p2a: Zygarde|82\/100 slp\n|\n|-heal|p2a: Zygarde|88\/100 slp|[from] item: Leftovers\n|-heal|p1a: Dondozo|93\/100 par|[from] item: Leftovers\n|upkeep\n|turn|64\n|\n|t:|1699379595\n|cant|p2a: Zygarde|slp\n|move|p1a: Dondozo|Body Press|p2a: Zygarde\n|-damage|p2a: Zygarde|69\/100 slp\n|\n|-heal|p2a: Zygarde|75\/100 slp|[from] item: Leftovers\n|-heal|p1a: Dondozo|99\/100 par|[from] item: Leftovers\n|upkeep\n|turn|65\n|\n|t:|1699379597\n|cant|p2a: Zygarde|slp\n|move|p1a: Dondozo|Body Press|p2a: Zygarde\n|-damage|p2a: Zygarde|57\/100 slp\n|\n|-heal|p2a: Zygarde|63\/100 slp|[from] item: Leftovers\n|-heal|p1a: Dondozo|100\/100 par|[from] item: Leftovers\n|upkeep\n|turn|66\n|\n|t:|1699379599\n|-curestatus|p2a: Zygarde|slp|[msg]\n|move|p2a: Zygarde|Thousand Arrows|p1a: Dondozo\n|-damage|p1a: Dondozo|93\/100 par\n|move|p1a: Dondozo|Body Press|p2a: Zygarde\n|-damage|p2a: Zygarde|45\/100\n|\n|-heal|p2a: Zygarde|51\/100|[from] item: Leftovers\n|-heal|p1a: Dondozo|99\/100 par|[from] item: Leftovers\n|upkeep\n|turn|67\n|\n|t:|1699379602\n|move|p2a: Zygarde|Thousand Arrows|p1a: Dondozo\n|-damage|p1a: Dondozo|93\/100 par\n|move|p1a: Dondozo|Curse|p1a: Dondozo\n|-unboost|p1a: Dondozo|spe|1\n|-boost|p1a: Dondozo|atk|1\n|-boost|p1a: Dondozo|def|1\n|\n|-heal|p2a: Zygarde|58\/100|[from] item: Leftovers\n|-heal|p1a: Dondozo|99\/100 par|[from] item: Leftovers\n|upkeep\n|turn|68\n|\n|t:|1699379605\n|move|p2a: Zygarde|Thousand Arrows|p1a: Dondozo\n|-damage|p1a: Dondozo|94\/100 par\n|move|p1a: Dondozo|Curse|p1a: Dondozo\n|-unboost|p1a: Dondozo|spe|1\n|-boost|p1a: Dondozo|atk|1\n|-boost|p1a: Dondozo|def|1\n|\n|-heal|p2a: Zygarde|64\/100|[from] item: Leftovers\n|-heal|p1a: Dondozo|99\/100 par|[from] item: Leftovers\n|upkeep\n|turn|69\n|\n|t:|1699379608\n|move|p2a: Zygarde|Thousand Arrows|p1a: Dondozo\n|-damage|p1a: Dondozo|96\/100 par\n|cant|p1a: Dondozo|par\n|\n|-heal|p2a: Zygarde|70\/100|[from] item: Leftovers\n|-heal|p1a: Dondozo|100\/100 par|[from] item: Leftovers\n|upkeep\n|turn|70\n|\n|t:|1699379610\n|move|p2a: Zygarde|Thousand Arrows|p1a: Dondozo\n|-damage|p1a: Dondozo|96\/100 par\n|cant|p1a: Dondozo|par\n|\n|-heal|p2a: Zygarde|76\/100|[from] item: Leftovers\n|-heal|p1a: Dondozo|100\/100 par|[from] item: Leftovers\n|upkeep\n|turn|71\n|\n|t:|1699379613\n|move|p2a: Zygarde|Thousand Arrows|p1a: Dondozo\n|-damage|p1a: Dondozo|96\/100 par\n|move|p1a: Dondozo|Curse|p1a: Dondozo\n|-unboost|p1a: Dondozo|spe|1\n|-boost|p1a: Dondozo|atk|1\n|-boost|p1a: Dondozo|def|1\n|\n|-heal|p2a: Zygarde|82\/100|[from] item: Leftovers\n|-heal|p1a: Dondozo|100\/100 par|[from] item: Leftovers\n|upkeep\n|turn|72\n|\n|t:|1699379616\n|move|p2a: Zygarde|Thousand Arrows|p1a: Dondozo\n|-damage|p1a: Dondozo|96\/100 par\n|move|p1a: Dondozo|Curse|p1a: Dondozo\n|-unboost|p1a: Dondozo|spe|1\n|-boost|p1a: Dondozo|atk|1\n|-boost|p1a: Dondozo|def|1\n|\n|-heal|p2a: Zygarde|88\/100|[from] item: Leftovers\n|-heal|p1a: Dondozo|100\/100 par|[from] item: Leftovers\n|upkeep\n|turn|73\n|\n|t:|1699379618\n|move|p2a: Zygarde|Thousand Arrows|p1a: Dondozo\n|-damage|p1a: Dondozo|97\/100 par\n|move|p1a: Dondozo|Body Press|p2a: Zygarde\n|-damage|p2a: Zygarde|53\/100\n|\n|-heal|p2a: Zygarde|60\/100|[from] item: Leftovers\n|-heal|p1a: Dondozo|100\/100 par|[from] item: Leftovers\n|upkeep\n|turn|74\n|\n|t:|1699379624\n|move|p2a: Zygarde|Rest|p2a: Zygarde\n|-status|p2a: Zygarde|slp|[from] move: Rest\n|-heal|p2a: Zygarde|100\/100 slp|[silent]\n|move|p1a: Dondozo|Liquidation|p2a: Zygarde\n|-damage|p2a: Zygarde|64\/100 slp\n|\n|-heal|p2a: Zygarde|70\/100 slp|[from] item: Leftovers\n|upkeep\n|turn|75\n|\n|t:|1699379629\n|cant|p2a: Zygarde|slp\n|move|p1a: Dondozo|Body Press|p2a: Zygarde\n|-damage|p2a: Zygarde|35\/100 slp\n|\n|-heal|p2a: Zygarde|41\/100 slp|[from] item: Leftovers\n|upkeep\n|turn|76\n|\n|t:|1699379633\n|switch|p2a: Marshadow|Marshadow|29\/100\n|move|p1a: Dondozo|Liquidation|p2a: Marshadow\n|-damage|p2a: Marshadow|0 fnt\n|faint|p2a: Marshadow\n|\n|upkeep\n|\n|t:|1699379634\n|switch|p2a: Zygarde|Zygarde-Complete|41\/100 slp\n|turn|77\n|\n|t:|1699379637\n|cant|p2a: Zygarde|slp\n|move|p1a: Dondozo|Liquidation|p2a: Zygarde\n|-damage|p2a: Zygarde|2\/100 slp\n|\n|-heal|p2a: Zygarde|9\/100 slp|[from] item: Leftovers\n|upkeep\n|turn|78\n|-message|topszy forfeited.\n|\n|win|BlackStar150520\n|raw|BlackStar150520's rating: 1739 &rarr; <strong>1756<\/strong><br \/>(+17 for winning)\n|raw|topszy's rating: 1692 &rarr; <strong>1675<\/strong><br \/>(-17 for losing)\n|l|\u2606topszy\n|l|\u2606BlackStar150520\n","uploadtime":1699379649,"views":6,"p1id":"blackstar150520","p2id":"topszy","formatid":"gen9nationaldexubers","rating":1675,"private":0,"password":""}