{"id":"gen9nationaldexubers-1983803533","p1":"Ahardlakarnis","p2":"RetlawDB","format":"[Gen 9] National Dex Ubers","log":"|j|\u2606Ahardlakarnis\n|j|\u2606RetlawDB\n|t:|1699184102\n|gametype|singles\n|player|p1|Ahardlakarnis|skyla|1176\n|player|p2|RetlawDB|wattson|1162\n|teamsize|p1|6\n|teamsize|p2|6\n|gen|9\n|tier|[Gen 9] National Dex Ubers\n|rated|\n|rule|HP Percentage Mod: HP is shown in percentages\n|rule|Endless Battle Clause: Forcing endless battles is banned\n|rule|OHKO Clause: OHKO moves are banned\n|rule|Evasion Moves Clause: Evasion moves are banned\n|rule|Evasion Items Clause: Evasion items are banned\n|rule|Species Clause: Limit one of each Pok\u00e9mon\n|rule|Sleep Clause Mod: Limit one foe put to sleep\n|rule|Mega Rayquaza Clause: You cannot mega evolve Rayquaza\n|clearpoke\n|poke|p1|Ferrothorn, M|\n|poke|p1|Lopunny, M|\n|poke|p1|Gliscor, M|\n|poke|p1|Garganacl, F|\n|poke|p1|Dragapult, F|\n|poke|p1|Tornadus-Therian, M|\n|poke|p2|Aurorus, F|\n|poke|p2|Sandslash-Alola, M|\n|poke|p2|Crabominable, F|\n|poke|p2|Forretress, M|\n|poke|p2|Walrein, F|\n|poke|p2|Slowking, M|\n|teampreview\n|inactive|Battle timer is ON: inactive players will automatically lose when time's up. (requested by Ahardlakarnis)\n|\n|t:|1699184111\n|start\n|switch|p1a: Gliscor|Gliscor, M|100\/100\n|switch|p2a: Jorgito|Slowking, M, shiny|100\/100\n|turn|1\n|\n|t:|1699184118\n|move|p1a: Gliscor|Protect|p1a: Gliscor\n|-singleturn|p1a: Gliscor|Protect\n|move|p2a: Jorgito|Scald|p1a: Gliscor\n|-activate|p1a: Gliscor|move: Protect\n|\n|-status|p1a: Gliscor|tox|[from] item: Toxic Orb\n|upkeep\n|turn|2\n|\n|t:|1699184125\n|move|p1a: Gliscor|U-turn|p2a: Jorgito\n|-supereffective|p2a: Jorgito\n|-damage|p2a: Jorgito|72\/100\n|\n|t:|1699184130\n|switch|p1a: Dragapult|Dragapult, F|100\/100|[from] U-turn\n|move|p2a: Jorgito|Chilly Reception|p2a: Jorgito\n|-weather|Snow\n|\n|t:|1699184148\n|switch|p2a: Forrest|Forretress, M|100\/100|[from] Chilly Reception\n|\n|-weather|Snow|[upkeep]\n|upkeep\n|turn|3\n|\n|t:|1699184152\n|move|p1a: Dragapult|U-turn|p2a: Forrest\n|-resisted|p2a: Forrest\n|-damage|p2a: Forrest|96\/100\n|-damage|p1a: Dragapult|84\/100|[from] item: Rocky Helmet|[of] p2a: Forrest\n|\n|t:|1699184160\n|switch|p1a: Garganacl|Garganacl, F|100\/100|[from] U-turn\n|move|p2a: Forrest|Stealth Rock|p1a: Garganacl\n|-sidestart|p1: Ahardlakarnis|move: Stealth Rock\n|\n|-weather|Snow|[upkeep]\n|upkeep\n|turn|4\n|\n|t:|1699184166\n|move|p2a: Forrest|Spikes|p1a: Garganacl\n|-sidestart|p1: Ahardlakarnis|Spikes\n|move|p1a: Garganacl|Salt Cure|p2a: Forrest\n|-damage|p2a: Forrest|88\/100\n|-start|p2a: Forrest|Salt Cure\n|\n|-weather|Snow|[upkeep]\n|-damage|p2a: Forrest|63\/100|[from] Salt Cure\n|upkeep\n|turn|5\n|\n|t:|1699184176\n|move|p2a: Forrest|Spikes|p1a: Garganacl\n|-sidestart|p1: Ahardlakarnis|Spikes\n|move|p1a: Garganacl|Iron Defense|p1a: Garganacl\n|-boost|p1a: Garganacl|def|2\n|\n|-weather|Snow|[upkeep]\n|-damage|p2a: Forrest|38\/100|[from] Salt Cure\n|upkeep\n|turn|6\n|\n|t:|1699184182\n|move|p2a: Forrest|Spikes|p1a: Garganacl\n|-sidestart|p1: Ahardlakarnis|Spikes\n|move|p1a: Garganacl|Iron Defense|p1a: Garganacl\n|-boost|p1a: Garganacl|def|2\n|\n|-weather|Snow|[upkeep]\n|-damage|p2a: Forrest|13\/100|[from] Salt Cure\n|upkeep\n|turn|7\n|\n|t:|1699184191\n|move|p1a: Garganacl|Iron Defense|p1a: Garganacl\n|-boost|p1a: Garganacl|def|2\n|move|p2a: Forrest|Counter||[still]\n|-fail|p2a: Forrest\n|\n|-weather|Snow|[upkeep]\n|-damage|p2a: Forrest|0 fnt|[from] Salt Cure\n|faint|p2a: Forrest\n|upkeep\n|\n|t:|1699184204\n|switch|p2a: Wanda|Walrein, F, shiny|100\/100\n|turn|8\n|\n|t:|1699184209\n|move|p1a: Garganacl|Body Press|p2a: Wanda\n|-supereffective|p2a: Wanda\n|-damage|p2a: Wanda|0 fnt\n|faint|p2a: Wanda\n|\n|-weather|Snow|[upkeep]\n|upkeep\n|\n|t:|1699184217\n|switch|p2a: Jorgito|Slowking, M, shiny|100\/100\n|turn|9\n|\n|t:|1699184225\n|move|p1a: Garganacl|Salt Cure|p2a: Jorgito\n|-damage|p2a: Jorgito|88\/100\n|-start|p2a: Jorgito|Salt Cure\n|move|p2a: Jorgito|Scald|p1a: Garganacl\n|-supereffective|p1a: Garganacl\n|-damage|p1a: Garganacl|66\/100\n|\n|-weather|none\n|-heal|p1a: Garganacl|72\/100|[from] item: Leftovers\n|-damage|p2a: Jorgito|64\/100|[from] Salt Cure\n|upkeep\n|turn|10\n|\n|t:|1699184245\n|move|p1a: Garganacl|Salt Cure|p2a: Jorgito\n|-damage|p2a: Jorgito|50\/100\n|move|p2a: Jorgito|Scald|p1a: Garganacl\n|-supereffective|p1a: Garganacl\n|-damage|p1a: Garganacl|38\/100\n|\n|-heal|p1a: Garganacl|44\/100|[from] item: Leftovers\n|-damage|p2a: Jorgito|25\/100|[from] Salt Cure\n|upkeep\n|turn|11\n|\n|t:|1699184257\n|-terastallize|p1a: Garganacl|Ghost\n|move|p1a: Garganacl|Recover|p1a: Garganacl\n|-heal|p1a: Garganacl|94\/100\n|move|p2a: Jorgito|Scald|p1a: Garganacl\n|-damage|p1a: Garganacl|75\/100\n|\n|-heal|p1a: Garganacl|82\/100|[from] item: Leftovers\n|-damage|p2a: Jorgito|0 fnt|[from] Salt Cure\n|faint|p2a: Jorgito\n|upkeep\n|\n|t:|1699184270\n|switch|p2a: Aura|Aurorus, F, shiny|100\/100\n|-weather|Snow|[from] ability: Snow Warning|[of] p2a: Aura\n|turn|12\n|\n|t:|1699184274\n|-terastallize|p2a: Aura|Ghost\n|move|p2a: Aura|Aurora Veil|p2a: Aura\n|-sidestart|p2: RetlawDB|move: Aurora Veil\n|move|p1a: Garganacl|Body Press|p2a: Aura\n|-immune|p2a: Aura\n|\n|-weather|Snow|[upkeep]\n|-heal|p1a: Garganacl|88\/100|[from] item: Leftovers\n|upkeep\n|turn|13\n|\n|t:|1699184281\n|move|p2a: Aura|Earth Power|p1a: Garganacl\n|-damage|p1a: Garganacl|69\/100\n|move|p1a: Garganacl|Salt Cure|p2a: Aura\n|-damage|p2a: Aura|93\/100\n|-start|p2a: Aura|Salt Cure\n|\n|-weather|Snow|[upkeep]\n|-heal|p1a: Garganacl|75\/100|[from] item: Leftovers\n|-damage|p2a: Aura|81\/100|[from] Salt Cure\n|upkeep\n|turn|14\n|\n|t:|1699184295\n|move|p2a: Aura|Earth Power|p1a: Garganacl\n|-damage|p1a: Garganacl|57\/100\n|move|p1a: Garganacl|Recover|p1a: Garganacl\n|-heal|p1a: Garganacl|100\/100\n|\n|-weather|Snow|[upkeep]\n|-damage|p2a: Aura|68\/100|[from] Salt Cure\n|upkeep\n|turn|15\n|\n|t:|1699184306\n|switch|p2a: Tremebunda|Crabominable, F, shiny|100\/100\n|move|p1a: Garganacl|Salt Cure|p2a: Tremebunda\n|-damage|p2a: Tremebunda|96\/100\n|-start|p2a: Tremebunda|Salt Cure\n|\n|-weather|Snow|[upkeep]\n|-damage|p2a: Tremebunda|83\/100|[from] Salt Cure\n|upkeep\n|turn|16\n|\n|t:|1699184315\n|move|p2a: Tremebunda|Knock Off|p1a: Garganacl\n|-supereffective|p1a: Garganacl\n|-damage|p1a: Garganacl|87\/100\n|-enditem|p1a: Garganacl|Leftovers|[from] move: Knock Off|[of] p2a: Tremebunda\n|move|p1a: Garganacl|Body Press|p2a: Tremebunda\n|-supereffective|p2a: Tremebunda\n|-damage|p2a: Tremebunda|20\/100\n|\n|-weather|none\n|-damage|p2a: Tremebunda|8\/100|[from] Salt Cure\n|upkeep\n|turn|17\n|\n|t:|1699184325\n|move|p2a: Tremebunda|Ice Hammer|p1a: Garganacl\n|-damage|p1a: Garganacl|76\/100\n|-unboost|p2a: Tremebunda|spe|1\n|move|p1a: Garganacl|Body Press|p2a: Tremebunda\n|-supereffective|p2a: Tremebunda\n|-damage|p2a: Tremebunda|0 fnt\n|faint|p2a: Tremebunda\n|\n|upkeep\n|\n|t:|1699184339\n|switch|p2a: Aura|Aurorus, F, shiny, tera:Ghost|68\/100\n|-weather|Snow|[from] ability: Snow Warning|[of] p2a: Aura\n|turn|18\n|\n|t:|1699184345\n|move|p2a: Aura|Earth Power|p1a: Garganacl\n|-damage|p1a: Garganacl|56\/100\n|move|p1a: Garganacl|Salt Cure|p2a: Aura\n|-damage|p2a: Aura|62\/100\n|-start|p2a: Aura|Salt Cure\n|\n|-weather|Snow|[upkeep]\n|-damage|p2a: Aura|49\/100|[from] Salt Cure\n|upkeep\n|turn|19\n|\n|t:|1699184354\n|move|p2a: Aura|Earth Power|p1a: Garganacl\n|-damage|p1a: Garganacl|36\/100\n|-unboost|p1a: Garganacl|spd|1\n|move|p1a: Garganacl|Recover|p1a: Garganacl\n|-heal|p1a: Garganacl|86\/100\n|\n|-weather|Snow|[upkeep]\n|-damage|p2a: Aura|37\/100|[from] Salt Cure\n|-sideend|p2: RetlawDB|move: Aurora Veil\n|upkeep\n|turn|20\n|\n|t:|1699184366\n|move|p2a: Aura|Aurora Veil|p2a: Aura\n|-sidestart|p2: RetlawDB|move: Aurora Veil\n|move|p1a: Garganacl|Salt Cure|p2a: Aura\n|-damage|p2a: Aura|30\/100\n|\n|-weather|Snow|[upkeep]\n|-damage|p2a: Aura|18\/100|[from] Salt Cure\n|upkeep\n|turn|21\n|\n|t:|1699184378\n|move|p2a: Aura|Blizzard|p1a: Garganacl\n|-damage|p1a: Garganacl|33\/100\n|move|p1a: Garganacl|Salt Cure|p2a: Aura\n|-damage|p2a: Aura|12\/100\n|\n|-weather|Snow|[upkeep]\n|-damage|p2a: Aura|0 fnt|[from] Salt Cure\n|faint|p2a: Aura\n|upkeep\n|\n|t:|1699184384\n|switch|p2a: Kupa|Sandslash-Alola, M, shiny|100\/100\n|turn|22\n|\n|t:|1699184392\n|move|p2a: Kupa|Icicle Crash|p1a: Garganacl\n|-damage|p1a: Garganacl|26\/100\n|move|p1a: Garganacl|Recover|p1a: Garganacl\n|-heal|p1a: Garganacl|76\/100\n|\n|-weather|none\n|upkeep\n|turn|23\n|\n|t:|1699184399\n|move|p2a: Kupa|Swords Dance|p2a: Kupa\n|-boost|p2a: Kupa|atk|2\n|move|p1a: Garganacl|Body Press|p2a: Kupa\n|-supereffective|p2a: Kupa\n|-damage|p2a: Kupa|0 fnt\n|faint|p2a: Kupa\n|\n|win|Ahardlakarnis\n|raw|Ahardlakarnis's rating: 1176 &rarr; <strong>1200<\/strong><br \/>(+24 for winning)\n|raw|RetlawDB's rating: 1162 &rarr; <strong>1138<\/strong><br \/>(-24 for losing)\n|c|\u2606RetlawDB|I forgot the tera ._.\n|c|\u2606RetlawDB|anyways gg\n|l|\u2606RetlawDB\n|c|\u2606Ahardlakarnis|Gg\n","uploadtime":1699184434,"views":10,"p1id":"ahardlakarnis","p2id":"retlawdb","formatid":"gen9nationaldexubers","rating":1138,"private":0,"password":""}