{"id":"gen9nationaldexubers-1987264432","p1":"pepsicangobrrr","p2":"TinyASDF","format":"[Gen 9] National Dex Ubers","log":"|j|\u2606pepsicangobrrr\n|j|\u2606TinyASDF\n|t:|1699570929\n|gametype|singles\n|player|p1|pepsicangobrrr|jupiter|1020\n|player|p2|TinyASDF|preschoolerf|1116\n|teamsize|p1|6\n|teamsize|p2|6\n|gen|9\n|tier|[Gen 9] National Dex Ubers\n|rated|\n|rule|HP Percentage Mod: HP is shown in percentages\n|rule|Endless Battle Clause: Forcing endless battles is banned\n|rule|OHKO Clause: OHKO moves are banned\n|rule|Evasion Moves Clause: Evasion moves are banned\n|rule|Evasion Items Clause: Evasion items are banned\n|rule|Species Clause: Limit one of each Pok\u00e9mon\n|rule|Sleep Clause Mod: Limit one foe put to sleep\n|rule|Mega Rayquaza Clause: You cannot mega evolve Rayquaza\n|clearpoke\n|poke|p1|Dragapult, F|\n|poke|p1|Celesteela|\n|poke|p1|Empoleon, F|\n|poke|p1|Tinkaton, F|\n|poke|p1|Metagross|\n|poke|p1|Heatran, M|\n|poke|p2|Darkrai|\n|poke|p2|Lugia|\n|poke|p2|Chien-Pao|\n|poke|p2|Marshadow|\n|poke|p2|Ogerpon-Hearthflame, F|\n|poke|p2|Iron Bundle|\n|teampreview\n|\n|t:|1699570943\n|start\n|switch|p1a: Let's Go Golfing!|Tinkaton, F|100\/100\n|switch|p2a: Chien-Pao|Chien-Pao|100\/100\n|-ability|p2a: Chien-Pao|Sword of Ruin\n|-ability|p1a: Let's Go Golfing!|Mold Breaker\n|turn|1\n|\n|t:|1699570980\n|move|p1a: Let's Go Golfing!|Fake Out|p2a: Chien-Pao\n|-damage|p2a: Chien-Pao|86\/100\n|cant|p2a: Chien-Pao|flinch\n|\n|upkeep\n|turn|2\n|\n|t:|1699570985\n|move|p2a: Chien-Pao|Sacred Sword|p1a: Let's Go Golfing!\n|-damage|p1a: Let's Go Golfing!|40\/100\n|move|p1a: Let's Go Golfing!|Gigaton Hammer|p2a: Chien-Pao\n|-supereffective|p2a: Chien-Pao\n|-damage|p2a: Chien-Pao|0 fnt\n|faint|p2a: Chien-Pao\n|\n|upkeep\n|\n|t:|1699571006\n|switch|p2a: Iron Bundle|Iron Bundle|100\/100\n|-enditem|p2a: Iron Bundle|Booster Energy\n|-activate|p2a: Iron Bundle|ability: Quark Drive|[fromitem]\n|-start|p2a: Iron Bundle|quarkdrivespe\n|turn|3\n|\n|t:|1699571042\n|move|p2a: Iron Bundle|Water Pulse|p1a: Let's Go Golfing!\n|-damage|p1a: Let's Go Golfing!|9\/100\n|-enditem|p1a: Let's Go Golfing!|Figy Berry|[eat]\n|-heal|p1a: Let's Go Golfing!|42\/100|[from] item: Figy Berry\n|move|p1a: Let's Go Golfing!|Play Rough|p2a: Iron Bundle\n|-damage|p2a: Iron Bundle|62\/100\n|\n|upkeep\n|turn|4\n|\n|t:|1699571055\n|move|p2a: Iron Bundle|Water Pulse|p1a: Let's Go Golfing!\n|-damage|p1a: Let's Go Golfing!|9\/100\n|move|p1a: Let's Go Golfing!|Gigaton Hammer|p2a: Iron Bundle\n|-damage|p2a: Iron Bundle|0 fnt\n|faint|p2a: Iron Bundle\n|-end|p2a: Iron Bundle|Quark Drive|[silent]\n|\n|upkeep\n|\n|t:|1699571062\n|switch|p2a: Ogerpon|Ogerpon-Hearthflame, F|100\/100\n|-ability|p2a: Ogerpon|Mold Breaker\n|turn|5\n|\n|t:|1699571075\n|move|p2a: Ogerpon|Horn Leech|p1a: Let's Go Golfing!\n|-resisted|p1a: Let's Go Golfing!\n|-damage|p1a: Let's Go Golfing!|0 fnt\n|faint|p1a: Let's Go Golfing!\n|\n|upkeep\n|\n|t:|1699571092\n|switch|p1a: Phantom Phill|Dragapult, F|100\/100\n|turn|6\n|\n|t:|1699571114\n|-terastallize|p2a: Ogerpon|Fire\n|detailschange|p2a: Ogerpon|Ogerpon-Hearthflame-Tera, F, tera:Fire\n|-ability|p2a: Ogerpon|Embody Aspect (Hearthflame)|boost\n|-boost|p2a: Ogerpon|atk|1\n|move|p1a: Phantom Phill|Phantom Force||[still]\n|-prepare|p1a: Phantom Phill|Phantom Force\n|move|p2a: Ogerpon|Ivy Cudgel|p1a: Phantom Phill|[miss]\n|-miss|p2a: Ogerpon|p1a: Phantom Phill\n|\n|upkeep\n|turn|7\n|\n|t:|1699571132\n|move|p1a: Phantom Phill|Phantom Force|p2a: Ogerpon|[from]lockedmove\n|-damage|p2a: Ogerpon|19\/100\n|-damage|p1a: Phantom Phill|91\/100|[from] item: Life Orb\n|move|p2a: Ogerpon|Ivy Cudgel|p1a: Phantom Phill\n|-resisted|p1a: Phantom Phill\n|-damage|p1a: Phantom Phill|16\/100\n|\n|upkeep\n|turn|8\n|\n|t:|1699571143\n|move|p1a: Phantom Phill|Dragon Claw|p2a: Ogerpon\n|-damage|p2a: Ogerpon|0 fnt\n|faint|p2a: Ogerpon\n|-damage|p1a: Phantom Phill|6\/100|[from] item: Life Orb\n|\n|upkeep\n|\n|t:|1699571151\n|switch|p2a: Marshadow|Marshadow|100\/100\n|turn|9\n|\n|t:|1699571158\n|move|p2a: Marshadow|Shadow Sneak|p1a: Phantom Phill\n|-supereffective|p1a: Phantom Phill\n|-damage|p1a: Phantom Phill|0 fnt\n|faint|p1a: Phantom Phill\n|\n|upkeep\n|\n|t:|1699571166\n|switch|p1a: Space-X|Celesteela, shiny|100\/100\n|turn|10\n|\n|t:|1699571231\n|-zpower|p2a: Marshadow\n|move|p2a: Marshadow|Soul-Stealing 7-Star Strike|p1a: Space-X|[zeffect]\n|-damage|p1a: Space-X|36\/100\n|move|p1a: Space-X|Leech Seed|p2a: Marshadow\n|-start|p2a: Marshadow|move: Leech Seed\n|\n|-heal|p1a: Space-X|42\/100|[from] item: Leftovers\n|-damage|p2a: Marshadow|88\/100|[from] Leech Seed|[of] p1a: Space-X\n|-heal|p1a: Space-X|53\/100|[silent]\n|upkeep\n|turn|11\n|\n|t:|1699571252\n|move|p1a: Space-X|Giga Drain|p2a: Marshadow\n|-damage|p2a: Marshadow|68\/100\n|-heal|p1a: Space-X|61\/100|[from] drain|[of] p2a: Marshadow\n|move|p2a: Marshadow|Revenge|p1a: Space-X\n|-damage|p1a: Space-X|21\/100\n|\n|-heal|p1a: Space-X|27\/100|[from] item: Leftovers\n|-damage|p2a: Marshadow|55\/100|[from] Leech Seed|[of] p1a: Space-X\n|-heal|p1a: Space-X|37\/100|[silent]\n|upkeep\n|turn|12\n|\n|t:|1699571287\n|move|p2a: Marshadow|Payback|p1a: Space-X\n|-damage|p1a: Space-X|21\/100\n|move|p1a: Space-X|Air Slash|p2a: Marshadow\n|-supereffective|p2a: Marshadow\n|-damage|p2a: Marshadow|0 fnt\n|faint|p2a: Marshadow\n|-ability|p1a: Space-X|Beast Boost|boost\n|-boost|p1a: Space-X|def|1\n|\n|-heal|p1a: Space-X|27\/100|[from] item: Leftovers\n|upkeep\n|\n|t:|1699571306\n|switch|p2a: Eepy|Darkrai, shiny|100\/100\n|turn|13\n|\n|t:|1699571320\n|move|p2a: Eepy|Hypnosis|p1a: Space-X|[miss]\n|-miss|p2a: Eepy|p1a: Space-X\n|move|p1a: Space-X|Leech Seed|p2a: Eepy\n|-start|p2a: Eepy|move: Leech Seed\n|\n|-heal|p1a: Space-X|33\/100|[from] item: Leftovers\n|-damage|p2a: Eepy|88\/100|[from] Leech Seed|[of] p1a: Space-X\n|-heal|p1a: Space-X|42\/100|[silent]\n|upkeep\n|turn|14\n|c|\u2606pepsicangobrrr|hypnosis...?\n|\n|t:|1699571333\n|move|p2a: Eepy|Hypnosis|p1a: Space-X|[miss]\n|-miss|p2a: Eepy|p1a: Space-X\n|move|p1a: Space-X|Giga Drain|p2a: Eepy\n|-damage|p2a: Eepy|64\/100\n|-heal|p1a: Space-X|50\/100|[from] drain|[of] p2a: Eepy\n|\n|-heal|p1a: Space-X|57\/100|[from] item: Leftovers\n|-damage|p2a: Eepy|52\/100|[from] Leech Seed|[of] p1a: Space-X\n|-heal|p1a: Space-X|65\/100|[silent]\n|upkeep\n|turn|15\n|\n|t:|1699571353\n|move|p2a: Eepy|Hypnosis|p1a: Space-X\n|-status|p1a: Space-X|slp|[from] move: Hypnosis\n|cant|p1a: Space-X|slp\n|\n|-heal|p1a: Space-X|71\/100 slp|[from] item: Leftovers\n|-damage|p2a: Eepy|40\/100|[from] Leech Seed|[of] p1a: Space-X\n|-heal|p1a: Space-X|80\/100 slp|[silent]\n|-damage|p1a: Space-X|68\/100 slp|[from] ability: Bad Dreams|[of] p2a: Eepy\n|upkeep\n|turn|16\n|\n|t:|1699571370\n|move|p2a: Eepy|Nasty Plot|p2a: Eepy\n|-boost|p2a: Eepy|spa|2\n|cant|p1a: Space-X|slp\n|\n|-heal|p1a: Space-X|74\/100 slp|[from] item: Leftovers\n|-damage|p2a: Eepy|27\/100|[from] Leech Seed|[of] p1a: Space-X\n|-heal|p1a: Space-X|83\/100 slp|[silent]\n|-damage|p1a: Space-X|70\/100 slp|[from] ability: Bad Dreams|[of] p2a: Eepy\n|upkeep\n|turn|17\n|\n|t:|1699571388\n|move|p2a: Eepy|Hex|p1a: Space-X\n|-damage|p1a: Space-X|0 fnt\n|faint|p1a: Space-X\n|\n|upkeep\n|\n|t:|1699571392\n|switch|p1a: Titania|Metagross, shiny|100\/100\n|turn|18\n|\n|t:|1699571411\n|detailschange|p1a: Titania|Metagross-Mega, shiny\n|-mega|p1a: Titania|Metagross|Metagrossite\n|move|p2a: Eepy|Hypnosis|p1a: Titania|[miss]\n|-miss|p2a: Eepy|p1a: Titania\n|move|p1a: Titania|Meteor Mash|p2a: Eepy|[miss]\n|-miss|p1a: Titania|p2a: Eepy\n|\n|-damage|p2a: Eepy|15\/100|[from] Leech Seed|[of] p1a: Titania\n|upkeep\n|turn|19\n|\n|t:|1699571430\n|move|p2a: Eepy|Hypnosis|p1a: Titania\n|-status|p1a: Titania|slp|[from] move: Hypnosis\n|cant|p1a: Titania|slp\n|\n|-damage|p2a: Eepy|2\/100|[from] Leech Seed|[of] p1a: Titania\n|-damage|p1a: Titania|88\/100 slp|[from] ability: Bad Dreams|[of] p2a: Eepy\n|upkeep\n|turn|20\n|\n|t:|1699571440\n|switch|p1a: Aquawave|Empoleon, F|100\/100\n|move|p2a: Eepy|Dream Eater|p1a: Aquawave\n|-immune|p1a: Aquawave\n|\n|-damage|p2a: Eepy|0 fnt|[from] Leech Seed|[of] p1a: Aquawave\n|faint|p2a: Eepy\n|upkeep\n|\n|t:|1699571448\n|switch|p2a: Lugia|Lugia, shiny|100\/100\n|turn|21\n|\n|t:|1699571462\n|move|p2a: Lugia|Ancient Power|p1a: Aquawave\n|-resisted|p1a: Aquawave\n|-damage|p1a: Aquawave|94\/100\n|move|p1a: Aquawave|Swords Dance|p1a: Aquawave\n|-boost|p1a: Aquawave|atk|2\n|\n|upkeep\n|turn|22\n|\n|t:|1699571475\n|-terastallize|p1a: Aquawave|Water\n|move|p2a: Lugia|Ancient Power|p1a: Aquawave\n|-damage|p1a: Aquawave|78\/100\n|-boost|p2a: Lugia|atk|1\n|-boost|p2a: Lugia|def|1\n|-boost|p2a: Lugia|spa|1\n|-boost|p2a: Lugia|spd|1\n|-boost|p2a: Lugia|spe|1\n|move|p1a: Aquawave|Waterfall|p2a: Lugia\n|-damage|p2a: Lugia|75\/100\n|\n|upkeep\n|turn|23\n|\n|t:|1699571488\n|move|p2a: Lugia|Aeroblast|p1a: Aquawave\n|-damage|p1a: Aquawave|23\/100\n|move|p1a: Aquawave|Swords Dance|p1a: Aquawave\n|-boost|p1a: Aquawave|atk|2\n|\n|upkeep\n|turn|24\n|\n|t:|1699571501\n|move|p2a: Lugia|Aeroblast|p1a: Aquawave\n|-damage|p1a: Aquawave|0 fnt\n|faint|p1a: Aquawave\n|\n|upkeep\n|\n|t:|1699571516\n|switch|p1a: Hellflame|Heatran, M|100\/100\n|turn|25\n|\n|t:|1699571531\n|move|p2a: Lugia|Ancient Power|p1a: Hellflame\n|-damage|p1a: Hellflame|79\/100\n|move|p1a: Hellflame|Power Gem|p2a: Lugia\n|-supereffective|p2a: Lugia\n|-damage|p2a: Lugia|47\/100\n|-enditem|p2a: Lugia|Weakness Policy\n|-boost|p2a: Lugia|atk|2|[from] item: Weakness Policy\n|-boost|p2a: Lugia|spa|2|[from] item: Weakness Policy\n|\n|-heal|p1a: Hellflame|85\/100|[from] item: Leftovers\n|upkeep\n|turn|26\n|\n|t:|1699571548\n|move|p2a: Lugia|Recover|p2a: Lugia\n|-heal|p2a: Lugia|97\/100\n|move|p1a: Hellflame|Magma Storm|p2a: Lugia\n|-damage|p2a: Lugia|71\/100\n|-activate|p2a: Lugia|move: Magma Storm|[of] p1a: Hellflame\n|\n|-heal|p1a: Hellflame|92\/100|[from] item: Leftovers\n|-damage|p2a: Lugia|58\/100|[from] move: Magma Storm|[partiallytrapped]\n|upkeep\n|turn|27\n|\n|t:|1699571557\n|move|p2a: Lugia|Aeroblast|p1a: Hellflame\n|-resisted|p1a: Hellflame\n|-damage|p1a: Hellflame|49\/100\n|move|p1a: Hellflame|Power Gem|p2a: Lugia\n|-supereffective|p2a: Lugia\n|-damage|p2a: Lugia|32\/100\n|\n|-heal|p1a: Hellflame|55\/100|[from] item: Leftovers\n|-damage|p2a: Lugia|20\/100|[from] move: Magma Storm|[partiallytrapped]\n|upkeep\n|turn|28\n|\n|t:|1699571566\n|move|p2a: Lugia|Recover|p2a: Lugia\n|-heal|p2a: Lugia|70\/100\n|move|p1a: Hellflame|Power Gem|p2a: Lugia\n|-supereffective|p2a: Lugia\n|-damage|p2a: Lugia|44\/100\n|\n|-heal|p1a: Hellflame|61\/100|[from] item: Leftovers\n|-damage|p2a: Lugia|31\/100|[from] move: Magma Storm|[partiallytrapped]\n|upkeep\n|turn|29\n|\n|t:|1699571574\n|move|p2a: Lugia|Recover|p2a: Lugia\n|-heal|p2a: Lugia|81\/100\n|move|p1a: Hellflame|Power Gem|p2a: Lugia\n|-supereffective|p2a: Lugia\n|-damage|p2a: Lugia|54\/100\n|\n|-heal|p1a: Hellflame|68\/100|[from] item: Leftovers\n|-damage|p2a: Lugia|41\/100|[from] move: Magma Storm|[partiallytrapped]\n|upkeep\n|turn|30\n|c|\u2606pepsicangobrrr|stop stalling\n|c|\u2606pepsicangobrrr|>:(\n|\n|t:|1699571586\n|move|p2a: Lugia|Recover|p2a: Lugia\n|-heal|p2a: Lugia|91\/100\n|move|p1a: Hellflame|Power Gem|p2a: Lugia\n|-supereffective|p2a: Lugia\n|-damage|p2a: Lugia|62\/100\n|\n|-heal|p1a: Hellflame|74\/100|[from] item: Leftovers\n|-damage|p2a: Lugia|50\/100|[from] move: Magma Storm|[partiallytrapped]\n|upkeep\n|turn|31\n|c|\u2606TinyASDF|gimme a sec\n|\n|t:|1699571604\n|move|p2a: Lugia|Recover|p2a: Lugia\n|-heal|p2a: Lugia|99\/100\n|move|p1a: Hellflame|Power Gem|p2a: Lugia\n|-supereffective|p2a: Lugia\n|-damage|p2a: Lugia|73\/100\n|\n|-heal|p1a: Hellflame|80\/100|[from] item: Leftovers\n|-end|p2a: Lugia|Magma Storm|[partiallytrapped]\n|upkeep\n|turn|32\n|c|\u2606pepsicangobrrr|no >:(\n|\n|t:|1699571629\n|move|p2a: Lugia|Aeroblast|p1a: Hellflame|[miss]\n|-miss|p2a: Lugia|p1a: Hellflame\n|move|p1a: Hellflame|Magma Storm|p2a: Lugia|[miss]\n|-miss|p1a: Hellflame|p2a: Lugia\n|\n|-heal|p1a: Hellflame|86\/100|[from] item: Leftovers\n|upkeep\n|turn|33\n|\n|t:|1699571639\n|move|p2a: Lugia|Psychic|p1a: Hellflame\n|-resisted|p1a: Hellflame\n|-damage|p1a: Hellflame|47\/100\n|move|p1a: Hellflame|Magma Storm|p2a: Lugia\n|-damage|p2a: Lugia|49\/100\n|-activate|p2a: Lugia|move: Magma Storm|[of] p1a: Hellflame\n|\n|-heal|p1a: Hellflame|54\/100|[from] item: Leftovers\n|-damage|p2a: Lugia|37\/100|[from] move: Magma Storm|[partiallytrapped]\n|upkeep\n|turn|34\n|\n|t:|1699571647\n|move|p2a: Lugia|Recover|p2a: Lugia\n|-heal|p2a: Lugia|87\/100\n|move|p1a: Hellflame|Power Gem|p2a: Lugia\n|-supereffective|p2a: Lugia\n|-damage|p2a: Lugia|61\/100\n|\n|-heal|p1a: Hellflame|60\/100|[from] item: Leftovers\n|-damage|p2a: Lugia|49\/100|[from] move: Magma Storm|[partiallytrapped]\n|upkeep\n|turn|35\n|\n|t:|1699571658\n|move|p2a: Lugia|Recover|p2a: Lugia\n|-heal|p2a: Lugia|99\/100\n|move|p1a: Hellflame|Power Gem|p2a: Lugia\n|-supereffective|p2a: Lugia\n|-damage|p2a: Lugia|72\/100\n|\n|-heal|p1a: Hellflame|66\/100|[from] item: Leftovers\n|-damage|p2a: Lugia|59\/100|[from] move: Magma Storm|[partiallytrapped]\n|upkeep\n|turn|36\n|\n|t:|1699571670\n|move|p2a: Lugia|Aeroblast|p1a: Hellflame\n|-resisted|p1a: Hellflame\n|-damage|p1a: Hellflame|26\/100\n|move|p1a: Hellflame|Power Gem|p2a: Lugia\n|-supereffective|p2a: Lugia\n|-damage|p2a: Lugia|33\/100\n|\n|-heal|p1a: Hellflame|32\/100|[from] item: Leftovers\n|-damage|p2a: Lugia|20\/100|[from] move: Magma Storm|[partiallytrapped]\n|upkeep\n|turn|37\n|\n|t:|1699571682\n|move|p2a: Lugia|Aeroblast|p1a: Hellflame\n|-resisted|p1a: Hellflame\n|-crit|p1a: Hellflame\n|-damage|p1a: Hellflame|0 fnt\n|faint|p1a: Hellflame\n|\n|-end|p2a: Lugia|Magma Storm|[partiallytrapped]\n|upkeep\n|\n|t:|1699571687\n|switch|p1a: Titania|Metagross-Mega, shiny|88\/100 slp\n|turn|38\n|\n|t:|1699571710\n|move|p2a: Lugia|Aeroblast|p1a: Titania\n|-resisted|p1a: Titania\n|-damage|p1a: Titania|31\/100 slp\n|-curestatus|p1a: Titania|slp|[msg]\n|move|p1a: Titania|Meteor Mash|p2a: Lugia\n|-damage|p2a: Lugia|0 fnt\n|-boost|p1a: Titania|atk|1\n|faint|p2a: Lugia\n|\n|win|pepsicangobrrr\n|raw|pepsicangobrrr's rating: 1020 &rarr; <strong>1067<\/strong><br \/>(+47 for winning)\n|raw|TinyASDF's rating: 1116 &rarr; <strong>1084<\/strong><br \/>(-32 for losing)\n","uploadtime":1699571727,"views":6,"p1id":"pepsicangobrrr","p2id":"tinyasdf","formatid":"gen9nationaldexubers","rating":1067,"private":0,"password":""}