{"id":"gen9nationaldexubers-1989154000","p1":"amzser","p2":"GymleaderGrimmettz","format":"[Gen 9] National Dex Ubers","log":"|j|\u2606amzser\n|j|\u2606GymleaderGrimmettz\n|t:|1699817967\n|gametype|singles\n|player|p1|amzser|turo-ai|\n|player|p2|GymleaderGrimmettz|170|\n|teamsize|p1|6\n|teamsize|p2|6\n|gen|9\n|tier|[Gen 9] National Dex Ubers\n|rule|HP Percentage Mod: HP is shown in percentages\n|rule|Endless Battle Clause: Forcing endless battles is banned\n|rule|OHKO Clause: OHKO moves are banned\n|rule|Evasion Moves Clause: Evasion moves are banned\n|rule|Evasion Items Clause: Evasion items are banned\n|rule|Species Clause: Limit one of each Pok\u00e9mon\n|rule|Sleep Clause Mod: Limit one foe put to sleep\n|rule|Mega Rayquaza Clause: You cannot mega evolve Rayquaza\n|clearpoke\n|poke|p1|Shuckle, F|\n|poke|p1|Nidoqueen, F|\n|poke|p1|Kingdra, M|\n|poke|p1|Skarmory, F|\n|poke|p1|Slowbro, M|\n|poke|p1|Gyarados, M|\n|poke|p2|Gliscor, M|\n|poke|p2|Garchomp, M|\n|poke|p2|Rotom-Wash|\n|poke|p2|Weavile, F|\n|poke|p2|Togekiss, M|\n|poke|p2|Lucario, F|\n|teampreview\n|\n|t:|1699818010\n|start\n|switch|p1a: Shuckle|Shuckle, F|100\/100\n|switch|p2a: Gliscor|Gliscor, M|100\/100\n|turn|1\n|\n|t:|1699818020\n|move|p2a: Gliscor|Toxic Spikes|p1a: Shuckle\n|-sidestart|p1: amzser|move: Toxic Spikes\n|move|p1a: Shuckle|Sticky Web|p2a: Gliscor\n|-sidestart|p2: GymleaderGrimmettz|move: Sticky Web\n|\n|-status|p2a: Gliscor|tox|[from] item: Toxic Orb\n|upkeep\n|turn|2\n|\n|t:|1699818027\n|move|p2a: Gliscor|Spikes|p1a: Shuckle\n|-sidestart|p1: amzser|Spikes\n|move|p1a: Shuckle|Infestation|p2a: Gliscor\n|-resisted|p2a: Gliscor\n|-damage|p2a: Gliscor|99\/100 tox\n|-activate|p2a: Gliscor|move: Infestation|[of] p1a: Shuckle\n|\n|-heal|p2a: Gliscor|100\/100 tox|[from] ability: Poison Heal\n|-damage|p2a: Gliscor|88\/100 tox|[from] move: Infestation|[partiallytrapped]\n|upkeep\n|turn|3\n|\n|t:|1699818053\n|switch|p1a: Nidoqueen|Nidoqueen, F|100\/100\n|-sideend|p1: amzser|move: Toxic Spikes|[of] p1a: Nidoqueen\n|-damage|p1a: Nidoqueen|88\/100|[from] Spikes\n|move|p2a: Gliscor|Spikes|p1a: Nidoqueen\n|-sidestart|p1: amzser|Spikes\n|\n|-heal|p2a: Gliscor|100\/100 tox|[from] ability: Poison Heal\n|-end|p2a: Gliscor|Infestation|[partiallytrapped]|[silent]\n|upkeep\n|turn|4\n|c|\u2606amzser|oh wait we forgot to reveal tera types\n|c|\u2606amzser|im water\n|c|\u2606GymleaderGrimmettz|steel\n|\n|t:|1699818102\n|move|p2a: Gliscor|Protect|p2a: Gliscor\n|-singleturn|p2a: Gliscor|Protect\n|move|p1a: Nidoqueen|Flamethrower|p2a: Gliscor\n|-activate|p2a: Gliscor|move: Protect\n|\n|upkeep\n|turn|5\n|\n|t:|1699818116\n|switch|p2a: Rotom|Rotom-Wash|100\/100\n|move|p1a: Nidoqueen|Ice Beam|p2a: Rotom\n|-resisted|p2a: Rotom\n|-damage|p2a: Rotom|80\/100\n|\n|-heal|p2a: Rotom|86\/100|[from] item: Leftovers\n|upkeep\n|turn|6\n|\n|t:|1699818138\n|switch|p1a: Shuckle|Shuckle, F|100\/100\n|-damage|p1a: Shuckle|84\/100|[from] Spikes\n|move|p2a: Rotom|Hydro Pump|p1a: Shuckle\n|-supereffective|p1a: Shuckle\n|-crit|p1a: Shuckle\n|-damage|p1a: Shuckle|18\/100\n|\n|-heal|p2a: Rotom|93\/100|[from] item: Leftovers\n|-heal|p1a: Shuckle|24\/100|[from] item: Leftovers\n|upkeep\n|turn|7\n|\n|t:|1699818150\n|move|p2a: Rotom|Hydro Pump|p1a: Shuckle\n|-supereffective|p1a: Shuckle\n|-damage|p1a: Shuckle|0 fnt\n|faint|p1a: Shuckle\n|\n|-heal|p2a: Rotom|99\/100|[from] item: Leftovers\n|upkeep\n|c|\u2606GymleaderGrimmettz|dam soz\n|\n|t:|1699818164\n|switch|p1a: Slowbro|Slowbro, M|100\/100\n|-damage|p1a: Slowbro|84\/100|[from] Spikes\n|turn|8\n|\n|t:|1699818170\n|move|p2a: Rotom|Thunderbolt|p1a: Slowbro\n|-supereffective|p1a: Slowbro\n|-crit|p1a: Slowbro\n|-damage|p1a: Slowbro|0 fnt\n|faint|p1a: Slowbro\n|\n|-heal|p2a: Rotom|100\/100|[from] item: Leftovers\n|upkeep\n|c|\u2606GymleaderGrimmettz|....\n|c|\u2606amzser|crit 100% mattered\n|c|\u2606GymleaderGrimmettz|ye think both did tbh\n|c|\u2606GymleaderGrimmettz|soz\n|\n|t:|1699818195\n|switch|p1a: Skarmory|Skarmory, F|100\/100\n|turn|9\n|\n|t:|1699818203\n|move|p2a: Rotom|Volt Switch|p1a: Skarmory\n|-supereffective|p1a: Skarmory\n|-damage|p1a: Skarmory|32\/100\n|\n|t:|1699818216\n|switch|p2a: Togekiss|Togekiss, M|100\/100|[from] Volt Switch\n|move|p1a: Skarmory|Whirlwind|p2a: Togekiss\n|drag|p2a: Garchomp|Garchomp, M|100\/100\n|-activate|p2a: Garchomp|move: Sticky Web\n|-unboost|p2a: Garchomp|spe|1\n|\n|-heal|p1a: Skarmory|38\/100|[from] item: Leftovers\n|upkeep\n|turn|10\n|\n|t:|1699818237\n|switch|p1a: Nidoqueen|Nidoqueen, F|88\/100\n|-damage|p1a: Nidoqueen|72\/100|[from] Spikes\n|move|p2a: Garchomp|Stealth Rock|p1a: Nidoqueen\n|-sidestart|p1: amzser|move: Stealth Rock\n|\n|upkeep\n|turn|11\n|\n|t:|1699818253\n|switch|p2a: Rotom|Rotom-Wash|100\/100\n|-terastallize|p1a: Nidoqueen|Water\n|move|p1a: Nidoqueen|Ice Beam|p2a: Rotom\n|-resisted|p2a: Rotom\n|-damage|p2a: Rotom|82\/100\n|\n|-heal|p2a: Rotom|88\/100|[from] item: Leftovers\n|upkeep\n|turn|12\n|\n|t:|1699818263\n|switch|p1a: Skarmory|Skarmory, F|38\/100\n|-damage|p1a: Skarmory|25\/100|[from] Stealth Rock\n|move|p2a: Rotom|Thunderbolt|p1a: Skarmory\n|-supereffective|p1a: Skarmory\n|-damage|p1a: Skarmory|0 fnt\n|faint|p1a: Skarmory\n|\n|-heal|p2a: Rotom|94\/100|[from] item: Leftovers\n|upkeep\n|\n|t:|1699818268\n|switch|p1a: Gyarados|Gyarados, M|100\/100\n|-damage|p1a: Gyarados|75\/100|[from] Stealth Rock\n|turn|13\n|\n|t:|1699818275\n|detailschange|p1a: Gyarados|Gyarados-Mega, M\n|-mega|p1a: Gyarados|Gyarados|Gyaradosite\n|-ability|p1a: Gyarados|Mold Breaker\n|move|p1a: Gyarados|Dragon Dance|p1a: Gyarados\n|-boost|p1a: Gyarados|atk|1\n|-boost|p1a: Gyarados|spe|1\n|move|p2a: Rotom|Thunderbolt|p1a: Gyarados\n|-supereffective|p1a: Gyarados\n|-damage|p1a: Gyarados|23\/100\n|\n|-heal|p2a: Rotom|100\/100|[from] item: Leftovers\n|upkeep\n|turn|14\n|\n|t:|1699818292\n|switch|p2a: Togekiss|Togekiss, M|100\/100\n|move|p1a: Gyarados|Earthquake|p2a: Togekiss\n|-immune|p2a: Togekiss\n|\n|upkeep\n|turn|15\n|\n|t:|1699818301\n|move|p1a: Gyarados|Waterfall|p2a: Togekiss\n|-damage|p2a: Togekiss|23\/100\n|move|p2a: Togekiss|Dazzling Gleam|p1a: Gyarados\n|-supereffective|p1a: Gyarados\n|-damage|p1a: Gyarados|0 fnt\n|faint|p1a: Gyarados\n|\n|upkeep\n|\n|t:|1699818313\n|switch|p1a: Kingdra|Kingdra, M|100\/100\n|-damage|p1a: Kingdra|84\/100|[from] Spikes\n|-damage|p1a: Kingdra|72\/100|[from] Stealth Rock\n|turn|16\n|\n|t:|1699818330\n|move|p1a: Kingdra|Ice Beam|p2a: Togekiss\n|-supereffective|p2a: Togekiss\n|-damage|p2a: Togekiss|0 fnt\n|faint|p2a: Togekiss\n|\n|upkeep\n|\n|t:|1699818337\n|switch|p2a: Lucario|Lucario, F|100\/100\n|-activate|p2a: Lucario|move: Sticky Web\n|-unboost|p2a: Lucario|spe|1\n|turn|17\n|\n|t:|1699818345\n|detailschange|p2a: Lucario|Lucario-Mega, F\n|-mega|p2a: Lucario|Lucario|Lucarionite\n|move|p1a: Kingdra|Ice Beam|p2a: Lucario\n|-resisted|p2a: Lucario\n|-damage|p2a: Lucario|72\/100\n|move|p2a: Lucario|Nasty Plot|p2a: Lucario\n|-boost|p2a: Lucario|spa|2\n|\n|upkeep\n|turn|18\n|\n|t:|1699818354\n|move|p1a: Kingdra|Ice Beam|p2a: Lucario\n|-resisted|p2a: Lucario\n|-damage|p2a: Lucario|39\/100\n|move|p2a: Lucario|Flash Cannon|p1a: Kingdra\n|-resisted|p1a: Kingdra\n|-damage|p1a: Kingdra|3\/100\n|\n|upkeep\n|turn|19\n|\n|t:|1699818361\n|move|p2a: Lucario|Vacuum Wave|p1a: Kingdra\n|-damage|p1a: Kingdra|0 fnt\n|faint|p1a: Kingdra\n|\n|upkeep\n|\n|t:|1699818363\n|switch|p1a: Nidoqueen|Nidoqueen, F, tera:Water|72\/100\n|-damage|p1a: Nidoqueen|55\/100|[from] Spikes\n|-damage|p1a: Nidoqueen|43\/100|[from] Stealth Rock\n|turn|20\n|\n|t:|1699818368\n|move|p2a: Lucario|Vacuum Wave|p1a: Nidoqueen\n|-damage|p1a: Nidoqueen|0 fnt\n|faint|p1a: Nidoqueen\n|\n|win|GymleaderGrimmettz\n|c|\u2606amzser|gg\n|c|\u2606GymleaderGrimmettz|GG them crits man\n|c|\u2606GymleaderGrimmettz|feel bad\n","uploadtime":1699818387,"views":18,"p1id":"amzser","p2id":"gymleadergrimmettz","formatid":"gen9nationaldexubers","rating":0,"private":0,"password":""}