{"id":"gen9nationaldexubers-1990913903","p1":"nfyhsueryfgius","p2":"Cyniot","format":"[Gen 9] National Dex Ubers","log":"|j|\u2606nfyhsueryfgius\n|j|\u2606Cyniot\n|t:|1700014519\n|gametype|singles\n|player|p1|nfyhsueryfgius|ghetsis|1666\n|player|p2|Cyniot|ash|1727\n|teamsize|p1|6\n|teamsize|p2|6\n|gen|9\n|tier|[Gen 9] National Dex Ubers\n|rated|\n|rule|HP Percentage Mod: HP is shown in percentages\n|rule|Endless Battle Clause: Forcing endless battles is banned\n|rule|OHKO Clause: OHKO moves are banned\n|rule|Evasion Moves Clause: Evasion moves are banned\n|rule|Evasion Items Clause: Evasion items are banned\n|rule|Species Clause: Limit one of each Pok\u00e9mon\n|rule|Sleep Clause Mod: Limit one foe put to sleep\n|rule|Mega Rayquaza Clause: You cannot mega evolve Rayquaza\n|clearpoke\n|poke|p1|Ho-Oh|\n|poke|p1|Arceus-Dark|\n|poke|p1|Groudon|\n|poke|p1|Zygarde|\n|poke|p1|Necrozma-Dusk-Mane|\n|poke|p1|Mewtwo|\n|poke|p2|Deoxys-Speed|\n|poke|p2|Groudon|\n|poke|p2|Xerneas-*|\n|poke|p2|Arceus-Dark|\n|poke|p2|Zacian-*|\n|poke|p2|Blissey, F|\n|teampreview\n|inactive|Battle timer is ON: inactive players will automatically lose when time's up. (requested by nfyhsueryfgius)\n|\n|t:|1700014570\n|start\n|switch|p1a: Arceus|Arceus-Dark|100\/100\n|switch|p2a: Deoxys|Deoxys-Speed|100\/100\n|-ability|p2a: Deoxys|Pressure\n|turn|1\n|\n|t:|1700014594\n|move|p2a: Deoxys|Stealth Rock|p1a: Arceus\n|-sidestart|p1: nfyhsueryfgius|move: Stealth Rock\n|move|p1a: Arceus|Foul Play|p2a: Deoxys\n|-supereffective|p2a: Deoxys\n|-damage|p2a: Deoxys|23\/100\n|\n|upkeep\n|turn|2\n|\n|t:|1700014600\n|move|p2a: Deoxys|Spikes|p1a: Arceus\n|-sidestart|p1: nfyhsueryfgius|Spikes\n|move|p1a: Arceus|Foul Play|p2a: Deoxys\n|-supereffective|p2a: Deoxys\n|-damage|p2a: Deoxys|0 fnt\n|faint|p2a: Deoxys\n|\n|upkeep\n|inactive|Cyniot has 120 seconds left.\n|\n|t:|1700014646\n|switch|p2a: Zacian|Zacian-Crowned|100\/100\n|-ability|p2a: Zacian|Intrepid Sword|boost\n|-boost|p2a: Zacian|atk|1\n|turn|3\n|\n|t:|1700014651\n|switch|p1a: Groudon|Groudon|100\/100\n|-damage|p1a: Groudon|94\/100|[from] Stealth Rock\n|-damage|p1a: Groudon|82\/100|[from] Spikes\n|detailschange|p1a: Groudon|Groudon-Primal\n|-primal|p1a: Groudon|Red Orb\n|-weather|DesolateLand|[from] ability: Desolate Land|[of] p1a: Groudon\n|move|p2a: Zacian|Swords Dance|p2a: Zacian\n|-boost|p2a: Zacian|atk|2\n|\n|-weather|DesolateLand|[upkeep]\n|upkeep\n|turn|4\n|\n|t:|1700014655\n|-terastallize|p2a: Zacian|Ground\n|move|p2a: Zacian|Tera Blast|p1a: Groudon|[anim] Tera Blast Ground\n|-supereffective|p1a: Groudon\n|-damage|p1a: Groudon|0 fnt\n|faint|p1a: Groudon\n|-weather|none\n|\n|upkeep\n|\n|t:|1700014657\n|switch|p1a: Ho-Oh|Ho-Oh|100\/100\n|turn|5\n|\n|t:|1700014660\n|-terastallize|p1a: Ho-Oh|Grass\n|move|p2a: Zacian|Behemoth Blade|p1a: Ho-Oh\n|-damage|p1a: Ho-Oh|11\/100\n|move|p1a: Ho-Oh|Sacred Fire|p2a: Zacian\n|-damage|p2a: Zacian|52\/100\n|-status|p2a: Zacian|brn\n|\n|-damage|p2a: Zacian|45\/100 brn|[from] brn\n|upkeep\n|turn|6\n|\n|t:|1700014673\n|switch|p1a: Zygarde|Zygarde|100\/100\n|-damage|p1a: Zygarde|94\/100|[from] Stealth Rock\n|-damage|p1a: Zygarde|82\/100|[from] Spikes\n|move|p2a: Zacian|Tera Blast|p1a: Zygarde|[anim] Tera Blast Ground\n|-damage|p1a: Zygarde|42\/100\n|\n|-heal|p1a: Zygarde|48\/100|[from] item: Leftovers\n|-damage|p2a: Zacian|39\/100 brn|[from] brn\n|-activate|p1a: Zygarde|ability: Power Construct\n|detailschange|p1a: Zygarde|Zygarde-Complete\n|-heal|p1a: Zygarde|68\/100|[silent]\n|upkeep\n|turn|7\n|\n|t:|1700014676\n|switch|p1a: Ho-Oh|Ho-Oh, tera:Grass|44\/100\n|move|p2a: Zacian|Play Rough|p1a: Ho-Oh\n|-crit|p1a: Ho-Oh\n|-damage|p1a: Ho-Oh|0 fnt\n|faint|p1a: Ho-Oh\n|\n|-damage|p2a: Zacian|33\/100 brn|[from] brn\n|upkeep\n|\n|t:|1700014686\n|switch|p1a: Zygarde|Zygarde-Complete|68\/100\n|-damage|p1a: Zygarde|62\/100|[from] Stealth Rock\n|-damage|p1a: Zygarde|49\/100|[from] Spikes\n|turn|8\n|\n|t:|1700014691\n|switch|p1a: Necrozma|Necrozma-Dusk-Mane|100\/100\n|-damage|p1a: Necrozma|94\/100|[from] Stealth Rock\n|-damage|p1a: Necrozma|82\/100|[from] Spikes\n|move|p2a: Zacian|Tera Blast|p1a: Necrozma|[anim] Tera Blast Ground\n|-supereffective|p1a: Necrozma\n|-damage|p1a: Necrozma|32\/100\n|\n|-damage|p2a: Zacian|27\/100 brn|[from] brn\n|upkeep\n|turn|9\n|\n|t:|1700014698\n|move|p2a: Zacian|Tera Blast|p1a: Necrozma|[anim] Tera Blast Ground\n|-supereffective|p1a: Necrozma\n|-damage|p1a: Necrozma|0 fnt\n|faint|p1a: Necrozma\n|\n|-damage|p2a: Zacian|21\/100 brn|[from] brn\n|upkeep\n|-message|nfyhsueryfgius forfeited.\n|\n|win|Cyniot\n|raw|nfyhsueryfgius's rating: 1666 &rarr; <strong>1649<\/strong><br \/>(-17 for losing)\n|raw|Cyniot's rating: 1727 &rarr; <strong>1744<\/strong><br \/>(+17 for winning)\n|l|\u2606nfyhsueryfgius\n","uploadtime":1700014706,"views":34,"p1id":"nfyhsueryfgius","p2id":"cyniot","formatid":"gen9nationaldexubers","rating":1649,"private":0,"password":""}