{"id":"gen9nationaldexubers-1983018490","p1":"MiraGraves","p2":"Flames98765","format":"[Gen 9] National Dex Ubers","log":"|j|\u2606MiraGraves\n|j|\u2606Flames98765\n|t:|1699070722\n|gametype|singles\n|player|p1|MiraGraves|psychicf-gen4|\n|player|p2|Flames98765|jasmine|\n|teamsize|p1|6\n|teamsize|p2|6\n|gen|9\n|tier|[Gen 9] National Dex Ubers\n|rule|HP Percentage Mod: HP is shown in percentages\n|rule|Endless Battle Clause: Forcing endless battles is banned\n|rule|OHKO Clause: OHKO moves are banned\n|rule|Evasion Moves Clause: Evasion moves are banned\n|rule|Evasion Items Clause: Evasion items are banned\n|rule|Species Clause: Limit one of each Pok\u00e9mon\n|rule|Sleep Clause Mod: Limit one foe put to sleep\n|rule|Mega Rayquaza Clause: You cannot mega evolve Rayquaza\n|clearpoke\n|poke|p1|Ninetales-Alola, M|\n|poke|p1|Magearna|\n|poke|p1|Baxcalibur, F|\n|poke|p1|Heatran, M|\n|poke|p1|Victini|\n|poke|p1|Landorus-Therian, M|\n|poke|p2|Tapu Koko|\n|poke|p2|Leavanny, F|\n|poke|p2|Xurkitree|\n|poke|p2|Serperior, M|\n|poke|p2|Kartana|\n|poke|p2|Zekrom|\n|teampreview\n|l|\u2606MiraGraves\n|player|p1|\n|j|\u2606MiraGraves\n|player|p1|MiraGraves|psychicf-gen4\n|\n|t:|1699071024\n|start\n|switch|p1a: Heatran|Heatran, M|100\/100\n|switch|p2a: Tapu Koko|Tapu Koko|100\/100\n|-fieldstart|move: Electric Terrain|[from] ability: Electric Surge|[of] p2a: Tapu Koko\n|-item|p1a: Heatran|Air Balloon\n|turn|1\n|\n|t:|1699071069\n|move|p2a: Tapu Koko|Nature's Madness|p1a: Heatran|[miss]\n|-miss|p2a: Tapu Koko|p1a: Heatran\n|move|p1a: Heatran|Stealth Rock|p2a: Tapu Koko\n|-sidestart|p2: Flames98765|move: Stealth Rock\n|\n|upkeep\n|turn|2\n|\n|t:|1699071087\n|move|p2a: Tapu Koko|Nature's Madness|p1a: Heatran\n|-damage|p1a: Heatran|50\/100\n|-enditem|p1a: Heatran|Air Balloon\n|move|p1a: Heatran|Earth Power|p2a: Tapu Koko\n|-supereffective|p2a: Tapu Koko\n|-damage|p2a: Tapu Koko|28\/100\n|\n|upkeep\n|turn|3\n|\n|t:|1699071110\n|move|p2a: Tapu Koko|Volt Switch|p1a: Heatran\n|-damage|p1a: Heatran|16\/100\n|\n|t:|1699071119\n|switch|p2a: Zekrom|Zekrom|100\/100|[from] Volt Switch\n|-ability|p2a: Zekrom|Teravolt\n|move|p1a: Heatran|Magma Storm|p2a: Zekrom|[miss]\n|-miss|p1a: Heatran|p2a: Zekrom\n|\n|upkeep\n|turn|4\n|\n|t:|1699071132\n|move|p2a: Zekrom|Defog|p1a: Heatran\n|-unboost|p1a: Heatran|evasion|1\n|-sideend|p2: Flames98765|Stealth Rock|[from] move: Defog|[of] p2a: Zekrom\n|-fieldend|move: Electric Terrain\n|move|p1a: Heatran|Earth Power|p2a: Zekrom\n|-supereffective|p2a: Zekrom\n|-damage|p2a: Zekrom|41\/100\n|\n|upkeep\n|turn|5\n|\n|t:|1699071146\n|move|p2a: Zekrom|Dragon Claw|p1a: Heatran\n|-resisted|p1a: Heatran\n|-damage|p1a: Heatran|0 fnt\n|faint|p1a: Heatran\n|\n|upkeep\n|\n|t:|1699071150\n|switch|p1a: Ninetales|Ninetales-Alola, M|100\/100\n|-weather|Snow|[from] ability: Snow Warning|[of] p1a: Ninetales\n|turn|6\n|\n|t:|1699071160\n|move|p1a: Ninetales|Aurora Veil|p1a: Ninetales\n|-sidestart|p1: MiraGraves|move: Aurora Veil\n|move|p2a: Zekrom|Defog|p1a: Ninetales\n|-unboost|p1a: Ninetales|evasion|1\n|-sideend|p1: MiraGraves|move: Aurora Veil\n|\n|-weather|Snow|[upkeep]\n|upkeep\n|turn|7\n|\n|t:|1699071181\n|move|p1a: Ninetales|Moonblast|p2a: Zekrom\n|-supereffective|p2a: Zekrom\n|-damage|p2a: Zekrom|0 fnt\n|faint|p2a: Zekrom\n|\n|-weather|Snow|[upkeep]\n|upkeep\n|\n|t:|1699071186\n|switch|p2a: Xurkitree|Xurkitree|100\/100\n|turn|8\n|\n|t:|1699071196\n|move|p1a: Ninetales|Aurora Veil|p1a: Ninetales\n|-sidestart|p1: MiraGraves|move: Aurora Veil\n|-zpower|p2a: Xurkitree\n|move|p2a: Xurkitree|Z-Hypnosis|p1a: Ninetales|[anim]Hypnosis|[miss]\n|-boost|p2a: Xurkitree|spe|1|[zeffect]\n|-miss|p2a: Xurkitree|p1a: Ninetales\n|\n|-weather|Snow|[upkeep]\n|upkeep\n|turn|9\n|\n|t:|1699071214\n|switch|p1a: Landorus|Landorus-Therian, M|100\/100\n|-ability|p1a: Landorus|Intimidate|boost\n|-unboost|p2a: Xurkitree|atk|1\n|move|p2a: Xurkitree|Hypnosis|p1a: Landorus\n|-status|p1a: Landorus|slp|[from] move: Hypnosis\n|\n|-weather|Snow|[upkeep]\n|upkeep\n|turn|10\n|\n|t:|1699071229\n|switch|p1a: Victini|Victini|100\/100\n|move|p2a: Xurkitree|Tail Glow|p2a: Xurkitree\n|-boost|p2a: Xurkitree|spa|3\n|\n|-weather|Snow|[upkeep]\n|upkeep\n|turn|11\n|\n|t:|1699071239\n|move|p2a: Xurkitree|Thunderbolt|p1a: Victini\n|-damage|p1a: Victini|33\/100\n|-zpower|p1a: Victini\n|move|p1a: Victini|Z-Celebrate|p1a: Victini|[anim]Celebrate\n|-boost|p1a: Victini|atk|1|[zeffect]\n|-boost|p1a: Victini|def|1|[zeffect]\n|-boost|p1a: Victini|spa|1|[zeffect]\n|-boost|p1a: Victini|spd|1|[zeffect]\n|-boost|p1a: Victini|spe|1|[zeffect]\n|-activate|p1a: Victini|move: Celebrate\n|\n|-weather|Snow|[upkeep]\n|upkeep\n|turn|12\n|\n|t:|1699071268\n|switch|p2a: Tapu Koko|Tapu Koko|28\/100\n|-fieldstart|move: Electric Terrain|[from] ability: Electric Surge|[of] p2a: Tapu Koko\n|move|p1a: Victini|Stored Power|p2a: Tapu Koko\n|-damage|p2a: Tapu Koko|0 fnt\n|faint|p2a: Tapu Koko\n|\n|-weather|Snow|[upkeep]\n|-sideend|p1: MiraGraves|move: Aurora Veil\n|upkeep\n|\n|t:|1699071277\n|switch|p2a: Serperior|Serperior, M|100\/100\n|turn|13\n|\n|t:|1699071285\n|-terastallize|p2a: Serperior|Fire\n|move|p1a: Victini|Stored Power|p2a: Serperior\n|-damage|p2a: Serperior|4\/100\n|move|p2a: Serperior|Glare|p1a: Victini\n|-status|p1a: Victini|par\n|\n|-weather|none\n|-heal|p2a: Serperior|10\/100|[from] item: Leftovers\n|upkeep\n|turn|14\n|\n|t:|1699071298\n|move|p2a: Serperior|Leaf Storm|p1a: Victini\n|-resisted|p1a: Victini\n|-damage|p1a: Victini|18\/100 par\n|-boost|p2a: Serperior|spa|2\n|move|p1a: Victini|Stored Power|p2a: Serperior\n|-damage|p2a: Serperior|0 fnt\n|faint|p2a: Serperior\n|\n|upkeep\n|\n|t:|1699071310\n|switch|p2a: Kartana|Kartana|100\/100\n|-enditem|p2a: Kartana|Electric Seed\n|-boost|p2a: Kartana|def|1|[from] item: Electric Seed\n|turn|15\n|c|\u2606MiraGraves|It's over...\n|\n|t:|1699071318\n|move|p2a: Kartana|Knock Off|p1a: Victini\n|-supereffective|p1a: Victini\n|-damage|p1a: Victini|0 fnt\n|faint|p1a: Victini\n|-ability|p2a: Kartana|Beast Boost|boost\n|-boost|p2a: Kartana|atk|1\n|\n|upkeep\n|c|\u2606Flames98765|I dont think so\n|c|\u2606Flames98765|wait maybe\n|c|\u2606Flames98765|lando is asleep\n|c|\u2606Flames98765|XD\n|c|\u2606Flames98765|you have some hope\n|\n|t:|1699071343\n|switch|p1a: Landorus|Landorus-Therian, M|100\/100 slp\n|-ability|p1a: Landorus|Intimidate|boost\n|-unboost|p2a: Kartana|atk|1\n|turn|16\n|c|\u2606MiraGraves|Wake up\n|\n|t:|1699071367\n|move|p2a: Kartana|Swords Dance|p2a: Kartana\n|-boost|p2a: Kartana|atk|2\n|cant|p1a: Landorus|slp\n|\n|-fieldend|move: Electric Terrain\n|upkeep\n|turn|17\n|c|\u2606Flames98765|hush little lando stay asleep\n|\n|t:|1699071377\n|move|p2a: Kartana|Knock Off|p1a: Landorus\n|-damage|p1a: Landorus|3\/100 slp\n|-enditem|p1a: Landorus|Heavy-Duty Boots|[from] move: Knock Off|[of] p2a: Kartana\n|-curestatus|p1a: Landorus|slp|[msg]\n|move|p1a: Landorus|Earthquake|p2a: Kartana\n|-damage|p2a: Kartana|63\/100\n|\n|upkeep\n|turn|18\n|\n|t:|1699071398\n|move|p2a: Kartana|Smart Strike|p1a: Landorus\n|-damage|p1a: Landorus|0 fnt\n|faint|p1a: Landorus\n|-ability|p2a: Kartana|Beast Boost|boost\n|-boost|p2a: Kartana|atk|1\n|\n|upkeep\n|c|\u2606MiraGraves|GG\n|c|\u2606Flames98765|how so\n|\n|t:|1699071413\n|switch|p1a: Magearna|Magearna|100\/100\n|turn|19\n|c|\u2606Flames98765|are you throwing?\n|\n|t:|1699071422\n|move|p2a: Kartana|Smart Strike|p1a: Magearna\n|-damage|p1a: Magearna|0 fnt\n|faint|p1a: Magearna\n|-ability|p2a: Kartana|Beast Boost|boost\n|-boost|p2a: Kartana|atk|1\n|\n|upkeep\n|c|\u2606MiraGraves|I guess\n|c|\u2606Flames98765|a ninetails speed ties\n|c|\u2606Flames98765|XD\n|\n|t:|1699071439\n|switch|p1a: Ninetales|Ninetales-Alola, M|100\/100\n|-weather|Snow|[from] ability: Snow Warning|[of] p1a: Ninetales\n|turn|20\n|c|\u2606Flames98765|its a 50\/50\n|\n|t:|1699071450\n|-terastallize|p1a: Ninetales|Fairy\n|move|p2a: Kartana|Smart Strike|p1a: Ninetales\n|-supereffective|p1a: Ninetales\n|-damage|p1a: Ninetales|0 fnt\n|faint|p1a: Ninetales\n|-ability|p2a: Kartana|Beast Boost|boost\n|-boost|p2a: Kartana|atk|1\n|\n|-weather|Snow|[upkeep]\n|upkeep\n|c|\u2606MiraGraves|And lost it\n|c|\u2606Flames98765|either way xuitree cleanedup\n|c|\u2606Flames98765|so I guess its fine\n|\n|t:|1699071470\n|switch|p1a: Baxcalibur|Baxcalibur, F|100\/100\n|turn|21\n|\n|t:|1699071474\n|move|p2a: Kartana|Smart Strike|p1a: Baxcalibur\n|-supereffective|p1a: Baxcalibur\n|-damage|p1a: Baxcalibur|0 fnt\n|faint|p1a: Baxcalibur\n|\n|win|Flames98765\n|c|\u2606Flames98765|gg\n|l|\u2606MiraGraves\n","uploadtime":1699071482,"views":12,"p1id":"miragraves","p2id":"flames98765","formatid":"gen9nationaldexubers","rating":0,"private":0,"password":""}