{"id":"gen9nationaldexubers-1982106666","p1":"JensPass","p2":"XX_1nfinity_XX","format":"[Gen 9] National Dex Ubers","log":"|j|\u2606JensPass\n|j|\u2606XX_1nfinity_XX\n|t:|1698968501\n|gametype|singles\n|player|p1|JensPass|2|\n|player|p2|XX_1nfinity_XX|blackbelt-gen4dp|\n|teamsize|p1|6\n|teamsize|p2|6\n|gen|9\n|tier|[Gen 9] National Dex Ubers\n|rule|HP Percentage Mod: HP is shown in percentages\n|rule|Endless Battle Clause: Forcing endless battles is banned\n|rule|OHKO Clause: OHKO moves are banned\n|rule|Evasion Moves Clause: Evasion moves are banned\n|rule|Evasion Items Clause: Evasion items are banned\n|rule|Species Clause: Limit one of each Pok\u00e9mon\n|rule|Sleep Clause Mod: Limit one foe put to sleep\n|rule|Mega Rayquaza Clause: You cannot mega evolve Rayquaza\n|clearpoke\n|poke|p1|Iron Treads|\n|poke|p1|Medicham, M|\n|poke|p1|Ninetales-Alola, F|\n|poke|p1|Greninja-*, M|\n|poke|p1|Dragapult, M|\n|poke|p1|Iron Moth|\n|poke|p2|Flutter Mane|\n|poke|p2|Skeledirge, F|\n|poke|p2|Golurk|\n|poke|p2|Corsola-Galar, M|\n|poke|p2|Sableye, M|\n|poke|p2|Mandibuzz, F|\n|teampreview\n|inactive|Battle timer is ON: inactive players will automatically lose when time's up. (requested by XX_1nfinity_XX)\n|c|\u2606XX_1nfinity_XX|glhf\n|c|\u2606JensPass|u2\n|\n|t:|1698968512\n|start\n|switch|p1a: Iron Treads|Iron Treads|100\/100\n|switch|p2a: Sableye|Sableye, M|100\/100\n|-enditem|p1a: Iron Treads|Booster Energy\n|-activate|p1a: Iron Treads|ability: Quark Drive|[fromitem]\n|-start|p1a: Iron Treads|quarkdrivespe\n|turn|1\n|\n|t:|1698968520\n|move|p2a: Sableye|Will-O-Wisp|p1a: Iron Treads\n|-status|p1a: Iron Treads|brn\n|move|p1a: Iron Treads|Stealth Rock|p2a: Sableye\n|-sidestart|p2: XX_1nfinity_XX|move: Stealth Rock\n|\n|-damage|p1a: Iron Treads|94\/100 brn|[from] brn\n|upkeep\n|turn|2\n|inactive|XX_1nfinity_XX has 270 seconds left.\n|\n|t:|1698968554\n|-end|p1a: Iron Treads|Quark Drive|[silent]\n|switch|p1a: Ninetales|Ninetales-Alola, F|100\/100\n|-weather|Snow|[from] ability: Snow Warning|[of] p1a: Ninetales\n|move|p2a: Sableye|Knock Off|p1a: Ninetales\n|-resisted|p1a: Ninetales\n|-damage|p1a: Ninetales|87\/100\n|-enditem|p1a: Ninetales|Light Clay|[from] move: Knock Off|[of] p2a: Sableye\n|\n|-weather|Snow|[upkeep]\n|upkeep\n|turn|3\n|\n|t:|1698968561\n|move|p2a: Sableye|Thunder Wave|p1a: Ninetales\n|-status|p1a: Ninetales|par\n|cant|p1a: Ninetales|par\n|\n|-weather|Snow|[upkeep]\n|upkeep\n|turn|4\n|\n|t:|1698968573\n|switch|p2a: Corsola|Corsola-Galar, M|100\/100\n|-damage|p2a: Corsola|88\/100|[from] Stealth Rock\n|move|p1a: Ninetales|Aurora Veil|p1a: Ninetales\n|-sidestart|p1: JensPass|move: Aurora Veil\n|\n|-weather|Snow|[upkeep]\n|upkeep\n|turn|5\n|\n|t:|1698968584\n|switch|p1a: Greninja|Greninja, M|100\/100\n|move|p2a: Corsola|Night Shade|p1a: Greninja\n|-damage|p1a: Greninja|65\/100\n|\n|-weather|Snow|[upkeep]\n|upkeep\n|turn|6\n|\n|t:|1698968591\n|move|p1a: Greninja|Dark Pulse|p2a: Corsola\n|-supereffective|p2a: Corsola\n|-damage|p2a: Corsola|38\/100\n|move|p2a: Corsola|Haze|p2a: Corsola\n|-clearallboost\n|\n|-weather|none\n|upkeep\n|turn|7\n|\n|t:|1698968598\n|switch|p2a: Sableye|Sableye, M|100\/100\n|-damage|p2a: Sableye|88\/100|[from] Stealth Rock\n|move|p1a: Greninja|Dark Pulse|p2a: Sableye\n|-damage|p2a: Sableye|33\/100\n|\n|upkeep\n|turn|8\n|c|\u2606JensPass|?\n|\n|t:|1698968603\n|switch|p1a: Ninetales|Ninetales-Alola, F|87\/100 par\n|-weather|Snow|[from] ability: Snow Warning|[of] p1a: Ninetales\n|move|p2a: Sableye|Recover|p2a: Sableye\n|-heal|p2a: Sableye|83\/100\n|\n|-weather|Snow|[upkeep]\n|-sideend|p1: JensPass|move: Aurora Veil\n|upkeep\n|turn|9\n|\n|t:|1698968623\n|switch|p2a: Skeledirge|Skeledirge, F|100\/100\n|move|p1a: Ninetales|Aurora Veil|p1a: Ninetales\n|-sidestart|p1: JensPass|move: Aurora Veil\n|\n|-weather|Snow|[upkeep]\n|upkeep\n|turn|10\n|\n|t:|1698968628\n|switch|p1a: Iron Treads|Iron Treads|94\/100 brn\n|move|p2a: Skeledirge|Torch Song|p1a: Iron Treads\n|-supereffective|p1a: Iron Treads\n|-damage|p1a: Iron Treads|53\/100 brn\n|-boost|p2a: Skeledirge|spa|1\n|\n|-weather|Snow|[upkeep]\n|-damage|p1a: Iron Treads|47\/100 brn|[from] brn\n|upkeep\n|turn|11\n|\n|t:|1698968642\n|-terastallize|p2a: Skeledirge|Fairy\n|move|p1a: Iron Treads|Knock Off|p2a: Skeledirge\n|-resisted|p2a: Skeledirge\n|-damage|p2a: Skeledirge|95\/100\n|-enditem|p2a: Skeledirge|Heavy-Duty Boots|[from] move: Knock Off|[of] p1a: Iron Treads\n|move|p2a: Skeledirge|Torch Song|p1a: Iron Treads\n|-supereffective|p1a: Iron Treads\n|-damage|p1a: Iron Treads|0 fnt\n|-boost|p2a: Skeledirge|spa|1\n|faint|p1a: Iron Treads\n|-end|p1a: Iron Treads|Quark Drive|[silent]\n|\n|-weather|Snow|[upkeep]\n|upkeep\n|\n|t:|1698968652\n|switch|p1a: Iron Moth|Iron Moth|100\/100\n|-enditem|p1a: Iron Moth|Booster Energy\n|-activate|p1a: Iron Moth|ability: Quark Drive|[fromitem]\n|-start|p1a: Iron Moth|quarkdrivespe\n|turn|12\n|\n|t:|1698968664\n|switch|p2a: Corsola|Corsola-Galar, M|38\/100\n|-damage|p2a: Corsola|25\/100|[from] Stealth Rock\n|move|p1a: Iron Moth|Sludge Wave|p2a: Corsola\n|-resisted|p2a: Corsola\n|-damage|p2a: Corsola|12\/100\n|\n|-weather|none\n|upkeep\n|turn|13\n|\n|t:|1698968669\n|move|p1a: Iron Moth|Fiery Dance|p2a: Corsola\n|-damage|p2a: Corsola|0 fnt\n|-start|p1a: Iron Moth|Disable|Fiery Dance|[from] ability: Cursed Body|[of] p2a: Corsola\n|faint|p2a: Corsola\n|\n|-sideend|p1: JensPass|move: Aurora Veil\n|upkeep\n|\n|t:|1698968672\n|switch|p2a: Sableye|Sableye, M|83\/100\n|-damage|p2a: Sableye|71\/100|[from] Stealth Rock\n|turn|14\n|\n|t:|1698968675\n|move|p2a: Sableye|Thunder Wave|p1a: Iron Moth\n|-status|p1a: Iron Moth|par\n|move|p1a: Iron Moth|Dazzling Gleam|p2a: Sableye\n|-supereffective|p2a: Sableye\n|-damage|p2a: Sableye|17\/100\n|\n|upkeep\n|turn|15\n|\n|t:|1698968688\n|move|p2a: Sableye|Recover|p2a: Sableye\n|-heal|p2a: Sableye|67\/100\n|move|p1a: Iron Moth|Sludge Wave|p2a: Sableye\n|-resisted|p2a: Sableye\n|-damage|p2a: Sableye|41\/100\n|\n|upkeep\n|turn|16\n|\n|t:|1698968694\n|-end|p1a: Iron Moth|Quark Drive|[silent]\n|switch|p1a: Ninetales|Ninetales-Alola, F|87\/100 par\n|-weather|Snow|[from] ability: Snow Warning|[of] p1a: Ninetales\n|move|p2a: Sableye|Recover|p2a: Sableye\n|-heal|p2a: Sableye|91\/100\n|\n|-weather|Snow|[upkeep]\n|upkeep\n|turn|17\n|\n|t:|1698968710\n|switch|p2a: Skeledirge|Skeledirge, F, tera:Fairy|95\/100\n|-damage|p2a: Skeledirge|82\/100|[from] Stealth Rock\n|move|p1a: Ninetales|Aurora Veil|p1a: Ninetales\n|-sidestart|p1: JensPass|move: Aurora Veil\n|\n|-weather|Snow|[upkeep]\n|upkeep\n|turn|18\n|\n|t:|1698968715\n|switch|p1a: Iron Moth|Iron Moth|100\/100 par\n|move|p2a: Skeledirge|Torch Song|p1a: Iron Moth\n|-resisted|p1a: Iron Moth\n|-damage|p1a: Iron Moth|94\/100 par\n|-boost|p2a: Skeledirge|spa|1\n|\n|-weather|Snow|[upkeep]\n|upkeep\n|turn|19\n|\n|t:|1698968720\n|move|p1a: Iron Moth|Dazzling Gleam|p2a: Skeledirge\n|-damage|p2a: Skeledirge|64\/100\n|move|p2a: Skeledirge|Hex|p1a: Iron Moth\n|-damage|p1a: Iron Moth|58\/100 par\n|\n|-weather|Snow|[upkeep]\n|upkeep\n|turn|20\n|c|\u2606XX_1nfinity_XX|why is it still faster?\n|\n|t:|1698968747\n|switch|p2a: Sableye|Sableye, M|91\/100\n|-damage|p2a: Sableye|79\/100|[from] Stealth Rock\n|cant|p1a: Iron Moth|par\n|\n|-weather|none\n|upkeep\n|turn|21\n|\n|t:|1698968752\n|-end|p1a: Iron Moth|Quark Drive|[silent]\n|switch|p1a: Ninetales|Ninetales-Alola, F|87\/100 par\n|-weather|Snow|[from] ability: Snow Warning|[of] p1a: Ninetales\n|move|p2a: Sableye|Knock Off|p1a: Ninetales\n|-resisted|p1a: Ninetales\n|-damage|p1a: Ninetales|82\/100 par\n|\n|-weather|Snow|[upkeep]\n|-sideend|p1: JensPass|move: Aurora Veil\n|upkeep\n|turn|22\n|\n|t:|1698968756\n|switch|p2a: Skeledirge|Skeledirge, F, tera:Fairy|64\/100\n|-damage|p2a: Skeledirge|52\/100|[from] Stealth Rock\n|move|p1a: Ninetales|Aurora Veil|p1a: Ninetales\n|-sidestart|p1: JensPass|move: Aurora Veil\n|\n|-weather|Snow|[upkeep]\n|upkeep\n|turn|23\n|\n|t:|1698968759\n|switch|p1a: Medicham|Medicham, M|100\/100\n|move|p2a: Skeledirge|Slack Off|p2a: Skeledirge\n|-heal|p2a: Skeledirge|100\/100\n|\n|-weather|Snow|[upkeep]\n|upkeep\n|turn|24\n|\n|t:|1698968761\n|switch|p2a: Sableye|Sableye, M|79\/100\n|-damage|p2a: Sableye|67\/100|[from] Stealth Rock\n|detailschange|p1a: Medicham|Medicham-Mega, M\n|-mega|p1a: Medicham|Medicham|Medichamite\n|move|p1a: Medicham|Bulk Up|p1a: Medicham\n|-boost|p1a: Medicham|atk|1\n|-boost|p1a: Medicham|def|1\n|\n|-weather|Snow|[upkeep]\n|upkeep\n|turn|25\n|\n|t:|1698968768\n|switch|p1a: Iron Moth|Iron Moth|58\/100 par\n|move|p2a: Sableye|Will-O-Wisp||[still]\n|-fail|p2a: Sableye\n|\n|-weather|none\n|upkeep\n|turn|26\n|\n|t:|1698968772\n|cant|p1a: Iron Moth|par\n|move|p2a: Sableye|Knock Off|p1a: Iron Moth\n|-damage|p1a: Iron Moth|44\/100 par\n|\n|-sideend|p1: JensPass|move: Aurora Veil\n|upkeep\n|turn|27\n|\n|t:|1698968776\n|move|p1a: Iron Moth|Sludge Wave|p2a: Sableye\n|-resisted|p2a: Sableye\n|-damage|p2a: Sableye|42\/100\n|-status|p2a: Sableye|psn\n|move|p2a: Sableye|Knock Off|p1a: Iron Moth\n|-crit|p1a: Iron Moth\n|-damage|p1a: Iron Moth|2\/100 par\n|\n|-damage|p2a: Sableye|30\/100 psn|[from] psn\n|upkeep\n|turn|28\n|\n|t:|1698968783\n|move|p2a: Sableye|Recover|p2a: Sableye\n|-heal|p2a: Sableye|80\/100 psn\n|move|p1a: Iron Moth|Sludge Wave|p2a: Sableye\n|-resisted|p2a: Sableye\n|-damage|p2a: Sableye|56\/100 psn\n|\n|-damage|p2a: Sableye|43\/100 psn|[from] psn\n|upkeep\n|turn|29\n|\n|t:|1698968787\n|move|p2a: Sableye|Recover|p2a: Sableye\n|-heal|p2a: Sableye|94\/100 psn\n|move|p1a: Iron Moth|Dazzling Gleam|p2a: Sableye\n|-supereffective|p2a: Sableye\n|-damage|p2a: Sableye|36\/100 psn\n|\n|-damage|p2a: Sableye|24\/100 psn|[from] psn\n|upkeep\n|turn|30\n|\n|t:|1698968794\n|switch|p2a: Flutter Mane|Flutter Mane|100\/100\n|-damage|p2a: Flutter Mane|88\/100|[from] Stealth Rock\n|move|p1a: Iron Moth|Dazzling Gleam|p2a: Flutter Mane\n|-damage|p2a: Flutter Mane|59\/100\n|\n|upkeep\n|turn|31\n|\n|t:|1698968798\n|move|p2a: Flutter Mane|Substitute|p2a: Flutter Mane\n|-start|p2a: Flutter Mane|Substitute\n|-damage|p2a: Flutter Mane|34\/100\n|move|p1a: Iron Moth|Fiery Dance|p2a: Flutter Mane\n|-end|p2a: Flutter Mane|Substitute\n|\n|upkeep\n|turn|32\n|\n|t:|1698968801\n|move|p2a: Flutter Mane|Moonblast|p1a: Iron Moth\n|-resisted|p1a: Iron Moth\n|-damage|p1a: Iron Moth|0 fnt\n|faint|p1a: Iron Moth\n|-end|p1a: Iron Moth|Quark Drive|[silent]\n|\n|upkeep\n|\n|t:|1698968810\n|switch|p1a: Dragapult|Dragapult, M|100\/100\n|turn|33\n|\n|t:|1698968816\n|-end|p2a: Flutter Mane|Protosynthesis|[silent]\n|switch|p2a: Skeledirge|Skeledirge, F, tera:Fairy|100\/100\n|-damage|p2a: Skeledirge|88\/100|[from] Stealth Rock\n|move|p1a: Dragapult|Hex|p2a: Skeledirge\n|-crit|p2a: Skeledirge\n|-damage|p2a: Skeledirge|54\/100\n|\n|upkeep\n|turn|34\n|\n|t:|1698968820\n|move|p1a: Dragapult|Substitute|p1a: Dragapult\n|-start|p1a: Dragapult|Substitute\n|-damage|p1a: Dragapult|76\/100\n|move|p2a: Skeledirge|Slack Off|p2a: Skeledirge\n|-heal|p2a: Skeledirge|100\/100\n|\n|upkeep\n|turn|35\n|\n|t:|1698968823\n|move|p1a: Dragapult|Will-O-Wisp|p2a: Skeledirge\n|-status|p2a: Skeledirge|brn\n|move|p2a: Skeledirge|Torch Song|p1a: Dragapult\n|-resisted|p1a: Dragapult\n|-damage|p1a: Dragapult|56\/100\n|-boost|p2a: Skeledirge|spa|1\n|\n|-damage|p2a: Skeledirge|94\/100 brn|[from] brn\n|upkeep\n|turn|36\n|\n|t:|1698968827\n|move|p1a: Dragapult|Hex|p2a: Skeledirge\n|-damage|p2a: Skeledirge|43\/100 brn\n|move|p2a: Skeledirge|Torch Song|p1a: Dragapult\n|-resisted|p1a: Dragapult\n|-damage|p1a: Dragapult|27\/100\n|-boost|p2a: Skeledirge|spa|1\n|\n|-damage|p2a: Skeledirge|37\/100 brn|[from] brn\n|upkeep\n|turn|37\n|\n|t:|1698968834\n|move|p1a: Dragapult|Hex|p2a: Skeledirge\n|-damage|p2a: Skeledirge|0 fnt\n|faint|p2a: Skeledirge\n|\n|upkeep\n|\n|t:|1698968838\n|switch|p2a: Mandibuzz|Mandibuzz, F|100\/100\n|-damage|p2a: Mandibuzz|76\/100|[from] Stealth Rock\n|turn|38\n|\n|t:|1698968845\n|move|p1a: Dragapult|Draco Meteor|p2a: Mandibuzz\n|-damage|p2a: Mandibuzz|25\/100\n|-unboost|p1a: Dragapult|spa|2\n|move|p2a: Mandibuzz|Foul Play|p1a: Dragapult\n|-supereffective|p1a: Dragapult\n|-end|p1a: Dragapult|Substitute\n|\n|upkeep\n|turn|39\n|\n|t:|1698968849\n|move|p1a: Dragapult|Draco Meteor|p2a: Mandibuzz\n|-damage|p2a: Mandibuzz|1\/100\n|-unboost|p1a: Dragapult|spa|2\n|move|p2a: Mandibuzz|Roost|p2a: Mandibuzz\n|-heal|p2a: Mandibuzz|51\/100\n|-singleturn|p2a: Mandibuzz|move: Roost\n|\n|upkeep\n|turn|40\n|\n|t:|1698968852\n|switch|p1a: Medicham|Medicham-Mega, M|100\/100\n|move|p2a: Mandibuzz|Foul Play|p1a: Medicham\n|-damage|p1a: Medicham|39\/100\n|\n|upkeep\n|turn|41\n|\n|t:|1698968855\n|move|p1a: Medicham|Drain Punch|p2a: Mandibuzz\n|-damage|p2a: Mandibuzz|15\/100\n|-heal|p1a: Medicham|69\/100|[from] drain|[of] p2a: Mandibuzz\n|-damage|p1a: Medicham|52\/100|[from] item: Rocky Helmet|[of] p2a: Mandibuzz\n|move|p2a: Mandibuzz|Foul Play|p1a: Medicham\n|-damage|p1a: Medicham|0 fnt\n|faint|p1a: Medicham\n|\n|upkeep\n|\n|t:|1698968858\n|switch|p1a: Greninja|Greninja, M|65\/100\n|turn|42\n|\n|t:|1698968866\n|move|p1a: Greninja|Dark Pulse|p2a: Mandibuzz\n|-resisted|p2a: Mandibuzz\n|-damage|p2a: Mandibuzz|0 fnt\n|faint|p2a: Mandibuzz\n|-ability|p1a: Greninja|Battle Bond|boost\n|-boost|p1a: Greninja|atk|1\n|-boost|p1a: Greninja|spa|1\n|-boost|p1a: Greninja|spe|1\n|-activate|p1a: Greninja|ability: Battle Bond\n|\n|upkeep\n|\n|t:|1698968870\n|switch|p2a: Golurk|Golurk|100\/100\n|-damage|p2a: Golurk|95\/100|[from] Stealth Rock\n|turn|43\n|c|\u2606XX_1nfinity_XX|ggs\n|\n|t:|1698968876\n|move|p1a: Greninja|Dark Pulse|p2a: Golurk\n|-supereffective|p2a: Golurk\n|-damage|p2a: Golurk|0 fnt\n|faint|p2a: Golurk\n|\n|upkeep\n|\n|t:|1698968878\n|switch|p2a: Flutter Mane|Flutter Mane|34\/100\n|-damage|p2a: Flutter Mane|22\/100|[from] Stealth Rock\n|turn|44\n|\n|t:|1698968880\n|move|p1a: Greninja|Dark Pulse|p2a: Flutter Mane\n|-damage|p2a: Flutter Mane|0 fnt\n|faint|p2a: Flutter Mane\n|-end|p2a: Flutter Mane|Protosynthesis|[silent]\n|\n|upkeep\n|\n|t:|1698968882\n|switch|p2a: Sableye|Sableye, M|24\/100 psn\n|-damage|p2a: Sableye|12\/100 psn|[from] Stealth Rock\n|turn|45\n|c|\u2606JensPass|u misplayed\n|c|\u2606JensPass|so hard\n|\n|t:|1698968887\n|detailschange|p2a: Sableye|Sableye-Mega, M\n|-mega|p2a: Sableye|Sableye|Sablenite\n|move|p1a: Greninja|Dark Pulse|p2a: Sableye\n|-damage|p2a: Sableye|0 fnt\n|faint|p2a: Sableye\n|\n|win|JensPass\n|c|\u2606JensPass|gg\n","uploadtime":1698968894,"views":7,"p1id":"jenspass","p2id":"xx1nfinityxx","formatid":"gen9nationaldexubers","rating":0,"private":0,"password":""}