{"id":"gen9nationaldexubers-1978216295","p1":"Tuba_Archmage","p2":"ManuelvgDios","format":"[Gen 9] National Dex Ubers","log":"|j|\u2606Tuba_Archmage\n|j|\u2606ManuelvgDios\n|t:|1698513525\n|gametype|singles\n|player|p1|Tuba_Archmage|shadowtriad|1421\n|player|p2|ManuelvgDios|1|1465\n|teamsize|p1|6\n|teamsize|p2|6\n|gen|9\n|tier|[Gen 9] National Dex Ubers\n|rated|\n|rule|HP Percentage Mod: HP is shown in percentages\n|rule|Endless Battle Clause: Forcing endless battles is banned\n|rule|OHKO Clause: OHKO moves are banned\n|rule|Evasion Moves Clause: Evasion moves are banned\n|rule|Evasion Items Clause: Evasion items are banned\n|rule|Species Clause: Limit one of each Pok\u00e9mon\n|rule|Sleep Clause Mod: Limit one foe put to sleep\n|rule|Mega Rayquaza Clause: You cannot mega evolve Rayquaza\n|clearpoke\n|poke|p1|Giratina-Origin|\n|poke|p1|Marshadow|\n|poke|p1|Banette, M|\n|poke|p1|Arceus-Ghost|\n|poke|p1|Dragapult, M|\n|poke|p1|Necrozma-Dawn-Wings|\n|poke|p2|Ho-Oh|\n|poke|p2|Ferrothorn, F|\n|poke|p2|Gastrodon, F|\n|poke|p2|Palkia-Origin|\n|poke|p2|Chansey, F|\n|poke|p2|Xerneas-*|\n|teampreview\n|inactive|Battle timer is ON: inactive players will automatically lose when time's up. (requested by Tuba_Archmage)\n|\n|t:|1698513543\n|start\n|switch|p1a: GUN|Dragapult, M|100\/100\n|switch|p2a: Chansey|Chansey, F|100\/100\n|turn|1\n|\n|t:|1698513553\n|switch|p2a: Ferrothorn|Ferrothorn, F|100\/100\n|move|p1a: GUN|Dragon Dance|p1a: GUN\n|-boost|p1a: GUN|atk|1\n|-boost|p1a: GUN|spe|1\n|\n|upkeep\n|turn|2\n|\n|t:|1698513559\n|move|p1a: GUN|Dragon Dance|p1a: GUN\n|-boost|p1a: GUN|atk|1\n|-boost|p1a: GUN|spe|1\n|move|p2a: Ferrothorn|Leech Seed|p1a: GUN\n|-start|p1a: GUN|move: Leech Seed\n|\n|-damage|p1a: GUN|88\/100|[from] Leech Seed|[of] p2a: Ferrothorn\n|upkeep\n|turn|3\n|\n|t:|1698513565\n|move|p1a: GUN|Dragon Dance|p1a: GUN\n|-boost|p1a: GUN|atk|1\n|-boost|p1a: GUN|spe|1\n|move|p2a: Ferrothorn|Gyro Ball|p1a: GUN\n|-damage|p1a: GUN|27\/100\n|-start|p2a: Ferrothorn|Disable|Gyro Ball|[from] ability: Cursed Body|[of] p1a: GUN\n|\n|-damage|p1a: GUN|15\/100|[from] Leech Seed|[of] p2a: Ferrothorn\n|upkeep\n|turn|4\n|j| 85792195wwww\n|\n|t:|1698513575\n|-terastallize|p1a: GUN|Fire\n|move|p2a: Ferrothorn|Protect|p2a: Ferrothorn\n|-singleturn|p2a: Ferrothorn|Protect\n|move|p1a: GUN|Tera Blast|p2a: Ferrothorn|[anim] Tera Blast Fire\n|-activate|p2a: Ferrothorn|move: Protect\n|\n|-damage|p1a: GUN|2\/100|[from] Leech Seed|[of] p2a: Ferrothorn\n|upkeep\n|turn|5\n|\n|t:|1698513590\n|switch|p2a: Ho-Oh|Ho-Oh, shiny|100\/100\n|move|p1a: GUN|Dragon Darts|p2a: Ho-Oh\n|-damage|p2a: Ho-Oh|58\/100\n|-anim|p1a: GUN|Dragon Darts|p2a: Ho-Oh\n|-damage|p2a: Ho-Oh|14\/100\n|\n|-damage|p1a: GUN|0 fnt|[from] Leech Seed|[of] p2a: Ho-Oh\n|-heal|p2a: Ho-Oh|16\/100|[silent]\n|faint|p1a: GUN\n|upkeep\n|c|\u2606Tuba_Archmage|we out here with the reads\n|c|\u2606Tuba_Archmage|except it didn't kill\n|\n|t:|1698513600\n|switch|p1a: Majora's Mask|Necrozma-Dawn-Wings|100\/100\n|turn|6\n|c|\u2606Tuba_Archmage|this will though\n|\n|t:|1698513609\n|switch|p2a: Ferrothorn|Ferrothorn, F|100\/100\n|detailschange|p1a: Majora's Mask|Necrozma-Ultra\n|-burst|p1a: Majora's Mask|Necrozma|Ultranecrozium Z\n|move|p1a: Majora's Mask|Photon Geyser|p2a: Ferrothorn\n|-resisted|p2a: Ferrothorn\n|-damage|p2a: Ferrothorn|71\/100\n|\n|-heal|p2a: Ferrothorn|77\/100|[from] item: Leftovers\n|upkeep\n|turn|7\n|\n|t:|1698513621\n|move|p1a: Majora's Mask|Moongeist Beam|p2a: Ferrothorn\n|-damage|p2a: Ferrothorn|41\/100\n|move|p2a: Ferrothorn|Leech Seed|p1a: Majora's Mask\n|-start|p1a: Majora's Mask|move: Leech Seed\n|\n|-heal|p2a: Ferrothorn|47\/100|[from] item: Leftovers\n|-damage|p1a: Majora's Mask|88\/100|[from] Leech Seed|[of] p2a: Ferrothorn\n|-heal|p2a: Ferrothorn|61\/100|[silent]\n|upkeep\n|turn|8\n|\n|t:|1698513633\n|switch|p1a: Spooky Scary|Arceus-Ghost|100\/100\n|move|p2a: Ferrothorn|Gyro Ball|p1a: Spooky Scary\n|-damage|p1a: Spooky Scary|62\/100\n|\n|-heal|p2a: Ferrothorn|68\/100|[from] item: Leftovers\n|upkeep\n|turn|9\n|\n|t:|1698513641\n|move|p1a: Spooky Scary|Flare Blitz|p2a: Ferrothorn\n|-supereffective|p2a: Ferrothorn\n|-damage|p2a: Ferrothorn|0 fnt\n|-damage|p1a: Spooky Scary|50\/100|[from] ability: Iron Barbs|[of] p2a: Ferrothorn\n|faint|p2a: Ferrothorn\n|-damage|p1a: Spooky Scary|29\/100|[from] Recoil\n|\n|upkeep\n|c|\u2606Tuba_Archmage|rule 4, ferrothorn is lame\n|\n|t:|1698513654\n|switch|p2a: Palkia|Palkia-Origin|100\/100\n|-ability|p2a: Palkia|Pressure\n|turn|10\n|\n|t:|1698513662\n|move|p2a: Palkia|Spacial Rend|p1a: Spooky Scary\n|-damage|p1a: Spooky Scary|0 fnt\n|faint|p1a: Spooky Scary\n|\n|upkeep\n|\n|t:|1698513670\n|switch|p1a: Taking You With Me|Banette, M|100\/100\n|-item|p2a: Palkia|Lustrous Globe|[from] ability: Frisk|[of] p1a: Taking You With Me|[identify]\n|turn|11\n|\n|t:|1698513677\n|switch|p2a: Ho-Oh|Ho-Oh, shiny|49\/100\n|detailschange|p1a: Taking You With Me|Banette-Mega, M\n|-mega|p1a: Taking You With Me|Banette|Banettite\n|move|p1a: Taking You With Me|Destiny Bond|p1a: Taking You With Me\n|-singlemove|p1a: Taking You With Me|Destiny Bond\n|\n|upkeep\n|turn|12\n|\n|t:|1698513691\n|switch|p2a: Chansey|Chansey, F|100\/100\n|move|p1a: Taking You With Me|Taunt|p2a: Chansey\n|-start|p2a: Chansey|move: Taunt\n|\n|upkeep\n|turn|13\n|c|\u2606Tuba_Archmage|it's taunt, your worst enemy\n|\n|t:|1698513702\n|switch|p2a: Ho-Oh|Ho-Oh, shiny|82\/100\n|move|p1a: Taking You With Me|Gunk Shot|p2a: Ho-Oh\n|-damage|p2a: Ho-Oh|46\/100\n|-status|p2a: Ho-Oh|psn\n|\n|-damage|p2a: Ho-Oh|34\/100 psn|[from] psn\n|upkeep\n|turn|14\n|\n|t:|1698513718\n|switch|p2a: Chansey|Chansey, F|100\/100\n|move|p1a: Taking You With Me|Shadow Claw|p2a: Chansey\n|-immune|p2a: Chansey\n|\n|upkeep\n|turn|15\n|\n|t:|1698513737\n|move|p1a: Taking You With Me|Taunt|p2a: Chansey\n|-start|p2a: Chansey|move: Taunt\n|cant|p2a: Chansey|move: Taunt|Heal Bell\n|\n|upkeep\n|turn|16\n|\n|t:|1698513742\n|move|p1a: Taking You With Me|Gunk Shot|p2a: Chansey\n|-damage|p2a: Chansey|67\/100\n|-status|p2a: Chansey|psn\n|move|p2a: Chansey|Seismic Toss|p1a: Taking You With Me\n|-immune|p1a: Taking You With Me\n|\n|-damage|p2a: Chansey|55\/100 psn|[from] psn\n|upkeep\n|turn|17\n|\n|t:|1698513756\n|-curestatus|p2a: Chansey|psn|[from] ability: Natural Cure\n|switch|p2a: Ho-Oh|Ho-Oh, shiny|67\/100 psn\n|move|p1a: Taking You With Me|Shadow Claw|p2a: Ho-Oh\n|-damage|p2a: Ho-Oh|35\/100 psn\n|\n|-damage|p2a: Ho-Oh|23\/100 psn|[from] psn\n|upkeep\n|turn|18\n|c|\u2606Tuba_Archmage|godDAMN stall players are so easy to read\n|\n|t:|1698513767\n|switch|p2a: Chansey|Chansey, F|55\/100\n|move|p1a: Taking You With Me|Taunt|p2a: Chansey\n|-start|p2a: Chansey|move: Taunt\n|\n|upkeep\n|turn|19\n|c|\u2606Tuba_Archmage|HOLY SHIT\n|c|\u2606Tuba_Archmage|STOP TRYING TO DO THAT\n|\n|t:|1698513778\n|switch|p2a: Gastrodon|Gastrodon, F, shiny|100\/100\n|move|p1a: Taking You With Me|Gunk Shot|p2a: Gastrodon\n|-resisted|p2a: Gastrodon\n|-damage|p2a: Gastrodon|71\/100\n|\n|-heal|p2a: Gastrodon|77\/100|[from] item: Leftovers\n|upkeep\n|turn|20\n|\n|t:|1698513787\n|move|p2a: Gastrodon|Protect|p2a: Gastrodon\n|-singleturn|p2a: Gastrodon|Protect\n|move|p1a: Taking You With Me|Shadow Claw|p2a: Gastrodon\n|-activate|p2a: Gastrodon|move: Protect\n|\n|-heal|p2a: Gastrodon|83\/100|[from] item: Leftovers\n|upkeep\n|turn|21\n|\n|t:|1698513800\n|move|p1a: Taking You With Me|Taunt|p2a: Gastrodon\n|-start|p2a: Gastrodon|move: Taunt\n|move|p2a: Gastrodon|Earth Power|p1a: Taking You With Me\n|-damage|p1a: Taking You With Me|64\/100\n|\n|-heal|p2a: Gastrodon|89\/100|[from] item: Leftovers\n|upkeep\n|turn|22\n|\n|t:|1698513809\n|move|p1a: Taking You With Me|Shadow Claw|p2a: Gastrodon\n|-damage|p2a: Gastrodon|39\/100\n|move|p2a: Gastrodon|Earth Power|p1a: Taking You With Me\n|-damage|p1a: Taking You With Me|28\/100\n|\n|-heal|p2a: Gastrodon|45\/100|[from] item: Leftovers\n|upkeep\n|turn|23\n|\n|t:|1698513819\n|move|p1a: Taking You With Me|Gunk Shot|p2a: Gastrodon\n|-resisted|p2a: Gastrodon\n|-damage|p2a: Gastrodon|15\/100\n|move|p2a: Gastrodon|Earth Power|p1a: Taking You With Me\n|-damage|p1a: Taking You With Me|0 fnt\n|faint|p1a: Taking You With Me\n|\n|-heal|p2a: Gastrodon|21\/100|[from] item: Leftovers\n|-end|p2a: Gastrodon|move: Taunt\n|upkeep\n|c|\u2606Tuba_Archmage|awww\n|c|\u2606Tuba_Archmage|i went for it\n|\n|t:|1698513829\n|switch|p1a: No|Marshadow|100\/100\n|turn|24\n|\n|t:|1698513835\n|move|p1a: No|Force Palm|p2a: Gastrodon\n|-damage|p2a: Gastrodon|0 fnt\n|faint|p2a: Gastrodon\n|\n|upkeep\n|\n|t:|1698513841\n|switch|p2a: Xerneas|Xerneas|100\/100\n|-ability|p2a: Xerneas|Fairy Aura\n|turn|25\n|\n|t:|1698513847\n|-terastallize|p2a: Xerneas|Fairy\n|move|p1a: No|Force Palm|p2a: Xerneas\n|-resisted|p2a: Xerneas\n|-damage|p2a: Xerneas|89\/100\n|move|p2a: Xerneas|Moonblast|p1a: No\n|-supereffective|p1a: No\n|-enditem|p1a: No|Focus Sash\n|-damage|p1a: No|1\/100\n|\n|-heal|p2a: Xerneas|95\/100|[from] item: Leftovers\n|upkeep\n|turn|26\n|\n|t:|1698513857\n|move|p1a: No|Spectral Thief|p2a: Xerneas\n|-damage|p2a: Xerneas|71\/100\n|move|p2a: Xerneas|Moonblast|p1a: No\n|-supereffective|p1a: No\n|-damage|p1a: No|0 fnt\n|faint|p1a: No\n|\n|-heal|p2a: Xerneas|77\/100|[from] item: Leftovers\n|upkeep\n|\n|t:|1698513868\n|switch|p1a: Avg. Ohio Resident|Giratina-Origin|100\/100\n|turn|27\n|\n|t:|1698513877\n|switch|p2a: Chansey|Chansey, F|55\/100\n|move|p1a: Avg. Ohio Resident|Thunder Wave|p2a: Chansey\n|-status|p2a: Chansey|par\n|\n|upkeep\n|turn|28\n|\n|t:|1698513886\n|move|p1a: Avg. Ohio Resident|Draco Meteor|p2a: Chansey\n|-damage|p2a: Chansey|30\/100 par\n|-unboost|p1a: Avg. Ohio Resident|spa|2\n|cant|p2a: Chansey|par\n|\n|upkeep\n|turn|29\n|\n|t:|1698513893\n|move|p1a: Avg. Ohio Resident|Draco Meteor|p2a: Chansey\n|-damage|p2a: Chansey|16\/100 par\n|-unboost|p1a: Avg. Ohio Resident|spa|2\n|cant|p2a: Chansey|par\n|\n|upkeep\n|turn|30\n|\n|t:|1698513900\n|move|p1a: Avg. Ohio Resident|Draco Meteor|p2a: Chansey\n|-damage|p2a: Chansey|7\/100 par\n|-unboost|p1a: Avg. Ohio Resident|spa|2\n|move|p2a: Chansey|Soft-Boiled|p2a: Chansey\n|-heal|p2a: Chansey|57\/100 par\n|\n|upkeep\n|turn|31\n|\n|t:|1698513908\n|switch|p1a: Majora's Mask|Necrozma-Ultra|88\/100\n|cant|p2a: Chansey|par\n|\n|upkeep\n|turn|32\n|\n|t:|1698513917\n|move|p1a: Majora's Mask|Photon Geyser|p2a: Chansey\n|-damage|p2a: Chansey|34\/100 par\n|move|p2a: Chansey|Toxic|p1a: Majora's Mask\n|-status|p1a: Majora's Mask|tox\n|\n|-damage|p1a: Majora's Mask|82\/100 tox|[from] psn\n|upkeep\n|turn|33\n|\n|t:|1698513929\n|-zpower|p1a: Majora's Mask\n|move|p1a: Majora's Mask|Light That Burns the Sky|p2a: Chansey|[zeffect]\n|-damage|p2a: Chansey|0 fnt\n|faint|p2a: Chansey\n|\n|-damage|p1a: Majora's Mask|70\/100 tox|[from] psn\n|upkeep\n|c|\u2606Tuba_Archmage|pov chansey users trying to not be a bitch challenge (impossible)\n|inactive|ManuelvgDios has 120 seconds left.\n|c|\u2606Tuba_Archmage|anyway go ho-oh and kill me already\n|c|\u2606Tuba_Archmage|i got rid of chansey\n|c|\u2606Tuba_Archmage|that's my life goal\n|\n|t:|1698513979\n|switch|p2a: Ho-Oh|Ho-Oh, shiny|56\/100 psn\n|turn|34\n|l| 85792195wwww\n|\n|t:|1698513987\n|move|p1a: Majora's Mask|Power Gem|p2a: Ho-Oh\n|-supereffective|p2a: Ho-Oh\n|-damage|p2a: Ho-Oh|0 fnt\n|faint|p2a: Ho-Oh\n|\n|-damage|p1a: Majora's Mask|52\/100 tox|[from] psn\n|upkeep\n|c|\u2606Tuba_Archmage|SIIIIIKE im killing all of your stall\n|c|\u2606Tuba_Archmage|k NOW murder me\n|\n|t:|1698513995\n|switch|p2a: Xerneas|Xerneas, tera:Fairy|77\/100\n|-ability|p2a: Xerneas|Fairy Aura\n|turn|35\n|c|\u2606Tuba_Archmage|just stop using ho-oh\n|c|\u2606Tuba_Archmage|and chansey\n|\n|t:|1698514004\n|move|p1a: Majora's Mask|Photon Geyser|p2a: Xerneas\n|-damage|p2a: Xerneas|29\/100\n|move|p2a: Xerneas|Rest|p2a: Xerneas\n|-status|p2a: Xerneas|slp|[from] move: Rest\n|-heal|p2a: Xerneas|100\/100 slp|[silent]\n|\n|-damage|p1a: Majora's Mask|28\/100 tox|[from] psn\n|upkeep\n|turn|36\n|inactive|ManuelvgDios has 120 seconds left.\n|\n|t:|1698514017\n|move|p1a: Majora's Mask|Photon Geyser|p2a: Xerneas\n|-damage|p2a: Xerneas|48\/100 slp\n|cant|p2a: Xerneas|slp\n|move|p2a: Xerneas|Sleep Talk|p2a: Xerneas\n|move|p2a: Xerneas|Rest||[from]move: Sleep Talk|[still]\n|-fail|p2a: Xerneas\n|\n|-heal|p2a: Xerneas|55\/100 slp|[from] item: Leftovers\n|-damage|p1a: Majora's Mask|0 fnt|[from] psn\n|faint|p1a: Majora's Mask\n|upkeep\n|c|\u2606Tuba_Archmage|aint nobody like the goddamn egg\n|\n|t:|1698514028\n|switch|p1a: Avg. Ohio Resident|Giratina-Origin|100\/100\n|turn|37\n|\n|t:|1698514041\n|cant|p2a: Xerneas|slp\n|move|p2a: Xerneas|Sleep Talk|p2a: Xerneas\n|move|p2a: Xerneas|Rest||[from]move: Sleep Talk|[still]\n|-fail|p2a: Xerneas\n|move|p1a: Avg. Ohio Resident|Hex|p2a: Xerneas\n|-damage|p2a: Xerneas|0 fnt\n|faint|p2a: Xerneas\n|\n|upkeep\n|inactive|ManuelvgDios has 120 seconds left.\n|\n|t:|1698514051\n|switch|p2a: Palkia|Palkia-Origin|100\/100\n|-ability|p2a: Palkia|Pressure\n|turn|38\n|c|\u2606Tuba_Archmage|aint no way\n|c|\u2606Tuba_Archmage|am i actually about to win\n|\n|t:|1698514059\n|move|p2a: Palkia|Spacial Rend|p1a: Avg. Ohio Resident\n|-supereffective|p1a: Avg. Ohio Resident\n|-damage|p1a: Avg. Ohio Resident|6\/100\n|move|p1a: Avg. Ohio Resident|Thunder Wave|p2a: Palkia|[miss]\n|-miss|p1a: Avg. Ohio Resident|p2a: Palkia\n|\n|upkeep\n|turn|39\n|c|\u2606Tuba_Archmage|NOOOOOOOO\n|c|\u2606Tuba_Archmage|aight gg\n|c|\u2606Tuba_Archmage|that's tragic\n|\n|t:|1698514075\n|move|p2a: Palkia|Spacial Rend|p1a: Avg. Ohio Resident\n|-supereffective|p1a: Avg. Ohio Resident\n|-crit|p1a: Avg. Ohio Resident\n|-damage|p1a: Avg. Ohio Resident|0 fnt\n|faint|p1a: Avg. Ohio Resident\n|\n|win|ManuelvgDios\n|raw|Tuba_Archmage's rating: 1421 &rarr; <strong>1404<\/strong><br \/>(-17 for losing)\n|raw|ManuelvgDios's rating: 1465 &rarr; <strong>1482<\/strong><br \/>(+17 for winning)\n","uploadtime":1698513996,"views":7,"p1id":"tubaarchmage","p2id":"manuelvgdios","formatid":"gen9nationaldexubers","rating":1404,"private":0,"password":""}