{"id":"gen9nationaldexubers-1978076880","p1":"85792195wwww","p2":"jlsdfhpjksdhfni","format":"[Gen 9] National Dex Ubers","log":"|j|\u260685792195wwww\n|j|\u2606jlsdfhpjksdhfni\n|t:|1698495858\n|gametype|singles\n|player|p1|85792195wwww|lady|1816\n|player|p2|jlsdfhpjksdhfni|102|1682\n|teamsize|p1|6\n|teamsize|p2|6\n|gen|9\n|tier|[Gen 9] National Dex Ubers\n|rated|\n|rule|HP Percentage Mod: HP is shown in percentages\n|rule|Endless Battle Clause: Forcing endless battles is banned\n|rule|OHKO Clause: OHKO moves are banned\n|rule|Evasion Moves Clause: Evasion moves are banned\n|rule|Evasion Items Clause: Evasion items are banned\n|rule|Species Clause: Limit one of each Pok\u00e9mon\n|rule|Sleep Clause Mod: Limit one foe put to sleep\n|rule|Mega Rayquaza Clause: You cannot mega evolve Rayquaza\n|clearpoke\n|poke|p1|Xerneas-*|\n|poke|p1|Groudon|\n|poke|p1|Calyrex-Ice|\n|poke|p1|Krookodile, M|\n|poke|p1|Zacian-*|\n|poke|p1|Arceus|\n|poke|p2|Ferrothorn, F|\n|poke|p2|Skarmory, M|\n|poke|p2|Necrozma-Dusk-Mane|\n|poke|p2|Kyogre|\n|poke|p2|Arceus-Ground|\n|poke|p2|Ho-Oh|\n|teampreview\n|j| 1 em trach thu\n|\n|t:|1698495906\n|start\n|switch|p1a: Krookodile|Krookodile, M|100\/100\n|switch|p2a: Kyogre|Kyogre|100\/100\n|-ability|p1a: Krookodile|Intimidate|boost\n|-unboost|p2a: Kyogre|atk|1\n|detailschange|p2a: Kyogre|Kyogre-Primal\n|-primal|p2a: Kyogre|Blue Orb\n|-weather|PrimordialSea|[from] ability: Primordial Sea|[of] p2a: Kyogre\n|turn|1\n|\n|t:|1698495916\n|move|p1a: Krookodile|Stealth Rock|p2a: Kyogre\n|-sidestart|p2: jlsdfhpjksdhfni|move: Stealth Rock\n|move|p2a: Kyogre|Surf|p1a: Krookodile\n|-supereffective|p1a: Krookodile\n|-enditem|p1a: Krookodile|Focus Sash\n|-damage|p1a: Krookodile|1\/100\n|\n|-weather|PrimordialSea|[upkeep]\n|upkeep\n|turn|2\n|\n|t:|1698495926\n|switch|p1a: Zacian|Zacian-Crowned|100\/100\n|-ability|p1a: Zacian|Intrepid Sword|boost\n|-boost|p1a: Zacian|atk|1\n|move|p2a: Kyogre|Surf|p1a: Zacian\n|-damage|p1a: Zacian|30\/100\n|\n|-weather|PrimordialSea|[upkeep]\n|upkeep\n|turn|3\n|\n|t:|1698495937\n|-weather|none\n|switch|p2a: Skarmory|Skarmory, M|100\/100\n|-damage|p2a: Skarmory|88\/100|[from] Stealth Rock\n|move|p1a: Zacian|Swords Dance|p1a: Zacian\n|-boost|p1a: Zacian|atk|2\n|\n|upkeep\n|turn|4\n|\n|t:|1698495945\n|move|p1a: Zacian|Wild Charge|p2a: Skarmory\n|-supereffective|p2a: Skarmory\n|-damage|p2a: Skarmory|0 fnt\n|-damage|p1a: Zacian|13\/100|[from] item: Rocky Helmet|[of] p2a: Skarmory\n|faint|p2a: Skarmory\n|-damage|p1a: Zacian|0 fnt|[from] Recoil\n|faint|p1a: Zacian\n|\n|upkeep\n|\n|t:|1698495978\n|switch|p1a: Krookodile|Krookodile, M|1\/100\n|switch|p2a: Necrozma|Necrozma-Dusk-Mane|100\/100\n|-ability|p1a: Krookodile|Intimidate|boost\n|-unboost|p2a: Necrozma|atk|1\n|-damage|p2a: Necrozma|94\/100|[from] Stealth Rock\n|turn|5\n|\n|t:|1698495989\n|move|p1a: Krookodile|Taunt|p2a: Necrozma\n|-start|p2a: Necrozma|move: Taunt\n|cant|p2a: Necrozma|move: Taunt|Stealth Rock\n|\n|-heal|p2a: Necrozma|100\/100|[from] item: Leftovers\n|upkeep\n|turn|6\n|\n|t:|1698495996\n|switch|p1a: Arceus|Arceus|100\/100\n|switch|p2a: Ferrothorn|Ferrothorn, F|100\/100\n|-damage|p2a: Ferrothorn|94\/100|[from] Stealth Rock\n|\n|-heal|p2a: Ferrothorn|100\/100|[from] item: Leftovers\n|upkeep\n|turn|7\n|\n|t:|1698496006\n|move|p1a: Arceus|Taunt|p2a: Ferrothorn\n|-start|p2a: Ferrothorn|move: Taunt\n|move|p2a: Ferrothorn|Gyro Ball|p1a: Arceus\n|-damage|p1a: Arceus|67\/100\n|\n|upkeep\n|turn|8\n|\n|t:|1698496014\n|move|p1a: Arceus|Swords Dance|p1a: Arceus\n|-boost|p1a: Arceus|atk|2\n|move|p2a: Ferrothorn|Gyro Ball|p1a: Arceus\n|-damage|p1a: Arceus|32\/100\n|\n|upkeep\n|turn|9\n|\n|t:|1698496021\n|move|p1a: Arceus|Earthquake|p2a: Ferrothorn\n|-damage|p2a: Ferrothorn|34\/100\n|-damage|p1a: Arceus|23\/100|[from] item: Life Orb\n|move|p2a: Ferrothorn|Gyro Ball|p1a: Arceus\n|-damage|p1a: Arceus|0 fnt\n|faint|p1a: Arceus\n|\n|-heal|p2a: Ferrothorn|40\/100|[from] item: Leftovers\n|-end|p2a: Ferrothorn|move: Taunt\n|upkeep\n|\n|t:|1698496040\n|switch|p1a: Calyrex|Calyrex-Ice|100\/100\n|-ability|p1a: Calyrex|As One\n|-ability|p1a: Calyrex|Unnerve\n|turn|10\n|\n|t:|1698496049\n|switch|p2a: Kyogre|Kyogre-Primal|100\/100\n|-damage|p2a: Kyogre|88\/100|[from] Stealth Rock\n|-weather|PrimordialSea|[from] ability: Primordial Sea|[of] p2a: Kyogre\n|move|p1a: Calyrex|Swords Dance|p1a: Calyrex\n|-boost|p1a: Calyrex|atk|2\n|\n|-weather|PrimordialSea|[upkeep]\n|upkeep\n|turn|11\n|\n|t:|1698496059\n|switch|p1a: Groudon|Groudon|100\/100\n|detailschange|p1a: Groudon|Groudon-Primal\n|-primal|p1a: Groudon|Red Orb\n|-weather|DesolateLand|[from] ability: Desolate Land|[of] p1a: Groudon\n|move|p2a: Kyogre|Surf||[still]\n|-fail|p2a: Kyogre|Surf|[from] Desolate Land\n|\n|-weather|DesolateLand|[upkeep]\n|upkeep\n|turn|12\n|\n|t:|1698496074\n|switch|p2a: Arceus|Arceus-Ground|100\/100\n|-damage|p2a: Arceus|94\/100|[from] Stealth Rock\n|move|p1a: Groudon|Heat Crash|p2a: Arceus\n|-damage|p2a: Arceus|45\/100\n|\n|-weather|DesolateLand|[upkeep]\n|upkeep\n|turn|13\n|\n|t:|1698496081\n|move|p2a: Arceus|Judgment|p1a: Groudon\n|-supereffective|p1a: Groudon\n|-damage|p1a: Groudon|6\/100\n|move|p1a: Groudon|Heat Crash|p2a: Arceus\n|-damage|p2a: Arceus|1\/100\n|\n|-weather|DesolateLand|[upkeep]\n|upkeep\n|turn|14\n|\n|t:|1698496090\n|-weather|none\n|switch|p1a: Calyrex|Calyrex-Ice|100\/100\n|-ability|p1a: Calyrex|As One\n|-ability|p1a: Calyrex|Unnerve\n|move|p2a: Arceus|Recover|p2a: Arceus\n|-heal|p2a: Arceus|51\/100\n|\n|upkeep\n|turn|15\n|\n|t:|1698496103\n|move|p2a: Arceus|Toxic|p1a: Calyrex\n|-status|p1a: Calyrex|tox\n|move|p1a: Calyrex|Glacial Lance|p2a: Arceus\n|-supereffective|p2a: Arceus\n|-damage|p2a: Arceus|0 fnt\n|faint|p2a: Arceus\n|-ability|p1a: Calyrex|Chilling Neigh|boost\n|-boost|p1a: Calyrex|atk|1\n|\n|-damage|p1a: Calyrex|94\/100 tox|[from] psn\n|upkeep\n|\n|t:|1698496114\n|switch|p2a: Necrozma|Necrozma-Dusk-Mane|100\/100\n|-damage|p2a: Necrozma|94\/100|[from] Stealth Rock\n|turn|16\n|\n|t:|1698496119\n|move|p1a: Calyrex|High Horsepower|p2a: Necrozma\n|-supereffective|p2a: Necrozma\n|-damage|p2a: Necrozma|34\/100\n|move|p2a: Necrozma|Stealth Rock|p1a: Calyrex\n|-sidestart|p1: 85792195wwww|move: Stealth Rock\n|\n|-heal|p2a: Necrozma|40\/100|[from] item: Leftovers\n|-damage|p1a: Calyrex|82\/100 tox|[from] psn\n|upkeep\n|turn|17\n|\n|t:|1698496145\n|move|p1a: Calyrex|Glacial Lance|p2a: Necrozma\n|-resisted|p2a: Necrozma\n|-damage|p2a: Necrozma|0 fnt\n|faint|p2a: Necrozma\n|-ability|p1a: Calyrex|Chilling Neigh|boost\n|-boost|p1a: Calyrex|atk|1\n|\n|-damage|p1a: Calyrex|64\/100 tox|[from] psn\n|upkeep\n|c|\u2606jlsdfhpjksdhfni|wow\n|\n|t:|1698496169\n|switch|p2a: Kyogre|Kyogre-Primal|88\/100\n|-damage|p2a: Kyogre|76\/100|[from] Stealth Rock\n|-weather|PrimordialSea|[from] ability: Primordial Sea|[of] p2a: Kyogre\n|turn|18\n|\n|t:|1698496190\n|move|p2a: Kyogre|Surf|p1a: Calyrex\n|-damage|p1a: Calyrex|3\/100 tox\n|move|p1a: Calyrex|Glacial Lance|p2a: Kyogre\n|-resisted|p2a: Kyogre\n|-damage|p2a: Kyogre|28\/100\n|\n|-weather|PrimordialSea|[upkeep]\n|-damage|p1a: Calyrex|0 fnt|[from] psn\n|faint|p1a: Calyrex\n|upkeep\n|\n|t:|1698496200\n|switch|p1a: Krookodile|Krookodile, M|1\/100\n|-damage|p1a: Krookodile|0 fnt|[from] Stealth Rock\n|faint|p1a: Krookodile\n|\n|t:|1698496205\n|switch|p1a: Groudon|Groudon-Primal|6\/100\n|-damage|p1a: Groudon|0 fnt|[from] Stealth Rock\n|faint|p1a: Groudon\n|\n|t:|1698496211\n|switch|p1a: Xerneas|Xerneas|100\/100\n|-damage|p1a: Xerneas|88\/100|[from] Stealth Rock\n|-ability|p1a: Xerneas|Fairy Aura\n|turn|19\n|\n|t:|1698496221\n|move|p1a: Xerneas|Geomancy||[still]\n|-prepare|p1a: Xerneas|Geomancy\n|-enditem|p1a: Xerneas|Power Herb\n|-anim|p1a: Xerneas|Geomancy|p1a: Xerneas\n|-boost|p1a: Xerneas|spa|2\n|-boost|p1a: Xerneas|spd|2\n|-boost|p1a: Xerneas|spe|2\n|move|p2a: Kyogre|Surf|p1a: Xerneas\n|-damage|p1a: Xerneas|56\/100\n|\n|-weather|PrimordialSea|[upkeep]\n|upkeep\n|turn|20\n|\n|t:|1698496229\n|move|p1a: Xerneas|Moonblast|p2a: Kyogre\n|-damage|p2a: Kyogre|0 fnt\n|faint|p2a: Kyogre\n|-weather|none\n|\n|upkeep\n|\n|t:|1698496232\n|switch|p2a: Ho-Oh|Ho-Oh|100\/100\n|turn|21\n|\n|t:|1698496238\n|move|p1a: Xerneas|Hidden Power|p2a: Ho-Oh\n|-supereffective|p2a: Ho-Oh\n|-damage|p2a: Ho-Oh|0 fnt\n|faint|p2a: Ho-Oh\n|\n|upkeep\n|\n|t:|1698496242\n|switch|p2a: Ferrothorn|Ferrothorn, F|40\/100\n|-damage|p2a: Ferrothorn|34\/100|[from] Stealth Rock\n|turn|22\n|c|\u2606jlsdfhpjksdhfni|hp rock nice\n|\n|t:|1698496255\n|move|p2a: Ferrothorn|Protect|p2a: Ferrothorn\n|-singleturn|p2a: Ferrothorn|Protect\n|move|p1a: Xerneas|Moonblast|p2a: Ferrothorn\n|-activate|p2a: Ferrothorn|move: Protect\n|\n|-heal|p2a: Ferrothorn|40\/100|[from] item: Leftovers\n|upkeep\n|turn|23\n|\n|t:|1698496264\n|move|p1a: Xerneas|Moonblast|p2a: Ferrothorn\n|-resisted|p2a: Ferrothorn\n|-damage|p2a: Ferrothorn|0 fnt\n|faint|p2a: Ferrothorn\n|\n|win|85792195wwww\n|raw|85792195wwww's rating: 1816 &rarr; <strong>1829<\/strong><br \/>(+13 for winning)\n|raw|jlsdfhpjksdhfni's rating: 1682 &rarr; <strong>1669<\/strong><br \/>(-13 for losing)\n|c|\u2606jlsdfhpjksdhfni|gg\n|l|\u2606jlsdfhpjksdhfni\n|l|\u260685792195wwww\n","uploadtime":1698496272,"views":6,"p1id":"85792195wwww","p2id":"jlsdfhpjksdhfni","formatid":"gen9nationaldexubers","rating":1669,"private":0,"password":""}