{"id":"gen9nationaldexubers-1988638912","p1":"fairlylame","p2":"basilcheer","format":"[Gen 9] National Dex Ubers","log":"|j|\u2606fairlylame\n|j|\u2606basilcheer\n|t:|1699744933\n|gametype|singles\n|player|p1|fairlylame|gladion|\n|player|p2|basilcheer|marnie|\n|teamsize|p1|6\n|teamsize|p2|6\n|gen|9\n|tier|[Gen 9] National Dex Ubers\n|rule|HP Percentage Mod: HP is shown in percentages\n|rule|Endless Battle Clause: Forcing endless battles is banned\n|rule|OHKO Clause: OHKO moves are banned\n|rule|Evasion Moves Clause: Evasion moves are banned\n|rule|Evasion Items Clause: Evasion items are banned\n|rule|Species Clause: Limit one of each Pok\u00e9mon\n|rule|Sleep Clause Mod: Limit one foe put to sleep\n|rule|Mega Rayquaza Clause: You cannot mega evolve Rayquaza\n|clearpoke\n|poke|p1|Kingambit, F|\n|poke|p1|Jirachi|\n|poke|p1|Salamence, M|\n|poke|p1|Lopunny, M|\n|poke|p1|Clodsire, M|\n|poke|p1|Shaymin|\n|poke|p2|Azelf|\n|poke|p2|Doublade, M|\n|poke|p2|Mawile, F|\n|poke|p2|Lurantis, F|\n|poke|p2|Feraligatr, M|\n|poke|p2|Haxorus, M|\n|teampreview\n|\n|t:|1699744963\n|start\n|switch|p1a: jerry|Lopunny, M, shiny|100\/100\n|switch|p2a: Azelf|Azelf|100\/100\n|turn|1\n|\n|t:|1699744971\n|move|p1a: jerry|Fake Out|p2a: Azelf\n|-damage|p2a: Azelf|84\/100\n|cant|p2a: Azelf|flinch\n|\n|upkeep\n|turn|2\n|j| palestjade\n|\n|t:|1699744989\n|switch|p1a: deadcoin|Kingambit, F, shiny|100\/100\n|move|p2a: Azelf|Reflect|p2a: Azelf\n|-sidestart|p2: basilcheer|Reflect\n|\n|upkeep\n|turn|3\n|\n|t:|1699744997\n|move|p2a: Azelf|Light Screen|p2a: Azelf\n|-sidestart|p2: basilcheer|move: Light Screen\n|move|p1a: deadcoin|Knock Off|p2a: Azelf\n|-supereffective|p2a: Azelf\n|-damage|p2a: Azelf|1\/100\n|-enditem|p2a: Azelf|Light Clay|[from] move: Knock Off|[of] p1a: deadcoin\n|\n|upkeep\n|turn|4\n|\n|t:|1699745006\n|-end|p1a: deadcoin|fallenundefined|[silent]\n|switch|p1a: bill|Salamence, M|100\/100\n|-ability|p1a: bill|Intimidate|boost\n|-unboost|p2a: Azelf|atk|1\n|move|p2a: Azelf|U-turn|p1a: bill\n|-resisted|p1a: bill\n|-damage|p1a: bill|94\/100\n|\n|t:|1699745037\n|switch|p2a: Mawile|Mawile, F|100\/100|[from] U-turn\n|-ability|p2a: Mawile|Intimidate|boost\n|-unboost|p1a: bill|atk|1\n|\n|upkeep\n|turn|5\n|\n|t:|1699745047\n|detailschange|p2a: Mawile|Mawile-Mega, F\n|-mega|p2a: Mawile|Mawile|Mawilite\n|move|p1a: bill|Flamethrower|p2a: Mawile\n|-supereffective|p2a: Mawile\n|-damage|p2a: Mawile|67\/100\n|move|p2a: Mawile|Swords Dance|p2a: Mawile\n|-boost|p2a: Mawile|atk|2\n|\n|upkeep\n|turn|6\n|\n|t:|1699745054\n|move|p1a: bill|Defog|p2a: Mawile\n|-unboost|p2a: Mawile|evasion|1\n|-sideend|p2: basilcheer|Reflect\n|-sideend|p2: basilcheer|move: Light Screen\n|move|p2a: Mawile|Play Rough|p1a: bill|[miss]\n|-miss|p2a: Mawile|p1a: bill\n|\n|upkeep\n|turn|7\n|\n|t:|1699745063\n|move|p1a: bill|Flamethrower|p2a: Mawile\n|-supereffective|p2a: Mawile\n|-damage|p2a: Mawile|0 fnt\n|faint|p2a: Mawile\n|\n|upkeep\n|\n|t:|1699745078\n|switch|p2a: Feraligatr|Feraligatr, M|100\/100\n|turn|8\n|\n|t:|1699745087\n|switch|p1a: shayy undertale|Shaymin, shiny|100\/100\n|move|p2a: Feraligatr|Dragon Dance|p2a: Feraligatr\n|-boost|p2a: Feraligatr|atk|1\n|-boost|p2a: Feraligatr|spe|1\n|\n|upkeep\n|turn|9\n|\n|t:|1699745096\n|move|p2a: Feraligatr|Crunch|p1a: shayy undertale\n|-damage|p1a: shayy undertale|36\/100\n|move|p1a: shayy undertale|Seed Flare|p2a: Feraligatr\n|-supereffective|p2a: Feraligatr\n|-damage|p2a: Feraligatr|0 fnt\n|faint|p2a: Feraligatr\n|\n|-heal|p1a: shayy undertale|42\/100|[from] item: Leftovers\n|upkeep\n|\n|t:|1699745104\n|switch|p2a: Haxorus|Haxorus, M|100\/100\n|turn|10\n|\n|t:|1699745119\n|move|p1a: shayy undertale|Dazzling Gleam|p2a: Haxorus\n|-supereffective|p2a: Haxorus\n|-damage|p2a: Haxorus|30\/100\n|move|p2a: Haxorus|Dragon Dance|p2a: Haxorus\n|-boost|p2a: Haxorus|atk|1\n|-boost|p2a: Haxorus|spe|1\n|\n|-heal|p1a: shayy undertale|48\/100|[from] item: Leftovers\n|upkeep\n|turn|11\n|\n|t:|1699745134\n|move|p2a: Haxorus|Outrage|p1a: shayy undertale\n|-damage|p1a: shayy undertale|0 fnt\n|faint|p1a: shayy undertale\n|\n|upkeep\n|\n|t:|1699745142\n|switch|p1a: bill|Salamence, M|94\/100\n|-ability|p1a: bill|Intimidate|boost\n|-unboost|p2a: Haxorus|atk|1\n|turn|12\n|\n|t:|1699745153\n|move|p2a: Haxorus|Outrage|p1a: bill|[from]lockedmove\n|-supereffective|p1a: bill\n|-damage|p1a: bill|0 fnt\n|faint|p1a: bill\n|-start|p2a: Haxorus|confusion|[fatigue]\n|-enditem|p2a: Haxorus|Lum Berry|[eat]\n|-end|p2a: Haxorus|confusion\n|\n|upkeep\n|\n|t:|1699745179\n|switch|p1a: bozo|Clodsire, M|100\/100\n|turn|13\n|\n|t:|1699745186\n|move|p2a: Haxorus|Earthquake|p1a: bozo\n|-supereffective|p1a: bozo\n|-damage|p1a: bozo|0 fnt\n|faint|p1a: bozo\n|\n|upkeep\n|\n|t:|1699745193\n|switch|p1a: bitch|Jirachi|100\/100\n|turn|14\n|\n|t:|1699745198\n|move|p1a: bitch|Protect|p1a: bitch\n|-singleturn|p1a: bitch|Protect\n|move|p2a: Haxorus|Earthquake|p1a: bitch\n|-activate|p1a: bitch|move: Protect\n|\n|upkeep\n|turn|15\n|\n|t:|1699745207\n|move|p2a: Haxorus|Earthquake|p1a: bitch\n|-supereffective|p1a: bitch\n|-damage|p1a: bitch|24\/100\n|move|p1a: bitch|Wish|p1a: bitch\n|\n|-heal|p1a: bitch|30\/100|[from] item: Leftovers\n|upkeep\n|turn|16\n|\n|t:|1699745213\n|move|p1a: bitch|Protect|p1a: bitch\n|-singleturn|p1a: bitch|Protect\n|move|p2a: Haxorus|Dragon Dance|p2a: Haxorus\n|-boost|p2a: Haxorus|atk|1\n|-boost|p2a: Haxorus|spe|1\n|\n|-heal|p1a: bitch|80\/100|[from] move: Wish|[wisher] bitch\n|-heal|p1a: bitch|86\/100|[from] item: Leftovers\n|upkeep\n|turn|17\n|\n|t:|1699745222\n|move|p2a: Haxorus|Earthquake|p1a: bitch\n|-supereffective|p1a: bitch\n|-damage|p1a: bitch|0 fnt\n|faint|p1a: bitch\n|\n|upkeep\n|\n|t:|1699745228\n|switch|p1a: jerry|Lopunny, M, shiny|100\/100\n|turn|18\n|\n|t:|1699745235\n|detailschange|p1a: jerry|Lopunny-Mega, M, shiny\n|-mega|p1a: jerry|Lopunny|Lopunnite\n|move|p2a: Haxorus|Earthquake|p1a: jerry\n|-damage|p1a: jerry|0 fnt\n|faint|p1a: jerry\n|\n|upkeep\n|\n|t:|1699745243\n|switch|p1a: deadcoin|Kingambit, F, shiny|100\/100\n|-activate|p1a: deadcoin|ability: Supreme Overlord\n|-start|p1a: deadcoin|fallen5|[silent]\n|turn|19\n|\n|t:|1699745256\n|-terastallize|p1a: deadcoin|Dark\n|move|p1a: deadcoin|Sucker Punch|p2a: Haxorus\n|-damage|p2a: Haxorus|0 fnt\n|faint|p2a: Haxorus\n|\n|upkeep\n|\n|t:|1699745269\n|switch|p2a: Azelf|Azelf|1\/100\n|turn|20\n|\n|t:|1699745273\n|move|p1a: deadcoin|Sucker Punch||[still]\n|-fail|p1a: deadcoin\n|move|p2a: Azelf|Reflect|p2a: Azelf\n|-sidestart|p2: basilcheer|Reflect\n|\n|upkeep\n|turn|21\n|\n|t:|1699745279\n|move|p2a: Azelf|Taunt|p1a: deadcoin\n|-start|p1a: deadcoin|move: Taunt\n|cant|p1a: deadcoin|move: Taunt|Swords Dance\n|\n|upkeep\n|turn|22\n|\n|t:|1699745288\n|move|p2a: Azelf|Light Screen|p2a: Azelf\n|-sidestart|p2: basilcheer|move: Light Screen\n|move|p1a: deadcoin|Knock Off|p2a: Azelf\n|-supereffective|p2a: Azelf\n|-damage|p2a: Azelf|0 fnt\n|faint|p2a: Azelf\n|\n|upkeep\n|\n|t:|1699745302\n|switch|p2a: Lurantis|Lurantis, F|100\/100\n|turn|23\n|\n|t:|1699745306\n|move|p1a: deadcoin|Sucker Punch|p2a: Lurantis\n|-damage|p2a: Lurantis|63\/100\n|move|p2a: Lurantis|Superpower|p1a: deadcoin\n|-supereffective|p1a: deadcoin\n|-damage|p1a: deadcoin|64\/100\n|-boost|p2a: Lurantis|atk|1\n|-boost|p2a: Lurantis|def|1\n|\n|-heal|p2a: Lurantis|70\/100|[from] item: Leftovers\n|-end|p1a: deadcoin|move: Taunt\n|upkeep\n|turn|24\n|\n|t:|1699745318\n|move|p1a: deadcoin|Iron Head|p2a: Lurantis\n|-damage|p2a: Lurantis|51\/100\n|move|p2a: Lurantis|Superpower|p1a: deadcoin\n|-supereffective|p1a: deadcoin\n|-damage|p1a: deadcoin|5\/100\n|-boost|p2a: Lurantis|atk|1\n|-boost|p2a: Lurantis|def|1\n|\n|-heal|p2a: Lurantis|57\/100|[from] item: Leftovers\n|-sideend|p2: basilcheer|Reflect\n|upkeep\n|turn|25\n|\n|t:|1699745329\n|move|p1a: deadcoin|Sucker Punch|p2a: Lurantis\n|-damage|p2a: Lurantis|18\/100\n|move|p2a: Lurantis|Superpower|p1a: deadcoin\n|-supereffective|p1a: deadcoin\n|-damage|p1a: deadcoin|0 fnt\n|-boost|p2a: Lurantis|atk|1\n|-boost|p2a: Lurantis|def|1\n|faint|p1a: deadcoin\n|-end|p1a: deadcoin|fallen5|[silent]\n|\n|win|basilcheer\n|l|\u2606fairlylame\n","uploadtime":1699745340,"views":7,"p1id":"fairlylame","p2id":"basilcheer","formatid":"gen9nationaldexubers","rating":0,"private":0,"password":""}