{"id":"gen9nationaldexubers-1993691527","p1":"TTeTyLLloK","p2":"85792195wwww","format":"[Gen 9] National Dex Ubers","log":"|j|\u2606TTeTyLLloK\n|j|\u260685792195wwww\n|t:|1700346079\n|gametype|singles\n|player|p1|TTeTyLLloK|bruno|1424\n|player|p2|85792195wwww|mira|1631\n|teamsize|p1|6\n|teamsize|p2|6\n|gen|9\n|tier|[Gen 9] National Dex Ubers\n|rated|\n|rule|HP Percentage Mod: HP is shown in percentages\n|rule|Endless Battle Clause: Forcing endless battles is banned\n|rule|OHKO Clause: OHKO moves are banned\n|rule|Evasion Moves Clause: Evasion moves are banned\n|rule|Evasion Items Clause: Evasion items are banned\n|rule|Species Clause: Limit one of each Pok\u00e9mon\n|rule|Sleep Clause Mod: Limit one foe put to sleep\n|rule|Mega Rayquaza Clause: You cannot mega evolve Rayquaza\n|clearpoke\n|poke|p1|Chesnaught, M|\n|poke|p1|Dugtrio, F|\n|poke|p1|Deoxys-Speed|\n|poke|p1|Slaking, F|\n|poke|p1|Mewtwo|\n|poke|p1|Ribombee, M|\n|poke|p2|Mewtwo|\n|poke|p2|Arceus|\n|poke|p2|Xerneas-*|\n|poke|p2|Kyogre|\n|poke|p2|Krookodile, F|\n|poke|p2|Groudon|\n|teampreview\n|inactive|Battle timer is ON: inactive players will automatically lose when time's up. (requested by TTeTyLLloK)\n|\n|t:|1700346096\n|start\n|switch|p1a: Deoxys|Deoxys-Speed|100\/100\n|switch|p2a: Xerneas|Xerneas|100\/100\n|-ability|p1a: Deoxys|Pressure\n|-ability|p2a: Xerneas|Fairy Aura\n|turn|1\n|\n|t:|1700346105\n|move|p1a: Deoxys|Taunt|p2a: Xerneas\n|-start|p2a: Xerneas|move: Taunt\n|move|p2a: Xerneas|Moonblast|p1a: Deoxys\n|-damage|p1a: Deoxys|19\/100\n|\n|upkeep\n|turn|2\n|\n|t:|1700346123\n|switch|p2a: Arceus|Arceus|100\/100\n|move|p1a: Deoxys|Stealth Rock|p2a: Arceus\n|-sidestart|p2: 85792195wwww|move: Stealth Rock\n|\n|upkeep\n|turn|3\n|\n|t:|1700346130\n|move|p2a: Arceus|Extreme Speed|p1a: Deoxys\n|-damage|p1a: Deoxys|0 fnt\n|-damage|p2a: Arceus|84\/100|[from] item: Rocky Helmet|[of] p1a: Deoxys\n|faint|p1a: Deoxys\n|-damage|p2a: Arceus|74\/100|[from] item: Life Orb\n|\n|upkeep\n|\n|t:|1700346134\n|switch|p1a: Slaking|Slaking, F|100\/100\n|turn|4\n|\n|t:|1700346141\n|switch|p2a: Krookodile|Krookodile, F|100\/100\n|-damage|p2a: Krookodile|94\/100|[from] Stealth Rock\n|-ability|p2a: Krookodile|Intimidate|boost\n|-unboost|p1a: Slaking|atk|1\n|move|p1a: Slaking|Giga Impact|p2a: Krookodile\n|-crit|p2a: Krookodile\n|-damage|p2a: Krookodile|0 fnt\n|-mustrecharge|p1a: Slaking\n|faint|p2a: Krookodile\n|\n|upkeep\n|\n|t:|1700346160\n|switch|p2a: Xerneas|Xerneas|100\/100\n|-damage|p2a: Xerneas|88\/100|[from] Stealth Rock\n|-ability|p2a: Xerneas|Fairy Aura\n|turn|5\n|\n|t:|1700346166\n|cant|p1a: Slaking|recharge\n|move|p2a: Xerneas|Geomancy||[still]\n|-prepare|p2a: Xerneas|Geomancy\n|-enditem|p2a: Xerneas|Power Herb\n|-anim|p2a: Xerneas|Geomancy|p2a: Xerneas\n|-boost|p2a: Xerneas|spa|2\n|-boost|p2a: Xerneas|spd|2\n|-boost|p2a: Xerneas|spe|2\n|\n|upkeep\n|turn|6\n|\n|t:|1700346174\n|move|p2a: Xerneas|Moonblast|p1a: Slaking\n|-damage|p1a: Slaking|0 fnt\n|faint|p1a: Slaking\n|\n|upkeep\n|\n|t:|1700346178\n|switch|p1a: Ribombee|Ribombee, M|100\/100\n|turn|7\n|\n|t:|1700346182\n|move|p2a: Xerneas|Moonblast|p1a: Ribombee\n|-enditem|p1a: Ribombee|Focus Sash\n|-damage|p1a: Ribombee|1\/100\n|move|p1a: Ribombee|Stun Spore|p2a: Xerneas|[miss]\n|-miss|p1a: Ribombee|p2a: Xerneas\n|\n|upkeep\n|turn|8\n|\n|t:|1700346190\n|move|p2a: Xerneas|Moonblast|p1a: Ribombee\n|-damage|p1a: Ribombee|0 fnt\n|faint|p1a: Ribombee\n|\n|upkeep\n|\n|t:|1700346193\n|switch|p1a: Dugtrio|Dugtrio, F|100\/100\n|turn|9\n|\n|t:|1700346198\n|move|p2a: Xerneas|Moonblast|p1a: Dugtrio\n|-enditem|p1a: Dugtrio|Focus Sash\n|-damage|p1a: Dugtrio|1\/100\n|move|p1a: Dugtrio|Memento|p2a: Xerneas\n|-unboost|p2a: Xerneas|atk|2\n|-unboost|p2a: Xerneas|spa|2\n|faint|p1a: Dugtrio\n|\n|upkeep\n|\n|t:|1700346201\n|switch|p1a: Mewtwo|Mewtwo|100\/100\n|-ability|p1a: Mewtwo|Unnerve\n|turn|10\n|\n|t:|1700346211\n|detailschange|p1a: Mewtwo|Mewtwo-Mega-Y\n|-mega|p1a: Mewtwo|Mewtwo|Mewtwonite Y\n|move|p2a: Xerneas|Moonblast|p1a: Mewtwo\n|-damage|p1a: Mewtwo|44\/100\n|move|p1a: Mewtwo|Psystrike|p2a: Xerneas\n|-damage|p2a: Xerneas|34\/100\n|\n|upkeep\n|turn|11\n|\n|t:|1700346220\n|move|p2a: Xerneas|Moonblast|p1a: Mewtwo\n|-damage|p1a: Mewtwo|0 fnt\n|faint|p1a: Mewtwo\n|\n|upkeep\n|\n|t:|1700346222\n|switch|p1a: Chesnaught|Chesnaught, M|100\/100\n|turn|12\n|\n|t:|1700346228\n|-terastallize|p2a: Xerneas|Fairy\n|-terastallize|p1a: Chesnaught|Ghost\n|move|p2a: Xerneas|Moonblast|p1a: Chesnaught\n|-damage|p1a: Chesnaught|0 fnt\n|faint|p1a: Chesnaught\n|\n|win|85792195wwww\n|raw|TTeTyLLloK's rating: 1424 &rarr; <strong>1415<\/strong><br \/>(-9 for losing)\n|raw|85792195wwww's rating: 1631 &rarr; <strong>1640<\/strong><br \/>(+9 for winning)\n|l|\u2606TTeTyLLloK\n|l|\u260685792195wwww\n|j|\u2606TTeTyLLloK\n|player|p1|TTeTyLLloK|bruno\n","uploadtime":1700346238,"views":7,"p1id":"ttetylllok","p2id":"85792195wwww","formatid":"gen9nationaldexubers","rating":1415,"private":0,"password":""}