{"id":"gen9nationaldexubers-1984269763","p1":"MFjune","p2":"KingoftheTitans","format":"[Gen 9] National Dex Ubers","log":"|j|\u2606MFjune\n|j|\u2606KingoftheTitans\n|t:|1699237175\n|gametype|singles\n|player|p1|MFjune|102|1255\n|player|p2|KingoftheTitans|2|1323\n|teamsize|p1|6\n|teamsize|p2|6\n|gen|9\n|tier|[Gen 9] National Dex Ubers\n|rated|\n|rule|HP Percentage Mod: HP is shown in percentages\n|rule|Endless Battle Clause: Forcing endless battles is banned\n|rule|OHKO Clause: OHKO moves are banned\n|rule|Evasion Moves Clause: Evasion moves are banned\n|rule|Evasion Items Clause: Evasion items are banned\n|rule|Species Clause: Limit one of each Pok\u00e9mon\n|rule|Sleep Clause Mod: Limit one foe put to sleep\n|rule|Mega Rayquaza Clause: You cannot mega evolve Rayquaza\n|clearpoke\n|poke|p1|Iron Thorns|\n|poke|p1|Iron Treads|\n|poke|p1|Iron Valiant|\n|poke|p1|Roaring Moon|\n|poke|p1|Sandy Shocks|\n|poke|p1|Scream Tail|\n|poke|p2|Landorus, M|\n|poke|p2|Aegislash, M|\n|poke|p2|Rotom-Wash|\n|poke|p2|Blaziken, M|\n|poke|p2|Genesect-Douse|\n|poke|p2|Solgaleo|\n|teampreview\n|inactive|Battle timer is ON: inactive players will automatically lose when time's up. (requested by MFjune)\n|\n|t:|1699237186\n|start\n|switch|p1a: Iron Treads|Iron Treads|100\/100\n|switch|p2a: Genesect|Genesect-Douse, shiny|100\/100\n|-ability|p2a: Genesect|Download|boost\n|-boost|p2a: Genesect|spa|1\n|-enditem|p1a: Iron Treads|Booster Energy\n|-activate|p1a: Iron Treads|ability: Quark Drive|[fromitem]\n|-start|p1a: Iron Treads|quarkdrivespe\n|turn|1\n|\n|t:|1699237198\n|move|p1a: Iron Treads|Earthquake|p2a: Genesect\n|-damage|p2a: Genesect|34\/100\n|move|p2a: Genesect|Techno Blast|p1a: Iron Treads\n|-supereffective|p1a: Iron Treads\n|-damage|p1a: Iron Treads|0 fnt\n|faint|p1a: Iron Treads\n|-end|p1a: Iron Treads|Quark Drive|[silent]\n|\n|upkeep\n|\n|t:|1699237212\n|switch|p1a: Sandy Shocks|Sandy Shocks|100\/100\n|-enditem|p1a: Sandy Shocks|Booster Energy\n|-activate|p1a: Sandy Shocks|ability: Protosynthesis|[fromitem]\n|-start|p1a: Sandy Shocks|protosynthesisspa\n|turn|2\n|\n|t:|1699237221\n|move|p1a: Sandy Shocks|Earth Power|p2a: Genesect\n|-damage|p2a: Genesect|0 fnt\n|faint|p2a: Genesect\n|\n|upkeep\n|\n|t:|1699237235\n|switch|p2a: Landorus|Landorus, M|100\/100\n|turn|3\n|\n|t:|1699237254\n|-end|p1a: Sandy Shocks|Protosynthesis|[silent]\n|switch|p1a: Scream Tail|Scream Tail|100\/100\n|move|p2a: Landorus|Sandsear Storm|p1a: Scream Tail\n|-damage|p1a: Scream Tail|42\/100\n|\n|-heal|p1a: Scream Tail|48\/100|[from] item: Leftovers\n|upkeep\n|turn|4\n|\n|t:|1699237262\n|switch|p2a: Solgaleo|Solgaleo, shiny|100\/100\n|move|p1a: Scream Tail|Protect||[still]\n|-fail|p1a: Scream Tail\n|\n|-heal|p1a: Scream Tail|54\/100|[from] item: Leftovers\n|upkeep\n|turn|5\n|\n|t:|1699237271\n|move|p1a: Scream Tail|Protect|p1a: Scream Tail\n|-singleturn|p1a: Scream Tail|Protect\n|move|p2a: Solgaleo|Sunsteel Strike|p1a: Scream Tail\n|-activate|p1a: Scream Tail|move: Protect\n|\n|-heal|p1a: Scream Tail|60\/100|[from] item: Leftovers\n|upkeep\n|turn|6\n|\n|t:|1699237296\n|-end|p1a: Scream Tail|Protosynthesis|[silent]\n|switch|p1a: Sandy Shocks|Sandy Shocks|100\/100\n|move|p2a: Solgaleo|Sunsteel Strike|p1a: Sandy Shocks\n|-resisted|p1a: Sandy Shocks\n|-damage|p1a: Sandy Shocks|68\/100\n|\n|upkeep\n|turn|7\n|inactive|KingoftheTitans has 120 seconds left.\n|\n|t:|1699237314\n|switch|p2a: Rotom|Rotom-Wash, shiny|100\/100\n|move|p1a: Sandy Shocks|Volt Switch|p2a: Rotom\n|-crit|p2a: Rotom\n|-damage|p2a: Rotom|31\/100\n|\n|t:|1699237321\n|-end|p1a: Sandy Shocks|Protosynthesis|[silent]\n|switch|p1a: Scream Tail|Scream Tail|60\/100|[from] Volt Switch\n|\n|-heal|p2a: Rotom|37\/100|[from] item: Leftovers\n|-heal|p1a: Scream Tail|67\/100|[from] item: Leftovers\n|upkeep\n|turn|8\n|\n|t:|1699237328\n|move|p2a: Rotom|Hydro Pump|p1a: Scream Tail\n|-damage|p1a: Scream Tail|30\/100\n|move|p1a: Scream Tail|Dazzling Gleam|p2a: Rotom\n|-damage|p2a: Rotom|12\/100\n|\n|-heal|p2a: Rotom|18\/100|[from] item: Leftovers\n|-heal|p1a: Scream Tail|36\/100|[from] item: Leftovers\n|upkeep\n|turn|9\n|\n|t:|1699237338\n|move|p2a: Rotom|Hydro Pump|p1a: Scream Tail|[miss]\n|-miss|p2a: Rotom|p1a: Scream Tail\n|move|p1a: Scream Tail|Dazzling Gleam|p2a: Rotom\n|-damage|p2a: Rotom|0 fnt\n|faint|p2a: Rotom\n|\n|-heal|p1a: Scream Tail|42\/100|[from] item: Leftovers\n|upkeep\n|\n|t:|1699237348\n|switch|p2a: Blaziken|Blaziken, M|100\/100\n|turn|10\n|\n|t:|1699237352\n|detailschange|p2a: Blaziken|Blaziken-Mega, M\n|-mega|p2a: Blaziken|Blaziken|Blazikenite\n|move|p2a: Blaziken|Flare Blitz|p1a: Scream Tail\n|-damage|p1a: Scream Tail|0 fnt\n|faint|p1a: Scream Tail\n|-end|p1a: Scream Tail|Protosynthesis|[silent]\n|-damage|p2a: Blaziken|81\/100|[from] Recoil\n|\n|-ability|p2a: Blaziken|Speed Boost|boost\n|-boost|p2a: Blaziken|spe|1\n|upkeep\n|\n|t:|1699237362\n|switch|p1a: Sandy Shocks|Sandy Shocks|68\/100\n|turn|11\n|\n|t:|1699237376\n|switch|p2a: Landorus|Landorus, M|100\/100\n|move|p1a: Sandy Shocks|Earth Power|p2a: Landorus\n|-immune|p2a: Landorus\n|\n|upkeep\n|turn|12\n|\n|t:|1699237389\n|move|p2a: Landorus|Sandsear Storm|p1a: Sandy Shocks\n|-supereffective|p1a: Sandy Shocks\n|-damage|p1a: Sandy Shocks|0 fnt\n|faint|p1a: Sandy Shocks\n|-end|p1a: Sandy Shocks|Protosynthesis|[silent]\n|\n|upkeep\n|\n|t:|1699237400\n|switch|p1a: Iron Thorns|Iron Thorns|100\/100\n|-enditem|p1a: Iron Thorns|Booster Energy\n|-activate|p1a: Iron Thorns|ability: Quark Drive|[fromitem]\n|-start|p1a: Iron Thorns|quarkdriveatk\n|turn|13\n|\n|t:|1699237417\n|move|p2a: Landorus|Sandsear Storm|p1a: Iron Thorns\n|-supereffective|p1a: Iron Thorns\n|-damage|p1a: Iron Thorns|0 fnt\n|faint|p1a: Iron Thorns\n|-end|p1a: Iron Thorns|Quark Drive|[silent]\n|\n|upkeep\n|\n|t:|1699237423\n|switch|p1a: Iron Valiant|Iron Valiant|100\/100\n|-enditem|p1a: Iron Valiant|Booster Energy\n|-activate|p1a: Iron Valiant|ability: Quark Drive|[fromitem]\n|-start|p1a: Iron Valiant|quarkdrivespe\n|turn|14\n|\n|t:|1699237431\n|switch|p2a: Aegislash|Aegislash, M, shiny|100\/100\n|move|p1a: Iron Valiant|Spirit Break|p2a: Aegislash\n|-resisted|p2a: Aegislash\n|-damage|p2a: Aegislash|84\/100\n|-unboost|p2a: Aegislash|spa|1\n|\n|upkeep\n|turn|15\n|\n|t:|1699237442\n|move|p1a: Iron Valiant|Swords Dance|p1a: Iron Valiant\n|-boost|p1a: Iron Valiant|atk|2\n|-formechange|p2a: Aegislash|Aegislash-Blade||[from] ability: Stance Change\n|move|p2a: Aegislash|Iron Head|p1a: Iron Valiant\n|-supereffective|p1a: Iron Valiant\n|-damage|p1a: Iron Valiant|0 fnt\n|faint|p1a: Iron Valiant\n|-end|p1a: Iron Valiant|Quark Drive|[silent]\n|\n|upkeep\n|\n|t:|1699237451\n|switch|p1a: Roaring Moon|Roaring Moon|100\/100\n|-enditem|p1a: Roaring Moon|Booster Energy\n|-activate|p1a: Roaring Moon|ability: Protosynthesis|[fromitem]\n|-start|p1a: Roaring Moon|protosynthesisatk\n|turn|16\n|\n|t:|1699237457\n|-formechange|p2a: Aegislash|Aegislash||[from] ability: Stance Change\n|move|p2a: Aegislash|King's Shield|p2a: Aegislash\n|-singleturn|p2a: Aegislash|Protect\n|move|p1a: Roaring Moon|Dragon Dance|p1a: Roaring Moon\n|-boost|p1a: Roaring Moon|atk|1\n|-boost|p1a: Roaring Moon|spe|1\n|\n|upkeep\n|turn|17\n|\n|t:|1699237468\n|-terastallize|p1a: Roaring Moon|Flying\n|move|p1a: Roaring Moon|Crunch|p2a: Aegislash\n|-supereffective|p2a: Aegislash\n|-damage|p2a: Aegislash|0 fnt\n|faint|p2a: Aegislash\n|\n|upkeep\n|\n|t:|1699237481\n|switch|p2a: Solgaleo|Solgaleo, shiny|100\/100\n|turn|18\n|\n|t:|1699237485\n|move|p1a: Roaring Moon|Crunch|p2a: Solgaleo\n|-supereffective|p2a: Solgaleo\n|-damage|p2a: Solgaleo|0 fnt\n|faint|p2a: Solgaleo\n|\n|upkeep\n|\n|t:|1699237492\n|switch|p2a: Landorus|Landorus, M|100\/100\n|turn|19\n|\n|t:|1699237501\n|-terastallize|p2a: Landorus|Fighting\n|move|p1a: Roaring Moon|Dragon Claw|p2a: Landorus\n|-damage|p2a: Landorus|0 fnt\n|faint|p2a: Landorus\n|\n|upkeep\n|\n|t:|1699237506\n|switch|p2a: Blaziken|Blaziken-Mega, M|81\/100\n|turn|20\n|\n|t:|1699237510\n|move|p2a: Blaziken|Protect|p2a: Blaziken\n|-singleturn|p2a: Blaziken|Protect\n|move|p1a: Roaring Moon|Acrobatics|p2a: Blaziken\n|-activate|p2a: Blaziken|move: Protect\n|\n|-ability|p2a: Blaziken|Speed Boost|boost\n|-boost|p2a: Blaziken|spe|1\n|upkeep\n|turn|21\n|\n|t:|1699237518\n|move|p2a: Blaziken|Protect||[still]\n|-fail|p2a: Blaziken\n|move|p1a: Roaring Moon|Acrobatics|p2a: Blaziken\n|-supereffective|p2a: Blaziken\n|-damage|p2a: Blaziken|0 fnt\n|faint|p2a: Blaziken\n|\n|win|MFjune\n|raw|MFjune's rating: 1255 &rarr; <strong>1285<\/strong><br \/>(+30 for winning)\n|raw|KingoftheTitans's rating: 1323 &rarr; <strong>1299<\/strong><br \/>(-24 for losing)\n|c|\u2606KingoftheTitans|gg\n","uploadtime":1699237527,"views":6,"p1id":"mfjune","p2id":"kingofthetitans","formatid":"gen9nationaldexubers","rating":1285,"private":0,"password":""}