{"id":"gen9nationaldexubers-1994392433","p1":"ChillLanturnYT","p2":"It is I Freddy","format":"[Gen 9] National Dex Ubers","log":"|j|\u2606ChillLanturnYT\n|j|\u2606It is I Freddy\n|t:|1700438694\n|gametype|singles\n|player|p1|ChillLanturnYT|palmer|\n|player|p2|It is I Freddy|morty|\n|teamsize|p1|6\n|teamsize|p2|6\n|gen|9\n|tier|[Gen 9] National Dex Ubers\n|rule|HP Percentage Mod: HP is shown in percentages\n|rule|Endless Battle Clause: Forcing endless battles is banned\n|rule|OHKO Clause: OHKO moves are banned\n|rule|Evasion Moves Clause: Evasion moves are banned\n|rule|Evasion Items Clause: Evasion items are banned\n|rule|Species Clause: Limit one of each Pok\u00e9mon\n|rule|Sleep Clause Mod: Limit one foe put to sleep\n|rule|Mega Rayquaza Clause: You cannot mega evolve Rayquaza\n|clearpoke\n|poke|p1|Muk-Alola, M|\n|poke|p1|Lopunny, F|\n|poke|p1|Tapu Fini|\n|poke|p1|Baxcalibur, F|\n|poke|p1|Heracross, F|\n|poke|p1|Trevenant, F|\n|poke|p2|Mandibuzz, F|\n|poke|p2|Ceruledge, F|\n|poke|p2|Espeon, M|\n|poke|p2|Gengar, F|\n|poke|p2|Rotom-Heat|\n|poke|p2|Spidops, M|\n|teampreview\n|c|\u2606It is I Freddy|there we go\n|c|\u2606ChillLanturnYT|Nice :)\n|\n|t:|1700438721\n|start\n|switch|p1a: Baxcalibur|Baxcalibur, F|100\/100\n|switch|p2a: Flame Knight|Ceruledge, F|100\/100\n|turn|1\n|\n|t:|1700438727\n|move|p2a: Flame Knight|Close Combat|p1a: Baxcalibur\n|-supereffective|p1a: Baxcalibur\n|-crit|p1a: Baxcalibur\n|-damage|p1a: Baxcalibur|0 fnt\n|-unboost|p2a: Flame Knight|def|1\n|-unboost|p2a: Flame Knight|spd|1\n|faint|p1a: Baxcalibur\n|\n|upkeep\n|c|\u2606ChillLanturnYT|I mean the crit was just unnecessary :(\n|c|\u2606It is I Freddy|not max speed huh?\n|c|\u2606It is I Freddy|sorry lol\n|c|\u2606ChillLanturnYT|No I think its adamant not jolly\n|c|\u2606It is I Freddy|ah\n|\n|t:|1700438770\n|switch|p1a: Lopunny|Lopunny, F|100\/100\n|turn|2\n|\n|t:|1700438784\n|detailschange|p1a: Lopunny|Lopunny-Mega, F\n|-mega|p1a: Lopunny|Lopunny|Lopunnite\n|move|p1a: Lopunny|U-turn|p2a: Flame Knight\n|-resisted|p2a: Flame Knight\n|-damage|p2a: Flame Knight|87\/100\n|-ability|p2a: Flame Knight|Weak Armor|boost\n|-unboost|p2a: Flame Knight|def|1\n|-boost|p2a: Flame Knight|spe|2\n|\n|t:|1700438792\n|switch|p1a: Heracross|Heracross, F|100\/100|[from] U-turn\n|move|p2a: Flame Knight|Bitter Blade|p1a: Heracross\n|-supereffective|p1a: Heracross\n|-damage|p1a: Heracross|0 fnt\n|-heal|p2a: Flame Knight|100\/100|[from] drain|[of] p1a: Heracross\n|faint|p1a: Heracross\n|\n|upkeep\n|\n|t:|1700438795\n|switch|p1a: Muk|Muk-Alola, M|100\/100\n|turn|3\n|\n|t:|1700438808\n|move|p2a: Flame Knight|Bitter Blade|p1a: Muk\n|-damage|p1a: Muk|52\/100\n|move|p1a: Muk|Knock Off|p2a: Flame Knight\n|-supereffective|p2a: Flame Knight\n|-enditem|p2a: Flame Knight|Focus Sash\n|-damage|p2a: Flame Knight|1\/100\n|-ability|p2a: Flame Knight|Weak Armor|boost\n|-unboost|p2a: Flame Knight|def|1\n|-boost|p2a: Flame Knight|spe|2\n|-status|p2a: Flame Knight|psn|[from] ability: Poison Touch|[of] p1a: Muk\n|\n|-damage|p2a: Flame Knight|0 fnt|[from] psn\n|faint|p2a: Flame Knight\n|upkeep\n|c|\u2606It is I Freddy|oof\n|\n|t:|1700438826\n|switch|p2a: Poltergheist|Rotom-Heat|100\/100\n|turn|4\n|c|\u2606ChillLanturnYT|i guess i didn't need shadow sneak this time!\n|\n|t:|1700438837\n|move|p2a: Poltergheist|Volt Switch|p1a: Muk\n|-damage|p1a: Muk|36\/100\n|\n|t:|1700438840\n|switch|p2a: Special Ops|Spidops, M|100\/100|[from] Volt Switch\n|move|p1a: Muk|Knock Off|p2a: Special Ops\n|-crit|p2a: Special Ops\n|-damage|p2a: Special Ops|44\/100\n|-status|p2a: Special Ops|psn|[from] ability: Poison Touch|[of] p1a: Muk\n|-enditem|p2a: Special Ops|Leftovers|[from] move: Knock Off|[of] p1a: Muk\n|\n|-damage|p2a: Special Ops|32\/100 psn|[from] psn\n|upkeep\n|turn|5\n|\n|t:|1700438852\n|switch|p1a: Trevenant|Trevenant, F|100\/100\n|move|p2a: Special Ops|Knock Off|p1a: Trevenant\n|-supereffective|p1a: Trevenant\n|-crit|p1a: Trevenant\n|-damage|p1a: Trevenant|12\/100\n|-enditem|p1a: Trevenant|Lum Berry|[from] move: Knock Off|[of] p2a: Special Ops\n|\n|-damage|p2a: Special Ops|20\/100 psn|[from] psn\n|upkeep\n|turn|6\n|\n|t:|1700438860\n|move|p1a: Trevenant|Rest|p1a: Trevenant\n|-status|p1a: Trevenant|slp|[from] move: Rest\n|-heal|p1a: Trevenant|100\/100 slp|[silent]\n|move|p2a: Special Ops|Sticky Web|p1a: Trevenant\n|-sidestart|p1: ChillLanturnYT|move: Sticky Web\n|\n|-damage|p2a: Special Ops|7\/100 psn|[from] psn\n|upkeep\n|turn|7\n|c|\u2606ChillLanturnYT|oof\n|\n|t:|1700438870\n|cant|p1a: Trevenant|slp\n|move|p2a: Special Ops|Toxic Spikes|p1a: Trevenant\n|-sidestart|p1: ChillLanturnYT|move: Toxic Spikes\n|\n|-damage|p2a: Special Ops|0 fnt|[from] psn\n|faint|p2a: Special Ops\n|upkeep\n|c|\u2606ChillLanturnYT|thats a big hit\n|\n|t:|1700438882\n|switch|p2a: Poltergheist|Rotom-Heat|100\/100\n|turn|8\n|\n|t:|1700438891\n|move|p2a: Poltergheist|Overheat|p1a: Trevenant\n|-supereffective|p1a: Trevenant\n|-damage|p1a: Trevenant|0 fnt\n|-unboost|p2a: Poltergheist|spa|2\n|faint|p1a: Trevenant\n|\n|upkeep\n|\n|t:|1700438895\n|switch|p1a: Muk|Muk-Alola, M|36\/100\n|-activate|p1a: Muk|move: Sticky Web\n|-unboost|p1a: Muk|spe|1\n|-sideend|p1: ChillLanturnYT|move: Toxic Spikes|[of] p1a: Muk\n|turn|9\n|\n|t:|1700438901\n|switch|p2a: Undead Vulture|Mandibuzz, F, shiny|100\/100\n|move|p1a: Muk|Drain Punch|p2a: Undead Vulture\n|-damage|p2a: Undead Vulture|88\/100\n|-heal|p1a: Muk|42\/100|[from] drain|[of] p2a: Undead Vulture\n|-damage|p1a: Muk|25\/100|[from] item: Rocky Helmet|[of] p2a: Undead Vulture\n|\n|upkeep\n|turn|10\n|\n|t:|1700438913\n|move|p2a: Undead Vulture|Foul Play|p1a: Muk\n|-resisted|p1a: Muk\n|-damage|p1a: Muk|1\/100\n|move|p1a: Muk|Knock Off|p2a: Undead Vulture\n|-resisted|p2a: Undead Vulture\n|-damage|p2a: Undead Vulture|74\/100\n|-damage|p1a: Muk|0 fnt|[from] item: Rocky Helmet|[of] p2a: Undead Vulture\n|faint|p1a: Muk\n|\n|upkeep\n|\n|t:|1700438922\n|switch|p1a: Tapu Fini|Tapu Fini|100\/100\n|-activate|p1a: Tapu Fini|move: Sticky Web\n|-unboost|p1a: Tapu Fini|spe|1\n|-fieldstart|move: Misty Terrain|[from] ability: Misty Surge|[of] p1a: Tapu Fini\n|turn|11\n|c|\u2606It is I Freddy|wait that didn't knock it?\n|\n|t:|1700438929\n|switch|p2a: Poltergheist|Rotom-Heat|100\/100\n|move|p1a: Tapu Fini|Calm Mind|p1a: Tapu Fini\n|-boost|p1a: Tapu Fini|spa|1\n|-boost|p1a: Tapu Fini|spd|1\n|\n|upkeep\n|turn|12\n|\n|t:|1700438940\n|move|p2a: Poltergheist|Thunderbolt|p1a: Tapu Fini\n|-supereffective|p1a: Tapu Fini\n|-damage|p1a: Tapu Fini|59\/100\n|move|p1a: Tapu Fini|Scald|p2a: Poltergheist\n|-supereffective|p2a: Poltergheist\n|-damage|p2a: Poltergheist|0 fnt\n|faint|p2a: Poltergheist\n|\n|-heal|p1a: Tapu Fini|65\/100|[from] item: Leftovers\n|upkeep\n|c|\u2606ChillLanturnYT|the muk?\n|\n|t:|1700438951\n|switch|p2a: Magician's cat|Espeon, M|100\/100\n|turn|13\n|c|\u2606ChillLanturnYT|no 1hp\n|c|\u2606ChillLanturnYT|somehow\n|c|\u2606It is I Freddy|yeah helmet didn't knock\n|\n|t:|1700438968\n|move|p2a: Magician's cat|Psyshock|p1a: Tapu Fini\n|-damage|p1a: Tapu Fini|5\/100\n|move|p1a: Tapu Fini|Scald|p2a: Magician's cat\n|-crit|p2a: Magician's cat\n|-damage|p2a: Magician's cat|0 fnt\n|faint|p2a: Magician's cat\n|\n|-heal|p1a: Tapu Fini|11\/100|[from] item: Leftovers\n|upkeep\n|c|\u2606ChillLanturnYT|oh it did\n|\n|t:|1700438977\n|switch|p2a: Spook|Gengar, F, shiny|100\/100\n|turn|14\n|c|\u2606ChillLanturnYT|oh  sorry just got what you meant\n|c|\u2606ChillLanturnYT|if I die then it doesn't knock it off\n|c|\u2606It is I Freddy|oh, didn't know that\n|\n|t:|1700438998\n|move|p2a: Spook|Energy Ball|p1a: Tapu Fini\n|-supereffective|p1a: Tapu Fini\n|-damage|p1a: Tapu Fini|0 fnt\n|faint|p1a: Tapu Fini\n|\n|upkeep\n|\n|t:|1700439000\n|switch|p1a: Lopunny|Lopunny-Mega, F|100\/100\n|-activate|p1a: Lopunny|move: Sticky Web\n|-unboost|p1a: Lopunny|spe|1\n|turn|15\n|\n|t:|1700439006\n|switch|p2a: Undead Vulture|Mandibuzz, F, shiny|74\/100\n|move|p1a: Lopunny|Fake Out|p2a: Undead Vulture\n|-damage|p2a: Undead Vulture|62\/100\n|-damage|p1a: Lopunny|84\/100|[from] item: Rocky Helmet|[of] p2a: Undead Vulture\n|\n|-fieldend|Misty Terrain\n|upkeep\n|turn|16\n|\n|t:|1700439015\n|move|p1a: Lopunny|Close Combat|p2a: Undead Vulture\n|-damage|p2a: Undead Vulture|23\/100\n|-unboost|p1a: Lopunny|def|1\n|-unboost|p1a: Lopunny|spd|1\n|-damage|p1a: Lopunny|67\/100|[from] item: Rocky Helmet|[of] p2a: Undead Vulture\n|move|p2a: Undead Vulture|Roost|p2a: Undead Vulture\n|-heal|p2a: Undead Vulture|73\/100\n|-singleturn|p2a: Undead Vulture|move: Roost\n|\n|upkeep\n|turn|17\n|c|\u2606ChillLanturnYT|gg\n|c|\u2606ChillLanturnYT|you got me\n|\n|t:|1700439025\n|move|p1a: Lopunny|Close Combat|p2a: Undead Vulture\n|-damage|p2a: Undead Vulture|35\/100\n|-unboost|p1a: Lopunny|def|1\n|-unboost|p1a: Lopunny|spd|1\n|-damage|p1a: Lopunny|51\/100|[from] item: Rocky Helmet|[of] p2a: Undead Vulture\n|move|p2a: Undead Vulture|Foul Play|p1a: Lopunny\n|-resisted|p1a: Lopunny\n|-damage|p1a: Lopunny|0 fnt\n|faint|p1a: Lopunny\n|\n|win|It is I Freddy\n|c|\u2606It is I Freddy|gg\n","uploadtime":1700439033,"views":7,"p1id":"chilllanturnyt","p2id":"itisifreddy","formatid":"gen9nationaldexubers","rating":0,"private":0,"password":""}