{"id":"gen9nationaldexubers-1979671372","p1":"BigMommaBadger","p2":"pseudodynamic","format":"[Gen 9] National Dex Ubers","log":"|j|\u2606BigMommaBadger\n|j|\u2606pseudodynamic\n|t:|1698701836\n|gametype|singles\n|player|p1|BigMommaBadger|cynthia-gen4|1067\n|player|p2|pseudodynamic|1|1191\n|teamsize|p1|6\n|teamsize|p2|6\n|gen|9\n|tier|[Gen 9] National Dex Ubers\n|rated|\n|rule|HP Percentage Mod: HP is shown in percentages\n|rule|Endless Battle Clause: Forcing endless battles is banned\n|rule|OHKO Clause: OHKO moves are banned\n|rule|Evasion Moves Clause: Evasion moves are banned\n|rule|Evasion Items Clause: Evasion items are banned\n|rule|Species Clause: Limit one of each Pok\u00e9mon\n|rule|Sleep Clause Mod: Limit one foe put to sleep\n|rule|Mega Rayquaza Clause: You cannot mega evolve Rayquaza\n|clearpoke\n|poke|p1|Reshiram|\n|poke|p1|Arceus-Water|\n|poke|p1|Ogerpon-Cornerstone, F|\n|poke|p1|Lugia|\n|poke|p1|Marshadow|\n|poke|p1|Zacian-*|\n|poke|p2|Pelipper, M|\n|poke|p2|Kyogre|\n|poke|p2|Palafin, M|\n|poke|p2|Dracovish|\n|poke|p2|Swampert, M|\n|poke|p2|Basculegion, M|\n|teampreview\n|inactive|Battle timer is ON: inactive players will automatically lose when time's up. (requested by BigMommaBadger)\n|\n|t:|1698701846\n|start\n|switch|p1a: Erebus|Marshadow|100\/100\n|switch|p2a: Pelipper|Pelipper, M|100\/100\n|-weather|RainDance|[from] ability: Drizzle|[of] p2a: Pelipper\n|turn|1\n|\n|t:|1698701857\n|move|p1a: Erebus|Swagger|p2a: Pelipper\n|-boost|p2a: Pelipper|atk|2\n|-start|p2a: Pelipper|confusion\n|-activate|p2a: Pelipper|confusion\n|move|p2a: Pelipper|Hurricane|p1a: Erebus\n|-supereffective|p1a: Erebus\n|-damage|p1a: Erebus|15\/100\n|-start|p1a: Erebus|confusion\n|\n|-weather|RainDance|[upkeep]\n|upkeep\n|turn|2\n|\n|t:|1698701866\n|-activate|p1a: Erebus|confusion\n|-damage|p1a: Erebus|0 fnt|[from] confusion\n|faint|p1a: Erebus\n|-activate|p2a: Pelipper|confusion\n|-damage|p2a: Pelipper|92\/100|[from] confusion\n|\n|-weather|RainDance|[upkeep]\n|upkeep\n|\n|t:|1698701871\n|switch|p1a: Poseidon|Arceus-Water, shiny|100\/100\n|turn|3\n|\n|t:|1698701875\n|-terastallize|p1a: Poseidon|Water\n|move|p1a: Poseidon|Calm Mind|p1a: Poseidon\n|-boost|p1a: Poseidon|spa|1\n|-boost|p1a: Poseidon|spd|1\n|-activate|p2a: Pelipper|confusion\n|move|p2a: Pelipper|Tailwind|p2a: Pelipper\n|-sidestart|p2: pseudodynamic|move: Tailwind\n|\n|-weather|RainDance|[upkeep]\n|upkeep\n|turn|4\n|\n|t:|1698701885\n|-activate|p2a: Pelipper|confusion\n|move|p2a: Pelipper|Hurricane|p1a: Poseidon\n|-damage|p1a: Poseidon|83\/100\n|move|p1a: Poseidon|Judgment|p2a: Pelipper\n|-resisted|p2a: Pelipper\n|-damage|p2a: Pelipper|2\/100\n|\n|-weather|RainDance|[upkeep]\n|upkeep\n|turn|5\n|\n|t:|1698701892\n|-end|p2a: Pelipper|confusion\n|move|p2a: Pelipper|Hurricane|p1a: Poseidon\n|-damage|p1a: Poseidon|68\/100\n|move|p1a: Poseidon|Calm Mind|p1a: Poseidon\n|-boost|p1a: Poseidon|spa|1\n|-boost|p1a: Poseidon|spd|1\n|\n|-weather|RainDance|[upkeep]\n|upkeep\n|turn|6\n|\n|t:|1698701899\n|move|p2a: Pelipper|Hurricane|p1a: Poseidon\n|-damage|p1a: Poseidon|55\/100\n|move|p1a: Poseidon|Judgment|p2a: Pelipper\n|-resisted|p2a: Pelipper\n|-damage|p2a: Pelipper|0 fnt\n|faint|p2a: Pelipper\n|\n|-weather|RainDance|[upkeep]\n|-sideend|p2: pseudodynamic|move: Tailwind\n|upkeep\n|\n|t:|1698701920\n|switch|p2a: Swampert|Swampert, M|100\/100\n|turn|7\n|\n|t:|1698701924\n|detailschange|p2a: Swampert|Swampert-Mega, M\n|-mega|p2a: Swampert|Swampert|Swampertite\n|move|p2a: Swampert|Earthquake|p1a: Poseidon\n|-damage|p1a: Poseidon|15\/100\n|move|p1a: Poseidon|Recover|p1a: Poseidon\n|-heal|p1a: Poseidon|66\/100\n|\n|-weather|RainDance|[upkeep]\n|upkeep\n|turn|8\n|\n|t:|1698701931\n|move|p2a: Swampert|Power-Up Punch|p1a: Poseidon\n|-damage|p1a: Poseidon|55\/100\n|-boost|p2a: Swampert|atk|1\n|move|p1a: Poseidon|Recover|p1a: Poseidon\n|-heal|p1a: Poseidon|100\/100\n|\n|-weather|none\n|upkeep\n|turn|9\n|\n|t:|1698701937\n|move|p1a: Poseidon|Judgment|p2a: Swampert\n|-damage|p2a: Swampert|0 fnt\n|faint|p2a: Swampert\n|\n|upkeep\n|\n|t:|1698701941\n|switch|p2a: Kyogre|Kyogre|100\/100\n|detailschange|p2a: Kyogre|Kyogre-Primal\n|-primal|p2a: Kyogre|Blue Orb\n|-weather|PrimordialSea|[from] ability: Primordial Sea|[of] p2a: Kyogre\n|turn|10\n|\n|t:|1698701946\n|move|p1a: Poseidon|Judgment|p2a: Kyogre\n|-resisted|p2a: Kyogre\n|-damage|p2a: Kyogre|37\/100\n|move|p2a: Kyogre|Thunder|p1a: Poseidon\n|-supereffective|p1a: Poseidon\n|-damage|p1a: Poseidon|65\/100\n|\n|-weather|PrimordialSea|[upkeep]\n|upkeep\n|turn|11\n|\n|t:|1698701952\n|move|p1a: Poseidon|Judgment|p2a: Kyogre\n|-resisted|p2a: Kyogre\n|-damage|p2a: Kyogre|0 fnt\n|faint|p2a: Kyogre\n|-weather|none\n|\n|upkeep\n|-message|pseudodynamic forfeited.\n|\n|win|BigMommaBadger\n|raw|BigMommaBadger's rating: 1067 &rarr; <strong>1107<\/strong><br \/>(+40 for winning)\n|raw|pseudodynamic's rating: 1191 &rarr; <strong>1157<\/strong><br \/>(-34 for losing)\n|l|\u2606pseudodynamic\n","uploadtime":1698701959,"views":7,"p1id":"bigmommabadger","p2id":"pseudodynamic","formatid":"gen9nationaldexubers","rating":1107,"private":0,"password":""}