{"id":"gen9nationaldexubers-1994405358","p1":"Smolflip","p2":"ShriveledMonkey","format":"[Gen 9] National Dex Ubers","log":"|j|\u2606Smolflip\n|j|\u2606ShriveledMonkey\n|t:|1700440207\n|gametype|singles\n|player|p1|Smolflip|riley|1066\n|player|p2|ShriveledMonkey|170|1084\n|teamsize|p1|6\n|teamsize|p2|6\n|gen|9\n|tier|[Gen 9] National Dex Ubers\n|rated|\n|rule|HP Percentage Mod: HP is shown in percentages\n|rule|Endless Battle Clause: Forcing endless battles is banned\n|rule|OHKO Clause: OHKO moves are banned\n|rule|Evasion Moves Clause: Evasion moves are banned\n|rule|Evasion Items Clause: Evasion items are banned\n|rule|Species Clause: Limit one of each Pok\u00e9mon\n|rule|Sleep Clause Mod: Limit one foe put to sleep\n|rule|Mega Rayquaza Clause: You cannot mega evolve Rayquaza\n|clearpoke\n|poke|p1|Furret, F|\n|poke|p1|Drednaw, M|\n|poke|p1|Fezandipiti, M|\n|poke|p1|Simisage, M|\n|poke|p1|Palossand, F|\n|poke|p1|Masquerain, M|\n|poke|p2|Orbeetle, F|\n|poke|p2|Articuno-Galar|\n|poke|p2|Golduck, F|\n|poke|p2|Skeledirge, F|\n|poke|p2|Xatu, M|\n|poke|p2|Annihilape, M|\n|teampreview\n|\n|t:|1700440217\n|start\n|switch|p1a: Furret|Furret, F|100\/100\n|switch|p2a: Golduck|Golduck, F|100\/100\n|-item|p2a: Golduck|Life Orb|[from] ability: Frisk|[of] p1a: Furret|[identify]\n|turn|1\n|\n|t:|1700440225\n|move|p2a: Golduck|Nasty Plot|p2a: Golduck\n|-boost|p2a: Golduck|spa|2\n|move|p1a: Furret|Knock Off|p2a: Golduck\n|-damage|p2a: Golduck|66\/100\n|-enditem|p2a: Golduck|Life Orb|[from] move: Knock Off|[of] p1a: Furret\n|\n|upkeep\n|turn|2\n|\n|t:|1700440237\n|-terastallize|p1a: Furret|Normal\n|move|p2a: Golduck|Surf|p1a: Furret\n|-damage|p1a: Furret|0 fnt\n|faint|p1a: Furret\n|\n|upkeep\n|\n|t:|1700440248\n|switch|p1a: Palossand|Palossand, F|100\/100\n|turn|3\n|\n|t:|1700440254\n|move|p2a: Golduck|Ice Beam|p1a: Palossand\n|-supereffective|p1a: Palossand\n|-damage|p1a: Palossand|0 fnt\n|faint|p1a: Palossand\n|\n|upkeep\n|\n|t:|1700440259\n|switch|p1a: Masquerain|Masquerain, M|100\/100\n|-ability|p1a: Masquerain|Intimidate|boost\n|-unboost|p2a: Golduck|atk|1\n|turn|4\n|\n|t:|1700440266\n|move|p2a: Golduck|Ice Beam|p1a: Masquerain\n|-supereffective|p1a: Masquerain\n|-enditem|p1a: Masquerain|Focus Sash\n|-damage|p1a: Masquerain|1\/100\n|move|p1a: Masquerain|Quiver Dance|p1a: Masquerain\n|-boost|p1a: Masquerain|spa|1\n|-boost|p1a: Masquerain|spd|1\n|-boost|p1a: Masquerain|spe|1\n|\n|upkeep\n|turn|5\n|\n|t:|1700440275\n|move|p1a: Masquerain|Bug Buzz|p2a: Golduck\n|-damage|p2a: Golduck|0 fnt\n|faint|p2a: Golduck\n|\n|upkeep\n|\n|t:|1700440287\n|switch|p2a: Skeledirge|Skeledirge, F|100\/100\n|turn|6\n|\n|t:|1700440295\n|move|p1a: Masquerain|Air Slash|p2a: Skeledirge\n|-damage|p2a: Skeledirge|42\/100\n|move|p2a: Skeledirge|Torch Song|p1a: Masquerain\n|-supereffective|p1a: Masquerain\n|-damage|p1a: Masquerain|0 fnt\n|-boost|p2a: Skeledirge|spa|1\n|faint|p1a: Masquerain\n|-enditem|p2a: Skeledirge|Throat Spray\n|-boost|p2a: Skeledirge|spa|1|[from] item: Throat Spray\n|\n|upkeep\n|\n|t:|1700440300\n|switch|p1a: Fezandipiti|Fezandipiti, M|100\/100\n|turn|7\n|\n|t:|1700440312\n|move|p1a: Fezandipiti|Beat Up|p2a: Skeledirge\n|-supereffective|p2a: Skeledirge\n|-damage|p2a: Skeledirge|34\/100\n|-supereffective|p2a: Skeledirge\n|-damage|p2a: Skeledirge|26\/100\n|-status|p2a: Skeledirge|tox|[from] ability: Toxic Chain|[of] p1a: Fezandipiti\n|-supereffective|p2a: Skeledirge\n|-damage|p2a: Skeledirge|18\/100 tox\n|-hitcount|p2a: Skeledirge|3\n|move|p2a: Skeledirge|Will-O-Wisp|p1a: Fezandipiti\n|-status|p1a: Fezandipiti|brn\n|\n|-damage|p2a: Skeledirge|12\/100 tox|[from] psn\n|-damage|p1a: Fezandipiti|95\/100 brn|[from] brn\n|upkeep\n|turn|8\n|\n|t:|1700440326\n|move|p1a: Fezandipiti|Cross Poison|p2a: Skeledirge\n|-resisted|p2a: Skeledirge\n|-damage|p2a: Skeledirge|6\/100 tox\n|move|p2a: Skeledirge|Torch Song|p1a: Fezandipiti\n|-damage|p1a: Fezandipiti|0 fnt\n|-boost|p2a: Skeledirge|spa|1\n|faint|p1a: Fezandipiti\n|\n|-damage|p2a: Skeledirge|0 fnt|[from] psn\n|faint|p2a: Skeledirge\n|upkeep\n|\n|t:|1700440338\n|switch|p1a: Simisage|Simisage, M|100\/100\n|switch|p2a: Xatu|Xatu, M|100\/100\n|turn|9\n|\n|t:|1700440346\n|move|p1a: Simisage|Nasty Plot|p1a: Simisage\n|-boost|p1a: Simisage|spa|2\n|move|p2a: Xatu|Heat Wave|p1a: Simisage\n|-supereffective|p1a: Simisage\n|-damage|p1a: Simisage|29\/100\n|\n|upkeep\n|turn|10\n|-message|Smolflip forfeited.\n|\n|win|ShriveledMonkey\n|raw|Smolflip's rating: 1066 &rarr; <strong>1047<\/strong><br \/>(-19 for losing)\n|raw|ShriveledMonkey's rating: 1084 &rarr; <strong>1110<\/strong><br \/>(+26 for winning)\n|l|\u2606Smolflip\n","uploadtime":1700440359,"views":3,"p1id":"smolflip","p2id":"shriveledmonkey","formatid":"gen9nationaldexubers","rating":1047,"private":0,"password":""}