{"id":"gen9nationaldexubers-1998524845","p1":"ilovekevindurant","p2":"faraodomangue","format":"[Gen 9] National Dex Ubers","log":"|j|\u2606ilovekevindurant\n|j|\u2606faraodomangue\n|t:|1700952193\n|gametype|singles\n|player|p1|ilovekevindurant|1|1463\n|player|p2|faraodomangue|harlequin|1507\n|teamsize|p1|6\n|teamsize|p2|6\n|gen|9\n|tier|[Gen 9] National Dex Ubers\n|rated|\n|rule|HP Percentage Mod: HP is shown in percentages\n|rule|Endless Battle Clause: Forcing endless battles is banned\n|rule|OHKO Clause: OHKO moves are banned\n|rule|Evasion Moves Clause: Evasion moves are banned\n|rule|Evasion Items Clause: Evasion items are banned\n|rule|Species Clause: Limit one of each Pok\u00e9mon\n|rule|Sleep Clause Mod: Limit one foe put to sleep\n|rule|Mega Rayquaza Clause: You cannot mega evolve Rayquaza\n|clearpoke\n|poke|p1|Ho-Oh|\n|poke|p1|Necrozma-Dusk-Mane|\n|poke|p1|Yveltal|\n|poke|p1|Ditto|\n|poke|p1|Salamence, F|\n|poke|p1|Arceus-Water|\n|poke|p2|Porygon2|\n|poke|p2|Cresselia, F|\n|poke|p2|Hatterene, F|\n|poke|p2|Calyrex-Ice|\n|poke|p2|Melmetal|\n|poke|p2|Dracovish|\n|teampreview\n|\n|t:|1700952204\n|start\n|switch|p1a: Necrozma|Necrozma-Dusk-Mane|100\/100\n|switch|p2a: Melmetal|Melmetal|100\/100\n|turn|1\n|\n|t:|1700952223\n|switch|p2a: Cresselia|Cresselia, F|100\/100\n|move|p1a: Necrozma|Earthquake|p2a: Cresselia\n|-immune|p2a: Cresselia|[from] ability: Levitate\n|\n|upkeep\n|turn|2\n|\n|t:|1700952232\n|switch|p1a: Yveltal|Yveltal|100\/100\n|-ability|p1a: Yveltal|Dark Aura\n|move|p2a: Cresselia|Trick Room|p2a: Cresselia\n|-fieldstart|move: Trick Room|[of] p2a: Cresselia\n|\n|upkeep\n|turn|3\n|\n|t:|1700952238\n|switch|p2a: Dracovish|Dracovish, shiny|100\/100\n|move|p1a: Yveltal|Knock Off|p2a: Dracovish\n|-damage|p2a: Dracovish|3\/100\n|-enditem|p2a: Dracovish|Choice Band|[from] move: Knock Off|[of] p1a: Yveltal\n|\n|upkeep\n|turn|4\n|\n|t:|1700952249\n|switch|p1a: Salamence|Salamence, F|100\/100\n|-ability|p1a: Salamence|Intimidate|boost\n|-unboost|p2a: Dracovish|atk|1\n|move|p2a: Dracovish|Fishious Rend|p1a: Salamence\n|-resisted|p1a: Salamence\n|-damage|p1a: Salamence|58\/100\n|\n|upkeep\n|turn|5\n|\n|t:|1700952271\n|switch|p1a: Arceus|Arceus-Water|100\/100\n|move|p2a: Dracovish|Ice Fang|p1a: Arceus\n|-resisted|p1a: Arceus\n|-damage|p1a: Arceus|94\/100\n|\n|upkeep\n|turn|6\n|\n|t:|1700952279\n|move|p2a: Dracovish|Outrage|p1a: Arceus\n|-crit|p1a: Arceus\n|-damage|p1a: Arceus|44\/100\n|move|p1a: Arceus|Judgment|p2a: Dracovish\n|-resisted|p2a: Dracovish\n|-damage|p2a: Dracovish|0 fnt\n|faint|p2a: Dracovish\n|\n|-fieldend|move: Trick Room\n|upkeep\n|\n|t:|1700952285\n|switch|p2a: Hatterene|Hatterene, F, shiny|100\/100\n|turn|7\n|\n|t:|1700952303\n|move|p1a: Arceus|Recover|p1a: Arceus\n|-heal|p1a: Arceus|94\/100\n|move|p2a: Hatterene|Trick Room|p2a: Hatterene\n|-fieldstart|move: Trick Room|[of] p2a: Hatterene\n|\n|upkeep\n|turn|8\n|\n|t:|1700952309\n|move|p2a: Hatterene|Misty Explosion|p1a: Arceus\n|-damage|p1a: Arceus|59\/100\n|faint|p2a: Hatterene\n|move|p1a: Arceus|Roar|p2: Hatterene|[notarget]\n|-fail|p1a: Arceus\n|\n|upkeep\n|\n|t:|1700952312\n|switch|p2a: Calyrex|Calyrex-Ice|100\/100\n|-ability|p2a: Calyrex|As One\n|-ability|p2a: Calyrex|Unnerve\n|turn|9\n|\n|t:|1700952322\n|-terastallize|p2a: Calyrex|Ice\n|move|p2a: Calyrex|Glacial Lance|p1a: Arceus\n|-resisted|p1a: Arceus\n|-damage|p1a: Arceus|13\/100\n|move|p1a: Arceus|Roar|p2a: Calyrex\n|drag|p2a: Melmetal|Melmetal|100\/100\n|\n|upkeep\n|turn|10\n|\n|t:|1700952331\n|switch|p1a: Ho-Oh|Ho-Oh|100\/100\n|move|p2a: Melmetal|Double Iron Bash|p1a: Ho-Oh\n|-resisted|p1a: Ho-Oh\n|-damage|p1a: Ho-Oh|81\/100\n|-resisted|p1a: Ho-Oh\n|-damage|p1a: Ho-Oh|59\/100\n|-hitcount|p1a: Ho-Oh|2\n|\n|upkeep\n|turn|11\n|\n|t:|1700952341\n|move|p2a: Melmetal|Double Iron Bash|p1a: Ho-Oh\n|-resisted|p1a: Ho-Oh\n|-damage|p1a: Ho-Oh|36\/100\n|-resisted|p1a: Ho-Oh\n|-damage|p1a: Ho-Oh|13\/100\n|-hitcount|p1a: Ho-Oh|2\n|cant|p1a: Ho-Oh|flinch\n|\n|-fieldend|move: Trick Room\n|upkeep\n|turn|12\n|\n|t:|1700952349\n|switch|p2a: Porygon2|Porygon2, shiny|100\/100\n|-ability|p2a: Porygon2|Regenerator|[from] ability: Trace|[of] p1a: Ho-Oh\n|move|p1a: Ho-Oh|Sacred Fire|p2a: Porygon2\n|-damage|p2a: Porygon2|70\/100\n|-status|p2a: Porygon2|brn\n|\n|-damage|p2a: Porygon2|64\/100 brn|[from] brn\n|upkeep\n|turn|13\n|\n|t:|1700952357\n|move|p1a: Ho-Oh|Protect|p1a: Ho-Oh\n|-singleturn|p1a: Ho-Oh|Protect\n|move|p2a: Porygon2|Trick Room|p2a: Porygon2\n|-fieldstart|move: Trick Room|[of] p2a: Porygon2\n|\n|-damage|p2a: Porygon2|57\/100 brn|[from] brn\n|upkeep\n|turn|14\n|\n|t:|1700952371\n|switch|p1a: Ditto|Ditto|100\/100\n|-transform|p1a: Ditto|p2a: Porygon2|[from] ability: Imposter\n|move|p2a: Porygon2|Teleport|p2a: Porygon2\n|\n|t:|1700952377\n|switch|p2a: Melmetal|Melmetal|100\/100|[from] Teleport\n|\n|upkeep\n|turn|15\n|\n|t:|1700952398\n|switch|p1a: Salamence|Salamence, F|58\/100\n|-ability|p1a: Salamence|Intimidate|boost\n|-unboost|p2a: Melmetal|atk|1\n|move|p2a: Melmetal|Double Iron Bash|p1a: Salamence\n|-damage|p1a: Salamence|4\/100\n|-damage|p1a: Salamence|0 fnt\n|faint|p1a: Salamence\n|-hitcount|p1: Salamence|2\n|\n|upkeep\n|\n|t:|1700952409\n|switch|p1a: Necrozma|Necrozma-Dusk-Mane|100\/100\n|turn|16\n|\n|t:|1700952421\n|move|p2a: Melmetal|Double Iron Bash|p1a: Necrozma\n|-resisted|p1a: Necrozma\n|-damage|p1a: Necrozma|85\/100\n|-resisted|p1a: Necrozma\n|-damage|p1a: Necrozma|68\/100\n|-hitcount|p1a: Necrozma|2\n|move|p1a: Necrozma|Earthquake|p2a: Melmetal\n|-supereffective|p2a: Melmetal\n|-damage|p2a: Melmetal|56\/100\n|\n|upkeep\n|turn|17\n|\n|t:|1700952428\n|switch|p2a: Porygon2|Porygon2, shiny|91\/100 brn\n|-ability|p2a: Porygon2|Prism Armor|[from] ability: Trace|[of] p1a: Necrozma\n|move|p1a: Necrozma|Morning Sun|p1a: Necrozma\n|-heal|p1a: Necrozma|100\/100\n|\n|-damage|p2a: Porygon2|84\/100 brn|[from] brn\n|-fieldend|move: Trick Room\n|upkeep\n|turn|18\n|\n|t:|1700952454\n|-zpower|p1a: Necrozma\n|move|p1a: Necrozma|Searing Sunraze Smash|p2a: Porygon2|[zeffect]\n|-damage|p2a: Porygon2|8\/100 brn\n|move|p2a: Porygon2|Trick Room|p2a: Porygon2\n|-fieldstart|move: Trick Room|[of] p2a: Porygon2\n|\n|-damage|p2a: Porygon2|2\/100 brn|[from] brn\n|upkeep\n|turn|19\n|\n|t:|1700952468\n|move|p2a: Porygon2|Ice Beam|p1a: Necrozma\n|-resisted|p1a: Necrozma\n|-damage|p1a: Necrozma|89\/100\n|move|p1a: Necrozma|Earthquake|p2a: Porygon2\n|-damage|p2a: Porygon2|0 fnt\n|faint|p2a: Porygon2\n|\n|upkeep\n|\n|t:|1700952475\n|switch|p2a: Calyrex|Calyrex-Ice, tera:Ice|100\/100\n|-ability|p2a: Calyrex|As One\n|-ability|p2a: Calyrex|Unnerve\n|turn|20\n|\n|t:|1700952480\n|move|p2a: Calyrex|Glacial Lance|p1a: Necrozma\n|-resisted|p1a: Necrozma\n|-damage|p1a: Necrozma|27\/100\n|move|p1a: Necrozma|Sunsteel Strike|p2a: Calyrex\n|-supereffective|p2a: Calyrex\n|-damage|p2a: Calyrex|36\/100\n|\n|upkeep\n|turn|21\n|\n|t:|1700952493\n|move|p2a: Calyrex|Glacial Lance|p1a: Necrozma\n|-resisted|p1a: Necrozma\n|-damage|p1a: Necrozma|0 fnt\n|faint|p1a: Necrozma\n|-ability|p2a: Calyrex|Chilling Neigh|boost\n|-boost|p2a: Calyrex|atk|1\n|\n|upkeep\n|\n|t:|1700952497\n|switch|p1a: Arceus|Arceus-Water|13\/100\n|turn|22\n|\n|t:|1700952501\n|switch|p2a: Cresselia|Cresselia, F|100\/100\n|move|p1a: Arceus|Judgment|p2a: Cresselia\n|-damage|p2a: Cresselia|70\/100\n|\n|-fieldend|move: Trick Room\n|upkeep\n|turn|23\n|\n|t:|1700952507\n|switch|p1a: Ditto|Ditto|100\/100\n|-transform|p1a: Ditto|p2a: Cresselia|[from] ability: Imposter\n|move|p2a: Cresselia|Trick Room|p2a: Cresselia\n|-fieldstart|move: Trick Room|[of] p2a: Cresselia\n|\n|upkeep\n|turn|24\n|\n|t:|1700952511\n|switch|p2a: Calyrex|Calyrex-Ice, tera:Ice|36\/100\n|-ability|p2a: Calyrex|As One\n|-ability|p2a: Calyrex|Unnerve\n|move|p1a: Ditto|Trick Room|p1a: Ditto\n|-fieldend|move: Trick Room\n|\n|upkeep\n|turn|25\n|\n|t:|1700952520\n|switch|p1a: Ho-Oh|Ho-Oh|46\/100\n|move|p2a: Calyrex|Glacial Lance|p1a: Ho-Oh\n|-damage|p1a: Ho-Oh|0 fnt\n|faint|p1a: Ho-Oh\n|-ability|p2a: Calyrex|Chilling Neigh|boost\n|-boost|p2a: Calyrex|atk|1\n|\n|upkeep\n|\n|t:|1700952521\n|switch|p1a: Yveltal|Yveltal|100\/100\n|-ability|p1a: Yveltal|Dark Aura\n|turn|26\n|\n|t:|1700952524\n|switch|p2a: Melmetal|Melmetal|56\/100\n|-terastallize|p1a: Yveltal|Dark\n|move|p1a: Yveltal|Knock Off|p2a: Melmetal\n|-damage|p2a: Melmetal|0 fnt\n|-enditem|p2a: Melmetal|Choice Band|[from] move: Knock Off|[of] p1a: Yveltal\n|faint|p2a: Melmetal\n|\n|upkeep\n|\n|t:|1700952526\n|switch|p2a: Cresselia|Cresselia, F|70\/100\n|turn|27\n|\n|t:|1700952530\n|move|p1a: Yveltal|Knock Off|p2a: Cresselia\n|-supereffective|p2a: Cresselia\n|-damage|p2a: Cresselia|0 fnt\n|-enditem|p2a: Cresselia|Focus Sash|[from] move: Knock Off|[of] p1a: Yveltal\n|faint|p2a: Cresselia\n|\n|upkeep\n|\n|t:|1700952533\n|switch|p2a: Calyrex|Calyrex-Ice, tera:Ice|36\/100\n|-ability|p2a: Calyrex|As One\n|-ability|p2a: Calyrex|Unnerve\n|turn|28\n|\n|t:|1700952537\n|move|p1a: Yveltal|Knock Off|p2a: Calyrex\n|-damage|p2a: Calyrex|0 fnt\n|-enditem|p2a: Calyrex|Choice Band|[from] move: Knock Off|[of] p1a: Yveltal\n|faint|p2a: Calyrex\n|\n|win|ilovekevindurant\n|raw|ilovekevindurant's rating: 1463 &rarr; <strong>1486<\/strong><br \/>(+23 for winning)\n|raw|faraodomangue's rating: 1507 &rarr; <strong>1484<\/strong><br \/>(-23 for losing)\n","uploadtime":1700952610,"views":4,"p1id":"ilovekevindurant","p2id":"faraodomangue","formatid":"gen9nationaldexubers","rating":1484,"private":0,"password":""}