{"id":"gen9nationaldexubers-1984163721","p1":"dark1234v","p2":"ktxr1ze","format":"[Gen 9] National Dex Ubers","log":"|j|\u2606dark1234v\n|j|\u2606ktxr1ze\n|t:|1699225375\n|gametype|singles\n|player|p1|dark1234v|lance|1223\n|player|p2|ktxr1ze|steven|1245\n|teamsize|p1|6\n|teamsize|p2|6\n|gen|9\n|tier|[Gen 9] National Dex Ubers\n|rated|\n|rule|HP Percentage Mod: HP is shown in percentages\n|rule|Endless Battle Clause: Forcing endless battles is banned\n|rule|OHKO Clause: OHKO moves are banned\n|rule|Evasion Moves Clause: Evasion moves are banned\n|rule|Evasion Items Clause: Evasion items are banned\n|rule|Species Clause: Limit one of each Pok\u00e9mon\n|rule|Sleep Clause Mod: Limit one foe put to sleep\n|rule|Mega Rayquaza Clause: You cannot mega evolve Rayquaza\n|clearpoke\n|poke|p1|Sceptile, M|\n|poke|p1|Blaziken, M|\n|poke|p1|Rayquaza|\n|poke|p1|Aggron, F|\n|poke|p1|Flygon, F|\n|poke|p1|Salamence, F|\n|poke|p2|Manectric, M|\n|poke|p2|Florges, F|\n|poke|p2|Skeledirge, F|\n|poke|p2|Landorus-Therian, M|\n|poke|p2|Mandibuzz, F|\n|poke|p2|Dracovish|\n|teampreview\n|inactive|Battle timer is ON: inactive players will automatically lose when time's up. (requested by dark1234v)\n|inactive|ktxr1ze has 120 seconds left.\n|inactive|ktxr1ze has 90 seconds left.\n|\n|t:|1699225484\n|start\n|switch|p1a: Flygon|Flygon, F|100\/100\n|switch|p2a: Landorus|Landorus-Therian, M|100\/100\n|-ability|p2a: Landorus|Intimidate|boost\n|-unboost|p1a: Flygon|atk|1\n|turn|1\n|\n|t:|1699225493\n|move|p2a: Landorus|U-turn|p1a: Flygon\n|-damage|p1a: Flygon|65\/100\n|\n|t:|1699225500\n|switch|p2a: Mandibuzz|Mandibuzz, F|100\/100|[from] U-turn\n|move|p1a: Flygon|U-turn|p2a: Mandibuzz\n|-damage|p2a: Mandibuzz|92\/100\n|-damage|p1a: Flygon|48\/100|[from] item: Rocky Helmet|[of] p2a: Mandibuzz\n|\n|t:|1699225517\n|switch|p1a: Aggron|Aggron, F|100\/100|[from] U-turn\n|\n|upkeep\n|turn|2\n|\n|t:|1699225526\n|switch|p2a: Skeledirge|Skeledirge, F, shiny|100\/100\n|move|p1a: Aggron|Stealth Rock|p2a: Skeledirge\n|-sidestart|p2: ktxr1ze|move: Stealth Rock\n|\n|upkeep\n|turn|3\n|\n|t:|1699225530\n|move|p2a: Skeledirge|Will-O-Wisp|p1a: Aggron|[miss]\n|-miss|p2a: Skeledirge|p1a: Aggron\n|move|p1a: Aggron|Dragon Tail|p2a: Skeledirge\n|-crit|p2a: Skeledirge\n|-damage|p2a: Skeledirge|78\/100\n|drag|p2a: Florges|Florges, F|100\/100\n|-damage|p2a: Florges|88\/100|[from] Stealth Rock\n|\n|-heal|p2a: Florges|94\/100|[from] item: Leftovers\n|upkeep\n|turn|4\n|\n|t:|1699225539\n|switch|p2a: Skeledirge|Skeledirge, F, shiny|78\/100\n|-damage|p2a: Skeledirge|53\/100|[from] Stealth Rock\n|move|p1a: Aggron|Metal Burst||[still]\n|-fail|p1a: Aggron\n|\n|-heal|p2a: Skeledirge|59\/100|[from] item: Leftovers\n|upkeep\n|turn|5\n|\n|t:|1699225544\n|move|p2a: Skeledirge|Slack Off|p2a: Skeledirge\n|-heal|p2a: Skeledirge|100\/100\n|move|p1a: Aggron|Metal Burst||[still]\n|-fail|p1a: Aggron\n|\n|upkeep\n|turn|6\n|\n|t:|1699225556\n|move|p2a: Skeledirge|Will-O-Wisp|p1a: Aggron\n|-status|p1a: Aggron|brn\n|move|p1a: Aggron|Dragon Tail|p2a: Skeledirge\n|-damage|p2a: Skeledirge|93\/100\n|drag|p2a: Dracovish|Dracovish|100\/100\n|-damage|p2a: Dracovish|88\/100|[from] Stealth Rock\n|\n|-damage|p1a: Aggron|94\/100 brn|[from] brn\n|upkeep\n|turn|7\n|inactive|ktxr1ze has 120 seconds left.\n|\n|t:|1699225607\n|move|p2a: Dracovish|Fishious Rend|p1a: Aggron\n|-supereffective|p1a: Aggron\n|-damage|p1a: Aggron|0 fnt\n|faint|p1a: Aggron\n|\n|upkeep\n|\n|t:|1699225617\n|switch|p1a: Salamence|Salamence, F|100\/100\n|-ability|p1a: Salamence|Intimidate|boost\n|-unboost|p2a: Dracovish|atk|1\n|turn|8\n|\n|t:|1699225623\n|detailschange|p1a: Salamence|Salamence-Mega, F\n|-mega|p1a: Salamence|Salamence|Salamencite\n|move|p2a: Dracovish|Fishious Rend|p1a: Salamence\n|-resisted|p1a: Salamence\n|-damage|p1a: Salamence|73\/100\n|move|p1a: Salamence|Dragon Dance|p1a: Salamence\n|-boost|p1a: Salamence|atk|1\n|-boost|p1a: Salamence|spe|1\n|\n|upkeep\n|turn|9\n|inactive|ktxr1ze has 90 seconds left.\n|\n|t:|1699225656\n|move|p1a: Salamence|Return|p2a: Dracovish\n|-damage|p2a: Dracovish|0 fnt\n|faint|p2a: Dracovish\n|\n|upkeep\n|inactive|ktxr1ze has 90 seconds left.\n|inactive|ktxr1ze has 60 seconds left.\n|inactive|ktxr1ze has 30 seconds left.\n|inactive|ktxr1ze has 20 seconds left.\n|inactive|ktxr1ze has 15 seconds left.\n|\n|t:|1699225738\n|switch|p2a: Landorus|Landorus-Therian, M|100\/100\n|-damage|p2a: Landorus|88\/100|[from] Stealth Rock\n|-ability|p2a: Landorus|Intimidate|boost\n|-unboost|p1a: Salamence|atk|1\n|turn|10\n|inactive|ktxr1ze has 25 seconds left this turn.\n|inactive|ktxr1ze has 20 seconds left.\n|\n|t:|1699225746\n|move|p1a: Salamence|Return|p2a: Landorus\n|-damage|p2a: Landorus|4\/100\n|move|p2a: Landorus|Explosion|p1a: Salamence\n|-damage|p1a: Salamence|0 fnt\n|faint|p2a: Landorus\n|faint|p1a: Salamence\n|\n|upkeep\n|inactive|ktxr1ze has 30 seconds left this turn.\n|inactive|ktxr1ze has 20 seconds left.\n|inactive|ktxr1ze has 15 seconds left.\n|inactive|ktxr1ze has 10 seconds left.\n|inactive|ktxr1ze has 5 seconds left.\n|-message|ktxr1ze lost due to inactivity.\n|\n|win|dark1234v\n|raw|dark1234v's rating: 1223 &rarr; <strong>1250<\/strong><br \/>(+27 for winning)\n|raw|ktxr1ze's rating: 1245 &rarr; <strong>1218<\/strong><br \/>(-27 for losing)\n|l|\u2606dark1234v\n","uploadtime":1699225803,"views":6,"p1id":"dark1234v","p2id":"ktxr1ze","formatid":"gen9nationaldexubers","rating":1218,"private":0,"password":""}