{"id":"gen9nationaldexubers-1979707604","p1":"MiniBearGrahams","p2":"CelestialSquidKid","format":"[Gen 9] National Dex Ubers","log":"|j|\u2606MiniBearGrahams\n|j|\u2606CelestialSquidKid\n|t:|1698705210\n|gametype|singles\n|player|p1|MiniBearGrahams|zinnia|\n|player|p2|CelestialSquidKid|102|\n|teamsize|p1|6\n|teamsize|p2|6\n|gen|9\n|tier|[Gen 9] National Dex Ubers\n|rule|HP Percentage Mod: HP is shown in percentages\n|rule|Endless Battle Clause: Forcing endless battles is banned\n|rule|OHKO Clause: OHKO moves are banned\n|rule|Evasion Moves Clause: Evasion moves are banned\n|rule|Evasion Items Clause: Evasion items are banned\n|rule|Species Clause: Limit one of each Pok\u00e9mon\n|rule|Sleep Clause Mod: Limit one foe put to sleep\n|rule|Mega Rayquaza Clause: You cannot mega evolve Rayquaza\n|clearpoke\n|poke|p1|Cinderace, M|\n|poke|p1|Illumise, F|\n|poke|p1|Serperior, F|\n|poke|p1|Medicham, M|\n|poke|p1|Zapdos|\n|poke|p1|Mesprit|\n|poke|p2|Mamoswine, F|\n|poke|p2|Ferrothorn, M|\n|poke|p2|Togekiss, F|\n|poke|p2|Pelipper, F|\n|poke|p2|Thundurus-Therian, M|\n|poke|p2|Swampert, M|\n|teampreview\n|j| Lunar Sloth\n|j| Smackey_5\n|j| VoIteon\n|c| Smackey_5|First\n|c| Lunar Sloth|nope\n|c| Smackey_5|First vomment bozo\n|j| Demolution545\n|c|\u2606CelestialSquidKid|vomit\n|j| ZBFusion\n|c|\u2606MiniBearGrahams|ready?\n|c|\u2606CelestialSquidKid|yeah\n|\n|t:|1698705295\n|start\n|switch|p1a: lucio|Medicham, M|100\/100\n|switch|p2a: Pelipper|Pelipper, F|100\/100\n|-weather|RainDance|[from] ability: Drizzle|[of] p2a: Pelipper\n|turn|1\n|l| Demolution545\n|\n|t:|1698705308\n|detailschange|p1a: lucio|Medicham-Mega, M\n|-mega|p1a: lucio|Medicham|Medichamite\n|move|p1a: lucio|Fake Out|p2a: Pelipper\n|-damage|p2a: Pelipper|81\/100\n|cant|p2a: Pelipper|flinch\n|\n|-weather|RainDance|[upkeep]\n|upkeep\n|turn|2\n|\n|t:|1698705316\n|move|p1a: lucio|Thunder Punch|p2a: Pelipper\n|-supereffective|p2a: Pelipper\n|-damage|p2a: Pelipper|0 fnt\n|faint|p2a: Pelipper\n|\n|-weather|RainDance|[upkeep]\n|upkeep\n|j| Demolution545\n|\n|t:|1698705341\n|switch|p2a: Swampert|Swampert, M|100\/100\n|turn|3\n|\n|t:|1698705355\n|switch|p1a: boob|Illumise, F, shiny|100\/100\n|detailschange|p2a: Swampert|Swampert-Mega, M\n|-mega|p2a: Swampert|Swampert|Swampertite\n|move|p2a: Swampert|Waterfall|p1a: boob\n|-damage|p1a: boob|0 fnt\n|faint|p1a: boob\n|\n|-weather|RainDance|[upkeep]\n|upkeep\n|\n|t:|1698705359\n|switch|p1a: Goat|Mesprit|100\/100\n|turn|4\n|\n|t:|1698705367\n|move|p2a: Swampert|Flip Turn|p1a: Goat\n|-damage|p1a: Goat|52\/100\n|\n|t:|1698705383\n|switch|p2a: Mamoswine|Mamoswine, F|100\/100|[from] Flip Turn\n|move|p1a: Goat|Grass Knot|p2a: Mamoswine\n|-supereffective|p2a: Mamoswine\n|-damage|p2a: Mamoswine|1\/100\n|\n|-weather|RainDance|[upkeep]\n|-heal|p1a: Goat|58\/100|[from] item: Leftovers\n|upkeep\n|turn|5\n|\n|t:|1698705395\n|move|p2a: Mamoswine|Icicle Spear|p1a: Goat\n|-damage|p1a: Goat|48\/100\n|-damage|p1a: Goat|37\/100\n|-crit|p1a: Goat\n|-damage|p1a: Goat|20\/100\n|-damage|p1a: Goat|9\/100\n|-damage|p1a: Goat|0 fnt\n|faint|p1a: Goat\n|-hitcount|p1: Goat|5\n|\n|-weather|none\n|upkeep\n|c|\u2606MiniBearGrahams|the crit...\n|c| Smackey_5|WOO\n|\n|t:|1698705413\n|switch|p1a: lucio|Medicham-Mega, M|100\/100\n|turn|6\n|\n|t:|1698705436\n|move|p1a: lucio|Fake Out|p2a: Mamoswine\n|-damage|p2a: Mamoswine|0 fnt\n|faint|p2a: Mamoswine\n|\n|upkeep\n|\n|t:|1698705459\n|switch|p2a: Ferrothorn|Ferrothorn, M|100\/100\n|turn|7\n|\n|t:|1698705465\n|-terastallize|p2a: Ferrothorn|Psychic\n|move|p1a: lucio|Close Combat|p2a: Ferrothorn\n|-resisted|p2a: Ferrothorn\n|-damage|p2a: Ferrothorn|67\/100\n|-unboost|p1a: lucio|def|1\n|-unboost|p1a: lucio|spd|1\n|-damage|p1a: lucio|88\/100|[from] ability: Iron Barbs|[of] p2a: Ferrothorn\n|move|p2a: Ferrothorn|Thunder Wave|p1a: lucio\n|-status|p1a: lucio|par\n|\n|-heal|p2a: Ferrothorn|73\/100|[from] item: Leftovers\n|upkeep\n|turn|8\n|c| Lunar Sloth|Tera psychic whew\n|\n|t:|1698705491\n|move|p1a: lucio|Thunder Punch|p2a: Ferrothorn\n|-damage|p2a: Ferrothorn|47\/100\n|-damage|p1a: lucio|76\/100 par|[from] ability: Iron Barbs|[of] p2a: Ferrothorn\n|move|p2a: Ferrothorn|Gyro Ball|p1a: lucio\n|-damage|p1a: lucio|16\/100 par\n|\n|-heal|p2a: Ferrothorn|53\/100|[from] item: Leftovers\n|upkeep\n|turn|9\n|\n|t:|1698705504\n|switch|p1a: andrew jackson|Zapdos|100\/100\n|-ability|p1a: andrew jackson|Pressure\n|move|p2a: Ferrothorn|Stealth Rock|p1a: andrew jackson\n|-sidestart|p1: MiniBearGrahams|move: Stealth Rock\n|\n|-heal|p2a: Ferrothorn|60\/100|[from] item: Leftovers\n|upkeep\n|turn|10\n|\n|t:|1698705517\n|switch|p2a: Thundurus|Thundurus-Therian, M|100\/100\n|move|p1a: andrew jackson|Hurricane|p2a: Thundurus\n|-resisted|p2a: Thundurus\n|-damage|p2a: Thundurus|66\/100\n|\n|upkeep\n|turn|11\n|c|\u2606CelestialSquidKid|wow\n|\n|t:|1698705534\n|move|p2a: Thundurus|Hidden Power|p1a: andrew jackson\n|-supereffective|p1a: andrew jackson\n|-damage|p1a: andrew jackson|67\/100\n|move|p1a: andrew jackson|Hurricane|p2a: Thundurus\n|-resisted|p2a: Thundurus\n|-damage|p2a: Thundurus|35\/100\n|-start|p2a: Thundurus|confusion\n|\n|-heal|p1a: andrew jackson|73\/100|[from] item: Leftovers\n|upkeep\n|turn|12\n|c| Smackey_5|Smavkey inspired hirricane\n|\n|t:|1698705545\n|-activate|p2a: Thundurus|confusion\n|move|p2a: Thundurus|Volt Switch|p1a: andrew jackson\n|-crit|p1a: andrew jackson\n|-damage|p1a: andrew jackson|27\/100\n|c| Demolution545|Is that an Andrew Jackson parrot reference?\n|\n|t:|1698705552\n|switch|p2a: Swampert|Swampert-Mega, M|100\/100|[from] Volt Switch\n|move|p1a: andrew jackson|Hurricane|p2a: Swampert\n|-damage|p2a: Swampert|56\/100\n|\n|-heal|p1a: andrew jackson|34\/100|[from] item: Leftovers\n|upkeep\n|turn|13\n|c|\u2606CelestialSquidKid|nah pokemon praying on my downfall\n|c|\u2606MiniBearGrahams|if im being honest with u my gf named the pokemon\n|\n|t:|1698705577\n|move|p2a: Swampert|Ice Punch|p1a: andrew jackson\n|-supereffective|p1a: andrew jackson\n|-damage|p1a: andrew jackson|0 fnt\n|faint|p1a: andrew jackson\n|\n|upkeep\n|l| VoIteon\n|c| Demolution545|Okay fair enough\n|\n|t:|1698705615\n|switch|p1a: iphone 14|Cinderace, M|100\/100\n|-damage|p1a: iphone 14|76\/100|[from] Stealth Rock\n|turn|14\n|l| Demolution545\n|j| Demolution545\n|\n|t:|1698705643\n|switch|p2a: Thundurus|Thundurus-Therian, M|35\/100\n|move|p1a: iphone 14|Trailblaze|p2a: Thundurus\n|-start|p1a: iphone 14|typechange|Grass|[from] ability: Libero\n|-resisted|p2a: Thundurus\n|-damage|p2a: Thundurus|11\/100\n|-boost|p1a: iphone 14|spe|1\n|-damage|p1a: iphone 14|66\/100|[from] item: Life Orb\n|\n|upkeep\n|turn|15\n|\n|t:|1698705657\n|move|p1a: iphone 14|Trailblaze|p2a: Thundurus\n|-resisted|p2a: Thundurus\n|-damage|p2a: Thundurus|0 fnt\n|-boost|p1a: iphone 14|spe|1\n|faint|p2a: Thundurus\n|-damage|p1a: iphone 14|56\/100|[from] item: Life Orb\n|\n|upkeep\n|\n|t:|1698705669\n|switch|p2a: Togekiss|Togekiss, F|100\/100\n|turn|16\n|\n|t:|1698705707\n|-terastallize|p1a: iphone 14|Fire\n|move|p1a: iphone 14|Pyro Ball|p2a: Togekiss\n|-damage|p2a: Togekiss|12\/100\n|-damage|p1a: iphone 14|46\/100|[from] item: Life Orb\n|move|p2a: Togekiss|Tailwind|p2a: Togekiss\n|-sidestart|p2: CelestialSquidKid|move: Tailwind\n|\n|upkeep\n|turn|17\n|c| Smackey_5|Bro\n|c|\u2606CelestialSquidKid|i forgot trailblaze\n|\n|t:|1698705757\n|move|p1a: iphone 14|Pyro Ball|p2a: Togekiss\n|-damage|p2a: Togekiss|0 fnt\n|faint|p2a: Togekiss\n|-damage|p1a: iphone 14|37\/100|[from] item: Life Orb\n|\n|upkeep\n|l| Demolution545\n|\n|t:|1698705766\n|switch|p2a: Swampert|Swampert-Mega, M|56\/100\n|turn|18\n|j| Demolution545\n|\n|t:|1698705777\n|move|p1a: iphone 14|Trailblaze|p2a: Swampert\n|-supereffective|p2a: Swampert\n|-damage|p2a: Swampert|0 fnt\n|-boost|p1a: iphone 14|spe|1\n|faint|p2a: Swampert\n|-damage|p1a: iphone 14|27\/100|[from] item: Life Orb\n|\n|upkeep\n|\n|t:|1698705784\n|switch|p2a: Ferrothorn|Ferrothorn, M, tera:Psychic|60\/100\n|turn|19\n|\n|t:|1698705787\n|move|p1a: iphone 14|Pyro Ball|p2a: Ferrothorn\n|-damage|p2a: Ferrothorn|15\/100\n|-damage|p1a: iphone 14|17\/100|[from] item: Life Orb\n|move|p2a: Ferrothorn|Thunder Wave|p1a: iphone 14\n|-status|p1a: iphone 14|par\n|\n|-heal|p2a: Ferrothorn|21\/100|[from] item: Leftovers\n|-sideend|p2: CelestialSquidKid|move: Tailwind\n|upkeep\n|turn|20\n|j| VoIteon\n|\n|t:|1698705802\n|move|p1a: iphone 14|Pyro Ball|p2a: Ferrothorn\n|-damage|p2a: Ferrothorn|0 fnt\n|faint|p2a: Ferrothorn\n|-damage|p1a: iphone 14|7\/100 par|[from] item: Life Orb\n|\n|win|MiniBearGrahams\n|c|\u2606MiniBearGrahams|ggs\n|c|\u2606CelestialSquidKid|roll gg\n|l| ZBFusion\n","uploadtime":1698705813,"views":19,"p1id":"minibeargrahams","p2id":"celestialsquidkid","formatid":"gen9nationaldexubers","rating":0,"private":0,"password":""}