{"id":"gen9nationaldexubers-1993684513","p1":"Charizardcatcher","p2":"85792195wwww","format":"[Gen 9] National Dex Ubers","log":"|j|\u2606Charizardcatcher\n|j|\u260685792195wwww\n|t:|1700345300\n|gametype|singles\n|player|p1|Charizardcatcher|dawn|1528\n|player|p2|85792195wwww|mira|1675\n|teamsize|p1|6\n|teamsize|p2|6\n|gen|9\n|tier|[Gen 9] National Dex Ubers\n|rated|\n|rule|HP Percentage Mod: HP is shown in percentages\n|rule|Endless Battle Clause: Forcing endless battles is banned\n|rule|OHKO Clause: OHKO moves are banned\n|rule|Evasion Moves Clause: Evasion moves are banned\n|rule|Evasion Items Clause: Evasion items are banned\n|rule|Species Clause: Limit one of each Pok\u00e9mon\n|rule|Sleep Clause Mod: Limit one foe put to sleep\n|rule|Mega Rayquaza Clause: You cannot mega evolve Rayquaza\n|clearpoke\n|poke|p1|Zygarde|\n|poke|p1|Necrozma-Dusk-Mane|\n|poke|p1|Skarmory, M|\n|poke|p1|Charizard, M|\n|poke|p1|Xerneas-*|\n|poke|p1|Basculegion, M|\n|poke|p2|Mewtwo|\n|poke|p2|Arceus|\n|poke|p2|Xerneas-*|\n|poke|p2|Kyogre|\n|poke|p2|Krookodile, M|\n|poke|p2|Groudon|\n|teampreview\n|\n|t:|1700345306\n|start\n|switch|p1a: Skarmory|Skarmory, M|100\/100\n|switch|p2a: Krookodile|Krookodile, M|100\/100\n|-ability|p2a: Krookodile|Intimidate|boost\n|-unboost|p1a: Skarmory|atk|1\n|turn|1\n|\n|t:|1700345315\n|move|p2a: Krookodile|Knock Off|p1a: Skarmory\n|-crit|p1a: Skarmory\n|-damage|p1a: Skarmory|62\/100\n|-enditem|p1a: Skarmory|Custap Berry|[from] move: Knock Off|[of] p2a: Krookodile\n|move|p1a: Skarmory|Toxic|p2a: Krookodile\n|-status|p2a: Krookodile|tox\n|\n|-damage|p2a: Krookodile|94\/100 tox|[from] psn\n|upkeep\n|turn|2\n|\n|t:|1700345325\n|move|p2a: Krookodile|Taunt|p1a: Skarmory\n|-start|p1a: Skarmory|move: Taunt\n|cant|p1a: Skarmory|move: Taunt|Roost\n|\n|-damage|p2a: Krookodile|82\/100 tox|[from] psn\n|upkeep\n|turn|3\n|\n|t:|1700345332\n|switch|p1a: Xerneas|Xerneas, shiny|100\/100\n|-ability|p1a: Xerneas|Fairy Aura\n|move|p2a: Krookodile|Stealth Rock|p1a: Xerneas\n|-sidestart|p1: Charizardcatcher|move: Stealth Rock\n|\n|-damage|p2a: Krookodile|64\/100 tox|[from] psn\n|upkeep\n|turn|4\n|\n|t:|1700345342\n|move|p2a: Krookodile|Knock Off|p1a: Xerneas\n|-resisted|p1a: Xerneas\n|-damage|p1a: Xerneas|82\/100\n|-enditem|p1a: Xerneas|Power Herb|[from] move: Knock Off|[of] p2a: Krookodile\n|move|p1a: Xerneas|Geomancy||[still]\n|-prepare|p1a: Xerneas|Geomancy\n|\n|-damage|p2a: Krookodile|40\/100 tox|[from] psn\n|upkeep\n|turn|5\n|\n|t:|1700345351\n|move|p2a: Krookodile|Taunt|p1a: Xerneas\n|-start|p1a: Xerneas|move: Taunt\n|cant|p1a: Xerneas|move: Taunt|Geomancy\n|\n|-damage|p2a: Krookodile|10\/100 tox|[from] psn\n|upkeep\n|turn|6\n|\n|t:|1700345363\n|move|p2a: Krookodile|Bulldoze|p1a: Xerneas\n|-damage|p1a: Xerneas|57\/100\n|-unboost|p1a: Xerneas|spe|1\n|move|p1a: Xerneas|Moonblast|p2a: Krookodile\n|-supereffective|p2a: Krookodile\n|-damage|p2a: Krookodile|0 fnt\n|faint|p2a: Krookodile\n|\n|upkeep\n|\n|t:|1700345372\n|switch|p2a: Xerneas|Xerneas|100\/100\n|-ability|p2a: Xerneas|Fairy Aura\n|turn|7\n|\n|t:|1700345380\n|switch|p1a: Skarmory|Skarmory, M|62\/100\n|-damage|p1a: Skarmory|50\/100|[from] Stealth Rock\n|move|p2a: Xerneas|Geomancy||[still]\n|-prepare|p2a: Xerneas|Geomancy\n|-enditem|p2a: Xerneas|Power Herb\n|-anim|p2a: Xerneas|Geomancy|p2a: Xerneas\n|-boost|p2a: Xerneas|spa|2\n|-boost|p2a: Xerneas|spd|2\n|-boost|p2a: Xerneas|spe|2\n|\n|upkeep\n|turn|8\n|\n|t:|1700345391\n|-terastallize|p1a: Skarmory|Dragon\n|move|p2a: Xerneas|Moonblast|p1a: Skarmory\n|-supereffective|p1a: Skarmory\n|-damage|p1a: Skarmory|0 fnt\n|faint|p1a: Skarmory\n|\n|upkeep\n|\n|t:|1700345408\n|switch|p1a: Necrozma|Necrozma-Dusk-Mane|100\/100\n|-damage|p1a: Necrozma|94\/100|[from] Stealth Rock\n|turn|9\n|\n|t:|1700345412\n|move|p2a: Xerneas|Moonblast|p1a: Necrozma\n|-resisted|p1a: Necrozma\n|-damage|p1a: Necrozma|25\/100\n|move|p1a: Necrozma|Sunsteel Strike|p2a: Xerneas\n|-supereffective|p2a: Xerneas\n|-damage|p2a: Xerneas|18\/100\n|\n|upkeep\n|turn|10\n|\n|t:|1700345425\n|move|p2a: Xerneas|Moonblast|p1a: Necrozma\n|-resisted|p1a: Necrozma\n|-damage|p1a: Necrozma|0 fnt\n|faint|p1a: Necrozma\n|\n|upkeep\n|\n|t:|1700345427\n|switch|p1a: Basculegion|Basculegion, M|100\/100\n|-damage|p1a: Basculegion|88\/100|[from] Stealth Rock\n|turn|11\n|\n|t:|1700345434\n|move|p1a: Basculegion|Aqua Jet|p2a: Xerneas\n|-damage|p2a: Xerneas|5\/100\n|move|p2a: Xerneas|Moonblast|p1a: Basculegion\n|-damage|p1a: Basculegion|0 fnt\n|faint|p1a: Basculegion\n|\n|upkeep\n|-message|Charizardcatcher forfeited.\n|\n|win|85792195wwww\n|raw|Charizardcatcher's rating: 1528 &rarr; <strong>1516<\/strong><br \/>(-12 for losing)\n|raw|85792195wwww's rating: 1675 &rarr; <strong>1687<\/strong><br \/>(+12 for winning)\n|l|\u2606Charizardcatcher\n","uploadtime":1700345445,"views":6,"p1id":"charizardcatcher","p2id":"85792195wwww","formatid":"gen9nationaldexubers","rating":1516,"private":0,"password":""}