{"id":"gen9nationaldexubers-1985439491","p1":"Viviexists","p2":"SkechiArt","format":"[Gen 9] National Dex Ubers","log":"|j|\u2606Viviexists\n|j|\u2606SkechiArt\n|t:|1699374810\n|gametype|singles\n|player|p1|Viviexists|mela|\n|player|p2|SkechiArt|acetrainerf|\n|teamsize|p1|6\n|teamsize|p2|6\n|gen|9\n|tier|[Gen 9] National Dex Ubers\n|rule|HP Percentage Mod: HP is shown in percentages\n|rule|Endless Battle Clause: Forcing endless battles is banned\n|rule|OHKO Clause: OHKO moves are banned\n|rule|Evasion Moves Clause: Evasion moves are banned\n|rule|Evasion Items Clause: Evasion items are banned\n|rule|Species Clause: Limit one of each Pok\u00e9mon\n|rule|Sleep Clause Mod: Limit one foe put to sleep\n|rule|Mega Rayquaza Clause: You cannot mega evolve Rayquaza\n|clearpoke\n|poke|p1|Sinistcha|\n|poke|p1|Ting-Lu|\n|poke|p1|Sableye, F|\n|poke|p1|Skeledirge, F|\n|poke|p1|Dondozo, F|\n|poke|p1|Clefable, F|\n|poke|p2|Melmetal|\n|poke|p2|Corviknight, F|\n|poke|p2|Ferrothorn, M|\n|poke|p2|Gholdengo|\n|poke|p2|Heatran, M|\n|poke|p2|Scizor, M|\n|teampreview\n|j| Cerke\n|\n|t:|1699374831\n|start\n|switch|p1a: Rudolph|Ting-Lu|100\/100\n|switch|p2a: Corviknight|Corviknight, F|100\/100\n|-ability|p1a: Rudolph|Vessel of Ruin\n|turn|1\n|\n|t:|1699374836\n|move|p2a: Corviknight|Taunt|p1a: Rudolph\n|-start|p1a: Rudolph|move: Taunt\n|cant|p1a: Rudolph|move: Taunt|Stealth Rock\n|\n|upkeep\n|turn|2\n|\n|t:|1699374843\n|switch|p1a: Home Alone|Dondozo, F|100\/100\n|move|p2a: Corviknight|Body Press|p1a: Home Alone\n|-damage|p1a: Home Alone|89\/100\n|\n|-heal|p1a: Home Alone|95\/100|[from] item: Leftovers\n|upkeep\n|turn|3\n|\n|t:|1699374849\n|switch|p2a: Ferrothorn|Ferrothorn, M|100\/100\n|move|p1a: Home Alone|Wave Crash|p2a: Ferrothorn\n|-resisted|p2a: Ferrothorn\n|-damage|p2a: Ferrothorn|89\/100\n|-damage|p1a: Home Alone|82\/100|[from] ability: Iron Barbs|[of] p2a: Ferrothorn\n|-damage|p1a: Home Alone|80\/100|[from] Recoil\n|\n|-heal|p1a: Home Alone|86\/100|[from] item: Leftovers\n|-heal|p2a: Ferrothorn|96\/100|[from] item: Leftovers\n|upkeep\n|turn|4\n|\n|t:|1699374857\n|switch|p1a: A Christmas Carol|Skeledirge, F|100\/100\n|move|p2a: Ferrothorn|Spikes|p1a: A Christmas Carol\n|-sidestart|p1: Viviexists|Spikes\n|\n|-heal|p2a: Ferrothorn|100\/100|[from] item: Leftovers\n|upkeep\n|turn|5\n|\n|t:|1699374864\n|switch|p2a: Heatran|Heatran, M|100\/100\n|move|p1a: A Christmas Carol|Torch Song|p2a: Heatran\n|-start|p2a: Heatran|ability: Flash Fire\n|\n|upkeep\n|turn|6\n|\n|t:|1699374880\n|-terastallize|p1a: A Christmas Carol|Water\n|move|p2a: Heatran|Earth Power|p1a: A Christmas Carol\n|-damage|p1a: A Christmas Carol|79\/100\n|move|p1a: A Christmas Carol|Hex|p2a: Heatran\n|-damage|p2a: Heatran|74\/100\n|\n|upkeep\n|turn|7\n|\n|t:|1699374890\n|-end|p2a: Heatran|ability: Flash Fire|[silent]\n|switch|p2a: Melmetal|Melmetal|100\/100\n|move|p1a: A Christmas Carol|Hex|p2a: Melmetal\n|-damage|p2a: Melmetal|84\/100\n|\n|upkeep\n|turn|8\n|\n|t:|1699374896\n|move|p1a: A Christmas Carol|Will-O-Wisp|p2a: Melmetal\n|-status|p2a: Melmetal|brn\n|move|p2a: Melmetal|Earthquake|p1a: A Christmas Carol\n|-damage|p1a: A Christmas Carol|63\/100\n|\n|-damage|p2a: Melmetal|78\/100 brn|[from] brn\n|upkeep\n|turn|9\n|\n|t:|1699374901\n|move|p1a: A Christmas Carol|Slack Off|p1a: A Christmas Carol\n|-heal|p1a: A Christmas Carol|100\/100\n|move|p2a: Melmetal|Facade|p1a: A Christmas Carol\n|-damage|p1a: A Christmas Carol|54\/100\n|\n|-damage|p2a: Melmetal|72\/100 brn|[from] brn\n|upkeep\n|turn|10\n|c|\u2606Viviexists|HUH????\n|\n|t:|1699374918\n|move|p1a: A Christmas Carol|Slack Off|p1a: A Christmas Carol\n|-heal|p1a: A Christmas Carol|100\/100\n|move|p2a: Melmetal|Facade|p1a: A Christmas Carol\n|-damage|p1a: A Christmas Carol|51\/100\n|\n|-damage|p2a: Melmetal|66\/100 brn|[from] brn\n|upkeep\n|turn|11\n|c|\u2606SkechiArt|>:3\n|\n|t:|1699374928\n|move|p1a: A Christmas Carol|Torch Song|p2a: Melmetal\n|-supereffective|p2a: Melmetal\n|-damage|p2a: Melmetal|22\/100 brn\n|-boost|p1a: A Christmas Carol|spa|1\n|move|p2a: Melmetal|Facade|p1a: A Christmas Carol\n|-damage|p1a: A Christmas Carol|4\/100\n|\n|-damage|p2a: Melmetal|16\/100 brn|[from] brn\n|upkeep\n|turn|12\n|\n|t:|1699374937\n|move|p1a: A Christmas Carol|Slack Off|p1a: A Christmas Carol\n|-heal|p1a: A Christmas Carol|54\/100\n|move|p2a: Melmetal|Facade|p1a: A Christmas Carol\n|-damage|p1a: A Christmas Carol|4\/100\n|\n|-damage|p2a: Melmetal|10\/100 brn|[from] brn\n|upkeep\n|turn|13\n|\n|t:|1699374948\n|move|p1a: A Christmas Carol|Slack Off|p1a: A Christmas Carol\n|-heal|p1a: A Christmas Carol|54\/100\n|move|p2a: Melmetal|Facade|p1a: A Christmas Carol\n|-damage|p1a: A Christmas Carol|9\/100\n|\n|-damage|p2a: Melmetal|3\/100 brn|[from] brn\n|upkeep\n|turn|14\n|\n|t:|1699374966\n|switch|p1a: Die Hard|Sinistcha|100\/100\n|-damage|p1a: Die Hard|88\/100|[from] Spikes\n|move|p2a: Melmetal|Facade|p1a: Die Hard\n|-immune|p1a: Die Hard\n|\n|-heal|p1a: Die Hard|94\/100|[from] item: Leftovers\n|-damage|p2a: Melmetal|0 fnt|[from] brn\n|faint|p2a: Melmetal\n|upkeep\n|\n|t:|1699374970\n|switch|p2a: Scizor|Scizor, M|100\/100\n|turn|15\n|\n|t:|1699374976\n|detailschange|p2a: Scizor|Scizor-Mega, M\n|-mega|p2a: Scizor|Scizor|Scizorite\n|move|p1a: Die Hard|Calm Mind|p1a: Die Hard\n|-boost|p1a: Die Hard|spa|1\n|-boost|p1a: Die Hard|spd|1\n|move|p2a: Scizor|Swords Dance|p2a: Scizor\n|-boost|p2a: Scizor|atk|2\n|\n|-heal|p1a: Die Hard|99\/100|[from] item: Leftovers\n|upkeep\n|turn|16\n|\n|t:|1699374983\n|move|p1a: Die Hard|Strength Sap|p2a: Scizor\n|-unboost|p2a: Scizor|atk|1\n|-heal|p1a: Die Hard|100\/100\n|move|p2a: Scizor|Bug Bite|p1a: Die Hard\n|-damage|p1a: Die Hard|32\/100\n|\n|-heal|p1a: Die Hard|38\/100|[from] item: Leftovers\n|upkeep\n|turn|17\n|\n|t:|1699374990\n|move|p2a: Scizor|Bullet Punch|p1a: Die Hard\n|-damage|p1a: Die Hard|0 fnt\n|faint|p1a: Die Hard\n|\n|upkeep\n|\n|t:|1699375007\n|switch|p1a: Elf|Sableye, F|100\/100\n|-damage|p1a: Elf|88\/100|[from] Spikes\n|turn|18\n|\n|t:|1699375012\n|move|p1a: Elf|Will-O-Wisp|p2a: Scizor\n|-status|p2a: Scizor|brn\n|move|p2a: Scizor|Swords Dance|p2a: Scizor\n|-boost|p2a: Scizor|atk|2\n|\n|-damage|p2a: Scizor|94\/100 brn|[from] brn\n|upkeep\n|turn|19\n|\n|t:|1699375018\n|detailschange|p1a: Elf|Sableye-Mega, F\n|-mega|p1a: Elf|Sableye|Sablenite\n|move|p2a: Scizor|Trailblaze|p1a: Elf\n|-damage|p1a: Elf|54\/100\n|-boost|p2a: Scizor|spe|1\n|move|p1a: Elf|Seismic Toss|p2a: Scizor\n|-damage|p2a: Scizor|65\/100 brn\n|\n|-damage|p2a: Scizor|59\/100 brn|[from] brn\n|upkeep\n|turn|20\n|\n|t:|1699375029\n|move|p2a: Scizor|Trailblaze|p1a: Elf\n|-damage|p1a: Elf|16\/100\n|-boost|p2a: Scizor|spe|1\n|move|p1a: Elf|Recover|p1a: Elf\n|-heal|p1a: Elf|66\/100\n|\n|-damage|p2a: Scizor|53\/100 brn|[from] brn\n|upkeep\n|turn|21\n|\n|t:|1699375037\n|switch|p1a: Home Alone|Dondozo, F|86\/100\n|-damage|p1a: Home Alone|73\/100|[from] Spikes\n|move|p2a: Scizor|Swords Dance|p2a: Scizor\n|-boost|p2a: Scizor|atk|2\n|\n|-heal|p1a: Home Alone|79\/100|[from] item: Leftovers\n|-damage|p2a: Scizor|47\/100 brn|[from] brn\n|upkeep\n|turn|22\n|\n|t:|1699375044\n|move|p2a: Scizor|Trailblaze|p1a: Home Alone\n|-supereffective|p1a: Home Alone\n|-damage|p1a: Home Alone|65\/100\n|-boost|p2a: Scizor|spe|1\n|move|p1a: Home Alone|Curse|p1a: Home Alone\n|-unboost|p1a: Home Alone|spe|1\n|-boost|p1a: Home Alone|atk|1\n|-boost|p1a: Home Alone|def|1\n|\n|-heal|p1a: Home Alone|71\/100|[from] item: Leftovers\n|-damage|p2a: Scizor|41\/100 brn|[from] brn\n|upkeep\n|turn|23\n|\n|t:|1699375052\n|move|p2a: Scizor|Bullet Punch|p1a: Home Alone\n|-resisted|p1a: Home Alone\n|-damage|p1a: Home Alone|68\/100\n|move|p1a: Home Alone|Curse|p1a: Home Alone\n|-unboost|p1a: Home Alone|spe|1\n|-boost|p1a: Home Alone|atk|1\n|-boost|p1a: Home Alone|def|1\n|\n|-heal|p1a: Home Alone|74\/100|[from] item: Leftovers\n|-damage|p2a: Scizor|35\/100 brn|[from] brn\n|upkeep\n|turn|24\n|\n|t:|1699375056\n|move|p2a: Scizor|Bug Bite|p1a: Home Alone\n|-damage|p1a: Home Alone|67\/100\n|move|p1a: Home Alone|Curse|p1a: Home Alone\n|-unboost|p1a: Home Alone|spe|1\n|-boost|p1a: Home Alone|atk|1\n|-boost|p1a: Home Alone|def|1\n|\n|-heal|p1a: Home Alone|73\/100|[from] item: Leftovers\n|-damage|p2a: Scizor|28\/100 brn|[from] brn\n|upkeep\n|turn|25\n|\n|t:|1699375064\n|switch|p2a: Gholdengo|Gholdengo|100\/100\n|move|p1a: Home Alone|Curse|p1a: Home Alone\n|-unboost|p1a: Home Alone|spe|1\n|-boost|p1a: Home Alone|atk|1\n|-boost|p1a: Home Alone|def|1\n|\n|-heal|p1a: Home Alone|79\/100|[from] item: Leftovers\n|upkeep\n|turn|26\n|\n|t:|1699375072\n|-terastallize|p2a: Gholdengo|Ghost\n|move|p2a: Gholdengo|Shadow Ball|p1a: Home Alone\n|-damage|p1a: Home Alone|16\/100\n|move|p1a: Home Alone|Rest|p1a: Home Alone\n|-status|p1a: Home Alone|slp|[from] move: Rest\n|-heal|p1a: Home Alone|100\/100 slp|[silent]\n|\n|upkeep\n|turn|27\n|\n|t:|1699375080\n|move|p2a: Gholdengo|Shadow Ball|p1a: Home Alone\n|-damage|p1a: Home Alone|43\/100 slp\n|cant|p1a: Home Alone|slp\n|move|p1a: Home Alone|Sleep Talk|p1a: Home Alone\n|move|p1a: Home Alone|Curse|p1a: Home Alone|[from]move: Sleep Talk\n|-unboost|p1a: Home Alone|spe|1\n|-boost|p1a: Home Alone|atk|1\n|-boost|p1a: Home Alone|def|1\n|\n|-heal|p1a: Home Alone|49\/100 slp|[from] item: Leftovers\n|upkeep\n|turn|28\n|\n|t:|1699375090\n|move|p2a: Gholdengo|Shadow Ball|p1a: Home Alone\n|-damage|p1a: Home Alone|0 fnt\n|faint|p1a: Home Alone\n|\n|upkeep\n|\n|t:|1699375095\n|switch|p1a: Rudolph|Ting-Lu|100\/100\n|-damage|p1a: Rudolph|88\/100|[from] Spikes\n|-ability|p1a: Rudolph|Vessel of Ruin\n|turn|29\n|\n|t:|1699375099\n|switch|p2a: Scizor|Scizor-Mega, M|28\/100 brn\n|move|p1a: Rudolph|Earthquake|p2a: Scizor\n|-damage|p2a: Scizor|0 fnt\n|faint|p2a: Scizor\n|\n|-heal|p1a: Rudolph|94\/100|[from] item: Leftovers\n|upkeep\n|\n|t:|1699375107\n|switch|p2a: Corviknight|Corviknight, F|100\/100\n|turn|30\n|\n|t:|1699375116\n|switch|p1a: A Christmas Carol|Skeledirge, F, tera:Water|9\/100\n|move|p2a: Corviknight|Body Press|p1a: A Christmas Carol\n|-damage|p1a: A Christmas Carol|0 fnt\n|faint|p1a: A Christmas Carol\n|\n|upkeep\n|\n|t:|1699375121\n|switch|p1a: Frosty the Snowman|Clefable, F|100\/100\n|turn|31\n|\n|t:|1699375125\n|switch|p2a: Heatran|Heatran, M|74\/100\n|move|p1a: Frosty the Snowman|Knock Off|p2a: Heatran\n|-damage|p2a: Heatran|56\/100\n|-enditem|p2a: Heatran|Choice Scarf|[from] move: Knock Off|[of] p1a: Frosty the Snowman\n|\n|upkeep\n|turn|32\n|\n|t:|1699375133\n|switch|p1a: Rudolph|Ting-Lu|94\/100\n|-damage|p1a: Rudolph|82\/100|[from] Spikes\n|-ability|p1a: Rudolph|Vessel of Ruin\n|move|p2a: Heatran|Flash Cannon|p1a: Rudolph\n|-damage|p1a: Rudolph|65\/100\n|\n|-heal|p1a: Rudolph|72\/100|[from] item: Leftovers\n|upkeep\n|turn|33\n|\n|t:|1699375145\n|switch|p2a: Ferrothorn|Ferrothorn, M|100\/100\n|move|p1a: Rudolph|Stealth Rock|p2a: Ferrothorn\n|-sidestart|p2: SkechiArt|move: Stealth Rock\n|\n|-heal|p1a: Rudolph|78\/100|[from] item: Leftovers\n|upkeep\n|turn|34\n|\n|t:|1699375152\n|move|p1a: Rudolph|Spikes|p2a: Ferrothorn\n|-sidestart|p2: SkechiArt|Spikes\n|move|p2a: Ferrothorn|Seed Bomb|p1a: Rudolph\n|-supereffective|p1a: Rudolph\n|-damage|p1a: Rudolph|47\/100\n|\n|-heal|p1a: Rudolph|54\/100|[from] item: Leftovers\n|upkeep\n|turn|35\n|\n|t:|1699375158\n|move|p1a: Rudolph|Spikes|p2a: Ferrothorn\n|-sidestart|p2: SkechiArt|Spikes\n|move|p2a: Ferrothorn|Seed Bomb|p1a: Rudolph\n|-supereffective|p1a: Rudolph\n|-damage|p1a: Rudolph|23\/100\n|\n|-heal|p1a: Rudolph|29\/100|[from] item: Leftovers\n|upkeep\n|turn|36\n|\n|t:|1699375163\n|move|p1a: Rudolph|Spikes|p2a: Ferrothorn\n|-sidestart|p2: SkechiArt|Spikes\n|move|p2a: Ferrothorn|Seed Bomb|p1a: Rudolph\n|-supereffective|p1a: Rudolph\n|-damage|p1a: Rudolph|0 fnt\n|faint|p1a: Rudolph\n|\n|upkeep\n|\n|t:|1699375169\n|switch|p1a: Elf|Sableye-Mega, F|66\/100\n|-damage|p1a: Elf|54\/100|[from] Spikes\n|turn|37\n|\n|t:|1699375172\n|move|p2a: Ferrothorn|Seed Bomb|p1a: Elf\n|-damage|p1a: Elf|30\/100\n|move|p1a: Elf|Recover|p1a: Elf\n|-heal|p1a: Elf|80\/100\n|\n|upkeep\n|turn|38\n|\n|t:|1699375178\n|move|p2a: Ferrothorn|Seed Bomb|p1a: Elf\n|-damage|p1a: Elf|57\/100\n|move|p1a: Elf|Will-O-Wisp|p2a: Ferrothorn\n|-status|p2a: Ferrothorn|brn\n|\n|-damage|p2a: Ferrothorn|94\/100 brn|[from] brn\n|upkeep\n|turn|39\n|\n|t:|1699375183\n|move|p1a: Elf|Knock Off|p2a: Ferrothorn\n|-damage|p2a: Ferrothorn|76\/100 brn\n|-damage|p1a: Elf|45\/100|[from] ability: Iron Barbs|[of] p2a: Ferrothorn\n|-enditem|p2a: Ferrothorn|Leftovers|[from] move: Knock Off|[of] p1a: Elf\n|move|p2a: Ferrothorn|Seed Bomb|p1a: Elf\n|-damage|p1a: Elf|32\/100\n|\n|-damage|p2a: Ferrothorn|70\/100 brn|[from] brn\n|upkeep\n|turn|40\n|\n|t:|1699375190\n|move|p2a: Ferrothorn|Seed Bomb|p1a: Elf\n|-damage|p1a: Elf|21\/100\n|move|p1a: Elf|Recover|p1a: Elf\n|-heal|p1a: Elf|71\/100\n|\n|-damage|p2a: Ferrothorn|64\/100 brn|[from] brn\n|upkeep\n|turn|41\n|\n|t:|1699375194\n|move|p1a: Elf|Seismic Toss|p2a: Ferrothorn\n|-damage|p2a: Ferrothorn|35\/100 brn\n|-damage|p1a: Elf|59\/100|[from] ability: Iron Barbs|[of] p2a: Ferrothorn\n|move|p2a: Ferrothorn|Seed Bomb|p1a: Elf\n|-damage|p1a: Elf|47\/100\n|\n|-damage|p2a: Ferrothorn|29\/100 brn|[from] brn\n|upkeep\n|turn|42\n|\n|t:|1699375211\n|switch|p2a: Gholdengo|Gholdengo, tera:Ghost|100\/100\n|-damage|p2a: Gholdengo|88\/100|[from] Stealth Rock\n|-damage|p2a: Gholdengo|63\/100|[from] Spikes\n|move|p1a: Elf|Recover|p1a: Elf\n|-heal|p1a: Elf|97\/100\n|\n|-heal|p2a: Gholdengo|69\/100|[from] item: Leftovers\n|upkeep\n|turn|43\n|\n|t:|1699375223\n|move|p2a: Gholdengo|Recover|p2a: Gholdengo\n|-heal|p2a: Gholdengo|100\/100\n|move|p1a: Elf|Knock Off|p2a: Gholdengo\n|-supereffective|p2a: Gholdengo\n|-damage|p2a: Gholdengo|42\/100\n|-enditem|p2a: Gholdengo|Leftovers|[from] move: Knock Off|[of] p1a: Elf\n|\n|upkeep\n|turn|44\n|\n|t:|1699375231\n|move|p2a: Gholdengo|Recover|p2a: Gholdengo\n|-heal|p2a: Gholdengo|92\/100\n|move|p1a: Elf|Knock Off|p2a: Gholdengo\n|-supereffective|p2a: Gholdengo\n|-damage|p2a: Gholdengo|55\/100\n|\n|upkeep\n|turn|45\n|\n|t:|1699375236\n|move|p2a: Gholdengo|Nasty Plot|p2a: Gholdengo\n|-boost|p2a: Gholdengo|spa|2\n|move|p1a: Elf|Knock Off|p2a: Gholdengo\n|-supereffective|p2a: Gholdengo\n|-crit|p2a: Gholdengo\n|-damage|p2a: Gholdengo|0 fnt\n|faint|p2a: Gholdengo\n|\n|upkeep\n|c|\u2606SkechiArt|oof\n|\n|t:|1699375246\n|switch|p2a: Heatran|Heatran, M|56\/100\n|-damage|p2a: Heatran|44\/100|[from] Stealth Rock\n|-damage|p2a: Heatran|19\/100|[from] Spikes\n|turn|46\n|\n|t:|1699375250\n|move|p2a: Heatran|Earth Power|p1a: Elf\n|-damage|p1a: Elf|72\/100\n|move|p1a: Elf|Knock Off|p2a: Heatran\n|-damage|p2a: Heatran|0 fnt\n|faint|p2a: Heatran\n|\n|upkeep\n|\n|t:|1699375254\n|switch|p2a: Corviknight|Corviknight, F|100\/100\n|-damage|p2a: Corviknight|88\/100|[from] Stealth Rock\n|turn|47\n|\n|t:|1699375257\n|move|p2a: Corviknight|Roost|p2a: Corviknight\n|-heal|p2a: Corviknight|100\/100\n|-singleturn|p2a: Corviknight|move: Roost\n|move|p1a: Elf|Will-O-Wisp|p2a: Corviknight\n|-status|p2a: Corviknight|brn\n|\n|-damage|p2a: Corviknight|94\/100 brn|[from] brn\n|upkeep\n|turn|48\n|\n|t:|1699375260\n|move|p2a: Corviknight|Defog|p1a: Elf\n|move|p1a: Elf|Defog|p2a: Corviknight|[from]ability: Magic Bounce\n|-ability|p2a: Corviknight|Mirror Armor\n|-unboost|p1a: Elf|evasion|1\n|-sideend|p2: SkechiArt|Spikes|[from] move: Defog|[of] p1a: Elf\n|-sideend|p2: SkechiArt|Stealth Rock|[from] move: Defog|[of] p1a: Elf\n|-sideend|p1: Viviexists|Spikes|[from] move: Defog|[of] p1a: Elf\n|move|p1a: Elf|Knock Off|p2a: Corviknight\n|-damage|p2a: Corviknight|76\/100 brn\n|-enditem|p2a: Corviknight|Leftovers|[from] move: Knock Off|[of] p1a: Elf\n|\n|-damage|p2a: Corviknight|70\/100 brn|[from] brn\n|upkeep\n|turn|49\n|\n|t:|1699375275\n|switch|p2a: Ferrothorn|Ferrothorn, M|29\/100 brn\n|move|p1a: Elf|Seismic Toss|p2a: Ferrothorn\n|-damage|p2a: Ferrothorn|1\/100 brn\n|-damage|p1a: Elf|60\/100|[from] ability: Iron Barbs|[of] p2a: Ferrothorn\n|\n|-damage|p2a: Ferrothorn|0 fnt|[from] brn\n|faint|p2a: Ferrothorn\n|upkeep\n|\n|t:|1699375278\n|switch|p2a: Corviknight|Corviknight, F|70\/100 brn\n|turn|50\n|\n|t:|1699375281\n|move|p2a: Corviknight|Taunt|p1a: Elf\n|move|p1a: Elf|Taunt|p2a: Corviknight|[from]ability: Magic Bounce\n|-start|p2a: Corviknight|move: Taunt\n|move|p1a: Elf|Seismic Toss|p2a: Corviknight\n|-damage|p2a: Corviknight|45\/100 brn\n|\n|-damage|p2a: Corviknight|39\/100 brn|[from] brn\n|upkeep\n|turn|51\n|\n|t:|1699375288\n|move|p2a: Corviknight|Body Press|p1a: Elf\n|-immune|p1a: Elf\n|move|p1a: Elf|Seismic Toss|p2a: Corviknight\n|-damage|p2a: Corviknight|14\/100 brn\n|\n|-damage|p2a: Corviknight|8\/100 brn|[from] brn\n|upkeep\n|turn|52\n|\n|t:|1699375292\n|move|p2a: Corviknight|Body Press|p1a: Elf\n|-immune|p1a: Elf\n|move|p1a: Elf|Seismic Toss|p2a: Corviknight\n|-damage|p2a: Corviknight|0 fnt\n|faint|p2a: Corviknight\n|\n|win|Viviexists\n|c|\u2606Viviexists|Gg\n|c|\u2606Viviexists|I got a little lucky\n|c|\u2606Viviexists|but also\n|c|\u2606Viviexists|facade melmetal is like\n|c|\u2606Viviexists|burnt\n|c|\u2606Viviexists|Spent\n|c|\u2606Viviexists|way too long in the kitchen\n|c|\u2606Viviexists|smells awful\n|c|\u2606Viviexists|y\u2019know what I\u2019m sayin?\n","uploadtime":1699375364,"views":9,"p1id":"viviexists","p2id":"skechiart","formatid":"gen9nationaldexubers","rating":0,"private":0,"password":""}