{"id":"gen9nationaldexubers-1987799440","p1":"SannsyJ","p2":"elizabeth80085","format":"[Gen 9] National Dex Ubers","log":"|j|\u2606SannsyJ\n|j|\u2606elizabeth80085\n|t:|1699637955\n|gametype|singles\n|player|p1|SannsyJ|plasmagrunt|1184\n|player|p2|elizabeth80085|mela|1253\n|teamsize|p1|6\n|teamsize|p2|6\n|gen|9\n|tier|[Gen 9] National Dex Ubers\n|rated|\n|rule|HP Percentage Mod: HP is shown in percentages\n|rule|Endless Battle Clause: Forcing endless battles is banned\n|rule|OHKO Clause: OHKO moves are banned\n|rule|Evasion Moves Clause: Evasion moves are banned\n|rule|Evasion Items Clause: Evasion items are banned\n|rule|Species Clause: Limit one of each Pok\u00e9mon\n|rule|Sleep Clause Mod: Limit one foe put to sleep\n|rule|Mega Rayquaza Clause: You cannot mega evolve Rayquaza\n|clearpoke\n|poke|p1|Garchomp, M|\n|poke|p1|Sableye, M|\n|poke|p1|Scizor, M|\n|poke|p1|Sharpedo, M|\n|poke|p1|Blaziken, M|\n|poke|p1|Rayquaza|\n|poke|p2|Muk-Alola, M|\n|poke|p2|Salamence, M|\n|poke|p2|Pheromosa|\n|poke|p2|Marshadow|\n|poke|p2|Mamoswine, F|\n|poke|p2|Melmetal|\n|teampreview\n|c|\u2606SannsyJ|whooooooooooo is the mega\n|c|\u2606SannsyJ|dududududdudududududuhhh\n|\n|t:|1699637970\n|start\n|switch|p1a: Jaws|Sharpedo, M|100\/100\n|switch|p2a: Muk|Muk-Alola, M|100\/100\n|turn|1\n|\n|t:|1699637974\n|move|p1a: Jaws|Protect|p1a: Jaws\n|-singleturn|p1a: Jaws|Protect\n|move|p2a: Muk|Gunk Shot|p1a: Jaws\n|-activate|p1a: Jaws|move: Protect\n|\n|-ability|p1a: Jaws|Speed Boost|boost\n|-boost|p1a: Jaws|spe|1\n|upkeep\n|turn|2\n|\n|t:|1699637978\n|move|p1a: Jaws|Swagger|p2a: Muk\n|-boost|p2a: Muk|atk|2\n|-enditem|p1a: Jaws|Mirror Herb\n|-boost|p1a: Jaws|atk|2|[from] item: Mirror Herb\n|-start|p2a: Muk|confusion\n|-activate|p2a: Muk|confusion\n|move|p2a: Muk|Gunk Shot|p1a: Jaws|[miss]\n|-miss|p2a: Muk|p1a: Jaws\n|\n|-ability|p1a: Jaws|Speed Boost|boost\n|-boost|p1a: Jaws|spe|1\n|upkeep\n|turn|3\n|\n|t:|1699637987\n|move|p1a: Jaws|Aqua Jet|p2a: Muk\n|-damage|p2a: Muk|53\/100\n|-activate|p2a: Muk|confusion\n|move|p2a: Muk|Gunk Shot|p1a: Jaws\n|-damage|p1a: Jaws|0 fnt\n|faint|p1a: Jaws\n|\n|upkeep\n|c|\u2606SannsyJ|bruh\n|c|\u2606SannsyJ|confusion is ass\n|\n|t:|1699637998\n|switch|p1a: FLAMING CHICKENNN|Blaziken, M, shiny|100\/100\n|turn|4\n|c|\u2606elizabeth80085|yea i know\n|c|\u2606SannsyJ|*cri*\n|c|\u2606elizabeth80085|mirror herb swagger marshadow gets killed so often :(\n|\n|t:|1699638023\n|move|p1a: FLAMING CHICKENNN|Protect|p1a: FLAMING CHICKENNN\n|-singleturn|p1a: FLAMING CHICKENNN|Protect\n|-activate|p2a: Muk|confusion\n|move|p2a: Muk|Gunk Shot|p1a: FLAMING CHICKENNN\n|-activate|p1a: FLAMING CHICKENNN|move: Protect\n|\n|-ability|p1a: FLAMING CHICKENNN|Speed Boost|boost\n|-boost|p1a: FLAMING CHICKENNN|spe|1\n|upkeep\n|turn|5\n|c|\u2606SannsyJ|NOHOHO\n|c|\u2606SannsyJ|ive only ever had it work beautifully on hitmonlee\n|\n|t:|1699638039\n|move|p1a: FLAMING CHICKENNN|Swords Dance|p1a: FLAMING CHICKENNN\n|-boost|p1a: FLAMING CHICKENNN|atk|2\n|-end|p2a: Muk|confusion\n|move|p2a: Muk|Gunk Shot|p1a: FLAMING CHICKENNN|[miss]\n|-miss|p2a: Muk|p1a: FLAMING CHICKENNN\n|\n|-ability|p1a: FLAMING CHICKENNN|Speed Boost|boost\n|-boost|p1a: FLAMING CHICKENNN|spe|1\n|upkeep\n|turn|6\n|c|\u2606SannsyJ|cmon fire chicken\n|c|\u2606SannsyJ|i believe in you\n|c|\u2606elizabeth80085|i like ur team, always love to see people using less good pokemon,i try but i end up changing them to beat the other top teirs\n|\n|t:|1699638078\n|move|p1a: FLAMING CHICKENNN|Blaze Kick|p2a: Muk\n|-damage|p2a: Muk|0 fnt\n|faint|p2a: Muk\n|\n|-ability|p1a: FLAMING CHICKENNN|Speed Boost|boost\n|-boost|p1a: FLAMING CHICKENNN|spe|1\n|upkeep\n|\n|t:|1699638084\n|switch|p2a: Marshadow|Marshadow|100\/100\n|turn|7\n|\n|t:|1699638091\n|move|p1a: FLAMING CHICKENNN|Protect|p1a: FLAMING CHICKENNN\n|-singleturn|p1a: FLAMING CHICKENNN|Protect\n|move|p2a: Marshadow|Spectral Thief|p1a: FLAMING CHICKENNN\n|-activate|p1a: FLAMING CHICKENNN|move: Protect\n|\n|-ability|p1a: FLAMING CHICKENNN|Speed Boost|boost\n|-boost|p1a: FLAMING CHICKENNN|spe|1\n|-enditem|p2a: Marshadow|Mirror Herb\n|-boost|p2a: Marshadow|spe|1|[from] item: Mirror Herb\n|upkeep\n|turn|8\n|c|\u2606SannsyJ|bruh what\n|c|\u2606SannsyJ|protect goes through that\n|c|\u2606SannsyJ|thats insane\n|\n|t:|1699638116\n|move|p1a: FLAMING CHICKENNN|Blaze Kick|p2a: Marshadow|[miss]\n|-miss|p1a: FLAMING CHICKENNN|p2a: Marshadow\n|move|p2a: Marshadow|Spectral Thief||[still]\n|-clearpositiveboost|p1a: FLAMING CHICKENNN|p2a: Marshadow|move: Spectral Thief\n|-boost|p2a: Marshadow|atk|2\n|-boost|p2a: Marshadow|spe|4\n|-anim|p2a: Marshadow|Spectral Thief|p1a: FLAMING CHICKENNN\n|-enditem|p1a: FLAMING CHICKENNN|Focus Sash\n|-damage|p1a: FLAMING CHICKENNN|1\/100\n|\n|-ability|p1a: FLAMING CHICKENNN|Speed Boost|boost\n|-boost|p1a: FLAMING CHICKENNN|spe|1\n|upkeep\n|turn|9\n|c|\u2606SannsyJ|ONE JOB\n|c|\u2606SannsyJ|ONE FUCKING JOB\n|c|\u2606elizabeth80085|so sad\n|c|\u2606SannsyJ|OH MY\n|\n|t:|1699638130\n|move|p2a: Marshadow|Shadow Sneak|p1a: FLAMING CHICKENNN\n|-damage|p1a: FLAMING CHICKENNN|0 fnt\n|faint|p1a: FLAMING CHICKENNN\n|\n|upkeep\n|c|\u2606SannsyJ|GET YOUR USELESS ASS OFF MY TEAM\n|c|\u2606elizabeth80085|its always the 90 accuracy moves on god\n|c|\u2606SannsyJ|OML\n|c|\u2606SannsyJ|LITERALLY\n|c|\u2606SannsyJ|i cant even get mad at you\n|c|\u2606SannsyJ|its this useless chicken\n|\n|t:|1699638160\n|switch|p1a: Mithrax|Scizor, M|100\/100\n|turn|10\n|c|\u2606elizabeth80085|if youve ever tried to use toxic as a non-poison type you'd know well how 90 percent is basically 50\/50\n|\n|t:|1699638185\n|move|p1a: Mithrax|Bullet Punch|p2a: Marshadow\n|-damage|p2a: Marshadow|31\/100\n|move|p2a: Marshadow|Spectral Thief|p1a: Mithrax\n|-damage|p1a: Mithrax|8\/100\n|\n|upkeep\n|turn|11\n|c|\u2606SannsyJ|literally\n|c|\u2606SannsyJ|its depressing\n|c|\u2606elizabeth80085|if this sweeps im gonna actually feel bad\n|c|\u2606SannsyJ|also how did u get gen 9 team star fire lady (forgot her name) as a pfp? thats actually dope\n|\n|t:|1699638216\n|move|p2a: Marshadow|Shadow Sneak|p1a: Mithrax\n|-damage|p1a: Mithrax|0 fnt\n|faint|p1a: Mithrax\n|\n|upkeep\n|\n|t:|1699638219\n|switch|p1a: Rayqueesha|Rayquaza, shiny|100\/100\n|-ability|p1a: Rayqueesha|Air Lock\n|turn|12\n|c|\u2606elizabeth80085|oh there is a website with 'secret' character icons\n|c|\u2606elizabeth80085|if you google it it'll give you an extensive list\n|\n|t:|1699638246\n|-terastallize|p1a: Rayqueesha|Normal\n|move|p2a: Marshadow|Spectral Thief|p1a: Rayqueesha\n|-immune|p1a: Rayqueesha\n|move|p1a: Rayqueesha|Dragon Claw|p2a: Marshadow\n|-damage|p2a: Marshadow|0 fnt\n|faint|p2a: Marshadow\n|-damage|p1a: Rayqueesha|91\/100|[from] item: Life Orb\n|\n|upkeep\n|c|\u2606SannsyJ|really? thats cool asf\n|\n|t:|1699638258\n|switch|p2a: Pheromosa|Pheromosa, shiny|100\/100\n|turn|13\n|c|\u2606SannsyJ|THANK YOU RAYQUEESHA\n|\n|t:|1699638267\n|move|p2a: Pheromosa|Ice Beam|p1a: Rayqueesha\n|-damage|p1a: Rayqueesha|55\/100\n|-status|p1a: Rayqueesha|frz\n|-curestatus|p1a: Rayqueesha|frz|[msg]\n|move|p1a: Rayqueesha|Dragon Dance|p1a: Rayqueesha\n|-boost|p1a: Rayqueesha|atk|1\n|-boost|p1a: Rayqueesha|spe|1\n|\n|upkeep\n|turn|14\n|c|\u2606elizabeth80085|OH\n|c|\u2606elizabeth80085|i forgot u were normal and then got the freeze lmao'\n|\n|t:|1699638288\n|move|p1a: Rayqueesha|Extreme Speed|p2a: Pheromosa\n|-damage|p2a: Pheromosa|0 fnt\n|faint|p2a: Pheromosa\n|-damage|p1a: Rayqueesha|45\/100|[from] item: Life Orb\n|\n|upkeep\n|\n|t:|1699638291\n|switch|p2a: Melmetal|Melmetal|100\/100\n|turn|15\n|c|\u2606SannsyJ|LMFAO\n|c|\u2606SannsyJ|im dead tho\n|\n|t:|1699638301\n|move|p1a: Rayqueesha|Dragon Ascent|p2a: Melmetal\n|-resisted|p2a: Melmetal\n|-damage|p2a: Melmetal|69\/100\n|-unboost|p1a: Rayqueesha|def|1\n|-unboost|p1a: Rayqueesha|spd|1\n|-damage|p1a: Rayqueesha|35\/100|[from] item: Life Orb\n|move|p2a: Melmetal|Double Iron Bash|p1a: Rayqueesha\n|-damage|p1a: Rayqueesha|0 fnt\n|faint|p1a: Rayqueesha\n|-hitcount|p1: Rayqueesha|1\n|\n|upkeep\n|\n|t:|1699638304\n|switch|p1a: Hammerhead Shark|Garchomp, M, shiny|100\/100\n|turn|16\n|\n|t:|1699638311\n|move|p1a: Hammerhead Shark|Earthquake|p2a: Melmetal\n|-supereffective|p2a: Melmetal\n|-damage|p2a: Melmetal|7\/100\n|move|p2a: Melmetal|Double Iron Bash|p1a: Hammerhead Shark\n|-damage|p1a: Hammerhead Shark|40\/100\n|-damage|p2a: Melmetal|0 fnt|[from] ability: Rough Skin|[of] p1a: Hammerhead Shark\n|faint|p2a: Melmetal\n|-hitcount|p1a: Hammerhead Shark|1\n|\n|upkeep\n|\n|t:|1699638313\n|switch|p2a: Mamoswine|Mamoswine, F|100\/100\n|turn|17\n|\n|t:|1699638316\n|move|p2a: Mamoswine|Ice Shard|p1a: Hammerhead Shark\n|-supereffective|p1a: Hammerhead Shark\n|-damage|p1a: Hammerhead Shark|0 fnt\n|faint|p1a: Hammerhead Shark\n|\n|upkeep\n|\n|t:|1699638319\n|switch|p1a: The Trickster|Sableye, M, shiny|100\/100\n|turn|18\n|\n|t:|1699638323\n|switch|p2a: Salamence|Salamence, M|100\/100\n|-ability|p2a: Salamence|Intimidate|boost\n|-unboost|p1a: The Trickster|atk|1\n|move|p1a: The Trickster|Will-O-Wisp|p2a: Salamence\n|-status|p2a: Salamence|brn\n|\n|-damage|p2a: Salamence|94\/100 brn|[from] brn\n|upkeep\n|turn|19\n|c|\u2606SannsyJ|ooof\n|\n|t:|1699638328\n|move|p1a: The Trickster|Bulk Up|p1a: The Trickster\n|-boost|p1a: The Trickster|atk|1\n|-boost|p1a: The Trickster|def|1\n|move|p2a: Salamence|Dragon Dance|p2a: Salamence\n|-boost|p2a: Salamence|atk|1\n|-boost|p2a: Salamence|spe|1\n|\n|-damage|p2a: Salamence|88\/100 brn|[from] brn\n|upkeep\n|turn|20\n|c|\u2606SannsyJ|cmon sableye\n|\n|t:|1699638335\n|detailschange|p2a: Salamence|Salamence-Mega, M\n|-mega|p2a: Salamence|Salamence|Salamencite\n|move|p1a: The Trickster|Bulk Up|p1a: The Trickster\n|-boost|p1a: The Trickster|atk|1\n|-boost|p1a: The Trickster|def|1\n|move|p2a: Salamence|Return|p1a: The Trickster\n|-damage|p1a: The Trickster|69\/100\n|\n|-damage|p2a: Salamence|82\/100 brn|[from] brn\n|upkeep\n|turn|21\n|c|\u2606elizabeth80085|i believe in him\n|\n|t:|1699638344\n|move|p1a: The Trickster|Bulk Up|p1a: The Trickster\n|-boost|p1a: The Trickster|atk|1\n|-boost|p1a: The Trickster|def|1\n|move|p2a: Salamence|Return|p1a: The Trickster\n|-damage|p1a: The Trickster|42\/100\n|\n|-damage|p2a: Salamence|76\/100 brn|[from] brn\n|upkeep\n|turn|22\n|\n|t:|1699638347\n|move|p1a: The Trickster|Recover|p1a: The Trickster\n|-heal|p1a: The Trickster|92\/100\n|move|p2a: Salamence|Return|p1a: The Trickster\n|-damage|p1a: The Trickster|67\/100\n|\n|-damage|p2a: Salamence|70\/100 brn|[from] brn\n|upkeep\n|turn|23\n|c|\u2606elizabeth80085|however if i crit its over\n|\n|t:|1699638357\n|detailschange|p1a: The Trickster|Sableye-Mega, M, shiny\n|-mega|p1a: The Trickster|Sableye|Sablenite\n|move|p2a: Salamence|Return|p1a: The Trickster\n|-damage|p1a: The Trickster|50\/100\n|move|p1a: The Trickster|Recover|p1a: The Trickster\n|-heal|p1a: The Trickster|99\/100\n|\n|-damage|p2a: Salamence|64\/100 brn|[from] brn\n|upkeep\n|turn|24\n|c|\u2606SannsyJ|i need to go super\n|\n|t:|1699638363\n|move|p2a: Salamence|Return|p1a: The Trickster\n|-damage|p1a: The Trickster|81\/100\n|move|p1a: The Trickster|Bulk Up|p1a: The Trickster\n|-boost|p1a: The Trickster|atk|1\n|-boost|p1a: The Trickster|def|1\n|\n|-damage|p2a: Salamence|58\/100 brn|[from] brn\n|upkeep\n|turn|25\n|c|\u2606elizabeth80085|ultra sableye!!!\n|c|\u2606SannsyJ|o\n|\n|t:|1699638374\n|move|p2a: Salamence|Return|p1a: The Trickster\n|-damage|p1a: The Trickster|67\/100\n|move|p1a: The Trickster|Knock Off|p2a: Salamence\n|-damage|p2a: Salamence|21\/100 brn\n|\n|-damage|p2a: Salamence|15\/100 brn|[from] brn\n|upkeep\n|turn|26\n|c|\u2606SannsyJ|LMFAOOOOOO\n|\n|t:|1699638381\n|move|p2a: Salamence|Return|p1a: The Trickster\n|-damage|p1a: The Trickster|53\/100\n|move|p1a: The Trickster|Knock Off|p2a: Salamence\n|-damage|p2a: Salamence|0 fnt\n|faint|p2a: Salamence\n|\n|upkeep\n|c|\u2606SannsyJ|LETS GO SABLEYE\n|c|\u2606elizabeth80085|go sableye\n|\n|t:|1699638389\n|switch|p2a: Mamoswine|Mamoswine, F|100\/100\n|turn|27\n|\n|t:|1699638393\n|-terastallize|p2a: Mamoswine|Ice\n|move|p2a: Mamoswine|Icicle Crash|p1a: The Trickster\n|-damage|p1a: The Trickster|27\/100\n|move|p1a: The Trickster|Recover|p1a: The Trickster\n|-heal|p1a: The Trickster|77\/100\n|\n|upkeep\n|turn|28\n|\n|t:|1699638399\n|move|p2a: Mamoswine|Icicle Crash|p1a: The Trickster|[miss]\n|-miss|p2a: Mamoswine|p1a: The Trickster\n|move|p1a: The Trickster|Will-O-Wisp|p2a: Mamoswine\n|-status|p2a: Mamoswine|brn\n|\n|-damage|p2a: Mamoswine|94\/100 brn|[from] brn\n|upkeep\n|turn|29\n|\n|t:|1699638403\n|move|p2a: Mamoswine|Icicle Crash|p1a: The Trickster\n|-damage|p1a: The Trickster|64\/100\n|cant|p1a: The Trickster|flinch\n|\n|-damage|p2a: Mamoswine|88\/100 brn|[from] brn\n|upkeep\n|turn|30\n|\n|t:|1699638408\n|move|p2a: Mamoswine|Icicle Crash|p1a: The Trickster\n|-damage|p1a: The Trickster|50\/100\n|cant|p1a: The Trickster|flinch\n|\n|-damage|p2a: Mamoswine|82\/100 brn|[from] brn\n|upkeep\n|turn|31\n|c|\u2606elizabeth80085|:0\n|\n|t:|1699638415\n|move|p2a: Mamoswine|Icicle Crash|p1a: The Trickster\n|-damage|p1a: The Trickster|36\/100\n|move|p1a: The Trickster|Recover|p1a: The Trickster\n|-heal|p1a: The Trickster|86\/100\n|\n|-damage|p2a: Mamoswine|76\/100 brn|[from] brn\n|upkeep\n|turn|32\n|c|\u2606SannsyJ|o wow\n|\n|t:|1699638420\n|move|p2a: Mamoswine|Icicle Crash|p1a: The Trickster\n|-damage|p1a: The Trickster|72\/100\n|move|p1a: The Trickster|Knock Off|p2a: Mamoswine\n|-damage|p2a: Mamoswine|18\/100 brn\n|-enditem|p2a: Mamoswine|Choice Band|[from] move: Knock Off|[of] p1a: The Trickster\n|\n|-damage|p2a: Mamoswine|12\/100 brn|[from] brn\n|upkeep\n|turn|33\n|c|\u2606elizabeth80085|still no crits haha\n|\n|t:|1699638430\n|move|p2a: Mamoswine|Icicle Crash|p1a: The Trickster\n|-damage|p1a: The Trickster|63\/100\n|move|p1a: The Trickster|Recover|p1a: The Trickster\n|-heal|p1a: The Trickster|100\/100\n|\n|-damage|p2a: Mamoswine|5\/100 brn|[from] brn\n|upkeep\n|turn|34\n|c|\u2606SannsyJ|LES GO SABLEYE\n|c|\u2606SannsyJ|I BELIEVE IN YOU BUDDY\n|c|\u2606elizabeth80085|gg this was fun\n|\n|t:|1699638439\n|move|p2a: Mamoswine|Icicle Crash|p1a: The Trickster\n|-damage|p1a: The Trickster|91\/100\n|move|p1a: The Trickster|Knock Off|p2a: Mamoswine\n|-damage|p2a: Mamoswine|0 fnt\n|faint|p2a: Mamoswine\n|\n|win|SannsyJ\n|raw|SannsyJ's rating: 1184 &rarr; <strong>1214<\/strong><br \/>(+30 for winning)\n|raw|elizabeth80085's rating: 1253 &rarr; <strong>1223<\/strong><br \/>(-30 for losing)\n|c|\u2606elizabeth80085|godspeed sableye\n|c|\u2606SannsyJ|gg\n|l|\u2606elizabeth80085\n|c|\u2606SannsyJ|godspeed sableye is insane\n","uploadtime":1699638142,"views":15,"p1id":"sannsyj","p2id":"elizabeth80085","formatid":"gen9nationaldexubers","rating":1214,"private":0,"password":""}