{"id":"gen9nationaldexubers-1991337500","p1":"MadFrost","p2":"golim","format":"[Gen 9] National Dex Ubers","log":"|j|\u2606MadFrost\n|j|\u2606golim\n|t:|1700068768\n|gametype|singles\n|player|p1|MadFrost|n|1304\n|player|p2|golim|caitlin|1317\n|teamsize|p1|6\n|teamsize|p2|6\n|gen|9\n|tier|[Gen 9] National Dex Ubers\n|rated|\n|rule|HP Percentage Mod: HP is shown in percentages\n|rule|Endless Battle Clause: Forcing endless battles is banned\n|rule|OHKO Clause: OHKO moves are banned\n|rule|Evasion Moves Clause: Evasion moves are banned\n|rule|Evasion Items Clause: Evasion items are banned\n|rule|Species Clause: Limit one of each Pok\u00e9mon\n|rule|Sleep Clause Mod: Limit one foe put to sleep\n|rule|Mega Rayquaza Clause: You cannot mega evolve Rayquaza\n|clearpoke\n|poke|p1|Deoxys-Speed|\n|poke|p1|Zygarde|\n|poke|p1|Minior-Indigo|\n|poke|p1|Lucario, M|\n|poke|p1|Samurott-Hisui, M|\n|poke|p1|Turtonator, M|\n|poke|p2|Calyrex-Ice|\n|poke|p2|Eternatus|\n|poke|p2|Yveltal|\n|poke|p2|Necrozma-Dusk-Mane|\n|poke|p2|Banette, F|\n|poke|p2|Xerneas-*|\n|teampreview\n|inactive|Battle timer is ON: inactive players will automatically lose when time's up. (requested by golim)\n|inactive|MadFrost also wants the timer to be on.\n|\n|t:|1700068775\n|start\n|switch|p1a: Deoxys|Deoxys-Speed|100\/100\n|switch|p2a: Eternatus|Eternatus|100\/100\n|-ability|p1a: Deoxys|Pressure\n|-ability|p2a: Eternatus|Pressure\n|turn|1\n|\n|t:|1700068779\n|move|p1a: Deoxys|Psycho Boost|p2a: Eternatus\n|-supereffective|p2a: Eternatus\n|-damage|p2a: Eternatus|12\/100\n|-unboost|p1a: Deoxys|spa|2\n|move|p2a: Eternatus|Dynamax Cannon|p1a: Deoxys\n|-damage|p1a: Deoxys|25\/100\n|\n|-heal|p2a: Eternatus|19\/100|[from] item: Leftovers\n|upkeep\n|turn|2\n|\n|t:|1700068783\n|move|p1a: Deoxys|Psycho Boost|p2a: Eternatus\n|-supereffective|p2a: Eternatus\n|-damage|p2a: Eternatus|0 fnt\n|-unboost|p1a: Deoxys|spa|2\n|faint|p2a: Eternatus\n|\n|upkeep\n|\n|t:|1700068786\n|switch|p2a: Yveltal|Yveltal|100\/100\n|-ability|p2a: Yveltal|Dark Aura\n|turn|3\n|\n|t:|1700068789\n|move|p1a: Deoxys|Stealth Rock|p2a: Yveltal\n|-sidestart|p2: golim|move: Stealth Rock\n|move|p2a: Yveltal|Oblivion Wing|p1a: Deoxys\n|-damage|p1a: Deoxys|0 fnt\n|faint|p1a: Deoxys\n|\n|upkeep\n|\n|t:|1700068793\n|switch|p1a: Minior|Minior-Indigo|100\/100\n|-formechange|p1a: Minior|Minior-Meteor||[from] ability: Shields Down\n|turn|4\n|\n|t:|1700068796\n|move|p2a: Yveltal|Defog|p1a: Minior\n|-unboost|p1a: Minior|evasion|1\n|-sideend|p2: golim|Stealth Rock|[from] move: Defog|[of] p2a: Yveltal\n|-enditem|p1a: Minior|White Herb\n|-clearnegativeboost|p1a: Minior|[silent]\n|move|p1a: Minior|Shell Smash|p1a: Minior\n|-unboost|p1a: Minior|def|1\n|-unboost|p1a: Minior|spd|1\n|-boost|p1a: Minior|atk|2\n|-boost|p1a: Minior|spa|2\n|-boost|p1a: Minior|spe|2\n|\n|upkeep\n|turn|5\n|\n|t:|1700068799\n|move|p1a: Minior|Stone Edge|p2a: Yveltal\n|-supereffective|p2a: Yveltal\n|-damage|p2a: Yveltal|1\/100\n|move|p2a: Yveltal|Toxic|p1a: Minior\n|-immune|p1a: Minior|[from] ability: Shields Down\n|\n|upkeep\n|turn|6\n|\n|t:|1700068806\n|move|p1a: Minior|Acrobatics|p2a: Yveltal\n|-damage|p2a: Yveltal|0 fnt\n|faint|p2a: Yveltal\n|\n|upkeep\n|\n|t:|1700068810\n|switch|p2a: Calyrex|Calyrex-Ice|100\/100\n|-ability|p2a: Calyrex|As One\n|-ability|p2a: Calyrex|Unnerve\n|turn|7\n|\n|t:|1700068813\n|move|p1a: Minior|Stone Edge|p2a: Calyrex\n|-supereffective|p2a: Calyrex\n|-damage|p2a: Calyrex|0 fnt\n|faint|p2a: Calyrex\n|\n|upkeep\n|\n|t:|1700068816\n|switch|p2a: Xerneas|Xerneas, shiny|100\/100\n|-ability|p2a: Xerneas|Fairy Aura\n|turn|8\n|\n|t:|1700068827\n|-terastallize|p1a: Minior|Normal\n|move|p1a: Minior|Explosion|p2a: Xerneas\n|-damage|p2a: Xerneas|0 fnt\n|faint|p1a: Minior\n|faint|p2a: Xerneas\n|\n|upkeep\n|\n|t:|1700068833\n|switch|p2a: Necrozma|Necrozma-Dusk-Mane|100\/100\n|switch|p1a: Zygarde|Zygarde|100\/100\n|turn|9\n|\n|t:|1700068836\n|move|p2a: Necrozma|Knock Off|p1a: Zygarde\n|-damage|p1a: Zygarde|68\/100\n|-enditem|p1a: Zygarde|Leftovers|[from] move: Knock Off|[of] p2a: Necrozma\n|move|p1a: Zygarde|Coil|p1a: Zygarde\n|-boost|p1a: Zygarde|atk|1\n|-boost|p1a: Zygarde|def|1\n|-boost|p1a: Zygarde|accuracy|1\n|\n|upkeep\n|turn|10\n|\n|t:|1700068839\n|move|p2a: Necrozma|Photon Geyser|p1a: Zygarde\n|-damage|p1a: Zygarde|34\/100\n|move|p1a: Zygarde|Thousand Arrows|p2a: Necrozma\n|-supereffective|p2a: Necrozma\n|-damage|p2a: Necrozma|23\/100\n|\n|-activate|p1a: Zygarde|ability: Power Construct\n|detailschange|p1a: Zygarde|Zygarde-Complete\n|-heal|p1a: Zygarde|57\/100|[silent]\n|upkeep\n|turn|11\n|\n|t:|1700068848\n|move|p1a: Zygarde|Extreme Speed|p2a: Necrozma\n|-resisted|p2a: Necrozma\n|-damage|p2a: Necrozma|8\/100\n|-damage|p1a: Zygarde|41\/100|[from] item: Rocky Helmet|[of] p2a: Necrozma\n|move|p2a: Necrozma|Photon Geyser|p1a: Zygarde\n|-damage|p1a: Zygarde|18\/100\n|\n|upkeep\n|turn|12\n|\n|t:|1700068852\n|move|p1a: Zygarde|Extreme Speed|p2a: Necrozma\n|-resisted|p2a: Necrozma\n|-damage|p2a: Necrozma|0 fnt\n|-damage|p1a: Zygarde|2\/100|[from] item: Rocky Helmet|[of] p2a: Necrozma\n|faint|p2a: Necrozma\n|\n|upkeep\n|\n|t:|1700068853\n|switch|p2a: Banette|Banette, F|100\/100\n|turn|13\n|\n|t:|1700068861\n|detailschange|p2a: Banette|Banette-Mega, F\n|-mega|p2a: Banette|Banette|Banettite\n|move|p1a: Zygarde|Thousand Arrows|p2a: Banette\n|-damage|p2a: Banette|23\/100\n|move|p2a: Banette|Knock Off|p1a: Zygarde\n|-damage|p1a: Zygarde|0 fnt\n|faint|p1a: Zygarde\n|\n|upkeep\n|\n|t:|1700068869\n|switch|p1a: Samurott|Samurott-Hisui, M|100\/100\n|turn|14\n|\n|t:|1700068871\n|move|p2a: Banette|Destiny Bond|p2a: Banette\n|-singlemove|p2a: Banette|Destiny Bond\n|move|p1a: Samurott|Ceaseless Edge|p2a: Banette\n|-supereffective|p2a: Banette\n|-damage|p2a: Banette|0 fnt\n|-sidestart|p2: golim|Spikes\n|faint|p2a: Banette\n|-activate|p2a: Banette|move: Destiny Bond\n|faint|p1a: Samurott\n|\n|win|MadFrost\n|raw|MadFrost's rating: 1304 &rarr; <strong>1325<\/strong><br \/>(+21 for winning)\n|raw|golim's rating: 1317 &rarr; <strong>1296<\/strong><br \/>(-21 for losing)\n|c|\u2606MadFrost|Gg\n|c|\u2606golim|Gg\n","uploadtime":1700068885,"views":8,"p1id":"madfrost","p2id":"golim","formatid":"gen9nationaldexubers","rating":1296,"private":0,"password":""}