{"id":"gen9nationaldexubers-1981927558","p1":"cyclonez_","p2":"Slightly Old Fart","format":"[Gen 9] National Dex Ubers","log":"|j|\u2606cyclonez_\n|j|\u2606Slightly Old Fart\n|t:|1698952364\n|gametype|singles\n|player|p1|cyclonez_|candice|\n|player|p2|Slightly Old Fart|169|\n|teamsize|p1|6\n|teamsize|p2|6\n|gen|9\n|tier|[Gen 9] National Dex Ubers\n|rule|HP Percentage Mod: HP is shown in percentages\n|rule|Endless Battle Clause: Forcing endless battles is banned\n|rule|OHKO Clause: OHKO moves are banned\n|rule|Evasion Moves Clause: Evasion moves are banned\n|rule|Evasion Items Clause: Evasion items are banned\n|rule|Species Clause: Limit one of each Pok\u00e9mon\n|rule|Sleep Clause Mod: Limit one foe put to sleep\n|rule|Mega Rayquaza Clause: You cannot mega evolve Rayquaza\n|clearpoke\n|poke|p1|Rotom-Wash|\n|poke|p1|Altaria, F|\n|poke|p1|Dugtrio, M|\n|poke|p1|Blaziken, M|\n|poke|p1|Slowking, M|\n|poke|p1|Torterra, M|\n|poke|p2|Vaporeon, M|\n|poke|p2|Alakazam, F|\n|poke|p2|Kleavor, M|\n|poke|p2|Skarmory, F|\n|poke|p2|Wyrdeer, F|\n|poke|p2|Togekiss, F|\n|teampreview\n|c|\u2606cyclonez_|glhf\n|c|\u2606Slightly Old Fart|u2\n|\n|t:|1698952447\n|start\n|switch|p1a: Tumblr|Rotom-Wash|100\/100\n|switch|p2a: Togekiss|Togekiss, F|100\/100\n|turn|1\n|\n|t:|1698952463\n|switch|p2a: Vaporeon|Vaporeon, M|100\/100\n|move|p1a: Tumblr|Volt Switch|p2a: Vaporeon\n|-supereffective|p2a: Vaporeon\n|-damage|p2a: Vaporeon|53\/100\n|c|\u2606Slightly Old Fart|clicked the wrong mon\n|c|\u2606cyclonez_|rip\n|\n|t:|1698952488\n|switch|p1a: Big Brain Time|Slowking, M|100\/100|[from] Volt Switch\n|\n|-heal|p2a: Vaporeon|59\/100|[from] item: Leftovers\n|upkeep\n|turn|2\n|\n|t:|1698952496\n|move|p2a: Vaporeon|Toxic|p1a: Big Brain Time\n|-status|p1a: Big Brain Time|tox\n|move|p1a: Big Brain Time|Teleport|p1a: Big Brain Time\n|\n|t:|1698952499\n|switch|p1a: Tumblr|Rotom-Wash|100\/100|[from] Teleport\n|\n|-heal|p2a: Vaporeon|66\/100|[from] item: Leftovers\n|upkeep\n|turn|3\n|\n|t:|1698952504\n|move|p1a: Tumblr|Volt Switch|p2a: Vaporeon\n|-supereffective|p2a: Vaporeon\n|-damage|p2a: Vaporeon|21\/100\n|\n|t:|1698952534\n|switch|p1a: Big Brain Time|Slowking, M|100\/100 tox|[from] Volt Switch\n|move|p2a: Vaporeon|Toxic|p1a: Big Brain Time\n|-fail|p1a: Big Brain Time|tox\n|\n|-heal|p2a: Vaporeon|27\/100|[from] item: Leftovers\n|-damage|p1a: Big Brain Time|94\/100 tox|[from] psn\n|upkeep\n|turn|4\n|\n|t:|1698952559\n|switch|p2a: Skarmory|Skarmory, F|100\/100\n|move|p1a: Big Brain Time|Future Sight|p2a: Skarmory\n|-start|p1a: Big Brain Time|move: Future Sight\n|\n|-heal|p1a: Big Brain Time|100\/100 tox|[from] item: Leftovers\n|-damage|p1a: Big Brain Time|88\/100 tox|[from] psn\n|upkeep\n|turn|5\n|\n|t:|1698952567\n|move|p2a: Skarmory|Spikes|p1a: Big Brain Time\n|-sidestart|p1: cyclonez_|Spikes\n|move|p1a: Big Brain Time|Teleport|p1a: Big Brain Time\n|\n|t:|1698952572\n|switch|p1a: Tumblr|Rotom-Wash|100\/100|[from] Teleport\n|\n|upkeep\n|turn|6\n|\n|t:|1698952581\n|switch|p2a: Wyrdeer|Wyrdeer, F|100\/100\n|-ability|p2a: Wyrdeer|Intimidate|boost\n|-unboost|p1a: Tumblr|atk|1\n|move|p1a: Tumblr|Volt Switch|p2a: Wyrdeer\n|-damage|p2a: Wyrdeer|67\/100\n|\n|t:|1698952600\n|switch|p1a: Redditor|Dugtrio, M|100\/100|[from] Volt Switch\n|-damage|p1a: Redditor|88\/100|[from] Spikes\n|\n|-end|p2a: Wyrdeer|move: Future Sight\n|-resisted|p2a: Wyrdeer\n|-damage|p2a: Wyrdeer|44\/100\n|upkeep\n|turn|7\n|\n|t:|1698952610\n|move|p1a: Redditor|Earthquake|p2a: Wyrdeer\n|-damage|p2a: Wyrdeer|0 fnt\n|faint|p2a: Wyrdeer\n|-damage|p1a: Redditor|78\/100|[from] item: Life Orb\n|\n|upkeep\n|\n|t:|1698952616\n|switch|p2a: Kleavor|Kleavor, M|100\/100\n|turn|8\n|\n|t:|1698952621\n|move|p2a: Kleavor|Stone Axe|p1a: Redditor\n|-resisted|p1a: Redditor\n|-damage|p1a: Redditor|2\/100\n|-sidestart|p1: cyclonez_|move: Stealth Rock\n|move|p1a: Redditor|Earthquake|p2a: Kleavor\n|-damage|p2a: Kleavor|17\/100\n|-damage|p1a: Redditor|0 fnt|[from] item: Life Orb\n|faint|p1a: Redditor\n|\n|upkeep\n|\n|t:|1698952626\n|switch|p1a: Tumblr|Rotom-Wash|100\/100\n|-damage|p1a: Tumblr|88\/100|[from] Stealth Rock\n|turn|9\n|\n|t:|1698952632\n|move|p1a: Tumblr|Volt Switch|p2a: Kleavor\n|-damage|p2a: Kleavor|0 fnt\n|faint|p2a: Kleavor\n|\n|t:|1698952636\n|switch|p1a: Alyssa|Altaria, F, shiny|100\/100|[from] Volt Switch\n|\n|upkeep\n|c|\u2606Slightly Old Fart|scarf rotom wash I did not see coming\n|\n|t:|1698952678\n|switch|p2a: Togekiss|Togekiss, F|100\/100\n|turn|10\n|c|\u2606cyclonez_|yeah lol\n|\n|t:|1698952705\n|move|p1a: Alyssa|Defog|p2a: Togekiss\n|-unboost|p2a: Togekiss|evasion|1\n|-sideend|p1: cyclonez_|Spikes|[from] move: Defog|[of] p1a: Alyssa\n|-sideend|p1: cyclonez_|Stealth Rock|[from] move: Defog|[of] p1a: Alyssa\n|move|p2a: Togekiss|Nasty Plot|p2a: Togekiss\n|-boost|p2a: Togekiss|spa|2\n|\n|upkeep\n|turn|11\n|\n|t:|1698952718\n|move|p1a: Alyssa|Brave Bird|p2a: Togekiss\n|-damage|p2a: Togekiss|70\/100\n|-damage|p1a: Alyssa|90\/100|[from] Recoil\n|move|p2a: Togekiss|Air Slash|p1a: Alyssa\n|-damage|p1a: Alyssa|31\/100\n|\n|-heal|p2a: Togekiss|76\/100|[from] item: Leftovers\n|upkeep\n|turn|12\n|\n|t:|1698952726\n|move|p2a: Togekiss|Air Slash|p1a: Alyssa\n|-damage|p1a: Alyssa|0 fnt\n|faint|p1a: Alyssa\n|\n|-heal|p2a: Togekiss|82\/100|[from] item: Leftovers\n|upkeep\n|c|\u2606cyclonez_|was not expecting a speed tie there lmao\n|c|\u2606Slightly Old Fart|me either\n|\n|t:|1698952755\n|switch|p1a: Tumblr|Rotom-Wash|88\/100\n|turn|13\n|\n|t:|1698952765\n|move|p1a: Tumblr|Volt Switch|p2a: Togekiss\n|-supereffective|p2a: Togekiss\n|-damage|p2a: Togekiss|35\/100\n|\n|t:|1698952768\n|switch|p1a: Big Brain Time|Slowking, M|100\/100 tox|[from] Volt Switch\n|move|p2a: Togekiss|Roost|p2a: Togekiss\n|-heal|p2a: Togekiss|85\/100\n|-singleturn|p2a: Togekiss|move: Roost\n|\n|-heal|p2a: Togekiss|91\/100|[from] item: Leftovers\n|-damage|p1a: Big Brain Time|94\/100 tox|[from] psn\n|upkeep\n|turn|14\n|\n|t:|1698952780\n|move|p2a: Togekiss|Air Slash|p1a: Big Brain Time\n|-damage|p1a: Big Brain Time|49\/100 tox\n|cant|p1a: Big Brain Time|flinch\n|\n|-heal|p2a: Togekiss|97\/100|[from] item: Leftovers\n|-heal|p1a: Big Brain Time|55\/100 tox|[from] item: Leftovers\n|-damage|p1a: Big Brain Time|43\/100 tox|[from] psn\n|upkeep\n|turn|15\n|\n|t:|1698952788\n|move|p2a: Togekiss|Air Slash|p1a: Big Brain Time\n|-damage|p1a: Big Brain Time|0 fnt\n|faint|p1a: Big Brain Time\n|\n|-heal|p2a: Togekiss|100\/100|[from] item: Leftovers\n|upkeep\n|\n|t:|1698952795\n|switch|p1a: Tumblr|Rotom-Wash|88\/100\n|turn|16\n|\n|t:|1698952823\n|move|p1a: Tumblr|Thunder Wave|p2a: Togekiss\n|-status|p2a: Togekiss|par\n|cant|p2a: Togekiss|par\n|\n|upkeep\n|turn|17\n|\n|t:|1698952838\n|switch|p1a: Joe Biden|Torterra, M|100\/100\n|move|p2a: Togekiss|Nasty Plot|p2a: Togekiss\n|-boost|p2a: Togekiss|spa|2\n|\n|upkeep\n|turn|18\n|\n|t:|1698952847\n|move|p1a: Joe Biden|Rock Blast|p2a: Togekiss\n|-supereffective|p2a: Togekiss\n|-damage|p2a: Togekiss|84\/100 par\n|-supereffective|p2a: Togekiss\n|-damage|p2a: Togekiss|70\/100 par\n|-supereffective|p2a: Togekiss\n|-damage|p2a: Togekiss|56\/100 par\n|-supereffective|p2a: Togekiss\n|-damage|p2a: Togekiss|42\/100 par\n|-hitcount|p2a: Togekiss|4\n|cant|p2a: Togekiss|par\n|\n|-heal|p2a: Togekiss|48\/100 par|[from] item: Leftovers\n|upkeep\n|turn|19\n|c|\u2606Slightly Old Fart|that para hurt a lot, damn\n|c|\u2606cyclonez_|yeah mb\n|\n|t:|1698952879\n|switch|p2a: Skarmory|Skarmory, F|100\/100\n|move|p1a: Joe Biden|Rock Blast|p2a: Skarmory\n|-damage|p2a: Skarmory|94\/100\n|-damage|p2a: Skarmory|88\/100\n|-damage|p2a: Skarmory|82\/100\n|-damage|p2a: Skarmory|76\/100\n|-hitcount|p2a: Skarmory|4\n|\n|upkeep\n|turn|20\n|\n|t:|1698952891\n|move|p1a: Joe Biden|Shell Smash|p1a: Joe Biden\n|-unboost|p1a: Joe Biden|def|1\n|-unboost|p1a: Joe Biden|spd|1\n|-boost|p1a: Joe Biden|atk|2\n|-boost|p1a: Joe Biden|spa|2\n|-boost|p1a: Joe Biden|spe|2\n|move|p2a: Skarmory|Iron Defense|p2a: Skarmory\n|-boost|p2a: Skarmory|def|2\n|\n|upkeep\n|turn|21\n|\n|t:|1698952913\n|move|p1a: Joe Biden|Rock Blast|p2a: Skarmory\n|-damage|p2a: Skarmory|70\/100\n|-damage|p2a: Skarmory|64\/100\n|-damage|p2a: Skarmory|57\/100\n|-damage|p2a: Skarmory|50\/100\n|-damage|p2a: Skarmory|44\/100\n|-hitcount|p2a: Skarmory|5\n|move|p2a: Skarmory|Iron Defense|p2a: Skarmory\n|-boost|p2a: Skarmory|def|2\n|\n|upkeep\n|turn|22\n|\n|t:|1698952922\n|move|p1a: Joe Biden|Rock Blast|p2a: Skarmory\n|-damage|p2a: Skarmory|39\/100\n|-damage|p2a: Skarmory|35\/100\n|-damage|p2a: Skarmory|31\/100\n|-damage|p2a: Skarmory|27\/100\n|-damage|p2a: Skarmory|22\/100\n|-hitcount|p2a: Skarmory|5\n|move|p2a: Skarmory|Roost|p2a: Skarmory\n|-heal|p2a: Skarmory|72\/100\n|-singleturn|p2a: Skarmory|move: Roost\n|\n|upkeep\n|turn|23\n|\n|t:|1698952940\n|move|p1a: Joe Biden|Shell Smash|p1a: Joe Biden\n|-unboost|p1a: Joe Biden|def|1\n|-unboost|p1a: Joe Biden|spd|1\n|-boost|p1a: Joe Biden|atk|2\n|-boost|p1a: Joe Biden|spa|2\n|-boost|p1a: Joe Biden|spe|2\n|move|p2a: Skarmory|Body Press|p1a: Joe Biden\n|-damage|p1a: Joe Biden|0 fnt\n|faint|p1a: Joe Biden\n|\n|upkeep\n|\n|t:|1698952942\n|switch|p1a: Tumblr|Rotom-Wash|88\/100\n|turn|24\n|\n|t:|1698952954\n|move|p1a: Tumblr|Volt Switch|p2a: Skarmory\n|-supereffective|p2a: Skarmory\n|-damage|p2a: Skarmory|18\/100\n|\n|t:|1698952956\n|switch|p1a: Colonel Sanders|Blaziken, M|100\/100|[from] Volt Switch\n|move|p2a: Skarmory|Body Press|p1a: Colonel Sanders\n|-damage|p1a: Colonel Sanders|0 fnt\n|faint|p1a: Colonel Sanders\n|\n|upkeep\n|\n|t:|1698952957\n|switch|p1a: Tumblr|Rotom-Wash|88\/100\n|turn|25\n|\n|t:|1698952970\n|move|p1a: Tumblr|Volt Switch|p2a: Skarmory\n|-supereffective|p2a: Skarmory\n|-damage|p2a: Skarmory|0 fnt\n|faint|p2a: Skarmory\n|\n|upkeep\n|\n|t:|1698952984\n|switch|p2a: Vaporeon|Vaporeon, M|27\/100\n|turn|26\n|\n|t:|1698952988\n|move|p2a: Vaporeon|Protect|p2a: Vaporeon\n|-singleturn|p2a: Vaporeon|Protect\n|move|p1a: Tumblr|Volt Switch|p2a: Vaporeon\n|-activate|p2a: Vaporeon|move: Protect\n|\n|-heal|p2a: Vaporeon|34\/100|[from] item: Leftovers\n|upkeep\n|turn|27\n|\n|t:|1698952995\n|switch|p2a: Togekiss|Togekiss, F|48\/100 par\n|move|p1a: Tumblr|Volt Switch|p2a: Togekiss\n|-supereffective|p2a: Togekiss\n|-damage|p2a: Togekiss|0 fnt\n|faint|p2a: Togekiss\n|\n|upkeep\n|\n|t:|1698953005\n|switch|p2a: Vaporeon|Vaporeon, M|34\/100\n|turn|28\n|\n|t:|1698953025\n|move|p1a: Tumblr|Volt Switch|p2a: Vaporeon\n|-supereffective|p2a: Vaporeon\n|-damage|p2a: Vaporeon|0 fnt\n|faint|p2a: Vaporeon\n|\n|upkeep\n|\n|t:|1698953029\n|switch|p2a: Alakazam|Alakazam, F|100\/100\n|turn|29\n|\n|t:|1698953050\n|move|p1a: Tumblr|Volt Switch|p2a: Alakazam\n|-damage|p2a: Alakazam|57\/100\n|move|p2a: Alakazam|Psyshock|p1a: Tumblr\n|-damage|p1a: Tumblr|34\/100\n|\n|upkeep\n|turn|30\n|\n|t:|1698953056\n|move|p1a: Tumblr|Volt Switch|p2a: Alakazam\n|-damage|p2a: Alakazam|9\/100\n|move|p2a: Alakazam|Psyshock|p1a: Tumblr\n|-damage|p1a: Tumblr|0 fnt\n|faint|p1a: Tumblr\n|\n|win|Slightly Old Fart\n|c|\u2606Slightly Old Fart|gg\n|c|\u2606cyclonez_|gg\n|c|\u2606cyclonez_|close one\n|c|\u2606Slightly Old Fart|that rotom is *mean*\n|c|\u2606cyclonez_|ikr\n","uploadtime":1698953080,"views":24,"p1id":"cyclonez","p2id":"slightlyoldfart","formatid":"gen9nationaldexubers","rating":0,"private":0,"password":""}