{"id":"gen9nationaldexubers-1978659668","p1":"Ginesect","p2":"Just B3A$T","format":"[Gen 9] National Dex Ubers","log":"|j|\u2606Ginesect\n|j|\u2606Just B3A$T\n|t:|1698576564\n|gametype|singles\n|player|p1|Ginesect|artist-gen4|\n|player|p2|Just B3A$T|bruno|\n|teamsize|p1|6\n|teamsize|p2|6\n|gen|9\n|tier|[Gen 9] National Dex Ubers\n|rule|HP Percentage Mod: HP is shown in percentages\n|rule|Endless Battle Clause: Forcing endless battles is banned\n|rule|OHKO Clause: OHKO moves are banned\n|rule|Evasion Moves Clause: Evasion moves are banned\n|rule|Evasion Items Clause: Evasion items are banned\n|rule|Species Clause: Limit one of each Pok\u00e9mon\n|rule|Sleep Clause Mod: Limit one foe put to sleep\n|rule|Mega Rayquaza Clause: You cannot mega evolve Rayquaza\n|clearpoke\n|poke|p1|Chien-Pao|\n|poke|p1|Heatran, F|\n|poke|p1|Samurott-Hisui, M|\n|poke|p1|Sableye, M|\n|poke|p1|Greninja-*, M|\n|poke|p1|Meowscarada, F|\n|poke|p2|Iron Valiant|\n|poke|p2|Gholdengo|\n|poke|p2|Sableye, M|\n|poke|p2|Conkeldurr, M|\n|poke|p2|Zapdos|\n|poke|p2|Toxapex, F|\n|teampreview\n|inactive|Battle timer is ON: inactive players will automatically lose when time's up. (requested by Just B3A$T)\n|j| XX_1nfinity_XX\n|c| XX_1nfinity_XX|beat him gin\n|c|\u2606Just B3A$T|Now then\n|c|\u2606Just B3A$T|Let's begin!\n|\n|t:|1698576592\n|start\n|switch|p1a: Meowscarada|Meowscarada, F|100\/100\n|switch|p2a: bolt beak!!!|Zapdos|100\/100\n|turn|1\n|\n|t:|1698576607\n|switch|p1a: Heatran|Heatran, F|100\/100\n|-item|p1a: Heatran|Air Balloon\n|move|p2a: bolt beak!!!|Hurricane|p1a: Heatran|[miss]\n|-miss|p2a: bolt beak!!!|p1a: Heatran\n|\n|upkeep\n|turn|2\n|\n|t:|1698576612\n|move|p2a: bolt beak!!!|Volt Switch|p1a: Heatran\n|-damage|p1a: Heatran|75\/100\n|-enditem|p1a: Heatran|Air Balloon\n|\n|t:|1698576616\n|switch|p2a: pest|Toxapex, F|100\/100|[from] Volt Switch\n|move|p1a: Heatran|Stealth Rock|p2a: pest\n|-sidestart|p2: Just B3A$T|move: Stealth Rock\n|\n|upkeep\n|turn|3\n|\n|t:|1698576639\n|switch|p1a: Sableye|Sableye, M|100\/100\n|move|p2a: pest|Knock Off|p1a: Sableye\n|-damage|p1a: Sableye|88\/100\n|\n|upkeep\n|turn|4\n|\n|t:|1698576646\n|move|p1a: Sableye|Encore|p2a: pest\n|-start|p2a: pest|Encore\n|move|p2a: pest|Knock Off|p1a: Sableye\n|-damage|p1a: Sableye|76\/100\n|\n|upkeep\n|turn|5\n|\n|t:|1698576651\n|switch|p2a: bolt beak!!!|Zapdos|100\/100\n|move|p1a: Sableye|Knock Off|p2a: bolt beak!!!\n|-damage|p2a: bolt beak!!!|76\/100\n|-enditem|p2a: bolt beak!!!|Heavy-Duty Boots|[from] move: Knock Off|[of] p1a: Sableye\n|\n|upkeep\n|turn|6\n|\n|t:|1698576675\n|detailschange|p1a: Sableye|Sableye-Mega, M\n|-mega|p1a: Sableye|Sableye|Sablenite\n|move|p2a: bolt beak!!!|Defog|p1a: Sableye\n|move|p1a: Sableye|Defog|p2a: bolt beak!!!|[from]ability: Magic Bounce\n|-unboost|p2a: bolt beak!!!|evasion|1\n|-sideend|p2: Just B3A$T|Stealth Rock|[from] move: Defog|[of] p1a: Sableye\n|move|p1a: Sableye|Recover|p1a: Sableye\n|-heal|p1a: Sableye|100\/100\n|\n|upkeep\n|turn|7\n|c|\u2606Just B3A$T|me when\n|\n|t:|1698576686\n|move|p2a: bolt beak!!!|Hurricane|p1a: Sableye|[miss]\n|-miss|p2a: bolt beak!!!|p1a: Sableye\n|move|p1a: Sableye|Encore|p2a: bolt beak!!!\n|-start|p2a: bolt beak!!!|Encore\n|\n|upkeep\n|turn|8\n|\n|t:|1698576690\n|switch|p1a: Heatran|Heatran, F|75\/100\n|move|p2a: bolt beak!!!|Hurricane|p1a: Heatran\n|-resisted|p1a: Heatran\n|-crit|p1a: Heatran\n|-damage|p1a: Heatran|47\/100\n|\n|upkeep\n|turn|9\n|c|\u2606Just B3A$T|wtf\n|\n|t:|1698576696\n|switch|p2a: pest|Toxapex, F|100\/100\n|move|p1a: Heatran|Overheat|p2a: pest\n|-resisted|p2a: pest\n|-damage|p2a: pest|69\/100\n|-unboost|p1a: Heatran|spa|2\n|\n|-heal|p2a: pest|75\/100|[from] item: Black Sludge\n|upkeep\n|turn|10\n|\n|t:|1698576701\n|move|p1a: Heatran|Stealth Rock|p2a: pest\n|-sidestart|p2: Just B3A$T|move: Stealth Rock\n|move|p2a: pest|Scald|p1a: Heatran\n|-supereffective|p1a: Heatran\n|-damage|p1a: Heatran|23\/100\n|\n|-heal|p2a: pest|81\/100|[from] item: Black Sludge\n|upkeep\n|turn|11\n|\n|t:|1698576713\n|switch|p1a: Greninja|Greninja, M|100\/100\n|move|p2a: pest|Scald|p1a: Greninja\n|-resisted|p1a: Greninja\n|-damage|p1a: Greninja|89\/100\n|-status|p1a: Greninja|brn\n|\n|-heal|p2a: pest|88\/100|[from] item: Black Sludge\n|-damage|p1a: Greninja|83\/100 brn|[from] brn\n|upkeep\n|turn|12\n|\n|t:|1698576722\n|move|p1a: Greninja|Dark Pulse|p2a: pest\n|-start|p1a: Greninja|typechange|Dark|[from] ability: Protean\n|-damage|p2a: pest|51\/100\n|-damage|p1a: Greninja|73\/100 brn|[from] item: Life Orb\n|move|p2a: pest|Knock Off|p1a: Greninja\n|-resisted|p1a: Greninja\n|-damage|p1a: Greninja|60\/100 brn\n|-enditem|p1a: Greninja|Life Orb|[from] move: Knock Off|[of] p2a: pest\n|\n|-heal|p2a: pest|58\/100|[from] item: Black Sludge\n|-damage|p1a: Greninja|55\/100 brn|[from] brn\n|upkeep\n|turn|13\n|c| XX_1nfinity_XX|gin your team dies to booster energy valiant\n|l|\u2606Ginesect\n|inactive|Ginesect disconnected and has 300 seconds to reconnect!\n|player|p1|\n|c| XX_1nfinity_XX|keep sableye alive\n|c|\u2606Just B3A$T|literally\n|c|\u2606Just B3A$T|it's obvious he has Willo\n|c| XX_1nfinity_XX|true\n|c|\u2606Just B3A$T|which is useless cause my IVal is special\n|inactive|Ginesect has 270 seconds to reconnect!\n|c| XX_1nfinity_XX|lol\n|c| XX_1nfinity_XX|he dead then\n|c|\u2606Just B3A$T|I mean\n|c|\u2606Just B3A$T|he dcd rn\n|inactive|Ginesect has 240 seconds to reconnect!\n|c|\u2606Just B3A$T|does it count as a loss\n|c|\u2606Just B3A$T|if he dcs\n|c|\u2606Just B3A$T|and doesn't come back\n|c| XX_1nfinity_XX|he is losing anyways\n|c|\u2606Just B3A$T|true\n|j|\u2606Ginesect\n|inactive|Ginesect reconnected and has 280 seconds left.\n|player|p1|Ginesect|artist-gen4\n|\n|t:|1698576824\n|move|p1a: Greninja|Dark Pulse|p2a: pest\n|-damage|p2a: pest|28\/100\n|move|p2a: pest|Recover|p2a: pest\n|-heal|p2a: pest|78\/100\n|\n|-heal|p2a: pest|84\/100|[from] item: Black Sludge\n|-damage|p1a: Greninja|49\/100 brn|[from] brn\n|upkeep\n|turn|14\n|\n|t:|1698576840\n|switch|p1a: Sableye|Sableye-Mega, M|100\/100\n|move|p2a: pest|Recover|p2a: pest\n|-heal|p2a: pest|100\/100\n|\n|upkeep\n|turn|15\n|\n|t:|1698576845\n|switch|p2a: bolt beak!!!|Zapdos|76\/100\n|-damage|p2a: bolt beak!!!|51\/100|[from] Stealth Rock\n|move|p1a: Sableye|Encore||[still]\n|-fail|p1a: Sableye\n|\n|upkeep\n|turn|16\n|\n|t:|1698576852\n|move|p2a: bolt beak!!!|Defog|p1a: Sableye\n|move|p1a: Sableye|Defog|p2a: bolt beak!!!|[from]ability: Magic Bounce\n|-unboost|p2a: bolt beak!!!|evasion|1\n|-sideend|p2: Just B3A$T|Stealth Rock|[from] move: Defog|[of] p1a: Sableye\n|move|p1a: Sableye|Encore|p2a: bolt beak!!!\n|-start|p2a: bolt beak!!!|Encore\n|\n|upkeep\n|turn|17\n|\n|t:|1698576859\n|switch|p2a: Fear|Sableye, M|100\/100\n|move|p1a: Sableye|Will-O-Wisp|p2a: Fear\n|-status|p2a: Fear|brn\n|\n|-damage|p2a: Fear|95\/100 brn|[from] brn\n|upkeep\n|turn|18\n|\n|t:|1698576869\n|detailschange|p2a: Fear|Sableye-Mega, M\n|-mega|p2a: Fear|Sableye|Sablenite\n|move|p1a: Sableye|Knock Off|p2a: Fear\n|-damage|p2a: Fear|76\/100 brn\n|move|p2a: Fear|Hex|p1a: Sableye\n|-damage|p1a: Sableye|82\/100\n|\n|-damage|p2a: Fear|70\/100 brn|[from] brn\n|upkeep\n|turn|19\n|c|\u2606Ginesect|wf\n|c|\u2606Ginesect|Wtf\n|c|\u2606Ginesect|Lmao\n|\n|t:|1698576881\n|switch|p1a: Meowscarada|Meowscarada, F|100\/100\n|move|p2a: Fear|Knock Off|p1a: Meowscarada\n|-resisted|p1a: Meowscarada\n|-damage|p1a: Meowscarada|89\/100\n|-enditem|p1a: Meowscarada|Life Orb|[from] move: Knock Off|[of] p2a: Fear\n|\n|-damage|p2a: Fear|65\/100 brn|[from] brn\n|upkeep\n|turn|20\n|\n|t:|1698576885\n|move|p1a: Meowscarada|Play Rough|p2a: Fear\n|-start|p1a: Meowscarada|typechange|Fairy|[from] ability: Protean\n|-supereffective|p2a: Fear\n|-damage|p2a: Fear|0 fnt\n|faint|p2a: Fear\n|\n|upkeep\n|c|\u2606Just B3A$T|a worthy sacrifice\n|c|\u2606Just B3A$T|ig\n|\n|t:|1698576900\n|switch|p2a: bolt beak!!!|Zapdos|51\/100\n|turn|21\n|c| XX_1nfinity_XX|nota good move\n|\n|t:|1698576912\n|switch|p1a: Greninja|Greninja, M|49\/100 brn\n|move|p2a: bolt beak!!!|Volt Switch|p1a: Greninja\n|-supereffective|p1a: Greninja\n|-damage|p1a: Greninja|0 fnt\n|faint|p1a: Greninja\n|\n|t:|1698576918\n|switch|p2a: pest|Toxapex, F|100\/100|[from] Volt Switch\n|\n|upkeep\n|c|\u2606Ginesect|uhhh\n|c|\u2606Ginesect|I thought bro would roost\n|c|\u2606Just B3A$T|epic\n|c| XX_1nfinity_XX|even worse move from gin\n|c|\u2606Just B3A$T|i don't have Roost\n|c|\u2606Just B3A$T|or do I?\n|c| XX_1nfinity_XX|if you dont you got some serious skill issue\n|inactive|Ginesect has 270 seconds left.\n|\n|t:|1698576964\n|switch|p1a: Chien-Pao|Chien-Pao|100\/100\n|-ability|p1a: Chien-Pao|Sword of Ruin\n|turn|22\n|c|\u2606Just B3A$T|just different\n|\n|t:|1698576968\n|-terastallize|p1a: Chien-Pao|Dark\n|move|p1a: Chien-Pao|Crunch|p2a: pest\n|-damage|p2a: pest|41\/100\n|move|p2a: pest|Scald|p1a: Chien-Pao\n|-damage|p1a: Chien-Pao|77\/100\n|\n|-heal|p2a: pest|47\/100|[from] item: Black Sludge\n|upkeep\n|turn|23\n|\n|t:|1698576973\n|-terastallize|p2a: pest|Dark\n|move|p1a: Chien-Pao|Crunch|p2a: pest\n|-resisted|p2a: pest\n|-damage|p2a: pest|15\/100\n|-unboost|p2a: pest|def|1\n|move|p2a: pest|Recover|p2a: pest\n|-heal|p2a: pest|65\/100\n|\n|-damage|p2a: pest|52\/100|[from] item: Black Sludge\n|upkeep\n|turn|24\n|c|\u2606Ginesect|Sheer force\n|c|\u2606Just B3A$T|fuck\n|\n|t:|1698576981\n|move|p1a: Chien-Pao|Crunch|p2a: pest\n|-resisted|p2a: pest\n|-damage|p2a: pest|6\/100\n|move|p2a: pest|Recover|p2a: pest\n|-heal|p2a: pest|56\/100\n|\n|-damage|p2a: pest|44\/100|[from] item: Black Sludge\n|upkeep\n|turn|25\n|c|\u2606Just B3A$T|yo\n|c| XX_1nfinity_XX|lmao\n|c| XX_1nfinity_XX|black sludge\n|\n|t:|1698576996\n|switch|p2a: Test Your Might!|Conkeldurr, M|100\/100\n|move|p1a: Chien-Pao|Crunch|p2a: Test Your Might!\n|-resisted|p2a: Test Your Might!\n|-damage|p2a: Test Your Might!|56\/100\n|\n|upkeep\n|turn|26\n|c|\u2606Just B3A$T|same as Lefties\n|\n|t:|1698577003\n|switch|p1a: Sableye|Sableye-Mega, M|82\/100\n|move|p2a: Test Your Might!|Mach Punch|p1a: Sableye\n|-immune|p1a: Sableye\n|\n|upkeep\n|turn|27\n|c| XX_1nfinity_XX|really?\n|\n|t:|1698577006\n|switch|p2a: pest|Toxapex, F, tera:Dark|77\/100\n|move|p1a: Sableye|Will-O-Wisp|p2a: pest\n|-status|p2a: pest|brn\n|\n|-damage|p2a: pest|64\/100 brn|[from] item: Black Sludge\n|-damage|p2a: pest|58\/100 brn|[from] brn\n|upkeep\n|turn|28\n|c|\u2606Just B3A$T|ye\n|c| XX_1nfinity_XX|sheer force\n|c|\u2606Just B3A$T|just Poison type\n|c| XX_1nfinity_XX|fr beast\n|c|\u2606Just B3A$T|!dt Black Sludge\n|raw|<ul class=\"utilichart\"><li class=\"result\"><span class=\"col itemiconcol\"><psicon item=\"blacksludge\"><\/span> <span class=\"col namecol\"><a href=\"https:\/\/dex.pokemonshowdown.com\/items\/blacksludge\">Black Sludge<\/a><\/span> <span class=\"col itemdesccol\">Each turn, if holder is a Poison type, restores 1\/16 max HP; loses 1\/8 if not.<\/span> <\/li><li style=\"clear:both\"><\/li><\/ul>\n|raw|<font size=\"1\"><font color=\"#686868\">Gen:<\/font> 4&nbsp;|&ThickSpace;<font color=\"#686868\">Fling Base Power:<\/font> 30<\/font>\n\n|c| XX_1nfinity_XX|ik\n|c|\u2606Just B3A$T|!dt Leftoves\nNo Pok\u00e9mon, item, move, ability or nature named 'Leftoves' was found. Showing the data of 'Leftovers' instead.\n|raw|<ul class=\"utilichart\"><li class=\"result\"><span class=\"col itemiconcol\"><psicon item=\"leftovers\"><\/span> <span class=\"col namecol\"><a href=\"https:\/\/dex.pokemonshowdown.com\/items\/leftovers\">Leftovers<\/a><\/span> <span class=\"col itemdesccol\">At the end of every turn, holder restores 1\/16 of its max HP.<\/span> <\/li><li style=\"clear:both\"><\/li><\/ul>\n|raw|<font size=\"1\"><font color=\"#686868\">Gen:<\/font> 2&nbsp;|&ThickSpace;<font color=\"#686868\">Fling Base Power:<\/font> 10<\/font>\n\n|c|\u2606Just B3A$T|bruh\n|\n|t:|1698577031\n|move|p2a: pest|Scald|p1a: Sableye\n|-damage|p1a: Sableye|70\/100\n|move|p1a: Sableye|Knock Off|p2a: pest\n|-resisted|p2a: pest\n|-damage|p2a: pest|50\/100 brn\n|-enditem|p2a: pest|Black Sludge|[from] move: Knock Off|[of] p1a: Sableye\n|\n|-damage|p2a: pest|44\/100 brn|[from] brn\n|upkeep\n|turn|29\n|\n|t:|1698577038\n|move|p2a: pest|Scald|p1a: Sableye\n|-damage|p1a: Sableye|56\/100\n|move|p1a: Sableye|Encore|p2a: pest\n|-start|p2a: pest|Encore\n|\n|-damage|p2a: pest|38\/100 brn|[from] brn\n|upkeep\n|turn|30\n|\n|t:|1698577042\n|move|p2a: pest|Scald|p1a: Sableye\n|-damage|p1a: Sableye|44\/100\n|move|p1a: Sableye|Recover|p1a: Sableye\n|-heal|p1a: Sableye|94\/100\n|\n|-damage|p2a: pest|31\/100 brn|[from] brn\n|upkeep\n|turn|31\n|\n|t:|1698577044\n|move|p2a: pest|Scald|p1a: Sableye\n|-damage|p1a: Sableye|80\/100\n|move|p1a: Sableye|Knock Off|p2a: pest\n|-resisted|p2a: pest\n|-damage|p2a: pest|25\/100 brn\n|\n|-damage|p2a: pest|19\/100 brn|[from] brn\n|upkeep\n|turn|32\n|c| XX_1nfinity_XX|if you are not using tera poison there is no reason for black sludge\n|\n|t:|1698577049\n|switch|p2a: bolt beak!!!|Zapdos|51\/100\n|move|p1a: Sableye|Knock Off|p2a: bolt beak!!!\n|-damage|p2a: bolt beak!!!|30\/100\n|-status|p1a: Sableye|par|[from] ability: Static|[of] p2a: bolt beak!!!\n|\n|upkeep\n|turn|33\n|c|\u2606Ginesect|Ayooo\n|\n|t:|1698577060\n|move|p2a: bolt beak!!!|Hurricane|p1a: Sableye\n|-damage|p1a: Sableye|35\/100 par\n|move|p1a: Sableye|Recover|p1a: Sableye\n|-heal|p1a: Sableye|85\/100 par\n|\n|upkeep\n|turn|34\n|\n|t:|1698577070\n|move|p2a: bolt beak!!!|Hurricane|p1a: Sableye\n|-damage|p1a: Sableye|42\/100 par\n|cant|p1a: Sableye|par\n|\n|upkeep\n|turn|35\n|c|\u2606Just B3A$T|based\n|c| XX_1nfinity_XX|beast just go valiant and sweep\n|c|\u2606Just B3A$T|not yet\n|c| XX_1nfinity_XX|-_-\n|c| XX_1nfinity_XX|why?\n|\n|t:|1698577092\n|switch|p1a: Samurott|Samurott-Hisui, M|100\/100\n|move|p2a: bolt beak!!!|Hurricane|p1a: Samurott\n|-damage|p1a: Samurott|22\/100\n|\n|upkeep\n|turn|36\n|\n|t:|1698577100\n|switch|p2a: pest|Toxapex, F, tera:Dark|52\/100 brn\n|move|p1a: Samurott|Aqua Cutter|p2a: pest\n|-damage|p2a: pest|24\/100 brn\n|\n|-damage|p2a: pest|17\/100 brn|[from] brn\n|upkeep\n|turn|37\n|c| XX_1nfinity_XX|ahh could be sashed\n|c|\u2606Just B3A$T|I don't feel like it\n|\n|t:|1698577111\n|move|p1a: Samurott|Aqua Cutter|p2a: pest\n|-damage|p2a: pest|0 fnt\n|faint|p2a: pest\n|\n|upkeep\n|\n|t:|1698577113\n|switch|p2a: Test Your Might!|Conkeldurr, M|56\/100\n|turn|38\n|c| XX_1nfinity_XX|just do it dude\n|\n|t:|1698577118\n|switch|p1a: Sableye|Sableye-Mega, M|42\/100 par\n|move|p2a: Test Your Might!|Thunder Punch|p1a: Sableye\n|-damage|p1a: Sableye|12\/100 par\n|\n|upkeep\n|turn|39\n|\n|t:|1698577125\n|switch|p2a: bolt beak!!!|Zapdos|30\/100\n|switch|p1a: Meowscarada|Meowscarada, F|89\/100\n|\n|upkeep\n|turn|40\n|\n|t:|1698577131\n|move|p1a: Meowscarada|Play Rough|p2a: bolt beak!!!\n|-start|p1a: Meowscarada|typechange|Fairy|[from] ability: Protean\n|-damage|p2a: bolt beak!!!|0 fnt\n|-status|p1a: Meowscarada|par|[from] ability: Static|[of] p2a: bolt beak!!!\n|faint|p2a: bolt beak!!!\n|\n|upkeep\n|\n|t:|1698577134\n|switch|p2a: Test Your Might!|Conkeldurr, M|56\/100\n|turn|41\n|c|\u2606Ginesect|Worth it\n|\n|t:|1698577140\n|move|p1a: Meowscarada|Play Rough|p2a: Test Your Might!\n|-supereffective|p2a: Test Your Might!\n|-damage|p2a: Test Your Might!|0 fnt\n|faint|p2a: Test Your Might!\n|\n|upkeep\n|c| XX_1nfinity_XX|bru fr?\n|c|\u2606Just B3A$T|dang\n|c|\u2606Ginesect|lmaooo\n|\n|t:|1698577148\n|switch|p2a: Profit!|Gholdengo|100\/100\n|-item|p2a: Profit!|Air Balloon\n|turn|42\n|\n|t:|1698577158\n|switch|p1a: Samurott|Samurott-Hisui, M|22\/100\n|move|p2a: Profit!|Make It Rain|p1a: Samurott\n|-resisted|p1a: Samurott\n|-damage|p1a: Samurott|0 fnt\n|-unboost|p2a: Profit!|spa|1\n|faint|p1a: Samurott\n|\n|upkeep\n|\n|t:|1698577169\n|switch|p1a: Meowscarada|Meowscarada, F|89\/100 par\n|turn|43\n|\n|t:|1698577174\n|move|p2a: Profit!|Make It Rain|p1a: Meowscarada\n|-damage|p1a: Meowscarada|12\/100 par\n|-unboost|p2a: Profit!|spa|1\n|move|p1a: Meowscarada|Knock Off|p2a: Profit!\n|-start|p1a: Meowscarada|typechange|Dark|[from] ability: Protean\n|-supereffective|p2a: Profit!\n|-damage|p2a: Profit!|18\/100\n|-enditem|p2a: Profit!|Air Balloon\n|\n|upkeep\n|turn|44\n|\n|t:|1698577201\n|switch|p1a: Heatran|Heatran, F|23\/100\n|move|p2a: Profit!|Recover|p2a: Profit!\n|-heal|p2a: Profit!|68\/100\n|\n|upkeep\n|turn|45\n|\n|t:|1698577206\n|move|p2a: Profit!|Shadow Ball|p1a: Heatran\n|-damage|p1a: Heatran|5\/100\n|move|p1a: Heatran|Overheat|p2a: Profit!|[miss]\n|-miss|p1a: Heatran|p2a: Profit!\n|\n|upkeep\n|turn|46\n|c|\u2606Just B3A$T|bro\n|c|\u2606Ginesect|noooo\n|c|\u2606Ginesect|Nooooo\n|c|\u2606Just B3A$T|lmao\n|c|\u2606Ginesect|Fuckkk\n|c| XX_1nfinity_XX|danm if you throw this battle beast you have skill issue\n|c|\u2606Just B3A$T|it may happen\n|c| XX_1nfinity_XX|just let gholdengo die\n|c|\u2606Ginesect|Fuck no man\n|c| XX_1nfinity_XX|and switch to valiant\n|\n|t:|1698577236\n|move|p2a: Profit!|Shadow Ball|p1a: Heatran\n|-damage|p1a: Heatran|0 fnt\n|faint|p1a: Heatran\n|\n|upkeep\n|c|\u2606Ginesect|Aight it's time\n|inactive|Ginesect has 270 seconds left.\n|c|\u2606Ginesect|For the sweep\n|\n|t:|1698577251\n|switch|p1a: Chien-Pao|Chien-Pao, tera:Dark|77\/100\n|-ability|p1a: Chien-Pao|Sword of Ruin\n|turn|47\n|inactive|Ginesect has 270 seconds left.\n|\n|t:|1698577257\n|move|p1a: Chien-Pao|Crunch|p2a: Profit!\n|-supereffective|p2a: Profit!\n|-damage|p2a: Profit!|0 fnt\n|faint|p2a: Profit!\n|\n|upkeep\n|\n|t:|1698577259\n|switch|p2a: Iron Pride Icon|Iron Valiant, shiny|100\/100\n|-enditem|p2a: Iron Pride Icon|Booster Energy\n|-activate|p2a: Iron Pride Icon|ability: Quark Drive|[fromitem]\n|-start|p2a: Iron Pride Icon|quarkdrivespe\n|turn|48\n|c| XX_1nfinity_XX|scarfed pao\n|c|\u2606Ginesect|Yeah\n|c| XX_1nfinity_XX|?\n|c|\u2606Ginesect|I know it\n|c|\u2606Ginesect|I know it\n|c|\u2606Ginesect|Booster energy\n|c|\u2606Ginesect|fuck\n|c|\u2606Ginesect|gg\n|inactive|Ginesect has 270 seconds left.\n|\n|t:|1698577277\n|switch|p1a: Sableye|Sableye-Mega, M|12\/100 par\n|move|p2a: Iron Pride Icon|Spirit Break|p1a: Sableye\n|-supereffective|p1a: Sableye\n|-damage|p1a: Sableye|0 fnt\n|faint|p1a: Sableye\n|\n|upkeep\n|\n|t:|1698577279\n|switch|p1a: Meowscarada|Meowscarada, F|12\/100 par\n|turn|49\n|\n|t:|1698577283\n|move|p2a: Iron Pride Icon|Spirit Break|p1a: Meowscarada\n|-supereffective|p1a: Meowscarada\n|-damage|p1a: Meowscarada|0 fnt\n|faint|p1a: Meowscarada\n|\n|upkeep\n|c|\u2606Just B3A$T|gg\n|\n|t:|1698577284\n|switch|p1a: Chien-Pao|Chien-Pao, tera:Dark|77\/100\n|-ability|p1a: Chien-Pao|Sword of Ruin\n|turn|50\n|c|\u2606Ginesect|gg\n|\n|t:|1698577293\n|move|p2a: Iron Pride Icon|Close Combat|p1a: Chien-Pao\n|-supereffective|p1a: Chien-Pao\n|-damage|p1a: Chien-Pao|0 fnt\n|-unboost|p2a: Iron Pride Icon|def|1\n|-unboost|p2a: Iron Pride Icon|spd|1\n|faint|p1a: Chien-Pao\n|\n|win|Just B3A$T\n|c|\u2606Just B3A$T|see?\n|c|\u2606Ginesect|This team sucks\n|c|\u2606Just B3A$T|it would've been over real soob\n|c|\u2606Just B3A$T|*soon\n|c| XX_1nfinity_XX|beast could have won earlier if he did this like 20 turns before\n|c|\u2606Ginesect|I need to rebuild\n|l|\u2606Ginesect\n|l| XX_1nfinity_XX\n|c|\u2606Just B3A$T|I wanted to savor the team\n","uploadtime":1698577338,"views":15,"p1id":"ginesect","p2id":"justb3at","formatid":"gen9nationaldexubers","rating":0,"private":0,"password":""}