{"id":"gen9nationaldexubers-1991692951","p1":"Bow tie monkey","p2":"eliman423","format":"[Gen 9] National Dex Ubers","log":"|j|\u2606Bow tie monkey\n|j|\u2606eliman423\n|t:|1700103368\n|gametype|singles\n|player|p1|Bow tie monkey|fisherman-gen4|\n|player|p2|eliman423|169|\n|teamsize|p1|6\n|teamsize|p2|6\n|gen|9\n|tier|[Gen 9] National Dex Ubers\n|rule|HP Percentage Mod: HP is shown in percentages\n|rule|Endless Battle Clause: Forcing endless battles is banned\n|rule|OHKO Clause: OHKO moves are banned\n|rule|Evasion Moves Clause: Evasion moves are banned\n|rule|Evasion Items Clause: Evasion items are banned\n|rule|Species Clause: Limit one of each Pok\u00e9mon\n|rule|Sleep Clause Mod: Limit one foe put to sleep\n|rule|Mega Rayquaza Clause: You cannot mega evolve Rayquaza\n|clearpoke\n|poke|p1|Deoxys-Attack|\n|poke|p1|Zoroark-Hisui, M|\n|poke|p1|Dragapult, M|\n|poke|p1|Flutter Mane|\n|poke|p1|Grimmsnarl, M|\n|poke|p1|Pawmot, M|\n|poke|p2|Naganadel|\n|poke|p2|Melmetal|\n|poke|p2|Charizard, M|\n|poke|p2|Lucario, M|\n|poke|p2|Gliscor, F|\n|poke|p2|Kyogre|\n|teampreview\n|\n|t:|1700103379\n|start\n|switch|p1a: Grimmsnarl|Grimmsnarl, M|100\/100\n|switch|p2a: Charizard|Charizard, M|100\/100\n|turn|1\n|\n|t:|1700103388\n|detailschange|p2a: Charizard|Charizard-Mega-X, M\n|-mega|p2a: Charizard|Charizard|Charizardite X\n|move|p1a: Grimmsnarl|Reflect|p1a: Grimmsnarl\n|-sidestart|p1: Bow tie monkey|Reflect\n|move|p2a: Charizard|Flare Blitz|p1a: Grimmsnarl\n|-damage|p1a: Grimmsnarl|56\/100\n|-damage|p2a: Charizard|83\/100|[from] Recoil\n|\n|upkeep\n|turn|2\n|\n|t:|1700103396\n|move|p1a: Grimmsnarl|Light Screen|p1a: Grimmsnarl\n|-sidestart|p1: Bow tie monkey|move: Light Screen\n|move|p2a: Charizard|Flare Blitz|p1a: Grimmsnarl\n|-damage|p1a: Grimmsnarl|6\/100\n|-damage|p2a: Charizard|64\/100|[from] Recoil\n|\n|upkeep\n|turn|3\n|\n|t:|1700103404\n|move|p2a: Charizard|Thunder Punch|p1a: Grimmsnarl\n|-crit|p1a: Grimmsnarl\n|-damage|p1a: Grimmsnarl|0 fnt\n|faint|p1a: Grimmsnarl\n|\n|upkeep\n|\n|t:|1700103409\n|switch|p1a: Flutter Mane|Flutter Mane|100\/100\n|-enditem|p1a: Flutter Mane|Booster Energy\n|-activate|p1a: Flutter Mane|ability: Protosynthesis|[fromitem]\n|-start|p1a: Flutter Mane|protosynthesisspe\n|turn|4\n|\n|t:|1700103426\n|switch|p2a: Lucario|Lucario, M|100\/100\n|move|p1a: Flutter Mane|Power Gem|p2a: Lucario\n|-resisted|p2a: Lucario\n|-damage|p2a: Lucario|90\/100\n|\n|upkeep\n|turn|5\n|\n|t:|1700103451\n|-end|p1a: Flutter Mane|Protosynthesis|[silent]\n|switch|p1a: Flutter Mane|Flutter Mane|100\/100\n|move|p2a: Lucario|Earthquake|p1a: Flutter Mane\n|-damage|p1a: Flutter Mane|69\/100\n|replace|p1a: Zoroark|Zoroark-Hisui, M\n|-end|p1a: Zoroark|Illusion\n|\n|upkeep\n|turn|6\n|\n|t:|1700103461\n|move|p1a: Zoroark|Poltergeist|p2a: Lucario|[miss]\n|-miss|p1a: Zoroark|p2a: Lucario\n|move|p2a: Lucario|Earthquake|p1a: Zoroark\n|-damage|p1a: Zoroark|40\/100\n|\n|upkeep\n|turn|7\n|\n|t:|1700103468\n|move|p1a: Zoroark|Poltergeist|p2a: Lucario\n|-activate|p2a: Lucario|move: Poltergeist|Lucarionite\n|-crit|p2a: Lucario\n|-damage|p2a: Lucario|9\/100\n|move|p2a: Lucario|Earthquake|p1a: Zoroark\n|-damage|p1a: Zoroark|12\/100\n|\n|upkeep\n|turn|8\n|\n|t:|1700103480\n|move|p1a: Zoroark|Shadow Sneak|p2a: Lucario\n|-damage|p2a: Lucario|0 fnt\n|faint|p2a: Lucario\n|\n|-sideend|p1: Bow tie monkey|Reflect\n|upkeep\n|\n|t:|1700103490\n|switch|p2a: Gliscor|Gliscor, F|100\/100\n|turn|9\n|\n|t:|1700103504\n|move|p1a: Zoroark|Poltergeist|p2a: Gliscor\n|-activate|p2a: Gliscor|move: Poltergeist|Toxic Orb\n|-damage|p2a: Gliscor|64\/100\n|move|p2a: Gliscor|Earthquake|p1a: Zoroark\n|-damage|p1a: Zoroark|0 fnt\n|faint|p1a: Zoroark\n|\n|-sideend|p1: Bow tie monkey|move: Light Screen\n|-status|p2a: Gliscor|tox|[from] item: Toxic Orb\n|upkeep\n|\n|t:|1700103521\n|switch|p1a: Deoxys|Deoxys-Attack|100\/100\n|-ability|p1a: Deoxys|Pressure\n|turn|10\n|\n|t:|1700103561\n|-terastallize|p1a: Deoxys|Normal\n|move|p1a: Deoxys|Extreme Speed|p2a: Gliscor\n|-damage|p2a: Gliscor|0 fnt\n|faint|p2a: Gliscor\n|\n|upkeep\n|\n|t:|1700103574\n|switch|p2a: Melmetal|Melmetal|100\/100\n|turn|11\n|\n|t:|1700103585\n|move|p1a: Deoxys|Extreme Speed|p2a: Melmetal\n|-resisted|p2a: Melmetal\n|-damage|p2a: Melmetal|79\/100\n|-zpower|p2a: Melmetal\n|move|p2a: Melmetal|Corkscrew Crash|p1a: Deoxys|[zeffect]\n|-damage|p1a: Deoxys|0 fnt\n|faint|p1a: Deoxys\n|\n|upkeep\n|\n|t:|1700103604\n|switch|p1a: Pawmot|Pawmot, M|100\/100\n|turn|12\n|\n|t:|1700103609\n|move|p1a: Pawmot|Revival Blessing|p1a: Pawmot\n|\n|t:|1700103612\n|-heal|p1: Zoroark|50\/100|[from] move: Revival Blessing\n|move|p2a: Melmetal|Earthquake|p1a: Pawmot\n|-supereffective|p1a: Pawmot\n|-enditem|p1a: Pawmot|Focus Sash\n|-damage|p1a: Pawmot|1\/100\n|\n|upkeep\n|turn|13\n|\n|t:|1700103622\n|move|p1a: Pawmot|Double Shock|p2a: Melmetal\n|-damage|p2a: Melmetal|53\/100\n|-start|p1a: Pawmot|typechange|???\/Fighting|[from] move: Double Shock\n|move|p2a: Melmetal|Double Iron Bash|p1a: Pawmot\n|-damage|p1a: Pawmot|0 fnt\n|faint|p1a: Pawmot\n|-hitcount|p1: Pawmot|1\n|\n|upkeep\n|\n|t:|1700103630\n|switch|p1a: Flutter Mane|Flutter Mane|50\/100\n|turn|14\n|\n|t:|1700103636\n|move|p1a: Flutter Mane|Brick Break|p2a: Melmetal\n|-supereffective|p2a: Melmetal\n|-damage|p2a: Melmetal|31\/100\n|move|p2a: Melmetal|Double Iron Bash|p1a: Flutter Mane\n|-crit|p1a: Flutter Mane\n|-damage|p1a: Flutter Mane|0 fnt\n|replace|p1a: Zoroark|Zoroark-Hisui, M\n|-end|p1a: Zoroark|Illusion\n|faint|p1a: Zoroark\n|-hitcount|p1: Zoroark|1\n|\n|upkeep\n|\n|t:|1700103645\n|switch|p1a: Flutter Mane|Flutter Mane|100\/100\n|turn|15\n|\n|t:|1700103649\n|move|p1a: Flutter Mane|Shadow Ball|p2a: Melmetal\n|-damage|p2a: Melmetal|0 fnt\n|faint|p2a: Melmetal\n|\n|upkeep\n|\n|t:|1700103657\n|switch|p2a: Kyogre|Kyogre|100\/100\n|detailschange|p2a: Kyogre|Kyogre-Primal\n|-primal|p2a: Kyogre|Blue Orb\n|-weather|PrimordialSea|[from] ability: Primordial Sea|[of] p2a: Kyogre\n|turn|16\n|\n|t:|1700103671\n|move|p1a: Flutter Mane|Moonblast|p2a: Kyogre\n|-damage|p2a: Kyogre|68\/100\n|-unboost|p2a: Kyogre|spa|1\n|move|p2a: Kyogre|Water Spout|p1a: Flutter Mane\n|-damage|p1a: Flutter Mane|43\/100\n|\n|-weather|PrimordialSea|[upkeep]\n|upkeep\n|turn|17\n|\n|t:|1700103683\n|move|p1a: Flutter Mane|Moonblast|p2a: Kyogre\n|-damage|p2a: Kyogre|37\/100\n|-unboost|p2a: Kyogre|spa|1\n|move|p2a: Kyogre|Water Spout|p1a: Flutter Mane\n|-damage|p1a: Flutter Mane|18\/100\n|\n|-weather|PrimordialSea|[upkeep]\n|upkeep\n|turn|18\n|\n|t:|1700103690\n|move|p1a: Flutter Mane|Moonblast|p2a: Kyogre\n|-damage|p2a: Kyogre|7\/100\n|move|p2a: Kyogre|Water Spout|p1a: Flutter Mane\n|-damage|p1a: Flutter Mane|12\/100\n|\n|-weather|PrimordialSea|[upkeep]\n|upkeep\n|turn|19\n|\n|t:|1700103698\n|move|p1a: Flutter Mane|Moonblast|p2a: Kyogre\n|-damage|p2a: Kyogre|0 fnt\n|faint|p2a: Kyogre\n|-weather|none\n|\n|upkeep\n|\n|t:|1700103705\n|switch|p2a: Naganadel|Naganadel|100\/100\n|turn|20\n|\n|t:|1700103708\n|move|p1a: Flutter Mane|Moonblast|p2a: Naganadel\n|-damage|p2a: Naganadel|29\/100\n|move|p2a: Naganadel|Poison Jab|p1a: Flutter Mane\n|-damage|p1a: Flutter Mane|0 fnt\n|faint|p1a: Flutter Mane\n|-end|p1a: Flutter Mane|Protosynthesis|[silent]\n|-ability|p2a: Naganadel|Beast Boost|boost\n|-boost|p2a: Naganadel|spe|1\n|\n|-heal|p2a: Naganadel|36\/100|[from] item: Leftovers\n|upkeep\n|\n|t:|1700103717\n|switch|p1a: Dragapult|Dragapult, M|100\/100\n|turn|21\n|\n|t:|1700103723\n|move|p1a: Dragapult|Sucker Punch|p2a: Naganadel\n|-damage|p2a: Naganadel|8\/100\n|move|p2a: Naganadel|Dragon Pulse|p1a: Dragapult\n|-supereffective|p1a: Dragapult\n|-damage|p1a: Dragapult|30\/100\n|\n|-heal|p2a: Naganadel|14\/100|[from] item: Leftovers\n|upkeep\n|turn|22\n|\n|t:|1700103736\n|move|p1a: Dragapult|Sucker Punch|p2a: Naganadel\n|-damage|p2a: Naganadel|0 fnt\n|faint|p2a: Naganadel\n|\n|upkeep\n|\n|t:|1700103740\n|switch|p2a: Charizard|Charizard-Mega-X, M|64\/100\n|turn|23\n|\n|t:|1700103751\n|move|p1a: Dragapult|Dragon Darts|p2a: Charizard\n|-supereffective|p2a: Charizard\n|-damage|p2a: Charizard|22\/100\n|-anim|p1a: Dragapult|Dragon Darts|p2a: Charizard\n|-supereffective|p2a: Charizard\n|-damage|p2a: Charizard|0 fnt\n|faint|p2a: Charizard\n|\n|win|Bow tie monkey\n","uploadtime":1700103761,"views":7,"p1id":"bowtiemonkey","p2id":"eliman423","formatid":"gen9nationaldexubers","rating":0,"private":0,"password":""}