{"id":"gen9nationaldexubers-1990160530","p1":"Smoke2117YT","p2":"Rider072","format":"[Gen 9] National Dex Ubers","log":"|j|\u2606Smoke2117YT\n|j|\u2606Rider072\n|t:|1699931249\n|gametype|singles\n|player|p1|Smoke2117YT|n|1185\n|player|p2|Rider072|hilbert-wonderlauncher|1182\n|teamsize|p1|6\n|teamsize|p2|6\n|gen|9\n|tier|[Gen 9] National Dex Ubers\n|rated|\n|rule|HP Percentage Mod: HP is shown in percentages\n|rule|Endless Battle Clause: Forcing endless battles is banned\n|rule|OHKO Clause: OHKO moves are banned\n|rule|Evasion Moves Clause: Evasion moves are banned\n|rule|Evasion Items Clause: Evasion items are banned\n|rule|Species Clause: Limit one of each Pok\u00e9mon\n|rule|Sleep Clause Mod: Limit one foe put to sleep\n|rule|Mega Rayquaza Clause: You cannot mega evolve Rayquaza\n|clearpoke\n|poke|p1|Darmanitan-Galar, M|\n|poke|p1|Kingambit, M|\n|poke|p1|Dracovish|\n|poke|p1|Alakazam, M|\n|poke|p1|Roserade, F|\n|poke|p1|Drifblim, F|\n|poke|p2|Scizor, M|\n|poke|p2|Politoed, M|\n|poke|p2|Regieleki|\n|poke|p2|Piloswine, M|\n|poke|p2|Falinks|\n|poke|p2|Drednaw, F|\n|teampreview\n|inactive|Battle timer is ON: inactive players will automatically lose when time's up. (requested by Smoke2117YT)\n|j| Richdude29\n|c|\u2606Smoke2117YT|glhf\n|\n|t:|1699931274\n|start\n|switch|p1a: Fishbite|Dracovish|100\/100\n|switch|p2a: Carrer\u00edn|Regieleki|100\/100\n|-item|p2a: Carrer\u00edn|Air Balloon\n|turn|1\n|c| Richdude29|Hi\n|c|\u2606Smoke2117YT|Hiya\n|c|\u2606Rider072|Hi!\n|inactive|Rider072 has 120 seconds left.\n|c|\u2606Rider072|God, Dracovish is such a good poke\n|\n|t:|1699931310\n|switch|p1a: Rosethorn|Roserade, F|100\/100\n|move|p2a: Carrer\u00edn|Reflect|p2a: Carrer\u00edn\n|-sidestart|p2: Rider072|Reflect\n|\n|upkeep\n|turn|2\n|inactive|Rider072 has 120 seconds left.\n|inactive|Smoke2117YT has 120 seconds left.\n|c|\u2606Smoke2117YT|Very hard to manage\n|\n|t:|1699931346\n|move|p2a: Carrer\u00edn|Light Screen|p2a: Carrer\u00edn\n|-sidestart|p2: Rider072|move: Light Screen\n|move|p1a: Rosethorn|Sludge Bomb|p2a: Carrer\u00edn\n|-damage|p2a: Carrer\u00edn|66\/100\n|-status|p2a: Carrer\u00edn|psn\n|-enditem|p2a: Carrer\u00edn|Air Balloon\n|\n|-damage|p2a: Carrer\u00edn|53\/100 psn|[from] psn\n|upkeep\n|turn|3\n|inactive|Smoke2117YT has 120 seconds left.\n|inactive|Rider072 has 120 seconds left.\n|\n|t:|1699931355\n|move|p2a: Carrer\u00edn|Volt Switch|p1a: Rosethorn\n|-resisted|p1a: Rosethorn\n|-damage|p1a: Rosethorn|82\/100\n|inactive|Rider072 has 120 seconds left.\n|c| Richdude29|I have no input on any of this because I hardly play competitive anymore\n|\n|t:|1699931362\n|switch|p2a: Bichazo|Scizor, M|100\/100|[from] Volt Switch\n|move|p1a: Rosethorn|Sludge Bomb|p2a: Bichazo\n|-immune|p2a: Bichazo\n|\n|-heal|p1a: Rosethorn|88\/100|[from] item: Leftovers\n|upkeep\n|turn|4\n|c| Richdude29|:skull:\n|inactive|Smoke2117YT has 120 seconds left.\n|c|\u2606Smoke2117YT|just do the actual emoji\n|c|\u2606Smoke2117YT|lol\n|\n|t:|1699931398\n|switch|p1a: Carriage|Drifblim, F|100\/100\n|detailschange|p2a: Bichazo|Scizor-Mega, M\n|-mega|p2a: Bichazo|Scizor|Scizorite\n|move|p2a: Bichazo|Swords Dance|p2a: Bichazo\n|-boost|p2a: Bichazo|atk|2\n|\n|upkeep\n|turn|5\n|c|\u2606Rider072|Even then your team looks really cool\n|c|\u2606Smoke2117YT|yuh\n|c|\u2606Smoke2117YT|its for a character i made\n|c|\u2606Smoke2117YT|or like\n|inactive|Smoke2117YT has 90 seconds left.\n|c|\u2606Smoke2117YT|nah yea\n|c|\u2606Smoke2117YT|thats the right wording\n|c|\u2606Smoke2117YT|a team based for a character i made\n|\n|t:|1699931433\n|move|p2a: Bichazo|Bullet Punch|p1a: Carriage\n|-damage|p1a: Carriage|0 fnt\n|faint|p1a: Carriage\n|\n|-sideend|p2: Rider072|Reflect\n|upkeep\n|c|\u2606Rider072|Dont worry I get it\n|\n|t:|1699931441\n|switch|p1a: Frostburn|Darmanitan-Galar, M|100\/100\n|turn|6\n|c|\u2606Rider072|Like a roleplay character?\n|\n|t:|1699931453\n|-terastallize|p1a: Frostburn|Fire\n|move|p2a: Bichazo|Bullet Punch|p1a: Frostburn\n|-resisted|p1a: Frostburn\n|-damage|p1a: Frostburn|46\/100\n|move|p1a: Frostburn|Fire Punch|p2a: Bichazo\n|-supereffective|p2a: Bichazo\n|-damage|p2a: Bichazo|0 fnt\n|faint|p2a: Bichazo\n|\n|-sideend|p2: Rider072|move: Light Screen\n|-formechange|p1a: Frostburn|Darmanitan-Galar-Zen|\n|upkeep\n|\n|t:|1699931463\n|switch|p2a: Felipe Ferra Gomez|Politoed, M|100\/100\n|-weather|RainDance|[from] ability: Drizzle|[of] p2a: Felipe Ferra Gomez\n|turn|7\n|c|\u2606Smoke2117YT|yuhuh\n|c|\u2606Rider072|DUDE THAT'S COOL\n|inactive|Rider072 has 120 seconds left.\n|c|\u2606Smoke2117YT|lao\n|\n|t:|1699931489\n|-formechange|p1a: Frostburn|Darmanitan-Galar|[silent]|[from] ability: Zen Mode\n|switch|p1a: Fishbite|Dracovish|100\/100\n|move|p2a: Felipe Ferra Gomez|Scald|p1a: Fishbite\n|-resisted|p1a: Fishbite\n|-damage|p1a: Fishbite|88\/100\n|\n|-weather|RainDance|[upkeep]\n|upkeep\n|turn|8\n|c|\u2606Smoke2117YT|its ight\n|inactive|Rider072 has 120 seconds left.\n|c| Richdude29|We're open to new members-\n|\n|t:|1699931505\n|move|p1a: Fishbite|Fishious Rend|p2a: Felipe Ferra Gomez\n|-resisted|p2a: Felipe Ferra Gomez\n|-damage|p2a: Felipe Ferra Gomez|27\/100\n|move|p2a: Felipe Ferra Gomez|Toxic|p1a: Fishbite\n|-status|p1a: Fishbite|tox\n|\n|-weather|RainDance|[upkeep]\n|-damage|p1a: Fishbite|82\/100 tox|[from] psn\n|upkeep\n|turn|9\n|inactive|Rider072 has 120 seconds left.\n|c|\u2606Rider072|Are u?\n|c|\u2606Smoke2117YT|id say so\n|c|\u2606Smoke2117YT|we havent looked in a while\n|c|\u2606Smoke2117YT|but ye\n|\n|t:|1699931531\n|move|p1a: Fishbite|Fishious Rend|p2a: Felipe Ferra Gomez\n|-resisted|p2a: Felipe Ferra Gomez\n|-damage|p2a: Felipe Ferra Gomez|0 fnt\n|faint|p2a: Felipe Ferra Gomez\n|\n|-weather|RainDance|[upkeep]\n|-damage|p1a: Fishbite|70\/100 tox|[from] psn\n|upkeep\n|inactive|Rider072 has 90 seconds left.\n|c|\u2606Smoke2117YT|we dont just do pokemon stuff\n|c|\u2606Smoke2117YT|but pokemon stuff has been around the longest\n|c|\u2606Smoke2117YT|or second to the longest\n|\n|t:|1699931563\n|switch|p2a: Carrer\u00edn|Regieleki|53\/100 psn\n|turn|10\n|inactive|Smoke2117YT has 120 seconds left.\n|inactive|Rider072 has 60 seconds left.\n|c|\u2606Rider072|I have to admit I'm not that good with english, I used to role but in spanish\n|\n|t:|1699931591\n|switch|p1a: Rosethorn|Roserade, F|88\/100\n|move|p2a: Carrer\u00edn|Reflect|p2a: Carrer\u00edn\n|-sidestart|p2: Rider072|Reflect\n|\n|-weather|RainDance|[upkeep]\n|-heal|p1a: Rosethorn|94\/100|[from] item: Leftovers\n|-damage|p2a: Carrer\u00edn|41\/100 psn|[from] psn\n|upkeep\n|turn|11\n|inactive|Rider072 has 60 seconds left.\n|c|\u2606Smoke2117YT|ahh I see\n|c|\u2606Rider072|Do u have like a group chat?\n|\n|t:|1699931617\n|move|p2a: Carrer\u00edn|Light Screen|p2a: Carrer\u00edn\n|-sidestart|p2: Rider072|move: Light Screen\n|move|p1a: Rosethorn|Sludge Bomb|p2a: Carrer\u00edn\n|-damage|p2a: Carrer\u00edn|2\/100 psn\n|\n|-weather|RainDance|[upkeep]\n|-heal|p1a: Rosethorn|100\/100|[from] item: Leftovers\n|-damage|p2a: Carrer\u00edn|0 fnt|[from] psn\n|faint|p2a: Carrer\u00edn\n|upkeep\n|c|\u2606Smoke2117YT|yuh\n|\n|t:|1699931626\n|switch|p2a: Wonk Tester|Drednaw, F|100\/100\n|turn|12\n|c|\u2606Smoke2117YT|moreso for non rp stuff tho\n|\n|t:|1699931634\n|move|p2a: Wonk Tester|Shell Smash|p2a: Wonk Tester\n|-unboost|p2a: Wonk Tester|def|1\n|-unboost|p2a: Wonk Tester|spd|1\n|-boost|p2a: Wonk Tester|atk|2\n|-boost|p2a: Wonk Tester|spa|2\n|-boost|p2a: Wonk Tester|spe|2\n|-enditem|p2a: Wonk Tester|White Herb\n|-clearnegativeboost|p2a: Wonk Tester|[silent]\n|move|p1a: Rosethorn|Giga Drain|p2a: Wonk Tester\n|-supereffective|p2a: Wonk Tester\n|-damage|p2a: Wonk Tester|0 fnt\n|faint|p2a: Wonk Tester\n|\n|-weather|RainDance|[upkeep]\n|upkeep\n|c|\u2606Rider072|Oh I see\n|c|\u2606Rider072|DAMN MY TURTLE\n|c| Richdude29|Its all on discord\n|\n|t:|1699931657\n|switch|p2a: The Boys|Falinks|100\/100\n|turn|13\n|\n|t:|1699931662\n|move|p1a: Rosethorn|Aromatherapy|p1a: Rosethorn\n|-activate|p1a: Rosethorn|move: Aromatherapy\n|-curestatus|p1: Fishbite|tox|[msg]\n|move|p2a: The Boys|No Retreat|p2a: The Boys\n|-boost|p2a: The Boys|atk|1\n|-boost|p2a: The Boys|def|1\n|-boost|p2a: The Boys|spa|1\n|-boost|p2a: The Boys|spd|1\n|-boost|p2a: The Boys|spe|1\n|-start|p2a: The Boys|move: No Retreat\n|\n|-weather|RainDance|[upkeep]\n|upkeep\n|turn|14\n|c|\u2606Rider072|Do u also have a Youtube channel?\n|inactive|Rider072 has 30 seconds left.\n|\n|t:|1699931685\n|move|p2a: The Boys|Poison Jab|p1a: Rosethorn\n|-damage|p1a: Rosethorn|16\/100\n|-status|p2a: The Boys|psn|[from] ability: Poison Point|[of] p1a: Rosethorn\n|-damage|p2a: The Boys|91\/100 psn|[from] item: Life Orb\n|move|p1a: Rosethorn|Synthesis|p1a: Rosethorn\n|-heal|p1a: Rosethorn|41\/100\n|\n|-weather|none\n|-heal|p1a: Rosethorn|47\/100|[from] item: Leftovers\n|-damage|p2a: The Boys|78\/100 psn|[from] psn\n|-sideend|p2: Rider072|Reflect\n|upkeep\n|turn|15\n|inactive|Rider072 has 30 seconds left.\n|c|\u2606Smoke2117YT|I do but thats for more personal usage\n|\n|t:|1699931698\n|move|p2a: The Boys|Poison Jab|p1a: Rosethorn\n|-damage|p1a: Rosethorn|0 fnt\n|faint|p1a: Rosethorn\n|-damage|p2a: The Boys|68\/100 psn|[from] item: Life Orb\n|\n|-damage|p2a: The Boys|56\/100 psn|[from] psn\n|-sideend|p2: Rider072|move: Light Screen\n|upkeep\n|c|\u2606Rider072|Oh okey okey\n|\n|t:|1699931708\n|switch|p1a: Fishbite|Dracovish|70\/100\n|turn|16\n|\n|t:|1699931715\n|move|p1a: Fishbite|Fishious Rend|p2a: The Boys\n|-damage|p2a: The Boys|0 fnt\n|faint|p2a: The Boys\n|\n|upkeep\n|\n|t:|1699931719\n|switch|p2a: El Peluca|Piloswine, M|100\/100\n|turn|17\n|c|\u2606Smoke2117YT|ggwp\n|\n|t:|1699931728\n|-terastallize|p2a: El Peluca|Fairy\n|move|p1a: Fishbite|Fishious Rend|p2a: El Peluca\n|-damage|p2a: El Peluca|26\/100\n|move|p2a: El Peluca|Earthquake|p1a: Fishbite\n|-damage|p1a: Fishbite|18\/100\n|\n|upkeep\n|turn|18\n|c|\u2606Rider072|GG\n|c|\u2606Smoke2117YT|if youre interested in it more u can pm me abt it\n|c|\u2606Rider072|You're team is so cool\n|c|\u2606Smoke2117YT|thank u\n|\n|t:|1699931748\n|move|p2a: El Peluca|Ice Shard|p1a: Fishbite\n|-damage|p1a: Fishbite|0 fnt\n|faint|p1a: Fishbite\n|\n|upkeep\n|c|\u2606Smoke2117YT|took me uh\n|c|\u2606Smoke2117YT|a lot of thought ngl\n|c|\u2606Rider072|Oh yes I would like to check it\n|c|\u2606Smoke2117YT|hard to compete with lots of legends\n|\n|t:|1699931764\n|switch|p1a: Excalibur|Kingambit, M|100\/100\n|-activate|p1a: Excalibur|ability: Supreme Overlord\n|-start|p1a: Excalibur|fallen3|[silent]\n|turn|19\n|inactive|Rider072 has 30 seconds left.\n|inactive|Rider072 has 20 seconds left.\n|\n|t:|1699931803\n|move|p2a: El Peluca|Earthquake|p1a: Excalibur\n|-supereffective|p1a: Excalibur\n|-damage|p1a: Excalibur|35\/100\n|move|p1a: Excalibur|Iron Head|p2a: El Peluca\n|-supereffective|p2a: El Peluca\n|-damage|p2a: El Peluca|0 fnt\n|faint|p2a: El Peluca\n|\n|win|Smoke2117YT\n|inactive|Rider072 has 25 seconds left this turn.\n|raw|Smoke2117YT's rating: 1185 &rarr; <strong>1210<\/strong><br \/>(+25 for winning)\n|raw|Rider072's rating: 1182 &rarr; <strong>1157<\/strong><br \/>(-25 for losing)\n|c|\u2606Rider072|Yes, I have this team cuz we're in tournamente with limits but I like to test it agaist full competitive teams\n|c|\u2606Rider072|Anyway thanks so much for the match\n|c|\u2606Smoke2117YT|no problem\n|c|\u2606Smoke2117YT|and oh i see\n|c|\u2606Smoke2117YT|good way to test it\n|l| Richdude29\n|c|\u2606Smoke2117YT|I would recommend\n|c|\u2606Smoke2117YT|Doing a band on drednaw\n|c|\u2606Smoke2117YT|with the swift swim\n|j| Richdude29\n|c|\u2606Rider072|Insted of the herb?\n|c|\u2606Smoke2117YT|mhm\n","uploadtime":1699931867,"views":6,"p1id":"smoke2117yt","p2id":"rider072","formatid":"gen9nationaldexubers","rating":1157,"private":0,"password":""}