{"id":"gen9nationaldexubers-1983454160","p1":"hanagakiUBD","p2":"Drixzard","format":"[Gen 9] National Dex Ubers","log":"|j|\u2606hanagakiUBD\n|j|\u2606Drixzard\n|t:|1699131836\n|gametype|singles\n|player|p1|hanagakiUBD|iris-gen5bw2|\n|player|p2|Drixzard|1|\n|teamsize|p1|6\n|teamsize|p2|6\n|gen|9\n|tier|[Gen 9] National Dex Ubers\n|rule|HP Percentage Mod: HP is shown in percentages\n|rule|Endless Battle Clause: Forcing endless battles is banned\n|rule|OHKO Clause: OHKO moves are banned\n|rule|Evasion Moves Clause: Evasion moves are banned\n|rule|Evasion Items Clause: Evasion items are banned\n|rule|Species Clause: Limit one of each Pok\u00e9mon\n|rule|Sleep Clause Mod: Limit one foe put to sleep\n|rule|Mega Rayquaza Clause: You cannot mega evolve Rayquaza\n|clearpoke\n|poke|p1|Corviknight, F|\n|poke|p1|Dragonite, F|\n|poke|p1|Charizard, F|\n|poke|p1|Sneasler, M|\n|poke|p1|Gliscor, M|\n|poke|p1|Minior-Violet|\n|poke|p2|Sneasler, M|\n|poke|p2|Glimmora, F|\n|poke|p2|Iron Moth|\n|poke|p2|Okidogi, M|\n|poke|p2|Muk-Alola, M|\n|poke|p2|Beedrill, M|\n|teampreview\n|inactive|Battle timer is ON: inactive players will automatically lose when time's up. (requested by hanagakiUBD)\n|\n|t:|1699131850\n|start\n|switch|p1a: Sneasler|Sneasler, M|100\/100\n|switch|p2a: Glimmora|Glimmora, F|100\/100\n|turn|1\n|\n|t:|1699131852\n|move|p1a: Sneasler|Fake Out|p2a: Glimmora\n|-enditem|p1a: Sneasler|Normal Gem|[from] gem\n|-resisted|p2a: Glimmora\n|-damage|p2a: Glimmora|91\/100\n|cant|p2a: Glimmora|flinch\n|\n|upkeep\n|turn|2\n|\n|t:|1699131857\n|move|p1a: Sneasler|Bulk Up|p1a: Sneasler\n|-boost|p1a: Sneasler|atk|1\n|-boost|p1a: Sneasler|def|1\n|move|p2a: Glimmora|Toxic|p1a: Sneasler\n|-status|p1a: Sneasler|tox\n|\n|-damage|p1a: Sneasler|95\/100 tox|[from] psn\n|upkeep\n|turn|3\n|c|\u2606hanagakiUBD|Corrosion\n|c|\u2606hanagakiUBD|Mrd\n|\n|t:|1699131871\n|switch|p2a: Beedrill|Beedrill, M|100\/100\n|move|p1a: Sneasler|Bulk Up|p1a: Sneasler\n|-boost|p1a: Sneasler|atk|1\n|-boost|p1a: Sneasler|def|1\n|\n|-damage|p1a: Sneasler|83\/100 tox|[from] psn\n|upkeep\n|turn|4\n|c|\u2606Drixzard|Si we\n|c|\u2606Drixzard|Ando con las corrosivas\n|c|\u2606hanagakiUBD|XD\n|\n|t:|1699131885\n|detailschange|p2a: Beedrill|Beedrill-Mega, M\n|-mega|p2a: Beedrill|Beedrill|Beedrillite\n|move|p1a: Sneasler|Acrobatics|p2a: Beedrill\n|-supereffective|p2a: Beedrill\n|-damage|p2a: Beedrill|0 fnt\n|faint|p2a: Beedrill\n|\n|-damage|p1a: Sneasler|65\/100 tox|[from] psn\n|upkeep\n|c|\u2606hanagakiUBD|Ven a por mi hdp\n|\n|t:|1699131895\n|switch|p2a: Glimmora|Glimmora, F|91\/100\n|turn|5\n|\n|t:|1699131900\n|move|p1a: Sneasler|Rock Slide|p2a: Glimmora\n|-damage|p2a: Glimmora|33\/100\n|cant|p2a: Glimmora|flinch\n|\n|-damage|p1a: Sneasler|41\/100 tox|[from] psn\n|upkeep\n|turn|6\n|c|\u2606Drixzard|Nmms me flicheo XD\n|\n|t:|1699131911\n|move|p1a: Sneasler|Rock Slide|p2a: Glimmora\n|-damage|p2a: Glimmora|0 fnt\n|faint|p2a: Glimmora\n|\n|-damage|p1a: Sneasler|11\/100 tox|[from] psn\n|upkeep\n|c|\u2606hanagakiUBD|Tengo fe\n|c|\u2606Drixzard|Jaajjaaj\n|\n|t:|1699131919\n|switch|p2a: Sneasler|Sneasler, M|100\/100\n|turn|7\n|\n|t:|1699131922\n|move|p2a: Sneasler|Fake Out|p1a: Sneasler\n|-enditem|p2a: Sneasler|Normal Gem|[from] gem\n|-damage|p1a: Sneasler|0 fnt\n|faint|p1a: Sneasler\n|\n|upkeep\n|inactive|hanagakiUBD has 270 seconds left.\n|\n|t:|1699131962\n|switch|p1a: Corviknight|Corviknight, F|100\/100\n|-ability|p1a: Corviknight|Unnerve\n|turn|8\n|c|\u2606Drixzard|Noooooo stallvikinght\n|c|\u2606hanagakiUBD|XD\n|c|\u2606hanagakiUBD|Ti\n|c|\u2606hanagakiUBD|:D\n|\n|t:|1699131989\n|switch|p2a: Muk|Muk-Alola, M|100\/100\n|move|p1a: Corviknight|Substitute|p1a: Corviknight\n|-start|p1a: Corviknight|Substitute\n|-damage|p1a: Corviknight|75\/100\n|\n|-heal|p1a: Corviknight|82\/100|[from] item: Leftovers\n|upkeep\n|turn|9\n|\n|t:|1699131994\n|move|p1a: Corviknight|Bulk Up|p1a: Corviknight\n|-boost|p1a: Corviknight|atk|1\n|-boost|p1a: Corviknight|def|1\n|move|p2a: Muk|Ice Punch|p1a: Corviknight\n|-activate|p1a: Corviknight|move: Substitute|[damage]\n|\n|-heal|p1a: Corviknight|88\/100|[from] item: Leftovers\n|upkeep\n|turn|10\n|\n|t:|1699131999\n|move|p1a: Corviknight|Bulk Up|p1a: Corviknight\n|-boost|p1a: Corviknight|atk|1\n|-boost|p1a: Corviknight|def|1\n|move|p2a: Muk|Ice Punch|p1a: Corviknight\n|-activate|p1a: Corviknight|move: Substitute|[damage]\n|\n|-heal|p1a: Corviknight|94\/100|[from] item: Leftovers\n|upkeep\n|turn|11\n|\n|t:|1699132003\n|switch|p2a: Iron Moth|Iron Moth|100\/100\n|move|p1a: Corviknight|Bulk Up|p1a: Corviknight\n|-boost|p1a: Corviknight|atk|1\n|-boost|p1a: Corviknight|def|1\n|\n|-heal|p1a: Corviknight|100\/100|[from] item: Leftovers\n|upkeep\n|turn|12\n|\n|t:|1699132006\n|move|p2a: Iron Moth|Fiery Dance|p1a: Corviknight\n|-supereffective|p1a: Corviknight\n|-end|p1a: Corviknight|Substitute\n|move|p1a: Corviknight|Drill Peck|p2a: Iron Moth\n|-damage|p2a: Iron Moth|0 fnt\n|faint|p2a: Iron Moth\n|-end|p2a: Iron Moth|Quark Drive|[silent]\n|\n|upkeep\n|\n|t:|1699132011\n|switch|p2a: Okidogi|Okidogi, M|100\/100\n|turn|13\n|\n|t:|1699132018\n|move|p2a: Okidogi|Close Combat|p1a: Corviknight\n|-damage|p1a: Corviknight|79\/100\n|-unboost|p2a: Okidogi|def|1\n|-unboost|p2a: Okidogi|spd|1\n|move|p1a: Corviknight|Substitute|p1a: Corviknight\n|-start|p1a: Corviknight|Substitute\n|-damage|p1a: Corviknight|54\/100\n|\n|-heal|p1a: Corviknight|60\/100|[from] item: Leftovers\n|upkeep\n|turn|14\n|\n|t:|1699132024\n|move|p2a: Okidogi|Close Combat|p1a: Corviknight\n|-activate|p1a: Corviknight|move: Substitute|[damage]\n|-unboost|p2a: Okidogi|def|1\n|-unboost|p2a: Okidogi|spd|1\n|move|p1a: Corviknight|Bulk Up|p1a: Corviknight\n|-boost|p1a: Corviknight|atk|1\n|-boost|p1a: Corviknight|def|1\n|\n|-heal|p1a: Corviknight|66\/100|[from] item: Leftovers\n|upkeep\n|turn|15\n|\n|t:|1699132028\n|move|p2a: Okidogi|Close Combat|p1a: Corviknight\n|-end|p1a: Corviknight|Substitute\n|-unboost|p2a: Okidogi|def|1\n|-unboost|p2a: Okidogi|spd|1\n|move|p1a: Corviknight|Bulk Up|p1a: Corviknight\n|-boost|p1a: Corviknight|atk|1\n|-boost|p1a: Corviknight|def|1\n|\n|-heal|p1a: Corviknight|72\/100|[from] item: Leftovers\n|upkeep\n|turn|16\n|\n|t:|1699132031\n|move|p2a: Okidogi|Close Combat|p1a: Corviknight\n|-damage|p1a: Corviknight|57\/100\n|-unboost|p2a: Okidogi|def|1\n|-unboost|p2a: Okidogi|spd|1\n|move|p1a: Corviknight|Bulk Up|p1a: Corviknight\n|-boost|p1a: Corviknight|atk|1\n|-boost|p1a: Corviknight|def|1\n|\n|-heal|p1a: Corviknight|63\/100|[from] item: Leftovers\n|upkeep\n|turn|17\n|\n|t:|1699132037\n|switch|p2a: Muk|Muk-Alola, M|100\/100\n|move|p1a: Corviknight|Substitute|p1a: Corviknight\n|-start|p1a: Corviknight|Substitute\n|-damage|p1a: Corviknight|38\/100\n|\n|-heal|p1a: Corviknight|45\/100|[from] item: Leftovers\n|upkeep\n|turn|18\n|\n|t:|1699132040\n|move|p1a: Corviknight|Roost|p1a: Corviknight\n|-heal|p1a: Corviknight|95\/100\n|-singleturn|p1a: Corviknight|move: Roost\n|move|p2a: Muk|Knock Off|p1a: Corviknight\n|-activate|p1a: Corviknight|move: Substitute|[damage]\n|\n|-heal|p1a: Corviknight|100\/100|[from] item: Leftovers\n|upkeep\n|turn|19\n|\n|t:|1699132046\n|move|p1a: Corviknight|Drill Peck|p2a: Muk\n|-damage|p2a: Muk|16\/100\n|move|p2a: Muk|Knock Off|p1a: Corviknight\n|-activate|p1a: Corviknight|move: Substitute|[damage]\n|\n|-heal|p2a: Muk|22\/100|[from] item: Leftovers\n|upkeep\n|turn|20\n|\n|t:|1699132056\n|move|p1a: Corviknight|Drill Peck|p2a: Muk\n|-damage|p2a: Muk|0 fnt\n|faint|p2a: Muk\n|\n|upkeep\n|\n|t:|1699132058\n|switch|p2a: Okidogi|Okidogi, M|100\/100\n|turn|21\n|c|\u2606Drixzard|Te cuento algo gracioso\n|c|\u2606Drixzard|XD\n|c|\u2606Drixzard|Es scarf, y tiene bulk up XD\n|\n|t:|1699132083\n|move|p2a: Okidogi|Ice Punch|p1a: Corviknight\n|-activate|p1a: Corviknight|move: Substitute|[damage]\n|move|p1a: Corviknight|Drill Peck|p2a: Okidogi\n|-supereffective|p2a: Okidogi\n|-damage|p2a: Okidogi|0 fnt\n|faint|p2a: Okidogi\n|\n|upkeep\n|\n|t:|1699132086\n|switch|p2a: Sneasler|Sneasler, M|100\/100\n|turn|22\n|c|\u2606hanagakiUBD|XDDDDDDD\n|c|\u2606hanagakiUBD|Scarf con bulk up eh\n|c|\u2606Drixzard|XD\n|c|\u2606hanagakiUBD|Eso solo lo veo contigo creo\n|inactive|hanagakiUBD has 270 seconds left.\n|c|\u2606hanagakiUBD|Aunque yo tmb lo har\u00eda\n|\n|t:|1699132124\n|move|p2a: Sneasler|Close Combat|p1a: Corviknight\n|-end|p1a: Corviknight|Substitute\n|-unboost|p2a: Sneasler|def|1\n|-unboost|p2a: Sneasler|spd|1\n|move|p1a: Corviknight|Roost||[still]\n|-fail|p1a: Corviknight|heal\n|\n|upkeep\n|turn|23\n|\n|t:|1699132131\n|move|p2a: Sneasler|Close Combat|p1a: Corviknight\n|-damage|p1a: Corviknight|87\/100\n|-unboost|p2a: Sneasler|def|1\n|-unboost|p2a: Sneasler|spd|1\n|move|p1a: Corviknight|Substitute|p1a: Corviknight\n|-start|p1a: Corviknight|Substitute\n|-damage|p1a: Corviknight|62\/100\n|\n|-heal|p1a: Corviknight|68\/100|[from] item: Leftovers\n|upkeep\n|turn|24\n|\n|t:|1699132135\n|move|p2a: Sneasler|Close Combat|p1a: Corviknight\n|-activate|p1a: Corviknight|move: Substitute|[damage]\n|-unboost|p2a: Sneasler|def|1\n|-unboost|p2a: Sneasler|spd|1\n|move|p1a: Corviknight|Roost|p1a: Corviknight\n|-heal|p1a: Corviknight|100\/100\n|-singleturn|p1a: Corviknight|move: Roost\n|\n|upkeep\n|turn|25\n|c|\u2606Drixzard|D\u00e9jame morir\n|c|\u2606Drixzard|Conchatumare\n|\n|t:|1699132151\n|move|p2a: Sneasler|Dire Claw|p1a: Corviknight\n|-immune|p1a: Corviknight\n|move|p1a: Corviknight|Substitute|p1a: Corviknight\n|-fail|p1a: Corviknight|move: Substitute\n|\n|upkeep\n|turn|26\n|\n|t:|1699132158\n|move|p2a: Sneasler|Close Combat|p1a: Corviknight\n|-end|p1a: Corviknight|Substitute\n|-unboost|p2a: Sneasler|def|1\n|-unboost|p2a: Sneasler|spd|1\n|move|p1a: Corviknight|Bulk Up|p1a: Corviknight\n|-boost|p1a: Corviknight|atk|0\n|-boost|p1a: Corviknight|def|0\n|\n|upkeep\n|turn|27\n|\n|t:|1699132167\n|-terastallize|p2a: Sneasler|Fighting\n|move|p2a: Sneasler|Close Combat|p1a: Corviknight\n|-damage|p1a: Corviknight|82\/100\n|-unboost|p2a: Sneasler|def|1\n|-unboost|p2a: Sneasler|spd|1\n|move|p1a: Corviknight|Substitute|p1a: Corviknight\n|-start|p1a: Corviknight|Substitute\n|-damage|p1a: Corviknight|57\/100\n|\n|-heal|p1a: Corviknight|64\/100|[from] item: Leftovers\n|upkeep\n|turn|28\n|\n|t:|1699132176\n|move|p2a: Sneasler|Fake Out||[still]\n|-hint|Fake Out only works on your first turn out.\n|-fail|p2a: Sneasler\n|move|p1a: Corviknight|Roost|p1a: Corviknight\n|-heal|p1a: Corviknight|100\/100\n|-singleturn|p1a: Corviknight|move: Roost\n|\n|upkeep\n|turn|29\n|\n|t:|1699132182\n|move|p2a: Sneasler|Close Combat|p1a: Corviknight\n|-activate|p1a: Corviknight|move: Substitute|[damage]\n|-unboost|p2a: Sneasler|def|1\n|-unboost|p2a: Sneasler|spd|1\n|move|p1a: Corviknight|Bulk Up|p1a: Corviknight\n|-boost|p1a: Corviknight|atk|0\n|-boost|p1a: Corviknight|def|0\n|\n|upkeep\n|turn|30\n|\n|t:|1699132192\n|move|p2a: Sneasler|Close Combat|p1a: Corviknight\n|-end|p1a: Corviknight|Substitute\n|move|p1a: Corviknight|Bulk Up|p1a: Corviknight\n|-boost|p1a: Corviknight|atk|0\n|-boost|p1a: Corviknight|def|0\n|\n|upkeep\n|turn|31\n|\n|t:|1699132204\n|move|p2a: Sneasler|Acrobatics|p1a: Corviknight\n|-resisted|p1a: Corviknight\n|-damage|p1a: Corviknight|96\/100\n|move|p1a: Corviknight|Substitute|p1a: Corviknight\n|-start|p1a: Corviknight|Substitute\n|-damage|p1a: Corviknight|71\/100\n|\n|-heal|p1a: Corviknight|77\/100|[from] item: Leftovers\n|upkeep\n|turn|32\n|c|\u2606Drixzard|Eres un mounstro\n|\n|t:|1699132219\n|move|p2a: Sneasler|Close Combat|p1a: Corviknight\n|-activate|p1a: Corviknight|move: Substitute|[damage]\n|move|p1a: Corviknight|Roost|p1a: Corviknight\n|-heal|p1a: Corviknight|100\/100\n|-singleturn|p1a: Corviknight|move: Roost\n|\n|upkeep\n|turn|33\n|\n|t:|1699132235\n|switch|p1a: Gliscor|Gliscor, M|100\/100\n|move|p2a: Sneasler|Fake Out||[still]\n|-hint|Fake Out only works on your first turn out.\n|-fail|p2a: Sneasler\n|\n|-status|p1a: Gliscor|tox|[from] item: Toxic Orb\n|upkeep\n|turn|34\n|\n|t:|1699132246\n|move|p2a: Sneasler|Acrobatics|p1a: Gliscor\n|-damage|p1a: Gliscor|69\/100 tox\n|move|p1a: Gliscor|Stealth Rock|p2a: Sneasler\n|-sidestart|p2: Drixzard|move: Stealth Rock\n|\n|-heal|p1a: Gliscor|81\/100 tox|[from] ability: Poison Heal\n|upkeep\n|turn|35\n|c|\u2606hanagakiUBD|Soy un sabio\n|c|\u2606hanagakiUBD|Es diferente\n|\n|t:|1699132253\n|move|p2a: Sneasler|Acrobatics|p1a: Gliscor\n|-damage|p1a: Gliscor|49\/100 tox\n|move|p1a: Gliscor|Defog|p2a: Sneasler\n|-unboost|p2a: Sneasler|evasion|1\n|-sideend|p2: Drixzard|Stealth Rock|[from] move: Defog|[of] p1a: Gliscor\n|\n|-heal|p1a: Gliscor|62\/100 tox|[from] ability: Poison Heal\n|upkeep\n|turn|36\n|c|\u2606Drixzard|*llora*\n|c|\u2606Drixzard|D\u00e9jame morir\n|\n|t:|1699132266\n|move|p2a: Sneasler|Fake Out||[still]\n|-hint|Fake Out only works on your first turn out.\n|-fail|p2a: Sneasler\n|move|p1a: Gliscor|Defog|p2a: Sneasler\n|-unboost|p2a: Sneasler|evasion|1\n|\n|-heal|p1a: Gliscor|74\/100 tox|[from] ability: Poison Heal\n|upkeep\n|turn|37\n|\n|t:|1699132271\n|move|p2a: Sneasler|Fake Out||[still]\n|-hint|Fake Out only works on your first turn out.\n|-fail|p2a: Sneasler\n|move|p1a: Gliscor|Stealth Rock|p2a: Sneasler\n|-sidestart|p2: Drixzard|move: Stealth Rock\n|\n|-heal|p1a: Gliscor|87\/100 tox|[from] ability: Poison Heal\n|upkeep\n|turn|38\n|\n|t:|1699132274\n|move|p2a: Sneasler|Fake Out||[still]\n|-hint|Fake Out only works on your first turn out.\n|-fail|p2a: Sneasler\n|move|p1a: Gliscor|Defog|p2a: Sneasler\n|-unboost|p2a: Sneasler|evasion|1\n|-sideend|p2: Drixzard|Stealth Rock|[from] move: Defog|[of] p1a: Gliscor\n|\n|-heal|p1a: Gliscor|99\/100 tox|[from] ability: Poison Heal\n|upkeep\n|turn|39\n|c|\u2606hanagakiUBD|Cualquier golpe que te d\u00e9, es OH-KO no?\n|\n|t:|1699132295\n|move|p2a: Sneasler|Fake Out||[still]\n|-hint|Fake Out only works on your first turn out.\n|-fail|p2a: Sneasler\n|move|p1a: Gliscor|Defog|p2a: Sneasler\n|-unboost|p2a: Sneasler|evasion|1\n|\n|-heal|p1a: Gliscor|100\/100 tox|[from] ability: Poison Heal\n|upkeep\n|turn|40\n|\n|t:|1699132301\n|move|p2a: Sneasler|Fake Out||[still]\n|-hint|Fake Out only works on your first turn out.\n|-fail|p2a: Sneasler\n|move|p1a: Gliscor|Defog|p2a: Sneasler\n|-unboost|p2a: Sneasler|evasion|1\n|\n|upkeep\n|turn|41\n|\n|t:|1699132304\n|move|p2a: Sneasler|Fake Out||[still]\n|-hint|Fake Out only works on your first turn out.\n|-fail|p2a: Sneasler\n|move|p1a: Gliscor|Defog|p2a: Sneasler\n|-unboost|p2a: Sneasler|evasion|1\n|\n|upkeep\n|turn|42\n|\n|t:|1699132309\n|move|p2a: Sneasler|Fake Out||[still]\n|-hint|Fake Out only works on your first turn out.\n|-fail|p2a: Sneasler\n|move|p1a: Gliscor|Defog||[still]\n|-unboost|p2a: Sneasler|evasion|0\n|-fail|p1a: Gliscor\n|\n|upkeep\n|turn|43\n|\n|t:|1699132319\n|move|p2a: Sneasler|Fake Out||[still]\n|-hint|Fake Out only works on your first turn out.\n|-fail|p2a: Sneasler\n|move|p1a: Gliscor|Stealth Rock|p2a: Sneasler\n|-sidestart|p2: Drixzard|move: Stealth Rock\n|\n|upkeep\n|turn|44\n|c|\u2606Drixzard|Ya m\u00e1tame \ud83d\ude2d\n|\n|t:|1699132326\n|switch|p1a: Dragonite|Dragonite, F|100\/100\n|move|p2a: Sneasler|Fake Out||[still]\n|-hint|Fake Out only works on your first turn out.\n|-fail|p2a: Sneasler\n|\n|upkeep\n|turn|45\n|\n|t:|1699132330\n|move|p2a: Sneasler|Dire Claw|p1a: Dragonite\n|-damage|p1a: Dragonite|50\/100\n|move|p1a: Dragonite|Dragon Dance|p1a: Dragonite\n|-boost|p1a: Dragonite|atk|1\n|-boost|p1a: Dragonite|spe|1\n|\n|upkeep\n|turn|46\n|\n|t:|1699132336\n|move|p1a: Dragonite|Dragon Dance|p1a: Dragonite\n|-boost|p1a: Dragonite|atk|1\n|-boost|p1a: Dragonite|spe|1\n|move|p2a: Sneasler|Dire Claw|p1a: Dragonite\n|-damage|p1a: Dragonite|0 fnt\n|faint|p1a: Dragonite\n|\n|upkeep\n|\n|t:|1699132339\n|switch|p1a: Minior|Minior-Violet|100\/100\n|-formechange|p1a: Minior|Minior-Meteor||[from] ability: Shields Down\n|turn|47\n|c|\u2606Drixzard|D\u00e9jame morir cabron\n|\n|t:|1699132344\n|move|p2a: Sneasler|Fake Out||[still]\n|-hint|Fake Out only works on your first turn out.\n|-fail|p2a: Sneasler\n|move|p1a: Minior|Shell Smash|p1a: Minior\n|-unboost|p1a: Minior|def|1\n|-unboost|p1a: Minior|spd|1\n|-boost|p1a: Minior|atk|2\n|-boost|p1a: Minior|spa|2\n|-boost|p1a: Minior|spe|2\n|\n|upkeep\n|turn|48\n|\n|t:|1699132350\n|move|p1a: Minior|Shell Smash|p1a: Minior\n|-unboost|p1a: Minior|def|1\n|-unboost|p1a: Minior|spd|1\n|-boost|p1a: Minior|atk|2\n|-boost|p1a: Minior|spa|2\n|-boost|p1a: Minior|spe|2\n|move|p2a: Sneasler|Dire Claw|p1a: Minior\n|-resisted|p1a: Minior\n|-damage|p1a: Minior|38\/100\n|\n|-formechange|p1a: Minior|Minior-Violet||[from] ability: Shields Down\n|upkeep\n|turn|49\n|\n|t:|1699132371\n|move|p1a: Minior|Hidden Power|p2a: Sneasler\n|-damage|p2a: Sneasler|0 fnt\n|faint|p2a: Sneasler\n|\n|win|hanagakiUBD\n|c|\u2606hanagakiUBD|HP ice\n|c|\u2606Drixzard|Siiiii\n|c|\u2606Drixzard|Gracias\n","uploadtime":1699132385,"views":7,"p1id":"hanagakiubd","p2id":"drixzard","formatid":"gen9nationaldexubers","rating":0,"private":0,"password":""}