{"id":"gen9nationaldexubers-1997784651","p1":"therealplayerred","p2":"kingofgamezzz","format":"[Gen 9] National Dex Ubers","log":"|j|\u2606therealplayerred\n|j|\u2606kingofgamezzz\n|t:|1700852356\n|gametype|singles\n|player|p1|therealplayerred|blue|\n|player|p2|kingofgamezzz|ninjaboy|\n|teamsize|p1|6\n|teamsize|p2|6\n|gen|9\n|tier|[Gen 9] National Dex Ubers\n|rule|HP Percentage Mod: HP is shown in percentages\n|rule|Endless Battle Clause: Forcing endless battles is banned\n|rule|OHKO Clause: OHKO moves are banned\n|rule|Evasion Moves Clause: Evasion moves are banned\n|rule|Evasion Items Clause: Evasion items are banned\n|rule|Species Clause: Limit one of each Pok\u00e9mon\n|rule|Sleep Clause Mod: Limit one foe put to sleep\n|rule|Mega Rayquaza Clause: You cannot mega evolve Rayquaza\n|clearpoke\n|poke|p1|Gliscor, M|\n|poke|p1|Kingambit, M|\n|poke|p1|Milotic, F|\n|poke|p1|Iron Valiant|\n|poke|p1|Hydreigon, M|\n|poke|p1|Swampert, M|\n|poke|p2|Arcanine-Hisui, F|\n|poke|p2|Infernape, M|\n|poke|p2|Charizard, F|\n|poke|p2|Blissey, F|\n|poke|p2|Delphox, F|\n|poke|p2|Cinderace, F|\n|teampreview\n|\n|t:|1700852363\n|start\n|switch|p1a: Sailor Jupitor|Iron Valiant, shiny|100\/100\n|switch|p2a: Hotboyhotboihotboy|Charizard, F, shiny|100\/100\n|-enditem|p1a: Sailor Jupitor|Booster Energy\n|-activate|p1a: Sailor Jupitor|ability: Quark Drive|[fromitem]\n|-start|p1a: Sailor Jupitor|quarkdrivespe\n|turn|1\n|\n|t:|1700852382\n|switch|p2a: Bae|Blissey, F|100\/100\n|move|p1a: Sailor Jupitor|Thunderbolt|p2a: Bae\n|-damage|p2a: Bae|91\/100\n|\n|-heal|p2a: Bae|97\/100|[from] item: Leftovers\n|upkeep\n|turn|2\n|\n|t:|1700852395\n|-end|p1a: Sailor Jupitor|Quark Drive|[silent]\n|switch|p1a: Toxico|Gliscor, M, shiny|100\/100\n|-terastallize|p2a: Bae|Ghost\n|move|p2a: Bae|Toxic|p1a: Toxico\n|-status|p1a: Toxico|tox\n|\n|-heal|p2a: Bae|100\/100|[from] item: Leftovers\n|upkeep\n|turn|3\n|\n|t:|1700852406\n|move|p1a: Toxico|Toxic|p2a: Bae\n|-status|p2a: Bae|tox\n|move|p2a: Bae|Reflect|p2a: Bae\n|-sidestart|p2: kingofgamezzz|Reflect\n|\n|-damage|p2a: Bae|94\/100 tox|[from] psn\n|upkeep\n|turn|4\n|\n|t:|1700852419\n|-curestatus|p2a: Bae|tox|[from] ability: Natural Cure\n|switch|p2a: Flame ON!!!|Arcanine-Hisui, F|100\/100\n|move|p1a: Toxico|Earthquake|p2a: Flame ON!!!\n|-supereffective|p2a: Flame ON!!!\n|-enditem|p2a: Flame ON!!!|Focus Sash\n|-damage|p2a: Flame ON!!!|1\/100\n|\n|upkeep\n|turn|5\n|\n|t:|1700852433\n|move|p1a: Toxico|Earthquake|p2a: Flame ON!!!\n|-supereffective|p2a: Flame ON!!!\n|-damage|p2a: Flame ON!!!|0 fnt\n|faint|p2a: Flame ON!!!\n|\n|upkeep\n|\n|t:|1700852450\n|switch|p2a: Hotboyhotboihotboy|Charizard, F, shiny|100\/100\n|turn|6\n|\n|t:|1700852467\n|switch|p1a: Sailor Jupitor|Iron Valiant, shiny|100\/100\n|detailschange|p2a: Hotboyhotboihotboy|Charizard-Mega-Y, F, shiny\n|-mega|p2a: Hotboyhotboihotboy|Charizard|Charizardite Y\n|-weather|SunnyDay|[from] ability: Drought|[of] p2a: Hotboyhotboihotboy\n|move|p2a: Hotboyhotboihotboy|Solar Beam||[still]\n|-prepare|p2a: Hotboyhotboihotboy|Solar Beam\n|-anim|p2a: Hotboyhotboihotboy|Solar Beam|p1a: Sailor Jupitor\n|-damage|p1a: Sailor Jupitor|26\/100\n|\n|-weather|SunnyDay|[upkeep]\n|upkeep\n|turn|7\n|\n|t:|1700852483\n|move|p1a: Sailor Jupitor|Destiny Bond|p1a: Sailor Jupitor\n|-singlemove|p1a: Sailor Jupitor|Destiny Bond\n|move|p2a: Hotboyhotboihotboy|Solar Beam||[still]\n|-prepare|p2a: Hotboyhotboihotboy|Solar Beam\n|-anim|p2a: Hotboyhotboihotboy|Solar Beam|p1a: Sailor Jupitor\n|-damage|p1a: Sailor Jupitor|0 fnt\n|faint|p1a: Sailor Jupitor\n|-activate|p1a: Sailor Jupitor|move: Destiny Bond\n|-end|p1a: Sailor Jupitor|Quark Drive|[silent]\n|faint|p2a: Hotboyhotboihotboy\n|\n|-weather|SunnyDay|[upkeep]\n|-sideend|p2: kingofgamezzz|Reflect\n|upkeep\n|\n|t:|1700852496\n|switch|p1a: Swampert|Swampert, M|100\/100\n|switch|p2a: Bae|Blissey, F, tera:Ghost|94\/100\n|turn|8\n|\n|t:|1700852504\n|detailschange|p1a: Swampert|Swampert-Mega, M\n|-mega|p1a: Swampert|Swampert|Swampertite\n|move|p1a: Swampert|Stealth Rock|p2a: Bae\n|-sidestart|p2: kingofgamezzz|move: Stealth Rock\n|move|p2a: Bae|Toxic|p1a: Swampert\n|-status|p1a: Swampert|tox\n|\n|-weather|SunnyDay|[upkeep]\n|-heal|p2a: Bae|100\/100|[from] item: Leftovers\n|-damage|p1a: Swampert|94\/100 tox|[from] psn\n|upkeep\n|turn|9\n|\n|t:|1700852515\n|switch|p1a: Toxico|Gliscor, M, shiny|100\/100 tox\n|move|p2a: Bae|Reflect|p2a: Bae\n|-sidestart|p2: kingofgamezzz|Reflect\n|\n|-weather|SunnyDay|[upkeep]\n|upkeep\n|turn|10\n|\n|t:|1700852523\n|move|p1a: Toxico|Toxic|p2a: Bae\n|-status|p2a: Bae|tox\n|move|p2a: Bae|Seismic Toss|p1a: Toxico\n|-damage|p1a: Toxico|66\/100 tox\n|\n|-weather|none\n|-heal|p1a: Toxico|79\/100 tox|[from] ability: Poison Heal\n|-damage|p2a: Bae|94\/100 tox|[from] psn\n|upkeep\n|turn|11\n|\n|t:|1700852534\n|move|p1a: Toxico|Protect|p1a: Toxico\n|-singleturn|p1a: Toxico|Protect\n|move|p2a: Bae|Seismic Toss|p1a: Toxico\n|-activate|p1a: Toxico|move: Protect\n|\n|-heal|p2a: Bae|100\/100 tox|[from] item: Leftovers\n|-heal|p1a: Toxico|91\/100 tox|[from] ability: Poison Heal\n|-damage|p2a: Bae|88\/100 tox|[from] psn\n|upkeep\n|turn|12\n|\n|t:|1700852545\n|move|p1a: Toxico|Earthquake|p2a: Bae\n|-damage|p2a: Bae|70\/100 tox\n|move|p2a: Bae|Seismic Toss|p1a: Toxico\n|-damage|p1a: Toxico|57\/100 tox\n|\n|-heal|p2a: Bae|76\/100 tox|[from] item: Leftovers\n|-heal|p1a: Toxico|69\/100 tox|[from] ability: Poison Heal\n|-damage|p2a: Bae|57\/100 tox|[from] psn\n|upkeep\n|turn|13\n|\n|t:|1700852558\n|move|p1a: Toxico|Earthquake|p2a: Bae\n|-damage|p2a: Bae|40\/100 tox\n|move|p2a: Bae|Soft-Boiled|p2a: Bae\n|-heal|p2a: Bae|90\/100 tox\n|\n|-heal|p2a: Bae|96\/100 tox|[from] item: Leftovers\n|-heal|p1a: Toxico|81\/100 tox|[from] ability: Poison Heal\n|-damage|p2a: Bae|72\/100 tox|[from] psn\n|-sideend|p2: kingofgamezzz|Reflect\n|upkeep\n|turn|14\n|\n|t:|1700852579\n|-curestatus|p2a: Bae|tox|[from] ability: Natural Cure\n|switch|p2a: Vegeta|Infernape, M, shiny|100\/100\n|-damage|p2a: Vegeta|88\/100|[from] Stealth Rock\n|move|p1a: Toxico|Earthquake|p2a: Vegeta\n|-supereffective|p2a: Vegeta\n|-damage|p2a: Vegeta|0 fnt\n|faint|p2a: Vegeta\n|\n|-heal|p1a: Toxico|94\/100 tox|[from] ability: Poison Heal\n|upkeep\n|\n|t:|1700852592\n|switch|p2a: Playboi bunny|Cinderace, F|100\/100\n|-damage|p2a: Playboi bunny|76\/100|[from] Stealth Rock\n|turn|15\n|\n|t:|1700852597\n|move|p1a: Toxico|Protect|p1a: Toxico\n|-singleturn|p1a: Toxico|Protect\n|move|p2a: Playboi bunny|Pyro Ball|p1a: Toxico\n|-activate|p1a: Toxico|move: Protect\n|\n|-heal|p1a: Toxico|100\/100 tox|[from] ability: Poison Heal\n|upkeep\n|turn|16\n|\n|t:|1700852606\n|move|p2a: Playboi bunny|Pyro Ball|p1a: Toxico\n|-crit|p1a: Toxico\n|-damage|p1a: Toxico|14\/100 tox\n|move|p1a: Toxico|Earthquake|p2a: Playboi bunny\n|-supereffective|p2a: Playboi bunny\n|-damage|p2a: Playboi bunny|0 fnt\n|faint|p2a: Playboi bunny\n|\n|-heal|p1a: Toxico|27\/100 tox|[from] ability: Poison Heal\n|upkeep\n|\n|t:|1700852619\n|switch|p2a: Bae|Blissey, F, tera:Ghost|72\/100\n|-damage|p2a: Bae|59\/100|[from] Stealth Rock\n|turn|17\n|\n|t:|1700852626\n|move|p1a: Toxico|Protect|p1a: Toxico\n|-singleturn|p1a: Toxico|Protect\n|move|p2a: Bae|Seismic Toss|p1a: Toxico\n|-activate|p1a: Toxico|move: Protect\n|\n|-heal|p2a: Bae|65\/100|[from] item: Leftovers\n|-heal|p1a: Toxico|39\/100 tox|[from] ability: Poison Heal\n|upkeep\n|turn|18\n|\n|t:|1700852640\n|move|p1a: Toxico|Toxic|p2a: Bae\n|-status|p2a: Bae|tox\n|move|p2a: Bae|Seismic Toss|p1a: Toxico\n|-damage|p1a: Toxico|5\/100 tox\n|\n|-heal|p2a: Bae|71\/100 tox|[from] item: Leftovers\n|-heal|p1a: Toxico|17\/100 tox|[from] ability: Poison Heal\n|-damage|p2a: Bae|65\/100 tox|[from] psn\n|upkeep\n|turn|19\n|\n|t:|1700852656\n|move|p1a: Toxico|Earthquake|p2a: Bae\n|-damage|p2a: Bae|28\/100 tox\n|move|p2a: Bae|Soft-Boiled|p2a: Bae\n|-heal|p2a: Bae|78\/100 tox\n|\n|-heal|p2a: Bae|84\/100 tox|[from] item: Leftovers\n|-heal|p1a: Toxico|29\/100 tox|[from] ability: Poison Heal\n|-damage|p2a: Bae|72\/100 tox|[from] psn\n|upkeep\n|turn|20\n|\n|t:|1700852666\n|move|p1a: Toxico|Protect|p1a: Toxico\n|-singleturn|p1a: Toxico|Protect\n|move|p2a: Bae|Seismic Toss|p1a: Toxico\n|-activate|p1a: Toxico|move: Protect\n|\n|-heal|p2a: Bae|78\/100 tox|[from] item: Leftovers\n|-heal|p1a: Toxico|42\/100 tox|[from] ability: Poison Heal\n|-damage|p2a: Bae|59\/100 tox|[from] psn\n|upkeep\n|turn|21\n|\n|t:|1700852677\n|move|p1a: Toxico|Earthquake|p2a: Bae\n|-damage|p2a: Bae|20\/100 tox\n|move|p2a: Bae|Seismic Toss|p1a: Toxico\n|-damage|p1a: Toxico|7\/100 tox\n|\n|-heal|p2a: Bae|26\/100 tox|[from] item: Leftovers\n|-heal|p1a: Toxico|20\/100 tox|[from] ability: Poison Heal\n|-damage|p2a: Bae|2\/100 tox|[from] psn\n|upkeep\n|turn|22\n|c|\u2606therealplayerred|gg\n|\n|t:|1700852714\n|move|p1a: Toxico|Earthquake|p2a: Bae\n|-damage|p2a: Bae|0 fnt\n|faint|p2a: Bae\n|\n|-heal|p1a: Toxico|32\/100 tox|[from] ability: Poison Heal\n|upkeep\n|-message|kingofgamezzz forfeited.\n|\n|win|therealplayerred\n|l|\u2606kingofgamezzz\n","uploadtime":1700853340,"views":9,"p1id":"therealplayerred","p2id":"kingofgamezzz","formatid":"gen9nationaldexubers","rating":0,"private":0,"password":""}