{"id":"gen9nationaldexubers-1988753073","p1":"Niforemeh","p2":"xikeso","format":"[Gen 9] National Dex Ubers","log":"|j|\u2606Niforemeh\n|j|\u2606xikeso\n|t:|1699758694\n|gametype|singles\n|player|p1|Niforemeh|drayden|1466\n|player|p2|xikeso|iono|1472\n|teamsize|p1|6\n|teamsize|p2|6\n|gen|9\n|tier|[Gen 9] National Dex Ubers\n|rated|\n|rule|HP Percentage Mod: HP is shown in percentages\n|rule|Endless Battle Clause: Forcing endless battles is banned\n|rule|OHKO Clause: OHKO moves are banned\n|rule|Evasion Moves Clause: Evasion moves are banned\n|rule|Evasion Items Clause: Evasion items are banned\n|rule|Species Clause: Limit one of each Pok\u00e9mon\n|rule|Sleep Clause Mod: Limit one foe put to sleep\n|rule|Mega Rayquaza Clause: You cannot mega evolve Rayquaza\n|clearpoke\n|poke|p1|Zorua-Hisui, F|\n|poke|p1|Murkrow, M|\n|poke|p1|Eternatus|\n|poke|p1|Deoxys-Attack|\n|poke|p1|Glimmora, M|\n|poke|p1|Mewtwo|\n|poke|p2|Rayquaza|\n|poke|p2|Arceus-Dark|\n|poke|p2|Kyogre|\n|poke|p2|Ho-Oh|\n|poke|p2|Zacian-*|\n|poke|p2|Ribombee, F|\n|teampreview\n|inactive|Battle timer is ON: inactive players will automatically lose when time's up. (requested by xikeso)\n|\n|t:|1699758711\n|start\n|switch|p1a: Glimmora|Glimmora, M|100\/100\n|switch|p2a: Ribombee|Ribombee, F|100\/100\n|turn|1\n|\n|t:|1699758725\n|move|p2a: Ribombee|Psychic|p1a: Glimmora\n|-supereffective|p1a: Glimmora\n|-damage|p1a: Glimmora|26\/100\n|move|p1a: Glimmora|Stealth Rock|p2a: Ribombee\n|-sidestart|p2: xikeso|move: Stealth Rock\n|\n|upkeep\n|turn|2\n|\n|t:|1699758732\n|move|p2a: Ribombee|Psychic|p1a: Glimmora\n|-supereffective|p1a: Glimmora\n|-damage|p1a: Glimmora|0 fnt\n|faint|p1a: Glimmora\n|\n|upkeep\n|\n|t:|1699758744\n|switch|p1a: Eternatus|Eternatus|100\/100\n|-ability|p1a: Eternatus|Pressure\n|turn|3\n|\n|t:|1699758749\n|move|p2a: Ribombee|Sticky Web|p1a: Eternatus\n|-sidestart|p1: Niforemeh|move: Sticky Web\n|move|p1a: Eternatus|Sludge Wave|p2a: Ribombee\n|-supereffective|p2a: Ribombee\n|-enditem|p2a: Ribombee|Focus Sash\n|-damage|p2a: Ribombee|1\/100\n|\n|upkeep\n|turn|4\n|\n|t:|1699758770\n|move|p2a: Ribombee|Psychic|p1a: Eternatus\n|-supereffective|p1a: Eternatus\n|-damage|p1a: Eternatus|60\/100\n|-unboost|p1a: Eternatus|spd|1\n|move|p1a: Eternatus|Agility|p1a: Eternatus\n|-boost|p1a: Eternatus|spe|2\n|\n|-heal|p1a: Eternatus|66\/100|[from] item: Leftovers\n|upkeep\n|turn|5\n|\n|t:|1699758784\n|move|p1a: Eternatus|Sludge Wave|p2a: Ribombee\n|-supereffective|p2a: Ribombee\n|-damage|p2a: Ribombee|0 fnt\n|faint|p2a: Ribombee\n|\n|-heal|p1a: Eternatus|72\/100|[from] item: Leftovers\n|upkeep\n|inactive|xikeso has 120 seconds left.\n|\n|t:|1699758803\n|switch|p2a: Zacian|Zacian-Crowned|100\/100\n|-damage|p2a: Zacian|94\/100|[from] Stealth Rock\n|-ability|p2a: Zacian|Intrepid Sword|boost\n|-boost|p2a: Zacian|atk|1\n|turn|6\n|inactive|xikeso has 120 seconds left.\n|\n|t:|1699758817\n|-terastallize|p1a: Eternatus|Fire\n|move|p1a: Eternatus|Fire Blast|p2a: Zacian\n|-supereffective|p2a: Zacian\n|-damage|p2a: Zacian|0 fnt\n|faint|p2a: Zacian\n|\n|-heal|p1a: Eternatus|79\/100|[from] item: Leftovers\n|upkeep\n|inactive|xikeso has 120 seconds left.\n|\n|t:|1699758830\n|switch|p2a: Kyogre|Kyogre, shiny|100\/100\n|-damage|p2a: Kyogre|88\/100|[from] Stealth Rock\n|detailschange|p2a: Kyogre|Kyogre-Primal, shiny\n|-primal|p2a: Kyogre|Blue Orb\n|-weather|PrimordialSea|[from] ability: Primordial Sea|[of] p2a: Kyogre\n|turn|7\n|inactive|xikeso has 120 seconds left.\n|\n|t:|1699758840\n|move|p1a: Eternatus|Dynamax Cannon|p2a: Kyogre\n|-damage|p2a: Kyogre|45\/100\n|move|p2a: Kyogre|Scald|p1a: Eternatus\n|-supereffective|p1a: Eternatus\n|-damage|p1a: Eternatus|0 fnt\n|faint|p1a: Eternatus\n|\n|-weather|PrimordialSea|[upkeep]\n|upkeep\n|\n|t:|1699758845\n|switch|p1a: Birb|Murkrow, M, shiny|100\/100\n|turn|8\n|\n|t:|1699758855\n|move|p1a: Birb|Tailwind|p1a: Birb\n|-sidestart|p1: Niforemeh|move: Tailwind\n|move|p2a: Kyogre|Ice Beam|p1a: Birb\n|-supereffective|p1a: Birb\n|-damage|p1a: Birb|15\/100\n|-status|p1a: Birb|frz\n|\n|-weather|PrimordialSea|[upkeep]\n|upkeep\n|turn|9\n|\n|t:|1699758868\n|-weather|none\n|switch|p2a: Arceus|Arceus-Dark|100\/100\n|-damage|p2a: Arceus|88\/100|[from] Stealth Rock\n|cant|p1a: Birb|frz\n|\n|upkeep\n|turn|10\n|\n|t:|1699758877\n|cant|p1a: Birb|frz\n|move|p2a: Arceus|Calm Mind|p2a: Arceus\n|-boost|p2a: Arceus|spa|1\n|-boost|p2a: Arceus|spd|1\n|\n|upkeep\n|turn|11\n|\n|t:|1699758881\n|-curestatus|p1a: Birb|frz|[msg]\n|move|p1a: Birb|Haze|p1a: Birb\n|-clearallboost\n|move|p2a: Arceus|Calm Mind|p2a: Arceus\n|-boost|p2a: Arceus|spa|1\n|-boost|p2a: Arceus|spd|1\n|\n|-sideend|p1: Niforemeh|move: Tailwind\n|upkeep\n|turn|12\n|\n|t:|1699758893\n|move|p1a: Birb|Tailwind|p1a: Birb\n|-sidestart|p1: Niforemeh|move: Tailwind\n|move|p2a: Arceus|Judgment|p1a: Birb\n|-resisted|p1a: Birb\n|-damage|p1a: Birb|0 fnt\n|faint|p1a: Birb\n|\n|upkeep\n|\n|t:|1699758901\n|switch|p1a: Deoxys|Deoxys-Attack|100\/100\n|-activate|p1a: Deoxys|move: Sticky Web\n|-unboost|p1a: Deoxys|spe|1\n|turn|13\n|\n|t:|1699758910\n|move|p1a: Deoxys|Comeuppance||[still]\n|-fail|p1a: Deoxys\n|move|p2a: Arceus|Judgment|p1a: Deoxys\n|-supereffective|p1a: Deoxys\n|-enditem|p1a: Deoxys|Focus Sash\n|-damage|p1a: Deoxys|1\/100\n|replace|p1a: Bye!|Zorua-Hisui, F\n|-end|p1a: Bye!|Illusion\n|\n|upkeep\n|turn|14\n|c|\u2606Niforemeh|-_-\n|\n|t:|1699758921\n|move|p1a: Bye!|Curse|p2a: Arceus\n|-start|p2a: Arceus|Curse|[of] p1a: Bye!\n|-damage|p1a: Bye!|0 fnt\n|faint|p1a: Bye!\n|move|p2a: Arceus|Judgment|p1: Bye!|[notarget]\n|-fail|p2a: Arceus\n|\n|-damage|p2a: Arceus|63\/100|[from] Curse\n|upkeep\n|\n|t:|1699758931\n|switch|p1a: Mewtwo|Mewtwo|100\/100\n|-activate|p1a: Mewtwo|move: Sticky Web\n|-unboost|p1a: Mewtwo|spe|1\n|-ability|p1a: Mewtwo|Pressure\n|turn|15\n|\n|t:|1699758938\n|detailschange|p1a: Mewtwo|Mewtwo-Mega-Y\n|-mega|p1a: Mewtwo|Mewtwo|Mewtwonite Y\n|move|p1a: Mewtwo|Aura Sphere|p2a: Arceus\n|-supereffective|p2a: Arceus\n|-damage|p2a: Arceus|22\/100\n|move|p2a: Arceus|Judgment|p1a: Mewtwo\n|-supereffective|p1a: Mewtwo\n|-damage|p1a: Mewtwo|0 fnt\n|faint|p1a: Mewtwo\n|\n|-damage|p2a: Arceus|0 fnt|[from] Curse\n|faint|p2a: Arceus\n|-sideend|p1: Niforemeh|move: Tailwind\n|upkeep\n|\n|t:|1699758957\n|switch|p1a: Deoxys|Deoxys-Attack|100\/100\n|switch|p2a: Ho-Oh|Ho-Oh, shiny|100\/100\n|-activate|p1a: Deoxys|move: Sticky Web\n|-unboost|p1a: Deoxys|spe|1\n|-ability|p1a: Deoxys|Pressure\n|turn|16\n|c|\u2606Niforemeh|That freeze did me dirty\n|\n|t:|1699758971\n|move|p1a: Deoxys|Thunderbolt|p2a: Ho-Oh\n|-supereffective|p2a: Ho-Oh\n|-damage|p2a: Ho-Oh|56\/100\n|-status|p2a: Ho-Oh|par\n|move|p2a: Ho-Oh|Sacred Fire|p1a: Deoxys\n|-enditem|p1a: Deoxys|Focus Sash\n|-damage|p1a: Deoxys|1\/100\n|\n|upkeep\n|turn|17\n|\n|t:|1699758985\n|-terastallize|p2a: Ho-Oh|Fire\n|move|p1a: Deoxys|Psychic|p2a: Ho-Oh\n|-damage|p2a: Ho-Oh|25\/100 par\n|-unboost|p2a: Ho-Oh|spd|1\n|cant|p2a: Ho-Oh|par\n|\n|upkeep\n|turn|18\n|\n|t:|1699758993\n|move|p1a: Deoxys|Psychic|p2a: Ho-Oh\n|-damage|p2a: Ho-Oh|0 fnt\n|faint|p2a: Ho-Oh\n|\n|upkeep\n|\n|t:|1699758997\n|switch|p2a: Rayquaza|Rayquaza|100\/100\n|-damage|p2a: Rayquaza|76\/100|[from] Stealth Rock\n|-ability|p2a: Rayquaza|Air Lock\n|turn|19\n|\n|t:|1699759005\n|move|p2a: Rayquaza|Extreme Speed|p1a: Deoxys\n|-damage|p1a: Deoxys|0 fnt\n|faint|p1a: Deoxys\n|\n|win|xikeso\n|raw|Niforemeh's rating: 1466 &rarr; <strong>1446<\/strong><br \/>(-20 for losing)\n|raw|xikeso's rating: 1472 &rarr; <strong>1492<\/strong><br \/>(+20 for winning)\n|l|\u2606Niforemeh\n","uploadtime":1699759013,"views":6,"p1id":"niforemeh","p2id":"xikeso","formatid":"gen9nationaldexubers","rating":1446,"private":0,"password":""}