{"id":"gen9nationaldexubers-1996782498","p1":"LeftyAnt682","p2":"killgaldo","format":"[Gen 9] National Dex Ubers","log":"|j|\u2606LeftyAnt682\n|j|\u2606killgaldo\n|t:|1700724480\n|gametype|singles\n|player|p1|LeftyAnt682|fisherman-gen4|1203\n|player|p2|killgaldo|lance|1172\n|teamsize|p1|6\n|teamsize|p2|6\n|gen|9\n|tier|[Gen 9] National Dex Ubers\n|rated|\n|rule|HP Percentage Mod: HP is shown in percentages\n|rule|Endless Battle Clause: Forcing endless battles is banned\n|rule|OHKO Clause: OHKO moves are banned\n|rule|Evasion Moves Clause: Evasion moves are banned\n|rule|Evasion Items Clause: Evasion items are banned\n|rule|Species Clause: Limit one of each Pok\u00e9mon\n|rule|Sleep Clause Mod: Limit one foe put to sleep\n|rule|Mega Rayquaza Clause: You cannot mega evolve Rayquaza\n|clearpoke\n|poke|p1|Skarmory, M|\n|poke|p1|Tauros, M|\n|poke|p1|Gholdengo|\n|poke|p1|Dragonite, F|\n|poke|p1|Samurott-Hisui, F|\n|poke|p1|Cinderace, F|\n|poke|p2|Porygon-Z|\n|poke|p2|Calyrex-Ice|\n|poke|p2|Celesteela|\n|poke|p2|Garchomp, M|\n|poke|p2|Zamazenta-*|\n|poke|p2|Flutter Mane|\n|teampreview\n|inactive|Battle timer is ON: inactive players will automatically lose when time's up. (requested by LeftyAnt682)\n|\n|t:|1700724485\n|start\n|switch|p1a: Skarmory|Skarmory, M|100\/100\n|switch|p2a: Celesteela|Celesteela|100\/100\n|turn|1\n|\n|t:|1700724491\n|move|p1a: Skarmory|Taunt|p2a: Celesteela\n|-start|p2a: Celesteela|move: Taunt\n|cant|p2a: Celesteela|move: Taunt|Leech Seed\n|\n|upkeep\n|turn|2\n|\n|t:|1700724505\n|switch|p2a: Zamazenta|Zamazenta-Crowned|100\/100\n|-ability|p2a: Zamazenta|Dauntless Shield|boost\n|-boost|p2a: Zamazenta|def|1\n|move|p1a: Skarmory|Stealth Rock|p2a: Zamazenta\n|-sidestart|p2: killgaldo|move: Stealth Rock\n|\n|upkeep\n|turn|3\n|\n|t:|1700724515\n|move|p2a: Zamazenta|Iron Defense|p2a: Zamazenta\n|-boost|p2a: Zamazenta|def|2\n|move|p1a: Skarmory|Counter||[still]\n|-fail|p1a: Skarmory\n|\n|upkeep\n|turn|4\n|\n|t:|1700724520\n|move|p2a: Zamazenta|Iron Defense|p2a: Zamazenta\n|-boost|p2a: Zamazenta|def|2\n|move|p1a: Skarmory|Spikes|p2a: Zamazenta\n|-sidestart|p2: killgaldo|Spikes\n|\n|upkeep\n|turn|5\n|\n|t:|1700724528\n|move|p2a: Zamazenta|Crunch|p1a: Skarmory\n|-damage|p1a: Skarmory|84\/100\n|move|p1a: Skarmory|Spikes|p2a: Zamazenta\n|-sidestart|p2: killgaldo|Spikes\n|\n|upkeep\n|turn|6\n|\n|t:|1700724535\n|move|p2a: Zamazenta|Body Press|p1a: Skarmory\n|-damage|p1a: Skarmory|0 fnt\n|faint|p1a: Skarmory\n|\n|upkeep\n|\n|t:|1700724543\n|switch|p1a: Cinderace|Cinderace, F|100\/100\n|turn|7\n|\n|t:|1700724550\n|-terastallize|p2a: Zamazenta|Fighting\n|move|p2a: Zamazenta|Body Press|p1a: Cinderace\n|-damage|p1a: Cinderace|0 fnt\n|faint|p1a: Cinderace\n|\n|upkeep\n|\n|t:|1700724554\n|switch|p1a: Gholdengo|Gholdengo|100\/100\n|turn|8\n|\n|t:|1700724573\n|-terastallize|p1a: Gholdengo|Steel\n|move|p2a: Zamazenta|Crunch|p1a: Gholdengo\n|-crit|p1a: Gholdengo\n|-damage|p1a: Gholdengo|63\/100\n|move|p1a: Gholdengo|Shadow Ball|p2a: Zamazenta\n|-damage|p2a: Zamazenta|61\/100\n|\n|-heal|p1a: Gholdengo|69\/100|[from] item: Leftovers\n|upkeep\n|turn|9\n|\n|t:|1700724582\n|move|p2a: Zamazenta|Crunch|p1a: Gholdengo\n|-damage|p1a: Gholdengo|45\/100\n|move|p1a: Gholdengo|Make It Rain|p2a: Zamazenta\n|-damage|p2a: Zamazenta|0 fnt\n|-unboost|p1a: Gholdengo|spa|1\n|faint|p2a: Zamazenta\n|\n|-heal|p1a: Gholdengo|51\/100|[from] item: Leftovers\n|upkeep\n|\n|t:|1700724596\n|switch|p2a: Garchomp|Garchomp, M|100\/100\n|-damage|p2a: Garchomp|94\/100|[from] Stealth Rock\n|-damage|p2a: Garchomp|78\/100|[from] Spikes\n|turn|10\n|\n|t:|1700724608\n|detailschange|p2a: Garchomp|Garchomp-Mega, M\n|-mega|p2a: Garchomp|Garchomp|Garchompite\n|move|p2a: Garchomp|Swords Dance|p2a: Garchomp\n|-boost|p2a: Garchomp|atk|2\n|move|p1a: Gholdengo|Recover|p1a: Gholdengo\n|-heal|p1a: Gholdengo|100\/100\n|\n|upkeep\n|turn|11\n|\n|t:|1700724619\n|switch|p1a: Dragonite|Dragonite, F|100\/100\n|move|p2a: Garchomp|Scale Shot|p1a: Dragonite\n|-supereffective|p1a: Dragonite\n|-damage|p1a: Dragonite|64\/100\n|-supereffective|p1a: Dragonite\n|-damage|p1a: Dragonite|0 fnt\n|faint|p1a: Dragonite\n|-hitcount|p1: Dragonite|2\n|-unboost|p2a: Garchomp|def|1\n|-boost|p2a: Garchomp|spe|1\n|\n|upkeep\n|\n|t:|1700724626\n|switch|p1a: Samurott|Samurott-Hisui, F|100\/100\n|turn|12\n|\n|t:|1700724639\n|move|p2a: Garchomp|Earthquake|p1a: Samurott\n|-damage|p1a: Samurott|0 fnt\n|faint|p1a: Samurott\n|\n|upkeep\n|\n|t:|1700724643\n|switch|p1a: Tauros|Tauros, M|100\/100\n|turn|13\n|\n|t:|1700724647\n|move|p2a: Garchomp|Scale Shot|p1a: Tauros\n|-damage|p1a: Tauros|59\/100\n|-damage|p1a: Tauros|21\/100\n|-damage|p1a: Tauros|0 fnt\n|faint|p1a: Tauros\n|-hitcount|p1: Tauros|3\n|-unboost|p2a: Garchomp|def|1\n|-boost|p2a: Garchomp|spe|1\n|\n|upkeep\n|\n|t:|1700724649\n|switch|p1a: Gholdengo|Gholdengo, tera:Steel|100\/100\n|turn|14\n|\n|t:|1700724653\n|move|p2a: Garchomp|Earthquake|p1a: Gholdengo\n|-supereffective|p1a: Gholdengo\n|-damage|p1a: Gholdengo|0 fnt\n|faint|p1a: Gholdengo\n|\n|win|killgaldo\n|raw|LeftyAnt682's rating: 1203 &rarr; <strong>1176<\/strong><br \/>(-27 for losing)\n|raw|killgaldo's rating: 1172 &rarr; <strong>1199<\/strong><br \/>(+27 for winning)\n|l|\u2606LeftyAnt682\n","uploadtime":1700724660,"views":17,"p1id":"leftyant682","p2id":"killgaldo","formatid":"gen9nationaldexubers","rating":1176,"private":0,"password":""}