{"id":"gen9nationaldexubers-1987710980","p1":"JustMonika_CARR","p2":"AmarokShadowwolf","format":"[Gen 9] National Dex Ubers","log":"|j|\u2606JustMonika_CARR\n|j|\u2606AmarokShadowwolf\n|t:|1699629910\n|gametype|singles\n|player|p1|JustMonika_CARR|rosa|1528\n|player|p2|AmarokShadowwolf|101|1402\n|teamsize|p1|6\n|teamsize|p2|6\n|gen|9\n|tier|[Gen 9] National Dex Ubers\n|rated|\n|rule|HP Percentage Mod: HP is shown in percentages\n|rule|Endless Battle Clause: Forcing endless battles is banned\n|rule|OHKO Clause: OHKO moves are banned\n|rule|Evasion Moves Clause: Evasion moves are banned\n|rule|Evasion Items Clause: Evasion items are banned\n|rule|Species Clause: Limit one of each Pok\u00e9mon\n|rule|Sleep Clause Mod: Limit one foe put to sleep\n|rule|Mega Rayquaza Clause: You cannot mega evolve Rayquaza\n|clearpoke\n|poke|p1|Marshadow|\n|poke|p1|Mewtwo|\n|poke|p1|Arceus|\n|poke|p1|Forretress, F|\n|poke|p1|Pheromosa|\n|poke|p1|Necrozma-Dawn-Wings|\n|poke|p2|Glimmora, F|\n|poke|p2|Garganacl, M|\n|poke|p2|Volcarona, F|\n|poke|p2|Blaziken, M|\n|poke|p2|Groudon|\n|poke|p2|Annihilape, M|\n|teampreview\n|inactive|Battle timer is ON: inactive players will automatically lose when time's up. (requested by AmarokShadowwolf)\n|c|\u2606AmarokShadowwolf|gl hf\n|\n|t:|1699629921\n|start\n|switch|p1a: Forretress|Forretress, F, shiny|100\/100\n|switch|p2a: Glimmora|Glimmora, F|100\/100\n|turn|1\n|\n|t:|1699629928\n|move|p2a: Glimmora|Stealth Rock|p1a: Forretress\n|-sidestart|p1: JustMonika_CARR|move: Stealth Rock\n|move|p1a: Forretress|Toxic Spikes|p2a: Glimmora\n|-sidestart|p2: AmarokShadowwolf|move: Toxic Spikes\n|\n|upkeep\n|turn|2\n|\n|t:|1699629934\n|switch|p2a: Annihilape|Annihilape, M|100\/100\n|-status|p2a: Annihilape|psn\n|move|p1a: Forretress|Stealth Rock|p2a: Annihilape\n|-sidestart|p2: AmarokShadowwolf|move: Stealth Rock\n|\n|-damage|p2a: Annihilape|88\/100 psn|[from] psn\n|upkeep\n|turn|3\n|\n|t:|1699629943\n|move|p2a: Annihilape|Substitute|p2a: Annihilape\n|-start|p2a: Annihilape|Substitute\n|-damage|p2a: Annihilape|63\/100 psn\n|move|p1a: Forretress|Toxic Spikes|p2a: Annihilape\n|-sidestart|p2: AmarokShadowwolf|move: Toxic Spikes\n|\n|-heal|p2a: Annihilape|69\/100 psn|[from] item: Leftovers\n|-damage|p2a: Annihilape|57\/100 psn|[from] psn\n|upkeep\n|turn|4\n|\n|t:|1699629954\n|move|p2a: Annihilape|Bulk Up|p2a: Annihilape\n|-boost|p2a: Annihilape|atk|1\n|-boost|p2a: Annihilape|def|1\n|move|p1a: Forretress|Rapid Spin|p2a: Annihilape\n|-immune|p2a: Annihilape\n|\n|-heal|p2a: Annihilape|63\/100 psn|[from] item: Leftovers\n|-damage|p2a: Annihilape|50\/100 psn|[from] psn\n|upkeep\n|turn|5\n|\n|t:|1699629958\n|move|p2a: Annihilape|Bulk Up|p2a: Annihilape\n|-boost|p2a: Annihilape|atk|1\n|-boost|p2a: Annihilape|def|1\n|move|p1a: Forretress|Rapid Spin|p2a: Annihilape\n|-immune|p2a: Annihilape\n|\n|-heal|p2a: Annihilape|57\/100 psn|[from] item: Leftovers\n|-damage|p2a: Annihilape|44\/100 psn|[from] psn\n|upkeep\n|turn|6\n|\n|t:|1699629961\n|move|p2a: Annihilape|Bulk Up|p2a: Annihilape\n|-boost|p2a: Annihilape|atk|1\n|-boost|p2a: Annihilape|def|1\n|move|p1a: Forretress|Rapid Spin|p2a: Annihilape\n|-immune|p2a: Annihilape\n|\n|-heal|p2a: Annihilape|50\/100 psn|[from] item: Leftovers\n|-damage|p2a: Annihilape|38\/100 psn|[from] psn\n|upkeep\n|turn|7\n|\n|t:|1699629966\n|move|p2a: Annihilape|Bulk Up|p2a: Annihilape\n|-boost|p2a: Annihilape|atk|1\n|-boost|p2a: Annihilape|def|1\n|move|p1a: Forretress|Rapid Spin|p2a: Annihilape\n|-immune|p2a: Annihilape\n|\n|-heal|p2a: Annihilape|44\/100 psn|[from] item: Leftovers\n|-damage|p2a: Annihilape|31\/100 psn|[from] psn\n|upkeep\n|turn|8\n|\n|t:|1699629969\n|move|p2a: Annihilape|Bulk Up|p2a: Annihilape\n|-boost|p2a: Annihilape|atk|1\n|-boost|p2a: Annihilape|def|1\n|move|p1a: Forretress|Rapid Spin|p2a: Annihilape\n|-immune|p2a: Annihilape\n|\n|-heal|p2a: Annihilape|38\/100 psn|[from] item: Leftovers\n|-damage|p2a: Annihilape|25\/100 psn|[from] psn\n|upkeep\n|turn|9\n|\n|t:|1699629974\n|move|p2a: Annihilape|Bulk Up|p2a: Annihilape\n|-boost|p2a: Annihilape|atk|1\n|-boost|p2a: Annihilape|def|1\n|move|p1a: Forretress|Rapid Spin|p2a: Annihilape\n|-immune|p2a: Annihilape\n|\n|-heal|p2a: Annihilape|31\/100 psn|[from] item: Leftovers\n|-damage|p2a: Annihilape|19\/100 psn|[from] psn\n|upkeep\n|turn|10\n|\n|t:|1699629977\n|move|p2a: Annihilape|Drain Punch|p1a: Forretress\n|-damage|p1a: Forretress|22\/100\n|-heal|p2a: Annihilape|57\/100 psn|[from] drain|[of] p1a: Forretress\n|-enditem|p1a: Forretress|Red Card|[of] p2a: Annihilape\n|drag|p2a: Groudon|Groudon|100\/100\n|-status|p2a: Groudon|tox\n|-damage|p2a: Groudon|94\/100 tox|[from] Stealth Rock\n|detailschange|p2a: Groudon|Groudon-Primal\n|-primal|p2a: Groudon|Red Orb\n|-weather|DesolateLand|[from] ability: Desolate Land|[of] p2a: Groudon\n|move|p1a: Forretress|Rapid Spin|p2a: Groudon\n|-damage|p2a: Groudon|87\/100 tox\n|-boost|p1a: Forretress|spe|1\n|-sideend|p1: JustMonika_CARR|Stealth Rock|[from] move: Rapid Spin|[of] p1a: Forretress\n|\n|-weather|DesolateLand|[upkeep]\n|-damage|p2a: Groudon|81\/100 tox|[from] psn\n|upkeep\n|turn|11\n|c|\u2606AmarokShadowwolf|sad\n|\n|t:|1699629996\n|move|p1a: Forretress|Endure|p1a: Forretress\n|-singleturn|p1a: Forretress|move: Endure\n|move|p2a: Groudon|Hone Claws|p2a: Groudon\n|-boost|p2a: Groudon|atk|1\n|-boost|p2a: Groudon|accuracy|1\n|\n|-weather|DesolateLand|[upkeep]\n|-damage|p2a: Groudon|68\/100 tox|[from] psn\n|upkeep\n|turn|12\n|\n|t:|1699630005\n|move|p1a: Forretress|Endure||[still]\n|-fail|p1a: Forretress\n|move|p2a: Groudon|Precipice Blades|p1a: Forretress\n|-damage|p1a: Forretress|0 fnt\n|faint|p1a: Forretress\n|\n|-weather|DesolateLand|[upkeep]\n|-damage|p2a: Groudon|50\/100 tox|[from] psn\n|upkeep\n|\n|t:|1699630015\n|switch|p1a: Marshadow|Marshadow|100\/100\n|turn|13\n|\n|t:|1699630020\n|-weather|none\n|switch|p2a: Glimmora|Glimmora, F|100\/100\n|-sideend|p2: AmarokShadowwolf|move: Toxic Spikes|[of] p2a: Glimmora\n|-damage|p2a: Glimmora|88\/100|[from] Stealth Rock\n|move|p1a: Marshadow|Spectral Thief|p2a: Glimmora\n|-damage|p2a: Glimmora|43\/100\n|-activate|p2a: Glimmora|ability: Toxic Debris\n|-sidestart|p1: JustMonika_CARR|move: Toxic Spikes\n|\n|upkeep\n|turn|14\n|\n|t:|1699630035\n|move|p1a: Marshadow|Spectral Thief|p2a: Glimmora\n|-damage|p2a: Glimmora|0 fnt\n|-activate|p2a: Glimmora|ability: Toxic Debris\n|-sidestart|p1: JustMonika_CARR|move: Toxic Spikes\n|faint|p2a: Glimmora\n|\n|upkeep\n|\n|t:|1699630045\n|switch|p2a: Garganacl|Garganacl, M|100\/100\n|-damage|p2a: Garganacl|88\/100|[from] Stealth Rock\n|turn|15\n|\n|t:|1699630053\n|move|p1a: Marshadow|Force Palm|p2a: Garganacl\n|-supereffective|p2a: Garganacl\n|-damage|p2a: Garganacl|29\/100\n|move|p2a: Garganacl|Salt Cure|p1a: Marshadow\n|-resisted|p1a: Marshadow\n|-damage|p1a: Marshadow|91\/100\n|-start|p1a: Marshadow|Salt Cure\n|\n|-heal|p2a: Garganacl|35\/100|[from] item: Leftovers\n|-damage|p1a: Marshadow|79\/100|[from] Salt Cure\n|upkeep\n|turn|16\n|\n|t:|1699630065\n|switch|p2a: Annihilape|Annihilape, M|57\/100 psn\n|-damage|p2a: Annihilape|51\/100 psn|[from] Stealth Rock\n|move|p1a: Marshadow|Force Palm|p2a: Annihilape\n|-immune|p2a: Annihilape\n|\n|-heal|p2a: Annihilape|57\/100 psn|[from] item: Leftovers\n|-damage|p2a: Annihilape|45\/100 psn|[from] psn\n|-damage|p1a: Marshadow|67\/100|[from] Salt Cure\n|upkeep\n|turn|17\n|\n|t:|1699630080\n|move|p1a: Marshadow|Shadow Sneak|p2a: Annihilape\n|-supereffective|p2a: Annihilape\n|-damage|p2a: Annihilape|0 fnt\n|faint|p2a: Annihilape\n|\n|-damage|p1a: Marshadow|54\/100|[from] Salt Cure\n|upkeep\n|\n|t:|1699630083\n|switch|p2a: Garganacl|Garganacl, M|35\/100\n|-damage|p2a: Garganacl|23\/100|[from] Stealth Rock\n|turn|18\n|\n|t:|1699630090\n|-terastallize|p2a: Garganacl|Ghost\n|move|p1a: Marshadow|Force Palm|p2a: Garganacl\n|-immune|p2a: Garganacl\n|move|p2a: Garganacl|Recover|p2a: Garganacl\n|-heal|p2a: Garganacl|73\/100\n|\n|-heal|p2a: Garganacl|79\/100|[from] item: Leftovers\n|-damage|p1a: Marshadow|42\/100|[from] Salt Cure\n|upkeep\n|turn|19\n|\n|t:|1699630101\n|move|p1a: Marshadow|Spectral Thief|p2a: Garganacl\n|-supereffective|p2a: Garganacl\n|-damage|p2a: Garganacl|50\/100\n|move|p2a: Garganacl|Recover|p2a: Garganacl\n|-heal|p2a: Garganacl|99\/100\n|\n|-heal|p2a: Garganacl|100\/100|[from] item: Leftovers\n|-damage|p1a: Marshadow|29\/100|[from] Salt Cure\n|upkeep\n|turn|20\n|\n|t:|1699630115\n|move|p1a: Marshadow|Spectral Thief|p2a: Garganacl\n|-supereffective|p2a: Garganacl\n|-damage|p2a: Garganacl|69\/100\n|move|p2a: Garganacl|Salt Cure|p1a: Marshadow\n|-resisted|p1a: Marshadow\n|-damage|p1a: Marshadow|21\/100\n|\n|-heal|p2a: Garganacl|75\/100|[from] item: Leftovers\n|-damage|p1a: Marshadow|8\/100|[from] Salt Cure\n|upkeep\n|turn|21\n|\n|t:|1699630127\n|move|p1a: Marshadow|Spectral Thief|p2a: Garganacl\n|-supereffective|p2a: Garganacl\n|-crit|p2a: Garganacl\n|-damage|p2a: Garganacl|29\/100\n|move|p2a: Garganacl|Iron Defense|p2a: Garganacl\n|-boost|p2a: Garganacl|def|2\n|\n|-heal|p2a: Garganacl|36\/100|[from] item: Leftovers\n|-damage|p1a: Marshadow|0 fnt|[from] Salt Cure\n|faint|p1a: Marshadow\n|upkeep\n|\n|t:|1699630150\n|switch|p1a: Necrozma|Necrozma-Dawn-Wings, shiny|100\/100\n|-status|p1a: Necrozma|tox\n|turn|22\n|\n|t:|1699630161\n|detailschange|p1a: Necrozma|Necrozma-Ultra, shiny\n|-burst|p1a: Necrozma|Necrozma|Ultranecrozium Z\n|move|p1a: Necrozma|Moongeist Beam|p2a: Garganacl\n|-supereffective|p2a: Garganacl\n|-damage|p2a: Garganacl|0 fnt\n|faint|p2a: Garganacl\n|\n|-damage|p1a: Necrozma|94\/100 tox|[from] psn\n|upkeep\n|\n|t:|1699630169\n|switch|p2a: Groudon|Groudon-Primal|50\/100 tox\n|-damage|p2a: Groudon|37\/100 tox|[from] Stealth Rock\n|-weather|DesolateLand|[from] ability: Desolate Land|[of] p2a: Groudon\n|turn|23\n|\n|t:|1699630180\n|move|p1a: Necrozma|Photon Geyser|p2a: Groudon\n|-damage|p2a: Groudon|0 fnt\n|faint|p2a: Groudon\n|-weather|none\n|\n|-damage|p1a: Necrozma|82\/100 tox|[from] psn\n|upkeep\n|\n|t:|1699630187\n|switch|p2a: Blaziken|Blaziken, M|100\/100\n|-damage|p2a: Blaziken|88\/100|[from] Stealth Rock\n|turn|24\n|\n|t:|1699630194\n|detailschange|p2a: Blaziken|Blaziken-Mega, M\n|-mega|p2a: Blaziken|Blaziken|Blazikenite\n|move|p1a: Necrozma|Calm Mind|p1a: Necrozma\n|-boost|p1a: Necrozma|spa|1\n|-boost|p1a: Necrozma|spd|1\n|move|p2a: Blaziken|Swords Dance|p2a: Blaziken\n|-boost|p2a: Blaziken|atk|2\n|\n|-damage|p1a: Necrozma|63\/100 tox|[from] psn\n|-ability|p2a: Blaziken|Speed Boost|boost\n|-boost|p2a: Blaziken|spe|1\n|upkeep\n|turn|25\n|\n|t:|1699630205\n|move|p2a: Blaziken|Protect|p2a: Blaziken\n|-singleturn|p2a: Blaziken|Protect\n|move|p1a: Necrozma|Photon Geyser|p2a: Blaziken\n|-activate|p2a: Blaziken|move: Protect\n|\n|-damage|p1a: Necrozma|38\/100 tox|[from] psn\n|-ability|p2a: Blaziken|Speed Boost|boost\n|-boost|p2a: Blaziken|spe|1\n|upkeep\n|turn|26\n|\n|t:|1699630220\n|move|p2a: Blaziken|Blaze Kick|p1a: Necrozma\n|-resisted|p1a: Necrozma\n|-damage|p1a: Necrozma|0 fnt\n|faint|p1a: Necrozma\n|\n|-ability|p2a: Blaziken|Speed Boost|boost\n|-boost|p2a: Blaziken|spe|1\n|upkeep\n|c|\u2606JustMonika_CARR|Great read\n|\n|t:|1699630230\n|switch|p1a: Pheromosa|Pheromosa, shiny|100\/100\n|-status|p1a: Pheromosa|tox\n|turn|27\n|c|\u2606AmarokShadowwolf|thank you ^_^\n|\n|t:|1699630237\n|move|p2a: Blaziken|Blaze Kick|p1a: Pheromosa\n|-supereffective|p1a: Pheromosa\n|-enditem|p1a: Pheromosa|Focus Sash\n|-damage|p1a: Pheromosa|1\/100 tox\n|move|p1a: Pheromosa|Rapid Spin|p2a: Blaziken\n|-damage|p2a: Blaziken|62\/100\n|-boost|p1a: Pheromosa|spe|1\n|-sideend|p1: JustMonika_CARR|Toxic Spikes|[from] move: Rapid Spin|[of] p1a: Pheromosa\n|\n|-damage|p1a: Pheromosa|0 fnt|[from] psn\n|faint|p1a: Pheromosa\n|-ability|p2a: Blaziken|Speed Boost|boost\n|-boost|p2a: Blaziken|spe|1\n|upkeep\n|\n|t:|1699630250\n|switch|p1a: Arceus|Arceus|100\/100\n|turn|28\n|\n|t:|1699630258\n|-terastallize|p1a: Arceus|Poison\n|move|p2a: Blaziken|Close Combat|p1a: Arceus\n|-resisted|p1a: Arceus\n|-damage|p1a: Arceus|55\/100\n|-unboost|p2a: Blaziken|def|1\n|-unboost|p2a: Blaziken|spd|1\n|move|p1a: Arceus|Cosmic Power|p1a: Arceus\n|-boost|p1a: Arceus|def|1\n|-boost|p1a: Arceus|spd|1\n|\n|-ability|p2a: Blaziken|Speed Boost|boost\n|-boost|p2a: Blaziken|spe|1\n|upkeep\n|turn|29\n|\n|t:|1699630271\n|move|p2a: Blaziken|Swords Dance|p2a: Blaziken\n|-boost|p2a: Blaziken|atk|2\n|move|p1a: Arceus|Rest|p1a: Arceus\n|-status|p1a: Arceus|slp|[from] move: Rest\n|-heal|p1a: Arceus|100\/100 slp|[silent]\n|-enditem|p1a: Arceus|Chesto Berry|[eat]\n|-curestatus|p1a: Arceus|slp|[msg]\n|\n|-ability|p2a: Blaziken|Speed Boost|boost\n|-boost|p2a: Blaziken|spe|1\n|upkeep\n|turn|30\n|\n|t:|1699630283\n|move|p2a: Blaziken|Close Combat|p1a: Arceus\n|-resisted|p1a: Arceus\n|-damage|p1a: Arceus|54\/100\n|-unboost|p2a: Blaziken|def|1\n|-unboost|p2a: Blaziken|spd|1\n|move|p1a: Arceus|Toxic|p2a: Blaziken\n|-status|p2a: Blaziken|tox\n|\n|-damage|p2a: Blaziken|56\/100 tox|[from] psn\n|upkeep\n|turn|31\n|\n|t:|1699630295\n|move|p2a: Blaziken|Swords Dance|p2a: Blaziken\n|-boost|p2a: Blaziken|atk|2\n|move|p1a: Arceus|Whirlpool|p2a: Blaziken\n|-supereffective|p2a: Blaziken\n|-damage|p2a: Blaziken|9\/100 tox\n|-activate|p2a: Blaziken|move: Whirlpool|[of] p1a: Arceus\n|\n|-damage|p2a: Blaziken|0 fnt|[from] psn\n|faint|p2a: Blaziken\n|upkeep\n|\n|t:|1699630298\n|switch|p2a: Volcarona|Volcarona, F|100\/100\n|-damage|p2a: Volcarona|50\/100|[from] Stealth Rock\n|turn|32\n|c|\u2606AmarokShadowwolf|gg i think\n|\n|t:|1699630309\n|move|p1a: Arceus|Whirlpool|p2a: Volcarona\n|-supereffective|p2a: Volcarona\n|-damage|p2a: Volcarona|34\/100\n|-activate|p2a: Volcarona|move: Whirlpool|[of] p1a: Arceus\n|move|p2a: Volcarona|Morning Sun|p2a: Volcarona\n|-heal|p2a: Volcarona|84\/100\n|\n|-heal|p2a: Volcarona|91\/100|[from] item: Leftovers\n|-damage|p2a: Volcarona|78\/100|[from] move: Whirlpool|[partiallytrapped]\n|upkeep\n|turn|33\n|\n|t:|1699630319\n|move|p1a: Arceus|Cosmic Power|p1a: Arceus\n|-boost|p1a: Arceus|def|1\n|-boost|p1a: Arceus|spd|1\n|move|p2a: Volcarona|Quiver Dance|p2a: Volcarona\n|-boost|p2a: Volcarona|spa|1\n|-boost|p2a: Volcarona|spd|1\n|-boost|p2a: Volcarona|spe|1\n|\n|-heal|p2a: Volcarona|84\/100|[from] item: Leftovers\n|-damage|p2a: Volcarona|72\/100|[from] move: Whirlpool|[partiallytrapped]\n|upkeep\n|turn|34\n|\n|t:|1699630329\n|move|p2a: Volcarona|Quiver Dance|p2a: Volcarona\n|-boost|p2a: Volcarona|spa|1\n|-boost|p2a: Volcarona|spd|1\n|-boost|p2a: Volcarona|spe|1\n|move|p1a: Arceus|Toxic|p2a: Volcarona\n|-status|p2a: Volcarona|tox\n|\n|-heal|p2a: Volcarona|78\/100 tox|[from] item: Leftovers\n|-damage|p2a: Volcarona|72\/100 tox|[from] psn\n|-damage|p2a: Volcarona|60\/100 tox|[from] move: Whirlpool|[partiallytrapped]\n|upkeep\n|turn|35\n|\n|t:|1699630341\n|move|p2a: Volcarona|Fiery Dance|p1a: Arceus\n|-damage|p1a: Arceus|34\/100\n|move|p1a: Arceus|Cosmic Power|p1a: Arceus\n|-boost|p1a: Arceus|def|1\n|-boost|p1a: Arceus|spd|1\n|\n|-heal|p2a: Volcarona|66\/100 tox|[from] item: Leftovers\n|-damage|p2a: Volcarona|54\/100 tox|[from] psn\n|-damage|p2a: Volcarona|41\/100 tox|[from] move: Whirlpool|[partiallytrapped]\n|upkeep\n|turn|36\n|\n|t:|1699630355\n|move|p2a: Volcarona|Fiery Dance|p1a: Arceus\n|-damage|p1a: Arceus|19\/100\n|-boost|p2a: Volcarona|spa|1\n|move|p1a: Arceus|Rest|p1a: Arceus\n|-status|p1a: Arceus|slp|[from] move: Rest\n|-heal|p1a: Arceus|100\/100 slp|[silent]\n|\n|-heal|p2a: Volcarona|48\/100 tox|[from] item: Leftovers\n|-damage|p2a: Volcarona|29\/100 tox|[from] psn\n|-damage|p2a: Volcarona|17\/100 tox|[from] move: Whirlpool|[partiallytrapped]\n|upkeep\n|turn|37\n|\n|t:|1699630368\n|move|p2a: Volcarona|Fiery Dance|p1a: Arceus\n|-damage|p1a: Arceus|80\/100 slp\n|-boost|p2a: Volcarona|spa|1\n|cant|p1a: Arceus|slp\n|\n|-heal|p2a: Volcarona|23\/100 tox|[from] item: Leftovers\n|-damage|p2a: Volcarona|0 fnt|[from] psn\n|faint|p2a: Volcarona\n|\n|win|JustMonika_CARR\n|upkeep\n|raw|JustMonika_CARR's rating: 1528 &rarr; <strong>1541<\/strong><br \/>(+13 for winning)\n|raw|AmarokShadowwolf's rating: 1402 &rarr; <strong>1389<\/strong><br \/>(-13 for losing)\n|c|\u2606JustMonika_CARR|Gg\n|c|\u2606AmarokShadowwolf|gg wp\n|l|\u2606AmarokShadowwolf\n","uploadtime":1699630382,"views":6,"p1id":"justmonikacarr","p2id":"amarokshadowwolf","formatid":"gen9nationaldexubers","rating":1389,"private":0,"password":""}