{"id":"gen9nationaldexubers-1984900291","p1":"The_OxAlChemist","p2":"tyingtides","format":"[Gen 9] National Dex Ubers","log":"|j|\u2606The_OxAlChemist\n|j|\u2606tyingtides\n|t:|1699308946\n|gametype|singles\n|player|p1|The_OxAlChemist|colress|\n|player|p2|tyingtides|dawn|\n|teamsize|p1|4\n|teamsize|p2|4\n|gen|9\n|tier|[Gen 9] National Dex Ubers\n|rule|HP Percentage Mod: HP is shown in percentages\n|rule|Endless Battle Clause: Forcing endless battles is banned\n|rule|OHKO Clause: OHKO moves are banned\n|rule|Evasion Moves Clause: Evasion moves are banned\n|rule|Evasion Items Clause: Evasion items are banned\n|rule|Species Clause: Limit one of each Pok\u00e9mon\n|rule|Sleep Clause Mod: Limit one foe put to sleep\n|rule|Mega Rayquaza Clause: You cannot mega evolve Rayquaza\n|clearpoke\n|poke|p1|Bibarel, F|\n|poke|p1|Mew|\n|poke|p1|Granbull, M|\n|poke|p1|Gengar, F|\n|poke|p2|Lopunny, F|\n|poke|p2|Azelf|\n|poke|p2|Trevenant, M|\n|poke|p2|Carbink|\n|teampreview\n|c|\u2606The_OxAlChemist|Is that Lopunny named something cursed?\n|c|\u2606tyingtides|no why?\n|\n|t:|1699308979\n|start\n|switch|p1a: Dragon Dance|Mew|100\/100\n|switch|p2a: im tired of stall|Azelf|100\/100\n|turn|1\n|c|\u2606The_OxAlChemist|Wanted to check if I had to have words with the society\n|\n|t:|1699308995\n|move|p2a: im tired of stall|Stealth Rock|p1a: Dragon Dance\n|-sidestart|p1: The_OxAlChemist|move: Stealth Rock\n|move|p1a: Dragon Dance|Transform|p2a: im tired of stall\n|-transform|p1a: Dragon Dance|p2a: im tired of stall\n|\n|upkeep\n|turn|2\n|\n|t:|1699309002\n|move|p2a: im tired of stall|U-turn|p1a: Dragon Dance\n|-supereffective|p1a: Dragon Dance\n|-damage|p1a: Dragon Dance|48\/100\n|\n|t:|1699309022\n|switch|p2a: Mouth Gap?|Trevenant, M|100\/100|[from] U-turn\n|move|p1a: Dragon Dance|U-turn|p2a: Mouth Gap?\n|-damage|p2a: Mouth Gap?|82\/100\n|\n|t:|1699309043\n|switch|p1a: huehuehuehue|Gengar, F|100\/100|[from] U-turn\n|-damage|p1a: huehuehuehue|88\/100|[from] Stealth Rock\n|\n|-heal|p1a: huehuehuehue|94\/100|[from] item: Black Sludge\n|upkeep\n|turn|3\n|\n|t:|1699309069\n|move|p1a: huehuehuehue|Trick|p2a: Mouth Gap?\n|-activate|p1a: huehuehuehue|move: Trick|[of] p2a: Mouth Gap?\n|-item|p2a: Mouth Gap?|Black Sludge|[from] move: Trick\n|-item|p1a: huehuehuehue|Sitrus Berry|[from] move: Trick\n|move|p2a: Mouth Gap?|Leech Seed|p1a: huehuehuehue\n|-start|p1a: huehuehuehue|move: Leech Seed\n|\n|-damage|p2a: Mouth Gap?|69\/100|[from] item: Black Sludge\n|-damage|p1a: huehuehuehue|82\/100|[from] Leech Seed|[of] p2a: Mouth Gap?\n|-heal|p2a: Mouth Gap?|80\/100|[silent]\n|upkeep\n|turn|4\n|\n|t:|1699309093\n|move|p1a: huehuehuehue|Hypnosis|p2a: Mouth Gap?\n|-status|p2a: Mouth Gap?|slp|[from] move: Hypnosis\n|cant|p2a: Mouth Gap?|slp\n|\n|-damage|p2a: Mouth Gap?|68\/100 slp|[from] item: Black Sludge\n|-damage|p1a: huehuehuehue|70\/100|[from] Leech Seed|[of] p2a: Mouth Gap?\n|-heal|p2a: Mouth Gap?|79\/100 slp|[silent]\n|upkeep\n|turn|5\n|\n|t:|1699309103\n|move|p1a: huehuehuehue|Hex|p2a: Mouth Gap?\n|-supereffective|p2a: Mouth Gap?\n|-damage|p2a: Mouth Gap?|0 fnt\n|faint|p2a: Mouth Gap?\n|\n|upkeep\n|\n|t:|1699309115\n|switch|p2a: Max your stats|Lopunny, F|100\/100\n|turn|6\n|\n|t:|1699309132\n|switch|p1a: Winston|Granbull, M|100\/100\n|-damage|p1a: Winston|88\/100|[from] Stealth Rock\n|detailschange|p2a: Max your stats|Lopunny-Mega, F\n|-mega|p2a: Max your stats|Lopunny|Lopunnite\n|move|p2a: Max your stats|Work Up|p2a: Max your stats\n|-boost|p2a: Max your stats|atk|1\n|-boost|p2a: Max your stats|spa|1\n|\n|-status|p1a: Winston|tox|[from] item: Toxic Orb\n|upkeep\n|turn|7\n|\n|t:|1699309155\n|move|p1a: Winston|Play Rough|p2a: Max your stats\n|-supereffective|p2a: Max your stats\n|-damage|p2a: Max your stats|23\/100\n|move|p2a: Max your stats|Drain Punch|p1a: Winston\n|-resisted|p1a: Winston\n|-damage|p1a: Winston|53\/100 tox\n|-heal|p2a: Max your stats|40\/100|[from] drain|[of] p1a: Winston\n|\n|-damage|p1a: Winston|47\/100 tox|[from] psn\n|upkeep\n|turn|8\n|c|\u2606The_OxAlChemist|Maybe I'll be Winston\n|\n|t:|1699309210\n|switch|p2a: Diet Diancie (TM)|Carbink|100\/100\n|move|p1a: Winston|Play Rough|p2a: Diet Diancie (TM)|[miss]\n|-miss|p1a: Winston|p2a: Diet Diancie (TM)\n|\n|-damage|p1a: Winston|34\/100 tox|[from] psn\n|upkeep\n|turn|9\n|\n|t:|1699309230\n|move|p1a: Winston|Earthquake|p2a: Diet Diancie (TM)\n|-supereffective|p2a: Diet Diancie (TM)\n|-damage|p2a: Diet Diancie (TM)|57\/100\n|move|p2a: Diet Diancie (TM)|Trick Room|p2a: Diet Diancie (TM)\n|-fieldstart|move: Trick Room|[of] p2a: Diet Diancie (TM)\n|\n|-damage|p1a: Winston|16\/100 tox|[from] psn\n|upkeep\n|turn|10\n|\n|t:|1699309251\n|move|p2a: Diet Diancie (TM)|Body Press|p1a: Winston\n|-resisted|p1a: Winston\n|-damage|p1a: Winston|0 fnt\n|faint|p1a: Winston\n|\n|upkeep\n|\n|t:|1699309271\n|switch|p1a: Dragon Dance|Mew|48\/100\n|-damage|p1a: Dragon Dance|36\/100|[from] Stealth Rock\n|turn|11\n|\n|t:|1699309289\n|switch|p2a: im tired of stall|Azelf|100\/100\n|move|p1a: Dragon Dance|Scald|p2a: im tired of stall\n|-damage|p2a: im tired of stall|74\/100\n|\n|-heal|p1a: Dragon Dance|42\/100|[from] item: Leftovers\n|upkeep\n|turn|12\n|\n|t:|1699309310\n|move|p1a: Dragon Dance|Scald|p2a: im tired of stall\n|-damage|p2a: im tired of stall|46\/100\n|move|p2a: im tired of stall|U-turn|p1a: Dragon Dance\n|-supereffective|p1a: Dragon Dance\n|-damage|p1a: Dragon Dance|11\/100\n|\n|t:|1699309342\n|switch|p2a: Diet Diancie (TM)|Carbink|57\/100|[from] U-turn\n|\n|-heal|p1a: Dragon Dance|17\/100|[from] item: Leftovers\n|upkeep\n|turn|13\n|\n|t:|1699309359\n|move|p2a: Diet Diancie (TM)|Body Press|p1a: Dragon Dance\n|-resisted|p1a: Dragon Dance\n|-damage|p1a: Dragon Dance|6\/100\n|move|p1a: Dragon Dance|Scald|p2a: Diet Diancie (TM)\n|-supereffective|p2a: Diet Diancie (TM)\n|-damage|p2a: Diet Diancie (TM)|27\/100\n|\n|-heal|p1a: Dragon Dance|13\/100|[from] item: Leftovers\n|-fieldend|move: Trick Room\n|upkeep\n|turn|14\n|\n|t:|1699309372\n|move|p1a: Dragon Dance|Scald|p2a: Diet Diancie (TM)\n|-supereffective|p2a: Diet Diancie (TM)\n|-damage|p2a: Diet Diancie (TM)|0 fnt\n|faint|p2a: Diet Diancie (TM)\n|\n|-heal|p1a: Dragon Dance|19\/100|[from] item: Leftovers\n|upkeep\n|\n|t:|1699309380\n|switch|p2a: im tired of stall|Azelf|46\/100\n|turn|15\n|\n|t:|1699309400\n|move|p2a: im tired of stall|U-turn|p1a: Dragon Dance\n|-supereffective|p1a: Dragon Dance\n|-damage|p1a: Dragon Dance|0 fnt\n|faint|p1a: Dragon Dance\n|\n|t:|1699309404\n|switch|p2a: Max your stats|Lopunny-Mega, F|40\/100|[from] U-turn\n|\n|upkeep\n|\n|t:|1699309407\n|switch|p1a: huehuehuehue|Gengar, F|70\/100\n|-damage|p1a: huehuehuehue|57\/100|[from] Stealth Rock\n|turn|16\n|\n|t:|1699309420\n|move|p1a: huehuehuehue|Hypnosis|p2a: Max your stats\n|-status|p2a: Max your stats|slp|[from] move: Hypnosis\n|cant|p2a: Max your stats|slp\n|\n|upkeep\n|turn|17\n|\n|t:|1699309426\n|move|p1a: huehuehuehue|Dream Eater|p2a: Max your stats\n|-supereffective|p2a: Max your stats\n|-damage|p2a: Max your stats|0 fnt\n|-heal|p1a: huehuehuehue|78\/100|[from] drain|[of] p2a: Max your stats\n|faint|p2a: Max your stats\n|\n|upkeep\n|\n|t:|1699309433\n|switch|p2a: im tired of stall|Azelf|46\/100\n|turn|18\n|c|\u2606The_OxAlChemist|BIG MAN GENGAR\n|\n|t:|1699309443\n|move|p2a: im tired of stall|Power-Up Punch|p1a: huehuehuehue\n|-immune|p1a: huehuehuehue\n|move|p1a: huehuehuehue|Hex|p2a: im tired of stall\n|-supereffective|p2a: im tired of stall\n|-damage|p2a: im tired of stall|0 fnt\n|faint|p2a: im tired of stall\n|\n|win|The_OxAlChemist\n|c|\u2606The_OxAlChemist|I'll get the replay and rechallenge\n","uploadtime":1699309458,"views":9,"p1id":"theoxalchemist","p2id":"tyingtides","formatid":"gen9nationaldexubers","rating":0,"private":0,"password":""}