{"id":"gen9nationaldexubers-1983718468","p1":"omegashenronone","p2":"ToastSlayer","format":"[Gen 9] National Dex Ubers","log":"|j|\u2606omegashenronone\n|j|\u2606ToastSlayer\n|t:|1699166626\n|gametype|singles\n|player|p1|omegashenronone|hugh|\n|player|p2|ToastSlayer|266|\n|teamsize|p1|4\n|teamsize|p2|4\n|gen|9\n|tier|[Gen 9] National Dex Ubers\n|rule|HP Percentage Mod: HP is shown in percentages\n|rule|Endless Battle Clause: Forcing endless battles is banned\n|rule|OHKO Clause: OHKO moves are banned\n|rule|Evasion Moves Clause: Evasion moves are banned\n|rule|Evasion Items Clause: Evasion items are banned\n|rule|Species Clause: Limit one of each Pok\u00e9mon\n|rule|Sleep Clause Mod: Limit one foe put to sleep\n|rule|Mega Rayquaza Clause: You cannot mega evolve Rayquaza\n|clearpoke\n|poke|p1|Regirock|\n|poke|p1|Registeel|\n|poke|p1|Regice|\n|poke|p1|Regigigas|\n|poke|p2|Kangaskhan, F|\n|poke|p2|Miltank, F|\n|poke|p2|Squawkabilly, F|\n|poke|p2|Porygon-Z|\n|teampreview\n|inactive|Battle timer is ON: inactive players will automatically lose when time's up. (requested by omegashenronone)\n|\n|t:|1699166656\n|start\n|switch|p1a: Bob|Regirock|100\/100\n|switch|p2a: Miltank|Miltank, F|100\/100\n|turn|1\n|\n|t:|1699166661\n|move|p2a: Miltank|Curse|p2a: Miltank\n|-unboost|p2a: Miltank|spe|1\n|-boost|p2a: Miltank|atk|1\n|-boost|p2a: Miltank|def|1\n|move|p1a: Bob|Body Press|p2a: Miltank\n|-supereffective|p2a: Miltank\n|-damage|p2a: Miltank|68\/100\n|\n|-heal|p2a: Miltank|74\/100|[from] item: Leftovers\n|upkeep\n|turn|2\n|\n|t:|1699166668\n|move|p2a: Miltank|Curse|p2a: Miltank\n|-unboost|p2a: Miltank|spe|1\n|-boost|p2a: Miltank|atk|1\n|-boost|p2a: Miltank|def|1\n|move|p1a: Bob|Body Press|p2a: Miltank\n|-supereffective|p2a: Miltank\n|-damage|p2a: Miltank|49\/100\n|\n|-heal|p2a: Miltank|55\/100|[from] item: Leftovers\n|upkeep\n|turn|3\n|\n|t:|1699166681\n|move|p1a: Bob|Body Press|p2a: Miltank\n|-supereffective|p2a: Miltank\n|-damage|p2a: Miltank|28\/100\n|move|p2a: Miltank|Curse|p2a: Miltank\n|-unboost|p2a: Miltank|spe|1\n|-boost|p2a: Miltank|atk|1\n|-boost|p2a: Miltank|def|1\n|\n|-heal|p2a: Miltank|35\/100|[from] item: Leftovers\n|upkeep\n|turn|4\n|\n|t:|1699166685\n|move|p1a: Bob|Body Press|p2a: Miltank\n|-supereffective|p2a: Miltank\n|-damage|p2a: Miltank|13\/100\n|move|p2a: Miltank|Milk Drink|p2a: Miltank\n|-heal|p2a: Miltank|63\/100\n|\n|-heal|p2a: Miltank|69\/100|[from] item: Leftovers\n|upkeep\n|turn|5\n|\n|t:|1699166693\n|move|p1a: Bob|Body Press|p2a: Miltank\n|-supereffective|p2a: Miltank\n|-damage|p2a: Miltank|49\/100\n|move|p2a: Miltank|Milk Drink|p2a: Miltank\n|-heal|p2a: Miltank|99\/100\n|\n|-heal|p2a: Miltank|100\/100|[from] item: Leftovers\n|upkeep\n|turn|6\n|\n|t:|1699166698\n|move|p1a: Bob|Explosion|p2a: Miltank\n|-damage|p2a: Miltank|86\/100\n|faint|p1a: Bob\n|move|p2a: Miltank|Body Press|p1: Bob|[notarget]\n|-fail|p2a: Miltank\n|\n|-heal|p2a: Miltank|92\/100|[from] item: Leftovers\n|upkeep\n|\n|t:|1699166704\n|switch|p1a: I|Regice|100\/100\n|turn|7\n|\n|t:|1699166707\n|move|p1a: I|Focus Blast|p2a: Miltank|[miss]\n|-miss|p1a: I|p2a: Miltank\n|move|p2a: Miltank|Body Press|p1a: I\n|-supereffective|p1a: I\n|-damage|p1a: I|0 fnt\n|-damage|p2a: Miltank|75\/100|[from] item: Rocky Helmet|[of] p1a: I\n|faint|p1a: I\n|\n|-heal|p2a: Miltank|81\/100|[from] item: Leftovers\n|upkeep\n|c|\u2606omegashenronone|Good game\n|\n|t:|1699166726\n|switch|p1a: Uchiha|Regigigas|100\/100\n|-start|p1a: Uchiha|ability: Slow Start\n|turn|8\n|\n|t:|1699166731\n|-terastallize|p1a: Uchiha|Fighting\n|move|p1a: Uchiha|Drain Punch|p2a: Miltank\n|-supereffective|p2a: Miltank\n|-damage|p2a: Miltank|69\/100\n|move|p2a: Miltank|Body Press|p1a: Uchiha\n|-damage|p1a: Uchiha|51\/100\n|\n|-heal|p1a: Uchiha|57\/100|[from] item: Leftovers\n|-heal|p2a: Miltank|75\/100|[from] item: Leftovers\n|upkeep\n|turn|9\n|\n|t:|1699166739\n|move|p1a: Uchiha|Drain Punch|p2a: Miltank\n|-supereffective|p2a: Miltank\n|-damage|p2a: Miltank|63\/100\n|-heal|p1a: Uchiha|63\/100|[from] drain|[of] p2a: Miltank\n|move|p2a: Miltank|Body Press|p1a: Uchiha\n|-damage|p1a: Uchiha|17\/100\n|\n|-heal|p1a: Uchiha|23\/100|[from] item: Leftovers\n|-heal|p2a: Miltank|69\/100|[from] item: Leftovers\n|upkeep\n|turn|10\n|\n|t:|1699166746\n|move|p1a: Uchiha|Drain Punch|p2a: Miltank\n|-supereffective|p2a: Miltank\n|-damage|p2a: Miltank|56\/100\n|-heal|p1a: Uchiha|29\/100|[from] drain|[of] p2a: Miltank\n|move|p2a: Miltank|Body Press|p1a: Uchiha\n|-damage|p1a: Uchiha|0 fnt\n|faint|p1a: Uchiha\n|-end|p1a: Uchiha|Slow Start|[silent]\n|\n|-heal|p2a: Miltank|62\/100|[from] item: Leftovers\n|upkeep\n|\n|t:|1699166749\n|switch|p1a: Am|Registeel|100\/100\n|turn|11\n|\n|t:|1699166753\n|move|p1a: Am|Iron Defense|p1a: Am\n|-boost|p1a: Am|def|2\n|move|p2a: Miltank|Body Press|p1a: Am\n|-supereffective|p1a: Am\n|-damage|p1a: Am|58\/100\n|\n|-heal|p2a: Miltank|68\/100|[from] item: Leftovers\n|upkeep\n|turn|12\n|\n|t:|1699166758\n|move|p1a: Am|Iron Defense|p1a: Am\n|-boost|p1a: Am|def|2\n|move|p2a: Miltank|Body Press|p1a: Am\n|-supereffective|p1a: Am\n|-damage|p1a: Am|31\/100\n|\n|-heal|p2a: Miltank|74\/100|[from] item: Leftovers\n|upkeep\n|turn|13\n|\n|t:|1699166760\n|move|p1a: Am|Body Press|p2a: Miltank\n|-supereffective|p2a: Miltank\n|-crit|p2a: Miltank\n|-damage|p2a: Miltank|0 fnt\n|faint|p2a: Miltank\n|\n|upkeep\n|\n|t:|1699166767\n|switch|p2a: Porygon-Z|Porygon-Z|100\/100\n|turn|14\n|c|\u2606omegashenronone|Registeel sweep??\n|\n|t:|1699166774\n|move|p2a: Porygon-Z|Shadow Ball|p1a: Am\n|-damage|p1a: Am|11\/100\n|-enditem|p1a: Am|Iapapa Berry|[eat]\n|-heal|p1a: Am|44\/100|[from] item: Iapapa Berry\n|move|p1a: Am|Body Press|p2a: Porygon-Z\n|-supereffective|p2a: Porygon-Z\n|-damage|p2a: Porygon-Z|0 fnt\n|faint|p2a: Porygon-Z\n|\n|upkeep\n|\n|t:|1699166781\n|switch|p2a: Squawkabilly|Squawkabilly, F|100\/100\n|-ability|p2a: Squawkabilly|Intimidate|boost\n|-fail|p1a: Am|unboost|[from] ability: Clear Body|[of] p1a: Am\n|turn|15\n|\n|t:|1699166788\n|move|p2a: Squawkabilly|Double-Edge|p1a: Am\n|-resisted|p1a: Am\n|-damage|p1a: Am|39\/100\n|-damage|p2a: Squawkabilly|99\/100|[from] Recoil\n|move|p1a: Am|Body Press|p2a: Squawkabilly\n|-damage|p2a: Squawkabilly|0 fnt\n|faint|p2a: Squawkabilly\n|\n|upkeep\n|\n|t:|1699166791\n|switch|p2a: Kangaskhan|Kangaskhan, F|100\/100\n|turn|16\n|\n|t:|1699166797\n|detailschange|p2a: Kangaskhan|Kangaskhan-Mega, F\n|-mega|p2a: Kangaskhan|Kangaskhan|Kangaskhanite\n|move|p1a: Am|Protect|p1a: Am\n|-singleturn|p1a: Am|Protect\n|move|p2a: Kangaskhan|Earthquake|p1a: Am\n|-activate|p1a: Am|move: Protect\n|\n|upkeep\n|turn|17\n|\n|t:|1699166804\n|move|p2a: Kangaskhan|Earthquake|p1a: Am\n|-supereffective|p1a: Am\n|-damage|p1a: Am|25\/100\n|-supereffective|p1a: Am\n|-damage|p1a: Am|22\/100\n|-hitcount|p1a: Am|2\n|move|p1a: Am|Body Press|p2a: Kangaskhan\n|-supereffective|p2a: Kangaskhan\n|-damage|p2a: Kangaskhan|0 fnt\n|faint|p2a: Kangaskhan\n|\n|win|omegashenronone\n|c|\u2606omegashenronone|Lmao\n|c|\u2606omegashenronone|Oh my god\n|c|\u2606omegashenronone|What the fuck\n|c|\u2606omegashenronone|How did this happen\n|c|\u2606ToastSlayer|That's what happens when you forget the damn tera button.\n|c|\u2606omegashenronone|Oh my god i am so confused\n|c|\u2606ToastSlayer|Alright, run it back.\n|l|\u2606ToastSlayer\n|c|\u2606omegashenronone|I thought it was game over when i missed the FBlast\n","uploadtime":1699166919,"views":5,"p1id":"omegashenronone","p2id":"toastslayer","formatid":"gen9nationaldexubers","rating":0,"private":0,"password":""}