{"id":"gen9nationaldexubers-1993051169","p1":"WesHC","p2":"Deletta","format":"[Gen 9] National Dex Ubers","log":"|j|\u2606WesHC\n|j|\u2606Deletta\n|t:|1700259342\n|gametype|singles\n|player|p1|WesHC|richboy-gen4|1288\n|player|p2|Deletta|fisherman-gen4|1329\n|teamsize|p1|6\n|teamsize|p2|6\n|gen|9\n|tier|[Gen 9] National Dex Ubers\n|rated|\n|rule|HP Percentage Mod: HP is shown in percentages\n|rule|Endless Battle Clause: Forcing endless battles is banned\n|rule|OHKO Clause: OHKO moves are banned\n|rule|Evasion Moves Clause: Evasion moves are banned\n|rule|Evasion Items Clause: Evasion items are banned\n|rule|Species Clause: Limit one of each Pok\u00e9mon\n|rule|Sleep Clause Mod: Limit one foe put to sleep\n|rule|Mega Rayquaza Clause: You cannot mega evolve Rayquaza\n|clearpoke\n|poke|p1|Kangaskhan, F|\n|poke|p1|Chansey, F|\n|poke|p1|Zoroark-Hisui, M|\n|poke|p1|Ditto|\n|poke|p1|Porygon-Z|\n|poke|p1|Drampa, M|\n|poke|p2|Mewtwo|\n|poke|p2|Excadrill, F|\n|poke|p2|Wo-Chien|\n|poke|p2|Baxcalibur, F|\n|poke|p2|Ninetales-Alola, F|\n|poke|p2|Zygarde|\n|teampreview\n|inactive|Battle timer is ON: inactive players will automatically lose when time's up. (requested by WesHC)\n|\n|t:|1700259367\n|start\n|switch|p1a: Porygon-Z|Porygon-Z, shiny|100\/100\n|switch|p2a: Cachorro sa\u00e3o|Ninetales-Alola, F|100\/100\n|-weather|Snow|[from] ability: Snow Warning|[of] p2a: Cachorro sa\u00e3o\n|turn|1\n|\n|t:|1700259373\n|move|p1a: Porygon-Z|Flamethrower|p2a: Cachorro sa\u00e3o\n|-supereffective|p2a: Cachorro sa\u00e3o\n|-damage|p2a: Cachorro sa\u00e3o|29\/100\n|move|p2a: Cachorro sa\u00e3o|Aurora Veil|p2a: Cachorro sa\u00e3o\n|-sidestart|p2: Deletta|move: Aurora Veil\n|\n|-weather|Snow|[upkeep]\n|upkeep\n|turn|2\n|\n|t:|1700259381\n|switch|p2a: Bagre|Baxcalibur, F|100\/100\n|move|p1a: Porygon-Z|Flamethrower|p2a: Bagre\n|-damage|p2a: Bagre|85\/100\n|-ability|p2a: Bagre|Thermal Exchange|boost\n|-boost|p2a: Bagre|atk|1\n|\n|-weather|Snow|[upkeep]\n|upkeep\n|turn|3\n|\n|t:|1700259391\n|move|p1a: Porygon-Z|Bitter Malice|p2a: Bagre\n|-damage|p2a: Bagre|66\/100\n|-unboost|p2a: Bagre|atk|1\n|move|p2a: Bagre|Dragon Dance|p2a: Bagre\n|-boost|p2a: Bagre|atk|1\n|-boost|p2a: Bagre|spe|1\n|\n|-weather|Snow|[upkeep]\n|upkeep\n|turn|4\n|\n|t:|1700259408\n|move|p2a: Bagre|Icicle Spear|p1a: Porygon-Z\n|-damage|p1a: Porygon-Z|49\/100\n|replace|p1a: Zoroark|Zoroark-Hisui, M\n|-end|p1a: Zoroark|Illusion\n|-damage|p1a: Zoroark|2\/100\n|-damage|p1a: Zoroark|0 fnt\n|faint|p1a: Zoroark\n|-hitcount|p1: Zoroark|3\n|\n|-weather|Snow|[upkeep]\n|upkeep\n|\n|t:|1700259418\n|switch|p1a: Kangaskhan|Kangaskhan, F|100\/100\n|turn|5\n|\n|t:|1700259426\n|detailschange|p1a: Kangaskhan|Kangaskhan-Mega, F\n|-mega|p1a: Kangaskhan|Kangaskhan|Kangaskhanite\n|move|p1a: Kangaskhan|Fake Out|p2a: Bagre\n|-crit|p2a: Bagre\n|-damage|p2a: Bagre|45\/100\n|-damage|p2a: Bagre|44\/100\n|-hitcount|p2a: Bagre|2\n|cant|p2a: Bagre|flinch\n|\n|-weather|none\n|upkeep\n|turn|6\n|\n|t:|1700259443\n|move|p2a: Bagre|Icicle Spear|p1a: Kangaskhan\n|-damage|p1a: Kangaskhan|80\/100\n|-damage|p1a: Kangaskhan|58\/100\n|-damage|p1a: Kangaskhan|38\/100\n|-damage|p1a: Kangaskhan|17\/100\n|-hitcount|p1a: Kangaskhan|4\n|move|p1a: Kangaskhan|Power-Up Punch|p2a: Bagre\n|-supereffective|p2a: Bagre\n|-damage|p2a: Bagre|28\/100\n|-boost|p1a: Kangaskhan|atk|1\n|-supereffective|p2a: Bagre\n|-damage|p2a: Bagre|23\/100\n|-boost|p1a: Kangaskhan|atk|1\n|-hitcount|p2a: Bagre|2\n|\n|upkeep\n|turn|7\n|\n|t:|1700259456\n|move|p1a: Kangaskhan|Sucker Punch|p2a: Bagre\n|-damage|p2a: Bagre|0 fnt\n|faint|p2a: Bagre\n|-hitcount|p2: Bagre|1\n|\n|upkeep\n|\n|t:|1700259466\n|switch|p2a: Cachorro sa\u00e3o|Ninetales-Alola, F|29\/100\n|-weather|Snow|[from] ability: Snow Warning|[of] p2a: Cachorro sa\u00e3o\n|turn|8\n|\n|t:|1700259476\n|move|p2a: Cachorro sa\u00e3o|Dazzling Gleam|p1a: Kangaskhan\n|-damage|p1a: Kangaskhan|0 fnt\n|faint|p1a: Kangaskhan\n|\n|-weather|Snow|[upkeep]\n|-sideend|p2: Deletta|move: Aurora Veil\n|upkeep\n|\n|t:|1700259484\n|switch|p1a: Ditto|Ditto|100\/100\n|-transform|p1a: Ditto|p2a: Cachorro sa\u00e3o|[from] ability: Imposter\n|turn|9\n|\n|t:|1700259489\n|move|p1a: Ditto|Dazzling Gleam|p2a: Cachorro sa\u00e3o\n|-damage|p2a: Cachorro sa\u00e3o|0 fnt\n|faint|p2a: Cachorro sa\u00e3o\n|\n|-weather|Snow|[upkeep]\n|upkeep\n|\n|t:|1700259492\n|switch|p2a: Cocaine sniffer|Excadrill, F|100\/100\n|-ability|p2a: Cocaine sniffer|Mold Breaker\n|turn|10\n|\n|t:|1700259497\n|switch|p1a: Chansey|Chansey, F|100\/100\n|move|p2a: Cocaine sniffer|Iron Head|p1a: Chansey\n|-damage|p1a: Chansey|76\/100\n|\n|-weather|Snow|[upkeep]\n|upkeep\n|turn|11\n|\n|t:|1700259518\n|move|p2a: Cocaine sniffer|Toxic|p1a: Chansey\n|-status|p1a: Chansey|tox\n|move|p1a: Chansey|Seismic Toss|p2a: Cocaine sniffer\n|-damage|p2a: Cocaine sniffer|77\/100\n|\n|-weather|Snow|[upkeep]\n|-heal|p2a: Cocaine sniffer|83\/100|[from] item: Leftovers\n|-damage|p1a: Chansey|70\/100 tox|[from] psn\n|upkeep\n|turn|12\n|\n|t:|1700259541\n|-curestatus|p1a: Chansey|tox|[from] ability: Natural Cure\n|switch|p1a: Drampa|Drampa, M|100\/100\n|move|p2a: Cocaine sniffer|Iron Head|p1a: Drampa\n|-damage|p1a: Drampa|59\/100\n|\n|-weather|none\n|-heal|p2a: Cocaine sniffer|89\/100|[from] item: Leftovers\n|upkeep\n|turn|13\n|\n|t:|1700259556\n|move|p2a: Cocaine sniffer|Toxic|p1a: Drampa\n|-status|p1a: Drampa|tox\n|move|p1a: Drampa|Flamethrower|p2a: Cocaine sniffer\n|-supereffective|p2a: Cocaine sniffer\n|-damage|p2a: Cocaine sniffer|12\/100\n|\n|-heal|p2a: Cocaine sniffer|18\/100|[from] item: Leftovers\n|-damage|p1a: Drampa|53\/100 tox|[from] psn\n|upkeep\n|turn|14\n|\n|t:|1700259566\n|move|p2a: Cocaine sniffer|Earthquake|p1a: Drampa\n|-damage|p1a: Drampa|5\/100 tox\n|-ability|p1a: Drampa|Berserk|boost\n|-boost|p1a: Drampa|spa|1\n|-enditem|p1a: Drampa|Sitrus Berry|[eat]\n|-heal|p1a: Drampa|30\/100 tox|[from] item: Sitrus Berry\n|move|p1a: Drampa|Flamethrower|p2a: Cocaine sniffer\n|-supereffective|p2a: Cocaine sniffer\n|-damage|p2a: Cocaine sniffer|0 fnt\n|faint|p2a: Cocaine sniffer\n|\n|-damage|p1a: Drampa|18\/100 tox|[from] psn\n|upkeep\n|\n|t:|1700259582\n|switch|p2a: CNPJoto|Mewtwo|100\/100\n|-ability|p2a: CNPJoto|Pressure\n|turn|15\n|\n|t:|1700259587\n|move|p2a: CNPJoto|Psystrike|p1a: Drampa\n|-damage|p1a: Drampa|0 fnt\n|faint|p1a: Drampa\n|\n|upkeep\n|\n|t:|1700259596\n|switch|p1a: Porygon-Z|Porygon-Z, shiny|100\/100\n|turn|16\n|\n|t:|1700259607\n|move|p2a: CNPJoto|Focus Blast|p1a: Porygon-Z\n|-supereffective|p1a: Porygon-Z\n|-damage|p1a: Porygon-Z|0 fnt\n|faint|p1a: Porygon-Z\n|\n|upkeep\n|\n|t:|1700259612\n|switch|p1a: Chansey|Chansey, F|70\/100\n|turn|17\n|\n|t:|1700259623\n|switch|p2a: Monge chines|Wo-Chien|100\/100\n|-ability|p2a: Monge chines|Tablets of Ruin\n|move|p1a: Chansey|Toxic|p2a: Monge chines\n|-status|p2a: Monge chines|tox\n|\n|-damage|p2a: Monge chines|94\/100 tox|[from] psn\n|upkeep\n|turn|18\n|\n|t:|1700259632\n|move|p2a: Monge chines|Reflect|p2a: Monge chines\n|-sidestart|p2: Deletta|Reflect\n|move|p1a: Chansey|Soft-Boiled|p1a: Chansey\n|-heal|p1a: Chansey|100\/100\n|\n|-damage|p2a: Monge chines|82\/100 tox|[from] psn\n|upkeep\n|turn|19\n|\n|t:|1700259634\n|move|p2a: Monge chines|Light Screen|p2a: Monge chines\n|-sidestart|p2: Deletta|move: Light Screen\n|move|p1a: Chansey|Seismic Toss|p2a: Monge chines\n|-damage|p2a: Monge chines|55\/100 tox\n|\n|-damage|p2a: Monge chines|37\/100 tox|[from] psn\n|upkeep\n|turn|20\n|\n|t:|1700259641\n|switch|p2a: CNPJoto|Mewtwo|100\/100\n|-ability|p2a: CNPJoto|Pressure\n|move|p1a: Chansey|Toxic|p2a: CNPJoto\n|-status|p2a: CNPJoto|tox\n|\n|-damage|p2a: CNPJoto|94\/100 tox|[from] psn\n|upkeep\n|turn|21\n|\n|t:|1700259657\n|move|p2a: CNPJoto|Nasty Plot|p2a: CNPJoto\n|-boost|p2a: CNPJoto|spa|2\n|move|p1a: Chansey|Seismic Toss|p2a: CNPJoto\n|-damage|p2a: CNPJoto|66\/100 tox\n|\n|-damage|p2a: CNPJoto|53\/100 tox|[from] psn\n|upkeep\n|turn|22\n|\n|t:|1700259668\n|detailschange|p2a: CNPJoto|Mewtwo-Mega-Y\n|-mega|p2a: CNPJoto|Mewtwo|Mewtwonite Y\n|-terastallize|p1a: Chansey|Ghost\n|move|p2a: CNPJoto|Psystrike|p1a: Chansey\n|-damage|p1a: Chansey|0 fnt\n|faint|p1a: Chansey\n|\n|-damage|p2a: CNPJoto|35\/100 tox|[from] psn\n|upkeep\n|\n|t:|1700259673\n|switch|p1a: Ditto|Ditto|100\/100\n|-transform|p1a: Ditto|p2a: CNPJoto|[from] ability: Imposter\n|turn|23\n|\n|t:|1700259681\n|move|p2a: CNPJoto|Psystrike|p1a: Ditto\n|-resisted|p1a: Ditto\n|-damage|p1a: Ditto|5\/100\n|move|p1a: Ditto|Nasty Plot|p1a: Ditto\n|-boost|p1a: Ditto|spa|2\n|\n|-damage|p2a: CNPJoto|10\/100 tox|[from] psn\n|upkeep\n|turn|24\n|\n|t:|1700259686\n|move|p2a: CNPJoto|Psystrike|p1a: Ditto\n|-resisted|p1a: Ditto\n|-damage|p1a: Ditto|0 fnt\n|faint|p1a: Ditto\n|\n|win|Deletta\n|raw|WesHC's rating: 1288 &rarr; <strong>1266<\/strong><br \/>(-22 for losing)\n|raw|Deletta's rating: 1329 &rarr; <strong>1347<\/strong><br \/>(+18 for winning)\n|l|\u2606WesHC\n","uploadtime":1700259718,"views":7,"p1id":"weshc","p2id":"deletta","formatid":"gen9nationaldexubers","rating":1266,"private":0,"password":""}