{"id":"gen9nationaldexubers-1985872011","p1":"zackary13","p2":"Smoke2117YT","format":"[Gen 9] National Dex Ubers","log":"|j|\u2606zackary13\n|j|\u2606Smoke2117YT\n|t:|1699415740\n|gametype|singles\n|player|p1|zackary13|102|1040\n|player|p2|Smoke2117YT|n|1000\n|teamsize|p1|6\n|teamsize|p2|6\n|gen|9\n|tier|[Gen 9] National Dex Ubers\n|rated|\n|rule|HP Percentage Mod: HP is shown in percentages\n|rule|Endless Battle Clause: Forcing endless battles is banned\n|rule|OHKO Clause: OHKO moves are banned\n|rule|Evasion Moves Clause: Evasion moves are banned\n|rule|Evasion Items Clause: Evasion items are banned\n|rule|Species Clause: Limit one of each Pok\u00e9mon\n|rule|Sleep Clause Mod: Limit one foe put to sleep\n|rule|Mega Rayquaza Clause: You cannot mega evolve Rayquaza\n|clearpoke\n|poke|p1|Roggenrola, M|\n|poke|p1|Bonsly, M|\n|poke|p1|Pineco, F|\n|poke|p1|Geodude-Alola, F|\n|poke|p1|Magnemite|\n|poke|p1|Kingambit, M|\n|poke|p2|Excadrill, M|\n|poke|p2|Electrode-Hisui|\n|poke|p2|Inteleon, M|\n|poke|p2|Ribombee, F|\n|poke|p2|Kingambit, M|\n|poke|p2|Darmanitan-Galar, M|\n|teampreview\n|inactive|Battle timer is ON: inactive players will automatically lose when time's up. (requested by Smoke2117YT)\n|c|\u2606Smoke2117YT|glhf\n|c|\u2606Smoke2117YT|oh fuck.\n|\n|t:|1699415766\n|start\n|switch|p1a: Roggenrola|Roggenrola, M, shiny|100\/100\n|switch|p2a: Fiercedrill|Excadrill, M|100\/100\n|turn|1\n|\n|t:|1699415771\n|move|p2a: Fiercedrill|Iron Head|p1a: Roggenrola\n|-supereffective|p1a: Roggenrola\n|-ability|p1a: Roggenrola|Sturdy\n|-damage|p1a: Roggenrola|1\/100\n|move|p1a: Roggenrola|Explosion|p2a: Fiercedrill\n|-resisted|p2a: Fiercedrill\n|-damage|p2a: Fiercedrill|50\/100\n|faint|p1a: Roggenrola\n|\n|upkeep\n|c|\u2606Smoke2117YT|do\n|\n|t:|1699415780\n|switch|p1a: Magnemite|Magnemite, shiny|100\/100\n|turn|2\n|c|\u2606Smoke2117YT|do they all explode?\n|\n|t:|1699415784\n|move|p2a: Fiercedrill|Iron Head|p1a: Magnemite\n|-resisted|p1a: Magnemite\n|-damage|p1a: Magnemite|61\/100\n|move|p1a: Magnemite|Explosion|p2a: Fiercedrill\n|-resisted|p2a: Fiercedrill\n|-damage|p2a: Fiercedrill|15\/100\n|faint|p1a: Magnemite\n|\n|upkeep\n|\n|t:|1699415791\n|switch|p1a: Pineco|Pineco, F, shiny|100\/100\n|turn|3\n|\n|t:|1699415796\n|move|p2a: Fiercedrill|Iron Head|p1a: Pineco\n|-ability|p1a: Pineco|Sturdy\n|-damage|p1a: Pineco|1\/100\n|cant|p1a: Pineco|flinch\n|\n|upkeep\n|turn|4\n|\n|t:|1699415801\n|move|p2a: Fiercedrill|Iron Head|p1a: Pineco\n|-damage|p1a: Pineco|0 fnt\n|faint|p1a: Pineco\n|\n|upkeep\n|\n|t:|1699415804\n|switch|p1a: Bonsly|Bonsly, M, shiny|100\/100\n|turn|5\n|\n|t:|1699415806\n|move|p2a: Fiercedrill|Iron Head|p1a: Bonsly\n|-supereffective|p1a: Bonsly\n|-ability|p1a: Bonsly|Sturdy\n|-damage|p1a: Bonsly|1\/100\n|move|p1a: Bonsly|Explosion|p2a: Fiercedrill\n|-resisted|p2a: Fiercedrill\n|-damage|p2a: Fiercedrill|0 fnt\n|faint|p1a: Bonsly\n|faint|p2a: Fiercedrill\n|\n|upkeep\n|\n|t:|1699415820\n|switch|p2a: Raindrop|Inteleon, M|100\/100\n|switch|p1a: Geodude|Geodude-Alola, F, shiny|100\/100\n|turn|6\n|\n|t:|1699415824\n|move|p2a: Raindrop|Dark Pulse|p1a: Geodude\n|-ability|p1a: Geodude|Sturdy\n|-damage|p1a: Geodude|1\/100\n|move|p1a: Geodude|Explosion|p2a: Raindrop\n|-damage|p2a: Raindrop|0 fnt\n|faint|p1a: Geodude\n|faint|p2a: Raindrop\n|\n|upkeep\n|\n|t:|1699415834\n|switch|p2a: Deathbomb|Electrode-Hisui|100\/100\n|switch|p1a: Kingambit|Kingambit, M, shiny|100\/100\n|-activate|p1a: Kingambit|ability: Supreme Overlord\n|-start|p1a: Kingambit|fallen5|[silent]\n|turn|7\n|\n|t:|1699415840\n|move|p1a: Kingambit|Sucker Punch|p2a: Deathbomb\n|-damage|p2a: Deathbomb|0 fnt\n|faint|p2a: Deathbomb\n|\n|upkeep\n|\n|t:|1699415842\n|switch|p2a: Ramona|Ribombee, F|100\/100\n|turn|8\n|\n|t:|1699415849\n|-terastallize|p2a: Ramona|Fairy\n|move|p1a: Kingambit|Sucker Punch|p2a: Ramona\n|-resisted|p2a: Ramona\n|-crit|p2a: Ramona\n|-damage|p2a: Ramona|22\/100\n|move|p2a: Ramona|Bug Buzz|p1a: Kingambit\n|-damage|p1a: Kingambit|51\/100\n|\n|-heal|p2a: Ramona|28\/100|[from] item: Leftovers\n|upkeep\n|turn|9\n|c|\u2606Smoke2117YT|ouchie\n|\n|t:|1699415862\n|move|p1a: Kingambit|Sucker Punch||[still]\n|-fail|p1a: Kingambit\n|move|p2a: Ramona|Quiver Dance|p2a: Ramona\n|-boost|p2a: Ramona|spa|1\n|-boost|p2a: Ramona|spd|1\n|-boost|p2a: Ramona|spe|1\n|\n|-heal|p2a: Ramona|34\/100|[from] item: Leftovers\n|upkeep\n|turn|10\n|\n|t:|1699415866\n|move|p1a: Kingambit|Sucker Punch||[still]\n|-fail|p1a: Kingambit\n|move|p2a: Ramona|Quiver Dance|p2a: Ramona\n|-boost|p2a: Ramona|spa|1\n|-boost|p2a: Ramona|spd|1\n|-boost|p2a: Ramona|spe|1\n|\n|-heal|p2a: Ramona|40\/100|[from] item: Leftovers\n|upkeep\n|turn|11\n|\n|t:|1699415868\n|move|p1a: Kingambit|Sucker Punch||[still]\n|-fail|p1a: Kingambit\n|move|p2a: Ramona|Quiver Dance|p2a: Ramona\n|-boost|p2a: Ramona|spa|1\n|-boost|p2a: Ramona|spd|1\n|-boost|p2a: Ramona|spe|1\n|\n|-heal|p2a: Ramona|46\/100|[from] item: Leftovers\n|upkeep\n|turn|12\n|\n|t:|1699415873\n|move|p1a: Kingambit|Sucker Punch||[still]\n|-fail|p1a: Kingambit\n|move|p2a: Ramona|Quiver Dance|p2a: Ramona\n|-boost|p2a: Ramona|spa|1\n|-boost|p2a: Ramona|spd|1\n|-boost|p2a: Ramona|spe|1\n|\n|-heal|p2a: Ramona|53\/100|[from] item: Leftovers\n|upkeep\n|turn|13\n|\n|t:|1699415878\n|move|p2a: Ramona|Sticky Web|p1a: Kingambit\n|-sidestart|p1: zackary13|move: Sticky Web\n|move|p1a: Kingambit|Dark Pulse|p2a: Ramona\n|-resisted|p2a: Ramona\n|-damage|p2a: Ramona|45\/100\n|\n|-heal|p2a: Ramona|51\/100|[from] item: Leftovers\n|upkeep\n|turn|14\n|c|\u2606Smoke2117YT|wh\n|c|\u2606Smoke2117YT|YOURE NOT BANDED?\n|c|\u2606Smoke2117YT|LOL\n|c|\u2606Smoke2117YT|YOU HIT LIKE THAT FUCKING TRUCK WITHOUT BEING BANDED?\n|c|\u2606Smoke2117YT|THATS INSANE\n|\n|t:|1699415905\n|move|p1a: Kingambit|Sucker Punch|p2a: Ramona\n|-resisted|p2a: Ramona\n|-damage|p2a: Ramona|0 fnt\n|faint|p2a: Ramona\n|\n|upkeep\n|\n|t:|1699415912\n|switch|p2a: Execalibute|Kingambit, M|100\/100\n|-activate|p2a: Execalibute|ability: Supreme Overlord\n|-start|p2a: Execalibute|fallen4|[silent]\n|turn|15\n|\n|t:|1699415917\n|-end|p2a: Execalibute|fallen4|[silent]\n|switch|p2a: Iceape|Darmanitan-Galar, M|100\/100\n|move|p1a: Kingambit|Shadow Claw|p2a: Iceape\n|-damage|p2a: Iceape|43\/100\n|\n|-formechange|p2a: Iceape|Darmanitan-Galar-Zen|\n|upkeep\n|turn|16\n|\n|t:|1699415925\n|move|p2a: Iceape|Endure|p2a: Iceape\n|-singleturn|p2a: Iceape|move: Endure\n|move|p1a: Kingambit|Sucker Punch||[still]\n|-fail|p1a: Kingambit\n|\n|upkeep\n|turn|17\n|\n|t:|1699415932\n|move|p2a: Iceape|Fire Punch|p1a: Kingambit\n|-supereffective|p1a: Kingambit\n|-damage|p1a: Kingambit|0 fnt\n|faint|p1a: Kingambit\n|-end|p1a: Kingambit|fallen5|[silent]\n|\n|win|Smoke2117YT\n|raw|zackary13's rating: 1040 &rarr; <strong>1022<\/strong><br \/>(-18 for losing)\n|raw|Smoke2117YT's rating: 1000 &rarr; <strong>1045<\/strong><br \/>(+45 for winning)\n","uploadtime":1699415900,"views":5,"p1id":"zackary13","p2id":"smoke2117yt","formatid":"gen9nationaldexubers","rating":1022,"private":0,"password":""}