{"id":"gen9nationaldexubers-1997824799","p1":"Ash Ketchum344","p2":"Gyro09","format":"[Gen 9] National Dex Ubers","log":"|j|\u2606Ash Ketchum344\n|j|\u2606Gyro09\n|t:|1700856715\n|gametype|singles\n|player|p1|Ash Ketchum344|lucas-gen4pt|1067\n|player|p2|Gyro09|1|1042\n|teamsize|p1|6\n|teamsize|p2|6\n|gen|9\n|tier|[Gen 9] National Dex Ubers\n|rated|\n|rule|HP Percentage Mod: HP is shown in percentages\n|rule|Endless Battle Clause: Forcing endless battles is banned\n|rule|OHKO Clause: OHKO moves are banned\n|rule|Evasion Moves Clause: Evasion moves are banned\n|rule|Evasion Items Clause: Evasion items are banned\n|rule|Species Clause: Limit one of each Pok\u00e9mon\n|rule|Sleep Clause Mod: Limit one foe put to sleep\n|rule|Mega Rayquaza Clause: You cannot mega evolve Rayquaza\n|clearpoke\n|poke|p1|Lucario, M|\n|poke|p1|Dragonite, F|\n|poke|p1|Dracovish|\n|poke|p1|Gengar, M|\n|poke|p1|Sirfetch\u2019d, M|\n|poke|p1|Pikachu, F|\n|poke|p2|Infernape, M|\n|poke|p2|Greninja-*, M|\n|poke|p2|Sceptile, F|\n|poke|p2|Raichu, M|\n|poke|p2|Lycanroc-Dusk, M|\n|poke|p2|Salamence, M|\n|teampreview\n|inactive|Battle timer is ON: inactive players will automatically lose when time's up. (requested by Ash Ketchum344)\n|\n|t:|1700856725\n|start\n|switch|p1a: Pikachu|Pikachu, F|100\/100\n|switch|p2a: Sceptile|Sceptile, F|100\/100\n|turn|1\n|\n|t:|1700856732\n|move|p1a: Pikachu|Fake Out|p2a: Sceptile\n|-damage|p2a: Sceptile|66\/100\n|cant|p2a: Sceptile|flinch\n|\n|upkeep\n|turn|2\n|\n|t:|1700856736\n|move|p1a: Pikachu|Extreme Speed|p2a: Sceptile\n|-damage|p2a: Sceptile|2\/100\n|move|p2a: Sceptile|Earthquake|p1a: Pikachu\n|-supereffective|p1a: Pikachu\n|-damage|p1a: Pikachu|0 fnt\n|faint|p1a: Pikachu\n|\n|upkeep\n|\n|t:|1700856744\n|switch|p1a: Lucario|Lucario, M|100\/100\n|turn|3\n|\n|t:|1700856750\n|detailschange|p1a: Lucario|Lucario-Mega, M\n|-mega|p1a: Lucario|Lucario|Lucarionite\n|move|p1a: Lucario|Bullet Punch|p2a: Sceptile\n|-damage|p2a: Sceptile|0 fnt\n|faint|p2a: Sceptile\n|\n|upkeep\n|\n|t:|1700856756\n|switch|p2a: Infernape|Infernape, M|100\/100\n|turn|4\n|\n|t:|1700856763\n|move|p1a: Lucario|Close Combat|p2a: Infernape\n|-enditem|p2a: Infernape|Focus Sash\n|-damage|p2a: Infernape|1\/100\n|-unboost|p1a: Lucario|def|1\n|-unboost|p1a: Lucario|spd|1\n|move|p2a: Infernape|Close Combat|p1a: Lucario\n|-supereffective|p1a: Lucario\n|-damage|p1a: Lucario|0 fnt\n|-unboost|p2a: Infernape|def|1\n|-unboost|p2a: Infernape|spd|1\n|faint|p1a: Lucario\n|\n|upkeep\n|\n|t:|1700856770\n|switch|p1a: Dragonite|Dragonite, F|100\/100\n|turn|5\n|\n|t:|1700856776\n|move|p2a: Infernape|U-turn|p1a: Dragonite\n|-resisted|p1a: Dragonite\n|-damage|p1a: Dragonite|95\/100\n|\n|t:|1700856780\n|switch|p2a: Salamence|Salamence, M|100\/100|[from] U-turn\n|-ability|p2a: Salamence|Intimidate|boost\n|-unboost|p1a: Dragonite|atk|1\n|move|p1a: Dragonite|Dragon Dance|p1a: Dragonite\n|-boost|p1a: Dragonite|atk|1\n|-boost|p1a: Dragonite|spe|1\n|\n|upkeep\n|turn|6\n|\n|t:|1700856793\n|detailschange|p2a: Salamence|Salamence-Mega, M\n|-mega|p2a: Salamence|Salamence|Salamencite\n|move|p1a: Dragonite|Dragon Claw|p2a: Salamence\n|-supereffective|p2a: Salamence\n|-damage|p2a: Salamence|17\/100\n|move|p2a: Salamence|Draco Meteor|p1a: Dragonite\n|-supereffective|p1a: Dragonite\n|-damage|p1a: Dragonite|0 fnt\n|-unboost|p2a: Salamence|spa|2\n|faint|p1a: Dragonite\n|\n|upkeep\n|\n|t:|1700856804\n|switch|p1a: Dracovish|Dracovish|100\/100\n|turn|7\n|\n|t:|1700856809\n|move|p1a: Dracovish|Fishious Rend|p2a: Salamence\n|-resisted|p2a: Salamence\n|-damage|p2a: Salamence|0 fnt\n|faint|p2a: Salamence\n|\n|upkeep\n|\n|t:|1700856820\n|switch|p2a: Raichu|Raichu, M|100\/100\n|turn|8\n|\n|t:|1700856825\n|move|p1a: Dracovish|Fishious Rend|p2a: Raichu\n|-enditem|p2a: Raichu|Focus Sash\n|-damage|p2a: Raichu|1\/100\n|-status|p1a: Dracovish|par|[from] ability: Static|[of] p2a: Raichu\n|move|p2a: Raichu|Volt Tackle|p1a: Dracovish\n|-damage|p1a: Dracovish|45\/100 par\n|-damage|p2a: Raichu|0 fnt|[from] Recoil\n|faint|p2a: Raichu\n|\n|upkeep\n|\n|t:|1700856837\n|switch|p2a: Infernape|Infernape, M|1\/100\n|turn|9\n|\n|t:|1700856841\n|move|p2a: Infernape|Close Combat|p1a: Dracovish\n|-damage|p1a: Dracovish|0 fnt\n|-unboost|p2a: Infernape|def|1\n|-unboost|p2a: Infernape|spd|1\n|faint|p1a: Dracovish\n|\n|upkeep\n|\n|t:|1700856846\n|switch|p1a: Gengar|Gengar, M|100\/100\n|turn|10\n|\n|t:|1700856851\n|move|p1a: Gengar|Sludge Bomb|p2a: Infernape\n|-damage|p2a: Infernape|0 fnt\n|faint|p2a: Infernape\n|\n|upkeep\n|\n|t:|1700856861\n|switch|p2a: Lycanroc|Lycanroc-Dusk, M|100\/100\n|turn|11\n|\n|t:|1700856865\n|move|p2a: Lycanroc|Crunch|p1a: Gengar\n|-supereffective|p1a: Gengar\n|-damage|p1a: Gengar|0 fnt\n|faint|p1a: Gengar\n|\n|upkeep\n|\n|t:|1700856868\n|switch|p1a: Sirfetch\u2019d|Sirfetch\u2019d, M|100\/100\n|turn|12\n|\n|t:|1700856875\n|move|p2a: Lycanroc|Close Combat|p1a: Sirfetch\u2019d\n|-damage|p1a: Sirfetch\u2019d|43\/100\n|-unboost|p2a: Lycanroc|def|1\n|-unboost|p2a: Lycanroc|spd|1\n|move|p1a: Sirfetch\u2019d|Leaf Blade|p2a: Lycanroc\n|-supereffective|p2a: Lycanroc\n|-damage|p2a: Lycanroc|0 fnt\n|faint|p2a: Lycanroc\n|\n|upkeep\n|\n|t:|1700856884\n|switch|p2a: Greninja|Greninja, M|100\/100\n|turn|13\n|\n|t:|1700856891\n|move|p2a: Greninja|Blizzard|p1a: Sirfetch\u2019d\n|-damage|p1a: Sirfetch\u2019d|3\/100\n|move|p1a: Sirfetch\u2019d|Leaf Blade|p2a: Greninja\n|-supereffective|p2a: Greninja\n|-damage|p2a: Greninja|0 fnt\n|faint|p2a: Greninja\n|\n|win|Ash Ketchum344\n|raw|Ash Ketchum344's rating: 1067 &rarr; <strong>1095<\/strong><br \/>(+28 for winning)\n|raw|Gyro09's rating: 1042 &rarr; <strong>1027<\/strong><br \/>(-15 for losing)\n|l|\u2606Gyro09\n","uploadtime":1700856904,"views":1,"p1id":"ashketchum344","p2id":"gyro09","formatid":"gen9nationaldexubers","rating":1027,"private":0,"password":""}