{"id":"gen9nationaldexubers-1986604382","p1":"Rhyfinn sr.","p2":"E I C O S","format":"[Gen 9] National Dex Ubers","log":"|j|\u2606Rhyfinn sr.\n|j|\u2606E I C O S\n|t:|1699496946\n|gametype|singles\n|player|p1|Rhyfinn sr.|102|1202\n|player|p2|E I C O S|2|1296\n|teamsize|p1|6\n|teamsize|p2|6\n|gen|9\n|tier|[Gen 9] National Dex Ubers\n|rated|\n|rule|HP Percentage Mod: HP is shown in percentages\n|rule|Endless Battle Clause: Forcing endless battles is banned\n|rule|OHKO Clause: OHKO moves are banned\n|rule|Evasion Moves Clause: Evasion moves are banned\n|rule|Evasion Items Clause: Evasion items are banned\n|rule|Species Clause: Limit one of each Pok\u00e9mon\n|rule|Sleep Clause Mod: Limit one foe put to sleep\n|rule|Mega Rayquaza Clause: You cannot mega evolve Rayquaza\n|clearpoke\n|poke|p1|Groudon|\n|poke|p1|Ho-Oh|\n|poke|p1|Xerneas-*|\n|poke|p1|Marshadow|\n|poke|p1|Necrozma-Dusk-Mane|\n|poke|p1|Palkia|\n|poke|p2|Swampert, M|\n|poke|p2|Dragapult, M|\n|poke|p2|Toedscruel, F|\n|poke|p2|Corviknight, M|\n|poke|p2|Chien-Pao|\n|poke|p2|Iron Moth|\n|teampreview\n|inactive|Battle timer is ON: inactive players will automatically lose when time's up. (requested by E I C O S)\n|inactive|E I C O S has 120 seconds left.\n|\n|t:|1699496980\n|start\n|switch|p1a: Groudon|Groudon|100\/100\n|switch|p2a: Chien-Pao|Chien-Pao|100\/100\n|-ability|p2a: Chien-Pao|Sword of Ruin\n|detailschange|p1a: Groudon|Groudon-Primal\n|-primal|p1a: Groudon|Red Orb\n|-weather|DesolateLand|[from] ability: Desolate Land|[of] p1a: Groudon\n|turn|1\n|\n|t:|1699496992\n|move|p2a: Chien-Pao|Crunch|p1a: Groudon\n|-damage|p1a: Groudon|65\/100\n|move|p1a: Groudon|Rock Polish|p1a: Groudon\n|-boost|p1a: Groudon|spe|2\n|\n|-weather|DesolateLand|[upkeep]\n|upkeep\n|turn|2\n|\n|t:|1699496996\n|move|p1a: Groudon|Flamethrower|p2a: Chien-Pao\n|-supereffective|p2a: Chien-Pao\n|-enditem|p2a: Chien-Pao|Focus Sash\n|-damage|p2a: Chien-Pao|1\/100\n|move|p2a: Chien-Pao|Crunch|p1a: Groudon\n|-damage|p1a: Groudon|31\/100\n|\n|-weather|DesolateLand|[upkeep]\n|upkeep\n|turn|3\n|\n|t:|1699497012\n|move|p2a: Chien-Pao|Ice Shard|p1a: Groudon\n|-damage|p1a: Groudon|12\/100\n|move|p1a: Groudon|Flamethrower|p2a: Chien-Pao\n|-supereffective|p2a: Chien-Pao\n|-damage|p2a: Chien-Pao|0 fnt\n|faint|p2a: Chien-Pao\n|\n|-weather|DesolateLand|[upkeep]\n|upkeep\n|\n|t:|1699497029\n|switch|p2a: Dragapult|Dragapult, M|100\/100\n|turn|4\n|\n|t:|1699497034\n|move|p1a: Groudon|Earth Power|p2a: Dragapult\n|-damage|p2a: Dragapult|24\/100\n|move|p2a: Dragapult|Dragon Darts|p1a: Groudon\n|-damage|p1a: Groudon|0 fnt\n|faint|p1a: Groudon\n|-weather|none\n|\n|upkeep\n|\n|t:|1699497043\n|switch|p1a: Xerneas|Xerneas|100\/100\n|-ability|p1a: Xerneas|Fairy Aura\n|turn|5\n|\n|t:|1699497050\n|move|p2a: Dragapult|Dragon Dance|p2a: Dragapult\n|-boost|p2a: Dragapult|atk|1\n|-boost|p2a: Dragapult|spe|1\n|move|p1a: Xerneas|Geomancy||[still]\n|-prepare|p1a: Xerneas|Geomancy\n|-enditem|p1a: Xerneas|Power Herb\n|-anim|p1a: Xerneas|Geomancy|p1a: Xerneas\n|-boost|p1a: Xerneas|spa|2\n|-boost|p1a: Xerneas|spd|2\n|-boost|p1a: Xerneas|spe|2\n|\n|upkeep\n|turn|6\n|\n|t:|1699497055\n|move|p2a: Dragapult|Phantom Force||[still]\n|-prepare|p2a: Dragapult|Phantom Force\n|move|p1a: Xerneas|Geomancy||[still]\n|-prepare|p1a: Xerneas|Geomancy\n|\n|upkeep\n|turn|7\n|\n|t:|1699497058\n|move|p2a: Dragapult|Phantom Force|p1a: Xerneas|[from]lockedmove\n|-damage|p1a: Xerneas|35\/100\n|move|p1a: Xerneas|Geomancy|p1a: Xerneas|[from]lockedmove\n|-boost|p1a: Xerneas|spa|2\n|-boost|p1a: Xerneas|spd|2\n|-boost|p1a: Xerneas|spe|2\n|\n|upkeep\n|turn|8\n|\n|t:|1699497063\n|move|p1a: Xerneas|Moonblast|p2a: Dragapult\n|-supereffective|p2a: Dragapult\n|-damage|p2a: Dragapult|0 fnt\n|faint|p2a: Dragapult\n|\n|upkeep\n|\n|t:|1699497071\n|switch|p2a: Iron Moth|Iron Moth|100\/100\n|-enditem|p2a: Iron Moth|Booster Energy\n|-activate|p2a: Iron Moth|ability: Quark Drive|[fromitem]\n|-start|p2a: Iron Moth|quarkdrivespa\n|turn|9\n|\n|t:|1699497076\n|move|p1a: Xerneas|Psyshock|p2a: Iron Moth\n|-supereffective|p2a: Iron Moth\n|-damage|p2a: Iron Moth|0 fnt\n|faint|p2a: Iron Moth\n|-end|p2a: Iron Moth|Quark Drive|[silent]\n|\n|upkeep\n|\n|t:|1699497079\n|switch|p2a: Toedscruel|Toedscruel, F|100\/100\n|turn|10\n|\n|t:|1699497086\n|-terastallize|p2a: Toedscruel|Water\n|move|p1a: Xerneas|Moonblast|p2a: Toedscruel\n|-damage|p2a: Toedscruel|0 fnt\n|faint|p2a: Toedscruel\n|\n|upkeep\n|\n|t:|1699497090\n|switch|p2a: Corviknight|Corviknight, M|100\/100\n|-ability|p2a: Corviknight|Pressure\n|turn|11\n|\n|t:|1699497095\n|move|p1a: Xerneas|Hidden Power|p2a: Corviknight\n|-supereffective|p2a: Corviknight\n|-damage|p2a: Corviknight|0 fnt\n|faint|p2a: Corviknight\n|\n|upkeep\n|\n|t:|1699497100\n|switch|p2a: Swampert|Swampert, M|100\/100\n|turn|12\n|\n|t:|1699497105\n|detailschange|p2a: Swampert|Swampert-Mega, M\n|-mega|p2a: Swampert|Swampert|Swampertite\n|move|p1a: Xerneas|Moonblast|p2a: Swampert\n|-damage|p2a: Swampert|0 fnt\n|faint|p2a: Swampert\n|\n|win|Rhyfinn sr.\n|raw|Rhyfinn sr.'s rating: 1202 &rarr; <strong>1234<\/strong><br \/>(+32 for winning)\n|raw|E I C O S's rating: 1296 &rarr; <strong>1264<\/strong><br \/>(-32 for losing)\n","uploadtime":1699497112,"views":5,"p1id":"rhyfinnsr","p2id":"eicos","formatid":"gen9nationaldexubers","rating":1234,"private":0,"password":""}