{"id":"gen9nationaldexubers-1987569662","p1":"E I C O S","p2":"Rhyfinn jr.","format":"[Gen 9] National Dex Ubers","log":"|j|\u2606E I C O S\n|j|\u2606Rhyfinn jr.\n|t:|1699613547\n|gametype|singles\n|player|p1|E I C O S|1|1322\n|player|p2|Rhyfinn jr.|ninjaboy|1350\n|teamsize|p1|6\n|teamsize|p2|6\n|gen|9\n|tier|[Gen 9] National Dex Ubers\n|rated|\n|rule|HP Percentage Mod: HP is shown in percentages\n|rule|Endless Battle Clause: Forcing endless battles is banned\n|rule|OHKO Clause: OHKO moves are banned\n|rule|Evasion Moves Clause: Evasion moves are banned\n|rule|Evasion Items Clause: Evasion items are banned\n|rule|Species Clause: Limit one of each Pok\u00e9mon\n|rule|Sleep Clause Mod: Limit one foe put to sleep\n|rule|Mega Rayquaza Clause: You cannot mega evolve Rayquaza\n|clearpoke\n|poke|p1|Swampert, M|\n|poke|p1|Corviknight, M|\n|poke|p1|Chien-Pao|\n|poke|p1|Iron Treads|\n|poke|p1|Dragapult, M|\n|poke|p1|Ceruledge, M|\n|poke|p2|Xerneas-*|\n|poke|p2|Marshadow|\n|poke|p2|Groudon|\n|poke|p2|Deoxys-Speed|\n|poke|p2|Necrozma-Dusk-Mane|\n|poke|p2|Pheromosa|\n|teampreview\n|inactive|Battle timer is ON: inactive players will automatically lose when time's up. (requested by Rhyfinn jr.)\n|inactive|E I C O S also wants the timer to be on.\n|\n|t:|1699613560\n|start\n|switch|p1a: Corviknight|Corviknight, M|100\/100\n|switch|p2a: Deoxys|Deoxys-Speed|100\/100\n|-ability|p2a: Deoxys|Pressure\n|turn|1\n|\n|t:|1699613567\n|move|p2a: Deoxys|Taunt|p1a: Corviknight\n|-start|p1a: Corviknight|move: Taunt\n|cant|p1a: Corviknight|move: Taunt|Defog\n|\n|upkeep\n|turn|2\n|\n|t:|1699613571\n|switch|p1a: Ceruledge|Ceruledge, M|100\/100\n|move|p2a: Deoxys|Stealth Rock|p1a: Ceruledge\n|-sidestart|p1: E I C O S|move: Stealth Rock\n|\n|upkeep\n|turn|3\n|\n|t:|1699613575\n|move|p2a: Deoxys|Taunt|p1a: Ceruledge\n|-start|p1a: Ceruledge|move: Taunt\n|cant|p1a: Ceruledge|move: Taunt|Swords Dance\n|\n|upkeep\n|turn|4\n|\n|t:|1699613577\n|move|p1a: Ceruledge|Shadow Sneak|p2a: Deoxys\n|-supereffective|p2a: Deoxys\n|-damage|p2a: Deoxys|48\/100\n|move|p2a: Deoxys|Spikes|p1a: Ceruledge\n|-sidestart|p1: E I C O S|Spikes\n|\n|upkeep\n|turn|5\n|\n|t:|1699613580\n|move|p1a: Ceruledge|Shadow Sneak|p2a: Deoxys\n|-supereffective|p2a: Deoxys\n|-damage|p2a: Deoxys|0 fnt\n|faint|p2a: Deoxys\n|\n|-end|p1a: Ceruledge|move: Taunt\n|upkeep\n|\n|t:|1699613591\n|switch|p2a: Groudon|Groudon|100\/100\n|detailschange|p2a: Groudon|Groudon-Primal\n|-primal|p2a: Groudon|Red Orb\n|-weather|DesolateLand|[from] ability: Desolate Land|[of] p2a: Groudon\n|turn|6\n|\n|t:|1699613595\n|move|p1a: Ceruledge|Swords Dance|p1a: Ceruledge\n|-boost|p1a: Ceruledge|atk|2\n|move|p2a: Groudon|Earth Power|p1a: Ceruledge\n|-supereffective|p1a: Ceruledge\n|-enditem|p1a: Ceruledge|Focus Sash\n|-damage|p1a: Ceruledge|1\/100\n|\n|-weather|DesolateLand|[upkeep]\n|upkeep\n|turn|7\n|\n|t:|1699613604\n|move|p1a: Ceruledge|Destiny Bond|p1a: Ceruledge\n|-singlemove|p1a: Ceruledge|Destiny Bond\n|move|p2a: Groudon|Earth Power|p1a: Ceruledge\n|-supereffective|p1a: Ceruledge\n|-damage|p1a: Ceruledge|0 fnt\n|faint|p1a: Ceruledge\n|-activate|p1a: Ceruledge|move: Destiny Bond\n|faint|p2a: Groudon\n|-weather|none\n|\n|upkeep\n|\n|t:|1699613613\n|switch|p1a: Iron Treads|Iron Treads|100\/100\n|switch|p2a: Necrozma|Necrozma-Dusk-Mane|100\/100\n|-damage|p1a: Iron Treads|97\/100|[from] Stealth Rock\n|-damage|p1a: Iron Treads|85\/100|[from] Spikes\n|-enditem|p1a: Iron Treads|Booster Energy\n|-activate|p1a: Iron Treads|ability: Quark Drive|[fromitem]\n|-start|p1a: Iron Treads|quarkdriveatk\n|turn|8\n|\n|t:|1699613618\n|switch|p2a: Marshadow|Marshadow|100\/100\n|move|p1a: Iron Treads|Rapid Spin|p2a: Marshadow\n|-immune|p2a: Marshadow\n|\n|upkeep\n|turn|9\n|\n|t:|1699613624\n|-terastallize|p1a: Iron Treads|Fairy\n|move|p2a: Marshadow|Force Palm|p1a: Iron Treads\n|-resisted|p1a: Iron Treads\n|-damage|p1a: Iron Treads|63\/100\n|-status|p1a: Iron Treads|par\n|move|p1a: Iron Treads|Earthquake|p2a: Marshadow\n|-damage|p2a: Marshadow|15\/100\n|\n|upkeep\n|turn|10\n|inactive|Rhyfinn jr. has 120 seconds left.\n|\n|t:|1699613668\n|switch|p2a: Necrozma|Necrozma-Dusk-Mane|100\/100\n|cant|p1a: Iron Treads|par\n|\n|upkeep\n|turn|11\n|\n|t:|1699613673\n|detailschange|p2a: Necrozma|Necrozma-Ultra\n|-burst|p2a: Necrozma|Necrozma|Ultranecrozium Z\n|move|p2a: Necrozma|Dragon Dance|p2a: Necrozma\n|-boost|p2a: Necrozma|atk|1\n|-boost|p2a: Necrozma|spe|1\n|move|p1a: Iron Treads|Rapid Spin|p2a: Necrozma\n|-damage|p2a: Necrozma|79\/100\n|-boost|p1a: Iron Treads|spe|1\n|-sideend|p1: E I C O S|Spikes|[from] move: Rapid Spin|[of] p1a: Iron Treads\n|-sideend|p1: E I C O S|Stealth Rock|[from] move: Rapid Spin|[of] p1a: Iron Treads\n|\n|upkeep\n|turn|12\n|inactive|Rhyfinn jr. has 120 seconds left.\n|\n|t:|1699613681\n|move|p2a: Necrozma|Sunsteel Strike|p1a: Iron Treads\n|-supereffective|p1a: Iron Treads\n|-damage|p1a: Iron Treads|0 fnt\n|faint|p1a: Iron Treads\n|-end|p1a: Iron Treads|Quark Drive|[silent]\n|\n|upkeep\n|\n|t:|1699613685\n|switch|p1a: Dragapult|Dragapult, M|100\/100\n|turn|13\n|\n|t:|1699613690\n|move|p2a: Necrozma|Photon Geyser|p1a: Dragapult\n|-enditem|p1a: Dragapult|Focus Sash\n|-damage|p1a: Dragapult|1\/100\n|move|p1a: Dragapult|Dragon Darts|p2a: Necrozma\n|-supereffective|p2a: Necrozma\n|-damage|p2a: Necrozma|25\/100\n|-anim|p1a: Dragapult|Dragon Darts|p2a: Necrozma\n|-supereffective|p2a: Necrozma\n|-damage|p2a: Necrozma|0 fnt\n|faint|p2a: Necrozma\n|\n|upkeep\n|\n|t:|1699613699\n|switch|p2a: Pheromosa|Pheromosa|100\/100\n|turn|14\n|\n|t:|1699613704\n|move|p2a: Pheromosa|Ice Beam|p1a: Dragapult\n|-supereffective|p1a: Dragapult\n|-damage|p1a: Dragapult|0 fnt\n|faint|p1a: Dragapult\n|-ability|p2a: Pheromosa|Beast Boost|boost\n|-boost|p2a: Pheromosa|spe|1\n|\n|upkeep\n|\n|t:|1699613707\n|switch|p1a: Chien-Pao|Chien-Pao|100\/100\n|-ability|p1a: Chien-Pao|Sword of Ruin\n|turn|15\n|\n|t:|1699613711\n|move|p2a: Pheromosa|Close Combat|p1a: Chien-Pao\n|-supereffective|p1a: Chien-Pao\n|-enditem|p1a: Chien-Pao|Focus Sash\n|-damage|p1a: Chien-Pao|1\/100\n|-unboost|p2a: Pheromosa|def|1\n|-unboost|p2a: Pheromosa|spd|1\n|move|p1a: Chien-Pao|Psychic Fangs|p2a: Pheromosa\n|-supereffective|p2a: Pheromosa\n|-damage|p2a: Pheromosa|0 fnt\n|faint|p2a: Pheromosa\n|\n|upkeep\n|\n|t:|1699613716\n|switch|p2a: Marshadow|Marshadow|15\/100\n|turn|16\n|\n|t:|1699613720\n|move|p1a: Chien-Pao|Ice Shard|p2a: Marshadow\n|-damage|p2a: Marshadow|0 fnt\n|faint|p2a: Marshadow\n|\n|upkeep\n|\n|t:|1699613728\n|switch|p2a: Xerneas|Xerneas|100\/100\n|-ability|p2a: Xerneas|Fairy Aura\n|turn|17\n|\n|t:|1699613732\n|-terastallize|p2a: Xerneas|Fire\n|move|p1a: Chien-Pao|Psychic Fangs|p2a: Xerneas\n|-damage|p2a: Xerneas|70\/100\n|move|p2a: Xerneas|Geomancy||[still]\n|-prepare|p2a: Xerneas|Geomancy\n|-enditem|p2a: Xerneas|Power Herb\n|-anim|p2a: Xerneas|Geomancy|p2a: Xerneas\n|-boost|p2a: Xerneas|spa|2\n|-boost|p2a: Xerneas|spd|2\n|-boost|p2a: Xerneas|spe|2\n|\n|upkeep\n|turn|18\n|\n|t:|1699613737\n|move|p1a: Chien-Pao|Ice Shard|p2a: Xerneas\n|-resisted|p2a: Xerneas\n|-damage|p2a: Xerneas|59\/100\n|move|p2a: Xerneas|Hidden Power|p1a: Chien-Pao\n|-supereffective|p1a: Chien-Pao\n|-damage|p1a: Chien-Pao|0 fnt\n|faint|p1a: Chien-Pao\n|\n|upkeep\n|\n|t:|1699613740\n|switch|p1a: Corviknight|Corviknight, M|100\/100\n|turn|19\n|\n|t:|1699613743\n|move|p2a: Xerneas|Hidden Power|p1a: Corviknight\n|-supereffective|p1a: Corviknight\n|-damage|p1a: Corviknight|0 fnt\n|faint|p1a: Corviknight\n|\n|upkeep\n|\n|t:|1699613745\n|switch|p1a: Swampert|Swampert, M|100\/100\n|turn|20\n|\n|t:|1699613749\n|detailschange|p1a: Swampert|Swampert-Mega, M\n|-mega|p1a: Swampert|Swampert|Swampertite\n|move|p2a: Xerneas|Moonblast|p1a: Swampert\n|-damage|p1a: Swampert|0 fnt\n|faint|p1a: Swampert\n|\n|win|Rhyfinn jr.\n|raw|E I C O S's rating: 1322 &rarr; <strong>1304<\/strong><br \/>(-18 for losing)\n|raw|Rhyfinn jr.'s rating: 1350 &rarr; <strong>1368<\/strong><br \/>(+18 for winning)\n|l|\u2606E I C O S\n","uploadtime":1699613753,"views":6,"p1id":"eicos","p2id":"rhyfinnjr","formatid":"gen9nationaldexubers","rating":1304,"private":0,"password":""}