{"id":"gen9nationaldexubers-1991854579","p1":"kingambit-au","p2":"Ghetsissss","format":"[Gen 9] National Dex Ubers","log":"|j|\u2606kingambit-au\n|j|\u2606Ghetsissss\n|t:|1700128921\n|gametype|singles\n|player|p1|kingambit-au|unknownf|1078\n|player|p2|Ghetsissss|ghetsis|1192\n|teamsize|p1|6\n|teamsize|p2|6\n|gen|9\n|tier|[Gen 9] National Dex Ubers\n|rated|\n|rule|HP Percentage Mod: HP is shown in percentages\n|rule|Endless Battle Clause: Forcing endless battles is banned\n|rule|OHKO Clause: OHKO moves are banned\n|rule|Evasion Moves Clause: Evasion moves are banned\n|rule|Evasion Items Clause: Evasion items are banned\n|rule|Species Clause: Limit one of each Pok\u00e9mon\n|rule|Sleep Clause Mod: Limit one foe put to sleep\n|rule|Mega Rayquaza Clause: You cannot mega evolve Rayquaza\n|clearpoke\n|poke|p1|Blaziken, F|\n|poke|p1|Excadrill, F|\n|poke|p1|Arceus-Ground|\n|poke|p1|Ferrothorn, M|\n|poke|p1|Necrozma-Dusk-Mane|\n|poke|p1|Naganadel|\n|poke|p2|Gigalith, M|\n|poke|p2|Hydreigon, F|\n|poke|p2|Serperior, F|\n|poke|p2|Cofagrigus, M|\n|poke|p2|Excadrill, F|\n|poke|p2|Galvantula, F|\n|teampreview\n|\n|t:|1700128936\n|start\n|switch|p1a: Excadrill|Excadrill, F|100\/100\n|switch|p2a: lowtierspider|Galvantula, F|100\/100\n|-ability|p1a: Excadrill|Mold Breaker\n|turn|1\n|\n|t:|1700128946\n|move|p2a: lowtierspider|Hidden Power|p1a: Excadrill\n|-supereffective|p1a: Excadrill\n|-damage|p1a: Excadrill|55\/100\n|move|p1a: Excadrill|Stealth Rock|p2a: lowtierspider\n|-sidestart|p2: Ghetsissss|move: Stealth Rock\n|\n|upkeep\n|turn|2\n|\n|t:|1700128960\n|move|p2a: lowtierspider|Hidden Power|p1a: Excadrill\n|-supereffective|p1a: Excadrill\n|-crit|p1a: Excadrill\n|-damage|p1a: Excadrill|0 fnt\n|faint|p1a: Excadrill\n|\n|upkeep\n|c|\u2606kingambit-au|nooo crit\n|c|\u2606Ghetsissss|yeees crit\n|\n|t:|1700128979\n|switch|p1a: Blaziken|Blaziken, F|100\/100\n|turn|3\n|\n|t:|1700128984\n|detailschange|p1a: Blaziken|Blaziken-Mega, F\n|-mega|p1a: Blaziken|Blaziken|Blazikenite\n|move|p2a: lowtierspider|Sticky Web|p1a: Blaziken\n|-sidestart|p1: kingambit-au|move: Sticky Web\n|move|p1a: Blaziken|Swords Dance|p1a: Blaziken\n|-boost|p1a: Blaziken|atk|2\n|\n|-ability|p1a: Blaziken|Speed Boost|boost\n|-boost|p1a: Blaziken|spe|1\n|upkeep\n|turn|4\n|\n|t:|1700128995\n|move|p1a: Blaziken|Flare Blitz|p2a: lowtierspider\n|-supereffective|p2a: lowtierspider\n|-enditem|p2a: lowtierspider|Focus Sash\n|-damage|p2a: lowtierspider|1\/100\n|-damage|p1a: Blaziken|70\/100|[from] Recoil\n|move|p2a: lowtierspider|Thunder|p1a: Blaziken\n|-damage|p1a: Blaziken|1\/100\n|\n|-ability|p1a: Blaziken|Speed Boost|boost\n|-boost|p1a: Blaziken|spe|1\n|upkeep\n|turn|5\n|c|\u2606Ghetsissss|damn\n|\n|t:|1700129011\n|move|p1a: Blaziken|Low Kick|p2a: lowtierspider\n|-resisted|p2a: lowtierspider\n|-damage|p2a: lowtierspider|0 fnt\n|faint|p2a: lowtierspider\n|\n|-ability|p1a: Blaziken|Speed Boost|boost\n|-boost|p1a: Blaziken|spe|1\n|upkeep\n|\n|t:|1700129021\n|switch|p2a: Gigachadlith|Gigalith, M, shiny|100\/100\n|-damage|p2a: Gigachadlith|88\/100|[from] Stealth Rock\n|-weather|Sandstorm|[from] ability: Sand Stream|[of] p2a: Gigachadlith\n|turn|6\n|c|\u2606kingambit-au|i should have giving him adamnt\n|\n|t:|1700129040\n|switch|p2a: Cofagrigus|Cofagrigus, M|100\/100\n|-damage|p2a: Cofagrigus|88\/100|[from] Stealth Rock\n|move|p1a: Blaziken|Low Kick|p2a: Cofagrigus\n|-immune|p2a: Cofagrigus\n|\n|-weather|Sandstorm|[upkeep]\n|-damage|p1a: Blaziken|0 fnt|[from] Sandstorm\n|-damage|p2a: Cofagrigus|82\/100|[from] Sandstorm\n|faint|p1a: Blaziken\n|upkeep\n|c|\u2606Ghetsissss|i was sashed bro nothing wouldve changed\n|\n|t:|1700129053\n|switch|p1a: Ferrothorn|Ferrothorn, M|100\/100\n|-activate|p1a: Ferrothorn|move: Sticky Web\n|-unboost|p1a: Ferrothorn|spe|1\n|turn|7\n|c|\u2606kingambit-au|i had rock tamp\n|c|\u2606kingambit-au|just free dame so blaxkin would have a free jspeed boost\n|\n|t:|1700129119\n|move|p2a: Cofagrigus|Magic Coat|p2a: Cofagrigus\n|-singleturn|p2a: Cofagrigus|move: Magic Coat\n|move|p1a: Ferrothorn|Leech Seed|p2a: Cofagrigus\n|move|p2a: Cofagrigus|Leech Seed|p1a: Ferrothorn|[from]Magic Coat\n|-immune|p1a: Ferrothorn\n|\n|-weather|Sandstorm|[upkeep]\n|-damage|p2a: Cofagrigus|76\/100|[from] Sandstorm\n|upkeep\n|turn|8\n|\n|t:|1700129128\n|move|p2a: Cofagrigus|Body Press|p1a: Ferrothorn\n|-supereffective|p1a: Ferrothorn\n|-damage|p1a: Ferrothorn|49\/100\n|-damage|p2a: Cofagrigus|64\/100|[from] ability: Iron Barbs|[of] p1a: Ferrothorn\n|move|p1a: Ferrothorn|Leech Seed|p2a: Cofagrigus\n|-start|p2a: Cofagrigus|move: Leech Seed\n|\n|-weather|Sandstorm|[upkeep]\n|-damage|p2a: Cofagrigus|58\/100|[from] Sandstorm\n|-heal|p1a: Ferrothorn|55\/100|[from] item: Leftovers\n|-damage|p2a: Cofagrigus|46\/100|[from] Leech Seed|[of] p1a: Ferrothorn\n|-heal|p1a: Ferrothorn|66\/100|[silent]\n|upkeep\n|turn|9\n|\n|t:|1700129146\n|move|p2a: Cofagrigus|Body Press|p1a: Ferrothorn\n|-supereffective|p1a: Ferrothorn\n|-damage|p1a: Ferrothorn|13\/100\n|-damage|p2a: Cofagrigus|34\/100|[from] ability: Iron Barbs|[of] p1a: Ferrothorn\n|move|p1a: Ferrothorn|Spikes|p2a: Cofagrigus\n|-sidestart|p2: Ghetsissss|Spikes\n|\n|-weather|Sandstorm|[upkeep]\n|-damage|p2a: Cofagrigus|28\/100|[from] Sandstorm\n|-heal|p1a: Ferrothorn|19\/100|[from] item: Leftovers\n|-damage|p2a: Cofagrigus|16\/100|[from] Leech Seed|[of] p1a: Ferrothorn\n|-heal|p1a: Ferrothorn|30\/100|[silent]\n|upkeep\n|turn|10\n|\n|t:|1700129173\n|move|p2a: Cofagrigus|Memento|p1a: Ferrothorn\n|-unboost|p1a: Ferrothorn|atk|2\n|-unboost|p1a: Ferrothorn|spa|2\n|faint|p2a: Cofagrigus\n|move|p1a: Ferrothorn|Gyro Ball|p2: Cofagrigus|[notarget]\n|-fail|p1a: Ferrothorn\n|\n|-weather|none\n|-heal|p1a: Ferrothorn|36\/100|[from] item: Leftovers\n|upkeep\n|\n|t:|1700129182\n|switch|p2a: forgot about this?|Excadrill, F|100\/100\n|-damage|p2a: forgot about this?|97\/100|[from] Stealth Rock\n|-damage|p2a: forgot about this?|85\/100|[from] Spikes\n|turn|11\n|\n|t:|1700129209\n|move|p2a: forgot about this?|Earthquake|p1a: Ferrothorn\n|-damage|p1a: Ferrothorn|0 fnt\n|faint|p1a: Ferrothorn\n|-damage|p2a: forgot about this?|75\/100|[from] item: Life Orb\n|\n|upkeep\n|\n|t:|1700129223\n|switch|p1a: Necrozma|Necrozma-Dusk-Mane|100\/100\n|-activate|p1a: Necrozma|move: Sticky Web\n|-unboost|p1a: Necrozma|spe|1\n|turn|12\n|\n|t:|1700129228\n|move|p2a: forgot about this?|Rapid Spin|p1a: Necrozma\n|-resisted|p1a: Necrozma\n|-damage|p1a: Necrozma|92\/100\n|-boost|p2a: forgot about this?|spe|1\n|-sideend|p2: Ghetsissss|Spikes|[from] move: Rapid Spin|[of] p2a: forgot about this?\n|-sideend|p2: Ghetsissss|Stealth Rock|[from] move: Rapid Spin|[of] p2a: forgot about this?\n|-damage|p2a: forgot about this?|65\/100|[from] item: Life Orb\n|move|p1a: Necrozma|Trick Room|p1a: Necrozma\n|-fieldstart|move: Trick Room|[of] p1a: Necrozma\n|\n|upkeep\n|turn|13\n|\n|t:|1700129243\n|move|p1a: Necrozma|Swords Dance|p1a: Necrozma\n|-boost|p1a: Necrozma|atk|2\n|move|p2a: forgot about this?|Earthquake|p1a: Necrozma\n|-supereffective|p1a: Necrozma\n|-damage|p1a: Necrozma|8\/100\n|-damage|p2a: forgot about this?|55\/100|[from] item: Life Orb\n|\n|upkeep\n|turn|14\n|\n|t:|1700129258\n|move|p1a: Necrozma|Earthquake|p2a: forgot about this?\n|-supereffective|p2a: forgot about this?\n|-crit|p2a: forgot about this?\n|-damage|p2a: forgot about this?|0 fnt\n|faint|p2a: forgot about this?\n|\n|upkeep\n|\n|t:|1700129264\n|switch|p2a: The end.|Hydreigon, F|100\/100\n|turn|15\n|\n|t:|1700129295\n|-terastallize|p2a: The end.|Fire\n|move|p1a: Necrozma|Earthquake|p2a: The end.\n|-immune|p2a: The end.|[from] ability: Levitate\n|move|p2a: The end.|Fire Blast|p1a: Necrozma\n|-supereffective|p1a: Necrozma\n|-damage|p1a: Necrozma|0 fnt\n|faint|p1a: Necrozma\n|\n|upkeep\n|c|\u2606kingambit-au|lh f i forgot about abiltys lol\n|\n|t:|1700129319\n|switch|p1a: Arceus|Arceus-Ground|100\/100\n|-activate|p1a: Arceus|move: Sticky Web\n|-unboost|p1a: Arceus|spe|1\n|turn|16\n|c|\u2606Ghetsissss|i noticed that\n|c|\u2606Ghetsissss|tried to predict a sunsteel strike but you forgor\n|\n|t:|1700129350\n|move|p1a: Arceus|Calm Mind|p1a: Arceus\n|-boost|p1a: Arceus|spa|1\n|-boost|p1a: Arceus|spd|1\n|move|p2a: The end.|Focus Energy|p2a: The end.\n|-start|p2a: The end.|move: Focus Energy\n|\n|-fieldend|move: Trick Room\n|upkeep\n|turn|17\n|c|\u2606kingambit-au|i had z move bu i taught you know what it isnt importent a can 1 shot but forgot about the abiltyys\n|\n|t:|1700129382\n|move|p2a: The end.|Draco Meteor|p1a: Arceus\n|-crit|p1a: Arceus\n|-damage|p1a: Arceus|30\/100\n|-unboost|p2a: The end.|spa|2\n|move|p1a: Arceus|Ice Beam|p2a: The end.\n|-resisted|p2a: The end.\n|-damage|p2a: The end.|74\/100\n|\n|upkeep\n|turn|18\n|\n|t:|1700129393\n|move|p2a: The end.|Draco Meteor|p1a: Arceus\n|-crit|p1a: Arceus\n|-damage|p1a: Arceus|0 fnt\n|-unboost|p2a: The end.|spa|2\n|faint|p1a: Arceus\n|\n|upkeep\n|c|\u2606Ghetsissss|you forgot about tera too it seems\n|\n|t:|1700129399\n|switch|p1a: Naganadel|Naganadel|100\/100\n|-activate|p1a: Naganadel|move: Sticky Web\n|-unboost|p1a: Naganadel|spe|1\n|turn|19\n|\n|t:|1700129415\n|move|p2a: The end.|Draco Meteor|p1a: Naganadel\n|-supereffective|p1a: Naganadel\n|-crit|p1a: Naganadel\n|-damage|p1a: Naganadel|0 fnt\n|-unboost|p2a: The end.|spa|2\n|faint|p1a: Naganadel\n|\n|win|Ghetsissss\n|raw|kingambit-au's rating: 1078 &rarr; <strong>1063<\/strong><br \/>(-15 for losing)\n|raw|Ghetsissss's rating: 1192 &rarr; <strong>1209<\/strong><br \/>(+17 for winning)\n|c|\u2606kingambit-au|gg\n|c|\u2606Ghetsissss|gg\n","uploadtime":1700129425,"views":17,"p1id":"kingambitau","p2id":"ghetsissss","formatid":"gen9nationaldexubers","rating":1063,"private":0,"password":""}