{"id":"gen9nationaldexubers-2000294035","p1":"Gtg g u2","p2":"ghgjjhjhhjhgfggvgg","format":"[Gen 9] National Dex Ubers","log":"|j|\u2606Gtg g u2\n|j|\u2606ghgjjhjhhjhgfggvgg\n|t:|1701182192\n|gametype|singles\n|player|p1|Gtg g u2|chase|1150\n|player|p2|ghgjjhjhhjhgfggvgg|firebreather|1255\n|teamsize|p1|6\n|teamsize|p2|6\n|gen|9\n|tier|[Gen 9] National Dex Ubers\n|rated|\n|rule|HP Percentage Mod: HP is shown in percentages\n|rule|Endless Battle Clause: Forcing endless battles is banned\n|rule|OHKO Clause: OHKO moves are banned\n|rule|Evasion Moves Clause: Evasion moves are banned\n|rule|Evasion Items Clause: Evasion items are banned\n|rule|Species Clause: Limit one of each Pok\u00e9mon\n|rule|Sleep Clause Mod: Limit one foe put to sleep\n|rule|Mega Rayquaza Clause: You cannot mega evolve Rayquaza\n|clearpoke\n|poke|p1|Pikachu, M|\n|poke|p1|Kleavor, M|\n|poke|p1|Gengar, M|\n|poke|p1|Lucario, M|\n|poke|p1|Flygon, F|\n|poke|p1|Melmetal|\n|poke|p2|Serperior, M|\n|poke|p2|Galvantula, M|\n|poke|p2|Gholdengo|\n|poke|p2|Blaziken, M|\n|poke|p2|Ogerpon-Wellspring, F|\n|poke|p2|Maushold-Four|\n|teampreview\n|inactive|Battle timer is ON: inactive players will automatically lose when time's up. (requested by Gtg g u2)\n|\n|t:|1701182211\n|start\n|switch|p1a: Kleavor|Kleavor, M|100\/100\n|switch|p2a: Galvantula|Galvantula, M|100\/100\n|turn|1\n|\n|t:|1701182218\n|move|p2a: Galvantula|Sticky Web|p1a: Kleavor\n|-sidestart|p1: Gtg g u2|move: Sticky Web\n|move|p1a: Kleavor|Stone Axe|p2a: Galvantula|[miss]\n|-miss|p1a: Kleavor|p2a: Galvantula\n|\n|upkeep\n|turn|2\n|\n|t:|1701182224\n|move|p2a: Galvantula|Thunder Wave|p1a: Kleavor\n|-status|p1a: Kleavor|par\n|move|p1a: Kleavor|Stone Axe|p2a: Galvantula\n|-supereffective|p2a: Galvantula\n|-enditem|p2a: Galvantula|Focus Sash\n|-damage|p2a: Galvantula|1\/100\n|-sidestart|p2: ghgjjhjhhjhgfggvgg|move: Stealth Rock\n|\n|upkeep\n|turn|3\n|\n|t:|1701182233\n|move|p2a: Galvantula|Thunder|p1a: Kleavor|[miss]\n|-miss|p2a: Galvantula|p1a: Kleavor\n|move|p1a: Kleavor|Pounce|p2a: Galvantula\n|-crit|p2a: Galvantula\n|-damage|p2a: Galvantula|0 fnt\n|faint|p2a: Galvantula\n|\n|upkeep\n|\n|t:|1701182252\n|switch|p2a: Ogerpon|Ogerpon-Wellspring, F|100\/100\n|-damage|p2a: Ogerpon|88\/100|[from] Stealth Rock\n|turn|4\n|\n|t:|1701182258\n|move|p2a: Ogerpon|Swords Dance|p2a: Ogerpon\n|-boost|p2a: Ogerpon|atk|2\n|move|p1a: Kleavor|Pounce|p2a: Ogerpon\n|-supereffective|p2a: Ogerpon\n|-crit|p2a: Ogerpon\n|-damage|p2a: Ogerpon|0 fnt\n|faint|p2a: Ogerpon\n|\n|upkeep\n|\n|t:|1701182267\n|switch|p2a: Gholdengo|Gholdengo|100\/100\n|-damage|p2a: Gholdengo|94\/100|[from] Stealth Rock\n|-item|p2a: Gholdengo|Air Balloon\n|turn|5\n|\n|t:|1701182273\n|move|p2a: Gholdengo|Make It Rain|p1a: Kleavor\n|-supereffective|p1a: Kleavor\n|-damage|p1a: Kleavor|0 fnt\n|-unboost|p2a: Gholdengo|spa|1\n|faint|p1a: Kleavor\n|\n|upkeep\n|\n|t:|1701182276\n|switch|p1a: Gengar|Gengar, M|100\/100\n|-activate|p1a: Gengar|move: Sticky Web\n|-unboost|p1a: Gengar|spe|1\n|turn|6\n|\n|t:|1701182289\n|move|p2a: Gholdengo|Shadow Ball|p1a: Gengar\n|-supereffective|p1a: Gengar\n|-enditem|p1a: Gengar|Focus Sash\n|-damage|p1a: Gengar|1\/100\n|-unboost|p1a: Gengar|spd|1\n|move|p1a: Gengar|Shadow Ball|p2a: Gholdengo\n|-supereffective|p2a: Gholdengo\n|-damage|p2a: Gholdengo|0 fnt\n|-enditem|p2a: Gholdengo|Air Balloon\n|faint|p2a: Gholdengo\n|\n|upkeep\n|\n|t:|1701182300\n|switch|p2a: Serperior|Serperior, M|100\/100\n|-damage|p2a: Serperior|88\/100|[from] Stealth Rock\n|turn|7\n|\n|t:|1701182308\n|-terastallize|p2a: Serperior|Grass\n|move|p2a: Serperior|Leaf Storm|p1a: Gengar\n|-resisted|p1a: Gengar\n|-damage|p1a: Gengar|0 fnt\n|-boost|p2a: Serperior|spa|2\n|faint|p1a: Gengar\n|\n|-heal|p2a: Serperior|94\/100|[from] item: Leftovers\n|upkeep\n|\n|t:|1701182310\n|switch|p1a: Melmetal|Melmetal|100\/100\n|-activate|p1a: Melmetal|move: Sticky Web\n|-unboost|p1a: Melmetal|spe|1\n|turn|8\n|\n|t:|1701182320\n|move|p2a: Serperior|Hidden Power|p1a: Melmetal\n|-supereffective|p1a: Melmetal\n|-damage|p1a: Melmetal|61\/100\n|move|p1a: Melmetal|Double Iron Bash|p2a: Serperior\n|-damage|p2a: Serperior|43\/100\n|-damage|p2a: Serperior|0 fnt\n|faint|p2a: Serperior\n|-hitcount|p2: Serperior|2\n|\n|upkeep\n|\n|t:|1701182328\n|switch|p2a: Blaziken|Blaziken, M|100\/100\n|turn|9\n|\n|t:|1701182336\n|-terastallize|p1a: Melmetal|Ground\n|move|p2a: Blaziken|Close Combat|p1a: Melmetal\n|-damage|p1a: Melmetal|28\/100\n|-unboost|p2a: Blaziken|def|1\n|-unboost|p2a: Blaziken|spd|1\n|move|p1a: Melmetal|Earthquake|p2a: Blaziken\n|-supereffective|p2a: Blaziken\n|-damage|p2a: Blaziken|0 fnt\n|faint|p2a: Blaziken\n|\n|upkeep\n|\n|t:|1701182346\n|switch|p2a: Maushold|Maushold-Four|100\/100\n|-damage|p2a: Maushold|88\/100|[from] Stealth Rock\n|turn|10\n|\n|t:|1701182358\n|move|p2a: Maushold|Population Bomb|p1a: Melmetal\n|-damage|p1a: Melmetal|22\/100\n|-damage|p1a: Melmetal|15\/100\n|-damage|p1a: Melmetal|10\/100\n|-damage|p1a: Melmetal|3\/100\n|-damage|p1a: Melmetal|0 fnt\n|faint|p1a: Melmetal\n|-hitcount|p1: Melmetal|5\n|\n|upkeep\n|\n|t:|1701182360\n|switch|p1a: Lucario|Lucario, M|100\/100\n|-activate|p1a: Lucario|move: Sticky Web\n|-unboost|p1a: Lucario|spe|1\n|turn|11\n|\n|t:|1701182376\n|detailschange|p1a: Lucario|Lucario-Mega, M\n|-mega|p1a: Lucario|Lucario|Lucarionite\n|move|p2a: Maushold|Tidy Up|p2a: Maushold\n|-sideend|p2: ghgjjhjhhjhgfggvgg|Stealth Rock\n|-sideend|p1: Gtg g u2|Sticky Web\n|-activate|p2a: Maushold|move: Tidy Up\n|-boost|p2a: Maushold|atk|1\n|-boost|p2a: Maushold|spe|1\n|move|p1a: Lucario|Aura Sphere|p2a: Maushold\n|-supereffective|p2a: Maushold\n|-damage|p2a: Maushold|0 fnt\n|faint|p2a: Maushold\n|\n|win|Gtg g u2\n|raw|Gtg g u2's rating: 1150 &rarr; <strong>1182<\/strong><br \/>(+32 for winning)\n|raw|ghgjjhjhhjhgfggvgg's rating: 1255 &rarr; <strong>1223<\/strong><br \/>(-32 for losing)\n","uploadtime":1701182390,"views":1,"p1id":"gtggu2","p2id":"ghgjjhjhhjhgfggvgg","formatid":"gen9nationaldexubers","rating":1182,"private":0,"password":""}