{"id":"gen9nationaldexubers-1994439271","p1":"Kuraihanae","p2":"TheDart31","format":"[Gen 9] National Dex Ubers","log":"|j|\u2606Kuraihanae\n|j|\u2606TheDart31\n|t:|1700444070\n|gametype|singles\n|player|p1|Kuraihanae|elesa|\n|player|p2|TheDart31|petrel|\n|teamsize|p1|6\n|teamsize|p2|6\n|gen|9\n|tier|[Gen 9] National Dex Ubers\n|rule|HP Percentage Mod: HP is shown in percentages\n|rule|Endless Battle Clause: Forcing endless battles is banned\n|rule|OHKO Clause: OHKO moves are banned\n|rule|Evasion Moves Clause: Evasion moves are banned\n|rule|Evasion Items Clause: Evasion items are banned\n|rule|Species Clause: Limit one of each Pok\u00e9mon\n|rule|Sleep Clause Mod: Limit one foe put to sleep\n|rule|Mega Rayquaza Clause: You cannot mega evolve Rayquaza\n|clearpoke\n|poke|p1|Ceruledge, M|\n|poke|p1|Munkidori, M|\n|poke|p1|Victini|\n|poke|p1|Lycanroc-Dusk, F|\n|poke|p1|Magnezone|\n|poke|p1|Shaymin|\n|poke|p2|Slowbro, M|\n|poke|p2|Chansey, F|\n|poke|p2|Galvantula, F|\n|poke|p2|Zeraora|\n|poke|p2|Bisharp, M|\n|poke|p2|Cobalion|\n|teampreview\n|c|\u2606TheDart31|GL;HF!\n|c|\u2606Kuraihanae|you too!\n|c|\u2606Kuraihanae|Gonna give it a sec for any spectators that wanna hop in\n|j| Hnard\n|c|\u2606TheDart31|Makes sense\n|c|\u2606TheDart31|This is a prime time event\n|j| birdnie\n|c|\u2606Kuraihanae|alright think we good\n|\n|t:|1700444270\n|start\n|switch|p1a: Meg|Magnezone|100\/100\n|switch|p2a: Arachne|Galvantula, F|100\/100\n|turn|1\n|\n|t:|1700444316\n|move|p2a: Arachne|Sticky Web|p1a: Meg\n|-sidestart|p1: Kuraihanae|move: Sticky Web\n|move|p1a: Meg|Thunder Wave|p2a: Arachne\n|-immune|p2a: Arachne\n|\n|upkeep\n|turn|2\n|\n|t:|1700444336\n|switch|p1a: Blaze|Ceruledge, M|100\/100\n|-activate|p1a: Blaze|move: Sticky Web\n|-unboost|p1a: Blaze|spe|1\n|move|p2a: Arachne|Thunder|p1a: Blaze\n|-damage|p1a: Blaze|48\/100\n|\n|upkeep\n|turn|3\n|\n|t:|1700444369\n|move|p2a: Arachne|Thunder|p1a: Blaze\n|-damage|p1a: Blaze|0 fnt\n|faint|p1a: Blaze\n|\n|upkeep\n|\n|t:|1700444377\n|switch|p1a: Alasan|Munkidori, M|100\/100\n|-activate|p1a: Alasan|move: Sticky Web\n|-unboost|p1a: Alasan|spe|1\n|turn|4\n|\n|t:|1700444391\n|move|p2a: Arachne|Thunder|p1a: Alasan\n|-crit|p1a: Alasan\n|-damage|p1a: Alasan|16\/100\n|move|p1a: Alasan|Psychic|p2a: Arachne\n|-damage|p2a: Arachne|9\/100\n|\n|upkeep\n|turn|5\n|\n|t:|1700444404\n|move|p1a: Alasan|Fake Out||[still]\n|-hint|Fake Out only works on your first turn out.\n|-fail|p1a: Alasan\n|move|p2a: Arachne|Energy Ball|p1a: Alasan\n|-resisted|p1a: Alasan\n|-damage|p1a: Alasan|1\/100\n|\n|upkeep\n|turn|6\n|\n|t:|1700444432\n|switch|p1a: Nuuna|Victini|100\/100\n|move|p2a: Arachne|Energy Ball|p1a: Nuuna\n|-resisted|p1a: Nuuna\n|-damage|p1a: Nuuna|87\/100\n|\n|upkeep\n|turn|7\n|\n|t:|1700444465\n|move|p2a: Arachne|Thunder Wave|p1a: Nuuna\n|-status|p1a: Nuuna|par\n|move|p1a: Nuuna|Toxic|p2a: Arachne\n|-status|p2a: Arachne|tox\n|\n|-damage|p2a: Arachne|3\/100 tox|[from] psn\n|upkeep\n|turn|8\n|\n|t:|1700444477\n|switch|p1a: Meg|Magnezone|100\/100\n|-activate|p1a: Meg|move: Sticky Web\n|-unboost|p1a: Meg|spe|1\n|move|p2a: Arachne|Thunder|p1a: Meg\n|-resisted|p1a: Meg\n|-damage|p1a: Meg|73\/100\n|\n|-heal|p1a: Meg|79\/100|[from] item: Leftovers\n|-damage|p2a: Arachne|0 fnt|[from] psn\n|faint|p2a: Arachne\n|upkeep\n|\n|t:|1700444499\n|switch|p2a: Owain|Zeraora|100\/100\n|turn|9\n|\n|t:|1700444509\n|move|p2a: Owain|Power-Up Punch|p1a: Meg\n|-supereffective|p1a: Meg\n|-damage|p1a: Meg|57\/100\n|-boost|p2a: Owain|atk|1\n|move|p1a: Meg|Flash Cannon|p2a: Owain\n|-resisted|p2a: Owain\n|-damage|p2a: Owain|72\/100\n|\n|-heal|p1a: Meg|63\/100|[from] item: Leftovers\n|upkeep\n|turn|10\n|\n|t:|1700444534\n|switch|p1a: Yuna|Shaymin|100\/100\n|-activate|p1a: Yuna|move: Sticky Web\n|-unboost|p1a: Yuna|spe|1\n|move|p2a: Owain|Power-Up Punch|p1a: Yuna\n|-damage|p1a: Yuna|80\/100\n|-boost|p2a: Owain|atk|1\n|\n|upkeep\n|turn|11\n|\n|t:|1700444542\n|move|p2a: Owain|Blaze Kick|p1a: Yuna\n|-supereffective|p1a: Yuna\n|-damage|p1a: Yuna|0 fnt\n|faint|p1a: Yuna\n|\n|upkeep\n|\n|t:|1700444548\n|switch|p1a: Saeri|Lycanroc-Dusk, F, shiny|100\/100\n|-activate|p1a: Saeri|move: Sticky Web\n|-unboost|p1a: Saeri|spe|1\n|turn|12\n|\n|t:|1700444586\n|move|p2a: Owain|Plasma Fists|p1a: Saeri\n|-damage|p1a: Saeri|0 fnt\n|-fieldactivate|move: Ion Deluge\n|-hint|Normal-type moves become Electric-type after using Plasma Fists.\n|faint|p1a: Saeri\n|\n|upkeep\n|\n|t:|1700444599\n|switch|p1a: Nuuna|Victini|87\/100 par\n|turn|13\n|\n|t:|1700444603\n|move|p2a: Owain|Knock Off|p1a: Nuuna\n|-supereffective|p1a: Nuuna\n|-crit|p1a: Nuuna\n|-damage|p1a: Nuuna|0 fnt\n|-enditem|p1a: Nuuna|Heavy-Duty Boots|[from] move: Knock Off|[of] p2a: Owain\n|faint|p1a: Nuuna\n|\n|upkeep\n|\n|t:|1700444608\n|switch|p1a: Meg|Magnezone|63\/100\n|-activate|p1a: Meg|move: Sticky Web\n|-unboost|p1a: Meg|spe|1\n|turn|14\n|\n|t:|1700444612\n|move|p2a: Owain|Blaze Kick|p1a: Meg\n|-supereffective|p1a: Meg\n|-damage|p1a: Meg|0 fnt\n|faint|p1a: Meg\n|\n|upkeep\n|\n|t:|1700444617\n|switch|p1a: Alasan|Munkidori, M|1\/100\n|-activate|p1a: Alasan|move: Sticky Web\n|-unboost|p1a: Alasan|spe|1\n|turn|15\n|\n|t:|1700444623\n|move|p2a: Owain|Knock Off|p1a: Alasan\n|-supereffective|p1a: Alasan\n|-damage|p1a: Alasan|0 fnt\n|-enditem|p1a: Alasan|Focus Sash|[from] move: Knock Off|[of] p2a: Owain\n|faint|p1a: Alasan\n|\n|win|TheDart31\n|c|\u2606TheDart31|GGs\n|c|\u2606Kuraihanae|I hate zeraora ;-;\n|c|\u2606Kuraihanae|ggs tho\n","uploadtime":1700444635,"views":13,"p1id":"kuraihanae","p2id":"thedart31","formatid":"gen9nationaldexubers","rating":0,"private":0,"password":""}