{"id":"gen9nationaldexubers-1991649714","p1":"charliereall","p2":"EABL XD","format":"[Gen 9] National Dex Ubers","log":"|j|\u2606charliereall\n|j|\u2606EABL XD\n|t:|1700098387\n|gametype|singles\n|player|p1|charliereall|cynthia|1352\n|player|p2|EABL XD|gambler|1254\n|teamsize|p1|6\n|teamsize|p2|6\n|gen|9\n|tier|[Gen 9] National Dex Ubers\n|rated|\n|rule|HP Percentage Mod: HP is shown in percentages\n|rule|Endless Battle Clause: Forcing endless battles is banned\n|rule|OHKO Clause: OHKO moves are banned\n|rule|Evasion Moves Clause: Evasion moves are banned\n|rule|Evasion Items Clause: Evasion items are banned\n|rule|Species Clause: Limit one of each Pok\u00e9mon\n|rule|Sleep Clause Mod: Limit one foe put to sleep\n|rule|Mega Rayquaza Clause: You cannot mega evolve Rayquaza\n|clearpoke\n|poke|p1|Smeargle, F|\n|poke|p1|Xerneas-*|\n|poke|p1|Groudon|\n|poke|p1|Necrozma-Dusk-Mane|\n|poke|p1|Arceus|\n|poke|p1|Eternatus|\n|poke|p2|Ho-Oh|\n|poke|p2|Arceus-Ghost|\n|poke|p2|Naganadel|\n|poke|p2|Galvantula, F|\n|poke|p2|Iron Treads|\n|poke|p2|Groudon|\n|teampreview\n|inactive|Battle timer is ON: inactive players will automatically lose when time's up. (requested by charliereall)\n|inactive|charliereall has 120 seconds left.\n|\n|t:|1700098436\n|start\n|switch|p1a: Arceus|Arceus|100\/100\n|switch|p2a: Tula|Galvantula, F|100\/100\n|turn|1\n|\n|t:|1700098445\n|switch|p1a: Groudon|Groudon|100\/100\n|detailschange|p1a: Groudon|Groudon-Primal\n|-primal|p1a: Groudon|Red Orb\n|-weather|DesolateLand|[from] ability: Desolate Land|[of] p1a: Groudon\n|move|p2a: Tula|Sticky Web|p1a: Groudon\n|-sidestart|p1: charliereall|move: Sticky Web\n|\n|-weather|DesolateLand|[upkeep]\n|upkeep\n|turn|2\n|\n|t:|1700098459\n|move|p2a: Tula|Bug Buzz|p1a: Groudon\n|-resisted|p1a: Groudon\n|-damage|p1a: Groudon|86\/100\n|-unboost|p1a: Groudon|spd|1\n|move|p1a: Groudon|Swords Dance|p1a: Groudon\n|-boost|p1a: Groudon|atk|2\n|\n|-weather|DesolateLand|[upkeep]\n|upkeep\n|turn|3\n|\n|t:|1700098467\n|move|p2a: Tula|Bug Buzz|p1a: Groudon\n|-resisted|p1a: Groudon\n|-damage|p1a: Groudon|66\/100\n|move|p1a: Groudon|Heat Crash|p2a: Tula\n|-supereffective|p2a: Tula\n|-enditem|p2a: Tula|Focus Sash\n|-damage|p2a: Tula|1\/100\n|\n|-weather|DesolateLand|[upkeep]\n|upkeep\n|turn|4\n|\n|t:|1700098474\n|move|p2a: Tula|Bug Buzz|p1a: Groudon\n|-resisted|p1a: Groudon\n|-damage|p1a: Groudon|46\/100\n|move|p1a: Groudon|Heat Crash|p2a: Tula\n|-supereffective|p2a: Tula\n|-damage|p2a: Tula|0 fnt\n|faint|p2a: Tula\n|\n|-weather|DesolateLand|[upkeep]\n|upkeep\n|\n|t:|1700098483\n|switch|p2a: Iron Treads|Iron Treads|100\/100\n|-enditem|p2a: Iron Treads|Booster Energy\n|-activate|p2a: Iron Treads|ability: Quark Drive|[fromitem]\n|-start|p2a: Iron Treads|quarkdriveatk\n|turn|5\n|\n|t:|1700098498\n|move|p2a: Iron Treads|Earthquake|p1a: Groudon\n|-supereffective|p1a: Groudon\n|-damage|p1a: Groudon|0 fnt\n|faint|p1a: Groudon\n|-weather|none\n|\n|upkeep\n|\n|t:|1700098514\n|switch|p1a: Eternatus|Eternatus|100\/100\n|-activate|p1a: Eternatus|move: Sticky Web\n|-unboost|p1a: Eternatus|spe|1\n|-ability|p1a: Eternatus|Pressure\n|turn|6\n|\n|t:|1700098528\n|-terastallize|p1a: Eternatus|Fire\n|move|p2a: Iron Treads|Stealth Rock|p1a: Eternatus\n|-sidestart|p1: charliereall|move: Stealth Rock\n|move|p1a: Eternatus|Flamethrower|p2a: Iron Treads\n|-supereffective|p2a: Iron Treads\n|-damage|p2a: Iron Treads|0 fnt\n|faint|p2a: Iron Treads\n|-end|p2a: Iron Treads|Quark Drive|[silent]\n|\n|upkeep\n|\n|t:|1700098537\n|switch|p2a: P\u00e1jaro Feo|Ho-Oh, shiny|100\/100\n|turn|7\n|\n|t:|1700098540\n|-zpower|p2a: P\u00e1jaro Feo\n|move|p2a: P\u00e1jaro Feo|Z-Celebrate|p2a: P\u00e1jaro Feo|[anim]Celebrate\n|-boost|p2a: P\u00e1jaro Feo|atk|1|[zeffect]\n|-boost|p2a: P\u00e1jaro Feo|def|1|[zeffect]\n|-boost|p2a: P\u00e1jaro Feo|spa|1|[zeffect]\n|-boost|p2a: P\u00e1jaro Feo|spd|1|[zeffect]\n|-boost|p2a: P\u00e1jaro Feo|spe|1|[zeffect]\n|-activate|p2a: P\u00e1jaro Feo|move: Celebrate\n|move|p1a: Eternatus|Meteor Beam||[still]\n|-prepare|p1a: Eternatus|Meteor Beam\n|-boost|p1a: Eternatus|spa|1\n|-enditem|p1a: Eternatus|Power Herb\n|-anim|p1a: Eternatus|Meteor Beam|p2a: P\u00e1jaro Feo\n|-supereffective|p2a: P\u00e1jaro Feo\n|-damage|p2a: P\u00e1jaro Feo|0 fnt\n|faint|p2a: P\u00e1jaro Feo\n|\n|upkeep\n|\n|t:|1700098548\n|switch|p2a: Don|Groudon, shiny|100\/100\n|detailschange|p2a: Don|Groudon-Primal, shiny\n|-primal|p2a: Don|Red Orb\n|-weather|DesolateLand|[from] ability: Desolate Land|[of] p2a: Don\n|turn|8\n|\n|t:|1700098555\n|move|p2a: Don|Earthquake|p1a: Eternatus\n|-supereffective|p1a: Eternatus\n|-damage|p1a: Eternatus|0 fnt\n|faint|p1a: Eternatus\n|\n|-weather|DesolateLand|[upkeep]\n|upkeep\n|inactive|charliereall has 120 seconds left.\n|\n|t:|1700098589\n|switch|p1a: Arceus|Arceus|100\/100\n|-activate|p1a: Arceus|move: Sticky Web\n|-unboost|p1a: Arceus|spe|1\n|-damage|p1a: Arceus|88\/100|[from] Stealth Rock\n|turn|9\n|\n|t:|1700098595\n|move|p2a: Don|Heat Crash|p1a: Arceus\n|-damage|p1a: Arceus|22\/100\n|move|p1a: Arceus|Swords Dance|p1a: Arceus\n|-boost|p1a: Arceus|atk|2\n|\n|-weather|DesolateLand|[upkeep]\n|upkeep\n|turn|10\n|\n|t:|1700098599\n|move|p1a: Arceus|Extreme Speed|p2a: Don\n|-damage|p2a: Don|34\/100\n|move|p2a: Don|Heat Crash|p1a: Arceus\n|-damage|p1a: Arceus|0 fnt\n|faint|p1a: Arceus\n|\n|-weather|DesolateLand|[upkeep]\n|upkeep\n|\n|t:|1700098614\n|switch|p1a: Smeargle|Smeargle, F, shiny|100\/100\n|-activate|p1a: Smeargle|move: Sticky Web\n|-unboost|p1a: Smeargle|spe|1\n|-damage|p1a: Smeargle|88\/100|[from] Stealth Rock\n|turn|11\n|\n|t:|1700098620\n|move|p1a: Smeargle|Protect|p1a: Smeargle\n|-singleturn|p1a: Smeargle|Protect\n|move|p2a: Don|Heat Crash|p1a: Smeargle\n|-activate|p1a: Smeargle|move: Protect\n|\n|-weather|DesolateLand|[upkeep]\n|-heal|p1a: Smeargle|94\/100|[from] item: Leftovers\n|-ability|p1a: Smeargle|Moody|boost\n|-boost|p1a: Smeargle|spe|2\n|-unboost|p1a: Smeargle|def|1\n|upkeep\n|turn|12\n|\n|t:|1700098630\n|move|p1a: Smeargle|Spore|p2a: Don\n|-status|p2a: Don|slp|[from] move: Spore\n|cant|p2a: Don|slp\n|\n|-weather|DesolateLand|[upkeep]\n|-heal|p1a: Smeargle|99\/100|[from] item: Leftovers\n|-ability|p1a: Smeargle|Moody|boost\n|-boost|p1a: Smeargle|atk|2\n|-unboost|p1a: Smeargle|spd|1\n|upkeep\n|turn|13\n|\n|t:|1700098639\n|-weather|none\n|switch|p2a: Wasp|Naganadel, shiny|100\/100\n|move|p1a: Smeargle|Substitute|p1a: Smeargle\n|-start|p1a: Smeargle|Substitute\n|-damage|p1a: Smeargle|75\/100\n|\n|-heal|p1a: Smeargle|81\/100|[from] item: Leftovers\n|-ability|p1a: Smeargle|Moody|boost\n|-boost|p1a: Smeargle|def|2\n|-unboost|p1a: Smeargle|spa|1\n|upkeep\n|turn|14\n|\n|t:|1700098646\n|move|p1a: Smeargle|Protect|p1a: Smeargle\n|-singleturn|p1a: Smeargle|Protect\n|move|p2a: Wasp|Sludge Bomb|p1a: Smeargle\n|-activate|p1a: Smeargle|move: Protect\n|\n|-heal|p1a: Smeargle|87\/100|[from] item: Leftovers\n|-ability|p1a: Smeargle|Moody|boost\n|-boost|p1a: Smeargle|atk|2\n|-unboost|p1a: Smeargle|spa|1\n|upkeep\n|turn|15\n|\n|t:|1700098659\n|move|p2a: Wasp|Sludge Bomb|p1a: Smeargle\n|-end|p1a: Smeargle|Substitute\n|move|p1a: Smeargle|Substitute|p1a: Smeargle\n|-start|p1a: Smeargle|Substitute\n|-damage|p1a: Smeargle|63\/100\n|\n|-heal|p1a: Smeargle|69\/100|[from] item: Leftovers\n|-ability|p1a: Smeargle|Moody|boost\n|-boost|p1a: Smeargle|atk|2\n|-unboost|p1a: Smeargle|spa|1\n|upkeep\n|turn|16\n|\n|t:|1700098675\n|move|p1a: Smeargle|Protect|p1a: Smeargle\n|-singleturn|p1a: Smeargle|Protect\n|move|p2a: Wasp|Sludge Bomb|p1a: Smeargle\n|-activate|p1a: Smeargle|move: Protect\n|\n|-heal|p1a: Smeargle|75\/100|[from] item: Leftovers\n|-ability|p1a: Smeargle|Moody|boost\n|-boost|p1a: Smeargle|def|2\n|-unboost|p1a: Smeargle|spe|1\n|upkeep\n|turn|17\n|\n|t:|1700098686\n|move|p2a: Wasp|Sludge Bomb|p1a: Smeargle\n|-end|p1a: Smeargle|Substitute\n|move|p1a: Smeargle|Substitute|p1a: Smeargle\n|-start|p1a: Smeargle|Substitute\n|-damage|p1a: Smeargle|50\/100\n|\n|-heal|p1a: Smeargle|56\/100|[from] item: Leftovers\n|-ability|p1a: Smeargle|Moody|boost\n|-boost|p1a: Smeargle|def|2\n|-unboost|p1a: Smeargle|spa|1\n|upkeep\n|turn|18\n|\n|t:|1700098691\n|move|p1a: Smeargle|Protect|p1a: Smeargle\n|-singleturn|p1a: Smeargle|Protect\n|move|p2a: Wasp|Sludge Bomb|p1a: Smeargle\n|-activate|p1a: Smeargle|move: Protect\n|\n|-heal|p1a: Smeargle|62\/100|[from] item: Leftovers\n|-ability|p1a: Smeargle|Moody|boost\n|-boost|p1a: Smeargle|spd|2\n|-unboost|p1a: Smeargle|spa|1\n|upkeep\n|turn|19\n|\n|t:|1700098703\n|move|p2a: Wasp|Sludge Bomb|p1a: Smeargle\n|-end|p1a: Smeargle|Substitute\n|move|p1a: Smeargle|Substitute|p1a: Smeargle\n|-start|p1a: Smeargle|Substitute\n|-damage|p1a: Smeargle|37\/100\n|\n|-heal|p1a: Smeargle|43\/100|[from] item: Leftovers\n|-ability|p1a: Smeargle|Moody|boost\n|-boost|p1a: Smeargle|spa|2\n|-unboost|p1a: Smeargle|atk|1\n|upkeep\n|turn|20\n|\n|t:|1700098711\n|move|p1a: Smeargle|Protect|p1a: Smeargle\n|-singleturn|p1a: Smeargle|Protect\n|move|p2a: Wasp|Sludge Bomb|p1a: Smeargle\n|-activate|p1a: Smeargle|move: Protect\n|\n|-heal|p1a: Smeargle|49\/100|[from] item: Leftovers\n|-ability|p1a: Smeargle|Moody|boost\n|-boost|p1a: Smeargle|spe|2\n|-unboost|p1a: Smeargle|spd|1\n|upkeep\n|turn|21\n|\n|t:|1700098730\n|move|p1a: Smeargle|Substitute|p1a: Smeargle\n|-fail|p1a: Smeargle|move: Substitute\n|move|p2a: Wasp|Sludge Bomb|p1a: Smeargle\n|-end|p1a: Smeargle|Substitute\n|\n|-heal|p1a: Smeargle|55\/100|[from] item: Leftovers\n|-ability|p1a: Smeargle|Moody|boost\n|-boost|p1a: Smeargle|spd|2\n|-unboost|p1a: Smeargle|def|1\n|upkeep\n|turn|22\n|\n|t:|1700098736\n|move|p1a: Smeargle|Protect|p1a: Smeargle\n|-singleturn|p1a: Smeargle|Protect\n|move|p2a: Wasp|Sludge Bomb|p1a: Smeargle\n|-activate|p1a: Smeargle|move: Protect\n|\n|-heal|p1a: Smeargle|61\/100|[from] item: Leftovers\n|-ability|p1a: Smeargle|Moody|boost\n|-boost|p1a: Smeargle|spa|2\n|-unboost|p1a: Smeargle|spe|1\n|upkeep\n|turn|23\n|\n|t:|1700098742\n|move|p2a: Wasp|Dragon Pulse|p1a: Smeargle\n|-damage|p1a: Smeargle|12\/100\n|move|p1a: Smeargle|Substitute|p1a: Smeargle\n|-fail|p1a: Smeargle|move: Substitute|[weak]\n|\n|-heal|p1a: Smeargle|18\/100|[from] item: Leftovers\n|-ability|p1a: Smeargle|Moody|boost\n|-boost|p1a: Smeargle|spa|2\n|-unboost|p1a: Smeargle|atk|1\n|upkeep\n|turn|24\n|\n|t:|1700098753\n|move|p1a: Smeargle|Protect|p1a: Smeargle\n|-singleturn|p1a: Smeargle|Protect\n|move|p2a: Wasp|Flamethrower|p1a: Smeargle\n|-activate|p1a: Smeargle|move: Protect\n|\n|-heal|p1a: Smeargle|24\/100|[from] item: Leftovers\n|-ability|p1a: Smeargle|Moody|boost\n|-boost|p1a: Smeargle|spa|2\n|-unboost|p1a: Smeargle|atk|1\n|upkeep\n|turn|25\n|\n|t:|1700098765\n|move|p1a: Smeargle|Protect||[still]\n|-fail|p1a: Smeargle\n|move|p2a: Wasp|Flamethrower|p1a: Smeargle\n|-damage|p1a: Smeargle|0 fnt\n|faint|p1a: Smeargle\n|-ability|p2a: Wasp|Beast Boost|boost\n|-boost|p2a: Wasp|spa|1\n|\n|upkeep\n|c|\u2606charliereall|sigh\n|c|\u2606charliereall|gg\n|-message|charliereall forfeited.\n|\n|win|EABL XD\n|raw|charliereall's rating: 1352 &rarr; <strong>1327<\/strong><br \/>(-25 for losing)\n|raw|EABL XD's rating: 1254 &rarr; <strong>1286<\/strong><br \/>(+32 for winning)\n|l|\u2606charliereall\n","uploadtime":1700098781,"views":10,"p1id":"charliereall","p2id":"eablxd","formatid":"gen9nationaldexubers","rating":1286,"private":0,"password":""}