{"id":"gen9nationaldexubers-1988469645","p1":"Maidenhoeenven","p2":"alcatel999","format":"[Gen 9] National Dex Ubers","log":"|j|\u2606Maidenhoeenven\n|j|\u2606alcatel999\n|t:|1699726302\n|gametype|singles\n|player|p1|Maidenhoeenven|fisherman|\n|player|p2|alcatel999|rocketgrunt|\n|teamsize|p1|6\n|teamsize|p2|6\n|gen|9\n|tier|[Gen 9] National Dex Ubers\n|rule|HP Percentage Mod: HP is shown in percentages\n|rule|Endless Battle Clause: Forcing endless battles is banned\n|rule|OHKO Clause: OHKO moves are banned\n|rule|Evasion Moves Clause: Evasion moves are banned\n|rule|Evasion Items Clause: Evasion items are banned\n|rule|Species Clause: Limit one of each Pok\u00e9mon\n|rule|Sleep Clause Mod: Limit one foe put to sleep\n|rule|Mega Rayquaza Clause: You cannot mega evolve Rayquaza\n|clearpoke\n|poke|p1|Clamperl, M|\n|poke|p1|Spidops, F|\n|poke|p1|Sneasler, F|\n|poke|p1|Amoonguss, F|\n|poke|p1|Victini|\n|poke|p1|Goodra-Hisui, F|\n|poke|p2|Diancie|\n|poke|p2|Klefki, M|\n|poke|p2|Mimikyu, F|\n|poke|p2|Tapu Fini|\n|poke|p2|Tapu Bulu|\n|poke|p2|Tapu Lele|\n|teampreview\n|c|\u2606alcatel999|Tenia que haber un snealser\n|j| DiosPanzer\n|c|\u2606alcatel999|GL HF\n|c| DiosPanzer|Victini estaba permitido?\n|c|\u2606alcatel999|no se\n|\n|t:|1699726367\n|start\n|switch|p1a: Spidops|Spidops, F|100\/100\n|switch|p2a: Di-Vi-Na|Diancie|100\/100\n|turn|1\n|c| DiosPanzer|No esta\n|c| DiosPanzer|XD\n|c|\u2606alcatel999|igual quiero combatir\n|\n|t:|1699726419\n|detailschange|p2a: Di-Vi-Na|Diancie-Mega\n|-mega|p2a: Di-Vi-Na|Diancie|Diancite\n|move|p2a: Di-Vi-Na|Diamond Storm|p1a: Spidops\n|-supereffective|p1a: Spidops\n|-enditem|p1a: Spidops|Focus Sash\n|-damage|p1a: Spidops|1\/100\n|move|p1a: Spidops|Memento|p2a: Di-Vi-Na\n|-unboost|p2a: Di-Vi-Na|atk|2\n|-unboost|p2a: Di-Vi-Na|spa|2\n|faint|p1a: Spidops\n|\n|upkeep\n|c| DiosPanzer|Waos\n|c|\u2606alcatel999|Waos\n|\n|t:|1699726460\n|switch|p1a: Clamperl|Clamperl, M|100\/100\n|turn|2\n|c|\u2606alcatel999|!dt clamperl\n|raw|<div class=\"message\"><ul class=\"utilichart\"><li class=\"result\"><span class=\"col numcol\">LC<\/span> <span class=\"col iconcol\"><psicon pokemon=\"clamperl\"\/><\/span> <span class=\"col pokemonnamecol\" style=\"white-space:nowrap\"><a href=\"https:\/\/dex.pokemonshowdown.com\/pokemon\/clamperl\" target=\"_blank\">Clamperl<\/a><\/span> <span class=\"col typecol\"><img src=\"https:\/\/play.pokemonshowdown.com\/sprites\/types\/Water.png\" alt=\"Water\" height=\"14\" width=\"32\"><\/span> <span style=\"float:left;min-height:26px\"><span class=\"col abilitycol\">Shell Armor<\/span><span class=\"col abilitycol\"><em>Rattled<\/em><\/span><\/span><span style=\"float:left;min-height:26px\"><span class=\"col statcol\"><em>HP<\/em><br \/>35<\/span> <span class=\"col statcol\"><em>Atk<\/em><br \/>64<\/span> <span class=\"col statcol\"><em>Def<\/em><br \/>85<\/span> <span class=\"col statcol\"><em>SpA<\/em><br \/>74<\/span> <span class=\"col statcol\"><em>SpD<\/em><br \/>55<\/span> <span class=\"col statcol\"><em>Spe<\/em><br \/>32<\/span> <span class=\"col bstcol\"><em>BST<br \/>345<\/em><\/span> <\/span><\/li><li style=\"clear:both\"><\/li><\/ul><\/div>\n|raw|<font size=\"1\"><font color=\"#686868\">Dex#:<\/font> 366&nbsp;|&ThickSpace;<font color=\"#686868\">Gen:<\/font> 3&nbsp;|&ThickSpace;<font color=\"#686868\">Height:<\/font> 0.4 m&nbsp;|&ThickSpace;<font color=\"#686868\">Weight:<\/font> 52.5 kg <em>(80 BP)<\/em>&nbsp;|&ThickSpace;<font color=\"#686868\">Dex Colour:<\/font> Blue&nbsp;|&ThickSpace;<font color=\"#686868\">Egg Group(s):<\/font> Water 1&nbsp;|&ThickSpace;<font color=\"#686868\">Evolution:<\/font> Huntail (trade holding Deep Sea Tooth), Gorebyss (trade holding Deep Sea Scale)<\/font>\n\n|c|\u2606alcatel999|nunca vi ese pokemon\n|c|\u2606alcatel999|tiene pinta de boostearse\n|c| DiosPanzer|Shell armor, eviolite y shell smash?\n|c|\u2606Maidenhoeenven|nel\n|\n|t:|1699726490\n|switch|p2a: LaLlaveDeTuCorazon|Klefki, M|100\/100\n|move|p1a: Clamperl|Shell Smash|p1a: Clamperl\n|-unboost|p1a: Clamperl|def|1\n|-unboost|p1a: Clamperl|spd|1\n|-boost|p1a: Clamperl|atk|2\n|-boost|p1a: Clamperl|spa|2\n|-boost|p1a: Clamperl|spe|2\n|\n|upkeep\n|turn|3\n|\n|t:|1699726508\n|move|p2a: LaLlaveDeTuCorazon|Toxic|p1a: Clamperl\n|-status|p1a: Clamperl|tox\n|move|p1a: Clamperl|Surf|p2a: LaLlaveDeTuCorazon\n|-damage|p2a: LaLlaveDeTuCorazon|0 fnt\n|faint|p2a: LaLlaveDeTuCorazon\n|\n|-damage|p1a: Clamperl|94\/100 tox|[from] psn\n|upkeep\n|\n|t:|1699726541\n|switch|p2a: LelePancha|Tapu Lele|100\/100\n|-fieldstart|move: Psychic Terrain|[from] ability: Psychic Surge|[of] p2a: LelePancha\n|turn|4\n|\n|t:|1699726558\n|move|p2a: LelePancha|Thunderbolt|p1a: Clamperl\n|-supereffective|p1a: Clamperl\n|-damage|p1a: Clamperl|0 fnt\n|faint|p1a: Clamperl\n|\n|upkeep\n|\n|t:|1699726562\n|switch|p1a: Goodra|Goodra-Hisui, F|100\/100\n|turn|5\n|\n|t:|1699726577\n|switch|p2a: FinoSe\u00f1ores|Tapu Fini|100\/100\n|-fieldstart|move: Misty Terrain|[from] ability: Misty Surge|[of] p2a: FinoSe\u00f1ores\n|move|p1a: Goodra|Curse|p1a: Goodra\n|-unboost|p1a: Goodra|spe|1\n|-boost|p1a: Goodra|atk|1\n|-boost|p1a: Goodra|def|1\n|\n|upkeep\n|turn|6\n|\n|t:|1699726594\n|move|p2a: FinoSe\u00f1ores|Taunt|p1a: Goodra\n|-start|p1a: Goodra|move: Taunt\n|move|p1a: Goodra|Gyro Ball|p2a: FinoSe\u00f1ores\n|-damage|p2a: FinoSe\u00f1ores|71\/100\n|\n|-heal|p2a: FinoSe\u00f1ores|78\/100|[from] item: Leftovers\n|upkeep\n|turn|7\n|\n|t:|1699726611\n|switch|p1a: Sneasler|Sneasler, F|100\/100\n|move|p2a: FinoSe\u00f1ores|Calm Mind|p2a: FinoSe\u00f1ores\n|-boost|p2a: FinoSe\u00f1ores|spa|1\n|-boost|p2a: FinoSe\u00f1ores|spd|1\n|\n|-heal|p2a: FinoSe\u00f1ores|84\/100|[from] item: Leftovers\n|upkeep\n|turn|8\n|\n|t:|1699726621\n|switch|p2a: LelePancha|Tapu Lele|100\/100\n|-fieldstart|move: Psychic Terrain|[from] ability: Psychic Surge|[of] p2a: LelePancha\n|move|p1a: Sneasler|Dire Claw|p2a: LelePancha\n|-supereffective|p2a: LelePancha\n|-damage|p2a: LelePancha|0 fnt\n|faint|p2a: LelePancha\n|\n|upkeep\n|\n|t:|1699726630\n|switch|p2a: HakunaMatata|Tapu Bulu|100\/100\n|-fieldstart|move: Grassy Terrain|[from] ability: Grassy Surge|[of] p2a: HakunaMatata\n|turn|9\n|\n|t:|1699726644\n|switch|p1a: Amoonguss|Amoonguss, F|100\/100\n|-terastallize|p2a: HakunaMatata|Ghost\n|move|p2a: HakunaMatata|High Horsepower|p1a: Amoonguss\n|-damage|p1a: Amoonguss|67\/100\n|-damage|p2a: HakunaMatata|84\/100|[from] item: Rocky Helmet|[of] p1a: Amoonguss\n|\n|-heal|p2a: HakunaMatata|90\/100|[from] Grassy Terrain\n|-heal|p1a: Amoonguss|73\/100|[from] Grassy Terrain\n|upkeep\n|turn|10\n|\n|t:|1699726650\n|switch|p2a: Di-Vi-Na|Diancie-Mega|100\/100\n|move|p1a: Amoonguss|Spore|p2a: Di-Vi-Na\n|move|p2a: Di-Vi-Na|Spore|p1a: Amoonguss|[from]ability: Magic Bounce\n|-immune|p1a: Amoonguss\n|\n|-heal|p1a: Amoonguss|79\/100|[from] Grassy Terrain\n|upkeep\n|turn|11\n|\n|t:|1699726669\n|switch|p1a: Goodra|Goodra-Hisui, F|100\/100\n|move|p2a: Di-Vi-Na|Earth Power|p1a: Goodra\n|-supereffective|p1a: Goodra\n|-damage|p1a: Goodra|62\/100\n|\n|-heal|p1a: Goodra|68\/100|[from] Grassy Terrain\n|-heal|p1a: Goodra|74\/100|[from] item: Leftovers\n|upkeep\n|turn|12\n|\n|t:|1699726683\n|switch|p2a: HakunaMatata|Tapu Bulu, tera:Ghost|90\/100\n|move|p1a: Goodra|Life Dew|p1a: Goodra\n|-heal|p1a: Goodra|99\/100\n|\n|-heal|p2a: HakunaMatata|96\/100|[from] Grassy Terrain\n|-heal|p1a: Goodra|100\/100|[from] Grassy Terrain\n|upkeep\n|turn|13\n|\n|t:|1699726695\n|switch|p1a: Amoonguss|Amoonguss, F|100\/100\n|move|p2a: HakunaMatata|High Horsepower|p1a: Amoonguss\n|-damage|p1a: Amoonguss|65\/100\n|-damage|p2a: HakunaMatata|79\/100|[from] item: Rocky Helmet|[of] p1a: Amoonguss\n|\n|-heal|p2a: HakunaMatata|85\/100|[from] Grassy Terrain\n|-heal|p1a: Amoonguss|71\/100|[from] Grassy Terrain\n|-fieldend|move: Grassy Terrain\n|upkeep\n|turn|14\n|\n|t:|1699726702\n|switch|p2a: Di-Vi-Na|Diancie-Mega|100\/100\n|move|p1a: Amoonguss|Sludge Bomb|p2a: Di-Vi-Na\n|-damage|p2a: Di-Vi-Na|65\/100\n|\n|upkeep\n|turn|15\n|\n|t:|1699726707\n|move|p2a: Di-Vi-Na|Mystical Fire|p1a: Amoonguss\n|-supereffective|p1a: Amoonguss\n|-damage|p1a: Amoonguss|12\/100\n|-unboost|p1a: Amoonguss|spa|1\n|move|p1a: Amoonguss|Sludge Bomb|p2a: Di-Vi-Na\n|-damage|p2a: Di-Vi-Na|37\/100\n|\n|upkeep\n|turn|16\n|\n|t:|1699726714\n|switch|p1a: Goodra|Goodra-Hisui, F|100\/100\n|move|p2a: Di-Vi-Na|Diamond Storm|p1a: Goodra\n|-resisted|p1a: Goodra\n|-damage|p1a: Goodra|78\/100\n|\n|-heal|p1a: Goodra|84\/100|[from] item: Leftovers\n|upkeep\n|turn|17\n|\n|t:|1699726725\n|switch|p2a: HakunaMatata|Tapu Bulu, tera:Ghost|85\/100\n|-fieldstart|move: Grassy Terrain|[from] ability: Grassy Surge|[of] p2a: HakunaMatata\n|move|p1a: Goodra|Gyro Ball|p2a: HakunaMatata\n|-damage|p2a: HakunaMatata|66\/100\n|\n|-heal|p2a: HakunaMatata|72\/100|[from] Grassy Terrain\n|-heal|p1a: Goodra|90\/100|[from] Grassy Terrain\n|-heal|p1a: Goodra|96\/100|[from] item: Leftovers\n|upkeep\n|turn|18\n|\n|t:|1699726735\n|switch|p2a: Mimigod|Mimikyu, F|100\/100\n|switch|p1a: Amoonguss|Amoonguss, F|45\/100\n|\n|-heal|p1a: Amoonguss|51\/100|[from] Grassy Terrain\n|upkeep\n|turn|19\n|\n|t:|1699726747\n|switch|p2a: Di-Vi-Na|Diancie-Mega|37\/100\n|move|p1a: Amoonguss|Spore|p2a: Di-Vi-Na\n|move|p2a: Di-Vi-Na|Spore|p1a: Amoonguss|[from]ability: Magic Bounce\n|-immune|p1a: Amoonguss\n|\n|-heal|p2a: Di-Vi-Na|43\/100|[from] Grassy Terrain\n|-heal|p1a: Amoonguss|57\/100|[from] Grassy Terrain\n|upkeep\n|turn|20\n|\n|t:|1699726755\n|move|p2a: Di-Vi-Na|Mystical Fire|p1a: Amoonguss\n|-supereffective|p1a: Amoonguss\n|-damage|p1a: Amoonguss|0 fnt\n|faint|p1a: Amoonguss\n|\n|-heal|p2a: Di-Vi-Na|49\/100|[from] Grassy Terrain\n|upkeep\n|\n|t:|1699726791\n|switch|p1a: Sneasler|Sneasler, F|100\/100\n|turn|21\n|\n|t:|1699726802\n|-terastallize|p1a: Sneasler|Poison\n|move|p2a: Di-Vi-Na|Earth Power|p1a: Sneasler\n|-supereffective|p1a: Sneasler\n|-damage|p1a: Sneasler|1\/100\n|-unboost|p1a: Sneasler|spd|1\n|move|p1a: Sneasler|Dire Claw|p2a: Di-Vi-Na\n|-damage|p2a: Di-Vi-Na|0 fnt\n|faint|p2a: Di-Vi-Na\n|\n|-heal|p1a: Sneasler|7\/100|[from] Grassy Terrain\n|-fieldend|move: Grassy Terrain\n|upkeep\n|\n|t:|1699726808\n|switch|p2a: Mimigod|Mimikyu, F|100\/100\n|turn|22\n|c| DiosPanzer|Waos\n|c|\u2606Maidenhoeenven|casi pierdo por misclick\n|\n|t:|1699726831\n|switch|p1a: Goodra|Goodra-Hisui, F|96\/100\n|move|p2a: Mimigod|Shadow Sneak|p1a: Goodra\n|-damage|p1a: Goodra|79\/100\n|-damage|p2a: Mimigod|91\/100|[from] item: Life Orb\n|\n|-heal|p1a: Goodra|85\/100|[from] item: Leftovers\n|upkeep\n|turn|23\n|c|\u2606alcatel999|Waos\n|\n|t:|1699726843\n|switch|p2a: HakunaMatata|Tapu Bulu, tera:Ghost|72\/100\n|-fieldstart|move: Grassy Terrain|[from] ability: Grassy Surge|[of] p2a: HakunaMatata\n|move|p1a: Goodra|Gyro Ball|p2a: HakunaMatata\n|-damage|p2a: HakunaMatata|52\/100\n|\n|-heal|p2a: HakunaMatata|58\/100|[from] Grassy Terrain\n|-heal|p1a: Goodra|91\/100|[from] Grassy Terrain\n|-heal|p1a: Goodra|97\/100|[from] item: Leftovers\n|upkeep\n|turn|24\n|\n|t:|1699726865\n|switch|p1a: Victini|Victini|100\/100\n|move|p2a: HakunaMatata|High Horsepower|p1a: Victini\n|-supereffective|p1a: Victini\n|-damage|p1a: Victini|0 fnt\n|faint|p1a: Victini\n|\n|-heal|p2a: HakunaMatata|64\/100|[from] Grassy Terrain\n|upkeep\n|\n|t:|1699726875\n|switch|p1a: Sneasler|Sneasler, F, tera:Poison|7\/100\n|turn|25\n|\n|t:|1699726885\n|move|p1a: Sneasler|Fling|p2a: HakunaMatata\n|-supereffective|p2a: HakunaMatata\n|-damage|p2a: HakunaMatata|37\/100\n|-enditem|p1a: Sneasler|King's Rock|[from] move: Fling\n|cant|p2a: HakunaMatata|flinch\n|\n|-heal|p1a: Sneasler|13\/100|[from] Grassy Terrain\n|-heal|p2a: HakunaMatata|43\/100|[from] Grassy Terrain\n|upkeep\n|turn|26\n|\n|t:|1699726891\n|move|p1a: Sneasler|Dire Claw|p2a: HakunaMatata\n|-resisted|p2a: HakunaMatata\n|-damage|p2a: HakunaMatata|10\/100\n|-status|p2a: HakunaMatata|psn\n|move|p2a: HakunaMatata|High Horsepower|p1a: Sneasler\n|-supereffective|p1a: Sneasler\n|-damage|p1a: Sneasler|0 fnt\n|faint|p1a: Sneasler\n|\n|-heal|p2a: HakunaMatata|16\/100 psn|[from] Grassy Terrain\n|-damage|p2a: HakunaMatata|4\/100 psn|[from] psn\n|upkeep\n|\n|t:|1699726896\n|switch|p1a: Goodra|Goodra-Hisui, F|97\/100\n|turn|27\n|c|\u2606alcatel999|!dt fling\n|raw|<ul class=\"utilichart\"><li class=\"result\"><span class=\"col movenamecol\"><a href=\"https:\/\/dex.pokemonshowdown.com\/moves\/fling\">Fling<\/a><\/span> <span class=\"col typecol\"><img src=\"\/\/play.pokemonshowdown.com\/sprites\/types\/Dark.png\" alt=\"Dark\" width=\"32\" height=\"14\"><img src=\"\/\/play.pokemonshowdown.com\/sprites\/categories\/Physical.png\" alt=\"Physical\" width=\"32\" height=\"14\"><\/span> <span class=\"col widelabelcol\"><em>Accuracy<\/em><br>100%<\/span> <span class=\"col pplabelcol\"><em>PP<\/em><br>16<\/span> <span class=\"col movedesccol\">Flings the user's item at the target. Power varies.<\/span> <\/li><li style=\"clear:both\"><\/li><\/ul>\n|raw|<font size=\"1\"><font color=\"#686868\">Priority:<\/font> 0&nbsp;|&ThickSpace;<font color=\"#686868\">Gen:<\/font> 4&nbsp;|&ThickSpace;<font color=\"#686868\">Z-Power:<\/font> 100&nbsp;|&ThickSpace;<font color=\"#686868\">Dynamax Power:<\/font> 100&nbsp;|&ThickSpace;<font color=\"#686868\">Target:<\/font> One Adjacent Pok\u00e9mon<\/font>\n\n|\n|t:|1699726909\n|move|p1a: Goodra|Protect|p1a: Goodra\n|-singleturn|p1a: Goodra|Protect\n|move|p2a: HakunaMatata|High Horsepower|p1a: Goodra\n|-activate|p1a: Goodra|move: Protect\n|\n|-heal|p2a: HakunaMatata|10\/100 psn|[from] Grassy Terrain\n|-heal|p1a: Goodra|100\/100|[from] Grassy Terrain\n|-damage|p2a: HakunaMatata|0 fnt|[from] psn\n|faint|p2a: HakunaMatata\n|-fieldend|move: Grassy Terrain\n|upkeep\n|c|\u2606alcatel999|No se que sacar\n|c|\u2606alcatel999|oof\n|\n|t:|1699726937\n|switch|p2a: Mimigod|Mimikyu, F|91\/100\n|turn|28\n|\n|t:|1699726940\n|move|p2a: Mimigod|Swords Dance|p2a: Mimigod\n|-boost|p2a: Mimigod|atk|2\n|move|p1a: Goodra|Curse|p1a: Goodra\n|-unboost|p1a: Goodra|spe|1\n|-boost|p1a: Goodra|atk|1\n|-boost|p1a: Goodra|def|1\n|\n|upkeep\n|turn|29\n|\n|t:|1699726943\n|move|p2a: Mimigod|Swords Dance|p2a: Mimigod\n|-boost|p2a: Mimigod|atk|2\n|move|p1a: Goodra|Curse|p1a: Goodra\n|-unboost|p1a: Goodra|spe|1\n|-boost|p1a: Goodra|atk|1\n|-boost|p1a: Goodra|def|1\n|\n|upkeep\n|turn|30\n|\n|t:|1699726947\n|move|p2a: Mimigod|Swords Dance|p2a: Mimigod\n|-boost|p2a: Mimigod|atk|2\n|move|p1a: Goodra|Curse|p1a: Goodra\n|-unboost|p1a: Goodra|spe|1\n|-boost|p1a: Goodra|atk|1\n|-boost|p1a: Goodra|def|1\n|\n|upkeep\n|turn|31\n|\n|t:|1699726952\n|move|p2a: Mimigod|Drain Punch|p1a: Goodra\n|-supereffective|p1a: Goodra\n|-damage|p1a: Goodra|32\/100\n|-heal|p2a: Mimigod|100\/100|[from] drain|[of] p1a: Goodra\n|-damage|p2a: Mimigod|91\/100|[from] item: Life Orb\n|move|p1a: Goodra|Gyro Ball|p2a: Mimigod\n|-activate|p2a: Mimigod|ability: Disguise\n|-damage|p2a: Mimigod|91\/100\n|detailschange|p2a: Mimigod|Mimikyu-Busted, F\n|-damage|p2a: Mimigod|78\/100|[from] pokemon: Mimikyu-Busted\n|\n|-heal|p1a: Goodra|38\/100|[from] item: Leftovers\n|upkeep\n|turn|32\n|\n|t:|1699726956\n|move|p1a: Goodra|Protect|p1a: Goodra\n|-singleturn|p1a: Goodra|Protect\n|move|p2a: Mimigod|Drain Punch|p1a: Goodra\n|-activate|p1a: Goodra|move: Protect\n|\n|-heal|p1a: Goodra|44\/100|[from] item: Leftovers\n|upkeep\n|turn|33\n|\n|t:|1699726959\n|move|p2a: Mimigod|Drain Punch|p1a: Goodra\n|-supereffective|p1a: Goodra\n|-damage|p1a: Goodra|0 fnt\n|-heal|p2a: Mimigod|100\/100|[from] drain|[of] p1a: Goodra\n|faint|p1a: Goodra\n|-damage|p2a: Mimigod|91\/100|[from] item: Life Orb\n|\n|win|alcatel999\n|c|\u2606Maidenhoeenven|gg\n|c|\u2606alcatel999|Gg\n","uploadtime":1699726967,"views":10,"p1id":"maidenhoeenven","p2id":"alcatel999","formatid":"gen9nationaldexubers","rating":0,"private":0,"password":""}