{"id":"gen9nationaldexubers-1997758684","p1":"harmony6","p2":"Serise","format":"[Gen 9] National Dex Ubers","log":"|j|\u2606harmony6\n|j|\u2606Serise\n|t:|1700849580\n|gametype|singles\n|player|p1|harmony6|102|\n|player|p2|Serise|courtney|\n|teamsize|p1|6\n|teamsize|p2|6\n|gen|9\n|tier|[Gen 9] National Dex Ubers\n|rule|HP Percentage Mod: HP is shown in percentages\n|rule|Endless Battle Clause: Forcing endless battles is banned\n|rule|OHKO Clause: OHKO moves are banned\n|rule|Evasion Moves Clause: Evasion moves are banned\n|rule|Evasion Items Clause: Evasion items are banned\n|rule|Species Clause: Limit one of each Pok\u00e9mon\n|rule|Sleep Clause Mod: Limit one foe put to sleep\n|rule|Mega Rayquaza Clause: You cannot mega evolve Rayquaza\n|clearpoke\n|poke|p1|Lopunny, M|\n|poke|p1|Zapdos|\n|poke|p1|Skeledirge, M|\n|poke|p1|Meowscarada, F|\n|poke|p1|Muk-Alola, F|\n|poke|p1|Ferrothorn, M|\n|poke|p2|Arcanine-Hisui, M|\n|poke|p2|Heatran, M|\n|poke|p2|Torkoal, M|\n|poke|p2|Charizard, M|\n|poke|p2|Ceruledge, M|\n|poke|p2|Marowak-Alola, M|\n|teampreview\n|inactive|Battle timer is ON: inactive players will automatically lose when time's up. (requested by Serise)\n|c|\u2606Serise|glhf\n|inactiveoff|Battle timer is now OFF.\n|c|\u2606Serise|Ferro is crazy\n|c|\u2606Serise|but I understand it\n|c|\u2606Serise|but GASTRODON?!\n|c|\u2606harmony6|hi\n|c|\u2606harmony6|oops\n|c|\u2606Serise|LOL\n|\n|t:|1700849667\n|start\n|switch|p1a: Muk|Muk-Alola, F|100\/100\n|switch|p2a: Boil|Torkoal, M, shiny|100\/100\n|-weather|SunnyDay|[from] ability: Drought|[of] p2a: Boil\n|turn|1\n|j| NDMS2O Dreams\n|\n|t:|1700849710\n|switch|p1a: Skeledirge|Skeledirge, M|100\/100\n|move|p2a: Boil|Lava Plume|p1a: Skeledirge\n|-resisted|p1a: Skeledirge\n|-damage|p1a: Skeledirge|80\/100\n|\n|-weather|SunnyDay|[upkeep]\n|upkeep\n|turn|2\n|\n|t:|1700849728\n|switch|p1a: Ferrothorn|Ferrothorn, M|100\/100\n|move|p2a: Boil|Stealth Rock|p1a: Ferrothorn\n|-sidestart|p1: harmony6|move: Stealth Rock\n|\n|-weather|SunnyDay|[upkeep]\n|upkeep\n|turn|3\n|\n|t:|1700849733\n|move|p1a: Ferrothorn|Stealth Rock|p2a: Boil\n|-sidestart|p2: Serise|move: Stealth Rock\n|move|p2a: Boil|Lava Plume|p1a: Ferrothorn\n|-supereffective|p1a: Ferrothorn\n|-damage|p1a: Ferrothorn|7\/100\n|-status|p1a: Ferrothorn|brn\n|\n|-weather|SunnyDay|[upkeep]\n|-heal|p1a: Ferrothorn|13\/100 brn|[from] item: Leftovers\n|-damage|p1a: Ferrothorn|7\/100 brn|[from] brn\n|upkeep\n|turn|4\n|\n|t:|1700849740\n|move|p1a: Ferrothorn|Thunder Wave|p2a: Boil\n|-status|p2a: Boil|par\n|move|p2a: Boil|Rapid Spin|p1a: Ferrothorn\n|-resisted|p1a: Ferrothorn\n|-damage|p1a: Ferrothorn|3\/100 brn\n|-boost|p2a: Boil|spe|1\n|-damage|p2a: Boil|88\/100 par|[from] ability: Iron Barbs|[of] p1a: Ferrothorn\n|-sideend|p2: Serise|Stealth Rock|[from] move: Rapid Spin|[of] p2a: Boil\n|\n|-weather|SunnyDay|[upkeep]\n|-heal|p1a: Ferrothorn|9\/100 brn|[from] item: Leftovers\n|-damage|p1a: Ferrothorn|3\/100 brn|[from] brn\n|upkeep\n|turn|5\n|\n|t:|1700849750\n|move|p1a: Ferrothorn|Stealth Rock|p2a: Boil\n|-sidestart|p2: Serise|move: Stealth Rock\n|cant|p2a: Boil|par\n|\n|-weather|SunnyDay|[upkeep]\n|-heal|p1a: Ferrothorn|9\/100 brn|[from] item: Leftovers\n|-damage|p1a: Ferrothorn|3\/100 brn|[from] brn\n|upkeep\n|turn|6\n|\n|t:|1700849754\n|switch|p1a: Skeledirge|Skeledirge, M|80\/100\n|cant|p2a: Boil|par\n|\n|-weather|SunnyDay|[upkeep]\n|upkeep\n|turn|7\n|\n|t:|1700849759\n|move|p1a: Skeledirge|Earth Power|p2a: Boil\n|-supereffective|p2a: Boil\n|-damage|p2a: Boil|26\/100 par\n|cant|p2a: Boil|par\n|\n|-weather|SunnyDay|[upkeep]\n|upkeep\n|turn|8\n|c|\u2606Serise|:\/\n|\n|t:|1700849768\n|switch|p2a: Broil|Charizard, M|100\/100\n|-damage|p2a: Broil|51\/100|[from] Stealth Rock\n|move|p1a: Skeledirge|Torch Song|p2a: Broil\n|-resisted|p2a: Broil\n|-damage|p2a: Broil|22\/100\n|-boost|p1a: Skeledirge|spa|1\n|\n|-weather|none\n|upkeep\n|turn|9\n|\n|t:|1700849779\n|detailschange|p2a: Broil|Charizard-Mega-X, M\n|-mega|p2a: Broil|Charizard|Charizardite X\n|move|p2a: Broil|Earthquake|p1a: Skeledirge\n|-supereffective|p1a: Skeledirge\n|-damage|p1a: Skeledirge|35\/100\n|move|p1a: Skeledirge|Torch Song|p2a: Broil\n|-resisted|p2a: Broil\n|-damage|p2a: Broil|8\/100\n|-boost|p1a: Skeledirge|spa|1\n|\n|upkeep\n|turn|10\n|\n|t:|1700849790\n|switch|p1a: Ferrothorn|Ferrothorn, M|3\/100 brn\n|-damage|p1a: Ferrothorn|0 fnt|[from] Stealth Rock\n|faint|p1a: Ferrothorn\n|move|p2a: Broil|Dragon Claw|p1: Ferrothorn|[notarget]\n|-fail|p2a: Broil\n|\n|upkeep\n|\n|t:|1700849793\n|switch|p1a: Lopunny|Lopunny, M|100\/100\n|-damage|p1a: Lopunny|88\/100|[from] Stealth Rock\n|turn|11\n|\n|t:|1700849807\n|switch|p2a: Simmering|Heatran, M|100\/100\n|-damage|p2a: Simmering|88\/100|[from] Stealth Rock\n|detailschange|p1a: Lopunny|Lopunny-Mega, M\n|-mega|p1a: Lopunny|Lopunny|Lopunnite\n|move|p1a: Lopunny|Return|p2a: Simmering\n|-resisted|p2a: Simmering\n|-damage|p2a: Simmering|62\/100\n|\n|upkeep\n|turn|12\n|l| NDMS2O Dreams\n|\n|t:|1700849820\n|switch|p2a: Broil|Charizard-Mega-X, M|8\/100\n|-damage|p2a: Broil|0 fnt|[from] Stealth Rock\n|faint|p2a: Broil\n|move|p1a: Lopunny|Close Combat|p2: Broil|[notarget]\n|-fail|p1a: Lopunny\n|\n|upkeep\n|\n|t:|1700849842\n|switch|p2a: Grill|Marowak-Alola, M, shiny|100\/100\n|-damage|p2a: Grill|76\/100|[from] Stealth Rock\n|turn|13\n|c|\u2606harmony6|i just realized i dont have gastrodon\n|c|\u2606harmony6|skull\n|c|\u2606Serise|THAT'S WHAT I SAID\n|\n|t:|1700849907\n|switch|p1a: Zapdos|Zapdos|100\/100\n|move|p2a: Grill|Bonemerang|p1a: Zapdos\n|-immune|p1a: Zapdos\n|\n|upkeep\n|turn|14\n|\n|t:|1700849925\n|move|p1a: Zapdos|Hurricane|p2a: Grill|[miss]\n|-miss|p1a: Zapdos|p2a: Grill\n|move|p2a: Grill|Poltergeist|p1a: Zapdos\n|-activate|p1a: Zapdos|move: Poltergeist|Heavy-Duty Boots\n|-damage|p1a: Zapdos|36\/100\n|\n|upkeep\n|turn|15\n|\n|t:|1700849938\n|move|p1a: Zapdos|Roost|p1a: Zapdos\n|-heal|p1a: Zapdos|86\/100\n|-singleturn|p1a: Zapdos|move: Roost\n|move|p2a: Grill|Flare Blitz|p1a: Zapdos\n|-damage|p1a: Zapdos|18\/100\n|-status|p2a: Grill|par|[from] ability: Static|[of] p1a: Zapdos\n|-damage|p2a: Grill|46\/100 par|[from] Recoil\n|\n|upkeep\n|turn|16\n|\n|t:|1700849945\n|move|p1a: Zapdos|Hurricane|p2a: Grill\n|-damage|p2a: Grill|0 fnt\n|faint|p2a: Grill\n|\n|upkeep\n|\n|t:|1700849952\n|switch|p2a: Brunoise|Ceruledge, M|100\/100\n|-damage|p2a: Brunoise|76\/100|[from] Stealth Rock\n|turn|17\n|\n|t:|1700849956\n|move|p2a: Brunoise|Bitter Blade|p1a: Zapdos\n|-damage|p1a: Zapdos|0 fnt\n|-heal|p2a: Brunoise|87\/100|[from] drain|[of] p1a: Zapdos\n|faint|p1a: Zapdos\n|-damage|p2a: Brunoise|77\/100|[from] item: Life Orb\n|\n|upkeep\n|\n|t:|1700849978\n|switch|p1a: Meowscarada|Meowscarada, F|100\/100\n|-damage|p1a: Meowscarada|88\/100|[from] Stealth Rock\n|turn|18\n|j| NDMS2O Dreams\n|\n|t:|1700849998\n|switch|p2a: Boil|Torkoal, M, shiny|26\/100 par\n|-damage|p2a: Boil|2\/100 par|[from] Stealth Rock\n|-weather|SunnyDay|[from] ability: Drought|[of] p2a: Boil\n|move|p1a: Meowscarada|Knock Off|p2a: Boil\n|-start|p1a: Meowscarada|typechange|Dark|[from] ability: Protean\n|-damage|p2a: Boil|0 fnt\n|-enditem|p2a: Boil|Heat Rock|[from] move: Knock Off|[of] p1a: Meowscarada\n|faint|p2a: Boil\n|\n|-weather|SunnyDay|[upkeep]\n|upkeep\n|c|\u2606harmony6|this is so cursed\n|\n|t:|1700850021\n|switch|p2a: Smoke|Arcanine-Hisui, M|100\/100\n|-damage|p2a: Smoke|76\/100|[from] Stealth Rock\n|turn|19\n|c|\u2606Serise|it reall yis\n|\n|t:|1700850046\n|switch|p2a: Simmering|Heatran, M|62\/100\n|-damage|p2a: Simmering|49\/100|[from] Stealth Rock\n|move|p1a: Meowscarada|Knock Off|p2a: Simmering\n|-damage|p2a: Simmering|0 fnt\n|-status|p1a: Meowscarada|brn|[from] ability: Flame Body|[of] p2a: Simmering\n|-enditem|p2a: Simmering|Choice Specs|[from] move: Knock Off|[of] p1a: Meowscarada\n|faint|p2a: Simmering\n|\n|-weather|SunnyDay|[upkeep]\n|-damage|p1a: Meowscarada|82\/100 brn|[from] brn\n|upkeep\n|\n|t:|1700850066\n|switch|p2a: Brunoise|Ceruledge, M|77\/100\n|-damage|p2a: Brunoise|52\/100|[from] Stealth Rock\n|turn|20\n|\n|t:|1700850078\n|move|p1a: Meowscarada|Knock Off|p2a: Brunoise\n|-supereffective|p2a: Brunoise\n|-damage|p2a: Brunoise|0 fnt\n|-enditem|p2a: Brunoise|Life Orb|[from] move: Knock Off|[of] p1a: Meowscarada\n|faint|p2a: Brunoise\n|\n|-weather|SunnyDay|[upkeep]\n|-damage|p1a: Meowscarada|76\/100 brn|[from] brn\n|upkeep\n|\n|t:|1700850080\n|switch|p2a: Smoke|Arcanine-Hisui, M|76\/100\n|-damage|p2a: Smoke|51\/100|[from] Stealth Rock\n|turn|21\n|\n|t:|1700850082\n|move|p1a: Meowscarada|Knock Off|p2a: Smoke\n|-damage|p2a: Smoke|13\/100\n|-enditem|p2a: Smoke|Choice Band|[from] move: Knock Off|[of] p1a: Meowscarada\n|move|p2a: Smoke|Flare Blitz|p1a: Meowscarada\n|-damage|p1a: Meowscarada|0 fnt\n|faint|p1a: Meowscarada\n|\n|-weather|SunnyDay|[upkeep]\n|upkeep\n|\n|t:|1700850087\n|switch|p1a: Lopunny|Lopunny-Mega, M|88\/100\n|-damage|p1a: Lopunny|82\/100|[from] Stealth Rock\n|turn|22\n|\n|t:|1700850095\n|move|p2a: Smoke|Extreme Speed|p1a: Lopunny\n|-damage|p1a: Lopunny|47\/100\n|move|p1a: Lopunny|Close Combat|p2a: Smoke\n|-supereffective|p2a: Smoke\n|-damage|p2a: Smoke|0 fnt\n|-unboost|p1a: Lopunny|def|1\n|-unboost|p1a: Lopunny|spd|1\n|faint|p2a: Smoke\n|\n|win|harmony6\n|c|\u2606Serise|gg\n|c|\u2606harmony6|gg\n","uploadtime":1700850104,"views":9,"p1id":"harmony6","p2id":"serise","formatid":"gen9nationaldexubers","rating":0,"private":0,"password":""}