{"id":"gen9nationaldexubers-1992890471","p1":"3eveeJ","p2":"ozzey","format":"[Gen 9] National Dex Ubers","log":"|j|\u26063eveeJ\n|j|\u2606ozzey\n|t:|1700244303\n|gametype|singles\n|player|p1|3eveeJ|cheryl|\n|player|p2|ozzey|bugcatcher-gen4dp|\n|teamsize|p1|6\n|teamsize|p2|6\n|gen|9\n|tier|[Gen 9] National Dex Ubers\n|rule|HP Percentage Mod: HP is shown in percentages\n|rule|Endless Battle Clause: Forcing endless battles is banned\n|rule|OHKO Clause: OHKO moves are banned\n|rule|Evasion Moves Clause: Evasion moves are banned\n|rule|Evasion Items Clause: Evasion items are banned\n|rule|Species Clause: Limit one of each Pok\u00e9mon\n|rule|Sleep Clause Mod: Limit one foe put to sleep\n|rule|Mega Rayquaza Clause: You cannot mega evolve Rayquaza\n|clearpoke\n|poke|p1|Zoroark, F|\n|poke|p1|Kommo-o, F|\n|poke|p1|Exeggutor, F|\n|poke|p1|Azumarill, M|\n|poke|p1|Torkoal, M|\n|poke|p1|Gholdengo|\n|poke|p2|Breloom, M|\n|poke|p2|Dragonite, M|\n|poke|p2|Feraligatr, F|\n|poke|p2|Volcarona, M|\n|poke|p2|Mr. Rime, F|\n|poke|p2|Gardevoir, F|\n|teampreview\n|inactive|Battle timer is ON: inactive players will automatically lose when time's up. (requested by ozzey)\n|j| El!te 00f\n|c| El!te 00f|Round 2\n|c| El!te 00f|Fight\n|\n|t:|1700244315\n|start\n|switch|p1a: Torkoal|Torkoal, M|100\/100\n|switch|p2a: Breloom|Breloom, M|100\/100\n|-weather|SunnyDay|[from] ability: Drought|[of] p1a: Torkoal\n|turn|1\n|\n|t:|1700244323\n|move|p2a: Breloom|Spore|p1a: Torkoal\n|-status|p1a: Torkoal|slp|[from] move: Spore\n|cant|p1a: Torkoal|slp\n|\n|-weather|SunnyDay|[upkeep]\n|upkeep\n|turn|2\n|\n|t:|1700244330\n|switch|p2a: Feraligatr|Feraligatr, F|100\/100\n|-curestatus|p1a: Torkoal|slp|[msg]\n|move|p1a: Torkoal|Overheat|p2a: Feraligatr\n|-resisted|p2a: Feraligatr\n|-damage|p2a: Feraligatr|47\/100\n|-unboost|p1a: Torkoal|spa|2\n|\n|-weather|SunnyDay|[upkeep]\n|upkeep\n|turn|3\n|\n|t:|1700244341\n|switch|p1a: Exeggutor|Exeggutor, F|100\/100\n|move|p2a: Feraligatr|Dragon Dance|p2a: Feraligatr\n|-boost|p2a: Feraligatr|atk|1\n|-boost|p2a: Feraligatr|spe|1\n|\n|-weather|SunnyDay|[upkeep]\n|upkeep\n|turn|4\n|\n|t:|1700244348\n|move|p2a: Feraligatr|Crunch|p1a: Exeggutor\n|-supereffective|p1a: Exeggutor\n|-damage|p1a: Exeggutor|0 fnt\n|faint|p1a: Exeggutor\n|\n|-weather|SunnyDay|[upkeep]\n|upkeep\n|\n|t:|1700244353\n|switch|p1a: Torkoal|Torkoal, M|100\/100\n|turn|5\n|\n|t:|1700244358\n|move|p2a: Feraligatr|Earthquake|p1a: Torkoal\n|-supereffective|p1a: Torkoal\n|-damage|p1a: Torkoal|12\/100\n|-damage|p2a: Feraligatr|37\/100|[from] item: Life Orb\n|move|p1a: Torkoal|Solar Beam||[still]\n|-prepare|p1a: Torkoal|Solar Beam\n|-anim|p1a: Torkoal|Solar Beam|p2a: Feraligatr\n|-supereffective|p2a: Feraligatr\n|-damage|p2a: Feraligatr|0 fnt\n|faint|p2a: Feraligatr\n|\n|-weather|SunnyDay|[upkeep]\n|upkeep\n|j| femurdeeznuts\n|\n|t:|1700244372\n|switch|p2a: Dragonite|Dragonite, M|100\/100\n|turn|6\n|\n|t:|1700244377\n|move|p2a: Dragonite|Dragon Claw|p1a: Torkoal\n|-damage|p1a: Torkoal|0 fnt\n|faint|p1a: Torkoal\n|\n|-weather|SunnyDay|[upkeep]\n|upkeep\n|\n|t:|1700244386\n|switch|p1a: Azumarill|Azumarill, M|100\/100\n|turn|7\n|\n|t:|1700244396\n|switch|p2a: Gardevoir|Gardevoir, F|100\/100\n|move|p1a: Azumarill|Belly Drum|p1a: Azumarill\n|-damage|p1a: Azumarill|50\/100\n|-setboost|p1a: Azumarill|atk|6|[from] move: Belly Drum\n|-enditem|p1a: Azumarill|Sitrus Berry|[eat]\n|-heal|p1a: Azumarill|75\/100|[from] item: Sitrus Berry\n|\n|-weather|SunnyDay|[upkeep]\n|upkeep\n|turn|8\n|\n|t:|1700244405\n|detailschange|p2a: Gardevoir|Gardevoir-Mega, F\n|-mega|p2a: Gardevoir|Gardevoir|Gardevoirite\n|move|p2a: Gardevoir|Thunderbolt|p1a: Azumarill\n|-supereffective|p1a: Azumarill\n|-damage|p1a: Azumarill|2\/100\n|-status|p1a: Azumarill|par\n|move|p1a: Azumarill|Iron Tail|p2a: Gardevoir|[miss]\n|-miss|p1a: Azumarill|p2a: Gardevoir\n|\n|-weather|none\n|upkeep\n|turn|9\n|c| femurdeeznuts|goofy\n|c|\u26063eveeJ|bruhhhhhhh\n|\n|t:|1700244421\n|move|p1a: Azumarill|Aqua Jet|p2a: Gardevoir\n|-damage|p2a: Gardevoir|0 fnt\n|faint|p2a: Gardevoir\n|\n|upkeep\n|c| El!te 00f|oh no\n|c| El!te 00f|anyway\n|\n|t:|1700244428\n|switch|p2a: Breloom|Breloom, M|100\/100\n|turn|10\n|\n|t:|1700244434\n|move|p1a: Azumarill|Aqua Jet|p2a: Breloom\n|-resisted|p2a: Breloom\n|-damage|p2a: Breloom|20\/100\n|move|p2a: Breloom|Swords Dance|p2a: Breloom\n|-boost|p2a: Breloom|atk|2\n|\n|upkeep\n|turn|11\n|\n|t:|1700244440\n|move|p2a: Breloom|Mach Punch|p1a: Azumarill\n|-resisted|p1a: Azumarill\n|-damage|p1a: Azumarill|0 fnt\n|faint|p1a: Azumarill\n|\n|upkeep\n|\n|t:|1700244448\n|switch|p1a: Gholdengo|Gholdengo|100\/100\n|turn|12\n|\n|t:|1700244453\n|move|p1a: Gholdengo|Steel Beam|p2a: Breloom\n|-damage|p2a: Breloom|0 fnt\n|-damage|p1a: Gholdengo|50\/100|[from] steelbeam\n|faint|p2a: Breloom\n|-damage|p1a: Gholdengo|40\/100|[from] item: Life Orb\n|\n|upkeep\n|\n|t:|1700244458\n|switch|p2a: Volcarona|Volcarona, M|100\/100\n|turn|13\n|c| El!te 00f|steel beam????\n|\n|t:|1700244462\n|move|p2a: Volcarona|Bug Buzz|p1a: Gholdengo\n|-resisted|p1a: Gholdengo\n|-damage|p1a: Gholdengo|26\/100\n|-enditem|p2a: Volcarona|Throat Spray\n|-boost|p2a: Volcarona|spa|1|[from] item: Throat Spray\n|move|p1a: Gholdengo|Recover|p1a: Gholdengo\n|-heal|p1a: Gholdengo|76\/100\n|\n|upkeep\n|turn|14\n|\n|t:|1700244473\n|move|p2a: Volcarona|Quiver Dance|p2a: Volcarona\n|-boost|p2a: Volcarona|spa|1\n|-boost|p2a: Volcarona|spd|1\n|-boost|p2a: Volcarona|spe|1\n|move|p1a: Gholdengo|Make It Rain|p2a: Volcarona\n|-resisted|p2a: Volcarona\n|-damage|p2a: Volcarona|73\/100\n|-unboost|p1a: Gholdengo|spa|1\n|-damage|p1a: Gholdengo|67\/100|[from] item: Life Orb\n|\n|upkeep\n|turn|15\n|\n|t:|1700244485\n|move|p2a: Volcarona|Quiver Dance|p2a: Volcarona\n|-boost|p2a: Volcarona|spa|1\n|-boost|p2a: Volcarona|spd|1\n|-boost|p2a: Volcarona|spe|1\n|move|p1a: Gholdengo|Recover|p1a: Gholdengo\n|-heal|p1a: Gholdengo|100\/100\n|\n|upkeep\n|turn|16\n|\n|t:|1700244491\n|move|p2a: Volcarona|Heat Wave|p1a: Gholdengo\n|-supereffective|p1a: Gholdengo\n|-damage|p1a: Gholdengo|0 fnt\n|faint|p1a: Gholdengo\n|\n|upkeep\n|\n|t:|1700244495\n|switch|p1a: Kommo-o|Kommo-o, F|100\/100\n|turn|17\n|\n|t:|1700244499\n|-terastallize|p2a: Volcarona|Bug\n|move|p2a: Volcarona|Bug Buzz|p1a: Kommo-o\n|-supereffective|p1a: Kommo-o\n|-enditem|p1a: Kommo-o|Focus Sash\n|-damage|p1a: Kommo-o|1\/100\n|replace|p1a: Zoroark|Zoroark, F\n|-end|p1a: Zoroark|Illusion\n|move|p1a: Zoroark|Nasty Plot|p1a: Zoroark\n|-boost|p1a: Zoroark|spa|2\n|\n|upkeep\n|turn|18\n|\n|t:|1700244511\n|move|p2a: Volcarona|Bug Buzz|p1a: Zoroark\n|-supereffective|p1a: Zoroark\n|-damage|p1a: Zoroark|0 fnt\n|faint|p1a: Zoroark\n|\n|upkeep\n|\n|t:|1700244516\n|switch|p1a: Kommo-o|Kommo-o, F|100\/100\n|turn|19\n|\n|t:|1700244519\n|move|p2a: Volcarona|Bug Buzz|p1a: Kommo-o\n|-resisted|p1a: Kommo-o\n|-damage|p1a: Kommo-o|7\/100\n|move|p1a: Kommo-o|Clangorous Soul||[still]\n|-fail|p1a: Kommo-o\n|\n|upkeep\n|turn|20\n|\n|t:|1700244527\n|move|p2a: Volcarona|Bug Buzz|p1a: Kommo-o\n|-resisted|p1a: Kommo-o\n|-damage|p1a: Kommo-o|0 fnt\n|faint|p1a: Kommo-o\n|\n|win|ozzey\n|c|\u26063eveeJ|gg\n|c| femurdeeznuts|so is 3evee in losers bracket now\n|c| El!te 00f|2 - 0 ozzey\n|c|\u2606ozzey|Gg\n|l|\u2606ozzey\n|c|\u26063eveeJ|yeah, I am in the loser's bracket\n|l|\u26063eveeJ\n|c| femurdeeznuts|oh ok\n","uploadtime":1700244543,"views":6,"p1id":"3eveej","p2id":"ozzey","formatid":"gen9nationaldexubers","rating":0,"private":0,"password":""}