{"id":"gen9nationaldexubers-1978844790","p1":"rggef","p2":"09-10a","format":"[Gen 9] National Dex Ubers","log":"|j|\u2606rggef\n|j|\u260609-10a\n|t:|1698601930\n|gametype|singles\n|player|p1|rggef|266|1582\n|player|p2|09-10a|schoolkid-gen4dp|1839\n|teamsize|p1|6\n|teamsize|p2|6\n|gen|9\n|tier|[Gen 9] National Dex Ubers\n|rated|\n|rule|HP Percentage Mod: HP is shown in percentages\n|rule|Endless Battle Clause: Forcing endless battles is banned\n|rule|OHKO Clause: OHKO moves are banned\n|rule|Evasion Moves Clause: Evasion moves are banned\n|rule|Evasion Items Clause: Evasion items are banned\n|rule|Species Clause: Limit one of each Pok\u00e9mon\n|rule|Sleep Clause Mod: Limit one foe put to sleep\n|rule|Mega Rayquaza Clause: You cannot mega evolve Rayquaza\n|clearpoke\n|poke|p1|Zamazenta-*|\n|poke|p1|Kyogre|\n|poke|p1|Groudon|\n|poke|p1|Marshadow|\n|poke|p1|Yveltal|\n|poke|p1|Ursaluna-Bloodmoon, M|\n|poke|p2|Salamence, F|\n|poke|p2|Marshadow|\n|poke|p2|Zygarde|\n|poke|p2|Xerneas-*|\n|poke|p2|Necrozma-Dusk-Mane|\n|poke|p2|Donphan, M|\n|teampreview\n|inactive|Battle timer is ON: inactive players will automatically lose when time's up. (requested by 09-10a)\n|inactive|09-10a has 120 seconds left.\n|\n|t:|1698601969\n|start\n|switch|p1a: Ursaluna|Ursaluna-Bloodmoon, M|100\/100\n|switch|p2a: Marshadow|Marshadow|100\/100\n|turn|1\n|\n|t:|1698601977\n|move|p2a: Marshadow|Close Combat|p1a: Ursaluna\n|-supereffective|p1a: Ursaluna\n|-crit|p1a: Ursaluna\n|-damage|p1a: Ursaluna|0 fnt\n|-unboost|p2a: Marshadow|def|1\n|-unboost|p2a: Marshadow|spd|1\n|faint|p1a: Ursaluna\n|-damage|p2a: Marshadow|91\/100|[from] item: Life Orb\n|\n|upkeep\n|\n|t:|1698601979\n|switch|p1a: Yveltal|Yveltal|100\/100\n|-ability|p1a: Yveltal|Dark Aura\n|turn|2\n|\n|t:|1698601998\n|move|p2a: Marshadow|Close Combat|p1a: Yveltal\n|-damage|p1a: Yveltal|31\/100\n|-unboost|p2a: Marshadow|def|1\n|-unboost|p2a: Marshadow|spd|1\n|-damage|p2a: Marshadow|81\/100|[from] item: Life Orb\n|move|p1a: Yveltal|Oblivion Wing|p2a: Marshadow\n|-supereffective|p2a: Marshadow\n|-damage|p2a: Marshadow|0 fnt\n|-heal|p1a: Yveltal|76\/100|[from] drain|[of] p2a: Marshadow\n|faint|p2a: Marshadow\n|\n|upkeep\n|j| MentalInt\n|\n|t:|1698602006\n|switch|p2a: Xerneas|Xerneas, shiny|100\/100\n|-ability|p2a: Xerneas|Fairy Aura\n|turn|3\n|\n|t:|1698602012\n|switch|p1a: Groudon|Groudon|100\/100\n|detailschange|p1a: Groudon|Groudon-Primal\n|-primal|p1a: Groudon|Red Orb\n|-weather|DesolateLand|[from] ability: Desolate Land|[of] p1a: Groudon\n|move|p2a: Xerneas|Geomancy||[still]\n|-prepare|p2a: Xerneas|Geomancy\n|-enditem|p2a: Xerneas|Power Herb\n|-anim|p2a: Xerneas|Geomancy|p2a: Xerneas\n|-boost|p2a: Xerneas|spa|2\n|-boost|p2a: Xerneas|spd|2\n|-boost|p2a: Xerneas|spe|2\n|\n|-weather|DesolateLand|[upkeep]\n|upkeep\n|turn|4\n|\n|t:|1698602022\n|move|p2a: Xerneas|Moonblast|p1a: Groudon\n|-resisted|p1a: Groudon\n|-damage|p1a: Groudon|37\/100\n|move|p1a: Groudon|Earthquake|p2a: Xerneas\n|-damage|p2a: Xerneas|44\/100\n|\n|-weather|DesolateLand|[upkeep]\n|upkeep\n|turn|5\n|\n|t:|1698602028\n|move|p2a: Xerneas|Moonblast|p1a: Groudon\n|-resisted|p1a: Groudon\n|-damage|p1a: Groudon|0 fnt\n|faint|p1a: Groudon\n|-weather|none\n|\n|upkeep\n|\n|t:|1698602029\n|switch|p1a: Marshadow|Marshadow|100\/100\n|turn|6\n|inactive|09-10a has 120 seconds left.\n|\n|t:|1698602061\n|move|p2a: Xerneas|Moonblast|p1a: Marshadow\n|-supereffective|p1a: Marshadow\n|-enditem|p1a: Marshadow|Focus Sash\n|-damage|p1a: Marshadow|1\/100\n|move|p1a: Marshadow|Spectral Thief||[still]\n|-clearpositiveboost|p2a: Xerneas|p1a: Marshadow|move: Spectral Thief\n|-boost|p1a: Marshadow|spa|2\n|-boost|p1a: Marshadow|spd|2\n|-boost|p1a: Marshadow|spe|2\n|-anim|p1a: Marshadow|Spectral Thief|p2a: Xerneas\n|-damage|p2a: Xerneas|10\/100\n|\n|upkeep\n|turn|7\n|\n|t:|1698602064\n|move|p1a: Marshadow|Pursuit|p2a: Xerneas\n|-resisted|p2a: Xerneas\n|-damage|p2a: Xerneas|2\/100\n|move|p2a: Xerneas|Moonblast|p1a: Marshadow\n|-supereffective|p1a: Marshadow\n|-damage|p1a: Marshadow|0 fnt\n|faint|p1a: Marshadow\n|\n|upkeep\n|\n|t:|1698602068\n|switch|p1a: Yveltal|Yveltal|76\/100\n|-ability|p1a: Yveltal|Dark Aura\n|turn|8\n|\n|t:|1698602070\n|move|p1a: Yveltal|Oblivion Wing|p2a: Xerneas\n|-damage|p2a: Xerneas|0 fnt\n|-heal|p1a: Yveltal|76\/100|[from] drain|[of] p2a: Xerneas\n|faint|p2a: Xerneas\n|\n|upkeep\n|\n|t:|1698602075\n|switch|p2a: Salamence|Salamence, F|100\/100\n|-ability|p2a: Salamence|Intimidate|boost\n|-unboost|p1a: Yveltal|atk|1\n|turn|9\n|\n|t:|1698602077\n|detailschange|p2a: Salamence|Salamence-Mega, F\n|-mega|p2a: Salamence|Salamence|Salamencite\n|move|p2a: Salamence|Dragon Dance|p2a: Salamence\n|-boost|p2a: Salamence|atk|1\n|-boost|p2a: Salamence|spe|1\n|move|p1a: Yveltal|Dark Pulse|p2a: Salamence\n|-damage|p2a: Salamence|39\/100\n|\n|upkeep\n|turn|10\n|inactive|09-10a has 120 seconds left.\n|\n|t:|1698602107\n|move|p2a: Salamence|Double-Edge|p1a: Yveltal\n|-damage|p1a: Yveltal|0 fnt\n|faint|p1a: Yveltal\n|-damage|p2a: Salamence|7\/100|[from] Recoil\n|\n|upkeep\n|\n|t:|1698602110\n|switch|p1a: Kyogre|Kyogre|100\/100\n|detailschange|p1a: Kyogre|Kyogre-Primal\n|-primal|p1a: Kyogre|Blue Orb\n|-weather|PrimordialSea|[from] ability: Primordial Sea|[of] p1a: Kyogre\n|turn|11\n|j| darajahmaksura\n|\n|t:|1698602118\n|move|p2a: Salamence|Double-Edge|p1a: Kyogre\n|-damage|p1a: Kyogre|0 fnt\n|faint|p1a: Kyogre\n|-weather|none\n|-damage|p2a: Salamence|0 fnt|[from] Recoil\n|faint|p2a: Salamence\n|\n|upkeep\n|\n|t:|1698602120\n|switch|p2a: Donphan|Donphan, M, shiny|100\/100\n|switch|p1a: Zamazenta|Zamazenta-Crowned|100\/100\n|-ability|p1a: Zamazenta|Dauntless Shield|boost\n|-boost|p1a: Zamazenta|def|1\n|turn|12\n|\n|t:|1698602123\n|move|p1a: Zamazenta|Iron Defense|p1a: Zamazenta\n|-boost|p1a: Zamazenta|def|2\n|move|p2a: Donphan|Bulldoze|p1a: Zamazenta\n|-supereffective|p1a: Zamazenta\n|-damage|p1a: Zamazenta|84\/100\n|-unboost|p1a: Zamazenta|spe|1\n|\n|upkeep\n|turn|13\n|\n|t:|1698602127\n|move|p1a: Zamazenta|Body Press|p2a: Donphan\n|-damage|p2a: Donphan|30\/100\n|move|p2a: Donphan|Bulldoze|p1a: Zamazenta\n|-supereffective|p1a: Zamazenta\n|-damage|p1a: Zamazenta|70\/100\n|-unboost|p1a: Zamazenta|spe|1\n|\n|upkeep\n|turn|14\n|\n|t:|1698602131\n|move|p2a: Donphan|Endeavor|p1a: Zamazenta\n|-damage|p1a: Zamazenta|30\/100\n|move|p1a: Zamazenta|Body Press|p2a: Donphan\n|-damage|p2a: Donphan|0 fnt\n|faint|p2a: Donphan\n|\n|upkeep\n|\n|t:|1698602135\n|switch|p2a: Necrozma|Necrozma-Dusk-Mane, shiny|100\/100\n|turn|15\n|\n|t:|1698602142\n|detailschange|p2a: Necrozma|Necrozma-Ultra, shiny\n|-burst|p2a: Necrozma|Necrozma|Ultranecrozium Z\n|-terastallize|p1a: Zamazenta|Dark\n|move|p2a: Necrozma|Dragon Dance|p2a: Necrozma\n|-boost|p2a: Necrozma|atk|1\n|-boost|p2a: Necrozma|spe|1\n|move|p1a: Zamazenta|Iron Defense|p1a: Zamazenta\n|-boost|p1a: Zamazenta|def|2\n|\n|upkeep\n|turn|16\n|\n|t:|1698602160\n|move|p2a: Necrozma|Earthquake|p1a: Zamazenta\n|-damage|p1a: Zamazenta|16\/100\n|move|p1a: Zamazenta|Body Press|p2a: Necrozma\n|-resisted|p2a: Necrozma\n|-damage|p2a: Necrozma|41\/100\n|\n|upkeep\n|turn|17\n|\n|t:|1698602165\n|move|p2a: Necrozma|Earthquake|p1a: Zamazenta\n|-damage|p1a: Zamazenta|0 fnt\n|faint|p1a: Zamazenta\n|\n|win|09-10a\n|raw|rggef's rating: 1582 &rarr; <strong>1575<\/strong><br \/>(-7 for losing)\n|raw|09-10a's rating: 1839 &rarr; <strong>1846<\/strong><br \/>(+7 for winning)\n|l|\u2606rggef\n|l| MentalInt\n|l| darajahmaksura\n","uploadtime":1698602324,"views":8,"p1id":"rggef","p2id":"0910a","formatid":"gen9nationaldexubers","rating":1575,"private":0,"password":""}