{"id":"gen9nationaldexubers-1998640965","p1":"Hgfyugff","p2":"psefella","format":"[Gen 9] National Dex Ubers","log":"|j|\u2606Hgfyugff\n|j|\u2606psefella\n|t:|1700966445\n|gametype|singles\n|player|p1|Hgfyugff|266|1000\n|player|p2|psefella|101|1072\n|teamsize|p1|6\n|teamsize|p2|6\n|gen|9\n|tier|[Gen 9] National Dex Ubers\n|rated|\n|rule|HP Percentage Mod: HP is shown in percentages\n|rule|Endless Battle Clause: Forcing endless battles is banned\n|rule|OHKO Clause: OHKO moves are banned\n|rule|Evasion Moves Clause: Evasion moves are banned\n|rule|Evasion Items Clause: Evasion items are banned\n|rule|Species Clause: Limit one of each Pok\u00e9mon\n|rule|Sleep Clause Mod: Limit one foe put to sleep\n|rule|Mega Rayquaza Clause: You cannot mega evolve Rayquaza\n|clearpoke\n|poke|p1|Groudon|\n|poke|p1|Kyogre|\n|poke|p1|Ho-Oh|\n|poke|p1|Xerneas-*|\n|poke|p1|Marshadow|\n|poke|p1|Zygarde|\n|poke|p2|Kingambit, M|\n|poke|p2|Gholdengo|\n|poke|p2|Golem, M|\n|poke|p2|Darmanitan-Galar, M|\n|poke|p2|Dragapult, F|\n|poke|p2|Salamence, F|\n|teampreview\n|inactive|Battle timer is ON: inactive players will automatically lose when time's up. (requested by Hgfyugff)\n|\n|t:|1700966455\n|start\n|switch|p1a: Zygarde|Zygarde, shiny|100\/100\n|switch|p2a: Golem|Golem, M, shiny|100\/100\n|turn|1\n|\n|t:|1700966460\n|move|p1a: Zygarde|Coil|p1a: Zygarde\n|-boost|p1a: Zygarde|atk|1\n|-boost|p1a: Zygarde|def|1\n|-boost|p1a: Zygarde|accuracy|1\n|move|p2a: Golem|Stealth Rock|p1a: Zygarde\n|-sidestart|p1: Hgfyugff|move: Stealth Rock\n|\n|upkeep\n|turn|2\n|\n|t:|1700966462\n|move|p1a: Zygarde|Coil|p1a: Zygarde\n|-boost|p1a: Zygarde|atk|1\n|-boost|p1a: Zygarde|def|1\n|-boost|p1a: Zygarde|accuracy|1\n|move|p2a: Golem|Roar|p1a: Zygarde\n|drag|p1a: Ho-Oh|Ho-Oh, shiny|100\/100\n|\n|upkeep\n|turn|3\n|\n|t:|1700966470\n|move|p1a: Ho-Oh|Defog|p2a: Golem\n|-unboost|p2a: Golem|evasion|1\n|-sideend|p1: Hgfyugff|Stealth Rock|[from] move: Defog|[of] p1a: Ho-Oh\n|move|p2a: Golem|Roar|p1a: Ho-Oh\n|drag|p1a: Xerneas|Xerneas, shiny|100\/100\n|-ability|p1a: Xerneas|Fairy Aura\n|\n|upkeep\n|turn|4\n|\n|t:|1700966476\n|move|p1a: Xerneas|Moonblast|p2a: Golem\n|-ability|p2a: Golem|Sturdy\n|-damage|p2a: Golem|1\/100\n|-unboost|p2a: Golem|spa|1\n|move|p2a: Golem|Stealth Rock|p1a: Xerneas\n|-sidestart|p1: Hgfyugff|move: Stealth Rock\n|\n|upkeep\n|turn|5\n|-enditem|p2a: Golem|Custap Berry|[eat]\n|-activate|p2a: Golem|item: Custap Berry|[consumed]\n|\n|t:|1700966480\n|switch|p1a: Marshadow|Marshadow|100\/100\n|-damage|p1a: Marshadow|94\/100|[from] Stealth Rock\n|move|p2a: Golem|Explosion|p1a: Marshadow\n|-immune|p1a: Marshadow\n|faint|p2a: Golem\n|\n|upkeep\n|\n|t:|1700966485\n|switch|p2a: Salamence|Salamence, F, shiny|100\/100\n|-ability|p2a: Salamence|Intimidate|boost\n|-unboost|p1a: Marshadow|atk|1\n|turn|6\n|\n|t:|1700966487\n|detailschange|p2a: Salamence|Salamence-Mega, F, shiny\n|-mega|p2a: Salamence|Salamence|Salamencite\n|move|p1a: Marshadow|Rock Tomb|p2a: Salamence\n|-supereffective|p2a: Salamence\n|-crit|p2a: Salamence\n|-damage|p2a: Salamence|0 fnt\n|faint|p2a: Salamence\n|-damage|p1a: Marshadow|84\/100|[from] item: Life Orb\n|\n|upkeep\n|\n|t:|1700966498\n|switch|p2a: Darmanitan|Darmanitan-Galar, M, shiny|100\/100\n|turn|7\n|\n|t:|1700966503\n|-terastallize|p2a: Darmanitan|Ice\n|move|p2a: Darmanitan|Icicle Crash|p1a: Marshadow\n|-crit|p1a: Marshadow\n|-damage|p1a: Marshadow|0 fnt\n|faint|p1a: Marshadow\n|\n|upkeep\n|\n|t:|1700966507\n|switch|p1a: Groudon|Groudon|100\/100\n|-damage|p1a: Groudon|94\/100|[from] Stealth Rock\n|detailschange|p1a: Groudon|Groudon-Primal\n|-primal|p1a: Groudon|Red Orb\n|-weather|DesolateLand|[from] ability: Desolate Land|[of] p1a: Groudon\n|turn|8\n|\n|t:|1700966517\n|switch|p2a: Dragapult|Dragapult, F|100\/100\n|move|p1a: Groudon|Overheat|p2a: Dragapult\n|-resisted|p2a: Dragapult\n|-damage|p2a: Dragapult|35\/100\n|-unboost|p1a: Groudon|spa|2\n|\n|-weather|DesolateLand|[upkeep]\n|upkeep\n|turn|9\n|\n|t:|1700966520\n|move|p2a: Dragapult|Dragon Darts|p1a: Groudon\n|-damage|p1a: Groudon|77\/100\n|-anim|p2a: Dragapult|Dragon Darts|p1a: Groudon\n|-crit|p1a: Groudon\n|-damage|p1a: Groudon|53\/100\n|move|p1a: Groudon|Stealth Rock|p2a: Dragapult\n|-sidestart|p2: psefella|move: Stealth Rock\n|\n|-weather|DesolateLand|[upkeep]\n|upkeep\n|turn|10\n|\n|t:|1700966526\n|move|p2a: Dragapult|Dragon Darts|p1a: Groudon\n|-damage|p1a: Groudon|36\/100\n|-anim|p2a: Dragapult|Dragon Darts|p1a: Groudon\n|-damage|p1a: Groudon|19\/100\n|move|p1a: Groudon|Spikes|p2a: Dragapult\n|-sidestart|p2: psefella|Spikes\n|\n|-weather|DesolateLand|[upkeep]\n|upkeep\n|turn|11\n|\n|t:|1700966532\n|switch|p2a: GholdenGOAT|Gholdengo|100\/100\n|-damage|p2a: GholdenGOAT|94\/100|[from] Stealth Rock\n|-damage|p2a: GholdenGOAT|82\/100|[from] Spikes\n|-weather|none\n|switch|p1a: Xerneas|Xerneas, shiny|100\/100\n|-damage|p1a: Xerneas|88\/100|[from] Stealth Rock\n|-ability|p1a: Xerneas|Fairy Aura\n|\n|upkeep\n|turn|12\n|\n|t:|1700966537\n|-terastallize|p1a: Xerneas|Electric\n|move|p2a: GholdenGOAT|Make It Rain|p1a: Xerneas\n|-resisted|p1a: Xerneas\n|-damage|p1a: Xerneas|64\/100\n|-unboost|p2a: GholdenGOAT|spa|1\n|move|p1a: Xerneas|Geomancy||[still]\n|-prepare|p1a: Xerneas|Geomancy\n|-enditem|p1a: Xerneas|Power Herb\n|-anim|p1a: Xerneas|Geomancy|p1a: Xerneas\n|-boost|p1a: Xerneas|spa|2\n|-boost|p1a: Xerneas|spd|2\n|-boost|p1a: Xerneas|spe|2\n|\n|upkeep\n|turn|13\n|\n|t:|1700966548\n|move|p1a: Xerneas|Substitute|p1a: Xerneas\n|-start|p1a: Xerneas|Substitute\n|-damage|p1a: Xerneas|40\/100\n|move|p2a: GholdenGOAT|Hex|p1a: Xerneas\n|-activate|p1a: Xerneas|move: Substitute|[damage]\n|\n|upkeep\n|turn|14\n|-message|psefella forfeited.\n|\n|win|Hgfyugff\n|raw|Hgfyugff's rating: 1000 &rarr; <strong>1048<\/strong><br \/>(+48 for winning)\n|raw|psefella's rating: 1072 &rarr; <strong>1047<\/strong><br \/>(-25 for losing)\n|l|\u2606Hgfyugff\n","uploadtime":1700966566,"views":2,"p1id":"hgfyugff","p2id":"psefella","formatid":"gen9nationaldexubers","rating":1047,"private":0,"password":""}