{"id":"gen9nationaldexubers-1984331870","p1":"tbor2002","p2":"Solaris2003","format":"[Gen 9] National Dex Ubers","log":"|j|\u2606tbor2002\n|j|\u2606Solaris2003\n|t:|1699244915\n|gametype|singles\n|player|p1|tbor2002|wattson|\n|player|p2|Solaris2003|101|\n|teamsize|p1|6\n|teamsize|p2|6\n|gen|9\n|tier|[Gen 9] National Dex Ubers\n|rule|HP Percentage Mod: HP is shown in percentages\n|rule|Endless Battle Clause: Forcing endless battles is banned\n|rule|OHKO Clause: OHKO moves are banned\n|rule|Evasion Moves Clause: Evasion moves are banned\n|rule|Evasion Items Clause: Evasion items are banned\n|rule|Species Clause: Limit one of each Pok\u00e9mon\n|rule|Sleep Clause Mod: Limit one foe put to sleep\n|rule|Mega Rayquaza Clause: You cannot mega evolve Rayquaza\n|clearpoke\n|poke|p1|Walking Wake|\n|poke|p1|Muk-Alola, F|\n|poke|p1|Jolteon, F|\n|poke|p1|Toxicroak, F|\n|poke|p1|Falinks|\n|poke|p1|Glimmet, F|\n|poke|p2|Cinderace, F|\n|poke|p2|Lycanroc-Dusk, M|\n|poke|p2|Noivern, M|\n|poke|p2|Copperajah, M|\n|poke|p2|Wyrdeer, F|\n|poke|p2|Flaaffy, M|\n|teampreview\n|j| Jam20Jam\n|\n|t:|1699244926\n|start\n|switch|p1a: Glimmet|Glimmet, F|100\/100\n|switch|p2a: Flaaffy|Flaaffy, M|100\/100\n|turn|1\n|\n|t:|1699244942\n|move|p1a: Glimmet|Stealth Rock|p2a: Flaaffy\n|-sidestart|p2: Solaris2003|move: Stealth Rock\n|move|p2a: Flaaffy|Light Screen|p2a: Flaaffy\n|-sidestart|p2: Solaris2003|move: Light Screen\n|\n|upkeep\n|turn|2\n|\n|t:|1699244959\n|move|p1a: Glimmet|Spikes|p2a: Flaaffy\n|-sidestart|p2: Solaris2003|Spikes\n|move|p2a: Flaaffy|Discharge|p1a: Glimmet\n|-damage|p1a: Glimmet|46\/100\n|\n|upkeep\n|turn|3\n|\n|t:|1699244970\n|move|p1a: Glimmet|Sunny Day|p1a: Glimmet\n|-weather|SunnyDay\n|move|p2a: Flaaffy|Discharge|p1a: Glimmet\n|-damage|p1a: Glimmet|0 fnt\n|faint|p1a: Glimmet\n|\n|-weather|SunnyDay|[upkeep]\n|upkeep\n|\n|t:|1699244984\n|switch|p1a: Muk|Muk-Alola, F|100\/100\n|turn|4\n|\n|t:|1699244994\n|move|p1a: Muk|Knock Off|p2a: Flaaffy\n|-damage|p2a: Flaaffy|66\/100\n|-status|p1a: Muk|par|[from] ability: Static|[of] p2a: Flaaffy\n|-enditem|p2a: Flaaffy|Eviolite|[from] move: Knock Off|[of] p1a: Muk\n|move|p2a: Flaaffy|Light Screen||[still]\n|-fail|p2a: Flaaffy\n|\n|-weather|SunnyDay|[upkeep]\n|upkeep\n|turn|5\n|\n|t:|1699245007\n|move|p1a: Muk|Poison Jab|p2a: Flaaffy\n|-damage|p2a: Flaaffy|18\/100\n|-status|p2a: Flaaffy|psn|[from] ability: Poison Touch|[of] p1a: Muk\n|move|p2a: Flaaffy|Roar|p1a: Muk\n|drag|p1a: Falinks|Falinks|100\/100\n|\n|-weather|SunnyDay|[upkeep]\n|-damage|p2a: Flaaffy|6\/100 psn|[from] psn\n|-sideend|p2: Solaris2003|move: Light Screen\n|upkeep\n|turn|6\n|\n|t:|1699245019\n|move|p1a: Falinks|No Retreat|p1a: Falinks\n|-boost|p1a: Falinks|atk|1\n|-boost|p1a: Falinks|def|1\n|-boost|p1a: Falinks|spa|1\n|-boost|p1a: Falinks|spd|1\n|-boost|p1a: Falinks|spe|1\n|-start|p1a: Falinks|move: No Retreat\n|move|p2a: Flaaffy|Reflect|p2a: Flaaffy\n|-sidestart|p2: Solaris2003|Reflect\n|\n|-weather|SunnyDay|[upkeep]\n|-damage|p2a: Flaaffy|0 fnt|[from] psn\n|faint|p2a: Flaaffy\n|upkeep\n|\n|t:|1699245029\n|switch|p2a: Wyrdeer|Wyrdeer, F|100\/100\n|-damage|p2a: Wyrdeer|88\/100|[from] Stealth Rock\n|-damage|p2a: Wyrdeer|76\/100|[from] Spikes\n|-ability|p2a: Wyrdeer|Intimidate|boost\n|-unboost|p1a: Falinks|atk|1\n|-ability|p1a: Falinks|Defiant|boost\n|-boost|p1a: Falinks|atk|2\n|turn|7\n|\n|t:|1699245049\n|move|p1a: Falinks|Close Combat|p2a: Wyrdeer\n|-damage|p2a: Wyrdeer|17\/100\n|-unboost|p1a: Falinks|def|1\n|-unboost|p1a: Falinks|spd|1\n|move|p2a: Wyrdeer|Psyshock|p1a: Falinks\n|-supereffective|p1a: Falinks\n|-damage|p1a: Falinks|1\/100\n|\n|-weather|none\n|-heal|p2a: Wyrdeer|23\/100|[from] item: Leftovers\n|upkeep\n|turn|8\n|\n|t:|1699245069\n|move|p1a: Falinks|Close Combat|p2a: Wyrdeer\n|-damage|p2a: Wyrdeer|0 fnt\n|-unboost|p1a: Falinks|def|1\n|-unboost|p1a: Falinks|spd|1\n|faint|p2a: Wyrdeer\n|\n|upkeep\n|\n|t:|1699245074\n|switch|p2a: Cinderace|Cinderace, F|100\/100\n|turn|9\n|\n|t:|1699245085\n|move|p1a: Falinks|Close Combat|p2a: Cinderace\n|-damage|p2a: Cinderace|24\/100\n|-unboost|p1a: Falinks|def|1\n|-unboost|p1a: Falinks|spd|1\n|move|p2a: Cinderace|Court Change|p2a: Cinderace\n|-swapsideconditions\n|-activate|p2a: Cinderace|move: Court Change\n|\n|upkeep\n|turn|10\n|\n|t:|1699245102\n|move|p2a: Cinderace|Sucker Punch|p1a: Falinks\n|-resisted|p1a: Falinks\n|-damage|p1a: Falinks|0 fnt\n|faint|p1a: Falinks\n|\n|-sideend|p1: tbor2002|Reflect\n|upkeep\n|\n|t:|1699245107\n|switch|p1a: Jolteon|Jolteon, F|100\/100\n|turn|11\n|\n|t:|1699245116\n|move|p1a: Jolteon|Calm Mind|p1a: Jolteon\n|-boost|p1a: Jolteon|spa|1\n|-boost|p1a: Jolteon|spd|1\n|move|p2a: Cinderace|Pyro Ball|p1a: Jolteon\n|-damage|p1a: Jolteon|0 fnt\n|faint|p1a: Jolteon\n|\n|upkeep\n|\n|t:|1699245129\n|switch|p1a: Walking Wake|Walking Wake|100\/100\n|-damage|p1a: Walking Wake|88\/100|[from] Stealth Rock\n|-damage|p1a: Walking Wake|76\/100|[from] Spikes\n|turn|12\n|\n|t:|1699245136\n|switch|p2a: Copperajah|Copperajah, M|100\/100\n|move|p1a: Walking Wake|Hydro Steam|p2a: Copperajah\n|-damage|p2a: Copperajah|26\/100\n|\n|-heal|p2a: Copperajah|33\/100|[from] item: Leftovers\n|upkeep\n|turn|13\n|\n|t:|1699245153\n|move|p1a: Walking Wake|Hydro Steam|p2a: Copperajah\n|-damage|p2a: Copperajah|0 fnt\n|faint|p2a: Copperajah\n|\n|upkeep\n|\n|t:|1699245166\n|switch|p2a: Noivern|Noivern, M|100\/100\n|turn|14\n|\n|t:|1699245174\n|-terastallize|p1a: Walking Wake|Water\n|move|p2a: Noivern|Air Slash|p1a: Walking Wake\n|-damage|p1a: Walking Wake|22\/100\n|move|p1a: Walking Wake|Hydro Steam|p2a: Noivern\n|-resisted|p2a: Noivern\n|-damage|p2a: Noivern|49\/100\n|\n|upkeep\n|turn|15\n|\n|t:|1699245181\n|move|p2a: Noivern|Air Slash|p1a: Walking Wake\n|-damage|p1a: Walking Wake|0 fnt\n|faint|p1a: Walking Wake\n|-end|p1a: Walking Wake|Protosynthesis|[silent]\n|\n|upkeep\n|\n|t:|1699245188\n|switch|p1a: Muk|Muk-Alola, F|100\/100 par\n|-damage|p1a: Muk|88\/100 par|[from] Stealth Rock\n|-damage|p1a: Muk|76\/100 par|[from] Spikes\n|turn|16\n|\n|t:|1699245195\n|move|p2a: Noivern|Air Slash|p1a: Muk\n|-damage|p1a: Muk|56\/100 par\n|move|p1a: Muk|Rock Slide|p2a: Noivern\n|-supereffective|p2a: Noivern\n|-damage|p2a: Noivern|4\/100\n|\n|upkeep\n|turn|17\n|\n|t:|1699245201\n|move|p2a: Noivern|Air Slash|p1a: Muk\n|-damage|p1a: Muk|38\/100 par\n|cant|p1a: Muk|flinch\n|\n|upkeep\n|turn|18\n|\n|t:|1699245206\n|move|p2a: Noivern|Air Slash|p1a: Muk\n|-damage|p1a: Muk|19\/100 par\n|move|p1a: Muk|Poison Jab|p2a: Noivern\n|-damage|p2a: Noivern|0 fnt\n|faint|p2a: Noivern\n|\n|upkeep\n|\n|t:|1699245213\n|switch|p2a: Cinderace|Cinderace, F|24\/100\n|turn|19\n|\n|t:|1699245217\n|move|p2a: Cinderace|Pyro Ball|p1a: Muk\n|-damage|p1a: Muk|0 fnt\n|faint|p1a: Muk\n|\n|upkeep\n|\n|t:|1699245224\n|switch|p1a: Toxicroak|Toxicroak, F|100\/100\n|-damage|p1a: Toxicroak|94\/100|[from] Stealth Rock\n|-damage|p1a: Toxicroak|82\/100|[from] Spikes\n|turn|20\n|\n|t:|1699245231\n|move|p1a: Toxicroak|Sucker Punch|p2a: Cinderace\n|-damage|p2a: Cinderace|0 fnt\n|faint|p2a: Cinderace\n|-damage|p1a: Toxicroak|72\/100|[from] item: Life Orb\n|\n|upkeep\n|\n|t:|1699245237\n|switch|p2a: Lycanroc|Lycanroc-Dusk, M|100\/100\n|turn|21\n|\n|t:|1699245256\n|move|p2a: Lycanroc|Accelerock|p1a: Toxicroak\n|-resisted|p1a: Toxicroak\n|-damage|p1a: Toxicroak|43\/100\n|move|p1a: Toxicroak|Close Combat|p2a: Lycanroc\n|-supereffective|p2a: Lycanroc\n|-damage|p2a: Lycanroc|0 fnt\n|-unboost|p1a: Toxicroak|def|1\n|-unboost|p1a: Toxicroak|spd|1\n|faint|p2a: Lycanroc\n|-damage|p1a: Toxicroak|33\/100|[from] item: Life Orb\n|\n|win|tbor2002\n|l|\u2606Solaris2003\n","uploadtime":1699245269,"views":4,"p1id":"tbor2002","p2id":"solaris2003","formatid":"gen9nationaldexubers","rating":0,"private":0,"password":""}