{"id":"gen9nationaldexubers-1987959503","p1":"Graterol882008","p2":"DracoAxel","format":"[Gen 9] National Dex Ubers","log":"|j|\u2606Graterol882008\n|j|\u2606DracoAxel\n|t:|1699653278\n|gametype|singles\n|player|p1|Graterol882008|petrel|\n|player|p2|DracoAxel|nate|\n|teamsize|p1|6\n|teamsize|p2|6\n|gen|9\n|tier|[Gen 9] National Dex Ubers\n|rule|HP Percentage Mod: HP is shown in percentages\n|rule|Endless Battle Clause: Forcing endless battles is banned\n|rule|OHKO Clause: OHKO moves are banned\n|rule|Evasion Moves Clause: Evasion moves are banned\n|rule|Evasion Items Clause: Evasion items are banned\n|rule|Species Clause: Limit one of each Pok\u00e9mon\n|rule|Sleep Clause Mod: Limit one foe put to sleep\n|rule|Mega Rayquaza Clause: You cannot mega evolve Rayquaza\n|clearpoke\n|poke|p1|Metagross|\n|poke|p1|Infernape, M|\n|poke|p1|Dragapult, F|\n|poke|p1|Dragonite, M|\n|poke|p1|Volcarona, F|\n|poke|p1|Primarina, F|\n|poke|p2|Torkoal, F|\n|poke|p2|Blaziken, F|\n|poke|p2|Skeledirge, M|\n|poke|p2|Charizard, F|\n|poke|p2|Venusaur, F|\n|poke|p2|Ceruledge, M|\n|teampreview\n|\n|t:|1699653336\n|start\n|switch|p1a: Dragapult|Dragapult, F|100\/100\n|switch|p2a: Blaziken|Blaziken, F|100\/100\n|turn|1\n|\n|t:|1699653346\n|move|p1a: Dragapult|Surf|p2a: Blaziken\n|-supereffective|p2a: Blaziken\n|-damage|p2a: Blaziken|25\/100\n|move|p2a: Blaziken|Earthquake|p1a: Dragapult\n|-damage|p1a: Dragapult|40\/100\n|-damage|p2a: Blaziken|15\/100|[from] item: Life Orb\n|\n|-ability|p2a: Blaziken|Speed Boost|boost\n|-boost|p2a: Blaziken|spe|1\n|upkeep\n|turn|2\n|\n|t:|1699653352\n|move|p2a: Blaziken|Protect|p2a: Blaziken\n|-singleturn|p2a: Blaziken|Protect\n|move|p1a: Dragapult|Agility|p1a: Dragapult\n|-boost|p1a: Dragapult|spe|2\n|\n|-ability|p2a: Blaziken|Speed Boost|boost\n|-boost|p2a: Blaziken|spe|1\n|upkeep\n|turn|3\n|\n|t:|1699653364\n|move|p1a: Dragapult|Surf|p2a: Blaziken\n|-supereffective|p2a: Blaziken\n|-damage|p2a: Blaziken|0 fnt\n|faint|p2a: Blaziken\n|\n|upkeep\n|c|\u2606DracoAxel|Me trolllio\n|\n|t:|1699653369\n|switch|p2a: Ceruledge|Ceruledge, M|100\/100\n|turn|4\n|\n|t:|1699653376\n|move|p2a: Ceruledge|Shadow Sneak|p1a: Dragapult\n|-supereffective|p1a: Dragapult\n|-damage|p1a: Dragapult|0 fnt\n|faint|p1a: Dragapult\n|\n|upkeep\n|\n|t:|1699653412\n|switch|p1a: Infernape|Infernape, M|100\/100\n|turn|5\n|\n|t:|1699653425\n|move|p2a: Ceruledge|Shadow Sneak|p1a: Infernape\n|-damage|p1a: Infernape|68\/100\n|move|p1a: Infernape|Swords Dance|p1a: Infernape\n|-boost|p1a: Infernape|atk|2\n|\n|upkeep\n|turn|6\n|\n|t:|1699653435\n|move|p2a: Ceruledge|Shadow Sneak|p1a: Infernape\n|-damage|p1a: Infernape|36\/100\n|move|p1a: Infernape|Earthquake|p2a: Ceruledge\n|-supereffective|p2a: Ceruledge\n|-enditem|p2a: Ceruledge|Focus Sash\n|-damage|p2a: Ceruledge|1\/100\n|\n|upkeep\n|turn|7\n|\n|t:|1699653446\n|move|p1a: Infernape|Earthquake|p2a: Ceruledge\n|-supereffective|p2a: Ceruledge\n|-damage|p2a: Ceruledge|0 fnt\n|faint|p2a: Ceruledge\n|\n|upkeep\n|\n|t:|1699653450\n|switch|p2a: Charizard|Charizard, F|100\/100\n|turn|8\n|\n|t:|1699653457\n|detailschange|p2a: Charizard|Charizard-Mega-X, F\n|-mega|p2a: Charizard|Charizard|Charizardite X\n|move|p1a: Infernape|Drain Punch|p2a: Charizard\n|-damage|p2a: Charizard|0 fnt\n|-heal|p1a: Infernape|86\/100|[from] drain|[of] p2a: Charizard\n|faint|p2a: Charizard\n|\n|upkeep\n|\n|t:|1699653463\n|switch|p2a: Skelegod|Skeledirge, M|100\/100\n|turn|9\n|\n|t:|1699653480\n|move|p1a: Infernape|Swords Dance|p1a: Infernape\n|-boost|p1a: Infernape|atk|2\n|move|p2a: Skelegod|Shadow Ball|p1a: Infernape\n|-damage|p1a: Infernape|36\/100\n|\n|upkeep\n|turn|10\n|\n|t:|1699653489\n|move|p1a: Infernape|Earthquake|p2a: Skelegod\n|-supereffective|p2a: Skelegod\n|-damage|p2a: Skelegod|46\/100\n|move|p2a: Skelegod|Shadow Ball|p1a: Infernape\n|-damage|p1a: Infernape|0 fnt\n|faint|p1a: Infernape\n|\n|-heal|p2a: Skelegod|52\/100|[from] item: Leftovers\n|upkeep\n|\n|t:|1699653504\n|switch|p1a: Primarina|Primarina, F|100\/100\n|turn|11\n|\n|t:|1699653513\n|move|p2a: Skelegod|Shadow Ball|p1a: Primarina\n|-damage|p1a: Primarina|78\/100\n|move|p1a: Primarina|Sparkling Aria|p2a: Skelegod\n|-supereffective|p2a: Skelegod\n|-damage|p2a: Skelegod|0 fnt\n|faint|p2a: Skelegod\n|\n|upkeep\n|\n|t:|1699653518\n|switch|p2a: El solecito|Torkoal, F|100\/100\n|-weather|SunnyDay|[from] ability: Drought|[of] p2a: El solecito\n|turn|12\n|\n|t:|1699653530\n|-zpower|p1a: Primarina\n|move|p1a: Primarina|Oceanic Operetta|p2a: El solecito|[zeffect]\n|-supereffective|p2a: El solecito\n|-damage|p2a: El solecito|0 fnt\n|faint|p2a: El solecito\n|\n|-weather|SunnyDay|[upkeep]\n|upkeep\n|\n|t:|1699653532\n|switch|p2a: Mariwano|Venusaur, F|100\/100\n|turn|13\n|\n|t:|1699653549\n|-terastallize|p2a: Mariwano|Fire\n|move|p2a: Mariwano|Sludge Bomb|p1a: Primarina\n|-supereffective|p1a: Primarina\n|-damage|p1a: Primarina|0 fnt\n|faint|p1a: Primarina\n|-damage|p2a: Mariwano|91\/100|[from] item: Life Orb\n|\n|-weather|SunnyDay|[upkeep]\n|upkeep\n|\n|t:|1699653562\n|switch|p1a: Dragonite|Dragonite, M|100\/100\n|turn|14\n|\n|t:|1699653569\n|move|p2a: Mariwano|Sludge Bomb|p1a: Dragonite\n|-damage|p1a: Dragonite|73\/100\n|-status|p1a: Dragonite|psn\n|-damage|p2a: Mariwano|81\/100|[from] item: Life Orb\n|move|p1a: Dragonite|Dragon Claw|p2a: Mariwano\n|-damage|p2a: Mariwano|18\/100\n|\n|-weather|SunnyDay|[upkeep]\n|-damage|p1a: Dragonite|61\/100 psn|[from] psn\n|upkeep\n|turn|15\n|\n|t:|1699653585\n|move|p2a: Mariwano|Weather Ball|p1a: Dragonite\n|-resisted|p1a: Dragonite\n|-damage|p1a: Dragonite|9\/100 psn\n|-damage|p2a: Mariwano|8\/100|[from] item: Life Orb\n|move|p1a: Dragonite|Dragon Claw|p2a: Mariwano\n|-damage|p2a: Mariwano|0 fnt\n|faint|p2a: Mariwano\n|\n|win|Graterol882008\n|j| s.daninja\n","uploadtime":1699653599,"views":5,"p1id":"graterol882008","p2id":"dracoaxel","formatid":"gen9nationaldexubers","rating":0,"private":0,"password":""}