{"id":"gen9nationaldexubers-1980873584","p1":"tootmimi","p2":"heavylever","format":"[Gen 9] National Dex Ubers","log":"|j|\u2606tootmimi\n|j|\u2606heavylever\n|t:|1698844722\n|gametype|singles\n|player|p1|tootmimi|101|1615\n|player|p2|heavylever|ash-unova|1692\n|teamsize|p1|6\n|teamsize|p2|6\n|gen|9\n|tier|[Gen 9] National Dex Ubers\n|rated|\n|rule|HP Percentage Mod: HP is shown in percentages\n|rule|Endless Battle Clause: Forcing endless battles is banned\n|rule|OHKO Clause: OHKO moves are banned\n|rule|Evasion Moves Clause: Evasion moves are banned\n|rule|Evasion Items Clause: Evasion items are banned\n|rule|Species Clause: Limit one of each Pok\u00e9mon\n|rule|Sleep Clause Mod: Limit one foe put to sleep\n|rule|Mega Rayquaza Clause: You cannot mega evolve Rayquaza\n|clearpoke\n|poke|p1|Groudon|\n|poke|p1|Yveltal|\n|poke|p1|Calyrex-Ice|\n|poke|p1|Necrozma-Dusk-Mane|\n|poke|p1|Tapu Lele|\n|poke|p1|Zacian-*|\n|poke|p2|Groudon|\n|poke|p2|Giratina-Origin|\n|poke|p2|Zekrom|\n|poke|p2|Kyogre|\n|poke|p2|Dondozo, M|\n|poke|p2|Blissey, F|\n|teampreview\n|\n|t:|1698844727\n|start\n|switch|p1a: Yveltal|Yveltal|100\/100\n|switch|p2a: Kyogre|Kyogre|100\/100\n|-ability|p1a: Yveltal|Dark Aura\n|detailschange|p2a: Kyogre|Kyogre-Primal\n|-primal|p2a: Kyogre|Blue Orb\n|-weather|PrimordialSea|[from] ability: Primordial Sea|[of] p2a: Kyogre\n|turn|1\n|inactive|Battle timer is ON: inactive players will automatically lose when time's up. (requested by heavylever)\n|inactive|tootmimi also wants the timer to be on.\n|\n|t:|1698844737\n|switch|p1a: Groudon|Groudon|100\/100\n|detailschange|p1a: Groudon|Groudon-Primal\n|-primal|p1a: Groudon|Red Orb\n|-weather|DesolateLand|[from] ability: Desolate Land|[of] p1a: Groudon\n|move|p2a: Kyogre|Origin Pulse||[still]\n|-fail|p2a: Kyogre|Origin Pulse|[from] Desolate Land\n|\n|-weather|DesolateLand|[upkeep]\n|upkeep\n|turn|2\n|\n|t:|1698844746\n|switch|p2a: Dondizzy|Dondozo, M, shiny|100\/100\n|move|p1a: Groudon|Earthquake|p2a: Dondizzy\n|-damage|p2a: Dondizzy|69\/100\n|\n|-weather|DesolateLand|[upkeep]\n|-heal|p2a: Dondizzy|75\/100|[from] item: Leftovers\n|upkeep\n|turn|3\n|\n|t:|1698844755\n|-weather|none\n|switch|p1a: Yveltal|Yveltal|100\/100\n|-ability|p1a: Yveltal|Dark Aura\n|switch|p2a: Kyogre|Kyogre-Primal|100\/100\n|-weather|PrimordialSea|[from] ability: Primordial Sea|[of] p2a: Kyogre\n|\n|-weather|PrimordialSea|[upkeep]\n|upkeep\n|turn|4\n|\n|t:|1698844769\n|switch|p1a: Groudon|Groudon-Primal|100\/100\n|-weather|DesolateLand|[from] ability: Desolate Land|[of] p1a: Groudon\n|move|p2a: Kyogre|Origin Pulse||[still]\n|-fail|p2a: Kyogre|Origin Pulse|[from] Desolate Land\n|\n|-weather|DesolateLand|[upkeep]\n|upkeep\n|turn|5\n|j| 1 em trach thu\n|\n|t:|1698844777\n|switch|p2a: Dondizzy|Dondozo, M, shiny|75\/100\n|move|p1a: Groudon|Earthquake|p2a: Dondizzy\n|-damage|p2a: Dondizzy|44\/100\n|\n|-weather|DesolateLand|[upkeep]\n|-heal|p2a: Dondizzy|50\/100|[from] item: Leftovers\n|upkeep\n|turn|6\n|\n|t:|1698844785\n|move|p1a: Groudon|Earthquake|p2a: Dondizzy\n|-damage|p2a: Dondizzy|17\/100\n|move|p2a: Dondizzy|Rest|p2a: Dondizzy\n|-status|p2a: Dondizzy|slp|[from] move: Rest\n|-heal|p2a: Dondizzy|100\/100 slp|[silent]\n|\n|-weather|DesolateLand|[upkeep]\n|upkeep\n|turn|7\n|\n|t:|1698844793\n|-weather|none\n|switch|p1a: Yveltal|Yveltal|100\/100\n|-ability|p1a: Yveltal|Dark Aura\n|switch|p2a: Giratina|Giratina-Origin, shiny|100\/100\n|\n|upkeep\n|turn|8\n|\n|t:|1698844801\n|move|p1a: Yveltal|Knock Off|p2a: Giratina\n|-supereffective|p2a: Giratina\n|-damage|p2a: Giratina|19\/100\n|move|p2a: Giratina|Thunder Wave|p1a: Yveltal\n|-status|p1a: Yveltal|par\n|\n|upkeep\n|turn|9\n|\n|t:|1698844811\n|move|p2a: Giratina|Draco Meteor|p1a: Yveltal\n|-damage|p1a: Yveltal|35\/100 par\n|-unboost|p2a: Giratina|spa|2\n|move|p1a: Yveltal|Knock Off|p2a: Giratina\n|-supereffective|p2a: Giratina\n|-damage|p2a: Giratina|0 fnt\n|faint|p2a: Giratina\n|\n|upkeep\n|\n|t:|1698844817\n|switch|p2a: Kyogre|Kyogre-Primal|100\/100\n|-weather|PrimordialSea|[from] ability: Primordial Sea|[of] p2a: Kyogre\n|turn|10\n|\n|t:|1698844823\n|switch|p1a: Groudon|Groudon-Primal|100\/100\n|-weather|DesolateLand|[from] ability: Desolate Land|[of] p1a: Groudon\n|move|p2a: Kyogre|Ice Beam|p1a: Groudon\n|-damage|p1a: Groudon|62\/100\n|\n|-weather|DesolateLand|[upkeep]\n|upkeep\n|turn|11\n|\n|t:|1698844831\n|switch|p2a: Dondizzy|Dondozo, M, shiny|100\/100 slp\n|move|p1a: Groudon|Earthquake|p2a: Dondizzy\n|-damage|p2a: Dondizzy|71\/100 slp\n|\n|-weather|DesolateLand|[upkeep]\n|-heal|p2a: Dondizzy|77\/100 slp|[from] item: Leftovers\n|upkeep\n|turn|12\n|\n|t:|1698844841\n|-weather|none\n|switch|p1a: Tapu Lele|Tapu Lele|100\/100\n|-fieldstart|move: Psychic Terrain|[from] ability: Psychic Surge|[of] p1a: Tapu Lele\n|cant|p2a: Dondizzy|slp\n|\n|-heal|p2a: Dondizzy|83\/100 slp|[from] item: Leftovers\n|upkeep\n|turn|13\n|\n|t:|1698844851\n|switch|p2a: Blissey|Blissey, F, shiny|100\/100\n|move|p1a: Tapu Lele|Aromatherapy|p1a: Tapu Lele\n|-activate|p1a: Tapu Lele|move: Aromatherapy\n|-curestatus|p1: Yveltal|par|[msg]\n|\n|upkeep\n|turn|14\n|\n|t:|1698844859\n|switch|p1a: Necrozma|Necrozma-Dusk-Mane|100\/100\n|move|p2a: Blissey|Stealth Rock|p1a: Necrozma\n|-sidestart|p1: tootmimi|move: Stealth Rock\n|\n|upkeep\n|turn|15\n|\n|t:|1698844864\n|switch|p2a: Groudon|Groudon|100\/100\n|detailschange|p2a: Groudon|Groudon-Primal\n|-primal|p2a: Groudon|Red Orb\n|-weather|DesolateLand|[from] ability: Desolate Land|[of] p2a: Groudon\n|move|p1a: Necrozma|Stealth Rock|p2a: Groudon\n|-sidestart|p2: heavylever|move: Stealth Rock\n|\n|-weather|DesolateLand|[upkeep]\n|upkeep\n|turn|16\n|\n|t:|1698844873\n|move|p2a: Groudon|Will-O-Wisp|p1a: Necrozma\n|-status|p1a: Necrozma|brn\n|move|p1a: Necrozma|Trick Room|p1a: Necrozma\n|-fieldstart|move: Trick Room|[of] p1a: Necrozma\n|\n|-weather|DesolateLand|[upkeep]\n|-damage|p1a: Necrozma|94\/100 brn|[from] brn\n|-fieldend|move: Psychic Terrain\n|upkeep\n|turn|17\n|\n|t:|1698844886\n|move|p1a: Necrozma|Sunsteel Strike|p2a: Groudon\n|-resisted|p2a: Groudon\n|-damage|p2a: Groudon|94\/100\n|move|p2a: Groudon|Earthquake|p1a: Necrozma\n|-supereffective|p1a: Necrozma\n|-damage|p1a: Necrozma|32\/100 brn\n|\n|-weather|DesolateLand|[upkeep]\n|-heal|p1a: Necrozma|38\/100 brn|[from] item: Leftovers\n|-damage|p1a: Necrozma|32\/100 brn|[from] brn\n|upkeep\n|turn|18\n|\n|t:|1698844900\n|switch|p1a: Yveltal|Yveltal|35\/100\n|-damage|p1a: Yveltal|10\/100|[from] Stealth Rock\n|-ability|p1a: Yveltal|Dark Aura\n|move|p2a: Groudon|Earthquake|p1a: Yveltal\n|-immune|p1a: Yveltal\n|\n|-weather|DesolateLand|[upkeep]\n|upkeep\n|turn|19\n|\n|t:|1698844908\n|-weather|none\n|switch|p2a: Blissey|Blissey, F, shiny|100\/100\n|-damage|p2a: Blissey|88\/100|[from] Stealth Rock\n|move|p1a: Yveltal|Oblivion Wing|p2a: Blissey\n|-damage|p2a: Blissey|78\/100\n|-heal|p1a: Yveltal|21\/100|[from] drain|[of] p2a: Blissey\n|\n|-heal|p2a: Blissey|84\/100|[from] item: Leftovers\n|upkeep\n|turn|20\n|\n|t:|1698844922\n|switch|p1a: Necrozma|Necrozma-Dusk-Mane|32\/100 brn\n|-damage|p1a: Necrozma|26\/100 brn|[from] Stealth Rock\n|move|p2a: Blissey|Seismic Toss|p1a: Necrozma\n|-damage|p1a: Necrozma|1\/100 brn\n|\n|-heal|p2a: Blissey|91\/100|[from] item: Leftovers\n|-heal|p1a: Necrozma|7\/100 brn|[from] item: Leftovers\n|-damage|p1a: Necrozma|1\/100 brn|[from] brn\n|-fieldend|move: Trick Room\n|upkeep\n|turn|21\n|\n|t:|1698844935\n|switch|p2a: Dondizzy|Dondozo, M, shiny|83\/100 slp\n|-damage|p2a: Dondizzy|70\/100 slp|[from] Stealth Rock\n|move|p1a: Necrozma|Moonlight|p1a: Necrozma\n|-heal|p1a: Necrozma|51\/100 brn\n|\n|-heal|p1a: Necrozma|57\/100 brn|[from] item: Leftovers\n|-heal|p2a: Dondizzy|76\/100 slp|[from] item: Leftovers\n|-damage|p1a: Necrozma|51\/100 brn|[from] brn\n|upkeep\n|turn|22\n|\n|t:|1698844951\n|switch|p1a: Tapu Lele|Tapu Lele|100\/100\n|-damage|p1a: Tapu Lele|88\/100|[from] Stealth Rock\n|-fieldstart|move: Psychic Terrain|[from] ability: Psychic Surge|[of] p1a: Tapu Lele\n|cant|p2a: Dondizzy|slp\n|\n|-heal|p2a: Dondizzy|83\/100 slp|[from] item: Leftovers\n|upkeep\n|turn|23\n|\n|t:|1698844964\n|switch|p2a: Blissey|Blissey, F, shiny|91\/100\n|-damage|p2a: Blissey|78\/100|[from] Stealth Rock\n|move|p1a: Tapu Lele|Psychic|p2a: Blissey\n|-damage|p2a: Blissey|61\/100\n|\n|-heal|p2a: Blissey|67\/100|[from] item: Leftovers\n|upkeep\n|turn|24\n|\n|t:|1698844975\n|switch|p1a: Necrozma|Necrozma-Dusk-Mane|51\/100 brn\n|-damage|p1a: Necrozma|45\/100 brn|[from] Stealth Rock\n|move|p2a: Blissey|Soft-Boiled|p2a: Blissey\n|-heal|p2a: Blissey|100\/100\n|\n|-heal|p1a: Necrozma|51\/100 brn|[from] item: Leftovers\n|-damage|p1a: Necrozma|45\/100 brn|[from] brn\n|upkeep\n|turn|25\n|\n|t:|1698844986\n|switch|p2a: Groudon|Groudon-Primal|94\/100\n|-damage|p2a: Groudon|81\/100|[from] Stealth Rock\n|-weather|DesolateLand|[from] ability: Desolate Land|[of] p2a: Groudon\n|move|p1a: Necrozma|Moonlight|p1a: Necrozma\n|-heal|p1a: Necrozma|100\/100 brn\n|\n|-weather|DesolateLand|[upkeep]\n|-damage|p1a: Necrozma|94\/100 brn|[from] brn\n|upkeep\n|turn|26\n|\n|t:|1698844997\n|move|p2a: Groudon|Stone Edge|p1a: Necrozma\n|-resisted|p1a: Necrozma\n|-damage|p1a: Necrozma|82\/100 brn\n|move|p1a: Necrozma|Sunsteel Strike|p2a: Groudon\n|-resisted|p2a: Groudon\n|-damage|p2a: Groudon|75\/100\n|\n|-weather|DesolateLand|[upkeep]\n|-heal|p1a: Necrozma|88\/100 brn|[from] item: Leftovers\n|-damage|p1a: Necrozma|82\/100 brn|[from] brn\n|-fieldend|move: Psychic Terrain\n|upkeep\n|turn|27\n|\n|t:|1698845011\n|move|p2a: Groudon|Earthquake|p1a: Necrozma\n|-supereffective|p1a: Necrozma\n|-damage|p1a: Necrozma|28\/100 brn\n|move|p1a: Necrozma|Moonlight|p1a: Necrozma\n|-heal|p1a: Necrozma|94\/100 brn\n|\n|-weather|DesolateLand|[upkeep]\n|-heal|p1a: Necrozma|99\/100 brn|[from] item: Leftovers\n|-damage|p1a: Necrozma|94\/100 brn|[from] brn\n|upkeep\n|turn|28\n|\n|t:|1698845024\n|move|p2a: Groudon|Stone Edge|p1a: Necrozma\n|-resisted|p1a: Necrozma\n|-damage|p1a: Necrozma|82\/100 brn\n|move|p1a: Necrozma|Trick Room|p1a: Necrozma\n|-fieldstart|move: Trick Room|[of] p1a: Necrozma\n|\n|-weather|DesolateLand|[upkeep]\n|-heal|p1a: Necrozma|88\/100 brn|[from] item: Leftovers\n|-damage|p1a: Necrozma|82\/100 brn|[from] brn\n|upkeep\n|turn|29\n|\n|t:|1698845033\n|move|p1a: Necrozma|Sunsteel Strike|p2a: Groudon\n|-resisted|p2a: Groudon\n|-damage|p2a: Groudon|67\/100\n|move|p2a: Groudon|Earthquake|p1a: Necrozma\n|-supereffective|p1a: Necrozma\n|-damage|p1a: Necrozma|28\/100 brn\n|\n|-weather|DesolateLand|[upkeep]\n|-heal|p1a: Necrozma|34\/100 brn|[from] item: Leftovers\n|-damage|p1a: Necrozma|28\/100 brn|[from] brn\n|upkeep\n|turn|30\n|j| yahhhhhhhh\n|\n|t:|1698845049\n|move|p1a: Necrozma|Moonlight|p1a: Necrozma\n|-heal|p1a: Necrozma|94\/100 brn\n|move|p2a: Groudon|Earthquake|p1a: Necrozma\n|-supereffective|p1a: Necrozma\n|-crit|p1a: Necrozma\n|-damage|p1a: Necrozma|6\/100 brn\n|\n|-weather|DesolateLand|[upkeep]\n|-heal|p1a: Necrozma|12\/100 brn|[from] item: Leftovers\n|-damage|p1a: Necrozma|6\/100 brn|[from] brn\n|upkeep\n|turn|31\n|\n|t:|1698845059\n|move|p1a: Necrozma|Moonlight|p1a: Necrozma\n|-heal|p1a: Necrozma|73\/100 brn\n|move|p2a: Groudon|Earthquake|p1a: Necrozma\n|-supereffective|p1a: Necrozma\n|-damage|p1a: Necrozma|14\/100 brn\n|\n|-weather|DesolateLand|[upkeep]\n|-heal|p1a: Necrozma|20\/100 brn|[from] item: Leftovers\n|-damage|p1a: Necrozma|14\/100 brn|[from] brn\n|upkeep\n|turn|32\n|\n|t:|1698845069\n|move|p1a: Necrozma|Moonlight|p1a: Necrozma\n|-heal|p1a: Necrozma|80\/100 brn\n|move|p2a: Groudon|Roar|p1a: Necrozma\n|drag|p1a: Zacian|Zacian-Crowned|100\/100\n|-damage|p1a: Zacian|94\/100|[from] Stealth Rock\n|-ability|p1a: Zacian|Intrepid Sword|boost\n|-boost|p1a: Zacian|atk|1\n|\n|-weather|DesolateLand|[upkeep]\n|-fieldend|move: Trick Room\n|upkeep\n|turn|33\n|\n|t:|1698845081\n|-terastallize|p1a: Zacian|Ground\n|move|p1a: Zacian|Tera Blast|p2a: Groudon|[anim] Tera Blast Ground\n|-supereffective|p2a: Groudon\n|-damage|p2a: Groudon|0 fnt\n|faint|p2a: Groudon\n|-weather|none\n|\n|upkeep\n|\n|t:|1698845088\n|switch|p2a: Kyogre|Kyogre-Primal|100\/100\n|-damage|p2a: Kyogre|88\/100|[from] Stealth Rock\n|-weather|PrimordialSea|[from] ability: Primordial Sea|[of] p2a: Kyogre\n|turn|34\n|\n|t:|1698845097\n|move|p1a: Zacian|Close Combat|p2a: Kyogre\n|-damage|p2a: Kyogre|26\/100\n|-unboost|p1a: Zacian|def|1\n|-unboost|p1a: Zacian|spd|1\n|move|p2a: Kyogre|Ice Beam|p1a: Zacian\n|-supereffective|p1a: Zacian\n|-damage|p1a: Zacian|0 fnt\n|faint|p1a: Zacian\n|\n|-weather|PrimordialSea|[upkeep]\n|upkeep\n|\n|t:|1698845107\n|switch|p1a: Groudon|Groudon-Primal|62\/100\n|-damage|p1a: Groudon|49\/100|[from] Stealth Rock\n|-weather|DesolateLand|[from] ability: Desolate Land|[of] p1a: Groudon\n|turn|35\n|\n|t:|1698845113\n|move|p2a: Kyogre|Ice Beam|p1a: Groudon\n|-damage|p1a: Groudon|6\/100\n|move|p1a: Groudon|Earthquake|p2a: Kyogre\n|-damage|p2a: Kyogre|0 fnt\n|faint|p2a: Kyogre\n|\n|-weather|DesolateLand|[upkeep]\n|upkeep\n|\n|t:|1698845120\n|switch|p2a: Zekrom|Zekrom|100\/100\n|-damage|p2a: Zekrom|88\/100|[from] Stealth Rock\n|-ability|p2a: Zekrom|Teravolt\n|turn|36\n|\n|t:|1698845126\n|move|p2a: Zekrom|Dragon Claw|p1a: Groudon\n|-damage|p1a: Groudon|0 fnt\n|faint|p1a: Groudon\n|-weather|none\n|\n|upkeep\n|\n|t:|1698845132\n|switch|p1a: Tapu Lele|Tapu Lele|88\/100\n|-damage|p1a: Tapu Lele|76\/100|[from] Stealth Rock\n|-fieldstart|move: Psychic Terrain|[from] ability: Psychic Surge|[of] p1a: Tapu Lele\n|turn|37\n|\n|t:|1698845149\n|switch|p1a: Yveltal|Yveltal|21\/100\n|-damage|p1a: Yveltal|0 fnt|[from] Stealth Rock\n|faint|p1a: Yveltal\n|switch|p2a: Blissey|Blissey, F, shiny|100\/100\n|-damage|p2a: Blissey|88\/100|[from] Stealth Rock\n|\n|-heal|p2a: Blissey|94\/100|[from] item: Leftovers\n|upkeep\n|\n|t:|1698845159\n|switch|p1a: Calyrex|Calyrex-Ice|100\/100\n|-ability|p1a: Calyrex|As One\n|-ability|p1a: Calyrex|Unnerve\n|turn|38\n|\n|t:|1698845166\n|move|p2a: Blissey|Toxic|p1a: Calyrex\n|-status|p1a: Calyrex|tox\n|move|p1a: Calyrex|Close Combat|p2a: Blissey\n|-supereffective|p2a: Blissey\n|-damage|p2a: Blissey|0 fnt\n|-unboost|p1a: Calyrex|def|1\n|-unboost|p1a: Calyrex|spd|1\n|faint|p2a: Blissey\n|-ability|p1a: Calyrex|Chilling Neigh|boost\n|-boost|p1a: Calyrex|atk|1\n|\n|-damage|p1a: Calyrex|94\/100 tox|[from] psn\n|upkeep\n|\n|t:|1698845172\n|switch|p2a: Dondizzy|Dondozo, M, shiny|83\/100 slp\n|-damage|p2a: Dondizzy|70\/100 slp|[from] Stealth Rock\n|turn|39\n|\n|t:|1698845182\n|switch|p1a: Tapu Lele|Tapu Lele|76\/100\n|-damage|p1a: Tapu Lele|63\/100|[from] Stealth Rock\n|-curestatus|p2a: Dondizzy|slp|[msg]\n|move|p2a: Dondizzy|Curse|p2a: Dondizzy\n|-unboost|p2a: Dondizzy|spe|1\n|-boost|p2a: Dondizzy|atk|1\n|-boost|p2a: Dondizzy|def|1\n|\n|-heal|p2a: Dondizzy|76\/100|[from] item: Leftovers\n|upkeep\n|turn|40\n|\n|t:|1698845194\n|move|p1a: Tapu Lele|Thunderbolt|p2a: Dondizzy\n|-supereffective|p2a: Dondizzy\n|-damage|p2a: Dondizzy|14\/100\n|move|p2a: Dondizzy|Liquidation|p1a: Tapu Lele\n|-damage|p1a: Tapu Lele|1\/100\n|\n|-heal|p2a: Dondizzy|21\/100|[from] item: Leftovers\n|upkeep\n|turn|41\n|\n|t:|1698845203\n|switch|p2a: Zekrom|Zekrom|88\/100\n|-damage|p2a: Zekrom|76\/100|[from] Stealth Rock\n|-ability|p2a: Zekrom|Teravolt\n|move|p1a: Tapu Lele|Thunderbolt|p2a: Zekrom\n|-resisted|p2a: Zekrom\n|-damage|p2a: Zekrom|68\/100\n|\n|-fieldend|move: Psychic Terrain\n|upkeep\n|turn|42\n|\n|t:|1698845217\n|switch|p1a: Calyrex|Calyrex-Ice|94\/100 tox\n|-ability|p1a: Calyrex|As One\n|-ability|p1a: Calyrex|Unnerve\n|move|p2a: Zekrom|Dragon Dance|p2a: Zekrom\n|-boost|p2a: Zekrom|atk|1\n|-boost|p2a: Zekrom|spe|1\n|\n|-damage|p1a: Calyrex|88\/100 tox|[from] psn\n|upkeep\n|turn|43\n|\n|t:|1698845230\n|-terastallize|p2a: Zekrom|Fairy\n|move|p2a: Zekrom|Roost|p2a: Zekrom\n|-heal|p2a: Zekrom|100\/100\n|move|p1a: Calyrex|Glacial Lance|p2a: Zekrom\n|-damage|p2a: Zekrom|31\/100\n|\n|-damage|p1a: Calyrex|76\/100 tox|[from] psn\n|upkeep\n|turn|44\n|\n|t:|1698845247\n|move|p2a: Zekrom|Roost|p2a: Zekrom\n|-heal|p2a: Zekrom|81\/100\n|move|p1a: Calyrex|Glacial Lance|p2a: Zekrom\n|-damage|p2a: Zekrom|10\/100\n|\n|-damage|p1a: Calyrex|57\/100 tox|[from] psn\n|upkeep\n|turn|45\n|\n|t:|1698845256\n|switch|p1a: Tapu Lele|Tapu Lele|1\/100\n|-damage|p1a: Tapu Lele|0 fnt|[from] Stealth Rock\n|faint|p1a: Tapu Lele\n|move|p2a: Zekrom|Bolt Strike|p1: Tapu Lele|[notarget]\n|-fail|p2a: Zekrom\n|\n|upkeep\n|\n|t:|1698845264\n|switch|p1a: Necrozma|Necrozma-Dusk-Mane|80\/100 brn\n|-damage|p1a: Necrozma|74\/100 brn|[from] Stealth Rock\n|turn|46\n|\n|t:|1698845270\n|move|p2a: Zekrom|Bolt Strike|p1a: Necrozma\n|-damage|p1a: Necrozma|16\/100 brn\n|move|p1a: Necrozma|Sunsteel Strike|p2a: Zekrom\n|-supereffective|p2a: Zekrom\n|-damage|p2a: Zekrom|0 fnt\n|faint|p2a: Zekrom\n|\n|-heal|p1a: Necrozma|22\/100 brn|[from] item: Leftovers\n|-damage|p1a: Necrozma|16\/100 brn|[from] brn\n|upkeep\n|\n|t:|1698845275\n|switch|p2a: Dondizzy|Dondozo, M, shiny|21\/100\n|-damage|p2a: Dondizzy|8\/100|[from] Stealth Rock\n|turn|47\n|\n|t:|1698845285\n|move|p1a: Necrozma|Sunsteel Strike|p2a: Dondizzy\n|-resisted|p2a: Dondizzy\n|-damage|p2a: Dondizzy|2\/100\n|move|p2a: Dondizzy|Rest|p2a: Dondizzy\n|-status|p2a: Dondizzy|slp|[from] move: Rest\n|-heal|p2a: Dondizzy|100\/100 slp|[silent]\n|\n|-heal|p1a: Necrozma|22\/100 brn|[from] item: Leftovers\n|-damage|p1a: Necrozma|16\/100 brn|[from] brn\n|upkeep\n|turn|48\n|\n|t:|1698845298\n|switch|p1a: Calyrex|Calyrex-Ice|57\/100 tox\n|-ability|p1a: Calyrex|As One\n|-ability|p1a: Calyrex|Unnerve\n|cant|p2a: Dondizzy|slp\n|\n|-damage|p1a: Calyrex|51\/100 tox|[from] psn\n|upkeep\n|turn|49\n|\n|t:|1698845310\n|move|p1a: Calyrex|Close Combat|p2a: Dondizzy\n|-damage|p2a: Dondizzy|75\/100 slp\n|-unboost|p1a: Calyrex|def|1\n|-unboost|p1a: Calyrex|spd|1\n|cant|p2a: Dondizzy|slp\n|\n|-heal|p2a: Dondizzy|81\/100 slp|[from] item: Leftovers\n|-damage|p1a: Calyrex|38\/100 tox|[from] psn\n|upkeep\n|turn|50\n|\n|t:|1698845322\n|move|p1a: Calyrex|Close Combat|p2a: Dondizzy\n|-damage|p2a: Dondizzy|57\/100 slp\n|-unboost|p1a: Calyrex|def|1\n|-unboost|p1a: Calyrex|spd|1\n|-curestatus|p2a: Dondizzy|slp|[msg]\n|move|p2a: Dondizzy|Curse|p2a: Dondizzy\n|-unboost|p2a: Dondizzy|spe|1\n|-boost|p2a: Dondizzy|atk|1\n|-boost|p2a: Dondizzy|def|1\n|\n|-heal|p2a: Dondizzy|63\/100|[from] item: Leftovers\n|-damage|p1a: Calyrex|20\/100 tox|[from] psn\n|upkeep\n|turn|51\n|\n|t:|1698845335\n|move|p1a: Calyrex|Close Combat|p2a: Dondizzy\n|-damage|p2a: Dondizzy|48\/100\n|-unboost|p1a: Calyrex|def|1\n|-unboost|p1a: Calyrex|spd|1\n|move|p2a: Dondizzy|Liquidation|p1a: Calyrex\n|-damage|p1a: Calyrex|0 fnt\n|faint|p1a: Calyrex\n|\n|-heal|p2a: Dondizzy|54\/100|[from] item: Leftovers\n|upkeep\n|\n|t:|1698845346\n|switch|p1a: Necrozma|Necrozma-Dusk-Mane|16\/100 brn\n|-damage|p1a: Necrozma|10\/100 brn|[from] Stealth Rock\n|turn|52\n|inactive|heavylever has 120 seconds left.\n|\n|t:|1698845381\n|move|p1a: Necrozma|Moonlight|p1a: Necrozma\n|-heal|p1a: Necrozma|60\/100 brn\n|move|p2a: Dondizzy|Liquidation|p1a: Necrozma\n|-damage|p1a: Necrozma|36\/100 brn\n|\n|-heal|p1a: Necrozma|42\/100 brn|[from] item: Leftovers\n|-heal|p2a: Dondizzy|60\/100|[from] item: Leftovers\n|-damage|p1a: Necrozma|36\/100 brn|[from] brn\n|upkeep\n|turn|53\n|inactive|heavylever has 120 seconds left.\n|\n|t:|1698845394\n|move|p1a: Necrozma|Moonlight|p1a: Necrozma\n|-heal|p1a: Necrozma|86\/100 brn\n|move|p2a: Dondizzy|Curse|p2a: Dondizzy\n|-unboost|p2a: Dondizzy|spe|1\n|-boost|p2a: Dondizzy|atk|1\n|-boost|p2a: Dondizzy|def|1\n|\n|-heal|p1a: Necrozma|92\/100 brn|[from] item: Leftovers\n|-heal|p2a: Dondizzy|66\/100|[from] item: Leftovers\n|-damage|p1a: Necrozma|86\/100 brn|[from] brn\n|upkeep\n|turn|54\n|\n|t:|1698845406\n|move|p1a: Necrozma|Sunsteel Strike|p2a: Dondizzy\n|-resisted|p2a: Dondizzy\n|-damage|p2a: Dondizzy|63\/100\n|move|p2a: Dondizzy|Curse|p2a: Dondizzy\n|-unboost|p2a: Dondizzy|spe|1\n|-boost|p2a: Dondizzy|atk|1\n|-boost|p2a: Dondizzy|def|1\n|\n|-heal|p1a: Necrozma|92\/100 brn|[from] item: Leftovers\n|-heal|p2a: Dondizzy|70\/100|[from] item: Leftovers\n|-damage|p1a: Necrozma|86\/100 brn|[from] brn\n|upkeep\n|turn|55\n|\n|t:|1698845419\n|move|p1a: Necrozma|Sunsteel Strike|p2a: Dondizzy\n|-resisted|p2a: Dondizzy\n|-damage|p2a: Dondizzy|67\/100\n|move|p2a: Dondizzy|Curse|p2a: Dondizzy\n|-unboost|p2a: Dondizzy|spe|1\n|-boost|p2a: Dondizzy|atk|1\n|-boost|p2a: Dondizzy|def|1\n|\n|-heal|p1a: Necrozma|92\/100 brn|[from] item: Leftovers\n|-heal|p2a: Dondizzy|74\/100|[from] item: Leftovers\n|-damage|p1a: Necrozma|86\/100 brn|[from] brn\n|upkeep\n|turn|56\n|\n|t:|1698845445\n|move|p1a: Necrozma|Sunsteel Strike|p2a: Dondizzy\n|-resisted|p2a: Dondizzy\n|-damage|p2a: Dondizzy|72\/100\n|move|p2a: Dondizzy|Curse|p2a: Dondizzy\n|-unboost|p2a: Dondizzy|spe|1\n|-boost|p2a: Dondizzy|atk|1\n|-boost|p2a: Dondizzy|def|1\n|\n|-heal|p1a: Necrozma|92\/100 brn|[from] item: Leftovers\n|-heal|p2a: Dondizzy|78\/100|[from] item: Leftovers\n|-damage|p1a: Necrozma|86\/100 brn|[from] brn\n|upkeep\n|turn|57\n|\n|t:|1698845460\n|move|p2a: Dondizzy|Curse|p2a: Dondizzy\n|-unboost|p2a: Dondizzy|spe|1\n|-boost|p2a: Dondizzy|atk|1\n|-boost|p2a: Dondizzy|def|1\n|move|p1a: Necrozma|Trick Room|p1a: Necrozma\n|-fieldstart|move: Trick Room|[of] p1a: Necrozma\n|\n|-heal|p2a: Dondizzy|84\/100|[from] item: Leftovers\n|-heal|p1a: Necrozma|92\/100 brn|[from] item: Leftovers\n|-damage|p1a: Necrozma|86\/100 brn|[from] brn\n|upkeep\n|turn|58\n|\n|t:|1698845471\n|move|p2a: Dondizzy|Rest|p2a: Dondizzy\n|-status|p2a: Dondizzy|slp|[from] move: Rest\n|-heal|p2a: Dondizzy|100\/100 slp|[silent]\n|move|p1a: Necrozma|Trick Room|p1a: Necrozma\n|-fieldend|move: Trick Room\n|\n|-heal|p1a: Necrozma|92\/100 brn|[from] item: Leftovers\n|-damage|p1a: Necrozma|86\/100 brn|[from] brn\n|upkeep\n|turn|59\n|\n|t:|1698845481\n|cant|p2a: Dondizzy|slp\n|move|p1a: Necrozma|Trick Room|p1a: Necrozma\n|-fieldstart|move: Trick Room|[of] p1a: Necrozma\n|\n|-heal|p1a: Necrozma|92\/100 brn|[from] item: Leftovers\n|-damage|p1a: Necrozma|86\/100 brn|[from] brn\n|upkeep\n|turn|60\n|\n|t:|1698845488\n|cant|p2a: Dondizzy|slp\n|move|p1a: Necrozma|Trick Room|p1a: Necrozma\n|-fieldend|move: Trick Room\n|\n|-heal|p1a: Necrozma|92\/100 brn|[from] item: Leftovers\n|-damage|p1a: Necrozma|86\/100 brn|[from] brn\n|upkeep\n|turn|61\n|\n|t:|1698845495\n|-curestatus|p2a: Dondizzy|slp|[msg]\n|move|p2a: Dondizzy|Rest|p2a: Dondizzy\n|-fail|p2a: Dondizzy|heal\n|move|p1a: Necrozma|Trick Room|p1a: Necrozma\n|-fieldstart|move: Trick Room|[of] p1a: Necrozma\n|\n|-heal|p1a: Necrozma|92\/100 brn|[from] item: Leftovers\n|-damage|p1a: Necrozma|86\/100 brn|[from] brn\n|upkeep\n|turn|62\n|c|\u2606tootmimi|Why don\u2019t you attack?\n|\n|t:|1698845509\n|move|p2a: Dondizzy|Rest|p2a: Dondizzy\n|-fail|p2a: Dondizzy|heal\n|move|p1a: Necrozma|Trick Room|p1a: Necrozma\n|-fieldend|move: Trick Room\n|\n|-heal|p1a: Necrozma|92\/100 brn|[from] item: Leftovers\n|-damage|p1a: Necrozma|86\/100 brn|[from] brn\n|upkeep\n|turn|63\n|c|\u2606heavylever|dondozo is tired\n|\n|t:|1698845526\n|move|p1a: Necrozma|Stealth Rock||[still]\n|-fail|p1a: Necrozma\n|move|p2a: Dondizzy|Rest|p2a: Dondizzy\n|-fail|p2a: Dondizzy|heal\n|\n|-heal|p1a: Necrozma|92\/100 brn|[from] item: Leftovers\n|-damage|p1a: Necrozma|86\/100 brn|[from] brn\n|upkeep\n|turn|64\n|\n|t:|1698845537\n|move|p1a: Necrozma|Stealth Rock||[still]\n|-fail|p1a: Necrozma\n|move|p2a: Dondizzy|Rest|p2a: Dondizzy\n|-fail|p2a: Dondizzy|heal\n|\n|-heal|p1a: Necrozma|92\/100 brn|[from] item: Leftovers\n|-damage|p1a: Necrozma|86\/100 brn|[from] brn\n|upkeep\n|turn|65\n|c|\u2606tootmimi|Lol\n|\n|t:|1698845547\n|move|p1a: Necrozma|Stealth Rock||[still]\n|-fail|p1a: Necrozma\n|move|p2a: Dondizzy|Curse|p2a: Dondizzy\n|\n|-heal|p1a: Necrozma|92\/100 brn|[from] item: Leftovers\n|-damage|p1a: Necrozma|86\/100 brn|[from] brn\n|upkeep\n|turn|66\n|c|\u2606tootmimi|29 pp left\n|\n|t:|1698845555\n|move|p1a: Necrozma|Stealth Rock||[still]\n|-fail|p1a: Necrozma\n|move|p2a: Dondizzy|Curse|p2a: Dondizzy\n|\n|-heal|p1a: Necrozma|92\/100 brn|[from] item: Leftovers\n|-damage|p1a: Necrozma|86\/100 brn|[from] brn\n|upkeep\n|turn|67\n|\n|t:|1698845564\n|move|p1a: Necrozma|Stealth Rock||[still]\n|-fail|p1a: Necrozma\n|move|p2a: Dondizzy|Curse|p2a: Dondizzy\n|\n|-heal|p1a: Necrozma|92\/100 brn|[from] item: Leftovers\n|-damage|p1a: Necrozma|86\/100 brn|[from] brn\n|upkeep\n|turn|68\n|\n|t:|1698845578\n|move|p1a: Necrozma|Stealth Rock||[still]\n|-fail|p1a: Necrozma\n|move|p2a: Dondizzy|Curse|p2a: Dondizzy\n|\n|-heal|p1a: Necrozma|92\/100 brn|[from] item: Leftovers\n|-damage|p1a: Necrozma|86\/100 brn|[from] brn\n|upkeep\n|turn|69\n|\n|t:|1698845585\n|move|p1a: Necrozma|Stealth Rock||[still]\n|-fail|p1a: Necrozma\n|move|p2a: Dondizzy|Liquidation|p1a: Necrozma\n|-damage|p1a: Necrozma|23\/100 brn\n|\n|-heal|p1a: Necrozma|29\/100 brn|[from] item: Leftovers\n|-damage|p1a: Necrozma|23\/100 brn|[from] brn\n|upkeep\n|turn|70\n|\n|t:|1698845606\n|move|p1a: Necrozma|Stealth Rock||[still]\n|-fail|p1a: Necrozma\n|move|p2a: Dondizzy|Curse|p2a: Dondizzy\n|\n|-heal|p1a: Necrozma|29\/100 brn|[from] item: Leftovers\n|-damage|p1a: Necrozma|23\/100 brn|[from] brn\n|upkeep\n|turn|71\n|\n|t:|1698845614\n|move|p1a: Necrozma|Stealth Rock||[still]\n|-fail|p1a: Necrozma\n|move|p2a: Dondizzy|Curse|p2a: Dondizzy\n|\n|-heal|p1a: Necrozma|29\/100 brn|[from] item: Leftovers\n|-damage|p1a: Necrozma|23\/100 brn|[from] brn\n|upkeep\n|turn|72\n|\n|t:|1698845622\n|move|p1a: Necrozma|Stealth Rock||[still]\n|-fail|p1a: Necrozma\n|move|p2a: Dondizzy|Curse|p2a: Dondizzy\n|\n|-heal|p1a: Necrozma|29\/100 brn|[from] item: Leftovers\n|-damage|p1a: Necrozma|23\/100 brn|[from] brn\n|upkeep\n|turn|73\n|\n|t:|1698845629\n|move|p1a: Necrozma|Stealth Rock||[still]\n|-fail|p1a: Necrozma\n|move|p2a: Dondizzy|Curse|p2a: Dondizzy\n|\n|-heal|p1a: Necrozma|29\/100 brn|[from] item: Leftovers\n|-damage|p1a: Necrozma|23\/100 brn|[from] brn\n|upkeep\n|turn|74\n|\n|t:|1698845637\n|move|p1a: Necrozma|Stealth Rock||[still]\n|-fail|p1a: Necrozma\n|move|p2a: Dondizzy|Curse|p2a: Dondizzy\n|\n|-heal|p1a: Necrozma|29\/100 brn|[from] item: Leftovers\n|-damage|p1a: Necrozma|23\/100 brn|[from] brn\n|upkeep\n|turn|75\n|c|\u2606tootmimi|He should take some coffee\u2026\n|\n|t:|1698845649\n|move|p1a: Necrozma|Stealth Rock||[still]\n|-fail|p1a: Necrozma\n|move|p2a: Dondizzy|Rest|p2a: Dondizzy\n|-fail|p2a: Dondizzy|heal\n|\n|-heal|p1a: Necrozma|29\/100 brn|[from] item: Leftovers\n|-damage|p1a: Necrozma|23\/100 brn|[from] brn\n|upkeep\n|turn|76\n|c|\u2606heavylever|youre right\n|c|\u2606heavylever|ill give him his caffeine fix\n|\n|t:|1698845664\n|move|p1a: Necrozma|Stealth Rock||[still]\n|-fail|p1a: Necrozma\n|move|p2a: Dondizzy|Body Press|p1a: Necrozma\n|-damage|p1a: Necrozma|0 fnt\n|faint|p1a: Necrozma\n|\n|win|heavylever\n|raw|tootmimi's rating: 1615 &rarr; <strong>1599<\/strong><br \/>(-16 for losing)\n|raw|heavylever's rating: 1692 &rarr; <strong>1708<\/strong><br \/>(+16 for winning)\n|c|\u2606tootmimi|Ah thx\n|c|\u2606heavylever|gg\n|c|\u2606tootmimi|Gg\n|l|\u2606tootmimi\n|l|\u2606heavylever\n","uploadtime":1698845672,"views":7,"p1id":"tootmimi","p2id":"heavylever","formatid":"gen9nationaldexubers","rating":1599,"private":0,"password":""}