{"id":"gen9nationaldexubers-1978634138","p1":"700club","p2":"flappy x","format":"[Gen 9] National Dex Ubers","log":"|j|\u2606700club\n|j|\u2606flappy x\n|t:|1698571442\n|gametype|singles\n|player|p1|700club|shadowtriad|1168\n|player|p2|flappy x|benga|1454\n|teamsize|p1|6\n|teamsize|p2|6\n|gen|9\n|tier|[Gen 9] National Dex Ubers\n|rated|\n|rule|HP Percentage Mod: HP is shown in percentages\n|rule|Endless Battle Clause: Forcing endless battles is banned\n|rule|OHKO Clause: OHKO moves are banned\n|rule|Evasion Moves Clause: Evasion moves are banned\n|rule|Evasion Items Clause: Evasion items are banned\n|rule|Species Clause: Limit one of each Pok\u00e9mon\n|rule|Sleep Clause Mod: Limit one foe put to sleep\n|rule|Mega Rayquaza Clause: You cannot mega evolve Rayquaza\n|clearpoke\n|poke|p1|Liepard, M|\n|poke|p1|Ho-Oh|\n|poke|p1|Smeargle, M|\n|poke|p1|Arceus-Fire|\n|poke|p1|Toxapex, M|\n|poke|p1|Ditto|\n|poke|p2|Salamence, F|\n|poke|p2|Necrozma-Dusk-Mane|\n|poke|p2|Eternatus|\n|poke|p2|Ditto|\n|poke|p2|Groudon|\n|poke|p2|Porygon2|\n|teampreview\n|c|\u2606700club|hi\n|\n|t:|1698571452\n|start\n|switch|p1a: Liepard|Liepard, M|100\/100\n|switch|p2a: Groudon|Groudon|100\/100\n|detailschange|p2a: Groudon|Groudon-Primal\n|-primal|p2a: Groudon|Red Orb\n|-weather|DesolateLand|[from] ability: Desolate Land|[of] p2a: Groudon\n|turn|1\n|\n|t:|1698571474\n|move|p1a: Liepard|U-turn|p2a: Groudon\n|-resisted|p2a: Groudon\n|-damage|p2a: Groudon|95\/100\n|\n|t:|1698571477\n|switch|p1a: Ho-Oh|Ho-Oh|100\/100|[from] U-turn\n|move|p2a: Groudon|Stealth Rock|p1a: Ho-Oh\n|-sidestart|p1: 700club|move: Stealth Rock\n|\n|-weather|DesolateLand|[upkeep]\n|upkeep\n|turn|2\n|\n|t:|1698571486\n|move|p2a: Groudon|Stone Edge|p1a: Ho-Oh\n|-supereffective|p1a: Ho-Oh\n|-damage|p1a: Ho-Oh|0 fnt\n|faint|p1a: Ho-Oh\n|\n|-weather|DesolateLand|[upkeep]\n|upkeep\n|\n|t:|1698571499\n|switch|p1a: Ditto|Ditto|100\/100\n|-damage|p1a: Ditto|88\/100|[from] Stealth Rock\n|-transform|p1a: Ditto|p2a: Groudon|[from] ability: Imposter\n|turn|3\n|\n|t:|1698571512\n|switch|p2a: Salamence|Salamence, F|100\/100\n|move|p1a: Ditto|Stealth Rock|p2a: Salamence\n|-sidestart|p2: flappy x|move: Stealth Rock\n|\n|-weather|DesolateLand|[upkeep]\n|upkeep\n|turn|4\n|\n|t:|1698571531\n|-weather|none\n|switch|p1a: Arceus|Arceus-Fire|100\/100\n|-damage|p1a: Arceus|76\/100|[from] Stealth Rock\n|detailschange|p2a: Salamence|Salamence-Mega, F\n|-mega|p2a: Salamence|Salamence|Salamencite\n|move|p2a: Salamence|Dragon Dance|p2a: Salamence\n|-boost|p2a: Salamence|atk|1\n|-boost|p2a: Salamence|spe|1\n|\n|upkeep\n|turn|5\n|\n|t:|1698571540\n|move|p2a: Salamence|Earthquake|p1a: Arceus\n|-supereffective|p1a: Arceus\n|-damage|p1a: Arceus|0 fnt\n|faint|p1a: Arceus\n|\n|upkeep\n|\n|t:|1698571549\n|switch|p1a: Ditto|Ditto|88\/100\n|-damage|p1a: Ditto|76\/100|[from] Stealth Rock\n|-transform|p1a: Ditto|p2a: Salamence|[from] ability: Imposter\n|turn|6\n|\n|t:|1698571579\n|-terastallize|p1a: Ditto|Fairy\n|move|p1a: Ditto|Dragon Claw|p2a: Salamence\n|-supereffective|p2a: Salamence\n|-crit|p2a: Salamence\n|-damage|p2a: Salamence|0 fnt\n|faint|p2a: Salamence\n|\n|upkeep\n|\n|t:|1698571586\n|switch|p2a: Necrozma|Necrozma-Dusk-Mane|100\/100\n|-damage|p2a: Necrozma|95\/100|[from] Stealth Rock\n|turn|7\n|\n|t:|1698571618\n|move|p1a: Ditto|Dragon Claw|p2a: Necrozma\n|-resisted|p2a: Necrozma\n|-damage|p2a: Necrozma|62\/100\n|move|p2a: Necrozma|Dragon Dance|p2a: Necrozma\n|-boost|p2a: Necrozma|atk|1\n|-boost|p2a: Necrozma|spe|1\n|\n|upkeep\n|turn|8\n|\n|t:|1698571627\n|switch|p1a: Toxapex|Toxapex, M|100\/100\n|-damage|p1a: Toxapex|88\/100|[from] Stealth Rock\n|move|p2a: Necrozma|Sunsteel Strike|p1a: Toxapex\n|-resisted|p1a: Toxapex\n|-damage|p1a: Toxapex|58\/100\n|-damage|p2a: Necrozma|46\/100|[from] item: Rocky Helmet|[of] p1a: Toxapex\n|\n|upkeep\n|turn|9\n|\n|t:|1698571637\n|move|p2a: Necrozma|Photon Geyser|p1a: Toxapex\n|-supereffective|p1a: Toxapex\n|-damage|p1a: Toxapex|0 fnt\n|faint|p1a: Toxapex\n|\n|upkeep\n|\n|t:|1698571653\n|switch|p1a: Ditto|Ditto, tera:Fairy|76\/100\n|-damage|p1a: Ditto|63\/100|[from] Stealth Rock\n|-transform|p1a: Ditto|p2a: Necrozma|[from] ability: Imposter\n|turn|10\n|\n|t:|1698571668\n|detailschange|p2a: Necrozma|Necrozma-Ultra\n|-burst|p2a: Necrozma|Necrozma|Ultranecrozium Z\n|move|p1a: Ditto|Earthquake|p2a: Necrozma\n|-damage|p2a: Necrozma|0 fnt\n|faint|p2a: Necrozma\n|\n|upkeep\n|\n|t:|1698571677\n|switch|p2a: Porygon2|Porygon2|100\/100\n|-damage|p2a: Porygon2|88\/100|[from] Stealth Rock\n|turn|11\n|\n|t:|1698571681\n|move|p1a: Ditto|Earthquake|p2a: Porygon2\n|-damage|p2a: Porygon2|42\/100\n|move|p2a: Porygon2|Tri Attack|p1a: Ditto\n|-damage|p1a: Ditto|19\/100\n|\n|upkeep\n|turn|12\n|\n|t:|1698571688\n|move|p1a: Ditto|Earthquake|p2a: Porygon2\n|-damage|p2a: Porygon2|0 fnt\n|faint|p2a: Porygon2\n|\n|upkeep\n|\n|t:|1698571701\n|switch|p2a: Groudon|Groudon-Primal|95\/100\n|-damage|p2a: Groudon|82\/100|[from] Stealth Rock\n|-weather|DesolateLand|[from] ability: Desolate Land|[of] p2a: Groudon\n|turn|13\n|\n|t:|1698571706\n|move|p1a: Ditto|Earthquake|p2a: Groudon\n|-supereffective|p2a: Groudon\n|-damage|p2a: Groudon|0 fnt\n|faint|p2a: Groudon\n|-weather|none\n|\n|upkeep\n|\n|t:|1698571708\n|switch|p2a: Eternatus|Eternatus|100\/100\n|-damage|p2a: Eternatus|88\/100|[from] Stealth Rock\n|-ability|p2a: Eternatus|Pressure\n|turn|14\n|\n|t:|1698571717\n|move|p1a: Ditto|Earthquake|p2a: Eternatus\n|-supereffective|p2a: Eternatus\n|-damage|p2a: Eternatus|0 fnt\n|faint|p2a: Eternatus\n|\n|upkeep\n|\n|t:|1698571719\n|switch|p2a: Ditto|Ditto|100\/100\n|-damage|p2a: Ditto|88\/100|[from] Stealth Rock\n|turn|15\n|-message|flappy x forfeited.\n|\n|win|700club\n|raw|700club's rating: 1168 &rarr; <strong>1210<\/strong><br \/>(+42 for winning)\n|raw|flappy x's rating: 1454 &rarr; <strong>1420<\/strong><br \/>(-34 for losing)\n|l|\u2606flappy x\n","uploadtime":1698571726,"views":16,"p1id":"700club","p2id":"flappyx","formatid":"gen9nationaldexubers","rating":1210,"private":0,"password":""}