{"id":"gen9nationaldexubers-1994054583","p1":"1 em trach thu","p2":"C0ld as Ice","format":"[Gen 9] National Dex Ubers","log":"|j|\u26061 em trach thu\n|j|\u2606C0ld as Ice\n|t:|1700400603\n|gametype|singles\n|player|p1|1 em trach thu|266|1595\n|player|p2|C0ld as Ice|supernerd|1894\n|teamsize|p1|6\n|teamsize|p2|6\n|gen|9\n|tier|[Gen 9] National Dex Ubers\n|rated|\n|rule|HP Percentage Mod: HP is shown in percentages\n|rule|Endless Battle Clause: Forcing endless battles is banned\n|rule|OHKO Clause: OHKO moves are banned\n|rule|Evasion Moves Clause: Evasion moves are banned\n|rule|Evasion Items Clause: Evasion items are banned\n|rule|Species Clause: Limit one of each Pok\u00e9mon\n|rule|Sleep Clause Mod: Limit one foe put to sleep\n|rule|Mega Rayquaza Clause: You cannot mega evolve Rayquaza\n|clearpoke\n|poke|p1|Ceruledge, M|\n|poke|p1|Yveltal|\n|poke|p1|Xerneas-*|\n|poke|p1|Deoxys-Attack|\n|poke|p1|Landorus, M|\n|poke|p1|Banette, F|\n|poke|p2|Marshadow|\n|poke|p2|Ho-Oh|\n|poke|p2|Necrozma-Dusk-Mane|\n|poke|p2|Groudon, L99|\n|poke|p2|Arceus-Ground|\n|poke|p2|Yveltal|\n|teampreview\n|inactive|Battle timer is ON: inactive players will automatically lose when time's up. (requested by C0ld as Ice)\n|inactive|1 em trach thu has 120 seconds left.\n|\n|t:|1700400653\n|start\n|switch|p1a: Deoxys|Deoxys-Attack|100\/100\n|switch|p2a: Necrozma|Necrozma-Dusk-Mane, shiny|100\/100\n|-ability|p1a: Deoxys|Pressure\n|turn|1\n|\n|t:|1700400665\n|switch|p1a: Banette|Banette, F|100\/100\n|-item|p2a: Necrozma|Solganium Z|[from] ability: Frisk|[of] p1a: Banette|[identify]\n|move|p2a: Necrozma|Rock Blast|p1a: Banette\n|-damage|p1a: Banette|91\/100\n|-damage|p1a: Banette|80\/100\n|-hitcount|p1a: Banette|2\n|\n|upkeep\n|turn|2\n|\n|t:|1700400680\n|switch|p2a: Yveltal|Yveltal, shiny|100\/100\n|-ability|p2a: Yveltal|Dark Aura\n|detailschange|p1a: Banette|Banette-Mega, F\n|-mega|p1a: Banette|Banette|Banettite\n|move|p1a: Banette|Knock Off|p2a: Yveltal\n|-resisted|p2a: Yveltal\n|-damage|p2a: Yveltal|85\/100\n|-enditem|p2a: Yveltal|Heavy-Duty Boots|[from] move: Knock Off|[of] p1a: Banette\n|\n|upkeep\n|turn|3\n|\n|t:|1700400690\n|switch|p1a: Xerneas|Xerneas|100\/100\n|-ability|p1a: Xerneas|Fairy Aura\n|move|p2a: Yveltal|U-turn|p1a: Xerneas\n|-resisted|p1a: Xerneas\n|-damage|p1a: Xerneas|93\/100\n|\n|t:|1700400701\n|switch|p2a: Ho-Oh|Ho-Oh, shiny|100\/100|[from] U-turn\n|\n|upkeep\n|turn|4\n|\n|t:|1700400715\n|switch|p1a: Deoxys|Deoxys-Attack|100\/100\n|-ability|p1a: Deoxys|Pressure\n|move|p2a: Ho-Oh|Sacred Fire|p1a: Deoxys\n|-enditem|p1a: Deoxys|Focus Sash\n|-damage|p1a: Deoxys|1\/100\n|-status|p1a: Deoxys|brn\n|\n|-damage|p1a: Deoxys|0 fnt|[from] brn\n|faint|p1a: Deoxys\n|upkeep\n|\n|t:|1700400735\n|switch|p1a: Yveltal|Yveltal|100\/100\n|-ability|p1a: Yveltal|Dark Aura\n|turn|5\n|\n|t:|1700400743\n|switch|p2a: Arceus|Arceus-Ground, shiny|100\/100\n|move|p1a: Yveltal|Dark Pulse|p2a: Arceus\n|-damage|p2a: Arceus|61\/100\n|\n|upkeep\n|turn|6\n|\n|t:|1700400754\n|switch|p1a: Landorus|Landorus, M|100\/100\n|move|p2a: Arceus|Recover|p2a: Arceus\n|-heal|p2a: Arceus|100\/100\n|\n|upkeep\n|turn|7\n|\n|t:|1700400761\n|move|p1a: Landorus|Earth Power|p2a: Arceus\n|-damage|p2a: Arceus|56\/100\n|move|p2a: Arceus|Calm Mind|p2a: Arceus\n|-boost|p2a: Arceus|spa|1\n|-boost|p2a: Arceus|spd|1\n|\n|upkeep\n|turn|8\n|\n|t:|1700400769\n|switch|p1a: Banette|Banette-Mega, F|80\/100\n|move|p2a: Arceus|Recover|p2a: Arceus\n|-heal|p2a: Arceus|100\/100\n|\n|upkeep\n|turn|9\n|\n|t:|1700400781\n|move|p1a: Banette|Encore|p2a: Arceus\n|-start|p2a: Arceus|Encore\n|move|p2a: Arceus|Recover||[still]\n|-fail|p2a: Arceus|heal\n|\n|upkeep\n|turn|10\n|\n|t:|1700400792\n|switch|p2a: Groudon|Groudon, L99, shiny|100\/100\n|detailschange|p2a: Groudon|Groudon-Primal, L99, shiny\n|-primal|p2a: Groudon|Red Orb\n|-weather|DesolateLand|[from] ability: Desolate Land|[of] p2a: Groudon\n|switch|p1a: Yveltal|Yveltal|100\/100\n|-ability|p1a: Yveltal|Dark Aura\n|\n|-weather|DesolateLand|[upkeep]\n|upkeep\n|turn|11\n|\n|t:|1700400804\n|switch|p1a: Landorus|Landorus, M|100\/100\n|-weather|none\n|switch|p2a: Ho-Oh|Ho-Oh, shiny|100\/100\n|\n|upkeep\n|turn|12\n|\n|t:|1700400813\n|switch|p1a: Yveltal|Yveltal|100\/100\n|-ability|p1a: Yveltal|Dark Aura\n|-terastallize|p2a: Ho-Oh|Grass\n|move|p2a: Ho-Oh|Sacred Fire|p1a: Yveltal\n|-damage|p1a: Yveltal|34\/100\n|-status|p1a: Yveltal|brn\n|\n|-damage|p1a: Yveltal|28\/100 brn|[from] brn\n|upkeep\n|turn|13\n|\n|t:|1700400824\n|switch|p2a: Arceus|Arceus-Ground, shiny|100\/100\n|move|p1a: Yveltal|Oblivion Wing|p2a: Arceus\n|-damage|p2a: Arceus|72\/100\n|-heal|p1a: Yveltal|50\/100 brn|[from] drain|[of] p2a: Arceus\n|\n|-damage|p1a: Yveltal|44\/100 brn|[from] brn\n|upkeep\n|turn|14\n|\n|t:|1700400841\n|switch|p1a: Landorus|Landorus, M|100\/100\n|move|p2a: Arceus|Power Gem|p1a: Landorus\n|-damage|p1a: Landorus|69\/100\n|\n|upkeep\n|turn|15\n|\n|t:|1700400849\n|switch|p2a: Ho-Oh|Ho-Oh, shiny, tera:Grass|100\/100\n|move|p1a: Landorus|Earth Power|p2a: Ho-Oh\n|-resisted|p2a: Ho-Oh\n|-damage|p2a: Ho-Oh|82\/100\n|\n|upkeep\n|turn|16\n|\n|t:|1700400856\n|move|p1a: Landorus|Sludge Wave|p2a: Ho-Oh\n|-supereffective|p2a: Ho-Oh\n|-damage|p2a: Ho-Oh|21\/100\n|move|p2a: Ho-Oh|Brave Bird|p1a: Landorus\n|-damage|p1a: Landorus|0 fnt\n|faint|p1a: Landorus\n|-damage|p2a: Ho-Oh|4\/100|[from] Recoil\n|\n|upkeep\n|\n|t:|1700400868\n|switch|p1a: Yveltal|Yveltal|44\/100 brn\n|-ability|p1a: Yveltal|Dark Aura\n|turn|17\n|\n|t:|1700400880\n|move|p1a: Yveltal|Dark Pulse|p2a: Ho-Oh\n|-damage|p2a: Ho-Oh|0 fnt\n|faint|p2a: Ho-Oh\n|\n|-damage|p1a: Yveltal|38\/100 brn|[from] brn\n|upkeep\n|\n|t:|1700400882\n|switch|p2a: Yveltal|Yveltal, shiny|85\/100\n|-ability|p2a: Yveltal|Dark Aura\n|turn|18\n|\n|t:|1700400890\n|move|p1a: Yveltal|Oblivion Wing|p2a: Yveltal\n|-damage|p2a: Yveltal|48\/100\n|-heal|p1a: Yveltal|67\/100 brn|[from] drain|[of] p2a: Yveltal\n|move|p2a: Yveltal|U-turn|p1a: Yveltal\n|-damage|p1a: Yveltal|51\/100 brn\n|\n|t:|1700400893\n|switch|p2a: Marshadow|Marshadow|100\/100|[from] U-turn\n|\n|-damage|p1a: Yveltal|45\/100 brn|[from] brn\n|upkeep\n|turn|19\n|\n|t:|1700400903\n|move|p2a: Marshadow|Close Combat|p1a: Yveltal\n|-damage|p1a: Yveltal|0 fnt\n|-unboost|p2a: Marshadow|def|1\n|-unboost|p2a: Marshadow|spd|1\n|faint|p1a: Yveltal\n|\n|upkeep\n|\n|t:|1700400922\n|switch|p1a: Xerneas|Xerneas|93\/100\n|-ability|p1a: Xerneas|Fairy Aura\n|turn|20\n|\n|t:|1700400928\n|switch|p2a: Necrozma|Necrozma-Dusk-Mane, shiny|100\/100\n|move|p1a: Xerneas|Moonblast|p2a: Necrozma\n|-resisted|p2a: Necrozma\n|-damage|p2a: Necrozma|78\/100\n|\n|upkeep\n|turn|21\n|\n|t:|1700400939\n|-terastallize|p1a: Xerneas|Ground\n|move|p1a: Xerneas|Hidden Power|p2a: Necrozma\n|-supereffective|p2a: Necrozma\n|-damage|p2a: Necrozma|47\/100\n|move|p2a: Necrozma|Moonlight|p2a: Necrozma\n|-heal|p2a: Necrozma|96\/100\n|\n|upkeep\n|turn|22\n|\n|t:|1700400949\n|switch|p1a: Ceruledge|Ceruledge, M|100\/100\n|move|p2a: Necrozma|Dragon Dance|p2a: Necrozma\n|-boost|p2a: Necrozma|atk|1\n|-boost|p2a: Necrozma|spe|1\n|\n|upkeep\n|turn|23\n|\n|t:|1700400957\n|move|p2a: Necrozma|Dragon Dance|p2a: Necrozma\n|-boost|p2a: Necrozma|atk|1\n|-boost|p2a: Necrozma|spe|1\n|move|p1a: Ceruledge|Swords Dance|p1a: Ceruledge\n|-boost|p1a: Ceruledge|atk|2\n|\n|upkeep\n|turn|24\n|\n|t:|1700400968\n|move|p2a: Necrozma|Rock Blast|p1a: Ceruledge\n|-supereffective|p1a: Ceruledge\n|-damage|p1a: Ceruledge|52\/100\n|-ability|p1a: Ceruledge|Weak Armor|boost\n|-unboost|p1a: Ceruledge|def|1\n|-boost|p1a: Ceruledge|spe|2\n|-supereffective|p1a: Ceruledge\n|-damage|p1a: Ceruledge|0 fnt\n|faint|p1a: Ceruledge\n|-hitcount|p1: Ceruledge|2\n|\n|upkeep\n|\n|t:|1700400977\n|switch|p1a: Banette|Banette-Mega, F|80\/100\n|turn|25\n|\n|t:|1700400990\n|switch|p2a: Yveltal|Yveltal, shiny|48\/100\n|-ability|p2a: Yveltal|Dark Aura\n|move|p1a: Banette|Destiny Bond|p1a: Banette\n|-singlemove|p1a: Banette|Destiny Bond\n|\n|upkeep\n|turn|26\n|\n|t:|1700400998\n|move|p2a: Yveltal|Foul Play|p1a: Banette\n|-supereffective|p1a: Banette\n|-damage|p1a: Banette|0 fnt\n|faint|p1a: Banette\n|-activate|p1a: Banette|move: Destiny Bond\n|faint|p2a: Yveltal\n|\n|upkeep\n|\n|t:|1700401012\n|switch|p2a: Necrozma|Necrozma-Dusk-Mane, shiny|96\/100\n|switch|p1a: Xerneas|Xerneas, tera:Ground|93\/100\n|-ability|p1a: Xerneas|Fairy Aura\n|turn|27\n|\n|t:|1700401019\n|move|p1a: Xerneas|Substitute|p1a: Xerneas\n|-start|p1a: Xerneas|Substitute\n|-damage|p1a: Xerneas|68\/100\n|move|p2a: Necrozma|Dragon Dance|p2a: Necrozma\n|-boost|p2a: Necrozma|atk|1\n|-boost|p2a: Necrozma|spe|1\n|\n|upkeep\n|turn|28\n|\n|t:|1700401034\n|move|p2a: Necrozma|Sunsteel Strike|p1a: Xerneas\n|-end|p1a: Xerneas|Substitute\n|move|p1a: Xerneas|Geomancy||[still]\n|-prepare|p1a: Xerneas|Geomancy\n|-enditem|p1a: Xerneas|Power Herb\n|-anim|p1a: Xerneas|Geomancy|p1a: Xerneas\n|-boost|p1a: Xerneas|spa|2\n|-boost|p1a: Xerneas|spd|2\n|-boost|p1a: Xerneas|spe|2\n|\n|upkeep\n|turn|29\n|\n|t:|1700401043\n|move|p1a: Xerneas|Hidden Power|p2a: Necrozma\n|-supereffective|p2a: Necrozma\n|-damage|p2a: Necrozma|33\/100\n|-zpower|p2a: Necrozma\n|move|p2a: Necrozma|Searing Sunraze Smash|p1a: Xerneas|[zeffect]\n|-damage|p1a: Xerneas|0 fnt\n|faint|p1a: Xerneas\n|\n|win|C0ld as Ice\n|raw|1 em trach thu's rating: 1595 &rarr; <strong>1589<\/strong><br \/>(-6 for losing)\n|raw|C0ld as Ice's rating: 1894 &rarr; <strong>1900<\/strong><br \/>(+6 for winning)\n|l|\u2606C0ld as Ice\n|l|\u26061 em trach thu\n","uploadtime":1700401122,"views":5,"p1id":"1emtrachthu","p2id":"c0ldasice","formatid":"gen9nationaldexubers","rating":1589,"private":0,"password":""}