{"id":"gen9nationaldexubers-1996293162","p1":"Tyler626","p2":"Hisham Chio","format":"[Gen 9] National Dex Ubers","log":"|j|\u2606Tyler626\n|j|\u2606Hisham Chio\n|t:|1700668278\n|gametype|singles\n|player|p1|Tyler626|170|1199\n|player|p2|Hisham Chio|bruno|1192\n|teamsize|p1|6\n|teamsize|p2|6\n|gen|9\n|tier|[Gen 9] National Dex Ubers\n|rated|\n|rule|HP Percentage Mod: HP is shown in percentages\n|rule|Endless Battle Clause: Forcing endless battles is banned\n|rule|OHKO Clause: OHKO moves are banned\n|rule|Evasion Moves Clause: Evasion moves are banned\n|rule|Evasion Items Clause: Evasion items are banned\n|rule|Species Clause: Limit one of each Pok\u00e9mon\n|rule|Sleep Clause Mod: Limit one foe put to sleep\n|rule|Mega Rayquaza Clause: You cannot mega evolve Rayquaza\n|clearpoke\n|poke|p1|Arceus|\n|poke|p1|Regieleki|\n|poke|p1|Alakazam, M|\n|poke|p1|Kyogre|\n|poke|p1|Flutter Mane|\n|poke|p1|Roaring Moon|\n|poke|p2|Groudon|\n|poke|p2|Deoxys-Attack|\n|poke|p2|Lugia|\n|poke|p2|Zekrom|\n|poke|p2|Urshifu-*, M|\n|poke|p2|Dracovish|\n|teampreview\n|inactive|Battle timer is ON: inactive players will automatically lose when time's up. (requested by Hisham Chio)\n|c|\u2606Tyler626|Legend spammer? alr I can win this\n|\n|t:|1700668293\n|start\n|switch|p1a: Kyogre|Kyogre, shiny|100\/100\n|switch|p2a: Zekrom|Zekrom|100\/100\n|-ability|p2a: Zekrom|Teravolt\n|detailschange|p1a: Kyogre|Kyogre-Primal, shiny\n|-primal|p1a: Kyogre|Blue Orb\n|-weather|PrimordialSea|[from] ability: Primordial Sea|[of] p1a: Kyogre\n|turn|1\n|\n|t:|1700668307\n|-terastallize|p2a: Zekrom|Electric\n|move|p2a: Zekrom|Dragon Dance|p2a: Zekrom\n|-boost|p2a: Zekrom|atk|1\n|-boost|p2a: Zekrom|spe|1\n|move|p1a: Kyogre|Ice Beam|p2a: Zekrom\n|-damage|p2a: Zekrom|56\/100\n|\n|-weather|PrimordialSea|[upkeep]\n|upkeep\n|turn|2\n|\n|t:|1700668316\n|move|p2a: Zekrom|Fusion Bolt|p1a: Kyogre\n|-supereffective|p1a: Kyogre\n|-damage|p1a: Kyogre|0 fnt\n|faint|p1a: Kyogre\n|-weather|none\n|\n|upkeep\n|\n|t:|1700668321\n|switch|p1a: Alakazam|Alakazam, M, shiny|100\/100\n|turn|3\n|\n|t:|1700668329\n|detailschange|p1a: Alakazam|Alakazam-Mega, M, shiny\n|-mega|p1a: Alakazam|Alakazam|Alakazite\n|-ability|p1a: Alakazam|Teravolt\n|-ability|p1a: Alakazam|Teravolt|[from] ability: Trace|[of] p2a: Zekrom\n|move|p1a: Alakazam|Psychic|p2a: Zekrom\n|-damage|p2a: Zekrom|1\/100\n|move|p2a: Zekrom|Crunch|p1a: Alakazam\n|-supereffective|p1a: Alakazam\n|-damage|p1a: Alakazam|0 fnt\n|faint|p1a: Alakazam\n|\n|upkeep\n|c|\u2606Tyler626|fuck\n|c|\u2606Tyler626|off zekrom\n|\n|t:|1700668342\n|switch|p1a: Arceus|Arceus, shiny|100\/100\n|turn|4\n|\n|t:|1700668348\n|switch|p2a: Lugia|Lugia|100\/100\n|move|p1a: Arceus|Extreme Speed|p2a: Lugia\n|-damage|p2a: Lugia|87\/100\n|\n|-heal|p2a: Lugia|93\/100|[from] item: Leftovers\n|upkeep\n|turn|5\n|\n|t:|1700668358\n|move|p2a: Lugia|Thunder Wave|p1a: Arceus\n|-status|p1a: Arceus|par\n|cant|p1a: Arceus|par\n|\n|-heal|p2a: Lugia|99\/100|[from] item: Leftovers\n|upkeep\n|turn|6\n|\n|t:|1700668366\n|move|p1a: Arceus|Substitute|p1a: Arceus\n|-start|p1a: Arceus|Substitute\n|-damage|p1a: Arceus|76\/100 par\n|move|p2a: Lugia|Whirlwind|p1a: Arceus\n|drag|p1a: Flutter Mane|Flutter Mane, shiny|100\/100\n|\n|-heal|p2a: Lugia|100\/100|[from] item: Leftovers\n|upkeep\n|turn|7\n|c|\u2606Tyler626|what the fuck is going on with rng\n|\n|t:|1700668376\n|move|p1a: Flutter Mane|Shadow Ball|p2a: Lugia\n|-supereffective|p2a: Lugia\n|-damage|p2a: Lugia|61\/100\n|move|p2a: Lugia|Thunder Wave|p1a: Flutter Mane\n|-status|p1a: Flutter Mane|par\n|\n|-heal|p2a: Lugia|67\/100|[from] item: Leftovers\n|upkeep\n|turn|8\n|c|\u2606Tyler626|fine by me\n|\n|t:|1700668386\n|switch|p2a: Urshifu|Urshifu, M|100\/100\n|cant|p1a: Flutter Mane|par\n|\n|upkeep\n|turn|9\n|c|\u2606Hisham Chio|I'm trying legends :)\n|\n|t:|1700668415\n|-end|p1a: Flutter Mane|Protosynthesis|[silent]\n|switch|p1a: Regieleki|Regieleki, shiny|100\/100\n|move|p2a: Urshifu|Sucker Punch||[still]\n|-fail|p2a: Urshifu\n|\n|upkeep\n|turn|10\n|c|\u2606Tyler626|I've gotten so unlucky this match ;-;\n|\n|t:|1700668425\n|move|p1a: Regieleki|Protect|p1a: Regieleki\n|-singleturn|p1a: Regieleki|Protect\n|move|p2a: Urshifu|Sucker Punch||[still]\n|-fail|p2a: Urshifu\n|\n|upkeep\n|turn|11\n|c|\u2606Hisham Chio|Indeed\n|inactive|Hisham Chio has 120 seconds left.\n|c|\u2606Hisham Chio|Good thing they removed Gmax Lol\n|c|\u2606Tyler626|fr\n|\n|t:|1700668460\n|switch|p2a: Zekrom|Zekrom, tera:Electric|1\/100\n|-ability|p2a: Zekrom|Teravolt\n|move|p1a: Regieleki|Thunderbolt|p2a: Zekrom\n|-resisted|p2a: Zekrom\n|-damage|p2a: Zekrom|0 fnt\n|faint|p2a: Zekrom\n|\n|upkeep\n|c|\u2606Tyler626|plz die\n|c|\u2606Tyler626|alr\n|\n|t:|1700668471\n|switch|p2a: Groudon|Groudon, shiny|100\/100\n|detailschange|p2a: Groudon|Groudon-Primal, shiny\n|-primal|p2a: Groudon|Red Orb\n|-weather|DesolateLand|[from] ability: Desolate Land|[of] p2a: Groudon\n|turn|12\n|c|\u2606Tyler626|now what you gonna send out\n|\n|t:|1700668481\n|-terastallize|p1a: Regieleki|Ice\n|move|p1a: Regieleki|Tera Blast|p2a: Groudon|[anim] Tera Blast Ice\n|-damage|p2a: Groudon|65\/100\n|move|p2a: Groudon|Heat Crash|p1a: Regieleki\n|-supereffective|p1a: Regieleki\n|-crit|p1a: Regieleki\n|-enditem|p1a: Regieleki|Focus Sash\n|-damage|p1a: Regieleki|1\/100\n|\n|-weather|DesolateLand|[upkeep]\n|upkeep\n|turn|13\n|c|\u2606Tyler626|I have to do this\n|c|\u2606Tyler626|NO\n|c|\u2606Tyler626|HOLY\n|\n|t:|1700668494\n|move|p1a: Regieleki|Protect|p1a: Regieleki\n|-singleturn|p1a: Regieleki|Protect\n|move|p2a: Groudon|Heat Crash|p1a: Regieleki\n|-activate|p1a: Regieleki|move: Protect\n|\n|-weather|DesolateLand|[upkeep]\n|upkeep\n|turn|14\n|c|\u2606Tyler626|PROTECT\n|\n|t:|1700668502\n|move|p1a: Regieleki|Tera Blast|p2a: Groudon|[anim] Tera Blast Ice\n|-damage|p2a: Groudon|33\/100\n|move|p2a: Groudon|Heat Crash|p1a: Regieleki\n|-supereffective|p1a: Regieleki\n|-damage|p1a: Regieleki|0 fnt\n|faint|p1a: Regieleki\n|\n|-weather|DesolateLand|[upkeep]\n|upkeep\n|\n|t:|1700668507\n|switch|p1a: Roaring Moon|Roaring Moon, shiny|100\/100\n|-enditem|p1a: Roaring Moon|Booster Energy\n|-activate|p1a: Roaring Moon|ability: Protosynthesis|[fromitem]\n|-start|p1a: Roaring Moon|protosynthesisatk\n|turn|15\n|inactive|Hisham Chio has 120 seconds left.\n|c|\u2606Tyler626|alr\n|\n|t:|1700668521\n|move|p1a: Roaring Moon|Earthquake|p2a: Groudon\n|-supereffective|p2a: Groudon\n|-damage|p2a: Groudon|0 fnt\n|faint|p2a: Groudon\n|-weather|none\n|\n|upkeep\n|c|\u2606Tyler626|I think I'm faster\n|c|\u2606Tyler626|alr\n|\n|t:|1700668531\n|switch|p2a: Lugia|Lugia|67\/100\n|turn|16\n|\n|t:|1700668535\n|move|p2a: Lugia|Thunder Wave|p1a: Roaring Moon\n|-status|p1a: Roaring Moon|par\n|move|p1a: Roaring Moon|Knock Off|p2a: Lugia\n|-supereffective|p2a: Lugia\n|-damage|p2a: Lugia|0 fnt\n|-enditem|p2a: Lugia|Leftovers|[from] move: Knock Off|[of] p1a: Roaring Moon\n|faint|p2a: Lugia\n|\n|upkeep\n|inactive|Hisham Chio has 120 seconds left.\n|\n|t:|1700668544\n|switch|p2a: Deoxys|Deoxys-Attack, shiny|100\/100\n|-ability|p2a: Deoxys|Pressure\n|turn|17\n|\n|t:|1700668550\n|move|p2a: Deoxys|Ice Beam|p1a: Roaring Moon\n|-supereffective|p1a: Roaring Moon\n|-damage|p1a: Roaring Moon|0 fnt\n|faint|p1a: Roaring Moon\n|-end|p1a: Roaring Moon|Protosynthesis|[silent]\n|\n|upkeep\n|\n|t:|1700668558\n|switch|p1a: Flutter Mane|Flutter Mane, shiny|100\/100 par\n|turn|18\n|c|\u2606Tyler626|plzzz\n|\n|t:|1700668567\n|move|p2a: Deoxys|Ice Beam|p1a: Flutter Mane\n|-damage|p1a: Flutter Mane|40\/100 par\n|cant|p1a: Flutter Mane|par\n|\n|upkeep\n|turn|19\n|c|\u2606Tyler626|I need to win this\n|c|\u2606Tyler626|..\n|c|\u2606Hisham Chio|\ud83d\udc80\n|c|\u2606Hisham Chio|I guess today is not your day\n|c|\u2606Tyler626|yeah RNG is fucking me in the ass today LMAO\n|\n|t:|1700668590\n|-end|p1a: Flutter Mane|Protosynthesis|[silent]\n|switch|p1a: Arceus|Arceus, shiny|76\/100 par\n|move|p2a: Deoxys|Ice Beam|p1a: Arceus\n|-damage|p1a: Arceus|35\/100 par\n|\n|-heal|p1a: Arceus|41\/100 par|[from] item: Leftovers\n|upkeep\n|turn|20\n|\n|t:|1700668599\n|switch|p2a: Urshifu|Urshifu, M|100\/100\n|cant|p1a: Arceus|par\n|\n|-heal|p1a: Arceus|47\/100 par|[from] item: Leftovers\n|upkeep\n|turn|21\n|c|\u2606Tyler626|don't.\n|c|\u2606Tyler626|get.\n|c|\u2606Tyler626|high\n|c|\u2606Tyler626|MF\n|c|\u2606Hisham Chio|...\n|c|\u2606Tyler626|JUST ATTACK\n|\n|t:|1700668613\n|move|p1a: Arceus|Extreme Speed|p2a: Urshifu\n|-damage|p2a: Urshifu|60\/100\n|move|p2a: Urshifu|Wicked Blow|p1a: Arceus\n|-crit|p1a: Arceus\n|-damage|p1a: Arceus|0 fnt\n|faint|p1a: Arceus\n|\n|upkeep\n|\n|t:|1700668616\n|switch|p1a: Flutter Mane|Flutter Mane, shiny|40\/100 par\n|turn|22\n|\n|t:|1700668623\n|move|p2a: Urshifu|Wicked Blow|p1a: Flutter Mane\n|-crit|p1a: Flutter Mane\n|-damage|p1a: Flutter Mane|0 fnt\n|faint|p1a: Flutter Mane\n|-end|p1a: Flutter Mane|Protosynthesis|[silent]\n|\n|win|Hisham Chio\n|raw|Tyler626's rating: 1199 &rarr; <strong>1173<\/strong><br \/>(-26 for losing)\n|raw|Hisham Chio's rating: 1192 &rarr; <strong>1218<\/strong><br \/>(+26 for winning)\n","uploadtime":1700668590,"views":0,"p1id":"tyler626","p2id":"hishamchio","formatid":"gen9nationaldexubers","rating":1173,"private":0,"password":""}