{"id":"gen9nationaldexubers-1977946880","p1":"roberTomy1110","p2":"zillygaming","format":"[Gen 9] National Dex Ubers","log":"|j|\u2606roberTomy1110\n|j|\u2606zillygaming\n|t:|1698470990\n|gametype|singles\n|player|p1|roberTomy1110|steven|1069\n|player|p2|zillygaming|ingo|1143\n|teamsize|p1|6\n|teamsize|p2|6\n|gen|9\n|tier|[Gen 9] National Dex Ubers\n|rated|\n|rule|HP Percentage Mod: HP is shown in percentages\n|rule|Endless Battle Clause: Forcing endless battles is banned\n|rule|OHKO Clause: OHKO moves are banned\n|rule|Evasion Moves Clause: Evasion moves are banned\n|rule|Evasion Items Clause: Evasion items are banned\n|rule|Species Clause: Limit one of each Pok\u00e9mon\n|rule|Sleep Clause Mod: Limit one foe put to sleep\n|rule|Mega Rayquaza Clause: You cannot mega evolve Rayquaza\n|clearpoke\n|poke|p1|Blaziken, M|\n|poke|p1|Serperior, F|\n|poke|p1|Feraligatr, F|\n|poke|p1|Crobat, M|\n|poke|p1|Dusknoir, M|\n|poke|p1|Heracross, M|\n|poke|p2|Incineroar, F|\n|poke|p2|Meowscarada, F|\n|poke|p2|Zacian-*|\n|poke|p2|Blastoise, F|\n|poke|p2|Lycanroc-Dusk, M|\n|poke|p2|Lunala|\n|teampreview\n|\n|t:|1698470997\n|start\n|switch|p1a: Blaziken|Blaziken, M|100\/100\n|switch|p2a: Meowscarada|Meowscarada, F, shiny|100\/100\n|turn|1\n|\n|t:|1698471005\n|detailschange|p1a: Blaziken|Blaziken-Mega, M\n|-mega|p1a: Blaziken|Blaziken|Blazikenite\n|move|p2a: Meowscarada|Toxic Spikes|p1a: Blaziken\n|-start|p2a: Meowscarada|typechange|Poison|[from] ability: Protean\n|-sidestart|p1: roberTomy1110|move: Toxic Spikes\n|move|p1a: Blaziken|Blaze Kick|p2a: Meowscarada\n|-damage|p2a: Meowscarada|40\/100\n|\n|-heal|p2a: Meowscarada|46\/100|[from] item: Leftovers\n|-ability|p1a: Blaziken|Speed Boost|boost\n|-boost|p1a: Blaziken|spe|1\n|upkeep\n|turn|2\n|\n|t:|1698471021\n|move|p1a: Blaziken|Earthquake|p2a: Meowscarada\n|-supereffective|p2a: Meowscarada\n|-damage|p2a: Meowscarada|0 fnt\n|faint|p2a: Meowscarada\n|\n|-ability|p1a: Blaziken|Speed Boost|boost\n|-boost|p1a: Blaziken|spe|1\n|upkeep\n|\n|t:|1698471029\n|switch|p2a: Lycanroc|Lycanroc-Dusk, M, shiny|100\/100\n|turn|3\n|\n|t:|1698471034\n|move|p1a: Blaziken|High Jump Kick|p2a: Lycanroc\n|-supereffective|p2a: Lycanroc\n|-enditem|p2a: Lycanroc|Focus Sash\n|-damage|p2a: Lycanroc|1\/100\n|move|p2a: Lycanroc|Endeavor|p1a: Blaziken\n|-damage|p1a: Blaziken|1\/100\n|\n|-ability|p1a: Blaziken|Speed Boost|boost\n|-boost|p1a: Blaziken|spe|1\n|upkeep\n|turn|4\n|\n|t:|1698471044\n|move|p2a: Lycanroc|Sucker Punch|p1a: Blaziken\n|-resisted|p1a: Blaziken\n|-damage|p1a: Blaziken|0 fnt\n|faint|p1a: Blaziken\n|\n|upkeep\n|\n|t:|1698471051\n|switch|p1a: Crobat|Crobat, M|100\/100\n|turn|5\n|\n|t:|1698471059\n|move|p1a: Crobat|Acrobatics|p2a: Lycanroc\n|-resisted|p2a: Lycanroc\n|-damage|p2a: Lycanroc|0 fnt\n|faint|p2a: Lycanroc\n|\n|upkeep\n|\n|t:|1698471064\n|switch|p2a: Incineroar|Incineroar, F, shiny|100\/100\n|-ability|p2a: Incineroar|Intimidate|boost\n|-unboost|p1a: Crobat|atk|1\n|turn|6\n|\n|t:|1698471073\n|switch|p1a: Feraligatr|Feraligatr, F|100\/100\n|-status|p1a: Feraligatr|psn\n|move|p2a: Incineroar|Darkest Lariat|p1a: Feraligatr\n|-damage|p1a: Feraligatr|64\/100 psn\n|\n|-heal|p1a: Feraligatr|70\/100 psn|[from] item: Leftovers\n|-damage|p1a: Feraligatr|58\/100 psn|[from] psn\n|upkeep\n|turn|7\n|\n|t:|1698471084\n|switch|p2a: Blastoise|Blastoise, F, shiny|100\/100\n|move|p1a: Feraligatr|Hydro Pump|p2a: Blastoise\n|-resisted|p2a: Blastoise\n|-damage|p2a: Blastoise|78\/100\n|\n|-heal|p1a: Feraligatr|64\/100 psn|[from] item: Leftovers\n|-damage|p1a: Feraligatr|51\/100 psn|[from] psn\n|upkeep\n|turn|8\n|\n|t:|1698471097\n|detailschange|p2a: Blastoise|Blastoise-Mega, F, shiny\n|-mega|p2a: Blastoise|Blastoise|Blastoisinite\n|move|p2a: Blastoise|Shell Smash|p2a: Blastoise\n|-unboost|p2a: Blastoise|def|1\n|-unboost|p2a: Blastoise|spd|1\n|-boost|p2a: Blastoise|atk|2\n|-boost|p2a: Blastoise|spa|2\n|-boost|p2a: Blastoise|spe|2\n|move|p1a: Feraligatr|Hydro Pump|p2a: Blastoise\n|-resisted|p2a: Blastoise\n|-damage|p2a: Blastoise|48\/100\n|\n|-heal|p1a: Feraligatr|58\/100 psn|[from] item: Leftovers\n|-damage|p1a: Feraligatr|45\/100 psn|[from] psn\n|upkeep\n|turn|9\n|\n|t:|1698471112\n|switch|p1a: Serperior|Serperior, F|100\/100\n|-status|p1a: Serperior|psn\n|move|p2a: Blastoise|Dragon Pulse|p1a: Serperior\n|-damage|p1a: Serperior|3\/100 psn\n|\n|-damage|p1a: Serperior|0 fnt|[from] psn\n|faint|p1a: Serperior\n|upkeep\n|\n|t:|1698471123\n|switch|p1a: Crobat|Crobat, M|100\/100\n|turn|10\n|\n|t:|1698471128\n|-terastallize|p1a: Crobat|Flying\n|move|p2a: Blastoise|Dragon Pulse|p1a: Crobat\n|-damage|p1a: Crobat|0 fnt\n|faint|p1a: Crobat\n|\n|upkeep\n|\n|t:|1698471134\n|switch|p1a: Feraligatr|Feraligatr, F|45\/100 psn\n|turn|11\n|\n|t:|1698471138\n|move|p2a: Blastoise|Dragon Pulse|p1a: Feraligatr\n|-damage|p1a: Feraligatr|0 fnt\n|faint|p1a: Feraligatr\n|\n|upkeep\n|\n|t:|1698471143\n|switch|p1a: Dusknoir|Dusknoir, M|100\/100\n|-status|p1a: Dusknoir|psn\n|-ability|p1a: Dusknoir|Pressure\n|turn|12\n|\n|t:|1698471148\n|move|p2a: Blastoise|Dragon Pulse|p1a: Dusknoir\n|-damage|p1a: Dusknoir|0 fnt\n|faint|p1a: Dusknoir\n|\n|upkeep\n|\n|t:|1698471152\n|switch|p1a: Heracross|Heracross, M|100\/100\n|-status|p1a: Heracross|psn\n|turn|13\n|\n|t:|1698471157\n|move|p2a: Blastoise|Dragon Pulse|p1a: Heracross\n|-damage|p1a: Heracross|5\/100 psn\n|move|p1a: Heracross|Megahorn|p2a: Blastoise\n|-damage|p2a: Blastoise|0 fnt\n|faint|p2a: Blastoise\n|\n|-heal|p1a: Heracross|11\/100 psn|[from] item: Leftovers\n|-damage|p1a: Heracross|0 fnt|[from] psn\n|faint|p1a: Heracross\n|\n|win|zillygaming\n|upkeep\n|raw|roberTomy1110's rating: 1069 &rarr; <strong>1053<\/strong><br \/>(-16 for losing)\n|raw|zillygaming's rating: 1143 &rarr; <strong>1163<\/strong><br \/>(+20 for winning)\n|c|\u2606roberTomy1110|gg\n|l|\u2606roberTomy1110\n|c|\u2606zillygaming|Gg\n","uploadtime":1698471176,"views":7,"p1id":"robertomy1110","p2id":"zillygaming","formatid":"gen9nationaldexubers","rating":1053,"private":0,"password":""}