{"id":"gen9nationaldexubers-1986050393","p1":"1 em trach thu","p2":"MommyMikuNakano","format":"[Gen 9] National Dex Ubers","log":"|j|\u26061 em trach thu\n|j|\u2606MommyMikuNakano\n|t:|1699444007\n|gametype|singles\n|player|p1|1 em trach thu|1|1586\n|player|p2|MommyMikuNakano|erika-gen1|1786\n|teamsize|p1|6\n|teamsize|p2|6\n|gen|9\n|tier|[Gen 9] National Dex Ubers\n|rated|\n|rule|HP Percentage Mod: HP is shown in percentages\n|rule|Endless Battle Clause: Forcing endless battles is banned\n|rule|OHKO Clause: OHKO moves are banned\n|rule|Evasion Moves Clause: Evasion moves are banned\n|rule|Evasion Items Clause: Evasion items are banned\n|rule|Species Clause: Limit one of each Pok\u00e9mon\n|rule|Sleep Clause Mod: Limit one foe put to sleep\n|rule|Mega Rayquaza Clause: You cannot mega evolve Rayquaza\n|clearpoke\n|poke|p1|Kyogre|\n|poke|p1|Groudon|\n|poke|p1|Zacian-*|\n|poke|p1|Arceus|\n|poke|p1|Rayquaza|\n|poke|p1|Banette, M|\n|poke|p2|Ditto|\n|poke|p2|Kyogre|\n|poke|p2|Giratina-Origin|\n|poke|p2|Arceus-Dark|\n|poke|p2|Necrozma-Dusk-Mane|\n|poke|p2|Kyurem-Black|\n|teampreview\n|inactive|Battle timer is ON: inactive players will automatically lose when time's up. (requested by MommyMikuNakano)\n|\n|t:|1699444026\n|start\n|switch|p1a: Arceus|Arceus|100\/100\n|switch|p2a: Necrozma|Necrozma-Dusk-Mane|100\/100\n|turn|1\n|\n|t:|1699444037\n|switch|p1a: Banette|Banette, M|100\/100\n|-item|p2a: Necrozma|Ultranecrozium Z|[from] ability: Frisk|[of] p1a: Banette|[identify]\n|move|p2a: Necrozma|Stealth Rock|p1a: Banette\n|-sidestart|p1: 1 em trach thu|move: Stealth Rock\n|\n|upkeep\n|turn|2\n|\n|t:|1699444045\n|switch|p2a: Arceus|Arceus-Dark|100\/100\n|detailschange|p1a: Banette|Banette-Mega, M\n|-mega|p1a: Banette|Banette|Banettite\n|move|p1a: Banette|Encore|p2a: Arceus\n|-hint|Since gen 7, Dark is immune to Prankster moves.\n|-immune|p2a: Arceus\n|\n|upkeep\n|turn|3\n|\n|t:|1699444054\n|move|p1a: Banette|Destiny Bond|p1a: Banette\n|-singlemove|p1a: Banette|Destiny Bond\n|move|p2a: Arceus|Toxic|p1a: Banette\n|-status|p1a: Banette|tox\n|\n|-damage|p1a: Banette|95\/100 tox|[from] psn\n|upkeep\n|turn|4\n|\n|t:|1699444062\n|move|p2a: Arceus|Taunt|p1a: Banette\n|-start|p1a: Banette|move: Taunt\n|move|p1a: Banette|Knock Off|p2a: Arceus\n|-resisted|p2a: Arceus\n|-damage|p2a: Arceus|90\/100\n|\n|-damage|p1a: Banette|83\/100 tox|[from] psn\n|upkeep\n|turn|5\n|\n|t:|1699444072\n|switch|p1a: Arceus|Arceus|100\/100\n|-damage|p1a: Arceus|88\/100|[from] Stealth Rock\n|move|p2a: Arceus|Foul Play|p1a: Arceus\n|-damage|p1a: Arceus|62\/100\n|\n|-heal|p1a: Arceus|68\/100|[from] item: Leftovers\n|upkeep\n|turn|6\n|\n|t:|1699444082\n|move|p2a: Arceus|Taunt|p1a: Arceus\n|-start|p1a: Arceus|move: Taunt\n|cant|p1a: Arceus|move: Taunt|Toxic\n|\n|-heal|p1a: Arceus|74\/100|[from] item: Leftovers\n|upkeep\n|turn|7\n|\n|t:|1699444093\n|move|p1a: Arceus|Extreme Speed|p2a: Arceus\n|-damage|p2a: Arceus|71\/100\n|move|p2a: Arceus|Foul Play|p1a: Arceus\n|-damage|p1a: Arceus|46\/100\n|\n|-heal|p1a: Arceus|52\/100|[from] item: Leftovers\n|upkeep\n|turn|8\n|\n|t:|1699444102\n|move|p1a: Arceus|Extreme Speed|p2a: Arceus\n|-damage|p2a: Arceus|50\/100\n|move|p2a: Arceus|Toxic|p1a: Arceus\n|-status|p1a: Arceus|tox\n|\n|-heal|p1a: Arceus|59\/100 tox|[from] item: Leftovers\n|-damage|p1a: Arceus|52\/100 tox|[from] psn\n|-end|p1a: Arceus|move: Taunt\n|upkeep\n|turn|9\n|\n|t:|1699444113\n|move|p1a: Arceus|Defog|p2a: Arceus\n|-unboost|p2a: Arceus|evasion|1\n|-sideend|p1: 1 em trach thu|Stealth Rock|[from] move: Defog|[of] p1a: Arceus\n|move|p2a: Arceus|Taunt|p1a: Arceus\n|-start|p1a: Arceus|move: Taunt\n|\n|-heal|p1a: Arceus|59\/100 tox|[from] item: Leftovers\n|-damage|p1a: Arceus|46\/100 tox|[from] psn\n|upkeep\n|turn|10\n|\n|t:|1699444123\n|move|p1a: Arceus|Extreme Speed|p2a: Arceus\n|-damage|p2a: Arceus|29\/100\n|move|p2a: Arceus|Recover|p2a: Arceus\n|-heal|p2a: Arceus|79\/100\n|\n|-heal|p1a: Arceus|52\/100 tox|[from] item: Leftovers\n|-damage|p1a: Arceus|34\/100 tox|[from] psn\n|upkeep\n|turn|11\n|\n|t:|1699444132\n|move|p1a: Arceus|Extreme Speed|p2a: Arceus\n|-damage|p2a: Arceus|57\/100\n|move|p2a: Arceus|Recover|p2a: Arceus\n|-heal|p2a: Arceus|100\/100\n|\n|-heal|p1a: Arceus|40\/100 tox|[from] item: Leftovers\n|-damage|p1a: Arceus|16\/100 tox|[from] psn\n|upkeep\n|turn|12\n|\n|t:|1699444142\n|move|p1a: Arceus|Extreme Speed|p2a: Arceus\n|-damage|p2a: Arceus|78\/100\n|move|p2a: Arceus|Foul Play|p1a: Arceus\n|-damage|p1a: Arceus|0 fnt\n|faint|p1a: Arceus\n|\n|upkeep\n|\n|t:|1699444161\n|switch|p1a: Kyogre|Kyogre|100\/100\n|detailschange|p1a: Kyogre|Kyogre-Primal\n|-primal|p1a: Kyogre|Blue Orb\n|-weather|PrimordialSea|[from] ability: Primordial Sea|[of] p1a: Kyogre\n|turn|13\n|\n|t:|1699444167\n|switch|p2a: Kyurem|Kyurem-Black|100\/100\n|-ability|p2a: Kyurem|Teravolt\n|move|p1a: Kyogre|Surf|p2a: Kyurem\n|-resisted|p2a: Kyurem\n|-damage|p2a: Kyurem|60\/100\n|\n|-weather|PrimordialSea|[upkeep]\n|upkeep\n|turn|14\n|\n|t:|1699444180\n|move|p2a: Kyurem|Roost|p2a: Kyurem\n|-heal|p2a: Kyurem|100\/100\n|-singleturn|p2a: Kyurem|move: Roost\n|move|p1a: Kyogre|Surf|p2a: Kyurem\n|-resisted|p2a: Kyurem\n|-damage|p2a: Kyurem|55\/100\n|\n|-weather|PrimordialSea|[upkeep]\n|upkeep\n|turn|15\n|\n|t:|1699444188\n|move|p2a: Kyurem|Fusion Bolt|p1a: Kyogre\n|-supereffective|p1a: Kyogre\n|-damage|p1a: Kyogre|7\/100\n|move|p1a: Kyogre|Surf|p2a: Kyurem\n|-resisted|p2a: Kyurem\n|-damage|p2a: Kyurem|9\/100\n|\n|-weather|PrimordialSea|[upkeep]\n|upkeep\n|turn|16\n|\n|t:|1699444199\n|move|p2a: Kyurem|Roost|p2a: Kyurem\n|-heal|p2a: Kyurem|60\/100\n|-singleturn|p2a: Kyurem|move: Roost\n|move|p1a: Kyogre|Surf|p2a: Kyurem\n|-resisted|p2a: Kyurem\n|-damage|p2a: Kyurem|19\/100\n|\n|-weather|PrimordialSea|[upkeep]\n|upkeep\n|turn|17\n|\n|t:|1699444206\n|move|p2a: Kyurem|Roost|p2a: Kyurem\n|-heal|p2a: Kyurem|69\/100\n|-singleturn|p2a: Kyurem|move: Roost\n|move|p1a: Kyogre|Surf|p2a: Kyurem\n|-resisted|p2a: Kyurem\n|-damage|p2a: Kyurem|26\/100\n|\n|-weather|PrimordialSea|[upkeep]\n|upkeep\n|turn|18\n|\n|t:|1699444213\n|move|p2a: Kyurem|Roost|p2a: Kyurem\n|-heal|p2a: Kyurem|76\/100\n|-singleturn|p2a: Kyurem|move: Roost\n|move|p1a: Kyogre|Surf|p2a: Kyurem\n|-resisted|p2a: Kyurem\n|-damage|p2a: Kyurem|35\/100\n|\n|-weather|PrimordialSea|[upkeep]\n|upkeep\n|turn|19\n|\n|t:|1699444219\n|move|p2a: Kyurem|Roost|p2a: Kyurem\n|-heal|p2a: Kyurem|85\/100\n|-singleturn|p2a: Kyurem|move: Roost\n|move|p1a: Kyogre|Surf|p2a: Kyurem\n|-resisted|p2a: Kyurem\n|-damage|p2a: Kyurem|42\/100\n|\n|-weather|PrimordialSea|[upkeep]\n|upkeep\n|turn|20\n|\n|t:|1699444226\n|move|p2a: Kyurem|Roost|p2a: Kyurem\n|-heal|p2a: Kyurem|92\/100\n|-singleturn|p2a: Kyurem|move: Roost\n|move|p1a: Kyogre|Surf|p2a: Kyurem\n|-resisted|p2a: Kyurem\n|-damage|p2a: Kyurem|51\/100\n|\n|-weather|PrimordialSea|[upkeep]\n|upkeep\n|turn|21\n|\n|t:|1699444233\n|move|p2a: Kyurem|Roost|p2a: Kyurem\n|-heal|p2a: Kyurem|100\/100\n|-singleturn|p2a: Kyurem|move: Roost\n|move|p1a: Kyogre|Surf|p2a: Kyurem\n|-resisted|p2a: Kyurem\n|-damage|p2a: Kyurem|59\/100\n|\n|-weather|PrimordialSea|[upkeep]\n|upkeep\n|turn|22\n|\n|t:|1699444240\n|move|p2a: Kyurem|Icicle Spear|p1a: Kyogre\n|-resisted|p1a: Kyogre\n|-damage|p1a: Kyogre|0 fnt\n|faint|p1a: Kyogre\n|-weather|none\n|-hitcount|p1: Kyogre|1\n|\n|upkeep\n|\n|t:|1699444250\n|switch|p1a: Zacian|Zacian-Crowned|100\/100\n|-ability|p1a: Zacian|Intrepid Sword|boost\n|-boost|p1a: Zacian|atk|1\n|turn|23\n|\n|t:|1699444259\n|switch|p2a: Necrozma|Necrozma-Dusk-Mane|100\/100\n|move|p1a: Zacian|Play Rough|p2a: Necrozma\n|-resisted|p2a: Necrozma\n|-damage|p2a: Necrozma|68\/100\n|-unboost|p2a: Necrozma|atk|1\n|\n|upkeep\n|turn|24\n|\n|t:|1699444281\n|detailschange|p2a: Necrozma|Necrozma-Ultra\n|-burst|p2a: Necrozma|Necrozma|Ultranecrozium Z\n|-terastallize|p1a: Zacian|Ground\n|move|p1a: Zacian|Tera Blast|p2a: Necrozma|[anim] Tera Blast Ground\n|-damage|p2a: Necrozma|0 fnt\n|faint|p2a: Necrozma\n|\n|upkeep\n|\n|t:|1699444289\n|switch|p2a: Ditto|Ditto, shiny|100\/100\n|-transform|p2a: Ditto|p1a: Zacian|[from] ability: Imposter\n|-ability|p2a: Ditto|Intrepid Sword|boost\n|-boost|p2a: Ditto|atk|1\n|-start|p2a: Ditto|typechange|Fairy\/Steel|[silent]\n|turn|25\n|\n|t:|1699444297\n|switch|p1a: Groudon|Groudon|100\/100\n|detailschange|p1a: Groudon|Groudon-Primal\n|-primal|p1a: Groudon|Red Orb\n|-weather|DesolateLand|[from] ability: Desolate Land|[of] p1a: Groudon\n|-terastallize|p2a: Ditto|Ghost\n|move|p2a: Ditto|Tera Blast|p1a: Groudon|[anim] Tera Blast Ghost\n|-damage|p1a: Groudon|49\/100\n|\n|-weather|DesolateLand|[upkeep]\n|upkeep\n|turn|26\n|\n|t:|1699444310\n|move|p2a: Ditto|Tera Blast|p1a: Groudon|[anim] Tera Blast Ghost\n|-damage|p1a: Groudon|0 fnt\n|faint|p1a: Groudon\n|-weather|none\n|\n|upkeep\n|\n|t:|1699444315\n|switch|p1a: Banette|Banette-Mega, M|83\/100 tox\n|turn|27\n|\n|t:|1699444320\n|switch|p2a: Arceus|Arceus-Dark|78\/100\n|switch|p1a: Zacian|Zacian-Crowned, tera:Ground|100\/100\n|\n|upkeep\n|turn|28\n|\n|t:|1699444335\n|switch|p2a: Kyurem|Kyurem-Black|59\/100\n|-ability|p2a: Kyurem|Teravolt\n|move|p1a: Zacian|Play Rough|p2a: Kyurem\n|-supereffective|p2a: Kyurem\n|-damage|p2a: Kyurem|0 fnt\n|faint|p2a: Kyurem\n|\n|upkeep\n|\n|t:|1699444337\n|switch|p2a: Kyogre|Kyogre|100\/100\n|-weather|RainDance|[from] ability: Drizzle|[of] p2a: Kyogre\n|turn|29\n|\n|t:|1699444349\n|move|p2a: Kyogre|Water Spout|p1a: Zacian\n|-supereffective|p1a: Zacian\n|-damage|p1a: Zacian|0 fnt\n|faint|p1a: Zacian\n|\n|-weather|RainDance|[upkeep]\n|upkeep\n|\n|t:|1699444356\n|switch|p1a: Rayquaza|Rayquaza|100\/100\n|-ability|p1a: Rayquaza|Air Lock\n|turn|30\n|\n|t:|1699444361\n|move|p2a: Kyogre|Water Spout|p1a: Rayquaza\n|-resisted|p1a: Rayquaza\n|-damage|p1a: Rayquaza|49\/100\n|move|p1a: Rayquaza|Draco Meteor|p2a: Kyogre\n|-damage|p2a: Kyogre|42\/100\n|-unboost|p1a: Rayquaza|spa|2\n|\n|-weather|RainDance|[upkeep]\n|upkeep\n|turn|31\n|\n|t:|1699444371\n|move|p1a: Rayquaza|Extreme Speed|p2a: Kyogre\n|-damage|p2a: Kyogre|12\/100\n|move|p2a: Kyogre|Water Spout|p1a: Rayquaza\n|-resisted|p1a: Rayquaza\n|-damage|p1a: Rayquaza|43\/100\n|\n|-weather|RainDance|[upkeep]\n|upkeep\n|turn|32\n|\n|t:|1699444380\n|move|p1a: Rayquaza|Extreme Speed|p2a: Kyogre\n|-damage|p2a: Kyogre|0 fnt\n|faint|p2a: Kyogre\n|\n|-weather|RainDance|[upkeep]\n|upkeep\n|\n|t:|1699444382\n|switch|p2a: Arceus|Arceus-Dark|78\/100\n|turn|33\n|\n|t:|1699444390\n|switch|p1a: Banette|Banette-Mega, M|83\/100 tox\n|move|p2a: Arceus|Foul Play|p1a: Banette\n|-supereffective|p1a: Banette\n|-damage|p1a: Banette|0 fnt\n|faint|p1a: Banette\n|\n|-weather|none\n|upkeep\n|\n|t:|1699444399\n|switch|p1a: Rayquaza|Rayquaza|43\/100\n|-ability|p1a: Rayquaza|Air Lock\n|turn|34\n|\n|t:|1699444403\n|move|p2a: Arceus|Foul Play|p1a: Rayquaza\n|-damage|p1a: Rayquaza|0 fnt\n|faint|p1a: Rayquaza\n|\n|win|MommyMikuNakano\n|raw|1 em trach thu's rating: 1586 &rarr; <strong>1576<\/strong><br \/>(-10 for losing)\n|raw|MommyMikuNakano's rating: 1786 &rarr; <strong>1796<\/strong><br \/>(+10 for winning)\n|l|\u2606MommyMikuNakano\n|l|\u26061 em trach thu\n","uploadtime":1699444453,"views":9,"p1id":"1emtrachthu","p2id":"mommymikunakano","formatid":"gen9nationaldexubers","rating":1576,"private":0,"password":""}