{"id":"gen9nationaldexubers-1995229131","p1":"i'madragontype","p2":"Spectro Moltres","format":"[Gen 9] National Dex Ubers","log":"|j|\u2606i'madragontype\n|j|\u2606Spectro Moltres\n|t:|1700537311\n|gametype|singles\n|player|p1|i'madragontype|iris|1074\n|player|p2|Spectro Moltres|unknown|1000\n|teamsize|p1|6\n|teamsize|p2|6\n|gen|9\n|tier|[Gen 9] National Dex Ubers\n|rated|\n|rule|HP Percentage Mod: HP is shown in percentages\n|rule|Endless Battle Clause: Forcing endless battles is banned\n|rule|OHKO Clause: OHKO moves are banned\n|rule|Evasion Moves Clause: Evasion moves are banned\n|rule|Evasion Items Clause: Evasion items are banned\n|rule|Species Clause: Limit one of each Pok\u00e9mon\n|rule|Sleep Clause Mod: Limit one foe put to sleep\n|rule|Mega Rayquaza Clause: You cannot mega evolve Rayquaza\n|clearpoke\n|poke|p1|Honchkrow, M|\n|poke|p1|Krookodile, M|\n|poke|p1|Darkrai|\n|poke|p1|Bombirdier, F|\n|poke|p1|Roaring Moon|\n|poke|p1|Mandibuzz, F|\n|poke|p2|Galvantula, M|\n|poke|p2|Marshadow|\n|poke|p2|Smeargle, F|\n|poke|p2|Necrozma-Dusk-Mane|\n|poke|p2|Zacian-*|\n|poke|p2|Forretress, F|\n|teampreview\n|\n|t:|1700537320\n|start\n|switch|p1a: reppar|Darkrai|100\/100\n|switch|p2a: gohma|Galvantula, M, shiny|100\/100\n|turn|1\n|\n|t:|1700537331\n|-terastallize|p1a: reppar|Fairy\n|move|p1a: reppar|Spacial Rend|p2a: gohma\n|-damage|p2a: gohma|33\/100\n|move|p2a: gohma|Thunder Wave|p1a: reppar\n|-status|p1a: reppar|par\n|\n|upkeep\n|turn|2\n|\n|t:|1700537342\n|move|p2a: gohma|Sticky Web|p1a: reppar\n|-sidestart|p1: i'madragontype|move: Sticky Web\n|move|p1a: reppar|Dark Void|p2a: gohma\n|-status|p2a: gohma|slp|[from] move: Dark Void\n|\n|-damage|p2a: gohma|21\/100 slp|[from] ability: Bad Dreams|[of] p1a: reppar\n|upkeep\n|turn|3\n|\n|t:|1700537350\n|cant|p2a: gohma|slp\n|move|p1a: reppar|Shadow Claw|p2a: gohma\n|-damage|p2a: gohma|0 fnt\n|faint|p2a: gohma\n|\n|upkeep\n|\n|t:|1700537354\n|switch|p2a: ancient spinner|Forretress, F|100\/100\n|turn|4\n|\n|t:|1700537361\n|move|p1a: reppar|Dark Void|p2a: ancient spinner\n|-status|p2a: ancient spinner|slp|[from] move: Dark Void\n|cant|p2a: ancient spinner|slp\n|\n|-damage|p2a: ancient spinner|88\/100 slp|[from] ability: Bad Dreams|[of] p1a: reppar\n|upkeep\n|turn|5\n|\n|t:|1700537367\n|move|p1a: reppar|Spacial Rend|p2a: ancient spinner\n|-resisted|p2a: ancient spinner\n|-damage|p2a: ancient spinner|63\/100 slp\n|-enditem|p2a: ancient spinner|Red Card|[of] p1a: reppar\n|drag|p1a: sunglasses|Krookodile, M|100\/100\n|-activate|p1a: sunglasses|move: Sticky Web\n|-unboost|p1a: sunglasses|spe|1\n|-ability|p1a: sunglasses|Intimidate|boost\n|-unboost|p2a: ancient spinner|atk|1\n|-curestatus|p2a: ancient spinner|slp|[msg]\n|move|p2a: ancient spinner|Stealth Rock|p1a: sunglasses\n|-sidestart|p1: i'madragontype|move: Stealth Rock\n|\n|upkeep\n|turn|6\n|\n|t:|1700537379\n|move|p1a: sunglasses|Dragon Claw|p2a: ancient spinner\n|-resisted|p2a: ancient spinner\n|-damage|p2a: ancient spinner|56\/100\n|move|p2a: ancient spinner|Toxic Spikes|p1a: sunglasses\n|-sidestart|p1: i'madragontype|move: Toxic Spikes\n|\n|upkeep\n|turn|7\n|\n|t:|1700537388\n|move|p1a: sunglasses|Darkest Lariat|p2a: ancient spinner\n|-damage|p2a: ancient spinner|27\/100\n|move|p2a: ancient spinner|Toxic Spikes|p1a: sunglasses\n|-sidestart|p1: i'madragontype|move: Toxic Spikes\n|\n|upkeep\n|turn|8\n|\n|t:|1700537393\n|move|p1a: sunglasses|Darkest Lariat|p2a: ancient spinner\n|-damage|p2a: ancient spinner|0 fnt\n|faint|p2a: ancient spinner\n|\n|upkeep\n|\n|t:|1700537397\n|switch|p2a: korok|Smeargle, F|100\/100\n|turn|9\n|\n|t:|1700537408\n|move|p2a: korok|Spore|p1a: sunglasses\n|-status|p1a: sunglasses|slp|[from] move: Spore\n|cant|p1a: sunglasses|slp\n|\n|-ability|p2a: korok|Moody|boost\n|-boost|p2a: korok|atk|2\n|-unboost|p2a: korok|spa|1\n|upkeep\n|turn|10\n|\n|t:|1700537415\n|move|p2a: korok|Substitute|p2a: korok\n|-start|p2a: korok|Substitute\n|-damage|p2a: korok|76\/100\n|-curestatus|p1a: sunglasses|slp|[msg]\n|move|p1a: sunglasses|Dragon Claw|p2a: korok\n|-end|p2a: korok|Substitute\n|\n|-heal|p2a: korok|82\/100|[from] item: Leftovers\n|-ability|p2a: korok|Moody|boost\n|-boost|p2a: korok|atk|2\n|-unboost|p2a: korok|def|1\n|upkeep\n|turn|11\n|\n|t:|1700537426\n|move|p2a: korok|Spore|p1a: sunglasses\n|-status|p1a: sunglasses|slp|[from] move: Spore\n|cant|p1a: sunglasses|slp\n|\n|-heal|p2a: korok|88\/100|[from] item: Leftovers\n|-ability|p2a: korok|Moody|boost\n|-boost|p2a: korok|atk|2\n|-unboost|p2a: korok|spa|1\n|upkeep\n|turn|12\n|\n|t:|1700537434\n|move|p2a: korok|Substitute|p2a: korok\n|-start|p2a: korok|Substitute\n|-damage|p2a: korok|63\/100\n|cant|p1a: sunglasses|slp\n|\n|-heal|p2a: korok|69\/100|[from] item: Leftovers\n|-ability|p2a: korok|Moody|boost\n|-boost|p2a: korok|spd|2\n|-unboost|p2a: korok|atk|1\n|upkeep\n|turn|13\n|\n|t:|1700537442\n|move|p2a: korok|Spiky Shield|p2a: korok\n|-singleturn|p2a: korok|move: Protect\n|-curestatus|p1a: sunglasses|slp|[msg]\n|move|p1a: sunglasses|Dragon Claw|p2a: korok\n|-activate|p2a: korok|move: Protect\n|-damage|p1a: sunglasses|88\/100|[from] Spiky Shield|[of] p2a: korok\n|\n|-heal|p2a: korok|75\/100|[from] item: Leftovers\n|-ability|p2a: korok|Moody|boost\n|-boost|p2a: korok|spa|2\n|-unboost|p2a: korok|atk|1\n|upkeep\n|turn|14\n|\n|t:|1700537454\n|move|p2a: korok|Spore|p1a: sunglasses\n|-status|p1a: sunglasses|slp|[from] move: Spore\n|cant|p1a: sunglasses|slp\n|\n|-heal|p2a: korok|81\/100|[from] item: Leftovers\n|-ability|p2a: korok|Moody|boost\n|-boost|p2a: korok|spe|2\n|-unboost|p2a: korok|spd|1\n|upkeep\n|turn|15\n|c|\u2606i'madragontype|THATS IT\n|\n|t:|1700537473\n|switch|p1a: reppar|Darkrai, tera:Fairy|100\/100 par\n|-activate|p1a: reppar|move: Sticky Web\n|-unboost|p1a: reppar|spe|1\n|-damage|p1a: reppar|88\/100 par|[from] Stealth Rock\n|move|p2a: korok|Spiky Shield||[still]\n|-fail|p2a: korok\n|\n|-heal|p2a: korok|87\/100|[from] item: Leftovers\n|-ability|p2a: korok|Moody|boost\n|-boost|p2a: korok|spa|2\n|-unboost|p2a: korok|spe|1\n|upkeep\n|turn|16\n|\n|t:|1700537484\n|move|p2a: korok|Spiky Shield|p2a: korok\n|-singleturn|p2a: korok|move: Protect\n|cant|p1a: reppar|par\n|\n|-heal|p2a: korok|93\/100|[from] item: Leftovers\n|-ability|p2a: korok|Moody|boost\n|-boost|p2a: korok|spe|2\n|-unboost|p2a: korok|def|1\n|upkeep\n|turn|17\n|\n|t:|1700537507\n|move|p2a: korok|Substitute|p2a: korok\n|-fail|p2a: korok|move: Substitute\n|cant|p1a: reppar|par\n|\n|-heal|p2a: korok|99\/100|[from] item: Leftovers\n|-ability|p2a: korok|Moody|boost\n|-boost|p2a: korok|def|2\n|-unboost|p2a: korok|spa|1\n|upkeep\n|turn|18\n|\n|t:|1700537519\n|-terastallize|p2a: korok|Dark\n|move|p2a: korok|Power Trip|p1a: reppar\n|-resisted|p1a: reppar\n|-damage|p1a: reppar|9\/100 par\n|move|p1a: reppar|Dark Void|p2a: korok|[miss]\n|-miss|p1a: reppar|p2a: korok\n|\n|-heal|p2a: korok|100\/100|[from] item: Leftovers\n|-ability|p2a: korok|Moody|boost\n|-boost|p2a: korok|def|2\n|-unboost|p2a: korok|spd|1\n|upkeep\n|turn|19\n|\n|t:|1700537532\n|move|p2a: korok|Power Trip|p1a: reppar\n|-resisted|p1a: reppar\n|-damage|p1a: reppar|0 fnt\n|faint|p1a: reppar\n|\n|-ability|p2a: korok|Moody|boost\n|-boost|p2a: korok|atk|2\n|-unboost|p2a: korok|def|1\n|upkeep\n|\n|t:|1700537541\n|switch|p1a: mafia|Honchkrow, M|100\/100\n|-damage|p1a: mafia|76\/100|[from] Stealth Rock\n|turn|20\n|\n|t:|1700537549\n|move|p2a: korok|Power Trip|p1a: mafia\n|-resisted|p1a: mafia\n|-damage|p1a: mafia|0 fnt\n|faint|p1a: mafia\n|\n|-ability|p2a: korok|Moody|boost\n|-boost|p2a: korok|def|2\n|-unboost|p2a: korok|spa|1\n|upkeep\n|c|\u2606i'madragontype|I HATE YOU\n|inactive|Battle timer is ON: inactive players will automatically lose when time's up. (requested by Spectro Moltres)\n|c|\u2606i'madragontype|I HATE YOU I HATE YOU I HATE YOU I HATE YOU I HATE YOU\n|inactive|i'madragontype has 120 seconds left.\n|\n|t:|1700537612\n|switch|p1a: bonebitch|Mandibuzz, F|100\/100\n|turn|21\n|\n|t:|1700537617\n|move|p2a: korok|Power Trip|p1a: bonebitch\n|-resisted|p1a: bonebitch\n|-damage|p1a: bonebitch|0 fnt\n|faint|p1a: bonebitch\n|\n|-ability|p2a: korok|Moody|boost\n|-boost|p2a: korok|spd|2\n|-unboost|p2a: korok|atk|1\n|upkeep\n|c|\u2606i'madragontype|esgrdtvfgvbfgokjbvhlobvgy8ouioidevtrgyubioftr5gtfyubioooooooonhjtyunkuhytfrhyukplhyugtfiyikphugtf6rg7yuhigt7fhyuijohuygt7f86r7gyuhijohuygt7f8r67gyuhitfrd75fhyuiygtf8r67tgy8hujygtfrd6tgyuhiygt8fr678tguinjophutfr678ijohuykm;ljiohuykmlj\n|\n|t:|1700537645\n|switch|p1a: heartless|Bombirdier, F|100\/100\n|-damage|p1a: heartless|76\/100|[from] Stealth Rock\n|turn|22\n|\n|t:|1700537660\n|move|p2a: korok|Power Trip|p1a: heartless\n|-resisted|p1a: heartless\n|-crit|p1a: heartless\n|-damage|p1a: heartless|0 fnt\n|faint|p1a: heartless\n|\n|-ability|p2a: korok|Moody|boost\n|-boost|p2a: korok|spe|2\n|-unboost|p2a: korok|spa|1\n|upkeep\n|inactive|i'madragontype has 120 seconds left.\n|c|\u2606i'madragontype|AAAAAAAAAAAAAAAAAAAAAAHHHHHHHHHHHHHHHHHHHHHHHHHHHHHHHHHHHHHHHHHHHHHHHHHHHHHHHHHHHHHHHHHHHHHHHHHHHHHHHHHHHHHHHHHHHHHHHHHHHHHHHHHHHHHHHHHHHHHHHHHHHHHHHHHHHHHHHHHHHHHHHHHHHHHHHHHHHHHHHHHHHHHHHHHHHHHHHHHHHHHHHHHHHHHHHHHHHHHHHH\n|\n|t:|1700537687\n|switch|p1a: croissant|Roaring Moon|100\/100\n|-activate|p1a: croissant|move: Sticky Web\n|-unboost|p1a: croissant|spe|1\n|-damage|p1a: croissant|88\/100|[from] Stealth Rock\n|-status|p1a: croissant|tox\n|-enditem|p1a: croissant|Booster Energy\n|-activate|p1a: croissant|ability: Protosynthesis|[fromitem]\n|-start|p1a: croissant|protosynthesisatk\n|turn|23\n|\n|t:|1700537696\n|move|p2a: korok|Spiky Shield|p2a: korok\n|-singleturn|p2a: korok|move: Protect\n|move|p1a: croissant|Outrage|p2a: korok\n|-activate|p2a: korok|move: Protect\n|-damage|p1a: croissant|76\/100 tox|[from] Spiky Shield|[of] p2a: korok\n|\n|-damage|p1a: croissant|70\/100 tox|[from] psn\n|-ability|p2a: korok|Moody|boost\n|-boost|p2a: korok|def|2\n|-unboost|p2a: korok|spe|1\n|upkeep\n|turn|24\n|inactive|i'madragontype has 120 seconds left.\n|\n|t:|1700537706\n|move|p2a: korok|Substitute|p2a: korok\n|-fail|p2a: korok|move: Substitute\n|move|p1a: croissant|Outrage|p2a: korok\n|-end|p2a: korok|Substitute\n|\n|-damage|p1a: croissant|58\/100 tox|[from] psn\n|-ability|p2a: korok|Moody|boost\n|-boost|p2a: korok|atk|1\n|-unboost|p2a: korok|spe|1\n|upkeep\n|turn|25\n|inactive|i'madragontype has 120 seconds left.\n|\n|t:|1700537717\n|move|p2a: korok|Spiky Shield|p2a: korok\n|-singleturn|p2a: korok|move: Protect\n|move|p1a: croissant|Outrage|p2a: korok|[from]lockedmove\n|-activate|p2a: korok|move: Protect\n|-damage|p1a: croissant|46\/100 tox|[from] Spiky Shield|[of] p2a: korok\n|\n|-damage|p1a: croissant|28\/100 tox|[from] psn\n|-ability|p2a: korok|Moody|boost\n|-boost|p2a: korok|def|1\n|-unboost|p2a: korok|spa|1\n|upkeep\n|turn|26\n|inactive|i'madragontype has 120 seconds left.\n|\n|t:|1700537727\n|move|p2a: korok|Substitute|p2a: korok\n|-start|p2a: korok|Substitute\n|-damage|p2a: korok|76\/100\n|move|p1a: croissant|Jaw Lock|p2a: korok\n|-resisted|p2a: korok\n|-end|p2a: korok|Substitute\n|\n|-heal|p2a: korok|82\/100|[from] item: Leftovers\n|-damage|p1a: croissant|4\/100 tox|[from] psn\n|-ability|p2a: korok|Moody|boost\n|-boost|p2a: korok|spe|2\n|-unboost|p2a: korok|spd|1\n|upkeep\n|turn|27\n|inactive|i'madragontype has 120 seconds left.\n|c|\u2606i'madragontype|NO\n|inactive|i'madragontype has 90 seconds left.\n|c|\u2606i'madragontype|NO NO NO NO NO NO NO NONONONONONONONONONONONONONNONONONONNONONONONONONONONONONONONNONONONONONONONONONONONONONONONN\n|\n|t:|1700537769\n|move|p2a: korok|Spiky Shield|p2a: korok\n|-singleturn|p2a: korok|move: Protect\n|move|p1a: croissant|Fire Fang|p2a: korok\n|-activate|p2a: korok|move: Protect\n|-damage|p1a: croissant|0 fnt|[from] Spiky Shield|[of] p2a: korok\n|faint|p1a: croissant\n|-end|p1a: croissant|Protosynthesis|[silent]\n|\n|-heal|p2a: korok|88\/100|[from] item: Leftovers\n|-ability|p2a: korok|Moody|boost\n|-boost|p2a: korok|spe|1\n|-unboost|p2a: korok|spa|1\n|upkeep\n|\n|t:|1700537781\n|switch|p1a: sunglasses|Krookodile, M|88\/100 slp\n|-activate|p1a: sunglasses|move: Sticky Web\n|-unboost|p1a: sunglasses|spe|1\n|-damage|p1a: sunglasses|82\/100 slp|[from] Stealth Rock\n|-ability|p1a: sunglasses|Intimidate|boost\n|-unboost|p2a: korok|atk|1\n|turn|28\n|\n|t:|1700537789\n|move|p2a: korok|Substitute|p2a: korok\n|-start|p2a: korok|Substitute\n|-damage|p2a: korok|63\/100\n|cant|p1a: sunglasses|slp\n|\n|-heal|p2a: korok|69\/100|[from] item: Leftovers\n|-ability|p2a: korok|Moody|boost\n|-boost|p2a: korok|atk|1\n|-unboost|p2a: korok|spd|1\n|upkeep\n|turn|29\n|inactive|i'madragontype has 90 seconds left.\n|\n|t:|1700537797\n|move|p2a: korok|Spiky Shield|p2a: korok\n|-singleturn|p2a: korok|move: Protect\n|-curestatus|p1a: sunglasses|slp|[msg]\n|move|p1a: sunglasses|Darkest Lariat|p2a: korok\n|-activate|p2a: korok|move: Protect\n|-damage|p1a: sunglasses|70\/100|[from] Spiky Shield|[of] p2a: korok\n|\n|-heal|p2a: korok|75\/100|[from] item: Leftovers\n|-ability|p2a: korok|Moody|boost\n|-boost|p2a: korok|spa|2\n|-unboost|p2a: korok|atk|1\n|upkeep\n|turn|30\n|\n|t:|1700537800\n|move|p2a: korok|Spore|p1a: sunglasses\n|-status|p1a: sunglasses|slp|[from] move: Spore\n|cant|p1a: sunglasses|slp\n|\n|-heal|p2a: korok|81\/100|[from] item: Leftovers\n|-ability|p2a: korok|Moody|boost\n|-boost|p2a: korok|spd|2\n|-unboost|p2a: korok|def|1\n|upkeep\n|turn|31\n|inactive|i'madragontype has 90 seconds left.\n|c|\u2606i'madragontype|DDDDDDDDDDDDDDDDDDDDDDDDDIIIIIIIIIIIIIIIIIIIIIIIIIIIIIIIIIIIIIIEEEEEEEEEEEEEEEEEEEEEEEEEEEEEEEEEEEEEE\n|\n|t:|1700537827\n|move|p2a: korok|Spiky Shield|p2a: korok\n|-singleturn|p2a: korok|move: Protect\n|cant|p1a: sunglasses|slp\n|\n|-heal|p2a: korok|87\/100|[from] item: Leftovers\n|-ability|p2a: korok|Moody|boost\n|-boost|p2a: korok|def|1\n|-unboost|p2a: korok|atk|1\n|upkeep\n|turn|32\n|inactive|i'madragontype has 90 seconds left.\n|\n|t:|1700537835\n|move|p2a: korok|Substitute|p2a: korok\n|-fail|p2a: korok|move: Substitute\n|cant|p1a: sunglasses|slp\n|\n|-heal|p2a: korok|93\/100|[from] item: Leftovers\n|-ability|p2a: korok|Moody|boost\n|-boost|p2a: korok|spa|2\n|-unboost|p2a: korok|atk|1\n|upkeep\n|turn|33\n|\n|t:|1700537842\n|move|p2a: korok|Power Trip|p1a: sunglasses\n|-resisted|p1a: sunglasses\n|-damage|p1a: sunglasses|0 fnt\n|faint|p1a: sunglasses\n|\n|win|Spectro Moltres\n|raw|i&apos;madragontype's rating: 1074 &rarr; <strong>1048<\/strong><br \/>(-26 for losing)\n|raw|Spectro Moltres's rating: 1000 &rarr; <strong>1048<\/strong><br \/>(+48 for winning)\n|n|\u2606Spectro Moltres|spectromoltres\n|c|\u2606i'madragontype|YOU WILL PAY\n|c|\u2606Spectro Moltres|btw dark void is useless in singles\n|c|\u2606i'madragontype|:)\n|c|\u2606Spectro Moltres|hypnosis has more accuracy\n|c|\u2606i'madragontype|:)\n","uploadtime":1700537609,"views":14,"p1id":"imadragontype","p2id":"spectromoltres","formatid":"gen9nationaldexubers","rating":1048,"private":0,"password":""}