{"id":"gen9nationaldexubers-1993356256","p1":"Rhyfinn08","p2":"Vinnk","format":"[Gen 9] National Dex Ubers","log":"|j|\u2606Rhyfinn08\n|j|\u2606Vinnk\n|t:|1700304995\n|gametype|singles\n|player|p1|Rhyfinn08|ninjaboy|1152\n|player|p2|Vinnk|leaf-masters|1270\n|teamsize|p1|6\n|teamsize|p2|6\n|gen|9\n|tier|[Gen 9] National Dex Ubers\n|rated|\n|rule|HP Percentage Mod: HP is shown in percentages\n|rule|Endless Battle Clause: Forcing endless battles is banned\n|rule|OHKO Clause: OHKO moves are banned\n|rule|Evasion Moves Clause: Evasion moves are banned\n|rule|Evasion Items Clause: Evasion items are banned\n|rule|Species Clause: Limit one of each Pok\u00e9mon\n|rule|Sleep Clause Mod: Limit one foe put to sleep\n|rule|Mega Rayquaza Clause: You cannot mega evolve Rayquaza\n|clearpoke\n|poke|p1|Xerneas-*|\n|poke|p1|Marshadow|\n|poke|p1|Groudon|\n|poke|p1|Deoxys-Speed|\n|poke|p1|Necrozma-Dusk-Mane|\n|poke|p1|Pheromosa|\n|poke|p2|Diancie|\n|poke|p2|Salamence, M|\n|poke|p2|Rillaboom, M|\n|poke|p2|Chandelure, M|\n|poke|p2|Darmanitan-Galar, F|\n|poke|p2|Iron Valiant|\n|teampreview\n|inactive|Battle timer is ON: inactive players will automatically lose when time's up. (requested by Rhyfinn08)\n|\n|t:|1700305007\n|start\n|switch|p1a: Deoxys|Deoxys-Speed, shiny|100\/100\n|switch|p2a: Salamence|Salamence, M|100\/100\n|-ability|p1a: Deoxys|Pressure\n|turn|1\n|\n|t:|1700305011\n|move|p1a: Deoxys|Taunt|p2a: Salamence\n|-start|p2a: Salamence|move: Taunt\n|cant|p2a: Salamence|move: Taunt|Dragon Dance\n|\n|upkeep\n|turn|2\n|\n|t:|1700305017\n|switch|p2a: Diancie|Diancie|100\/100\n|move|p1a: Deoxys|Stealth Rock|p2a: Diancie\n|-sidestart|p2: Vinnk|move: Stealth Rock\n|\n|upkeep\n|turn|3\n|\n|t:|1700305021\n|switch|p1a: Necrozma|Necrozma-Dusk-Mane, shiny|100\/100\n|detailschange|p2a: Diancie|Diancie-Mega\n|-mega|p2a: Diancie|Diancie|Diancite\n|move|p2a: Diancie|Calm Mind|p2a: Diancie\n|-boost|p2a: Diancie|spa|1\n|-boost|p2a: Diancie|spd|1\n|\n|upkeep\n|turn|4\n|\n|t:|1700305028\n|move|p2a: Diancie|Earth Power|p1a: Necrozma\n|-supereffective|p1a: Necrozma\n|-damage|p1a: Necrozma|29\/100\n|move|p1a: Necrozma|Dragon Dance|p1a: Necrozma\n|-boost|p1a: Necrozma|atk|1\n|-boost|p1a: Necrozma|spe|1\n|\n|upkeep\n|turn|5\n|\n|t:|1700305035\n|detailschange|p1a: Necrozma|Necrozma-Ultra, shiny\n|-burst|p1a: Necrozma|Necrozma|Ultranecrozium Z\n|move|p1a: Necrozma|Sunsteel Strike|p2a: Diancie\n|-supereffective|p2a: Diancie\n|-damage|p2a: Diancie|0 fnt\n|faint|p2a: Diancie\n|\n|upkeep\n|\n|t:|1700305046\n|switch|p2a: Iron Valiant|Iron Valiant|100\/100\n|-damage|p2a: Iron Valiant|94\/100|[from] Stealth Rock\n|-enditem|p2a: Iron Valiant|Booster Energy\n|-activate|p2a: Iron Valiant|ability: Quark Drive|[fromitem]\n|-start|p2a: Iron Valiant|quarkdriveatk\n|turn|6\n|\n|t:|1700305054\n|move|p2a: Iron Valiant|Shadow Sneak|p1a: Necrozma\n|-supereffective|p1a: Necrozma\n|-damage|p1a: Necrozma|0 fnt\n|faint|p1a: Necrozma\n|\n|upkeep\n|\n|t:|1700305061\n|switch|p1a: Deoxys|Deoxys-Speed, shiny|100\/100\n|-ability|p1a: Deoxys|Pressure\n|turn|7\n|\n|t:|1700305065\n|move|p2a: Iron Valiant|Shadow Sneak|p1a: Deoxys\n|-supereffective|p1a: Deoxys\n|-crit|p1a: Deoxys\n|-damage|p1a: Deoxys|30\/100\n|move|p1a: Deoxys|Stealth Rock||[still]\n|-fail|p1a: Deoxys\n|\n|upkeep\n|turn|8\n|c|\u2606Rhyfinn08|lol\n|c|\u2606Rhyfinn08|missclick\n|c|\u2606Vinnk|Missclick?\n|\n|t:|1700305076\n|move|p2a: Iron Valiant|Shadow Sneak|p1a: Deoxys\n|-supereffective|p1a: Deoxys\n|-damage|p1a: Deoxys|0 fnt\n|faint|p1a: Deoxys\n|\n|upkeep\n|c|\u2606Vinnk|rip\n|\n|t:|1700305081\n|switch|p1a: Groudon|Groudon, shiny|100\/100\n|detailschange|p1a: Groudon|Groudon-Primal, shiny\n|-primal|p1a: Groudon|Red Orb\n|-weather|DesolateLand|[from] ability: Desolate Land|[of] p1a: Groudon\n|turn|9\n|\n|t:|1700305090\n|-end|p2a: Iron Valiant|Quark Drive|[silent]\n|switch|p2a: Lucifer|Chandelure, M, shiny|100\/100\n|-damage|p2a: Lucifer|76\/100|[from] Stealth Rock\n|move|p1a: Groudon|Flamethrower|p2a: Lucifer\n|-start|p2a: Lucifer|ability: Flash Fire\n|\n|-weather|DesolateLand|[upkeep]\n|upkeep\n|turn|10\n|\n|t:|1700305108\n|move|p2a: Lucifer|Shadow Ball|p1a: Groudon\n|-damage|p1a: Groudon|54\/100\n|-unboost|p1a: Groudon|spd|1\n|move|p1a: Groudon|Earth Power|p2a: Lucifer\n|-supereffective|p2a: Lucifer\n|-damage|p2a: Lucifer|0 fnt\n|faint|p2a: Lucifer\n|\n|-weather|DesolateLand|[upkeep]\n|upkeep\n|\n|t:|1700305116\n|switch|p2a: Salamence|Salamence, M|100\/100\n|-damage|p2a: Salamence|76\/100|[from] Stealth Rock\n|turn|11\n|\n|t:|1700305128\n|move|p2a: Salamence|Earthquake|p1a: Groudon\n|-supereffective|p1a: Groudon\n|-crit|p1a: Groudon\n|-damage|p1a: Groudon|0 fnt\n|faint|p1a: Groudon\n|-weather|none\n|-ability|p2a: Salamence|Moxie|boost\n|-boost|p2a: Salamence|atk|1\n|\n|upkeep\n|\n|t:|1700305136\n|switch|p1a: Pheromosa|Pheromosa, shiny|100\/100\n|turn|12\n|\n|t:|1700305140\n|move|p1a: Pheromosa|Ice Beam|p2a: Salamence\n|-supereffective|p2a: Salamence\n|-damage|p2a: Salamence|0 fnt\n|faint|p2a: Salamence\n|-ability|p1a: Pheromosa|Beast Boost|boost\n|-boost|p1a: Pheromosa|spe|1\n|-damage|p1a: Pheromosa|91\/100|[from] item: Life Orb\n|\n|upkeep\n|\n|t:|1700305148\n|switch|p2a: Darmanitan|Darmanitan-Galar, F|100\/100\n|-damage|p2a: Darmanitan|76\/100|[from] Stealth Rock\n|turn|13\n|\n|t:|1700305151\n|move|p1a: Pheromosa|Close Combat|p2a: Darmanitan\n|-supereffective|p2a: Darmanitan\n|-damage|p2a: Darmanitan|0 fnt\n|-unboost|p1a: Pheromosa|def|1\n|-unboost|p1a: Pheromosa|spd|1\n|faint|p2a: Darmanitan\n|-ability|p1a: Pheromosa|Beast Boost|boost\n|-boost|p1a: Pheromosa|spe|1\n|-damage|p1a: Pheromosa|81\/100|[from] item: Life Orb\n|\n|upkeep\n|\n|t:|1700305157\n|switch|p2a: Rillaboom|Rillaboom, M|100\/100\n|-damage|p2a: Rillaboom|88\/100|[from] Stealth Rock\n|-fieldstart|move: Grassy Terrain|[from] ability: Grassy Surge|[of] p2a: Rillaboom\n|turn|14\n|\n|t:|1700305163\n|move|p2a: Rillaboom|Grassy Glide|p1a: Pheromosa\n|-resisted|p1a: Pheromosa\n|-damage|p1a: Pheromosa|0 fnt\n|faint|p1a: Pheromosa\n|\n|-heal|p2a: Rillaboom|94\/100|[from] Grassy Terrain\n|upkeep\n|\n|t:|1700305166\n|switch|p1a: Xerneas|Xerneas|100\/100\n|-ability|p1a: Xerneas|Fairy Aura\n|turn|15\n|\n|t:|1700305173\n|move|p2a: Rillaboom|Grassy Glide|p1a: Xerneas\n|-damage|p1a: Xerneas|45\/100\n|move|p1a: Xerneas|Geomancy||[still]\n|-prepare|p1a: Xerneas|Geomancy\n|-enditem|p1a: Xerneas|Power Herb\n|-anim|p1a: Xerneas|Geomancy|p1a: Xerneas\n|-boost|p1a: Xerneas|spa|2\n|-boost|p1a: Xerneas|spd|2\n|-boost|p1a: Xerneas|spe|2\n|\n|-heal|p1a: Xerneas|52\/100|[from] Grassy Terrain\n|-heal|p2a: Rillaboom|100\/100|[from] Grassy Terrain\n|upkeep\n|turn|16\n|\n|t:|1700305178\n|-terastallize|p1a: Xerneas|Fire\n|move|p2a: Rillaboom|Grassy Glide|p1a: Xerneas\n|-resisted|p1a: Xerneas\n|-damage|p1a: Xerneas|27\/100\n|move|p1a: Xerneas|Moonblast|p2a: Rillaboom\n|-damage|p2a: Rillaboom|0 fnt\n|faint|p2a: Rillaboom\n|\n|-heal|p1a: Xerneas|34\/100|[from] Grassy Terrain\n|upkeep\n|\n|t:|1700305182\n|switch|p2a: Iron Valiant|Iron Valiant|94\/100\n|-damage|p2a: Iron Valiant|88\/100|[from] Stealth Rock\n|turn|17\n|\n|t:|1700305186\n|move|p2a: Iron Valiant|Shadow Sneak|p1a: Xerneas\n|-damage|p1a: Xerneas|21\/100\n|move|p1a: Xerneas|Moonblast|p2a: Iron Valiant\n|-supereffective|p2a: Iron Valiant\n|-damage|p2a: Iron Valiant|0 fnt\n|faint|p2a: Iron Valiant\n|-end|p2a: Iron Valiant|Quark Drive|[silent]\n|\n|win|Rhyfinn08\n|raw|Rhyfinn08's rating: 1152 &rarr; <strong>1185<\/strong><br \/>(+33 for winning)\n|raw|Vinnk's rating: 1270 &rarr; <strong>1237<\/strong><br \/>(-33 for losing)\n|c|\u2606Vinnk|gg\n|c|\u2606Rhyfinn08|gg\n|l|\u2606Vinnk\n","uploadtime":1700305193,"views":7,"p1id":"rhyfinn08","p2id":"vinnk","formatid":"gen9nationaldexubers","rating":1185,"private":0,"password":""}