{"id":"gen9nationaldexubers-1992931711","p1":"phalap","p2":"bvghvg","format":"[Gen 9] National Dex Ubers","log":"|j|\u2606phalap\n|j|\u2606bvghvg\n|t:|1700247930\n|gametype|singles\n|player|p1|phalap|lucas|1227\n|player|p2|bvghvg|riley|1206\n|teamsize|p1|6\n|teamsize|p2|6\n|gen|9\n|tier|[Gen 9] National Dex Ubers\n|rated|\n|rule|HP Percentage Mod: HP is shown in percentages\n|rule|Endless Battle Clause: Forcing endless battles is banned\n|rule|OHKO Clause: OHKO moves are banned\n|rule|Evasion Moves Clause: Evasion moves are banned\n|rule|Evasion Items Clause: Evasion items are banned\n|rule|Species Clause: Limit one of each Pok\u00e9mon\n|rule|Sleep Clause Mod: Limit one foe put to sleep\n|rule|Mega Rayquaza Clause: You cannot mega evolve Rayquaza\n|clearpoke\n|poke|p1|Eternatus|\n|poke|p1|Necrozma-Dusk-Mane|\n|poke|p1|Skeledirge, M|\n|poke|p1|Ferrothorn, F|\n|poke|p1|Yveltal|\n|poke|p1|Gliscor, F|\n|poke|p2|Yveltal|\n|poke|p2|Mewtwo|\n|poke|p2|Kartana|\n|poke|p2|Urshifu-*, M|\n|poke|p2|Iron Moth|\n|poke|p2|Ferrothorn, F|\n|teampreview\n|inactive|Battle timer is ON: inactive players will automatically lose when time's up. (requested by phalap)\n|\n|t:|1700247939\n|start\n|switch|p1a: Necrozma|Necrozma-Dusk-Mane|100\/100\n|switch|p2a: Ferrothorn|Ferrothorn, F|100\/100\n|turn|1\n|\n|t:|1700247947\n|move|p1a: Necrozma|Stealth Rock|p2a: Ferrothorn\n|-sidestart|p2: bvghvg|move: Stealth Rock\n|move|p2a: Ferrothorn|Stealth Rock|p1a: Necrozma\n|-sidestart|p1: phalap|move: Stealth Rock\n|\n|upkeep\n|turn|2\n|\n|t:|1700247954\n|move|p1a: Necrozma|Knock Off|p2a: Ferrothorn\n|-damage|p2a: Ferrothorn|72\/100\n|-damage|p1a: Necrozma|88\/100|[from] ability: Iron Barbs|[of] p2a: Ferrothorn\n|-enditem|p2a: Ferrothorn|Leftovers|[from] move: Knock Off|[of] p1a: Necrozma\n|move|p2a: Ferrothorn|Knock Off|p1a: Necrozma\n|-supereffective|p1a: Necrozma\n|-damage|p1a: Necrozma|66\/100\n|-enditem|p1a: Necrozma|Leftovers|[from] move: Knock Off|[of] p2a: Ferrothorn\n|\n|upkeep\n|turn|3\n|\n|t:|1700247965\n|switch|p1a: Eternatus|Eternatus|100\/100\n|-damage|p1a: Eternatus|88\/100|[from] Stealth Rock\n|-ability|p1a: Eternatus|Pressure\n|move|p2a: Ferrothorn|Leech Seed|p1a: Eternatus\n|-start|p1a: Eternatus|move: Leech Seed\n|\n|-damage|p1a: Eternatus|76\/100|[from] Leech Seed|[of] p2a: Ferrothorn\n|-heal|p2a: Ferrothorn|86\/100|[silent]\n|upkeep\n|turn|4\n|\n|t:|1700247972\n|move|p1a: Eternatus|Sludge Bomb|p2a: Ferrothorn\n|-immune|p2a: Ferrothorn\n|move|p2a: Ferrothorn|Knock Off|p1a: Eternatus\n|-damage|p1a: Eternatus|56\/100\n|-enditem|p1a: Eternatus|Choice Specs|[from] move: Knock Off|[of] p2a: Ferrothorn\n|\n|-damage|p1a: Eternatus|44\/100|[from] Leech Seed|[of] p2a: Ferrothorn\n|-heal|p2a: Ferrothorn|100\/100|[silent]\n|upkeep\n|turn|5\n|\n|t:|1700247982\n|move|p1a: Eternatus|Flamethrower|p2a: Ferrothorn\n|-supereffective|p2a: Ferrothorn\n|-damage|p2a: Ferrothorn|8\/100\n|move|p2a: Ferrothorn|Knock Off|p1a: Eternatus\n|-damage|p1a: Eternatus|31\/100\n|\n|-damage|p1a: Eternatus|19\/100|[from] Leech Seed|[of] p2a: Ferrothorn\n|-heal|p2a: Ferrothorn|23\/100|[silent]\n|upkeep\n|turn|6\n|\n|t:|1700247989\n|switch|p1a: Yveltal|Yveltal|100\/100\n|-ability|p1a: Yveltal|Dark Aura\n|move|p2a: Ferrothorn|Protect||[still]\n|-fail|p2a: Ferrothorn\n|\n|upkeep\n|turn|7\n|\n|t:|1700247995\n|move|p1a: Yveltal|Oblivion Wing|p2a: Ferrothorn\n|-damage|p2a: Ferrothorn|0 fnt\n|faint|p2a: Ferrothorn\n|\n|upkeep\n|\n|t:|1700248021\n|switch|p2a: Kartana|Kartana, shiny|100\/100\n|-damage|p2a: Kartana|94\/100|[from] Stealth Rock\n|turn|8\n|\n|t:|1700248027\n|move|p2a: Kartana|Sacred Sword|p1a: Yveltal\n|-damage|p1a: Yveltal|56\/100\n|-damage|p2a: Kartana|85\/100|[from] item: Life Orb\n|move|p1a: Yveltal|Oblivion Wing|p2a: Kartana\n|-damage|p2a: Kartana|0 fnt\n|-heal|p1a: Yveltal|92\/100|[from] drain|[of] p2a: Kartana\n|faint|p2a: Kartana\n|\n|upkeep\n|\n|t:|1700248037\n|switch|p2a: Iron Moth|Iron Moth|100\/100\n|-damage|p2a: Iron Moth|76\/100|[from] Stealth Rock\n|-enditem|p2a: Iron Moth|Booster Energy\n|-activate|p2a: Iron Moth|ability: Quark Drive|[fromitem]\n|-start|p2a: Iron Moth|quarkdrivespa\n|turn|9\n|\n|t:|1700248048\n|move|p2a: Iron Moth|Fiery Dance|p1a: Yveltal\n|-damage|p1a: Yveltal|61\/100\n|-boost|p2a: Iron Moth|spa|1\n|move|p1a: Yveltal|Oblivion Wing|p2a: Iron Moth\n|-damage|p2a: Iron Moth|40\/100\n|-heal|p1a: Yveltal|79\/100|[from] drain|[of] p2a: Iron Moth\n|\n|upkeep\n|turn|10\n|\n|t:|1700248057\n|move|p1a: Yveltal|Sucker Punch|p2a: Iron Moth\n|-damage|p2a: Iron Moth|0 fnt\n|faint|p2a: Iron Moth\n|-end|p2a: Iron Moth|Quark Drive|[silent]\n|\n|upkeep\n|\n|t:|1700248066\n|switch|p2a: Yveltal|Yveltal|100\/100\n|-damage|p2a: Yveltal|76\/100|[from] Stealth Rock\n|-ability|p2a: Yveltal|Dark Aura\n|turn|11\n|\n|t:|1700248076\n|move|p1a: Yveltal|Oblivion Wing|p2a: Yveltal\n|-damage|p2a: Yveltal|52\/100\n|-heal|p1a: Yveltal|96\/100|[from] drain|[of] p2a: Yveltal\n|move|p2a: Yveltal|Snarl|p1a: Yveltal\n|-resisted|p1a: Yveltal\n|-damage|p1a: Yveltal|87\/100\n|-unboost|p1a: Yveltal|spa|1\n|\n|-heal|p2a: Yveltal|59\/100|[from] item: Leftovers\n|upkeep\n|turn|12\n|\n|t:|1700248089\n|switch|p1a: Ferrothorn|Ferrothorn, F|100\/100\n|-damage|p1a: Ferrothorn|94\/100|[from] Stealth Rock\n|move|p2a: Yveltal|Roost|p2a: Yveltal\n|-heal|p2a: Yveltal|100\/100\n|-singleturn|p2a: Yveltal|move: Roost\n|\n|-heal|p1a: Ferrothorn|100\/100|[from] item: Leftovers\n|upkeep\n|turn|13\n|\n|t:|1700248096\n|move|p2a: Yveltal|Oblivion Wing|p1a: Ferrothorn\n|-damage|p1a: Ferrothorn|70\/100\n|move|p1a: Ferrothorn|Leech Seed|p2a: Yveltal\n|-start|p2a: Yveltal|move: Leech Seed\n|\n|-heal|p1a: Ferrothorn|76\/100|[from] item: Leftovers\n|-damage|p2a: Yveltal|88\/100|[from] Leech Seed|[of] p1a: Ferrothorn\n|-heal|p1a: Ferrothorn|92\/100|[silent]\n|upkeep\n|turn|14\n|\n|t:|1700248101\n|switch|p2a: Urshifu|Urshifu, M|100\/100\n|-damage|p2a: Urshifu|94\/100|[from] Stealth Rock\n|move|p1a: Ferrothorn|Thunder Wave|p2a: Urshifu\n|-status|p2a: Urshifu|par\n|\n|-heal|p1a: Ferrothorn|98\/100|[from] item: Leftovers\n|upkeep\n|turn|15\n|\n|t:|1700248109\n|move|p2a: Urshifu|Drain Punch|p1a: Ferrothorn\n|-supereffective|p1a: Ferrothorn\n|-damage|p1a: Ferrothorn|33\/100\n|-heal|p2a: Urshifu|100\/100 par|[from] drain|[of] p1a: Ferrothorn\n|-damage|p2a: Urshifu|88\/100 par|[from] ability: Iron Barbs|[of] p1a: Ferrothorn\n|move|p1a: Ferrothorn|Leech Seed|p2a: Urshifu\n|-start|p2a: Urshifu|move: Leech Seed\n|\n|-heal|p1a: Ferrothorn|39\/100|[from] item: Leftovers\n|-damage|p2a: Urshifu|76\/100 par|[from] Leech Seed|[of] p1a: Ferrothorn\n|-heal|p1a: Ferrothorn|51\/100|[silent]\n|upkeep\n|turn|16\n|\n|t:|1700248120\n|switch|p1a: Yveltal|Yveltal|87\/100\n|-ability|p1a: Yveltal|Dark Aura\n|move|p2a: Urshifu|Drain Punch|p1a: Yveltal\n|-damage|p1a: Yveltal|50\/100\n|-heal|p2a: Urshifu|100\/100 par|[from] drain|[of] p1a: Yveltal\n|\n|-damage|p2a: Urshifu|88\/100 par|[from] Leech Seed|[of] p1a: Yveltal\n|-heal|p1a: Yveltal|59\/100|[silent]\n|upkeep\n|turn|17\n|\n|t:|1700248128\n|switch|p2a: Yveltal|Yveltal|88\/100\n|-damage|p2a: Yveltal|63\/100|[from] Stealth Rock\n|-ability|p2a: Yveltal|Dark Aura\n|move|p1a: Yveltal|Oblivion Wing|p2a: Yveltal\n|-damage|p2a: Yveltal|40\/100\n|-heal|p1a: Yveltal|77\/100|[from] drain|[of] p2a: Yveltal\n|\n|-heal|p2a: Yveltal|46\/100|[from] item: Leftovers\n|upkeep\n|turn|18\n|\n|t:|1700248146\n|move|p1a: Yveltal|Oblivion Wing|p2a: Yveltal\n|-damage|p2a: Yveltal|20\/100\n|-heal|p1a: Yveltal|96\/100|[from] drain|[of] p2a: Yveltal\n|move|p2a: Yveltal|Roost|p2a: Yveltal\n|-heal|p2a: Yveltal|70\/100\n|-singleturn|p2a: Yveltal|move: Roost\n|\n|-heal|p2a: Yveltal|76\/100|[from] item: Leftovers\n|upkeep\n|turn|19\n|\n|t:|1700248155\n|move|p1a: Yveltal|Sucker Punch|p2a: Yveltal\n|-resisted|p2a: Yveltal\n|-damage|p2a: Yveltal|62\/100\n|move|p2a: Yveltal|Snarl|p1a: Yveltal\n|-resisted|p1a: Yveltal\n|-damage|p1a: Yveltal|86\/100\n|-unboost|p1a: Yveltal|spa|1\n|\n|-heal|p2a: Yveltal|68\/100|[from] item: Leftovers\n|upkeep\n|turn|20\n|\n|t:|1700248170\n|switch|p1a: Gliscor|Gliscor, F|100\/100\n|-damage|p1a: Gliscor|88\/100|[from] Stealth Rock\n|move|p2a: Yveltal|Snarl|p1a: Gliscor\n|-damage|p1a: Gliscor|43\/100\n|-unboost|p1a: Gliscor|spa|1\n|\n|-heal|p2a: Yveltal|74\/100|[from] item: Leftovers\n|-status|p1a: Gliscor|tox|[from] item: Toxic Orb\n|upkeep\n|turn|21\n|\n|t:|1700248181\n|move|p1a: Gliscor|Protect|p1a: Gliscor\n|-singleturn|p1a: Gliscor|Protect\n|move|p2a: Yveltal|Oblivion Wing|p1a: Gliscor\n|-activate|p1a: Gliscor|move: Protect\n|\n|-heal|p2a: Yveltal|80\/100|[from] item: Leftovers\n|-heal|p1a: Gliscor|55\/100 tox|[from] ability: Poison Heal\n|upkeep\n|turn|22\n|\n|t:|1700248205\n|move|p1a: Gliscor|Toxic|p2a: Yveltal\n|-status|p2a: Yveltal|tox\n|move|p2a: Yveltal|Oblivion Wing|p1a: Gliscor\n|-damage|p1a: Gliscor|7\/100 tox\n|-heal|p2a: Yveltal|100\/100 tox|[from] drain|[of] p1a: Gliscor\n|\n|-heal|p1a: Gliscor|19\/100 tox|[from] ability: Poison Heal\n|-damage|p2a: Yveltal|94\/100 tox|[from] psn\n|upkeep\n|turn|23\n|\n|t:|1700248216\n|move|p1a: Gliscor|Protect|p1a: Gliscor\n|-singleturn|p1a: Gliscor|Protect\n|move|p2a: Yveltal|Snarl|p1a: Gliscor\n|-activate|p1a: Gliscor|move: Protect\n|\n|-heal|p2a: Yveltal|100\/100 tox|[from] item: Leftovers\n|-heal|p1a: Gliscor|32\/100 tox|[from] ability: Poison Heal\n|-damage|p2a: Yveltal|88\/100 tox|[from] psn\n|upkeep\n|turn|24\n|\n|t:|1700248231\n|switch|p1a: Ferrothorn|Ferrothorn, F|51\/100\n|-damage|p1a: Ferrothorn|45\/100|[from] Stealth Rock\n|move|p2a: Yveltal|Snarl|p1a: Ferrothorn\n|-damage|p1a: Ferrothorn|15\/100\n|-unboost|p1a: Ferrothorn|spa|1\n|\n|-heal|p2a: Yveltal|94\/100 tox|[from] item: Leftovers\n|-heal|p1a: Ferrothorn|21\/100|[from] item: Leftovers\n|-damage|p2a: Yveltal|76\/100 tox|[from] psn\n|upkeep\n|turn|25\n|\n|t:|1700248243\n|switch|p2a: Mewtwo|Mewtwo|100\/100\n|-ability|p2a: Mewtwo|Unnerve\n|-damage|p2a: Mewtwo|88\/100|[from] Stealth Rock\n|move|p1a: Ferrothorn|Leech Seed|p2a: Mewtwo\n|-start|p2a: Mewtwo|move: Leech Seed\n|\n|-heal|p1a: Ferrothorn|27\/100|[from] item: Leftovers\n|-damage|p2a: Mewtwo|76\/100|[from] Leech Seed|[of] p1a: Ferrothorn\n|-heal|p1a: Ferrothorn|40\/100|[silent]\n|upkeep\n|turn|26\n|\n|t:|1700248255\n|detailschange|p2a: Mewtwo|Mewtwo-Mega-Y\n|-mega|p2a: Mewtwo|Mewtwo|Mewtwonite Y\n|move|p2a: Mewtwo|Nasty Plot|p2a: Mewtwo\n|-boost|p2a: Mewtwo|spa|2\n|move|p1a: Ferrothorn|Thunder Wave|p2a: Mewtwo\n|-status|p2a: Mewtwo|par\n|\n|-heal|p1a: Ferrothorn|46\/100|[from] item: Leftovers\n|-damage|p2a: Mewtwo|63\/100 par|[from] Leech Seed|[of] p1a: Ferrothorn\n|-heal|p1a: Ferrothorn|59\/100|[silent]\n|upkeep\n|turn|27\n|\n|t:|1700248266\n|move|p2a: Mewtwo|Aura Sphere|p1a: Ferrothorn\n|-supereffective|p1a: Ferrothorn\n|-damage|p1a: Ferrothorn|0 fnt\n|faint|p1a: Ferrothorn\n|\n|upkeep\n|\n|t:|1700248277\n|switch|p1a: Yveltal|Yveltal|86\/100\n|-ability|p1a: Yveltal|Dark Aura\n|turn|28\n|\n|t:|1700248283\n|move|p1a: Yveltal|Sucker Punch|p2a: Mewtwo\n|-supereffective|p2a: Mewtwo\n|-damage|p2a: Mewtwo|0 fnt\n|faint|p2a: Mewtwo\n|\n|upkeep\n|c|\u2606bvghvg|fck u lord helix\n|\n|t:|1700248295\n|switch|p2a: Yveltal|Yveltal|76\/100 tox\n|-damage|p2a: Yveltal|51\/100 tox|[from] Stealth Rock\n|-ability|p2a: Yveltal|Dark Aura\n|turn|29\n|\n|t:|1700248307\n|move|p1a: Yveltal|Oblivion Wing|p2a: Yveltal\n|-damage|p2a: Yveltal|27\/100 tox\n|-heal|p1a: Yveltal|100\/100|[from] drain|[of] p2a: Yveltal\n|move|p2a: Yveltal|Snarl|p1a: Yveltal\n|-resisted|p1a: Yveltal\n|-damage|p1a: Yveltal|90\/100\n|-unboost|p1a: Yveltal|spa|1\n|\n|-heal|p2a: Yveltal|33\/100 tox|[from] item: Leftovers\n|-damage|p2a: Yveltal|27\/100 tox|[from] psn\n|upkeep\n|turn|30\n|\n|t:|1700248323\n|move|p1a: Yveltal|Oblivion Wing|p2a: Yveltal\n|-damage|p2a: Yveltal|11\/100 tox\n|-heal|p1a: Yveltal|100\/100|[from] drain|[of] p2a: Yveltal\n|move|p2a: Yveltal|Roost|p2a: Yveltal\n|-heal|p2a: Yveltal|61\/100 tox\n|-singleturn|p2a: Yveltal|move: Roost\n|\n|-heal|p2a: Yveltal|68\/100 tox|[from] item: Leftovers\n|-damage|p2a: Yveltal|55\/100 tox|[from] psn\n|upkeep\n|turn|31\n|\n|t:|1700248342\n|move|p1a: Yveltal|Oblivion Wing|p2a: Yveltal\n|-damage|p2a: Yveltal|39\/100 tox\n|move|p2a: Yveltal|Roost|p2a: Yveltal\n|-heal|p2a: Yveltal|89\/100 tox\n|-singleturn|p2a: Yveltal|move: Roost\n|\n|-heal|p2a: Yveltal|95\/100 tox|[from] item: Leftovers\n|-damage|p2a: Yveltal|76\/100 tox|[from] psn\n|upkeep\n|turn|32\n|\n|t:|1700248351\n|move|p1a: Yveltal|Sucker Punch|p2a: Yveltal\n|-resisted|p2a: Yveltal\n|-damage|p2a: Yveltal|63\/100 tox\n|move|p2a: Yveltal|Snarl|p1a: Yveltal\n|-resisted|p1a: Yveltal\n|-damage|p1a: Yveltal|91\/100\n|-unboost|p1a: Yveltal|spa|1\n|\n|-heal|p2a: Yveltal|70\/100 tox|[from] item: Leftovers\n|-damage|p2a: Yveltal|45\/100 tox|[from] psn\n|upkeep\n|turn|33\n|\n|t:|1700248364\n|move|p1a: Yveltal|Sucker Punch|p2a: Yveltal\n|-resisted|p2a: Yveltal\n|-damage|p2a: Yveltal|30\/100 tox\n|move|p2a: Yveltal|Oblivion Wing|p1a: Yveltal\n|-damage|p1a: Yveltal|69\/100\n|-heal|p2a: Yveltal|46\/100 tox|[from] drain|[of] p1a: Yveltal\n|\n|-heal|p2a: Yveltal|52\/100 tox|[from] item: Leftovers\n|-damage|p2a: Yveltal|22\/100 tox|[from] psn\n|upkeep\n|turn|34\n|\n|t:|1700248373\n|move|p1a: Yveltal|Oblivion Wing|p2a: Yveltal\n|-damage|p2a: Yveltal|10\/100 tox\n|-heal|p1a: Yveltal|77\/100|[from] drain|[of] p2a: Yveltal\n|move|p2a: Yveltal|Roost|p2a: Yveltal\n|-heal|p2a: Yveltal|60\/100 tox\n|-singleturn|p2a: Yveltal|move: Roost\n|\n|-heal|p2a: Yveltal|67\/100 tox|[from] item: Leftovers\n|-damage|p2a: Yveltal|30\/100 tox|[from] psn\n|upkeep\n|turn|35\n|\n|t:|1700248384\n|move|p1a: Yveltal|Oblivion Wing|p2a: Yveltal\n|-damage|p2a: Yveltal|17\/100 tox\n|-heal|p1a: Yveltal|87\/100|[from] drain|[of] p2a: Yveltal\n|move|p2a: Yveltal|Roost|p2a: Yveltal\n|-heal|p2a: Yveltal|67\/100 tox\n|-singleturn|p2a: Yveltal|move: Roost\n|\n|-heal|p2a: Yveltal|73\/100 tox|[from] item: Leftovers\n|-damage|p2a: Yveltal|30\/100 tox|[from] psn\n|upkeep\n|turn|36\n|\n|t:|1700248393\n|move|p1a: Yveltal|Sucker Punch||[still]\n|-fail|p1a: Yveltal\n|move|p2a: Yveltal|Roost|p2a: Yveltal\n|-heal|p2a: Yveltal|80\/100 tox\n|-singleturn|p2a: Yveltal|move: Roost\n|\n|-heal|p2a: Yveltal|86\/100 tox|[from] item: Leftovers\n|-damage|p2a: Yveltal|37\/100 tox|[from] psn\n|upkeep\n|turn|37\n|\n|t:|1700248399\n|move|p1a: Yveltal|Oblivion Wing|p2a: Yveltal\n|-damage|p2a: Yveltal|25\/100 tox\n|-heal|p1a: Yveltal|96\/100|[from] drain|[of] p2a: Yveltal\n|move|p2a: Yveltal|Oblivion Wing|p1a: Yveltal\n|-damage|p1a: Yveltal|75\/100\n|-heal|p2a: Yveltal|40\/100 tox|[from] drain|[of] p1a: Yveltal\n|\n|-heal|p2a: Yveltal|46\/100 tox|[from] item: Leftovers\n|-damage|p2a: Yveltal|0 fnt|[from] psn\n|faint|p2a: Yveltal\n|upkeep\n|\n|t:|1700248405\n|switch|p2a: Urshifu|Urshifu, M|88\/100 par\n|-damage|p2a: Urshifu|82\/100 par|[from] Stealth Rock\n|turn|38\n|\n|t:|1700248414\n|-terastallize|p2a: Urshifu|Dark\n|move|p1a: Yveltal|Oblivion Wing|p2a: Urshifu\n|-damage|p2a: Urshifu|56\/100 par\n|-heal|p1a: Yveltal|90\/100|[from] drain|[of] p2a: Urshifu\n|move|p2a: Urshifu|Iron Head|p1a: Yveltal\n|-damage|p1a: Yveltal|63\/100\n|\n|upkeep\n|turn|39\n|\n|t:|1700248424\n|move|p1a: Yveltal|Oblivion Wing|p2a: Urshifu\n|-damage|p2a: Urshifu|32\/100 par\n|-heal|p1a: Yveltal|76\/100|[from] drain|[of] p2a: Urshifu\n|cant|p2a: Urshifu|par\n|\n|upkeep\n|turn|40\n|\n|t:|1700248430\n|move|p1a: Yveltal|Oblivion Wing|p2a: Urshifu\n|-damage|p2a: Urshifu|8\/100 par\n|-heal|p1a: Yveltal|90\/100|[from] drain|[of] p2a: Urshifu\n|move|p2a: Urshifu|Wicked Blow|p1a: Yveltal\n|-resisted|p1a: Yveltal\n|-crit|p1a: Yveltal\n|-damage|p1a: Yveltal|38\/100\n|\n|upkeep\n|turn|41\n|\n|t:|1700248437\n|move|p1a: Yveltal|Oblivion Wing|p2a: Urshifu\n|-damage|p2a: Urshifu|0 fnt\n|-heal|p1a: Yveltal|42\/100|[from] drain|[of] p2a: Urshifu\n|faint|p2a: Urshifu\n|\n|win|phalap\n|raw|phalap's rating: 1227 &rarr; <strong>1250<\/strong><br \/>(+23 for winning)\n|raw|bvghvg's rating: 1206 &rarr; <strong>1183<\/strong><br \/>(-23 for losing)\n","uploadtime":1700248292,"views":9,"p1id":"phalap","p2id":"bvghvg","formatid":"gen9nationaldexubers","rating":1183,"private":0,"password":""}