{"id":"gen9nationaldexubers-1990142452","p1":"Marshadow-story","p2":"Cadusat","format":"[Gen 9] National Dex Ubers","log":"|j|\u2606Marshadow-story\n|j|\u2606Cadusat\n|t:|1699929169\n|gametype|singles\n|player|p1|Marshadow-story|dancer|1078\n|player|p2|Cadusat|saturn|1045\n|teamsize|p1|6\n|teamsize|p2|6\n|gen|9\n|tier|[Gen 9] National Dex Ubers\n|rated|\n|rule|HP Percentage Mod: HP is shown in percentages\n|rule|Endless Battle Clause: Forcing endless battles is banned\n|rule|OHKO Clause: OHKO moves are banned\n|rule|Evasion Moves Clause: Evasion moves are banned\n|rule|Evasion Items Clause: Evasion items are banned\n|rule|Species Clause: Limit one of each Pok\u00e9mon\n|rule|Sleep Clause Mod: Limit one foe put to sleep\n|rule|Mega Rayquaza Clause: You cannot mega evolve Rayquaza\n|clearpoke\n|poke|p1|Metagross|\n|poke|p1|Thundurus-Therian, M|\n|poke|p1|Eternatus|\n|poke|p1|Terrakion|\n|poke|p1|Palkia-Origin|\n|poke|p1|Mew|\n|poke|p2|Charizard, M|\n|poke|p2|Wishiwashi, F|\n|poke|p2|Togekiss, F|\n|poke|p2|Ursaluna, M|\n|poke|p2|Dragapult, F|\n|poke|p2|Gogoat, F|\n|teampreview\n|inactive|Battle timer is ON: inactive players will automatically lose when time's up. (requested by Cadusat)\n|\n|t:|1699929173\n|start\n|switch|p1a: Mew|Mew|100\/100\n|switch|p2a: Wishiwashi|Wishiwashi, F|100\/100\n|-formechange|p2a: Wishiwashi|Wishiwashi-School||[from] ability: Schooling\n|turn|1\n|\n|t:|1699929181\n|move|p1a: Mew|Toxic Spikes|p2a: Wishiwashi\n|-sidestart|p2: Cadusat|move: Toxic Spikes\n|move|p2a: Wishiwashi|Beat Up|p1a: Mew\n|-supereffective|p1a: Mew\n|-damage|p1a: Mew|86\/100\n|-supereffective|p1a: Mew\n|-damage|p1a: Mew|75\/100\n|-supereffective|p1a: Mew\n|-damage|p1a: Mew|68\/100\n|-supereffective|p1a: Mew\n|-damage|p1a: Mew|53\/100\n|-supereffective|p1a: Mew\n|-damage|p1a: Mew|39\/100\n|-supereffective|p1a: Mew\n|-damage|p1a: Mew|27\/100\n|-hitcount|p1a: Mew|6\n|\n|upkeep\n|turn|2\n|\n|t:|1699929195\n|move|p1a: Mew|Stealth Rock|p2a: Wishiwashi\n|-sidestart|p2: Cadusat|move: Stealth Rock\n|move|p2a: Wishiwashi|Waterfall|p1a: Mew\n|-damage|p1a: Mew|0 fnt\n|-damage|p2a: Wishiwashi|84\/100|[from] item: Rocky Helmet|[of] p1a: Mew\n|faint|p1a: Mew\n|\n|upkeep\n|\n|t:|1699929202\n|switch|p1a: Thundurus|Thundurus-Therian, M|100\/100\n|turn|3\n|\n|t:|1699929206\n|move|p1a: Thundurus|Thunderbolt|p2a: Wishiwashi\n|-supereffective|p2a: Wishiwashi\n|-damage|p2a: Wishiwashi|0 fnt\n|faint|p2a: Wishiwashi\n|-damage|p1a: Thundurus|91\/100|[from] item: Life Orb\n|\n|upkeep\n|\n|t:|1699929214\n|switch|p2a: Dragapult|Dragapult, F|100\/100\n|-status|p2a: Dragapult|psn\n|-damage|p2a: Dragapult|88\/100 psn|[from] Stealth Rock\n|turn|4\n|\n|t:|1699929223\n|move|p2a: Dragapult|Dragon Darts|p1a: Thundurus\n|-damage|p1a: Thundurus|50\/100\n|-anim|p2a: Dragapult|Dragon Darts|p1a: Thundurus\n|-damage|p1a: Thundurus|12\/100\n|move|p1a: Thundurus|Dark Pulse|p2a: Dragapult\n|-supereffective|p2a: Dragapult\n|-damage|p2a: Dragapult|0 fnt\n|faint|p2a: Dragapult\n|-damage|p1a: Thundurus|3\/100|[from] item: Life Orb\n|\n|upkeep\n|\n|t:|1699929233\n|switch|p2a: Togekiss|Togekiss, F|100\/100\n|-damage|p2a: Togekiss|76\/100|[from] Stealth Rock\n|turn|5\n|\n|t:|1699929240\n|-terastallize|p2a: Togekiss|Fairy\n|move|p1a: Thundurus|Thunderbolt|p2a: Togekiss\n|-crit|p2a: Togekiss\n|-damage|p2a: Togekiss|0 fnt\n|faint|p2a: Togekiss\n|-damage|p1a: Thundurus|0 fnt|[from] item: Life Orb\n|faint|p1a: Thundurus\n|\n|upkeep\n|c|\u2606Cadusat|robbed\n|-message|Cadusat forfeited.\n|\n|win|Marshadow-story\n|raw|Marshadow-story's rating: 1078 &rarr; <strong>1104<\/strong><br \/>(+26 for winning)\n|raw|Cadusat's rating: 1045 &rarr; <strong>1030<\/strong><br \/>(-15 for losing)\n|l|\u2606Cadusat\n|l|\u2606Marshadow-story\n|j|\u2606Marshadow-story\n|player|p1|Marshadow-story|dancer\n","uploadtime":1699929351,"views":7,"p1id":"marshadowstory","p2id":"cadusat","formatid":"gen9nationaldexubers","rating":1030,"private":0,"password":""}