{"id":"gen9nationaldexubers-1989334477","p1":"TRIPLE RILABOOM","p2":"Th3K1ng123","format":"[Gen 9] National Dex Ubers","log":"|j|\u2606TRIPLE RILABOOM\n|j|\u2606Th3K1ng123\n|t:|1699837609\n|gametype|singles\n|player|p1|TRIPLE RILABOOM|169|1239\n|player|p2|Th3K1ng123|turo|1303\n|teamsize|p1|6\n|teamsize|p2|6\n|gen|9\n|tier|[Gen 9] National Dex Ubers\n|rated|\n|rule|HP Percentage Mod: HP is shown in percentages\n|rule|Endless Battle Clause: Forcing endless battles is banned\n|rule|OHKO Clause: OHKO moves are banned\n|rule|Evasion Moves Clause: Evasion moves are banned\n|rule|Evasion Items Clause: Evasion items are banned\n|rule|Species Clause: Limit one of each Pok\u00e9mon\n|rule|Sleep Clause Mod: Limit one foe put to sleep\n|rule|Mega Rayquaza Clause: You cannot mega evolve Rayquaza\n|clearpoke\n|poke|p1|Zarude|\n|poke|p1|Marshadow|\n|poke|p1|Galvantula, F|\n|poke|p1|Darmanitan-Galar, F|\n|poke|p1|Gholdengo|\n|poke|p1|Xurkitree|\n|poke|p2|Rayquaza|\n|poke|p2|Arceus|\n|poke|p2|Zekrom|\n|poke|p2|Kyogre|\n|poke|p2|Lugia|\n|poke|p2|Volcarona, M|\n|teampreview\n|inactive|Battle timer is ON: inactive players will automatically lose when time's up. (requested by Th3K1ng123)\n|\n|t:|1699837638\n|start\n|switch|p1a: Marshadow|Marshadow|100\/100\n|switch|p2a: Voidwyrm|Zekrom, shiny|100\/100\n|-ability|p2a: Voidwyrm|Teravolt\n|turn|1\n|\n|t:|1699837645\n|move|p1a: Marshadow|Swagger|p2a: Voidwyrm|[miss]\n|-miss|p1a: Marshadow|p2a: Voidwyrm\n|move|p2a: Voidwyrm|Fusion Bolt|p1a: Marshadow\n|-crit|p1a: Marshadow\n|-damage|p1a: Marshadow|0 fnt\n|faint|p1a: Marshadow\n|\n|upkeep\n|\n|t:|1699837652\n|switch|p1a: Galvantula|Galvantula, F, shiny|100\/100\n|turn|2\n|\n|t:|1699837662\n|move|p1a: Galvantula|Sticky Web|p2a: Voidwyrm\n|-sidestart|p2: Th3K1ng123|move: Sticky Web\n|move|p2a: Voidwyrm|Dragon Claw|p1a: Galvantula\n|-damage|p1a: Galvantula|13\/100\n|\n|upkeep\n|turn|3\n|\n|t:|1699837673\n|move|p1a: Galvantula|Bug Buzz|p2a: Voidwyrm\n|-damage|p2a: Voidwyrm|64\/100\n|-unboost|p2a: Voidwyrm|spd|1\n|move|p2a: Voidwyrm|Dragon Dance|p2a: Voidwyrm\n|-boost|p2a: Voidwyrm|atk|1\n|-boost|p2a: Voidwyrm|spe|1\n|\n|upkeep\n|turn|4\n|\n|t:|1699837680\n|move|p2a: Voidwyrm|Dragon Claw|p1a: Galvantula\n|-damage|p1a: Galvantula|0 fnt\n|faint|p1a: Galvantula\n|\n|upkeep\n|\n|t:|1699837687\n|switch|p1a: Darmanitan|Darmanitan-Galar, F|100\/100\n|turn|5\n|\n|t:|1699837691\n|move|p2a: Voidwyrm|Fusion Bolt|p1a: Darmanitan\n|-damage|p1a: Darmanitan|0 fnt\n|faint|p1a: Darmanitan\n|\n|upkeep\n|\n|t:|1699837703\n|switch|p1a: Zarude|Zarude|100\/100\n|turn|6\n|\n|t:|1699837707\n|move|p2a: Voidwyrm|Dragon Claw|p1a: Zarude\n|-damage|p1a: Zarude|37\/100\n|move|p1a: Zarude|Bulk Up|p1a: Zarude\n|-boost|p1a: Zarude|atk|1\n|-boost|p1a: Zarude|def|1\n|\n|-heal|p1a: Zarude|43\/100|[from] item: Leftovers\n|upkeep\n|turn|7\n|\n|t:|1699837722\n|move|p2a: Voidwyrm|Dragon Claw|p1a: Zarude\n|-damage|p1a: Zarude|0 fnt\n|faint|p1a: Zarude\n|\n|upkeep\n|\n|t:|1699837726\n|switch|p1a: Gholdengo|Gholdengo|100\/100\n|turn|8\n|\n|t:|1699837730\n|move|p2a: Voidwyrm|Crunch|p1a: Gholdengo\n|-supereffective|p1a: Gholdengo\n|-damage|p1a: Gholdengo|16\/100\n|move|p1a: Gholdengo|Thunder Wave|p2a: Voidwyrm\n|-immune|p2a: Voidwyrm\n|\n|-heal|p1a: Gholdengo|22\/100|[from] item: Leftovers\n|upkeep\n|turn|9\n|-message|TRIPLE RILABOOM forfeited.\n|\n|win|Th3K1ng123\n|raw|TRIPLE RILABOOM's rating: 1239 &rarr; <strong>1219<\/strong><br \/>(-20 for losing)\n|raw|Th3K1ng123's rating: 1303 &rarr; <strong>1319<\/strong><br \/>(+16 for winning)\n|l|\u2606TRIPLE RILABOOM\n","uploadtime":1699837740,"views":12,"p1id":"triplerilaboom","p2id":"th3k1ng123","formatid":"gen9nationaldexubers","rating":1219,"private":0,"password":""}