{"id":"gen9nationaldexubers-1997137456","p1":"Ash Ketchum344","p2":"burntcactusfan12","format":"[Gen 9] National Dex Ubers","log":"|j|\u2606Ash Ketchum344\n|j|\u2606burntcactusfan12\n|t:|1700768283\n|gametype|singles\n|player|p1|Ash Ketchum344|lucas-gen4pt|1217\n|player|p2|burntcactusfan12|candice|1165\n|teamsize|p1|6\n|teamsize|p2|6\n|gen|9\n|tier|[Gen 9] National Dex Ubers\n|rated|\n|rule|HP Percentage Mod: HP is shown in percentages\n|rule|Endless Battle Clause: Forcing endless battles is banned\n|rule|OHKO Clause: OHKO moves are banned\n|rule|Evasion Moves Clause: Evasion moves are banned\n|rule|Evasion Items Clause: Evasion items are banned\n|rule|Species Clause: Limit one of each Pok\u00e9mon\n|rule|Sleep Clause Mod: Limit one foe put to sleep\n|rule|Mega Rayquaza Clause: You cannot mega evolve Rayquaza\n|clearpoke\n|poke|p1|Pikachu, F|\n|poke|p1|Lucario, M|\n|poke|p1|Dragonite, F|\n|poke|p1|Dracovish|\n|poke|p1|Gengar, M|\n|poke|p1|Sirfetch\u2019d, M|\n|poke|p2|Great Tusk|\n|poke|p2|Breloom, M|\n|poke|p2|Mienshao, M|\n|poke|p2|Terrakion|\n|poke|p2|Lucario, M|\n|poke|p2|Lilligant-Hisui, F|\n|teampreview\n|\n|t:|1700768290\n|start\n|switch|p1a: Dracovish|Dracovish|100\/100\n|switch|p2a: Mienshao|Mienshao, M|100\/100\n|turn|1\n|\n|t:|1700768292\n|move|p2a: Mienshao|Fake Out|p1a: Dracovish\n|-damage|p1a: Dracovish|82\/100\n|-damage|p2a: Mienshao|91\/100|[from] item: Life Orb\n|cant|p1a: Dracovish|flinch\n|\n|upkeep\n|turn|2\n|\n|t:|1700768299\n|move|p1a: Dracovish|Fishious Rend|p2a: Mienshao\n|-damage|p2a: Mienshao|0 fnt\n|faint|p2a: Mienshao\n|\n|upkeep\n|\n|t:|1700768301\n|switch|p2a: Breloom|Breloom, M, shiny|100\/100\n|turn|3\n|\n|t:|1700768305\n|move|p1a: Dracovish|Fishious Rend|p2a: Breloom\n|-resisted|p2a: Breloom\n|-damage|p2a: Breloom|36\/100\n|move|p2a: Breloom|Spore|p1a: Dracovish\n|-status|p1a: Dracovish|slp|[from] move: Spore\n|\n|-status|p2a: Breloom|tox|[from] item: Toxic Orb\n|upkeep\n|turn|4\n|\n|t:|1700768308\n|cant|p1a: Dracovish|slp\n|move|p2a: Breloom|Substitute|p2a: Breloom\n|-start|p2a: Breloom|Substitute\n|-damage|p2a: Breloom|11\/100 tox\n|\n|-heal|p2a: Breloom|24\/100 tox|[from] ability: Poison Heal\n|upkeep\n|turn|5\n|\n|t:|1700768312\n|-singleturn|p2a: Breloom|move: Focus Punch\n|cant|p1a: Dracovish|slp\n|move|p2a: Breloom|Focus Punch|p1a: Dracovish\n|-damage|p1a: Dracovish|5\/100 slp\n|\n|-heal|p2a: Breloom|36\/100 tox|[from] ability: Poison Heal\n|upkeep\n|turn|6\n|\n|t:|1700768316\n|-curestatus|p1a: Dracovish|slp|[msg]\n|move|p1a: Dracovish|Fishious Rend|p2a: Breloom\n|-resisted|p2a: Breloom\n|-end|p2a: Breloom|Substitute\n|move|p2a: Breloom|Rock Tomb|p1a: Dracovish\n|-damage|p1a: Dracovish|0 fnt\n|faint|p1a: Dracovish\n|\n|-heal|p2a: Breloom|48\/100 tox|[from] ability: Poison Heal\n|upkeep\n|\n|t:|1700768325\n|switch|p1a: Pikachu|Pikachu, F|100\/100\n|turn|7\n|\n|t:|1700768328\n|move|p1a: Pikachu|Fake Out|p2a: Breloom\n|-damage|p2a: Breloom|28\/100 tox\n|cant|p2a: Breloom|flinch\n|\n|-heal|p2a: Breloom|41\/100 tox|[from] ability: Poison Heal\n|upkeep\n|turn|8\n|\n|t:|1700768333\n|move|p1a: Pikachu|Extreme Speed|p2a: Breloom\n|-damage|p2a: Breloom|0 fnt\n|faint|p2a: Breloom\n|\n|upkeep\n|\n|t:|1700768340\n|switch|p2a: Terrakion|Terrakion|100\/100\n|turn|9\n|\n|t:|1700768344\n|move|p1a: Pikachu|Extreme Speed|p2a: Terrakion\n|-resisted|p2a: Terrakion\n|-damage|p2a: Terrakion|81\/100\n|move|p2a: Terrakion|Earthquake|p1a: Pikachu\n|-supereffective|p1a: Pikachu\n|-damage|p1a: Pikachu|0 fnt\n|faint|p1a: Pikachu\n|\n|upkeep\n|\n|t:|1700768357\n|switch|p1a: Dragonite|Dragonite, F|100\/100\n|turn|10\n|\n|t:|1700768362\n|switch|p2a: Great Tusk|Great Tusk|100\/100\n|move|p1a: Dragonite|Dragon Dance|p1a: Dragonite\n|-boost|p1a: Dragonite|atk|1\n|-boost|p1a: Dragonite|spe|1\n|\n|upkeep\n|turn|11\n|\n|t:|1700768370\n|move|p1a: Dragonite|Dragon Rush|p2a: Great Tusk\n|-damage|p2a: Great Tusk|50\/100\n|move|p2a: Great Tusk|Rapid Spin|p1a: Dragonite\n|-damage|p1a: Dragonite|92\/100\n|-boost|p2a: Great Tusk|spe|1\n|\n|upkeep\n|turn|12\n|\n|t:|1700768376\n|move|p2a: Great Tusk|Stealth Rock|p1a: Dragonite\n|-sidestart|p1: Ash Ketchum344|move: Stealth Rock\n|move|p1a: Dragonite|Dragon Rush|p2a: Great Tusk|[miss]\n|-miss|p1a: Dragonite|p2a: Great Tusk\n|\n|upkeep\n|turn|13\n|\n|t:|1700768382\n|-terastallize|p1a: Dragonite|Normal\n|move|p1a: Dragonite|Extreme Speed|p2a: Great Tusk\n|-damage|p2a: Great Tusk|18\/100\n|move|p2a: Great Tusk|Rapid Spin|p1a: Dragonite\n|-damage|p1a: Dragonite|76\/100\n|-boost|p2a: Great Tusk|spe|1\n|\n|upkeep\n|turn|14\n|\n|t:|1700768389\n|move|p1a: Dragonite|Extreme Speed|p2a: Great Tusk\n|-damage|p2a: Great Tusk|0 fnt\n|faint|p2a: Great Tusk\n|-end|p2a: Great Tusk|Protosynthesis|[silent]\n|\n|upkeep\n|\n|t:|1700768391\n|switch|p2a: Lilligant|Lilligant-Hisui, F|100\/100\n|turn|15\n|\n|t:|1700768396\n|move|p2a: Lilligant|Close Combat|p1a: Dragonite\n|-supereffective|p1a: Dragonite\n|-damage|p1a: Dragonite|0 fnt\n|-unboost|p2a: Lilligant|def|1\n|-unboost|p2a: Lilligant|spd|1\n|faint|p1a: Dragonite\n|\n|upkeep\n|\n|t:|1700768405\n|switch|p1a: Sirfetch\u2019d|Sirfetch\u2019d, M|100\/100\n|-damage|p1a: Sirfetch\u2019d|94\/100|[from] Stealth Rock\n|turn|16\n|\n|t:|1700768415\n|move|p1a: Sirfetch\u2019d|First Impression|p2a: Lilligant\n|-enditem|p2a: Lilligant|Focus Sash\n|-damage|p2a: Lilligant|1\/100\n|move|p2a: Lilligant|Close Combat|p1a: Sirfetch\u2019d\n|-damage|p1a: Sirfetch\u2019d|10\/100\n|-unboost|p2a: Lilligant|def|1\n|-unboost|p2a: Lilligant|spd|1\n|\n|upkeep\n|turn|17\n|\n|t:|1700768425\n|switch|p1a: Gengar|Gengar, M|100\/100\n|-damage|p1a: Gengar|88\/100|[from] Stealth Rock\n|move|p2a: Lilligant|Leaf Blade|p1a: Gengar\n|-resisted|p1a: Gengar\n|-damage|p1a: Gengar|24\/100\n|\n|upkeep\n|turn|18\n|\n|t:|1700768432\n|move|p1a: Gengar|Hidden Power|p2a: Lilligant\n|-supereffective|p2a: Lilligant\n|-damage|p2a: Lilligant|0 fnt\n|faint|p2a: Lilligant\n|\n|upkeep\n|\n|t:|1700768437\n|switch|p2a: Lucario|Lucario, M|100\/100\n|turn|19\n|\n|t:|1700768441\n|detailschange|p2a: Lucario|Lucario-Mega, M\n|-mega|p2a: Lucario|Lucario|Lucarionite\n|move|p2a: Lucario|Bullet Punch|p1a: Gengar\n|-damage|p1a: Gengar|0 fnt\n|-start|p2a: Lucario|Disable|Bullet Punch|[from] ability: Cursed Body|[of] p1a: Gengar\n|faint|p1a: Gengar\n|\n|upkeep\n|\n|t:|1700768445\n|switch|p1a: Sirfetch\u2019d|Sirfetch\u2019d, M|10\/100\n|-damage|p1a: Sirfetch\u2019d|4\/100|[from] Stealth Rock\n|turn|20\n|\n|t:|1700768449\n|move|p1a: Sirfetch\u2019d|First Impression|p2a: Lucario\n|-resisted|p2a: Lucario\n|-damage|p2a: Lucario|83\/100\n|move|p2a: Lucario|Swords Dance|p2a: Lucario\n|-boost|p2a: Lucario|atk|2\n|\n|upkeep\n|turn|21\n|\n|t:|1700768452\n|move|p2a: Lucario|Extreme Speed|p1a: Sirfetch\u2019d\n|-damage|p1a: Sirfetch\u2019d|0 fnt\n|faint|p1a: Sirfetch\u2019d\n|\n|upkeep\n|\n|t:|1700768453\n|switch|p1a: Lucario|Lucario, M|100\/100\n|-damage|p1a: Lucario|98\/100|[from] Stealth Rock\n|turn|22\n|\n|t:|1700768464\n|detailschange|p1a: Lucario|Lucario-Mega, M\n|-mega|p1a: Lucario|Lucario|Lucarionite\n|move|p1a: Lucario|Close Combat|p2a: Lucario\n|-supereffective|p2a: Lucario\n|-damage|p2a: Lucario|0 fnt\n|-unboost|p1a: Lucario|def|1\n|-unboost|p1a: Lucario|spd|1\n|faint|p2a: Lucario\n|\n|upkeep\n|\n|t:|1700768467\n|switch|p2a: Terrakion|Terrakion|81\/100\n|turn|23\n|\n|t:|1700768475\n|move|p2a: Terrakion|Earthquake|p1a: Lucario\n|-supereffective|p1a: Lucario\n|-damage|p1a: Lucario|0 fnt\n|faint|p1a: Lucario\n|\n|win|burntcactusfan12\n|raw|Ash Ketchum344's rating: 1217 &rarr; <strong>1188<\/strong><br \/>(-29 for losing)\n|raw|burntcactusfan12's rating: 1165 &rarr; <strong>1194<\/strong><br \/>(+29 for winning)\n|l|\u2606burntcactusfan12\n","uploadtime":1700768486,"views":3,"p1id":"ashketchum344","p2id":"burntcactusfan12","formatid":"gen9nationaldexubers","rating":1188,"private":0,"password":""}