{"id":"gen9nationaldexubers-1992309980","p1":"beep boo2","p2":"The_Fl000rd","format":"[Gen 9] National Dex Ubers","log":"|j|\u2606beep boo2\n|j|\u2606The_Fl000rd\n|t:|1700173328\n|gametype|singles\n|player|p1|beep boo2|266|1000\n|player|p2|The_Fl000rd|colress|1081\n|teamsize|p1|6\n|teamsize|p2|6\n|gen|9\n|tier|[Gen 9] National Dex Ubers\n|rated|\n|rule|HP Percentage Mod: HP is shown in percentages\n|rule|Endless Battle Clause: Forcing endless battles is banned\n|rule|OHKO Clause: OHKO moves are banned\n|rule|Evasion Moves Clause: Evasion moves are banned\n|rule|Evasion Items Clause: Evasion items are banned\n|rule|Species Clause: Limit one of each Pok\u00e9mon\n|rule|Sleep Clause Mod: Limit one foe put to sleep\n|rule|Mega Rayquaza Clause: You cannot mega evolve Rayquaza\n|clearpoke\n|poke|p1|Torterra, F|\n|poke|p1|Blastoise, M|\n|poke|p1|Naganadel|\n|poke|p1|Hippowdon, M|\n|poke|p1|Zygarde-10%|\n|poke|p1|Medicham, F|\n|poke|p2|Marshadow|\n|poke|p2|Galvantula, F|\n|poke|p2|Blacephalon|\n|poke|p2|Espeon, M|\n|poke|p2|Samurott-Hisui, F|\n|poke|p2|Toxapex, F|\n|teampreview\n|\n|t:|1700173338\n|start\n|switch|p1a: Hippowdon|Hippowdon, M|100\/100\n|switch|p2a: Galvantula|Galvantula, F|100\/100\n|-weather|Sandstorm|[from] ability: Sand Stream|[of] p1a: Hippowdon\n|turn|1\n|c|\u2606beep boo2|I fucking hate you.\n|\n|t:|1700173347\n|move|p2a: Galvantula|Sticky Web|p1a: Hippowdon\n|-sidestart|p1: beep boo2|move: Sticky Web\n|move|p1a: Hippowdon|Whirlwind|p2a: Galvantula\n|drag|p2a: Toxapex|Toxapex, F|100\/100\n|\n|-weather|Sandstorm|[upkeep]\n|-damage|p2a: Toxapex|94\/100|[from] Sandstorm\n|-heal|p2a: Toxapex|100\/100|[from] item: Black Sludge\n|upkeep\n|turn|2\n|\n|t:|1700173355\n|move|p1a: Hippowdon|Stealth Rock|p2a: Toxapex\n|-sidestart|p2: The_Fl000rd|move: Stealth Rock\n|move|p2a: Toxapex|Infestation|p1a: Hippowdon\n|-damage|p1a: Hippowdon|97\/100\n|-activate|p1a: Hippowdon|move: Infestation|[of] p2a: Toxapex\n|-damage|p2a: Toxapex|84\/100|[from] item: Rocky Helmet|[of] p1a: Hippowdon\n|\n|-weather|Sandstorm|[upkeep]\n|-damage|p2a: Toxapex|78\/100|[from] Sandstorm\n|-heal|p2a: Toxapex|84\/100|[from] item: Black Sludge\n|-damage|p1a: Hippowdon|85\/100|[from] move: Infestation|[partiallytrapped]\n|upkeep\n|turn|3\n|\n|t:|1700173365\n|move|p1a: Hippowdon|Earthquake|p2a: Toxapex\n|-supereffective|p2a: Toxapex\n|-damage|p2a: Toxapex|23\/100\n|move|p2a: Toxapex|Toxic|p1a: Hippowdon\n|-status|p1a: Hippowdon|tox\n|\n|-weather|Sandstorm|[upkeep]\n|-damage|p2a: Toxapex|17\/100|[from] Sandstorm\n|-heal|p2a: Toxapex|23\/100|[from] item: Black Sludge\n|-damage|p1a: Hippowdon|79\/100 tox|[from] psn\n|-damage|p1a: Hippowdon|66\/100 tox|[from] move: Infestation|[partiallytrapped]\n|upkeep\n|turn|4\n|\n|t:|1700173376\n|move|p2a: Toxapex|Baneful Bunker|p2a: Toxapex\n|-singleturn|p2a: Toxapex|move: Protect\n|move|p1a: Hippowdon|Earthquake|p2a: Toxapex\n|-activate|p2a: Toxapex|move: Protect\n|\n|-weather|Sandstorm|[upkeep]\n|-damage|p2a: Toxapex|17\/100|[from] Sandstorm\n|-heal|p2a: Toxapex|23\/100|[from] item: Black Sludge\n|-damage|p1a: Hippowdon|54\/100 tox|[from] psn\n|-damage|p1a: Hippowdon|42\/100 tox|[from] move: Infestation|[partiallytrapped]\n|upkeep\n|turn|5\n|\n|t:|1700173394\n|switch|p2a: Galvantula|Galvantula, F|100\/100\n|-damage|p2a: Galvantula|76\/100|[from] Stealth Rock\n|move|p1a: Hippowdon|Earthquake|p2a: Galvantula\n|-damage|p2a: Galvantula|10\/100\n|\n|-weather|none\n|-damage|p1a: Hippowdon|23\/100 tox|[from] psn\n|-end|p1a: Hippowdon|Infestation|[partiallytrapped]|[silent]\n|upkeep\n|turn|6\n|c|\u2606beep boo2|Your mother hung herself!\n|\n|t:|1700173405\n|move|p2a: Galvantula|Sticky Web||[still]\n|-fail|p2a: Galvantula\n|move|p1a: Hippowdon|Earthquake|p2a: Galvantula\n|-damage|p2a: Galvantula|0 fnt\n|faint|p2a: Galvantula\n|\n|-damage|p1a: Hippowdon|0 fnt|[from] psn\n|faint|p1a: Hippowdon\n|upkeep\n|c|\u2606beep boo2|Shit!\n|\n|t:|1700173425\n|switch|p2a: Blacephalon|Blacephalon|100\/100\n|switch|p1a: Torterra|Torterra, F, shiny|100\/100\n|-damage|p2a: Blacephalon|76\/100|[from] Stealth Rock\n|-activate|p1a: Torterra|move: Sticky Web\n|-unboost|p1a: Torterra|spe|1\n|turn|7\n|-message|beep boo2 forfeited.\n|\n|win|The_Fl000rd\n|raw|beep boo2's rating: 1000 &rarr; <strong>1000<\/strong><br \/>(+0 for losing)\n|raw|The_Fl000rd's rating: 1081 &rarr; <strong>1102<\/strong><br \/>(+21 for winning)\n|l|\u2606beep boo2\n","uploadtime":1700173345,"views":8,"p1id":"beepboo2","p2id":"thefl000rd","formatid":"gen9nationaldexubers","rating":1000,"private":0,"password":""}