{"id":"gen9nationaldexubers-1988176019","p1":"HarmTurtle","p2":"DarthBowser151","format":"[Gen 9] National Dex Ubers","log":"|j|\u2606HarmTurtle\n|j|\u2606DarthBowser151\n|t:|1699679836\n|gametype|singles\n|player|p1|HarmTurtle|carmine-festival|\n|player|p2|DarthBowser151|clay|\n|teamsize|p1|6\n|teamsize|p2|6\n|gen|9\n|tier|[Gen 9] National Dex Ubers\n|rule|HP Percentage Mod: HP is shown in percentages\n|rule|Endless Battle Clause: Forcing endless battles is banned\n|rule|OHKO Clause: OHKO moves are banned\n|rule|Evasion Moves Clause: Evasion moves are banned\n|rule|Evasion Items Clause: Evasion items are banned\n|rule|Species Clause: Limit one of each Pok\u00e9mon\n|rule|Sleep Clause Mod: Limit one foe put to sleep\n|rule|Mega Rayquaza Clause: You cannot mega evolve Rayquaza\n|clearpoke\n|poke|p1|Breloom, F|\n|poke|p1|Garchomp, F|\n|poke|p1|Swampert, M|\n|poke|p1|Camerupt, F|\n|poke|p1|Diggersby, M|\n|poke|p1|Sandslash, M|\n|poke|p2|Amoonguss, F|\n|poke|p2|Primarina, M|\n|poke|p2|Orthworm, M|\n|poke|p2|Zoroark, F|\n|poke|p2|Armaldo, M|\n|poke|p2|Goodra, M|\n|teampreview\n|c|\u2606HarmTurtle|gl hf! part 2\n|\n|t:|1699679866\n|start\n|switch|p1a: Lady of Rage|Garchomp, F, shiny|100\/100\n|switch|p2a: Moldorm|Orthworm, M|100\/100\n|turn|1\n|\n|t:|1699679878\n|switch|p1a: rrrrrrrr|Camerupt, F, shiny|100\/100\n|move|p2a: Moldorm|Stealth Rock|p1a: rrrrrrrr\n|-sidestart|p1: HarmTurtle|move: Stealth Rock\n|\n|upkeep\n|turn|2\n|\n|t:|1699679910\n|switch|p2a: Ardoog|Goodra, M|100\/100\n|detailschange|p1a: rrrrrrrr|Camerupt-Mega, F, shiny\n|-mega|p1a: rrrrrrrr|Camerupt|Cameruptite\n|move|p1a: rrrrrrrr|Overheat|p2a: Ardoog\n|-resisted|p2a: Ardoog\n|-damage|p2a: Ardoog|70\/100\n|-unboost|p1a: rrrrrrrr|spa|2\n|\n|upkeep\n|turn|3\n|\n|t:|1699679936\n|move|p2a: Ardoog|Hydro Pump|p1a: rrrrrrrr\n|-supereffective|p1a: rrrrrrrr\n|-damage|p1a: rrrrrrrr|0 fnt\n|faint|p1a: rrrrrrrr\n|\n|upkeep\n|\n|t:|1699679939\n|switch|p1a: Lady of Rage|Garchomp, F, shiny|100\/100\n|-damage|p1a: Lady of Rage|94\/100|[from] Stealth Rock\n|turn|4\n|\n|t:|1699679950\n|switch|p2a: Moldorm|Orthworm, M|100\/100\n|move|p1a: Lady of Rage|Draco Meteor|p2a: Moldorm\n|-resisted|p2a: Moldorm\n|-damage|p2a: Moldorm|80\/100\n|-unboost|p1a: Lady of Rage|spa|2\n|\n|upkeep\n|turn|5\n|\n|t:|1699679990\n|switch|p1a: scrungle|Breloom, F|100\/100\n|-damage|p1a: scrungle|94\/100|[from] Stealth Rock\n|move|p2a: Moldorm|Iron Defense|p2a: Moldorm\n|-boost|p2a: Moldorm|def|2\n|\n|upkeep\n|turn|6\n|\n|t:|1699680001\n|move|p1a: scrungle|Spore|p2a: Moldorm\n|-status|p2a: Moldorm|slp|[from] move: Spore\n|cant|p2a: Moldorm|slp\n|\n|upkeep\n|turn|7\n|\n|t:|1699680009\n|move|p1a: scrungle|Mach Punch|p2a: Moldorm\n|-supereffective|p2a: Moldorm\n|-damage|p2a: Moldorm|58\/100 slp\n|cant|p2a: Moldorm|slp\n|\n|upkeep\n|turn|8\n|\n|t:|1699680021\n|move|p1a: scrungle|Mach Punch|p2a: Moldorm\n|-supereffective|p2a: Moldorm\n|-damage|p2a: Moldorm|35\/100 slp\n|-enditem|p2a: Moldorm|Sitrus Berry|[eat]\n|-heal|p2a: Moldorm|60\/100 slp|[from] item: Sitrus Berry\n|cant|p2a: Moldorm|slp\n|\n|upkeep\n|turn|9\n|\n|t:|1699680030\n|move|p1a: scrungle|Mach Punch|p2a: Moldorm\n|-supereffective|p2a: Moldorm\n|-damage|p2a: Moldorm|37\/100 slp\n|-curestatus|p2a: Moldorm|slp|[msg]\n|move|p2a: Moldorm|Body Press|p1a: scrungle\n|-damage|p1a: scrungle|19\/100\n|\n|upkeep\n|turn|10\n|\n|t:|1699680051\n|switch|p2a: Don't Eat It|Amoonguss, F|100\/100\n|move|p1a: scrungle|Spore|p2a: Don't Eat It\n|-immune|p2a: Don't Eat It\n|\n|upkeep\n|turn|11\n|\n|t:|1699680077\n|switch|p1a: fleetest foot|Diggersby, M|100\/100\n|-damage|p1a: fleetest foot|94\/100|[from] Stealth Rock\n|move|p2a: Don't Eat It|Sludge Bomb|p1a: fleetest foot\n|-resisted|p1a: fleetest foot\n|-damage|p1a: fleetest foot|76\/100\n|-status|p1a: fleetest foot|psn\n|\n|-damage|p1a: fleetest foot|63\/100 psn|[from] psn\n|upkeep\n|turn|12\n|\n|t:|1699680092\n|move|p1a: fleetest foot|U-turn|p2a: Don't Eat It\n|-damage|p2a: Don't Eat It|69\/100\n|-damage|p1a: fleetest foot|47\/100 psn|[from] item: Rocky Helmet|[of] p2a: Don't Eat It\n|\n|t:|1699680104\n|switch|p1a: Lady of Rage|Garchomp, F, shiny|94\/100|[from] U-turn\n|-damage|p1a: Lady of Rage|88\/100|[from] Stealth Rock\n|move|p2a: Don't Eat It|Giga Drain|p1a: Lady of Rage\n|-damage|p1a: Lady of Rage|64\/100\n|-heal|p2a: Don't Eat It|81\/100|[from] drain|[of] p1a: Lady of Rage\n|\n|upkeep\n|turn|13\n|\n|t:|1699680134\n|switch|p2a: Great Fairy|Primarina, M|100\/100\n|move|p1a: Lady of Rage|Stealth Rock|p2a: Great Fairy\n|-sidestart|p2: DarthBowser151|move: Stealth Rock\n|\n|upkeep\n|turn|14\n|\n|t:|1699680149\n|switch|p1a: fleetest foot|Diggersby, M|47\/100 psn\n|-damage|p1a: fleetest foot|41\/100 psn|[from] Stealth Rock\n|move|p2a: Great Fairy|Moonblast|p1a: fleetest foot\n|-crit|p1a: fleetest foot\n|-damage|p1a: fleetest foot|0 fnt\n|faint|p1a: fleetest foot\n|\n|upkeep\n|\n|t:|1699680162\n|switch|p1a: scrungle|Breloom, F|19\/100\n|-damage|p1a: scrungle|12\/100|[from] Stealth Rock\n|turn|15\n|\n|t:|1699680173\n|switch|p2a: Don't Eat It|Amoonguss, F|100\/100\n|-damage|p2a: Don't Eat It|88\/100|[from] Stealth Rock\n|move|p1a: scrungle|Bullet Seed|p2a: Don't Eat It\n|-resisted|p2a: Don't Eat It\n|-damage|p2a: Don't Eat It|85\/100\n|-resisted|p2a: Don't Eat It\n|-damage|p2a: Don't Eat It|82\/100\n|-resisted|p2a: Don't Eat It\n|-damage|p2a: Don't Eat It|79\/100\n|-resisted|p2a: Don't Eat It\n|-damage|p2a: Don't Eat It|75\/100\n|-hitcount|p2a: Don't Eat It|4\n|\n|upkeep\n|turn|16\n|\n|t:|1699680197\n|-terastallize|p1a: scrungle|Ground\n|move|p1a: scrungle|Bulldoze|p2a: Don't Eat It\n|-damage|p2a: Don't Eat It|43\/100\n|-unboost|p2a: Don't Eat It|spe|1\n|move|p2a: Don't Eat It|Giga Drain|p1a: scrungle\n|-supereffective|p1a: scrungle\n|-crit|p1a: scrungle\n|-damage|p1a: scrungle|0 fnt\n|-heal|p2a: Don't Eat It|47\/100|[from] drain|[of] p1a: scrungle\n|faint|p1a: scrungle\n|\n|upkeep\n|\n|t:|1699680224\n|switch|p1a: Lady of Rage|Garchomp, F, shiny|64\/100\n|-damage|p1a: Lady of Rage|58\/100|[from] Stealth Rock\n|turn|17\n|\n|t:|1699680242\n|switch|p2a: Moldorm|Orthworm, M|37\/100\n|-damage|p2a: Moldorm|31\/100|[from] Stealth Rock\n|move|p1a: Lady of Rage|Earthquake|p2a: Moldorm\n|-heal|p2a: Moldorm|56\/100|[from] ability: Earth Eater|[of] p1a: Lady of Rage\n|\n|upkeep\n|turn|18\n|\n|t:|1699680253\n|switch|p1a: fries|Sandslash, M|100\/100\n|-damage|p1a: fries|94\/100|[from] Stealth Rock\n|move|p2a: Moldorm|Iron Defense|p2a: Moldorm\n|-boost|p2a: Moldorm|def|2\n|\n|upkeep\n|turn|19\n|\n|t:|1699680265\n|move|p1a: fries|Seismic Toss|p2a: Moldorm\n|-damage|p2a: Moldorm|26\/100\n|move|p2a: Moldorm|Body Press|p1a: fries\n|-damage|p1a: fries|44\/100\n|\n|upkeep\n|turn|20\n|\n|t:|1699680276\n|move|p1a: fries|Seismic Toss|p2a: Moldorm\n|-damage|p2a: Moldorm|0 fnt\n|faint|p2a: Moldorm\n|\n|upkeep\n|\n|t:|1699680295\n|switch|p2a: Don't Eat It|Amoonguss, F|100\/100\n|-damage|p2a: Don't Eat It|88\/100|[from] Stealth Rock\n|turn|21\n|\n|t:|1699680305\n|move|p1a: fries|Seismic Toss|p2a: Don't Eat It\n|-damage|p2a: Don't Eat It|50\/100\n|replace|p2a: Impostor|Zoroark, F\n|-end|p2a: Impostor|Illusion\n|move|p2a: Impostor|Knock Off|p1a: fries\n|-damage|p1a: fries|0 fnt\n|-enditem|p1a: fries|Choice Scarf|[from] move: Knock Off|[of] p2a: Impostor\n|faint|p1a: fries\n|\n|upkeep\n|\n|t:|1699680314\n|switch|p1a: Lady of Rage|Garchomp, F, shiny|58\/100\n|-damage|p1a: Lady of Rage|52\/100|[from] Stealth Rock\n|turn|22\n|\n|t:|1699680352\n|move|p2a: Impostor|Knock Off|p1a: Lady of Rage\n|-damage|p1a: Lady of Rage|0 fnt\n|-damage|p2a: Impostor|38\/100|[from] ability: Rough Skin|[of] p1a: Lady of Rage\n|-damage|p2a: Impostor|21\/100|[from] item: Rocky Helmet|[of] p1a: Lady of Rage\n|-enditem|p1a: Lady of Rage|Rocky Helmet|[from] move: Knock Off|[of] p2a: Impostor\n|faint|p1a: Lady of Rage\n|\n|upkeep\n|\n|t:|1699680357\n|switch|p1a: swamp boosted|Swampert, M|100\/100\n|-damage|p1a: swamp boosted|94\/100|[from] Stealth Rock\n|turn|23\n|\n|t:|1699680365\n|move|p2a: Impostor|Knock Off|p1a: swamp boosted\n|-damage|p1a: swamp boosted|21\/100\n|-enditem|p1a: swamp boosted|Salac Berry|[from] move: Knock Off|[of] p2a: Impostor\n|move|p1a: swamp boosted|Substitute|p1a: swamp boosted\n|-fail|p1a: swamp boosted|move: Substitute|[weak]\n|\n|upkeep\n|turn|24\n|\n|t:|1699680374\n|move|p2a: Impostor|Knock Off|p1a: swamp boosted\n|-damage|p1a: swamp boosted|0 fnt\n|faint|p1a: swamp boosted\n|\n|win|DarthBowser151\n","uploadtime":1699680377,"views":6,"p1id":"harmturtle","p2id":"darthbowser151","formatid":"gen9nationaldexubers","rating":0,"private":0,"password":""}