{"id":"gen9nationaldexubers-1987739866","p1":"zukmarious","p2":"pepsicangobrrr","format":"[Gen 9] National Dex Ubers","log":"|j|\u2606zukmarious\n|j|\u2606pepsicangobrrr\n|t:|1699632593\n|gametype|singles\n|player|p1|zukmarious|unknown|1137\n|player|p2|pepsicangobrrr|jupiter|1165\n|teamsize|p1|6\n|teamsize|p2|6\n|gen|9\n|tier|[Gen 9] National Dex Ubers\n|rated|\n|rule|HP Percentage Mod: HP is shown in percentages\n|rule|Endless Battle Clause: Forcing endless battles is banned\n|rule|OHKO Clause: OHKO moves are banned\n|rule|Evasion Moves Clause: Evasion moves are banned\n|rule|Evasion Items Clause: Evasion items are banned\n|rule|Species Clause: Limit one of each Pok\u00e9mon\n|rule|Sleep Clause Mod: Limit one foe put to sleep\n|rule|Mega Rayquaza Clause: You cannot mega evolve Rayquaza\n|clearpoke\n|poke|p1|Kangaskhan, F|\n|poke|p1|Noivern, F|\n|poke|p1|Quaquaval, M|\n|poke|p1|Yanmega, F|\n|poke|p1|Mimikyu, M|\n|poke|p1|Gliscor, F|\n|poke|p2|Dragapult, M|\n|poke|p2|Celesteela|\n|poke|p2|Empoleon, F|\n|poke|p2|Tinkaton, F|\n|poke|p2|Metagross|\n|poke|p2|Heatran, M|\n|teampreview\n|\n|t:|1699632602\n|start\n|switch|p1a: Kangaskhan|Kangaskhan, F, shiny|100\/100\n|switch|p2a: Let's Go Golfing!|Tinkaton, F|100\/100\n|-ability|p2a: Let's Go Golfing!|Mold Breaker\n|turn|1\n|inactive|Battle timer is ON: inactive players will automatically lose when time's up. (requested by zukmarious)\n|\n|t:|1699632612\n|detailschange|p1a: Kangaskhan|Kangaskhan-Mega, F, shiny\n|-mega|p1a: Kangaskhan|Kangaskhan|Kangaskhanite\n|move|p1a: Kangaskhan|Fake Out|p2a: Let's Go Golfing!\n|-resisted|p2a: Let's Go Golfing!\n|-damage|p2a: Let's Go Golfing!|87\/100\n|-resisted|p2a: Let's Go Golfing!\n|-damage|p2a: Let's Go Golfing!|84\/100\n|-hitcount|p2a: Let's Go Golfing!|2\n|cant|p2a: Let's Go Golfing!|flinch\n|\n|upkeep\n|turn|2\n|c|\u2606pepsicangobrrr|damn\n|\n|t:|1699632626\n|move|p1a: Kangaskhan|Power-Up Punch|p2a: Let's Go Golfing!\n|-damage|p2a: Let's Go Golfing!|66\/100\n|-boost|p1a: Kangaskhan|atk|1\n|-damage|p2a: Let's Go Golfing!|59\/100\n|-boost|p1a: Kangaskhan|atk|1\n|-hitcount|p2a: Let's Go Golfing!|2\n|move|p2a: Let's Go Golfing!|Gigaton Hammer|p1a: Kangaskhan\n|-damage|p1a: Kangaskhan|46\/100\n|\n|upkeep\n|turn|3\n|\n|t:|1699632639\n|move|p1a: Kangaskhan|Power-Up Punch|p2a: Let's Go Golfing!\n|-damage|p2a: Let's Go Golfing!|23\/100\n|-boost|p1a: Kangaskhan|atk|1\n|-enditem|p2a: Let's Go Golfing!|Figy Berry|[eat]\n|-heal|p2a: Let's Go Golfing!|56\/100|[from] item: Figy Berry\n|-damage|p2a: Let's Go Golfing!|45\/100\n|-boost|p1a: Kangaskhan|atk|1\n|-hitcount|p2a: Let's Go Golfing!|2\n|move|p2a: Let's Go Golfing!|Play Rough|p1a: Kangaskhan|[miss]\n|-miss|p2a: Let's Go Golfing!|p1a: Kangaskhan\n|\n|upkeep\n|turn|4\n|c|\u2606pepsicangobrrr|brrh\n|\n|t:|1699632652\n|move|p1a: Kangaskhan|Power-Up Punch|p2a: Let's Go Golfing!\n|-damage|p2a: Let's Go Golfing!|0 fnt\n|-boost|p1a: Kangaskhan|atk|1\n|faint|p2a: Let's Go Golfing!\n|-hitcount|p2: Let's Go Golfing!|1\n|\n|upkeep\n|\n|t:|1699632659\n|switch|p2a: Phantom Phill|Dragapult, M|100\/100\n|turn|5\n|\n|t:|1699632665\n|move|p2a: Phantom Phill|Dragon Claw|p1a: Kangaskhan\n|-damage|p1a: Kangaskhan|0 fnt\n|faint|p1a: Kangaskhan\n|-damage|p2a: Phantom Phill|91\/100|[from] item: Life Orb\n|\n|upkeep\n|\n|t:|1699632675\n|switch|p1a: Noivern|Noivern, F, shiny|100\/100\n|turn|6\n|\n|t:|1699632687\n|-terastallize|p2a: Phantom Phill|Steel\n|move|p2a: Phantom Phill|Dragon Claw|p1a: Noivern\n|-supereffective|p1a: Noivern\n|-damage|p1a: Noivern|0 fnt\n|faint|p1a: Noivern\n|-damage|p2a: Phantom Phill|81\/100|[from] item: Life Orb\n|\n|upkeep\n|-message|zukmarious forfeited.\n|\n|win|pepsicangobrrr\n|raw|zukmarious's rating: 1137 &rarr; <strong>1114<\/strong><br \/>(-23 for losing)\n|raw|pepsicangobrrr's rating: 1165 &rarr; <strong>1188<\/strong><br \/>(+23 for winning)\n|l|\u2606zukmarious\n","uploadtime":1699632699,"views":16,"p1id":"zukmarious","p2id":"pepsicangobrrr","formatid":"gen9nationaldexubers","rating":1114,"private":0,"password":""}