{"id":"gen9nationaldexubers-1986102201","p1":"ShaGear","p2":"Cdub17","format":"[Gen 9] National Dex Ubers","log":"|j|\u2606ShaGear\n|j|\u2606Cdub17\n|t:|1699450289\n|gametype|singles\n|player|p1|ShaGear|n-masters2|1116\n|player|p2|Cdub17|ghetsis|1067\n|teamsize|p1|6\n|teamsize|p2|6\n|gen|9\n|tier|[Gen 9] National Dex Ubers\n|rated|\n|rule|HP Percentage Mod: HP is shown in percentages\n|rule|Endless Battle Clause: Forcing endless battles is banned\n|rule|OHKO Clause: OHKO moves are banned\n|rule|Evasion Moves Clause: Evasion moves are banned\n|rule|Evasion Items Clause: Evasion items are banned\n|rule|Species Clause: Limit one of each Pok\u00e9mon\n|rule|Sleep Clause Mod: Limit one foe put to sleep\n|rule|Mega Rayquaza Clause: You cannot mega evolve Rayquaza\n|clearpoke\n|poke|p1|Blaziken, F|\n|poke|p1|Aegislash, M|\n|poke|p1|Blacephalon|\n|poke|p1|Mew|\n|poke|p1|Mawile, F|\n|poke|p1|Druddigon, M|\n|poke|p2|Espathra, M|\n|poke|p2|Yveltal|\n|poke|p2|Honchkrow, M|\n|poke|p2|Mismagius, M|\n|poke|p2|Altaria, F|\n|poke|p2|Giratina-Origin|\n|teampreview\n|inactive|Battle timer is ON: inactive players will automatically lose when time's up. (requested by ShaGear)\n|\n|t:|1699450296\n|start\n|switch|p1a: Kick God|Blaziken, F, shiny|100\/100\n|switch|p2a: Espathra|Espathra, M|100\/100\n|turn|1\n|\n|t:|1699450312\n|switch|p1a: N\u00b01|Mew|100\/100\n|move|p2a: Espathra|Lumina Crash|p1a: N\u00b01\n|-resisted|p1a: N\u00b01\n|-damage|p1a: N\u00b01|92\/100\n|-unboost|p1a: N\u00b01|spd|2\n|\n|upkeep\n|turn|2\n|\n|t:|1699450320\n|move|p2a: Espathra|Shadow Ball|p1a: N\u00b01\n|-supereffective|p1a: N\u00b01\n|-damage|p1a: N\u00b01|43\/100\n|-unboost|p1a: N\u00b01|spd|1\n|move|p1a: N\u00b01|Substitute|p1a: N\u00b01\n|-start|p1a: N\u00b01|Substitute\n|-damage|p1a: N\u00b01|18\/100\n|\n|upkeep\n|turn|3\n|\n|t:|1699450332\n|move|p2a: Espathra|Dazzling Gleam|p1a: N\u00b01\n|-end|p1a: N\u00b01|Substitute\n|move|p1a: N\u00b01|Toxic|p2a: Espathra\n|-status|p2a: Espathra|tox\n|\n|-damage|p2a: Espathra|94\/100 tox|[from] psn\n|upkeep\n|turn|4\n|\n|t:|1699450343\n|move|p2a: Espathra|Dazzling Gleam|p1a: N\u00b01\n|-damage|p1a: N\u00b01|0 fnt\n|faint|p1a: N\u00b01\n|\n|-heal|p2a: Espathra|100\/100 tox|[from] item: Leftovers\n|-damage|p2a: Espathra|88\/100 tox|[from] psn\n|upkeep\n|\n|t:|1699450354\n|switch|p1a: Clown|Blacephalon, shiny|100\/100\n|turn|5\n|\n|t:|1699450363\n|move|p1a: Clown|Shadow Ball|p2a: Espathra\n|-supereffective|p2a: Espathra\n|-damage|p2a: Espathra|3\/100 tox\n|move|p2a: Espathra|Shadow Ball|p1a: Clown\n|-supereffective|p1a: Clown\n|-damage|p1a: Clown|48\/100\n|\n|-heal|p2a: Espathra|9\/100 tox|[from] item: Leftovers\n|-damage|p2a: Espathra|0 fnt|[from] psn\n|faint|p2a: Espathra\n|upkeep\n|\n|t:|1699450367\n|switch|p2a: Yveltal|Yveltal|100\/100\n|-ability|p2a: Yveltal|Dark Aura\n|turn|6\n|\n|t:|1699450379\n|move|p1a: Clown|Protect|p1a: Clown\n|-singleturn|p1a: Clown|Protect\n|move|p2a: Yveltal|Knock Off|p1a: Clown\n|-activate|p1a: Clown|move: Protect\n|\n|upkeep\n|turn|7\n|\n|t:|1699450386\n|-zpower|p1a: Clown\n|move|p1a: Clown|Never-Ending Nightmare|p2a: Yveltal|[zeffect]\n|-resisted|p2a: Yveltal\n|-damage|p2a: Yveltal|72\/100\n|move|p2a: Yveltal|Knock Off|p1a: Clown\n|-supereffective|p1a: Clown\n|-damage|p1a: Clown|0 fnt\n|faint|p1a: Clown\n|-damage|p2a: Yveltal|62\/100|[from] item: Life Orb\n|\n|upkeep\n|\n|t:|1699450398\n|switch|p1a: M4ga Steel|Mawile, F|100\/100\n|-ability|p1a: M4ga Steel|Intimidate|boost\n|-unboost|p2a: Yveltal|atk|1\n|turn|8\n|\n|t:|1699450409\n|detailschange|p1a: M4ga Steel|Mawile-Mega, F\n|-mega|p1a: M4ga Steel|Mawile|Mawilite\n|move|p2a: Yveltal|Knock Off|p1a: M4ga Steel\n|-resisted|p1a: M4ga Steel\n|-damage|p1a: M4ga Steel|86\/100\n|-damage|p2a: Yveltal|52\/100|[from] item: Life Orb\n|move|p1a: M4ga Steel|Thunder Punch|p2a: Yveltal\n|-supereffective|p2a: Yveltal\n|-damage|p2a: Yveltal|0 fnt\n|faint|p2a: Yveltal\n|\n|upkeep\n|\n|t:|1699450418\n|switch|p2a: Mismagius|Mismagius, M|100\/100\n|turn|9\n|\n|t:|1699450422\n|move|p1a: M4ga Steel|Sucker Punch||[still]\n|-fail|p1a: M4ga Steel\n|move|p2a: Mismagius|Will-O-Wisp|p1a: M4ga Steel\n|-status|p1a: M4ga Steel|brn\n|\n|-damage|p1a: M4ga Steel|80\/100 brn|[from] brn\n|upkeep\n|turn|10\n|\n|t:|1699450441\n|move|p1a: M4ga Steel|Sucker Punch|p2a: Mismagius\n|-supereffective|p2a: Mismagius\n|-damage|p2a: Mismagius|46\/100\n|move|p2a: Mismagius|Hex|p1a: M4ga Steel\n|-damage|p1a: M4ga Steel|30\/100 brn\n|\n|-heal|p2a: Mismagius|52\/100|[from] item: Leftovers\n|-damage|p1a: M4ga Steel|24\/100 brn|[from] brn\n|upkeep\n|turn|11\n|\n|t:|1699450451\n|-terastallize|p2a: Mismagius|Fairy\n|move|p1a: M4ga Steel|Sucker Punch|p2a: Mismagius\n|-resisted|p2a: Mismagius\n|-damage|p2a: Mismagius|39\/100\n|move|p2a: Mismagius|Hex|p1a: M4ga Steel\n|-damage|p1a: M4ga Steel|0 fnt\n|faint|p1a: M4ga Steel\n|\n|-heal|p2a: Mismagius|45\/100|[from] item: Leftovers\n|upkeep\n|\n|t:|1699450467\n|switch|p1a: King and Shield|Aegislash, M, shiny|100\/100\n|turn|12\n|\n|t:|1699450474\n|move|p2a: Mismagius|Will-O-Wisp|p1a: King and Shield|[miss]\n|-miss|p2a: Mismagius|p1a: King and Shield\n|move|p1a: King and Shield|Toxic|p2a: Mismagius|[miss]\n|-miss|p1a: King and Shield|p2a: Mismagius\n|\n|-heal|p2a: Mismagius|51\/100|[from] item: Leftovers\n|upkeep\n|turn|13\n|\n|t:|1699450482\n|move|p2a: Mismagius|Will-O-Wisp|p1a: King and Shield\n|-status|p1a: King and Shield|brn\n|move|p1a: King and Shield|Toxic|p2a: Mismagius\n|-status|p2a: Mismagius|tox\n|\n|-heal|p2a: Mismagius|57\/100 tox|[from] item: Leftovers\n|-damage|p2a: Mismagius|51\/100 tox|[from] psn\n|-damage|p1a: King and Shield|94\/100 brn|[from] brn\n|upkeep\n|turn|14\n|\n|t:|1699450494\n|move|p1a: King and Shield|King's Shield|p1a: King and Shield\n|-singleturn|p1a: King and Shield|Protect\n|move|p2a: Mismagius|Hex|p1a: King and Shield\n|-activate|p1a: King and Shield|move: Protect\n|\n|-heal|p2a: Mismagius|57\/100 tox|[from] item: Leftovers\n|-damage|p2a: Mismagius|45\/100 tox|[from] psn\n|-damage|p1a: King and Shield|88\/100 brn|[from] brn\n|upkeep\n|turn|15\n|\n|t:|1699450509\n|move|p2a: Mismagius|Hex|p1a: King and Shield\n|-supereffective|p1a: King and Shield\n|-damage|p1a: King and Shield|29\/100 brn\n|-formechange|p1a: King and Shield|Aegislash-Blade||[from] ability: Stance Change\n|move|p1a: King and Shield|Sacred Sword|p2a: Mismagius\n|-resisted|p2a: Mismagius\n|-damage|p2a: Mismagius|37\/100 tox\n|\n|-heal|p2a: Mismagius|43\/100 tox|[from] item: Leftovers\n|-damage|p2a: Mismagius|25\/100 tox|[from] psn\n|-damage|p1a: King and Shield|23\/100 brn|[from] brn\n|upkeep\n|-enditem|p1a: King and Shield|Aguav Berry|[eat]\n|-heal|p1a: King and Shield|56\/100 brn|[from] item: Aguav Berry\n|turn|16\n|\n|t:|1699450525\n|-formechange|p1a: King and Shield|Aegislash||[from] ability: Stance Change\n|move|p1a: King and Shield|King's Shield|p1a: King and Shield\n|-singleturn|p1a: King and Shield|Protect\n|move|p2a: Mismagius|Hex|p1a: King and Shield\n|-activate|p1a: King and Shield|move: Protect\n|\n|-heal|p2a: Mismagius|31\/100 tox|[from] item: Leftovers\n|-damage|p2a: Mismagius|6\/100 tox|[from] psn\n|-damage|p1a: King and Shield|50\/100 brn|[from] brn\n|upkeep\n|turn|17\n|\n|t:|1699450538\n|move|p2a: Mismagius|Hex|p1a: King and Shield\n|-supereffective|p1a: King and Shield\n|-damage|p1a: King and Shield|0 fnt\n|faint|p1a: King and Shield\n|\n|-heal|p2a: Mismagius|12\/100 tox|[from] item: Leftovers\n|-damage|p2a: Mismagius|0 fnt|[from] psn\n|faint|p2a: Mismagius\n|upkeep\n|\n|t:|1699450547\n|switch|p2a: Altaria|Altaria, F|100\/100\n|switch|p1a: Kick God|Blaziken, F, shiny|100\/100\n|turn|18\n|\n|t:|1699450555\n|detailschange|p2a: Altaria|Altaria-Mega, F\n|-mega|p2a: Altaria|Altaria|Altarianite\n|move|p1a: Kick God|Power-Up Punch|p2a: Altaria\n|-resisted|p2a: Altaria\n|-damage|p2a: Altaria|91\/100\n|-boost|p1a: Kick God|atk|1\n|move|p2a: Altaria|Tailwind|p2a: Altaria\n|-sidestart|p2: Cdub17|move: Tailwind\n|\n|-ability|p1a: Kick God|Speed Boost|boost\n|-boost|p1a: Kick God|spe|1\n|upkeep\n|turn|19\n|\n|t:|1699450566\n|move|p2a: Altaria|Dazzling Gleam|p1a: Kick God\n|-damage|p1a: Kick God|52\/100\n|move|p1a: Kick God|Earthquake|p2a: Altaria\n|-damage|p2a: Altaria|45\/100\n|\n|-ability|p1a: Kick God|Speed Boost|boost\n|-boost|p1a: Kick God|spe|1\n|upkeep\n|turn|20\n|\n|t:|1699450574\n|move|p1a: Kick God|Earthquake|p2a: Altaria\n|-damage|p2a: Altaria|1\/100\n|move|p2a: Altaria|Hyper Beam|p1a: Kick God\n|-damage|p1a: Kick God|0 fnt\n|-mustrecharge|p2a: Altaria\n|faint|p1a: Kick God\n|\n|upkeep\n|\n|t:|1699450582\n|switch|p1a: Ashborn|Druddigon, M|100\/100\n|turn|21\n|\n|t:|1699450588\n|cant|p2a: Altaria|recharge\n|move|p1a: Ashborn|Shadow Claw|p2a: Altaria\n|-damage|p2a: Altaria|0 fnt\n|faint|p2a: Altaria\n|\n|-sideend|p2: Cdub17|move: Tailwind\n|upkeep\n|\n|t:|1699450594\n|switch|p2a: Giratina|Giratina-Origin|100\/100\n|turn|22\n|\n|t:|1699450601\n|-terastallize|p1a: Ashborn|Steel\n|move|p2a: Giratina|Dragon Pulse|p1a: Ashborn\n|-resisted|p1a: Ashborn\n|-damage|p1a: Ashborn|86\/100\n|move|p1a: Ashborn|Dragon Claw|p2a: Giratina\n|-supereffective|p2a: Giratina\n|-damage|p2a: Giratina|44\/100\n|\n|upkeep\n|turn|23\n|\n|t:|1699450610\n|move|p2a: Giratina|Dual Wingbeat|p1a: Ashborn\n|-resisted|p1a: Ashborn\n|-damage|p1a: Ashborn|80\/100\n|-resisted|p1a: Ashborn\n|-damage|p1a: Ashborn|75\/100\n|-hitcount|p1a: Ashborn|2\n|move|p1a: Ashborn|Dragon Claw|p2a: Giratina\n|-supereffective|p2a: Giratina\n|-damage|p2a: Giratina|0 fnt\n|faint|p2a: Giratina\n|\n|upkeep\n|\n|t:|1699450613\n|switch|p2a: Honchkrow|Honchkrow, M|100\/100\n|turn|24\n|\n|t:|1699450624\n|move|p2a: Honchkrow|Night Slash|p1a: Ashborn\n|-damage|p1a: Ashborn|46\/100\n|move|p1a: Ashborn|Iron Head|p2a: Honchkrow\n|-damage|p2a: Honchkrow|33\/100\n|\n|-heal|p2a: Honchkrow|40\/100|[from] item: Leftovers\n|upkeep\n|turn|25\n|\n|t:|1699450632\n|move|p2a: Honchkrow|Roost|p2a: Honchkrow\n|-heal|p2a: Honchkrow|90\/100\n|-singleturn|p2a: Honchkrow|move: Roost\n|move|p1a: Ashborn|Iron Head|p2a: Honchkrow\n|-crit|p2a: Honchkrow\n|-damage|p2a: Honchkrow|0 fnt\n|faint|p2a: Honchkrow\n|\n|win|ShaGear\n|raw|ShaGear's rating: 1140 &rarr; <strong>1160<\/strong><br \/>(+20 for winning)\n|raw|Cdub17's rating: 1067 &rarr; <strong>1051<\/strong><br \/>(-16 for losing)\n|l|\u2606Cdub17\n|c|\u2606ShaGear|gg\n","uploadtime":1699450644,"views":10,"p1id":"shagear","p2id":"cdub17","formatid":"gen9nationaldexubers","rating":1051,"private":0,"password":""}