{"id":"gen9nationaldexubers-1981280838","p1":"loseIstopplaying","p2":"Bluethe2","format":"[Gen 9] National Dex Ubers","log":"|j|\u2606loseIstopplaying\n|j|\u2606Bluethe2\n|t:|1698879316\n|gametype|singles\n|player|p1|loseIstopplaying|irida|1000\n|player|p2|Bluethe2|blue|1107\n|teamsize|p1|6\n|teamsize|p2|6\n|gen|9\n|tier|[Gen 9] National Dex Ubers\n|rated|\n|rule|HP Percentage Mod: HP is shown in percentages\n|rule|Endless Battle Clause: Forcing endless battles is banned\n|rule|OHKO Clause: OHKO moves are banned\n|rule|Evasion Moves Clause: Evasion moves are banned\n|rule|Evasion Items Clause: Evasion items are banned\n|rule|Species Clause: Limit one of each Pok\u00e9mon\n|rule|Sleep Clause Mod: Limit one foe put to sleep\n|rule|Mega Rayquaza Clause: You cannot mega evolve Rayquaza\n|clearpoke\n|poke|p1|Ogerpon-Hearthflame, F|\n|poke|p1|Chien-Pao|\n|poke|p1|Zacian-*|\n|poke|p1|Kyogre|\n|poke|p1|Zygarde|\n|poke|p1|Mewtwo|\n|poke|p2|Falinks|\n|poke|p2|Zygarde|\n|poke|p2|Jumpluff, M|\n|poke|p2|Iron Hands|\n|poke|p2|Greninja-*, M|\n|poke|p2|Vulpix-Alola, F|\n|teampreview\n|inactive|Battle timer is ON: inactive players will automatically lose when time's up. (requested by loseIstopplaying)\n|\n|t:|1698879330\n|start\n|switch|p1a: Ogerpon|Ogerpon-Hearthflame, F|100\/100\n|switch|p2a: Jumpluff|Jumpluff, M|100\/100\n|-ability|p1a: Ogerpon|Mold Breaker\n|turn|1\n|\n|t:|1698879340\n|-terastallize|p2a: Jumpluff|Flying\n|move|p1a: Ogerpon|Ivy Cudgel|p2a: Jumpluff\n|-damage|p2a: Jumpluff|22\/100\n|-enditem|p2a: Jumpluff|Eject Button\n|\n|t:|1698879345\n|switch|p2a: Greninja|Greninja, M|100\/100\n|\n|upkeep\n|turn|2\n|\n|t:|1698879356\n|move|p2a: Greninja|Ice Beam|p1a: Ogerpon\n|-damage|p1a: Ogerpon|56\/100\n|move|p1a: Ogerpon|Power Whip|p2a: Greninja\n|-supereffective|p2a: Greninja\n|-damage|p2a: Greninja|0 fnt\n|faint|p2a: Greninja\n|\n|upkeep\n|\n|t:|1698879364\n|switch|p2a: Vulpix|Vulpix-Alola, F|100\/100\n|-weather|Snow|[from] ability: Snow Warning|[of] p2a: Vulpix\n|turn|3\n|\n|t:|1698879369\n|move|p1a: Ogerpon|Ivy Cudgel|p2a: Vulpix\n|-supereffective|p2a: Vulpix\n|-enditem|p2a: Vulpix|Focus Sash\n|-damage|p2a: Vulpix|1\/100\n|move|p2a: Vulpix|Toxic|p1a: Ogerpon\n|-status|p1a: Ogerpon|tox\n|\n|-weather|Snow|[upkeep]\n|-damage|p1a: Ogerpon|50\/100 tox|[from] psn\n|upkeep\n|turn|4\n|\n|t:|1698879378\n|move|p2a: Vulpix|Protect|p2a: Vulpix\n|-singleturn|p2a: Vulpix|Protect\n|move|p1a: Ogerpon|Knock Off|p2a: Vulpix\n|-activate|p2a: Vulpix|move: Protect\n|\n|-weather|Snow|[upkeep]\n|-damage|p1a: Ogerpon|38\/100 tox|[from] psn\n|upkeep\n|turn|5\n|\n|t:|1698879387\n|move|p1a: Ogerpon|Power Whip|p2a: Vulpix\n|-damage|p2a: Vulpix|0 fnt\n|faint|p2a: Vulpix\n|\n|-weather|Snow|[upkeep]\n|-damage|p1a: Ogerpon|20\/100 tox|[from] psn\n|upkeep\n|\n|t:|1698879394\n|switch|p2a: Iron Hands|Iron Hands|100\/100\n|turn|6\n|\n|t:|1698879403\n|move|p2a: Iron Hands|Detect|p2a: Iron Hands\n|-singleturn|p2a: Iron Hands|Protect\n|move|p1a: Ogerpon|Ivy Cudgel|p2a: Iron Hands\n|-activate|p2a: Iron Hands|move: Protect\n|\n|-weather|Snow|[upkeep]\n|-damage|p1a: Ogerpon|0 fnt|[from] psn\n|faint|p1a: Ogerpon\n|upkeep\n|\n|t:|1698879410\n|switch|p1a: Zacian|Zacian-Crowned|100\/100\n|-ability|p1a: Zacian|Intrepid Sword|boost\n|-boost|p1a: Zacian|atk|1\n|turn|7\n|\n|t:|1698879428\n|-end|p2a: Iron Hands|Quark Drive|[silent]\n|switch|p2a: Jumpluff|Jumpluff, M, tera:Flying|22\/100\n|-terastallize|p1a: Zacian|Fairy\n|move|p1a: Zacian|Swords Dance|p1a: Zacian\n|-boost|p1a: Zacian|atk|2\n|\n|-weather|none\n|upkeep\n|turn|8\n|-message|Bluethe2 forfeited.\n|\n|win|loseIstopplaying\n|raw|loseIstopplaying's rating: 1000 &rarr; <strong>1052<\/strong><br \/>(+52 for winning)\n|raw|Bluethe2's rating: 1107 &rarr; <strong>1075<\/strong><br \/>(-32 for losing)\n|l|\u2606Bluethe2\n","uploadtime":1698879614,"views":5,"p1id":"loseistopplaying","p2id":"bluethe2","formatid":"gen9nationaldexubers","rating":1052,"private":0,"password":""}