{"id":"gen9nationaldexubers-1986167154","p1":"Chaitanya15","p2":"Aleix565","format":"[Gen 9] National Dex Ubers","log":"|j|\u2606Chaitanya15\n|j|\u2606Aleix565\n|t:|1699456447\n|gametype|singles\n|player|p1|Chaitanya15|266|1441\n|player|p2|Aleix565|colress|1408\n|teamsize|p1|6\n|teamsize|p2|6\n|gen|9\n|tier|[Gen 9] National Dex Ubers\n|rated|\n|rule|HP Percentage Mod: HP is shown in percentages\n|rule|Endless Battle Clause: Forcing endless battles is banned\n|rule|OHKO Clause: OHKO moves are banned\n|rule|Evasion Moves Clause: Evasion moves are banned\n|rule|Evasion Items Clause: Evasion items are banned\n|rule|Species Clause: Limit one of each Pok\u00e9mon\n|rule|Sleep Clause Mod: Limit one foe put to sleep\n|rule|Mega Rayquaza Clause: You cannot mega evolve Rayquaza\n|clearpoke\n|poke|p1|Kingambit, F|\n|poke|p1|Basculegion, M|\n|poke|p1|Kyogre|\n|poke|p1|Flutter Mane|\n|poke|p1|Deoxys-Speed|\n|poke|p1|Groudon|\n|poke|p2|Ogerpon-Hearthflame, F|\n|poke|p2|Kyogre|\n|poke|p2|Zacian-*|\n|poke|p2|Roaring Moon|\n|poke|p2|Metagross|\n|poke|p2|Kyurem-White|\n|teampreview\n|inactive|Battle timer is ON: inactive players will automatically lose when time's up. (requested by Chaitanya15)\n|inactive|Aleix565 has 120 seconds left.\n|\n|t:|1699456500\n|start\n|switch|p1a: Deoxys|Deoxys-Speed|100\/100\n|switch|p2a: Kyogre|Kyogre, shiny|100\/100\n|-ability|p1a: Deoxys|Pressure\n|detailschange|p2a: Kyogre|Kyogre-Primal, shiny\n|-primal|p2a: Kyogre|Blue Orb\n|-weather|PrimordialSea|[from] ability: Primordial Sea|[of] p2a: Kyogre\n|turn|1\n|\n|t:|1699456511\n|move|p1a: Deoxys|Stealth Rock|p2a: Kyogre\n|-sidestart|p2: Aleix565|move: Stealth Rock\n|move|p2a: Kyogre|Water Spout|p1a: Deoxys\n|-enditem|p1a: Deoxys|Focus Sash\n|-damage|p1a: Deoxys|1\/100\n|\n|-weather|PrimordialSea|[upkeep]\n|upkeep\n|turn|2\n|\n|t:|1699456519\n|-weather|none\n|switch|p2a: Metagross|Metagross, shiny|100\/100\n|-damage|p2a: Metagross|95\/100|[from] Stealth Rock\n|move|p1a: Deoxys|Spikes|p2a: Metagross\n|-sidestart|p2: Aleix565|Spikes\n|\n|upkeep\n|turn|3\n|\n|t:|1699456527\n|move|p2a: Metagross|Bullet Punch|p1a: Deoxys\n|-damage|p1a: Deoxys|0 fnt\n|faint|p1a: Deoxys\n|\n|upkeep\n|\n|t:|1699456533\n|switch|p1a: Groudon|Groudon|100\/100\n|detailschange|p1a: Groudon|Groudon-Primal\n|-primal|p1a: Groudon|Red Orb\n|-weather|DesolateLand|[from] ability: Desolate Land|[of] p1a: Groudon\n|turn|4\n|\n|t:|1699456543\n|detailschange|p2a: Metagross|Metagross-Mega, shiny\n|-mega|p2a: Metagross|Metagross|Metagrossite\n|move|p2a: Metagross|Earthquake|p1a: Groudon\n|-supereffective|p1a: Groudon\n|-damage|p1a: Groudon|47\/100\n|move|p1a: Groudon|Rock Polish|p1a: Groudon\n|-boost|p1a: Groudon|spe|2\n|\n|-weather|DesolateLand|[upkeep]\n|upkeep\n|turn|5\n|\n|t:|1699456559\n|move|p1a: Groudon|Precipice Blades|p2a: Metagross\n|-supereffective|p2a: Metagross\n|-damage|p2a: Metagross|0 fnt\n|faint|p2a: Metagross\n|\n|-weather|DesolateLand|[upkeep]\n|upkeep\n|\n|t:|1699456569\n|switch|p2a: Kyogre|Kyogre-Primal, shiny|100\/100\n|-damage|p2a: Kyogre|88\/100|[from] Stealth Rock\n|-damage|p2a: Kyogre|76\/100|[from] Spikes\n|-weather|PrimordialSea|[from] ability: Primordial Sea|[of] p2a: Kyogre\n|turn|6\n|\n|t:|1699456577\n|move|p1a: Groudon|Precipice Blades|p2a: Kyogre\n|-damage|p2a: Kyogre|0 fnt\n|faint|p2a: Kyogre\n|-weather|none\n|\n|upkeep\n|inactive|Aleix565 has 120 seconds left.\n|\n|t:|1699456614\n|switch|p2a: Ogerpon|Ogerpon-Hearthflame, F|100\/100\n|-damage|p2a: Ogerpon|76\/100|[from] Stealth Rock\n|-damage|p2a: Ogerpon|63\/100|[from] Spikes\n|-ability|p2a: Ogerpon|Mold Breaker\n|turn|7\n|\n|t:|1699456623\n|move|p1a: Groudon|Heat Crash|p2a: Ogerpon\n|-damage|p2a: Ogerpon|0 fnt\n|faint|p2a: Ogerpon\n|\n|upkeep\n|-message|Aleix565 forfeited.\n|\n|win|Chaitanya15\n|raw|Chaitanya15's rating: 1441 &rarr; <strong>1459<\/strong><br \/>(+18 for winning)\n|raw|Aleix565's rating: 1408 &rarr; <strong>1390<\/strong><br \/>(-18 for losing)\n|l|\u2606Aleix565\n","uploadtime":1699456634,"views":10,"p1id":"chaitanya15","p2id":"aleix565","formatid":"gen9nationaldexubers","rating":1390,"private":0,"password":""}