{"id":"gen9nationaldexubers-1983745090","p1":"zhensei","p2":"wild_danger","format":"[Gen 9] National Dex Ubers","log":"|j|\u2606zhensei\n|j|\u2606wild_danger\n|t:|1699172164\n|gametype|singles\n|player|p1|zhensei|cynthia-gen7|\n|player|p2|wild_danger|linebacker|\n|teamsize|p1|6\n|teamsize|p2|6\n|gen|9\n|tier|[Gen 9] National Dex Ubers\n|rule|HP Percentage Mod: HP is shown in percentages\n|rule|Endless Battle Clause: Forcing endless battles is banned\n|rule|OHKO Clause: OHKO moves are banned\n|rule|Evasion Moves Clause: Evasion moves are banned\n|rule|Evasion Items Clause: Evasion items are banned\n|rule|Species Clause: Limit one of each Pok\u00e9mon\n|rule|Sleep Clause Mod: Limit one foe put to sleep\n|rule|Mega Rayquaza Clause: You cannot mega evolve Rayquaza\n|clearpoke\n|poke|p1|Tangrowth, M|\n|poke|p1|Slowbro, F|\n|poke|p1|Heatran, F|\n|poke|p1|Iron Valiant|\n|poke|p1|Serperior, F|\n|poke|p1|Zapdos|\n|poke|p2|Charizard, M|\n|poke|p2|Sneasler, M|\n|poke|p2|Rillaboom, M|\n|poke|p2|Greninja-*, F|\n|poke|p2|Clefable, M|\n|poke|p2|Kingambit, M|\n|teampreview\n|c|\u2606wild_danger|tf is ths\n|\n|t:|1699172180\n|start\n|switch|p1a: Zapdos|Zapdos|100\/100\n|switch|p2a: Charizard|Charizard, M|100\/100\n|turn|1\n|\n|t:|1699172189\n|switch|p2a: Clefable|Clefable, M|100\/100\n|move|p1a: Zapdos|Volt Switch|p2a: Clefable\n|-damage|p2a: Clefable|75\/100\n|\n|t:|1699172193\n|switch|p1a: Heatran|Heatran, F|100\/100|[from] Volt Switch\n|\n|-heal|p2a: Clefable|81\/100|[from] item: Leftovers\n|upkeep\n|turn|2\n|\n|t:|1699172200\n|switch|p2a: Sneasler|Sneasler, M|100\/100\n|move|p1a: Heatran|Stealth Rock|p2a: Sneasler\n|-sidestart|p2: wild_danger|move: Stealth Rock\n|\n|upkeep\n|turn|3\n|\n|t:|1699172203\n|switch|p1a: Zapdos|Zapdos|100\/100\n|move|p2a: Sneasler|Close Combat|p1a: Zapdos\n|-resisted|p1a: Zapdos\n|-damage|p1a: Zapdos|62\/100\n|-unboost|p2a: Sneasler|def|1\n|-unboost|p2a: Sneasler|spd|1\n|\n|upkeep\n|turn|4\n|\n|t:|1699172216\n|switch|p2a: Clefable|Clefable, M|81\/100\n|-damage|p2a: Clefable|68\/100|[from] Stealth Rock\n|move|p1a: Zapdos|Roost|p1a: Zapdos\n|-heal|p1a: Zapdos|100\/100\n|-singleturn|p1a: Zapdos|move: Roost\n|\n|-heal|p2a: Clefable|74\/100|[from] item: Leftovers\n|upkeep\n|turn|5\n|\n|t:|1699172230\n|move|p1a: Zapdos|Toxic|p2a: Clefable\n|-status|p2a: Clefable|tox\n|move|p2a: Clefable|Soft-Boiled|p2a: Clefable\n|-heal|p2a: Clefable|100\/100 tox\n|\n|-damage|p2a: Clefable|94\/100 tox|[from] psn\n|upkeep\n|turn|6\n|\n|t:|1699172234\n|move|p1a: Zapdos|Volt Switch|p2a: Clefable\n|-damage|p2a: Clefable|68\/100 tox\n|\n|t:|1699172238\n|switch|p1a: Heatran|Heatran, F|100\/100|[from] Volt Switch\n|move|p2a: Clefable|Toxic|p1a: Heatran\n|-immune|p1a: Heatran\n|\n|-heal|p2a: Clefable|74\/100 tox|[from] item: Leftovers\n|-damage|p2a: Clefable|62\/100 tox|[from] psn\n|upkeep\n|turn|7\n|\n|t:|1699172245\n|switch|p2a: Charizard|Charizard, M|100\/100\n|-damage|p2a: Charizard|51\/100|[from] Stealth Rock\n|move|p1a: Heatran|Earth Power|p2a: Charizard\n|-immune|p2a: Charizard\n|\n|upkeep\n|turn|8\n|\n|t:|1699172251\n|detailschange|p2a: Charizard|Charizard-Mega-Y, M\n|-mega|p2a: Charizard|Charizard|Charizardite Y\n|-weather|SunnyDay|[from] ability: Drought|[of] p2a: Charizard\n|move|p2a: Charizard|Flamethrower|p1a: Heatran\n|-start|p1a: Heatran|ability: Flash Fire\n|move|p1a: Heatran|Earth Power|p2a: Charizard\n|-immune|p2a: Charizard\n|\n|-weather|SunnyDay|[upkeep]\n|upkeep\n|turn|9\n|c|\u2606wild_danger|fck u\n|\n|t:|1699172281\n|move|p2a: Charizard|Scorching Sands|p1a: Heatran\n|-supereffective|p1a: Heatran\n|-damage|p1a: Heatran|32\/100\n|move|p1a: Heatran|Lava Plume|p2a: Charizard\n|-resisted|p2a: Charizard\n|-damage|p2a: Charizard|10\/100\n|\n|-weather|SunnyDay|[upkeep]\n|-heal|p1a: Heatran|38\/100|[from] item: Leftovers\n|upkeep\n|turn|10\n|\n|t:|1699172288\n|move|p2a: Charizard|Scorching Sands|p1a: Heatran\n|-supereffective|p1a: Heatran\n|-damage|p1a: Heatran|0 fnt\n|faint|p1a: Heatran\n|\n|-weather|SunnyDay|[upkeep]\n|upkeep\n|c|\u2606wild_danger|u tank it?\n|c|\u2606wild_danger|god damn\n|\n|t:|1699172293\n|switch|p1a: Iron Valiant|Iron Valiant|100\/100\n|turn|11\n|\n|t:|1699172305\n|move|p1a: Iron Valiant|Knock Off|p2a: Charizard\n|-damage|p2a: Charizard|0 fnt\n|faint|p2a: Charizard\n|\n|-weather|SunnyDay|[upkeep]\n|upkeep\n|\n|t:|1699172310\n|switch|p2a: Clefable|Clefable, M|62\/100 tox\n|-damage|p2a: Clefable|50\/100 tox|[from] Stealth Rock\n|turn|12\n|\n|t:|1699172316\n|-end|p1a: Iron Valiant|Quark Drive|[silent]\n|switch|p1a: Tangrowth|Tangrowth, M|100\/100\n|move|p2a: Clefable|Moonblast|p1a: Tangrowth\n|-damage|p1a: Tangrowth|82\/100\n|\n|-weather|none\n|-heal|p2a: Clefable|56\/100 tox|[from] item: Leftovers\n|-damage|p2a: Clefable|50\/100 tox|[from] psn\n|upkeep\n|turn|13\n|\n|t:|1699172320\n|move|p2a: Clefable|Toxic|p1a: Tangrowth\n|-status|p1a: Tangrowth|tox\n|move|p1a: Tangrowth|Knock Off|p2a: Clefable\n|-resisted|p2a: Clefable\n|-damage|p2a: Clefable|41\/100 tox\n|-enditem|p2a: Clefable|Leftovers|[from] move: Knock Off|[of] p1a: Tangrowth\n|\n|-damage|p2a: Clefable|29\/100 tox|[from] psn\n|-damage|p1a: Tangrowth|76\/100 tox|[from] psn\n|upkeep\n|turn|14\n|\n|t:|1699172327\n|move|p2a: Clefable|Soft-Boiled|p2a: Clefable\n|-heal|p2a: Clefable|79\/100 tox\n|move|p1a: Tangrowth|Giga Drain|p2a: Clefable\n|-damage|p2a: Clefable|51\/100 tox\n|-heal|p1a: Tangrowth|90\/100 tox|[from] drain|[of] p2a: Clefable\n|\n|-damage|p2a: Clefable|33\/100 tox|[from] psn\n|-damage|p1a: Tangrowth|77\/100 tox|[from] psn\n|upkeep\n|turn|15\n|\n|t:|1699172340\n|switch|p1a: Serperior|Serperior, F|100\/100\n|move|p2a: Clefable|Soft-Boiled|p2a: Clefable\n|-heal|p2a: Clefable|83\/100 tox\n|\n|-damage|p2a: Clefable|58\/100 tox|[from] psn\n|upkeep\n|turn|16\n|\n|t:|1699172346\n|switch|p2a: Kingambit|Kingambit, M|100\/100\n|-damage|p2a: Kingambit|94\/100|[from] Stealth Rock\n|-activate|p2a: Kingambit|ability: Supreme Overlord\n|-start|p2a: Kingambit|fallen1|[silent]\n|move|p1a: Serperior|Substitute|p1a: Serperior\n|-start|p1a: Serperior|Substitute\n|-damage|p1a: Serperior|76\/100\n|\n|-heal|p1a: Serperior|82\/100|[from] item: Leftovers\n|upkeep\n|turn|17\n|\n|t:|1699172353\n|move|p1a: Serperior|Glare|p2a: Kingambit\n|-status|p2a: Kingambit|par\n|-enditem|p2a: Kingambit|Lum Berry|[eat]\n|-curestatus|p2a: Kingambit|par|[msg]\n|move|p2a: Kingambit|Iron Head|p1a: Serperior\n|-end|p1a: Serperior|Substitute\n|\n|-heal|p1a: Serperior|88\/100|[from] item: Leftovers\n|upkeep\n|turn|18\n|c|\u2606zhensei|omg\n|c|\u2606zhensei|i made this team\n|c|\u2606zhensei|so long ago\n|c|\u2606zhensei|and the\n|c|\u2606zhensei|move\n|c|\u2606zhensei|i got on this\n|\n|t:|1699172369\n|move|p2a: Kingambit|Sucker Punch||[still]\n|-fail|p2a: Kingambit\n|move|p1a: Serperior|Glare|p2a: Kingambit\n|-status|p2a: Kingambit|par\n|\n|-heal|p1a: Serperior|94\/100|[from] item: Leftovers\n|upkeep\n|turn|19\n|c|\u2606zhensei|is fucking crazy\n|\n|t:|1699172375\n|move|p1a: Serperior|Substitute|p1a: Serperior\n|-start|p1a: Serperior|Substitute\n|-damage|p1a: Serperior|70\/100\n|move|p2a: Kingambit|Iron Head|p1a: Serperior\n|-end|p1a: Serperior|Substitute\n|\n|-heal|p1a: Serperior|76\/100|[from] item: Leftovers\n|upkeep\n|turn|20\n|\n|t:|1699172382\n|switch|p1a: Zapdos|Zapdos|100\/100\n|cant|p2a: Kingambit|par\n|\n|upkeep\n|turn|21\n|\n|t:|1699172386\n|move|p1a: Zapdos|Hurricane|p2a: Kingambit\n|-resisted|p2a: Kingambit\n|-damage|p2a: Kingambit|74\/100 par\n|-start|p2a: Kingambit|confusion\n|-activate|p2a: Kingambit|confusion\n|move|p2a: Kingambit|Iron Head|p1a: Zapdos\n|-resisted|p1a: Zapdos\n|-damage|p1a: Zapdos|74\/100\n|\n|upkeep\n|turn|22\n|\n|t:|1699172394\n|move|p1a: Zapdos|Volt Switch|p2a: Kingambit\n|-damage|p2a: Kingambit|45\/100 par\n|\n|t:|1699172399\n|switch|p1a: Slowbro|Slowbro, F|100\/100|[from] Volt Switch\n|-activate|p2a: Kingambit|confusion\n|move|p2a: Kingambit|Knock Off|p1a: Slowbro\n|-supereffective|p1a: Slowbro\n|-damage|p1a: Slowbro|23\/100\n|-damage|p2a: Kingambit|28\/100 par|[from] item: Rocky Helmet|[of] p1a: Slowbro\n|-enditem|p1a: Slowbro|Rocky Helmet|[from] move: Knock Off|[of] p2a: Kingambit\n|\n|upkeep\n|turn|23\n|\n|t:|1699172407\n|move|p1a: Slowbro|Slack Off|p1a: Slowbro\n|-heal|p1a: Slowbro|73\/100\n|-activate|p2a: Kingambit|confusion\n|-damage|p2a: Kingambit|17\/100 par|[from] confusion\n|\n|upkeep\n|turn|24\n|\n|t:|1699172412\n|move|p1a: Slowbro|Scald|p2a: Kingambit\n|-damage|p2a: Kingambit|0 fnt\n|faint|p2a: Kingambit\n|-end|p2a: Kingambit|fallen1|[silent]\n|\n|upkeep\n|\n|t:|1699172417\n|switch|p2a: Rillaboom|Rillaboom, M|100\/100\n|-damage|p2a: Rillaboom|88\/100|[from] Stealth Rock\n|-fieldstart|move: Grassy Terrain|[from] ability: Grassy Surge|[of] p2a: Rillaboom\n|turn|25\n|\n|t:|1699172426\n|switch|p1a: Zapdos|Zapdos|74\/100\n|move|p2a: Rillaboom|Swords Dance|p2a: Rillaboom\n|-boost|p2a: Rillaboom|atk|2\n|\n|-heal|p2a: Rillaboom|94\/100|[from] Grassy Terrain\n|upkeep\n|turn|26\n|\n|t:|1699172432\n|move|p2a: Rillaboom|Grassy Glide|p1a: Zapdos\n|-resisted|p1a: Zapdos\n|-damage|p1a: Zapdos|27\/100\n|-status|p2a: Rillaboom|par|[from] ability: Static|[of] p1a: Zapdos\n|-damage|p2a: Rillaboom|84\/100 par|[from] item: Life Orb\n|move|p1a: Zapdos|Hurricane|p2a: Rillaboom|[miss]\n|-miss|p1a: Zapdos|p2a: Rillaboom\n|\n|-heal|p2a: Rillaboom|91\/100 par|[from] Grassy Terrain\n|upkeep\n|turn|27\n|c|\u2606zhensei|bleh\n|\n|t:|1699172450\n|switch|p1a: Tangrowth|Tangrowth, M|100\/100 tox\n|cant|p2a: Rillaboom|par\n|\n|-heal|p2a: Rillaboom|97\/100 par|[from] Grassy Terrain\n|-damage|p1a: Tangrowth|94\/100 tox|[from] psn\n|upkeep\n|turn|28\n|\n|t:|1699172455\n|switch|p2a: Sneasler|Sneasler, M|100\/100\n|-damage|p2a: Sneasler|95\/100|[from] Stealth Rock\n|-enditem|p2a: Sneasler|Grassy Seed\n|-boost|p2a: Sneasler|def|1|[from] item: Grassy Seed\n|move|p1a: Tangrowth|Hidden Power|p2a: Sneasler\n|-damage|p2a: Sneasler|73\/100\n|\n|-heal|p2a: Sneasler|79\/100|[from] Grassy Terrain\n|-heal|p1a: Tangrowth|100\/100 tox|[from] Grassy Terrain\n|-damage|p1a: Tangrowth|88\/100 tox|[from] psn\n|upkeep\n|turn|29\n|\n|t:|1699172461\n|move|p2a: Sneasler|Swords Dance|p2a: Sneasler\n|-boost|p2a: Sneasler|atk|2\n|move|p1a: Tangrowth|Earthquake|p2a: Sneasler\n|-supereffective|p2a: Sneasler\n|-damage|p2a: Sneasler|51\/100\n|\n|-heal|p2a: Sneasler|57\/100|[from] Grassy Terrain\n|-heal|p1a: Tangrowth|94\/100 tox|[from] Grassy Terrain\n|-damage|p1a: Tangrowth|76\/100 tox|[from] psn\n|-fieldend|move: Grassy Terrain\n|upkeep\n|turn|30\n|\n|t:|1699172468\n|move|p2a: Sneasler|Acrobatics|p1a: Tangrowth\n|-supereffective|p1a: Tangrowth\n|-damage|p1a: Tangrowth|0 fnt\n|faint|p1a: Tangrowth\n|\n|upkeep\n|\n|t:|1699172473\n|switch|p1a: Slowbro|Slowbro, F|100\/100\n|turn|31\n|\n|t:|1699172483\n|move|p2a: Sneasler|Acrobatics|p1a: Slowbro\n|-damage|p1a: Slowbro|55\/100\n|move|p1a: Slowbro|Future Sight|p2a: Sneasler\n|-start|p1a: Slowbro|move: Future Sight\n|\n|upkeep\n|turn|32\n|\n|t:|1699172491\n|move|p2a: Sneasler|Acrobatics|p1a: Slowbro\n|-damage|p1a: Slowbro|2\/100\n|move|p1a: Slowbro|Slack Off|p1a: Slowbro\n|-heal|p1a: Slowbro|52\/100\n|\n|upkeep\n|turn|33\n|\n|t:|1699172504\n|switch|p2a: Greninja|Greninja, F|100\/100\n|-damage|p2a: Greninja|88\/100|[from] Stealth Rock\n|switch|p1a: Zapdos|Zapdos|27\/100\n|\n|-end|p2a: Greninja|move: Future Sight\n|-immune|p2a: Greninja\n|upkeep\n|turn|34\n|\n|t:|1699172514\n|switch|p1a: Slowbro|Slowbro, F|86\/100\n|move|p2a: Greninja|Ice Beam|p1a: Slowbro\n|-start|p2a: Greninja|typechange|Ice|[from] ability: Protean\n|-resisted|p1a: Slowbro\n|-damage|p1a: Slowbro|65\/100\n|\n|upkeep\n|turn|35\n|\n|t:|1699172522\n|switch|p2a: Rillaboom|Rillaboom, M|97\/100 par\n|-damage|p2a: Rillaboom|84\/100 par|[from] Stealth Rock\n|-fieldstart|move: Grassy Terrain|[from] ability: Grassy Surge|[of] p2a: Rillaboom\n|move|p1a: Slowbro|Future Sight|p2a: Rillaboom\n|-start|p1a: Slowbro|move: Future Sight\n|\n|-heal|p2a: Rillaboom|91\/100 par|[from] Grassy Terrain\n|-heal|p1a: Slowbro|71\/100|[from] Grassy Terrain\n|upkeep\n|turn|36\n|\n|t:|1699172530\n|switch|p1a: Zapdos|Zapdos|27\/100\n|cant|p2a: Rillaboom|par\n|\n|-heal|p2a: Rillaboom|97\/100 par|[from] Grassy Terrain\n|upkeep\n|turn|37\n|c|\u2606wild_danger|broooo\n|\n|t:|1699172541\n|switch|p2a: Clefable|Clefable, M|58\/100 tox\n|-damage|p2a: Clefable|46\/100 tox|[from] Stealth Rock\n|move|p1a: Zapdos|Roost|p1a: Zapdos\n|-heal|p1a: Zapdos|77\/100\n|-singleturn|p1a: Zapdos|move: Roost\n|\n|-end|p2a: Clefable|move: Future Sight\n|-damage|p2a: Clefable|9\/100 tox\n|-heal|p1a: Zapdos|83\/100|[from] Grassy Terrain\n|-heal|p2a: Clefable|15\/100 tox|[from] Grassy Terrain\n|-damage|p2a: Clefable|9\/100 tox|[from] psn\n|upkeep\n|turn|38\n|c|\u2606zhensei|tbf\n|\n|t:|1699172546\n|move|p1a: Zapdos|Volt Switch|p2a: Clefable\n|-damage|p2a: Clefable|0 fnt\n|faint|p2a: Clefable\n|c|\u2606zhensei|ur rilla wouldnt even be alive if i hit hurricane\n|\n|t:|1699172558\n|switch|p1a: Slowbro|Slowbro, F|100\/100|[from] Volt Switch\n|\n|upkeep\n|c|\u2606wild_danger|ion care\n|\n|t:|1699172561\n|switch|p2a: Greninja|Greninja, F|88\/100\n|-damage|p2a: Greninja|76\/100|[from] Stealth Rock\n|turn|39\n|c|\u2606wild_danger|???\n|c|\u2606wild_danger|i clicked\n|c|\u2606wild_danger|rilla\n|\n|t:|1699172569\n|switch|p2a: Rillaboom|Rillaboom, M|97\/100 par\n|-damage|p2a: Rillaboom|84\/100 par|[from] Stealth Rock\n|move|p1a: Slowbro|Future Sight|p2a: Rillaboom\n|-start|p1a: Slowbro|move: Future Sight\n|\n|-heal|p2a: Rillaboom|91\/100 par|[from] Grassy Terrain\n|-fieldend|move: Grassy Terrain\n|upkeep\n|turn|40\n|c|\u2606zhensei|i clicked\n|c|\u2606zhensei|hurricane\n|c|\u2606zhensei|and missed\n|c|\u2606zhensei|u wouldve died\n|\n|t:|1699172584\n|switch|p1a: Zapdos|Zapdos|83\/100\n|move|p2a: Rillaboom|Swords Dance|p2a: Rillaboom\n|-boost|p2a: Rillaboom|atk|2\n|\n|upkeep\n|turn|41\n|\n|t:|1699172590\n|move|p1a: Zapdos|Hurricane|p2a: Rillaboom\n|-supereffective|p2a: Rillaboom\n|-damage|p2a: Rillaboom|0 fnt\n|faint|p2a: Rillaboom\n|\n|-hint|Future Sight did not hit because the target is fainted.\n|upkeep\n|c|\u2606zhensei|see\n|\n|t:|1699172595\n|switch|p2a: Greninja|Greninja, F|76\/100\n|-damage|p2a: Greninja|64\/100|[from] Stealth Rock\n|turn|42\n|\n|t:|1699172599\n|switch|p1a: Slowbro|Slowbro, F|100\/100\n|move|p2a: Greninja|Ice Beam|p1a: Slowbro\n|-start|p2a: Greninja|typechange|Ice|[from] ability: Protean\n|-resisted|p1a: Slowbro\n|-damage|p1a: Slowbro|81\/100\n|\n|upkeep\n|turn|43\n|\n|t:|1699172604\n|switch|p2a: Sneasler|Sneasler, M|57\/100\n|-damage|p2a: Sneasler|51\/100|[from] Stealth Rock\n|move|p1a: Slowbro|Future Sight|p2a: Sneasler\n|-start|p1a: Slowbro|move: Future Sight\n|\n|upkeep\n|turn|44\n|c|\u2606zhensei|ggs\n|\n|t:|1699172611\n|move|p2a: Sneasler|Acrobatics|p1a: Slowbro\n|-damage|p1a: Slowbro|55\/100\n|move|p1a: Slowbro|Scald|p2a: Sneasler\n|-damage|p2a: Sneasler|12\/100\n|-status|p2a: Sneasler|brn\n|\n|-damage|p2a: Sneasler|6\/100 brn|[from] brn\n|upkeep\n|turn|45\n|\n|t:|1699172614\n|move|p2a: Sneasler|Acrobatics|p1a: Slowbro\n|-damage|p1a: Slowbro|43\/100\n|move|p1a: Slowbro|Scald|p2a: Sneasler\n|-damage|p2a: Sneasler|0 fnt\n|faint|p2a: Sneasler\n|\n|-hint|Future Sight did not hit because the target is fainted.\n|upkeep\n|\n|t:|1699172618\n|switch|p2a: Greninja|Greninja, F|64\/100\n|-damage|p2a: Greninja|51\/100|[from] Stealth Rock\n|turn|46\n|\n|t:|1699172624\n|move|p2a: Greninja|Ice Beam|p1a: Slowbro\n|-start|p2a: Greninja|typechange|Ice|[from] ability: Protean\n|-resisted|p1a: Slowbro\n|-damage|p1a: Slowbro|24\/100\n|-status|p1a: Slowbro|frz\n|-curestatus|p1a: Slowbro|frz|[msg]\n|move|p1a: Slowbro|Slack Off|p1a: Slowbro\n|-heal|p1a: Slowbro|74\/100\n|\n|upkeep\n|turn|47\n|\n|t:|1699172628\n|move|p2a: Greninja|Ice Beam|p1a: Slowbro\n|-resisted|p1a: Slowbro\n|-damage|p1a: Slowbro|52\/100\n|move|p1a: Slowbro|Future Sight|p2a: Greninja\n|-start|p1a: Slowbro|move: Future Sight\n|\n|upkeep\n|turn|48\n|\n|t:|1699172631\n|move|p2a: Greninja|Ice Beam|p1a: Slowbro\n|-resisted|p1a: Slowbro\n|-damage|p1a: Slowbro|30\/100\n|move|p1a: Slowbro|Scald|p2a: Greninja\n|-damage|p2a: Greninja|5\/100\n|-status|p2a: Greninja|brn\n|\n|-damage|p2a: Greninja|0 fnt|[from] brn\n|faint|p2a: Greninja\n|\n|win|zhensei\n|upkeep\n","uploadtime":1699172640,"views":6,"p1id":"zhensei","p2id":"wilddanger","formatid":"gen9nationaldexubers","rating":0,"private":0,"password":""}