{"id":"gen9nationaldexubers-1987575989","p1":"John-Halsey","p2":"rdh4hve","format":"[Gen 9] National Dex Ubers","log":"|j|\u2606John-Halsey\n|j|\u2606rdh4hve\n|t:|1699614483\n|gametype|singles\n|player|p1|John-Halsey|veteran|1002\n|player|p2|rdh4hve|cyclistf-gen4|1075\n|teamsize|p1|6\n|teamsize|p2|6\n|gen|9\n|tier|[Gen 9] National Dex Ubers\n|rated|\n|rule|HP Percentage Mod: HP is shown in percentages\n|rule|Endless Battle Clause: Forcing endless battles is banned\n|rule|OHKO Clause: OHKO moves are banned\n|rule|Evasion Moves Clause: Evasion moves are banned\n|rule|Evasion Items Clause: Evasion items are banned\n|rule|Species Clause: Limit one of each Pok\u00e9mon\n|rule|Sleep Clause Mod: Limit one foe put to sleep\n|rule|Mega Rayquaza Clause: You cannot mega evolve Rayquaza\n|clearpoke\n|poke|p1|Urshifu-*, F|\n|poke|p1|Manaphy|\n|poke|p1|Barraskewda, M|\n|poke|p1|Pelipper, F|\n|poke|p1|Samurott-Hisui, M|\n|poke|p1|Gastrodon-East, F|\n|poke|p2|Giratina|\n|poke|p2|Dondozo, F|\n|poke|p2|Chansey, F|\n|poke|p2|Tyranitar, M|\n|poke|p2|Ho-Oh|\n|poke|p2|Mewtwo|\n|teampreview\n|inactive|Battle timer is ON: inactive players will automatically lose when time's up. (requested by rdh4hve)\n|\n|t:|1699614499\n|start\n|switch|p1a: La glaire|Gastrodon-East, F|100\/100\n|switch|p2a: Tyranitar|Tyranitar, M|100\/100\n|-weather|Sandstorm|[from] ability: Sand Stream|[of] p2a: Tyranitar\n|turn|1\n|\n|t:|1699614507\n|switch|p2a: Giratina|Giratina|100\/100\n|-ability|p2a: Giratina|Pressure\n|move|p1a: La glaire|Stealth Rock|p2a: Giratina\n|-sidestart|p2: rdh4hve|move: Stealth Rock\n|\n|-weather|Sandstorm|[upkeep]\n|-damage|p2a: Giratina|94\/100|[from] Sandstorm\n|-heal|p2a: Giratina|100\/100|[from] item: Leftovers\n|upkeep\n|turn|2\n|\n|t:|1699614519\n|move|p2a: Giratina|Defog|p1a: La glaire\n|-unboost|p1a: La glaire|evasion|1\n|-sideend|p2: rdh4hve|Stealth Rock|[from] move: Defog|[of] p2a: Giratina\n|move|p1a: La glaire|Ice Beam|p2a: Giratina\n|-supereffective|p2a: Giratina\n|-damage|p2a: Giratina|79\/100\n|\n|-weather|Sandstorm|[upkeep]\n|-damage|p2a: Giratina|73\/100|[from] Sandstorm\n|-heal|p2a: Giratina|79\/100|[from] item: Leftovers\n|upkeep\n|turn|3\n|\n|t:|1699614530\n|move|p2a: Giratina|Toxic|p1a: La glaire\n|-status|p1a: La glaire|tox\n|move|p1a: La glaire|Stealth Rock|p2a: Giratina\n|-sidestart|p2: rdh4hve|move: Stealth Rock\n|\n|-weather|Sandstorm|[upkeep]\n|-damage|p2a: Giratina|73\/100|[from] Sandstorm\n|-heal|p2a: Giratina|79\/100|[from] item: Leftovers\n|-damage|p1a: La glaire|94\/100 tox|[from] psn\n|upkeep\n|turn|4\n|\n|t:|1699614539\n|move|p2a: Giratina|Defog|p1a: La glaire\n|-unboost|p1a: La glaire|evasion|1\n|-sideend|p2: rdh4hve|Stealth Rock|[from] move: Defog|[of] p2a: Giratina\n|move|p1a: La glaire|Ice Beam|p2a: Giratina\n|-supereffective|p2a: Giratina\n|-damage|p2a: Giratina|56\/100\n|\n|-weather|Sandstorm|[upkeep]\n|-damage|p2a: Giratina|50\/100|[from] Sandstorm\n|-heal|p2a: Giratina|56\/100|[from] item: Leftovers\n|-heal|p1a: La glaire|100\/100 tox|[from] item: Leftovers\n|-damage|p1a: La glaire|88\/100 tox|[from] psn\n|upkeep\n|turn|5\n|\n|t:|1699614551\n|switch|p2a: Ho-Oh|Ho-Oh|100\/100\n|move|p1a: La glaire|Ice Beam|p2a: Ho-Oh\n|-damage|p2a: Ho-Oh|90\/100\n|\n|-weather|none\n|-heal|p1a: La glaire|94\/100 tox|[from] item: Leftovers\n|-damage|p1a: La glaire|76\/100 tox|[from] psn\n|upkeep\n|turn|6\n|\n|t:|1699614560\n|switch|p2a: Giratina|Giratina|56\/100\n|-ability|p2a: Giratina|Pressure\n|move|p1a: La glaire|Stealth Rock|p2a: Giratina\n|-sidestart|p2: rdh4hve|move: Stealth Rock\n|\n|-heal|p2a: Giratina|62\/100|[from] item: Leftovers\n|-heal|p1a: La glaire|82\/100 tox|[from] item: Leftovers\n|-damage|p1a: La glaire|58\/100 tox|[from] psn\n|upkeep\n|turn|7\n|\n|t:|1699614575\n|switch|p1a: DARK CLAMIRAL|Samurott-Hisui, M|100\/100\n|move|p2a: Giratina|Defog|p1a: DARK CLAMIRAL\n|-unboost|p1a: DARK CLAMIRAL|evasion|1\n|-sideend|p2: rdh4hve|Stealth Rock|[from] move: Defog|[of] p2a: Giratina\n|\n|-heal|p2a: Giratina|68\/100|[from] item: Leftovers\n|upkeep\n|turn|8\n|\n|t:|1699614599\n|switch|p2a: Dondozo|Dondozo, F|100\/100\n|move|p1a: DARK CLAMIRAL|Ceaseless Edge|p2a: Dondozo\n|-damage|p2a: Dondozo|81\/100\n|-sidestart|p2: rdh4hve|Spikes\n|\n|-heal|p2a: Dondozo|87\/100|[from] item: Leftovers\n|upkeep\n|turn|9\n|\n|t:|1699614607\n|move|p1a: DARK CLAMIRAL|Ceaseless Edge|p2a: Dondozo\n|-damage|p2a: Dondozo|68\/100\n|-sidestart|p2: rdh4hve|Spikes\n|move|p2a: Dondozo|Curse|p2a: Dondozo\n|-unboost|p2a: Dondozo|spe|1\n|-boost|p2a: Dondozo|atk|1\n|-boost|p2a: Dondozo|def|1\n|\n|-heal|p2a: Dondozo|74\/100|[from] item: Leftovers\n|upkeep\n|turn|10\n|\n|t:|1699614622\n|move|p1a: DARK CLAMIRAL|Ceaseless Edge|p2a: Dondozo\n|-damage|p2a: Dondozo|60\/100\n|-sidestart|p2: rdh4hve|Spikes\n|move|p2a: Dondozo|Liquidation|p1a: DARK CLAMIRAL\n|-resisted|p1a: DARK CLAMIRAL\n|-damage|p1a: DARK CLAMIRAL|74\/100\n|-unboost|p1a: DARK CLAMIRAL|def|1\n|\n|-heal|p2a: Dondozo|66\/100|[from] item: Leftovers\n|upkeep\n|turn|11\n|\n|t:|1699614633\n|switch|p1a: MAD DAD|Urshifu-Rapid-Strike, F|100\/100\n|switch|p2a: Ho-Oh|Ho-Oh|100\/100\n|\n|upkeep\n|turn|12\n|\n|t:|1699614643\n|switch|p2a: Giratina|Giratina|68\/100\n|-damage|p2a: Giratina|43\/100|[from] Spikes\n|-ability|p2a: Giratina|Pressure\n|move|p1a: MAD DAD|Surging Strikes|p2a: Giratina\n|-resisted|p2a: Giratina\n|-crit|p2a: Giratina\n|-damage|p2a: Giratina|38\/100\n|-resisted|p2a: Giratina\n|-crit|p2a: Giratina\n|-damage|p2a: Giratina|32\/100\n|-resisted|p2a: Giratina\n|-crit|p2a: Giratina\n|-damage|p2a: Giratina|27\/100\n|-hitcount|p2a: Giratina|3\n|\n|-heal|p2a: Giratina|33\/100|[from] item: Leftovers\n|upkeep\n|turn|13\n|\n|t:|1699614662\n|switch|p1a: DARK CLAMIRAL|Samurott-Hisui, M|74\/100\n|move|p2a: Giratina|Defog|p1a: DARK CLAMIRAL\n|-unboost|p1a: DARK CLAMIRAL|evasion|1\n|-sideend|p2: rdh4hve|Spikes|[from] move: Defog|[of] p2a: Giratina\n|\n|-heal|p2a: Giratina|39\/100|[from] item: Leftovers\n|upkeep\n|turn|14\n|\n|t:|1699614672\n|switch|p2a: Mewtwo|Mewtwo|100\/100\n|-ability|p2a: Mewtwo|Pressure\n|move|p1a: DARK CLAMIRAL|Ceaseless Edge|p2a: Mewtwo\n|-supereffective|p2a: Mewtwo\n|-damage|p2a: Mewtwo|17\/100\n|-damage|p1a: DARK CLAMIRAL|57\/100|[from] item: Rocky Helmet|[of] p2a: Mewtwo\n|-sidestart|p2: rdh4hve|Spikes\n|\n|upkeep\n|turn|15\n|\n|t:|1699614680\n|move|p1a: DARK CLAMIRAL|Ceaseless Edge|p2a: Mewtwo\n|-supereffective|p2a: Mewtwo\n|-damage|p2a: Mewtwo|0 fnt\n|-damage|p1a: DARK CLAMIRAL|41\/100|[from] item: Rocky Helmet|[of] p2a: Mewtwo\n|-sidestart|p2: rdh4hve|Spikes\n|faint|p2a: Mewtwo\n|\n|upkeep\n|\n|t:|1699614686\n|switch|p2a: Ho-Oh|Ho-Oh|100\/100\n|turn|16\n|\n|t:|1699614689\n|move|p1a: DARK CLAMIRAL|Ceaseless Edge|p2a: Ho-Oh\n|-damage|p2a: Ho-Oh|71\/100\n|-sidestart|p2: rdh4hve|Spikes\n|move|p2a: Ho-Oh|Toxic|p1a: DARK CLAMIRAL\n|-status|p1a: DARK CLAMIRAL|tox\n|\n|-damage|p1a: DARK CLAMIRAL|34\/100 tox|[from] psn\n|upkeep\n|turn|17\n|\n|t:|1699614703\n|switch|p1a: un oiseau|Pelipper, F|100\/100\n|-weather|RainDance|[from] ability: Drizzle|[of] p1a: un oiseau\n|move|p2a: Ho-Oh|Defog|p1a: un oiseau\n|-unboost|p1a: un oiseau|evasion|1\n|-sideend|p2: rdh4hve|Spikes|[from] move: Defog|[of] p2a: Ho-Oh\n|\n|-weather|RainDance|[upkeep]\n|upkeep\n|turn|18\n|\n|t:|1699614716\n|switch|p2a: Tyranitar|Tyranitar, M|100\/100\n|-weather|Sandstorm|[from] ability: Sand Stream|[of] p2a: Tyranitar\n|move|p1a: un oiseau|U-turn|p2a: Tyranitar\n|-supereffective|p2a: Tyranitar\n|-damage|p2a: Tyranitar|86\/100\n|\n|t:|1699614730\n|switch|p1a: MAD DAD|Urshifu-Rapid-Strike, F|100\/100|[from] U-turn\n|\n|-weather|Sandstorm|[upkeep]\n|-damage|p1a: MAD DAD|94\/100|[from] Sandstorm\n|upkeep\n|turn|19\n|\n|t:|1699614737\n|switch|p2a: Giratina|Giratina|39\/100\n|-ability|p2a: Giratina|Pressure\n|move|p1a: MAD DAD|Close Combat|p2a: Giratina\n|-immune|p2a: Giratina\n|\n|-weather|Sandstorm|[upkeep]\n|-damage|p1a: MAD DAD|88\/100|[from] Sandstorm\n|-damage|p2a: Giratina|33\/100|[from] Sandstorm\n|-heal|p2a: Giratina|39\/100|[from] item: Leftovers\n|upkeep\n|turn|20\n|\n|t:|1699614751\n|switch|p1a: un oiseau|Pelipper, F|100\/100\n|-weather|RainDance|[from] ability: Drizzle|[of] p1a: un oiseau\n|move|p2a: Giratina|Dragon Tail|p1a: un oiseau\n|-damage|p1a: un oiseau|84\/100\n|drag|p1a: La glaire|Gastrodon-East, F|58\/100 tox\n|\n|-weather|RainDance|[upkeep]\n|-heal|p2a: Giratina|45\/100|[from] item: Leftovers\n|-heal|p1a: La glaire|64\/100 tox|[from] item: Leftovers\n|-damage|p1a: La glaire|58\/100 tox|[from] psn\n|upkeep\n|turn|21\n|\n|t:|1699614765\n|switch|p2a: Ho-Oh|Ho-Oh|100\/100\n|move|p1a: La glaire|Recover|p1a: La glaire\n|-heal|p1a: La glaire|100\/100 tox\n|\n|-weather|RainDance|[upkeep]\n|-damage|p1a: La glaire|88\/100 tox|[from] psn\n|upkeep\n|turn|22\n|\n|t:|1699614774\n|move|p2a: Ho-Oh|Sacred Fire|p1a: La glaire\n|-resisted|p1a: La glaire\n|-damage|p1a: La glaire|76\/100 tox\n|move|p1a: La glaire|Stealth Rock|p2a: Ho-Oh\n|-sidestart|p2: rdh4hve|move: Stealth Rock\n|\n|-weather|RainDance|[upkeep]\n|-heal|p1a: La glaire|82\/100 tox|[from] item: Leftovers\n|-damage|p1a: La glaire|64\/100 tox|[from] psn\n|upkeep\n|turn|23\n|\n|t:|1699614788\n|switch|p1a: MAD DAD|Urshifu-Rapid-Strike, F|88\/100\n|move|p2a: Ho-Oh|Defog|p1a: MAD DAD\n|-unboost|p1a: MAD DAD|evasion|1\n|-sideend|p2: rdh4hve|Stealth Rock|[from] move: Defog|[of] p2a: Ho-Oh\n|\n|-weather|RainDance|[upkeep]\n|upkeep\n|turn|24\n|\n|t:|1699614795\n|switch|p2a: Giratina|Giratina|45\/100\n|-ability|p2a: Giratina|Pressure\n|move|p1a: MAD DAD|Surging Strikes|p2a: Giratina\n|-resisted|p2a: Giratina\n|-crit|p2a: Giratina\n|-damage|p2a: Giratina|38\/100\n|-resisted|p2a: Giratina\n|-crit|p2a: Giratina\n|-damage|p2a: Giratina|31\/100\n|-resisted|p2a: Giratina\n|-crit|p2a: Giratina\n|-damage|p2a: Giratina|23\/100\n|-hitcount|p2a: Giratina|3\n|\n|-weather|none\n|-heal|p2a: Giratina|29\/100|[from] item: Leftovers\n|upkeep\n|turn|25\n|\n|t:|1699614810\n|switch|p1a: un oiseau|Pelipper, F|84\/100\n|-weather|RainDance|[from] ability: Drizzle|[of] p1a: un oiseau\n|move|p2a: Giratina|Rest|p2a: Giratina\n|-status|p2a: Giratina|slp|[from] move: Rest\n|-heal|p2a: Giratina|100\/100 slp|[silent]\n|\n|-weather|RainDance|[upkeep]\n|upkeep\n|turn|26\n|\n|t:|1699614821\n|switch|p2a: Tyranitar|Tyranitar, M|86\/100\n|-weather|Sandstorm|[from] ability: Sand Stream|[of] p2a: Tyranitar\n|switch|p1a: La glaire|Gastrodon-East, F|64\/100 tox\n|\n|-weather|Sandstorm|[upkeep]\n|-heal|p1a: La glaire|70\/100 tox|[from] item: Leftovers\n|-damage|p1a: La glaire|64\/100 tox|[from] psn\n|upkeep\n|turn|27\n|\n|t:|1699614835\n|detailschange|p2a: Tyranitar|Tyranitar-Mega, M\n|-mega|p2a: Tyranitar|Tyranitar|Tyranitarite\n|move|p2a: Tyranitar|Knock Off|p1a: La glaire\n|-damage|p1a: La glaire|12\/100 tox\n|-activate|p1a: La glaire|ability: Sticky Hold\n|move|p1a: La glaire|Recover|p1a: La glaire\n|-heal|p1a: La glaire|62\/100 tox\n|\n|-weather|Sandstorm|[upkeep]\n|-heal|p1a: La glaire|68\/100 tox|[from] item: Leftovers\n|-damage|p1a: La glaire|56\/100 tox|[from] psn\n|upkeep\n|turn|28\n|\n|t:|1699614845\n|switch|p2a: Ho-Oh|Ho-Oh|100\/100\n|move|p1a: La glaire|Recover|p1a: La glaire\n|-heal|p1a: La glaire|100\/100 tox\n|\n|-weather|Sandstorm|[upkeep]\n|-damage|p2a: Ho-Oh|94\/100|[from] Sandstorm\n|-damage|p1a: La glaire|82\/100 tox|[from] psn\n|upkeep\n|turn|29\n|\n|t:|1699614858\n|move|p2a: Ho-Oh|Sacred Fire|p1a: La glaire\n|-resisted|p1a: La glaire\n|-damage|p1a: La glaire|59\/100 tox\n|move|p1a: La glaire|Stealth Rock|p2a: Ho-Oh\n|-sidestart|p2: rdh4hve|move: Stealth Rock\n|\n|-weather|Sandstorm|[upkeep]\n|-damage|p2a: Ho-Oh|88\/100|[from] Sandstorm\n|-heal|p1a: La glaire|65\/100 tox|[from] item: Leftovers\n|-damage|p1a: La glaire|40\/100 tox|[from] psn\n|upkeep\n|turn|30\n|\n|t:|1699614880\n|switch|p1a: DARK CLAMIRAL|Samurott-Hisui, M|34\/100 tox\n|move|p2a: Ho-Oh|Defog|p1a: DARK CLAMIRAL\n|-unboost|p1a: DARK CLAMIRAL|evasion|1\n|-sideend|p2: rdh4hve|Stealth Rock|[from] move: Defog|[of] p2a: Ho-Oh\n|\n|-weather|none\n|-damage|p1a: DARK CLAMIRAL|28\/100 tox|[from] psn\n|upkeep\n|turn|31\n|\n|t:|1699614893\n|switch|p2a: Dondozo|Dondozo, F|66\/100\n|move|p1a: DARK CLAMIRAL|Aqua Cutter|p2a: Dondozo\n|-resisted|p2a: Dondozo\n|-damage|p2a: Dondozo|56\/100\n|\n|-heal|p2a: Dondozo|62\/100|[from] item: Leftovers\n|-damage|p1a: DARK CLAMIRAL|16\/100 tox|[from] psn\n|upkeep\n|turn|32\n|\n|t:|1699614909\n|switch|p1a: chiant|Manaphy|100\/100\n|move|p2a: Dondozo|Liquidation|p1a: chiant\n|-resisted|p1a: chiant\n|-damage|p1a: chiant|89\/100\n|\n|-heal|p2a: Dondozo|68\/100|[from] item: Leftovers\n|upkeep\n|turn|33\n|\n|t:|1699614925\n|switch|p2a: Chansey|Chansey, F|100\/100\n|move|p1a: chiant|Tail Glow|p1a: chiant\n|-boost|p1a: chiant|spa|3\n|\n|upkeep\n|turn|34\n|\n|t:|1699614936\n|move|p1a: chiant|Psychic|p2a: Chansey\n|-damage|p2a: Chansey|88\/100\n|move|p2a: Chansey|Confide|p1a: chiant\n|-unboost|p1a: chiant|spa|1\n|\n|upkeep\n|turn|35\n|\n|t:|1699614942\n|move|p1a: chiant|Tail Glow|p1a: chiant\n|-boost|p1a: chiant|spa|3\n|move|p2a: Chansey|Heal Bell|p2a: Chansey\n|-activate|p2a: Chansey|move: Heal Bell\n|-curestatus|p2: Giratina|slp|[msg]\n|\n|upkeep\n|turn|36\n|\n|t:|1699614947\n|move|p1a: chiant|Tail Glow|p1a: chiant\n|-boost|p1a: chiant|spa|1\n|move|p2a: Chansey|Confide|p1a: chiant\n|-unboost|p1a: chiant|spa|1\n|\n|upkeep\n|turn|37\n|\n|t:|1699614956\n|move|p1a: chiant|Scald|p2a: Chansey\n|-crit|p2a: Chansey\n|-damage|p2a: Chansey|51\/100\n|-status|p2a: Chansey|brn\n|move|p2a: Chansey|Confide|p1a: chiant\n|-unboost|p1a: chiant|spa|1\n|\n|-damage|p2a: Chansey|45\/100 brn|[from] brn\n|upkeep\n|turn|38\n|\n|t:|1699614964\n|move|p1a: chiant|Tail Glow|p1a: chiant\n|-boost|p1a: chiant|spa|2\n|move|p2a: Chansey|Soft-Boiled|p2a: Chansey\n|-heal|p2a: Chansey|95\/100 brn\n|\n|-damage|p2a: Chansey|89\/100 brn|[from] brn\n|upkeep\n|turn|39\n|\n|t:|1699614972\n|-curestatus|p2a: Chansey|brn|[from] ability: Natural Cure\n|switch|p2a: Giratina|Giratina|100\/100\n|-ability|p2a: Giratina|Pressure\n|move|p1a: chiant|Psychic|p2a: Giratina\n|-damage|p2a: Giratina|53\/100\n|\n|-heal|p2a: Giratina|59\/100|[from] item: Leftovers\n|upkeep\n|turn|40\n|\n|t:|1699614982\n|move|p1a: chiant|Psychic|p2a: Giratina\n|-damage|p2a: Giratina|12\/100\n|move|p2a: Giratina|Dragon Tail|p1a: chiant\n|-damage|p1a: chiant|72\/100\n|drag|p1a: MAD DAD|Urshifu-Rapid-Strike, F|88\/100\n|\n|-heal|p2a: Giratina|18\/100|[from] item: Leftovers\n|upkeep\n|turn|41\n|\n|t:|1699614996\n|switch|p2a: Dondozo|Dondozo, F|68\/100\n|move|p1a: MAD DAD|Swords Dance|p1a: MAD DAD\n|-boost|p1a: MAD DAD|atk|2\n|\n|-heal|p2a: Dondozo|74\/100|[from] item: Leftovers\n|upkeep\n|turn|42\n|\n|t:|1699615005\n|move|p1a: MAD DAD|Close Combat|p2a: Dondozo\n|-damage|p2a: Dondozo|49\/100\n|-unboost|p1a: MAD DAD|def|1\n|-unboost|p1a: MAD DAD|spd|1\n|move|p2a: Dondozo|Curse|p2a: Dondozo\n|-unboost|p2a: Dondozo|spe|1\n|-boost|p2a: Dondozo|atk|1\n|-boost|p2a: Dondozo|def|1\n|\n|-heal|p2a: Dondozo|55\/100|[from] item: Leftovers\n|upkeep\n|turn|43\n|\n|t:|1699615019\n|switch|p1a: un oiseau|Pelipper, F|84\/100\n|-weather|RainDance|[from] ability: Drizzle|[of] p1a: un oiseau\n|move|p2a: Dondozo|Curse|p2a: Dondozo\n|-unboost|p2a: Dondozo|spe|1\n|-boost|p2a: Dondozo|atk|1\n|-boost|p2a: Dondozo|def|1\n|\n|-weather|RainDance|[upkeep]\n|-heal|p2a: Dondozo|61\/100|[from] item: Leftovers\n|upkeep\n|turn|44\n|\n|t:|1699615030\n|move|p1a: un oiseau|Knock Off|p2a: Dondozo\n|-damage|p2a: Dondozo|58\/100\n|-enditem|p2a: Dondozo|Leftovers|[from] move: Knock Off|[of] p1a: un oiseau\n|move|p2a: Dondozo|Curse|p2a: Dondozo\n|-unboost|p2a: Dondozo|spe|1\n|-boost|p2a: Dondozo|atk|1\n|-boost|p2a: Dondozo|def|1\n|\n|-weather|RainDance|[upkeep]\n|upkeep\n|turn|45\n|\n|t:|1699615039\n|move|p1a: un oiseau|Hurricane|p2a: Dondozo\n|-damage|p2a: Dondozo|20\/100\n|move|p2a: Dondozo|Liquidation|p1a: un oiseau\n|-resisted|p1a: un oiseau\n|-damage|p1a: un oiseau|42\/100\n|\n|-weather|RainDance|[upkeep]\n|upkeep\n|turn|46\n|\n|t:|1699615051\n|switch|p2a: Chansey|Chansey, F|89\/100\n|move|p1a: un oiseau|Hurricane|p2a: Chansey\n|-damage|p2a: Chansey|79\/100\n|\n|-weather|RainDance|[upkeep]\n|upkeep\n|turn|47\n|\n|t:|1699615060\n|switch|p2a: Tyranitar|Tyranitar-Mega, M|86\/100\n|-weather|Sandstorm|[from] ability: Sand Stream|[of] p2a: Tyranitar\n|move|p1a: un oiseau|Knock Off|p2a: Tyranitar\n|-resisted|p2a: Tyranitar\n|-damage|p2a: Tyranitar|83\/100\n|\n|-weather|Sandstorm|[upkeep]\n|-damage|p1a: un oiseau|36\/100|[from] Sandstorm\n|upkeep\n|turn|48\n|\n|t:|1699615082\n|switch|p1a: MAD DAD|Urshifu-Rapid-Strike, F|88\/100\n|move|p2a: Tyranitar|Knock Off|p1a: MAD DAD\n|-resisted|p1a: MAD DAD\n|-damage|p1a: MAD DAD|62\/100\n|-enditem|p1a: MAD DAD|Mystic Water|[from] move: Knock Off|[of] p2a: Tyranitar\n|\n|-weather|Sandstorm|[upkeep]\n|-damage|p1a: MAD DAD|56\/100|[from] Sandstorm\n|upkeep\n|turn|49\n|\n|t:|1699615092\n|switch|p2a: Ho-Oh|Ho-Oh|100\/100\n|move|p1a: MAD DAD|Surging Strikes|p2a: Ho-Oh\n|-supereffective|p2a: Ho-Oh\n|-crit|p2a: Ho-Oh\n|-damage|p2a: Ho-Oh|73\/100\n|-supereffective|p2a: Ho-Oh\n|-crit|p2a: Ho-Oh\n|-damage|p2a: Ho-Oh|47\/100\n|-supereffective|p2a: Ho-Oh\n|-crit|p2a: Ho-Oh\n|-damage|p2a: Ho-Oh|20\/100\n|-hitcount|p2a: Ho-Oh|3\n|\n|-weather|Sandstorm|[upkeep]\n|-damage|p1a: MAD DAD|50\/100|[from] Sandstorm\n|-damage|p2a: Ho-Oh|14\/100|[from] Sandstorm\n|upkeep\n|turn|50\n|-message|rdh4hve forfeited.\n|\n|win|John-Halsey\n|raw|John-Halsey's rating: 1002 &rarr; <strong>1050<\/strong><br \/>(+48 for winning)\n|raw|rdh4hve's rating: 1075 &rarr; <strong>1049<\/strong><br \/>(-26 for losing)\n|l|\u2606rdh4hve\n","uploadtime":1699615114,"views":22,"p1id":"johnhalsey","p2id":"rdh4hve","formatid":"gen9nationaldexubers","rating":1049,"private":0,"password":""}