{"id":"gen9nationaldexubers-1981468945","p1":"QM3 Rilo","p2":"Grimtheluck","format":"[Gen 9] National Dex Ubers","log":"|j|\u2606QM3 Rilo\n|j|\u2606Grimtheluck\n|t:|1698901578\n|gametype|singles\n|player|p1|QM3 Rilo|korrina|1000\n|player|p2|Grimtheluck|102|1130\n|teamsize|p1|2\n|teamsize|p2|6\n|gen|9\n|tier|[Gen 9] National Dex Ubers\n|rated|\n|rule|HP Percentage Mod: HP is shown in percentages\n|rule|Endless Battle Clause: Forcing endless battles is banned\n|rule|OHKO Clause: OHKO moves are banned\n|rule|Evasion Moves Clause: Evasion moves are banned\n|rule|Evasion Items Clause: Evasion items are banned\n|rule|Species Clause: Limit one of each Pok\u00e9mon\n|rule|Sleep Clause Mod: Limit one foe put to sleep\n|rule|Mega Rayquaza Clause: You cannot mega evolve Rayquaza\n|clearpoke\n|poke|p1|Sableye, M|\n|poke|p1|Mew|\n|poke|p2|Scizor, M|\n|poke|p2|Quagsire, M|\n|poke|p2|Great Tusk|\n|poke|p2|Volcarona, F|\n|poke|p2|Baxcalibur, F|\n|poke|p2|Zekrom|\n|teampreview\n|inactive|Battle timer is ON: inactive players will automatically lose when time's up. (requested by QM3 Rilo)\n|\n|t:|1698901582\n|start\n|switch|p1a: Mew|Mew|100\/100\n|switch|p2a: Volcarona|Volcarona, F|100\/100\n|turn|1\n|\n|t:|1698901587\n|move|p1a: Mew|Imprison|p1a: Mew\n|-start|p1a: Mew|move: Imprison\n|move|p2a: Volcarona|Quiver Dance|p2a: Volcarona\n|-boost|p2a: Volcarona|spa|1\n|-boost|p2a: Volcarona|spd|1\n|-boost|p2a: Volcarona|spe|1\n|\n|upkeep\n|turn|2\n|\n|t:|1698901592\n|switch|p2a: Great Tusk|Great Tusk|100\/100\n|-terastallize|p1a: Mew|Fairy\n|move|p1a: Mew|Block|p2a: Great Tusk\n|-activate|p2a: Great Tusk|trapped\n|\n|upkeep\n|turn|3\n|\n|t:|1698901598\n|move|p1a: Mew|Transform|p2a: Great Tusk\n|-transform|p1a: Mew|p2a: Great Tusk\n|cant|p2a: Great Tusk|move: Imprison|Headlong Rush\n|\n|upkeep\n|turn|4\n|\n|t:|1698901603\n|-activate|p2a: Great Tusk|move: Struggle\n|move|p2a: Great Tusk|Struggle|p1a: Mew\n|-crit|p1a: Mew\n|-damage|p1a: Mew|80\/100\n|-damage|p2a: Great Tusk|75\/100|[from] recoil\n|move|p1a: Mew|Bulk Up|p1a: Mew\n|-boost|p1a: Mew|atk|1\n|-boost|p1a: Mew|def|1\n|\n|-heal|p1a: Mew|86\/100|[from] item: Leftovers\n|-heal|p2a: Great Tusk|82\/100|[from] item: Leftovers\n|upkeep\n|turn|5\n|\n|t:|1698901605\n|-activate|p2a: Great Tusk|move: Struggle\n|move|p2a: Great Tusk|Struggle|p1a: Mew\n|-damage|p1a: Mew|77\/100\n|-damage|p2a: Great Tusk|56\/100|[from] recoil\n|move|p1a: Mew|Bulk Up|p1a: Mew\n|-boost|p1a: Mew|atk|1\n|-boost|p1a: Mew|def|1\n|\n|-heal|p2a: Great Tusk|63\/100|[from] item: Leftovers\n|-heal|p1a: Mew|84\/100|[from] item: Leftovers\n|upkeep\n|turn|6\n|\n|t:|1698901608\n|-activate|p2a: Great Tusk|move: Struggle\n|move|p2a: Great Tusk|Struggle|p1a: Mew\n|-damage|p1a: Mew|78\/100\n|-damage|p2a: Great Tusk|38\/100|[from] recoil\n|move|p1a: Mew|Bulk Up|p1a: Mew\n|-boost|p1a: Mew|atk|1\n|-boost|p1a: Mew|def|1\n|\n|-heal|p1a: Mew|84\/100|[from] item: Leftovers\n|-heal|p2a: Great Tusk|44\/100|[from] item: Leftovers\n|upkeep\n|turn|7\n|\n|t:|1698901614\n|-activate|p2a: Great Tusk|move: Struggle\n|move|p2a: Great Tusk|Struggle|p1a: Mew\n|-damage|p1a: Mew|78\/100\n|-damage|p2a: Great Tusk|19\/100|[from] recoil\n|move|p1a: Mew|Bulk Up|p1a: Mew\n|-boost|p1a: Mew|atk|1\n|-boost|p1a: Mew|def|1\n|\n|-heal|p1a: Mew|84\/100|[from] item: Leftovers\n|-heal|p2a: Great Tusk|25\/100|[from] item: Leftovers\n|upkeep\n|turn|8\n|\n|t:|1698901617\n|-activate|p2a: Great Tusk|move: Struggle\n|move|p2a: Great Tusk|Struggle|p1a: Mew\n|-damage|p1a: Mew|80\/100\n|-damage|p2a: Great Tusk|0 fnt|[from] recoil\n|faint|p2a: Great Tusk\n|-end|p2a: Great Tusk|Protosynthesis|[silent]\n|move|p1a: Mew|Bulk Up|p1a: Mew\n|-boost|p1a: Mew|atk|1\n|-boost|p1a: Mew|def|1\n|\n|-heal|p1a: Mew|86\/100|[from] item: Leftovers\n|upkeep\n|\n|t:|1698901622\n|switch|p2a: Volcarona|Volcarona, F|100\/100\n|turn|9\n|\n|t:|1698901626\n|move|p2a: Volcarona|Quiver Dance|p2a: Volcarona\n|-boost|p2a: Volcarona|spa|1\n|-boost|p2a: Volcarona|spd|1\n|-boost|p2a: Volcarona|spe|1\n|move|p1a: Mew|Rapid Spin|p2a: Volcarona\n|-damage|p2a: Volcarona|0 fnt\n|-boost|p1a: Mew|spe|1\n|faint|p2a: Volcarona\n|\n|-heal|p1a: Mew|93\/100|[from] item: Leftovers\n|upkeep\n|\n|t:|1698901628\n|switch|p2a: Quagsire|Quagsire, M|100\/100\n|turn|10\n|\n|t:|1698901631\n|move|p1a: Mew|Headlong Rush|p2a: Quagsire\n|-damage|p2a: Quagsire|49\/100\n|-unboost|p1a: Mew|def|1\n|-unboost|p1a: Mew|spd|1\n|move|p2a: Quagsire|Haze|p2a: Quagsire\n|-clearallboost\n|\n|-heal|p1a: Mew|99\/100|[from] item: Leftovers\n|-heal|p2a: Quagsire|55\/100|[from] item: Leftovers\n|upkeep\n|turn|11\n|\n|t:|1698901634\n|move|p1a: Mew|Headlong Rush|p2a: Quagsire\n|-damage|p2a: Quagsire|9\/100\n|-unboost|p1a: Mew|def|1\n|-unboost|p1a: Mew|spd|1\n|move|p2a: Quagsire|Recover|p2a: Quagsire\n|-heal|p2a: Quagsire|59\/100\n|\n|-heal|p1a: Mew|100\/100|[from] item: Leftovers\n|-heal|p2a: Quagsire|65\/100|[from] item: Leftovers\n|upkeep\n|turn|12\n|\n|t:|1698901636\n|move|p1a: Mew|Headlong Rush|p2a: Quagsire\n|-damage|p2a: Quagsire|16\/100\n|-unboost|p1a: Mew|def|1\n|-unboost|p1a: Mew|spd|1\n|move|p2a: Quagsire|Counter|p1a: Mew\n|-damage|p1a: Mew|5\/100\n|\n|-heal|p1a: Mew|12\/100|[from] item: Leftovers\n|-heal|p2a: Quagsire|22\/100|[from] item: Leftovers\n|upkeep\n|turn|13\n|\n|t:|1698901641\n|move|p1a: Mew|Headlong Rush|p2a: Quagsire\n|-damage|p2a: Quagsire|0 fnt\n|-unboost|p1a: Mew|def|1\n|-unboost|p1a: Mew|spd|1\n|faint|p2a: Quagsire\n|\n|-heal|p1a: Mew|18\/100|[from] item: Leftovers\n|upkeep\n|\n|t:|1698901644\n|switch|p2a: Scizor|Scizor, M|100\/100\n|turn|14\n|\n|t:|1698901646\n|detailschange|p2a: Scizor|Scizor-Mega, M\n|-mega|p2a: Scizor|Scizor|Scizorite\n|move|p2a: Scizor|Bullet Punch|p1a: Mew\n|-supereffective|p1a: Mew\n|-damage|p1a: Mew|0 fnt\n|faint|p1a: Mew\n|-end|p1a: Mew|Protosynthesis|[silent]\n|\n|upkeep\n|\n|t:|1698901648\n|switch|p1a: Sableye|Sableye, M|100\/100\n|turn|15\n|\n|t:|1698901651\n|switch|p2a: Baxcalibur|Baxcalibur, F|100\/100\n|move|p1a: Sableye|Encore||[still]\n|-fail|p1a: Sableye\n|\n|upkeep\n|turn|16\n|\n|t:|1698901653\n|move|p1a: Sableye|Mean Look|p2a: Baxcalibur\n|-activate|p2a: Baxcalibur|trapped\n|move|p2a: Baxcalibur|Dragon Dance|p2a: Baxcalibur\n|-boost|p2a: Baxcalibur|atk|1\n|-boost|p2a: Baxcalibur|spe|1\n|\n|upkeep\n|turn|17\n|\n|t:|1698901657\n|move|p1a: Sableye|Encore|p2a: Baxcalibur\n|-start|p2a: Baxcalibur|Encore\n|move|p2a: Baxcalibur|Dragon Dance|p2a: Baxcalibur\n|-boost|p2a: Baxcalibur|atk|1\n|-boost|p2a: Baxcalibur|spe|1\n|\n|upkeep\n|turn|18\n|\n|t:|1698901660\n|move|p1a: Sableye|Disable|p2a: Baxcalibur\n|-start|p2a: Baxcalibur|Disable|Dragon Dance\n|cant|p2a: Baxcalibur|Disable|Dragon Dance\n|\n|upkeep\n|turn|19\n|\n|t:|1698901662\n|move|p1a: Sableye|Mean Look||[still]\n|-fail|p1a: Sableye\n|-activate|p2a: Baxcalibur|move: Struggle\n|move|p2a: Baxcalibur|Struggle|p1a: Sableye\n|-damage|p1a: Sableye|57\/100\n|-damage|p2a: Baxcalibur|75\/100|[from] recoil\n|\n|-heal|p1a: Sableye|64\/100|[from] item: Leftovers\n|-end|p2a: Baxcalibur|Encore\n|upkeep\n|turn|20\n|\n|t:|1698901667\n|move|p1a: Sableye|Recover|p1a: Sableye\n|-heal|p1a: Sableye|100\/100\n|move|p2a: Baxcalibur|Icicle Spear|p1a: Sableye\n|-damage|p1a: Sableye|68\/100\n|-damage|p1a: Sableye|37\/100\n|-damage|p1a: Sableye|9\/100\n|-damage|p1a: Sableye|0 fnt\n|faint|p1a: Sableye\n|-hitcount|p1: Sableye|4\n|\n|win|Grimtheluck\n|raw|QM3 Rilo's rating: 1000 &rarr; <strong>1000<\/strong><br \/>(+0 for losing)\n|raw|Grimtheluck's rating: 1130 &rarr; <strong>1146<\/strong><br \/>(+16 for winning)\n","uploadtime":1698901672,"views":11,"p1id":"qm3rilo","p2id":"grimtheluck","formatid":"gen9nationaldexubers","rating":1000,"private":0,"password":""}