{"id":"gen9nationaldexubers-1985224917","p1":"IXLFL","p2":"3antar","format":"[Gen 9] National Dex Ubers","log":"|j|\u2606IXLFL\n|j|\u26063antar\n|t:|1699351591\n|gametype|singles\n|player|p1|IXLFL|pokemaniac|1502\n|player|p2|3antar|brycenman|1334\n|teamsize|p1|6\n|teamsize|p2|6\n|gen|9\n|tier|[Gen 9] National Dex Ubers\n|rated|\n|rule|HP Percentage Mod: HP is shown in percentages\n|rule|Endless Battle Clause: Forcing endless battles is banned\n|rule|OHKO Clause: OHKO moves are banned\n|rule|Evasion Moves Clause: Evasion moves are banned\n|rule|Evasion Items Clause: Evasion items are banned\n|rule|Species Clause: Limit one of each Pok\u00e9mon\n|rule|Sleep Clause Mod: Limit one foe put to sleep\n|rule|Mega Rayquaza Clause: You cannot mega evolve Rayquaza\n|clearpoke\n|poke|p1|Marshadow|\n|poke|p1|Yveltal|\n|poke|p1|Hatterene, F|\n|poke|p1|Melmetal|\n|poke|p1|Kyogre|\n|poke|p1|Xerneas-*|\n|poke|p2|Deoxys-Attack|\n|poke|p2|Landorus, M|\n|poke|p2|Yveltal|\n|poke|p2|Toxapex, F|\n|poke|p2|Marshadow|\n|poke|p2|Pinsir, F|\n|teampreview\n|inactive|Battle timer is ON: inactive players will automatically lose when time's up. (requested by IXLFL)\n|\n|t:|1699351631\n|start\n|switch|p1a: the hat|Hatterene, F|100\/100\n|switch|p2a: Deoxys|Deoxys-Attack|100\/100\n|-ability|p2a: Deoxys|Pressure\n|turn|1\n|\n|t:|1699351646\n|switch|p2a: Marshadow|Marshadow|100\/100\n|move|p1a: the hat|Trick Room|p1a: the hat\n|-fieldstart|move: Trick Room|[of] p1a: the hat\n|\n|upkeep\n|turn|2\n|\n|t:|1699351654\n|switch|p2a: Toxapex|Toxapex, F|100\/100\n|move|p1a: the hat|Dazzling Gleam|p2a: Toxapex\n|-resisted|p2a: Toxapex\n|-damage|p2a: Toxapex|86\/100\n|\n|-heal|p2a: Toxapex|93\/100|[from] item: Black Sludge\n|upkeep\n|turn|3\n|\n|t:|1699351660\n|switch|p1a: italian stallion|Melmetal, shiny|100\/100\n|move|p2a: Toxapex|Scald|p1a: italian stallion\n|-damage|p1a: italian stallion|85\/100\n|\n|-heal|p2a: Toxapex|99\/100|[from] item: Black Sludge\n|upkeep\n|turn|4\n|\n|t:|1699351668\n|move|p1a: italian stallion|Thunder Punch|p2a: Toxapex\n|-supereffective|p2a: Toxapex\n|-damage|p2a: Toxapex|32\/100\n|move|p2a: Toxapex|Scald|p1a: italian stallion\n|-damage|p1a: italian stallion|69\/100\n|\n|-heal|p2a: Toxapex|39\/100|[from] item: Black Sludge\n|upkeep\n|turn|5\n|\n|t:|1699351675\n|move|p2a: Toxapex|Baneful Bunker|p2a: Toxapex\n|-singleturn|p2a: Toxapex|move: Protect\n|move|p1a: italian stallion|Thunder Punch|p2a: Toxapex\n|-activate|p2a: Toxapex|move: Protect\n|\n|-heal|p2a: Toxapex|45\/100|[from] item: Black Sludge\n|-fieldend|move: Trick Room\n|upkeep\n|turn|6\n|\n|t:|1699351681\n|switch|p2a: Marshadow|Marshadow|100\/100\n|switch|p1a: the hat|Hatterene, F|100\/100\n|\n|upkeep\n|turn|7\n|\n|t:|1699351688\n|move|p2a: Marshadow|Spectral Thief|p1a: the hat\n|-supereffective|p1a: the hat\n|-enditem|p1a: the hat|Focus Sash\n|-damage|p1a: the hat|1\/100\n|move|p1a: the hat|Nuzzle|p2a: Marshadow\n|-damage|p2a: Marshadow|94\/100\n|-status|p2a: Marshadow|par\n|\n|upkeep\n|turn|8\n|\n|t:|1699351698\n|move|p2a: Marshadow|Spectral Thief|p1a: the hat\n|-supereffective|p1a: the hat\n|-damage|p1a: the hat|0 fnt\n|faint|p1a: the hat\n|\n|upkeep\n|\n|t:|1699351701\n|switch|p1a: Xerneas|Xerneas|100\/100\n|-ability|p1a: Xerneas|Fairy Aura\n|turn|9\n|\n|t:|1699351708\n|switch|p2a: Toxapex|Toxapex, F|78\/100\n|-terastallize|p1a: Xerneas|Normal\n|move|p1a: Xerneas|Geomancy||[still]\n|-prepare|p1a: Xerneas|Geomancy\n|-enditem|p1a: Xerneas|Power Herb\n|-anim|p1a: Xerneas|Geomancy|p1a: Xerneas\n|-boost|p1a: Xerneas|spa|2\n|-boost|p1a: Xerneas|spd|2\n|-boost|p1a: Xerneas|spe|2\n|\n|-heal|p2a: Toxapex|84\/100|[from] item: Black Sludge\n|upkeep\n|turn|10\n|\n|t:|1699351717\n|move|p2a: Toxapex|Baneful Bunker|p2a: Toxapex\n|-singleturn|p2a: Toxapex|move: Protect\n|move|p1a: Xerneas|Thunderbolt|p2a: Toxapex\n|-activate|p2a: Toxapex|move: Protect\n|\n|-heal|p2a: Toxapex|91\/100|[from] item: Black Sludge\n|upkeep\n|turn|11\n|\n|t:|1699351732\n|-terastallize|p2a: Toxapex|Steel\n|move|p1a: Xerneas|Thunderbolt|p2a: Toxapex\n|-damage|p2a: Toxapex|39\/100\n|move|p2a: Toxapex|Toxic|p1a: Xerneas\n|-status|p1a: Xerneas|tox\n|\n|-damage|p2a: Toxapex|26\/100|[from] item: Black Sludge\n|-damage|p1a: Xerneas|94\/100 tox|[from] psn\n|upkeep\n|turn|12\n|\n|t:|1699351748\n|move|p2a: Toxapex|Baneful Bunker|p2a: Toxapex\n|-singleturn|p2a: Toxapex|move: Protect\n|move|p1a: Xerneas|Thunderbolt|p2a: Toxapex\n|-activate|p2a: Toxapex|move: Protect\n|\n|-damage|p2a: Toxapex|14\/100|[from] item: Black Sludge\n|-damage|p1a: Xerneas|82\/100 tox|[from] psn\n|upkeep\n|turn|13\n|\n|t:|1699351759\n|switch|p2a: Landorus|Landorus, M|100\/100\n|move|p1a: Xerneas|Draining Kiss|p2a: Landorus\n|-damage|p2a: Landorus|10\/100\n|-heal|p1a: Xerneas|100\/100 tox|[from] drain|[of] p2a: Landorus\n|\n|-damage|p1a: Xerneas|82\/100 tox|[from] psn\n|upkeep\n|turn|14\n|\n|t:|1699351771\n|move|p1a: Xerneas|Draining Kiss|p2a: Landorus\n|-damage|p2a: Landorus|0 fnt\n|-heal|p1a: Xerneas|88\/100 tox|[from] drain|[of] p2a: Landorus\n|faint|p2a: Landorus\n|\n|-damage|p1a: Xerneas|64\/100 tox|[from] psn\n|upkeep\n|\n|t:|1699351779\n|switch|p2a: Deoxys|Deoxys-Attack|100\/100\n|-ability|p2a: Deoxys|Pressure\n|turn|15\n|\n|t:|1699351786\n|move|p1a: Xerneas|Draining Kiss|p2a: Deoxys\n|-enditem|p2a: Deoxys|Focus Sash\n|-damage|p2a: Deoxys|1\/100\n|-heal|p1a: Xerneas|100\/100 tox|[from] drain|[of] p2a: Deoxys\n|move|p2a: Deoxys|Low Kick|p1a: Xerneas\n|-supereffective|p1a: Xerneas\n|-damage|p1a: Xerneas|0 fnt\n|faint|p1a: Xerneas\n|\n|upkeep\n|\n|t:|1699351801\n|switch|p1a: callum|Marshadow|100\/100\n|turn|16\n|\n|t:|1699351805\n|move|p1a: callum|Shadow Sneak|p2a: Deoxys\n|-supereffective|p2a: Deoxys\n|-damage|p2a: Deoxys|0 fnt\n|faint|p2a: Deoxys\n|\n|upkeep\n|\n|t:|1699351810\n|switch|p2a: Yveltal|Yveltal, shiny|100\/100\n|-ability|p2a: Yveltal|Dark Aura\n|turn|17\n|\n|t:|1699351823\n|move|p1a: callum|Close Combat|p2a: Yveltal\n|-damage|p2a: Yveltal|56\/100\n|-unboost|p1a: callum|def|1\n|-unboost|p1a: callum|spd|1\n|move|p2a: Yveltal|Oblivion Wing|p1a: callum\n|-supereffective|p1a: callum\n|-enditem|p1a: callum|Focus Sash\n|-damage|p1a: callum|1\/100\n|-heal|p2a: Yveltal|100\/100|[from] drain|[of] p1a: callum\n|\n|upkeep\n|turn|18\n|\n|t:|1699351829\n|move|p2a: Yveltal|Sucker Punch|p1a: callum\n|-damage|p1a: callum|0 fnt\n|faint|p1a: callum\n|\n|upkeep\n|\n|t:|1699351835\n|switch|p1a: Kyogre|Kyogre|100\/100\n|detailschange|p1a: Kyogre|Kyogre-Primal\n|-primal|p1a: Kyogre|Blue Orb\n|-weather|PrimordialSea|[from] ability: Primordial Sea|[of] p1a: Kyogre\n|turn|19\n|\n|t:|1699351842\n|switch|p2a: Toxapex|Toxapex, F, tera:Steel|47\/100\n|move|p1a: Kyogre|Thunder|p2a: Toxapex\n|-damage|p2a: Toxapex|7\/100\n|-status|p2a: Toxapex|par\n|\n|-weather|PrimordialSea|[upkeep]\n|-damage|p2a: Toxapex|0 fnt|[from] item: Black Sludge\n|faint|p2a: Toxapex\n|upkeep\n|\n|t:|1699351851\n|switch|p2a: Marshadow|Marshadow|94\/100 par\n|turn|20\n|\n|t:|1699351858\n|move|p1a: Kyogre|Thunder|p2a: Marshadow\n|-damage|p2a: Marshadow|34\/100 par\n|move|p2a: Marshadow|Spectral Thief|p1a: Kyogre\n|-damage|p1a: Kyogre|54\/100\n|\n|-weather|PrimordialSea|[upkeep]\n|upkeep\n|turn|21\n|\n|t:|1699351865\n|move|p1a: Kyogre|Thunder|p2a: Marshadow\n|-damage|p2a: Marshadow|0 fnt\n|faint|p2a: Marshadow\n|\n|-weather|PrimordialSea|[upkeep]\n|upkeep\n|\n|t:|1699351869\n|switch|p2a: Yveltal|Yveltal, shiny|100\/100\n|-ability|p2a: Yveltal|Dark Aura\n|turn|22\n|\n|t:|1699351875\n|move|p2a: Yveltal|Sucker Punch|p1a: Kyogre\n|-damage|p1a: Kyogre|14\/100\n|move|p1a: Kyogre|Thunder|p2a: Yveltal\n|-supereffective|p2a: Yveltal\n|-damage|p2a: Yveltal|50\/100\n|\n|-weather|PrimordialSea|[upkeep]\n|upkeep\n|turn|23\n|\n|t:|1699351889\n|move|p1a: Kyogre|Water Spout|p2a: Yveltal\n|-damage|p2a: Yveltal|39\/100\n|move|p2a: Yveltal|Defog|p1a: Kyogre\n|-unboost|p1a: Kyogre|evasion|1\n|\n|-weather|PrimordialSea|[upkeep]\n|upkeep\n|turn|24\n|c|\u26063antar|oops\n|c|\u2606IXLFL|fuck i misclicked\n|c|\u2606IXLFL|i woulve won\n|c|\u26063antar|same\n|\n|t:|1699351918\n|-weather|none\n|switch|p1a: italian stallion|Melmetal, shiny|69\/100\n|move|p2a: Yveltal|Sucker Punch||[still]\n|-fail|p2a: Yveltal\n|\n|upkeep\n|turn|25\n|\n|t:|1699351931\n|move|p2a: Yveltal|Foul Play|p1a: italian stallion\n|-damage|p1a: italian stallion|30\/100\n|move|p1a: italian stallion|Ice Punch|p2a: Yveltal\n|-supereffective|p2a: Yveltal\n|-damage|p2a: Yveltal|0 fnt\n|faint|p2a: Yveltal\n|\n|upkeep\n|\n|t:|1699351935\n|switch|p2a: Pinsir|Pinsir, F|100\/100\n|turn|26\n|\n|t:|1699351940\n|move|p2a: Pinsir|Earthquake|p1a: italian stallion\n|-supereffective|p1a: italian stallion\n|-damage|p1a: italian stallion|0 fnt\n|faint|p1a: italian stallion\n|-ability|p2a: Pinsir|Moxie|boost\n|-boost|p2a: Pinsir|atk|1\n|\n|upkeep\n|\n|t:|1699351945\n|switch|p1a: nyx bird|Yveltal|100\/100\n|-ability|p1a: nyx bird|Dark Aura\n|turn|27\n|\n|t:|1699351962\n|detailschange|p2a: Pinsir|Pinsir-Mega, F\n|-mega|p2a: Pinsir|Pinsir|Pinsirite\n|move|p2a: Pinsir|Return|p1a: nyx bird\n|-damage|p1a: nyx bird|0 fnt\n|faint|p1a: nyx bird\n|\n|upkeep\n|\n|t:|1699351969\n|switch|p1a: Kyogre|Kyogre-Primal|14\/100\n|-weather|PrimordialSea|[from] ability: Primordial Sea|[of] p1a: Kyogre\n|turn|28\n|\n|t:|1699351972\n|move|p2a: Pinsir|Quick Attack|p1a: Kyogre\n|-damage|p1a: Kyogre|0 fnt\n|faint|p1a: Kyogre\n|-weather|none\n|\n|win|3antar\n|raw|IXLFL's rating: 1502 &rarr; <strong>1473<\/strong><br \/>(-29 for losing)\n|raw|3antar's rating: 1334 &rarr; <strong>1363<\/strong><br \/>(+29 for winning)\n|c|\u26063antar|ggwp\n|c|\u2606IXLFL|one misclick wow\n|l|\u2606IXLFL\n|c|\u26063antar|salty lmao\n","uploadtime":1699352017,"views":5,"p1id":"ixlfl","p2id":"3antar","formatid":"gen9nationaldexubers","rating":1363,"private":0,"password":""}