{"id":"gen9nationaldexubers-1992692635","p1":"wdymthenameisthere","p2":"ItzNotGhost_DD","format":"[Gen 9] National Dex Ubers","log":"|j|\u2606wdymthenameisthere\n|j|\u2606ItzNotGhost_DD\n|t:|1700225902\n|gametype|singles\n|player|p1|wdymthenameisthere|volkner|1136\n|player|p2|ItzNotGhost_DD|cynthia-gen4|1040\n|teamsize|p1|6\n|teamsize|p2|6\n|gen|9\n|tier|[Gen 9] National Dex Ubers\n|rated|\n|rule|HP Percentage Mod: HP is shown in percentages\n|rule|Endless Battle Clause: Forcing endless battles is banned\n|rule|OHKO Clause: OHKO moves are banned\n|rule|Evasion Moves Clause: Evasion moves are banned\n|rule|Evasion Items Clause: Evasion items are banned\n|rule|Species Clause: Limit one of each Pok\u00e9mon\n|rule|Sleep Clause Mod: Limit one foe put to sleep\n|rule|Mega Rayquaza Clause: You cannot mega evolve Rayquaza\n|clearpoke\n|poke|p1|Dracovish|\n|poke|p1|Eternatus|\n|poke|p1|Kingambit, F|\n|poke|p1|Ferrothorn, M|\n|poke|p1|Groudon|\n|poke|p1|Calyrex-Ice|\n|poke|p2|Charizard, F|\n|poke|p2|Blissey, F|\n|poke|p2|Kyogre|\n|poke|p2|Espathra, M|\n|poke|p2|Excadrill, M|\n|poke|p2|Quagsire, M|\n|teampreview\n|\n|t:|1700225916\n|start\n|switch|p1a: Abomination|Dracovish, shiny|100\/100\n|switch|p2a: Espathra|Espathra, M|100\/100\n|turn|1\n|\n|t:|1700225923\n|-terastallize|p1a: Abomination|Water\n|move|p1a: Abomination|Fishious Rend|p2a: Espathra\n|-damage|p2a: Espathra|0 fnt\n|faint|p2a: Espathra\n|\n|upkeep\n|\n|t:|1700225933\n|switch|p2a: Blissey|Blissey, F|100\/100\n|turn|2\n|\n|t:|1700225942\n|move|p2a: Blissey|Protect|p2a: Blissey\n|-singleturn|p2a: Blissey|Protect\n|move|p1a: Abomination|Fishious Rend|p2a: Blissey\n|-activate|p2a: Blissey|move: Protect\n|\n|upkeep\n|turn|3\n|\n|t:|1700225950\n|switch|p2a: Kyogre|Kyogre|100\/100\n|detailschange|p2a: Kyogre|Kyogre-Primal\n|-primal|p2a: Kyogre|Blue Orb\n|-weather|PrimordialSea|[from] ability: Primordial Sea|[of] p2a: Kyogre\n|move|p1a: Abomination|Fishious Rend|p2a: Kyogre\n|-resisted|p2a: Kyogre\n|-damage|p2a: Kyogre|11\/100\n|\n|-weather|PrimordialSea|[upkeep]\n|upkeep\n|turn|4\n|\n|t:|1700225979\n|switch|p1a: dinosaur i guess|Groudon, shiny|100\/100\n|detailschange|p1a: dinosaur i guess|Groudon-Primal, shiny\n|-primal|p1a: dinosaur i guess|Red Orb\n|-weather|DesolateLand|[from] ability: Desolate Land|[of] p1a: dinosaur i guess\n|switch|p2a: Charizard|Charizard, F|100\/100\n|\n|-weather|DesolateLand|[upkeep]\n|upkeep\n|turn|5\n|\n|t:|1700225990\n|detailschange|p2a: Charizard|Charizard-Mega-X, F\n|-mega|p2a: Charizard|Charizard|Charizardite X\n|move|p1a: dinosaur i guess|Heat Crash|p2a: Charizard\n|-resisted|p2a: Charizard\n|-damage|p2a: Charizard|72\/100\n|move|p2a: Charizard|Substitute|p2a: Charizard\n|-start|p2a: Charizard|Substitute\n|-damage|p2a: Charizard|47\/100\n|\n|-weather|DesolateLand|[upkeep]\n|upkeep\n|turn|6\n|\n|t:|1700226000\n|move|p1a: dinosaur i guess|Seismic Toss|p2a: Charizard\n|-end|p2a: Charizard|Substitute\n|move|p2a: Charizard|Belly Drum||[still]\n|-fail|p2a: Charizard\n|\n|-weather|DesolateLand|[upkeep]\n|upkeep\n|turn|7\n|\n|t:|1700226008\n|move|p1a: dinosaur i guess|Heat Crash|p2a: Charizard\n|-resisted|p2a: Charizard\n|-damage|p2a: Charizard|18\/100\n|move|p2a: Charizard|Roost|p2a: Charizard\n|-heal|p2a: Charizard|68\/100\n|-singleturn|p2a: Charizard|move: Roost\n|\n|-weather|DesolateLand|[upkeep]\n|upkeep\n|turn|8\n|\n|t:|1700226017\n|move|p1a: dinosaur i guess|Heat Crash|p2a: Charizard\n|-resisted|p2a: Charizard\n|-damage|p2a: Charizard|39\/100\n|move|p2a: Charizard|Belly Drum||[still]\n|-fail|p2a: Charizard\n|\n|-weather|DesolateLand|[upkeep]\n|upkeep\n|turn|9\n|\n|t:|1700226025\n|move|p1a: dinosaur i guess|Seismic Toss|p2a: Charizard\n|-damage|p2a: Charizard|6\/100\n|move|p2a: Charizard|Acrobatics|p1a: dinosaur i guess\n|-damage|p1a: dinosaur i guess|84\/100\n|\n|-weather|DesolateLand|[upkeep]\n|upkeep\n|turn|10\n|-message|ItzNotGhost_DD forfeited.\n|\n|win|wdymthenameisthere\n|raw|wdymthenameisthere's rating: 1136 &rarr; <strong>1154<\/strong><br \/>(+18 for winning)\n|raw|ItzNotGhost_DD's rating: 1040 &rarr; <strong>1028<\/strong><br \/>(-12 for losing)\n|l|\u2606ItzNotGhost_DD\n","uploadtime":1700226043,"views":9,"p1id":"wdymthenameisthere","p2id":"itznotghostdd","formatid":"gen9nationaldexubers","rating":1028,"private":0,"password":""}