{"id":"gen9nationaldexubers-1979980842","p1":"NikoMxD","p2":"sandy schmocks","format":"[Gen 9] National Dex Ubers","log":"|j|\u2606NikoMxD\n|j|\u2606sandy schmocks\n|t:|1698741196\n|gametype|singles\n|player|p1|NikoMxD|boarder|1211\n|player|p2|sandy schmocks|rocker-gen3|1197\n|teamsize|p1|6\n|teamsize|p2|6\n|gen|9\n|tier|[Gen 9] National Dex Ubers\n|rated|\n|rule|HP Percentage Mod: HP is shown in percentages\n|rule|Endless Battle Clause: Forcing endless battles is banned\n|rule|OHKO Clause: OHKO moves are banned\n|rule|Evasion Moves Clause: Evasion moves are banned\n|rule|Evasion Items Clause: Evasion items are banned\n|rule|Species Clause: Limit one of each Pok\u00e9mon\n|rule|Sleep Clause Mod: Limit one foe put to sleep\n|rule|Mega Rayquaza Clause: You cannot mega evolve Rayquaza\n|clearpoke\n|poke|p1|Kingambit, M|\n|poke|p1|Urshifu-*, M|\n|poke|p1|Eternatus|\n|poke|p1|Groudon|\n|poke|p1|Cloyster, F|\n|poke|p1|Darmanitan-Galar, F|\n|poke|p2|Sandy Shocks|\n|poke|p2|Groudon|\n|poke|p2|Gholdengo|\n|poke|p2|Ho-Oh|\n|poke|p2|Marshadow|\n|poke|p2|Eternatus|\n|teampreview\n|inactive|Battle timer is ON: inactive players will automatically lose when time's up. (requested by sandy schmocks)\n|inactive|NikoMxD has 120 seconds left.\n|\n|t:|1698741232\n|start\n|switch|p1a: Hulk|Darmanitan-Galar, F, shiny|100\/100\n|switch|p2a: bowser fart gif|Sandy Shocks|100\/100\n|turn|1\n|\n|t:|1698741249\n|move|p1a: Hulk|Earthquake|p2a: bowser fart gif\n|-supereffective|p2a: bowser fart gif\n|-enditem|p2a: bowser fart gif|Focus Sash\n|-damage|p2a: bowser fart gif|1\/100\n|move|p2a: bowser fart gif|Thunder Wave|p1a: Hulk\n|-status|p1a: Hulk|par\n|\n|upkeep\n|turn|2\n|\n|t:|1698741263\n|move|p2a: bowser fart gif|Stealth Rock|p1a: Hulk\n|-sidestart|p1: NikoMxD|move: Stealth Rock\n|cant|p1a: Hulk|par\n|\n|upkeep\n|turn|3\n|\n|t:|1698741269\n|move|p2a: bowser fart gif|Spikes|p1a: Hulk\n|-sidestart|p1: NikoMxD|Spikes\n|cant|p1a: Hulk|par\n|\n|upkeep\n|turn|4\n|\n|t:|1698741274\n|move|p2a: bowser fart gif|Spikes|p1a: Hulk\n|-sidestart|p1: NikoMxD|Spikes\n|cant|p1a: Hulk|par\n|\n|upkeep\n|turn|5\n|c|\u2606sandy schmocks|:3c\n|\n|t:|1698741280\n|move|p2a: bowser fart gif|Spikes|p1a: Hulk\n|-sidestart|p1: NikoMxD|Spikes\n|cant|p1a: Hulk|par\n|\n|upkeep\n|turn|6\n|\n|t:|1698741288\n|switch|p1a: Eternatus|Eternatus, shiny|100\/100\n|-damage|p1a: Eternatus|88\/100|[from] Stealth Rock\n|-damage|p1a: Eternatus|63\/100|[from] Spikes\n|-ability|p1a: Eternatus|Pressure\n|move|p2a: bowser fart gif|Earth Power|p1a: Eternatus\n|-supereffective|p1a: Eternatus\n|-damage|p1a: Eternatus|2\/100\n|\n|-heal|p1a: Eternatus|8\/100|[from] item: Black Sludge\n|upkeep\n|turn|7\n|\n|t:|1698741296\n|move|p2a: bowser fart gif|Earth Power|p1a: Eternatus\n|-supereffective|p1a: Eternatus\n|-damage|p1a: Eternatus|0 fnt\n|faint|p1a: Eternatus\n|\n|upkeep\n|\n|t:|1698741311\n|switch|p1a: Groudon|Groudon, shiny|100\/100\n|-damage|p1a: Groudon|94\/100|[from] Stealth Rock\n|-damage|p1a: Groudon|69\/100|[from] Spikes\n|detailschange|p1a: Groudon|Groudon-Primal, shiny\n|-primal|p1a: Groudon|Red Orb\n|-weather|DesolateLand|[from] ability: Desolate Land|[of] p1a: Groudon\n|turn|8\n|\n|t:|1698741320\n|move|p2a: bowser fart gif|Earth Power|p1a: Groudon\n|-supereffective|p1a: Groudon\n|-damage|p1a: Groudon|0 fnt\n|faint|p1a: Groudon\n|-weather|none\n|\n|upkeep\n|\n|t:|1698741328\n|switch|p1a: Kingambit|Kingambit, M|100\/100\n|-damage|p1a: Kingambit|94\/100|[from] Stealth Rock\n|-damage|p1a: Kingambit|69\/100|[from] Spikes\n|turn|9\n|\n|t:|1698741330\n|move|p1a: Kingambit|Sucker Punch||[still]\n|-fail|p1a: Kingambit\n|move|p2a: bowser fart gif|Thunder Wave|p1a: Kingambit\n|-status|p1a: Kingambit|par\n|\n|upkeep\n|turn|10\n|\n|t:|1698741337\n|move|p1a: Kingambit|Sucker Punch|p2a: bowser fart gif\n|-damage|p2a: bowser fart gif|0 fnt\n|faint|p2a: bowser fart gif\n|-end|p2a: bowser fart gif|Protosynthesis|[silent]\n|\n|upkeep\n|\n|t:|1698741338\n|switch|p2a: GOOBED!|Marshadow|100\/100\n|turn|11\n|\n|t:|1698741353\n|move|p1a: Kingambit|Sucker Punch|p2a: GOOBED!\n|-damage|p2a: GOOBED!|53\/100\n|move|p2a: GOOBED!|Low Kick|p1a: Kingambit\n|-supereffective|p1a: Kingambit\n|-damage|p1a: Kingambit|0 fnt\n|faint|p1a: Kingambit\n|\n|upkeep\n|\n|t:|1698741373\n|switch|p1a: Cloyster|Cloyster, F|100\/100\n|-damage|p1a: Cloyster|76\/100|[from] Stealth Rock\n|-damage|p1a: Cloyster|51\/100|[from] Spikes\n|turn|12\n|\n|t:|1698741385\n|move|p2a: GOOBED!|Low Kick|p1a: Cloyster\n|-supereffective|p1a: Cloyster\n|-damage|p1a: Cloyster|0 fnt\n|faint|p1a: Cloyster\n|\n|upkeep\n|\n|t:|1698741387\n|switch|p1a: Urshifu|Urshifu, M|100\/100\n|-damage|p1a: Urshifu|94\/100|[from] Stealth Rock\n|-damage|p1a: Urshifu|69\/100|[from] Spikes\n|turn|13\n|\n|t:|1698741389\n|move|p2a: GOOBED!|Low Kick|p1a: Urshifu\n|-supereffective|p1a: Urshifu\n|-damage|p1a: Urshifu|0 fnt\n|faint|p1a: Urshifu\n|\n|upkeep\n|\n|t:|1698741394\n|switch|p1a: Hulk|Darmanitan-Galar, F, shiny|100\/100 par\n|-damage|p1a: Hulk|76\/100 par|[from] Stealth Rock\n|-damage|p1a: Hulk|51\/100 par|[from] Spikes\n|turn|14\n|\n|t:|1698741398\n|move|p2a: GOOBED!|Low Kick|p1a: Hulk\n|-supereffective|p1a: Hulk\n|-damage|p1a: Hulk|0 fnt\n|faint|p1a: Hulk\n|\n|win|sandy schmocks\n|raw|NikoMxD's rating: 1211 &rarr; <strong>1185<\/strong><br \/>(-26 for losing)\n|raw|sandy schmocks's rating: 1197 &rarr; <strong>1223<\/strong><br \/>(+26 for winning)\n|l|\u2606NikoMxD\n","uploadtime":1698741404,"views":6,"p1id":"nikomxd","p2id":"sandyschmocks","formatid":"gen9nationaldexubers","rating":1185,"private":0,"password":""}