{"id":"gen9nationaldexubers-1980426853","p1":"Cuyler575","p2":"JustTheJas","format":"[Gen 9] National Dex Ubers","log":"|j|\u2606Cuyler575\n|j|\u2606JustTheJas\n|t:|1698783943\n|gametype|singles\n|player|p1|Cuyler575|169|1157\n|player|p2|JustTheJas|steven|1146\n|teamsize|p1|6\n|teamsize|p2|6\n|gen|9\n|tier|[Gen 9] National Dex Ubers\n|rated|\n|rule|HP Percentage Mod: HP is shown in percentages\n|rule|Endless Battle Clause: Forcing endless battles is banned\n|rule|OHKO Clause: OHKO moves are banned\n|rule|Evasion Moves Clause: Evasion moves are banned\n|rule|Evasion Items Clause: Evasion items are banned\n|rule|Species Clause: Limit one of each Pok\u00e9mon\n|rule|Sleep Clause Mod: Limit one foe put to sleep\n|rule|Mega Rayquaza Clause: You cannot mega evolve Rayquaza\n|clearpoke\n|poke|p1|Quaquaval, F|\n|poke|p1|Darkrai|\n|poke|p1|Garchomp, F|\n|poke|p1|Palafin, M|\n|poke|p1|Meowscarada, F|\n|poke|p1|Grimmsnarl, M|\n|poke|p2|Annihilape, M|\n|poke|p2|Genesect-Douse|\n|poke|p2|Groudon|\n|poke|p2|Salamence, M|\n|poke|p2|Regieleki|\n|poke|p2|Grimmsnarl, M|\n|teampreview\n|inactive|Battle timer is ON: inactive players will automatically lose when time's up. (requested by JustTheJas)\n|\n|t:|1698783948\n|start\n|switch|p1a: Palafin|Palafin, M|100\/100\n|switch|p2a: Grimmsnarl|Grimmsnarl, M|100\/100\n|turn|1\n|\n|t:|1698783953\n|move|p2a: Grimmsnarl|Reflect|p2a: Grimmsnarl\n|-sidestart|p2: JustTheJas|Reflect\n|move|p1a: Palafin|Flip Turn|p2a: Grimmsnarl\n|-damage|p2a: Grimmsnarl|90\/100\n|\n|t:|1698783957\n|detailschange|p1a: Palafin|Palafin-Hero, M\n|switch|p1a: Grimmsnarl|Grimmsnarl, M|100\/100|[from] Flip Turn\n|\n|upkeep\n|turn|2\n|\n|t:|1698783963\n|move|p1a: Grimmsnarl|Reflect|p1a: Grimmsnarl\n|-sidestart|p1: Cuyler575|Reflect\n|move|p2a: Grimmsnarl|Light Screen|p2a: Grimmsnarl\n|-sidestart|p2: JustTheJas|move: Light Screen\n|\n|upkeep\n|turn|3\n|\n|t:|1698783972\n|switch|p2a: Genesect|Genesect-Douse, shiny|100\/100\n|-ability|p2a: Genesect|Download|boost\n|-boost|p2a: Genesect|atk|1\n|move|p1a: Grimmsnarl|Light Screen|p1a: Grimmsnarl\n|-sidestart|p1: Cuyler575|move: Light Screen\n|\n|upkeep\n|turn|4\n|\n|t:|1698783982\n|move|p1a: Grimmsnarl|Parting Shot|p2a: Genesect\n|-unboost|p2a: Genesect|atk|1\n|-unboost|p2a: Genesect|spa|1\n|\n|t:|1698783989\n|switch|p1a: Quaquaval|Quaquaval, F|100\/100|[from] Parting Shot\n|move|p2a: Genesect|Flash Cannon|p1a: Quaquaval\n|-resisted|p1a: Quaquaval\n|-damage|p1a: Quaquaval|92\/100\n|\n|-heal|p1a: Quaquaval|98\/100|[from] item: Leftovers\n|upkeep\n|turn|5\n|\n|t:|1698784002\n|switch|p2a: Salamence|Salamence, M|100\/100\n|-ability|p2a: Salamence|Intimidate|boost\n|-unboost|p1a: Quaquaval|atk|1\n|move|p1a: Quaquaval|Aqua Step|p2a: Salamence\n|-resisted|p2a: Salamence\n|-damage|p2a: Salamence|93\/100\n|-boost|p1a: Quaquaval|spe|1\n|\n|-heal|p1a: Quaquaval|100\/100|[from] item: Leftovers\n|upkeep\n|turn|6\n|\n|t:|1698784013\n|detailschange|p2a: Salamence|Salamence-Mega, M\n|-mega|p2a: Salamence|Salamence|Salamencite\n|-terastallize|p1a: Quaquaval|Electric\n|move|p1a: Quaquaval|Tera Blast|p2a: Salamence|[anim] Tera Blast Electric\n|-damage|p2a: Salamence|81\/100\n|move|p2a: Salamence|Dragon Dance|p2a: Salamence\n|-boost|p2a: Salamence|atk|1\n|-boost|p2a: Salamence|spe|1\n|\n|upkeep\n|turn|7\n|\n|t:|1698784027\n|switch|p1a: Grimmsnarl|Grimmsnarl, M|100\/100\n|move|p2a: Salamence|Return|p1a: Grimmsnarl\n|-damage|p1a: Grimmsnarl|47\/100\n|\n|upkeep\n|turn|8\n|\n|t:|1698784033\n|move|p1a: Grimmsnarl|Taunt|p2a: Salamence\n|-start|p2a: Salamence|move: Taunt\n|move|p2a: Salamence|Return|p1a: Grimmsnarl\n|-damage|p1a: Grimmsnarl|0 fnt\n|faint|p1a: Grimmsnarl\n|\n|-sideend|p2: JustTheJas|Reflect\n|upkeep\n|\n|t:|1698784041\n|switch|p1a: Darkrai|Darkrai|100\/100\n|turn|9\n|\n|t:|1698784045\n|move|p2a: Salamence|Return|p1a: Darkrai\n|-damage|p1a: Darkrai|42\/100\n|move|p1a: Darkrai|Haze|p1a: Darkrai\n|-clearallboost\n|\n|-sideend|p1: Cuyler575|Reflect\n|-sideend|p2: JustTheJas|move: Light Screen\n|upkeep\n|turn|10\n|\n|t:|1698784054\n|move|p1a: Darkrai|Hypnosis|p2a: Salamence|[miss]\n|-miss|p1a: Darkrai|p2a: Salamence\n|move|p2a: Salamence|Return|p1a: Darkrai\n|-damage|p1a: Darkrai|0 fnt\n|faint|p1a: Darkrai\n|\n|-end|p2a: Salamence|move: Taunt\n|-sideend|p1: Cuyler575|move: Light Screen\n|upkeep\n|\n|t:|1698784063\n|switch|p1a: Meowscarada|Meowscarada, F|100\/100\n|turn|11\n|\n|t:|1698784067\n|move|p1a: Meowscarada|Play Rough|p2a: Salamence\n|-start|p1a: Meowscarada|typechange|Fairy|[from] ability: Protean\n|-supereffective|p2a: Salamence\n|-damage|p2a: Salamence|6\/100\n|move|p2a: Salamence|Return|p1a: Meowscarada\n|-damage|p1a: Meowscarada|5\/100\n|\n|upkeep\n|turn|12\n|\n|t:|1698784076\n|move|p1a: Meowscarada|Play Rough|p2a: Salamence|[miss]\n|-miss|p1a: Meowscarada|p2a: Salamence\n|move|p2a: Salamence|Return|p1a: Meowscarada\n|-damage|p1a: Meowscarada|0 fnt\n|faint|p1a: Meowscarada\n|\n|upkeep\n|\n|t:|1698784085\n|switch|p1a: Quaquaval|Quaquaval, F, tera:Electric|100\/100\n|turn|13\n|\n|t:|1698784096\n|move|p2a: Salamence|Return|p1a: Quaquaval\n|-resisted|p1a: Quaquaval\n|-damage|p1a: Quaquaval|61\/100\n|move|p1a: Quaquaval|Aqua Step|p2a: Salamence\n|-resisted|p2a: Salamence\n|-damage|p2a: Salamence|0 fnt\n|-boost|p1a: Quaquaval|spe|1\n|faint|p2a: Salamence\n|-ability|p1a: Quaquaval|Moxie|boost\n|-boost|p1a: Quaquaval|atk|1\n|\n|-heal|p1a: Quaquaval|67\/100|[from] item: Leftovers\n|upkeep\n|\n|t:|1698784107\n|switch|p2a: Regieleki|Regieleki|100\/100\n|turn|14\n|\n|t:|1698784114\n|move|p1a: Quaquaval|Acrobatics|p2a: Regieleki\n|-resisted|p2a: Regieleki\n|-damage|p2a: Regieleki|84\/100\n|move|p2a: Regieleki|Rain Dance|p2a: Regieleki\n|-weather|RainDance\n|\n|-weather|RainDance|[upkeep]\n|-heal|p1a: Quaquaval|73\/100|[from] item: Leftovers\n|upkeep\n|turn|15\n|\n|t:|1698784123\n|-terastallize|p2a: Regieleki|Ice\n|move|p1a: Quaquaval|Aqua Step|p2a: Regieleki\n|-damage|p2a: Regieleki|0 fnt\n|-boost|p1a: Quaquaval|spe|1\n|faint|p2a: Regieleki\n|-ability|p1a: Quaquaval|Moxie|boost\n|-boost|p1a: Quaquaval|atk|1\n|\n|-weather|RainDance|[upkeep]\n|-heal|p1a: Quaquaval|80\/100|[from] item: Leftovers\n|upkeep\n|\n|t:|1698784132\n|switch|p2a: Groudon|Groudon|100\/100\n|detailschange|p2a: Groudon|Groudon-Primal\n|-primal|p2a: Groudon|Red Orb\n|-weather|DesolateLand|[from] ability: Desolate Land|[of] p2a: Groudon\n|turn|16\n|\n|t:|1698784138\n|move|p1a: Quaquaval|Close Combat|p2a: Groudon\n|-damage|p2a: Groudon|25\/100\n|-unboost|p1a: Quaquaval|def|1\n|-unboost|p1a: Quaquaval|spd|1\n|move|p2a: Groudon|Precipice Blades|p1a: Quaquaval|[miss]\n|-miss|p2a: Groudon|p1a: Quaquaval\n|\n|-weather|DesolateLand|[upkeep]\n|-heal|p1a: Quaquaval|86\/100|[from] item: Leftovers\n|upkeep\n|turn|17\n|\n|t:|1698784146\n|move|p1a: Quaquaval|Close Combat|p2a: Groudon\n|-damage|p2a: Groudon|0 fnt\n|-unboost|p1a: Quaquaval|def|1\n|-unboost|p1a: Quaquaval|spd|1\n|faint|p2a: Groudon\n|-weather|none\n|-ability|p1a: Quaquaval|Moxie|boost\n|-boost|p1a: Quaquaval|atk|1\n|\n|-heal|p1a: Quaquaval|92\/100|[from] item: Leftovers\n|upkeep\n|\n|t:|1698784155\n|switch|p2a: Genesect|Genesect-Douse, shiny|100\/100\n|-ability|p2a: Genesect|Download|boost\n|-boost|p2a: Genesect|spa|1\n|turn|18\n|\n|t:|1698784161\n|move|p2a: Genesect|Extreme Speed|p1a: Quaquaval\n|-damage|p1a: Quaquaval|39\/100\n|move|p1a: Quaquaval|Close Combat|p2a: Genesect\n|-damage|p2a: Genesect|0 fnt\n|-unboost|p1a: Quaquaval|def|1\n|-unboost|p1a: Quaquaval|spd|1\n|faint|p2a: Genesect\n|-ability|p1a: Quaquaval|Moxie|boost\n|-boost|p1a: Quaquaval|atk|1\n|\n|-heal|p1a: Quaquaval|45\/100|[from] item: Leftovers\n|upkeep\n|\n|t:|1698784173\n|switch|p2a: Grimmsnarl|Grimmsnarl, M|90\/100\n|turn|19\n|\n|t:|1698784179\n|move|p2a: Grimmsnarl|Reflect|p2a: Grimmsnarl\n|-sidestart|p2: JustTheJas|Reflect\n|move|p1a: Quaquaval|Aqua Step|p2a: Grimmsnarl\n|-damage|p2a: Grimmsnarl|36\/100\n|-boost|p1a: Quaquaval|spe|1\n|\n|-heal|p1a: Quaquaval|51\/100|[from] item: Leftovers\n|upkeep\n|turn|20\n|\n|t:|1698784186\n|move|p2a: Grimmsnarl|Light Screen|p2a: Grimmsnarl\n|-sidestart|p2: JustTheJas|move: Light Screen\n|move|p1a: Quaquaval|Aqua Step|p2a: Grimmsnarl\n|-damage|p2a: Grimmsnarl|0 fnt\n|-boost|p1a: Quaquaval|spe|1\n|faint|p2a: Grimmsnarl\n|-ability|p1a: Quaquaval|Moxie|boost\n|-boost|p1a: Quaquaval|atk|1\n|\n|-heal|p1a: Quaquaval|57\/100|[from] item: Leftovers\n|upkeep\n|\n|t:|1698784194\n|switch|p2a: Annihilape|Annihilape, M|100\/100\n|turn|21\n|\n|t:|1698784200\n|move|p1a: Quaquaval|Acrobatics|p2a: Annihilape\n|-supereffective|p2a: Annihilape\n|-damage|p2a: Annihilape|45\/100\n|move|p2a: Annihilape|Bulk Up|p2a: Annihilape\n|-boost|p2a: Annihilape|atk|1\n|-boost|p2a: Annihilape|def|1\n|\n|-heal|p1a: Quaquaval|64\/100|[from] item: Leftovers\n|upkeep\n|turn|22\n|\n|t:|1698784208\n|move|p1a: Quaquaval|Acrobatics|p2a: Annihilape\n|-supereffective|p2a: Annihilape\n|-damage|p2a: Annihilape|8\/100\n|move|p2a: Annihilape|Rest|p2a: Annihilape\n|-status|p2a: Annihilape|slp|[from] move: Rest\n|-heal|p2a: Annihilape|100\/100 slp|[silent]\n|-enditem|p2a: Annihilape|Chesto Berry|[eat]\n|-curestatus|p2a: Annihilape|slp|[msg]\n|\n|-heal|p1a: Quaquaval|70\/100|[from] item: Leftovers\n|upkeep\n|turn|23\n|\n|t:|1698784224\n|move|p1a: Quaquaval|Acrobatics|p2a: Annihilape\n|-supereffective|p2a: Annihilape\n|-damage|p2a: Annihilape|63\/100\n|move|p2a: Annihilape|Rage Fist|p1a: Quaquaval\n|-damage|p1a: Quaquaval|0 fnt\n|faint|p1a: Quaquaval\n|\n|upkeep\n|\n|t:|1698784233\n|switch|p1a: Garchomp|Garchomp, F|100\/100\n|turn|24\n|\n|t:|1698784236\n|move|p1a: Garchomp|Swords Dance|p1a: Garchomp\n|-boost|p1a: Garchomp|atk|2\n|move|p2a: Annihilape|Rage Fist|p1a: Garchomp\n|-damage|p1a: Garchomp|0 fnt\n|-damage|p2a: Annihilape|51\/100|[from] ability: Rough Skin|[of] p1a: Garchomp\n|faint|p1a: Garchomp\n|\n|upkeep\n|\n|t:|1698784243\n|switch|p1a: Palafin|Palafin-Hero, M|100\/100\n|-activate|p1a: Palafin|ability: Zero to Hero\n|turn|25\n|\n|t:|1698784249\n|move|p1a: Palafin|Flip Turn|p2a: Annihilape\n|-damage|p2a: Annihilape|39\/100\n|move|p2a: Annihilape|Rage Fist|p1a: Palafin\n|-damage|p1a: Palafin|0 fnt\n|faint|p1a: Palafin\n|\n|win|JustTheJas\n|raw|Cuyler575's rating: 1157 &rarr; <strong>1131<\/strong><br \/>(-26 for losing)\n|raw|JustTheJas's rating: 1146 &rarr; <strong>1172<\/strong><br \/>(+26 for winning)\n|c|\u2606Cuyler575|gg\n|c|\u2606JustTheJas|gg\n","uploadtime":1698784259,"views":6,"p1id":"cuyler575","p2id":"justthejas","formatid":"gen9nationaldexubers","rating":1131,"private":0,"password":""}