{"id":"gen9nationaldexubers-1983086466","p1":"Chaitanya15","p2":"Yell0w^_^Yoshi","format":"[Gen 9] National Dex Ubers","log":"|j|\u2606Chaitanya15\n|j|\u2606Yell0w^_^Yoshi\n|t:|1699082819\n|gametype|singles\n|player|p1|Chaitanya15|265|1452\n|player|p2|Yell0w^_^Yoshi|roxanne|1361\n|teamsize|p1|6\n|teamsize|p2|6\n|gen|9\n|tier|[Gen 9] National Dex Ubers\n|rated|\n|rule|HP Percentage Mod: HP is shown in percentages\n|rule|Endless Battle Clause: Forcing endless battles is banned\n|rule|OHKO Clause: OHKO moves are banned\n|rule|Evasion Moves Clause: Evasion moves are banned\n|rule|Evasion Items Clause: Evasion items are banned\n|rule|Species Clause: Limit one of each Pok\u00e9mon\n|rule|Sleep Clause Mod: Limit one foe put to sleep\n|rule|Mega Rayquaza Clause: You cannot mega evolve Rayquaza\n|clearpoke\n|poke|p1|Kingambit, F|\n|poke|p1|Basculegion, M|\n|poke|p1|Pikachu, F|\n|poke|p1|Kyogre|\n|poke|p1|Flutter Mane|\n|poke|p1|Deoxys-Speed|\n|poke|p2|Kyogre|\n|poke|p2|Xerneas-*|\n|poke|p2|Iron Jugulis|\n|poke|p2|Blaziken, M|\n|poke|p2|Marshadow|\n|poke|p2|Escavalier, F|\n|teampreview\n|inactive|Battle timer is ON: inactive players will automatically lose when time's up. (requested by Chaitanya15)\n|\n|t:|1699082837\n|start\n|switch|p1a: Deoxys|Deoxys-Speed|100\/100\n|switch|p2a: Xerneas|Xerneas|100\/100\n|-ability|p1a: Deoxys|Pressure\n|-ability|p2a: Xerneas|Fairy Aura\n|turn|1\n|\n|t:|1699082853\n|move|p1a: Deoxys|Stealth Rock|p2a: Xerneas\n|-sidestart|p2: Yell0w^_^Yoshi|move: Stealth Rock\n|move|p2a: Xerneas|Geomancy||[still]\n|-prepare|p2a: Xerneas|Geomancy\n|-enditem|p2a: Xerneas|Power Herb\n|-anim|p2a: Xerneas|Geomancy|p2a: Xerneas\n|-boost|p2a: Xerneas|spa|2\n|-boost|p2a: Xerneas|spd|2\n|-boost|p2a: Xerneas|spe|2\n|\n|upkeep\n|turn|2\n|\n|t:|1699082861\n|move|p1a: Deoxys|Spikes|p2a: Xerneas\n|-sidestart|p2: Yell0w^_^Yoshi|Spikes\n|move|p2a: Xerneas|Moonblast|p1a: Deoxys\n|-enditem|p1a: Deoxys|Focus Sash\n|-damage|p1a: Deoxys|1\/100\n|\n|upkeep\n|turn|3\n|\n|t:|1699082871\n|move|p1a: Deoxys|Spikes|p2a: Xerneas\n|-sidestart|p2: Yell0w^_^Yoshi|Spikes\n|move|p2a: Xerneas|Moonblast|p1a: Deoxys\n|-damage|p1a: Deoxys|0 fnt\n|faint|p1a: Deoxys\n|\n|upkeep\n|\n|t:|1699082879\n|switch|p1a: Pikachu|Pikachu, F|100\/100\n|turn|4\n|\n|t:|1699082885\n|move|p1a: Pikachu|Fake Out|p2a: Xerneas\n|-damage|p2a: Xerneas|88\/100\n|cant|p2a: Xerneas|flinch\n|\n|upkeep\n|turn|5\n|\n|t:|1699082893\n|move|p1a: Pikachu|Extreme Speed|p2a: Xerneas\n|-damage|p2a: Xerneas|64\/100\n|move|p2a: Xerneas|Moonblast|p1a: Pikachu\n|-damage|p1a: Pikachu|0 fnt\n|faint|p1a: Pikachu\n|\n|upkeep\n|\n|t:|1699082913\n|switch|p1a: Kingambit|Kingambit, F|100\/100\n|-activate|p1a: Kingambit|ability: Supreme Overlord\n|-start|p1a: Kingambit|fallen2|[silent]\n|turn|6\n|\n|t:|1699082919\n|move|p1a: Kingambit|Sucker Punch|p2a: Xerneas\n|-resisted|p2a: Xerneas\n|-damage|p2a: Xerneas|40\/100\n|-damage|p1a: Kingambit|91\/100|[from] item: Life Orb\n|move|p2a: Xerneas|Hidden Power|p1a: Kingambit\n|-supereffective|p1a: Kingambit\n|-damage|p1a: Kingambit|7\/100\n|\n|upkeep\n|turn|7\n|\n|t:|1699082928\n|move|p1a: Kingambit|Sucker Punch|p2a: Xerneas\n|-resisted|p2a: Xerneas\n|-damage|p2a: Xerneas|15\/100\n|-damage|p1a: Kingambit|0 fnt|[from] item: Life Orb\n|faint|p1a: Kingambit\n|-end|p1a: Kingambit|fallen2|[silent]\n|move|p2a: Xerneas|Moonblast|p1: Kingambit|[notarget]\n|-fail|p2a: Xerneas\n|\n|upkeep\n|\n|t:|1699082936\n|switch|p1a: Flutter Mane|Flutter Mane|100\/100\n|-enditem|p1a: Flutter Mane|Booster Energy\n|-activate|p1a: Flutter Mane|ability: Protosynthesis|[fromitem]\n|-start|p1a: Flutter Mane|protosynthesisspe\n|turn|8\n|\n|t:|1699082945\n|-terastallize|p2a: Xerneas|Fairy\n|move|p1a: Flutter Mane|Moonblast|p2a: Xerneas\n|-damage|p2a: Xerneas|0 fnt\n|faint|p2a: Xerneas\n|\n|upkeep\n|\n|t:|1699082951\n|switch|p2a: Escavalier|Escavalier, F|100\/100\n|-damage|p2a: Escavalier|88\/100|[from] Stealth Rock\n|-damage|p2a: Escavalier|72\/100|[from] Spikes\n|turn|9\n|\n|t:|1699082957\n|move|p1a: Flutter Mane|Mystical Fire|p2a: Escavalier\n|-supereffective|p2a: Escavalier\n|-damage|p2a: Escavalier|0 fnt\n|faint|p2a: Escavalier\n|\n|upkeep\n|\n|t:|1699082965\n|switch|p2a: Kyogre|Kyogre|100\/100\n|-damage|p2a: Kyogre|88\/100|[from] Stealth Rock\n|-damage|p2a: Kyogre|72\/100|[from] Spikes\n|detailschange|p2a: Kyogre|Kyogre-Primal\n|-primal|p2a: Kyogre|Blue Orb\n|-weather|PrimordialSea|[from] ability: Primordial Sea|[of] p2a: Kyogre\n|turn|10\n|\n|t:|1699082975\n|move|p1a: Flutter Mane|Moonblast|p2a: Kyogre\n|-damage|p2a: Kyogre|42\/100\n|-unboost|p2a: Kyogre|spa|1\n|move|p2a: Kyogre|Thunder Wave|p1a: Flutter Mane\n|-status|p1a: Flutter Mane|par\n|\n|-weather|PrimordialSea|[upkeep]\n|upkeep\n|turn|11\n|\n|t:|1699082983\n|cant|p1a: Flutter Mane|par\n|move|p2a: Kyogre|Scald|p1a: Flutter Mane\n|-damage|p1a: Flutter Mane|40\/100 par\n|\n|-weather|PrimordialSea|[upkeep]\n|upkeep\n|turn|12\n|\n|t:|1699082990\n|move|p1a: Flutter Mane|Moonblast|p2a: Kyogre\n|-damage|p2a: Kyogre|16\/100\n|-unboost|p2a: Kyogre|spa|1\n|move|p2a: Kyogre|Scald|p1a: Flutter Mane\n|-damage|p1a: Flutter Mane|0 fnt\n|faint|p1a: Flutter Mane\n|-end|p1a: Flutter Mane|Protosynthesis|[silent]\n|\n|-weather|PrimordialSea|[upkeep]\n|upkeep\n|\n|t:|1699083001\n|switch|p1a: Basculegion|Basculegion, M|100\/100\n|turn|13\n|\n|t:|1699083005\n|move|p1a: Basculegion|Last Respects|p2a: Kyogre\n|-damage|p2a: Kyogre|0 fnt\n|faint|p2a: Kyogre\n|-weather|none\n|\n|upkeep\n|\n|t:|1699083016\n|switch|p2a: Iron Jugulis|Iron Jugulis|100\/100\n|-damage|p2a: Iron Jugulis|76\/100|[from] Stealth Rock\n|turn|14\n|\n|t:|1699083020\n|switch|p1a: Kyogre|Kyogre|100\/100\n|-weather|RainDance|[from] ability: Drizzle|[of] p1a: Kyogre\n|move|p2a: Iron Jugulis|Dark Pulse|p1a: Kyogre\n|-damage|p1a: Kyogre|71\/100\n|\n|-weather|RainDance|[upkeep]\n|upkeep\n|turn|15\n|\n|t:|1699083032\n|move|p2a: Iron Jugulis|Dark Pulse|p1a: Kyogre\n|-damage|p1a: Kyogre|41\/100\n|cant|p1a: Kyogre|flinch\n|\n|-weather|RainDance|[upkeep]\n|upkeep\n|turn|16\n|\n|t:|1699083042\n|move|p2a: Iron Jugulis|Dark Pulse|p1a: Kyogre\n|-damage|p1a: Kyogre|14\/100\n|move|p1a: Kyogre|Thunder|p2a: Iron Jugulis\n|-supereffective|p2a: Iron Jugulis\n|-damage|p2a: Iron Jugulis|0 fnt\n|faint|p2a: Iron Jugulis\n|-end|p2a: Iron Jugulis|Quark Drive|[silent]\n|\n|-weather|RainDance|[upkeep]\n|upkeep\n|\n|t:|1699083047\n|switch|p2a: Blaziken|Blaziken, M|100\/100\n|-damage|p2a: Blaziken|88\/100|[from] Stealth Rock\n|-damage|p2a: Blaziken|72\/100|[from] Spikes\n|turn|17\n|\n|t:|1699083057\n|detailschange|p2a: Blaziken|Blaziken-Mega, M\n|-mega|p2a: Blaziken|Blaziken|Blazikenite\n|move|p2a: Blaziken|Protect|p2a: Blaziken\n|-singleturn|p2a: Blaziken|Protect\n|move|p1a: Kyogre|Thunder|p2a: Blaziken\n|-activate|p2a: Blaziken|move: Protect\n|\n|-weather|RainDance|[upkeep]\n|-ability|p2a: Blaziken|Speed Boost|boost\n|-boost|p2a: Blaziken|spe|1\n|upkeep\n|turn|18\n|\n|t:|1699083070\n|switch|p1a: Basculegion|Basculegion, M|100\/100\n|move|p2a: Blaziken|Close Combat|p1a: Basculegion\n|-immune|p1a: Basculegion\n|\n|-weather|none\n|-ability|p2a: Blaziken|Speed Boost|boost\n|-boost|p2a: Blaziken|spe|1\n|upkeep\n|turn|19\n|\n|t:|1699083080\n|switch|p1a: Kyogre|Kyogre|14\/100\n|-weather|RainDance|[from] ability: Drizzle|[of] p1a: Kyogre\n|move|p2a: Blaziken|Blaze Kick|p1a: Kyogre\n|-resisted|p1a: Kyogre\n|-damage|p1a: Kyogre|0 fnt\n|faint|p1a: Kyogre\n|\n|-weather|RainDance|[upkeep]\n|-ability|p2a: Blaziken|Speed Boost|boost\n|-boost|p2a: Blaziken|spe|1\n|upkeep\n|\n|t:|1699083092\n|switch|p1a: Basculegion|Basculegion, M|100\/100\n|turn|20\n|\n|t:|1699083096\n|move|p2a: Blaziken|Protect|p2a: Blaziken\n|-singleturn|p2a: Blaziken|Protect\n|move|p1a: Basculegion|Last Respects|p2a: Blaziken\n|-activate|p2a: Blaziken|move: Protect\n|\n|-weather|RainDance|[upkeep]\n|-ability|p2a: Blaziken|Speed Boost|boost\n|-boost|p2a: Blaziken|spe|1\n|upkeep\n|turn|21\n|\n|t:|1699083105\n|move|p2a: Blaziken|Blaze Kick|p1a: Basculegion\n|-resisted|p1a: Basculegion\n|-damage|p1a: Basculegion|83\/100\n|move|p1a: Basculegion|Last Respects|p2a: Blaziken\n|-damage|p2a: Blaziken|0 fnt\n|faint|p2a: Blaziken\n|\n|-weather|RainDance|[upkeep]\n|upkeep\n|\n|t:|1699083109\n|switch|p2a: Marshadow|Marshadow|100\/100\n|-damage|p2a: Marshadow|94\/100|[from] Stealth Rock\n|-damage|p2a: Marshadow|78\/100|[from] Spikes\n|turn|22\n|\n|t:|1699083120\n|-terastallize|p1a: Basculegion|Water\n|move|p2a: Marshadow|Shadow Sneak|p1a: Basculegion\n|-damage|p1a: Basculegion|47\/100\n|move|p1a: Basculegion|Last Respects|p2a: Marshadow\n|-supereffective|p2a: Marshadow\n|-damage|p2a: Marshadow|0 fnt\n|faint|p2a: Marshadow\n|\n|win|Chaitanya15\n|raw|Chaitanya15's rating: 1452 &rarr; <strong>1467<\/strong><br \/>(+15 for winning)\n|raw|Yell0w^_^Yoshi's rating: 1361 &rarr; <strong>1346<\/strong><br \/>(-15 for losing)\n|c|\u2606Chaitanya15|Gg\n|c|\u2606Yell0w^_^Yoshi|Gg\n|l|\u2606Yell0w^_^Yoshi\n","uploadtime":1699083138,"views":9,"p1id":"chaitanya15","p2id":"yell0wyoshi","formatid":"gen9nationaldexubers","rating":1346,"private":0,"password":""}