{"id":"gen9nationaldexubers-1978577651","p1":"Oculars\u2655","p2":"dewfew","format":"[Gen 9] National Dex Ubers","log":"|j|\u2606Oculars\u2655\n|j|\u2606dewfew\n|t:|1698559302\n|gametype|singles\n|player|p1|Oculars\u2655|lusamine-nihilego|\n|player|p2|dewfew|erika|\n|teamsize|p1|6\n|teamsize|p2|6\n|gen|9\n|tier|[Gen 9] National Dex Ubers\n|rule|HP Percentage Mod: HP is shown in percentages\n|rule|Endless Battle Clause: Forcing endless battles is banned\n|rule|OHKO Clause: OHKO moves are banned\n|rule|Evasion Moves Clause: Evasion moves are banned\n|rule|Evasion Items Clause: Evasion items are banned\n|rule|Species Clause: Limit one of each Pok\u00e9mon\n|rule|Sleep Clause Mod: Limit one foe put to sleep\n|rule|Mega Rayquaza Clause: You cannot mega evolve Rayquaza\n|clearpoke\n|poke|p1|Grimmsnarl, M|\n|poke|p1|Blastoise, M|\n|poke|p1|Zygarde|\n|poke|p1|Volcarona, M|\n|poke|p1|Tapu Fini|\n|poke|p1|Rillaboom, F|\n|poke|p2|Pelipper, M|\n|poke|p2|Palafin, F|\n|poke|p2|Kingambit, M|\n|poke|p2|Clodsire, F|\n|poke|p2|Iron Bundle|\n|poke|p2|Banette, M|\n|teampreview\n|c|\u2606dewfew|good god\n|j| Runk_99\n|c| Runk_99|wait this isnt fortnite\n|c|\u2606dewfew|lmfao\n|j| FlamingThunderG0d\n|j| Sinnoy\n|c| Sinnoy|lmao\n|\n|t:|1698559354\n|start\n|switch|p1a: Grimmsnarl|Grimmsnarl, M|100\/100\n|switch|p2a: Clodsire|Clodsire, F|100\/100\n|turn|1\n|c| Sinnoy|its joever\n|c| Runk_99|oculars\n|c|\u2606dewfew|I believe in palafin\n|c| Sinnoy|well i dont\n|\n|t:|1698559371\n|move|p1a: Grimmsnarl|Taunt|p2a: Clodsire\n|-start|p2a: Clodsire|move: Taunt\n|cant|p2a: Clodsire|move: Taunt|Spikes\n|\n|upkeep\n|turn|2\n|j| Nish the Great\n|\n|t:|1698559373\n|switch|p2a: Palafin|Palafin, F|100\/100\n|move|p1a: Grimmsnarl|Reflect|p1a: Grimmsnarl\n|-sidestart|p1: Oculars\u2655|Reflect\n|\n|upkeep\n|turn|3\n|c| Runk_99|how did you obtain that charactar icon\n|\n|t:|1698559379\n|detailschange|p2a: Palafin|Palafin-Hero, F\n|switch|p2a: Banette|Banette, M|100\/100\n|move|p1a: Grimmsnarl|Light Screen|p1a: Grimmsnarl\n|-sidestart|p1: Oculars\u2655|move: Light Screen\n|\n|upkeep\n|turn|4\n|j| Asphalt the pro\n|c| Nish the Great|\/\/avatar\n|c|\u2606dewfew|oh he has taunt it\u2019s so joever\n|c| Sinnoy|its a normal icon\n|c|\u2606Oculars\u2655|I had to go on a quest to the top of the mountain to retrieve it from a sacred shrine\n|c| Sinnoy|that anyone can use\n|\n|t:|1698559404\n|detailschange|p2a: Banette|Banette-Mega, M\n|-mega|p2a: Banette|Banette|Banettite\n|move|p2a: Banette|Encore|p1a: Grimmsnarl\n|-hint|Since gen 7, Dark is immune to Prankster moves.\n|-immune|p1a: Grimmsnarl\n|move|p1a: Grimmsnarl|Foul Play|p2a: Banette\n|-supereffective|p2a: Banette\n|-damage|p2a: Banette|0 fnt\n|faint|p2a: Banette\n|\n|upkeep\n|c|\u2606dewfew|probably \/avatar motherbeast\n|c|\u2606Oculars\u2655|happens\n|c| Nish the Great|haha lmao\n|c|\u2606dewfew|uh\n|c|\u2606dewfew|thats\n|c|\u2606dewfew|embarassing\n|c| Nish the Great|calculated\n|c| Sinnoy|genius\n|\n|t:|1698559424\n|switch|p2a: Pelipper|Pelipper, M|100\/100\n|-weather|RainDance|[from] ability: Drizzle|[of] p2a: Pelipper\n|turn|5\n|c| Sinnoy|brilliant maneuver\n|c|\u2606dewfew|it\u2019s ok\n|\n|t:|1698559432\n|switch|p1a: Rillaboom|Rillaboom, F|100\/100\n|-fieldstart|move: Grassy Terrain|[from] ability: Grassy Surge|[of] p1a: Rillaboom\n|move|p2a: Pelipper|U-turn|p1a: Rillaboom\n|-supereffective|p1a: Rillaboom\n|-damage|p1a: Rillaboom|91\/100\n|c|\u2606dewfew|this is planned\n|\n|t:|1698559438\n|switch|p2a: Kingambit|Kingambit, M|100\/100|[from] U-turn\n|-activate|p2a: Kingambit|ability: Supreme Overlord\n|-start|p2a: Kingambit|fallen1|[silent]\n|\n|-weather|RainDance|[upkeep]\n|-heal|p1a: Rillaboom|97\/100|[from] Grassy Terrain\n|upkeep\n|turn|6\n|j| Likhami\n|j| The power of ROCK\n|c| Sinnoy|WATCH OUT WATCH OUT WATCH OUT\n|\n|t:|1698559453\n|-end|p2a: Kingambit|fallen1|[silent]\n|switch|p2a: Pelipper|Pelipper, M|100\/100\n|move|p1a: Rillaboom|Swords Dance|p1a: Rillaboom\n|-boost|p1a: Rillaboom|atk|2\n|\n|-weather|RainDance|[upkeep]\n|-heal|p1a: Rillaboom|100\/100|[from] Grassy Terrain\n|upkeep\n|turn|7\n|c| Runk_99|dewfew it didnt work\n|c|\u2606dewfew|it\u2019s sd rilla\n|c|\u2606dewfew|its over\n|c| Runk_99|i am dnviouz\n|\n|t:|1698559468\n|move|p1a: Rillaboom|Grassy Glide|p2a: Pelipper\n|-damage|p2a: Pelipper|21\/100\n|-damage|p1a: Rillaboom|91\/100|[from] item: Life Orb\n|move|p2a: Pelipper|Scald|p1a: Rillaboom\n|-resisted|p1a: Rillaboom\n|-damage|p1a: Rillaboom|77\/100\n|\n|-weather|RainDance|[upkeep]\n|-heal|p1a: Rillaboom|83\/100|[from] Grassy Terrain\n|upkeep\n|turn|8\n|c| Runk_99|envious\n|c| Sinnoy|bro couldve hurricaned but chose scald\n|c|\u2606dewfew|Where\u2019s my scale burns\n|c|\u2606dewfew|i don\u2019t have hurricane lmfao\n|\n|t:|1698559497\n|move|p1a: Rillaboom|Knock Off|p2a: Pelipper\n|-damage|p2a: Pelipper|0 fnt\n|-enditem|p2a: Pelipper|Damp Rock|[from] move: Knock Off|[of] p1a: Rillaboom\n|faint|p2a: Pelipper\n|-damage|p1a: Rillaboom|73\/100|[from] item: Life Orb\n|\n|-weather|RainDance|[upkeep]\n|-heal|p1a: Rillaboom|79\/100|[from] Grassy Terrain\n|upkeep\n|\n|t:|1698559500\n|switch|p2a: Kingambit|Kingambit, M|100\/100\n|-activate|p2a: Kingambit|ability: Supreme Overlord\n|-start|p2a: Kingambit|fallen2|[silent]\n|turn|9\n|\n|t:|1698559510\n|move|p1a: Rillaboom|Superpower|p2a: Kingambit\n|-supereffective|p2a: Kingambit\n|-damage|p2a: Kingambit|0 fnt\n|-unboost|p1a: Rillaboom|atk|1\n|-unboost|p1a: Rillaboom|def|1\n|faint|p2a: Kingambit\n|-end|p2a: Kingambit|fallen2|[silent]\n|-damage|p1a: Rillaboom|69\/100|[from] item: Life Orb\n|\n|-weather|RainDance|[upkeep]\n|-heal|p1a: Rillaboom|75\/100|[from] Grassy Terrain\n|-sideend|p1: Oculars\u2655|Reflect\n|-fieldend|move: Grassy Terrain\n|upkeep\n|\n|t:|1698559517\n|switch|p2a: Iron Bundle|Iron Bundle|100\/100\n|turn|10\n|c|\u2606dewfew|also\n|c|\u2606dewfew|im ngl\n|c|\u2606dewfew|zygarde is even more op this gen\n|c|\u2606dewfew|because you can trap with 1k waves and use them as setup fodder with tera\n|\n|t:|1698559596\n|move|p2a: Iron Bundle|Flip Turn|p1a: Rillaboom\n|-resisted|p1a: Rillaboom\n|-damage|p1a: Rillaboom|55\/100\n|\n|t:|1698559614\n|-end|p2a: Iron Bundle|Quark Drive|[silent]\n|switch|p2a: Clodsire|Clodsire, F|100\/100|[from] Flip Turn\n|move|p1a: Rillaboom|Grassy Glide|p2a: Clodsire\n|-damage|p2a: Clodsire|54\/100\n|-damage|p1a: Rillaboom|45\/100|[from] item: Life Orb\n|\n|-weather|RainDance|[upkeep]\n|-sideend|p1: Oculars\u2655|move: Light Screen\n|upkeep\n|turn|11\n|\n|t:|1698559621\n|move|p1a: Rillaboom|Knock Off|p2a: Clodsire\n|-damage|p2a: Clodsire|2\/100\n|-enditem|p2a: Clodsire|Heavy-Duty Boots|[from] move: Knock Off|[of] p1a: Rillaboom\n|-damage|p1a: Rillaboom|35\/100|[from] item: Life Orb\n|move|p2a: Clodsire|Toxic|p1a: Rillaboom\n|-status|p1a: Rillaboom|tox\n|\n|-weather|RainDance|[upkeep]\n|-damage|p1a: Rillaboom|29\/100 tox|[from] psn\n|upkeep\n|turn|12\n|\n|t:|1698559625\n|switch|p1a: Tapu Fini|Tapu Fini|100\/100\n|-fieldstart|move: Misty Terrain|[from] ability: Misty Surge|[of] p1a: Tapu Fini\n|move|p2a: Clodsire|Earthquake|p1a: Tapu Fini\n|-damage|p1a: Tapu Fini|80\/100\n|\n|-weather|none\n|upkeep\n|turn|13\n|\n|t:|1698559631\n|switch|p2a: Palafin|Palafin-Hero, F|100\/100\n|-activate|p2a: Palafin|ability: Zero to Hero\n|move|p1a: Tapu Fini|Trick|p2a: Palafin\n|-activate|p1a: Tapu Fini|move: Trick|[of] p2a: Palafin\n|-item|p2a: Palafin|Choice Scarf|[from] move: Trick\n|-item|p1a: Tapu Fini|Leftovers|[from] move: Trick\n|\n|-heal|p1a: Tapu Fini|86\/100|[from] item: Leftovers\n|upkeep\n|turn|14\n|c|\u2606dewfew|it\u2019s scarftrick \ud83d\ude2d\n|\n|t:|1698559657\n|switch|p2a: Iron Bundle|Iron Bundle|100\/100\n|move|p1a: Tapu Fini|Moonblast|p2a: Iron Bundle\n|-damage|p2a: Iron Bundle|41\/100\n|\n|-heal|p1a: Tapu Fini|92\/100|[from] item: Leftovers\n|upkeep\n|turn|15\n|\n|t:|1698559663\n|-terastallize|p2a: Iron Bundle|Ice\n|move|p2a: Iron Bundle|Freeze-Dry|p1a: Tapu Fini\n|-supereffective|p1a: Tapu Fini\n|-damage|p1a: Tapu Fini|0 fnt\n|faint|p1a: Tapu Fini\n|\n|upkeep\n|\n|t:|1698559668\n|switch|p1a: Grimmsnarl|Grimmsnarl, M|100\/100\n|turn|16\n|\n|t:|1698559672\n|move|p1a: Grimmsnarl|Light Screen|p1a: Grimmsnarl\n|-sidestart|p1: Oculars\u2655|move: Light Screen\n|move|p2a: Iron Bundle|Freeze-Dry|p1a: Grimmsnarl\n|-damage|p1a: Grimmsnarl|61\/100\n|\n|-fieldend|Misty Terrain\n|upkeep\n|turn|17\n|\n|t:|1698559677\n|move|p1a: Grimmsnarl|Reflect|p1a: Grimmsnarl\n|-sidestart|p1: Oculars\u2655|Reflect\n|move|p2a: Iron Bundle|Freeze-Dry|p1a: Grimmsnarl\n|-crit|p1a: Grimmsnarl\n|-damage|p1a: Grimmsnarl|0 fnt\n|faint|p1a: Grimmsnarl\n|\n|upkeep\n|\n|t:|1698559684\n|switch|p1a: Blastoise|Blastoise, M|100\/100\n|turn|18\n|l| Likhami\n|\n|t:|1698559688\n|detailschange|p1a: Blastoise|Blastoise-Mega, M\n|-mega|p1a: Blastoise|Blastoise|Blastoisinite\n|move|p2a: Iron Bundle|Freeze-Dry|p1a: Blastoise\n|-supereffective|p1a: Blastoise\n|-damage|p1a: Blastoise|32\/100\n|move|p1a: Blastoise|Shell Smash|p1a: Blastoise\n|-unboost|p1a: Blastoise|def|1\n|-unboost|p1a: Blastoise|spd|1\n|-boost|p1a: Blastoise|atk|2\n|-boost|p1a: Blastoise|spa|2\n|-boost|p1a: Blastoise|spe|2\n|\n|upkeep\n|turn|19\n|\n|t:|1698559693\n|move|p1a: Blastoise|Aura Sphere|p2a: Iron Bundle\n|-supereffective|p2a: Iron Bundle\n|-damage|p2a: Iron Bundle|0 fnt\n|faint|p2a: Iron Bundle\n|-end|p2a: Iron Bundle|Quark Drive|[silent]\n|\n|upkeep\n|\n|t:|1698559695\n|switch|p2a: Clodsire|Clodsire, F|2\/100\n|turn|20\n|\n|t:|1698559698\n|move|p1a: Blastoise|Ice Beam|p2a: Clodsire\n|-supereffective|p2a: Clodsire\n|-damage|p2a: Clodsire|0 fnt\n|faint|p2a: Clodsire\n|\n|upkeep\n|\n|t:|1698559699\n|switch|p2a: Palafin|Palafin-Hero, F|100\/100\n|turn|21\n|n| 45GVREVGWSADV|flamingthunderg0d\n|c| Nish the Great|fair and balanced pokemon\n|c|\u2606dewfew|this shit ain\u2019t balanced\n|c|\u2606dewfew|gg lmao\n|c|\u2606Oculars\u2655|gg lol\n|\n|t:|1698559713\n|move|p1a: Blastoise|Dark Pulse|p2a: Palafin\n|-damage|p2a: Palafin|9\/100\n|move|p2a: Palafin|Close Combat|p1a: Blastoise\n|-damage|p1a: Blastoise|0 fnt\n|-unboost|p2a: Palafin|def|1\n|-unboost|p2a: Palafin|spd|1\n|faint|p1a: Blastoise\n|\n|upkeep\n|c|\u2606Oculars\u2655|this is what natdex was\n|\n|t:|1698559722\n|switch|p1a: Volcarona|Volcarona, M|100\/100\n|turn|22\n|c|\u2606dewfew|lmao\n|c| Nish the Great|just a race to get your blastoise in first\n|c|\u2606dewfew|i maintain that\n|c|\u2606Oculars\u2655|everyone ran spdef fini\n|c|\u2606dewfew|if I didn\u2019t mess up banette\n|c|\u2606Oculars\u2655|at that point\n|l| Nish the Great\n|c|\u2606dewfew|bundle could\u2019ve done stuff\n|\n|t:|1698559746\n|move|p2a: Palafin|Close Combat|p1a: Volcarona\n|-resisted|p1a: Volcarona\n|-damage|p1a: Volcarona|80\/100\n|-unboost|p2a: Palafin|def|1\n|-unboost|p2a: Palafin|spd|1\n|move|p1a: Volcarona|Psychic|p2a: Palafin\n|-damage|p2a: Palafin|0 fnt\n|faint|p2a: Palafin\n|\n|win|Oculars\u2655\n|l|\u2606Oculars\u2655\n|l| The power of ROCK\n|c|\u2606dewfew|or bulk up palafin\n|c|\u2606dewfew|ass set\n|l|\u2606dewfew\n","uploadtime":1698559769,"views":9,"p1id":"oculars","p2id":"dewfew","formatid":"gen9nationaldexubers","rating":0,"private":0,"password":""}