{"id":"gen9nationaldexubers-1988656390","p1":"lonelymicahroni","p2":"basilcheer","format":"[Gen 9] National Dex Ubers","log":"|j|\u2606lonelymicahroni\n|j|\u2606basilcheer\n|t:|1699746950\n|gametype|singles\n|player|p1|lonelymicahroni|acetrainer-gen4dp|\n|player|p2|basilcheer|marnie|\n|teamsize|p1|6\n|teamsize|p2|6\n|gen|9\n|tier|[Gen 9] National Dex Ubers\n|rule|HP Percentage Mod: HP is shown in percentages\n|rule|Endless Battle Clause: Forcing endless battles is banned\n|rule|OHKO Clause: OHKO moves are banned\n|rule|Evasion Moves Clause: Evasion moves are banned\n|rule|Evasion Items Clause: Evasion items are banned\n|rule|Species Clause: Limit one of each Pok\u00e9mon\n|rule|Sleep Clause Mod: Limit one foe put to sleep\n|rule|Mega Rayquaza Clause: You cannot mega evolve Rayquaza\n|clearpoke\n|poke|p1|Clefable, F|\n|poke|p1|Cinderace, M|\n|poke|p1|Cresselia, F|\n|poke|p1|Scizor, F|\n|poke|p1|Toxtricity, F|\n|poke|p1|Ditto|\n|poke|p2|Azelf|\n|poke|p2|Haxorus, F|\n|poke|p2|Klinklang|\n|poke|p2|Victini|\n|poke|p2|Mawile, M|\n|poke|p2|Tapu Koko|\n|teampreview\n|\n|t:|1699746986\n|start\n|switch|p1a: Jack|Clefable, F|100\/100\n|switch|p2a: Azelf|Azelf|100\/100\n|turn|1\n|\n|t:|1699747016\n|move|p2a: Azelf|Taunt|p1a: Jack\n|-start|p1a: Jack|move: Taunt\n|cant|p1a: Jack|move: Taunt|Calm Mind\n|\n|upkeep\n|turn|2\n|j| palestjade\n|\n|t:|1699747043\n|move|p2a: Azelf|Stealth Rock|p1a: Jack\n|-sidestart|p1: lonelymicahroni|move: Stealth Rock\n|move|p1a: Jack|Moonblast|p2a: Azelf\n|-damage|p2a: Azelf|38\/100\n|\n|upkeep\n|turn|3\n|\n|t:|1699747058\n|move|p2a: Azelf|Explosion|p1a: Jack\n|-damage|p1a: Jack|4\/100\n|faint|p2a: Azelf\n|move|p1a: Jack|Moonblast|p2: Azelf|[notarget]\n|-fail|p1a: Jack\n|\n|-end|p1a: Jack|move: Taunt\n|upkeep\n|\n|t:|1699747072\n|switch|p2a: Tapu Koko|Tapu Koko, shiny|100\/100\n|-fieldstart|move: Electric Terrain|[from] ability: Electric Surge|[of] p2a: Tapu Koko\n|turn|4\n|\n|t:|1699747081\n|move|p2a: Tapu Koko|Dazzling Gleam|p1a: Jack\n|-damage|p1a: Jack|0 fnt\n|faint|p1a: Jack\n|\n|upkeep\n|\n|t:|1699747129\n|switch|p1a: Toink|Toxtricity, F|100\/100\n|-damage|p1a: Toink|88\/100|[from] Stealth Rock\n|turn|5\n|\n|t:|1699747151\n|move|p2a: Tapu Koko|U-turn|p1a: Toink\n|-resisted|p1a: Toink\n|-damage|p1a: Toink|74\/100\n|\n|t:|1699747154\n|switch|p2a: Klinklang|Klinklang|100\/100|[from] U-turn\n|move|p1a: Toink|Shift Gear|p1a: Toink\n|-boost|p1a: Toink|spe|2\n|-boost|p1a: Toink|atk|1\n|\n|upkeep\n|turn|6\n|l| palestjade\n|\n|t:|1699747183\n|move|p1a: Toink|Overdrive|p2a: Klinklang\n|-damage|p2a: Klinklang|0 fnt\n|faint|p2a: Klinklang\n|-enditem|p1a: Toink|Throat Spray\n|-boost|p1a: Toink|spa|1|[from] item: Throat Spray\n|\n|upkeep\n|j| palestjade\n|\n|t:|1699747201\n|switch|p2a: Haxorus|Haxorus, F|100\/100\n|-ability|p2a: Haxorus|Mold Breaker\n|turn|7\n|\n|t:|1699747229\n|move|p1a: Toink|Boomburst|p2a: Haxorus\n|-damage|p2a: Haxorus|0 fnt\n|faint|p2a: Haxorus\n|\n|upkeep\n|\n|t:|1699747242\n|switch|p2a: Mawile|Mawile, M, shiny|100\/100\n|-ability|p2a: Mawile|Intimidate|boost\n|-unboost|p1a: Toink|atk|1\n|turn|8\n|j| The_Opposum\n|\n|t:|1699747282\n|detailschange|p2a: Mawile|Mawile-Mega, M, shiny\n|-mega|p2a: Mawile|Mawile|Mawilite\n|move|p2a: Mawile|Sucker Punch|p1a: Toink\n|-damage|p1a: Toink|0 fnt\n|faint|p1a: Toink\n|\n|-fieldend|move: Electric Terrain\n|upkeep\n|\n|t:|1699747301\n|switch|p1a: Ace|Cinderace, M|100\/100\n|-damage|p1a: Ace|76\/100|[from] Stealth Rock\n|turn|9\n|\n|t:|1699747331\n|move|p2a: Mawile|Sucker Punch|p1a: Ace\n|-damage|p1a: Ace|13\/100\n|move|p1a: Ace|Pyro Ball|p2a: Mawile\n|-supereffective|p2a: Mawile\n|-damage|p2a: Mawile|0 fnt\n|faint|p2a: Mawile\n|\n|upkeep\n|\n|t:|1699747337\n|switch|p2a: Tapu Koko|Tapu Koko, shiny|100\/100\n|-fieldstart|move: Electric Terrain|[from] ability: Electric Surge|[of] p2a: Tapu Koko\n|turn|10\n|\n|t:|1699747489\n|move|p2a: Tapu Koko|Thunderbolt|p1a: Ace\n|-damage|p1a: Ace|0 fnt\n|faint|p1a: Ace\n|\n|upkeep\n|inactive|Battle timer is ON: inactive players will automatically lose when time's up. (requested by basilcheer)\n|\n|t:|1699747495\n|switch|p1a: Pierce|Scizor, F|100\/100\n|-damage|p1a: Pierce|88\/100|[from] Stealth Rock\n|turn|11\n|\n|t:|1699747514\n|detailschange|p1a: Pierce|Scizor-Mega, F\n|-mega|p1a: Pierce|Scizor|Scizorite\n|move|p2a: Tapu Koko|Thunderbolt|p1a: Pierce\n|-damage|p1a: Pierce|44\/100\n|move|p1a: Pierce|Swords Dance|p1a: Pierce\n|-boost|p1a: Pierce|atk|2\n|\n|upkeep\n|turn|12\n|\n|t:|1699747536\n|move|p1a: Pierce|Bullet Punch|p2a: Tapu Koko\n|-damage|p2a: Tapu Koko|0 fnt\n|faint|p2a: Tapu Koko\n|\n|upkeep\n|\n|t:|1699747541\n|switch|p2a: Victini|Victini|100\/100\n|turn|13\n|inactive|lonelymicahroni has 270 seconds left.\n|\n|t:|1699747570\n|move|p2a: Victini|Bolt Strike|p1a: Pierce\n|-damage|p1a: Pierce|8\/100\n|move|p1a: Pierce|Roost|p1a: Pierce\n|-heal|p1a: Pierce|59\/100\n|-singleturn|p1a: Pierce|move: Roost\n|\n|upkeep\n|turn|14\n|inactive|lonelymicahroni has 270 seconds left.\n|\n|t:|1699747587\n|-terastallize|p2a: Victini|Fire\n|move|p2a: Victini|V-create|p1a: Pierce\n|-supereffective|p1a: Pierce\n|-damage|p1a: Pierce|0 fnt\n|-unboost|p2a: Victini|spe|1\n|-unboost|p2a: Victini|def|1\n|-unboost|p2a: Victini|spd|1\n|faint|p1a: Pierce\n|\n|-fieldend|move: Electric Terrain\n|upkeep\n|\n|t:|1699747596\n|switch|p1a: Stown|Ditto|100\/100\n|-damage|p1a: Stown|88\/100|[from] Stealth Rock\n|-transform|p1a: Stown|p2a: Victini|[from] ability: Imposter\n|-start|p1a: Stown|typechange|Psychic\/Fire|[silent]\n|turn|15\n|l| palestjade\n|inactive|lonelymicahroni has 240 seconds left.\n|\n|t:|1699747628\n|move|p1a: Stown|Bolt Strike|p2a: Victini\n|-damage|p2a: Victini|39\/100\n|move|p2a: Victini|Bolt Strike|p1a: Stown\n|-damage|p1a: Stown|21\/100\n|\n|upkeep\n|turn|16\n|\n|t:|1699747642\n|move|p1a: Stown|Bolt Strike|p2a: Victini\n|-damage|p2a: Victini|0 fnt\n|faint|p2a: Victini\n|\n|win|lonelymicahroni\n|l|\u2606basilcheer\n","uploadtime":1699747670,"views":6,"p1id":"lonelymicahroni","p2id":"basilcheer","formatid":"gen9nationaldexubers","rating":0,"private":0,"password":""}