{"id":"gen9nationaldexubers-1995578554","p1":"Djdjfkfn","p2":"LemonLime78","format":"[Gen 9] National Dex Ubers","log":"|j|\u2606Djdjfkfn\n|j|\u2606LemonLime78\n|t:|1700584507\n|gametype|singles\n|player|p1|Djdjfkfn|102|\n|player|p2|LemonLime78|ghetsis|\n|teamsize|p1|6\n|teamsize|p2|6\n|gen|9\n|tier|[Gen 9] National Dex Ubers\n|rule|HP Percentage Mod: HP is shown in percentages\n|rule|Endless Battle Clause: Forcing endless battles is banned\n|rule|OHKO Clause: OHKO moves are banned\n|rule|Evasion Moves Clause: Evasion moves are banned\n|rule|Evasion Items Clause: Evasion items are banned\n|rule|Species Clause: Limit one of each Pok\u00e9mon\n|rule|Sleep Clause Mod: Limit one foe put to sleep\n|rule|Mega Rayquaza Clause: You cannot mega evolve Rayquaza\n|clearpoke\n|poke|p1|Necrozma-Dawn-Wings|\n|poke|p1|Marshadow|\n|poke|p1|Toucannon, F|\n|poke|p1|Turtonator, F|\n|poke|p1|Golem-Alola, F|\n|poke|p1|Toxapex, M|\n|poke|p2|Melmetal|\n|poke|p2|Kingambit, M|\n|poke|p2|Mewtwo|\n|poke|p2|Palafin, F|\n|poke|p2|Shuckle, F|\n|poke|p2|Iron Valiant|\n|teampreview\n|inactive|Battle timer is ON: inactive players will automatically lose when time's up. (requested by LemonLime78)\n|\n|t:|1700584530\n|start\n|switch|p1a: Toxapex|Toxapex, M|100\/100\n|switch|p2a: Shuckle|Shuckle, F|100\/100\n|turn|1\n|\n|t:|1700584539\n|move|p1a: Toxapex|Toxic|p2a: Shuckle\n|-status|p2a: Shuckle|tox\n|move|p2a: Shuckle|Sticky Web|p1a: Toxapex\n|-sidestart|p1: Djdjfkfn|move: Sticky Web\n|\n|-damage|p2a: Shuckle|94\/100 tox|[from] psn\n|upkeep\n|turn|2\n|\n|t:|1700584547\n|move|p1a: Toxapex|Liquidation|p2a: Shuckle\n|-supereffective|p2a: Shuckle\n|-crit|p2a: Shuckle\n|-damage|p2a: Shuckle|55\/100 tox\n|move|p2a: Shuckle|Stealth Rock|p1a: Toxapex\n|-sidestart|p1: Djdjfkfn|move: Stealth Rock\n|\n|-damage|p2a: Shuckle|42\/100 tox|[from] psn\n|upkeep\n|turn|3\n|\n|t:|1700584556\n|move|p1a: Toxapex|Knock Off|p2a: Shuckle\n|-crit|p2a: Shuckle\n|-damage|p2a: Shuckle|26\/100 tox\n|-enditem|p2a: Shuckle|Aguav Berry|[from] move: Knock Off|[of] p1a: Toxapex\n|move|p2a: Shuckle|Final Gambit|p1a: Toxapex\n|-damage|p1a: Toxapex|80\/100\n|faint|p2a: Shuckle\n|\n|-heal|p1a: Toxapex|86\/100|[from] item: Black Sludge\n|upkeep\n|\n|t:|1700584565\n|switch|p2a: Palafin|Palafin, F|100\/100\n|turn|4\n|\n|t:|1700584570\n|detailschange|p2a: Palafin|Palafin-Hero, F\n|switch|p2a: Melmetal|Melmetal, shiny|100\/100\n|move|p1a: Toxapex|Toxic|p2a: Melmetal\n|-immune|p2a: Melmetal\n|\n|-heal|p1a: Toxapex|92\/100|[from] item: Black Sludge\n|upkeep\n|turn|5\n|\n|t:|1700584578\n|move|p1a: Toxapex|Knock Off|p2a: Melmetal\n|-damage|p2a: Melmetal|93\/100\n|-enditem|p2a: Melmetal|Assault Vest|[from] move: Knock Off|[of] p1a: Toxapex\n|move|p2a: Melmetal|Earthquake|p1a: Toxapex\n|-supereffective|p1a: Toxapex\n|-damage|p1a: Toxapex|47\/100\n|\n|-heal|p1a: Toxapex|53\/100|[from] item: Black Sludge\n|upkeep\n|turn|6\n|\n|t:|1700584591\n|switch|p1a: Toucannon|Toucannon, F|100\/100\n|-damage|p1a: Toucannon|76\/100|[from] Stealth Rock\n|move|p2a: Melmetal|Thunder Punch|p1a: Toucannon\n|-supereffective|p1a: Toucannon\n|-damage|p1a: Toucannon|0 fnt\n|faint|p1a: Toucannon\n|\n|upkeep\n|\n|t:|1700584603\n|switch|p1a: Marshadow|Marshadow|100\/100\n|-activate|p1a: Marshadow|move: Sticky Web\n|-unboost|p1a: Marshadow|spe|1\n|-damage|p1a: Marshadow|94\/100|[from] Stealth Rock\n|turn|7\n|\n|t:|1700584613\n|move|p1a: Marshadow|Bulk Up|p1a: Marshadow\n|-boost|p1a: Marshadow|atk|1\n|-boost|p1a: Marshadow|def|1\n|move|p2a: Melmetal|Double Iron Bash|p1a: Marshadow\n|-damage|p1a: Marshadow|53\/100\n|-damage|p1a: Marshadow|14\/100\n|-hitcount|p1a: Marshadow|2\n|\n|upkeep\n|turn|8\n|\n|t:|1700584622\n|move|p1a: Marshadow|Drain Punch|p2a: Melmetal\n|-supereffective|p2a: Melmetal\n|-damage|p2a: Melmetal|30\/100\n|-heal|p1a: Marshadow|60\/100|[from] drain|[of] p2a: Melmetal\n|move|p2a: Melmetal|Double Iron Bash|p1a: Marshadow\n|-damage|p1a: Marshadow|23\/100\n|-damage|p1a: Marshadow|0 fnt\n|faint|p1a: Marshadow\n|-hitcount|p1: Marshadow|2\n|\n|upkeep\n|\n|t:|1700584634\n|switch|p1a: Turtonator|Turtonator, F|100\/100\n|-activate|p1a: Turtonator|move: Sticky Web\n|-unboost|p1a: Turtonator|spe|1\n|-damage|p1a: Turtonator|76\/100|[from] Stealth Rock\n|-enditem|p1a: Turtonator|White Herb\n|-clearnegativeboost|p1a: Turtonator|[silent]\n|turn|9\n|\n|t:|1700584643\n|move|p1a: Turtonator|Flame Charge|p2a: Melmetal\n|-supereffective|p2a: Melmetal\n|-damage|p2a: Melmetal|14\/100\n|-boost|p1a: Turtonator|spe|1\n|move|p2a: Melmetal|Earthquake|p1a: Turtonator\n|-supereffective|p1a: Turtonator\n|-damage|p1a: Turtonator|0 fnt\n|faint|p1a: Turtonator\n|\n|upkeep\n|\n|t:|1700584654\n|switch|p1a: Golem|Golem-Alola, F|100\/100\n|-activate|p1a: Golem|move: Sticky Web\n|-unboost|p1a: Golem|spe|1\n|-damage|p1a: Golem|88\/100|[from] Stealth Rock\n|turn|10\n|\n|t:|1700584662\n|move|p2a: Melmetal|Earthquake|p1a: Golem\n|-supereffective|p1a: Golem\n|-damage|p1a: Golem|0 fnt\n|faint|p1a: Golem\n|\n|upkeep\n|\n|t:|1700584668\n|switch|p1a: Necrozma|Necrozma-Dawn-Wings|100\/100\n|-activate|p1a: Necrozma|move: Sticky Web\n|-unboost|p1a: Necrozma|spe|1\n|-damage|p1a: Necrozma|88\/100|[from] Stealth Rock\n|turn|11\n|\n|t:|1700584674\n|detailschange|p1a: Necrozma|Necrozma-Ultra\n|-burst|p1a: Necrozma|Necrozma|Ultranecrozium Z\n|move|p1a: Necrozma|Dragon Dance|p1a: Necrozma\n|-boost|p1a: Necrozma|atk|1\n|-boost|p1a: Necrozma|spe|1\n|move|p2a: Melmetal|Double Iron Bash|p1a: Necrozma\n|-damage|p1a: Necrozma|38\/100\n|-damage|p1a: Necrozma|0 fnt\n|faint|p1a: Necrozma\n|-hitcount|p1: Necrozma|2\n|\n|upkeep\n|\n|t:|1700584686\n|switch|p1a: Toxapex|Toxapex, M|53\/100\n|-activate|p1a: Toxapex|move: Sticky Web\n|-unboost|p1a: Toxapex|spe|1\n|-damage|p1a: Toxapex|41\/100|[from] Stealth Rock\n|turn|12\n|\n|t:|1700584693\n|move|p2a: Melmetal|Earthquake|p1a: Toxapex\n|-supereffective|p1a: Toxapex\n|-damage|p1a: Toxapex|0 fnt\n|faint|p1a: Toxapex\n|\n|win|LemonLime78\n|l|\u2606LemonLime78\n|l|\u2606Djdjfkfn\n|j|\u2606LemonLime78\n|player|p2|LemonLime78|ghetsis\n","uploadtime":1700584757,"views":11,"p1id":"djdjfkfn","p2id":"lemonlime78","formatid":"gen9nationaldexubers","rating":0,"private":0,"password":""}