{"id":"gen9nationaldexubers-1981322685","p1":"kaden12","p2":"Steve Reverso","format":"[Gen 9] National Dex Ubers","log":"|j|\u2606kaden12\n|j|\u2606Steve Reverso\n|t:|1698883535\n|gametype|singles\n|player|p1|kaden12|102|1000\n|player|p2|Steve Reverso|266|1094\n|teamsize|p1|6\n|teamsize|p2|6\n|gen|9\n|tier|[Gen 9] National Dex Ubers\n|rated|\n|rule|HP Percentage Mod: HP is shown in percentages\n|rule|Endless Battle Clause: Forcing endless battles is banned\n|rule|OHKO Clause: OHKO moves are banned\n|rule|Evasion Moves Clause: Evasion moves are banned\n|rule|Evasion Items Clause: Evasion items are banned\n|rule|Species Clause: Limit one of each Pok\u00e9mon\n|rule|Sleep Clause Mod: Limit one foe put to sleep\n|rule|Mega Rayquaza Clause: You cannot mega evolve Rayquaza\n|clearpoke\n|poke|p1|Deoxys-Attack|\n|poke|p1|Kyogre|\n|poke|p1|Arceus-Fairy|\n|poke|p1|Dialga-Origin|\n|poke|p1|Darkrai|\n|poke|p1|Pheromosa|\n|poke|p2|Meowscarada, F|\n|poke|p2|Lucario, M|\n|poke|p2|Dragapult, M|\n|poke|p2|Blastoise, M|\n|poke|p2|Smeargle, M|\n|poke|p2|Gengar, M|\n|teampreview\n|\n|t:|1698883553\n|start\n|switch|p1a: Pheromosa|Pheromosa|100\/100\n|switch|p2a: Smeargle|Smeargle, M|100\/100\n|turn|1\n|\n|t:|1698883564\n|move|p2a: Smeargle|Obstruct|p2a: Smeargle\n|-singleturn|p2a: Smeargle|Protect\n|move|p1a: Pheromosa|High Jump Kick|p2a: Smeargle\n|-activate|p2a: Smeargle|move: Protect\n|-unboost|p1a: Pheromosa|def|2\n|-damage|p1a: Pheromosa|51\/100|[from] highjumpkick\n|\n|-ability|p2a: Smeargle|Moody|boost\n|-boost|p2a: Smeargle|spd|2\n|-unboost|p2a: Smeargle|spe|1\n|upkeep\n|turn|2\n|\n|t:|1698883578\n|switch|p1a: Kyogre|Kyogre|100\/100\n|detailschange|p1a: Kyogre|Kyogre-Primal\n|-primal|p1a: Kyogre|Blue Orb\n|-weather|PrimordialSea|[from] ability: Primordial Sea|[of] p1a: Kyogre\n|move|p2a: Smeargle|Spore|p1a: Kyogre\n|-status|p1a: Kyogre|slp|[from] move: Spore\n|\n|-weather|PrimordialSea|[upkeep]\n|-ability|p2a: Smeargle|Moody|boost\n|-boost|p2a: Smeargle|atk|2\n|-unboost|p2a: Smeargle|spa|1\n|upkeep\n|turn|3\n|\n|t:|1698883593\n|switch|p2a: Meowscarada|Meowscarada, F|100\/100\n|cant|p1a: Kyogre|slp\n|\n|-weather|PrimordialSea|[upkeep]\n|upkeep\n|turn|4\n|\n|t:|1698883616\n|-weather|none\n|switch|p1a: Arceus|Arceus-Fairy|100\/100\n|move|p2a: Meowscarada|Low Kick|p1a: Arceus\n|-start|p2a: Meowscarada|typechange|Fighting|[from] ability: Protean\n|-resisted|p1a: Arceus\n|-damage|p1a: Arceus|77\/100\n|\n|upkeep\n|turn|5\n|\n|t:|1698883628\n|-terastallize|p2a: Meowscarada|Grass\n|move|p1a: Arceus|Dazzling Gleam|p2a: Meowscarada\n|-damage|p2a: Meowscarada|31\/100\n|move|p2a: Meowscarada|Flower Trick|p1a: Arceus\n|-crit|p1a: Arceus\n|-damage|p1a: Arceus|34\/100\n|\n|upkeep\n|turn|6\n|\n|t:|1698883638\n|move|p1a: Arceus|Extreme Speed|p2a: Meowscarada\n|-damage|p2a: Meowscarada|0 fnt\n|faint|p2a: Meowscarada\n|\n|upkeep\n|\n|t:|1698883643\n|switch|p2a: Lucario|Lucario, M|100\/100\n|turn|7\n|\n|t:|1698883661\n|switch|p1a: Dialga|Dialga-Origin|100\/100\n|-ability|p1a: Dialga|Pressure\n|detailschange|p2a: Lucario|Lucario-Mega, M\n|-mega|p2a: Lucario|Lucario|Lucarionite\n|move|p2a: Lucario|Bullet Punch|p1a: Dialga\n|-resisted|p1a: Dialga\n|-damage|p1a: Dialga|89\/100\n|\n|upkeep\n|turn|8\n|\n|t:|1698883672\n|move|p2a: Lucario|Aura Sphere|p1a: Dialga\n|-supereffective|p1a: Dialga\n|-damage|p1a: Dialga|8\/100\n|move|p1a: Dialga|Flamethrower|p2a: Lucario\n|-supereffective|p2a: Lucario\n|-damage|p2a: Lucario|0 fnt\n|faint|p2a: Lucario\n|\n|upkeep\n|\n|t:|1698883680\n|switch|p2a: Dragapult|Dragapult, M|100\/100\n|turn|9\n|\n|t:|1698883685\n|move|p2a: Dragapult|Sucker Punch|p1a: Dialga\n|-damage|p1a: Dialga|0 fnt\n|faint|p1a: Dialga\n|\n|upkeep\n|\n|t:|1698883704\n|switch|p1a: Arceus|Arceus-Fairy|34\/100\n|turn|10\n|\n|t:|1698883717\n|move|p2a: Dragapult|Dragon Dance|p2a: Dragapult\n|-boost|p2a: Dragapult|atk|1\n|-boost|p2a: Dragapult|spe|1\n|move|p1a: Arceus|Draco Meteor|p2a: Dragapult\n|-supereffective|p2a: Dragapult\n|-enditem|p2a: Dragapult|Focus Sash\n|-damage|p2a: Dragapult|1\/100\n|-unboost|p1a: Arceus|spa|2\n|\n|upkeep\n|turn|11\n|\n|t:|1698883728\n|move|p1a: Arceus|Extreme Speed|p2a: Dragapult\n|-immune|p2a: Dragapult\n|move|p2a: Dragapult|Phantom Force||[still]\n|-prepare|p2a: Dragapult|Phantom Force\n|\n|upkeep\n|turn|12\n|\n|t:|1698883738\n|switch|p1a: Kyogre|Kyogre-Primal|100\/100 slp\n|-weather|PrimordialSea|[from] ability: Primordial Sea|[of] p1a: Kyogre\n|move|p2a: Dragapult|Phantom Force|p1a: Kyogre|[from]lockedmove\n|-damage|p1a: Kyogre|18\/100 slp\n|\n|-weather|PrimordialSea|[upkeep]\n|upkeep\n|turn|13\n|\n|t:|1698883747\n|move|p2a: Dragapult|Dragon Darts|p1a: Kyogre\n|-damage|p1a: Kyogre|0 fnt\n|faint|p1a: Kyogre\n|-weather|none\n|\n|upkeep\n|\n|t:|1698883756\n|switch|p1a: Arceus|Arceus-Fairy|34\/100\n|turn|14\n|\n|t:|1698883761\n|move|p2a: Dragapult|Phantom Force||[still]\n|-prepare|p2a: Dragapult|Phantom Force\n|move|p1a: Arceus|Draco Meteor|p2a: Dragapult|[miss]\n|-miss|p1a: Arceus|p2a: Dragapult\n|\n|upkeep\n|turn|15\n|\n|t:|1698883768\n|move|p2a: Dragapult|Phantom Force|p1a: Arceus|[from]lockedmove\n|-damage|p1a: Arceus|0 fnt\n|faint|p1a: Arceus\n|\n|upkeep\n|inactive|Battle timer is ON: inactive players will automatically lose when time's up. (requested by Steve Reverso)\n|inactive|kaden12 has 120 seconds left.\n|inactive|kaden12 has 90 seconds left.\n|inactive|kaden12 has 60 seconds left.\n|inactive|kaden12 has 30 seconds left.\n|inactive|kaden12 has 20 seconds left.\n|inactive|kaden12 has 15 seconds left.\n|inactive|kaden12 has 10 seconds left.\n|inactive|kaden12 has 5 seconds left.\n|-message|kaden12 lost due to inactivity.\n|\n|win|Steve Reverso\n|raw|kaden12's rating: 1000 &rarr; <strong>1000<\/strong><br \/>(+0 for losing)\n|raw|Steve Reverso's rating: 1094 &rarr; <strong>1113<\/strong><br \/>(+19 for winning)\n|l|\u2606kaden12\n","uploadtime":1698884090,"views":8,"p1id":"kaden12","p2id":"stevereverso","formatid":"gen9nationaldexubers","rating":1000,"private":0,"password":""}