{"id":"gen9nationaldexubers-1979508424","p1":"frostcrush","p2":"skintty","format":"[Gen 9] National Dex Ubers","log":"|j|\u2606frostcrush\n|j|\u2606skintty\n|t:|1698688218\n|gametype|singles\n|player|p1|frostcrush|170|1522\n|player|p2|skintty|caitlin|1440\n|teamsize|p1|6\n|teamsize|p2|6\n|gen|9\n|tier|[Gen 9] National Dex Ubers\n|rated|\n|rule|HP Percentage Mod: HP is shown in percentages\n|rule|Endless Battle Clause: Forcing endless battles is banned\n|rule|OHKO Clause: OHKO moves are banned\n|rule|Evasion Moves Clause: Evasion moves are banned\n|rule|Evasion Items Clause: Evasion items are banned\n|rule|Species Clause: Limit one of each Pok\u00e9mon\n|rule|Sleep Clause Mod: Limit one foe put to sleep\n|rule|Mega Rayquaza Clause: You cannot mega evolve Rayquaza\n|clearpoke\n|poke|p1|Ho-Oh|\n|poke|p1|Dialga-Origin|\n|poke|p1|Ditto|\n|poke|p1|Arceus-Water|\n|poke|p1|Great Tusk|\n|poke|p1|Mewtwo|\n|poke|p2|Kyogre|\n|poke|p2|Marshadow|\n|poke|p2|Zacian-*|\n|poke|p2|Arceus-Fairy|\n|poke|p2|Necrozma-Dusk-Mane|\n|poke|p2|Eternatus|\n|teampreview\n|inactive|Battle timer is ON: inactive players will automatically lose when time's up. (requested by skintty)\n|\n|t:|1698688239\n|start\n|switch|p1a: Ho-Oh|Ho-Oh|100\/100\n|switch|p2a: Arceus|Arceus-Fairy|100\/100\n|turn|1\n|\n|t:|1698688249\n|move|p2a: Arceus|Stealth Rock|p1a: Ho-Oh\n|-sidestart|p1: frostcrush|move: Stealth Rock\n|move|p1a: Ho-Oh|Sacred Fire|p2a: Arceus\n|-damage|p2a: Arceus|61\/100\n|-status|p2a: Arceus|brn\n|\n|-damage|p2a: Arceus|55\/100 brn|[from] brn\n|upkeep\n|turn|2\n|j| Incredible Gassy\n|\n|t:|1698688269\n|move|p2a: Arceus|Taunt|p1a: Ho-Oh\n|-start|p1a: Ho-Oh|move: Taunt\n|cant|p1a: Ho-Oh|move: Taunt|Defog\n|\n|-damage|p2a: Arceus|48\/100 brn|[from] brn\n|upkeep\n|turn|3\n|\n|t:|1698688281\n|switch|p2a: Necrozma|Necrozma-Dusk-Mane|100\/100\n|move|p1a: Ho-Oh|Sacred Fire|p2a: Necrozma\n|-supereffective|p2a: Necrozma\n|-damage|p2a: Necrozma|43\/100\n|\n|-heal|p2a: Necrozma|49\/100|[from] item: Leftovers\n|upkeep\n|turn|4\n|inactive|frostcrush has 120 seconds left.\n|\n|t:|1698688313\n|switch|p2a: Kyogre|Kyogre|100\/100\n|-weather|RainDance|[from] ability: Drizzle|[of] p2a: Kyogre\n|move|p1a: Ho-Oh|Sacred Fire|p2a: Kyogre\n|-resisted|p2a: Kyogre\n|-damage|p2a: Kyogre|84\/100\n|\n|-weather|RainDance|[upkeep]\n|-end|p1a: Ho-Oh|move: Taunt\n|upkeep\n|turn|5\n|\n|t:|1698688320\n|switch|p1a: Arceus|Arceus-Water|100\/100\n|-damage|p1a: Arceus|88\/100|[from] Stealth Rock\n|move|p2a: Kyogre|Water Spout|p1a: Arceus\n|-resisted|p1a: Arceus\n|-damage|p1a: Arceus|52\/100\n|\n|-weather|RainDance|[upkeep]\n|upkeep\n|turn|6\n|inactive|frostcrush has 120 seconds left.\n|\n|t:|1698688345\n|switch|p2a: Eternatus|Eternatus|100\/100\n|-ability|p2a: Eternatus|Pressure\n|-terastallize|p1a: Arceus|Grass\n|move|p1a: Arceus|Recover|p1a: Arceus\n|-heal|p1a: Arceus|100\/100\n|\n|-weather|RainDance|[upkeep]\n|upkeep\n|turn|7\n|\n|t:|1698688357\n|switch|p1a: Great Tusk|Great Tusk|100\/100\n|-damage|p1a: Great Tusk|98\/100|[from] Stealth Rock\n|-zpower|p2a: Eternatus\n|move|p2a: Eternatus|Inferno Overdrive|p1a: Great Tusk|[zeffect]\n|-damage|p1a: Great Tusk|67\/100\n|\n|-weather|RainDance|[upkeep]\n|upkeep\n|turn|8\n|\n|t:|1698688372\n|switch|p2a: Zacian|Zacian-Crowned|100\/100\n|-ability|p2a: Zacian|Intrepid Sword|boost\n|-boost|p2a: Zacian|atk|1\n|move|p1a: Great Tusk|Rapid Spin|p2a: Zacian\n|-resisted|p2a: Zacian\n|-damage|p2a: Zacian|93\/100\n|-boost|p1a: Great Tusk|spe|1\n|-sideend|p1: frostcrush|Stealth Rock|[from] move: Rapid Spin|[of] p1a: Great Tusk\n|\n|-weather|none\n|upkeep\n|turn|9\n|\n|t:|1698688378\n|move|p1a: Great Tusk|Earthquake|p2a: Zacian\n|-supereffective|p2a: Zacian\n|-damage|p2a: Zacian|0 fnt\n|faint|p2a: Zacian\n|\n|upkeep\n|-message|skintty forfeited.\n|\n|win|frostcrush\n|raw|frostcrush's rating: 1522 &rarr; <strong>1537<\/strong><br \/>(+15 for winning)\n|raw|skintty's rating: 1440 &rarr; <strong>1425<\/strong><br \/>(-15 for losing)\n|l|\u2606skintty\n","uploadtime":1698688399,"views":20,"p1id":"frostcrush","p2id":"skintty","formatid":"gen9nationaldexubers","rating":1425,"private":0,"password":""}