{"id":"gen9nationaldexubers-1986497028","p1":"BloodPlum","p2":"Jack0lantern89","format":"[Gen 9] National Dex Ubers","log":"|j|\u2606BloodPlum\n|j|\u2606Jack0lantern89\n|t:|1699485046\n|gametype|singles\n|player|p1|BloodPlum|parasollady|\n|player|p2|Jack0lantern89|brawly|\n|teamsize|p1|6\n|teamsize|p2|6\n|gen|9\n|tier|[Gen 9] National Dex Ubers\n|rule|HP Percentage Mod: HP is shown in percentages\n|rule|Endless Battle Clause: Forcing endless battles is banned\n|rule|OHKO Clause: OHKO moves are banned\n|rule|Evasion Moves Clause: Evasion moves are banned\n|rule|Evasion Items Clause: Evasion items are banned\n|rule|Species Clause: Limit one of each Pok\u00e9mon\n|rule|Sleep Clause Mod: Limit one foe put to sleep\n|rule|Mega Rayquaza Clause: You cannot mega evolve Rayquaza\n|clearpoke\n|poke|p1|Lopunny, M|\n|poke|p1|Azumarill, F|\n|poke|p1|Cinderace, F|\n|poke|p1|Ninetales-Alola, M|\n|poke|p1|Zoroark-Hisui, F|\n|poke|p1|Espeon, M|\n|poke|p2|Iron Valiant|\n|poke|p2|Iron Hands|\n|poke|p2|Great Tusk|\n|poke|p2|Gallade, M|\n|poke|p2|Cobalion|\n|poke|p2|Urshifu-*, M|\n|teampreview\n|inactive|Battle timer is ON: inactive players will automatically lose when time's up. (requested by Jack0lantern89)\n|c|\u2606Jack0lantern89|gl\n|c|\u2606Jack0lantern89|oh\n|c|\u2606Jack0lantern89|i get 6-0d\n|\n|t:|1699485066\n|start\n|switch|p1a: Ninetales|Ninetales-Alola, M|100\/100\n|switch|p2a: SPECS B*TCH|Iron Valiant|100\/100\n|-weather|Snow|[from] ability: Snow Warning|[of] p1a: Ninetales\n|turn|1\n|\n|t:|1699485075\n|-terastallize|p2a: SPECS B*TCH|Fairy\n|move|p2a: SPECS B*TCH|Moonblast|p1a: Ninetales\n|-damage|p1a: Ninetales|0 fnt\n|faint|p1a: Ninetales\n|\n|-weather|Snow|[upkeep]\n|upkeep\n|\n|t:|1699485085\n|switch|p1a: Azumarill|Azumarill, F|100\/100\n|turn|2\n|\n|t:|1699485090\n|move|p2a: SPECS B*TCH|Moonblast|p1a: Azumarill\n|-damage|p1a: Azumarill|0 fnt\n|replace|p1a: Zoroark|Zoroark-Hisui, F\n|-end|p1a: Zoroark|Illusion\n|faint|p1a: Zoroark\n|\n|-weather|Snow|[upkeep]\n|upkeep\n|c|\u2606Jack0lantern89|bonk\n|\n|t:|1699485102\n|switch|p1a: Azumarill|Azumarill, F|100\/100\n|turn|3\n|\n|t:|1699485121\n|move|p1a: Azumarill|Aqua Jet|p2a: SPECS B*TCH\n|-crit|p2a: SPECS B*TCH\n|-damage|p2a: SPECS B*TCH|47\/100\n|move|p2a: SPECS B*TCH|Moonblast|p1a: Azumarill\n|-damage|p1a: Azumarill|5\/100\n|\n|-weather|Snow|[upkeep]\n|upkeep\n|turn|4\n|\n|t:|1699485126\n|move|p1a: Azumarill|Aqua Jet|p2a: SPECS B*TCH\n|-damage|p2a: SPECS B*TCH|16\/100\n|move|p2a: SPECS B*TCH|Moonblast|p1a: Azumarill\n|-damage|p1a: Azumarill|0 fnt\n|faint|p1a: Azumarill\n|\n|-weather|Snow|[upkeep]\n|upkeep\n|\n|t:|1699485130\n|switch|p1a: Lopunny|Lopunny, M|100\/100\n|turn|5\n|\n|t:|1699485134\n|-end|p2a: SPECS B*TCH|Quark Drive|[silent]\n|switch|p2a: >lando|Great Tusk|100\/100\n|detailschange|p1a: Lopunny|Lopunny-Mega, M\n|-mega|p1a: Lopunny|Lopunny|Lopunnite\n|move|p1a: Lopunny|Fake Out|p2a: >lando\n|-damage|p2a: >lando|90\/100\n|\n|-weather|none\n|-heal|p2a: >lando|96\/100|[from] item: Leftovers\n|upkeep\n|turn|6\n|\n|t:|1699485145\n|move|p1a: Lopunny|Triple Axel|p2a: >lando\n|-supereffective|p2a: >lando\n|-damage|p2a: >lando|90\/100\n|-supereffective|p2a: >lando\n|-damage|p2a: >lando|74\/100\n|-supereffective|p2a: >lando\n|-damage|p2a: >lando|55\/100\n|-hitcount|p2a: >lando|3\n|move|p2a: >lando|Knock Off|p1a: Lopunny\n|-resisted|p1a: Lopunny\n|-damage|p1a: Lopunny|88\/100\n|\n|-heal|p2a: >lando|61\/100|[from] item: Leftovers\n|upkeep\n|turn|7\n|\n|t:|1699485153\n|-end|p2a: >lando|Protosynthesis|[silent]\n|switch|p2a: Urshifu|Urshifu-Rapid-Strike, M|100\/100\n|move|p1a: Lopunny|Triple Axel|p2a: Urshifu\n|-resisted|p2a: Urshifu\n|-damage|p2a: Urshifu|97\/100\n|-resisted|p2a: Urshifu\n|-damage|p2a: Urshifu|89\/100\n|-resisted|p2a: Urshifu\n|-damage|p2a: Urshifu|78\/100\n|-hitcount|p2a: Urshifu|3\n|\n|upkeep\n|turn|8\n|\n|t:|1699485164\n|move|p1a: Lopunny|Drain Punch|p2a: Urshifu\n|-damage|p2a: Urshifu|36\/100\n|-heal|p1a: Lopunny|100\/100|[from] drain|[of] p2a: Urshifu\n|move|p2a: Urshifu|Surging Strikes|p1a: Lopunny\n|-crit|p1a: Lopunny\n|-damage|p1a: Lopunny|62\/100\n|-crit|p1a: Lopunny\n|-damage|p1a: Lopunny|24\/100\n|-crit|p1a: Lopunny\n|-damage|p1a: Lopunny|0 fnt\n|faint|p1a: Lopunny\n|-hitcount|p1: Lopunny|3\n|\n|upkeep\n|\n|t:|1699485168\n|switch|p1a: Espeon|Espeon, M|100\/100\n|turn|9\n|\n|t:|1699485176\n|move|p1a: Espeon|Psychic|p2a: Urshifu\n|-supereffective|p2a: Urshifu\n|-damage|p2a: Urshifu|0 fnt\n|faint|p2a: Urshifu\n|\n|upkeep\n|l|\u2606Jack0lantern89\n|inactive|Jack0lantern89 disconnected and has 300 seconds to reconnect!\n|player|p2|\n|inactive|Jack0lantern89 has 270 seconds to reconnect!\n|inactive|Jack0lantern89 has 240 seconds to reconnect!\n|j|\u2606Jack0lantern89\n|inactive|Jack0lantern89 reconnected and has 285 seconds left.\n|player|p2|Jack0lantern89|brawly\n|c|\u2606BloodPlum|Connection problems?\n|inactive|Jack0lantern89 has 270 seconds left.\n|c|\u2606Jack0lantern89|yeah\n|c|\u2606Jack0lantern89|my wifi just died\n|\n|t:|1699485299\n|switch|p2a: Rifk's favourite|Gallade, M|100\/100\n|turn|10\n|\n|t:|1699485310\n|detailschange|p2a: Rifk's favourite|Gallade-Mega, M\n|-mega|p2a: Rifk's favourite|Gallade|Galladite\n|move|p2a: Rifk's favourite|Knock Off|p1a: Espeon\n|-supereffective|p1a: Espeon\n|-damage|p1a: Espeon|0 fnt\n|-enditem|p1a: Espeon|Leftovers|[from] move: Knock Off|[of] p2a: Rifk's favourite\n|faint|p1a: Espeon\n|\n|upkeep\n|\n|t:|1699485314\n|switch|p1a: Cinderace|Cinderace, F|100\/100\n|turn|11\n|\n|t:|1699485320\n|move|p1a: Cinderace|Pyro Ball|p2a: Rifk's favourite\n|-damage|p2a: Rifk's favourite|32\/100\n|move|p2a: Rifk's favourite|Close Combat|p1a: Cinderace\n|-damage|p1a: Cinderace|0 fnt\n|-unboost|p2a: Rifk's favourite|def|1\n|-unboost|p2a: Rifk's favourite|spd|1\n|faint|p1a: Cinderace\n|\n|win|Jack0lantern89\n|c|\u2606Jack0lantern89|gg\n","uploadtime":1699485343,"views":20,"p1id":"bloodplum","p2id":"jack0lantern89","formatid":"gen9nationaldexubers","rating":0,"private":0,"password":""}