{"id":"gen9nationaldexubers-1990254601","p1":"Ginesect","p2":"AlolanSandslashOU","format":"[Gen 9] National Dex Ubers","log":"|j|\u2606Ginesect\n|j|\u2606AlolanSandslashOU\n|t:|1699945388\n|gametype|singles\n|player|p1|Ginesect|cynthia|\n|player|p2|AlolanSandslashOU|volkner|\n|teamsize|p1|6\n|teamsize|p2|6\n|gen|9\n|tier|[Gen 9] National Dex Ubers\n|rule|HP Percentage Mod: HP is shown in percentages\n|rule|Endless Battle Clause: Forcing endless battles is banned\n|rule|OHKO Clause: OHKO moves are banned\n|rule|Evasion Moves Clause: Evasion moves are banned\n|rule|Evasion Items Clause: Evasion items are banned\n|rule|Species Clause: Limit one of each Pok\u00e9mon\n|rule|Sleep Clause Mod: Limit one foe put to sleep\n|rule|Mega Rayquaza Clause: You cannot mega evolve Rayquaza\n|clearpoke\n|poke|p1|Chien-Pao|\n|poke|p1|Mandibuzz, F|\n|poke|p1|Mawile, F|\n|poke|p1|Sableye, F|\n|poke|p1|Greninja-*, M|\n|poke|p1|Ting-Lu|\n|poke|p2|Arctozolt|\n|poke|p2|Ninetales-Alola, M|\n|poke|p2|Weavile, M|\n|poke|p2|Heatran, F|\n|poke|p2|Baxcalibur, F|\n|poke|p2|Sandslash-Alola, M|\n|teampreview\n|\n|t:|1699945413\n|start\n|switch|p1a: Ting-Lu|Ting-Lu|100\/100\n|switch|p2a: Baxcalibur|Baxcalibur, F|100\/100\n|-ability|p1a: Ting-Lu|Vessel of Ruin\n|turn|1\n|j| ANinjaDude\n|c|\u2606AlolanSandslashOU|I didn\u2019t mean to lead this\n|c|\u2606AlolanSandslashOU|Lmfao\n|c| ANinjaDude|lol\n|\n|t:|1699945430\n|switch|p2a: Sandslash|Sandslash-Alola, M|100\/100\n|-terastallize|p1a: Ting-Lu|Fairy\n|move|p1a: Ting-Lu|Stealth Rock|p2a: Sandslash\n|-sidestart|p2: AlolanSandslashOU|move: Stealth Rock\n|\n|upkeep\n|turn|2\n|c|\u2606Ginesect|What\n|c|\u2606Ginesect|Fuckkk\n|c|\u2606Ginesect|I thought u would scale shot\n|c|\u2606Ginesect|Ok I'm dumb\n|\n|t:|1699945449\n|move|p2a: Sandslash|Rapid Spin|p1a: Ting-Lu\n|-damage|p1a: Ting-Lu|93\/100\n|-boost|p2a: Sandslash|spe|1\n|-sideend|p2: AlolanSandslashOU|Stealth Rock|[from] move: Rapid Spin|[of] p2a: Sandslash\n|move|p1a: Ting-Lu|Earthquake|p2a: Sandslash\n|-supereffective|p2a: Sandslash\n|-damage|p2a: Sandslash|21\/100\n|\n|-heal|p1a: Ting-Lu|99\/100|[from] item: Leftovers\n|upkeep\n|turn|3\n|\n|t:|1699945460\n|move|p2a: Sandslash|Triple Axel|p1a: Ting-Lu|[miss]\n|-miss|p2a: Sandslash|p1a: Ting-Lu\n|move|p1a: Ting-Lu|Stealth Rock|p2a: Sandslash\n|-sidestart|p2: AlolanSandslashOU|move: Stealth Rock\n|\n|-heal|p1a: Ting-Lu|100\/100|[from] item: Leftovers\n|upkeep\n|turn|4\n|\n|t:|1699945464\n|move|p2a: Sandslash|Rapid Spin|p1a: Ting-Lu\n|-damage|p1a: Ting-Lu|93\/100\n|-boost|p2a: Sandslash|spe|1\n|-sideend|p2: AlolanSandslashOU|Stealth Rock|[from] move: Rapid Spin|[of] p2a: Sandslash\n|move|p1a: Ting-Lu|Earthquake|p2a: Sandslash\n|-supereffective|p2a: Sandslash\n|-damage|p2a: Sandslash|0 fnt\n|faint|p2a: Sandslash\n|\n|-heal|p1a: Ting-Lu|99\/100|[from] item: Leftovers\n|upkeep\n|\n|t:|1699945472\n|switch|p2a: Ninetales|Ninetales-Alola, M|100\/100\n|-weather|Snow|[from] ability: Snow Warning|[of] p2a: Ninetales\n|turn|5\n|\n|t:|1699945479\n|move|p2a: Ninetales|Aurora Veil|p2a: Ninetales\n|-sidestart|p2: AlolanSandslashOU|move: Aurora Veil\n|move|p1a: Ting-Lu|Stealth Rock|p2a: Ninetales\n|-sidestart|p2: AlolanSandslashOU|move: Stealth Rock\n|\n|-weather|Snow|[upkeep]\n|-heal|p1a: Ting-Lu|100\/100|[from] item: Leftovers\n|upkeep\n|turn|6\n|\n|t:|1699945484\n|move|p2a: Ninetales|Encore|p1a: Ting-Lu\n|-start|p1a: Ting-Lu|Encore\n|move|p1a: Ting-Lu|Stealth Rock||[still]\n|-fail|p1a: Ting-Lu\n|\n|-weather|Snow|[upkeep]\n|upkeep\n|turn|7\n|\n|t:|1699945490\n|switch|p1a: Mawile|Mawile, F|100\/100\n|-ability|p1a: Mawile|Intimidate|boost\n|-unboost|p2a: Ninetales|atk|1\n|move|p2a: Ninetales|Moonblast|p1a: Mawile\n|-resisted|p1a: Mawile\n|-damage|p1a: Mawile|64\/100\n|\n|-weather|Snow|[upkeep]\n|upkeep\n|turn|8\n|\n|t:|1699945502\n|switch|p2a: Arctozolt|Arctozolt|100\/100\n|switch|p1a: Ting-Lu|Ting-Lu, tera:Fairy|100\/100\n|-ability|p1a: Ting-Lu|Vessel of Ruin\n|\n|-weather|Snow|[upkeep]\n|upkeep\n|turn|9\n|\n|t:|1699945512\n|move|p1a: Ting-Lu|Protect|p1a: Ting-Lu\n|-singleturn|p1a: Ting-Lu|Protect\n|move|p2a: Arctozolt|Bolt Beak|p1a: Ting-Lu\n|-activate|p1a: Ting-Lu|move: Protect\n|\n|-weather|none\n|upkeep\n|turn|10\n|\n|t:|1699945524\n|switch|p2a: Ninetales|Ninetales-Alola, M|100\/100\n|-damage|p2a: Ninetales|76\/100|[from] Stealth Rock\n|-weather|Snow|[from] ability: Snow Warning|[of] p2a: Ninetales\n|move|p1a: Ting-Lu|Whirlwind|p2a: Ninetales\n|drag|p2a: Arctozolt|Arctozolt|100\/100\n|\n|-weather|Snow|[upkeep]\n|upkeep\n|turn|11\n|j| Hades RFX\n|c|\u2606Ginesect|Fuck\n|\n|t:|1699945534\n|move|p1a: Ting-Lu|Protect|p1a: Ting-Lu\n|-singleturn|p1a: Ting-Lu|Protect\n|move|p2a: Arctozolt|Bolt Beak|p1a: Ting-Lu\n|-activate|p1a: Ting-Lu|move: Protect\n|\n|-weather|Snow|[upkeep]\n|upkeep\n|turn|12\n|l| ANinjaDude\n|l| Hades RFX\n|\n|t:|1699945550\n|move|p2a: Arctozolt|Bolt Beak|p1a: Ting-Lu\n|-damage|p1a: Ting-Lu|59\/100\n|move|p1a: Ting-Lu|Earthquake|p2a: Arctozolt\n|-supereffective|p2a: Arctozolt\n|-damage|p2a: Arctozolt|70\/100\n|\n|-weather|Snow|[upkeep]\n|-heal|p1a: Ting-Lu|66\/100|[from] item: Leftovers\n|-sideend|p2: AlolanSandslashOU|move: Aurora Veil\n|upkeep\n|turn|13\n|c|\u2606Ginesect|Oh\n|\n|t:|1699945559\n|switch|p2a: Ninetales|Ninetales-Alola, M|76\/100\n|-damage|p2a: Ninetales|51\/100|[from] Stealth Rock\n|move|p1a: Ting-Lu|Whirlwind|p2a: Ninetales\n|drag|p2a: Arctozolt|Arctozolt|70\/100\n|\n|-weather|Snow|[upkeep]\n|-heal|p1a: Ting-Lu|72\/100|[from] item: Leftovers\n|upkeep\n|turn|14\n|c|\u2606AlolanSandslashOU|41% is insane\n|\n|t:|1699945568\n|-terastallize|p2a: Arctozolt|Electric\n|move|p2a: Arctozolt|Bolt Beak|p1a: Ting-Lu\n|-crit|p1a: Ting-Lu\n|-damage|p1a: Ting-Lu|0 fnt\n|faint|p1a: Ting-Lu\n|\n|-weather|none\n|upkeep\n|c|\u2606Ginesect|...\n|c|\u2606Ginesect|\ud83d\udc80\n|c|\u2606Ginesect|You lucky ass mg\n|c|\u2606Ginesect|Mf\n|\n|t:|1699945598\n|switch|p1a: Sableye|Sableye, F|100\/100\n|turn|15\n|c|\u2606AlolanSandslashOU|Your being annoying with whirlwind it\u2019s completely deserved\n|\n|t:|1699945606\n|switch|p2a: Ninetales|Ninetales-Alola, M|51\/100\n|-damage|p2a: Ninetales|26\/100|[from] Stealth Rock\n|-weather|Snow|[from] ability: Snow Warning|[of] p2a: Ninetales\n|switch|p1a: Mawile|Mawile, F|64\/100\n|-ability|p1a: Mawile|Intimidate|boost\n|-unboost|p2a: Ninetales|atk|1\n|\n|-weather|Snow|[upkeep]\n|upkeep\n|turn|16\n|\n|t:|1699945615\n|detailschange|p1a: Mawile|Mawile-Mega, F\n|-mega|p1a: Mawile|Mawile|Mawilite\n|move|p2a: Ninetales|Aurora Veil|p2a: Ninetales\n|-sidestart|p2: AlolanSandslashOU|move: Aurora Veil\n|move|p1a: Mawile|Play Rough|p2a: Ninetales|[miss]\n|-miss|p1a: Mawile|p2a: Ninetales\n|\n|-weather|Snow|[upkeep]\n|upkeep\n|turn|17\n|c|\u2606Ginesect|bruh\n|c|\u2606Ginesect|Bruh\n|c|\u2606Ginesect|Bruh\n|c|\u2606Ginesect|Bruh\n|c|\u2606Ginesect|Bruh\n|\n|t:|1699945629\n|switch|p2a: Heatran|Heatran, F|100\/100\n|-damage|p2a: Heatran|88\/100|[from] Stealth Rock\n|move|p1a: Mawile|Swords Dance|p1a: Mawile\n|-boost|p1a: Mawile|atk|2\n|\n|-weather|Snow|[upkeep]\n|-heal|p2a: Heatran|94\/100|[from] item: Leftovers\n|upkeep\n|turn|18\n|\n|t:|1699945646\n|switch|p1a: Sableye|Sableye, F|100\/100\n|move|p2a: Heatran|Earth Power|p1a: Sableye\n|-damage|p1a: Sableye|74\/100\n|\n|-weather|Snow|[upkeep]\n|-heal|p2a: Heatran|100\/100|[from] item: Leftovers\n|-heal|p1a: Sableye|80\/100|[from] item: Leftovers\n|upkeep\n|turn|19\n|\n|t:|1699945653\n|move|p1a: Sableye|Encore|p2a: Heatran\n|-start|p2a: Heatran|Encore\n|move|p2a: Heatran|Earth Power|p1a: Sableye\n|-crit|p1a: Sableye\n|-damage|p1a: Sableye|39\/100\n|\n|-weather|none\n|-heal|p1a: Sableye|45\/100|[from] item: Leftovers\n|upkeep\n|turn|20\n|\n|t:|1699945656\n|move|p1a: Sableye|Recover|p1a: Sableye\n|-heal|p1a: Sableye|95\/100\n|move|p2a: Heatran|Earth Power|p1a: Sableye\n|-damage|p1a: Sableye|65\/100\n|\n|-heal|p1a: Sableye|71\/100|[from] item: Leftovers\n|upkeep\n|turn|21\n|\n|t:|1699945661\n|switch|p2a: Ninetales|Ninetales-Alola, M|26\/100\n|-damage|p2a: Ninetales|2\/100|[from] Stealth Rock\n|-weather|Snow|[from] ability: Snow Warning|[of] p2a: Ninetales\n|move|p1a: Sableye|Recover|p1a: Sableye\n|-heal|p1a: Sableye|100\/100\n|\n|-weather|Snow|[upkeep]\n|upkeep\n|turn|22\n|\n|t:|1699945671\n|move|p2a: Ninetales|Moonblast|p1a: Sableye\n|-supereffective|p1a: Sableye\n|-damage|p1a: Sableye|29\/100\n|move|p1a: Sableye|Night Shade|p2a: Ninetales\n|-damage|p2a: Ninetales|0 fnt\n|faint|p2a: Ninetales\n|\n|-weather|Snow|[upkeep]\n|-heal|p1a: Sableye|35\/100|[from] item: Leftovers\n|upkeep\n|\n|t:|1699945676\n|switch|p2a: Baxcalibur|Baxcalibur, F|100\/100\n|-damage|p2a: Baxcalibur|76\/100|[from] Stealth Rock\n|turn|23\n|c|\u2606Ginesect|New moonblast animation??\n|\n|t:|1699945682\n|move|p1a: Sableye|Will-O-Wisp|p2a: Baxcalibur\n|-immune|p2a: Baxcalibur|[from] ability: Thermal Exchange\n|move|p2a: Baxcalibur|Swords Dance|p2a: Baxcalibur\n|-boost|p2a: Baxcalibur|atk|2\n|\n|-weather|Snow|[upkeep]\n|-heal|p1a: Sableye|41\/100|[from] item: Leftovers\n|-sideend|p2: AlolanSandslashOU|move: Aurora Veil\n|upkeep\n|turn|24\n|\n|t:|1699945688\n|move|p1a: Sableye|Encore|p2a: Baxcalibur\n|-start|p2a: Baxcalibur|Encore\n|move|p2a: Baxcalibur|Swords Dance|p2a: Baxcalibur\n|-boost|p2a: Baxcalibur|atk|2\n|\n|-weather|Snow|[upkeep]\n|-heal|p1a: Sableye|48\/100|[from] item: Leftovers\n|upkeep\n|turn|25\n|\n|t:|1699945691\n|move|p1a: Sableye|Recover|p1a: Sableye\n|-heal|p1a: Sableye|98\/100\n|move|p2a: Baxcalibur|Swords Dance|p2a: Baxcalibur\n|-boost|p2a: Baxcalibur|atk|2\n|\n|-weather|none\n|-heal|p1a: Sableye|100\/100|[from] item: Leftovers\n|upkeep\n|turn|26\n|\n|t:|1699945694\n|move|p2a: Baxcalibur|Swords Dance|p2a: Baxcalibur\n|-boost|p2a: Baxcalibur|atk|0\n|move|p1a: Sableye|Night Shade|p2a: Baxcalibur\n|-damage|p2a: Baxcalibur|49\/100\n|\n|-end|p2a: Baxcalibur|Encore\n|upkeep\n|turn|27\n|\n|t:|1699945699\n|move|p1a: Sableye|Encore|p2a: Baxcalibur\n|-start|p2a: Baxcalibur|Encore\n|move|p2a: Baxcalibur|Swords Dance|p2a: Baxcalibur\n|-boost|p2a: Baxcalibur|atk|0\n|\n|upkeep\n|turn|28\n|\n|t:|1699945701\n|switch|p2a: Weavile|Weavile, M|100\/100\n|-ability|p2a: Weavile|Pressure\n|move|p1a: Sableye|Night Shade|p2a: Weavile\n|-damage|p2a: Weavile|65\/100\n|\n|upkeep\n|turn|29\n|\n|t:|1699945705\n|move|p1a: Sableye|Will-O-Wisp|p2a: Weavile\n|-hint|Since gen 7, Dark is immune to Prankster moves.\n|-immune|p2a: Weavile\n|move|p2a: Weavile|Triple Axel|p1a: Sableye\n|-damage|p1a: Sableye|87\/100\n|-hitcount|p1a: Sableye|1\n|\n|-heal|p1a: Sableye|94\/100|[from] item: Leftovers\n|upkeep\n|turn|30\n|c|\u2606Ginesect|Oh\n|c|\u2606Ginesect|Fuck\n|c|\u2606Ginesect|I forgot\n|c|\u2606Ginesect|Lol\n|\n|t:|1699945720\n|move|p2a: Weavile|Knock Off|p1a: Sableye\n|-damage|p1a: Sableye|23\/100\n|-enditem|p1a: Sableye|Leftovers|[from] move: Knock Off|[of] p2a: Weavile\n|move|p1a: Sableye|Night Shade|p2a: Weavile\n|-damage|p2a: Weavile|29\/100\n|\n|upkeep\n|turn|31\n|c|\u2606AlolanSandslashOU|I lose this cause of bad plays it\u2019s whateva\n|\n|t:|1699945734\n|move|p1a: Sableye|Recover|p1a: Sableye\n|-heal|p1a: Sableye|73\/100\n|move|p2a: Weavile|Triple Axel|p1a: Sableye\n|-damage|p1a: Sableye|59\/100\n|-damage|p1a: Sableye|29\/100\n|-damage|p1a: Sableye|0 fnt\n|faint|p1a: Sableye\n|-hitcount|p1: Sableye|3\n|\n|upkeep\n|\n|t:|1699945747\n|switch|p1a: Greninja|Greninja, M|100\/100\n|turn|32\n|\n|t:|1699945757\n|move|p2a: Weavile|Knock Off|p1a: Greninja\n|-resisted|p1a: Greninja\n|-damage|p1a: Greninja|62\/100\n|-enditem|p1a: Greninja|Focus Sash|[from] move: Knock Off|[of] p2a: Weavile\n|move|p1a: Greninja|Dark Pulse|p2a: Weavile\n|-resisted|p2a: Weavile\n|-crit|p2a: Weavile\n|-damage|p2a: Weavile|0 fnt\n|faint|p2a: Weavile\n|-ability|p1a: Greninja|Battle Bond|boost\n|-boost|p1a: Greninja|atk|1\n|-boost|p1a: Greninja|spa|1\n|-boost|p1a: Greninja|spe|1\n|-activate|p1a: Greninja|ability: Battle Bond\n|\n|upkeep\n|\n|t:|1699945762\n|switch|p2a: Baxcalibur|Baxcalibur, F|49\/100\n|-damage|p2a: Baxcalibur|24\/100|[from] Stealth Rock\n|turn|33\n|c|\u2606Ginesect|gg\n|c|\u2606AlolanSandslashOU|Yeah gg\n|c|\u2606AlolanSandslashOU|re after this?\n|\n|t:|1699945792\n|move|p1a: Greninja|Dark Pulse|p2a: Baxcalibur\n|-damage|p2a: Baxcalibur|0 fnt\n|faint|p2a: Baxcalibur\n|\n|upkeep\n|\n|t:|1699945793\n|switch|p2a: Heatran|Heatran, F|100\/100\n|-damage|p2a: Heatran|88\/100|[from] Stealth Rock\n|turn|34\n|c|\u2606Ginesect|Ok\n|\n|t:|1699945798\n|move|p1a: Greninja|Hydro Pump|p2a: Heatran\n|-supereffective|p2a: Heatran\n|-damage|p2a: Heatran|4\/100\n|move|p2a: Heatran|Earth Power|p1a: Greninja\n|-damage|p1a: Greninja|24\/100\n|\n|-heal|p2a: Heatran|10\/100|[from] item: Leftovers\n|upkeep\n|turn|35\n|c|\u2606AlolanSandslashOU|I lived wtf\n|\n|t:|1699945811\n|move|p1a: Greninja|Dark Pulse|p2a: Heatran\n|-damage|p2a: Heatran|0 fnt\n|faint|p2a: Heatran\n|\n|upkeep\n|c|\u2606Ginesect|Lol\n|\n|t:|1699945814\n|switch|p2a: Arctozolt|Arctozolt, tera:Electric|70\/100\n|turn|36\n|c|\u2606Ginesect|Insane\n|\n|t:|1699945819\n|move|p1a: Greninja|Dark Pulse|p2a: Arctozolt\n|-damage|p2a: Arctozolt|0 fnt\n|faint|p2a: Arctozolt\n|\n|win|Ginesect\n|l|\u2606AlolanSandslashOU\n","uploadtime":1699945826,"views":7,"p1id":"ginesect","p2id":"alolansandslashou","formatid":"gen9nationaldexubers","rating":0,"private":0,"password":""}