{"id":"gen9nationaldexubers-1991743724","p1":"Fazykins","p2":"Fazy1","format":"[Gen 9] National Dex Ubers","log":"|j|\u2606Fazykins\n|j|\u2606Fazy1\n|t:|1700109884\n|gametype|singles\n|player|p1|Fazykins|2|\n|player|p2|Fazy1|2|\n|teamsize|p1|1\n|teamsize|p2|1\n|gen|9\n|tier|[Gen 9] National Dex Ubers\n|rule|HP Percentage Mod: HP is shown in percentages\n|rule|Endless Battle Clause: Forcing endless battles is banned\n|rule|OHKO Clause: OHKO moves are banned\n|rule|Evasion Moves Clause: Evasion moves are banned\n|rule|Evasion Items Clause: Evasion items are banned\n|rule|Species Clause: Limit one of each Pok\u00e9mon\n|rule|Sleep Clause Mod: Limit one foe put to sleep\n|rule|Mega Rayquaza Clause: You cannot mega evolve Rayquaza\n|clearpoke\n|poke|p1|Tarountula, M|\n|poke|p2|Quaquaval, F|\n|teampreview\n|\n|t:|1700109893\n|start\n|switch|p1a: Tarountula|Tarountula, M|100\/100\n|switch|p2a: Quaquaval|Quaquaval, F|100\/100\n|turn|1\n|\n|t:|1700109900\n|move|p2a: Quaquaval|Aqua Step|p1a: Tarountula\n|-damage|p1a: Tarountula|61\/100\n|-boost|p2a: Quaquaval|spe|1\n|move|p1a: Tarountula|Lunge|p2a: Quaquaval\n|-resisted|p2a: Quaquaval\n|-damage|p2a: Quaquaval|93\/100\n|-unboost|p2a: Quaquaval|atk|1\n|\n|upkeep\n|turn|2\n|\n|t:|1700109913\n|move|p2a: Quaquaval|Aqua Step|p1a: Tarountula\n|-damage|p1a: Tarountula|37\/100\n|-boost|p2a: Quaquaval|spe|1\n|move|p1a: Tarountula|Lunge|p2a: Quaquaval\n|-resisted|p2a: Quaquaval\n|-damage|p2a: Quaquaval|84\/100\n|-unboost|p2a: Quaquaval|atk|1\n|\n|upkeep\n|turn|3\n|\n|t:|1700109926\n|move|p2a: Quaquaval|Aqua Step|p1a: Tarountula\n|-damage|p1a: Tarountula|16\/100\n|-boost|p2a: Quaquaval|spe|1\n|move|p1a: Tarountula|Rest|p1a: Tarountula\n|-status|p1a: Tarountula|slp|[from] move: Rest\n|-heal|p1a: Tarountula|100\/100 slp|[silent]\n|\n|upkeep\n|turn|4\n|\n|t:|1700109936\n|move|p2a: Quaquaval|Aqua Step|p1a: Tarountula\n|-damage|p1a: Tarountula|81\/100 slp\n|-boost|p2a: Quaquaval|spe|1\n|cant|p1a: Tarountula|slp\n|\n|upkeep\n|turn|5\n|\n|t:|1700109942\n|move|p2a: Quaquaval|Aqua Step|p1a: Tarountula\n|-damage|p1a: Tarountula|61\/100 slp\n|-boost|p2a: Quaquaval|spe|1\n|cant|p1a: Tarountula|slp\n|\n|upkeep\n|turn|6\n|\n|t:|1700109948\n|move|p2a: Quaquaval|Aqua Step|p1a: Tarountula\n|-damage|p1a: Tarountula|41\/100 slp\n|-boost|p2a: Quaquaval|spe|1\n|-curestatus|p1a: Tarountula|slp|[msg]\n|move|p1a: Tarountula|Lunge|p2a: Quaquaval\n|-resisted|p2a: Quaquaval\n|-damage|p2a: Quaquaval|76\/100\n|-unboost|p2a: Quaquaval|atk|1\n|\n|upkeep\n|turn|7\n|\n|t:|1700109960\n|move|p2a: Quaquaval|Aqua Step|p1a: Tarountula\n|-damage|p1a: Tarountula|27\/100\n|move|p1a: Tarountula|Lunge|p2a: Quaquaval\n|-resisted|p2a: Quaquaval\n|-damage|p2a: Quaquaval|68\/100\n|-unboost|p2a: Quaquaval|atk|1\n|\n|upkeep\n|turn|8\n|\n|t:|1700109971\n|move|p2a: Quaquaval|Aqua Step|p1a: Tarountula\n|-damage|p1a: Tarountula|13\/100\n|move|p1a: Tarountula|Rest|p1a: Tarountula\n|-status|p1a: Tarountula|slp|[from] move: Rest\n|-heal|p1a: Tarountula|100\/100 slp|[silent]\n|\n|upkeep\n|turn|9\n|\n|t:|1700109984\n|cant|p1a: Tarountula|slp\n|move|p2a: Quaquaval|Close Combat|p1a: Tarountula\n|-resisted|p1a: Tarountula\n|-damage|p1a: Tarountula|91\/100 slp\n|-unboost|p2a: Quaquaval|def|1\n|-unboost|p2a: Quaquaval|spd|1\n|\n|upkeep\n|turn|10\n|\n|t:|1700109993\n|cant|p1a: Tarountula|slp\n|move|p2a: Quaquaval|Aqua Step|p1a: Tarountula\n|-damage|p1a: Tarountula|79\/100 slp\n|\n|upkeep\n|turn|11\n|c|\u2606Fazy1|it was a misclick but\n|c|\u2606Fazy1|it doesnt matter\n|c|\u2606Fazy1|!showset 1\n|c| Fazy1|\/raw <div class=\"infobox\">Quaquaval (F) @ Expert Belt  <br \/>Ability: Moxie  <br \/>Tera Type: Water  <br \/>EVs: 252 Atk &#x2f; 4 SpD &#x2f; 252 Spe  <br \/>Jolly Nature  <br \/>- Close Combat  <br \/>- Aqua Step  <br \/>- Aqua Jet  <br \/>- Ice Spinner  <br \/><br \/><\/div>\n|\n|t:|1700110013\n|move|p2a: Quaquaval|Aqua Step|p1a: Tarountula\n|-damage|p1a: Tarountula|67\/100 slp\n|-curestatus|p1a: Tarountula|slp|[msg]\n|move|p1a: Tarountula|Giga Drain|p2a: Quaquaval\n|-supereffective|p2a: Quaquaval\n|-damage|p2a: Quaquaval|37\/100\n|-heal|p1a: Tarountula|84\/100|[from] drain|[of] p2a: Quaquaval\n|\n|upkeep\n|turn|12\n|\n|t:|1700110022\n|move|p2a: Quaquaval|Aqua Step|p1a: Tarountula\n|-damage|p1a: Tarountula|72\/100\n|move|p1a: Tarountula|Giga Drain|p2a: Quaquaval\n|-supereffective|p2a: Quaquaval\n|-damage|p2a: Quaquaval|8\/100\n|-heal|p1a: Tarountula|88\/100|[from] drain|[of] p2a: Quaquaval\n|\n|upkeep\n|turn|13\n|\n|t:|1700110033\n|move|p2a: Quaquaval|Aqua Step|p1a: Tarountula\n|-damage|p1a: Tarountula|76\/100\n|move|p1a: Tarountula|Giga Drain|p2a: Quaquaval\n|-supereffective|p2a: Quaquaval\n|-damage|p2a: Quaquaval|0 fnt\n|-heal|p1a: Tarountula|80\/100|[from] drain|[of] p2a: Quaquaval\n|faint|p2a: Quaquaval\n|\n|win|Fazykins\n","uploadtime":1700110042,"views":14,"p1id":"fazykins","p2id":"fazy1","formatid":"gen9nationaldexubers","rating":0,"private":0,"password":""}