{"id":"gen9nationaldexubers-1994548292","p1":"El sharkie","p2":"Koibitio","format":"[Gen 9] National Dex Ubers","log":"|j|\u2606El sharkie\n|j|\u203dKoibitio\n|t:|1700457966\n|gametype|singles\n|player|p1|El sharkie|cynthia-gen4|1116\n|player|p2|Koibitio|buck|1125\n|teamsize|p1|6\n|teamsize|p2|6\n|gen|9\n|tier|[Gen 9] National Dex Ubers\n|rated|\n|rule|HP Percentage Mod: HP is shown in percentages\n|rule|Endless Battle Clause: Forcing endless battles is banned\n|rule|OHKO Clause: OHKO moves are banned\n|rule|Evasion Moves Clause: Evasion moves are banned\n|rule|Evasion Items Clause: Evasion items are banned\n|rule|Species Clause: Limit one of each Pok\u00e9mon\n|rule|Sleep Clause Mod: Limit one foe put to sleep\n|rule|Mega Rayquaza Clause: You cannot mega evolve Rayquaza\n|clearpoke\n|poke|p1|Spiritomb, F|\n|poke|p1|Garchomp, F|\n|poke|p1|Lucario, F|\n|poke|p1|Gastrodon, F|\n|poke|p1|Roserade, M|\n|poke|p1|Togekiss, F|\n|poke|p2|Dracovish|\n|poke|p2|Lucario, M|\n|poke|p2|Zeraora|\n|poke|p2|Dragonite, M|\n|poke|p2|Melmetal|\n|poke|p2|Arcanine-Hisui, M|\n|teampreview\n|\n|t:|1700457977\n|start\n|switch|p1a: The Tank|Gastrodon, F|100\/100\n|switch|p2a: Arcanine|Arcanine-Hisui, M, shiny|100\/100\n|turn|1\n|\n|t:|1700458006\n|move|p2a: Arcanine|Head Smash|p1a: The Tank|[miss]\n|-miss|p2a: Arcanine|p1a: The Tank\n|move|p1a: The Tank|Scald|p2a: Arcanine\n|-supereffective|p2a: Arcanine\n|-damage|p2a: Arcanine|0 fnt\n|faint|p2a: Arcanine\n|\n|upkeep\n|\n|t:|1700458018\n|switch|p2a: Lucario|Lucario, M|100\/100\n|turn|2\n|\n|t:|1700458025\n|detailschange|p2a: Lucario|Lucario-Mega, M\n|-mega|p2a: Lucario|Lucario|Lucarionite\n|move|p2a: Lucario|Swords Dance|p2a: Lucario\n|-boost|p2a: Lucario|atk|2\n|move|p1a: The Tank|Earth Power|p2a: Lucario\n|-supereffective|p2a: Lucario\n|-damage|p2a: Lucario|0 fnt\n|faint|p2a: Lucario\n|\n|upkeep\n|\n|t:|1700458033\n|switch|p2a: Melmetal|Melmetal|100\/100\n|turn|3\n|\n|t:|1700458037\n|move|p2a: Melmetal|Double Iron Bash|p1a: The Tank\n|-resisted|p1a: The Tank\n|-damage|p1a: The Tank|78\/100\n|-resisted|p1a: The Tank\n|-damage|p1a: The Tank|56\/100\n|-hitcount|p1a: The Tank|2\n|cant|p1a: The Tank|flinch\n|\n|-heal|p1a: The Tank|62\/100|[from] item: Leftovers\n|upkeep\n|turn|4\n|\n|t:|1700458046\n|move|p2a: Melmetal|Ice Punch|p1a: The Tank\n|-damage|p1a: The Tank|25\/100\n|move|p1a: The Tank|Recover|p1a: The Tank\n|-heal|p1a: The Tank|75\/100\n|\n|-heal|p1a: The Tank|81\/100|[from] item: Leftovers\n|upkeep\n|turn|5\n|\n|t:|1700458051\n|move|p2a: Melmetal|Double Iron Bash|p1a: The Tank\n|-resisted|p1a: The Tank\n|-damage|p1a: The Tank|56\/100\n|-resisted|p1a: The Tank\n|-damage|p1a: The Tank|31\/100\n|-hitcount|p1a: The Tank|2\n|cant|p1a: The Tank|flinch\n|\n|-heal|p1a: The Tank|38\/100|[from] item: Leftovers\n|upkeep\n|turn|6\n|\n|t:|1700458072\n|switch|p1a: Fairy Killer|Roserade, M|100\/100\n|move|p2a: Melmetal|Double Iron Bash|p1a: Fairy Killer\n|-damage|p1a: Fairy Killer|15\/100\n|-damage|p1a: Fairy Killer|0 fnt\n|faint|p1a: Fairy Killer\n|-hitcount|p1: Fairy Killer|2\n|\n|upkeep\n|\n|t:|1700458074\n|switch|p1a: Togekiss|Togekiss, F|100\/100\n|turn|7\n|\n|t:|1700458084\n|move|p1a: Togekiss|Thunder Wave|p2a: Melmetal\n|-status|p2a: Melmetal|par\n|cant|p2a: Melmetal|par\n|\n|upkeep\n|turn|8\n|\n|t:|1700458095\n|switch|p1a: The Bodyguard|Lucario, F|100\/100\n|move|p2a: Melmetal|Facade|p1a: The Bodyguard\n|-resisted|p1a: The Bodyguard\n|-damage|p1a: The Bodyguard|56\/100\n|\n|upkeep\n|turn|9\n|\n|t:|1700458107\n|detailschange|p1a: The Bodyguard|Lucario-Mega, F\n|-mega|p1a: The Bodyguard|Lucario|Lucarionite\n|move|p1a: The Bodyguard|Vacuum Wave|p2a: Melmetal\n|-supereffective|p2a: Melmetal\n|-damage|p2a: Melmetal|58\/100 par\n|move|p2a: Melmetal|Body Press|p1a: The Bodyguard\n|-supereffective|p1a: The Bodyguard\n|-damage|p1a: The Bodyguard|0 fnt\n|faint|p1a: The Bodyguard\n|\n|upkeep\n|\n|t:|1700458110\n|switch|p1a: The Tank|Gastrodon, F|38\/100\n|turn|10\n|\n|t:|1700458122\n|move|p1a: The Tank|Recover|p1a: The Tank\n|-heal|p1a: The Tank|88\/100\n|move|p2a: Melmetal|Double Iron Bash|p1a: The Tank\n|-resisted|p1a: The Tank\n|-damage|p1a: The Tank|65\/100\n|-resisted|p1a: The Tank\n|-damage|p1a: The Tank|42\/100\n|-hitcount|p1a: The Tank|2\n|\n|-heal|p1a: The Tank|48\/100|[from] item: Leftovers\n|upkeep\n|turn|11\n|\n|t:|1700458127\n|move|p1a: The Tank|Stockpile|p1a: The Tank\n|-start|p1a: The Tank|stockpile1\n|-boost|p1a: The Tank|def|1\n|-boost|p1a: The Tank|spd|1\n|move|p2a: Melmetal|Facade|p1a: The Tank\n|-damage|p1a: The Tank|4\/100\n|\n|-heal|p1a: The Tank|10\/100|[from] item: Leftovers\n|upkeep\n|turn|12\n|\n|t:|1700458135\n|move|p1a: The Tank|Recover|p1a: The Tank\n|-heal|p1a: The Tank|60\/100\n|move|p2a: Melmetal|Facade|p1a: The Tank\n|-damage|p1a: The Tank|19\/100\n|\n|-heal|p1a: The Tank|25\/100|[from] item: Leftovers\n|upkeep\n|turn|13\n|\n|t:|1700458142\n|move|p1a: The Tank|Earth Power|p2a: Melmetal\n|-supereffective|p2a: Melmetal\n|-damage|p2a: Melmetal|21\/100 par\n|move|p2a: Melmetal|Facade|p1a: The Tank\n|-damage|p1a: The Tank|0 fnt\n|faint|p1a: The Tank\n|\n|upkeep\n|\n|t:|1700458146\n|switch|p1a: The Devil Himself|Garchomp, F|100\/100\n|turn|14\n|\n|t:|1700458155\n|move|p1a: The Devil Himself|Earthquake|p2a: Melmetal\n|-supereffective|p2a: Melmetal\n|-damage|p2a: Melmetal|0 fnt\n|faint|p2a: Melmetal\n|\n|upkeep\n|\n|t:|1700458179\n|switch|p2a: Dracovish|Dracovish, shiny|100\/100\n|turn|15\n|\n|t:|1700458187\n|-terastallize|p1a: The Devil Himself|Fairy\n|move|p2a: Dracovish|Ice Fang|p1a: The Devil Himself\n|-damage|p1a: The Devil Himself|76\/100\n|-status|p1a: The Devil Himself|frz\n|-damage|p2a: Dracovish|88\/100|[from] ability: Rough Skin|[of] p1a: The Devil Himself\n|cant|p1a: The Devil Himself|frz\n|\n|upkeep\n|turn|16\n|-message|El sharkie forfeited.\n|\n|win|Koibitio\n|raw|El sharkie's rating: 1116 &rarr; <strong>1092<\/strong><br \/>(-24 for losing)\n|raw|Koibitio's rating: 1125 &rarr; <strong>1149<\/strong><br \/>(+24 for winning)\n|l|\u2606El sharkie\n","uploadtime":1700458203,"views":3,"p1id":"elsharkie","p2id":"koibitio","formatid":"gen9nationaldexubers","rating":1092,"private":0,"password":""}