{"id":"gen9nationaldexubers-1981953800","p1":"stinkystinky123","p2":"99% lose rate","format":"[Gen 9] National Dex Ubers","log":"|j|\u2606stinkystinky123\n|j|\u260699% lose rate\n|t:|1698954537\n|gametype|singles\n|player|p1|stinkystinky123|will|1316\n|player|p2|99% lose rate|giovanni|1247\n|teamsize|p1|6\n|teamsize|p2|6\n|gen|9\n|tier|[Gen 9] National Dex Ubers\n|rated|\n|rule|HP Percentage Mod: HP is shown in percentages\n|rule|Endless Battle Clause: Forcing endless battles is banned\n|rule|OHKO Clause: OHKO moves are banned\n|rule|Evasion Moves Clause: Evasion moves are banned\n|rule|Evasion Items Clause: Evasion items are banned\n|rule|Species Clause: Limit one of each Pok\u00e9mon\n|rule|Sleep Clause Mod: Limit one foe put to sleep\n|rule|Mega Rayquaza Clause: You cannot mega evolve Rayquaza\n|clearpoke\n|poke|p1|Mewtwo|\n|poke|p1|Annihilape, F|\n|poke|p1|Ho-Oh|\n|poke|p1|Zygarde|\n|poke|p1|Chansey, F|\n|poke|p1|Arceus-Fairy|\n|poke|p2|Ursaluna-Bloodmoon, M|\n|poke|p2|Slowbro, F|\n|poke|p2|Incineroar, M|\n|poke|p2|Crobat, M|\n|poke|p2|Typhlosion-Hisui, M|\n|poke|p2|Garganacl, M|\n|teampreview\n|\n|t:|1698954552\n|start\n|switch|p1a: Mewtwo|Mewtwo|100\/100\n|switch|p2a: Crobat|Crobat, M|100\/100\n|-ability|p1a: Mewtwo|Pressure\n|turn|1\n|\n|t:|1698954559\n|switch|p2a: Incineroar|Incineroar, M|100\/100\n|-ability|p2a: Incineroar|Intimidate|boost\n|-unboost|p1a: Mewtwo|atk|1\n|detailschange|p1a: Mewtwo|Mewtwo-Mega-Y\n|-mega|p1a: Mewtwo|Mewtwo|Mewtwonite Y\n|move|p1a: Mewtwo|Psystrike|p2a: Incineroar\n|-immune|p2a: Incineroar\n|\n|upkeep\n|turn|2\n|\n|t:|1698954568\n|switch|p1a: Arceus|Arceus-Fairy|100\/100\n|move|p2a: Incineroar|Parting Shot|p1a: Arceus\n|-unboost|p1a: Arceus|atk|1\n|-unboost|p1a: Arceus|spa|1\n|\n|t:|1698954579\n|switch|p2a: Ursaluna|Ursaluna-Bloodmoon, M|100\/100|[from] Parting Shot\n|\n|upkeep\n|turn|3\n|\n|t:|1698954589\n|switch|p1a: Chansey|Chansey, F|100\/100\n|move|p2a: Ursaluna|Blood Moon|p1a: Chansey\n|-damage|p1a: Chansey|75\/100\n|\n|upkeep\n|turn|4\n|\n|t:|1698954594\n|switch|p2a: Crobat|Crobat, M|100\/100\n|move|p1a: Chansey|Toxic|p2a: Crobat\n|-immune|p2a: Crobat\n|\n|upkeep\n|turn|5\n|\n|t:|1698954599\n|move|p2a: Crobat|Taunt|p1a: Chansey\n|-start|p1a: Chansey|move: Taunt\n|cant|p1a: Chansey|move: Taunt|Teleport\n|\n|upkeep\n|turn|6\n|\n|t:|1698954605\n|switch|p1a: Ho-Oh|Ho-Oh|100\/100\n|move|p2a: Crobat|Brave Bird|p1a: Ho-Oh\n|-damage|p1a: Ho-Oh|69\/100\n|-damage|p2a: Crobat|86\/100|[from] Recoil\n|\n|upkeep\n|turn|7\n|\n|t:|1698954615\n|move|p2a: Crobat|U-turn|p1a: Ho-Oh\n|-resisted|p1a: Ho-Oh\n|-damage|p1a: Ho-Oh|66\/100\n|\n|t:|1698954619\n|switch|p2a: Incineroar|Incineroar, M|100\/100|[from] U-turn\n|-ability|p2a: Incineroar|Intimidate|boost\n|-unboost|p1a: Ho-Oh|atk|1\n|move|p1a: Ho-Oh|Sacred Fire|p2a: Incineroar\n|-resisted|p2a: Incineroar\n|-damage|p2a: Incineroar|90\/100\n|\n|upkeep\n|turn|8\n|\n|t:|1698954628\n|move|p1a: Ho-Oh|Toxic|p2a: Incineroar\n|-status|p2a: Incineroar|tox\n|move|p2a: Incineroar|Parting Shot|p1a: Ho-Oh\n|-unboost|p1a: Ho-Oh|atk|1\n|-unboost|p1a: Ho-Oh|spa|1\n|\n|t:|1698954636\n|switch|p2a: Garganacl|Garganacl, M|100\/100|[from] Parting Shot\n|\n|upkeep\n|turn|9\n|\n|t:|1698954656\n|move|p1a: Ho-Oh|Sacred Fire|p2a: Garganacl\n|-resisted|p2a: Garganacl\n|-damage|p2a: Garganacl|94\/100\n|move|p2a: Garganacl|Stealth Rock|p1a: Ho-Oh\n|-sidestart|p1: stinkystinky123|move: Stealth Rock\n|\n|-heal|p2a: Garganacl|99\/100|[from] item: Leftovers\n|upkeep\n|turn|10\n|\n|t:|1698954662\n|switch|p1a: Mewtwo|Mewtwo-Mega-Y|100\/100\n|-damage|p1a: Mewtwo|88\/100|[from] Stealth Rock\n|move|p2a: Garganacl|Salt Cure|p1a: Mewtwo\n|-damage|p1a: Mewtwo|72\/100\n|-start|p1a: Mewtwo|Salt Cure\n|\n|-heal|p2a: Garganacl|100\/100|[from] item: Leftovers\n|-damage|p1a: Mewtwo|59\/100|[from] Salt Cure\n|upkeep\n|turn|11\n|\n|t:|1698954672\n|switch|p2a: Incineroar|Incineroar, M|90\/100 tox\n|-ability|p2a: Incineroar|Intimidate|boost\n|-unboost|p1a: Mewtwo|atk|1\n|move|p1a: Mewtwo|Nasty Plot|p1a: Mewtwo\n|-boost|p1a: Mewtwo|spa|2\n|\n|-damage|p2a: Incineroar|84\/100 tox|[from] psn\n|-damage|p1a: Mewtwo|47\/100|[from] Salt Cure\n|upkeep\n|turn|12\n|\n|t:|1698954685\n|switch|p1a: Zygarde|Zygarde|100\/100\n|-damage|p1a: Zygarde|94\/100|[from] Stealth Rock\n|move|p2a: Incineroar|Fake Out|p1a: Zygarde\n|-damage|p1a: Zygarde|87\/100\n|\n|-heal|p1a: Zygarde|93\/100|[from] item: Leftovers\n|-damage|p2a: Incineroar|72\/100 tox|[from] psn\n|upkeep\n|turn|13\n|\n|t:|1698954692\n|move|p1a: Zygarde|Substitute|p1a: Zygarde\n|-start|p1a: Zygarde|Substitute\n|-damage|p1a: Zygarde|68\/100\n|move|p2a: Incineroar|Parting Shot|p1a: Zygarde\n|-unboost|p1a: Zygarde|atk|1\n|-unboost|p1a: Zygarde|spa|1\n|\n|t:|1698954697\n|switch|p2a: Crobat|Crobat, M|86\/100|[from] Parting Shot\n|\n|-heal|p1a: Zygarde|74\/100|[from] item: Leftovers\n|upkeep\n|turn|14\n|\n|t:|1698954700\n|move|p2a: Crobat|Taunt|p1a: Zygarde\n|-start|p1a: Zygarde|move: Taunt\n|cant|p1a: Zygarde|move: Taunt|Dragon Dance\n|\n|-heal|p1a: Zygarde|81\/100|[from] item: Leftovers\n|upkeep\n|turn|15\n|\n|t:|1698954707\n|move|p2a: Crobat|Brave Bird|p1a: Zygarde\n|-damage|p1a: Zygarde|45\/100\n|-damage|p2a: Crobat|73\/100|[from] Recoil\n|move|p1a: Zygarde|Thousand Arrows|p2a: Crobat\n|-damage|p2a: Crobat|40\/100\n|-start|p2a: Crobat|Smack Down\n|\n|-heal|p1a: Zygarde|51\/100|[from] item: Leftovers\n|upkeep\n|turn|16\n|\n|t:|1698954719\n|move|p2a: Crobat|Brave Bird|p1a: Zygarde\n|-damage|p1a: Zygarde|15\/100\n|-damage|p2a: Crobat|26\/100|[from] Recoil\n|move|p1a: Zygarde|Thousand Arrows|p2a: Crobat\n|-supereffective|p2a: Crobat\n|-damage|p2a: Crobat|0 fnt\n|faint|p2a: Crobat\n|\n|-heal|p1a: Zygarde|21\/100|[from] item: Leftovers\n|-end|p1a: Zygarde|move: Taunt\n|-activate|p1a: Zygarde|ability: Power Construct\n|detailschange|p1a: Zygarde|Zygarde-Complete\n|-heal|p1a: Zygarde|51\/100|[silent]\n|upkeep\n|\n|t:|1698954749\n|switch|p2a: Snowbro|Slowbro, F|100\/100\n|turn|17\n|\n|t:|1698954756\n|move|p1a: Zygarde|Dragon Dance|p1a: Zygarde\n|-boost|p1a: Zygarde|atk|1\n|-boost|p1a: Zygarde|spe|1\n|move|p2a: Snowbro|Calm Mind|p2a: Snowbro\n|-boost|p2a: Snowbro|spa|1\n|-boost|p2a: Snowbro|spd|1\n|\n|-heal|p1a: Zygarde|57\/100|[from] item: Leftovers\n|upkeep\n|turn|18\n|\n|t:|1698954761\n|move|p1a: Zygarde|Dragon Dance|p1a: Zygarde\n|-boost|p1a: Zygarde|atk|1\n|-boost|p1a: Zygarde|spe|1\n|move|p2a: Snowbro|Scald|p1a: Zygarde\n|-end|p1a: Zygarde|Substitute\n|\n|-heal|p1a: Zygarde|63\/100|[from] item: Leftovers\n|upkeep\n|turn|19\n|\n|t:|1698954767\n|move|p2a: Snowbro|Scald|p1a: Zygarde\n|-damage|p1a: Zygarde|36\/100\n|move|p1a: Zygarde|Dragon Tail|p2a: Snowbro\n|-damage|p2a: Snowbro|78\/100\n|drag|p2a: Garganacl|Garganacl, M|100\/100\n|\n|-heal|p1a: Zygarde|42\/100|[from] item: Leftovers\n|upkeep\n|turn|20\n|\n|t:|1698954792\n|-terastallize|p2a: Garganacl|Fairy\n|move|p1a: Zygarde|Thousand Arrows|p2a: Garganacl\n|-damage|p2a: Garganacl|64\/100\n|move|p2a: Garganacl|Salt Cure|p1a: Zygarde\n|-resisted|p1a: Zygarde\n|-damage|p1a: Zygarde|39\/100\n|-start|p1a: Zygarde|Salt Cure\n|\n|-heal|p1a: Zygarde|46\/100|[from] item: Leftovers\n|-heal|p2a: Garganacl|70\/100|[from] item: Leftovers\n|-damage|p1a: Zygarde|33\/100|[from] Salt Cure\n|upkeep\n|turn|21\n|\n|t:|1698954808\n|move|p1a: Zygarde|Thousand Arrows|p2a: Garganacl\n|-damage|p2a: Garganacl|32\/100\n|move|p2a: Garganacl|Curse|p2a: Garganacl\n|-unboost|p2a: Garganacl|spe|1\n|-boost|p2a: Garganacl|atk|1\n|-boost|p2a: Garganacl|def|1\n|\n|-heal|p1a: Zygarde|39\/100|[from] item: Leftovers\n|-heal|p2a: Garganacl|38\/100|[from] item: Leftovers\n|-damage|p1a: Zygarde|27\/100|[from] Salt Cure\n|upkeep\n|turn|22\n|\n|t:|1698954814\n|switch|p1a: Mewtwo|Mewtwo-Mega-Y|47\/100\n|-damage|p1a: Mewtwo|34\/100|[from] Stealth Rock\n|move|p2a: Garganacl|Recover|p2a: Garganacl\n|-heal|p2a: Garganacl|88\/100\n|\n|-heal|p2a: Garganacl|95\/100|[from] item: Leftovers\n|upkeep\n|turn|23\n|\n|t:|1698954820\n|move|p1a: Mewtwo|Ice Beam|p2a: Garganacl\n|-damage|p2a: Garganacl|66\/100\n|move|p2a: Garganacl|Salt Cure|p1a: Mewtwo\n|-damage|p1a: Mewtwo|10\/100\n|-start|p1a: Mewtwo|Salt Cure\n|\n|-heal|p2a: Garganacl|72\/100|[from] item: Leftovers\n|-damage|p1a: Mewtwo|0 fnt|[from] Salt Cure\n|faint|p1a: Mewtwo\n|upkeep\n|\n|t:|1698954823\n|switch|p1a: Annihilape|Annihilape, F|100\/100\n|-damage|p1a: Annihilape|94\/100|[from] Stealth Rock\n|turn|24\n|\n|t:|1698954838\n|move|p1a: Annihilape|Bulk Up|p1a: Annihilape\n|-boost|p1a: Annihilape|atk|1\n|-boost|p1a: Annihilape|def|1\n|move|p2a: Garganacl|Curse|p2a: Garganacl\n|-unboost|p2a: Garganacl|spe|1\n|-boost|p2a: Garganacl|atk|1\n|-boost|p2a: Garganacl|def|1\n|\n|-heal|p1a: Annihilape|100\/100|[from] item: Leftovers\n|-heal|p2a: Garganacl|78\/100|[from] item: Leftovers\n|upkeep\n|turn|25\n|\n|t:|1698954842\n|move|p1a: Annihilape|Bulk Up|p1a: Annihilape\n|-boost|p1a: Annihilape|atk|1\n|-boost|p1a: Annihilape|def|1\n|move|p2a: Garganacl|Salt Cure|p1a: Annihilape\n|-resisted|p1a: Annihilape\n|-crit|p1a: Annihilape\n|-damage|p1a: Annihilape|82\/100\n|-start|p1a: Annihilape|Salt Cure\n|\n|-heal|p1a: Annihilape|88\/100|[from] item: Leftovers\n|-heal|p2a: Garganacl|84\/100|[from] item: Leftovers\n|-damage|p1a: Annihilape|76\/100|[from] Salt Cure\n|upkeep\n|turn|26\n|\n|t:|1698954846\n|move|p1a: Annihilape|Bulk Up|p1a: Annihilape\n|-boost|p1a: Annihilape|atk|1\n|-boost|p1a: Annihilape|def|1\n|move|p2a: Garganacl|Curse|p2a: Garganacl\n|-unboost|p2a: Garganacl|spe|1\n|-boost|p2a: Garganacl|atk|1\n|-boost|p2a: Garganacl|def|1\n|\n|-heal|p1a: Annihilape|82\/100|[from] item: Leftovers\n|-heal|p2a: Garganacl|91\/100|[from] item: Leftovers\n|-damage|p1a: Annihilape|70\/100|[from] Salt Cure\n|upkeep\n|turn|27\n|\n|t:|1698954848\n|move|p1a: Annihilape|Drain Punch|p2a: Garganacl\n|-resisted|p2a: Garganacl\n|-damage|p2a: Garganacl|80\/100\n|-heal|p1a: Annihilape|75\/100|[from] drain|[of] p2a: Garganacl\n|move|p2a: Garganacl|Curse|p2a: Garganacl\n|-unboost|p2a: Garganacl|spe|1\n|-boost|p2a: Garganacl|atk|1\n|-boost|p2a: Garganacl|def|1\n|\n|-heal|p1a: Annihilape|81\/100|[from] item: Leftovers\n|-heal|p2a: Garganacl|86\/100|[from] item: Leftovers\n|-damage|p1a: Annihilape|68\/100|[from] Salt Cure\n|upkeep\n|turn|28\n|\n|t:|1698954853\n|move|p1a: Annihilape|Rage Fist|p2a: Garganacl\n|-damage|p2a: Garganacl|76\/100\n|move|p2a: Garganacl|Curse|p2a: Garganacl\n|-unboost|p2a: Garganacl|spe|1\n|-boost|p2a: Garganacl|atk|1\n|-boost|p2a: Garganacl|def|1\n|\n|-heal|p1a: Annihilape|75\/100|[from] item: Leftovers\n|-heal|p2a: Garganacl|82\/100|[from] item: Leftovers\n|-damage|p1a: Annihilape|62\/100|[from] Salt Cure\n|upkeep\n|turn|29\n|\n|t:|1698954857\n|move|p1a: Annihilape|Bulk Up|p1a: Annihilape\n|-boost|p1a: Annihilape|atk|1\n|-boost|p1a: Annihilape|def|1\n|move|p2a: Garganacl|Curse|p2a: Garganacl\n|-unboost|p2a: Garganacl|spe|1\n|-boost|p2a: Garganacl|atk|1\n|-boost|p2a: Garganacl|def|1\n|\n|-heal|p1a: Annihilape|68\/100|[from] item: Leftovers\n|-heal|p2a: Garganacl|88\/100|[from] item: Leftovers\n|-damage|p1a: Annihilape|56\/100|[from] Salt Cure\n|upkeep\n|turn|30\n|\n|t:|1698954860\n|move|p1a: Annihilape|Bulk Up|p1a: Annihilape\n|-boost|p1a: Annihilape|atk|1\n|-boost|p1a: Annihilape|def|1\n|move|p2a: Garganacl|Salt Cure|p1a: Annihilape\n|-resisted|p1a: Annihilape\n|-damage|p1a: Annihilape|48\/100\n|\n|-heal|p1a: Annihilape|55\/100|[from] item: Leftovers\n|-heal|p2a: Garganacl|94\/100|[from] item: Leftovers\n|-damage|p1a: Annihilape|42\/100|[from] Salt Cure\n|upkeep\n|turn|31\n|\n|t:|1698954865\n|move|p1a: Annihilape|Rage Fist|p2a: Garganacl\n|-damage|p2a: Garganacl|78\/100\n|move|p2a: Garganacl|Recover|p2a: Garganacl\n|-heal|p2a: Garganacl|100\/100\n|\n|-heal|p1a: Annihilape|48\/100|[from] item: Leftovers\n|-damage|p1a: Annihilape|36\/100|[from] Salt Cure\n|upkeep\n|turn|32\n|\n|t:|1698954871\n|move|p1a: Annihilape|Bulk Up|p1a: Annihilape\n|-boost|p1a: Annihilape|atk|1\n|-boost|p1a: Annihilape|def|1\n|move|p2a: Garganacl|Curse|p2a: Garganacl\n|\n|-heal|p1a: Annihilape|42\/100|[from] item: Leftovers\n|-damage|p1a: Annihilape|30\/100|[from] Salt Cure\n|upkeep\n|turn|33\n|\n|t:|1698954874\n|move|p1a: Annihilape|Rage Fist|p2a: Garganacl\n|-damage|p2a: Garganacl|80\/100\n|move|p2a: Garganacl|Recover|p2a: Garganacl\n|-heal|p2a: Garganacl|100\/100\n|\n|-heal|p1a: Annihilape|36\/100|[from] item: Leftovers\n|-damage|p1a: Annihilape|24\/100|[from] Salt Cure\n|upkeep\n|turn|34\n|\n|t:|1698954881\n|move|p1a: Annihilape|Drain Punch|p2a: Garganacl\n|-resisted|p2a: Garganacl\n|-damage|p2a: Garganacl|91\/100\n|-heal|p1a: Annihilape|29\/100|[from] drain|[of] p2a: Garganacl\n|move|p2a: Garganacl|Stealth Rock||[still]\n|-fail|p2a: Garganacl\n|\n|-heal|p1a: Annihilape|35\/100|[from] item: Leftovers\n|-heal|p2a: Garganacl|97\/100|[from] item: Leftovers\n|-damage|p1a: Annihilape|22\/100|[from] Salt Cure\n|upkeep\n|turn|35\n|\n|t:|1698954890\n|move|p1a: Annihilape|Rage Fist|p2a: Garganacl\n|-damage|p2a: Garganacl|78\/100\n|move|p2a: Garganacl|Stealth Rock||[still]\n|-fail|p2a: Garganacl\n|\n|-heal|p1a: Annihilape|29\/100|[from] item: Leftovers\n|-heal|p2a: Garganacl|84\/100|[from] item: Leftovers\n|-damage|p1a: Annihilape|16\/100|[from] Salt Cure\n|upkeep\n|turn|36\n|-message|stinkystinky123 forfeited.\n|\n|win|99% lose rate\n|raw|stinkystinky123's rating: 1316 &rarr; <strong>1292<\/strong><br \/>(-24 for losing)\n|raw|99% lose rate's rating: 1247 &rarr; <strong>1277<\/strong><br \/>(+30 for winning)\n|l|\u2606stinkystinky123\n","uploadtime":1698954976,"views":12,"p1id":"stinkystinky123","p2id":"99loserate","formatid":"gen9nationaldexubers","rating":1277,"private":0,"password":""}