{"id":"gen9nationaldexubers-1984212895","p1":"H Gamer Moment","p2":"ninjamage13","format":"[Gen 9] National Dex Ubers","log":"|j|\u2606H Gamer Moment\n|j|\u2606ninjamage13\n|t:|1699230834\n|gametype|singles\n|player|p1|H Gamer Moment|giovanni-masters|\n|player|p2|ninjamage13|pokemonranger-gen6xy|\n|teamsize|p1|6\n|teamsize|p2|6\n|gen|9\n|tier|[Gen 9] National Dex Ubers\n|rule|HP Percentage Mod: HP is shown in percentages\n|rule|Endless Battle Clause: Forcing endless battles is banned\n|rule|OHKO Clause: OHKO moves are banned\n|rule|Evasion Moves Clause: Evasion moves are banned\n|rule|Evasion Items Clause: Evasion items are banned\n|rule|Species Clause: Limit one of each Pok\u00e9mon\n|rule|Sleep Clause Mod: Limit one foe put to sleep\n|rule|Mega Rayquaza Clause: You cannot mega evolve Rayquaza\n|clearpoke\n|poke|p1|Tapu Koko|\n|poke|p1|Iron Leaves|\n|poke|p1|Roaring Moon|\n|poke|p1|Melmetal|\n|poke|p1|Zapdos|\n|poke|p1|Toxtricity, M|\n|poke|p2|Venusaur, F|\n|poke|p2|Ogerpon-Cornerstone, F|\n|poke|p2|Breloom, M|\n|poke|p2|Ferrothorn, M|\n|poke|p2|Meowscarada, F|\n|poke|p2|Torterra, F|\n|teampreview\n|\n|t:|1699230879\n|start\n|switch|p1a: Iron Leaves|Iron Leaves|100\/100\n|switch|p2a: ATLAS UNDERGROUND|Torterra, F|100\/100\n|turn|1\n|j| TheRealDiabeto\n|j| k7eenex\n|c|\u2606H Gamer Moment|it's turn 1 mate, not that serious :rofl:\n|c|\u2606H Gamer Moment|jk LOL\n|c| k7eenex|maybe hes waiting for audience\n|c| k7eenex|;0\n|j| Pex Hater\n|c|\u2606H Gamer Moment|lmao\n|c| Pex Hater|ninjamage\n|c| Pex Hater|i feel like\n|c|\u2606ninjamage13|i'm\n|c|\u2606ninjamage13|scared\n|c|\u2606H Gamer Moment|don't be, i suck ass\n|c| Pex Hater|today is the only day you've accepted challenges that i've seen\n|c| Pex Hater|and you're just\n|c| Pex Hater|taking heads left and right\n|\n|t:|1699231011\n|-end|p1a: Iron Leaves|Quark Drive|[silent]\n|switch|p1a: Zapdos|Zapdos|100\/100\n|switch|p2a: SPINE CURVES|Ferrothorn, M|100\/100\n|\n|upkeep\n|turn|2\n|\n|t:|1699231020\n|move|p1a: Zapdos|Volt Switch|p2a: SPINE CURVES\n|-resisted|p2a: SPINE CURVES\n|-damage|p2a: SPINE CURVES|89\/100\n|\n|t:|1699231024\n|switch|p1a: Tapu Koko|Tapu Koko|100\/100|[from] Volt Switch\n|-fieldstart|move: Electric Terrain|[from] ability: Electric Surge|[of] p1a: Tapu Koko\n|move|p2a: SPINE CURVES|Spikes|p1a: Tapu Koko\n|-sidestart|p1: H Gamer Moment|Spikes\n|\n|-heal|p2a: SPINE CURVES|95\/100|[from] item: Leftovers\n|upkeep\n|turn|3\n|c| k7eenex|hes always out for blood\n|\n|t:|1699231032\n|switch|p2a: ATLAS UNDERGROUND|Torterra, F|100\/100\n|move|p1a: Tapu Koko|Taunt|p2a: ATLAS UNDERGROUND\n|-start|p2a: ATLAS UNDERGROUND|move: Taunt\n|\n|upkeep\n|turn|4\n|\n|t:|1699231041\n|switch|p1a: Zapdos|Zapdos|100\/100\n|move|p2a: ATLAS UNDERGROUND|Headlong Rush|p1a: Zapdos\n|-immune|p1a: Zapdos\n|\n|upkeep\n|turn|5\n|\n|t:|1699231054\n|switch|p2a: SPINE CURVES|Ferrothorn, M|95\/100\n|move|p1a: Zapdos|Hurricane|p2a: SPINE CURVES\n|-damage|p2a: SPINE CURVES|53\/100\n|-start|p2a: SPINE CURVES|confusion\n|\n|-heal|p2a: SPINE CURVES|59\/100|[from] item: Leftovers\n|upkeep\n|turn|6\n|\n|t:|1699231064\n|move|p1a: Zapdos|Volt Switch|p2a: SPINE CURVES\n|-resisted|p2a: SPINE CURVES\n|-crit|p2a: SPINE CURVES\n|-damage|p2a: SPINE CURVES|40\/100\n|\n|t:|1699231073\n|switch|p1a: Roaring Moon|Roaring Moon|100\/100|[from] Volt Switch\n|-damage|p1a: Roaring Moon|88\/100|[from] Spikes\n|-activate|p2a: SPINE CURVES|confusion\n|move|p2a: SPINE CURVES|Leech Seed|p1a: Roaring Moon\n|-start|p1a: Roaring Moon|move: Leech Seed\n|\n|-heal|p2a: SPINE CURVES|46\/100|[from] item: Leftovers\n|-damage|p1a: Roaring Moon|76\/100|[from] Leech Seed|[of] p2a: SPINE CURVES\n|-heal|p2a: SPINE CURVES|58\/100|[silent]\n|-fieldend|move: Electric Terrain\n|upkeep\n|turn|7\n|\n|t:|1699231081\n|move|p1a: Roaring Moon|U-turn|p2a: SPINE CURVES\n|-damage|p2a: SPINE CURVES|36\/100\n|-damage|p1a: Roaring Moon|63\/100|[from] ability: Iron Barbs|[of] p2a: SPINE CURVES\n|\n|t:|1699231108\n|-end|p1a: Roaring Moon|Protosynthesis|[silent]\n|switch|p1a: Iron Leaves|Iron Leaves|100\/100|[from] U-turn\n|-damage|p1a: Iron Leaves|88\/100|[from] Spikes\n|-activate|p2a: SPINE CURVES|confusion\n|move|p2a: SPINE CURVES|Body Press|p1a: Iron Leaves\n|-resisted|p1a: Iron Leaves\n|-damage|p1a: Iron Leaves|70\/100\n|\n|-heal|p2a: SPINE CURVES|42\/100|[from] item: Leftovers\n|upkeep\n|turn|8\n|\n|t:|1699231115\n|move|p1a: Iron Leaves|Sacred Sword|p2a: SPINE CURVES\n|-supereffective|p2a: SPINE CURVES\n|-damage|p2a: SPINE CURVES|8\/100\n|-damage|p1a: Iron Leaves|57\/100|[from] ability: Iron Barbs|[of] p2a: SPINE CURVES\n|-activate|p2a: SPINE CURVES|confusion\n|-damage|p2a: SPINE CURVES|3\/100|[from] confusion\n|\n|-heal|p2a: SPINE CURVES|9\/100|[from] item: Leftovers\n|upkeep\n|turn|9\n|\n|t:|1699231125\n|move|p1a: Iron Leaves|Agility|p1a: Iron Leaves\n|-boost|p1a: Iron Leaves|spe|2\n|-activate|p2a: SPINE CURVES|confusion\n|move|p2a: SPINE CURVES|Gyro Ball|p1a: Iron Leaves\n|-damage|p1a: Iron Leaves|0 fnt\n|faint|p1a: Iron Leaves\n|-end|p1a: Iron Leaves|Quark Drive|[silent]\n|\n|-heal|p2a: SPINE CURVES|15\/100|[from] item: Leftovers\n|upkeep\n|c|\u2606H Gamer Moment|...\n|c|\u2606ninjamage13|ballin\n|\n|t:|1699231153\n|switch|p1a: Roaring Moon|Roaring Moon|63\/100\n|-damage|p1a: Roaring Moon|51\/100|[from] Spikes\n|turn|10\n|\n|t:|1699231158\n|move|p1a: Roaring Moon|Earthquake|p2a: SPINE CURVES\n|-damage|p2a: SPINE CURVES|0 fnt\n|faint|p2a: SPINE CURVES\n|\n|upkeep\n|c| Pex Hater|confusion became a 1\/4 chance to self hit in gen 7?\n|\n|t:|1699231164\n|switch|p2a: ATLAS UNDERGROUND|Torterra, F|100\/100\n|turn|11\n|c| Pex Hater|i think?\n|c|\u2606ninjamage13|WE SMASHIN\n|\n|t:|1699231178\n|-end|p1a: Roaring Moon|Protosynthesis|[silent]\n|switch|p1a: Melmetal|Melmetal|100\/100\n|-damage|p1a: Melmetal|88\/100|[from] Spikes\n|move|p2a: ATLAS UNDERGROUND|Shell Smash|p2a: ATLAS UNDERGROUND\n|-unboost|p2a: ATLAS UNDERGROUND|def|1\n|-unboost|p2a: ATLAS UNDERGROUND|spd|1\n|-boost|p2a: ATLAS UNDERGROUND|atk|2\n|-boost|p2a: ATLAS UNDERGROUND|spa|2\n|-boost|p2a: ATLAS UNDERGROUND|spe|2\n|\n|upkeep\n|turn|12\n|c|\u2606H Gamer Moment|ah\n|c|\u2606H Gamer Moment|welp\n|c| k7eenex|ruh roh\n|c|\u2606H Gamer Moment|i knew that was coming\n|c|\u2606H Gamer Moment|and i did it anyway\n|\n|t:|1699231209\n|move|p2a: ATLAS UNDERGROUND|Headlong Rush|p1a: Melmetal\n|-supereffective|p1a: Melmetal\n|-damage|p1a: Melmetal|0 fnt\n|-unboost|p2a: ATLAS UNDERGROUND|def|1\n|-unboost|p2a: ATLAS UNDERGROUND|spd|1\n|faint|p1a: Melmetal\n|\n|upkeep\n|\n|t:|1699231218\n|switch|p1a: Zapdos|Zapdos|100\/100\n|turn|13\n|\n|t:|1699231223\n|move|p2a: ATLAS UNDERGROUND|Rock Blast|p1a: Zapdos\n|-supereffective|p1a: Zapdos\n|-damage|p1a: Zapdos|73\/100\n|-supereffective|p1a: Zapdos\n|-crit|p1a: Zapdos\n|-damage|p1a: Zapdos|32\/100\n|-supereffective|p1a: Zapdos\n|-damage|p1a: Zapdos|4\/100\n|-supereffective|p1a: Zapdos\n|-damage|p1a: Zapdos|0 fnt\n|faint|p1a: Zapdos\n|-hitcount|p1: Zapdos|4\n|\n|upkeep\n|\n|t:|1699231229\n|switch|p1a: Tapu Koko|Tapu Koko|100\/100\n|-damage|p1a: Tapu Koko|88\/100|[from] Spikes\n|-fieldstart|move: Electric Terrain|[from] ability: Electric Surge|[of] p1a: Tapu Koko\n|turn|14\n|\n|t:|1699231236\n|move|p2a: ATLAS UNDERGROUND|Headlong Rush|p1a: Tapu Koko\n|-supereffective|p1a: Tapu Koko\n|-damage|p1a: Tapu Koko|0 fnt\n|-unboost|p2a: ATLAS UNDERGROUND|def|1\n|-unboost|p2a: ATLAS UNDERGROUND|spd|1\n|faint|p1a: Tapu Koko\n|\n|upkeep\n|\n|t:|1699231250\n|switch|p1a: Roaring Moon|Roaring Moon|51\/100\n|-damage|p1a: Roaring Moon|38\/100|[from] Spikes\n|turn|15\n|\n|t:|1699231258\n|move|p2a: ATLAS UNDERGROUND|Headlong Rush|p1a: Roaring Moon\n|-damage|p1a: Roaring Moon|0 fnt\n|-unboost|p2a: ATLAS UNDERGROUND|def|1\n|-unboost|p2a: ATLAS UNDERGROUND|spd|1\n|faint|p1a: Roaring Moon\n|-end|p1a: Roaring Moon|Protosynthesis|[silent]\n|\n|upkeep\n|\n|t:|1699231262\n|switch|p1a: Toxtricity|Toxtricity, M|100\/100\n|-damage|p1a: Toxtricity|88\/100|[from] Spikes\n|turn|16\n|\n|t:|1699231265\n|move|p2a: ATLAS UNDERGROUND|Headlong Rush|p1a: Toxtricity\n|-supereffective|p1a: Toxtricity\n|-damage|p1a: Toxtricity|0 fnt\n|-unboost|p2a: ATLAS UNDERGROUND|def|1\n|-unboost|p2a: ATLAS UNDERGROUND|spd|1\n|faint|p1a: Toxtricity\n|\n|win|ninjamage13\n|c|\u2606ninjamage13|gg\n","uploadtime":1699231273,"views":9,"p1id":"hgamermoment","p2id":"ninjamage13","formatid":"gen9nationaldexubers","rating":0,"private":0,"password":""}