{"id":"gen9nationaldexubers-1983643491","p1":"Rmpemeta","p2":"Tycoon3921","format":"[Gen 9] National Dex Ubers","log":"|j|\u2606Rmpemeta\n|j|\u2606Tycoon3921\n|t:|1699153105\n|gametype|singles\n|player|p1|Rmpemeta|170|1303\n|player|p2|Tycoon3921|ingo|1264\n|teamsize|p1|6\n|teamsize|p2|6\n|gen|9\n|tier|[Gen 9] National Dex Ubers\n|rated|\n|rule|HP Percentage Mod: HP is shown in percentages\n|rule|Endless Battle Clause: Forcing endless battles is banned\n|rule|OHKO Clause: OHKO moves are banned\n|rule|Evasion Moves Clause: Evasion moves are banned\n|rule|Evasion Items Clause: Evasion items are banned\n|rule|Species Clause: Limit one of each Pok\u00e9mon\n|rule|Sleep Clause Mod: Limit one foe put to sleep\n|rule|Mega Rayquaza Clause: You cannot mega evolve Rayquaza\n|clearpoke\n|poke|p1|Ursaluna, F|\n|poke|p1|Porygon2|\n|poke|p1|Meloetta|\n|poke|p1|Staraptor, F|\n|poke|p1|Bewear, M|\n|poke|p1|Ditto|\n|poke|p2|Dialga-Origin|\n|poke|p2|Necrozma-Dusk-Mane|\n|poke|p2|Kyogre|\n|poke|p2|Zacian-*|\n|poke|p2|Landorus-Therian, M|\n|poke|p2|Urshifu-*, M|\n|teampreview\n|j| Vicholocow\n|\n|t:|1699153141\n|start\n|switch|p1a: Porygon2|Porygon2, shiny|100\/100\n|switch|p2a: Dialga|Dialga-Origin|100\/100\n|-ability|p2a: Dialga|Pressure\n|turn|1\n|inactive|Battle timer is ON: inactive players will automatically lose when time's up. (requested by Rmpemeta)\n|\n|t:|1699153149\n|move|p2a: Dialga|Body Press|p1a: Porygon2\n|-supereffective|p1a: Porygon2\n|-damage|p1a: Porygon2|73\/100\n|move|p1a: Porygon2|Thunder Wave|p2a: Dialga\n|-status|p2a: Dialga|par\n|\n|upkeep\n|turn|2\n|\n|t:|1699153158\n|move|p1a: Porygon2|Recover|p1a: Porygon2\n|-heal|p1a: Porygon2|100\/100\n|move|p2a: Dialga|Body Press|p1a: Porygon2\n|-supereffective|p1a: Porygon2\n|-damage|p1a: Porygon2|72\/100\n|\n|upkeep\n|turn|3\n|\n|t:|1699153167\n|move|p1a: Porygon2|Recover|p1a: Porygon2\n|-heal|p1a: Porygon2|100\/100\n|move|p2a: Dialga|Roar of Time|p1a: Porygon2\n|-damage|p1a: Porygon2|45\/100\n|-mustrecharge|p2a: Dialga\n|\n|upkeep\n|turn|4\n|\n|t:|1699153180\n|move|p1a: Porygon2|Recover|p1a: Porygon2\n|-heal|p1a: Porygon2|95\/100\n|cant|p2a: Dialga|recharge\n|\n|upkeep\n|turn|5\n|\n|t:|1699153189\n|move|p1a: Porygon2|Ice Beam|p2a: Dialga\n|-damage|p2a: Dialga|84\/100 par\n|move|p2a: Dialga|Roar of Time|p1a: Porygon2\n|-damage|p1a: Porygon2|35\/100\n|-mustrecharge|p2a: Dialga\n|\n|upkeep\n|turn|6\n|\n|t:|1699153197\n|move|p1a: Porygon2|Recover|p1a: Porygon2\n|-heal|p1a: Porygon2|85\/100\n|cant|p2a: Dialga|recharge\n|\n|upkeep\n|turn|7\n|\n|t:|1699153207\n|move|p1a: Porygon2|Ice Beam|p2a: Dialga\n|-damage|p2a: Dialga|68\/100 par\n|move|p2a: Dialga|Roar of Time|p1a: Porygon2|[miss]\n|-miss|p2a: Dialga|p1a: Porygon2\n|\n|upkeep\n|turn|8\n|\n|t:|1699153216\n|move|p1a: Porygon2|Ice Beam|p2a: Dialga\n|-damage|p2a: Dialga|52\/100 par\n|cant|p2a: Dialga|par\n|\n|upkeep\n|turn|9\n|\n|t:|1699153222\n|move|p1a: Porygon2|Ice Beam|p2a: Dialga\n|-damage|p2a: Dialga|36\/100 par\n|move|p2a: Dialga|Roar of Time|p1a: Porygon2\n|-damage|p1a: Porygon2|32\/100\n|-mustrecharge|p2a: Dialga\n|\n|upkeep\n|turn|10\n|\n|t:|1699153229\n|move|p1a: Porygon2|Recover|p1a: Porygon2\n|-heal|p1a: Porygon2|82\/100\n|cant|p2a: Dialga|recharge\n|\n|upkeep\n|turn|11\n|\n|t:|1699153235\n|move|p1a: Porygon2|Ice Beam|p2a: Dialga\n|-damage|p2a: Dialga|20\/100 par\n|move|p2a: Dialga|Roar of Time|p1a: Porygon2\n|-damage|p1a: Porygon2|28\/100\n|-mustrecharge|p2a: Dialga\n|\n|upkeep\n|turn|12\n|\n|t:|1699153242\n|move|p1a: Porygon2|Recover|p1a: Porygon2\n|-heal|p1a: Porygon2|78\/100\n|cant|p2a: Dialga|recharge\n|\n|upkeep\n|turn|13\n|\n|t:|1699153247\n|move|p1a: Porygon2|Ice Beam|p2a: Dialga\n|-damage|p2a: Dialga|6\/100 par\n|move|p2a: Dialga|Roar of Time|p1a: Porygon2\n|-damage|p1a: Porygon2|19\/100\n|-mustrecharge|p2a: Dialga\n|\n|upkeep\n|turn|14\n|\n|t:|1699153255\n|move|p1a: Porygon2|Recover|p1a: Porygon2\n|-heal|p1a: Porygon2|69\/100\n|cant|p2a: Dialga|recharge\n|\n|upkeep\n|turn|15\n|\n|t:|1699153260\n|move|p1a: Porygon2|Ice Beam|p2a: Dialga\n|-damage|p2a: Dialga|0 fnt\n|faint|p2a: Dialga\n|\n|upkeep\n|\n|t:|1699153265\n|switch|p2a: Zacian|Zacian-Crowned|100\/100\n|-ability|p2a: Zacian|Intrepid Sword|boost\n|-boost|p2a: Zacian|atk|1\n|turn|16\n|\n|t:|1699153280\n|move|p2a: Zacian|Sacred Sword|p1a: Porygon2\n|-supereffective|p1a: Porygon2\n|-damage|p1a: Porygon2|21\/100\n|move|p1a: Porygon2|Thunder Wave|p2a: Zacian\n|-status|p2a: Zacian|par\n|\n|upkeep\n|turn|17\n|\n|t:|1699153297\n|move|p2a: Zacian|Sacred Sword|p1a: Porygon2\n|-supereffective|p1a: Porygon2\n|-damage|p1a: Porygon2|0 fnt\n|faint|p1a: Porygon2\n|\n|upkeep\n|\n|t:|1699153303\n|switch|p1a: Ditto|Ditto|100\/100\n|-transform|p1a: Ditto|p2a: Zacian|[from] ability: Imposter\n|-ability|p1a: Ditto|Intrepid Sword|boost\n|-boost|p1a: Ditto|atk|1\n|turn|18\n|\n|t:|1699153329\n|move|p1a: Ditto|Sacred Sword|p2a: Zacian\n|-damage|p2a: Zacian|47\/100 par\n|move|p2a: Zacian|Behemoth Blade|p1a: Ditto\n|-damage|p1a: Ditto|30\/100\n|\n|upkeep\n|turn|19\n|\n|t:|1699153336\n|move|p1a: Ditto|Sacred Sword|p2a: Zacian\n|-damage|p2a: Zacian|0 fnt\n|faint|p2a: Zacian\n|\n|upkeep\n|\n|t:|1699153342\n|switch|p2a: Landorus|Landorus-Therian, M|100\/100\n|-ability|p2a: Landorus|Intimidate|boost\n|-unboost|p1a: Ditto|atk|1\n|turn|20\n|\n|t:|1699153346\n|switch|p1a: Staraptor|Staraptor, F|100\/100\n|-ability|p1a: Staraptor|Intimidate|boost\n|-unboost|p2a: Landorus|atk|1\n|move|p2a: Landorus|Earthquake|p1a: Staraptor\n|-immune|p1a: Staraptor\n|\n|upkeep\n|turn|21\n|\n|t:|1699153356\n|move|p2a: Landorus|U-turn|p1a: Staraptor\n|-resisted|p1a: Staraptor\n|-damage|p1a: Staraptor|91\/100\n|-damage|p2a: Landorus|84\/100|[from] item: Rocky Helmet|[of] p1a: Staraptor\n|\n|t:|1699153362\n|switch|p2a: Necrozma|Necrozma-Dusk-Mane|100\/100|[from] U-turn\n|move|p1a: Staraptor|Brave Bird|p2a: Necrozma\n|-resisted|p2a: Necrozma\n|-damage|p2a: Necrozma|76\/100\n|-damage|p1a: Staraptor|84\/100|[from] Recoil\n|\n|upkeep\n|turn|22\n|\n|t:|1699153371\n|switch|p1a: Ursaluna|Ursaluna, F|100\/100\n|detailschange|p2a: Necrozma|Necrozma-Ultra\n|-burst|p2a: Necrozma|Necrozma|Ultranecrozium Z\n|move|p2a: Necrozma|Photon Geyser|p1a: Ursaluna\n|-damage|p1a: Ursaluna|58\/100\n|\n|-status|p1a: Ursaluna|brn|[from] item: Flame Orb\n|upkeep\n|turn|23\n|\n|t:|1699153387\n|move|p2a: Necrozma|Sunsteel Strike|p1a: Ursaluna\n|-damage|p1a: Ursaluna|29\/100 brn\n|move|p1a: Ursaluna|Facade|p2a: Necrozma\n|-damage|p2a: Necrozma|0 fnt\n|faint|p2a: Necrozma\n|\n|-damage|p1a: Ursaluna|22\/100 brn|[from] brn\n|upkeep\n|\n|t:|1699153396\n|switch|p2a: Urshifu|Urshifu-Rapid-Strike, M|100\/100\n|turn|24\n|\n|t:|1699153400\n|move|p2a: Urshifu|Aqua Jet|p1a: Ursaluna\n|-supereffective|p1a: Ursaluna\n|-damage|p1a: Ursaluna|0 fnt\n|faint|p1a: Ursaluna\n|\n|upkeep\n|\n|t:|1699153412\n|switch|p1a: Staraptor|Staraptor, F|84\/100\n|-ability|p1a: Staraptor|Intimidate|boost\n|-unboost|p2a: Urshifu|atk|1\n|turn|25\n|\n|t:|1699153418\n|move|p2a: Urshifu|Swords Dance|p2a: Urshifu\n|-boost|p2a: Urshifu|atk|2\n|move|p1a: Staraptor|Brave Bird|p2a: Urshifu\n|-supereffective|p2a: Urshifu\n|-damage|p2a: Urshifu|0 fnt\n|faint|p2a: Urshifu\n|-damage|p1a: Staraptor|52\/100|[from] Recoil\n|\n|upkeep\n|\n|t:|1699153427\n|switch|p2a: Kyogre|Kyogre|100\/100\n|detailschange|p2a: Kyogre|Kyogre-Primal\n|-primal|p2a: Kyogre|Blue Orb\n|-weather|PrimordialSea|[from] ability: Primordial Sea|[of] p2a: Kyogre\n|turn|26\n|\n|t:|1699153450\n|move|p1a: Staraptor|Quick Attack|p2a: Kyogre\n|-damage|p2a: Kyogre|81\/100\n|move|p2a: Kyogre|Ice Beam|p1a: Staraptor\n|-supereffective|p1a: Staraptor\n|-damage|p1a: Staraptor|0 fnt\n|faint|p1a: Staraptor\n|\n|-weather|PrimordialSea|[upkeep]\n|upkeep\n|\n|t:|1699153457\n|switch|p1a: Meloetta|Meloetta|100\/100\n|turn|27\n|\n|t:|1699153461\n|move|p1a: Meloetta|Psyshock|p2a: Kyogre\n|-damage|p2a: Kyogre|45\/100\n|move|p2a: Kyogre|Calm Mind|p2a: Kyogre\n|-boost|p2a: Kyogre|spa|1\n|-boost|p2a: Kyogre|spd|1\n|\n|-weather|PrimordialSea|[upkeep]\n|upkeep\n|turn|28\n|\n|t:|1699153468\n|move|p1a: Meloetta|Psyshock|p2a: Kyogre\n|-damage|p2a: Kyogre|10\/100\n|move|p2a: Kyogre|Origin Pulse|p1a: Meloetta\n|-damage|p1a: Meloetta|42\/100\n|\n|-weather|PrimordialSea|[upkeep]\n|upkeep\n|turn|29\n|\n|t:|1699153474\n|move|p1a: Meloetta|Psyshock|p2a: Kyogre\n|-damage|p2a: Kyogre|0 fnt\n|faint|p2a: Kyogre\n|-weather|none\n|\n|upkeep\n|\n|t:|1699153479\n|switch|p2a: Landorus|Landorus-Therian, M|84\/100\n|-ability|p2a: Landorus|Intimidate|boost\n|-unboost|p1a: Meloetta|atk|1\n|turn|30\n|\n|t:|1699153485\n|move|p2a: Landorus|Earthquake|p1a: Meloetta\n|-damage|p1a: Meloetta|0 fnt\n|faint|p1a: Meloetta\n|\n|-heal|p2a: Landorus|90\/100|[from] item: Leftovers\n|upkeep\n|\n|t:|1699153493\n|switch|p1a: Mr Golpes|Bewear, M, shiny|100\/100\n|turn|31\n|\n|t:|1699153498\n|move|p2a: Landorus|Fly||[still]\n|-prepare|p2a: Landorus|Fly\n|move|p1a: Mr Golpes|Bulk Up|p1a: Mr Golpes\n|-boost|p1a: Mr Golpes|atk|1\n|-boost|p1a: Mr Golpes|def|1\n|\n|-heal|p2a: Landorus|96\/100|[from] item: Leftovers\n|upkeep\n|turn|32\n|\n|t:|1699153506\n|move|p2a: Landorus|Fly|p1a: Mr Golpes|[from]lockedmove\n|-supereffective|p1a: Mr Golpes\n|-damage|p1a: Mr Golpes|79\/100\n|-zpower|p1a: Mr Golpes\n|move|p1a: Mr Golpes|Breakneck Blitz|p2a: Landorus|[zeffect]\n|-crit|p2a: Landorus\n|-damage|p2a: Landorus|0 fnt\n|faint|p2a: Landorus\n|\n|win|Rmpemeta\n|raw|Rmpemeta's rating: 1303 &rarr; <strong>1321<\/strong><br \/>(+18 for winning)\n|raw|Tycoon3921's rating: 1264 &rarr; <strong>1242<\/strong><br \/>(-22 for losing)\n|l| Vicholocow\n|l|\u2606Tycoon3921\n","uploadtime":1699153530,"views":13,"p1id":"rmpemeta","p2id":"tycoon3921","formatid":"gen9nationaldexubers","rating":1242,"private":0,"password":""}