{"id":"gen9nationaldexubers-1993785397","p1":"letch","p2":"85792195wwww","format":"[Gen 9] National Dex Ubers","log":"|j|\u2606letch\n|j|\u260685792195wwww\n|t:|1700356990\n|gametype|singles\n|player|p1|letch|wallace|1496\n|player|p2|85792195wwww|mira|1697\n|teamsize|p1|6\n|teamsize|p2|6\n|gen|9\n|tier|[Gen 9] National Dex Ubers\n|rated|\n|rule|HP Percentage Mod: HP is shown in percentages\n|rule|Endless Battle Clause: Forcing endless battles is banned\n|rule|OHKO Clause: OHKO moves are banned\n|rule|Evasion Moves Clause: Evasion moves are banned\n|rule|Evasion Items Clause: Evasion items are banned\n|rule|Species Clause: Limit one of each Pok\u00e9mon\n|rule|Sleep Clause Mod: Limit one foe put to sleep\n|rule|Mega Rayquaza Clause: You cannot mega evolve Rayquaza\n|clearpoke\n|poke|p1|Arceus|\n|poke|p1|Necrozma-Dusk-Mane|\n|poke|p1|Zacian-*|\n|poke|p1|Lucario, M|\n|poke|p1|Yveltal|\n|poke|p1|Calyrex-Ice|\n|poke|p2|Arceus|\n|poke|p2|Marshadow|\n|poke|p2|Xerneas-*|\n|poke|p2|Mewtwo|\n|poke|p2|Krookodile, F|\n|poke|p2|Groudon|\n|teampreview\n|\n|t:|1700357001\n|start\n|switch|p1a: Lucario|Lucario, M|100\/100\n|switch|p2a: Xerneas|Xerneas|100\/100\n|-ability|p2a: Xerneas|Fairy Aura\n|turn|1\n|\n|t:|1700357013\n|detailschange|p1a: Lucario|Lucario-Mega, M\n|-mega|p1a: Lucario|Lucario|Lucarionite\n|move|p1a: Lucario|Meteor Mash|p2a: Xerneas|[miss]\n|-miss|p1a: Lucario|p2a: Xerneas\n|move|p2a: Xerneas|Moonblast|p1a: Lucario\n|-damage|p1a: Lucario|0 fnt\n|faint|p1a: Lucario\n|\n|upkeep\n|\n|t:|1700357020\n|switch|p1a: Necrozma|Necrozma-Dusk-Mane|100\/100\n|turn|2\n|\n|t:|1700357043\n|switch|p2a: Krookodile|Krookodile, F|100\/100\n|-ability|p2a: Krookodile|Intimidate|boost\n|-unboost|p1a: Necrozma|atk|1\n|move|p1a: Necrozma|Rock Tomb|p2a: Krookodile\n|-resisted|p2a: Krookodile\n|-damage|p2a: Krookodile|94\/100\n|-unboost|p2a: Krookodile|spe|1\n|\n|upkeep\n|turn|3\n|\n|t:|1700357055\n|detailschange|p1a: Necrozma|Necrozma-Ultra\n|-burst|p1a: Necrozma|Necrozma|Ultranecrozium Z\n|move|p1a: Necrozma|Dragon Pulse|p2a: Krookodile\n|-damage|p2a: Krookodile|19\/100\n|move|p2a: Krookodile|Stealth Rock|p1a: Necrozma\n|-sidestart|p1: letch|move: Stealth Rock\n|\n|upkeep\n|turn|4\n|\n|t:|1700357066\n|switch|p2a: Mewtwo|Mewtwo|100\/100\n|-ability|p2a: Mewtwo|Pressure\n|move|p1a: Necrozma|Rock Tomb|p2a: Mewtwo\n|-damage|p2a: Mewtwo|89\/100\n|-unboost|p2a: Mewtwo|spe|1\n|\n|upkeep\n|turn|5\n|\n|t:|1700357077\n|detailschange|p2a: Mewtwo|Mewtwo-Mega-Y\n|-mega|p2a: Mewtwo|Mewtwo|Mewtwonite Y\n|move|p1a: Necrozma|Dragon Pulse|p2a: Mewtwo\n|-damage|p2a: Mewtwo|43\/100\n|move|p2a: Mewtwo|Ice Beam|p1a: Necrozma\n|-supereffective|p1a: Necrozma\n|-damage|p1a: Necrozma|5\/100\n|-status|p1a: Necrozma|frz\n|\n|upkeep\n|turn|6\n|\n|t:|1700357087\n|switch|p2a: Arceus|Arceus|100\/100\n|cant|p1a: Necrozma|frz\n|\n|upkeep\n|turn|7\n|\n|t:|1700357095\n|cant|p1a: Necrozma|frz\n|move|p2a: Arceus|Swords Dance|p2a: Arceus\n|-boost|p2a: Arceus|atk|2\n|\n|upkeep\n|turn|8\n|\n|t:|1700357101\n|move|p2a: Arceus|Extreme Speed|p1a: Necrozma\n|-damage|p1a: Necrozma|0 fnt\n|faint|p1a: Necrozma\n|-damage|p2a: Arceus|91\/100|[from] item: Life Orb\n|\n|upkeep\n|\n|t:|1700357108\n|switch|p1a: Calyrex|Calyrex-Ice|100\/100\n|-ability|p1a: Calyrex|As One\n|-ability|p1a: Calyrex|Unnerve\n|turn|9\n|\n|t:|1700357119\n|-terastallize|p1a: Calyrex|Ground\n|move|p2a: Arceus|Swords Dance|p2a: Arceus\n|-boost|p2a: Arceus|atk|2\n|move|p1a: Calyrex|Trick Room|p1a: Calyrex\n|-fieldstart|move: Trick Room|[of] p1a: Calyrex\n|\n|upkeep\n|turn|10\n|\n|t:|1700357127\n|-terastallize|p2a: Arceus|Normal\n|move|p2a: Arceus|Extreme Speed|p1a: Calyrex\n|-damage|p1a: Calyrex|0 fnt\n|faint|p1a: Calyrex\n|-damage|p2a: Arceus|81\/100|[from] item: Life Orb\n|\n|upkeep\n|\n|t:|1700357146\n|switch|p1a: Arceus|Arceus|100\/100\n|-damage|p1a: Arceus|88\/100|[from] Stealth Rock\n|turn|11\n|\n|t:|1700357160\n|move|p1a: Arceus|Extreme Speed|p2a: Arceus\n|-damage|p2a: Arceus|45\/100\n|move|p2a: Arceus|Extreme Speed|p1a: Arceus\n|-damage|p1a: Arceus|0 fnt\n|faint|p1a: Arceus\n|-damage|p2a: Arceus|35\/100|[from] item: Life Orb\n|\n|upkeep\n|\n|t:|1700357170\n|switch|p1a: Zacian|Zacian-Crowned|100\/100\n|-damage|p1a: Zacian|94\/100|[from] Stealth Rock\n|-ability|p1a: Zacian|Intrepid Sword|boost\n|-boost|p1a: Zacian|atk|1\n|turn|12\n|\n|t:|1700357177\n|move|p2a: Arceus|Earthquake|p1a: Zacian\n|-supereffective|p1a: Zacian\n|-damage|p1a: Zacian|0 fnt\n|faint|p1a: Zacian\n|-damage|p2a: Arceus|25\/100|[from] item: Life Orb\n|\n|upkeep\n|\n|t:|1700357182\n|switch|p1a: Yveltal|Yveltal|100\/100\n|-damage|p1a: Yveltal|76\/100|[from] Stealth Rock\n|-ability|p1a: Yveltal|Dark Aura\n|turn|13\n|\n|t:|1700357188\n|move|p2a: Arceus|Extreme Speed|p1a: Yveltal\n|-damage|p1a: Yveltal|0 fnt\n|faint|p1a: Yveltal\n|-damage|p2a: Arceus|15\/100|[from] item: Life Orb\n|\n|win|85792195wwww\n|raw|letch's rating: 1496 &rarr; <strong>1486<\/strong><br \/>(-10 for losing)\n|raw|85792195wwww's rating: 1697 &rarr; <strong>1707<\/strong><br \/>(+10 for winning)\n","uploadtime":1700357196,"views":6,"p1id":"letch","p2id":"85792195wwww","formatid":"gen9nationaldexubers","rating":1486,"private":0,"password":""}