{"id":"gen9nationaldexubers-1993823960","p1":"kitmash","p2":"if canot","format":"[Gen 9] National Dex Ubers","log":"|j|\u2606kitmash\n|j|\u2606if canot\n|t:|1700361773\n|gametype|singles\n|player|p1|kitmash|266|1599\n|player|p2|if canot|misty-masters|1686\n|teamsize|p1|6\n|teamsize|p2|6\n|gen|9\n|tier|[Gen 9] National Dex Ubers\n|rated|\n|rule|HP Percentage Mod: HP is shown in percentages\n|rule|Endless Battle Clause: Forcing endless battles is banned\n|rule|OHKO Clause: OHKO moves are banned\n|rule|Evasion Moves Clause: Evasion moves are banned\n|rule|Evasion Items Clause: Evasion items are banned\n|rule|Species Clause: Limit one of each Pok\u00e9mon\n|rule|Sleep Clause Mod: Limit one foe put to sleep\n|rule|Mega Rayquaza Clause: You cannot mega evolve Rayquaza\n|clearpoke\n|poke|p1|Lunala|\n|poke|p1|Arceus-Dark|\n|poke|p1|Goodra-Hisui, M|\n|poke|p1|Groudon|\n|poke|p1|Bombirdier, F|\n|poke|p1|Flutter Mane|\n|poke|p2|Hatterene, F|\n|poke|p2|Porygon2|\n|poke|p2|Cresselia, F|\n|poke|p2|Arceus-Poison|\n|poke|p2|Melmetal|\n|poke|p2|Kyogre|\n|teampreview\n|inactive|Battle timer is ON: inactive players will automatically lose when time's up. (requested by if canot)\n|\n|t:|1700361781\n|start\n|switch|p1a: Goodra|Goodra-Hisui, M|100\/100\n|switch|p2a: 3D\u9f99\u8089\u5230\u6b7b\uff0c\u62cd\u843d\u9664\u5916|Porygon2|100\/100\n|-ability|p2a: 3D\u9f99\u8089\u5230\u6b7b\uff0c\u62cd\u843d\u9664\u5916|Download|boost\n|-boost|p2a: 3D\u9f99\u8089\u5230\u6b7b\uff0c\u62cd\u843d\u9664\u5916|atk|1\n|turn|1\n|\n|t:|1700361787\n|move|p1a: Goodra|Toxic|p2a: 3D\u9f99\u8089\u5230\u6b7b\uff0c\u62cd\u843d\u9664\u5916\n|-status|p2a: 3D\u9f99\u8089\u5230\u6b7b\uff0c\u62cd\u843d\u9664\u5916|tox\n|move|p2a: 3D\u9f99\u8089\u5230\u6b7b\uff0c\u62cd\u843d\u9664\u5916|Trick Room|p2a: 3D\u9f99\u8089\u5230\u6b7b\uff0c\u62cd\u843d\u9664\u5916\n|-fieldstart|move: Trick Room|[of] p2a: 3D\u9f99\u8089\u5230\u6b7b\uff0c\u62cd\u843d\u9664\u5916\n|\n|-damage|p2a: 3D\u9f99\u8089\u5230\u6b7b\uff0c\u62cd\u843d\u9664\u5916|94\/100 tox|[from] psn\n|upkeep\n|turn|2\n|\n|t:|1700361793\n|move|p1a: Goodra|Dragon Tail|p2a: 3D\u9f99\u8089\u5230\u6b7b\uff0c\u62cd\u843d\u9664\u5916\n|-damage|p2a: 3D\u9f99\u8089\u5230\u6b7b\uff0c\u62cd\u843d\u9664\u5916|84\/100 tox\n|drag|p2a: \u7f8a\u9a7c\u592a\u5e05\u4e86|Arceus-Poison|100\/100\n|\n|upkeep\n|turn|3\n|\n|t:|1700361807\n|switch|p1a: Groudon|Groudon|100\/100\n|detailschange|p1a: Groudon|Groudon-Primal\n|-primal|p1a: Groudon|Red Orb\n|-weather|DesolateLand|[from] ability: Desolate Land|[of] p1a: Groudon\n|switch|p2a: \u5854\u7237\u7684\u7269\u653b\u5df2\u7ecf\u6765\u5230\u4e8613000\u70b9|Melmetal|100\/100\n|\n|-weather|DesolateLand|[upkeep]\n|upkeep\n|turn|4\n|\n|t:|1700361817\n|-terastallize|p2a: \u5854\u7237\u7684\u7269\u653b\u5df2\u7ecf\u6765\u5230\u4e8613000\u70b9|Steel\n|move|p2a: \u5854\u7237\u7684\u7269\u653b\u5df2\u7ecf\u6765\u5230\u4e8613000\u70b9|Double Iron Bash|p1a: Groudon\n|-resisted|p1a: Groudon\n|-damage|p1a: Groudon|80\/100\n|-resisted|p1a: Groudon\n|-damage|p1a: Groudon|59\/100\n|-hitcount|p1a: Groudon|2\n|cant|p1a: Groudon|flinch\n|\n|-weather|DesolateLand|[upkeep]\n|upkeep\n|turn|5\n|\n|t:|1700361827\n|move|p2a: \u5854\u7237\u7684\u7269\u653b\u5df2\u7ecf\u6765\u5230\u4e8613000\u70b9|Double Iron Bash|p1a: Groudon\n|-resisted|p1a: Groudon\n|-damage|p1a: Groudon|40\/100\n|-resisted|p1a: Groudon\n|-damage|p1a: Groudon|21\/100\n|-hitcount|p1a: Groudon|2\n|cant|p1a: Groudon|flinch\n|\n|-weather|DesolateLand|[upkeep]\n|-fieldend|move: Trick Room\n|upkeep\n|turn|6\n|\n|t:|1700361836\n|switch|p2a: \u4f60\u662f\u4ec0\u4e48\u56fa\u62c9\u591a\uff1f|Kyogre|100\/100\n|detailschange|p2a: \u4f60\u662f\u4ec0\u4e48\u56fa\u62c9\u591a\uff1f|Kyogre-Primal\n|-primal|p2a: \u4f60\u662f\u4ec0\u4e48\u56fa\u62c9\u591a\uff1f|Blue Orb\n|-weather|PrimordialSea|[from] ability: Primordial Sea|[of] p2a: \u4f60\u662f\u4ec0\u4e48\u56fa\u62c9\u591a\uff1f\n|move|p1a: Groudon|Overheat||[still]\n|-fail|p1a: Groudon|Overheat|[from] Primordial Sea\n|\n|-weather|PrimordialSea|[upkeep]\n|upkeep\n|turn|7\n|\n|t:|1700361845\n|switch|p1a: Goodra|Goodra-Hisui, M|100\/100\n|move|p2a: \u4f60\u662f\u4ec0\u4e48\u56fa\u62c9\u591a\uff1f|Water Spout|p1a: Goodra\n|-resisted|p1a: Goodra\n|-damage|p1a: Goodra|74\/100\n|\n|-weather|PrimordialSea|[upkeep]\n|upkeep\n|turn|8\n|\n|t:|1700361857\n|move|p2a: \u4f60\u662f\u4ec0\u4e48\u56fa\u62c9\u591a\uff1f|Ice Beam|p1a: Goodra\n|-damage|p1a: Goodra|50\/100\n|move|p1a: Goodra|Life Dew|p1a: Goodra\n|-heal|p1a: Goodra|75\/100\n|\n|-weather|PrimordialSea|[upkeep]\n|upkeep\n|turn|9\n|\n|t:|1700361863\n|move|p2a: \u4f60\u662f\u4ec0\u4e48\u56fa\u62c9\u591a\uff1f|Ice Beam|p1a: Goodra\n|-damage|p1a: Goodra|52\/100\n|move|p1a: Goodra|Toxic|p2a: \u4f60\u662f\u4ec0\u4e48\u56fa\u62c9\u591a\uff1f\n|-status|p2a: \u4f60\u662f\u4ec0\u4e48\u56fa\u62c9\u591a\uff1f|tox\n|\n|-weather|PrimordialSea|[upkeep]\n|-damage|p2a: \u4f60\u662f\u4ec0\u4e48\u56fa\u62c9\u591a\uff1f|94\/100 tox|[from] psn\n|upkeep\n|turn|10\n|\n|t:|1700361870\n|move|p2a: \u4f60\u662f\u4ec0\u4e48\u56fa\u62c9\u591a\uff1f|Ice Beam|p1a: Goodra\n|-damage|p1a: Goodra|30\/100\n|move|p1a: Goodra|Life Dew|p1a: Goodra\n|-heal|p1a: Goodra|55\/100\n|\n|-weather|PrimordialSea|[upkeep]\n|-damage|p2a: \u4f60\u662f\u4ec0\u4e48\u56fa\u62c9\u591a\uff1f|82\/100 tox|[from] psn\n|upkeep\n|turn|11\n|\n|t:|1700361878\n|move|p2a: \u4f60\u662f\u4ec0\u4e48\u56fa\u62c9\u591a\uff1f|Ice Beam|p1a: Goodra\n|-damage|p1a: Goodra|32\/100\n|move|p1a: Goodra|Life Dew|p1a: Goodra\n|-heal|p1a: Goodra|57\/100\n|\n|-weather|PrimordialSea|[upkeep]\n|-damage|p2a: \u4f60\u662f\u4ec0\u4e48\u56fa\u62c9\u591a\uff1f|63\/100 tox|[from] psn\n|upkeep\n|turn|12\n|\n|t:|1700361885\n|-weather|none\n|switch|p2a: \u5854\u7237\u7684\u7269\u653b\u5df2\u7ecf\u6765\u5230\u4e8613000\u70b9|Melmetal, tera:Steel|100\/100\n|move|p1a: Goodra|Life Dew|p1a: Goodra\n|-heal|p1a: Goodra|82\/100\n|\n|upkeep\n|turn|13\n|\n|t:|1700361897\n|switch|p1a: Arceus|Arceus-Dark|100\/100\n|move|p2a: \u5854\u7237\u7684\u7269\u653b\u5df2\u7ecf\u6765\u5230\u4e8613000\u70b9|Earthquake|p1a: Arceus\n|-damage|p1a: Arceus|71\/100\n|\n|upkeep\n|turn|14\n|\n|t:|1700361907\n|switch|p2a: 3D\u9f99\u8089\u5230\u6b7b\uff0c\u62cd\u843d\u9664\u5916|Porygon2|84\/100 tox\n|-ability|p2a: 3D\u9f99\u8089\u5230\u6b7b\uff0c\u62cd\u843d\u9664\u5916|Download|boost\n|-boost|p2a: 3D\u9f99\u8089\u5230\u6b7b\uff0c\u62cd\u843d\u9664\u5916|spa|1\n|move|p1a: Arceus|Will-O-Wisp|p2a: 3D\u9f99\u8089\u5230\u6b7b\uff0c\u62cd\u843d\u9664\u5916|[miss]\n|-miss|p1a: Arceus|p2a: 3D\u9f99\u8089\u5230\u6b7b\uff0c\u62cd\u843d\u9664\u5916\n|\n|-damage|p2a: 3D\u9f99\u8089\u5230\u6b7b\uff0c\u62cd\u843d\u9664\u5916|78\/100 tox|[from] psn\n|upkeep\n|turn|15\n|\n|t:|1700361928\n|switch|p1a: Lunala|Lunala|100\/100\n|move|p2a: 3D\u9f99\u8089\u5230\u6b7b\uff0c\u62cd\u843d\u9664\u5916|Trick Room|p2a: 3D\u9f99\u8089\u5230\u6b7b\uff0c\u62cd\u843d\u9664\u5916\n|-fieldstart|move: Trick Room|[of] p2a: 3D\u9f99\u8089\u5230\u6b7b\uff0c\u62cd\u843d\u9664\u5916\n|\n|-damage|p2a: 3D\u9f99\u8089\u5230\u6b7b\uff0c\u62cd\u843d\u9664\u5916|65\/100 tox|[from] psn\n|upkeep\n|turn|16\n|\n|t:|1700361937\n|move|p2a: 3D\u9f99\u8089\u5230\u6b7b\uff0c\u62cd\u843d\u9664\u5916|Foul Play|p1a: Lunala\n|-supereffective|p1a: Lunala\n|-damage|p1a: Lunala|68\/100\n|move|p1a: Lunala|Roar|p2a: 3D\u9f99\u8089\u5230\u6b7b\uff0c\u62cd\u843d\u9664\u5916\n|drag|p2a: \u5e3d\u5b50\u53ea\u4f1a\u9001\u6b7b|Hatterene, F|100\/100\n|\n|upkeep\n|turn|17\n|\n|t:|1700361947\n|switch|p2a: 3D\u9f99\u8089\u5230\u6b7b\uff0c\u62cd\u843d\u9664\u5916|Porygon2|65\/100 tox\n|-ability|p2a: 3D\u9f99\u8089\u5230\u6b7b\uff0c\u62cd\u843d\u9664\u5916|Download|boost\n|-boost|p2a: 3D\u9f99\u8089\u5230\u6b7b\uff0c\u62cd\u843d\u9664\u5916|atk|1\n|move|p1a: Lunala|Roost|p1a: Lunala\n|-heal|p1a: Lunala|100\/100\n|-singleturn|p1a: Lunala|move: Roost\n|\n|-damage|p2a: 3D\u9f99\u8089\u5230\u6b7b\uff0c\u62cd\u843d\u9664\u5916|59\/100 tox|[from] psn\n|upkeep\n|turn|18\n|\n|t:|1700361965\n|switch|p1a: Arceus|Arceus-Dark|71\/100\n|move|p2a: 3D\u9f99\u8089\u5230\u6b7b\uff0c\u62cd\u843d\u9664\u5916|Teleport|p2a: 3D\u9f99\u8089\u5230\u6b7b\uff0c\u62cd\u843d\u9664\u5916\n|\n|t:|1700361969\n|switch|p2a: \u5854\u7237\u7684\u7269\u653b\u5df2\u7ecf\u6765\u5230\u4e8613000\u70b9|Melmetal, tera:Steel|100\/100|[from] Teleport\n|\n|upkeep\n|turn|19\n|\n|t:|1700361980\n|-terastallize|p1a: Arceus|Water\n|move|p2a: \u5854\u7237\u7684\u7269\u653b\u5df2\u7ecf\u6765\u5230\u4e8613000\u70b9|Double Iron Bash|p1a: Arceus\n|-resisted|p1a: Arceus\n|-damage|p1a: Arceus|47\/100\n|-resisted|p1a: Arceus\n|-damage|p1a: Arceus|24\/100\n|-hitcount|p1a: Arceus|2\n|move|p1a: Arceus|Will-O-Wisp|p2a: \u5854\u7237\u7684\u7269\u653b\u5df2\u7ecf\u6765\u5230\u4e8613000\u70b9\n|-status|p2a: \u5854\u7237\u7684\u7269\u653b\u5df2\u7ecf\u6765\u5230\u4e8613000\u70b9|brn\n|\n|-damage|p2a: \u5854\u7237\u7684\u7269\u653b\u5df2\u7ecf\u6765\u5230\u4e8613000\u70b9|94\/100 brn|[from] brn\n|-fieldend|move: Trick Room\n|upkeep\n|turn|20\n|\n|t:|1700361991\n|move|p1a: Arceus|Recover|p1a: Arceus\n|-heal|p1a: Arceus|74\/100\n|move|p2a: \u5854\u7237\u7684\u7269\u653b\u5df2\u7ecf\u6765\u5230\u4e8613000\u70b9|Double Iron Bash|p1a: Arceus\n|-resisted|p1a: Arceus\n|-damage|p1a: Arceus|64\/100\n|-resisted|p1a: Arceus\n|-damage|p1a: Arceus|52\/100\n|-hitcount|p1a: Arceus|2\n|\n|-damage|p2a: \u5854\u7237\u7684\u7269\u653b\u5df2\u7ecf\u6765\u5230\u4e8613000\u70b9|88\/100 brn|[from] brn\n|upkeep\n|turn|21\n|\n|t:|1700362000\n|switch|p2a: \u7f8a\u9a7c\u592a\u5e05\u4e86|Arceus-Poison|100\/100\n|move|p1a: Arceus|Recover|p1a: Arceus\n|-heal|p1a: Arceus|100\/100\n|\n|upkeep\n|turn|22\n|\n|t:|1700362016\n|switch|p1a: Groudon|Groudon-Primal|21\/100\n|-weather|DesolateLand|[from] ability: Desolate Land|[of] p1a: Groudon\n|move|p2a: \u7f8a\u9a7c\u592a\u5e05\u4e86|Trick Room|p2a: \u7f8a\u9a7c\u592a\u5e05\u4e86\n|-fieldstart|move: Trick Room|[of] p2a: \u7f8a\u9a7c\u592a\u5e05\u4e86\n|\n|-weather|DesolateLand|[upkeep]\n|upkeep\n|turn|23\n|\n|t:|1700362023\n|move|p1a: Groudon|Rest|p1a: Groudon\n|-status|p1a: Groudon|slp|[from] move: Rest\n|-heal|p1a: Groudon|100\/100 slp|[silent]\n|move|p2a: \u7f8a\u9a7c\u592a\u5e05\u4e86|Healing Wish|p2a: \u7f8a\u9a7c\u592a\u5e05\u4e86\n|faint|p2a: \u7f8a\u9a7c\u592a\u5e05\u4e86\n|\n|-weather|DesolateLand|[upkeep]\n|upkeep\n|\n|t:|1700362032\n|switch|p2a: \u5854\u7237\u7684\u7269\u653b\u5df2\u7ecf\u6765\u5230\u4e8613000\u70b9|Melmetal, tera:Steel|88\/100 brn\n|-heal|p2a: \u5854\u7237\u7684\u7269\u653b\u5df2\u7ecf\u6765\u5230\u4e8613000\u70b9|100\/100|[from] move: Healing Wish\n|turn|24\n|\n|t:|1700362039\n|-weather|none\n|switch|p1a: Arceus|Arceus-Dark, tera:Water|100\/100\n|move|p2a: \u5854\u7237\u7684\u7269\u653b\u5df2\u7ecf\u6765\u5230\u4e8613000\u70b9|Double Iron Bash|p1a: Arceus\n|-resisted|p1a: Arceus\n|-damage|p1a: Arceus|78\/100\n|-resisted|p1a: Arceus\n|-damage|p1a: Arceus|56\/100\n|-hitcount|p1a: Arceus|2\n|\n|upkeep\n|turn|25\n|\n|t:|1700362052\n|move|p2a: \u5854\u7237\u7684\u7269\u653b\u5df2\u7ecf\u6765\u5230\u4e8613000\u70b9|Double Iron Bash|p1a: Arceus\n|-resisted|p1a: Arceus\n|-damage|p1a: Arceus|36\/100\n|-resisted|p1a: Arceus\n|-crit|p1a: Arceus\n|-damage|p1a: Arceus|5\/100\n|-hitcount|p1a: Arceus|2\n|cant|p1a: Arceus|flinch\n|\n|upkeep\n|turn|26\n|\n|t:|1700362066\n|switch|p1a: Bombirdier|Bombirdier, F|100\/100\n|move|p2a: \u5854\u7237\u7684\u7269\u653b\u5df2\u7ecf\u6765\u5230\u4e8613000\u70b9|Double Iron Bash|p1a: Bombirdier\n|-damage|p1a: Bombirdier|0 fnt\n|faint|p1a: Bombirdier\n|-hitcount|p1: Bombirdier|1\n|\n|-fieldend|move: Trick Room\n|upkeep\n|\n|t:|1700362073\n|switch|p1a: Arceus|Arceus-Dark, tera:Water|5\/100\n|turn|27\n|\n|t:|1700362078\n|switch|p2a: 3D\u9f99\u8089\u5230\u6b7b\uff0c\u62cd\u843d\u9664\u5916|Porygon2|59\/100 tox\n|-ability|p2a: 3D\u9f99\u8089\u5230\u6b7b\uff0c\u62cd\u843d\u9664\u5916|Download|boost\n|-boost|p2a: 3D\u9f99\u8089\u5230\u6b7b\uff0c\u62cd\u843d\u9664\u5916|spa|1\n|move|p1a: Arceus|Recover|p1a: Arceus\n|-heal|p1a: Arceus|55\/100\n|\n|-damage|p2a: 3D\u9f99\u8089\u5230\u6b7b\uff0c\u62cd\u843d\u9664\u5916|53\/100 tox|[from] psn\n|upkeep\n|turn|28\n|\n|t:|1700362086\n|move|p1a: Arceus|Recover|p1a: Arceus\n|-heal|p1a: Arceus|100\/100\n|move|p2a: 3D\u9f99\u8089\u5230\u6b7b\uff0c\u62cd\u843d\u9664\u5916|Trick Room|p2a: 3D\u9f99\u8089\u5230\u6b7b\uff0c\u62cd\u843d\u9664\u5916\n|-fieldstart|move: Trick Room|[of] p2a: 3D\u9f99\u8089\u5230\u6b7b\uff0c\u62cd\u843d\u9664\u5916\n|\n|-damage|p2a: 3D\u9f99\u8089\u5230\u6b7b\uff0c\u62cd\u843d\u9664\u5916|41\/100 tox|[from] psn\n|upkeep\n|turn|29\n|\n|t:|1700362101\n|move|p1a: Arceus|Foul Play|p2a: 3D\u9f99\u8089\u5230\u6b7b\uff0c\u62cd\u843d\u9664\u5916\n|-damage|p2a: 3D\u9f99\u8089\u5230\u6b7b\uff0c\u62cd\u843d\u9664\u5916|28\/100 tox\n|move|p2a: 3D\u9f99\u8089\u5230\u6b7b\uff0c\u62cd\u843d\u9664\u5916|Teleport|p2a: 3D\u9f99\u8089\u5230\u6b7b\uff0c\u62cd\u843d\u9664\u5916\n|\n|t:|1700362106\n|switch|p2a: \u4f60\u662f\u4ec0\u4e48\u56fa\u62c9\u591a\uff1f|Kyogre-Primal|63\/100 tox|[from] Teleport\n|-weather|PrimordialSea|[from] ability: Primordial Sea|[of] p2a: \u4f60\u662f\u4ec0\u4e48\u56fa\u62c9\u591a\uff1f\n|\n|-weather|PrimordialSea|[upkeep]\n|-damage|p2a: \u4f60\u662f\u4ec0\u4e48\u56fa\u62c9\u591a\uff1f|57\/100 tox|[from] psn\n|upkeep\n|turn|30\n|\n|t:|1700362116\n|switch|p1a: Groudon|Groudon-Primal|100\/100 slp\n|-weather|DesolateLand|[from] ability: Desolate Land|[of] p1a: Groudon\n|move|p2a: \u4f60\u662f\u4ec0\u4e48\u56fa\u62c9\u591a\uff1f|Thunder|p1a: Groudon\n|-immune|p1a: Groudon\n|\n|-weather|DesolateLand|[upkeep]\n|-damage|p2a: \u4f60\u662f\u4ec0\u4e48\u56fa\u62c9\u591a\uff1f|45\/100 tox|[from] psn\n|upkeep\n|turn|31\n|\n|t:|1700362124\n|move|p2a: \u4f60\u662f\u4ec0\u4e48\u56fa\u62c9\u591a\uff1f|Ice Beam|p1a: Groudon\n|-damage|p1a: Groudon|55\/100 slp\n|cant|p1a: Groudon|slp\n|\n|-weather|DesolateLand|[upkeep]\n|-damage|p2a: \u4f60\u662f\u4ec0\u4e48\u56fa\u62c9\u591a\uff1f|26\/100 tox|[from] psn\n|upkeep\n|turn|32\n|\n|t:|1700362134\n|-weather|none\n|switch|p1a: Goodra|Goodra-Hisui, M|82\/100\n|move|p2a: \u4f60\u662f\u4ec0\u4e48\u56fa\u62c9\u591a\uff1f|Ice Beam|p1a: Goodra\n|-damage|p1a: Goodra|60\/100\n|\n|-damage|p2a: \u4f60\u662f\u4ec0\u4e48\u56fa\u62c9\u591a\uff1f|1\/100 tox|[from] psn\n|-fieldend|move: Trick Room\n|upkeep\n|turn|33\n|\n|t:|1700362143\n|move|p2a: \u4f60\u662f\u4ec0\u4e48\u56fa\u62c9\u591a\uff1f|Ice Beam|p1a: Goodra\n|-damage|p1a: Goodra|36\/100\n|move|p1a: Goodra|Life Dew|p1a: Goodra\n|-heal|p1a: Goodra|61\/100\n|\n|-damage|p2a: \u4f60\u662f\u4ec0\u4e48\u56fa\u62c9\u591a\uff1f|0 fnt|[from] psn\n|faint|p2a: \u4f60\u662f\u4ec0\u4e48\u56fa\u62c9\u591a\uff1f\n|upkeep\n|\n|t:|1700362147\n|switch|p2a: \u5854\u7237\u7684\u7269\u653b\u5df2\u7ecf\u6765\u5230\u4e8613000\u70b9|Melmetal, tera:Steel|100\/100\n|turn|34\n|\n|t:|1700362159\n|switch|p1a: Arceus|Arceus-Dark, tera:Water|100\/100\n|move|p2a: \u5854\u7237\u7684\u7269\u653b\u5df2\u7ecf\u6765\u5230\u4e8613000\u70b9|Earthquake|p1a: Arceus\n|-damage|p1a: Arceus|72\/100\n|\n|upkeep\n|turn|35\n|\n|t:|1700362171\n|switch|p2a: \u5e3d\u5b50\u53ea\u4f1a\u9001\u6b7b|Hatterene, F|100\/100\n|move|p1a: Arceus|Foul Play|p2a: \u5e3d\u5b50\u53ea\u4f1a\u9001\u6b7b\n|-damage|p2a: \u5e3d\u5b50\u53ea\u4f1a\u9001\u6b7b|68\/100\n|\n|upkeep\n|turn|36\n|\n|t:|1700362185\n|switch|p1a: Lunala|Lunala|100\/100\n|move|p2a: \u5e3d\u5b50\u53ea\u4f1a\u9001\u6b7b|Trick Room|p2a: \u5e3d\u5b50\u53ea\u4f1a\u9001\u6b7b\n|-fieldstart|move: Trick Room|[of] p2a: \u5e3d\u5b50\u53ea\u4f1a\u9001\u6b7b\n|\n|upkeep\n|turn|37\n|\n|t:|1700362193\n|move|p2a: \u5e3d\u5b50\u53ea\u4f1a\u9001\u6b7b|Mystical Fire|p1a: Lunala\n|-damage|p1a: Lunala|93\/100\n|-unboost|p1a: Lunala|spa|1\n|move|p1a: Lunala|Moongeist Beam|p2a: \u5e3d\u5b50\u53ea\u4f1a\u9001\u6b7b\n|-supereffective|p2a: \u5e3d\u5b50\u53ea\u4f1a\u9001\u6b7b\n|-damage|p2a: \u5e3d\u5b50\u53ea\u4f1a\u9001\u6b7b|2\/100\n|\n|upkeep\n|turn|38\n|\n|t:|1700362204\n|move|p2a: \u5e3d\u5b50\u53ea\u4f1a\u9001\u6b7b|Healing Wish|p2a: \u5e3d\u5b50\u53ea\u4f1a\u9001\u6b7b\n|faint|p2a: \u5e3d\u5b50\u53ea\u4f1a\u9001\u6b7b\n|move|p1a: Lunala|Moongeist Beam|p2: \u5e3d\u5b50\u53ea\u4f1a\u9001\u6b7b|[notarget]\n|-fail|p1a: Lunala\n|\n|upkeep\n|\n|t:|1700362208\n|switch|p2a: \u5854\u7237\u7684\u7269\u653b\u5df2\u7ecf\u6765\u5230\u4e8613000\u70b9|Melmetal, tera:Steel|100\/100\n|turn|39\n|\n|t:|1700362238\n|switch|p1a: Groudon|Groudon-Primal|55\/100 slp\n|-weather|DesolateLand|[from] ability: Desolate Land|[of] p1a: Groudon\n|move|p2a: \u5854\u7237\u7684\u7269\u653b\u5df2\u7ecf\u6765\u5230\u4e8613000\u70b9|Thunder Punch|p1a: Groudon\n|-immune|p1a: Groudon\n|\n|-weather|DesolateLand|[upkeep]\n|upkeep\n|turn|40\n|\n|t:|1700362246\n|switch|p2a: 3D\u9f99\u8089\u5230\u6b7b\uff0c\u62cd\u843d\u9664\u5916|Porygon2|28\/100 tox\n|-heal|p2a: 3D\u9f99\u8089\u5230\u6b7b\uff0c\u62cd\u843d\u9664\u5916|100\/100|[from] move: Healing Wish\n|-ability|p2a: 3D\u9f99\u8089\u5230\u6b7b\uff0c\u62cd\u843d\u9664\u5916|Download|boost\n|-boost|p2a: 3D\u9f99\u8089\u5230\u6b7b\uff0c\u62cd\u843d\u9664\u5916|spa|1\n|cant|p1a: Groudon|slp\n|\n|-weather|DesolateLand|[upkeep]\n|-fieldend|move: Trick Room\n|upkeep\n|turn|41\n|\n|t:|1700362254\n|-curestatus|p1a: Groudon|slp|[msg]\n|move|p1a: Groudon|Toxic|p2a: 3D\u9f99\u8089\u5230\u6b7b\uff0c\u62cd\u843d\u9664\u5916\n|-status|p2a: 3D\u9f99\u8089\u5230\u6b7b\uff0c\u62cd\u843d\u9664\u5916|tox\n|move|p2a: 3D\u9f99\u8089\u5230\u6b7b\uff0c\u62cd\u843d\u9664\u5916|Foul Play|p1a: Groudon\n|-crit|p1a: Groudon\n|-damage|p1a: Groudon|32\/100\n|\n|-weather|DesolateLand|[upkeep]\n|-damage|p2a: 3D\u9f99\u8089\u5230\u6b7b\uff0c\u62cd\u843d\u9664\u5916|94\/100 tox|[from] psn\n|upkeep\n|turn|42\n|\n|t:|1700362266\n|move|p1a: Groudon|Rest|p1a: Groudon\n|-status|p1a: Groudon|slp|[from] move: Rest\n|-heal|p1a: Groudon|100\/100 slp|[silent]\n|move|p2a: 3D\u9f99\u8089\u5230\u6b7b\uff0c\u62cd\u843d\u9664\u5916|Teleport|p2a: 3D\u9f99\u8089\u5230\u6b7b\uff0c\u62cd\u843d\u9664\u5916\n|\n|t:|1700362270\n|switch|p2a: \u5854\u7237\u7684\u7269\u653b\u5df2\u7ecf\u6765\u5230\u4e8613000\u70b9|Melmetal, tera:Steel|100\/100|[from] Teleport\n|\n|-weather|DesolateLand|[upkeep]\n|upkeep\n|turn|43\n|\n|t:|1700362284\n|-weather|none\n|switch|p1a: Arceus|Arceus-Dark, tera:Water|72\/100\n|move|p2a: \u5854\u7237\u7684\u7269\u653b\u5df2\u7ecf\u6765\u5230\u4e8613000\u70b9|Earthquake|p1a: Arceus\n|-damage|p1a: Arceus|44\/100\n|\n|upkeep\n|turn|44\n|\n|t:|1700362292\n|switch|p2a: \u5c0f\u8001\u5a46\uff0c\u771f\u7684\u8089|Cresselia, F|100\/100\n|move|p1a: Arceus|Recover|p1a: Arceus\n|-heal|p1a: Arceus|94\/100\n|\n|upkeep\n|turn|45\n|\n|t:|1700362308\n|switch|p1a: Flutter Mane|Flutter Mane|100\/100\n|move|p2a: \u5c0f\u8001\u5a46\uff0c\u771f\u7684\u8089|Toxic|p1a: Flutter Mane\n|-status|p1a: Flutter Mane|tox\n|\n|-damage|p1a: Flutter Mane|95\/100 tox|[from] psn\n|upkeep\n|turn|46\n|\n|t:|1700362317\n|switch|p2a: 3D\u9f99\u8089\u5230\u6b7b\uff0c\u62cd\u843d\u9664\u5916|Porygon2|94\/100 tox\n|-ability|p2a: 3D\u9f99\u8089\u5230\u6b7b\uff0c\u62cd\u843d\u9664\u5916|Download|boost\n|-boost|p2a: 3D\u9f99\u8089\u5230\u6b7b\uff0c\u62cd\u843d\u9664\u5916|atk|1\n|move|p1a: Flutter Mane|Shadow Ball|p2a: 3D\u9f99\u8089\u5230\u6b7b\uff0c\u62cd\u843d\u9664\u5916\n|-immune|p2a: 3D\u9f99\u8089\u5230\u6b7b\uff0c\u62cd\u843d\u9664\u5916\n|\n|-damage|p1a: Flutter Mane|83\/100 tox|[from] psn\n|-damage|p2a: 3D\u9f99\u8089\u5230\u6b7b\uff0c\u62cd\u843d\u9664\u5916|88\/100 tox|[from] psn\n|upkeep\n|turn|47\n|\n|t:|1700362329\n|-end|p1a: Flutter Mane|Protosynthesis|[silent]\n|switch|p1a: Goodra|Goodra-Hisui, M|61\/100\n|move|p2a: 3D\u9f99\u8089\u5230\u6b7b\uff0c\u62cd\u843d\u9664\u5916|Trick Room|p2a: 3D\u9f99\u8089\u5230\u6b7b\uff0c\u62cd\u843d\u9664\u5916\n|-fieldstart|move: Trick Room|[of] p2a: 3D\u9f99\u8089\u5230\u6b7b\uff0c\u62cd\u843d\u9664\u5916\n|\n|-damage|p2a: 3D\u9f99\u8089\u5230\u6b7b\uff0c\u62cd\u843d\u9664\u5916|76\/100 tox|[from] psn\n|upkeep\n|turn|48\n|\n|t:|1700362341\n|move|p1a: Goodra|Dragon Tail|p2a: 3D\u9f99\u8089\u5230\u6b7b\uff0c\u62cd\u843d\u9664\u5916|[miss]\n|-miss|p1a: Goodra|p2a: 3D\u9f99\u8089\u5230\u6b7b\uff0c\u62cd\u843d\u9664\u5916\n|move|p2a: 3D\u9f99\u8089\u5230\u6b7b\uff0c\u62cd\u843d\u9664\u5916|Teleport|p2a: 3D\u9f99\u8089\u5230\u6b7b\uff0c\u62cd\u843d\u9664\u5916\n|\n|t:|1700362346\n|switch|p2a: \u5854\u7237\u7684\u7269\u653b\u5df2\u7ecf\u6765\u5230\u4e8613000\u70b9|Melmetal, tera:Steel|100\/100|[from] Teleport\n|\n|upkeep\n|turn|49\n|\n|t:|1700362357\n|switch|p1a: Arceus|Arceus-Dark, tera:Water|94\/100\n|move|p2a: \u5854\u7237\u7684\u7269\u653b\u5df2\u7ecf\u6765\u5230\u4e8613000\u70b9|Earthquake|p1a: Arceus\n|-damage|p1a: Arceus|64\/100\n|\n|upkeep\n|turn|50\n|\n|t:|1700362368\n|switch|p2a: \u5c0f\u8001\u5a46\uff0c\u771f\u7684\u8089|Cresselia, F|100\/100\n|move|p1a: Arceus|Will-O-Wisp|p2a: \u5c0f\u8001\u5a46\uff0c\u771f\u7684\u8089\n|-status|p2a: \u5c0f\u8001\u5a46\uff0c\u771f\u7684\u8089|brn\n|\n|-damage|p2a: \u5c0f\u8001\u5a46\uff0c\u771f\u7684\u8089|94\/100 brn|[from] brn\n|upkeep\n|turn|51\n|\n|t:|1700362379\n|move|p2a: \u5c0f\u8001\u5a46\uff0c\u771f\u7684\u8089|Toxic|p1a: Arceus\n|-status|p1a: Arceus|tox\n|move|p1a: Arceus|Recover|p1a: Arceus\n|-heal|p1a: Arceus|100\/100 tox\n|\n|-damage|p1a: Arceus|94\/100 tox|[from] psn\n|-damage|p2a: \u5c0f\u8001\u5a46\uff0c\u771f\u7684\u8089|88\/100 brn|[from] brn\n|-fieldend|move: Trick Room\n|upkeep\n|turn|52\n|\n|t:|1700362387\n|switch|p1a: Lunala|Lunala|93\/100\n|move|p2a: \u5c0f\u8001\u5a46\uff0c\u771f\u7684\u8089|Toxic|p1a: Lunala\n|-status|p1a: Lunala|tox\n|\n|-damage|p1a: Lunala|87\/100 tox|[from] psn\n|-damage|p2a: \u5c0f\u8001\u5a46\uff0c\u771f\u7684\u8089|82\/100 brn|[from] brn\n|upkeep\n|turn|53\n|\n|t:|1700362401\n|switch|p1a: Groudon|Groudon-Primal|100\/100 slp\n|-weather|DesolateLand|[from] ability: Desolate Land|[of] p1a: Groudon\n|switch|p2a: 3D\u9f99\u8089\u5230\u6b7b\uff0c\u62cd\u843d\u9664\u5916|Porygon2|76\/100 tox\n|-ability|p2a: 3D\u9f99\u8089\u5230\u6b7b\uff0c\u62cd\u843d\u9664\u5916|Download|boost\n|-boost|p2a: 3D\u9f99\u8089\u5230\u6b7b\uff0c\u62cd\u843d\u9664\u5916|spa|1\n|\n|-weather|DesolateLand|[upkeep]\n|-damage|p2a: 3D\u9f99\u8089\u5230\u6b7b\uff0c\u62cd\u843d\u9664\u5916|70\/100 tox|[from] psn\n|upkeep\n|turn|54\n|\n|t:|1700362411\n|cant|p1a: Groudon|slp\n|move|p2a: 3D\u9f99\u8089\u5230\u6b7b\uff0c\u62cd\u843d\u9664\u5916|Trick Room|p2a: 3D\u9f99\u8089\u5230\u6b7b\uff0c\u62cd\u843d\u9664\u5916\n|-fieldstart|move: Trick Room|[of] p2a: 3D\u9f99\u8089\u5230\u6b7b\uff0c\u62cd\u843d\u9664\u5916\n|\n|-weather|DesolateLand|[upkeep]\n|-damage|p2a: 3D\u9f99\u8089\u5230\u6b7b\uff0c\u62cd\u843d\u9664\u5916|57\/100 tox|[from] psn\n|upkeep\n|turn|55\n|\n|t:|1700362424\n|cant|p1a: Groudon|slp\n|move|p2a: 3D\u9f99\u8089\u5230\u6b7b\uff0c\u62cd\u843d\u9664\u5916|Teleport|p2a: 3D\u9f99\u8089\u5230\u6b7b\uff0c\u62cd\u843d\u9664\u5916\n|\n|t:|1700362436\n|switch|p2a: \u5854\u7237\u7684\u7269\u653b\u5df2\u7ecf\u6765\u5230\u4e8613000\u70b9|Melmetal, tera:Steel|100\/100|[from] Teleport\n|\n|-weather|DesolateLand|[upkeep]\n|upkeep\n|turn|56\n|\n|t:|1700362456\n|-weather|none\n|switch|p1a: Lunala|Lunala|87\/100 tox\n|move|p2a: \u5854\u7237\u7684\u7269\u653b\u5df2\u7ecf\u6765\u5230\u4e8613000\u70b9|Earthquake|p1a: Lunala\n|-damage|p1a: Lunala|35\/100 tox\n|\n|-damage|p1a: Lunala|29\/100 tox|[from] psn\n|upkeep\n|turn|57\n|\n|t:|1700362471\n|switch|p1a: Arceus|Arceus-Dark, tera:Water|94\/100 tox\n|move|p2a: \u5854\u7237\u7684\u7269\u653b\u5df2\u7ecf\u6765\u5230\u4e8613000\u70b9|Earthquake|p1a: Arceus\n|-damage|p1a: Arceus|64\/100 tox\n|\n|-damage|p1a: Arceus|58\/100 tox|[from] psn\n|upkeep\n|turn|58\n|\n|t:|1700362480\n|switch|p2a: \u5c0f\u8001\u5a46\uff0c\u771f\u7684\u8089|Cresselia, F|82\/100 brn\n|move|p1a: Arceus|Recover|p1a: Arceus\n|-heal|p1a: Arceus|100\/100 tox\n|\n|-damage|p1a: Arceus|88\/100 tox|[from] psn\n|-damage|p2a: \u5c0f\u8001\u5a46\uff0c\u771f\u7684\u8089|76\/100 brn|[from] brn\n|-fieldend|move: Trick Room\n|upkeep\n|turn|59\n|\n|t:|1700362489\n|switch|p1a: Groudon|Groudon-Primal|100\/100 slp\n|-weather|DesolateLand|[from] ability: Desolate Land|[of] p1a: Groudon\n|move|p2a: \u5c0f\u8001\u5a46\uff0c\u771f\u7684\u8089|Trick Room|p2a: \u5c0f\u8001\u5a46\uff0c\u771f\u7684\u8089\n|-fieldstart|move: Trick Room|[of] p2a: \u5c0f\u8001\u5a46\uff0c\u771f\u7684\u8089\n|\n|-weather|DesolateLand|[upkeep]\n|-damage|p2a: \u5c0f\u8001\u5a46\uff0c\u771f\u7684\u8089|70\/100 brn|[from] brn\n|upkeep\n|turn|60\n|\n|t:|1700362498\n|move|p2a: \u5c0f\u8001\u5a46\uff0c\u771f\u7684\u8089|Moonlight|p2a: \u5c0f\u8001\u5a46\uff0c\u771f\u7684\u8089\n|-heal|p2a: \u5c0f\u8001\u5a46\uff0c\u771f\u7684\u8089|100\/100 brn\n|-curestatus|p1a: Groudon|slp|[msg]\n|move|p1a: Groudon|Overheat|p2a: \u5c0f\u8001\u5a46\uff0c\u771f\u7684\u8089\n|-damage|p2a: \u5c0f\u8001\u5a46\uff0c\u771f\u7684\u8089|42\/100 brn\n|-unboost|p1a: Groudon|spa|2\n|\n|-weather|DesolateLand|[upkeep]\n|-damage|p2a: \u5c0f\u8001\u5a46\uff0c\u771f\u7684\u8089|36\/100 brn|[from] brn\n|upkeep\n|turn|61\n|\n|t:|1700362509\n|-weather|none\n|switch|p1a: Flutter Mane|Flutter Mane|83\/100 tox\n|move|p2a: \u5c0f\u8001\u5a46\uff0c\u771f\u7684\u8089|Moonlight|p2a: \u5c0f\u8001\u5a46\uff0c\u771f\u7684\u8089\n|-heal|p2a: \u5c0f\u8001\u5a46\uff0c\u771f\u7684\u8089|86\/100 brn\n|\n|-damage|p1a: Flutter Mane|77\/100 tox|[from] psn\n|-damage|p2a: \u5c0f\u8001\u5a46\uff0c\u771f\u7684\u8089|80\/100 brn|[from] brn\n|upkeep\n|turn|62\n|\n|t:|1700362521\n|switch|p2a: 3D\u9f99\u8089\u5230\u6b7b\uff0c\u62cd\u843d\u9664\u5916|Porygon2|57\/100 tox\n|-ability|p2a: 3D\u9f99\u8089\u5230\u6b7b\uff0c\u62cd\u843d\u9664\u5916|Download|boost\n|-boost|p2a: 3D\u9f99\u8089\u5230\u6b7b\uff0c\u62cd\u843d\u9664\u5916|atk|1\n|move|p1a: Flutter Mane|Moonblast|p2a: 3D\u9f99\u8089\u5230\u6b7b\uff0c\u62cd\u843d\u9664\u5916\n|-damage|p2a: 3D\u9f99\u8089\u5230\u6b7b\uff0c\u62cd\u843d\u9664\u5916|15\/100 tox\n|\n|-damage|p2a: 3D\u9f99\u8089\u5230\u6b7b\uff0c\u62cd\u843d\u9664\u5916|9\/100 tox|[from] psn\n|-damage|p1a: Flutter Mane|65\/100 tox|[from] psn\n|upkeep\n|turn|63\n|\n|t:|1700362530\n|move|p2a: 3D\u9f99\u8089\u5230\u6b7b\uff0c\u62cd\u843d\u9664\u5916|Foul Play|p1a: Flutter Mane\n|-crit|p1a: Flutter Mane\n|-damage|p1a: Flutter Mane|32\/100 tox\n|move|p1a: Flutter Mane|Moonblast|p2a: 3D\u9f99\u8089\u5230\u6b7b\uff0c\u62cd\u843d\u9664\u5916\n|-damage|p2a: 3D\u9f99\u8089\u5230\u6b7b\uff0c\u62cd\u843d\u9664\u5916|0 fnt\n|faint|p2a: 3D\u9f99\u8089\u5230\u6b7b\uff0c\u62cd\u843d\u9664\u5916\n|\n|-damage|p1a: Flutter Mane|14\/100 tox|[from] psn\n|-fieldend|move: Trick Room\n|upkeep\n|\n|t:|1700362534\n|switch|p2a: \u5854\u7237\u7684\u7269\u653b\u5df2\u7ecf\u6765\u5230\u4e8613000\u70b9|Melmetal, tera:Steel|100\/100\n|turn|64\n|\n|t:|1700362541\n|-end|p1a: Flutter Mane|Protosynthesis|[silent]\n|switch|p1a: Lunala|Lunala|29\/100 tox\n|move|p2a: \u5854\u7237\u7684\u7269\u653b\u5df2\u7ecf\u6765\u5230\u4e8613000\u70b9|Earthquake|p1a: Lunala\n|-damage|p1a: Lunala|0 fnt\n|faint|p1a: Lunala\n|\n|upkeep\n|\n|t:|1700362548\n|switch|p1a: Groudon|Groudon-Primal|100\/100\n|-weather|DesolateLand|[from] ability: Desolate Land|[of] p1a: Groudon\n|turn|65\n|\n|t:|1700362552\n|switch|p2a: \u5c0f\u8001\u5a46\uff0c\u771f\u7684\u8089|Cresselia, F|80\/100 brn\n|move|p1a: Groudon|Overheat|p2a: \u5c0f\u8001\u5a46\uff0c\u771f\u7684\u8089\n|-damage|p2a: \u5c0f\u8001\u5a46\uff0c\u771f\u7684\u8089|22\/100 brn\n|-unboost|p1a: Groudon|spa|2\n|\n|-weather|DesolateLand|[upkeep]\n|-damage|p2a: \u5c0f\u8001\u5a46\uff0c\u771f\u7684\u8089|16\/100 brn|[from] brn\n|upkeep\n|turn|66\n|\n|t:|1700362560\n|move|p1a: Groudon|Overheat|p2a: \u5c0f\u8001\u5a46\uff0c\u771f\u7684\u8089\n|-damage|p2a: \u5c0f\u8001\u5a46\uff0c\u771f\u7684\u8089|0 fnt\n|-unboost|p1a: Groudon|spa|2\n|faint|p2a: \u5c0f\u8001\u5a46\uff0c\u771f\u7684\u8089\n|\n|-weather|DesolateLand|[upkeep]\n|upkeep\n|\n|t:|1700362564\n|switch|p2a: \u5854\u7237\u7684\u7269\u653b\u5df2\u7ecf\u6765\u5230\u4e8613000\u70b9|Melmetal, tera:Steel|100\/100\n|turn|67\n|\n|t:|1700362570\n|-weather|none\n|switch|p1a: Goodra|Goodra-Hisui, M|61\/100\n|move|p2a: \u5854\u7237\u7684\u7269\u653b\u5df2\u7ecf\u6765\u5230\u4e8613000\u70b9|Earthquake|p1a: Goodra\n|-supereffective|p1a: Goodra\n|-damage|p1a: Goodra|0 fnt\n|faint|p1a: Goodra\n|\n|upkeep\n|\n|t:|1700362577\n|switch|p1a: Flutter Mane|Flutter Mane|14\/100 tox\n|turn|68\n|-message|if canot forfeited.\n|\n|win|kitmash\n|raw|kitmash's rating: 1599 &rarr; <strong>1624<\/strong><br \/>(+25 for winning)\n|raw|if canot's rating: 1686 &rarr; <strong>1661<\/strong><br \/>(-25 for losing)\n|l|\u2606if canot\n","uploadtime":1700362618,"views":7,"p1id":"kitmash","p2id":"ifcanot","formatid":"gen9nationaldexubers","rating":1624,"private":0,"password":""}