{"id":"gen9nationaldexubers-1996329895","p1":"asusnub","p2":"splat_chat","format":"[Gen 9] National Dex Ubers","log":"|j|\u2606asusnub\n|j|\u2606splat_chat\n|t:|1700671746\n|gametype|singles\n|player|p1|asusnub|266|1000\n|player|p2|splat_chat|ghetsis-gen5bw|1048\n|teamsize|p1|6\n|teamsize|p2|6\n|gen|9\n|tier|[Gen 9] National Dex Ubers\n|rated|\n|rule|HP Percentage Mod: HP is shown in percentages\n|rule|Endless Battle Clause: Forcing endless battles is banned\n|rule|OHKO Clause: OHKO moves are banned\n|rule|Evasion Moves Clause: Evasion moves are banned\n|rule|Evasion Items Clause: Evasion items are banned\n|rule|Species Clause: Limit one of each Pok\u00e9mon\n|rule|Sleep Clause Mod: Limit one foe put to sleep\n|rule|Mega Rayquaza Clause: You cannot mega evolve Rayquaza\n|clearpoke\n|poke|p1|Typhlosion, M|\n|poke|p1|Ferrothorn, M|\n|poke|p1|Annihilape, M|\n|poke|p1|Toxapex, M|\n|poke|p1|Gliscor, F|\n|poke|p1|Chien-Pao|\n|poke|p2|Ogerpon, F|\n|poke|p2|Necrozma-Dusk-Mane|\n|poke|p2|Arceus-Dragon|\n|poke|p2|Darkrai|\n|poke|p2|Skeledirge, M|\n|poke|p2|Kommo-o, M|\n|teampreview\n|\n|t:|1700671776\n|start\n|switch|p1a: Ferrothorn|Ferrothorn, M, shiny|100\/100\n|switch|p2a: Kommo-o|Kommo-o, M|100\/100\n|turn|1\n|\n|t:|1700671788\n|-zpower|p2a: Kommo-o\n|move|p2a: Kommo-o|Clangorous Soulblaze|p1a: Ferrothorn|[zeffect]\n|-resisted|p1a: Ferrothorn\n|-damage|p1a: Ferrothorn|74\/100\n|-boost|p2a: Kommo-o|atk|1\n|-boost|p2a: Kommo-o|def|1\n|-boost|p2a: Kommo-o|spa|1\n|-boost|p2a: Kommo-o|spd|1\n|-boost|p2a: Kommo-o|spe|1\n|move|p1a: Ferrothorn|Leech Seed|p2a: Kommo-o\n|-start|p2a: Kommo-o|move: Leech Seed\n|\n|-damage|p2a: Kommo-o|88\/100|[from] Leech Seed|[of] p1a: Ferrothorn\n|-heal|p1a: Ferrothorn|84\/100|[silent]\n|upkeep\n|turn|2\n|\n|t:|1700671805\n|move|p1a: Ferrothorn|Protect|p1a: Ferrothorn\n|-singleturn|p1a: Ferrothorn|Protect\n|move|p2a: Kommo-o|Aura Sphere|p1a: Ferrothorn\n|-activate|p1a: Ferrothorn|move: Protect\n|\n|-damage|p2a: Kommo-o|76\/100|[from] Leech Seed|[of] p1a: Ferrothorn\n|-heal|p1a: Ferrothorn|95\/100|[silent]\n|upkeep\n|turn|3\n|\n|t:|1700671816\n|switch|p1a: KFC|Annihilape, M|100\/100\n|move|p2a: Kommo-o|Clanging Scales|p1a: KFC\n|-damage|p1a: KFC|54\/100\n|-unboost|p2a: Kommo-o|def|1\n|\n|-heal|p1a: KFC|60\/100|[from] item: Leftovers\n|-damage|p2a: Kommo-o|63\/100|[from] Leech Seed|[of] p1a: KFC\n|-heal|p1a: KFC|68\/100|[silent]\n|upkeep\n|turn|4\n|\n|t:|1700671838\n|move|p2a: Kommo-o|Aqua Tail|p1a: KFC\n|-damage|p1a: KFC|28\/100\n|move|p1a: KFC|Stealth Rock|p2a: Kommo-o\n|-sidestart|p2: splat_chat|move: Stealth Rock\n|\n|-heal|p1a: KFC|34\/100|[from] item: Leftovers\n|-damage|p2a: Kommo-o|51\/100|[from] Leech Seed|[of] p1a: KFC\n|-heal|p1a: KFC|42\/100|[silent]\n|upkeep\n|turn|5\n|\n|t:|1700671850\n|switch|p1a: Ferrothorn|Ferrothorn, M, shiny|95\/100\n|move|p2a: Kommo-o|Aura Sphere|p1a: Ferrothorn\n|-supereffective|p1a: Ferrothorn\n|-damage|p1a: Ferrothorn|26\/100\n|\n|-damage|p2a: Kommo-o|39\/100|[from] Leech Seed|[of] p1a: Ferrothorn\n|-heal|p1a: Ferrothorn|36\/100|[silent]\n|upkeep\n|turn|6\n|\n|t:|1700671860\n|move|p1a: Ferrothorn|Protect|p1a: Ferrothorn\n|-singleturn|p1a: Ferrothorn|Protect\n|move|p2a: Kommo-o|Aura Sphere|p1a: Ferrothorn\n|-activate|p1a: Ferrothorn|move: Protect\n|\n|-damage|p2a: Kommo-o|26\/100|[from] Leech Seed|[of] p1a: Ferrothorn\n|-heal|p1a: Ferrothorn|46\/100|[silent]\n|upkeep\n|turn|7\n|\n|t:|1700671874\n|switch|p1a: Toxapex|Toxapex, M, shiny|100\/100\n|move|p2a: Kommo-o|Aura Sphere|p1a: Toxapex\n|-resisted|p1a: Toxapex\n|-damage|p1a: Toxapex|87\/100\n|\n|-heal|p1a: Toxapex|93\/100|[from] item: Black Sludge\n|-damage|p2a: Kommo-o|14\/100|[from] Leech Seed|[of] p1a: Toxapex\n|-heal|p1a: Toxapex|100\/100|[silent]\n|upkeep\n|turn|8\n|\n|t:|1700671887\n|move|p2a: Kommo-o|Clanging Scales|p1a: Toxapex\n|-damage|p1a: Toxapex|62\/100\n|-unboost|p2a: Kommo-o|def|1\n|move|p1a: Toxapex|Toxic Spikes|p2a: Kommo-o\n|-sidestart|p2: splat_chat|move: Toxic Spikes\n|\n|-heal|p1a: Toxapex|68\/100|[from] item: Black Sludge\n|-damage|p2a: Kommo-o|2\/100|[from] Leech Seed|[of] p1a: Toxapex\n|-heal|p1a: Toxapex|80\/100|[silent]\n|upkeep\n|turn|9\n|\n|t:|1700671898\n|switch|p2a: Arceus|Arceus-Dragon|100\/100\n|-damage|p2a: Arceus|88\/100|[from] Stealth Rock\n|-status|p2a: Arceus|psn\n|move|p1a: Toxapex|Baneful Bunker||[still]\n|-fail|p1a: Toxapex\n|\n|-heal|p1a: Toxapex|86\/100|[from] item: Black Sludge\n|-damage|p2a: Arceus|76\/100 psn|[from] psn\n|upkeep\n|turn|10\n|\n|t:|1700671920\n|switch|p1a: Ferrothorn|Ferrothorn, M, shiny|46\/100\n|-terastallize|p2a: Arceus|Normal\n|move|p2a: Arceus|Air Slash|p1a: Ferrothorn\n|-damage|p1a: Ferrothorn|29\/100\n|\n|-damage|p2a: Arceus|63\/100 psn|[from] psn\n|upkeep\n|turn|11\n|\n|t:|1700671958\n|move|p2a: Arceus|Aura Sphere|p1a: Ferrothorn\n|-supereffective|p1a: Ferrothorn\n|-damage|p1a: Ferrothorn|0 fnt\n|faint|p1a: Ferrothorn\n|\n|-damage|p2a: Arceus|51\/100 psn|[from] psn\n|upkeep\n|\n|t:|1700671973\n|switch|p1a: Canada|Typhlosion, M|100\/100\n|turn|12\n|inactive|Battle timer is ON: inactive players will automatically lose when time's up. (requested by asusnub)\n|inactive|splat_chat has 120 seconds left.\n|inactive|splat_chat has 90 seconds left.\n|inactive|splat_chat has 60 seconds left.\n|inactive|splat_chat has 30 seconds left.\n|inactive|splat_chat has 20 seconds left.\n|inactive|splat_chat has 15 seconds left.\n|inactive|splat_chat has 10 seconds left.\n|inactive|splat_chat has 5 seconds left.\n|-message|splat_chat lost due to inactivity.\n|\n|win|asusnub\n|raw|asusnub's rating: 1000 &rarr; <strong>1045<\/strong><br \/>(+45 for winning)\n|raw|splat_chat's rating: 1048 &rarr; <strong>1028<\/strong><br \/>(-20 for losing)\n","uploadtime":1700672233,"views":3,"p1id":"asusnub","p2id":"splatchat","formatid":"gen9nationaldexubers","rating":1028,"private":0,"password":""}