{"id":"gen9nationaldexubers-1991033030","p1":"Miso678","p2":"Nodarkvoidnerf","format":"[Gen 9] National Dex Ubers","log":"|j|\u2606Miso678\n|j|\u2606Nodarkvoidnerf\n|t:|1700031537\n|gametype|singles\n|player|p1|Miso678|plasmagrunt|1170\n|player|p2|Nodarkvoidnerf|169|1290\n|teamsize|p1|6\n|teamsize|p2|6\n|gen|9\n|tier|[Gen 9] National Dex Ubers\n|rated|\n|rule|HP Percentage Mod: HP is shown in percentages\n|rule|Endless Battle Clause: Forcing endless battles is banned\n|rule|OHKO Clause: OHKO moves are banned\n|rule|Evasion Moves Clause: Evasion moves are banned\n|rule|Evasion Items Clause: Evasion items are banned\n|rule|Species Clause: Limit one of each Pok\u00e9mon\n|rule|Sleep Clause Mod: Limit one foe put to sleep\n|rule|Mega Rayquaza Clause: You cannot mega evolve Rayquaza\n|clearpoke\n|poke|p1|Quagsire, M|\n|poke|p1|Chi-Yu|\n|poke|p1|Meganium, F|\n|poke|p1|Salamence, F|\n|poke|p1|Tinkaton, F|\n|poke|p1|Glimmora, F|\n|poke|p2|Torkoal, F|\n|poke|p2|Charizard, F|\n|poke|p2|Groudon|\n|poke|p2|Walking Wake|\n|poke|p2|Chi-Yu|\n|poke|p2|Necrozma-Dusk-Mane|\n|teampreview\n|\n|t:|1700031559\n|start\n|switch|p1a: Ironmouse|Tinkaton, F|100\/100\n|switch|p2a: Torkoal|Torkoal, F|100\/100\n|-ability|p1a: Ironmouse|Mold Breaker\n|-weather|SunnyDay|[from] ability: Drought|[of] p2a: Torkoal\n|turn|1\n|\n|t:|1700031567\n|move|p1a: Ironmouse|Fake Out|p2a: Torkoal\n|-damage|p2a: Torkoal|95\/100\n|cant|p2a: Torkoal|flinch\n|\n|-weather|SunnyDay|[upkeep]\n|upkeep\n|turn|2\n|\n|t:|1700031575\n|move|p1a: Ironmouse|Reflect|p1a: Ironmouse\n|-sidestart|p1: Miso678|Reflect\n|move|p2a: Torkoal|Stealth Rock|p1a: Ironmouse\n|-sidestart|p1: Miso678|move: Stealth Rock\n|\n|-weather|SunnyDay|[upkeep]\n|upkeep\n|turn|3\n|\n|t:|1700031580\n|move|p1a: Ironmouse|Stealth Rock|p2a: Torkoal\n|-sidestart|p2: Nodarkvoidnerf|move: Stealth Rock\n|move|p2a: Torkoal|Clear Smog|p1a: Ironmouse\n|-immune|p1a: Ironmouse\n|\n|-weather|SunnyDay|[upkeep]\n|upkeep\n|turn|4\n|\n|t:|1700031588\n|move|p1a: Ironmouse|Thunder Wave|p2a: Torkoal\n|-status|p2a: Torkoal|par\n|move|p2a: Torkoal|Lava Plume|p1a: Ironmouse\n|-supereffective|p1a: Ironmouse\n|-damage|p1a: Ironmouse|34\/100\n|-enditem|p1a: Ironmouse|Red Card|[of] p2a: Torkoal\n|drag|p2a: Necrozma|Necrozma-Dusk-Mane|100\/100\n|-damage|p2a: Necrozma|95\/100|[from] Stealth Rock\n|\n|-weather|SunnyDay|[upkeep]\n|upkeep\n|turn|5\n|\n|t:|1700031602\n|move|p2a: Necrozma|Dragon Dance|p2a: Necrozma\n|-boost|p2a: Necrozma|atk|1\n|-boost|p2a: Necrozma|spe|1\n|move|p1a: Ironmouse|Thunder Wave|p2a: Necrozma\n|-status|p2a: Necrozma|par\n|\n|-weather|SunnyDay|[upkeep]\n|upkeep\n|turn|6\n|\n|t:|1700031611\n|switch|p1a: Beyblade|Glimmora, F|100\/100\n|-damage|p1a: Beyblade|88\/100|[from] Stealth Rock\n|cant|p2a: Necrozma|par\n|\n|-weather|SunnyDay|[upkeep]\n|-sideend|p1: Miso678|Reflect\n|upkeep\n|turn|7\n|\n|t:|1700031620\n|move|p1a: Beyblade|Toxic Spikes|p2a: Necrozma\n|-sidestart|p2: Nodarkvoidnerf|move: Toxic Spikes\n|move|p2a: Necrozma|Earthquake|p1a: Beyblade\n|-supereffective|p1a: Beyblade\n|-damage|p1a: Beyblade|0 fnt\n|-activate|p1a: Beyblade|ability: Toxic Debris\n|-sidestart|p2: Nodarkvoidnerf|move: Toxic Spikes\n|faint|p1a: Beyblade\n|\n|-weather|SunnyDay|[upkeep]\n|upkeep\n|\n|t:|1700031630\n|switch|p1a: Fillet o Fish|Chi-Yu|100\/100\n|-ability|p1a: Fillet o Fish|Beads of Ruin\n|turn|8\n|\n|t:|1700031638\n|detailschange|p2a: Necrozma|Necrozma-Ultra\n|-burst|p2a: Necrozma|Necrozma|Ultranecrozium Z\n|move|p1a: Fillet o Fish|Flamethrower|p2a: Necrozma\n|-resisted|p2a: Necrozma\n|-damage|p2a: Necrozma|36\/100 par\n|move|p2a: Necrozma|Earthquake|p1a: Fillet o Fish\n|-supereffective|p1a: Fillet o Fish\n|-damage|p1a: Fillet o Fish|0 fnt\n|faint|p1a: Fillet o Fish\n|\n|-weather|none\n|upkeep\n|\n|t:|1700031649\n|switch|p1a: Anti Palkia|Salamence, F|100\/100\n|-damage|p1a: Anti Palkia|76\/100|[from] Stealth Rock\n|-ability|p1a: Anti Palkia|Intimidate|boost\n|-unboost|p2a: Necrozma|atk|1\n|turn|9\n|\n|t:|1700031655\n|detailschange|p1a: Anti Palkia|Salamence-Mega, F\n|-mega|p1a: Anti Palkia|Salamence|Salamencite\n|move|p1a: Anti Palkia|Dragon Claw|p2a: Necrozma\n|-supereffective|p2a: Necrozma\n|-damage|p2a: Necrozma|0 fnt\n|faint|p2a: Necrozma\n|\n|upkeep\n|\n|t:|1700031671\n|switch|p2a: Charizard|Charizard, F|100\/100\n|-damage|p2a: Charizard|51\/100|[from] Stealth Rock\n|turn|10\n|\n|t:|1700031677\n|detailschange|p2a: Charizard|Charizard-Mega-Y, F\n|-mega|p2a: Charizard|Charizard|Charizardite Y\n|-weather|SunnyDay|[from] ability: Drought|[of] p2a: Charizard\n|move|p1a: Anti Palkia|Frustration|p2a: Charizard\n|-damage|p2a: Charizard|0 fnt\n|faint|p2a: Charizard\n|\n|-weather|SunnyDay|[upkeep]\n|upkeep\n|\n|t:|1700031687\n|switch|p2a: Walking Wake|Walking Wake|100\/100\n|-damage|p2a: Walking Wake|88\/100|[from] Stealth Rock\n|-status|p2a: Walking Wake|tox\n|-activate|p2a: Walking Wake|ability: Protosynthesis\n|-start|p2a: Walking Wake|protosynthesisspe\n|turn|11\n|\n|t:|1700031696\n|switch|p1a: Ironmouse|Tinkaton, F|34\/100\n|-damage|p1a: Ironmouse|28\/100|[from] Stealth Rock\n|-ability|p1a: Ironmouse|Mold Breaker\n|move|p2a: Walking Wake|Dragon Pulse|p1a: Ironmouse\n|-immune|p1a: Ironmouse\n|\n|-weather|SunnyDay|[upkeep]\n|-damage|p2a: Walking Wake|82\/100 tox|[from] psn\n|upkeep\n|turn|12\n|\n|t:|1700031708\n|move|p1a: Ironmouse|Fake Out|p2a: Walking Wake\n|-damage|p2a: Walking Wake|74\/100 tox\n|cant|p2a: Walking Wake|flinch\n|\n|-weather|SunnyDay|[upkeep]\n|-damage|p2a: Walking Wake|62\/100 tox|[from] psn\n|upkeep\n|turn|13\n|\n|t:|1700031723\n|switch|p1a: Quag|Quagsire, M|100\/100\n|-damage|p1a: Quag|94\/100|[from] Stealth Rock\n|move|p2a: Walking Wake|Hydro Steam|p1a: Quag\n|-damage|p1a: Quag|18\/100\n|\n|-weather|SunnyDay|[upkeep]\n|-heal|p1a: Quag|24\/100|[from] item: Leftovers\n|-damage|p2a: Walking Wake|44\/100 tox|[from] psn\n|upkeep\n|turn|14\n|\n|t:|1700031735\n|move|p2a: Walking Wake|Hydro Steam|p1a: Quag\n|-damage|p1a: Quag|0 fnt\n|faint|p1a: Quag\n|\n|-weather|none\n|-end|p2a: Walking Wake|Protosynthesis\n|-damage|p2a: Walking Wake|19\/100 tox|[from] psn\n|upkeep\n|-enditem|p2a: Walking Wake|Booster Energy\n|-activate|p2a: Walking Wake|ability: Protosynthesis|[fromitem]\n|-start|p2a: Walking Wake|protosynthesisspe\n|\n|t:|1700031744\n|switch|p1a: Ironmouse|Tinkaton, F|28\/100\n|-damage|p1a: Ironmouse|22\/100|[from] Stealth Rock\n|-ability|p1a: Ironmouse|Mold Breaker\n|turn|15\n|\n|t:|1700031750\n|move|p1a: Ironmouse|Fake Out|p2a: Walking Wake\n|-damage|p2a: Walking Wake|10\/100 tox\n|cant|p2a: Walking Wake|flinch\n|\n|-damage|p2a: Walking Wake|0 fnt|[from] psn\n|faint|p2a: Walking Wake\n|-end|p2a: Walking Wake|Protosynthesis|[silent]\n|upkeep\n|\n|t:|1700031766\n|switch|p2a: Chi-Yu|Chi-Yu|100\/100\n|-damage|p2a: Chi-Yu|76\/100|[from] Stealth Rock\n|-status|p2a: Chi-Yu|tox\n|-ability|p2a: Chi-Yu|Beads of Ruin\n|turn|16\n|\n|t:|1700031773\n|move|p2a: Chi-Yu|Flamethrower|p1a: Ironmouse\n|-supereffective|p1a: Ironmouse\n|-crit|p1a: Ironmouse\n|-damage|p1a: Ironmouse|0 fnt\n|faint|p1a: Ironmouse\n|-damage|p2a: Chi-Yu|66\/100 tox|[from] item: Life Orb\n|\n|-damage|p2a: Chi-Yu|60\/100 tox|[from] psn\n|upkeep\n|\n|t:|1700031786\n|switch|p1a: Nugget|Meganium, F|100\/100\n|-damage|p1a: Nugget|88\/100|[from] Stealth Rock\n|turn|17\n|\n|t:|1700031796\n|-terastallize|p1a: Nugget|Water\n|move|p2a: Chi-Yu|Flamethrower|p1a: Nugget\n|-resisted|p1a: Nugget\n|-damage|p1a: Nugget|45\/100\n|-damage|p2a: Chi-Yu|50\/100 tox|[from] item: Life Orb\n|move|p1a: Nugget|Ancient Power|p2a: Chi-Yu\n|-supereffective|p2a: Chi-Yu\n|-damage|p2a: Chi-Yu|16\/100 tox\n|-boost|p1a: Nugget|atk|1\n|-boost|p1a: Nugget|def|1\n|-boost|p1a: Nugget|spa|1\n|-boost|p1a: Nugget|spd|1\n|-boost|p1a: Nugget|spe|1\n|\n|-heal|p1a: Nugget|51\/100|[from] item: Leftovers\n|-damage|p2a: Chi-Yu|4\/100 tox|[from] psn\n|upkeep\n|turn|18\n|-message|Nodarkvoidnerf forfeited.\n|\n|win|Miso678\n|raw|Miso678's rating: 1170 &rarr; <strong>1203<\/strong><br \/>(+33 for winning)\n|raw|Nodarkvoidnerf's rating: 1290 &rarr; <strong>1257<\/strong><br \/>(-33 for losing)\n|l|\u2606Nodarkvoidnerf\n","uploadtime":1700031812,"views":6,"p1id":"miso678","p2id":"nodarkvoidnerf","formatid":"gen9nationaldexubers","rating":1203,"private":0,"password":""}