{"id":"gen9nationaldexubers-1998161639","p1":"Baldbaldbaldbald","p2":"jannyster","format":"[Gen 9] National Dex Ubers","log":"|j|\u2606Baldbaldbaldbald\n|j|\u2606jannyster\n|t:|1700903594\n|gametype|singles\n|player|p1|Baldbaldbaldbald|lucas|1040\n|player|p2|jannyster|li|1000\n|teamsize|p1|6\n|teamsize|p2|6\n|gen|9\n|tier|[Gen 9] National Dex Ubers\n|rated|\n|rule|HP Percentage Mod: HP is shown in percentages\n|rule|Endless Battle Clause: Forcing endless battles is banned\n|rule|OHKO Clause: OHKO moves are banned\n|rule|Evasion Moves Clause: Evasion moves are banned\n|rule|Evasion Items Clause: Evasion items are banned\n|rule|Species Clause: Limit one of each Pok\u00e9mon\n|rule|Sleep Clause Mod: Limit one foe put to sleep\n|rule|Mega Rayquaza Clause: You cannot mega evolve Rayquaza\n|clearpoke\n|poke|p1|Linoone, F|\n|poke|p1|Sableye, F|\n|poke|p1|Incineroar, F|\n|poke|p1|Salamence, F|\n|poke|p1|Chansey, F|\n|poke|p1|Azelf|\n|poke|p2|Garchomp, M|\n|poke|p2|Gliscor, M|\n|poke|p2|Walking Wake|\n|poke|p2|Roaring Moon|\n|poke|p2|Inteleon, M|\n|poke|p2|Venusaur, M|\n|teampreview\n|inactive|Battle timer is ON: inactive players will automatically lose when time's up. (requested by Baldbaldbaldbald)\n|\n|t:|1700903599\n|start\n|switch|p1a: Azelf|Azelf|100\/100\n|switch|p2a: Inteleon|Inteleon, M|100\/100\n|turn|1\n|\n|t:|1700903605\n|move|p2a: Inteleon|Snipe Shot|p1a: Azelf\n|-damage|p1a: Azelf|42\/100\n|move|p1a: Azelf|Stealth Rock|p2a: Inteleon\n|-sidestart|p2: jannyster|move: Stealth Rock\n|\n|upkeep\n|turn|2\n|\n|t:|1700903610\n|move|p2a: Inteleon|Snipe Shot|p1a: Azelf\n|-damage|p1a: Azelf|0 fnt\n|faint|p1a: Azelf\n|\n|upkeep\n|c|\u2606jannyster|Hahahaha\n|\n|t:|1700903615\n|switch|p1a: Chansey|Chansey, F|100\/100\n|turn|3\n|\n|t:|1700903618\n|move|p2a: Inteleon|Snipe Shot|p1a: Chansey\n|-crit|p1a: Chansey\n|-damage|p1a: Chansey|81\/100\n|move|p1a: Chansey|Toxic|p2a: Inteleon\n|-status|p2a: Inteleon|tox\n|\n|-damage|p2a: Inteleon|94\/100 tox|[from] psn\n|upkeep\n|turn|4\n|\n|t:|1700903625\n|switch|p2a: Venusaur|Venusaur, M, shiny|100\/100\n|-damage|p2a: Venusaur|88\/100|[from] Stealth Rock\n|move|p1a: Chansey|Seismic Toss|p2a: Venusaur\n|-damage|p2a: Venusaur|61\/100\n|\n|upkeep\n|turn|5\n|\n|t:|1700903631\n|detailschange|p2a: Venusaur|Venusaur-Mega, M, shiny\n|-mega|p2a: Venusaur|Venusaur|Venusaurite\n|move|p2a: Venusaur|Leech Seed|p1a: Chansey\n|-start|p1a: Chansey|move: Leech Seed\n|move|p1a: Chansey|Seismic Toss|p2a: Venusaur\n|-damage|p2a: Venusaur|33\/100\n|\n|-damage|p1a: Chansey|68\/100|[from] Leech Seed|[of] p2a: Venusaur\n|-heal|p2a: Venusaur|57\/100|[silent]\n|upkeep\n|turn|6\n|\n|t:|1700903638\n|move|p2a: Venusaur|Protect|p2a: Venusaur\n|-singleturn|p2a: Venusaur|Protect\n|move|p1a: Chansey|Seismic Toss|p2a: Venusaur\n|-activate|p2a: Venusaur|move: Protect\n|\n|-damage|p1a: Chansey|56\/100|[from] Leech Seed|[of] p2a: Venusaur\n|-heal|p2a: Venusaur|82\/100|[silent]\n|upkeep\n|turn|7\n|\n|t:|1700903641\n|move|p2a: Venusaur|Protect||[still]\n|-fail|p2a: Venusaur\n|move|p1a: Chansey|Soft-Boiled|p1a: Chansey\n|-heal|p1a: Chansey|100\/100\n|\n|-damage|p1a: Chansey|88\/100|[from] Leech Seed|[of] p2a: Venusaur\n|-heal|p2a: Venusaur|100\/100|[silent]\n|upkeep\n|turn|8\n|\n|t:|1700903646\n|move|p2a: Venusaur|Sludge Bomb|p1a: Chansey\n|-damage|p1a: Chansey|80\/100\n|move|p1a: Chansey|Seismic Toss|p2a: Venusaur\n|-damage|p2a: Venusaur|73\/100\n|\n|-damage|p1a: Chansey|68\/100|[from] Leech Seed|[of] p2a: Venusaur\n|-heal|p2a: Venusaur|97\/100|[silent]\n|upkeep\n|turn|9\n|\n|t:|1700903653\n|move|p2a: Venusaur|Sludge Bomb|p1a: Chansey\n|-damage|p1a: Chansey|59\/100\n|move|p1a: Chansey|Soft-Boiled|p1a: Chansey\n|-heal|p1a: Chansey|100\/100\n|\n|-damage|p1a: Chansey|88\/100|[from] Leech Seed|[of] p2a: Venusaur\n|-heal|p2a: Venusaur|100\/100|[silent]\n|upkeep\n|turn|10\n|\n|t:|1700903659\n|switch|p1a: Salamence|Salamence, F|100\/100\n|-ability|p1a: Salamence|Intimidate|boost\n|-unboost|p2a: Venusaur|atk|1\n|move|p2a: Venusaur|Sludge Bomb|p1a: Salamence\n|-damage|p1a: Salamence|53\/100\n|\n|upkeep\n|turn|11\n|\n|t:|1700903666\n|move|p1a: Salamence|Dragon Dance|p1a: Salamence\n|-boost|p1a: Salamence|atk|1\n|-boost|p1a: Salamence|spe|1\n|move|p2a: Venusaur|Leech Seed|p1a: Salamence\n|-start|p1a: Salamence|move: Leech Seed\n|\n|-damage|p1a: Salamence|41\/100|[from] Leech Seed|[of] p2a: Venusaur\n|upkeep\n|turn|12\n|\n|t:|1700903670\n|move|p1a: Salamence|Dual Wingbeat|p2a: Venusaur\n|-supereffective|p2a: Venusaur\n|-damage|p2a: Venusaur|59\/100\n|-supereffective|p2a: Venusaur\n|-damage|p2a: Venusaur|17\/100\n|-hitcount|p2a: Venusaur|2\n|move|p2a: Venusaur|Sludge Bomb|p1a: Salamence\n|-crit|p1a: Salamence\n|-damage|p1a: Salamence|0 fnt\n|faint|p1a: Salamence\n|\n|upkeep\n|\n|t:|1700903677\n|switch|p1a: Incineroar|Incineroar, F|100\/100\n|-ability|p1a: Incineroar|Intimidate|boost\n|-unboost|p2a: Venusaur|atk|1\n|turn|13\n|\n|t:|1700903682\n|move|p2a: Venusaur|Protect|p2a: Venusaur\n|-singleturn|p2a: Venusaur|Protect\n|move|p1a: Incineroar|Fake Out|p2a: Venusaur\n|-activate|p2a: Venusaur|move: Protect\n|\n|upkeep\n|turn|14\n|\n|t:|1700903688\n|switch|p2a: Garchomp|Garchomp, M|100\/100\n|-damage|p2a: Garchomp|94\/100|[from] Stealth Rock\n|move|p1a: Incineroar|Flame Charge|p2a: Garchomp\n|-resisted|p2a: Garchomp\n|-damage|p2a: Garchomp|85\/100\n|-boost|p1a: Incineroar|spe|1\n|-damage|p1a: Incineroar|88\/100|[from] ability: Rough Skin|[of] p2a: Garchomp\n|\n|upkeep\n|turn|15\n|\n|t:|1700903697\n|move|p2a: Garchomp|Earth Power|p1a: Incineroar\n|-supereffective|p1a: Incineroar\n|-damage|p1a: Incineroar|34\/100\n|-enditem|p1a: Incineroar|Weakness Policy\n|-boost|p1a: Incineroar|atk|2|[from] item: Weakness Policy\n|-boost|p1a: Incineroar|spa|2|[from] item: Weakness Policy\n|move|p1a: Incineroar|Parting Shot|p2a: Garchomp\n|-unboost|p2a: Garchomp|atk|1\n|-unboost|p2a: Garchomp|spa|1\n|\n|t:|1700903700\n|switch|p1a: Sableye|Sableye, F|100\/100|[from] Parting Shot\n|\n|upkeep\n|turn|16\n|\n|t:|1700903706\n|switch|p2a: Roaring Moon|Roaring Moon|100\/100\n|-damage|p2a: Roaring Moon|88\/100|[from] Stealth Rock\n|move|p1a: Sableye|Will-O-Wisp|p2a: Roaring Moon\n|-hint|Since gen 7, Dark is immune to Prankster moves.\n|-immune|p2a: Roaring Moon\n|\n|upkeep\n|turn|17\n|\n|t:|1700903711\n|move|p1a: Sableye|Will-O-Wisp|p2a: Roaring Moon\n|-hint|Since gen 7, Dark is immune to Prankster moves.\n|-immune|p2a: Roaring Moon\n|move|p2a: Roaring Moon|Outrage|p1a: Sableye\n|-damage|p1a: Sableye|19\/100\n|\n|upkeep\n|turn|18\n|\n|t:|1700903714\n|switch|p1a: Incineroar|Incineroar, F|34\/100\n|-ability|p1a: Incineroar|Intimidate|boost\n|-unboost|p2a: Roaring Moon|atk|1\n|move|p2a: Roaring Moon|Outrage|p1a: Incineroar|[from]lockedmove\n|-damage|p1a: Incineroar|1\/100\n|\n|upkeep\n|turn|19\n|\n|t:|1700903717\n|move|p1a: Incineroar|Fake Out|p2a: Roaring Moon\n|-damage|p2a: Roaring Moon|74\/100\n|cant|p2a: Roaring Moon|flinch\n|\n|-start|p2a: Roaring Moon|confusion|[fatigue]\n|upkeep\n|turn|20\n|\n|t:|1700903721\n|switch|p1a: Sableye|Sableye, F|19\/100\n|-activate|p2a: Roaring Moon|confusion\n|move|p2a: Roaring Moon|U-turn|p1a: Sableye\n|-damage|p1a: Sableye|0 fnt\n|faint|p1a: Sableye\n|\n|t:|1700903727\n|-end|p2a: Roaring Moon|Protosynthesis|[silent]\n|switch|p2a: Gliscor|Gliscor, M|100\/100|[from] U-turn\n|-damage|p2a: Gliscor|88\/100|[from] Stealth Rock\n|\n|-status|p2a: Gliscor|tox|[from] item: Toxic Orb\n|upkeep\n|\n|t:|1700903733\n|switch|p1a: Linoone|Linoone, F|100\/100\n|turn|21\n|\n|t:|1700903736\n|move|p2a: Gliscor|Dual Wingbeat|p1a: Linoone\n|-damage|p1a: Linoone|75\/100\n|-damage|p1a: Linoone|49\/100\n|-enditem|p1a: Linoone|Sitrus Berry|[eat]\n|-heal|p1a: Linoone|74\/100|[from] item: Sitrus Berry\n|-hitcount|p1a: Linoone|2\n|move|p1a: Linoone|Belly Drum|p1a: Linoone\n|-damage|p1a: Linoone|24\/100\n|-setboost|p1a: Linoone|atk|6|[from] move: Belly Drum\n|\n|-heal|p2a: Gliscor|100\/100 tox|[from] ability: Poison Heal\n|upkeep\n|turn|22\n|\n|t:|1700903746\n|move|p2a: Gliscor|Protect|p2a: Gliscor\n|-singleturn|p2a: Gliscor|Protect\n|move|p1a: Linoone|Extreme Speed|p2a: Gliscor\n|-activate|p2a: Gliscor|move: Protect\n|\n|upkeep\n|turn|23\n|\n|t:|1700903749\n|move|p1a: Linoone|Extreme Speed|p2a: Gliscor\n|-damage|p2a: Gliscor|0 fnt\n|faint|p2a: Gliscor\n|\n|upkeep\n|\n|t:|1700903756\n|switch|p2a: Inteleon|Inteleon, M|94\/100 tox\n|-damage|p2a: Inteleon|82\/100 tox|[from] Stealth Rock\n|turn|24\n|\n|t:|1700903758\n|move|p1a: Linoone|Extreme Speed|p2a: Inteleon\n|-damage|p2a: Inteleon|0 fnt\n|faint|p2a: Inteleon\n|\n|upkeep\n|\n|t:|1700903762\n|switch|p2a: Walking Wake|Walking Wake|100\/100\n|-damage|p2a: Walking Wake|88\/100|[from] Stealth Rock\n|turn|25\n|\n|t:|1700903766\n|move|p1a: Linoone|Extreme Speed|p2a: Walking Wake\n|-damage|p2a: Walking Wake|0 fnt\n|faint|p2a: Walking Wake\n|-end|p2a: Walking Wake|Protosynthesis|[silent]\n|\n|upkeep\n|\n|t:|1700903772\n|switch|p2a: Roaring Moon|Roaring Moon|74\/100\n|-damage|p2a: Roaring Moon|61\/100|[from] Stealth Rock\n|turn|26\n|\n|t:|1700903777\n|move|p1a: Linoone|Extreme Speed|p2a: Roaring Moon\n|-damage|p2a: Roaring Moon|0 fnt\n|faint|p2a: Roaring Moon\n|-end|p2a: Roaring Moon|Protosynthesis|[silent]\n|\n|upkeep\n|\n|t:|1700903780\n|switch|p2a: Garchomp|Garchomp, M|85\/100\n|-damage|p2a: Garchomp|79\/100|[from] Stealth Rock\n|turn|27\n|c|\u2606jannyster|Sheicbe\n|\n|t:|1700903785\n|move|p1a: Linoone|Extreme Speed|p2a: Garchomp\n|-damage|p2a: Garchomp|0 fnt\n|-damage|p1a: Linoone|11\/100|[from] ability: Rough Skin|[of] p2a: Garchomp\n|faint|p2a: Garchomp\n|\n|upkeep\n|\n|t:|1700903787\n|switch|p2a: Venusaur|Venusaur-Mega, M, shiny|17\/100\n|-damage|p2a: Venusaur|5\/100|[from] Stealth Rock\n|turn|28\n|\n|t:|1700903790\n|move|p2a: Venusaur|Protect|p2a: Venusaur\n|-singleturn|p2a: Venusaur|Protect\n|move|p1a: Linoone|Extreme Speed|p2a: Venusaur\n|-activate|p2a: Venusaur|move: Protect\n|\n|upkeep\n|turn|29\n|\n|t:|1700903793\n|move|p1a: Linoone|Extreme Speed|p2a: Venusaur\n|-damage|p2a: Venusaur|0 fnt\n|faint|p2a: Venusaur\n|\n|win|Baldbaldbaldbald\n|raw|Baldbaldbaldbald's rating: 1040 &rarr; <strong>1070<\/strong><br \/>(+30 for winning)\n|raw|jannyster's rating: 1000 &rarr; <strong>1000<\/strong><br \/>(+0 for losing)\n","uploadtime":1700903797,"views":1,"p1id":"baldbaldbaldbald","p2id":"jannyster","formatid":"gen9nationaldexubers","rating":1000,"private":0,"password":""}