{"id":"gen9nationaldexubers-1988769405","p1":"Kai Zomei","p2":"Draconami","format":"[Gen 9] National Dex Ubers","log":"|j|\u2606Kai Zomei\n|j|\u2606Draconami\n|t:|1699760770\n|gametype|singles\n|player|p1|Kai Zomei|gambler|\n|player|p2|Draconami|dahlia|\n|teamsize|p1|6\n|teamsize|p2|6\n|gen|9\n|tier|[Gen 9] National Dex Ubers\n|rule|HP Percentage Mod: HP is shown in percentages\n|rule|Endless Battle Clause: Forcing endless battles is banned\n|rule|OHKO Clause: OHKO moves are banned\n|rule|Evasion Moves Clause: Evasion moves are banned\n|rule|Evasion Items Clause: Evasion items are banned\n|rule|Species Clause: Limit one of each Pok\u00e9mon\n|rule|Sleep Clause Mod: Limit one foe put to sleep\n|rule|Mega Rayquaza Clause: You cannot mega evolve Rayquaza\n|clearpoke\n|poke|p1|Aerodactyl, M|\n|poke|p1|Landorus-Therian, M|\n|poke|p1|Ninetales-Alola, F|\n|poke|p1|Meloetta|\n|poke|p1|Slither Wing|\n|poke|p1|Typhlosion-Hisui, M|\n|poke|p2|Glalie, F|\n|poke|p2|Golisopod, M|\n|poke|p2|Galvantula, F|\n|poke|p2|Obstagoon, F|\n|poke|p2|Lycanroc-Dusk, F|\n|poke|p2|Tapu Lele|\n|teampreview\n|j| VantaZack\n|\n|t:|1699760776\n|start\n|switch|p1a: Snowy|Ninetales-Alola, F|100\/100\n|switch|p2a: Recluse|Galvantula, F, shiny|100\/100\n|-weather|Snow|[from] ability: Snow Warning|[of] p1a: Snowy\n|turn|1\n|j| Saradominphat\n|\n|t:|1699760782\n|move|p1a: Snowy|Blizzard|p2a: Recluse\n|-damage|p2a: Recluse|23\/100\n|move|p2a: Recluse|Thunder Wave|p1a: Snowy\n|-status|p1a: Snowy|par\n|\n|-weather|Snow|[upkeep]\n|upkeep\n|turn|2\n|\n|t:|1699760789\n|move|p2a: Recluse|Sticky Web|p1a: Snowy\n|-sidestart|p1: Kai Zomei|move: Sticky Web\n|move|p1a: Snowy|Blizzard|p2a: Recluse\n|-damage|p2a: Recluse|0 fnt\n|faint|p2a: Recluse\n|\n|-weather|Snow|[upkeep]\n|upkeep\n|\n|t:|1699760796\n|switch|p2a: Emiko|Lycanroc-Dusk, F|100\/100\n|turn|3\n|\n|t:|1699760817\n|move|p2a: Emiko|Stone Edge|p1a: Snowy\n|-supereffective|p1a: Snowy\n|-damage|p1a: Snowy|0 fnt\n|faint|p1a: Snowy\n|\n|-weather|Snow|[upkeep]\n|upkeep\n|j| dcmrulz\n|\n|t:|1699760829\n|switch|p1a: Shere Khan|Landorus-Therian, M|100\/100\n|-ability|p1a: Shere Khan|Intimidate|boost\n|-unboost|p2a: Emiko|atk|1\n|turn|4\n|\n|t:|1699760832\n|switch|p2a: Yancy|Obstagoon, F, shiny|100\/100\n|move|p1a: Shere Khan|Defog|p2a: Yancy\n|-unboost|p2a: Yancy|evasion|1\n|-sideend|p1: Kai Zomei|Sticky Web|[from] move: Defog|[of] p1a: Shere Khan\n|\n|-weather|Snow|[upkeep]\n|-status|p2a: Yancy|brn|[from] item: Flame Orb\n|upkeep\n|turn|5\n|j| Oakin64\n|\n|t:|1699760853\n|switch|p1a: Buggeron|Slither Wing|100\/100\n|move|p2a: Yancy|Knock Off|p1a: Buggeron\n|-resisted|p1a: Buggeron\n|-damage|p1a: Buggeron|60\/100\n|-enditem|p1a: Buggeron|Life Orb|[from] move: Knock Off|[of] p2a: Yancy\n|\n|-weather|none\n|-damage|p2a: Yancy|94\/100 brn|[from] brn\n|upkeep\n|turn|6\n|\n|t:|1699760861\n|move|p1a: Buggeron|First Impression|p2a: Yancy\n|-supereffective|p2a: Yancy\n|-damage|p2a: Yancy|0 fnt\n|faint|p2a: Yancy\n|\n|upkeep\n|\n|t:|1699760867\n|switch|p2a: Ryuga|Glalie, F, shiny|100\/100\n|turn|7\n|\n|t:|1699760871\n|detailschange|p2a: Ryuga|Glalie-Mega, F, shiny\n|-mega|p2a: Ryuga|Glalie|Glalitite\n|move|p2a: Ryuga|Return|p1a: Buggeron\n|-damage|p1a: Buggeron|0 fnt\n|faint|p1a: Buggeron\n|-end|p1a: Buggeron|Protosynthesis|[silent]\n|\n|upkeep\n|\n|t:|1699760880\n|switch|p1a: Onibi|Typhlosion-Hisui, M|100\/100\n|-item|p2a: Ryuga|Glalitite|[from] ability: Frisk|[of] p1a: Onibi|[identify]\n|turn|8\n|\n|t:|1699760885\n|move|p1a: Onibi|Eruption|p2a: Ryuga\n|-supereffective|p2a: Ryuga\n|-damage|p2a: Ryuga|0 fnt\n|faint|p2a: Ryuga\n|\n|upkeep\n|\n|t:|1699760890\n|switch|p2a: Emiko|Lycanroc-Dusk, F|100\/100\n|turn|9\n|\n|t:|1699760898\n|switch|p1a: Shere Khan|Landorus-Therian, M|100\/100\n|-ability|p1a: Shere Khan|Intimidate|boost\n|-unboost|p2a: Emiko|atk|1\n|move|p2a: Emiko|Stone Edge|p1a: Shere Khan\n|-damage|p1a: Shere Khan|61\/100\n|\n|upkeep\n|turn|10\n|\n|t:|1699760909\n|switch|p2a: Daigo|Golisopod, M, shiny|100\/100\n|move|p1a: Shere Khan|Knock Off|p2a: Daigo\n|-damage|p2a: Daigo|71\/100\n|-enditem|p2a: Daigo|Assault Vest|[from] move: Knock Off|[of] p1a: Shere Khan\n|\n|upkeep\n|turn|11\n|c| VantaZack|HE NOT DAIGO\n|\n|t:|1699760926\n|switch|p1a: arianne|Meloetta|100\/100\n|move|p2a: Daigo|Liquidation|p1a: arianne\n|-damage|p1a: arianne|47\/100\n|\n|upkeep\n|turn|12\n|\n|t:|1699760938\n|move|p1a: arianne|Hyper Voice|p2a: Daigo\n|-damage|p2a: Daigo|13\/100\n|-activate|p2a: Daigo|ability: Emergency Exit\n|\n|t:|1699760941\n|switch|p2a: Emiko|Lycanroc-Dusk, F|100\/100\n|\n|upkeep\n|turn|13\n|\n|t:|1699760955\n|move|p2a: Emiko|Stone Edge|p1a: arianne\n|-damage|p1a: arianne|0 fnt\n|faint|p1a: arianne\n|\n|upkeep\n|\n|t:|1699760960\n|switch|p1a: Shere Khan|Landorus-Therian, M|61\/100\n|-ability|p1a: Shere Khan|Intimidate|boost\n|-unboost|p2a: Emiko|atk|1\n|turn|14\n|\n|t:|1699760973\n|switch|p2a: Daigo|Golisopod, M, shiny|13\/100\n|move|p1a: Shere Khan|Stealth Rock|p2a: Daigo\n|-sidestart|p2: Draconami|move: Stealth Rock\n|\n|upkeep\n|turn|15\n|\n|t:|1699760982\n|move|p2a: Daigo|First Impression|p1a: Shere Khan\n|-resisted|p1a: Shere Khan\n|-damage|p1a: Shere Khan|35\/100\n|move|p1a: Shere Khan|Earthquake|p2a: Daigo\n|-resisted|p2a: Daigo\n|-damage|p2a: Daigo|0 fnt\n|faint|p2a: Daigo\n|\n|upkeep\n|\n|t:|1699760987\n|switch|p2a: Lavender|Tapu Lele, shiny|100\/100\n|-damage|p2a: Lavender|88\/100|[from] Stealth Rock\n|-fieldstart|move: Psychic Terrain|[from] ability: Psychic Surge|[of] p2a: Lavender\n|turn|16\n|\n|t:|1699760997\n|switch|p1a: Onibi|Typhlosion-Hisui, M|100\/100\n|-item|p2a: Lavender|Choice Scarf|[from] ability: Frisk|[of] p1a: Onibi|[identify]\n|move|p2a: Lavender|Psychic|p1a: Onibi\n|-damage|p1a: Onibi|18\/100\n|\n|upkeep\n|turn|17\n|\n|t:|1699761006\n|move|p2a: Lavender|Psychic|p1a: Onibi\n|-damage|p1a: Onibi|0 fnt\n|faint|p1a: Onibi\n|\n|upkeep\n|\n|t:|1699761021\n|switch|p1a: Petrie|Aerodactyl, M, shiny|100\/100\n|turn|18\n|\n|t:|1699761026\n|detailschange|p1a: Petrie|Aerodactyl-Mega, M, shiny\n|-mega|p1a: Petrie|Aerodactyl|Aerodactylite\n|move|p2a: Lavender|Psychic|p1a: Petrie\n|-damage|p1a: Petrie|26\/100\n|move|p1a: Petrie|Iron Head|p2a: Lavender\n|-supereffective|p2a: Lavender\n|-damage|p2a: Lavender|0 fnt\n|faint|p2a: Lavender\n|\n|upkeep\n|\n|t:|1699761033\n|switch|p2a: Emiko|Lycanroc-Dusk, F|100\/100\n|-damage|p2a: Emiko|88\/100|[from] Stealth Rock\n|turn|19\n|\n|t:|1699761038\n|switch|p1a: Shere Khan|Landorus-Therian, M|35\/100\n|-ability|p1a: Shere Khan|Intimidate|boost\n|-unboost|p2a: Emiko|atk|1\n|move|p2a: Emiko|Stone Edge|p1a: Shere Khan\n|-damage|p1a: Shere Khan|0 fnt\n|faint|p1a: Shere Khan\n|\n|upkeep\n|\n|t:|1699761045\n|switch|p1a: Petrie|Aerodactyl-Mega, M, shiny|26\/100\n|turn|20\n|l| Oakin64\n|\n|t:|1699761050\n|move|p2a: Emiko|Stone Edge|p1a: Petrie\n|-supereffective|p1a: Petrie\n|-damage|p1a: Petrie|0 fnt\n|faint|p1a: Petrie\n|\n|win|Draconami\n","uploadtime":1699761056,"views":13,"p1id":"kaizomei","p2id":"draconami","formatid":"gen9nationaldexubers","rating":0,"private":0,"password":""}