{"id":"gen9nationaldexubers-1998923995","p1":"BlastOfiicialYT","p2":"TheEmeraldGamerGuy","format":"[Gen 9] National Dex Ubers","log":"|j|\u2606BlastOfiicialYT\n|j|\u2606TheEmeraldGamerGuy\n|t:|1701013655\n|gametype|singles\n|player|p1|BlastOfiicialYT|red|1154\n|player|p2|TheEmeraldGamerGuy|colress|1055\n|teamsize|p1|6\n|teamsize|p2|6\n|gen|9\n|tier|[Gen 9] National Dex Ubers\n|rated|\n|rule|HP Percentage Mod: HP is shown in percentages\n|rule|Endless Battle Clause: Forcing endless battles is banned\n|rule|OHKO Clause: OHKO moves are banned\n|rule|Evasion Moves Clause: Evasion moves are banned\n|rule|Evasion Items Clause: Evasion items are banned\n|rule|Species Clause: Limit one of each Pok\u00e9mon\n|rule|Sleep Clause Mod: Limit one foe put to sleep\n|rule|Mega Rayquaza Clause: You cannot mega evolve Rayquaza\n|clearpoke\n|poke|p1|Pheromosa|\n|poke|p1|Volcarona, M|\n|poke|p1|Genesect|\n|poke|p1|Scizor, F|\n|poke|p1|Beedrill, M|\n|poke|p1|Kleavor, F|\n|poke|p2|Landorus-Therian, M|\n|poke|p2|Heatran, F|\n|poke|p2|Tangrowth, M|\n|poke|p2|Tapu Lele|\n|poke|p2|Tyranitar, F|\n|poke|p2|Volcarona, M|\n|teampreview\n|inactive|Battle timer is ON: inactive players will automatically lose when time's up. (requested by TheEmeraldGamerGuy)\n|\n|t:|1701013661\n|start\n|switch|p1a: Kleavor|Kleavor, F|100\/100\n|switch|p2a: Landorus|Landorus-Therian, M|100\/100\n|-ability|p2a: Landorus|Intimidate|boost\n|-unboost|p1a: Kleavor|atk|1\n|turn|1\n|\n|t:|1701013678\n|move|p1a: Kleavor|Stone Axe|p2a: Landorus\n|-damage|p2a: Landorus|76\/100\n|-damage|p1a: Kleavor|84\/100|[from] item: Rocky Helmet|[of] p2a: Landorus\n|-sidestart|p2: TheEmeraldGamerGuy|move: Stealth Rock\n|move|p2a: Landorus|Earthquake|p1a: Kleavor\n|-damage|p1a: Kleavor|26\/100\n|\n|upkeep\n|turn|2\n|\n|t:|1701013689\n|move|p2a: Landorus|Defog|p1a: Kleavor\n|-unboost|p1a: Kleavor|evasion|1\n|-sideend|p2: TheEmeraldGamerGuy|Stealth Rock|[from] move: Defog|[of] p2a: Landorus\n|move|p1a: Kleavor|Counter||[still]\n|-fail|p1a: Kleavor\n|\n|upkeep\n|turn|3\n|\n|t:|1701013695\n|move|p2a: Landorus|Earthquake|p1a: Kleavor\n|-damage|p1a: Kleavor|0 fnt\n|faint|p1a: Kleavor\n|\n|upkeep\n|\n|t:|1701013707\n|switch|p1a: Pheromosa|Pheromosa|100\/100\n|turn|4\n|\n|t:|1701013711\n|move|p1a: Pheromosa|Triple Axel|p2a: Landorus\n|-supereffective|p2a: Landorus\n|-damage|p2a: Landorus|46\/100\n|-damage|p1a: Pheromosa|84\/100|[from] item: Rocky Helmet|[of] p2a: Landorus\n|-supereffective|p2a: Landorus\n|-damage|p2a: Landorus|0 fnt\n|-damage|p1a: Pheromosa|67\/100|[from] item: Rocky Helmet|[of] p2a: Landorus\n|faint|p2a: Landorus\n|-ability|p1a: Pheromosa|Beast Boost|boost\n|-boost|p1a: Pheromosa|atk|1\n|-hitcount|p2: Landorus|2\n|-damage|p1a: Pheromosa|57\/100|[from] item: Life Orb\n|\n|upkeep\n|\n|t:|1701013721\n|switch|p2a: Volcarona|Volcarona, M|100\/100\n|turn|5\n|\n|t:|1701013729\n|move|p1a: Pheromosa|Drill Run|p2a: Volcarona\n|-damage|p2a: Volcarona|33\/100\n|-damage|p1a: Pheromosa|47\/100|[from] item: Life Orb\n|move|p2a: Volcarona|Bug Buzz|p1a: Pheromosa\n|-resisted|p1a: Pheromosa\n|-damage|p1a: Pheromosa|0 fnt\n|faint|p1a: Pheromosa\n|\n|upkeep\n|\n|t:|1701013746\n|switch|p1a: Genesect|Genesect, shiny|100\/100\n|-ability|p1a: Genesect|Download|boost\n|-boost|p1a: Genesect|atk|1\n|turn|6\n|\n|t:|1701013751\n|move|p1a: Genesect|Iron Head|p2a: Volcarona\n|-resisted|p2a: Volcarona\n|-damage|p2a: Volcarona|0 fnt\n|faint|p2a: Volcarona\n|-damage|p1a: Genesect|91\/100|[from] item: Life Orb\n|\n|upkeep\n|\n|t:|1701013758\n|switch|p2a: Heatran|Heatran, F|100\/100\n|turn|7\n|\n|t:|1701013766\n|-terastallize|p1a: Genesect|Fire\n|move|p1a: Genesect|Flame Charge|p2a: Heatran\n|-start|p2a: Heatran|ability: Flash Fire\n|move|p2a: Heatran|Stealth Rock|p1a: Genesect\n|-sidestart|p1: BlastOfiicialYT|move: Stealth Rock\n|\n|upkeep\n|turn|8\n|\n|t:|1701013776\n|move|p1a: Genesect|Extreme Speed|p2a: Heatran\n|-resisted|p2a: Heatran\n|-damage|p2a: Heatran|80\/100\n|-damage|p1a: Genesect|81\/100|[from] item: Life Orb\n|move|p2a: Heatran|Earth Power|p1a: Genesect\n|-supereffective|p1a: Genesect\n|-damage|p1a: Genesect|13\/100\n|\n|-heal|p2a: Heatran|86\/100|[from] item: Leftovers\n|upkeep\n|turn|9\n|l|\u2606BlastOfiicialYT\n|inactive|BlastOfiicialYT disconnected and has a minute to reconnect!\n|player|p1|\n|inactive|BlastOfiicialYT has 30 seconds to reconnect!\n|inactive|BlastOfiicialYT has 20 seconds to reconnect!\n|inactive|BlastOfiicialYT has 15 seconds to reconnect!\n|inactive|BlastOfiicialYT has 10 seconds to reconnect!\n|inactive|BlastOfiicialYT has 5 seconds to reconnect!\n|-message|BlastOfiicialYT lost due to inactivity.\n|\n|win|TheEmeraldGamerGuy\n|raw|BlastOfiicialYT's rating: 1154 &rarr; <strong>1122<\/strong><br \/>(-32 for losing)\n|raw|TheEmeraldGamerGuy's rating: 1055 &rarr; <strong>1096<\/strong><br \/>(+41 for winning)\n","uploadtime":1701013892,"views":1,"p1id":"blastofiicialyt","p2id":"theemeraldgamerguy","formatid":"gen9nationaldexubers","rating":1096,"private":0,"password":""}