{"id":"gen9nationaldexubers-1978914773","p1":"Ccffff","p2":"zillygaming","format":"[Gen 9] National Dex Ubers","log":"|j|\u2606Ccffff\n|j|\u2606zillygaming\n|t:|1698609725\n|gametype|singles\n|player|p1|Ccffff|170|1083\n|player|p2|zillygaming|ingo|1173\n|teamsize|p1|6\n|teamsize|p2|6\n|gen|9\n|tier|[Gen 9] National Dex Ubers\n|rated|\n|rule|HP Percentage Mod: HP is shown in percentages\n|rule|Endless Battle Clause: Forcing endless battles is banned\n|rule|OHKO Clause: OHKO moves are banned\n|rule|Evasion Moves Clause: Evasion moves are banned\n|rule|Evasion Items Clause: Evasion items are banned\n|rule|Species Clause: Limit one of each Pok\u00e9mon\n|rule|Sleep Clause Mod: Limit one foe put to sleep\n|rule|Mega Rayquaza Clause: You cannot mega evolve Rayquaza\n|clearpoke\n|poke|p1|Arceus|\n|poke|p1|Groudon|\n|poke|p1|Kyogre|\n|poke|p1|Rayquaza|\n|poke|p1|Metagross|\n|poke|p1|Zacian-*|\n|poke|p2|Incineroar, F|\n|poke|p2|Meowscarada, F|\n|poke|p2|Zacian-*|\n|poke|p2|Blastoise, M|\n|poke|p2|Lycanroc-Dusk, M|\n|poke|p2|Lunala|\n|teampreview\n|\n|t:|1698609738\n|start\n|switch|p1a: Arceus|Arceus|100\/100\n|switch|p2a: Meowscarada|Meowscarada, F, shiny|100\/100\n|turn|1\n|\n|t:|1698609750\n|-terastallize|p1a: Arceus|Normal\n|move|p1a: Arceus|Extreme Speed|p2a: Meowscarada\n|-damage|p2a: Meowscarada|14\/100\n|move|p2a: Meowscarada|Toxic Spikes|p1a: Arceus\n|-start|p2a: Meowscarada|typechange|Poison|[from] ability: Protean\n|-sidestart|p1: Ccffff|move: Toxic Spikes\n|\n|-heal|p2a: Meowscarada|21\/100|[from] item: Leftovers\n|upkeep\n|turn|2\n|\n|t:|1698609763\n|move|p2a: Meowscarada|Protect|p2a: Meowscarada\n|-singleturn|p2a: Meowscarada|Protect\n|move|p1a: Arceus|Extreme Speed|p2a: Meowscarada\n|-activate|p2a: Meowscarada|move: Protect\n|\n|-heal|p2a: Meowscarada|27\/100|[from] item: Leftovers\n|upkeep\n|turn|3\n|inactive|Battle timer is ON: inactive players will automatically lose when time's up. (requested by Ccffff)\n|\n|t:|1698609780\n|move|p1a: Arceus|Extreme Speed|p2a: Meowscarada\n|-damage|p2a: Meowscarada|0 fnt\n|faint|p2a: Meowscarada\n|\n|upkeep\n|\n|t:|1698609786\n|switch|p2a: Lunala|Lunala, shiny|100\/100\n|turn|4\n|\n|t:|1698609797\n|switch|p1a: Groudon|Groudon|100\/100\n|-status|p1a: Groudon|psn\n|detailschange|p1a: Groudon|Groudon-Primal\n|-primal|p1a: Groudon|Red Orb\n|-weather|DesolateLand|[from] ability: Desolate Land|[of] p1a: Groudon\n|move|p2a: Lunala|Meteor Beam||[still]\n|-prepare|p2a: Lunala|Meteor Beam\n|-boost|p2a: Lunala|spa|1\n|-enditem|p2a: Lunala|Power Herb\n|-anim|p2a: Lunala|Meteor Beam|p1a: Groudon|[miss]\n|-miss|p2a: Lunala|p1a: Groudon\n|\n|-weather|DesolateLand|[upkeep]\n|-damage|p1a: Groudon|88\/100 psn|[from] psn\n|upkeep\n|turn|5\n|\n|t:|1698609815\n|move|p2a: Lunala|Moongeist Beam|p1a: Groudon\n|-damage|p1a: Groudon|8\/100 psn\n|move|p1a: Groudon|Precipice Blades|p2a: Lunala\n|-damage|p2a: Lunala|65\/100\n|\n|-weather|DesolateLand|[upkeep]\n|-damage|p1a: Groudon|0 fnt|[from] psn\n|faint|p1a: Groudon\n|-weather|none\n|upkeep\n|\n|t:|1698609827\n|switch|p1a: Kyogre|Kyogre|100\/100\n|-status|p1a: Kyogre|psn\n|detailschange|p1a: Kyogre|Kyogre-Primal\n|-primal|p1a: Kyogre|Blue Orb\n|-weather|PrimordialSea|[from] ability: Primordial Sea|[of] p1a: Kyogre\n|turn|6\n|\n|t:|1698609838\n|move|p2a: Lunala|Moongeist Beam|p1a: Kyogre\n|-damage|p1a: Kyogre|67\/100 psn\n|move|p1a: Kyogre|Toxic|p2a: Lunala\n|-status|p2a: Lunala|tox\n|\n|-weather|PrimordialSea|[upkeep]\n|-damage|p2a: Lunala|59\/100 tox|[from] psn\n|-damage|p1a: Kyogre|55\/100 psn|[from] psn\n|upkeep\n|turn|7\n|\n|t:|1698609850\n|move|p1a: Kyogre|Protect|p1a: Kyogre\n|-singleturn|p1a: Kyogre|Protect\n|move|p2a: Lunala|Moongeist Beam|p1a: Kyogre\n|-activate|p1a: Kyogre|move: Protect\n|\n|-weather|PrimordialSea|[upkeep]\n|-damage|p2a: Lunala|47\/100 tox|[from] psn\n|-damage|p1a: Kyogre|42\/100 psn|[from] psn\n|upkeep\n|turn|8\n|\n|t:|1698609860\n|move|p2a: Lunala|Moongeist Beam|p1a: Kyogre\n|-damage|p1a: Kyogre|10\/100 psn\n|move|p1a: Kyogre|Origin Pulse|p2a: Lunala\n|-damage|p2a: Lunala|0 fnt\n|faint|p2a: Lunala\n|\n|-weather|PrimordialSea|[upkeep]\n|-damage|p1a: Kyogre|0 fnt|[from] psn\n|faint|p1a: Kyogre\n|-weather|none\n|upkeep\n|\n|t:|1698609876\n|switch|p2a: Incineroar|Incineroar, F, shiny|100\/100\n|switch|p1a: Arceus|Arceus, tera:Normal|100\/100\n|-status|p1a: Arceus|psn\n|-ability|p2a: Incineroar|Intimidate|boost\n|-unboost|p1a: Arceus|atk|1\n|turn|9\n|\n|t:|1698609885\n|move|p2a: Incineroar|Fake Out|p1a: Arceus\n|-damage|p1a: Arceus|91\/100 psn\n|cant|p1a: Arceus|flinch\n|\n|-damage|p1a: Arceus|78\/100 psn|[from] psn\n|upkeep\n|turn|10\n|\n|t:|1698609901\n|move|p1a: Arceus|Extreme Speed|p2a: Incineroar\n|-damage|p2a: Incineroar|46\/100\n|move|p2a: Incineroar|Drain Punch|p1a: Arceus\n|-supereffective|p1a: Arceus\n|-damage|p1a: Arceus|47\/100 psn\n|-heal|p2a: Incineroar|64\/100|[from] drain|[of] p1a: Arceus\n|\n|-damage|p1a: Arceus|35\/100 psn|[from] psn\n|upkeep\n|turn|11\n|\n|t:|1698609913\n|move|p1a: Arceus|Extreme Speed|p2a: Incineroar\n|-damage|p2a: Incineroar|9\/100\n|move|p2a: Incineroar|Drain Punch|p1a: Arceus\n|-supereffective|p1a: Arceus\n|-damage|p1a: Arceus|2\/100 psn\n|-heal|p2a: Incineroar|28\/100|[from] drain|[of] p1a: Arceus\n|\n|-damage|p1a: Arceus|0 fnt|[from] psn\n|faint|p1a: Arceus\n|upkeep\n|\n|t:|1698609917\n|switch|p1a: Rayquaza|Rayquaza|100\/100\n|-ability|p1a: Rayquaza|Air Lock\n|turn|12\n|inactive|zillygaming has 120 seconds left.\n|\n|t:|1698609963\n|switch|p2a: Blastoise|Blastoise, M, shiny|100\/100\n|move|p1a: Rayquaza|Dragon Dance|p1a: Rayquaza\n|-boost|p1a: Rayquaza|atk|1\n|-boost|p1a: Rayquaza|spe|1\n|\n|upkeep\n|turn|13\n|\n|t:|1698609988\n|detailschange|p2a: Blastoise|Blastoise-Mega, M, shiny\n|-mega|p2a: Blastoise|Blastoise|Blastoisinite\n|-zpower|p1a: Rayquaza\n|move|p1a: Rayquaza|Devastating Drake|p2a: Blastoise|[zeffect]\n|-damage|p2a: Blastoise|0 fnt\n|faint|p2a: Blastoise\n|\n|upkeep\n|\n|t:|1698610002\n|switch|p2a: Lycanroc|Lycanroc-Dusk, M, shiny|100\/100\n|turn|14\n|\n|t:|1698610011\n|switch|p1a: Metagross|Metagross|100\/100\n|move|p2a: Lycanroc|Endeavor|p1a: Metagross\n|-damage|p1a: Metagross|97\/100\n|\n|upkeep\n|turn|15\n|inactive|zillygaming has 90 seconds left.\n|\n|t:|1698610037\n|detailschange|p1a: Metagross|Metagross-Mega\n|-mega|p1a: Metagross|Metagross|Metagrossite\n|move|p2a: Lycanroc|Sucker Punch||[still]\n|-fail|p2a: Lycanroc\n|move|p1a: Metagross|Iron Defense|p1a: Metagross\n|-boost|p1a: Metagross|def|2\n|\n|upkeep\n|turn|16\n|\n|t:|1698610045\n|move|p1a: Metagross|Iron Defense|p1a: Metagross\n|-boost|p1a: Metagross|def|2\n|move|p2a: Lycanroc|Drill Run|p1a: Metagross\n|-supereffective|p1a: Metagross\n|-damage|p1a: Metagross|77\/100\n|\n|upkeep\n|turn|17\n|\n|t:|1698610054\n|move|p2a: Lycanroc|Sucker Punch||[still]\n|-fail|p2a: Lycanroc\n|move|p1a: Metagross|Agility|p1a: Metagross\n|-boost|p1a: Metagross|spe|2\n|\n|upkeep\n|turn|18\n|\n|t:|1698610062\n|move|p1a: Metagross|Meteor Mash|p2a: Lycanroc\n|-supereffective|p2a: Lycanroc\n|-enditem|p2a: Lycanroc|Focus Sash\n|-damage|p2a: Lycanroc|1\/100\n|move|p2a: Lycanroc|Drill Run|p1a: Metagross\n|-supereffective|p1a: Metagross\n|-crit|p1a: Metagross\n|-damage|p1a: Metagross|0 fnt\n|faint|p1a: Metagross\n|\n|upkeep\n|\n|t:|1698610072\n|switch|p1a: Rayquaza|Rayquaza|100\/100\n|-ability|p1a: Rayquaza|Air Lock\n|turn|19\n|\n|t:|1698610084\n|move|p2a: Lycanroc|Sucker Punch|p1a: Rayquaza\n|-damage|p1a: Rayquaza|69\/100\n|move|p1a: Rayquaza|Dragon Claw|p2a: Lycanroc\n|-damage|p2a: Lycanroc|0 fnt\n|faint|p2a: Lycanroc\n|\n|upkeep\n|\n|t:|1698610094\n|switch|p2a: Incineroar|Incineroar, F, shiny|28\/100\n|-ability|p2a: Incineroar|Intimidate|boost\n|-unboost|p1a: Rayquaza|atk|1\n|turn|20\n|inactive|zillygaming has 120 seconds left.\n|\n|t:|1698610101\n|move|p2a: Incineroar|Fake Out|p1a: Rayquaza\n|-damage|p1a: Rayquaza|57\/100\n|cant|p1a: Rayquaza|flinch\n|\n|upkeep\n|turn|21\n|inactive|zillygaming has 120 seconds left.\n|\n|t:|1698610116\n|move|p1a: Rayquaza|Dragon Ascent|p2a: Incineroar\n|-damage|p2a: Incineroar|0 fnt\n|-unboost|p1a: Rayquaza|def|1\n|-unboost|p1a: Rayquaza|spd|1\n|faint|p2a: Incineroar\n|\n|upkeep\n|\n|t:|1698610123\n|switch|p2a: Zacian|Zacian-Crowned, shiny|100\/100\n|-ability|p2a: Zacian|Intrepid Sword|boost\n|-boost|p2a: Zacian|atk|1\n|turn|22\n|inactive|zillygaming has 120 seconds left.\n|\n|t:|1698610134\n|-terastallize|p2a: Zacian|Ground\n|move|p2a: Zacian|Play Rough|p1a: Rayquaza\n|-supereffective|p1a: Rayquaza\n|-damage|p1a: Rayquaza|0 fnt\n|faint|p1a: Rayquaza\n|\n|upkeep\n|\n|t:|1698610138\n|switch|p1a: Zacian|Zacian-Crowned|100\/100\n|-ability|p1a: Zacian|Intrepid Sword|boost\n|-boost|p1a: Zacian|atk|1\n|turn|23\n|\n|t:|1698610145\n|move|p1a: Zacian|Behemoth Blade|p2a: Zacian\n|-damage|p2a: Zacian|27\/100\n|move|p2a: Zacian|Tera Blast|p1a: Zacian|[anim] Tera Blast Ground\n|-supereffective|p1a: Zacian\n|-damage|p1a: Zacian|0 fnt\n|faint|p1a: Zacian\n|\n|win|zillygaming\n|raw|Ccffff's rating: 1083 &rarr; <strong>1066<\/strong><br \/>(-17 for losing)\n|raw|zillygaming's rating: 1173 &rarr; <strong>1192<\/strong><br \/>(+19 for winning)\n|l|\u2606Ccffff\n|c|\u2606zillygaming|Gg\n","uploadtime":1698610165,"views":13,"p1id":"ccffff","p2id":"zillygaming","formatid":"gen9nationaldexubers","rating":1066,"private":0,"password":""}