{"id":"gen9nationaldexubers-1994674689","p1":"nduk cuteheat","p2":"C0ld as Ice","format":"[Gen 9] National Dex Ubers","log":"|j|\u2606nduk cuteheat\n|j|\u2606C0ld as Ice\n|t:|1700479265\n|gametype|singles\n|player|p1|nduk cuteheat|101|1716\n|player|p2|C0ld as Ice|supernerd|1885\n|teamsize|p1|6\n|teamsize|p2|6\n|gen|9\n|tier|[Gen 9] National Dex Ubers\n|rated|\n|rule|HP Percentage Mod: HP is shown in percentages\n|rule|Endless Battle Clause: Forcing endless battles is banned\n|rule|OHKO Clause: OHKO moves are banned\n|rule|Evasion Moves Clause: Evasion moves are banned\n|rule|Evasion Items Clause: Evasion items are banned\n|rule|Species Clause: Limit one of each Pok\u00e9mon\n|rule|Sleep Clause Mod: Limit one foe put to sleep\n|rule|Mega Rayquaza Clause: You cannot mega evolve Rayquaza\n|clearpoke\n|poke|p1|Groudon|\n|poke|p1|Ho-Oh|\n|poke|p1|Zygarde|\n|poke|p1|Arceus-Ground|\n|poke|p1|Yveltal|\n|poke|p1|Necrozma-Dusk-Mane|\n|poke|p2|Smeargle, F|\n|poke|p2|Marshadow|\n|poke|p2|Arceus|\n|poke|p2|Groudon|\n|poke|p2|Mewtwo|\n|poke|p2|Yveltal|\n|teampreview\n|inactive|Battle timer is ON: inactive players will automatically lose when time's up. (requested by C0ld as Ice)\n|inactive|C0ld as Ice has 120 seconds left.\n|inactive|C0ld as Ice has 90 seconds left.\n|\n|t:|1700479356\n|start\n|switch|p1a: Ho-Oh|Ho-Oh|100\/100\n|switch|p2a: Smeargle|Smeargle, F, shiny|100\/100\n|turn|1\n|\n|t:|1700479360\n|move|p2a: Smeargle|Sticky Web|p1a: Ho-Oh\n|-sidestart|p1: nduk cuteheat|move: Sticky Web\n|move|p1a: Ho-Oh|Sacred Fire|p2a: Smeargle\n|-damage|p2a: Smeargle|4\/100\n|\n|upkeep\n|turn|2\n|\n|t:|1700479367\n|move|p2a: Smeargle|Mortal Spin|p1a: Ho-Oh\n|-damage|p1a: Ho-Oh|98\/100\n|-status|p1a: Ho-Oh|psn\n|move|p1a: Ho-Oh|Sacred Fire|p2a: Smeargle\n|-damage|p2a: Smeargle|0 fnt\n|faint|p2a: Smeargle\n|\n|-damage|p1a: Ho-Oh|86\/100 psn|[from] psn\n|upkeep\n|\n|t:|1700479372\n|switch|p2a: Yveltal|Yveltal, shiny|100\/100\n|-ability|p2a: Yveltal|Dark Aura\n|turn|3\n|\n|t:|1700479375\n|move|p2a: Yveltal|Taunt|p1a: Ho-Oh\n|-start|p1a: Ho-Oh|move: Taunt\n|move|p1a: Ho-Oh|Sacred Fire|p2a: Yveltal\n|-damage|p2a: Yveltal|60\/100\n|\n|-damage|p1a: Ho-Oh|73\/100 psn|[from] psn\n|upkeep\n|turn|4\n|\n|t:|1700479378\n|switch|p1a: Yveltal|Yveltal|100\/100\n|-ability|p1a: Yveltal|Dark Aura\n|move|p2a: Yveltal|Oblivion Wing|p1a: Yveltal\n|-damage|p1a: Yveltal|51\/100\n|-heal|p2a: Yveltal|100\/100|[from] drain|[of] p1a: Yveltal\n|-damage|p2a: Yveltal|91\/100|[from] item: Life Orb\n|\n|upkeep\n|turn|5\n|\n|t:|1700479384\n|move|p1a: Yveltal|Toxic|p2a: Yveltal\n|-status|p2a: Yveltal|tox\n|move|p2a: Yveltal|Oblivion Wing|p1a: Yveltal\n|-damage|p1a: Yveltal|4\/100\n|-heal|p2a: Yveltal|100\/100 tox|[from] drain|[of] p1a: Yveltal\n|-damage|p2a: Yveltal|91\/100 tox|[from] item: Life Orb\n|\n|-damage|p2a: Yveltal|84\/100 tox|[from] psn\n|upkeep\n|turn|6\n|\n|t:|1700479390\n|move|p1a: Yveltal|Roost|p1a: Yveltal\n|-heal|p1a: Yveltal|54\/100\n|-singleturn|p1a: Yveltal|move: Roost\n|move|p2a: Yveltal|Oblivion Wing|p1a: Yveltal\n|-damage|p1a: Yveltal|5\/100\n|-heal|p2a: Yveltal|100\/100 tox|[from] drain|[of] p1a: Yveltal\n|-damage|p2a: Yveltal|91\/100 tox|[from] item: Life Orb\n|\n|-damage|p2a: Yveltal|78\/100 tox|[from] psn\n|upkeep\n|turn|7\n|\n|t:|1700479397\n|move|p1a: Yveltal|Roost|p1a: Yveltal\n|-heal|p1a: Yveltal|55\/100\n|-singleturn|p1a: Yveltal|move: Roost\n|move|p2a: Yveltal|Focus Blast|p1a: Yveltal\n|-supereffective|p1a: Yveltal\n|-damage|p1a: Yveltal|0 fnt\n|faint|p1a: Yveltal\n|-damage|p2a: Yveltal|68\/100 tox|[from] item: Life Orb\n|\n|-damage|p2a: Yveltal|50\/100 tox|[from] psn\n|upkeep\n|\n|t:|1700479402\n|switch|p1a: Ho-Oh|Ho-Oh|100\/100 psn\n|turn|8\n|\n|t:|1700479404\n|move|p2a: Yveltal|Taunt|p1a: Ho-Oh\n|-start|p1a: Ho-Oh|move: Taunt\n|move|p1a: Ho-Oh|Sacred Fire|p2a: Yveltal\n|-crit|p2a: Yveltal\n|-damage|p2a: Yveltal|0 fnt\n|faint|p2a: Yveltal\n|\n|-damage|p1a: Ho-Oh|88\/100 psn|[from] psn\n|upkeep\n|\n|t:|1700479410\n|switch|p2a: Groudon|Groudon, shiny|100\/100\n|detailschange|p2a: Groudon|Groudon-Primal, shiny\n|-primal|p2a: Groudon|Red Orb\n|-weather|DesolateLand|[from] ability: Desolate Land|[of] p2a: Groudon\n|turn|9\n|\n|t:|1700479416\n|switch|p1a: Zygarde|Zygarde|100\/100\n|-activate|p1a: Zygarde|move: Sticky Web\n|-unboost|p1a: Zygarde|spe|1\n|move|p2a: Groudon|Swords Dance|p2a: Groudon\n|-boost|p2a: Groudon|atk|2\n|\n|-weather|DesolateLand|[upkeep]\n|upkeep\n|turn|10\n|\n|t:|1700479421\n|move|p2a: Groudon|Precipice Blades|p1a: Zygarde\n|-damage|p1a: Zygarde|22\/100\n|move|p1a: Zygarde|Glare|p2a: Groudon\n|-status|p2a: Groudon|par\n|\n|-weather|DesolateLand|[upkeep]\n|-heal|p1a: Zygarde|29\/100|[from] item: Leftovers\n|-activate|p1a: Zygarde|ability: Power Construct\n|detailschange|p1a: Zygarde|Zygarde-Complete\n|-heal|p1a: Zygarde|53\/100|[silent]\n|upkeep\n|turn|11\n|\n|t:|1700479425\n|cant|p2a: Groudon|par\n|move|p1a: Zygarde|Thousand Arrows|p2a: Groudon\n|-supereffective|p2a: Groudon\n|-damage|p2a: Groudon|54\/100 par\n|\n|-weather|DesolateLand|[upkeep]\n|-heal|p1a: Zygarde|59\/100|[from] item: Leftovers\n|upkeep\n|turn|12\n|\n|t:|1700479432\n|move|p2a: Groudon|Precipice Blades|p1a: Zygarde\n|-damage|p1a: Zygarde|4\/100\n|move|p1a: Zygarde|Thousand Arrows|p2a: Groudon\n|-supereffective|p2a: Groudon\n|-damage|p2a: Groudon|8\/100 par\n|\n|-weather|DesolateLand|[upkeep]\n|-heal|p1a: Zygarde|10\/100|[from] item: Leftovers\n|upkeep\n|turn|13\n|\n|t:|1700479436\n|move|p2a: Groudon|Swords Dance|p2a: Groudon\n|-boost|p2a: Groudon|atk|2\n|move|p1a: Zygarde|Rest|p1a: Zygarde\n|-status|p1a: Zygarde|slp|[from] move: Rest\n|-heal|p1a: Zygarde|100\/100 slp|[silent]\n|\n|-weather|DesolateLand|[upkeep]\n|upkeep\n|turn|14\n|\n|t:|1700479442\n|switch|p1a: Ho-Oh|Ho-Oh|100\/100 psn\n|move|p2a: Groudon|Stone Edge|p1a: Ho-Oh\n|-supereffective|p1a: Ho-Oh\n|-crit|p1a: Ho-Oh\n|-damage|p1a: Ho-Oh|0 fnt\n|faint|p1a: Ho-Oh\n|\n|-weather|DesolateLand|[upkeep]\n|upkeep\n|\n|t:|1700479444\n|switch|p1a: Arceus|Arceus-Ground|100\/100\n|-activate|p1a: Arceus|move: Sticky Web\n|-unboost|p1a: Arceus|spe|1\n|turn|15\n|\n|t:|1700479448\n|move|p1a: Arceus|Earthquake|p2a: Groudon\n|-supereffective|p2a: Groudon\n|-damage|p2a: Groudon|0 fnt\n|faint|p2a: Groudon\n|-weather|none\n|\n|upkeep\n|\n|t:|1700479451\n|switch|p2a: Arceus|Arceus, shiny|100\/100\n|turn|16\n|\n|t:|1700479454\n|move|p2a: Arceus|Swords Dance|p2a: Arceus\n|-boost|p2a: Arceus|atk|2\n|move|p1a: Arceus|Earthquake|p2a: Arceus\n|-damage|p2a: Arceus|49\/100\n|\n|upkeep\n|turn|17\n|\n|t:|1700479461\n|switch|p1a: Necrozma|Necrozma-Dusk-Mane|100\/100\n|-activate|p1a: Necrozma|move: Sticky Web\n|-unboost|p1a: Necrozma|spe|1\n|-zpower|p2a: Arceus\n|move|p2a: Arceus|Breakneck Blitz|p1a: Necrozma|[zeffect]\n|-resisted|p1a: Necrozma\n|-damage|p1a: Necrozma|19\/100\n|\n|upkeep\n|turn|18\n|\n|t:|1700479471\n|detailschange|p1a: Necrozma|Necrozma-Ultra\n|-burst|p1a: Necrozma|Necrozma|Ultranecrozium Z\n|move|p2a: Arceus|Swords Dance|p2a: Arceus\n|-boost|p2a: Arceus|atk|2\n|move|p1a: Necrozma|Photon Geyser|p2a: Arceus\n|-damage|p2a: Arceus|0 fnt\n|faint|p2a: Arceus\n|\n|upkeep\n|\n|t:|1700479478\n|switch|p2a: Marshadow|Marshadow|100\/100\n|turn|19\n|\n|t:|1700479486\n|move|p2a: Marshadow|Close Combat|p1a: Necrozma\n|-resisted|p1a: Necrozma\n|-damage|p1a: Necrozma|0 fnt\n|-unboost|p2a: Marshadow|def|1\n|-unboost|p2a: Marshadow|spd|1\n|faint|p1a: Necrozma\n|-damage|p2a: Marshadow|91\/100|[from] item: Life Orb\n|\n|upkeep\n|\n|t:|1700479489\n|switch|p1a: Groudon|Groudon|100\/100\n|-activate|p1a: Groudon|move: Sticky Web\n|-unboost|p1a: Groudon|spe|1\n|detailschange|p1a: Groudon|Groudon-Primal\n|-primal|p1a: Groudon|Red Orb\n|-weather|DesolateLand|[from] ability: Desolate Land|[of] p1a: Groudon\n|turn|20\n|\n|t:|1700479493\n|-terastallize|p2a: Marshadow|Ghost\n|move|p2a: Marshadow|Poltergeist|p1a: Groudon|[miss]\n|-miss|p2a: Marshadow|p1a: Groudon\n|move|p1a: Groudon|Earthquake|p2a: Marshadow\n|-damage|p2a: Marshadow|0 fnt\n|faint|p2a: Marshadow\n|\n|-weather|DesolateLand|[upkeep]\n|upkeep\n|\n|t:|1700479496\n|switch|p2a: Mewtwo|Mewtwo, shiny|100\/100\n|-ability|p2a: Mewtwo|Pressure\n|turn|21\n|\n|t:|1700479500\n|move|p2a: Mewtwo|Earth Power|p1a: Groudon\n|-supereffective|p1a: Groudon\n|-damage|p1a: Groudon|28\/100\n|-damage|p2a: Mewtwo|91\/100|[from] item: Life Orb\n|move|p1a: Groudon|Rock Tomb|p2a: Mewtwo\n|-damage|p2a: Mewtwo|67\/100\n|-unboost|p2a: Mewtwo|spe|1\n|\n|-weather|DesolateLand|[upkeep]\n|upkeep\n|turn|22\n|\n|t:|1700479505\n|move|p2a: Mewtwo|Earth Power|p1a: Groudon\n|-supereffective|p1a: Groudon\n|-damage|p1a: Groudon|0 fnt\n|faint|p1a: Groudon\n|-weather|none\n|-damage|p2a: Mewtwo|57\/100|[from] item: Life Orb\n|\n|upkeep\n|\n|t:|1700479507\n|switch|p1a: Arceus|Arceus-Ground|100\/100\n|-activate|p1a: Arceus|move: Sticky Web\n|-unboost|p1a: Arceus|spe|1\n|turn|23\n|\n|t:|1700479511\n|move|p2a: Mewtwo|Ice Beam|p1a: Arceus\n|-supereffective|p1a: Arceus\n|-damage|p1a: Arceus|27\/100\n|-damage|p2a: Mewtwo|47\/100|[from] item: Life Orb\n|move|p1a: Arceus|Earthquake|p2a: Mewtwo\n|-damage|p2a: Mewtwo|0 fnt\n|faint|p2a: Mewtwo\n|\n|win|nduk cuteheat\n|raw|nduk cuteheat's rating: 1716 &rarr; <strong>1743<\/strong><br \/>(+27 for winning)\n|raw|C0ld as Ice's rating: 1851 &rarr; <strong>1824<\/strong><br \/>(-27 for losing)\n|l|\u2606nduk cuteheat\n|l|\u2606C0ld as Ice\n","uploadtime":1700479578,"views":1,"p1id":"ndukcuteheat","p2id":"c0ldasice","formatid":"gen9nationaldexubers","rating":1743,"private":0,"password":""}