{"id":"gen9nationaldexubers-1995139279","p1":"Ginesect","p2":"XX_1nfinity_XX","format":"[Gen 9] National Dex Ubers","log":"|j|\u2606Ginesect\n|j|\u2606XX_1nfinity_XX\n|t:|1700526938\n|gametype|singles\n|player|p1|Ginesect|cynthia|\n|player|p2|XX_1nfinity_XX|steven|\n|teamsize|p1|6\n|teamsize|p2|6\n|gen|9\n|tier|[Gen 9] National Dex Ubers\n|rule|HP Percentage Mod: HP is shown in percentages\n|rule|Endless Battle Clause: Forcing endless battles is banned\n|rule|OHKO Clause: OHKO moves are banned\n|rule|Evasion Moves Clause: Evasion moves are banned\n|rule|Evasion Items Clause: Evasion items are banned\n|rule|Species Clause: Limit one of each Pok\u00e9mon\n|rule|Sleep Clause Mod: Limit one foe put to sleep\n|rule|Mega Rayquaza Clause: You cannot mega evolve Rayquaza\n|clearpoke\n|poke|p1|Ninetales-Alola, M|\n|poke|p1|Baxcalibur, F|\n|poke|p1|Iron Bundle|\n|poke|p1|Weavile, F|\n|poke|p1|Arctozolt|\n|poke|p1|Moltres|\n|poke|p2|Aron, M|\n|poke|p2|Riolu, F|\n|poke|p2|Wooper, F|\n|poke|p2|Cottonee, F|\n|poke|p2|Pikachu, F|\n|poke|p2|Linoone, F|\n|teampreview\n|inactive|Battle timer is ON: inactive players will automatically lose when time's up. (requested by XX_1nfinity_XX)\n|\n|t:|1700526955\n|start\n|switch|p1a: Baxcalibur|Baxcalibur, F|100\/100\n|switch|p2a: Aron|Aron, M|100\/100\n|turn|1\n|\n|t:|1700526962\n|move|p1a: Baxcalibur|Earthquake|p2a: Aron\n|-supereffective|p2a: Aron\n|-crit|p2a: Aron\n|-ability|p2a: Aron|Sturdy\n|-damage|p2a: Aron|1\/100\n|move|p2a: Aron|Metal Burst|p1a: Baxcalibur\n|-damage|p1a: Baxcalibur|0 fnt\n|faint|p1a: Baxcalibur\n|\n|upkeep\n|c|\u2606Ginesect|Wow\n|c|\u2606XX_1nfinity_XX|kekw\n|c|\u2606Ginesect|Ok\n|\n|t:|1700526990\n|switch|p1a: Ninetales|Ninetales-Alola, M|100\/100\n|-weather|Snow|[from] ability: Snow Warning|[of] p1a: Ninetales\n|turn|2\n|\n|t:|1700526993\n|move|p1a: Ninetales|Moonblast|p2a: Aron\n|-resisted|p2a: Aron\n|-damage|p2a: Aron|0 fnt\n|faint|p2a: Aron\n|\n|-weather|Snow|[upkeep]\n|upkeep\n|\n|t:|1700527006\n|switch|p2a: Pikachu|Pikachu, F|100\/100\n|turn|3\n|\n|t:|1700527011\n|move|p2a: Pikachu|Fake Out|p1a: Ninetales\n|-damage|p1a: Ninetales|84\/100\n|cant|p1a: Ninetales|flinch\n|\n|-weather|Snow|[upkeep]\n|-heal|p1a: Ninetales|90\/100|[from] item: Leftovers\n|upkeep\n|turn|4\n|\n|t:|1700527018\n|move|p2a: Pikachu|Extreme Speed|p1a: Ninetales\n|-damage|p1a: Ninetales|60\/100\n|move|p1a: Ninetales|Aurora Veil|p1a: Ninetales\n|-sidestart|p1: Ginesect|move: Aurora Veil\n|\n|-weather|Snow|[upkeep]\n|-heal|p1a: Ninetales|66\/100|[from] item: Leftovers\n|upkeep\n|turn|5\n|\n|t:|1700527026\n|move|p2a: Pikachu|Extreme Speed|p1a: Ninetales\n|-damage|p1a: Ninetales|50\/100\n|move|p1a: Ninetales|Blizzard|p2a: Pikachu\n|-damage|p2a: Pikachu|11\/100\n|\n|-weather|Snow|[upkeep]\n|-heal|p1a: Ninetales|57\/100|[from] item: Leftovers\n|upkeep\n|turn|6\n|\n|t:|1700527031\n|move|p2a: Pikachu|Extreme Speed|p1a: Ninetales\n|-damage|p1a: Ninetales|42\/100\n|move|p1a: Ninetales|Moonblast|p2a: Pikachu\n|-damage|p2a: Pikachu|0 fnt\n|faint|p2a: Pikachu\n|\n|-weather|none\n|-heal|p1a: Ninetales|48\/100|[from] item: Leftovers\n|upkeep\n|\n|t:|1700527034\n|switch|p2a: Linoone|Linoone, F|100\/100\n|turn|7\n|\n|t:|1700527046\n|move|p1a: Ninetales|Moonblast|p2a: Linoone\n|-damage|p2a: Linoone|51\/100\n|move|p2a: Linoone|Belly Drum|p2a: Linoone\n|-damage|p2a: Linoone|1\/100\n|-setboost|p2a: Linoone|atk|6|[from] move: Belly Drum\n|-enditem|p2a: Linoone|Salac Berry|[eat]\n|-boost|p2a: Linoone|spe|1|[from] item: Salac Berry\n|\n|-heal|p1a: Ninetales|54\/100|[from] item: Leftovers\n|upkeep\n|turn|8\n|\n|t:|1700527055\n|move|p2a: Linoone|Extreme Speed|p1a: Ninetales\n|-damage|p1a: Ninetales|0 fnt\n|faint|p1a: Ninetales\n|\n|-sideend|p1: Ginesect|move: Aurora Veil\n|upkeep\n|\n|t:|1700527060\n|switch|p1a: Weavile|Weavile, F|100\/100\n|-ability|p1a: Weavile|Pressure\n|turn|9\n|\n|t:|1700527068\n|move|p2a: Linoone|Shadow Claw|p1a: Weavile\n|-resisted|p1a: Weavile\n|-damage|p1a: Weavile|46\/100\n|move|p1a: Weavile|Ice Spinner|p2a: Linoone\n|-damage|p2a: Linoone|0 fnt\n|faint|p2a: Linoone\n|\n|upkeep\n|c|\u2606XX_1nfinity_XX|no misclick\n|c|\u2606Ginesect|?\n|c|\u2606Ginesect|it had sash\n|c|\u2606Ginesect|btw\n|inactive|XX_1nfinity_XX has 270 seconds left.\n|c|\u2606XX_1nfinity_XX|yeah but i would have koed it without scaing another mon\n|\n|t:|1700527103\n|switch|p2a: Riolu|Riolu, F|100\/100\n|turn|10\n|c|\u2606Ginesect|Ok\n|\n|t:|1700527113\n|move|p2a: Riolu|Protect|p2a: Riolu\n|-singleturn|p2a: Riolu|Protect\n|move|p1a: Weavile|Ice Spinner|p2a: Riolu\n|-activate|p2a: Riolu|move: Protect\n|\n|upkeep\n|turn|11\n|c|\u2606XX_1nfinity_XX|i had bullet punch on riolu\n|\n|t:|1700527123\n|switch|p1a: Moltres|Moltres|100\/100\n|switch|p2a: Wooper|Wooper, F|100\/100\n|\n|upkeep\n|turn|12\n|\n|t:|1700527128\n|move|p1a: Moltres|Hurricane|p2a: Wooper\n|-damage|p2a: Wooper|8\/100\n|move|p2a: Wooper|Yawn|p1a: Moltres\n|-start|p1a: Moltres|move: Yawn|[of] p2a: Wooper\n|\n|upkeep\n|turn|13\n|\n|t:|1700527134\n|switch|p1a: Arctozolt|Arctozolt|100\/100\n|move|p2a: Wooper|Stealth Rock|p1a: Arctozolt\n|-sidestart|p1: Ginesect|move: Stealth Rock\n|\n|upkeep\n|turn|14\n|\n|t:|1700527137\n|move|p1a: Arctozolt|Icicle Crash|p2a: Wooper\n|-damage|p2a: Wooper|0 fnt\n|faint|p2a: Wooper\n|\n|upkeep\n|\n|t:|1700527142\n|switch|p2a: Cottonee|Cottonee, F|100\/100\n|turn|15\n|c|\u2606XX_1nfinity_XX|miss\n|\n|t:|1700527148\n|move|p2a: Cottonee|Substitute|p2a: Cottonee\n|-start|p2a: Cottonee|Substitute\n|-damage|p2a: Cottonee|76\/100\n|move|p1a: Arctozolt|Icicle Crash|p2a: Cottonee\n|-supereffective|p2a: Cottonee\n|-end|p2a: Cottonee|Substitute\n|\n|-heal|p2a: Cottonee|81\/100|[from] item: Leftovers\n|upkeep\n|turn|16\n|\n|t:|1700527153\n|move|p2a: Cottonee|Protect|p2a: Cottonee\n|-singleturn|p2a: Cottonee|Protect\n|move|p1a: Arctozolt|Icicle Crash|p2a: Cottonee\n|-activate|p2a: Cottonee|move: Protect\n|\n|-heal|p2a: Cottonee|87\/100|[from] item: Leftovers\n|upkeep\n|turn|17\n|\n|t:|1700527157\n|move|p2a: Cottonee|Substitute|p2a: Cottonee\n|-start|p2a: Cottonee|Substitute\n|-damage|p2a: Cottonee|62\/100\n|move|p1a: Arctozolt|Icicle Crash|p2a: Cottonee\n|-supereffective|p2a: Cottonee\n|-end|p2a: Cottonee|Substitute\n|\n|-heal|p2a: Cottonee|68\/100|[from] item: Leftovers\n|upkeep\n|turn|18\n|c|\u2606XX_1nfinity_XX|misss\n|\n|t:|1700527164\n|switch|p1a: Iron Bundle|Iron Bundle|100\/100\n|move|p2a: Cottonee|Substitute|p2a: Cottonee\n|-start|p2a: Cottonee|Substitute\n|-damage|p2a: Cottonee|43\/100\n|\n|-heal|p2a: Cottonee|49\/100|[from] item: Leftovers\n|upkeep\n|turn|19\n|c|\u2606XX_1nfinity_XX|lol\n|c|\u2606Ginesect|Fuck\n|\n|t:|1700527174\n|move|p2a: Cottonee|Protect|p2a: Cottonee\n|-singleturn|p2a: Cottonee|Protect\n|move|p1a: Iron Bundle|Freeze-Dry|p2a: Cottonee\n|-activate|p2a: Cottonee|move: Protect\n|\n|-heal|p2a: Cottonee|55\/100|[from] item: Leftovers\n|upkeep\n|turn|20\n|\n|t:|1700527179\n|move|p2a: Cottonee|Leech Seed|p1a: Iron Bundle\n|-start|p1a: Iron Bundle|move: Leech Seed\n|move|p1a: Iron Bundle|Freeze-Dry|p2a: Cottonee\n|-supereffective|p2a: Cottonee\n|-end|p2a: Cottonee|Substitute\n|\n|-heal|p2a: Cottonee|61\/100|[from] item: Leftovers\n|-damage|p1a: Iron Bundle|88\/100|[from] Leech Seed|[of] p2a: Cottonee\n|-heal|p2a: Cottonee|75\/100|[silent]\n|upkeep\n|turn|21\n|\n|t:|1700527187\n|move|p2a: Cottonee|Substitute|p2a: Cottonee\n|-start|p2a: Cottonee|Substitute\n|-damage|p2a: Cottonee|50\/100\n|move|p1a: Iron Bundle|Ice Beam|p2a: Cottonee\n|-supereffective|p2a: Cottonee\n|-crit|p2a: Cottonee\n|-end|p2a: Cottonee|Substitute\n|\n|-heal|p2a: Cottonee|56\/100|[from] item: Leftovers\n|-damage|p1a: Iron Bundle|76\/100|[from] Leech Seed|[of] p2a: Cottonee\n|-heal|p2a: Cottonee|70\/100|[silent]\n|upkeep\n|turn|22\n|c|\u2606XX_1nfinity_XX|lucky crit\n|c|\u2606XX_1nfinity_XX|jk\n|\n|t:|1700527202\n|move|p2a: Cottonee|Protect|p2a: Cottonee\n|-singleturn|p2a: Cottonee|Protect\n|move|p1a: Iron Bundle|Ice Beam|p2a: Cottonee\n|-activate|p2a: Cottonee|move: Protect\n|\n|-heal|p2a: Cottonee|76\/100|[from] item: Leftovers\n|-damage|p1a: Iron Bundle|64\/100|[from] Leech Seed|[of] p2a: Cottonee\n|-heal|p2a: Cottonee|90\/100|[silent]\n|upkeep\n|turn|23\n|\n|t:|1700527205\n|move|p2a: Cottonee|Substitute|p2a: Cottonee\n|-start|p2a: Cottonee|Substitute\n|-damage|p2a: Cottonee|65\/100\n|move|p1a: Iron Bundle|U-turn|p2a: Cottonee\n|-crit|p2a: Cottonee\n|-end|p2a: Cottonee|Substitute\n|c|\u2606XX_1nfinity_XX|man\n|\n|t:|1700527215\n|-end|p1a: Iron Bundle|Quark Drive|[silent]\n|switch|p1a: Weavile|Weavile, F|46\/100|[from] U-turn\n|-damage|p1a: Weavile|21\/100|[from] Stealth Rock\n|-ability|p1a: Weavile|Pressure\n|\n|-heal|p2a: Cottonee|71\/100|[from] item: Leftovers\n|upkeep\n|turn|24\n|\n|t:|1700527220\n|move|p2a: Cottonee|Protect|p2a: Cottonee\n|-singleturn|p2a: Cottonee|Protect\n|move|p1a: Weavile|Ice Spinner|p2a: Cottonee\n|-activate|p2a: Cottonee|move: Protect\n|\n|-heal|p2a: Cottonee|77\/100|[from] item: Leftovers\n|upkeep\n|turn|25\n|\n|t:|1700527222\n|switch|p2a: Riolu|Riolu, F|100\/100\n|move|p1a: Weavile|Ice Spinner|p2a: Riolu\n|-damage|p2a: Riolu|11\/100\n|\n|upkeep\n|turn|26\n|\n|t:|1700527228\n|switch|p1a: Moltres|Moltres|100\/100\n|move|p2a: Riolu|Bullet Punch|p1a: Moltres\n|-resisted|p1a: Moltres\n|-damage|p1a: Moltres|97\/100\n|-status|p2a: Riolu|brn|[from] ability: Flame Body|[of] p1a: Moltres\n|\n|-damage|p2a: Riolu|5\/100 brn|[from] brn\n|upkeep\n|turn|27\n|\n|t:|1700527236\n|move|p1a: Moltres|Fire Blast|p2a: Riolu\n|-damage|p2a: Riolu|0 fnt\n|faint|p2a: Riolu\n|\n|upkeep\n|\n|t:|1700527239\n|switch|p2a: Cottonee|Cottonee, F|77\/100\n|turn|28\n|c|\u2606XX_1nfinity_XX|miss\n|\n|t:|1700527248\n|move|p2a: Cottonee|Substitute|p2a: Cottonee\n|-start|p2a: Cottonee|Substitute\n|-damage|p2a: Cottonee|52\/100\n|move|p1a: Moltres|Fire Blast|p2a: Cottonee\n|-supereffective|p2a: Cottonee\n|-end|p2a: Cottonee|Substitute\n|\n|-heal|p2a: Cottonee|58\/100|[from] item: Leftovers\n|upkeep\n|turn|29\n|c|\u2606XX_1nfinity_XX|miss\n|\n|t:|1700527258\n|switch|p1a: Weavile|Weavile, F|21\/100\n|-damage|p1a: Weavile|0 fnt|[from] Stealth Rock\n|faint|p1a: Weavile\n|move|p2a: Cottonee|Protect||[still]\n|-fail|p2a: Cottonee\n|\n|-heal|p2a: Cottonee|64\/100|[from] item: Leftovers\n|upkeep\n|\n|t:|1700527265\n|switch|p1a: Iron Bundle|Iron Bundle|64\/100\n|turn|30\n|\n|t:|1700527269\n|move|p2a: Cottonee|Substitute|p2a: Cottonee\n|-start|p2a: Cottonee|Substitute\n|-damage|p2a: Cottonee|39\/100\n|move|p1a: Iron Bundle|Ice Beam|p2a: Cottonee\n|-supereffective|p2a: Cottonee\n|-end|p2a: Cottonee|Substitute\n|\n|-heal|p2a: Cottonee|45\/100|[from] item: Leftovers\n|upkeep\n|turn|31\n|c|\u2606Ginesect|gg\n|c|\u2606Ginesect|I win\n|c|\u2606XX_1nfinity_XX|gg\n|\n|t:|1700527277\n|move|p2a: Cottonee|Protect|p2a: Cottonee\n|-singleturn|p2a: Cottonee|Protect\n|move|p1a: Iron Bundle|Ice Beam|p2a: Cottonee\n|-activate|p2a: Cottonee|move: Protect\n|\n|-heal|p2a: Cottonee|51\/100|[from] item: Leftovers\n|upkeep\n|turn|32\n|\n|t:|1700527282\n|move|p2a: Cottonee|Substitute|p2a: Cottonee\n|-start|p2a: Cottonee|Substitute\n|-damage|p2a: Cottonee|26\/100\n|move|p1a: Iron Bundle|Ice Beam|p2a: Cottonee\n|-supereffective|p2a: Cottonee\n|-end|p2a: Cottonee|Substitute\n|\n|-heal|p2a: Cottonee|32\/100|[from] item: Leftovers\n|upkeep\n|turn|33\n|\n|t:|1700527284\n|move|p2a: Cottonee|Protect|p2a: Cottonee\n|-singleturn|p2a: Cottonee|Protect\n|move|p1a: Iron Bundle|Ice Beam|p2a: Cottonee\n|-activate|p2a: Cottonee|move: Protect\n|\n|-heal|p2a: Cottonee|38\/100|[from] item: Leftovers\n|upkeep\n|turn|34\n|\n|t:|1700527287\n|move|p2a: Cottonee|Substitute|p2a: Cottonee\n|-start|p2a: Cottonee|Substitute\n|-damage|p2a: Cottonee|13\/100\n|move|p1a: Iron Bundle|Ice Beam|p2a: Cottonee\n|-supereffective|p2a: Cottonee\n|-end|p2a: Cottonee|Substitute\n|\n|-heal|p2a: Cottonee|19\/100|[from] item: Leftovers\n|upkeep\n|turn|35\n|\n|t:|1700527289\n|move|p2a: Cottonee|Protect|p2a: Cottonee\n|-singleturn|p2a: Cottonee|Protect\n|move|p1a: Iron Bundle|Freeze-Dry|p2a: Cottonee\n|-activate|p2a: Cottonee|move: Protect\n|\n|-heal|p2a: Cottonee|24\/100|[from] item: Leftovers\n|upkeep\n|turn|36\n|\n|t:|1700527292\n|move|p2a: Cottonee|Substitute|p2a: Cottonee\n|-fail|p2a: Cottonee|move: Substitute|[weak]\n|move|p1a: Iron Bundle|Freeze-Dry|p2a: Cottonee\n|-supereffective|p2a: Cottonee\n|-damage|p2a: Cottonee|0 fnt\n|faint|p2a: Cottonee\n|\n|win|Ginesect\n","uploadtime":1700527299,"views":7,"p1id":"ginesect","p2id":"xx1nfinityxx","formatid":"gen9nationaldexubers","rating":0,"private":0,"password":""}