{"id":"gen9nationaldexubers-1992326615","p1":"T8rguy","p2":"LostSilver00800","format":"[Gen 9] National Dex Ubers","log":"|j|\u2606T8rguy\n|j|\u2606LostSilver00800\n|t:|1700175002\n|gametype|singles\n|player|p1|T8rguy|byron|1202\n|player|p2|LostSilver00800|psychic-gen4|1300\n|teamsize|p1|6\n|teamsize|p2|6\n|gen|9\n|tier|[Gen 9] National Dex Ubers\n|rated|\n|rule|HP Percentage Mod: HP is shown in percentages\n|rule|Endless Battle Clause: Forcing endless battles is banned\n|rule|OHKO Clause: OHKO moves are banned\n|rule|Evasion Moves Clause: Evasion moves are banned\n|rule|Evasion Items Clause: Evasion items are banned\n|rule|Species Clause: Limit one of each Pok\u00e9mon\n|rule|Sleep Clause Mod: Limit one foe put to sleep\n|rule|Mega Rayquaza Clause: You cannot mega evolve Rayquaza\n|clearpoke\n|poke|p1|Kommo-o, F|\n|poke|p1|Groudon|\n|poke|p1|Golem-Alola, M|\n|poke|p1|Meowscarada, M|\n|poke|p1|Mawile, M|\n|poke|p1|Kyurem-White|\n|poke|p2|Necrozma-Dawn-Wings|\n|poke|p2|Lilligant-Hisui, F|\n|poke|p2|Mawile, F|\n|poke|p2|Dracovish|\n|poke|p2|Glimmora, M|\n|poke|p2|Hitmonlee, M|\n|teampreview\n|inactive|Battle timer is ON: inactive players will automatically lose when time's up. (requested by T8rguy)\n|\n|t:|1700175014\n|start\n|switch|p1a: Mawile|Mawile, M|100\/100\n|switch|p2a: Glimmora|Glimmora, M|100\/100\n|-ability|p1a: Mawile|Intimidate|boost\n|-unboost|p2a: Glimmora|atk|1\n|turn|1\n|\n|t:|1700175024\n|switch|p1a: Kommo-o|Kommo-o, F|100\/100\n|move|p2a: Glimmora|Toxic Spikes|p1a: Kommo-o\n|-sidestart|p1: T8rguy|move: Toxic Spikes\n|\n|upkeep\n|turn|2\n|\n|t:|1700175029\n|move|p2a: Glimmora|Spikes|p1a: Kommo-o\n|-sidestart|p1: T8rguy|Spikes\n|-zpower|p1a: Kommo-o\n|move|p1a: Kommo-o|Clangorous Soulblaze|p2a: Glimmora|[zeffect]\n|-enditem|p2a: Glimmora|Focus Sash\n|-damage|p2a: Glimmora|1\/100\n|-boost|p1a: Kommo-o|atk|1\n|-boost|p1a: Kommo-o|def|1\n|-boost|p1a: Kommo-o|spa|1\n|-boost|p1a: Kommo-o|spd|1\n|-boost|p1a: Kommo-o|spe|1\n|\n|upkeep\n|turn|3\n|\n|t:|1700175044\n|move|p1a: Kommo-o|Aura Sphere|p2a: Glimmora\n|-crit|p2a: Glimmora\n|-damage|p2a: Glimmora|0 fnt\n|faint|p2a: Glimmora\n|\n|upkeep\n|\n|t:|1700175051\n|switch|p2a: I forgor to name|Hitmonlee, M|100\/100\n|turn|4\n|c|\u2606T8rguy|lol\n|\n|t:|1700175058\n|move|p2a: I forgor to name|Fake Out|p1a: Kommo-o\n|-damage|p1a: Kommo-o|93\/100\n|cant|p1a: Kommo-o|flinch\n|\n|upkeep\n|turn|5\n|\n|t:|1700175064\n|move|p2a: I forgor to name|Endure|p2a: I forgor to name\n|-singleturn|p2a: I forgor to name|move: Endure\n|move|p1a: Kommo-o|Clanging Scales|p2a: I forgor to name\n|-activate|p2a: I forgor to name|move: Endure\n|-damage|p2a: I forgor to name|1\/100\n|-enditem|p2a: I forgor to name|Liechi Berry|[eat]\n|-boost|p2a: I forgor to name|atk|1|[from] item: Liechi Berry\n|-unboost|p1a: Kommo-o|def|1\n|\n|upkeep\n|turn|6\n|c|\u2606T8rguy|nice\n|\n|t:|1700175074\n|move|p2a: I forgor to name|Reversal|p1a: Kommo-o\n|-damage|p1a: Kommo-o|0 fnt\n|faint|p1a: Kommo-o\n|\n|upkeep\n|c|\u2606T8rguy|oh god\n|\n|t:|1700175087\n|switch|p1a: Mawile|Mawile, M|100\/100\n|-damage|p1a: Mawile|88\/100|[from] Spikes\n|-ability|p1a: Mawile|Intimidate|boost\n|-unboost|p2a: I forgor to name|atk|1\n|turn|7\n|\n|t:|1700175093\n|detailschange|p1a: Mawile|Mawile-Mega, M\n|-mega|p1a: Mawile|Mawile|Mawilite\n|move|p2a: I forgor to name|Reversal|p1a: Mawile\n|-damage|p1a: Mawile|0 fnt\n|faint|p1a: Mawile\n|\n|upkeep\n|\n|t:|1700175097\n|switch|p1a: Golem|Golem-Alola, M|100\/100\n|-status|p1a: Golem|psn\n|-damage|p1a: Golem|88\/100 psn|[from] Spikes\n|turn|8\n|\n|t:|1700175104\n|move|p2a: I forgor to name|Reversal|p1a: Golem\n|-supereffective|p1a: Golem\n|-damage|p1a: Golem|0 fnt\n|faint|p1a: Golem\n|\n|upkeep\n|\n|t:|1700175111\n|switch|p1a: Groudon|Groudon|100\/100\n|-status|p1a: Groudon|psn\n|-damage|p1a: Groudon|88\/100 psn|[from] Spikes\n|detailschange|p1a: Groudon|Groudon-Primal\n|-primal|p1a: Groudon|Red Orb\n|-weather|DesolateLand|[from] ability: Desolate Land|[of] p1a: Groudon\n|turn|9\n|\n|t:|1700175119\n|move|p2a: I forgor to name|Reversal|p1a: Groudon\n|-damage|p1a: Groudon|23\/100 psn\n|move|p1a: Groudon|Earthquake|p2a: I forgor to name\n|-damage|p2a: I forgor to name|0 fnt\n|faint|p2a: I forgor to name\n|\n|-weather|DesolateLand|[upkeep]\n|-damage|p1a: Groudon|10\/100 psn|[from] psn\n|upkeep\n|c|\u2606T8rguy|bulk\n|\n|t:|1700175128\n|switch|p2a: Mia|Mawile, F|100\/100\n|-ability|p2a: Mia|Intimidate|boost\n|-unboost|p1a: Groudon|atk|1\n|turn|10\n|\n|t:|1700175132\n|detailschange|p2a: Mia|Mawile-Mega, F\n|-mega|p2a: Mia|Mawile|Mawilite\n|move|p2a: Mia|Sucker Punch|p1a: Groudon\n|-damage|p1a: Groudon|0 fnt\n|faint|p1a: Groudon\n|-weather|none\n|\n|upkeep\n|\n|t:|1700175136\n|switch|p1a: Kyurem|Kyurem-White|100\/100\n|-status|p1a: Kyurem|psn\n|-damage|p1a: Kyurem|88\/100 psn|[from] Spikes\n|-ability|p1a: Kyurem|Turboblaze\n|turn|11\n|\n|t:|1700175144\n|move|p1a: Kyurem|Fusion Flare|p2a: Mia\n|-supereffective|p2a: Mia\n|-damage|p2a: Mia|0 fnt\n|faint|p2a: Mia\n|\n|-damage|p1a: Kyurem|76\/100 psn|[from] psn\n|upkeep\n|\n|t:|1700175150\n|switch|p2a: Blood Moon|Necrozma-Dawn-Wings, shiny|100\/100\n|turn|12\n|\n|t:|1700175154\n|detailschange|p2a: Blood Moon|Necrozma-Ultra, shiny\n|-burst|p2a: Blood Moon|Necrozma|Ultranecrozium Z\n|move|p1a: Kyurem|Fusion Flare|p2a: Blood Moon\n|-resisted|p2a: Blood Moon\n|-damage|p2a: Blood Moon|72\/100\n|move|p2a: Blood Moon|Dragon Pulse|p1a: Kyurem\n|-supereffective|p1a: Kyurem\n|-damage|p1a: Kyurem|0 fnt\n|faint|p1a: Kyurem\n|\n|upkeep\n|c|\u2606T8rguy|oh\n|\n|t:|1700175163\n|switch|p1a: Meowscarada|Meowscarada, M|100\/100\n|-status|p1a: Meowscarada|psn\n|-damage|p1a: Meowscarada|88\/100 psn|[from] Spikes\n|turn|13\n|\n|t:|1700175172\n|move|p1a: Meowscarada|Knock Off|p2a: Blood Moon\n|-start|p1a: Meowscarada|typechange|Dark|[from] ability: Protean\n|-supereffective|p2a: Blood Moon\n|-damage|p2a: Blood Moon|16\/100\n|move|p2a: Blood Moon|Dragon Pulse|p1a: Meowscarada\n|-damage|p1a: Meowscarada|0 fnt\n|faint|p1a: Meowscarada\n|\n|win|LostSilver00800\n|raw|T8rguy's rating: 1202 &rarr; <strong>1184<\/strong><br \/>(-18 for losing)\n|raw|LostSilver00800's rating: 1300 &rarr; <strong>1318<\/strong><br \/>(+18 for winning)\n","uploadtime":1700175183,"views":8,"p1id":"t8rguy","p2id":"lostsilver00800","formatid":"gen9nationaldexubers","rating":1184,"private":0,"password":""}