{"id":"gen9nationaldexubers-1985723355","p1":"KingoftheTitans","p2":"DJ The Phantom","format":"[Gen 9] National Dex Ubers","log":"|j|\u2606KingoftheTitans\n|j|\u2606DJ The Phantom\n|t:|1699399429\n|gametype|singles\n|player|p1|KingoftheTitans|170|1225\n|player|p2|DJ The Phantom|sabrina|1129\n|teamsize|p1|6\n|teamsize|p2|6\n|gen|9\n|tier|[Gen 9] National Dex Ubers\n|rated|\n|rule|HP Percentage Mod: HP is shown in percentages\n|rule|Endless Battle Clause: Forcing endless battles is banned\n|rule|OHKO Clause: OHKO moves are banned\n|rule|Evasion Moves Clause: Evasion moves are banned\n|rule|Evasion Items Clause: Evasion items are banned\n|rule|Species Clause: Limit one of each Pok\u00e9mon\n|rule|Sleep Clause Mod: Limit one foe put to sleep\n|rule|Mega Rayquaza Clause: You cannot mega evolve Rayquaza\n|clearpoke\n|poke|p1|Porygon-Z|\n|poke|p1|Absol, F|\n|poke|p1|Iron Valiant|\n|poke|p1|Heatran, M|\n|poke|p1|Genesect|\n|poke|p1|Rotom-Wash|\n|poke|p2|Walking Wake|\n|poke|p2|Charizard, M|\n|poke|p2|Lilligant-Hisui, F|\n|poke|p2|Groudon|\n|poke|p2|Galvantula, M|\n|poke|p2|Latios, M|\n|teampreview\n|\n|t:|1699399439\n|start\n|switch|p1a: Genesect|Genesect, shiny|100\/100\n|switch|p2a: Canon Event|Galvantula, M|100\/100\n|-ability|p1a: Genesect|Download|boost\n|-boost|p1a: Genesect|spa|1\n|turn|1\n|\n|t:|1699399448\n|move|p1a: Genesect|U-turn|p2a: Canon Event\n|-damage|p2a: Canon Event|40\/100\n|\n|t:|1699399460\n|switch|p1a: Rotom|Rotom-Wash|100\/100|[from] U-turn\n|move|p2a: Canon Event|Sticky Web|p1a: Rotom\n|-sidestart|p1: KingoftheTitans|move: Sticky Web\n|\n|upkeep\n|turn|2\n|\n|t:|1699399472\n|switch|p2a: Godzilla|Groudon|100\/100\n|-weather|SunnyDay|[from] ability: Drought|[of] p2a: Godzilla\n|move|p1a: Rotom|Defog|p2a: Godzilla\n|-unboost|p2a: Godzilla|evasion|1\n|-sideend|p1: KingoftheTitans|Sticky Web|[from] move: Defog|[of] p1a: Rotom\n|\n|-weather|SunnyDay|[upkeep]\n|upkeep\n|turn|3\n|\n|t:|1699399492\n|move|p2a: Godzilla|Stealth Rock|p1a: Rotom\n|-sidestart|p1: KingoftheTitans|move: Stealth Rock\n|move|p1a: Rotom|Will-O-Wisp|p2a: Godzilla\n|-status|p2a: Godzilla|brn\n|\n|-weather|SunnyDay|[upkeep]\n|-damage|p2a: Godzilla|94\/100 brn|[from] brn\n|upkeep\n|turn|4\n|\n|t:|1699399514\n|move|p2a: Godzilla|Heat Crash|p1a: Rotom\n|-resisted|p1a: Rotom\n|-damage|p1a: Rotom|79\/100\n|move|p1a: Rotom|Defog|p2a: Godzilla\n|-unboost|p2a: Godzilla|evasion|1\n|-sideend|p1: KingoftheTitans|Stealth Rock|[from] move: Defog|[of] p1a: Rotom\n|\n|-weather|SunnyDay|[upkeep]\n|-heal|p1a: Rotom|85\/100|[from] item: Leftovers\n|-damage|p2a: Godzilla|88\/100 brn|[from] brn\n|upkeep\n|turn|5\n|\n|t:|1699399527\n|switch|p2a: Sway Lily|Lilligant-Hisui, F|100\/100\n|switch|p1a: Heatran|Heatran, M|100\/100\n|-item|p1a: Heatran|Air Balloon\n|\n|-weather|SunnyDay|[upkeep]\n|upkeep\n|turn|6\n|\n|t:|1699399538\n|-terastallize|p1a: Heatran|Ground\n|move|p2a: Sway Lily|Close Combat|p1a: Heatran\n|-damage|p1a: Heatran|43\/100\n|-unboost|p2a: Sway Lily|def|1\n|-unboost|p2a: Sway Lily|spd|1\n|-enditem|p1a: Heatran|Air Balloon\n|move|p1a: Heatran|Magma Storm|p2a: Sway Lily\n|-supereffective|p2a: Sway Lily\n|-damage|p2a: Sway Lily|0 fnt\n|faint|p2a: Sway Lily\n|\n|-weather|SunnyDay|[upkeep]\n|upkeep\n|\n|t:|1699399543\n|switch|p2a: Chimera|Walking Wake|100\/100\n|-activate|p2a: Chimera|ability: Protosynthesis\n|-start|p2a: Chimera|protosynthesisspa\n|turn|7\n|\n|t:|1699399554\n|move|p2a: Chimera|Agility|p2a: Chimera\n|-boost|p2a: Chimera|spe|2\n|move|p1a: Heatran|Earth Power|p2a: Chimera\n|-damage|p2a: Chimera|38\/100\n|\n|-weather|SunnyDay|[upkeep]\n|upkeep\n|turn|8\n|\n|t:|1699399562\n|move|p2a: Chimera|Hydro Steam|p1a: Heatran\n|-supereffective|p1a: Heatran\n|-damage|p1a: Heatran|0 fnt\n|faint|p1a: Heatran\n|\n|-weather|SunnyDay|[upkeep]\n|upkeep\n|\n|t:|1699399567\n|switch|p1a: Absol|Absol, F|100\/100\n|-ability|p1a: Absol|Pressure\n|turn|9\n|\n|t:|1699399573\n|detailschange|p1a: Absol|Absol-Mega, F\n|-mega|p1a: Absol|Absol|Absolite\n|-terastallize|p2a: Chimera|Water\n|move|p1a: Absol|Sucker Punch|p2a: Chimera\n|-damage|p2a: Chimera|0 fnt\n|faint|p2a: Chimera\n|-end|p2a: Chimera|Protosynthesis|[silent]\n|\n|-weather|none\n|upkeep\n|\n|t:|1699399579\n|switch|p2a: Lizardon|Charizard, M|100\/100\n|turn|10\n|\n|t:|1699399588\n|switch|p1a: Rotom|Rotom-Wash|85\/100\n|detailschange|p2a: Lizardon|Charizard-Mega-Y, M\n|-mega|p2a: Lizardon|Charizard|Charizardite Y\n|-weather|SunnyDay|[from] ability: Drought|[of] p2a: Lizardon\n|move|p2a: Lizardon|Flame Charge|p1a: Rotom\n|-resisted|p1a: Rotom\n|-damage|p1a: Rotom|69\/100\n|-boost|p2a: Lizardon|spe|1\n|\n|-weather|SunnyDay|[upkeep]\n|-heal|p1a: Rotom|75\/100|[from] item: Leftovers\n|upkeep\n|turn|11\n|\n|t:|1699399600\n|move|p2a: Lizardon|Air Slash|p1a: Rotom\n|-resisted|p1a: Rotom\n|-damage|p1a: Rotom|45\/100\n|cant|p1a: Rotom|flinch\n|\n|-weather|SunnyDay|[upkeep]\n|-heal|p1a: Rotom|52\/100|[from] item: Leftovers\n|upkeep\n|turn|12\n|\n|t:|1699399607\n|move|p2a: Lizardon|Air Slash|p1a: Rotom\n|-resisted|p1a: Rotom\n|-damage|p1a: Rotom|21\/100\n|move|p1a: Rotom|Thunderbolt|p2a: Lizardon\n|-supereffective|p2a: Lizardon\n|-damage|p2a: Lizardon|19\/100\n|\n|-weather|SunnyDay|[upkeep]\n|-heal|p1a: Rotom|27\/100|[from] item: Leftovers\n|upkeep\n|turn|13\n|\n|t:|1699399615\n|move|p2a: Lizardon|Air Slash|p1a: Rotom\n|-resisted|p1a: Rotom\n|-damage|p1a: Rotom|0 fnt\n|faint|p1a: Rotom\n|\n|-weather|SunnyDay|[upkeep]\n|upkeep\n|\n|t:|1699399620\n|switch|p1a: Absol|Absol-Mega, F|100\/100\n|turn|14\n|\n|t:|1699399627\n|switch|p2a: Godzilla|Groudon|88\/100 brn\n|move|p1a: Absol|Knock Off|p2a: Godzilla\n|-crit|p2a: Godzilla\n|-damage|p2a: Godzilla|22\/100 brn\n|-enditem|p2a: Godzilla|Heat Rock|[from] move: Knock Off|[of] p1a: Absol\n|\n|-weather|none\n|-damage|p2a: Godzilla|16\/100 brn|[from] brn\n|upkeep\n|turn|15\n|\n|t:|1699399637\n|move|p1a: Absol|Knock Off|p2a: Godzilla\n|-damage|p2a: Godzilla|0 fnt\n|faint|p2a: Godzilla\n|\n|upkeep\n|\n|t:|1699399642\n|switch|p2a: Canon Event|Galvantula, M|40\/100\n|turn|16\n|\n|t:|1699399645\n|move|p1a: Absol|Knock Off|p2a: Canon Event\n|-damage|p2a: Canon Event|0 fnt\n|-enditem|p2a: Canon Event|Focus Sash|[from] move: Knock Off|[of] p1a: Absol\n|faint|p2a: Canon Event\n|\n|upkeep\n|\n|t:|1699399651\n|switch|p2a: Lizardon|Charizard-Mega-Y, M|19\/100\n|-weather|SunnyDay|[from] ability: Drought|[of] p2a: Lizardon\n|turn|17\n|\n|t:|1699399655\n|move|p1a: Absol|Knock Off|p2a: Lizardon\n|-damage|p2a: Lizardon|0 fnt\n|faint|p2a: Lizardon\n|\n|-weather|SunnyDay|[upkeep]\n|upkeep\n|\n|t:|1699399658\n|switch|p2a: Quinjet|Latios, M|100\/100\n|turn|18\n|\n|t:|1699399663\n|move|p1a: Absol|Knock Off|p2a: Quinjet\n|-supereffective|p2a: Quinjet\n|-damage|p2a: Quinjet|0 fnt\n|-enditem|p2a: Quinjet|Soul Dew|[from] move: Knock Off|[of] p1a: Absol\n|faint|p2a: Quinjet\n|\n|win|KingoftheTitans\n|raw|KingoftheTitans's rating: 1225 &rarr; <strong>1243<\/strong><br \/>(+18 for winning)\n|raw|DJ The Phantom's rating: 1129 &rarr; <strong>1111<\/strong><br \/>(-18 for losing)\n|l|\u2606DJ The Phantom\n","uploadtime":1699399669,"views":18,"p1id":"kingofthetitans","p2id":"djthephantom","formatid":"gen9nationaldexubers","rating":1111,"private":0,"password":""}