{"id":"gen9nationaldexubers-1987392726","p1":"Kayoubi","p2":"yipiee","format":"[Gen 9] National Dex Ubers","log":"|j|\u2606Kayoubi\n|j|\u2606yipiee\n|t:|1699585524\n|gametype|singles\n|player|p1|Kayoubi|red|1360\n|player|p2|yipiee|102|1288\n|teamsize|p1|6\n|teamsize|p2|6\n|gen|9\n|tier|[Gen 9] National Dex Ubers\n|rated|\n|rule|HP Percentage Mod: HP is shown in percentages\n|rule|Endless Battle Clause: Forcing endless battles is banned\n|rule|OHKO Clause: OHKO moves are banned\n|rule|Evasion Moves Clause: Evasion moves are banned\n|rule|Evasion Items Clause: Evasion items are banned\n|rule|Species Clause: Limit one of each Pok\u00e9mon\n|rule|Sleep Clause Mod: Limit one foe put to sleep\n|rule|Mega Rayquaza Clause: You cannot mega evolve Rayquaza\n|clearpoke\n|poke|p1|Ho-Oh|\n|poke|p1|Ogerpon-Hearthflame, F|\n|poke|p1|Mewtwo|\n|poke|p1|Deoxys-Attack|\n|poke|p1|Zacian-*|\n|poke|p1|Groudon|\n|poke|p2|Shuckle, F|\n|poke|p2|Dracovish|\n|poke|p2|Gholdengo|\n|poke|p2|Kyogre|\n|poke|p2|Arceus-Ground|\n|poke|p2|Rayquaza|\n|teampreview\n|inactive|Battle timer is ON: inactive players will automatically lose when time's up. (requested by Kayoubi)\n|\n|t:|1699585533\n|start\n|switch|p1a: Deoxys|Deoxys-Attack|100\/100\n|switch|p2a: Shuckle|Shuckle, F, shiny|100\/100\n|-ability|p1a: Deoxys|Pressure\n|turn|1\n|\n|t:|1699585542\n|move|p1a: Deoxys|Dark Pulse|p2a: Shuckle\n|-damage|p2a: Shuckle|78\/100\n|move|p2a: Shuckle|Sticky Web|p1a: Deoxys\n|-sidestart|p1: Kayoubi|move: Sticky Web\n|\n|upkeep\n|turn|2\n|\n|t:|1699585548\n|move|p1a: Deoxys|Dark Pulse|p2a: Shuckle\n|-damage|p2a: Shuckle|55\/100\n|move|p2a: Shuckle|Stealth Rock|p1a: Deoxys\n|-sidestart|p1: Kayoubi|move: Stealth Rock\n|\n|upkeep\n|turn|3\n|\n|t:|1699585554\n|move|p1a: Deoxys|Dark Pulse|p2a: Shuckle\n|-damage|p2a: Shuckle|32\/100\n|move|p2a: Shuckle|Knock Off|p1a: Deoxys\n|-supereffective|p1a: Deoxys\n|-damage|p1a: Deoxys|52\/100\n|-enditem|p1a: Deoxys|Focus Sash|[from] move: Knock Off|[of] p2a: Shuckle\n|\n|upkeep\n|turn|4\n|\n|t:|1699585567\n|switch|p1a: Ho-Oh|Ho-Oh|100\/100\n|move|p2a: Shuckle|Final Gambit|p1a: Ho-Oh\n|-damage|p1a: Ho-Oh|82\/100\n|faint|p2a: Shuckle\n|\n|upkeep\n|\n|t:|1699585586\n|switch|p2a: Gholdengo|Gholdengo|100\/100\n|-item|p2a: Gholdengo|Air Balloon\n|turn|5\n|\n|t:|1699585590\n|move|p2a: Gholdengo|Thunder Wave|p1a: Ho-Oh\n|-status|p1a: Ho-Oh|par\n|move|p1a: Ho-Oh|Defog|p2a: Gholdengo\n|-immune|p2a: Gholdengo|[from] ability: Good as Gold\n|\n|upkeep\n|turn|6\n|\n|t:|1699585598\n|switch|p2a: Kyogre|Kyogre|100\/100\n|-weather|RainDance|[from] ability: Drizzle|[of] p2a: Kyogre\n|move|p1a: Ho-Oh|Sacred Fire|p2a: Kyogre\n|-resisted|p2a: Kyogre\n|-damage|p2a: Kyogre|89\/100\n|-status|p2a: Kyogre|brn\n|\n|-weather|RainDance|[upkeep]\n|-damage|p2a: Kyogre|83\/100 brn|[from] brn\n|upkeep\n|turn|7\n|\n|t:|1699585612\n|switch|p1a: Groudon|Groudon|100\/100\n|-activate|p1a: Groudon|move: Sticky Web\n|-unboost|p1a: Groudon|spe|1\n|-damage|p1a: Groudon|94\/100|[from] Stealth Rock\n|detailschange|p1a: Groudon|Groudon-Primal\n|-primal|p1a: Groudon|Red Orb\n|-weather|DesolateLand|[from] ability: Desolate Land|[of] p1a: Groudon\n|move|p2a: Kyogre|Water Spout||[still]\n|-fail|p2a: Kyogre|Water Spout|[from] Desolate Land\n|\n|-weather|DesolateLand|[upkeep]\n|-damage|p2a: Kyogre|77\/100 brn|[from] brn\n|upkeep\n|turn|8\n|\n|t:|1699585626\n|switch|p2a: Rayquaza|Rayquaza, shiny|100\/100\n|-ability|p2a: Rayquaza|Air Lock\n|move|p1a: Groudon|Precipice Blades|p2a: Rayquaza\n|-immune|p2a: Rayquaza\n|\n|-weather|DesolateLand|[upkeep]\n|upkeep\n|turn|9\n|\n|t:|1699585636\n|-weather|none\n|switch|p1a: Mewtwo|Mewtwo|100\/100\n|-activate|p1a: Mewtwo|move: Sticky Web\n|-unboost|p1a: Mewtwo|spe|1\n|-damage|p1a: Mewtwo|88\/100|[from] Stealth Rock\n|-ability|p1a: Mewtwo|Pressure\n|move|p2a: Rayquaza|Earthquake|p1a: Mewtwo\n|-damage|p1a: Mewtwo|48\/100\n|\n|upkeep\n|turn|10\n|\n|t:|1699585651\n|detailschange|p1a: Mewtwo|Mewtwo-Mega-Y\n|-mega|p1a: Mewtwo|Mewtwo|Mewtwonite Y\n|move|p2a: Rayquaza|Dragon Ascent|p1a: Mewtwo\n|-crit|p1a: Mewtwo\n|-damage|p1a: Mewtwo|0 fnt\n|-unboost|p2a: Rayquaza|def|1\n|-unboost|p2a: Rayquaza|spd|1\n|faint|p1a: Mewtwo\n|\n|upkeep\n|\n|t:|1699585662\n|switch|p1a: Ho-Oh|Ho-Oh|100\/100 par\n|turn|11\n|\n|t:|1699585673\n|switch|p2a: Kyogre|Kyogre|77\/100 brn\n|-weather|RainDance|[from] ability: Drizzle|[of] p2a: Kyogre\n|move|p1a: Ho-Oh|Defog|p2a: Kyogre\n|-unboost|p2a: Kyogre|evasion|1\n|-sideend|p1: Kayoubi|Stealth Rock|[from] move: Defog|[of] p1a: Ho-Oh\n|-sideend|p1: Kayoubi|Sticky Web|[from] move: Defog|[of] p1a: Ho-Oh\n|\n|-weather|RainDance|[upkeep]\n|-damage|p2a: Kyogre|71\/100 brn|[from] brn\n|upkeep\n|turn|12\n|\n|t:|1699585685\n|switch|p1a: Groudon|Groudon-Primal|94\/100\n|-weather|DesolateLand|[from] ability: Desolate Land|[of] p1a: Groudon\n|move|p2a: Kyogre|Ice Beam|p1a: Groudon\n|-damage|p1a: Groudon|30\/100\n|\n|-weather|DesolateLand|[upkeep]\n|-damage|p2a: Kyogre|64\/100 brn|[from] brn\n|upkeep\n|turn|13\n|\n|t:|1699585696\n|move|p1a: Groudon|Heat Crash|p2a: Kyogre\n|-resisted|p2a: Kyogre\n|-damage|p2a: Kyogre|31\/100 brn\n|move|p2a: Kyogre|Ice Beam|p1a: Groudon\n|-damage|p1a: Groudon|0 fnt\n|faint|p1a: Groudon\n|-weather|none\n|\n|-damage|p2a: Kyogre|25\/100 brn|[from] brn\n|upkeep\n|\n|t:|1699585707\n|switch|p1a: Ogerpon|Ogerpon-Hearthflame, F|100\/100\n|-ability|p1a: Ogerpon|Mold Breaker\n|turn|14\n|\n|t:|1699585723\n|-terastallize|p1a: Ogerpon|Fire\n|detailschange|p1a: Ogerpon|Ogerpon-Hearthflame-Tera, F, tera:Fire\n|-ability|p1a: Ogerpon|Embody Aspect (Hearthflame)|boost\n|-boost|p1a: Ogerpon|atk|1\n|move|p1a: Ogerpon|Ivy Cudgel|p2a: Kyogre\n|-resisted|p2a: Kyogre\n|-damage|p2a: Kyogre|0 fnt\n|faint|p2a: Kyogre\n|\n|upkeep\n|\n|t:|1699585730\n|switch|p2a: Arceus|Arceus-Ground|100\/100\n|turn|15\n|\n|t:|1699585734\n|move|p2a: Arceus|Judgment|p1a: Ogerpon\n|-supereffective|p1a: Ogerpon\n|-damage|p1a: Ogerpon|0 fnt\n|faint|p1a: Ogerpon\n|\n|upkeep\n|-message|Kayoubi forfeited.\n|\n|win|yipiee\n|raw|Kayoubi's rating: 1360 &rarr; <strong>1336<\/strong><br \/>(-24 for losing)\n|raw|yipiee's rating: 1288 &rarr; <strong>1318<\/strong><br \/>(+30 for winning)\n|l|\u2606Kayoubi\n","uploadtime":1699585747,"views":4,"p1id":"kayoubi","p2id":"yipiee","formatid":"gen9nationaldexubers","rating":1318,"private":0,"password":""}