{"id":"gen9nationaldexubers-1979880368","p1":"Chikinwang","p2":"Boston Blisseys","format":"[Gen 9] National Dex Ubers","log":"|j|\u2606Chikinwang\n|j|\u2606Boston Blisseys\n|t:|1698723574\n|gametype|singles\n|player|p1|Chikinwang|steven|\n|player|p2|Boston Blisseys|hiker-gen4|\n|teamsize|p1|6\n|teamsize|p2|6\n|gen|9\n|tier|[Gen 9] National Dex Ubers\n|rule|HP Percentage Mod: HP is shown in percentages\n|rule|Endless Battle Clause: Forcing endless battles is banned\n|rule|OHKO Clause: OHKO moves are banned\n|rule|Evasion Moves Clause: Evasion moves are banned\n|rule|Evasion Items Clause: Evasion items are banned\n|rule|Species Clause: Limit one of each Pok\u00e9mon\n|rule|Sleep Clause Mod: Limit one foe put to sleep\n|rule|Mega Rayquaza Clause: You cannot mega evolve Rayquaza\n|clearpoke\n|poke|p1|Mewtwo|\n|poke|p1|Dragonite, M|\n|poke|p1|Enamorus, F|\n|poke|p1|Hoopa-Unbound|\n|poke|p1|Politoed, F|\n|poke|p1|Blastoise, M|\n|poke|p2|Quaquaval, M|\n|poke|p2|Dragapult, F|\n|poke|p2|Salamence, M|\n|poke|p2|Magearna|\n|poke|p2|Arcanine-Hisui, F|\n|poke|p2|Umbreon, M|\n|teampreview\n|j| medi34\n|\n|t:|1698723614\n|start\n|switch|p1a: Daddy|Blastoise, M|100\/100\n|switch|p2a: Dragapult|Dragapult, F|100\/100\n|turn|1\n|j| lelza\n|\n|t:|1698723622\n|-terastallize|p1a: Daddy|Water\n|-zpower|p2a: Dragapult\n|move|p2a: Dragapult|Never-Ending Nightmare|p1a: Daddy|[zeffect]\n|-damage|p1a: Daddy|14\/100\n|move|p1a: Daddy|Shell Smash|p1a: Daddy\n|-unboost|p1a: Daddy|def|1\n|-unboost|p1a: Daddy|spd|1\n|-boost|p1a: Daddy|atk|2\n|-boost|p1a: Daddy|spa|2\n|-boost|p1a: Daddy|spe|2\n|-enditem|p1a: Daddy|White Herb\n|-clearnegativeboost|p1a: Daddy|[silent]\n|\n|upkeep\n|turn|2\n|c| lelza|gl hf\n|\n|t:|1698723639\n|switch|p2a: Trogdor|Salamence, M|100\/100\n|-ability|p2a: Trogdor|Intimidate|boost\n|-unboost|p1a: Daddy|atk|1\n|move|p1a: Daddy|Ice Beam|p2a: Trogdor\n|-supereffective|p2a: Trogdor\n|-damage|p2a: Trogdor|0 fnt\n|faint|p2a: Trogdor\n|\n|upkeep\n|\n|t:|1698723646\n|switch|p2a: Mexican Ganon|Quaquaval, M|100\/100\n|turn|3\n|c|\u2606Boston Blisseys|Game 2\n|c|\u2606Boston Blisseys|glhf\n|\n|t:|1698723695\n|move|p1a: Daddy|Hidden Power|p2a: Mexican Ganon\n|-damage|p2a: Mexican Ganon|64\/100\n|move|p2a: Mexican Ganon|Aqua Step|p1a: Daddy\n|-resisted|p1a: Daddy\n|-damage|p1a: Daddy|0 fnt\n|-boost|p2a: Mexican Ganon|spe|1\n|faint|p1a: Daddy\n|-ability|p2a: Mexican Ganon|Moxie|boost\n|-boost|p2a: Mexican Ganon|atk|1\n|\n|upkeep\n|c| medi34|Mexican Ganon is amazing\n|\n|t:|1698723711\n|switch|p1a: Rensworth|Dragonite, M|100\/100\n|turn|4\n|\n|t:|1698723727\n|move|p1a: Rensworth|Extreme Speed|p2a: Mexican Ganon\n|-damage|p2a: Mexican Ganon|27\/100\n|-enditem|p2a: Mexican Ganon|Sitrus Berry|[eat]\n|-heal|p2a: Mexican Ganon|52\/100|[from] item: Sitrus Berry\n|move|p2a: Mexican Ganon|Aqua Step|p1a: Rensworth\n|-resisted|p1a: Rensworth\n|-damage|p1a: Rensworth|85\/100\n|-boost|p2a: Mexican Ganon|spe|1\n|\n|upkeep\n|turn|5\n|\n|t:|1698723741\n|move|p1a: Rensworth|Extreme Speed|p2a: Mexican Ganon\n|-damage|p2a: Mexican Ganon|18\/100\n|move|p2a: Mexican Ganon|Close Combat|p1a: Rensworth\n|-resisted|p1a: Rensworth\n|-damage|p1a: Rensworth|38\/100\n|-unboost|p2a: Mexican Ganon|def|1\n|-unboost|p2a: Mexican Ganon|spd|1\n|\n|upkeep\n|turn|6\n|\n|t:|1698723751\n|move|p1a: Rensworth|Extreme Speed|p2a: Mexican Ganon\n|-damage|p2a: Mexican Ganon|0 fnt\n|faint|p2a: Mexican Ganon\n|\n|upkeep\n|\n|t:|1698723756\n|switch|p2a: Dragapult|Dragapult, F|100\/100\n|turn|7\n|\n|t:|1698723778\n|switch|p1a: Head Tail|Mewtwo, shiny|100\/100\n|-ability|p1a: Head Tail|Unnerve\n|move|p2a: Dragapult|Dragon Dance|p2a: Dragapult\n|-boost|p2a: Dragapult|atk|1\n|-boost|p2a: Dragapult|spe|1\n|\n|upkeep\n|turn|8\n|\n|t:|1698723789\n|switch|p1a: Dwendle|Politoed, F|100\/100\n|-weather|RainDance|[from] ability: Drizzle|[of] p1a: Dwendle\n|move|p2a: Dragapult|Phantom Force||[still]\n|-prepare|p2a: Dragapult|Phantom Force\n|\n|-weather|RainDance|[upkeep]\n|upkeep\n|turn|9\n|\n|t:|1698723799\n|move|p2a: Dragapult|Phantom Force|p1a: Dwendle|[from]lockedmove\n|-damage|p1a: Dwendle|53\/100\n|move|p1a: Dwendle|Haze|p1a: Dwendle\n|-clearallboost\n|\n|-weather|RainDance|[upkeep]\n|upkeep\n|turn|10\n|c| medi34|The haaaaze\n|\n|t:|1698723837\n|switch|p2a: MyChemicalRomance|Umbreon, M|100\/100\n|move|p1a: Dwendle|Toxic|p2a: MyChemicalRomance\n|-status|p2a: MyChemicalRomance|tox\n|-activate|p2a: MyChemicalRomance|ability: Synchronize\n|-status|p1a: Dwendle|tox\n|\n|-weather|RainDance|[upkeep]\n|-damage|p1a: Dwendle|47\/100 tox|[from] psn\n|-damage|p2a: MyChemicalRomance|94\/100 tox|[from] psn\n|upkeep\n|turn|11\n|\n|t:|1698723854\n|switch|p1a: Stupid mofo|Enamorus, F|100\/100\n|move|p2a: MyChemicalRomance|Wish|p2a: MyChemicalRomance\n|\n|-weather|RainDance|[upkeep]\n|-damage|p2a: MyChemicalRomance|82\/100 tox|[from] psn\n|upkeep\n|turn|12\n|\n|t:|1698723883\n|switch|p2a: Something Clever|Magearna|100\/100\n|-zpower|p1a: Stupid mofo\n|move|p1a: Stupid mofo|Twinkle Tackle|p2a: Something Clever|[zeffect]\n|-resisted|p2a: Something Clever\n|-damage|p2a: Something Clever|61\/100\n|\n|-weather|RainDance|[upkeep]\n|-heal|p2a: Something Clever|100\/100|[from] move: Wish|[wisher] MyChemicalRomance\n|upkeep\n|turn|13\n|c| medi34|Something Clever is something clever\n|\n|t:|1698723900\n|move|p1a: Stupid mofo|Earth Power|p2a: Something Clever\n|-supereffective|p2a: Something Clever\n|-damage|p2a: Something Clever|45\/100\n|move|p2a: Something Clever|Iron Defense|p2a: Something Clever\n|-boost|p2a: Something Clever|def|2\n|\n|-weather|RainDance|[upkeep]\n|-heal|p2a: Something Clever|51\/100|[from] item: Leftovers\n|upkeep\n|turn|14\n|c| medi34|and yes kelly thank you for backing me up by calling enamorus a stupid mofo\n|c| medi34|cause it is\n|\n|t:|1698723917\n|-terastallize|p2a: Something Clever|Fairy\n|move|p1a: Stupid mofo|Earth Power|p2a: Something Clever\n|-damage|p2a: Something Clever|24\/100\n|move|p2a: Something Clever|Calm Mind|p2a: Something Clever\n|-boost|p2a: Something Clever|spa|1\n|-boost|p2a: Something Clever|spd|1\n|\n|-weather|RainDance|[upkeep]\n|-heal|p2a: Something Clever|30\/100|[from] item: Leftovers\n|upkeep\n|turn|15\n|\n|t:|1698723927\n|move|p1a: Stupid mofo|Sludge Bomb|p2a: Something Clever\n|-supereffective|p2a: Something Clever\n|-damage|p2a: Something Clever|0 fnt\n|faint|p2a: Something Clever\n|\n|-weather|none\n|upkeep\n|\n|t:|1698723934\n|switch|p2a: Bato|Arcanine-Hisui, F|100\/100\n|-item|p2a: Bato|Air Balloon\n|turn|16\n|\n|t:|1698723952\n|switch|p1a: Jafar|Hoopa-Unbound|100\/100\n|move|p2a: Bato|Head Smash|p1a: Jafar\n|-damage|p1a: Jafar|0 fnt\n|faint|p1a: Jafar\n|\n|upkeep\n|c| medi34|Jeez\n|\n|t:|1698723969\n|switch|p1a: Rensworth|Dragonite, M|38\/100\n|turn|17\n|\n|t:|1698723986\n|move|p1a: Rensworth|Extreme Speed|p2a: Bato\n|-resisted|p2a: Bato\n|-damage|p2a: Bato|84\/100\n|-enditem|p2a: Bato|Air Balloon\n|move|p2a: Bato|Wild Charge|p1a: Rensworth\n|-damage|p1a: Rensworth|6\/100\n|\n|upkeep\n|turn|18\n|\n|t:|1698724001\n|move|p1a: Rensworth|Extreme Speed|p2a: Bato\n|-resisted|p2a: Bato\n|-damage|p2a: Bato|68\/100\n|move|p2a: Bato|Flare Blitz|p1a: Rensworth\n|-resisted|p1a: Rensworth\n|-damage|p1a: Rensworth|0 fnt\n|faint|p1a: Rensworth\n|\n|upkeep\n|\n|t:|1698724009\n|switch|p1a: Stupid mofo|Enamorus, F|100\/100\n|turn|19\n|\n|t:|1698724014\n|move|p1a: Stupid mofo|Earth Power|p2a: Bato\n|-supereffective|p2a: Bato\n|-damage|p2a: Bato|0 fnt\n|faint|p2a: Bato\n|\n|upkeep\n|\n|t:|1698724032\n|switch|p2a: Dragapult|Dragapult, F|100\/100\n|turn|20\n|\n|t:|1698724054\n|switch|p1a: Dwendle|Politoed, F|47\/100 tox\n|-weather|RainDance|[from] ability: Drizzle|[of] p1a: Dwendle\n|move|p2a: Dragapult|Phantom Force||[still]\n|-prepare|p2a: Dragapult|Phantom Force\n|\n|-weather|RainDance|[upkeep]\n|-damage|p1a: Dwendle|41\/100 tox|[from] psn\n|upkeep\n|turn|21\n|c| medi34|:o\n|\n|t:|1698724065\n|move|p2a: Dragapult|Phantom Force|p1a: Dwendle|[from]lockedmove\n|-damage|p1a: Dwendle|4\/100 tox\n|move|p1a: Dwendle|Toxic|p2a: Dragapult\n|-status|p2a: Dragapult|tox\n|\n|-weather|RainDance|[upkeep]\n|-damage|p2a: Dragapult|94\/100 tox|[from] psn\n|-damage|p1a: Dwendle|0 fnt|[from] psn\n|faint|p1a: Dwendle\n|upkeep\n|\n|t:|1698724078\n|switch|p1a: Stupid mofo|Enamorus, F|100\/100\n|turn|22\n|\n|t:|1698724087\n|move|p2a: Dragapult|Phantom Force||[still]\n|-prepare|p2a: Dragapult|Phantom Force\n|move|p1a: Stupid mofo|Moonblast|p2a: Dragapult|[miss]\n|-miss|p1a: Stupid mofo|p2a: Dragapult\n|\n|-weather|RainDance|[upkeep]\n|-damage|p2a: Dragapult|82\/100 tox|[from] psn\n|upkeep\n|turn|23\n|\n|t:|1698724094\n|move|p2a: Dragapult|Phantom Force|p1a: Stupid mofo|[from]lockedmove\n|-damage|p1a: Stupid mofo|43\/100\n|move|p1a: Stupid mofo|Moonblast|p2a: Dragapult\n|-supereffective|p2a: Dragapult\n|-damage|p2a: Dragapult|0 fnt\n|faint|p2a: Dragapult\n|\n|-weather|RainDance|[upkeep]\n|upkeep\n|\n|t:|1698724099\n|switch|p2a: MyChemicalRomance|Umbreon, M|82\/100 tox\n|turn|24\n|\n|t:|1698724108\n|move|p1a: Stupid mofo|Moonblast|p2a: MyChemicalRomance\n|-supereffective|p2a: MyChemicalRomance\n|-damage|p2a: MyChemicalRomance|32\/100 tox\n|-unboost|p2a: MyChemicalRomance|spa|1\n|move|p2a: MyChemicalRomance|Wish|p2a: MyChemicalRomance\n|\n|-weather|RainDance|[upkeep]\n|-damage|p2a: MyChemicalRomance|26\/100 tox|[from] psn\n|upkeep\n|turn|25\n|\n|t:|1698724116\n|move|p1a: Stupid mofo|Moonblast|p2a: MyChemicalRomance\n|-supereffective|p2a: MyChemicalRomance\n|-damage|p2a: MyChemicalRomance|0 fnt\n|faint|p2a: MyChemicalRomance\n|\n|win|Chikinwang\n|c|\u2606Chikinwang|Gg\n|l|\u2606Chikinwang\n|c| medi34|ggs\n|c|\u2606Boston Blisseys|Gg\n|c| lelza|ggs\n|l|\u2606Boston Blisseys\n|l| medi34\n","uploadtime":1698725399,"views":30,"p1id":"chikinwang","p2id":"bostonblisseys","formatid":"gen9nationaldexubers","rating":0,"private":0,"password":""}