{"id":"gen9nationaldexubers-1986359274","p1":"saifu.mp4","p2":"metalskin","format":"[Gen 9] National Dex Ubers","log":"|j|\u2606saifu.mp4\n|j|\u203dmetalskin\n|t:|1699472195\n|gametype|singles\n|player|p1|saifu.mp4|hugh|1207\n|player|p2|metalskin|raihan|1185\n|teamsize|p1|6\n|teamsize|p2|6\n|gen|9\n|tier|[Gen 9] National Dex Ubers\n|rated|\n|rule|HP Percentage Mod: HP is shown in percentages\n|rule|Endless Battle Clause: Forcing endless battles is banned\n|rule|OHKO Clause: OHKO moves are banned\n|rule|Evasion Moves Clause: Evasion moves are banned\n|rule|Evasion Items Clause: Evasion items are banned\n|rule|Species Clause: Limit one of each Pok\u00e9mon\n|rule|Sleep Clause Mod: Limit one foe put to sleep\n|rule|Mega Rayquaza Clause: You cannot mega evolve Rayquaza\n|clearpoke\n|poke|p1|Bisharp, F|\n|poke|p1|Espeon, M|\n|poke|p1|Ribombee, M|\n|poke|p1|Iron Valiant|\n|poke|p1|Excadrill, M|\n|poke|p1|Dondozo, M|\n|poke|p2|Wobbuffet, M|\n|poke|p2|Pyukumuku, F|\n|poke|p2|Tangela, F|\n|poke|p2|Ditto|\n|poke|p2|Zygarde|\n|poke|p2|Sableye, F|\n|teampreview\n|\n|t:|1699472199\n|start\n|switch|p1a: 36 Chrome Tabs|Ribombee, M, shiny|100\/100\n|switch|p2a: Sableye|Sableye, F|100\/100\n|turn|1\n|inactive|Battle timer is ON: inactive players will automatically lose when time's up. (requested by saifu.mp4)\n|\n|t:|1699472223\n|move|p2a: Sableye|Will-O-Wisp|p1a: 36 Chrome Tabs\n|-status|p1a: 36 Chrome Tabs|brn\n|move|p1a: 36 Chrome Tabs|Moonblast|p2a: Sableye\n|-supereffective|p2a: Sableye\n|-damage|p2a: Sableye|0 fnt\n|faint|p2a: Sableye\n|\n|-damage|p1a: 36 Chrome Tabs|94\/100 brn|[from] brn\n|upkeep\n|\n|t:|1699472234\n|switch|p2a: Wobbuffet|Wobbuffet, M, shiny|100\/100\n|turn|2\n|\n|t:|1699472245\n|move|p1a: 36 Chrome Tabs|Sticky Web|p2a: Wobbuffet\n|-sidestart|p2: metalskin|move: Sticky Web\n|move|p2a: Wobbuffet|Mirror Coat||[still]\n|-fail|p2a: Wobbuffet\n|\n|-damage|p1a: 36 Chrome Tabs|88\/100 brn|[from] brn\n|upkeep\n|turn|3\n|inactive|metalskin has 120 seconds left.\n|\n|t:|1699472301\n|move|p1a: 36 Chrome Tabs|Stun Spore|p2a: Wobbuffet\n|-status|p2a: Wobbuffet|par\n|cant|p2a: Wobbuffet|par\n|\n|-damage|p1a: 36 Chrome Tabs|82\/100 brn|[from] brn\n|upkeep\n|turn|4\n|\n|t:|1699472309\n|move|p1a: 36 Chrome Tabs|Bug Buzz|p2a: Wobbuffet\n|-supereffective|p2a: Wobbuffet\n|-damage|p2a: Wobbuffet|59\/100 par\n|move|p2a: Wobbuffet|Encore|p1a: 36 Chrome Tabs\n|-start|p1a: 36 Chrome Tabs|Encore\n|\n|-damage|p1a: 36 Chrome Tabs|76\/100 brn|[from] brn\n|upkeep\n|turn|5\n|\n|t:|1699472316\n|move|p1a: 36 Chrome Tabs|Bug Buzz|p2a: Wobbuffet\n|-supereffective|p2a: Wobbuffet\n|-damage|p2a: Wobbuffet|14\/100 par\n|move|p2a: Wobbuffet|Mirror Coat|p1a: 36 Chrome Tabs\n|-damage|p1a: 36 Chrome Tabs|0 fnt\n|faint|p1a: 36 Chrome Tabs\n|\n|upkeep\n|\n|t:|1699472329\n|switch|p1a: nuh uh|Espeon, M|100\/100\n|turn|6\n|inactive|metalskin has 120 seconds left.\n|\n|t:|1699472337\n|switch|p2a: Ditto|Ditto|100\/100\n|-activate|p2a: Ditto|move: Sticky Web\n|-unboost|p2a: Ditto|spe|1\n|-transform|p2a: Ditto|p1a: nuh uh|[from] ability: Imposter\n|-zpower|p1a: nuh uh\n|move|p1a: nuh uh|Z-Celebrate|p1a: nuh uh|[anim]Celebrate\n|-boost|p1a: nuh uh|atk|1|[zeffect]\n|-boost|p1a: nuh uh|def|1|[zeffect]\n|-boost|p1a: nuh uh|spa|1|[zeffect]\n|-boost|p1a: nuh uh|spd|1|[zeffect]\n|-boost|p1a: nuh uh|spe|1|[zeffect]\n|-activate|p1a: nuh uh|move: Celebrate\n|\n|upkeep\n|turn|7\n|inactive|metalskin has 120 seconds left.\n|\n|t:|1699472347\n|switch|p2a: Pyukumuku|Pyukumuku, F|100\/100\n|-activate|p2a: Pyukumuku|move: Sticky Web\n|-unboost|p2a: Pyukumuku|spe|1\n|move|p1a: nuh uh|Shadow Ball|p2a: Pyukumuku\n|-damage|p2a: Pyukumuku|74\/100\n|\n|-heal|p2a: Pyukumuku|80\/100|[from] item: Leftovers\n|upkeep\n|turn|8\n|inactive|metalskin has 120 seconds left.\n|\n|t:|1699472360\n|move|p1a: nuh uh|Psychic|p2a: Pyukumuku\n|-damage|p2a: Pyukumuku|42\/100\n|move|p2a: Pyukumuku|Toxic|p1a: nuh uh\n|move|p1a: nuh uh|Toxic|p2a: Pyukumuku|[from]ability: Magic Bounce\n|-status|p2a: Pyukumuku|tox\n|\n|-heal|p2a: Pyukumuku|48\/100 tox|[from] item: Leftovers\n|-damage|p2a: Pyukumuku|42\/100 tox|[from] psn\n|upkeep\n|turn|9\n|inactive|metalskin has 120 seconds left.\n|c|\u2606saifu.mp4|nuh uh\n|\n|t:|1699472380\n|move|p1a: nuh uh|Psychic|p2a: Pyukumuku\n|-damage|p2a: Pyukumuku|0 fnt\n|faint|p2a: Pyukumuku\n|\n|upkeep\n|\n|t:|1699472386\n|switch|p2a: Ditto|Ditto|100\/100\n|-activate|p2a: Ditto|move: Sticky Web\n|-unboost|p2a: Ditto|spe|1\n|-transform|p2a: Ditto|p1a: nuh uh|[from] ability: Imposter\n|turn|10\n|\n|t:|1699472398\n|move|p2a: Ditto|Shadow Ball|p1a: nuh uh\n|-supereffective|p1a: nuh uh\n|-damage|p1a: nuh uh|23\/100\n|move|p1a: nuh uh|Shadow Ball|p2a: Ditto\n|-supereffective|p2a: Ditto\n|-damage|p2a: Ditto|39\/100\n|\n|upkeep\n|turn|11\n|\n|t:|1699472406\n|move|p2a: Ditto|Shadow Ball|p1a: nuh uh\n|-supereffective|p1a: nuh uh\n|-damage|p1a: nuh uh|0 fnt\n|faint|p1a: nuh uh\n|\n|upkeep\n|\n|t:|1699472417\n|switch|p1a: 2002 Skyline GT-R|Iron Valiant, shiny|100\/100\n|-enditem|p1a: 2002 Skyline GT-R|Booster Energy\n|-activate|p1a: 2002 Skyline GT-R|ability: Quark Drive|[fromitem]\n|-start|p1a: 2002 Skyline GT-R|quarkdrivespe\n|turn|12\n|\n|t:|1699472431\n|-terastallize|p1a: 2002 Skyline GT-R|Steel\n|move|p2a: Ditto|Shadow Ball|p1a: 2002 Skyline GT-R\n|-damage|p1a: 2002 Skyline GT-R|19\/100\n|move|p1a: 2002 Skyline GT-R|Tera Blast|p2a: Ditto|[anim] Tera Blast Steel\n|-damage|p2a: Ditto|0 fnt\n|faint|p2a: Ditto\n|\n|upkeep\n|\n|t:|1699472439\n|switch|p2a: Tangela|Tangela, F|100\/100\n|-activate|p2a: Tangela|move: Sticky Web\n|-unboost|p2a: Tangela|spe|1\n|turn|13\n|\n|t:|1699472454\n|move|p1a: 2002 Skyline GT-R|Poison Jab|p2a: Tangela\n|-supereffective|p2a: Tangela\n|-damage|p2a: Tangela|70\/100\n|move|p2a: Tangela|Leech Seed|p1a: 2002 Skyline GT-R\n|-start|p1a: 2002 Skyline GT-R|move: Leech Seed\n|\n|-damage|p1a: 2002 Skyline GT-R|6\/100|[from] Leech Seed|[of] p2a: Tangela\n|-heal|p2a: Tangela|82\/100|[silent]\n|upkeep\n|turn|14\n|\n|t:|1699472467\n|-end|p1a: 2002 Skyline GT-R|Quark Drive|[silent]\n|switch|p1a: Izayoi|Bisharp, F, shiny|100\/100\n|move|p2a: Tangela|Knock Off|p1a: Izayoi\n|-resisted|p1a: Izayoi\n|-damage|p1a: Izayoi|95\/100\n|-enditem|p1a: Izayoi|Eviolite|[from] move: Knock Off|[of] p2a: Tangela\n|\n|upkeep\n|turn|15\n|\n|t:|1699472474\n|move|p1a: Izayoi|Swords Dance|p1a: Izayoi\n|-boost|p1a: Izayoi|atk|2\n|move|p2a: Tangela|Leech Seed|p1a: Izayoi\n|-start|p1a: Izayoi|move: Leech Seed\n|\n|-damage|p1a: Izayoi|83\/100|[from] Leech Seed|[of] p2a: Tangela\n|-heal|p2a: Tangela|93\/100|[silent]\n|upkeep\n|turn|16\n|\n|t:|1699472485\n|move|p1a: Izayoi|Night Slash|p2a: Tangela\n|-damage|p2a: Tangela|51\/100\n|move|p2a: Tangela|Knock Off|p1a: Izayoi\n|-resisted|p1a: Izayoi\n|-damage|p1a: Izayoi|78\/100\n|\n|-damage|p1a: Izayoi|66\/100|[from] Leech Seed|[of] p2a: Tangela\n|-heal|p2a: Tangela|62\/100|[silent]\n|upkeep\n|turn|17\n|\n|t:|1699472495\n|switch|p1a: Dai-Gurren|Excadrill, M, shiny|100\/100\n|-ability|p1a: Dai-Gurren|Mold Breaker\n|move|p2a: Tangela|Pain Split|p1a: Dai-Gurren\n|-sethp|p1a: Dai-Gurren|76\/100|[from] move: Pain Split|[silent]\n|-sethp|p2a: Tangela|92\/100|[from] move: Pain Split\n|\n|upkeep\n|turn|18\n|c|\u2606saifu.mp4|bruh\n|\n|t:|1699472511\n|move|p1a: Dai-Gurren|Rapid Spin|p2a: Tangela\n|-damage|p2a: Tangela|82\/100\n|-boost|p1a: Dai-Gurren|spe|1\n|move|p2a: Tangela|Leech Seed|p1a: Dai-Gurren\n|-start|p1a: Dai-Gurren|move: Leech Seed\n|\n|-damage|p1a: Dai-Gurren|64\/100|[from] Leech Seed|[of] p2a: Tangela\n|-heal|p2a: Tangela|97\/100|[silent]\n|upkeep\n|turn|19\n|\n|t:|1699472530\n|move|p1a: Dai-Gurren|Rapid Spin|p2a: Tangela\n|-damage|p2a: Tangela|89\/100\n|-boost|p1a: Dai-Gurren|spe|1\n|-end|p1a: Dai-Gurren|Leech Seed|[from] move: Rapid Spin|[of] p1a: Dai-Gurren\n|move|p2a: Tangela|Knock Off|p1a: Dai-Gurren\n|-damage|p1a: Dai-Gurren|44\/100\n|-enditem|p1a: Dai-Gurren|Focus Sash|[from] move: Knock Off|[of] p2a: Tangela\n|\n|upkeep\n|turn|20\n|\n|t:|1699472543\n|switch|p1a: 2002 Skyline GT-R|Iron Valiant, shiny, tera:Steel|6\/100\n|move|p2a: Tangela|Leech Seed|p1a: 2002 Skyline GT-R|[miss]\n|-miss|p2a: Tangela|p1a: 2002 Skyline GT-R\n|\n|upkeep\n|turn|21\n|\n|t:|1699472552\n|move|p1a: 2002 Skyline GT-R|Poison Jab|p2a: Tangela\n|-supereffective|p2a: Tangela\n|-damage|p2a: Tangela|59\/100\n|move|p2a: Tangela|Leech Seed|p1a: 2002 Skyline GT-R\n|-start|p1a: 2002 Skyline GT-R|move: Leech Seed\n|\n|-damage|p1a: 2002 Skyline GT-R|0 fnt|[from] Leech Seed|[of] p2a: Tangela\n|-heal|p2a: Tangela|65\/100|[silent]\n|faint|p1a: 2002 Skyline GT-R\n|-end|p1a: 2002 Skyline GT-R|Quark Drive|[silent]\n|upkeep\n|c|\u2606saifu.mp4|why the fuck won't this THING DIE\n|\n|t:|1699472570\n|switch|p1a: Izayoi|Bisharp, F, shiny|66\/100\n|turn|22\n|\n|t:|1699472577\n|move|p1a: Izayoi|Swords Dance|p1a: Izayoi\n|-boost|p1a: Izayoi|atk|2\n|move|p2a: Tangela|Pain Split|p1a: Izayoi\n|-sethp|p1a: Izayoi|69\/100|[from] move: Pain Split|[silent]\n|-sethp|p2a: Tangela|62\/100|[from] move: Pain Split\n|\n|upkeep\n|turn|23\n|\n|t:|1699472589\n|move|p1a: Izayoi|Swords Dance|p1a: Izayoi\n|-boost|p1a: Izayoi|atk|2\n|move|p2a: Tangela|Leech Seed|p1a: Izayoi\n|-start|p1a: Izayoi|move: Leech Seed\n|\n|-damage|p1a: Izayoi|57\/100|[from] Leech Seed|[of] p2a: Tangela\n|-heal|p2a: Tangela|73\/100|[silent]\n|upkeep\n|turn|24\n|\n|t:|1699472595\n|move|p1a: Izayoi|Swords Dance|p1a: Izayoi\n|-boost|p1a: Izayoi|atk|2\n|move|p2a: Tangela|Synthesis|p2a: Tangela\n|-heal|p2a: Tangela|100\/100\n|\n|-damage|p1a: Izayoi|44\/100|[from] Leech Seed|[of] p2a: Tangela\n|upkeep\n|turn|25\n|\n|t:|1699472611\n|move|p1a: Izayoi|Iron Head|p2a: Tangela\n|-damage|p2a: Tangela|10\/100\n|move|p2a: Tangela|Synthesis|p2a: Tangela\n|-heal|p2a: Tangela|60\/100\n|\n|-damage|p1a: Izayoi|32\/100|[from] Leech Seed|[of] p2a: Tangela\n|-heal|p2a: Tangela|71\/100|[silent]\n|upkeep\n|turn|26\n|j| pokemon101\n|\n|t:|1699472620\n|move|p1a: Izayoi|Iron Head|p2a: Tangela\n|-damage|p2a: Tangela|0 fnt\n|faint|p2a: Tangela\n|\n|upkeep\n|\n|t:|1699472624\n|switch|p2a: Wobbuffet|Wobbuffet, M, shiny|14\/100 par\n|-activate|p2a: Wobbuffet|move: Sticky Web\n|-unboost|p2a: Wobbuffet|spe|1\n|turn|27\n|c|\u2606saifu.mp4|finally\n|-enditem|p2a: Wobbuffet|Custap Berry|[eat]\n|-activate|p2a: Wobbuffet|item: Custap Berry|[consumed]\n|\n|t:|1699472628\n|move|p2a: Wobbuffet|Destiny Bond|p2a: Wobbuffet\n|-singlemove|p2a: Wobbuffet|Destiny Bond\n|move|p1a: Izayoi|Night Slash|p2a: Wobbuffet\n|-supereffective|p2a: Wobbuffet\n|-damage|p2a: Wobbuffet|0 fnt\n|faint|p2a: Wobbuffet\n|-activate|p2a: Wobbuffet|move: Destiny Bond\n|faint|p1a: Izayoi\n|\n|upkeep\n|c|\u2606saifu.mp4|WHAT\n|\n|t:|1699472637\n|switch|p1a: SanDiego|Dondozo, M, shiny|100\/100\n|switch|p2a: Zygarde|Zygarde|100\/100\n|-activate|p2a: Zygarde|move: Sticky Web\n|-unboost|p2a: Zygarde|spe|1\n|turn|28\n|inactive|metalskin has 120 seconds left.\n|c|\u2606saifu.mp4|inb4 \"the opposing Zygarde used Glare\/Toxic!\"\n|\n|t:|1699472674\n|move|p2a: Zygarde|Substitute|p2a: Zygarde\n|-start|p2a: Zygarde|Substitute\n|-damage|p2a: Zygarde|76\/100\n|move|p1a: SanDiego|Curse|p1a: SanDiego\n|-unboost|p1a: SanDiego|spe|1\n|-boost|p1a: SanDiego|atk|1\n|-boost|p1a: SanDiego|def|1\n|\n|-heal|p2a: Zygarde|82\/100|[from] item: Leftovers\n|upkeep\n|turn|29\n|inactive|metalskin has 120 seconds left.\n|\n|t:|1699472682\n|move|p2a: Zygarde|Glare|p1a: SanDiego\n|-status|p1a: SanDiego|par\n|move|p1a: SanDiego|Curse|p1a: SanDiego\n|-unboost|p1a: SanDiego|spe|1\n|-boost|p1a: SanDiego|atk|1\n|-boost|p1a: SanDiego|def|1\n|\n|-heal|p2a: Zygarde|88\/100|[from] item: Leftovers\n|upkeep\n|turn|30\n|\n|t:|1699472690\n|move|p2a: Zygarde|Dragon Dance|p2a: Zygarde\n|-boost|p2a: Zygarde|atk|1\n|-boost|p2a: Zygarde|spe|1\n|move|p1a: SanDiego|Curse|p1a: SanDiego\n|-unboost|p1a: SanDiego|spe|1\n|-boost|p1a: SanDiego|atk|1\n|-boost|p1a: SanDiego|def|1\n|\n|-heal|p2a: Zygarde|94\/100|[from] item: Leftovers\n|upkeep\n|turn|31\n|c|\u2606saifu.mp4|fuck it close enough\n|\n|t:|1699472697\n|move|p2a: Zygarde|Dragon Dance|p2a: Zygarde\n|-boost|p2a: Zygarde|atk|1\n|-boost|p2a: Zygarde|spe|1\n|cant|p1a: SanDiego|par\n|\n|-heal|p2a: Zygarde|99\/100|[from] item: Leftovers\n|upkeep\n|turn|32\n|\n|t:|1699472719\n|move|p2a: Zygarde|Dragon Dance|p2a: Zygarde\n|-boost|p2a: Zygarde|atk|1\n|-boost|p2a: Zygarde|spe|1\n|cant|p1a: SanDiego|par\n|\n|-heal|p2a: Zygarde|100\/100|[from] item: Leftovers\n|upkeep\n|turn|33\n|\n|t:|1699472722\n|move|p2a: Zygarde|Thousand Arrows|p1a: SanDiego\n|-damage|p1a: SanDiego|94\/100 par\n|move|p1a: SanDiego|Wave Crash|p2a: Zygarde\n|-end|p2a: Zygarde|Substitute\n|-damage|p1a: SanDiego|88\/100 par|[from] Recoil|[of] p2a: Zygarde\n|\n|-heal|p1a: SanDiego|94\/100 par|[from] item: Leftovers\n|upkeep\n|turn|34\n|\n|t:|1699472726\n|move|p2a: Zygarde|Substitute|p2a: Zygarde\n|-start|p2a: Zygarde|Substitute\n|-damage|p2a: Zygarde|76\/100\n|move|p1a: SanDiego|Wave Crash|p2a: Zygarde\n|-end|p2a: Zygarde|Substitute\n|-damage|p1a: SanDiego|88\/100 par|[from] Recoil|[of] p2a: Zygarde\n|\n|-heal|p2a: Zygarde|82\/100|[from] item: Leftovers\n|-heal|p1a: SanDiego|94\/100 par|[from] item: Leftovers\n|upkeep\n|turn|35\n|\n|t:|1699472732\n|move|p2a: Zygarde|Substitute|p2a: Zygarde\n|-start|p2a: Zygarde|Substitute\n|-damage|p2a: Zygarde|57\/100\n|cant|p1a: SanDiego|par\n|\n|-heal|p2a: Zygarde|63\/100|[from] item: Leftovers\n|-heal|p1a: SanDiego|100\/100 par|[from] item: Leftovers\n|upkeep\n|turn|36\n|\n|t:|1699472738\n|move|p2a: Zygarde|Dragon Dance|p2a: Zygarde\n|-boost|p2a: Zygarde|atk|1\n|-boost|p2a: Zygarde|spe|1\n|move|p1a: SanDiego|Curse|p1a: SanDiego\n|-unboost|p1a: SanDiego|spe|1\n|-boost|p1a: SanDiego|atk|1\n|-boost|p1a: SanDiego|def|1\n|\n|-heal|p2a: Zygarde|69\/100|[from] item: Leftovers\n|upkeep\n|turn|37\n|\n|t:|1699472748\n|move|p2a: Zygarde|Dragon Dance|p2a: Zygarde\n|-boost|p2a: Zygarde|atk|1\n|-boost|p2a: Zygarde|spe|1\n|move|p1a: SanDiego|Curse|p1a: SanDiego\n|-unboost|p1a: SanDiego|spe|1\n|-boost|p1a: SanDiego|atk|1\n|-boost|p1a: SanDiego|def|1\n|\n|-heal|p2a: Zygarde|75\/100|[from] item: Leftovers\n|upkeep\n|turn|38\n|\n|t:|1699472754\n|move|p2a: Zygarde|Thousand Arrows|p1a: SanDiego\n|-damage|p1a: SanDiego|96\/100 par\n|move|p1a: SanDiego|Curse|p1a: SanDiego\n|-unboost|p1a: SanDiego|spe|1\n|-boost|p1a: SanDiego|atk|1\n|-boost|p1a: SanDiego|def|1\n|\n|-heal|p2a: Zygarde|81\/100|[from] item: Leftovers\n|-heal|p1a: SanDiego|100\/100 par|[from] item: Leftovers\n|upkeep\n|turn|39\n|\n|t:|1699472769\n|-terastallize|p2a: Zygarde|Dragon\n|move|p2a: Zygarde|Thousand Arrows|p1a: SanDiego\n|-damage|p1a: SanDiego|96\/100 par\n|move|p1a: SanDiego|Body Press|p2a: Zygarde\n|-crit|p2a: Zygarde\n|-end|p2a: Zygarde|Substitute\n|\n|-heal|p2a: Zygarde|87\/100|[from] item: Leftovers\n|-heal|p1a: SanDiego|100\/100 par|[from] item: Leftovers\n|upkeep\n|turn|40\n|\n|t:|1699472774\n|move|p2a: Zygarde|Substitute|p2a: Zygarde\n|-start|p2a: Zygarde|Substitute\n|-damage|p2a: Zygarde|62\/100\n|move|p1a: SanDiego|Body Press|p2a: Zygarde\n|-end|p2a: Zygarde|Substitute\n|\n|-heal|p2a: Zygarde|68\/100|[from] item: Leftovers\n|upkeep\n|turn|41\n|l| pokemon101\n|\n|t:|1699472780\n|move|p2a: Zygarde|Substitute|p2a: Zygarde\n|-start|p2a: Zygarde|Substitute\n|-damage|p2a: Zygarde|43\/100\n|move|p1a: SanDiego|Body Press|p2a: Zygarde\n|-crit|p2a: Zygarde\n|-end|p2a: Zygarde|Substitute\n|\n|-heal|p2a: Zygarde|50\/100|[from] item: Leftovers\n|-activate|p2a: Zygarde|ability: Power Construct\n|detailschange|p2a: Zygarde|Zygarde-Complete, tera:Dragon\n|-heal|p2a: Zygarde|69\/100|[silent]\n|upkeep\n|turn|42\n|\n|t:|1699472790\n|move|p2a: Zygarde|Substitute|p2a: Zygarde\n|-start|p2a: Zygarde|Substitute\n|-damage|p2a: Zygarde|44\/100\n|cant|p1a: SanDiego|par\n|\n|-heal|p2a: Zygarde|50\/100|[from] item: Leftovers\n|upkeep\n|turn|43\n|\n|t:|1699472796\n|move|p2a: Zygarde|Dragon Dance|p2a: Zygarde\n|-boost|p2a: Zygarde|atk|1\n|-boost|p2a: Zygarde|spe|1\n|cant|p1a: SanDiego|par\n|\n|-heal|p2a: Zygarde|56\/100|[from] item: Leftovers\n|upkeep\n|turn|44\n|\n|t:|1699472799\n|move|p2a: Zygarde|Thousand Arrows|p1a: SanDiego\n|-damage|p1a: SanDiego|96\/100 par\n|move|p1a: SanDiego|Wave Crash|p2a: Zygarde\n|-resisted|p2a: Zygarde\n|-end|p2a: Zygarde|Substitute\n|-damage|p1a: SanDiego|86\/100 par|[from] Recoil|[of] p2a: Zygarde\n|\n|-heal|p2a: Zygarde|62\/100|[from] item: Leftovers\n|-heal|p1a: SanDiego|92\/100 par|[from] item: Leftovers\n|upkeep\n|turn|45\n|\n|t:|1699472808\n|move|p2a: Zygarde|Substitute|p2a: Zygarde\n|-start|p2a: Zygarde|Substitute\n|-damage|p2a: Zygarde|37\/100\n|move|p1a: SanDiego|Wave Crash|p2a: Zygarde\n|-resisted|p2a: Zygarde\n|-end|p2a: Zygarde|Substitute\n|-damage|p1a: SanDiego|83\/100 par|[from] Recoil|[of] p2a: Zygarde\n|\n|-heal|p2a: Zygarde|44\/100|[from] item: Leftovers\n|-heal|p1a: SanDiego|89\/100 par|[from] item: Leftovers\n|upkeep\n|turn|46\n|\n|t:|1699472813\n|move|p2a: Zygarde|Substitute|p2a: Zygarde\n|-start|p2a: Zygarde|Substitute\n|-damage|p2a: Zygarde|19\/100\n|move|p1a: SanDiego|Wave Crash|p2a: Zygarde\n|-resisted|p2a: Zygarde\n|-end|p2a: Zygarde|Substitute\n|-damage|p1a: SanDiego|79\/100 par|[from] Recoil|[of] p2a: Zygarde\n|\n|-heal|p2a: Zygarde|25\/100|[from] item: Leftovers\n|-heal|p1a: SanDiego|86\/100 par|[from] item: Leftovers\n|upkeep\n|turn|47\n|\n|t:|1699472818\n|move|p2a: Zygarde|Thousand Arrows|p1a: SanDiego\n|-damage|p1a: SanDiego|81\/100 par\n|cant|p1a: SanDiego|par\n|\n|-heal|p2a: Zygarde|31\/100|[from] item: Leftovers\n|-heal|p1a: SanDiego|87\/100 par|[from] item: Leftovers\n|upkeep\n|turn|48\n|\n|t:|1699472826\n|move|p2a: Zygarde|Substitute|p2a: Zygarde\n|-start|p2a: Zygarde|Substitute\n|-damage|p2a: Zygarde|6\/100\n|cant|p1a: SanDiego|par\n|\n|-heal|p2a: Zygarde|12\/100|[from] item: Leftovers\n|-heal|p1a: SanDiego|93\/100 par|[from] item: Leftovers\n|upkeep\n|turn|49\n|\n|t:|1699472831\n|move|p2a: Zygarde|Thousand Arrows|p1a: SanDiego\n|-damage|p1a: SanDiego|88\/100 par\n|move|p1a: SanDiego|Wave Crash|p2a: Zygarde\n|-resisted|p2a: Zygarde\n|-end|p2a: Zygarde|Substitute\n|-damage|p1a: SanDiego|79\/100 par|[from] Recoil|[of] p2a: Zygarde\n|\n|-heal|p2a: Zygarde|19\/100|[from] item: Leftovers\n|-heal|p1a: SanDiego|85\/100 par|[from] item: Leftovers\n|upkeep\n|turn|50\n|c|\u2606saifu.mp4|oh my fucking god\n|\n|t:|1699472840\n|move|p2a: Zygarde|Thousand Arrows|p1a: SanDiego\n|-damage|p1a: SanDiego|80\/100 par\n|cant|p1a: SanDiego|par\n|\n|-heal|p2a: Zygarde|25\/100|[from] item: Leftovers\n|-heal|p1a: SanDiego|87\/100 par|[from] item: Leftovers\n|upkeep\n|turn|51\n|\n|t:|1699472845\n|move|p2a: Zygarde|Thousand Arrows|p1a: SanDiego\n|-damage|p1a: SanDiego|82\/100 par\n|cant|p1a: SanDiego|par\n|\n|-heal|p2a: Zygarde|31\/100|[from] item: Leftovers\n|-heal|p1a: SanDiego|89\/100 par|[from] item: Leftovers\n|upkeep\n|turn|52\n|c|\u2606saifu.mp4|i have work in 13 minutes can this thing please just die\n|\n|t:|1699472853\n|move|p2a: Zygarde|Substitute|p2a: Zygarde\n|-start|p2a: Zygarde|Substitute\n|-damage|p2a: Zygarde|6\/100\n|move|p1a: SanDiego|Body Press|p2a: Zygarde\n|-end|p2a: Zygarde|Substitute\n|\n|-heal|p2a: Zygarde|12\/100|[from] item: Leftovers\n|-heal|p1a: SanDiego|95\/100 par|[from] item: Leftovers\n|upkeep\n|turn|53\n|\n|t:|1699472870\n|move|p2a: Zygarde|Thousand Arrows|p1a: SanDiego\n|-damage|p1a: SanDiego|91\/100 par\n|cant|p1a: SanDiego|par\n|\n|-heal|p2a: Zygarde|19\/100|[from] item: Leftovers\n|-heal|p1a: SanDiego|97\/100 par|[from] item: Leftovers\n|upkeep\n|turn|54\n|\n|t:|1699472873\n|move|p2a: Zygarde|Thousand Arrows|p1a: SanDiego\n|-damage|p1a: SanDiego|92\/100 par\n|cant|p1a: SanDiego|par\n|\n|-heal|p2a: Zygarde|25\/100|[from] item: Leftovers\n|-heal|p1a: SanDiego|98\/100 par|[from] item: Leftovers\n|upkeep\n|turn|55\n|c|\u2606saifu.mp4|OH MY GOD\n|\n|t:|1699472878\n|move|p2a: Zygarde|Thousand Arrows|p1a: SanDiego\n|-damage|p1a: SanDiego|93\/100 par\n|move|p1a: SanDiego|Body Press|p2a: Zygarde\n|-damage|p2a: Zygarde|0 fnt\n|faint|p2a: Zygarde\n|\n|win|saifu.mp4\n|raw|saifu.mp4's rating: 1207 &rarr; <strong>1230<\/strong><br \/>(+23 for winning)\n|raw|metalskin's rating: 1185 &rarr; <strong>1162<\/strong><br \/>(-23 for losing)\n","uploadtime":1699472555,"views":5,"p1id":"saifump4","p2id":"metalskin","formatid":"gen9nationaldexubers","rating":1162,"private":0,"password":""}