{"id":"gen9nationaldexubers-1983914099","p1":"jotao10_10","p2":"Soyeon is a cutie","format":"[Gen 9] National Dex Ubers","log":"|j|\u2606jotao10_10\n|j|\u2606Soyeon is a cutie\n|t:|1699199382\n|gametype|singles\n|player|p1|jotao10_10|101|1667\n|player|p2|Soyeon is a cutie|idol|1733\n|teamsize|p1|6\n|teamsize|p2|6\n|gen|9\n|tier|[Gen 9] National Dex Ubers\n|rated|\n|rule|HP Percentage Mod: HP is shown in percentages\n|rule|Endless Battle Clause: Forcing endless battles is banned\n|rule|OHKO Clause: OHKO moves are banned\n|rule|Evasion Moves Clause: Evasion moves are banned\n|rule|Evasion Items Clause: Evasion items are banned\n|rule|Species Clause: Limit one of each Pok\u00e9mon\n|rule|Sleep Clause Mod: Limit one foe put to sleep\n|rule|Mega Rayquaza Clause: You cannot mega evolve Rayquaza\n|clearpoke\n|poke|p1|Ho-Oh|\n|poke|p1|Arceus-Dark|\n|poke|p1|Groudon|\n|poke|p1|Necrozma-Dusk-Mane|\n|poke|p1|Marshadow|\n|poke|p1|Yveltal|\n|poke|p2|Zygarde|\n|poke|p2|Kingambit, F|\n|poke|p2|Ditto|\n|poke|p2|Groudon|\n|poke|p2|Arceus-Water|\n|poke|p2|Magearna|\n|teampreview\n|inactive|Battle timer is ON: inactive players will automatically lose when time's up. (requested by Soyeon is a cutie)\n|\n|t:|1699199393\n|start\n|switch|p1a: Ho-Oh|Ho-Oh|100\/100\n|switch|p2a: Arceus|Arceus-Water|100\/100\n|turn|1\n|\n|t:|1699199398\n|move|p2a: Arceus|Toxic|p1a: Ho-Oh|[miss]\n|-miss|p2a: Arceus|p1a: Ho-Oh\n|move|p1a: Ho-Oh|Toxic|p2a: Arceus\n|-status|p2a: Arceus|tox\n|\n|-damage|p2a: Arceus|94\/100 tox|[from] psn\n|upkeep\n|turn|2\n|\n|t:|1699199405\n|switch|p1a: Necrozma|Necrozma-Dusk-Mane|100\/100\n|move|p2a: Arceus|Taunt|p1a: Necrozma\n|-start|p1a: Necrozma|move: Taunt\n|\n|-damage|p2a: Arceus|82\/100 tox|[from] psn\n|upkeep\n|turn|3\n|\n|t:|1699199411\n|switch|p2a: Groudon|Groudon|100\/100\n|detailschange|p2a: Groudon|Groudon-Primal\n|-primal|p2a: Groudon|Red Orb\n|-weather|DesolateLand|[from] ability: Desolate Land|[of] p2a: Groudon\n|detailschange|p1a: Necrozma|Necrozma-Ultra\n|-burst|p1a: Necrozma|Necrozma|Ultranecrozium Z\n|move|p1a: Necrozma|Photon Geyser|p2a: Groudon\n|-damage|p2a: Groudon|76\/100\n|\n|-weather|DesolateLand|[upkeep]\n|upkeep\n|turn|4\n|\n|t:|1699199418\n|-weather|none\n|switch|p2a: Zygarde|Zygarde, shiny|100\/100\n|-zpower|p1a: Necrozma\n|move|p1a: Necrozma|Light That Burns the Sky|p2a: Zygarde|[zeffect]\n|-damage|p2a: Zygarde|5\/100\n|\n|-heal|p2a: Zygarde|11\/100|[from] item: Leftovers\n|-end|p1a: Necrozma|move: Taunt\n|-activate|p2a: Zygarde|ability: Power Construct\n|detailschange|p2a: Zygarde|Zygarde-Complete, shiny\n|-heal|p2a: Zygarde|45\/100|[silent]\n|upkeep\n|turn|5\n|\n|t:|1699199426\n|switch|p2a: Kingambit|Kingambit, F|100\/100\n|move|p1a: Necrozma|Dragon Dance|p1a: Necrozma\n|-boost|p1a: Necrozma|atk|1\n|-boost|p1a: Necrozma|spe|1\n|\n|upkeep\n|turn|6\n|\n|t:|1699199430\n|move|p2a: Kingambit|Sucker Punch|p1a: Necrozma\n|-supereffective|p1a: Necrozma\n|-damage|p1a: Necrozma|0 fnt\n|faint|p1a: Necrozma\n|\n|upkeep\n|\n|t:|1699199432\n|switch|p1a: Marshadow|Marshadow|100\/100\n|turn|7\n|\n|t:|1699199442\n|-end|p2a: Kingambit|fallenundefined|[silent]\n|switch|p2a: Groudon|Groudon-Primal|76\/100\n|-weather|DesolateLand|[from] ability: Desolate Land|[of] p2a: Groudon\n|move|p1a: Marshadow|Spectral Thief|p2a: Groudon\n|-damage|p2a: Groudon|57\/100\n|\n|-weather|DesolateLand|[upkeep]\n|upkeep\n|turn|8\n|\n|t:|1699199447\n|switch|p1a: Arceus|Arceus-Dark|100\/100\n|move|p2a: Groudon|Heat Crash|p1a: Arceus\n|-damage|p1a: Arceus|61\/100\n|\n|-weather|DesolateLand|[upkeep]\n|upkeep\n|turn|9\n|\n|t:|1699199451\n|move|p1a: Arceus|Recover|p1a: Arceus\n|-heal|p1a: Arceus|100\/100\n|move|p2a: Groudon|Stealth Rock|p1a: Arceus\n|-sidestart|p1: jotao10_10|move: Stealth Rock\n|\n|-weather|DesolateLand|[upkeep]\n|upkeep\n|turn|10\n|\n|t:|1699199453\n|move|p1a: Arceus|Foul Play|p2a: Groudon\n|-damage|p2a: Groudon|30\/100\n|move|p2a: Groudon|Toxic|p1a: Arceus\n|-status|p1a: Arceus|tox\n|\n|-weather|DesolateLand|[upkeep]\n|-damage|p1a: Arceus|94\/100 tox|[from] psn\n|upkeep\n|turn|11\n|\n|t:|1699199456\n|move|p1a: Arceus|Foul Play|p2a: Groudon\n|-damage|p2a: Groudon|0 fnt\n|faint|p2a: Groudon\n|-weather|none\n|\n|-damage|p1a: Arceus|82\/100 tox|[from] psn\n|upkeep\n|\n|t:|1699199459\n|switch|p2a: Magearna|Magearna|100\/100\n|turn|12\n|\n|t:|1699199463\n|switch|p1a: Groudon|Groudon|100\/100\n|-damage|p1a: Groudon|94\/100|[from] Stealth Rock\n|detailschange|p1a: Groudon|Groudon-Primal\n|-primal|p1a: Groudon|Red Orb\n|-weather|DesolateLand|[from] ability: Desolate Land|[of] p1a: Groudon\n|move|p2a: Magearna|Heal Bell|p2a: Magearna\n|-activate|p2a: Magearna|move: Heal Bell\n|-curestatus|p2: Arceus|tox|[msg]\n|\n|-weather|DesolateLand|[upkeep]\n|upkeep\n|turn|13\n|\n|t:|1699199468\n|switch|p2a: Arceus|Arceus-Water|82\/100\n|move|p1a: Groudon|Swords Dance|p1a: Groudon\n|-boost|p1a: Groudon|atk|2\n|\n|-weather|DesolateLand|[upkeep]\n|upkeep\n|turn|14\n|\n|t:|1699199476\n|switch|p2a: Zygarde|Zygarde-Complete, shiny|45\/100\n|move|p1a: Groudon|Precipice Blades|p2a: Zygarde\n|-damage|p2a: Zygarde|0 fnt\n|faint|p2a: Zygarde\n|\n|-weather|DesolateLand|[upkeep]\n|upkeep\n|\n|t:|1699199478\n|switch|p2a: Ditto|Ditto, shiny|100\/100\n|-transform|p2a: Ditto|p1a: Groudon|[from] ability: Imposter\n|turn|15\n|\n|t:|1699199484\n|switch|p1a: Arceus|Arceus-Dark|82\/100 tox\n|-damage|p1a: Arceus|70\/100 tox|[from] Stealth Rock\n|move|p2a: Ditto|Precipice Blades|p1a: Arceus\n|-damage|p1a: Arceus|0 fnt\n|faint|p1a: Arceus\n|\n|-weather|DesolateLand|[upkeep]\n|upkeep\n|\n|t:|1699199486\n|switch|p1a: Ho-Oh|Ho-Oh|100\/100\n|turn|16\n|\n|t:|1699199492\n|-weather|none\n|switch|p2a: Arceus|Arceus-Water|82\/100\n|move|p1a: Ho-Oh|Toxic|p2a: Arceus\n|-status|p2a: Arceus|tox\n|\n|-damage|p2a: Arceus|76\/100 tox|[from] psn\n|upkeep\n|turn|17\n|\n|t:|1699199497\n|move|p2a: Arceus|Taunt|p1a: Ho-Oh\n|-start|p1a: Ho-Oh|move: Taunt\n|cant|p1a: Ho-Oh|move: Taunt|Defog\n|\n|-damage|p2a: Arceus|64\/100 tox|[from] psn\n|upkeep\n|turn|18\n|\n|t:|1699199504\n|switch|p1a: Yveltal|Yveltal|100\/100\n|-damage|p1a: Yveltal|76\/100|[from] Stealth Rock\n|-ability|p1a: Yveltal|Dark Aura\n|move|p2a: Arceus|Toxic|p1a: Yveltal\n|-status|p1a: Yveltal|tox\n|\n|-damage|p2a: Arceus|46\/100 tox|[from] psn\n|-damage|p1a: Yveltal|69\/100 tox|[from] psn\n|upkeep\n|turn|19\n|\n|t:|1699199508\n|switch|p2a: Magearna|Magearna|100\/100\n|move|p1a: Yveltal|Oblivion Wing|p2a: Magearna\n|-resisted|p2a: Magearna\n|-damage|p2a: Magearna|81\/100\n|-heal|p1a: Yveltal|83\/100 tox|[from] drain|[of] p2a: Magearna\n|-damage|p1a: Yveltal|73\/100 tox|[from] item: Life Orb\n|\n|-damage|p1a: Yveltal|61\/100 tox|[from] psn\n|upkeep\n|turn|20\n|\n|t:|1699199511\n|move|p1a: Yveltal|Heat Wave|p2a: Magearna\n|-supereffective|p2a: Magearna\n|-damage|p2a: Magearna|19\/100\n|-damage|p1a: Yveltal|51\/100 tox|[from] item: Life Orb\n|move|p2a: Magearna|Heal Bell|p2a: Magearna\n|-activate|p2a: Magearna|move: Heal Bell\n|-curestatus|p2: Arceus|tox|[msg]\n|\n|-damage|p1a: Yveltal|33\/100 tox|[from] psn\n|upkeep\n|turn|21\n|\n|t:|1699199515\n|switch|p2a: Arceus|Arceus-Water|46\/100\n|move|p1a: Yveltal|Oblivion Wing|p2a: Arceus\n|-damage|p2a: Arceus|10\/100\n|-heal|p1a: Yveltal|63\/100 tox|[from] drain|[of] p2a: Arceus\n|-damage|p1a: Yveltal|53\/100 tox|[from] item: Life Orb\n|\n|-damage|p1a: Yveltal|29\/100 tox|[from] psn\n|upkeep\n|turn|22\n|\n|t:|1699199519\n|move|p2a: Arceus|Recover|p2a: Arceus\n|-heal|p2a: Arceus|60\/100\n|move|p1a: Yveltal|Oblivion Wing|p2a: Arceus\n|-damage|p2a: Arceus|23\/100\n|-heal|p1a: Yveltal|60\/100 tox|[from] drain|[of] p2a: Arceus\n|-damage|p1a: Yveltal|50\/100 tox|[from] item: Life Orb\n|\n|-damage|p1a: Yveltal|19\/100 tox|[from] psn\n|upkeep\n|turn|23\n|\n|t:|1699199522\n|move|p2a: Arceus|Recover|p2a: Arceus\n|-heal|p2a: Arceus|73\/100\n|move|p1a: Yveltal|Dark Pulse|p2a: Arceus\n|-damage|p2a: Arceus|25\/100\n|-damage|p1a: Yveltal|9\/100 tox|[from] item: Life Orb\n|\n|-damage|p1a: Yveltal|0 fnt|[from] psn\n|faint|p1a: Yveltal\n|upkeep\n|\n|t:|1699199525\n|switch|p1a: Marshadow|Marshadow|100\/100\n|-damage|p1a: Marshadow|94\/100|[from] Stealth Rock\n|turn|24\n|\n|t:|1699199529\n|switch|p2a: Magearna|Magearna|19\/100\n|move|p1a: Marshadow|Close Combat|p2a: Magearna\n|-damage|p2a: Magearna|0 fnt\n|-unboost|p1a: Marshadow|def|1\n|-unboost|p1a: Marshadow|spd|1\n|faint|p2a: Magearna\n|\n|upkeep\n|\n|t:|1699199539\n|switch|p2a: Kingambit|Kingambit, F|100\/100\n|-activate|p2a: Kingambit|ability: Supreme Overlord\n|-start|p2a: Kingambit|fallen3|[silent]\n|turn|25\n|\n|t:|1699199545\n|move|p2a: Kingambit|Sucker Punch|p1a: Marshadow\n|-damage|p1a: Marshadow|0 fnt\n|faint|p1a: Marshadow\n|\n|upkeep\n|\n|t:|1699199548\n|switch|p1a: Groudon|Groudon-Primal|94\/100\n|-damage|p1a: Groudon|82\/100|[from] Stealth Rock\n|-weather|DesolateLand|[from] ability: Desolate Land|[of] p1a: Groudon\n|turn|26\n|\n|t:|1699199571\n|-end|p2a: Kingambit|fallen3|[silent]\n|switch|p2a: Arceus|Arceus-Water|25\/100\n|move|p1a: Groudon|Precipice Blades|p2a: Arceus\n|-damage|p2a: Arceus|0 fnt\n|faint|p2a: Arceus\n|\n|-weather|DesolateLand|[upkeep]\n|upkeep\n|\n|t:|1699199574\n|switch|p2a: Ditto|Ditto, shiny|100\/100\n|-transform|p2a: Ditto|p1a: Groudon|[from] ability: Imposter\n|turn|27\n|\n|t:|1699199580\n|switch|p1a: Ho-Oh|Ho-Oh|100\/100\n|move|p2a: Ditto|Precipice Blades|p1a: Ho-Oh\n|-immune|p1a: Ho-Oh\n|\n|-weather|DesolateLand|[upkeep]\n|upkeep\n|turn|28\n|\n|t:|1699199586\n|move|p2a: Ditto|Precipice Blades|p1a: Ho-Oh\n|-immune|p1a: Ho-Oh\n|move|p1a: Ho-Oh|Sacred Fire|p2a: Ditto\n|-resisted|p2a: Ditto\n|-damage|p2a: Ditto|77\/100\n|\n|-weather|DesolateLand|[upkeep]\n|upkeep\n|turn|29\n|\n|t:|1699199589\n|move|p2a: Ditto|Precipice Blades|p1a: Ho-Oh\n|-immune|p1a: Ho-Oh\n|move|p1a: Ho-Oh|Defog|p2a: Ditto\n|-unboost|p2a: Ditto|evasion|1\n|-sideend|p1: jotao10_10|Stealth Rock|[from] move: Defog|[of] p1a: Ho-Oh\n|\n|-weather|DesolateLand|[upkeep]\n|upkeep\n|turn|30\n|\n|t:|1699199591\n|move|p2a: Ditto|Precipice Blades|p1a: Ho-Oh\n|-immune|p1a: Ho-Oh\n|move|p1a: Ho-Oh|Toxic|p2a: Ditto\n|-status|p2a: Ditto|tox\n|\n|-weather|DesolateLand|[upkeep]\n|-damage|p2a: Ditto|71\/100 tox|[from] psn\n|upkeep\n|turn|31\n|\n|t:|1699199597\n|move|p2a: Ditto|Precipice Blades|p1a: Ho-Oh\n|-immune|p1a: Ho-Oh\n|move|p1a: Ho-Oh|Sacred Fire|p2a: Ditto\n|-resisted|p2a: Ditto\n|-damage|p2a: Ditto|48\/100 tox\n|\n|-weather|DesolateLand|[upkeep]\n|-damage|p2a: Ditto|36\/100 tox|[from] psn\n|upkeep\n|turn|32\n|\n|t:|1699199602\n|-activate|p2a: Ditto|move: Struggle\n|move|p2a: Ditto|Struggle|p1a: Ho-Oh\n|-damage|p1a: Ho-Oh|88\/100\n|-damage|p2a: Ditto|11\/100 tox|[from] recoil\n|move|p1a: Ho-Oh|Whirlwind|p2a: Ditto\n|-weather|none\n|drag|p2a: Kingambit|Kingambit, F|100\/100\n|-activate|p2a: Kingambit|ability: Supreme Overlord\n|-start|p2a: Kingambit|fallen4|[silent]\n|\n|upkeep\n|turn|33\n|\n|t:|1699199606\n|-end|p2a: Kingambit|fallen4|[silent]\n|switch|p2a: Ditto|Ditto, shiny|11\/100 tox\n|-transform|p2a: Ditto|p1a: Ho-Oh|[from] ability: Imposter\n|move|p1a: Ho-Oh|Sacred Fire|p2a: Ditto\n|-resisted|p2a: Ditto\n|-damage|p2a: Ditto|0 fnt\n|faint|p2a: Ditto\n|\n|upkeep\n|\n|t:|1699199608\n|switch|p2a: Kingambit|Kingambit, F|100\/100\n|-activate|p2a: Kingambit|ability: Supreme Overlord\n|-start|p2a: Kingambit|fallen5|[silent]\n|turn|34\n|\n|t:|1699199613\n|move|p1a: Ho-Oh|Sacred Fire|p2a: Kingambit\n|-supereffective|p2a: Kingambit\n|-damage|p2a: Kingambit|36\/100\n|-status|p2a: Kingambit|brn\n|move|p2a: Kingambit|Swords Dance|p2a: Kingambit\n|-boost|p2a: Kingambit|atk|2\n|\n|-damage|p2a: Kingambit|30\/100 brn|[from] brn\n|upkeep\n|turn|35\n|\n|t:|1699199618\n|move|p2a: Kingambit|Sucker Punch||[still]\n|-fail|p2a: Kingambit\n|move|p1a: Ho-Oh|Defog|p2a: Kingambit\n|-unboost|p2a: Kingambit|evasion|1\n|\n|-damage|p2a: Kingambit|24\/100 brn|[from] brn\n|upkeep\n|turn|36\n|c|\u2606Soyeon is a cutie|Lucky burn\n|-message|Soyeon is a cutie forfeited.\n|\n|win|jotao10_10\n|raw|jotao10_10's rating: 1667 &rarr; <strong>1691<\/strong><br \/>(+24 for winning)\n|raw|Soyeon is a cutie's rating: 1733 &rarr; <strong>1709<\/strong><br \/>(-24 for losing)\n|l|\u2606Soyeon is a cutie\n|c|\u2606jotao10_10|50%\n|l|\u2606jotao10_10\n","uploadtime":1699199636,"views":5,"p1id":"jotao1010","p2id":"soyeonisacutie","formatid":"gen9nationaldexubers","rating":1691,"private":0,"password":""}