{"id":"gen9nationaldexubers-1991944935","p1":"JesusChrist1309","p2":"Justasilly","format":"[Gen 9] National Dex Ubers","log":"|j|\u2606JesusChrist1309\n|j|\u2606Justasilly\n|t:|1700141135\n|gametype|singles\n|player|p1|JesusChrist1309|rosa|1173\n|player|p2|Justasilly|wallace|1144\n|teamsize|p1|6\n|teamsize|p2|6\n|gen|9\n|tier|[Gen 9] National Dex Ubers\n|rated|\n|rule|HP Percentage Mod: HP is shown in percentages\n|rule|Endless Battle Clause: Forcing endless battles is banned\n|rule|OHKO Clause: OHKO moves are banned\n|rule|Evasion Moves Clause: Evasion moves are banned\n|rule|Evasion Items Clause: Evasion items are banned\n|rule|Species Clause: Limit one of each Pok\u00e9mon\n|rule|Sleep Clause Mod: Limit one foe put to sleep\n|rule|Mega Rayquaza Clause: You cannot mega evolve Rayquaza\n|clearpoke\n|poke|p1|Kangaskhan, F|\n|poke|p1|Ursaluna-Bloodmoon, M|\n|poke|p1|Zoroark-Hisui, M|\n|poke|p1|Arceus|\n|poke|p1|Chansey, F|\n|poke|p1|Cyclizar, M|\n|poke|p2|Galvantula, M|\n|poke|p2|Kangaskhan, F|\n|poke|p2|Polteageist-Antique|\n|poke|p2|Glimmora, F|\n|poke|p2|Grimmsnarl, M|\n|poke|p2|Clodsire, F|\n|teampreview\n|c|\u2606Justasilly|Glhf\n|inactive|Battle timer is ON: inactive players will automatically lose when time's up. (requested by JesusChrist1309)\n|\n|t:|1700141146\n|start\n|switch|p1a: Chansey|Chansey, F|100\/100\n|switch|p2a: Grimmsnarl|Grimmsnarl, M|100\/100\n|turn|1\n|\n|t:|1700141150\n|move|p2a: Grimmsnarl|Reflect|p2a: Grimmsnarl\n|-sidestart|p2: Justasilly|Reflect\n|move|p1a: Chansey|Thunder Wave|p2a: Grimmsnarl\n|-status|p2a: Grimmsnarl|par\n|\n|upkeep\n|turn|2\n|\n|t:|1700141167\n|move|p2a: Grimmsnarl|Parting Shot|p1a: Chansey\n|-unboost|p1a: Chansey|atk|1\n|-unboost|p1a: Chansey|spa|1\n|\n|t:|1700141171\n|switch|p2a: Glimmora|Glimmora, F|100\/100|[from] Parting Shot\n|-item|p2a: Glimmora|Air Balloon\n|move|p1a: Chansey|Stealth Rock|p2a: Glimmora\n|-sidestart|p2: Justasilly|move: Stealth Rock\n|\n|upkeep\n|turn|3\n|\n|t:|1700141175\n|move|p2a: Glimmora|Stealth Rock|p1a: Chansey\n|-sidestart|p1: JesusChrist1309|move: Stealth Rock\n|move|p1a: Chansey|Thunder Wave|p2a: Glimmora\n|-status|p2a: Glimmora|par\n|\n|upkeep\n|turn|4\n|\n|t:|1700141178\n|switch|p1a: Cyclizar|Cyclizar, M|100\/100\n|move|p2a: Glimmora|Sludge Bomb|p1a: Cyclizar\n|-damage|p1a: Cyclizar|32\/100\n|-status|p1a: Cyclizar|psn\n|\n|-damage|p1a: Cyclizar|20\/100 psn|[from] psn\n|upkeep\n|turn|5\n|\n|t:|1700141184\n|move|p1a: Cyclizar|Rapid Spin|p2a: Glimmora\n|-resisted|p2a: Glimmora\n|-damage|p2a: Glimmora|96\/100 par\n|-boost|p1a: Cyclizar|spe|1\n|-activate|p2a: Glimmora|ability: Toxic Debris\n|-sidestart|p1: JesusChrist1309|move: Toxic Spikes\n|-enditem|p2a: Glimmora|Air Balloon\n|-sideend|p1: JesusChrist1309|Toxic Spikes|[from] move: Rapid Spin|[of] p1a: Cyclizar\n|-sideend|p1: JesusChrist1309|Stealth Rock|[from] move: Rapid Spin|[of] p1a: Cyclizar\n|move|p2a: Glimmora|Sludge Bomb|p1a: Cyclizar\n|-damage|p1a: Cyclizar|0 fnt\n|faint|p1a: Cyclizar\n|\n|upkeep\n|\n|t:|1700141189\n|switch|p1a: Ursaluna|Ursaluna-Bloodmoon, M|100\/100\n|turn|6\n|\n|t:|1700141194\n|-terastallize|p2a: Glimmora|Flying\n|move|p1a: Ursaluna|Calm Mind|p1a: Ursaluna\n|-boost|p1a: Ursaluna|spa|1\n|-boost|p1a: Ursaluna|spd|1\n|move|p2a: Glimmora|Stealth Rock|p1a: Ursaluna\n|-sidestart|p1: JesusChrist1309|move: Stealth Rock\n|\n|upkeep\n|turn|7\n|\n|t:|1700141197\n|move|p1a: Ursaluna|Calm Mind|p1a: Ursaluna\n|-boost|p1a: Ursaluna|spa|1\n|-boost|p1a: Ursaluna|spd|1\n|cant|p2a: Glimmora|par\n|\n|upkeep\n|turn|8\n|\n|t:|1700141204\n|move|p1a: Ursaluna|Calm Mind|p1a: Ursaluna\n|-boost|p1a: Ursaluna|spa|1\n|-boost|p1a: Ursaluna|spd|1\n|cant|p2a: Glimmora|par\n|\n|-sideend|p2: Justasilly|Reflect\n|upkeep\n|turn|9\n|\n|t:|1700141207\n|move|p1a: Ursaluna|Earth Power|p2a: Glimmora\n|-immune|p2a: Glimmora\n|move|p2a: Glimmora|Sludge Bomb|p1a: Ursaluna\n|-resisted|p1a: Ursaluna\n|-damage|p1a: Ursaluna|90\/100\n|\n|-heal|p1a: Ursaluna|96\/100|[from] item: Leftovers\n|upkeep\n|turn|10\n|\n|t:|1700141209\n|move|p1a: Ursaluna|Calm Mind|p1a: Ursaluna\n|-boost|p1a: Ursaluna|spa|1\n|-boost|p1a: Ursaluna|spd|1\n|move|p2a: Glimmora|Sludge Bomb|p1a: Ursaluna\n|-resisted|p1a: Ursaluna\n|-damage|p1a: Ursaluna|86\/100\n|\n|-heal|p1a: Ursaluna|92\/100|[from] item: Leftovers\n|upkeep\n|turn|11\n|\n|t:|1700141214\n|move|p1a: Ursaluna|Calm Mind|p1a: Ursaluna\n|-boost|p1a: Ursaluna|spa|1\n|-boost|p1a: Ursaluna|spd|1\n|move|p2a: Glimmora|Sludge Bomb|p1a: Ursaluna\n|-resisted|p1a: Ursaluna\n|-damage|p1a: Ursaluna|83\/100\n|\n|-heal|p1a: Ursaluna|89\/100|[from] item: Leftovers\n|upkeep\n|turn|12\n|\n|t:|1700141224\n|move|p1a: Ursaluna|Calm Mind|p1a: Ursaluna\n|-boost|p1a: Ursaluna|spa|1\n|-boost|p1a: Ursaluna|spd|1\n|move|p2a: Glimmora|Sludge Bomb|p1a: Ursaluna\n|-resisted|p1a: Ursaluna\n|-damage|p1a: Ursaluna|81\/100\n|-status|p1a: Ursaluna|psn\n|\n|-heal|p1a: Ursaluna|87\/100 psn|[from] item: Leftovers\n|-damage|p1a: Ursaluna|75\/100 psn|[from] psn\n|upkeep\n|turn|13\n|\n|t:|1700141229\n|move|p1a: Ursaluna|Blood Moon|p2a: Glimmora\n|-damage|p2a: Glimmora|0 fnt\n|faint|p2a: Glimmora\n|\n|-heal|p1a: Ursaluna|81\/100 psn|[from] item: Leftovers\n|-damage|p1a: Ursaluna|69\/100 psn|[from] psn\n|upkeep\n|\n|t:|1700141244\n|switch|p2a: Polteageist|Polteageist-Antique|100\/100\n|-damage|p2a: Polteageist|88\/100|[from] Stealth Rock\n|turn|14\n|\n|t:|1700141260\n|move|p1a: Ursaluna|Vacuum Wave|p2a: Polteageist\n|-damage|p2a: Polteageist|21\/100\n|move|p2a: Polteageist|Giga Drain|p1a: Ursaluna\n|-supereffective|p1a: Ursaluna\n|-damage|p1a: Ursaluna|52\/100 psn\n|-heal|p2a: Polteageist|35\/100|[from] drain|[of] p1a: Ursaluna\n|\n|-heal|p1a: Ursaluna|58\/100 psn|[from] item: Leftovers\n|-damage|p1a: Ursaluna|45\/100 psn|[from] psn\n|upkeep\n|turn|15\n|\n|t:|1700141268\n|switch|p2a: Clodsire|Clodsire, F|100\/100\n|-damage|p2a: Clodsire|94\/100|[from] Stealth Rock\n|move|p1a: Ursaluna|Vacuum Wave|p2a: Clodsire\n|-resisted|p2a: Clodsire\n|-damage|p2a: Clodsire|78\/100\n|\n|-heal|p1a: Ursaluna|51\/100 psn|[from] item: Leftovers\n|-heal|p2a: Clodsire|84\/100|[from] item: Leftovers\n|-damage|p1a: Ursaluna|39\/100 psn|[from] psn\n|upkeep\n|turn|16\n|\n|t:|1700141283\n|move|p1a: Ursaluna|Blood Moon|p2a: Clodsire\n|-damage|p2a: Clodsire|0 fnt\n|faint|p2a: Clodsire\n|\n|-heal|p1a: Ursaluna|45\/100 psn|[from] item: Leftovers\n|-damage|p1a: Ursaluna|33\/100 psn|[from] psn\n|upkeep\n|\n|t:|1700141287\n|switch|p2a: Grimmsnarl|Grimmsnarl, M|100\/100 par\n|-damage|p2a: Grimmsnarl|88\/100 par|[from] Stealth Rock\n|turn|17\n|\n|t:|1700141291\n|move|p1a: Ursaluna|Vacuum Wave|p2a: Grimmsnarl\n|-damage|p2a: Grimmsnarl|14\/100 par\n|move|p2a: Grimmsnarl|Light Screen|p2a: Grimmsnarl\n|-sidestart|p2: Justasilly|move: Light Screen\n|\n|-heal|p1a: Ursaluna|39\/100 psn|[from] item: Leftovers\n|-damage|p1a: Ursaluna|27\/100 psn|[from] psn\n|upkeep\n|turn|18\n|\n|t:|1700141294\n|move|p1a: Ursaluna|Vacuum Wave|p2a: Grimmsnarl\n|-damage|p2a: Grimmsnarl|0 fnt\n|faint|p2a: Grimmsnarl\n|\n|-heal|p1a: Ursaluna|33\/100 psn|[from] item: Leftovers\n|-damage|p1a: Ursaluna|20\/100 psn|[from] psn\n|upkeep\n|\n|t:|1700141297\n|switch|p2a: Galvantula|Galvantula, M|100\/100\n|-damage|p2a: Galvantula|76\/100|[from] Stealth Rock\n|turn|19\n|\n|t:|1700141301\n|switch|p2a: Polteageist|Polteageist-Antique|35\/100\n|-damage|p2a: Polteageist|23\/100|[from] Stealth Rock\n|move|p1a: Ursaluna|Vacuum Wave|p2a: Polteageist\n|-crit|p2a: Polteageist\n|-damage|p2a: Polteageist|0 fnt\n|-start|p1a: Ursaluna|Disable|Vacuum Wave|[from] ability: Cursed Body|[of] p2a: Polteageist\n|faint|p2a: Polteageist\n|\n|-heal|p1a: Ursaluna|26\/100 psn|[from] item: Leftovers\n|-damage|p1a: Ursaluna|14\/100 psn|[from] psn\n|upkeep\n|\n|t:|1700141304\n|switch|p2a: Galvantula|Galvantula, M|76\/100\n|-damage|p2a: Galvantula|51\/100|[from] Stealth Rock\n|turn|20\n|\n|t:|1700141308\n|move|p2a: Galvantula|Sticky Web|p1a: Ursaluna\n|-sidestart|p1: JesusChrist1309|move: Sticky Web\n|move|p1a: Ursaluna|Blood Moon|p2a: Galvantula\n|-damage|p2a: Galvantula|0 fnt\n|faint|p2a: Galvantula\n|\n|-heal|p1a: Ursaluna|20\/100 psn|[from] item: Leftovers\n|-damage|p1a: Ursaluna|8\/100 psn|[from] psn\n|upkeep\n|\n|t:|1700141311\n|switch|p2a: Kangaskhan|Kangaskhan, F|100\/100\n|-damage|p2a: Kangaskhan|88\/100|[from] Stealth Rock\n|turn|21\n|\n|t:|1700141316\n|detailschange|p2a: Kangaskhan|Kangaskhan-Mega, F\n|-mega|p2a: Kangaskhan|Kangaskhan|Kangaskhanite\n|-terastallize|p1a: Ursaluna|Ghost\n|move|p2a: Kangaskhan|Power-Up Punch|p1a: Ursaluna\n|-immune|p1a: Ursaluna\n|move|p1a: Ursaluna|Earth Power|p2a: Kangaskhan\n|-damage|p2a: Kangaskhan|0 fnt\n|faint|p2a: Kangaskhan\n|\n|win|JesusChrist1309\n|raw|JesusChrist1309's rating: 1173 &rarr; <strong>1196<\/strong><br \/>(+23 for winning)\n|raw|Justasilly's rating: 1144 &rarr; <strong>1121<\/strong><br \/>(-23 for losing)\n|c|\u2606Justasilly|Gg\n","uploadtime":1700141354,"views":10,"p1id":"jesuschrist1309","p2id":"justasilly","formatid":"gen9nationaldexubers","rating":1121,"private":0,"password":""}