{"id":"gen9nationaldexubers-1978134973","p1":"TheRealDiabeto","p2":"Xoviet Yunion","format":"[Gen 9] National Dex Ubers","log":"|j|\u2606TheRealDiabeto\n|j|\u2606Xoviet Yunion\n|t:|1698503677\n|gametype|singles\n|player|p1|TheRealDiabeto|steven|\n|player|p2|Xoviet Yunion|shauntal|\n|teamsize|p1|6\n|teamsize|p2|6\n|gen|9\n|tier|[Gen 9] National Dex Ubers\n|rule|HP Percentage Mod: HP is shown in percentages\n|rule|Endless Battle Clause: Forcing endless battles is banned\n|rule|OHKO Clause: OHKO moves are banned\n|rule|Evasion Moves Clause: Evasion moves are banned\n|rule|Evasion Items Clause: Evasion items are banned\n|rule|Species Clause: Limit one of each Pok\u00e9mon\n|rule|Sleep Clause Mod: Limit one foe put to sleep\n|rule|Mega Rayquaza Clause: You cannot mega evolve Rayquaza\n|clearpoke\n|poke|p1|Swampert, M|\n|poke|p1|Skeledirge, M|\n|poke|p1|Garchomp, F|\n|poke|p1|Gholdengo|\n|poke|p1|Ferrothorn, M|\n|poke|p1|Pelipper, M|\n|poke|p2|Medicham, F|\n|poke|p2|Sneasler, M|\n|poke|p2|Iron Hands|\n|poke|p2|Zapdos-Galar|\n|poke|p2|Zamazenta-*|\n|poke|p2|Great Tusk|\n|teampreview\n|\n|t:|1698503680\n|start\n|switch|p1a: He'Stan|Pelipper, M, shiny|100\/100\n|switch|p2a: Zor\u200buark|Medicham, F|100\/100\n|-weather|RainDance|[from] ability: Drizzle|[of] p1a: He'Stan\n|turn|1\n|\n|t:|1698503690\n|detailschange|p2a: Zor\u200buark|Medicham-Mega, F\n|-mega|p2a: Zor\u200buark|Medicham|Medichamite\n|move|p2a: Zor\u200buark|Fake Out|p1a: He'Stan\n|-damage|p1a: He'Stan|82\/100\n|cant|p1a: He'Stan|flinch\n|\n|-weather|RainDance|[upkeep]\n|upkeep\n|turn|2\n|\n|t:|1698503697\n|switch|p2a: Zoruark\u200b|Sneasler, M|100\/100\n|move|p1a: He'Stan|U-turn|p2a: Zoruark\u200b\n|-resisted|p2a: Zoruark\u200b\n|-damage|p2a: Zoruark\u200b|97\/100\n|j| Qontent\n|\n|t:|1698503705\n|switch|p1a: Tyberos|Garchomp, F|100\/100|[from] U-turn\n|\n|-weather|RainDance|[upkeep]\n|upkeep\n|turn|3\n|\n|t:|1698503715\n|move|p2a: Zoruark\u200b|Close Combat|p1a: Tyberos\n|-damage|p1a: Tyberos|28\/100\n|-unboost|p2a: Zoruark\u200b|def|1\n|-unboost|p2a: Zoruark\u200b|spd|1\n|-damage|p2a: Zoruark\u200b|85\/100|[from] ability: Rough Skin|[of] p1a: Tyberos\n|-damage|p2a: Zoruark\u200b|68\/100|[from] item: Rocky Helmet|[of] p1a: Tyberos\n|move|p1a: Tyberos|Stealth Rock|p2a: Zoruark\u200b\n|-sidestart|p2: Xoviet Yunion|move: Stealth Rock\n|\n|-weather|RainDance|[upkeep]\n|upkeep\n|turn|4\n|\n|t:|1698503727\n|switch|p2a: Zoruark|Great Tusk|100\/100\n|-damage|p2a: Zoruark|98\/100|[from] Stealth Rock\n|switch|p1a: Mephiston|Skeledirge, M, shiny|100\/100\n|\n|-weather|RainDance|[upkeep]\n|upkeep\n|turn|5\n|\n|t:|1698503741\n|switch|p1a: He'Stan|Pelipper, M, shiny|82\/100\n|move|p2a: Zoruark|Headlong Rush|p1a: He'Stan\n|-immune|p1a: He'Stan\n|\n|-weather|RainDance|[upkeep]\n|upkeep\n|turn|6\n|\n|t:|1698503748\n|-end|p2a: Zoruark|Protosynthesis|[silent]\n|switch|p2a: Zoruark\u200b|Sneasler, M|68\/100\n|-damage|p2a: Zoruark\u200b|62\/100|[from] Stealth Rock\n|move|p1a: He'Stan|Scald|p2a: Zoruark\u200b\n|-damage|p2a: Zoruark\u200b|9\/100\n|\n|-weather|RainDance|[upkeep]\n|upkeep\n|turn|7\n|\n|t:|1698503761\n|move|p2a: Zoruark\u200b|Dire Claw|p1a: He'Stan\n|-damage|p1a: He'Stan|34\/100\n|-status|p1a: He'Stan|psn\n|move|p1a: He'Stan|Scald|p2a: Zoruark\u200b\n|-damage|p2a: Zoruark\u200b|0 fnt\n|faint|p2a: Zoruark\u200b\n|\n|-weather|RainDance|[upkeep]\n|-damage|p1a: He'Stan|21\/100 psn|[from] psn\n|upkeep\n|\n|t:|1698503778\n|switch|p2a: Zoruar\u200b\u200b\u200bk|Zapdos-Galar|100\/100\n|-damage|p2a: Zoruar\u200b\u200b\u200bk|88\/100|[from] Stealth Rock\n|turn|8\n|\n|t:|1698503782\n|move|p2a: Zoruar\u200b\u200b\u200bk|U-turn|p1a: He'Stan\n|-resisted|p1a: He'Stan\n|-damage|p1a: He'Stan|13\/100 psn\n|\n|t:|1698503789\n|switch|p2a: Zor\u200buark|Medicham-Mega, F|100\/100|[from] U-turn\n|-damage|p2a: Zor\u200buark|94\/100|[from] Stealth Rock\n|move|p1a: He'Stan|U-turn|p2a: Zor\u200buark\n|-damage|p2a: Zor\u200buark|81\/100\n|\n|t:|1698503796\n|switch|p1a: Marneus Calgar|Swampert, M|100\/100|[from] U-turn\n|\n|-weather|none\n|upkeep\n|turn|9\n|\n|t:|1698503810\n|detailschange|p1a: Marneus Calgar|Swampert-Mega, M\n|-mega|p1a: Marneus Calgar|Swampert|Swampertite\n|move|p2a: Zor\u200buark|Psycho Cut|p1a: Marneus Calgar\n|-damage|p1a: Marneus Calgar|43\/100\n|move|p1a: Marneus Calgar|Earthquake|p2a: Zor\u200buark\n|-damage|p2a: Zor\u200buark|0 fnt\n|faint|p2a: Zor\u200buark\n|\n|upkeep\n|\n|t:|1698503821\n|switch|p2a: Zoruar\u200b\u200b\u200bk|Zapdos-Galar|88\/100\n|-damage|p2a: Zoruar\u200b\u200b\u200bk|76\/100|[from] Stealth Rock\n|turn|10\n|\n|t:|1698503825\n|switch|p1a: He'Stan|Pelipper, M, shiny|13\/100 psn\n|-weather|RainDance|[from] ability: Drizzle|[of] p1a: He'Stan\n|move|p2a: Zoruar\u200b\u200b\u200bk|Brave Bird|p1a: He'Stan\n|-damage|p1a: He'Stan|0 fnt\n|faint|p1a: He'Stan\n|-damage|p2a: Zoruar\u200b\u200b\u200bk|72\/100|[from] Recoil\n|\n|-weather|RainDance|[upkeep]\n|upkeep\n|\n|t:|1698503836\n|switch|p1a: Constantin Valdor|Gholdengo|100\/100\n|turn|11\n|\n|t:|1698503843\n|switch|p2a: Zoruark\u200b\u200b\u200b|Iron Hands|100\/100\n|-damage|p2a: Zoruark\u200b\u200b\u200b|94\/100|[from] Stealth Rock\n|move|p1a: Constantin Valdor|Make It Rain|p2a: Zoruark\u200b\u200b\u200b\n|-resisted|p2a: Zoruark\u200b\u200b\u200b\n|-damage|p2a: Zoruark\u200b\u200b\u200b|74\/100\n|-unboost|p1a: Constantin Valdor|spa|1\n|\n|-weather|RainDance|[upkeep]\n|upkeep\n|turn|12\n|\n|t:|1698503862\n|switch|p1a: Mephiston|Skeledirge, M, shiny|100\/100\n|move|p2a: Zoruark\u200b\u200b\u200b|Close Combat|p1a: Mephiston\n|-immune|p1a: Mephiston\n|\n|-weather|RainDance|[upkeep]\n|upkeep\n|turn|13\n|\n|t:|1698503871\n|-end|p2a: Zoruark\u200b\u200b\u200b|Quark Drive|[silent]\n|switch|p2a: Zoruar\u200b\u200b\u200bk|Zapdos-Galar|72\/100\n|-damage|p2a: Zoruar\u200b\u200b\u200bk|59\/100|[from] Stealth Rock\n|move|p1a: Mephiston|Will-O-Wisp|p2a: Zoruar\u200b\u200b\u200bk\n|-status|p2a: Zoruar\u200b\u200b\u200bk|brn\n|\n|-weather|RainDance|[upkeep]\n|-damage|p2a: Zoruar\u200b\u200b\u200bk|53\/100 brn|[from] brn\n|upkeep\n|turn|14\n|\n|t:|1698503879\n|move|p2a: Zoruar\u200b\u200b\u200bk|Knock Off|p1a: Mephiston\n|-supereffective|p1a: Mephiston\n|-damage|p1a: Mephiston|80\/100\n|-enditem|p1a: Mephiston|Heavy-Duty Boots|[from] move: Knock Off|[of] p2a: Zoruar\u200b\u200b\u200bk\n|move|p1a: Mephiston|Hex|p2a: Zoruar\u200b\u200b\u200bk\n|-damage|p2a: Zoruar\u200b\u200b\u200bk|0 fnt\n|faint|p2a: Zoruar\u200b\u200b\u200bk\n|\n|-weather|RainDance|[upkeep]\n|upkeep\n|\n|t:|1698503895\n|switch|p2a: Zoruark\u200b\u200b\u200b|Iron Hands|74\/100\n|-damage|p2a: Zoruark\u200b\u200b\u200b|67\/100|[from] Stealth Rock\n|turn|15\n|\n|t:|1698503899\n|move|p1a: Mephiston|Will-O-Wisp|p2a: Zoruark\u200b\u200b\u200b|[miss]\n|-miss|p1a: Mephiston|p2a: Zoruark\u200b\u200b\u200b\n|move|p2a: Zoruark\u200b\u200b\u200b|Thunder Punch|p1a: Mephiston\n|-damage|p1a: Mephiston|41\/100\n|\n|-weather|RainDance|[upkeep]\n|upkeep\n|turn|16\n|\n|t:|1698503906\n|move|p1a: Mephiston|Slack Off|p1a: Mephiston\n|-heal|p1a: Mephiston|91\/100\n|move|p2a: Zoruark\u200b\u200b\u200b|Thunder Punch|p1a: Mephiston\n|-crit|p1a: Mephiston\n|-damage|p1a: Mephiston|33\/100\n|\n|-weather|RainDance|[upkeep]\n|upkeep\n|turn|17\n|\n|t:|1698503915\n|switch|p1a: Marneus Calgar|Swampert-Mega, M|43\/100\n|move|p2a: Zoruark\u200b\u200b\u200b|Thunder Punch|p1a: Marneus Calgar\n|-immune|p1a: Marneus Calgar\n|\n|-weather|none\n|upkeep\n|turn|18\n|\n|t:|1698503925\n|-end|p2a: Zoruark\u200b\u200b\u200b|Quark Drive|[silent]\n|switch|p2a: Z\u200b\u200b\u200b\u200b\u200boruark|Zamazenta, shiny|100\/100\n|-damage|p2a: Z\u200b\u200b\u200b\u200b\u200boruark|94\/100|[from] Stealth Rock\n|-ability|p2a: Z\u200b\u200b\u200b\u200b\u200boruark|Dauntless Shield|boost\n|-boost|p2a: Z\u200b\u200b\u200b\u200b\u200boruark|def|1\n|move|p1a: Marneus Calgar|Earthquake|p2a: Z\u200b\u200b\u200b\u200b\u200boruark\n|-damage|p2a: Z\u200b\u200b\u200b\u200b\u200boruark|62\/100\n|\n|upkeep\n|turn|19\n|\n|t:|1698503942\n|switch|p1a: Constantin Valdor|Gholdengo|100\/100\n|move|p2a: Z\u200b\u200b\u200b\u200b\u200boruark|Crunch|p1a: Constantin Valdor\n|-supereffective|p1a: Constantin Valdor\n|-damage|p1a: Constantin Valdor|66\/100\n|\n|-heal|p1a: Constantin Valdor|72\/100|[from] item: Leftovers\n|upkeep\n|turn|20\n|\n|t:|1698503951\n|move|p2a: Z\u200b\u200b\u200b\u200b\u200boruark|Light Screen|p2a: Z\u200b\u200b\u200b\u200b\u200boruark\n|-sidestart|p2: Xoviet Yunion|move: Light Screen\n|move|p1a: Constantin Valdor|Shadow Ball|p2a: Z\u200b\u200b\u200b\u200b\u200boruark\n|-damage|p2a: Z\u200b\u200b\u200b\u200b\u200boruark|48\/100\n|\n|-heal|p1a: Constantin Valdor|78\/100|[from] item: Leftovers\n|upkeep\n|turn|21\n|\n|t:|1698503960\n|switch|p2a: Zoruark|Great Tusk|98\/100\n|-damage|p2a: Zoruark|95\/100|[from] Stealth Rock\n|switch|p1a: Rogal Dorn|Ferrothorn, M, shiny|100\/100\n|\n|upkeep\n|turn|22\n|\n|t:|1698503971\n|move|p2a: Zoruark|Close Combat|p1a: Rogal Dorn\n|-supereffective|p1a: Rogal Dorn\n|-damage|p1a: Rogal Dorn|0 fnt\n|-unboost|p2a: Zoruark|def|1\n|-unboost|p2a: Zoruark|spd|1\n|-damage|p2a: Zoruark|82\/100|[from] ability: Iron Barbs|[of] p1a: Rogal Dorn\n|faint|p1a: Rogal Dorn\n|\n|upkeep\n|\n|t:|1698503979\n|switch|p1a: Tyberos|Garchomp, F|28\/100\n|turn|23\n|\n|t:|1698503994\n|move|p2a: Zoruark|Close Combat|p1a: Tyberos\n|-damage|p1a: Tyberos|0 fnt\n|-unboost|p2a: Zoruark|def|1\n|-unboost|p2a: Zoruark|spd|1\n|-damage|p2a: Zoruark|70\/100|[from] ability: Rough Skin|[of] p1a: Tyberos\n|-damage|p2a: Zoruark|53\/100|[from] item: Rocky Helmet|[of] p1a: Tyberos\n|faint|p1a: Tyberos\n|\n|upkeep\n|c|\u2606Xoviet Yunion|gg\n|\n|t:|1698504004\n|switch|p1a: Marneus Calgar|Swampert-Mega, M|43\/100\n|turn|24\n|\n|t:|1698504018\n|-end|p2a: Zoruark|Protosynthesis|[silent]\n|switch|p2a: Zoruark\u200b\u200b\u200b|Iron Hands|67\/100\n|-damage|p2a: Zoruark\u200b\u200b\u200b|61\/100|[from] Stealth Rock\n|move|p1a: Marneus Calgar|Waterfall|p2a: Zoruark\u200b\u200b\u200b\n|-damage|p2a: Zoruark\u200b\u200b\u200b|27\/100\n|\n|-sideend|p2: Xoviet Yunion|move: Light Screen\n|upkeep\n|turn|25\n|\n|t:|1698504028\n|move|p1a: Marneus Calgar|Earthquake|p2a: Zoruark\u200b\u200b\u200b\n|-supereffective|p2a: Zoruark\u200b\u200b\u200b\n|-damage|p2a: Zoruark\u200b\u200b\u200b|0 fnt\n|faint|p2a: Zoruark\u200b\u200b\u200b\n|-end|p2a: Zoruark\u200b\u200b\u200b|Quark Drive|[silent]\n|\n|upkeep\n|\n|t:|1698504039\n|switch|p2a: Zoruark|Great Tusk|53\/100\n|-damage|p2a: Zoruark|50\/100|[from] Stealth Rock\n|turn|26\n|\n|t:|1698504042\n|move|p2a: Zoruark|Headlong Rush|p1a: Marneus Calgar\n|-damage|p1a: Marneus Calgar|0 fnt\n|-unboost|p2a: Zoruark|def|1\n|-unboost|p2a: Zoruark|spd|1\n|faint|p1a: Marneus Calgar\n|\n|upkeep\n|\n|t:|1698504049\n|switch|p1a: Constantin Valdor|Gholdengo|78\/100\n|turn|27\n|\n|t:|1698504052\n|move|p2a: Zoruark|Headlong Rush|p1a: Constantin Valdor\n|-supereffective|p1a: Constantin Valdor\n|-damage|p1a: Constantin Valdor|0 fnt\n|-unboost|p2a: Zoruark|def|1\n|-unboost|p2a: Zoruark|spd|1\n|faint|p1a: Constantin Valdor\n|\n|upkeep\n|\n|t:|1698504058\n|switch|p1a: Mephiston|Skeledirge, M, shiny|33\/100\n|turn|28\n|\n|t:|1698504063\n|move|p2a: Zoruark|Headlong Rush|p1a: Mephiston\n|-supereffective|p1a: Mephiston\n|-damage|p1a: Mephiston|0 fnt\n|-unboost|p2a: Zoruark|def|1\n|-unboost|p2a: Zoruark|spd|1\n|faint|p1a: Mephiston\n|\n|win|Xoviet Yunion\n|l| Qontent\n|c|\u2606Xoviet Yunion|gg\n|c|\u2606TheRealDiabeto|gg\n","uploadtime":1698504082,"views":11,"p1id":"therealdiabeto","p2id":"xovietyunion","formatid":"gen9nationaldexubers","rating":0,"private":0,"password":""}