{"id":"gen9nationaldexubers-1995844445","p1":"blujaystorm","p2":"CCF Cloysters","format":"[Gen 9] National Dex Ubers","log":"|j|\u2606blujaystorm\n|j|\u2606CCF Cloysters\n|t:|1700608884\n|gametype|singles\n|player|p1|blujaystorm|psychic-gen4|\n|player|p2|CCF Cloysters|ethan|\n|teamsize|p1|6\n|teamsize|p2|6\n|gen|9\n|tier|[Gen 9] National Dex Ubers\n|rule|HP Percentage Mod: HP is shown in percentages\n|rule|Endless Battle Clause: Forcing endless battles is banned\n|rule|OHKO Clause: OHKO moves are banned\n|rule|Evasion Moves Clause: Evasion moves are banned\n|rule|Evasion Items Clause: Evasion items are banned\n|rule|Species Clause: Limit one of each Pok\u00e9mon\n|rule|Sleep Clause Mod: Limit one foe put to sleep\n|rule|Mega Rayquaza Clause: You cannot mega evolve Rayquaza\n|clearpoke\n|poke|p1|Gastrodon, M|\n|poke|p1|Mimikyu, F|\n|poke|p1|Empoleon, M|\n|poke|p1|Komala, F|\n|poke|p1|Miltank, F|\n|poke|p1|Heracross, F|\n|poke|p2|Carracosta, F|\n|poke|p2|Darmanitan, M|\n|poke|p2|Cinccino, M|\n|poke|p2|Diggersby, M|\n|poke|p2|Porygon2|\n|poke|p2|Rillaboom, M|\n|teampreview\n|c|\u2606CCF Cloysters|gl hf!\n|\n|t:|1700608900\n|start\n|switch|p1a: Prince of Wails|Empoleon, M|100\/100\n|switch|p2a: Waffle|Carracosta, F|100\/100\n|turn|1\n|\n|t:|1700608910\n|switch|p1a: Inky|Mimikyu, F|100\/100\n|-terastallize|p2a: Waffle|Ghost\n|move|p2a: Waffle|Meteor Beam||[still]\n|-prepare|p2a: Waffle|Meteor Beam\n|-boost|p2a: Waffle|spa|1\n|-enditem|p1a: Inky|Mirror Herb\n|-boost|p1a: Inky|spa|1|[from] item: Mirror Herb\n|-enditem|p2a: Waffle|Power Herb\n|-anim|p2a: Waffle|Meteor Beam|p1a: Inky\n|-activate|p1a: Inky|ability: Disguise\n|-damage|p1a: Inky|100\/100\n|detailschange|p1a: Inky|Mimikyu-Busted, F\n|-damage|p1a: Inky|88\/100|[from] pokemon: Mimikyu-Busted\n|\n|upkeep\n|turn|2\n|\n|t:|1700608930\n|move|p1a: Inky|Shadow Sneak|p2a: Waffle\n|-supereffective|p2a: Waffle\n|-damage|p2a: Waffle|71\/100\n|move|p2a: Waffle|Shell Smash|p2a: Waffle\n|-unboost|p2a: Waffle|def|1\n|-unboost|p2a: Waffle|spd|1\n|-boost|p2a: Waffle|atk|2\n|-boost|p2a: Waffle|spa|2\n|-boost|p2a: Waffle|spe|2\n|\n|upkeep\n|turn|3\n|\n|t:|1700608941\n|move|p1a: Inky|Shadow Sneak|p2a: Waffle\n|-supereffective|p2a: Waffle\n|-damage|p2a: Waffle|29\/100\n|move|p2a: Waffle|Scald|p1a: Inky\n|-damage|p1a: Inky|0 fnt\n|faint|p1a: Inky\n|\n|upkeep\n|\n|t:|1700608949\n|switch|p1a: OoooooBlooooob|Gastrodon, M|100\/100\n|turn|4\n|\n|t:|1700608957\n|move|p2a: Waffle|Earth Power|p1a: OoooooBlooooob\n|-damage|p1a: OoooooBlooooob|54\/100\n|move|p1a: OoooooBlooooob|Sludge Bomb|p2a: Waffle\n|-resisted|p2a: Waffle\n|-damage|p2a: Waffle|4\/100\n|\n|upkeep\n|turn|5\n|c|\u2606CCF Cloysters|OOOOOBLOOOOOB\n|\n|t:|1700608965\n|move|p2a: Waffle|Earth Power|p1a: OoooooBlooooob\n|-damage|p1a: OoooooBlooooob|9\/100\n|move|p1a: OoooooBlooooob|Sludge Bomb|p2a: Waffle\n|-resisted|p2a: Waffle\n|-damage|p2a: Waffle|0 fnt\n|faint|p2a: Waffle\n|\n|upkeep\n|\n|t:|1700608980\n|switch|p2a: Mocha|Cinccino, M|100\/100\n|turn|6\n|\n|t:|1700608988\n|switch|p1a: Hityusomuch|Heracross, F|100\/100\n|move|p2a: Mocha|Tail Slap|p1a: Hityusomuch|[miss]\n|-miss|p2a: Mocha|p1a: Hityusomuch\n|\n|upkeep\n|turn|7\n|\n|t:|1700609011\n|move|p2a: Mocha|Tail Slap|p1a: Hityusomuch\n|-damage|p1a: Hityusomuch|81\/100\n|-damage|p1a: Hityusomuch|62\/100\n|-damage|p1a: Hityusomuch|42\/100\n|-damage|p1a: Hityusomuch|22\/100\n|-damage|p1a: Hityusomuch|1\/100\n|-hitcount|p1a: Hityusomuch|5\n|-damage|p2a: Mocha|91\/100|[from] item: Life Orb\n|move|p1a: Hityusomuch|Close Combat|p2a: Mocha\n|-supereffective|p2a: Mocha\n|-damage|p2a: Mocha|0 fnt\n|-unboost|p1a: Hityusomuch|def|1\n|-unboost|p1a: Hityusomuch|spd|1\n|faint|p2a: Mocha\n|-ability|p1a: Hityusomuch|Moxie|boost\n|-boost|p1a: Hityusomuch|atk|1\n|\n|upkeep\n|\n|t:|1700609027\n|switch|p2a: Bubba|Diggersby, M|100\/100\n|turn|8\n|\n|t:|1700609043\n|move|p2a: Bubba|Quick Attack|p1a: Hityusomuch\n|-damage|p1a: Hityusomuch|0 fnt\n|faint|p1a: Hityusomuch\n|\n|upkeep\n|\n|t:|1700609053\n|switch|p1a: Prince of Wails|Empoleon, M|100\/100\n|turn|9\n|\n|t:|1700609061\n|move|p2a: Bubba|Earthquake|p1a: Prince of Wails\n|-supereffective|p1a: Prince of Wails\n|-damage|p1a: Prince of Wails|0 fnt\n|faint|p1a: Prince of Wails\n|\n|upkeep\n|\n|t:|1700609079\n|switch|p1a: BP in your area|Miltank, F|100\/100\n|turn|10\n|c|\u2606CCF Cloysters|long live the queen\n|\n|t:|1700609092\n|switch|p2a: Chip|Porygon2|100\/100\n|-ability|p2a: Chip|Thick Fat|[from] ability: Trace|[of] p1a: BP in your area\n|move|p1a: BP in your area|Body Press|p2a: Chip\n|-supereffective|p2a: Chip\n|-damage|p2a: Chip|66\/100\n|\n|upkeep\n|turn|11\n|\n|t:|1700609107\n|move|p1a: BP in your area|Body Press|p2a: Chip\n|-supereffective|p2a: Chip\n|-damage|p2a: Chip|31\/100\n|move|p2a: Chip|Toxic|p1a: BP in your area\n|-status|p1a: BP in your area|tox\n|\n|-damage|p1a: BP in your area|94\/100 tox|[from] psn\n|upkeep\n|turn|12\n|\n|t:|1700609143\n|move|p1a: BP in your area|Body Press|p2a: Chip\n|-supereffective|p2a: Chip\n|-damage|p2a: Chip|0 fnt\n|faint|p2a: Chip\n|\n|-heal|p1a: BP in your area|100\/100 tox|[from] item: Leftovers\n|-damage|p1a: BP in your area|88\/100 tox|[from] psn\n|upkeep\n|\n|t:|1700609180\n|switch|p2a: Tempo|Rillaboom, M|100\/100\n|-fieldstart|move: Grassy Terrain|[from] ability: Grassy Surge|[of] p2a: Tempo\n|turn|13\n|\n|t:|1700609192\n|move|p1a: BP in your area|Body Press|p2a: Tempo\n|-crit|p2a: Tempo\n|-damage|p2a: Tempo|65\/100\n|move|p2a: Tempo|Wood Hammer|p1a: BP in your area\n|-damage|p1a: BP in your area|5\/100 tox\n|-damage|p2a: Tempo|39\/100|[from] Recoil\n|\n|-heal|p1a: BP in your area|11\/100 tox|[from] Grassy Terrain\n|-heal|p1a: BP in your area|18\/100 tox|[from] item: Leftovers\n|-heal|p2a: Tempo|45\/100|[from] Grassy Terrain\n|-damage|p1a: BP in your area|0 fnt|[from] psn\n|faint|p1a: BP in your area\n|upkeep\n|\n|t:|1700609207\n|switch|p1a: OoooooBlooooob|Gastrodon, M|9\/100\n|turn|14\n|\n|t:|1700609212\n|move|p2a: Tempo|Wood Hammer|p1a: OoooooBlooooob\n|-supereffective|p1a: OoooooBlooooob\n|-enditem|p1a: OoooooBlooooob|Rindo Berry|[eat]\n|-enditem|p1a: OoooooBlooooob|Rindo Berry|[weaken]\n|-damage|p1a: OoooooBlooooob|0 fnt\n|faint|p1a: OoooooBlooooob\n|-damage|p2a: Tempo|42\/100|[from] Recoil\n|\n|-heal|p2a: Tempo|49\/100|[from] Grassy Terrain\n|upkeep\n|\n|t:|1700609222\n|switch|p1a: Shia Surprise|Komala, F|100\/100\n|-ability|p1a: Shia Surprise|Comatose\n|turn|15\n|\n|t:|1700609229\n|-terastallize|p1a: Shia Surprise|Normal\n|move|p2a: Tempo|Wood Hammer|p1a: Shia Surprise\n|-damage|p1a: Shia Surprise|0 fnt\n|faint|p1a: Shia Surprise\n|-damage|p2a: Tempo|21\/100|[from] Recoil\n|\n|win|CCF Cloysters\n|c|\u2606CCF Cloysters|gg Jason! :D\n|c|\u2606blujaystorm|welp\n|c|\u2606blujaystorm|I tried\n|c|\u2606CCF Cloysters|you did so good\n|c|\u2606CCF Cloysters|tried to get me with the Mirror Herb, haha\n","uploadtime":1700609258,"views":26,"p1id":"blujaystorm","p2id":"ccfcloysters","formatid":"gen9nationaldexubers","rating":0,"private":0,"password":""}