{"id":"gen9nationaldexubers-1999863022","p1":"HoochmooseClavical","p2":"ivory i guess","format":"[Gen 9] National Dex Ubers","log":"|j|\u2606HoochmooseClavical\n|j|\u2606ivory i guess\n|t:|1701123943\n|gametype|singles\n|player|p1|HoochmooseClavical|alder|1188\n|player|p2|ivory i guess|rosa|1120\n|teamsize|p1|6\n|teamsize|p2|6\n|gen|9\n|tier|[Gen 9] National Dex Ubers\n|rated|\n|rule|HP Percentage Mod: HP is shown in percentages\n|rule|Endless Battle Clause: Forcing endless battles is banned\n|rule|OHKO Clause: OHKO moves are banned\n|rule|Evasion Moves Clause: Evasion moves are banned\n|rule|Evasion Items Clause: Evasion items are banned\n|rule|Species Clause: Limit one of each Pok\u00e9mon\n|rule|Sleep Clause Mod: Limit one foe put to sleep\n|rule|Mega Rayquaza Clause: You cannot mega evolve Rayquaza\n|clearpoke\n|poke|p1|Dragonite, M|\n|poke|p1|Shiinotic, M|\n|poke|p1|Toxapex, M|\n|poke|p1|Ditto|\n|poke|p1|Gengar, M|\n|poke|p1|Conkeldurr, M|\n|poke|p2|Kingambit, F|\n|poke|p2|Primarina, F|\n|poke|p2|Annihilape, M|\n|poke|p2|Garchomp, M|\n|poke|p2|Arcanine-Hisui, F|\n|poke|p2|Basculegion, M|\n|teampreview\n|inactive|Battle timer is ON: inactive players will automatically lose when time's up. (requested by HoochmooseClavical)\n|\n|t:|1701123971\n|start\n|switch|p1a: Gengar|Gengar, M|100\/100\n|switch|p2a: Arcanine|Arcanine-Hisui, F|100\/100\n|turn|1\n|\n|t:|1701123982\n|switch|p1a: Toxapex|Toxapex, M|100\/100\n|switch|p2a: Garchomp|Garchomp, M|100\/100\n|\n|upkeep\n|turn|2\n|\n|t:|1701123990\n|move|p2a: Garchomp|Earthquake|p1a: Toxapex\n|-supereffective|p1a: Toxapex\n|-damage|p1a: Toxapex|18\/100\n|move|p1a: Toxapex|Toxic|p2a: Garchomp\n|-status|p2a: Garchomp|tox\n|\n|-heal|p1a: Toxapex|24\/100|[from] item: Leftovers\n|-damage|p2a: Garchomp|94\/100 tox|[from] psn\n|upkeep\n|turn|3\n|\n|t:|1701123998\n|switch|p1a: Shiinotic|Shiinotic, M|100\/100\n|move|p2a: Garchomp|Earthquake|p1a: Shiinotic\n|-resisted|p1a: Shiinotic\n|-damage|p1a: Shiinotic|78\/100\n|\n|-damage|p2a: Garchomp|82\/100 tox|[from] psn\n|upkeep\n|turn|4\n|\n|t:|1701124007\n|switch|p2a: Arcanine|Arcanine-Hisui, F|100\/100\n|move|p1a: Shiinotic|Strength Sap|p2a: Arcanine\n|-unboost|p2a: Arcanine|atk|1\n|-heal|p1a: Shiinotic|100\/100\n|\n|upkeep\n|turn|5\n|\n|t:|1701124015\n|move|p2a: Arcanine|Flare Blitz|p1a: Shiinotic\n|-supereffective|p1a: Shiinotic\n|-damage|p1a: Shiinotic|28\/100\n|-status|p2a: Arcanine|par|[from] ability: Effect Spore|[of] p1a: Shiinotic\n|move|p1a: Shiinotic|Spore||[still]\n|-fail|p1a: Shiinotic\n|\n|upkeep\n|turn|6\n|\n|t:|1701124022\n|move|p2a: Arcanine|Flare Blitz|p1a: Shiinotic\n|-supereffective|p1a: Shiinotic\n|-crit|p1a: Shiinotic\n|-damage|p1a: Shiinotic|0 fnt\n|faint|p1a: Shiinotic\n|\n|upkeep\n|\n|t:|1701124028\n|switch|p1a: Ditto|Ditto|100\/100\n|-transform|p1a: Ditto|p2a: Arcanine|[from] ability: Imposter\n|turn|7\n|\n|t:|1701124035\n|move|p1a: Ditto|Head Smash|p2a: Arcanine\n|-supereffective|p2a: Arcanine\n|-damage|p2a: Arcanine|0 fnt\n|faint|p2a: Arcanine\n|\n|upkeep\n|\n|t:|1701124043\n|switch|p2a: Basculegion|Basculegion, M|100\/100\n|turn|8\n|\n|t:|1701124050\n|switch|p1a: Toxapex|Toxapex, M|57\/100\n|move|p2a: Basculegion|Wave Crash|p1a: Toxapex\n|-resisted|p1a: Toxapex\n|-damage|p1a: Toxapex|27\/100\n|-damage|p2a: Basculegion|94\/100|[from] Recoil\n|\n|-heal|p1a: Toxapex|34\/100|[from] item: Leftovers\n|upkeep\n|turn|9\n|\n|t:|1701124072\n|move|p2a: Basculegion|Zen Headbutt|p1a: Toxapex\n|-supereffective|p1a: Toxapex\n|-damage|p1a: Toxapex|0 fnt\n|faint|p1a: Toxapex\n|\n|upkeep\n|\n|t:|1701124075\n|switch|p1a: Ditto|Ditto|100\/100\n|-transform|p1a: Ditto|p2a: Basculegion|[from] ability: Imposter\n|turn|10\n|\n|t:|1701124085\n|-terastallize|p2a: Basculegion|Fighting\n|move|p1a: Ditto|Last Respects|p2a: Basculegion\n|-damage|p2a: Basculegion|0 fnt\n|faint|p2a: Basculegion\n|\n|upkeep\n|\n|t:|1701124092\n|switch|p2a: Kingambit|Kingambit, F|100\/100\n|-activate|p2a: Kingambit|ability: Supreme Overlord\n|-start|p2a: Kingambit|fallen2|[silent]\n|turn|11\n|\n|t:|1701124112\n|switch|p1a: Conkeldurr|Conkeldurr, M|100\/100\n|move|p2a: Kingambit|Kowtow Cleave|p1a: Conkeldurr\n|-resisted|p1a: Conkeldurr\n|-damage|p1a: Conkeldurr|72\/100\n|\n|upkeep\n|turn|12\n|\n|t:|1701124130\n|-end|p2a: Kingambit|fallen2|[silent]\n|switch|p2a: Primarina|Primarina, F|100\/100\n|move|p1a: Conkeldurr|Power-Up Punch|p2a: Primarina\n|-resisted|p2a: Primarina\n|-damage|p2a: Primarina|88\/100\n|-boost|p1a: Conkeldurr|atk|1\n|\n|-heal|p2a: Primarina|94\/100|[from] item: Leftovers\n|upkeep\n|turn|13\n|\n|t:|1701124139\n|-terastallize|p1a: Conkeldurr|Steel\n|move|p2a: Primarina|Moonblast|p1a: Conkeldurr\n|-resisted|p1a: Conkeldurr\n|-damage|p1a: Conkeldurr|56\/100\n|move|p1a: Conkeldurr|Power-Up Punch|p2a: Primarina\n|-resisted|p2a: Primarina\n|-damage|p2a: Primarina|75\/100\n|-boost|p1a: Conkeldurr|atk|1\n|\n|-heal|p2a: Primarina|81\/100|[from] item: Leftovers\n|upkeep\n|turn|14\n|\n|t:|1701124150\n|switch|p2a: Annihilape|Annihilape, M|100\/100\n|move|p1a: Conkeldurr|Thunder Punch|p2a: Annihilape\n|-damage|p2a: Annihilape|51\/100\n|\n|upkeep\n|turn|15\n|\n|t:|1701124159\n|switch|p1a: Gengar|Gengar, M|100\/100\n|move|p2a: Annihilape|Close Combat|p1a: Gengar\n|-immune|p1a: Gengar\n|\n|upkeep\n|turn|16\n|\n|t:|1701124168\n|move|p1a: Gengar|Will-O-Wisp|p2a: Annihilape\n|-status|p2a: Annihilape|brn\n|move|p2a: Annihilape|Rage Fist|p1a: Gengar\n|-supereffective|p1a: Gengar\n|-damage|p1a: Gengar|0 fnt\n|-start|p2a: Annihilape|Disable|Rage Fist|[from] ability: Cursed Body|[of] p1a: Gengar\n|faint|p1a: Gengar\n|\n|-damage|p2a: Annihilape|45\/100 brn|[from] brn\n|upkeep\n|\n|t:|1701124173\n|switch|p1a: Ditto|Ditto|100\/100\n|-transform|p1a: Ditto|p2a: Annihilape|[from] ability: Imposter\n|turn|17\n|\n|t:|1701124185\n|switch|p2a: Primarina|Primarina, F|81\/100\n|move|p1a: Ditto|Earthquake|p2a: Primarina\n|-damage|p2a: Primarina|38\/100\n|\n|-heal|p2a: Primarina|44\/100|[from] item: Leftovers\n|upkeep\n|turn|18\n|\n|t:|1701124195\n|switch|p2a: Garchomp|Garchomp, M|82\/100 tox\n|move|p1a: Ditto|Earthquake|p2a: Garchomp\n|-crit|p2a: Garchomp\n|-damage|p2a: Garchomp|26\/100 tox\n|\n|-damage|p2a: Garchomp|20\/100 tox|[from] psn\n|upkeep\n|turn|19\n|\n|t:|1701124205\n|move|p2a: Garchomp|Earthquake|p1a: Ditto\n|-damage|p1a: Ditto|30\/100\n|move|p1a: Ditto|Earthquake|p2a: Garchomp\n|-damage|p2a: Garchomp|0 fnt\n|faint|p2a: Garchomp\n|\n|upkeep\n|\n|t:|1701124211\n|switch|p2a: Kingambit|Kingambit, F|100\/100\n|-activate|p2a: Kingambit|ability: Supreme Overlord\n|-start|p2a: Kingambit|fallen3|[silent]\n|turn|20\n|\n|t:|1701124216\n|move|p2a: Kingambit|Sucker Punch|p1a: Ditto\n|-damage|p1a: Ditto|0 fnt\n|faint|p1a: Ditto\n|\n|upkeep\n|\n|t:|1701124218\n|switch|p1a: Conkeldurr|Conkeldurr, M, tera:Steel|56\/100\n|turn|21\n|\n|t:|1701124227\n|-end|p2a: Kingambit|fallen3|[silent]\n|switch|p2a: Annihilape|Annihilape, M|45\/100 brn\n|move|p1a: Conkeldurr|Thunder Punch|p2a: Annihilape\n|-damage|p2a: Annihilape|20\/100 brn\n|\n|-damage|p2a: Annihilape|14\/100 brn|[from] brn\n|upkeep\n|turn|22\n|\n|t:|1701124237\n|switch|p1a: Dragonite|Dragonite, M|100\/100\n|move|p2a: Annihilape|Close Combat|p1a: Dragonite\n|-resisted|p1a: Dragonite\n|-damage|p1a: Dragonite|92\/100\n|-unboost|p2a: Annihilape|def|1\n|-unboost|p2a: Annihilape|spd|1\n|\n|-damage|p2a: Annihilape|8\/100 brn|[from] brn\n|upkeep\n|turn|23\n|\n|t:|1701124246\n|switch|p2a: Primarina|Primarina, F|44\/100\n|move|p1a: Dragonite|Dragon Dance|p1a: Dragonite\n|-boost|p1a: Dragonite|atk|1\n|-boost|p1a: Dragonite|spe|1\n|\n|-heal|p2a: Primarina|50\/100|[from] item: Leftovers\n|upkeep\n|turn|24\n|\n|t:|1701124253\n|move|p1a: Dragonite|Dual Wingbeat|p2a: Primarina\n|-damage|p2a: Primarina|5\/100\n|-damage|p2a: Primarina|0 fnt\n|faint|p2a: Primarina\n|-hitcount|p2: Primarina|2\n|\n|upkeep\n|\n|t:|1701124259\n|switch|p2a: Kingambit|Kingambit, F|100\/100\n|-activate|p2a: Kingambit|ability: Supreme Overlord\n|-start|p2a: Kingambit|fallen4|[silent]\n|turn|25\n|\n|t:|1701124268\n|move|p2a: Kingambit|Sucker Punch||[still]\n|-fail|p2a: Kingambit\n|move|p1a: Dragonite|Dragon Dance|p1a: Dragonite\n|-boost|p1a: Dragonite|atk|1\n|-boost|p1a: Dragonite|spe|1\n|\n|upkeep\n|turn|26\n|\n|t:|1701124273\n|move|p1a: Dragonite|Fire Punch|p2a: Kingambit\n|-supereffective|p2a: Kingambit\n|-damage|p2a: Kingambit|2\/100\n|move|p2a: Kingambit|Kowtow Cleave|p1a: Dragonite\n|-damage|p1a: Dragonite|11\/100\n|\n|upkeep\n|turn|27\n|\n|t:|1701124280\n|switch|p1a: Conkeldurr|Conkeldurr, M, tera:Steel|56\/100\n|move|p2a: Kingambit|Sucker Punch||[still]\n|-fail|p2a: Kingambit\n|\n|upkeep\n|turn|28\n|\n|t:|1701124288\n|move|p2a: Kingambit|Sucker Punch|p1a: Conkeldurr\n|-damage|p1a: Conkeldurr|0 fnt\n|faint|p1a: Conkeldurr\n|\n|upkeep\n|\n|t:|1701124299\n|switch|p1a: Dragonite|Dragonite, M|11\/100\n|turn|29\n|\n|t:|1701124302\n|move|p2a: Kingambit|Sucker Punch||[still]\n|-fail|p2a: Kingambit\n|move|p1a: Dragonite|Dragon Dance|p1a: Dragonite\n|-boost|p1a: Dragonite|atk|1\n|-boost|p1a: Dragonite|spe|1\n|\n|upkeep\n|turn|30\n|\n|t:|1701124307\n|move|p2a: Kingambit|Sucker Punch||[still]\n|-fail|p2a: Kingambit\n|move|p1a: Dragonite|Dragon Dance|p1a: Dragonite\n|-boost|p1a: Dragonite|atk|1\n|-boost|p1a: Dragonite|spe|1\n|\n|upkeep\n|turn|31\n|\n|t:|1701124314\n|move|p2a: Kingambit|Sucker Punch|p1a: Dragonite\n|-damage|p1a: Dragonite|0 fnt\n|faint|p1a: Dragonite\n|\n|win|ivory i guess\n|raw|HoochmooseClavical's rating: 1188 &rarr; <strong>1158<\/strong><br \/>(-30 for losing)\n|raw|ivory i guess's rating: 1120 &rarr; <strong>1150<\/strong><br \/>(+30 for winning)\n|l|\u2606HoochmooseClavical\n","uploadtime":1701124320,"views":7,"p1id":"hoochmooseclavical","p2id":"ivoryiguess","formatid":"gen9nationaldexubers","rating":1150,"private":0,"password":""}