{"id":"gen9nationaldexubers-1994669851","p1":"nduk cuteheat","p2":"C0ld as Ice","format":"[Gen 9] National Dex Ubers","log":"|j|\u2606nduk cuteheat\n|j|\u2606C0ld as Ice\n|t:|1700478568\n|gametype|singles\n|player|p1|nduk cuteheat|101|1722\n|player|p2|C0ld as Ice|supernerd|1861\n|teamsize|p1|6\n|teamsize|p2|6\n|gen|9\n|tier|[Gen 9] National Dex Ubers\n|rated|\n|rule|HP Percentage Mod: HP is shown in percentages\n|rule|Endless Battle Clause: Forcing endless battles is banned\n|rule|OHKO Clause: OHKO moves are banned\n|rule|Evasion Moves Clause: Evasion moves are banned\n|rule|Evasion Items Clause: Evasion items are banned\n|rule|Species Clause: Limit one of each Pok\u00e9mon\n|rule|Sleep Clause Mod: Limit one foe put to sleep\n|rule|Mega Rayquaza Clause: You cannot mega evolve Rayquaza\n|clearpoke\n|poke|p1|Groudon|\n|poke|p1|Ho-Oh|\n|poke|p1|Zygarde|\n|poke|p1|Arceus-Ground|\n|poke|p1|Yveltal|\n|poke|p1|Necrozma-Dusk-Mane|\n|poke|p2|Smeargle, F|\n|poke|p2|Marshadow|\n|poke|p2|Arceus|\n|poke|p2|Groudon|\n|poke|p2|Mewtwo|\n|poke|p2|Yveltal|\n|teampreview\n|inactive|Battle timer is ON: inactive players will automatically lose when time's up. (requested by C0ld as Ice)\n|inactive|C0ld as Ice has 120 seconds left.\n|\n|t:|1700478625\n|start\n|switch|p1a: Ho-Oh|Ho-Oh|100\/100\n|switch|p2a: Smeargle|Smeargle, F, shiny|100\/100\n|turn|1\n|\n|t:|1700478633\n|-terastallize|p1a: Ho-Oh|Grass\n|move|p2a: Smeargle|Sticky Web|p1a: Ho-Oh\n|-sidestart|p1: nduk cuteheat|move: Sticky Web\n|move|p1a: Ho-Oh|Sacred Fire|p2a: Smeargle\n|-enditem|p2a: Smeargle|Focus Sash\n|-damage|p2a: Smeargle|1\/100\n|-status|p2a: Smeargle|brn\n|\n|-damage|p2a: Smeargle|0 fnt|[from] brn\n|faint|p2a: Smeargle\n|upkeep\n|\n|t:|1700478637\n|switch|p2a: Groudon|Groudon, shiny|100\/100\n|detailschange|p2a: Groudon|Groudon-Primal, shiny\n|-primal|p2a: Groudon|Red Orb\n|-weather|DesolateLand|[from] ability: Desolate Land|[of] p2a: Groudon\n|turn|2\n|\n|t:|1700478640\n|switch|p1a: Zygarde|Zygarde|100\/100\n|-activate|p1a: Zygarde|move: Sticky Web\n|-unboost|p1a: Zygarde|spe|1\n|move|p2a: Groudon|Eruption|p1a: Zygarde\n|-resisted|p1a: Zygarde\n|-damage|p1a: Zygarde|41\/100\n|\n|-weather|DesolateLand|[upkeep]\n|-heal|p1a: Zygarde|48\/100|[from] item: Leftovers\n|-activate|p1a: Zygarde|ability: Power Construct\n|detailschange|p1a: Zygarde|Zygarde-Complete\n|-heal|p1a: Zygarde|66\/100|[silent]\n|upkeep\n|turn|3\n|j| laprasplayer\n|\n|t:|1700478651\n|move|p2a: Groudon|Eruption|p1a: Zygarde\n|-resisted|p1a: Zygarde\n|-damage|p1a: Zygarde|31\/100\n|move|p1a: Zygarde|Glare|p2a: Groudon\n|-status|p2a: Groudon|par\n|\n|-weather|DesolateLand|[upkeep]\n|-heal|p1a: Zygarde|37\/100|[from] item: Leftovers\n|upkeep\n|turn|4\n|\n|t:|1700478671\n|move|p2a: Groudon|Eruption|p1a: Zygarde\n|-resisted|p1a: Zygarde\n|-damage|p1a: Zygarde|4\/100\n|move|p1a: Zygarde|Thousand Arrows|p2a: Groudon\n|-supereffective|p2a: Groudon\n|-damage|p2a: Groudon|54\/100 par\n|\n|-weather|DesolateLand|[upkeep]\n|-heal|p1a: Zygarde|10\/100|[from] item: Leftovers\n|upkeep\n|turn|5\n|\n|t:|1700478684\n|-weather|none\n|switch|p2a: Yveltal|Yveltal, shiny|100\/100\n|-ability|p2a: Yveltal|Dark Aura\n|move|p1a: Zygarde|Rest|p1a: Zygarde\n|-status|p1a: Zygarde|slp|[from] move: Rest\n|-heal|p1a: Zygarde|100\/100 slp|[silent]\n|\n|upkeep\n|turn|6\n|\n|t:|1700478696\n|switch|p1a: Yveltal|Yveltal|100\/100\n|-ability|p1a: Yveltal|Dark Aura\n|move|p2a: Yveltal|Dark Pulse|p1a: Yveltal\n|-resisted|p1a: Yveltal\n|-damage|p1a: Yveltal|69\/100\n|-damage|p2a: Yveltal|91\/100|[from] item: Life Orb\n|\n|upkeep\n|turn|7\n|\n|t:|1700478705\n|move|p1a: Yveltal|Knock Off|p2a: Yveltal\n|-resisted|p2a: Yveltal\n|-damage|p2a: Yveltal|64\/100\n|-enditem|p2a: Yveltal|Life Orb|[from] move: Knock Off|[of] p1a: Yveltal\n|move|p2a: Yveltal|Oblivion Wing|p1a: Yveltal\n|-damage|p1a: Yveltal|31\/100\n|-heal|p2a: Yveltal|97\/100|[from] drain|[of] p1a: Yveltal\n|\n|upkeep\n|turn|8\n|\n|t:|1700478717\n|move|p1a: Yveltal|Toxic|p2a: Yveltal\n|-status|p2a: Yveltal|tox\n|move|p2a: Yveltal|Oblivion Wing|p1a: Yveltal\n|-damage|p1a: Yveltal|0 fnt\n|-heal|p2a: Yveltal|100\/100 tox|[from] drain|[of] p1a: Yveltal\n|faint|p1a: Yveltal\n|\n|-damage|p2a: Yveltal|94\/100 tox|[from] psn\n|upkeep\n|\n|t:|1700478722\n|switch|p1a: Groudon|Groudon|100\/100\n|-activate|p1a: Groudon|move: Sticky Web\n|-unboost|p1a: Groudon|spe|1\n|detailschange|p1a: Groudon|Groudon-Primal\n|-primal|p1a: Groudon|Red Orb\n|-weather|DesolateLand|[from] ability: Desolate Land|[of] p1a: Groudon\n|turn|9\n|\n|t:|1700478744\n|move|p2a: Yveltal|Taunt|p1a: Groudon\n|-start|p1a: Groudon|move: Taunt\n|move|p1a: Groudon|Rock Tomb|p2a: Yveltal\n|-supereffective|p2a: Yveltal\n|-damage|p2a: Yveltal|51\/100 tox\n|-unboost|p2a: Yveltal|spe|1\n|\n|-weather|DesolateLand|[upkeep]\n|-damage|p2a: Yveltal|39\/100 tox|[from] psn\n|upkeep\n|turn|10\n|\n|t:|1700478754\n|move|p2a: Yveltal|Dark Pulse|p1a: Groudon\n|-damage|p1a: Groudon|56\/100\n|cant|p1a: Groudon|flinch\n|\n|-weather|DesolateLand|[upkeep]\n|-damage|p2a: Yveltal|21\/100 tox|[from] psn\n|upkeep\n|turn|11\n|\n|t:|1700478762\n|move|p2a: Yveltal|Dark Pulse|p1a: Groudon\n|-damage|p1a: Groudon|12\/100\n|move|p1a: Groudon|Rock Tomb|p2a: Yveltal\n|-supereffective|p2a: Yveltal\n|-damage|p2a: Yveltal|0 fnt\n|faint|p2a: Yveltal\n|\n|-weather|DesolateLand|[upkeep]\n|-end|p1a: Groudon|move: Taunt\n|upkeep\n|\n|t:|1700478778\n|switch|p2a: Arceus|Arceus, shiny|100\/100\n|turn|12\n|\n|t:|1700478781\n|move|p2a: Arceus|Swords Dance|p2a: Arceus\n|-boost|p2a: Arceus|atk|2\n|move|p1a: Groudon|Overheat|p2a: Arceus\n|-damage|p2a: Arceus|23\/100\n|-unboost|p1a: Groudon|spa|2\n|\n|-weather|DesolateLand|[upkeep]\n|upkeep\n|turn|13\n|\n|t:|1700478786\n|move|p2a: Arceus|Extreme Speed|p1a: Groudon\n|-damage|p1a: Groudon|0 fnt\n|faint|p1a: Groudon\n|-weather|none\n|\n|upkeep\n|\n|t:|1700478792\n|switch|p1a: Ho-Oh|Ho-Oh, tera:Grass|100\/100\n|turn|14\n|\n|t:|1700478796\n|-zpower|p2a: Arceus\n|move|p2a: Arceus|Breakneck Blitz|p1a: Ho-Oh|[zeffect]\n|-damage|p1a: Ho-Oh|0 fnt\n|faint|p1a: Ho-Oh\n|\n|upkeep\n|\n|t:|1700478800\n|switch|p1a: Necrozma|Necrozma-Dusk-Mane|100\/100\n|-activate|p1a: Necrozma|move: Sticky Web\n|-unboost|p1a: Necrozma|spe|1\n|turn|15\n|\n|t:|1700478807\n|move|p2a: Arceus|Shadow Claw|p1a: Necrozma\n|-supereffective|p1a: Necrozma\n|-damage|p1a: Necrozma|46\/100\n|move|p1a: Necrozma|Photon Geyser|p2a: Arceus\n|-damage|p2a: Arceus|0 fnt\n|faint|p2a: Arceus\n|\n|upkeep\n|\n|t:|1700478811\n|switch|p2a: Marshadow|Marshadow|100\/100\n|turn|16\n|\n|t:|1700478818\n|switch|p1a: Zygarde|Zygarde-Complete|100\/100 slp\n|-activate|p1a: Zygarde|move: Sticky Web\n|-unboost|p1a: Zygarde|spe|1\n|move|p2a: Marshadow|Poltergeist|p1a: Zygarde\n|-activate|p1a: Zygarde|move: Poltergeist|Leftovers\n|-damage|p1a: Zygarde|73\/100 slp\n|-damage|p2a: Marshadow|91\/100|[from] item: Life Orb\n|\n|-heal|p1a: Zygarde|79\/100 slp|[from] item: Leftovers\n|upkeep\n|turn|17\n|\n|t:|1700478823\n|switch|p2a: Mewtwo|Mewtwo, shiny|100\/100\n|-ability|p2a: Mewtwo|Pressure\n|cant|p1a: Zygarde|slp\n|\n|-heal|p1a: Zygarde|85\/100 slp|[from] item: Leftovers\n|upkeep\n|turn|18\n|\n|t:|1700478836\n|move|p2a: Mewtwo|Nasty Plot|p2a: Mewtwo\n|-boost|p2a: Mewtwo|spa|2\n|cant|p1a: Zygarde|slp\n|\n|-heal|p1a: Zygarde|91\/100 slp|[from] item: Leftovers\n|upkeep\n|turn|19\n|\n|t:|1700478841\n|move|p2a: Mewtwo|Ice Beam|p1a: Zygarde\n|-supereffective|p1a: Zygarde\n|-damage|p1a: Zygarde|0 fnt\n|faint|p1a: Zygarde\n|-damage|p2a: Mewtwo|91\/100|[from] item: Life Orb\n|\n|upkeep\n|-message|nduk cuteheat forfeited.\n|\n|win|C0ld as Ice\n|raw|nduk cuteheat's rating: 1722 &rarr; <strong>1710<\/strong><br \/>(-12 for losing)\n|raw|C0ld as Ice's rating: 1873 &rarr; <strong>1885<\/strong><br \/>(+12 for winning)\n|l|\u2606nduk cuteheat\n|l|\u2606C0ld as Ice\n","uploadtime":1700479719,"views":1,"p1id":"ndukcuteheat","p2id":"c0ldasice","formatid":"gen9nationaldexubers","rating":1710,"private":0,"password":""}