{"id":"gen9nationaldexubers-1990125709","p1":"ColdSobaNoodle","p2":"DinsFire01","format":"[Gen 9] National Dex Ubers","log":"|j|\u2606ColdSobaNoodle\n|j|\u2606DinsFire01\n|t:|1699927303\n|gametype|singles\n|player|p1|ColdSobaNoodle|cynthia|\n|player|p2|DinsFire01|n|\n|teamsize|p1|6\n|teamsize|p2|6\n|gen|9\n|tier|[Gen 9] National Dex Ubers\n|rule|HP Percentage Mod: HP is shown in percentages\n|rule|Endless Battle Clause: Forcing endless battles is banned\n|rule|OHKO Clause: OHKO moves are banned\n|rule|Evasion Moves Clause: Evasion moves are banned\n|rule|Evasion Items Clause: Evasion items are banned\n|rule|Species Clause: Limit one of each Pok\u00e9mon\n|rule|Sleep Clause Mod: Limit one foe put to sleep\n|rule|Mega Rayquaza Clause: You cannot mega evolve Rayquaza\n|clearpoke\n|poke|p1|Absol, M|\n|poke|p1|Ninetales-Alola, F|\n|poke|p1|Corviknight, M|\n|poke|p1|Zygarde-10%|\n|poke|p1|Torterra, M|\n|poke|p1|Dachsbun, F|\n|poke|p2|Falinks|\n|poke|p2|Shiftry, F|\n|poke|p2|Gliscor, F|\n|poke|p2|Gholdengo|\n|poke|p2|Tapu Fini|\n|poke|p2|Hoopa-Unbound|\n|teampreview\n|c|\u2606DinsFire01|gonna go pee\n|c|\u2606DinsFire01|can you post link?>\n|j| Smackey_5\n|j| Lunar Sloth\n|c|\u2606ColdSobaNoodle|yes\n|c|\u2606ColdSobaNoodle|I gotchu\n|j| MiniBearGrahams\n|j| Keaton_fgc\n|c|\u2606ColdSobaNoodle|so fellas\n|c|\u2606ColdSobaNoodle|how it goin?\n|c|\u2606ColdSobaNoodle|you stayin hydrated??\n|c| Keaton_fgc|pretty good how about yourself\n|c|\u2606DinsFire01|peed\n|c|\u2606ColdSobaNoodle|pretty good :D\n|c| Lunar Sloth|im tired\n|c|\u2606ColdSobaNoodle|I got a class at 6:30 here in a bit\n|c|\u2606ColdSobaNoodle|going to have fun w that after\n|c| Lunar Sloth|what class\n|c|\u2606ColdSobaNoodle|or just continue my matches in the background of Zoom\n|c|\u2606DinsFire01|ready whenever\n|c|\u2606ColdSobaNoodle|oh been ready!\n|\n|t:|1699927543\n|start\n|switch|p1a: \u7a32\u8377|Ninetales-Alola, F, shiny|100\/100\n|switch|p2a: Alf Layla Wa-Layla|Hoopa-Unbound|100\/100\n|-weather|Snow|[from] ability: Snow Warning|[of] p1a: \u7a32\u8377\n|turn|1\n|l| Smackey_5\n|\n|t:|1699927554\n|move|p2a: Alf Layla Wa-Layla|Trick|p1a: \u7a32\u8377\n|-activate|p2a: Alf Layla Wa-Layla|move: Trick|[of] p1a: \u7a32\u8377\n|-item|p1a: \u7a32\u8377|Choice Scarf|[from] move: Trick\n|-item|p2a: Alf Layla Wa-Layla|Light Clay|[from] move: Trick\n|move|p1a: \u7a32\u8377|Aurora Veil|p1a: \u7a32\u8377\n|-sidestart|p1: ColdSobaNoodle|move: Aurora Veil\n|\n|-weather|Snow|[upkeep]\n|upkeep\n|turn|2\n|j| Czar_agon\n|\n|t:|1699927576\n|switch|p1a: \u767d\u6fa4|Absol, M|100\/100\n|move|p2a: Alf Layla Wa-Layla|Hyperspace Fury|p1a: \u767d\u6fa4\n|-resisted|p1a: \u767d\u6fa4\n|-damage|p1a: \u767d\u6fa4|68\/100\n|-unboost|p2a: Alf Layla Wa-Layla|def|1\n|-ability|p1a: \u767d\u6fa4|Justified|boost\n|-boost|p1a: \u767d\u6fa4|atk|1\n|\n|-weather|Snow|[upkeep]\n|upkeep\n|turn|3\n|c| Lunar Sloth|the justified\n|\n|t:|1699927603\n|switch|p2a: mother|Tapu Fini|100\/100\n|-fieldstart|move: Misty Terrain|[from] ability: Misty Surge|[of] p2a: mother\n|detailschange|p1a: \u767d\u6fa4|Absol-Mega, M\n|-mega|p1a: \u767d\u6fa4|Absol|Absolite\n|move|p1a: \u767d\u6fa4|Play Rough|p2a: mother\n|-damage|p2a: mother|61\/100\n|-unboost|p2a: mother|atk|1\n|\n|-weather|Snow|[upkeep]\n|-heal|p2a: mother|67\/100|[from] item: Leftovers\n|upkeep\n|turn|4\n|\n|t:|1699927619\n|switch|p1a: Minecraft|Torterra, M|100\/100\n|move|p2a: mother|Haze|p2a: mother\n|-clearallboost\n|\n|-weather|Snow|[upkeep]\n|-heal|p2a: mother|73\/100|[from] item: Leftovers\n|upkeep\n|turn|5\n|\n|t:|1699927645\n|move|p1a: Minecraft|Bullet Seed|p2a: mother\n|-supereffective|p2a: mother\n|-damage|p2a: mother|55\/100\n|-supereffective|p2a: mother\n|-damage|p2a: mother|36\/100\n|-supereffective|p2a: mother\n|-damage|p2a: mother|16\/100\n|-supereffective|p2a: mother\n|-damage|p2a: mother|0 fnt\n|faint|p2a: mother\n|-hitcount|p2: mother|4\n|\n|-weather|none\n|-sideend|p1: ColdSobaNoodle|move: Aurora Veil\n|upkeep\n|\n|t:|1699927655\n|switch|p2a: the goat|Shiftry, F, shiny|100\/100\n|turn|6\n|\n|t:|1699927675\n|move|p2a: the goat|Tailwind|p2a: the goat\n|-sidestart|p2: DinsFire01|move: Tailwind\n|-ability|p2a: the goat|Wind Rider|boost\n|-boost|p2a: the goat|atk|1\n|move|p1a: Minecraft|Worry Seed|p2a: the goat\n|-endability|p2a: the goat|Wind Rider|[from] move: Worry Seed\n|-ability|p2a: the goat|Insomnia|[from] move: Worry Seed\n|\n|upkeep\n|turn|7\n|c| Lunar Sloth|this is the most tired tree\n|c|\u2606ColdSobaNoodle|insomniac tree\n|j| VoIteon\n|c| Lunar Sloth|2 insomnia\n|\n|t:|1699927713\n|switch|p1a: \u7a32\u8377|Ninetales-Alola, F, shiny|100\/100\n|-weather|Snow|[from] ability: Snow Warning|[of] p1a: \u7a32\u8377\n|move|p2a: the goat|Knock Off|p1a: \u7a32\u8377\n|-resisted|p1a: \u7a32\u8377\n|-damage|p1a: \u7a32\u8377|69\/100\n|-enditem|p1a: \u7a32\u8377|Choice Scarf|[from] move: Knock Off|[of] p2a: the goat\n|\n|-weather|Snow|[upkeep]\n|-fieldend|Misty Terrain\n|upkeep\n|turn|8\n|c|\u2606ColdSobaNoodle|tree can't sleep though\n|\n|t:|1699927725\n|move|p2a: the goat|Explosion|p1a: \u7a32\u8377\n|-damage|p1a: \u7a32\u8377|0 fnt\n|faint|p2a: the goat\n|faint|p1a: \u7a32\u8377\n|\n|-weather|Snow|[upkeep]\n|upkeep\n|c| Lunar Sloth|couldnt sleep so it killed itself damn\n|\n|t:|1699927737\n|switch|p1a: Jax|Zygarde-10%, shiny|100\/100\n|switch|p2a: Alf Layla Wa-Layla|Hoopa-Unbound|100\/100\n|-ability|p1a: Jax|Aura Break\n|turn|9\n|c|\u2606ColdSobaNoodle|suicidal tree\n|c|\u2606ColdSobaNoodle|he needs help\n|\n|t:|1699927760\n|move|p2a: Alf Layla Wa-Layla|Ice Punch|p1a: Jax\n|-supereffective|p1a: Jax\n|-damage|p1a: Jax|0 fnt\n|faint|p1a: Jax\n|\n|-weather|Snow|[upkeep]\n|-sideend|p2: DinsFire01|move: Tailwind\n|upkeep\n|j| Smackey_5\n|\n|t:|1699927767\n|switch|p1a: Rook|Corviknight, M, shiny|100\/100\n|-ability|p1a: Rook|Pressure\n|turn|10\n|c| Lunar Sloth|that is a slow zygarde\n|c| MiniBearGrahams|tailwind\n|c| Lunar Sloth|oh\n|c|\u2606ColdSobaNoodle|ahhh\n|c|\u2606ColdSobaNoodle|I see\n|\n|t:|1699927786\n|switch|p2a: glizzy|Gliscor, F, shiny|100\/100\n|move|p1a: Rook|U-turn|p2a: glizzy\n|-resisted|p2a: glizzy\n|-damage|p2a: glizzy|96\/100\n|c| Lunar Sloth|i died there too\n|\n|t:|1699927808\n|switch|p1a: \u767d\u6fa4|Absol-Mega, M|68\/100|[from] U-turn\n|\n|-weather|Snow|[upkeep]\n|-status|p2a: glizzy|tox|[from] item: Toxic Orb\n|upkeep\n|turn|11\n|\n|t:|1699927841\n|switch|p1a: Rook|Corviknight, M, shiny|100\/100\n|-ability|p1a: Rook|Pressure\n|move|p2a: glizzy|U-turn|p1a: Rook\n|-resisted|p1a: Rook\n|-damage|p1a: Rook|98\/100\n|-damage|p2a: glizzy|80\/100 tox|[from] item: Rocky Helmet|[of] p1a: Rook\n|\n|t:|1699927849\n|switch|p2a: Alf Layla Wa-Layla|Hoopa-Unbound|100\/100|[from] U-turn\n|\n|-weather|none\n|upkeep\n|turn|12\n|\n|t:|1699927884\n|switch|p2a: men|Falinks|100\/100\n|move|p1a: Rook|U-turn|p2a: men\n|-resisted|p2a: men\n|-damage|p2a: men|92\/100\n|c|\u2606ColdSobaNoodle|men.\n|\n|t:|1699927895\n|switch|p1a: \u767d\u6fa4|Absol-Mega, M|68\/100|[from] U-turn\n|\n|upkeep\n|turn|13\n|c|\u2606DinsFire01|theyre gonna do the only thing men are good for\n|\n|t:|1699927918\n|move|p1a: \u767d\u6fa4|Play Rough|p2a: men\n|-supereffective|p2a: men\n|-damage|p2a: men|1\/100\n|move|p2a: men|No Retreat|p2a: men\n|-boost|p2a: men|atk|1\n|-boost|p2a: men|def|1\n|-boost|p2a: men|spa|1\n|-boost|p2a: men|spd|1\n|-boost|p2a: men|spe|1\n|-start|p2a: men|move: No Retreat\n|\n|upkeep\n|turn|14\n|c|\u2606DinsFire01|its time to cook\n|c| MiniBearGrahams|unfortunate\n|\n|t:|1699927932\n|move|p1a: \u767d\u6fa4|Sucker Punch|p2a: men\n|-resisted|p2a: men\n|-damage|p2a: men|0 fnt\n|faint|p2a: men\n|\n|upkeep\n|c|\u2606DinsFire01|oh\n|c| MiniBearGrahams|yeah\n|\n|t:|1699927949\n|switch|p2a: Ghold Glider|Gholdengo|100\/100\n|turn|15\n|\n|t:|1699927968\n|switch|p1a: Rook|Corviknight, M, shiny|98\/100\n|-ability|p1a: Rook|Pressure\n|-terastallize|p2a: Ghold Glider|Steel\n|move|p2a: Ghold Glider|Shadow Ball|p1a: Rook\n|-damage|p1a: Rook|37\/100\n|-unboost|p1a: Rook|spd|1\n|\n|upkeep\n|turn|16\n|\n|t:|1699927990\n|switch|p2a: glizzy|Gliscor, F, shiny|80\/100 tox\n|move|p1a: Rook|U-turn|p2a: glizzy\n|-resisted|p2a: glizzy\n|-damage|p2a: glizzy|76\/100 tox\n|\n|t:|1699927995\n|switch|p1a: Minecraft|Torterra, M|100\/100|[from] U-turn\n|\n|-heal|p2a: glizzy|88\/100 tox|[from] ability: Poison Heal\n|upkeep\n|turn|17\n|c| Lunar Sloth|this is close hmm\n|\n|t:|1699928030\n|-terastallize|p1a: Minecraft|Fairy\n|move|p2a: glizzy|U-turn|p1a: Minecraft\n|-resisted|p1a: Minecraft\n|-damage|p1a: Minecraft|93\/100\n|\n|t:|1699928056\n|switch|p2a: Ghold Glider|Gholdengo, tera:Steel|100\/100|[from] U-turn\n|move|p1a: Minecraft|Worry Seed|p2a: Ghold Glider\n|-immune|p2a: Ghold Glider|[from] ability: Good as Gold\n|\n|upkeep\n|turn|18\n|c|\u2606ColdSobaNoodle|ah\n|c|\u2606ColdSobaNoodle|unfortunate that does not work\n|c| VoIteon|Lol\n|c| VoIteon|Ability so broken u cant replace it\n|\n|t:|1699928082\n|switch|p1a: Munchies|Dachsbun, F|100\/100\n|move|p2a: Ghold Glider|Shadow Ball|p1a: Munchies\n|-damage|p1a: Munchies|4\/100\n|\n|upkeep\n|turn|19\n|c| Lunar Sloth|jesus\n|\n|t:|1699928092\n|move|p1a: Munchies|Crunch|p2a: Ghold Glider\n|-damage|p2a: Ghold Glider|78\/100\n|-unboost|p2a: Ghold Glider|def|1\n|move|p2a: Ghold Glider|Shadow Ball|p1a: Munchies\n|-damage|p1a: Munchies|0 fnt\n|faint|p1a: Munchies\n|\n|upkeep\n|\n|t:|1699928101\n|switch|p1a: \u767d\u6fa4|Absol-Mega, M|68\/100\n|turn|20\n|c| MiniBearGrahams|i though daschbun was much slower tbh\n|\n|t:|1699928105\n|switch|p2a: glizzy|Gliscor, F, shiny|88\/100 tox\n|move|p1a: \u767d\u6fa4|Close Combat|p2a: glizzy\n|-resisted|p2a: glizzy\n|-damage|p2a: glizzy|74\/100 tox\n|-unboost|p1a: \u767d\u6fa4|def|1\n|-unboost|p1a: \u767d\u6fa4|spd|1\n|\n|-heal|p2a: glizzy|87\/100 tox|[from] ability: Poison Heal\n|upkeep\n|turn|21\n|c| MiniBearGrahams|or however u spell it\n|\n|t:|1699928116\n|move|p1a: \u767d\u6fa4|Wish|p1a: \u767d\u6fa4\n|move|p2a: glizzy|Spikes|p1a: \u767d\u6fa4\n|move|p1a: \u767d\u6fa4|Spikes|p2a: glizzy|[from]ability: Magic Bounce\n|-sidestart|p2: DinsFire01|Spikes\n|\n|-heal|p2a: glizzy|99\/100 tox|[from] ability: Poison Heal\n|upkeep\n|turn|22\n|\n|t:|1699928120\n|switch|p1a: Rook|Corviknight, M, shiny|37\/100\n|-ability|p1a: Rook|Pressure\n|move|p2a: glizzy|Spikes|p1a: Rook\n|-sidestart|p1: ColdSobaNoodle|Spikes\n|\n|-heal|p1a: Rook|73\/100|[from] move: Wish|[wisher] \u767d\u6fa4\n|-heal|p2a: glizzy|100\/100 tox|[from] ability: Poison Heal\n|upkeep\n|turn|23\n|c| MiniBearGrahams|...\n|\n|t:|1699928134\n|move|p2a: glizzy|U-turn|p1a: Rook\n|-resisted|p1a: Rook\n|-damage|p1a: Rook|71\/100\n|-damage|p2a: glizzy|84\/100 tox|[from] item: Rocky Helmet|[of] p1a: Rook\n|c|\u2606DinsFire01|i did not know ab magic bounce\n|\n|t:|1699928155\n|switch|p2a: Ghold Glider|Gholdengo, tera:Steel|78\/100|[from] U-turn\n|-damage|p2a: Ghold Glider|66\/100|[from] Spikes\n|move|p1a: Rook|Body Press|p2a: Ghold Glider\n|-supereffective|p2a: Ghold Glider\n|-crit|p2a: Ghold Glider\n|-damage|p2a: Ghold Glider|0 fnt\n|faint|p2a: Ghold Glider\n|\n|upkeep\n|c|\u2606ColdSobaNoodle|most people forget mega absol has it\n|c|\u2606DinsFire01|and i oop\n|\n|t:|1699928163\n|switch|p2a: glizzy|Gliscor, F, shiny|84\/100 tox\n|turn|24\n|\n|t:|1699928177\n|move|p2a: glizzy|U-turn|p1a: Rook\n|-resisted|p1a: Rook\n|-damage|p1a: Rook|68\/100\n|-damage|p2a: glizzy|67\/100 tox|[from] item: Rocky Helmet|[of] p1a: Rook\n|\n|t:|1699928184\n|switch|p2a: Alf Layla Wa-Layla|Hoopa-Unbound|100\/100|[from] U-turn\n|-damage|p2a: Alf Layla Wa-Layla|88\/100|[from] Spikes\n|move|p1a: Rook|Defog|p2a: Alf Layla Wa-Layla\n|-unboost|p2a: Alf Layla Wa-Layla|evasion|1\n|-sideend|p2: DinsFire01|Spikes|[from] move: Defog|[of] p1a: Rook\n|-sideend|p1: ColdSobaNoodle|Spikes|[from] move: Defog|[of] p1a: Rook\n|\n|upkeep\n|turn|25\n|\n|t:|1699928207\n|switch|p2a: glizzy|Gliscor, F, shiny|67\/100 tox\n|move|p1a: Rook|U-turn|p2a: glizzy\n|-resisted|p2a: glizzy\n|-damage|p2a: glizzy|63\/100 tox\n|\n|t:|1699928214\n|switch|p1a: \u767d\u6fa4|Absol-Mega, M|68\/100|[from] U-turn\n|\n|-heal|p2a: glizzy|76\/100 tox|[from] ability: Poison Heal\n|upkeep\n|turn|26\n|\n|t:|1699928227\n|move|p1a: \u767d\u6fa4|Wish|p1a: \u767d\u6fa4\n|move|p2a: glizzy|Roost|p2a: glizzy\n|-heal|p2a: glizzy|100\/100 tox\n|-singleturn|p2a: glizzy|move: Roost\n|\n|upkeep\n|turn|27\n|\n|t:|1699928236\n|switch|p1a: Rook|Corviknight, M, shiny|68\/100\n|-ability|p1a: Rook|Pressure\n|move|p2a: glizzy|U-turn|p1a: Rook\n|-resisted|p1a: Rook\n|-damage|p1a: Rook|66\/100\n|-damage|p2a: glizzy|84\/100 tox|[from] item: Rocky Helmet|[of] p1a: Rook\n|\n|t:|1699928239\n|switch|p2a: Alf Layla Wa-Layla|Hoopa-Unbound|88\/100|[from] U-turn\n|\n|-heal|p1a: Rook|100\/100|[from] move: Wish|[wisher] \u767d\u6fa4\n|upkeep\n|turn|28\n|\n|t:|1699928251\n|switch|p2a: glizzy|Gliscor, F, shiny|84\/100 tox\n|move|p1a: Rook|Body Press|p2a: glizzy\n|-resisted|p2a: glizzy\n|-damage|p2a: glizzy|75\/100 tox\n|\n|-heal|p2a: glizzy|88\/100 tox|[from] ability: Poison Heal\n|upkeep\n|turn|29\n|c| Lunar Sloth|this gonna be a bit huh\n|\n|t:|1699928256\n|move|p2a: glizzy|Spikes|p1a: Rook\n|-sidestart|p1: ColdSobaNoodle|Spikes\n|move|p1a: Rook|U-turn|p2a: glizzy\n|-resisted|p2a: glizzy\n|-damage|p2a: glizzy|84\/100 tox\n|\n|t:|1699928264\n|switch|p1a: \u767d\u6fa4|Absol-Mega, M|68\/100|[from] U-turn\n|-damage|p1a: \u767d\u6fa4|56\/100|[from] Spikes\n|\n|-heal|p2a: glizzy|96\/100 tox|[from] ability: Poison Heal\n|upkeep\n|turn|30\n|\n|t:|1699928272\n|switch|p1a: Rook|Corviknight, M, shiny|100\/100\n|-ability|p1a: Rook|Pressure\n|move|p2a: glizzy|U-turn|p1a: Rook\n|-resisted|p1a: Rook\n|-damage|p1a: Rook|98\/100\n|-damage|p2a: glizzy|80\/100 tox|[from] item: Rocky Helmet|[of] p1a: Rook\n|\n|t:|1699928274\n|switch|p2a: Alf Layla Wa-Layla|Hoopa-Unbound|88\/100|[from] U-turn\n|\n|upkeep\n|turn|31\n|\n|t:|1699928282\n|switch|p2a: glizzy|Gliscor, F, shiny|80\/100 tox\n|move|p1a: Rook|Defog|p2a: glizzy\n|-unboost|p2a: glizzy|evasion|1\n|-sideend|p1: ColdSobaNoodle|Spikes|[from] move: Defog|[of] p1a: Rook\n|\n|-heal|p2a: glizzy|92\/100 tox|[from] ability: Poison Heal\n|upkeep\n|turn|32\n|\n|t:|1699928292\n|move|p2a: glizzy|Spikes|p1a: Rook\n|-sidestart|p1: ColdSobaNoodle|Spikes\n|move|p1a: Rook|Body Press|p2a: glizzy\n|-resisted|p2a: glizzy\n|-damage|p2a: glizzy|84\/100 tox\n|\n|-heal|p2a: glizzy|96\/100 tox|[from] ability: Poison Heal\n|upkeep\n|turn|33\n|\n|t:|1699928304\n|move|p2a: glizzy|Spikes|p1a: Rook\n|-sidestart|p1: ColdSobaNoodle|Spikes\n|move|p1a: Rook|Body Press|p2a: glizzy\n|-resisted|p2a: glizzy\n|-damage|p2a: glizzy|88\/100 tox\n|\n|-heal|p2a: glizzy|100\/100 tox|[from] ability: Poison Heal\n|upkeep\n|turn|34\n|\n|t:|1699928314\n|move|p2a: glizzy|Spikes|p1a: Rook\n|-sidestart|p1: ColdSobaNoodle|Spikes\n|move|p1a: Rook|Defog|p2a: glizzy\n|-unboost|p2a: glizzy|evasion|1\n|-sideend|p1: ColdSobaNoodle|Spikes|[from] move: Defog|[of] p1a: Rook\n|\n|upkeep\n|turn|35\n|j| ZBFusion\n|l| Smackey_5\n|\n|t:|1699928334\n|move|p2a: glizzy|Spikes|p1a: Rook\n|-sidestart|p1: ColdSobaNoodle|Spikes\n|move|p1a: Rook|Body Press|p2a: glizzy\n|-resisted|p2a: glizzy\n|-damage|p2a: glizzy|92\/100 tox\n|\n|-heal|p2a: glizzy|100\/100 tox|[from] ability: Poison Heal\n|upkeep\n|turn|36\n|\n|t:|1699928343\n|move|p2a: glizzy|Spikes|p1a: Rook\n|-sidestart|p1: ColdSobaNoodle|Spikes\n|move|p1a: Rook|Body Press|p2a: glizzy\n|-resisted|p2a: glizzy\n|-crit|p2a: glizzy\n|-damage|p2a: glizzy|89\/100 tox\n|\n|-heal|p2a: glizzy|100\/100 tox|[from] ability: Poison Heal\n|upkeep\n|turn|37\n|\n|t:|1699928354\n|move|p2a: glizzy|U-turn|p1a: Rook\n|-resisted|p1a: Rook\n|-damage|p1a: Rook|96\/100\n|-damage|p2a: glizzy|84\/100 tox|[from] item: Rocky Helmet|[of] p1a: Rook\n|\n|t:|1699928356\n|switch|p2a: Alf Layla Wa-Layla|Hoopa-Unbound|88\/100|[from] U-turn\n|move|p1a: Rook|Body Press|p2a: Alf Layla Wa-Layla\n|-damage|p2a: Alf Layla Wa-Layla|44\/100\n|\n|upkeep\n|turn|38\n|\n|t:|1699928374\n|move|p2a: Alf Layla Wa-Layla|Drain Punch|p1a: Rook\n|-damage|p1a: Rook|74\/100\n|-heal|p2a: Alf Layla Wa-Layla|56\/100|[from] drain|[of] p1a: Rook\n|-damage|p2a: Alf Layla Wa-Layla|40\/100|[from] item: Rocky Helmet|[of] p1a: Rook\n|move|p1a: Rook|Body Press|p2a: Alf Layla Wa-Layla\n|-damage|p2a: Alf Layla Wa-Layla|0 fnt\n|faint|p2a: Alf Layla Wa-Layla\n|\n|upkeep\n|\n|t:|1699928376\n|switch|p2a: glizzy|Gliscor, F, shiny|84\/100 tox\n|turn|39\n|\n|t:|1699928387\n|move|p2a: glizzy|U-turn|p1a: Rook\n|-resisted|p1a: Rook\n|-damage|p1a: Rook|72\/100\n|-damage|p2a: glizzy|67\/100 tox|[from] item: Rocky Helmet|[of] p1a: Rook\n|move|p1a: Rook|Defog|p2a: glizzy\n|-unboost|p2a: glizzy|evasion|1\n|-sideend|p1: ColdSobaNoodle|Spikes|[from] move: Defog|[of] p1a: Rook\n|\n|-heal|p2a: glizzy|80\/100 tox|[from] ability: Poison Heal\n|upkeep\n|turn|40\n|c| VoIteon|Is it pp stall time\n|c|\u2606ColdSobaNoodle|holy\n|\n|t:|1699928413\n|move|p2a: glizzy|Spikes|p1a: Rook\n|-sidestart|p1: ColdSobaNoodle|Spikes\n|move|p1a: Rook|U-turn|p2a: glizzy\n|-resisted|p2a: glizzy\n|-damage|p2a: glizzy|76\/100 tox\n|\n|t:|1699928421\n|switch|p1a: Minecraft|Torterra, M, tera:Fairy|93\/100|[from] U-turn\n|-damage|p1a: Minecraft|80\/100|[from] Spikes\n|\n|-heal|p2a: glizzy|88\/100 tox|[from] ability: Poison Heal\n|upkeep\n|turn|41\n|\n|t:|1699928430\n|switch|p1a: Rook|Corviknight, M, shiny|72\/100\n|-ability|p1a: Rook|Pressure\n|move|p2a: glizzy|Earthquake|p1a: Rook\n|-immune|p1a: Rook\n|\n|-heal|p2a: glizzy|100\/100 tox|[from] ability: Poison Heal\n|upkeep\n|turn|42\n|c| VoIteon|Is it worry seed time\n|\n|t:|1699928458\n|move|p2a: glizzy|Earthquake|p1a: Rook\n|-immune|p1a: Rook\n|move|p1a: Rook|Defog|p2a: glizzy\n|-unboost|p2a: glizzy|evasion|1\n|-sideend|p1: ColdSobaNoodle|Spikes|[from] move: Defog|[of] p1a: Rook\n|\n|upkeep\n|turn|43\n|c| MiniBearGrahams|its anything time\n|\n|t:|1699928468\n|move|p2a: glizzy|Spikes|p1a: Rook\n|-sidestart|p1: ColdSobaNoodle|Spikes\n|move|p1a: Rook|Body Press|p2a: glizzy\n|-resisted|p2a: glizzy\n|-damage|p2a: glizzy|92\/100 tox\n|\n|-heal|p2a: glizzy|100\/100 tox|[from] ability: Poison Heal\n|upkeep\n|turn|44\n|\n|t:|1699928484\n|move|p2a: glizzy|Spikes|p1a: Rook\n|-sidestart|p1: ColdSobaNoodle|Spikes\n|move|p1a: Rook|Defog|p2a: glizzy\n|-unboost|p2a: glizzy|evasion|1\n|-sideend|p1: ColdSobaNoodle|Spikes|[from] move: Defog|[of] p1a: Rook\n|\n|upkeep\n|turn|45\n|\n|t:|1699928490\n|switch|p1a: \u767d\u6fa4|Absol-Mega, M|56\/100\n|move|p2a: glizzy|U-turn|p1a: \u767d\u6fa4\n|-supereffective|p1a: \u767d\u6fa4\n|-damage|p1a: \u767d\u6fa4|0 fnt\n|faint|p1a: \u767d\u6fa4\n|\n|upkeep\n|\n|t:|1699928496\n|switch|p1a: Minecraft|Torterra, M, tera:Fairy|80\/100\n|turn|46\n|j| Smackey_5\n|\n|t:|1699928502\n|move|p2a: glizzy|Earthquake|p1a: Minecraft\n|-damage|p1a: Minecraft|50\/100\n|move|p1a: Minecraft|Worry Seed|p2a: glizzy\n|-endability|p2a: glizzy|Poison Heal|[from] move: Worry Seed\n|-ability|p2a: glizzy|Insomnia|[from] move: Worry Seed\n|\n|-damage|p2a: glizzy|51\/100 tox|[from] psn\n|upkeep\n|turn|47\n|c| Lunar Sloth|holy\n|c| VoIteon|Loo\n|c|\u2606DinsFire01|DAMN\n|c|\u2606ColdSobaNoodle|HOLY CRAP\n|\n|t:|1699928521\n|move|p2a: glizzy|Roost|p2a: glizzy\n|-heal|p2a: glizzy|100\/100 tox\n|-singleturn|p2a: glizzy|move: Roost\n|move|p1a: Minecraft|Bullet Seed|p2a: glizzy\n|-supereffective|p2a: glizzy\n|-damage|p2a: glizzy|85\/100 tox\n|-supereffective|p2a: glizzy\n|-damage|p2a: glizzy|71\/100 tox\n|-supereffective|p2a: glizzy\n|-damage|p2a: glizzy|55\/100 tox\n|-supereffective|p2a: glizzy\n|-damage|p2a: glizzy|40\/100 tox\n|-hitcount|p2a: glizzy|4\n|\n|-damage|p2a: glizzy|0 fnt|[from] psn\n|faint|p2a: glizzy\n|\n|win|ColdSobaNoodle\n|upkeep\n|c|\u2606ColdSobaNoodle|WAIT THE TOXIC STILL\n|c| MiniBearGrahams|its over !!!!!!!!!!!!!!!!!!!!!!!!!!!!!!!!!!!!!!!!!!!!!!!!!!!!!!!!!!!!!!!!!!\n|c|\u2606ColdSobaNoodle|IT STILL TICKS WHILE POISON HEAL IS ACTIVE?\n|c| Lunar Sloth|yes\n|c|\u2606DinsFire01|mhm\n|c| Lunar Sloth|i thought that was ur plan\n","uploadtime":1699928545,"views":9,"p1id":"coldsobanoodle","p2id":"dinsfire01","formatid":"gen9nationaldexubers","rating":0,"private":0,"password":""}