{"id":"gen9nationaldexubers-1989661862","p1":"Hayer","p2":"Szymszym134","format":"[Gen 9] National Dex Ubers","log":"|j|\u2606Hayer\n|j|\u2606Szymszym134\n|t:|1699884428\n|gametype|singles\n|player|p1|Hayer|102|1499\n|player|p2|Szymszym134|elesa|1677\n|teamsize|p1|6\n|teamsize|p2|6\n|gen|9\n|tier|[Gen 9] National Dex Ubers\n|rated|\n|rule|HP Percentage Mod: HP is shown in percentages\n|rule|Endless Battle Clause: Forcing endless battles is banned\n|rule|OHKO Clause: OHKO moves are banned\n|rule|Evasion Moves Clause: Evasion moves are banned\n|rule|Evasion Items Clause: Evasion items are banned\n|rule|Species Clause: Limit one of each Pok\u00e9mon\n|rule|Sleep Clause Mod: Limit one foe put to sleep\n|rule|Mega Rayquaza Clause: You cannot mega evolve Rayquaza\n|clearpoke\n|poke|p1|Arceus-Ground|\n|poke|p1|Kingambit, F|\n|poke|p1|Ho-Oh|\n|poke|p1|Groudon|\n|poke|p1|Zacian-*|\n|poke|p1|Xerneas-*|\n|poke|p2|Zygarde|\n|poke|p2|Arceus-Dark|\n|poke|p2|Urshifu-*, M|\n|poke|p2|Ditto|\n|poke|p2|Chansey, F|\n|poke|p2|Garganacl, M|\n|teampreview\n|inactive|Battle timer is ON: inactive players will automatically lose when time's up. (requested by Szymszym134)\n|c|\u2606Szymszym134|Elo\n|\n|t:|1699884457\n|start\n|switch|p1a: Zacian|Zacian-Crowned|100\/100\n|switch|p2a: Urshifu|Urshifu, M|100\/100\n|-ability|p1a: Zacian|Intrepid Sword|boost\n|-boost|p1a: Zacian|atk|1\n|turn|1\n|inactive|Szymszym134 has 120 seconds left.\n|\n|t:|1699884492\n|move|p1a: Zacian|Close Combat|p2a: Urshifu\n|-supereffective|p2a: Urshifu\n|-damage|p2a: Urshifu|0 fnt\n|-unboost|p1a: Zacian|def|1\n|-unboost|p1a: Zacian|spd|1\n|faint|p2a: Urshifu\n|\n|upkeep\n|\n|t:|1699884496\n|switch|p2a: Ditto|Ditto|100\/100\n|-transform|p2a: Ditto|p1a: Zacian|[from] ability: Imposter\n|-ability|p2a: Ditto|Intrepid Sword|boost\n|-boost|p2a: Ditto|atk|1\n|turn|2\n|\n|t:|1699884506\n|switch|p1a: Ho-Oh|Ho-Oh|100\/100\n|move|p2a: Ditto|Behemoth Blade|p1a: Ho-Oh\n|-resisted|p1a: Ho-Oh\n|-damage|p1a: Ho-Oh|60\/100\n|\n|upkeep\n|turn|3\n|\n|t:|1699884513\n|switch|p2a: Garganacl|Garganacl, M|100\/100\n|move|p1a: Ho-Oh|Sacred Fire|p2a: Garganacl\n|-resisted|p2a: Garganacl\n|-damage|p2a: Garganacl|90\/100\n|\n|-heal|p2a: Garganacl|96\/100|[from] item: Leftovers\n|upkeep\n|turn|4\n|\n|t:|1699884520\n|switch|p1a: Arceus|Arceus-Ground|100\/100\n|move|p2a: Garganacl|Salt Cure|p1a: Arceus\n|-resisted|p1a: Arceus\n|-damage|p1a: Arceus|97\/100\n|-start|p1a: Arceus|Salt Cure\n|\n|-heal|p2a: Garganacl|100\/100|[from] item: Leftovers\n|-damage|p1a: Arceus|84\/100|[from] Salt Cure\n|upkeep\n|turn|5\n|\n|t:|1699884524\n|switch|p2a: Zygarde|Zygarde|100\/100\n|move|p1a: Arceus|Calm Mind|p1a: Arceus\n|-boost|p1a: Arceus|spa|1\n|-boost|p1a: Arceus|spd|1\n|\n|-damage|p1a: Arceus|72\/100|[from] Salt Cure\n|upkeep\n|turn|6\n|\n|t:|1699884530\n|-terastallize|p2a: Zygarde|Fairy\n|move|p1a: Arceus|Ice Beam|p2a: Zygarde\n|-damage|p2a: Zygarde|67\/100\n|move|p2a: Zygarde|Dragon Tail|p1a: Arceus\n|-damage|p1a: Arceus|61\/100\n|drag|p1a: Kingambit|Kingambit, F|100\/100\n|\n|-heal|p2a: Zygarde|74\/100|[from] item: Leftovers\n|upkeep\n|turn|7\n|\n|t:|1699884537\n|move|p2a: Zygarde|Coil|p2a: Zygarde\n|-boost|p2a: Zygarde|atk|1\n|-boost|p2a: Zygarde|def|1\n|-boost|p2a: Zygarde|accuracy|1\n|move|p1a: Kingambit|Swords Dance|p1a: Kingambit\n|-boost|p1a: Kingambit|atk|2\n|\n|-heal|p2a: Zygarde|80\/100|[from] item: Leftovers\n|upkeep\n|turn|8\n|\n|t:|1699884540\n|move|p2a: Zygarde|Thousand Arrows|p1a: Kingambit\n|-supereffective|p1a: Kingambit\n|-damage|p1a: Kingambit|29\/100\n|move|p1a: Kingambit|Iron Head|p2a: Zygarde\n|-supereffective|p2a: Zygarde\n|-damage|p2a: Zygarde|16\/100\n|\n|-heal|p2a: Zygarde|23\/100|[from] item: Leftovers\n|-heal|p1a: Kingambit|35\/100|[from] item: Leftovers\n|-activate|p2a: Zygarde|ability: Power Construct\n|detailschange|p2a: Zygarde|Zygarde-Complete, tera:Fairy\n|-heal|p2a: Zygarde|49\/100|[silent]\n|upkeep\n|turn|9\n|c|\u2606Hayer|Elo xd\n|inactive|Hayer has 120 seconds left.\n|\n|t:|1699884581\n|-end|p1a: Kingambit|fallenundefined|[silent]\n|switch|p1a: Arceus|Arceus-Ground|61\/100\n|move|p2a: Zygarde|Thousand Arrows|p1a: Arceus\n|-damage|p1a: Arceus|36\/100\n|\n|-heal|p2a: Zygarde|55\/100|[from] item: Leftovers\n|upkeep\n|turn|10\n|\n|t:|1699884587\n|move|p1a: Arceus|Recover|p1a: Arceus\n|-heal|p1a: Arceus|86\/100\n|move|p2a: Zygarde|Dragon Tail|p1a: Arceus\n|-damage|p1a: Arceus|70\/100\n|drag|p1a: Groudon|Groudon|100\/100\n|detailschange|p1a: Groudon|Groudon-Primal\n|-primal|p1a: Groudon|Red Orb\n|-weather|DesolateLand|[from] ability: Desolate Land|[of] p1a: Groudon\n|\n|-weather|DesolateLand|[upkeep]\n|-heal|p2a: Zygarde|61\/100|[from] item: Leftovers\n|upkeep\n|turn|11\n|inactive|Hayer has 120 seconds left.\n|\n|t:|1699884594\n|move|p2a: Zygarde|Coil|p2a: Zygarde\n|-boost|p2a: Zygarde|atk|1\n|-boost|p2a: Zygarde|def|1\n|-boost|p2a: Zygarde|accuracy|1\n|move|p1a: Groudon|Toxic|p2a: Zygarde\n|-status|p2a: Zygarde|tox\n|\n|-weather|DesolateLand|[upkeep]\n|-heal|p2a: Zygarde|67\/100 tox|[from] item: Leftovers\n|-damage|p2a: Zygarde|61\/100 tox|[from] psn\n|upkeep\n|turn|12\n|\n|t:|1699884598\n|-weather|none\n|switch|p1a: Arceus|Arceus-Ground|70\/100\n|move|p2a: Zygarde|Thousand Arrows|p1a: Arceus\n|-damage|p1a: Arceus|39\/100\n|\n|-heal|p2a: Zygarde|67\/100 tox|[from] item: Leftovers\n|-damage|p2a: Zygarde|55\/100 tox|[from] psn\n|upkeep\n|turn|13\n|\n|t:|1699884608\n|move|p1a: Arceus|Recover|p1a: Arceus\n|-heal|p1a: Arceus|89\/100\n|move|p2a: Zygarde|Dragon Tail|p1a: Arceus\n|-damage|p1a: Arceus|70\/100\n|drag|p1a: Zacian|Zacian-Crowned|100\/100\n|\n|-heal|p2a: Zygarde|61\/100 tox|[from] item: Leftovers\n|-damage|p2a: Zygarde|43\/100 tox|[from] psn\n|upkeep\n|turn|14\n|\n|t:|1699884615\n|switch|p1a: Arceus|Arceus-Ground|70\/100\n|move|p2a: Zygarde|Rest|p2a: Zygarde\n|-status|p2a: Zygarde|slp|[from] move: Rest\n|-heal|p2a: Zygarde|100\/100 slp|[silent]\n|\n|upkeep\n|turn|15\n|\n|t:|1699884619\n|move|p1a: Arceus|Calm Mind|p1a: Arceus\n|-boost|p1a: Arceus|spa|1\n|-boost|p1a: Arceus|spd|1\n|cant|p2a: Zygarde|slp\n|\n|upkeep\n|turn|16\n|\n|t:|1699884622\n|move|p1a: Arceus|Judgment|p2a: Zygarde\n|-damage|p2a: Zygarde|60\/100 slp\n|cant|p2a: Zygarde|slp\n|\n|-heal|p2a: Zygarde|67\/100 slp|[from] item: Leftovers\n|upkeep\n|turn|17\n|\n|t:|1699884627\n|move|p1a: Arceus|Judgment|p2a: Zygarde\n|-damage|p2a: Zygarde|28\/100 slp\n|-curestatus|p2a: Zygarde|slp|[msg]\n|move|p2a: Zygarde|Dragon Tail|p1a: Arceus\n|-damage|p1a: Arceus|48\/100\n|drag|p1a: Ho-Oh|Ho-Oh|93\/100\n|\n|-heal|p2a: Zygarde|34\/100|[from] item: Leftovers\n|upkeep\n|turn|18\n|\n|t:|1699884638\n|move|p1a: Ho-Oh|Whirlwind|p2a: Zygarde\n|drag|p2a: Chansey|Chansey, F|100\/100\n|\n|upkeep\n|turn|19\n|\n|t:|1699884645\n|switch|p1a: Zacian|Zacian-Crowned|100\/100\n|switch|p2a: Garganacl|Garganacl, M|100\/100\n|\n|upkeep\n|turn|20\n|\n|t:|1699884649\n|move|p1a: Zacian|Behemoth Blade|p2a: Garganacl\n|-supereffective|p2a: Garganacl\n|-damage|p2a: Garganacl|37\/100\n|move|p2a: Garganacl|Salt Cure|p1a: Zacian\n|-resisted|p1a: Zacian\n|-damage|p1a: Zacian|95\/100\n|-start|p1a: Zacian|Salt Cure\n|\n|-heal|p2a: Garganacl|43\/100|[from] item: Leftovers\n|-damage|p1a: Zacian|70\/100|[from] Salt Cure\n|upkeep\n|turn|21\n|\n|t:|1699884661\n|switch|p1a: Xerneas|Xerneas|100\/100\n|-ability|p1a: Xerneas|Fairy Aura\n|move|p2a: Garganacl|Protect||[still]\n|-fail|p2a: Garganacl\n|\n|-heal|p2a: Garganacl|49\/100|[from] item: Leftovers\n|upkeep\n|turn|22\n|\n|t:|1699884667\n|switch|p2a: Chansey|Chansey, F|100\/100\n|move|p1a: Xerneas|Substitute|p1a: Xerneas\n|-start|p1a: Xerneas|Substitute\n|-damage|p1a: Xerneas|76\/100\n|\n|upkeep\n|turn|23\n|\n|t:|1699884670\n|move|p1a: Xerneas|Moonblast|p2a: Chansey\n|-damage|p2a: Chansey|86\/100\n|move|p2a: Chansey|Confide|p1a: Xerneas\n|-unboost|p1a: Xerneas|spa|1\n|\n|upkeep\n|turn|24\n|\n|t:|1699884675\n|switch|p1a: Zacian|Zacian-Crowned|70\/100\n|move|p2a: Chansey|Confide|p1a: Zacian\n|-unboost|p1a: Zacian|spa|1\n|\n|upkeep\n|turn|25\n|\n|t:|1699884680\n|switch|p2a: Arceus|Arceus-Dark|100\/100\n|move|p1a: Zacian|Close Combat|p2a: Arceus\n|-supereffective|p2a: Arceus\n|-damage|p2a: Arceus|42\/100\n|-unboost|p1a: Zacian|def|1\n|-unboost|p1a: Zacian|spd|1\n|\n|upkeep\n|turn|26\n|\n|t:|1699884695\n|switch|p2a: Zygarde|Zygarde-Complete, tera:Fairy|34\/100\n|move|p1a: Zacian|Close Combat|p2a: Zygarde\n|-resisted|p2a: Zygarde\n|-damage|p2a: Zygarde|26\/100\n|-unboost|p1a: Zacian|def|1\n|-unboost|p1a: Zacian|spd|1\n|\n|-heal|p2a: Zygarde|32\/100|[from] item: Leftovers\n|upkeep\n|turn|27\n|\n|t:|1699884701\n|move|p1a: Zacian|Behemoth Blade|p2a: Zygarde\n|-supereffective|p2a: Zygarde\n|-damage|p2a: Zygarde|0 fnt\n|faint|p2a: Zygarde\n|\n|upkeep\n|\n|t:|1699884704\n|switch|p2a: Ditto|Ditto|100\/100\n|-transform|p2a: Ditto|p1a: Zacian|[from] ability: Imposter\n|turn|28\n|\n|t:|1699884709\n|switch|p1a: Ho-Oh|Ho-Oh|100\/100\n|move|p2a: Ditto|Close Combat|p1a: Ho-Oh\n|-resisted|p1a: Ho-Oh\n|-damage|p1a: Ho-Oh|84\/100\n|-unboost|p2a: Ditto|def|1\n|-unboost|p2a: Ditto|spd|1\n|\n|upkeep\n|turn|29\n|\n|t:|1699884714\n|switch|p2a: Garganacl|Garganacl, M|49\/100\n|move|p1a: Ho-Oh|Sacred Fire|p2a: Garganacl\n|-resisted|p2a: Garganacl\n|-damage|p2a: Garganacl|39\/100\n|\n|-heal|p2a: Garganacl|45\/100|[from] item: Leftovers\n|upkeep\n|turn|30\n|\n|t:|1699884718\n|switch|p1a: Xerneas|Xerneas|76\/100\n|-ability|p1a: Xerneas|Fairy Aura\n|move|p2a: Garganacl|Salt Cure|p1a: Xerneas\n|-damage|p1a: Xerneas|63\/100\n|-start|p1a: Xerneas|Salt Cure\n|\n|-heal|p2a: Garganacl|51\/100|[from] item: Leftovers\n|-damage|p1a: Xerneas|51\/100|[from] Salt Cure\n|upkeep\n|turn|31\n|\n|t:|1699884728\n|switch|p2a: Chansey|Chansey, F|86\/100\n|move|p1a: Xerneas|Moonblast|p2a: Chansey\n|-damage|p2a: Chansey|72\/100\n|-unboost|p2a: Chansey|spa|1\n|\n|-damage|p1a: Xerneas|38\/100|[from] Salt Cure\n|upkeep\n|turn|32\n|\n|t:|1699884734\n|switch|p1a: Zacian|Zacian-Crowned|70\/100\n|move|p2a: Chansey|Seismic Toss|p1a: Zacian\n|-damage|p1a: Zacian|39\/100\n|\n|upkeep\n|turn|33\n|j| usamo 2021\n|\n|t:|1699884739\n|switch|p2a: Arceus|Arceus-Dark|42\/100\n|move|p1a: Zacian|Close Combat|p2a: Arceus\n|-supereffective|p2a: Arceus\n|-damage|p2a: Arceus|0 fnt\n|-unboost|p1a: Zacian|def|1\n|-unboost|p1a: Zacian|spd|1\n|faint|p2a: Arceus\n|\n|upkeep\n|\n|t:|1699884741\n|switch|p2a: Ditto|Ditto|100\/100\n|-transform|p2a: Ditto|p1a: Zacian|[from] ability: Imposter\n|turn|34\n|\n|t:|1699884744\n|switch|p1a: Groudon|Groudon-Primal|100\/100\n|-weather|DesolateLand|[from] ability: Desolate Land|[of] p1a: Groudon\n|move|p2a: Ditto|Wild Charge|p1a: Groudon\n|-immune|p1a: Groudon\n|\n|-weather|DesolateLand|[upkeep]\n|upkeep\n|turn|35\n|\n|t:|1699884750\n|switch|p2a: Garganacl|Garganacl, M|51\/100\n|move|p1a: Groudon|Precipice Blades|p2a: Garganacl\n|-supereffective|p2a: Garganacl\n|-damage|p2a: Garganacl|0 fnt\n|faint|p2a: Garganacl\n|\n|-weather|DesolateLand|[upkeep]\n|upkeep\n|\n|t:|1699884752\n|switch|p2a: Ditto|Ditto|100\/100\n|-transform|p2a: Ditto|p1a: Groudon|[from] ability: Imposter\n|turn|36\n|inactive|Hayer has 120 seconds left.\n|\n|t:|1699884791\n|move|p2a: Ditto|Stone Edge|p1a: Groudon\n|-damage|p1a: Groudon|83\/100\n|move|p1a: Groudon|Stealth Rock|p2a: Ditto\n|-sidestart|p2: Szymszym134|move: Stealth Rock\n|\n|-weather|DesolateLand|[upkeep]\n|upkeep\n|turn|37\n|inactive|Hayer has 120 seconds left.\n|c|\u2606Szymszym134|GG\n|-message|Szymszym134 forfeited.\n|\n|win|Hayer\n|raw|Hayer's rating: 1499 &rarr; <strong>1528<\/strong><br \/>(+29 for winning)\n|raw|Szymszym134's rating: 1677 &rarr; <strong>1648<\/strong><br \/>(-29 for losing)\n|l|\u2606Szymszym134\n|c|\u2606Hayer|gg\n","uploadtime":1699884818,"views":19,"p1id":"hayer","p2id":"szymszym134","formatid":"gen9nationaldexubers","rating":1528,"private":0,"password":""}