{"id":"gen9nationaldexubers-1990506838","p1":"HYDRO-MODE\ufe0f\ufe0f\ufe0f\u267e\ufe0f","p2":"VERMELINHO","format":"[Gen 9] National Dex Ubers","log":"|j|\u2606HYDRO-MODE\ufe0f\ufe0f\ufe0f\u267e\ufe0f\n|j|\u2606VERMELINHO\n|t:|1699977099\n|gametype|singles\n|player|p1|HYDRO-MODE\ufe0f\ufe0f\ufe0f\u267e\ufe0f|nessa|1087\n|player|p2|VERMELINHO|red|1000\n|teamsize|p1|6\n|teamsize|p2|6\n|gen|9\n|tier|[Gen 9] National Dex Ubers\n|rated|\n|rule|HP Percentage Mod: HP is shown in percentages\n|rule|Endless Battle Clause: Forcing endless battles is banned\n|rule|OHKO Clause: OHKO moves are banned\n|rule|Evasion Moves Clause: Evasion moves are banned\n|rule|Evasion Items Clause: Evasion items are banned\n|rule|Species Clause: Limit one of each Pok\u00e9mon\n|rule|Sleep Clause Mod: Limit one foe put to sleep\n|rule|Mega Rayquaza Clause: You cannot mega evolve Rayquaza\n|clearpoke\n|poke|p1|Gyarados, M|\n|poke|p1|Silvally-*|\n|poke|p1|Octillery, F|\n|poke|p1|Golduck, M|\n|poke|p1|Gorebyss, F|\n|poke|p1|Lumineon, F|\n|poke|p2|Charizard, M|\n|poke|p2|Pikachu, F|\n|poke|p2|Blastoise, M|\n|poke|p2|Venusaur, M|\n|poke|p2|Pidgeot, M|\n|poke|p2|Mewtwo|\n|teampreview\n|\n|t:|1699977119\n|start\n|switch|p1a: \ud83d\udca7LUMINEON\ud83d\udca7\ud83c\udf27|Lumineon, F|100\/100\n|switch|p2a: Pikachu|Pikachu, F, shiny|100\/100\n|turn|1\n|\n|t:|1699977126\n|move|p1a: \ud83d\udca7LUMINEON\ud83d\udca7\ud83c\udf27|Rain Dance|p1a: \ud83d\udca7LUMINEON\ud83d\udca7\ud83c\udf27\n|-weather|RainDance\n|-zpower|p2a: Pikachu\n|move|p2a: Pikachu|Catastropika|p1a: \ud83d\udca7LUMINEON\ud83d\udca7\ud83c\udf27|[zeffect]\n|-supereffective|p1a: \ud83d\udca7LUMINEON\ud83d\udca7\ud83c\udf27\n|-damage|p1a: \ud83d\udca7LUMINEON\ud83d\udca7\ud83c\udf27|0 fnt\n|faint|p1a: \ud83d\udca7LUMINEON\ud83d\udca7\ud83c\udf27\n|\n|-weather|RainDance|[upkeep]\n|upkeep\n|\n|t:|1699977141\n|switch|p1a: \ud83d\udca7SILVALLY-HYDRO\ud83d\udca7|Silvally-Water|100\/100\n|turn|2\n|\n|t:|1699977147\n|move|p1a: \ud83d\udca7SILVALLY-HYDRO\ud83d\udca7|Surf|p2a: Pikachu\n|-damage|p2a: Pikachu|0 fnt\n|faint|p2a: Pikachu\n|\n|-weather|RainDance|[upkeep]\n|upkeep\n|\n|t:|1699977152\n|switch|p2a: Venusaur|Venusaur, M, shiny|100\/100\n|turn|3\n|\n|t:|1699977156\n|move|p1a: \ud83d\udca7SILVALLY-HYDRO\ud83d\udca7|Swords Dance|p1a: \ud83d\udca7SILVALLY-HYDRO\ud83d\udca7\n|-boost|p1a: \ud83d\udca7SILVALLY-HYDRO\ud83d\udca7|atk|2\n|move|p2a: Venusaur|Solar Beam||[still]\n|-prepare|p2a: Venusaur|Solar Beam\n|\n|-weather|RainDance|[upkeep]\n|upkeep\n|turn|4\n|\n|t:|1699977164\n|-terastallize|p1a: \ud83d\udca7SILVALLY-HYDRO\ud83d\udca7|Water\n|move|p1a: \ud83d\udca7SILVALLY-HYDRO\ud83d\udca7|Multi-Attack|p2a: Venusaur\n|-resisted|p2a: Venusaur\n|-damage|p2a: Venusaur|0 fnt\n|faint|p2a: Venusaur\n|\n|-weather|RainDance|[upkeep]\n|upkeep\n|\n|t:|1699977172\n|switch|p2a: Mewtwo|Mewtwo, shiny|100\/100\n|-ability|p2a: Mewtwo|Pressure\n|turn|5\n|\n|t:|1699977179\n|detailschange|p2a: Mewtwo|Mewtwo-Mega-X, shiny\n|-mega|p2a: Mewtwo|Mewtwo|Mewtwonite X\n|move|p2a: Mewtwo|Earthquake|p1a: \ud83d\udca7SILVALLY-HYDRO\ud83d\udca7\n|-damage|p1a: \ud83d\udca7SILVALLY-HYDRO\ud83d\udca7|48\/100\n|move|p1a: \ud83d\udca7SILVALLY-HYDRO\ud83d\udca7|Multi-Attack|p2a: Mewtwo\n|-damage|p2a: Mewtwo|0 fnt\n|faint|p2a: Mewtwo\n|\n|-weather|RainDance|[upkeep]\n|upkeep\n|-message|VERMELINHO forfeited.\n|\n|win|HYDRO-MODE\ufe0f\ufe0f\ufe0f\u267e\ufe0f\n|raw|HYDRO-MODE\ufe0f\ufe0f\ufe0f\u267e\ufe0f's rating: 1087 &rarr; <strong>1107<\/strong><br \/>(+20 for winning)\n|raw|VERMELINHO's rating: 1000 &rarr; <strong>1000<\/strong><br \/>(+0 for losing)\n|l|\u2606VERMELINHO\n","uploadtime":1699977199,"views":6,"p1id":"hydromode","p2id":"vermelinho","formatid":"gen9nationaldexubers","rating":1000,"private":0,"password":""}