{"id":"gen9nationaldexubers-1985187644","p1":"Krittapas","p2":"Muffin90909","format":"[Gen 9] National Dex Ubers","log":"|j|\u2606Krittapas\n|j|\u2606Muffin90909\n|t:|1699345476\n|gametype|singles\n|player|p1|Krittapas|steven|1513\n|player|p2|Muffin90909|265|1638\n|teamsize|p1|6\n|teamsize|p2|6\n|gen|9\n|tier|[Gen 9] National Dex Ubers\n|rated|\n|rule|HP Percentage Mod: HP is shown in percentages\n|rule|Endless Battle Clause: Forcing endless battles is banned\n|rule|OHKO Clause: OHKO moves are banned\n|rule|Evasion Moves Clause: Evasion moves are banned\n|rule|Evasion Items Clause: Evasion items are banned\n|rule|Species Clause: Limit one of each Pok\u00e9mon\n|rule|Sleep Clause Mod: Limit one foe put to sleep\n|rule|Mega Rayquaza Clause: You cannot mega evolve Rayquaza\n|clearpoke\n|poke|p1|Kyogre|\n|poke|p1|Landorus, M|\n|poke|p1|Zacian-*|\n|poke|p1|Yveltal|\n|poke|p1|Shaymin-Sky|\n|poke|p1|Zoroark-Hisui, F|\n|poke|p2|Ho-Oh|\n|poke|p2|Ditto|\n|poke|p2|Groudon|\n|poke|p2|Salamence, F|\n|poke|p2|Kyogre|\n|poke|p2|Slurpuff, M|\n|teampreview\n|\n|t:|1699345490\n|start\n|switch|p1a: Yveltal|Yveltal, shiny|100\/100\n|switch|p2a: Slurpuff|Slurpuff, M|100\/100\n|-ability|p1a: Yveltal|Dark Aura\n|turn|1\n|\n|t:|1699345500\n|move|p1a: Yveltal|Dual Wingbeat|p2a: Slurpuff\n|-damage|p2a: Slurpuff|62\/100\n|-damage|p2a: Slurpuff|21\/100\n|-hitcount|p2a: Slurpuff|2\n|move|p2a: Slurpuff|Sticky Web|p1a: Yveltal\n|-sidestart|p1: Krittapas|move: Sticky Web\n|\n|upkeep\n|turn|2\n|\n|t:|1699345512\n|switch|p2a: Salamence|Salamence, F|100\/100\n|-ability|p2a: Salamence|Intimidate|boost\n|-unboost|p1a: Yveltal|atk|1\n|move|p1a: Yveltal|Dual Wingbeat|p2a: Salamence\n|-damage|p2a: Salamence|83\/100\n|-damage|p2a: Salamence|67\/100\n|-hitcount|p2a: Salamence|2\n|\n|upkeep\n|turn|3\n|\n|t:|1699345517\n|switch|p1a: Landorus|Landorus, M|100\/100\n|detailschange|p2a: Salamence|Salamence-Mega, F\n|-mega|p2a: Salamence|Salamence|Salamencite\n|move|p2a: Salamence|Dragon Dance|p2a: Salamence\n|-boost|p2a: Salamence|atk|1\n|-boost|p2a: Salamence|spe|1\n|\n|upkeep\n|turn|4\n|\n|t:|1699345520\n|move|p2a: Salamence|Double-Edge|p1a: Landorus\n|-damage|p1a: Landorus|0 fnt\n|faint|p1a: Landorus\n|-damage|p2a: Salamence|35\/100|[from] Recoil\n|\n|upkeep\n|\n|t:|1699345529\n|switch|p1a: Yveltal|Yveltal, shiny|100\/100\n|-ability|p1a: Yveltal|Dark Aura\n|turn|5\n|\n|t:|1699345534\n|move|p1a: Yveltal|Sucker Punch||[still]\n|-fail|p1a: Yveltal\n|move|p2a: Salamence|Roost|p2a: Salamence\n|-heal|p2a: Salamence|85\/100\n|-singleturn|p2a: Salamence|move: Roost\n|\n|upkeep\n|turn|6\n|\n|t:|1699345537\n|move|p1a: Yveltal|Sucker Punch|p2a: Salamence\n|-damage|p2a: Salamence|43\/100\n|move|p2a: Salamence|Double-Edge|p1a: Yveltal\n|-damage|p1a: Yveltal|0 fnt\n|faint|p1a: Yveltal\n|-damage|p2a: Salamence|4\/100|[from] Recoil\n|\n|upkeep\n|\n|t:|1699345540\n|switch|p1a: Zacian|Zacian-Crowned, shiny|100\/100\n|-activate|p1a: Zacian|move: Sticky Web\n|-unboost|p1a: Zacian|spe|1\n|-ability|p1a: Zacian|Intrepid Sword|boost\n|-boost|p1a: Zacian|atk|1\n|turn|7\n|\n|t:|1699345544\n|move|p1a: Zacian|Quick Attack|p2a: Salamence\n|-damage|p2a: Salamence|0 fnt\n|faint|p2a: Salamence\n|\n|upkeep\n|\n|t:|1699345555\n|switch|p2a: Ditto|Ditto|100\/100\n|-transform|p2a: Ditto|p1a: Zacian|[from] ability: Imposter\n|-ability|p2a: Ditto|Intrepid Sword|boost\n|-boost|p2a: Ditto|atk|1\n|turn|8\n|\n|t:|1699345564\n|move|p1a: Zacian|Quick Attack|p2a: Ditto\n|-resisted|p2a: Ditto\n|-damage|p2a: Ditto|89\/100\n|move|p2a: Ditto|Behemoth Blade|p1a: Zacian\n|-damage|p1a: Zacian|0 fnt\n|faint|p1a: Zacian\n|\n|upkeep\n|\n|t:|1699345571\n|switch|p1a: Kyogre|Kyogre, shiny|100\/100\n|-activate|p1a: Kyogre|move: Sticky Web\n|-unboost|p1a: Kyogre|spe|1\n|detailschange|p1a: Kyogre|Kyogre-Primal, shiny\n|-primal|p1a: Kyogre|Blue Orb\n|-weather|PrimordialSea|[from] ability: Primordial Sea|[of] p1a: Kyogre\n|turn|9\n|\n|t:|1699345575\n|move|p2a: Ditto|Behemoth Blade|p1a: Kyogre\n|-resisted|p1a: Kyogre\n|-damage|p1a: Kyogre|39\/100\n|move|p1a: Kyogre|Origin Pulse|p2a: Ditto|[miss]\n|-miss|p1a: Kyogre|p2a: Ditto\n|\n|-weather|PrimordialSea|[upkeep]\n|upkeep\n|turn|10\n|\n|t:|1699345580\n|move|p2a: Ditto|Behemoth Blade|p1a: Kyogre\n|-resisted|p1a: Kyogre\n|-damage|p1a: Kyogre|0 fnt\n|faint|p1a: Kyogre\n|-weather|none\n|\n|upkeep\n|\n|t:|1699345582\n|switch|p1a: Shaymin|Shaymin-Sky, shiny|100\/100\n|-activate|p1a: Shaymin|move: Sticky Web\n|-unboost|p1a: Shaymin|spe|1\n|turn|11\n|\n|t:|1699345586\n|move|p2a: Ditto|Behemoth Blade|p1a: Shaymin\n|-crit|p1a: Shaymin\n|-damage|p1a: Shaymin|0 fnt\n|replace|p1a: Zoroark|Zoroark-Hisui, F\n|-end|p1a: Zoroark|Illusion\n|faint|p1a: Zoroark\n|\n|upkeep\n|\n|t:|1699345587\n|switch|p1a: Shaymin|Shaymin-Sky, shiny|100\/100\n|turn|12\n|\n|t:|1699345590\n|move|p2a: Ditto|Behemoth Blade|p1a: Shaymin\n|-damage|p1a: Shaymin|0 fnt\n|faint|p1a: Shaymin\n|\n|win|Muffin90909\n|raw|Krittapas's rating: 1513 &rarr; <strong>1500<\/strong><br \/>(-13 for losing)\n|raw|Muffin90909's rating: 1638 &rarr; <strong>1651<\/strong><br \/>(+13 for winning)\n|l|\u2606Krittapas\n","uploadtime":1699345608,"views":9,"p1id":"krittapas","p2id":"muffin90909","formatid":"gen9nationaldexubers","rating":1500,"private":0,"password":""}