{"id":"gen9nationaldexubers-1991051118","p1":"markinos17","p2":"Mudseph03","format":"[Gen 9] National Dex Ubers","log":"|j|\u2606markinos17\n|j|\u2606Mudseph03\n|t:|1700034856\n|gametype|singles\n|player|p1|markinos17|cameraman|1164\n|player|p2|Mudseph03|red|1200\n|teamsize|p1|6\n|teamsize|p2|6\n|gen|9\n|tier|[Gen 9] National Dex Ubers\n|rated|\n|rule|HP Percentage Mod: HP is shown in percentages\n|rule|Endless Battle Clause: Forcing endless battles is banned\n|rule|OHKO Clause: OHKO moves are banned\n|rule|Evasion Moves Clause: Evasion moves are banned\n|rule|Evasion Items Clause: Evasion items are banned\n|rule|Species Clause: Limit one of each Pok\u00e9mon\n|rule|Sleep Clause Mod: Limit one foe put to sleep\n|rule|Mega Rayquaza Clause: You cannot mega evolve Rayquaza\n|clearpoke\n|poke|p1|Goodra-Hisui, F|\n|poke|p1|Rillaboom, M|\n|poke|p1|Gyarados, F|\n|poke|p1|Flutter Mane|\n|poke|p1|Volcarona, M|\n|poke|p1|Conkeldurr, M|\n|poke|p2|Dragapult, M|\n|poke|p2|Kartana|\n|poke|p2|Aegislash, M|\n|poke|p2|Quagsire, M|\n|poke|p2|Heatran, M|\n|poke|p2|Togekiss, M|\n|teampreview\n|\n|t:|1700034864\n|start\n|switch|p1a: Rillaboom|Rillaboom, M|100\/100\n|switch|p2a: Puyolsire|Quagsire, M|100\/100\n|-fieldstart|move: Grassy Terrain|[from] ability: Grassy Surge|[of] p1a: Rillaboom\n|turn|1\n|\n|t:|1700034883\n|switch|p2a: Togefeits|Togekiss, M|100\/100\n|move|p1a: Rillaboom|Wood Hammer|p2a: Togefeits\n|-resisted|p2a: Togefeits\n|-damage|p2a: Togefeits|54\/100\n|-damage|p1a: Rillaboom|88\/100|[from] Recoil\n|\n|-heal|p1a: Rillaboom|94\/100|[from] Grassy Terrain\n|upkeep\n|turn|2\n|\n|t:|1700034910\n|switch|p1a: Goodra|Goodra-Hisui, F|100\/100\n|move|p2a: Togefeits|Thunder Wave|p1a: Goodra\n|-status|p1a: Goodra|par\n|\n|upkeep\n|turn|3\n|\n|t:|1700034918\n|switch|p2a: Christran|Heatran, M|100\/100\n|move|p1a: Goodra|Heavy Slam|p2a: Christran\n|-resisted|p2a: Christran\n|-damage|p2a: Christran|98\/100\n|\n|-heal|p2a: Christran|100\/100|[from] Grassy Terrain\n|upkeep\n|turn|4\n|\n|t:|1700034946\n|move|p2a: Christran|Magma Storm|p1a: Goodra\n|-damage|p1a: Goodra|70\/100 par\n|-activate|p1a: Goodra|move: Magma Storm|[of] p2a: Christran\n|move|p1a: Goodra|Shelter|p1a: Goodra\n|-boost|p1a: Goodra|def|2\n|\n|-heal|p1a: Goodra|76\/100 par|[from] Grassy Terrain\n|-heal|p1a: Goodra|82\/100 par|[from] item: Leftovers\n|-damage|p1a: Goodra|70\/100 par|[from] move: Magma Storm|[partiallytrapped]\n|upkeep\n|turn|5\n|\n|t:|1700034961\n|move|p2a: Christran|Earth Power|p1a: Goodra\n|-supereffective|p1a: Goodra\n|-damage|p1a: Goodra|34\/100 par\n|move|p1a: Goodra|Body Press|p2a: Christran\n|-supereffective|p2a: Christran\n|-damage|p2a: Christran|17\/100\n|\n|-heal|p2a: Christran|23\/100|[from] Grassy Terrain\n|-heal|p1a: Goodra|40\/100 par|[from] Grassy Terrain\n|-heal|p1a: Goodra|46\/100 par|[from] item: Leftovers\n|-damage|p1a: Goodra|34\/100 par|[from] move: Magma Storm|[partiallytrapped]\n|-fieldend|move: Grassy Terrain\n|upkeep\n|turn|6\n|\n|t:|1700034975\n|move|p2a: Christran|Earth Power|p1a: Goodra\n|-supereffective|p1a: Goodra\n|-damage|p1a: Goodra|0 fnt\n|faint|p1a: Goodra\n|\n|upkeep\n|\n|t:|1700034983\n|switch|p1a: Conkeldurr|Conkeldurr, M|100\/100\n|turn|7\n|\n|t:|1700034987\n|move|p1a: Conkeldurr|Mach Punch|p2a: Christran\n|-supereffective|p2a: Christran\n|-damage|p2a: Christran|0 fnt\n|faint|p2a: Christran\n|\n|-status|p1a: Conkeldurr|brn|[from] item: Flame Orb\n|upkeep\n|\n|t:|1700034991\n|switch|p2a: Saiko no Hero|Aegislash, M|100\/100\n|turn|8\n|\n|t:|1700035001\n|move|p1a: Conkeldurr|Knock Off|p2a: Saiko no Hero\n|-supereffective|p2a: Saiko no Hero\n|-damage|p2a: Saiko no Hero|7\/100\n|-enditem|p2a: Saiko no Hero|Iron Ball|[from] move: Knock Off|[of] p1a: Conkeldurr\n|-formechange|p2a: Saiko no Hero|Aegislash-Blade||[from] ability: Stance Change\n|move|p2a: Saiko no Hero|Gyro Ball|p1a: Conkeldurr\n|-damage|p1a: Conkeldurr|86\/100 brn\n|\n|-damage|p1a: Conkeldurr|80\/100 brn|[from] brn\n|upkeep\n|turn|9\n|\n|t:|1700035012\n|-formechange|p2a: Saiko no Hero|Aegislash||[from] ability: Stance Change\n|move|p2a: Saiko no Hero|King's Shield|p2a: Saiko no Hero\n|-singleturn|p2a: Saiko no Hero|Protect\n|move|p1a: Conkeldurr|Knock Off|p2a: Saiko no Hero\n|-activate|p2a: Saiko no Hero|move: Protect\n|-unboost|p1a: Conkeldurr|atk|1\n|\n|-damage|p1a: Conkeldurr|74\/100 brn|[from] brn\n|upkeep\n|turn|10\n|\n|t:|1700035033\n|switch|p2a: Puyolsire|Quagsire, M|100\/100\n|move|p1a: Conkeldurr|Knock Off|p2a: Puyolsire\n|-damage|p2a: Puyolsire|57\/100\n|-enditem|p2a: Puyolsire|Leftovers|[from] move: Knock Off|[of] p1a: Conkeldurr\n|\n|-damage|p1a: Conkeldurr|68\/100 brn|[from] brn\n|upkeep\n|turn|11\n|\n|t:|1700035046\n|move|p1a: Conkeldurr|Ice Punch|p2a: Puyolsire\n|-damage|p2a: Puyolsire|28\/100\n|move|p2a: Puyolsire|Recover|p2a: Puyolsire\n|-heal|p2a: Puyolsire|78\/100\n|\n|-damage|p1a: Conkeldurr|62\/100 brn|[from] brn\n|upkeep\n|turn|12\n|\n|t:|1700035059\n|switch|p1a: Rillaboom|Rillaboom, M|94\/100\n|-fieldstart|move: Grassy Terrain|[from] ability: Grassy Surge|[of] p1a: Rillaboom\n|move|p2a: Puyolsire|Spikes|p1a: Rillaboom\n|-sidestart|p1: markinos17|Spikes\n|\n|-heal|p1a: Rillaboom|100\/100|[from] Grassy Terrain\n|-heal|p2a: Puyolsire|84\/100|[from] Grassy Terrain\n|upkeep\n|turn|13\n|\n|t:|1700035074\n|switch|p2a: Saiko no Hero|Aegislash, M|7\/100\n|move|p1a: Rillaboom|Wood Hammer|p2a: Saiko no Hero\n|-resisted|p2a: Saiko no Hero\n|-damage|p2a: Saiko no Hero|0 fnt\n|faint|p2a: Saiko no Hero\n|-damage|p1a: Rillaboom|99\/100|[from] Recoil\n|\n|-heal|p1a: Rillaboom|100\/100|[from] Grassy Terrain\n|upkeep\n|\n|t:|1700035082\n|switch|p2a: Togefeits|Togekiss, M|54\/100\n|turn|14\n|\n|t:|1700035095\n|move|p2a: Togefeits|Roost|p2a: Togefeits\n|-heal|p2a: Togefeits|100\/100\n|-singleturn|p2a: Togefeits|move: Roost\n|move|p1a: Rillaboom|Wood Hammer|p2a: Togefeits\n|-damage|p2a: Togefeits|6\/100\n|-damage|p1a: Rillaboom|75\/100|[from] Recoil\n|\n|-heal|p2a: Togefeits|12\/100|[from] Grassy Terrain\n|-heal|p1a: Rillaboom|81\/100|[from] Grassy Terrain\n|upkeep\n|turn|15\n|\n|t:|1700035112\n|move|p2a: Togefeits|Air Slash|p1a: Rillaboom\n|-supereffective|p1a: Rillaboom\n|-damage|p1a: Rillaboom|30\/100\n|move|p1a: Rillaboom|Wood Hammer|p2a: Togefeits\n|-resisted|p2a: Togefeits\n|-damage|p2a: Togefeits|0 fnt\n|faint|p2a: Togefeits\n|-damage|p1a: Rillaboom|27\/100|[from] Recoil\n|\n|-heal|p1a: Rillaboom|33\/100|[from] Grassy Terrain\n|upkeep\n|\n|t:|1700035117\n|switch|p2a: Godtana|Kartana|100\/100\n|turn|16\n|\n|t:|1700035128\n|move|p2a: Godtana|Smart Strike|p1a: Rillaboom\n|-damage|p1a: Rillaboom|0 fnt\n|faint|p1a: Rillaboom\n|-ability|p2a: Godtana|Beast Boost|boost\n|-boost|p2a: Godtana|atk|1\n|\n|-fieldend|move: Grassy Terrain\n|upkeep\n|\n|t:|1700035140\n|switch|p1a: Volcarona|Volcarona, M|100\/100\n|turn|17\n|\n|t:|1700035148\n|switch|p2a: Puyolsire|Quagsire, M|84\/100\n|move|p1a: Volcarona|Quiver Dance|p1a: Volcarona\n|-boost|p1a: Volcarona|spa|1\n|-boost|p1a: Volcarona|spd|1\n|-boost|p1a: Volcarona|spe|1\n|\n|upkeep\n|turn|18\n|\n|t:|1700035157\n|-terastallize|p2a: Puyolsire|Steel\n|move|p1a: Volcarona|Giga Drain|p2a: Puyolsire\n|-resisted|p2a: Puyolsire\n|-damage|p2a: Puyolsire|67\/100\n|move|p2a: Puyolsire|Toxic|p1a: Volcarona\n|-status|p1a: Volcarona|tox\n|\n|-damage|p1a: Volcarona|95\/100 tox|[from] psn\n|upkeep\n|turn|19\n|\n|t:|1700035186\n|switch|p2a: Draga-sama|Dragapult, M|100\/100\n|move|p1a: Volcarona|Fiery Dance|p2a: Draga-sama\n|-resisted|p2a: Draga-sama\n|-damage|p2a: Draga-sama|54\/100\n|\n|-damage|p1a: Volcarona|83\/100 tox|[from] psn\n|upkeep\n|turn|20\n|\n|t:|1700035212\n|switch|p2a: Puyolsire|Quagsire, M, tera:Steel|67\/100\n|move|p1a: Volcarona|Giga Drain|p2a: Puyolsire\n|-resisted|p2a: Puyolsire\n|-damage|p2a: Puyolsire|50\/100\n|-heal|p1a: Volcarona|93\/100 tox|[from] drain|[of] p2a: Puyolsire\n|\n|-damage|p1a: Volcarona|75\/100 tox|[from] psn\n|upkeep\n|turn|21\n|\n|t:|1700035222\n|move|p1a: Volcarona|Psychic|p2a: Puyolsire\n|-resisted|p2a: Puyolsire\n|-damage|p2a: Puyolsire|29\/100\n|move|p2a: Puyolsire|Recover|p2a: Puyolsire\n|-heal|p2a: Puyolsire|79\/100\n|\n|-damage|p1a: Volcarona|51\/100 tox|[from] psn\n|upkeep\n|turn|22\n|\n|t:|1700035246\n|move|p1a: Volcarona|Fiery Dance|p2a: Puyolsire\n|-supereffective|p2a: Puyolsire\n|-damage|p2a: Puyolsire|0 fnt\n|faint|p2a: Puyolsire\n|\n|-damage|p1a: Volcarona|21\/100 tox|[from] psn\n|upkeep\n|\n|t:|1700035255\n|switch|p2a: Draga-sama|Dragapult, M|54\/100\n|turn|23\n|\n|t:|1700035268\n|move|p1a: Volcarona|Giga Drain|p2a: Draga-sama\n|-resisted|p2a: Draga-sama\n|-damage|p2a: Draga-sama|26\/100\n|-heal|p1a: Volcarona|35\/100 tox|[from] drain|[of] p2a: Draga-sama\n|move|p2a: Draga-sama|Hex|p1a: Volcarona\n|-damage|p1a: Volcarona|0 fnt\n|faint|p1a: Volcarona\n|\n|upkeep\n|\n|t:|1700035280\n|switch|p1a: Flutter Mane|Flutter Mane|100\/100\n|-damage|p1a: Flutter Mane|88\/100|[from] Spikes\n|turn|24\n|\n|t:|1700035289\n|move|p2a: Draga-sama|Hex|p1a: Flutter Mane\n|-supereffective|p1a: Flutter Mane\n|-damage|p1a: Flutter Mane|25\/100\n|move|p1a: Flutter Mane|Shadow Ball|p2a: Draga-sama\n|-supereffective|p2a: Draga-sama\n|-damage|p2a: Draga-sama|0 fnt\n|faint|p2a: Draga-sama\n|\n|upkeep\n|\n|t:|1700035295\n|switch|p2a: Godtana|Kartana|100\/100\n|turn|25\n|\n|t:|1700035302\n|move|p2a: Godtana|Leaf Blade|p1a: Flutter Mane\n|-damage|p1a: Flutter Mane|0 fnt\n|faint|p1a: Flutter Mane\n|-end|p1a: Flutter Mane|Protosynthesis|[silent]\n|-ability|p2a: Godtana|Beast Boost|boost\n|-boost|p2a: Godtana|atk|1\n|\n|upkeep\n|\n|t:|1700035311\n|switch|p1a: Conkeldurr|Conkeldurr, M|62\/100 brn\n|-damage|p1a: Conkeldurr|50\/100 brn|[from] Spikes\n|turn|26\n|\n|t:|1700035318\n|move|p2a: Godtana|Leaf Blade|p1a: Conkeldurr\n|-damage|p1a: Conkeldurr|0 fnt\n|faint|p1a: Conkeldurr\n|-ability|p2a: Godtana|Beast Boost|boost\n|-boost|p2a: Godtana|atk|1\n|\n|upkeep\n|\n|t:|1700035326\n|switch|p1a: Gyarados|Gyarados, F, shiny|100\/100\n|-ability|p1a: Gyarados|Intimidate|boost\n|-unboost|p2a: Godtana|atk|1\n|turn|27\n|\n|t:|1700035335\n|move|p2a: Godtana|Leaf Blade|p1a: Gyarados\n|-damage|p1a: Gyarados|0 fnt\n|faint|p1a: Gyarados\n|\n|win|Mudseph03\n|raw|markinos17's rating: 1164 &rarr; <strong>1142<\/strong><br \/>(-22 for losing)\n|raw|Mudseph03's rating: 1200 &rarr; <strong>1222<\/strong><br \/>(+22 for winning)\n|c|\u2606Mudseph03|Gg\n|l|\u2606markinos17\n","uploadtime":1700035359,"views":13,"p1id":"markinos17","p2id":"mudseph03","formatid":"gen9nationaldexubers","rating":1142,"private":0,"password":""}