{"id":"gen9nationaldexubers-1979158267","p1":"ColdSobaNoodle","p2":"Lunar Sloth","format":"[Gen 9] National Dex Ubers","log":"|j|\u2606ColdSobaNoodle\n|j|\u2606Lunar Sloth\n|t:|1698640855\n|gametype|singles\n|player|p1|ColdSobaNoodle|anabel|\n|player|p2|Lunar Sloth|169|\n|teamsize|p1|6\n|teamsize|p2|6\n|gen|9\n|tier|[Gen 9] National Dex Ubers\n|rule|HP Percentage Mod: HP is shown in percentages\n|rule|Endless Battle Clause: Forcing endless battles is banned\n|rule|OHKO Clause: OHKO moves are banned\n|rule|Evasion Moves Clause: Evasion moves are banned\n|rule|Evasion Items Clause: Evasion items are banned\n|rule|Species Clause: Limit one of each Pok\u00e9mon\n|rule|Sleep Clause Mod: Limit one foe put to sleep\n|rule|Mega Rayquaza Clause: You cannot mega evolve Rayquaza\n|clearpoke\n|poke|p1|Ninetales-Alola, F|\n|poke|p1|Arctozolt|\n|poke|p1|Torterra, F|\n|poke|p1|Zygarde-10%|\n|poke|p1|Banette, F|\n|poke|p1|Corviknight, F|\n|poke|p2|Blissey, F|\n|poke|p2|Slowbro, F|\n|poke|p2|Iron Treads|\n|poke|p2|Slither Wing|\n|poke|p2|Iron Valiant|\n|poke|p2|Silvally-*|\n|teampreview\n|j| VoIteon\n|c|\u2606ColdSobaNoodle|glhf\n|c|\u2606Lunar Sloth|same to you!\n|\n|t:|1698640903\n|start\n|switch|p1a: Jax|Zygarde-10%, shiny|100\/100\n|switch|p2a: Iron Valiant|Iron Valiant|100\/100\n|-ability|p1a: Jax|Aura Break\n|turn|1\n|j| m444rf\n|j| Demolution545\n|inactive|Battle timer is ON: inactive players will automatically lose when time's up. (requested by Lunar Sloth)\n|j| Smackey_5\n|\n|t:|1698640960\n|-end|p2a: Iron Valiant|Quark Drive|[silent]\n|switch|p2a: Slowbro|Slowbro, F|100\/100\n|switch|p1a: Rook|Corviknight, F, shiny|100\/100\n|-ability|p1a: Rook|Pressure\n|\n|upkeep\n|turn|2\n|\n|t:|1698640970\n|move|p1a: Rook|U-turn|p2a: Slowbro\n|-supereffective|p2a: Slowbro\n|-damage|p2a: Slowbro|84\/100\n|\n|t:|1698640973\n|switch|p1a: \u7a32\u8377|Ninetales-Alola, F, shiny|100\/100|[from] U-turn\n|-weather|Snow|[from] ability: Snow Warning|[of] p1a: \u7a32\u8377\n|move|p2a: Slowbro|Scald|p1a: \u7a32\u8377\n|-damage|p1a: \u7a32\u8377|69\/100\n|\n|-weather|Snow|[upkeep]\n|upkeep\n|turn|3\n|\n|t:|1698641001\n|switch|p2a: Iron Valiant|Iron Valiant|100\/100\n|move|p1a: \u7a32\u8377|Aurora Veil|p1a: \u7a32\u8377\n|-sidestart|p1: ColdSobaNoodle|move: Aurora Veil\n|\n|-weather|Snow|[upkeep]\n|upkeep\n|turn|4\n|\n|t:|1698641014\n|move|p2a: Iron Valiant|Brick Break|p1a: \u7a32\u8377\n|-sideend|p1: ColdSobaNoodle|move: Aurora Veil\n|-damage|p1a: \u7a32\u8377|29\/100\n|move|p1a: \u7a32\u8377|Moonblast|p2a: Iron Valiant\n|-supereffective|p2a: Iron Valiant\n|-damage|p2a: Iron Valiant|0 fnt\n|faint|p2a: Iron Valiant\n|-end|p2a: Iron Valiant|Quark Drive|[silent]\n|\n|-weather|Snow|[upkeep]\n|upkeep\n|\n|t:|1698641023\n|switch|p2a: Iron Treads|Iron Treads|100\/100\n|-enditem|p2a: Iron Treads|Booster Energy\n|-activate|p2a: Iron Treads|ability: Quark Drive|[fromitem]\n|-start|p2a: Iron Treads|quarkdrivespe\n|turn|5\n|\n|t:|1698641028\n|move|p2a: Iron Treads|Iron Head|p1a: \u7a32\u8377\n|-supereffective|p1a: \u7a32\u8377\n|-damage|p1a: \u7a32\u8377|0 fnt\n|faint|p1a: \u7a32\u8377\n|\n|-weather|Snow|[upkeep]\n|upkeep\n|\n|t:|1698641035\n|switch|p1a: Jax|Zygarde-10%, shiny|100\/100\n|-ability|p1a: Jax|Aura Break\n|turn|6\n|\n|t:|1698641041\n|move|p2a: Iron Treads|Ice Spinner|p1a: Jax\n|-supereffective|p1a: Jax\n|-crit|p1a: Jax\n|-enditem|p1a: Jax|Yache Berry|[eat]\n|-enditem|p1a: Jax|Yache Berry|[weaken]\n|-damage|p1a: Jax|0 fnt\n|faint|p1a: Jax\n|\n|-weather|none\n|upkeep\n|c|\u2606ColdSobaNoodle|not good for me brick break was not expected\n|inactive|ColdSobaNoodle has 270 seconds left.\n|\n|t:|1698641084\n|switch|p1a: Rook|Corviknight, F, shiny|100\/100\n|-ability|p1a: Rook|Pressure\n|turn|7\n|\n|t:|1698641089\n|move|p2a: Iron Treads|Stealth Rock|p1a: Rook\n|-sidestart|p1: ColdSobaNoodle|move: Stealth Rock\n|move|p1a: Rook|Body Press|p2a: Iron Treads\n|-supereffective|p2a: Iron Treads\n|-damage|p2a: Iron Treads|59\/100\n|\n|upkeep\n|turn|8\n|\n|t:|1698641096\n|-end|p2a: Iron Treads|Quark Drive|[silent]\n|switch|p2a: Slowbro|Slowbro, F|100\/100\n|move|p1a: Rook|Defog|p2a: Slowbro\n|-unboost|p2a: Slowbro|evasion|1\n|-sideend|p1: ColdSobaNoodle|Stealth Rock|[from] move: Defog|[of] p1a: Rook\n|\n|upkeep\n|turn|9\n|\n|t:|1698641102\n|move|p1a: Rook|U-turn|p2a: Slowbro\n|-supereffective|p2a: Slowbro\n|-damage|p2a: Slowbro|82\/100\n|\n|t:|1698641105\n|switch|p1a: Silly Billy|Banette, F|100\/100|[from] U-turn\n|move|p2a: Slowbro|Scald|p1a: Silly Billy\n|-damage|p1a: Silly Billy|63\/100\n|-status|p1a: Silly Billy|brn\n|\n|-damage|p1a: Silly Billy|57\/100 brn|[from] brn\n|upkeep\n|turn|10\n|\n|t:|1698641113\n|detailschange|p1a: Silly Billy|Banette-Mega, F\n|-mega|p1a: Silly Billy|Banette|Banettite\n|move|p1a: Silly Billy|Knock Off|p2a: Slowbro\n|-supereffective|p2a: Slowbro\n|-damage|p2a: Slowbro|66\/100\n|move|p2a: Slowbro|Future Sight|p1a: Silly Billy\n|-start|p2a: Slowbro|move: Future Sight\n|\n|-damage|p1a: Silly Billy|51\/100 brn|[from] brn\n|upkeep\n|turn|11\n|\n|t:|1698641125\n|switch|p1a: Rook|Corviknight, F, shiny|100\/100\n|-ability|p1a: Rook|Pressure\n|move|p2a: Slowbro|Teleport|p2a: Slowbro\n|\n|t:|1698641134\n|switch|p2a: Silvally|Silvally-Fire|100\/100|[from] Teleport\n|\n|upkeep\n|turn|12\n|\n|t:|1698641158\n|switch|p1a: Kentucky|Arctozolt, shiny|100\/100\n|move|p2a: Silvally|Flamethrower|p1a: Kentucky\n|-supereffective|p1a: Kentucky\n|-damage|p1a: Kentucky|20\/100\n|\n|-end|p1a: Kentucky|move: Future Sight\n|-damage|p1a: Kentucky|0 fnt\n|faint|p1a: Kentucky\n|upkeep\n|\n|t:|1698641166\n|switch|p1a: Minecraft|Torterra, F|100\/100\n|turn|13\n|\n|t:|1698641171\n|-terastallize|p1a: Minecraft|Electric\n|move|p2a: Silvally|Flamethrower|p1a: Minecraft\n|-damage|p1a: Minecraft|60\/100\n|move|p1a: Minecraft|Shell Smash|p1a: Minecraft\n|-unboost|p1a: Minecraft|def|1\n|-unboost|p1a: Minecraft|spd|1\n|-boost|p1a: Minecraft|atk|2\n|-boost|p1a: Minecraft|spa|2\n|-boost|p1a: Minecraft|spe|2\n|\n|upkeep\n|turn|14\n|\n|t:|1698641190\n|-terastallize|p2a: Silvally|Grass\n|move|p1a: Minecraft|Headlong Rush|p2a: Silvally\n|-resisted|p2a: Silvally\n|-damage|p2a: Silvally|56\/100\n|-unboost|p1a: Minecraft|def|1\n|-unboost|p1a: Minecraft|spd|1\n|move|p2a: Silvally|Flamethrower|p1a: Minecraft\n|-damage|p1a: Minecraft|0 fnt\n|faint|p1a: Minecraft\n|\n|upkeep\n|\n|t:|1698641198\n|switch|p1a: Rook|Corviknight, F, shiny|100\/100\n|-ability|p1a: Rook|Pressure\n|turn|15\n|\n|t:|1698641207\n|move|p2a: Silvally|Flamethrower|p1a: Rook\n|-supereffective|p1a: Rook\n|-damage|p1a: Rook|36\/100\n|move|p1a: Rook|Body Press|p2a: Silvally\n|-damage|p2a: Silvally|36\/100\n|\n|upkeep\n|turn|16\n|\n|t:|1698641212\n|switch|p1a: Silly Billy|Banette-Mega, F|51\/100 brn\n|move|p2a: Silvally|Flamethrower|p1a: Silly Billy\n|-damage|p1a: Silly Billy|7\/100 brn\n|\n|-damage|p1a: Silly Billy|1\/100 brn|[from] brn\n|upkeep\n|turn|17\n|\n|t:|1698641215\n|move|p1a: Silly Billy|Destiny Bond|p1a: Silly Billy\n|-singlemove|p1a: Silly Billy|Destiny Bond\n|move|p2a: Silvally|Parting Shot|p1a: Silly Billy\n|-unboost|p1a: Silly Billy|atk|1\n|-unboost|p1a: Silly Billy|spa|1\n|\n|t:|1698641222\n|switch|p2a: Slowbro|Slowbro, F|99\/100|[from] Parting Shot\n|\n|-damage|p1a: Silly Billy|0 fnt|[from] brn\n|faint|p1a: Silly Billy\n|upkeep\n|c|\u2606ColdSobaNoodle|match 1 was a flop for me alright\n|c|\u2606ColdSobaNoodle|next\n|c|\u2606ColdSobaNoodle|I am on a time crunch\n|-message|ColdSobaNoodle forfeited.\n|\n|win|Lunar Sloth\n|l|\u2606ColdSobaNoodle\n","uploadtime":1698641243,"views":18,"p1id":"coldsobanoodle","p2id":"lunarsloth","formatid":"gen9nationaldexubers","rating":0,"private":0,"password":""}