{"id":"gen9nationaldexubers-1988071600","p1":"Torracat Stevens","p2":"kitmash","format":"[Gen 9] National Dex Ubers","log":"|j|\u2606Torracat Stevens\n|j|\u2606kitmash\n|t:|1699666049\n|gametype|singles\n|player|p1|Torracat Stevens|clay|1547\n|player|p2|kitmash|101|1605\n|teamsize|p1|6\n|teamsize|p2|6\n|gen|9\n|tier|[Gen 9] National Dex Ubers\n|rated|\n|rule|HP Percentage Mod: HP is shown in percentages\n|rule|Endless Battle Clause: Forcing endless battles is banned\n|rule|OHKO Clause: OHKO moves are banned\n|rule|Evasion Moves Clause: Evasion moves are banned\n|rule|Evasion Items Clause: Evasion items are banned\n|rule|Species Clause: Limit one of each Pok\u00e9mon\n|rule|Sleep Clause Mod: Limit one foe put to sleep\n|rule|Mega Rayquaza Clause: You cannot mega evolve Rayquaza\n|clearpoke\n|poke|p1|Melmetal|\n|poke|p1|Skeledirge, M|\n|poke|p1|Chien-Pao|\n|poke|p1|Palafin, M|\n|poke|p1|Marshadow|\n|poke|p1|Yveltal|\n|poke|p2|Ursaluna-Bloodmoon, M|\n|poke|p2|Chi-Yu|\n|poke|p2|Salamence, M|\n|poke|p2|Arceus-Poison|\n|poke|p2|Lugia|\n|poke|p2|Zacian-*|\n|teampreview\n|\n|t:|1699666077\n|start\n|switch|p1a: Palafin|Palafin, M|100\/100\n|switch|p2a: Chi-Yu|Chi-Yu|100\/100\n|-ability|p2a: Chi-Yu|Beads of Ruin\n|turn|1\n|inactive|Battle timer is ON: inactive players will automatically lose when time's up. (requested by Torracat Stevens)\n|\n|t:|1699666103\n|-terastallize|p2a: Chi-Yu|Dark\n|move|p1a: Palafin|Flip Turn|p2a: Chi-Yu\n|-damage|p2a: Chi-Yu|49\/100\n|\n|t:|1699666119\n|detailschange|p1a: Palafin|Palafin-Hero, M\n|switch|p1a: Marshadow|Marshadow|100\/100|[from] Flip Turn\n|move|p2a: Chi-Yu|Dark Pulse|p1a: Marshadow\n|-damage|p1a: Marshadow|0 fnt\n|faint|p1a: Marshadow\n|\n|upkeep\n|\n|t:|1699666129\n|switch|p1a: Palafin|Palafin-Hero, M|100\/100\n|-activate|p1a: Palafin|ability: Zero to Hero\n|turn|2\n|\n|t:|1699666135\n|switch|p2a: Salamence|Salamence, M|100\/100\n|-ability|p2a: Salamence|Intimidate|boost\n|-unboost|p1a: Palafin|atk|1\n|move|p1a: Palafin|Jet Punch|p2a: Salamence\n|-resisted|p2a: Salamence\n|-damage|p2a: Salamence|87\/100\n|\n|upkeep\n|turn|3\n|\n|t:|1699666144\n|switch|p1a: Melmetal|Melmetal|100\/100\n|switch|p2a: Chi-Yu|Chi-Yu, tera:Dark|49\/100\n|-ability|p2a: Chi-Yu|Beads of Ruin\n|\n|upkeep\n|turn|4\n|\n|t:|1699666158\n|move|p2a: Chi-Yu|Dark Pulse|p1a: Melmetal\n|-damage|p1a: Melmetal|0 fnt\n|faint|p1a: Melmetal\n|\n|upkeep\n|\n|t:|1699666168\n|switch|p1a: Chien-Pao|Chien-Pao|100\/100\n|-ability|p1a: Chien-Pao|Sword of Ruin\n|turn|5\n|\n|t:|1699666178\n|switch|p2a: Zacian|Zacian-Crowned|100\/100\n|-ability|p2a: Zacian|Intrepid Sword|boost\n|-boost|p2a: Zacian|atk|1\n|move|p1a: Chien-Pao|Sacred Sword|p2a: Zacian\n|-damage|p2a: Zacian|73\/100\n|-damage|p1a: Chien-Pao|91\/100|[from] item: Life Orb\n|\n|upkeep\n|turn|6\n|\n|t:|1699666196\n|switch|p1a: Skeledirge|Skeledirge, M|100\/100\n|move|p2a: Zacian|Play Rough|p1a: Skeledirge\n|-resisted|p1a: Skeledirge\n|-damage|p1a: Skeledirge|84\/100\n|\n|-heal|p1a: Skeledirge|90\/100|[from] item: Leftovers\n|upkeep\n|turn|7\n|\n|t:|1699666217\n|switch|p2a: Lugia|Lugia|100\/100\n|move|p1a: Skeledirge|Torch Song|p2a: Lugia\n|-damage|p2a: Lugia|92\/100\n|-boost|p1a: Skeledirge|spa|1\n|\n|-heal|p1a: Skeledirge|96\/100|[from] item: Leftovers\n|upkeep\n|turn|8\n|\n|t:|1699666225\n|move|p2a: Lugia|Toxic|p1a: Skeledirge\n|-status|p1a: Skeledirge|tox\n|move|p1a: Skeledirge|Will-O-Wisp|p2a: Lugia|[miss]\n|-miss|p1a: Skeledirge|p2a: Lugia\n|\n|-heal|p1a: Skeledirge|100\/100 tox|[from] item: Leftovers\n|-damage|p1a: Skeledirge|94\/100 tox|[from] psn\n|upkeep\n|turn|9\n|\n|t:|1699666242\n|switch|p2a: Chi-Yu|Chi-Yu, tera:Dark|49\/100\n|-ability|p2a: Chi-Yu|Beads of Ruin\n|switch|p1a: Yveltal|Yveltal|100\/100\n|-ability|p1a: Yveltal|Dark Aura\n|\n|upkeep\n|turn|10\n|-message|Torracat Stevens forfeited.\n|\n|win|kitmash\n|raw|Torracat Stevens's rating: 1547 &rarr; <strong>1530<\/strong><br \/>(-17 for losing)\n|raw|kitmash's rating: 1605 &rarr; <strong>1622<\/strong><br \/>(+17 for winning)\n|l|\u2606Torracat Stevens\n","uploadtime":1699666280,"views":14,"p1id":"torracatstevens","p2id":"kitmash","formatid":"gen9nationaldexubers","rating":1530,"private":0,"password":""}