{"id":"gen9nationaldexubers-1999790585","p1":"bloco55","p2":"pacmaster000","format":"[Gen 9] National Dex Ubers","log":"|j|\u2606bloco55\n|j|\u2606pacmaster000\n|t:|1701116965\n|gametype|singles\n|player|p1|bloco55|unknown|1154\n|player|p2|pacmaster000|acetrainer-gen4dp|1240\n|teamsize|p1|6\n|teamsize|p2|6\n|gen|9\n|tier|[Gen 9] National Dex Ubers\n|rated|\n|rule|HP Percentage Mod: HP is shown in percentages\n|rule|Endless Battle Clause: Forcing endless battles is banned\n|rule|OHKO Clause: OHKO moves are banned\n|rule|Evasion Moves Clause: Evasion moves are banned\n|rule|Evasion Items Clause: Evasion items are banned\n|rule|Species Clause: Limit one of each Pok\u00e9mon\n|rule|Sleep Clause Mod: Limit one foe put to sleep\n|rule|Mega Rayquaza Clause: You cannot mega evolve Rayquaza\n|clearpoke\n|poke|p1|Kangaskhan, F|\n|poke|p1|Conkeldurr, F|\n|poke|p1|Iron Moth|\n|poke|p1|Roaring Moon|\n|poke|p1|Pawmot, F|\n|poke|p1|Mamoswine, M|\n|poke|p2|Dragapult, F|\n|poke|p2|Heatran, M|\n|poke|p2|Tyranitar, M|\n|poke|p2|Marshadow|\n|poke|p2|Toxapex, F|\n|poke|p2|Landorus, M|\n|teampreview\n|\n|t:|1701116986\n|start\n|switch|p1a: Conkeldurr|Conkeldurr, F|100\/100\n|switch|p2a: Dragapult|Dragapult, F|100\/100\n|turn|1\n|\n|t:|1701116998\n|move|p2a: Dragapult|Dragon Darts|p1a: Conkeldurr\n|-damage|p1a: Conkeldurr|76\/100\n|-anim|p2a: Dragapult|Dragon Darts|p1a: Conkeldurr\n|-damage|p1a: Conkeldurr|54\/100\n|move|p1a: Conkeldurr|Bulk Up|p1a: Conkeldurr\n|-boost|p1a: Conkeldurr|atk|1\n|-boost|p1a: Conkeldurr|def|1\n|\n|-heal|p1a: Conkeldurr|60\/100|[from] item: Leftovers\n|upkeep\n|turn|2\n|\n|t:|1701117019\n|move|p2a: Dragapult|U-turn|p1a: Conkeldurr\n|-resisted|p1a: Conkeldurr\n|-damage|p1a: Conkeldurr|53\/100\n|\n|t:|1701117023\n|switch|p2a: Landorus|Landorus, M|100\/100|[from] U-turn\n|move|p1a: Conkeldurr|Payback|p2a: Landorus\n|-damage|p2a: Landorus|72\/100\n|\n|-heal|p1a: Conkeldurr|59\/100|[from] item: Leftovers\n|upkeep\n|turn|3\n|\n|t:|1701117040\n|move|p2a: Landorus|Swords Dance|p2a: Landorus\n|-boost|p2a: Landorus|atk|2\n|move|p1a: Conkeldurr|Bulk Up|p1a: Conkeldurr\n|-boost|p1a: Conkeldurr|atk|1\n|-boost|p1a: Conkeldurr|def|1\n|\n|-heal|p1a: Conkeldurr|65\/100|[from] item: Leftovers\n|upkeep\n|turn|4\n|\n|t:|1701117063\n|move|p2a: Landorus|Swords Dance|p2a: Landorus\n|-boost|p2a: Landorus|atk|2\n|move|p1a: Conkeldurr|Drain Punch|p2a: Landorus\n|-resisted|p2a: Landorus\n|-damage|p2a: Landorus|30\/100\n|-heal|p1a: Conkeldurr|81\/100|[from] drain|[of] p2a: Landorus\n|\n|-heal|p1a: Conkeldurr|87\/100|[from] item: Leftovers\n|upkeep\n|turn|5\n|\n|t:|1701117076\n|move|p2a: Landorus|Earthquake|p1a: Conkeldurr\n|-damage|p1a: Conkeldurr|5\/100\n|-damage|p2a: Landorus|20\/100|[from] item: Life Orb\n|move|p1a: Conkeldurr|Drain Punch|p2a: Landorus\n|-resisted|p2a: Landorus\n|-crit|p2a: Landorus\n|-damage|p2a: Landorus|0 fnt\n|-heal|p1a: Conkeldurr|13\/100|[from] drain|[of] p2a: Landorus\n|faint|p2a: Landorus\n|\n|-heal|p1a: Conkeldurr|19\/100|[from] item: Leftovers\n|upkeep\n|\n|t:|1701117079\n|switch|p2a: Dragapult|Dragapult, F|100\/100\n|turn|6\n|\n|t:|1701117100\n|move|p2a: Dragapult|Acrobatics|p1a: Conkeldurr\n|-supereffective|p1a: Conkeldurr\n|-damage|p1a: Conkeldurr|0 fnt\n|faint|p1a: Conkeldurr\n|\n|upkeep\n|\n|t:|1701117110\n|switch|p1a: Mamoswine|Mamoswine, M|100\/100\n|turn|7\n|\n|t:|1701117121\n|move|p1a: Mamoswine|Ice Shard|p2a: Dragapult\n|-supereffective|p2a: Dragapult\n|-damage|p2a: Dragapult|9\/100\n|move|p2a: Dragapult|U-turn|p1a: Mamoswine\n|-damage|p1a: Mamoswine|70\/100\n|\n|t:|1701117125\n|switch|p2a: Toxapex|Toxapex, F|100\/100|[from] U-turn\n|\n|upkeep\n|turn|8\n|\n|t:|1701117137\n|switch|p1a: Roaring Moon|Roaring Moon|100\/100\n|move|p2a: Toxapex|Scald|p1a: Roaring Moon\n|-resisted|p1a: Roaring Moon\n|-damage|p1a: Roaring Moon|93\/100\n|\n|upkeep\n|turn|9\n|\n|t:|1701117148\n|move|p1a: Roaring Moon|Dragon Dance|p1a: Roaring Moon\n|-boost|p1a: Roaring Moon|atk|1\n|-boost|p1a: Roaring Moon|spe|1\n|move|p2a: Toxapex|Toxic|p1a: Roaring Moon\n|-status|p1a: Roaring Moon|tox\n|\n|-damage|p1a: Roaring Moon|87\/100 tox|[from] psn\n|upkeep\n|turn|10\n|\n|t:|1701117168\n|move|p1a: Roaring Moon|Dragon Dance|p1a: Roaring Moon\n|-boost|p1a: Roaring Moon|atk|1\n|-boost|p1a: Roaring Moon|spe|1\n|move|p2a: Toxapex|Knock Off|p1a: Roaring Moon\n|-resisted|p1a: Roaring Moon\n|-damage|p1a: Roaring Moon|77\/100 tox\n|-enditem|p1a: Roaring Moon|Loaded Dice|[from] move: Knock Off|[of] p2a: Toxapex\n|\n|-damage|p1a: Roaring Moon|65\/100 tox|[from] psn\n|upkeep\n|turn|11\n|\n|t:|1701117185\n|move|p1a: Roaring Moon|Earthquake|p2a: Toxapex\n|-supereffective|p2a: Toxapex\n|-damage|p2a: Toxapex|8\/100\n|move|p2a: Toxapex|Scald|p1a: Roaring Moon\n|-resisted|p1a: Roaring Moon\n|-damage|p1a: Roaring Moon|57\/100 tox\n|\n|-heal|p2a: Toxapex|14\/100|[from] item: Black Sludge\n|-damage|p1a: Roaring Moon|39\/100 tox|[from] psn\n|upkeep\n|turn|12\n|\n|t:|1701117201\n|move|p1a: Roaring Moon|Earthquake|p2a: Toxapex\n|-supereffective|p2a: Toxapex\n|-damage|p2a: Toxapex|0 fnt\n|faint|p2a: Toxapex\n|\n|-damage|p1a: Roaring Moon|15\/100 tox|[from] psn\n|upkeep\n|\n|t:|1701117206\n|switch|p2a: Heatran|Heatran, M|100\/100\n|-item|p2a: Heatran|Air Balloon\n|turn|13\n|\n|t:|1701117217\n|move|p1a: Roaring Moon|Scale Shot|p2a: Heatran\n|-resisted|p2a: Heatran\n|-damage|p2a: Heatran|90\/100\n|-enditem|p2a: Heatran|Air Balloon\n|-resisted|p2a: Heatran\n|-damage|p2a: Heatran|78\/100\n|-resisted|p2a: Heatran\n|-crit|p2a: Heatran\n|-damage|p2a: Heatran|63\/100\n|-hitcount|p2a: Heatran|3\n|-unboost|p1a: Roaring Moon|def|1\n|-boost|p1a: Roaring Moon|spe|1\n|move|p2a: Heatran|Stealth Rock|p1a: Roaring Moon\n|-sidestart|p1: bloco55|move: Stealth Rock\n|\n|-damage|p1a: Roaring Moon|0 fnt|[from] psn\n|faint|p1a: Roaring Moon\n|-end|p1a: Roaring Moon|Protosynthesis|[silent]\n|upkeep\n|\n|t:|1701117242\n|switch|p1a: Mamoswine|Mamoswine, M|70\/100\n|-damage|p1a: Mamoswine|58\/100|[from] Stealth Rock\n|turn|14\n|\n|t:|1701117250\n|move|p1a: Mamoswine|Earthquake|p2a: Heatran\n|-supereffective|p2a: Heatran\n|-damage|p2a: Heatran|0 fnt\n|faint|p2a: Heatran\n|\n|upkeep\n|\n|t:|1701117255\n|switch|p2a: Tyranitar|Tyranitar, M|100\/100\n|-ability|p2a: Tyranitar|Unnerve\n|turn|15\n|\n|t:|1701117265\n|detailschange|p2a: Tyranitar|Tyranitar-Mega, M\n|-mega|p2a: Tyranitar|Tyranitar|Tyranitarite\n|-weather|Sandstorm|[from] ability: Sand Stream|[of] p2a: Tyranitar\n|move|p1a: Mamoswine|Earthquake|p2a: Tyranitar\n|-supereffective|p2a: Tyranitar\n|-damage|p2a: Tyranitar|7\/100\n|move|p2a: Tyranitar|Rock Slide|p1a: Mamoswine\n|-damage|p1a: Mamoswine|3\/100\n|\n|-weather|Sandstorm|[upkeep]\n|upkeep\n|turn|16\n|\n|t:|1701117282\n|move|p1a: Mamoswine|Earthquake|p2a: Tyranitar\n|-supereffective|p2a: Tyranitar\n|-damage|p2a: Tyranitar|0 fnt\n|faint|p2a: Tyranitar\n|\n|-weather|Sandstorm|[upkeep]\n|upkeep\n|\n|t:|1701117285\n|switch|p2a: Marshadow|Marshadow|100\/100\n|turn|17\n|\n|t:|1701117296\n|move|p2a: Marshadow|Shadow Sneak|p1a: Mamoswine\n|-damage|p1a: Mamoswine|0 fnt\n|faint|p1a: Mamoswine\n|\n|-weather|Sandstorm|[upkeep]\n|-damage|p2a: Marshadow|94\/100|[from] Sandstorm\n|upkeep\n|\n|t:|1701117309\n|switch|p1a: Pawmot|Pawmot, F|100\/100\n|-damage|p1a: Pawmot|94\/100|[from] Stealth Rock\n|turn|18\n|\n|t:|1701117315\n|move|p1a: Pawmot|Fake Out|p2a: Marshadow\n|-immune|p2a: Marshadow\n|-zpower|p2a: Marshadow\n|move|p2a: Marshadow|Soul-Stealing 7-Star Strike|p1a: Pawmot|[zeffect]\n|-damage|p1a: Pawmot|0 fnt\n|faint|p1a: Pawmot\n|\n|-weather|Sandstorm|[upkeep]\n|-damage|p2a: Marshadow|88\/100|[from] Sandstorm\n|upkeep\n|inactive|Battle timer is ON: inactive players will automatically lose when time's up. (requested by pacmaster000)\n|\n|t:|1701117338\n|switch|p1a: Iron Moth|Iron Moth|100\/100\n|-damage|p1a: Iron Moth|76\/100|[from] Stealth Rock\n|-enditem|p1a: Iron Moth|Booster Energy\n|-activate|p1a: Iron Moth|ability: Quark Drive|[fromitem]\n|-start|p1a: Iron Moth|quarkdrivespa\n|turn|19\n|\n|t:|1701117353\n|move|p1a: Iron Moth|Sludge Wave|p2a: Marshadow\n|-resisted|p2a: Marshadow\n|-damage|p2a: Marshadow|47\/100\n|move|p2a: Marshadow|Spectral Thief|p1a: Iron Moth\n|-damage|p1a: Iron Moth|0 fnt\n|faint|p1a: Iron Moth\n|-end|p1a: Iron Moth|Quark Drive|[silent]\n|\n|-weather|none\n|upkeep\n|\n|t:|1701117367\n|switch|p1a: Kangaskhan|Kangaskhan, F|100\/100\n|-damage|p1a: Kangaskhan|88\/100|[from] Stealth Rock\n|turn|20\n|\n|t:|1701117380\n|detailschange|p1a: Kangaskhan|Kangaskhan-Mega, F\n|-mega|p1a: Kangaskhan|Kangaskhan|Kangaskhanite\n|move|p1a: Kangaskhan|Sucker Punch|p2a: Marshadow\n|-damage|p2a: Marshadow|17\/100\n|-damage|p2a: Marshadow|10\/100\n|-hitcount|p2a: Marshadow|2\n|move|p2a: Marshadow|Close Combat|p1a: Kangaskhan\n|-supereffective|p1a: Kangaskhan\n|-damage|p1a: Kangaskhan|0 fnt\n|-unboost|p2a: Marshadow|def|1\n|-unboost|p2a: Marshadow|spd|1\n|faint|p1a: Kangaskhan\n|\n|win|pacmaster000\n|raw|bloco55's rating: 1154 &rarr; <strong>1135<\/strong><br \/>(-19 for losing)\n|raw|pacmaster000's rating: 1240 &rarr; <strong>1259<\/strong><br \/>(+19 for winning)\n","uploadtime":1701117393,"views":1,"p1id":"bloco55","p2id":"pacmaster000","formatid":"gen9nationaldexubers","rating":1135,"private":0,"password":""}