{"id":"gen9nationaldexubers-1997844946","p1":"IncandescentCandle","p2":"Halo halo orange","format":"[Gen 9] National Dex Ubers","log":"|j|\u2606IncandescentCandle\n|j|\u2606Halo halo orange\n|t:|1700858969\n|gametype|singles\n|player|p1|IncandescentCandle|dawn|\n|player|p2|Halo halo orange|1|\n|teamsize|p1|6\n|teamsize|p2|6\n|gen|9\n|tier|[Gen 9] National Dex Ubers\n|rule|HP Percentage Mod: HP is shown in percentages\n|rule|Endless Battle Clause: Forcing endless battles is banned\n|rule|OHKO Clause: OHKO moves are banned\n|rule|Evasion Moves Clause: Evasion moves are banned\n|rule|Evasion Items Clause: Evasion items are banned\n|rule|Species Clause: Limit one of each Pok\u00e9mon\n|rule|Sleep Clause Mod: Limit one foe put to sleep\n|rule|Mega Rayquaza Clause: You cannot mega evolve Rayquaza\n|clearpoke\n|poke|p1|Tapu Bulu|\n|poke|p1|Blissey, F|\n|poke|p1|Corviknight, M|\n|poke|p1|Weavile, F|\n|poke|p1|Latias, F|\n|poke|p1|Skeledirge, M|\n|poke|p2|Garchomp, F|\n|poke|p2|Goodra-Hisui, M|\n|poke|p2|Dragonite, F|\n|poke|p2|Altaria, M|\n|poke|p2|Baxcalibur, M|\n|poke|p2|Giratina|\n|teampreview\n|c|\u2606IncandescentCandle|ice weavile\n|c|\u2606IncandescentCandle|fortuna favoris iuvat or something\n|c|\u2606Halo halo orange|Gl!\n|\n|t:|1700859023\n|start\n|switch|p1a: Shield Of Body|Corviknight, M|100\/100\n|switch|p2a: Goodra|Goodra-Hisui, M|100\/100\n|-ability|p1a: Shield Of Body|Pressure\n|turn|1\n|\n|t:|1700859037\n|switch|p2a: Garchomp|Garchomp, F|100\/100\n|move|p1a: Shield Of Body|U-turn|p2a: Garchomp\n|-damage|p2a: Garchomp|92\/100\n|-damage|p1a: Shield Of Body|88\/100|[from] ability: Rough Skin|[of] p2a: Garchomp\n|\n|t:|1700859039\n|switch|p1a: Eon Guardian|Latias, F|100\/100|[from] U-turn\n|\n|-heal|p2a: Garchomp|98\/100|[from] item: Leftovers\n|upkeep\n|turn|2\n|\n|t:|1700859059\n|switch|p2a: Goodra|Goodra-Hisui, M|100\/100\n|detailschange|p1a: Eon Guardian|Latias-Mega, F\n|-mega|p1a: Eon Guardian|Latias|Latiasite\n|move|p1a: Eon Guardian|Ice Beam|p2a: Goodra\n|-damage|p2a: Goodra|86\/100\n|\n|-heal|p2a: Goodra|92\/100|[from] item: Leftovers\n|upkeep\n|turn|3\n|\n|t:|1700859071\n|switch|p1a: Funeral March In D|Skeledirge, M|100\/100\n|move|p2a: Goodra|Toxic|p1a: Funeral March In D\n|-status|p1a: Funeral March In D|tox\n|\n|-heal|p2a: Goodra|98\/100|[from] item: Leftovers\n|-damage|p1a: Funeral March In D|94\/100 tox|[from] psn\n|upkeep\n|turn|4\n|c|\u2606IncandescentCandle|oh ur toxic\n|c|\u2606IncandescentCandle|its never been more over\n|\n|t:|1700859083\n|switch|p2a: Garchomp|Garchomp, F|98\/100\n|move|p1a: Funeral March In D|Will-O-Wisp|p2a: Garchomp\n|-status|p2a: Garchomp|brn\n|\n|-heal|p2a: Garchomp|100\/100 brn|[from] item: Leftovers\n|-heal|p1a: Funeral March In D|100\/100 tox|[from] item: Leftovers\n|-damage|p1a: Funeral March In D|88\/100 tox|[from] psn\n|-damage|p2a: Garchomp|94\/100 brn|[from] brn\n|upkeep\n|turn|5\n|\n|t:|1700859089\n|switch|p1a: Fight The Swarm|Tapu Bulu|100\/100\n|-fieldstart|move: Grassy Terrain|[from] ability: Grassy Surge|[of] p1a: Fight The Swarm\n|move|p2a: Garchomp|Stealth Rock|p1a: Fight The Swarm\n|-sidestart|p1: IncandescentCandle|move: Stealth Rock\n|\n|-heal|p2a: Garchomp|100\/100 brn|[from] Grassy Terrain\n|-damage|p2a: Garchomp|94\/100 brn|[from] brn\n|upkeep\n|turn|6\n|\n|t:|1700859107\n|switch|p1a: Shield Of Mind|Blissey, F|100\/100\n|-damage|p1a: Shield Of Mind|88\/100|[from] Stealth Rock\n|move|p2a: Garchomp|Spikes|p1a: Shield Of Mind\n|-sidestart|p1: IncandescentCandle|Spikes\n|\n|-heal|p2a: Garchomp|100\/100 brn|[from] Grassy Terrain\n|-heal|p1a: Shield Of Mind|94\/100|[from] Grassy Terrain\n|-heal|p1a: Shield Of Mind|99\/100|[from] item: Leftovers\n|-damage|p2a: Garchomp|94\/100 brn|[from] brn\n|upkeep\n|turn|7\n|c|\u2606Halo halo orange|Teehee\n|\n|t:|1700859122\n|switch|p2a: Altaria|Altaria, M|100\/100\n|switch|p1a: Shield Of Body|Corviknight, M|88\/100\n|-damage|p1a: Shield Of Body|75\/100|[from] Stealth Rock\n|-ability|p1a: Shield Of Body|Pressure\n|\n|-heal|p1a: Shield Of Body|82\/100|[from] item: Leftovers\n|upkeep\n|turn|8\n|\n|t:|1700859160\n|switch|p2a: Giratina|Giratina|100\/100\n|-ability|p2a: Giratina|Pressure\n|move|p1a: Shield Of Body|Defog|p2a: Giratina\n|-unboost|p2a: Giratina|evasion|1\n|-sideend|p1: IncandescentCandle|Spikes|[from] move: Defog|[of] p1a: Shield Of Body\n|-sideend|p1: IncandescentCandle|Stealth Rock|[from] move: Defog|[of] p1a: Shield Of Body\n|-fieldend|move: Grassy Terrain\n|\n|-heal|p1a: Shield Of Body|88\/100|[from] item: Leftovers\n|upkeep\n|turn|9\n|\n|t:|1700859171\n|switch|p1a: Shield Of Mind|Blissey, F|99\/100\n|move|p2a: Giratina|Will-O-Wisp|p1a: Shield Of Mind\n|-status|p1a: Shield Of Mind|brn\n|\n|-heal|p1a: Shield Of Mind|100\/100 brn|[from] item: Leftovers\n|-damage|p1a: Shield Of Mind|94\/100 brn|[from] brn\n|upkeep\n|turn|10\n|\n|t:|1700859178\n|switch|p2a: Altaria|Altaria, M|100\/100\n|move|p1a: Shield Of Mind|Toxic|p2a: Altaria\n|-status|p2a: Altaria|tox\n|\n|-heal|p1a: Shield Of Mind|100\/100 brn|[from] item: Leftovers\n|-damage|p2a: Altaria|94\/100 tox|[from] psn\n|-damage|p1a: Shield Of Mind|94\/100 brn|[from] brn\n|upkeep\n|turn|11\n|j| Destinum\n|\n|t:|1700859185\n|-curestatus|p2a: Altaria|tox|[from] ability: Natural Cure\n|switch|p2a: Goodra|Goodra-Hisui, M|98\/100\n|-curestatus|p1a: Shield Of Mind|brn|[from] ability: Natural Cure\n|switch|p1a: Shield Of Body|Corviknight, M|88\/100\n|-ability|p1a: Shield Of Body|Pressure\n|\n|-heal|p1a: Shield Of Body|94\/100|[from] item: Leftovers\n|-heal|p2a: Goodra|100\/100|[from] item: Leftovers\n|upkeep\n|turn|12\n|\n|t:|1700859194\n|move|p1a: Shield Of Body|U-turn|p2a: Goodra\n|-resisted|p2a: Goodra\n|-damage|p2a: Goodra|94\/100\n|\n|t:|1700859197\n|switch|p1a: Fight The Swarm|Tapu Bulu|100\/100|[from] U-turn\n|-fieldstart|move: Grassy Terrain|[from] ability: Grassy Surge|[of] p1a: Fight The Swarm\n|move|p2a: Goodra|Dragon Tail|p1a: Fight The Swarm\n|-immune|p1a: Fight The Swarm\n|\n|-heal|p2a: Goodra|99\/100|[from] Grassy Terrain\n|-heal|p2a: Goodra|100\/100|[from] item: Leftovers\n|upkeep\n|turn|13\n|\n|t:|1700859204\n|switch|p2a: Garchomp|Garchomp, F|94\/100 brn\n|move|p1a: Fight The Swarm|Dazzling Gleam|p2a: Garchomp\n|-supereffective|p2a: Garchomp\n|-damage|p2a: Garchomp|52\/100 brn\n|\n|-heal|p2a: Garchomp|59\/100 brn|[from] Grassy Terrain\n|-heal|p2a: Garchomp|65\/100 brn|[from] item: Leftovers\n|-damage|p2a: Garchomp|59\/100 brn|[from] brn\n|upkeep\n|turn|14\n|\n|t:|1700859211\n|move|p2a: Garchomp|Stealth Rock|p1a: Fight The Swarm\n|-sidestart|p1: IncandescentCandle|move: Stealth Rock\n|move|p1a: Fight The Swarm|Dazzling Gleam|p2a: Garchomp\n|-supereffective|p2a: Garchomp\n|-damage|p2a: Garchomp|13\/100 brn\n|\n|-heal|p2a: Garchomp|19\/100 brn|[from] Grassy Terrain\n|-heal|p2a: Garchomp|25\/100 brn|[from] item: Leftovers\n|-damage|p2a: Garchomp|19\/100 brn|[from] brn\n|upkeep\n|turn|15\n|\n|t:|1700859217\n|switch|p2a: Goodra|Goodra-Hisui, M|100\/100\n|move|p1a: Fight The Swarm|Dazzling Gleam|p2a: Goodra\n|-damage|p2a: Goodra|89\/100\n|\n|-heal|p2a: Goodra|95\/100|[from] Grassy Terrain\n|-heal|p2a: Goodra|100\/100|[from] item: Leftovers\n|upkeep\n|turn|16\n|\n|t:|1700859222\n|move|p1a: Fight The Swarm|Dazzling Gleam|p2a: Goodra\n|-damage|p2a: Goodra|87\/100\n|move|p2a: Goodra|Flash Cannon|p1a: Fight The Swarm\n|-supereffective|p1a: Fight The Swarm\n|-damage|p1a: Fight The Swarm|42\/100\n|\n|-heal|p1a: Fight The Swarm|48\/100|[from] Grassy Terrain\n|-heal|p1a: Fight The Swarm|54\/100|[from] item: Leftovers\n|-heal|p2a: Goodra|93\/100|[from] Grassy Terrain\n|-heal|p2a: Goodra|99\/100|[from] item: Leftovers\n|-fieldend|move: Grassy Terrain\n|upkeep\n|turn|17\n|\n|t:|1700859232\n|switch|p1a: Funeral March In D|Skeledirge, M|88\/100 tox\n|-damage|p1a: Funeral March In D|63\/100 tox|[from] Stealth Rock\n|move|p2a: Goodra|Flash Cannon|p1a: Funeral March In D\n|-resisted|p1a: Funeral March In D\n|-damage|p1a: Funeral March In D|46\/100 tox\n|\n|-heal|p1a: Funeral March In D|52\/100 tox|[from] item: Leftovers\n|-heal|p2a: Goodra|100\/100|[from] item: Leftovers\n|-damage|p1a: Funeral March In D|46\/100 tox|[from] psn\n|upkeep\n|turn|18\n|\n|t:|1700859243\n|switch|p2a: Garchomp|Garchomp, F|19\/100 brn\n|move|p1a: Funeral March In D|Slack Off|p1a: Funeral March In D\n|-heal|p1a: Funeral March In D|96\/100 tox\n|\n|-heal|p2a: Garchomp|25\/100 brn|[from] item: Leftovers\n|-heal|p1a: Funeral March In D|100\/100 tox|[from] item: Leftovers\n|-damage|p1a: Funeral March In D|88\/100 tox|[from] psn\n|-damage|p2a: Garchomp|19\/100 brn|[from] brn\n|upkeep\n|turn|19\n|\n|t:|1700859250\n|switch|p1a: Fight The Swarm|Tapu Bulu|54\/100\n|-damage|p1a: Fight The Swarm|42\/100|[from] Stealth Rock\n|-fieldstart|move: Grassy Terrain|[from] ability: Grassy Surge|[of] p1a: Fight The Swarm\n|move|p2a: Garchomp|Dragon Tail|p1a: Fight The Swarm\n|-immune|p1a: Fight The Swarm\n|\n|-heal|p2a: Garchomp|25\/100 brn|[from] Grassy Terrain\n|-heal|p2a: Garchomp|31\/100 brn|[from] item: Leftovers\n|-heal|p1a: Fight The Swarm|48\/100|[from] Grassy Terrain\n|-heal|p1a: Fight The Swarm|54\/100|[from] item: Leftovers\n|-damage|p2a: Garchomp|25\/100 brn|[from] brn\n|upkeep\n|turn|20\n|c| Destinum|I like how Natural Cure for Altaria has straight up triggered, yet Showdown still says Cloud Nine is a possible ability.\n|\n|t:|1700859257\n|move|p2a: Garchomp|Spikes|p1a: Fight The Swarm\n|-sidestart|p1: IncandescentCandle|Spikes\n|move|p1a: Fight The Swarm|Synthesis|p1a: Fight The Swarm\n|-heal|p1a: Fight The Swarm|100\/100\n|\n|-heal|p2a: Garchomp|31\/100 brn|[from] Grassy Terrain\n|-heal|p2a: Garchomp|38\/100 brn|[from] item: Leftovers\n|-damage|p2a: Garchomp|31\/100 brn|[from] brn\n|upkeep\n|turn|21\n|\n|t:|1700859265\n|switch|p2a: Goodra|Goodra-Hisui, M|100\/100\n|move|p1a: Fight The Swarm|Dazzling Gleam|p2a: Goodra\n|-damage|p2a: Goodra|88\/100\n|\n|-heal|p2a: Goodra|94\/100|[from] Grassy Terrain\n|-heal|p2a: Goodra|99\/100|[from] item: Leftovers\n|upkeep\n|turn|22\n|\n|t:|1700859274\n|switch|p1a: Shield Of Body|Corviknight, M|94\/100\n|-damage|p1a: Shield Of Body|82\/100|[from] Stealth Rock\n|-ability|p1a: Shield Of Body|Pressure\n|move|p2a: Goodra|Flash Cannon|p1a: Shield Of Body\n|-resisted|p1a: Shield Of Body\n|-damage|p1a: Shield Of Body|68\/100\n|\n|-heal|p1a: Shield Of Body|74\/100|[from] item: Leftovers\n|-heal|p2a: Goodra|100\/100|[from] Grassy Terrain\n|upkeep\n|turn|23\n|\n|t:|1700859285\n|switch|p2a: Baxcalibur|Baxcalibur, M|100\/100\n|move|p1a: Shield Of Body|Defog|p2a: Baxcalibur\n|-unboost|p2a: Baxcalibur|evasion|1\n|-sideend|p1: IncandescentCandle|Spikes|[from] move: Defog|[of] p1a: Shield Of Body\n|-sideend|p1: IncandescentCandle|Stealth Rock|[from] move: Defog|[of] p1a: Shield Of Body\n|-fieldend|move: Grassy Terrain\n|\n|-heal|p1a: Shield Of Body|80\/100|[from] item: Leftovers\n|upkeep\n|turn|24\n|c|\u2606IncandescentCandle|something feels wrong\n|c|\u2606IncandescentCandle|something about this palce\n|\n|t:|1700859294\n|move|p2a: Baxcalibur|Icicle Spear|p1a: Shield Of Body\n|-damage|p1a: Shield Of Body|72\/100\n|-damage|p1a: Shield Of Body|63\/100\n|-crit|p1a: Shield Of Body\n|-damage|p1a: Shield Of Body|50\/100\n|-damage|p1a: Shield Of Body|41\/100\n|-hitcount|p1a: Shield Of Body|4\n|move|p1a: Shield Of Body|Iron Head|p2a: Baxcalibur\n|-supereffective|p2a: Baxcalibur\n|-damage|p2a: Baxcalibur|53\/100\n|\n|-heal|p1a: Shield Of Body|48\/100|[from] item: Leftovers\n|upkeep\n|turn|25\n|c|\u2606IncandescentCandle|wont stay too long\n|\n|t:|1700859310\n|switch|p2a: Goodra|Goodra-Hisui, M|100\/100\n|switch|p1a: Funeral March In D|Skeledirge, M|88\/100 tox\n|\n|-heal|p1a: Funeral March In D|94\/100 tox|[from] item: Leftovers\n|-damage|p1a: Funeral March In D|88\/100 tox|[from] psn\n|upkeep\n|turn|26\n|\n|t:|1700859317\n|switch|p2a: Garchomp|Garchomp, F|31\/100 brn\n|move|p1a: Funeral March In D|Hex|p2a: Garchomp\n|-damage|p2a: Garchomp|0 fnt\n|faint|p2a: Garchomp\n|\n|-heal|p1a: Funeral March In D|94\/100 tox|[from] item: Leftovers\n|-damage|p1a: Funeral March In D|82\/100 tox|[from] psn\n|upkeep\n|\n|t:|1700859330\n|switch|p2a: Baxcalibur|Baxcalibur, M|53\/100\n|turn|27\n|\n|t:|1700859344\n|move|p2a: Baxcalibur|Earthquake|p1a: Funeral March In D\n|-supereffective|p1a: Funeral March In D\n|-damage|p1a: Funeral March In D|41\/100 tox\n|move|p1a: Funeral March In D|Torch Song|p2a: Baxcalibur\n|-damage|p2a: Baxcalibur|20\/100\n|-boost|p1a: Funeral March In D|spa|1\n|-ability|p2a: Baxcalibur|Thermal Exchange|boost\n|-boost|p2a: Baxcalibur|atk|1\n|\n|-heal|p1a: Funeral March In D|47\/100 tox|[from] item: Leftovers\n|-damage|p1a: Funeral March In D|29\/100 tox|[from] psn\n|upkeep\n|turn|28\n|\n|t:|1700859355\n|switch|p1a: Eon Guardian|Latias-Mega, F|100\/100\n|move|p2a: Baxcalibur|Scale Shot|p1a: Eon Guardian\n|-supereffective|p1a: Eon Guardian\n|-damage|p1a: Eon Guardian|64\/100\n|-supereffective|p1a: Eon Guardian\n|-damage|p1a: Eon Guardian|32\/100\n|-supereffective|p1a: Eon Guardian\n|-damage|p1a: Eon Guardian|0 fnt\n|faint|p1a: Eon Guardian\n|-hitcount|p1: Eon Guardian|3\n|-unboost|p2a: Baxcalibur|def|1\n|-boost|p2a: Baxcalibur|spe|1\n|\n|upkeep\n|\n|t:|1700859358\n|switch|p1a: Group Rascal|Weavile, F|100\/100\n|turn|29\n|\n|t:|1700859371\n|switch|p2a: Goodra|Goodra-Hisui, M|100\/100\n|-terastallize|p1a: Group Rascal|Ice\n|move|p1a: Group Rascal|Ice Shard|p2a: Goodra\n|-damage|p2a: Goodra|74\/100\n|\n|-heal|p2a: Goodra|80\/100|[from] item: Leftovers\n|upkeep\n|turn|30\n|\n|t:|1700859380\n|switch|p1a: Funeral March In D|Skeledirge, M|29\/100 tox\n|move|p2a: Goodra|Body Press|p1a: Funeral March In D\n|-immune|p1a: Funeral March In D\n|\n|-heal|p1a: Funeral March In D|35\/100 tox|[from] item: Leftovers\n|-heal|p2a: Goodra|86\/100|[from] item: Leftovers\n|-damage|p1a: Funeral March In D|29\/100 tox|[from] psn\n|upkeep\n|turn|31\n|\n|t:|1700859389\n|move|p1a: Funeral March In D|Slack Off|p1a: Funeral March In D\n|-heal|p1a: Funeral March In D|79\/100 tox\n|move|p2a: Goodra|Dragon Tail|p1a: Funeral March In D\n|-damage|p1a: Funeral March In D|66\/100 tox\n|drag|p1a: Shield Of Mind|Blissey, F|94\/100\n|\n|-heal|p1a: Shield Of Mind|100\/100|[from] item: Leftovers\n|-heal|p2a: Goodra|92\/100|[from] item: Leftovers\n|upkeep\n|turn|32\n|\n|t:|1700859405\n|switch|p1a: Funeral March In D|Skeledirge, M|66\/100 tox\n|switch|p2a: Dragonite|Dragonite, F|100\/100\n|\n|-heal|p1a: Funeral March In D|72\/100 tox|[from] item: Leftovers\n|-damage|p1a: Funeral March In D|66\/100 tox|[from] psn\n|upkeep\n|turn|33\n|\n|t:|1700859416\n|move|p2a: Dragonite|Earthquake|p1a: Funeral March In D\n|-supereffective|p1a: Funeral March In D\n|-damage|p1a: Funeral March In D|19\/100 tox\n|move|p1a: Funeral March In D|Will-O-Wisp|p2a: Dragonite\n|-status|p2a: Dragonite|brn\n|\n|-heal|p1a: Funeral March In D|25\/100 tox|[from] item: Leftovers\n|-damage|p1a: Funeral March In D|13\/100 tox|[from] psn\n|-damage|p2a: Dragonite|94\/100 brn|[from] brn\n|upkeep\n|turn|34\n|\n|t:|1700859422\n|switch|p1a: Shield Of Body|Corviknight, M|48\/100\n|-ability|p1a: Shield Of Body|Pressure\n|move|p2a: Dragonite|Earthquake|p1a: Shield Of Body\n|-immune|p1a: Shield Of Body\n|\n|-heal|p1a: Shield Of Body|54\/100|[from] item: Leftovers\n|-damage|p2a: Dragonite|88\/100 brn|[from] brn\n|upkeep\n|turn|35\n|\n|t:|1700859425\n|move|p2a: Dragonite|Dragon Dance|p2a: Dragonite\n|-boost|p2a: Dragonite|atk|1\n|-boost|p2a: Dragonite|spe|1\n|move|p1a: Shield Of Body|Roost|p1a: Shield Of Body\n|-heal|p1a: Shield Of Body|100\/100\n|-singleturn|p1a: Shield Of Body|move: Roost\n|\n|-damage|p2a: Dragonite|82\/100 brn|[from] brn\n|upkeep\n|turn|36\n|\n|t:|1700859429\n|move|p2a: Dragonite|Dragon Dance|p2a: Dragonite\n|-boost|p2a: Dragonite|atk|1\n|-boost|p2a: Dragonite|spe|1\n|move|p1a: Shield Of Body|Iron Head|p2a: Dragonite\n|-damage|p2a: Dragonite|54\/100 brn\n|\n|-damage|p2a: Dragonite|48\/100 brn|[from] brn\n|upkeep\n|turn|37\n|\n|t:|1700859438\n|move|p2a: Dragonite|Roost|p2a: Dragonite\n|-heal|p2a: Dragonite|98\/100 brn\n|-singleturn|p2a: Dragonite|move: Roost\n|move|p1a: Shield Of Body|Iron Head|p2a: Dragonite\n|-damage|p2a: Dragonite|71\/100 brn\n|\n|-damage|p2a: Dragonite|65\/100 brn|[from] brn\n|upkeep\n|turn|38\n|\n|t:|1700859445\n|move|p2a: Dragonite|Extreme Speed|p1a: Shield Of Body\n|-resisted|p1a: Shield Of Body\n|-damage|p1a: Shield Of Body|92\/100\n|move|p1a: Shield Of Body|Iron Head|p2a: Dragonite\n|-damage|p2a: Dragonite|35\/100 brn\n|\n|-heal|p1a: Shield Of Body|98\/100|[from] item: Leftovers\n|-damage|p2a: Dragonite|29\/100 brn|[from] brn\n|upkeep\n|turn|39\n|\n|t:|1700859453\n|switch|p2a: Goodra|Goodra-Hisui, M|92\/100\n|move|p1a: Shield Of Body|Iron Head|p2a: Goodra\n|-resisted|p2a: Goodra\n|-damage|p2a: Goodra|80\/100\n|\n|-heal|p1a: Shield Of Body|100\/100|[from] item: Leftovers\n|-heal|p2a: Goodra|86\/100|[from] item: Leftovers\n|upkeep\n|turn|40\n|\n|t:|1700859458\n|move|p1a: Shield Of Body|U-turn|p2a: Goodra\n|-resisted|p2a: Goodra\n|-damage|p2a: Goodra|80\/100\n|\n|t:|1700859460\n|switch|p1a: Fight The Swarm|Tapu Bulu|100\/100|[from] U-turn\n|-fieldstart|move: Grassy Terrain|[from] ability: Grassy Surge|[of] p1a: Fight The Swarm\n|move|p2a: Goodra|Body Press|p1a: Fight The Swarm\n|-resisted|p1a: Fight The Swarm\n|-damage|p1a: Fight The Swarm|94\/100\n|\n|-heal|p1a: Fight The Swarm|100\/100|[from] Grassy Terrain\n|-heal|p2a: Goodra|86\/100|[from] Grassy Terrain\n|-heal|p2a: Goodra|92\/100|[from] item: Leftovers\n|upkeep\n|turn|41\n|j| Astro Rifk\n|\n|t:|1700859473\n|switch|p1a: Shield Of Body|Corviknight, M|100\/100\n|-ability|p1a: Shield Of Body|Pressure\n|move|p2a: Goodra|Flash Cannon|p1a: Shield Of Body\n|-resisted|p1a: Shield Of Body\n|-damage|p1a: Shield Of Body|86\/100\n|\n|-heal|p1a: Shield Of Body|92\/100|[from] item: Leftovers\n|-heal|p2a: Goodra|98\/100|[from] Grassy Terrain\n|-heal|p2a: Goodra|100\/100|[from] item: Leftovers\n|upkeep\n|turn|42\n|c| Astro Rifk|:blaceyes:\n|\n|t:|1700859485\n|switch|p2a: Giratina|Giratina|100\/100\n|-ability|p2a: Giratina|Pressure\n|move|p1a: Shield Of Body|Iron Head|p2a: Giratina\n|-damage|p2a: Giratina|87\/100\n|\n|-heal|p2a: Giratina|93\/100|[from] Grassy Terrain\n|-heal|p2a: Giratina|99\/100|[from] item: Leftovers\n|-heal|p1a: Shield Of Body|98\/100|[from] item: Leftovers\n|upkeep\n|turn|43\n|\n|t:|1700859491\n|switch|p1a: Shield Of Mind|Blissey, F|100\/100\n|move|p2a: Giratina|Will-O-Wisp|p1a: Shield Of Mind\n|-status|p1a: Shield Of Mind|brn\n|\n|-heal|p2a: Giratina|100\/100|[from] Grassy Terrain\n|-damage|p1a: Shield Of Mind|94\/100 brn|[from] brn\n|upkeep\n|turn|44\n|\n|t:|1700859499\n|switch|p2a: Dragonite|Dragonite, F|29\/100 brn\n|move|p1a: Shield Of Mind|Seismic Toss|p2a: Dragonite\n|-damage|p2a: Dragonite|0 fnt\n|faint|p2a: Dragonite\n|\n|-heal|p1a: Shield Of Mind|100\/100 brn|[from] Grassy Terrain\n|-damage|p1a: Shield Of Mind|94\/100 brn|[from] brn\n|-fieldend|move: Grassy Terrain\n|upkeep\n|\n|t:|1700859506\n|switch|p2a: Baxcalibur|Baxcalibur, M|20\/100\n|turn|45\n|c| Destinum|Some entry hazards would be real nice right about now.\n|\n|t:|1700859520\n|-curestatus|p1a: Shield Of Mind|brn|[from] ability: Natural Cure\n|switch|p1a: Fight The Swarm|Tapu Bulu|100\/100\n|-fieldstart|move: Grassy Terrain|[from] ability: Grassy Surge|[of] p1a: Fight The Swarm\n|move|p2a: Baxcalibur|Icicle Spear|p1a: Fight The Swarm\n|-supereffective|p1a: Fight The Swarm\n|-damage|p1a: Fight The Swarm|81\/100\n|-supereffective|p1a: Fight The Swarm\n|-damage|p1a: Fight The Swarm|63\/100\n|-supereffective|p1a: Fight The Swarm\n|-damage|p1a: Fight The Swarm|45\/100\n|-supereffective|p1a: Fight The Swarm\n|-damage|p1a: Fight The Swarm|26\/100\n|-hitcount|p1a: Fight The Swarm|4\n|\n|-heal|p2a: Baxcalibur|26\/100|[from] Grassy Terrain\n|-heal|p1a: Fight The Swarm|32\/100|[from] Grassy Terrain\n|-heal|p1a: Fight The Swarm|38\/100|[from] item: Leftovers\n|upkeep\n|turn|46\n|\n|t:|1700859536\n|move|p2a: Baxcalibur|Icicle Spear|p1a: Fight The Swarm\n|-supereffective|p1a: Fight The Swarm\n|-damage|p1a: Fight The Swarm|18\/100\n|-supereffective|p1a: Fight The Swarm\n|-damage|p1a: Fight The Swarm|0 fnt\n|faint|p1a: Fight The Swarm\n|-hitcount|p1: Fight The Swarm|2\n|\n|-heal|p2a: Baxcalibur|32\/100|[from] Grassy Terrain\n|upkeep\n|\n|t:|1700859542\n|switch|p1a: Group Rascal|Weavile, F, tera:Ice|100\/100\n|turn|47\n|\n|t:|1700859551\n|switch|p2a: Goodra|Goodra-Hisui, M|100\/100\n|move|p1a: Group Rascal|Triple Axel|p2a: Goodra\n|-damage|p2a: Goodra|88\/100\n|-damage|p2a: Goodra|61\/100\n|-damage|p2a: Goodra|26\/100\n|-hitcount|p2a: Goodra|3\n|\n|-heal|p2a: Goodra|32\/100|[from] Grassy Terrain\n|-heal|p2a: Goodra|38\/100|[from] item: Leftovers\n|upkeep\n|turn|48\n|c|\u2606IncandescentCandle|please\n|c|\u2606IncandescentCandle|hit\n|c| Astro Rifk|u miss i fear\n|l| Astro Rifk\n|c| Destinum|It's all on Weavile now.\n|j| Astro Rifk\n|\n|t:|1700859607\n|-terastallize|p2a: Goodra|Steel\n|move|p1a: Group Rascal|Knock Off|p2a: Goodra\n|-damage|p2a: Goodra|0 fnt\n|-enditem|p2a: Goodra|Leftovers|[from] move: Knock Off|[of] p1a: Group Rascal\n|faint|p2a: Goodra\n|\n|upkeep\n|\n|t:|1700859614\n|switch|p2a: Altaria|Altaria, M|94\/100\n|turn|49\n|\n|t:|1700859617\n|detailschange|p2a: Altaria|Altaria-Mega, M\n|-mega|p2a: Altaria|Altaria|Altarianite\n|move|p1a: Group Rascal|Triple Axel|p2a: Altaria\n|-supereffective|p2a: Altaria\n|-damage|p2a: Altaria|63\/100\n|-supereffective|p2a: Altaria\n|-damage|p2a: Altaria|8\/100\n|-hitcount|p2a: Altaria|2\n|move|p2a: Altaria|Double-Edge|p1a: Group Rascal\n|-damage|p1a: Group Rascal|0 fnt\n|faint|p1a: Group Rascal\n|-damage|p2a: Altaria|0 fnt|[from] Recoil\n|faint|p2a: Altaria\n|\n|-fieldend|move: Grassy Terrain\n|upkeep\n|c|\u2606IncandescentCandle|omfg\n|c|\u2606Halo halo orange|Huh\n|c|\u2606Halo halo orange|this is awkward\n|c|\u2606IncandescentCandle|i dodge the almost home allegations\n|\n|t:|1700859670\n|switch|p1a: Shield Of Body|Corviknight, M|98\/100\n|switch|p2a: Baxcalibur|Baxcalibur, M|32\/100\n|-ability|p1a: Shield Of Body|Pressure\n|turn|50\n|\n|t:|1700859673\n|switch|p2a: Giratina|Giratina|100\/100\n|-ability|p2a: Giratina|Pressure\n|move|p1a: Shield Of Body|Iron Head|p2a: Giratina\n|-damage|p2a: Giratina|86\/100\n|\n|-heal|p2a: Giratina|92\/100|[from] item: Leftovers\n|-heal|p1a: Shield Of Body|100\/100|[from] item: Leftovers\n|upkeep\n|turn|51\n|\n|t:|1700859690\n|switch|p1a: Shield Of Mind|Blissey, F|94\/100\n|move|p2a: Giratina|Will-O-Wisp|p1a: Shield Of Mind\n|-status|p1a: Shield Of Mind|brn\n|\n|-heal|p2a: Giratina|98\/100|[from] item: Leftovers\n|-heal|p1a: Shield Of Mind|100\/100 brn|[from] item: Leftovers\n|-damage|p1a: Shield Of Mind|94\/100 brn|[from] brn\n|upkeep\n|turn|52\n|l| Astro Rifk\n|\n|t:|1700859708\n|move|p2a: Giratina|Protect|p2a: Giratina\n|-singleturn|p2a: Giratina|Protect\n|move|p1a: Shield Of Mind|Toxic|p2a: Giratina\n|-activate|p2a: Giratina|move: Protect\n|\n|-heal|p2a: Giratina|100\/100|[from] item: Leftovers\n|-heal|p1a: Shield Of Mind|100\/100 brn|[from] item: Leftovers\n|-damage|p1a: Shield Of Mind|94\/100 brn|[from] brn\n|upkeep\n|turn|53\n|\n|t:|1700859715\n|switch|p2a: Baxcalibur|Baxcalibur, M|32\/100\n|move|p1a: Shield Of Mind|Toxic|p2a: Baxcalibur|[miss]\n|-miss|p1a: Shield Of Mind|p2a: Baxcalibur\n|\n|-heal|p1a: Shield Of Mind|100\/100 brn|[from] item: Leftovers\n|-damage|p1a: Shield Of Mind|94\/100 brn|[from] brn\n|upkeep\n|turn|54\n|c|\u2606IncandescentCandle|o\n|c|\u2606IncandescentCandle|m\n|c|\u2606IncandescentCandle|f\n|c|\u2606IncandescentCandle|g\n|c|\u2606Halo halo orange|Damn\n|j| Astro Rifk\n|\n|t:|1700859749\n|-curestatus|p1a: Shield Of Mind|brn|[from] ability: Natural Cure\n|switch|p1a: Funeral March In D|Skeledirge, M|13\/100 tox\n|move|p2a: Baxcalibur|Icicle Spear|p1a: Funeral March In D\n|-resisted|p1a: Funeral March In D\n|-damage|p1a: Funeral March In D|9\/100 tox\n|-resisted|p1a: Funeral March In D\n|-damage|p1a: Funeral March In D|5\/100 tox\n|-resisted|p1a: Funeral March In D\n|-damage|p1a: Funeral March In D|0 fnt\n|faint|p1a: Funeral March In D\n|-hitcount|p1: Funeral March In D|3\n|\n|upkeep\n|\n|t:|1700859751\n|switch|p1a: Shield Of Body|Corviknight, M|100\/100\n|-ability|p1a: Shield Of Body|Pressure\n|turn|55\n|\n|t:|1700859759\n|switch|p2a: Giratina|Giratina|100\/100\n|-ability|p2a: Giratina|Pressure\n|move|p1a: Shield Of Body|U-turn|p2a: Giratina\n|-resisted|p2a: Giratina\n|-damage|p2a: Giratina|97\/100\n|\n|t:|1700859761\n|switch|p1a: Shield Of Mind|Blissey, F|94\/100|[from] U-turn\n|\n|-heal|p2a: Giratina|100\/100|[from] item: Leftovers\n|-heal|p1a: Shield Of Mind|100\/100|[from] item: Leftovers\n|upkeep\n|turn|56\n|\n|t:|1700859785\n|move|p1a: Shield Of Mind|Toxic|p2a: Giratina\n|-status|p2a: Giratina|tox\n|move|p2a: Giratina|Dragon Tail|p1a: Shield Of Mind\n|-damage|p1a: Shield Of Mind|58\/100\n|drag|p1a: Shield Of Body|Corviknight, M|100\/100\n|-ability|p1a: Shield Of Body|Pressure\n|\n|-damage|p2a: Giratina|94\/100 tox|[from] psn\n|upkeep\n|turn|57\n|\n|t:|1700859800\n|switch|p1a: Shield Of Mind|Blissey, F|58\/100\n|move|p2a: Giratina|Will-O-Wisp|p1a: Shield Of Mind\n|-status|p1a: Shield Of Mind|brn\n|\n|-heal|p2a: Giratina|100\/100 tox|[from] item: Leftovers\n|-heal|p1a: Shield Of Mind|64\/100 brn|[from] item: Leftovers\n|-damage|p2a: Giratina|88\/100 tox|[from] psn\n|-damage|p1a: Shield Of Mind|58\/100 brn|[from] brn\n|upkeep\n|turn|58\n|\n|t:|1700859803\n|switch|p2a: Baxcalibur|Baxcalibur, M|32\/100\n|move|p1a: Shield Of Mind|Soft-Boiled|p1a: Shield Of Mind\n|-heal|p1a: Shield Of Mind|100\/100 brn\n|\n|-damage|p1a: Shield Of Mind|94\/100 brn|[from] brn\n|upkeep\n|turn|59\n|\n|t:|1700859810\n|-curestatus|p1a: Shield Of Mind|brn|[from] ability: Natural Cure\n|switch|p1a: Shield Of Body|Corviknight, M|100\/100\n|-ability|p1a: Shield Of Body|Pressure\n|move|p2a: Baxcalibur|Swords Dance|p2a: Baxcalibur\n|-boost|p2a: Baxcalibur|atk|2\n|\n|upkeep\n|turn|60\n|\n|t:|1700859814\n|move|p2a: Baxcalibur|Icicle Spear|p1a: Shield Of Body\n|-damage|p1a: Shield Of Body|83\/100\n|-damage|p1a: Shield Of Body|67\/100\n|-damage|p1a: Shield Of Body|48\/100\n|-damage|p1a: Shield Of Body|30\/100\n|-damage|p1a: Shield Of Body|15\/100\n|-hitcount|p1a: Shield Of Body|5\n|move|p1a: Shield Of Body|Iron Head|p2a: Baxcalibur\n|-supereffective|p2a: Baxcalibur\n|-damage|p2a: Baxcalibur|0 fnt\n|faint|p2a: Baxcalibur\n|\n|-heal|p1a: Shield Of Body|21\/100|[from] item: Leftovers\n|upkeep\n|\n|t:|1700859824\n|switch|p2a: Giratina|Giratina|88\/100 tox\n|-ability|p2a: Giratina|Pressure\n|turn|61\n|\n|t:|1700859826\n|move|p2a: Giratina|Hex|p1a: Shield Of Body\n|-damage|p1a: Shield Of Body|0 fnt\n|faint|p1a: Shield Of Body\n|\n|-heal|p2a: Giratina|94\/100 tox|[from] item: Leftovers\n|-damage|p2a: Giratina|88\/100 tox|[from] psn\n|upkeep\n|\n|t:|1700859830\n|switch|p1a: Shield Of Mind|Blissey, F|94\/100\n|turn|62\n|\n|t:|1700859836\n|move|p1a: Shield Of Mind|Confide|p2a: Giratina\n|-unboost|p2a: Giratina|spa|1\n|move|p2a: Giratina|Dragon Tail|p1a: Shield Of Mind|[miss]\n|-miss|p2a: Giratina|p1a: Shield Of Mind\n|\n|-heal|p2a: Giratina|94\/100 tox|[from] item: Leftovers\n|-heal|p1a: Shield Of Mind|100\/100|[from] item: Leftovers\n|-damage|p2a: Giratina|82\/100 tox|[from] psn\n|upkeep\n|turn|63\n|\n|t:|1700859842\n|move|p1a: Shield Of Mind|Confide|p2a: Giratina\n|-unboost|p2a: Giratina|spa|1\n|move|p2a: Giratina|Dragon Tail|p1a: Shield Of Mind|[miss]\n|-miss|p2a: Giratina|p1a: Shield Of Mind\n|\n|-heal|p2a: Giratina|88\/100 tox|[from] item: Leftovers\n|-damage|p2a: Giratina|70\/100 tox|[from] psn\n|upkeep\n|turn|64\n|c|\u2606Halo halo orange|Sigh\n|\n|t:|1700859852\n|move|p1a: Shield Of Mind|Confide|p2a: Giratina\n|-unboost|p2a: Giratina|spa|1\n|move|p2a: Giratina|Dragon Tail|p1a: Shield Of Mind\n|-crit|p1a: Shield Of Mind\n|-damage|p1a: Shield Of Mind|35\/100\n|\n|-heal|p2a: Giratina|76\/100 tox|[from] item: Leftovers\n|-heal|p1a: Shield Of Mind|41\/100|[from] item: Leftovers\n|-damage|p2a: Giratina|51\/100 tox|[from] psn\n|upkeep\n|turn|65\n|\n|t:|1700859857\n|move|p1a: Shield Of Mind|Soft-Boiled|p1a: Shield Of Mind\n|-heal|p1a: Shield Of Mind|91\/100\n|move|p2a: Giratina|Dragon Tail|p1a: Shield Of Mind\n|-damage|p1a: Shield Of Mind|50\/100\n|\n|-heal|p2a: Giratina|57\/100 tox|[from] item: Leftovers\n|-heal|p1a: Shield Of Mind|56\/100|[from] item: Leftovers\n|-damage|p2a: Giratina|27\/100 tox|[from] psn\n|upkeep\n|turn|66\n|c|\u2606IncandescentCandle|this game was\n|c|\u2606Halo halo orange|Gg!\n|c|\u2606IncandescentCandle|filled with rn\n|c|\u2606IncandescentCandle|gg\n|\n|t:|1700859871\n|move|p1a: Shield Of Mind|Soft-Boiled|p1a: Shield Of Mind\n|-heal|p1a: Shield Of Mind|100\/100\n|move|p2a: Giratina|Dragon Tail|p1a: Shield Of Mind\n|-damage|p1a: Shield Of Mind|58\/100\n|\n|-heal|p2a: Giratina|33\/100 tox|[from] item: Leftovers\n|-heal|p1a: Shield Of Mind|65\/100|[from] item: Leftovers\n|-damage|p2a: Giratina|0 fnt|[from] psn\n|faint|p2a: Giratina\n|\n|win|IncandescentCandle\n|upkeep\n","uploadtime":1700859875,"views":3,"p1id":"incandescentcandle","p2id":"halohaloorange","formatid":"gen9nationaldexubers","rating":0,"private":0,"password":""}