{"id":"gen9nationaldexubers-1983719853","p1":"ToastSlayer","p2":"omegashenronone","format":"[Gen 9] National Dex Ubers","log":"|j|\u2606ToastSlayer\n|j|\u2606omegashenronone\n|t:|1699166894\n|gametype|singles\n|player|p1|ToastSlayer|266|\n|player|p2|omegashenronone|hugh|\n|teamsize|p1|4\n|teamsize|p2|4\n|gen|9\n|tier|[Gen 9] National Dex Ubers\n|rule|HP Percentage Mod: HP is shown in percentages\n|rule|Endless Battle Clause: Forcing endless battles is banned\n|rule|OHKO Clause: OHKO moves are banned\n|rule|Evasion Moves Clause: Evasion moves are banned\n|rule|Evasion Items Clause: Evasion items are banned\n|rule|Species Clause: Limit one of each Pok\u00e9mon\n|rule|Sleep Clause Mod: Limit one foe put to sleep\n|rule|Mega Rayquaza Clause: You cannot mega evolve Rayquaza\n|clearpoke\n|poke|p1|Kangaskhan, F|\n|poke|p1|Miltank, F|\n|poke|p1|Squawkabilly, F|\n|poke|p1|Porygon-Z|\n|poke|p2|Regirock|\n|poke|p2|Registeel|\n|poke|p2|Regice|\n|poke|p2|Regigigas|\n|teampreview\n|inactive|Battle timer is ON: inactive players will automatically lose when time's up. (requested by omegashenronone)\n|inactive|ToastSlayer has 270 seconds left.\n|c|\u2606ToastSlayer|I'm in debt, so.. hopefully I'll win this one.\n|\n|t:|1699166940\n|start\n|switch|p1a: Miltank|Miltank, F|100\/100\n|switch|p2a: I|Regice|100\/100\n|turn|1\n|c|\u2606omegashenronone|Ouch\n|\n|t:|1699166952\n|-terastallize|p1a: Miltank|Fighting\n|move|p1a: Miltank|Curse|p1a: Miltank\n|-unboost|p1a: Miltank|spe|1\n|-boost|p1a: Miltank|atk|1\n|-boost|p1a: Miltank|def|1\n|move|p2a: I|Focus Blast|p1a: Miltank|[miss]\n|-miss|p2a: I|p1a: Miltank\n|\n|upkeep\n|turn|2\n|\n|t:|1699166960\n|move|p1a: Miltank|Body Press|p2a: I\n|-supereffective|p2a: I\n|-damage|p2a: I|0 fnt\n|-damage|p1a: Miltank|84\/100|[from] item: Rocky Helmet|[of] p2a: I\n|faint|p2a: I\n|\n|-heal|p1a: Miltank|90\/100|[from] item: Leftovers\n|upkeep\n|\n|t:|1699166978\n|switch|p2a: Bob|Regirock|100\/100\n|turn|3\n|\n|t:|1699166991\n|-terastallize|p2a: Bob|Fairy\n|move|p1a: Miltank|Curse|p1a: Miltank\n|-unboost|p1a: Miltank|spe|1\n|-boost|p1a: Miltank|atk|1\n|-boost|p1a: Miltank|def|1\n|move|p2a: Bob|Body Press|p1a: Miltank\n|-damage|p1a: Miltank|77\/100\n|\n|-heal|p1a: Miltank|83\/100|[from] item: Leftovers\n|upkeep\n|turn|4\n|\n|t:|1699167002\n|switch|p2a: Am|Registeel|100\/100\n|move|p1a: Miltank|Curse|p1a: Miltank\n|-unboost|p1a: Miltank|spe|1\n|-boost|p1a: Miltank|atk|1\n|-boost|p1a: Miltank|def|1\n|\n|-heal|p1a: Miltank|90\/100|[from] item: Leftovers\n|upkeep\n|turn|5\n|\n|t:|1699167005\n|move|p2a: Am|Iron Defense|p2a: Am\n|-boost|p2a: Am|def|2\n|move|p1a: Miltank|Body Press|p2a: Am\n|-supereffective|p2a: Am\n|-damage|p2a: Am|41\/100\n|\n|-heal|p1a: Miltank|96\/100|[from] item: Leftovers\n|upkeep\n|turn|6\n|\n|t:|1699167014\n|move|p2a: Am|Iron Defense|p2a: Am\n|-boost|p2a: Am|def|2\n|move|p1a: Miltank|Body Press|p2a: Am\n|-supereffective|p2a: Am\n|-damage|p2a: Am|0 fnt\n|faint|p2a: Am\n|\n|-heal|p1a: Miltank|100\/100|[from] item: Leftovers\n|upkeep\n|\n|t:|1699167020\n|switch|p2a: Bob|Regirock, tera:Fairy|100\/100\n|turn|7\n|\n|t:|1699167025\n|move|p2a: Bob|Body Press|p1a: Miltank\n|-damage|p1a: Miltank|91\/100\n|move|p1a: Miltank|Curse|p1a: Miltank\n|-unboost|p1a: Miltank|spe|1\n|-boost|p1a: Miltank|atk|1\n|-boost|p1a: Miltank|def|1\n|\n|-heal|p1a: Miltank|97\/100|[from] item: Leftovers\n|upkeep\n|turn|8\n|\n|t:|1699167027\n|move|p2a: Bob|Earthquake|p1a: Miltank\n|-damage|p1a: Miltank|92\/100\n|move|p1a: Miltank|Curse|p1a: Miltank\n|-unboost|p1a: Miltank|spe|1\n|-boost|p1a: Miltank|atk|1\n|-boost|p1a: Miltank|def|1\n|\n|-heal|p1a: Miltank|98\/100|[from] item: Leftovers\n|upkeep\n|turn|9\n|\n|t:|1699167030\n|move|p2a: Bob|Body Press|p1a: Miltank\n|-damage|p1a: Miltank|90\/100\n|move|p1a: Miltank|Curse|p1a: Miltank\n|-unboost|p1a: Miltank|spe|1\n|-boost|p1a: Miltank|atk|1\n|-boost|p1a: Miltank|def|1\n|\n|-heal|p1a: Miltank|96\/100|[from] item: Leftovers\n|upkeep\n|turn|10\n|\n|t:|1699167033\n|move|p2a: Bob|Earthquake|p1a: Miltank\n|-damage|p1a: Miltank|93\/100\n|move|p1a: Miltank|Body Press|p2a: Bob\n|-resisted|p2a: Bob\n|-damage|p2a: Bob|63\/100\n|-damage|p1a: Miltank|76\/100|[from] item: Rocky Helmet|[of] p2a: Bob\n|\n|-heal|p1a: Miltank|82\/100|[from] item: Leftovers\n|upkeep\n|turn|11\n|\n|t:|1699167049\n|move|p2a: Bob|Earthquake|p1a: Miltank\n|-damage|p1a: Miltank|79\/100\n|move|p1a: Miltank|Body Slam|p2a: Bob\n|-damage|p2a: Bob|17\/100\n|-damage|p1a: Miltank|62\/100|[from] item: Rocky Helmet|[of] p2a: Bob\n|\n|-heal|p1a: Miltank|68\/100|[from] item: Leftovers\n|upkeep\n|turn|12\n|\n|t:|1699167056\n|move|p2a: Bob|Earthquake|p1a: Miltank\n|-damage|p1a: Miltank|65\/100\n|move|p1a: Miltank|Body Press|p2a: Bob\n|-resisted|p2a: Bob\n|-damage|p2a: Bob|0 fnt\n|-damage|p1a: Miltank|48\/100|[from] item: Rocky Helmet|[of] p2a: Bob\n|faint|p2a: Bob\n|\n|-heal|p1a: Miltank|55\/100|[from] item: Leftovers\n|upkeep\n|\n|t:|1699167064\n|switch|p2a: Uchiha|Regigigas|100\/100\n|-start|p2a: Uchiha|ability: Slow Start\n|turn|13\n|\n|t:|1699167074\n|move|p2a: Uchiha|Earthquake|p1a: Miltank\n|-damage|p1a: Miltank|51\/100\n|move|p1a: Miltank|Body Press|p2a: Uchiha\n|-supereffective|p2a: Uchiha\n|-damage|p2a: Uchiha|0 fnt\n|faint|p2a: Uchiha\n|-end|p2a: Uchiha|Slow Start|[silent]\n|\n|win|ToastSlayer\n|c|\u2606omegashenronone|That miss cost me the game\n|c|\u2606ToastSlayer|Okay, nice.\n","uploadtime":1699167092,"views":4,"p1id":"toastslayer","p2id":"omegashenronone","formatid":"gen9nationaldexubers","rating":0,"private":0,"password":""}