{"id":"gen9nationaldexubers-1987902614","p1":"ChocoBwear","p2":"PhobosYeah","format":"[Gen 9] National Dex Ubers","log":"|j|\u2606ChocoBwear\n|j|\u2606PhobosYeah\n|t:|1699647528\n|gametype|singles\n|player|p1|ChocoBwear|pokemaniac|1272\n|player|p2|PhobosYeah|roughneck|1348\n|teamsize|p1|6\n|teamsize|p2|6\n|gen|9\n|tier|[Gen 9] National Dex Ubers\n|rated|\n|rule|HP Percentage Mod: HP is shown in percentages\n|rule|Endless Battle Clause: Forcing endless battles is banned\n|rule|OHKO Clause: OHKO moves are banned\n|rule|Evasion Moves Clause: Evasion moves are banned\n|rule|Evasion Items Clause: Evasion items are banned\n|rule|Species Clause: Limit one of each Pok\u00e9mon\n|rule|Sleep Clause Mod: Limit one foe put to sleep\n|rule|Mega Rayquaza Clause: You cannot mega evolve Rayquaza\n|clearpoke\n|poke|p1|Diancie|\n|poke|p1|Garganacl, M|\n|poke|p1|Archeops, F|\n|poke|p1|Terrakion|\n|poke|p1|Rhyperior, M|\n|poke|p1|Ogerpon-Cornerstone, F|\n|poke|p2|Ditto|\n|poke|p2|Smeargle, F|\n|poke|p2|Kangaskhan, F|\n|poke|p2|Zoroark-Hisui, F|\n|poke|p2|Ursaluna-Bloodmoon, M|\n|poke|p2|Arceus|\n|teampreview\n|c|\u2606PhobosYeah|GLHF\n|inactive|Battle timer is ON: inactive players will automatically lose when time's up. (requested by PhobosYeah)\n|c|\u2606ChocoBwear|Huh?\n|inactive|PhobosYeah has 120 seconds left.\n|\n|t:|1699647578\n|start\n|switch|p1a: Terrakion|Terrakion|100\/100\n|switch|p2a: Smeargle|Smeargle, F|100\/100\n|turn|1\n|\n|t:|1699647585\n|move|p1a: Terrakion|Close Combat|p2a: Smeargle\n|-supereffective|p2a: Smeargle\n|-enditem|p2a: Smeargle|Focus Sash\n|-damage|p2a: Smeargle|1\/100\n|-unboost|p1a: Terrakion|def|1\n|-unboost|p1a: Terrakion|spd|1\n|move|p2a: Smeargle|Spore|p1a: Terrakion\n|-status|p1a: Terrakion|slp|[from] move: Spore\n|\n|-ability|p2a: Smeargle|Moody|boost\n|-boost|p2a: Smeargle|def|2\n|-unboost|p2a: Smeargle|spa|1\n|upkeep\n|turn|2\n|\n|t:|1699647600\n|switch|p1a: Ogerpon|Ogerpon-Cornerstone, F|100\/100\n|move|p2a: Smeargle|Sticky Web|p1a: Ogerpon\n|-sidestart|p1: ChocoBwear|move: Sticky Web\n|\n|-ability|p2a: Smeargle|Moody|boost\n|-boost|p2a: Smeargle|spe|2\n|-unboost|p2a: Smeargle|def|1\n|upkeep\n|turn|3\n|\n|t:|1699647612\n|move|p2a: Smeargle|Seismic Toss|p1a: Ogerpon\n|-damage|p1a: Ogerpon|67\/100\n|move|p1a: Ogerpon|Stomping Tantrum|p2a: Smeargle\n|-damage|p2a: Smeargle|0 fnt\n|faint|p2a: Smeargle\n|\n|upkeep\n|\n|t:|1699647629\n|switch|p2a: Arceus|Arceus|100\/100\n|turn|4\n|\n|t:|1699647635\n|move|p1a: Ogerpon|Swords Dance|p1a: Ogerpon\n|-boost|p1a: Ogerpon|atk|2\n|move|p2a: Arceus|Flamethrower|p1a: Ogerpon\n|-damage|p1a: Ogerpon|16\/100\n|\n|upkeep\n|turn|5\n|\n|t:|1699647644\n|move|p2a: Arceus|Flamethrower|p1a: Ogerpon\n|-damage|p1a: Ogerpon|0 fnt\n|faint|p1a: Ogerpon\n|\n|upkeep\n|\n|t:|1699647652\n|switch|p1a: Rhyperior|Rhyperior, M|100\/100\n|-activate|p1a: Rhyperior|move: Sticky Web\n|-unboost|p1a: Rhyperior|spe|1\n|turn|6\n|\n|t:|1699647661\n|switch|p2a: Ursaluna|Ursaluna-Bloodmoon, M|100\/100\n|move|p1a: Rhyperior|Body Press|p2a: Ursaluna\n|-supereffective|p2a: Ursaluna\n|-damage|p2a: Ursaluna|53\/100\n|\n|-heal|p2a: Ursaluna|59\/100|[from] item: Leftovers\n|upkeep\n|turn|7\n|\n|t:|1699647676\n|move|p2a: Ursaluna|Earth Power|p1a: Rhyperior\n|-supereffective|p1a: Rhyperior\n|-damage|p1a: Rhyperior|0 fnt\n|faint|p1a: Rhyperior\n|\n|-heal|p2a: Ursaluna|65\/100|[from] item: Leftovers\n|upkeep\n|\n|t:|1699647691\n|switch|p1a: Archeops|Archeops, F, shiny|100\/100\n|turn|8\n|\n|t:|1699647707\n|move|p1a: Archeops|Dual Wingbeat|p2a: Ursaluna\n|-damage|p2a: Ursaluna|48\/100\n|-damage|p2a: Ursaluna|32\/100\n|-hitcount|p2a: Ursaluna|2\n|move|p2a: Ursaluna|Moonblast|p1a: Archeops\n|-damage|p1a: Archeops|40\/100\n|\n|-heal|p2a: Ursaluna|38\/100|[from] item: Leftovers\n|upkeep\n|turn|9\n|\n|t:|1699647721\n|move|p1a: Archeops|Stone Edge|p2a: Ursaluna|[miss]\n|-miss|p1a: Archeops|p2a: Ursaluna\n|move|p2a: Ursaluna|Blood Moon|p1a: Archeops\n|-resisted|p1a: Archeops\n|-damage|p1a: Archeops|0 fnt\n|faint|p1a: Archeops\n|\n|-heal|p2a: Ursaluna|44\/100|[from] item: Leftovers\n|upkeep\n|inactive|ChocoBwear has 120 seconds left.\n|\n|t:|1699647737\n|switch|p1a: Diancie|Diancie, shiny|100\/100\n|-activate|p1a: Diancie|move: Sticky Web\n|-fail|p1a: Diancie|unboost|[from] ability: Clear Body|[of] p1a: Diancie\n|turn|10\n|\n|t:|1699647745\n|detailschange|p1a: Diancie|Diancie-Mega, shiny\n|-mega|p1a: Diancie|Diancie|Diancite\n|move|p1a: Diancie|Body Press|p2a: Ursaluna\n|-supereffective|p2a: Ursaluna\n|-damage|p2a: Ursaluna|12\/100\n|move|p2a: Ursaluna|Earth Power|p1a: Diancie\n|-supereffective|p1a: Diancie\n|-damage|p1a: Diancie|0 fnt\n|faint|p1a: Diancie\n|\n|-heal|p2a: Ursaluna|18\/100|[from] item: Leftovers\n|upkeep\n|inactive|ChocoBwear has 120 seconds left.\n|\n|t:|1699647757\n|switch|p1a: Garganacl|Garganacl, M|100\/100\n|-activate|p1a: Garganacl|move: Sticky Web\n|-fail|p1a: Garganacl|unboost|[from] ability: Clear Body|[of] p1a: Garganacl\n|turn|11\n|inactive|ChocoBwear has 120 seconds left.\n|\n|t:|1699647771\n|move|p2a: Ursaluna|Earth Power|p1a: Garganacl\n|-supereffective|p1a: Garganacl\n|-crit|p1a: Garganacl\n|-damage|p1a: Garganacl|0 fnt\n|faint|p1a: Garganacl\n|\n|-heal|p2a: Ursaluna|24\/100|[from] item: Leftovers\n|upkeep\n|inactive|ChocoBwear has 120 seconds left.\n|\n|t:|1699647778\n|switch|p1a: Terrakion|Terrakion|100\/100 slp\n|-activate|p1a: Terrakion|move: Sticky Web\n|-unboost|p1a: Terrakion|spe|1\n|turn|12\n|\n|t:|1699647784\n|cant|p1a: Terrakion|slp\n|move|p2a: Ursaluna|Earth Power|p1a: Terrakion\n|-supereffective|p1a: Terrakion\n|-crit|p1a: Terrakion\n|-damage|p1a: Terrakion|0 fnt\n|faint|p1a: Terrakion\n|\n|win|PhobosYeah\n|raw|ChocoBwear's rating: 1272 &rarr; <strong>1252<\/strong><br \/>(-20 for losing)\n|raw|PhobosYeah's rating: 1348 &rarr; <strong>1364<\/strong><br \/>(+16 for winning)\n|c|\u2606ChocoBwear|GG\n|c|\u2606PhobosYeah|GG\n|l|\u2606ChocoBwear\n","uploadtime":1699647811,"views":5,"p1id":"chocobwear","p2id":"phobosyeah","formatid":"gen9nationaldexubers","rating":1252,"private":0,"password":""}