{"id":"gen9nationaldexubers-1999181156","p1":"Campeao de Hoen","p2":"KJ.nyc","format":"[Gen 9] National Dex Ubers","log":"|j|\u2606Campeao de Hoen\n|j|\u2606KJ.nyc\n|t:|1701042266\n|gametype|singles\n|player|p1|Campeao de Hoen|steven|1026\n|player|p2|KJ.nyc|hilbert|1142\n|teamsize|p1|6\n|teamsize|p2|6\n|gen|9\n|tier|[Gen 9] National Dex Ubers\n|rated|\n|rule|HP Percentage Mod: HP is shown in percentages\n|rule|Endless Battle Clause: Forcing endless battles is banned\n|rule|OHKO Clause: OHKO moves are banned\n|rule|Evasion Moves Clause: Evasion moves are banned\n|rule|Evasion Items Clause: Evasion items are banned\n|rule|Species Clause: Limit one of each Pok\u00e9mon\n|rule|Sleep Clause Mod: Limit one foe put to sleep\n|rule|Mega Rayquaza Clause: You cannot mega evolve Rayquaza\n|clearpoke\n|poke|p1|Volcarona, M|\n|poke|p1|Kommo-o, M|\n|poke|p1|Hydreigon, M|\n|poke|p1|Garchomp, M|\n|poke|p1|Salamence, M|\n|poke|p1|Blastoise, M|\n|poke|p2|Pikachu, M|\n|poke|p2|Dragonite, F|\n|poke|p2|Gengar, M|\n|poke|p2|Lucario, M|\n|poke|p2|Sirfetch\u2019d, M|\n|poke|p2|Dracovish|\n|teampreview\n|c|\u2606KJ.nyc|glhf\n|inactive|Battle timer is ON: inactive players will automatically lose when time's up. (requested by KJ.nyc)\n|\n|t:|1701042274\n|start\n|switch|p1a: Blastoise|Blastoise, M|100\/100\n|switch|p2a: Dracovish|Dracovish|100\/100\n|turn|1\n|\n|t:|1701042281\n|detailschange|p1a: Blastoise|Blastoise-Mega, M\n|-mega|p1a: Blastoise|Blastoise|Blastoisinite\n|move|p1a: Blastoise|Shell Smash|p1a: Blastoise\n|-unboost|p1a: Blastoise|def|1\n|-unboost|p1a: Blastoise|spd|1\n|-boost|p1a: Blastoise|atk|2\n|-boost|p1a: Blastoise|spa|2\n|-boost|p1a: Blastoise|spe|2\n|move|p2a: Dracovish|Fishious Rend|p1a: Blastoise\n|-resisted|p1a: Blastoise\n|-damage|p1a: Blastoise|40\/100\n|\n|upkeep\n|turn|2\n|\n|t:|1701042298\n|move|p1a: Blastoise|Aura Sphere|p2a: Dracovish\n|-damage|p2a: Dracovish|0 fnt\n|faint|p2a: Dracovish\n|\n|upkeep\n|\n|t:|1701042301\n|switch|p2a: Sirfetch\u2019d|Sirfetch\u2019d, M|100\/100\n|turn|3\n|\n|t:|1701042306\n|move|p2a: Sirfetch\u2019d|First Impression|p1a: Blastoise\n|-crit|p1a: Blastoise\n|-damage|p1a: Blastoise|0 fnt\n|faint|p1a: Blastoise\n|\n|upkeep\n|\n|t:|1701042314\n|switch|p1a: Salamence|Salamence, M, shiny|100\/100\n|turn|4\n|\n|t:|1701042320\n|move|p1a: Salamence|Dragon Dance|p1a: Salamence\n|-boost|p1a: Salamence|atk|1\n|-boost|p1a: Salamence|spe|1\n|move|p2a: Sirfetch\u2019d|Brave Bird|p1a: Salamence\n|-crit|p1a: Salamence\n|-damage|p1a: Salamence|4\/100\n|-damage|p2a: Sirfetch\u2019d|65\/100|[from] Recoil\n|\n|upkeep\n|turn|5\n|\n|t:|1701042330\n|move|p1a: Salamence|Dual Wingbeat|p2a: Sirfetch\u2019d\n|-supereffective|p2a: Sirfetch\u2019d\n|-damage|p2a: Sirfetch\u2019d|0 fnt\n|faint|p2a: Sirfetch\u2019d\n|-ability|p1a: Salamence|Moxie|boost\n|-boost|p1a: Salamence|atk|1\n|-hitcount|p2: Sirfetch\u2019d|1\n|\n|upkeep\n|\n|t:|1701042333\n|switch|p2a: Pikachu|Pikachu, M|100\/100\n|turn|6\n|\n|t:|1701042340\n|move|p2a: Pikachu|Quick Attack|p1a: Salamence\n|-damage|p1a: Salamence|0 fnt\n|faint|p1a: Salamence\n|\n|upkeep\n|\n|t:|1701042345\n|switch|p1a: Garchomp|Garchomp, M|100\/100\n|turn|7\n|\n|t:|1701042351\n|move|p2a: Pikachu|Quick Attack|p1a: Garchomp\n|-damage|p1a: Garchomp|87\/100\n|-damage|p2a: Pikachu|88\/100|[from] ability: Rough Skin|[of] p1a: Garchomp\n|move|p1a: Garchomp|Swords Dance|p1a: Garchomp\n|-boost|p1a: Garchomp|atk|2\n|\n|-heal|p1a: Garchomp|93\/100|[from] item: Leftovers\n|upkeep\n|turn|8\n|\n|t:|1701042365\n|move|p2a: Pikachu|Quick Attack|p1a: Garchomp\n|-damage|p1a: Garchomp|78\/100\n|-damage|p2a: Pikachu|76\/100|[from] ability: Rough Skin|[of] p1a: Garchomp\n|move|p1a: Garchomp|Swords Dance|p1a: Garchomp\n|-boost|p1a: Garchomp|atk|2\n|\n|-heal|p1a: Garchomp|84\/100|[from] item: Leftovers\n|upkeep\n|turn|9\n|\n|t:|1701042376\n|move|p1a: Garchomp|Earthquake|p2a: Pikachu\n|-supereffective|p2a: Pikachu\n|-damage|p2a: Pikachu|0 fnt\n|faint|p2a: Pikachu\n|\n|-heal|p1a: Garchomp|90\/100|[from] item: Leftovers\n|upkeep\n|\n|t:|1701042379\n|switch|p2a: Gengar|Gengar, M|100\/100\n|turn|10\n|\n|t:|1701042386\n|move|p2a: Gengar|Icy Wind|p1a: Garchomp\n|-supereffective|p1a: Garchomp\n|-damage|p1a: Garchomp|6\/100\n|-unboost|p1a: Garchomp|spe|1\n|move|p1a: Garchomp|Earthquake|p2a: Gengar\n|-supereffective|p2a: Gengar\n|-enditem|p2a: Gengar|Focus Sash\n|-damage|p2a: Gengar|1\/100\n|-start|p1a: Garchomp|Disable|Earthquake|[from] ability: Cursed Body|[of] p2a: Gengar\n|\n|-heal|p1a: Garchomp|13\/100|[from] item: Leftovers\n|upkeep\n|turn|11\n|\n|t:|1701042400\n|move|p2a: Gengar|Shadow Ball|p1a: Garchomp\n|-damage|p1a: Garchomp|0 fnt\n|faint|p1a: Garchomp\n|\n|upkeep\n|\n|t:|1701042406\n|switch|p1a: Hydreigon|Hydreigon, M, shiny|100\/100\n|turn|12\n|\n|t:|1701042410\n|move|p2a: Gengar|Dazzling Gleam|p1a: Hydreigon\n|-supereffective|p1a: Hydreigon\n|-damage|p1a: Hydreigon|0 fnt\n|faint|p1a: Hydreigon\n|\n|upkeep\n|\n|t:|1701042415\n|switch|p1a: Volcarona|Volcarona, M, shiny|100\/100\n|turn|13\n|\n|t:|1701042427\n|move|p2a: Gengar|Icy Wind|p1a: Volcarona\n|-resisted|p1a: Volcarona\n|-damage|p1a: Volcarona|91\/100\n|-unboost|p1a: Volcarona|spe|1\n|move|p1a: Volcarona|Quiver Dance|p1a: Volcarona\n|-boost|p1a: Volcarona|spa|1\n|-boost|p1a: Volcarona|spd|1\n|-boost|p1a: Volcarona|spe|1\n|\n|upkeep\n|turn|14\n|\n|t:|1701042437\n|move|p2a: Gengar|Icy Wind|p1a: Volcarona\n|-resisted|p1a: Volcarona\n|-damage|p1a: Volcarona|84\/100\n|-unboost|p1a: Volcarona|spe|1\n|move|p1a: Volcarona|Quiver Dance|p1a: Volcarona\n|-boost|p1a: Volcarona|spa|1\n|-boost|p1a: Volcarona|spd|1\n|-boost|p1a: Volcarona|spe|1\n|\n|upkeep\n|turn|15\n|\n|t:|1701042447\n|move|p2a: Gengar|Icy Wind|p1a: Volcarona\n|-resisted|p1a: Volcarona\n|-damage|p1a: Volcarona|79\/100\n|-unboost|p1a: Volcarona|spe|1\n|move|p1a: Volcarona|Quiver Dance|p1a: Volcarona\n|-boost|p1a: Volcarona|spa|1\n|-boost|p1a: Volcarona|spd|1\n|-boost|p1a: Volcarona|spe|1\n|\n|upkeep\n|turn|16\n|\n|t:|1701042456\n|move|p2a: Gengar|Icy Wind|p1a: Volcarona\n|-resisted|p1a: Volcarona\n|-damage|p1a: Volcarona|75\/100\n|-unboost|p1a: Volcarona|spe|1\n|move|p1a: Volcarona|Quiver Dance|p1a: Volcarona\n|-boost|p1a: Volcarona|spa|1\n|-boost|p1a: Volcarona|spd|1\n|-boost|p1a: Volcarona|spe|1\n|\n|upkeep\n|turn|17\n|\n|t:|1701042465\n|move|p2a: Gengar|Icy Wind|p1a: Volcarona\n|-resisted|p1a: Volcarona\n|-damage|p1a: Volcarona|72\/100\n|-unboost|p1a: Volcarona|spe|1\n|move|p1a: Volcarona|Quiver Dance|p1a: Volcarona\n|-boost|p1a: Volcarona|spa|1\n|-boost|p1a: Volcarona|spd|1\n|-boost|p1a: Volcarona|spe|1\n|\n|upkeep\n|turn|18\n|\n|t:|1701042474\n|move|p2a: Gengar|Icy Wind|p1a: Volcarona\n|-resisted|p1a: Volcarona\n|-damage|p1a: Volcarona|69\/100\n|-unboost|p1a: Volcarona|spe|1\n|move|p1a: Volcarona|Fiery Dance|p2a: Gengar\n|-damage|p2a: Gengar|0 fnt\n|faint|p2a: Gengar\n|\n|upkeep\n|\n|t:|1701042478\n|switch|p2a: Lucario|Lucario, M|100\/100\n|turn|19\n|\n|t:|1701042486\n|detailschange|p2a: Lucario|Lucario-Mega, M\n|-mega|p2a: Lucario|Lucario|Lucarionite\n|move|p2a: Lucario|Stone Edge|p1a: Volcarona\n|-supereffective|p1a: Volcarona\n|-damage|p1a: Volcarona|0 fnt\n|faint|p1a: Volcarona\n|\n|upkeep\n|\n|t:|1701042494\n|switch|p1a: Kommo-o|Kommo-o, M, shiny|100\/100\n|turn|20\n|\n|t:|1701042498\n|move|p2a: Lucario|Aura Sphere|p1a: Kommo-o\n|-damage|p1a: Kommo-o|35\/100\n|move|p1a: Kommo-o|Drain Punch|p2a: Lucario\n|-supereffective|p2a: Lucario\n|-damage|p2a: Lucario|0 fnt\n|-heal|p1a: Kommo-o|84\/100|[from] drain|[of] p2a: Lucario\n|faint|p2a: Lucario\n|\n|-heal|p1a: Kommo-o|90\/100|[from] item: Leftovers\n|upkeep\n|\n|t:|1701042503\n|switch|p2a: Dragonite|Dragonite, F|100\/100\n|turn|21\n|\n|t:|1701042521\n|move|p1a: Kommo-o|Dragon Dance|p1a: Kommo-o\n|-boost|p1a: Kommo-o|atk|1\n|-boost|p1a: Kommo-o|spe|1\n|move|p2a: Dragonite|Dragon Dance|p2a: Dragonite\n|-boost|p2a: Dragonite|atk|1\n|-boost|p2a: Dragonite|spe|1\n|\n|-heal|p1a: Kommo-o|96\/100|[from] item: Leftovers\n|upkeep\n|turn|22\n|\n|t:|1701042531\n|move|p1a: Kommo-o|Dragon Dance|p1a: Kommo-o\n|-boost|p1a: Kommo-o|atk|1\n|-boost|p1a: Kommo-o|spe|1\n|move|p2a: Dragonite|Dragon Claw|p1a: Kommo-o\n|-supereffective|p1a: Kommo-o\n|-damage|p1a: Kommo-o|0 fnt\n|faint|p1a: Kommo-o\n|\n|win|KJ.nyc\n|raw|Campeao de Hoen's rating: 1026 &rarr; <strong>1017<\/strong><br \/>(-9 for losing)\n|raw|KJ.nyc's rating: 1142 &rarr; <strong>1159<\/strong><br \/>(+17 for winning)\n|c|\u2606KJ.nyc|gg\n","uploadtime":1701042539,"views":1,"p1id":"campeaodehoen","p2id":"kjnyc","formatid":"gen9nationaldexubers","rating":1017,"private":0,"password":""}