{"id":"gen9nationaldexubers-1998383762","p1":"Flufferide","p2":"Gromes01","format":"[Gen 9] National Dex Ubers","log":"|j|\u2606Flufferide\n|j|\u2606Gromes01\n|t:|1700936231\n|gametype|singles\n|player|p1|Flufferide|bede-masters|1185\n|player|p2|Gromes01|hilbert|1107\n|teamsize|p1|6\n|teamsize|p2|6\n|gen|9\n|tier|[Gen 9] National Dex Ubers\n|rated|\n|rule|HP Percentage Mod: HP is shown in percentages\n|rule|Endless Battle Clause: Forcing endless battles is banned\n|rule|OHKO Clause: OHKO moves are banned\n|rule|Evasion Moves Clause: Evasion moves are banned\n|rule|Evasion Items Clause: Evasion items are banned\n|rule|Species Clause: Limit one of each Pok\u00e9mon\n|rule|Sleep Clause Mod: Limit one foe put to sleep\n|rule|Mega Rayquaza Clause: You cannot mega evolve Rayquaza\n|clearpoke\n|poke|p1|Kyurem-Black|\n|poke|p1|Lucario, M|\n|poke|p1|Xerneas-*|\n|poke|p1|Darmanitan-Galar, F|\n|poke|p1|Necrozma-Dusk-Mane|\n|poke|p1|Arceus|\n|poke|p2|Gengar, F|\n|poke|p2|Metagross|\n|poke|p2|Ferrothorn, M|\n|poke|p2|Kyogre|\n|poke|p2|Charizard, M|\n|poke|p2|Garchomp, F|\n|teampreview\n|inactive|Battle timer is ON: inactive players will automatically lose when time's up. (requested by Gromes01)\n|\n|t:|1700936254\n|start\n|switch|p1a: Xerneas|Xerneas|100\/100\n|switch|p2a: Garchomp|Garchomp, F, shiny|100\/100\n|-ability|p1a: Xerneas|Fairy Aura\n|turn|1\n|\n|t:|1700936263\n|switch|p2a: Metagross|Metagross, shiny|100\/100\n|move|p1a: Xerneas|Ingrain|p1a: Xerneas\n|-start|p1a: Xerneas|move: Ingrain\n|\n|upkeep\n|turn|2\n|\n|t:|1700936274\n|detailschange|p2a: Metagross|Metagross-Mega, shiny\n|-mega|p2a: Metagross|Metagross|Metagrossite\n|-terastallize|p1a: Xerneas|Psychic\n|move|p2a: Metagross|Meteor Mash|p1a: Xerneas\n|-damage|p1a: Xerneas|45\/100\n|move|p1a: Xerneas|Geomancy||[still]\n|-prepare|p1a: Xerneas|Geomancy\n|-enditem|p1a: Xerneas|Power Herb\n|-anim|p1a: Xerneas|Geomancy|p1a: Xerneas\n|-boost|p1a: Xerneas|spa|2\n|-boost|p1a: Xerneas|spd|2\n|-boost|p1a: Xerneas|spe|2\n|\n|-heal|p1a: Xerneas|51\/100|[from] Ingrain\n|upkeep\n|turn|3\n|\n|t:|1700936287\n|move|p1a: Xerneas|Moonblast|p2a: Metagross\n|-resisted|p2a: Metagross\n|-damage|p2a: Metagross|41\/100\n|move|p2a: Metagross|Meteor Mash|p1a: Xerneas\n|-damage|p1a: Xerneas|0 fnt\n|faint|p1a: Xerneas\n|\n|upkeep\n|\n|t:|1700936301\n|switch|p1a: Lucario|Lucario, M|100\/100\n|turn|4\n|\n|t:|1700936310\n|detailschange|p1a: Lucario|Lucario-Mega, M\n|-mega|p1a: Lucario|Lucario|Lucarionite\n|move|p1a: Lucario|Crunch|p2a: Metagross\n|-supereffective|p2a: Metagross\n|-crit|p2a: Metagross\n|-damage|p2a: Metagross|0 fnt\n|faint|p2a: Metagross\n|\n|upkeep\n|\n|t:|1700936320\n|switch|p2a: Garchomp|Garchomp, F, shiny|100\/100\n|turn|5\n|\n|t:|1700936325\n|move|p1a: Lucario|Swords Dance|p1a: Lucario\n|-boost|p1a: Lucario|atk|2\n|move|p2a: Garchomp|Earthquake|p1a: Lucario\n|-supereffective|p1a: Lucario\n|-damage|p1a: Lucario|0 fnt\n|faint|p1a: Lucario\n|\n|upkeep\n|\n|t:|1700936333\n|switch|p1a: Darmanitan|Darmanitan-Galar, F|100\/100\n|turn|6\n|\n|t:|1700936342\n|switch|p2a: Kyogre|Kyogre, shiny|100\/100\n|detailschange|p2a: Kyogre|Kyogre-Primal, shiny\n|-primal|p2a: Kyogre|Blue Orb\n|-weather|PrimordialSea|[from] ability: Primordial Sea|[of] p2a: Kyogre\n|move|p1a: Darmanitan|Icicle Crash|p2a: Kyogre\n|-resisted|p2a: Kyogre\n|-damage|p2a: Kyogre|63\/100\n|\n|-weather|PrimordialSea|[upkeep]\n|upkeep\n|turn|7\n|\n|t:|1700936357\n|switch|p1a: Kyurem|Kyurem-Black|100\/100\n|-ability|p1a: Kyurem|Teravolt\n|move|p2a: Kyogre|Thunder|p1a: Kyurem\n|-resisted|p1a: Kyurem\n|-damage|p1a: Kyurem|77\/100\n|\n|-weather|PrimordialSea|[upkeep]\n|upkeep\n|turn|8\n|\n|t:|1700936365\n|move|p2a: Kyogre|Blizzard|p1a: Kyurem|[miss]\n|-miss|p2a: Kyogre|p1a: Kyurem\n|move|p1a: Kyurem|Dragon Dance|p1a: Kyurem\n|-boost|p1a: Kyurem|atk|1\n|-boost|p1a: Kyurem|spe|1\n|\n|-weather|PrimordialSea|[upkeep]\n|upkeep\n|turn|9\n|\n|t:|1700936371\n|move|p1a: Kyurem|Fusion Bolt|p2a: Kyogre\n|-supereffective|p2a: Kyogre\n|-damage|p2a: Kyogre|0 fnt\n|faint|p2a: Kyogre\n|-weather|none\n|\n|upkeep\n|\n|t:|1700936380\n|switch|p2a: Charizard|Charizard, M|100\/100\n|turn|10\n|\n|t:|1700936383\n|move|p1a: Kyurem|Icicle Spear|p2a: Charizard\n|-damage|p2a: Charizard|61\/100\n|-damage|p2a: Charizard|23\/100\n|-crit|p2a: Charizard\n|-damage|p2a: Charizard|0 fnt\n|faint|p2a: Charizard\n|-hitcount|p2: Charizard|3\n|\n|upkeep\n|\n|t:|1700936390\n|switch|p2a: Gengar|Gengar, F|100\/100\n|turn|11\n|\n|t:|1700936399\n|move|p1a: Kyurem|Icicle Spear|p2a: Gengar\n|-damage|p2a: Gengar|46\/100\n|-damage|p2a: Gengar|0 fnt\n|faint|p2a: Gengar\n|-hitcount|p2: Gengar|2\n|\n|upkeep\n|-message|Gromes01 forfeited.\n|\n|win|Flufferide\n|raw|Flufferide's rating: 1185 &rarr; <strong>1206<\/strong><br \/>(+21 for winning)\n|raw|Gromes01's rating: 1131 &rarr; <strong>1110<\/strong><br \/>(-21 for losing)\n|l|\u2606Gromes01\n","uploadtime":1700936407,"views":1,"p1id":"flufferide","p2id":"gromes01","formatid":"gen9nationaldexubers","rating":1110,"private":0,"password":""}