{"id":"gen9nationaldexubers-1982217915","p1":"MiraGraves","p2":"Vario 64\u2606\u5f61","format":"[Gen 9] National Dex Ubers","log":"|j|\u2606MiraGraves\n|j|\u2606Vario 64\u2606\u5f61\n|t:|1698980483\n|gametype|singles\n|player|p1|MiraGraves|psychicf-gen4|\n|player|p2|Vario 64\u2606\u5f61|ghetsis|\n|teamsize|p1|6\n|teamsize|p2|6\n|gen|9\n|tier|[Gen 9] National Dex Ubers\n|rule|HP Percentage Mod: HP is shown in percentages\n|rule|Endless Battle Clause: Forcing endless battles is banned\n|rule|OHKO Clause: OHKO moves are banned\n|rule|Evasion Moves Clause: Evasion moves are banned\n|rule|Evasion Items Clause: Evasion items are banned\n|rule|Species Clause: Limit one of each Pok\u00e9mon\n|rule|Sleep Clause Mod: Limit one foe put to sleep\n|rule|Mega Rayquaza Clause: You cannot mega evolve Rayquaza\n|clearpoke\n|poke|p1|Ninetales-Alola, F|\n|poke|p1|Magearna|\n|poke|p1|Baxcalibur, F|\n|poke|p1|Heatran, F|\n|poke|p1|Victini|\n|poke|p1|Landorus-Therian, M|\n|poke|p2|Genesect|\n|poke|p2|Iron Valiant|\n|poke|p2|Tapu Koko|\n|poke|p2|Tapu Lele|\n|poke|p2|Celesteela|\n|poke|p2|Gardevoir, M|\n|teampreview\n|c|\u2606Vario 64\u2606\u5f61|gl hf!\n|\n|t:|1698980535\n|start\n|switch|p1a: Heatran|Heatran, F|100\/100\n|switch|p2a: Big Head Machine|Genesect, shiny|100\/100\n|-ability|p2a: Big Head Machine|Download|boost\n|-boost|p2a: Big Head Machine|atk|1\n|-item|p1a: Heatran|Air Balloon\n|turn|1\n|\n|t:|1698980546\n|move|p2a: Big Head Machine|U-turn|p1a: Heatran\n|-resisted|p1a: Heatran\n|-damage|p1a: Heatran|92\/100\n|-enditem|p1a: Heatran|Air Balloon\n|\n|t:|1698980566\n|switch|p2a: Damage Machine|Tapu Lele|100\/100|[from] U-turn\n|-fieldstart|move: Psychic Terrain|[from] ability: Psychic Surge|[of] p2a: Damage Machine\n|move|p1a: Heatran|Magma Storm|p2a: Damage Machine\n|-damage|p2a: Damage Machine|35\/100\n|-activate|p2a: Damage Machine|move: Magma Storm|[of] p1a: Heatran\n|\n|-damage|p2a: Damage Machine|23\/100|[from] move: Magma Storm|[partiallytrapped]\n|upkeep\n|turn|2\n|\n|t:|1698980574\n|move|p2a: Damage Machine|Focus Blast|p1a: Heatran|[miss]\n|-miss|p2a: Damage Machine|p1a: Heatran\n|move|p1a: Heatran|Stealth Rock|p2a: Damage Machine\n|-sidestart|p2: Vario 64\u2606\u5f61|move: Stealth Rock\n|\n|-damage|p2a: Damage Machine|10\/100|[from] move: Magma Storm|[partiallytrapped]\n|upkeep\n|turn|3\n|\n|t:|1698980610\n|switch|p1a: Ninetales|Ninetales-Alola, F|100\/100\n|-weather|Snow|[from] ability: Snow Warning|[of] p1a: Ninetales\n|move|p2a: Damage Machine|Focus Blast|p1a: Ninetales|[miss]\n|-miss|p2a: Damage Machine|p1a: Ninetales\n|\n|-weather|Snow|[upkeep]\n|-end|p2a: Damage Machine|Magma Storm|[partiallytrapped]|[silent]\n|upkeep\n|turn|4\n|\n|t:|1698980642\n|switch|p2a: Terrain Machine|Tapu Koko|100\/100\n|-damage|p2a: Terrain Machine|88\/100|[from] Stealth Rock\n|-fieldstart|move: Electric Terrain|[from] ability: Electric Surge|[of] p2a: Terrain Machine\n|move|p1a: Ninetales|Aurora Veil|p1a: Ninetales\n|-sidestart|p1: MiraGraves|move: Aurora Veil\n|\n|-weather|Snow|[upkeep]\n|upkeep\n|turn|5\n|\n|t:|1698980657\n|switch|p1a: Landorus|Landorus-Therian, M|100\/100\n|-ability|p1a: Landorus|Intimidate|boost\n|-unboost|p2a: Terrain Machine|atk|1\n|move|p2a: Terrain Machine|Defog|p1a: Landorus\n|-unboost|p1a: Landorus|evasion|1\n|-sideend|p1: MiraGraves|move: Aurora Veil\n|-sideend|p2: Vario 64\u2606\u5f61|Stealth Rock|[from] move: Defog|[of] p2a: Terrain Machine\n|-fieldend|move: Electric Terrain\n|\n|-weather|Snow|[upkeep]\n|upkeep\n|turn|6\n|\n|t:|1698980670\n|move|p2a: Terrain Machine|U-turn|p1a: Landorus\n|-resisted|p1a: Landorus\n|-damage|p1a: Landorus|94\/100\n|\n|t:|1698980675\n|switch|p2a: Celesteela|Celesteela|100\/100|[from] U-turn\n|move|p1a: Landorus|U-turn|p2a: Celesteela\n|-resisted|p2a: Celesteela\n|-damage|p2a: Celesteela|95\/100\n|\n|t:|1698980682\n|switch|p1a: Heatran|Heatran, F|92\/100|[from] U-turn\n|\n|-weather|Snow|[upkeep]\n|upkeep\n|turn|7\n|\n|t:|1698980697\n|switch|p2a: Damage Machine|Tapu Lele|10\/100\n|-fieldstart|move: Psychic Terrain|[from] ability: Psychic Surge|[of] p2a: Damage Machine\n|-terastallize|p1a: Heatran|Flying\n|move|p1a: Heatran|Stealth Rock|p2a: Damage Machine\n|-sidestart|p2: Vario 64\u2606\u5f61|move: Stealth Rock\n|\n|-weather|Snow|[upkeep]\n|upkeep\n|turn|8\n|\n|t:|1698980714\n|move|p2a: Damage Machine|Psychic|p1a: Heatran\n|-damage|p1a: Heatran|12\/100\n|-unboost|p1a: Heatran|spd|1\n|move|p1a: Heatran|Roar|p2a: Damage Machine\n|drag|p2a: Big Head Machine|Genesect, shiny|100\/100\n|-damage|p2a: Big Head Machine|88\/100|[from] Stealth Rock\n|-ability|p2a: Big Head Machine|Download|boost\n|-boost|p2a: Big Head Machine|spa|1\n|\n|-weather|Snow|[upkeep]\n|upkeep\n|turn|9\n|\n|t:|1698980748\n|move|p2a: Big Head Machine|Ice Beam|p1a: Heatran\n|-supereffective|p1a: Heatran\n|-damage|p1a: Heatran|0 fnt\n|faint|p1a: Heatran\n|\n|-weather|Snow|[upkeep]\n|upkeep\n|\n|t:|1698980757\n|switch|p1a: Ninetales|Ninetales-Alola, F|100\/100\n|turn|10\n|\n|t:|1698980788\n|switch|p2a: Terrain Machine|Tapu Koko|88\/100\n|-damage|p2a: Terrain Machine|75\/100|[from] Stealth Rock\n|-fieldstart|move: Electric Terrain|[from] ability: Electric Surge|[of] p2a: Terrain Machine\n|move|p1a: Ninetales|Aurora Veil|p1a: Ninetales\n|-sidestart|p1: MiraGraves|move: Aurora Veil\n|\n|-weather|none\n|upkeep\n|turn|11\n|\n|t:|1698980838\n|move|p2a: Terrain Machine|Defog|p1a: Ninetales\n|-unboost|p1a: Ninetales|evasion|1\n|-sideend|p1: MiraGraves|move: Aurora Veil\n|-sideend|p2: Vario 64\u2606\u5f61|Stealth Rock|[from] move: Defog|[of] p2a: Terrain Machine\n|-fieldend|move: Electric Terrain\n|move|p1a: Ninetales|Blizzard|p2a: Terrain Machine\n|-damage|p2a: Terrain Machine|22\/100\n|\n|upkeep\n|turn|12\n|\n|t:|1698980852\n|switch|p1a: Magearna|Magearna|100\/100\n|move|p2a: Terrain Machine|U-turn|p1a: Magearna\n|-resisted|p1a: Magearna\n|-damage|p1a: Magearna|97\/100\n|\n|t:|1698980865\n|switch|p2a: Big Head Machine|Genesect, shiny|88\/100|[from] U-turn\n|-ability|p2a: Big Head Machine|Download|boost\n|-boost|p2a: Big Head Machine|atk|1\n|\n|-heal|p1a: Magearna|100\/100|[from] item: Leftovers\n|upkeep\n|turn|13\n|\n|t:|1698980890\n|move|p2a: Big Head Machine|Iron Head|p1a: Magearna\n|-damage|p1a: Magearna|58\/100\n|move|p1a: Magearna|Thunderbolt|p2a: Big Head Machine\n|-damage|p2a: Big Head Machine|47\/100\n|\n|-heal|p1a: Magearna|65\/100|[from] item: Leftovers\n|upkeep\n|turn|14\n|\n|t:|1698980921\n|move|p2a: Big Head Machine|Iron Head|p1a: Magearna\n|-damage|p1a: Magearna|27\/100\n|move|p1a: Magearna|Calm Mind|p1a: Magearna\n|-boost|p1a: Magearna|spa|1\n|-boost|p1a: Magearna|spd|1\n|\n|-heal|p1a: Magearna|33\/100|[from] item: Leftovers\n|upkeep\n|turn|15\n|\n|t:|1698980933\n|move|p2a: Big Head Machine|Iron Head|p1a: Magearna\n|-damage|p1a: Magearna|0 fnt\n|faint|p1a: Magearna\n|\n|upkeep\n|\n|t:|1698980937\n|switch|p1a: Ninetales|Ninetales-Alola, F|100\/100\n|-weather|Snow|[from] ability: Snow Warning|[of] p1a: Ninetales\n|turn|16\n|\n|t:|1698980944\n|move|p2a: Big Head Machine|Iron Head|p1a: Ninetales\n|-supereffective|p1a: Ninetales\n|-damage|p1a: Ninetales|0 fnt\n|faint|p1a: Ninetales\n|\n|-weather|Snow|[upkeep]\n|upkeep\n|\n|t:|1698980957\n|switch|p1a: Victini|Victini|100\/100\n|turn|17\n|\n|t:|1698980972\n|switch|p2a: Terrain Machine|Tapu Koko|22\/100\n|-fieldstart|move: Electric Terrain|[from] ability: Electric Surge|[of] p2a: Terrain Machine\n|-zpower|p1a: Victini\n|move|p1a: Victini|Z-Celebrate|p1a: Victini|[anim]Celebrate\n|-boost|p1a: Victini|atk|1|[zeffect]\n|-boost|p1a: Victini|def|1|[zeffect]\n|-boost|p1a: Victini|spa|1|[zeffect]\n|-boost|p1a: Victini|spd|1|[zeffect]\n|-boost|p1a: Victini|spe|1|[zeffect]\n|-activate|p1a: Victini|move: Celebrate\n|\n|-weather|Snow|[upkeep]\n|upkeep\n|turn|18\n|\n|t:|1698980988\n|move|p1a: Victini|Stored Power|p2a: Terrain Machine\n|-damage|p2a: Terrain Machine|0 fnt\n|faint|p2a: Terrain Machine\n|\n|-weather|Snow|[upkeep]\n|upkeep\n|\n|t:|1698981011\n|switch|p2a: CrazyLegMachine|Iron Valiant|100\/100\n|-activate|p2a: CrazyLegMachine|ability: Quark Drive\n|-start|p2a: CrazyLegMachine|quarkdrivespe\n|turn|19\n|\n|t:|1698981021\n|move|p2a: CrazyLegMachine|Thunder Punch|p1a: Victini\n|-damage|p1a: Victini|81\/100\n|move|p1a: Victini|Stored Power|p2a: CrazyLegMachine\n|-supereffective|p2a: CrazyLegMachine\n|-damage|p2a: CrazyLegMachine|0 fnt\n|faint|p2a: CrazyLegMachine\n|-end|p2a: CrazyLegMachine|Quark Drive|[silent]\n|\n|-weather|Snow|[upkeep]\n|upkeep\n|\n|t:|1698981034\n|switch|p2a: Gardevoir|Gardevoir, M|100\/100\n|turn|20\n|\n|t:|1698981051\n|detailschange|p2a: Gardevoir|Gardevoir-Mega, M\n|-mega|p2a: Gardevoir|Gardevoir|Gardevoirite\n|move|p1a: Victini|Searing Shot|p2a: Gardevoir\n|-damage|p2a: Gardevoir|41\/100\n|move|p2a: Gardevoir|Calm Mind|p2a: Gardevoir\n|-boost|p2a: Gardevoir|spa|1\n|-boost|p2a: Gardevoir|spd|1\n|\n|-weather|Snow|[upkeep]\n|upkeep\n|turn|21\n|c|\u2606Vario 64\u2606\u5f61|rip\n|c|\u2606Vario 64\u2606\u5f61|i think gg\n|\n|t:|1698981078\n|move|p1a: Victini|Searing Shot|p2a: Gardevoir\n|-damage|p2a: Gardevoir|0 fnt\n|faint|p2a: Gardevoir\n|\n|-weather|Snow|[upkeep]\n|upkeep\n|\n|t:|1698981091\n|switch|p2a: Damage Machine|Tapu Lele|10\/100\n|-fieldstart|move: Psychic Terrain|[from] ability: Psychic Surge|[of] p2a: Damage Machine\n|turn|22\n|\n|t:|1698981103\n|move|p1a: Victini|Stored Power|p2a: Damage Machine\n|-resisted|p2a: Damage Machine\n|-damage|p2a: Damage Machine|0 fnt\n|faint|p2a: Damage Machine\n|\n|-weather|Snow|[upkeep]\n|upkeep\n|\n|t:|1698981108\n|switch|p2a: Big Head Machine|Genesect, shiny|47\/100\n|-ability|p2a: Big Head Machine|Download|boost\n|-boost|p2a: Big Head Machine|atk|1\n|turn|23\n|\n|t:|1698981138\n|move|p1a: Victini|Searing Shot|p2a: Big Head Machine\n|-supereffective|p2a: Big Head Machine\n|-damage|p2a: Big Head Machine|0 fnt\n|faint|p2a: Big Head Machine\n|\n|-weather|none\n|upkeep\n|c|\u2606MiraGraves|I think so\n|\n|t:|1698981153\n|switch|p2a: Celesteela|Celesteela|95\/100\n|turn|24\n|c|\u2606Vario 64\u2606\u5f61|gg wp\n|\n|t:|1698981169\n|move|p1a: Victini|Searing Shot|p2a: Celesteela\n|-supereffective|p2a: Celesteela\n|-damage|p2a: Celesteela|0 fnt\n|faint|p2a: Celesteela\n|\n|win|MiraGraves\n|c|\u2606MiraGraves|GG\n","uploadtime":1698981178,"views":13,"p1id":"miragraves","p2id":"vario64","formatid":"gen9nationaldexubers","rating":0,"private":0,"password":""}