{"id":"gen9nationaldexubers-1984375029","p1":"Hittite Jumpscare","p2":"TheBosses27","format":"[Gen 9] National Dex Ubers","log":"|j|\u2606Hittite Jumpscare\n|j|\u2606TheBosses27\n|t:|1699252044\n|gametype|singles\n|player|p1|Hittite Jumpscare|nate|1272\n|player|p2|TheBosses27|bruno|1155\n|teamsize|p1|6\n|teamsize|p2|6\n|gen|9\n|tier|[Gen 9] National Dex Ubers\n|rated|\n|rule|HP Percentage Mod: HP is shown in percentages\n|rule|Endless Battle Clause: Forcing endless battles is banned\n|rule|OHKO Clause: OHKO moves are banned\n|rule|Evasion Moves Clause: Evasion moves are banned\n|rule|Evasion Items Clause: Evasion items are banned\n|rule|Species Clause: Limit one of each Pok\u00e9mon\n|rule|Sleep Clause Mod: Limit one foe put to sleep\n|rule|Mega Rayquaza Clause: You cannot mega evolve Rayquaza\n|clearpoke\n|poke|p1|Ursaluna-Bloodmoon, M|\n|poke|p1|Azumarill, M|\n|poke|p1|Blaziken, M|\n|poke|p1|Zoroark-Hisui, M|\n|poke|p1|Genesect|\n|poke|p1|Slurpuff, M|\n|poke|p2|Annihilape, F|\n|poke|p2|Pawmot, F|\n|poke|p2|Taillow, L1, M|\n|poke|p2|Ribombee, M|\n|poke|p2|Yveltal|\n|poke|p2|Alomomola, M|\n|teampreview\n|inactive|Battle timer is ON: inactive players will automatically lose when time's up. (requested by TheBosses27)\n|inactive|Hittite Jumpscare also wants the timer to be on.\n|\n|t:|1699252057\n|start\n|switch|p1a: That Cupcake|Slurpuff, M|100\/100\n|switch|p2a: Ribombee|Ribombee, M|100\/100\n|turn|1\n|\n|t:|1699252063\n|move|p1a: That Cupcake|Magic Coat|p1a: That Cupcake\n|-singleturn|p1a: That Cupcake|move: Magic Coat\n|move|p2a: Ribombee|Sticky Web|p1a: That Cupcake\n|move|p1a: That Cupcake|Sticky Web|p2a: Ribombee|[from]Magic Coat\n|-sidestart|p2: TheBosses27|move: Sticky Web\n|\n|upkeep\n|turn|2\n|\n|t:|1699252075\n|move|p2a: Ribombee|Sticky Web|p1a: That Cupcake\n|-sidestart|p1: Hittite Jumpscare|move: Sticky Web\n|move|p1a: That Cupcake|Endeavor|p2a: Ribombee\n|-damage|p2a: Ribombee|85\/100\n|\n|upkeep\n|turn|3\n|\n|t:|1699252083\n|move|p2a: Ribombee|Moonblast|p1a: That Cupcake\n|-damage|p1a: That Cupcake|15\/100\n|move|p1a: That Cupcake|Misty Explosion|p2a: Ribombee\n|-damage|p2a: Ribombee|26\/100\n|faint|p1a: That Cupcake\n|\n|upkeep\n|\n|t:|1699252097\n|switch|p1a: Bonnie|Azumarill, M|100\/100\n|-activate|p1a: Bonnie|move: Sticky Web\n|-unboost|p1a: Bonnie|spe|1\n|turn|4\n|\n|t:|1699252101\n|move|p1a: Bonnie|Aqua Jet|p2a: Ribombee\n|-damage|p2a: Ribombee|0 fnt\n|faint|p2a: Ribombee\n|\n|upkeep\n|\n|t:|1699252104\n|switch|p2a: Alomomola|Alomomola, M|100\/100\n|-activate|p2a: Alomomola|move: Sticky Web\n|-unboost|p2a: Alomomola|spe|1\n|turn|5\n|\n|t:|1699252109\n|switch|p1a: ManBehindSlaughter|Genesect|100\/100\n|-activate|p1a: ManBehindSlaughter|move: Sticky Web\n|-unboost|p1a: ManBehindSlaughter|spe|1\n|-ability|p1a: ManBehindSlaughter|Download|boost\n|-boost|p1a: ManBehindSlaughter|spa|1\n|move|p2a: Alomomola|Toxic|p1a: ManBehindSlaughter\n|-immune|p1a: ManBehindSlaughter\n|\n|upkeep\n|turn|6\n|\n|t:|1699252123\n|move|p1a: ManBehindSlaughter|U-turn|p2a: Alomomola\n|-damage|p2a: Alomomola|88\/100\n|\n|t:|1699252126\n|switch|p1a: Freddy Fazbear|Ursaluna-Bloodmoon, M|100\/100|[from] U-turn\n|move|p2a: Alomomola|Flip Turn|p1a: Freddy Fazbear\n|-damage|p1a: Freddy Fazbear|65\/100\n|replace|p1a: Foxy|Zoroark-Hisui, M\n|-end|p1a: Foxy|Illusion\n|\n|t:|1699252136\n|switch|p2a: Yveltal|Yveltal|100\/100|[from] Flip Turn\n|-ability|p2a: Yveltal|Dark Aura\n|\n|upkeep\n|turn|7\n|\n|t:|1699252142\n|move|p1a: Foxy|Hyper Voice|p2a: Yveltal\n|-damage|p2a: Yveltal|74\/100\n|move|p2a: Yveltal|Knock Off|p1a: Foxy\n|-supereffective|p1a: Foxy\n|-damage|p1a: Foxy|0 fnt\n|-enditem|p1a: Foxy|Heavy-Duty Boots|[from] move: Knock Off|[of] p2a: Yveltal\n|faint|p1a: Foxy\n|\n|-heal|p2a: Yveltal|80\/100|[from] item: Leftovers\n|upkeep\n|\n|t:|1699252151\n|switch|p1a: ManBehindSlaughter|Genesect|100\/100\n|-activate|p1a: ManBehindSlaughter|move: Sticky Web\n|-unboost|p1a: ManBehindSlaughter|spe|1\n|-ability|p1a: ManBehindSlaughter|Download|boost\n|-boost|p1a: ManBehindSlaughter|atk|1\n|turn|8\n|\n|t:|1699252157\n|move|p1a: ManBehindSlaughter|Ice Beam|p2a: Yveltal\n|-supereffective|p2a: Yveltal\n|-damage|p2a: Yveltal|47\/100\n|move|p2a: Yveltal|Knock Off|p1a: ManBehindSlaughter\n|-damage|p1a: ManBehindSlaughter|27\/100\n|-enditem|p1a: ManBehindSlaughter|Choice Scarf|[from] move: Knock Off|[of] p2a: Yveltal\n|\n|-heal|p2a: Yveltal|53\/100|[from] item: Leftovers\n|upkeep\n|turn|9\n|\n|t:|1699252166\n|move|p2a: Yveltal|Roost|p2a: Yveltal\n|-heal|p2a: Yveltal|100\/100\n|-singleturn|p2a: Yveltal|move: Roost\n|move|p1a: ManBehindSlaughter|Ice Beam|p2a: Yveltal\n|-damage|p2a: Yveltal|84\/100\n|\n|-heal|p2a: Yveltal|90\/100|[from] item: Leftovers\n|upkeep\n|turn|10\n|\n|t:|1699252174\n|move|p2a: Yveltal|Foul Play|p1a: ManBehindSlaughter\n|-damage|p1a: ManBehindSlaughter|0 fnt\n|faint|p1a: ManBehindSlaughter\n|\n|-heal|p2a: Yveltal|96\/100|[from] item: Leftovers\n|upkeep\n|\n|t:|1699252180\n|switch|p1a: Bonnie|Azumarill, M|100\/100\n|-activate|p1a: Bonnie|move: Sticky Web\n|-unboost|p1a: Bonnie|spe|1\n|turn|11\n|\n|t:|1699252184\n|move|p2a: Yveltal|Knock Off|p1a: Bonnie\n|-resisted|p1a: Bonnie\n|-damage|p1a: Bonnie|72\/100\n|-enditem|p1a: Bonnie|Sitrus Berry|[from] move: Knock Off|[of] p2a: Yveltal\n|move|p1a: Bonnie|Belly Drum|p1a: Bonnie\n|-damage|p1a: Bonnie|22\/100\n|-setboost|p1a: Bonnie|atk|6|[from] move: Belly Drum\n|\n|-heal|p2a: Yveltal|100\/100|[from] item: Leftovers\n|upkeep\n|turn|12\n|\n|t:|1699252200\n|switch|p2a: Taillow|Taillow, L1, M|100\/100\n|-terastallize|p1a: Bonnie|Water\n|move|p1a: Bonnie|Aqua Jet|p2a: Taillow\n|-enditem|p2a: Taillow|Focus Sash\n|-damage|p2a: Taillow|10\/100\n|\n|upkeep\n|turn|13\n|\n|t:|1699252208\n|move|p2a: Taillow|Protect|p2a: Taillow\n|-singleturn|p2a: Taillow|Protect\n|move|p1a: Bonnie|Aqua Jet|p2a: Taillow\n|-activate|p2a: Taillow|move: Protect\n|\n|upkeep\n|turn|14\n|\n|t:|1699252213\n|move|p1a: Bonnie|Aqua Jet|p2a: Taillow\n|-crit|p2a: Taillow\n|-damage|p2a: Taillow|0 fnt\n|faint|p2a: Taillow\n|\n|upkeep\n|\n|t:|1699252215\n|switch|p2a: Pawmot|Pawmot, F|100\/100\n|-activate|p2a: Pawmot|move: Sticky Web\n|-unboost|p2a: Pawmot|spe|1\n|turn|15\n|\n|t:|1699252220\n|move|p2a: Pawmot|Fake Out|p1a: Bonnie\n|-damage|p1a: Bonnie|12\/100\n|cant|p1a: Bonnie|flinch\n|\n|upkeep\n|turn|16\n|\n|t:|1699252225\n|move|p2a: Pawmot|Mach Punch|p1a: Bonnie\n|-damage|p1a: Bonnie|0 fnt\n|faint|p1a: Bonnie\n|\n|upkeep\n|\n|t:|1699252228\n|switch|p1a: Chica|Blaziken, M|100\/100\n|-activate|p1a: Chica|move: Sticky Web\n|-unboost|p1a: Chica|spe|1\n|turn|17\n|\n|t:|1699252233\n|detailschange|p1a: Chica|Blaziken-Mega, M\n|-mega|p1a: Chica|Blaziken|Blazikenite\n|move|p1a: Chica|Protect|p1a: Chica\n|-singleturn|p1a: Chica|Protect\n|move|p2a: Pawmot|Nuzzle|p1a: Chica\n|-activate|p1a: Chica|move: Protect\n|\n|-ability|p1a: Chica|Speed Boost|boost\n|-boost|p1a: Chica|spe|1\n|upkeep\n|turn|18\n|\n|t:|1699252242\n|switch|p1a: Freddy Fazbear|Ursaluna-Bloodmoon, M|100\/100\n|-activate|p1a: Freddy Fazbear|move: Sticky Web\n|-unboost|p1a: Freddy Fazbear|spe|1\n|move|p2a: Pawmot|Nuzzle|p1a: Freddy Fazbear\n|-immune|p1a: Freddy Fazbear\n|\n|upkeep\n|turn|19\n|\n|t:|1699252250\n|switch|p2a: Yveltal|Yveltal|100\/100\n|-ability|p2a: Yveltal|Dark Aura\n|move|p1a: Freddy Fazbear|Blood Moon|p2a: Yveltal\n|-damage|p2a: Yveltal|56\/100\n|\n|-heal|p2a: Yveltal|62\/100|[from] item: Leftovers\n|upkeep\n|turn|20\n|\n|t:|1699252259\n|move|p2a: Yveltal|Knock Off|p1a: Freddy Fazbear\n|-damage|p1a: Freddy Fazbear|56\/100\n|-enditem|p1a: Freddy Fazbear|Leftovers|[from] move: Knock Off|[of] p2a: Yveltal\n|move|p1a: Freddy Fazbear|Calm Mind|p1a: Freddy Fazbear\n|-boost|p1a: Freddy Fazbear|spa|1\n|-boost|p1a: Freddy Fazbear|spd|1\n|\n|-heal|p2a: Yveltal|68\/100|[from] item: Leftovers\n|upkeep\n|turn|21\n|\n|t:|1699252267\n|move|p2a: Yveltal|Roost|p2a: Yveltal\n|-heal|p2a: Yveltal|100\/100\n|-singleturn|p2a: Yveltal|move: Roost\n|move|p1a: Freddy Fazbear|Moonlight|p1a: Freddy Fazbear\n|-heal|p1a: Freddy Fazbear|100\/100\n|\n|upkeep\n|turn|22\n|\n|t:|1699252282\n|move|p2a: Yveltal|Foul Play|p1a: Freddy Fazbear\n|-damage|p1a: Freddy Fazbear|83\/100\n|move|p1a: Freddy Fazbear|Blood Moon|p2a: Yveltal\n|-damage|p2a: Yveltal|34\/100\n|\n|-heal|p2a: Yveltal|40\/100|[from] item: Leftovers\n|upkeep\n|turn|23\n|\n|t:|1699252289\n|move|p2a: Yveltal|Knock Off|p1a: Freddy Fazbear\n|-damage|p1a: Freddy Fazbear|51\/100\n|move|p1a: Freddy Fazbear|Earth Power|p2a: Yveltal\n|-immune|p2a: Yveltal\n|\n|-heal|p2a: Yveltal|46\/100|[from] item: Leftovers\n|upkeep\n|turn|24\n|\n|t:|1699252296\n|move|p2a: Yveltal|Knock Off|p1a: Freddy Fazbear\n|-damage|p1a: Freddy Fazbear|20\/100\n|move|p1a: Freddy Fazbear|Moonlight|p1a: Freddy Fazbear\n|-heal|p1a: Freddy Fazbear|70\/100\n|\n|-heal|p2a: Yveltal|52\/100|[from] item: Leftovers\n|upkeep\n|turn|25\n|\n|t:|1699252306\n|move|p2a: Yveltal|Knock Off|p1a: Freddy Fazbear\n|-damage|p1a: Freddy Fazbear|43\/100\n|move|p1a: Freddy Fazbear|Blood Moon|p2a: Yveltal\n|-damage|p2a: Yveltal|0 fnt\n|faint|p2a: Yveltal\n|\n|upkeep\n|\n|t:|1699252312\n|switch|p2a: Pawmot|Pawmot, F|100\/100\n|-activate|p2a: Pawmot|move: Sticky Web\n|-unboost|p2a: Pawmot|spe|1\n|turn|26\n|\n|t:|1699252316\n|move|p2a: Pawmot|Fake Out|p1a: Freddy Fazbear\n|-damage|p1a: Freddy Fazbear|34\/100\n|cant|p1a: Freddy Fazbear|flinch\n|\n|upkeep\n|turn|27\n|\n|t:|1699252321\n|move|p2a: Pawmot|Mach Punch|p1a: Freddy Fazbear\n|-supereffective|p1a: Freddy Fazbear\n|-damage|p1a: Freddy Fazbear|9\/100\n|move|p1a: Freddy Fazbear|Moonlight|p1a: Freddy Fazbear\n|-heal|p1a: Freddy Fazbear|59\/100\n|\n|upkeep\n|turn|28\n|\n|t:|1699252327\n|switch|p2a: Annihilape|Annihilape, F|100\/100\n|-activate|p2a: Annihilape|move: Sticky Web\n|-unboost|p2a: Annihilape|spe|1\n|-ability|p2a: Annihilape|Defiant|boost\n|-boost|p2a: Annihilape|atk|2\n|move|p1a: Freddy Fazbear|Earth Power|p2a: Annihilape\n|-damage|p2a: Annihilape|37\/100\n|\n|upkeep\n|turn|29\n|\n|t:|1699252336\n|move|p2a: Annihilape|Ice Punch|p1a: Freddy Fazbear\n|-supereffective|p1a: Freddy Fazbear\n|-damage|p1a: Freddy Fazbear|0 fnt\n|faint|p1a: Freddy Fazbear\n|\n|upkeep\n|\n|t:|1699252340\n|switch|p1a: Chica|Blaziken-Mega, M|100\/100\n|-activate|p1a: Chica|move: Sticky Web\n|-unboost|p1a: Chica|spe|1\n|turn|30\n|\n|t:|1699252345\n|move|p1a: Chica|Protect|p1a: Chica\n|-singleturn|p1a: Chica|Protect\n|move|p2a: Annihilape|Ice Punch|p1a: Chica\n|-activate|p1a: Chica|move: Protect\n|\n|-ability|p1a: Chica|Speed Boost|boost\n|-boost|p1a: Chica|spe|1\n|upkeep\n|turn|31\n|\n|t:|1699252352\n|move|p2a: Annihilape|Ice Punch|p1a: Chica\n|-resisted|p1a: Chica\n|-damage|p1a: Chica|74\/100\n|move|p1a: Chica|Swords Dance|p1a: Chica\n|-boost|p1a: Chica|atk|2\n|\n|-ability|p1a: Chica|Speed Boost|boost\n|-boost|p1a: Chica|spe|1\n|upkeep\n|turn|32\n|\n|t:|1699252363\n|move|p1a: Chica|Fire Punch|p2a: Annihilape\n|-damage|p2a: Annihilape|0 fnt\n|faint|p2a: Annihilape\n|\n|-ability|p1a: Chica|Speed Boost|boost\n|-boost|p1a: Chica|spe|1\n|upkeep\n|\n|t:|1699252366\n|switch|p2a: Pawmot|Pawmot, F|100\/100\n|-activate|p2a: Pawmot|move: Sticky Web\n|-unboost|p2a: Pawmot|spe|1\n|turn|33\n|\n|t:|1699252371\n|move|p1a: Chica|Protect|p1a: Chica\n|-singleturn|p1a: Chica|Protect\n|move|p2a: Pawmot|Fake Out|p1a: Chica\n|-activate|p1a: Chica|move: Protect\n|\n|-ability|p1a: Chica|Speed Boost|boost\n|-boost|p1a: Chica|spe|1\n|upkeep\n|turn|34\n|\n|t:|1699252392\n|move|p1a: Chica|Close Combat|p2a: Pawmot\n|-enditem|p2a: Pawmot|Focus Sash\n|-damage|p2a: Pawmot|1\/100\n|-unboost|p1a: Chica|def|1\n|-unboost|p1a: Chica|spd|1\n|move|p2a: Pawmot|Nuzzle|p1a: Chica\n|-damage|p1a: Chica|59\/100\n|-status|p1a: Chica|par\n|\n|-ability|p1a: Chica|Speed Boost|boost\n|-boost|p1a: Chica|spe|1\n|upkeep\n|turn|35\n|\n|t:|1699252403\n|move|p1a: Chica|Fire Punch|p2a: Pawmot\n|-damage|p2a: Pawmot|0 fnt\n|faint|p2a: Pawmot\n|\n|-ability|p1a: Chica|Speed Boost|boost\n|-boost|p1a: Chica|spe|1\n|upkeep\n|\n|t:|1699252406\n|switch|p2a: Alomomola|Alomomola, M|100\/100\n|-activate|p2a: Alomomola|move: Sticky Web\n|-unboost|p2a: Alomomola|spe|1\n|turn|36\n|\n|t:|1699252411\n|move|p1a: Chica|Close Combat|p2a: Alomomola\n|-damage|p2a: Alomomola|21\/100\n|-unboost|p1a: Chica|def|1\n|-unboost|p1a: Chica|spd|1\n|move|p2a: Alomomola|Wish|p2a: Alomomola\n|\n|-heal|p2a: Alomomola|27\/100|[from] item: Leftovers\n|-ability|p1a: Chica|Speed Boost|boost\n|-boost|p1a: Chica|spe|1\n|upkeep\n|turn|37\n|\n|t:|1699252420\n|move|p2a: Alomomola|Protect|p2a: Alomomola\n|-singleturn|p2a: Alomomola|Protect\n|move|p1a: Chica|Close Combat|p2a: Alomomola\n|-activate|p2a: Alomomola|move: Protect\n|\n|-heal|p2a: Alomomola|77\/100|[from] move: Wish|[wisher] Alomomola\n|-heal|p2a: Alomomola|84\/100|[from] item: Leftovers\n|upkeep\n|turn|38\n|\n|t:|1699252429\n|cant|p1a: Chica|par\n|move|p2a: Alomomola|Flip Turn|p1a: Chica\n|-supereffective|p1a: Chica\n|-damage|p1a: Chica|0 fnt\n|faint|p1a: Chica\n|\n|win|TheBosses27\n|raw|Hittite Jumpscare's rating: 1272 &rarr; <strong>1239<\/strong><br \/>(-33 for losing)\n|raw|TheBosses27's rating: 1155 &rarr; <strong>1188<\/strong><br \/>(+33 for winning)\n|c|\u2606Hittite Jumpscare|gg\n|l|\u2606Hittite Jumpscare\n|c|\u2606TheBosses27|Gg\n","uploadtime":1699252449,"views":3,"p1id":"hittitejumpscare","p2id":"thebosses27","formatid":"gen9nationaldexubers","rating":1188,"private":0,"password":""}