{"id":"gen9nationaldexubers-1982985664","p1":"aquiles meo","p2":"blixss","format":"[Gen 9] National Dex Ubers","log":"|j|\u2606aquiles meo\n|j|\u2606blixss\n|t:|1699066448\n|gametype|singles\n|player|p1|aquiles meo|102|1107\n|player|p2|blixss|dawn|1050\n|teamsize|p1|6\n|teamsize|p2|2\n|gen|9\n|tier|[Gen 9] National Dex Ubers\n|rated|\n|rule|HP Percentage Mod: HP is shown in percentages\n|rule|Endless Battle Clause: Forcing endless battles is banned\n|rule|OHKO Clause: OHKO moves are banned\n|rule|Evasion Moves Clause: Evasion moves are banned\n|rule|Evasion Items Clause: Evasion items are banned\n|rule|Species Clause: Limit one of each Pok\u00e9mon\n|rule|Sleep Clause Mod: Limit one foe put to sleep\n|rule|Mega Rayquaza Clause: You cannot mega evolve Rayquaza\n|clearpoke\n|poke|p1|Jirachi|\n|poke|p1|Ho-Oh|\n|poke|p1|Rayquaza|\n|poke|p1|Pidgeot, M|\n|poke|p1|Lucario, M|\n|poke|p1|Luxray, M|\n|poke|p2|Magearna|\n|poke|p2|Jolteon, M|\n|teampreview\n|\n|t:|1699066457\n|start\n|switch|p1a: Ho-Oh|Ho-Oh, shiny|100\/100\n|switch|p2a: Jolteon|Jolteon, M|100\/100\n|turn|1\n|\n|t:|1699066482\n|move|p2a: Jolteon|Light Screen|p2a: Jolteon\n|-sidestart|p2: blixss|move: Light Screen\n|move|p1a: Ho-Oh|Sacred Fire|p2a: Jolteon\n|-damage|p2a: Jolteon|31\/100\n|-status|p2a: Jolteon|brn\n|\n|-damage|p2a: Jolteon|25\/100 brn|[from] brn\n|upkeep\n|turn|2\n|\n|t:|1699066492\n|move|p2a: Jolteon|Reflect|p2a: Jolteon\n|-sidestart|p2: blixss|Reflect\n|move|p1a: Ho-Oh|Ancient Power|p2a: Jolteon\n|-damage|p2a: Jolteon|14\/100 brn\n|\n|-damage|p2a: Jolteon|8\/100 brn|[from] brn\n|upkeep\n|turn|3\n|\n|t:|1699066500\n|move|p2a: Jolteon|Yawn|p1a: Ho-Oh\n|-start|p1a: Ho-Oh|move: Yawn|[of] p2a: Jolteon\n|move|p1a: Ho-Oh|Ancient Power|p2a: Jolteon\n|-damage|p2a: Jolteon|0 fnt\n|faint|p2a: Jolteon\n|\n|upkeep\n|\n|t:|1699066508\n|switch|p2a: Magearna|Magearna|100\/100\n|turn|4\n|\n|t:|1699066515\n|move|p1a: Ho-Oh|Burn Up|p2a: Magearna\n|-supereffective|p2a: Magearna\n|-damage|p2a: Magearna|42\/100\n|-start|p1a: Ho-Oh|typechange|???\/Flying|[from] move: Burn Up\n|-enditem|p2a: Magearna|Weakness Policy\n|-boost|p2a: Magearna|atk|2|[from] item: Weakness Policy\n|-boost|p2a: Magearna|spa|2|[from] item: Weakness Policy\n|move|p2a: Magearna|Shift Gear|p2a: Magearna\n|-boost|p2a: Magearna|spe|2\n|-boost|p2a: Magearna|atk|1\n|\n|-end|p1a: Ho-Oh|move: Yawn|[silent]\n|-status|p1a: Ho-Oh|slp\n|upkeep\n|turn|5\n|\n|t:|1699066531\n|move|p2a: Magearna|Calm Mind|p2a: Magearna\n|-boost|p2a: Magearna|spa|1\n|-boost|p2a: Magearna|spd|1\n|cant|p1a: Ho-Oh|slp\n|\n|upkeep\n|turn|6\n|\n|t:|1699066561\n|switch|p1a: Jirachi|Jirachi, shiny|100\/100\n|move|p2a: Magearna|Draining Kiss|p1a: Jirachi\n|-resisted|p1a: Jirachi\n|-damage|p1a: Jirachi|69\/100\n|-heal|p2a: Magearna|65\/100|[from] drain|[of] p1a: Jirachi\n|\n|-heal|p1a: Jirachi|75\/100|[from] item: Leftovers\n|upkeep\n|turn|7\n|\n|t:|1699066581\n|move|p2a: Magearna|Stored Power|p1a: Jirachi\n|-resisted|p1a: Jirachi\n|-damage|p1a: Jirachi|34\/100\n|move|p1a: Jirachi|Moonblast|p2a: Magearna\n|-resisted|p2a: Magearna\n|-damage|p2a: Magearna|63\/100\n|-unboost|p2a: Magearna|spa|1\n|\n|-heal|p1a: Jirachi|40\/100|[from] item: Leftovers\n|upkeep\n|turn|8\n|\n|t:|1699066597\n|move|p2a: Magearna|Stored Power|p1a: Jirachi\n|-resisted|p1a: Jirachi\n|-damage|p1a: Jirachi|6\/100\n|move|p1a: Jirachi|Wish|p1a: Jirachi\n|\n|-heal|p1a: Jirachi|12\/100|[from] item: Leftovers\n|-sideend|p2: blixss|move: Light Screen\n|upkeep\n|turn|9\n|\n|t:|1699066609\n|move|p2a: Magearna|Stored Power|p1a: Jirachi\n|-resisted|p1a: Jirachi\n|-damage|p1a: Jirachi|0 fnt\n|faint|p1a: Jirachi\n|-ability|p2a: Magearna|Soul-Heart|boost\n|-boost|p2a: Magearna|spa|1\n|\n|-sideend|p2: blixss|Reflect\n|upkeep\n|\n|t:|1699066638\n|switch|p1a: Pidgeot|Pidgeot, M, shiny|100\/100\n|turn|10\n|\n|t:|1699066659\n|detailschange|p1a: Pidgeot|Pidgeot-Mega, M, shiny\n|-mega|p1a: Pidgeot|Pidgeot|Pidgeotite\n|move|p1a: Pidgeot|Tailwind|p1a: Pidgeot\n|-sidestart|p1: aquiles meo|move: Tailwind\n|move|p2a: Magearna|Draining Kiss|p1a: Pidgeot\n|-damage|p1a: Pidgeot|10\/100\n|-heal|p2a: Magearna|100\/100|[from] drain|[of] p1a: Pidgeot\n|\n|upkeep\n|turn|11\n|\n|t:|1699066671\n|move|p1a: Pidgeot|Hurricane|p2a: Magearna\n|-resisted|p2a: Magearna\n|-damage|p2a: Magearna|84\/100\n|-start|p2a: Magearna|confusion\n|-activate|p2a: Magearna|confusion\n|move|p2a: Magearna|Stored Power|p1a: Pidgeot\n|-damage|p1a: Pidgeot|0 fnt\n|faint|p1a: Pidgeot\n|-ability|p2a: Magearna|Soul-Heart|boost\n|-boost|p2a: Magearna|spa|1\n|\n|upkeep\n|\n|t:|1699066699\n|switch|p1a: Luxray|Luxray, M, shiny|100\/100\n|turn|12\n|\n|t:|1699066713\n|-zpower|p1a: Luxray\n|move|p1a: Luxray|Gigavolt Havoc|p2a: Magearna|[zeffect]\n|-damage|p2a: Magearna|12\/100\n|-activate|p2a: Magearna|confusion\n|-damage|p2a: Magearna|0 fnt|[from] confusion\n|faint|p2a: Magearna\n|\n|win|aquiles meo\n|raw|aquiles meo's rating: 1107 &rarr; <strong>1128<\/strong><br \/>(+21 for winning)\n|raw|blixss's rating: 1050 &rarr; <strong>1035<\/strong><br \/>(-15 for losing)\n|l|\u2606blixss\n","uploadtime":1699066726,"views":11,"p1id":"aquilesmeo","p2id":"blixss","formatid":"gen9nationaldexubers","rating":1035,"private":0,"password":""}