{"id":"gen9nationaldexubers-1985712511","p1":"Hyjinks","p2":"TPD DreadNaw","format":"[Gen 9] National Dex Ubers","log":"|j|\u2606Hyjinks\n|j|\u2606TPD DreadNaw\n|inactive|Battle timer is ON: inactive players will automatically lose when time's up.\n|t:|1699398315\n|gametype|singles\n|player|p1|Hyjinks|proton|\n|player|p2|TPD DreadNaw|clay|\n|teamsize|p1|6\n|teamsize|p2|6\n|gen|9\n|tier|[Gen 9] National Dex Ubers\n|rated|Tournament battle\n|rule|HP Percentage Mod: HP is shown in percentages\n|rule|Endless Battle Clause: Forcing endless battles is banned\n|rule|OHKO Clause: OHKO moves are banned\n|rule|Evasion Moves Clause: Evasion moves are banned\n|rule|Evasion Items Clause: Evasion items are banned\n|rule|Species Clause: Limit one of each Pok\u00e9mon\n|rule|Sleep Clause Mod: Limit one foe put to sleep\n|rule|Mega Rayquaza Clause: You cannot mega evolve Rayquaza\n|rule|Dynamax Clause: You cannot dynamax\n|rule|Terastal Clause: You cannot Terastallize\n|rule|Same Type Clause: Pok\u00e9mon in a team must share a type\n|clearpoke\n|poke|p1|Xerneas-*|\n|poke|p1|Magearna-Original|\n|poke|p1|Flutter Mane|\n|poke|p1|Grimmsnarl, M|\n|poke|p1|Iron Valiant|\n|poke|p1|Tapu Fini|\n|poke|p2|Claydol|\n|poke|p2|Garchomp, M|\n|poke|p2|Camerupt, F|\n|poke|p2|Clodsire, F|\n|poke|p2|Ursaluna-Bloodmoon, M|\n|poke|p2|Landorus-Therian, M|\n|teampreview\n|\n|t:|1699398339\n|start\n|switch|p1a: Grimmsnarl|Grimmsnarl, M|100\/100\n|switch|p2a: Clodsire|Clodsire, F|100\/100\n|turn|1\n|\n|t:|1699398351\n|move|p1a: Grimmsnarl|Taunt|p2a: Clodsire\n|-start|p2a: Clodsire|move: Taunt\n|cant|p2a: Clodsire|move: Taunt|Toxic Spikes\n|\n|upkeep\n|turn|2\n|\n|t:|1699398354\n|move|p1a: Grimmsnarl|Light Screen|p1a: Grimmsnarl\n|-sidestart|p1: Hyjinks|move: Light Screen\n|move|p2a: Clodsire|Poison Jab|p1a: Grimmsnarl\n|-supereffective|p1a: Grimmsnarl\n|-damage|p1a: Grimmsnarl|50\/100\n|-status|p1a: Grimmsnarl|psn\n|\n|-damage|p1a: Grimmsnarl|38\/100 psn|[from] psn\n|upkeep\n|turn|3\n|\n|t:|1699398362\n|switch|p2a: Zoro-ark|Claydol|100\/100\n|move|p1a: Grimmsnarl|Reflect|p1a: Grimmsnarl\n|-sidestart|p1: Hyjinks|Reflect\n|\n|-damage|p1a: Grimmsnarl|25\/100 psn|[from] psn\n|upkeep\n|turn|4\n|\n|t:|1699398364\n|move|p1a: Grimmsnarl|Taunt|p2a: Zoro-ark\n|-start|p2a: Zoro-ark|move: Taunt\n|cant|p2a: Zoro-ark|move: Taunt|Cosmic Power\n|\n|-damage|p1a: Grimmsnarl|13\/100 psn|[from] psn\n|upkeep\n|turn|5\n|\n|t:|1699398368\n|switch|p2a: Clodsire|Clodsire, F|100\/100\n|move|p1a: Grimmsnarl|Parting Shot|p2a: Clodsire\n|-unboost|p2a: Clodsire|atk|1\n|-unboost|p2a: Clodsire|spa|1\n|\n|t:|1699398379\n|switch|p1a: Magearna|Magearna-Original|100\/100|[from] Parting Shot\n|\n|upkeep\n|turn|6\n|\n|t:|1699398386\n|switch|p2a: Zoro-ark|Claydol|100\/100\n|move|p1a: Magearna|Iron Defense|p1a: Magearna\n|-boost|p1a: Magearna|def|2\n|\n|upkeep\n|turn|7\n|\n|t:|1699398389\n|move|p2a: Zoro-ark|Cosmic Power|p2a: Zoro-ark\n|-boost|p2a: Zoro-ark|def|1\n|-boost|p2a: Zoro-ark|spd|1\n|move|p1a: Magearna|Calm Mind|p1a: Magearna\n|-boost|p1a: Magearna|spa|1\n|-boost|p1a: Magearna|spd|1\n|\n|upkeep\n|turn|8\n|\n|t:|1699398393\n|move|p2a: Zoro-ark|Cosmic Power|p2a: Zoro-ark\n|-boost|p2a: Zoro-ark|def|1\n|-boost|p2a: Zoro-ark|spd|1\n|move|p1a: Magearna|Calm Mind|p1a: Magearna\n|-boost|p1a: Magearna|spa|1\n|-boost|p1a: Magearna|spd|1\n|\n|upkeep\n|turn|9\n|\n|t:|1699398398\n|move|p2a: Zoro-ark|Cosmic Power|p2a: Zoro-ark\n|-boost|p2a: Zoro-ark|def|1\n|-boost|p2a: Zoro-ark|spd|1\n|move|p1a: Magearna|Calm Mind|p1a: Magearna\n|-boost|p1a: Magearna|spa|1\n|-boost|p1a: Magearna|spd|1\n|\n|-sideend|p1: Hyjinks|move: Light Screen\n|upkeep\n|turn|10\n|\n|t:|1699398402\n|move|p2a: Zoro-ark|Cosmic Power|p2a: Zoro-ark\n|-boost|p2a: Zoro-ark|def|1\n|-boost|p2a: Zoro-ark|spd|1\n|move|p1a: Magearna|Iron Defense|p1a: Magearna\n|-boost|p1a: Magearna|def|2\n|\n|-sideend|p1: Hyjinks|Reflect\n|upkeep\n|turn|11\n|\n|t:|1699398408\n|move|p2a: Zoro-ark|Cosmic Power|p2a: Zoro-ark\n|-boost|p2a: Zoro-ark|def|1\n|-boost|p2a: Zoro-ark|spd|1\n|move|p1a: Magearna|Calm Mind|p1a: Magearna\n|-boost|p1a: Magearna|spa|1\n|-boost|p1a: Magearna|spd|1\n|\n|upkeep\n|turn|12\n|\n|t:|1699398413\n|move|p2a: Zoro-ark|Cosmic Power|p2a: Zoro-ark\n|-boost|p2a: Zoro-ark|def|1\n|-boost|p2a: Zoro-ark|spd|1\n|move|p1a: Magearna|Calm Mind|p1a: Magearna\n|-boost|p1a: Magearna|spa|1\n|-boost|p1a: Magearna|spd|1\n|\n|upkeep\n|turn|13\n|\n|t:|1699398418\n|move|p2a: Zoro-ark|Body Press|p1a: Magearna\n|-damage|p1a: Magearna|79\/100\n|move|p1a: Magearna|Calm Mind|p1a: Magearna\n|-boost|p1a: Magearna|spa|1\n|-boost|p1a: Magearna|spd|1\n|\n|-heal|p1a: Magearna|85\/100|[from] item: Leftovers\n|upkeep\n|turn|14\n|\n|t:|1699398422\n|move|p2a: Zoro-ark|Body Press|p1a: Magearna\n|-damage|p1a: Magearna|65\/100\n|move|p1a: Magearna|Iron Defense|p1a: Magearna\n|-boost|p1a: Magearna|def|2\n|\n|-heal|p1a: Magearna|71\/100|[from] item: Leftovers\n|upkeep\n|turn|15\n|\n|t:|1699398427\n|move|p2a: Zoro-ark|Body Press|p1a: Magearna\n|-damage|p1a: Magearna|54\/100\n|move|p1a: Magearna|Stored Power|p2a: Zoro-ark\n|-resisted|p2a: Zoro-ark\n|-damage|p2a: Zoro-ark|63\/100\n|\n|-heal|p2a: Zoro-ark|69\/100|[from] item: Leftovers\n|-heal|p1a: Magearna|60\/100|[from] item: Leftovers\n|upkeep\n|turn|16\n|\n|t:|1699398430\n|move|p2a: Zoro-ark|Stored Power|p1a: Magearna\n|-resisted|p1a: Magearna\n|-damage|p1a: Magearna|54\/100\n|move|p1a: Magearna|Stored Power|p2a: Zoro-ark\n|-resisted|p2a: Zoro-ark\n|-damage|p2a: Zoro-ark|30\/100\n|\n|-heal|p2a: Zoro-ark|36\/100|[from] item: Leftovers\n|-heal|p1a: Magearna|60\/100|[from] item: Leftovers\n|upkeep\n|turn|17\n|\n|t:|1699398435\n|move|p2a: Zoro-ark|Rest|p2a: Zoro-ark\n|-status|p2a: Zoro-ark|slp|[from] move: Rest\n|-heal|p2a: Zoro-ark|100\/100 slp|[silent]\n|move|p1a: Magearna|Stored Power|p2a: Zoro-ark\n|-resisted|p2a: Zoro-ark\n|-damage|p2a: Zoro-ark|63\/100 slp\n|\n|-heal|p2a: Zoro-ark|69\/100 slp|[from] item: Leftovers\n|-heal|p1a: Magearna|66\/100|[from] item: Leftovers\n|upkeep\n|turn|18\n|\n|t:|1699398438\n|cant|p2a: Zoro-ark|slp\n|move|p1a: Magearna|Stored Power|p2a: Zoro-ark\n|-resisted|p2a: Zoro-ark\n|-damage|p2a: Zoro-ark|34\/100 slp\n|\n|-heal|p2a: Zoro-ark|41\/100 slp|[from] item: Leftovers\n|-heal|p1a: Magearna|72\/100|[from] item: Leftovers\n|upkeep\n|turn|19\n|\n|t:|1699398440\n|cant|p2a: Zoro-ark|slp\n|move|p1a: Magearna|Stored Power|p2a: Zoro-ark\n|-resisted|p2a: Zoro-ark\n|-damage|p2a: Zoro-ark|6\/100 slp\n|\n|-heal|p2a: Zoro-ark|12\/100 slp|[from] item: Leftovers\n|-heal|p1a: Magearna|79\/100|[from] item: Leftovers\n|upkeep\n|turn|20\n|\n|t:|1699398446\n|-curestatus|p2a: Zoro-ark|slp|[msg]\n|move|p2a: Zoro-ark|Body Press|p1a: Magearna\n|-damage|p1a: Magearna|61\/100\n|move|p1a: Magearna|Stored Power|p2a: Zoro-ark\n|-resisted|p2a: Zoro-ark\n|-damage|p2a: Zoro-ark|0 fnt\n|faint|p2a: Zoro-ark\n|\n|-heal|p1a: Magearna|67\/100|[from] item: Leftovers\n|upkeep\n|\n|t:|1699398461\n|switch|p2a: Ursaluna|Ursaluna-Bloodmoon, M|100\/100\n|turn|21\n|\n|t:|1699398467\n|move|p1a: Magearna|Stored Power|p2a: Ursaluna\n|-damage|p2a: Ursaluna|0 fnt\n|faint|p2a: Ursaluna\n|\n|-heal|p1a: Magearna|73\/100|[from] item: Leftovers\n|upkeep\n|\n|t:|1699398470\n|switch|p2a: Camerupt|Camerupt, F|100\/100\n|turn|22\n|\n|t:|1699398473\n|detailschange|p2a: Camerupt|Camerupt-Mega, F\n|-mega|p2a: Camerupt|Camerupt|Cameruptite\n|move|p1a: Magearna|Stored Power|p2a: Camerupt\n|-damage|p2a: Camerupt|0 fnt\n|faint|p2a: Camerupt\n|\n|-heal|p1a: Magearna|79\/100|[from] item: Leftovers\n|upkeep\n|-message|TPD DreadNaw forfeited.\n|\n|win|Hyjinks\n|n|\u2606Hyjinks|hyjinks\n|n|\u2606TPD DreadNaw|tpddreadnaw\n|l|\u2606TPD DreadNaw\n|l|\u2606Hyjinks\n|j| bruised thighs\u2661\n|l| bruised thighs\u2661\n|j| Fixzation\n|l| Fixzation\n","uploadtime":1699398983,"views":5,"p1id":"hyjinks","p2id":"tpddreadnaw","formatid":"gen9nationaldexubers","rating":0,"private":0,"password":""}