{"id":"gen9nationaldexubers-1989129014","p1":"ssdxgamer4","p2":"KarmaKazama0","format":"[Gen 9] National Dex Ubers","log":"|j|\u2606ssdxgamer4\n|j|\u2606KarmaKazama0\n|t:|1699815337\n|gametype|singles\n|player|p1|ssdxgamer4|wattson|1262\n|player|p2|KarmaKazama0|1|1299\n|teamsize|p1|6\n|teamsize|p2|6\n|gen|9\n|tier|[Gen 9] National Dex Ubers\n|rated|\n|rule|HP Percentage Mod: HP is shown in percentages\n|rule|Endless Battle Clause: Forcing endless battles is banned\n|rule|OHKO Clause: OHKO moves are banned\n|rule|Evasion Moves Clause: Evasion moves are banned\n|rule|Evasion Items Clause: Evasion items are banned\n|rule|Species Clause: Limit one of each Pok\u00e9mon\n|rule|Sleep Clause Mod: Limit one foe put to sleep\n|rule|Mega Rayquaza Clause: You cannot mega evolve Rayquaza\n|clearpoke\n|poke|p1|Charizard, F|\n|poke|p1|Greninja-*, M|\n|poke|p1|Garchomp, M|\n|poke|p1|Salamence, F|\n|poke|p1|Heatran, F|\n|poke|p1|Melmetal|\n|poke|p2|Salamence, F|\n|poke|p2|Kyogre|\n|poke|p2|Buzzwole|\n|poke|p2|Eternatus|\n|poke|p2|Arceus-Fairy|\n|poke|p2|Kingambit, M|\n|teampreview\n|inactive|Battle timer is ON: inactive players will automatically lose when time's up. (requested by KarmaKazama0)\n|\n|t:|1699815355\n|start\n|switch|p1a: Garchomp|Garchomp, M|100\/100\n|switch|p2a: Kyogre|Kyogre|100\/100\n|detailschange|p2a: Kyogre|Kyogre-Primal\n|-primal|p2a: Kyogre|Blue Orb\n|-weather|PrimordialSea|[from] ability: Primordial Sea|[of] p2a: Kyogre\n|turn|1\n|\n|t:|1699815369\n|switch|p1a: Greninja|Greninja, M|100\/100\n|move|p2a: Kyogre|Ice Beam|p1a: Greninja\n|-resisted|p1a: Greninja\n|-damage|p1a: Greninja|67\/100\n|\n|-weather|PrimordialSea|[upkeep]\n|upkeep\n|turn|2\n|\n|t:|1699815387\n|move|p1a: Greninja|Gunk Shot|p2a: Kyogre\n|-damage|p2a: Kyogre|59\/100\n|-status|p2a: Kyogre|psn\n|move|p2a: Kyogre|Origin Pulse|p1a: Greninja|[miss]\n|-miss|p2a: Kyogre|p1a: Greninja\n|\n|-weather|PrimordialSea|[upkeep]\n|-damage|p2a: Kyogre|46\/100 psn|[from] psn\n|upkeep\n|turn|3\n|\n|t:|1699815393\n|move|p1a: Greninja|Gunk Shot|p2a: Kyogre\n|-damage|p2a: Kyogre|6\/100 psn\n|move|p2a: Kyogre|Origin Pulse|p1a: Greninja\n|-resisted|p1a: Greninja\n|-damage|p1a: Greninja|0 fnt\n|faint|p1a: Greninja\n|\n|-weather|PrimordialSea|[upkeep]\n|-damage|p2a: Kyogre|0 fnt|[from] psn\n|faint|p2a: Kyogre\n|-weather|none\n|upkeep\n|\n|t:|1699815404\n|switch|p1a: Garchomp|Garchomp, M|100\/100\n|switch|p2a: Eternatus|Eternatus|100\/100\n|-ability|p2a: Eternatus|Pressure\n|turn|4\n|\n|t:|1699815428\n|switch|p1a: Heatran|Heatran, F|100\/100\n|move|p2a: Eternatus|Dynamax Cannon|p1a: Heatran\n|-resisted|p1a: Heatran\n|-damage|p1a: Heatran|86\/100\n|\n|upkeep\n|turn|5\n|\n|t:|1699815441\n|switch|p2a: Salamence|Salamence, F|100\/100\n|-ability|p2a: Salamence|Intimidate|boost\n|-unboost|p1a: Heatran|atk|1\n|move|p1a: Heatran|Dragon Pulse|p2a: Salamence\n|-supereffective|p2a: Salamence\n|-damage|p2a: Salamence|43\/100\n|\n|upkeep\n|turn|6\n|\n|t:|1699815455\n|switch|p2a: Arceus|Arceus-Fairy|100\/100\n|move|p1a: Heatran|Dragon Pulse|p2a: Arceus\n|-immune|p2a: Arceus\n|\n|upkeep\n|turn|7\n|\n|t:|1699815457\n|move|p2a: Arceus|Earth Power|p1a: Heatran\n|-supereffective|p1a: Heatran\n|-damage|p1a: Heatran|39\/100\n|move|p1a: Heatran|Flash Cannon|p2a: Arceus\n|-supereffective|p2a: Arceus\n|-damage|p2a: Arceus|53\/100\n|\n|upkeep\n|turn|8\n|\n|t:|1699815465\n|-terastallize|p1a: Heatran|Fire\n|move|p2a: Arceus|Recover|p2a: Arceus\n|-heal|p2a: Arceus|100\/100\n|move|p1a: Heatran|Flash Cannon|p2a: Arceus\n|-supereffective|p2a: Arceus\n|-damage|p2a: Arceus|57\/100\n|\n|upkeep\n|turn|9\n|\n|t:|1699815482\n|-terastallize|p2a: Arceus|Poison\n|move|p2a: Arceus|Earth Power|p1a: Heatran\n|-supereffective|p1a: Heatran\n|-damage|p1a: Heatran|16\/100\n|-unboost|p1a: Heatran|spd|1\n|move|p1a: Heatran|Flash Cannon|p2a: Arceus\n|-damage|p2a: Arceus|33\/100\n|\n|upkeep\n|turn|10\n|\n|t:|1699815491\n|move|p2a: Arceus|Recover|p2a: Arceus\n|-heal|p2a: Arceus|83\/100\n|move|p1a: Heatran|Earth Power|p2a: Arceus\n|-supereffective|p2a: Arceus\n|-damage|p2a: Arceus|45\/100\n|\n|upkeep\n|turn|11\n|\n|t:|1699815496\n|move|p2a: Arceus|Earth Power|p1a: Heatran\n|-supereffective|p1a: Heatran\n|-damage|p1a: Heatran|0 fnt\n|faint|p1a: Heatran\n|\n|upkeep\n|\n|t:|1699815510\n|switch|p1a: Melmetal|Melmetal|100\/100\n|turn|12\n|\n|t:|1699815515\n|switch|p2a: Buzzwole|Buzzwole|100\/100\n|move|p1a: Melmetal|Heavy Slam|p2a: Buzzwole\n|-damage|p2a: Buzzwole|88\/100\n|\n|upkeep\n|turn|13\n|\n|t:|1699815524\n|move|p2a: Buzzwole|Ice Punch|p1a: Melmetal\n|-resisted|p1a: Melmetal\n|-damage|p1a: Melmetal|95\/100\n|-status|p1a: Melmetal|frz\n|cant|p1a: Melmetal|frz\n|\n|upkeep\n|turn|14\n|\n|t:|1699815529\n|move|p2a: Buzzwole|Drain Punch|p1a: Melmetal\n|-supereffective|p1a: Melmetal\n|-damage|p1a: Melmetal|64\/100 frz\n|-heal|p2a: Buzzwole|100\/100|[from] drain|[of] p1a: Melmetal\n|-curestatus|p1a: Melmetal|frz|[msg]\n|move|p1a: Melmetal|Acid Armor|p1a: Melmetal\n|-boost|p1a: Melmetal|def|2\n|\n|upkeep\n|turn|15\n|\n|t:|1699815533\n|move|p2a: Buzzwole|Bulk Up|p2a: Buzzwole\n|-boost|p2a: Buzzwole|atk|1\n|-boost|p2a: Buzzwole|def|1\n|move|p1a: Melmetal|Acid Armor|p1a: Melmetal\n|-boost|p1a: Melmetal|def|2\n|\n|upkeep\n|turn|16\n|\n|t:|1699815537\n|move|p2a: Buzzwole|Bulk Up|p2a: Buzzwole\n|-boost|p2a: Buzzwole|atk|1\n|-boost|p2a: Buzzwole|def|1\n|move|p1a: Melmetal|Acid Armor|p1a: Melmetal\n|-boost|p1a: Melmetal|def|2\n|\n|upkeep\n|turn|17\n|\n|t:|1699815540\n|move|p2a: Buzzwole|Drain Punch|p1a: Melmetal\n|-supereffective|p1a: Melmetal\n|-damage|p1a: Melmetal|47\/100\n|move|p1a: Melmetal|Body Press|p2a: Buzzwole\n|-resisted|p2a: Buzzwole\n|-damage|p2a: Buzzwole|85\/100\n|\n|upkeep\n|turn|18\n|\n|t:|1699815551\n|move|p2a: Buzzwole|Drain Punch|p1a: Melmetal\n|-supereffective|p1a: Melmetal\n|-damage|p1a: Melmetal|31\/100\n|-heal|p2a: Buzzwole|93\/100|[from] drain|[of] p1a: Melmetal\n|move|p1a: Melmetal|Body Press|p2a: Buzzwole\n|-resisted|p2a: Buzzwole\n|-damage|p2a: Buzzwole|76\/100\n|\n|upkeep\n|turn|19\n|\n|t:|1699815558\n|move|p2a: Buzzwole|Bulk Up|p2a: Buzzwole\n|-boost|p2a: Buzzwole|atk|1\n|-boost|p2a: Buzzwole|def|1\n|move|p1a: Melmetal|Darkest Lariat|p2a: Buzzwole\n|-resisted|p2a: Buzzwole\n|-damage|p2a: Buzzwole|70\/100\n|\n|upkeep\n|turn|20\n|\n|t:|1699815565\n|move|p2a: Buzzwole|Roost|p2a: Buzzwole\n|-heal|p2a: Buzzwole|100\/100\n|-singleturn|p2a: Buzzwole|move: Roost\n|move|p1a: Melmetal|Body Press|p2a: Buzzwole\n|-resisted|p2a: Buzzwole\n|-damage|p2a: Buzzwole|89\/100\n|\n|upkeep\n|turn|21\n|\n|t:|1699815570\n|move|p2a: Buzzwole|Drain Punch|p1a: Melmetal\n|-supereffective|p1a: Melmetal\n|-damage|p1a: Melmetal|11\/100\n|-heal|p2a: Buzzwole|98\/100|[from] drain|[of] p1a: Melmetal\n|-enditem|p1a: Melmetal|Aguav Berry|[eat]\n|-heal|p1a: Melmetal|45\/100|[from] item: Aguav Berry\n|move|p1a: Melmetal|Heavy Slam|p2a: Buzzwole\n|-damage|p2a: Buzzwole|92\/100\n|\n|upkeep\n|turn|22\n|\n|t:|1699815577\n|move|p2a: Buzzwole|Drain Punch|p1a: Melmetal\n|-supereffective|p1a: Melmetal\n|-damage|p1a: Melmetal|26\/100\n|-heal|p2a: Buzzwole|100\/100|[from] drain|[of] p1a: Melmetal\n|move|p1a: Melmetal|Darkest Lariat|p2a: Buzzwole\n|-resisted|p2a: Buzzwole\n|-damage|p2a: Buzzwole|94\/100\n|\n|upkeep\n|turn|23\n|\n|t:|1699815581\n|move|p2a: Buzzwole|Bulk Up|p2a: Buzzwole\n|-boost|p2a: Buzzwole|atk|1\n|-boost|p2a: Buzzwole|def|1\n|move|p1a: Melmetal|Darkest Lariat|p2a: Buzzwole\n|-resisted|p2a: Buzzwole\n|-damage|p2a: Buzzwole|88\/100\n|\n|upkeep\n|turn|24\n|\n|t:|1699815585\n|move|p2a: Buzzwole|Bulk Up|p2a: Buzzwole\n|-boost|p2a: Buzzwole|atk|1\n|-boost|p2a: Buzzwole|def|1\n|move|p1a: Melmetal|Darkest Lariat|p2a: Buzzwole\n|-resisted|p2a: Buzzwole\n|-damage|p2a: Buzzwole|81\/100\n|\n|upkeep\n|turn|25\n|\n|t:|1699815588\n|switch|p1a: Charizard|Charizard, F|100\/100\n|move|p2a: Buzzwole|Drain Punch|p1a: Charizard\n|-resisted|p1a: Charizard\n|-damage|p1a: Charizard|21\/100\n|-heal|p2a: Buzzwole|100\/100|[from] drain|[of] p1a: Charizard\n|\n|upkeep\n|turn|26\n|\n|t:|1699815597\n|switch|p2a: Eternatus|Eternatus|100\/100\n|-ability|p2a: Eternatus|Pressure\n|detailschange|p1a: Charizard|Charizard-Mega-Y, F\n|-mega|p1a: Charizard|Charizard|Charizardite Y\n|-weather|SunnyDay|[from] ability: Drought|[of] p1a: Charizard\n|move|p1a: Charizard|Flamethrower|p2a: Eternatus\n|-resisted|p2a: Eternatus\n|-damage|p2a: Eternatus|62\/100\n|\n|-weather|SunnyDay|[upkeep]\n|upkeep\n|turn|27\n|\n|t:|1699815603\n|move|p2a: Eternatus|Dynamax Cannon|p1a: Charizard\n|-damage|p1a: Charizard|0 fnt\n|faint|p1a: Charizard\n|\n|-weather|SunnyDay|[upkeep]\n|upkeep\n|\n|t:|1699815606\n|switch|p1a: Garchomp|Garchomp, M|100\/100\n|turn|28\n|\n|t:|1699815611\n|switch|p2a: Buzzwole|Buzzwole|100\/100\n|move|p1a: Garchomp|Stone Edge|p2a: Buzzwole\n|-damage|p2a: Buzzwole|74\/100\n|\n|-weather|SunnyDay|[upkeep]\n|upkeep\n|turn|29\n|\n|t:|1699815616\n|switch|p1a: Melmetal|Melmetal|26\/100\n|move|p2a: Buzzwole|Ice Punch|p1a: Melmetal\n|-resisted|p1a: Melmetal\n|-damage|p1a: Melmetal|20\/100\n|\n|-weather|SunnyDay|[upkeep]\n|upkeep\n|turn|30\n|\n|t:|1699815623\n|move|p2a: Buzzwole|Roost|p2a: Buzzwole\n|-heal|p2a: Buzzwole|100\/100\n|-singleturn|p2a: Buzzwole|move: Roost\n|move|p1a: Melmetal|Darkest Lariat|p2a: Buzzwole\n|-resisted|p2a: Buzzwole\n|-damage|p2a: Buzzwole|95\/100\n|\n|-weather|none\n|upkeep\n|turn|31\n|\n|t:|1699815630\n|move|p2a: Buzzwole|Bulk Up|p2a: Buzzwole\n|-boost|p2a: Buzzwole|atk|1\n|-boost|p2a: Buzzwole|def|1\n|move|p1a: Melmetal|Darkest Lariat|p2a: Buzzwole\n|-resisted|p2a: Buzzwole\n|-crit|p2a: Buzzwole\n|-damage|p2a: Buzzwole|85\/100\n|\n|upkeep\n|turn|32\n|\n|t:|1699815634\n|switch|p1a: Salamence|Salamence, F|100\/100\n|move|p2a: Buzzwole|Bulk Up|p2a: Buzzwole\n|-boost|p2a: Buzzwole|atk|1\n|-boost|p2a: Buzzwole|def|1\n|\n|upkeep\n|turn|33\n|\n|t:|1699815639\n|move|p1a: Salamence|Dragon Dance|p1a: Salamence\n|-boost|p1a: Salamence|atk|1\n|-boost|p1a: Salamence|spe|1\n|move|p2a: Buzzwole|Ice Punch|p1a: Salamence\n|-supereffective|p1a: Salamence\n|-enditem|p1a: Salamence|Focus Sash\n|-damage|p1a: Salamence|1\/100\n|\n|upkeep\n|turn|34\n|\n|t:|1699815647\n|move|p1a: Salamence|Dual Wingbeat|p2a: Buzzwole\n|-supereffective|p2a: Buzzwole\n|-damage|p2a: Buzzwole|54\/100\n|-supereffective|p2a: Buzzwole\n|-damage|p2a: Buzzwole|18\/100\n|-hitcount|p2a: Buzzwole|2\n|move|p2a: Buzzwole|Ice Punch|p1a: Salamence\n|-supereffective|p1a: Salamence\n|-damage|p1a: Salamence|0 fnt\n|faint|p1a: Salamence\n|-ability|p2a: Buzzwole|Beast Boost|boost\n|-boost|p2a: Buzzwole|def|1\n|\n|upkeep\n|\n|t:|1699815650\n|switch|p1a: Garchomp|Garchomp, M|100\/100\n|turn|35\n|\n|t:|1699815663\n|move|p1a: Garchomp|Dragon Claw|p2a: Buzzwole\n|-damage|p2a: Buzzwole|6\/100\n|move|p2a: Buzzwole|Roost|p2a: Buzzwole\n|-heal|p2a: Buzzwole|56\/100\n|-singleturn|p2a: Buzzwole|move: Roost\n|\n|upkeep\n|turn|36\n|-message|ssdxgamer4 forfeited.\n|\n|win|KarmaKazama0\n|raw|ssdxgamer4's rating: 1262 &rarr; <strong>1240<\/strong><br \/>(-22 for losing)\n|raw|KarmaKazama0's rating: 1299 &rarr; <strong>1321<\/strong><br \/>(+22 for winning)\n|l|\u2606ssdxgamer4\n","uploadtime":1699815672,"views":10,"p1id":"ssdxgamer4","p2id":"karmakazama0","formatid":"gen9nationaldexubers","rating":1240,"private":0,"password":""}