{"id":"gen9nationaldexubers-1979689161","p1":"Are En Gee","p2":"Log4j","format":"[Gen 9] National Dex Ubers","log":"|j|\u2606Are En Gee\n|j|\u2606Log4j\n|t:|1698703491\n|gametype|singles\n|player|p1|Are En Gee|zinnia|1729\n|player|p2|Log4j|170|1777\n|teamsize|p1|6\n|teamsize|p2|6\n|gen|9\n|tier|[Gen 9] National Dex Ubers\n|rated|\n|rule|HP Percentage Mod: HP is shown in percentages\n|rule|Endless Battle Clause: Forcing endless battles is banned\n|rule|OHKO Clause: OHKO moves are banned\n|rule|Evasion Moves Clause: Evasion moves are banned\n|rule|Evasion Items Clause: Evasion items are banned\n|rule|Species Clause: Limit one of each Pok\u00e9mon\n|rule|Sleep Clause Mod: Limit one foe put to sleep\n|rule|Mega Rayquaza Clause: You cannot mega evolve Rayquaza\n|clearpoke\n|poke|p1|Zygarde|\n|poke|p1|Arceus-Water|\n|poke|p1|Scizor, F|\n|poke|p1|Ferrothorn, F|\n|poke|p1|Ho-Oh|\n|poke|p1|Ditto|\n|poke|p2|Ho-Oh|\n|poke|p2|Groudon|\n|poke|p2|Zacian-*|\n|poke|p2|Arceus|\n|poke|p2|Xerneas-*|\n|poke|p2|Kyogre|\n|teampreview\n|inactive|Battle timer is ON: inactive players will automatically lose when time's up. (requested by Are En Gee)\n|inactive|Log4j has 120 seconds left.\n|\n|t:|1698703565\n|start\n|switch|p1a: Ferrothorn|Ferrothorn, F|100\/100\n|switch|p2a: Groudon|Groudon|100\/100\n|detailschange|p2a: Groudon|Groudon-Primal\n|-primal|p2a: Groudon|Red Orb\n|-weather|DesolateLand|[from] ability: Desolate Land|[of] p2a: Groudon\n|turn|1\n|\n|t:|1698703571\n|switch|p1a: Zygarde|Zygarde|100\/100\n|move|p2a: Groudon|Overheat|p1a: Zygarde\n|-resisted|p1a: Zygarde\n|-damage|p1a: Zygarde|56\/100\n|-unboost|p2a: Groudon|spa|2\n|\n|-weather|DesolateLand|[upkeep]\n|-heal|p1a: Zygarde|62\/100|[from] item: Leftovers\n|upkeep\n|turn|2\n|\n|t:|1698703577\n|-weather|none\n|switch|p2a: Ho-Oh|Ho-Oh|100\/100\n|move|p1a: Zygarde|Thousand Waves|p2a: Ho-Oh\n|-immune|p2a: Ho-Oh\n|\n|-heal|p1a: Zygarde|68\/100|[from] item: Leftovers\n|upkeep\n|turn|3\n|\n|t:|1698703583\n|switch|p1a: Ho-Oh|Ho-Oh|100\/100\n|move|p2a: Ho-Oh|Toxic|p1a: Ho-Oh\n|-status|p1a: Ho-Oh|tox\n|\n|-damage|p1a: Ho-Oh|94\/100 tox|[from] psn\n|upkeep\n|turn|4\n|\n|t:|1698703589\n|switch|p2a: Zacian|Zacian-Crowned|100\/100\n|-ability|p2a: Zacian|Intrepid Sword|boost\n|-boost|p2a: Zacian|atk|1\n|move|p1a: Ho-Oh|Toxic|p2a: Zacian\n|-immune|p2a: Zacian\n|\n|-damage|p1a: Ho-Oh|82\/100 tox|[from] psn\n|upkeep\n|turn|5\n|\n|t:|1698703603\n|switch|p1a: Scizor|Scizor, F|100\/100\n|move|p2a: Zacian|Swords Dance|p2a: Zacian\n|-boost|p2a: Zacian|atk|2\n|\n|upkeep\n|turn|6\n|\n|t:|1698703606\n|detailschange|p1a: Scizor|Scizor-Mega, F\n|-mega|p1a: Scizor|Scizor|Scizorite\n|move|p2a: Zacian|Close Combat|p1a: Scizor\n|-damage|p1a: Scizor|35\/100\n|-unboost|p2a: Zacian|def|1\n|-unboost|p2a: Zacian|spd|1\n|move|p1a: Scizor|U-turn|p2a: Zacian\n|-resisted|p2a: Zacian\n|-damage|p2a: Zacian|89\/100\n|\n|t:|1698703610\n|switch|p1a: Ditto|Ditto|100\/100|[from] U-turn\n|-transform|p1a: Ditto|p2a: Zacian|[from] ability: Imposter\n|-ability|p1a: Ditto|Intrepid Sword|boost\n|-boost|p1a: Ditto|atk|1\n|\n|upkeep\n|turn|7\n|\n|t:|1698703617\n|switch|p2a: Ho-Oh|Ho-Oh|100\/100\n|move|p1a: Ditto|Close Combat|p2a: Ho-Oh\n|-resisted|p2a: Ho-Oh\n|-damage|p2a: Ho-Oh|56\/100\n|-unboost|p1a: Ditto|def|1\n|-unboost|p1a: Ditto|spd|1\n|\n|upkeep\n|turn|8\n|\n|t:|1698703624\n|switch|p1a: Ho-Oh|Ho-Oh|100\/100 tox\n|move|p2a: Ho-Oh|Sacred Fire|p1a: Ho-Oh\n|-resisted|p1a: Ho-Oh\n|-damage|p1a: Ho-Oh|86\/100 tox\n|\n|-damage|p1a: Ho-Oh|80\/100 tox|[from] psn\n|upkeep\n|turn|9\n|\n|t:|1698703631\n|switch|p2a: Zacian|Zacian-Crowned|89\/100\n|move|p1a: Ho-Oh|Toxic|p2a: Zacian\n|-immune|p2a: Zacian\n|\n|-damage|p1a: Ho-Oh|67\/100 tox|[from] psn\n|upkeep\n|turn|10\n|\n|t:|1698703639\n|move|p2a: Zacian|Wild Charge|p1a: Ho-Oh\n|-supereffective|p1a: Ho-Oh\n|-damage|p1a: Ho-Oh|23\/100 tox\n|-damage|p2a: Zacian|75\/100|[from] Recoil\n|move|p1a: Ho-Oh|Sacred Fire|p2a: Zacian\n|-supereffective|p2a: Zacian\n|-damage|p2a: Zacian|1\/100\n|\n|-damage|p1a: Ho-Oh|5\/100 tox|[from] psn\n|upkeep\n|turn|11\n|\n|t:|1698703649\n|switch|p1a: Scizor|Scizor-Mega, F|35\/100\n|move|p2a: Zacian|Close Combat|p1a: Scizor\n|-damage|p1a: Scizor|9\/100\n|-unboost|p2a: Zacian|def|1\n|-unboost|p2a: Zacian|spd|1\n|\n|upkeep\n|turn|12\n|\n|t:|1698703669\n|switch|p2a: Arceus|Arceus|100\/100\n|move|p1a: Scizor|Morning Sun|p1a: Scizor\n|-heal|p1a: Scizor|59\/100\n|\n|upkeep\n|turn|13\n|\n|t:|1698703682\n|move|p2a: Arceus|Swords Dance|p2a: Arceus\n|-boost|p2a: Arceus|atk|2\n|move|p1a: Scizor|Toxic|p2a: Arceus\n|-status|p2a: Arceus|tox\n|-enditem|p2a: Arceus|Lum Berry|[eat]\n|-curestatus|p2a: Arceus|tox|[msg]\n|\n|upkeep\n|turn|14\n|\n|t:|1698703690\n|move|p2a: Arceus|Taunt|p1a: Scizor\n|-start|p1a: Scizor|move: Taunt\n|move|p1a: Scizor|U-turn|p2a: Arceus\n|-damage|p2a: Arceus|78\/100\n|\n|t:|1698703695\n|switch|p1a: Ditto|Ditto|100\/100|[from] U-turn\n|-transform|p1a: Ditto|p2a: Arceus|[from] ability: Imposter\n|\n|upkeep\n|turn|15\n|\n|t:|1698703709\n|-terastallize|p1a: Ditto|Ghost\n|move|p1a: Ditto|Earthquake|p2a: Arceus\n|-damage|p2a: Arceus|29\/100\n|move|p2a: Arceus|Earthquake|p1a: Ditto\n|-damage|p1a: Ditto|31\/100\n|\n|upkeep\n|turn|16\n|\n|t:|1698703717\n|switch|p1a: Ho-Oh|Ho-Oh|38\/100 tox\n|switch|p2a: Ho-Oh|Ho-Oh|89\/100\n|\n|-damage|p1a: Ho-Oh|32\/100 tox|[from] psn\n|upkeep\n|turn|17\n|\n|t:|1698703728\n|switch|p2a: Zacian|Zacian-Crowned|1\/100\n|switch|p1a: Ditto|Ditto, tera:Ghost|31\/100\n|-transform|p1a: Ditto|p2a: Zacian|[from] ability: Imposter\n|\n|upkeep\n|turn|18\n|\n|t:|1698703741\n|switch|p2a: Ho-Oh|Ho-Oh|100\/100\n|move|p1a: Ditto|Behemoth Blade|p2a: Ho-Oh\n|-resisted|p2a: Ho-Oh\n|-damage|p2a: Ho-Oh|82\/100\n|\n|upkeep\n|turn|19\n|\n|t:|1698703750\n|switch|p1a: Ho-Oh|Ho-Oh|66\/100 tox\n|switch|p2a: Kyogre|Kyogre|100\/100\n|detailschange|p2a: Kyogre|Kyogre-Primal\n|-primal|p2a: Kyogre|Blue Orb\n|-weather|PrimordialSea|[from] ability: Primordial Sea|[of] p2a: Kyogre\n|\n|-weather|PrimordialSea|[upkeep]\n|-damage|p1a: Ho-Oh|60\/100 tox|[from] psn\n|upkeep\n|turn|20\n|\n|t:|1698703757\n|switch|p1a: Ferrothorn|Ferrothorn, F|100\/100\n|move|p2a: Kyogre|Water Spout|p1a: Ferrothorn\n|-resisted|p1a: Ferrothorn\n|-damage|p1a: Ferrothorn|51\/100\n|\n|-weather|PrimordialSea|[upkeep]\n|-heal|p1a: Ferrothorn|57\/100|[from] item: Leftovers\n|upkeep\n|turn|21\n|\n|t:|1698703767\n|-weather|none\n|switch|p2a: Zacian|Zacian-Crowned|1\/100\n|move|p1a: Ferrothorn|Leech Seed|p2a: Zacian\n|-start|p2a: Zacian|move: Leech Seed\n|\n|-heal|p1a: Ferrothorn|64\/100|[from] item: Leftovers\n|-damage|p2a: Zacian|0 fnt|[from] Leech Seed|[of] p1a: Ferrothorn\n|-heal|p1a: Ferrothorn|64\/100|[silent]\n|faint|p2a: Zacian\n|upkeep\n|\n|t:|1698703774\n|switch|p2a: Groudon|Groudon-Primal|100\/100\n|-weather|DesolateLand|[from] ability: Desolate Land|[of] p2a: Groudon\n|turn|22\n|\n|t:|1698703783\n|switch|p1a: Zygarde|Zygarde|68\/100\n|move|p2a: Groudon|Stealth Rock|p1a: Zygarde\n|-sidestart|p1: Are En Gee|move: Stealth Rock\n|\n|-weather|DesolateLand|[upkeep]\n|-heal|p1a: Zygarde|74\/100|[from] item: Leftovers\n|upkeep\n|turn|23\n|\n|t:|1698703799\n|-weather|none\n|switch|p2a: Ho-Oh|Ho-Oh|100\/100\n|move|p1a: Zygarde|Scale Shot|p2a: Ho-Oh\n|-damage|p2a: Ho-Oh|94\/100\n|-damage|p2a: Ho-Oh|87\/100\n|-damage|p2a: Ho-Oh|80\/100\n|-hitcount|p2a: Ho-Oh|3\n|-unboost|p1a: Zygarde|def|1\n|-boost|p1a: Zygarde|spe|1\n|\n|-heal|p1a: Zygarde|80\/100|[from] item: Leftovers\n|upkeep\n|turn|24\n|\n|t:|1698703807\n|switch|p1a: Ho-Oh|Ho-Oh|93\/100 tox\n|move|p2a: Ho-Oh|Toxic|p1a: Ho-Oh\n|-fail|p1a: Ho-Oh|tox\n|\n|-damage|p1a: Ho-Oh|87\/100 tox|[from] psn\n|upkeep\n|turn|25\n|\n|t:|1698703819\n|move|p1a: Ho-Oh|Toxic|p2a: Ho-Oh\n|-status|p2a: Ho-Oh|tox\n|move|p2a: Ho-Oh|Sacred Fire|p1a: Ho-Oh\n|-resisted|p1a: Ho-Oh\n|-damage|p1a: Ho-Oh|72\/100 tox\n|\n|-damage|p2a: Ho-Oh|74\/100 tox|[from] psn\n|-damage|p1a: Ho-Oh|60\/100 tox|[from] psn\n|upkeep\n|turn|26\n|\n|t:|1698703827\n|switch|p2a: Kyogre|Kyogre-Primal|100\/100\n|-weather|PrimordialSea|[from] ability: Primordial Sea|[of] p2a: Kyogre\n|move|p1a: Ho-Oh|Defog|p2a: Kyogre\n|-unboost|p2a: Kyogre|evasion|1\n|-sideend|p1: Are En Gee|Stealth Rock|[from] move: Defog|[of] p1a: Ho-Oh\n|\n|-weather|PrimordialSea|[upkeep]\n|-damage|p1a: Ho-Oh|42\/100 tox|[from] psn\n|upkeep\n|turn|27\n|\n|t:|1698703834\n|switch|p1a: Arceus|Arceus-Water|100\/100\n|move|p2a: Kyogre|Water Spout|p1a: Arceus\n|-resisted|p1a: Arceus\n|-damage|p1a: Arceus|49\/100\n|\n|-weather|PrimordialSea|[upkeep]\n|upkeep\n|turn|28\n|\n|t:|1698703841\n|move|p2a: Kyogre|Water Spout|p1a: Arceus\n|-resisted|p1a: Arceus\n|-damage|p1a: Arceus|0 fnt\n|faint|p1a: Arceus\n|\n|-weather|PrimordialSea|[upkeep]\n|upkeep\n|\n|t:|1698703844\n|switch|p1a: Ferrothorn|Ferrothorn, F|64\/100\n|turn|29\n|\n|t:|1698703849\n|-weather|none\n|switch|p2a: Ho-Oh|Ho-Oh|100\/100 tox\n|move|p1a: Ferrothorn|Leech Seed|p2a: Ho-Oh\n|-start|p2a: Ho-Oh|move: Leech Seed\n|\n|-heal|p1a: Ferrothorn|70\/100|[from] item: Leftovers\n|-damage|p2a: Ho-Oh|88\/100 tox|[from] Leech Seed|[of] p1a: Ferrothorn\n|-heal|p1a: Ferrothorn|85\/100|[silent]\n|-damage|p2a: Ho-Oh|82\/100 tox|[from] psn\n|upkeep\n|turn|30\n|\n|t:|1698703858\n|switch|p2a: Groudon|Groudon-Primal|100\/100\n|-weather|DesolateLand|[from] ability: Desolate Land|[of] p2a: Groudon\n|move|p1a: Ferrothorn|Toxic|p2a: Groudon\n|-status|p2a: Groudon|tox\n|\n|-weather|DesolateLand|[upkeep]\n|-heal|p1a: Ferrothorn|91\/100|[from] item: Leftovers\n|-damage|p2a: Groudon|94\/100 tox|[from] psn\n|upkeep\n|turn|31\n|\n|t:|1698703866\n|switch|p1a: Zygarde|Zygarde|80\/100\n|move|p2a: Groudon|Stealth Rock|p1a: Zygarde\n|-sidestart|p1: Are En Gee|move: Stealth Rock\n|\n|-weather|DesolateLand|[upkeep]\n|-heal|p1a: Zygarde|86\/100|[from] item: Leftovers\n|-damage|p2a: Groudon|82\/100 tox|[from] psn\n|upkeep\n|turn|32\n|\n|t:|1698703872\n|-weather|none\n|switch|p2a: Ho-Oh|Ho-Oh|100\/100 tox\n|move|p1a: Zygarde|Coil|p1a: Zygarde\n|-boost|p1a: Zygarde|atk|1\n|-boost|p1a: Zygarde|def|1\n|-boost|p1a: Zygarde|accuracy|1\n|\n|-heal|p1a: Zygarde|92\/100|[from] item: Leftovers\n|-damage|p2a: Ho-Oh|94\/100 tox|[from] psn\n|upkeep\n|turn|33\n|\n|t:|1698703879\n|switch|p2a: Arceus|Arceus|29\/100\n|move|p1a: Zygarde|Scale Shot|p2a: Arceus\n|-damage|p2a: Arceus|19\/100\n|-damage|p2a: Arceus|8\/100\n|-crit|p2a: Arceus\n|-damage|p2a: Arceus|0 fnt\n|faint|p2a: Arceus\n|-hitcount|p2: Arceus|3\n|-unboost|p1a: Zygarde|def|1\n|-boost|p1a: Zygarde|spe|1\n|\n|-heal|p1a: Zygarde|98\/100|[from] item: Leftovers\n|upkeep\n|\n|t:|1698703884\n|switch|p2a: Xerneas|Xerneas|100\/100\n|-ability|p2a: Xerneas|Fairy Aura\n|turn|34\n|\n|t:|1698703889\n|move|p1a: Zygarde|Thousand Waves|p2a: Xerneas\n|-damage|p2a: Xerneas|55\/100\n|-activate|p2a: Xerneas|trapped\n|move|p2a: Xerneas|Moonblast|p1a: Zygarde\n|-supereffective|p1a: Zygarde\n|-damage|p1a: Zygarde|0 fnt\n|faint|p1a: Zygarde\n|\n|upkeep\n|\n|t:|1698703893\n|switch|p1a: Scizor|Scizor-Mega, F|59\/100\n|-damage|p1a: Scizor|46\/100|[from] Stealth Rock\n|turn|35\n|\n|t:|1698703902\n|switch|p2a: Groudon|Groudon-Primal|82\/100 tox\n|-weather|DesolateLand|[from] ability: Desolate Land|[of] p2a: Groudon\n|move|p1a: Scizor|U-turn|p2a: Groudon\n|-resisted|p2a: Groudon\n|-damage|p2a: Groudon|73\/100 tox\n|\n|t:|1698703905\n|switch|p1a: Ditto|Ditto, tera:Ghost|31\/100|[from] U-turn\n|-damage|p1a: Ditto|19\/100|[from] Stealth Rock\n|-transform|p1a: Ditto|p2a: Groudon|[from] ability: Imposter\n|\n|-weather|DesolateLand|[upkeep]\n|-damage|p2a: Groudon|67\/100 tox|[from] psn\n|upkeep\n|turn|36\n|\n|t:|1698703912\n|move|p1a: Ditto|Earthquake|p2a: Groudon\n|-supereffective|p2a: Groudon\n|-damage|p2a: Groudon|4\/100 tox\n|move|p2a: Groudon|Overheat|p1a: Ditto|[miss]\n|-miss|p2a: Groudon|p1a: Ditto\n|\n|-weather|DesolateLand|[upkeep]\n|-damage|p2a: Groudon|0 fnt|[from] psn\n|faint|p2a: Groudon\n|upkeep\n|\n|t:|1698703937\n|switch|p2a: Kyogre|Kyogre-Primal|100\/100\n|-weather|PrimordialSea|[from] ability: Primordial Sea|[of] p2a: Kyogre\n|turn|37\n|\n|t:|1698703952\n|switch|p1a: Ho-Oh|Ho-Oh|75\/100 tox\n|move|p2a: Kyogre|Water Spout|p1a: Ho-Oh\n|-supereffective|p1a: Ho-Oh\n|-damage|p1a: Ho-Oh|0 fnt\n|faint|p1a: Ho-Oh\n|\n|-weather|PrimordialSea|[upkeep]\n|upkeep\n|\n|t:|1698703955\n|switch|p1a: Ferrothorn|Ferrothorn, F|91\/100\n|-damage|p1a: Ferrothorn|85\/100|[from] Stealth Rock\n|turn|38\n|\n|t:|1698703975\n|-weather|none\n|switch|p2a: Xerneas|Xerneas|55\/100\n|-ability|p2a: Xerneas|Fairy Aura\n|move|p1a: Ferrothorn|Leech Seed|p2a: Xerneas\n|-start|p2a: Xerneas|move: Leech Seed\n|\n|-heal|p1a: Ferrothorn|91\/100|[from] item: Leftovers\n|-damage|p2a: Xerneas|43\/100|[from] Leech Seed|[of] p1a: Ferrothorn\n|-heal|p1a: Ferrothorn|100\/100|[silent]\n|upkeep\n|turn|39\n|\n|t:|1698703982\n|switch|p2a: Ho-Oh|Ho-Oh|100\/100 tox\n|move|p1a: Ferrothorn|Spikes|p2a: Ho-Oh\n|-sidestart|p2: Log4j|Spikes\n|\n|-damage|p2a: Ho-Oh|94\/100 tox|[from] psn\n|upkeep\n|turn|40\n|\n|t:|1698704008\n|move|p2a: Ho-Oh|Sacred Fire|p1a: Ferrothorn\n|-supereffective|p1a: Ferrothorn\n|-damage|p1a: Ferrothorn|0 fnt\n|faint|p1a: Ferrothorn\n|\n|-damage|p2a: Ho-Oh|82\/100 tox|[from] psn\n|upkeep\n|\n|t:|1698704015\n|switch|p1a: Ditto|Ditto, tera:Ghost|19\/100\n|-damage|p1a: Ditto|7\/100|[from] Stealth Rock\n|-transform|p1a: Ditto|p2a: Ho-Oh|[from] ability: Imposter\n|turn|41\n|\n|t:|1698704021\n|switch|p1a: Scizor|Scizor-Mega, F|46\/100\n|-damage|p1a: Scizor|34\/100|[from] Stealth Rock\n|move|p2a: Ho-Oh|Sacred Fire|p1a: Scizor\n|-supereffective|p1a: Scizor\n|-damage|p1a: Scizor|0 fnt\n|faint|p1a: Scizor\n|\n|-damage|p2a: Ho-Oh|64\/100 tox|[from] psn\n|upkeep\n|\n|t:|1698704023\n|switch|p1a: Ditto|Ditto, tera:Ghost|40\/100\n|-damage|p1a: Ditto|27\/100|[from] Stealth Rock\n|-transform|p1a: Ditto|p2a: Ho-Oh|[from] ability: Imposter\n|turn|42\n|\n|t:|1698704028\n|move|p2a: Ho-Oh|Sacred Fire|p1a: Ditto\n|-damage|p1a: Ditto|0 fnt\n|faint|p1a: Ditto\n|\n|win|Log4j\n|raw|Are En Gee's rating: 1729 &rarr; <strong>1712<\/strong><br \/>(-17 for losing)\n|raw|Log4j's rating: 1777 &rarr; <strong>1794<\/strong><br \/>(+17 for winning)\n|l|\u2606Are En Gee\n|l|\u2606Log4j\n","uploadtime":1698704413,"views":12,"p1id":"areengee","p2id":"log4j","formatid":"gen9nationaldexubers","rating":1712,"private":0,"password":""}