{"id":"gen9nationaldexubers-1999667629","p1":"Guy bb","p2":"aquiles meo","format":"[Gen 9] National Dex Ubers","log":"|j|\u2606Guy bb\n|j|\u2606aquiles meo\n|t:|1701106124\n|gametype|singles\n|player|p1|Guy bb|unknown|1175\n|player|p2|aquiles meo|ethan|1094\n|teamsize|p1|6\n|teamsize|p2|6\n|gen|9\n|tier|[Gen 9] National Dex Ubers\n|rated|\n|rule|HP Percentage Mod: HP is shown in percentages\n|rule|Endless Battle Clause: Forcing endless battles is banned\n|rule|OHKO Clause: OHKO moves are banned\n|rule|Evasion Moves Clause: Evasion moves are banned\n|rule|Evasion Items Clause: Evasion items are banned\n|rule|Species Clause: Limit one of each Pok\u00e9mon\n|rule|Sleep Clause Mod: Limit one foe put to sleep\n|rule|Mega Rayquaza Clause: You cannot mega evolve Rayquaza\n|clearpoke\n|poke|p1|Dragapult, M|\n|poke|p1|Necrozma-Dusk-Mane|\n|poke|p1|Groudon|\n|poke|p1|Kingambit, M|\n|poke|p1|Gyarados, M|\n|poke|p1|Xerneas-*|\n|poke|p2|Luxray, M|\n|poke|p2|Pidgeot, M|\n|poke|p2|Lucario, M|\n|poke|p2|Jirachi|\n|poke|p2|Rayquaza|\n|poke|p2|Ho-Oh|\n|teampreview\n|\n|t:|1701106133\n|start\n|switch|p1a: Xerneas|Xerneas, shiny|100\/100\n|switch|p2a: Ho-Oh|Ho-Oh|100\/100\n|-ability|p1a: Xerneas|Fairy Aura\n|turn|1\n|inactive|Battle timer is ON: inactive players will automatically lose when time's up. (requested by aquiles meo)\n|\n|t:|1701106191\n|move|p1a: Xerneas|Geomancy||[still]\n|-prepare|p1a: Xerneas|Geomancy\n|-enditem|p1a: Xerneas|Power Herb\n|-anim|p1a: Xerneas|Geomancy|p1a: Xerneas\n|-boost|p1a: Xerneas|spa|2\n|-boost|p1a: Xerneas|spd|2\n|-boost|p1a: Xerneas|spe|2\n|move|p2a: Ho-Oh|Tailwind|p2a: Ho-Oh\n|-sidestart|p2: aquiles meo|move: Tailwind\n|\n|upkeep\n|turn|2\n|\n|t:|1701106201\n|switch|p2a: Jirachi|Jirachi|100\/100\n|move|p1a: Xerneas|Moonblast|p2a: Jirachi\n|-resisted|p2a: Jirachi\n|-crit|p2a: Jirachi\n|-damage|p2a: Jirachi|2\/100\n|\n|upkeep\n|turn|3\n|\n|t:|1701106213\n|move|p2a: Jirachi|Doom Desire|p1a: Xerneas\n|-start|p2a: Jirachi|Doom Desire\n|move|p1a: Xerneas|Moonblast|p2a: Jirachi\n|-resisted|p2a: Jirachi\n|-damage|p2a: Jirachi|0 fnt\n|faint|p2a: Jirachi\n|\n|upkeep\n|\n|t:|1701106222\n|switch|p2a: Ho-Oh|Ho-Oh|100\/100\n|turn|4\n|\n|t:|1701106234\n|move|p1a: Xerneas|Moonblast|p2a: Ho-Oh\n|-resisted|p2a: Ho-Oh\n|-damage|p2a: Ho-Oh|59\/100\n|-unboost|p2a: Ho-Oh|spa|1\n|move|p2a: Ho-Oh|Burn Up|p1a: Xerneas\n|-damage|p1a: Xerneas|85\/100\n|-start|p2a: Ho-Oh|typechange|???\/Flying|[from] move: Burn Up\n|\n|-sideend|p2: aquiles meo|move: Tailwind\n|upkeep\n|turn|5\n|inactive|aquiles meo has 120 seconds left.\n|\n|t:|1701106272\n|move|p1a: Xerneas|Moonblast|p2a: Ho-Oh\n|-damage|p2a: Ho-Oh|0 fnt\n|faint|p2a: Ho-Oh\n|\n|-end|p1a: Xerneas|move: Doom Desire\n|-supereffective|p1a: Xerneas\n|-damage|p1a: Xerneas|46\/100\n|upkeep\n|\n|t:|1701106278\n|switch|p2a: Rayquaza|Rayquaza|100\/100\n|-ability|p2a: Rayquaza|Air Lock\n|turn|6\n|inactive|aquiles meo has 120 seconds left.\n|\n|t:|1701106289\n|-terastallize|p2a: Rayquaza|Flying\n|move|p2a: Rayquaza|Extreme Speed|p1a: Xerneas\n|-crit|p1a: Xerneas\n|-damage|p1a: Xerneas|18\/100\n|move|p1a: Xerneas|Draining Kiss|p2a: Rayquaza\n|-damage|p2a: Rayquaza|26\/100\n|-heal|p1a: Xerneas|61\/100|[from] drain|[of] p2a: Rayquaza\n|\n|-heal|p2a: Rayquaza|32\/100|[from] item: Leftovers\n|upkeep\n|turn|7\n|inactive|aquiles meo has 120 seconds left.\n|\n|t:|1701106307\n|move|p2a: Rayquaza|Extreme Speed|p1a: Xerneas\n|-damage|p1a: Xerneas|40\/100\n|move|p1a: Xerneas|Draining Kiss|p2a: Rayquaza\n|-crit|p2a: Rayquaza\n|-damage|p2a: Rayquaza|0 fnt\n|-heal|p1a: Xerneas|58\/100|[from] drain|[of] p2a: Rayquaza\n|faint|p2a: Rayquaza\n|\n|upkeep\n|\n|t:|1701106336\n|switch|p2a: Lucario|Lucario, M, shiny|100\/100\n|turn|8\n|\n|t:|1701106346\n|detailschange|p2a: Lucario|Lucario-Mega, M, shiny\n|-mega|p2a: Lucario|Lucario|Lucarionite\n|move|p1a: Xerneas|Moonblast|p2a: Lucario\n|-damage|p2a: Lucario|0 fnt\n|faint|p2a: Lucario\n|\n|upkeep\n|c|\u2606Guy bb|Gg\n|inactive|aquiles meo has 90 seconds left.\n|inactive|aquiles meo has 60 seconds left.\n|c|\u2606aquiles meo|Goodness gracious\n|\n|t:|1701106418\n|switch|p2a: Pidgeot|Pidgeot, M|100\/100\n|turn|9\n|\n|t:|1701106427\n|move|p1a: Xerneas|Draining Kiss|p2a: Pidgeot\n|-damage|p2a: Pidgeot|0 fnt\n|-heal|p1a: Xerneas|100\/100|[from] drain|[of] p2a: Pidgeot\n|faint|p2a: Pidgeot\n|\n|upkeep\n|\n|t:|1701106433\n|switch|p2a: Luxray|Luxray, M, shiny|100\/100\n|turn|10\n|\n|t:|1701106441\n|move|p1a: Xerneas|Moonblast|p2a: Luxray\n|-damage|p2a: Luxray|0 fnt\n|faint|p2a: Luxray\n|\n|win|Guy bb\n|raw|Guy bb's rating: 1175 &rarr; <strong>1194<\/strong><br \/>(+19 for winning)\n|raw|aquiles meo's rating: 1094 &rarr; <strong>1075<\/strong><br \/>(-19 for losing)\n|l|\u2606Guy bb\n","uploadtime":1701106451,"views":3,"p1id":"guybb","p2id":"aquilesmeo","formatid":"gen9nationaldexubers","rating":1075,"private":0,"password":""}