{"id":"gen9nationaldexubers-1984856852","p1":"ralca 1","p2":"s.daninja","format":"[Gen 9] National Dex Ubers","log":"|j|\u2606ralca 1\n|j|\u2606s.daninja\n|t:|1699304946\n|gametype|singles\n|player|p1|ralca 1|steven|\n|player|p2|s.daninja|cheryl|\n|teamsize|p1|3\n|teamsize|p2|3\n|gen|9\n|tier|[Gen 9] National Dex Ubers\n|rule|HP Percentage Mod: HP is shown in percentages\n|rule|Endless Battle Clause: Forcing endless battles is banned\n|rule|OHKO Clause: OHKO moves are banned\n|rule|Evasion Moves Clause: Evasion moves are banned\n|rule|Evasion Items Clause: Evasion items are banned\n|rule|Species Clause: Limit one of each Pok\u00e9mon\n|rule|Sleep Clause Mod: Limit one foe put to sleep\n|rule|Mega Rayquaza Clause: You cannot mega evolve Rayquaza\n|clearpoke\n|poke|p1|Spewpa, F|\n|poke|p1|Surskit, F|\n|poke|p1|Parasect, F|\n|poke|p2|Pineco, M|\n|poke|p2|Nymble, M|\n|poke|p2|Shelmet, M|\n|teampreview\n|\n|t:|1699304967\n|start\n|switch|p1a: Parasect|Parasect, F|100\/100\n|switch|p2a: Pineco|Pineco, M|100\/100\n|turn|1\n|\n|t:|1699304974\n|switch|p2a: Shelmet|Shelmet, M|100\/100\n|move|p1a: Parasect|Spore|p2a: Shelmet\n|-immune|p2a: Shelmet|[from] ability: Overcoat\n|\n|upkeep\n|turn|2\n|\n|t:|1699304981\n|move|p1a: Parasect|Knock Off|p2a: Shelmet\n|-damage|p2a: Shelmet|86\/100\n|-enditem|p2a: Shelmet|Eviolite|[from] move: Knock Off|[of] p1a: Parasect\n|move|p2a: Shelmet|Acid Armor|p2a: Shelmet\n|-boost|p2a: Shelmet|def|2\n|\n|upkeep\n|turn|3\n|\n|t:|1699304986\n|move|p1a: Parasect|Sludge Bomb|p2a: Shelmet\n|-damage|p2a: Shelmet|59\/100\n|-status|p2a: Shelmet|psn\n|move|p2a: Shelmet|Leech Life|p1a: Parasect\n|-supereffective|p1a: Parasect\n|-damage|p1a: Parasect|65\/100\n|-heal|p2a: Shelmet|78\/100 psn|[from] drain|[of] p1a: Parasect\n|\n|-heal|p1a: Parasect|71\/100|[from] item: Leftovers\n|-damage|p2a: Shelmet|66\/100 psn|[from] psn\n|upkeep\n|turn|4\n|\n|t:|1699304996\n|move|p1a: Parasect|Protect|p1a: Parasect\n|-singleturn|p1a: Parasect|Protect\n|move|p2a: Shelmet|Rest|p2a: Shelmet\n|-status|p2a: Shelmet|slp|[from] move: Rest\n|-heal|p2a: Shelmet|100\/100 slp|[silent]\n|\n|-heal|p1a: Parasect|77\/100|[from] item: Leftovers\n|upkeep\n|turn|5\n|c|\u2606s.daninja|Vrg\n|\n|t:|1699305013\n|switch|p1a: Surskit|Surskit, F|100\/100\n|cant|p2a: Shelmet|slp\n|move|p2a: Shelmet|Sleep Talk|p2a: Shelmet\n|move|p2a: Shelmet|Acid Armor|p2a: Shelmet|[from]move: Sleep Talk\n|-boost|p2a: Shelmet|def|2\n|\n|upkeep\n|turn|6\n|\n|t:|1699305028\n|move|p1a: Surskit|Sticky Web|p2a: Shelmet\n|-sidestart|p2: s.daninja|move: Sticky Web\n|cant|p2a: Shelmet|slp\n|\n|upkeep\n|turn|7\n|c|\u2606s.daninja|Scald? Pepepe\n|\n|t:|1699305039\n|move|p1a: Surskit|Rain Dance|p1a: Surskit\n|-weather|RainDance\n|-curestatus|p2a: Shelmet|slp|[msg]\n|move|p2a: Shelmet|Leech Life|p1a: Surskit\n|-damage|p1a: Surskit|70\/100\n|\n|-weather|RainDance|[upkeep]\n|upkeep\n|turn|8\n|\n|t:|1699305045\n|move|p1a: Surskit|Toxic|p2a: Shelmet\n|-status|p2a: Shelmet|tox\n|move|p2a: Shelmet|Leech Life|p1a: Surskit\n|-damage|p1a: Surskit|39\/100\n|\n|-weather|RainDance|[upkeep]\n|-damage|p2a: Shelmet|94\/100 tox|[from] psn\n|upkeep\n|turn|9\n|\n|t:|1699305049\n|move|p1a: Surskit|Scald|p2a: Shelmet\n|-damage|p2a: Shelmet|38\/100 tox\n|move|p2a: Shelmet|Rest|p2a: Shelmet\n|-status|p2a: Shelmet|slp|[from] move: Rest\n|-heal|p2a: Shelmet|100\/100 slp|[silent]\n|\n|-weather|RainDance|[upkeep]\n|upkeep\n|turn|10\n|\n|t:|1699305053\n|move|p1a: Surskit|Scald|p2a: Shelmet\n|-damage|p2a: Shelmet|48\/100 slp\n|cant|p2a: Shelmet|slp\n|move|p2a: Shelmet|Sleep Talk|p2a: Shelmet\n|move|p2a: Shelmet|Rest||[from]move: Sleep Talk|[still]\n|-fail|p2a: Shelmet\n|\n|-weather|RainDance|[upkeep]\n|upkeep\n|turn|11\n|\n|t:|1699305064\n|move|p1a: Surskit|Scald|p2a: Shelmet\n|-damage|p2a: Shelmet|0 fnt\n|faint|p2a: Shelmet\n|\n|-weather|none\n|upkeep\n|\n|t:|1699305069\n|switch|p2a: Nymble|Nymble, M|100\/100\n|-activate|p2a: Nymble|move: Sticky Web\n|-unboost|p2a: Nymble|spe|1\n|turn|12\n|\n|t:|1699305078\n|move|p2a: Nymble|First Impression|p1a: Surskit\n|-damage|p1a: Surskit|0 fnt\n|faint|p1a: Surskit\n|-damage|p2a: Nymble|91\/100|[from] item: Life Orb\n|\n|upkeep\n|c|\u2606s.daninja|El creador del sexo\n|\n|t:|1699305086\n|switch|p1a: Parasect|Parasect, F|77\/100\n|turn|13\n|\n|t:|1699305091\n|move|p2a: Nymble|Leech Life|p1a: Parasect\n|-supereffective|p1a: Parasect\n|-damage|p1a: Parasect|0 fnt\n|-heal|p2a: Nymble|100\/100|[from] drain|[of] p1a: Parasect\n|faint|p1a: Parasect\n|-damage|p2a: Nymble|91\/100|[from] item: Life Orb\n|\n|upkeep\n|\n|t:|1699305097\n|switch|p1a: Spewpa|Spewpa, F|100\/100\n|turn|14\n|c|\u2606s.daninja|Tu!\n|c|\u2606s.daninja|Spewpa ven con nosotros\n|\n|t:|1699305115\n|move|p2a: Nymble|Leech Life|p1a: Spewpa\n|-damage|p1a: Spewpa|40\/100\n|-heal|p2a: Nymble|100\/100|[from] drain|[of] p1a: Spewpa\n|-damage|p2a: Nymble|91\/100|[from] item: Life Orb\n|move|p1a: Spewpa|Poison Powder|p2a: Nymble|[miss]\n|-miss|p1a: Spewpa|p2a: Nymble\n|\n|upkeep\n|turn|15\n|c|\u2606s.daninja|*mata a spewpa*\n|\n|t:|1699305132\n|move|p2a: Nymble|Leech Life|p1a: Spewpa\n|-damage|p1a: Spewpa|0 fnt\n|-heal|p2a: Nymble|100\/100|[from] drain|[of] p1a: Spewpa\n|faint|p1a: Spewpa\n|-damage|p2a: Nymble|91\/100|[from] item: Life Orb\n|\n|win|s.daninja\n","uploadtime":1699305145,"views":12,"p1id":"ralca1","p2id":"sdaninja","formatid":"gen9nationaldexubers","rating":0,"private":0,"password":""}