{"id":"gen9nationaldexubers-1989458689","p1":"GeorgiaEternatuss","p2":"Onni ter","format":"[Gen 9] National Dex Ubers","log":"|j|\u2606GeorgiaEternatuss\n|j|\u2606Onni ter\n|t:|1699853654\n|gametype|singles\n|player|p1|GeorgiaEternatuss|steven|1307\n|player|p2|Onni ter|linebacker|1353\n|teamsize|p1|6\n|teamsize|p2|6\n|gen|9\n|tier|[Gen 9] National Dex Ubers\n|rated|\n|rule|HP Percentage Mod: HP is shown in percentages\n|rule|Endless Battle Clause: Forcing endless battles is banned\n|rule|OHKO Clause: OHKO moves are banned\n|rule|Evasion Moves Clause: Evasion moves are banned\n|rule|Evasion Items Clause: Evasion items are banned\n|rule|Species Clause: Limit one of each Pok\u00e9mon\n|rule|Sleep Clause Mod: Limit one foe put to sleep\n|rule|Mega Rayquaza Clause: You cannot mega evolve Rayquaza\n|clearpoke\n|poke|p1|Spectrier|\n|poke|p1|Porygon2|\n|poke|p1|Umbreon, M|\n|poke|p1|Zapdos|\n|poke|p1|Ninetales-Alola, F|\n|poke|p1|Diancie|\n|poke|p2|Marshadow|\n|poke|p2|Alakazam, F|\n|poke|p2|Groudon|\n|poke|p2|Kyogre|\n|poke|p2|Necrozma-Dusk-Mane|\n|poke|p2|Darmanitan-Galar, F|\n|teampreview\n|inactive|Battle timer is ON: inactive players will automatically lose when time's up. (requested by Onni ter)\n|inactive|GeorgiaEternatuss has 120 seconds left.\n|inactive|Onni ter has 120 seconds left.\n|\n|t:|1699853695\n|start\n|switch|p1a: Spectrier|Spectrier|100\/100\n|switch|p2a: Marshadow|Marshadow|100\/100\n|turn|1\n|\n|t:|1699853705\n|switch|p1a: Zapdos|Zapdos|100\/100\n|move|p2a: Marshadow|Spectral Thief|p1a: Zapdos\n|-damage|p1a: Zapdos|69\/100\n|-damage|p2a: Marshadow|84\/100|[from] item: Rocky Helmet|[of] p1a: Zapdos\n|\n|upkeep\n|turn|2\n|\n|t:|1699853716\n|move|p2a: Marshadow|Swagger|p1a: Zapdos\n|-boost|p1a: Zapdos|atk|2\n|-start|p1a: Zapdos|confusion\n|-activate|p1a: Zapdos|confusion\n|move|p1a: Zapdos|Roost|p1a: Zapdos\n|-heal|p1a: Zapdos|100\/100\n|-singleturn|p1a: Zapdos|move: Roost\n|\n|upkeep\n|turn|3\n|\n|t:|1699853726\n|switch|p1a: Porygon2|Porygon2|100\/100\n|move|p2a: Marshadow|Spectral Thief|p1a: Porygon2\n|-immune|p1a: Porygon2\n|\n|upkeep\n|turn|4\n|\n|t:|1699853736\n|move|p2a: Marshadow|Force Palm|p1a: Porygon2\n|-supereffective|p1a: Porygon2\n|-damage|p1a: Porygon2|41\/100\n|move|p1a: Porygon2|Thunder Wave|p2a: Marshadow\n|-status|p2a: Marshadow|par\n|\n|upkeep\n|turn|5\n|\n|t:|1699853745\n|switch|p1a: Zapdos|Zapdos|100\/100\n|cant|p2a: Marshadow|par\n|\n|upkeep\n|turn|6\n|\n|t:|1699853751\n|move|p1a: Zapdos|Volt Switch|p2a: Marshadow\n|-damage|p2a: Marshadow|53\/100 par\n|\n|t:|1699853759\n|switch|p1a: Diancie|Diancie|100\/100|[from] Volt Switch\n|move|p2a: Marshadow|Spectral Thief|p1a: Diancie\n|-damage|p1a: Diancie|49\/100\n|\n|upkeep\n|turn|7\n|\n|t:|1699853770\n|detailschange|p1a: Diancie|Diancie-Mega\n|-mega|p1a: Diancie|Diancie|Diancite\n|move|p1a: Diancie|Moonblast|p2a: Marshadow\n|-supereffective|p2a: Marshadow\n|-damage|p2a: Marshadow|0 fnt\n|faint|p2a: Marshadow\n|\n|upkeep\n|\n|t:|1699853774\n|switch|p2a: Groudon|Groudon|100\/100\n|detailschange|p2a: Groudon|Groudon-Primal\n|-primal|p2a: Groudon|Red Orb\n|-weather|DesolateLand|[from] ability: Desolate Land|[of] p2a: Groudon\n|turn|8\n|\n|t:|1699853782\n|move|p1a: Diancie|Earth Power|p2a: Groudon\n|-supereffective|p2a: Groudon\n|-damage|p2a: Groudon|16\/100\n|move|p2a: Groudon|Heavy Slam|p1a: Diancie\n|-supereffective|p1a: Diancie\n|-damage|p1a: Diancie|0 fnt\n|faint|p1a: Diancie\n|\n|-weather|DesolateLand|[upkeep]\n|upkeep\n|\n|t:|1699853793\n|switch|p1a: Spectrier|Spectrier|100\/100\n|turn|9\n|\n|t:|1699853804\n|-terastallize|p1a: Spectrier|Ghost\n|move|p1a: Spectrier|Shadow Ball|p2a: Groudon\n|-damage|p2a: Groudon|0 fnt\n|faint|p2a: Groudon\n|-weather|none\n|-ability|p1a: Spectrier|Grim Neigh|boost\n|-boost|p1a: Spectrier|spa|1\n|\n|upkeep\n|\n|t:|1699853810\n|switch|p2a: Alakazam|Alakazam, F|100\/100\n|turn|10\n|\n|t:|1699853822\n|detailschange|p2a: Alakazam|Alakazam-Mega, F\n|-mega|p2a: Alakazam|Alakazam|Alakazite\n|-ability|p2a: Alakazam|Grim Neigh|[from] ability: Trace|[of] p1a: Spectrier\n|move|p2a: Alakazam|Shadow Ball|p1a: Spectrier\n|-supereffective|p1a: Spectrier\n|-damage|p1a: Spectrier|20\/100\n|move|p1a: Spectrier|Tera Blast|p2a: Alakazam|[anim] Tera Blast Ghost\n|-supereffective|p2a: Alakazam\n|-damage|p2a: Alakazam|0 fnt\n|faint|p2a: Alakazam\n|-ability|p1a: Spectrier|Grim Neigh|boost\n|-boost|p1a: Spectrier|spa|1\n|\n|upkeep\n|\n|t:|1699853837\n|switch|p2a: Darumatitan|Darmanitan-Galar, F|100\/100\n|turn|11\n|\n|t:|1699853848\n|move|p2a: Darumatitan|Fire Punch|p1a: Spectrier\n|-damage|p1a: Spectrier|0 fnt\n|faint|p1a: Spectrier\n|\n|upkeep\n|\n|t:|1699853854\n|switch|p1a: Zapdos|Zapdos|100\/100\n|turn|12\n|\n|t:|1699853859\n|move|p2a: Darumatitan|Fire Punch|p1a: Zapdos\n|-damage|p1a: Zapdos|72\/100\n|-damage|p2a: Darumatitan|84\/100|[from] item: Rocky Helmet|[of] p1a: Zapdos\n|move|p1a: Zapdos|Volt Switch|p2a: Darumatitan\n|-damage|p2a: Darumatitan|39\/100\n|\n|t:|1699853870\n|switch|p1a: Umbreon|Umbreon, M|100\/100|[from] Volt Switch\n|\n|upkeep\n|turn|13\n|\n|t:|1699853880\n|move|p2a: Darumatitan|Fire Punch|p1a: Umbreon\n|-damage|p1a: Umbreon|69\/100\n|move|p1a: Umbreon|Wish|p1a: Umbreon\n|\n|-heal|p1a: Umbreon|75\/100|[from] item: Leftovers\n|upkeep\n|turn|14\n|\n|t:|1699853891\n|switch|p2a: Kyogre|Kyogre|100\/100\n|detailschange|p2a: Kyogre|Kyogre-Primal\n|-primal|p2a: Kyogre|Blue Orb\n|-weather|PrimordialSea|[from] ability: Primordial Sea|[of] p2a: Kyogre\n|switch|p1a: Porygon2|Porygon2|41\/100\n|\n|-weather|PrimordialSea|[upkeep]\n|-heal|p1a: Porygon2|94\/100|[from] move: Wish|[wisher] Umbreon\n|upkeep\n|turn|15\n|\n|t:|1699853904\n|move|p2a: Kyogre|Origin Pulse|p1a: Porygon2\n|-damage|p1a: Porygon2|44\/100\n|move|p1a: Porygon2|Thunder Wave|p2a: Kyogre\n|-status|p2a: Kyogre|par\n|\n|-weather|PrimordialSea|[upkeep]\n|upkeep\n|turn|16\n|\n|t:|1699853912\n|move|p1a: Porygon2|Recover|p1a: Porygon2\n|-heal|p1a: Porygon2|94\/100\n|move|p2a: Kyogre|Ice Beam|p1a: Porygon2\n|-damage|p1a: Porygon2|75\/100\n|\n|-weather|PrimordialSea|[upkeep]\n|upkeep\n|turn|17\n|\n|t:|1699853919\n|move|p1a: Porygon2|Tri Attack|p2a: Kyogre\n|-damage|p2a: Kyogre|83\/100 par\n|move|p2a: Kyogre|Origin Pulse|p1a: Porygon2\n|-damage|p1a: Porygon2|23\/100\n|\n|-weather|PrimordialSea|[upkeep]\n|upkeep\n|turn|18\n|\n|t:|1699853926\n|move|p1a: Porygon2|Recover|p1a: Porygon2\n|-heal|p1a: Porygon2|73\/100\n|move|p2a: Kyogre|Origin Pulse|p1a: Porygon2\n|-damage|p1a: Porygon2|26\/100\n|\n|-weather|PrimordialSea|[upkeep]\n|upkeep\n|turn|19\n|\n|t:|1699853933\n|move|p1a: Porygon2|Recover|p1a: Porygon2\n|-heal|p1a: Porygon2|76\/100\n|cant|p2a: Kyogre|par\n|\n|-weather|PrimordialSea|[upkeep]\n|upkeep\n|turn|20\n|\n|t:|1699853940\n|move|p1a: Porygon2|Tri Attack|p2a: Kyogre\n|-damage|p2a: Kyogre|63\/100 par\n|move|p2a: Kyogre|Thunder|p1a: Porygon2\n|-damage|p1a: Porygon2|54\/100\n|\n|-weather|PrimordialSea|[upkeep]\n|upkeep\n|turn|21\n|\n|t:|1699853948\n|move|p1a: Porygon2|Recover|p1a: Porygon2\n|-heal|p1a: Porygon2|100\/100\n|move|p2a: Kyogre|Thunder|p1a: Porygon2\n|-damage|p1a: Porygon2|79\/100\n|\n|-weather|PrimordialSea|[upkeep]\n|upkeep\n|turn|22\n|\n|t:|1699853955\n|move|p1a: Porygon2|Tri Attack|p2a: Kyogre\n|-damage|p2a: Kyogre|42\/100 par\n|cant|p2a: Kyogre|par\n|\n|-weather|PrimordialSea|[upkeep]\n|upkeep\n|turn|23\n|\n|t:|1699853961\n|move|p1a: Porygon2|Tri Attack|p2a: Kyogre\n|-damage|p2a: Kyogre|23\/100 par\n|move|p2a: Kyogre|Thunder|p1a: Porygon2\n|-damage|p1a: Porygon2|56\/100\n|\n|-weather|PrimordialSea|[upkeep]\n|upkeep\n|turn|24\n|\n|t:|1699853970\n|move|p1a: Porygon2|Recover|p1a: Porygon2\n|-heal|p1a: Porygon2|100\/100\n|move|p2a: Kyogre|Thunder|p1a: Porygon2\n|-damage|p1a: Porygon2|78\/100\n|\n|-weather|PrimordialSea|[upkeep]\n|upkeep\n|turn|25\n|\n|t:|1699853980\n|move|p1a: Porygon2|Tri Attack|p2a: Kyogre\n|-damage|p2a: Kyogre|4\/100 par\n|cant|p2a: Kyogre|par\n|\n|-weather|PrimordialSea|[upkeep]\n|upkeep\n|turn|26\n|\n|t:|1699853987\n|move|p1a: Porygon2|Tri Attack|p2a: Kyogre\n|-damage|p2a: Kyogre|0 fnt\n|faint|p2a: Kyogre\n|-weather|none\n|\n|upkeep\n|\n|t:|1699853993\n|switch|p2a: Darumatitan|Darmanitan-Galar, F|39\/100\n|turn|27\n|\n|t:|1699853998\n|move|p2a: Darumatitan|Icicle Crash|p1a: Porygon2\n|-damage|p1a: Porygon2|28\/100\n|cant|p1a: Porygon2|flinch\n|\n|upkeep\n|turn|28\n|\n|t:|1699854005\n|move|p2a: Darumatitan|Icicle Crash|p1a: Porygon2\n|-damage|p1a: Porygon2|0 fnt\n|faint|p1a: Porygon2\n|\n|upkeep\n|\n|t:|1699854011\n|switch|p1a: Ninetales|Ninetales-Alola, F|100\/100\n|-weather|Snow|[from] ability: Snow Warning|[of] p1a: Ninetales\n|turn|29\n|\n|t:|1699854016\n|move|p2a: Darumatitan|Icicle Crash|p1a: Ninetales\n|-resisted|p1a: Ninetales\n|-damage|p1a: Ninetales|72\/100\n|move|p1a: Ninetales|Aurora Veil|p1a: Ninetales\n|-sidestart|p1: GeorgiaEternatuss|move: Aurora Veil\n|\n|-weather|Snow|[upkeep]\n|upkeep\n|turn|30\n|\n|t:|1699854026\n|move|p2a: Darumatitan|Icicle Crash|p1a: Ninetales\n|-resisted|p1a: Ninetales\n|-damage|p1a: Ninetales|57\/100\n|move|p1a: Ninetales|Moonblast|p2a: Darumatitan\n|-damage|p2a: Darumatitan|0 fnt\n|faint|p2a: Darumatitan\n|\n|-weather|Snow|[upkeep]\n|upkeep\n|\n|t:|1699854031\n|switch|p2a: Necrozma|Necrozma-Dusk-Mane|100\/100\n|turn|31\n|\n|t:|1699854037\n|move|p1a: Ninetales|Hypnosis|p2a: Necrozma\n|-status|p2a: Necrozma|slp|[from] move: Hypnosis\n|cant|p2a: Necrozma|slp\n|\n|-weather|Snow|[upkeep]\n|upkeep\n|turn|32\n|\n|t:|1699854045\n|switch|p1a: Zapdos|Zapdos|72\/100\n|-curestatus|p2a: Necrozma|slp|[msg]\n|move|p2a: Necrozma|Dragon Dance|p2a: Necrozma\n|-boost|p2a: Necrozma|atk|1\n|-boost|p2a: Necrozma|spe|1\n|\n|-weather|Snow|[upkeep]\n|upkeep\n|turn|33\n|\n|t:|1699854056\n|detailschange|p2a: Necrozma|Necrozma-Ultra\n|-burst|p2a: Necrozma|Necrozma|Ultranecrozium Z\n|move|p2a: Necrozma|Photon Geyser|p1a: Zapdos\n|-damage|p1a: Zapdos|39\/100\n|move|p1a: Zapdos|Volt Switch|p2a: Necrozma\n|-resisted|p2a: Necrozma\n|-damage|p2a: Necrozma|85\/100\n|\n|t:|1699854067\n|switch|p1a: Umbreon|Umbreon, M|75\/100|[from] Volt Switch\n|\n|-weather|none\n|-heal|p1a: Umbreon|81\/100|[from] item: Leftovers\n|upkeep\n|turn|34\n|\n|t:|1699854075\n|move|p2a: Necrozma|Sunsteel Strike|p1a: Umbreon\n|-damage|p1a: Umbreon|56\/100\n|move|p1a: Umbreon|Foul Play|p2a: Necrozma\n|-supereffective|p2a: Necrozma\n|-damage|p2a: Necrozma|0 fnt\n|faint|p2a: Necrozma\n|\n|win|GeorgiaEternatuss\n|raw|GeorgiaEternatuss's rating: 1307 &rarr; <strong>1330<\/strong><br \/>(+23 for winning)\n|raw|Onni ter's rating: 1353 &rarr; <strong>1330<\/strong><br \/>(-23 for losing)\n|l|\u2606Onni ter\n","uploadtime":1699854086,"views":7,"p1id":"georgiaeternatuss","p2id":"onniter","formatid":"gen9nationaldexubers","rating":1330,"private":0,"password":""}