{"id":"gen9nationaldexubers-1994985514","p1":"Saruman2830","p2":"A Simple Worm","format":"[Gen 9] National Dex Ubers","log":"|j|\u2606Saruman2830\n|j|\u2606A Simple Worm\n|t:|1700510618\n|gametype|singles\n|player|p1|Saruman2830|lucas|\n|player|p2|A Simple Worm|youngcouple-gen4dp|\n|teamsize|p1|6\n|teamsize|p2|6\n|gen|9\n|tier|[Gen 9] National Dex Ubers\n|rule|HP Percentage Mod: HP is shown in percentages\n|rule|Endless Battle Clause: Forcing endless battles is banned\n|rule|OHKO Clause: OHKO moves are banned\n|rule|Evasion Moves Clause: Evasion moves are banned\n|rule|Evasion Items Clause: Evasion items are banned\n|rule|Species Clause: Limit one of each Pok\u00e9mon\n|rule|Sleep Clause Mod: Limit one foe put to sleep\n|rule|Mega Rayquaza Clause: You cannot mega evolve Rayquaza\n|clearpoke\n|poke|p1|Conkeldurr, M|\n|poke|p1|Infernape, F|\n|poke|p1|Ogerpon-Wellspring, F|\n|poke|p1|Victreebel, M|\n|poke|p1|Empoleon, F|\n|poke|p1|Ribombee, M|\n|poke|p2|Chandelure, F|\n|poke|p2|Mamoswine, M|\n|poke|p2|Shaymin-Sky|\n|poke|p2|Ursaluna-Bloodmoon, M|\n|poke|p2|Ogerpon, F|\n|poke|p2|Darkrai|\n|teampreview\n|inactive|Battle timer is ON: inactive players will automatically lose when time's up. (requested by Saruman2830)\n|\n|t:|1700510633\n|start\n|switch|p1a: Celia|Empoleon, F|100\/100\n|switch|p2a: Hasty Much?|Chandelure, F|100\/100\n|turn|1\n|\n|t:|1700510640\n|move|p2a: Hasty Much?|Substitute|p2a: Hasty Much?\n|-start|p2a: Hasty Much?|Substitute\n|-damage|p2a: Hasty Much?|76\/100\n|move|p1a: Celia|Stealth Rock|p2a: Hasty Much?\n|-sidestart|p2: A Simple Worm|move: Stealth Rock\n|\n|-heal|p2a: Hasty Much?|82\/100|[from] item: Leftovers\n|upkeep\n|turn|2\n|\n|t:|1700510645\n|move|p2a: Hasty Much?|Calm Mind|p2a: Hasty Much?\n|-boost|p2a: Hasty Much?|spa|1\n|-boost|p2a: Hasty Much?|spd|1\n|move|p1a: Celia|Flip Turn|p2a: Hasty Much?\n|-supereffective|p2a: Hasty Much?\n|-end|p2a: Hasty Much?|Substitute\n|\n|t:|1700510658\n|switch|p1a: Azure|Ogerpon-Wellspring, F|100\/100|[from] Flip Turn\n|\n|-heal|p2a: Hasty Much?|88\/100|[from] item: Leftovers\n|upkeep\n|turn|3\n|\n|t:|1700510676\n|switch|p2a: Really Sassy|Shaymin-Sky|100\/100\n|-damage|p2a: Really Sassy|76\/100|[from] Stealth Rock\n|move|p1a: Azure|Knock Off|p2a: Really Sassy\n|-damage|p2a: Really Sassy|28\/100\n|-enditem|p2a: Really Sassy|Choice Scarf|[from] move: Knock Off|[of] p1a: Azure\n|\n|upkeep\n|turn|4\n|\n|t:|1700510685\n|switch|p1a: Celia|Empoleon, F|100\/100\n|move|p2a: Really Sassy|Air Slash|p1a: Celia\n|-resisted|p1a: Celia\n|-damage|p1a: Celia|88\/100\n|\n|-heal|p1a: Celia|94\/100|[from] item: Leftovers\n|upkeep\n|turn|5\n|\n|t:|1700510695\n|move|p2a: Really Sassy|Earth Power|p1a: Celia\n|-supereffective|p1a: Celia\n|-damage|p1a: Celia|57\/100\n|move|p1a: Celia|Flip Turn|p2a: Really Sassy\n|-resisted|p2a: Really Sassy\n|-damage|p2a: Really Sassy|17\/100\n|\n|t:|1700510715\n|switch|p1a: Azure|Ogerpon-Wellspring, F|100\/100|[from] Flip Turn\n|\n|upkeep\n|turn|6\n|\n|t:|1700510722\n|switch|p1a: Celia|Empoleon, F|57\/100\n|move|p2a: Really Sassy|Air Slash|p1a: Celia\n|-resisted|p1a: Celia\n|-damage|p1a: Celia|45\/100\n|\n|-heal|p1a: Celia|51\/100|[from] item: Leftovers\n|upkeep\n|turn|7\n|\n|t:|1700510727\n|move|p2a: Really Sassy|Seed Flare|p1a: Celia\n|-damage|p1a: Celia|14\/100\n|-unboost|p1a: Celia|spd|2\n|-ability|p1a: Celia|Competitive|boost\n|-boost|p1a: Celia|spa|2\n|move|p1a: Celia|Roost|p1a: Celia\n|-heal|p1a: Celia|64\/100\n|-singleturn|p1a: Celia|move: Roost\n|\n|-heal|p1a: Celia|70\/100|[from] item: Leftovers\n|upkeep\n|turn|8\n|c|\u2606A Simple Worm|Cookage?\n|c|\u2606Saruman2830|I have no clue\n|\n|t:|1700510758\n|move|p2a: Really Sassy|Seed Flare|p1a: Celia|[miss]\n|-miss|p2a: Really Sassy|p1a: Celia\n|move|p1a: Celia|Flip Turn|p2a: Really Sassy\n|-resisted|p2a: Really Sassy\n|-damage|p2a: Really Sassy|5\/100\n|\n|t:|1700510762\n|switch|p1a: Steve|Conkeldurr, M|100\/100|[from] Flip Turn\n|\n|-status|p1a: Steve|brn|[from] item: Flame Orb\n|upkeep\n|turn|9\n|c|\u2606Saruman2830|Dumb look cookage\n|\n|t:|1700510772\n|move|p1a: Steve|Mach Punch|p2a: Really Sassy\n|-resisted|p2a: Really Sassy\n|-damage|p2a: Really Sassy|0 fnt\n|faint|p2a: Really Sassy\n|\n|-damage|p1a: Steve|94\/100 brn|[from] brn\n|upkeep\n|\n|t:|1700510778\n|switch|p2a: Too Naughty|Ogerpon, F|100\/100\n|-damage|p2a: Too Naughty|88\/100|[from] Stealth Rock\n|turn|10\n|\n|t:|1700510788\n|-terastallize|p1a: Steve|Normal\n|move|p2a: Too Naughty|Swords Dance|p2a: Too Naughty\n|-boost|p2a: Too Naughty|atk|2\n|move|p1a: Steve|Facade|p2a: Too Naughty\n|-damage|p2a: Too Naughty|0 fnt\n|faint|p2a: Too Naughty\n|\n|-damage|p1a: Steve|88\/100 brn|[from] brn\n|upkeep\n|\n|t:|1700510804\n|switch|p2a: Naughty Or Nice|Darkrai|100\/100\n|-damage|p2a: Naughty Or Nice|88\/100|[from] Stealth Rock\n|turn|11\n|\n|t:|1700510823\n|move|p1a: Steve|Mach Punch|p2a: Naughty Or Nice\n|-supereffective|p2a: Naughty Or Nice\n|-damage|p2a: Naughty Or Nice|0 fnt\n|faint|p2a: Naughty Or Nice\n|\n|-damage|p1a: Steve|82\/100 brn|[from] brn\n|upkeep\n|\n|t:|1700510833\n|switch|p2a: Hasty Much?|Chandelure, F|88\/100\n|-damage|p2a: Hasty Much?|63\/100|[from] Stealth Rock\n|turn|12\n|\n|t:|1700510842\n|move|p2a: Hasty Much?|Flamethrower|p1a: Steve\n|-damage|p1a: Steve|27\/100 brn\n|move|p1a: Steve|Knock Off|p2a: Hasty Much?\n|-supereffective|p2a: Hasty Much?\n|-damage|p2a: Hasty Much?|0 fnt\n|-enditem|p2a: Hasty Much?|Leftovers|[from] move: Knock Off|[of] p1a: Steve\n|faint|p2a: Hasty Much?\n|\n|-damage|p1a: Steve|21\/100 brn|[from] brn\n|upkeep\n|\n|t:|1700510852\n|switch|p2a: Im a Bit Docile|Mamoswine, M|100\/100\n|-damage|p2a: Im a Bit Docile|88\/100|[from] Stealth Rock\n|turn|13\n|\n|t:|1700510860\n|move|p2a: Im a Bit Docile|Ice Shard|p1a: Steve\n|-damage|p1a: Steve|0 fnt\n|faint|p1a: Steve\n|-damage|p2a: Im a Bit Docile|78\/100|[from] item: Life Orb\n|\n|upkeep\n|c|\u2606A Simple Worm|That hurts\n|\n|t:|1700510868\n|switch|p1a: Azure|Ogerpon-Wellspring, F|100\/100\n|turn|14\n|c|\u2606Saruman2830|Conk is crazy\n|\n|t:|1700510878\n|move|p1a: Azure|Ivy Cudgel|p2a: Im a Bit Docile|[anim] Ivy Cudgel Water\n|-supereffective|p2a: Im a Bit Docile\n|-damage|p2a: Im a Bit Docile|0 fnt\n|faint|p2a: Im a Bit Docile\n|\n|upkeep\n|\n|t:|1700510882\n|switch|p2a: Quiet Kid|Ursaluna-Bloodmoon, M|100\/100\n|-damage|p2a: Quiet Kid|94\/100|[from] Stealth Rock\n|turn|15\n|c|\u2606Saruman2830|Especially with brave nat\n|\n|t:|1700510889\n|-terastallize|p2a: Quiet Kid|Ice\n|move|p1a: Azure|Ivy Cudgel|p2a: Quiet Kid|[anim] Ivy Cudgel Water\n|-damage|p2a: Quiet Kid|57\/100\n|move|p2a: Quiet Kid|Blood Moon|p1a: Azure\n|-damage|p1a: Azure|8\/100\n|\n|-heal|p2a: Quiet Kid|64\/100|[from] item: Leftovers\n|upkeep\n|turn|16\n|\n|t:|1700510903\n|move|p1a: Azure|Knock Off|p2a: Quiet Kid\n|-damage|p2a: Quiet Kid|40\/100\n|-enditem|p2a: Quiet Kid|Leftovers|[from] move: Knock Off|[of] p1a: Azure\n|move|p2a: Quiet Kid|Earth Power|p1a: Azure\n|-resisted|p1a: Azure\n|-damage|p1a: Azure|0 fnt\n|faint|p1a: Azure\n|\n|upkeep\n|\n|t:|1700510915\n|switch|p1a: Liz|Infernape, F|100\/100\n|turn|17\n|c|\u2606A Simple Worm|Gg\n|\n|t:|1700510921\n|move|p1a: Liz|Aura Sphere|p2a: Quiet Kid\n|-supereffective|p2a: Quiet Kid\n|-damage|p2a: Quiet Kid|0 fnt\n|faint|p2a: Quiet Kid\n|\n|win|Saruman2830\n|c|\u2606Saruman2830|gg\n|c|\u2606A Simple Worm|Conk is crazy\n","uploadtime":1700510938,"views":10,"p1id":"saruman2830","p2id":"asimpleworm","formatid":"gen9nationaldexubers","rating":0,"private":0,"password":""}