{"id":"gen9nationaldexubers-1987375802","p1":"kitmash","p2":"7vxk","format":"[Gen 9] National Dex Ubers","log":"|j|\u2606kitmash\n|j|\u26067vxk\n|t:|1699583485\n|gametype|singles\n|player|p1|kitmash|101|1512\n|player|p2|7vxk|guitarist|1383\n|teamsize|p1|6\n|teamsize|p2|6\n|gen|9\n|tier|[Gen 9] National Dex Ubers\n|rated|\n|rule|HP Percentage Mod: HP is shown in percentages\n|rule|Endless Battle Clause: Forcing endless battles is banned\n|rule|OHKO Clause: OHKO moves are banned\n|rule|Evasion Moves Clause: Evasion moves are banned\n|rule|Evasion Items Clause: Evasion items are banned\n|rule|Species Clause: Limit one of each Pok\u00e9mon\n|rule|Sleep Clause Mod: Limit one foe put to sleep\n|rule|Mega Rayquaza Clause: You cannot mega evolve Rayquaza\n|clearpoke\n|poke|p1|Ursaluna-Bloodmoon, M|\n|poke|p1|Chi-Yu|\n|poke|p1|Salamence, F|\n|poke|p1|Arceus-Poison|\n|poke|p1|Lugia|\n|poke|p1|Zacian-*|\n|poke|p2|Marshadow|\n|poke|p2|Banette, F|\n|poke|p2|Zacian-*|\n|poke|p2|Necrozma-Dusk-Mane|\n|poke|p2|Groudon|\n|poke|p2|Lycanroc-Dusk, M|\n|teampreview\n|\n|t:|1699583492\n|start\n|switch|p1a: Salamence|Salamence, F|100\/100\n|switch|p2a: Lycanroc|Lycanroc-Dusk, M|100\/100\n|-ability|p1a: Salamence|Intimidate|boost\n|-unboost|p2a: Lycanroc|atk|1\n|turn|1\n|\n|t:|1699583509\n|switch|p1a: Ursaluna|Ursaluna-Bloodmoon, M|100\/100\n|move|p2a: Lycanroc|Counter||[still]\n|-fail|p2a: Lycanroc\n|\n|upkeep\n|turn|2\n|\n|t:|1699583523\n|move|p2a: Lycanroc|Taunt|p1a: Ursaluna\n|-start|p1a: Ursaluna|move: Taunt\n|move|p1a: Ursaluna|Earth Power|p2a: Lycanroc\n|-supereffective|p2a: Lycanroc\n|-enditem|p2a: Lycanroc|Focus Sash\n|-damage|p2a: Lycanroc|1\/100\n|\n|upkeep\n|turn|3\n|\n|t:|1699583530\n|move|p2a: Lycanroc|Endeavor|p1a: Ursaluna\n|-damage|p1a: Ursaluna|1\/100\n|move|p1a: Ursaluna|Earth Power|p2a: Lycanroc\n|-supereffective|p2a: Lycanroc\n|-damage|p2a: Lycanroc|0 fnt\n|faint|p2a: Lycanroc\n|\n|upkeep\n|\n|t:|1699583535\n|switch|p2a: Marshadow|Marshadow|100\/100\n|turn|4\n|\n|t:|1699583543\n|switch|p1a: Arceus|Arceus-Poison|100\/100\n|move|p2a: Marshadow|Rock Tomb|p1a: Arceus\n|-damage|p1a: Arceus|81\/100\n|-unboost|p1a: Arceus|spe|1\n|\n|upkeep\n|turn|5\n|\n|t:|1699583550\n|-zpower|p2a: Marshadow\n|move|p2a: Marshadow|Soul-Stealing 7-Star Strike|p1a: Arceus|[zeffect]\n|-damage|p1a: Arceus|12\/100\n|move|p1a: Arceus|Will-O-Wisp|p2a: Marshadow\n|-status|p2a: Marshadow|brn\n|\n|-damage|p2a: Marshadow|94\/100 brn|[from] brn\n|upkeep\n|turn|6\n|\n|t:|1699583566\n|switch|p1a: Salamence|Salamence, F|100\/100\n|-ability|p1a: Salamence|Intimidate|boost\n|-unboost|p2a: Marshadow|atk|1\n|move|p2a: Marshadow|Spectral Thief|p1a: Salamence\n|-damage|p1a: Salamence|90\/100\n|\n|-damage|p2a: Marshadow|88\/100 brn|[from] brn\n|upkeep\n|turn|7\n|\n|t:|1699583576\n|detailschange|p1a: Salamence|Salamence-Mega, F\n|-mega|p1a: Salamence|Salamence|Salamencite\n|move|p2a: Marshadow|Rock Tomb|p1a: Salamence\n|-supereffective|p1a: Salamence\n|-damage|p1a: Salamence|79\/100\n|-unboost|p1a: Salamence|spe|1\n|move|p1a: Salamence|Double-Edge|p2a: Marshadow\n|-supereffective|p2a: Marshadow\n|-damage|p2a: Marshadow|0 fnt\n|faint|p2a: Marshadow\n|-damage|p1a: Salamence|55\/100|[from] Recoil\n|\n|upkeep\n|\n|t:|1699583586\n|switch|p2a: Groudon|Groudon, shiny|100\/100\n|detailschange|p2a: Groudon|Groudon-Primal, shiny\n|-primal|p2a: Groudon|Red Orb\n|-weather|DesolateLand|[from] ability: Desolate Land|[of] p2a: Groudon\n|turn|8\n|\n|t:|1699583595\n|move|p2a: Groudon|Rock Polish|p2a: Groudon\n|-boost|p2a: Groudon|spe|2\n|move|p1a: Salamence|Toxic|p2a: Groudon\n|-status|p2a: Groudon|tox\n|\n|-weather|DesolateLand|[upkeep]\n|-damage|p2a: Groudon|94\/100 tox|[from] psn\n|upkeep\n|turn|9\n|\n|t:|1699583603\n|move|p2a: Groudon|Heat Crash|p1a: Salamence\n|-resisted|p1a: Salamence\n|-damage|p1a: Salamence|26\/100\n|move|p1a: Salamence|Roost|p1a: Salamence\n|-heal|p1a: Salamence|76\/100\n|-singleturn|p1a: Salamence|move: Roost\n|\n|-weather|DesolateLand|[upkeep]\n|-damage|p2a: Groudon|82\/100 tox|[from] psn\n|upkeep\n|turn|10\n|\n|t:|1699583613\n|move|p2a: Groudon|Thunder Punch|p1a: Salamence\n|-damage|p1a: Salamence|57\/100\n|move|p1a: Salamence|Roost|p1a: Salamence\n|-heal|p1a: Salamence|100\/100\n|-singleturn|p1a: Salamence|move: Roost\n|\n|-weather|DesolateLand|[upkeep]\n|-damage|p2a: Groudon|64\/100 tox|[from] psn\n|upkeep\n|turn|11\n|inactive|Battle timer is ON: inactive players will automatically lose when time's up. (requested by 7vxk)\n|\n|t:|1699583624\n|-weather|none\n|switch|p2a: Zacian|Zacian-Crowned|100\/100\n|-ability|p2a: Zacian|Intrepid Sword|boost\n|-boost|p2a: Zacian|atk|1\n|move|p1a: Salamence|Double-Edge|p2a: Zacian\n|-resisted|p2a: Zacian\n|-damage|p2a: Zacian|67\/100\n|-damage|p1a: Salamence|91\/100|[from] Recoil\n|\n|upkeep\n|turn|12\n|\n|t:|1699583636\n|switch|p1a: Zacian|Zacian-Crowned|100\/100\n|-ability|p1a: Zacian|Intrepid Sword|boost\n|-boost|p1a: Zacian|atk|1\n|move|p2a: Zacian|Play Rough|p1a: Zacian\n|-resisted|p1a: Zacian\n|-damage|p1a: Zacian|78\/100\n|-unboost|p1a: Zacian|atk|1\n|\n|upkeep\n|turn|13\n|\n|t:|1699583646\n|move|p2a: Zacian|Behemoth Blade|p1a: Zacian\n|-damage|p1a: Zacian|30\/100\n|move|p1a: Zacian|Behemoth Blade|p2a: Zacian\n|-damage|p2a: Zacian|25\/100\n|\n|upkeep\n|turn|14\n|\n|t:|1699583658\n|move|p2a: Zacian|Behemoth Blade|p1a: Zacian\n|-damage|p1a: Zacian|0 fnt\n|faint|p1a: Zacian\n|\n|upkeep\n|\n|t:|1699583663\n|switch|p1a: Ursaluna|Ursaluna-Bloodmoon, M|1\/100\n|turn|15\n|\n|t:|1699583672\n|-terastallize|p1a: Ursaluna|Fighting\n|move|p1a: Ursaluna|Vacuum Wave|p2a: Zacian\n|-damage|p2a: Zacian|0 fnt\n|faint|p2a: Zacian\n|\n|upkeep\n|\n|t:|1699583678\n|switch|p2a: Banette|Banette, F|100\/100\n|turn|16\n|\n|t:|1699583685\n|switch|p1a: Arceus|Arceus-Poison|12\/100\n|detailschange|p2a: Banette|Banette-Mega, F\n|-mega|p2a: Banette|Banette|Banettite\n|move|p2a: Banette|Swords Dance|p2a: Banette\n|-boost|p2a: Banette|atk|2\n|\n|upkeep\n|turn|17\n|\n|t:|1699583693\n|move|p2a: Banette|Shadow Sneak|p1a: Arceus\n|-damage|p1a: Arceus|0 fnt\n|faint|p1a: Arceus\n|\n|upkeep\n|\n|t:|1699583701\n|switch|p1a: Salamence|Salamence-Mega, F|91\/100\n|turn|18\n|\n|t:|1699583707\n|move|p2a: Banette|Swords Dance|p2a: Banette\n|-boost|p2a: Banette|atk|2\n|move|p1a: Salamence|Double-Edge|p2a: Banette\n|-damage|p2a: Banette|16\/100\n|-damage|p1a: Salamence|72\/100|[from] Recoil\n|\n|upkeep\n|turn|19\n|\n|t:|1699583714\n|move|p2a: Banette|Shadow Sneak|p1a: Salamence\n|-damage|p1a: Salamence|27\/100\n|move|p1a: Salamence|Double-Edge|p2a: Banette\n|-damage|p2a: Banette|0 fnt\n|faint|p2a: Banette\n|-damage|p1a: Salamence|24\/100|[from] Recoil\n|\n|upkeep\n|\n|t:|1699583730\n|switch|p2a: Necrozma|Necrozma-Dusk-Mane|100\/100\n|turn|20\n|\n|t:|1699583740\n|switch|p1a: Lugia|Lugia|100\/100\n|move|p2a: Necrozma|Autotomize|p2a: Necrozma\n|-boost|p2a: Necrozma|spe|2\n|-start|p2a: Necrozma|Autotomize\n|\n|upkeep\n|turn|21\n|\n|t:|1699583746\n|move|p2a: Necrozma|Iron Defense|p2a: Necrozma\n|-boost|p2a: Necrozma|def|2\n|move|p1a: Lugia|Whirlwind|p2a: Necrozma\n|drag|p2a: Groudon|Groudon-Primal, shiny|64\/100 tox\n|-weather|DesolateLand|[from] ability: Desolate Land|[of] p2a: Groudon\n|\n|-weather|DesolateLand|[upkeep]\n|-damage|p2a: Groudon|58\/100 tox|[from] psn\n|upkeep\n|turn|22\n|\n|t:|1699583772\n|switch|p1a: Salamence|Salamence-Mega, F|24\/100\n|move|p2a: Groudon|Rock Polish|p2a: Groudon\n|-boost|p2a: Groudon|spe|2\n|\n|-weather|DesolateLand|[upkeep]\n|-damage|p2a: Groudon|45\/100 tox|[from] psn\n|upkeep\n|turn|23\n|\n|t:|1699583786\n|move|p2a: Groudon|Thunder Punch|p1a: Salamence\n|-damage|p1a: Salamence|7\/100\n|move|p1a: Salamence|Double-Edge|p2a: Groudon\n|-damage|p2a: Groudon|1\/100 tox\n|-damage|p1a: Salamence|0 fnt|[from] Recoil\n|faint|p1a: Salamence\n|\n|-weather|DesolateLand|[upkeep]\n|-damage|p2a: Groudon|0 fnt|[from] psn\n|faint|p2a: Groudon\n|-weather|none\n|upkeep\n|\n|t:|1699583795\n|switch|p2a: Necrozma|Necrozma-Dusk-Mane|100\/100\n|switch|p1a: Chi-Yu|Chi-Yu|100\/100\n|-ability|p1a: Chi-Yu|Beads of Ruin\n|turn|24\n|-message|7vxk forfeited.\n|\n|win|kitmash\n|raw|kitmash's rating: 1512 &rarr; <strong>1525<\/strong><br \/>(+13 for winning)\n|raw|7vxk's rating: 1383 &rarr; <strong>1370<\/strong><br \/>(-13 for losing)\n|l|\u26067vxk\n","uploadtime":1699583816,"views":14,"p1id":"kitmash","p2id":"7vxk","formatid":"gen9nationaldexubers","rating":1370,"private":0,"password":""}