{"id":"gen9nationaldexubers-1985755101","p1":"HarmTurtle","p2":"Jeffrin","format":"[Gen 9] National Dex Ubers","log":"|j|\u2606HarmTurtle\n|j|\u2606Jeffrin\n|t:|1699402784\n|gametype|singles\n|player|p1|HarmTurtle|carmine-festival|\n|player|p2|Jeffrin|falkner|\n|teamsize|p1|6\n|teamsize|p2|6\n|gen|9\n|tier|[Gen 9] National Dex Ubers\n|rule|HP Percentage Mod: HP is shown in percentages\n|rule|Endless Battle Clause: Forcing endless battles is banned\n|rule|OHKO Clause: OHKO moves are banned\n|rule|Evasion Moves Clause: Evasion moves are banned\n|rule|Evasion Items Clause: Evasion items are banned\n|rule|Species Clause: Limit one of each Pok\u00e9mon\n|rule|Sleep Clause Mod: Limit one foe put to sleep\n|rule|Mega Rayquaza Clause: You cannot mega evolve Rayquaza\n|clearpoke\n|poke|p1|Celesteela|\n|poke|p1|Quaquaval, F|\n|poke|p1|Grimmsnarl, M|\n|poke|p1|Vileplume, F|\n|poke|p1|Exeggutor, M|\n|poke|p1|Hariyama, M|\n|poke|p2|Crobat, M|\n|poke|p2|Minior|\n|poke|p2|Rotom-Fan|\n|poke|p2|Togekiss, F|\n|poke|p2|Golurk|\n|poke|p2|Celesteela|\n|teampreview\n|c|\u2606HarmTurtle|oh\n|c|\u2606HarmTurtle|I was saying use the mega pinsir team but ok\n|c|\u2606Jeffrin|Ah whoops\n|c|\u2606Jeffrin|Technically we can do one more with this team instead\n|c|\u2606Jeffrin|Just to make it fair\n|c|\u2606Jeffrin|Unless you want to fight the other team\n|c|\u2606HarmTurtle|how does this make it fair lol\n|c|\u2606HarmTurtle|it's up to you\n|c|\u2606Jeffrin|Fair as in it's the same team for 2\/3\n|c|\u2606HarmTurtle|I suppose, ye\n|c|\u2606HarmTurtle|let's roll with it then\n|c|\u2606HarmTurtle|gl hf!\n|\n|t:|1699402897\n|start\n|switch|p1a: Grimm Guy|Grimmsnarl, M|100\/100\n|switch|p2a: Superman|Golurk, shiny|100\/100\n|turn|1\n|c|\u2606Jeffrin|ditto\n|\n|t:|1699402904\n|-terastallize|p2a: Superman|Flying\n|move|p1a: Grimm Guy|Reflect|p1a: Grimm Guy\n|-sidestart|p1: HarmTurtle|Reflect\n|move|p2a: Superman|Dynamic Punch|p1a: Grimm Guy\n|-damage|p1a: Grimm Guy|84\/100\n|-start|p1a: Grimm Guy|confusion\n|\n|upkeep\n|turn|2\n|\n|t:|1699402916\n|switch|p1a: Watermelon|Vileplume, F, shiny|100\/100\n|move|p2a: Superman|Fly||[still]\n|-prepare|p2a: Superman|Fly\n|\n|upkeep\n|turn|3\n|c|\u2606Jeffrin|Tera blast cannot come soon enough\n|\n|t:|1699402938\n|switch|p1a: biggest rocket|Celesteela, shiny|100\/100\n|move|p2a: Superman|Fly|p1a: biggest rocket|[from]lockedmove\n|-resisted|p1a: biggest rocket\n|-damage|p1a: biggest rocket|89\/100\n|\n|upkeep\n|turn|4\n|\n|t:|1699402952\n|switch|p1a: Grimm Guy|Grimmsnarl, M|84\/100\n|move|p2a: Superman|Poltergeist|p1a: Grimm Guy\n|-activate|p1a: Grimm Guy|move: Poltergeist|Light Clay\n|-resisted|p1a: Grimm Guy\n|-damage|p1a: Grimm Guy|69\/100\n|\n|upkeep\n|turn|5\n|\n|t:|1699402960\n|move|p1a: Grimm Guy|Light Screen|p1a: Grimm Guy\n|-sidestart|p1: HarmTurtle|move: Light Screen\n|move|p2a: Superman|Dynamic Punch|p1a: Grimm Guy\n|-damage|p1a: Grimm Guy|51\/100\n|-start|p1a: Grimm Guy|confusion\n|\n|upkeep\n|turn|6\n|\n|t:|1699402969\n|switch|p1a: Bustdown Jr.|Quaquaval, F|100\/100\n|move|p2a: Superman|Poltergeist|p1a: Bustdown Jr.\n|-activate|p1a: Bustdown Jr.|move: Poltergeist|Heavy-Duty Boots\n|-damage|p1a: Bustdown Jr.|67\/100\n|\n|upkeep\n|turn|7\n|\n|t:|1699402977\n|move|p1a: Bustdown Jr.|Bulk Up|p1a: Bustdown Jr.\n|-boost|p1a: Bustdown Jr.|atk|1\n|-boost|p1a: Bustdown Jr.|def|1\n|move|p2a: Superman|Fly||[still]\n|-prepare|p2a: Superman|Fly\n|\n|upkeep\n|turn|8\n|\n|t:|1699402983\n|move|p1a: Bustdown Jr.|Bulk Up|p1a: Bustdown Jr.\n|-boost|p1a: Bustdown Jr.|atk|1\n|-boost|p1a: Bustdown Jr.|def|1\n|move|p2a: Superman|Fly|p1a: Bustdown Jr.|[from]lockedmove\n|-supereffective|p1a: Bustdown Jr.\n|-damage|p1a: Bustdown Jr.|35\/100\n|\n|-sideend|p1: HarmTurtle|Reflect\n|upkeep\n|turn|9\n|\n|t:|1699402992\n|move|p1a: Bustdown Jr.|Aqua Step|p2a: Superman\n|-damage|p2a: Superman|14\/100\n|-boost|p1a: Bustdown Jr.|spe|1\n|move|p2a: Superman|Dynamic Punch|p1a: Bustdown Jr.\n|-damage|p1a: Bustdown Jr.|14\/100\n|-start|p1a: Bustdown Jr.|confusion\n|\n|upkeep\n|turn|10\n|\n|t:|1699403001\n|switch|p2a: Xavier|Crobat, M, shiny|100\/100\n|-activate|p1a: Bustdown Jr.|confusion\n|move|p1a: Bustdown Jr.|Aqua Step|p2a: Xavier\n|-damage|p2a: Xavier|0 fnt\n|-boost|p1a: Bustdown Jr.|spe|1\n|faint|p2a: Xavier\n|-ability|p1a: Bustdown Jr.|Moxie|boost\n|-boost|p1a: Bustdown Jr.|atk|1\n|\n|upkeep\n|c|\u2606Jeffrin|Damnit XD\n|c|\u2606HarmTurtle|I was waiting for the confusion hit lol\n|\n|t:|1699403025\n|switch|p2a: Pulse|Rotom-Fan, shiny|100\/100\n|turn|11\n|\n|t:|1699403041\n|-activate|p1a: Bustdown Jr.|confusion\n|move|p1a: Bustdown Jr.|Aqua Step|p2a: Pulse\n|-damage|p2a: Pulse|0 fnt\n|-boost|p1a: Bustdown Jr.|spe|1\n|faint|p2a: Pulse\n|-ability|p1a: Bustdown Jr.|Moxie|boost\n|-boost|p1a: Bustdown Jr.|atk|1\n|\n|upkeep\n|\n|t:|1699403053\n|switch|p2a: Angellica|Togekiss, F, shiny|100\/100\n|turn|12\n|\n|t:|1699403058\n|-terastallize|p1a: Bustdown Jr.|Water\n|-end|p1a: Bustdown Jr.|confusion\n|move|p1a: Bustdown Jr.|Aqua Step|p2a: Angellica\n|-damage|p2a: Angellica|0 fnt\n|-boost|p1a: Bustdown Jr.|spe|1\n|faint|p2a: Angellica\n|-ability|p1a: Bustdown Jr.|Moxie|boost\n|-boost|p1a: Bustdown Jr.|atk|1\n|\n|-sideend|p1: HarmTurtle|move: Light Screen\n|upkeep\n|c|\u2606Jeffrin|Safe to say this is gg\n|-message|Jeffrin forfeited.\n|\n|win|HarmTurtle\n|c|\u2606HarmTurtle|ah, probably\n|c|\u2606HarmTurtle|gg\n","uploadtime":1699403080,"views":5,"p1id":"harmturtle","p2id":"jeffrin","formatid":"gen9nationaldexubers","rating":0,"private":0,"password":""}