{"id":"gen9nationaldexubers-1989260875","p1":"BloodPlum","p2":"Destinum","format":"[Gen 9] National Dex Ubers","log":"|j|\u2606BloodPlum\n|j|\u2606Destinum\n|t:|1699829154\n|gametype|singles\n|player|p1|BloodPlum|parasollady|\n|player|p2|Destinum|colress|\n|teamsize|p1|6\n|teamsize|p2|6\n|gen|9\n|tier|[Gen 9] National Dex Ubers\n|rule|HP Percentage Mod: HP is shown in percentages\n|rule|Endless Battle Clause: Forcing endless battles is banned\n|rule|OHKO Clause: OHKO moves are banned\n|rule|Evasion Moves Clause: Evasion moves are banned\n|rule|Evasion Items Clause: Evasion items are banned\n|rule|Species Clause: Limit one of each Pok\u00e9mon\n|rule|Sleep Clause Mod: Limit one foe put to sleep\n|rule|Mega Rayquaza Clause: You cannot mega evolve Rayquaza\n|clearpoke\n|poke|p1|Heracross, F|\n|poke|p1|Gliscor, F|\n|poke|p1|Hitmontop, M|\n|poke|p1|Azumarill, M|\n|poke|p1|Mismagius, M|\n|poke|p1|Slowking-Galar, M|\n|poke|p2|Ninetales-Alola, F|\n|poke|p2|Darmanitan-Galar, M|\n|poke|p2|Cetitan, M|\n|poke|p2|Piloswine, M|\n|poke|p2|Articuno|\n|poke|p2|Kyurem|\n|teampreview\n|\n|t:|1699829174\n|start\n|switch|p1a: Slowking|Slowking-Galar, M|100\/100\n|switch|p2a: Let It Go|Ninetales-Alola, F|100\/100\n|-weather|Snow|[from] ability: Snow Warning|[of] p2a: Let It Go\n|turn|1\n|\n|t:|1699829180\n|move|p2a: Let It Go|Aurora Veil|p2a: Let It Go\n|-sidestart|p2: Destinum|move: Aurora Veil\n|move|p1a: Slowking|Trick Room|p1a: Slowking\n|-fieldstart|move: Trick Room|[of] p1a: Slowking\n|\n|-weather|Snow|[upkeep]\n|upkeep\n|turn|2\n|\n|t:|1699829188\n|move|p1a: Slowking|Sludge Wave|p2a: Let It Go\n|-supereffective|p2a: Let It Go\n|-crit|p2a: Let It Go\n|-damage|p2a: Let It Go|0 fnt\n|faint|p2a: Let It Go\n|\n|-weather|Snow|[upkeep]\n|upkeep\n|\n|t:|1699829207\n|switch|p2a: Chris P. Bacon|Piloswine, M|100\/100\n|turn|3\n|\n|t:|1699829213\n|move|p1a: Slowking|Toxic Spikes|p2a: Chris P. Bacon\n|-sidestart|p2: Destinum|move: Toxic Spikes\n|move|p2a: Chris P. Bacon|Stealth Rock|p1a: Slowking\n|-sidestart|p1: BloodPlum|move: Stealth Rock\n|\n|-weather|Snow|[upkeep]\n|upkeep\n|turn|4\n|\n|t:|1699829217\n|move|p1a: Slowking|Toxic Spikes|p2a: Chris P. Bacon\n|-sidestart|p2: Destinum|move: Toxic Spikes\n|move|p2a: Chris P. Bacon|Earthquake|p1a: Slowking\n|-supereffective|p1a: Slowking\n|-damage|p1a: Slowking|22\/100\n|\n|-weather|Snow|[upkeep]\n|-heal|p1a: Slowking|28\/100|[from] item: Black Sludge\n|upkeep\n|turn|5\n|j| Frosty707\n|\n|t:|1699829231\n|switch|p1a: Mismagius|Mismagius, M|100\/100\n|-damage|p1a: Mismagius|88\/100|[from] Stealth Rock\n|move|p2a: Chris P. Bacon|Ice Shard|p1a: Mismagius\n|-damage|p1a: Mismagius|64\/100\n|\n|-weather|none\n|-fieldend|move: Trick Room\n|upkeep\n|turn|6\n|\n|t:|1699829237\n|move|p1a: Mismagius|Will-O-Wisp|p2a: Chris P. Bacon|[miss]\n|-miss|p1a: Mismagius|p2a: Chris P. Bacon\n|move|p2a: Chris P. Bacon|Rock Slide|p1a: Mismagius\n|-damage|p1a: Mismagius|38\/100\n|\n|upkeep\n|turn|7\n|\n|t:|1699829250\n|switch|p2a: The Godfeather|Articuno|100\/100\n|-ability|p2a: The Godfeather|Pressure\n|move|p1a: Mismagius|Will-O-Wisp|p2a: The Godfeather\n|-status|p2a: The Godfeather|brn\n|\n|-damage|p2a: The Godfeather|94\/100 brn|[from] brn\n|upkeep\n|turn|8\n|\n|t:|1699829258\n|move|p2a: The Godfeather|Defog|p1a: Mismagius\n|-unboost|p1a: Mismagius|evasion|1\n|-sideend|p1: BloodPlum|Stealth Rock|[from] move: Defog|[of] p2a: The Godfeather\n|-sideend|p2: Destinum|Toxic Spikes|[from] move: Defog|[of] p2a: The Godfeather\n|move|p1a: Mismagius|Trick Room|p1a: Mismagius\n|-fieldstart|move: Trick Room|[of] p1a: Mismagius\n|\n|-damage|p2a: The Godfeather|88\/100 brn|[from] brn\n|-sideend|p2: Destinum|move: Aurora Veil\n|upkeep\n|turn|9\n|\n|t:|1699829265\n|switch|p1a: Heracross|Heracross, F|100\/100\n|move|p2a: The Godfeather|U-turn|p1a: Heracross\n|-resisted|p1a: Heracross\n|-damage|p1a: Heracross|97\/100\n|l| Frosty707\n|\n|t:|1699829292\n|switch|p2a: Moby Thicc|Cetitan, M|100\/100|[from] U-turn\n|\n|upkeep\n|turn|10\n|\n|t:|1699829299\n|detailschange|p1a: Heracross|Heracross-Mega, F\n|-mega|p1a: Heracross|Heracross|Heracronite\n|move|p1a: Heracross|Rock Blast|p2a: Moby Thicc\n|-supereffective|p2a: Moby Thicc\n|-damage|p2a: Moby Thicc|77\/100\n|-supereffective|p2a: Moby Thicc\n|-damage|p2a: Moby Thicc|51\/100\n|-supereffective|p2a: Moby Thicc\n|-damage|p2a: Moby Thicc|26\/100\n|-enditem|p2a: Moby Thicc|Sitrus Berry|[eat]\n|-heal|p2a: Moby Thicc|51\/100|[from] item: Sitrus Berry\n|-supereffective|p2a: Moby Thicc\n|-damage|p2a: Moby Thicc|25\/100\n|-supereffective|p2a: Moby Thicc\n|-damage|p2a: Moby Thicc|0 fnt\n|faint|p2a: Moby Thicc\n|-hitcount|p2: Moby Thicc|5\n|\n|upkeep\n|j| IncandescentCandle\n|\n|t:|1699829333\n|switch|p2a: The Godfeather|Articuno|88\/100 brn\n|-ability|p2a: The Godfeather|Pressure\n|turn|11\n|\n|t:|1699829347\n|-terastallize|p2a: The Godfeather|Flying\n|move|p1a: Heracross|Rock Blast|p2a: The Godfeather\n|-supereffective|p2a: The Godfeather\n|-damage|p2a: The Godfeather|73\/100 brn\n|-supereffective|p2a: The Godfeather\n|-damage|p2a: The Godfeather|56\/100 brn\n|-supereffective|p2a: The Godfeather\n|-damage|p2a: The Godfeather|40\/100 brn\n|-supereffective|p2a: The Godfeather\n|-damage|p2a: The Godfeather|23\/100 brn\n|-supereffective|p2a: The Godfeather\n|-damage|p2a: The Godfeather|8\/100 brn\n|-hitcount|p2a: The Godfeather|5\n|move|p2a: The Godfeather|Roost|p2a: The Godfeather\n|-heal|p2a: The Godfeather|58\/100 brn\n|-hint|If a Flying Terastallized Pokemon uses Roost, it remains Flying-type.\n|\n|-damage|p2a: The Godfeather|52\/100 brn|[from] brn\n|upkeep\n|turn|12\n|c|\u2606Destinum|That didn't work as I thought it would.\n|\n|t:|1699829377\n|switch|p2a: Chris P. Bacon|Piloswine, M|100\/100\n|move|p1a: Heracross|Rock Blast|p2a: Chris P. Bacon\n|-damage|p2a: Chris P. Bacon|92\/100\n|-damage|p2a: Chris P. Bacon|82\/100\n|-damage|p2a: Chris P. Bacon|74\/100\n|-damage|p2a: Chris P. Bacon|65\/100\n|-damage|p2a: Chris P. Bacon|57\/100\n|-hitcount|p2a: Chris P. Bacon|5\n|\n|-fieldend|move: Trick Room\n|upkeep\n|turn|13\n|\n|t:|1699829384\n|switch|p1a: Slowking|Slowking-Galar, M|62\/100\n|move|p2a: Chris P. Bacon|Stealth Rock|p1a: Slowking\n|-sidestart|p1: BloodPlum|move: Stealth Rock\n|\n|-heal|p1a: Slowking|68\/100|[from] item: Black Sludge\n|upkeep\n|turn|14\n|\n|t:|1699829392\n|move|p2a: Chris P. Bacon|Earthquake|p1a: Slowking\n|-supereffective|p1a: Slowking\n|-damage|p1a: Slowking|1\/100\n|move|p1a: Slowking|Trick Room|p1a: Slowking\n|-fieldstart|move: Trick Room|[of] p1a: Slowking\n|\n|-heal|p1a: Slowking|7\/100|[from] item: Black Sludge\n|upkeep\n|turn|15\n|\n|t:|1699829400\n|switch|p1a: Heracross|Heracross-Mega, F|97\/100\n|-damage|p1a: Heracross|85\/100|[from] Stealth Rock\n|move|p2a: Chris P. Bacon|Ice Shard|p1a: Heracross\n|-damage|p1a: Heracross|73\/100\n|\n|upkeep\n|turn|16\n|\n|t:|1699829413\n|switch|p2a: The Godfeather|Articuno, tera:Flying|52\/100 brn\n|-ability|p2a: The Godfeather|Pressure\n|move|p1a: Heracross|Bullet Seed|p2a: The Godfeather\n|-resisted|p2a: The Godfeather\n|-damage|p2a: The Godfeather|47\/100 brn\n|-resisted|p2a: The Godfeather\n|-damage|p2a: The Godfeather|44\/100 brn\n|-resisted|p2a: The Godfeather\n|-crit|p2a: The Godfeather\n|-damage|p2a: The Godfeather|37\/100 brn\n|-resisted|p2a: The Godfeather\n|-damage|p2a: The Godfeather|33\/100 brn\n|-resisted|p2a: The Godfeather\n|-crit|p2a: The Godfeather\n|-damage|p2a: The Godfeather|27\/100 brn\n|-hitcount|p2a: The Godfeather|5\n|\n|-damage|p2a: The Godfeather|21\/100 brn|[from] brn\n|upkeep\n|turn|17\n|\n|t:|1699829433\n|move|p1a: Heracross|Rock Blast|p2a: The Godfeather\n|-supereffective|p2a: The Godfeather\n|-damage|p2a: The Godfeather|5\/100 brn\n|-supereffective|p2a: The Godfeather\n|-damage|p2a: The Godfeather|0 fnt\n|faint|p2a: The Godfeather\n|-hitcount|p2: The Godfeather|2\n|\n|upkeep\n|\n|t:|1699829437\n|switch|p2a: Chris P. Bacon|Piloswine, M|57\/100\n|turn|18\n|\n|t:|1699829440\n|move|p2a: Chris P. Bacon|Ice Shard|p1a: Heracross\n|-damage|p1a: Heracross|62\/100\n|move|p1a: Heracross|Bullet Seed|p2a: Chris P. Bacon\n|-supereffective|p2a: Chris P. Bacon\n|-damage|p2a: Chris P. Bacon|40\/100\n|-supereffective|p2a: Chris P. Bacon\n|-damage|p2a: Chris P. Bacon|22\/100\n|-supereffective|p2a: Chris P. Bacon\n|-damage|p2a: Chris P. Bacon|5\/100\n|-supereffective|p2a: Chris P. Bacon\n|-damage|p2a: Chris P. Bacon|0 fnt\n|faint|p2a: Chris P. Bacon\n|-hitcount|p2: Chris P. Bacon|4\n|\n|-fieldend|move: Trick Room\n|upkeep\n|\n|t:|1699829447\n|switch|p2a: I Choose Violence|Darmanitan-Galar, M|100\/100\n|turn|19\n|\n|t:|1699829452\n|switch|p1a: Hitmontop|Hitmontop, M|100\/100\n|move|p2a: I Choose Violence|Flare Blitz|p1a: Hitmontop\n|-damage|p1a: Hitmontop|28\/100\n|-damage|p2a: I Choose Violence|80\/100|[from] Recoil\n|\n|upkeep\n|turn|20\n|\n|t:|1699829456\n|move|p1a: Hitmontop|Mach Punch|p2a: I Choose Violence\n|-supereffective|p2a: I Choose Violence\n|-damage|p2a: I Choose Violence|0 fnt\n|faint|p2a: I Choose Violence\n|\n|upkeep\n|\n|t:|1699829460\n|switch|p2a: A Madafaking T-Rex|Kyurem|100\/100\n|-ability|p2a: A Madafaking T-Rex|Pressure\n|turn|21\n|\n|t:|1699829465\n|move|p1a: Hitmontop|Mach Punch|p2a: A Madafaking T-Rex\n|-supereffective|p2a: A Madafaking T-Rex\n|-damage|p2a: A Madafaking T-Rex|46\/100\n|move|p2a: A Madafaking T-Rex|Freeze-Dry|p1a: Hitmontop\n|-damage|p1a: Hitmontop|0 fnt\n|faint|p1a: Hitmontop\n|\n|upkeep\n|\n|t:|1699829471\n|switch|p1a: Gliscor|Gliscor, F|100\/100\n|-damage|p1a: Gliscor|88\/100|[from] Stealth Rock\n|turn|22\n|\n|t:|1699829478\n|move|p2a: A Madafaking T-Rex|Freeze-Dry|p1a: Gliscor\n|-supereffective|p1a: Gliscor\n|-damage|p1a: Gliscor|0 fnt\n|faint|p1a: Gliscor\n|\n|upkeep\n|\n|t:|1699829482\n|switch|p1a: Slowking|Slowking-Galar, M|40\/100\n|-damage|p1a: Slowking|28\/100|[from] Stealth Rock\n|turn|23\n|\n|t:|1699829485\n|switch|p1a: Azumarill|Azumarill, M|100\/100\n|-damage|p1a: Azumarill|88\/100|[from] Stealth Rock\n|move|p2a: A Madafaking T-Rex|Freeze-Dry|p1a: Azumarill\n|-supereffective|p1a: Azumarill\n|-damage|p1a: Azumarill|0 fnt\n|faint|p1a: Azumarill\n|\n|upkeep\n|\n|t:|1699829488\n|switch|p1a: Mismagius|Mismagius, M|38\/100\n|-damage|p1a: Mismagius|26\/100|[from] Stealth Rock\n|turn|24\n|\n|t:|1699829490\n|move|p2a: A Madafaking T-Rex|Freeze-Dry|p1a: Mismagius\n|-damage|p1a: Mismagius|0 fnt\n|faint|p1a: Mismagius\n|\n|upkeep\n|\n|t:|1699829493\n|switch|p1a: Slowking|Slowking-Galar, M|61\/100\n|-damage|p1a: Slowking|48\/100|[from] Stealth Rock\n|turn|25\n|\n|t:|1699829496\n|move|p2a: A Madafaking T-Rex|Freeze-Dry|p1a: Slowking\n|-damage|p1a: Slowking|4\/100\n|move|p1a: Slowking|Trick Room|p1a: Slowking\n|-fieldstart|move: Trick Room|[of] p1a: Slowking\n|\n|-heal|p1a: Slowking|10\/100|[from] item: Black Sludge\n|upkeep\n|turn|26\n|\n|t:|1699829501\n|move|p1a: Slowking|Eerie Spell|p2a: A Madafaking T-Rex\n|-damage|p2a: A Madafaking T-Rex|4\/100\n|-activate|p2a: A Madafaking T-Rex|move: Eerie Spell|Freeze-Dry|3\n|move|p2a: A Madafaking T-Rex|Freeze-Dry|p1a: Slowking\n|-damage|p1a: Slowking|0 fnt\n|faint|p1a: Slowking\n|\n|upkeep\n|\n|t:|1699829503\n|switch|p1a: Heracross|Heracross-Mega, F|62\/100\n|-damage|p1a: Heracross|50\/100|[from] Stealth Rock\n|turn|27\n|c|\u2606Destinum|gg\n|\n|t:|1699829509\n|move|p1a: Heracross|Close Combat|p2a: A Madafaking T-Rex\n|-supereffective|p2a: A Madafaking T-Rex\n|-damage|p2a: A Madafaking T-Rex|0 fnt\n|-unboost|p1a: Heracross|def|1\n|-unboost|p1a: Heracross|spd|1\n|faint|p2a: A Madafaking T-Rex\n|\n|win|BloodPlum\n|c|\u2606BloodPlum|gg\n","uploadtime":1699829511,"views":21,"p1id":"bloodplum","p2id":"destinum","formatid":"gen9nationaldexubers","rating":0,"private":0,"password":""}