{"id":"gen9nationaldexubers-1978664572","p1":"Dozkek","p2":"Just B3A$T","format":"[Gen 9] National Dex Ubers","log":"|j|\u2606Dozkek\n|j|\u2606Just B3A$T\n|t:|1698577493\n|gametype|singles\n|player|p1|Dozkek|adaman|\n|player|p2|Just B3A$T|bruno|\n|teamsize|p1|6\n|teamsize|p2|6\n|gen|9\n|tier|[Gen 9] National Dex Ubers\n|rule|HP Percentage Mod: HP is shown in percentages\n|rule|Endless Battle Clause: Forcing endless battles is banned\n|rule|OHKO Clause: OHKO moves are banned\n|rule|Evasion Moves Clause: Evasion moves are banned\n|rule|Evasion Items Clause: Evasion items are banned\n|rule|Species Clause: Limit one of each Pok\u00e9mon\n|rule|Sleep Clause Mod: Limit one foe put to sleep\n|rule|Mega Rayquaza Clause: You cannot mega evolve Rayquaza\n|clearpoke\n|poke|p1|Grimmsnarl, M|\n|poke|p1|Gyarados, M|\n|poke|p1|Ogerpon-Hearthflame, F|\n|poke|p1|Iron Hands|\n|poke|p1|Cresselia, F|\n|poke|p1|Iron Valiant|\n|poke|p2|Aegislash, M|\n|poke|p2|Genesect-Douse|\n|poke|p2|Celesteela|\n|poke|p2|Gardevoir, F|\n|poke|p2|Magnezone|\n|poke|p2|Heatran, M|\n|teampreview\n|inactive|Battle timer is ON: inactive players will automatically lose when time's up. (requested by Just B3A$T)\n|inactive|Dozkek also wants the timer to be on.\n|c|\u2606Just B3A$T|Hmm....\n|c|\u2606Dozkek|Hf\n|c|\u2606Just B3A$T|Taste my steeled fangs of vengeance!\n|c|\u2606Just B3A$T|u3\n|\n|t:|1698577516\n|start\n|switch|p1a: Grimmsnarl|Grimmsnarl, M, shiny|100\/100\n|switch|p2a: Cyclops|Magnezone, shiny|100\/100\n|turn|1\n|\n|t:|1698577529\n|move|p1a: Grimmsnarl|Light Screen|p1a: Grimmsnarl\n|-sidestart|p1: Dozkek|move: Light Screen\n|move|p2a: Cyclops|Volt Switch|p1a: Grimmsnarl\n|-damage|p1a: Grimmsnarl|81\/100\n|\n|t:|1698577540\n|switch|p2a: burning up!|Heatran, M, shiny|100\/100|[from] Volt Switch\n|-item|p2a: burning up!|Air Balloon\n|\n|upkeep\n|turn|2\n|\n|t:|1698577553\n|switch|p1a: Gyarados|Gyarados, M|100\/100\n|-ability|p1a: Gyarados|Intimidate|boost\n|-unboost|p2a: burning up!|atk|1\n|move|p2a: burning up!|Toxic|p1a: Gyarados\n|-status|p1a: Gyarados|tox\n|\n|-damage|p1a: Gyarados|94\/100 tox|[from] psn\n|upkeep\n|turn|3\n|\n|t:|1698577569\n|move|p1a: Gyarados|Waterfall|p2a: burning up!\n|-supereffective|p2a: burning up!\n|-damage|p2a: burning up!|21\/100\n|-enditem|p2a: burning up!|Air Balloon\n|move|p2a: burning up!|Magma Storm|p1a: Gyarados|[miss]\n|-miss|p2a: burning up!|p1a: Gyarados\n|\n|-damage|p1a: Gyarados|82\/100 tox|[from] psn\n|upkeep\n|turn|4\n|c|\u2606Just B3A$T|bruh\n|\n|t:|1698577581\n|detailschange|p1a: Gyarados|Gyarados-Mega, M\n|-mega|p1a: Gyarados|Gyarados|Gyaradosite\n|-ability|p1a: Gyarados|Mold Breaker\n|move|p1a: Gyarados|Crunch|p2a: burning up!\n|-damage|p2a: burning up!|0 fnt\n|faint|p2a: burning up!\n|\n|-damage|p1a: Gyarados|64\/100 tox|[from] psn\n|upkeep\n|\n|t:|1698577591\n|switch|p2a: Cyclops|Magnezone, shiny|100\/100\n|turn|5\n|inactive|Dozkek has 270 seconds left.\n|\n|t:|1698577626\n|switch|p1a: Ogerpon|Ogerpon-Hearthflame, F|100\/100\n|-ability|p1a: Ogerpon|Mold Breaker\n|move|p2a: Cyclops|Discharge|p1a: Ogerpon\n|-resisted|p1a: Ogerpon\n|-damage|p1a: Ogerpon|89\/100\n|-status|p1a: Ogerpon|par\n|\n|upkeep\n|turn|6\n|inactive|Dozkek has 270 seconds left.\n|\n|t:|1698577657\n|switch|p2a: furry bait|Gardevoir, F, shiny|100\/100\n|-ability|p2a: furry bait|Mold Breaker\n|-ability|p2a: furry bait|Mold Breaker|[from] ability: Trace|[of] p1a: Ogerpon\n|move|p1a: Ogerpon|Ivy Cudgel|p2a: furry bait\n|-damage|p2a: furry bait|4\/100\n|\n|upkeep\n|turn|7\n|inactive|Dozkek has 240 seconds left.\n|\n|t:|1698577693\n|switch|p1a: Cresselia|Cresselia, F, shiny|100\/100\n|detailschange|p2a: furry bait|Gardevoir-Mega, F, shiny\n|-mega|p2a: furry bait|Gardevoir|Gardevoirite\n|move|p2a: furry bait|Psychic|p1a: Cresselia\n|-resisted|p1a: Cresselia\n|-damage|p1a: Cresselia|92\/100\n|\n|upkeep\n|turn|8\n|\n|t:|1698577703\n|switch|p2a: Spaceship!!!|Celesteela, shiny|100\/100\n|move|p1a: Cresselia|Calm Mind|p1a: Cresselia\n|-boost|p1a: Cresselia|spa|1\n|-boost|p1a: Cresselia|spd|1\n|\n|-sideend|p1: Dozkek|move: Light Screen\n|upkeep\n|turn|9\n|inactive|Dozkek has 210 seconds left.\n|\n|t:|1698577747\n|move|p2a: Spaceship!!!|Autotomize|p2a: Spaceship!!!\n|-boost|p2a: Spaceship!!!|spe|2\n|-start|p2a: Spaceship!!!|Autotomize\n|move|p1a: Cresselia|Calm Mind|p1a: Cresselia\n|-boost|p1a: Cresselia|spa|1\n|-boost|p1a: Cresselia|spd|1\n|\n|upkeep\n|turn|10\n|\n|t:|1698577754\n|move|p2a: Spaceship!!!|Meteor Beam||[still]\n|-prepare|p2a: Spaceship!!!|Meteor Beam\n|-boost|p2a: Spaceship!!!|spa|1\n|-enditem|p2a: Spaceship!!!|Power Herb\n|-anim|p2a: Spaceship!!!|Meteor Beam|p1a: Cresselia|[miss]\n|-miss|p2a: Spaceship!!!|p1a: Cresselia\n|move|p1a: Cresselia|Calm Mind|p1a: Cresselia\n|-boost|p1a: Cresselia|spa|1\n|-boost|p1a: Cresselia|spd|1\n|\n|upkeep\n|turn|11\n|\n|t:|1698577770\n|move|p2a: Spaceship!!!|Meteor Beam||[still]\n|-prepare|p2a: Spaceship!!!|Meteor Beam\n|-boost|p2a: Spaceship!!!|spa|1\n|move|p1a: Cresselia|Calm Mind|p1a: Cresselia\n|-boost|p1a: Cresselia|spa|1\n|-boost|p1a: Cresselia|spd|1\n|\n|upkeep\n|turn|12\n|\n|t:|1698577778\n|move|p2a: Spaceship!!!|Meteor Beam|p1a: Cresselia|[from]lockedmove\n|-damage|p1a: Cresselia|76\/100\n|move|p1a: Cresselia|Calm Mind|p1a: Cresselia\n|-boost|p1a: Cresselia|spa|1\n|-boost|p1a: Cresselia|spd|1\n|\n|upkeep\n|turn|13\n|\n|t:|1698577795\n|move|p2a: Spaceship!!!|Air Slash|p1a: Cresselia\n|-damage|p1a: Cresselia|63\/100\n|move|p1a: Cresselia|Calm Mind|p1a: Cresselia\n|-boost|p1a: Cresselia|spa|1\n|-boost|p1a: Cresselia|spd|1\n|\n|upkeep\n|turn|14\n|\n|t:|1698577801\n|move|p2a: Spaceship!!!|Air Slash|p1a: Cresselia\n|-damage|p1a: Cresselia|51\/100\n|move|p1a: Cresselia|Moonlight|p1a: Cresselia\n|-heal|p1a: Cresselia|100\/100\n|\n|upkeep\n|turn|15\n|\n|t:|1698577827\n|move|p2a: Spaceship!!!|Air Slash|p1a: Cresselia\n|-damage|p1a: Cresselia|89\/100\n|cant|p1a: Cresselia|flinch\n|\n|upkeep\n|turn|16\n|l|\u2606Just B3A$T\n|inactive|Just B3A$T disconnected and has 300 seconds to reconnect!\n|player|p2|\n|inactive|Just B3A$T has 270 seconds to reconnect!\n|j|\u2606Just B3A$T\n|inactive|Just B3A$T reconnected and has 290 seconds left.\n|player|p2|Just B3A$T|bruno\n|c|\u2606Just B3A$T|holy crap\n|c|\u2606Just B3A$T|shit internet\n|\n|t:|1698577879\n|move|p2a: Spaceship!!!|Air Slash|p1a: Cresselia\n|-crit|p1a: Cresselia\n|-damage|p1a: Cresselia|20\/100\n|move|p1a: Cresselia|Stored Power|p2a: Spaceship!!!\n|-resisted|p2a: Spaceship!!!\n|-damage|p2a: Spaceship!!!|0 fnt\n|faint|p2a: Spaceship!!!\n|\n|upkeep\n|\n|t:|1698577888\n|switch|p2a: Aegis|Aegislash, M, shiny|100\/100\n|turn|17\n|c|\u2606Dozkek|Man\n|c|\u2606Just B3A$T|true\n|inactive|Dozkek has 180 seconds left.\n|\n|t:|1698577914\n|-terastallize|p1a: Cresselia|Fighting\n|-formechange|p2a: Aegis|Aegislash-Blade||[from] ability: Stance Change\n|move|p2a: Aegis|Iron Head|p1a: Cresselia\n|-damage|p1a: Cresselia|0 fnt\n|faint|p1a: Cresselia\n|\n|upkeep\n|\n|t:|1698577932\n|switch|p1a: Grimmsnarl|Grimmsnarl, M, shiny|81\/100\n|turn|18\n|\n|t:|1698577943\n|move|p1a: Grimmsnarl|Reflect|p1a: Grimmsnarl\n|-sidestart|p1: Dozkek|Reflect\n|move|p2a: Aegis|Swords Dance|p2a: Aegis\n|-boost|p2a: Aegis|atk|2\n|\n|upkeep\n|turn|19\n|c|\u2606Dozkek|Idk why i tera'd\n|inactive|Dozkek has 180 seconds left.\n|\n|t:|1698577952\n|move|p2a: Aegis|Iron Head|p1a: Grimmsnarl\n|-supereffective|p1a: Grimmsnarl\n|-damage|p1a: Grimmsnarl|9\/100\n|move|p1a: Grimmsnarl|Foul Play|p2a: Aegis\n|-supereffective|p2a: Aegis\n|-damage|p2a: Aegis|0 fnt\n|faint|p2a: Aegis\n|\n|upkeep\n|c|\u2606Just B3A$T|bruh\n|\n|t:|1698577965\n|switch|p2a: furry bait|Gardevoir-Mega, F, shiny|4\/100\n|turn|20\n|\n|t:|1698577970\n|move|p1a: Grimmsnarl|Light Screen|p1a: Grimmsnarl\n|-sidestart|p1: Dozkek|move: Light Screen\n|move|p2a: furry bait|Moonblast|p1a: Grimmsnarl\n|-supereffective|p1a: Grimmsnarl\n|-damage|p1a: Grimmsnarl|0 fnt\n|faint|p1a: Grimmsnarl\n|\n|upkeep\n|inactive|Dozkek has 180 seconds left.\n|\n|t:|1698577994\n|switch|p1a: Gyarados|Gyarados-Mega, M|64\/100 tox\n|-ability|p1a: Gyarados|Mold Breaker\n|turn|21\n|inactive|Dozkek has 180 seconds left.\n|\n|t:|1698577999\n|move|p2a: furry bait|Moonblast|p1a: Gyarados\n|-supereffective|p1a: Gyarados\n|-damage|p1a: Gyarados|20\/100 tox\n|move|p1a: Gyarados|Waterfall|p2a: furry bait\n|-damage|p2a: furry bait|0 fnt\n|faint|p2a: furry bait\n|\n|-damage|p1a: Gyarados|13\/100 tox|[from] psn\n|upkeep\n|\n|t:|1698578008\n|switch|p2a: Cyclops|Magnezone, shiny|100\/100\n|turn|22\n|\n|t:|1698578019\n|move|p2a: Cyclops|Volt Switch|p1a: Gyarados\n|-supereffective|p1a: Gyarados\n|-damage|p1a: Gyarados|0 fnt\n|faint|p1a: Gyarados\n|\n|t:|1698578021\n|switch|p2a: Bionic|Genesect-Douse, shiny|100\/100|[from] Volt Switch\n|\n|upkeep\n|\n|t:|1698578029\n|switch|p1a: Ogerpon|Ogerpon-Hearthflame, F|89\/100 par\n|-ability|p1a: Ogerpon|Mold Breaker\n|turn|23\n|\n|t:|1698578034\n|switch|p2a: Cyclops|Magnezone, shiny|100\/100\n|move|p1a: Ogerpon|Ivy Cudgel|p2a: Cyclops\n|-supereffective|p2a: Cyclops\n|-damage|p2a: Cyclops|0 fnt\n|faint|p2a: Cyclops\n|\n|upkeep\n|c|\u2606Just B3A$T|right\n|c|\u2606Just B3A$T|Forgot\n|c|\u2606Just B3A$T|Mold Breaker\n|c|\u2606Dozkek|\ud83d\uddff\n|\n|t:|1698578047\n|switch|p2a: Bionic|Genesect-Douse, shiny|100\/100\n|-ability|p2a: Bionic|Download|boost\n|-boost|p2a: Bionic|atk|1\n|turn|24\n|inactive|Dozkek has 210 seconds left.\n|c|\u2606Just B3A$T|gg\n|c|\u2606Dozkek|Not being able to tera doesn't matter much for ogerpon\n|\n|t:|1698578061\n|-terastallize|p2a: Bionic|Fire\n|move|p2a: Bionic|Shift Gear|p2a: Bionic\n|-boost|p2a: Bionic|spe|2\n|-boost|p2a: Bionic|atk|1\n|move|p1a: Ogerpon|Ivy Cudgel|p2a: Bionic\n|-resisted|p2a: Bionic\n|-crit|p2a: Bionic\n|-damage|p2a: Bionic|40\/100\n|\n|upkeep\n|turn|25\n|inactive|Dozkek has 210 seconds left.\n|c|\u2606Just B3A$T|Screens is mad\n|c|\u2606Dozkek|You won prob\n|\n|t:|1698578087\n|move|p2a: Bionic|Blaze Kick|p1a: Ogerpon\n|-damage|p1a: Ogerpon|36\/100 par\n|move|p1a: Ogerpon|Power Whip|p2a: Bionic\n|-resisted|p2a: Bionic\n|-damage|p2a: Bionic|0 fnt\n|faint|p2a: Bionic\n|\n|win|Dozkek\n|c|\u2606Just B3A$T|no lmao\n|c|\u2606Dozkek|Nvm\n|c|\u2606Dozkek|Gg\n|c|\u2606Just B3A$T|gg\n|l|\u2606Dozkek\n","uploadtime":1698578100,"views":12,"p1id":"dozkek","p2id":"justb3at","formatid":"gen9nationaldexubers","rating":0,"private":0,"password":""}