{"id":"gen9nationaldexubers-1981342062","p1":"Senjuro Orochi","p2":"DrArkane15","format":"[Gen 9] National Dex Ubers","log":"|j|\u2606Senjuro Orochi\n|j|\u2606DrArkane15\n|t:|1698885522\n|gametype|singles\n|player|p1|Senjuro Orochi|bruno|\n|player|p2|DrArkane15|cyrus|\n|teamsize|p1|5\n|teamsize|p2|3\n|gen|9\n|tier|[Gen 9] National Dex Ubers\n|rule|HP Percentage Mod: HP is shown in percentages\n|rule|Endless Battle Clause: Forcing endless battles is banned\n|rule|OHKO Clause: OHKO moves are banned\n|rule|Evasion Moves Clause: Evasion moves are banned\n|rule|Evasion Items Clause: Evasion items are banned\n|rule|Species Clause: Limit one of each Pok\u00e9mon\n|rule|Sleep Clause Mod: Limit one foe put to sleep\n|rule|Mega Rayquaza Clause: You cannot mega evolve Rayquaza\n|clearpoke\n|poke|p1|Combusken, L19, M|\n|poke|p1|Staravia, L18, M|\n|poke|p1|Horsea, L18, F|\n|poke|p1|Shinx, L14, M|\n|poke|p1|Meowth-Galar, L11, M|\n|poke|p2|Solrock, L25|\n|poke|p2|Toedscool, L21, F|\n|poke|p2|Rhyhorn, L23, M|\n|teampreview\n|\n|t:|1698885534\n|start\n|switch|p1a: Horsea|Horsea, L18, F|100\/100\n|switch|p2a: Rhyhorn|Rhyhorn, L23, M|100\/100\n|turn|1\n|\n|t:|1698885543\n|move|p1a: Horsea|Water Gun|p2a: Rhyhorn\n|-supereffective|p2a: Rhyhorn\n|-damage|p2a: Rhyhorn|17\/100\n|move|p2a: Rhyhorn|Horn Attack|p1a: Horsea\n|-damage|p1a: Horsea|39\/100\n|\n|upkeep\n|turn|2\n|\n|t:|1698885555\n|move|p1a: Horsea|Water Gun|p2a: Rhyhorn\n|-supereffective|p2a: Rhyhorn\n|-damage|p2a: Rhyhorn|0 fnt\n|faint|p2a: Rhyhorn\n|\n|upkeep\n|\n|t:|1698885563\n|switch|p2a: Toedscool|Toedscool, L21, F|100\/100\n|turn|3\n|\n|t:|1698885580\n|move|p2a: Toedscool|Mega Drain|p1a: Horsea\n|-supereffective|p1a: Horsea\n|-damage|p1a: Horsea|0 fnt\n|faint|p1a: Horsea\n|\n|upkeep\n|\n|t:|1698885587\n|switch|p1a: Combusken|Combusken, L19, M, shiny|100\/100\n|turn|4\n|\n|t:|1698885615\n|switch|p2a: Solrock|Solrock, L25|100\/100\n|move|p1a: Combusken|Flamethrower|p2a: Solrock\n|-resisted|p2a: Solrock\n|-damage|p2a: Solrock|90\/100\n|\n|-ability|p1a: Combusken|Speed Boost|boost\n|-boost|p1a: Combusken|spe|1\n|upkeep\n|turn|5\n|\n|t:|1698885623\n|move|p1a: Combusken|Double Kick|p2a: Solrock\n|-damage|p2a: Solrock|81\/100\n|-damage|p2a: Solrock|72\/100\n|-hitcount|p2a: Solrock|2\n|move|p2a: Solrock|Hypnosis|p1a: Combusken\n|-status|p1a: Combusken|slp|[from] move: Hypnosis\n|\n|-ability|p1a: Combusken|Speed Boost|boost\n|-boost|p1a: Combusken|spe|1\n|upkeep\n|turn|6\n|\n|t:|1698885646\n|cant|p1a: Combusken|slp\n|move|p2a: Solrock|Confusion|p1a: Combusken\n|-supereffective|p1a: Combusken\n|-crit|p1a: Combusken\n|-damage|p1a: Combusken|0 fnt\n|faint|p1a: Combusken\n|\n|upkeep\n|\n|t:|1698885655\n|switch|p1a: Meowth|Meowth-Galar, L11, M|100\/100\n|turn|7\n|\n|t:|1698885700\n|move|p2a: Solrock|Flare Blitz|p1a: Meowth\n|-supereffective|p1a: Meowth\n|-damage|p1a: Meowth|0 fnt\n|faint|p1a: Meowth\n|-damage|p2a: Solrock|61\/100|[from] Recoil\n|\n|upkeep\n|\n|t:|1698885721\n|switch|p1a: Staravia|Staravia, L18, M|100\/100\n|turn|8\n|\n|t:|1698885728\n|move|p1a: Staravia|Hurricane|p2a: Solrock|[miss]\n|-miss|p1a: Staravia|p2a: Solrock\n|move|p2a: Solrock|Rock Slide|p1a: Staravia\n|-supereffective|p1a: Staravia\n|-damage|p1a: Staravia|0 fnt\n|faint|p1a: Staravia\n|\n|upkeep\n|\n|t:|1698885735\n|switch|p1a: Shinx|Shinx, L14, M|100\/100\n|turn|9\n|\n|t:|1698885740\n|move|p2a: Solrock|Hypnosis|p1a: Shinx|[miss]\n|-miss|p2a: Solrock|p1a: Shinx\n|move|p1a: Shinx|Crunch|p2a: Solrock\n|-supereffective|p2a: Solrock\n|-damage|p2a: Solrock|49\/100\n|\n|upkeep\n|turn|10\n|\n|t:|1698885747\n|move|p2a: Solrock|Hypnosis|p1a: Shinx\n|-status|p1a: Shinx|slp|[from] move: Hypnosis\n|cant|p1a: Shinx|slp\n|\n|upkeep\n|turn|11\n|\n|t:|1698885757\n|move|p2a: Solrock|Rock Slide|p1a: Shinx\n|-damage|p1a: Shinx|0 fnt\n|faint|p1a: Shinx\n|\n|win|DrArkane15\n","uploadtime":1698885766,"views":25,"p1id":"senjuroorochi","p2id":"drarkane15","formatid":"gen9nationaldexubers","rating":0,"private":0,"password":""}