{"id":"gen9nationaldexubers-1998337572","p1":"Emi_Tristoun","p2":"zooz da tromp","format":"[Gen 9] National Dex Ubers","log":"|j|\u2606Emi_Tristoun\n|j|\u2606zooz da tromp\n|t:|1700931057\n|gametype|singles\n|player|p1|Emi_Tristoun|siebold|1539\n|player|p2|zooz da tromp|twins-gen4|1850\n|teamsize|p1|6\n|teamsize|p2|6\n|gen|9\n|tier|[Gen 9] National Dex Ubers\n|rated|\n|rule|HP Percentage Mod: HP is shown in percentages\n|rule|Endless Battle Clause: Forcing endless battles is banned\n|rule|OHKO Clause: OHKO moves are banned\n|rule|Evasion Moves Clause: Evasion moves are banned\n|rule|Evasion Items Clause: Evasion items are banned\n|rule|Species Clause: Limit one of each Pok\u00e9mon\n|rule|Sleep Clause Mod: Limit one foe put to sleep\n|rule|Mega Rayquaza Clause: You cannot mega evolve Rayquaza\n|clearpoke\n|poke|p1|Iron Bundle|\n|poke|p1|Marshadow|\n|poke|p1|Groudon|\n|poke|p1|Wobbuffet, F|\n|poke|p1|Zacian-*|\n|poke|p1|Zygarde|\n|poke|p2|Yveltal|\n|poke|p2|Ho-Oh|\n|poke|p2|Arceus-Dark|\n|poke|p2|Eternatus|\n|poke|p2|Dondozo, F|\n|poke|p2|Groudon|\n|teampreview\n|inactive|Battle timer is ON: inactive players will automatically lose when time's up. (requested by Emi_Tristoun)\n|inactive|zooz da tromp has 120 seconds left.\n|\n|t:|1700931105\n|start\n|switch|p1a: Groudon|Groudon, shiny|100\/100\n|switch|p2a: Arceus|Arceus-Dark|100\/100\n|detailschange|p1a: Groudon|Groudon-Primal, shiny\n|-primal|p1a: Groudon|Red Orb\n|-weather|DesolateLand|[from] ability: Desolate Land|[of] p1a: Groudon\n|turn|1\n|\n|t:|1700931112\n|move|p2a: Arceus|Judgment|p1a: Groudon\n|-damage|p1a: Groudon|52\/100\n|move|p1a: Groudon|Swords Dance|p1a: Groudon\n|-boost|p1a: Groudon|atk|2\n|\n|-weather|DesolateLand|[upkeep]\n|upkeep\n|turn|2\n|\n|t:|1700931123\n|switch|p2a: Yveltal|Yveltal|100\/100\n|-ability|p2a: Yveltal|Dark Aura\n|move|p1a: Groudon|Precipice Blades|p2a: Yveltal\n|-immune|p2a: Yveltal\n|\n|-weather|DesolateLand|[upkeep]\n|upkeep\n|turn|3\n|\n|t:|1700931130\n|switch|p2a: Dondozo|Dondozo, F|100\/100\n|move|p1a: Groudon|Heat Crash|p2a: Dondozo\n|-resisted|p2a: Dondozo\n|-damage|p2a: Dondozo|78\/100\n|\n|-weather|DesolateLand|[upkeep]\n|-heal|p2a: Dondozo|84\/100|[from] item: Leftovers\n|upkeep\n|turn|4\n|\n|t:|1700931139\n|move|p1a: Groudon|Stealth Rock|p2a: Dondozo\n|-sidestart|p2: zooz da tromp|move: Stealth Rock\n|move|p2a: Dondozo|Yawn|p1a: Groudon\n|-start|p1a: Groudon|move: Yawn|[of] p2a: Dondozo\n|\n|-weather|DesolateLand|[upkeep]\n|-heal|p2a: Dondozo|90\/100|[from] item: Leftovers\n|upkeep\n|turn|5\n|\n|t:|1700931155\n|-weather|none\n|switch|p1a: Iron Bundle|Iron Bundle|100\/100\n|-enditem|p1a: Iron Bundle|Booster Energy\n|-activate|p1a: Iron Bundle|ability: Quark Drive|[fromitem]\n|-start|p1a: Iron Bundle|quarkdrivespe\n|switch|p2a: Ho-Oh|Ho-Oh|100\/100\n|\n|upkeep\n|turn|6\n|\n|t:|1700931178\n|move|p1a: Iron Bundle|Hydro Pump|p2a: Ho-Oh\n|-supereffective|p2a: Ho-Oh\n|-damage|p2a: Ho-Oh|36\/100\n|move|p2a: Ho-Oh|Defog|p1a: Iron Bundle\n|-unboost|p1a: Iron Bundle|evasion|1\n|-sideend|p2: zooz da tromp|Stealth Rock|[from] move: Defog|[of] p2a: Ho-Oh\n|\n|upkeep\n|turn|7\n|\n|t:|1700931188\n|switch|p2a: Eternatus|Eternatus|100\/100\n|-ability|p2a: Eternatus|Pressure\n|move|p1a: Iron Bundle|Hydro Pump|p2a: Eternatus\n|-resisted|p2a: Eternatus\n|-damage|p2a: Eternatus|83\/100\n|\n|-heal|p2a: Eternatus|89\/100|[from] item: Black Sludge\n|upkeep\n|turn|8\n|\n|t:|1700931197\n|-terastallize|p2a: Eternatus|Poison\n|move|p1a: Iron Bundle|Ice Beam|p2a: Eternatus\n|-damage|p2a: Eternatus|61\/100\n|move|p2a: Eternatus|Sludge Bomb|p1a: Iron Bundle\n|-damage|p1a: Iron Bundle|0 fnt\n|faint|p1a: Iron Bundle\n|-end|p1a: Iron Bundle|Quark Drive|[silent]\n|\n|-heal|p2a: Eternatus|67\/100|[from] item: Black Sludge\n|upkeep\n|\n|t:|1700931206\n|switch|p1a: Groudon|Groudon-Primal, shiny|52\/100\n|-weather|DesolateLand|[from] ability: Desolate Land|[of] p1a: Groudon\n|turn|9\n|\n|t:|1700931212\n|switch|p2a: Ho-Oh|Ho-Oh|70\/100\n|move|p1a: Groudon|Precipice Blades|p2a: Ho-Oh\n|-immune|p2a: Ho-Oh\n|\n|-weather|DesolateLand|[upkeep]\n|upkeep\n|turn|10\n|\n|t:|1700931218\n|-weather|none\n|switch|p1a: Zygarde|Zygarde|100\/100\n|switch|p2a: Dondozo|Dondozo, F|90\/100\n|\n|-heal|p2a: Dondozo|96\/100|[from] item: Leftovers\n|upkeep\n|turn|11\n|\n|t:|1700931226\n|move|p1a: Zygarde|Glare|p2a: Dondozo\n|-status|p2a: Dondozo|par\n|move|p2a: Dondozo|Yawn|p1a: Zygarde\n|-start|p1a: Zygarde|move: Yawn|[of] p2a: Dondozo\n|\n|-heal|p2a: Dondozo|100\/100 par|[from] item: Leftovers\n|upkeep\n|turn|12\n|\n|t:|1700931236\n|switch|p1a: Groudon|Groudon-Primal, shiny|52\/100\n|-weather|DesolateLand|[from] ability: Desolate Land|[of] p1a: Groudon\n|switch|p2a: Eternatus|Eternatus, tera:Poison|67\/100\n|-ability|p2a: Eternatus|Pressure\n|\n|-weather|DesolateLand|[upkeep]\n|-heal|p2a: Eternatus|73\/100|[from] item: Black Sludge\n|upkeep\n|turn|13\n|\n|t:|1700931249\n|move|p2a: Eternatus|Toxic Spikes|p1a: Groudon\n|-sidestart|p1: Emi_Tristoun|move: Toxic Spikes\n|move|p1a: Groudon|Precipice Blades|p2a: Eternatus\n|-supereffective|p2a: Eternatus\n|-damage|p2a: Eternatus|0 fnt\n|faint|p2a: Eternatus\n|\n|-weather|DesolateLand|[upkeep]\n|upkeep\n|\n|t:|1700931255\n|switch|p2a: Arceus|Arceus-Dark|100\/100\n|turn|14\n|\n|t:|1700931261\n|move|p2a: Arceus|Judgment|p1a: Groudon\n|-damage|p1a: Groudon|1\/100\n|move|p1a: Groudon|Heat Crash|p2a: Arceus\n|-crit|p2a: Arceus\n|-damage|p2a: Arceus|21\/100\n|\n|-weather|DesolateLand|[upkeep]\n|upkeep\n|turn|15\n|\n|t:|1700931268\n|move|p2a: Arceus|Judgment|p1a: Groudon\n|-damage|p1a: Groudon|0 fnt\n|faint|p1a: Groudon\n|-weather|none\n|\n|upkeep\n|\n|t:|1700931274\n|switch|p1a: Zacian|Zacian-Crowned|100\/100\n|-ability|p1a: Zacian|Intrepid Sword|boost\n|-boost|p1a: Zacian|atk|1\n|turn|16\n|\n|t:|1700931280\n|switch|p2a: Ho-Oh|Ho-Oh|100\/100\n|move|p1a: Zacian|Trailblaze|p2a: Ho-Oh\n|-resisted|p2a: Ho-Oh\n|-damage|p2a: Ho-Oh|96\/100\n|-boost|p1a: Zacian|spe|1\n|\n|upkeep\n|turn|17\n|\n|t:|1700931297\n|move|p1a: Zacian|Swords Dance|p1a: Zacian\n|-boost|p1a: Zacian|atk|2\n|move|p2a: Ho-Oh|Sacred Fire|p1a: Zacian\n|-supereffective|p1a: Zacian\n|-damage|p1a: Zacian|21\/100\n|-status|p1a: Zacian|brn\n|\n|-damage|p1a: Zacian|15\/100 brn|[from] brn\n|upkeep\n|turn|18\n|inactive|zooz da tromp has 120 seconds left.\n|\n|t:|1700931342\n|move|p1a: Zacian|Behemoth Blade|p2a: Ho-Oh\n|-resisted|p2a: Ho-Oh\n|-damage|p2a: Ho-Oh|72\/100\n|move|p2a: Ho-Oh|Sacred Fire|p1a: Zacian\n|-supereffective|p1a: Zacian\n|-damage|p1a: Zacian|0 fnt\n|faint|p1a: Zacian\n|\n|upkeep\n|inactive|Emi_Tristoun has 120 seconds left.\n|\n|t:|1700931379\n|switch|p1a: Zygarde|Zygarde|100\/100\n|-status|p1a: Zygarde|psn\n|turn|19\n|\n|t:|1700931401\n|switch|p2a: Dondozo|Dondozo, F|100\/100 par\n|move|p1a: Zygarde|Coil|p1a: Zygarde\n|-boost|p1a: Zygarde|atk|1\n|-boost|p1a: Zygarde|def|1\n|-boost|p1a: Zygarde|accuracy|1\n|\n|-damage|p1a: Zygarde|88\/100 psn|[from] psn\n|upkeep\n|turn|20\n|\n|t:|1700931411\n|move|p1a: Zygarde|Thousand Arrows|p2a: Dondozo\n|-damage|p2a: Dondozo|88\/100 par\n|move|p2a: Dondozo|Curse|p2a: Dondozo\n|-unboost|p2a: Dondozo|spe|1\n|-boost|p2a: Dondozo|atk|1\n|-boost|p2a: Dondozo|def|1\n|\n|-heal|p1a: Zygarde|94\/100 psn|[from] item: Leftovers\n|-heal|p2a: Dondozo|94\/100 par|[from] item: Leftovers\n|-damage|p1a: Zygarde|82\/100 psn|[from] psn\n|upkeep\n|turn|21\n|inactive|Emi_Tristoun has 120 seconds left.\n|\n|t:|1700931422\n|switch|p1a: Marshadow|Marshadow|100\/100\n|-status|p1a: Marshadow|psn\n|move|p2a: Dondozo|Wave Crash|p1a: Marshadow\n|-damage|p1a: Marshadow|18\/100 psn\n|-damage|p2a: Dondozo|77\/100 par|[from] Recoil\n|\n|-heal|p2a: Dondozo|83\/100 par|[from] item: Leftovers\n|-damage|p1a: Marshadow|6\/100 psn|[from] psn\n|upkeep\n|turn|22\n|inactive|Emi_Tristoun has 120 seconds left.\n|\n|t:|1700931432\n|switch|p2a: Ho-Oh|Ho-Oh|100\/100\n|move|p1a: Marshadow|Spectral Thief|p2a: Ho-Oh\n|-damage|p2a: Ho-Oh|68\/100\n|\n|-damage|p1a: Marshadow|0 fnt|[from] psn\n|faint|p1a: Marshadow\n|upkeep\n|inactive|Emi_Tristoun has 120 seconds left.\n|\n|t:|1700931442\n|switch|p1a: Wobbuffet|Wobbuffet, F, shiny|100\/100\n|-status|p1a: Wobbuffet|psn\n|turn|23\n|\n|t:|1700931446\n|move|p1a: Wobbuffet|Encore||[still]\n|-fail|p1a: Wobbuffet\n|move|p2a: Ho-Oh|Whirlwind|p1a: Wobbuffet\n|drag|p1a: Zygarde|Zygarde|82\/100 psn\n|\n|-heal|p1a: Zygarde|88\/100 psn|[from] item: Leftovers\n|-damage|p1a: Zygarde|76\/100 psn|[from] psn\n|upkeep\n|turn|24\n|-message|Emi_Tristoun forfeited.\n|\n|win|zooz da tromp\n|raw|Emi_Tristoun's rating: 1539 &rarr; <strong>1533<\/strong><br \/>(-6 for losing)\n|raw|zooz da tromp's rating: 1850 &rarr; <strong>1856<\/strong><br \/>(+6 for winning)\n|l|\u2606Emi_Tristoun\n|l|\u2606zooz da tromp\n","uploadtime":1700931542,"views":0,"p1id":"emitristoun","p2id":"zoozdatromp","formatid":"gen9nationaldexubers","rating":1533,"private":0,"password":""}