{"id":"gen9nationaldexubers-2000630241","p1":"Tunderboltz456","p2":"BalamCorpOfficial","format":"[Gen 9] National Dex Ubers","log":"|j|\u2606Tunderboltz456\n|j|\u2606BalamCorpOfficial\n|t:|1701212344\n|gametype|singles\n|player|p1|Tunderboltz456|guzma|1401\n|player|p2|BalamCorpOfficial|ltsurge|1316\n|teamsize|p1|6\n|teamsize|p2|6\n|gen|9\n|tier|[Gen 9] National Dex Ubers\n|rated|\n|rule|HP Percentage Mod: HP is shown in percentages\n|rule|Endless Battle Clause: Forcing endless battles is banned\n|rule|OHKO Clause: OHKO moves are banned\n|rule|Evasion Moves Clause: Evasion moves are banned\n|rule|Evasion Items Clause: Evasion items are banned\n|rule|Species Clause: Limit one of each Pok\u00e9mon\n|rule|Sleep Clause Mod: Limit one foe put to sleep\n|rule|Mega Rayquaza Clause: You cannot mega evolve Rayquaza\n|clearpoke\n|poke|p1|Salamence, M|\n|poke|p1|Groudon|\n|poke|p1|Kyurem-Black|\n|poke|p1|Xerneas-*|\n|poke|p1|Yveltal|\n|poke|p1|Zacian-*|\n|poke|p2|Deoxys-Speed|\n|poke|p2|Pincurchin, M|\n|poke|p2|Tapu Koko|\n|poke|p2|Regieleki|\n|poke|p2|Xurkitree|\n|poke|p2|Rayquaza|\n|teampreview\n|inactive|Battle timer is ON: inactive players will automatically lose when time's up. (requested by BalamCorpOfficial)\n|inactive|Tunderboltz456 also wants the timer to be on.\n|\n|t:|1701212357\n|start\n|switch|p1a: Kyurem|Kyurem-Black|100\/100\n|switch|p2a: G2 Nile|Tapu Koko, shiny|100\/100\n|-fieldstart|move: Electric Terrain|[from] ability: Electric Surge|[of] p2a: G2 Nile\n|-ability|p1a: Kyurem|Teravolt\n|turn|1\n|\n|t:|1701212366\n|move|p2a: G2 Nile|Nature's Madness|p1a: Kyurem\n|-damage|p1a: Kyurem|51\/100\n|move|p1a: Kyurem|Dragon Dance|p1a: Kyurem\n|-boost|p1a: Kyurem|atk|1\n|-boost|p1a: Kyurem|spe|1\n|\n|upkeep\n|turn|2\n|\n|t:|1701212373\n|move|p1a: Kyurem|Icicle Spear|p2a: G2 Nile\n|-damage|p2a: G2 Nile|67\/100\n|-damage|p2a: G2 Nile|37\/100\n|-damage|p2a: G2 Nile|0 fnt\n|faint|p2a: G2 Nile\n|-hitcount|p2: G2 Nile|3\n|\n|upkeep\n|\n|t:|1701212381\n|switch|p2a: G1 Michigan|Regieleki|100\/100\n|turn|3\n|\n|t:|1701212385\n|-terastallize|p2a: G1 Michigan|Electric\n|move|p2a: G1 Michigan|Rising Voltage|p1a: Kyurem\n|-hint|Rising Voltage's BP doubled on grounded target.\n|-resisted|p1a: Kyurem\n|-damage|p1a: Kyurem|0 fnt\n|faint|p1a: Kyurem\n|\n|upkeep\n|\n|t:|1701212387\n|switch|p1a: Groudon|Groudon, shiny|100\/100\n|detailschange|p1a: Groudon|Groudon-Primal, shiny\n|-primal|p1a: Groudon|Red Orb\n|-weather|DesolateLand|[from] ability: Desolate Land|[of] p1a: Groudon\n|turn|4\n|\n|t:|1701212397\n|switch|p2a: G3 Wu Huahai|Rayquaza, shiny|100\/100\n|-ability|p2a: G3 Wu Huahai|Air Lock\n|move|p1a: Groudon|Rock Polish|p1a: Groudon\n|-boost|p1a: Groudon|spe|2\n|\n|-weather|DesolateLand|[upkeep]\n|upkeep\n|turn|5\n|\n|t:|1701212406\n|move|p1a: Groudon|Heat Crash|p2a: G3 Wu Huahai\n|-resisted|p2a: G3 Wu Huahai\n|-damage|p2a: G3 Wu Huahai|60\/100\n|move|p2a: G3 Wu Huahai|Surf|p1a: Groudon\n|-supereffective|p1a: Groudon\n|-damage|p1a: Groudon|0 fnt\n|faint|p1a: Groudon\n|-weather|none\n|\n|upkeep\n|\n|t:|1701212412\n|switch|p1a: Xerneas|Xerneas|100\/100\n|-ability|p1a: Xerneas|Fairy Aura\n|turn|6\n|\n|t:|1701212417\n|move|p1a: Xerneas|Geomancy||[still]\n|-prepare|p1a: Xerneas|Geomancy\n|-enditem|p1a: Xerneas|Power Herb\n|-anim|p1a: Xerneas|Geomancy|p1a: Xerneas\n|-boost|p1a: Xerneas|spa|2\n|-boost|p1a: Xerneas|spd|2\n|-boost|p1a: Xerneas|spe|2\n|move|p2a: G3 Wu Huahai|Roar|p1a: Xerneas\n|drag|p1a: Salamence|Salamence, M|100\/100\n|-ability|p1a: Salamence|Intimidate|boost\n|-unboost|p2a: G3 Wu Huahai|atk|1\n|\n|upkeep\n|turn|7\n|\n|t:|1701212427\n|detailschange|p1a: Salamence|Salamence-Mega, M\n|-mega|p1a: Salamence|Salamence|Salamencite\n|move|p1a: Salamence|Double-Edge|p2a: G3 Wu Huahai\n|-crit|p2a: G3 Wu Huahai\n|-damage|p2a: G3 Wu Huahai|0 fnt\n|faint|p2a: G3 Wu Huahai\n|-damage|p1a: Salamence|80\/100|[from] Recoil\n|\n|upkeep\n|c|\u2606Tunderboltz456|What a despair to force one strat...\n|\n|t:|1701212441\n|switch|p2a: G6 Red|Xurkitree, shiny|100\/100\n|turn|8\n|\n|t:|1701212445\n|move|p2a: G6 Red|Rising Voltage|p1a: Salamence\n|-crit|p1a: Salamence\n|-damage|p1a: Salamence|0 fnt\n|faint|p1a: Salamence\n|-ability|p2a: G6 Red|Beast Boost|boost\n|-boost|p2a: G6 Red|spa|1\n|\n|-fieldend|move: Electric Terrain\n|upkeep\n|\n|t:|1701212451\n|switch|p1a: Zacian|Zacian-Crowned|100\/100\n|-ability|p1a: Zacian|Intrepid Sword|boost\n|-boost|p1a: Zacian|atk|1\n|turn|9\n|\n|t:|1701212458\n|move|p2a: G6 Red|Rising Voltage|p1a: Zacian\n|-damage|p1a: Zacian|42\/100\n|move|p1a: Zacian|Play Rough|p2a: G6 Red\n|-damage|p2a: G6 Red|0 fnt\n|faint|p2a: G6 Red\n|\n|upkeep\n|\n|t:|1701212467\n|switch|p2a: G4 Volta|Pincurchin, M|100\/100\n|-fieldstart|move: Electric Terrain|[from] ability: Electric Surge|[of] p2a: G4 Volta\n|turn|10\n|\n|t:|1701212474\n|move|p1a: Zacian|Swords Dance|p1a: Zacian\n|-boost|p1a: Zacian|atk|2\n|move|p2a: G4 Volta|Rising Voltage|p1a: Zacian\n|-hint|Rising Voltage's BP doubled on grounded target.\n|-damage|p1a: Zacian|0 fnt\n|faint|p1a: Zacian\n|\n|upkeep\n|\n|t:|1701212476\n|switch|p1a: Xerneas|Xerneas|100\/100\n|-ability|p1a: Xerneas|Fairy Aura\n|turn|11\n|\n|t:|1701212485\n|move|p1a: Xerneas|Geomancy||[still]\n|-prepare|p1a: Xerneas|Geomancy\n|move|p2a: G4 Volta|Rising Voltage|p1a: Xerneas\n|-hint|Rising Voltage's BP doubled on grounded target.\n|-damage|p1a: Xerneas|53\/100\n|\n|upkeep\n|turn|12\n|\n|t:|1701212493\n|move|p1a: Xerneas|Geomancy|p1a: Xerneas|[from]lockedmove\n|-boost|p1a: Xerneas|spa|2\n|-boost|p1a: Xerneas|spd|2\n|-boost|p1a: Xerneas|spe|2\n|move|p2a: G4 Volta|Rising Voltage|p1a: Xerneas\n|-hint|Rising Voltage's BP doubled on grounded target.\n|-damage|p1a: Xerneas|27\/100\n|\n|upkeep\n|turn|13\n|\n|t:|1701212501\n|move|p1a: Xerneas|Moonblast|p2a: G4 Volta\n|-crit|p2a: G4 Volta\n|-damage|p2a: G4 Volta|0 fnt\n|faint|p2a: G4 Volta\n|\n|upkeep\n|\n|t:|1701212506\n|switch|p2a: G5 Iguazu|Deoxys-Speed, shiny|100\/100\n|-ability|p2a: G5 Iguazu|Pressure\n|turn|14\n|\n|t:|1701212511\n|move|p1a: Xerneas|Moonblast|p2a: G5 Iguazu\n|-damage|p2a: G5 Iguazu|0 fnt\n|faint|p2a: G5 Iguazu\n|\n|upkeep\n|-message|BalamCorpOfficial forfeited.\n|\n|win|Tunderboltz456\n|raw|Tunderboltz456's rating: 1401 &rarr; <strong>1416<\/strong><br \/>(+15 for winning)\n|raw|BalamCorpOfficial's rating: 1316 &rarr; <strong>1301<\/strong><br \/>(-15 for losing)\n|l|\u2606BalamCorpOfficial\n","uploadtime":1701212524,"views":0,"p1id":"tunderboltz456","p2id":"balamcorpofficial","formatid":"gen9nationaldexubers","rating":1301,"private":0,"password":""}