{"id":"gen9nationaldexubers-1988388199","p1":"JediMario_XD","p2":"AERO-M0DE\u2b06\ufe0f","format":"[Gen 9] National Dex Ubers","log":"|j|\u2606JediMario_XD\n|j|\u2606AERO-M0DE\u2b06\ufe0f\n|t:|1699717301\n|gametype|singles\n|player|p1|JediMario_XD|ethan|1000\n|player|p2|AERO-M0DE\u2b06\ufe0f|winona-gen6|1010\n|teamsize|p1|6\n|teamsize|p2|6\n|gen|9\n|tier|[Gen 9] National Dex Ubers\n|rated|\n|rule|HP Percentage Mod: HP is shown in percentages\n|rule|Endless Battle Clause: Forcing endless battles is banned\n|rule|OHKO Clause: OHKO moves are banned\n|rule|Evasion Moves Clause: Evasion moves are banned\n|rule|Evasion Items Clause: Evasion items are banned\n|rule|Species Clause: Limit one of each Pok\u00e9mon\n|rule|Sleep Clause Mod: Limit one foe put to sleep\n|rule|Mega Rayquaza Clause: You cannot mega evolve Rayquaza\n|clearpoke\n|poke|p1|Pikachu-Unova, M|\n|poke|p1|Samurott-Hisui, M|\n|poke|p1|Typhlosion, F|\n|poke|p1|Garchomp, M|\n|poke|p1|Palkia|\n|poke|p1|Incineroar, F|\n|poke|p2|Tornadus-Therian, M|\n|poke|p2|Swellow, F|\n|poke|p2|Staraptor, M|\n|poke|p2|Kilowattrel, M|\n|poke|p2|Pelipper, M|\n|poke|p2|Pidgeot, F|\n|teampreview\n|\n|t:|1699717308\n|start\n|switch|p1a: Typhlosion|Typhlosion, F|100\/100\n|switch|p2a: \ud83c\udf2cPIDGEOT\ud83c\udf2a\ud83c\udf2a|Pidgeot, F, shiny|100\/100\n|turn|1\n|\n|t:|1699717318\n|switch|p2a: \ud83c\udf2cPELLIPPER\ud83c\udf2a|Pelipper, M|100\/100\n|-weather|RainDance|[from] ability: Drizzle|[of] p2a: \ud83c\udf2cPELLIPPER\ud83c\udf2a\n|move|p1a: Typhlosion|Flame Charge|p2a: \ud83c\udf2cPELLIPPER\ud83c\udf2a\n|-resisted|p2a: \ud83c\udf2cPELLIPPER\ud83c\udf2a\n|-damage|p2a: \ud83c\udf2cPELLIPPER\ud83c\udf2a|96\/100\n|-boost|p1a: Typhlosion|spe|1\n|\n|-weather|RainDance|[upkeep]\n|upkeep\n|turn|2\n|\n|t:|1699717338\n|switch|p1a: Pikachu|Pikachu-Unova, M|100\/100\n|move|p2a: \ud83c\udf2cPELLIPPER\ud83c\udf2a|Hurricane|p1a: Pikachu\n|-resisted|p1a: Pikachu\n|-damage|p1a: Pikachu|49\/100\n|-start|p1a: Pikachu|confusion\n|\n|-weather|RainDance|[upkeep]\n|upkeep\n|turn|3\n|\n|t:|1699717348\n|switch|p2a: \ud83c\udf2cKILOWATTREL\ud83c\udf2a\u26a1\ufe0f|Kilowattrel, M, shiny|100\/100\n|-activate|p1a: Pikachu|confusion\n|move|p1a: Pikachu|Thunder|p2a: \ud83c\udf2cKILOWATTREL\ud83c\udf2a\u26a1\ufe0f\n|-immune|p2a: \ud83c\udf2cKILOWATTREL\ud83c\udf2a\u26a1\ufe0f|[from] ability: Volt Absorb\n|\n|-weather|RainDance|[upkeep]\n|upkeep\n|turn|4\n|\n|t:|1699717357\n|-singleturn|p1a: Pikachu|move: Focus Punch\n|move|p2a: \ud83c\udf2cKILOWATTREL\ud83c\udf2a\u26a1\ufe0f|Hurricane|p1a: Pikachu\n|-resisted|p1a: Pikachu\n|-damage|p1a: Pikachu|0 fnt\n|faint|p1a: Pikachu\n|\n|-weather|RainDance|[upkeep]\n|upkeep\n|\n|t:|1699717366\n|switch|p1a: Typhlosion|Typhlosion, F|100\/100\n|turn|5\n|\n|t:|1699717374\n|move|p2a: \ud83c\udf2cKILOWATTREL\ud83c\udf2a\u26a1\ufe0f|Thunder|p1a: Typhlosion\n|-damage|p1a: Typhlosion|47\/100\n|move|p1a: Typhlosion|Fire Blast|p2a: \ud83c\udf2cKILOWATTREL\ud83c\udf2a\u26a1\ufe0f\n|-damage|p2a: \ud83c\udf2cKILOWATTREL\ud83c\udf2a\u26a1\ufe0f|62\/100\n|-status|p2a: \ud83c\udf2cKILOWATTREL\ud83c\udf2a\u26a1\ufe0f|brn\n|\n|-weather|RainDance|[upkeep]\n|-damage|p2a: \ud83c\udf2cKILOWATTREL\ud83c\udf2a\u26a1\ufe0f|56\/100 brn|[from] brn\n|upkeep\n|turn|6\n|\n|t:|1699717387\n|move|p2a: \ud83c\udf2cKILOWATTREL\ud83c\udf2a\u26a1\ufe0f|Thunder|p1a: Typhlosion\n|-damage|p1a: Typhlosion|0 fnt\n|faint|p1a: Typhlosion\n|\n|-weather|RainDance|[upkeep]\n|-damage|p2a: \ud83c\udf2cKILOWATTREL\ud83c\udf2a\u26a1\ufe0f|50\/100 brn|[from] brn\n|upkeep\n|\n|t:|1699717396\n|switch|p1a: Garchomp|Garchomp, M|100\/100\n|turn|7\n|\n|t:|1699717401\n|detailschange|p1a: Garchomp|Garchomp-Mega, M\n|-mega|p1a: Garchomp|Garchomp|Garchompite\n|-zpower|p2a: \ud83c\udf2cKILOWATTREL\ud83c\udf2a\u26a1\ufe0f\n|move|p2a: \ud83c\udf2cKILOWATTREL\ud83c\udf2a\u26a1\ufe0f|Supersonic Skystrike|p1a: Garchomp|[zeffect]\n|-damage|p1a: Garchomp|34\/100\n|move|p1a: Garchomp|Dragon Pulse|p2a: \ud83c\udf2cKILOWATTREL\ud83c\udf2a\u26a1\ufe0f\n|-damage|p2a: \ud83c\udf2cKILOWATTREL\ud83c\udf2a\u26a1\ufe0f|0 fnt\n|faint|p2a: \ud83c\udf2cKILOWATTREL\ud83c\udf2a\u26a1\ufe0f\n|\n|-weather|RainDance|[upkeep]\n|upkeep\n|\n|t:|1699717415\n|switch|p2a: \ud83c\udf2cPIDGEOT\ud83c\udf2a\ud83c\udf2a|Pidgeot, F, shiny|100\/100\n|turn|8\n|\n|t:|1699717422\n|detailschange|p2a: \ud83c\udf2cPIDGEOT\ud83c\udf2a\ud83c\udf2a|Pidgeot-Mega, F, shiny\n|-mega|p2a: \ud83c\udf2cPIDGEOT\ud83c\udf2a\ud83c\udf2a|Pidgeot|Pidgeotite\n|move|p2a: \ud83c\udf2cPIDGEOT\ud83c\udf2a\ud83c\udf2a|Hurricane|p1a: Garchomp\n|-damage|p1a: Garchomp|0 fnt\n|faint|p1a: Garchomp\n|\n|-weather|none\n|upkeep\n|\n|t:|1699717434\n|switch|p1a: Palkia|Palkia|100\/100\n|-ability|p1a: Palkia|Pressure\n|turn|9\n|\n|t:|1699717439\n|move|p2a: \ud83c\udf2cPIDGEOT\ud83c\udf2a\ud83c\udf2a|Hurricane|p1a: Palkia\n|-damage|p1a: Palkia|50\/100\n|-start|p1a: Palkia|confusion\n|-activate|p1a: Palkia|confusion\n|move|p1a: Palkia|Draco Meteor|p2a: \ud83c\udf2cPIDGEOT\ud83c\udf2a\ud83c\udf2a\n|-damage|p2a: \ud83c\udf2cPIDGEOT\ud83c\udf2a\ud83c\udf2a|0 fnt\n|-unboost|p1a: Palkia|spa|2\n|faint|p2a: \ud83c\udf2cPIDGEOT\ud83c\udf2a\ud83c\udf2a\n|\n|upkeep\n|\n|t:|1699717452\n|switch|p2a: \ud83c\udf2cPELLIPPER\ud83c\udf2a|Pelipper, M|96\/100\n|-weather|RainDance|[from] ability: Drizzle|[of] p2a: \ud83c\udf2cPELLIPPER\ud83c\udf2a\n|turn|10\n|\n|t:|1699717458\n|-end|p1a: Palkia|confusion\n|move|p1a: Palkia|Aqua Tail|p2a: \ud83c\udf2cPELLIPPER\ud83c\udf2a\n|-resisted|p2a: \ud83c\udf2cPELLIPPER\ud83c\udf2a\n|-damage|p2a: \ud83c\udf2cPELLIPPER\ud83c\udf2a|57\/100\n|move|p2a: \ud83c\udf2cPELLIPPER\ud83c\udf2a|U-turn|p1a: Palkia\n|-damage|p1a: Palkia|43\/100\n|\n|t:|1699717467\n|switch|p2a: \ud83c\udf2cTORNADUS\ud83c\udf2a\ud83c\udf2a|Tornadus-Therian, M, shiny|100\/100|[from] U-turn\n|\n|-weather|RainDance|[upkeep]\n|upkeep\n|turn|11\n|\n|t:|1699717474\n|-terastallize|p2a: \ud83c\udf2cTORNADUS\ud83c\udf2a\ud83c\udf2a|Flying\n|move|p2a: \ud83c\udf2cTORNADUS\ud83c\udf2a\ud83c\udf2a|Hurricane|p1a: Palkia\n|-damage|p1a: Palkia|0 fnt\n|faint|p1a: Palkia\n|\n|-weather|RainDance|[upkeep]\n|upkeep\n|\n|t:|1699717482\n|switch|p1a: Incineroar|Incineroar, F|100\/100\n|-ability|p1a: Incineroar|Intimidate|boost\n|-unboost|p2a: \ud83c\udf2cTORNADUS\ud83c\udf2a\ud83c\udf2a|atk|1\n|turn|12\n|\n|t:|1699717488\n|move|p2a: \ud83c\udf2cTORNADUS\ud83c\udf2a\ud83c\udf2a|Hurricane|p1a: Incineroar\n|-damage|p1a: Incineroar|15\/100\n|move|p1a: Incineroar|Close Combat|p2a: \ud83c\udf2cTORNADUS\ud83c\udf2a\ud83c\udf2a\n|-resisted|p2a: \ud83c\udf2cTORNADUS\ud83c\udf2a\ud83c\udf2a\n|-damage|p2a: \ud83c\udf2cTORNADUS\ud83c\udf2a\ud83c\udf2a|77\/100\n|-unboost|p1a: Incineroar|def|1\n|-unboost|p1a: Incineroar|spd|1\n|\n|-weather|RainDance|[upkeep]\n|upkeep\n|turn|13\n|\n|t:|1699717501\n|move|p2a: \ud83c\udf2cTORNADUS\ud83c\udf2a\ud83c\udf2a|Bleakwind Storm|p1a: Incineroar\n|-damage|p1a: Incineroar|0 fnt\n|faint|p1a: Incineroar\n|\n|-weather|RainDance|[upkeep]\n|upkeep\n|\n|t:|1699717506\n|switch|p1a: Samurott|Samurott-Hisui, M, shiny|100\/100\n|turn|14\n|\n|t:|1699717510\n|move|p2a: \ud83c\udf2cTORNADUS\ud83c\udf2a\ud83c\udf2a|Hurricane|p1a: Samurott\n|-damage|p1a: Samurott|0 fnt\n|faint|p1a: Samurott\n|\n|win|AERO-M0DE\u2b06\ufe0f\n|raw|JediMario_XD's rating: 1000 &rarr; <strong>1000<\/strong><br \/>(+0 for losing)\n|raw|AERO-M0DE\u2b06\ufe0f's rating: 1010 &rarr; <strong>1047<\/strong><br \/>(+37 for winning)\n|l|\u2606JediMario_XD\n","uploadtime":1699717527,"views":4,"p1id":"jedimarioxd","p2id":"aerom0de","formatid":"gen9nationaldexubers","rating":1000,"private":0,"password":""}