{"id":"gen9nationaldexubers-1986081190","p1":"MommyMikuNakano","p2":"Bblacksniper","format":"[Gen 9] National Dex Ubers","log":"|j|\u2606MommyMikuNakano\n|j|\u2606Bblacksniper\n|t:|1699447932\n|gametype|singles\n|player|p1|MommyMikuNakano|erika-gen1|1820\n|player|p2|Bblacksniper|101|1661\n|teamsize|p1|6\n|teamsize|p2|6\n|gen|9\n|tier|[Gen 9] National Dex Ubers\n|rated|\n|rule|HP Percentage Mod: HP is shown in percentages\n|rule|Endless Battle Clause: Forcing endless battles is banned\n|rule|OHKO Clause: OHKO moves are banned\n|rule|Evasion Moves Clause: Evasion moves are banned\n|rule|Evasion Items Clause: Evasion items are banned\n|rule|Species Clause: Limit one of each Pok\u00e9mon\n|rule|Sleep Clause Mod: Limit one foe put to sleep\n|rule|Mega Rayquaza Clause: You cannot mega evolve Rayquaza\n|clearpoke\n|poke|p1|Ditto|\n|poke|p1|Kyogre|\n|poke|p1|Giratina-Origin|\n|poke|p1|Arceus-Dark|\n|poke|p1|Necrozma-Dusk-Mane|\n|poke|p1|Kyurem-Black|\n|poke|p2|Yveltal|\n|poke|p2|Necrozma-Dusk-Mane|\n|poke|p2|Ho-Oh|\n|poke|p2|Zygarde|\n|poke|p2|Eternatus|\n|poke|p2|Zacian-*|\n|teampreview\n|inactive|Battle timer is ON: inactive players will automatically lose when time's up. (requested by MommyMikuNakano)\n|\n|t:|1699447940\n|start\n|switch|p1a: Arceus|Arceus-Dark|100\/100\n|switch|p2a: IJUSTLOSTMYDAWG|Yveltal|100\/100\n|-ability|p2a: IJUSTLOSTMYDAWG|Dark Aura\n|turn|1\n|\n|t:|1699447946\n|switch|p2a: E tour na dus|Eternatus|100\/100\n|-ability|p2a: E tour na dus|Pressure\n|move|p1a: Arceus|Toxic|p2a: E tour na dus\n|-immune|p2a: E tour na dus\n|\n|upkeep\n|turn|2\n|\n|t:|1699447949\n|switch|p1a: Necrozma|Necrozma-Dusk-Mane|100\/100\n|move|p2a: E tour na dus|Toxic|p1a: Necrozma\n|-immune|p1a: Necrozma\n|\n|upkeep\n|turn|3\n|\n|t:|1699447952\n|switch|p2a: IJUSTLOSTMYDAWG|Yveltal|100\/100\n|-ability|p2a: IJUSTLOSTMYDAWG|Dark Aura\n|move|p1a: Necrozma|Stealth Rock|p2a: IJUSTLOSTMYDAWG\n|-sidestart|p2: Bblacksniper|move: Stealth Rock\n|\n|upkeep\n|turn|4\n|\n|t:|1699447958\n|switch|p1a: Arceus|Arceus-Dark|100\/100\n|move|p2a: IJUSTLOSTMYDAWG|Foul Play|p1a: Arceus\n|-resisted|p1a: Arceus\n|-damage|p1a: Arceus|88\/100\n|\n|upkeep\n|turn|5\n|\n|t:|1699447966\n|switch|p2a: E tour na dus|Eternatus|100\/100\n|-ability|p2a: E tour na dus|Pressure\n|move|p1a: Arceus|Toxic|p2a: E tour na dus\n|-immune|p2a: E tour na dus\n|\n|upkeep\n|turn|6\n|\n|t:|1699447971\n|switch|p1a: Necrozma|Necrozma-Dusk-Mane|100\/100\n|move|p2a: E tour na dus|Flamethrower|p1a: Necrozma\n|-supereffective|p1a: Necrozma\n|-damage|p1a: Necrozma|63\/100\n|\n|upkeep\n|turn|7\n|\n|t:|1699447976\n|move|p2a: E tour na dus|Flamethrower|p1a: Necrozma\n|-supereffective|p1a: Necrozma\n|-damage|p1a: Necrozma|19\/100\n|move|p1a: Necrozma|Photon Geyser|p2a: E tour na dus\n|-supereffective|p2a: E tour na dus\n|-damage|p2a: E tour na dus|45\/100\n|\n|upkeep\n|turn|8\n|\n|t:|1699447983\n|switch|p2a: IJUSTLOSTMYDAWG|Yveltal|100\/100\n|-ability|p2a: IJUSTLOSTMYDAWG|Dark Aura\n|detailschange|p1a: Necrozma|Necrozma-Ultra\n|-burst|p1a: Necrozma|Necrozma|Ultranecrozium Z\n|move|p1a: Necrozma|Dragon Pulse|p2a: IJUSTLOSTMYDAWG\n|-damage|p2a: IJUSTLOSTMYDAWG|57\/100\n|\n|upkeep\n|turn|9\n|\n|t:|1699447990\n|switch|p1a: Arceus|Arceus-Dark|88\/100\n|move|p2a: IJUSTLOSTMYDAWG|Foul Play|p1a: Arceus\n|-resisted|p1a: Arceus\n|-damage|p1a: Arceus|75\/100\n|\n|upkeep\n|turn|10\n|\n|t:|1699447995\n|switch|p2a: E tour na dus|Eternatus|45\/100\n|-ability|p2a: E tour na dus|Pressure\n|move|p1a: Arceus|Taunt|p2a: E tour na dus\n|-start|p2a: E tour na dus|move: Taunt\n|\n|upkeep\n|turn|11\n|\n|t:|1699448003\n|switch|p2a: IJUSTLOSTMYDAWG|Yveltal|57\/100\n|-ability|p2a: IJUSTLOSTMYDAWG|Dark Aura\n|move|p1a: Arceus|Foul Play|p2a: IJUSTLOSTMYDAWG\n|-resisted|p2a: IJUSTLOSTMYDAWG\n|-crit|p2a: IJUSTLOSTMYDAWG\n|-damage|p2a: IJUSTLOSTMYDAWG|27\/100\n|\n|upkeep\n|turn|12\n|\n|t:|1699448007\n|-terastallize|p2a: IJUSTLOSTMYDAWG|Steel\n|move|p1a: Arceus|Taunt|p2a: IJUSTLOSTMYDAWG\n|-start|p2a: IJUSTLOSTMYDAWG|move: Taunt\n|cant|p2a: IJUSTLOSTMYDAWG|move: Taunt|Roost\n|\n|upkeep\n|turn|13\n|\n|t:|1699448012\n|switch|p2a: E tour na dus|Eternatus|45\/100\n|-ability|p2a: E tour na dus|Pressure\n|move|p1a: Arceus|Foul Play|p2a: E tour na dus\n|-damage|p2a: E tour na dus|23\/100\n|\n|upkeep\n|turn|14\n|\n|t:|1699448021\n|move|p2a: E tour na dus|Recover|p2a: E tour na dus\n|-heal|p2a: E tour na dus|74\/100\n|move|p1a: Arceus|Taunt|p2a: E tour na dus\n|-start|p2a: E tour na dus|move: Taunt\n|\n|upkeep\n|turn|15\n|\n|t:|1699448042\n|move|p2a: E tour na dus|Dynamax Cannon|p1a: Arceus\n|-damage|p1a: Arceus|41\/100\n|move|p1a: Arceus|Foul Play|p2a: E tour na dus\n|-damage|p2a: E tour na dus|54\/100\n|\n|upkeep\n|turn|16\n|\n|t:|1699448048\n|move|p2a: E tour na dus|Dynamax Cannon|p1a: Arceus\n|-damage|p1a: Arceus|10\/100\n|move|p1a: Arceus|Recover|p1a: Arceus\n|-heal|p1a: Arceus|60\/100\n|\n|upkeep\n|turn|17\n|\n|t:|1699448053\n|move|p2a: E tour na dus|Dynamax Cannon|p1a: Arceus\n|-damage|p1a: Arceus|29\/100\n|move|p1a: Arceus|Recover|p1a: Arceus\n|-heal|p1a: Arceus|79\/100\n|\n|-end|p2a: E tour na dus|move: Taunt\n|upkeep\n|turn|18\n|\n|t:|1699448057\n|switch|p1a: Ditto|Ditto, shiny|100\/100\n|-transform|p1a: Ditto|p2a: E tour na dus|[from] ability: Imposter\n|-ability|p1a: Ditto|Pressure\n|move|p2a: E tour na dus|Toxic|p1a: Ditto\n|-immune|p1a: Ditto\n|\n|upkeep\n|turn|19\n|\n|t:|1699448069\n|switch|p2a: I'm defensive trus|Necrozma-Dusk-Mane|100\/100\n|-damage|p2a: I'm defensive trus|94\/100|[from] Stealth Rock\n|move|p1a: Ditto|Dynamax Cannon|p2a: I'm defensive trus\n|-resisted|p2a: I'm defensive trus\n|-damage|p2a: I'm defensive trus|79\/100\n|\n|upkeep\n|turn|20\n|\n|t:|1699448075\n|switch|p1a: Giratina|Giratina-Origin|100\/100\n|move|p2a: I'm defensive trus|Iron Head|p1a: Giratina\n|-damage|p1a: Giratina|76\/100\n|\n|upkeep\n|turn|21\n|\n|t:|1699448080\n|switch|p2a: E tour na dus|Eternatus|54\/100\n|-ability|p2a: E tour na dus|Pressure\n|move|p1a: Giratina|Will-O-Wisp|p2a: E tour na dus\n|-status|p2a: E tour na dus|brn\n|\n|-damage|p2a: E tour na dus|48\/100 brn|[from] brn\n|upkeep\n|turn|22\n|\n|t:|1699448085\n|move|p2a: E tour na dus|Recover|p2a: E tour na dus\n|-heal|p2a: E tour na dus|98\/100 brn\n|move|p1a: Giratina|Hex|p2a: E tour na dus\n|-damage|p2a: E tour na dus|59\/100 brn\n|\n|-damage|p2a: E tour na dus|53\/100 brn|[from] brn\n|upkeep\n|turn|23\n|\n|t:|1699448099\n|switch|p1a: Necrozma|Necrozma-Ultra|19\/100\n|move|p2a: E tour na dus|Toxic|p1a: Necrozma\n|-status|p1a: Necrozma|tox\n|\n|-damage|p1a: Necrozma|13\/100 tox|[from] psn\n|-damage|p2a: E tour na dus|47\/100 brn|[from] brn\n|upkeep\n|turn|24\n|\n|t:|1699448103\n|switch|p2a: IJUSTLOSTMYDAWG|Yveltal, tera:Steel|27\/100\n|-ability|p2a: IJUSTLOSTMYDAWG|Dark Aura\n|move|p1a: Necrozma|Photon Geyser|p2a: IJUSTLOSTMYDAWG\n|-resisted|p2a: IJUSTLOSTMYDAWG\n|-damage|p2a: IJUSTLOSTMYDAWG|1\/100\n|\n|-damage|p1a: Necrozma|0 fnt|[from] psn\n|faint|p1a: Necrozma\n|upkeep\n|\n|t:|1699448110\n|switch|p1a: Arceus|Arceus-Dark|79\/100\n|turn|25\n|\n|t:|1699448117\n|move|p1a: Arceus|Foul Play|p2a: IJUSTLOSTMYDAWG\n|-damage|p2a: IJUSTLOSTMYDAWG|0 fnt\n|faint|p2a: IJUSTLOSTMYDAWG\n|\n|upkeep\n|\n|t:|1699448120\n|switch|p2a: E tour na dus|Eternatus|47\/100 brn\n|-ability|p2a: E tour na dus|Pressure\n|turn|26\n|\n|t:|1699448134\n|-terastallize|p1a: Arceus|Poison\n|move|p2a: E tour na dus|Toxic|p1a: Arceus\n|-immune|p1a: Arceus\n|move|p1a: Arceus|Taunt|p2a: E tour na dus\n|-start|p2a: E tour na dus|move: Taunt\n|\n|-damage|p2a: E tour na dus|40\/100 brn|[from] brn\n|upkeep\n|turn|27\n|\n|t:|1699448150\n|switch|p2a: Bros over Ho's|Ho-Oh|100\/100\n|move|p1a: Arceus|Foul Play|p2a: Bros over Ho's\n|-crit|p2a: Bros over Ho's\n|-damage|p2a: Bros over Ho's|38\/100\n|\n|upkeep\n|turn|28\n|\n|t:|1699448158\n|switch|p2a: Perfect Cell|Zygarde|100\/100\n|-damage|p2a: Perfect Cell|94\/100|[from] Stealth Rock\n|move|p1a: Arceus|Taunt|p2a: Perfect Cell\n|-start|p2a: Perfect Cell|move: Taunt\n|\n|-heal|p2a: Perfect Cell|100\/100|[from] item: Leftovers\n|upkeep\n|turn|29\n|\n|t:|1699448167\n|move|p1a: Arceus|Taunt||[still]\n|-fail|p1a: Arceus\n|move|p2a: Perfect Cell|Thousand Arrows|p1a: Arceus\n|-supereffective|p1a: Arceus\n|-damage|p1a: Arceus|37\/100\n|\n|upkeep\n|turn|30\n|\n|t:|1699448169\n|move|p1a: Arceus|Toxic|p2a: Perfect Cell\n|-status|p2a: Perfect Cell|tox\n|move|p2a: Perfect Cell|Thousand Arrows|p1a: Arceus\n|-supereffective|p1a: Arceus\n|-damage|p1a: Arceus|0 fnt\n|faint|p1a: Arceus\n|\n|-damage|p2a: Perfect Cell|94\/100 tox|[from] psn\n|-end|p2a: Perfect Cell|move: Taunt\n|upkeep\n|\n|t:|1699448173\n|switch|p1a: Kyogre|Kyogre|100\/100\n|-weather|RainDance|[from] ability: Drizzle|[of] p1a: Kyogre\n|turn|31\n|\n|t:|1699448176\n|move|p1a: Kyogre|Water Spout|p2a: Perfect Cell\n|-damage|p2a: Perfect Cell|0 fnt\n|faint|p2a: Perfect Cell\n|\n|-weather|RainDance|[upkeep]\n|upkeep\n|\n|t:|1699448188\n|switch|p2a: E tour na dus|Eternatus|40\/100 brn\n|-ability|p2a: E tour na dus|Pressure\n|turn|32\n|\n|t:|1699448194\n|move|p1a: Kyogre|Water Spout|p2a: E tour na dus\n|-resisted|p2a: E tour na dus\n|-damage|p2a: E tour na dus|3\/100 brn\n|move|p2a: E tour na dus|Recover|p2a: E tour na dus\n|-heal|p2a: E tour na dus|53\/100 brn\n|\n|-weather|RainDance|[upkeep]\n|-damage|p2a: E tour na dus|47\/100 brn|[from] brn\n|upkeep\n|turn|33\n|\n|t:|1699448205\n|switch|p1a: Giratina|Giratina-Origin|76\/100\n|move|p2a: E tour na dus|Recover|p2a: E tour na dus\n|-heal|p2a: E tour na dus|97\/100 brn\n|\n|-weather|RainDance|[upkeep]\n|-damage|p2a: E tour na dus|91\/100 brn|[from] brn\n|upkeep\n|turn|34\n|\n|t:|1699448208\n|move|p2a: E tour na dus|Dynamax Cannon|p1a: Giratina\n|-supereffective|p1a: Giratina\n|-damage|p1a: Giratina|28\/100\n|move|p1a: Giratina|Draco Meteor|p2a: E tour na dus\n|-supereffective|p2a: E tour na dus\n|-damage|p2a: E tour na dus|13\/100 brn\n|-unboost|p1a: Giratina|spa|2\n|\n|-weather|RainDance|[upkeep]\n|-damage|p2a: E tour na dus|7\/100 brn|[from] brn\n|upkeep\n|turn|35\n|\n|t:|1699448212\n|move|p1a: Giratina|Shadow Sneak|p2a: E tour na dus\n|-damage|p2a: E tour na dus|0 fnt\n|faint|p2a: E tour na dus\n|\n|-weather|none\n|upkeep\n|\n|t:|1699448223\n|switch|p2a: Zacian|Zacian-Crowned|100\/100\n|-damage|p2a: Zacian|94\/100|[from] Stealth Rock\n|-ability|p2a: Zacian|Intrepid Sword|boost\n|-boost|p2a: Zacian|atk|1\n|turn|36\n|\n|t:|1699448227\n|move|p1a: Giratina|Shadow Sneak|p2a: Zacian\n|-damage|p2a: Zacian|75\/100\n|move|p2a: Zacian|Behemoth Blade|p1a: Giratina\n|-crit|p1a: Giratina\n|-damage|p1a: Giratina|0 fnt\n|faint|p1a: Giratina\n|\n|upkeep\n|\n|t:|1699448230\n|switch|p1a: Kyogre|Kyogre|100\/100\n|-weather|RainDance|[from] ability: Drizzle|[of] p1a: Kyogre\n|turn|37\n|\n|t:|1699448232\n|move|p1a: Kyogre|Water Spout|p2a: Zacian\n|-damage|p2a: Zacian|0 fnt\n|faint|p2a: Zacian\n|\n|-weather|RainDance|[upkeep]\n|upkeep\n|\n|t:|1699448234\n|switch|p2a: I'm defensive trus|Necrozma-Dusk-Mane|79\/100\n|-damage|p2a: I'm defensive trus|73\/100|[from] Stealth Rock\n|turn|38\n|\n|t:|1699448242\n|switch|p1a: Kyurem|Kyurem-Black|100\/100\n|-ability|p1a: Kyurem|Teravolt\n|detailschange|p2a: I'm defensive trus|Necrozma-Ultra\n|-burst|p2a: I'm defensive trus|Necrozma|Ultranecrozium Z\n|move|p2a: I'm defensive trus|Photon Geyser|p1a: Kyurem\n|-damage|p1a: Kyurem|50\/100\n|\n|-weather|RainDance|[upkeep]\n|upkeep\n|turn|39\n|\n|t:|1699448248\n|move|p1a: Kyurem|Icicle Spear|p2a: I'm defensive trus\n|-supereffective|p2a: I'm defensive trus\n|-damage|p2a: I'm defensive trus|50\/100\n|-supereffective|p2a: I'm defensive trus\n|-damage|p2a: I'm defensive trus|26\/100\n|-supereffective|p2a: I'm defensive trus\n|-damage|p2a: I'm defensive trus|3\/100\n|-supereffective|p2a: I'm defensive trus\n|-damage|p2a: I'm defensive trus|0 fnt\n|faint|p2a: I'm defensive trus\n|-hitcount|p2: I'm defensive trus|4\n|\n|-weather|RainDance|[upkeep]\n|upkeep\n|-message|Bblacksniper forfeited.\n|\n|win|MommyMikuNakano\n|raw|MommyMikuNakano's rating: 1820 &rarr; <strong>1831<\/strong><br \/>(+11 for winning)\n|raw|Bblacksniper's rating: 1661 &rarr; <strong>1650<\/strong><br \/>(-11 for losing)\n|l|\u2606Bblacksniper\n|l|\u2606MommyMikuNakano\n","uploadtime":1699448277,"views":13,"p1id":"mommymikunakano","p2id":"bblacksniper","formatid":"gen9nationaldexubers","rating":1650,"private":0,"password":""}