{"id":"gen9nationaldexubers-1984607680","p1":"bodi 69","p2":"Incredible Gassy","format":"[Gen 9] National Dex Ubers","log":"|j|\u2606bodi 69\n|j|\u2606Incredible Gassy\n|t:|1699284170\n|gametype|singles\n|player|p1|bodi 69|leon|1632\n|player|p2|Incredible Gassy|kieran|1683\n|teamsize|p1|6\n|teamsize|p2|6\n|gen|9\n|tier|[Gen 9] National Dex Ubers\n|rated|\n|rule|HP Percentage Mod: HP is shown in percentages\n|rule|Endless Battle Clause: Forcing endless battles is banned\n|rule|OHKO Clause: OHKO moves are banned\n|rule|Evasion Moves Clause: Evasion moves are banned\n|rule|Evasion Items Clause: Evasion items are banned\n|rule|Species Clause: Limit one of each Pok\u00e9mon\n|rule|Sleep Clause Mod: Limit one foe put to sleep\n|rule|Mega Rayquaza Clause: You cannot mega evolve Rayquaza\n|clearpoke\n|poke|p1|Ribombee, M|\n|poke|p1|Pheromosa|\n|poke|p1|Salamence, F|\n|poke|p1|Xerneas-*|\n|poke|p1|Arceus-Ground|\n|poke|p1|Groudon|\n|poke|p2|Rayquaza|\n|poke|p2|Hatterene, F|\n|poke|p2|Melmetal|\n|poke|p2|Kyogre|\n|poke|p2|Calyrex-Ice|\n|poke|p2|Arceus|\n|teampreview\n|inactive|Battle timer is ON: inactive players will automatically lose when time's up. (requested by Incredible Gassy)\n|inactive|bodi 69 also wants the timer to be on.\n|inactive|bodi 69 has 120 seconds left.\n|\n|t:|1699284209\n|start\n|switch|p1a: Groudon|Groudon|100\/100\n|switch|p2a: Emerald|Rayquaza|100\/100\n|-ability|p2a: Emerald|Air Lock\n|detailschange|p1a: Groudon|Groudon-Primal\n|-primal|p1a: Groudon|Red Orb\n|-weather|DesolateLand|[from] ability: Desolate Land|[of] p1a: Groudon\n|turn|1\n|\n|t:|1699284213\n|-weather|none\n|switch|p1a: Ribombee|Ribombee, M|100\/100\n|move|p2a: Emerald|Surf|p1a: Ribombee\n|-damage|p1a: Ribombee|44\/100\n|-damage|p2a: Emerald|91\/100|[from] item: Life Orb\n|\n|upkeep\n|turn|2\n|\n|t:|1699284216\n|move|p2a: Emerald|Extreme Speed|p1a: Ribombee\n|-damage|p1a: Ribombee|0 fnt\n|faint|p1a: Ribombee\n|-damage|p2a: Emerald|81\/100|[from] item: Life Orb\n|\n|upkeep\n|\n|t:|1699284219\n|switch|p1a: Pheromosa|Pheromosa|100\/100\n|turn|3\n|\n|t:|1699284222\n|move|p2a: Emerald|Extreme Speed|p1a: Pheromosa\n|-enditem|p1a: Pheromosa|Focus Sash\n|-damage|p1a: Pheromosa|1\/100\n|-damage|p2a: Emerald|71\/100|[from] item: Life Orb\n|move|p1a: Pheromosa|Ice Beam|p2a: Emerald\n|-supereffective|p2a: Emerald\n|-damage|p2a: Emerald|0 fnt\n|faint|p2a: Emerald\n|-ability|p1a: Pheromosa|Beast Boost|boost\n|-boost|p1a: Pheromosa|spa|1\n|\n|upkeep\n|\n|t:|1699284225\n|switch|p2a: Drumstick|Hatterene, F|100\/100\n|turn|4\n|\n|t:|1699284230\n|move|p1a: Pheromosa|Bug Buzz|p2a: Drumstick\n|-damage|p2a: Drumstick|23\/100\n|move|p2a: Drumstick|Trick Room|p2a: Drumstick\n|-fieldstart|move: Trick Room|[of] p2a: Drumstick\n|\n|upkeep\n|turn|5\n|\n|t:|1699284234\n|move|p2a: Drumstick|Misty Explosion|p1a: Pheromosa\n|-supereffective|p1a: Pheromosa\n|-damage|p1a: Pheromosa|0 fnt\n|faint|p2a: Drumstick\n|faint|p1a: Pheromosa\n|\n|upkeep\n|\n|t:|1699284241\n|switch|p2a: Freezie|Calyrex-Ice|100\/100\n|switch|p1a: Groudon|Groudon-Primal|100\/100\n|-ability|p2a: Freezie|As One\n|-ability|p2a: Freezie|Unnerve\n|-weather|DesolateLand|[from] ability: Desolate Land|[of] p1a: Groudon\n|turn|6\n|\n|t:|1699284247\n|-zpower|p2a: Freezie\n|move|p2a: Freezie|Tectonic Rage|p1a: Groudon|[zeffect]\n|-supereffective|p1a: Groudon\n|-damage|p1a: Groudon|0 fnt\n|faint|p1a: Groudon\n|-weather|none\n|-ability|p2a: Freezie|Chilling Neigh|boost\n|-boost|p2a: Freezie|atk|1\n|\n|upkeep\n|\n|t:|1699284255\n|switch|p1a: Salamence|Salamence, F|100\/100\n|-ability|p1a: Salamence|Intimidate|boost\n|-unboost|p2a: Freezie|atk|1\n|turn|7\n|\n|t:|1699284264\n|switch|p1a: Arceus|Arceus-Ground|100\/100\n|move|p2a: Freezie|Glacial Lance|p1a: Arceus\n|-supereffective|p1a: Arceus\n|-damage|p1a: Arceus|0 fnt\n|faint|p1a: Arceus\n|-ability|p2a: Freezie|Chilling Neigh|boost\n|-boost|p2a: Freezie|atk|1\n|\n|upkeep\n|\n|t:|1699284266\n|switch|p1a: Xerneas|Xerneas|100\/100\n|-ability|p1a: Xerneas|Fairy Aura\n|turn|8\n|\n|t:|1699284269\n|-terastallize|p1a: Xerneas|Steel\n|move|p2a: Freezie|Glacial Lance|p1a: Xerneas\n|-resisted|p1a: Xerneas\n|-damage|p1a: Xerneas|46\/100\n|move|p1a: Xerneas|Geomancy||[still]\n|-prepare|p1a: Xerneas|Geomancy\n|-enditem|p1a: Xerneas|Power Herb\n|-anim|p1a: Xerneas|Geomancy|p1a: Xerneas\n|-boost|p1a: Xerneas|spa|2\n|-boost|p1a: Xerneas|spd|2\n|-boost|p1a: Xerneas|spe|2\n|\n|-fieldend|move: Trick Room\n|upkeep\n|turn|9\n|\n|t:|1699284274\n|move|p1a: Xerneas|Moonblast|p2a: Freezie\n|-damage|p2a: Freezie|10\/100\n|-unboost|p2a: Freezie|spa|1\n|move|p2a: Freezie|Trick Room|p2a: Freezie\n|-fieldstart|move: Trick Room|[of] p2a: Freezie\n|\n|upkeep\n|turn|10\n|\n|t:|1699284277\n|move|p2a: Freezie|Glacial Lance|p1a: Xerneas\n|-resisted|p1a: Xerneas\n|-damage|p1a: Xerneas|0 fnt\n|faint|p1a: Xerneas\n|-ability|p2a: Freezie|Chilling Neigh|boost\n|-boost|p2a: Freezie|atk|1\n|\n|upkeep\n|-message|bodi 69 forfeited.\n|\n|win|Incredible Gassy\n|raw|bodi 69's rating: 1632 &rarr; <strong>1615<\/strong><br \/>(-17 for losing)\n|raw|Incredible Gassy's rating: 1683 &rarr; <strong>1700<\/strong><br \/>(+17 for winning)\n|l|\u2606bodi 69\n","uploadtime":1699284284,"views":10,"p1id":"bodi69","p2id":"incrediblegassy","formatid":"gen9nationaldexubers","rating":1615,"private":0,"password":""}