{"id":"gen9nationaldexubers-1980986383","p1":"ANinjaDude","p2":"D. Lawrenzz","format":"[Gen 9] National Dex Ubers","log":"|j|\u2606ANinjaDude\n|j|\u2606D. Lawrenzz\n|t:|1698854601\n|gametype|singles\n|player|p1|ANinjaDude|volkner|\n|player|p2|D. Lawrenzz|blue-masters|\n|teamsize|p1|6\n|teamsize|p2|6\n|gen|9\n|tier|[Gen 9] National Dex Ubers\n|rule|HP Percentage Mod: HP is shown in percentages\n|rule|Endless Battle Clause: Forcing endless battles is banned\n|rule|OHKO Clause: OHKO moves are banned\n|rule|Evasion Moves Clause: Evasion moves are banned\n|rule|Evasion Items Clause: Evasion items are banned\n|rule|Species Clause: Limit one of each Pok\u00e9mon\n|rule|Sleep Clause Mod: Limit one foe put to sleep\n|rule|Mega Rayquaza Clause: You cannot mega evolve Rayquaza\n|clearpoke\n|poke|p1|Landorus-Therian, M|\n|poke|p1|Celesteela|\n|poke|p1|Thundurus-Therian, M|\n|poke|p1|Dragonite, M|\n|poke|p1|Shaymin-Sky|\n|poke|p1|Lopunny, M|\n|poke|p2|Ribombee, M|\n|poke|p2|Medicham, F|\n|poke|p2|Great Tusk|\n|poke|p2|Ogerpon-Wellspring, F|\n|poke|p2|Gholdengo|\n|poke|p2|Iron Moth|\n|teampreview\n|inactive|Battle timer is ON: inactive players will automatically lose when time's up. (requested by ANinjaDude)\n|inactive|D. Lawrenzz also wants the timer to be on.\n|c|\u2606D. Lawrenzz|hf\n|c|\u2606ANinjaDude|u2\n|\n|t:|1698854621\n|start\n|switch|p1a: Landorus|Landorus-Therian, M|100\/100\n|switch|p2a: Ribombee|Ribombee, M|100\/100\n|-ability|p1a: Landorus|Intimidate|boost\n|-unboost|p2a: Ribombee|atk|1\n|turn|1\n|\n|t:|1698854626\n|move|p2a: Ribombee|Hidden Power|p1a: Landorus\n|-supereffective|p1a: Landorus\n|-enditem|p1a: Landorus|Focus Sash\n|-damage|p1a: Landorus|1\/100\n|move|p1a: Landorus|Stealth Rock|p2a: Ribombee\n|-sidestart|p2: D. Lawrenzz|move: Stealth Rock\n|\n|upkeep\n|turn|2\n|c|\u2606ANinjaDude|1 non-grounded mon\n|\n|t:|1698854635\n|switch|p1a: Celesteela|Celesteela|100\/100\n|move|p2a: Ribombee|Hidden Power|p1a: Celesteela\n|-damage|p1a: Celesteela|83\/100\n|\n|upkeep\n|turn|3\n|c|\u2606ANinjaDude|grounded*\n|inactive|D. Lawrenzz has 270 seconds left.\n|\n|t:|1698854670\n|switch|p2a: Great Tusk|Great Tusk|100\/100\n|-damage|p2a: Great Tusk|98\/100|[from] Stealth Rock\n|-enditem|p2a: Great Tusk|Booster Energy\n|-activate|p2a: Great Tusk|ability: Protosynthesis|[fromitem]\n|-start|p2a: Great Tusk|protosynthesisatk\n|move|p1a: Celesteela|Autotomize|p1a: Celesteela\n|-boost|p1a: Celesteela|spe|2\n|-start|p1a: Celesteela|Autotomize\n|\n|upkeep\n|turn|4\n|\n|t:|1698854681\n|move|p1a: Celesteela|Air Slash|p2a: Great Tusk\n|-supereffective|p2a: Great Tusk\n|-damage|p2a: Great Tusk|0 fnt\n|faint|p2a: Great Tusk\n|-end|p2a: Great Tusk|Protosynthesis|[silent]\n|-ability|p1a: Celesteela|Beast Boost|boost\n|-boost|p1a: Celesteela|spa|1\n|\n|upkeep\n|c|\u2606ANinjaDude|bonk\n|inactive|D. Lawrenzz has 270 seconds left.\n|\n|t:|1698854710\n|switch|p2a: Iron Moth|Iron Moth|100\/100\n|-damage|p2a: Iron Moth|76\/100|[from] Stealth Rock\n|-enditem|p2a: Iron Moth|Booster Energy\n|-activate|p2a: Iron Moth|ability: Quark Drive|[fromitem]\n|-start|p2a: Iron Moth|quarkdrivespa\n|turn|5\n|\n|t:|1698854729\n|move|p1a: Celesteela|Meteor Beam||[still]\n|-prepare|p1a: Celesteela|Meteor Beam\n|-boost|p1a: Celesteela|spa|1\n|-enditem|p1a: Celesteela|Power Herb\n|-anim|p1a: Celesteela|Meteor Beam|p2a: Iron Moth\n|-supereffective|p2a: Iron Moth\n|-damage|p2a: Iron Moth|0 fnt\n|faint|p2a: Iron Moth\n|-end|p2a: Iron Moth|Quark Drive|[silent]\n|-ability|p1a: Celesteela|Beast Boost|boost\n|-boost|p1a: Celesteela|spa|1\n|\n|upkeep\n|\n|t:|1698854738\n|switch|p2a: Medicham|Medicham, F|100\/100\n|-damage|p2a: Medicham|94\/100|[from] Stealth Rock\n|turn|6\n|c|\u2606ANinjaDude|i feel like the main villain now\n|\n|t:|1698854742\n|detailschange|p2a: Medicham|Medicham-Mega, F\n|-mega|p2a: Medicham|Medicham|Medichamite\n|move|p2a: Medicham|Fake Out|p1a: Celesteela\n|-resisted|p1a: Celesteela\n|-damage|p1a: Celesteela|71\/100\n|cant|p1a: Celesteela|flinch\n|\n|upkeep\n|turn|7\n|\n|t:|1698854746\n|move|p1a: Celesteela|Air Slash|p2a: Medicham\n|-supereffective|p2a: Medicham\n|-damage|p2a: Medicham|0 fnt\n|faint|p2a: Medicham\n|-ability|p1a: Celesteela|Beast Boost|boost\n|-boost|p1a: Celesteela|spa|1\n|\n|upkeep\n|c|\u2606D. Lawrenzz|and i lost\n|\n|t:|1698854756\n|switch|p2a: Gholdengo|Gholdengo|100\/100\n|-damage|p2a: Gholdengo|94\/100|[from] Stealth Rock\n|-item|p2a: Gholdengo|Air Balloon\n|turn|8\n|\n|t:|1698854775\n|-terastallize|p2a: Gholdengo|Steel\n|move|p1a: Celesteela|Flash Cannon|p2a: Gholdengo\n|-resisted|p2a: Gholdengo\n|-damage|p2a: Gholdengo|48\/100\n|-enditem|p2a: Gholdengo|Air Balloon\n|move|p2a: Gholdengo|Shadow Ball|p1a: Celesteela\n|-damage|p1a: Celesteela|31\/100\n|\n|upkeep\n|turn|9\n|\n|t:|1698854784\n|move|p1a: Celesteela|Flash Cannon|p2a: Gholdengo\n|-resisted|p2a: Gholdengo\n|-damage|p2a: Gholdengo|2\/100\n|move|p2a: Gholdengo|Shadow Ball|p1a: Celesteela\n|-damage|p1a: Celesteela|0 fnt\n|faint|p1a: Celesteela\n|\n|upkeep\n|c|\u2606ANinjaDude|fuck\n|\n|t:|1698854790\n|switch|p1a: Shaymin|Shaymin-Sky|100\/100\n|turn|10\n|\n|t:|1698854794\n|move|p1a: Shaymin|Air Slash|p2a: Gholdengo\n|-resisted|p2a: Gholdengo\n|-damage|p2a: Gholdengo|0 fnt\n|faint|p2a: Gholdengo\n|\n|upkeep\n|c|\u2606ANinjaDude|anyways\n|\n|t:|1698854798\n|switch|p2a: Ribombee|Ribombee, M|100\/100\n|-damage|p2a: Ribombee|76\/100|[from] Stealth Rock\n|turn|11\n|c|\u2606ANinjaDude|*insert lavos copypasta*\n|\n|t:|1698854809\n|switch|p1a: Landorus|Landorus-Therian, M|1\/100\n|-ability|p1a: Landorus|Intimidate|boost\n|-unboost|p2a: Ribombee|atk|1\n|move|p2a: Ribombee|Hidden Power|p1a: Landorus\n|-supereffective|p1a: Landorus\n|-damage|p1a: Landorus|0 fnt\n|faint|p1a: Landorus\n|\n|upkeep\n|\n|t:|1698854812\n|switch|p1a: Thundurus|Thundurus-Therian, M|100\/100\n|turn|12\n|\n|t:|1698854816\n|-terastallize|p1a: Thundurus|Ice\n|move|p2a: Ribombee|Hidden Power|p1a: Thundurus\n|-resisted|p1a: Thundurus\n|-damage|p1a: Thundurus|87\/100\n|move|p1a: Thundurus|Thunderbolt|p2a: Ribombee\n|-damage|p2a: Ribombee|0 fnt\n|faint|p2a: Ribombee\n|\n|upkeep\n|\n|t:|1698854819\n|switch|p2a: Ogerpon|Ogerpon-Wellspring, F|100\/100\n|-damage|p2a: Ogerpon|88\/100|[from] Stealth Rock\n|turn|13\n|\n|t:|1698854825\n|move|p2a: Ogerpon|Ivy Cudgel|p1a: Thundurus\n|-damage|p1a: Thundurus|0 fnt\n|faint|p1a: Thundurus\n|\n|upkeep\n|\n|t:|1698854828\n|switch|p1a: Lopunny|Lopunny, M|100\/100\n|turn|14\n|\n|t:|1698854830\n|detailschange|p1a: Lopunny|Lopunny-Mega, M\n|-mega|p1a: Lopunny|Lopunny|Lopunnite\n|move|p1a: Lopunny|Fake Out|p2a: Ogerpon\n|-damage|p2a: Ogerpon|57\/100\n|cant|p2a: Ogerpon|flinch\n|\n|upkeep\n|turn|15\n|\n|t:|1698854835\n|move|p1a: Lopunny|Return|p2a: Ogerpon\n|-damage|p2a: Ogerpon|0 fnt\n|faint|p2a: Ogerpon\n|\n|win|ANinjaDude\n|c|\u2606ANinjaDude|ggs\n|c|\u2606D. Lawrenzz|gg\n","uploadtime":1698854842,"views":9,"p1id":"aninjadude","p2id":"dlawrenzz","formatid":"gen9nationaldexubers","rating":0,"private":0,"password":""}