{"id":"gen9nationaldexubers-1987382272","p1":"85792195wwww","p2":"LaBrong","format":"[Gen 9] National Dex Ubers","log":"|j|\u260685792195wwww\n|j|\u2606LaBrong\n|t:|1699584270\n|gametype|singles\n|player|p1|85792195wwww|mira|1392\n|player|p2|LaBrong|102|1645\n|teamsize|p1|6\n|teamsize|p2|6\n|gen|9\n|tier|[Gen 9] National Dex Ubers\n|rated|\n|rule|HP Percentage Mod: HP is shown in percentages\n|rule|Endless Battle Clause: Forcing endless battles is banned\n|rule|OHKO Clause: OHKO moves are banned\n|rule|Evasion Moves Clause: Evasion moves are banned\n|rule|Evasion Items Clause: Evasion items are banned\n|rule|Species Clause: Limit one of each Pok\u00e9mon\n|rule|Sleep Clause Mod: Limit one foe put to sleep\n|rule|Mega Rayquaza Clause: You cannot mega evolve Rayquaza\n|clearpoke\n|poke|p1|Kyurem-Black|\n|poke|p1|Samurott-Hisui, F|\n|poke|p1|Gholdengo|\n|poke|p1|Groudon|\n|poke|p1|Arceus-Ground|\n|poke|p1|Ribombee, F|\n|poke|p2|Necrozma-Dusk-Mane|\n|poke|p2|Arceus-Ground|\n|poke|p2|Marshadow|\n|poke|p2|Xerneas-*|\n|poke|p2|Yveltal|\n|poke|p2|Mewtwo|\n|teampreview\n|\n|t:|1699584279\n|start\n|switch|p1a: Samurott|Samurott-Hisui, F|100\/100\n|switch|p2a: Marshadow|Marshadow|100\/100\n|turn|1\n|\n|t:|1699584285\n|move|p2a: Marshadow|Close Combat|p1a: Samurott\n|-supereffective|p1a: Samurott\n|-enditem|p1a: Samurott|Focus Sash\n|-damage|p1a: Samurott|1\/100\n|-unboost|p2a: Marshadow|def|1\n|-unboost|p2a: Marshadow|spd|1\n|move|p1a: Samurott|Ceaseless Edge|p2a: Marshadow\n|-damage|p2a: Marshadow|5\/100\n|-sidestart|p2: LaBrong|Spikes\n|\n|upkeep\n|turn|2\n|j| itzsamurottlel\n|\n|t:|1699584296\n|move|p2a: Marshadow|Shadow Sneak|p1a: Samurott\n|-resisted|p1a: Samurott\n|-damage|p1a: Samurott|0 fnt\n|faint|p1a: Samurott\n|\n|upkeep\n|\n|t:|1699584302\n|switch|p1a: Ribombee|Ribombee, F|100\/100\n|turn|3\n|l| itzsamurottlel\n|\n|t:|1699584306\n|move|p2a: Marshadow|Endeavor|p1a: Ribombee\n|-damage|p1a: Ribombee|6\/100\n|move|p1a: Ribombee|Sticky Web|p2a: Marshadow\n|-sidestart|p2: LaBrong|move: Sticky Web\n|\n|upkeep\n|turn|4\n|\n|t:|1699584313\n|move|p2a: Marshadow|Shadow Sneak|p1a: Ribombee\n|-damage|p1a: Ribombee|0 fnt\n|faint|p1a: Ribombee\n|\n|upkeep\n|\n|t:|1699584325\n|switch|p1a: Gholdengo|Gholdengo|100\/100\n|-item|p1a: Gholdengo|Air Balloon\n|turn|5\n|\n|t:|1699584334\n|-terastallize|p1a: Gholdengo|Flying\n|move|p2a: Marshadow|Spectral Thief|p1a: Gholdengo\n|-damage|p1a: Gholdengo|51\/100\n|-enditem|p1a: Gholdengo|Air Balloon\n|move|p1a: Gholdengo|Shadow Ball|p2a: Marshadow\n|-supereffective|p2a: Marshadow\n|-damage|p2a: Marshadow|0 fnt\n|faint|p2a: Marshadow\n|\n|upkeep\n|\n|t:|1699584337\n|switch|p2a: Yveltal|Yveltal|100\/100\n|-ability|p2a: Yveltal|Dark Aura\n|turn|6\n|\n|t:|1699584351\n|move|p2a: Yveltal|Defog|p1a: Gholdengo\n|-immune|p1a: Gholdengo|[from] ability: Good as Gold\n|move|p1a: Gholdengo|Make It Rain|p2a: Yveltal\n|-damage|p2a: Yveltal|46\/100\n|-unboost|p1a: Gholdengo|spa|1\n|\n|upkeep\n|turn|7\n|\n|t:|1699584361\n|move|p2a: Yveltal|Oblivion Wing|p1a: Gholdengo\n|-damage|p1a: Gholdengo|0 fnt\n|-heal|p2a: Yveltal|77\/100|[from] drain|[of] p1a: Gholdengo\n|faint|p1a: Gholdengo\n|-damage|p2a: Yveltal|67\/100|[from] item: Life Orb\n|\n|upkeep\n|\n|t:|1699584376\n|switch|p1a: Arceus|Arceus-Ground|100\/100\n|turn|8\n|\n|t:|1699584380\n|move|p1a: Arceus|Taunt|p2a: Yveltal\n|-start|p2a: Yveltal|move: Taunt\n|cant|p2a: Yveltal|move: Taunt|Defog\n|\n|upkeep\n|turn|9\n|\n|t:|1699584386\n|move|p1a: Arceus|Swords Dance|p1a: Arceus\n|-boost|p1a: Arceus|atk|2\n|move|p2a: Yveltal|Dark Pulse|p1a: Arceus\n|-damage|p1a: Arceus|46\/100\n|-damage|p2a: Yveltal|57\/100|[from] item: Life Orb\n|\n|upkeep\n|turn|10\n|\n|t:|1699584394\n|move|p1a: Arceus|Stone Edge|p2a: Yveltal\n|-supereffective|p2a: Yveltal\n|-damage|p2a: Yveltal|0 fnt\n|faint|p2a: Yveltal\n|\n|upkeep\n|\n|t:|1699584410\n|switch|p2a: Arceus|Arceus-Ground|100\/100\n|-damage|p2a: Arceus|88\/100|[from] Spikes\n|-activate|p2a: Arceus|move: Sticky Web\n|-unboost|p2a: Arceus|spe|1\n|turn|11\n|\n|t:|1699584417\n|-zpower|p1a: Arceus\n|move|p1a: Arceus|Tectonic Rage|p2a: Arceus|[zeffect]\n|-damage|p2a: Arceus|0 fnt\n|faint|p2a: Arceus\n|\n|upkeep\n|\n|t:|1699584423\n|switch|p2a: Necrozma|Necrozma-Dusk-Mane|100\/100\n|-damage|p2a: Necrozma|88\/100|[from] Spikes\n|-activate|p2a: Necrozma|move: Sticky Web\n|-unboost|p2a: Necrozma|spe|1\n|turn|12\n|\n|t:|1699584430\n|detailschange|p2a: Necrozma|Necrozma-Ultra\n|-burst|p2a: Necrozma|Necrozma|Ultranecrozium Z\n|move|p1a: Arceus|Earthquake|p2a: Necrozma\n|-damage|p2a: Necrozma|0 fnt\n|faint|p2a: Necrozma\n|\n|upkeep\n|\n|t:|1699584435\n|switch|p2a: Xerneas|Xerneas|100\/100\n|-damage|p2a: Xerneas|88\/100|[from] Spikes\n|-activate|p2a: Xerneas|move: Sticky Web\n|-unboost|p2a: Xerneas|spe|1\n|-ability|p2a: Xerneas|Fairy Aura\n|turn|13\n|\n|t:|1699584445\n|-terastallize|p2a: Xerneas|Water\n|move|p1a: Arceus|Taunt|p2a: Xerneas\n|-start|p2a: Xerneas|move: Taunt\n|cant|p2a: Xerneas|move: Taunt|Geomancy\n|\n|upkeep\n|turn|14\n|\n|t:|1699584453\n|move|p1a: Arceus|Earthquake|p2a: Xerneas\n|-damage|p2a: Xerneas|6\/100\n|move|p2a: Xerneas|Moonblast|p1a: Arceus\n|-damage|p1a: Arceus|0 fnt\n|faint|p1a: Arceus\n|\n|upkeep\n|\n|t:|1699584461\n|switch|p1a: Groudon|Groudon|100\/100\n|detailschange|p1a: Groudon|Groudon-Primal\n|-primal|p1a: Groudon|Red Orb\n|-weather|DesolateLand|[from] ability: Desolate Land|[of] p1a: Groudon\n|turn|15\n|\n|t:|1699584467\n|move|p1a: Groudon|Eruption|p2a: Xerneas\n|-resisted|p2a: Xerneas\n|-crit|p2a: Xerneas\n|-damage|p2a: Xerneas|0 fnt\n|faint|p2a: Xerneas\n|\n|-weather|DesolateLand|[upkeep]\n|upkeep\n|\n|t:|1699584470\n|switch|p2a: Mewtwo|Mewtwo|100\/100\n|-damage|p2a: Mewtwo|88\/100|[from] Spikes\n|-activate|p2a: Mewtwo|move: Sticky Web\n|-unboost|p2a: Mewtwo|spe|1\n|-ability|p2a: Mewtwo|Pressure\n|turn|16\n|\n|t:|1699584479\n|detailschange|p2a: Mewtwo|Mewtwo-Mega-Y\n|-mega|p2a: Mewtwo|Mewtwo|Mewtwonite Y\n|move|p1a: Groudon|Eruption|p2a: Mewtwo\n|-damage|p2a: Mewtwo|0 fnt\n|faint|p2a: Mewtwo\n|\n|win|85792195wwww\n|raw|85792195wwww's rating: 1392 &rarr; <strong>1424<\/strong><br \/>(+32 for winning)\n|raw|LaBrong's rating: 1645 &rarr; <strong>1613<\/strong><br \/>(-32 for losing)\n|l|\u2606LaBrong\n|l|\u260685792195wwww\n","uploadtime":1699584488,"views":13,"p1id":"85792195wwww","p2id":"labrong","formatid":"gen9nationaldexubers","rating":1424,"private":0,"password":""}