{"id":"gen9nationaldexubers-1995106709","p1":"JustMonika_CARR","p2":"3o2o2o2o2o","format":"[Gen 9] National Dex Ubers","log":"|j|\u2606JustMonika_CARR\n|j|\u26063o2o2o2o2o\n|t:|1700523277\n|gametype|singles\n|player|p1|JustMonika_CARR|dawn|1425\n|player|p2|3o2o2o2o2o|hooligans|1470\n|teamsize|p1|6\n|teamsize|p2|6\n|gen|9\n|tier|[Gen 9] National Dex Ubers\n|rated|\n|rule|HP Percentage Mod: HP is shown in percentages\n|rule|Endless Battle Clause: Forcing endless battles is banned\n|rule|OHKO Clause: OHKO moves are banned\n|rule|Evasion Moves Clause: Evasion moves are banned\n|rule|Evasion Items Clause: Evasion items are banned\n|rule|Species Clause: Limit one of each Pok\u00e9mon\n|rule|Sleep Clause Mod: Limit one foe put to sleep\n|rule|Mega Rayquaza Clause: You cannot mega evolve Rayquaza\n|clearpoke\n|poke|p1|Shuckle, M|\n|poke|p1|Deoxys-Speed|\n|poke|p1|Arceus|\n|poke|p1|Forretress, F|\n|poke|p1|Magearna|\n|poke|p1|Pyukumuku, F|\n|poke|p2|Necrozma-Dusk-Mane|\n|poke|p2|Deoxys-Attack|\n|poke|p2|Zacian-*|\n|poke|p2|Marshadow|\n|poke|p2|Slaking, M|\n|poke|p2|Groudon|\n|teampreview\n|inactive|Battle timer is ON: inactive players will automatically lose when time's up. (requested by 3o2o2o2o2o)\n|c|\u26063o2o2o2o2o|Du u like watching paint dry?\n|\n|t:|1700523303\n|start\n|switch|p1a: Forretress|Forretress, F, shiny|100\/100\n|switch|p2a: Sweep mf|Necrozma-Dusk-Mane, shiny|100\/100\n|turn|1\n|\n|t:|1700523307\n|move|p2a: Sweep mf|Dragon Dance|p2a: Sweep mf\n|-boost|p2a: Sweep mf|atk|1\n|-boost|p2a: Sweep mf|spe|1\n|move|p1a: Forretress|Stealth Rock|p2a: Sweep mf\n|-sidestart|p2: 3o2o2o2o2o|move: Stealth Rock\n|\n|upkeep\n|turn|2\n|\n|t:|1700523316\n|move|p2a: Sweep mf|Dragon Dance|p2a: Sweep mf\n|-boost|p2a: Sweep mf|atk|1\n|-boost|p2a: Sweep mf|spe|1\n|move|p1a: Forretress|Toxic Spikes|p2a: Sweep mf\n|-sidestart|p2: 3o2o2o2o2o|move: Toxic Spikes\n|\n|upkeep\n|turn|3\n|\n|t:|1700523317\n|move|p2a: Sweep mf|Dragon Dance|p2a: Sweep mf\n|-boost|p2a: Sweep mf|atk|1\n|-boost|p2a: Sweep mf|spe|1\n|move|p1a: Forretress|Toxic Spikes|p2a: Sweep mf\n|-sidestart|p2: 3o2o2o2o2o|move: Toxic Spikes\n|\n|upkeep\n|turn|4\n|\n|t:|1700523321\n|move|p2a: Sweep mf|Dragon Dance|p2a: Sweep mf\n|-boost|p2a: Sweep mf|atk|1\n|-boost|p2a: Sweep mf|spe|1\n|move|p1a: Forretress|Rapid Spin|p2a: Sweep mf\n|-resisted|p2a: Sweep mf\n|-damage|p2a: Sweep mf|97\/100\n|-boost|p1a: Forretress|spe|1\n|\n|upkeep\n|turn|5\n|\n|t:|1700523324\n|move|p2a: Sweep mf|Dragon Dance|p2a: Sweep mf\n|-boost|p2a: Sweep mf|atk|1\n|-boost|p2a: Sweep mf|spe|1\n|move|p1a: Forretress|Rapid Spin|p2a: Sweep mf\n|-resisted|p2a: Sweep mf\n|-damage|p2a: Sweep mf|93\/100\n|-boost|p1a: Forretress|spe|1\n|\n|upkeep\n|turn|6\n|\n|t:|1700523327\n|move|p2a: Sweep mf|Dragon Dance|p2a: Sweep mf\n|-boost|p2a: Sweep mf|atk|1\n|-boost|p2a: Sweep mf|spe|1\n|move|p1a: Forretress|Rapid Spin|p2a: Sweep mf\n|-resisted|p2a: Sweep mf\n|-damage|p2a: Sweep mf|90\/100\n|-boost|p1a: Forretress|spe|1\n|\n|upkeep\n|turn|7\n|\n|t:|1700523331\n|detailschange|p2a: Sweep mf|Necrozma-Ultra, shiny\n|-burst|p2a: Sweep mf|Necrozma|Ultranecrozium Z\n|move|p1a: Forretress|Endure|p1a: Forretress\n|-singleturn|p1a: Forretress|move: Endure\n|move|p2a: Sweep mf|Earthquake|p1a: Forretress\n|-activate|p1a: Forretress|move: Endure\n|-damage|p1a: Forretress|1\/100\n|-enditem|p1a: Forretress|Red Card|[of] p2a: Sweep mf\n|drag|p2a: Mf mf|Groudon, shiny|100\/100\n|-damage|p2a: Mf mf|94\/100|[from] Stealth Rock\n|-status|p2a: Mf mf|tox\n|detailschange|p2a: Mf mf|Groudon-Primal, shiny\n|-primal|p2a: Mf mf|Red Orb\n|-weather|DesolateLand|[from] ability: Desolate Land|[of] p2a: Mf mf\n|\n|-weather|DesolateLand|[upkeep]\n|-damage|p2a: Mf mf|88\/100 tox|[from] psn\n|upkeep\n|turn|8\n|\n|t:|1700523349\n|move|p2a: Mf mf|Heat Crash|p1a: Forretress\n|-supereffective|p1a: Forretress\n|-crit|p1a: Forretress\n|-damage|p1a: Forretress|0 fnt\n|faint|p1a: Forretress\n|\n|-weather|DesolateLand|[upkeep]\n|-damage|p2a: Mf mf|76\/100 tox|[from] psn\n|upkeep\n|\n|t:|1700523358\n|switch|p1a: Deoxys|Deoxys-Speed, shiny|100\/100\n|-ability|p1a: Deoxys|Pressure\n|turn|9\n|\n|t:|1700523365\n|move|p1a: Deoxys|Reflect|p1a: Deoxys\n|-sidestart|p1: JustMonika_CARR|Reflect\n|move|p2a: Mf mf|Heat Crash|p1a: Deoxys\n|-crit|p1a: Deoxys\n|-damage|p1a: Deoxys|0 fnt\n|faint|p1a: Deoxys\n|\n|-weather|DesolateLand|[upkeep]\n|-damage|p2a: Mf mf|57\/100 tox|[from] psn\n|upkeep\n|\n|t:|1700523370\n|switch|p1a: Arceus|Arceus|100\/100\n|turn|10\n|\n|t:|1700523374\n|move|p2a: Mf mf|Heat Crash|p1a: Arceus\n|-damage|p1a: Arceus|78\/100\n|move|p1a: Arceus|Cosmic Power|p1a: Arceus\n|-boost|p1a: Arceus|def|1\n|-boost|p1a: Arceus|spd|1\n|\n|-weather|DesolateLand|[upkeep]\n|-damage|p2a: Mf mf|33\/100 tox|[from] psn\n|upkeep\n|turn|11\n|\n|t:|1700523382\n|move|p2a: Mf mf|Precipice Blades|p1a: Arceus\n|-damage|p1a: Arceus|63\/100\n|move|p1a: Arceus|Cosmic Power|p1a: Arceus\n|-boost|p1a: Arceus|def|1\n|-boost|p1a: Arceus|spd|1\n|\n|-weather|DesolateLand|[upkeep]\n|-damage|p2a: Mf mf|2\/100 tox|[from] psn\n|upkeep\n|turn|12\n|\n|t:|1700523386\n|move|p2a: Mf mf|Solar Beam||[still]\n|-prepare|p2a: Mf mf|Solar Beam\n|-anim|p2a: Mf mf|Solar Beam|p1a: Arceus\n|-damage|p1a: Arceus|51\/100\n|move|p1a: Arceus|Cosmic Power|p1a: Arceus\n|-boost|p1a: Arceus|def|1\n|-boost|p1a: Arceus|spd|1\n|\n|-weather|DesolateLand|[upkeep]\n|-damage|p2a: Mf mf|0 fnt|[from] psn\n|faint|p2a: Mf mf\n|-weather|none\n|upkeep\n|\n|t:|1700523396\n|switch|p2a: Eyelander mf|Zacian-Crowned, shiny|100\/100\n|-damage|p2a: Eyelander mf|94\/100|[from] Stealth Rock\n|-ability|p2a: Eyelander mf|Intrepid Sword|boost\n|-boost|p2a: Eyelander mf|atk|1\n|turn|13\n|\n|t:|1700523402\n|move|p2a: Eyelander mf|Close Combat|p1a: Arceus\n|-supereffective|p1a: Arceus\n|-damage|p1a: Arceus|35\/100\n|-unboost|p2a: Eyelander mf|def|1\n|-unboost|p2a: Eyelander mf|spd|1\n|move|p1a: Arceus|Cosmic Power|p1a: Arceus\n|-boost|p1a: Arceus|def|1\n|-boost|p1a: Arceus|spd|1\n|\n|upkeep\n|turn|14\n|\n|t:|1700523407\n|move|p2a: Eyelander mf|Close Combat|p1a: Arceus\n|-supereffective|p1a: Arceus\n|-damage|p1a: Arceus|21\/100\n|-unboost|p2a: Eyelander mf|def|1\n|-unboost|p2a: Eyelander mf|spd|1\n|move|p1a: Arceus|Rest|p1a: Arceus\n|-status|p1a: Arceus|slp|[from] move: Rest\n|-heal|p1a: Arceus|100\/100 slp|[silent]\n|-enditem|p1a: Arceus|Chesto Berry|[eat]\n|-curestatus|p1a: Arceus|slp|[msg]\n|\n|upkeep\n|turn|15\n|-message|3o2o2o2o2o forfeited.\n|\n|win|JustMonika_CARR\n|raw|JustMonika_CARR's rating: 1425 &rarr; <strong>1448<\/strong><br \/>(+23 for winning)\n|raw|3o2o2o2o2o's rating: 1480 &rarr; <strong>1457<\/strong><br \/>(-23 for losing)\n|l|\u26063o2o2o2o2o\n","uploadtime":1700523419,"views":1,"p1id":"justmonikacarr","p2id":"3o2o2o2o2o","formatid":"gen9nationaldexubers","rating":1448,"private":0,"password":""}