{"id":"gen9nationaldexubers-1992524272","p1":"gabe5066","p2":"OneDubPlis_CPM","format":"[Gen 9] National Dex Ubers","log":"|j|\u2606gabe5066\n|j|\u2606OneDubPlis_CPM\n|t:|1700199376\n|gametype|singles\n|player|p1|gabe5066|266|\n|player|p2|OneDubPlis_CPM|cynthia-gen4|\n|teamsize|p1|6\n|teamsize|p2|6\n|gen|9\n|tier|[Gen 9] National Dex Ubers\n|rule|HP Percentage Mod: HP is shown in percentages\n|rule|Endless Battle Clause: Forcing endless battles is banned\n|rule|OHKO Clause: OHKO moves are banned\n|rule|Evasion Moves Clause: Evasion moves are banned\n|rule|Evasion Items Clause: Evasion items are banned\n|rule|Species Clause: Limit one of each Pok\u00e9mon\n|rule|Sleep Clause Mod: Limit one foe put to sleep\n|rule|Mega Rayquaza Clause: You cannot mega evolve Rayquaza\n|clearpoke\n|poke|p1|Primarina, F|\n|poke|p1|Zeraora|\n|poke|p1|Torterra, F|\n|poke|p1|Cinderace, F|\n|poke|p1|Tapu Lele|\n|poke|p1|Munkidori, M|\n|poke|p2|Iron Treads|\n|poke|p2|Mawile, F|\n|poke|p2|Sneasler, M|\n|poke|p2|Arcanine-Hisui, F|\n|poke|p2|Iron Valiant|\n|poke|p2|Thundurus, M|\n|teampreview\n|j| Chicago Cinderaces\n|c|\u2606OneDubPlis_CPM|!weaknesses primarina\n|c| OneDubPlis_CPM|\/raw <div class=\"infobox\">Primarina (ignoring abilities):<br \/><span class=\"message-effect-weak\">Weaknesses<\/span>: Electric, Grass, Poison<br \/><span class=\"message-effect-resist\">Resistances<\/span>: Bug, Dark, Fighting, Fire, Ice, Water<br \/><span class=\"message-effect-immune\">Immunities<\/span>: Dragon<\/div>\n|\n|t:|1700199532\n|start\n|switch|p1a: Primarina|Primarina, F|100\/100\n|switch|p2a: Thundurus|Thundurus, M|100\/100\n|turn|1\n|\n|t:|1700199575\n|move|p2a: Thundurus|Thunder Wave|p1a: Primarina\n|-status|p1a: Primarina|par\n|move|p1a: Primarina|Ice Beam|p2a: Thundurus\n|-supereffective|p2a: Thundurus\n|-damage|p2a: Thundurus|47\/100\n|\n|upkeep\n|turn|2\n|\n|t:|1700199585\n|move|p2a: Thundurus|Volt Switch|p1a: Primarina\n|-supereffective|p1a: Primarina\n|-damage|p1a: Primarina|60\/100 par\n|c|\u2606OneDubPlis_CPM|!weaknesses mawile\n|c| OneDubPlis_CPM|\/raw <div class=\"infobox\">Mawile (ignoring abilities):<br \/><span class=\"message-effect-weak\">Weaknesses<\/span>: Fire, Ground<br \/><span class=\"message-effect-resist\">Resistances<\/span>: <b>Bug<\/b>, Dark, Fairy, Flying, Grass, Ice, Normal, Psychic, Rock<br \/><span class=\"message-effect-immune\">Immunities<\/span>: Dragon, Poison, Sandstorm damage, Toxic<\/div>\n|\n|t:|1700199655\n|switch|p2a: Mawile|Mawile, F|100\/100|[from] Volt Switch\n|-ability|p2a: Mawile|Intimidate|boost\n|-unboost|p1a: Primarina|atk|1\n|move|p1a: Primarina|Ice Beam|p2a: Mawile\n|-resisted|p2a: Mawile\n|-damage|p2a: Mawile|71\/100\n|\n|-heal|p1a: Primarina|66\/100 par|[from] item: Leftovers\n|upkeep\n|turn|3\n|\n|t:|1700199683\n|switch|p1a: Torterra|Torterra, F|100\/100\n|move|p2a: Mawile|Thunder Punch|p1a: Torterra\n|-immune|p1a: Torterra\n|\n|upkeep\n|turn|4\n|\n|t:|1700199693\n|move|p2a: Mawile|Protect|p2a: Mawile\n|-singleturn|p2a: Mawile|Protect\n|move|p1a: Torterra|Earthquake|p2a: Mawile\n|-activate|p2a: Mawile|move: Protect\n|\n|upkeep\n|turn|5\n|\n|t:|1700199703\n|switch|p2a: Thundurus|Thundurus, M|47\/100\n|move|p1a: Torterra|Shell Smash|p1a: Torterra\n|-unboost|p1a: Torterra|def|1\n|-unboost|p1a: Torterra|spd|1\n|-boost|p1a: Torterra|atk|2\n|-boost|p1a: Torterra|spa|2\n|-boost|p1a: Torterra|spe|2\n|-enditem|p1a: Torterra|White Herb\n|-clearnegativeboost|p1a: Torterra|[silent]\n|\n|upkeep\n|turn|6\n|\n|t:|1700199735\n|switch|p1a: Primarina|Primarina, F|66\/100 par\n|move|p2a: Thundurus|Knock Off|p1a: Primarina\n|-resisted|p1a: Primarina\n|-damage|p1a: Primarina|51\/100 par\n|-enditem|p1a: Primarina|Leftovers|[from] move: Knock Off|[of] p2a: Thundurus\n|\n|upkeep\n|turn|7\n|\n|t:|1700199751\n|move|p2a: Thundurus|Volt Switch|p1a: Primarina\n|-supereffective|p1a: Primarina\n|-damage|p1a: Primarina|9\/100 par\n|\n|t:|1700199760\n|switch|p2a: Mawile|Mawile, F|71\/100|[from] Volt Switch\n|-ability|p2a: Mawile|Intimidate|boost\n|-unboost|p1a: Primarina|atk|1\n|move|p1a: Primarina|Ice Beam|p2a: Mawile\n|-resisted|p2a: Mawile\n|-damage|p2a: Mawile|40\/100\n|\n|upkeep\n|turn|8\n|\n|t:|1700199781\n|switch|p1a: Torterra|Torterra, F|100\/100\n|move|p2a: Mawile|Play Rough|p1a: Torterra\n|-damage|p1a: Torterra|63\/100\n|\n|upkeep\n|turn|9\n|\n|t:|1700199834\n|move|p2a: Mawile|Protect|p2a: Mawile\n|-singleturn|p2a: Mawile|Protect\n|move|p1a: Torterra|Shell Smash|p1a: Torterra\n|-unboost|p1a: Torterra|def|1\n|-unboost|p1a: Torterra|spd|1\n|-boost|p1a: Torterra|atk|2\n|-boost|p1a: Torterra|spa|2\n|-boost|p1a: Torterra|spe|2\n|\n|upkeep\n|turn|10\n|\n|t:|1700199847\n|detailschange|p2a: Mawile|Mawile-Mega, F\n|-mega|p2a: Mawile|Mawile|Mawilite\n|move|p2a: Mawile|Sucker Punch|p1a: Torterra\n|-damage|p1a: Torterra|0 fnt\n|faint|p1a: Torterra\n|\n|upkeep\n|\n|t:|1700199857\n|switch|p1a: Cinderace|Cinderace, F|100\/100\n|turn|11\n|\n|t:|1700199870\n|move|p2a: Mawile|Protect|p2a: Mawile\n|-singleturn|p2a: Mawile|Protect\n|move|p1a: Cinderace|Pyro Ball|p2a: Mawile\n|-activate|p2a: Mawile|move: Protect\n|\n|upkeep\n|turn|12\n|\n|t:|1700199878\n|move|p2a: Mawile|Sucker Punch|p1a: Cinderace\n|-damage|p1a: Cinderace|37\/100\n|move|p1a: Cinderace|Pyro Ball|p2a: Mawile\n|-supereffective|p2a: Mawile\n|-damage|p2a: Mawile|0 fnt\n|faint|p2a: Mawile\n|\n|upkeep\n|\n|t:|1700199904\n|switch|p2a: Sneasler|Sneasler, M, shiny|100\/100\n|turn|13\n|\n|t:|1700199924\n|move|p2a: Sneasler|Dire Claw|p1a: Cinderace\n|-damage|p1a: Cinderace|0 fnt\n|faint|p1a: Cinderace\n|\n|upkeep\n|\n|t:|1700199937\n|switch|p1a: Tapu Lele|Tapu Lele|100\/100\n|-fieldstart|move: Psychic Terrain|[from] ability: Psychic Surge|[of] p1a: Tapu Lele\n|turn|14\n|c|\u2606OneDubPlis_CPM|!weaknesses tapu lele\n|c| OneDubPlis_CPM|\/raw <div class=\"infobox\">Tapu Lele (ignoring abilities):<br \/><span class=\"message-effect-weak\">Weaknesses<\/span>: Ghost, Poison, Steel<br \/><span class=\"message-effect-resist\">Resistances<\/span>: <b>Fighting<\/b>, Psychic<br \/><span class=\"message-effect-immune\">Immunities<\/span>: Dragon<\/div>\n|\n|t:|1700200008\n|switch|p2a: Iron Treads|Iron Treads|100\/100\n|move|p1a: Tapu Lele|Psychic|p2a: Iron Treads\n|-resisted|p2a: Iron Treads\n|-damage|p2a: Iron Treads|70\/100\n|\n|upkeep\n|turn|15\n|\n|t:|1700200021\n|switch|p1a: Primarina|Primarina, F|9\/100 par\n|move|p2a: Iron Treads|Ice Spinner|p1a: Primarina\n|-resisted|p1a: Primarina\n|-damage|p1a: Primarina|0 fnt\n|-fieldend|move: Psychic Terrain\n|faint|p1a: Primarina\n|\n|upkeep\n|\n|t:|1700200054\n|switch|p1a: Munkidori|Munkidori, M|100\/100\n|turn|16\n|c|\u2606OneDubPlis_CPM|lol I can;t spell\n|c|\u2606OneDubPlis_CPM|!weaknesses monkidori\n|c| OneDubPlis_CPM|\/raw <div class=\"infobox\">monkidori isn't a recognized type or Pokemon.<\/div>\n|c|\u2606OneDubPlis_CPM|CABRON\n|c| Chicago Cinderaces|Munkidori\n|c|\u2606OneDubPlis_CPM|!weaknesses munkidori\n|c| OneDubPlis_CPM|\/raw <div class=\"infobox\">Munkidori (ignoring abilities):<br \/><span class=\"message-effect-weak\">Weaknesses<\/span>: Dark, Ghost, Ground<br \/><span class=\"message-effect-resist\">Resistances<\/span>: Fairy, <b>Fighting<\/b>, Grass, Poison<br \/><span class=\"message-effect-immune\">Immunities<\/span>: Toxic<\/div>\n|\n|t:|1700200146\n|move|p1a: Munkidori|Psychic|p2a: Iron Treads\n|-resisted|p2a: Iron Treads\n|-damage|p2a: Iron Treads|48\/100\n|move|p2a: Iron Treads|Earthquake|p1a: Munkidori\n|-supereffective|p1a: Munkidori\n|-damage|p1a: Munkidori|0 fnt\n|faint|p1a: Munkidori\n|\n|upkeep\n|\n|t:|1700200153\n|switch|p1a: Tapu Lele|Tapu Lele|100\/100\n|-fieldstart|move: Psychic Terrain|[from] ability: Psychic Surge|[of] p1a: Tapu Lele\n|turn|17\n|\n|t:|1700200162\n|move|p1a: Tapu Lele|Psychic|p2a: Iron Treads\n|-resisted|p2a: Iron Treads\n|-damage|p2a: Iron Treads|19\/100\n|move|p2a: Iron Treads|Ice Spinner|p1a: Tapu Lele\n|-damage|p1a: Tapu Lele|62\/100\n|-fieldend|move: Psychic Terrain\n|\n|upkeep\n|turn|18\n|\n|t:|1700200205\n|move|p1a: Tapu Lele|Psychic|p2a: Iron Treads\n|-resisted|p2a: Iron Treads\n|-damage|p2a: Iron Treads|0 fnt\n|faint|p2a: Iron Treads\n|-end|p2a: Iron Treads|Quark Drive|[silent]\n|\n|upkeep\n|\n|t:|1700200230\n|switch|p2a: Sneasler|Sneasler, M, shiny|100\/100\n|turn|19\n|\n|t:|1700200235\n|move|p1a: Tapu Lele|Psychic|p2a: Sneasler\n|-supereffective|p2a: Sneasler\n|-damage|p2a: Sneasler|0 fnt\n|faint|p2a: Sneasler\n|\n|upkeep\n|\n|t:|1700200268\n|switch|p2a: Thundurus|Thundurus, M|47\/100\n|turn|20\n|\n|t:|1700200286\n|move|p2a: Thundurus|Thunder Wave|p1a: Tapu Lele\n|-status|p1a: Tapu Lele|par\n|move|p1a: Tapu Lele|Psychic|p2a: Thundurus\n|-damage|p2a: Thundurus|12\/100\n|\n|upkeep\n|turn|21\n|\n|t:|1700200308\n|move|p2a: Thundurus|Volt Switch|p1a: Tapu Lele\n|-damage|p1a: Tapu Lele|33\/100 par\n|\n|t:|1700200314\n|switch|p2a: Arcanine|Arcanine-Hisui, F, shiny|100\/100|[from] Volt Switch\n|-ability|p2a: Arcanine|Intimidate|boost\n|-unboost|p1a: Tapu Lele|atk|1\n|-item|p2a: Arcanine|Air Balloon\n|move|p1a: Tapu Lele|Psychic|p2a: Arcanine\n|-damage|p2a: Arcanine|40\/100\n|-enditem|p2a: Arcanine|Air Balloon\n|\n|upkeep\n|turn|22\n|\n|t:|1700200340\n|switch|p1a: Zeraora|Zeraora|100\/100\n|move|p2a: Arcanine|Flare Blitz|p1a: Zeraora\n|-damage|p1a: Zeraora|18\/100\n|-damage|p2a: Arcanine|14\/100|[from] Recoil\n|\n|upkeep\n|turn|23\n|\n|t:|1700200354\n|move|p1a: Zeraora|Volt Switch|p2a: Arcanine\n|-damage|p2a: Arcanine|0 fnt\n|faint|p2a: Arcanine\n|\n|t:|1700200358\n|switch|p1a: Tapu Lele|Tapu Lele|33\/100 par|[from] Volt Switch\n|-fieldstart|move: Psychic Terrain|[from] ability: Psychic Surge|[of] p1a: Tapu Lele\n|\n|upkeep\n|\n|t:|1700200412\n|switch|p2a: Thundurus|Thundurus, M|12\/100\n|turn|24\n|\n|t:|1700200425\n|move|p2a: Thundurus|Knock Off|p1a: Tapu Lele\n|-damage|p1a: Tapu Lele|0 fnt\n|-enditem|p1a: Tapu Lele|Choice Scarf|[from] move: Knock Off|[of] p2a: Thundurus\n|faint|p1a: Tapu Lele\n|\n|upkeep\n|\n|t:|1700200431\n|switch|p1a: Zeraora|Zeraora|18\/100\n|turn|25\n|\n|t:|1700200442\n|move|p1a: Zeraora|Knock Off|p2a: Thundurus\n|-damage|p2a: Thundurus|0 fnt\n|-enditem|p2a: Thundurus|Shuca Berry|[from] move: Knock Off|[of] p1a: Zeraora\n|faint|p2a: Thundurus\n|\n|upkeep\n|\n|t:|1700200447\n|switch|p2a: Iron Valiant|Iron Valiant|100\/100\n|turn|26\n|\n|t:|1700200463\n|move|p1a: Zeraora|Knock Off|p2a: Iron Valiant\n|-resisted|p2a: Iron Valiant\n|-damage|p2a: Iron Valiant|87\/100\n|-enditem|p2a: Iron Valiant|Mirror Herb|[from] move: Knock Off|[of] p1a: Zeraora\n|move|p2a: Iron Valiant|Close Combat|p1a: Zeraora\n|-damage|p1a: Zeraora|0 fnt\n|-unboost|p2a: Iron Valiant|def|1\n|-unboost|p2a: Iron Valiant|spd|1\n|faint|p1a: Zeraora\n|\n|win|OneDubPlis_CPM\n|l|\u2606gabe5066\n","uploadtime":1700200534,"views":23,"p1id":"gabe5066","p2id":"onedubpliscpm","formatid":"gen9nationaldexubers","rating":0,"private":0,"password":""}