{"id":"gen9nationaldexubers-1995127193","p1":"quantumradical","p2":"JustMonika_CARR","format":"[Gen 9] National Dex Ubers","log":"|j|\u2606quantumradical\n|j|\u2606JustMonika_CARR\n|t:|1700525567\n|gametype|singles\n|player|p1|quantumradical|giovanni|1370\n|player|p2|JustMonika_CARR|dawn|1427\n|teamsize|p1|6\n|teamsize|p2|6\n|gen|9\n|tier|[Gen 9] National Dex Ubers\n|rated|\n|rule|HP Percentage Mod: HP is shown in percentages\n|rule|Endless Battle Clause: Forcing endless battles is banned\n|rule|OHKO Clause: OHKO moves are banned\n|rule|Evasion Moves Clause: Evasion moves are banned\n|rule|Evasion Items Clause: Evasion items are banned\n|rule|Species Clause: Limit one of each Pok\u00e9mon\n|rule|Sleep Clause Mod: Limit one foe put to sleep\n|rule|Mega Rayquaza Clause: You cannot mega evolve Rayquaza\n|clearpoke\n|poke|p1|Mewtwo|\n|poke|p1|Tapu Lele|\n|poke|p1|Deoxys-Attack|\n|poke|p1|Lugia|\n|poke|p1|Lunala|\n|poke|p1|Necrozma-Dusk-Mane|\n|poke|p2|Shuckle, M|\n|poke|p2|Deoxys-Speed|\n|poke|p2|Arceus|\n|poke|p2|Forretress, F|\n|poke|p2|Magearna|\n|poke|p2|Pyukumuku, F|\n|teampreview\n|inactive|Battle timer is ON: inactive players will automatically lose when time's up. (requested by quantumradical)\n|\n|t:|1700525581\n|start\n|switch|p1a: Lugia|Lugia|100\/100\n|switch|p2a: Forretress|Forretress, F, shiny|100\/100\n|turn|1\n|c|\u2606JustMonika_CARR|glhf\n|\n|t:|1700525588\n|move|p1a: Lugia|Aeroblast|p2a: Forretress\n|-damage|p2a: Forretress|69\/100\n|-enditem|p2a: Forretress|Red Card|[of] p1a: Lugia\n|drag|p1a: Mewtwo|Mewtwo|100\/100\n|-ability|p1a: Mewtwo|Pressure\n|move|p2a: Forretress|Toxic Spikes|p1a: Mewtwo\n|-sidestart|p1: quantumradical|move: Toxic Spikes\n|\n|upkeep\n|turn|2\n|\n|t:|1700525612\n|detailschange|p1a: Mewtwo|Mewtwo-Mega-X\n|-mega|p1a: Mewtwo|Mewtwo|Mewtwonite X\n|move|p1a: Mewtwo|Drain Punch|p2a: Forretress\n|-damage|p2a: Forretress|29\/100\n|move|p2a: Forretress|Stealth Rock|p1a: Mewtwo\n|-sidestart|p1: quantumradical|move: Stealth Rock\n|\n|upkeep\n|turn|3\n|\n|t:|1700525619\n|switch|p1a: Lugia|Lugia|100\/100\n|move|p2a: Forretress|Toxic Spikes|p1a: Lugia\n|-sidestart|p1: quantumradical|move: Toxic Spikes\n|\n|upkeep\n|turn|4\n|\n|t:|1700525625\n|move|p1a: Lugia|Defog|p2a: Forretress\n|-unboost|p2a: Forretress|evasion|1\n|-sideend|p1: quantumradical|Toxic Spikes|[from] move: Defog|[of] p1a: Lugia\n|-sideend|p1: quantumradical|Stealth Rock|[from] move: Defog|[of] p1a: Lugia\n|move|p2a: Forretress|Toxic Spikes|p1a: Lugia\n|-sidestart|p1: quantumradical|move: Toxic Spikes\n|\n|upkeep\n|turn|5\n|\n|t:|1700525636\n|move|p1a: Lugia|Defog|p2a: Forretress\n|-unboost|p2a: Forretress|evasion|1\n|-sideend|p1: quantumradical|Toxic Spikes|[from] move: Defog|[of] p1a: Lugia\n|move|p2a: Forretress|Stealth Rock|p1a: Lugia\n|-sidestart|p1: quantumradical|move: Stealth Rock\n|\n|upkeep\n|turn|6\n|\n|t:|1700525662\n|move|p1a: Lugia|Defog|p2a: Forretress\n|-unboost|p2a: Forretress|evasion|1\n|-sideend|p1: quantumradical|Stealth Rock|[from] move: Defog|[of] p1a: Lugia\n|move|p2a: Forretress|Toxic Spikes|p1a: Lugia\n|-sidestart|p1: quantumradical|move: Toxic Spikes\n|\n|upkeep\n|turn|7\n|\n|t:|1700525668\n|move|p1a: Lugia|Aeroblast|p2a: Forretress\n|-damage|p2a: Forretress|1\/100\n|move|p2a: Forretress|Toxic Spikes|p1a: Lugia\n|-sidestart|p1: quantumradical|move: Toxic Spikes\n|\n|upkeep\n|turn|8\n|\n|t:|1700525682\n|move|p1a: Lugia|Aeroblast|p2a: Forretress\n|-crit|p2a: Forretress\n|-damage|p2a: Forretress|0 fnt\n|faint|p2a: Forretress\n|\n|upkeep\n|\n|t:|1700525686\n|switch|p2a: Deoxys|Deoxys-Speed, shiny|100\/100\n|-ability|p2a: Deoxys|Pressure\n|turn|9\n|\n|t:|1700525694\n|switch|p1a: Necrozma|Necrozma-Dusk-Mane|100\/100\n|move|p2a: Deoxys|Toxic|p1a: Necrozma\n|-immune|p1a: Necrozma\n|\n|upkeep\n|turn|10\n|\n|t:|1700525700\n|move|p2a: Deoxys|Reflect|p2a: Deoxys\n|-sidestart|p2: JustMonika_CARR|Reflect\n|move|p1a: Necrozma|Sunsteel Strike|p2a: Deoxys\n|-damage|p2a: Deoxys|66\/100\n|\n|upkeep\n|turn|11\n|\n|t:|1700525710\n|move|p2a: Deoxys|Mud-Slap|p1a: Necrozma\n|-supereffective|p1a: Necrozma\n|-damage|p1a: Necrozma|94\/100\n|-unboost|p1a: Necrozma|accuracy|1\n|move|p1a: Necrozma|Dragon Dance|p1a: Necrozma\n|-boost|p1a: Necrozma|atk|1\n|-boost|p1a: Necrozma|spe|1\n|\n|upkeep\n|turn|12\n|\n|t:|1700525726\n|move|p2a: Deoxys|Mud-Slap|p1a: Necrozma\n|-supereffective|p1a: Necrozma\n|-damage|p1a: Necrozma|88\/100\n|-unboost|p1a: Necrozma|accuracy|1\n|-zpower|p1a: Necrozma\n|move|p1a: Necrozma|Searing Sunraze Smash|p2a: Deoxys|[zeffect]\n|-damage|p2a: Deoxys|0 fnt\n|faint|p2a: Deoxys\n|\n|upkeep\n|\n|t:|1700525730\n|switch|p2a: Pyukumuku|Pyukumuku, F, shiny|100\/100\n|turn|13\n|\n|t:|1700525749\n|move|p1a: Necrozma|Photon Geyser|p2a: Pyukumuku\n|-damage|p2a: Pyukumuku|71\/100\n|move|p2a: Pyukumuku|Soak|p1a: Necrozma\n|-start|p1a: Necrozma|typechange|Water\n|\n|-heal|p2a: Pyukumuku|77\/100|[from] item: Leftovers\n|upkeep\n|turn|14\n|\n|t:|1700525759\n|switch|p1a: Lugia|Lugia|100\/100\n|move|p2a: Pyukumuku|Toxic|p1a: Lugia\n|-status|p1a: Lugia|tox\n|\n|-heal|p2a: Pyukumuku|83\/100|[from] item: Leftovers\n|-damage|p1a: Lugia|94\/100 tox|[from] psn\n|upkeep\n|turn|15\n|\n|t:|1700525770\n|move|p1a: Lugia|Defog|p2a: Pyukumuku\n|-unboost|p2a: Pyukumuku|evasion|1\n|-sideend|p2: JustMonika_CARR|Reflect\n|-sideend|p1: quantumradical|Toxic Spikes|[from] move: Defog|[of] p1a: Lugia\n|move|p2a: Pyukumuku|Soak|p1a: Lugia\n|-start|p1a: Lugia|typechange|Water\n|\n|-heal|p2a: Pyukumuku|89\/100|[from] item: Leftovers\n|-damage|p1a: Lugia|82\/100 tox|[from] psn\n|upkeep\n|turn|16\n|\n|t:|1700525780\n|switch|p1a: Necrozma|Necrozma-Dusk-Mane|88\/100\n|move|p2a: Pyukumuku|Soak|p1a: Necrozma\n|-start|p1a: Necrozma|typechange|Water\n|\n|-heal|p2a: Pyukumuku|95\/100|[from] item: Leftovers\n|upkeep\n|turn|17\n|\n|t:|1700525786\n|switch|p1a: Lugia|Lugia|82\/100 tox\n|move|p2a: Pyukumuku|Toxic|p1a: Lugia\n|-fail|p1a: Lugia|tox\n|\n|-heal|p2a: Pyukumuku|100\/100|[from] item: Leftovers\n|-damage|p1a: Lugia|75\/100 tox|[from] psn\n|upkeep\n|turn|18\n|\n|t:|1700525794\n|move|p1a: Lugia|Aeroblast|p2a: Pyukumuku\n|-damage|p2a: Pyukumuku|76\/100\n|move|p2a: Pyukumuku|Soak|p1a: Lugia\n|-start|p1a: Lugia|typechange|Water\n|\n|-heal|p2a: Pyukumuku|82\/100|[from] item: Leftovers\n|-damage|p1a: Lugia|63\/100 tox|[from] psn\n|upkeep\n|turn|19\n|\n|t:|1700525799\n|switch|p1a: Necrozma|Necrozma-Dusk-Mane|88\/100\n|move|p2a: Pyukumuku|Soak|p1a: Necrozma\n|-start|p1a: Necrozma|typechange|Water\n|\n|-heal|p2a: Pyukumuku|88\/100|[from] item: Leftovers\n|upkeep\n|turn|20\n|\n|t:|1700525804\n|switch|p1a: Lugia|Lugia|63\/100 tox\n|move|p2a: Pyukumuku|Toxic|p1a: Lugia\n|-fail|p1a: Lugia|tox\n|\n|-heal|p2a: Pyukumuku|94\/100|[from] item: Leftovers\n|-damage|p1a: Lugia|57\/100 tox|[from] psn\n|upkeep\n|turn|21\n|\n|t:|1700525809\n|move|p1a: Lugia|Recover|p1a: Lugia\n|-heal|p1a: Lugia|100\/100 tox\n|move|p2a: Pyukumuku|Soak|p1a: Lugia\n|-start|p1a: Lugia|typechange|Water\n|\n|-heal|p2a: Pyukumuku|99\/100|[from] item: Leftovers\n|-damage|p1a: Lugia|88\/100 tox|[from] psn\n|upkeep\n|turn|22\n|\n|t:|1700525825\n|switch|p1a: Necrozma|Necrozma-Dusk-Mane|88\/100\n|move|p2a: Pyukumuku|Soak|p1a: Necrozma\n|-start|p1a: Necrozma|typechange|Water\n|\n|-heal|p2a: Pyukumuku|100\/100|[from] item: Leftovers\n|upkeep\n|turn|23\n|\n|t:|1700525832\n|switch|p1a: Lugia|Lugia|88\/100 tox\n|switch|p2a: Magearna|Magearna|100\/100\n|\n|-damage|p1a: Lugia|82\/100 tox|[from] psn\n|upkeep\n|turn|24\n|\n|t:|1700525840\n|switch|p1a: Mewtwo|Mewtwo-Mega-X|100\/100\n|-terastallize|p2a: Magearna|Ghost\n|move|p2a: Magearna|Shadow Ball|p1a: Mewtwo\n|-supereffective|p1a: Mewtwo\n|-damage|p1a: Mewtwo|8\/100\n|-unboost|p1a: Mewtwo|spd|1\n|\n|upkeep\n|turn|25\n|\n|t:|1700525848\n|move|p1a: Mewtwo|Knock Off|p2a: Magearna\n|-supereffective|p2a: Magearna\n|-damage|p2a: Magearna|27\/100\n|-enditem|p2a: Magearna|Focus Sash|[from] move: Knock Off|[of] p1a: Mewtwo\n|move|p2a: Magearna|Shadow Ball|p1a: Mewtwo\n|-supereffective|p1a: Mewtwo\n|-damage|p1a: Mewtwo|0 fnt\n|faint|p1a: Mewtwo\n|-ability|p2a: Magearna|Soul-Heart|boost\n|-boost|p2a: Magearna|spa|1\n|\n|upkeep\n|\n|t:|1700525859\n|switch|p1a: Deoxys|Deoxys-Attack|100\/100\n|-ability|p1a: Deoxys|Pressure\n|turn|26\n|\n|t:|1700525862\n|move|p1a: Deoxys|Knock Off|p2a: Magearna\n|-supereffective|p2a: Magearna\n|-damage|p2a: Magearna|0 fnt\n|faint|p2a: Magearna\n|\n|upkeep\n|\n|t:|1700525870\n|switch|p2a: Shuckle|Shuckle, M, shiny|100\/100\n|turn|27\n|\n|t:|1700525881\n|switch|p1a: Lugia|Lugia|82\/100 tox\n|move|p2a: Shuckle|Shell Smash|p2a: Shuckle\n|-boost|p2a: Shuckle|def|1\n|-boost|p2a: Shuckle|spd|1\n|-unboost|p2a: Shuckle|atk|2\n|-unboost|p2a: Shuckle|spa|2\n|-unboost|p2a: Shuckle|spe|2\n|\n|-damage|p1a: Lugia|75\/100 tox|[from] psn\n|upkeep\n|turn|28\n|\n|t:|1700525890\n|switch|p1a: Necrozma|Necrozma-Dusk-Mane|88\/100\n|move|p2a: Shuckle|Infestation|p1a: Necrozma\n|-damage|p1a: Necrozma|87\/100\n|-activate|p1a: Necrozma|move: Infestation|[of] p2a: Shuckle\n|\n|-damage|p1a: Necrozma|74\/100|[from] move: Infestation|[partiallytrapped]\n|upkeep\n|turn|29\n|\n|t:|1700525898\n|move|p1a: Necrozma|Dragon Dance|p1a: Necrozma\n|-boost|p1a: Necrozma|atk|1\n|-boost|p1a: Necrozma|spe|1\n|move|p2a: Shuckle|Shell Smash|p2a: Shuckle\n|-boost|p2a: Shuckle|def|1\n|-boost|p2a: Shuckle|spd|1\n|-unboost|p2a: Shuckle|atk|2\n|-unboost|p2a: Shuckle|spa|2\n|-unboost|p2a: Shuckle|spe|2\n|\n|-damage|p1a: Necrozma|62\/100|[from] move: Infestation|[partiallytrapped]\n|upkeep\n|turn|30\n|\n|t:|1700525905\n|move|p1a: Necrozma|Sunsteel Strike|p2a: Shuckle\n|-supereffective|p2a: Shuckle\n|-damage|p2a: Shuckle|51\/100\n|move|p2a: Shuckle|Shell Smash|p2a: Shuckle\n|-boost|p2a: Shuckle|def|1\n|-boost|p2a: Shuckle|spd|1\n|-unboost|p2a: Shuckle|atk|2\n|-unboost|p2a: Shuckle|spa|2\n|-unboost|p2a: Shuckle|spe|2\n|\n|-damage|p1a: Necrozma|49\/100|[from] move: Infestation|[partiallytrapped]\n|upkeep\n|turn|31\n|\n|t:|1700525917\n|move|p1a: Necrozma|Dragon Dance|p1a: Necrozma\n|-boost|p1a: Necrozma|atk|1\n|-boost|p1a: Necrozma|spe|1\n|move|p2a: Shuckle|Shell Smash|p2a: Shuckle\n|-boost|p2a: Shuckle|def|1\n|-boost|p2a: Shuckle|spd|1\n|-unboost|p2a: Shuckle|atk|0\n|-unboost|p2a: Shuckle|spa|0\n|-unboost|p2a: Shuckle|spe|0\n|\n|-damage|p1a: Necrozma|37\/100|[from] move: Infestation|[partiallytrapped]\n|upkeep\n|turn|32\n|\n|t:|1700525924\n|move|p1a: Necrozma|Sunsteel Strike|p2a: Shuckle\n|-supereffective|p2a: Shuckle\n|-damage|p2a: Shuckle|7\/100\n|move|p2a: Shuckle|Rest|p2a: Shuckle\n|-status|p2a: Shuckle|slp|[from] move: Rest\n|-heal|p2a: Shuckle|100\/100 slp|[silent]\n|-enditem|p2a: Shuckle|Chesto Berry|[eat]\n|-curestatus|p2a: Shuckle|slp|[msg]\n|\n|-end|p1a: Necrozma|Infestation|[partiallytrapped]\n|upkeep\n|turn|33\n|\n|t:|1700525932\n|move|p1a: Necrozma|Dragon Dance|p1a: Necrozma\n|-boost|p1a: Necrozma|atk|1\n|-boost|p1a: Necrozma|spe|1\n|move|p2a: Shuckle|Shell Smash|p2a: Shuckle\n|-boost|p2a: Shuckle|def|1\n|-boost|p2a: Shuckle|spd|1\n|-unboost|p2a: Shuckle|atk|0\n|-unboost|p2a: Shuckle|spa|0\n|-unboost|p2a: Shuckle|spe|0\n|\n|upkeep\n|turn|34\n|\n|t:|1700525940\n|move|p1a: Necrozma|Dragon Dance|p1a: Necrozma\n|-boost|p1a: Necrozma|atk|1\n|-boost|p1a: Necrozma|spe|1\n|move|p2a: Shuckle|Shell Smash|p2a: Shuckle\n|-boost|p2a: Shuckle|def|1\n|-boost|p2a: Shuckle|spd|1\n|-unboost|p2a: Shuckle|atk|0\n|-unboost|p2a: Shuckle|spa|0\n|-unboost|p2a: Shuckle|spe|0\n|\n|upkeep\n|turn|35\n|\n|t:|1700525946\n|move|p1a: Necrozma|Dragon Dance|p1a: Necrozma\n|-boost|p1a: Necrozma|atk|1\n|-boost|p1a: Necrozma|spe|1\n|move|p2a: Shuckle|Infestation|p1a: Necrozma\n|-damage|p1a: Necrozma|36\/100\n|-activate|p1a: Necrozma|move: Infestation|[of] p2a: Shuckle\n|\n|-damage|p1a: Necrozma|24\/100|[from] move: Infestation|[partiallytrapped]\n|upkeep\n|turn|36\n|\n|t:|1700525954\n|move|p1a: Necrozma|Sunsteel Strike|p2a: Shuckle\n|-supereffective|p2a: Shuckle\n|-damage|p2a: Shuckle|45\/100\n|move|p2a: Shuckle|Rest|p2a: Shuckle\n|-status|p2a: Shuckle|slp|[from] move: Rest\n|-heal|p2a: Shuckle|100\/100 slp|[silent]\n|\n|-damage|p1a: Necrozma|11\/100|[from] move: Infestation|[partiallytrapped]\n|upkeep\n|turn|37\n|\n|t:|1700525962\n|move|p1a: Necrozma|Sunsteel Strike|p2a: Shuckle\n|-supereffective|p2a: Shuckle\n|-damage|p2a: Shuckle|41\/100 slp\n|cant|p2a: Shuckle|slp\n|\n|-damage|p1a: Necrozma|0 fnt|[from] move: Infestation|[partiallytrapped]\n|faint|p1a: Necrozma\n|upkeep\n|inactive|quantumradical has 120 seconds left.\n|\n|t:|1700526005\n|switch|p1a: Tapu Lele|Tapu Lele|100\/100\n|-fieldstart|move: Psychic Terrain|[from] ability: Psychic Surge|[of] p1a: Tapu Lele\n|turn|38\n|\n|t:|1700526013\n|move|p1a: Tapu Lele|Psychic|p2a: Shuckle\n|-damage|p2a: Shuckle|31\/100 slp\n|cant|p2a: Shuckle|slp\n|\n|upkeep\n|turn|39\n|inactive|quantumradical has 120 seconds left.\n|\n|t:|1700526019\n|move|p1a: Tapu Lele|Psychic|p2a: Shuckle\n|-damage|p2a: Shuckle|20\/100 slp\n|-curestatus|p2a: Shuckle|slp|[msg]\n|move|p2a: Shuckle|Infestation|p1a: Tapu Lele\n|-damage|p1a: Tapu Lele|99\/100\n|-activate|p1a: Tapu Lele|move: Infestation|[of] p2a: Shuckle\n|\n|-damage|p1a: Tapu Lele|88\/100|[from] move: Infestation|[partiallytrapped]\n|upkeep\n|turn|40\n|inactive|quantumradical has 120 seconds left.\n|\n|t:|1700526033\n|move|p1a: Tapu Lele|Psychic|p2a: Shuckle\n|-damage|p2a: Shuckle|8\/100\n|move|p2a: Shuckle|Rest|p2a: Shuckle\n|-status|p2a: Shuckle|slp|[from] move: Rest\n|-heal|p2a: Shuckle|100\/100 slp|[silent]\n|\n|-damage|p1a: Tapu Lele|75\/100|[from] move: Infestation|[partiallytrapped]\n|upkeep\n|turn|41\n|\n|t:|1700526040\n|move|p1a: Tapu Lele|Psychic|p2a: Shuckle\n|-crit|p2a: Shuckle\n|-damage|p2a: Shuckle|35\/100 slp\n|cant|p2a: Shuckle|slp\n|\n|-damage|p1a: Tapu Lele|63\/100|[from] move: Infestation|[partiallytrapped]\n|upkeep\n|turn|42\n|\n|t:|1700526049\n|move|p1a: Tapu Lele|Psychic|p2a: Shuckle\n|-damage|p2a: Shuckle|24\/100 slp\n|cant|p2a: Shuckle|slp\n|\n|-damage|p1a: Tapu Lele|50\/100|[from] move: Infestation|[partiallytrapped]\n|upkeep\n|turn|43\n|\n|t:|1700526055\n|move|p1a: Tapu Lele|Psychic|p2a: Shuckle\n|-damage|p2a: Shuckle|14\/100 slp\n|-curestatus|p2a: Shuckle|slp|[msg]\n|move|p2a: Shuckle|Rest|p2a: Shuckle\n|-status|p2a: Shuckle|slp|[from] move: Rest\n|-heal|p2a: Shuckle|100\/100 slp|[silent]\n|\n|-damage|p1a: Tapu Lele|38\/100|[from] move: Infestation|[partiallytrapped]\n|upkeep\n|turn|44\n|\n|t:|1700526061\n|move|p1a: Tapu Lele|Psychic|p2a: Shuckle\n|-damage|p2a: Shuckle|90\/100 slp\n|cant|p2a: Shuckle|slp\n|\n|-end|p1a: Tapu Lele|Infestation|[partiallytrapped]\n|upkeep\n|turn|45\n|\n|t:|1700526077\n|switch|p1a: Lunala|Lunala|100\/100\n|cant|p2a: Shuckle|slp\n|\n|-fieldend|move: Psychic Terrain\n|upkeep\n|turn|46\n|\n|t:|1700526087\n|switch|p1a: Tapu Lele|Tapu Lele|38\/100\n|-fieldstart|move: Psychic Terrain|[from] ability: Psychic Surge|[of] p1a: Tapu Lele\n|-curestatus|p2a: Shuckle|slp|[msg]\n|move|p2a: Shuckle|Infestation|p1a: Tapu Lele\n|-damage|p1a: Tapu Lele|37\/100\n|-activate|p1a: Tapu Lele|move: Infestation|[of] p2a: Shuckle\n|\n|-damage|p1a: Tapu Lele|24\/100|[from] move: Infestation|[partiallytrapped]\n|upkeep\n|turn|47\n|\n|t:|1700526099\n|move|p1a: Tapu Lele|Psychic|p2a: Shuckle\n|-damage|p2a: Shuckle|78\/100\n|move|p2a: Shuckle|Toxic|p1a: Tapu Lele\n|-status|p1a: Tapu Lele|tox\n|\n|-damage|p1a: Tapu Lele|18\/100 tox|[from] psn\n|-damage|p1a: Tapu Lele|6\/100 tox|[from] move: Infestation|[partiallytrapped]\n|upkeep\n|turn|48\n|\n|t:|1700526112\n|move|p1a: Tapu Lele|Psychic|p2a: Shuckle\n|-damage|p2a: Shuckle|66\/100\n|move|p2a: Shuckle|Infestation|p1a: Tapu Lele\n|-damage|p1a: Tapu Lele|5\/100 tox\n|\n|-damage|p1a: Tapu Lele|0 fnt|[from] psn\n|faint|p1a: Tapu Lele\n|upkeep\n|\n|t:|1700526119\n|switch|p1a: Lunala|Lunala|100\/100\n|turn|49\n|\n|t:|1700526124\n|move|p1a: Lunala|Expanding Force|p2a: Shuckle\n|-damage|p2a: Shuckle|52\/100\n|move|p2a: Shuckle|Toxic|p1a: Lunala\n|-status|p1a: Lunala|tox\n|\n|-damage|p1a: Lunala|94\/100 tox|[from] psn\n|upkeep\n|turn|50\n|\n|t:|1700526130\n|move|p1a: Lunala|Expanding Force|p2a: Shuckle\n|-damage|p2a: Shuckle|38\/100\n|move|p2a: Shuckle|Infestation|p1a: Lunala\n|-damage|p1a: Lunala|94\/100 tox\n|-activate|p1a: Lunala|move: Infestation|[of] p2a: Shuckle\n|\n|-damage|p1a: Lunala|81\/100 tox|[from] psn\n|-damage|p1a: Lunala|69\/100 tox|[from] move: Infestation|[partiallytrapped]\n|upkeep\n|turn|51\n|\n|t:|1700526135\n|move|p1a: Lunala|Expanding Force|p2a: Shuckle\n|-damage|p2a: Shuckle|23\/100\n|move|p2a: Shuckle|Rest|p2a: Shuckle\n|-status|p2a: Shuckle|slp|[from] move: Rest\n|-heal|p2a: Shuckle|100\/100 slp|[silent]\n|\n|-damage|p1a: Lunala|50\/100 tox|[from] psn\n|-damage|p1a: Lunala|37\/100 tox|[from] move: Infestation|[partiallytrapped]\n|upkeep\n|turn|52\n|\n|t:|1700526158\n|move|p1a: Lunala|Moonlight|p1a: Lunala\n|-heal|p1a: Lunala|87\/100 tox\n|cant|p2a: Shuckle|slp\n|\n|-damage|p1a: Lunala|62\/100 tox|[from] psn\n|-damage|p1a: Lunala|50\/100 tox|[from] move: Infestation|[partiallytrapped]\n|upkeep\n|turn|53\n|\n|t:|1700526166\n|move|p1a: Lunala|Moonlight|p1a: Lunala\n|-heal|p1a: Lunala|99\/100 tox\n|cant|p2a: Shuckle|slp\n|\n|-damage|p1a: Lunala|69\/100 tox|[from] psn\n|-damage|p1a: Lunala|56\/100 tox|[from] move: Infestation|[partiallytrapped]\n|-fieldend|move: Psychic Terrain\n|upkeep\n|turn|54\n|\n|t:|1700526171\n|move|p1a: Lunala|Moonlight|p1a: Lunala\n|-heal|p1a: Lunala|100\/100 tox\n|-curestatus|p2a: Shuckle|slp|[msg]\n|move|p2a: Shuckle|Infestation|p1a: Lunala\n|-damage|p1a: Lunala|99\/100 tox\n|\n|-damage|p1a: Lunala|63\/100 tox|[from] psn\n|-end|p1a: Lunala|Infestation|[partiallytrapped]\n|upkeep\n|turn|55\n|-message|quantumradical forfeited.\n|\n|win|JustMonika_CARR\n|raw|quantumradical's rating: 1370 &rarr; <strong>1353<\/strong><br \/>(-17 for losing)\n|raw|JustMonika_CARR's rating: 1427 &rarr; <strong>1444<\/strong><br \/>(+17 for winning)\n|l|\u2606quantumradical\n","uploadtime":1700526191,"views":1,"p1id":"quantumradical","p2id":"justmonikacarr","formatid":"gen9nationaldexubers","rating":1353,"private":0,"password":""}