{"id":"gen9nationaldexubers-1994371550","p1":"LittleTimmy2006","p2":"Mudseph03","format":"[Gen 9] National Dex Ubers","log":"|j|\u2606LittleTimmy2006\n|j|\u2606Mudseph03\n|t:|1700436318\n|gametype|singles\n|player|p1|LittleTimmy2006|2|1225\n|player|p2|Mudseph03|red|1302\n|teamsize|p1|6\n|teamsize|p2|6\n|gen|9\n|tier|[Gen 9] National Dex Ubers\n|rated|\n|rule|HP Percentage Mod: HP is shown in percentages\n|rule|Endless Battle Clause: Forcing endless battles is banned\n|rule|OHKO Clause: OHKO moves are banned\n|rule|Evasion Moves Clause: Evasion moves are banned\n|rule|Evasion Items Clause: Evasion items are banned\n|rule|Species Clause: Limit one of each Pok\u00e9mon\n|rule|Sleep Clause Mod: Limit one foe put to sleep\n|rule|Mega Rayquaza Clause: You cannot mega evolve Rayquaza\n|clearpoke\n|poke|p1|Orthworm, M|\n|poke|p1|Ditto|\n|poke|p1|Kyogre|\n|poke|p1|Groudon|\n|poke|p1|Snorlax, M|\n|poke|p1|Enamorus, F|\n|poke|p2|Dragapult, M|\n|poke|p2|Kartana|\n|poke|p2|Aegislash, M|\n|poke|p2|Quagsire, M|\n|poke|p2|Heatran, M|\n|poke|p2|Togekiss, M|\n|teampreview\n|j| lerazik\n|c|\u2606Mudseph03|gl hf\n|l| lerazik\n|inactive|Battle timer is ON: inactive players will automatically lose when time's up. (requested by Mudseph03)\n|\n|t:|1700436334\n|start\n|switch|p1a: Enamorus|Enamorus, F|100\/100\n|switch|p2a: Puyolsire|Quagsire, M|100\/100\n|turn|1\n|\n|t:|1700436342\n|move|p1a: Enamorus|Moonblast|p2a: Puyolsire\n|-damage|p2a: Puyolsire|7\/100\n|-unboost|p2a: Puyolsire|spa|1\n|move|p2a: Puyolsire|Toxic|p1a: Enamorus\n|-status|p1a: Enamorus|tox\n|\n|-heal|p2a: Puyolsire|13\/100|[from] item: Leftovers\n|-damage|p1a: Enamorus|94\/100 tox|[from] psn\n|upkeep\n|turn|2\n|\n|t:|1700436352\n|switch|p2a: Saiko no Hero|Aegislash, M|100\/100\n|move|p1a: Enamorus|Moonblast|p2a: Saiko no Hero\n|-resisted|p2a: Saiko no Hero\n|-damage|p2a: Saiko no Hero|73\/100\n|\n|-damage|p1a: Enamorus|82\/100 tox|[from] psn\n|upkeep\n|turn|3\n|\n|t:|1700436361\n|switch|p1a: Groudon|Groudon|100\/100\n|detailschange|p1a: Groudon|Groudon-Primal\n|-primal|p1a: Groudon|Red Orb\n|-weather|DesolateLand|[from] ability: Desolate Land|[of] p1a: Groudon\n|-formechange|p2a: Saiko no Hero|Aegislash-Blade||[from] ability: Stance Change\n|move|p2a: Saiko no Hero|Gyro Ball|p1a: Groudon\n|-resisted|p1a: Groudon\n|-damage|p1a: Groudon|81\/100\n|\n|-weather|DesolateLand|[upkeep]\n|upkeep\n|turn|4\n|\n|t:|1700436374\n|switch|p2a: Togefeits|Togekiss, M|100\/100\n|move|p1a: Groudon|Bulk Up|p1a: Groudon\n|-boost|p1a: Groudon|atk|1\n|-boost|p1a: Groudon|def|1\n|\n|-weather|DesolateLand|[upkeep]\n|upkeep\n|turn|5\n|\n|t:|1700436381\n|move|p2a: Togefeits|Air Slash|p1a: Groudon\n|-damage|p1a: Groudon|54\/100\n|cant|p1a: Groudon|flinch\n|\n|-weather|DesolateLand|[upkeep]\n|upkeep\n|turn|6\n|\n|t:|1700436388\n|-weather|none\n|switch|p1a: Kyogre|Kyogre|100\/100\n|detailschange|p1a: Kyogre|Kyogre-Primal\n|-primal|p1a: Kyogre|Blue Orb\n|-weather|PrimordialSea|[from] ability: Primordial Sea|[of] p1a: Kyogre\n|move|p2a: Togefeits|Air Slash|p1a: Kyogre\n|-damage|p1a: Kyogre|76\/100\n|\n|-weather|PrimordialSea|[upkeep]\n|upkeep\n|turn|7\n|\n|t:|1700436398\n|move|p2a: Togefeits|Thunder Wave|p1a: Kyogre\n|-status|p1a: Kyogre|par\n|move|p1a: Kyogre|Water Spout|p2a: Togefeits\n|-damage|p2a: Togefeits|1\/100\n|\n|-weather|PrimordialSea|[upkeep]\n|upkeep\n|turn|8\n|\n|t:|1700436405\n|move|p2a: Togefeits|Air Slash|p1a: Kyogre\n|-damage|p1a: Kyogre|54\/100 par\n|cant|p1a: Kyogre|flinch\n|\n|-weather|PrimordialSea|[upkeep]\n|upkeep\n|turn|9\n|\n|t:|1700436410\n|move|p2a: Togefeits|Air Slash|p1a: Kyogre\n|-damage|p1a: Kyogre|32\/100 par\n|move|p1a: Kyogre|Rest|p1a: Kyogre\n|-status|p1a: Kyogre|slp|[from] move: Rest\n|-heal|p1a: Kyogre|100\/100 slp|[silent]\n|\n|-weather|PrimordialSea|[upkeep]\n|upkeep\n|turn|10\n|\n|t:|1700436421\n|move|p2a: Togefeits|Roost|p2a: Togefeits\n|-heal|p2a: Togefeits|51\/100\n|-singleturn|p2a: Togefeits|move: Roost\n|cant|p1a: Kyogre|slp\n|move|p1a: Kyogre|Sleep Talk|p1a: Kyogre\n|move|p1a: Kyogre|Rest||[from]move: Sleep Talk|[still]\n|-fail|p1a: Kyogre\n|\n|-weather|PrimordialSea|[upkeep]\n|upkeep\n|turn|11\n|\n|t:|1700436434\n|move|p2a: Togefeits|Air Slash|p1a: Kyogre\n|-damage|p1a: Kyogre|76\/100 slp\n|cant|p1a: Kyogre|slp\n|move|p1a: Kyogre|Sleep Talk|p1a: Kyogre\n|move|p1a: Kyogre|Water Spout|p2a: Togefeits|[from]move: Sleep Talk\n|-damage|p2a: Togefeits|0 fnt\n|faint|p2a: Togefeits\n|\n|-weather|PrimordialSea|[upkeep]\n|upkeep\n|\n|t:|1700436440\n|switch|p2a: Godtana|Kartana|100\/100\n|turn|12\n|\n|t:|1700436451\n|-weather|none\n|switch|p1a: Wormy|Orthworm, M|100\/100\n|move|p2a: Godtana|Leaf Blade|p1a: Wormy\n|-resisted|p1a: Wormy\n|-damage|p1a: Wormy|84\/100\n|\n|upkeep\n|turn|13\n|\n|t:|1700436465\n|switch|p2a: Christran|Heatran, M|100\/100\n|move|p1a: Wormy|Metal Burst||[still]\n|-fail|p1a: Wormy\n|\n|upkeep\n|turn|14\n|\n|t:|1700436472\n|-terastallize|p1a: Wormy|Fire\n|move|p2a: Christran|Magma Storm|p1a: Wormy\n|-resisted|p1a: Wormy\n|-damage|p1a: Wormy|46\/100\n|-activate|p1a: Wormy|move: Magma Storm|[of] p2a: Christran\n|-enditem|p1a: Wormy|Sitrus Berry|[eat]\n|-heal|p1a: Wormy|71\/100|[from] item: Sitrus Berry\n|move|p1a: Wormy|Shed Tail|p1a: Wormy\n|-start|p1a: Wormy|Substitute|[from] move: Shed Tail\n|-end|p1a: Wormy|Magma Storm|[partiallytrapped]|[silent]\n|-damage|p1a: Wormy|21\/100\n|\n|t:|1700436486\n|switch|p1a: Enamorus|Enamorus, F|82\/100 tox|[from] Shed Tail\n|\n|-damage|p1a: Enamorus|76\/100 tox|[from] psn\n|upkeep\n|turn|15\n|\n|t:|1700436495\n|move|p1a: Enamorus|Earth Power|p2a: Christran\n|-supereffective|p2a: Christran\n|-damage|p2a: Christran|7\/100\n|move|p2a: Christran|Flash Cannon|p1a: Enamorus\n|-supereffective|p1a: Enamorus\n|-end|p1a: Enamorus|Substitute\n|\n|-damage|p1a: Enamorus|63\/100 tox|[from] psn\n|upkeep\n|turn|16\n|\n|t:|1700436507\n|switch|p2a: Puyolsire|Quagsire, M|13\/100\n|move|p1a: Enamorus|Earth Power|p2a: Puyolsire\n|-damage|p2a: Puyolsire|0 fnt\n|faint|p2a: Puyolsire\n|\n|-damage|p1a: Enamorus|44\/100 tox|[from] psn\n|upkeep\n|\n|t:|1700436511\n|switch|p2a: Godtana|Kartana|100\/100\n|turn|17\n|\n|t:|1700436531\n|switch|p1a: Groudon|Groudon-Primal|54\/100\n|-weather|DesolateLand|[from] ability: Desolate Land|[of] p1a: Groudon\n|move|p2a: Godtana|Smart Strike|p1a: Groudon\n|-resisted|p1a: Groudon\n|-damage|p1a: Groudon|38\/100\n|\n|-weather|DesolateLand|[upkeep]\n|upkeep\n|turn|18\n|\n|t:|1700436539\n|switch|p2a: Christran|Heatran, M|7\/100\n|move|p1a: Groudon|Rest|p1a: Groudon\n|-status|p1a: Groudon|slp|[from] move: Rest\n|-heal|p1a: Groudon|100\/100 slp|[silent]\n|\n|-weather|DesolateLand|[upkeep]\n|upkeep\n|turn|19\n|\n|t:|1700436547\n|cant|p1a: Groudon|slp\n|move|p1a: Groudon|Sleep Talk|p1a: Groudon\n|move|p1a: Groudon|Bulk Up|p1a: Groudon|[from]move: Sleep Talk\n|-boost|p1a: Groudon|atk|1\n|-boost|p1a: Groudon|def|1\n|move|p2a: Christran|Earth Power|p1a: Groudon\n|-supereffective|p1a: Groudon\n|-damage|p1a: Groudon|56\/100 slp\n|\n|-weather|DesolateLand|[upkeep]\n|upkeep\n|turn|20\n|\n|t:|1700436557\n|cant|p1a: Groudon|slp\n|move|p1a: Groudon|Sleep Talk|p1a: Groudon\n|move|p1a: Groudon|Rest||[from]move: Sleep Talk|[still]\n|-fail|p1a: Groudon\n|move|p2a: Christran|Earth Power|p1a: Groudon\n|-supereffective|p1a: Groudon\n|-damage|p1a: Groudon|14\/100 slp\n|\n|-weather|DesolateLand|[upkeep]\n|upkeep\n|turn|21\n|\n|t:|1700436568\n|-curestatus|p1a: Groudon|slp|[msg]\n|move|p1a: Groudon|Rest|p1a: Groudon\n|-status|p1a: Groudon|slp|[from] move: Rest\n|-heal|p1a: Groudon|100\/100 slp|[silent]\n|move|p2a: Christran|Power Gem|p1a: Groudon\n|-damage|p1a: Groudon|81\/100 slp\n|\n|-weather|DesolateLand|[upkeep]\n|upkeep\n|turn|22\n|\n|t:|1700436578\n|cant|p1a: Groudon|slp\n|move|p1a: Groudon|Sleep Talk|p1a: Groudon\n|move|p1a: Groudon|Bulk Up|p1a: Groudon|[from]move: Sleep Talk\n|-boost|p1a: Groudon|atk|1\n|-boost|p1a: Groudon|def|1\n|move|p2a: Christran|Earth Power|p1a: Groudon\n|-supereffective|p1a: Groudon\n|-damage|p1a: Groudon|33\/100 slp\n|\n|-weather|DesolateLand|[upkeep]\n|upkeep\n|turn|23\n|\n|t:|1700436590\n|cant|p1a: Groudon|slp\n|move|p1a: Groudon|Sleep Talk|p1a: Groudon\n|move|p1a: Groudon|Fire Punch|p2a: Christran|[from]move: Sleep Talk\n|-start|p2a: Christran|ability: Flash Fire\n|move|p2a: Christran|Earth Power|p1a: Groudon\n|-supereffective|p1a: Groudon\n|-damage|p1a: Groudon|0 fnt\n|faint|p1a: Groudon\n|-weather|none\n|\n|upkeep\n|\n|t:|1700436604\n|switch|p1a: Enamorus|Enamorus, F|44\/100 tox\n|turn|24\n|\n|t:|1700436617\n|move|p1a: Enamorus|Earth Power|p2a: Christran\n|-supereffective|p2a: Christran\n|-damage|p2a: Christran|0 fnt\n|faint|p2a: Christran\n|\n|-damage|p1a: Enamorus|38\/100 tox|[from] psn\n|upkeep\n|inactive|Mudseph03 has 120 seconds left.\n|\n|t:|1700436651\n|switch|p2a: Draga-sama|Dragapult, M|100\/100\n|turn|25\n|\n|t:|1700436674\n|switch|p2a: Saiko no Hero|Aegislash, M|73\/100\n|switch|p1a: Kyogre|Kyogre-Primal|76\/100 slp\n|-weather|PrimordialSea|[from] ability: Primordial Sea|[of] p1a: Kyogre\n|\n|-weather|PrimordialSea|[upkeep]\n|upkeep\n|turn|26\n|\n|t:|1700436684\n|-curestatus|p1a: Kyogre|slp|[msg]\n|move|p1a: Kyogre|Water Spout|p2a: Saiko no Hero\n|-damage|p2a: Saiko no Hero|0 fnt\n|faint|p2a: Saiko no Hero\n|\n|-weather|PrimordialSea|[upkeep]\n|upkeep\n|\n|t:|1700436690\n|switch|p2a: Godtana|Kartana|100\/100\n|turn|27\n|\n|t:|1700436698\n|-weather|none\n|switch|p1a: Wormy|Orthworm, M, tera:Fire|21\/100\n|move|p2a: Godtana|Leaf Blade|p1a: Wormy\n|-resisted|p1a: Wormy\n|-damage|p1a: Wormy|4\/100\n|\n|upkeep\n|turn|28\n|\n|t:|1700436708\n|move|p2a: Godtana|Leaf Blade|p1a: Wormy\n|-resisted|p1a: Wormy\n|-damage|p1a: Wormy|0 fnt\n|faint|p1a: Wormy\n|-ability|p2a: Godtana|Beast Boost|boost\n|-boost|p2a: Godtana|atk|1\n|\n|upkeep\n|\n|t:|1700436720\n|switch|p1a: Ditto|Ditto|100\/100\n|-transform|p1a: Ditto|p2a: Godtana|[from] ability: Imposter\n|turn|29\n|\n|t:|1700436732\n|switch|p2a: Draga-sama|Dragapult, M|100\/100\n|move|p1a: Ditto|Sacred Sword|p2a: Draga-sama\n|-immune|p2a: Draga-sama\n|\n|upkeep\n|turn|30\n|\n|t:|1700436740\n|switch|p1a: Snorlax|Snorlax, M|100\/100\n|move|p2a: Draga-sama|Will-O-Wisp|p1a: Snorlax\n|-status|p1a: Snorlax|brn\n|\n|-damage|p1a: Snorlax|94\/100 brn|[from] brn\n|upkeep\n|turn|31\n|\n|t:|1700436749\n|move|p2a: Draga-sama|U-turn|p1a: Snorlax\n|-damage|p1a: Snorlax|83\/100 brn\n|\n|t:|1700436752\n|switch|p2a: Godtana|Kartana|100\/100|[from] U-turn\n|move|p1a: Snorlax|Stockpile|p1a: Snorlax\n|-start|p1a: Snorlax|stockpile1\n|-boost|p1a: Snorlax|def|1\n|-boost|p1a: Snorlax|spd|1\n|\n|-heal|p1a: Snorlax|89\/100 brn|[from] item: Leftovers\n|-damage|p1a: Snorlax|83\/100 brn|[from] brn\n|upkeep\n|turn|32\n|\n|t:|1700436767\n|move|p2a: Godtana|Sacred Sword|p1a: Snorlax\n|-supereffective|p1a: Snorlax\n|-damage|p1a: Snorlax|28\/100 brn\n|move|p1a: Snorlax|Stockpile|p1a: Snorlax\n|-start|p1a: Snorlax|stockpile2\n|-boost|p1a: Snorlax|def|1\n|-boost|p1a: Snorlax|spd|1\n|\n|-heal|p1a: Snorlax|34\/100 brn|[from] item: Leftovers\n|-damage|p1a: Snorlax|28\/100 brn|[from] brn\n|upkeep\n|turn|33\n|\n|t:|1700436779\n|move|p2a: Godtana|Sacred Sword|p1a: Snorlax\n|-supereffective|p1a: Snorlax\n|-damage|p1a: Snorlax|0 fnt\n|faint|p1a: Snorlax\n|-ability|p2a: Godtana|Beast Boost|boost\n|-boost|p2a: Godtana|atk|1\n|\n|upkeep\n|\n|t:|1700436786\n|switch|p1a: Ditto|Ditto|100\/100\n|-transform|p1a: Ditto|p2a: Godtana|[from] ability: Imposter\n|turn|34\n|\n|t:|1700436804\n|move|p2a: Godtana|Sacred Sword|p1a: Ditto\n|-supereffective|p1a: Ditto\n|-damage|p1a: Ditto|0 fnt\n|faint|p1a: Ditto\n|-ability|p2a: Godtana|Beast Boost|boost\n|-boost|p2a: Godtana|atk|1\n|\n|upkeep\n|\n|t:|1700436812\n|switch|p1a: Enamorus|Enamorus, F|38\/100 tox\n|turn|35\n|\n|t:|1700436815\n|switch|p2a: Draga-sama|Dragapult, M|100\/100\n|move|p1a: Enamorus|Mystical Fire|p2a: Draga-sama\n|-resisted|p2a: Draga-sama\n|-damage|p2a: Draga-sama|75\/100\n|-unboost|p2a: Draga-sama|spa|1\n|\n|-damage|p1a: Enamorus|32\/100 tox|[from] psn\n|upkeep\n|turn|36\n|\n|t:|1700436825\n|switch|p1a: Kyogre|Kyogre-Primal|76\/100\n|-weather|PrimordialSea|[from] ability: Primordial Sea|[of] p1a: Kyogre\n|move|p2a: Draga-sama|Hex|p1a: Kyogre\n|-damage|p1a: Kyogre|63\/100\n|\n|-weather|PrimordialSea|[upkeep]\n|upkeep\n|turn|37\n|\n|t:|1700436832\n|move|p2a: Draga-sama|Draco Meteor|p1a: Kyogre\n|-damage|p1a: Kyogre|39\/100\n|-unboost|p2a: Draga-sama|spa|2\n|move|p1a: Kyogre|Water Spout|p2a: Draga-sama\n|-resisted|p2a: Draga-sama\n|-damage|p2a: Draga-sama|37\/100\n|\n|-weather|PrimordialSea|[upkeep]\n|upkeep\n|turn|38\n|\n|t:|1700436843\n|move|p2a: Draga-sama|Draco Meteor|p1a: Kyogre\n|-damage|p1a: Kyogre|27\/100\n|-unboost|p2a: Draga-sama|spa|2\n|move|p1a: Kyogre|Rest|p1a: Kyogre\n|-status|p1a: Kyogre|slp|[from] move: Rest\n|-heal|p1a: Kyogre|100\/100 slp|[silent]\n|\n|-weather|PrimordialSea|[upkeep]\n|upkeep\n|turn|39\n|\n|t:|1700436853\n|-weather|none\n|switch|p1a: Enamorus|Enamorus, F|32\/100 tox\n|move|p2a: Draga-sama|U-turn|p1a: Enamorus\n|-resisted|p1a: Enamorus\n|-damage|p1a: Enamorus|26\/100 tox\n|\n|t:|1700436860\n|switch|p2a: Godtana|Kartana|100\/100|[from] U-turn\n|\n|-damage|p1a: Enamorus|20\/100 tox|[from] psn\n|upkeep\n|turn|40\n|\n|t:|1700436867\n|switch|p2a: Draga-sama|Dragapult, M|37\/100\n|move|p1a: Enamorus|Mystical Fire|p2a: Draga-sama\n|-resisted|p2a: Draga-sama\n|-damage|p2a: Draga-sama|8\/100\n|-unboost|p2a: Draga-sama|spa|1\n|\n|-damage|p1a: Enamorus|7\/100 tox|[from] psn\n|upkeep\n|turn|41\n|\n|t:|1700436878\n|switch|p1a: Kyogre|Kyogre-Primal|100\/100 slp\n|-weather|PrimordialSea|[from] ability: Primordial Sea|[of] p1a: Kyogre\n|move|p2a: Draga-sama|U-turn|p1a: Kyogre\n|-crit|p1a: Kyogre\n|-damage|p1a: Kyogre|80\/100 slp\n|\n|t:|1700436884\n|switch|p2a: Godtana|Kartana|100\/100|[from] U-turn\n|\n|-weather|PrimordialSea|[upkeep]\n|upkeep\n|turn|42\n|\n|t:|1700436893\n|move|p2a: Godtana|Leaf Blade|p1a: Kyogre\n|-supereffective|p1a: Kyogre\n|-damage|p1a: Kyogre|0 fnt\n|faint|p1a: Kyogre\n|-weather|none\n|-ability|p2a: Godtana|Beast Boost|boost\n|-boost|p2a: Godtana|atk|1\n|\n|upkeep\n|c|\u2606Mudseph03|gg\n|-message|LittleTimmy2006 forfeited.\n|\n|win|Mudseph03\n|raw|LittleTimmy2006's rating: 1225 &rarr; <strong>1205<\/strong><br \/>(-20 for losing)\n|raw|Mudseph03's rating: 1302 &rarr; <strong>1318<\/strong><br \/>(+16 for winning)\n|l|\u2606LittleTimmy2006\n","uploadtime":1700436922,"views":10,"p1id":"littletimmy2006","p2id":"mudseph03","formatid":"gen9nationaldexubers","rating":1205,"private":0,"password":""}