{"id":"gen9nationaldexubers-1986731471","p1":"potential paradox","p2":"flamingwrench11234","format":"[Gen 9] National Dex Ubers","log":"|j|\u2606potential paradox\n|j|\u2606flamingwrench11234\n|t:|1699515876\n|gametype|singles\n|player|p1|potential paradox|ingo|1499\n|player|p2|flamingwrench11234|101|1605\n|teamsize|p1|6\n|teamsize|p2|6\n|gen|9\n|tier|[Gen 9] National Dex Ubers\n|rated|\n|rule|HP Percentage Mod: HP is shown in percentages\n|rule|Endless Battle Clause: Forcing endless battles is banned\n|rule|OHKO Clause: OHKO moves are banned\n|rule|Evasion Moves Clause: Evasion moves are banned\n|rule|Evasion Items Clause: Evasion items are banned\n|rule|Species Clause: Limit one of each Pok\u00e9mon\n|rule|Sleep Clause Mod: Limit one foe put to sleep\n|rule|Mega Rayquaza Clause: You cannot mega evolve Rayquaza\n|clearpoke\n|poke|p1|Groudon|\n|poke|p1|Metagross|\n|poke|p1|Xerneas-*|\n|poke|p1|Kingambit, F|\n|poke|p1|Glimmora, F|\n|poke|p1|Giratina-Origin|\n|poke|p2|Gothitelle, F|\n|poke|p2|Xerneas-*|\n|poke|p2|Groudon, L99|\n|poke|p2|Ho-Oh|\n|poke|p2|Marshadow|\n|poke|p2|Arceus-Ground|\n|teampreview\n|c|\u2606potential paradox|lvl 99 groudon is smart\n|\n|t:|1699515938\n|start\n|switch|p1a: Glimmora|Glimmora, F|100\/100\n|switch|p2a: Arceus|Arceus-Ground|100\/100\n|turn|1\n|\n|t:|1699515943\n|move|p2a: Arceus|Judgment|p1a: Glimmora\n|-supereffective|p1a: Glimmora\n|-crit|p1a: Glimmora\n|-enditem|p1a: Glimmora|Focus Sash\n|-damage|p1a: Glimmora|1\/100\n|move|p1a: Glimmora|Toxic|p2a: Arceus\n|-status|p2a: Arceus|tox\n|\n|-damage|p2a: Arceus|94\/100 tox|[from] psn\n|upkeep\n|turn|2\n|\n|t:|1699515952\n|switch|p2a: Marshadow|Marshadow|100\/100\n|switch|p1a: Giratina|Giratina-Origin|100\/100\n|\n|upkeep\n|turn|3\n|\n|t:|1699515964\n|move|p2a: Marshadow|Spectral Thief|p1a: Giratina\n|-supereffective|p1a: Giratina\n|-damage|p1a: Giratina|10\/100\n|move|p1a: Giratina|Will-O-Wisp|p2a: Marshadow\n|-status|p2a: Marshadow|brn\n|\n|-damage|p2a: Marshadow|94\/100 brn|[from] brn\n|upkeep\n|turn|4\n|\n|t:|1699515969\n|switch|p1a: Glimmora|Glimmora, F|1\/100\n|move|p2a: Marshadow|Spectral Thief|p1a: Glimmora\n|-damage|p1a: Glimmora|0 fnt\n|-activate|p1a: Glimmora|ability: Toxic Debris\n|-sidestart|p2: flamingwrench11234|move: Toxic Spikes\n|faint|p1a: Glimmora\n|\n|-damage|p2a: Marshadow|88\/100 brn|[from] brn\n|upkeep\n|\n|t:|1699515979\n|switch|p1a: Groudon|Groudon|100\/100\n|detailschange|p1a: Groudon|Groudon-Primal\n|-primal|p1a: Groudon|Red Orb\n|-weather|DesolateLand|[from] ability: Desolate Land|[of] p1a: Groudon\n|turn|5\n|\n|t:|1699515981\n|move|p2a: Marshadow|Spectral Thief|p1a: Groudon\n|-damage|p1a: Groudon|79\/100\n|move|p1a: Groudon|Heat Crash|p2a: Marshadow\n|-damage|p2a: Marshadow|0 fnt\n|faint|p2a: Marshadow\n|\n|-weather|DesolateLand|[upkeep]\n|upkeep\n|\n|t:|1699515988\n|switch|p2a: Arceus|Arceus-Ground|94\/100 tox\n|turn|6\n|\n|t:|1699516001\n|-weather|none\n|switch|p1a: Xerneas|Xerneas|100\/100\n|-ability|p1a: Xerneas|Fairy Aura\n|move|p2a: Arceus|Judgment|p1a: Xerneas\n|-damage|p1a: Xerneas|53\/100\n|\n|-damage|p2a: Arceus|88\/100 tox|[from] psn\n|upkeep\n|turn|7\n|\n|t:|1699516004\n|move|p2a: Arceus|Taunt|p1a: Xerneas\n|-start|p1a: Xerneas|move: Taunt\n|cant|p1a: Xerneas|move: Taunt|Geomancy\n|\n|-damage|p2a: Arceus|76\/100 tox|[from] psn\n|upkeep\n|turn|8\n|\n|t:|1699516008\n|move|p2a: Arceus|Judgment|p1a: Xerneas\n|-damage|p1a: Xerneas|9\/100\n|move|p1a: Xerneas|Moonblast|p2a: Arceus\n|-damage|p2a: Arceus|17\/100 tox\n|-unboost|p2a: Arceus|spa|1\n|\n|-damage|p2a: Arceus|0 fnt|[from] psn\n|faint|p2a: Arceus\n|upkeep\n|\n|t:|1699516015\n|switch|p2a: Toxic Flamethrower|Ho-Oh|100\/100\n|turn|9\n|\n|t:|1699516032\n|move|p1a: Xerneas|Thunder|p2a: Toxic Flamethrower|[miss]\n|-miss|p1a: Xerneas|p2a: Toxic Flamethrower\n|move|p2a: Toxic Flamethrower|Sacred Fire|p1a: Xerneas|[miss]\n|-miss|p2a: Toxic Flamethrower|p1a: Xerneas\n|\n|-end|p1a: Xerneas|move: Taunt\n|upkeep\n|turn|10\n|\n|t:|1699516037\n|switch|p1a: Groudon|Groudon-Primal|79\/100\n|-weather|DesolateLand|[from] ability: Desolate Land|[of] p1a: Groudon\n|move|p2a: Toxic Flamethrower|Defog|p1a: Groudon\n|-unboost|p1a: Groudon|evasion|1\n|-sideend|p2: flamingwrench11234|Toxic Spikes|[from] move: Defog|[of] p2a: Toxic Flamethrower\n|\n|-weather|DesolateLand|[upkeep]\n|upkeep\n|turn|11\n|\n|t:|1699516042\n|switch|p2a: Volcanic dude|Groudon, L99, shiny|100\/100\n|detailschange|p2a: Volcanic dude|Groudon-Primal, L99, shiny\n|-primal|p2a: Volcanic dude|Red Orb\n|move|p1a: Groudon|Stone Edge|p2a: Volcanic dude\n|-damage|p2a: Volcanic dude|77\/100\n|\n|-weather|DesolateLand|[upkeep]\n|upkeep\n|turn|12\n|\n|t:|1699516059\n|move|p1a: Groudon|Earthquake|p2a: Volcanic dude\n|-supereffective|p2a: Volcanic dude\n|-damage|p2a: Volcanic dude|3\/100\n|move|p2a: Volcanic dude|Stealth Rock|p1a: Groudon\n|-sidestart|p1: potential paradox|move: Stealth Rock\n|\n|-weather|DesolateLand|[upkeep]\n|upkeep\n|turn|13\n|\n|t:|1699516064\n|move|p1a: Groudon|Heat Crash|p2a: Volcanic dude\n|-resisted|p2a: Volcanic dude\n|-damage|p2a: Volcanic dude|0 fnt\n|faint|p2a: Volcanic dude\n|\n|-weather|DesolateLand|[upkeep]\n|upkeep\n|\n|t:|1699516067\n|switch|p2a: Gothitelle|Gothitelle, F|100\/100\n|turn|14\n|\n|t:|1699516078\n|move|p1a: Groudon|Heat Crash|p2a: Gothitelle\n|-damage|p2a: Gothitelle|4\/100\n|move|p2a: Gothitelle|Charm|p1a: Groudon\n|-unboost|p1a: Groudon|atk|2\n|\n|-weather|DesolateLand|[upkeep]\n|upkeep\n|turn|15\n|\n|t:|1699516082\n|move|p1a: Groudon|Heat Crash|p2a: Gothitelle\n|-damage|p2a: Gothitelle|0 fnt\n|faint|p2a: Gothitelle\n|\n|-weather|DesolateLand|[upkeep]\n|upkeep\n|\n|t:|1699516083\n|switch|p2a: Xerneas|Xerneas|100\/100\n|-ability|p2a: Xerneas|Fairy Aura\n|turn|16\n|\n|t:|1699516088\n|-weather|none\n|switch|p1a: Giratina|Giratina-Origin|10\/100\n|-damage|p1a: Giratina|0 fnt|[from] Stealth Rock\n|faint|p1a: Giratina\n|move|p2a: Xerneas|Geomancy||[still]\n|-prepare|p2a: Xerneas|Geomancy\n|-enditem|p2a: Xerneas|Power Herb\n|-anim|p2a: Xerneas|Geomancy|p2a: Xerneas\n|-boost|p2a: Xerneas|spa|2\n|-boost|p2a: Xerneas|spd|2\n|-boost|p2a: Xerneas|spe|2\n|\n|upkeep\n|\n|t:|1699516093\n|switch|p1a: Metagross|Metagross|100\/100\n|-damage|p1a: Metagross|95\/100|[from] Stealth Rock\n|turn|17\n|\n|t:|1699516097\n|detailschange|p1a: Metagross|Metagross-Mega\n|-mega|p1a: Metagross|Metagross|Metagrossite\n|-terastallize|p2a: Xerneas|Electric\n|move|p2a: Xerneas|Thunder|p1a: Metagross\n|-damage|p1a: Metagross|0 fnt\n|faint|p1a: Metagross\n|\n|upkeep\n|\n|t:|1699516108\n|switch|p1a: Kingambit|Kingambit, F|100\/100\n|-damage|p1a: Kingambit|94\/100|[from] Stealth Rock\n|-activate|p1a: Kingambit|ability: Supreme Overlord\n|-start|p1a: Kingambit|fallen3|[silent]\n|-item|p1a: Kingambit|Air Balloon\n|turn|18\n|\n|t:|1699516112\n|move|p2a: Xerneas|Substitute|p2a: Xerneas\n|-start|p2a: Xerneas|Substitute\n|-damage|p2a: Xerneas|76\/100\n|move|p1a: Kingambit|Iron Head|p2a: Xerneas\n|-resisted|p2a: Xerneas\n|-crit|p2a: Xerneas\n|-end|p2a: Xerneas|Substitute\n|\n|upkeep\n|turn|19\n|\n|t:|1699516115\n|move|p2a: Xerneas|Moonblast|p1a: Kingambit\n|-damage|p1a: Kingambit|0 fnt\n|-enditem|p1a: Kingambit|Air Balloon\n|faint|p1a: Kingambit\n|-end|p1a: Kingambit|fallen3|[silent]\n|\n|upkeep\n|\n|t:|1699516119\n|switch|p1a: Groudon|Groudon-Primal|79\/100\n|-damage|p1a: Groudon|66\/100|[from] Stealth Rock\n|-weather|DesolateLand|[from] ability: Desolate Land|[of] p1a: Groudon\n|turn|20\n|\n|t:|1699516123\n|move|p2a: Xerneas|Moonblast|p1a: Groudon\n|-resisted|p1a: Groudon\n|-damage|p1a: Groudon|0 fnt\n|faint|p1a: Groudon\n|-weather|none\n|\n|upkeep\n|\n|t:|1699516126\n|switch|p1a: Xerneas|Xerneas|9\/100\n|-damage|p1a: Xerneas|0 fnt|[from] Stealth Rock\n|faint|p1a: Xerneas\n|\n|win|flamingwrench11234\n|raw|potential paradox's rating: 1499 &rarr; <strong>1485<\/strong><br \/>(-14 for losing)\n|raw|flamingwrench11234's rating: 1605 &rarr; <strong>1619<\/strong><br \/>(+14 for winning)\n|l|\u2606potential paradox\n|l|\u2606flamingwrench11234\n","uploadtime":1699516172,"views":5,"p1id":"potentialparadox","p2id":"flamingwrench11234","formatid":"gen9nationaldexubers","rating":1485,"private":0,"password":""}