{"id":"gen9nationaldexubers-1992655538","p1":"haha Kayla la","p2":"WishesArePure","format":"[Gen 9] National Dex Ubers","log":"|j|\u2606haha Kayla la\n|j|\u2606WishesArePure\n|t:|1700221132\n|gametype|singles\n|player|p1|haha Kayla la|n|1000\n|player|p2|WishesArePure|whitney|1067\n|teamsize|p1|6\n|teamsize|p2|6\n|gen|9\n|tier|[Gen 9] National Dex Ubers\n|rated|\n|rule|HP Percentage Mod: HP is shown in percentages\n|rule|Endless Battle Clause: Forcing endless battles is banned\n|rule|OHKO Clause: OHKO moves are banned\n|rule|Evasion Moves Clause: Evasion moves are banned\n|rule|Evasion Items Clause: Evasion items are banned\n|rule|Species Clause: Limit one of each Pok\u00e9mon\n|rule|Sleep Clause Mod: Limit one foe put to sleep\n|rule|Mega Rayquaza Clause: You cannot mega evolve Rayquaza\n|clearpoke\n|poke|p1|Chi-Yu|\n|poke|p1|Wo-Chien|\n|poke|p1|Chien-Pao|\n|poke|p1|Ting-Lu|\n|poke|p1|Smeargle, F|\n|poke|p1|Basculegion, M|\n|poke|p2|Lucario, M|\n|poke|p2|Lunala|\n|poke|p2|Breloom, F|\n|poke|p2|Goodra-Hisui, M|\n|poke|p2|Sylveon, F|\n|poke|p2|Yveltal|\n|teampreview\n|c|\u2606WishesArePure|joaa\n|c|\u2606WishesArePure|hiaa*\n|c|\u2606WishesArePure|gl hf\n|inactive|Battle timer is ON: inactive players will automatically lose when time's up. (requested by WishesArePure)\n|\n|t:|1700221148\n|start\n|switch|p1a: Sussy|Smeargle, F|100\/100\n|switch|p2a: Sylveon|Sylveon, F, shiny|100\/100\n|turn|1\n|\n|t:|1700221157\n|switch|p2a: Breloom|Breloom, F|100\/100\n|move|p1a: Sussy|Sticky Web|p2a: Breloom\n|-sidestart|p2: WishesArePure|move: Sticky Web\n|\n|-ability|p1a: Sussy|Moody|boost\n|-boost|p1a: Sussy|spe|2\n|-unboost|p1a: Sussy|spa|1\n|-status|p2a: Breloom|tox|[from] item: Toxic Orb\n|upkeep\n|turn|2\n|\n|t:|1700221176\n|move|p1a: Sussy|Spikes|p2a: Breloom\n|-sidestart|p2: WishesArePure|Spikes\n|move|p2a: Breloom|Swords Dance|p2a: Breloom\n|-boost|p2a: Breloom|atk|2\n|\n|-ability|p1a: Sussy|Moody|boost\n|-boost|p1a: Sussy|def|2\n|-unboost|p1a: Sussy|atk|1\n|upkeep\n|turn|3\n|\n|t:|1700221183\n|move|p1a: Sussy|Spikes|p2a: Breloom\n|-sidestart|p2: WishesArePure|Spikes\n|move|p2a: Breloom|Spore|p1a: Sussy\n|-status|p1a: Sussy|slp|[from] move: Spore\n|\n|-ability|p1a: Sussy|Moody|boost\n|-boost|p1a: Sussy|def|2\n|-unboost|p1a: Sussy|spa|1\n|upkeep\n|turn|4\n|\n|t:|1700221188\n|cant|p1a: Sussy|slp\n|move|p2a: Breloom|Swords Dance|p2a: Breloom\n|-boost|p2a: Breloom|atk|2\n|\n|-ability|p1a: Sussy|Moody|boost\n|-boost|p1a: Sussy|atk|2\n|-unboost|p1a: Sussy|spa|1\n|upkeep\n|turn|5\n|\n|t:|1700221192\n|cant|p1a: Sussy|slp\n|move|p2a: Breloom|Swords Dance|p2a: Breloom\n|-boost|p2a: Breloom|atk|2\n|\n|-ability|p1a: Sussy|Moody|boost\n|-boost|p1a: Sussy|spd|2\n|-unboost|p1a: Sussy|spe|1\n|upkeep\n|turn|6\n|\n|t:|1700221196\n|cant|p1a: Sussy|slp\n|move|p2a: Breloom|Drain Punch|p1a: Sussy\n|-supereffective|p1a: Sussy\n|-enditem|p1a: Sussy|Focus Sash\n|-damage|p1a: Sussy|1\/100 slp\n|\n|-ability|p1a: Sussy|Moody|boost\n|-boost|p1a: Sussy|spe|2\n|-unboost|p1a: Sussy|spd|1\n|upkeep\n|turn|7\n|\n|t:|1700221202\n|move|p2a: Breloom|Mach Punch|p1a: Sussy\n|-supereffective|p1a: Sussy\n|-damage|p1a: Sussy|0 fnt\n|faint|p1a: Sussy\n|\n|upkeep\n|\n|t:|1700221205\n|switch|p1a: Chien-Pao|Chien-Pao|100\/100\n|-ability|p1a: Chien-Pao|Sword of Ruin\n|turn|8\n|\n|t:|1700221212\n|move|p1a: Chien-Pao|Ice Shard|p2a: Breloom\n|-supereffective|p2a: Breloom\n|-damage|p2a: Breloom|6\/100 tox\n|move|p2a: Breloom|Mach Punch|p1a: Chien-Pao\n|-supereffective|p1a: Chien-Pao\n|-damage|p1a: Chien-Pao|0 fnt\n|faint|p1a: Chien-Pao\n|\n|-heal|p2a: Breloom|18\/100 tox|[from] ability: Poison Heal\n|upkeep\n|\n|t:|1700221227\n|switch|p1a: Plzletmewin<3|Basculegion, M, shiny|100\/100\n|turn|9\n|\n|t:|1700221236\n|move|p1a: Plzletmewin<3|Last Respects|p2a: Breloom\n|-damage|p2a: Breloom|0 fnt\n|faint|p2a: Breloom\n|\n|upkeep\n|\n|t:|1700221248\n|switch|p2a: Goodra|Goodra-Hisui, M|100\/100\n|-activate|p2a: Goodra|move: Sticky Web\n|-unboost|p2a: Goodra|spe|1\n|-damage|p2a: Goodra|84\/100|[from] Spikes\n|turn|10\n|\n|t:|1700221261\n|switch|p1a: Ting-Lu|Ting-Lu|100\/100\n|-ability|p1a: Ting-Lu|Vessel of Ruin\n|move|p2a: Goodra|Draco Meteor|p1a: Ting-Lu\n|-damage|p1a: Ting-Lu|62\/100\n|-unboost|p2a: Goodra|spa|2\n|\n|-heal|p1a: Ting-Lu|68\/100|[from] item: Leftovers\n|upkeep\n|turn|11\n|\n|t:|1700221274\n|switch|p2a: Yveltal|Yveltal|100\/100\n|-ability|p2a: Yveltal|Dark Aura\n|move|p1a: Ting-Lu|Whirlwind|p2a: Yveltal\n|drag|p2a: Paw|Lucario, M, shiny|100\/100\n|-activate|p2a: Paw|move: Sticky Web\n|-unboost|p2a: Paw|spe|1\n|-damage|p2a: Paw|84\/100|[from] Spikes\n|\n|-heal|p1a: Ting-Lu|74\/100|[from] item: Leftovers\n|upkeep\n|turn|12\n|\n|t:|1700221286\n|detailschange|p2a: Paw|Lucario-Mega, M, shiny\n|-mega|p2a: Paw|Lucario|Lucarionite\n|move|p2a: Paw|Close Combat|p1a: Ting-Lu\n|-supereffective|p1a: Ting-Lu\n|-damage|p1a: Ting-Lu|0 fnt\n|-unboost|p2a: Paw|def|1\n|-unboost|p2a: Paw|spd|1\n|faint|p1a: Ting-Lu\n|\n|upkeep\n|\n|t:|1700221294\n|switch|p1a: Chi-Yu|Chi-Yu|100\/100\n|-ability|p1a: Chi-Yu|Beads of Ruin\n|turn|13\n|\n|t:|1700221300\n|move|p2a: Paw|Bullet Punch|p1a: Chi-Yu\n|-resisted|p1a: Chi-Yu\n|-damage|p1a: Chi-Yu|74\/100\n|move|p1a: Chi-Yu|Flamethrower|p2a: Paw\n|-supereffective|p2a: Paw\n|-damage|p2a: Paw|0 fnt\n|faint|p2a: Paw\n|\n|upkeep\n|\n|t:|1700221319\n|switch|p2a: Goodra|Goodra-Hisui, M|84\/100\n|-activate|p2a: Goodra|move: Sticky Web\n|-unboost|p2a: Goodra|spe|1\n|-damage|p2a: Goodra|68\/100|[from] Spikes\n|turn|14\n|\n|t:|1700221338\n|switch|p1a: Wo-Chien|Wo-Chien|100\/100\n|-ability|p1a: Wo-Chien|Tablets of Ruin\n|move|p2a: Goodra|Draco Meteor|p1a: Wo-Chien\n|-damage|p1a: Wo-Chien|63\/100\n|-unboost|p2a: Goodra|spa|2\n|\n|-heal|p1a: Wo-Chien|69\/100|[from] item: Leftovers\n|upkeep\n|turn|15\n|\n|t:|1700221351\n|move|p1a: Wo-Chien|Leech Seed|p2a: Goodra\n|-start|p2a: Goodra|move: Leech Seed\n|move|p2a: Goodra|Flamethrower|p1a: Wo-Chien\n|-supereffective|p1a: Wo-Chien\n|-damage|p1a: Wo-Chien|53\/100\n|\n|-heal|p1a: Wo-Chien|59\/100|[from] item: Leftovers\n|-damage|p2a: Goodra|55\/100|[from] Leech Seed|[of] p1a: Wo-Chien\n|-heal|p1a: Wo-Chien|71\/100|[silent]\n|upkeep\n|turn|16\n|\n|t:|1700221362\n|switch|p2a: Lunala|Lunala|100\/100\n|-activate|p2a: Lunala|move: Sticky Web\n|-unboost|p2a: Lunala|spe|1\n|-damage|p2a: Lunala|84\/100|[from] Spikes\n|move|p1a: Wo-Chien|Leech Seed|p2a: Lunala\n|-start|p2a: Lunala|move: Leech Seed\n|\n|-heal|p1a: Wo-Chien|77\/100|[from] item: Leftovers\n|-damage|p2a: Lunala|72\/100|[from] Leech Seed|[of] p1a: Wo-Chien\n|-heal|p1a: Wo-Chien|91\/100|[silent]\n|upkeep\n|turn|17\n|\n|t:|1700221375\n|move|p2a: Lunala|Meteor Beam||[still]\n|-prepare|p2a: Lunala|Meteor Beam\n|-boost|p2a: Lunala|spa|1\n|-enditem|p2a: Lunala|Power Herb\n|-anim|p2a: Lunala|Meteor Beam|p1a: Wo-Chien\n|-damage|p1a: Wo-Chien|58\/100\n|move|p1a: Wo-Chien|Dark Pulse|p2a: Lunala\n|-supereffective|p2a: Lunala\n|-damage|p2a: Lunala|0 fnt\n|faint|p2a: Lunala\n|\n|-heal|p1a: Wo-Chien|64\/100|[from] item: Leftovers\n|upkeep\n|c|\u2606WishesArePure|that pokemon is so tanky wyf\n|c|\u2606WishesArePure|this gen sucks\n|inactive|WishesArePure has 120 seconds left.\n|\n|t:|1700221407\n|switch|p2a: Sylveon|Sylveon, F, shiny|100\/100\n|-activate|p2a: Sylveon|move: Sticky Web\n|-unboost|p2a: Sylveon|spe|1\n|-damage|p2a: Sylveon|84\/100|[from] Spikes\n|turn|18\n|inactive|WishesArePure has 120 seconds left.\n|\n|t:|1700221421\n|-terastallize|p2a: Sylveon|Fire\n|move|p1a: Wo-Chien|Protect|p1a: Wo-Chien\n|-singleturn|p1a: Wo-Chien|Protect\n|move|p2a: Sylveon|Tera Blast|p1a: Wo-Chien|[anim] Tera Blast Fire\n|-activate|p1a: Wo-Chien|move: Protect\n|\n|-heal|p1a: Wo-Chien|70\/100|[from] item: Leftovers\n|-heal|p2a: Sylveon|90\/100|[from] item: Leftovers\n|upkeep\n|turn|19\n|inactive|WishesArePure has 120 seconds left.\n|\n|t:|1700221447\n|switch|p1a: Chi-Yu|Chi-Yu|74\/100\n|-ability|p1a: Chi-Yu|Beads of Ruin\n|move|p2a: Sylveon|Hyper Voice|p1a: Chi-Yu\n|-damage|p1a: Chi-Yu|16\/100\n|\n|-heal|p2a: Sylveon|96\/100|[from] item: Leftovers\n|upkeep\n|turn|20\n|inactive|WishesArePure has 120 seconds left.\n|\n|t:|1700221457\n|move|p1a: Chi-Yu|Dark Pulse|p2a: Sylveon\n|-damage|p2a: Sylveon|54\/100\n|cant|p2a: Sylveon|flinch\n|\n|-heal|p2a: Sylveon|60\/100|[from] item: Leftovers\n|upkeep\n|turn|21\n|\n|t:|1700221461\n|move|p1a: Chi-Yu|Dark Pulse|p2a: Sylveon\n|-damage|p2a: Sylveon|19\/100\n|move|p2a: Sylveon|Hyper Voice|p1a: Chi-Yu\n|-damage|p1a: Chi-Yu|0 fnt\n|faint|p1a: Chi-Yu\n|\n|-heal|p2a: Sylveon|25\/100|[from] item: Leftovers\n|upkeep\n|\n|t:|1700221472\n|switch|p1a: Wo-Chien|Wo-Chien|70\/100\n|-ability|p1a: Wo-Chien|Tablets of Ruin\n|turn|22\n|\n|t:|1700221477\n|-terastallize|p1a: Wo-Chien|Ghost\n|move|p1a: Wo-Chien|Leech Seed|p2a: Sylveon\n|-start|p2a: Sylveon|move: Leech Seed\n|move|p2a: Sylveon|Hyper Voice|p1a: Wo-Chien\n|-damage|p1a: Wo-Chien|41\/100\n|\n|-heal|p1a: Wo-Chien|47\/100|[from] item: Leftovers\n|-heal|p2a: Sylveon|31\/100|[from] item: Leftovers\n|-damage|p2a: Sylveon|19\/100|[from] Leech Seed|[of] p1a: Wo-Chien\n|-heal|p1a: Wo-Chien|60\/100|[silent]\n|upkeep\n|turn|23\n|\n|t:|1700221486\n|move|p1a: Wo-Chien|Protect|p1a: Wo-Chien\n|-singleturn|p1a: Wo-Chien|Protect\n|move|p2a: Sylveon|Shadow Ball|p1a: Wo-Chien\n|-activate|p1a: Wo-Chien|move: Protect\n|\n|-heal|p1a: Wo-Chien|67\/100|[from] item: Leftovers\n|-heal|p2a: Sylveon|25\/100|[from] item: Leftovers\n|-damage|p2a: Sylveon|13\/100|[from] Leech Seed|[of] p1a: Wo-Chien\n|-heal|p1a: Wo-Chien|80\/100|[silent]\n|upkeep\n|turn|24\n|\n|t:|1700221489\n|move|p1a: Wo-Chien|Giga Drain|p2a: Sylveon\n|-resisted|p2a: Sylveon\n|-damage|p2a: Sylveon|4\/100\n|-heal|p1a: Wo-Chien|84\/100|[from] drain|[of] p2a: Sylveon\n|move|p2a: Sylveon|Shadow Ball|p1a: Wo-Chien\n|-supereffective|p1a: Wo-Chien\n|-damage|p1a: Wo-Chien|57\/100\n|\n|-heal|p1a: Wo-Chien|63\/100|[from] item: Leftovers\n|-heal|p2a: Sylveon|10\/100|[from] item: Leftovers\n|-damage|p2a: Sylveon|0 fnt|[from] Leech Seed|[of] p1a: Wo-Chien\n|-heal|p1a: Wo-Chien|73\/100|[silent]\n|faint|p2a: Sylveon\n|upkeep\n|\n|t:|1700221500\n|switch|p2a: Goodra|Goodra-Hisui, M|55\/100\n|-activate|p2a: Goodra|move: Sticky Web\n|-unboost|p2a: Goodra|spe|1\n|-damage|p2a: Goodra|39\/100|[from] Spikes\n|turn|25\n|\n|t:|1700221505\n|move|p1a: Wo-Chien|Leech Seed|p2a: Goodra\n|-start|p2a: Goodra|move: Leech Seed\n|move|p2a: Goodra|Draco Meteor|p1a: Wo-Chien\n|-damage|p1a: Wo-Chien|37\/100\n|-unboost|p2a: Goodra|spa|2\n|\n|-heal|p1a: Wo-Chien|43\/100|[from] item: Leftovers\n|-damage|p2a: Goodra|26\/100|[from] Leech Seed|[of] p1a: Wo-Chien\n|-heal|p1a: Wo-Chien|55\/100|[silent]\n|upkeep\n|turn|26\n|\n|t:|1700221511\n|switch|p2a: Yveltal|Yveltal|100\/100\n|-ability|p2a: Yveltal|Dark Aura\n|move|p1a: Wo-Chien|Giga Drain|p2a: Yveltal\n|-resisted|p2a: Yveltal\n|-damage|p2a: Yveltal|89\/100\n|-heal|p1a: Wo-Chien|61\/100|[from] drain|[of] p2a: Yveltal\n|\n|-heal|p1a: Wo-Chien|67\/100|[from] item: Leftovers\n|upkeep\n|turn|27\n|\n|t:|1700221519\n|move|p2a: Yveltal|Taunt|p1a: Wo-Chien\n|-start|p1a: Wo-Chien|move: Taunt\n|cant|p1a: Wo-Chien|move: Taunt|Leech Seed\n|\n|-heal|p1a: Wo-Chien|73\/100|[from] item: Leftovers\n|upkeep\n|turn|28\n|\n|t:|1700221524\n|move|p2a: Yveltal|Dark Pulse|p1a: Wo-Chien\n|-supereffective|p1a: Wo-Chien\n|-damage|p1a: Wo-Chien|0 fnt\n|faint|p1a: Wo-Chien\n|-damage|p2a: Yveltal|79\/100|[from] item: Life Orb\n|\n|upkeep\n|\n|t:|1700221527\n|switch|p1a: Plzletmewin<3|Basculegion, M, shiny|100\/100\n|turn|29\n|\n|t:|1700221534\n|move|p2a: Yveltal|Sucker Punch|p1a: Plzletmewin<3\n|-supereffective|p1a: Plzletmewin<3\n|-damage|p1a: Plzletmewin<3|0 fnt\n|faint|p1a: Plzletmewin<3\n|-damage|p2a: Yveltal|69\/100|[from] item: Life Orb\n|\n|win|WishesArePure\n|raw|haha Kayla la's rating: 1000 &rarr; <strong>1000<\/strong><br \/>(+0 for losing)\n|raw|WishesArePure's rating: 1067 &rarr; <strong>1091<\/strong><br \/>(+24 for winning)\n|l|\u2606haha Kayla la\n|c|\u2606WishesArePure|gg\n","uploadtime":1700221547,"views":8,"p1id":"hahakaylala","p2id":"wishesarepure","formatid":"gen9nationaldexubers","rating":1000,"private":0,"password":""}