{"id":"gen9nationaldexubers-1990164758","p1":"NeviLow","p2":"alcatel999","format":"[Gen 9] National Dex Ubers","log":"|j|\u2606NeviLow\n|j|\u2606alcatel999\n|t:|1699931738\n|gametype|singles\n|player|p1|NeviLow|veteran|\n|player|p2|alcatel999|rocketgrunt|\n|teamsize|p1|6\n|teamsize|p2|6\n|gen|9\n|tier|[Gen 9] National Dex Ubers\n|rule|HP Percentage Mod: HP is shown in percentages\n|rule|Endless Battle Clause: Forcing endless battles is banned\n|rule|OHKO Clause: OHKO moves are banned\n|rule|Evasion Moves Clause: Evasion moves are banned\n|rule|Evasion Items Clause: Evasion items are banned\n|rule|Species Clause: Limit one of each Pok\u00e9mon\n|rule|Sleep Clause Mod: Limit one foe put to sleep\n|rule|Mega Rayquaza Clause: You cannot mega evolve Rayquaza\n|clearpoke\n|poke|p1|Tyranitar, M|\n|poke|p1|Hippowdon, F|\n|poke|p1|Ferrothorn, F|\n|poke|p1|Excadrill, M|\n|poke|p1|Lycanroc-Dusk, M|\n|poke|p1|Houndstone, F|\n|poke|p2|Altaria, F|\n|poke|p2|Sylveon, M|\n|poke|p2|Clefable, M|\n|poke|p2|Azumarill, F|\n|poke|p2|Enamorus, F|\n|poke|p2|Tapu Koko|\n|teampreview\n|c|\u2606alcatel999|GL HF\n|\n|t:|1699931753\n|start\n|switch|p1a: Ferrothorn|Ferrothorn, F|100\/100\n|switch|p2a: HuevoKinder|Azumarill, F|100\/100\n|turn|1\n|\n|t:|1699931766\n|switch|p2a: ChikiBaby|Enamorus, F|100\/100\n|move|p1a: Ferrothorn|Leech Seed|p2a: ChikiBaby\n|-start|p2a: ChikiBaby|move: Leech Seed\n|\n|-damage|p2a: ChikiBaby|88\/100|[from] Leech Seed|[of] p1a: Ferrothorn\n|upkeep\n|turn|2\n|j| Dio_Brando275\n|\n|t:|1699931774\n|move|p2a: ChikiBaby|Mystical Fire|p1a: Ferrothorn\n|-supereffective|p1a: Ferrothorn\n|-damage|p1a: Ferrothorn|0 fnt\n|faint|p1a: Ferrothorn\n|\n|upkeep\n|\n|t:|1699931783\n|switch|p1a: Tyranitar|Tyranitar, M|100\/100\n|-weather|Sandstorm|[from] ability: Sand Stream|[of] p1a: Tyranitar\n|turn|3\n|c| Dio_Brando275|Te voy a ser sincero baki\n|\n|t:|1699931794\n|switch|p2a: RellenitoDeAmor|Clefable, M|100\/100\n|detailschange|p1a: Tyranitar|Tyranitar-Mega, M\n|-mega|p1a: Tyranitar|Tyranitar|Tyranitarite\n|move|p1a: Tyranitar|Thunder Punch|p2a: RellenitoDeAmor\n|-damage|p2a: RellenitoDeAmor|77\/100\n|\n|-weather|Sandstorm|[upkeep]\n|upkeep\n|turn|4\n|\n|t:|1699931804\n|switch|p1a: Excadrill|Excadrill, M|100\/100\n|move|p2a: RellenitoDeAmor|Calm Mind|p2a: RellenitoDeAmor\n|-boost|p2a: RellenitoDeAmor|spa|1\n|-boost|p2a: RellenitoDeAmor|spd|1\n|\n|-weather|Sandstorm|[upkeep]\n|upkeep\n|turn|5\n|c| Dio_Brando275|El diavlo\n|\n|t:|1699931814\n|move|p1a: Excadrill|Iron Head|p2a: RellenitoDeAmor\n|-supereffective|p2a: RellenitoDeAmor\n|-damage|p2a: RellenitoDeAmor|0 fnt\n|faint|p2a: RellenitoDeAmor\n|\n|-weather|Sandstorm|[upkeep]\n|upkeep\n|\n|t:|1699931826\n|switch|p2a: HuevoKinder|Azumarill, F|100\/100\n|turn|6\n|\n|t:|1699931831\n|switch|p1a: Tyranitar|Tyranitar-Mega, M|100\/100\n|-terastallize|p2a: HuevoKinder|Water\n|move|p2a: HuevoKinder|Belly Drum|p2a: HuevoKinder\n|-damage|p2a: HuevoKinder|50\/100\n|-setboost|p2a: HuevoKinder|atk|6|[from] move: Belly Drum\n|-enditem|p2a: HuevoKinder|Sitrus Berry|[eat]\n|-heal|p2a: HuevoKinder|75\/100|[from] item: Sitrus Berry\n|\n|-weather|Sandstorm|[upkeep]\n|-damage|p2a: HuevoKinder|69\/100|[from] Sandstorm\n|upkeep\n|turn|7\n|c|\u2606alcatel999|Diavlos\n|\n|t:|1699931845\n|move|p2a: HuevoKinder|Aqua Jet|p1a: Tyranitar\n|-supereffective|p1a: Tyranitar\n|-damage|p1a: Tyranitar|0 fnt\n|faint|p1a: Tyranitar\n|\n|-weather|none\n|upkeep\n|c| Dio_Brando275|Ese compa\n|\n|t:|1699931852\n|switch|p1a: Hippowdon|Hippowdon, F|100\/100\n|-weather|Sandstorm|[from] ability: Sand Stream|[of] p1a: Hippowdon\n|turn|8\n|c| Dio_Brando275|Ya esta muerto\n|c|\u2606alcatel999|1700 atk tiene la madre esta\n|\n|t:|1699931870\n|-terastallize|p1a: Hippowdon|Steel\n|move|p2a: HuevoKinder|Aqua Jet|p1a: Hippowdon\n|-damage|p1a: Hippowdon|0 fnt\n|faint|p1a: Hippowdon\n|\n|-weather|Sandstorm|[upkeep]\n|-damage|p2a: HuevoKinder|63\/100|[from] Sandstorm\n|upkeep\n|\n|t:|1699931879\n|switch|p1a: Lycanroc|Lycanroc-Dusk, M|100\/100\n|turn|9\n|\n|t:|1699931884\n|move|p2a: HuevoKinder|Aqua Jet|p1a: Lycanroc\n|-supereffective|p1a: Lycanroc\n|-damage|p1a: Lycanroc|0 fnt\n|faint|p1a: Lycanroc\n|\n|-weather|Sandstorm|[upkeep]\n|-damage|p2a: HuevoKinder|57\/100|[from] Sandstorm\n|upkeep\n|c| Dio_Brando275|El conejo se puso maquiavelico\n|l| Dio_Brando275\n|\n|t:|1699931911\n|switch|p1a: Houndstone|Houndstone, F|100\/100\n|turn|10\n|\n|t:|1699931915\n|move|p2a: HuevoKinder|Aqua Jet|p1a: Houndstone\n|-damage|p1a: Houndstone|0 fnt\n|faint|p1a: Houndstone\n|\n|-weather|Sandstorm|[upkeep]\n|-damage|p2a: HuevoKinder|51\/100|[from] Sandstorm\n|upkeep\n|\n|t:|1699931922\n|switch|p1a: Excadrill|Excadrill, M|100\/100\n|turn|11\n|\n|t:|1699931926\n|move|p2a: HuevoKinder|Aqua Jet|p1a: Excadrill\n|-supereffective|p1a: Excadrill\n|-damage|p1a: Excadrill|0 fnt\n|faint|p1a: Excadrill\n|\n|win|alcatel999\n|c|\u2606alcatel999|Gg\n","uploadtime":1699931933,"views":9,"p1id":"nevilow","p2id":"alcatel999","formatid":"gen9nationaldexubers","rating":0,"private":0,"password":""}