{"id":"gen9nationaldexubers-1978338417","p1":"fenix_argo","p2":"Angel Karma","format":"[Gen 9] National Dex Ubers","log":"|j|\u2606fenix_argo\n|j|\u2606Angel Karma\n|t:|1698526796\n|gametype|singles\n|player|p1|fenix_argo|hugh|1267\n|player|p2|Angel Karma|unknown|1364\n|teamsize|p1|6\n|teamsize|p2|6\n|gen|9\n|tier|[Gen 9] National Dex Ubers\n|rated|\n|rule|HP Percentage Mod: HP is shown in percentages\n|rule|Endless Battle Clause: Forcing endless battles is banned\n|rule|OHKO Clause: OHKO moves are banned\n|rule|Evasion Moves Clause: Evasion moves are banned\n|rule|Evasion Items Clause: Evasion items are banned\n|rule|Species Clause: Limit one of each Pok\u00e9mon\n|rule|Sleep Clause Mod: Limit one foe put to sleep\n|rule|Mega Rayquaza Clause: You cannot mega evolve Rayquaza\n|clearpoke\n|poke|p1|Kartana|\n|poke|p1|Dragapult, F|\n|poke|p1|Garganacl, F|\n|poke|p1|Tapu Koko|\n|poke|p1|Mewtwo|\n|poke|p1|Volcarona, F|\n|poke|p2|Haxorus, F|\n|poke|p2|Groudon|\n|poke|p2|Skarmory, F|\n|poke|p2|Yveltal|\n|poke|p2|Flutter Mane|\n|poke|p2|Lucario, F|\n|teampreview\n|\n|t:|1698526822\n|start\n|switch|p1a: Dragapult|Dragapult, F|100\/100\n|switch|p2a: Yveltal|Yveltal|100\/100\n|-ability|p2a: Yveltal|Dark Aura\n|turn|1\n|\n|t:|1698526843\n|switch|p2a: Groudon|Groudon, shiny|100\/100\n|detailschange|p2a: Groudon|Groudon-Primal, shiny\n|-primal|p2a: Groudon|Red Orb\n|-weather|DesolateLand|[from] ability: Desolate Land|[of] p2a: Groudon\n|switch|p1a: Garganacl|Garganacl, F|100\/100\n|\n|-weather|DesolateLand|[upkeep]\n|upkeep\n|turn|2\n|\n|t:|1698526866\n|-terastallize|p1a: Garganacl|Water\n|move|p2a: Groudon|Precipice Blades|p1a: Garganacl\n|-damage|p1a: Garganacl|41\/100\n|move|p1a: Garganacl|Iron Defense|p1a: Garganacl\n|-boost|p1a: Garganacl|def|2\n|\n|-weather|DesolateLand|[upkeep]\n|-heal|p1a: Garganacl|47\/100|[from] item: Leftovers\n|upkeep\n|turn|3\n|\n|t:|1698526877\n|move|p2a: Groudon|Swords Dance|p2a: Groudon\n|-boost|p2a: Groudon|atk|2\n|move|p1a: Garganacl|Recover|p1a: Garganacl\n|-heal|p1a: Garganacl|97\/100\n|\n|-weather|DesolateLand|[upkeep]\n|-heal|p1a: Garganacl|100\/100|[from] item: Leftovers\n|upkeep\n|turn|4\n|\n|t:|1698526889\n|move|p2a: Groudon|Swords Dance|p2a: Groudon\n|-boost|p2a: Groudon|atk|2\n|move|p1a: Garganacl|Iron Defense|p1a: Garganacl\n|-boost|p1a: Garganacl|def|2\n|\n|-weather|DesolateLand|[upkeep]\n|upkeep\n|turn|5\n|\n|t:|1698526898\n|move|p2a: Groudon|Precipice Blades|p1a: Garganacl\n|-damage|p1a: Garganacl|38\/100\n|move|p1a: Garganacl|Body Press|p2a: Groudon\n|-damage|p2a: Groudon|56\/100\n|\n|-weather|DesolateLand|[upkeep]\n|-heal|p1a: Garganacl|44\/100|[from] item: Leftovers\n|upkeep\n|turn|6\n|\n|t:|1698526909\n|move|p2a: Groudon|Precipice Blades|p1a: Garganacl\n|-damage|p1a: Garganacl|0 fnt\n|faint|p1a: Garganacl\n|\n|-weather|DesolateLand|[upkeep]\n|upkeep\n|\n|t:|1698526928\n|switch|p1a: Mewtwo|Mewtwo|100\/100\n|-ability|p1a: Mewtwo|Unnerve\n|turn|7\n|\n|t:|1698526934\n|-weather|none\n|switch|p2a: Yveltal|Yveltal|100\/100\n|-ability|p2a: Yveltal|Dark Aura\n|detailschange|p1a: Mewtwo|Mewtwo-Mega-Y\n|-mega|p1a: Mewtwo|Mewtwo|Mewtwonite Y\n|move|p1a: Mewtwo|Earth Power|p2a: Yveltal\n|-immune|p2a: Yveltal\n|\n|upkeep\n|turn|8\n|\n|t:|1698526960\n|move|p2a: Yveltal|Heat Wave|p1a: Mewtwo|[miss]\n|-miss|p2a: Yveltal|p1a: Mewtwo\n|move|p1a: Mewtwo|Ice Beam|p2a: Yveltal\n|-supereffective|p2a: Yveltal\n|-damage|p2a: Yveltal|28\/100\n|\n|upkeep\n|turn|9\n|\n|t:|1698526969\n|switch|p2a: Groudon|Groudon-Primal, shiny|56\/100\n|-weather|DesolateLand|[from] ability: Desolate Land|[of] p2a: Groudon\n|move|p1a: Mewtwo|Ice Beam|p2a: Groudon\n|-damage|p2a: Groudon|9\/100\n|\n|-weather|DesolateLand|[upkeep]\n|upkeep\n|turn|10\n|\n|t:|1698526983\n|move|p1a: Mewtwo|Ice Beam|p2a: Groudon\n|-damage|p2a: Groudon|0 fnt\n|faint|p2a: Groudon\n|-weather|none\n|\n|upkeep\n|\n|t:|1698526988\n|switch|p2a: Haxorus|Haxorus, F|100\/100\n|-ability|p2a: Haxorus|Mold Breaker\n|turn|11\n|\n|t:|1698526994\n|-terastallize|p2a: Haxorus|Steel\n|move|p1a: Mewtwo|Ice Beam|p2a: Haxorus\n|-resisted|p2a: Haxorus\n|-damage|p2a: Haxorus|67\/100\n|-status|p2a: Haxorus|frz\n|cant|p2a: Haxorus|frz\n|\n|upkeep\n|turn|12\n|\n|t:|1698527006\n|switch|p2a: Flutter Mane|Flutter Mane|100\/100\n|move|p1a: Mewtwo|Ice Beam|p2a: Flutter Mane\n|-damage|p2a: Flutter Mane|60\/100\n|\n|upkeep\n|turn|13\n|\n|t:|1698527032\n|switch|p1a: Tapu Koko|Tapu Koko|100\/100\n|-fieldstart|move: Electric Terrain|[from] ability: Electric Surge|[of] p1a: Tapu Koko\n|move|p2a: Flutter Mane|Thunder Wave|p1a: Tapu Koko|[miss]\n|-miss|p2a: Flutter Mane|p1a: Tapu Koko\n|\n|upkeep\n|turn|14\n|\n|t:|1698527054\n|move|p2a: Flutter Mane|Moonblast|p1a: Tapu Koko\n|-damage|p1a: Tapu Koko|26\/100\n|move|p1a: Tapu Koko|Thunderbolt|p2a: Flutter Mane\n|-damage|p2a: Flutter Mane|4\/100\n|\n|upkeep\n|turn|15\n|\n|t:|1698527074\n|move|p2a: Flutter Mane|Moonblast|p1a: Tapu Koko\n|-damage|p1a: Tapu Koko|0 fnt\n|faint|p1a: Tapu Koko\n|\n|upkeep\n|\n|t:|1698527077\n|switch|p1a: Dragapult|Dragapult, F|100\/100\n|turn|16\n|\n|t:|1698527083\n|move|p1a: Dragapult|Sucker Punch||[still]\n|-fail|p1a: Dragapult\n|move|p2a: Flutter Mane|Thunder Wave|p1a: Dragapult\n|-status|p1a: Dragapult|par\n|\n|upkeep\n|turn|17\n|\n|t:|1698527094\n|-end|p2a: Flutter Mane|Protosynthesis|[silent]\n|switch|p2a: Skarmory|Skarmory, F|100\/100\n|cant|p1a: Dragapult|par\n|\n|-fieldend|move: Electric Terrain\n|upkeep\n|turn|18\n|\n|t:|1698527104\n|move|p2a: Skarmory|Swords Dance|p2a: Skarmory\n|-boost|p2a: Skarmory|atk|2\n|move|p1a: Dragapult|Phantom Force||[still]\n|-prepare|p1a: Dragapult|Phantom Force\n|\n|upkeep\n|turn|19\n|\n|t:|1698527115\n|move|p2a: Skarmory|Swords Dance|p2a: Skarmory\n|-boost|p2a: Skarmory|atk|2\n|move|p1a: Dragapult|Phantom Force|p2a: Skarmory|[from]lockedmove\n|-damage|p2a: Skarmory|51\/100\n|-ability|p2a: Skarmory|Weak Armor|boost\n|-unboost|p2a: Skarmory|def|1\n|-boost|p2a: Skarmory|spe|2\n|-damage|p1a: Dragapult|91\/100 par|[from] item: Life Orb\n|\n|upkeep\n|turn|20\n|\n|t:|1698527131\n|switch|p1a: Kartana|Kartana|100\/100\n|move|p2a: Skarmory|Drill Peck|p1a: Kartana\n|-damage|p1a: Kartana|14\/100\n|\n|upkeep\n|turn|21\n|\n|t:|1698527140\n|move|p2a: Skarmory|Drill Peck|p1a: Kartana\n|-damage|p1a: Kartana|0 fnt\n|faint|p1a: Kartana\n|\n|upkeep\n|\n|t:|1698527174\n|switch|p1a: Mewtwo|Mewtwo-Mega-Y|100\/100\n|turn|22\n|\n|t:|1698527179\n|move|p2a: Skarmory|Drill Peck|p1a: Mewtwo\n|-damage|p1a: Mewtwo|0 fnt\n|faint|p1a: Mewtwo\n|\n|upkeep\n|\n|t:|1698527182\n|switch|p1a: Dragapult|Dragapult, F|91\/100 par\n|turn|23\n|\n|t:|1698527192\n|move|p1a: Dragapult|Sucker Punch|p2a: Skarmory\n|-damage|p2a: Skarmory|13\/100\n|-ability|p2a: Skarmory|Weak Armor|boost\n|-unboost|p2a: Skarmory|def|1\n|-boost|p2a: Skarmory|spe|2\n|-damage|p1a: Dragapult|81\/100 par|[from] item: Life Orb\n|move|p2a: Skarmory|Drill Peck|p1a: Dragapult\n|-damage|p1a: Dragapult|0 fnt\n|faint|p1a: Dragapult\n|\n|upkeep\n|\n|t:|1698527200\n|switch|p1a: Volcarona|Volcarona, F|100\/100\n|turn|24\n|\n|t:|1698527206\n|move|p2a: Skarmory|Drill Peck|p1a: Volcarona\n|-supereffective|p1a: Volcarona\n|-damage|p1a: Volcarona|0 fnt\n|faint|p1a: Volcarona\n|\n|win|Angel Karma\n|raw|fenix_argo's rating: 1267 &rarr; <strong>1249<\/strong><br \/>(-18 for losing)\n|raw|Angel Karma's rating: 1364 &rarr; <strong>1379<\/strong><br \/>(+15 for winning)\n|l|\u2606fenix_argo\n","uploadtime":1698527224,"views":6,"p1id":"fenixargo","p2id":"angelkarma","formatid":"gen9nationaldexubers","rating":1249,"private":0,"password":""}