{"id":"gen9nationaldexubers-1986791603","p1":"Gicky","p2":"fwefgewgewf","format":"[Gen 9] National Dex Ubers","log":"|j|\u2606Gicky\n|j|\u2606fwefgewgewf\n|t:|1699525866\n|gametype|singles\n|player|p1|Gicky|roxie|1148\n|player|p2|fwefgewgewf|170|1082\n|teamsize|p1|6\n|teamsize|p2|6\n|gen|9\n|tier|[Gen 9] National Dex Ubers\n|rated|\n|rule|HP Percentage Mod: HP is shown in percentages\n|rule|Endless Battle Clause: Forcing endless battles is banned\n|rule|OHKO Clause: OHKO moves are banned\n|rule|Evasion Moves Clause: Evasion moves are banned\n|rule|Evasion Items Clause: Evasion items are banned\n|rule|Species Clause: Limit one of each Pok\u00e9mon\n|rule|Sleep Clause Mod: Limit one foe put to sleep\n|rule|Mega Rayquaza Clause: You cannot mega evolve Rayquaza\n|clearpoke\n|poke|p1|Tyranitar, M|\n|poke|p1|Kecleon, F|\n|poke|p1|Houndstone, F|\n|poke|p1|Hippowdon, F|\n|poke|p1|Hatterene, F|\n|poke|p1|Primarina, F|\n|poke|p2|Shuckle, F|\n|poke|p2|Basculegion, M|\n|poke|p2|Salamence, F|\n|poke|p2|Kyogre|\n|poke|p2|Xerneas-*|\n|poke|p2|Marshadow|\n|teampreview\n|\n|t:|1699525883\n|start\n|switch|p1a: Hatterene|Hatterene, F|100\/100\n|switch|p2a: Shuckle|Shuckle, F|100\/100\n|turn|1\n|\n|t:|1699525890\n|move|p1a: Hatterene|Calm Mind|p1a: Hatterene\n|-boost|p1a: Hatterene|spa|1\n|-boost|p1a: Hatterene|spd|1\n|move|p2a: Shuckle|Infestation|p1a: Hatterene\n|-damage|p1a: Hatterene|99\/100\n|-activate|p1a: Hatterene|move: Infestation|[of] p2a: Shuckle\n|\n|-heal|p1a: Hatterene|100\/100|[from] item: Leftovers\n|-damage|p1a: Hatterene|88\/100|[from] move: Infestation|[partiallytrapped]\n|upkeep\n|turn|2\n|\n|t:|1699525895\n|switch|p2a: Marshadow|Marshadow|100\/100\n|move|p1a: Hatterene|Calm Mind|p1a: Hatterene\n|-boost|p1a: Hatterene|spa|1\n|-boost|p1a: Hatterene|spd|1\n|\n|-heal|p1a: Hatterene|94\/100|[from] item: Leftovers\n|-end|p1a: Hatterene|Infestation|[partiallytrapped]|[silent]\n|upkeep\n|turn|3\n|\n|t:|1699525902\n|switch|p1a: Hippowdon|Hippowdon, F|100\/100\n|-weather|Sandstorm|[from] ability: Sand Stream|[of] p1a: Hippowdon\n|move|p2a: Marshadow|Spectral Thief|p1a: Hippowdon\n|-damage|p1a: Hippowdon|76\/100\n|\n|-weather|Sandstorm|[upkeep]\n|-damage|p2a: Marshadow|94\/100|[from] Sandstorm\n|-heal|p1a: Hippowdon|82\/100|[from] item: Leftovers\n|upkeep\n|turn|4\n|\n|t:|1699525911\n|switch|p2a: Shuckle|Shuckle, F|100\/100\n|move|p1a: Hippowdon|Yawn|p2a: Shuckle\n|-start|p2a: Shuckle|move: Yawn|[of] p1a: Hippowdon\n|\n|-weather|Sandstorm|[upkeep]\n|-heal|p1a: Hippowdon|89\/100|[from] item: Leftovers\n|upkeep\n|turn|5\n|\n|t:|1699525920\n|switch|p1a: Hatterene|Hatterene, F|94\/100\n|switch|p2a: Salamence|Salamence, F|100\/100\n|-ability|p2a: Salamence|Intimidate|boost\n|-unboost|p1a: Hatterene|atk|1\n|\n|-weather|Sandstorm|[upkeep]\n|-damage|p2a: Salamence|94\/100|[from] Sandstorm\n|-damage|p1a: Hatterene|88\/100|[from] Sandstorm\n|-heal|p1a: Hatterene|94\/100|[from] item: Leftovers\n|upkeep\n|turn|6\n|\n|t:|1699525926\n|detailschange|p2a: Salamence|Salamence-Mega, F\n|-mega|p2a: Salamence|Salamence|Salamencite\n|move|p2a: Salamence|Dragon Dance|p2a: Salamence\n|-boost|p2a: Salamence|atk|1\n|-boost|p2a: Salamence|spe|1\n|move|p1a: Hatterene|Trick Room|p1a: Hatterene\n|-fieldstart|move: Trick Room|[of] p1a: Hatterene\n|\n|-weather|Sandstorm|[upkeep]\n|-damage|p1a: Hatterene|88\/100|[from] Sandstorm\n|-damage|p2a: Salamence|88\/100|[from] Sandstorm\n|-heal|p1a: Hatterene|94\/100|[from] item: Leftovers\n|upkeep\n|turn|7\n|\n|t:|1699525937\n|move|p1a: Hatterene|Draining Kiss|p2a: Salamence\n|-supereffective|p2a: Salamence\n|-damage|p2a: Salamence|30\/100\n|-heal|p1a: Hatterene|100\/100|[from] drain|[of] p2a: Salamence\n|move|p2a: Salamence|Return|p1a: Hatterene\n|-damage|p1a: Hatterene|0 fnt\n|faint|p1a: Hatterene\n|\n|-weather|none\n|upkeep\n|\n|t:|1699525945\n|switch|p1a: Primarina|Primarina, F|100\/100\n|turn|8\n|\n|t:|1699525950\n|switch|p2a: Shuckle|Shuckle, F|100\/100\n|move|p1a: Primarina|Ice Beam|p2a: Shuckle\n|-damage|p2a: Shuckle|77\/100\n|-damage|p1a: Primarina|90\/100|[from] item: Life Orb\n|\n|upkeep\n|turn|9\n|\n|t:|1699525966\n|switch|p1a: Hippowdon|Hippowdon, F|89\/100\n|-weather|Sandstorm|[from] ability: Sand Stream|[of] p1a: Hippowdon\n|move|p2a: Shuckle|Stealth Rock|p1a: Hippowdon\n|-sidestart|p1: Gicky|move: Stealth Rock\n|\n|-weather|Sandstorm|[upkeep]\n|-heal|p1a: Hippowdon|95\/100|[from] item: Leftovers\n|upkeep\n|turn|10\n|c|\u2606Gicky|shit spamer\n|\n|t:|1699525981\n|move|p2a: Shuckle|Encore||[still]\n|-fail|p2a: Shuckle\n|move|p1a: Hippowdon|Yawn|p2a: Shuckle\n|-start|p2a: Shuckle|move: Yawn|[of] p1a: Hippowdon\n|\n|-weather|Sandstorm|[upkeep]\n|-heal|p1a: Hippowdon|100\/100|[from] item: Leftovers\n|-fieldend|move: Trick Room\n|upkeep\n|turn|11\n|\n|t:|1699525995\n|switch|p1a: Kecleon|Kecleon, F|100\/100\n|-damage|p1a: Kecleon|88\/100|[from] Stealth Rock\n|switch|p2a: Salamence|Salamence-Mega, F|30\/100\n|\n|-weather|Sandstorm|[upkeep]\n|-damage|p2a: Salamence|24\/100|[from] Sandstorm\n|-damage|p1a: Kecleon|82\/100|[from] Sandstorm\n|upkeep\n|turn|12\n|\n|t:|1699525999\n|move|p1a: Kecleon|Sucker Punch|p2a: Salamence\n|-start|p1a: Kecleon|typechange|Dark|[from] ability: Protean\n|-damage|p2a: Salamence|0 fnt\n|faint|p2a: Salamence\n|\n|-weather|Sandstorm|[upkeep]\n|-damage|p1a: Kecleon|77\/100|[from] Sandstorm\n|upkeep\n|\n|t:|1699526104\n|switch|p2a: Shuckle|Shuckle, F|77\/100\n|turn|13\n|\n|t:|1699526119\n|move|p1a: Kecleon|Drain Punch|p2a: Shuckle\n|-crit|p2a: Shuckle\n|-damage|p2a: Shuckle|55\/100\n|-heal|p1a: Kecleon|86\/100|[from] drain|[of] p2a: Shuckle\n|move|p2a: Shuckle|Infestation|p1a: Kecleon\n|-supereffective|p1a: Kecleon\n|-damage|p1a: Kecleon|83\/100\n|-activate|p1a: Kecleon|move: Infestation|[of] p2a: Shuckle\n|\n|-weather|none\n|-damage|p1a: Kecleon|71\/100|[from] move: Infestation|[partiallytrapped]\n|upkeep\n|turn|14\n|\n|t:|1699526126\n|move|p1a: Kecleon|Drain Punch|p2a: Shuckle\n|-damage|p2a: Shuckle|40\/100\n|-heal|p1a: Kecleon|78\/100|[from] drain|[of] p2a: Shuckle\n|move|p2a: Shuckle|Encore|p1a: Kecleon\n|-start|p1a: Kecleon|Encore\n|\n|-damage|p1a: Kecleon|66\/100|[from] move: Infestation|[partiallytrapped]\n|upkeep\n|turn|15\n|\n|t:|1699526129\n|switch|p2a: Marshadow|Marshadow|94\/100\n|move|p1a: Kecleon|Drain Punch|p2a: Marshadow\n|-immune|p2a: Marshadow\n|\n|-end|p1a: Kecleon|Infestation|[partiallytrapped]|[silent]\n|upkeep\n|turn|16\n|\n|t:|1699526136\n|switch|p1a: Primarina|Primarina, F|90\/100\n|-damage|p1a: Primarina|78\/100|[from] Stealth Rock\n|move|p2a: Marshadow|Close Combat|p1a: Primarina\n|-resisted|p1a: Primarina\n|-damage|p1a: Primarina|37\/100\n|-unboost|p2a: Marshadow|def|1\n|-unboost|p2a: Marshadow|spd|1\n|\n|upkeep\n|turn|17\n|\n|t:|1699526147\n|move|p2a: Marshadow|Spectral Thief|p1a: Primarina\n|-damage|p1a: Primarina|0 fnt\n|faint|p1a: Primarina\n|\n|upkeep\n|\n|t:|1699526170\n|switch|p1a: Kecleon|Kecleon, F|66\/100\n|-damage|p1a: Kecleon|54\/100|[from] Stealth Rock\n|turn|18\n|\n|t:|1699526186\n|switch|p2a: Shuckle|Shuckle, F|40\/100\n|move|p1a: Kecleon|Sucker Punch||[still]\n|-fail|p1a: Kecleon\n|\n|upkeep\n|turn|19\n|\n|t:|1699526230\n|move|p1a: Kecleon|Drain Punch|p2a: Shuckle\n|-start|p1a: Kecleon|typechange|Fighting|[from] ability: Protean\n|-damage|p2a: Shuckle|16\/100\n|-heal|p1a: Kecleon|64\/100|[from] drain|[of] p2a: Shuckle\n|move|p2a: Shuckle|Encore|p1a: Kecleon\n|-start|p1a: Kecleon|Encore\n|\n|upkeep\n|turn|20\n|\n|t:|1699526235\n|switch|p2a: Marshadow|Marshadow|94\/100\n|move|p1a: Kecleon|Drain Punch|p2a: Marshadow\n|-immune|p2a: Marshadow\n|\n|upkeep\n|turn|21\n|\n|t:|1699526240\n|switch|p1a: Hippowdon|Hippowdon, F|100\/100\n|-damage|p1a: Hippowdon|94\/100|[from] Stealth Rock\n|-weather|Sandstorm|[from] ability: Sand Stream|[of] p1a: Hippowdon\n|move|p2a: Marshadow|Spectral Thief|p1a: Hippowdon\n|-damage|p1a: Hippowdon|71\/100\n|\n|-weather|Sandstorm|[upkeep]\n|-damage|p2a: Marshadow|88\/100|[from] Sandstorm\n|-heal|p1a: Hippowdon|77\/100|[from] item: Leftovers\n|upkeep\n|turn|22\n|\n|t:|1699526245\n|switch|p2a: Shuckle|Shuckle, F|16\/100\n|move|p1a: Hippowdon|Earthquake|p2a: Shuckle\n|-damage|p2a: Shuckle|0 fnt\n|faint|p2a: Shuckle\n|\n|-weather|Sandstorm|[upkeep]\n|-heal|p1a: Hippowdon|83\/100|[from] item: Leftovers\n|upkeep\n|\n|t:|1699526250\n|switch|p2a: Kyogre|Kyogre|100\/100\n|-weather|RainDance|[from] ability: Drizzle|[of] p2a: Kyogre\n|turn|23\n|\n|t:|1699526254\n|switch|p1a: Kecleon|Kecleon, F|64\/100\n|-damage|p1a: Kecleon|52\/100|[from] Stealth Rock\n|move|p2a: Kyogre|Water Spout|p1a: Kecleon\n|-damage|p1a: Kecleon|0 fnt\n|faint|p1a: Kecleon\n|\n|-weather|RainDance|[upkeep]\n|upkeep\n|\n|t:|1699526264\n|switch|p1a: Hippowdon|Hippowdon, F|83\/100\n|-damage|p1a: Hippowdon|77\/100|[from] Stealth Rock\n|-weather|Sandstorm|[from] ability: Sand Stream|[of] p1a: Hippowdon\n|turn|24\n|\n|t:|1699526276\n|switch|p2a: Xerneas|Xerneas|100\/100\n|-ability|p2a: Xerneas|Fairy Aura\n|move|p1a: Hippowdon|Yawn|p2a: Xerneas\n|-start|p2a: Xerneas|move: Yawn|[of] p1a: Hippowdon\n|\n|-weather|Sandstorm|[upkeep]\n|-damage|p2a: Xerneas|94\/100|[from] Sandstorm\n|-heal|p1a: Hippowdon|83\/100|[from] item: Leftovers\n|upkeep\n|turn|25\n|\n|t:|1699526288\n|move|p2a: Xerneas|Grass Knot|p1a: Hippowdon\n|-supereffective|p1a: Hippowdon\n|-damage|p1a: Hippowdon|0 fnt\n|faint|p1a: Hippowdon\n|\n|-weather|Sandstorm|[upkeep]\n|-damage|p2a: Xerneas|88\/100|[from] Sandstorm\n|-end|p2a: Xerneas|move: Yawn|[silent]\n|-status|p2a: Xerneas|slp\n|upkeep\n|\n|t:|1699526292\n|switch|p1a: Houndstone|Houndstone, F|100\/100\n|-damage|p1a: Houndstone|88\/100|[from] Stealth Rock\n|turn|26\n|\n|t:|1699526299\n|-terastallize|p1a: Houndstone|Ghost\n|move|p1a: Houndstone|Last Respects|p2a: Xerneas\n|-damage|p2a: Xerneas|0 fnt\n|faint|p2a: Xerneas\n|\n|-weather|Sandstorm|[upkeep]\n|upkeep\n|\n|t:|1699526305\n|switch|p2a: Kyogre|Kyogre|100\/100\n|-weather|RainDance|[from] ability: Drizzle|[of] p2a: Kyogre\n|turn|27\n|\n|t:|1699526308\n|switch|p1a: Tyranitar|Tyranitar, M|100\/100\n|-damage|p1a: Tyranitar|88\/100|[from] Stealth Rock\n|-weather|Sandstorm|[from] ability: Sand Stream|[of] p1a: Tyranitar\n|move|p2a: Kyogre|Water Spout|p1a: Tyranitar\n|-supereffective|p1a: Tyranitar\n|-damage|p1a: Tyranitar|11\/100\n|\n|-weather|Sandstorm|[upkeep]\n|-damage|p2a: Kyogre|94\/100|[from] Sandstorm\n|upkeep\n|turn|28\n|\n|t:|1699526312\n|move|p2a: Kyogre|Water Spout|p1a: Tyranitar\n|-supereffective|p1a: Tyranitar\n|-damage|p1a: Tyranitar|0 fnt\n|faint|p1a: Tyranitar\n|\n|-weather|Sandstorm|[upkeep]\n|-damage|p2a: Kyogre|88\/100|[from] Sandstorm\n|upkeep\n|\n|t:|1699526314\n|switch|p1a: Houndstone|Houndstone, F, tera:Ghost|88\/100\n|-damage|p1a: Houndstone|76\/100|[from] Stealth Rock\n|turn|29\n|\n|t:|1699526317\n|switch|p2a: Marshadow|Marshadow|88\/100\n|move|p1a: Houndstone|Last Respects|p2a: Marshadow\n|-supereffective|p2a: Marshadow\n|-damage|p2a: Marshadow|0 fnt\n|faint|p2a: Marshadow\n|\n|-weather|Sandstorm|[upkeep]\n|upkeep\n|\n|t:|1699526319\n|switch|p2a: Kyogre|Kyogre|88\/100\n|-weather|RainDance|[from] ability: Drizzle|[of] p2a: Kyogre\n|turn|30\n|\n|t:|1699526323\n|move|p2a: Kyogre|Water Spout|p1a: Houndstone\n|-damage|p1a: Houndstone|0 fnt\n|faint|p1a: Houndstone\n|\n|win|fwefgewgewf\n|raw|Gicky's rating: 1148 &rarr; <strong>1118<\/strong><br \/>(-30 for losing)\n|raw|fwefgewgewf's rating: 1082 &rarr; <strong>1115<\/strong><br \/>(+33 for winning)\n","uploadtime":1699526020,"views":5,"p1id":"gicky","p2id":"fwefgewgewf","formatid":"gen9nationaldexubers","rating":1115,"private":0,"password":""}