{"id":"gen9nationaldexubers-1986075029","p1":"EvilQueen438","p2":"Rhyfinn sr.","format":"[Gen 9] National Dex Ubers","log":"|j|\u203dEvilQueen438\n|j|\u2606Rhyfinn sr.\n|t:|1699447201\n|gametype|singles\n|player|p1|EvilQueen438|silver|1103\n|player|p2|Rhyfinn sr.|alder|1000\n|teamsize|p1|6\n|teamsize|p2|6\n|gen|9\n|tier|[Gen 9] National Dex Ubers\n|rated|\n|rule|HP Percentage Mod: HP is shown in percentages\n|rule|Endless Battle Clause: Forcing endless battles is banned\n|rule|OHKO Clause: OHKO moves are banned\n|rule|Evasion Moves Clause: Evasion moves are banned\n|rule|Evasion Items Clause: Evasion items are banned\n|rule|Species Clause: Limit one of each Pok\u00e9mon\n|rule|Sleep Clause Mod: Limit one foe put to sleep\n|rule|Mega Rayquaza Clause: You cannot mega evolve Rayquaza\n|clearpoke\n|poke|p1|Maushold-Four|\n|poke|p1|Mimikyu, F|\n|poke|p1|Landorus, M|\n|poke|p1|Tyranitar, M|\n|poke|p1|Tropius, M|\n|poke|p1|Marshadow|\n|poke|p2|Groudon|\n|poke|p2|Ho-Oh|\n|poke|p2|Xerneas-*|\n|poke|p2|Marshadow|\n|poke|p2|Urshifu-*, F|\n|poke|p2|Necrozma-Dusk-Mane|\n|teampreview\n|inactive|Battle timer is ON: inactive players will automatically lose when time's up. (requested by Rhyfinn sr.)\n|\n|t:|1699447213\n|start\n|switch|p1a: Maushold|Maushold-Four|100\/100\n|switch|p2a: Urshifu|Urshifu, F|100\/100\n|turn|1\n|\n|t:|1699447231\n|move|p2a: Urshifu|U-turn|p1a: Maushold\n|-damage|p1a: Maushold|60\/100\n|\n|t:|1699447237\n|switch|p2a: Marshadow|Marshadow|100\/100|[from] U-turn\n|move|p1a: Maushold|Population Bomb|p2a: Marshadow\n|-immune|p2a: Marshadow\n|\n|upkeep\n|turn|2\n|\n|t:|1699447244\n|move|p2a: Marshadow|Force Palm|p1a: Maushold\n|-supereffective|p1a: Maushold\n|-crit|p1a: Maushold\n|-damage|p1a: Maushold|0 fnt\n|faint|p1a: Maushold\n|\n|upkeep\n|\n|t:|1699447254\n|switch|p1a: Marshadow|Marshadow|100\/100\n|turn|3\n|\n|t:|1699447265\n|switch|p2a: Ho-Oh|Ho-Oh|100\/100\n|move|p1a: Marshadow|Spectral Thief|p2a: Ho-Oh\n|-damage|p2a: Ho-Oh|43\/100\n|-damage|p1a: Marshadow|91\/100|[from] item: Life Orb\n|\n|upkeep\n|turn|4\n|\n|t:|1699447275\n|switch|p2a: Urshifu|Urshifu, F|100\/100\n|move|p1a: Marshadow|Spectral Thief|p2a: Urshifu\n|-resisted|p2a: Urshifu\n|-damage|p2a: Urshifu|72\/100\n|-damage|p1a: Marshadow|81\/100|[from] item: Life Orb\n|\n|upkeep\n|turn|5\n|\n|t:|1699447289\n|move|p2a: Urshifu|Wicked Blow|p1a: Marshadow\n|-crit|p1a: Marshadow\n|-damage|p1a: Marshadow|2\/100\n|move|p1a: Marshadow|Drain Punch|p2a: Urshifu\n|-supereffective|p2a: Urshifu\n|-damage|p2a: Urshifu|0 fnt\n|-heal|p1a: Marshadow|40\/100|[from] drain|[of] p2a: Urshifu\n|faint|p2a: Urshifu\n|-damage|p1a: Marshadow|30\/100|[from] item: Life Orb\n|\n|upkeep\n|\n|t:|1699447294\n|switch|p2a: Marshadow|Marshadow|100\/100\n|turn|6\n|\n|t:|1699447306\n|switch|p1a: Tyranitar|Tyranitar, M|100\/100\n|-weather|Sandstorm|[from] ability: Sand Stream|[of] p1a: Tyranitar\n|move|p2a: Marshadow|Shadow Sneak|p1a: Tyranitar\n|-resisted|p1a: Tyranitar\n|-damage|p1a: Tyranitar|89\/100\n|\n|-weather|Sandstorm|[upkeep]\n|-damage|p2a: Marshadow|94\/100|[from] Sandstorm\n|-heal|p1a: Tyranitar|96\/100|[from] item: Leftovers\n|upkeep\n|turn|7\n|\n|t:|1699447322\n|move|p2a: Marshadow|Force Palm|p1a: Tyranitar\n|-supereffective|p1a: Tyranitar\n|-damage|p1a: Tyranitar|0 fnt\n|faint|p1a: Tyranitar\n|\n|-weather|Sandstorm|[upkeep]\n|-damage|p2a: Marshadow|88\/100|[from] Sandstorm\n|upkeep\n|\n|t:|1699447335\n|switch|p1a: Mimikyu|Mimikyu, F|100\/100\n|turn|8\n|\n|t:|1699447343\n|switch|p2a: Groudon|Groudon|100\/100\n|detailschange|p2a: Groudon|Groudon-Primal\n|-primal|p2a: Groudon|Red Orb\n|-weather|DesolateLand|[from] ability: Desolate Land|[of] p2a: Groudon\n|-zpower|p1a: Mimikyu\n|move|p1a: Mimikyu|Z-Splash|p1a: Mimikyu|[anim]Splash\n|-boost|p1a: Mimikyu|atk|3|[zeffect]\n|-nothing\n|\n|-weather|DesolateLand|[upkeep]\n|upkeep\n|turn|9\n|\n|t:|1699447358\n|move|p1a: Mimikyu|Play Rough|p2a: Groudon\n|-resisted|p2a: Groudon\n|-damage|p2a: Groudon|66\/100\n|move|p2a: Groudon|Flamethrower|p1a: Mimikyu\n|-activate|p1a: Mimikyu|ability: Disguise\n|-damage|p1a: Mimikyu|100\/100\n|-status|p1a: Mimikyu|brn\n|detailschange|p1a: Mimikyu|Mimikyu-Busted, F\n|-damage|p1a: Mimikyu|88\/100 brn|[from] pokemon: Mimikyu-Busted\n|\n|-weather|DesolateLand|[upkeep]\n|-damage|p1a: Mimikyu|82\/100 brn|[from] brn\n|upkeep\n|turn|10\n|\n|t:|1699447371\n|move|p1a: Mimikyu|Shadow Sneak|p2a: Groudon\n|-damage|p2a: Groudon|51\/100\n|move|p2a: Groudon|Flamethrower|p1a: Mimikyu\n|-damage|p1a: Mimikyu|0 fnt\n|faint|p1a: Mimikyu\n|\n|-weather|DesolateLand|[upkeep]\n|upkeep\n|-message|EvilQueen438 forfeited.\n|\n|win|Rhyfinn sr.\n|raw|EvilQueen438's rating: 1103 &rarr; <strong>1071<\/strong><br \/>(-32 for losing)\n|raw|Rhyfinn sr.'s rating: 1000 &rarr; <strong>1052<\/strong><br \/>(+52 for winning)\n|l|\u203dEvilQueen438\n","uploadtime":1699447382,"views":6,"p1id":"evilqueen438","p2id":"rhyfinnsr","formatid":"gen9nationaldexubers","rating":1052,"private":0,"password":""}