{"id":"gen9nationaldexubers-1999697818","p1":"AufWiedersehen123","p2":"V-Creating Victory","format":"[Gen 9] National Dex Ubers","log":"|j|\u2606AufWiedersehen123\n|j|\u2606V-Creating Victory\n|t:|1701108775\n|gametype|singles\n|player|p1|AufWiedersehen123|101|\n|player|p2|V-Creating Victory|101|\n|teamsize|p1|6\n|teamsize|p2|6\n|gen|9\n|tier|[Gen 9] National Dex Ubers\n|rule|HP Percentage Mod: HP is shown in percentages\n|rule|Endless Battle Clause: Forcing endless battles is banned\n|rule|OHKO Clause: OHKO moves are banned\n|rule|Evasion Moves Clause: Evasion moves are banned\n|rule|Evasion Items Clause: Evasion items are banned\n|rule|Species Clause: Limit one of each Pok\u00e9mon\n|rule|Sleep Clause Mod: Limit one foe put to sleep\n|rule|Mega Rayquaza Clause: You cannot mega evolve Rayquaza\n|clearpoke\n|poke|p1|Pupitar, M|\n|poke|p1|Obstagoon, M|\n|poke|p1|Spectrier|\n|poke|p1|Gholdengo|\n|poke|p1|Corviknight, M|\n|poke|p1|Masquerain, M|\n|poke|p2|Calyrex-Ice|\n|poke|p2|Kommo-o, M|\n|poke|p2|Skarmory, M|\n|poke|p2|Absol, M|\n|poke|p2|Thundurus-Therian, M|\n|poke|p2|Corsola-Galar, F|\n|teampreview\n|c|\u2606V-Creating Victory|Good luck and have fun\n|\n|t:|1701108783\n|start\n|switch|p1a: Spectrier|Spectrier|100\/100\n|switch|p2a: Thundurus|Thundurus-Therian, M|100\/100\n|turn|1\n|c|\u2606AufWiedersehen123|u2\n|c|\u2606AufWiedersehen123|bono\n|\n|t:|1701108811\n|move|p2a: Thundurus|Volt Switch|p1a: Spectrier\n|-damage|p1a: Spectrier|50\/100\n|\n|t:|1701108814\n|switch|p2a: Absol|Absol, M|100\/100|[from] Volt Switch\n|move|p1a: Spectrier|Will-O-Wisp|p2a: Absol|[miss]\n|-miss|p1a: Spectrier|p2a: Absol\n|\n|upkeep\n|turn|2\n|\n|t:|1701108832\n|detailschange|p2a: Absol|Absol-Mega, M\n|-mega|p2a: Absol|Absol|Absolite\n|move|p2a: Absol|Sucker Punch|p1a: Spectrier\n|-supereffective|p1a: Spectrier\n|-damage|p1a: Spectrier|0 fnt\n|faint|p1a: Spectrier\n|\n|upkeep\n|\n|t:|1701108840\n|switch|p1a: Obstagoon|Obstagoon, M|100\/100\n|turn|3\n|\n|t:|1701108846\n|move|p2a: Absol|Close Combat|p1a: Obstagoon\n|-supereffective|p1a: Obstagoon\n|-damage|p1a: Obstagoon|0 fnt\n|-unboost|p2a: Absol|def|1\n|-unboost|p2a: Absol|spd|1\n|faint|p1a: Obstagoon\n|\n|upkeep\n|\n|t:|1701108858\n|switch|p1a: Masquerain|Masquerain, M|100\/100\n|-ability|p1a: Masquerain|Intimidate|boost\n|-unboost|p2a: Absol|atk|1\n|turn|4\n|\n|t:|1701108865\n|move|p2a: Absol|Fire Blast|p1a: Masquerain\n|-supereffective|p1a: Masquerain\n|-damage|p1a: Masquerain|0 fnt\n|faint|p1a: Masquerain\n|\n|upkeep\n|\n|t:|1701108871\n|switch|p1a: Pupitar|Pupitar, M|100\/100\n|turn|5\n|\n|t:|1701108878\n|move|p2a: Absol|Ice Beam|p1a: Pupitar\n|-supereffective|p1a: Pupitar\n|-damage|p1a: Pupitar|33\/100\n|-status|p1a: Pupitar|frz\n|cant|p1a: Pupitar|frz\n|\n|upkeep\n|turn|6\n|\n|t:|1701108891\n|move|p2a: Absol|Ice Beam|p1a: Pupitar\n|-supereffective|p1a: Pupitar\n|-damage|p1a: Pupitar|0 fnt\n|faint|p1a: Pupitar\n|\n|upkeep\n|\n|t:|1701108896\n|switch|p1a: Gholdengo|Gholdengo|100\/100\n|turn|7\n|\n|t:|1701108904\n|move|p2a: Absol|Fire Blast|p1a: Gholdengo|[miss]\n|-miss|p2a: Absol|p1a: Gholdengo\n|move|p1a: Gholdengo|Shadow Ball|p2a: Absol\n|-resisted|p2a: Absol\n|-damage|p2a: Absol|22\/100\n|\n|upkeep\n|turn|8\n|\n|t:|1701108913\n|switch|p2a: Kommo-o|Kommo-o, M|100\/100\n|move|p1a: Gholdengo|Recover||[still]\n|-fail|p1a: Gholdengo|heal\n|\n|upkeep\n|turn|9\n|\n|t:|1701108933\n|move|p2a: Kommo-o|Substitute|p2a: Kommo-o\n|-start|p2a: Kommo-o|Substitute\n|-damage|p2a: Kommo-o|75\/100\n|move|p1a: Gholdengo|Shadow Ball|p2a: Kommo-o\n|-immune|p2a: Kommo-o|[from] ability: Bulletproof\n|\n|upkeep\n|turn|10\n|\n|t:|1701108945\n|move|p2a: Kommo-o|Belly Drum|p2a: Kommo-o\n|-damage|p2a: Kommo-o|25\/100\n|-setboost|p2a: Kommo-o|atk|6|[from] move: Belly Drum\n|-enditem|p2a: Kommo-o|Salac Berry|[eat]\n|-boost|p2a: Kommo-o|spe|1|[from] item: Salac Berry\n|move|p1a: Gholdengo|Nasty Plot|p1a: Gholdengo\n|-boost|p1a: Gholdengo|spa|2\n|\n|upkeep\n|turn|11\n|\n|t:|1701108954\n|switch|p1a: Corviknight|Corviknight, M|100\/100\n|-ability|p1a: Corviknight|Pressure\n|move|p2a: Kommo-o|Fire Punch|p1a: Corviknight\n|-supereffective|p1a: Corviknight\n|-damage|p1a: Corviknight|0 fnt\n|faint|p1a: Corviknight\n|\n|upkeep\n|c|\u2606AufWiedersehen123|ggs\n|c|\u2606V-Creating Victory|gg\n|-message|AufWiedersehen123 forfeited.\n|\n|win|V-Creating Victory\n|l|\u2606AufWiedersehen123\n","uploadtime":1701108980,"views":2,"p1id":"aufwiedersehen123","p2id":"vcreatingvictory","formatid":"gen9nationaldexubers","rating":0,"private":0,"password":""}