{"id":"gen9nationaldexubers-1979445542","p1":"Incredible Gassy","p2":"Legendaries_$uck","format":"[Gen 9] National Dex Ubers","log":"|j|\u2606Incredible Gassy\n|j|\u2606Legendaries_$uck\n|t:|1698683280\n|gametype|singles\n|player|p1|Incredible Gassy|bugcatcher-gen2|1516\n|player|p2|Legendaries_$uck|lucas|1518\n|teamsize|p1|6\n|teamsize|p2|6\n|gen|9\n|tier|[Gen 9] National Dex Ubers\n|rated|\n|rule|HP Percentage Mod: HP is shown in percentages\n|rule|Endless Battle Clause: Forcing endless battles is banned\n|rule|OHKO Clause: OHKO moves are banned\n|rule|Evasion Moves Clause: Evasion moves are banned\n|rule|Evasion Items Clause: Evasion items are banned\n|rule|Species Clause: Limit one of each Pok\u00e9mon\n|rule|Sleep Clause Mod: Limit one foe put to sleep\n|rule|Mega Rayquaza Clause: You cannot mega evolve Rayquaza\n|clearpoke\n|poke|p1|Sandy Shocks|\n|poke|p1|Groudon|\n|poke|p1|Gholdengo|\n|poke|p1|Ho-Oh|\n|poke|p1|Marshadow|\n|poke|p1|Eternatus|\n|poke|p2|Arceus-Fairy|\n|poke|p2|Melmetal|\n|poke|p2|Ursaluna, M|\n|poke|p2|Calyrex-Ice|\n|poke|p2|Kyogre|\n|poke|p2|Hatterene, F|\n|teampreview\n|inactive|Battle timer is ON: inactive players will automatically lose when time's up. (requested by Incredible Gassy)\n|j| 1 em trach thu\n|\n|t:|1698683295\n|start\n|switch|p1a: Eternatus|Eternatus|100\/100\n|switch|p2a: Hatterene|Hatterene, F|100\/100\n|-ability|p1a: Eternatus|Pressure\n|turn|1\n|\n|t:|1698683313\n|move|p1a: Eternatus|Sludge Bomb|p2a: Hatterene\n|-supereffective|p2a: Hatterene\n|-damage|p2a: Hatterene|4\/100\n|move|p2a: Hatterene|Trick Room|p2a: Hatterene\n|-fieldstart|move: Trick Room|[of] p2a: Hatterene\n|\n|upkeep\n|turn|2\n|\n|t:|1698683332\n|move|p2a: Hatterene|Healing Wish|p2a: Hatterene\n|faint|p2a: Hatterene\n|move|p1a: Eternatus|Toxic Spikes|p2: Hatterene\n|-sidestart|p2: Legendaries_$uck|move: Toxic Spikes\n|\n|upkeep\n|inactive|Legendaries_$uck has 120 seconds left.\n|inactive|Legendaries_$uck has 90 seconds left.\n|inactive|Legendaries_$uck has 60 seconds left.\n|\n|t:|1698683418\n|switch|p2a: Ursaluna|Ursaluna, M|100\/100\n|-status|p2a: Ursaluna|psn\n|turn|3\n|\n|t:|1698683422\n|switch|p1a: joe dengo|Gholdengo|100\/100\n|-item|p1a: joe dengo|Air Balloon\n|move|p2a: Ursaluna|Facade|p1a: joe dengo\n|-immune|p1a: joe dengo\n|\n|-damage|p2a: Ursaluna|88\/100 psn|[from] psn\n|upkeep\n|turn|4\n|\n|t:|1698683433\n|switch|p1a: Groudon|Groudon|100\/100\n|detailschange|p1a: Groudon|Groudon-Primal\n|-primal|p1a: Groudon|Red Orb\n|-weather|DesolateLand|[from] ability: Desolate Land|[of] p1a: Groudon\n|move|p2a: Ursaluna|Crunch|p1a: Groudon\n|-damage|p1a: Groudon|81\/100\n|\n|-weather|DesolateLand|[upkeep]\n|-damage|p2a: Ursaluna|76\/100 psn|[from] psn\n|upkeep\n|turn|5\n|\n|t:|1698683440\n|-weather|none\n|switch|p1a: joe dengo|Gholdengo|100\/100\n|-item|p1a: joe dengo|Air Balloon\n|move|p2a: Ursaluna|Facade|p1a: joe dengo\n|-immune|p1a: joe dengo\n|\n|-damage|p2a: Ursaluna|64\/100 psn|[from] psn\n|-fieldend|move: Trick Room\n|upkeep\n|turn|6\n|\n|t:|1698683452\n|move|p1a: joe dengo|Nasty Plot|p1a: joe dengo\n|-boost|p1a: joe dengo|spa|2\n|move|p2a: Ursaluna|Crunch|p1a: joe dengo\n|-supereffective|p1a: joe dengo\n|-damage|p1a: joe dengo|8\/100\n|-enditem|p1a: joe dengo|Air Balloon\n|\n|-damage|p2a: Ursaluna|51\/100 psn|[from] psn\n|upkeep\n|turn|7\n|\n|t:|1698683457\n|move|p1a: joe dengo|Make It Rain|p2a: Ursaluna\n|-damage|p2a: Ursaluna|0 fnt\n|-unboost|p1a: joe dengo|spa|1\n|faint|p2a: Ursaluna\n|\n|upkeep\n|\n|t:|1698683460\n|switch|p2a: Kyogre|Kyogre|100\/100\n|-status|p2a: Kyogre|psn\n|detailschange|p2a: Kyogre|Kyogre-Primal\n|-primal|p2a: Kyogre|Blue Orb\n|-weather|PrimordialSea|[from] ability: Primordial Sea|[of] p2a: Kyogre\n|turn|8\n|\n|t:|1698683471\n|switch|p1a: Groudon|Groudon-Primal|81\/100\n|-weather|DesolateLand|[from] ability: Desolate Land|[of] p1a: Groudon\n|move|p2a: Kyogre|Ice Beam|p1a: Groudon\n|-damage|p1a: Groudon|43\/100\n|\n|-weather|DesolateLand|[upkeep]\n|-damage|p2a: Kyogre|88\/100 psn|[from] psn\n|upkeep\n|turn|9\n|\n|t:|1698683484\n|-weather|none\n|switch|p1a: joe dengo|Gholdengo|8\/100\n|move|p2a: Kyogre|Ice Beam|p1a: joe dengo\n|-resisted|p1a: joe dengo\n|-damage|p1a: joe dengo|0 fnt\n|faint|p1a: joe dengo\n|\n|-damage|p2a: Kyogre|76\/100 psn|[from] psn\n|upkeep\n|\n|t:|1698683487\n|switch|p1a: Marshadow|Marshadow|100\/100\n|turn|10\n|\n|t:|1698683493\n|-terastallize|p1a: Marshadow|Ghost\n|move|p1a: Marshadow|Poltergeist|p2a: Kyogre\n|-activate|p2a: Kyogre|move: Poltergeist|Blue Orb\n|-damage|p2a: Kyogre|0 fnt\n|faint|p2a: Kyogre\n|\n|upkeep\n|\n|t:|1698683502\n|switch|p2a: Arceus|Arceus-Fairy|100\/100\n|-status|p2a: Arceus|psn\n|turn|11\n|\n|t:|1698683505\n|move|p1a: Marshadow|Poltergeist|p2a: Arceus\n|-activate|p2a: Arceus|move: Poltergeist|Pixie Plate\n|-crit|p2a: Arceus\n|-damage|p2a: Arceus|0 fnt\n|faint|p2a: Arceus\n|\n|upkeep\n|\n|t:|1698683510\n|switch|p2a: Melmetal|Melmetal|100\/100\n|turn|12\n|\n|t:|1698683514\n|switch|p1a: Groudon|Groudon-Primal|43\/100\n|-weather|DesolateLand|[from] ability: Desolate Land|[of] p1a: Groudon\n|move|p2a: Melmetal|Double Iron Bash|p1a: Groudon\n|-resisted|p1a: Groudon\n|-damage|p1a: Groudon|28\/100\n|-resisted|p1a: Groudon\n|-damage|p1a: Groudon|14\/100\n|-hitcount|p1a: Groudon|2\n|\n|-weather|DesolateLand|[upkeep]\n|upkeep\n|turn|13\n|\n|t:|1698683522\n|move|p1a: Groudon|Lava Plume|p2a: Melmetal\n|-supereffective|p2a: Melmetal\n|-damage|p2a: Melmetal|0 fnt\n|faint|p2a: Melmetal\n|\n|-weather|DesolateLand|[upkeep]\n|upkeep\n|\n|t:|1698683524\n|switch|p2a: Calyrex|Calyrex-Ice|100\/100\n|-ability|p2a: Calyrex|As One\n|-ability|p2a: Calyrex|Unnerve\n|-status|p2a: Calyrex|psn\n|turn|14\n|\n|t:|1698683527\n|move|p1a: Groudon|Lava Plume|p2a: Calyrex\n|-supereffective|p2a: Calyrex\n|-damage|p2a: Calyrex|25\/100 psn\n|-enditem|p2a: Calyrex|Weakness Policy\n|-boost|p2a: Calyrex|atk|2|[from] item: Weakness Policy\n|-boost|p2a: Calyrex|spa|2|[from] item: Weakness Policy\n|move|p2a: Calyrex|Trick Room|p2a: Calyrex\n|-fieldstart|move: Trick Room|[of] p2a: Calyrex\n|\n|-weather|DesolateLand|[upkeep]\n|-damage|p2a: Calyrex|12\/100 psn|[from] psn\n|upkeep\n|turn|15\n|c|\u2606Incredible Gassy|another goobed TR team god is good\n|\n|t:|1698683535\n|move|p2a: Calyrex|Glacial Lance|p1a: Groudon\n|-damage|p1a: Groudon|0 fnt\n|faint|p1a: Groudon\n|-weather|none\n|-ability|p2a: Calyrex|Chilling Neigh|boost\n|-boost|p2a: Calyrex|atk|1\n|\n|-damage|p2a: Calyrex|0 fnt|[from] psn\n|faint|p2a: Calyrex\n|\n|win|Incredible Gassy\n|upkeep\n|raw|Incredible Gassy's rating: 1516 &rarr; <strong>1536<\/strong><br \/>(+20 for winning)\n|raw|Legendaries_$uck's rating: 1518 &rarr; <strong>1498<\/strong><br \/>(-20 for losing)\n|l|\u2606Legendaries_$uck\n","uploadtime":1698683566,"views":6,"p1id":"incrediblegassy","p2id":"legendariesuck","formatid":"gen9nationaldexubers","rating":1498,"private":0,"password":""}