{"id":"gen9nationaldexubers-1988496492","p1":"Viviexists","p2":"Destinum","format":"[Gen 9] National Dex Ubers","log":"|j|\u2606Viviexists\n|j|\u2606Destinum\n|t:|1699729194\n|gametype|singles\n|player|p1|Viviexists|mela|\n|player|p2|Destinum|colress|\n|teamsize|p1|6\n|teamsize|p2|6\n|gen|9\n|tier|[Gen 9] National Dex Ubers\n|rule|HP Percentage Mod: HP is shown in percentages\n|rule|Endless Battle Clause: Forcing endless battles is banned\n|rule|OHKO Clause: OHKO moves are banned\n|rule|Evasion Moves Clause: Evasion moves are banned\n|rule|Evasion Items Clause: Evasion items are banned\n|rule|Species Clause: Limit one of each Pok\u00e9mon\n|rule|Sleep Clause Mod: Limit one foe put to sleep\n|rule|Mega Rayquaza Clause: You cannot mega evolve Rayquaza\n|clearpoke\n|poke|p1|Landorus-Therian, M|\n|poke|p1|Gyarados, M|\n|poke|p1|Tauros-Paldea-Blaze, M|\n|poke|p1|Manectric, F|\n|poke|p1|Salamence, F|\n|poke|p1|Qwilfish-Hisui, M|\n|poke|p2|Ninetales-Alola, F|\n|poke|p2|Darmanitan-Galar, M|\n|poke|p2|Cetitan, M|\n|poke|p2|Piloswine, M|\n|poke|p2|Articuno|\n|poke|p2|Kyurem|\n|teampreview\n|c|\u2606Viviexists|Quite the intimidating team, wouldn\u2019t you say?\n|c|\u2606Destinum|Very.\n|\n|t:|1699729222\n|start\n|switch|p1a: Qwilfish|Qwilfish-Hisui, M|100\/100\n|switch|p2a: A Madafaking T-Rex|Kyurem|100\/100\n|-ability|p2a: A Madafaking T-Rex|Pressure\n|-ability|p1a: Qwilfish|Intimidate|boost\n|-unboost|p2a: A Madafaking T-Rex|atk|1\n|turn|1\n|j| Malice Incarnate\n|\n|t:|1699729229\n|-terastallize|p2a: A Madafaking T-Rex|Dragon\n|move|p2a: A Madafaking T-Rex|Draco Meteor|p1a: Qwilfish\n|-damage|p1a: Qwilfish|0 fnt\n|-unboost|p2a: A Madafaking T-Rex|spa|2\n|faint|p1a: Qwilfish\n|\n|upkeep\n|c| Malice Incarnate|sustinum\n|c| Malice Incarnate|he sus\n|\n|t:|1699729239\n|switch|p1a: Gyarados|Gyarados, M|100\/100\n|-ability|p1a: Gyarados|Intimidate|boost\n|-unboost|p2a: A Madafaking T-Rex|atk|1\n|turn|2\n|\n|t:|1699729248\n|switch|p2a: The Godfeather|Articuno|100\/100\n|-ability|p2a: The Godfeather|Pressure\n|move|p1a: Gyarados|Dragon Dance|p1a: Gyarados\n|-boost|p1a: Gyarados|atk|1\n|-boost|p1a: Gyarados|spe|1\n|\n|upkeep\n|turn|3\n|c| Malice Incarnate|mono intimate is a move\n|\n|t:|1699729251\n|move|p1a: Gyarados|Stone Edge|p2a: The Godfeather\n|-supereffective|p2a: The Godfeather\n|-crit|p2a: The Godfeather\n|-damage|p2a: The Godfeather|0 fnt\n|faint|p2a: The Godfeather\n|\n|upkeep\n|\n|t:|1699729260\n|switch|p2a: Let It Go|Ninetales-Alola, F|100\/100\n|-weather|Snow|[from] ability: Snow Warning|[of] p2a: Let It Go\n|turn|4\n|c| Malice Incarnate|me when defiant kingambit\n|\n|t:|1699729263\n|move|p1a: Gyarados|Stone Edge|p2a: Let It Go\n|-supereffective|p2a: Let It Go\n|-damage|p2a: Let It Go|0 fnt\n|faint|p2a: Let It Go\n|\n|-weather|Snow|[upkeep]\n|upkeep\n|\n|t:|1699729269\n|switch|p2a: Moby Thicc|Cetitan, M|100\/100\n|turn|5\n|\n|t:|1699729277\n|move|p2a: Moby Thicc|Icicle Crash|p1a: Gyarados|[miss]\n|-miss|p2a: Moby Thicc|p1a: Gyarados\n|move|p1a: Gyarados|Stone Edge|p2a: Moby Thicc\n|-supereffective|p2a: Moby Thicc\n|-damage|p2a: Moby Thicc|23\/100\n|-enditem|p2a: Moby Thicc|Sitrus Berry|[eat]\n|-heal|p2a: Moby Thicc|48\/100|[from] item: Sitrus Berry\n|\n|-weather|Snow|[upkeep]\n|upkeep\n|turn|6\n|\n|t:|1699729284\n|move|p2a: Moby Thicc|Icicle Crash|p1a: Gyarados\n|-damage|p1a: Gyarados|48\/100\n|move|p1a: Gyarados|Dragon Dance|p1a: Gyarados\n|-boost|p1a: Gyarados|atk|1\n|-boost|p1a: Gyarados|spe|1\n|\n|-weather|Snow|[upkeep]\n|upkeep\n|turn|7\n|\n|t:|1699729295\n|move|p2a: Moby Thicc|Ice Shard|p1a: Gyarados\n|-damage|p1a: Gyarados|20\/100\n|move|p1a: Gyarados|Stone Edge|p2a: Moby Thicc\n|-supereffective|p2a: Moby Thicc\n|-crit|p2a: Moby Thicc\n|-damage|p2a: Moby Thicc|0 fnt\n|faint|p2a: Moby Thicc\n|\n|-weather|Snow|[upkeep]\n|upkeep\n|\n|t:|1699729300\n|switch|p2a: Chris P. Bacon|Piloswine, M|100\/100\n|turn|8\n|\n|t:|1699729302\n|move|p2a: Chris P. Bacon|Ice Shard|p1a: Gyarados\n|-damage|p1a: Gyarados|2\/100\n|move|p1a: Gyarados|Waterfall|p2a: Chris P. Bacon\n|-supereffective|p2a: Chris P. Bacon\n|-damage|p2a: Chris P. Bacon|21\/100\n|\n|-weather|none\n|upkeep\n|turn|9\n|\n|t:|1699729308\n|move|p2a: Chris P. Bacon|Ice Shard|p1a: Gyarados\n|-damage|p1a: Gyarados|0 fnt\n|faint|p1a: Gyarados\n|\n|upkeep\n|\n|t:|1699729312\n|switch|p1a: Manectric|Manectric, F|100\/100\n|turn|10\n|\n|t:|1699729324\n|detailschange|p1a: Manectric|Manectric-Mega, F\n|-mega|p1a: Manectric|Manectric|Manectite\n|-ability|p1a: Manectric|Intimidate|boost\n|-unboost|p2a: Chris P. Bacon|atk|1\n|move|p2a: Chris P. Bacon|Ice Shard|p1a: Manectric\n|-crit|p1a: Manectric\n|-damage|p1a: Manectric|67\/100\n|move|p1a: Manectric|Flamethrower|p2a: Chris P. Bacon\n|-supereffective|p2a: Chris P. Bacon\n|-damage|p2a: Chris P. Bacon|3\/100\n|\n|upkeep\n|turn|11\n|\n|t:|1699729334\n|move|p2a: Chris P. Bacon|Ice Shard|p1a: Manectric\n|-damage|p1a: Manectric|53\/100\n|move|p1a: Manectric|Flamethrower|p2a: Chris P. Bacon\n|-supereffective|p2a: Chris P. Bacon\n|-damage|p2a: Chris P. Bacon|0 fnt\n|faint|p2a: Chris P. Bacon\n|\n|upkeep\n|\n|t:|1699729342\n|switch|p2a: I Choose Violence|Darmanitan-Galar, M|100\/100\n|turn|12\n|\n|t:|1699729355\n|switch|p1a: Tauros|Tauros-Paldea-Blaze, M|100\/100\n|-ability|p1a: Tauros|Intimidate|boost\n|-unboost|p2a: I Choose Violence|atk|1\n|move|p2a: I Choose Violence|Icicle Crash|p1a: Tauros\n|-resisted|p1a: Tauros\n|-damage|p1a: Tauros|78\/100\n|\n|-heal|p1a: Tauros|85\/100|[from] item: Leftovers\n|upkeep\n|turn|13\n|\n|t:|1699729367\n|switch|p2a: A Madafaking T-Rex|Kyurem, tera:Dragon|100\/100\n|-ability|p2a: A Madafaking T-Rex|Pressure\n|move|p1a: Tauros|Body Press|p2a: A Madafaking T-Rex\n|-damage|p2a: A Madafaking T-Rex|73\/100\n|\n|-heal|p1a: Tauros|91\/100|[from] item: Leftovers\n|upkeep\n|turn|14\n|\n|t:|1699729384\n|switch|p1a: Landorus|Landorus-Therian, M|100\/100\n|-ability|p1a: Landorus|Intimidate|boost\n|-unboost|p2a: A Madafaking T-Rex|atk|1\n|move|p2a: A Madafaking T-Rex|Draco Meteor|p1a: Landorus\n|-damage|p1a: Landorus|0 fnt\n|-unboost|p2a: A Madafaking T-Rex|spa|2\n|faint|p1a: Landorus\n|\n|upkeep\n|\n|t:|1699729392\n|switch|p1a: Manectric|Manectric-Mega, F|53\/100\n|-ability|p1a: Manectric|Intimidate|boost\n|-unboost|p2a: A Madafaking T-Rex|atk|1\n|turn|15\n|\n|t:|1699729398\n|move|p1a: Manectric|Volt Switch|p2a: A Madafaking T-Rex\n|-resisted|p2a: A Madafaking T-Rex\n|-damage|p2a: A Madafaking T-Rex|56\/100\n|\n|t:|1699729401\n|switch|p1a: Salamence|Salamence, F|100\/100|[from] Volt Switch\n|-ability|p1a: Salamence|Intimidate|boost\n|-unboost|p2a: A Madafaking T-Rex|atk|1\n|move|p2a: A Madafaking T-Rex|Draco Meteor|p1a: Salamence\n|-supereffective|p1a: Salamence\n|-damage|p1a: Salamence|0 fnt\n|-unboost|p2a: A Madafaking T-Rex|spa|2\n|faint|p1a: Salamence\n|\n|upkeep\n|\n|t:|1699729408\n|switch|p1a: Manectric|Manectric-Mega, F|53\/100\n|-ability|p1a: Manectric|Intimidate|boost\n|-unboost|p2a: A Madafaking T-Rex|atk|1\n|turn|16\n|\n|t:|1699729412\n|move|p1a: Manectric|Hyper Voice|p2a: A Madafaking T-Rex\n|-damage|p2a: A Madafaking T-Rex|23\/100\n|move|p2a: A Madafaking T-Rex|Draco Meteor|p1a: Manectric\n|-damage|p1a: Manectric|0 fnt\n|-unboost|p2a: A Madafaking T-Rex|spa|2\n|faint|p1a: Manectric\n|\n|upkeep\n|\n|t:|1699729418\n|switch|p1a: Tauros|Tauros-Paldea-Blaze, M|91\/100\n|-ability|p1a: Tauros|Intimidate|boost\n|-unboost|p2a: A Madafaking T-Rex|atk|1\n|turn|17\n|\n|t:|1699729428\n|switch|p2a: I Choose Violence|Darmanitan-Galar, M|100\/100\n|move|p1a: Tauros|Bulk Up|p1a: Tauros\n|-boost|p1a: Tauros|atk|1\n|-boost|p1a: Tauros|def|1\n|\n|-heal|p1a: Tauros|97\/100|[from] item: Leftovers\n|upkeep\n|turn|18\n|\n|t:|1699729432\n|move|p2a: I Choose Violence|Earthquake|p1a: Tauros\n|-supereffective|p1a: Tauros\n|-damage|p1a: Tauros|29\/100\n|move|p1a: Tauros|Body Press|p2a: I Choose Violence\n|-supereffective|p2a: I Choose Violence\n|-damage|p2a: I Choose Violence|0 fnt\n|faint|p2a: I Choose Violence\n|\n|-heal|p1a: Tauros|35\/100|[from] item: Leftovers\n|upkeep\n|\n|t:|1699729437\n|switch|p2a: A Madafaking T-Rex|Kyurem, tera:Dragon|23\/100\n|-ability|p2a: A Madafaking T-Rex|Pressure\n|turn|19\n|c|\u2606Viviexists|Gg\n|c|\u2606Destinum|gg\n|c|\u2606Viviexists|Genuinely\n|c|\u2606Viviexists|how tf\n|c|\u2606Viviexists|did kyurem\n|c|\u2606Viviexists|still ko there\n|c|\u2606Destinum|Because it's a beast.\n|\n|t:|1699729487\n|move|p2a: A Madafaking T-Rex|Earth Power|p1a: Tauros\n|-supereffective|p1a: Tauros\n|-damage|p1a: Tauros|0 fnt\n|faint|p1a: Tauros\n|\n|win|Destinum\n","uploadtime":1699729495,"views":27,"p1id":"viviexists","p2id":"destinum","formatid":"gen9nationaldexubers","rating":0,"private":0,"password":""}