{"id":"gen9nationaldexubers-1989163555","p1":"zShanqzz","p2":"mr Deuzp","format":"[Gen 9] National Dex Ubers","log":"|j|\u2606zShanqzz\n|j|\u2606mr Deuzp\n|t:|1699818946\n|gametype|singles\n|player|p1|zShanqzz|101|1382\n|player|p2|mr Deuzp|shadowtriad|1335\n|teamsize|p1|6\n|teamsize|p2|6\n|gen|9\n|tier|[Gen 9] National Dex Ubers\n|rated|\n|rule|HP Percentage Mod: HP is shown in percentages\n|rule|Endless Battle Clause: Forcing endless battles is banned\n|rule|OHKO Clause: OHKO moves are banned\n|rule|Evasion Moves Clause: Evasion moves are banned\n|rule|Evasion Items Clause: Evasion items are banned\n|rule|Species Clause: Limit one of each Pok\u00e9mon\n|rule|Sleep Clause Mod: Limit one foe put to sleep\n|rule|Mega Rayquaza Clause: You cannot mega evolve Rayquaza\n|clearpoke\n|poke|p1|Zygarde|\n|poke|p1|Salamence, F|\n|poke|p1|Celesteela|\n|poke|p1|Marshadow|\n|poke|p1|Toxapex, F|\n|poke|p1|Groudon|\n|poke|p2|Chien-Pao|\n|poke|p2|Ursaluna, M|\n|poke|p2|Xerneas-*|\n|poke|p2|Kyogre|\n|poke|p2|Blaziken, M|\n|poke|p2|Naganadel|\n|teampreview\n|inactive|Battle timer is ON: inactive players will automatically lose when time's up. (requested by zShanqzz)\n|\n|t:|1699818962\n|start\n|switch|p1a: Toxapex|Toxapex, F|100\/100\n|switch|p2a: Naganadel|Naganadel, shiny|100\/100\n|turn|1\n|\n|t:|1699818967\n|move|p2a: Naganadel|Nasty Plot|p2a: Naganadel\n|-boost|p2a: Naganadel|spa|2\n|move|p1a: Toxapex|Toxic Spikes|p2a: Naganadel\n|-sidestart|p2: mr Deuzp|move: Toxic Spikes\n|\n|upkeep\n|turn|2\n|\n|t:|1699818972\n|move|p2a: Naganadel|Nasty Plot|p2a: Naganadel\n|-boost|p2a: Naganadel|spa|2\n|move|p1a: Toxapex|Haze|p1a: Toxapex\n|-clearallboost\n|\n|upkeep\n|turn|3\n|\n|t:|1699818979\n|move|p2a: Naganadel|Dragon Pulse|p1a: Toxapex\n|-damage|p1a: Toxapex|71\/100\n|move|p1a: Toxapex|Toxic Spikes|p2a: Naganadel\n|-sidestart|p2: mr Deuzp|move: Toxic Spikes\n|\n|-heal|p1a: Toxapex|77\/100|[from] item: Black Sludge\n|upkeep\n|turn|4\n|\n|t:|1699818989\n|switch|p2a: Blaziken|Blaziken, M, shiny|100\/100\n|-status|p2a: Blaziken|tox\n|move|p1a: Toxapex|Scald|p2a: Blaziken\n|-supereffective|p2a: Blaziken\n|-damage|p2a: Blaziken|54\/100 tox\n|\n|-heal|p1a: Toxapex|83\/100|[from] item: Black Sludge\n|-damage|p2a: Blaziken|48\/100 tox|[from] psn\n|upkeep\n|turn|5\n|\n|t:|1699819003\n|detailschange|p2a: Blaziken|Blaziken-Mega, M, shiny\n|-mega|p2a: Blaziken|Blaziken|Blazikenite\n|move|p2a: Blaziken|Thunder Punch|p1a: Toxapex\n|-supereffective|p1a: Toxapex\n|-damage|p1a: Toxapex|34\/100\n|move|p1a: Toxapex|Haze|p1a: Toxapex\n|-clearallboost\n|\n|-heal|p1a: Toxapex|40\/100|[from] item: Black Sludge\n|-damage|p2a: Blaziken|36\/100 tox|[from] psn\n|-ability|p2a: Blaziken|Speed Boost|boost\n|-boost|p2a: Blaziken|spe|1\n|upkeep\n|turn|6\n|\n|t:|1699819014\n|switch|p1a: Zygarde|Zygarde|100\/100\n|move|p2a: Blaziken|Thunder Punch|p1a: Zygarde\n|-immune|p1a: Zygarde\n|\n|-damage|p2a: Blaziken|18\/100 tox|[from] psn\n|-ability|p2a: Blaziken|Speed Boost|boost\n|-boost|p2a: Blaziken|spe|1\n|upkeep\n|turn|7\n|\n|t:|1699819023\n|switch|p1a: Toxapex|Toxapex, F|73\/100\n|move|p2a: Blaziken|Close Combat|p1a: Toxapex\n|-resisted|p1a: Toxapex\n|-damage|p1a: Toxapex|43\/100\n|-unboost|p2a: Blaziken|def|1\n|-unboost|p2a: Blaziken|spd|1\n|\n|-heal|p1a: Toxapex|49\/100|[from] item: Black Sludge\n|-damage|p2a: Blaziken|0 fnt|[from] psn\n|faint|p2a: Blaziken\n|upkeep\n|\n|t:|1699819026\n|switch|p2a: Naganadel|Naganadel, shiny|100\/100\n|-sideend|p2: mr Deuzp|move: Toxic Spikes|[of] p2a: Naganadel\n|turn|8\n|\n|t:|1699819038\n|move|p2a: Naganadel|Nasty Plot|p2a: Naganadel\n|-boost|p2a: Naganadel|spa|2\n|move|p1a: Toxapex|Recover|p1a: Toxapex\n|-heal|p1a: Toxapex|99\/100\n|\n|-heal|p1a: Toxapex|100\/100|[from] item: Black Sludge\n|upkeep\n|turn|9\n|\n|t:|1699819041\n|move|p2a: Naganadel|Dragon Pulse|p1a: Toxapex\n|-damage|p1a: Toxapex|41\/100\n|move|p1a: Toxapex|Haze|p1a: Toxapex\n|-clearallboost\n|\n|-heal|p1a: Toxapex|47\/100|[from] item: Black Sludge\n|upkeep\n|turn|10\n|\n|t:|1699819064\n|move|p2a: Naganadel|Dragon Pulse|p1a: Toxapex\n|-damage|p1a: Toxapex|22\/100\n|move|p1a: Toxapex|Recover|p1a: Toxapex\n|-heal|p1a: Toxapex|72\/100\n|\n|-heal|p1a: Toxapex|78\/100|[from] item: Black Sludge\n|upkeep\n|turn|11\n|\n|t:|1699819070\n|move|p2a: Naganadel|Nasty Plot|p2a: Naganadel\n|-boost|p2a: Naganadel|spa|2\n|move|p1a: Toxapex|Toxic Spikes|p2a: Naganadel\n|-sidestart|p2: mr Deuzp|move: Toxic Spikes\n|\n|-heal|p1a: Toxapex|84\/100|[from] item: Black Sludge\n|upkeep\n|turn|12\n|\n|t:|1699819073\n|move|p2a: Naganadel|Dragon Pulse|p1a: Toxapex\n|-damage|p1a: Toxapex|31\/100\n|move|p1a: Toxapex|Haze|p1a: Toxapex\n|-clearallboost\n|\n|-heal|p1a: Toxapex|37\/100|[from] item: Black Sludge\n|upkeep\n|turn|13\n|\n|t:|1699819079\n|move|p2a: Naganadel|Nasty Plot|p2a: Naganadel\n|-boost|p2a: Naganadel|spa|2\n|move|p1a: Toxapex|Recover|p1a: Toxapex\n|-heal|p1a: Toxapex|87\/100\n|\n|-heal|p1a: Toxapex|93\/100|[from] item: Black Sludge\n|upkeep\n|turn|14\n|\n|t:|1699819086\n|move|p2a: Naganadel|Dragon Pulse|p1a: Toxapex\n|-damage|p1a: Toxapex|38\/100\n|move|p1a: Toxapex|Haze|p1a: Toxapex\n|-clearallboost\n|\n|-heal|p1a: Toxapex|44\/100|[from] item: Black Sludge\n|upkeep\n|turn|15\n|\n|t:|1699819096\n|move|p2a: Naganadel|Nasty Plot|p2a: Naganadel\n|-boost|p2a: Naganadel|spa|2\n|move|p1a: Toxapex|Recover|p1a: Toxapex\n|-heal|p1a: Toxapex|95\/100\n|\n|-heal|p1a: Toxapex|100\/100|[from] item: Black Sludge\n|upkeep\n|turn|16\n|\n|t:|1699819109\n|move|p2a: Naganadel|Dragon Pulse|p1a: Toxapex\n|-damage|p1a: Toxapex|42\/100\n|move|p1a: Toxapex|Haze|p1a: Toxapex\n|-clearallboost\n|\n|-heal|p1a: Toxapex|48\/100|[from] item: Black Sludge\n|upkeep\n|turn|17\n|\n|t:|1699819114\n|move|p2a: Naganadel|Nasty Plot|p2a: Naganadel\n|-boost|p2a: Naganadel|spa|2\n|move|p1a: Toxapex|Haze|p1a: Toxapex\n|-clearallboost\n|\n|-heal|p1a: Toxapex|54\/100|[from] item: Black Sludge\n|upkeep\n|turn|18\n|\n|t:|1699819118\n|move|p2a: Naganadel|Dragon Pulse|p1a: Toxapex\n|-damage|p1a: Toxapex|25\/100\n|move|p1a: Toxapex|Haze|p1a: Toxapex\n|-clearallboost\n|\n|-heal|p1a: Toxapex|31\/100|[from] item: Black Sludge\n|upkeep\n|turn|19\n|\n|t:|1699819127\n|move|p2a: Naganadel|Dragon Pulse|p1a: Toxapex\n|-damage|p1a: Toxapex|2\/100\n|move|p1a: Toxapex|Recover|p1a: Toxapex\n|-heal|p1a: Toxapex|52\/100\n|\n|-heal|p1a: Toxapex|58\/100|[from] item: Black Sludge\n|upkeep\n|turn|20\n|inactive|mr Deuzp has 120 seconds left.\n|inactive|mr Deuzp has 90 seconds left.\n|\n|t:|1699819212\n|move|p2a: Naganadel|Nasty Plot|p2a: Naganadel\n|-boost|p2a: Naganadel|spa|2\n|move|p1a: Toxapex|Haze|p1a: Toxapex\n|-clearallboost\n|\n|-heal|p1a: Toxapex|64\/100|[from] item: Black Sludge\n|upkeep\n|turn|21\n|\n|t:|1699819218\n|move|p2a: Naganadel|Dragon Pulse|p1a: Toxapex\n|-damage|p1a: Toxapex|36\/100\n|move|p1a: Toxapex|Toxic Spikes|p2a: Naganadel\n|-sidestart|p2: mr Deuzp|move: Toxic Spikes\n|\n|-heal|p1a: Toxapex|42\/100|[from] item: Black Sludge\n|upkeep\n|turn|22\n|inactive|mr Deuzp has 60 seconds left.\n|inactive|mr Deuzp has 30 seconds left.\n|inactive|mr Deuzp has 20 seconds left.\n|inactive|mr Deuzp has 15 seconds left.\n|\n|t:|1699819294\n|move|p2a: Naganadel|Dragon Pulse|p1a: Toxapex\n|-damage|p1a: Toxapex|12\/100\n|move|p1a: Toxapex|Recover|p1a: Toxapex\n|-heal|p1a: Toxapex|63\/100\n|\n|-heal|p1a: Toxapex|68\/100|[from] item: Black Sludge\n|upkeep\n|turn|23\n|inactive|mr Deuzp has 25 seconds left this turn.\n|inactive|mr Deuzp has 20 seconds left.\n|\n|t:|1699819306\n|move|p2a: Naganadel|Dragon Pulse|p1a: Toxapex\n|-damage|p1a: Toxapex|41\/100\n|move|p1a: Toxapex|Haze|p1a: Toxapex\n|-clearallboost\n|\n|-heal|p1a: Toxapex|47\/100|[from] item: Black Sludge\n|upkeep\n|turn|24\n|inactive|mr Deuzp has 30 seconds left this turn.\n|\n|t:|1699819315\n|move|p2a: Naganadel|Flamethrower|p1a: Toxapex\n|-resisted|p1a: Toxapex\n|-damage|p1a: Toxapex|37\/100\n|move|p1a: Toxapex|Recover|p1a: Toxapex\n|-heal|p1a: Toxapex|87\/100\n|\n|-heal|p1a: Toxapex|93\/100|[from] item: Black Sludge\n|upkeep\n|turn|25\n|inactive|zShanqzz has 120 seconds left.\n|l|\u2606mr Deuzp\n|inactive|mr Deuzp disconnected and has a minute to reconnect!\n|player|p2|\n|inactive|zShanqzz has 90 seconds left.\n|j|\u2606mr Deuzp\n|inactive|mr Deuzp reconnected.\n|player|p2|mr Deuzp|shadowtriad\n|inactive|mr Deuzp has 30 seconds left.\n|inactive|zShanqzz has 60 seconds left.\n|\n|t:|1699819408\n|move|p2a: Naganadel|Flamethrower|p1a: Toxapex\n|-resisted|p1a: Toxapex\n|-crit|p1a: Toxapex\n|-damage|p1a: Toxapex|79\/100\n|move|p1a: Toxapex|Scald|p2a: Naganadel\n|-resisted|p2a: Naganadel\n|-damage|p2a: Naganadel|88\/100\n|\n|-heal|p1a: Toxapex|85\/100|[from] item: Black Sludge\n|upkeep\n|turn|26\n|inactive|mr Deuzp has 30 seconds left.\n|inactive|mr Deuzp has 20 seconds left.\n|inactive|mr Deuzp has 15 seconds left.\n|inactive|mr Deuzp has 10 seconds left.\n|\n|t:|1699819439\n|move|p2a: Naganadel|Flamethrower|p1a: Toxapex\n|-resisted|p1a: Toxapex\n|-damage|p1a: Toxapex|75\/100\n|move|p1a: Toxapex|Scald|p2a: Naganadel\n|-resisted|p2a: Naganadel\n|-damage|p2a: Naganadel|75\/100\n|\n|-heal|p1a: Toxapex|81\/100|[from] item: Black Sludge\n|upkeep\n|turn|27\n|inactive|mr Deuzp has 20 seconds left this turn.\n|inactive|mr Deuzp has 15 seconds left.\n|\n|t:|1699819446\n|move|p2a: Naganadel|Flamethrower|p1a: Toxapex\n|-resisted|p1a: Toxapex\n|-damage|p1a: Toxapex|71\/100\n|move|p1a: Toxapex|Scald|p2a: Naganadel\n|-resisted|p2a: Naganadel\n|-damage|p2a: Naganadel|62\/100\n|\n|-heal|p1a: Toxapex|77\/100|[from] item: Black Sludge\n|upkeep\n|turn|28\n|inactive|mr Deuzp has 25 seconds left this turn.\n|inactive|mr Deuzp has 20 seconds left.\n|\n|t:|1699819456\n|move|p2a: Naganadel|Nasty Plot|p2a: Naganadel\n|-boost|p2a: Naganadel|spa|2\n|move|p1a: Toxapex|Scald|p2a: Naganadel\n|-resisted|p2a: Naganadel\n|-damage|p2a: Naganadel|50\/100\n|\n|-heal|p1a: Toxapex|83\/100|[from] item: Black Sludge\n|upkeep\n|turn|29\n|inactive|mr Deuzp has 30 seconds left this turn.\n|inactive|zShanqzz has 90 seconds left.\n|\n|t:|1699819462\n|move|p2a: Naganadel|Dragon Pulse|p1a: Toxapex\n|-damage|p1a: Toxapex|31\/100\n|move|p1a: Toxapex|Haze|p1a: Toxapex\n|-clearallboost\n|\n|-heal|p1a: Toxapex|37\/100|[from] item: Black Sludge\n|upkeep\n|turn|30\n|\n|t:|1699819467\n|move|p2a: Naganadel|Dragon Pulse|p1a: Toxapex\n|-damage|p1a: Toxapex|9\/100\n|move|p1a: Toxapex|Recover|p1a: Toxapex\n|-heal|p1a: Toxapex|59\/100\n|\n|-heal|p1a: Toxapex|65\/100|[from] item: Black Sludge\n|upkeep\n|turn|31\n|\n|t:|1699819473\n|move|p2a: Naganadel|Nasty Plot|p2a: Naganadel\n|-boost|p2a: Naganadel|spa|2\n|move|p1a: Toxapex|Scald|p2a: Naganadel\n|-resisted|p2a: Naganadel\n|-damage|p2a: Naganadel|37\/100\n|\n|-heal|p1a: Toxapex|71\/100|[from] item: Black Sludge\n|upkeep\n|turn|32\n|\n|t:|1699819478\n|move|p2a: Naganadel|Dragon Pulse|p1a: Toxapex\n|-damage|p1a: Toxapex|18\/100\n|move|p1a: Toxapex|Haze|p1a: Toxapex\n|-clearallboost\n|\n|-heal|p1a: Toxapex|24\/100|[from] item: Black Sludge\n|upkeep\n|turn|33\n|inactive|zShanqzz has 120 seconds left.\n|inactive|zShanqzz has 90 seconds left.\n|\n|t:|1699819526\n|switch|p1a: Celesteela|Celesteela|100\/100\n|move|p2a: Naganadel|Dragon Pulse|p1a: Celesteela\n|-resisted|p1a: Celesteela\n|-damage|p1a: Celesteela|85\/100\n|\n|-heal|p1a: Celesteela|91\/100|[from] item: Leftovers\n|upkeep\n|turn|34\n|inactive|mr Deuzp has 60 seconds left.\n|\n|t:|1699819533\n|switch|p1a: Toxapex|Toxapex, F|57\/100\n|move|p2a: Naganadel|Flamethrower|p1a: Toxapex\n|-resisted|p1a: Toxapex\n|-damage|p1a: Toxapex|47\/100\n|\n|-heal|p1a: Toxapex|53\/100|[from] item: Black Sludge\n|upkeep\n|turn|35\n|inactive|zShanqzz has 90 seconds left.\n|\n|t:|1699819553\n|switch|p1a: Celesteela|Celesteela|91\/100\n|move|p2a: Naganadel|Dragon Pulse|p1a: Celesteela\n|-resisted|p1a: Celesteela\n|-damage|p1a: Celesteela|75\/100\n|\n|-heal|p1a: Celesteela|81\/100|[from] item: Leftovers\n|upkeep\n|turn|36\n|\n|t:|1699819561\n|switch|p2a: Ursaluna|Ursaluna, M, shiny|100\/100\n|-status|p2a: Ursaluna|tox\n|move|p1a: Celesteela|Leech Seed|p2a: Ursaluna\n|-start|p2a: Ursaluna|move: Leech Seed\n|\n|-heal|p1a: Celesteela|87\/100|[from] item: Leftovers\n|-damage|p2a: Ursaluna|88\/100 tox|[from] Leech Seed|[of] p1a: Celesteela\n|-heal|p1a: Celesteela|100\/100|[silent]\n|-damage|p2a: Ursaluna|82\/100 tox|[from] psn\n|upkeep\n|turn|37\n|inactive|zShanqzz has 60 seconds left.\n|\n|t:|1699819598\n|switch|p2a: Naganadel|Naganadel, shiny|37\/100\n|-sideend|p2: mr Deuzp|move: Toxic Spikes|[of] p2a: Naganadel\n|move|p1a: Celesteela|Protect||[still]\n|-fail|p1a: Celesteela\n|\n|upkeep\n|turn|38\n|inactive|zShanqzz has 60 seconds left.\n|inactive|mr Deuzp has 90 seconds left.\n|inactive|mr Deuzp has 60 seconds left.\n|\n|t:|1699819633\n|switch|p1a: Toxapex|Toxapex, F|86\/100\n|move|p2a: Naganadel|Flamethrower|p1a: Toxapex\n|-resisted|p1a: Toxapex\n|-damage|p1a: Toxapex|76\/100\n|\n|-heal|p1a: Toxapex|82\/100|[from] item: Black Sludge\n|upkeep\n|turn|39\n|inactive|zShanqzz has 60 seconds left.\n|\n|t:|1699819654\n|move|p2a: Naganadel|Nasty Plot|p2a: Naganadel\n|-boost|p2a: Naganadel|spa|2\n|move|p1a: Toxapex|Toxic Spikes|p2a: Naganadel\n|-sidestart|p2: mr Deuzp|move: Toxic Spikes\n|\n|-heal|p1a: Toxapex|88\/100|[from] item: Black Sludge\n|upkeep\n|turn|40\n|\n|t:|1699819659\n|move|p2a: Naganadel|Flamethrower|p1a: Toxapex\n|-resisted|p1a: Toxapex\n|-damage|p1a: Toxapex|68\/100\n|move|p1a: Toxapex|Haze|p1a: Toxapex\n|-clearallboost\n|\n|-heal|p1a: Toxapex|74\/100|[from] item: Black Sludge\n|upkeep\n|turn|41\n|\n|t:|1699819666\n|switch|p2a: Ursaluna|Ursaluna, M, shiny|82\/100 tox\n|move|p1a: Toxapex|Toxic Spikes|p2a: Ursaluna\n|-sidestart|p2: mr Deuzp|move: Toxic Spikes\n|\n|-heal|p1a: Toxapex|80\/100|[from] item: Black Sludge\n|-damage|p2a: Ursaluna|76\/100 tox|[from] psn\n|upkeep\n|turn|42\n|inactive|zShanqzz has 60 seconds left.\n|\n|t:|1699819701\n|-terastallize|p2a: Ursaluna|Normal\n|move|p2a: Ursaluna|Facade|p1a: Toxapex\n|-damage|p1a: Toxapex|0 fnt\n|faint|p1a: Toxapex\n|\n|-damage|p2a: Ursaluna|64\/100 tox|[from] psn\n|upkeep\n|\n|t:|1699819708\n|switch|p1a: Marshadow|Marshadow|100\/100\n|turn|43\n|\n|t:|1699819717\n|move|p1a: Marshadow|Close Combat|p2a: Ursaluna\n|-supereffective|p2a: Ursaluna\n|-damage|p2a: Ursaluna|0 fnt\n|-unboost|p1a: Marshadow|def|1\n|-unboost|p1a: Marshadow|spd|1\n|faint|p2a: Ursaluna\n|\n|upkeep\n|\n|t:|1699819722\n|switch|p2a: Naganadel|Naganadel, shiny|37\/100\n|-sideend|p2: mr Deuzp|move: Toxic Spikes|[of] p2a: Naganadel\n|turn|44\n|inactive|zShanqzz has 60 seconds left.\n|\n|t:|1699819747\n|switch|p1a: Zygarde|Zygarde|100\/100\n|move|p2a: Naganadel|Flamethrower|p1a: Zygarde\n|-resisted|p1a: Zygarde\n|-damage|p1a: Zygarde|87\/100\n|\n|-heal|p1a: Zygarde|93\/100|[from] item: Leftovers\n|upkeep\n|turn|45\n|inactive|mr Deuzp has 120 seconds left.\n|\n|t:|1699819767\n|move|p2a: Naganadel|Sludge Bomb|p1a: Zygarde\n|-resisted|p1a: Zygarde\n|-damage|p1a: Zygarde|72\/100\n|move|p1a: Zygarde|Glare|p2a: Naganadel\n|-status|p2a: Naganadel|par\n|\n|-heal|p1a: Zygarde|79\/100|[from] item: Leftovers\n|upkeep\n|turn|46\n|\n|t:|1699819782\n|move|p1a: Zygarde|Thousand Arrows|p2a: Naganadel\n|-supereffective|p2a: Naganadel\n|-damage|p2a: Naganadel|0 fnt\n|faint|p2a: Naganadel\n|\n|-heal|p1a: Zygarde|85\/100|[from] item: Leftovers\n|upkeep\n|inactive|mr Deuzp has 120 seconds left.\n|\n|t:|1699819810\n|switch|p2a: Chien-Pao|Chien-Pao|100\/100\n|-ability|p2a: Chien-Pao|Sword of Ruin\n|turn|47\n|\n|t:|1699819822\n|switch|p1a: Celesteela|Celesteela|100\/100\n|move|p2a: Chien-Pao|Swords Dance|p2a: Chien-Pao\n|-boost|p2a: Chien-Pao|atk|2\n|\n|upkeep\n|turn|48\n|\n|t:|1699819830\n|move|p2a: Chien-Pao|Swords Dance|p2a: Chien-Pao\n|-boost|p2a: Chien-Pao|atk|2\n|move|p1a: Celesteela|Flamethrower|p2a: Chien-Pao\n|-supereffective|p2a: Chien-Pao\n|-damage|p2a: Chien-Pao|30\/100\n|\n|upkeep\n|turn|49\n|\n|t:|1699819838\n|move|p2a: Chien-Pao|Sacred Sword|p1a: Celesteela\n|-damage|p1a: Celesteela|14\/100\n|move|p1a: Celesteela|Flamethrower|p2a: Chien-Pao\n|-supereffective|p2a: Chien-Pao\n|-damage|p2a: Chien-Pao|0 fnt\n|faint|p2a: Chien-Pao\n|-ability|p1a: Celesteela|Beast Boost|boost\n|-boost|p1a: Celesteela|def|1\n|\n|-heal|p1a: Celesteela|20\/100|[from] item: Leftovers\n|upkeep\n|\n|t:|1699819843\n|switch|p2a: Kyogre|Kyogre, shiny|100\/100\n|detailschange|p2a: Kyogre|Kyogre-Primal, shiny\n|-primal|p2a: Kyogre|Blue Orb\n|-weather|PrimordialSea|[from] ability: Primordial Sea|[of] p2a: Kyogre\n|turn|50\n|\n|t:|1699819851\n|move|p1a: Celesteela|Protect|p1a: Celesteela\n|-singleturn|p1a: Celesteela|Protect\n|move|p2a: Kyogre|Thunder|p1a: Celesteela\n|-activate|p1a: Celesteela|move: Protect\n|\n|-weather|PrimordialSea|[upkeep]\n|-heal|p1a: Celesteela|26\/100|[from] item: Leftovers\n|upkeep\n|turn|51\n|\n|t:|1699819861\n|switch|p1a: Groudon|Groudon|100\/100\n|detailschange|p1a: Groudon|Groudon-Primal\n|-primal|p1a: Groudon|Red Orb\n|-weather|DesolateLand|[from] ability: Desolate Land|[of] p1a: Groudon\n|move|p2a: Kyogre|Thunder|p1a: Groudon\n|-immune|p1a: Groudon\n|\n|-weather|DesolateLand|[upkeep]\n|upkeep\n|turn|52\n|\n|t:|1699819868\n|move|p1a: Groudon|Rock Polish|p1a: Groudon\n|-boost|p1a: Groudon|spe|2\n|move|p2a: Kyogre|Ice Beam|p1a: Groudon\n|-damage|p1a: Groudon|55\/100\n|\n|-weather|DesolateLand|[upkeep]\n|upkeep\n|turn|53\n|inactive|zShanqzz has 60 seconds left.\n|\n|t:|1699819890\n|move|p1a: Groudon|Precipice Blades|p2a: Kyogre\n|-damage|p2a: Kyogre|17\/100\n|move|p2a: Kyogre|Ice Beam|p1a: Groudon\n|-damage|p1a: Groudon|3\/100\n|\n|-weather|DesolateLand|[upkeep]\n|upkeep\n|turn|54\n|\n|t:|1699819898\n|move|p1a: Groudon|Precipice Blades|p2a: Kyogre\n|-damage|p2a: Kyogre|0 fnt\n|faint|p2a: Kyogre\n|\n|-weather|DesolateLand|[upkeep]\n|upkeep\n|\n|t:|1699819903\n|switch|p2a: Xerneas|Xerneas, shiny|100\/100\n|-ability|p2a: Xerneas|Fairy Aura\n|turn|55\n|\n|t:|1699819917\n|move|p1a: Groudon|Precipice Blades|p2a: Xerneas\n|-damage|p2a: Xerneas|37\/100\n|-zpower|p2a: Xerneas\n|move|p2a: Xerneas|Z-Geomancy||[anim]Geomancy|[still]\n|-boost|p2a: Xerneas|atk|1|[zeffect]\n|-boost|p2a: Xerneas|def|1|[zeffect]\n|-boost|p2a: Xerneas|spa|1|[zeffect]\n|-boost|p2a: Xerneas|spd|1|[zeffect]\n|-boost|p2a: Xerneas|spe|1|[zeffect]\n|-prepare|p2a: Xerneas|Geomancy\n|\n|-weather|DesolateLand|[upkeep]\n|upkeep\n|turn|56\n|\n|t:|1699819924\n|move|p1a: Groudon|Heat Crash|p2a: Xerneas\n|-damage|p2a: Xerneas|0 fnt\n|faint|p2a: Xerneas\n|\n|win|zShanqzz\n|raw|zShanqzz's rating: 1399 &rarr; <strong>1415<\/strong><br \/>(+16 for winning)\n|raw|mr Deuzp's rating: 1335 &rarr; <strong>1319<\/strong><br \/>(-16 for losing)\n|l|\u2606zShanqzz\n","uploadtime":1699819929,"views":15,"p1id":"zshanqzz","p2id":"mrdeuzp","formatid":"gen9nationaldexubers","rating":1319,"private":0,"password":""}