{"id":"gen9nationaldexubers-1993737632","p1":"Samdunker34","p2":"TheSnommunistParty","format":"[Gen 9] National Dex Ubers","log":"|j|\u2606Samdunker34\n|j|\u2606TheSnommunistParty\n|t:|1700351307\n|gametype|singles\n|player|p1|Samdunker34|buck|\n|player|p2|TheSnommunistParty|sabrina|\n|teamsize|p1|6\n|teamsize|p2|6\n|gen|9\n|tier|[Gen 9] National Dex Ubers\n|rule|HP Percentage Mod: HP is shown in percentages\n|rule|Endless Battle Clause: Forcing endless battles is banned\n|rule|OHKO Clause: OHKO moves are banned\n|rule|Evasion Moves Clause: Evasion moves are banned\n|rule|Evasion Items Clause: Evasion items are banned\n|rule|Species Clause: Limit one of each Pok\u00e9mon\n|rule|Sleep Clause Mod: Limit one foe put to sleep\n|rule|Mega Rayquaza Clause: You cannot mega evolve Rayquaza\n|clearpoke\n|poke|p1|Blaziken, M|\n|poke|p1|Zapdos|\n|poke|p1|Gallade, M|\n|poke|p1|Darmanitan-Galar, F|\n|poke|p1|Garchomp, F|\n|poke|p1|Sharpedo, F|\n|poke|p2|Clefable, F|\n|poke|p2|Gengar, M|\n|poke|p2|Glimmora, F|\n|poke|p2|Trevenant, F|\n|poke|p2|Aron, L1, F|\n|poke|p2|Tinkaton, F|\n|teampreview\n|j| PorygonTheBot\n|c| PorygonTheBot|I hope I win!\n|j| WesFromOaksLab\n|inactive|Battle timer is ON: inactive players will automatically lose when time's up. (requested by TheSnommunistParty)\n|\n|t:|1700351375\n|start\n|switch|p1a: Sharpedo|Sharpedo, F, shiny|100\/100\n|switch|p2a: Danny Phantump|Trevenant, F|100\/100\n|turn|1\n|inactive|Samdunker34 has 270 seconds left.\n|inactiveoff|Battle timer is now OFF.\n|\n|t:|1700351497\n|move|p1a: Sharpedo|Crunch|p2a: Danny Phantump\n|-supereffective|p2a: Danny Phantump\n|-enditem|p2a: Danny Phantump|Focus Sash\n|-damage|p2a: Danny Phantump|1\/100\n|-damage|p1a: Sharpedo|91\/100|[from] item: Life Orb\n|move|p2a: Danny Phantump|Trick Room|p2a: Danny Phantump\n|-fieldstart|move: Trick Room|[of] p2a: Danny Phantump\n|\n|-ability|p1a: Sharpedo|Speed Boost|boost\n|-boost|p1a: Sharpedo|spe|1\n|upkeep\n|turn|2\n|l| WesFromOaksLab\n|j| WesFromOaksLab\n|\n|t:|1700351526\n|move|p2a: Danny Phantump|Destiny Bond|p2a: Danny Phantump\n|-singlemove|p2a: Danny Phantump|Destiny Bond\n|move|p1a: Sharpedo|Crunch|p2a: Danny Phantump\n|-supereffective|p2a: Danny Phantump\n|-damage|p2a: Danny Phantump|0 fnt\n|faint|p2a: Danny Phantump\n|-activate|p2a: Danny Phantump|move: Destiny Bond\n|faint|p1a: Sharpedo\n|\n|upkeep\n|\n|t:|1700351559\n|switch|p2a: Kirby|Clefable, F|100\/100\n|switch|p1a: Gallade|Gallade, M, shiny|100\/100\n|turn|3\n|\n|t:|1700351580\n|detailschange|p1a: Gallade|Gallade-Mega, M, shiny\n|-mega|p1a: Gallade|Gallade|Galladite\n|move|p2a: Kirby|Moonblast|p1a: Gallade\n|-supereffective|p1a: Gallade\n|-damage|p1a: Gallade|0 fnt\n|faint|p1a: Gallade\n|\n|upkeep\n|\n|t:|1700351601\n|switch|p1a: Blaziken|Blaziken, M|100\/100\n|turn|4\n|\n|t:|1700351607\n|move|p2a: Kirby|Moonblast|p1a: Blaziken\n|-damage|p1a: Blaziken|5\/100\n|move|p1a: Blaziken|Flare Blitz|p2a: Kirby\n|-damage|p2a: Kirby|30\/100\n|-damage|p1a: Blaziken|0 fnt|[from] Recoil\n|faint|p1a: Blaziken\n|\n|upkeep\n|\n|t:|1700351623\n|switch|p1a: Garchomp|Garchomp, F|100\/100\n|turn|5\n|\n|t:|1700351634\n|move|p2a: Kirby|Moonblast|p1a: Garchomp\n|-supereffective|p1a: Garchomp\n|-damage|p1a: Garchomp|0 fnt\n|faint|p1a: Garchomp\n|\n|-fieldend|move: Trick Room\n|upkeep\n|\n|t:|1700351653\n|switch|p1a: Darmanitan|Darmanitan-Galar, F|100\/100\n|turn|6\n|\n|t:|1700351671\n|move|p1a: Darmanitan|Icicle Crash|p2a: Kirby|[miss]\n|-miss|p1a: Darmanitan|p2a: Kirby\n|move|p2a: Kirby|Moonblast|p1a: Darmanitan\n|-damage|p1a: Darmanitan|4\/100\n|\n|upkeep\n|turn|7\n|\n|t:|1700351677\n|move|p1a: Darmanitan|Icicle Crash|p2a: Kirby\n|-damage|p2a: Kirby|0 fnt\n|faint|p2a: Kirby\n|\n|upkeep\n|\n|t:|1700351688\n|switch|p2a: District 1 Tribute|Glimmora, F|100\/100\n|turn|8\n|\n|t:|1700351700\n|move|p1a: Darmanitan|Icicle Crash|p2a: District 1 Tribute\n|-damage|p2a: District 1 Tribute|27\/100\n|-activate|p2a: District 1 Tribute|ability: Toxic Debris\n|-sidestart|p1: Samdunker34|move: Toxic Spikes\n|move|p2a: District 1 Tribute|Sandstorm|p2a: District 1 Tribute\n|-weather|Sandstorm\n|\n|-weather|Sandstorm|[upkeep]\n|-damage|p1a: Darmanitan|0 fnt|[from] Sandstorm\n|faint|p1a: Darmanitan\n|upkeep\n|\n|t:|1700351708\n|switch|p1a: Zapdos|Zapdos|100\/100\n|turn|9\n|\n|t:|1700351726\n|move|p2a: District 1 Tribute|Spiky Shield|p2a: District 1 Tribute\n|-singleturn|p2a: District 1 Tribute|move: Protect\n|move|p1a: Zapdos|Thunderbolt|p2a: District 1 Tribute\n|-activate|p2a: District 1 Tribute|move: Protect\n|\n|-weather|Sandstorm|[upkeep]\n|-damage|p1a: Zapdos|94\/100|[from] Sandstorm\n|upkeep\n|turn|10\n|\n|t:|1700351739\n|move|p1a: Zapdos|Thunderbolt|p2a: District 1 Tribute\n|-damage|p2a: District 1 Tribute|0 fnt\n|faint|p2a: District 1 Tribute\n|\n|-weather|Sandstorm|[upkeep]\n|-damage|p1a: Zapdos|88\/100|[from] Sandstorm\n|upkeep\n|\n|t:|1700351744\n|switch|p2a: A-A-RON|Aron, L1, F|100\/100\n|turn|11\n|\n|t:|1700351757\n|move|p1a: Zapdos|Volt Switch|p2a: A-A-RON\n|-ability|p2a: A-A-RON|Sturdy\n|-damage|p2a: A-A-RON|9\/100\n|move|p2a: A-A-RON|Endeavor|p1a: Zapdos\n|-damage|p1a: Zapdos|1\/100\n|-status|p2a: A-A-RON|par|[from] ability: Static|[of] p1a: Zapdos\n|\n|-weather|Sandstorm|[upkeep]\n|-damage|p1a: Zapdos|0 fnt|[from] Sandstorm\n|faint|p1a: Zapdos\n|\n|win|TheSnommunistParty\n|upkeep\n|l| PorygonTheBot\n|c|\u2606TheSnommunistParty|GG\n|c|\u2606Samdunker34|gg\n|l| WesFromOaksLab\n|l|\u2606TheSnommunistParty\n","uploadtime":1700351758,"views":33,"p1id":"samdunker34","p2id":"thesnommunistparty","formatid":"gen9nationaldexubers","rating":0,"private":0,"password":""}