{"id":"gen9nationaldexubers-1998100222","p1":"Bandite","p2":"shfeha","format":"[Gen 9] National Dex Ubers","log":"|j|\u2606Bandite\n|j|\u2606shfeha\n|t:|1700891302\n|gametype|singles\n|player|p1|Bandite|clay|1024\n|player|p2|shfeha|li|1047\n|teamsize|p1|3\n|teamsize|p2|6\n|gen|9\n|tier|[Gen 9] National Dex Ubers\n|rated|\n|rule|HP Percentage Mod: HP is shown in percentages\n|rule|Endless Battle Clause: Forcing endless battles is banned\n|rule|OHKO Clause: OHKO moves are banned\n|rule|Evasion Moves Clause: Evasion moves are banned\n|rule|Evasion Items Clause: Evasion items are banned\n|rule|Species Clause: Limit one of each Pok\u00e9mon\n|rule|Sleep Clause Mod: Limit one foe put to sleep\n|rule|Mega Rayquaza Clause: You cannot mega evolve Rayquaza\n|clearpoke\n|poke|p1|Glimmora, F|\n|poke|p1|Orthworm, F|\n|poke|p1|Espathra, F|\n|poke|p2|Melmetal|\n|poke|p2|Arceus-Fairy|\n|poke|p2|Solgaleo|\n|poke|p2|Calyrex-Ice|\n|poke|p2|Cresselia, F|\n|poke|p2|Kyogre|\n|teampreview\n|inactive|Battle timer is ON: inactive players will automatically lose when time's up. (requested by shfeha)\n|\n|t:|1700891314\n|start\n|switch|p1a: Good hazards|Glimmora, F|100\/100\n|switch|p2a: Solgaleo|Solgaleo, shiny|100\/100\n|turn|1\n|\n|t:|1700891319\n|move|p1a: Good hazards|Stealth Rock|p2a: Solgaleo\n|-sidestart|p2: shfeha|move: Stealth Rock\n|move|p2a: Solgaleo|Trick Room|p2a: Solgaleo\n|-fieldstart|move: Trick Room|[of] p2a: Solgaleo\n|\n|upkeep\n|turn|2\n|\n|t:|1700891329\n|move|p1a: Good hazards|Toxic|p2a: Solgaleo\n|-immune|p2a: Solgaleo\n|move|p2a: Solgaleo|Teleport|p2a: Solgaleo\n|\n|t:|1700891332\n|switch|p2a: Melmetal|Melmetal|100\/100|[from] Teleport\n|-damage|p2a: Melmetal|94\/100|[from] Stealth Rock\n|\n|upkeep\n|turn|3\n|\n|t:|1700891338\n|-terastallize|p2a: Melmetal|Steel\n|move|p2a: Melmetal|Double Iron Bash|p1a: Good hazards\n|-supereffective|p1a: Good hazards\n|-enditem|p1a: Good hazards|Focus Sash\n|-damage|p1a: Good hazards|1\/100\n|-activate|p1a: Good hazards|ability: Toxic Debris\n|-sidestart|p2: shfeha|move: Toxic Spikes\n|-supereffective|p1a: Good hazards\n|-damage|p1a: Good hazards|0 fnt\n|-activate|p1a: Good hazards|ability: Toxic Debris\n|-sidestart|p2: shfeha|move: Toxic Spikes\n|faint|p1a: Good hazards\n|-hitcount|p1: Good hazards|2\n|\n|upkeep\n|\n|t:|1700891344\n|switch|p1a: Would u still love|Orthworm, F|100\/100\n|turn|4\n|\n|t:|1700891346\n|move|p2a: Melmetal|Double Iron Bash|p1a: Would u still love\n|-resisted|p1a: Would u still love\n|-damage|p1a: Would u still love|75\/100\n|-resisted|p1a: Would u still love\n|-damage|p1a: Would u still love|48\/100\n|-enditem|p1a: Would u still love|Sitrus Berry|[eat]\n|-heal|p1a: Would u still love|73\/100|[from] item: Sitrus Berry\n|-hitcount|p1a: Would u still love|2\n|cant|p1a: Would u still love|flinch\n|\n|upkeep\n|turn|5\n|\n|t:|1700891354\n|move|p2a: Melmetal|Double Iron Bash|p1a: Would u still love\n|-resisted|p1a: Would u still love\n|-damage|p1a: Would u still love|50\/100\n|-resisted|p1a: Would u still love\n|-damage|p1a: Would u still love|24\/100\n|-hitcount|p1a: Would u still love|2\n|cant|p1a: Would u still love|flinch\n|\n|-fieldend|move: Trick Room\n|upkeep\n|turn|6\n|\n|t:|1700891360\n|switch|p1a: The CHICKen|Espathra, F|100\/100\n|move|p2a: Melmetal|Double Iron Bash|p1a: The CHICKen\n|-damage|p1a: The CHICKen|24\/100\n|-damage|p1a: The CHICKen|0 fnt\n|faint|p1a: The CHICKen\n|-hitcount|p1: The CHICKen|2\n|\n|upkeep\n|-message|Bandite forfeited.\n|\n|win|shfeha\n|raw|Bandite's rating: 1024 &rarr; <strong>1011<\/strong><br \/>(-13 for losing)\n|raw|shfeha's rating: 1047 &rarr; <strong>1078<\/strong><br \/>(+31 for winning)\n|l|\u2606Bandite\n","uploadtime":1700891366,"views":1,"p1id":"bandite","p2id":"shfeha","formatid":"gen9nationaldexubers","rating":1011,"private":0,"password":""}