{"id":"gen9nationaldexubers-1990975329","p1":"bgileguy","p2":"Rhyfinn 05","format":"[Gen 9] National Dex Ubers","log":"|j|\u2606bgileguy\n|j|\u2606Rhyfinn 05\n|t:|1700022067\n|gametype|singles\n|player|p1|bgileguy|koga|1253\n|player|p2|Rhyfinn 05|alder|1124\n|teamsize|p1|6\n|teamsize|p2|6\n|gen|9\n|tier|[Gen 9] National Dex Ubers\n|rated|\n|rule|HP Percentage Mod: HP is shown in percentages\n|rule|Endless Battle Clause: Forcing endless battles is banned\n|rule|OHKO Clause: OHKO moves are banned\n|rule|Evasion Moves Clause: Evasion moves are banned\n|rule|Evasion Items Clause: Evasion items are banned\n|rule|Species Clause: Limit one of each Pok\u00e9mon\n|rule|Sleep Clause Mod: Limit one foe put to sleep\n|rule|Mega Rayquaza Clause: You cannot mega evolve Rayquaza\n|clearpoke\n|poke|p1|Barbaracle, M|\n|poke|p1|Polteageist|\n|poke|p1|Raticate, M|\n|poke|p1|Marshadow|\n|poke|p1|Cloyster, M|\n|poke|p1|Diancie|\n|poke|p2|Groudon|\n|poke|p2|Xerneas-*|\n|poke|p2|Marshadow|\n|poke|p2|Necrozma-Dusk-Mane|\n|poke|p2|Deoxys-Speed|\n|poke|p2|Pheromosa|\n|teampreview\n|inactive|Battle timer is ON: inactive players will automatically lose when time's up. (requested by Rhyfinn 05)\n|\n|t:|1700022089\n|start\n|switch|p1a: Master Splinter|Raticate, M|100\/100\n|switch|p2a: Deoxys|Deoxys-Speed, shiny|100\/100\n|-ability|p2a: Deoxys|Pressure\n|turn|1\n|\n|t:|1700022117\n|move|p2a: Deoxys|Taunt|p1a: Master Splinter\n|-start|p1a: Master Splinter|move: Taunt\n|cant|p1a: Master Splinter|move: Taunt|Swords Dance\n|\n|-status|p1a: Master Splinter|brn|[from] item: Flame Orb\n|upkeep\n|turn|2\n|\n|t:|1700022136\n|move|p2a: Deoxys|Stealth Rock|p1a: Master Splinter\n|-sidestart|p1: bgileguy|move: Stealth Rock\n|move|p1a: Master Splinter|Facade|p2a: Deoxys\n|-damage|p2a: Deoxys|2\/100\n|\n|-damage|p1a: Master Splinter|95\/100 brn|[from] brn\n|upkeep\n|turn|3\n|\n|t:|1700022145\n|move|p1a: Master Splinter|Sucker Punch||[still]\n|-fail|p1a: Master Splinter\n|move|p2a: Deoxys|Spikes|p1a: Master Splinter\n|-sidestart|p1: bgileguy|Spikes\n|\n|-damage|p1a: Master Splinter|89\/100 brn|[from] brn\n|-end|p1a: Master Splinter|move: Taunt\n|upkeep\n|turn|4\n|inactive|Rhyfinn 05 has 120 seconds left.\n|\n|t:|1700022179\n|move|p2a: Deoxys|Taunt|p1a: Master Splinter\n|-start|p1a: Master Splinter|move: Taunt\n|move|p1a: Master Splinter|Facade|p2a: Deoxys\n|-damage|p2a: Deoxys|0 fnt\n|faint|p2a: Deoxys\n|\n|-damage|p1a: Master Splinter|83\/100 brn|[from] brn\n|upkeep\n|\n|t:|1700022186\n|switch|p2a: Pheromosa|Pheromosa|100\/100\n|turn|5\n|\n|t:|1700022195\n|switch|p1a: Mrs. Potts|Polteageist, shiny|100\/100\n|-damage|p1a: Mrs. Potts|88\/100|[from] Stealth Rock\n|-damage|p1a: Mrs. Potts|76\/100|[from] Spikes\n|move|p2a: Pheromosa|Close Combat|p1a: Mrs. Potts\n|-immune|p1a: Mrs. Potts\n|\n|upkeep\n|turn|6\n|inactive|Rhyfinn 05 has 120 seconds left.\n|\n|t:|1700022217\n|move|p2a: Pheromosa|Taunt|p1a: Mrs. Potts\n|-start|p1a: Mrs. Potts|move: Taunt\n|cant|p1a: Mrs. Potts|move: Taunt|Shell Smash\n|\n|upkeep\n|turn|7\n|inactive|Rhyfinn 05 has 120 seconds left.\n|\n|t:|1700022242\n|-terastallize|p2a: Pheromosa|Ice\n|move|p2a: Pheromosa|Triple Axel|p1a: Mrs. Potts\n|-damage|p1a: Mrs. Potts|49\/100\n|-damage|p1a: Mrs. Potts|0 fnt\n|faint|p1a: Mrs. Potts\n|-ability|p2a: Pheromosa|Beast Boost|boost\n|-boost|p2a: Pheromosa|spe|1\n|-hitcount|p1: Mrs. Potts|2\n|-damage|p2a: Pheromosa|91\/100|[from] item: Life Orb\n|\n|upkeep\n|\n|t:|1700022255\n|switch|p1a: Master Splinter|Raticate, M|83\/100 brn\n|-damage|p1a: Master Splinter|70\/100 brn|[from] Stealth Rock\n|-damage|p1a: Master Splinter|58\/100 brn|[from] Spikes\n|turn|8\n|inactive|Rhyfinn 05 has 120 seconds left.\n|\n|t:|1700022267\n|switch|p2a: Groudon|Groudon, shiny|100\/100\n|detailschange|p2a: Groudon|Groudon-Primal, shiny\n|-primal|p2a: Groudon|Red Orb\n|-weather|DesolateLand|[from] ability: Desolate Land|[of] p2a: Groudon\n|move|p1a: Master Splinter|Swords Dance|p1a: Master Splinter\n|-boost|p1a: Master Splinter|atk|2\n|\n|-weather|DesolateLand|[upkeep]\n|-damage|p1a: Master Splinter|52\/100 brn|[from] brn\n|upkeep\n|turn|9\n|inactive|Rhyfinn 05 has 120 seconds left.\n|\n|t:|1700022276\n|move|p1a: Master Splinter|Facade|p2a: Groudon\n|-damage|p2a: Groudon|0 fnt\n|faint|p2a: Groudon\n|-weather|none\n|\n|-damage|p1a: Master Splinter|46\/100 brn|[from] brn\n|upkeep\n|inactive|Rhyfinn 05 has 120 seconds left.\n|\n|t:|1700022281\n|switch|p2a: Marshadow|Marshadow|100\/100\n|turn|10\n|\n|t:|1700022287\n|move|p1a: Master Splinter|Sucker Punch|p2a: Marshadow\n|-damage|p2a: Marshadow|31\/100\n|move|p2a: Marshadow|Close Combat|p1a: Master Splinter\n|-supereffective|p1a: Master Splinter\n|-damage|p1a: Master Splinter|0 fnt\n|-unboost|p2a: Marshadow|def|1\n|-unboost|p2a: Marshadow|spd|1\n|faint|p1a: Master Splinter\n|\n|upkeep\n|\n|t:|1700022301\n|switch|p1a: Mr. Miyagi|Marshadow|100\/100\n|-damage|p1a: Mr. Miyagi|94\/100|[from] Stealth Rock\n|-damage|p1a: Mr. Miyagi|82\/100|[from] Spikes\n|turn|11\n|\n|t:|1700022308\n|move|p2a: Marshadow|Shadow Sneak|p1a: Mr. Miyagi\n|-supereffective|p1a: Mr. Miyagi\n|-damage|p1a: Mr. Miyagi|9\/100\n|move|p1a: Mr. Miyagi|Shadow Sneak|p2a: Marshadow\n|-supereffective|p2a: Marshadow\n|-damage|p2a: Marshadow|0 fnt\n|faint|p2a: Marshadow\n|\n|upkeep\n|\n|t:|1700022328\n|switch|p2a: Xerneas|Xerneas|100\/100\n|-ability|p2a: Xerneas|Fairy Aura\n|turn|12\n|\n|t:|1700022342\n|move|p1a: Mr. Miyagi|Bulk Up|p1a: Mr. Miyagi\n|-boost|p1a: Mr. Miyagi|atk|1\n|-boost|p1a: Mr. Miyagi|def|1\n|move|p2a: Xerneas|Geomancy||[still]\n|-prepare|p2a: Xerneas|Geomancy\n|-enditem|p2a: Xerneas|Power Herb\n|-anim|p2a: Xerneas|Geomancy|p2a: Xerneas\n|-boost|p2a: Xerneas|spa|2\n|-boost|p2a: Xerneas|spd|2\n|-boost|p2a: Xerneas|spe|2\n|\n|upkeep\n|turn|13\n|\n|t:|1700022351\n|move|p1a: Mr. Miyagi|Shadow Sneak|p2a: Xerneas\n|-damage|p2a: Xerneas|61\/100\n|move|p2a: Xerneas|Moonblast|p1a: Mr. Miyagi\n|-supereffective|p1a: Mr. Miyagi\n|-damage|p1a: Mr. Miyagi|0 fnt\n|faint|p1a: Mr. Miyagi\n|\n|upkeep\n|\n|t:|1700022364\n|switch|p1a: Carrie|Diancie, shiny|100\/100\n|-damage|p1a: Carrie|88\/100|[from] Stealth Rock\n|-damage|p1a: Carrie|76\/100|[from] Spikes\n|turn|14\n|\n|t:|1700022371\n|detailschange|p1a: Carrie|Diancie-Mega, shiny\n|-mega|p1a: Carrie|Diancie|Diancite\n|move|p2a: Xerneas|Moonblast|p1a: Carrie\n|-damage|p1a: Carrie|0 fnt\n|faint|p1a: Carrie\n|\n|upkeep\n|-message|bgileguy forfeited.\n|\n|win|Rhyfinn 05\n|raw|bgileguy's rating: 1253 &rarr; <strong>1219<\/strong><br \/>(-34 for losing)\n|raw|Rhyfinn 05's rating: 1124 &rarr; <strong>1158<\/strong><br \/>(+34 for winning)\n|l|\u2606bgileguy\n","uploadtime":1700022395,"views":7,"p1id":"bgileguy","p2id":"rhyfinn05","formatid":"gen9nationaldexubers","rating":1158,"private":0,"password":""}