{"id":"gen9nationaldexubers-1991582571","p1":"Garchomp8000","p2":"NoahTheGreat6.4","format":"[Gen 9] National Dex Ubers","log":"|j|\u2606Garchomp8000\n|j|\u2606NoahTheGreat6.4\n|t:|1700090822\n|gametype|singles\n|player|p1|Garchomp8000|policeman-gen4|1359\n|player|p2|NoahTheGreat6.4|giovanni|1448\n|teamsize|p1|6\n|teamsize|p2|6\n|gen|9\n|tier|[Gen 9] National Dex Ubers\n|rated|\n|rule|HP Percentage Mod: HP is shown in percentages\n|rule|Endless Battle Clause: Forcing endless battles is banned\n|rule|OHKO Clause: OHKO moves are banned\n|rule|Evasion Moves Clause: Evasion moves are banned\n|rule|Evasion Items Clause: Evasion items are banned\n|rule|Species Clause: Limit one of each Pok\u00e9mon\n|rule|Sleep Clause Mod: Limit one foe put to sleep\n|rule|Mega Rayquaza Clause: You cannot mega evolve Rayquaza\n|clearpoke\n|poke|p1|Yveltal|\n|poke|p1|Volcanion|\n|poke|p1|Zekrom|\n|poke|p1|Ditto|\n|poke|p1|Xatu, M|\n|poke|p1|Malamar, M|\n|poke|p2|Arceus-Steel|\n|poke|p2|Melmetal|\n|poke|p2|Metagross|\n|poke|p2|Dialga-Origin|\n|poke|p2|Kartana|\n|poke|p2|Stakataka|\n|teampreview\n|inactive|Battle timer is ON: inactive players will automatically lose when time's up. (requested by Garchomp8000)\n|\n|t:|1700090854\n|start\n|switch|p1a: Ditto|Ditto|100\/100\n|switch|p2a: Stakataka|Stakataka|100\/100\n|-transform|p1a: Ditto|p2a: Stakataka|[from] ability: Imposter\n|turn|1\n|\n|t:|1700090868\n|switch|p1a: Yveltal|Yveltal|100\/100\n|-ability|p1a: Yveltal|Dark Aura\n|-terastallize|p2a: Stakataka|Rock\n|move|p2a: Stakataka|Earthquake|p1a: Yveltal\n|-immune|p1a: Yveltal\n|\n|upkeep\n|turn|2\n|\n|t:|1700090890\n|move|p1a: Yveltal|Dark Pulse|p2a: Stakataka\n|-damage|p2a: Stakataka|53\/100\n|move|p2a: Stakataka|Stone Edge|p1a: Yveltal\n|-supereffective|p1a: Yveltal\n|-damage|p1a: Yveltal|0 fnt\n|faint|p1a: Yveltal\n|-ability|p2a: Stakataka|Beast Boost|boost\n|-boost|p2a: Stakataka|def|1\n|\n|upkeep\n|\n|t:|1700090896\n|switch|p1a: Volcanion|Volcanion|100\/100\n|turn|3\n|\n|t:|1700090899\n|move|p1a: Volcanion|Steam Eruption|p2a: Stakataka\n|-supereffective|p2a: Stakataka\n|-damage|p2a: Stakataka|0 fnt\n|faint|p2a: Stakataka\n|\n|upkeep\n|\n|t:|1700090903\n|switch|p2a: Melmetal|Melmetal|100\/100\n|turn|4\n|\n|t:|1700090919\n|move|p1a: Volcanion|Heat Wave|p2a: Melmetal\n|-supereffective|p2a: Melmetal\n|-damage|p2a: Melmetal|0 fnt\n|faint|p2a: Melmetal\n|\n|upkeep\n|\n|t:|1700090927\n|switch|p2a: Arceus|Arceus-Steel|100\/100\n|turn|5\n|\n|t:|1700090929\n|move|p2a: Arceus|Calm Mind|p2a: Arceus\n|-boost|p2a: Arceus|spa|1\n|-boost|p2a: Arceus|spd|1\n|move|p1a: Volcanion|Heat Wave|p2a: Arceus\n|-supereffective|p2a: Arceus\n|-damage|p2a: Arceus|51\/100\n|\n|upkeep\n|turn|6\n|\n|t:|1700090935\n|move|p2a: Arceus|Psychic|p1a: Volcanion\n|-damage|p1a: Volcanion|51\/100\n|move|p1a: Volcanion|Heat Wave|p2a: Arceus\n|-supereffective|p2a: Arceus\n|-damage|p2a: Arceus|7\/100\n|\n|upkeep\n|turn|7\n|\n|t:|1700090941\n|move|p2a: Arceus|Psychic|p1a: Volcanion\n|-damage|p1a: Volcanion|4\/100\n|move|p1a: Volcanion|Steam Eruption|p2a: Arceus\n|-damage|p2a: Arceus|0 fnt\n|faint|p2a: Arceus\n|\n|upkeep\n|\n|t:|1700090944\n|switch|p2a: Metagross|Metagross|100\/100\n|turn|8\n|inactive|Garchomp8000 has 120 seconds left.\n|\n|t:|1700090977\n|move|p2a: Metagross|Bullet Punch|p1a: Volcanion\n|-resisted|p1a: Volcanion\n|-damage|p1a: Volcanion|0 fnt\n|faint|p1a: Volcanion\n|\n|upkeep\n|\n|t:|1700090979\n|switch|p1a: Ditto|Ditto|100\/100\n|-transform|p1a: Ditto|p2a: Metagross|[from] ability: Imposter\n|turn|9\n|\n|t:|1700090986\n|detailschange|p2a: Metagross|Metagross-Mega\n|-mega|p2a: Metagross|Metagross|Metagrossite\n|move|p2a: Metagross|Bullet Punch|p1a: Ditto\n|-resisted|p1a: Ditto\n|-damage|p1a: Ditto|88\/100\n|move|p1a: Ditto|Bullet Punch|p2a: Metagross\n|-resisted|p2a: Metagross\n|-damage|p2a: Metagross|92\/100\n|\n|upkeep\n|turn|10\n|\n|t:|1700090992\n|switch|p1a: Zekrom|Zekrom|100\/100\n|-ability|p1a: Zekrom|Teravolt\n|move|p2a: Metagross|Meteor Mash|p1a: Zekrom\n|-resisted|p1a: Zekrom\n|-crit|p1a: Zekrom\n|-damage|p1a: Zekrom|59\/100\n|-boost|p2a: Metagross|atk|1\n|\n|upkeep\n|turn|11\n|\n|t:|1700091002\n|move|p2a: Metagross|Ice Punch|p1a: Zekrom\n|-supereffective|p1a: Zekrom\n|-damage|p1a: Zekrom|0 fnt\n|faint|p1a: Zekrom\n|\n|upkeep\n|\n|t:|1700091007\n|switch|p1a: Malamar|Malamar, M|100\/100\n|turn|12\n|\n|t:|1700091012\n|move|p2a: Metagross|Meteor Mash|p1a: Malamar\n|-damage|p1a: Malamar|29\/100\n|-boost|p2a: Metagross|atk|1\n|move|p1a: Malamar|Acupressure|p1a: Malamar\n|-boost|p1a: Malamar|evasion|2\n|\n|upkeep\n|turn|13\n|\n|t:|1700091018\n|move|p2a: Metagross|Bullet Punch|p1a: Malamar|[miss]\n|-miss|p2a: Metagross|p1a: Malamar\n|move|p1a: Malamar|Topsy-Turvy|p2a: Metagross\n|-invertboost|p2a: Metagross|[from] move: Topsy-Turvy\n|\n|upkeep\n|turn|14\n|\n|t:|1700091033\n|move|p2a: Metagross|Meteor Mash|p1a: Malamar\n|-damage|p1a: Malamar|7\/100\n|move|p1a: Malamar|Acupressure|p1a: Malamar\n|-boost|p1a: Malamar|def|2\n|\n|upkeep\n|turn|15\n|\n|t:|1700091039\n|move|p2a: Metagross|Bullet Punch|p1a: Malamar\n|-damage|p1a: Malamar|1\/100\n|move|p1a: Malamar|Rest|p1a: Malamar\n|-status|p1a: Malamar|slp|[from] move: Rest\n|-heal|p1a: Malamar|100\/100 slp|[silent]\n|\n|upkeep\n|turn|16\n|\n|t:|1700091047\n|switch|p2a: Dialga|Dialga-Origin|100\/100\n|-ability|p2a: Dialga|Pressure\n|cant|p1a: Malamar|slp\n|\n|upkeep\n|turn|17\n|\n|t:|1700091057\n|move|p2a: Dialga|Steel Beam|p1a: Malamar|[miss]\n|-miss|p2a: Dialga|p1a: Malamar\n|-damage|p2a: Dialga|50\/100|[from] steelbeam\n|cant|p1a: Malamar|slp\n|\n|upkeep\n|turn|18\n|\n|t:|1700091066\n|move|p2a: Dialga|Steel Beam|p1a: Malamar\n|-enditem|p1a: Malamar|Focus Sash\n|-damage|p1a: Malamar|1\/100 slp\n|-damage|p2a: Dialga|0 fnt|[from] steelbeam\n|faint|p2a: Dialga\n|-curestatus|p1a: Malamar|slp|[msg]\n|move|p1a: Malamar|Acupressure|p1a: Malamar\n|-boost|p1a: Malamar|spd|2\n|\n|upkeep\n|\n|t:|1700091079\n|switch|p2a: Kartana|Kartana|100\/100\n|turn|19\n|\n|t:|1700091085\n|move|p2a: Kartana|Knock Off|p1a: Malamar|[miss]\n|-miss|p2a: Kartana|p1a: Malamar\n|move|p1a: Malamar|Rest|p1a: Malamar\n|-status|p1a: Malamar|slp|[from] move: Rest\n|-heal|p1a: Malamar|100\/100 slp|[silent]\n|\n|upkeep\n|turn|20\n|\n|t:|1700091091\n|move|p2a: Kartana|Knock Off|p1a: Malamar\n|-damage|p1a: Malamar|90\/100 slp\n|cant|p1a: Malamar|slp\n|\n|upkeep\n|turn|21\n|\n|t:|1700091096\n|switch|p2a: Metagross|Metagross-Mega|92\/100\n|cant|p1a: Malamar|slp\n|\n|upkeep\n|turn|22\n|\n|t:|1700091103\n|move|p2a: Metagross|Meteor Mash|p1a: Malamar|[miss]\n|-miss|p2a: Metagross|p1a: Malamar\n|-curestatus|p1a: Malamar|slp|[msg]\n|move|p1a: Malamar|Acupressure|p1a: Malamar\n|-boost|p1a: Malamar|spe|2\n|\n|upkeep\n|turn|23\n|\n|t:|1700091108\n|move|p1a: Malamar|Acupressure|p1a: Malamar\n|-boost|p1a: Malamar|spa|2\n|move|p2a: Metagross|Meteor Mash|p1a: Malamar|[miss]\n|-miss|p2a: Metagross|p1a: Malamar\n|\n|upkeep\n|turn|24\n|\n|t:|1700091111\n|move|p1a: Malamar|Acupressure|p1a: Malamar\n|-boost|p1a: Malamar|evasion|2\n|move|p2a: Metagross|Meteor Mash|p1a: Malamar\n|-damage|p1a: Malamar|68\/100\n|\n|upkeep\n|turn|25\n|\n|t:|1700091118\n|move|p1a: Malamar|Acupressure|p1a: Malamar\n|-boost|p1a: Malamar|accuracy|2\n|move|p2a: Metagross|Meteor Mash|p1a: Malamar|[miss]\n|-miss|p2a: Metagross|p1a: Malamar\n|\n|upkeep\n|turn|26\n|\n|t:|1700091140\n|move|p1a: Malamar|Acupressure|p1a: Malamar\n|-boost|p1a: Malamar|evasion|2\n|move|p2a: Metagross|Meteor Mash|p1a: Malamar\n|-damage|p1a: Malamar|43\/100\n|\n|upkeep\n|turn|27\n|\n|t:|1700091148\n|move|p1a: Malamar|Acupressure|p1a: Malamar\n|-boost|p1a: Malamar|def|2\n|move|p2a: Metagross|Meteor Mash|p1a: Malamar\n|-damage|p1a: Malamar|27\/100\n|\n|upkeep\n|turn|28\n|\n|t:|1700091155\n|move|p1a: Malamar|Acupressure|p1a: Malamar\n|-boost|p1a: Malamar|accuracy|2\n|move|p2a: Metagross|Meteor Mash|p1a: Malamar|[miss]\n|-miss|p2a: Metagross|p1a: Malamar\n|\n|upkeep\n|turn|29\n|\n|t:|1700091161\n|switch|p2a: Kartana|Kartana|100\/100\n|move|p1a: Malamar|Rest|p1a: Malamar\n|-status|p1a: Malamar|slp|[from] move: Rest\n|-heal|p1a: Malamar|100\/100 slp|[silent]\n|\n|upkeep\n|turn|30\n|\n|t:|1700091167\n|move|p2a: Kartana|Sacred Sword|p1a: Malamar\n|-damage|p1a: Malamar|71\/100 slp\n|cant|p1a: Malamar|slp\n|\n|upkeep\n|turn|31\n|\n|t:|1700091171\n|move|p2a: Kartana|Sacred Sword|p1a: Malamar\n|-damage|p1a: Malamar|44\/100 slp\n|cant|p1a: Malamar|slp\n|\n|upkeep\n|turn|32\n|\n|t:|1700091180\n|-terastallize|p1a: Malamar|Ghost\n|move|p2a: Kartana|Sacred Sword|p1a: Malamar\n|-immune|p1a: Malamar\n|-curestatus|p1a: Malamar|slp|[msg]\n|move|p1a: Malamar|Acupressure|p1a: Malamar\n|-boost|p1a: Malamar|def|2\n|\n|upkeep\n|turn|33\n|-message|NoahTheGreat6.4 forfeited.\n|\n|win|Garchomp8000\n|raw|Garchomp8000's rating: 1359 &rarr; <strong>1384<\/strong><br \/>(+25 for winning)\n|raw|NoahTheGreat6.4's rating: 1448 &rarr; <strong>1423<\/strong><br \/>(-25 for losing)\n|c|\u2606Garchomp8000|GG\n","uploadtime":1700091232,"views":9,"p1id":"garchomp8000","p2id":"noahthegreat64","formatid":"gen9nationaldexubers","rating":1384,"private":0,"password":""}