{"id":"gen9nationaldexubers-1988751768","p1":"BaraTheUmbraKing","p2":"Kai Zomei","format":"[Gen 9] National Dex Ubers","log":"|j|\u2606BaraTheUmbraKing\n|j|\u2606Kai Zomei\n|t:|1699758534\n|gametype|singles\n|player|p1|BaraTheUmbraKing|bellelba|\n|player|p2|Kai Zomei|gambler|\n|teamsize|p1|6\n|teamsize|p2|6\n|gen|9\n|tier|[Gen 9] National Dex Ubers\n|rule|HP Percentage Mod: HP is shown in percentages\n|rule|Endless Battle Clause: Forcing endless battles is banned\n|rule|OHKO Clause: OHKO moves are banned\n|rule|Evasion Moves Clause: Evasion moves are banned\n|rule|Evasion Items Clause: Evasion items are banned\n|rule|Species Clause: Limit one of each Pok\u00e9mon\n|rule|Sleep Clause Mod: Limit one foe put to sleep\n|rule|Mega Rayquaza Clause: You cannot mega evolve Rayquaza\n|clearpoke\n|poke|p1|Abomasnow, M|\n|poke|p1|Golurk|\n|poke|p1|Muk-Alola, F|\n|poke|p1|Porygon2|\n|poke|p1|Iron Moth|\n|poke|p1|Kleavor, F|\n|poke|p2|Aerodactyl, M|\n|poke|p2|Landorus-Therian, M|\n|poke|p2|Ninetales-Alola, F|\n|poke|p2|Typhlosion-Hisui, M|\n|poke|p2|Quagsire, M|\n|poke|p2|Meloetta|\n|teampreview\n|j| VantaZack\n|j| dcmrulz\n|j| CalamityCentral\n|\n|t:|1699758590\n|start\n|switch|p1a: Porygon2|Porygon2|100\/100\n|switch|p2a: Onibi|Typhlosion-Hisui, M|100\/100\n|-item|p1a: Porygon2|Eviolite|[from] ability: Frisk|[of] p2a: Onibi|[identify]\n|-item|p2a: Onibi|Expert Belt|[from] ability: Frisk|[of] p1a: Porygon2|[identify]\n|-ability|p1a: Porygon2|Frisk|[from] ability: Trace|[of] p2a: Onibi\n|turn|1\n|\n|t:|1699758605\n|move|p2a: Onibi|Focus Blast|p1a: Porygon2\n|-supereffective|p1a: Porygon2\n|-damage|p1a: Porygon2|43\/100\n|move|p1a: Porygon2|Thunder Wave|p2a: Onibi\n|-status|p2a: Onibi|par\n|\n|upkeep\n|turn|2\n|\n|t:|1699758615\n|switch|p1a: Golurk|Golurk|100\/100\n|move|p2a: Onibi|Focus Blast|p1a: Golurk\n|-immune|p1a: Golurk\n|\n|upkeep\n|turn|3\n|j| Saradominphat\n|\n|t:|1699758650\n|switch|p2a: Shere Khan|Landorus-Therian, M|100\/100\n|-ability|p2a: Shere Khan|Intimidate|boost\n|-unboost|p1a: Golurk|atk|1\n|move|p1a: Golurk|Rock Polish|p1a: Golurk\n|-boost|p1a: Golurk|spe|2\n|\n|upkeep\n|turn|4\n|\n|t:|1699758659\n|move|p1a: Golurk|Ice Punch|p2a: Shere Khan\n|-supereffective|p2a: Shere Khan\n|-damage|p2a: Shere Khan|25\/100\n|-status|p2a: Shere Khan|frz\n|-curestatus|p2a: Shere Khan|frz|[msg]\n|move|p2a: Shere Khan|Stealth Rock|p1a: Golurk\n|-sidestart|p1: BaraTheUmbraKing|move: Stealth Rock\n|\n|upkeep\n|turn|5\n|\n|t:|1699758668\n|move|p1a: Golurk|Ice Punch|p2a: Shere Khan\n|-supereffective|p2a: Shere Khan\n|-damage|p2a: Shere Khan|0 fnt\n|faint|p2a: Shere Khan\n|\n|upkeep\n|\n|t:|1699758676\n|switch|p2a: Snowy|Ninetales-Alola, F|100\/100\n|-weather|Snow|[from] ability: Snow Warning|[of] p2a: Snowy\n|turn|6\n|\n|t:|1699758717\n|switch|p1a: Abomasnow|Abomasnow, M|100\/100\n|-damage|p1a: Abomasnow|76\/100|[from] Stealth Rock\n|move|p2a: Snowy|Blizzard|p1a: Abomasnow\n|-damage|p1a: Abomasnow|33\/100\n|\n|-weather|Snow|[upkeep]\n|upkeep\n|turn|7\n|\n|t:|1699758730\n|detailschange|p1a: Abomasnow|Abomasnow-Mega, M\n|-mega|p1a: Abomasnow|Abomasnow|Abomasite\n|move|p2a: Snowy|Aurora Veil|p2a: Snowy\n|-sidestart|p2: Kai Zomei|move: Aurora Veil\n|move|p1a: Abomasnow|Giga Drain|p2a: Snowy\n|-damage|p2a: Snowy|72\/100\n|-heal|p1a: Abomasnow|43\/100|[from] drain|[of] p2a: Snowy\n|\n|-weather|Snow|[upkeep]\n|upkeep\n|turn|8\n|\n|t:|1699758739\n|move|p2a: Snowy|Blizzard|p1a: Abomasnow\n|-damage|p1a: Abomasnow|6\/100\n|move|p1a: Abomasnow|Giga Drain|p2a: Snowy\n|-damage|p2a: Snowy|47\/100\n|-heal|p1a: Abomasnow|16\/100|[from] drain|[of] p2a: Snowy\n|\n|-weather|Snow|[upkeep]\n|upkeep\n|turn|9\n|\n|t:|1699758749\n|move|p2a: Snowy|Blizzard|p1a: Abomasnow\n|-damage|p1a: Abomasnow|0 fnt\n|faint|p1a: Abomasnow\n|\n|-weather|Snow|[upkeep]\n|upkeep\n|\n|t:|1699758773\n|switch|p1a: Kleavor|Kleavor, F|100\/100\n|-damage|p1a: Kleavor|76\/100|[from] Stealth Rock\n|turn|10\n|\n|t:|1699758786\n|move|p2a: Snowy|Blizzard|p1a: Kleavor\n|-damage|p1a: Kleavor|9\/100\n|move|p1a: Kleavor|Stealth Rock|p2a: Snowy\n|-sidestart|p2: Kai Zomei|move: Stealth Rock\n|\n|-weather|none\n|upkeep\n|turn|11\n|\n|t:|1699758794\n|move|p2a: Snowy|Moonblast|p1a: Kleavor\n|-damage|p1a: Kleavor|0 fnt\n|faint|p1a: Kleavor\n|\n|upkeep\n|\n|t:|1699758800\n|switch|p1a: Muk|Muk-Alola, F|100\/100\n|-damage|p1a: Muk|88\/100|[from] Stealth Rock\n|turn|12\n|\n|t:|1699758812\n|switch|p2a: Bogmire|Quagsire, M|100\/100\n|-damage|p2a: Bogmire|94\/100|[from] Stealth Rock\n|move|p1a: Muk|Poison Jab|p2a: Bogmire\n|-resisted|p2a: Bogmire\n|-crit|p2a: Bogmire\n|-damage|p2a: Bogmire|79\/100\n|\n|-heal|p2a: Bogmire|85\/100|[from] item: Leftovers\n|upkeep\n|turn|13\n|\n|t:|1699758824\n|switch|p1a: Porygon2|Porygon2|43\/100\n|-damage|p1a: Porygon2|31\/100|[from] Stealth Rock\n|-ability|p1a: Porygon2|Unaware|[from] ability: Trace|[of] p2a: Bogmire\n|move|p2a: Bogmire|Earthquake|p1a: Porygon2\n|-damage|p1a: Porygon2|16\/100\n|\n|-heal|p2a: Bogmire|91\/100|[from] item: Leftovers\n|upkeep\n|turn|14\n|\n|t:|1699758835\n|move|p1a: Porygon2|Recover|p1a: Porygon2\n|-heal|p1a: Porygon2|66\/100\n|move|p2a: Bogmire|Sludge Bomb|p1a: Porygon2\n|-damage|p1a: Porygon2|56\/100\n|\n|-heal|p2a: Bogmire|97\/100|[from] item: Leftovers\n|-sideend|p2: Kai Zomei|move: Aurora Veil\n|upkeep\n|turn|15\n|\n|t:|1699758853\n|switch|p2a: Petrie|Aerodactyl, M, shiny|100\/100\n|-damage|p2a: Petrie|76\/100|[from] Stealth Rock\n|move|p1a: Porygon2|Shadow Ball|p2a: Petrie\n|-damage|p2a: Petrie|48\/100\n|\n|upkeep\n|turn|16\n|\n|t:|1699758861\n|move|p2a: Petrie|Dragon Dance|p2a: Petrie\n|-boost|p2a: Petrie|atk|1\n|-boost|p2a: Petrie|spe|1\n|move|p1a: Porygon2|Ice Beam|p2a: Petrie\n|-supereffective|p2a: Petrie\n|-damage|p2a: Petrie|0 fnt\n|faint|p2a: Petrie\n|\n|upkeep\n|\n|t:|1699758872\n|switch|p2a: Arianne|Meloetta|100\/100\n|-damage|p2a: Arianne|88\/100|[from] Stealth Rock\n|turn|17\n|\n|t:|1699758880\n|-terastallize|p2a: Arianne|Normal\n|move|p2a: Arianne|Focus Blast|p1a: Porygon2\n|-supereffective|p1a: Porygon2\n|-damage|p1a: Porygon2|0 fnt\n|faint|p1a: Porygon2\n|\n|upkeep\n|\n|t:|1699758902\n|switch|p1a: Golurk|Golurk|100\/100\n|-damage|p1a: Golurk|95\/100|[from] Stealth Rock\n|turn|18\n|c| Saradominphat|Misclick?\n|\n|t:|1699758913\n|switch|p2a: Snowy|Ninetales-Alola, F|47\/100\n|-damage|p2a: Snowy|22\/100|[from] Stealth Rock\n|-weather|Snow|[from] ability: Snow Warning|[of] p2a: Snowy\n|move|p1a: Golurk|Rock Polish|p1a: Golurk\n|-boost|p1a: Golurk|spe|2\n|\n|-weather|Snow|[upkeep]\n|upkeep\n|turn|19\n|\n|t:|1699758924\n|move|p1a: Golurk|Earthquake|p2a: Snowy\n|-damage|p2a: Snowy|0 fnt\n|faint|p2a: Snowy\n|\n|-weather|Snow|[upkeep]\n|upkeep\n|\n|t:|1699758932\n|switch|p2a: Onibi|Typhlosion-Hisui, M|100\/100 par\n|-damage|p2a: Onibi|76\/100 par|[from] Stealth Rock\n|-item|p1a: Golurk|Colbur Berry|[from] ability: Frisk|[of] p2a: Onibi|[identify]\n|turn|20\n|\n|t:|1699758937\n|move|p1a: Golurk|Earthquake|p2a: Onibi\n|-supereffective|p2a: Onibi\n|-damage|p2a: Onibi|0 fnt\n|faint|p2a: Onibi\n|\n|-weather|Snow|[upkeep]\n|upkeep\n|\n|t:|1699758942\n|switch|p2a: Arianne|Meloetta, tera:Normal|88\/100\n|-damage|p2a: Arianne|76\/100|[from] Stealth Rock\n|turn|21\n|\n|t:|1699758950\n|move|p1a: Golurk|Close Combat|p2a: Arianne\n|-supereffective|p2a: Arianne\n|-damage|p2a: Arianne|0 fnt\n|-unboost|p1a: Golurk|def|1\n|-unboost|p1a: Golurk|spd|1\n|faint|p2a: Arianne\n|\n|-weather|Snow|[upkeep]\n|upkeep\n|\n|t:|1699758957\n|switch|p2a: Bogmire|Quagsire, M|97\/100\n|-damage|p2a: Bogmire|91\/100|[from] Stealth Rock\n|turn|22\n|\n|t:|1699758962\n|move|p1a: Golurk|Ice Punch|p2a: Bogmire\n|-damage|p2a: Bogmire|70\/100\n|move|p2a: Bogmire|Scald|p1a: Golurk\n|-supereffective|p1a: Golurk\n|-damage|p1a: Golurk|40\/100\n|\n|-weather|none\n|-heal|p2a: Bogmire|76\/100|[from] item: Leftovers\n|upkeep\n|turn|23\n|\n|t:|1699758972\n|move|p1a: Golurk|Ice Punch|p2a: Bogmire\n|-damage|p2a: Bogmire|55\/100\n|move|p2a: Bogmire|Scald|p1a: Golurk\n|-supereffective|p1a: Golurk\n|-damage|p1a: Golurk|0 fnt\n|faint|p1a: Golurk\n|\n|-heal|p2a: Bogmire|61\/100|[from] item: Leftovers\n|upkeep\n|\n|t:|1699758987\n|switch|p1a: Muk|Muk-Alola, F|88\/100\n|-damage|p1a: Muk|76\/100|[from] Stealth Rock\n|turn|24\n|\n|t:|1699758996\n|move|p1a: Muk|Knock Off|p2a: Bogmire\n|-damage|p2a: Bogmire|37\/100\n|-enditem|p2a: Bogmire|Leftovers|[from] move: Knock Off|[of] p1a: Muk\n|move|p2a: Bogmire|Recover|p2a: Bogmire\n|-heal|p2a: Bogmire|87\/100\n|\n|upkeep\n|turn|25\n|\n|t:|1699759004\n|move|p1a: Muk|Poison Jab|p2a: Bogmire\n|-resisted|p2a: Bogmire\n|-damage|p2a: Bogmire|77\/100\n|-status|p2a: Bogmire|psn|[from] ability: Poison Touch|[of] p1a: Muk\n|move|p2a: Bogmire|Earthquake|p1a: Muk\n|-supereffective|p1a: Muk\n|-damage|p1a: Muk|13\/100\n|\n|-damage|p2a: Bogmire|64\/100 psn|[from] psn\n|upkeep\n|turn|26\n|\n|t:|1699759014\n|move|p1a: Muk|Knock Off|p2a: Bogmire\n|-damage|p2a: Bogmire|48\/100 psn\n|move|p2a: Bogmire|Earthquake|p1a: Muk\n|-supereffective|p1a: Muk\n|-damage|p1a: Muk|0 fnt\n|faint|p1a: Muk\n|\n|-damage|p2a: Bogmire|36\/100 psn|[from] psn\n|upkeep\n|\n|t:|1699759024\n|switch|p1a: Iron Moth|Iron Moth|100\/100\n|-damage|p1a: Iron Moth|76\/100|[from] Stealth Rock\n|turn|27\n|\n|t:|1699759029\n|move|p1a: Iron Moth|Energy Ball|p2a: Bogmire\n|-supereffective|p2a: Bogmire\n|-damage|p2a: Bogmire|0 fnt\n|faint|p2a: Bogmire\n|-damage|p1a: Iron Moth|66\/100|[from] item: Life Orb\n|\n|win|BaraTheUmbraKing\n|l| VantaZack\n|l|\u2606Kai Zomei\n","uploadtime":1699759036,"views":14,"p1id":"baratheumbraking","p2id":"kaizomei","formatid":"gen9nationaldexubers","rating":0,"private":0,"password":""}