{"id":"gen9nationaldexubers-1981138475","p1":"Bug Maniac Swaggy","p2":"Moonz_e","format":"[Gen 9] National Dex Ubers","log":"|j|\u2606Bug Maniac Swaggy\n|j|\u2606Moonz_e\n|t:|1698866661\n|gametype|singles\n|player|p1|Bug Maniac Swaggy|whitney|\n|player|p2|Moonz_e|courtney|\n|teamsize|p1|6\n|teamsize|p2|6\n|gen|9\n|tier|[Gen 9] National Dex Ubers\n|rule|HP Percentage Mod: HP is shown in percentages\n|rule|Endless Battle Clause: Forcing endless battles is banned\n|rule|OHKO Clause: OHKO moves are banned\n|rule|Evasion Moves Clause: Evasion moves are banned\n|rule|Evasion Items Clause: Evasion items are banned\n|rule|Species Clause: Limit one of each Pok\u00e9mon\n|rule|Sleep Clause Mod: Limit one foe put to sleep\n|rule|Mega Rayquaza Clause: You cannot mega evolve Rayquaza\n|clearpoke\n|poke|p1|Araquanid, M|\n|poke|p1|Forretress, F|\n|poke|p1|Scizor, M|\n|poke|p1|Buzzwole|\n|poke|p1|Volcarona, F|\n|poke|p1|Galvantula, M|\n|poke|p2|Ninetales-Alola, M|\n|poke|p2|Baxcalibur, F|\n|poke|p2|Ursaluna-Bloodmoon, M|\n|poke|p2|Diancie|\n|poke|p2|Landorus-Therian, M|\n|poke|p2|Rotom-Wash|\n|teampreview\n|c|\u2606Bug Maniac Swaggy|poison bear\n|c|\u2606Bug Maniac Swaggy|right\n|j| ArcticIzagi\n|c|\u2606Moonz_e|Glhf\n|j| ILikeSalads\n|c|\u2606Moonz_e|Poison bear indeed\n|c|\u2606Moonz_e|Bro is straight toxic\n|j| Jack0lantern89\n|j| Destinum\n|c| Jack0lantern89|i hope the person with a water type wins\n|j| Astro Rifk\n|c| ILikeSalads|ive seen moonz's exact team before wtf\n|c| Astro Rifk|i hope\n|\n|t:|1698866733\n|start\n|switch|p1a: River of Despair|Araquanid, M|100\/100\n|switch|p2a: Diancie|Diancie|100\/100\n|turn|1\n|c| Astro Rifk|thT\n|c| Astro Rifk|the person w a mon that is very scary for me\n|c| Astro Rifk|wins\n|c| Astro Rifk|:3\n|c| ILikeSalads|the silly\n|\n|t:|1698866768\n|detailschange|p2a: Diancie|Diancie-Mega\n|-mega|p2a: Diancie|Diancie|Diancite\n|-terastallize|p1a: River of Despair|Water\n|move|p2a: Diancie|Power Gem|p1a: River of Despair\n|-damage|p1a: River of Despair|71\/100\n|move|p1a: River of Despair|Liquidation|p2a: Diancie\n|-supereffective|p2a: Diancie\n|-damage|p2a: Diancie|0 fnt\n|faint|p2a: Diancie\n|\n|upkeep\n|c| Jack0lantern89|i hope the person with a banned ou mon wins\n|\n|t:|1698866780\n|switch|p2a: Rotom|Rotom-Wash|100\/100\n|turn|2\n|\n|t:|1698866789\n|move|p2a: Rotom|Volt Switch|p1a: River of Despair\n|-supereffective|p1a: River of Despair\n|-damage|p1a: River of Despair|32\/100\n|\n|t:|1698866793\n|switch|p2a: Ninetales|Ninetales-Alola, M|100\/100|[from] Volt Switch\n|-weather|Snow|[from] ability: Snow Warning|[of] p2a: Ninetales\n|move|p1a: River of Despair|Sticky Web|p2a: Ninetales\n|-sidestart|p2: Moonz_e|move: Sticky Web\n|\n|-weather|Snow|[upkeep]\n|upkeep\n|turn|3\n|c| ArcticIzagi|purely special diancie?\n|c| ILikeSalads|i hope the one with the bug pokemon wins\n|\n|t:|1698866803\n|move|p1a: River of Despair|Magic Coat|p1a: River of Despair\n|-singleturn|p1a: River of Despair|move: Magic Coat\n|move|p2a: Ninetales|Encore|p1a: River of Despair\n|move|p1a: River of Despair|Encore||[from]Magic Coat|[still]\n|-fail|p1a: River of Despair\n|\n|-weather|Snow|[upkeep]\n|upkeep\n|turn|4\n|c|\u2606Bug Maniac Swaggy|nuh uh\n|c| ILikeSalads|its funny\n|\n|t:|1698866841\n|switch|p2a: Landorus|Landorus-Therian, M|100\/100\n|-ability|p2a: Landorus|Intimidate|boost\n|-unboost|p1a: River of Despair|atk|1\n|switch|p1a: Revelations 13-1|Scizor, M|100\/100\n|\n|-weather|Snow|[upkeep]\n|upkeep\n|turn|5\n|\n|t:|1698866854\n|detailschange|p1a: Revelations 13-1|Scizor-Mega, M\n|-mega|p1a: Revelations 13-1|Scizor|Scizorite\n|move|p2a: Landorus|Defog|p1a: Revelations 13-1\n|-unboost|p1a: Revelations 13-1|evasion|1\n|-sideend|p2: Moonz_e|Sticky Web|[from] move: Defog|[of] p2a: Landorus\n|move|p1a: Revelations 13-1|Knock Off|p2a: Landorus\n|-damage|p2a: Landorus|57\/100\n|-enditem|p2a: Landorus|Leftovers|[from] move: Knock Off|[of] p1a: Revelations 13-1\n|\n|-weather|Snow|[upkeep]\n|upkeep\n|turn|6\n|\n|t:|1698866869\n|move|p2a: Landorus|U-turn|p1a: Revelations 13-1\n|-resisted|p1a: Revelations 13-1\n|-damage|p1a: Revelations 13-1|93\/100\n|\n|t:|1698866873\n|switch|p2a: Rotom|Rotom-Wash|100\/100|[from] U-turn\n|move|p1a: Revelations 13-1|Knock Off|p2a: Rotom\n|-crit|p2a: Rotom\n|-damage|p2a: Rotom|15\/100\n|-enditem|p2a: Rotom|Choice Scarf|[from] move: Knock Off|[of] p1a: Revelations 13-1\n|\n|-weather|none\n|upkeep\n|turn|7\n|c|\u2606Bug Maniac Swaggy|tragic\n|c| ILikeSalads|the urge to give bad advice to people is so real\n|\n|t:|1698866997\n|switch|p1a: Stargazer|Galvantula, M|100\/100\n|move|p2a: Rotom|Volt Switch|p1a: Stargazer\n|-resisted|p1a: Stargazer\n|-damage|p1a: Stargazer|72\/100\n|\n|t:|1698867006\n|switch|p2a: Ninetales|Ninetales-Alola, M|100\/100|[from] Volt Switch\n|-weather|Snow|[from] ability: Snow Warning|[of] p2a: Ninetales\n|\n|-weather|Snow|[upkeep]\n|upkeep\n|turn|8\n|\n|t:|1698867032\n|move|p2a: Ninetales|Aurora Veil|p2a: Ninetales\n|-sidestart|p2: Moonz_e|move: Aurora Veil\n|move|p1a: Stargazer|Volt Switch|p2a: Ninetales\n|-damage|p2a: Ninetales|77\/100\n|\n|t:|1698867055\n|switch|p1a: Revelations 13-1|Scizor-Mega, M|93\/100|[from] Volt Switch\n|\n|-weather|Snow|[upkeep]\n|upkeep\n|turn|9\n|\n|t:|1698867082\n|switch|p2a: Landorus|Landorus-Therian, M|57\/100\n|-ability|p2a: Landorus|Intimidate|boost\n|-unboost|p1a: Revelations 13-1|atk|1\n|move|p1a: Revelations 13-1|Swords Dance|p1a: Revelations 13-1\n|-boost|p1a: Revelations 13-1|atk|2\n|\n|-weather|Snow|[upkeep]\n|upkeep\n|turn|10\n|\n|t:|1698867107\n|move|p2a: Landorus|U-turn|p1a: Revelations 13-1\n|-resisted|p1a: Revelations 13-1\n|-damage|p1a: Revelations 13-1|84\/100\n|\n|t:|1698867115\n|switch|p2a: Ursaluna|Ursaluna-Bloodmoon, M|100\/100|[from] U-turn\n|move|p1a: Revelations 13-1|Knock Off|p2a: Ursaluna\n|-damage|p2a: Ursaluna|85\/100\n|-enditem|p2a: Ursaluna|Leftovers|[from] move: Knock Off|[of] p1a: Revelations 13-1\n|\n|-weather|Snow|[upkeep]\n|upkeep\n|turn|11\n|c| Jack0lantern89|thats a great scizor name\n|c| Jack0lantern89|[1] And I stood upon the sand of the sea, and saw a beast rise up out of the sea, having seven heads and ten horns, and upon his horns ten crowns, and upon his heads the name of blasphemy.\n|c|\u2606Bug Maniac Swaggy|thankks\n|c|\u2606Moonz_e|No sleep 'till Brooklyn\n|l| Destinum\n|j| Destinum\n|\n|t:|1698867345\n|switch|p1a: Stargazer|Galvantula, M|72\/100\n|-terastallize|p2a: Ursaluna|Poison\n|move|p2a: Ursaluna|Calm Mind|p2a: Ursaluna\n|-boost|p2a: Ursaluna|spa|1\n|-boost|p2a: Ursaluna|spd|1\n|\n|-weather|none\n|upkeep\n|turn|12\n|c| Destinum|Why would you Tera Poison against Scizor...?\n|c| Destinum|Actually, never mind\n|c| Destinum|Close Combat is a thing.\n|c| Jack0lantern89|cm bear in aurora viel\n|c| Jack0lantern89|worried\n|c|\u2606Moonz_e|Check\n|c|\u2606Moonz_e|Let's see if it's a mate\n|\n|t:|1698867420\n|move|p1a: Stargazer|Volt Switch|p2a: Ursaluna\n|-damage|p2a: Ursaluna|67\/100\n|\n|t:|1698867425\n|switch|p1a: River of Despair|Araquanid, M, tera:Water|32\/100|[from] Volt Switch\n|move|p2a: Ursaluna|Earth Power|p1a: River of Despair\n|-damage|p1a: River of Despair|0 fnt\n|faint|p1a: River of Despair\n|\n|upkeep\n|\n|t:|1698867435\n|switch|p1a: Juggernaut|Buzzwole|100\/100\n|turn|13\n|\n|t:|1698867443\n|move|p1a: Juggernaut|Earthquake|p2a: Ursaluna\n|-supereffective|p2a: Ursaluna\n|-damage|p2a: Ursaluna|48\/100\n|move|p2a: Ursaluna|Blood Moon|p1a: Juggernaut\n|-damage|p1a: Juggernaut|0 fnt\n|faint|p1a: Juggernaut\n|\n|upkeep\n|c|\u2606Bug Maniac Swaggy|oh yeah im done\n|c|\u2606Bug Maniac Swaggy|gg\n|\n|t:|1698867456\n|switch|p1a: Morning Star|Volcarona, F|100\/100\n|turn|14\n|c|\u2606Bug Maniac Swaggy|unless\n|\n|t:|1698867463\n|move|p1a: Morning Star|Quiver Dance|p1a: Morning Star\n|-boost|p1a: Morning Star|spa|1\n|-boost|p1a: Morning Star|spd|1\n|-boost|p1a: Morning Star|spe|1\n|move|p2a: Ursaluna|Earth Power|p1a: Morning Star\n|-crit|p1a: Morning Star\n|-damage|p1a: Morning Star|8\/100\n|\n|upkeep\n|turn|15\n|\n|t:|1698867476\n|move|p1a: Morning Star|Fiery Dance|p2a: Ursaluna\n|-crit|p2a: Ursaluna\n|-damage|p2a: Ursaluna|0 fnt\n|faint|p2a: Ursaluna\n|\n|-sideend|p2: Moonz_e|move: Aurora Veil\n|upkeep\n|c|\u2606Bug Maniac Swaggy|nice\n|c|\u2606Moonz_e|Crit mattered\n|c|\u2606Bug Maniac Swaggy|eye for an eye\n|c|\u2606Moonz_e|Fuck\n|c| Astro Rifk|he wins w sciz after anyway tbf\n|c| ILikeSalads|tell me you have ice shard\n|c| Jack0lantern89|tbh\n|c| Jack0lantern89|u just\n|c| Jack0lantern89|win\n|\n|t:|1698867520\n|switch|p2a: Landorus|Landorus-Therian, M|57\/100\n|-ability|p2a: Landorus|Intimidate|boost\n|-unboost|p1a: Morning Star|atk|1\n|turn|16\n|\n|t:|1698867531\n|move|p1a: Morning Star|Fiery Dance|p2a: Landorus\n|-damage|p2a: Landorus|13\/100\n|-boost|p1a: Morning Star|spa|1\n|move|p2a: Landorus|Earthquake|p1a: Morning Star\n|-damage|p1a: Morning Star|0 fnt\n|faint|p1a: Morning Star\n|\n|upkeep\n|c|\u2606Bug Maniac Swaggy|ohhh spdef lando i see\n|c| Astro Rifk|spdef landorus being him as usual\n|c|\u2606Moonz_e|Yea\n|\n|t:|1698867557\n|switch|p1a: Revelations 13-1|Scizor-Mega, M|84\/100\n|turn|17\n|c| Jack0lantern89|me when landorus drops to uu next month\n|\n|t:|1698867598\n|move|p2a: Landorus|Earthquake|p1a: Revelations 13-1\n|-damage|p1a: Revelations 13-1|51\/100\n|move|p1a: Revelations 13-1|Swords Dance|p1a: Revelations 13-1\n|-boost|p1a: Revelations 13-1|atk|2\n|\n|upkeep\n|turn|18\n|c|\u2606Moonz_e|Damn\n|c|\u2606Moonz_e|Bad move\n|c|\u2606Moonz_e|Get greedy honestly\n|\n|t:|1698867638\n|move|p2a: Landorus|Earthquake|p1a: Revelations 13-1\n|-damage|p1a: Revelations 13-1|17\/100\n|move|p1a: Revelations 13-1|Swords Dance|p1a: Revelations 13-1\n|-boost|p1a: Revelations 13-1|atk|2\n|\n|upkeep\n|turn|19\n|c|\u2606Bug Maniac Swaggy|i did\n|\n|t:|1698867646\n|move|p1a: Revelations 13-1|Bullet Punch|p2a: Landorus\n|-damage|p2a: Landorus|0 fnt\n|faint|p2a: Landorus\n|\n|upkeep\n|\n|t:|1698867651\n|switch|p2a: Rotom|Rotom-Wash|15\/100\n|turn|20\n|\n|t:|1698867670\n|move|p1a: Revelations 13-1|Bullet Punch|p2a: Rotom\n|-resisted|p2a: Rotom\n|-damage|p2a: Rotom|0 fnt\n|faint|p2a: Rotom\n|\n|upkeep\n|\n|t:|1698867675\n|switch|p2a: Ninetales|Ninetales-Alola, M|77\/100\n|-weather|Snow|[from] ability: Snow Warning|[of] p2a: Ninetales\n|turn|21\n|\n|t:|1698867681\n|move|p1a: Revelations 13-1|Bullet Punch|p2a: Ninetales\n|-supereffective|p2a: Ninetales\n|-crit|p2a: Ninetales\n|-damage|p2a: Ninetales|0 fnt\n|faint|p2a: Ninetales\n|\n|-weather|Snow|[upkeep]\n|upkeep\n|c| Jack0lantern89|crit mattered\n|c| ILikeSalads|mscizor the goat\n|c| Jack0lantern89|trust\n|c|\u2606Moonz_e|Gg probably\n|\n|t:|1698867694\n|switch|p2a: Baxcalibur|Baxcalibur, F|100\/100\n|turn|22\n|c|\u2606Bug Maniac Swaggy|gg\n|\n|t:|1698867701\n|move|p1a: Revelations 13-1|Bullet Punch|p2a: Baxcalibur\n|-supereffective|p2a: Baxcalibur\n|-damage|p2a: Baxcalibur|0 fnt\n|faint|p2a: Baxcalibur\n|\n|win|Bug Maniac Swaggy\n|c| ILikeSalads|bax survives (trust)\n|c| ILikeSalads|nvm\n|l| Astro Rifk\n|l| ILikeSalads\n|l| Jack0lantern89\n|l|\u2606Bug Maniac Swaggy\n","uploadtime":1698867716,"views":22,"p1id":"bugmaniacswaggy","p2id":"moonze","formatid":"gen9nationaldexubers","rating":0,"private":0,"password":""}