{"id":"gen9nationaldexubers-1997280325","p1":"Cold Finally","p2":"harmony6","format":"[Gen 9] National Dex Ubers","log":"|j|\u2606Cold Finally\n|j|\u2606harmony6\n|t:|1700784035\n|gametype|singles\n|player|p1|Cold Finally|265|\n|player|p2|harmony6|lass-gen4dp|\n|teamsize|p1|6\n|teamsize|p2|6\n|gen|9\n|tier|[Gen 9] National Dex Ubers\n|rule|HP Percentage Mod: HP is shown in percentages\n|rule|Endless Battle Clause: Forcing endless battles is banned\n|rule|OHKO Clause: OHKO moves are banned\n|rule|Evasion Moves Clause: Evasion moves are banned\n|rule|Evasion Items Clause: Evasion items are banned\n|rule|Species Clause: Limit one of each Pok\u00e9mon\n|rule|Sleep Clause Mod: Limit one foe put to sleep\n|rule|Mega Rayquaza Clause: You cannot mega evolve Rayquaza\n|clearpoke\n|poke|p1|Tapu Koko|\n|poke|p1|Delphox, F|\n|poke|p1|Diancie|\n|poke|p1|Enamorus, F|\n|poke|p1|Tinkaton, F|\n|poke|p1|Hatterene, F|\n|poke|p2|Lopunny, F|\n|poke|p2|Gastrodon, F|\n|poke|p2|Zapdos|\n|poke|p2|Skeledirge, F|\n|poke|p2|Muk-Alola, M|\n|poke|p2|Ferrothorn, F|\n|teampreview\n|c|\u2606Cold Finally|glhf\n|c|\u2606harmony6|u2!\n|\n|t:|1700784097\n|start\n|switch|p1a: Hot Koko|Tapu Koko, shiny|100\/100\n|switch|p2a: Gastrodon|Gastrodon, F|100\/100\n|-fieldstart|move: Electric Terrain|[from] ability: Electric Surge|[of] p1a: Hot Koko\n|turn|1\n|\n|t:|1700784153\n|move|p1a: Hot Koko|U-turn|p2a: Gastrodon\n|-damage|p2a: Gastrodon|84\/100\n|\n|t:|1700784171\n|switch|p1a: Hollywood|Hatterene, F|100\/100|[from] U-turn\n|move|p2a: Gastrodon|Clear Smog|p1a: Hollywood\n|-supereffective|p1a: Hollywood\n|-damage|p1a: Hollywood|77\/100\n|-clearboost|p1a: Hollywood\n|\n|-heal|p2a: Gastrodon|90\/100|[from] item: Leftovers\n|-heal|p1a: Hollywood|83\/100|[from] item: Leftovers\n|upkeep\n|turn|2\n|\n|t:|1700784186\n|move|p2a: Gastrodon|Clear Smog|p1a: Hollywood\n|-supereffective|p1a: Hollywood\n|-damage|p1a: Hollywood|60\/100\n|-clearboost|p1a: Hollywood\n|move|p1a: Hollywood|Calm Mind|p1a: Hollywood\n|-boost|p1a: Hollywood|spa|1\n|-boost|p1a: Hollywood|spd|1\n|\n|-heal|p2a: Gastrodon|96\/100|[from] item: Leftovers\n|-heal|p1a: Hollywood|66\/100|[from] item: Leftovers\n|upkeep\n|turn|3\n|\n|t:|1700784191\n|move|p2a: Gastrodon|Clear Smog|p1a: Hollywood\n|-supereffective|p1a: Hollywood\n|-damage|p1a: Hollywood|51\/100\n|-clearboost|p1a: Hollywood\n|move|p1a: Hollywood|Draining Kiss|p2a: Gastrodon\n|-damage|p2a: Gastrodon|81\/100\n|-heal|p1a: Hollywood|66\/100|[from] drain|[of] p2a: Gastrodon\n|\n|-heal|p2a: Gastrodon|87\/100|[from] item: Leftovers\n|-heal|p1a: Hollywood|72\/100|[from] item: Leftovers\n|upkeep\n|turn|4\n|\n|t:|1700784207\n|move|p2a: Gastrodon|Scald|p1a: Hollywood\n|-damage|p1a: Hollywood|45\/100\n|move|p1a: Hollywood|Draining Kiss|p2a: Gastrodon\n|-damage|p2a: Gastrodon|73\/100\n|-heal|p1a: Hollywood|59\/100|[from] drain|[of] p2a: Gastrodon\n|\n|-heal|p2a: Gastrodon|80\/100|[from] item: Leftovers\n|-heal|p1a: Hollywood|65\/100|[from] item: Leftovers\n|upkeep\n|turn|5\n|\n|t:|1700784215\n|move|p2a: Gastrodon|Scald|p1a: Hollywood\n|-crit|p1a: Hollywood\n|-damage|p1a: Hollywood|25\/100\n|-status|p1a: Hollywood|brn\n|move|p1a: Hollywood|Mystical Fire|p2a: Gastrodon\n|-resisted|p2a: Gastrodon\n|-damage|p2a: Gastrodon|72\/100\n|-unboost|p2a: Gastrodon|spa|1\n|\n|-heal|p2a: Gastrodon|78\/100|[from] item: Leftovers\n|-heal|p1a: Hollywood|31\/100 brn|[from] item: Leftovers\n|-damage|p1a: Hollywood|25\/100 brn|[from] brn\n|-fieldend|move: Electric Terrain\n|upkeep\n|turn|6\n|j| UUbers Vesp\n|\n|t:|1700784244\n|switch|p2a: Lopunny|Lopunny, F|100\/100\n|move|p1a: Hollywood|Psyshock|p2a: Lopunny\n|-damage|p2a: Lopunny|47\/100\n|\n|-heal|p1a: Hollywood|31\/100 brn|[from] item: Leftovers\n|-damage|p1a: Hollywood|25\/100 brn|[from] brn\n|upkeep\n|turn|7\n|c|\u2606harmony6|damn\n|c|\u2606harmony6|played\n|\n|t:|1700784260\n|detailschange|p2a: Lopunny|Lopunny-Mega, F\n|-mega|p2a: Lopunny|Lopunny|Lopunnite\n|move|p2a: Lopunny|U-turn|p1a: Hollywood\n|-damage|p1a: Hollywood|4\/100 brn\n|\n|t:|1700784268\n|switch|p2a: Skeledirge|Skeledirge, F|100\/100|[from] U-turn\n|move|p1a: Hollywood|Draining Kiss|p2a: Skeledirge\n|-resisted|p2a: Skeledirge\n|-damage|p2a: Skeledirge|88\/100\n|-heal|p1a: Hollywood|16\/100 brn|[from] drain|[of] p2a: Skeledirge\n|\n|-heal|p1a: Hollywood|22\/100 brn|[from] item: Leftovers\n|-damage|p1a: Hollywood|16\/100 brn|[from] brn\n|upkeep\n|turn|8\n|\n|t:|1700784316\n|move|p2a: Skeledirge|Torch Song|p1a: Hollywood\n|-damage|p1a: Hollywood|0 fnt\n|-boost|p2a: Skeledirge|spa|1\n|faint|p1a: Hollywood\n|\n|upkeep\n|\n|t:|1700784401\n|switch|p1a: Wicked Witch|Enamorus, F|100\/100\n|turn|9\n|\n|t:|1700784444\n|switch|p2a: Zapdos|Zapdos|100\/100\n|move|p1a: Wicked Witch|Calm Mind|p1a: Wicked Witch\n|-boost|p1a: Wicked Witch|spa|1\n|-boost|p1a: Wicked Witch|spd|1\n|\n|upkeep\n|turn|10\n|c|\u2606harmony6|this is terrifying\n|j| Serise\n|c| Serise|is it?\n|\n|t:|1700784517\n|move|p1a: Wicked Witch|Mystical Fire|p2a: Zapdos\n|-damage|p2a: Zapdos|61\/100\n|-unboost|p2a: Zapdos|spa|1\n|move|p2a: Zapdos|Discharge|p1a: Wicked Witch\n|-supereffective|p1a: Wicked Witch\n|-crit|p1a: Wicked Witch\n|-damage|p1a: Wicked Witch|0 fnt\n|faint|p1a: Wicked Witch\n|\n|upkeep\n|c|\u2606Cold Finally|ok\n|c|\u2606Cold Finally|well\n|c| Serise|sorry col\n|c|\u2606Cold Finally|I just lose now\n|\n|t:|1700784561\n|switch|p1a: Princess|Diancie, shiny|100\/100\n|turn|11\n|c|\u2606harmony6|sorry\n|c|\u2606harmony6|i was calcing if muk died at plus 1 to groundium\n|c|\u2606harmony6|come back\n|c|\u2606harmony6|and see this\n|\n|t:|1700784605\n|detailschange|p1a: Princess|Diancie-Mega, shiny\n|-mega|p1a: Princess|Diancie|Diancite\n|move|p1a: Princess|Diamond Storm|p2a: Zapdos\n|-supereffective|p2a: Zapdos\n|-damage|p2a: Zapdos|0 fnt\n|faint|p2a: Zapdos\n|\n|upkeep\n|\n|t:|1700784636\n|switch|p2a: Ferrothorn|Ferrothorn, F|100\/100\n|turn|12\n|\n|t:|1700784653\n|switch|p1a: Kiriko|Delphox, F, shiny|100\/100\n|move|p2a: Ferrothorn|Iron Head|p1a: Kiriko\n|-resisted|p1a: Kiriko\n|-damage|p1a: Kiriko|81\/100\n|\n|upkeep\n|turn|13\n|\n|t:|1700784665\n|switch|p2a: Lopunny|Lopunny-Mega, F|47\/100\n|move|p1a: Kiriko|Trick||[still]\n|-fail|p1a: Kiriko\n|\n|upkeep\n|turn|14\n|\n|t:|1700784672\n|switch|p1a: Goofball|Tinkaton, F|100\/100\n|-ability|p1a: Goofball|Mold Breaker\n|move|p2a: Lopunny|Return|p1a: Goofball\n|-resisted|p1a: Goofball\n|-damage|p1a: Goofball|68\/100\n|\n|-heal|p1a: Goofball|75\/100|[from] item: Leftovers\n|upkeep\n|turn|15\n|\n|t:|1700784681\n|move|p2a: Lopunny|U-turn|p1a: Goofball\n|-resisted|p1a: Goofball\n|-damage|p1a: Goofball|67\/100\n|\n|t:|1700784694\n|switch|p2a: Ferrothorn|Ferrothorn, F|100\/100|[from] U-turn\n|move|p1a: Goofball|Thunder Wave|p2a: Ferrothorn\n|-status|p2a: Ferrothorn|par\n|\n|-heal|p1a: Goofball|73\/100|[from] item: Leftovers\n|upkeep\n|turn|16\n|\n|t:|1700784709\n|move|p1a: Goofball|Stealth Rock|p2a: Ferrothorn\n|-sidestart|p2: harmony6|move: Stealth Rock\n|move|p2a: Ferrothorn|Iron Head|p1a: Goofball\n|-damage|p1a: Goofball|45\/100\n|\n|-heal|p1a: Goofball|51\/100|[from] item: Leftovers\n|upkeep\n|turn|17\n|\n|t:|1700784730\n|move|p1a: Goofball|Knock Off|p2a: Ferrothorn\n|-damage|p2a: Ferrothorn|87\/100 par\n|-damage|p1a: Goofball|39\/100|[from] ability: Iron Barbs|[of] p2a: Ferrothorn\n|-enditem|p2a: Ferrothorn|Leftovers|[from] move: Knock Off|[of] p1a: Goofball\n|move|p2a: Ferrothorn|Thunder Wave|p1a: Goofball\n|-status|p1a: Goofball|par\n|\n|-heal|p1a: Goofball|45\/100 par|[from] item: Leftovers\n|upkeep\n|turn|18\n|\n|t:|1700784742\n|switch|p1a: Kiriko|Delphox, F, shiny|81\/100\n|cant|p2a: Ferrothorn|par\n|\n|upkeep\n|turn|19\n|\n|t:|1700784754\n|move|p1a: Kiriko|Hidden Power|p2a: Ferrothorn\n|-damage|p2a: Ferrothorn|74\/100 par\n|cant|p2a: Ferrothorn|par\n|\n|upkeep\n|turn|20\n|\n|t:|1700784763\n|switch|p1a: Princess|Diancie-Mega, shiny|100\/100\n|move|p2a: Ferrothorn|Iron Head|p1a: Princess\n|-supereffective|p1a: Princess\n|-damage|p1a: Princess|0 fnt\n|faint|p1a: Princess\n|\n|upkeep\n|c|\u2606harmony6|damn\n|\n|t:|1700784772\n|switch|p1a: Kiriko|Delphox, F, shiny|81\/100\n|turn|21\n|\n|t:|1700784784\n|move|p1a: Kiriko|Flamethrower|p2a: Ferrothorn\n|-supereffective|p2a: Ferrothorn\n|-damage|p2a: Ferrothorn|0 fnt\n|faint|p2a: Ferrothorn\n|\n|upkeep\n|\n|t:|1700784789\n|switch|p2a: Muk|Muk-Alola, M|100\/100\n|-damage|p2a: Muk|88\/100|[from] Stealth Rock\n|turn|22\n|\n|t:|1700784796\n|-activate|p1a: Kiriko|move: Pursuit\n|move|p2a: Muk|Pursuit|p1a: Kiriko|[from]Pursuit\n|-supereffective|p1a: Kiriko\n|-damage|p1a: Kiriko|0 fnt\n|faint|p1a: Kiriko\n|-hint|A Pokemon can't switch between when it runs out of HP and when it faints\n|\n|upkeep\n|\n|t:|1700784798\n|switch|p1a: Goofball|Tinkaton, F|45\/100 par\n|-ability|p1a: Goofball|Mold Breaker\n|turn|23\n|\n|t:|1700784815\n|switch|p2a: Gastrodon|Gastrodon, F|78\/100\n|-damage|p2a: Gastrodon|72\/100|[from] Stealth Rock\n|move|p1a: Goofball|Gigaton Hammer|p2a: Gastrodon\n|-resisted|p2a: Gastrodon\n|-damage|p2a: Gastrodon|44\/100\n|\n|-heal|p2a: Gastrodon|50\/100|[from] item: Leftovers\n|-heal|p1a: Goofball|51\/100 par|[from] item: Leftovers\n|upkeep\n|turn|24\n|c|\u2606harmony6|ggs\n|\n|t:|1700784834\n|move|p2a: Gastrodon|Recover|p2a: Gastrodon\n|-heal|p2a: Gastrodon|99\/100\n|move|p1a: Goofball|Knock Off|p2a: Gastrodon\n|-damage|p2a: Gastrodon|79\/100\n|-enditem|p2a: Gastrodon|Leftovers|[from] move: Knock Off|[of] p1a: Goofball\n|\n|-heal|p1a: Goofball|57\/100 par|[from] item: Leftovers\n|upkeep\n|turn|25\n|\n|t:|1700784843\n|move|p2a: Gastrodon|Scald|p1a: Goofball\n|-damage|p1a: Goofball|40\/100 par\n|move|p1a: Goofball|Gigaton Hammer|p2a: Gastrodon\n|-resisted|p2a: Gastrodon\n|-crit|p2a: Gastrodon\n|-damage|p2a: Gastrodon|37\/100\n|\n|-heal|p1a: Goofball|46\/100 par|[from] item: Leftovers\n|upkeep\n|turn|26\n|\n|t:|1700784848\n|switch|p1a: Hot Koko|Tapu Koko, shiny|100\/100\n|-fieldstart|move: Electric Terrain|[from] ability: Electric Surge|[of] p1a: Hot Koko\n|move|p2a: Gastrodon|Recover|p2a: Gastrodon\n|-heal|p2a: Gastrodon|88\/100\n|\n|upkeep\n|turn|27\n|\n|t:|1700784853\n|move|p1a: Hot Koko|Dazzling Gleam|p2a: Gastrodon\n|-damage|p2a: Gastrodon|64\/100\n|move|p2a: Gastrodon|Clear Smog|p1a: Hot Koko\n|-supereffective|p1a: Hot Koko\n|-damage|p1a: Hot Koko|68\/100\n|-clearboost|p1a: Hot Koko\n|\n|upkeep\n|turn|28\n|\n|t:|1700784865\n|switch|p2a: Muk|Muk-Alola, M|88\/100\n|-damage|p2a: Muk|76\/100|[from] Stealth Rock\n|move|p1a: Hot Koko|Dazzling Gleam|p2a: Muk\n|-damage|p2a: Muk|62\/100\n|\n|upkeep\n|turn|29\n|\n|t:|1700784874\n|move|p1a: Hot Koko|Roost|p1a: Hot Koko\n|-heal|p1a: Hot Koko|100\/100\n|-singleturn|p1a: Hot Koko|move: Roost\n|move|p2a: Muk|Fire Punch|p1a: Hot Koko\n|-damage|p1a: Hot Koko|75\/100\n|-status|p1a: Hot Koko|psn|[from] ability: Poison Touch|[of] p2a: Muk\n|\n|-damage|p1a: Hot Koko|62\/100 psn|[from] psn\n|upkeep\n|turn|30\n|\n|t:|1700784881\n|move|p1a: Hot Koko|Thunderbolt|p2a: Muk\n|-damage|p2a: Muk|44\/100\n|move|p2a: Muk|Fire Punch|p1a: Hot Koko\n|-damage|p1a: Hot Koko|39\/100 psn\n|\n|-damage|p1a: Hot Koko|26\/100 psn|[from] psn\n|-fieldend|move: Electric Terrain\n|upkeep\n|turn|31\n|\n|t:|1700784916\n|move|p1a: Hot Koko|Thunderbolt|p2a: Muk\n|-damage|p2a: Muk|28\/100\n|-status|p2a: Muk|par\n|move|p2a: Muk|Poison Jab|p1a: Hot Koko\n|-supereffective|p1a: Hot Koko\n|-damage|p1a: Hot Koko|0 fnt\n|faint|p1a: Hot Koko\n|\n|upkeep\n|\n|t:|1700784920\n|switch|p1a: Goofball|Tinkaton, F|46\/100 par\n|-ability|p1a: Goofball|Mold Breaker\n|turn|32\n|\n|t:|1700784929\n|move|p1a: Goofball|Gigaton Hammer|p2a: Muk\n|-damage|p2a: Muk|0 fnt\n|faint|p2a: Muk\n|\n|-heal|p1a: Goofball|52\/100 par|[from] item: Leftovers\n|upkeep\n|\n|t:|1700784932\n|switch|p2a: Skeledirge|Skeledirge, F|88\/100\n|turn|33\n|l| UUbers Vesp\n|\n|t:|1700784934\n|move|p2a: Skeledirge|Torch Song|p1a: Goofball\n|-supereffective|p1a: Goofball\n|-damage|p1a: Goofball|14\/100 par\n|-boost|p2a: Skeledirge|spa|1\n|move|p1a: Goofball|Knock Off|p2a: Skeledirge\n|-supereffective|p2a: Skeledirge\n|-damage|p2a: Skeledirge|64\/100\n|-enditem|p2a: Skeledirge|Heavy-Duty Boots|[from] move: Knock Off|[of] p1a: Goofball\n|\n|-heal|p1a: Goofball|20\/100 par|[from] item: Leftovers\n|upkeep\n|turn|34\n|c|\u2606harmony6|gg\n|\n|t:|1700784938\n|move|p2a: Skeledirge|Torch Song|p1a: Goofball\n|-supereffective|p1a: Goofball\n|-damage|p1a: Goofball|0 fnt\n|-boost|p2a: Skeledirge|spa|1\n|faint|p1a: Goofball\n|\n|win|harmony6\n|c|\u2606Cold Finally|gg\n","uploadtime":1700784942,"views":22,"p1id":"coldfinally","p2id":"harmony6","formatid":"gen9nationaldexubers","rating":0,"private":0,"password":""}