{"id":"gen9nationaldexubers-1993702944","p1":"UnknownKirdy","p2":"hey wsp teach me","format":"[Gen 9] National Dex Ubers","log":"|j|\u2606UnknownKirdy\n|j|\u2606hey wsp teach me\n|t:|1700347335\n|gametype|singles\n|player|p1|UnknownKirdy|emmet|1067\n|player|p2|hey wsp teach me|1|1000\n|teamsize|p1|6\n|teamsize|p2|6\n|gen|9\n|tier|[Gen 9] National Dex Ubers\n|rated|\n|rule|HP Percentage Mod: HP is shown in percentages\n|rule|Endless Battle Clause: Forcing endless battles is banned\n|rule|OHKO Clause: OHKO moves are banned\n|rule|Evasion Moves Clause: Evasion moves are banned\n|rule|Evasion Items Clause: Evasion items are banned\n|rule|Species Clause: Limit one of each Pok\u00e9mon\n|rule|Sleep Clause Mod: Limit one foe put to sleep\n|rule|Mega Rayquaza Clause: You cannot mega evolve Rayquaza\n|clearpoke\n|poke|p1|Altaria, F|\n|poke|p1|Dragonite, F|\n|poke|p1|Latios, M|\n|poke|p1|Roaring Moon|\n|poke|p1|Tyrantrum, F|\n|poke|p1|Dragalge, F|\n|poke|p2|Sceptile, F|\n|poke|p2|Dragapult, F|\n|poke|p2|Aegislash, M|\n|poke|p2|Charizard, M|\n|poke|p2|Chansey, F|\n|poke|p2|Greninja-*, M|\n|teampreview\n|\n|t:|1700347368\n|start\n|switch|p1a: Roaring Moon|Roaring Moon|100\/100\n|switch|p2a: Greninja|Greninja, M|100\/100\n|turn|1\n|\n|t:|1700347377\n|move|p2a: Greninja|Ice Beam|p1a: Roaring Moon\n|-supereffective|p1a: Roaring Moon\n|-damage|p1a: Roaring Moon|62\/100\n|move|p1a: Roaring Moon|Dragon Dance|p1a: Roaring Moon\n|-boost|p1a: Roaring Moon|atk|1\n|-boost|p1a: Roaring Moon|spe|1\n|\n|-heal|p1a: Roaring Moon|68\/100|[from] item: Leftovers\n|upkeep\n|turn|2\n|\n|t:|1700347387\n|-terastallize|p1a: Roaring Moon|Steel\n|move|p1a: Roaring Moon|Dragon Dance|p1a: Roaring Moon\n|-boost|p1a: Roaring Moon|atk|1\n|-boost|p1a: Roaring Moon|spe|1\n|move|p2a: Greninja|Ice Beam|p1a: Roaring Moon\n|-resisted|p1a: Roaring Moon\n|-damage|p1a: Roaring Moon|57\/100\n|\n|-heal|p1a: Roaring Moon|63\/100|[from] item: Leftovers\n|upkeep\n|turn|3\n|\n|t:|1700347398\n|move|p1a: Roaring Moon|Dragon Claw|p2a: Greninja\n|-enditem|p2a: Greninja|Focus Sash\n|-damage|p2a: Greninja|1\/100\n|move|p2a: Greninja|Hydro Pump|p1a: Roaring Moon|[miss]\n|-miss|p2a: Greninja|p1a: Roaring Moon\n|\n|-heal|p1a: Roaring Moon|69\/100|[from] item: Leftovers\n|upkeep\n|turn|4\n|\n|t:|1700347410\n|move|p1a: Roaring Moon|Dragon Claw|p2a: Greninja\n|-damage|p2a: Greninja|0 fnt\n|faint|p2a: Greninja\n|\n|-heal|p1a: Roaring Moon|75\/100|[from] item: Leftovers\n|upkeep\n|\n|t:|1700347421\n|switch|p2a: Charizard|Charizard, M|100\/100\n|turn|5\n|\n|t:|1700347427\n|move|p1a: Roaring Moon|Dragon Claw|p2a: Charizard\n|-damage|p2a: Charizard|0 fnt\n|faint|p2a: Charizard\n|\n|-heal|p1a: Roaring Moon|81\/100|[from] item: Leftovers\n|upkeep\n|\n|t:|1700347435\n|switch|p2a: Dragapult|Dragapult, F|100\/100\n|turn|6\n|\n|t:|1700347439\n|move|p1a: Roaring Moon|Dragon Claw|p2a: Dragapult\n|-supereffective|p2a: Dragapult\n|-damage|p2a: Dragapult|0 fnt\n|faint|p2a: Dragapult\n|\n|-heal|p1a: Roaring Moon|87\/100|[from] item: Leftovers\n|upkeep\n|\n|t:|1700347446\n|switch|p2a: Aegislash|Aegislash, M|100\/100\n|turn|7\n|\n|t:|1700347453\n|move|p2a: Aegislash|King's Shield|p2a: Aegislash\n|-singleturn|p2a: Aegislash|Protect\n|move|p1a: Roaring Moon|Dragon Dance|p1a: Roaring Moon\n|-boost|p1a: Roaring Moon|atk|1\n|-boost|p1a: Roaring Moon|spe|1\n|\n|-heal|p1a: Roaring Moon|93\/100|[from] item: Leftovers\n|upkeep\n|turn|8\n|\n|t:|1700347462\n|move|p1a: Roaring Moon|Jaw Lock|p2a: Aegislash\n|-supereffective|p2a: Aegislash\n|-damage|p2a: Aegislash|0 fnt\n|faint|p2a: Aegislash\n|\n|-heal|p1a: Roaring Moon|99\/100|[from] item: Leftovers\n|upkeep\n|\n|t:|1700347469\n|switch|p2a: Sceptile|Sceptile, F|100\/100\n|turn|9\n|\n|t:|1700347473\n|move|p1a: Roaring Moon|Dragon Claw|p2a: Sceptile\n|-damage|p2a: Sceptile|0 fnt\n|faint|p2a: Sceptile\n|\n|-heal|p1a: Roaring Moon|100\/100|[from] item: Leftovers\n|upkeep\n|\n|t:|1700347480\n|switch|p2a: Chansey|Chansey, F|100\/100\n|turn|10\n|\n|t:|1700347485\n|move|p1a: Roaring Moon|Iron Head|p2a: Chansey\n|-damage|p2a: Chansey|0 fnt\n|faint|p2a: Chansey\n|\n|win|UnknownKirdy\n|raw|UnknownKirdy's rating: 1067 &rarr; <strong>1091<\/strong><br \/>(+24 for winning)\n|raw|hey wsp teach me's rating: 1000 &rarr; <strong>1000<\/strong><br \/>(+0 for losing)\n","uploadtime":1700347492,"views":7,"p1id":"unknownkirdy","p2id":"heywspteachme","formatid":"gen9nationaldexubers","rating":1000,"private":0,"password":""}