{"id":"gen9nationaldexubers-1991520896","p1":"ElisaMarie1719","p2":"betamax241","format":"[Gen 9] National Dex Ubers","log":"|j|\u2606ElisaMarie1719\n|j|\u2606betamax241\n|t:|1700084550\n|gametype|singles\n|player|p1|ElisaMarie1719|nurse|1060\n|player|p2|betamax241|lucas-gen4pt|1168\n|teamsize|p1|6\n|teamsize|p2|6\n|gen|9\n|tier|[Gen 9] National Dex Ubers\n|rated|\n|rule|HP Percentage Mod: HP is shown in percentages\n|rule|Endless Battle Clause: Forcing endless battles is banned\n|rule|OHKO Clause: OHKO moves are banned\n|rule|Evasion Moves Clause: Evasion moves are banned\n|rule|Evasion Items Clause: Evasion items are banned\n|rule|Species Clause: Limit one of each Pok\u00e9mon\n|rule|Sleep Clause Mod: Limit one foe put to sleep\n|rule|Mega Rayquaza Clause: You cannot mega evolve Rayquaza\n|clearpoke\n|poke|p1|Necrozma-Dusk-Mane|\n|poke|p1|Kangaskhan, F|\n|poke|p1|Kyogre|\n|poke|p1|Toxapex, M|\n|poke|p1|Tapu Lele|\n|poke|p1|Cyclizar, M|\n|poke|p2|Volcarona, M|\n|poke|p2|Buzzwole|\n|poke|p2|Kleavor, F|\n|poke|p2|Ribombee, M|\n|poke|p2|Scolipede, F|\n|poke|p2|Genesect|\n|teampreview\n|inactive|Battle timer is ON: inactive players will automatically lose when time's up. (requested by ElisaMarie1719)\n|c|\u2606ElisaMarie1719|another monotype\n|\n|t:|1700084565\n|start\n|switch|p1a: Kyogre|Kyogre|100\/100\n|switch|p2a: Ribombee|Ribombee, M|100\/100\n|detailschange|p1a: Kyogre|Kyogre-Primal\n|-primal|p1a: Kyogre|Blue Orb\n|-weather|PrimordialSea|[from] ability: Primordial Sea|[of] p1a: Kyogre\n|turn|1\n|c|\u2606betamax241|its the only way i can test this shit out :(\n|\n|t:|1700084583\n|move|p2a: Ribombee|Sticky Web|p1a: Kyogre\n|-sidestart|p1: ElisaMarie1719|move: Sticky Web\n|move|p1a: Kyogre|Calm Mind|p1a: Kyogre\n|-boost|p1a: Kyogre|spa|1\n|-boost|p1a: Kyogre|spd|1\n|\n|-weather|PrimordialSea|[upkeep]\n|upkeep\n|turn|2\n|\n|t:|1700084589\n|move|p2a: Ribombee|Moonblast|p1a: Kyogre\n|-damage|p1a: Kyogre|85\/100\n|-unboost|p1a: Kyogre|spa|1\n|move|p1a: Kyogre|Water Spout|p2a: Ribombee\n|-enditem|p2a: Ribombee|Focus Sash\n|-damage|p2a: Ribombee|1\/100\n|\n|-weather|PrimordialSea|[upkeep]\n|upkeep\n|turn|3\n|\n|t:|1700084596\n|move|p2a: Ribombee|Moonblast|p1a: Kyogre\n|-damage|p1a: Kyogre|71\/100\n|-unboost|p1a: Kyogre|spa|1\n|move|p1a: Kyogre|Water Spout|p2a: Ribombee\n|-damage|p2a: Ribombee|0 fnt\n|faint|p2a: Ribombee\n|\n|-weather|PrimordialSea|[upkeep]\n|upkeep\n|\n|t:|1700084608\n|switch|p2a: Buzzwole|Buzzwole|100\/100\n|turn|4\n|\n|t:|1700084612\n|move|p2a: Buzzwole|Leech Life|p1a: Kyogre\n|-damage|p1a: Kyogre|0 fnt\n|faint|p1a: Kyogre\n|-weather|none\n|-ability|p2a: Buzzwole|Beast Boost|boost\n|-boost|p2a: Buzzwole|atk|1\n|\n|upkeep\n|\n|t:|1700084620\n|switch|p1a: Toxapex|Toxapex, M|100\/100\n|-activate|p1a: Toxapex|move: Sticky Web\n|-unboost|p1a: Toxapex|spe|1\n|turn|5\n|\n|t:|1700084626\n|move|p2a: Buzzwole|Leech Life|p1a: Toxapex\n|-resisted|p1a: Toxapex\n|-damage|p1a: Toxapex|66\/100\n|move|p1a: Toxapex|Ice Spinner|p2a: Buzzwole\n|-damage|p2a: Buzzwole|92\/100\n|\n|-heal|p1a: Toxapex|72\/100|[from] item: Black Sludge\n|upkeep\n|turn|6\n|\n|t:|1700084638\n|move|p2a: Buzzwole|Leech Life|p1a: Toxapex\n|-resisted|p1a: Toxapex\n|-damage|p1a: Toxapex|37\/100\n|-heal|p2a: Buzzwole|100\/100|[from] drain|[of] p1a: Toxapex\n|move|p1a: Toxapex|Toxic|p2a: Buzzwole\n|-status|p2a: Buzzwole|tox\n|\n|-heal|p1a: Toxapex|43\/100|[from] item: Black Sludge\n|-damage|p2a: Buzzwole|94\/100 tox|[from] psn\n|upkeep\n|turn|7\n|\n|t:|1700084644\n|move|p2a: Buzzwole|Leech Life|p1a: Toxapex\n|-resisted|p1a: Toxapex\n|-damage|p1a: Toxapex|13\/100\n|-heal|p2a: Buzzwole|100\/100 tox|[from] drain|[of] p1a: Toxapex\n|move|p1a: Toxapex|Recover|p1a: Toxapex\n|-heal|p1a: Toxapex|63\/100\n|\n|-heal|p1a: Toxapex|69\/100|[from] item: Black Sludge\n|-damage|p2a: Buzzwole|88\/100 tox|[from] psn\n|upkeep\n|turn|8\n|\n|t:|1700084656\n|move|p1a: Toxapex|Baneful Bunker|p1a: Toxapex\n|-singleturn|p1a: Toxapex|move: Protect\n|move|p2a: Buzzwole|Leech Life|p1a: Toxapex\n|-activate|p1a: Toxapex|move: Protect\n|\n|-heal|p1a: Toxapex|75\/100|[from] item: Black Sludge\n|-damage|p2a: Buzzwole|70\/100 tox|[from] psn\n|upkeep\n|turn|9\n|\n|t:|1700084669\n|move|p2a: Buzzwole|Leech Life|p1a: Toxapex\n|-resisted|p1a: Toxapex\n|-damage|p1a: Toxapex|45\/100\n|-heal|p2a: Buzzwole|82\/100 tox|[from] drain|[of] p1a: Toxapex\n|move|p1a: Toxapex|Recover|p1a: Toxapex\n|-heal|p1a: Toxapex|95\/100\n|\n|-heal|p1a: Toxapex|100\/100|[from] item: Black Sludge\n|-damage|p2a: Buzzwole|58\/100 tox|[from] psn\n|upkeep\n|turn|10\n|\n|t:|1700084679\n|move|p1a: Toxapex|Baneful Bunker|p1a: Toxapex\n|-singleturn|p1a: Toxapex|move: Protect\n|move|p2a: Buzzwole|Leech Life|p1a: Toxapex\n|-activate|p1a: Toxapex|move: Protect\n|\n|-damage|p2a: Buzzwole|27\/100 tox|[from] psn\n|upkeep\n|turn|11\n|\n|t:|1700084690\n|move|p1a: Toxapex|Baneful Bunker||[still]\n|-fail|p1a: Toxapex\n|move|p2a: Buzzwole|Leech Life|p1a: Toxapex\n|-resisted|p1a: Toxapex\n|-damage|p1a: Toxapex|69\/100\n|-heal|p2a: Buzzwole|40\/100 tox|[from] drain|[of] p1a: Toxapex\n|\n|-heal|p1a: Toxapex|75\/100|[from] item: Black Sludge\n|-damage|p2a: Buzzwole|3\/100 tox|[from] psn\n|upkeep\n|turn|12\n|\n|t:|1700084705\n|switch|p2a: Volcarona|Volcarona, M|100\/100\n|move|p1a: Toxapex|Baneful Bunker||[still]\n|-fail|p1a: Toxapex\n|\n|-heal|p1a: Toxapex|81\/100|[from] item: Black Sludge\n|upkeep\n|turn|13\n|\n|t:|1700084710\n|move|p2a: Volcarona|Quiver Dance|p2a: Volcarona\n|-boost|p2a: Volcarona|spa|1\n|-boost|p2a: Volcarona|spd|1\n|-boost|p2a: Volcarona|spe|1\n|move|p1a: Toxapex|Toxic|p2a: Volcarona\n|-status|p2a: Volcarona|tox\n|\n|-heal|p1a: Toxapex|87\/100|[from] item: Black Sludge\n|-damage|p2a: Volcarona|94\/100 tox|[from] psn\n|upkeep\n|turn|14\n|\n|t:|1700084722\n|move|p2a: Volcarona|Fiery Dance|p1a: Toxapex\n|-resisted|p1a: Toxapex\n|-damage|p1a: Toxapex|61\/100\n|-boost|p2a: Volcarona|spa|1\n|move|p1a: Toxapex|Recover|p1a: Toxapex\n|-heal|p1a: Toxapex|100\/100\n|\n|-damage|p2a: Volcarona|82\/100 tox|[from] psn\n|upkeep\n|turn|15\n|\n|t:|1700084734\n|move|p1a: Toxapex|Baneful Bunker|p1a: Toxapex\n|-singleturn|p1a: Toxapex|move: Protect\n|move|p2a: Volcarona|Bug Buzz|p1a: Toxapex\n|-activate|p1a: Toxapex|move: Protect\n|\n|-damage|p2a: Volcarona|64\/100 tox|[from] psn\n|upkeep\n|turn|16\n|\n|t:|1700084745\n|move|p2a: Volcarona|Quiver Dance|p2a: Volcarona\n|-boost|p2a: Volcarona|spa|1\n|-boost|p2a: Volcarona|spd|1\n|-boost|p2a: Volcarona|spe|1\n|move|p1a: Toxapex|Ice Spinner|p2a: Volcarona\n|-resisted|p2a: Volcarona\n|-damage|p2a: Volcarona|54\/100 tox\n|\n|-damage|p2a: Volcarona|29\/100 tox|[from] psn\n|upkeep\n|turn|17\n|\n|t:|1700084755\n|move|p2a: Volcarona|Bug Buzz|p1a: Toxapex\n|-resisted|p1a: Toxapex\n|-damage|p1a: Toxapex|51\/100\n|move|p1a: Toxapex|Ice Spinner|p2a: Volcarona\n|-resisted|p2a: Volcarona\n|-damage|p2a: Volcarona|19\/100 tox\n|\n|-heal|p1a: Toxapex|57\/100|[from] item: Black Sludge\n|-damage|p2a: Volcarona|0 fnt|[from] psn\n|faint|p2a: Volcarona\n|upkeep\n|\n|t:|1700084758\n|switch|p2a: Kleavor|Kleavor, F|100\/100\n|turn|18\n|\n|t:|1700084768\n|move|p2a: Kleavor|Stone Axe|p1a: Toxapex|[miss]\n|-miss|p2a: Kleavor|p1a: Toxapex\n|move|p1a: Toxapex|Recover|p1a: Toxapex\n|-heal|p1a: Toxapex|100\/100\n|\n|upkeep\n|turn|19\n|\n|t:|1700084773\n|move|p2a: Kleavor|Stone Axe|p1a: Toxapex\n|-damage|p1a: Toxapex|68\/100\n|-sidestart|p1: ElisaMarie1719|move: Stealth Rock\n|move|p1a: Toxapex|Recover|p1a: Toxapex\n|-heal|p1a: Toxapex|100\/100\n|\n|upkeep\n|turn|20\n|\n|t:|1700084779\n|move|p2a: Kleavor|Stone Axe|p1a: Toxapex\n|-damage|p1a: Toxapex|67\/100\n|move|p1a: Toxapex|Ice Spinner|p2a: Kleavor\n|-damage|p2a: Kleavor|84\/100\n|\n|-heal|p1a: Toxapex|73\/100|[from] item: Black Sludge\n|upkeep\n|turn|21\n|\n|t:|1700084789\n|move|p2a: Kleavor|Stone Axe|p1a: Toxapex|[miss]\n|-miss|p2a: Kleavor|p1a: Toxapex\n|move|p1a: Toxapex|Toxic|p2a: Kleavor\n|-status|p2a: Kleavor|tox\n|\n|-heal|p1a: Toxapex|79\/100|[from] item: Black Sludge\n|-damage|p2a: Kleavor|78\/100 tox|[from] psn\n|upkeep\n|turn|22\n|\n|t:|1700084800\n|move|p1a: Toxapex|Baneful Bunker|p1a: Toxapex\n|-singleturn|p1a: Toxapex|move: Protect\n|move|p2a: Kleavor|Stone Axe|p1a: Toxapex\n|-activate|p1a: Toxapex|move: Protect\n|\n|-heal|p1a: Toxapex|85\/100|[from] item: Black Sludge\n|-damage|p2a: Kleavor|66\/100 tox|[from] psn\n|upkeep\n|turn|23\n|\n|t:|1700084813\n|move|p2a: Kleavor|Stone Axe|p1a: Toxapex\n|-damage|p1a: Toxapex|51\/100\n|move|p1a: Toxapex|Ice Spinner|p2a: Kleavor\n|-crit|p2a: Kleavor\n|-damage|p2a: Kleavor|43\/100 tox\n|\n|-heal|p1a: Toxapex|58\/100|[from] item: Black Sludge\n|-damage|p2a: Kleavor|25\/100 tox|[from] psn\n|upkeep\n|turn|24\n|\n|t:|1700084830\n|move|p1a: Toxapex|Baneful Bunker|p1a: Toxapex\n|-singleturn|p1a: Toxapex|move: Protect\n|move|p2a: Kleavor|Stone Axe|p1a: Toxapex\n|-activate|p1a: Toxapex|move: Protect\n|\n|-heal|p1a: Toxapex|64\/100|[from] item: Black Sludge\n|-damage|p2a: Kleavor|1\/100 tox|[from] psn\n|upkeep\n|turn|25\n|c|\u2606ElisaMarie1719|dude your ok?\n|\n|t:|1700084843\n|move|p2a: Kleavor|Stone Axe|p1a: Toxapex\n|-crit|p1a: Toxapex\n|-damage|p1a: Toxapex|15\/100\n|move|p1a: Toxapex|Ice Spinner|p2a: Kleavor\n|-damage|p2a: Kleavor|0 fnt\n|faint|p2a: Kleavor\n|\n|-heal|p1a: Toxapex|21\/100|[from] item: Black Sludge\n|upkeep\n|\n|t:|1700084852\n|switch|p2a: Scolipede|Scolipede, F|100\/100\n|turn|26\n|\n|t:|1700084856\n|move|p2a: Scolipede|Stomping Tantrum|p1a: Toxapex\n|-supereffective|p1a: Toxapex\n|-damage|p1a: Toxapex|0 fnt\n|faint|p1a: Toxapex\n|\n|-ability|p2a: Scolipede|Speed Boost|boost\n|-boost|p2a: Scolipede|spe|1\n|upkeep\n|c|\u2606betamax241|no\n|\n|t:|1700084863\n|switch|p1a: Necrozma|Necrozma-Dusk-Mane|100\/100\n|-activate|p1a: Necrozma|move: Sticky Web\n|-unboost|p1a: Necrozma|spe|1\n|-damage|p1a: Necrozma|95\/100|[from] Stealth Rock\n|turn|27\n|\n|t:|1700084873\n|move|p2a: Scolipede|Swords Dance|p2a: Scolipede\n|-boost|p2a: Scolipede|atk|2\n|move|p1a: Necrozma|Dragon Dance|p1a: Necrozma\n|-boost|p1a: Necrozma|atk|1\n|-boost|p1a: Necrozma|spe|1\n|\n|-ability|p2a: Scolipede|Speed Boost|boost\n|-boost|p2a: Scolipede|spe|1\n|upkeep\n|turn|28\n|c|\u2606ElisaMarie1719|finally you frre of my toxapex\n|\n|t:|1700084886\n|move|p2a: Scolipede|Stomping Tantrum|p1a: Necrozma\n|-supereffective|p1a: Necrozma\n|-damage|p1a: Necrozma|41\/100\n|move|p1a: Necrozma|Dragon Dance|p1a: Necrozma\n|-boost|p1a: Necrozma|atk|1\n|-boost|p1a: Necrozma|spe|1\n|\n|-ability|p2a: Scolipede|Speed Boost|boost\n|-boost|p2a: Scolipede|spe|1\n|upkeep\n|turn|29\n|\n|t:|1700084892\n|move|p2a: Scolipede|Stomping Tantrum|p1a: Necrozma\n|-supereffective|p1a: Necrozma\n|-damage|p1a: Necrozma|0 fnt\n|faint|p1a: Necrozma\n|\n|-ability|p2a: Scolipede|Speed Boost|boost\n|-boost|p2a: Scolipede|spe|1\n|upkeep\n|\n|t:|1700084896\n|switch|p1a: Cyclizar|Cyclizar, M|100\/100\n|turn|30\n|\n|t:|1700084901\n|move|p2a: Scolipede|Stomping Tantrum|p1a: Cyclizar\n|-damage|p1a: Cyclizar|38\/100\n|move|p1a: Cyclizar|Shed Tail|p1a: Cyclizar\n|-fail|p1a: Cyclizar|move: Shed Tail|[weak]\n|\n|-ability|p2a: Scolipede|Speed Boost|boost\n|-boost|p2a: Scolipede|spe|1\n|upkeep\n|turn|31\n|\n|t:|1700084906\n|switch|p1a: Tapu Lele|Tapu Lele|100\/100\n|-activate|p1a: Tapu Lele|move: Sticky Web\n|-unboost|p1a: Tapu Lele|spe|1\n|-damage|p1a: Tapu Lele|88\/100|[from] Stealth Rock\n|-fieldstart|move: Psychic Terrain|[from] ability: Psychic Surge|[of] p1a: Tapu Lele\n|move|p2a: Scolipede|Stomping Tantrum|p1a: Tapu Lele\n|-damage|p1a: Tapu Lele|35\/100\n|\n|-ability|p2a: Scolipede|Speed Boost|boost\n|-boost|p2a: Scolipede|spe|1\n|upkeep\n|turn|32\n|\n|t:|1700084910\n|move|p2a: Scolipede|Poison Jab|p1a: Tapu Lele\n|-supereffective|p1a: Tapu Lele\n|-damage|p1a: Tapu Lele|0 fnt\n|faint|p1a: Tapu Lele\n|\n|upkeep\n|c|\u2606ElisaMarie1719|gg\n|\n|t:|1700084916\n|switch|p1a: Kangaskhan|Kangaskhan, F|100\/100\n|-activate|p1a: Kangaskhan|move: Sticky Web\n|-unboost|p1a: Kangaskhan|spe|1\n|-damage|p1a: Kangaskhan|88\/100|[from] Stealth Rock\n|turn|33\n|\n|t:|1700084923\n|detailschange|p1a: Kangaskhan|Kangaskhan-Mega, F\n|-mega|p1a: Kangaskhan|Kangaskhan|Kangaskhanite\n|move|p2a: Scolipede|Stomping Tantrum|p1a: Kangaskhan\n|-damage|p1a: Kangaskhan|45\/100\n|move|p1a: Kangaskhan|Earthquake|p2a: Scolipede\n|-damage|p2a: Scolipede|51\/100\n|-damage|p2a: Scolipede|38\/100\n|-hitcount|p2a: Scolipede|2\n|\n|upkeep\n|turn|34\n|\n|t:|1700084927\n|move|p1a: Kangaskhan|Sucker Punch|p2a: Scolipede\n|-activate|p2a: Scolipede|move: Psychic Terrain\n|move|p2a: Scolipede|Stomping Tantrum|p1a: Kangaskhan\n|-damage|p1a: Kangaskhan|1\/100\n|\n|upkeep\n|turn|35\n|\n|t:|1700084933\n|switch|p1a: Cyclizar|Cyclizar, M|72\/100\n|move|p2a: Scolipede|Stomping Tantrum|p1a: Cyclizar\n|-damage|p1a: Cyclizar|5\/100\n|\n|-fieldend|move: Psychic Terrain\n|upkeep\n|turn|36\n|\n|t:|1700084936\n|move|p2a: Scolipede|Stomping Tantrum|p1a: Cyclizar\n|-damage|p1a: Cyclizar|0 fnt\n|faint|p1a: Cyclizar\n|\n|upkeep\n|\n|t:|1700084938\n|switch|p1a: Kangaskhan|Kangaskhan-Mega, F|1\/100\n|-activate|p1a: Kangaskhan|move: Sticky Web\n|-unboost|p1a: Kangaskhan|spe|1\n|-damage|p1a: Kangaskhan|0 fnt|[from] Stealth Rock\n|faint|p1a: Kangaskhan\n|\n|win|betamax241\n|raw|ElisaMarie1719's rating: 1060 &rarr; <strong>1047<\/strong><br \/>(-13 for losing)\n|raw|betamax241's rating: 1168 &rarr; <strong>1185<\/strong><br \/>(+17 for winning)\n|c|\u2606betamax241|gg\n|c|\u2606ElisaMarie1719|gg\n|c|\u2606ElisaMarie1719|how a hell my toxapex\n|c|\u2606betamax241|i could not break that wall for the longest time lol\n|c|\u2606ElisaMarie1719|you was lost your head with that wall of the hell\n|c|\u2606betamax241|i hate going against toxapex stall\n|c|\u2606ElisaMarie1719|Almost you lost your head bc what the fuck my toxapex a freaking wakl\n|c|\u2606ElisaMarie1719|wall*\n|c|\u2606ElisaMarie1719|is the reason is a good defender\n|c|\u2606betamax241|ik thats why i hate it lol\n|c|\u2606ElisaMarie1719|im internal dying bc dude i see your eyes saying i gonna kill that thing\n|c|\u2606ElisaMarie1719|right now son of hell\n|c|\u2606betamax241|and then finally i did with a big caterpillar lol\n|c|\u2606ElisaMarie1719|Dude i was so close to use toxic and i remember that\n|c|\u2606ElisaMarie1719|poison type\n|c|\u2606ElisaMarie1719|its my first rime use that strategy\n|c|\u2606betamax241|posion can go  crazy in the right way\n|c|\u2606ElisaMarie1719|That patrick dad kill a volcarona holy sh\n|c|\u2606ElisaMarie1719|is the most longest fight vs a tank for you life\n|c|\u2606betamax241|it was a boosted volc and it could break tox :(\n|c|\u2606betamax241|not*\n|c|\u2606ElisaMarie1719|tox just say this here come dog here come here!\n|c|\u2606betamax241|yeah lol\n|c|\u2606ElisaMarie1719|F for volc was eaten alive by tox..\n|c|\u2606betamax241|any ways ggs gotta get going\n|c|\u2606ElisaMarie1719|gg\n|l|\u2606betamax241\n","uploadtime":1700085064,"views":7,"p1id":"elisamarie1719","p2id":"betamax241","formatid":"gen9nationaldexubers","rating":1047,"private":0,"password":""}