{"id":"gen9nationaldexubers-1987489034","p1":"SkywardSD","p2":"Nanorano","format":"[Gen 9] National Dex Ubers","log":"|j|\u2606SkywardSD\n|j|\u2606Nanorano\n|t:|1699600230\n|gametype|singles\n|player|p1|SkywardSD|adaman|\n|player|p2|Nanorano|hiker|\n|teamsize|p1|6\n|teamsize|p2|6\n|gen|9\n|tier|[Gen 9] National Dex Ubers\n|rule|HP Percentage Mod: HP is shown in percentages\n|rule|Endless Battle Clause: Forcing endless battles is banned\n|rule|OHKO Clause: OHKO moves are banned\n|rule|Evasion Moves Clause: Evasion moves are banned\n|rule|Evasion Items Clause: Evasion items are banned\n|rule|Species Clause: Limit one of each Pok\u00e9mon\n|rule|Sleep Clause Mod: Limit one foe put to sleep\n|rule|Mega Rayquaza Clause: You cannot mega evolve Rayquaza\n|clearpoke\n|poke|p1|Clodsire, M|\n|poke|p1|Munkidori, M|\n|poke|p1|Lopunny, M|\n|poke|p1|Camerupt, M|\n|poke|p1|Guzzlord|\n|poke|p1|Miltank, F|\n|poke|p2|Ferrothorn, F|\n|poke|p2|Amoonguss, M|\n|poke|p2|Cradily, F|\n|poke|p2|Torterra, M|\n|poke|p2|Ogerpon-Wellspring, F|\n|poke|p2|Rillaboom, M|\n|teampreview\n|\n|t:|1699600245\n|start\n|switch|p1a: Munkidori|Munkidori, M|100\/100\n|switch|p2a: Rillaboom|Rillaboom, M, shiny|100\/100\n|-fieldstart|move: Grassy Terrain|[from] ability: Grassy Surge|[of] p2a: Rillaboom\n|turn|1\n|\n|t:|1699600257\n|move|p1a: Munkidori|Fake Out|p2a: Rillaboom\n|-damage|p2a: Rillaboom|94\/100\n|-status|p2a: Rillaboom|tox|[from] ability: Toxic Chain|[of] p1a: Munkidori\n|cant|p2a: Rillaboom|flinch\n|\n|-heal|p2a: Rillaboom|99\/100 tox|[from] Grassy Terrain\n|-damage|p2a: Rillaboom|94\/100 tox|[from] psn\n|upkeep\n|turn|2\n|\n|t:|1699600268\n|move|p1a: Munkidori|Sludge Wave|p2a: Rillaboom\n|-supereffective|p2a: Rillaboom\n|-damage|p2a: Rillaboom|17\/100 tox\n|move|p2a: Rillaboom|Knock Off|p1a: Munkidori\n|-supereffective|p1a: Munkidori\n|-damage|p1a: Munkidori|13\/100\n|\n|-heal|p1a: Munkidori|19\/100|[from] Grassy Terrain\n|-heal|p2a: Rillaboom|23\/100 tox|[from] Grassy Terrain\n|-damage|p2a: Rillaboom|11\/100 tox|[from] psn\n|upkeep\n|turn|3\n|\n|t:|1699600290\n|move|p2a: Rillaboom|Grassy Glide|p1a: Munkidori\n|-resisted|p1a: Munkidori\n|-damage|p1a: Munkidori|0 fnt\n|faint|p1a: Munkidori\n|\n|-heal|p2a: Rillaboom|17\/100 tox|[from] Grassy Terrain\n|-damage|p2a: Rillaboom|0 fnt|[from] psn\n|faint|p2a: Rillaboom\n|upkeep\n|\n|t:|1699600337\n|switch|p1a: Miltank|Miltank, F|100\/100\n|switch|p2a: Amoonguss|Amoonguss, M, shiny|100\/100\n|turn|4\n|\n|t:|1699600351\n|move|p1a: Miltank|Power-Up Punch|p2a: Amoonguss\n|-resisted|p2a: Amoonguss\n|-damage|p2a: Amoonguss|94\/100\n|-boost|p1a: Miltank|atk|1\n|move|p2a: Amoonguss|Substitute|p2a: Amoonguss\n|-start|p2a: Amoonguss|Substitute\n|-damage|p2a: Amoonguss|70\/100\n|\n|-heal|p2a: Amoonguss|76\/100|[from] Grassy Terrain\n|-heal|p2a: Amoonguss|82\/100|[from] item: Black Sludge\n|upkeep\n|turn|5\n|\n|t:|1699600362\n|move|p1a: Miltank|Power-Up Punch|p2a: Amoonguss\n|-resisted|p2a: Amoonguss\n|-activate|p2a: Amoonguss|move: Substitute|[damage]\n|-boost|p1a: Miltank|atk|1\n|move|p2a: Amoonguss|Toxic|p1a: Miltank\n|-status|p1a: Miltank|tox\n|\n|-heal|p2a: Amoonguss|88\/100|[from] Grassy Terrain\n|-heal|p2a: Amoonguss|94\/100|[from] item: Black Sludge\n|-damage|p1a: Miltank|94\/100 tox|[from] psn\n|-fieldend|move: Grassy Terrain\n|upkeep\n|turn|6\n|\n|t:|1699600375\n|move|p1a: Miltank|Ice Punch|p2a: Amoonguss\n|-supereffective|p2a: Amoonguss\n|-end|p2a: Amoonguss|Substitute\n|move|p2a: Amoonguss|Spore|p1a: Miltank\n|-ability|p1a: Miltank|Sap Sipper|boost\n|-boost|p1a: Miltank|atk|1\n|\n|-heal|p1a: Miltank|100\/100 tox|[from] item: Leftovers\n|-heal|p2a: Amoonguss|99\/100|[from] item: Black Sludge\n|-damage|p1a: Miltank|88\/100 tox|[from] psn\n|upkeep\n|turn|7\n|\n|t:|1699600389\n|move|p1a: Miltank|Ice Punch|p2a: Amoonguss\n|-supereffective|p2a: Amoonguss\n|-damage|p2a: Amoonguss|0 fnt\n|faint|p2a: Amoonguss\n|\n|-heal|p1a: Miltank|94\/100 tox|[from] item: Leftovers\n|-damage|p1a: Miltank|76\/100 tox|[from] psn\n|upkeep\n|\n|t:|1699600396\n|switch|p2a: Ferrothorn|Ferrothorn, F, shiny|100\/100\n|turn|8\n|\n|t:|1699600403\n|move|p2a: Ferrothorn|Protect|p2a: Ferrothorn\n|-singleturn|p2a: Ferrothorn|Protect\n|move|p1a: Miltank|Power-Up Punch|p2a: Ferrothorn\n|-activate|p2a: Ferrothorn|move: Protect\n|\n|-heal|p1a: Miltank|82\/100 tox|[from] item: Leftovers\n|-damage|p1a: Miltank|58\/100 tox|[from] psn\n|upkeep\n|turn|9\n|\n|t:|1699600412\n|move|p1a: Miltank|Power-Up Punch|p2a: Ferrothorn\n|-supereffective|p2a: Ferrothorn\n|-damage|p2a: Ferrothorn|57\/100\n|-boost|p1a: Miltank|atk|1\n|-damage|p1a: Miltank|45\/100 tox|[from] ability: Iron Barbs|[of] p2a: Ferrothorn\n|move|p2a: Ferrothorn|Substitute|p2a: Ferrothorn\n|-start|p2a: Ferrothorn|Substitute\n|-damage|p2a: Ferrothorn|32\/100\n|\n|-heal|p1a: Miltank|52\/100 tox|[from] item: Leftovers\n|-heal|p2a: Ferrothorn|38\/100|[from] item: Leftovers\n|-damage|p1a: Miltank|21\/100 tox|[from] psn\n|upkeep\n|turn|10\n|\n|t:|1699600426\n|move|p1a: Miltank|Milk Drink|p1a: Miltank\n|-heal|p1a: Miltank|71\/100 tox\n|move|p2a: Ferrothorn|Stealth Rock|p1a: Miltank\n|-sidestart|p1: SkywardSD|move: Stealth Rock\n|\n|-heal|p1a: Miltank|77\/100 tox|[from] item: Leftovers\n|-heal|p2a: Ferrothorn|44\/100|[from] item: Leftovers\n|-damage|p1a: Miltank|41\/100 tox|[from] psn\n|upkeep\n|turn|11\n|\n|t:|1699600445\n|switch|p1a: Camerupt|Camerupt, M|100\/100\n|-damage|p1a: Camerupt|88\/100|[from] Stealth Rock\n|move|p2a: Ferrothorn|Leech Seed|p1a: Camerupt\n|-start|p1a: Camerupt|move: Leech Seed\n|\n|-heal|p2a: Ferrothorn|50\/100|[from] item: Leftovers\n|-damage|p1a: Camerupt|76\/100|[from] Leech Seed|[of] p2a: Ferrothorn\n|-heal|p2a: Ferrothorn|62\/100|[silent]\n|upkeep\n|turn|12\n|\n|t:|1699600466\n|switch|p2a: Ogerpon|Ogerpon-Wellspring, F|100\/100\n|move|p1a: Camerupt|Flamethrower|p2a: Ogerpon\n|-damage|p2a: Ogerpon|61\/100\n|\n|-damage|p1a: Camerupt|64\/100|[from] Leech Seed|[of] p2a: Ogerpon\n|-heal|p2a: Ogerpon|75\/100|[silent]\n|upkeep\n|turn|13\n|\n|t:|1699600488\n|switch|p1a: Miltank|Miltank, F|41\/100 tox\n|-damage|p1a: Miltank|28\/100 tox|[from] Stealth Rock\n|-terastallize|p2a: Ogerpon|Water\n|detailschange|p2a: Ogerpon|Ogerpon-Wellspring-Tera, F, tera:Water\n|-ability|p2a: Ogerpon|Embody Aspect (Wellspring)|boost\n|-boost|p2a: Ogerpon|spd|1\n|move|p2a: Ogerpon|Ivy Cudgel|p1a: Miltank\n|-damage|p1a: Miltank|0 fnt\n|faint|p1a: Miltank\n|\n|upkeep\n|\n|t:|1699600516\n|switch|p1a: Lopunny|Lopunny, M, shiny|100\/100\n|-damage|p1a: Lopunny|88\/100|[from] Stealth Rock\n|turn|14\n|\n|t:|1699600522\n|detailschange|p1a: Lopunny|Lopunny-Mega, M, shiny\n|-mega|p1a: Lopunny|Lopunny|Lopunnite\n|move|p1a: Lopunny|Fake Out|p2a: Ogerpon\n|-damage|p2a: Ogerpon|43\/100\n|cant|p2a: Ogerpon|flinch\n|\n|upkeep\n|turn|15\n|\n|t:|1699600529\n|move|p2a: Ogerpon|Spiky Shield|p2a: Ogerpon\n|-singleturn|p2a: Ogerpon|move: Protect\n|move|p1a: Lopunny|Return|p2a: Ogerpon\n|-activate|p2a: Ogerpon|move: Protect\n|-damage|p1a: Lopunny|76\/100|[from] Spiky Shield|[of] p2a: Ogerpon\n|\n|upkeep\n|turn|16\n|\n|t:|1699600536\n|move|p1a: Lopunny|Return|p2a: Ogerpon\n|-crit|p2a: Ogerpon\n|-damage|p2a: Ogerpon|0 fnt\n|faint|p2a: Ogerpon\n|\n|upkeep\n|\n|t:|1699600547\n|switch|p2a: Cradily|Cradily, F, shiny|100\/100\n|turn|17\n|\n|t:|1699600552\n|move|p1a: Lopunny|Close Combat|p2a: Cradily\n|-supereffective|p2a: Cradily\n|-damage|p2a: Cradily|0 fnt\n|-unboost|p1a: Lopunny|def|1\n|-unboost|p1a: Lopunny|spd|1\n|faint|p2a: Cradily\n|\n|upkeep\n|\n|t:|1699600559\n|switch|p2a: Torterra|Torterra, M|100\/100\n|turn|18\n|\n|t:|1699600569\n|move|p2a: Torterra|Protect|p2a: Torterra\n|-singleturn|p2a: Torterra|Protect\n|move|p1a: Lopunny|Return|p2a: Torterra\n|-activate|p2a: Torterra|move: Protect\n|\n|upkeep\n|turn|19\n|\n|t:|1699600577\n|move|p1a: Lopunny|Return|p2a: Torterra\n|-damage|p2a: Torterra|65\/100\n|move|p2a: Torterra|Rest|p2a: Torterra\n|-status|p2a: Torterra|slp|[from] move: Rest\n|-heal|p2a: Torterra|100\/100 slp|[silent]\n|\n|upkeep\n|turn|20\n|\n|t:|1699600584\n|move|p1a: Lopunny|Return|p2a: Torterra\n|-damage|p2a: Torterra|69\/100 slp\n|cant|p2a: Torterra|slp\n|move|p2a: Torterra|Sleep Talk|p2a: Torterra\n|move|p2a: Torterra|Protect||[from]move: Sleep Talk|[still]\n|-fail|p2a: Torterra\n|\n|-heal|p2a: Torterra|75\/100 slp|[from] item: Leftovers\n|upkeep\n|turn|21\n|\n|t:|1699600594\n|move|p1a: Lopunny|Return|p2a: Torterra\n|-damage|p2a: Torterra|40\/100 slp\n|cant|p2a: Torterra|slp\n|move|p2a: Torterra|Sleep Talk|p2a: Torterra\n|move|p2a: Torterra|Rest||[from]move: Sleep Talk|[still]\n|-fail|p2a: Torterra\n|\n|-heal|p2a: Torterra|46\/100 slp|[from] item: Leftovers\n|upkeep\n|turn|22\n|\n|t:|1699600610\n|switch|p1a: Guzzlord|Guzzlord|100\/100\n|-damage|p1a: Guzzlord|88\/100|[from] Stealth Rock\n|-curestatus|p2a: Torterra|slp|[msg]\n|move|p2a: Torterra|Rest|p2a: Torterra\n|-status|p2a: Torterra|slp|[from] move: Rest\n|-heal|p2a: Torterra|100\/100 slp|[silent]\n|\n|upkeep\n|turn|23\n|\n|t:|1699600621\n|cant|p2a: Torterra|slp\n|move|p2a: Torterra|Sleep Talk|p2a: Torterra\n|move|p2a: Torterra|Rest||[from]move: Sleep Talk|[still]\n|-fail|p2a: Torterra\n|move|p1a: Guzzlord|Knock Off|p2a: Torterra\n|-damage|p2a: Torterra|71\/100 slp\n|-enditem|p2a: Torterra|Leftovers|[from] move: Knock Off|[of] p1a: Guzzlord\n|\n|upkeep\n|turn|24\n|\n|t:|1699600634\n|cant|p2a: Torterra|slp\n|move|p2a: Torterra|Sleep Talk|p2a: Torterra\n|move|p2a: Torterra|Protect|p2a: Torterra|[from]move: Sleep Talk\n|-singleturn|p2a: Torterra|Protect\n|move|p1a: Guzzlord|Dragon Tail|p2a: Torterra\n|-activate|p2a: Torterra|move: Protect\n|\n|upkeep\n|turn|25\n|\n|t:|1699600642\n|-curestatus|p2a: Torterra|slp|[msg]\n|move|p2a: Torterra|Sleep Talk||[still]\n|-fail|p2a: Torterra\n|move|p1a: Guzzlord|Dragon Tail|p2a: Torterra\n|-damage|p2a: Torterra|53\/100\n|drag|p2a: Ferrothorn|Ferrothorn, F, shiny|62\/100\n|\n|-heal|p2a: Ferrothorn|68\/100|[from] item: Leftovers\n|upkeep\n|turn|26\n|\n|t:|1699600655\n|move|p1a: Guzzlord|Heat Crash|p2a: Ferrothorn\n|-supereffective|p2a: Ferrothorn\n|-damage|p2a: Ferrothorn|0 fnt\n|-damage|p1a: Guzzlord|76\/100|[from] ability: Iron Barbs|[of] p2a: Ferrothorn\n|faint|p2a: Ferrothorn\n|-ability|p1a: Guzzlord|Beast Boost|boost\n|-boost|p1a: Guzzlord|atk|1\n|\n|upkeep\n|\n|t:|1699600661\n|switch|p2a: Torterra|Torterra, M|53\/100\n|turn|27\n|\n|t:|1699600665\n|move|p2a: Torterra|Substitute|p2a: Torterra\n|-start|p2a: Torterra|Substitute\n|-damage|p2a: Torterra|28\/100\n|move|p1a: Guzzlord|Heat Crash|p2a: Torterra\n|-supereffective|p2a: Torterra\n|-end|p2a: Torterra|Substitute\n|\n|upkeep\n|turn|28\n|\n|t:|1699600673\n|move|p2a: Torterra|Rest|p2a: Torterra\n|-status|p2a: Torterra|slp|[from] move: Rest\n|-heal|p2a: Torterra|100\/100 slp|[silent]\n|move|p1a: Guzzlord|Heat Crash|p2a: Torterra\n|-supereffective|p2a: Torterra\n|-damage|p2a: Torterra|63\/100 slp\n|\n|upkeep\n|turn|29\n|\n|t:|1699600680\n|cant|p2a: Torterra|slp\n|move|p2a: Torterra|Sleep Talk|p2a: Torterra\n|move|p2a: Torterra|Protect|p2a: Torterra|[from]move: Sleep Talk\n|-singleturn|p2a: Torterra|Protect\n|move|p1a: Guzzlord|Heat Crash|p2a: Torterra\n|-activate|p2a: Torterra|move: Protect\n|\n|upkeep\n|turn|30\n|\n|t:|1699600688\n|cant|p2a: Torterra|slp\n|move|p2a: Torterra|Sleep Talk|p2a: Torterra\n|move|p2a: Torterra|Substitute|p2a: Torterra|[from]move: Sleep Talk\n|-start|p2a: Torterra|Substitute\n|-damage|p2a: Torterra|38\/100 slp\n|move|p1a: Guzzlord|Heat Crash|p2a: Torterra\n|-supereffective|p2a: Torterra\n|-end|p2a: Torterra|Substitute\n|\n|upkeep\n|turn|31\n|\n|t:|1699600696\n|-curestatus|p2a: Torterra|slp|[msg]\n|move|p2a: Torterra|Rest|p2a: Torterra\n|-status|p2a: Torterra|slp|[from] move: Rest\n|-heal|p2a: Torterra|100\/100 slp|[silent]\n|move|p1a: Guzzlord|Heat Crash|p2a: Torterra\n|-supereffective|p2a: Torterra\n|-damage|p2a: Torterra|65\/100 slp\n|\n|upkeep\n|turn|32\n|\n|t:|1699600706\n|switch|p1a: Camerupt|Camerupt, M|64\/100\n|-damage|p1a: Camerupt|52\/100|[from] Stealth Rock\n|cant|p2a: Torterra|slp\n|move|p2a: Torterra|Sleep Talk|p2a: Torterra\n|move|p2a: Torterra|Substitute|p2a: Torterra|[from]move: Sleep Talk\n|-start|p2a: Torterra|Substitute\n|-damage|p2a: Torterra|40\/100 slp\n|\n|upkeep\n|turn|33\n|\n|t:|1699600716\n|cant|p2a: Torterra|slp\n|move|p2a: Torterra|Sleep Talk|p2a: Torterra\n|move|p2a: Torterra|Substitute|p2a: Torterra|[from]move: Sleep Talk\n|-fail|p2a: Torterra|move: Substitute\n|move|p1a: Camerupt|Flamethrower|p2a: Torterra\n|-supereffective|p2a: Torterra\n|-end|p2a: Torterra|Substitute\n|\n|upkeep\n|turn|34\n|\n|t:|1699600727\n|-curestatus|p2a: Torterra|slp|[msg]\n|move|p2a: Torterra|Protect|p2a: Torterra\n|-singleturn|p2a: Torterra|Protect\n|move|p1a: Camerupt|Flamethrower|p2a: Torterra\n|-activate|p2a: Torterra|move: Protect\n|\n|upkeep\n|turn|35\n|\n|t:|1699600734\n|move|p2a: Torterra|Rest|p2a: Torterra\n|-status|p2a: Torterra|slp|[from] move: Rest\n|-heal|p2a: Torterra|100\/100 slp|[silent]\n|move|p1a: Camerupt|Flamethrower|p2a: Torterra\n|-supereffective|p2a: Torterra\n|-damage|p2a: Torterra|35\/100 slp\n|\n|upkeep\n|turn|36\n|\n|t:|1699600742\n|cant|p2a: Torterra|slp\n|move|p2a: Torterra|Sleep Talk|p2a: Torterra\n|move|p2a: Torterra|Rest||[from]move: Sleep Talk|[still]\n|-fail|p2a: Torterra\n|move|p1a: Camerupt|Flamethrower|p2a: Torterra\n|-supereffective|p2a: Torterra\n|-damage|p2a: Torterra|0 fnt\n|faint|p2a: Torterra\n|\n|win|SkywardSD\n|l|\u2606Nanorano\n","uploadtime":1699600756,"views":8,"p1id":"skywardsd","p2id":"nanorano","formatid":"gen9nationaldexubers","rating":0,"private":0,"password":""}