{"id":"gen9nationaldexubers-1995591916","p1":"yzeetgnuy","p2":"piscadinha","format":"[Gen 9] National Dex Ubers","log":"|j|\u2606yzeetgnuy\n|j|\u2606piscadinha\n|t:|1700585653\n|gametype|singles\n|player|p1|yzeetgnuy|burglar|1056\n|player|p2|piscadinha|101|1096\n|teamsize|p1|6\n|teamsize|p2|6\n|gen|9\n|tier|[Gen 9] National Dex Ubers\n|rated|\n|rule|HP Percentage Mod: HP is shown in percentages\n|rule|Endless Battle Clause: Forcing endless battles is banned\n|rule|OHKO Clause: OHKO moves are banned\n|rule|Evasion Moves Clause: Evasion moves are banned\n|rule|Evasion Items Clause: Evasion items are banned\n|rule|Species Clause: Limit one of each Pok\u00e9mon\n|rule|Sleep Clause Mod: Limit one foe put to sleep\n|rule|Mega Rayquaza Clause: You cannot mega evolve Rayquaza\n|clearpoke\n|poke|p1|Iron Hands|\n|poke|p1|Walking Wake|\n|poke|p1|Urshifu-*, M|\n|poke|p1|Iron Treads|\n|poke|p1|Aggron, M|\n|poke|p1|Glimmora, F|\n|poke|p2|Dragapult, M|\n|poke|p2|Quaquaval, M|\n|poke|p2|Galvantula, M|\n|poke|p2|Regieleki|\n|poke|p2|Glimmora, F|\n|poke|p2|Blaziken, M|\n|teampreview\n|\n|t:|1700585656\n|start\n|switch|p1a: Glimmora|Glimmora, F|100\/100\n|switch|p2a: Galvantula|Galvantula, M|100\/100\n|turn|1\n|\n|t:|1700585662\n|move|p2a: Galvantula|Sticky Web|p1a: Glimmora\n|-sidestart|p1: yzeetgnuy|move: Sticky Web\n|move|p1a: Glimmora|Stealth Rock|p2a: Galvantula\n|-sidestart|p2: piscadinha|move: Stealth Rock\n|\n|upkeep\n|turn|2\n|\n|t:|1700585666\n|move|p2a: Galvantula|Thunder Wave|p1a: Glimmora\n|-status|p1a: Glimmora|par\n|move|p1a: Glimmora|Spikes|p2a: Galvantula\n|-sidestart|p2: piscadinha|Spikes\n|\n|upkeep\n|turn|3\n|\n|t:|1700585672\n|switch|p2a: Glimmora|Glimmora, F|100\/100\n|-damage|p2a: Glimmora|88\/100|[from] Stealth Rock\n|-damage|p2a: Glimmora|76\/100|[from] Spikes\n|move|p1a: Glimmora|Spikes|p2a: Glimmora\n|-sidestart|p2: piscadinha|Spikes\n|\n|-heal|p2a: Glimmora|82\/100|[from] item: Leftovers\n|upkeep\n|turn|4\n|\n|t:|1700585680\n|move|p2a: Glimmora|Iron Defense|p2a: Glimmora\n|-boost|p2a: Glimmora|def|2\n|cant|p1a: Glimmora|par\n|\n|-heal|p2a: Glimmora|88\/100|[from] item: Leftovers\n|upkeep\n|turn|5\n|\n|t:|1700585686\n|move|p2a: Glimmora|Iron Defense|p2a: Glimmora\n|-boost|p2a: Glimmora|def|2\n|cant|p1a: Glimmora|par\n|\n|-heal|p2a: Glimmora|94\/100|[from] item: Leftovers\n|upkeep\n|turn|6\n|\n|t:|1700585691\n|move|p2a: Glimmora|Iron Defense|p2a: Glimmora\n|-boost|p2a: Glimmora|def|2\n|move|p1a: Glimmora|Light Screen|p1a: Glimmora\n|-sidestart|p1: yzeetgnuy|move: Light Screen\n|\n|-heal|p2a: Glimmora|100\/100|[from] item: Leftovers\n|upkeep\n|turn|7\n|\n|t:|1700585698\n|move|p2a: Glimmora|Spikes|p1a: Glimmora\n|-sidestart|p1: yzeetgnuy|Spikes\n|move|p1a: Glimmora|Reflect|p1a: Glimmora\n|-sidestart|p1: yzeetgnuy|Reflect\n|\n|upkeep\n|turn|8\n|\n|t:|1700585703\n|switch|p1a: Aggron|Aggron, M|100\/100\n|-activate|p1a: Aggron|move: Sticky Web\n|-unboost|p1a: Aggron|spe|1\n|-damage|p1a: Aggron|88\/100|[from] Spikes\n|move|p2a: Glimmora|Toxic Spikes|p1a: Aggron\n|-sidestart|p1: yzeetgnuy|move: Toxic Spikes\n|\n|upkeep\n|turn|9\n|\n|t:|1700585711\n|detailschange|p1a: Aggron|Aggron-Mega, M\n|-mega|p1a: Aggron|Aggron|Aggronite\n|move|p2a: Glimmora|Spikes|p1a: Aggron\n|-sidestart|p1: yzeetgnuy|Spikes\n|move|p1a: Aggron|Iron Defense|p1a: Aggron\n|-boost|p1a: Aggron|def|2\n|\n|upkeep\n|turn|10\n|\n|t:|1700585718\n|move|p2a: Glimmora|Toxic Spikes|p1a: Aggron\n|-sidestart|p1: yzeetgnuy|move: Toxic Spikes\n|move|p1a: Aggron|Iron Defense|p1a: Aggron\n|-boost|p1a: Aggron|def|2\n|\n|-sideend|p1: yzeetgnuy|move: Light Screen\n|upkeep\n|turn|11\n|\n|t:|1700585723\n|move|p2a: Glimmora|Spikes|p1a: Aggron\n|-sidestart|p1: yzeetgnuy|Spikes\n|move|p1a: Aggron|Iron Defense|p1a: Aggron\n|-boost|p1a: Aggron|def|2\n|\n|-sideend|p1: yzeetgnuy|Reflect\n|upkeep\n|turn|12\n|\n|t:|1700585729\n|move|p2a: Glimmora|Protect|p2a: Glimmora\n|-singleturn|p2a: Glimmora|Protect\n|move|p1a: Aggron|Body Press|p2a: Glimmora\n|-activate|p2a: Glimmora|move: Protect\n|\n|upkeep\n|turn|13\n|\n|t:|1700585738\n|move|p2a: Glimmora|Protect||[still]\n|-fail|p2a: Glimmora\n|move|p1a: Aggron|Body Press|p2a: Glimmora\n|-damage|p2a: Glimmora|62\/100\n|\n|-heal|p2a: Glimmora|68\/100|[from] item: Leftovers\n|upkeep\n|turn|14\n|\n|t:|1700585745\n|move|p2a: Glimmora|Protect|p2a: Glimmora\n|-singleturn|p2a: Glimmora|Protect\n|move|p1a: Aggron|Body Press|p2a: Glimmora\n|-activate|p2a: Glimmora|move: Protect\n|\n|-heal|p2a: Glimmora|75\/100|[from] item: Leftovers\n|upkeep\n|turn|15\n|\n|t:|1700585753\n|move|p2a: Glimmora|Toxic Spikes||[still]\n|-fail|p2a: Glimmora\n|move|p1a: Aggron|Shadow Claw|p2a: Glimmora\n|-crit|p2a: Glimmora\n|-damage|p2a: Glimmora|39\/100\n|\n|-heal|p2a: Glimmora|45\/100|[from] item: Leftovers\n|upkeep\n|turn|16\n|c|\u2606yzeetgnuy|what am i looking at\n|\n|t:|1700585772\n|move|p2a: Glimmora|Protect|p2a: Glimmora\n|-singleturn|p2a: Glimmora|Protect\n|move|p1a: Aggron|Body Press|p2a: Glimmora\n|-activate|p2a: Glimmora|move: Protect\n|\n|-heal|p2a: Glimmora|51\/100|[from] item: Leftovers\n|upkeep\n|turn|17\n|\n|t:|1700585828\n|move|p2a: Glimmora|Protect|p2a: Glimmora\n|-singleturn|p2a: Glimmora|Protect\n|move|p1a: Aggron|Body Press|p2a: Glimmora\n|-activate|p2a: Glimmora|move: Protect\n|\n|-heal|p2a: Glimmora|58\/100|[from] item: Leftovers\n|upkeep\n|turn|18\n|\n|t:|1700585856\n|move|p2a: Glimmora|Protect||[still]\n|-fail|p2a: Glimmora\n|move|p1a: Aggron|Body Press|p2a: Glimmora\n|-damage|p2a: Glimmora|21\/100\n|\n|-heal|p2a: Glimmora|27\/100|[from] item: Leftovers\n|upkeep\n|turn|19\n|\n|t:|1700585866\n|move|p2a: Glimmora|Protect|p2a: Glimmora\n|-singleturn|p2a: Glimmora|Protect\n|move|p1a: Aggron|Shadow Claw|p2a: Glimmora\n|-activate|p2a: Glimmora|move: Protect\n|\n|-heal|p2a: Glimmora|33\/100|[from] item: Leftovers\n|upkeep\n|turn|20\n|\n|t:|1700585874\n|move|p2a: Glimmora|Protect||[still]\n|-fail|p2a: Glimmora\n|move|p1a: Aggron|Body Press|p2a: Glimmora\n|-damage|p2a: Glimmora|0 fnt\n|faint|p2a: Glimmora\n|\n|upkeep\n|\n|t:|1700585881\n|switch|p2a: Dragapult|Dragapult, M|100\/100\n|-damage|p2a: Dragapult|88\/100|[from] Stealth Rock\n|-damage|p2a: Dragapult|72\/100|[from] Spikes\n|turn|21\n|\n|t:|1700585888\n|move|p2a: Dragapult|Phantom Force||[still]\n|-prepare|p2a: Dragapult|Phantom Force\n|move|p1a: Aggron|Shadow Claw|p2a: Dragapult|[miss]\n|-miss|p1a: Aggron|p2a: Dragapult\n|\n|upkeep\n|turn|22\n|\n|t:|1700585893\n|move|p2a: Dragapult|Phantom Force|p1a: Aggron|[from]lockedmove\n|-damage|p1a: Aggron|81\/100\n|-damage|p2a: Dragapult|62\/100|[from] item: Life Orb\n|move|p1a: Aggron|Shadow Claw|p2a: Dragapult\n|-supereffective|p2a: Dragapult\n|-damage|p2a: Dragapult|0 fnt\n|faint|p2a: Dragapult\n|\n|upkeep\n|\n|t:|1700585902\n|switch|p2a: Blaziken|Blaziken, M|100\/100\n|-damage|p2a: Blaziken|88\/100|[from] Stealth Rock\n|-damage|p2a: Blaziken|72\/100|[from] Spikes\n|turn|23\n|\n|t:|1700585910\n|detailschange|p2a: Blaziken|Blaziken-Mega, M\n|-mega|p2a: Blaziken|Blaziken|Blazikenite\n|move|p2a: Blaziken|Blaze Kick|p1a: Aggron\n|-supereffective|p1a: Aggron\n|-damage|p1a: Aggron|71\/100\n|move|p1a: Aggron|Body Press|p2a: Blaziken\n|-damage|p2a: Blaziken|0 fnt\n|faint|p2a: Blaziken\n|\n|upkeep\n|-message|piscadinha forfeited.\n|\n|win|yzeetgnuy\n|raw|yzeetgnuy's rating: 1056 &rarr; <strong>1091<\/strong><br \/>(+35 for winning)\n|raw|piscadinha's rating: 1096 &rarr; <strong>1069<\/strong><br \/>(-27 for losing)\n|l|\u2606piscadinha\n","uploadtime":1700585922,"views":0,"p1id":"yzeetgnuy","p2id":"piscadinha","formatid":"gen9nationaldexubers","rating":1069,"private":0,"password":""}