{"id":"gen9nationaldexubers-1998619923","p1":"Samdunker34","p2":"Randal RYFU","format":"[Gen 9] National Dex Ubers","log":"|j|\u2606Samdunker34\n|j|\u2606Randal RYFU\n|t:|1700963830\n|gametype|singles\n|player|p1|Samdunker34|buck|\n|player|p2|Randal RYFU|darach-caitlin|\n|teamsize|p1|6\n|teamsize|p2|6\n|gen|9\n|tier|[Gen 9] National Dex Ubers\n|rule|HP Percentage Mod: HP is shown in percentages\n|rule|Endless Battle Clause: Forcing endless battles is banned\n|rule|OHKO Clause: OHKO moves are banned\n|rule|Evasion Moves Clause: Evasion moves are banned\n|rule|Evasion Items Clause: Evasion items are banned\n|rule|Species Clause: Limit one of each Pok\u00e9mon\n|rule|Sleep Clause Mod: Limit one foe put to sleep\n|rule|Mega Rayquaza Clause: You cannot mega evolve Rayquaza\n|clearpoke\n|poke|p1|Blaziken, F|\n|poke|p1|Zapdos|\n|poke|p1|Gallade, M|\n|poke|p1|Darmanitan-Galar, M|\n|poke|p1|Garchomp, F|\n|poke|p1|Sharpedo, F|\n|poke|p2|Sylveon, F|\n|poke|p2|Gastrodon-East, M|\n|poke|p2|Lopunny, F|\n|poke|p2|Slurpuff, F|\n|poke|p2|Gyarados, F|\n|poke|p2|Mimikyu, M|\n|teampreview\n|j| RYFURandal\n|\n|t:|1700963911\n|start\n|switch|p1a: Zapdos|Zapdos|100\/100\n|switch|p2a: Slurpuff|Slurpuff, F|100\/100\n|turn|1\n|\n|t:|1700963931\n|switch|p2a: Gastrodon|Gastrodon-East, M|100\/100\n|move|p1a: Zapdos|Hurricane|p2a: Gastrodon\n|-damage|p2a: Gastrodon|45\/100\n|\n|-heal|p2a: Gastrodon|51\/100|[from] item: Leftovers\n|upkeep\n|turn|2\n|\n|t:|1700963949\n|move|p1a: Zapdos|Hurricane|p2a: Gastrodon|[miss]\n|-miss|p1a: Zapdos|p2a: Gastrodon\n|move|p2a: Gastrodon|Stealth Rock|p1a: Zapdos\n|-sidestart|p1: Samdunker34|move: Stealth Rock\n|\n|-heal|p2a: Gastrodon|57\/100|[from] item: Leftovers\n|upkeep\n|turn|3\n|\n|t:|1700963955\n|move|p1a: Zapdos|Hurricane|p2a: Gastrodon\n|-damage|p2a: Gastrodon|0 fnt\n|faint|p2a: Gastrodon\n|\n|upkeep\n|\n|t:|1700963962\n|switch|p2a: Lopunny|Lopunny, F|100\/100\n|turn|4\n|\n|t:|1700963969\n|move|p2a: Lopunny|Fake Out|p1a: Zapdos\n|-damage|p1a: Zapdos|84\/100\n|cant|p1a: Zapdos|flinch\n|\n|-status|p2a: Lopunny|tox|[from] item: Toxic Orb\n|upkeep\n|turn|5\n|\n|t:|1700963989\n|move|p2a: Lopunny|Facade|p1a: Zapdos\n|-damage|p1a: Zapdos|25\/100\n|move|p1a: Zapdos|Thunderbolt|p2a: Lopunny\n|-damage|p2a: Lopunny|42\/100 tox\n|\n|-damage|p2a: Lopunny|36\/100 tox|[from] psn\n|upkeep\n|turn|6\n|\n|t:|1700964011\n|move|p2a: Lopunny|Facade|p1a: Zapdos\n|-damage|p1a: Zapdos|0 fnt\n|faint|p1a: Zapdos\n|\n|-damage|p2a: Lopunny|23\/100 tox|[from] psn\n|upkeep\n|\n|t:|1700964020\n|switch|p1a: Darmanitan|Darmanitan-Galar, M|100\/100\n|-damage|p1a: Darmanitan|76\/100|[from] Stealth Rock\n|turn|7\n|\n|t:|1700964036\n|move|p1a: Darmanitan|Rock Slide|p2a: Lopunny\n|-damage|p2a: Lopunny|0 fnt\n|faint|p2a: Lopunny\n|\n|upkeep\n|\n|t:|1700964062\n|switch|p2a: Slurpuff|Slurpuff, F|100\/100\n|turn|8\n|\n|t:|1700964067\n|move|p1a: Darmanitan|Rock Slide|p2a: Slurpuff\n|-damage|p2a: Slurpuff|47\/100\n|move|p2a: Slurpuff|Sticky Web|p1a: Darmanitan\n|-sidestart|p1: Samdunker34|move: Sticky Web\n|\n|upkeep\n|turn|9\n|\n|t:|1700964073\n|move|p1a: Darmanitan|Rock Slide|p2a: Slurpuff\n|-damage|p2a: Slurpuff|0 fnt\n|faint|p2a: Slurpuff\n|\n|upkeep\n|\n|t:|1700964076\n|switch|p2a: Mimikyu|Mimikyu, M|100\/100\n|turn|10\n|\n|t:|1700964087\n|move|p1a: Darmanitan|Rock Slide|p2a: Mimikyu\n|-activate|p2a: Mimikyu|ability: Disguise\n|-damage|p2a: Mimikyu|100\/100\n|detailschange|p2a: Mimikyu|Mimikyu-Busted, M\n|-damage|p2a: Mimikyu|88\/100|[from] pokemon: Mimikyu-Busted\n|-enditem|p2a: Mimikyu|Red Card|[of] p1a: Darmanitan\n|drag|p1a: Garchomp|Garchomp, F|100\/100\n|-damage|p1a: Garchomp|94\/100|[from] Stealth Rock\n|-activate|p1a: Garchomp|move: Sticky Web\n|-unboost|p1a: Garchomp|spe|1\n|move|p2a: Mimikyu|Swords Dance|p2a: Mimikyu\n|-boost|p2a: Mimikyu|atk|2\n|\n|upkeep\n|turn|11\n|j| Coach Butter\n|\n|t:|1700964117\n|move|p2a: Mimikyu|Draining Kiss|p1a: Garchomp\n|-supereffective|p1a: Garchomp\n|-damage|p1a: Garchomp|79\/100\n|-heal|p2a: Mimikyu|100\/100|[from] drain|[of] p1a: Garchomp\n|-damage|p2a: Mimikyu|88\/100|[from] ability: Rough Skin|[of] p1a: Garchomp\n|-damage|p2a: Mimikyu|72\/100|[from] item: Rocky Helmet|[of] p1a: Garchomp\n|move|p1a: Garchomp|Earthquake|p2a: Mimikyu\n|-damage|p2a: Mimikyu|4\/100\n|\n|upkeep\n|turn|12\n|\n|t:|1700964129\n|move|p2a: Mimikyu|Phantom Force||[still]\n|-prepare|p2a: Mimikyu|Phantom Force\n|move|p1a: Garchomp|Earthquake|p2a: Mimikyu|[miss]\n|-miss|p1a: Garchomp|p2a: Mimikyu\n|\n|upkeep\n|turn|13\n|\n|t:|1700964137\n|move|p2a: Mimikyu|Phantom Force|p1a: Garchomp|[from]lockedmove\n|-damage|p1a: Garchomp|12\/100\n|-damage|p2a: Mimikyu|0 fnt|[from] ability: Rough Skin|[of] p1a: Garchomp\n|faint|p2a: Mimikyu\n|move|p1a: Garchomp|Spikes|p2: Mimikyu\n|-sidestart|p2: Randal RYFU|Spikes\n|\n|upkeep\n|\n|t:|1700964148\n|switch|p2a: Sylveon|Sylveon, F|100\/100\n|-damage|p2a: Sylveon|88\/100|[from] Spikes\n|turn|14\n|\n|t:|1700964154\n|-terastallize|p2a: Sylveon|Fairy\n|move|p1a: Garchomp|Earthquake|p2a: Sylveon\n|-damage|p2a: Sylveon|49\/100\n|move|p2a: Sylveon|Hyper Voice|p1a: Garchomp\n|-supereffective|p1a: Garchomp\n|-damage|p1a: Garchomp|0 fnt\n|faint|p1a: Garchomp\n|-enditem|p2a: Sylveon|Throat Spray\n|-boost|p2a: Sylveon|spa|1|[from] item: Throat Spray\n|\n|upkeep\n|\n|t:|1700964170\n|switch|p1a: Sharpedo|Sharpedo, F, shiny|100\/100\n|-damage|p1a: Sharpedo|88\/100|[from] Stealth Rock\n|-activate|p1a: Sharpedo|move: Sticky Web\n|-unboost|p1a: Sharpedo|spe|1\n|turn|15\n|\n|t:|1700964179\n|move|p1a: Sharpedo|Protect|p1a: Sharpedo\n|-singleturn|p1a: Sharpedo|Protect\n|move|p2a: Sylveon|Hyper Voice|p1a: Sharpedo\n|-activate|p1a: Sharpedo|move: Protect\n|\n|-ability|p1a: Sharpedo|Speed Boost|boost\n|-boost|p1a: Sharpedo|spe|1\n|upkeep\n|turn|16\n|\n|t:|1700964196\n|move|p1a: Sharpedo|Waterfall|p2a: Sylveon\n|-damage|p2a: Sylveon|0 fnt\n|faint|p2a: Sylveon\n|-damage|p1a: Sharpedo|78\/100|[from] item: Life Orb\n|\n|-ability|p1a: Sharpedo|Speed Boost|boost\n|-boost|p1a: Sharpedo|spe|1\n|upkeep\n|\n|t:|1700964199\n|switch|p2a: Gyarados|Gyarados, F|100\/100\n|-ability|p2a: Gyarados|Intimidate|boost\n|-unboost|p1a: Sharpedo|atk|1\n|turn|17\n|\n|t:|1700964225\n|detailschange|p2a: Gyarados|Gyarados-Mega, F\n|-mega|p2a: Gyarados|Gyarados|Gyaradosite\n|-ability|p2a: Gyarados|Mold Breaker\n|move|p1a: Sharpedo|Crunch|p2a: Gyarados\n|-resisted|p2a: Gyarados\n|-damage|p2a: Gyarados|82\/100\n|-damage|p1a: Sharpedo|68\/100|[from] item: Life Orb\n|move|p2a: Gyarados|Thunder Wave|p1a: Sharpedo\n|-status|p1a: Sharpedo|par\n|\n|-ability|p1a: Sharpedo|Speed Boost|boost\n|-boost|p1a: Sharpedo|spe|1\n|upkeep\n|turn|18\n|\n|t:|1700964253\n|cant|p1a: Sharpedo|par\n|move|p2a: Gyarados|Dragon Tail|p1a: Sharpedo\n|-damage|p1a: Sharpedo|8\/100 par\n|drag|p1a: Gallade|Gallade, M, shiny|100\/100\n|-damage|p1a: Gallade|94\/100|[from] Stealth Rock\n|-activate|p1a: Gallade|move: Sticky Web\n|-unboost|p1a: Gallade|spe|1\n|\n|upkeep\n|turn|19\n|\n|t:|1700964266\n|move|p2a: Gyarados|Thunder Wave|p1a: Gallade\n|-status|p1a: Gallade|par\n|move|p1a: Gallade|Close Combat|p2a: Gyarados\n|-supereffective|p2a: Gyarados\n|-crit|p2a: Gyarados\n|-damage|p2a: Gyarados|0 fnt\n|-unboost|p1a: Gallade|def|1\n|-unboost|p1a: Gallade|spd|1\n|faint|p2a: Gyarados\n|\n|win|Samdunker34\n|c|\u2606Samdunker34|gg\n|c| RYFURandal|GG\n|c|\u2606Samdunker34|nice use of tera\n","uploadtime":1700964279,"views":14,"p1id":"samdunker34","p2id":"randalryfu","formatid":"gen9nationaldexubers","rating":0,"private":0,"password":""}