{"id":"gen9nationaldexubers-1989695114","p1":"PhobosYeah","p2":"Mo447","format":"[Gen 9] National Dex Ubers","log":"|j|\u2606PhobosYeah\n|j|\u2606Mo447\n|t:|1699887641\n|gametype|singles\n|player|p1|PhobosYeah|roughneck|1409\n|player|p2|Mo447|265|1507\n|teamsize|p1|6\n|teamsize|p2|6\n|gen|9\n|tier|[Gen 9] National Dex Ubers\n|rated|\n|rule|HP Percentage Mod: HP is shown in percentages\n|rule|Endless Battle Clause: Forcing endless battles is banned\n|rule|OHKO Clause: OHKO moves are banned\n|rule|Evasion Moves Clause: Evasion moves are banned\n|rule|Evasion Items Clause: Evasion items are banned\n|rule|Species Clause: Limit one of each Pok\u00e9mon\n|rule|Sleep Clause Mod: Limit one foe put to sleep\n|rule|Mega Rayquaza Clause: You cannot mega evolve Rayquaza\n|clearpoke\n|poke|p1|Ditto|\n|poke|p1|Smeargle, F|\n|poke|p1|Kangaskhan, F|\n|poke|p1|Zoroark-Hisui, F|\n|poke|p1|Ursaluna-Bloodmoon, M|\n|poke|p1|Arceus|\n|poke|p2|Groudon|\n|poke|p2|Xerneas-*|\n|poke|p2|Zacian-*|\n|poke|p2|Marshadow|\n|poke|p2|Yveltal|\n|poke|p2|Zygarde|\n|teampreview\n|\n|t:|1699887657\n|start\n|switch|p1a: Smeargle|Smeargle, F|100\/100\n|switch|p2a: Groudon|Groudon|100\/100\n|detailschange|p2a: Groudon|Groudon-Primal\n|-primal|p2a: Groudon|Red Orb\n|-weather|DesolateLand|[from] ability: Desolate Land|[of] p2a: Groudon\n|turn|1\n|inactive|Battle timer is ON: inactive players will automatically lose when time's up. (requested by PhobosYeah)\n|\n|t:|1699887665\n|move|p1a: Smeargle|Spore|p2a: Groudon\n|-status|p2a: Groudon|slp|[from] move: Spore\n|cant|p2a: Groudon|slp\n|\n|-weather|DesolateLand|[upkeep]\n|-ability|p1a: Smeargle|Moody|boost\n|-boost|p1a: Smeargle|def|2\n|-unboost|p1a: Smeargle|atk|1\n|upkeep\n|turn|2\n|c|\u2606PhobosYeah|GLHF\n|\n|t:|1699887677\n|-weather|none\n|switch|p2a: Yveltal|Yveltal|100\/100\n|-ability|p2a: Yveltal|Dark Aura\n|move|p1a: Smeargle|Sticky Web|p2a: Yveltal\n|-sidestart|p2: Mo447|move: Sticky Web\n|\n|-ability|p1a: Smeargle|Moody|boost\n|-boost|p1a: Smeargle|atk|2\n|-unboost|p1a: Smeargle|spa|1\n|upkeep\n|turn|3\n|\n|t:|1699887693\n|move|p2a: Yveltal|Defog|p1a: Smeargle\n|-unboost|p1a: Smeargle|evasion|1\n|-sideend|p2: Mo447|Sticky Web|[from] move: Defog|[of] p2a: Yveltal\n|move|p1a: Smeargle|Seismic Toss|p2a: Yveltal\n|-damage|p2a: Yveltal|75\/100\n|\n|-ability|p1a: Smeargle|Moody|boost\n|-boost|p1a: Smeargle|atk|2\n|-unboost|p1a: Smeargle|def|1\n|upkeep\n|turn|4\n|\n|t:|1699887702\n|move|p2a: Yveltal|Sucker Punch||[still]\n|-fail|p2a: Yveltal\n|move|p1a: Smeargle|Sticky Web|p2a: Yveltal\n|-sidestart|p2: Mo447|move: Sticky Web\n|\n|-ability|p1a: Smeargle|Moody|boost\n|-boost|p1a: Smeargle|spa|2\n|-unboost|p1a: Smeargle|spe|1\n|upkeep\n|turn|5\n|\n|t:|1699887710\n|move|p2a: Yveltal|Sucker Punch||[still]\n|-fail|p2a: Yveltal\n|move|p1a: Smeargle|Shed Tail|p1a: Smeargle\n|-start|p1a: Smeargle|Substitute|[from] move: Shed Tail\n|-damage|p1a: Smeargle|50\/100\n|\n|t:|1699887718\n|switch|p1a: Arceus|Arceus|100\/100|[from] Shed Tail\n|\n|upkeep\n|turn|6\n|\n|t:|1699887725\n|move|p1a: Arceus|Swords Dance|p1a: Arceus\n|-boost|p1a: Arceus|atk|2\n|move|p2a: Yveltal|Defog|p1a: Arceus\n|-sideend|p2: Mo447|Sticky Web|[from] move: Defog|[of] p2a: Yveltal\n|\n|upkeep\n|turn|7\n|\n|t:|1699887734\n|-terastallize|p1a: Arceus|Normal\n|move|p1a: Arceus|Extreme Speed|p2a: Yveltal\n|-damage|p2a: Yveltal|0 fnt\n|faint|p2a: Yveltal\n|\n|upkeep\n|\n|t:|1699887740\n|switch|p2a: Zygarde|Zygarde|100\/100\n|turn|8\n|\n|t:|1699887748\n|move|p1a: Arceus|Extreme Speed|p2a: Zygarde\n|-damage|p2a: Zygarde|0 fnt\n|faint|p2a: Zygarde\n|\n|upkeep\n|\n|t:|1699887755\n|switch|p2a: Marshadow|Marshadow|100\/100\n|turn|9\n|\n|t:|1699887760\n|move|p2a: Marshadow|Low Kick|p1a: Arceus\n|-supereffective|p1a: Arceus\n|-end|p1a: Arceus|Substitute\n|move|p1a: Arceus|Shadow Claw|p2a: Marshadow\n|-supereffective|p2a: Marshadow\n|-crit|p2a: Marshadow\n|-damage|p2a: Marshadow|0 fnt\n|faint|p2a: Marshadow\n|\n|upkeep\n|\n|t:|1699887766\n|switch|p2a: Zacian|Zacian-Crowned|100\/100\n|-ability|p2a: Zacian|Intrepid Sword|boost\n|-boost|p2a: Zacian|atk|1\n|turn|10\n|\n|t:|1699887773\n|move|p2a: Zacian|Close Combat|p1a: Arceus\n|-supereffective|p1a: Arceus\n|-damage|p1a: Arceus|0 fnt\n|-unboost|p2a: Zacian|def|1\n|-unboost|p2a: Zacian|spd|1\n|faint|p1a: Arceus\n|\n|upkeep\n|\n|t:|1699887780\n|switch|p1a: Ditto|Ditto, shiny|100\/100\n|-transform|p1a: Ditto|p2a: Zacian|[from] ability: Imposter\n|-ability|p1a: Ditto|Intrepid Sword|boost\n|-boost|p1a: Ditto|atk|1\n|turn|11\n|\n|t:|1699887793\n|switch|p2a: Groudon|Groudon-Primal|100\/100 slp\n|-weather|DesolateLand|[from] ability: Desolate Land|[of] p2a: Groudon\n|move|p1a: Ditto|Behemoth Blade|p2a: Groudon\n|-resisted|p2a: Groudon\n|-damage|p2a: Groudon|71\/100 slp\n|\n|-weather|DesolateLand|[upkeep]\n|upkeep\n|turn|12\n|\n|t:|1699887815\n|move|p1a: Ditto|Behemoth Blade|p2a: Groudon\n|-resisted|p2a: Groudon\n|-damage|p2a: Groudon|44\/100 slp\n|cant|p2a: Groudon|slp\n|\n|-weather|DesolateLand|[upkeep]\n|upkeep\n|turn|13\n|\n|t:|1699887832\n|switch|p1a: Kangaskhan|Kangaskhan, F, shiny|100\/100\n|cant|p2a: Groudon|slp\n|\n|-weather|DesolateLand|[upkeep]\n|upkeep\n|turn|14\n|\n|t:|1699887838\n|detailschange|p1a: Kangaskhan|Kangaskhan-Mega, F, shiny\n|-mega|p1a: Kangaskhan|Kangaskhan|Kangaskhanite\n|move|p1a: Kangaskhan|Seismic Toss|p2a: Groudon\n|-damage|p2a: Groudon|19\/100 slp\n|-damage|p2a: Groudon|0 fnt\n|faint|p2a: Groudon\n|-weather|none\n|-hitcount|p2: Groudon|2\n|\n|upkeep\n|\n|t:|1699887850\n|switch|p2a: Xerneas|Xerneas|100\/100\n|-ability|p2a: Xerneas|Fairy Aura\n|turn|15\n|\n|t:|1699887855\n|move|p1a: Kangaskhan|Seismic Toss|p2a: Xerneas\n|-damage|p2a: Xerneas|76\/100\n|-damage|p2a: Xerneas|51\/100\n|-hitcount|p2a: Xerneas|2\n|move|p2a: Xerneas|Geomancy||[still]\n|-prepare|p2a: Xerneas|Geomancy\n|-enditem|p2a: Xerneas|Power Herb\n|-anim|p2a: Xerneas|Geomancy|p2a: Xerneas\n|-boost|p2a: Xerneas|spa|2\n|-boost|p2a: Xerneas|spd|2\n|-boost|p2a: Xerneas|spe|2\n|\n|upkeep\n|turn|16\n|\n|t:|1699887865\n|switch|p1a: Ditto|Ditto, shiny|100\/100\n|-transform|p1a: Ditto|p2a: Xerneas|[from] ability: Imposter\n|-ability|p1a: Ditto|Fairy Aura\n|move|p2a: Xerneas|Moonblast|p1a: Ditto\n|-damage|p1a: Ditto|22\/100\n|\n|upkeep\n|turn|17\n|\n|t:|1699887876\n|move|p1a: Ditto|Moonblast|p2a: Xerneas\n|-damage|p2a: Xerneas|0 fnt\n|faint|p2a: Xerneas\n|\n|upkeep\n|\n|t:|1699887878\n|switch|p2a: Zacian|Zacian-Crowned|100\/100\n|turn|18\n|\n|t:|1699887883\n|move|p1a: Ditto|Moonblast|p2a: Zacian\n|-resisted|p2a: Zacian\n|-damage|p2a: Zacian|38\/100\n|move|p2a: Zacian|Behemoth Blade|p1a: Ditto\n|-supereffective|p1a: Ditto\n|-damage|p1a: Ditto|0 fnt\n|faint|p1a: Ditto\n|\n|upkeep\n|\n|t:|1699887892\n|switch|p1a: Kangaskhan|Kangaskhan-Mega, F, shiny|100\/100\n|turn|19\n|\n|t:|1699887895\n|move|p1a: Kangaskhan|Fake Out|p2a: Zacian\n|-resisted|p2a: Zacian\n|-damage|p2a: Zacian|29\/100\n|-resisted|p2a: Zacian\n|-damage|p2a: Zacian|27\/100\n|-hitcount|p2a: Zacian|2\n|cant|p2a: Zacian|flinch\n|\n|upkeep\n|turn|20\n|\n|t:|1699887902\n|-terastallize|p2a: Zacian|Fighting\n|move|p2a: Zacian|Close Combat|p1a: Kangaskhan\n|-supereffective|p1a: Kangaskhan\n|-damage|p1a: Kangaskhan|0 fnt\n|-unboost|p2a: Zacian|def|1\n|-unboost|p2a: Zacian|spd|1\n|faint|p1a: Kangaskhan\n|\n|upkeep\n|\n|t:|1699887918\n|switch|p1a: Smeargle|Smeargle, F|100\/100\n|turn|21\n|\n|t:|1699887927\n|move|p2a: Zacian|Behemoth Blade|p1a: Smeargle\n|-damage|p1a: Smeargle|0 fnt\n|replace|p1a: Zoroark|Zoroark-Hisui, F\n|-end|p1a: Zoroark|Illusion\n|faint|p1a: Zoroark\n|\n|upkeep\n|\n|t:|1699887935\n|switch|p1a: Smeargle|Smeargle, F|50\/100\n|turn|22\n|\n|t:|1699887939\n|move|p2a: Zacian|Close Combat|p1a: Smeargle\n|-supereffective|p1a: Smeargle\n|-damage|p1a: Smeargle|0 fnt\n|-unboost|p2a: Zacian|def|1\n|-unboost|p2a: Zacian|spd|1\n|faint|p1a: Smeargle\n|\n|upkeep\n|\n|t:|1699887945\n|switch|p1a: Ursaluna|Ursaluna-Bloodmoon, M|100\/100\n|turn|23\n|\n|t:|1699887950\n|move|p2a: Zacian|Close Combat|p1a: Ursaluna\n|-supereffective|p1a: Ursaluna\n|-damage|p1a: Ursaluna|0 fnt\n|-unboost|p2a: Zacian|def|1\n|-unboost|p2a: Zacian|spd|1\n|faint|p1a: Ursaluna\n|\n|win|Mo447\n|raw|PhobosYeah's rating: 1409 &rarr; <strong>1394<\/strong><br \/>(-15 for losing)\n|raw|Mo447's rating: 1507 &rarr; <strong>1522<\/strong><br \/>(+15 for winning)\n|c|\u2606PhobosYeah|GG\n|c|\u2606Mo447|Gg\n","uploadtime":1699887964,"views":5,"p1id":"phobosyeah","p2id":"mo447","formatid":"gen9nationaldexubers","rating":1394,"private":0,"password":""}