{"id":"gen9nationaldexubers-1988046759","p1":"szymszym134","p2":"Counsirlor2.0","format":"[Gen 9] National Dex Ubers","log":"|j|\u2606szymszym134\n|j|\u2606Counsirlor2.0\n|t:|1699663022\n|gametype|singles\n|player|p1|szymszym134|doubleteam|1669\n|player|p2|Counsirlor2.0|juan|1583\n|teamsize|p1|6\n|teamsize|p2|6\n|gen|9\n|tier|[Gen 9] National Dex Ubers\n|rated|\n|rule|HP Percentage Mod: HP is shown in percentages\n|rule|Endless Battle Clause: Forcing endless battles is banned\n|rule|OHKO Clause: OHKO moves are banned\n|rule|Evasion Moves Clause: Evasion moves are banned\n|rule|Evasion Items Clause: Evasion items are banned\n|rule|Species Clause: Limit one of each Pok\u00e9mon\n|rule|Sleep Clause Mod: Limit one foe put to sleep\n|rule|Mega Rayquaza Clause: You cannot mega evolve Rayquaza\n|clearpoke\n|poke|p1|Zygarde|\n|poke|p1|Arceus-Dark|\n|poke|p1|Urshifu-*, M|\n|poke|p1|Ditto|\n|poke|p1|Chansey, F|\n|poke|p1|Garganacl, F|\n|poke|p2|Groudon|\n|poke|p2|Necrozma-Dusk-Mane|\n|poke|p2|Xerneas-*|\n|poke|p2|Arceus|\n|poke|p2|Giratina|\n|poke|p2|Zygarde|\n|teampreview\n|j| AGKilled\n|\n|t:|1699663062\n|start\n|switch|p1a: Urshifu|Urshifu, M|100\/100\n|switch|p2a: Groudon|Groudon|100\/100\n|detailschange|p2a: Groudon|Groudon-Primal\n|-primal|p2a: Groudon|Red Orb\n|-weather|DesolateLand|[from] ability: Desolate Land|[of] p2a: Groudon\n|turn|1\n|\n|t:|1699663072\n|move|p1a: Urshifu|Low Kick|p2a: Groudon\n|-damage|p2a: Groudon|68\/100\n|-damage|p1a: Urshifu|91\/100|[from] item: Life Orb\n|move|p2a: Groudon|Will-O-Wisp|p1a: Urshifu\n|-status|p1a: Urshifu|brn\n|\n|-weather|DesolateLand|[upkeep]\n|-damage|p1a: Urshifu|84\/100 brn|[from] brn\n|upkeep\n|turn|2\n|\n|t:|1699663104\n|switch|p1a: Zygarde|Zygarde|100\/100\n|move|p2a: Groudon|Earthquake|p1a: Zygarde\n|-damage|p1a: Zygarde|72\/100\n|\n|-weather|DesolateLand|[upkeep]\n|-heal|p1a: Zygarde|79\/100|[from] item: Leftovers\n|upkeep\n|turn|3\n|\n|t:|1699663108\n|move|p1a: Zygarde|Coil|p1a: Zygarde\n|-boost|p1a: Zygarde|atk|1\n|-boost|p1a: Zygarde|def|1\n|-boost|p1a: Zygarde|accuracy|1\n|move|p2a: Groudon|Roar|p1a: Zygarde\n|drag|p1a: Arceus|Arceus-Dark|100\/100\n|\n|-weather|DesolateLand|[upkeep]\n|upkeep\n|turn|4\n|\n|t:|1699663131\n|move|p1a: Arceus|Toxic|p2a: Groudon\n|-status|p2a: Groudon|tox\n|move|p2a: Groudon|Will-O-Wisp|p1a: Arceus|[miss]\n|-miss|p2a: Groudon|p1a: Arceus\n|\n|-weather|DesolateLand|[upkeep]\n|-damage|p2a: Groudon|61\/100 tox|[from] psn\n|upkeep\n|turn|5\n|\n|t:|1699663137\n|move|p1a: Arceus|Taunt|p2a: Groudon\n|-start|p2a: Groudon|move: Taunt\n|cant|p2a: Groudon|move: Taunt|Stealth Rock\n|\n|-weather|DesolateLand|[upkeep]\n|-damage|p2a: Groudon|49\/100 tox|[from] psn\n|upkeep\n|turn|6\n|\n|t:|1699663143\n|move|p1a: Arceus|Foul Play|p2a: Groudon\n|-damage|p2a: Groudon|21\/100 tox\n|move|p2a: Groudon|Earthquake|p1a: Arceus\n|-damage|p1a: Arceus|65\/100\n|\n|-weather|DesolateLand|[upkeep]\n|-damage|p2a: Groudon|3\/100 tox|[from] psn\n|upkeep\n|turn|7\n|\n|t:|1699663148\n|move|p1a: Arceus|Foul Play|p2a: Groudon\n|-damage|p2a: Groudon|0 fnt\n|faint|p2a: Groudon\n|-weather|none\n|\n|upkeep\n|\n|t:|1699663165\n|switch|p2a: Xerneas|Xerneas|100\/100\n|-ability|p2a: Xerneas|Fairy Aura\n|turn|8\n|\n|t:|1699663195\n|switch|p1a: Chansey|Chansey, F|100\/100\n|switch|p2a: Necrozma|Necrozma-Dusk-Mane|100\/100\n|\n|upkeep\n|turn|9\n|\n|t:|1699663204\n|switch|p1a: Arceus|Arceus-Dark|65\/100\n|move|p2a: Necrozma|Dragon Dance|p2a: Necrozma\n|-boost|p2a: Necrozma|atk|1\n|-boost|p2a: Necrozma|spe|1\n|\n|upkeep\n|turn|10\n|\n|t:|1699663224\n|switch|p2a: Xerneas|Xerneas|100\/100\n|-ability|p2a: Xerneas|Fairy Aura\n|move|p1a: Arceus|Foul Play|p2a: Xerneas\n|-resisted|p2a: Xerneas\n|-damage|p2a: Xerneas|82\/100\n|\n|upkeep\n|turn|11\n|\n|t:|1699663234\n|switch|p1a: Chansey|Chansey, F|100\/100\n|move|p2a: Xerneas|Moonblast|p1a: Chansey\n|-damage|p1a: Chansey|84\/100\n|-unboost|p1a: Chansey|spa|1\n|\n|upkeep\n|turn|12\n|\n|t:|1699663241\n|switch|p2a: Necrozma|Necrozma-Dusk-Mane|100\/100\n|move|p1a: Chansey|Seismic Toss|p2a: Necrozma\n|-damage|p2a: Necrozma|71\/100\n|\n|upkeep\n|turn|13\n|\n|t:|1699663248\n|switch|p1a: Arceus|Arceus-Dark|65\/100\n|move|p2a: Necrozma|Sunsteel Strike|p1a: Arceus\n|-damage|p1a: Arceus|22\/100\n|\n|upkeep\n|turn|14\n|\n|t:|1699663263\n|detailschange|p2a: Necrozma|Necrozma-Ultra\n|-burst|p2a: Necrozma|Necrozma|Ultranecrozium Z\n|move|p1a: Arceus|Recover|p1a: Arceus\n|-heal|p1a: Arceus|72\/100\n|move|p2a: Necrozma|Sunsteel Strike|p1a: Arceus\n|-damage|p1a: Arceus|43\/100\n|\n|upkeep\n|turn|15\n|\n|t:|1699663280\n|switch|p2a: Xerneas|Xerneas|82\/100\n|-ability|p2a: Xerneas|Fairy Aura\n|move|p1a: Arceus|Recover|p1a: Arceus\n|-heal|p1a: Arceus|93\/100\n|\n|upkeep\n|turn|16\n|\n|t:|1699663290\n|switch|p1a: Chansey|Chansey, F|84\/100\n|switch|p2a: Zygarde|Zygarde|100\/100\n|\n|upkeep\n|turn|17\n|j| Rytu5872\n|\n|t:|1699663299\n|switch|p1a: Zygarde|Zygarde|79\/100\n|move|p2a: Zygarde|Substitute|p2a: Zygarde\n|-start|p2a: Zygarde|Substitute\n|-damage|p2a: Zygarde|76\/100\n|\n|-heal|p1a: Zygarde|85\/100|[from] item: Leftovers\n|-heal|p2a: Zygarde|82\/100|[from] item: Leftovers\n|upkeep\n|turn|18\n|l| Rytu5872\n|\n|t:|1699663308\n|move|p1a: Zygarde|Coil|p1a: Zygarde\n|-boost|p1a: Zygarde|atk|1\n|-boost|p1a: Zygarde|def|1\n|-boost|p1a: Zygarde|accuracy|1\n|move|p2a: Zygarde|Coil|p2a: Zygarde\n|-boost|p2a: Zygarde|atk|1\n|-boost|p2a: Zygarde|def|1\n|-boost|p2a: Zygarde|accuracy|1\n|\n|-heal|p1a: Zygarde|91\/100|[from] item: Leftovers\n|-heal|p2a: Zygarde|88\/100|[from] item: Leftovers\n|upkeep\n|turn|19\n|\n|t:|1699663312\n|move|p1a: Zygarde|Coil|p1a: Zygarde\n|-boost|p1a: Zygarde|atk|1\n|-boost|p1a: Zygarde|def|1\n|-boost|p1a: Zygarde|accuracy|1\n|move|p2a: Zygarde|Glare|p1a: Zygarde\n|-status|p1a: Zygarde|par\n|\n|-heal|p2a: Zygarde|94\/100|[from] item: Leftovers\n|-heal|p1a: Zygarde|97\/100 par|[from] item: Leftovers\n|upkeep\n|turn|20\n|\n|t:|1699663315\n|move|p2a: Zygarde|Coil|p2a: Zygarde\n|-boost|p2a: Zygarde|atk|1\n|-boost|p2a: Zygarde|def|1\n|-boost|p2a: Zygarde|accuracy|1\n|move|p1a: Zygarde|Coil|p1a: Zygarde\n|-boost|p1a: Zygarde|atk|1\n|-boost|p1a: Zygarde|def|1\n|-boost|p1a: Zygarde|accuracy|1\n|\n|-heal|p2a: Zygarde|99\/100|[from] item: Leftovers\n|-heal|p1a: Zygarde|100\/100 par|[from] item: Leftovers\n|upkeep\n|turn|21\n|\n|t:|1699663318\n|move|p2a: Zygarde|Coil|p2a: Zygarde\n|-boost|p2a: Zygarde|atk|1\n|-boost|p2a: Zygarde|def|1\n|-boost|p2a: Zygarde|accuracy|1\n|cant|p1a: Zygarde|par\n|\n|-heal|p2a: Zygarde|100\/100|[from] item: Leftovers\n|upkeep\n|turn|22\n|\n|t:|1699663320\n|move|p2a: Zygarde|Coil|p2a: Zygarde\n|-boost|p2a: Zygarde|atk|1\n|-boost|p2a: Zygarde|def|1\n|-boost|p2a: Zygarde|accuracy|1\n|move|p1a: Zygarde|Coil|p1a: Zygarde\n|-boost|p1a: Zygarde|atk|1\n|-boost|p1a: Zygarde|def|1\n|-boost|p1a: Zygarde|accuracy|1\n|\n|upkeep\n|turn|23\n|\n|t:|1699663323\n|move|p2a: Zygarde|Coil|p2a: Zygarde\n|-boost|p2a: Zygarde|atk|1\n|-boost|p2a: Zygarde|def|1\n|-boost|p2a: Zygarde|accuracy|1\n|move|p1a: Zygarde|Coil|p1a: Zygarde\n|-boost|p1a: Zygarde|atk|1\n|-boost|p1a: Zygarde|def|1\n|-boost|p1a: Zygarde|accuracy|1\n|\n|upkeep\n|turn|24\n|\n|t:|1699663325\n|move|p2a: Zygarde|Coil|p2a: Zygarde\n|-boost|p2a: Zygarde|atk|1\n|-boost|p2a: Zygarde|def|1\n|-boost|p2a: Zygarde|accuracy|1\n|move|p1a: Zygarde|Coil|p1a: Zygarde\n|-boost|p1a: Zygarde|atk|1\n|-boost|p1a: Zygarde|def|1\n|-boost|p1a: Zygarde|accuracy|1\n|\n|upkeep\n|turn|25\n|\n|t:|1699663332\n|move|p2a: Zygarde|Thousand Arrows|p1a: Zygarde\n|-damage|p1a: Zygarde|84\/100 par\n|move|p1a: Zygarde|Dragon Tail|p2a: Zygarde\n|-supereffective|p2a: Zygarde\n|-end|p2a: Zygarde|Substitute\n|\n|-heal|p1a: Zygarde|90\/100 par|[from] item: Leftovers\n|upkeep\n|turn|26\n|\n|t:|1699663340\n|-terastallize|p2a: Zygarde|Fairy\n|move|p2a: Zygarde|Substitute|p2a: Zygarde\n|-start|p2a: Zygarde|Substitute\n|-damage|p2a: Zygarde|76\/100\n|move|p1a: Zygarde|Dragon Tail|p2a: Zygarde\n|-immune|p2a: Zygarde\n|\n|-heal|p2a: Zygarde|82\/100|[from] item: Leftovers\n|-heal|p1a: Zygarde|96\/100 par|[from] item: Leftovers\n|upkeep\n|turn|27\n|\n|t:|1699663347\n|move|p2a: Zygarde|Thousand Arrows|p1a: Zygarde\n|-damage|p1a: Zygarde|79\/100 par\n|cant|p1a: Zygarde|par\n|\n|-heal|p2a: Zygarde|88\/100|[from] item: Leftovers\n|-heal|p1a: Zygarde|85\/100 par|[from] item: Leftovers\n|upkeep\n|turn|28\n|\n|t:|1699663353\n|move|p2a: Zygarde|Thousand Arrows|p1a: Zygarde\n|-damage|p1a: Zygarde|68\/100 par\n|move|p1a: Zygarde|Rest|p1a: Zygarde\n|-status|p1a: Zygarde|slp|[from] move: Rest\n|-heal|p1a: Zygarde|100\/100 slp|[silent]\n|\n|-heal|p2a: Zygarde|94\/100|[from] item: Leftovers\n|upkeep\n|turn|29\n|\n|t:|1699663403\n|switch|p2a: Xerneas|Xerneas|82\/100\n|-ability|p2a: Xerneas|Fairy Aura\n|cant|p1a: Zygarde|slp\n|\n|upkeep\n|turn|30\n|\n|t:|1699663411\n|switch|p2a: Necrozma|Necrozma-Ultra|71\/100\n|switch|p1a: Chansey|Chansey, F|84\/100\n|\n|upkeep\n|turn|31\n|\n|t:|1699663436\n|switch|p1a: Arceus|Arceus-Dark|93\/100\n|move|p2a: Necrozma|Earthquake|p1a: Arceus\n|-damage|p1a: Arceus|61\/100\n|\n|upkeep\n|turn|32\n|\n|t:|1699663443\n|switch|p2a: Xerneas|Xerneas|82\/100\n|-ability|p2a: Xerneas|Fairy Aura\n|move|p1a: Arceus|Toxic|p2a: Xerneas\n|-status|p2a: Xerneas|tox\n|\n|-damage|p2a: Xerneas|76\/100 tox|[from] psn\n|upkeep\n|turn|33\n|\n|t:|1699663451\n|switch|p1a: Chansey|Chansey, F|84\/100\n|switch|p2a: Zygarde|Zygarde, tera:Fairy|94\/100\n|\n|-heal|p2a: Zygarde|99\/100|[from] item: Leftovers\n|upkeep\n|turn|34\n|\n|t:|1699663461\n|switch|p1a: Arceus|Arceus-Dark|61\/100\n|move|p2a: Zygarde|Substitute|p2a: Zygarde\n|-start|p2a: Zygarde|Substitute\n|-damage|p2a: Zygarde|75\/100\n|\n|-heal|p2a: Zygarde|81\/100|[from] item: Leftovers\n|upkeep\n|turn|35\n|\n|t:|1699663494\n|move|p1a: Arceus|Taunt|p2a: Zygarde\n|-start|p2a: Zygarde|move: Taunt\n|move|p2a: Zygarde|Thousand Arrows|p1a: Arceus\n|-damage|p1a: Arceus|40\/100\n|\n|-heal|p2a: Zygarde|88\/100|[from] item: Leftovers\n|upkeep\n|turn|36\n|\n|t:|1699663500\n|switch|p2a: Xerneas|Xerneas|76\/100 tox\n|-ability|p2a: Xerneas|Fairy Aura\n|move|p1a: Arceus|Recover|p1a: Arceus\n|-heal|p1a: Arceus|90\/100\n|\n|-damage|p2a: Xerneas|70\/100 tox|[from] psn\n|upkeep\n|turn|37\n|\n|t:|1699663503\n|switch|p1a: Chansey|Chansey, F|84\/100\n|switch|p2a: Zygarde|Zygarde, tera:Fairy|88\/100\n|\n|-heal|p2a: Zygarde|94\/100|[from] item: Leftovers\n|upkeep\n|turn|38\n|\n|t:|1699663510\n|switch|p1a: Arceus|Arceus-Dark|90\/100\n|move|p2a: Zygarde|Glare|p1a: Arceus\n|-status|p1a: Arceus|par\n|\n|-heal|p2a: Zygarde|99\/100|[from] item: Leftovers\n|upkeep\n|turn|39\n|\n|t:|1699663518\n|switch|p1a: Chansey|Chansey, F|84\/100\n|move|p2a: Zygarde|Substitute|p2a: Zygarde\n|-start|p2a: Zygarde|Substitute\n|-damage|p2a: Zygarde|75\/100\n|\n|-heal|p2a: Zygarde|81\/100|[from] item: Leftovers\n|upkeep\n|turn|40\n|\n|t:|1699663523\n|move|p2a: Zygarde|Coil|p2a: Zygarde\n|-boost|p2a: Zygarde|atk|1\n|-boost|p2a: Zygarde|def|1\n|-boost|p2a: Zygarde|accuracy|1\n|move|p1a: Chansey|Heal Bell|p1a: Chansey\n|-activate|p1a: Chansey|move: Heal Bell\n|-curestatus|p1: Zygarde|slp|[msg]\n|-curestatus|p1: Urshifu|brn|[msg]\n|-curestatus|p1: Arceus|par|[msg]\n|\n|-heal|p2a: Zygarde|87\/100|[from] item: Leftovers\n|upkeep\n|turn|41\n|\n|t:|1699663530\n|switch|p1a: Zygarde|Zygarde|100\/100\n|move|p2a: Zygarde|Coil|p2a: Zygarde\n|-boost|p2a: Zygarde|atk|1\n|-boost|p2a: Zygarde|def|1\n|-boost|p2a: Zygarde|accuracy|1\n|\n|-heal|p2a: Zygarde|93\/100|[from] item: Leftovers\n|upkeep\n|turn|42\n|\n|t:|1699663537\n|move|p2a: Zygarde|Glare|p1a: Zygarde\n|-status|p1a: Zygarde|par\n|cant|p1a: Zygarde|par\n|\n|-heal|p2a: Zygarde|99\/100|[from] item: Leftovers\n|upkeep\n|turn|43\n|\n|t:|1699663541\n|move|p2a: Zygarde|Thousand Arrows|p1a: Zygarde\n|-damage|p1a: Zygarde|67\/100 par\n|move|p1a: Zygarde|Coil|p1a: Zygarde\n|-boost|p1a: Zygarde|atk|1\n|-boost|p1a: Zygarde|def|1\n|-boost|p1a: Zygarde|accuracy|1\n|\n|-heal|p2a: Zygarde|100\/100|[from] item: Leftovers\n|-heal|p1a: Zygarde|74\/100 par|[from] item: Leftovers\n|upkeep\n|turn|44\n|\n|t:|1699663544\n|move|p2a: Zygarde|Thousand Arrows|p1a: Zygarde\n|-crit|p1a: Zygarde\n|-damage|p1a: Zygarde|30\/100 par\n|cant|p1a: Zygarde|par\n|\n|-heal|p1a: Zygarde|36\/100 par|[from] item: Leftovers\n|-activate|p1a: Zygarde|ability: Power Construct\n|detailschange|p1a: Zygarde|Zygarde-Complete\n|-heal|p1a: Zygarde|58\/100 par|[silent]\n|upkeep\n|turn|45\n|\n|t:|1699663551\n|move|p2a: Zygarde|Coil|p2a: Zygarde\n|-boost|p2a: Zygarde|atk|1\n|-boost|p2a: Zygarde|def|1\n|-boost|p2a: Zygarde|accuracy|1\n|move|p1a: Zygarde|Coil|p1a: Zygarde\n|-boost|p1a: Zygarde|atk|1\n|-boost|p1a: Zygarde|def|1\n|-boost|p1a: Zygarde|accuracy|1\n|\n|-heal|p1a: Zygarde|64\/100 par|[from] item: Leftovers\n|upkeep\n|turn|46\n|\n|t:|1699663554\n|move|p2a: Zygarde|Coil|p2a: Zygarde\n|-boost|p2a: Zygarde|atk|1\n|-boost|p2a: Zygarde|def|1\n|-boost|p2a: Zygarde|accuracy|1\n|move|p1a: Zygarde|Coil|p1a: Zygarde\n|-boost|p1a: Zygarde|atk|1\n|-boost|p1a: Zygarde|def|1\n|-boost|p1a: Zygarde|accuracy|1\n|\n|-heal|p1a: Zygarde|70\/100 par|[from] item: Leftovers\n|upkeep\n|turn|47\n|\n|t:|1699663556\n|move|p2a: Zygarde|Coil|p2a: Zygarde\n|-boost|p2a: Zygarde|atk|1\n|-boost|p2a: Zygarde|def|1\n|-boost|p2a: Zygarde|accuracy|1\n|move|p1a: Zygarde|Coil|p1a: Zygarde\n|-boost|p1a: Zygarde|atk|1\n|-boost|p1a: Zygarde|def|1\n|-boost|p1a: Zygarde|accuracy|1\n|\n|-heal|p1a: Zygarde|76\/100 par|[from] item: Leftovers\n|upkeep\n|turn|48\n|\n|t:|1699663559\n|move|p2a: Zygarde|Coil|p2a: Zygarde\n|-boost|p2a: Zygarde|atk|1\n|-boost|p2a: Zygarde|def|1\n|-boost|p2a: Zygarde|accuracy|1\n|cant|p1a: Zygarde|par\n|\n|-heal|p1a: Zygarde|82\/100 par|[from] item: Leftovers\n|upkeep\n|turn|49\n|\n|t:|1699663564\n|move|p2a: Zygarde|Thousand Arrows|p1a: Zygarde\n|-damage|p1a: Zygarde|68\/100 par\n|cant|p1a: Zygarde|par\n|\n|-heal|p1a: Zygarde|74\/100 par|[from] item: Leftovers\n|upkeep\n|turn|50\n|\n|t:|1699663569\n|move|p2a: Zygarde|Thousand Arrows|p1a: Zygarde\n|-damage|p1a: Zygarde|59\/100 par\n|cant|p1a: Zygarde|par\n|\n|-heal|p1a: Zygarde|65\/100 par|[from] item: Leftovers\n|upkeep\n|turn|51\n|\n|t:|1699663573\n|move|p2a: Zygarde|Thousand Arrows|p1a: Zygarde\n|-damage|p1a: Zygarde|50\/100 par\n|cant|p1a: Zygarde|par\n|\n|-heal|p1a: Zygarde|57\/100 par|[from] item: Leftovers\n|upkeep\n|turn|52\n|\n|t:|1699663579\n|move|p2a: Zygarde|Thousand Arrows|p1a: Zygarde\n|-damage|p1a: Zygarde|41\/100 par\n|move|p1a: Zygarde|Coil|p1a: Zygarde\n|-boost|p1a: Zygarde|atk|1\n|-boost|p1a: Zygarde|def|1\n|-boost|p1a: Zygarde|accuracy|1\n|\n|-heal|p1a: Zygarde|48\/100 par|[from] item: Leftovers\n|upkeep\n|turn|53\n|\n|t:|1699663586\n|move|p2a: Zygarde|Thousand Arrows|p1a: Zygarde\n|-crit|p1a: Zygarde\n|-damage|p1a: Zygarde|0 fnt\n|faint|p1a: Zygarde\n|\n|upkeep\n|\n|t:|1699663597\n|switch|p1a: Garganacl|Garganacl, F|100\/100\n|turn|54\n|\n|t:|1699663602\n|move|p1a: Garganacl|Protect|p1a: Garganacl\n|-singleturn|p1a: Garganacl|Protect\n|move|p2a: Zygarde|Thousand Arrows|p1a: Garganacl\n|-activate|p1a: Garganacl|move: Protect\n|\n|upkeep\n|turn|55\n|\n|t:|1699663609\n|-terastallize|p1a: Garganacl|Flying\n|move|p2a: Zygarde|Thousand Arrows|p1a: Garganacl\n|-damage|p1a: Garganacl|40\/100\n|-start|p1a: Garganacl|Smack Down\n|move|p1a: Garganacl|Recover|p1a: Garganacl\n|-heal|p1a: Garganacl|90\/100\n|\n|-heal|p1a: Garganacl|97\/100|[from] item: Leftovers\n|upkeep\n|turn|56\n|\n|t:|1699663622\n|move|p1a: Garganacl|Protect|p1a: Garganacl\n|-singleturn|p1a: Garganacl|Protect\n|move|p2a: Zygarde|Glare|p1a: Garganacl\n|-activate|p1a: Garganacl|move: Protect\n|\n|-heal|p1a: Garganacl|100\/100|[from] item: Leftovers\n|upkeep\n|turn|57\n|\n|t:|1699663628\n|move|p2a: Zygarde|Glare|p1a: Garganacl\n|-immune|p1a: Garganacl|[from] ability: Purifying Salt\n|move|p1a: Garganacl|Stealth Rock|p2a: Zygarde\n|-sidestart|p2: Counsirlor2.0|move: Stealth Rock\n|\n|upkeep\n|turn|58\n|\n|t:|1699663635\n|move|p2a: Zygarde|Glare|p1a: Garganacl\n|-immune|p1a: Garganacl|[from] ability: Purifying Salt\n|move|p1a: Garganacl|Salt Cure|p2a: Zygarde\n|-activate|p2a: Zygarde|move: Substitute|[damage]\n|\n|upkeep\n|turn|59\n|\n|t:|1699663640\n|move|p2a: Zygarde|Glare|p1a: Garganacl\n|-immune|p1a: Garganacl|[from] ability: Purifying Salt\n|move|p1a: Garganacl|Salt Cure|p2a: Zygarde\n|-activate|p2a: Zygarde|move: Substitute|[damage]\n|\n|upkeep\n|turn|60\n|\n|t:|1699663646\n|move|p2a: Zygarde|Glare|p1a: Garganacl\n|-immune|p1a: Garganacl|[from] ability: Purifying Salt\n|move|p1a: Garganacl|Salt Cure|p2a: Zygarde\n|-activate|p2a: Zygarde|move: Substitute|[damage]\n|\n|upkeep\n|turn|61\n|\n|t:|1699663652\n|move|p2a: Zygarde|Glare|p1a: Garganacl\n|-immune|p1a: Garganacl|[from] ability: Purifying Salt\n|move|p1a: Garganacl|Recover||[still]\n|-fail|p1a: Garganacl|heal\n|\n|upkeep\n|turn|62\n|\n|t:|1699663655\n|move|p1a: Garganacl|Protect|p1a: Garganacl\n|-singleturn|p1a: Garganacl|Protect\n|move|p2a: Zygarde|Glare|p1a: Garganacl\n|-activate|p1a: Garganacl|move: Protect\n|\n|upkeep\n|turn|63\n|\n|t:|1699663661\n|move|p2a: Zygarde|Glare|p1a: Garganacl\n|-immune|p1a: Garganacl|[from] ability: Purifying Salt\n|move|p1a: Garganacl|Salt Cure|p2a: Zygarde\n|-activate|p2a: Zygarde|move: Substitute|[damage]\n|\n|upkeep\n|turn|64\n|\n|t:|1699663667\n|move|p2a: Zygarde|Glare|p1a: Garganacl\n|-immune|p1a: Garganacl|[from] ability: Purifying Salt\n|move|p1a: Garganacl|Salt Cure|p2a: Zygarde\n|-activate|p2a: Zygarde|move: Substitute|[damage]\n|\n|upkeep\n|turn|65\n|\n|t:|1699663672\n|move|p2a: Zygarde|Glare|p1a: Garganacl\n|-immune|p1a: Garganacl|[from] ability: Purifying Salt\n|move|p1a: Garganacl|Salt Cure|p2a: Zygarde\n|-activate|p2a: Zygarde|move: Substitute|[damage]\n|\n|upkeep\n|turn|66\n|\n|t:|1699663677\n|move|p2a: Zygarde|Glare|p1a: Garganacl\n|-immune|p1a: Garganacl|[from] ability: Purifying Salt\n|move|p1a: Garganacl|Salt Cure|p2a: Zygarde\n|-activate|p2a: Zygarde|move: Substitute|[damage]\n|\n|upkeep\n|turn|67\n|\n|t:|1699663683\n|move|p2a: Zygarde|Glare|p1a: Garganacl\n|-immune|p1a: Garganacl|[from] ability: Purifying Salt\n|move|p1a: Garganacl|Salt Cure|p2a: Zygarde\n|-activate|p2a: Zygarde|move: Substitute|[damage]\n|\n|upkeep\n|turn|68\n|\n|t:|1699663688\n|move|p2a: Zygarde|Glare|p1a: Garganacl\n|-immune|p1a: Garganacl|[from] ability: Purifying Salt\n|move|p1a: Garganacl|Salt Cure|p2a: Zygarde\n|-activate|p2a: Zygarde|move: Substitute|[damage]\n|\n|upkeep\n|turn|69\n|\n|t:|1699663693\n|move|p2a: Zygarde|Glare|p1a: Garganacl\n|-immune|p1a: Garganacl|[from] ability: Purifying Salt\n|move|p1a: Garganacl|Salt Cure|p2a: Zygarde\n|-end|p2a: Zygarde|Substitute\n|\n|upkeep\n|turn|70\n|\n|t:|1699663699\n|switch|p1a: Ditto|Ditto|100\/100\n|-transform|p1a: Ditto|p2a: Zygarde|[from] ability: Imposter\n|move|p2a: Zygarde|Substitute|p2a: Zygarde\n|-start|p2a: Zygarde|Substitute\n|-damage|p2a: Zygarde|76\/100\n|\n|-heal|p2a: Zygarde|82\/100|[from] item: Leftovers\n|upkeep\n|turn|71\n|\n|t:|1699663706\n|move|p1a: Ditto|Thousand Arrows|p2a: Zygarde\n|-activate|p2a: Zygarde|move: Substitute|[damage]\n|move|p2a: Zygarde|Glare|p1a: Ditto\n|-status|p1a: Ditto|par\n|\n|-heal|p2a: Zygarde|88\/100|[from] item: Leftovers\n|upkeep\n|turn|72\n|\n|t:|1699663717\n|move|p2a: Zygarde|Glare|p1a: Ditto\n|-fail|p1a: Ditto|par\n|move|p1a: Ditto|Thousand Arrows|p2a: Zygarde\n|-end|p2a: Zygarde|Substitute\n|\n|-heal|p2a: Zygarde|94\/100|[from] item: Leftovers\n|upkeep\n|turn|73\n|\n|t:|1699663723\n|move|p2a: Zygarde|Substitute|p2a: Zygarde\n|-start|p2a: Zygarde|Substitute\n|-damage|p2a: Zygarde|69\/100\n|move|p1a: Ditto|Thousand Arrows|p2a: Zygarde\n|-activate|p2a: Zygarde|move: Substitute|[damage]\n|\n|-heal|p2a: Zygarde|75\/100|[from] item: Leftovers\n|upkeep\n|turn|74\n|\n|t:|1699663728\n|move|p2a: Zygarde|Glare|p1a: Ditto\n|-fail|p1a: Ditto|par\n|cant|p1a: Ditto|par\n|\n|-heal|p2a: Zygarde|81\/100|[from] item: Leftovers\n|upkeep\n|turn|75\n|\n|t:|1699663732\n|move|p2a: Zygarde|Glare|p1a: Ditto\n|-fail|p1a: Ditto|par\n|move|p1a: Ditto|Thousand Arrows|p2a: Zygarde\n|-end|p2a: Zygarde|Substitute\n|\n|-heal|p2a: Zygarde|88\/100|[from] item: Leftovers\n|upkeep\n|turn|76\n|\n|t:|1699663739\n|move|p2a: Zygarde|Substitute|p2a: Zygarde\n|-start|p2a: Zygarde|Substitute\n|-damage|p2a: Zygarde|63\/100\n|cant|p1a: Ditto|par\n|\n|-heal|p2a: Zygarde|69\/100|[from] item: Leftovers\n|upkeep\n|turn|77\n|\n|t:|1699663743\n|move|p2a: Zygarde|Coil|p2a: Zygarde\n|-boost|p2a: Zygarde|atk|0\n|-boost|p2a: Zygarde|def|0\n|-boost|p2a: Zygarde|accuracy|0\n|move|p1a: Ditto|Thousand Arrows|p2a: Zygarde\n|-activate|p2a: Zygarde|move: Substitute|[damage]\n|\n|-heal|p2a: Zygarde|75\/100|[from] item: Leftovers\n|upkeep\n|turn|78\n|\n|t:|1699663752\n|switch|p1a: Garganacl|Garganacl, F, tera:Flying|100\/100\n|move|p2a: Zygarde|Glare|p1a: Garganacl\n|-immune|p1a: Garganacl|[from] ability: Purifying Salt\n|\n|-heal|p2a: Zygarde|81\/100|[from] item: Leftovers\n|upkeep\n|turn|79\n|j| Saber iron\n|l| Saber iron\n|\n|t:|1699663761\n|move|p2a: Zygarde|Glare|p1a: Garganacl\n|-immune|p1a: Garganacl|[from] ability: Purifying Salt\n|move|p1a: Garganacl|Stealth Rock||[still]\n|-fail|p1a: Garganacl\n|\n|-heal|p2a: Zygarde|87\/100|[from] item: Leftovers\n|upkeep\n|turn|80\n|\n|t:|1699663765\n|move|p2a: Zygarde|Thousand Arrows|p1a: Garganacl\n|-damage|p1a: Garganacl|40\/100\n|-start|p1a: Garganacl|Smack Down\n|move|p1a: Garganacl|Stealth Rock||[still]\n|-fail|p1a: Garganacl\n|\n|-heal|p2a: Zygarde|93\/100|[from] item: Leftovers\n|-heal|p1a: Garganacl|46\/100|[from] item: Leftovers\n|upkeep\n|turn|81\n|\n|t:|1699663772\n|move|p2a: Zygarde|Glare|p1a: Garganacl\n|-immune|p1a: Garganacl|[from] ability: Purifying Salt\n|move|p1a: Garganacl|Recover|p1a: Garganacl\n|-heal|p1a: Garganacl|96\/100\n|\n|-heal|p2a: Zygarde|99\/100|[from] item: Leftovers\n|-heal|p1a: Garganacl|100\/100|[from] item: Leftovers\n|upkeep\n|turn|82\n|\n|t:|1699663777\n|move|p2a: Zygarde|Glare|p1a: Garganacl\n|-immune|p1a: Garganacl|[from] ability: Purifying Salt\n|move|p1a: Garganacl|Stealth Rock||[still]\n|-fail|p1a: Garganacl\n|\n|-heal|p2a: Zygarde|100\/100|[from] item: Leftovers\n|upkeep\n|turn|83\n|\n|t:|1699663795\n|move|p1a: Garganacl|Protect|p1a: Garganacl\n|-singleturn|p1a: Garganacl|Protect\n|move|p2a: Zygarde|Glare|p1a: Garganacl\n|-activate|p1a: Garganacl|move: Protect\n|\n|upkeep\n|turn|84\n|\n|t:|1699663802\n|move|p2a: Zygarde|Thousand Arrows|p1a: Garganacl\n|-damage|p1a: Garganacl|39\/100\n|move|p1a: Garganacl|Stealth Rock||[still]\n|-fail|p1a: Garganacl\n|\n|-heal|p1a: Garganacl|45\/100|[from] item: Leftovers\n|upkeep\n|turn|85\n|\n|t:|1699663825\n|switch|p1a: Urshifu|Urshifu, M|84\/100\n|move|p2a: Zygarde|Coil|p2a: Zygarde\n|-boost|p2a: Zygarde|atk|0\n|-boost|p2a: Zygarde|def|0\n|-boost|p2a: Zygarde|accuracy|0\n|\n|upkeep\n|turn|86\n|\n|t:|1699663831\n|move|p1a: Urshifu|Iron Head|p2a: Zygarde\n|-supereffective|p2a: Zygarde\n|-end|p2a: Zygarde|Substitute\n|-damage|p1a: Urshifu|74\/100|[from] item: Life Orb\n|move|p2a: Zygarde|Thousand Arrows|p1a: Urshifu\n|-damage|p1a: Urshifu|0 fnt\n|faint|p1a: Urshifu\n|\n|upkeep\n|\n|t:|1699663846\n|switch|p1a: Chansey|Chansey, F|84\/100\n|turn|87\n|\n|t:|1699663850\n|move|p2a: Zygarde|Substitute|p2a: Zygarde\n|-start|p2a: Zygarde|Substitute\n|-damage|p2a: Zygarde|76\/100\n|move|p1a: Chansey|Heal Bell|p1a: Chansey\n|-activate|p1a: Chansey|move: Heal Bell\n|-curestatus|p1: Ditto|par|[msg]\n|\n|-heal|p2a: Zygarde|82\/100|[from] item: Leftovers\n|upkeep\n|turn|88\n|\n|t:|1699663856\n|switch|p1a: Garganacl|Garganacl, F, tera:Flying|45\/100\n|move|p2a: Zygarde|Glare|p1a: Garganacl\n|-immune|p1a: Garganacl|[from] ability: Purifying Salt\n|\n|-heal|p2a: Zygarde|88\/100|[from] item: Leftovers\n|-heal|p1a: Garganacl|51\/100|[from] item: Leftovers\n|upkeep\n|turn|89\n|\n|t:|1699663861\n|move|p2a: Zygarde|Glare|p1a: Garganacl\n|-immune|p1a: Garganacl|[from] ability: Purifying Salt\n|move|p1a: Garganacl|Recover|p1a: Garganacl\n|-heal|p1a: Garganacl|100\/100\n|\n|-heal|p2a: Zygarde|94\/100|[from] item: Leftovers\n|upkeep\n|turn|90\n|\n|t:|1699663864\n|switch|p1a: Chansey|Chansey, F|84\/100\n|move|p2a: Zygarde|Glare|p1a: Chansey\n|-status|p1a: Chansey|par\n|\n|-heal|p2a: Zygarde|99\/100|[from] item: Leftovers\n|upkeep\n|turn|91\n|\n|t:|1699663871\n|move|p2a: Zygarde|Coil|p2a: Zygarde\n|-boost|p2a: Zygarde|atk|0\n|-boost|p2a: Zygarde|def|0\n|-boost|p2a: Zygarde|accuracy|0\n|move|p1a: Chansey|Seismic Toss|p2a: Zygarde\n|-end|p2a: Zygarde|Substitute\n|\n|-heal|p2a: Zygarde|100\/100|[from] item: Leftovers\n|upkeep\n|turn|92\n|\n|t:|1699663881\n|-curestatus|p1a: Chansey|par|[from] ability: Natural Cure\n|switch|p1a: Garganacl|Garganacl, F, tera:Flying|100\/100\n|move|p2a: Zygarde|Substitute|p2a: Zygarde\n|-start|p2a: Zygarde|Substitute\n|-damage|p2a: Zygarde|76\/100\n|\n|-heal|p2a: Zygarde|82\/100|[from] item: Leftovers\n|upkeep\n|turn|93\n|\n|t:|1699663887\n|switch|p1a: Chansey|Chansey, F|84\/100\n|move|p2a: Zygarde|Coil|p2a: Zygarde\n|-boost|p2a: Zygarde|atk|0\n|-boost|p2a: Zygarde|def|0\n|-boost|p2a: Zygarde|accuracy|0\n|\n|-heal|p2a: Zygarde|88\/100|[from] item: Leftovers\n|upkeep\n|turn|94\n|\n|t:|1699663892\n|switch|p1a: Garganacl|Garganacl, F, tera:Flying|100\/100\n|move|p2a: Zygarde|Glare|p1a: Garganacl\n|-immune|p1a: Garganacl|[from] ability: Purifying Salt\n|\n|-heal|p2a: Zygarde|94\/100|[from] item: Leftovers\n|upkeep\n|turn|95\n|\n|t:|1699663897\n|switch|p1a: Chansey|Chansey, F|84\/100\n|move|p2a: Zygarde|Glare|p1a: Chansey\n|-status|p1a: Chansey|par\n|\n|-heal|p2a: Zygarde|99\/100|[from] item: Leftovers\n|upkeep\n|turn|96\n|\n|t:|1699663902\n|-curestatus|p1a: Chansey|par|[from] ability: Natural Cure\n|switch|p1a: Garganacl|Garganacl, F, tera:Flying|100\/100\n|move|p2a: Zygarde|Coil|p2a: Zygarde\n|-boost|p2a: Zygarde|atk|0\n|-boost|p2a: Zygarde|def|0\n|-boost|p2a: Zygarde|accuracy|0\n|\n|-heal|p2a: Zygarde|100\/100|[from] item: Leftovers\n|upkeep\n|turn|97\n|\n|t:|1699663907\n|switch|p1a: Chansey|Chansey, F|84\/100\n|move|p2a: Zygarde|Coil|p2a: Zygarde\n|-boost|p2a: Zygarde|atk|0\n|-boost|p2a: Zygarde|def|0\n|-boost|p2a: Zygarde|accuracy|0\n|\n|upkeep\n|turn|98\n|\n|t:|1699663911\n|switch|p1a: Garganacl|Garganacl, F, tera:Flying|100\/100\n|move|p2a: Zygarde|Coil|p2a: Zygarde\n|-boost|p2a: Zygarde|atk|0\n|-boost|p2a: Zygarde|def|0\n|-boost|p2a: Zygarde|accuracy|0\n|\n|upkeep\n|turn|99\n|\n|t:|1699663915\n|switch|p1a: Chansey|Chansey, F|84\/100\n|move|p2a: Zygarde|Coil|p2a: Zygarde\n|-boost|p2a: Zygarde|atk|0\n|-boost|p2a: Zygarde|def|0\n|-boost|p2a: Zygarde|accuracy|0\n|\n|upkeep\n|turn|100\n|\n|t:|1699663941\n|switch|p1a: Garganacl|Garganacl, F, tera:Flying|100\/100\n|move|p2a: Zygarde|Coil|p2a: Zygarde\n|-boost|p2a: Zygarde|atk|0\n|-boost|p2a: Zygarde|def|0\n|-boost|p2a: Zygarde|accuracy|0\n|\n|upkeep\n|turn|101\n|\n|t:|1699663947\n|switch|p1a: Chansey|Chansey, F|84\/100\n|move|p2a: Zygarde|Coil|p2a: Zygarde\n|-boost|p2a: Zygarde|atk|0\n|-boost|p2a: Zygarde|def|0\n|-boost|p2a: Zygarde|accuracy|0\n|\n|upkeep\n|turn|102\n|\n|t:|1699663952\n|switch|p1a: Garganacl|Garganacl, F, tera:Flying|100\/100\n|move|p2a: Zygarde|Coil|p2a: Zygarde\n|-boost|p2a: Zygarde|atk|0\n|-boost|p2a: Zygarde|def|0\n|-boost|p2a: Zygarde|accuracy|0\n|\n|upkeep\n|turn|103\n|\n|t:|1699663957\n|switch|p1a: Chansey|Chansey, F|84\/100\n|move|p2a: Zygarde|Coil|p2a: Zygarde\n|-boost|p2a: Zygarde|atk|0\n|-boost|p2a: Zygarde|def|0\n|-boost|p2a: Zygarde|accuracy|0\n|\n|upkeep\n|turn|104\n|\n|t:|1699663962\n|switch|p1a: Garganacl|Garganacl, F, tera:Flying|100\/100\n|move|p2a: Zygarde|Coil|p2a: Zygarde\n|-boost|p2a: Zygarde|atk|0\n|-boost|p2a: Zygarde|def|0\n|-boost|p2a: Zygarde|accuracy|0\n|\n|upkeep\n|turn|105\n|\n|t:|1699663966\n|switch|p1a: Chansey|Chansey, F|84\/100\n|move|p2a: Zygarde|Coil|p2a: Zygarde\n|-boost|p2a: Zygarde|atk|0\n|-boost|p2a: Zygarde|def|0\n|-boost|p2a: Zygarde|accuracy|0\n|\n|upkeep\n|turn|106\n|\n|t:|1699663975\n|switch|p1a: Garganacl|Garganacl, F, tera:Flying|100\/100\n|move|p2a: Zygarde|Coil|p2a: Zygarde\n|-boost|p2a: Zygarde|atk|0\n|-boost|p2a: Zygarde|def|0\n|-boost|p2a: Zygarde|accuracy|0\n|\n|upkeep\n|turn|107\n|\n|t:|1699663982\n|switch|p1a: Chansey|Chansey, F|84\/100\n|move|p2a: Zygarde|Coil|p2a: Zygarde\n|-boost|p2a: Zygarde|atk|0\n|-boost|p2a: Zygarde|def|0\n|-boost|p2a: Zygarde|accuracy|0\n|\n|upkeep\n|turn|108\n|\n|t:|1699663986\n|switch|p1a: Garganacl|Garganacl, F, tera:Flying|100\/100\n|move|p2a: Zygarde|Coil|p2a: Zygarde\n|-boost|p2a: Zygarde|atk|0\n|-boost|p2a: Zygarde|def|0\n|-boost|p2a: Zygarde|accuracy|0\n|\n|upkeep\n|turn|109\n|\n|t:|1699663990\n|switch|p1a: Chansey|Chansey, F|84\/100\n|move|p2a: Zygarde|Coil|p2a: Zygarde\n|-boost|p2a: Zygarde|atk|0\n|-boost|p2a: Zygarde|def|0\n|-boost|p2a: Zygarde|accuracy|0\n|\n|upkeep\n|turn|110\n|\n|t:|1699663994\n|switch|p1a: Garganacl|Garganacl, F, tera:Flying|100\/100\n|move|p2a: Zygarde|Coil|p2a: Zygarde\n|-boost|p2a: Zygarde|atk|0\n|-boost|p2a: Zygarde|def|0\n|-boost|p2a: Zygarde|accuracy|0\n|\n|upkeep\n|turn|111\n|\n|t:|1699664000\n|switch|p1a: Chansey|Chansey, F|84\/100\n|move|p2a: Zygarde|Glare|p1a: Chansey\n|-status|p1a: Chansey|par\n|\n|upkeep\n|turn|112\n|\n|t:|1699664005\n|-curestatus|p1a: Chansey|par|[from] ability: Natural Cure\n|switch|p1a: Garganacl|Garganacl, F, tera:Flying|100\/100\n|move|p2a: Zygarde|Coil|p2a: Zygarde\n|-boost|p2a: Zygarde|atk|0\n|-boost|p2a: Zygarde|def|0\n|-boost|p2a: Zygarde|accuracy|0\n|\n|upkeep\n|turn|113\n|\n|t:|1699664014\n|switch|p1a: Chansey|Chansey, F|84\/100\n|move|p2a: Zygarde|Glare|p1a: Chansey\n|-status|p1a: Chansey|par\n|\n|upkeep\n|turn|114\n|\n|t:|1699664019\n|-curestatus|p1a: Chansey|par|[from] ability: Natural Cure\n|switch|p1a: Garganacl|Garganacl, F, tera:Flying|100\/100\n|move|p2a: Zygarde|Glare|p1a: Garganacl\n|-immune|p1a: Garganacl|[from] ability: Purifying Salt\n|\n|upkeep\n|turn|115\n|\n|t:|1699664025\n|switch|p1a: Chansey|Chansey, F|84\/100\n|move|p2a: Zygarde|Glare|p1a: Chansey\n|-status|p1a: Chansey|par\n|\n|upkeep\n|turn|116\n|\n|t:|1699664031\n|-curestatus|p1a: Chansey|par|[from] ability: Natural Cure\n|switch|p1a: Garganacl|Garganacl, F, tera:Flying|100\/100\n|move|p2a: Zygarde|Glare|p1a: Garganacl\n|-immune|p1a: Garganacl|[from] ability: Purifying Salt\n|\n|upkeep\n|turn|117\n|\n|t:|1699664036\n|switch|p1a: Chansey|Chansey, F|84\/100\n|move|p2a: Zygarde|Glare|p1a: Chansey\n|-status|p1a: Chansey|par\n|\n|upkeep\n|turn|118\n|\n|t:|1699664040\n|-curestatus|p1a: Chansey|par|[from] ability: Natural Cure\n|switch|p1a: Garganacl|Garganacl, F, tera:Flying|100\/100\n|move|p2a: Zygarde|Glare|p1a: Garganacl\n|-immune|p1a: Garganacl|[from] ability: Purifying Salt\n|\n|upkeep\n|turn|119\n|\n|t:|1699664048\n|switch|p1a: Chansey|Chansey, F|84\/100\n|move|p2a: Zygarde|Glare|p1a: Chansey\n|-status|p1a: Chansey|par\n|\n|upkeep\n|turn|120\n|\n|t:|1699664051\n|-curestatus|p1a: Chansey|par|[from] ability: Natural Cure\n|switch|p1a: Garganacl|Garganacl, F, tera:Flying|100\/100\n|move|p2a: Zygarde|Glare|p1a: Garganacl\n|-immune|p1a: Garganacl|[from] ability: Purifying Salt\n|\n|upkeep\n|turn|121\n|\n|t:|1699664053\n|switch|p1a: Chansey|Chansey, F|84\/100\n|move|p2a: Zygarde|Glare|p1a: Chansey\n|-status|p1a: Chansey|par\n|\n|upkeep\n|turn|122\n|\n|t:|1699664057\n|-curestatus|p1a: Chansey|par|[from] ability: Natural Cure\n|switch|p1a: Garganacl|Garganacl, F, tera:Flying|100\/100\n|move|p2a: Zygarde|Glare|p1a: Garganacl\n|-immune|p1a: Garganacl|[from] ability: Purifying Salt\n|\n|upkeep\n|turn|123\n|\n|t:|1699664059\n|switch|p1a: Chansey|Chansey, F|84\/100\n|move|p2a: Zygarde|Glare|p1a: Chansey\n|-status|p1a: Chansey|par\n|\n|upkeep\n|turn|124\n|\n|t:|1699664070\n|-curestatus|p1a: Chansey|par|[from] ability: Natural Cure\n|switch|p1a: Garganacl|Garganacl, F, tera:Flying|100\/100\n|move|p2a: Zygarde|Glare|p1a: Garganacl\n|-immune|p1a: Garganacl|[from] ability: Purifying Salt\n|\n|upkeep\n|turn|125\n|\n|t:|1699664072\n|switch|p1a: Chansey|Chansey, F|84\/100\n|move|p2a: Zygarde|Glare|p1a: Chansey\n|-status|p1a: Chansey|par\n|\n|upkeep\n|turn|126\n|\n|t:|1699664074\n|-curestatus|p1a: Chansey|par|[from] ability: Natural Cure\n|switch|p1a: Garganacl|Garganacl, F, tera:Flying|100\/100\n|move|p2a: Zygarde|Glare|p1a: Garganacl\n|-immune|p1a: Garganacl|[from] ability: Purifying Salt\n|\n|upkeep\n|turn|127\n|\n|t:|1699664078\n|switch|p1a: Chansey|Chansey, F|84\/100\n|move|p2a: Zygarde|Glare|p1a: Chansey\n|-status|p1a: Chansey|par\n|\n|upkeep\n|turn|128\n|\n|t:|1699664082\n|-curestatus|p1a: Chansey|par|[from] ability: Natural Cure\n|switch|p1a: Garganacl|Garganacl, F, tera:Flying|100\/100\n|move|p2a: Zygarde|Glare|p1a: Garganacl\n|-immune|p1a: Garganacl|[from] ability: Purifying Salt\n|\n|upkeep\n|turn|129\n|inactive|Battle timer is ON: inactive players will automatically lose when time's up. (requested by Counsirlor2.0)\n|\n|t:|1699664127\n|switch|p1a: Chansey|Chansey, F|84\/100\n|move|p2a: Zygarde|Substitute|p2a: Zygarde\n|-fail|p2a: Zygarde|move: Substitute\n|\n|upkeep\n|turn|130\n|\n|t:|1699664131\n|switch|p1a: Garganacl|Garganacl, F, tera:Flying|100\/100\n|move|p2a: Zygarde|Substitute|p2a: Zygarde\n|-fail|p2a: Zygarde|move: Substitute\n|\n|upkeep\n|turn|131\n|\n|t:|1699664136\n|switch|p1a: Chansey|Chansey, F|84\/100\n|move|p2a: Zygarde|Substitute|p2a: Zygarde\n|-fail|p2a: Zygarde|move: Substitute\n|\n|upkeep\n|turn|132\n|\n|t:|1699664139\n|switch|p1a: Garganacl|Garganacl, F, tera:Flying|100\/100\n|move|p2a: Zygarde|Substitute|p2a: Zygarde\n|-fail|p2a: Zygarde|move: Substitute\n|\n|upkeep\n|turn|133\n|\n|t:|1699664144\n|switch|p1a: Chansey|Chansey, F|84\/100\n|move|p2a: Zygarde|Substitute|p2a: Zygarde\n|-fail|p2a: Zygarde|move: Substitute\n|\n|upkeep\n|turn|134\n|\n|t:|1699664151\n|switch|p1a: Garganacl|Garganacl, F, tera:Flying|100\/100\n|move|p2a: Zygarde|Substitute|p2a: Zygarde\n|-fail|p2a: Zygarde|move: Substitute\n|\n|upkeep\n|turn|135\n|\n|t:|1699664157\n|move|p2a: Zygarde|Substitute|p2a: Zygarde\n|-fail|p2a: Zygarde|move: Substitute\n|move|p1a: Garganacl|Stealth Rock||[still]\n|-fail|p1a: Garganacl\n|\n|upkeep\n|turn|136\n|\n|t:|1699664165\n|-activate|p2a: Zygarde|move: Struggle\n|move|p2a: Zygarde|Struggle|p1a: Garganacl\n|-damage|p1a: Garganacl|79\/100\n|-damage|p2a: Zygarde|76\/100|[from] recoil\n|move|p1a: Garganacl|Recover|p1a: Garganacl\n|-heal|p1a: Garganacl|100\/100\n|\n|-heal|p2a: Zygarde|82\/100|[from] item: Leftovers\n|upkeep\n|turn|137\n|\n|t:|1699664172\n|-activate|p2a: Zygarde|move: Struggle\n|move|p2a: Zygarde|Struggle|p1a: Garganacl\n|-damage|p1a: Garganacl|79\/100\n|-damage|p2a: Zygarde|57\/100|[from] recoil\n|move|p1a: Garganacl|Salt Cure|p2a: Zygarde\n|-crit|p2a: Zygarde\n|-activate|p2a: Zygarde|move: Substitute|[damage]\n|\n|-heal|p2a: Zygarde|63\/100|[from] item: Leftovers\n|-heal|p1a: Garganacl|85\/100|[from] item: Leftovers\n|upkeep\n|turn|138\n|\n|t:|1699664183\n|-activate|p2a: Zygarde|move: Struggle\n|move|p2a: Zygarde|Struggle|p1a: Garganacl\n|-damage|p1a: Garganacl|63\/100\n|-damage|p2a: Zygarde|38\/100|[from] recoil\n|move|p1a: Garganacl|Salt Cure|p2a: Zygarde\n|-activate|p2a: Zygarde|move: Substitute|[damage]\n|\n|-heal|p2a: Zygarde|44\/100|[from] item: Leftovers\n|-heal|p1a: Garganacl|69\/100|[from] item: Leftovers\n|-activate|p2a: Zygarde|ability: Power Construct\n|detailschange|p2a: Zygarde|Zygarde-Complete, tera:Fairy\n|-heal|p2a: Zygarde|65\/100|[silent]\n|upkeep\n|turn|139\n|\n|t:|1699664192\n|-activate|p2a: Zygarde|move: Struggle\n|move|p2a: Zygarde|Struggle|p1a: Garganacl\n|-damage|p1a: Garganacl|44\/100\n|-damage|p2a: Zygarde|40\/100|[from] recoil\n|move|p1a: Garganacl|Salt Cure|p2a: Zygarde\n|-activate|p2a: Zygarde|move: Substitute|[damage]\n|\n|-heal|p2a: Zygarde|47\/100|[from] item: Leftovers\n|-heal|p1a: Garganacl|50\/100|[from] item: Leftovers\n|upkeep\n|turn|140\n|\n|t:|1699664201\n|-activate|p2a: Zygarde|move: Struggle\n|move|p2a: Zygarde|Struggle|p1a: Garganacl\n|-damage|p1a: Garganacl|26\/100\n|-damage|p2a: Zygarde|22\/100|[from] recoil\n|move|p1a: Garganacl|Recover|p1a: Garganacl\n|-heal|p1a: Garganacl|76\/100\n|\n|-heal|p2a: Zygarde|28\/100|[from] item: Leftovers\n|-heal|p1a: Garganacl|83\/100|[from] item: Leftovers\n|upkeep\n|turn|141\n|\n|t:|1699664212\n|-activate|p2a: Zygarde|move: Struggle\n|move|p2a: Zygarde|Struggle|p1a: Garganacl\n|-damage|p1a: Garganacl|60\/100\n|-damage|p2a: Zygarde|3\/100|[from] recoil\n|move|p1a: Garganacl|Salt Cure|p2a: Zygarde\n|-activate|p2a: Zygarde|move: Substitute|[damage]\n|\n|-heal|p2a: Zygarde|9\/100|[from] item: Leftovers\n|-heal|p1a: Garganacl|66\/100|[from] item: Leftovers\n|upkeep\n|turn|142\n|\n|t:|1699664222\n|-activate|p2a: Zygarde|move: Struggle\n|move|p2a: Zygarde|Struggle|p1a: Garganacl\n|-damage|p1a: Garganacl|43\/100\n|-damage|p2a: Zygarde|0 fnt|[from] recoil\n|faint|p2a: Zygarde\n|move|p1a: Garganacl|Recover|p1a: Garganacl\n|-heal|p1a: Garganacl|93\/100\n|\n|-heal|p1a: Garganacl|99\/100|[from] item: Leftovers\n|upkeep\n|inactive|Counsirlor2.0 has 120 seconds left.\n|\n|t:|1699664280\n|switch|p2a: Xerneas|Xerneas|70\/100 tox\n|-damage|p2a: Xerneas|58\/100 tox|[from] Stealth Rock\n|-ability|p2a: Xerneas|Fairy Aura\n|turn|143\n|\n|t:|1699664287\n|switch|p1a: Chansey|Chansey, F|84\/100\n|move|p2a: Xerneas|Moonblast|p1a: Chansey\n|-damage|p1a: Chansey|66\/100\n|-unboost|p1a: Chansey|spa|1\n|\n|-damage|p2a: Xerneas|52\/100 tox|[from] psn\n|upkeep\n|turn|144\n|\n|t:|1699664293\n|switch|p2a: Giratina|Giratina|100\/100\n|-damage|p2a: Giratina|88\/100|[from] Stealth Rock\n|-ability|p2a: Giratina|Pressure\n|move|p1a: Chansey|Seismic Toss|p2a: Giratina\n|-immune|p2a: Giratina\n|\n|-heal|p2a: Giratina|94\/100|[from] item: Leftovers\n|upkeep\n|turn|145\n|\n|t:|1699664304\n|move|p1a: Chansey|Soft-Boiled|p1a: Chansey\n|-heal|p1a: Chansey|100\/100\n|move|p2a: Giratina|Dragon Tail|p1a: Chansey\n|-damage|p1a: Chansey|71\/100\n|drag|p1a: Arceus|Arceus-Dark|90\/100\n|\n|-heal|p2a: Giratina|99\/100|[from] item: Leftovers\n|upkeep\n|turn|146\n|\n|t:|1699664314\n|move|p1a: Arceus|Taunt|p2a: Giratina\n|-start|p2a: Giratina|move: Taunt\n|cant|p2a: Giratina|move: Taunt|Will-O-Wisp\n|\n|-heal|p2a: Giratina|100\/100|[from] item: Leftovers\n|upkeep\n|turn|147\n|\n|t:|1699664320\n|move|p1a: Arceus|Foul Play|p2a: Giratina\n|-supereffective|p2a: Giratina\n|-crit|p2a: Giratina\n|-damage|p2a: Giratina|37\/100\n|move|p2a: Giratina|Dragon Tail|p1a: Arceus\n|-damage|p1a: Arceus|78\/100\n|drag|p1a: Ditto|Ditto|100\/100\n|-transform|p1a: Ditto|p2a: Giratina|[from] ability: Imposter\n|-ability|p1a: Ditto|Pressure\n|\n|-heal|p2a: Giratina|43\/100|[from] item: Leftovers\n|upkeep\n|turn|148\n|\n|t:|1699664327\n|move|p1a: Ditto|Hex|p2a: Giratina\n|-supereffective|p2a: Giratina\n|-damage|p2a: Giratina|23\/100\n|move|p2a: Giratina|Hex|p1a: Ditto\n|-supereffective|p1a: Ditto\n|-damage|p1a: Ditto|66\/100\n|\n|-heal|p2a: Giratina|29\/100|[from] item: Leftovers\n|-end|p2a: Giratina|move: Taunt\n|upkeep\n|turn|149\n|\n|t:|1699664336\n|switch|p1a: Garganacl|Garganacl, F, tera:Flying|99\/100\n|move|p2a: Giratina|Will-O-Wisp|p1a: Garganacl\n|-immune|p1a: Garganacl|[from] ability: Purifying Salt\n|\n|-heal|p2a: Giratina|35\/100|[from] item: Leftovers\n|-heal|p1a: Garganacl|100\/100|[from] item: Leftovers\n|upkeep\n|turn|150\n|\n|t:|1699664341\n|move|p1a: Garganacl|Salt Cure|p2a: Giratina\n|-damage|p2a: Giratina|28\/100\n|-start|p2a: Giratina|Salt Cure\n|move|p2a: Giratina|Dragon Tail|p1a: Garganacl\n|-damage|p1a: Garganacl|90\/100\n|drag|p1a: Ditto|Ditto|66\/100\n|-transform|p1a: Ditto|p2a: Giratina|[from] ability: Imposter\n|-ability|p1a: Ditto|Pressure\n|\n|-heal|p2a: Giratina|34\/100|[from] item: Leftovers\n|-damage|p2a: Giratina|22\/100|[from] Salt Cure\n|upkeep\n|turn|151\n|\n|t:|1699664355\n|switch|p1a: Garganacl|Garganacl, F, tera:Flying|90\/100\n|move|p2a: Giratina|Dragon Tail|p1a: Garganacl\n|-damage|p1a: Garganacl|80\/100\n|drag|p1a: Arceus|Arceus-Dark|78\/100\n|\n|-heal|p2a: Giratina|28\/100|[from] item: Leftovers\n|-damage|p2a: Giratina|15\/100|[from] Salt Cure\n|upkeep\n|turn|152\n|\n|t:|1699664363\n|move|p1a: Arceus|Foul Play|p2a: Giratina\n|-supereffective|p2a: Giratina\n|-damage|p2a: Giratina|0 fnt\n|faint|p2a: Giratina\n|\n|upkeep\n|\n|t:|1699664366\n|switch|p2a: Xerneas|Xerneas|52\/100 tox\n|-damage|p2a: Xerneas|39\/100 tox|[from] Stealth Rock\n|-ability|p2a: Xerneas|Fairy Aura\n|turn|153\n|\n|t:|1699664369\n|switch|p1a: Chansey|Chansey, F|71\/100\n|move|p2a: Xerneas|Geomancy||[still]\n|-prepare|p2a: Xerneas|Geomancy\n|-enditem|p2a: Xerneas|Power Herb\n|-anim|p2a: Xerneas|Geomancy|p2a: Xerneas\n|-boost|p2a: Xerneas|spa|2\n|-boost|p2a: Xerneas|spd|2\n|-boost|p2a: Xerneas|spe|2\n|\n|-damage|p2a: Xerneas|33\/100 tox|[from] psn\n|upkeep\n|turn|154\n|\n|t:|1699664376\n|move|p2a: Xerneas|Moonblast|p1a: Chansey\n|-damage|p1a: Chansey|38\/100\n|move|p1a: Chansey|Soft-Boiled|p1a: Chansey\n|-heal|p1a: Chansey|88\/100\n|\n|-damage|p2a: Xerneas|21\/100 tox|[from] psn\n|upkeep\n|turn|155\n|\n|t:|1699664383\n|move|p2a: Xerneas|Moonblast|p1a: Chansey\n|-damage|p1a: Chansey|57\/100\n|-unboost|p1a: Chansey|spa|1\n|move|p1a: Chansey|Soft-Boiled|p1a: Chansey\n|-heal|p1a: Chansey|100\/100\n|\n|-damage|p2a: Xerneas|3\/100 tox|[from] psn\n|upkeep\n|turn|156\n|\n|t:|1699664391\n|move|p2a: Xerneas|Moonblast|p1a: Chansey\n|-damage|p1a: Chansey|69\/100\n|move|p1a: Chansey|Soft-Boiled|p1a: Chansey\n|-heal|p1a: Chansey|100\/100\n|\n|-damage|p2a: Xerneas|0 fnt|[from] psn\n|faint|p2a: Xerneas\n|upkeep\n|\n|t:|1699664395\n|switch|p2a: Necrozma|Necrozma-Ultra|71\/100\n|-damage|p2a: Necrozma|58\/100|[from] Stealth Rock\n|turn|157\n|\n|t:|1699664401\n|switch|p1a: Arceus|Arceus-Dark|78\/100\n|move|p2a: Necrozma|Dragon Dance|p2a: Necrozma\n|-boost|p2a: Necrozma|atk|1\n|-boost|p2a: Necrozma|spe|1\n|\n|upkeep\n|turn|158\n|\n|t:|1699664426\n|switch|p1a: Chansey|Chansey, F|100\/100\n|move|p2a: Necrozma|Sunsteel Strike|p1a: Chansey\n|-damage|p1a: Chansey|0 fnt\n|faint|p1a: Chansey\n|\n|upkeep\n|\n|t:|1699664433\n|switch|p1a: Ditto|Ditto|66\/100\n|-transform|p1a: Ditto|p2a: Necrozma|[from] ability: Imposter\n|turn|159\n|inactive|Counsirlor2.0 has 120 seconds left.\n|\n|t:|1699664454\n|move|p1a: Ditto|Sunsteel Strike|p2a: Necrozma\n|-damage|p2a: Necrozma|0 fnt\n|faint|p2a: Necrozma\n|\n|upkeep\n|\n|t:|1699664457\n|switch|p2a: Arceus|Arceus|100\/100\n|-damage|p2a: Arceus|88\/100|[from] Stealth Rock\n|turn|160\n|inactive|Counsirlor2.0 has 120 seconds left.\n|\n|t:|1699664485\n|move|p1a: Ditto|Sunsteel Strike|p2a: Arceus\n|-damage|p2a: Arceus|43\/100\n|move|p2a: Arceus|Swords Dance|p2a: Arceus\n|-boost|p2a: Arceus|atk|2\n|\n|upkeep\n|turn|161\n|\n|t:|1699664493\n|switch|p1a: Garganacl|Garganacl, F, tera:Flying|80\/100\n|move|p2a: Arceus|Extreme Speed|p1a: Garganacl\n|-damage|p1a: Garganacl|32\/100\n|\n|-heal|p1a: Garganacl|38\/100|[from] item: Leftovers\n|upkeep\n|turn|162\n|\n|t:|1699664499\n|move|p2a: Arceus|Extreme Speed|p1a: Garganacl\n|-damage|p1a: Garganacl|0 fnt\n|faint|p1a: Garganacl\n|\n|upkeep\n|\n|t:|1699664504\n|switch|p1a: Ditto|Ditto|66\/100\n|-transform|p1a: Ditto|p2a: Arceus|[from] ability: Imposter\n|turn|163\n|\n|t:|1699664511\n|move|p1a: Ditto|Extreme Speed|p2a: Arceus\n|-damage|p2a: Arceus|0 fnt\n|faint|p2a: Arceus\n|\n|win|szymszym134\n|raw|szymszym134's rating: 1669 &rarr; <strong>1684<\/strong><br \/>(+15 for winning)\n|raw|Counsirlor2.0's rating: 1583 &rarr; <strong>1568<\/strong><br \/>(-15 for losing)\n|l|\u2606Counsirlor2.0\n|c|\u2606szymszym134|waste\n|c|\u2606szymszym134|of\n|c|\u2606szymszym134|my\n|c|\u2606szymszym134|time\n|l|\u2606szymszym134\n","uploadtime":1699664516,"views":4,"p1id":"szymszym134","p2id":"counsirlor20","formatid":"gen9nationaldexubers","rating":1568,"private":0,"password":""}