{"id":"gen9nationaldexubers-1982724976","p1":"Jujiro Hanma","p2":"Wooly14","format":"[Gen 9] National Dex Ubers","log":"|j|\u2606Jujiro Hanma\n|j|\u2606Wooly14\n|t:|1699039095\n|gametype|singles\n|player|p1|Jujiro Hanma|kiawe|1261\n|player|p2|Wooly14|hilda|1300\n|teamsize|p1|6\n|teamsize|p2|6\n|gen|9\n|tier|[Gen 9] National Dex Ubers\n|rated|\n|rule|HP Percentage Mod: HP is shown in percentages\n|rule|Endless Battle Clause: Forcing endless battles is banned\n|rule|OHKO Clause: OHKO moves are banned\n|rule|Evasion Moves Clause: Evasion moves are banned\n|rule|Evasion Items Clause: Evasion items are banned\n|rule|Species Clause: Limit one of each Pok\u00e9mon\n|rule|Sleep Clause Mod: Limit one foe put to sleep\n|rule|Mega Rayquaza Clause: You cannot mega evolve Rayquaza\n|clearpoke\n|poke|p1|Pinsir, M|\n|poke|p1|Pheromosa|\n|poke|p1|Genesect|\n|poke|p1|Volbeat, M|\n|poke|p1|Shuckle, M|\n|poke|p1|Slither Wing|\n|poke|p2|Venusaur, F|\n|poke|p2|Lugia|\n|poke|p2|Swampert, M|\n|poke|p2|Eelektross, F|\n|poke|p2|Lycanroc-Dusk, M|\n|poke|p2|Obstagoon, M|\n|teampreview\n|inactive|Battle timer is ON: inactive players will automatically lose when time's up. (requested by Wooly14)\n|\n|t:|1699039112\n|start\n|switch|p1a: Shuckle|Shuckle, M, shiny|100\/100\n|switch|p2a: Rusty|Lycanroc-Dusk, M|100\/100\n|turn|1\n|\n|t:|1699039116\n|move|p2a: Rusty|Iron Head|p1a: Shuckle\n|-supereffective|p1a: Shuckle\n|-damage|p1a: Shuckle|58\/100\n|move|p1a: Shuckle|Stealth Rock|p2a: Rusty\n|-sidestart|p2: Wooly14|move: Stealth Rock\n|\n|-heal|p1a: Shuckle|64\/100|[from] item: Leftovers\n|upkeep\n|turn|2\n|\n|t:|1699039120\n|move|p2a: Rusty|Iron Head|p1a: Shuckle\n|-supereffective|p1a: Shuckle\n|-damage|p1a: Shuckle|21\/100\n|move|p1a: Shuckle|Sticky Web|p2a: Rusty\n|-sidestart|p2: Wooly14|move: Sticky Web\n|\n|-heal|p1a: Shuckle|28\/100|[from] item: Leftovers\n|upkeep\n|turn|3\n|\n|t:|1699039125\n|switch|p1a: Genesect|Genesect, shiny|100\/100\n|-ability|p1a: Genesect|Download|boost\n|-boost|p1a: Genesect|atk|1\n|move|p2a: Rusty|Iron Head|p1a: Genesect\n|-resisted|p1a: Genesect\n|-damage|p1a: Genesect|75\/100\n|\n|upkeep\n|turn|4\n|\n|t:|1699039131\n|move|p1a: Genesect|U-turn|p2a: Rusty\n|-damage|p2a: Rusty|31\/100\n|inactive|Jujiro Hanma has 120 seconds left.\n|\n|t:|1699039162\n|switch|p1a: Shuckle|Shuckle, M, shiny|28\/100|[from] U-turn\n|move|p2a: Rusty|Drill Run|p1a: Shuckle\n|-damage|p1a: Shuckle|5\/100\n|\n|-heal|p1a: Shuckle|11\/100|[from] item: Leftovers\n|upkeep\n|turn|5\n|\n|t:|1699039166\n|switch|p1a: Genesect|Genesect, shiny|75\/100\n|-ability|p1a: Genesect|Download|boost\n|-boost|p1a: Genesect|atk|1\n|move|p2a: Rusty|Iron Head|p1a: Genesect\n|-resisted|p1a: Genesect\n|-damage|p1a: Genesect|52\/100\n|\n|upkeep\n|turn|6\n|\n|t:|1699039170\n|move|p2a: Rusty|Accelerock|p1a: Genesect\n|-damage|p1a: Genesect|20\/100\n|move|p1a: Genesect|U-turn|p2a: Rusty\n|-damage|p2a: Rusty|0 fnt\n|faint|p2a: Rusty\n|\n|t:|1699039186\n|switch|p1a: Pinsir|Pinsir, M, shiny|100\/100|[from] U-turn\n|\n|upkeep\n|\n|t:|1699039190\n|switch|p2a: Robonino|Swampert, M|100\/100\n|-damage|p2a: Robonino|94\/100|[from] Stealth Rock\n|-activate|p2a: Robonino|move: Sticky Web\n|-unboost|p2a: Robonino|spe|1\n|turn|7\n|\n|t:|1699039196\n|detailschange|p1a: Pinsir|Pinsir-Mega, M, shiny\n|-mega|p1a: Pinsir|Pinsir|Pinsirite\n|detailschange|p2a: Robonino|Swampert-Mega, M\n|-mega|p2a: Robonino|Swampert|Swampertite\n|move|p1a: Pinsir|Swords Dance|p1a: Pinsir\n|-boost|p1a: Pinsir|atk|2\n|move|p2a: Robonino|Stealth Rock|p1a: Pinsir\n|-sidestart|p1: Jujiro Hanma|move: Stealth Rock\n|\n|upkeep\n|turn|8\n|\n|t:|1699039200\n|move|p1a: Pinsir|Body Slam|p2a: Robonino\n|-damage|p2a: Robonino|0 fnt\n|faint|p2a: Robonino\n|\n|upkeep\n|\n|t:|1699039210\n|switch|p2a: Luigi|Lugia, shiny|100\/100\n|-damage|p2a: Luigi|75\/100|[from] Stealth Rock\n|turn|9\n|\n|t:|1699039213\n|move|p1a: Pinsir|Body Slam|p2a: Luigi\n|-damage|p2a: Luigi|18\/100\n|-status|p2a: Luigi|par\n|move|p2a: Luigi|Aeroblast|p1a: Pinsir\n|-supereffective|p1a: Pinsir\n|-damage|p1a: Pinsir|7\/100\n|\n|-heal|p2a: Luigi|24\/100 par|[from] item: Leftovers\n|upkeep\n|turn|10\n|\n|t:|1699039217\n|move|p1a: Pinsir|Body Slam|p2a: Luigi\n|-damage|p2a: Luigi|0 fnt\n|faint|p2a: Luigi\n|\n|upkeep\n|\n|t:|1699039219\n|switch|p2a: Wii Fit|Obstagoon, M|100\/100\n|-damage|p2a: Wii Fit|88\/100|[from] Stealth Rock\n|-activate|p2a: Wii Fit|move: Sticky Web\n|-unboost|p2a: Wii Fit|spe|1\n|turn|11\n|\n|t:|1699039226\n|move|p2a: Wii Fit|Obstruct|p2a: Wii Fit\n|-singleturn|p2a: Wii Fit|Protect\n|move|p1a: Pinsir|Quick Attack|p2a: Wii Fit\n|-activate|p2a: Wii Fit|move: Protect\n|-unboost|p1a: Pinsir|def|2\n|\n|-status|p2a: Wii Fit|brn|[from] item: Flame Orb\n|upkeep\n|turn|12\n|\n|t:|1699039231\n|move|p1a: Pinsir|Body Slam|p2a: Wii Fit\n|-damage|p2a: Wii Fit|0 fnt\n|faint|p2a: Wii Fit\n|\n|upkeep\n|\n|t:|1699039234\n|switch|p2a: Unagi|Eelektross, F|100\/100\n|-damage|p2a: Unagi|88\/100|[from] Stealth Rock\n|turn|13\n|c|\u2606Jujiro Hanma|gg\n|\n|t:|1699039239\n|move|p1a: Pinsir|Body Slam|p2a: Unagi\n|-resisted|p2a: Unagi\n|-damage|p2a: Unagi|20\/100\n|move|p2a: Unagi|Thunderbolt|p1a: Pinsir\n|-supereffective|p1a: Pinsir\n|-damage|p1a: Pinsir|0 fnt\n|faint|p1a: Pinsir\n|\n|upkeep\n|\n|t:|1699039247\n|switch|p1a: Genesect|Genesect, shiny|20\/100\n|-damage|p1a: Genesect|7\/100|[from] Stealth Rock\n|-ability|p1a: Genesect|Download|boost\n|-boost|p1a: Genesect|atk|1\n|turn|14\n|\n|t:|1699039254\n|-terastallize|p1a: Genesect|Fire\n|move|p1a: Genesect|Flamethrower|p2a: Unagi\n|-damage|p2a: Unagi|0 fnt\n|faint|p2a: Unagi\n|\n|upkeep\n|\n|t:|1699039258\n|switch|p2a: Jupiter|Venusaur, F|100\/100\n|-damage|p2a: Jupiter|88\/100|[from] Stealth Rock\n|-activate|p2a: Jupiter|move: Sticky Web\n|-unboost|p2a: Jupiter|spe|1\n|turn|15\n|\n|t:|1699039263\n|-terastallize|p2a: Jupiter|Poison\n|move|p1a: Genesect|Flamethrower|p2a: Jupiter\n|-damage|p2a: Jupiter|45\/100\n|move|p2a: Jupiter|Sludge Bomb|p1a: Genesect\n|-damage|p1a: Genesect|0 fnt\n|faint|p1a: Genesect\n|\n|-heal|p2a: Jupiter|51\/100|[from] item: Black Sludge\n|upkeep\n|\n|t:|1699039272\n|switch|p1a: Slither Wing|Slither Wing|100\/100\n|-damage|p1a: Slither Wing|88\/100|[from] Stealth Rock\n|turn|16\n|\n|t:|1699039274\n|move|p1a: Slither Wing|Earthquake|p2a: Jupiter\n|-supereffective|p2a: Jupiter\n|-damage|p2a: Jupiter|0 fnt\n|faint|p2a: Jupiter\n|\n|win|Jujiro Hanma\n|raw|Jujiro Hanma's rating: 1261 &rarr; <strong>1289<\/strong><br \/>(+28 for winning)\n|raw|Wooly14's rating: 1300 &rarr; <strong>1272<\/strong><br \/>(-28 for losing)\n|l|\u2606Wooly14\n","uploadtime":1699039285,"views":5,"p1id":"jujirohanma","p2id":"wooly14","formatid":"gen9nationaldexubers","rating":1272,"private":0,"password":""}