{"id":"gen9nationaldexubers-1983604405","p1":"thewerehog88","p2":"DarthBowser151","format":"[Gen 9] National Dex Ubers","log":"|j|\u2606thewerehog88\n|j|\u2606DarthBowser151\n|t:|1699148466\n|gametype|singles\n|player|p1|thewerehog88|ryuki|\n|player|p2|DarthBowser151|kukui|\n|teamsize|p1|6\n|teamsize|p2|6\n|gen|9\n|tier|[Gen 9] National Dex Ubers\n|rule|HP Percentage Mod: HP is shown in percentages\n|rule|Endless Battle Clause: Forcing endless battles is banned\n|rule|OHKO Clause: OHKO moves are banned\n|rule|Evasion Moves Clause: Evasion moves are banned\n|rule|Evasion Items Clause: Evasion items are banned\n|rule|Species Clause: Limit one of each Pok\u00e9mon\n|rule|Sleep Clause Mod: Limit one foe put to sleep\n|rule|Mega Rayquaza Clause: You cannot mega evolve Rayquaza\n|clearpoke\n|poke|p1|Lycanroc-Dusk, F|\n|poke|p1|Scizor, M|\n|poke|p1|Latias, F|\n|poke|p1|Breloom, M|\n|poke|p1|Quagsire, M|\n|poke|p1|Rotom-Heat|\n|poke|p2|Buzzwole|\n|poke|p2|Skarmory, F|\n|poke|p2|Quagsire, F|\n|poke|p2|Rotom-Heat|\n|poke|p2|Electrode|\n|poke|p2|Crawdaunt, F|\n|teampreview\n|j| HarmTurtle\n|j| Completeanimefan\n|inactive|Battle timer is ON: inactive players will automatically lose when time's up. (requested by thewerehog88)\n|c| Completeanimefan|Round Three: FIGHT!\n|inactive|DarthBowser151 has 270 seconds left.\n|\n|t:|1699148529\n|start\n|switch|p1a: Seattle 7|Lycanroc-Dusk, F|100\/100\n|switch|p2a: Just a Pokeball|Electrode|100\/100\n|turn|1\n|\n|t:|1699148543\n|move|p2a: Just a Pokeball|Reflect|p2a: Just a Pokeball\n|-sidestart|p2: DarthBowser151|Reflect\n|move|p1a: Seattle 7|Psychic Fangs|p2a: Just a Pokeball\n|-sideend|p2: DarthBowser151|Reflect\n|-damage|p2a: Just a Pokeball|47\/100\n|\n|upkeep\n|turn|2\n|\n|t:|1699148556\n|move|p1a: Seattle 7|Accelerock|p2a: Just a Pokeball\n|-damage|p2a: Just a Pokeball|15\/100\n|move|p2a: Just a Pokeball|Volt Switch|p1a: Seattle 7\n|-damage|p1a: Seattle 7|68\/100\n|inactive|DarthBowser151 has 270 seconds left.\n|\n|t:|1699148584\n|switch|p2a: Clawgrip|Crawdaunt, F|100\/100|[from] Volt Switch\n|\n|upkeep\n|turn|3\n|inactive|DarthBowser151 has 270 seconds left.\n|inactive|thewerehog88 has 270 seconds left.\n|\n|t:|1699148616\n|move|p1a: Seattle 7|Play Rough|p2a: Clawgrip\n|-supereffective|p2a: Clawgrip\n|-damage|p2a: Clawgrip|13\/100\n|move|p2a: Clawgrip|Knock Off|p1a: Seattle 7\n|-damage|p1a: Seattle 7|0 fnt\n|-enditem|p1a: Seattle 7|Focus Sash|[from] move: Knock Off|[of] p2a: Clawgrip\n|faint|p1a: Seattle 7\n|-damage|p2a: Clawgrip|3\/100|[from] item: Life Orb\n|\n|upkeep\n|\n|t:|1699148620\n|switch|p1a: Seattle 8|Scizor, M|100\/100\n|turn|4\n|\n|t:|1699148635\n|move|p2a: Clawgrip|Aqua Jet|p1a: Seattle 8\n|-damage|p1a: Seattle 8|57\/100\n|-damage|p2a: Clawgrip|0 fnt|[from] item: Life Orb\n|faint|p2a: Clawgrip\n|move|p1a: Seattle 8|Trailblaze|p2: Clawgrip|[notarget]\n|-fail|p1a: Seattle 8\n|\n|upkeep\n|\n|t:|1699148644\n|switch|p2a: Bake Them Cookies!|Rotom-Heat|100\/100\n|turn|5\n|\n|t:|1699148656\n|switch|p1a: Seattle 11|Quagsire, M|100\/100\n|move|p2a: Bake Them Cookies!|Will-O-Wisp|p1a: Seattle 11\n|-status|p1a: Seattle 11|brn\n|\n|-damage|p1a: Seattle 11|94\/100 brn|[from] brn\n|upkeep\n|turn|6\n|\n|t:|1699148668\n|switch|p2a: The Epoch|Skarmory, F|100\/100\n|move|p1a: Seattle 11|Toxic|p2a: The Epoch\n|-immune|p2a: The Epoch\n|\n|-heal|p1a: Seattle 11|100\/100 brn|[from] item: Leftovers\n|-damage|p1a: Seattle 11|94\/100 brn|[from] brn\n|upkeep\n|turn|7\n|\n|t:|1699148686\n|switch|p1a: Rotom-Seattle|Rotom-Heat|100\/100\n|move|p2a: The Epoch|Stealth Rock|p1a: Rotom-Seattle\n|-sidestart|p1: thewerehog88|move: Stealth Rock\n|\n|upkeep\n|turn|8\n|\n|t:|1699148702\n|switch|p2a: Tom Fawkes|Quagsire, F|100\/100\n|move|p1a: Rotom-Seattle|Defog|p2a: Tom Fawkes\n|-unboost|p2a: Tom Fawkes|evasion|1\n|-sideend|p1: thewerehog88|Stealth Rock|[from] move: Defog|[of] p1a: Rotom-Seattle\n|\n|upkeep\n|turn|9\n|\n|t:|1699148720\n|switch|p1a: Seattle 11|Quagsire, M|94\/100 brn\n|move|p2a: Tom Fawkes|Surf|p1a: Seattle 11\n|-damage|p1a: Seattle 11|69\/100 brn\n|\n|-heal|p1a: Seattle 11|75\/100 brn|[from] item: Leftovers\n|-damage|p1a: Seattle 11|69\/100 brn|[from] brn\n|upkeep\n|turn|10\n|\n|t:|1699148734\n|switch|p2a: The Epoch|Skarmory, F|100\/100\n|move|p1a: Seattle 11|Toxic|p2a: The Epoch|[miss]\n|-miss|p1a: Seattle 11|p2a: The Epoch\n|\n|-heal|p1a: Seattle 11|75\/100 brn|[from] item: Leftovers\n|-damage|p1a: Seattle 11|69\/100 brn|[from] brn\n|upkeep\n|turn|11\n|\n|t:|1699148747\n|move|p2a: The Epoch|Body Press|p1a: Seattle 11\n|-crit|p1a: Seattle 11\n|-damage|p1a: Seattle 11|37\/100 brn\n|move|p1a: Seattle 11|Scald|p2a: The Epoch\n|-damage|p2a: The Epoch|75\/100\n|-status|p2a: The Epoch|brn\n|\n|-heal|p1a: Seattle 11|43\/100 brn|[from] item: Leftovers\n|-damage|p2a: The Epoch|69\/100 brn|[from] brn\n|-damage|p1a: Seattle 11|37\/100 brn|[from] brn\n|upkeep\n|turn|12\n|inactive|DarthBowser151 has 240 seconds left.\n|\n|t:|1699148771\n|move|p2a: The Epoch|Roost|p2a: The Epoch\n|-heal|p2a: The Epoch|100\/100 brn\n|-singleturn|p2a: The Epoch|move: Roost\n|move|p1a: Seattle 11|Recover|p1a: Seattle 11\n|-heal|p1a: Seattle 11|87\/100 brn\n|\n|-heal|p1a: Seattle 11|93\/100 brn|[from] item: Leftovers\n|-damage|p2a: The Epoch|95\/100 brn|[from] brn\n|-damage|p1a: Seattle 11|87\/100 brn|[from] brn\n|upkeep\n|turn|13\n|inactive|DarthBowser151 has 240 seconds left.\n|\n|t:|1699148783\n|move|p2a: The Epoch|Stealth Rock|p1a: Seattle 11\n|-sidestart|p1: thewerehog88|move: Stealth Rock\n|move|p1a: Seattle 11|Scald|p2a: The Epoch\n|-damage|p2a: The Epoch|66\/100 brn\n|\n|-heal|p1a: Seattle 11|93\/100 brn|[from] item: Leftovers\n|-damage|p2a: The Epoch|60\/100 brn|[from] brn\n|-damage|p1a: Seattle 11|87\/100 brn|[from] brn\n|upkeep\n|turn|14\n|\n|t:|1699148793\n|move|p2a: The Epoch|Roost|p2a: The Epoch\n|-heal|p2a: The Epoch|100\/100 brn\n|-singleturn|p2a: The Epoch|move: Roost\n|move|p1a: Seattle 11|Scald|p2a: The Epoch\n|-damage|p2a: The Epoch|76\/100 brn\n|\n|-heal|p1a: Seattle 11|93\/100 brn|[from] item: Leftovers\n|-damage|p2a: The Epoch|70\/100 brn|[from] brn\n|-damage|p1a: Seattle 11|87\/100 brn|[from] brn\n|upkeep\n|turn|15\n|inactive|DarthBowser151 has 240 seconds left.\n|\n|t:|1699148810\n|move|p1a: Seattle 11|Scald|p2a: The Epoch\n|-damage|p2a: The Epoch|44\/100 brn\n|move|p2a: The Epoch|Whirlwind|p1a: Seattle 11\n|drag|p1a: Seattle 9|Latias, F|100\/100\n|-damage|p1a: Seattle 9|88\/100|[from] Stealth Rock\n|\n|-damage|p2a: The Epoch|38\/100 brn|[from] brn\n|upkeep\n|turn|16\n|inactive|DarthBowser151 has 240 seconds left.\n|\n|t:|1699148823\n|switch|p2a: Tom Fawkes|Quagsire, F|100\/100\n|move|p1a: Seattle 9|Mystical Fire|p2a: Tom Fawkes\n|-resisted|p2a: Tom Fawkes\n|-damage|p2a: Tom Fawkes|81\/100\n|-unboost|p2a: Tom Fawkes|spa|1\n|-damage|p1a: Seattle 9|78\/100|[from] item: Life Orb\n|\n|-heal|p2a: Tom Fawkes|88\/100|[from] item: Leftovers\n|upkeep\n|turn|17\n|inactive|DarthBowser151 has 240 seconds left.\n|\n|t:|1699148834\n|move|p1a: Seattle 9|Draco Meteor|p2a: Tom Fawkes\n|-damage|p2a: Tom Fawkes|0 fnt\n|-unboost|p1a: Seattle 9|spa|2\n|faint|p2a: Tom Fawkes\n|-damage|p1a: Seattle 9|68\/100|[from] item: Life Orb\n|\n|upkeep\n|inactive|DarthBowser151 has 240 seconds left.\n|inactive|DarthBowser151 has 210 seconds left.\n|inactive|DarthBowser151 has 180 seconds left.\n|\n|t:|1699148906\n|switch|p2a: Himbo|Buzzwole|100\/100\n|turn|18\n|inactive|DarthBowser151 has 180 seconds left.\n|\n|t:|1699148914\n|switch|p1a: Rotom-Seattle|Rotom-Heat|100\/100\n|move|p2a: Himbo|Bulk Up|p2a: Himbo\n|-boost|p2a: Himbo|atk|1\n|-boost|p2a: Himbo|def|1\n|\n|upkeep\n|turn|19\n|inactive|DarthBowser151 has 180 seconds left.\n|\n|t:|1699148948\n|switch|p2a: The Epoch|Skarmory, F|38\/100 brn\n|move|p1a: Rotom-Seattle|Will-O-Wisp|p2a: The Epoch\n|-fail|p2a: The Epoch|brn\n|\n|-damage|p2a: The Epoch|32\/100 brn|[from] brn\n|upkeep\n|turn|20\n|\n|t:|1699148969\n|move|p1a: Rotom-Seattle|Volt Switch|p2a: The Epoch\n|-supereffective|p2a: The Epoch\n|-damage|p2a: The Epoch|0 fnt\n|faint|p2a: The Epoch\n|inactive|thewerehog88 has 270 seconds left.\n|\n|t:|1699149001\n|switch|p1a: Seattle 8|Scizor, M|57\/100|[from] Volt Switch\n|-damage|p1a: Seattle 8|44\/100|[from] Stealth Rock\n|\n|upkeep\n|\n|t:|1699149008\n|switch|p2a: Bake Them Cookies!|Rotom-Heat|100\/100\n|turn|21\n|\n|t:|1699149030\n|move|p2a: Bake Them Cookies!|Will-O-Wisp|p1a: Seattle 8\n|-status|p1a: Seattle 8|brn\n|move|p1a: Seattle 8|U-turn|p2a: Bake Them Cookies!\n|-resisted|p2a: Bake Them Cookies!\n|-damage|p2a: Bake Them Cookies!|85\/100\n|-damage|p1a: Seattle 8|34\/100 brn|[from] item: Life Orb\n|\n|t:|1699149038\n|switch|p1a: Rotom-Seattle|Rotom-Heat|100\/100|[from] U-turn\n|\n|upkeep\n|turn|22\n|\n|t:|1699149051\n|move|p2a: Bake Them Cookies!|Discharge|p1a: Rotom-Seattle\n|-resisted|p1a: Rotom-Seattle\n|-crit|p1a: Rotom-Seattle\n|-damage|p1a: Rotom-Seattle|72\/100\n|move|p1a: Rotom-Seattle|Defog|p2a: Bake Them Cookies!\n|-unboost|p2a: Bake Them Cookies!|evasion|1\n|-sideend|p1: thewerehog88|Stealth Rock|[from] move: Defog|[of] p1a: Rotom-Seattle\n|\n|upkeep\n|turn|23\n|\n|t:|1699149065\n|move|p2a: Bake Them Cookies!|Discharge|p1a: Rotom-Seattle\n|-resisted|p1a: Rotom-Seattle\n|-damage|p1a: Rotom-Seattle|52\/100\n|move|p1a: Rotom-Seattle|Volt Switch|p2a: Bake Them Cookies!\n|-resisted|p2a: Bake Them Cookies!\n|-damage|p2a: Bake Them Cookies!|64\/100\n|inactive|thewerehog88 has 240 seconds left.\n|\n|t:|1699149091\n|switch|p1a: Seattle 8|Scizor, M|34\/100 brn|[from] Volt Switch\n|\n|-damage|p1a: Seattle 8|28\/100 brn|[from] brn\n|upkeep\n|turn|24\n|\n|t:|1699149101\n|move|p1a: Seattle 8|Bullet Punch|p2a: Bake Them Cookies!\n|-resisted|p2a: Bake Them Cookies!\n|-damage|p2a: Bake Them Cookies!|57\/100\n|-damage|p1a: Seattle 8|18\/100 brn|[from] item: Life Orb\n|move|p2a: Bake Them Cookies!|Discharge|p1a: Seattle 8\n|-damage|p1a: Seattle 8|0 fnt\n|faint|p1a: Seattle 8\n|\n|upkeep\n|\n|t:|1699149103\n|switch|p1a: Rotom-Seattle|Rotom-Heat|52\/100\n|turn|25\n|inactive|DarthBowser151 has 180 seconds left.\n|\n|t:|1699149113\n|move|p2a: Bake Them Cookies!|Discharge|p1a: Rotom-Seattle\n|-resisted|p1a: Rotom-Seattle\n|-damage|p1a: Rotom-Seattle|31\/100\n|move|p1a: Rotom-Seattle|Volt Switch|p2a: Bake Them Cookies!\n|-resisted|p2a: Bake Them Cookies!\n|-damage|p2a: Bake Them Cookies!|37\/100\n|\n|t:|1699149134\n|switch|p1a: Seattle 11|Quagsire, M|87\/100 brn|[from] Volt Switch\n|\n|-heal|p1a: Seattle 11|93\/100 brn|[from] item: Leftovers\n|-damage|p1a: Seattle 11|87\/100 brn|[from] brn\n|upkeep\n|turn|26\n|inactive|DarthBowser151 has 180 seconds left.\n|\n|t:|1699149152\n|switch|p2a: Just a Pokeball|Electrode|15\/100\n|move|p1a: Seattle 11|Scald|p2a: Just a Pokeball\n|-damage|p2a: Just a Pokeball|0 fnt\n|faint|p2a: Just a Pokeball\n|\n|-heal|p1a: Seattle 11|93\/100 brn|[from] item: Leftovers\n|-damage|p1a: Seattle 11|87\/100 brn|[from] brn\n|upkeep\n|inactive|DarthBowser151 has 180 seconds left.\n|\n|t:|1699149163\n|switch|p2a: Himbo|Buzzwole|100\/100\n|turn|27\n|inactive|DarthBowser151 has 180 seconds left.\n|\n|t:|1699149179\n|move|p2a: Himbo|Drain Punch|p1a: Seattle 11\n|-damage|p1a: Seattle 11|50\/100 brn\n|move|p1a: Seattle 11|Toxic|p2a: Himbo\n|-status|p2a: Himbo|tox\n|\n|-heal|p1a: Seattle 11|56\/100 brn|[from] item: Leftovers\n|-damage|p2a: Himbo|94\/100 tox|[from] psn\n|-damage|p1a: Seattle 11|50\/100 brn|[from] brn\n|upkeep\n|turn|28\n|inactive|DarthBowser151 has 180 seconds left.\n|\n|t:|1699149189\n|-terastallize|p1a: Seattle 11|Poison\n|move|p2a: Himbo|Bulk Up|p2a: Himbo\n|-boost|p2a: Himbo|atk|1\n|-boost|p2a: Himbo|def|1\n|move|p1a: Seattle 11|Recover|p1a: Seattle 11\n|-heal|p1a: Seattle 11|99\/100 brn\n|\n|-heal|p1a: Seattle 11|100\/100 brn|[from] item: Leftovers\n|-damage|p2a: Himbo|82\/100 tox|[from] psn\n|-damage|p1a: Seattle 11|94\/100 brn|[from] brn\n|upkeep\n|turn|29\n|inactive|DarthBowser151 has 180 seconds left.\n|\n|t:|1699149217\n|move|p2a: Himbo|Ice Punch|p1a: Seattle 11\n|-damage|p1a: Seattle 11|59\/100 brn\n|move|p1a: Seattle 11|Haze|p1a: Seattle 11\n|-clearallboost\n|\n|-heal|p1a: Seattle 11|65\/100 brn|[from] item: Leftovers\n|-damage|p2a: Himbo|63\/100 tox|[from] psn\n|-damage|p1a: Seattle 11|59\/100 brn|[from] brn\n|upkeep\n|turn|30\n|\n|t:|1699149233\n|move|p2a: Himbo|Drain Punch|p1a: Seattle 11\n|-resisted|p1a: Seattle 11\n|-damage|p1a: Seattle 11|41\/100 brn\n|-heal|p2a: Himbo|72\/100 tox|[from] drain|[of] p1a: Seattle 11\n|move|p1a: Seattle 11|Recover|p1a: Seattle 11\n|-heal|p1a: Seattle 11|91\/100 brn\n|\n|-heal|p1a: Seattle 11|97\/100 brn|[from] item: Leftovers\n|-damage|p2a: Himbo|47\/100 tox|[from] psn\n|-damage|p1a: Seattle 11|91\/100 brn|[from] brn\n|upkeep\n|turn|31\n|inactive|thewerehog88 has 270 seconds left.\n|\n|t:|1699149246\n|move|p2a: Himbo|Ice Punch|p1a: Seattle 11\n|-damage|p1a: Seattle 11|65\/100 brn\n|move|p1a: Seattle 11|Scald|p2a: Himbo\n|-crit|p2a: Himbo\n|-damage|p2a: Himbo|10\/100 tox\n|\n|-heal|p1a: Seattle 11|72\/100 brn|[from] item: Leftovers\n|-damage|p2a: Himbo|0 fnt|[from] psn\n|faint|p2a: Himbo\n|-damage|p1a: Seattle 11|65\/100 brn|[from] brn\n|upkeep\n|inactive|DarthBowser151 has 150 seconds left.\n|\n|t:|1699149257\n|switch|p2a: Bake Them Cookies!|Rotom-Heat|37\/100\n|turn|32\n|inactive|DarthBowser151 has 150 seconds left.\n|\n|t:|1699149268\n|move|p2a: Bake Them Cookies!|Overheat|p1a: Seattle 11\n|-damage|p1a: Seattle 11|0 fnt\n|-unboost|p2a: Bake Them Cookies!|spa|2\n|faint|p1a: Seattle 11\n|\n|upkeep\n|\n|t:|1699149276\n|switch|p1a: Rotom-Seattle|Rotom-Heat|31\/100\n|turn|33\n|\n|t:|1699149285\n|move|p2a: Bake Them Cookies!|Discharge|p1a: Rotom-Seattle\n|-resisted|p1a: Rotom-Seattle\n|-damage|p1a: Rotom-Seattle|22\/100\n|move|p1a: Rotom-Seattle|Volt Switch|p2a: Bake Them Cookies!\n|-resisted|p2a: Bake Them Cookies!\n|-damage|p2a: Bake Them Cookies!|16\/100\n|\n|t:|1699149299\n|switch|p1a: Seattle 10|Breloom, M|100\/100|[from] Volt Switch\n|\n|upkeep\n|turn|34\n|\n|t:|1699149319\n|move|p1a: Seattle 10|Mach Punch|p2a: Bake Them Cookies!\n|-damage|p2a: Bake Them Cookies!|0 fnt\n|faint|p2a: Bake Them Cookies!\n|\n|win|thewerehog88\n|l| Completeanimefan\n","uploadtime":1699149334,"views":8,"p1id":"thewerehog88","p2id":"darthbowser151","formatid":"gen9nationaldexubers","rating":0,"private":0,"password":""}