{"id":"gen9nationaldexubers-1983803860","p1":"Kalwyn","p2":"yvucfuyigvl","format":"[Gen 9] National Dex Ubers","log":"|j|\u2606Kalwyn\n|j|\u2606yvucfuyigvl\n|t:|1699184164\n|gametype|singles\n|player|p1|Kalwyn|proton|1137\n|player|p2|yvucfuyigvl|roark|1174\n|teamsize|p1|6\n|teamsize|p2|6\n|gen|9\n|tier|[Gen 9] National Dex Ubers\n|rated|\n|rule|HP Percentage Mod: HP is shown in percentages\n|rule|Endless Battle Clause: Forcing endless battles is banned\n|rule|OHKO Clause: OHKO moves are banned\n|rule|Evasion Moves Clause: Evasion moves are banned\n|rule|Evasion Items Clause: Evasion items are banned\n|rule|Species Clause: Limit one of each Pok\u00e9mon\n|rule|Sleep Clause Mod: Limit one foe put to sleep\n|rule|Mega Rayquaza Clause: You cannot mega evolve Rayquaza\n|clearpoke\n|poke|p1|Cetitan, M|\n|poke|p1|Tyrantrum, M|\n|poke|p1|Sharpedo, F|\n|poke|p1|Aerodactyl, F|\n|poke|p1|Malamar, M|\n|poke|p1|Dondozo, M|\n|poke|p2|Tyranitar, M|\n|poke|p2|Garganacl, M|\n|poke|p2|Aggron, M|\n|poke|p2|Glimmora, M|\n|poke|p2|Cradily, M|\n|poke|p2|Probopass, L1, M|\n|teampreview\n|\n|t:|1699184185\n|start\n|switch|p1a: Ghost|Tyrantrum, M, shiny|100\/100\n|switch|p2a: Glimmora|Glimmora, M|100\/100\n|turn|1\n|c|\u2606yvucfuyigvl|HIT ME\n|\n|t:|1699184196\n|move|p2a: Glimmora|Earth Power|p1a: Ghost\n|-supereffective|p1a: Ghost\n|-damage|p1a: Ghost|0 fnt\n|faint|p1a: Ghost\n|\n|upkeep\n|\n|t:|1699184203\n|switch|p1a: ClearSky|Aerodactyl, F, shiny|100\/100\n|turn|2\n|c|\u2606yvucfuyigvl|damn you're weak\n|\n|t:|1699184208\n|switch|p2a: Cradily|Cradily, M|100\/100\n|move|p1a: ClearSky|Hone Claws|p1a: ClearSky\n|-boost|p1a: ClearSky|atk|1\n|-boost|p1a: ClearSky|accuracy|1\n|\n|upkeep\n|turn|3\n|\n|t:|1699184216\n|move|p1a: ClearSky|Dual Wingbeat|p2a: Cradily\n|-damage|p2a: Cradily|78\/100\n|-damage|p2a: Cradily|53\/100\n|-hitcount|p2a: Cradily|2\n|-damage|p1a: ClearSky|91\/100|[from] item: Life Orb\n|move|p2a: Cradily|Leech Seed|p1a: ClearSky\n|-start|p1a: ClearSky|move: Leech Seed\n|\n|-damage|p1a: ClearSky|78\/100|[from] Leech Seed|[of] p2a: Cradily\n|-heal|p2a: Cradily|63\/100|[silent]\n|upkeep\n|turn|4\n|\n|t:|1699184226\n|move|p1a: ClearSky|Hone Claws|p1a: ClearSky\n|-boost|p1a: ClearSky|atk|1\n|-boost|p1a: ClearSky|accuracy|1\n|move|p2a: Cradily|Infestation|p1a: ClearSky\n|-resisted|p1a: ClearSky\n|-damage|p1a: ClearSky|76\/100\n|-activate|p1a: ClearSky|move: Infestation|[of] p2a: Cradily\n|\n|-damage|p1a: ClearSky|64\/100|[from] Leech Seed|[of] p2a: Cradily\n|-heal|p2a: Cradily|73\/100|[silent]\n|-damage|p1a: ClearSky|47\/100|[from] move: Infestation|[partiallytrapped]\n|upkeep\n|turn|5\n|\n|t:|1699184237\n|switch|p2a: Aggron|Aggron, M|100\/100\n|move|p1a: ClearSky|Dual Wingbeat|p2a: Aggron\n|-resisted|p2a: Aggron\n|-damage|p2a: Aggron|95\/100\n|-resisted|p2a: Aggron\n|-damage|p2a: Aggron|89\/100\n|-hitcount|p2a: Aggron|2\n|-damage|p1a: ClearSky|37\/100|[from] item: Life Orb\n|\n|-damage|p1a: ClearSky|25\/100|[from] Leech Seed|[of] p2a: Aggron\n|-heal|p2a: Aggron|99\/100|[silent]\n|-end|p1a: ClearSky|Infestation|[partiallytrapped]|[silent]\n|upkeep\n|turn|6\n|\n|t:|1699184249\n|detailschange|p2a: Aggron|Aggron-Mega, M\n|-mega|p2a: Aggron|Aggron|Aggronite\n|move|p1a: ClearSky|Earthquake|p2a: Aggron\n|-supereffective|p2a: Aggron\n|-damage|p2a: Aggron|52\/100\n|-damage|p1a: ClearSky|15\/100|[from] item: Life Orb\n|move|p2a: Aggron|Iron Defense|p2a: Aggron\n|-boost|p2a: Aggron|def|2\n|\n|-damage|p1a: ClearSky|2\/100|[from] Leech Seed|[of] p2a: Aggron\n|-heal|p2a: Aggron|63\/100|[silent]\n|upkeep\n|turn|7\n|\n|t:|1699184261\n|move|p1a: ClearSky|Earthquake|p2a: Aggron\n|-supereffective|p2a: Aggron\n|-damage|p2a: Aggron|41\/100\n|-damage|p1a: ClearSky|0 fnt|[from] item: Life Orb\n|faint|p1a: ClearSky\n|move|p2a: Aggron|Rest|p2a: Aggron\n|-status|p2a: Aggron|slp|[from] move: Rest\n|-heal|p2a: Aggron|100\/100 slp|[silent]\n|\n|upkeep\n|\n|t:|1699184270\n|switch|p1a: Sahalis|Dondozo, M|100\/100\n|turn|8\n|\n|t:|1699184282\n|switch|p2a: Tyranitar|Tyranitar, M|100\/100\n|-weather|Sandstorm|[from] ability: Sand Stream|[of] p2a: Tyranitar\n|move|p1a: Sahalis|Curse|p1a: Sahalis\n|-unboost|p1a: Sahalis|spe|1\n|-boost|p1a: Sahalis|atk|1\n|-boost|p1a: Sahalis|def|1\n|\n|-weather|Sandstorm|[upkeep]\n|-damage|p1a: Sahalis|94\/100|[from] Sandstorm\n|-heal|p1a: Sahalis|100\/100|[from] item: Leftovers\n|upkeep\n|turn|9\n|c|\u2606yvucfuyigvl|no leftovers for you\n|\n|t:|1699184294\n|move|p2a: Tyranitar|Knock Off|p1a: Sahalis\n|-damage|p1a: Sahalis|89\/100\n|-enditem|p1a: Sahalis|Leftovers|[from] move: Knock Off|[of] p2a: Tyranitar\n|move|p1a: Sahalis|Curse|p1a: Sahalis\n|-unboost|p1a: Sahalis|spe|1\n|-boost|p1a: Sahalis|atk|1\n|-boost|p1a: Sahalis|def|1\n|\n|-weather|Sandstorm|[upkeep]\n|-damage|p1a: Sahalis|82\/100|[from] Sandstorm\n|upkeep\n|turn|10\n|\n|t:|1699184304\n|move|p1a: Sahalis|Curse|p1a: Sahalis\n|-unboost|p1a: Sahalis|spe|1\n|-boost|p1a: Sahalis|atk|1\n|-boost|p1a: Sahalis|def|1\n|move|p2a: Tyranitar|Dragon Tail|p1a: Sahalis\n|-damage|p1a: Sahalis|79\/100\n|drag|p1a: Alfred|Malamar, M, shiny|100\/100\n|\n|-weather|Sandstorm|[upkeep]\n|-damage|p1a: Alfred|94\/100|[from] Sandstorm\n|-heal|p1a: Alfred|100\/100|[from] item: Leftovers\n|upkeep\n|turn|11\n|\n|t:|1699184316\n|switch|p2a: Glimmora|Glimmora, M|100\/100\n|move|p1a: Alfred|Acupressure|p1a: Alfred\n|-boost|p1a: Alfred|spa|2\n|\n|-weather|Sandstorm|[upkeep]\n|-damage|p1a: Alfred|94\/100|[from] Sandstorm\n|-heal|p1a: Alfred|100\/100|[from] item: Leftovers\n|upkeep\n|turn|12\n|c|\u2606yvucfuyigvl|woah\n|\n|t:|1699184328\n|move|p2a: Glimmora|Mortal Spin|p1a: Alfred\n|-damage|p1a: Alfred|97\/100\n|-status|p1a: Alfred|psn\n|move|p1a: Alfred|Acupressure|p1a: Alfred\n|-boost|p1a: Alfred|evasion|2\n|\n|-weather|none\n|-heal|p1a: Alfred|100\/100 psn|[from] item: Leftovers\n|-damage|p1a: Alfred|88\/100 psn|[from] psn\n|upkeep\n|turn|13\n|c|\u2606yvucfuyigvl|how do i kill this thing\n|\n|t:|1699184353\n|switch|p2a: Garganacl|Garganacl, M|100\/100\n|move|p1a: Alfred|Acupressure|p1a: Alfred\n|-boost|p1a: Alfred|spa|2\n|\n|-heal|p1a: Alfred|94\/100 psn|[from] item: Leftovers\n|-damage|p1a: Alfred|82\/100 psn|[from] psn\n|upkeep\n|turn|14\n|\n|t:|1699184364\n|move|p1a: Alfred|Stored Power|p2a: Garganacl\n|-damage|p2a: Garganacl|26\/100\n|-enditem|p2a: Garganacl|Maranga Berry|[eat]\n|-boost|p2a: Garganacl|spd|1|[from] item: Maranga Berry\n|move|p2a: Garganacl|Salt Cure|p1a: Alfred\n|-damage|p1a: Alfred|71\/100 psn\n|-start|p1a: Alfred|Salt Cure\n|\n|-heal|p1a: Alfred|77\/100 psn|[from] item: Leftovers\n|-damage|p1a: Alfred|65\/100 psn|[from] psn\n|-damage|p1a: Alfred|52\/100 psn|[from] Salt Cure\n|upkeep\n|turn|15\n|c|\u2606yvucfuyigvl|aw hell nah\n|\n|t:|1699184388\n|move|p1a: Alfred|Acupressure|p1a: Alfred\n|-boost|p1a: Alfred|atk|2\n|move|p2a: Garganacl|Recover|p2a: Garganacl\n|-heal|p2a: Garganacl|76\/100\n|\n|-heal|p1a: Alfred|58\/100 psn|[from] item: Leftovers\n|-damage|p1a: Alfred|46\/100 psn|[from] psn\n|-damage|p1a: Alfred|33\/100 psn|[from] Salt Cure\n|upkeep\n|turn|16\n|\n|t:|1699184399\n|switch|p2a: Tyranitar|Tyranitar, M|100\/100\n|-weather|Sandstorm|[from] ability: Sand Stream|[of] p2a: Tyranitar\n|move|p1a: Alfred|Rest|p1a: Alfred\n|-status|p1a: Alfred|slp|[from] move: Rest\n|-heal|p1a: Alfred|100\/100 slp|[silent]\n|\n|-weather|Sandstorm|[upkeep]\n|-damage|p1a: Alfred|94\/100 slp|[from] Sandstorm\n|-heal|p1a: Alfred|100\/100 slp|[from] item: Leftovers\n|-damage|p1a: Alfred|88\/100 slp|[from] Salt Cure\n|upkeep\n|turn|17\n|c|\u2606yvucfuyigvl|u got skills\n|\n|t:|1699184415\n|cant|p1a: Alfred|slp\n|move|p1a: Alfred|Sleep Talk|p1a: Alfred\n|move|p1a: Alfred|Acupressure|p1a: Alfred|[from]move: Sleep Talk\n|-boost|p1a: Alfred|accuracy|2\n|move|p2a: Tyranitar|Dragon Tail|p1a: Alfred\n|-crit|p1a: Alfred\n|-damage|p1a: Alfred|70\/100 slp\n|-activate|p1a: Alfred|ability: Suction Cups\n|\n|-weather|Sandstorm|[upkeep]\n|-damage|p1a: Alfred|64\/100 slp|[from] Sandstorm\n|-heal|p1a: Alfred|70\/100 slp|[from] item: Leftovers\n|-damage|p1a: Alfred|57\/100 slp|[from] Salt Cure\n|upkeep\n|turn|18\n|c|\u2606yvucfuyigvl|NOOOOOOOOOOO\n|\n|t:|1699184433\n|cant|p1a: Alfred|slp\n|move|p1a: Alfred|Sleep Talk|p1a: Alfred\n|move|p1a: Alfred|Acupressure|p1a: Alfred|[from]move: Sleep Talk\n|-boost|p1a: Alfred|spe|2\n|move|p2a: Tyranitar|Knock Off|p1a: Alfred|[miss]\n|-miss|p2a: Tyranitar|p1a: Alfred\n|\n|-weather|Sandstorm|[upkeep]\n|-damage|p1a: Alfred|51\/100 slp|[from] Sandstorm\n|-heal|p1a: Alfred|57\/100 slp|[from] item: Leftovers\n|-damage|p1a: Alfred|45\/100 slp|[from] Salt Cure\n|upkeep\n|turn|19\n|c|\u2606yvucfuyigvl|NOOOOOOOOOOO\n|\n|t:|1699184447\n|-curestatus|p1a: Alfred|slp|[msg]\n|move|p1a: Alfred|Acupressure|p1a: Alfred\n|-boost|p1a: Alfred|spd|2\n|move|p2a: Tyranitar|Knock Off|p1a: Alfred|[miss]\n|-miss|p2a: Tyranitar|p1a: Alfred\n|\n|-weather|Sandstorm|[upkeep]\n|-damage|p1a: Alfred|39\/100|[from] Sandstorm\n|-heal|p1a: Alfred|45\/100|[from] item: Leftovers\n|-damage|p1a: Alfred|32\/100|[from] Salt Cure\n|upkeep\n|turn|20\n|c|\u2606yvucfuyigvl|NOOOOOOOOOOOO\n|\n|t:|1699184459\n|move|p1a: Alfred|Rest|p1a: Alfred\n|-status|p1a: Alfred|slp|[from] move: Rest\n|-heal|p1a: Alfred|100\/100 slp|[silent]\n|move|p2a: Tyranitar|Knock Off|p1a: Alfred\n|-damage|p1a: Alfred|72\/100 slp\n|-enditem|p1a: Alfred|Leftovers|[from] move: Knock Off|[of] p2a: Tyranitar\n|\n|-weather|none\n|-damage|p1a: Alfred|59\/100 slp|[from] Salt Cure\n|upkeep\n|turn|21\n|\n|t:|1699184479\n|cant|p1a: Alfred|slp\n|move|p1a: Alfred|Sleep Talk|p1a: Alfred\n|move|p1a: Alfred|Rest||[from]move: Sleep Talk|[still]\n|-fail|p1a: Alfred\n|move|p2a: Tyranitar|Rock Blast|p1a: Alfred\n|-damage|p1a: Alfred|52\/100 slp\n|-damage|p1a: Alfred|43\/100 slp\n|-damage|p1a: Alfred|35\/100 slp\n|-hitcount|p1a: Alfred|3\n|\n|-damage|p1a: Alfred|23\/100 slp|[from] Salt Cure\n|upkeep\n|turn|22\n|c|\u2606yvucfuyigvl|EZ\n|\n|t:|1699184495\n|cant|p1a: Alfred|slp\n|move|p1a: Alfred|Sleep Talk|p1a: Alfred\n|move|p1a: Alfred|Acupressure|p1a: Alfred|[from]move: Sleep Talk\n|-boost|p1a: Alfred|spd|2\n|move|p2a: Tyranitar|Rock Blast|p1a: Alfred\n|-damage|p1a: Alfred|14\/100 slp\n|-damage|p1a: Alfred|6\/100 slp\n|-damage|p1a: Alfred|0 fnt\n|faint|p1a: Alfred\n|-hitcount|p1: Alfred|3\n|\n|upkeep\n|\n|t:|1699184513\n|switch|p1a: Aijin|Sharpedo, F, shiny|100\/100\n|turn|23\n|\n|t:|1699184552\n|switch|p2a: Aggron|Aggron-Mega, M|100\/100 slp\n|move|p1a: Aijin|Protect||[still]\n|-fail|p1a: Aijin\n|\n|-ability|p1a: Aijin|Speed Boost|boost\n|-boost|p1a: Aijin|spe|1\n|upkeep\n|turn|24\n|\n|t:|1699184561\n|move|p1a: Aijin|Protect|p1a: Aijin\n|-singleturn|p1a: Aijin|Protect\n|cant|p2a: Aggron|slp\n|move|p2a: Aggron|Sleep Talk|p2a: Aggron\n|move|p2a: Aggron|Iron Defense|p2a: Aggron|[from]move: Sleep Talk\n|-boost|p2a: Aggron|def|2\n|\n|-ability|p1a: Aijin|Speed Boost|boost\n|-boost|p1a: Aijin|spe|1\n|upkeep\n|turn|25\n|c|\u2606yvucfuyigvl|MY TURN TO SLEEP\n|\n|t:|1699184575\n|detailschange|p1a: Aijin|Sharpedo-Mega, F, shiny\n|-mega|p1a: Aijin|Sharpedo|Sharpedonite\n|move|p1a: Aijin|Crunch|p2a: Aggron\n|-damage|p2a: Aggron|87\/100 slp\n|cant|p2a: Aggron|slp\n|move|p2a: Aggron|Sleep Talk|p2a: Aggron\n|move|p2a: Aggron|Rest||[from]move: Sleep Talk|[still]\n|-fail|p2a: Aggron\n|\n|upkeep\n|turn|26\n|\n|t:|1699184586\n|move|p1a: Aijin|Protect|p1a: Aijin\n|-singleturn|p1a: Aijin|Protect\n|-curestatus|p2a: Aggron|slp|[msg]\n|move|p2a: Aggron|Body Press|p1a: Aijin\n|-activate|p1a: Aijin|move: Protect\n|\n|upkeep\n|turn|27\n|\n|t:|1699184641\n|move|p1a: Aijin|Crunch|p2a: Aggron\n|-damage|p2a: Aggron|72\/100\n|move|p2a: Aggron|Body Press|p1a: Aijin\n|-supereffective|p1a: Aijin\n|-damage|p1a: Aijin|0 fnt\n|faint|p1a: Aijin\n|\n|upkeep\n|c|\u2606yvucfuyigvl|I WANT 6-0\n|\n|t:|1699184652\n|switch|p1a: Sahalis|Dondozo, M|79\/100\n|turn|28\n|\n|t:|1699184657\n|switch|p2a: Cradily|Cradily, M|73\/100\n|move|p1a: Sahalis|Curse|p1a: Sahalis\n|-unboost|p1a: Sahalis|spe|1\n|-boost|p1a: Sahalis|atk|1\n|-boost|p1a: Sahalis|def|1\n|\n|upkeep\n|turn|29\n|\n|t:|1699184665\n|switch|p1a: Pablo|Cetitan, M|100\/100\n|move|p2a: Cradily|Leech Seed|p1a: Pablo\n|-start|p1a: Pablo|move: Leech Seed\n|\n|-damage|p1a: Pablo|88\/100|[from] Leech Seed|[of] p2a: Cradily\n|-heal|p2a: Cradily|89\/100|[silent]\n|upkeep\n|turn|30\n|\n|t:|1699184674\n|switch|p2a: Glimmora|Glimmora, M|100\/100\n|move|p1a: Pablo|Belly Drum|p1a: Pablo\n|-damage|p1a: Pablo|38\/100\n|-setboost|p1a: Pablo|atk|6|[from] move: Belly Drum\n|\n|-damage|p1a: Pablo|26\/100|[from] Leech Seed|[of] p2a: Glimmora\n|upkeep\n|turn|31\n|c|\u2606yvucfuyigvl|PLEASE HIT ME\n|\n|t:|1699184685\n|move|p2a: Glimmora|Sludge Wave|p1a: Pablo\n|-damage|p1a: Pablo|0 fnt\n|faint|p1a: Pablo\n|\n|upkeep\n|\n|t:|1699184691\n|switch|p1a: Sahalis|Dondozo, M|79\/100\n|turn|32\n|c|\u2606yvucfuyigvl|WHY WONT U HIT ME\n|\n|t:|1699184694\n|switch|p2a: Cradily|Cradily, M|89\/100\n|move|p1a: Sahalis|Curse|p1a: Sahalis\n|-unboost|p1a: Sahalis|spe|1\n|-boost|p1a: Sahalis|atk|1\n|-boost|p1a: Sahalis|def|1\n|\n|upkeep\n|turn|33\n|\n|t:|1699184702\n|move|p2a: Cradily|Leech Seed|p1a: Sahalis\n|-start|p1a: Sahalis|move: Leech Seed\n|move|p1a: Sahalis|Curse|p1a: Sahalis\n|-unboost|p1a: Sahalis|spe|1\n|-boost|p1a: Sahalis|atk|1\n|-boost|p1a: Sahalis|def|1\n|\n|-damage|p1a: Sahalis|67\/100|[from] Leech Seed|[of] p2a: Cradily\n|-heal|p2a: Cradily|100\/100|[silent]\n|upkeep\n|turn|34\n|c|\u2606Kalwyn|you're probably storm drain + you win\n|c|\u2606yvucfuyigvl|YE\n|\n|t:|1699184733\n|move|p2a: Cradily|Infestation|p1a: Sahalis\n|-damage|p1a: Sahalis|63\/100\n|-activate|p1a: Sahalis|move: Infestation|[of] p2a: Cradily\n|move|p1a: Sahalis|Curse|p1a: Sahalis\n|-unboost|p1a: Sahalis|spe|1\n|-boost|p1a: Sahalis|atk|1\n|-boost|p1a: Sahalis|def|1\n|\n|-damage|p1a: Sahalis|51\/100|[from] Leech Seed|[of] p2a: Cradily\n|-damage|p1a: Sahalis|34\/100|[from] move: Infestation|[partiallytrapped]\n|upkeep\n|turn|35\n|c|\u2606yvucfuyigvl|I AM\n|c|\u2606Kalwyn|stop yelling\n|\n|t:|1699184747\n|switch|p2a: Probopass|Probopass, L1, M|100\/100\n|move|p1a: Sahalis|Curse|p1a: Sahalis\n|-unboost|p1a: Sahalis|spe|1\n|-boost|p1a: Sahalis|atk|1\n|-boost|p1a: Sahalis|def|1\n|\n|-damage|p1a: Sahalis|22\/100|[from] Leech Seed|[of] p2a: Probopass\n|-end|p1a: Sahalis|Infestation|[partiallytrapped]|[silent]\n|upkeep\n|turn|36\n|\n|t:|1699184760\n|move|p1a: Sahalis|Rest|p1a: Sahalis\n|-status|p1a: Sahalis|slp|[from] move: Rest\n|-heal|p1a: Sahalis|100\/100 slp|[silent]\n|move|p2a: Probopass|Stealth Rock|p1a: Sahalis\n|-sidestart|p1: Kalwyn|move: Stealth Rock\n|\n|-damage|p1a: Sahalis|88\/100 slp|[from] Leech Seed|[of] p2a: Probopass\n|upkeep\n|turn|37\n|c|\u2606yvucfuyigvl|THIS LEVEL 1 IS INVINCIBLE\n|\n|t:|1699184771\n|cant|p1a: Sahalis|slp\n|move|p1a: Sahalis|Sleep Talk|p1a: Sahalis\n|move|p1a: Sahalis|Liquidation|p2a: Probopass|[from]move: Sleep Talk\n|-supereffective|p2a: Probopass\n|-ability|p2a: Probopass|Sturdy\n|-damage|p2a: Probopass|9\/100\n|move|p2a: Probopass|Pain Split|p1a: Sahalis\n|-sethp|p1a: Sahalis|44\/100 slp|[from] move: Pain Split|[silent]\n|-sethp|p2a: Probopass|100\/100|[from] move: Pain Split\n|\n|-damage|p1a: Sahalis|32\/100 slp|[from] Leech Seed|[of] p2a: Probopass\n|upkeep\n|turn|38\n|\n|t:|1699184786\n|cant|p1a: Sahalis|slp\n|move|p1a: Sahalis|Sleep Talk|p1a: Sahalis\n|move|p1a: Sahalis|Rest||[from]move: Sleep Talk|[still]\n|-fail|p1a: Sahalis\n|move|p2a: Probopass|Pain Split|p1a: Sahalis\n|-sethp|p1a: Sahalis|17\/100 slp|[from] move: Pain Split|[silent]\n|-sethp|p2a: Probopass|100\/100|[from] move: Pain Split\n|\n|-damage|p1a: Sahalis|5\/100 slp|[from] Leech Seed|[of] p2a: Probopass\n|upkeep\n|turn|39\n|c|\u2606yvucfuyigvl|YOU THOUGHT CRADILY WAS THE PROBLEM?\n|\n|t:|1699184802\n|-curestatus|p1a: Sahalis|slp|[msg]\n|move|p1a: Sahalis|Liquidation|p2a: Probopass\n|-supereffective|p2a: Probopass\n|-ability|p2a: Probopass|Sturdy\n|-damage|p2a: Probopass|9\/100\n|move|p2a: Probopass|Pain Split|p1a: Sahalis\n|-sethp|p1a: Sahalis|3\/100|[from] move: Pain Split|[silent]\n|-sethp|p2a: Probopass|92\/100|[from] move: Pain Split\n|\n|-damage|p1a: Sahalis|0 fnt|[from] Leech Seed|[of] p2a: Probopass\n|-heal|p2a: Probopass|100\/100|[silent]\n|faint|p1a: Sahalis\n|\n|win|yvucfuyigvl\n|upkeep\n|raw|Kalwyn's rating: 1137 &rarr; <strong>1115<\/strong><br \/>(-22 for losing)\n|raw|yvucfuyigvl's rating: 1174 &rarr; <strong>1196<\/strong><br \/>(+22 for winning)\n|c|\u2606yvucfuyigvl|NO THIS WAS THE PROBLEM\n","uploadtime":1699184817,"views":6,"p1id":"kalwyn","p2id":"yvucfuyigvl","formatid":"gen9nationaldexubers","rating":1115,"private":0,"password":""}