{"id":"gen9nationaldexubers-1990188337","p1":"Sherlock4580","p2":"Pecheur Tom","format":"[Gen 9] National Dex Ubers","log":"|j|\u2606Sherlock4580\n|j|\u2606Pecheur Tom\n|t:|1699934755\n|gametype|singles\n|player|p1|Sherlock4580|silver|1068\n|player|p2|Pecheur Tom|1|1133\n|teamsize|p1|2\n|teamsize|p2|6\n|gen|9\n|tier|[Gen 9] National Dex Ubers\n|rated|\n|rule|HP Percentage Mod: HP is shown in percentages\n|rule|Endless Battle Clause: Forcing endless battles is banned\n|rule|OHKO Clause: OHKO moves are banned\n|rule|Evasion Moves Clause: Evasion moves are banned\n|rule|Evasion Items Clause: Evasion items are banned\n|rule|Species Clause: Limit one of each Pok\u00e9mon\n|rule|Sleep Clause Mod: Limit one foe put to sleep\n|rule|Mega Rayquaza Clause: You cannot mega evolve Rayquaza\n|clearpoke\n|poke|p1|Xerneas-*|\n|poke|p1|Necrozma|\n|poke|p2|Nihilego|\n|poke|p2|Stakataka|\n|poke|p2|Celesteela|\n|poke|p2|Xurkitree|\n|poke|p2|Buzzwole|\n|poke|p2|Naganadel|\n|teampreview\n|\n|t:|1699934778\n|start\n|switch|p1a: Xerneas|Xerneas|100\/100\n|switch|p2a: Nihilego|Nihilego, shiny|100\/100\n|-item|p2a: Nihilego|Air Balloon\n|-ability|p1a: Xerneas|Fairy Aura\n|turn|1\n|\n|t:|1699934787\n|switch|p1a: Necrozma|Necrozma|100\/100\n|move|p2a: Nihilego|Sludge Bomb|p1a: Necrozma\n|-damage|p1a: Necrozma|58\/100\n|\n|upkeep\n|turn|2\n|\n|t:|1699934795\n|-terastallize|p2a: Nihilego|Water\n|move|p2a: Nihilego|Toxic Spikes|p1a: Necrozma\n|-sidestart|p1: Sherlock4580|move: Toxic Spikes\n|move|p1a: Necrozma|Photon Geyser|p2a: Nihilego\n|-damage|p2a: Nihilego|70\/100\n|-enditem|p2a: Nihilego|Air Balloon\n|\n|upkeep\n|turn|3\n|\n|t:|1699934812\n|move|p2a: Nihilego|Toxic Spikes|p1a: Necrozma\n|-sidestart|p1: Sherlock4580|move: Toxic Spikes\n|move|p1a: Necrozma|Toxic|p2a: Nihilego\n|-status|p2a: Nihilego|tox\n|\n|-damage|p2a: Nihilego|64\/100 tox|[from] psn\n|upkeep\n|turn|4\n|\n|t:|1699934820\n|move|p2a: Nihilego|Sludge Bomb|p1a: Necrozma\n|-damage|p1a: Necrozma|15\/100\n|-enditem|p1a: Necrozma|Aguav Berry|[eat]\n|-heal|p1a: Necrozma|48\/100|[from] item: Aguav Berry\n|move|p1a: Necrozma|Trick Room|p1a: Necrozma\n|-fieldstart|move: Trick Room|[of] p1a: Necrozma\n|\n|-damage|p2a: Nihilego|52\/100 tox|[from] psn\n|upkeep\n|turn|5\n|\n|t:|1699934828\n|switch|p2a: Stakataka|Stakataka, shiny|100\/100\n|-item|p2a: Stakataka|Air Balloon\n|move|p1a: Necrozma|Photon Geyser|p2a: Stakataka\n|-resisted|p2a: Stakataka\n|-damage|p2a: Stakataka|78\/100\n|-enditem|p2a: Stakataka|Air Balloon\n|\n|upkeep\n|turn|6\n|\n|t:|1699934838\n|move|p2a: Stakataka|Gyro Ball|p1a: Necrozma\n|-damage|p1a: Necrozma|0 fnt\n|faint|p1a: Necrozma\n|-ability|p2a: Stakataka|Beast Boost|boost\n|-boost|p2a: Stakataka|def|1\n|\n|upkeep\n|\n|t:|1699934840\n|switch|p1a: Xerneas|Xerneas|100\/100\n|-status|p1a: Xerneas|tox\n|-ability|p1a: Xerneas|Fairy Aura\n|turn|7\n|\n|t:|1699934849\n|move|p2a: Stakataka|Gyro Ball|p1a: Xerneas\n|-supereffective|p1a: Xerneas\n|-damage|p1a: Xerneas|0 fnt\n|faint|p1a: Xerneas\n|\n|win|Pecheur Tom\n|raw|Sherlock4580's rating: 1068 &rarr; <strong>1052<\/strong><br \/>(-16 for losing)\n|raw|Pecheur Tom's rating: 1133 &rarr; <strong>1153<\/strong><br \/>(+20 for winning)\n","uploadtime":1699934852,"views":10,"p1id":"sherlock4580","p2id":"pecheurtom","formatid":"gen9nationaldexubers","rating":1052,"private":0,"password":""}