{"id":"gen9nationaldexubers-1990491843","p1":"Zake202012","p2":"Michaussette","format":"[Gen 9] National Dex Ubers","log":"|j|\u2606Zake202012\n|j|\u2606Michaussette\n|t:|1699975811\n|gametype|singles\n|player|p1|Zake202012|n|1309\n|player|p2|Michaussette|sonia|1306\n|teamsize|p1|6\n|teamsize|p2|6\n|gen|9\n|tier|[Gen 9] National Dex Ubers\n|rated|\n|rule|HP Percentage Mod: HP is shown in percentages\n|rule|Endless Battle Clause: Forcing endless battles is banned\n|rule|OHKO Clause: OHKO moves are banned\n|rule|Evasion Moves Clause: Evasion moves are banned\n|rule|Evasion Items Clause: Evasion items are banned\n|rule|Species Clause: Limit one of each Pok\u00e9mon\n|rule|Sleep Clause Mod: Limit one foe put to sleep\n|rule|Mega Rayquaza Clause: You cannot mega evolve Rayquaza\n|clearpoke\n|poke|p1|Salamence, M|\n|poke|p1|Spectrier|\n|poke|p1|Kingambit, F|\n|poke|p1|Serperior, M|\n|poke|p1|Zangoose, M|\n|poke|p1|Arcanine-Hisui, F|\n|poke|p2|Cinderace, F|\n|poke|p2|Ho-Oh|\n|poke|p2|Skeledirge, F|\n|poke|p2|Naganadel|\n|poke|p2|Meowscarada, F|\n|poke|p2|Regieleki|\n|teampreview\n|inactive|Battle timer is ON: inactive players will automatically lose when time's up. (requested by Michaussette)\n|\n|t:|1699975824\n|start\n|switch|p1a: Salamence|Salamence, M|100\/100\n|switch|p2a: Cinderace|Cinderace, F|100\/100\n|-ability|p1a: Salamence|Intimidate|boost\n|-unboost|p2a: Cinderace|atk|1\n|turn|1\n|\n|t:|1699975836\n|detailschange|p1a: Salamence|Salamence-Mega, M\n|-mega|p1a: Salamence|Salamence|Salamencite\n|move|p2a: Cinderace|U-turn|p1a: Salamence\n|-start|p2a: Cinderace|typechange|Bug|[from] ability: Libero\n|-resisted|p1a: Salamence\n|-damage|p1a: Salamence|92\/100\n|\n|t:|1699975843\n|switch|p2a: Skeledirge|Skeledirge, F, shiny|100\/100|[from] U-turn\n|move|p1a: Salamence|Dragon Dance|p1a: Salamence\n|-boost|p1a: Salamence|atk|1\n|-boost|p1a: Salamence|spe|1\n|\n|upkeep\n|turn|2\n|\n|t:|1699975852\n|switch|p1a: Arcanine|Arcanine-Hisui, F|100\/100\n|move|p2a: Skeledirge|Yawn|p1a: Arcanine\n|-start|p1a: Arcanine|move: Yawn|[of] p2a: Skeledirge\n|\n|upkeep\n|turn|3\n|\n|t:|1699975862\n|switch|p2a: Meowscarada|Meowscarada, F, shiny|100\/100\n|move|p1a: Arcanine|Head Smash|p2a: Meowscarada\n|-damage|p2a: Meowscarada|0 fnt\n|faint|p2a: Meowscarada\n|\n|-end|p1a: Arcanine|move: Yawn|[silent]\n|-status|p1a: Arcanine|slp\n|upkeep\n|\n|t:|1699975866\n|switch|p2a: Gay bird|Ho-Oh|100\/100\n|turn|4\n|\n|t:|1699975874\n|switch|p1a: Salamence|Salamence-Mega, M|92\/100\n|move|p2a: Gay bird|Earthquake|p1a: Salamence\n|-immune|p1a: Salamence\n|\n|upkeep\n|turn|5\n|\n|t:|1699975879\n|move|p1a: Salamence|Dragon Dance|p1a: Salamence\n|-boost|p1a: Salamence|atk|1\n|-boost|p1a: Salamence|spe|1\n|move|p2a: Gay bird|Toxic|p1a: Salamence\n|-status|p1a: Salamence|tox\n|\n|-damage|p1a: Salamence|86\/100 tox|[from] psn\n|upkeep\n|turn|6\n|\n|t:|1699975883\n|switch|p2a: Skeledirge|Skeledirge, F, shiny|100\/100\n|move|p1a: Salamence|Dragon Dance|p1a: Salamence\n|-boost|p1a: Salamence|atk|1\n|-boost|p1a: Salamence|spe|1\n|\n|-damage|p1a: Salamence|74\/100 tox|[from] psn\n|upkeep\n|turn|7\n|\n|t:|1699975888\n|move|p1a: Salamence|Return|p2a: Skeledirge\n|-damage|p2a: Skeledirge|57\/100\n|-damage|p1a: Salamence|58\/100 tox|[from] item: Rocky Helmet|[of] p2a: Skeledirge\n|move|p2a: Skeledirge|Torch Song|p1a: Salamence\n|-resisted|p1a: Salamence\n|-crit|p1a: Salamence\n|-damage|p1a: Salamence|34\/100 tox\n|-boost|p2a: Skeledirge|spa|1\n|\n|-damage|p1a: Salamence|16\/100 tox|[from] psn\n|upkeep\n|turn|8\n|\n|t:|1699975894\n|move|p1a: Salamence|Iron Head|p2a: Skeledirge\n|-resisted|p2a: Skeledirge\n|-damage|p2a: Skeledirge|47\/100\n|-damage|p1a: Salamence|0 fnt|[from] item: Rocky Helmet|[of] p2a: Skeledirge\n|faint|p1a: Salamence\n|move|p2a: Skeledirge|Slack Off|p2a: Skeledirge\n|-heal|p2a: Skeledirge|98\/100\n|\n|upkeep\n|\n|t:|1699975901\n|switch|p1a: Spectrier|Spectrier|100\/100\n|turn|9\n|\n|t:|1699975906\n|switch|p2a: Gay bird|Ho-Oh|100\/100\n|move|p1a: Spectrier|Shadow Ball|p2a: Gay bird\n|-damage|p2a: Gay bird|76\/100\n|-unboost|p2a: Gay bird|spd|1\n|-damage|p1a: Spectrier|91\/100|[from] item: Life Orb\n|\n|upkeep\n|turn|10\n|\n|t:|1699975920\n|switch|p1a: Arcanine|Arcanine-Hisui, F|100\/100 slp\n|move|p2a: Gay bird|Earthquake|p1a: Arcanine\n|-supereffective|p1a: Arcanine\n|-enditem|p1a: Arcanine|Focus Sash\n|-damage|p1a: Arcanine|1\/100 slp\n|\n|upkeep\n|turn|11\n|\n|t:|1699975927\n|switch|p2a: Skeledirge|Skeledirge, F, shiny|98\/100\n|cant|p1a: Arcanine|slp\n|\n|upkeep\n|turn|12\n|\n|t:|1699975933\n|cant|p1a: Arcanine|slp\n|move|p2a: Skeledirge|Torch Song|p1a: Arcanine\n|-resisted|p1a: Arcanine\n|-damage|p1a: Arcanine|0 fnt\n|-boost|p2a: Skeledirge|spa|1\n|faint|p1a: Arcanine\n|\n|upkeep\n|\n|t:|1699975938\n|switch|p1a: Spectrier|Spectrier|91\/100\n|turn|13\n|\n|t:|1699975942\n|switch|p2a: Gay bird|Ho-Oh|100\/100\n|move|p1a: Spectrier|Shadow Ball|p2a: Gay bird\n|-damage|p2a: Gay bird|74\/100\n|-damage|p1a: Spectrier|81\/100|[from] item: Life Orb\n|\n|upkeep\n|turn|14\n|\n|t:|1699975948\n|switch|p1a: Serperior|Serperior, M|100\/100\n|move|p2a: Gay bird|Toxic|p1a: Serperior\n|-status|p1a: Serperior|tox\n|\n|-damage|p1a: Serperior|94\/100 tox|[from] psn\n|upkeep\n|turn|15\n|c|\u2606Michaussette|Doggo really wanted to sleep\n|\n|t:|1699975960\n|move|p1a: Serperior|Glare|p2a: Gay bird\n|-status|p2a: Gay bird|par\n|cant|p2a: Gay bird|par\n|\n|-heal|p1a: Serperior|100\/100 tox|[from] item: Leftovers\n|-damage|p1a: Serperior|88\/100 tox|[from] psn\n|upkeep\n|turn|16\n|\n|t:|1699975965\n|move|p1a: Serperior|Leech Seed|p2a: Gay bird\n|-start|p2a: Gay bird|move: Leech Seed\n|move|p2a: Gay bird|Brave Bird|p1a: Serperior\n|-supereffective|p1a: Serperior\n|-damage|p1a: Serperior|0 fnt\n|faint|p1a: Serperior\n|-damage|p2a: Gay bird|54\/100 par|[from] Recoil\n|\n|upkeep\n|\n|t:|1699975971\n|switch|p1a: Zangoose|Zangoose, M|100\/100\n|turn|17\n|\n|t:|1699975974\n|switch|p2a: Skeledirge|Skeledirge, F, shiny|98\/100\n|move|p1a: Zangoose|Belly Drum|p1a: Zangoose\n|-damage|p1a: Zangoose|51\/100\n|-setboost|p1a: Zangoose|atk|6|[from] move: Belly Drum\n|\n|-status|p1a: Zangoose|tox|[from] item: Toxic Orb\n|upkeep\n|turn|18\n|\n|t:|1699975981\n|move|p1a: Zangoose|Knock Off|p2a: Skeledirge\n|-supereffective|p2a: Skeledirge\n|-damage|p2a: Skeledirge|39\/100\n|-damage|p1a: Zangoose|34\/100 tox|[from] item: Rocky Helmet|[of] p2a: Skeledirge\n|-enditem|p2a: Skeledirge|Rocky Helmet|[from] move: Knock Off|[of] p1a: Zangoose\n|move|p2a: Skeledirge|Roar|p1a: Zangoose\n|drag|p1a: Spectrier|Spectrier|81\/100\n|\n|upkeep\n|turn|19\n|\n|t:|1699975991\n|switch|p2a: Gay bird|Ho-Oh|87\/100 par\n|move|p1a: Spectrier|Nasty Plot|p1a: Spectrier\n|-boost|p1a: Spectrier|spa|2\n|\n|upkeep\n|turn|20\n|\n|t:|1699975996\n|move|p1a: Spectrier|Shadow Ball|p2a: Gay bird\n|-damage|p2a: Gay bird|34\/100 par\n|-damage|p1a: Spectrier|71\/100|[from] item: Life Orb\n|move|p2a: Gay bird|Toxic|p1a: Spectrier\n|-status|p1a: Spectrier|tox\n|\n|-damage|p1a: Spectrier|64\/100 tox|[from] psn\n|upkeep\n|turn|21\n|\n|t:|1699976002\n|move|p1a: Spectrier|Shadow Ball|p2a: Gay bird\n|-damage|p2a: Gay bird|0 fnt\n|faint|p2a: Gay bird\n|-ability|p1a: Spectrier|Grim Neigh|boost\n|-boost|p1a: Spectrier|spa|1\n|-damage|p1a: Spectrier|54\/100 tox|[from] item: Life Orb\n|\n|-damage|p1a: Spectrier|42\/100 tox|[from] psn\n|upkeep\n|\n|t:|1699976008\n|switch|p2a: Regieleki|Regieleki|100\/100\n|turn|22\n|\n|t:|1699976011\n|move|p2a: Regieleki|Volt Switch|p1a: Spectrier\n|-damage|p1a: Spectrier|0 fnt\n|faint|p1a: Spectrier\n|\n|t:|1699976015\n|switch|p2a: Skeledirge|Skeledirge, F, shiny|39\/100|[from] Volt Switch\n|\n|upkeep\n|\n|t:|1699976018\n|switch|p1a: Zangoose|Zangoose, M|34\/100 tox\n|turn|23\n|\n|t:|1699976022\n|move|p1a: Zangoose|Knock Off|p2a: Skeledirge\n|-supereffective|p2a: Skeledirge\n|-damage|p2a: Skeledirge|0 fnt\n|faint|p2a: Skeledirge\n|\n|-damage|p1a: Zangoose|28\/100 tox|[from] psn\n|upkeep\n|\n|t:|1699976026\n|switch|p2a: Regieleki|Regieleki|100\/100\n|turn|24\n|\n|t:|1699976029\n|move|p1a: Zangoose|Quick Attack|p2a: Regieleki\n|-damage|p2a: Regieleki|37\/100\n|move|p2a: Regieleki|Volt Switch|p1a: Zangoose\n|-damage|p1a: Zangoose|0 fnt\n|faint|p1a: Zangoose\n|\n|t:|1699976032\n|switch|p2a: Naganadel|Naganadel|100\/100|[from] Volt Switch\n|\n|upkeep\n|\n|t:|1699976034\n|switch|p1a: Kingambit|Kingambit, F|100\/100\n|-activate|p1a: Kingambit|ability: Supreme Overlord\n|-start|p1a: Kingambit|fallen5|[silent]\n|turn|25\n|\n|t:|1699976041\n|-terastallize|p1a: Kingambit|Ghost\n|move|p2a: Naganadel|Dragon Pulse|p1a: Kingambit\n|-crit|p1a: Kingambit\n|-damage|p1a: Kingambit|10\/100\n|-damage|p2a: Naganadel|91\/100|[from] item: Life Orb\n|move|p1a: Kingambit|Swords Dance|p1a: Kingambit\n|-boost|p1a: Kingambit|atk|2\n|\n|-heal|p1a: Kingambit|17\/100|[from] item: Leftovers\n|upkeep\n|turn|26\n|\n|t:|1699976049\n|move|p1a: Kingambit|Sucker Punch|p2a: Naganadel\n|-damage|p2a: Naganadel|0 fnt\n|faint|p2a: Naganadel\n|\n|-heal|p1a: Kingambit|23\/100|[from] item: Leftovers\n|upkeep\n|\n|t:|1699976052\n|switch|p2a: Regieleki|Regieleki|37\/100\n|turn|27\n|\n|t:|1699976056\n|move|p1a: Kingambit|Sucker Punch|p2a: Regieleki\n|-damage|p2a: Regieleki|0 fnt\n|faint|p2a: Regieleki\n|\n|-heal|p1a: Kingambit|29\/100|[from] item: Leftovers\n|upkeep\n|\n|t:|1699976058\n|switch|p2a: Cinderace|Cinderace, F|100\/100\n|turn|28\n|\n|t:|1699976061\n|move|p1a: Kingambit|Sucker Punch||[still]\n|-fail|p1a: Kingambit\n|move|p2a: Cinderace|Court Change||[still]\n|-start|p2a: Cinderace|typechange|Normal|[from] ability: Libero\n|-swapsideconditions\n|-fail|p2a: Cinderace\n|\n|-heal|p1a: Kingambit|35\/100|[from] item: Leftovers\n|upkeep\n|turn|29\n|\n|t:|1699976067\n|-terastallize|p2a: Cinderace|Fire\n|move|p1a: Kingambit|Sucker Punch|p2a: Cinderace\n|-damage|p2a: Cinderace|0 fnt\n|faint|p2a: Cinderace\n|\n|win|Zake202012\n|raw|Zake202012's rating: 1309 &rarr; <strong>1329<\/strong><br \/>(+20 for winning)\n|raw|Michaussette's rating: 1306 &rarr; <strong>1286<\/strong><br \/>(-20 for losing)\n|c|\u2606Zake202012|Gg\n|l|\u2606Michaussette\n","uploadtime":1699976091,"views":10,"p1id":"zake202012","p2id":"michaussette","formatid":"gen9nationaldexubers","rating":1286,"private":0,"password":""}