{"id":"gen9nationaldexubers-1982259176","p1":"AceTheInadequate","p2":"KOAH173","format":"[Gen 9] National Dex Ubers","log":"|j|\u2606AceTheInadequate\n|j|\u2606KOAH173\n|t:|1698985751\n|gametype|singles\n|player|p1|AceTheInadequate|guitarist|\n|player|p2|KOAH173|102|\n|teamsize|p1|6\n|teamsize|p2|6\n|gen|9\n|tier|[Gen 9] National Dex Ubers\n|rule|HP Percentage Mod: HP is shown in percentages\n|rule|Endless Battle Clause: Forcing endless battles is banned\n|rule|OHKO Clause: OHKO moves are banned\n|rule|Evasion Moves Clause: Evasion moves are banned\n|rule|Evasion Items Clause: Evasion items are banned\n|rule|Species Clause: Limit one of each Pok\u00e9mon\n|rule|Sleep Clause Mod: Limit one foe put to sleep\n|rule|Mega Rayquaza Clause: You cannot mega evolve Rayquaza\n|clearpoke\n|poke|p1|Volcarona, M|\n|poke|p1|Scizor, F|\n|poke|p1|Slither Wing|\n|poke|p1|Araquanid, M|\n|poke|p1|Ribombee, M|\n|poke|p1|Galvantula, F|\n|poke|p2|Palafin, F|\n|poke|p2|Quaquaval, F|\n|poke|p2|Cloyster, F|\n|poke|p2|Gastrodon, F|\n|poke|p2|Pyukumuku, M|\n|poke|p2|Rotom-Wash|\n|teampreview\n|\n|t:|1698985777\n|start\n|switch|p1a: Jazz??|Ribombee, M|100\/100\n|switch|p2a: The Goat|Pyukumuku, M|100\/100\n|turn|1\n|\n|t:|1698985803\n|-terastallize|p1a: Jazz??|Electric\n|move|p1a: Jazz??|Tera Blast|p2a: The Goat|[anim] Tera Blast Electric\n|-supereffective|p2a: The Goat\n|-damage|p2a: The Goat|54\/100\n|move|p2a: The Goat|Soak|p1a: Jazz??\n|-fail|p1a: Jazz??\n|\n|upkeep\n|turn|2\n|\n|t:|1698985826\n|move|p1a: Jazz??|Tera Blast|p2a: The Goat|[anim] Tera Blast Electric\n|-supereffective|p2a: The Goat\n|-damage|p2a: The Goat|12\/100\n|-enditem|p2a: The Goat|Sitrus Berry|[eat]\n|-heal|p2a: The Goat|37\/100|[from] item: Sitrus Berry\n|move|p2a: The Goat|Light Screen|p2a: The Goat\n|-sidestart|p2: KOAH173|move: Light Screen\n|\n|upkeep\n|turn|3\n|\n|t:|1698985833\n|move|p1a: Jazz??|Sticky Web|p2a: The Goat\n|-sidestart|p2: KOAH173|move: Sticky Web\n|move|p2a: The Goat|Reflect|p2a: The Goat\n|-sidestart|p2: KOAH173|Reflect\n|\n|upkeep\n|turn|4\n|\n|t:|1698985860\n|move|p1a: Jazz??|Tera Blast|p2a: The Goat|[anim] Tera Blast Electric\n|-supereffective|p2a: The Goat\n|-damage|p2a: The Goat|13\/100\n|move|p2a: The Goat|Recover|p2a: The Goat\n|-heal|p2a: The Goat|63\/100\n|\n|upkeep\n|turn|5\n|\n|t:|1698985888\n|switch|p1a: McQueen|Scizor, F|100\/100\n|move|p2a: The Goat|Soak|p1a: McQueen\n|-start|p1a: McQueen|typechange|Water\n|\n|upkeep\n|turn|6\n|\n|t:|1698985893\n|switch|p2a: The Iron Lung|Rotom-Wash|100\/100\n|detailschange|p1a: McQueen|Scizor-Mega, F\n|-mega|p1a: McQueen|Scizor|Scizorite\n|move|p1a: McQueen|Swords Dance|p1a: McQueen\n|-boost|p1a: McQueen|atk|2\n|\n|-sideend|p2: KOAH173|move: Light Screen\n|upkeep\n|turn|7\n|\n|t:|1698985903\n|move|p2a: The Iron Lung|Thunderbolt|p1a: McQueen\n|-damage|p1a: McQueen|66\/100\n|move|p1a: McQueen|Swords Dance|p1a: McQueen\n|-boost|p1a: McQueen|atk|2\n|\n|-sideend|p2: KOAH173|Reflect\n|upkeep\n|turn|8\n|\n|t:|1698985916\n|move|p2a: The Iron Lung|Will-O-Wisp|p1a: McQueen\n|-status|p1a: McQueen|brn\n|move|p1a: McQueen|Trailblaze|p2a: The Iron Lung\n|-supereffective|p2a: The Iron Lung\n|-damage|p2a: The Iron Lung|0 fnt\n|-boost|p1a: McQueen|spe|1\n|faint|p2a: The Iron Lung\n|\n|-damage|p1a: McQueen|59\/100 brn|[from] brn\n|upkeep\n|\n|t:|1698985929\n|switch|p2a: Plus Ultra|Palafin, F|100\/100\n|-activate|p2a: Plus Ultra|move: Sticky Web\n|-unboost|p2a: Plus Ultra|spe|1\n|turn|9\n|\n|t:|1698985942\n|move|p2a: Plus Ultra|Jet Punch|p1a: McQueen\n|-damage|p1a: McQueen|38\/100 brn\n|move|p1a: McQueen|Roost|p1a: McQueen\n|-heal|p1a: McQueen|88\/100 brn\n|-singleturn|p1a: McQueen|move: Roost\n|\n|-damage|p1a: McQueen|82\/100 brn|[from] brn\n|upkeep\n|turn|10\n|\n|t:|1698985950\n|move|p2a: Plus Ultra|Jet Punch|p1a: McQueen\n|-crit|p1a: McQueen\n|-damage|p1a: McQueen|46\/100 brn\n|move|p1a: McQueen|Trailblaze|p2a: Plus Ultra\n|-supereffective|p2a: Plus Ultra\n|-damage|p2a: Plus Ultra|0 fnt\n|-boost|p1a: McQueen|spe|1\n|faint|p2a: Plus Ultra\n|\n|-damage|p1a: McQueen|40\/100 brn|[from] brn\n|upkeep\n|\n|t:|1698985976\n|switch|p2a: Talaba|Cloyster, F|100\/100\n|-activate|p2a: Talaba|move: Sticky Web\n|-unboost|p2a: Talaba|spe|1\n|-enditem|p2a: Talaba|White Herb\n|-clearnegativeboost|p2a: Talaba|[silent]\n|turn|11\n|\n|t:|1698985994\n|move|p1a: McQueen|Trailblaze|p2a: Talaba\n|-supereffective|p2a: Talaba\n|-damage|p2a: Talaba|13\/100\n|-boost|p1a: McQueen|spe|1\n|move|p2a: Talaba|Shell Smash|p2a: Talaba\n|-unboost|p2a: Talaba|def|1\n|-unboost|p2a: Talaba|spd|1\n|-boost|p2a: Talaba|atk|2\n|-boost|p2a: Talaba|spa|2\n|-boost|p2a: Talaba|spe|2\n|\n|-damage|p1a: McQueen|33\/100 brn|[from] brn\n|upkeep\n|turn|12\n|\n|t:|1698986009\n|move|p2a: Talaba|Ice Shard|p1a: McQueen\n|-resisted|p1a: McQueen\n|-damage|p1a: McQueen|19\/100 brn\n|move|p1a: McQueen|Bullet Punch|p2a: Talaba\n|-damage|p2a: Talaba|0 fnt\n|faint|p2a: Talaba\n|\n|-damage|p1a: McQueen|13\/100 brn|[from] brn\n|upkeep\n|j| Cross12000\n|\n|t:|1698986033\n|switch|p2a: Escargot|Gastrodon, F|100\/100\n|-activate|p2a: Escargot|move: Sticky Web\n|-unboost|p2a: Escargot|spe|1\n|turn|13\n|\n|t:|1698986037\n|move|p2a: Escargot|Protect|p2a: Escargot\n|-singleturn|p2a: Escargot|Protect\n|move|p1a: McQueen|Trailblaze|p2a: Escargot\n|-activate|p2a: Escargot|move: Protect\n|\n|-damage|p1a: McQueen|7\/100 brn|[from] brn\n|upkeep\n|turn|14\n|\n|t:|1698986045\n|move|p1a: McQueen|Roost|p1a: McQueen\n|-heal|p1a: McQueen|57\/100 brn\n|-singleturn|p1a: McQueen|move: Roost\n|move|p2a: Escargot|Yawn||[still]\n|-fail|p2a: Escargot\n|\n|-damage|p1a: McQueen|51\/100 brn|[from] brn\n|upkeep\n|turn|15\n|\n|t:|1698986082\n|move|p2a: Escargot|Protect|p2a: Escargot\n|-singleturn|p2a: Escargot|Protect\n|move|p1a: McQueen|Roost|p1a: McQueen\n|-heal|p1a: McQueen|100\/100 brn\n|-singleturn|p1a: McQueen|move: Roost\n|\n|-damage|p1a: McQueen|94\/100 brn|[from] brn\n|upkeep\n|turn|16\n|\n|t:|1698986113\n|switch|p2a: Water Walker|Quaquaval, F|100\/100\n|-activate|p2a: Water Walker|move: Sticky Web\n|-unboost|p2a: Water Walker|spe|1\n|move|p1a: McQueen|Trailblaze|p2a: Water Walker\n|-supereffective|p2a: Water Walker\n|-damage|p2a: Water Walker|0 fnt\n|-boost|p1a: McQueen|spe|1\n|faint|p2a: Water Walker\n|\n|-damage|p1a: McQueen|88\/100 brn|[from] brn\n|upkeep\n|\n|t:|1698986187\n|switch|p2a: The Goat|Pyukumuku, M|63\/100\n|-activate|p2a: The Goat|move: Sticky Web\n|-unboost|p2a: The Goat|spe|1\n|turn|17\n|\n|t:|1698986200\n|move|p1a: McQueen|Trailblaze|p2a: The Goat\n|-supereffective|p2a: The Goat\n|-damage|p2a: The Goat|33\/100\n|-boost|p1a: McQueen|spe|1\n|move|p2a: The Goat|Light Screen|p2a: The Goat\n|-sidestart|p2: KOAH173|move: Light Screen\n|\n|-damage|p1a: McQueen|82\/100 brn|[from] brn\n|upkeep\n|turn|18\n|\n|t:|1698986210\n|move|p1a: McQueen|Swords Dance|p1a: McQueen\n|-boost|p1a: McQueen|atk|2\n|move|p2a: The Goat|Recover|p2a: The Goat\n|-heal|p2a: The Goat|83\/100\n|\n|-damage|p1a: McQueen|76\/100 brn|[from] brn\n|upkeep\n|turn|19\n|\n|t:|1698986222\n|move|p1a: McQueen|Roost|p1a: McQueen\n|-heal|p1a: McQueen|100\/100 brn\n|-singleturn|p1a: McQueen|move: Roost\n|move|p2a: The Goat|Reflect|p2a: The Goat\n|-sidestart|p2: KOAH173|Reflect\n|\n|-damage|p1a: McQueen|94\/100 brn|[from] brn\n|upkeep\n|turn|20\n|\n|t:|1698986269\n|move|p1a: McQueen|Trailblaze|p2a: The Goat\n|-supereffective|p2a: The Goat\n|-damage|p2a: The Goat|69\/100\n|-boost|p1a: McQueen|spe|1\n|move|p2a: The Goat|Soak|p1a: McQueen\n|-start|p1a: McQueen|typechange|Water\n|\n|-damage|p1a: McQueen|88\/100 brn|[from] brn\n|upkeep\n|turn|21\n|\n|t:|1698986284\n|switch|p2a: Escargot|Gastrodon, F|100\/100\n|-activate|p2a: Escargot|move: Sticky Web\n|-unboost|p2a: Escargot|spe|1\n|move|p1a: McQueen|Trailblaze|p2a: Escargot\n|-supereffective|p2a: Escargot\n|-damage|p2a: Escargot|13\/100\n|\n|-heal|p2a: Escargot|19\/100|[from] item: Leftovers\n|-damage|p1a: McQueen|82\/100 brn|[from] brn\n|-sideend|p2: KOAH173|move: Light Screen\n|upkeep\n|turn|22\n|\n|t:|1698986296\n|move|p2a: Escargot|Protect|p2a: Escargot\n|-singleturn|p2a: Escargot|Protect\n|move|p1a: McQueen|Bullet Punch|p2a: Escargot\n|-activate|p2a: Escargot|move: Protect\n|\n|-heal|p2a: Escargot|25\/100|[from] item: Leftovers\n|-damage|p1a: McQueen|76\/100 brn|[from] brn\n|upkeep\n|turn|23\n|\n|t:|1698986337\n|move|p1a: McQueen|Bullet Punch|p2a: Escargot\n|-resisted|p2a: Escargot\n|-damage|p2a: Escargot|16\/100\n|move|p2a: Escargot|Scald|p1a: McQueen\n|-resisted|p1a: McQueen\n|-damage|p1a: McQueen|63\/100 brn\n|\n|-heal|p2a: Escargot|22\/100|[from] item: Leftovers\n|-damage|p1a: McQueen|57\/100 brn|[from] brn\n|-sideend|p2: KOAH173|Reflect\n|upkeep\n|turn|24\n|\n|t:|1698986350\n|move|p2a: Escargot|Protect|p2a: Escargot\n|-singleturn|p2a: Escargot|Protect\n|move|p1a: McQueen|Bullet Punch|p2a: Escargot\n|-activate|p2a: Escargot|move: Protect\n|\n|-heal|p2a: Escargot|28\/100|[from] item: Leftovers\n|-damage|p1a: McQueen|51\/100 brn|[from] brn\n|upkeep\n|turn|25\n|\n|t:|1698986359\n|move|p1a: McQueen|Bullet Punch|p2a: Escargot\n|-resisted|p2a: Escargot\n|-damage|p2a: Escargot|9\/100\n|move|p2a: Escargot|Yawn||[still]\n|-fail|p2a: Escargot\n|\n|-heal|p2a: Escargot|15\/100|[from] item: Leftovers\n|-damage|p1a: McQueen|45\/100 brn|[from] brn\n|upkeep\n|turn|26\n|\n|t:|1698986372\n|move|p1a: McQueen|Trailblaze|p2a: Escargot\n|-supereffective|p2a: Escargot\n|-damage|p2a: Escargot|0 fnt\n|faint|p2a: Escargot\n|\n|-damage|p1a: McQueen|39\/100 brn|[from] brn\n|upkeep\n|\n|t:|1698986378\n|switch|p2a: The Goat|Pyukumuku, M|69\/100\n|-activate|p2a: The Goat|move: Sticky Web\n|-unboost|p2a: The Goat|spe|1\n|turn|27\n|\n|t:|1698986385\n|move|p1a: McQueen|Trailblaze|p2a: The Goat\n|-supereffective|p2a: The Goat\n|-damage|p2a: The Goat|42\/100\n|move|p2a: The Goat|Recover|p2a: The Goat\n|-heal|p2a: The Goat|92\/100\n|\n|-damage|p1a: McQueen|33\/100 brn|[from] brn\n|upkeep\n|turn|28\n|\n|t:|1698986398\n|move|p1a: McQueen|Roost|p1a: McQueen\n|-heal|p1a: McQueen|83\/100 brn\n|-singleturn|p1a: McQueen|move: Roost\n|move|p2a: The Goat|Reflect|p2a: The Goat\n|-sidestart|p2: KOAH173|Reflect\n|\n|-damage|p1a: McQueen|77\/100 brn|[from] brn\n|upkeep\n|turn|29\n|\n|t:|1698986405\n|move|p1a: McQueen|Roost|p1a: McQueen\n|-heal|p1a: McQueen|100\/100 brn\n|-singleturn|p1a: McQueen|move: Roost\n|move|p2a: The Goat|Light Screen|p2a: The Goat\n|-sidestart|p2: KOAH173|move: Light Screen\n|\n|-damage|p1a: McQueen|94\/100 brn|[from] brn\n|upkeep\n|turn|30\n|\n|t:|1698986413\n|move|p1a: McQueen|Trailblaze|p2a: The Goat\n|-supereffective|p2a: The Goat\n|-damage|p2a: The Goat|79\/100\n|move|p2a: The Goat|Recover|p2a: The Goat\n|-heal|p2a: The Goat|100\/100\n|\n|-damage|p1a: McQueen|88\/100 brn|[from] brn\n|upkeep\n|turn|31\n|\n|t:|1698986447\n|move|p1a: McQueen|Trailblaze|p2a: The Goat\n|-supereffective|p2a: The Goat\n|-damage|p2a: The Goat|88\/100\n|move|p2a: The Goat|Soak|p1a: McQueen\n|-fail|p1a: McQueen\n|\n|-damage|p1a: McQueen|82\/100 brn|[from] brn\n|upkeep\n|turn|32\n|\n|t:|1698986463\n|-terastallize|p2a: The Goat|Ground\n|move|p1a: McQueen|Trailblaze|p2a: The Goat\n|-supereffective|p2a: The Goat\n|-damage|p2a: The Goat|74\/100\n|move|p2a: The Goat|Soak|p1a: McQueen\n|-fail|p1a: McQueen\n|\n|-damage|p1a: McQueen|76\/100 brn|[from] brn\n|-sideend|p2: KOAH173|Reflect\n|upkeep\n|turn|33\n|\n|t:|1698986479\n|move|p1a: McQueen|Trailblaze|p2a: The Goat\n|-supereffective|p2a: The Goat\n|-damage|p2a: The Goat|46\/100\n|move|p2a: The Goat|Reflect|p2a: The Goat\n|-sidestart|p2: KOAH173|Reflect\n|\n|-damage|p1a: McQueen|70\/100 brn|[from] brn\n|-sideend|p2: KOAH173|move: Light Screen\n|upkeep\n|turn|34\n|\n|t:|1698986489\n|move|p1a: McQueen|Trailblaze|p2a: The Goat\n|-supereffective|p2a: The Goat\n|-damage|p2a: The Goat|34\/100\n|move|p2a: The Goat|Light Screen|p2a: The Goat\n|-sidestart|p2: KOAH173|move: Light Screen\n|\n|-damage|p1a: McQueen|64\/100 brn|[from] brn\n|upkeep\n|turn|35\n|\n|t:|1698986509\n|move|p1a: McQueen|Roost|p1a: McQueen\n|-heal|p1a: McQueen|100\/100 brn\n|-singleturn|p1a: McQueen|move: Roost\n|move|p2a: The Goat|Recover|p2a: The Goat\n|-heal|p2a: The Goat|84\/100\n|\n|-damage|p1a: McQueen|94\/100 brn|[from] brn\n|upkeep\n|turn|36\n|\n|t:|1698986548\n|move|p1a: McQueen|Trailblaze|p2a: The Goat\n|-supereffective|p2a: The Goat\n|-damage|p2a: The Goat|70\/100\n|move|p2a: The Goat|Reflect||[still]\n|-fail|p2a: The Goat\n|\n|-damage|p1a: McQueen|88\/100 brn|[from] brn\n|upkeep\n|turn|37\n|\n|t:|1698986570\n|move|p1a: McQueen|Trailblaze|p2a: The Goat\n|-supereffective|p2a: The Goat\n|-damage|p2a: The Goat|57\/100\n|move|p2a: The Goat|Light Screen||[still]\n|-fail|p2a: The Goat\n|\n|-damage|p1a: McQueen|82\/100 brn|[from] brn\n|-sideend|p2: KOAH173|Reflect\n|upkeep\n|turn|38\n|\n|t:|1698986580\n|move|p1a: McQueen|Trailblaze|p2a: The Goat\n|-supereffective|p2a: The Goat\n|-damage|p2a: The Goat|29\/100\n|move|p2a: The Goat|Reflect|p2a: The Goat\n|-sidestart|p2: KOAH173|Reflect\n|\n|-damage|p1a: McQueen|76\/100 brn|[from] brn\n|-sideend|p2: KOAH173|move: Light Screen\n|upkeep\n|turn|39\n|\n|t:|1698986587\n|move|p1a: McQueen|Trailblaze|p2a: The Goat\n|-supereffective|p2a: The Goat\n|-damage|p2a: The Goat|16\/100\n|move|p2a: The Goat|Recover|p2a: The Goat\n|-heal|p2a: The Goat|66\/100\n|\n|-damage|p1a: McQueen|70\/100 brn|[from] brn\n|upkeep\n|turn|40\n|\n|t:|1698986599\n|move|p1a: McQueen|Trailblaze|p2a: The Goat\n|-supereffective|p2a: The Goat\n|-crit|p2a: The Goat\n|-damage|p2a: The Goat|25\/100\n|move|p2a: The Goat|Light Screen|p2a: The Goat\n|-sidestart|p2: KOAH173|move: Light Screen\n|\n|-damage|p1a: McQueen|64\/100 brn|[from] brn\n|upkeep\n|turn|41\n|\n|t:|1698986607\n|move|p1a: McQueen|Trailblaze|p2a: The Goat\n|-supereffective|p2a: The Goat\n|-damage|p2a: The Goat|11\/100\n|move|p2a: The Goat|Recover|p2a: The Goat\n|-heal|p2a: The Goat|61\/100\n|\n|-damage|p1a: McQueen|58\/100 brn|[from] brn\n|upkeep\n|turn|42\n|\n|t:|1698986623\n|move|p1a: McQueen|Trailblaze|p2a: The Goat\n|-supereffective|p2a: The Goat\n|-damage|p2a: The Goat|48\/100\n|move|p2a: The Goat|Light Screen||[still]\n|-fail|p2a: The Goat\n|\n|-damage|p1a: McQueen|52\/100 brn|[from] brn\n|-sideend|p2: KOAH173|Reflect\n|upkeep\n|turn|43\n|\n|t:|1698986632\n|move|p1a: McQueen|Trailblaze|p2a: The Goat\n|-supereffective|p2a: The Goat\n|-damage|p2a: The Goat|22\/100\n|move|p2a: The Goat|Reflect|p2a: The Goat\n|-sidestart|p2: KOAH173|Reflect\n|\n|-damage|p1a: McQueen|45\/100 brn|[from] brn\n|upkeep\n|turn|44\n|\n|t:|1698986639\n|move|p1a: McQueen|Trailblaze|p2a: The Goat\n|-supereffective|p2a: The Goat\n|-damage|p2a: The Goat|8\/100\n|move|p2a: The Goat|Recover|p2a: The Goat\n|-heal|p2a: The Goat|58\/100\n|\n|-damage|p1a: McQueen|39\/100 brn|[from] brn\n|-sideend|p2: KOAH173|move: Light Screen\n|upkeep\n|turn|45\n|\n|t:|1698986656\n|move|p1a: McQueen|Trailblaze|p2a: The Goat\n|-supereffective|p2a: The Goat\n|-crit|p2a: The Goat\n|-damage|p2a: The Goat|19\/100\n|move|p2a: The Goat|Light Screen|p2a: The Goat\n|-sidestart|p2: KOAH173|move: Light Screen\n|\n|-damage|p1a: McQueen|33\/100 brn|[from] brn\n|upkeep\n|turn|46\n|\n|t:|1698986665\n|move|p1a: McQueen|Roost|p1a: McQueen\n|-heal|p1a: McQueen|83\/100 brn\n|-singleturn|p1a: McQueen|move: Roost\n|move|p2a: The Goat|Reflect||[still]\n|-fail|p2a: The Goat\n|\n|-damage|p1a: McQueen|77\/100 brn|[from] brn\n|upkeep\n|turn|47\n|\n|t:|1698986678\n|move|p1a: McQueen|Trailblaze|p2a: The Goat\n|-supereffective|p2a: The Goat\n|-damage|p2a: The Goat|5\/100\n|move|p2a: The Goat|Reflect||[still]\n|-fail|p2a: The Goat\n|\n|-damage|p1a: McQueen|71\/100 brn|[from] brn\n|-sideend|p2: KOAH173|Reflect\n|upkeep\n|turn|48\n|\n|t:|1698986689\n|move|p1a: McQueen|Trailblaze|p2a: The Goat\n|-supereffective|p2a: The Goat\n|-damage|p2a: The Goat|0 fnt\n|faint|p2a: The Goat\n|\n|win|AceTheInadequate\n","uploadtime":1698986695,"views":8,"p1id":"acetheinadequate","p2id":"koah173","formatid":"gen9nationaldexubers","rating":0,"private":0,"password":""}