{"id":"gen9nationaldexubers-1988469406","p1":"Juanito1610","p2":"Gunkshot111","format":"[Gen 9] National Dex Ubers","log":"|j|\u2606Juanito1610\n|j|\u2606Gunkshot111\n|t:|1699726274\n|gametype|singles\n|player|p1|Juanito1610|swimmer|1117\n|player|p2|Gunkshot111|170|1053\n|teamsize|p1|6\n|teamsize|p2|6\n|gen|9\n|tier|[Gen 9] National Dex Ubers\n|rated|\n|rule|HP Percentage Mod: HP is shown in percentages\n|rule|Endless Battle Clause: Forcing endless battles is banned\n|rule|OHKO Clause: OHKO moves are banned\n|rule|Evasion Moves Clause: Evasion moves are banned\n|rule|Evasion Items Clause: Evasion items are banned\n|rule|Species Clause: Limit one of each Pok\u00e9mon\n|rule|Sleep Clause Mod: Limit one foe put to sleep\n|rule|Mega Rayquaza Clause: You cannot mega evolve Rayquaza\n|clearpoke\n|poke|p1|Palafin, F|\n|poke|p1|Swampert, F|\n|poke|p1|Pelipper, M|\n|poke|p1|Corviknight, M|\n|poke|p1|Garchomp, F|\n|poke|p1|Scizor, M|\n|poke|p2|Groudon|\n|poke|p2|Lugia|\n|poke|p2|Lickilicky, M|\n|poke|p2|Lucario, M|\n|poke|p2|Naganadel|\n|poke|p2|Electivire, F|\n|teampreview\n|\n|t:|1699726309\n|start\n|switch|p1a: Palafin|Palafin, F|100\/100\n|switch|p2a: Tentacle Fanfic|Electivire, F, shiny|100\/100\n|turn|1\n|c|\u2606Gunkshot111|Switch\n|\n|t:|1699726335\n|detailschange|p1a: Palafin|Palafin-Hero, F\n|switch|p1a: Swampert|Swampert, F|100\/100\n|move|p2a: Tentacle Fanfic|Thunder Punch|p1a: Swampert\n|-immune|p1a: Swampert\n|\n|upkeep\n|turn|2\n|\n|t:|1699726348\n|switch|p2a: BUILD A WALL|Lugia, shiny|100\/100\n|-ability|p2a: BUILD A WALL|Pressure\n|move|p1a: Swampert|Earthquake|p2a: BUILD A WALL\n|-immune|p2a: BUILD A WALL\n|\n|upkeep\n|turn|3\n|\n|t:|1699726361\n|move|p2a: BUILD A WALL|Extrasensory|p1a: Swampert\n|-damage|p1a: Swampert|89\/100\n|move|p1a: Swampert|Avalanche|p2a: BUILD A WALL\n|-supereffective|p2a: BUILD A WALL\n|-damage|p2a: BUILD A WALL|60\/100\n|\n|-heal|p2a: BUILD A WALL|66\/100|[from] item: Leftovers\n|upkeep\n|turn|4\n|\n|t:|1699726375\n|switch|p2a: IShowHP|Lickilicky, M|100\/100\n|move|p1a: Swampert|Avalanche|p2a: IShowHP\n|-damage|p2a: IShowHP|89\/100\n|\n|upkeep\n|turn|5\n|\n|t:|1699726386\n|move|p1a: Swampert|Brick Break|p2a: IShowHP\n|-supereffective|p2a: IShowHP\n|-damage|p2a: IShowHP|60\/100\n|move|p2a: IShowHP|Brick Break|p1a: Swampert\n|-damage|p1a: Swampert|72\/100\n|\n|upkeep\n|turn|6\n|\n|t:|1699726395\n|move|p1a: Swampert|Brick Break|p2a: IShowHP\n|-supereffective|p2a: IShowHP\n|-damage|p2a: IShowHP|30\/100\n|move|p2a: IShowHP|Explosion|p1a: Swampert\n|-damage|p1a: Swampert|0 fnt\n|faint|p2a: IShowHP\n|faint|p1a: Swampert\n|\n|upkeep\n|\n|t:|1699726407\n|switch|p1a: Scizor|Scizor, M|100\/100\n|switch|p2a: Parmesan|Lucario, M|100\/100\n|turn|7\n|\n|t:|1699726426\n|switch|p1a: Corviknight|Corviknight, M|100\/100\n|-ability|p1a: Corviknight|Pressure\n|detailschange|p2a: Parmesan|Lucario-Mega, M\n|-mega|p2a: Parmesan|Lucario|Lucarionite\n|move|p2a: Parmesan|Blaze Kick|p1a: Corviknight\n|-supereffective|p1a: Corviknight\n|-damage|p1a: Corviknight|57\/100\n|\n|-heal|p1a: Corviknight|63\/100|[from] item: Leftovers\n|upkeep\n|turn|8\n|\n|t:|1699726443\n|switch|p2a: BUILD A WALL|Lugia, shiny|66\/100\n|-ability|p2a: BUILD A WALL|Pressure\n|move|p1a: Corviknight|Body Press|p2a: BUILD A WALL\n|-resisted|p2a: BUILD A WALL\n|-damage|p2a: BUILD A WALL|62\/100\n|\n|-heal|p2a: BUILD A WALL|68\/100|[from] item: Leftovers\n|-heal|p1a: Corviknight|69\/100|[from] item: Leftovers\n|upkeep\n|turn|9\n|\n|t:|1699726482\n|switch|p2a: Tentacle Fanfic|Electivire, F, shiny|100\/100\n|switch|p1a: Garchomp|Garchomp, F|100\/100\n|\n|upkeep\n|turn|10\n|\n|t:|1699726497\n|-terastallize|p1a: Garchomp|Dragon\n|move|p1a: Garchomp|Outrage|p2a: Tentacle Fanfic\n|-enditem|p2a: Tentacle Fanfic|Focus Sash\n|-damage|p2a: Tentacle Fanfic|1\/100\n|move|p2a: Tentacle Fanfic|Ice Punch|p1a: Garchomp\n|-supereffective|p1a: Garchomp\n|-damage|p1a: Garchomp|57\/100\n|-status|p1a: Garchomp|frz\n|-damage|p2a: Tentacle Fanfic|0 fnt|[from] ability: Rough Skin|[of] p1a: Garchomp\n|faint|p2a: Tentacle Fanfic\n|\n|upkeep\n|\n|t:|1699726509\n|switch|p2a: Last resort|Naganadel|100\/100\n|turn|11\n|inactive|Battle timer is ON: inactive players will automatically lose when time's up. (requested by Gunkshot111)\n|\n|t:|1699726559\n|move|p2a: Last resort|Dragon Pulse|p1a: Garchomp\n|-supereffective|p1a: Garchomp\n|-damage|p1a: Garchomp|0 fnt\n|faint|p1a: Garchomp\n|-ability|p2a: Last resort|Beast Boost|boost\n|-boost|p2a: Last resort|spa|1\n|\n|upkeep\n|\n|t:|1699726569\n|switch|p1a: Palafin|Palafin-Hero, F|100\/100\n|-activate|p1a: Palafin|ability: Zero to Hero\n|turn|12\n|\n|t:|1699726575\n|move|p2a: Last resort|Air Slash|p1a: Palafin\n|-damage|p1a: Palafin|58\/100\n|move|p1a: Palafin|Wave Crash|p2a: Last resort\n|-resisted|p2a: Last resort\n|-damage|p2a: Last resort|21\/100\n|-damage|p1a: Palafin|36\/100|[from] Recoil\n|\n|upkeep\n|turn|13\n|\n|t:|1699726585\n|switch|p1a: Pelipper|Pelipper, M|100\/100\n|-weather|RainDance|[from] ability: Drizzle|[of] p1a: Pelipper\n|-zpower|p2a: Last resort\n|move|p2a: Last resort|Acid Downpour|p1a: Pelipper|[zeffect]\n|-damage|p1a: Pelipper|0 fnt\n|faint|p1a: Pelipper\n|-ability|p2a: Last resort|Beast Boost|boost\n|-boost|p2a: Last resort|spa|1\n|\n|-weather|RainDance|[upkeep]\n|upkeep\n|\n|t:|1699726601\n|switch|p1a: Palafin|Palafin-Hero, F|36\/100\n|turn|14\n|\n|t:|1699726617\n|move|p1a: Palafin|Jet Punch|p2a: Last resort\n|-resisted|p2a: Last resort\n|-damage|p2a: Last resort|0 fnt\n|faint|p2a: Last resort\n|\n|-weather|RainDance|[upkeep]\n|upkeep\n|\n|t:|1699726623\n|switch|p2a: Parmesan|Lucario-Mega, M|100\/100\n|turn|15\n|\n|t:|1699726631\n|move|p1a: Palafin|Jet Punch|p2a: Parmesan\n|-damage|p2a: Parmesan|0 fnt\n|faint|p2a: Parmesan\n|\n|-weather|RainDance|[upkeep]\n|upkeep\n|\n|t:|1699726637\n|switch|p2a: BUILD A WALL|Lugia, shiny|68\/100\n|-ability|p2a: BUILD A WALL|Pressure\n|turn|16\n|\n|t:|1699726660\n|-terastallize|p2a: BUILD A WALL|Psychic\n|move|p1a: Palafin|Jet Punch|p2a: BUILD A WALL\n|-damage|p2a: BUILD A WALL|18\/100\n|move|p2a: BUILD A WALL|Dragon Pulse|p1a: Palafin\n|-damage|p1a: Palafin|14\/100\n|\n|-weather|RainDance|[upkeep]\n|-heal|p2a: BUILD A WALL|24\/100|[from] item: Leftovers\n|upkeep\n|turn|17\n|\n|t:|1699726672\n|move|p1a: Palafin|Jet Punch|p2a: BUILD A WALL\n|-damage|p2a: BUILD A WALL|0 fnt\n|faint|p2a: BUILD A WALL\n|\n|-weather|none\n|upkeep\n|\n|t:|1699726692\n|switch|p2a: Useless|Groudon, shiny|100\/100\n|detailschange|p2a: Useless|Groudon-Primal, shiny\n|-primal|p2a: Useless|Red Orb\n|-weather|DesolateLand|[from] ability: Desolate Land|[of] p2a: Useless\n|turn|18\n|inactive|Juanito1610 has 120 seconds left.\n|\n|t:|1699726721\n|move|p1a: Palafin|Jet Punch||[still]\n|-fail|p1a: Palafin|Jet Punch|[from] Desolate Land\n|move|p2a: Useless|Thunderbolt|p1a: Palafin\n|-supereffective|p1a: Palafin\n|-damage|p1a: Palafin|0 fnt\n|faint|p1a: Palafin\n|\n|-weather|DesolateLand|[upkeep]\n|upkeep\n|inactive|Juanito1610 has 120 seconds left.\n|inactiveoff|Battle timer is now OFF.\n|\n|t:|1699726759\n|switch|p1a: Scizor|Scizor, M|100\/100\n|turn|19\n|\n|t:|1699726769\n|move|p1a: Scizor|Bullet Punch|p2a: Useless\n|-resisted|p2a: Useless\n|-damage|p2a: Useless|89\/100\n|move|p2a: Useless|Eruption|p1a: Scizor\n|-supereffective|p1a: Scizor\n|-damage|p1a: Scizor|0 fnt\n|faint|p1a: Scizor\n|\n|-weather|DesolateLand|[upkeep]\n|upkeep\n|\n|t:|1699726779\n|switch|p1a: Corviknight|Corviknight, M|69\/100\n|-ability|p1a: Corviknight|Pressure\n|turn|20\n|\n|t:|1699726785\n|move|p2a: Useless|Eruption|p1a: Corviknight\n|-supereffective|p1a: Corviknight\n|-damage|p1a: Corviknight|0 fnt\n|faint|p1a: Corviknight\n|\n|win|Gunkshot111\n|raw|Juanito1610's rating: 1117 &rarr; <strong>1087<\/strong><br \/>(-30 for losing)\n|raw|Gunkshot111's rating: 1053 &rarr; <strong>1091<\/strong><br \/>(+38 for winning)\n|l|\u2606Juanito1610\n","uploadtime":1699726802,"views":21,"p1id":"juanito1610","p2id":"gunkshot111","formatid":"gen9nationaldexubers","rating":1087,"private":0,"password":""}