{"id":"gen9nationaldexubers-1996723640","p1":"harmony6","p2":"UUbers Vesp","format":"[Gen 9] National Dex Ubers","log":"|j|\u2606harmony6\n|j|\u2606UUbers Vesp\n|t:|1700714729\n|gametype|singles\n|player|p1|harmony6|lass-gen4dp|\n|player|p2|UUbers Vesp|juggler|\n|teamsize|p1|6\n|teamsize|p2|6\n|gen|9\n|tier|[Gen 9] National Dex Ubers\n|rule|HP Percentage Mod: HP is shown in percentages\n|rule|Endless Battle Clause: Forcing endless battles is banned\n|rule|OHKO Clause: OHKO moves are banned\n|rule|Evasion Moves Clause: Evasion moves are banned\n|rule|Evasion Items Clause: Evasion items are banned\n|rule|Species Clause: Limit one of each Pok\u00e9mon\n|rule|Sleep Clause Mod: Limit one foe put to sleep\n|rule|Mega Rayquaza Clause: You cannot mega evolve Rayquaza\n|clearpoke\n|poke|p1|Zapdos|\n|poke|p1|Skeledirge, F|\n|poke|p1|Meowscarada, F|\n|poke|p1|Muk-Alola, F|\n|poke|p1|Hatterene, F|\n|poke|p1|Ferrothorn, M|\n|poke|p2|Victini|\n|poke|p2|Scream Tail|\n|poke|p2|Tapu Lele|\n|poke|p2|Mew|\n|poke|p2|Hoopa-Unbound|\n|poke|p2|Gallade, M|\n|teampreview\n|c|\u2606harmony6|Gl\n|\n|t:|1700714819\n|start\n|switch|p1a: Zapdos|Zapdos|100\/100\n|switch|p2a: Rigatini|Victini|100\/100\n|turn|1\n|\n|t:|1700714823\n|move|p2a: Rigatini|V-create|p1a: Zapdos\n|-damage|p1a: Zapdos|24\/100\n|-unboost|p2a: Rigatini|spe|1\n|-unboost|p2a: Rigatini|def|1\n|-unboost|p2a: Rigatini|spd|1\n|move|p1a: Zapdos|Discharge|p2a: Rigatini\n|-damage|p2a: Rigatini|49\/100\n|\n|upkeep\n|turn|2\n|\n|t:|1700714831\n|switch|p2a: Angel Hair|Scream Tail|100\/100\n|move|p1a: Zapdos|Roost|p1a: Zapdos\n|-heal|p1a: Zapdos|74\/100\n|-singleturn|p1a: Zapdos|move: Roost\n|\n|upkeep\n|turn|3\n|\n|t:|1700714839\n|switch|p1a: Muk|Muk-Alola, F|100\/100\n|move|p2a: Angel Hair|Wish|p2a: Angel Hair\n|\n|upkeep\n|turn|4\n|\n|t:|1700714846\n|-end|p2a: Angel Hair|Protosynthesis|[silent]\n|switch|p2a: Fusilli|Mew, shiny|100\/100\n|move|p1a: Muk|Knock Off|p2a: Fusilli\n|-supereffective|p2a: Fusilli\n|-enditem|p2a: Fusilli|Colbur Berry|[eat]\n|-enditem|p2a: Fusilli|Colbur Berry|[weaken]\n|-damage|p2a: Fusilli|80\/100\n|-status|p2a: Fusilli|psn|[from] ability: Poison Touch|[of] p1a: Muk\n|-activate|p2a: Fusilli|ability: Synchronize\n|-immune|p1a: Muk\n|\n|-heal|p2a: Fusilli|100\/100 psn|[from] move: Wish|[wisher] Angel Hair\n|-damage|p2a: Fusilli|88\/100 psn|[from] psn\n|upkeep\n|turn|5\n|\n|t:|1700714854\n|switch|p2a: Rigatini|Victini|49\/100\n|switch|p1a: Hatterene|Hatterene, F|100\/100\n|\n|upkeep\n|turn|6\n|\n|t:|1700714875\n|move|p2a: Rigatini|Trick|p1a: Hatterene\n|-activate|p2a: Rigatini|move: Trick|[of] p1a: Hatterene\n|-item|p1a: Hatterene|Choice Band|[from] move: Trick\n|-item|p2a: Rigatini|Leftovers|[from] move: Trick\n|move|p1a: Hatterene|Psychic|p2a: Rigatini\n|-resisted|p2a: Rigatini\n|-damage|p2a: Rigatini|28\/100\n|-unboost|p2a: Rigatini|spd|1\n|\n|-heal|p2a: Rigatini|35\/100|[from] item: Leftovers\n|upkeep\n|turn|7\n|\n|t:|1700714881\n|switch|p2a: Casarecce|Hoopa-Unbound|100\/100\n|move|p1a: Hatterene|Psychic|p2a: Casarecce\n|-immune|p2a: Casarecce\n|\n|upkeep\n|turn|8\n|\n|t:|1700714885\n|move|p2a: Casarecce|Hyperspace Fury|p1a: Hatterene\n|-damage|p1a: Hatterene|14\/100\n|-unboost|p2a: Casarecce|def|1\n|move|p1a: Hatterene|Psychic|p2a: Casarecce\n|-immune|p2a: Casarecce\n|\n|upkeep\n|turn|9\n|\n|t:|1700714888\n|move|p2a: Casarecce|Hyperspace Fury|p1a: Hatterene\n|-damage|p1a: Hatterene|0 fnt\n|-unboost|p2a: Casarecce|def|1\n|faint|p1a: Hatterene\n|\n|upkeep\n|\n|t:|1700714889\n|switch|p1a: Meowscarada|Meowscarada, F|100\/100\n|turn|10\n|\n|t:|1700714892\n|switch|p2a: Angel Hair|Scream Tail|100\/100\n|move|p1a: Meowscarada|U-turn|p2a: Angel Hair\n|-start|p1a: Meowscarada|typechange|Bug|[from] ability: Protean\n|-damage|p2a: Angel Hair|72\/100\n|\n|t:|1700714898\n|switch|p1a: Muk|Muk-Alola, F|100\/100|[from] U-turn\n|\n|-heal|p2a: Angel Hair|78\/100|[from] item: Leftovers\n|upkeep\n|turn|11\n|\n|t:|1700714901\n|move|p2a: Angel Hair|Protect|p2a: Angel Hair\n|-singleturn|p2a: Angel Hair|Protect\n|move|p1a: Muk|Poison Jab|p2a: Angel Hair\n|-activate|p2a: Angel Hair|move: Protect\n|\n|-heal|p2a: Angel Hair|85\/100|[from] item: Leftovers\n|upkeep\n|turn|12\n|\n|t:|1700714909\n|-end|p2a: Angel Hair|Protosynthesis|[silent]\n|switch|p2a: Fusilli|Mew, shiny|88\/100 psn\n|move|p1a: Muk|Knock Off|p2a: Fusilli\n|-supereffective|p2a: Fusilli\n|-damage|p2a: Fusilli|57\/100 psn\n|\n|-damage|p2a: Fusilli|45\/100 psn|[from] psn\n|upkeep\n|turn|13\n|\n|t:|1700714913\n|switch|p1a: Zapdos|Zapdos|74\/100\n|move|p2a: Fusilli|Roost|p2a: Fusilli\n|-heal|p2a: Fusilli|95\/100 psn\n|-singleturn|p2a: Fusilli|move: Roost\n|\n|-damage|p2a: Fusilli|82\/100 psn|[from] psn\n|upkeep\n|turn|14\n|\n|t:|1700714922\n|switch|p1a: Ferrothorn|Ferrothorn, M|100\/100\n|move|p2a: Fusilli|Toxic|p1a: Ferrothorn\n|-immune|p1a: Ferrothorn\n|\n|-damage|p2a: Fusilli|70\/100 psn|[from] psn\n|upkeep\n|turn|15\n|\n|t:|1700714928\n|switch|p2a: Rigatini|Victini|35\/100\n|move|p1a: Ferrothorn|Stealth Rock|p2a: Rigatini\n|-sidestart|p2: UUbers Vesp|move: Stealth Rock\n|\n|-heal|p2a: Rigatini|41\/100|[from] item: Leftovers\n|upkeep\n|turn|16\n|\n|t:|1700714934\n|switch|p1a: Skeledirge|Skeledirge, F|100\/100\n|move|p2a: Rigatini|V-create|p1a: Skeledirge\n|-resisted|p1a: Skeledirge\n|-damage|p1a: Skeledirge|76\/100\n|-unboost|p2a: Rigatini|spe|1\n|-unboost|p2a: Rigatini|def|1\n|-unboost|p2a: Rigatini|spd|1\n|\n|-heal|p2a: Rigatini|47\/100|[from] item: Leftovers\n|upkeep\n|turn|17\n|\n|t:|1700714946\n|move|p2a: Rigatini|Trick|p1a: Skeledirge\n|-activate|p2a: Rigatini|move: Trick|[of] p1a: Skeledirge\n|-item|p1a: Skeledirge|Leftovers|[from] move: Trick\n|-item|p2a: Rigatini|Heavy-Duty Boots|[from] move: Trick\n|move|p1a: Skeledirge|Torch Song|p2a: Rigatini\n|-resisted|p2a: Rigatini\n|-damage|p2a: Rigatini|32\/100\n|-boost|p1a: Skeledirge|spa|1\n|\n|-heal|p1a: Skeledirge|82\/100|[from] item: Leftovers\n|upkeep\n|turn|18\n|\n|t:|1700714953\n|move|p2a: Rigatini|U-turn|p1a: Skeledirge\n|-resisted|p1a: Skeledirge\n|-damage|p1a: Skeledirge|79\/100\n|\n|t:|1700714955\n|switch|p2a: Casarecce|Hoopa-Unbound|100\/100|[from] U-turn\n|-damage|p2a: Casarecce|88\/100|[from] Stealth Rock\n|move|p1a: Skeledirge|Torch Song|p2a: Casarecce\n|-damage|p2a: Casarecce|44\/100\n|-boost|p1a: Skeledirge|spa|1\n|\n|-heal|p1a: Skeledirge|85\/100|[from] item: Leftovers\n|upkeep\n|turn|19\n|\n|t:|1700714964\n|switch|p1a: Zapdos|Zapdos|74\/100\n|move|p2a: Casarecce|Hyperspace Fury|p1a: Zapdos\n|-damage|p1a: Zapdos|2\/100\n|-unboost|p2a: Casarecce|def|1\n|\n|upkeep\n|turn|20\n|\n|t:|1700714969\n|move|p2a: Casarecce|Hyperspace Fury|p1a: Zapdos\n|-damage|p1a: Zapdos|0 fnt\n|-unboost|p2a: Casarecce|def|1\n|faint|p1a: Zapdos\n|\n|upkeep\n|\n|t:|1700714978\n|switch|p1a: Meowscarada|Meowscarada, F|100\/100\n|turn|21\n|\n|t:|1700714980\n|switch|p2a: Angel Hair|Scream Tail|85\/100\n|-damage|p2a: Angel Hair|72\/100|[from] Stealth Rock\n|move|p1a: Meowscarada|U-turn|p2a: Angel Hair\n|-start|p1a: Meowscarada|typechange|Bug|[from] ability: Protean\n|-damage|p2a: Angel Hair|45\/100\n|\n|t:|1700714996\n|switch|p1a: Muk|Muk-Alola, F|100\/100|[from] U-turn\n|\n|-heal|p2a: Angel Hair|51\/100|[from] item: Leftovers\n|upkeep\n|turn|22\n|\n|t:|1700715002\n|move|p2a: Angel Hair|Wish|p2a: Angel Hair\n|move|p1a: Muk|Poison Jab|p2a: Angel Hair\n|-supereffective|p2a: Angel Hair\n|-damage|p2a: Angel Hair|19\/100\n|-status|p2a: Angel Hair|psn|[from] ability: Poison Touch|[of] p1a: Muk\n|\n|-heal|p2a: Angel Hair|25\/100 psn|[from] item: Leftovers\n|-damage|p2a: Angel Hair|13\/100 psn|[from] psn\n|upkeep\n|turn|23\n|\n|t:|1700715015\n|move|p2a: Angel Hair|Protect|p2a: Angel Hair\n|-singleturn|p2a: Angel Hair|Protect\n|move|p1a: Muk|Knock Off|p2a: Angel Hair\n|-activate|p2a: Angel Hair|move: Protect\n|\n|-heal|p2a: Angel Hair|63\/100 psn|[from] move: Wish|[wisher] Angel Hair\n|-heal|p2a: Angel Hair|69\/100 psn|[from] item: Leftovers\n|-damage|p2a: Angel Hair|56\/100 psn|[from] psn\n|upkeep\n|turn|24\n|\n|t:|1700715022\n|-end|p2a: Angel Hair|Protosynthesis|[silent]\n|switch|p2a: Rigatini|Victini|32\/100\n|move|p1a: Muk|Poison Jab|p2a: Rigatini\n|-damage|p2a: Rigatini|1\/100\n|-status|p2a: Rigatini|psn\n|\n|-damage|p2a: Rigatini|0 fnt|[from] psn\n|faint|p2a: Rigatini\n|upkeep\n|\n|t:|1700715023\n|switch|p2a: Fusilli|Mew, shiny|70\/100 psn\n|-damage|p2a: Fusilli|57\/100 psn|[from] Stealth Rock\n|turn|25\n|\n|t:|1700715033\n|switch|p1a: Meowscarada|Meowscarada, F|100\/100\n|move|p2a: Fusilli|Spikes|p1a: Meowscarada\n|-sidestart|p1: harmony6|Spikes\n|\n|-damage|p2a: Fusilli|45\/100 psn|[from] psn\n|upkeep\n|turn|26\n|\n|t:|1700715045\n|switch|p2a: Angel Hair|Scream Tail|56\/100 psn\n|-damage|p2a: Angel Hair|44\/100 psn|[from] Stealth Rock\n|move|p1a: Meowscarada|U-turn|p2a: Angel Hair\n|-start|p1a: Meowscarada|typechange|Bug|[from] ability: Protean\n|-damage|p2a: Angel Hair|16\/100 psn\n|\n|t:|1700715050\n|switch|p1a: Skeledirge|Skeledirge, F|85\/100|[from] U-turn\n|-damage|p1a: Skeledirge|73\/100|[from] Spikes\n|\n|-heal|p2a: Angel Hair|22\/100 psn|[from] item: Leftovers\n|-heal|p1a: Skeledirge|79\/100|[from] item: Leftovers\n|-damage|p2a: Angel Hair|9\/100 psn|[from] psn\n|upkeep\n|turn|27\n|\n|t:|1700715053\n|move|p2a: Angel Hair|Wish|p2a: Angel Hair\n|move|p1a: Skeledirge|Torch Song|p2a: Angel Hair\n|-damage|p2a: Angel Hair|0 fnt\n|-boost|p1a: Skeledirge|spa|1\n|faint|p2a: Angel Hair\n|-end|p2a: Angel Hair|Protosynthesis|[silent]\n|\n|-heal|p1a: Skeledirge|85\/100|[from] item: Leftovers\n|upkeep\n|\n|t:|1700715057\n|switch|p2a: Casarecce|Hoopa-Unbound|44\/100\n|-damage|p2a: Casarecce|32\/100|[from] Stealth Rock\n|turn|28\n|\n|t:|1700715062\n|move|p2a: Casarecce|Hyperspace Fury|p1a: Skeledirge\n|-supereffective|p1a: Skeledirge\n|-damage|p1a: Skeledirge|0 fnt\n|-unboost|p2a: Casarecce|def|1\n|faint|p1a: Skeledirge\n|\n|-heal|p2a: Casarecce|100\/100|[from] move: Wish|[wisher] Angel Hair\n|upkeep\n|\n|t:|1700715064\n|switch|p1a: Meowscarada|Meowscarada, F|100\/100\n|-damage|p1a: Meowscarada|88\/100|[from] Spikes\n|turn|29\n|\n|t:|1700715069\n|switch|p2a: Fusilli|Mew, shiny|45\/100 psn\n|-damage|p2a: Fusilli|33\/100 psn|[from] Stealth Rock\n|move|p1a: Meowscarada|Play Rough|p2a: Fusilli\n|-start|p1a: Meowscarada|typechange|Fairy|[from] ability: Protean\n|-damage|p2a: Fusilli|0 fnt\n|faint|p2a: Fusilli\n|\n|upkeep\n|\n|t:|1700715073\n|switch|p2a: Shells|Tapu Lele|100\/100\n|-damage|p2a: Shells|88\/100|[from] Stealth Rock\n|-fieldstart|move: Psychic Terrain|[from] ability: Psychic Surge|[of] p2a: Shells\n|turn|30\n|\n|t:|1700715076\n|switch|p1a: Muk|Muk-Alola, F|100\/100\n|-damage|p1a: Muk|88\/100|[from] Spikes\n|move|p2a: Shells|Psychic|p1a: Muk\n|-immune|p1a: Muk\n|\n|upkeep\n|turn|31\n|\n|t:|1700715083\n|-activate|p2a: Shells|move: Pursuit\n|move|p1a: Muk|Pursuit|p2a: Shells|[from]Pursuit\n|-damage|p2a: Shells|45\/100\n|switch|p2a: Farfalle|Gallade, M|100\/100\n|-damage|p2a: Farfalle|94\/100|[from] Stealth Rock\n|\n|upkeep\n|turn|32\n|\n|t:|1700715089\n|detailschange|p2a: Farfalle|Gallade-Mega, M\n|-mega|p2a: Farfalle|Gallade|Galladite\n|move|p2a: Farfalle|Swords Dance|p2a: Farfalle\n|-boost|p2a: Farfalle|atk|2\n|move|p1a: Muk|Poison Jab|p2a: Farfalle\n|-damage|p2a: Farfalle|60\/100\n|\n|upkeep\n|turn|33\n|\n|t:|1700715095\n|move|p2a: Farfalle|Close Combat|p1a: Muk\n|-damage|p1a: Muk|0 fnt\n|-unboost|p2a: Farfalle|def|1\n|-unboost|p2a: Farfalle|spd|1\n|faint|p1a: Muk\n|\n|upkeep\n|\n|t:|1700715102\n|switch|p1a: Meowscarada|Meowscarada, F|88\/100\n|-damage|p1a: Meowscarada|76\/100|[from] Spikes\n|turn|34\n|\n|t:|1700715104\n|move|p1a: Meowscarada|Flower Trick|p2a: Farfalle\n|-start|p1a: Meowscarada|typechange|Grass|[from] ability: Protean\n|-crit|p2a: Farfalle\n|-damage|p2a: Farfalle|0 fnt\n|faint|p2a: Farfalle\n|\n|-fieldend|move: Psychic Terrain\n|upkeep\n|\n|t:|1700715106\n|switch|p2a: Shells|Tapu Lele|45\/100\n|-damage|p2a: Shells|33\/100|[from] Stealth Rock\n|-fieldstart|move: Psychic Terrain|[from] ability: Psychic Surge|[of] p2a: Shells\n|turn|35\n|\n|t:|1700715110\n|switch|p1a: Ferrothorn|Ferrothorn, M|100\/100\n|-damage|p1a: Ferrothorn|88\/100|[from] Spikes\n|move|p2a: Shells|Focus Blast|p1a: Ferrothorn\n|-supereffective|p1a: Ferrothorn\n|-damage|p1a: Ferrothorn|35\/100\n|\n|-heal|p1a: Ferrothorn|41\/100|[from] item: Leftovers\n|upkeep\n|turn|36\n|\n|t:|1700715114\n|move|p2a: Shells|Focus Blast|p1a: Ferrothorn|[miss]\n|-miss|p2a: Shells|p1a: Ferrothorn\n|move|p1a: Ferrothorn|Iron Head|p2a: Shells\n|-supereffective|p2a: Shells\n|-crit|p2a: Shells\n|-damage|p2a: Shells|0 fnt\n|faint|p2a: Shells\n|\n|-heal|p1a: Ferrothorn|47\/100|[from] item: Leftovers\n|upkeep\n|\n|t:|1700715117\n|switch|p2a: Casarecce|Hoopa-Unbound|100\/100\n|-damage|p2a: Casarecce|88\/100|[from] Stealth Rock\n|turn|37\n|c|\u2606harmony6|Ggs\n|c|\u2606UUbers Vesp|I won if that connected\n|c|\u2606UUbers Vesp|Rip\n|\n|t:|1700715133\n|move|p2a: Casarecce|Hyperspace Fury|p1a: Ferrothorn\n|-damage|p1a: Ferrothorn|0 fnt\n|-unboost|p2a: Casarecce|def|1\n|faint|p1a: Ferrothorn\n|\n|upkeep\n|\n|t:|1700715138\n|switch|p1a: Meowscarada|Meowscarada, F|76\/100\n|-damage|p1a: Meowscarada|64\/100|[from] Spikes\n|turn|38\n|\n|t:|1700715141\n|move|p1a: Meowscarada|U-turn|p2a: Casarecce\n|-start|p1a: Meowscarada|typechange|Bug|[from] ability: Protean\n|-supereffective|p2a: Casarecce\n|-damage|p2a: Casarecce|0 fnt\n|faint|p2a: Casarecce\n|\n|win|harmony6\n|l|\u2606harmony6\n","uploadtime":1700715144,"views":44,"p1id":"harmony6","p2id":"uubersvesp","formatid":"gen9nationaldexubers","rating":0,"private":0,"password":""}