{"id":"gen9nationaldexubers-1990452563","p1":"85792195wwww","p2":"Szymszym134","format":"[Gen 9] National Dex Ubers","log":"|j|\u260685792195wwww\n|j|\u2606Szymszym134\n|t:|1699972348\n|gametype|singles\n|player|p1|85792195wwww|mira|1520\n|player|p2|Szymszym134|elesa|1622\n|teamsize|p1|6\n|teamsize|p2|6\n|gen|9\n|tier|[Gen 9] National Dex Ubers\n|rated|\n|rule|HP Percentage Mod: HP is shown in percentages\n|rule|Endless Battle Clause: Forcing endless battles is banned\n|rule|OHKO Clause: OHKO moves are banned\n|rule|Evasion Moves Clause: Evasion moves are banned\n|rule|Evasion Items Clause: Evasion items are banned\n|rule|Species Clause: Limit one of each Pok\u00e9mon\n|rule|Sleep Clause Mod: Limit one foe put to sleep\n|rule|Mega Rayquaza Clause: You cannot mega evolve Rayquaza\n|clearpoke\n|poke|p1|Zacian-*|\n|poke|p1|Arceus-Ground|\n|poke|p1|Deoxys-Speed|\n|poke|p1|Landorus, M|\n|poke|p1|Groudon|\n|poke|p1|Kyurem-Black|\n|poke|p2|Mewtwo|\n|poke|p2|Kingambit, F|\n|poke|p2|Garganacl, F|\n|poke|p2|Arceus-Ground|\n|poke|p2|Ditto|\n|poke|p2|Kyurem-Black|\n|teampreview\n|inactive|Battle timer is ON: inactive players will automatically lose when time's up. (requested by Szymszym134)\n|\n|t:|1699972356\n|start\n|switch|p1a: Deoxys|Deoxys-Speed|100\/100\n|switch|p2a: Arceus|Arceus-Ground|100\/100\n|-ability|p1a: Deoxys|Pressure\n|turn|1\n|\n|t:|1699972364\n|move|p1a: Deoxys|Spikes|p2a: Arceus\n|-sidestart|p2: Szymszym134|Spikes\n|move|p2a: Arceus|Judgment|p1a: Deoxys\n|-damage|p1a: Deoxys|23\/100\n|\n|upkeep\n|turn|2\n|\n|t:|1699972371\n|move|p1a: Deoxys|Spikes|p2a: Arceus\n|-sidestart|p2: Szymszym134|Spikes\n|move|p2a: Arceus|Judgment|p1a: Deoxys\n|-damage|p1a: Deoxys|0 fnt\n|faint|p1a: Deoxys\n|\n|upkeep\n|\n|t:|1699972378\n|switch|p1a: Kyurem|Kyurem-Black|100\/100\n|-ability|p1a: Kyurem|Teravolt\n|turn|3\n|\n|t:|1699972384\n|move|p2a: Arceus|Defog|p1a: Kyurem\n|-unboost|p1a: Kyurem|evasion|1\n|-sideend|p2: Szymszym134|Spikes|[from] move: Defog|[of] p2a: Arceus\n|move|p1a: Kyurem|Dragon Dance|p1a: Kyurem\n|-boost|p1a: Kyurem|atk|1\n|-boost|p1a: Kyurem|spe|1\n|\n|upkeep\n|turn|4\n|\n|t:|1699972393\n|switch|p2a: Garganacl|Garganacl, F|100\/100\n|move|p1a: Kyurem|Icicle Spear|p2a: Garganacl\n|-damage|p2a: Garganacl|87\/100\n|-damage|p2a: Garganacl|74\/100\n|-damage|p2a: Garganacl|59\/100\n|-damage|p2a: Garganacl|46\/100\n|-damage|p2a: Garganacl|32\/100\n|-hitcount|p2a: Garganacl|5\n|\n|-heal|p2a: Garganacl|38\/100|[from] item: Leftovers\n|upkeep\n|turn|5\n|\n|t:|1699972406\n|move|p1a: Kyurem|Substitute|p1a: Kyurem\n|-start|p1a: Kyurem|Substitute\n|-damage|p1a: Kyurem|75\/100\n|move|p2a: Garganacl|Recover|p2a: Garganacl\n|-heal|p2a: Garganacl|88\/100\n|\n|-heal|p2a: Garganacl|95\/100|[from] item: Leftovers\n|upkeep\n|turn|6\n|j| EpicGamer069420\n|\n|t:|1699972415\n|move|p1a: Kyurem|Icicle Spear|p2a: Garganacl\n|-damage|p2a: Garganacl|81\/100\n|-damage|p2a: Garganacl|68\/100\n|-damage|p2a: Garganacl|54\/100\n|-damage|p2a: Garganacl|39\/100\n|-damage|p2a: Garganacl|25\/100\n|-hitcount|p2a: Garganacl|5\n|move|p2a: Garganacl|Salt Cure|p1a: Kyurem\n|-supereffective|p1a: Kyurem\n|-activate|p1a: Kyurem|move: Substitute|[damage]\n|\n|-heal|p2a: Garganacl|31\/100|[from] item: Leftovers\n|upkeep\n|turn|7\n|\n|t:|1699972432\n|move|p1a: Kyurem|Dragon Dance|p1a: Kyurem\n|-boost|p1a: Kyurem|atk|1\n|-boost|p1a: Kyurem|spe|1\n|move|p2a: Garganacl|Salt Cure|p1a: Kyurem\n|-supereffective|p1a: Kyurem\n|-end|p1a: Kyurem|Substitute\n|\n|-heal|p2a: Garganacl|37\/100|[from] item: Leftovers\n|upkeep\n|turn|8\n|\n|t:|1699972442\n|switch|p2a: Ditto|Ditto|100\/100\n|-transform|p2a: Ditto|p1a: Kyurem|[from] ability: Imposter\n|-ability|p2a: Ditto|Teravolt\n|move|p1a: Kyurem|Substitute|p1a: Kyurem\n|-start|p1a: Kyurem|Substitute\n|-damage|p1a: Kyurem|50\/100\n|\n|upkeep\n|turn|9\n|\n|t:|1699972452\n|switch|p1a: Zacian|Zacian-Crowned|100\/100\n|-ability|p1a: Zacian|Intrepid Sword|boost\n|-boost|p1a: Zacian|atk|1\n|move|p2a: Ditto|Icicle Spear|p1a: Zacian\n|-resisted|p1a: Zacian\n|-damage|p1a: Zacian|84\/100\n|-resisted|p1a: Zacian\n|-damage|p1a: Zacian|69\/100\n|-resisted|p1a: Zacian\n|-damage|p1a: Zacian|54\/100\n|-hitcount|p1a: Zacian|3\n|\n|upkeep\n|turn|10\n|\n|t:|1699972465\n|move|p2a: Ditto|Icicle Spear|p1a: Zacian\n|-resisted|p1a: Zacian\n|-damage|p1a: Zacian|36\/100\n|-resisted|p1a: Zacian\n|-damage|p1a: Zacian|20\/100\n|-resisted|p1a: Zacian\n|-damage|p1a: Zacian|5\/100\n|-hitcount|p1a: Zacian|3\n|move|p1a: Zacian|Behemoth Blade|p2a: Ditto\n|-supereffective|p2a: Ditto\n|-damage|p2a: Ditto|0 fnt\n|faint|p2a: Ditto\n|\n|upkeep\n|c|\u2606Szymszym134|XDD\n|\n|t:|1699972486\n|switch|p2a: Arceus|Arceus-Ground|100\/100\n|turn|11\n|\n|t:|1699972490\n|move|p1a: Zacian|Behemoth Blade|p2a: Arceus\n|-damage|p2a: Arceus|51\/100\n|move|p2a: Arceus|Judgment|p1a: Zacian\n|-supereffective|p1a: Zacian\n|-damage|p1a: Zacian|0 fnt\n|faint|p1a: Zacian\n|\n|upkeep\n|c| EpicGamer069420|ur ditto isnt dice tbf\n|\n|t:|1699972501\n|switch|p1a: Kyurem|Kyurem-Black|50\/100\n|-ability|p1a: Kyurem|Teravolt\n|turn|12\n|\n|t:|1699972506\n|move|p2a: Arceus|Judgment|p1a: Kyurem\n|-damage|p1a: Kyurem|5\/100\n|move|p1a: Kyurem|Dragon Dance|p1a: Kyurem\n|-boost|p1a: Kyurem|atk|1\n|-boost|p1a: Kyurem|spe|1\n|\n|upkeep\n|turn|13\n|\n|t:|1699972514\n|move|p1a: Kyurem|Icicle Spear|p2a: Arceus\n|-supereffective|p2a: Arceus\n|-damage|p2a: Arceus|24\/100\n|-supereffective|p2a: Arceus\n|-damage|p2a: Arceus|0 fnt\n|faint|p2a: Arceus\n|-hitcount|p2: Arceus|2\n|\n|upkeep\n|\n|t:|1699972516\n|switch|p2a: Kingambit|Kingambit, F|100\/100\n|-activate|p2a: Kingambit|ability: Supreme Overlord\n|-start|p2a: Kingambit|fallen2|[silent]\n|turn|14\n|\n|t:|1699972529\n|move|p2a: Kingambit|Sucker Punch||[still]\n|-fail|p2a: Kingambit\n|move|p1a: Kyurem|Dragon Dance|p1a: Kyurem\n|-boost|p1a: Kyurem|atk|1\n|-boost|p1a: Kyurem|spe|1\n|\n|upkeep\n|turn|15\n|\n|t:|1699972535\n|move|p2a: Kingambit|Sucker Punch|p1a: Kyurem\n|-crit|p1a: Kyurem\n|-damage|p1a: Kyurem|0 fnt\n|faint|p1a: Kyurem\n|\n|upkeep\n|\n|t:|1699972545\n|switch|p1a: Landorus|Landorus, M|100\/100\n|turn|16\n|\n|t:|1699972550\n|-terastallize|p2a: Kingambit|Dark\n|move|p1a: Landorus|Earth Power|p2a: Kingambit\n|-damage|p2a: Kingambit|28\/100\n|move|p2a: Kingambit|Knock Off|p1a: Landorus\n|-damage|p1a: Landorus|0 fnt\n|-enditem|p1a: Landorus|Life Orb|[from] move: Knock Off|[of] p2a: Kingambit\n|faint|p1a: Landorus\n|\n|upkeep\n|\n|t:|1699972564\n|switch|p1a: Groudon|Groudon|100\/100\n|detailschange|p1a: Groudon|Groudon-Primal\n|-primal|p1a: Groudon|Red Orb\n|-weather|DesolateLand|[from] ability: Desolate Land|[of] p1a: Groudon\n|turn|17\n|\n|t:|1699972571\n|move|p2a: Kingambit|Sucker Punch|p1a: Groudon\n|-damage|p1a: Groudon|54\/100\n|move|p1a: Groudon|Heat Crash|p2a: Kingambit\n|-crit|p2a: Kingambit\n|-damage|p2a: Kingambit|0 fnt\n|faint|p2a: Kingambit\n|-end|p2a: Kingambit|fallen2|[silent]\n|\n|-weather|DesolateLand|[upkeep]\n|upkeep\n|\n|t:|1699972576\n|switch|p2a: Mewtwo|Mewtwo|100\/100\n|-ability|p2a: Mewtwo|Unnerve\n|turn|18\n|\n|t:|1699972583\n|detailschange|p2a: Mewtwo|Mewtwo-Mega-Y\n|-mega|p2a: Mewtwo|Mewtwo|Mewtwonite Y\n|move|p2a: Mewtwo|Earth Power|p1a: Groudon\n|-supereffective|p1a: Groudon\n|-damage|p1a: Groudon|0 fnt\n|faint|p1a: Groudon\n|-weather|none\n|\n|upkeep\n|\n|t:|1699972591\n|switch|p1a: Arceus|Arceus-Ground|100\/100\n|turn|19\n|\n|t:|1699972595\n|move|p2a: Mewtwo|Ice Beam|p1a: Arceus\n|-supereffective|p1a: Arceus\n|-damage|p1a: Arceus|40\/100\n|move|p1a: Arceus|Dragon Dance|p1a: Arceus\n|-boost|p1a: Arceus|atk|1\n|-boost|p1a: Arceus|spe|1\n|\n|upkeep\n|turn|20\n|\n|t:|1699972604\n|move|p1a: Arceus|Earthquake|p2a: Mewtwo\n|-damage|p2a: Mewtwo|2\/100\n|move|p2a: Mewtwo|Ice Beam|p1a: Arceus\n|-supereffective|p1a: Arceus\n|-damage|p1a: Arceus|0 fnt\n|faint|p1a: Arceus\n|\n|win|Szymszym134\n|raw|85792195wwww's rating: 1520 &rarr; <strong>1506<\/strong><br \/>(-14 for losing)\n|raw|Szymszym134's rating: 1622 &rarr; <strong>1636<\/strong><br \/>(+14 for winning)\n|l|\u2606Szymszym134\n|l|\u260685792195wwww\n|l| EpicGamer069420\n","uploadtime":1699972617,"views":6,"p1id":"85792195wwww","p2id":"szymszym134","formatid":"gen9nationaldexubers","rating":1506,"private":0,"password":""}