{"id":"gen9nationaldexubers-1997281588","p1":"ShinyEggxecutor","p2":"Billy189","format":"[Gen 9] National Dex Ubers","log":"|j|\u2606ShinyEggxecutor\n|j|\u2606Billy189\n|t:|1700784187\n|gametype|singles\n|player|p1|ShinyEggxecutor|koga|1172\n|player|p2|Billy189|169|1235\n|teamsize|p1|6\n|teamsize|p2|6\n|gen|9\n|tier|[Gen 9] National Dex Ubers\n|rated|\n|rule|HP Percentage Mod: HP is shown in percentages\n|rule|Endless Battle Clause: Forcing endless battles is banned\n|rule|OHKO Clause: OHKO moves are banned\n|rule|Evasion Moves Clause: Evasion moves are banned\n|rule|Evasion Items Clause: Evasion items are banned\n|rule|Species Clause: Limit one of each Pok\u00e9mon\n|rule|Sleep Clause Mod: Limit one foe put to sleep\n|rule|Mega Rayquaza Clause: You cannot mega evolve Rayquaza\n|clearpoke\n|poke|p1|Sneasler, F|\n|poke|p1|Dragapult, F|\n|poke|p1|Trevenant, F|\n|poke|p1|Mewtwo|\n|poke|p1|Zoroark-Hisui, M|\n|poke|p1|Scovillain, M|\n|poke|p2|Pikachu, F|\n|poke|p2|Lucario, M|\n|poke|p2|Dracovish|\n|poke|p2|Sirfetch\u2019d, M|\n|poke|p2|Dragonite, M|\n|poke|p2|Gengar, F|\n|teampreview\n|\n|t:|1700784199\n|start\n|switch|p1a: Mewtwo|Mewtwo, shiny|100\/100\n|switch|p2a: Gengar|Gengar, F|100\/100\n|-ability|p1a: Mewtwo|Pressure\n|turn|1\n|inactive|Battle timer is ON: inactive players will automatically lose when time's up. (requested by Billy189)\n|\n|t:|1700784209\n|move|p1a: Mewtwo|Earthquake|p2a: Gengar\n|-supereffective|p2a: Gengar\n|-enditem|p2a: Gengar|Focus Sash\n|-damage|p2a: Gengar|1\/100\n|-start|p1a: Mewtwo|Disable|Earthquake|[from] ability: Cursed Body|[of] p2a: Gengar\n|move|p2a: Gengar|Shadow Ball|p1a: Mewtwo\n|-supereffective|p1a: Mewtwo\n|-damage|p1a: Mewtwo|14\/100\n|\n|upkeep\n|turn|2\n|\n|t:|1700784221\n|detailschange|p1a: Mewtwo|Mewtwo-Mega-X, shiny\n|-mega|p1a: Mewtwo|Mewtwo|Mewtwonite X\n|move|p1a: Mewtwo|Psycho Cut|p2a: Gengar\n|-supereffective|p2a: Gengar\n|-crit|p2a: Gengar\n|-damage|p2a: Gengar|0 fnt\n|faint|p2a: Gengar\n|\n|upkeep\n|\n|t:|1700784225\n|switch|p2a: Lucario|Lucario, M|100\/100\n|turn|3\n|\n|t:|1700784231\n|move|p2a: Lucario|Bullet Punch|p1a: Mewtwo\n|-damage|p1a: Mewtwo|0 fnt\n|faint|p1a: Mewtwo\n|\n|upkeep\n|\n|t:|1700784240\n|switch|p1a: \ud83d\udc85|Sneasler, F|100\/100\n|turn|4\n|inactive|Billy189 has 120 seconds left.\n|\n|t:|1700784276\n|switch|p2a: Pikachu|Pikachu, F|100\/100\n|move|p1a: \ud83d\udc85|Fake Out|p2a: Pikachu\n|-damage|p2a: Pikachu|46\/100\n|-status|p2a: Pikachu|psn|[from] ability: Poison Touch|[of] p1a: \ud83d\udc85\n|\n|-damage|p2a: Pikachu|34\/100 psn|[from] psn\n|upkeep\n|turn|5\n|inactive|Billy189 has 120 seconds left.\n|\n|t:|1700784287\n|move|p2a: Pikachu|Extreme Speed|p1a: \ud83d\udc85\n|-damage|p1a: \ud83d\udc85|41\/100\n|move|p1a: \ud83d\udc85|Dire Claw|p2a: Pikachu\n|-damage|p2a: Pikachu|0 fnt\n|faint|p2a: Pikachu\n|\n|upkeep\n|inactive|Billy189 has 120 seconds left.\n|\n|t:|1700784294\n|switch|p2a: Dragonite|Dragonite, M|100\/100\n|turn|6\n|\n|t:|1700784301\n|move|p1a: \ud83d\udc85|Dire Claw|p2a: Dragonite\n|-damage|p2a: Dragonite|76\/100\n|-status|p2a: Dragonite|slp\n|cant|p2a: Dragonite|slp\n|\n|upkeep\n|turn|7\n|\n|t:|1700784308\n|move|p1a: \ud83d\udc85|Dire Claw|p2a: Dragonite\n|-damage|p2a: Dragonite|25\/100 slp\n|cant|p2a: Dragonite|slp\n|\n|upkeep\n|turn|8\n|\n|t:|1700784314\n|move|p1a: \ud83d\udc85|Dire Claw|p2a: Dragonite\n|-damage|p2a: Dragonite|0 fnt\n|faint|p2a: Dragonite\n|\n|upkeep\n|\n|t:|1700784318\n|switch|p2a: Dracovish|Dracovish|100\/100\n|turn|9\n|-activate|p1a: \ud83d\udc85|item: Quick Claw\n|\n|t:|1700784323\n|move|p1a: \ud83d\udc85|Dire Claw|p2a: Dracovish\n|-damage|p2a: Dracovish|50\/100\n|-status|p2a: Dracovish|par\n|move|p2a: Dracovish|Fishious Rend|p1a: \ud83d\udc85\n|-damage|p1a: \ud83d\udc85|0 fnt\n|faint|p1a: \ud83d\udc85\n|\n|upkeep\n|\n|t:|1700784335\n|switch|p1a: Jet dinosaur|Dragapult, F|100\/100\n|turn|10\n|\n|t:|1700784339\n|move|p1a: Jet dinosaur|Dragon Darts|p2a: Dracovish\n|-supereffective|p2a: Dracovish\n|-damage|p2a: Dracovish|0 fnt\n|faint|p2a: Dracovish\n|\n|upkeep\n|\n|t:|1700784343\n|switch|p2a: Sirfetch\u2019d|Sirfetch\u2019d, M|100\/100\n|turn|11\n|\n|t:|1700784347\n|move|p1a: Jet dinosaur|Psychic Fangs|p2a: Sirfetch\u2019d\n|-supereffective|p2a: Sirfetch\u2019d\n|-damage|p2a: Sirfetch\u2019d|31\/100\n|move|p2a: Sirfetch\u2019d|Meteor Assault|p1a: Jet dinosaur\n|-damage|p1a: Jet dinosaur|0 fnt\n|-mustrecharge|p2a: Sirfetch\u2019d\n|faint|p1a: Jet dinosaur\n|\n|upkeep\n|\n|t:|1700784358\n|switch|p1a: Scary \ud83d\ude26|Trevenant, F|100\/100\n|turn|12\n|\n|t:|1700784364\n|move|p1a: Scary \ud83d\ude26|Dark Pulse|p2a: Sirfetch\u2019d\n|-resisted|p2a: Sirfetch\u2019d\n|-damage|p2a: Sirfetch\u2019d|16\/100\n|cant|p2a: Sirfetch\u2019d|recharge\n|\n|upkeep\n|turn|13\n|\n|t:|1700784371\n|move|p1a: Scary \ud83d\ude26|Focus Blast|p2a: Sirfetch\u2019d|[miss]\n|-miss|p1a: Scary \ud83d\ude26|p2a: Sirfetch\u2019d\n|move|p2a: Sirfetch\u2019d|Brave Bird|p1a: Scary \ud83d\ude26\n|-crit|p1a: Scary \ud83d\ude26\n|-damage|p1a: Scary \ud83d\ude26|0 fnt\n|replace|p1a: Zoroark|Zoroark-Hisui, M\n|-end|p1a: Zoroark|Illusion\n|faint|p1a: Zoroark\n|-damage|p2a: Sirfetch\u2019d|0 fnt|[from] Recoil\n|faint|p2a: Sirfetch\u2019d\n|\n|upkeep\n|\n|t:|1700784384\n|switch|p1a: Scary \ud83d\ude26|Trevenant, F|100\/100\n|switch|p2a: Lucario|Lucario, M|100\/100\n|-item|p2a: Lucario|Lucarionite|[from] ability: Frisk|[of] p1a: Scary \ud83d\ude26|[identify]\n|turn|14\n|\n|t:|1700784398\n|detailschange|p2a: Lucario|Lucario-Mega, M\n|-mega|p2a: Lucario|Lucario|Lucarionite\n|move|p2a: Lucario|Blaze Kick|p1a: Scary \ud83d\ude26|[miss]\n|-miss|p2a: Lucario|p1a: Scary \ud83d\ude26\n|move|p1a: Scary \ud83d\ude26|Drain Punch|p2a: Lucario\n|-supereffective|p2a: Lucario\n|-damage|p2a: Lucario|35\/100\n|\n|upkeep\n|turn|15\n|\n|t:|1700784408\n|move|p2a: Lucario|Blaze Kick|p1a: Scary \ud83d\ude26\n|-supereffective|p1a: Scary \ud83d\ude26\n|-damage|p1a: Scary \ud83d\ude26|5\/100\n|move|p1a: Scary \ud83d\ude26|Dig||[still]\n|-prepare|p1a: Scary \ud83d\ude26|Dig\n|\n|upkeep\n|turn|16\n|\n|t:|1700784414\n|move|p2a: Lucario|Blaze Kick|p1a: Scary \ud83d\ude26|[miss]\n|-miss|p2a: Lucario|p1a: Scary \ud83d\ude26\n|move|p1a: Scary \ud83d\ude26|Dig|p2a: Lucario|[from]lockedmove\n|-supereffective|p2a: Lucario\n|-damage|p2a: Lucario|0 fnt\n|faint|p2a: Lucario\n|\n|win|ShinyEggxecutor\n|raw|ShinyEggxecutor's rating: 1172 &rarr; <strong>1201<\/strong><br \/>(+29 for winning)\n|raw|Billy189's rating: 1235 &rarr; <strong>1206<\/strong><br \/>(-29 for losing)\n","uploadtime":1700784418,"views":3,"p1id":"shinyeggxecutor","p2id":"billy189","formatid":"gen9nationaldexubers","rating":1201,"private":0,"password":""}