{"id":"gen9nationaldexubers-1978245572","p1":"TheRealDiabeto","p2":"Psychorise","format":"[Gen 9] National Dex Ubers","log":"|j|\u2606TheRealDiabeto\n|j|\u2606Psychorise\n|t:|1698516604\n|gametype|singles\n|player|p1|TheRealDiabeto|steven|\n|player|p2|Psychorise|courtney|\n|teamsize|p1|6\n|teamsize|p2|6\n|gen|9\n|tier|[Gen 9] National Dex Ubers\n|rule|HP Percentage Mod: HP is shown in percentages\n|rule|Endless Battle Clause: Forcing endless battles is banned\n|rule|OHKO Clause: OHKO moves are banned\n|rule|Evasion Moves Clause: Evasion moves are banned\n|rule|Evasion Items Clause: Evasion items are banned\n|rule|Species Clause: Limit one of each Pok\u00e9mon\n|rule|Sleep Clause Mod: Limit one foe put to sleep\n|rule|Mega Rayquaza Clause: You cannot mega evolve Rayquaza\n|clearpoke\n|poke|p1|Swampert, M|\n|poke|p1|Baxcalibur, M|\n|poke|p1|Skeledirge, M|\n|poke|p1|Garchomp, M|\n|poke|p1|Chansey, F|\n|poke|p1|Pelipper, M|\n|poke|p2|Volcanion|\n|poke|p2|Iron Moth|\n|poke|p2|Dachsbun, M|\n|poke|p2|Charizard, F|\n|poke|p2|Marowak-Alola, F|\n|poke|p2|Arcanine-Hisui, F|\n|teampreview\n|inactive|Battle timer is ON: inactive players will automatically lose when time's up. (requested by Psychorise)\n|inactiveoff|Battle timer is now OFF.\n|c|\u2606Psychorise|glhf\n|c|\u2606TheRealDiabeto|you 2\n|j| k7eenex\n|\n|t:|1698516634\n|start\n|switch|p1a: Tyberos|Garchomp, M|100\/100\n|switch|p2a: Smoke|Arcanine-Hisui, F|100\/100\n|turn|1\n|\n|t:|1698516694\n|move|p2a: Smoke|Head Smash|p1a: Tyberos\n|-resisted|p1a: Tyberos\n|-damage|p1a: Tyberos|62\/100\n|-damage|p2a: Smoke|88\/100|[from] ability: Rough Skin|[of] p1a: Tyberos\n|-damage|p2a: Smoke|71\/100|[from] item: Rocky Helmet|[of] p1a: Tyberos\n|move|p1a: Tyberos|Earthquake|p2a: Smoke\n|-supereffective|p2a: Smoke\n|-damage|p2a: Smoke|0 fnt\n|faint|p2a: Smoke\n|\n|upkeep\n|\n|t:|1698516697\n|switch|p2a: Broil|Charizard, F, shiny|100\/100\n|turn|2\n|j| vespyyy\n|\n|t:|1698516728\n|detailschange|p2a: Broil|Charizard-Mega-Y, F, shiny\n|-mega|p2a: Broil|Charizard|Charizardite Y\n|-weather|SunnyDay|[from] ability: Drought|[of] p2a: Broil\n|move|p2a: Broil|Weather Ball|p1a: Tyberos\n|-resisted|p1a: Tyberos\n|-damage|p1a: Tyberos|18\/100\n|move|p1a: Tyberos|Toxic|p2a: Broil\n|-status|p2a: Broil|tox\n|\n|-weather|SunnyDay|[upkeep]\n|-damage|p2a: Broil|94\/100 tox|[from] psn\n|upkeep\n|turn|3\n|\n|t:|1698516740\n|move|p2a: Broil|Weather Ball|p1a: Tyberos\n|-resisted|p1a: Tyberos\n|-damage|p1a: Tyberos|0 fnt\n|faint|p1a: Tyberos\n|\n|-weather|SunnyDay|[upkeep]\n|-damage|p2a: Broil|82\/100 tox|[from] psn\n|upkeep\n|\n|t:|1698516749\n|switch|p1a: Mephiston|Skeledirge, M, shiny|100\/100\n|turn|4\n|\n|t:|1698516753\n|move|p2a: Broil|Scorching Sands|p1a: Mephiston\n|-supereffective|p1a: Mephiston\n|-damage|p1a: Mephiston|39\/100\n|move|p1a: Mephiston|Hex|p2a: Broil\n|-crit|p2a: Broil\n|-damage|p2a: Broil|9\/100 tox\n|\n|-weather|SunnyDay|[upkeep]\n|-damage|p2a: Broil|0 fnt|[from] psn\n|faint|p2a: Broil\n|upkeep\n|c| vespyyy|Unfortunate doesnt begin to describe\n|c| k7eenex|Crit mattered?\n|c| vespyyy|P sure theyve got roost to heal off the damage\n|c|\u2606TheRealDiabeto|skeledirge bulkier than I thought\n|\n|t:|1698516822\n|switch|p2a: Grill|Marowak-Alola, F, shiny|100\/100\n|turn|5\n|\n|t:|1698516827\n|move|p2a: Grill|Stealth Rock|p1a: Mephiston\n|-sidestart|p1: TheRealDiabeto|move: Stealth Rock\n|move|p1a: Mephiston|Slack Off|p1a: Mephiston\n|-heal|p1a: Mephiston|89\/100\n|\n|-weather|SunnyDay|[upkeep]\n|upkeep\n|turn|6\n|\n|t:|1698516835\n|move|p2a: Grill|Poltergeist|p1a: Mephiston\n|-activate|p1a: Mephiston|move: Poltergeist|Heavy-Duty Boots\n|-supereffective|p1a: Mephiston\n|-damage|p1a: Mephiston|0 fnt\n|faint|p1a: Mephiston\n|\n|-weather|none\n|upkeep\n|\n|t:|1698516842\n|switch|p1a: Celestine|Chansey, F|100\/100\n|-damage|p1a: Celestine|88\/100|[from] Stealth Rock\n|turn|7\n|\n|t:|1698516848\n|move|p2a: Grill|Flare Blitz|p1a: Celestine\n|-damage|p1a: Celestine|19\/100\n|-damage|p2a: Grill|43\/100|[from] Recoil\n|move|p1a: Celestine|Thunder Wave|p2a: Grill\n|-ability|p2a: Grill|Lightning Rod|boost\n|-boost|p2a: Grill|spa|1\n|\n|upkeep\n|turn|8\n|c|\u2606Psychorise|THE ONE PIECE\n|c| vespyyy|Lmfal\n|\n|t:|1698516860\n|move|p2a: Grill|Poltergeist|p1a: Celestine\n|-immune|p1a: Celestine\n|move|p1a: Celestine|Aromatherapy||[still]\n|-activate|p1a: Celestine|move: Aromatherapy\n|-fail|p1a: Celestine\n|\n|upkeep\n|turn|9\n|\n|t:|1698516871\n|move|p2a: Grill|Bonemerang|p1a: Celestine\n|-damage|p1a: Celestine|2\/100\n|-damage|p1a: Celestine|0 fnt\n|faint|p1a: Celestine\n|-hitcount|p1: Celestine|2\n|\n|upkeep\n|c| vespyyy|Serise fr just flexing\n|c|\u2606Psychorise|I'm not...\n|\n|t:|1698516878\n|switch|p1a: Leman Russ|Baxcalibur, M|100\/100\n|-damage|p1a: Leman Russ|76\/100|[from] Stealth Rock\n|turn|10\n|c|\u2606Psychorise|I just can't comprehend a world where Chansey stays in\n|\n|t:|1698516889\n|switch|p2a: Bake|Dachsbun, M|100\/100\n|move|p1a: Leman Russ|Earthquake|p2a: Bake\n|-damage|p2a: Bake|75\/100\n|\n|-heal|p2a: Bake|81\/100|[from] item: Leftovers\n|upkeep\n|turn|11\n|\n|t:|1698516898\n|switch|p1a: He'Stan|Pelipper, M, shiny|100\/100\n|-damage|p1a: He'Stan|76\/100|[from] Stealth Rock\n|-weather|RainDance|[from] ability: Drizzle|[of] p1a: He'Stan\n|move|p2a: Bake|Yawn|p1a: He'Stan\n|-start|p1a: He'Stan|move: Yawn|[of] p2a: Bake\n|\n|-weather|RainDance|[upkeep]\n|-heal|p2a: Bake|87\/100|[from] item: Leftovers\n|upkeep\n|turn|12\n|\n|t:|1698516908\n|move|p2a: Bake|Protect|p2a: Bake\n|-singleturn|p2a: Bake|Protect\n|move|p1a: He'Stan|Defog|p2a: Bake\n|-activate|p2a: Bake|move: Protect\n|\n|-weather|RainDance|[upkeep]\n|-heal|p2a: Bake|93\/100|[from] item: Leftovers\n|-end|p1a: He'Stan|move: Yawn|[silent]\n|-status|p1a: He'Stan|slp\n|upkeep\n|turn|13\n|\n|t:|1698516918\n|switch|p2a: Steaming|Volcanion|100\/100\n|-item|p2a: Steaming|Air Balloon\n|switch|p1a: Marneus Calgar|Swampert, M|100\/100\n|-damage|p1a: Marneus Calgar|94\/100|[from] Stealth Rock\n|\n|-weather|RainDance|[upkeep]\n|upkeep\n|turn|14\n|c|\u2606Psychorise|oh shit\n|c|\u2606Psychorise|I hate this thing\n|\n|t:|1698516930\n|detailschange|p1a: Marneus Calgar|Swampert-Mega, M\n|-mega|p1a: Marneus Calgar|Swampert|Swampertite\n|move|p1a: Marneus Calgar|Waterfall|p2a: Steaming\n|-immune|p2a: Steaming|[from] ability: Water Absorb\n|move|p2a: Steaming|Steam Eruption|p1a: Marneus Calgar\n|-crit|p1a: Marneus Calgar\n|-damage|p1a: Marneus Calgar|0 fnt\n|faint|p1a: Marneus Calgar\n|\n|-weather|RainDance|[upkeep]\n|upkeep\n|c|\u2606Psychorise|crit mattered\n|\n|t:|1698516940\n|switch|p1a: Leman Russ|Baxcalibur, M|76\/100\n|-damage|p1a: Leman Russ|51\/100|[from] Stealth Rock\n|turn|15\n|c|\u2606Psychorise|oh wait\n|c|\u2606Psychorise|IT DID LMAO\n|c|\u2606Psychorise|I was kidding\n|\n|t:|1698516962\n|move|p1a: Leman Russ|Glaive Rush|p2a: Steaming\n|-damage|p2a: Steaming|41\/100\n|-singlemove|p1a: Leman Russ|Glaive Rush|[silent]\n|-enditem|p2a: Steaming|Air Balloon\n|move|p2a: Steaming|Steam Eruption|p1a: Leman Russ\n|-resisted|p1a: Leman Russ\n|-damage|p1a: Leman Russ|0 fnt\n|faint|p1a: Leman Russ\n|\n|-weather|RainDance|[upkeep]\n|upkeep\n|c|\u2606Psychorise|gg\n|\n|t:|1698516972\n|switch|p1a: He'Stan|Pelipper, M, shiny|76\/100 slp\n|-damage|p1a: He'Stan|51\/100 slp|[from] Stealth Rock\n|turn|16\n|c|\u2606TheRealDiabeto|cannot believe protect stops defog\n|\n|t:|1698516987\n|move|p2a: Steaming|Steam Eruption|p1a: He'Stan\n|-resisted|p1a: He'Stan\n|-damage|p1a: He'Stan|0 fnt\n|faint|p1a: He'Stan\n|\n|win|Psychorise\n|c|\u2606Psychorise|well...\n|c|\u2606Psychorise|yeah\n|l|\u2606TheRealDiabeto\n|l| vespyyy\n|l| k7eenex\n","uploadtime":1698517003,"views":13,"p1id":"therealdiabeto","p2id":"psychorise","formatid":"gen9nationaldexubers","rating":0,"private":0,"password":""}