{"id":"gen9nationaldexubers-1984853557","p1":"ChupaCabra_6258","p2":"abigolname","format":"[Gen 9] National Dex Ubers","log":"|j|\u2606ChupaCabra_6258\n|j|\u2606abigolname\n|t:|1699304657\n|gametype|singles\n|player|p1|ChupaCabra_6258|pokemaniac|1223\n|player|p2|abigolname|2|1151\n|teamsize|p1|6\n|teamsize|p2|6\n|gen|9\n|tier|[Gen 9] National Dex Ubers\n|rated|\n|rule|HP Percentage Mod: HP is shown in percentages\n|rule|Endless Battle Clause: Forcing endless battles is banned\n|rule|OHKO Clause: OHKO moves are banned\n|rule|Evasion Moves Clause: Evasion moves are banned\n|rule|Evasion Items Clause: Evasion items are banned\n|rule|Species Clause: Limit one of each Pok\u00e9mon\n|rule|Sleep Clause Mod: Limit one foe put to sleep\n|rule|Mega Rayquaza Clause: You cannot mega evolve Rayquaza\n|clearpoke\n|poke|p1|Zoroark-Hisui, M|\n|poke|p1|Serperior, F|\n|poke|p1|Kommo-o, F|\n|poke|p1|Mawile, M|\n|poke|p1|Azelf|\n|poke|p1|Chien-Pao|\n|poke|p2|Shuckle, M|\n|poke|p2|Baxcalibur, F|\n|poke|p2|Tapu Lele|\n|poke|p2|Zamazenta-*|\n|poke|p2|Gholdengo|\n|poke|p2|Tentacruel, M|\n|teampreview\n|\n|t:|1699304661\n|start\n|switch|p1a: Azelf|Azelf|100\/100\n|switch|p2a: Shuckle|Shuckle, M|100\/100\n|turn|1\n|\n|t:|1699304666\n|move|p1a: Azelf|Taunt|p2a: Shuckle\n|-start|p2a: Shuckle|move: Taunt\n|cant|p2a: Shuckle|move: Taunt|Sticky Web\n|\n|upkeep\n|turn|2\n|\n|t:|1699304672\n|switch|p2a: Tentacruel|Tentacruel, M|100\/100\n|move|p1a: Azelf|Reflect|p1a: Azelf\n|-sidestart|p1: ChupaCabra_6258|Reflect\n|\n|upkeep\n|turn|3\n|\n|t:|1699304680\n|move|p1a: Azelf|Taunt|p2a: Tentacruel\n|-start|p2a: Tentacruel|move: Taunt\n|move|p2a: Tentacruel|Knock Off|p1a: Azelf\n|-supereffective|p1a: Azelf\n|-damage|p1a: Azelf|81\/100\n|-enditem|p1a: Azelf|Light Clay|[from] move: Knock Off|[of] p2a: Tentacruel\n|\n|upkeep\n|turn|4\n|\n|t:|1699304686\n|move|p1a: Azelf|Light Screen|p1a: Azelf\n|-sidestart|p1: ChupaCabra_6258|move: Light Screen\n|move|p2a: Tentacruel|Sludge Bomb|p1a: Azelf\n|-damage|p1a: Azelf|65\/100\n|\n|upkeep\n|turn|5\n|\n|t:|1699304692\n|switch|p1a: Kommo-o|Kommo-o, F|100\/100\n|move|p2a: Tentacruel|Sludge Bomb|p1a: Kommo-o\n|-immune|p1a: Kommo-o|[from] ability: Bulletproof\n|\n|-end|p2a: Tentacruel|move: Taunt\n|upkeep\n|turn|6\n|\n|t:|1699304700\n|switch|p2a: Shuckle|Shuckle, M|100\/100\n|move|p1a: Kommo-o|Substitute|p1a: Kommo-o\n|-start|p1a: Kommo-o|Substitute\n|-damage|p1a: Kommo-o|75\/100\n|\n|upkeep\n|turn|7\n|\n|t:|1699304706\n|move|p1a: Kommo-o|Belly Drum|p1a: Kommo-o\n|-damage|p1a: Kommo-o|25\/100\n|-setboost|p1a: Kommo-o|atk|6|[from] move: Belly Drum\n|-enditem|p1a: Kommo-o|Salac Berry|[eat]\n|-boost|p1a: Kommo-o|spe|1|[from] item: Salac Berry\n|move|p2a: Shuckle|Sticky Web|p1a: Kommo-o\n|-sidestart|p1: ChupaCabra_6258|move: Sticky Web\n|\n|upkeep\n|turn|8\n|\n|t:|1699304714\n|move|p1a: Kommo-o|Drain Punch|p2a: Shuckle\n|-damage|p2a: Shuckle|20\/100\n|-heal|p1a: Kommo-o|59\/100|[from] drain|[of] p2a: Shuckle\n|-enditem|p2a: Shuckle|Red Card|[of] p1a: Kommo-o\n|drag|p1a: Chien-Pao|Chien-Pao|100\/100\n|-ability|p1a: Chien-Pao|Sword of Ruin\n|move|p2a: Shuckle|Stealth Rock|p1a: Chien-Pao\n|-sidestart|p1: ChupaCabra_6258|move: Stealth Rock\n|\n|-sideend|p1: ChupaCabra_6258|move: Light Screen\n|upkeep\n|turn|9\n|\n|t:|1699304724\n|move|p1a: Chien-Pao|Sacred Sword|p2a: Shuckle\n|-damage|p2a: Shuckle|0 fnt\n|faint|p2a: Shuckle\n|\n|-sideend|p1: ChupaCabra_6258|Reflect\n|upkeep\n|\n|t:|1699304732\n|switch|p2a: Zamazenta|Zamazenta|100\/100\n|-ability|p2a: Zamazenta|Dauntless Shield|boost\n|-boost|p2a: Zamazenta|def|1\n|turn|10\n|\n|t:|1699304743\n|switch|p1a: Azelf|Azelf|65\/100\n|-damage|p1a: Azelf|53\/100|[from] Stealth Rock\n|move|p2a: Zamazenta|Heavy Slam|p1a: Azelf\n|-damage|p1a: Azelf|11\/100\n|\n|upkeep\n|turn|11\n|\n|t:|1699304751\n|move|p2a: Zamazenta|Body Press|p1a: Azelf\n|-resisted|p1a: Azelf\n|-damage|p1a: Azelf|0 fnt\n|faint|p1a: Azelf\n|\n|upkeep\n|\n|t:|1699304759\n|switch|p1a: Serperior|Serperior, F, shiny|100\/100\n|-activate|p1a: Serperior|move: Sticky Web\n|-boost|p1a: Serperior|spe|1\n|-damage|p1a: Serperior|88\/100|[from] Stealth Rock\n|turn|12\n|\n|t:|1699304779\n|-terastallize|p2a: Zamazenta|Steel\n|move|p1a: Serperior|Leaf Storm|p2a: Zamazenta\n|-resisted|p2a: Zamazenta\n|-damage|p2a: Zamazenta|78\/100\n|-boost|p1a: Serperior|spa|2\n|move|p2a: Zamazenta|Body Press|p1a: Serperior\n|-damage|p1a: Serperior|18\/100\n|\n|-heal|p1a: Serperior|24\/100|[from] item: Leftovers\n|-heal|p2a: Zamazenta|84\/100|[from] item: Leftovers\n|upkeep\n|turn|13\n|\n|t:|1699304791\n|move|p1a: Serperior|Hidden Power|p2a: Zamazenta\n|-supereffective|p2a: Zamazenta\n|-damage|p2a: Zamazenta|34\/100\n|move|p2a: Zamazenta|Body Press|p1a: Serperior\n|-damage|p1a: Serperior|0 fnt\n|faint|p1a: Serperior\n|\n|-heal|p2a: Zamazenta|40\/100|[from] item: Leftovers\n|upkeep\n|\n|t:|1699304805\n|switch|p1a: Kommo-o|Kommo-o, F|59\/100\n|-activate|p1a: Kommo-o|move: Sticky Web\n|-unboost|p1a: Kommo-o|spe|1\n|-damage|p1a: Kommo-o|53\/100|[from] Stealth Rock\n|turn|14\n|\n|t:|1699304820\n|switch|p2a: Gholdengo|Gholdengo|100\/100\n|-item|p2a: Gholdengo|Air Balloon\n|move|p1a: Kommo-o|Drain Punch|p2a: Gholdengo\n|-immune|p2a: Gholdengo\n|\n|upkeep\n|turn|15\n|\n|t:|1699304829\n|move|p2a: Gholdengo|Make It Rain|p1a: Kommo-o\n|-damage|p1a: Kommo-o|0 fnt\n|-unboost|p2a: Gholdengo|spa|1\n|faint|p1a: Kommo-o\n|\n|upkeep\n|\n|t:|1699304838\n|switch|p1a: Chien-Pao|Chien-Pao|100\/100\n|-ability|p1a: Chien-Pao|Sword of Ruin\n|turn|16\n|\n|t:|1699304851\n|switch|p2a: Tapu Lele|Tapu Lele|100\/100\n|-fieldstart|move: Psychic Terrain|[from] ability: Psychic Surge|[of] p2a: Tapu Lele\n|move|p1a: Chien-Pao|Crunch|p2a: Tapu Lele\n|-damage|p2a: Tapu Lele|28\/100\n|\n|upkeep\n|turn|17\n|\n|t:|1699304857\n|move|p1a: Chien-Pao|Crunch|p2a: Tapu Lele\n|-damage|p2a: Tapu Lele|0 fnt\n|faint|p2a: Tapu Lele\n|\n|upkeep\n|\n|t:|1699304867\n|switch|p2a: Zamazenta|Zamazenta, tera:Steel|40\/100\n|turn|18\n|\n|t:|1699304870\n|move|p2a: Zamazenta|Body Press|p1a: Chien-Pao\n|-supereffective|p1a: Chien-Pao\n|-crit|p1a: Chien-Pao\n|-damage|p1a: Chien-Pao|0 fnt\n|faint|p1a: Chien-Pao\n|\n|-heal|p2a: Zamazenta|46\/100|[from] item: Leftovers\n|upkeep\n|\n|t:|1699304878\n|switch|p1a: Mawile|Mawile, M|100\/100\n|-activate|p1a: Mawile|move: Sticky Web\n|-unboost|p1a: Mawile|spe|1\n|-damage|p1a: Mawile|88\/100|[from] Stealth Rock\n|turn|19\n|\n|t:|1699304887\n|switch|p2a: Tentacruel|Tentacruel, M|100\/100\n|move|p1a: Mawile|Flamethrower|p2a: Tentacruel\n|-resisted|p2a: Tentacruel\n|-damage|p2a: Tentacruel|92\/100\n|\n|upkeep\n|turn|20\n|\n|t:|1699304904\n|move|p2a: Tentacruel|Scald|p1a: Mawile\n|-damage|p1a: Mawile|44\/100\n|replace|p1a: Zoroark|Zoroark-Hisui, M\n|-end|p1a: Zoroark|Illusion\n|move|p1a: Zoroark|Hyper Voice|p2a: Tentacruel\n|-damage|p2a: Tentacruel|65\/100\n|\n|upkeep\n|turn|21\n|\n|t:|1699304911\n|move|p2a: Tentacruel|Knock Off|p1a: Zoroark\n|-supereffective|p1a: Zoroark\n|-damage|p1a: Zoroark|0 fnt\n|-enditem|p1a: Zoroark|Focus Sash|[from] move: Knock Off|[of] p2a: Tentacruel\n|faint|p1a: Zoroark\n|\n|upkeep\n|\n|t:|1699304915\n|switch|p1a: Mawile|Mawile, M|100\/100\n|-activate|p1a: Mawile|move: Sticky Web\n|-unboost|p1a: Mawile|spe|1\n|-damage|p1a: Mawile|95\/100|[from] Stealth Rock\n|-ability|p1a: Mawile|Intimidate|boost\n|-unboost|p2a: Tentacruel|atk|1\n|turn|22\n|\n|t:|1699304925\n|detailschange|p1a: Mawile|Mawile-Mega, M\n|-mega|p1a: Mawile|Mawile|Mawilite\n|move|p2a: Tentacruel|Scald|p1a: Mawile\n|-damage|p1a: Mawile|68\/100\n|move|p1a: Mawile|Thunder Punch|p2a: Tentacruel\n|-supereffective|p2a: Tentacruel\n|-damage|p2a: Tentacruel|0 fnt\n|faint|p2a: Tentacruel\n|\n|upkeep\n|\n|t:|1699304929\n|switch|p2a: Gholdengo|Gholdengo|100\/100\n|-item|p2a: Gholdengo|Air Balloon\n|turn|23\n|\n|t:|1699304940\n|move|p2a: Gholdengo|Make It Rain|p1a: Mawile\n|-damage|p1a: Mawile|0 fnt\n|-unboost|p2a: Gholdengo|spa|1\n|faint|p1a: Mawile\n|\n|win|abigolname\n|raw|ChupaCabra_6258's rating: 1223 &rarr; <strong>1193<\/strong><br \/>(-30 for losing)\n|raw|abigolname's rating: 1151 &rarr; <strong>1181<\/strong><br \/>(+30 for winning)\n|l|\u2606ChupaCabra_6258\n","uploadtime":1699304954,"views":14,"p1id":"chupacabra6258","p2id":"abigolname","formatid":"gen9nationaldexubers","rating":1181,"private":0,"password":""}