{"id":"gen9nationaldexubers-1978671631","p1":"poetjvrgdsj","p2":"700club","format":"[Gen 9] National Dex Ubers","log":"|j|\u2606poetjvrgdsj\n|j|\u2606700club\n|t:|1698578816\n|gametype|singles\n|player|p1|poetjvrgdsj|dawn|1085\n|player|p2|700club|shadowtriad|1086\n|teamsize|p1|6\n|teamsize|p2|6\n|gen|9\n|tier|[Gen 9] National Dex Ubers\n|rated|\n|rule|HP Percentage Mod: HP is shown in percentages\n|rule|Endless Battle Clause: Forcing endless battles is banned\n|rule|OHKO Clause: OHKO moves are banned\n|rule|Evasion Moves Clause: Evasion moves are banned\n|rule|Evasion Items Clause: Evasion items are banned\n|rule|Species Clause: Limit one of each Pok\u00e9mon\n|rule|Sleep Clause Mod: Limit one foe put to sleep\n|rule|Mega Rayquaza Clause: You cannot mega evolve Rayquaza\n|clearpoke\n|poke|p1|Weavile, M|\n|poke|p1|Gyarados, M|\n|poke|p1|Tsareena, F|\n|poke|p1|Aegislash, F|\n|poke|p1|Volcarona, M|\n|poke|p1|Dragapult, F|\n|poke|p2|Ogerpon-Hearthflame, F|\n|poke|p2|Ditto|\n|poke|p2|Deoxys-Speed|\n|poke|p2|Mewtwo|\n|poke|p2|Necrozma-Dusk-Mane|\n|poke|p2|Calyrex|\n|teampreview\n|c|\u2606700club|hi\n|\n|t:|1698578833\n|start\n|switch|p1a: Dragapult|Dragapult, F|100\/100\n|switch|p2a: Deoxys|Deoxys-Speed|100\/100\n|-ability|p2a: Deoxys|Pressure\n|turn|1\n|\n|t:|1698578846\n|move|p2a: Deoxys|Reflect|p2a: Deoxys\n|-sidestart|p2: 700club|Reflect\n|move|p1a: Dragapult|Shadow Ball|p2a: Deoxys\n|-supereffective|p2a: Deoxys\n|-enditem|p2a: Deoxys|Focus Sash\n|-damage|p2a: Deoxys|1\/100\n|\n|upkeep\n|turn|2\n|\n|t:|1698578865\n|move|p2a: Deoxys|Light Screen|p2a: Deoxys\n|-sidestart|p2: 700club|move: Light Screen\n|move|p1a: Dragapult|Shadow Ball|p2a: Deoxys\n|-supereffective|p2a: Deoxys\n|-damage|p2a: Deoxys|0 fnt\n|faint|p2a: Deoxys\n|\n|upkeep\n|inactive|Battle timer is ON: inactive players will automatically lose when time's up. (requested by poetjvrgdsj)\n|\n|t:|1698578893\n|switch|p2a: Mewtwo|Mewtwo|100\/100\n|-ability|p2a: Mewtwo|Unnerve\n|turn|3\n|\n|t:|1698578907\n|switch|p1a: Weavile|Weavile, M|100\/100\n|-ability|p1a: Weavile|Pressure\n|detailschange|p2a: Mewtwo|Mewtwo-Mega-Y\n|-mega|p2a: Mewtwo|Mewtwo|Mewtwonite Y\n|move|p2a: Mewtwo|Ice Beam|p1a: Weavile\n|-resisted|p1a: Weavile\n|-damage|p1a: Weavile|70\/100\n|\n|upkeep\n|turn|4\n|\n|t:|1698578918\n|move|p2a: Mewtwo|Fire Blast|p1a: Weavile\n|-supereffective|p1a: Weavile\n|-damage|p1a: Weavile|0 fnt\n|faint|p1a: Weavile\n|\n|upkeep\n|\n|t:|1698578937\n|switch|p1a: Volcarona|Volcarona, M|100\/100\n|turn|5\n|\n|t:|1698578948\n|move|p2a: Mewtwo|Psystrike|p1a: Volcarona\n|-damage|p1a: Volcarona|0 fnt\n|faint|p1a: Volcarona\n|\n|-sideend|p2: 700club|Reflect\n|upkeep\n|\n|t:|1698578968\n|switch|p1a: Gyarados|Gyarados, M, shiny|100\/100\n|-ability|p1a: Gyarados|Intimidate|boost\n|-unboost|p2a: Mewtwo|atk|1\n|turn|6\n|inactive|poetjvrgdsj has 120 seconds left.\n|\n|t:|1698578994\n|detailschange|p1a: Gyarados|Gyarados-Mega, M, shiny\n|-mega|p1a: Gyarados|Gyarados|Gyaradosite\n|-ability|p1a: Gyarados|Mold Breaker\n|move|p2a: Mewtwo|Nasty Plot|p2a: Mewtwo\n|-boost|p2a: Mewtwo|spa|2\n|move|p1a: Gyarados|Dragon Dance|p1a: Gyarados\n|-boost|p1a: Gyarados|atk|1\n|-boost|p1a: Gyarados|spe|1\n|\n|-sideend|p2: 700club|move: Light Screen\n|upkeep\n|turn|7\n|inactive|700club has 120 seconds left.\n|\n|t:|1698579011\n|move|p1a: Gyarados|Crunch|p2a: Mewtwo\n|-supereffective|p2a: Mewtwo\n|-damage|p2a: Mewtwo|0 fnt\n|faint|p2a: Mewtwo\n|\n|upkeep\n|inactive|700club has 120 seconds left.\n|\n|t:|1698579039\n|switch|p2a: Ogerpon|Ogerpon-Hearthflame, F|100\/100\n|-ability|p2a: Ogerpon|Mold Breaker\n|turn|8\n|\n|t:|1698579054\n|move|p1a: Gyarados|Aqua Tail|p2a: Ogerpon\n|-damage|p2a: Ogerpon|20\/100\n|move|p2a: Ogerpon|Horn Leech|p1a: Gyarados\n|-supereffective|p1a: Gyarados\n|-damage|p1a: Gyarados|27\/100\n|-heal|p2a: Ogerpon|54\/100|[from] drain|[of] p1a: Gyarados\n|\n|upkeep\n|turn|9\n|\n|t:|1698579064\n|move|p1a: Gyarados|Aqua Tail|p2a: Ogerpon\n|-damage|p2a: Ogerpon|0 fnt\n|faint|p2a: Ogerpon\n|\n|upkeep\n|\n|t:|1698579074\n|switch|p2a: Ditto|Ditto|100\/100\n|-transform|p2a: Ditto|p1a: Gyarados|[from] ability: Imposter\n|-ability|p2a: Ditto|Mold Breaker\n|turn|10\n|inactive|700club has 90 seconds left.\n|\n|t:|1698579097\n|move|p2a: Ditto|Crunch|p1a: Gyarados\n|-resisted|p1a: Gyarados\n|-damage|p1a: Gyarados|0 fnt\n|faint|p1a: Gyarados\n|\n|upkeep\n|\n|t:|1698579114\n|switch|p1a: Tsareena|Tsareena, F|100\/100\n|turn|11\n|\n|t:|1698579120\n|move|p2a: Ditto|Crunch|p1a: Tsareena\n|-damage|p1a: Tsareena|34\/100\n|move|p1a: Tsareena|Power Whip|p2a: Ditto\n|-supereffective|p2a: Ditto\n|-damage|p2a: Ditto|0 fnt\n|faint|p2a: Ditto\n|\n|-heal|p1a: Tsareena|40\/100|[from] item: Leftovers\n|upkeep\n|inactive|700club has 90 seconds left.\n|\n|t:|1698579137\n|switch|p2a: Necrozma|Necrozma-Dusk-Mane|100\/100\n|turn|12\n|\n|t:|1698579144\n|move|p2a: Necrozma|Dragon Dance|p2a: Necrozma\n|-boost|p2a: Necrozma|atk|1\n|-boost|p2a: Necrozma|spe|1\n|move|p1a: Tsareena|U-turn|p2a: Necrozma\n|-damage|p2a: Necrozma|81\/100\n|\n|t:|1698579151\n|switch|p1a: Aegislash|Aegislash, F|100\/100|[from] U-turn\n|\n|upkeep\n|turn|13\n|inactive|700club has 90 seconds left.\n|\n|t:|1698579173\n|move|p2a: Necrozma|Earthquake|p1a: Aegislash\n|-supereffective|p1a: Aegislash\n|-damage|p1a: Aegislash|0 fnt\n|faint|p1a: Aegislash\n|\n|upkeep\n|\n|t:|1698579179\n|switch|p1a: Dragapult|Dragapult, F|100\/100\n|turn|14\n|inactive|700club has 90 seconds left.\n|\n|t:|1698579199\n|detailschange|p2a: Necrozma|Necrozma-Ultra\n|-burst|p2a: Necrozma|Necrozma|Ultranecrozium Z\n|-terastallize|p1a: Dragapult|Fire\n|move|p2a: Necrozma|Photon Geyser|p1a: Dragapult\n|-damage|p1a: Dragapult|0 fnt\n|faint|p1a: Dragapult\n|\n|upkeep\n|-message|poetjvrgdsj forfeited.\n|\n|win|700club\n|raw|poetjvrgdsj's rating: 1085 &rarr; <strong>1062<\/strong><br \/>(-23 for losing)\n|raw|700club's rating: 1086 &rarr; <strong>1113<\/strong><br \/>(+27 for winning)\n|l|\u2606poetjvrgdsj\n","uploadtime":1698579213,"views":17,"p1id":"poetjvrgdsj","p2id":"700club","formatid":"gen9nationaldexubers","rating":1062,"private":0,"password":""}