{"id":"gen9nationaldexubers-1990769571","p1":"Arnaenaed \u223e","p2":"Zanty-Chan","format":"[Gen 9] National Dex Ubers","log":"|j|\u2606Arnaenaed \u223e\n|j|\u2606Zanty-Chan\n|t:|1699999109\n|gametype|singles\n|player|p1|Arnaenaed \u223e|policeman-gen4|\n|player|p2|Zanty-Chan|red|\n|teamsize|p1|6\n|teamsize|p2|6\n|gen|9\n|tier|[Gen 9] National Dex Ubers\n|rule|HP Percentage Mod: HP is shown in percentages\n|rule|Endless Battle Clause: Forcing endless battles is banned\n|rule|OHKO Clause: OHKO moves are banned\n|rule|Evasion Moves Clause: Evasion moves are banned\n|rule|Evasion Items Clause: Evasion items are banned\n|rule|Species Clause: Limit one of each Pok\u00e9mon\n|rule|Sleep Clause Mod: Limit one foe put to sleep\n|rule|Mega Rayquaza Clause: You cannot mega evolve Rayquaza\n|clearpoke\n|poke|p1|Xerneas-*|\n|poke|p1|Zygarde|\n|poke|p1|Delphox, F|\n|poke|p1|Greninja-*, M|\n|poke|p1|Avalugg, F|\n|poke|p1|Hawlucha, M|\n|poke|p2|Xerneas-*|\n|poke|p2|Aegislash, M|\n|poke|p2|Goodra, M|\n|poke|p2|Greninja-*, M|\n|poke|p2|Klefki, M|\n|poke|p2|Malamar, F|\n|teampreview\n|inactive|Battle timer is ON: inactive players will automatically lose when time's up. (requested by Zanty-Chan)\n|\n|t:|1699999127\n|start\n|switch|p1a: Greninja|Greninja, M|100\/100\n|switch|p2a: Klefki|Klefki, M|100\/100\n|turn|1\n|\n|t:|1699999134\n|move|p2a: Klefki|Light Screen|p2a: Klefki\n|-sidestart|p2: Zanty-Chan|move: Light Screen\n|move|p1a: Greninja|Spikes|p2a: Klefki\n|-start|p1a: Greninja|typechange|Ground|[from] ability: Protean\n|-sidestart|p2: Zanty-Chan|Spikes\n|\n|upkeep\n|turn|2\n|\n|t:|1699999155\n|move|p2a: Klefki|Defog|p1a: Greninja\n|-unboost|p1a: Greninja|evasion|1\n|-sideend|p2: Zanty-Chan|Spikes|[from] move: Defog|[of] p2a: Klefki\n|move|p1a: Greninja|Toxic Spikes|p2a: Klefki\n|-sidestart|p2: Zanty-Chan|move: Toxic Spikes\n|\n|upkeep\n|turn|3\n|\n|t:|1699999161\n|move|p2a: Klefki|Defog|p1a: Greninja\n|-unboost|p1a: Greninja|evasion|1\n|-sideend|p2: Zanty-Chan|Toxic Spikes|[from] move: Defog|[of] p2a: Klefki\n|move|p1a: Greninja|Toxic Spikes|p2a: Klefki\n|-sidestart|p2: Zanty-Chan|move: Toxic Spikes\n|\n|upkeep\n|turn|4\n|\n|t:|1699999167\n|move|p2a: Klefki|Defog|p1a: Greninja\n|-unboost|p1a: Greninja|evasion|1\n|-sideend|p2: Zanty-Chan|Toxic Spikes|[from] move: Defog|[of] p2a: Klefki\n|move|p1a: Greninja|Toxic Spikes|p2a: Klefki\n|-sidestart|p2: Zanty-Chan|move: Toxic Spikes\n|\n|upkeep\n|turn|5\n|\n|t:|1699999174\n|move|p1a: Greninja|Toxic Spikes|p2a: Klefki\n|-sidestart|p2: Zanty-Chan|move: Toxic Spikes\n|move|p2a: Klefki|Flash Cannon|p1a: Greninja\n|-damage|p1a: Greninja|46\/100\n|\n|upkeep\n|turn|6\n|\n|t:|1699999184\n|switch|p1a: Delphox|Delphox, F|100\/100\n|move|p2a: Klefki|Flash Cannon|p1a: Delphox\n|-resisted|p1a: Delphox\n|-damage|p1a: Delphox|82\/100\n|-unboost|p1a: Delphox|spd|1\n|\n|upkeep\n|turn|7\n|\n|t:|1699999193\n|move|p2a: Klefki|Defog|p1a: Delphox\n|-unboost|p1a: Delphox|evasion|1\n|-sideend|p2: Zanty-Chan|Toxic Spikes|[from] move: Defog|[of] p2a: Klefki\n|move|p1a: Delphox|Flamethrower|p2a: Klefki\n|-supereffective|p2a: Klefki\n|-damage|p2a: Klefki|49\/100\n|\n|upkeep\n|turn|8\n|\n|t:|1699999204\n|switch|p2a: Malamar|Malamar, F|100\/100\n|move|p1a: Delphox|Flamethrower|p2a: Malamar\n|-damage|p2a: Malamar|82\/100\n|\n|-sideend|p2: Zanty-Chan|move: Light Screen\n|upkeep\n|turn|9\n|\n|t:|1699999218\n|switch|p1a: Xerneas|Xerneas|100\/100\n|-ability|p1a: Xerneas|Fairy Aura\n|move|p2a: Malamar|Superpower|p1a: Xerneas\n|-resisted|p1a: Xerneas\n|-damage|p1a: Xerneas|85\/100\n|-boost|p2a: Malamar|atk|1\n|-boost|p2a: Malamar|def|1\n|\n|upkeep\n|turn|10\n|\n|t:|1699999233\n|move|p1a: Xerneas|Geomancy||[still]\n|-prepare|p1a: Xerneas|Geomancy\n|-enditem|p1a: Xerneas|Power Herb\n|-anim|p1a: Xerneas|Geomancy|p1a: Xerneas\n|-boost|p1a: Xerneas|spa|2\n|-boost|p1a: Xerneas|spd|2\n|-boost|p1a: Xerneas|spe|2\n|move|p2a: Malamar|Psycho Cut|p1a: Xerneas\n|-damage|p1a: Xerneas|45\/100\n|\n|upkeep\n|turn|11\n|\n|t:|1699999247\n|move|p1a: Xerneas|Moonblast|p2a: Malamar\n|-supereffective|p2a: Malamar\n|-damage|p2a: Malamar|0 fnt\n|faint|p2a: Malamar\n|\n|upkeep\n|\n|t:|1699999252\n|switch|p2a: Klefki|Klefki, M|49\/100\n|turn|12\n|\n|t:|1699999259\n|move|p2a: Klefki|Light Screen|p2a: Klefki\n|-sidestart|p2: Zanty-Chan|move: Light Screen\n|move|p1a: Xerneas|Hidden Power|p2a: Klefki\n|-supereffective|p2a: Klefki\n|-damage|p2a: Klefki|0 fnt\n|faint|p2a: Klefki\n|\n|upkeep\n|\n|t:|1699999283\n|switch|p2a: Xerneas|Xerneas|100\/100\n|-ability|p2a: Xerneas|Fairy Aura\n|turn|13\n|\n|t:|1699999287\n|move|p1a: Xerneas|Flash Cannon|p2a: Xerneas\n|-supereffective|p2a: Xerneas\n|-damage|p2a: Xerneas|47\/100\n|move|p2a: Xerneas|Geomancy||[still]\n|-prepare|p2a: Xerneas|Geomancy\n|-enditem|p2a: Xerneas|Power Herb\n|-anim|p2a: Xerneas|Geomancy|p2a: Xerneas\n|-boost|p2a: Xerneas|spa|2\n|-boost|p2a: Xerneas|spd|2\n|-boost|p2a: Xerneas|spe|2\n|\n|upkeep\n|turn|14\n|\n|t:|1699999297\n|move|p2a: Xerneas|Flash Cannon|p1a: Xerneas\n|-supereffective|p1a: Xerneas\n|-damage|p1a: Xerneas|0 fnt\n|faint|p1a: Xerneas\n|\n|upkeep\n|\n|t:|1699999307\n|switch|p1a: Hawlucha|Hawlucha, M|100\/100\n|turn|15\n|\n|t:|1699999316\n|-terastallize|p2a: Xerneas|Steel\n|move|p2a: Xerneas|Draining Kiss|p1a: Hawlucha\n|-supereffective|p1a: Hawlucha\n|-enditem|p1a: Hawlucha|Focus Sash\n|-damage|p1a: Hawlucha|1\/100\n|-heal|p2a: Xerneas|100\/100|[from] drain|[of] p1a: Hawlucha\n|move|p1a: Hawlucha|Swords Dance|p1a: Hawlucha\n|-boost|p1a: Hawlucha|atk|2\n|\n|upkeep\n|turn|16\n|\n|t:|1699999326\n|move|p1a: Hawlucha|Drain Punch|p2a: Xerneas\n|-supereffective|p2a: Xerneas\n|-damage|p2a: Xerneas|0 fnt\n|-heal|p1a: Hawlucha|67\/100|[from] drain|[of] p2a: Xerneas\n|faint|p2a: Xerneas\n|\n|upkeep\n|\n|t:|1699999346\n|switch|p2a: Aegislash|Aegislash, M|100\/100\n|turn|17\n|inactive|Arnaenaed \u223e has 270 seconds left.\n|\n|t:|1699999387\n|move|p1a: Hawlucha|Roost|p1a: Hawlucha\n|-heal|p1a: Hawlucha|100\/100\n|-singleturn|p1a: Hawlucha|move: Roost\n|move|p2a: Aegislash|Substitute|p2a: Aegislash\n|-start|p2a: Aegislash|Substitute\n|-damage|p2a: Aegislash|75\/100\n|\n|-heal|p2a: Aegislash|82\/100|[from] item: Leftovers\n|upkeep\n|turn|18\n|\n|t:|1699999394\n|move|p1a: Hawlucha|Acrobatics|p2a: Aegislash\n|-resisted|p2a: Aegislash\n|-end|p2a: Aegislash|Substitute\n|move|p2a: Aegislash|Toxic|p1a: Hawlucha\n|-status|p1a: Hawlucha|tox\n|\n|-heal|p2a: Aegislash|88\/100|[from] item: Leftovers\n|-damage|p1a: Hawlucha|94\/100 tox|[from] psn\n|upkeep\n|turn|19\n|inactive|Arnaenaed \u223e has 270 seconds left.\n|\n|t:|1699999402\n|move|p1a: Hawlucha|Swords Dance|p1a: Hawlucha\n|-boost|p1a: Hawlucha|atk|2\n|move|p2a: Aegislash|Substitute|p2a: Aegislash\n|-start|p2a: Aegislash|Substitute\n|-damage|p2a: Aegislash|63\/100\n|\n|-heal|p2a: Aegislash|69\/100|[from] item: Leftovers\n|-damage|p1a: Hawlucha|82\/100 tox|[from] psn\n|-sideend|p2: Zanty-Chan|move: Light Screen\n|upkeep\n|turn|20\n|\n|t:|1699999409\n|move|p2a: Aegislash|King's Shield|p2a: Aegislash\n|-singleturn|p2a: Aegislash|Protect\n|move|p1a: Hawlucha|Acrobatics|p2a: Aegislash\n|-activate|p2a: Aegislash|move: Protect\n|-unboost|p1a: Hawlucha|atk|1\n|\n|-heal|p2a: Aegislash|75\/100|[from] item: Leftovers\n|-damage|p1a: Hawlucha|64\/100 tox|[from] psn\n|upkeep\n|turn|21\n|\n|t:|1699999423\n|move|p1a: Hawlucha|Acrobatics|p2a: Aegislash\n|-resisted|p2a: Aegislash\n|-end|p2a: Aegislash|Substitute\n|move|p2a: Aegislash|Substitute|p2a: Aegislash\n|-start|p2a: Aegislash|Substitute\n|-damage|p2a: Aegislash|50\/100\n|\n|-heal|p2a: Aegislash|56\/100|[from] item: Leftovers\n|-damage|p1a: Hawlucha|40\/100 tox|[from] psn\n|upkeep\n|turn|22\n|\n|t:|1699999429\n|move|p2a: Aegislash|King's Shield|p2a: Aegislash\n|-singleturn|p2a: Aegislash|Protect\n|move|p1a: Hawlucha|Roost|p1a: Hawlucha\n|-heal|p1a: Hawlucha|90\/100 tox\n|-singleturn|p1a: Hawlucha|move: Roost\n|\n|-heal|p2a: Aegislash|63\/100|[from] item: Leftovers\n|-damage|p1a: Hawlucha|60\/100 tox|[from] psn\n|upkeep\n|turn|23\n|\n|t:|1699999445\n|move|p1a: Hawlucha|Acrobatics|p2a: Aegislash\n|-resisted|p2a: Aegislash\n|-end|p2a: Aegislash|Substitute\n|move|p2a: Aegislash|Substitute|p2a: Aegislash\n|-start|p2a: Aegislash|Substitute\n|-damage|p2a: Aegislash|38\/100\n|\n|-heal|p2a: Aegislash|44\/100|[from] item: Leftovers\n|-damage|p1a: Hawlucha|23\/100 tox|[from] psn\n|upkeep\n|turn|24\n|\n|t:|1699999462\n|move|p1a: Hawlucha|Roost|p1a: Hawlucha\n|-heal|p1a: Hawlucha|74\/100 tox\n|-singleturn|p1a: Hawlucha|move: Roost\n|-formechange|p2a: Aegislash|Aegislash-Blade||[from] ability: Stance Change\n|move|p2a: Aegislash|Gyro Ball|p1a: Hawlucha\n|-damage|p1a: Hawlucha|0 fnt\n|faint|p1a: Hawlucha\n|\n|-heal|p2a: Aegislash|50\/100|[from] item: Leftovers\n|upkeep\n|\n|t:|1699999483\n|switch|p1a: Zygarde|Zygarde|100\/100\n|turn|25\n|\n|t:|1699999492\n|move|p1a: Zygarde|Dragon Dance|p1a: Zygarde\n|-boost|p1a: Zygarde|atk|1\n|-boost|p1a: Zygarde|spe|1\n|move|p2a: Aegislash|Toxic|p1a: Zygarde\n|-status|p1a: Zygarde|tox\n|\n|-heal|p2a: Aegislash|56\/100|[from] item: Leftovers\n|-damage|p1a: Zygarde|94\/100 tox|[from] psn\n|upkeep\n|turn|26\n|\n|t:|1699999506\n|-formechange|p2a: Aegislash|Aegislash||[from] ability: Stance Change\n|move|p2a: Aegislash|King's Shield|p2a: Aegislash\n|-singleturn|p2a: Aegislash|Protect\n|move|p1a: Zygarde|Dragon Dance|p1a: Zygarde\n|-boost|p1a: Zygarde|atk|1\n|-boost|p1a: Zygarde|spe|1\n|\n|-heal|p1a: Zygarde|100\/100 tox|[from] item: Leftovers\n|-heal|p2a: Aegislash|62\/100|[from] item: Leftovers\n|-damage|p1a: Zygarde|88\/100 tox|[from] psn\n|upkeep\n|turn|27\n|\n|t:|1699999522\n|move|p1a: Zygarde|Thousand Waves|p2a: Aegislash\n|-supereffective|p2a: Aegislash\n|-end|p2a: Aegislash|Substitute\n|move|p2a: Aegislash|Substitute|p2a: Aegislash\n|-start|p2a: Aegislash|Substitute\n|-damage|p2a: Aegislash|37\/100\n|\n|-heal|p1a: Zygarde|94\/100 tox|[from] item: Leftovers\n|-heal|p2a: Aegislash|43\/100|[from] item: Leftovers\n|-damage|p1a: Zygarde|76\/100 tox|[from] psn\n|upkeep\n|turn|28\n|\n|t:|1699999536\n|move|p1a: Zygarde|Thousand Waves|p2a: Aegislash\n|-supereffective|p2a: Aegislash\n|-end|p2a: Aegislash|Substitute\n|-formechange|p2a: Aegislash|Aegislash-Blade||[from] ability: Stance Change\n|move|p2a: Aegislash|Gyro Ball|p1a: Zygarde\n|-damage|p1a: Zygarde|39\/100 tox\n|\n|-heal|p1a: Zygarde|45\/100 tox|[from] item: Leftovers\n|-heal|p2a: Aegislash|50\/100|[from] item: Leftovers\n|-damage|p1a: Zygarde|20\/100 tox|[from] psn\n|-activate|p1a: Zygarde|ability: Power Construct\n|detailschange|p1a: Zygarde|Zygarde-Complete\n|-heal|p1a: Zygarde|50\/100 tox|[silent]\n|upkeep\n|turn|29\n|\n|t:|1699999552\n|-formechange|p2a: Aegislash|Aegislash||[from] ability: Stance Change\n|move|p2a: Aegislash|King's Shield|p2a: Aegislash\n|-singleturn|p2a: Aegislash|Protect\n|move|p1a: Zygarde|Rest|p1a: Zygarde\n|-status|p1a: Zygarde|slp|[from] move: Rest\n|-heal|p1a: Zygarde|100\/100 slp|[silent]\n|\n|-heal|p2a: Aegislash|56\/100|[from] item: Leftovers\n|upkeep\n|turn|30\n|\n|t:|1699999559\n|cant|p1a: Zygarde|slp\n|move|p2a: Aegislash|Substitute|p2a: Aegislash\n|-start|p2a: Aegislash|Substitute\n|-damage|p2a: Aegislash|31\/100\n|\n|-heal|p2a: Aegislash|37\/100|[from] item: Leftovers\n|upkeep\n|turn|31\n|\n|t:|1699999565\n|cant|p1a: Zygarde|slp\n|-formechange|p2a: Aegislash|Aegislash-Blade||[from] ability: Stance Change\n|move|p2a: Aegislash|Gyro Ball|p1a: Zygarde\n|-damage|p1a: Zygarde|78\/100 slp\n|\n|-heal|p1a: Zygarde|84\/100 slp|[from] item: Leftovers\n|-heal|p2a: Aegislash|43\/100|[from] item: Leftovers\n|upkeep\n|turn|32\n|inactive|Zanty-Chan has 270 seconds left.\n|inactive|Zanty-Chan has 240 seconds left.\n|\n|t:|1699999650\n|-curestatus|p1a: Zygarde|slp|[msg]\n|move|p1a: Zygarde|Thousand Waves|p2a: Aegislash\n|-supereffective|p2a: Aegislash\n|-end|p2a: Aegislash|Substitute\n|move|p2a: Aegislash|Toxic|p1a: Zygarde\n|-status|p1a: Zygarde|tox\n|\n|-heal|p1a: Zygarde|91\/100 tox|[from] item: Leftovers\n|-heal|p2a: Aegislash|49\/100|[from] item: Leftovers\n|-damage|p1a: Zygarde|84\/100 tox|[from] psn\n|upkeep\n|turn|33\n|\n|t:|1699999665\n|-formechange|p2a: Aegislash|Aegislash||[from] ability: Stance Change\n|move|p2a: Aegislash|King's Shield|p2a: Aegislash\n|-singleturn|p2a: Aegislash|Protect\n|move|p1a: Zygarde|Thousand Arrows|p2a: Aegislash\n|-activate|p2a: Aegislash|move: Protect\n|\n|-heal|p1a: Zygarde|91\/100 tox|[from] item: Leftovers\n|-heal|p2a: Aegislash|55\/100|[from] item: Leftovers\n|-damage|p1a: Zygarde|78\/100 tox|[from] psn\n|upkeep\n|turn|34\n|\n|t:|1699999683\n|move|p2a: Aegislash|King's Shield||[still]\n|-fail|p2a: Aegislash\n|move|p1a: Zygarde|Thousand Arrows|p2a: Aegislash\n|-supereffective|p2a: Aegislash\n|-damage|p2a: Aegislash|0 fnt\n|faint|p2a: Aegislash\n|\n|-heal|p1a: Zygarde|84\/100 tox|[from] item: Leftovers\n|-damage|p1a: Zygarde|66\/100 tox|[from] psn\n|upkeep\n|inactive|Zanty-Chan has 210 seconds left.\n|\n|t:|1699999716\n|switch|p2a: Goodra|Goodra, M|100\/100\n|turn|35\n|\n|t:|1699999727\n|-terastallize|p1a: Zygarde|Fairy\n|move|p1a: Zygarde|Thousand Arrows|p2a: Goodra\n|-damage|p2a: Goodra|20\/100\n|move|p2a: Goodra|Draco Meteor|p1a: Zygarde\n|-immune|p1a: Zygarde\n|\n|-heal|p1a: Zygarde|72\/100 tox|[from] item: Leftovers\n|-damage|p1a: Zygarde|47\/100 tox|[from] psn\n|upkeep\n|turn|36\n|\n|t:|1699999736\n|move|p1a: Zygarde|Thousand Waves|p2a: Goodra\n|-crit|p2a: Goodra\n|-damage|p2a: Goodra|0 fnt\n|faint|p2a: Goodra\n|\n|-heal|p1a: Zygarde|53\/100 tox|[from] item: Leftovers\n|-damage|p1a: Zygarde|22\/100 tox|[from] psn\n|upkeep\n|\n|t:|1699999741\n|switch|p2a: Greninja|Greninja, M|100\/100\n|turn|37\n|inactive|Zanty-Chan has 210 seconds left.\n|\n|t:|1699999746\n|move|p2a: Greninja|Shadow Sneak|p1a: Zygarde\n|-start|p2a: Greninja|typechange|Ghost|[from] ability: Protean\n|-damage|p1a: Zygarde|12\/100 tox\n|-damage|p2a: Greninja|91\/100|[from] item: Life Orb\n|move|p1a: Zygarde|Thousand Arrows|p2a: Greninja\n|-damage|p2a: Greninja|0 fnt\n|faint|p2a: Greninja\n|\n|win|Arnaenaed \u223e\n|c|\u2606Arnaenaed \u223e|gg\n","uploadtime":1699999758,"views":6,"p1id":"arnaenaed","p2id":"zantychan","formatid":"gen9nationaldexubers","rating":0,"private":0,"password":""}