{"id":"gen9nationaldexubers-1989279328","p1":"The_Gh0st_Shadow","p2":"straightoutta14BC","format":"[Gen 9] National Dex Ubers","log":"|j|\u203dThe_Gh0st_Shadow\n|j|\u2606straightoutta14BC\n|inactive|Battle timer is ON: inactive players will automatically lose when time's up.\n|t:|1699831215\n|gametype|singles\n|player|p1|The_Gh0st_Shadow|ghetsis|\n|player|p2|straightoutta14BC|101|\n|teamsize|p1|6\n|teamsize|p2|6\n|gen|9\n|tier|[Gen 9] National Dex Ubers\n|rated|Tournament battle\n|rule|HP Percentage Mod: HP is shown in percentages\n|rule|Endless Battle Clause: Forcing endless battles is banned\n|rule|OHKO Clause: OHKO moves are banned\n|rule|Evasion Moves Clause: Evasion moves are banned\n|rule|Evasion Items Clause: Evasion items are banned\n|rule|Species Clause: Limit one of each Pok\u00e9mon\n|rule|Sleep Clause Mod: Limit one foe put to sleep\n|rule|Mega Rayquaza Clause: You cannot mega evolve Rayquaza\n|rule|Dynamax Clause: You cannot dynamax\n|rule|Terastal Clause: You cannot Terastallize\n|rule|Same Type Clause: Pok\u00e9mon in a team must share a type\n|clearpoke\n|poke|p1|Zamazenta-*|\n|poke|p1|Great Tusk|\n|poke|p1|Blaziken, F|\n|poke|p1|Keldeo-Resolute|\n|poke|p1|Annihilape, F|\n|poke|p1|Arceus-Fighting|\n|poke|p2|Klefki, F|\n|poke|p2|Mawile, F|\n|poke|p2|Dialga|\n|poke|p2|Necrozma-Dusk-Mane|\n|poke|p2|Kartana|\n|poke|p2|Excadrill, M|\n|teampreview\n|inactive|straightoutta14BC has 120 seconds left.\n|j|+bruised thighs\u2661\n|inactive|straightoutta14BC has 90 seconds left.\n|\n|t:|1699831304\n|start\n|switch|p1a: Arceus|Arceus-Fighting, shiny|100\/100\n|switch|p2a: Deep Impact|Excadrill, M|100\/100\n|-ability|p2a: Deep Impact|Mold Breaker\n|turn|1\n|inactive|straightoutta14BC has 120 seconds left.\n|\n|t:|1699831336\n|switch|p1a: Great Tusk|Great Tusk|100\/100\n|move|p2a: Deep Impact|Earthquake|p1a: Great Tusk\n|-damage|p1a: Great Tusk|64\/100\n|\n|upkeep\n|turn|2\n|\n|t:|1699831344\n|move|p1a: Great Tusk|Close Combat|p2a: Deep Impact\n|-supereffective|p2a: Deep Impact\n|-enditem|p2a: Deep Impact|Focus Sash\n|-damage|p2a: Deep Impact|1\/100\n|-unboost|p1a: Great Tusk|def|1\n|-unboost|p1a: Great Tusk|spd|1\n|move|p2a: Deep Impact|Earthquake|p1a: Great Tusk\n|-damage|p1a: Great Tusk|8\/100\n|\n|upkeep\n|turn|3\n|\n|t:|1699831349\n|move|p1a: Great Tusk|Close Combat|p2a: Deep Impact\n|-supereffective|p2a: Deep Impact\n|-crit|p2a: Deep Impact\n|-damage|p2a: Deep Impact|0 fnt\n|-unboost|p1a: Great Tusk|def|1\n|-unboost|p1a: Great Tusk|spd|1\n|faint|p2a: Deep Impact\n|\n|upkeep\n|inactive|straightoutta14BC has 120 seconds left.\n|\n|t:|1699831364\n|switch|p2a: Valentina|Mawile, F|100\/100\n|-ability|p2a: Valentina|Intimidate|boost\n|-unboost|p1a: Great Tusk|atk|1\n|turn|4\n|inactive|straightoutta14BC has 90 seconds left.\n|\n|t:|1699831400\n|-end|p1a: Great Tusk|Protosynthesis|[silent]\n|switch|p1a: Zamazenta|Zamazenta-Crowned, shiny|100\/100\n|-ability|p1a: Zamazenta|Dauntless Shield|boost\n|-boost|p1a: Zamazenta|def|1\n|switch|p2a: Dyson|Necrozma-Dusk-Mane|100\/100\n|\n|upkeep\n|turn|5\n|j|+Vodoom\n|\n|t:|1699831404\n|move|p1a: Zamazenta|Iron Defense|p1a: Zamazenta\n|-boost|p1a: Zamazenta|def|2\n|move|p2a: Dyson|Rock Polish|p2a: Dyson\n|-boost|p2a: Dyson|spe|2\n|\n|upkeep\n|turn|6\n|\n|t:|1699831409\n|move|p2a: Dyson|Earth Power|p1a: Zamazenta\n|-supereffective|p1a: Zamazenta\n|-damage|p1a: Zamazenta|70\/100\n|-unboost|p1a: Zamazenta|spd|1\n|move|p1a: Zamazenta|Iron Defense|p1a: Zamazenta\n|-boost|p1a: Zamazenta|def|2\n|\n|upkeep\n|turn|7\n|\n|t:|1699831417\n|move|p2a: Dyson|Earth Power|p1a: Zamazenta\n|-supereffective|p1a: Zamazenta\n|-damage|p1a: Zamazenta|26\/100\n|move|p1a: Zamazenta|Trailblaze|p2a: Dyson\n|-resisted|p2a: Dyson\n|-damage|p2a: Dyson|95\/100\n|-boost|p1a: Zamazenta|spe|1\n|\n|upkeep\n|turn|8\n|inactive|straightoutta14BC has 120 seconds left.\n|\n|t:|1699831424\n|move|p2a: Dyson|Earth Power|p1a: Zamazenta\n|-supereffective|p1a: Zamazenta\n|-damage|p1a: Zamazenta|0 fnt\n|faint|p1a: Zamazenta\n|\n|upkeep\n|inactive|The_Gh0st_Shadow has 120 seconds left.\n|\n|t:|1699831460\n|switch|p1a: Annihilape|Annihilape, F, shiny|100\/100\n|turn|9\n|inactive|straightoutta14BC has 120 seconds left.\n|inactive|straightoutta14BC has 90 seconds left.\n|\n|t:|1699831528\n|move|p2a: Dyson|Rock Polish|p2a: Dyson\n|-boost|p2a: Dyson|spe|2\n|move|p1a: Annihilape|Bulk Up|p1a: Annihilape\n|-boost|p1a: Annihilape|atk|1\n|-boost|p1a: Annihilape|def|1\n|\n|upkeep\n|turn|10\n|\n|t:|1699831545\n|move|p2a: Dyson|Stored Power|p1a: Annihilape\n|-supereffective|p1a: Annihilape\n|-damage|p1a: Annihilape|44\/100\n|move|p1a: Annihilape|Bulk Up|p1a: Annihilape\n|-boost|p1a: Annihilape|atk|1\n|-boost|p1a: Annihilape|def|1\n|\n|-heal|p1a: Annihilape|51\/100|[from] item: Leftovers\n|upkeep\n|turn|11\n|\n|t:|1699831551\n|move|p2a: Dyson|Stored Power|p1a: Annihilape\n|-supereffective|p1a: Annihilape\n|-damage|p1a: Annihilape|0 fnt\n|faint|p1a: Annihilape\n|\n|upkeep\n|\n|t:|1699831565\n|switch|p1a: Keldeo|Keldeo-Resolute|100\/100\n|turn|12\n|inactive|The_Gh0st_Shadow has 120 seconds left.\n|\n|t:|1699831601\n|move|p2a: Dyson|Stored Power|p1a: Keldeo\n|-supereffective|p1a: Keldeo\n|-damage|p1a: Keldeo|0 fnt\n|faint|p1a: Keldeo\n|\n|upkeep\n|l|+bruised thighs\u2661\n|\n|t:|1699831611\n|switch|p1a: Arceus|Arceus-Fighting, shiny|100\/100\n|turn|13\n|inactive|straightoutta14BC has 90 seconds left.\n|\n|t:|1699831627\n|switch|p2a: Valentina|Mawile, F|100\/100\n|-ability|p2a: Valentina|Intimidate|boost\n|-unboost|p1a: Arceus|atk|1\n|move|p1a: Arceus|Recover||[still]\n|-fail|p1a: Arceus|heal\n|\n|upkeep\n|turn|14\n|inactive|straightoutta14BC has 90 seconds left.\n|\n|t:|1699831635\n|detailschange|p2a: Valentina|Mawile-Mega, F\n|-mega|p2a: Valentina|Mawile|Mawilite\n|move|p1a: Arceus|Cosmic Power|p1a: Arceus\n|-boost|p1a: Arceus|def|1\n|-boost|p1a: Arceus|spd|1\n|move|p2a: Valentina|Play Rough|p1a: Arceus\n|-supereffective|p1a: Arceus\n|-damage|p1a: Arceus|23\/100\n|\n|upkeep\n|turn|15\n|inactive|The_Gh0st_Shadow has 120 seconds left.\n|\n|t:|1699831643\n|move|p1a: Arceus|Recover|p1a: Arceus\n|-heal|p1a: Arceus|73\/100\n|move|p2a: Valentina|Play Rough|p1a: Arceus\n|-supereffective|p1a: Arceus\n|-damage|p1a: Arceus|4\/100\n|\n|upkeep\n|turn|16\n|inactive|The_Gh0st_Shadow has 120 seconds left.\n|\n|t:|1699831662\n|move|p1a: Arceus|Stored Power|p2a: Valentina\n|-resisted|p2a: Valentina\n|-damage|p2a: Valentina|88\/100\n|move|p2a: Valentina|Play Rough|p1a: Arceus|[miss]\n|-miss|p2a: Valentina|p1a: Arceus\n|\n|upkeep\n|turn|17\n|inactive|The_Gh0st_Shadow has 120 seconds left.\n|\n|t:|1699831672\n|move|p1a: Arceus|Recover|p1a: Arceus\n|-heal|p1a: Arceus|54\/100\n|move|p2a: Valentina|Play Rough|p1a: Arceus\n|-supereffective|p1a: Arceus\n|-damage|p1a: Arceus|0 fnt\n|faint|p1a: Arceus\n|\n|upkeep\n|inactive|The_Gh0st_Shadow has 120 seconds left.\n|\n|t:|1699831683\n|switch|p1a: Blaziken|Blaziken, F|100\/100\n|turn|18\n|inactive|straightoutta14BC has 120 seconds left.\n|\n|t:|1699831696\n|switch|p2a: Mir|Klefki, F|100\/100\n|move|p1a: Blaziken|Swords Dance|p1a: Blaziken\n|-boost|p1a: Blaziken|atk|2\n|\n|-ability|p1a: Blaziken|Speed Boost|boost\n|-boost|p1a: Blaziken|spe|1\n|upkeep\n|turn|19\n|inactive|The_Gh0st_Shadow has 120 seconds left.\n|\n|t:|1699831715\n|move|p1a: Blaziken|Thunder Punch|p2a: Mir\n|-damage|p2a: Mir|62\/100\n|move|p2a: Mir|Trick Room|p2a: Mir\n|-fieldstart|move: Trick Room|[of] p2a: Mir\n|\n|-ability|p1a: Blaziken|Speed Boost|boost\n|-boost|p1a: Blaziken|spe|1\n|upkeep\n|turn|20\n|inactive|The_Gh0st_Shadow has 120 seconds left.\n|\n|t:|1699831732\n|move|p2a: Mir|Steel Beam|p1a: Blaziken\n|-resisted|p1a: Blaziken\n|-damage|p1a: Blaziken|73\/100\n|-damage|p2a: Mir|12\/100|[from] steelbeam\n|move|p1a: Blaziken|Swords Dance|p1a: Blaziken\n|-boost|p1a: Blaziken|atk|2\n|\n|-ability|p1a: Blaziken|Speed Boost|boost\n|-boost|p1a: Blaziken|spe|1\n|upkeep\n|turn|21\n|inactive|The_Gh0st_Shadow has 120 seconds left.\n|\n|t:|1699831750\n|move|p2a: Mir|Steel Beam|p1a: Blaziken\n|-resisted|p1a: Blaziken\n|-damage|p1a: Blaziken|43\/100\n|-damage|p2a: Mir|0 fnt|[from] steelbeam\n|faint|p2a: Mir\n|move|p1a: Blaziken|Thunder Punch|p2: Mir|[notarget]\n|-fail|p1a: Blaziken\n|\n|-ability|p1a: Blaziken|Speed Boost|boost\n|-boost|p1a: Blaziken|spe|1\n|upkeep\n|\n|t:|1699831760\n|switch|p2a: Dyson|Necrozma-Dusk-Mane|95\/100\n|turn|22\n|inactive|The_Gh0st_Shadow has 120 seconds left.\n|\n|t:|1699831781\n|move|p2a: Dyson|Earth Power|p1a: Blaziken\n|-supereffective|p1a: Blaziken\n|-damage|p1a: Blaziken|0 fnt\n|faint|p1a: Blaziken\n|\n|upkeep\n|\n|t:|1699831785\n|switch|p1a: Great Tusk|Great Tusk|8\/100\n|turn|23\n|\n|t:|1699831789\n|move|p2a: Dyson|Earth Power|p1a: Great Tusk\n|-damage|p1a: Great Tusk|0 fnt\n|faint|p1a: Great Tusk\n|-end|p1a: Great Tusk|Protosynthesis|[silent]\n|\n|win|straightoutta14BC\n|n|\u203dThe_Gh0st_Shadow|thegh0stshadow\n|n|\u2606straightoutta14BC|straightoutta14bc\n|n| Vodoom|vodoom\n|l|\u203dThe_Gh0st_Shadow\n","uploadtime":1699831794,"views":5,"p1id":"thegh0stshadow","p2id":"straightoutta14bc","formatid":"gen9nationaldexubers","rating":0,"private":0,"password":""}