{"id":"gen9nationaldexubers-1996291614","p1":"DavBluDino","p2":"85792195wwww","format":"[Gen 9] National Dex Ubers","log":"|j|\u2606DavBluDino\n|j|\u260685792195wwww\n|t:|1700668128\n|gametype|singles\n|player|p1|DavBluDino|101|1553\n|player|p2|85792195wwww|mira|1675\n|teamsize|p1|6\n|teamsize|p2|6\n|gen|9\n|tier|[Gen 9] National Dex Ubers\n|rated|\n|rule|HP Percentage Mod: HP is shown in percentages\n|rule|Endless Battle Clause: Forcing endless battles is banned\n|rule|OHKO Clause: OHKO moves are banned\n|rule|Evasion Moves Clause: Evasion moves are banned\n|rule|Evasion Items Clause: Evasion items are banned\n|rule|Species Clause: Limit one of each Pok\u00e9mon\n|rule|Sleep Clause Mod: Limit one foe put to sleep\n|rule|Mega Rayquaza Clause: You cannot mega evolve Rayquaza\n|clearpoke\n|poke|p1|Sableye, M|\n|poke|p1|Chansey, F|\n|poke|p1|Ferrothorn, F|\n|poke|p1|Toxapex, M|\n|poke|p1|Rotom-Wash|\n|poke|p1|Ditto|\n|poke|p2|Arceus|\n|poke|p2|Kingambit, F|\n|poke|p2|Xerneas-*|\n|poke|p2|Kyurem-White|\n|poke|p2|Groudon|\n|poke|p2|Krookodile, F|\n|teampreview\n|inactive|Battle timer is ON: inactive players will automatically lose when time's up. (requested by DavBluDino)\n|\n|t:|1700668146\n|start\n|switch|p1a: Chansey|Chansey, F|100\/100\n|switch|p2a: Groudon|Groudon|100\/100\n|detailschange|p2a: Groudon|Groudon-Primal\n|-primal|p2a: Groudon|Red Orb\n|-weather|DesolateLand|[from] ability: Desolate Land|[of] p2a: Groudon\n|turn|1\n|\n|t:|1700668155\n|move|p2a: Groudon|Swords Dance|p2a: Groudon\n|-boost|p2a: Groudon|atk|2\n|move|p1a: Chansey|Stealth Rock|p2a: Groudon\n|-sidestart|p2: 85792195wwww|move: Stealth Rock\n|\n|-weather|DesolateLand|[upkeep]\n|upkeep\n|turn|2\n|\n|t:|1700668162\n|move|p2a: Groudon|Heat Crash|p1a: Chansey\n|-damage|p1a: Chansey|0 fnt\n|faint|p1a: Chansey\n|\n|-weather|DesolateLand|[upkeep]\n|upkeep\n|\n|t:|1700668165\n|switch|p1a: Ditto|Ditto|100\/100\n|-transform|p1a: Ditto|p2a: Groudon|[from] ability: Imposter\n|turn|3\n|\n|t:|1700668179\n|switch|p2a: Arceus|Arceus|100\/100\n|-damage|p2a: Arceus|88\/100|[from] Stealth Rock\n|move|p1a: Ditto|Earthquake|p2a: Arceus\n|-damage|p2a: Arceus|0 fnt\n|faint|p2a: Arceus\n|\n|-weather|DesolateLand|[upkeep]\n|upkeep\n|\n|t:|1700668194\n|switch|p2a: Krookodile|Krookodile, F|100\/100\n|-damage|p2a: Krookodile|94\/100|[from] Stealth Rock\n|-ability|p2a: Krookodile|Intimidate|boost\n|-unboost|p1a: Ditto|atk|1\n|turn|4\n|\n|t:|1700668209\n|-weather|none\n|switch|p1a: Rotom|Rotom-Wash|100\/100\n|switch|p2a: Kingambit|Kingambit, F|100\/100\n|-damage|p2a: Kingambit|94\/100|[from] Stealth Rock\n|-activate|p2a: Kingambit|ability: Supreme Overlord\n|-start|p2a: Kingambit|fallen1|[silent]\n|\n|upkeep\n|turn|5\n|\n|t:|1700668220\n|-end|p2a: Kingambit|fallen1|[silent]\n|switch|p2a: Krookodile|Krookodile, F|94\/100\n|-damage|p2a: Krookodile|88\/100|[from] Stealth Rock\n|-ability|p2a: Krookodile|Intimidate|boost\n|-unboost|p1a: Rotom|atk|1\n|move|p1a: Rotom|Trick|p2a: Krookodile\n|-activate|p1a: Rotom|move: Trick|[of] p2a: Krookodile\n|-item|p2a: Krookodile|Choice Scarf|[from] move: Trick\n|-item|p1a: Rotom|Focus Sash|[from] move: Trick\n|\n|upkeep\n|turn|6\n|\n|t:|1700668230\n|move|p2a: Krookodile|Stealth Rock|p1a: Rotom\n|-sidestart|p1: DavBluDino|move: Stealth Rock\n|move|p1a: Rotom|Will-O-Wisp|p2a: Krookodile\n|-status|p2a: Krookodile|brn\n|\n|-damage|p2a: Krookodile|82\/100 brn|[from] brn\n|upkeep\n|turn|7\n|\n|t:|1700668240\n|switch|p2a: Kyurem|Kyurem-White|100\/100\n|-damage|p2a: Kyurem|76\/100|[from] Stealth Rock\n|-ability|p2a: Kyurem|Turboblaze\n|move|p1a: Rotom|Toxic|p2a: Kyurem\n|-status|p2a: Kyurem|tox\n|\n|-damage|p2a: Kyurem|70\/100 tox|[from] psn\n|upkeep\n|turn|8\n|\n|t:|1700668251\n|switch|p1a: Toxapex|Toxapex, M|100\/100\n|-damage|p1a: Toxapex|88\/100|[from] Stealth Rock\n|move|p2a: Kyurem|Freeze-Dry|p1a: Toxapex\n|-supereffective|p1a: Toxapex\n|-damage|p1a: Toxapex|11\/100\n|-damage|p2a: Kyurem|60\/100 tox|[from] item: Life Orb\n|\n|-heal|p1a: Toxapex|17\/100|[from] item: Leftovers\n|-damage|p2a: Kyurem|47\/100 tox|[from] psn\n|upkeep\n|turn|9\n|\n|t:|1700668264\n|switch|p1a: Ferrothorn|Ferrothorn, F|100\/100\n|-damage|p1a: Ferrothorn|95\/100|[from] Stealth Rock\n|move|p2a: Kyurem|Fusion Flare|p1a: Ferrothorn\n|-supereffective|p1a: Ferrothorn\n|-damage|p1a: Ferrothorn|0 fnt\n|faint|p1a: Ferrothorn\n|-damage|p2a: Kyurem|37\/100 tox|[from] item: Life Orb\n|\n|-damage|p2a: Kyurem|19\/100 tox|[from] psn\n|upkeep\n|\n|t:|1700668271\n|switch|p1a: Ditto|Ditto|100\/100\n|-damage|p1a: Ditto|88\/100|[from] Stealth Rock\n|-transform|p1a: Ditto|p2a: Kyurem|[from] ability: Imposter\n|-ability|p1a: Ditto|Turboblaze\n|turn|10\n|\n|t:|1700668282\n|move|p1a: Ditto|Ice Beam|p2a: Kyurem\n|-damage|p2a: Kyurem|0 fnt\n|faint|p2a: Kyurem\n|\n|upkeep\n|\n|t:|1700668290\n|switch|p2a: Kingambit|Kingambit, F|94\/100\n|-damage|p2a: Kingambit|88\/100|[from] Stealth Rock\n|-activate|p2a: Kingambit|ability: Supreme Overlord\n|-start|p2a: Kingambit|fallen2|[silent]\n|turn|11\n|j| 1 em trach thu\n|\n|t:|1700668297\n|switch|p1a: Rotom|Rotom-Wash|100\/100\n|-damage|p1a: Rotom|88\/100|[from] Stealth Rock\n|move|p2a: Kingambit|Knock Off|p1a: Rotom\n|-damage|p1a: Rotom|24\/100\n|-enditem|p1a: Rotom|Focus Sash|[from] move: Knock Off|[of] p2a: Kingambit\n|\n|upkeep\n|turn|12\n|\n|t:|1700668306\n|-end|p2a: Kingambit|fallen2|[silent]\n|switch|p2a: Groudon|Groudon-Primal|100\/100\n|-damage|p2a: Groudon|88\/100|[from] Stealth Rock\n|-weather|DesolateLand|[from] ability: Desolate Land|[of] p2a: Groudon\n|move|p1a: Rotom|Will-O-Wisp|p2a: Groudon\n|-immune|p2a: Groudon\n|\n|-weather|DesolateLand|[upkeep]\n|upkeep\n|turn|13\n|\n|t:|1700668316\n|move|p2a: Groudon|Heat Crash|p1a: Rotom\n|-resisted|p1a: Rotom\n|-damage|p1a: Rotom|0 fnt\n|faint|p1a: Rotom\n|\n|-weather|DesolateLand|[upkeep]\n|upkeep\n|\n|t:|1700668319\n|switch|p1a: Ditto|Ditto|88\/100\n|-damage|p1a: Ditto|76\/100|[from] Stealth Rock\n|-transform|p1a: Ditto|p2a: Groudon|[from] ability: Imposter\n|turn|14\n|\n|t:|1700668327\n|switch|p2a: Kingambit|Kingambit, F|88\/100\n|-damage|p2a: Kingambit|82\/100|[from] Stealth Rock\n|-activate|p2a: Kingambit|ability: Supreme Overlord\n|-start|p2a: Kingambit|fallen2|[silent]\n|move|p1a: Ditto|Earthquake|p2a: Kingambit\n|-supereffective|p2a: Kingambit\n|-damage|p2a: Kingambit|0 fnt\n|faint|p2a: Kingambit\n|-end|p2a: Kingambit|fallen2|[silent]\n|\n|-weather|DesolateLand|[upkeep]\n|upkeep\n|\n|t:|1700668341\n|switch|p2a: Krookodile|Krookodile, F|82\/100 brn\n|-damage|p2a: Krookodile|76\/100 brn|[from] Stealth Rock\n|-ability|p2a: Krookodile|Intimidate|boost\n|-unboost|p1a: Ditto|atk|1\n|turn|15\n|\n|t:|1700668350\n|-weather|none\n|switch|p1a: Sableye|Sableye, M|100\/100\n|-damage|p1a: Sableye|88\/100|[from] Stealth Rock\n|move|p2a: Krookodile|Taunt|p1a: Sableye\n|-start|p1a: Sableye|move: Taunt\n|\n|-damage|p2a: Krookodile|70\/100 brn|[from] brn\n|upkeep\n|turn|16\n|\n|t:|1700668361\n|switch|p2a: Xerneas|Xerneas|100\/100\n|-damage|p2a: Xerneas|88\/100|[from] Stealth Rock\n|-ability|p2a: Xerneas|Fairy Aura\n|move|p1a: Sableye|Foul Play|p2a: Xerneas\n|-resisted|p2a: Xerneas\n|-damage|p2a: Xerneas|76\/100\n|\n|upkeep\n|turn|17\n|\n|t:|1700668371\n|switch|p1a: Toxapex|Toxapex, M|50\/100\n|-damage|p1a: Toxapex|38\/100|[from] Stealth Rock\n|move|p2a: Xerneas|Moonblast|p1a: Toxapex\n|-resisted|p1a: Toxapex\n|-crit|p1a: Toxapex\n|-damage|p1a: Toxapex|0 fnt\n|faint|p1a: Toxapex\n|\n|upkeep\n|\n|t:|1700668378\n|switch|p1a: Ditto|Ditto|76\/100\n|-damage|p1a: Ditto|63\/100|[from] Stealth Rock\n|-transform|p1a: Ditto|p2a: Xerneas|[from] ability: Imposter\n|-ability|p1a: Ditto|Fairy Aura\n|turn|18\n|\n|t:|1700668387\n|move|p1a: Ditto|Moonblast|p2a: Xerneas\n|-damage|p2a: Xerneas|18\/100\n|move|p2a: Xerneas|Moonblast|p1a: Ditto\n|-damage|p1a: Ditto|0 fnt\n|faint|p1a: Ditto\n|\n|upkeep\n|-message|DavBluDino forfeited.\n|\n|win|85792195wwww\n|raw|DavBluDino's rating: 1553 &rarr; <strong>1540<\/strong><br \/>(-13 for losing)\n|raw|85792195wwww's rating: 1675 &rarr; <strong>1688<\/strong><br \/>(+13 for winning)\n|l|\u2606DavBluDino\n","uploadtime":1700668398,"views":0,"p1id":"davbludino","p2id":"85792195wwww","formatid":"gen9nationaldexubers","rating":1540,"private":0,"password":""}