{"id":"gen9nationaldexubers-1988378940","p1":"PureOpal","p2":"Cosbel","format":"[Gen 9] National Dex Ubers","log":"|j|\u2606PureOpal\n|j|\u2606Cosbel\n|t:|1699716179\n|gametype|singles\n|player|p1|PureOpal|picnicker|1154\n|player|p2|Cosbel|scientist-gen4dp|1063\n|teamsize|p1|6\n|teamsize|p2|6\n|gen|9\n|tier|[Gen 9] National Dex Ubers\n|rated|\n|rule|HP Percentage Mod: HP is shown in percentages\n|rule|Endless Battle Clause: Forcing endless battles is banned\n|rule|OHKO Clause: OHKO moves are banned\n|rule|Evasion Moves Clause: Evasion moves are banned\n|rule|Evasion Items Clause: Evasion items are banned\n|rule|Species Clause: Limit one of each Pok\u00e9mon\n|rule|Sleep Clause Mod: Limit one foe put to sleep\n|rule|Mega Rayquaza Clause: You cannot mega evolve Rayquaza\n|clearpoke\n|poke|p1|Dondozo, M|\n|poke|p1|Manaphy|\n|poke|p1|Alomomola, F|\n|poke|p1|Palafin, M|\n|poke|p1|Kyogre|\n|poke|p1|Milotic, M|\n|poke|p2|Zekrom|\n|poke|p2|Deoxys-Attack|\n|poke|p2|Darkrai|\n|poke|p2|Necrozma-Dusk-Mane|\n|poke|p2|Arceus-Water|\n|poke|p2|Steelix, M|\n|teampreview\n|c|\u2606PureOpal|Gl and hf\n|inactive|Battle timer is ON: inactive players will automatically lose when time's up. (requested by Cosbel)\n|\n|t:|1699716212\n|start\n|switch|p1a: Kyogre|Kyogre|100\/100\n|switch|p2a: Pau Mush|Darkrai|100\/100\n|-weather|RainDance|[from] ability: Drizzle|[of] p1a: Kyogre\n|turn|1\n|\n|t:|1699716228\n|switch|p1a: Dondozo|Dondozo, M|100\/100\n|move|p2a: Pau Mush|Hypnosis|p1a: Dondozo\n|-status|p1a: Dondozo|slp|[from] move: Hypnosis\n|\n|-weather|RainDance|[upkeep]\n|-damage|p1a: Dondozo|88\/100 slp|[from] ability: Bad Dreams|[of] p2a: Pau Mush\n|upkeep\n|turn|2\n|\n|t:|1699716237\n|move|p2a: Pau Mush|Dark Pulse|p1a: Dondozo\n|-damage|p1a: Dondozo|47\/100 slp\n|cant|p1a: Dondozo|slp\n|move|p1a: Dondozo|Sleep Talk|p1a: Dondozo\n|move|p1a: Dondozo|Body Press|p2a: Pau Mush|[from]move: Sleep Talk\n|-supereffective|p2a: Pau Mush\n|-damage|p2a: Pau Mush|19\/100\n|\n|-weather|RainDance|[upkeep]\n|-heal|p1a: Dondozo|53\/100 slp|[from] item: Leftovers\n|-damage|p1a: Dondozo|41\/100 slp|[from] ability: Bad Dreams|[of] p2a: Pau Mush\n|upkeep\n|turn|3\n|\n|t:|1699716256\n|move|p2a: Pau Mush|Dark Pulse|p1a: Dondozo\n|-damage|p1a: Dondozo|0 fnt\n|faint|p1a: Dondozo\n|\n|-weather|RainDance|[upkeep]\n|upkeep\n|\n|t:|1699716261\n|switch|p1a: Alomomola|Alomomola, F|100\/100\n|turn|4\n|\n|t:|1699716269\n|move|p2a: Pau Mush|Hypnosis|p1a: Alomomola|[miss]\n|-miss|p2a: Pau Mush|p1a: Alomomola\n|move|p1a: Alomomola|Flip Turn|p2a: Pau Mush\n|-crit|p2a: Pau Mush\n|-damage|p2a: Pau Mush|0 fnt\n|faint|p2a: Pau Mush\n|\n|t:|1699716272\n|switch|p1a: Palafin|Palafin, M|100\/100|[from] Flip Turn\n|\n|-weather|RainDance|[upkeep]\n|upkeep\n|\n|t:|1699716279\n|switch|p2a: Zeca|Zekrom, shiny|100\/100\n|-ability|p2a: Zeca|Teravolt\n|turn|5\n|\n|t:|1699716286\n|move|p2a: Zeca|Bolt Strike|p1a: Palafin\n|-supereffective|p1a: Palafin\n|-damage|p1a: Palafin|0 fnt\n|faint|p1a: Palafin\n|\n|-weather|none\n|upkeep\n|\n|t:|1699716296\n|switch|p1a: Alomomola|Alomomola, F|100\/100\n|turn|6\n|inactive|PureOpal has 120 seconds left.\n|\n|t:|1699716328\n|move|p2a: Zeca|Bolt Strike|p1a: Alomomola\n|-supereffective|p1a: Alomomola\n|-enditem|p1a: Alomomola|Wacan Berry|[eat]\n|-enditem|p1a: Alomomola|Wacan Berry|[weaken]\n|-damage|p1a: Alomomola|41\/100\n|move|p1a: Alomomola|Pain Split|p2a: Zeca\n|-sethp|p2a: Zeca|82\/100|[from] move: Pain Split|[silent]\n|-sethp|p1a: Alomomola|53\/100|[from] move: Pain Split\n|\n|upkeep\n|turn|7\n|\n|t:|1699716334\n|move|p2a: Zeca|Bolt Strike|p1a: Alomomola\n|-supereffective|p1a: Alomomola\n|-damage|p1a: Alomomola|0 fnt\n|faint|p1a: Alomomola\n|\n|upkeep\n|\n|t:|1699716342\n|switch|p1a: Milotic|Milotic, M|100\/100\n|turn|8\n|\n|t:|1699716346\n|move|p2a: Zeca|Bolt Strike|p1a: Milotic\n|-supereffective|p1a: Milotic\n|-damage|p1a: Milotic|0 fnt\n|faint|p1a: Milotic\n|\n|upkeep\n|\n|t:|1699716352\n|switch|p1a: Manaphy|Manaphy|100\/100\n|turn|9\n|\n|t:|1699716355\n|move|p2a: Zeca|Bolt Strike|p1a: Manaphy\n|-supereffective|p1a: Manaphy\n|-damage|p1a: Manaphy|0 fnt\n|faint|p1a: Manaphy\n|\n|upkeep\n|\n|t:|1699716357\n|switch|p1a: Kyogre|Kyogre|100\/100\n|-weather|RainDance|[from] ability: Drizzle|[of] p1a: Kyogre\n|turn|10\n|\n|t:|1699716360\n|-terastallize|p1a: Kyogre|Water\n|move|p2a: Zeca|Bolt Strike|p1a: Kyogre\n|-supereffective|p1a: Kyogre\n|-damage|p1a: Kyogre|0 fnt\n|faint|p1a: Kyogre\n|\n|win|Cosbel\n|raw|PureOpal's rating: 1154 &rarr; <strong>1123<\/strong><br \/>(-31 for losing)\n|raw|Cosbel's rating: 1063 &rarr; <strong>1101<\/strong><br \/>(+38 for winning)\n|l|\u2606PureOpal\n","uploadtime":1699716365,"views":11,"p1id":"pureopal","p2id":"cosbel","formatid":"gen9nationaldexubers","rating":1101,"private":0,"password":""}