{"id":"gen9nationaldexubers-1985552738","p1":"CharninjaGamingYT","p2":"MarcosGCR1234","format":"[Gen 9] National Dex Ubers","log":"|j|\u2606CharninjaGamingYT\n|j|\u2606MarcosGCR1234\n|t:|1699384043\n|gametype|singles\n|player|p1|CharninjaGamingYT|turo-ai|1143\n|player|p2|MarcosGCR1234|hilbert|1156\n|teamsize|p1|6\n|teamsize|p2|6\n|gen|9\n|tier|[Gen 9] National Dex Ubers\n|rated|\n|rule|HP Percentage Mod: HP is shown in percentages\n|rule|Endless Battle Clause: Forcing endless battles is banned\n|rule|OHKO Clause: OHKO moves are banned\n|rule|Evasion Moves Clause: Evasion moves are banned\n|rule|Evasion Items Clause: Evasion items are banned\n|rule|Species Clause: Limit one of each Pok\u00e9mon\n|rule|Sleep Clause Mod: Limit one foe put to sleep\n|rule|Mega Rayquaza Clause: You cannot mega evolve Rayquaza\n|clearpoke\n|poke|p1|Aegislash, F|\n|poke|p1|Magnezone|\n|poke|p1|Muk, F|\n|poke|p1|Porygon-Z|\n|poke|p1|Scizor, M|\n|poke|p1|Metagross|\n|poke|p2|Blaziken, M|\n|poke|p2|Ursaluna, M|\n|poke|p2|Espathra, F|\n|poke|p2|Serperior, F|\n|poke|p2|Azumarill, F|\n|poke|p2|Gliscor, F|\n|teampreview\n|inactive|Battle timer is ON: inactive players will automatically lose when time's up. (requested by CharninjaGamingYT)\n|\n|t:|1699384058\n|start\n|switch|p1a: T-1|Magnezone|100\/100\n|switch|p2a: Azumarill|Azumarill, F|100\/100\n|turn|1\n|\n|t:|1699384073\n|move|p1a: T-1|Volt Switch|p2a: Azumarill\n|-supereffective|p2a: Azumarill\n|-damage|p2a: Azumarill|0 fnt\n|faint|p2a: Azumarill\n|\n|t:|1699384080\n|switch|p1a: T-1000 (polyalloy)|Muk, F|100\/100|[from] Volt Switch\n|\n|upkeep\n|\n|t:|1699384090\n|switch|p2a: Marsh|Ursaluna, M|100\/100\n|turn|2\n|c|\u2606MarcosGCR1234|What\u2019s with the nickname\n|\n|t:|1699384112\n|move|p2a: Marsh|Earthquake|p1a: T-1000 (polyalloy)\n|-supereffective|p1a: T-1000 (polyalloy)\n|-damage|p1a: T-1000 (polyalloy)|0 fnt\n|faint|p1a: T-1000 (polyalloy)\n|\n|-status|p2a: Marsh|brn|[from] item: Flame Orb\n|upkeep\n|\n|t:|1699384119\n|switch|p1a: T-1|Magnezone|100\/100\n|turn|3\n|\n|t:|1699384134\n|move|p1a: T-1|Flash Cannon|p2a: Marsh\n|-damage|p2a: Marsh|45\/100 brn\n|move|p2a: Marsh|Fire Punch|p1a: T-1\n|-supereffective|p1a: T-1\n|-damage|p1a: T-1|25\/100\n|\n|-damage|p2a: Marsh|38\/100 brn|[from] brn\n|upkeep\n|turn|4\n|\n|t:|1699384152\n|-terastallize|p2a: Marsh|Ground\n|move|p1a: T-1|Flash Cannon|p2a: Marsh\n|-damage|p2a: Marsh|0 fnt\n|faint|p2a: Marsh\n|\n|upkeep\n|\n|t:|1699384158\n|switch|p2a: Blaziken|Blaziken, M|100\/100\n|turn|5\n|c|\u2606CharninjaGamingYT|\u00af\\_(\u30c4)_\/\u00af\n|\n|t:|1699384165\n|detailschange|p2a: Blaziken|Blaziken-Mega, M\n|-mega|p2a: Blaziken|Blaziken|Blazikenite\n|move|p2a: Blaziken|Blaze Kick|p1a: T-1\n|-supereffective|p1a: T-1\n|-crit|p1a: T-1\n|-damage|p1a: T-1|0 fnt\n|faint|p1a: T-1\n|\n|-ability|p2a: Blaziken|Speed Boost|boost\n|-boost|p2a: Blaziken|spe|1\n|upkeep\n|\n|t:|1699384175\n|switch|p1a: T-1000 (Sword)|Aegislash, F|100\/100\n|turn|6\n|\n|t:|1699384180\n|move|p1a: T-1000 (Sword)|King's Shield|p1a: T-1000 (Sword)\n|-singleturn|p1a: T-1000 (Sword)|Protect\n|move|p2a: Blaziken|Blaze Kick|p1a: T-1000 (Sword)\n|-activate|p1a: T-1000 (Sword)|move: Protect\n|-unboost|p2a: Blaziken|atk|1\n|\n|-ability|p2a: Blaziken|Speed Boost|boost\n|-boost|p2a: Blaziken|spe|1\n|upkeep\n|turn|7\n|\n|t:|1699384188\n|move|p2a: Blaziken|Swords Dance|p2a: Blaziken\n|-boost|p2a: Blaziken|atk|2\n|-formechange|p1a: T-1000 (Sword)|Aegislash-Blade||[from] ability: Stance Change\n|move|p1a: T-1000 (Sword)|Shadow Ball|p2a: Blaziken\n|-crit|p2a: Blaziken\n|-damage|p2a: Blaziken|23\/100\n|\n|-ability|p2a: Blaziken|Speed Boost|boost\n|-boost|p2a: Blaziken|spe|1\n|upkeep\n|turn|8\n|\n|t:|1699384201\n|move|p1a: T-1000 (Sword)|Shadow Sneak|p2a: Blaziken\n|-damage|p2a: Blaziken|0 fnt\n|faint|p2a: Blaziken\n|\n|upkeep\n|\n|t:|1699384206\n|switch|p2a: Clifside|Gliscor, F|100\/100\n|turn|9\n|\n|t:|1699384211\n|-formechange|p1a: T-1000 (Sword)|Aegislash||[from] ability: Stance Change\n|move|p1a: T-1000 (Sword)|King's Shield|p1a: T-1000 (Sword)\n|-singleturn|p1a: T-1000 (Sword)|Protect\n|move|p2a: Clifside|Earthquake|p1a: T-1000 (Sword)\n|-activate|p1a: T-1000 (Sword)|move: Protect\n|\n|-status|p2a: Clifside|tox|[from] item: Toxic Orb\n|upkeep\n|turn|10\n|\n|t:|1699384220\n|move|p2a: Clifside|Earthquake|p1a: T-1000 (Sword)\n|-supereffective|p1a: T-1000 (Sword)\n|-damage|p1a: T-1000 (Sword)|50\/100\n|-enditem|p1a: T-1000 (Sword)|Weakness Policy\n|-boost|p1a: T-1000 (Sword)|atk|2|[from] item: Weakness Policy\n|-boost|p1a: T-1000 (Sword)|spa|2|[from] item: Weakness Policy\n|-formechange|p1a: T-1000 (Sword)|Aegislash-Blade||[from] ability: Stance Change\n|move|p1a: T-1000 (Sword)|Shadow Ball|p2a: Clifside\n|-damage|p2a: Clifside|19\/100 tox\n|\n|-heal|p2a: Clifside|31\/100 tox|[from] ability: Poison Heal\n|upkeep\n|turn|11\n|\n|t:|1699384231\n|move|p1a: T-1000 (Sword)|Shadow Sneak|p2a: Clifside\n|-damage|p2a: Clifside|4\/100 tox\n|move|p2a: Clifside|Knock Off|p1a: T-1000 (Sword)\n|-supereffective|p1a: T-1000 (Sword)\n|-damage|p1a: T-1000 (Sword)|0 fnt\n|faint|p1a: T-1000 (Sword)\n|\n|-heal|p2a: Clifside|16\/100 tox|[from] ability: Poison Heal\n|upkeep\n|\n|t:|1699384238\n|switch|p1a: Skynet|Porygon-Z|100\/100\n|turn|12\n|\n|t:|1699384247\n|-terastallize|p1a: Skynet|Normal\n|move|p1a: Skynet|Tri Attack|p2a: Clifside\n|-damage|p2a: Clifside|0 fnt\n|faint|p2a: Clifside\n|\n|upkeep\n|\n|t:|1699384261\n|switch|p2a: Serperior|Serperior, F, shiny|100\/100\n|turn|13\n|\n|t:|1699384269\n|move|p1a: Skynet|Tri Attack|p2a: Serperior\n|-damage|p2a: Serperior|28\/100\n|-status|p2a: Serperior|frz\n|cant|p2a: Serperior|frz\n|\n|-heal|p2a: Serperior|35\/100 frz|[from] item: Leftovers\n|upkeep\n|turn|14\n|\n|t:|1699384279\n|move|p1a: Skynet|Tri Attack|p2a: Serperior\n|-damage|p2a: Serperior|0 fnt\n|faint|p2a: Serperior\n|\n|upkeep\n|\n|t:|1699384284\n|switch|p2a: Espathra|Espathra, F|100\/100\n|turn|15\n|\n|t:|1699384291\n|move|p1a: Skynet|Tri Attack|p2a: Espathra\n|-damage|p2a: Espathra|5\/100\n|-status|p2a: Espathra|par\n|cant|p2a: Espathra|par\n|\n|-heal|p2a: Espathra|11\/100 par|[from] item: Leftovers\n|-ability|p2a: Espathra|Speed Boost|boost\n|-boost|p2a: Espathra|spe|1\n|upkeep\n|turn|16\n|c|\u2606CharninjaGamingYT|terminators win\n|\n|t:|1699384310\n|move|p1a: Skynet|Tri Attack|p2a: Espathra\n|-damage|p2a: Espathra|0 fnt\n|faint|p2a: Espathra\n|\n|win|CharninjaGamingYT\n|raw|CharninjaGamingYT's rating: 1143 &rarr; <strong>1169<\/strong><br \/>(+26 for winning)\n|raw|MarcosGCR1234's rating: 1156 &rarr; <strong>1130<\/strong><br \/>(-26 for losing)\n|l|\u2606MarcosGCR1234\n","uploadtime":1699384317,"views":11,"p1id":"charninjagamingyt","p2id":"marcosgcr1234","formatid":"gen9nationaldexubers","rating":1130,"private":0,"password":""}