{"id":"gen9nationaldexubers-1978393179","p1":"grass knot zygarde","p2":"Ban Miraidon","format":"[Gen 9] National Dex Ubers","log":"|j|\u2606grass knot zygarde\n|j|\u2606Ban Miraidon\n|t:|1698533175\n|gametype|singles\n|player|p1|grass knot zygarde|dawn|1633\n|player|p2|Ban Miraidon|arven-v|1425\n|teamsize|p1|6\n|teamsize|p2|6\n|gen|9\n|tier|[Gen 9] National Dex Ubers\n|rated|\n|rule|HP Percentage Mod: HP is shown in percentages\n|rule|Endless Battle Clause: Forcing endless battles is banned\n|rule|OHKO Clause: OHKO moves are banned\n|rule|Evasion Moves Clause: Evasion moves are banned\n|rule|Evasion Items Clause: Evasion items are banned\n|rule|Species Clause: Limit one of each Pok\u00e9mon\n|rule|Sleep Clause Mod: Limit one foe put to sleep\n|rule|Mega Rayquaza Clause: You cannot mega evolve Rayquaza\n|clearpoke\n|poke|p1|Ho-Oh|\n|poke|p1|Tyranitar, F|\n|poke|p1|Chansey, F|\n|poke|p1|Mewtwo|\n|poke|p1|Dondozo, F|\n|poke|p1|Giratina|\n|poke|p2|Xerneas-*|\n|poke|p2|Groudon|\n|poke|p2|Arceus-Ground|\n|poke|p2|Mewtwo|\n|poke|p2|Smeargle, M|\n|poke|p2|Marshadow|\n|teampreview\n|inactive|Battle timer is ON: inactive players will automatically lose when time's up. (requested by Ban Miraidon)\n|\n|t:|1698533195\n|start\n|switch|p1a: Scoliosaurus|Tyranitar, F, shiny|100\/100\n|switch|p2a: Smeargle|Smeargle, M, shiny|100\/100\n|-weather|Sandstorm|[from] ability: Sand Stream|[of] p1a: Scoliosaurus\n|turn|1\n|\n|t:|1698533203\n|detailschange|p1a: Scoliosaurus|Tyranitar-Mega, F, shiny\n|-mega|p1a: Scoliosaurus|Tyranitar|Tyranitarite\n|move|p2a: Smeargle|Stealth Rock|p1a: Scoliosaurus\n|-sidestart|p1: grass knot zygarde|move: Stealth Rock\n|move|p1a: Scoliosaurus|Knock Off|p2a: Smeargle\n|-enditem|p2a: Smeargle|Focus Sash\n|-damage|p2a: Smeargle|1\/100\n|\n|-weather|Sandstorm|[upkeep]\n|-damage|p2a: Smeargle|0 fnt|[from] Sandstorm\n|faint|p2a: Smeargle\n|upkeep\n|\n|t:|1698533206\n|switch|p2a: Marshadow|Marshadow|100\/100\n|turn|2\n|j| Incredible Gassy\n|\n|t:|1698533219\n|switch|p1a: idk who this is|Dondozo, F, shiny|100\/100\n|-damage|p1a: idk who this is|88\/100|[from] Stealth Rock\n|move|p2a: Marshadow|Low Kick|p1a: idk who this is\n|-damage|p1a: idk who this is|51\/100\n|-damage|p2a: Marshadow|91\/100|[from] item: Life Orb\n|\n|-weather|Sandstorm|[upkeep]\n|-damage|p2a: Marshadow|84\/100|[from] Sandstorm\n|-damage|p1a: idk who this is|45\/100|[from] Sandstorm\n|-heal|p1a: idk who this is|51\/100|[from] item: Leftovers\n|upkeep\n|turn|3\n|j| peppinopizzarizz\n|\n|t:|1698533227\n|switch|p2a: Groudon|Groudon, shiny|100\/100\n|detailschange|p2a: Groudon|Groudon-Primal, shiny\n|-primal|p2a: Groudon|Red Orb\n|-weather|DesolateLand|[from] ability: Desolate Land|[of] p2a: Groudon\n|move|p1a: idk who this is|Rest|p1a: idk who this is\n|-status|p1a: idk who this is|slp|[from] move: Rest\n|-heal|p1a: idk who this is|100\/100 slp|[silent]\n|\n|-weather|DesolateLand|[upkeep]\n|upkeep\n|turn|4\n|\n|t:|1698533234\n|-weather|none\n|switch|p2a: Xerneas|Xerneas, shiny|100\/100\n|-ability|p2a: Xerneas|Fairy Aura\n|switch|p1a: Hole in the Earth|Giratina, shiny|100\/100\n|-damage|p1a: Hole in the Earth|88\/100|[from] Stealth Rock\n|-ability|p1a: Hole in the Earth|Pressure\n|\n|-heal|p1a: Hole in the Earth|94\/100|[from] item: Leftovers\n|upkeep\n|turn|5\n|\n|t:|1698533242\n|switch|p1a: Torture|Chansey, F, shiny|100\/100\n|-damage|p1a: Torture|88\/100|[from] Stealth Rock\n|move|p2a: Xerneas|Geomancy||[still]\n|-prepare|p2a: Xerneas|Geomancy\n|-enditem|p2a: Xerneas|Power Herb\n|-anim|p2a: Xerneas|Geomancy|p2a: Xerneas\n|-boost|p2a: Xerneas|spa|2\n|-boost|p2a: Xerneas|spd|2\n|-boost|p2a: Xerneas|spe|2\n|\n|upkeep\n|turn|6\n|c| peppinopizzarizz|this ish nothing\n|\n|t:|1698533260\n|-terastallize|p2a: Xerneas|Fighting\n|move|p2a: Xerneas|Focus Blast|p1a: Torture\n|-supereffective|p1a: Torture\n|-damage|p1a: Torture|17\/100\n|move|p1a: Torture|Confide|p2a: Xerneas\n|-unboost|p2a: Xerneas|spa|1\n|\n|upkeep\n|turn|7\n|\n|t:|1698533280\n|move|p2a: Xerneas|Moonblast|p1a: Torture\n|-damage|p1a: Torture|0 fnt\n|faint|p1a: Torture\n|\n|upkeep\n|\n|t:|1698533283\n|switch|p1a: Danced in Fiya|Ho-Oh, shiny|100\/100\n|turn|8\n|\n|t:|1698533286\n|move|p2a: Xerneas|Thunder|p1a: Danced in Fiya\n|-supereffective|p1a: Danced in Fiya\n|-damage|p1a: Danced in Fiya|31\/100\n|-status|p1a: Danced in Fiya|par\n|move|p1a: Danced in Fiya|Whirlwind|p2a: Xerneas\n|drag|p2a: Marshadow|Marshadow|84\/100\n|\n|upkeep\n|turn|9\n|\n|t:|1698533299\n|switch|p1a: idk who this is|Dondozo, F, shiny|100\/100 slp\n|-damage|p1a: idk who this is|88\/100 slp|[from] Stealth Rock\n|move|p2a: Marshadow|Rock Tomb|p1a: idk who this is\n|-damage|p1a: idk who this is|72\/100 slp\n|-unboost|p1a: idk who this is|spe|1\n|-damage|p2a: Marshadow|74\/100|[from] item: Life Orb\n|\n|-heal|p1a: idk who this is|78\/100 slp|[from] item: Leftovers\n|upkeep\n|turn|10\n|\n|t:|1698533307\n|switch|p2a: Mewtwo|Mewtwo, shiny|100\/100\n|-ability|p2a: Mewtwo|Pressure\n|cant|p1a: idk who this is|slp\n|\n|-heal|p1a: idk who this is|84\/100 slp|[from] item: Leftovers\n|upkeep\n|turn|11\n|\n|t:|1698533314\n|switch|p1a: Scoliosaurus|Tyranitar-Mega, F, shiny|100\/100\n|-damage|p1a: Scoliosaurus|88\/100|[from] Stealth Rock\n|-weather|Sandstorm|[from] ability: Sand Stream|[of] p1a: Scoliosaurus\n|move|p2a: Mewtwo|Nasty Plot|p2a: Mewtwo\n|-boost|p2a: Mewtwo|spa|2\n|\n|-weather|Sandstorm|[upkeep]\n|-damage|p2a: Mewtwo|94\/100|[from] Sandstorm\n|upkeep\n|turn|12\n|\n|t:|1698533317\n|detailschange|p2a: Mewtwo|Mewtwo-Mega-Y, shiny\n|-mega|p2a: Mewtwo|Mewtwo|Mewtwonite Y\n|move|p2a: Mewtwo|Earth Power|p1a: Scoliosaurus\n|-supereffective|p1a: Scoliosaurus\n|-damage|p1a: Scoliosaurus|28\/100\n|move|p1a: Scoliosaurus|Knock Off|p2a: Mewtwo\n|-supereffective|p2a: Mewtwo\n|-damage|p2a: Mewtwo|1\/100\n|\n|-weather|Sandstorm|[upkeep]\n|-damage|p2a: Mewtwo|0 fnt|[from] Sandstorm\n|faint|p2a: Mewtwo\n|upkeep\n|-message|Ban Miraidon forfeited.\n|\n|win|grass knot zygarde\n|raw|grass knot zygarde's rating: 1633 &rarr; <strong>1642<\/strong><br \/>(+9 for winning)\n|raw|Ban Miraidon's rating: 1425 &rarr; <strong>1416<\/strong><br \/>(-9 for losing)\n|l|\u2606Ban Miraidon\n|l| peppinopizzarizz\n","uploadtime":1698533334,"views":7,"p1id":"grassknotzygarde","p2id":"banmiraidon","formatid":"gen9nationaldexubers","rating":1416,"private":0,"password":""}