{"id":"gen9nationaldexubers-1992358782","p1":"thenoggyman","p2":"Ratteratte","format":"[Gen 9] National Dex Ubers","log":"|j|\u2606thenoggyman\n|j|\u2606Ratteratte\n|t:|1700178462\n|gametype|singles\n|player|p1|thenoggyman|265|1093\n|player|p2|Ratteratte|clown|1092\n|teamsize|p1|6\n|teamsize|p2|6\n|gen|9\n|tier|[Gen 9] National Dex Ubers\n|rated|\n|rule|HP Percentage Mod: HP is shown in percentages\n|rule|Endless Battle Clause: Forcing endless battles is banned\n|rule|OHKO Clause: OHKO moves are banned\n|rule|Evasion Moves Clause: Evasion moves are banned\n|rule|Evasion Items Clause: Evasion items are banned\n|rule|Species Clause: Limit one of each Pok\u00e9mon\n|rule|Sleep Clause Mod: Limit one foe put to sleep\n|rule|Mega Rayquaza Clause: You cannot mega evolve Rayquaza\n|clearpoke\n|poke|p1|Clawitzer, M|\n|poke|p1|Honchkrow, M|\n|poke|p1|Iron Moth|\n|poke|p1|Gourgeist-*, F|\n|poke|p1|Wynaut, M|\n|poke|p1|Absol, F|\n|poke|p2|Dragapult, F|\n|poke|p2|Gliscor, M|\n|poke|p2|Cinderace, M|\n|poke|p2|Primarina, F|\n|poke|p2|Xurkitree|\n|poke|p2|Scolipede, F|\n|teampreview\n|\n|t:|1700178471\n|start\n|switch|p1a: Absol|Absol, F|100\/100\n|switch|p2a: Laffy taffy|Scolipede, F, shiny|100\/100\n|turn|1\n|\n|t:|1700178482\n|detailschange|p1a: Absol|Absol-Mega, F\n|-mega|p1a: Absol|Absol|Absolite\n|move|p1a: Absol|Rock Slide|p2a: Laffy taffy\n|-supereffective|p2a: Laffy taffy\n|-damage|p2a: Laffy taffy|11\/100\n|move|p2a: Laffy taffy|Megahorn|p1a: Absol\n|-supereffective|p1a: Absol\n|-damage|p1a: Absol|0 fnt\n|faint|p1a: Absol\n|\n|-ability|p2a: Laffy taffy|Speed Boost|boost\n|-boost|p2a: Laffy taffy|spe|1\n|upkeep\n|\n|t:|1700178495\n|switch|p1a: Iron Moth|Iron Moth|100\/100\n|-enditem|p1a: Iron Moth|Booster Energy\n|-activate|p1a: Iron Moth|ability: Quark Drive|[fromitem]\n|-start|p1a: Iron Moth|quarkdrivespe\n|turn|2\n|\n|t:|1700178516\n|move|p1a: Iron Moth|Fiery Dance|p2a: Laffy taffy\n|-supereffective|p2a: Laffy taffy\n|-damage|p2a: Laffy taffy|0 fnt\n|faint|p2a: Laffy taffy\n|\n|upkeep\n|\n|t:|1700178531\n|switch|p2a: Orb|Gliscor, M, shiny|100\/100\n|turn|3\n|\n|t:|1700178547\n|move|p1a: Iron Moth|Psychic|p2a: Orb\n|-damage|p2a: Orb|54\/100\n|move|p2a: Orb|Earthquake|p1a: Iron Moth\n|-supereffective|p1a: Iron Moth\n|-damage|p1a: Iron Moth|0 fnt\n|faint|p1a: Iron Moth\n|-end|p1a: Iron Moth|Quark Drive|[silent]\n|\n|-status|p2a: Orb|tox|[from] item: Toxic Orb\n|upkeep\n|\n|t:|1700178556\n|switch|p1a: Clawitzer|Clawitzer, M|100\/100\n|turn|4\n|\n|t:|1700178572\n|move|p2a: Orb|Fling|p1a: Clawitzer\n|-damage|p1a: Clawitzer|90\/100\n|-status|p1a: Clawitzer|tox\n|-enditem|p2a: Orb|Toxic Orb|[from] move: Fling\n|move|p1a: Clawitzer|Water Pulse|p2a: Orb\n|-supereffective|p2a: Orb\n|-damage|p2a: Orb|0 fnt\n|faint|p2a: Orb\n|\n|-damage|p1a: Clawitzer|84\/100 tox|[from] psn\n|upkeep\n|\n|t:|1700178580\n|switch|p2a: Quire|Xurkitree|100\/100\n|turn|5\n|\n|t:|1700178584\n|move|p2a: Quire|Energy Ball|p1a: Clawitzer\n|-supereffective|p1a: Clawitzer\n|-damage|p1a: Clawitzer|0 fnt\n|faint|p1a: Clawitzer\n|-ability|p2a: Quire|Beast Boost|boost\n|-boost|p2a: Quire|spa|1\n|\n|upkeep\n|\n|t:|1700178596\n|switch|p1a: Wynaut|Wynaut, M|100\/100\n|turn|6\n|\n|t:|1700178615\n|move|p2a: Quire|Thunderbolt|p1a: Wynaut\n|-enditem|p1a: Wynaut|Focus Sash\n|-damage|p1a: Wynaut|1\/100\n|move|p1a: Wynaut|Mirror Coat|p2a: Quire\n|-damage|p2a: Quire|0 fnt\n|faint|p2a: Quire\n|\n|upkeep\n|\n|t:|1700178625\n|switch|p2a: Fuck it we ball|Cinderace, M|100\/100\n|turn|7\n|\n|t:|1700178629\n|move|p2a: Fuck it we ball|Sucker Punch|p1a: Wynaut\n|-start|p2a: Fuck it we ball|typechange|Dark|[from] ability: Libero\n|-supereffective|p1a: Wynaut\n|-damage|p1a: Wynaut|0 fnt\n|faint|p1a: Wynaut\n|\n|upkeep\n|\n|t:|1700178635\n|switch|p1a: Honchkrow|Honchkrow, M|100\/100\n|turn|8\n|l|\u2606Ratteratte\n|player|p2|\n|j|\u2606Ratteratte\n|player|p2|Ratteratte|clown\n|c|\u2606thenoggyman|uh\n|\n|t:|1700178680\n|move|p2a: Fuck it we ball|Gunk Shot|p1a: Honchkrow\n|-damage|p1a: Honchkrow|37\/100\n|move|p1a: Honchkrow|Brave Bird|p2a: Fuck it we ball\n|-damage|p2a: Fuck it we ball|0 fnt\n|faint|p2a: Fuck it we ball\n|-damage|p1a: Honchkrow|8\/100|[from] Recoil\n|\n|upkeep\n|\n|t:|1700178694\n|switch|p2a: Prince|Primarina, F|100\/100\n|turn|9\n|\n|t:|1700178698\n|move|p1a: Honchkrow|Brave Bird|p2a: Prince\n|-damage|p2a: Prince|0 fnt\n|faint|p2a: Prince\n|-damage|p1a: Honchkrow|0 fnt|[from] Recoil\n|faint|p1a: Honchkrow\n|\n|upkeep\n|\n|t:|1700178705\n|switch|p1a: Gourgeist|Gourgeist, F|100\/100\n|switch|p2a: Lightning mcqueen|Dragapult, F, shiny|100\/100\n|-item|p2a: Lightning mcqueen|Figy Berry|[from] ability: Frisk|[of] p1a: Gourgeist|[identify]\n|turn|10\n|\n|t:|1700178725\n|move|p2a: Lightning mcqueen|Fire Blast|p1a: Gourgeist\n|-supereffective|p1a: Gourgeist\n|-damage|p1a: Gourgeist|5\/100\n|-zpower|p1a: Gourgeist\n|move|p1a: Gourgeist|Z-Trick-or-Treat||[anim]Trick-or-Treat|[still]\n|-boost|p1a: Gourgeist|atk|1|[zeffect]\n|-boost|p1a: Gourgeist|def|1|[zeffect]\n|-boost|p1a: Gourgeist|spa|1|[zeffect]\n|-boost|p1a: Gourgeist|spd|1|[zeffect]\n|-boost|p1a: Gourgeist|spe|1|[zeffect]\n|-fail|p1a: Gourgeist\n|\n|upkeep\n|turn|11\n|c|\u2606Ratteratte|LMAOOOO\n|\n|t:|1700178741\n|move|p1a: Gourgeist|Poltergeist|p2a: Lightning mcqueen|[miss]\n|-miss|p1a: Gourgeist|p2a: Lightning mcqueen\n|move|p2a: Lightning mcqueen|Fire Blast|p1a: Gourgeist\n|-supereffective|p1a: Gourgeist\n|-crit|p1a: Gourgeist\n|-damage|p1a: Gourgeist|0 fnt\n|faint|p1a: Gourgeist\n|\n|win|Ratteratte\n|raw|thenoggyman's rating: 1093 &rarr; <strong>1069<\/strong><br \/>(-24 for losing)\n|raw|Ratteratte's rating: 1092 &rarr; <strong>1118<\/strong><br \/>(+26 for winning)\n|c|\u2606thenoggyman|NOOOO\n|c|\u2606thenoggyman|GG\n|c|\u2606Ratteratte|LMAOOOO NO WAY\n|c|\u2606Ratteratte|NO WAYYYY GG\n|c|\u2606thenoggyman|THAT WAS\n|c|\u2606thenoggyman|INSANE\n|c|\u2606Ratteratte|GOOD GAME MY MAN\n|c|\u2606thenoggyman|GOOD GAME BRO\n|l|\u2606Ratteratte\n|c|\u2606thenoggyman|im gonna save that\n","uploadtime":1700178796,"views":8,"p1id":"thenoggyman","p2id":"ratteratte","formatid":"gen9nationaldexubers","rating":1069,"private":0,"password":""}