{"id":"gen9nationaldexubers-1982210843","p1":"FoxasBat","p2":"lunchbox5536","format":"[Gen 9] National Dex Ubers","log":"|j|\u2606FoxasBat\n|j|\u2606lunchbox5536\n|t:|1698979663\n|gametype|singles\n|player|p1|FoxasBat|170|\n|player|p2|lunchbox5536|ghetsis|\n|teamsize|p1|6\n|teamsize|p2|6\n|gen|9\n|tier|[Gen 9] National Dex Ubers\n|rule|HP Percentage Mod: HP is shown in percentages\n|rule|Endless Battle Clause: Forcing endless battles is banned\n|rule|OHKO Clause: OHKO moves are banned\n|rule|Evasion Moves Clause: Evasion moves are banned\n|rule|Evasion Items Clause: Evasion items are banned\n|rule|Species Clause: Limit one of each Pok\u00e9mon\n|rule|Sleep Clause Mod: Limit one foe put to sleep\n|rule|Mega Rayquaza Clause: You cannot mega evolve Rayquaza\n|clearpoke\n|poke|p1|Clodsire, F|\n|poke|p1|Roaring Moon|\n|poke|p1|Armarouge, M|\n|poke|p1|Decidueye, F|\n|poke|p1|Sliggoo-Hisui, F|\n|poke|p1|Dunsparce, M|\n|poke|p2|Torkoal, M|\n|poke|p2|Zoroark-Hisui, F|\n|poke|p2|Grimmsnarl, M|\n|poke|p2|Articuno|\n|poke|p2|Leafeon, F|\n|poke|p2|Shelgon, F|\n|teampreview\n|j| HeirEhm\n|j| Jam20Jam\n|\n|t:|1698979709\n|start\n|switch|p1a: Clodsire|Clodsire, F|100\/100\n|switch|p2a: Shelgon|Shelgon, F|100\/100\n|turn|1\n|\n|t:|1698979718\n|move|p1a: Clodsire|Stealth Rock|p2a: Shelgon\n|-sidestart|p2: lunchbox5536|move: Stealth Rock\n|move|p2a: Shelgon|Dragon Tail|p1a: Clodsire\n|-damage|p1a: Clodsire|80\/100\n|drag|p1a: Armarouge|Armarouge, M|100\/100\n|\n|upkeep\n|turn|2\n|\n|t:|1698979731\n|move|p1a: Armarouge|Calm Mind|p1a: Armarouge\n|-boost|p1a: Armarouge|spa|1\n|-boost|p1a: Armarouge|spd|1\n|move|p2a: Shelgon|Toxic|p1a: Armarouge\n|-status|p1a: Armarouge|tox\n|\n|-damage|p1a: Armarouge|94\/100 tox|[from] psn\n|upkeep\n|turn|3\n|\n|t:|1698979752\n|move|p1a: Armarouge|Calm Mind|p1a: Armarouge\n|-boost|p1a: Armarouge|spa|1\n|-boost|p1a: Armarouge|spd|1\n|move|p2a: Shelgon|Wish|p2a: Shelgon\n|\n|-damage|p1a: Armarouge|82\/100 tox|[from] psn\n|upkeep\n|turn|4\n|\n|t:|1698979760\n|move|p1a: Armarouge|Stored Power|p2a: Shelgon\n|-damage|p2a: Shelgon|0 fnt\n|faint|p2a: Shelgon\n|\n|-damage|p1a: Armarouge|64\/100 tox|[from] psn\n|upkeep\n|\n|t:|1698979780\n|switch|p2a: Grimmsnarl|Grimmsnarl, M|100\/100\n|-damage|p2a: Grimmsnarl|88\/100|[from] Stealth Rock\n|turn|5\n|\n|t:|1698979808\n|switch|p1a: Clodsire|Clodsire, F|80\/100\n|move|p2a: Grimmsnarl|Light Screen|p2a: Grimmsnarl\n|-sidestart|p2: lunchbox5536|move: Light Screen\n|\n|-heal|p1a: Clodsire|87\/100|[from] item: Leftovers\n|upkeep\n|turn|6\n|\n|t:|1698979817\n|move|p2a: Grimmsnarl|Taunt|p1a: Clodsire\n|-start|p1a: Clodsire|move: Taunt\n|cant|p1a: Clodsire|move: Taunt|Toxic\n|\n|-heal|p1a: Clodsire|93\/100|[from] item: Leftovers\n|upkeep\n|turn|7\n|\n|t:|1698979832\n|switch|p2a: Articuno|Articuno|100\/100\n|-ability|p2a: Articuno|Pressure\n|move|p1a: Clodsire|Earthquake|p2a: Articuno\n|-immune|p2a: Articuno\n|\n|-heal|p1a: Clodsire|99\/100|[from] item: Leftovers\n|upkeep\n|turn|8\n|\n|t:|1698979863\n|switch|p1a: Sliggoo|Sliggoo-Hisui, F|100\/100\n|move|p2a: Articuno|Defog|p1a: Sliggoo\n|-unboost|p1a: Sliggoo|evasion|1\n|-sideend|p2: lunchbox5536|Stealth Rock|[from] move: Defog|[of] p2a: Articuno\n|\n|upkeep\n|turn|9\n|\n|t:|1698979881\n|move|p2a: Articuno|Blizzard|p1a: Sliggoo\n|-damage|p1a: Sliggoo|73\/100\n|move|p1a: Sliggoo|Acid Spray|p2a: Articuno\n|-damage|p2a: Articuno|96\/100\n|-unboost|p2a: Articuno|spd|2\n|\n|upkeep\n|turn|10\n|\n|t:|1698979896\n|move|p2a: Articuno|Blizzard|p1a: Sliggoo\n|-damage|p1a: Sliggoo|45\/100\n|move|p1a: Sliggoo|Flash Cannon|p2a: Articuno\n|-supereffective|p2a: Articuno\n|-damage|p2a: Articuno|43\/100\n|\n|upkeep\n|turn|11\n|\n|t:|1698979915\n|switch|p2a: Torkoal|Torkoal, M|100\/100\n|-weather|SunnyDay|[from] ability: Drought|[of] p2a: Torkoal\n|move|p1a: Sliggoo|Flash Cannon|p2a: Torkoal\n|-resisted|p2a: Torkoal\n|-damage|p2a: Torkoal|94\/100\n|\n|-weather|SunnyDay|[upkeep]\n|upkeep\n|turn|12\n|\n|t:|1698979928\n|-terastallize|p1a: Sliggoo|Water\n|move|p1a: Sliggoo|Dragon Pulse|p2a: Torkoal\n|-damage|p2a: Torkoal|78\/100\n|move|p2a: Torkoal|Stealth Rock|p1a: Sliggoo\n|-sidestart|p1: FoxasBat|move: Stealth Rock\n|\n|-weather|SunnyDay|[upkeep]\n|-sideend|p2: lunchbox5536|move: Light Screen\n|upkeep\n|turn|13\n|\n|t:|1698979937\n|move|p1a: Sliggoo|Acid Spray|p2a: Torkoal\n|-damage|p2a: Torkoal|68\/100\n|-unboost|p2a: Torkoal|spd|2\n|move|p2a: Torkoal|Yawn|p1a: Sliggoo\n|-start|p1a: Sliggoo|move: Yawn|[of] p2a: Torkoal\n|\n|-weather|SunnyDay|[upkeep]\n|upkeep\n|turn|14\n|\n|t:|1698979957\n|switch|p2a: Grimmsnarl|Grimmsnarl, M|88\/100\n|move|p1a: Sliggoo|Flash Cannon|p2a: Grimmsnarl\n|-supereffective|p2a: Grimmsnarl\n|-damage|p2a: Grimmsnarl|39\/100\n|-unboost|p2a: Grimmsnarl|spd|1\n|\n|-weather|SunnyDay|[upkeep]\n|-end|p1a: Sliggoo|move: Yawn|[silent]\n|-status|p1a: Sliggoo|slp\n|upkeep\n|turn|15\n|\n|t:|1698979972\n|switch|p1a: Roaring Moon|Roaring Moon|100\/100\n|-damage|p1a: Roaring Moon|88\/100|[from] Stealth Rock\n|-activate|p1a: Roaring Moon|ability: Protosynthesis\n|-start|p1a: Roaring Moon|protosynthesisatk\n|move|p2a: Grimmsnarl|Parting Shot|p1a: Roaring Moon\n|-hint|Since gen 7, Dark is immune to Prankster moves.\n|-immune|p1a: Roaring Moon\n|\n|-weather|SunnyDay|[upkeep]\n|upkeep\n|turn|16\n|\n|t:|1698979996\n|move|p2a: Grimmsnarl|Reflect|p2a: Grimmsnarl\n|-sidestart|p2: lunchbox5536|Reflect\n|move|p1a: Roaring Moon|Acrobatics|p2a: Grimmsnarl\n|-damage|p2a: Grimmsnarl|20\/100\n|\n|-weather|SunnyDay|[upkeep]\n|upkeep\n|turn|17\n|\n|t:|1698980009\n|switch|p2a: Articuno|Articuno|43\/100\n|-ability|p2a: Articuno|Pressure\n|move|p1a: Roaring Moon|Dragon Dance|p1a: Roaring Moon\n|-boost|p1a: Roaring Moon|atk|1\n|-boost|p1a: Roaring Moon|spe|1\n|\n|-weather|SunnyDay|[upkeep]\n|upkeep\n|turn|18\n|\n|t:|1698980024\n|move|p1a: Roaring Moon|Acrobatics|p2a: Articuno\n|-damage|p2a: Articuno|20\/100\n|move|p2a: Articuno|Blizzard|p1a: Roaring Moon\n|-supereffective|p1a: Roaring Moon\n|-damage|p1a: Roaring Moon|4\/100\n|\n|-weather|none\n|-end|p1a: Roaring Moon|Protosynthesis\n|upkeep\n|-enditem|p1a: Roaring Moon|Booster Energy\n|-activate|p1a: Roaring Moon|ability: Protosynthesis|[fromitem]\n|-start|p1a: Roaring Moon|protosynthesisatk\n|turn|19\n|\n|t:|1698980038\n|move|p1a: Roaring Moon|Acrobatics|p2a: Articuno\n|-damage|p2a: Articuno|0 fnt\n|faint|p2a: Articuno\n|\n|upkeep\n|\n|t:|1698980052\n|switch|p2a: Leafeon|Leafeon, F|100\/100\n|turn|20\n|\n|t:|1698980067\n|move|p2a: Leafeon|Shadow Ball|p1a: Roaring Moon\n|-resisted|p1a: Roaring Moon\n|-crit|p1a: Roaring Moon\n|-damage|p1a: Roaring Moon|0 fnt\n|faint|p1a: Roaring Moon\n|-end|p1a: Roaring Moon|Protosynthesis|[silent]\n|\n|upkeep\n|\n|t:|1698980080\n|switch|p1a: Decidueye|Decidueye, F|100\/100\n|turn|21\n|\n|t:|1698980087\n|move|p2a: Leafeon|Shadow Ball|p1a: Decidueye\n|-supereffective|p1a: Decidueye\n|-damage|p1a: Decidueye|24\/100\n|-unboost|p1a: Decidueye|spd|1\n|move|p1a: Decidueye|Defog|p2a: Leafeon\n|-unboost|p2a: Leafeon|evasion|1\n|-sideend|p2: lunchbox5536|Reflect\n|-sideend|p1: FoxasBat|Stealth Rock|[from] move: Defog|[of] p1a: Decidueye\n|\n|upkeep\n|turn|22\n|\n|t:|1698980101\n|switch|p1a: Dunsparce|Dunsparce, M|100\/100\n|move|p2a: Leafeon|Shadow Ball|p1a: Dunsparce\n|-immune|p1a: Dunsparce\n|\n|upkeep\n|turn|23\n|\n|t:|1698980107\n|switch|p2a: Torkoal|Torkoal, M|68\/100\n|-weather|SunnyDay|[from] ability: Drought|[of] p2a: Torkoal\n|move|p1a: Dunsparce|Coil|p1a: Dunsparce\n|-boost|p1a: Dunsparce|atk|1\n|-boost|p1a: Dunsparce|def|1\n|-boost|p1a: Dunsparce|accuracy|1\n|\n|-weather|SunnyDay|[upkeep]\n|upkeep\n|turn|24\n|\n|t:|1698980119\n|move|p1a: Dunsparce|Earth Power|p2a: Torkoal\n|-supereffective|p2a: Torkoal\n|-damage|p2a: Torkoal|40\/100\n|move|p2a: Torkoal|Yawn|p1a: Dunsparce\n|-start|p1a: Dunsparce|move: Yawn|[of] p2a: Torkoal\n|\n|-weather|SunnyDay|[upkeep]\n|upkeep\n|turn|25\n|\n|t:|1698980128\n|move|p1a: Dunsparce|Body Slam|p2a: Torkoal\n|-damage|p2a: Torkoal|18\/100\n|-status|p2a: Torkoal|par\n|move|p2a: Torkoal|Stealth Rock|p1a: Dunsparce\n|-sidestart|p1: FoxasBat|move: Stealth Rock\n|\n|-weather|SunnyDay|[upkeep]\n|-end|p1a: Dunsparce|move: Yawn|[silent]\n|-message|Sleep Clause Mod activated.\n|-hint|Sleep Clause Mod prevents players from putting more than one of their opponent's Pok\u00e9mon to sleep at a time\n|upkeep\n|turn|26\n|\n|t:|1698980150\n|move|p1a: Dunsparce|Body Slam|p2a: Torkoal\n|-damage|p2a: Torkoal|0 fnt\n|faint|p2a: Torkoal\n|\n|-weather|SunnyDay|[upkeep]\n|upkeep\n|\n|t:|1698980155\n|switch|p2a: Leafeon|Leafeon, F|100\/100\n|turn|27\n|\n|t:|1698980166\n|move|p2a: Leafeon|Solar Blade||[still]\n|-prepare|p2a: Leafeon|Solar Blade\n|-anim|p2a: Leafeon|Solar Blade|p1a: Dunsparce\n|-damage|p1a: Dunsparce|39\/100\n|-damage|p2a: Leafeon|91\/100|[from] item: Life Orb\n|move|p1a: Dunsparce|Coil|p1a: Dunsparce\n|-boost|p1a: Dunsparce|atk|1\n|-boost|p1a: Dunsparce|def|1\n|-boost|p1a: Dunsparce|accuracy|1\n|\n|-weather|SunnyDay|[upkeep]\n|-heal|p1a: Dunsparce|45\/100|[from] item: Leftovers\n|upkeep\n|turn|28\n|\n|t:|1698980178\n|move|p2a: Leafeon|Solar Blade||[still]\n|-prepare|p2a: Leafeon|Solar Blade\n|-anim|p2a: Leafeon|Solar Blade|p1a: Dunsparce\n|-damage|p1a: Dunsparce|1\/100\n|-damage|p2a: Leafeon|81\/100|[from] item: Life Orb\n|move|p1a: Dunsparce|Body Slam|p2a: Leafeon\n|-damage|p2a: Leafeon|40\/100\n|\n|-weather|SunnyDay|[upkeep]\n|-heal|p1a: Dunsparce|8\/100|[from] item: Leftovers\n|upkeep\n|turn|29\n|\n|t:|1698980189\n|move|p2a: Leafeon|Knock Off|p1a: Dunsparce\n|-damage|p1a: Dunsparce|0 fnt\n|-enditem|p1a: Dunsparce|Leftovers|[from] move: Knock Off|[of] p2a: Leafeon\n|faint|p1a: Dunsparce\n|-damage|p2a: Leafeon|30\/100|[from] item: Life Orb\n|\n|-weather|SunnyDay|[upkeep]\n|upkeep\n|\n|t:|1698980208\n|switch|p1a: Decidueye|Decidueye, F|24\/100\n|turn|30\n|\n|t:|1698980220\n|move|p2a: Leafeon|Solar Blade||[still]\n|-prepare|p2a: Leafeon|Solar Blade\n|-anim|p2a: Leafeon|Solar Blade|p1a: Decidueye\n|-resisted|p1a: Decidueye\n|-damage|p1a: Decidueye|0 fnt\n|faint|p1a: Decidueye\n|-damage|p2a: Leafeon|20\/100|[from] item: Life Orb\n|\n|-weather|none\n|upkeep\n|\n|t:|1698980234\n|switch|p1a: Armarouge|Armarouge, M|64\/100 tox\n|-damage|p1a: Armarouge|39\/100 tox|[from] Stealth Rock\n|turn|31\n|\n|t:|1698980242\n|move|p2a: Leafeon|Knock Off|p1a: Armarouge\n|-supereffective|p1a: Armarouge\n|-damage|p1a: Armarouge|0 fnt\n|-enditem|p1a: Armarouge|Weakness Policy|[from] move: Knock Off|[of] p2a: Leafeon\n|faint|p1a: Armarouge\n|-damage|p2a: Leafeon|10\/100|[from] item: Life Orb\n|\n|upkeep\n|\n|t:|1698980250\n|switch|p1a: Sliggoo|Sliggoo-Hisui, F, tera:Water|45\/100 slp\n|-damage|p1a: Sliggoo|32\/100 slp|[from] Stealth Rock\n|turn|32\n|\n|t:|1698980262\n|move|p2a: Leafeon|Double-Edge|p1a: Sliggoo\n|-damage|p1a: Sliggoo|0 fnt\n|faint|p1a: Sliggoo\n|-damage|p2a: Leafeon|0 fnt|[from] Recoil\n|faint|p2a: Leafeon\n|\n|upkeep\n|\n|t:|1698980280\n|switch|p2a: Grimmsnarl|Grimmsnarl, M|20\/100\n|switch|p1a: Clodsire|Clodsire, F|99\/100\n|-damage|p1a: Clodsire|93\/100|[from] Stealth Rock\n|turn|33\n|\n|t:|1698980289\n|move|p2a: Grimmsnarl|Taunt|p1a: Clodsire\n|-start|p1a: Clodsire|move: Taunt\n|move|p1a: Clodsire|Earthquake|p2a: Grimmsnarl\n|-damage|p2a: Grimmsnarl|0 fnt\n|faint|p2a: Grimmsnarl\n|\n|-heal|p1a: Clodsire|99\/100|[from] item: Leftovers\n|upkeep\n|\n|t:|1698980296\n|switch|p2a: Zoroark|Zoroark-Hisui, F|100\/100\n|turn|34\n|\n|t:|1698980311\n|-terastallize|p2a: Zoroark|Normal\n|move|p2a: Zoroark|Hyper Voice|p1a: Clodsire\n|-damage|p1a: Clodsire|60\/100\n|move|p1a: Clodsire|Earthquake|p2a: Zoroark\n|-damage|p2a: Zoroark|46\/100\n|\n|-heal|p1a: Clodsire|66\/100|[from] item: Leftovers\n|upkeep\n|turn|35\n|\n|t:|1698980319\n|move|p2a: Zoroark|Hyper Voice|p1a: Clodsire\n|-damage|p1a: Clodsire|30\/100\n|move|p1a: Clodsire|Earthquake|p2a: Zoroark\n|-damage|p2a: Zoroark|0 fnt\n|faint|p2a: Zoroark\n|\n|win|FoxasBat\n|l|\u2606lunchbox5536\n","uploadtime":1698980327,"views":8,"p1id":"foxasbat","p2id":"lunchbox5536","formatid":"gen9nationaldexubers","rating":0,"private":0,"password":""}