{"id":"gen9nationaldexubers-1979347947","p1":"onaerybluer","p2":"Idilias","format":"[Gen 9] National Dex Ubers","log":"|j|\u2606onaerybluer\n|j|\u2606Idilias\n|t:|1698673853\n|gametype|singles\n|player|p1|onaerybluer|bellelba|1139\n|player|p2|Idilias|265|1180\n|teamsize|p1|6\n|teamsize|p2|6\n|gen|9\n|tier|[Gen 9] National Dex Ubers\n|rated|\n|rule|HP Percentage Mod: HP is shown in percentages\n|rule|Endless Battle Clause: Forcing endless battles is banned\n|rule|OHKO Clause: OHKO moves are banned\n|rule|Evasion Moves Clause: Evasion moves are banned\n|rule|Evasion Items Clause: Evasion items are banned\n|rule|Species Clause: Limit one of each Pok\u00e9mon\n|rule|Sleep Clause Mod: Limit one foe put to sleep\n|rule|Mega Rayquaza Clause: You cannot mega evolve Rayquaza\n|clearpoke\n|poke|p1|Kangaskhan, F|\n|poke|p1|Blissey, F|\n|poke|p1|Gholdengo|\n|poke|p1|Chien-Pao|\n|poke|p1|Flutter Mane|\n|poke|p1|Kingambit, F|\n|poke|p2|Metagross|\n|poke|p2|Appletun, M|\n|poke|p2|Volcarona, M|\n|poke|p2|Krookodile, F|\n|poke|p2|Hydreigon, F|\n|poke|p2|Golurk|\n|teampreview\n|inactive|Battle timer is ON: inactive players will automatically lose when time's up. (requested by onaerybluer)\n|\n|t:|1698673857\n|start\n|switch|p1a: Kangaskhan|Kangaskhan, F|100\/100\n|switch|p2a: Krookodile|Krookodile, F, shiny|100\/100\n|turn|1\n|\n|t:|1698673869\n|switch|p2a: Volcarona|Volcarona, M|100\/100\n|move|p1a: Kangaskhan|Fake Out|p2a: Volcarona\n|-damage|p2a: Volcarona|84\/100\n|\n|upkeep\n|turn|2\n|\n|t:|1698673878\n|switch|p1a: Blissey|Blissey, F|100\/100\n|switch|p2a: Krookodile|Krookodile, F, shiny|100\/100\n|\n|upkeep\n|turn|3\n|\n|t:|1698673887\n|switch|p1a: Flutter Mane|Flutter Mane|100\/100\n|move|p2a: Krookodile|Knock Off|p1a: Flutter Mane\n|-damage|p1a: Flutter Mane|49\/100\n|\n|upkeep\n|turn|4\n|\n|t:|1698673898\n|switch|p2a: Metagross|Metagross|100\/100\n|move|p1a: Flutter Mane|Moonblast|p2a: Metagross\n|-resisted|p2a: Metagross\n|-crit|p2a: Metagross\n|-damage|p2a: Metagross|61\/100\n|\n|upkeep\n|turn|5\n|\n|t:|1698673905\n|detailschange|p2a: Metagross|Metagross-Mega\n|-mega|p2a: Metagross|Metagross|Metagrossite\n|move|p2a: Metagross|Bullet Punch|p1a: Flutter Mane\n|-supereffective|p1a: Flutter Mane\n|-crit|p1a: Flutter Mane\n|-damage|p1a: Flutter Mane|0 fnt\n|faint|p1a: Flutter Mane\n|-end|p1a: Flutter Mane|Protosynthesis|[silent]\n|\n|upkeep\n|\n|t:|1698673912\n|switch|p1a: Gholdengo|Gholdengo|100\/100\n|turn|6\n|\n|t:|1698673919\n|switch|p2a: Krookodile|Krookodile, F, shiny|100\/100\n|move|p1a: Gholdengo|Focus Blast|p2a: Krookodile\n|-supereffective|p2a: Krookodile\n|-damage|p2a: Krookodile|0 fnt\n|faint|p2a: Krookodile\n|\n|upkeep\n|\n|t:|1698673926\n|switch|p2a: Volcarona|Volcarona, M|84\/100\n|turn|7\n|\n|t:|1698673929\n|switch|p1a: Blissey|Blissey, F|100\/100\n|move|p2a: Volcarona|Quiver Dance|p2a: Volcarona\n|-boost|p2a: Volcarona|spa|1\n|-boost|p2a: Volcarona|spd|1\n|-boost|p2a: Volcarona|spe|1\n|\n|upkeep\n|turn|8\n|\n|t:|1698673935\n|switch|p2a: Golurk|Golurk|100\/100\n|move|p1a: Blissey|Thunder Wave|p2a: Golurk\n|-immune|p2a: Golurk\n|\n|upkeep\n|turn|9\n|\n|t:|1698673945\n|move|p2a: Golurk|Earthquake|p1a: Blissey\n|-damage|p1a: Blissey|21\/100\n|move|p1a: Blissey|Stealth Rock|p2a: Golurk\n|-sidestart|p2: Idilias|move: Stealth Rock\n|\n|upkeep\n|turn|10\n|\n|t:|1698673952\n|switch|p1a: Gholdengo|Gholdengo|100\/100\n|move|p2a: Golurk|Earthquake|p1a: Gholdengo\n|-supereffective|p1a: Gholdengo\n|-damage|p1a: Gholdengo|0 fnt\n|faint|p1a: Gholdengo\n|\n|upkeep\n|\n|t:|1698673961\n|switch|p1a: Kangaskhan|Kangaskhan, F|100\/100\n|turn|11\n|\n|t:|1698673967\n|move|p1a: Kangaskhan|Fake Out|p2a: Golurk\n|-damage|p2a: Golurk|79\/100\n|cant|p2a: Golurk|flinch\n|\n|upkeep\n|turn|12\n|\n|t:|1698673973\n|switch|p2a: Volcarona|Volcarona, M|84\/100\n|detailschange|p1a: Kangaskhan|Kangaskhan-Mega, F\n|-mega|p1a: Kangaskhan|Kangaskhan|Kangaskhanite\n|move|p1a: Kangaskhan|Shadow Claw|p2a: Volcarona\n|-damage|p2a: Volcarona|60\/100\n|-damage|p2a: Volcarona|53\/100\n|-hitcount|p2a: Volcarona|2\n|\n|upkeep\n|turn|13\n|\n|t:|1698673981\n|move|p1a: Kangaskhan|Earthquake|p2a: Volcarona\n|-damage|p2a: Volcarona|19\/100\n|-damage|p2a: Volcarona|11\/100\n|-hitcount|p2a: Volcarona|2\n|move|p2a: Volcarona|Roost|p2a: Volcarona\n|-heal|p2a: Volcarona|61\/100\n|-singleturn|p2a: Volcarona|move: Roost\n|\n|upkeep\n|turn|14\n|\n|t:|1698673990\n|switch|p1a: Blissey|Blissey, F|21\/100\n|move|p2a: Volcarona|Roost|p2a: Volcarona\n|-heal|p2a: Volcarona|100\/100\n|-singleturn|p2a: Volcarona|move: Roost\n|\n|upkeep\n|turn|15\n|\n|t:|1698673995\n|switch|p2a: Golurk|Golurk|79\/100\n|-damage|p2a: Golurk|73\/100|[from] Stealth Rock\n|move|p1a: Blissey|Soft-Boiled|p1a: Blissey\n|-heal|p1a: Blissey|71\/100\n|\n|upkeep\n|turn|16\n|\n|t:|1698674006\n|move|p2a: Golurk|Close Combat|p1a: Blissey\n|-supereffective|p1a: Blissey\n|-damage|p1a: Blissey|0 fnt\n|-unboost|p2a: Golurk|def|1\n|-unboost|p2a: Golurk|spd|1\n|faint|p1a: Blissey\n|\n|upkeep\n|\n|t:|1698674008\n|switch|p1a: Chien-Pao|Chien-Pao|100\/100\n|-ability|p1a: Chien-Pao|Sword of Ruin\n|turn|17\n|\n|t:|1698674016\n|switch|p2a: Volcarona|Volcarona, M|100\/100\n|move|p1a: Chien-Pao|Crunch|p2a: Volcarona\n|-damage|p2a: Volcarona|18\/100\n|\n|upkeep\n|turn|18\n|\n|t:|1698674022\n|move|p1a: Chien-Pao|Crunch|p2a: Volcarona\n|-crit|p2a: Volcarona\n|-damage|p2a: Volcarona|0 fnt\n|faint|p2a: Volcarona\n|\n|upkeep\n|\n|t:|1698674033\n|switch|p2a: Metagross|Metagross-Mega|61\/100\n|-damage|p2a: Metagross|55\/100|[from] Stealth Rock\n|turn|19\n|\n|t:|1698674038\n|-terastallize|p1a: Chien-Pao|Dark\n|move|p2a: Metagross|Bullet Punch|p1a: Chien-Pao\n|-damage|p1a: Chien-Pao|66\/100\n|move|p1a: Chien-Pao|Crunch|p2a: Metagross\n|-supereffective|p2a: Metagross\n|-damage|p2a: Metagross|0 fnt\n|faint|p2a: Metagross\n|\n|upkeep\n|\n|t:|1698674049\n|switch|p2a: Hydreigon|Hydreigon, F|100\/100\n|-damage|p2a: Hydreigon|88\/100|[from] Stealth Rock\n|turn|20\n|\n|t:|1698674054\n|switch|p1a: Kangaskhan|Kangaskhan-Mega, F|100\/100\n|move|p2a: Hydreigon|Fire Spin|p1a: Kangaskhan\n|-damage|p1a: Kangaskhan|91\/100\n|-activate|p1a: Kangaskhan|move: Fire Spin|[of] p2a: Hydreigon\n|\n|-heal|p2a: Hydreigon|94\/100|[from] item: Leftovers\n|-damage|p1a: Kangaskhan|79\/100|[from] move: Fire Spin|[partiallytrapped]\n|upkeep\n|turn|21\n|\n|t:|1698674066\n|move|p1a: Kangaskhan|Fake Out|p2a: Hydreigon\n|-damage|p2a: Hydreigon|74\/100\n|-damage|p2a: Hydreigon|69\/100\n|-hitcount|p2a: Hydreigon|2\n|cant|p2a: Hydreigon|flinch\n|\n|-heal|p2a: Hydreigon|75\/100|[from] item: Leftovers\n|-damage|p1a: Kangaskhan|67\/100|[from] move: Fire Spin|[partiallytrapped]\n|upkeep\n|turn|22\n|\n|t:|1698674075\n|move|p1a: Kangaskhan|Power-Up Punch|p2a: Hydreigon\n|-supereffective|p2a: Hydreigon\n|-damage|p2a: Hydreigon|48\/100\n|-boost|p1a: Kangaskhan|atk|1\n|-supereffective|p2a: Hydreigon\n|-damage|p2a: Hydreigon|40\/100\n|-boost|p1a: Kangaskhan|atk|1\n|-hitcount|p2a: Hydreigon|2\n|move|p2a: Hydreigon|Earth Power|p1a: Kangaskhan\n|-damage|p1a: Kangaskhan|42\/100\n|\n|-heal|p2a: Hydreigon|46\/100|[from] item: Leftovers\n|-damage|p1a: Kangaskhan|30\/100|[from] move: Fire Spin|[partiallytrapped]\n|upkeep\n|turn|23\n|\n|t:|1698674089\n|move|p1a: Kangaskhan|Power-Up Punch|p2a: Hydreigon\n|-supereffective|p2a: Hydreigon\n|-damage|p2a: Hydreigon|0 fnt\n|-boost|p1a: Kangaskhan|atk|1\n|faint|p2a: Hydreigon\n|-hitcount|p2: Hydreigon|1\n|\n|-end|p1a: Kangaskhan|Fire Spin|[partiallytrapped]|[silent]\n|upkeep\n|\n|t:|1698674105\n|switch|p2a: Golurk|Golurk|73\/100\n|-damage|p2a: Golurk|67\/100|[from] Stealth Rock\n|turn|24\n|\n|t:|1698674112\n|-terastallize|p2a: Golurk|Normal\n|move|p1a: Kangaskhan|Shadow Claw|p2a: Golurk\n|-immune|p2a: Golurk\n|move|p2a: Golurk|Earthquake|p1a: Kangaskhan\n|-damage|p1a: Kangaskhan|0 fnt\n|faint|p1a: Kangaskhan\n|\n|upkeep\n|\n|t:|1698674119\n|switch|p1a: Chien-Pao|Chien-Pao, tera:Dark|66\/100\n|-ability|p1a: Chien-Pao|Sword of Ruin\n|turn|25\n|\n|t:|1698674125\n|switch|p2a: Appletun|Appletun, M|100\/100\n|-damage|p2a: Appletun|88\/100|[from] Stealth Rock\n|move|p1a: Chien-Pao|Sacred Sword|p2a: Appletun\n|-damage|p2a: Appletun|32\/100\n|\n|-heal|p2a: Appletun|38\/100|[from] item: Leftovers\n|upkeep\n|turn|26\n|\n|t:|1698674134\n|move|p1a: Chien-Pao|Sacred Sword|p2a: Appletun\n|-damage|p2a: Appletun|0 fnt\n|faint|p2a: Appletun\n|\n|upkeep\n|\n|t:|1698674138\n|switch|p2a: Golurk|Golurk, tera:Normal|67\/100\n|-damage|p2a: Golurk|55\/100|[from] Stealth Rock\n|turn|27\n|\n|t:|1698674143\n|move|p1a: Chien-Pao|Sacred Sword|p2a: Golurk\n|-supereffective|p2a: Golurk\n|-damage|p2a: Golurk|0 fnt\n|faint|p2a: Golurk\n|\n|win|onaerybluer\n|raw|onaerybluer's rating: 1139 &rarr; <strong>1167<\/strong><br \/>(+28 for winning)\n|raw|Idilias's rating: 1180 &rarr; <strong>1152<\/strong><br \/>(-28 for losing)\n|l|\u2606Idilias\n","uploadtime":1698674150,"views":9,"p1id":"onaerybluer","p2id":"idilias","formatid":"gen9nationaldexubers","rating":1152,"private":0,"password":""}