{"id":"gen9nationaldexubers-1992850418","p1":"ImGoodATM","p2":"TheShinyBisharp360","format":"[Gen 9] National Dex Ubers","log":"|j|\u2606ImGoodATM\n|j|\u2606TheShinyBisharp360\n|t:|1700240862\n|gametype|singles\n|player|p1|ImGoodATM|will|\n|player|p2|TheShinyBisharp360|265|\n|teamsize|p1|6\n|teamsize|p2|6\n|gen|9\n|tier|[Gen 9] National Dex Ubers\n|rule|HP Percentage Mod: HP is shown in percentages\n|rule|Endless Battle Clause: Forcing endless battles is banned\n|rule|OHKO Clause: OHKO moves are banned\n|rule|Evasion Moves Clause: Evasion moves are banned\n|rule|Evasion Items Clause: Evasion items are banned\n|rule|Species Clause: Limit one of each Pok\u00e9mon\n|rule|Sleep Clause Mod: Limit one foe put to sleep\n|rule|Mega Rayquaza Clause: You cannot mega evolve Rayquaza\n|clearpoke\n|poke|p1|Naganadel|\n|poke|p1|Sneasler, M|\n|poke|p1|Drapion, F|\n|poke|p1|Beedrill, M|\n|poke|p1|Crobat, M|\n|poke|p1|Slowking-Galar, F|\n|poke|p2|Darmanitan-Galar, M|\n|poke|p2|Iron Bundle|\n|poke|p2|Baxcalibur, M|\n|poke|p2|Mamoswine, F|\n|poke|p2|Aurorus, F|\n|poke|p2|Cetitan, M|\n|teampreview\n|inactive|Battle timer is ON: inactive players will automatically lose when time's up. (requested by ImGoodATM)\n|\n|t:|1700240872\n|start\n|switch|p1a: Drapion|Drapion, F, shiny|100\/100\n|switch|p2a: Darmanitan|Darmanitan-Galar, M|100\/100\n|turn|1\n|\n|t:|1700240879\n|move|p2a: Darmanitan|U-turn|p1a: Drapion\n|-damage|p1a: Drapion|55\/100\n|\n|t:|1700240883\n|switch|p2a: Aurorus|Aurorus, F|100\/100|[from] U-turn\n|-weather|Snow|[from] ability: Snow Warning|[of] p2a: Aurorus\n|move|p1a: Drapion|Brick Break|p2a: Aurorus\n|-supereffective|p2a: Aurorus\n|-damage|p2a: Aurorus|45\/100\n|\n|-weather|Snow|[upkeep]\n|-heal|p2a: Aurorus|52\/100|[from] item: Leftovers\n|upkeep\n|turn|2\n|\n|t:|1700240897\n|move|p1a: Drapion|Night Slash|p2a: Aurorus\n|-crit|p2a: Aurorus\n|-damage|p2a: Aurorus|12\/100\n|move|p2a: Aurorus|Aurora Veil|p2a: Aurorus\n|-sidestart|p2: TheShinyBisharp360|move: Aurora Veil\n|\n|-weather|Snow|[upkeep]\n|-heal|p2a: Aurorus|18\/100|[from] item: Leftovers\n|upkeep\n|turn|3\n|\n|t:|1700240906\n|move|p1a: Drapion|Brick Break|p2a: Aurorus\n|-sideend|p2: TheShinyBisharp360|move: Aurora Veil\n|-supereffective|p2a: Aurorus\n|-damage|p2a: Aurorus|0 fnt\n|faint|p2a: Aurorus\n|\n|-weather|Snow|[upkeep]\n|upkeep\n|\n|t:|1700240922\n|switch|p2a: Cetitan|Cetitan, M|100\/100\n|turn|4\n|\n|t:|1700240937\n|move|p2a: Cetitan|Earthquake|p1a: Drapion\n|-supereffective|p1a: Drapion\n|-damage|p1a: Drapion|0 fnt\n|faint|p1a: Drapion\n|\n|-weather|Snow|[upkeep]\n|upkeep\n|\n|t:|1700240938\n|switch|p1a: Slowking|Slowking-Galar, F|100\/100\n|turn|5\n|\n|t:|1700240946\n|move|p2a: Cetitan|Belly Drum|p2a: Cetitan\n|-damage|p2a: Cetitan|50\/100\n|-setboost|p2a: Cetitan|atk|6|[from] move: Belly Drum\n|-enditem|p2a: Cetitan|Sitrus Berry|[eat]\n|-heal|p2a: Cetitan|75\/100|[from] item: Sitrus Berry\n|move|p1a: Slowking|Future Sight|p2a: Cetitan\n|-start|p1a: Slowking|move: Future Sight\n|\n|-weather|none\n|upkeep\n|turn|6\n|\n|t:|1700240958\n|move|p2a: Cetitan|Earthquake|p1a: Slowking\n|-supereffective|p1a: Slowking\n|-damage|p1a: Slowking|0 fnt\n|faint|p1a: Slowking\n|\n|upkeep\n|\n|t:|1700240961\n|switch|p1a: Sneasler|Sneasler, M, shiny|100\/100\n|turn|7\n|\n|t:|1700240965\n|move|p1a: Sneasler|Fake Out|p2a: Cetitan\n|-enditem|p1a: Sneasler|Normal Gem|[from] gem\n|-damage|p2a: Cetitan|55\/100\n|cant|p2a: Cetitan|flinch\n|\n|-end|p2a: Cetitan|move: Future Sight\n|-damage|p2a: Cetitan|0 fnt\n|faint|p2a: Cetitan\n|upkeep\n|\n|t:|1700240994\n|switch|p2a: Baxcalibur|Baxcalibur, M|100\/100\n|turn|8\n|inactive|TheShinyBisharp360 has 270 seconds left.\n|\n|t:|1700241013\n|-terastallize|p1a: Sneasler|Fighting\n|move|p1a: Sneasler|Brick Break|p2a: Baxcalibur\n|-supereffective|p2a: Baxcalibur\n|-enditem|p2a: Baxcalibur|Focus Sash\n|-damage|p2a: Baxcalibur|1\/100\n|move|p2a: Baxcalibur|Glaive Rush|p1a: Sneasler\n|-damage|p1a: Sneasler|0 fnt\n|-singlemove|p2a: Baxcalibur|Glaive Rush|[silent]\n|faint|p1a: Sneasler\n|\n|upkeep\n|\n|t:|1700241021\n|switch|p1a: Naganadel|Naganadel|100\/100\n|turn|9\n|\n|t:|1700241027\n|move|p2a: Baxcalibur|Ice Shard|p1a: Naganadel\n|-supereffective|p1a: Naganadel\n|-damage|p1a: Naganadel|27\/100\n|move|p1a: Naganadel|Flamethrower|p2a: Baxcalibur\n|-damage|p2a: Baxcalibur|0 fnt\n|faint|p2a: Baxcalibur\n|-ability|p1a: Naganadel|Beast Boost|boost\n|-boost|p1a: Naganadel|spe|1\n|\n|upkeep\n|inactive|TheShinyBisharp360 has 270 seconds left.\n|\n|t:|1700241043\n|switch|p2a: Iron Bundle|Iron Bundle|100\/100\n|-enditem|p2a: Iron Bundle|Booster Energy\n|-activate|p2a: Iron Bundle|ability: Quark Drive|[fromitem]\n|-start|p2a: Iron Bundle|quarkdrivespe\n|turn|10\n|\n|t:|1700241050\n|move|p2a: Iron Bundle|Freeze-Dry|p1a: Naganadel\n|-supereffective|p1a: Naganadel\n|-damage|p1a: Naganadel|0 fnt\n|faint|p1a: Naganadel\n|\n|upkeep\n|\n|t:|1700241054\n|switch|p1a: Beedrill|Beedrill, M, shiny|100\/100\n|turn|11\n|\n|t:|1700241063\n|detailschange|p1a: Beedrill|Beedrill-Mega, M, shiny\n|-mega|p1a: Beedrill|Beedrill|Beedrillite\n|-terastallize|p2a: Iron Bundle|Psychic\n|move|p2a: Iron Bundle|Tera Blast|p1a: Beedrill|[anim] Tera Blast Psychic\n|-supereffective|p1a: Beedrill\n|-damage|p1a: Beedrill|0 fnt\n|faint|p1a: Beedrill\n|\n|upkeep\n|\n|t:|1700241068\n|switch|p1a: Crobat|Crobat, M|100\/100\n|turn|12\n|\n|t:|1700241074\n|move|p2a: Iron Bundle|Tera Blast|p1a: Crobat|[anim] Tera Blast Psychic\n|-supereffective|p1a: Crobat\n|-damage|p1a: Crobat|0 fnt\n|faint|p1a: Crobat\n|\n|win|TheShinyBisharp360\n","uploadtime":1700241081,"views":15,"p1id":"imgoodatm","p2id":"theshinybisharp360","formatid":"gen9nationaldexubers","rating":0,"private":0,"password":""}