{"id":"gen9nationaldexubers-1987497105","p1":"MiraidonGaming","p2":"Pollylopy","format":"[Gen 9] National Dex Ubers","log":"|j|\u2606MiraidonGaming\n|j|\u2606Pollylopy\n|t:|1699601680\n|gametype|singles\n|player|p1|MiraidonGaming|lucas|1184\n|player|p2|Pollylopy|waitress|1112\n|teamsize|p1|6\n|teamsize|p2|6\n|gen|9\n|tier|[Gen 9] National Dex Ubers\n|rated|\n|rule|HP Percentage Mod: HP is shown in percentages\n|rule|Endless Battle Clause: Forcing endless battles is banned\n|rule|OHKO Clause: OHKO moves are banned\n|rule|Evasion Moves Clause: Evasion moves are banned\n|rule|Evasion Items Clause: Evasion items are banned\n|rule|Species Clause: Limit one of each Pok\u00e9mon\n|rule|Sleep Clause Mod: Limit one foe put to sleep\n|rule|Mega Rayquaza Clause: You cannot mega evolve Rayquaza\n|clearpoke\n|poke|p1|Zacian-*|\n|poke|p1|Leafeon, F|\n|poke|p1|Mimikyu, M|\n|poke|p1|Sylveon, F|\n|poke|p1|Charizard, F|\n|poke|p1|Lapras, F|\n|poke|p2|Gengar, M|\n|poke|p2|Arcanine-Hisui, M|\n|poke|p2|Exeggutor, M|\n|poke|p2|Gallade, M|\n|poke|p2|Forretress, F|\n|poke|p2|Floatzel, M|\n|teampreview\n|inactive|Battle timer is ON: inactive players will automatically lose when time's up. (requested by Pollylopy)\n|\n|t:|1699601699\n|start\n|switch|p1a: Charizard|Charizard, F|100\/100\n|switch|p2a: Gengar|Gengar, M, shiny|100\/100\n|turn|1\n|\n|t:|1699601709\n|switch|p2a: Arcanine|Arcanine-Hisui, M|100\/100\n|-ability|p2a: Arcanine|Intimidate|boost\n|-unboost|p1a: Charizard|atk|1\n|detailschange|p1a: Charizard|Charizard-Mega-Y, F\n|-mega|p1a: Charizard|Charizard|Charizardite Y\n|-weather|SunnyDay|[from] ability: Drought|[of] p1a: Charizard\n|move|p1a: Charizard|Fire Blast|p2a: Arcanine\n|-resisted|p2a: Arcanine\n|-damage|p2a: Arcanine|80\/100\n|\n|-weather|SunnyDay|[upkeep]\n|upkeep\n|turn|2\n|\n|t:|1699601726\n|switch|p1a: Leafeon|Leafeon, F|100\/100\n|move|p2a: Arcanine|Head Smash|p1a: Leafeon\n|-damage|p1a: Leafeon|24\/100\n|-damage|p2a: Arcanine|49\/100|[from] Recoil\n|\n|-weather|SunnyDay|[upkeep]\n|upkeep\n|turn|3\n|\n|t:|1699601735\n|move|p2a: Arcanine|Extreme Speed|p1a: Leafeon\n|-damage|p1a: Leafeon|0 fnt\n|faint|p1a: Leafeon\n|\n|-weather|SunnyDay|[upkeep]\n|upkeep\n|\n|t:|1699601745\n|switch|p1a: Zacian|Zacian-Crowned|100\/100\n|-ability|p1a: Zacian|Intrepid Sword|boost\n|-boost|p1a: Zacian|atk|1\n|turn|4\n|\n|t:|1699601763\n|switch|p2a: Forretress|Forretress, F|100\/100\n|move|p1a: Zacian|Sacred Sword|p2a: Forretress\n|-damage|p2a: Forretress|71\/100\n|\n|-weather|SunnyDay|[upkeep]\n|-heal|p2a: Forretress|77\/100|[from] item: Leftovers\n|upkeep\n|turn|5\n|\n|t:|1699601776\n|switch|p1a: Charizard|Charizard-Mega-Y, F|100\/100\n|move|p2a: Forretress|Stealth Rock|p1a: Charizard\n|-sidestart|p1: MiraidonGaming|move: Stealth Rock\n|\n|-weather|none\n|-heal|p2a: Forretress|84\/100|[from] item: Leftovers\n|upkeep\n|turn|6\n|\n|t:|1699601791\n|switch|p2a: Floatzel|Floatzel, M|100\/100\n|move|p1a: Charizard|Fire Blast|p2a: Floatzel\n|-resisted|p2a: Floatzel\n|-damage|p2a: Floatzel|35\/100\n|\n|upkeep\n|turn|7\n|\n|t:|1699601803\n|move|p2a: Floatzel|Liquidation|p1a: Charizard\n|-supereffective|p1a: Charizard\n|-damage|p1a: Charizard|0 fnt\n|faint|p1a: Charizard\n|-damage|p2a: Floatzel|25\/100|[from] item: Life Orb\n|\n|upkeep\n|\n|t:|1699601806\n|switch|p1a: Lapras|Lapras, F|100\/100\n|-damage|p1a: Lapras|75\/100|[from] Stealth Rock\n|turn|8\n|\n|t:|1699601821\n|switch|p2a: Forretress|Forretress, F|84\/100\n|move|p1a: Lapras|Ice Beam|p2a: Forretress\n|-resisted|p2a: Forretress\n|-crit|p2a: Forretress\n|-damage|p2a: Forretress|45\/100\n|\n|-heal|p1a: Lapras|82\/100|[from] item: Leftovers\n|-heal|p2a: Forretress|51\/100|[from] item: Leftovers\n|upkeep\n|turn|9\n|\n|t:|1699601831\n|move|p1a: Lapras|Water Pulse|p2a: Forretress\n|-damage|p2a: Forretress|11\/100\n|move|p2a: Forretress|Body Press|p1a: Lapras\n|-supereffective|p1a: Lapras\n|-damage|p1a: Lapras|22\/100\n|\n|-heal|p1a: Lapras|29\/100|[from] item: Leftovers\n|-heal|p2a: Forretress|17\/100|[from] item: Leftovers\n|upkeep\n|turn|10\n|\n|t:|1699601841\n|move|p1a: Lapras|Water Pulse|p2a: Forretress\n|-damage|p2a: Forretress|0 fnt\n|faint|p2a: Forretress\n|\n|-heal|p1a: Lapras|35\/100|[from] item: Leftovers\n|upkeep\n|\n|t:|1699601858\n|switch|p2a: Gallade|Gallade, M|100\/100\n|turn|11\n|\n|t:|1699601863\n|move|p2a: Gallade|Close Combat|p1a: Lapras\n|-supereffective|p1a: Lapras\n|-damage|p1a: Lapras|0 fnt\n|-unboost|p2a: Gallade|def|1\n|-unboost|p2a: Gallade|spd|1\n|faint|p1a: Lapras\n|\n|upkeep\n|\n|t:|1699601871\n|switch|p1a: Mimikyu|Mimikyu, M|100\/100\n|-damage|p1a: Mimikyu|88\/100|[from] Stealth Rock\n|turn|12\n|\n|t:|1699601880\n|move|p2a: Gallade|Night Slash|p1a: Mimikyu\n|-activate|p1a: Mimikyu|ability: Disguise\n|-damage|p1a: Mimikyu|88\/100\n|detailschange|p1a: Mimikyu|Mimikyu-Busted, M\n|-damage|p1a: Mimikyu|76\/100|[from] pokemon: Mimikyu-Busted\n|move|p1a: Mimikyu|Trick Room|p1a: Mimikyu\n|-fieldstart|move: Trick Room|[of] p1a: Mimikyu\n|\n|upkeep\n|turn|13\n|\n|t:|1699601890\n|move|p1a: Mimikyu|Play Rough|p2a: Gallade\n|-supereffective|p2a: Gallade\n|-enditem|p2a: Gallade|Focus Sash\n|-damage|p2a: Gallade|1\/100\n|-unboost|p2a: Gallade|atk|1\n|-damage|p1a: Mimikyu|66\/100|[from] item: Life Orb\n|move|p2a: Gallade|Leaf Blade|p1a: Mimikyu\n|-crit|p1a: Mimikyu\n|-damage|p1a: Mimikyu|0 fnt\n|faint|p1a: Mimikyu\n|\n|upkeep\n|\n|t:|1699601897\n|switch|p1a: Sylveon|Sylveon, F|100\/100\n|-damage|p1a: Sylveon|88\/100|[from] Stealth Rock\n|turn|14\n|\n|t:|1699601905\n|move|p1a: Sylveon|Draining Kiss|p2a: Gallade\n|-supereffective|p2a: Gallade\n|-damage|p2a: Gallade|0 fnt\n|-heal|p1a: Sylveon|88\/100|[from] drain|[of] p2a: Gallade\n|faint|p2a: Gallade\n|\n|-heal|p1a: Sylveon|94\/100|[from] item: Leftovers\n|upkeep\n|\n|t:|1699601917\n|switch|p2a: Exeggutor|Exeggutor, M|100\/100\n|turn|15\n|\n|t:|1699601922\n|move|p2a: Exeggutor|Leech Seed|p1a: Sylveon|[miss]\n|-miss|p2a: Exeggutor|p1a: Sylveon\n|move|p1a: Sylveon|Mystical Fire|p2a: Exeggutor\n|-supereffective|p2a: Exeggutor\n|-damage|p2a: Exeggutor|47\/100\n|-unboost|p2a: Exeggutor|spa|1\n|-enditem|p2a: Exeggutor|Sitrus Berry|[eat]\n|-heal|p2a: Exeggutor|72\/100|[from] item: Sitrus Berry\n|\n|-heal|p1a: Sylveon|100\/100|[from] item: Leftovers\n|upkeep\n|turn|16\n|\n|t:|1699601940\n|move|p2a: Exeggutor|Sleep Powder|p1a: Sylveon\n|-status|p1a: Sylveon|slp|[from] move: Sleep Powder\n|cant|p1a: Sylveon|slp\n|\n|-fieldend|move: Trick Room\n|upkeep\n|turn|17\n|\n|t:|1699601947\n|cant|p1a: Sylveon|slp\n|move|p2a: Exeggutor|Leech Seed|p1a: Sylveon\n|-start|p1a: Sylveon|move: Leech Seed\n|\n|-damage|p1a: Sylveon|88\/100 slp|[from] Leech Seed|[of] p2a: Exeggutor\n|-heal|p2a: Exeggutor|85\/100|[silent]\n|upkeep\n|turn|18\n|\n|t:|1699601955\n|-curestatus|p1a: Sylveon|slp|[msg]\n|move|p1a: Sylveon|Calm Mind|p1a: Sylveon\n|-boost|p1a: Sylveon|spa|1\n|-boost|p1a: Sylveon|spd|1\n|move|p2a: Exeggutor|Psychic|p1a: Sylveon\n|-damage|p1a: Sylveon|76\/100\n|\n|-heal|p1a: Sylveon|82\/100|[from] item: Leftovers\n|-damage|p1a: Sylveon|70\/100|[from] Leech Seed|[of] p2a: Exeggutor\n|-heal|p2a: Exeggutor|97\/100|[silent]\n|-item|p2a: Exeggutor|Sitrus Berry|[from] ability: Harvest\n|upkeep\n|turn|19\n|\n|t:|1699601975\n|move|p1a: Sylveon|Hyper Voice|p2a: Exeggutor\n|-damage|p2a: Exeggutor|10\/100\n|-enditem|p2a: Exeggutor|Sitrus Berry|[eat]\n|-heal|p2a: Exeggutor|35\/100|[from] item: Sitrus Berry\n|move|p2a: Exeggutor|Sleep Powder|p1a: Sylveon|[miss]\n|-miss|p2a: Exeggutor|p1a: Sylveon\n|\n|-heal|p1a: Sylveon|76\/100|[from] item: Leftovers\n|-damage|p1a: Sylveon|64\/100|[from] Leech Seed|[of] p2a: Exeggutor\n|-heal|p2a: Exeggutor|47\/100|[silent]\n|-item|p2a: Exeggutor|Sitrus Berry|[from] ability: Harvest\n|upkeep\n|-enditem|p2a: Exeggutor|Sitrus Berry|[eat]\n|-heal|p2a: Exeggutor|72\/100|[from] item: Sitrus Berry\n|turn|20\n|\n|t:|1699601991\n|move|p2a: Exeggutor|Protect|p2a: Exeggutor\n|-singleturn|p2a: Exeggutor|Protect\n|move|p1a: Sylveon|Hyper Voice|p2a: Exeggutor\n|-activate|p2a: Exeggutor|move: Protect\n|\n|-heal|p1a: Sylveon|70\/100|[from] item: Leftovers\n|-damage|p1a: Sylveon|57\/100|[from] Leech Seed|[of] p2a: Exeggutor\n|-heal|p2a: Exeggutor|85\/100|[silent]\n|upkeep\n|turn|21\n|\n|t:|1699602002\n|switch|p2a: Gengar|Gengar, M, shiny|100\/100\n|move|p1a: Sylveon|Draining Kiss|p2a: Gengar\n|-resisted|p2a: Gengar\n|-damage|p2a: Gengar|69\/100\n|-heal|p1a: Sylveon|73\/100|[from] drain|[of] p2a: Gengar\n|\n|-heal|p1a: Sylveon|79\/100|[from] item: Leftovers\n|-damage|p1a: Sylveon|67\/100|[from] Leech Seed|[of] p2a: Gengar\n|-heal|p2a: Gengar|87\/100|[silent]\n|upkeep\n|turn|22\n|\n|t:|1699602014\n|move|p2a: Gengar|Sludge Bomb|p1a: Sylveon\n|-supereffective|p1a: Sylveon\n|-damage|p1a: Sylveon|27\/100\n|move|p1a: Sylveon|Mystical Fire|p2a: Gengar\n|-damage|p2a: Gengar|26\/100\n|-unboost|p2a: Gengar|spa|1\n|\n|-heal|p1a: Sylveon|33\/100|[from] item: Leftovers\n|-damage|p1a: Sylveon|20\/100|[from] Leech Seed|[of] p2a: Gengar\n|-heal|p2a: Gengar|45\/100|[silent]\n|upkeep\n|turn|23\n|\n|t:|1699602027\n|switch|p1a: Zacian|Zacian-Crowned|100\/100\n|-damage|p1a: Zacian|94\/100|[from] Stealth Rock\n|move|p2a: Gengar|Sludge Bomb|p1a: Zacian\n|-immune|p1a: Zacian\n|\n|upkeep\n|turn|24\n|\n|t:|1699602035\n|move|p1a: Zacian|Metal Claw|p2a: Gengar\n|-damage|p2a: Gengar|0 fnt\n|faint|p2a: Gengar\n|\n|upkeep\n|\n|t:|1699602048\n|switch|p2a: Arcanine|Arcanine-Hisui, M|49\/100\n|-ability|p2a: Arcanine|Intimidate|boost\n|-unboost|p1a: Zacian|atk|1\n|turn|25\n|\n|t:|1699602056\n|-terastallize|p2a: Arcanine|Ghost\n|move|p1a: Zacian|Sacred Sword|p2a: Arcanine\n|-immune|p2a: Arcanine\n|move|p2a: Arcanine|Flare Blitz|p1a: Zacian\n|-supereffective|p1a: Zacian\n|-damage|p1a: Zacian|0 fnt\n|faint|p1a: Zacian\n|-damage|p2a: Arcanine|18\/100|[from] Recoil\n|\n|upkeep\n|\n|t:|1699602060\n|switch|p1a: Sylveon|Sylveon, F|20\/100\n|-damage|p1a: Sylveon|8\/100|[from] Stealth Rock\n|turn|26\n|\n|t:|1699602071\n|move|p2a: Arcanine|Extreme Speed|p1a: Sylveon\n|-damage|p1a: Sylveon|0 fnt\n|faint|p1a: Sylveon\n|\n|win|Pollylopy\n|raw|MiraidonGaming's rating: 1184 &rarr; <strong>1154<\/strong><br \/>(-30 for losing)\n|raw|Pollylopy's rating: 1112 &rarr; <strong>1142<\/strong><br \/>(+30 for winning)\n","uploadtime":1699602075,"views":9,"p1id":"miraidongaming","p2id":"pollylopy","formatid":"gen9nationaldexubers","rating":1142,"private":0,"password":""}