{"id":"gen9nationaldexubers-1982591268","p1":"red de pokemon oro","p2":"Krztina","format":"[Gen 9] National Dex Ubers","log":"|j|\u2606red de pokemon oro\n|j|\u2606Krztina\n|t:|1699028078\n|gametype|singles\n|player|p1|red de pokemon oro|red|1517\n|player|p2|Krztina|pokemonrangerf|1452\n|teamsize|p1|6\n|teamsize|p2|6\n|gen|9\n|tier|[Gen 9] National Dex Ubers\n|rated|\n|rule|HP Percentage Mod: HP is shown in percentages\n|rule|Endless Battle Clause: Forcing endless battles is banned\n|rule|OHKO Clause: OHKO moves are banned\n|rule|Evasion Moves Clause: Evasion moves are banned\n|rule|Evasion Items Clause: Evasion items are banned\n|rule|Species Clause: Limit one of each Pok\u00e9mon\n|rule|Sleep Clause Mod: Limit one foe put to sleep\n|rule|Mega Rayquaza Clause: You cannot mega evolve Rayquaza\n|clearpoke\n|poke|p1|Kyogre|\n|poke|p1|Rayquaza|\n|poke|p1|Skarmory, M|\n|poke|p1|Umbreon, F|\n|poke|p1|Necrozma-Dusk-Mane|\n|poke|p1|Salamence, M|\n|poke|p2|Rayquaza|\n|poke|p2|Zacian-*|\n|poke|p2|Deoxys-Attack|\n|poke|p2|Kyogre|\n|poke|p2|Marshadow|\n|poke|p2|Ho-Oh|\n|teampreview\n|inactive|Battle timer is ON: inactive players will automatically lose when time's up. (requested by Krztina)\n|\n|t:|1699028083\n|start\n|switch|p1a: Necrozma|Necrozma-Dusk-Mane|100\/100\n|switch|p2a: Rayquaza|Rayquaza|100\/100\n|-ability|p2a: Rayquaza|Air Lock\n|turn|1\n|\n|t:|1699028100\n|switch|p1a: Skarmory|Skarmory, M|100\/100\n|move|p2a: Rayquaza|Dragon Dance|p2a: Rayquaza\n|-boost|p2a: Rayquaza|atk|1\n|-boost|p2a: Rayquaza|spe|1\n|\n|upkeep\n|turn|2\n|\n|t:|1699028107\n|move|p2a: Rayquaza|Dragon Dance|p2a: Rayquaza\n|-boost|p2a: Rayquaza|atk|1\n|-boost|p2a: Rayquaza|spe|1\n|move|p1a: Skarmory|Counter||[still]\n|-fail|p1a: Skarmory\n|\n|upkeep\n|turn|3\n|\n|t:|1699028114\n|move|p2a: Rayquaza|Dragon Ascent|p1a: Skarmory\n|-resisted|p1a: Skarmory\n|-damage|p1a: Skarmory|56\/100\n|-unboost|p2a: Rayquaza|def|1\n|-unboost|p2a: Rayquaza|spd|1\n|-damage|p2a: Rayquaza|84\/100|[from] item: Rocky Helmet|[of] p1a: Skarmory\n|move|p1a: Skarmory|Roar|p2a: Rayquaza\n|drag|p2a: Deoxys|Deoxys-Attack|100\/100\n|-ability|p2a: Deoxys|Pressure\n|\n|upkeep\n|turn|4\n|\n|t:|1699028128\n|switch|p1a: Necrozma|Necrozma-Dusk-Mane|100\/100\n|move|p2a: Deoxys|Thunderbolt|p1a: Necrozma\n|-damage|p1a: Necrozma|86\/100\n|\n|upkeep\n|turn|5\n|\n|t:|1699028138\n|switch|p2a: Ho-Oh|Ho-Oh|100\/100\n|move|p1a: Necrozma|Knock Off|p2a: Ho-Oh\n|-damage|p2a: Ho-Oh|70\/100\n|-enditem|p2a: Ho-Oh|Heavy-Duty Boots|[from] move: Knock Off|[of] p1a: Necrozma\n|\n|upkeep\n|turn|6\n|\n|t:|1699028145\n|switch|p1a: Kyogre|Kyogre|100\/100\n|detailschange|p1a: Kyogre|Kyogre-Primal\n|-primal|p1a: Kyogre|Blue Orb\n|-weather|PrimordialSea|[from] ability: Primordial Sea|[of] p1a: Kyogre\n|move|p2a: Ho-Oh|Sacred Fire||[still]\n|-fail|p2a: Ho-Oh|Sacred Fire|[from] Primordial Sea\n|\n|-weather|PrimordialSea|[upkeep]\n|upkeep\n|turn|7\n|\n|t:|1699028153\n|switch|p2a: Rayquaza|Rayquaza|84\/100\n|-ability|p2a: Rayquaza|Air Lock\n|move|p1a: Kyogre|Scald|p2a: Rayquaza\n|-resisted|p2a: Rayquaza\n|-damage|p2a: Rayquaza|60\/100\n|\n|-weather|PrimordialSea|[upkeep]\n|upkeep\n|turn|8\n|\n|t:|1699028158\n|-weather|none\n|switch|p1a: Skarmory|Skarmory, M|56\/100\n|move|p2a: Rayquaza|Dragon Dance|p2a: Rayquaza\n|-boost|p2a: Rayquaza|atk|1\n|-boost|p2a: Rayquaza|spe|1\n|\n|upkeep\n|turn|9\n|\n|t:|1699028163\n|move|p2a: Rayquaza|Dragon Ascent|p1a: Skarmory\n|-resisted|p1a: Skarmory\n|-damage|p1a: Skarmory|23\/100\n|-unboost|p2a: Rayquaza|def|1\n|-unboost|p2a: Rayquaza|spd|1\n|-damage|p2a: Rayquaza|44\/100|[from] item: Rocky Helmet|[of] p1a: Skarmory\n|move|p1a: Skarmory|Roost|p1a: Skarmory\n|-heal|p1a: Skarmory|73\/100\n|-singleturn|p1a: Skarmory|move: Roost\n|\n|upkeep\n|turn|10\n|\n|t:|1699028171\n|switch|p2a: Ho-Oh|Ho-Oh|100\/100\n|move|p1a: Skarmory|Roost|p1a: Skarmory\n|-heal|p1a: Skarmory|100\/100\n|-singleturn|p1a: Skarmory|move: Roost\n|\n|upkeep\n|turn|11\n|\n|t:|1699028195\n|switch|p1a: Kyogre|Kyogre-Primal|100\/100\n|-weather|PrimordialSea|[from] ability: Primordial Sea|[of] p1a: Kyogre\n|move|p2a: Ho-Oh|Sacred Fire||[still]\n|-fail|p2a: Ho-Oh|Sacred Fire|[from] Primordial Sea\n|\n|-weather|PrimordialSea|[upkeep]\n|upkeep\n|turn|12\n|\n|t:|1699028201\n|move|p1a: Kyogre|Ice Beam|p2a: Ho-Oh\n|-damage|p2a: Ho-Oh|86\/100\n|move|p2a: Ho-Oh|Brave Bird|p1a: Kyogre\n|-damage|p1a: Kyogre|54\/100\n|-damage|p2a: Ho-Oh|71\/100|[from] Recoil\n|\n|-weather|PrimordialSea|[upkeep]\n|upkeep\n|turn|13\n|\n|t:|1699028212\n|switch|p2a: Kyogre|Kyogre|100\/100\n|-ability|p2a: Kyogre|Drizzle|[from] primordialsea|[fail]\n|move|p1a: Kyogre|Scald|p2a: Kyogre\n|-resisted|p2a: Kyogre\n|-damage|p2a: Kyogre|71\/100\n|\n|-weather|PrimordialSea|[upkeep]\n|upkeep\n|turn|14\n|\n|t:|1699028216\n|move|p2a: Kyogre|Thunder|p1a: Kyogre\n|-supereffective|p1a: Kyogre\n|-damage|p1a: Kyogre|15\/100\n|move|p1a: Kyogre|Thunder|p2a: Kyogre\n|-supereffective|p2a: Kyogre\n|-damage|p2a: Kyogre|3\/100\n|-status|p2a: Kyogre|par\n|\n|-weather|PrimordialSea|[upkeep]\n|upkeep\n|turn|15\n|\n|t:|1699028224\n|move|p2a: Kyogre|Thunder|p1a: Kyogre\n|-supereffective|p1a: Kyogre\n|-damage|p1a: Kyogre|0 fnt\n|faint|p1a: Kyogre\n|-weather|none\n|\n|upkeep\n|\n|t:|1699028238\n|switch|p1a: Umbreon|Umbreon, F|100\/100\n|turn|16\n|\n|t:|1699028245\n|move|p2a: Kyogre|Thunder|p1a: Umbreon\n|-crit|p1a: Umbreon\n|-damage|p1a: Umbreon|68\/100\n|move|p1a: Umbreon|Foul Play|p2a: Kyogre\n|-damage|p2a: Kyogre|0 fnt\n|faint|p2a: Kyogre\n|\n|upkeep\n|\n|t:|1699028251\n|switch|p2a: Zacian|Zacian-Crowned|100\/100\n|-ability|p2a: Zacian|Intrepid Sword|boost\n|-boost|p2a: Zacian|atk|1\n|turn|17\n|\n|t:|1699028257\n|switch|p1a: Necrozma|Necrozma-Dusk-Mane|86\/100\n|move|p2a: Zacian|Play Rough|p1a: Necrozma|[miss]\n|-miss|p2a: Zacian|p1a: Necrozma\n|\n|upkeep\n|turn|18\n|\n|t:|1699028261\n|switch|p2a: Ho-Oh|Ho-Oh|100\/100\n|move|p1a: Necrozma|Sunsteel Strike|p2a: Ho-Oh\n|-resisted|p2a: Ho-Oh\n|-damage|p2a: Ho-Oh|78\/100\n|\n|upkeep\n|turn|19\n|\n|t:|1699028267\n|switch|p1a: Salamence|Salamence, M|100\/100\n|-ability|p1a: Salamence|Intimidate|boost\n|-unboost|p2a: Ho-Oh|atk|1\n|move|p2a: Ho-Oh|Sacred Fire|p1a: Salamence\n|-resisted|p1a: Salamence\n|-damage|p1a: Salamence|88\/100\n|\n|upkeep\n|turn|20\n|\n|t:|1699028286\n|switch|p1a: Necrozma|Necrozma-Dusk-Mane|86\/100\n|move|p2a: Ho-Oh|Sacred Fire|p1a: Necrozma\n|-supereffective|p1a: Necrozma\n|-damage|p1a: Necrozma|59\/100\n|-status|p1a: Necrozma|brn\n|\n|-damage|p1a: Necrozma|53\/100 brn|[from] brn\n|upkeep\n|turn|21\n|\n|t:|1699028292\n|switch|p1a: Umbreon|Umbreon, F|68\/100\n|move|p2a: Ho-Oh|Roost|p2a: Ho-Oh\n|-heal|p2a: Ho-Oh|100\/100\n|-singleturn|p2a: Ho-Oh|move: Roost\n|\n|upkeep\n|turn|22\n|\n|t:|1699028299\n|switch|p2a: Rayquaza|Rayquaza|44\/100\n|-ability|p2a: Rayquaza|Air Lock\n|move|p1a: Umbreon|Wish|p1a: Umbreon\n|\n|upkeep\n|turn|23\n|\n|t:|1699028303\n|move|p2a: Rayquaza|Dragon Dance|p2a: Rayquaza\n|-boost|p2a: Rayquaza|atk|1\n|-boost|p2a: Rayquaza|spe|1\n|move|p1a: Umbreon|Foul Play|p2a: Rayquaza\n|-damage|p2a: Rayquaza|0 fnt\n|faint|p2a: Rayquaza\n|\n|-heal|p1a: Umbreon|100\/100|[from] move: Wish|[wisher] Umbreon\n|upkeep\n|\n|t:|1699028313\n|switch|p2a: Marshadow|Marshadow|100\/100\n|turn|24\n|\n|t:|1699028319\n|switch|p1a: Skarmory|Skarmory, M|100\/100\n|move|p2a: Marshadow|Close Combat|p1a: Skarmory\n|-damage|p1a: Skarmory|65\/100\n|-unboost|p2a: Marshadow|def|1\n|-unboost|p2a: Marshadow|spd|1\n|-damage|p2a: Marshadow|84\/100|[from] item: Rocky Helmet|[of] p1a: Skarmory\n|\n|upkeep\n|turn|25\n|\n|t:|1699028324\n|switch|p2a: Deoxys|Deoxys-Attack|100\/100\n|-ability|p2a: Deoxys|Pressure\n|move|p1a: Skarmory|Roost|p1a: Skarmory\n|-heal|p1a: Skarmory|100\/100\n|-singleturn|p1a: Skarmory|move: Roost\n|\n|upkeep\n|turn|26\n|\n|t:|1699028327\n|switch|p1a: Necrozma|Necrozma-Dusk-Mane|53\/100 brn\n|move|p2a: Deoxys|Thunderbolt|p1a: Necrozma\n|-damage|p1a: Necrozma|37\/100 brn\n|\n|-damage|p1a: Necrozma|31\/100 brn|[from] brn\n|upkeep\n|turn|27\n|\n|t:|1699028332\n|move|p2a: Deoxys|Thunderbolt|p1a: Necrozma\n|-damage|p1a: Necrozma|17\/100 brn\n|move|p1a: Necrozma|Stone Edge|p2a: Deoxys\n|-damage|p2a: Deoxys|13\/100\n|\n|-damage|p1a: Necrozma|11\/100 brn|[from] brn\n|upkeep\n|turn|28\n|\n|t:|1699028338\n|switch|p1a: Umbreon|Umbreon, F|100\/100\n|move|p2a: Deoxys|Thunderbolt|p1a: Umbreon\n|-crit|p1a: Umbreon\n|-damage|p1a: Umbreon|73\/100\n|\n|upkeep\n|turn|29\n|\n|t:|1699028345\n|-terastallize|p2a: Deoxys|Fighting\n|move|p1a: Umbreon|Protect|p1a: Umbreon\n|-singleturn|p1a: Umbreon|Protect\n|move|p2a: Deoxys|Drain Punch|p1a: Umbreon\n|-activate|p1a: Umbreon|move: Protect\n|\n|upkeep\n|turn|30\n|\n|t:|1699028353\n|switch|p1a: Necrozma|Necrozma-Dusk-Mane|11\/100 brn\n|move|p2a: Deoxys|Drain Punch|p1a: Necrozma\n|-damage|p1a: Necrozma|0 fnt\n|-heal|p2a: Deoxys|22\/100|[from] drain|[of] p1a: Necrozma\n|faint|p1a: Necrozma\n|\n|upkeep\n|\n|t:|1699028355\n|switch|p1a: Rayquaza|Rayquaza|100\/100\n|-ability|p1a: Rayquaza|Air Lock\n|turn|31\n|\n|t:|1699028364\n|switch|p2a: Ho-Oh|Ho-Oh|100\/100\n|move|p1a: Rayquaza|Surf|p2a: Ho-Oh\n|-supereffective|p2a: Ho-Oh\n|-damage|p2a: Ho-Oh|77\/100\n|\n|upkeep\n|turn|32\n|\n|t:|1699028370\n|move|p1a: Rayquaza|Dragon Dance|p1a: Rayquaza\n|-boost|p1a: Rayquaza|atk|1\n|-boost|p1a: Rayquaza|spe|1\n|move|p2a: Ho-Oh|Sacred Fire|p1a: Rayquaza|[miss]\n|-miss|p2a: Ho-Oh|p1a: Rayquaza\n|\n|upkeep\n|turn|33\n|inactive|Krztina has 120 seconds left.\n|\n|t:|1699028405\n|move|p1a: Rayquaza|Dragon Ascent|p2a: Ho-Oh\n|-damage|p2a: Ho-Oh|0 fnt\n|-unboost|p1a: Rayquaza|def|1\n|-unboost|p1a: Rayquaza|spd|1\n|faint|p2a: Ho-Oh\n|\n|upkeep\n|\n|t:|1699028408\n|switch|p2a: Marshadow|Marshadow|84\/100\n|turn|34\n|\n|t:|1699028419\n|switch|p1a: Skarmory|Skarmory, M|100\/100\n|move|p2a: Marshadow|Spectral Thief|p1a: Skarmory\n|-damage|p1a: Skarmory|73\/100\n|-damage|p2a: Marshadow|67\/100|[from] item: Rocky Helmet|[of] p1a: Skarmory\n|\n|upkeep\n|turn|35\n|inactive|Krztina has 120 seconds left.\n|\n|t:|1699028463\n|switch|p2a: Deoxys|Deoxys-Attack, tera:Fighting|22\/100\n|-ability|p2a: Deoxys|Pressure\n|move|p1a: Skarmory|Roost|p1a: Skarmory\n|-heal|p1a: Skarmory|100\/100\n|-singleturn|p1a: Skarmory|move: Roost\n|\n|upkeep\n|turn|36\n|\n|t:|1699028468\n|switch|p1a: Umbreon|Umbreon, F|73\/100\n|move|p2a: Deoxys|Thunderbolt|p1a: Umbreon\n|-damage|p1a: Umbreon|56\/100\n|\n|upkeep\n|turn|37\n|\n|t:|1699028472\n|switch|p1a: Salamence|Salamence, M|88\/100\n|-ability|p1a: Salamence|Intimidate|boost\n|-unboost|p2a: Deoxys|atk|1\n|move|p2a: Deoxys|Drain Punch|p1a: Salamence\n|-resisted|p1a: Salamence\n|-damage|p1a: Salamence|73\/100\n|-heal|p2a: Deoxys|34\/100|[from] drain|[of] p1a: Salamence\n|\n|upkeep\n|turn|38\n|\n|t:|1699028477\n|move|p2a: Deoxys|Psycho Boost|p1a: Salamence\n|-damage|p1a: Salamence|0 fnt\n|-unboost|p2a: Deoxys|spa|2\n|faint|p1a: Salamence\n|\n|upkeep\n|\n|t:|1699028487\n|switch|p1a: Umbreon|Umbreon, F|56\/100\n|turn|39\n|\n|t:|1699028496\n|switch|p2a: Marshadow|Marshadow|67\/100\n|-terastallize|p1a: Umbreon|Ghost\n|move|p1a: Umbreon|Foul Play|p2a: Marshadow\n|-damage|p2a: Marshadow|9\/100\n|\n|upkeep\n|turn|40\n|\n|t:|1699028503\n|switch|p1a: Skarmory|Skarmory, M|100\/100\n|move|p2a: Marshadow|Spectral Thief|p1a: Skarmory\n|-damage|p1a: Skarmory|76\/100\n|-damage|p2a: Marshadow|0 fnt|[from] item: Rocky Helmet|[of] p1a: Skarmory\n|faint|p2a: Marshadow\n|\n|upkeep\n|\n|t:|1699028509\n|switch|p2a: Deoxys|Deoxys-Attack, tera:Fighting|34\/100\n|-ability|p2a: Deoxys|Pressure\n|turn|41\n|\n|t:|1699028519\n|switch|p1a: Rayquaza|Rayquaza|100\/100\n|-ability|p1a: Rayquaza|Air Lock\n|move|p2a: Deoxys|Thunderbolt|p1a: Rayquaza\n|-damage|p1a: Rayquaza|67\/100\n|\n|upkeep\n|turn|42\n|\n|t:|1699028527\n|move|p2a: Deoxys|Psycho Boost|p1a: Rayquaza\n|-damage|p1a: Rayquaza|0 fnt\n|-unboost|p2a: Deoxys|spa|2\n|faint|p1a: Rayquaza\n|\n|upkeep\n|\n|t:|1699028531\n|switch|p1a: Umbreon|Umbreon, F, tera:Ghost|56\/100\n|turn|43\n|\n|t:|1699028535\n|switch|p2a: Zacian|Zacian-Crowned|100\/100\n|move|p1a: Umbreon|Wish|p1a: Umbreon\n|\n|upkeep\n|turn|44\n|\n|t:|1699028541\n|move|p1a: Umbreon|Protect|p1a: Umbreon\n|-singleturn|p1a: Umbreon|Protect\n|move|p2a: Zacian|Swords Dance|p2a: Zacian\n|-boost|p2a: Zacian|atk|2\n|\n|-heal|p1a: Umbreon|100\/100|[from] move: Wish|[wisher] Umbreon\n|upkeep\n|turn|45\n|\n|t:|1699028545\n|switch|p1a: Skarmory|Skarmory, M|76\/100\n|move|p2a: Zacian|Behemoth Blade|p1a: Skarmory\n|-resisted|p1a: Skarmory\n|-damage|p1a: Skarmory|41\/100\n|-damage|p2a: Zacian|84\/100|[from] item: Rocky Helmet|[of] p1a: Skarmory\n|\n|upkeep\n|turn|46\n|\n|t:|1699028561\n|move|p2a: Zacian|Wild Charge|p1a: Skarmory\n|-supereffective|p1a: Skarmory\n|-damage|p1a: Skarmory|0 fnt\n|-damage|p2a: Zacian|67\/100|[from] item: Rocky Helmet|[of] p1a: Skarmory\n|faint|p1a: Skarmory\n|-damage|p2a: Zacian|57\/100|[from] Recoil\n|\n|upkeep\n|-message|red de pokemon oro forfeited.\n|\n|win|Krztina\n|raw|red de pokemon oro's rating: 1517 &rarr; <strong>1493<\/strong><br \/>(-24 for losing)\n|raw|Krztina's rating: 1452 &rarr; <strong>1476<\/strong><br \/>(+24 for winning)\n|l|\u2606red de pokemon oro\n","uploadtime":1699028584,"views":4,"p1id":"reddepokemonoro","p2id":"krztina","formatid":"gen9nationaldexubers","rating":1476,"private":0,"password":""}