{"id":"gen9nationaldexubers-1993017588","p1":"kirblaster","p2":"Kirbydownb","format":"[Gen 9] National Dex Ubers","log":"|j|\u2606kirblaster\n|j|\u2606Kirbydownb\n|t:|1700255897\n|gametype|singles\n|player|p1|kirblaster|yellow|\n|player|p2|Kirbydownb|265|\n|teamsize|p1|6\n|teamsize|p2|6\n|gen|9\n|tier|[Gen 9] National Dex Ubers\n|rule|HP Percentage Mod: HP is shown in percentages\n|rule|Endless Battle Clause: Forcing endless battles is banned\n|rule|OHKO Clause: OHKO moves are banned\n|rule|Evasion Moves Clause: Evasion moves are banned\n|rule|Evasion Items Clause: Evasion items are banned\n|rule|Species Clause: Limit one of each Pok\u00e9mon\n|rule|Sleep Clause Mod: Limit one foe put to sleep\n|rule|Mega Rayquaza Clause: You cannot mega evolve Rayquaza\n|clearpoke\n|poke|p1|Goodra-Hisui, M|\n|poke|p1|Mew|\n|poke|p1|Politoed, M|\n|poke|p1|Palafin, F|\n|poke|p1|Swampert, M|\n|poke|p1|Charjabug, F|\n|poke|p2|Arceus|\n|poke|p2|Dragonite, F|\n|poke|p2|Kingambit, M|\n|poke|p2|Grimmsnarl, M|\n|poke|p2|Amoonguss, F|\n|poke|p2|Wooper, F|\n|teampreview\n|inactive|Battle timer is ON: inactive players will automatically lose when time's up. (requested by kirblaster)\n|j| plasma13\n|j| V-Creating Victory\n|\n|t:|1700255912\n|start\n|switch|p1a: Kelsier|Mew|100\/100\n|switch|p2a: Bidoof3|Grimmsnarl, M|100\/100\n|turn|1\n|\n|t:|1700255923\n|move|p2a: Bidoof3|Light Screen|p2a: Bidoof3\n|-sidestart|p2: Kirbydownb|move: Light Screen\n|move|p1a: Kelsier|Taunt|p2a: Bidoof3\n|-start|p2a: Bidoof3|move: Taunt\n|\n|upkeep\n|turn|2\n|\n|t:|1700255937\n|switch|p2a: Bidoof5|Dragonite, F|100\/100\n|move|p1a: Kelsier|Dragon Dance|p1a: Kelsier\n|-boost|p1a: Kelsier|atk|1\n|-boost|p1a: Kelsier|spe|1\n|\n|upkeep\n|turn|3\n|\n|t:|1700255953\n|-terastallize|p1a: Kelsier|Ice\n|move|p1a: Kelsier|Ice Spinner|p2a: Bidoof5\n|-supereffective|p2a: Bidoof5\n|-enditem|p2a: Bidoof5|Yache Berry|[eat]\n|-enditem|p2a: Bidoof5|Yache Berry|[weaken]\n|-damage|p2a: Bidoof5|31\/100\n|move|p2a: Bidoof5|Dragon Dance|p2a: Bidoof5\n|-boost|p2a: Bidoof5|atk|1\n|-boost|p2a: Bidoof5|spe|1\n|\n|upkeep\n|turn|4\n|\n|t:|1700255965\n|move|p2a: Bidoof5|Thunder Punch|p1a: Kelsier\n|-damage|p1a: Kelsier|67\/100\n|move|p1a: Kelsier|Ice Spinner|p2a: Bidoof5\n|-supereffective|p2a: Bidoof5\n|-damage|p2a: Bidoof5|0 fnt\n|faint|p2a: Bidoof5\n|\n|upkeep\n|\n|t:|1700255981\n|switch|p2a: Bidoof6|Arceus|100\/100\n|turn|5\n|\n|t:|1700255985\n|move|p1a: Kelsier|Close Combat|p2a: Bidoof6\n|-supereffective|p2a: Bidoof6\n|-damage|p2a: Bidoof6|28\/100\n|-unboost|p1a: Kelsier|def|1\n|-unboost|p1a: Kelsier|spd|1\n|move|p2a: Bidoof6|Swords Dance|p2a: Bidoof6\n|-boost|p2a: Bidoof6|atk|2\n|\n|upkeep\n|turn|6\n|\n|t:|1700256002\n|move|p2a: Bidoof6|Extreme Speed|p1a: Kelsier\n|-damage|p1a: Kelsier|0 fnt\n|faint|p1a: Kelsier\n|\n|upkeep\n|\n|t:|1700256014\n|switch|p1a: whoCharjinTheyBug|Charjabug, F|100\/100\n|turn|7\n|\n|t:|1700256019\n|move|p2a: Bidoof6|Extreme Speed|p1a: whoCharjinTheyBug\n|-damage|p1a: whoCharjinTheyBug|47\/100\n|move|p1a: whoCharjinTheyBug|Toxic|p2a: Bidoof6\n|-status|p2a: Bidoof6|tox\n|\n|-damage|p2a: Bidoof6|21\/100 tox|[from] psn\n|upkeep\n|turn|8\n|\n|t:|1700256036\n|move|p2a: Bidoof6|Extreme Speed|p1a: whoCharjinTheyBug\n|-damage|p1a: whoCharjinTheyBug|0 fnt\n|faint|p1a: whoCharjinTheyBug\n|\n|-damage|p2a: Bidoof6|9\/100 tox|[from] psn\n|-sideend|p2: Kirbydownb|move: Light Screen\n|upkeep\n|\n|t:|1700256039\n|switch|p1a: Foo Fighter|Swampert, M|100\/100\n|turn|9\n|\n|t:|1700256047\n|switch|p1a: w|Goodra-Hisui, M|100\/100\n|-item|p1a: w|Air Balloon\n|move|p2a: Bidoof6|Extreme Speed|p1a: w\n|-resisted|p1a: w\n|-damage|p1a: w|67\/100\n|-enditem|p1a: w|Air Balloon\n|\n|-damage|p2a: Bidoof6|0 fnt|[from] psn\n|faint|p2a: Bidoof6\n|upkeep\n|\n|t:|1700256064\n|switch|p2a: Bidoof4|Kingambit, M|100\/100\n|-activate|p2a: Bidoof4|ability: Supreme Overlord\n|-start|p2a: Bidoof4|fallen2|[silent]\n|turn|10\n|\n|t:|1700256075\n|move|p1a: w|Body Press|p2a: Bidoof4\n|-supereffective|p2a: Bidoof4\n|-damage|p2a: Bidoof4|22\/100\n|move|p2a: Bidoof4|Low Kick|p1a: w\n|-supereffective|p1a: w\n|-damage|p1a: w|0 fnt\n|faint|p1a: w\n|\n|upkeep\n|\n|t:|1700256082\n|switch|p1a: Foo Fighter|Swampert, M|100\/100\n|turn|11\n|\n|t:|1700256087\n|detailschange|p1a: Foo Fighter|Swampert-Mega, M\n|-mega|p1a: Foo Fighter|Swampert|Swampertite\n|move|p1a: Foo Fighter|Low Kick|p2a: Bidoof4\n|-supereffective|p2a: Bidoof4\n|-damage|p2a: Bidoof4|0 fnt\n|faint|p2a: Bidoof4\n|-end|p2a: Bidoof4|fallen2|[silent]\n|\n|upkeep\n|\n|t:|1700256097\n|switch|p2a: Bidoof1|Amoonguss, F|100\/100\n|turn|12\n|\n|t:|1700256107\n|switch|p1a: WHO DID THIS?? XD|Politoed, M|100\/100\n|-weather|RainDance|[from] ability: Drizzle|[of] p1a: WHO DID THIS?? XD\n|move|p2a: Bidoof1|Giga Drain|p1a: WHO DID THIS?? XD\n|-supereffective|p1a: WHO DID THIS?? XD\n|-damage|p1a: WHO DID THIS?? XD|69\/100\n|\n|-weather|RainDance|[upkeep]\n|upkeep\n|turn|13\n|\n|t:|1700256120\n|move|p1a: WHO DID THIS?? XD|Toxic|p2a: Bidoof1\n|-immune|p2a: Bidoof1\n|move|p2a: Bidoof1|Giga Drain|p1a: WHO DID THIS?? XD\n|-supereffective|p1a: WHO DID THIS?? XD\n|-damage|p1a: WHO DID THIS?? XD|40\/100\n|\n|-weather|RainDance|[upkeep]\n|upkeep\n|turn|14\n|\n|t:|1700256128\n|move|p1a: WHO DID THIS?? XD|Toxic|p2a: Bidoof1\n|-immune|p2a: Bidoof1\n|move|p2a: Bidoof1|Sunny Day|p2a: Bidoof1\n|-weather|SunnyDay\n|\n|-weather|SunnyDay|[upkeep]\n|upkeep\n|turn|15\n|\n|t:|1700256133\n|move|p1a: WHO DID THIS?? XD|Encore|p2a: Bidoof1\n|-start|p2a: Bidoof1|Encore\n|move|p2a: Bidoof1|Sunny Day||[still]\n|-fail|p2a: Bidoof1\n|\n|-weather|SunnyDay|[upkeep]\n|upkeep\n|turn|16\n|\n|t:|1700256140\n|switch|p1a: There Goes My Hero|Palafin, F|100\/100\n|move|p2a: Bidoof1|Sunny Day||[still]\n|-fail|p2a: Bidoof1\n|\n|-weather|SunnyDay|[upkeep]\n|upkeep\n|turn|17\n|\n|t:|1700256159\n|detailschange|p1a: There Goes My Hero|Palafin-Hero, F\n|switch|p1a: WHO DID THIS?? XD|Politoed, M|40\/100\n|-weather|RainDance|[from] ability: Drizzle|[of] p1a: WHO DID THIS?? XD\n|move|p2a: Bidoof1|Sunny Day|p2a: Bidoof1\n|-weather|SunnyDay\n|\n|-weather|SunnyDay|[upkeep]\n|-end|p2a: Bidoof1|Encore\n|upkeep\n|turn|18\n|\n|t:|1700256167\n|move|p1a: WHO DID THIS?? XD|Encore|p2a: Bidoof1\n|-start|p2a: Bidoof1|Encore\n|move|p2a: Bidoof1|Sunny Day||[still]\n|-fail|p2a: Bidoof1\n|\n|-weather|SunnyDay|[upkeep]\n|upkeep\n|turn|19\n|\n|t:|1700256175\n|switch|p1a: There Goes My Hero|Palafin-Hero, F|100\/100\n|-activate|p1a: There Goes My Hero|ability: Zero to Hero\n|switch|p2a: Bidoof2|Wooper, F|100\/100\n|\n|-weather|SunnyDay|[upkeep]\n|upkeep\n|turn|20\n|\n|t:|1700256187\n|switch|p1a: WHO DID THIS?? XD|Politoed, M|40\/100\n|-weather|RainDance|[from] ability: Drizzle|[of] p1a: WHO DID THIS?? XD\n|move|p2a: Bidoof2|Toxic|p1a: WHO DID THIS?? XD\n|-status|p1a: WHO DID THIS?? XD|tox\n|\n|-weather|RainDance|[upkeep]\n|-damage|p1a: WHO DID THIS?? XD|34\/100 tox|[from] psn\n|upkeep\n|turn|21\n|\n|t:|1700256208\n|move|p1a: WHO DID THIS?? XD|Toxic|p2a: Bidoof2\n|-status|p2a: Bidoof2|tox\n|move|p2a: Bidoof2|Stealth Rock|p1a: WHO DID THIS?? XD\n|-sidestart|p1: kirblaster|move: Stealth Rock\n|\n|-weather|RainDance|[upkeep]\n|-damage|p1a: WHO DID THIS?? XD|22\/100 tox|[from] psn\n|-damage|p2a: Bidoof2|94\/100 tox|[from] psn\n|upkeep\n|turn|22\n|\n|t:|1700256215\n|move|p1a: WHO DID THIS?? XD|Encore|p2a: Bidoof2\n|-start|p2a: Bidoof2|Encore\n|move|p2a: Bidoof2|Stealth Rock||[still]\n|-fail|p2a: Bidoof2\n|\n|-weather|RainDance|[upkeep]\n|-damage|p1a: WHO DID THIS?? XD|4\/100 tox|[from] psn\n|-damage|p2a: Bidoof2|82\/100 tox|[from] psn\n|upkeep\n|turn|23\n|\n|t:|1700256222\n|move|p1a: WHO DID THIS?? XD|Toxic|p2a: Bidoof2\n|-fail|p2a: Bidoof2|tox\n|move|p2a: Bidoof2|Stealth Rock||[still]\n|-fail|p2a: Bidoof2\n|\n|-weather|RainDance|[upkeep]\n|-damage|p1a: WHO DID THIS?? XD|0 fnt|[from] psn\n|faint|p1a: WHO DID THIS?? XD\n|-damage|p2a: Bidoof2|64\/100 tox|[from] psn\n|upkeep\n|\n|t:|1700256226\n|switch|p1a: There Goes My Hero|Palafin-Hero, F|100\/100\n|-damage|p1a: There Goes My Hero|88\/100|[from] Stealth Rock\n|turn|24\n|\n|t:|1700256233\n|move|p1a: There Goes My Hero|Bulk Up|p1a: There Goes My Hero\n|-boost|p1a: There Goes My Hero|atk|1\n|-boost|p1a: There Goes My Hero|def|1\n|move|p2a: Bidoof2|Stealth Rock||[still]\n|-fail|p2a: Bidoof2\n|\n|-weather|none\n|-damage|p2a: Bidoof2|40\/100 tox|[from] psn\n|-end|p2a: Bidoof2|Encore\n|upkeep\n|turn|25\n|\n|t:|1700256243\n|move|p1a: There Goes My Hero|Drain Punch|p2a: Bidoof2\n|-damage|p2a: Bidoof2|4\/100 tox\n|-heal|p1a: There Goes My Hero|100\/100|[from] drain|[of] p2a: Bidoof2\n|move|p2a: Bidoof2|Toxic|p1a: There Goes My Hero\n|-status|p1a: There Goes My Hero|tox\n|\n|-damage|p1a: There Goes My Hero|94\/100 tox|[from] psn\n|-damage|p2a: Bidoof2|0 fnt|[from] psn\n|faint|p2a: Bidoof2\n|upkeep\n|\n|t:|1700256255\n|switch|p2a: Bidoof1|Amoonguss, F|100\/100\n|turn|26\n|\n|t:|1700256267\n|move|p1a: There Goes My Hero|Ice Punch|p2a: Bidoof1\n|-supereffective|p2a: Bidoof1\n|-damage|p2a: Bidoof1|0 fnt\n|faint|p2a: Bidoof1\n|\n|-damage|p1a: There Goes My Hero|82\/100 tox|[from] psn\n|upkeep\n|\n|t:|1700256273\n|switch|p2a: Bidoof3|Grimmsnarl, M|100\/100\n|turn|27\n|\n|t:|1700256294\n|move|p1a: There Goes My Hero|Jet Punch|p2a: Bidoof3\n|-damage|p2a: Bidoof3|43\/100\n|move|p2a: Bidoof3|Light Screen|p2a: Bidoof3\n|-sidestart|p2: Kirbydownb|move: Light Screen\n|\n|-damage|p1a: There Goes My Hero|63\/100 tox|[from] psn\n|upkeep\n|turn|28\n|\n|t:|1700256306\n|move|p1a: There Goes My Hero|Jet Punch|p2a: Bidoof3\n|-damage|p2a: Bidoof3|0 fnt\n|faint|p2a: Bidoof3\n|\n|win|kirblaster\n|l|\u2606Kirbydownb\n|j|\u2606Kirbydownb\n|player|p2|Kirbydownb|265\n|l|\u2606Kirbydownb\n|player|p2|\n|l| plasma13\n|l| V-Creating Victory\n","uploadtime":1700256384,"views":14,"p1id":"kirblaster","p2id":"kirbydownb","formatid":"gen9nationaldexubers","rating":0,"private":0,"password":""}