{"id":"gen9nationaldexubers-1993045765","p1":"dreinharz1997","p2":"jquigs62","format":"[Gen 9] National Dex Ubers","log":"|j|\u2606dreinharz1997\n|j|\u2606jquigs62\n|t:|1700258770\n|gametype|singles\n|player|p1|dreinharz1997|169|\n|player|p2|jquigs62|102|\n|teamsize|p1|6\n|teamsize|p2|6\n|gen|9\n|tier|[Gen 9] National Dex Ubers\n|rule|HP Percentage Mod: HP is shown in percentages\n|rule|Endless Battle Clause: Forcing endless battles is banned\n|rule|OHKO Clause: OHKO moves are banned\n|rule|Evasion Moves Clause: Evasion moves are banned\n|rule|Evasion Items Clause: Evasion items are banned\n|rule|Species Clause: Limit one of each Pok\u00e9mon\n|rule|Sleep Clause Mod: Limit one foe put to sleep\n|rule|Mega Rayquaza Clause: You cannot mega evolve Rayquaza\n|clearpoke\n|poke|p1|Charizard, M|\n|poke|p1|Gliscor, F|\n|poke|p1|Ditto|\n|poke|p1|Tornadus, M|\n|poke|p1|Ursaring, M|\n|poke|p1|Ogerpon-Hearthflame, F|\n|poke|p2|Nidoking, M|\n|poke|p2|Ogerpon-Wellspring, F|\n|poke|p2|Alomomola, M|\n|poke|p2|Ribombee, F|\n|poke|p2|Roaring Moon|\n|poke|p2|Gholdengo|\n|teampreview\n|\n|t:|1700258790\n|start\n|switch|p1a: Tornadus|Tornadus, M, shiny|100\/100\n|switch|p2a: Icky|Ribombee, F|100\/100\n|turn|1\n|\n|t:|1700258804\n|move|p2a: Icky|Tailwind|p2a: Icky\n|-sidestart|p2: jquigs62|move: Tailwind\n|move|p1a: Tornadus|Bleakwind Storm|p2a: Icky\n|-supereffective|p2a: Icky\n|-enditem|p2a: Icky|Focus Sash\n|-damage|p2a: Icky|1\/100\n|\n|upkeep\n|turn|2\n|\n|t:|1700258824\n|switch|p1a: Ogerpon|Ogerpon-Hearthflame, F|100\/100\n|-ability|p1a: Ogerpon|Mold Breaker\n|move|p2a: Icky|Sticky Web|p1a: Ogerpon\n|-sidestart|p1: dreinharz1997|move: Sticky Web\n|\n|upkeep\n|turn|3\n|\n|t:|1700258848\n|move|p2a: Icky|Signal Beam|p1a: Ogerpon\n|-damage|p1a: Ogerpon|64\/100\n|move|p1a: Ogerpon|Trailblaze|p2a: Icky\n|-resisted|p2a: Icky\n|-damage|p2a: Icky|0 fnt\n|-boost|p1a: Ogerpon|spe|1\n|faint|p2a: Icky\n|\n|upkeep\n|\n|t:|1700258867\n|switch|p2a: Naked Mole Rat|Nidoking, M, shiny|100\/100\n|turn|4\n|\n|t:|1700258902\n|move|p2a: Naked Mole Rat|Sludge Wave|p1a: Ogerpon\n|-supereffective|p1a: Ogerpon\n|-damage|p1a: Ogerpon|0 fnt\n|faint|p1a: Ogerpon\n|\n|-sideend|p2: jquigs62|move: Tailwind\n|upkeep\n|\n|t:|1700258915\n|switch|p1a: Tornadus|Tornadus, M, shiny|100\/100\n|turn|5\n|\n|t:|1700258928\n|move|p1a: Tornadus|Tailwind|p1a: Tornadus\n|-sidestart|p1: dreinharz1997|move: Tailwind\n|move|p2a: Naked Mole Rat|Ice Beam|p1a: Tornadus\n|-supereffective|p1a: Tornadus\n|-enditem|p1a: Tornadus|Focus Sash\n|-damage|p1a: Tornadus|1\/100\n|\n|upkeep\n|turn|6\n|\n|t:|1700258947\n|move|p1a: Tornadus|Bleakwind Storm|p2a: Naked Mole Rat\n|-damage|p2a: Naked Mole Rat|25\/100\n|-unboost|p2a: Naked Mole Rat|spe|1\n|move|p2a: Naked Mole Rat|Sludge Wave|p1a: Tornadus\n|-damage|p1a: Tornadus|0 fnt\n|faint|p1a: Tornadus\n|\n|upkeep\n|\n|t:|1700258978\n|switch|p1a: Ursaring|Ursaring, M, shiny|100\/100\n|-activate|p1a: Ursaring|move: Sticky Web\n|-unboost|p1a: Ursaring|spe|1\n|turn|7\n|\n|t:|1700259036\n|switch|p2a: Jim Carrey|Ogerpon-Wellspring, F|100\/100\n|-terastallize|p1a: Ursaring|Grass\n|move|p1a: Ursaring|Trailblaze|p2a: Jim Carrey\n|-damage|p2a: Jim Carrey|61\/100\n|-boost|p1a: Ursaring|spe|1\n|\n|-status|p1a: Ursaring|brn|[from] item: Flame Orb\n|upkeep\n|turn|8\n|\n|t:|1700259145\n|switch|p2a: John Cena|Alomomola, M|100\/100\n|move|p1a: Ursaring|Facade|p2a: John Cena\n|-damage|p2a: John Cena|45\/100\n|\n|-damage|p1a: Ursaring|94\/100 brn|[from] brn\n|-sideend|p1: dreinharz1997|move: Tailwind\n|upkeep\n|turn|9\n|\n|t:|1700259181\n|-terastallize|p2a: John Cena|Flying\n|move|p2a: John Cena|Protect|p2a: John Cena\n|-singleturn|p2a: John Cena|Protect\n|move|p1a: Ursaring|Trailblaze|p2a: John Cena\n|-activate|p2a: John Cena|move: Protect\n|\n|-damage|p1a: Ursaring|88\/100 brn|[from] brn\n|upkeep\n|turn|10\n|\n|t:|1700259249\n|move|p1a: Ursaring|Facade|p2a: John Cena\n|-damage|p2a: John Cena|0 fnt\n|faint|p2a: John Cena\n|\n|-damage|p1a: Ursaring|82\/100 brn|[from] brn\n|upkeep\n|\n|t:|1700259312\n|switch|p2a: Daddy|Roaring Moon|100\/100\n|-enditem|p2a: Daddy|Booster Energy\n|-activate|p2a: Daddy|ability: Protosynthesis|[fromitem]\n|-start|p2a: Daddy|protosynthesisspe\n|turn|11\n|\n|t:|1700259346\n|move|p2a: Daddy|U-turn|p1a: Ursaring\n|-supereffective|p1a: Ursaring\n|-damage|p1a: Ursaring|12\/100 brn\n|\n|t:|1700259357\n|-end|p2a: Daddy|Protosynthesis|[silent]\n|switch|p2a: Jim Carrey|Ogerpon-Wellspring, F|61\/100|[from] U-turn\n|move|p1a: Ursaring|Facade|p2a: Jim Carrey\n|-damage|p2a: Jim Carrey|0 fnt\n|faint|p2a: Jim Carrey\n|\n|-damage|p1a: Ursaring|6\/100 brn|[from] brn\n|upkeep\n|\n|t:|1700259379\n|switch|p2a: Daddy|Roaring Moon|100\/100\n|turn|12\n|\n|t:|1700259387\n|move|p2a: Daddy|U-turn|p1a: Ursaring\n|-supereffective|p1a: Ursaring\n|-damage|p1a: Ursaring|0 fnt\n|faint|p1a: Ursaring\n|\n|t:|1700259391\n|-end|p2a: Daddy|Protosynthesis|[silent]\n|switch|p2a: Naked Mole Rat|Nidoking, M, shiny|25\/100|[from] U-turn\n|\n|upkeep\n|\n|t:|1700259403\n|switch|p1a: Gliscor|Gliscor, F, shiny|100\/100\n|turn|13\n|\n|t:|1700259416\n|move|p2a: Naked Mole Rat|Ice Beam|p1a: Gliscor\n|-supereffective|p1a: Gliscor\n|-damage|p1a: Gliscor|0 fnt\n|faint|p1a: Gliscor\n|\n|upkeep\n|\n|t:|1700259426\n|switch|p1a: Ditto|Ditto, shiny|100\/100\n|-activate|p1a: Ditto|move: Sticky Web\n|-unboost|p1a: Ditto|spe|1\n|-transform|p1a: Ditto|p2a: Naked Mole Rat|[from] ability: Imposter\n|turn|14\n|\n|t:|1700259445\n|move|p1a: Ditto|Earth Power|p2a: Naked Mole Rat\n|-supereffective|p2a: Naked Mole Rat\n|-damage|p2a: Naked Mole Rat|0 fnt\n|faint|p2a: Naked Mole Rat\n|\n|upkeep\n|\n|t:|1700259490\n|switch|p2a: Mommy|Gholdengo|100\/100\n|turn|15\n|\n|t:|1700259495\n|move|p1a: Ditto|Earth Power|p2a: Mommy\n|-supereffective|p2a: Mommy\n|-damage|p2a: Mommy|0 fnt\n|faint|p2a: Mommy\n|\n|upkeep\n|\n|t:|1700259500\n|switch|p2a: Daddy|Roaring Moon|100\/100\n|turn|16\n|\n|t:|1700259510\n|move|p1a: Ditto|Earth Power|p2a: Daddy\n|-damage|p2a: Daddy|57\/100\n|move|p2a: Daddy|Earthquake|p1a: Ditto\n|-supereffective|p1a: Ditto\n|-damage|p1a: Ditto|0 fnt\n|faint|p1a: Ditto\n|\n|upkeep\n|\n|t:|1700259518\n|switch|p1a: Charizard|Charizard, M, shiny|100\/100\n|turn|17\n|\n|t:|1700259581\n|move|p2a: Daddy|Dragon Claw|p1a: Charizard\n|-damage|p1a: Charizard|37\/100\n|move|p1a: Charizard|Dragon Claw|p2a: Daddy\n|-supereffective|p2a: Daddy\n|-damage|p2a: Daddy|2\/100\n|\n|upkeep\n|turn|18\n|\n|t:|1700259597\n|detailschange|p1a: Charizard|Charizard-Mega-X, M, shiny\n|-mega|p1a: Charizard|Charizard|Charizardite X\n|move|p2a: Daddy|Dragon Claw|p1a: Charizard\n|-supereffective|p1a: Charizard\n|-damage|p1a: Charizard|0 fnt\n|faint|p1a: Charizard\n|\n|win|jquigs62\n","uploadtime":1700259611,"views":49,"p1id":"dreinharz1997","p2id":"jquigs62","formatid":"gen9nationaldexubers","rating":0,"private":0,"password":""}