{"id":"gen9nationaldexubers-1998372013","p1":"MrTRB","p2":"Xanvoir","format":"[Gen 9] National Dex Ubers","log":"|j|\u2606MrTRB\n|j|\u2606Xanvoir\n|t:|1700934948\n|gametype|singles\n|player|p1|MrTRB|benga|\n|player|p2|Xanvoir|grimsley|\n|teamsize|p1|6\n|teamsize|p2|6\n|gen|9\n|tier|[Gen 9] National Dex Ubers\n|rule|HP Percentage Mod: HP is shown in percentages\n|rule|Endless Battle Clause: Forcing endless battles is banned\n|rule|OHKO Clause: OHKO moves are banned\n|rule|Evasion Moves Clause: Evasion moves are banned\n|rule|Evasion Items Clause: Evasion items are banned\n|rule|Species Clause: Limit one of each Pok\u00e9mon\n|rule|Sleep Clause Mod: Limit one foe put to sleep\n|rule|Mega Rayquaza Clause: You cannot mega evolve Rayquaza\n|clearpoke\n|poke|p1|Seismitoad, F|\n|poke|p1|Pelipper, M|\n|poke|p1|Garganacl, F|\n|poke|p1|Serperior, F|\n|poke|p1|Baxcalibur, M|\n|poke|p1|Infernape, M|\n|poke|p2|Sableye, M|\n|poke|p2|Weavile, F|\n|poke|p2|Mandibuzz, F|\n|poke|p2|Meowscarada, M|\n|poke|p2|Roaring Moon|\n|poke|p2|Kingambit, M|\n|teampreview\n|\n|t:|1700934959\n|start\n|switch|p1a: Serperior|Serperior, F, shiny|100\/100\n|switch|p2a: Meowscarada|Meowscarada, M|100\/100\n|turn|1\n|\n|t:|1700934982\n|switch|p2a: Mandibuzz|Mandibuzz, F|100\/100\n|move|p1a: Serperior|Glare|p2a: Mandibuzz\n|-status|p2a: Mandibuzz|par\n|\n|upkeep\n|turn|2\n|\n|t:|1700934989\n|move|p1a: Serperior|Substitute|p1a: Serperior\n|-start|p1a: Serperior|Substitute\n|-damage|p1a: Serperior|76\/100\n|cant|p2a: Mandibuzz|par\n|\n|-heal|p1a: Serperior|82\/100|[from] item: Leftovers\n|upkeep\n|turn|3\n|\n|t:|1700934998\n|move|p1a: Serperior|Leaf Storm|p2a: Mandibuzz\n|-resisted|p2a: Mandibuzz\n|-damage|p2a: Mandibuzz|86\/100 par\n|-boost|p1a: Serperior|spa|2\n|move|p2a: Mandibuzz|U-turn|p1a: Serperior\n|-supereffective|p1a: Serperior\n|-activate|p1a: Serperior|move: Substitute|[damage]\n|\n|t:|1700935004\n|switch|p2a: Roaring Moon|Roaring Moon|100\/100|[from] U-turn\n|-enditem|p2a: Roaring Moon|Booster Energy\n|-activate|p2a: Roaring Moon|ability: Protosynthesis|[fromitem]\n|-start|p2a: Roaring Moon|protosynthesisatk\n|\n|-heal|p1a: Serperior|88\/100|[from] item: Leftovers\n|upkeep\n|turn|4\n|\n|t:|1700935020\n|-terastallize|p1a: Serperior|Steel\n|move|p1a: Serperior|Glare|p2a: Roaring Moon\n|-status|p2a: Roaring Moon|par\n|move|p2a: Roaring Moon|Acrobatics|p1a: Serperior\n|-resisted|p1a: Serperior\n|-end|p1a: Serperior|Substitute\n|\n|-heal|p1a: Serperior|94\/100|[from] item: Leftovers\n|upkeep\n|turn|5\n|\n|t:|1700935032\n|move|p1a: Serperior|Leech Seed|p2a: Roaring Moon\n|-start|p2a: Roaring Moon|move: Leech Seed\n|cant|p2a: Roaring Moon|par\n|\n|-heal|p1a: Serperior|100\/100|[from] item: Leftovers\n|-damage|p2a: Roaring Moon|88\/100 par|[from] Leech Seed|[of] p1a: Serperior\n|upkeep\n|turn|6\n|\n|t:|1700935041\n|move|p1a: Serperior|Substitute|p1a: Serperior\n|-start|p1a: Serperior|Substitute\n|-damage|p1a: Serperior|76\/100\n|cant|p2a: Roaring Moon|par\n|\n|-heal|p1a: Serperior|82\/100|[from] item: Leftovers\n|-damage|p2a: Roaring Moon|76\/100 par|[from] Leech Seed|[of] p1a: Serperior\n|-heal|p1a: Serperior|94\/100|[silent]\n|upkeep\n|turn|7\n|c|\u2606Xanvoir|BRO\n|\n|t:|1700935050\n|move|p1a: Serperior|Leaf Storm|p2a: Roaring Moon\n|-resisted|p2a: Roaring Moon\n|-damage|p2a: Roaring Moon|43\/100 par\n|-boost|p1a: Serperior|spa|2\n|move|p2a: Roaring Moon|Earthquake|p1a: Serperior\n|-supereffective|p1a: Serperior\n|-end|p1a: Serperior|Substitute\n|\n|-heal|p1a: Serperior|100\/100|[from] item: Leftovers\n|-damage|p2a: Roaring Moon|30\/100 par|[from] Leech Seed|[of] p1a: Serperior\n|upkeep\n|turn|8\n|\n|t:|1700935062\n|move|p1a: Serperior|Leaf Storm|p2a: Roaring Moon|[miss]\n|-miss|p1a: Serperior|p2a: Roaring Moon\n|move|p2a: Roaring Moon|Earthquake|p1a: Serperior\n|-supereffective|p1a: Serperior\n|-damage|p1a: Serperior|4\/100\n|\n|-heal|p1a: Serperior|10\/100|[from] item: Leftovers\n|-damage|p2a: Roaring Moon|18\/100 par|[from] Leech Seed|[of] p1a: Serperior\n|-heal|p1a: Serperior|23\/100|[silent]\n|upkeep\n|turn|9\n|\n|t:|1700935074\n|move|p1a: Serperior|Leaf Storm|p2a: Roaring Moon\n|-resisted|p2a: Roaring Moon\n|-damage|p2a: Roaring Moon|0 fnt\n|-boost|p1a: Serperior|spa|2\n|faint|p2a: Roaring Moon\n|-end|p2a: Roaring Moon|Protosynthesis|[silent]\n|\n|-heal|p1a: Serperior|29\/100|[from] item: Leftovers\n|upkeep\n|\n|t:|1700935080\n|switch|p2a: Sableye|Sableye, M|100\/100\n|turn|10\n|\n|t:|1700935087\n|move|p2a: Sableye|Light Screen|p2a: Sableye\n|-sidestart|p2: Xanvoir|move: Light Screen\n|move|p1a: Serperior|Substitute|p1a: Serperior\n|-start|p1a: Serperior|Substitute\n|-damage|p1a: Serperior|4\/100\n|\n|-heal|p1a: Serperior|10\/100|[from] item: Leftovers\n|upkeep\n|turn|11\n|\n|t:|1700935095\n|move|p1a: Serperior|Leaf Storm|p2a: Sableye\n|-damage|p2a: Sableye|20\/100\n|move|p2a: Sableye|Foul Play|p1a: Serperior\n|-activate|p1a: Serperior|move: Substitute|[damage]\n|\n|-heal|p1a: Serperior|16\/100|[from] item: Leftovers\n|upkeep\n|turn|12\n|\n|t:|1700935107\n|switch|p2a: Mandibuzz|Mandibuzz, F|86\/100 par\n|move|p1a: Serperior|Leaf Storm|p2a: Mandibuzz\n|-resisted|p2a: Mandibuzz\n|-damage|p2a: Mandibuzz|55\/100 par\n|\n|-heal|p1a: Serperior|23\/100|[from] item: Leftovers\n|upkeep\n|turn|13\n|\n|t:|1700935117\n|move|p1a: Serperior|Leech Seed|p2a: Mandibuzz\n|-start|p2a: Mandibuzz|move: Leech Seed\n|cant|p2a: Mandibuzz|par\n|\n|-heal|p1a: Serperior|29\/100|[from] item: Leftovers\n|-damage|p2a: Mandibuzz|43\/100 par|[from] Leech Seed|[of] p1a: Serperior\n|-heal|p1a: Serperior|43\/100|[silent]\n|upkeep\n|turn|14\n|c|\u2606Xanvoir|Bro\n|c|\u2606Xanvoir|the haxx\n|\n|t:|1700935130\n|switch|p2a: Weavile|Weavile, F|100\/100\n|move|p1a: Serperior|Glare|p2a: Weavile\n|-status|p2a: Weavile|par\n|\n|-heal|p1a: Serperior|50\/100|[from] item: Leftovers\n|-sideend|p2: Xanvoir|move: Light Screen\n|upkeep\n|turn|15\n|\n|t:|1700935140\n|move|p1a: Serperior|Leech Seed|p2a: Weavile\n|-start|p2a: Weavile|move: Leech Seed\n|cant|p2a: Weavile|par\n|\n|-heal|p1a: Serperior|56\/100|[from] item: Leftovers\n|-damage|p2a: Weavile|88\/100 par|[from] Leech Seed|[of] p1a: Serperior\n|-heal|p1a: Serperior|66\/100|[silent]\n|upkeep\n|turn|16\n|c|\u2606Xanvoir|BRO THE PARA IS WILD\n|\n|t:|1700935152\n|move|p1a: Serperior|Leaf Storm|p2a: Weavile\n|-damage|p2a: Weavile|0 fnt\n|faint|p2a: Weavile\n|\n|-heal|p1a: Serperior|72\/100|[from] item: Leftovers\n|upkeep\n|\n|t:|1700935155\n|switch|p2a: Meowscarada|Meowscarada, M|100\/100\n|turn|17\n|\n|t:|1700935163\n|move|p2a: Meowscarada|Knock Off|p1a: Serperior\n|-start|p2a: Meowscarada|typechange|Dark|[from] ability: Protean\n|-end|p1a: Serperior|Substitute\n|move|p1a: Serperior|Leaf Storm|p2a: Meowscarada\n|-damage|p2a: Meowscarada|0 fnt\n|faint|p2a: Meowscarada\n|\n|-heal|p1a: Serperior|78\/100|[from] item: Leftovers\n|upkeep\n|c|\u2606Xanvoir|So much bs\n|\n|t:|1700935171\n|switch|p2a: Sableye|Sableye, M|20\/100\n|turn|18\n|\n|t:|1700935180\n|move|p2a: Sableye|Will-O-Wisp|p1a: Serperior\n|-status|p1a: Serperior|brn\n|move|p1a: Serperior|Substitute|p1a: Serperior\n|-start|p1a: Serperior|Substitute\n|-damage|p1a: Serperior|53\/100 brn\n|\n|-heal|p1a: Serperior|60\/100 brn|[from] item: Leftovers\n|-damage|p1a: Serperior|53\/100 brn|[from] brn\n|upkeep\n|turn|19\n|\n|t:|1700935194\n|move|p2a: Sableye|Light Screen|p2a: Sableye\n|-sidestart|p2: Xanvoir|move: Light Screen\n|move|p1a: Serperior|Leech Seed|p2a: Sableye\n|-start|p2a: Sableye|move: Leech Seed\n|\n|-heal|p1a: Serperior|60\/100 brn|[from] item: Leftovers\n|-damage|p2a: Sableye|7\/100|[from] Leech Seed|[of] p1a: Serperior\n|-heal|p1a: Serperior|70\/100 brn|[silent]\n|-damage|p1a: Serperior|64\/100 brn|[from] brn\n|upkeep\n|turn|20\n|\n|t:|1700935206\n|move|p1a: Serperior|Leech Seed||[still]\n|-fail|p1a: Serperior\n|move|p2a: Sableye|Foul Play|p1a: Serperior\n|-activate|p1a: Serperior|move: Substitute|[damage]\n|\n|-heal|p1a: Serperior|70\/100 brn|[from] item: Leftovers\n|-damage|p2a: Sableye|0 fnt|[from] Leech Seed|[of] p1a: Serperior\n|-heal|p1a: Serperior|76\/100 brn|[silent]\n|faint|p2a: Sableye\n|-damage|p1a: Serperior|70\/100 brn|[from] brn\n|upkeep\n|\n|t:|1700935213\n|switch|p2a: Kingambit|Kingambit, M|100\/100\n|-activate|p2a: Kingambit|ability: Supreme Overlord\n|-start|p2a: Kingambit|fallen4|[silent]\n|turn|21\n|\n|t:|1700935222\n|move|p2a: Kingambit|Sucker Punch||[still]\n|-fail|p2a: Kingambit\n|move|p1a: Serperior|Leech Seed|p2a: Kingambit\n|-start|p2a: Kingambit|move: Leech Seed\n|\n|-heal|p1a: Serperior|76\/100 brn|[from] item: Leftovers\n|-damage|p2a: Kingambit|88\/100|[from] Leech Seed|[of] p1a: Serperior\n|-heal|p1a: Serperior|90\/100 brn|[silent]\n|-damage|p1a: Serperior|84\/100 brn|[from] brn\n|upkeep\n|turn|22\n|\n|t:|1700935232\n|-end|p2a: Kingambit|fallen4|[silent]\n|switch|p2a: Mandibuzz|Mandibuzz, F|43\/100 par\n|move|p1a: Serperior|Glare|p2a: Mandibuzz\n|-fail|p2a: Mandibuzz|par\n|\n|-heal|p1a: Serperior|90\/100 brn|[from] item: Leftovers\n|-damage|p1a: Serperior|84\/100 brn|[from] brn\n|upkeep\n|turn|23\n|\n|t:|1700935239\n|move|p1a: Serperior|Leech Seed|p2a: Mandibuzz\n|-start|p2a: Mandibuzz|move: Leech Seed\n|move|p2a: Mandibuzz|Foul Play|p1a: Serperior\n|-end|p1a: Serperior|Substitute\n|\n|-heal|p1a: Serperior|90\/100 brn|[from] item: Leftovers\n|-damage|p2a: Mandibuzz|31\/100 par|[from] Leech Seed|[of] p1a: Serperior\n|-heal|p1a: Serperior|100\/100 brn|[silent]\n|-damage|p1a: Serperior|94\/100 brn|[from] brn\n|-sideend|p2: Xanvoir|move: Light Screen\n|upkeep\n|turn|24\n|\n|t:|1700935251\n|move|p1a: Serperior|Substitute|p1a: Serperior\n|-start|p1a: Serperior|Substitute\n|-damage|p1a: Serperior|69\/100 brn\n|cant|p2a: Mandibuzz|par\n|\n|-heal|p1a: Serperior|76\/100 brn|[from] item: Leftovers\n|-damage|p2a: Mandibuzz|18\/100 par|[from] Leech Seed|[of] p1a: Serperior\n|-heal|p1a: Serperior|90\/100 brn|[silent]\n|-damage|p1a: Serperior|84\/100 brn|[from] brn\n|upkeep\n|turn|25\n|c|\u2606Xanvoir|Omg\n|c|\u2606Xanvoir|I was paralyzed like 10 times\n|\n|t:|1700935282\n|move|p1a: Serperior|Glare|p2a: Mandibuzz\n|-fail|p2a: Mandibuzz|par\n|cant|p2a: Mandibuzz|par\n|\n|-heal|p1a: Serperior|90\/100 brn|[from] item: Leftovers\n|-damage|p2a: Mandibuzz|6\/100 par|[from] Leech Seed|[of] p1a: Serperior\n|-heal|p1a: Serperior|100\/100 brn|[silent]\n|-damage|p1a: Serperior|94\/100 brn|[from] brn\n|upkeep\n|turn|26\n|c|\u2606Xanvoir|BRO\n|c|\u2606Xanvoir|WTF\n|\n|t:|1700935294\n|move|p1a: Serperior|Leech Seed||[still]\n|-fail|p1a: Serperior\n|move|p2a: Mandibuzz|U-turn|p1a: Serperior\n|-resisted|p1a: Serperior\n|-activate|p1a: Serperior|move: Substitute|[damage]\n|\n|t:|1700935298\n|switch|p2a: Kingambit|Kingambit, M|88\/100|[from] U-turn\n|-activate|p2a: Kingambit|ability: Supreme Overlord\n|-start|p2a: Kingambit|fallen4|[silent]\n|\n|-heal|p1a: Serperior|100\/100 brn|[from] item: Leftovers\n|-damage|p1a: Serperior|94\/100 brn|[from] brn\n|upkeep\n|turn|27\n|\n|t:|1700935309\n|move|p1a: Serperior|Glare|p2a: Kingambit\n|-status|p2a: Kingambit|par\n|cant|p2a: Kingambit|par\n|\n|-heal|p1a: Serperior|100\/100 brn|[from] item: Leftovers\n|-damage|p1a: Serperior|94\/100 brn|[from] brn\n|upkeep\n|turn|28\n|c|\u2606Xanvoir|I swear to god\n|\n|t:|1700935319\n|move|p1a: Serperior|Leech Seed|p2a: Kingambit\n|-start|p2a: Kingambit|move: Leech Seed\n|move|p2a: Kingambit|Kowtow Cleave|p1a: Serperior\n|-end|p1a: Serperior|Substitute\n|\n|-heal|p1a: Serperior|100\/100 brn|[from] item: Leftovers\n|-damage|p2a: Kingambit|76\/100 par|[from] Leech Seed|[of] p1a: Serperior\n|-damage|p1a: Serperior|94\/100 brn|[from] brn\n|upkeep\n|turn|29\n|c|\u2606MrTRB|So i ran out of leaf storms\n|\n|t:|1700935336\n|-terastallize|p2a: Kingambit|Dark\n|move|p1a: Serperior|Substitute|p1a: Serperior\n|-start|p1a: Serperior|Substitute\n|-damage|p1a: Serperior|69\/100 brn\n|move|p2a: Kingambit|Kowtow Cleave|p1a: Serperior\n|-end|p1a: Serperior|Substitute\n|\n|-heal|p1a: Serperior|76\/100 brn|[from] item: Leftovers\n|-damage|p2a: Kingambit|63\/100 par|[from] Leech Seed|[of] p1a: Serperior\n|-heal|p1a: Serperior|89\/100 brn|[silent]\n|-damage|p1a: Serperior|83\/100 brn|[from] brn\n|upkeep\n|turn|30\n|\n|t:|1700935350\n|-end|p2a: Kingambit|fallen4|[silent]\n|switch|p2a: Mandibuzz|Mandibuzz, F|6\/100 par\n|move|p1a: Serperior|Substitute|p1a: Serperior\n|-start|p1a: Serperior|Substitute\n|-damage|p1a: Serperior|58\/100 brn\n|\n|-heal|p1a: Serperior|65\/100 brn|[from] item: Leftovers\n|-damage|p1a: Serperior|58\/100 brn|[from] brn\n|upkeep\n|turn|31\n|c|\u2606Xanvoir|Such bullshit man\n|\n|t:|1700935360\n|move|p1a: Serperior|Leech Seed|p2a: Mandibuzz|[miss]\n|-miss|p1a: Serperior|p2a: Mandibuzz\n|move|p2a: Mandibuzz|U-turn|p1a: Serperior\n|-resisted|p1a: Serperior\n|-crit|p1a: Serperior\n|-activate|p1a: Serperior|move: Substitute|[damage]\n|\n|t:|1700935364\n|switch|p2a: Kingambit|Kingambit, M, tera:Dark|63\/100 par|[from] U-turn\n|-activate|p2a: Kingambit|ability: Supreme Overlord\n|-start|p2a: Kingambit|fallen4|[silent]\n|\n|-heal|p1a: Serperior|65\/100 brn|[from] item: Leftovers\n|-damage|p1a: Serperior|58\/100 brn|[from] brn\n|upkeep\n|turn|32\n|\n|t:|1700935376\n|move|p1a: Serperior|Leech Seed|p2a: Kingambit\n|-start|p2a: Kingambit|move: Leech Seed\n|move|p2a: Kingambit|Kowtow Cleave|p1a: Serperior\n|-end|p1a: Serperior|Substitute\n|\n|-heal|p1a: Serperior|65\/100 brn|[from] item: Leftovers\n|-damage|p2a: Kingambit|51\/100 par|[from] Leech Seed|[of] p1a: Serperior\n|-heal|p1a: Serperior|78\/100 brn|[silent]\n|-damage|p1a: Serperior|72\/100 brn|[from] brn\n|upkeep\n|turn|33\n|\n|t:|1700935388\n|move|p1a: Serperior|Substitute|p1a: Serperior\n|-start|p1a: Serperior|Substitute\n|-damage|p1a: Serperior|47\/100 brn\n|move|p2a: Kingambit|Kowtow Cleave|p1a: Serperior\n|-end|p1a: Serperior|Substitute\n|\n|-heal|p1a: Serperior|54\/100 brn|[from] item: Leftovers\n|-damage|p2a: Kingambit|38\/100 par|[from] Leech Seed|[of] p1a: Serperior\n|-heal|p1a: Serperior|67\/100 brn|[silent]\n|-damage|p1a: Serperior|61\/100 brn|[from] brn\n|upkeep\n|turn|34\n|c|\u2606Xanvoir|Yeah man okay Im done\n|c|\u2606Xanvoir|I forfeit\n|-message|Xanvoir forfeited.\n|\n|win|MrTRB\n|c|\u2606Xanvoir|Good job\n|c|\u2606Xanvoir|you won\n|c|\u2606MrTRB|Yippee\n","uploadtime":1700935410,"views":9,"p1id":"mrtrb","p2id":"xanvoir","formatid":"gen9nationaldexubers","rating":0,"private":0,"password":""}