{"id":"gen9nationaldexubers-2000428124","p1":"King\/corvin","p2":"videorelaxant777","format":"[Gen 9] National Dex Ubers","log":"|j|\u203dKing\/corvin\n|j|\u2606videorelaxant777\n|t:|1701193960\n|gametype|singles\n|player|p1|King\/corvin|silver|1198\n|player|p2|videorelaxant777|acerola|1337\n|teamsize|p1|6\n|teamsize|p2|6\n|gen|9\n|tier|[Gen 9] National Dex Ubers\n|rated|\n|rule|HP Percentage Mod: HP is shown in percentages\n|rule|Endless Battle Clause: Forcing endless battles is banned\n|rule|OHKO Clause: OHKO moves are banned\n|rule|Evasion Moves Clause: Evasion moves are banned\n|rule|Evasion Items Clause: Evasion items are banned\n|rule|Species Clause: Limit one of each Pok\u00e9mon\n|rule|Sleep Clause Mod: Limit one foe put to sleep\n|rule|Mega Rayquaza Clause: You cannot mega evolve Rayquaza\n|clearpoke\n|poke|p1|Gallade, M|\n|poke|p1|Bisharp, M|\n|poke|p1|Sandy Shocks|\n|poke|p1|Walking Wake|\n|poke|p1|Kleavor, M|\n|poke|p1|Mimikyu, M|\n|poke|p2|Smeargle, F|\n|poke|p2|Grimmsnarl, M|\n|poke|p2|Arceus|\n|poke|p2|Marshadow|\n|poke|p2|Landorus-Therian, M|\n|poke|p2|Serperior, F|\n|teampreview\n|c|\u2606videorelaxant777|glhf\n|inactive|Battle timer is ON: inactive players will automatically lose when time's up. (requested by King\/corvin)\n|\n|t:|1701193981\n|start\n|switch|p1a: Sandy Shocks|Sandy Shocks|100\/100\n|switch|p2a: Sploosh N' Woosh|Smeargle, F|100\/100\n|-enditem|p1a: Sandy Shocks|Booster Energy\n|-activate|p1a: Sandy Shocks|ability: Protosynthesis|[fromitem]\n|-start|p1a: Sandy Shocks|protosynthesisspe\n|turn|1\n|\n|t:|1701193992\n|move|p1a: Sandy Shocks|Earth Power|p2a: Sploosh N' Woosh\n|-damage|p2a: Sploosh N' Woosh|15\/100\n|move|p2a: Sploosh N' Woosh|Spore|p1a: Sandy Shocks\n|-status|p1a: Sandy Shocks|slp|[from] move: Spore\n|\n|-ability|p2a: Sploosh N' Woosh|Moody|boost\n|-boost|p2a: Sploosh N' Woosh|spe|2\n|-unboost|p2a: Sploosh N' Woosh|atk|1\n|upkeep\n|turn|2\n|\n|t:|1701193998\n|move|p2a: Sploosh N' Woosh|Sticky Web|p1a: Sandy Shocks\n|-sidestart|p1: King\/corvin|move: Sticky Web\n|cant|p1a: Sandy Shocks|slp\n|\n|-ability|p2a: Sploosh N' Woosh|Moody|boost\n|-boost|p2a: Sploosh N' Woosh|def|2\n|-unboost|p2a: Sploosh N' Woosh|spd|1\n|upkeep\n|turn|3\n|\n|t:|1701194004\n|switch|p2a: Ben Shapiro|Grimmsnarl, M|100\/100\n|cant|p1a: Sandy Shocks|slp\n|\n|upkeep\n|turn|4\n|\n|t:|1701194010\n|move|p2a: Ben Shapiro|Light Screen|p2a: Ben Shapiro\n|-sidestart|p2: videorelaxant777|move: Light Screen\n|cant|p1a: Sandy Shocks|slp\n|\n|upkeep\n|turn|5\n|\n|t:|1701194015\n|move|p2a: Ben Shapiro|Reflect|p2a: Ben Shapiro\n|-sidestart|p2: videorelaxant777|Reflect\n|-curestatus|p1a: Sandy Shocks|slp|[msg]\n|move|p1a: Sandy Shocks|Thunder Wave|p2a: Ben Shapiro\n|-status|p2a: Ben Shapiro|par\n|\n|upkeep\n|turn|6\n|\n|t:|1701194021\n|cant|p2a: Ben Shapiro|par\n|move|p1a: Sandy Shocks|Earth Power|p2a: Ben Shapiro\n|-damage|p2a: Ben Shapiro|85\/100 par\n|\n|upkeep\n|turn|7\n|\n|t:|1701194031\n|move|p2a: Ben Shapiro|Parting Shot|p1a: Sandy Shocks\n|-unboost|p1a: Sandy Shocks|atk|1\n|-unboost|p1a: Sandy Shocks|spa|1\n|\n|t:|1701194035\n|switch|p2a: Joan Of Arc|Serperior, F, shiny|100\/100|[from] Parting Shot\n|move|p1a: Sandy Shocks|Thunderbolt|p2a: Joan Of Arc\n|-resisted|p2a: Joan Of Arc\n|-damage|p2a: Joan Of Arc|94\/100\n|\n|-heal|p2a: Joan Of Arc|99\/100|[from] item: Leftovers\n|upkeep\n|turn|8\n|\n|t:|1701194044\n|move|p1a: Sandy Shocks|Thunder Wave|p2a: Joan Of Arc\n|-status|p2a: Joan Of Arc|par\n|move|p2a: Joan Of Arc|Leaf Storm|p1a: Sandy Shocks\n|-supereffective|p1a: Sandy Shocks\n|-damage|p1a: Sandy Shocks|10\/100\n|-boost|p2a: Joan Of Arc|spa|2\n|\n|-heal|p2a: Joan Of Arc|100\/100 par|[from] item: Leftovers\n|upkeep\n|turn|9\n|\n|t:|1701194055\n|move|p1a: Sandy Shocks|Earth Power|p2a: Joan Of Arc\n|-resisted|p2a: Joan Of Arc\n|-damage|p2a: Joan Of Arc|93\/100 par\n|cant|p2a: Joan Of Arc|par\n|\n|-heal|p2a: Joan Of Arc|99\/100 par|[from] item: Leftovers\n|upkeep\n|turn|10\n|\n|t:|1701194062\n|move|p1a: Sandy Shocks|Earth Power|p2a: Joan Of Arc\n|-resisted|p2a: Joan Of Arc\n|-damage|p2a: Joan Of Arc|92\/100 par\n|move|p2a: Joan Of Arc|Substitute|p2a: Joan Of Arc\n|-start|p2a: Joan Of Arc|Substitute\n|-damage|p2a: Joan Of Arc|67\/100 par\n|\n|-heal|p2a: Joan Of Arc|73\/100 par|[from] item: Leftovers\n|upkeep\n|turn|11\n|\n|t:|1701194069\n|move|p1a: Sandy Shocks|Earth Power|p2a: Joan Of Arc\n|-resisted|p2a: Joan Of Arc\n|-activate|p2a: Joan Of Arc|move: Substitute|[damage]\n|move|p2a: Joan Of Arc|Hidden Power|p1a: Sandy Shocks\n|-resisted|p1a: Sandy Shocks\n|-damage|p1a: Sandy Shocks|0 fnt\n|faint|p1a: Sandy Shocks\n|-end|p1a: Sandy Shocks|Protosynthesis|[silent]\n|\n|-heal|p2a: Joan Of Arc|79\/100 par|[from] item: Leftovers\n|-sideend|p2: videorelaxant777|move: Light Screen\n|upkeep\n|\n|t:|1701194086\n|switch|p1a: Mimikyu|Mimikyu, M, shiny|100\/100\n|-activate|p1a: Mimikyu|move: Sticky Web\n|-unboost|p1a: Mimikyu|spe|1\n|turn|12\n|\n|t:|1701194089\n|move|p1a: Mimikyu|Shadow Sneak|p2a: Joan Of Arc\n|-activate|p2a: Joan Of Arc|move: Substitute|[damage]\n|move|p2a: Joan Of Arc|Leech Seed|p1a: Mimikyu\n|-start|p1a: Mimikyu|move: Leech Seed\n|\n|-heal|p2a: Joan Of Arc|86\/100 par|[from] item: Leftovers\n|-damage|p1a: Mimikyu|88\/100|[from] Leech Seed|[of] p2a: Joan Of Arc\n|-heal|p2a: Joan Of Arc|94\/100 par|[silent]\n|-sideend|p2: videorelaxant777|Reflect\n|upkeep\n|turn|13\n|\n|t:|1701194096\n|move|p1a: Mimikyu|Shadow Sneak|p2a: Joan Of Arc\n|-end|p2a: Joan Of Arc|Substitute\n|cant|p2a: Joan Of Arc|par\n|\n|-heal|p2a: Joan Of Arc|100\/100 par|[from] item: Leftovers\n|-damage|p1a: Mimikyu|76\/100|[from] Leech Seed|[of] p2a: Joan Of Arc\n|upkeep\n|turn|14\n|\n|t:|1701194100\n|cant|p2a: Joan Of Arc|par\n|move|p1a: Mimikyu|Play Rough|p2a: Joan Of Arc\n|-damage|p2a: Joan Of Arc|65\/100 par\n|-boost|p2a: Joan Of Arc|atk|1\n|\n|-heal|p2a: Joan Of Arc|72\/100 par|[from] item: Leftovers\n|-damage|p1a: Mimikyu|63\/100|[from] Leech Seed|[of] p2a: Joan Of Arc\n|-heal|p2a: Joan Of Arc|80\/100 par|[silent]\n|upkeep\n|turn|15\n|\n|t:|1701194110\n|move|p2a: Joan Of Arc|Substitute|p2a: Joan Of Arc\n|-start|p2a: Joan Of Arc|Substitute\n|-damage|p2a: Joan Of Arc|56\/100 par\n|move|p1a: Mimikyu|Play Rough|p2a: Joan Of Arc\n|-end|p2a: Joan Of Arc|Substitute\n|\n|-heal|p2a: Joan Of Arc|62\/100 par|[from] item: Leftovers\n|-damage|p1a: Mimikyu|51\/100|[from] Leech Seed|[of] p2a: Joan Of Arc\n|-heal|p2a: Joan Of Arc|71\/100 par|[silent]\n|upkeep\n|turn|16\n|\n|t:|1701194119\n|move|p2a: Joan Of Arc|Substitute|p2a: Joan Of Arc\n|-start|p2a: Joan Of Arc|Substitute\n|-damage|p2a: Joan Of Arc|46\/100 par\n|move|p1a: Mimikyu|Play Rough|p2a: Joan Of Arc\n|-end|p2a: Joan Of Arc|Substitute\n|\n|-heal|p2a: Joan Of Arc|52\/100 par|[from] item: Leftovers\n|-damage|p1a: Mimikyu|39\/100|[from] Leech Seed|[of] p2a: Joan Of Arc\n|-heal|p2a: Joan Of Arc|61\/100 par|[silent]\n|upkeep\n|turn|17\n|\n|t:|1701194129\n|-terastallize|p2a: Joan Of Arc|Steel\n|move|p1a: Mimikyu|Shadow Sneak|p2a: Joan Of Arc\n|-damage|p2a: Joan Of Arc|45\/100 par\n|move|p2a: Joan Of Arc|Substitute|p2a: Joan Of Arc\n|-start|p2a: Joan Of Arc|Substitute\n|-damage|p2a: Joan Of Arc|20\/100 par\n|\n|-heal|p2a: Joan Of Arc|26\/100 par|[from] item: Leftovers\n|-damage|p1a: Mimikyu|26\/100|[from] Leech Seed|[of] p2a: Joan Of Arc\n|-heal|p2a: Joan Of Arc|35\/100 par|[silent]\n|upkeep\n|turn|18\n|\n|t:|1701194140\n|cant|p2a: Joan Of Arc|par\n|move|p1a: Mimikyu|Shadow Claw|p2a: Joan Of Arc\n|-end|p2a: Joan Of Arc|Substitute\n|\n|-heal|p2a: Joan Of Arc|41\/100 par|[from] item: Leftovers\n|-damage|p1a: Mimikyu|14\/100|[from] Leech Seed|[of] p2a: Joan Of Arc\n|-heal|p2a: Joan Of Arc|50\/100 par|[silent]\n|upkeep\n|turn|19\n|\n|t:|1701194149\n|move|p1a: Mimikyu|Shadow Sneak|p2a: Joan Of Arc\n|-damage|p2a: Joan Of Arc|34\/100 par\n|move|p2a: Joan Of Arc|Leaf Storm|p1a: Mimikyu\n|-activate|p1a: Mimikyu|ability: Disguise\n|-damage|p1a: Mimikyu|14\/100\n|-boost|p2a: Joan Of Arc|spa|2\n|detailschange|p1a: Mimikyu|Mimikyu-Busted, M, shiny\n|-damage|p1a: Mimikyu|2\/100|[from] pokemon: Mimikyu-Busted\n|\n|-heal|p2a: Joan Of Arc|40\/100 par|[from] item: Leftovers\n|-damage|p1a: Mimikyu|0 fnt|[from] Leech Seed|[of] p2a: Joan Of Arc\n|-heal|p2a: Joan Of Arc|41\/100 par|[silent]\n|faint|p1a: Mimikyu\n|upkeep\n|\n|t:|1701194163\n|switch|p1a: Walking Wake|Walking Wake|100\/100\n|-activate|p1a: Walking Wake|move: Sticky Web\n|-unboost|p1a: Walking Wake|spe|1\n|-enditem|p1a: Walking Wake|Booster Energy\n|-activate|p1a: Walking Wake|ability: Protosynthesis|[fromitem]\n|-start|p1a: Walking Wake|protosynthesisspa\n|turn|20\n|\n|t:|1701194170\n|move|p1a: Walking Wake|Flamethrower|p2a: Joan Of Arc\n|-supereffective|p2a: Joan Of Arc\n|-damage|p2a: Joan Of Arc|0 fnt\n|faint|p2a: Joan Of Arc\n|\n|upkeep\n|\n|t:|1701194176\n|switch|p2a: All New Ford F150|Arceus|100\/100\n|turn|21\n|\n|t:|1701194182\n|move|p2a: All New Ford F150|Swords Dance|p2a: All New Ford F150\n|-boost|p2a: All New Ford F150|atk|2\n|move|p1a: Walking Wake|Dragon Pulse|p2a: All New Ford F150\n|-damage|p2a: All New Ford F150|64\/100\n|\n|upkeep\n|turn|22\n|\n|t:|1701194188\n|move|p2a: All New Ford F150|Swords Dance|p2a: All New Ford F150\n|-boost|p2a: All New Ford F150|atk|2\n|move|p1a: Walking Wake|Agility|p1a: Walking Wake\n|-boost|p1a: Walking Wake|spe|2\n|\n|upkeep\n|turn|23\n|c|\u2606videorelaxant777|nice agillity\n|c|\u2606videorelaxant777|too bad youre fighting arceus normal\n|\n|t:|1701194211\n|move|p2a: All New Ford F150|Extreme Speed|p1a: Walking Wake\n|-damage|p1a: Walking Wake|0 fnt\n|faint|p1a: Walking Wake\n|-end|p1a: Walking Wake|Protosynthesis|[silent]\n|\n|upkeep\n|\n|t:|1701194219\n|switch|p1a: Kleavor|Kleavor, M, shiny|100\/100\n|-activate|p1a: Kleavor|move: Sticky Web\n|-unboost|p1a: Kleavor|spe|1\n|turn|24\n|\n|t:|1701194223\n|move|p2a: All New Ford F150|Extreme Speed|p1a: Kleavor\n|-resisted|p1a: Kleavor\n|-damage|p1a: Kleavor|38\/100\n|move|p1a: Kleavor|Defog|p2a: All New Ford F150\n|-unboost|p2a: All New Ford F150|evasion|1\n|-sideend|p1: King\/corvin|Sticky Web|[from] move: Defog|[of] p1a: Kleavor\n|\n|-heal|p1a: Kleavor|44\/100|[from] item: Leftovers\n|upkeep\n|turn|25\n|\n|t:|1701194229\n|move|p2a: All New Ford F150|Extreme Speed|p1a: Kleavor\n|-resisted|p1a: Kleavor\n|-damage|p1a: Kleavor|0 fnt\n|faint|p1a: Kleavor\n|\n|upkeep\n|\n|t:|1701194237\n|switch|p1a: Gallade|Gallade, M, shiny|100\/100\n|turn|26\n|\n|t:|1701194240\n|detailschange|p1a: Gallade|Gallade-Mega, M, shiny\n|-mega|p1a: Gallade|Gallade|Galladite\n|move|p2a: All New Ford F150|Extreme Speed|p1a: Gallade\n|-damage|p1a: Gallade|0 fnt\n|faint|p1a: Gallade\n|\n|upkeep\n|\n|t:|1701194244\n|switch|p1a: Bisharp|Bisharp, M|100\/100\n|turn|27\n|\n|t:|1701194250\n|-terastallize|p1a: Bisharp|Ghost\n|move|p2a: All New Ford F150|Flare Blitz|p1a: Bisharp\n|-damage|p1a: Bisharp|10\/100\n|-damage|p2a: All New Ford F150|46\/100|[from] Recoil\n|move|p1a: Bisharp|Iron Head|p2a: All New Ford F150\n|-damage|p2a: All New Ford F150|16\/100\n|\n|upkeep\n|turn|28\n|\n|t:|1701194258\n|move|p1a: Bisharp|Sucker Punch|p2a: All New Ford F150\n|-damage|p2a: All New Ford F150|0 fnt\n|faint|p2a: All New Ford F150\n|\n|upkeep\n|\n|t:|1701194262\n|switch|p2a: Pumped Up Kicks|Marshadow|100\/100\n|turn|29\n|inactive|King\/corvin has 120 seconds left.\n|c|\u2606videorelaxant777|bro is FUMING\n|-message|King\/corvin forfeited.\n|\n|win|videorelaxant777\n|raw|King&#x2f;corvin's rating: 1198 &rarr; <strong>1183<\/strong><br \/>(-15 for losing)\n|raw|videorelaxant777's rating: 1337 &rarr; <strong>1349<\/strong><br \/>(+12 for winning)\n|l|\u203dKing\/corvin\n","uploadtime":1701194328,"views":0,"p1id":"kingcorvin","p2id":"videorelaxant777","formatid":"gen9nationaldexubers","rating":1183,"private":0,"password":""}