{"id":"gen9nationaldexubers-1999707918","p1":"hightopfade69","p2":"andrew_maiden","format":"[Gen 9] National Dex Ubers","log":"|j|\u203dhightopfade69\n|j|\u2606andrew_maiden\n|t:|1701109660\n|gametype|singles\n|player|p1|hightopfade69|1|1283\n|player|p2|andrew_maiden|ash|1192\n|teamsize|p1|6\n|teamsize|p2|6\n|gen|9\n|tier|[Gen 9] National Dex Ubers\n|rated|\n|rule|HP Percentage Mod: HP is shown in percentages\n|rule|Endless Battle Clause: Forcing endless battles is banned\n|rule|OHKO Clause: OHKO moves are banned\n|rule|Evasion Moves Clause: Evasion moves are banned\n|rule|Evasion Items Clause: Evasion items are banned\n|rule|Species Clause: Limit one of each Pok\u00e9mon\n|rule|Sleep Clause Mod: Limit one foe put to sleep\n|rule|Mega Rayquaza Clause: You cannot mega evolve Rayquaza\n|clearpoke\n|poke|p1|Palafin, F|\n|poke|p1|Mewtwo|\n|poke|p1|Annihilape, F|\n|poke|p1|Gholdengo|\n|poke|p1|Ninetales-Alola, F|\n|poke|p1|Kyurem-Black|\n|poke|p2|Dracovish|\n|poke|p2|Gengar, F|\n|poke|p2|Lucario, M|\n|poke|p2|Dragonite, F|\n|poke|p2|Sirfetch\u2019d, F|\n|poke|p2|Pikachu, M|\n|teampreview\n|inactive|Battle timer is ON: inactive players will automatically lose when time's up. (requested by andrew_maiden)\n|\n|t:|1701109668\n|start\n|switch|p1a: Ninetales|Ninetales-Alola, F|100\/100\n|switch|p2a: Pikachu|Pikachu, M|100\/100\n|-weather|Snow|[from] ability: Snow Warning|[of] p1a: Ninetales\n|turn|1\n|\n|t:|1701109674\n|move|p2a: Pikachu|Fake Out|p1a: Ninetales\n|-damage|p1a: Ninetales|92\/100\n|cant|p1a: Ninetales|flinch\n|\n|-weather|Snow|[upkeep]\n|upkeep\n|turn|2\n|\n|t:|1701109678\n|move|p1a: Ninetales|Aurora Veil|p1a: Ninetales\n|-sidestart|p1: hightopfade69|move: Aurora Veil\n|move|p2a: Pikachu|Nuzzle|p1a: Ninetales\n|-damage|p1a: Ninetales|89\/100\n|-status|p1a: Ninetales|par\n|\n|-weather|Snow|[upkeep]\n|upkeep\n|turn|3\n|\n|t:|1701109685\n|move|p2a: Pikachu|Encore|p1a: Ninetales\n|-start|p1a: Ninetales|Encore\n|move|p1a: Ninetales|Aurora Veil||[still]\n|-fail|p1a: Ninetales\n|\n|-weather|Snow|[upkeep]\n|upkeep\n|turn|4\n|\n|t:|1701109693\n|switch|p2a: Lucario|Lucario, M|100\/100\n|switch|p1a: Gholdengo|Gholdengo|100\/100\n|\n|-weather|Snow|[upkeep]\n|upkeep\n|turn|5\n|\n|t:|1701109699\n|switch|p2a: Pikachu|Pikachu, M|100\/100\n|move|p1a: Gholdengo|Thunder Wave|p2a: Pikachu\n|-immune|p2a: Pikachu\n|\n|-weather|none\n|upkeep\n|turn|6\n|\n|t:|1701109714\n|move|p2a: Pikachu|Nuzzle|p1a: Gholdengo\n|-damage|p1a: Gholdengo|97\/100\n|-status|p1a: Gholdengo|par\n|move|p1a: Gholdengo|Nasty Plot|p1a: Gholdengo\n|-boost|p1a: Gholdengo|spa|2\n|\n|-heal|p1a: Gholdengo|100\/100 par|[from] item: Leftovers\n|upkeep\n|turn|7\n|\n|t:|1701109720\n|move|p2a: Pikachu|Encore|p1a: Gholdengo\n|-immune|p1a: Gholdengo|[from] ability: Good as Gold\n|move|p1a: Gholdengo|Nasty Plot|p1a: Gholdengo\n|-boost|p1a: Gholdengo|spa|2\n|\n|upkeep\n|turn|8\n|\n|t:|1701109726\n|move|p2a: Pikachu|Volt Tackle|p1a: Gholdengo\n|-damage|p1a: Gholdengo|84\/100 par\n|-damage|p2a: Pikachu|91\/100|[from] Recoil\n|move|p1a: Gholdengo|Hex|p2a: Pikachu\n|-damage|p2a: Pikachu|0 fnt\n|faint|p2a: Pikachu\n|\n|-heal|p1a: Gholdengo|90\/100 par|[from] item: Leftovers\n|upkeep\n|\n|t:|1701109737\n|switch|p2a: Gengar|Gengar, F|100\/100\n|turn|9\n|\n|t:|1701109741\n|move|p2a: Gengar|Shadow Ball|p1a: Gholdengo\n|-supereffective|p1a: Gholdengo\n|-damage|p1a: Gholdengo|49\/100 par\n|move|p1a: Gholdengo|Thunder Wave|p2a: Gengar\n|-status|p2a: Gengar|par\n|\n|-heal|p1a: Gholdengo|55\/100 par|[from] item: Leftovers\n|-sideend|p1: hightopfade69|move: Aurora Veil\n|upkeep\n|turn|10\n|\n|t:|1701109753\n|switch|p1a: Ninetales|Ninetales-Alola, F|89\/100 par\n|-weather|Snow|[from] ability: Snow Warning|[of] p1a: Ninetales\n|move|p2a: Gengar|Shadow Ball|p1a: Ninetales\n|-damage|p1a: Ninetales|36\/100 par\n|\n|-weather|Snow|[upkeep]\n|upkeep\n|turn|11\n|\n|t:|1701109762\n|move|p2a: Gengar|Sludge Bomb|p1a: Ninetales\n|-supereffective|p1a: Ninetales\n|-damage|p1a: Ninetales|0 fnt\n|faint|p1a: Ninetales\n|\n|-weather|Snow|[upkeep]\n|upkeep\n|\n|t:|1701109772\n|switch|p1a: Annihilape|Annihilape, F|100\/100\n|turn|12\n|\n|t:|1701109778\n|switch|p1a: Palafin|Palafin, F|100\/100\n|move|p2a: Gengar|Will-O-Wisp|p1a: Palafin\n|-status|p1a: Palafin|brn\n|\n|-weather|Snow|[upkeep]\n|-damage|p1a: Palafin|94\/100 brn|[from] brn\n|upkeep\n|turn|13\n|\n|t:|1701109792\n|switch|p2a: Sirfetch\u2019d|Sirfetch\u2019d, F, shiny|100\/100\n|move|p1a: Palafin|Bulk Up|p1a: Palafin\n|-boost|p1a: Palafin|atk|1\n|-boost|p1a: Palafin|def|1\n|\n|-weather|Snow|[upkeep]\n|-damage|p1a: Palafin|88\/100 brn|[from] brn\n|upkeep\n|turn|14\n|\n|t:|1701109797\n|move|p1a: Palafin|Bulk Up|p1a: Palafin\n|-boost|p1a: Palafin|atk|1\n|-boost|p1a: Palafin|def|1\n|move|p2a: Sirfetch\u2019d|Poison Jab|p1a: Palafin\n|-crit|p1a: Palafin\n|-damage|p1a: Palafin|39\/100 brn\n|-enditem|p1a: Palafin|Eject Button\n|\n|t:|1701109810\n|detailschange|p1a: Palafin|Palafin-Hero, F\n|switch|p1a: Mewtwo|Mewtwo|100\/100\n|-ability|p1a: Mewtwo|Pressure\n|\n|-weather|none\n|upkeep\n|turn|15\n|\n|t:|1701109823\n|switch|p2a: Dracovish|Dracovish|100\/100\n|detailschange|p1a: Mewtwo|Mewtwo-Mega-Y\n|-mega|p1a: Mewtwo|Mewtwo|Mewtwonite Y\n|move|p1a: Mewtwo|Future Sight|p2a: Dracovish\n|-start|p1a: Mewtwo|move: Future Sight\n|\n|upkeep\n|turn|16\n|\n|t:|1701109833\n|switch|p1a: Palafin|Palafin-Hero, F|39\/100 brn\n|-activate|p1a: Palafin|ability: Zero to Hero\n|move|p2a: Dracovish|Crunch|p1a: Palafin\n|-damage|p1a: Palafin|13\/100 brn\n|\n|-damage|p1a: Palafin|6\/100 brn|[from] brn\n|upkeep\n|turn|17\n|\n|t:|1701109845\n|move|p2a: Dracovish|Crunch|p1a: Palafin\n|-damage|p1a: Palafin|0 fnt\n|faint|p1a: Palafin\n|\n|-end|p2a: Dracovish|move: Future Sight\n|-damage|p2a: Dracovish|0 fnt\n|faint|p2a: Dracovish\n|upkeep\n|\n|t:|1701109861\n|switch|p2a: Gengar|Gengar, F|100\/100 par\n|switch|p1a: Mewtwo|Mewtwo-Mega-Y|100\/100\n|turn|18\n|\n|t:|1701109866\n|move|p1a: Mewtwo|Earth Power|p2a: Gengar\n|-supereffective|p2a: Gengar\n|-enditem|p2a: Gengar|Focus Sash\n|-damage|p2a: Gengar|1\/100 par\n|cant|p2a: Gengar|par\n|\n|upkeep\n|turn|19\n|\n|t:|1701109873\n|move|p1a: Mewtwo|Earth Power|p2a: Gengar\n|-supereffective|p2a: Gengar\n|-damage|p2a: Gengar|0 fnt\n|-start|p1a: Mewtwo|Disable|Earth Power|[from] ability: Cursed Body|[of] p2a: Gengar\n|faint|p2a: Gengar\n|\n|upkeep\n|\n|t:|1701109879\n|switch|p2a: Dragonite|Dragonite, F|100\/100\n|turn|20\n|\n|t:|1701109883\n|move|p1a: Mewtwo|Future Sight|p2a: Dragonite\n|-start|p1a: Mewtwo|move: Future Sight\n|move|p2a: Dragonite|Dragon Dance|p2a: Dragonite\n|-boost|p2a: Dragonite|atk|1\n|-boost|p2a: Dragonite|spe|1\n|\n|upkeep\n|turn|21\n|\n|t:|1701109891\n|switch|p1a: Annihilape|Annihilape, F|100\/100\n|move|p2a: Dragonite|Outrage|p1a: Annihilape\n|-damage|p1a: Annihilape|27\/100\n|\n|upkeep\n|turn|22\n|\n|t:|1701109900\n|move|p2a: Dragonite|Outrage|p1a: Annihilape|[from]lockedmove\n|-damage|p1a: Annihilape|0 fnt\n|faint|p1a: Annihilape\n|-start|p2a: Dragonite|confusion|[fatigue]\n|\n|-end|p2a: Dragonite|move: Future Sight\n|-crit|p2a: Dragonite\n|-damage|p2a: Dragonite|39\/100\n|upkeep\n|\n|t:|1701109910\n|switch|p1a: Mewtwo|Mewtwo-Mega-Y|100\/100\n|turn|23\n|\n|t:|1701109916\n|-terastallize|p2a: Dragonite|Normal\n|-activate|p2a: Dragonite|confusion\n|-damage|p2a: Dragonite|15\/100|[from] confusion\n|move|p1a: Mewtwo|Future Sight|p2a: Dragonite\n|-start|p1a: Mewtwo|move: Future Sight\n|\n|upkeep\n|turn|24\n|\n|t:|1701109926\n|switch|p1a: Gholdengo|Gholdengo|55\/100 par\n|-end|p2a: Dragonite|confusion\n|move|p2a: Dragonite|Extreme Speed|p1a: Gholdengo\n|-immune|p1a: Gholdengo\n|\n|-heal|p1a: Gholdengo|61\/100 par|[from] item: Leftovers\n|upkeep\n|turn|25\n|\n|t:|1701109936\n|move|p2a: Dragonite|Earthquake|p1a: Gholdengo\n|-supereffective|p1a: Gholdengo\n|-damage|p1a: Gholdengo|0 fnt\n|faint|p1a: Gholdengo\n|\n|-end|p2a: Dragonite|move: Future Sight\n|-damage|p2a: Dragonite|0 fnt\n|faint|p2a: Dragonite\n|upkeep\n|\n|t:|1701109944\n|switch|p2a: Lucario|Lucario, M|100\/100\n|switch|p1a: Mewtwo|Mewtwo-Mega-Y|100\/100\n|turn|26\n|\n|t:|1701109950\n|detailschange|p2a: Lucario|Lucario-Mega, M\n|-mega|p2a: Lucario|Lucario|Lucarionite\n|move|p1a: Mewtwo|Earth Power|p2a: Lucario\n|-supereffective|p2a: Lucario\n|-damage|p2a: Lucario|0 fnt\n|faint|p2a: Lucario\n|\n|upkeep\n|\n|t:|1701109956\n|switch|p2a: Sirfetch\u2019d|Sirfetch\u2019d, F, shiny|100\/100\n|turn|27\n|\n|t:|1701109960\n|switch|p1a: Kyurem|Kyurem-Black|100\/100\n|-ability|p1a: Kyurem|Teravolt\n|move|p2a: Sirfetch\u2019d|Meteor Assault|p1a: Kyurem\n|-supereffective|p1a: Kyurem\n|-crit|p1a: Kyurem\n|-damage|p1a: Kyurem|0 fnt\n|-mustrecharge|p2a: Sirfetch\u2019d\n|faint|p1a: Kyurem\n|\n|upkeep\n|\n|t:|1701109969\n|switch|p1a: Mewtwo|Mewtwo-Mega-Y|100\/100\n|turn|28\n|\n|t:|1701109973\n|move|p1a: Mewtwo|Future Sight|p2a: Sirfetch\u2019d\n|-start|p1a: Mewtwo|move: Future Sight\n|cant|p2a: Sirfetch\u2019d|recharge\n|\n|upkeep\n|turn|29\n|\n|t:|1701109976\n|move|p1a: Mewtwo|Earth Power|p2a: Sirfetch\u2019d\n|-damage|p2a: Sirfetch\u2019d|48\/100\n|move|p2a: Sirfetch\u2019d|Meteor Assault|p1a: Mewtwo\n|-resisted|p1a: Mewtwo\n|-damage|p1a: Mewtwo|41\/100\n|-mustrecharge|p2a: Sirfetch\u2019d\n|\n|upkeep\n|turn|30\n|\n|t:|1701109985\n|move|p1a: Mewtwo|Earth Power|p2a: Sirfetch\u2019d\n|-crit|p2a: Sirfetch\u2019d\n|-damage|p2a: Sirfetch\u2019d|0 fnt\n|faint|p2a: Sirfetch\u2019d\n|\n|win|hightopfade69\n|raw|hightopfade69's rating: 1283 &rarr; <strong>1302<\/strong><br \/>(+19 for winning)\n|raw|andrew_maiden's rating: 1192 &rarr; <strong>1173<\/strong><br \/>(-19 for losing)\n|l|\u2606andrew_maiden\n","uploadtime":1701109991,"views":1,"p1id":"hightopfade69","p2id":"andrewmaiden","formatid":"gen9nationaldexubers","rating":1173,"private":0,"password":""}