{"id":"gen9nationaldexubers-1991712232","p1":"stupiddogshit","p2":"Sstivii","format":"[Gen 9] National Dex Ubers","log":"|j|\u2606stupiddogshit\n|j|\u2606Sstivii\n|t:|1700105723\n|gametype|singles\n|player|p1|stupiddogshit|1|1180\n|player|p2|Sstivii|n|1125\n|teamsize|p1|6\n|teamsize|p2|6\n|gen|9\n|tier|[Gen 9] National Dex Ubers\n|rated|\n|rule|HP Percentage Mod: HP is shown in percentages\n|rule|Endless Battle Clause: Forcing endless battles is banned\n|rule|OHKO Clause: OHKO moves are banned\n|rule|Evasion Moves Clause: Evasion moves are banned\n|rule|Evasion Items Clause: Evasion items are banned\n|rule|Species Clause: Limit one of each Pok\u00e9mon\n|rule|Sleep Clause Mod: Limit one foe put to sleep\n|rule|Mega Rayquaza Clause: You cannot mega evolve Rayquaza\n|clearpoke\n|poke|p1|Groudon|\n|poke|p1|Zygarde-10%|\n|poke|p1|Xerneas-*|\n|poke|p1|Yveltal|\n|poke|p1|Marshadow|\n|poke|p1|Magearna|\n|poke|p2|Gastrodon, M|\n|poke|p2|Skeledirge, F|\n|poke|p2|Maushold-Four|\n|poke|p2|Reuniclus, F|\n|poke|p2|Appletun, M|\n|poke|p2|Mawile, F|\n|teampreview\n|inactive|Battle timer is ON: inactive players will automatically lose when time's up. (requested by Sstivii)\n|inactive|stupiddogshit also wants the timer to be on.\n|\n|t:|1700105743\n|start\n|switch|p1a: Xerneas|Xerneas, shiny|100\/100\n|switch|p2a: Mawile|Mawile, F|100\/100\n|-ability|p1a: Xerneas|Fairy Aura\n|-ability|p2a: Mawile|Intimidate|boost\n|-unboost|p1a: Xerneas|atk|1\n|turn|1\n|inactive|stupiddogshit has 120 seconds left.\n|\n|t:|1700105794\n|switch|p1a: Groudon|Groudon, shiny|100\/100\n|detailschange|p1a: Groudon|Groudon-Primal, shiny\n|-primal|p1a: Groudon|Red Orb\n|-weather|DesolateLand|[from] ability: Desolate Land|[of] p1a: Groudon\n|detailschange|p2a: Mawile|Mawile-Mega, F\n|-mega|p2a: Mawile|Mawile|Mawilite\n|move|p2a: Mawile|Play Rough|p1a: Groudon\n|-resisted|p1a: Groudon\n|-damage|p1a: Groudon|72\/100\n|-unboost|p1a: Groudon|atk|1\n|\n|-weather|DesolateLand|[upkeep]\n|upkeep\n|turn|2\n|inactive|stupiddogshit has 90 seconds left.\n|\n|t:|1700105830\n|switch|p2a: Gastrodon|Gastrodon, M|100\/100\n|move|p1a: Groudon|Rock Polish|p1a: Groudon\n|-boost|p1a: Groudon|spe|2\n|\n|-weather|DesolateLand|[upkeep]\n|upkeep\n|turn|3\n|inactive|Sstivii has 120 seconds left.\n|\n|t:|1700105865\n|move|p1a: Groudon|Stone Edge|p2a: Gastrodon|[miss]\n|-miss|p1a: Groudon|p2a: Gastrodon\n|move|p2a: Gastrodon|Earth Power|p1a: Groudon\n|-supereffective|p1a: Groudon\n|-damage|p1a: Groudon|4\/100\n|\n|-weather|DesolateLand|[upkeep]\n|upkeep\n|turn|4\n|\n|t:|1700105879\n|move|p1a: Groudon|Precipice Blades|p2a: Gastrodon\n|-damage|p2a: Gastrodon|57\/100\n|move|p2a: Gastrodon|Toxic|p1a: Groudon\n|-status|p1a: Groudon|tox\n|\n|-weather|DesolateLand|[upkeep]\n|-damage|p1a: Groudon|0 fnt|[from] psn\n|faint|p1a: Groudon\n|-weather|none\n|upkeep\n|\n|t:|1700105896\n|switch|p1a: Yveltal|Yveltal, shiny|100\/100\n|-ability|p1a: Yveltal|Dark Aura\n|turn|5\n|inactive|stupiddogshit has 60 seconds left.\n|\n|t:|1700105934\n|move|p1a: Yveltal|Dark Pulse|p2a: Gastrodon\n|-damage|p2a: Gastrodon|0 fnt\n|faint|p2a: Gastrodon\n|\n|upkeep\n|inactive|Sstivii has 90 seconds left.\n|\n|t:|1700105965\n|switch|p2a: Mawile|Mawile-Mega, F|100\/100\n|turn|6\n|\n|t:|1700105983\n|move|p1a: Yveltal|Dark Pulse|p2a: Mawile\n|-resisted|p2a: Mawile\n|-damage|p2a: Mawile|50\/100\n|cant|p2a: Mawile|flinch\n|\n|upkeep\n|turn|7\n|\n|t:|1700105994\n|move|p1a: Yveltal|Dark Pulse|p2a: Mawile\n|-resisted|p2a: Mawile\n|-damage|p2a: Mawile|0 fnt\n|faint|p2a: Mawile\n|\n|upkeep\n|\n|t:|1700105997\n|switch|p2a: Maushold|Maushold-Four|100\/100\n|turn|8\n|\n|t:|1700106024\n|move|p2a: Maushold|Population Bomb|p1a: Yveltal\n|-damage|p1a: Yveltal|90\/100\n|-damage|p1a: Yveltal|79\/100\n|-damage|p1a: Yveltal|67\/100\n|-damage|p1a: Yveltal|57\/100\n|-crit|p1a: Yveltal\n|-damage|p1a: Yveltal|40\/100\n|-damage|p1a: Yveltal|28\/100\n|-damage|p1a: Yveltal|18\/100\n|-damage|p1a: Yveltal|6\/100\n|-damage|p1a: Yveltal|0 fnt\n|faint|p1a: Yveltal\n|-hitcount|p1: Yveltal|9\n|\n|upkeep\n|inactive|stupiddogshit has 30 seconds left.\n|inactive|stupiddogshit has 20 seconds left.\n|inactive|stupiddogshit has 15 seconds left.\n|\n|t:|1700106050\n|switch|p1a: Magearna|Magearna|100\/100\n|turn|9\n|inactive|stupiddogshit has 25 seconds left this turn.\n|inactive|stupiddogshit has 20 seconds left.\n|inactive|Sstivii has 120 seconds left.\n|inactive|stupiddogshit has 15 seconds left.\n|inactive|stupiddogshit has 10 seconds left.\n|inactive|Sstivii has 90 seconds left.\n|\n|t:|1700106105\n|switch|p2a: Skeledirge|Skeledirge, F|100\/100\n|move|p1a: Magearna|Volt Switch|p2a: Skeledirge\n|-crit|p2a: Skeledirge\n|-damage|p2a: Skeledirge|79\/100\n|inactive|stupiddogshit has 15 seconds left this turn.\n|inactive|stupiddogshit has 10 seconds left.\n|\n|t:|1700106113\n|switch|p1a: Marshadow|Marshadow|100\/100|[from] Volt Switch\n|\n|upkeep\n|turn|10\n|inactive|stupiddogshit has 20 seconds left this turn.\n|inactive|stupiddogshit has 15 seconds left.\n|\n|t:|1700106122\n|switch|p2a: Appletun|Appletun, M|100\/100\n|move|p1a: Marshadow|Spectral Thief|p2a: Appletun\n|-damage|p2a: Appletun|70\/100\n|\n|upkeep\n|turn|11\n|inactive|stupiddogshit has 25 seconds left this turn.\n|inactive|stupiddogshit has 20 seconds left.\n|inactive|stupiddogshit has 15 seconds left.\n|\n|t:|1700106137\n|move|p1a: Marshadow|Ice Punch|p2a: Appletun\n|-supereffective|p2a: Appletun\n|-damage|p2a: Appletun|37\/100\n|move|p2a: Appletun|Leech Seed|p1a: Marshadow\n|-start|p1a: Marshadow|move: Leech Seed\n|\n|-damage|p1a: Marshadow|88\/100|[from] Leech Seed|[of] p2a: Appletun\n|-heal|p2a: Appletun|46\/100|[silent]\n|upkeep\n|turn|12\n|inactive|stupiddogshit has 25 seconds left this turn.\n|inactive|stupiddogshit has 20 seconds left.\n|inactive|Sstivii has 90 seconds left.\n|inactive|stupiddogshit has 15 seconds left.\n|\n|t:|1700106147\n|switch|p1a: Magearna|Magearna|100\/100\n|move|p2a: Appletun|Recover|p2a: Appletun\n|-heal|p2a: Appletun|96\/100\n|\n|upkeep\n|turn|13\n|inactive|stupiddogshit has 25 seconds left this turn.\n|inactive|stupiddogshit has 20 seconds left.\n|\n|t:|1700106155\n|move|p1a: Magearna|Fleur Cannon|p2a: Appletun\n|-supereffective|p2a: Appletun\n|-damage|p2a: Appletun|0 fnt\n|-unboost|p1a: Magearna|spa|2\n|faint|p2a: Appletun\n|-ability|p1a: Magearna|Soul-Heart|boost\n|-boost|p1a: Magearna|spa|1\n|\n|upkeep\n|inactive|stupiddogshit has 25 seconds left this turn.\n|\n|t:|1700106159\n|switch|p2a: Maushold|Maushold-Four|100\/100\n|turn|14\n|inactive|stupiddogshit has 30 seconds left.\n|\n|t:|1700106169\n|move|p2a: Maushold|Tidy Up|p2a: Maushold\n|-boost|p2a: Maushold|atk|1\n|-boost|p2a: Maushold|spe|1\n|move|p1a: Magearna|Hidden Power|p2a: Maushold\n|-damage|p2a: Maushold|84\/100\n|\n|upkeep\n|turn|15\n|inactive|stupiddogshit has 30 seconds left.\n|\n|t:|1700106179\n|move|p2a: Maushold|Tidy Up|p2a: Maushold\n|-boost|p2a: Maushold|atk|1\n|-boost|p2a: Maushold|spe|1\n|move|p1a: Magearna|Volt Switch|p2a: Maushold\n|-damage|p2a: Maushold|65\/100\n|inactive|stupiddogshit has 30 seconds left.\n|inactive|stupiddogshit has 20 seconds left.\n|\n|t:|1700106195\n|switch|p1a: Xerneas|Xerneas, shiny|100\/100|[from] Volt Switch\n|-ability|p1a: Xerneas|Fairy Aura\n|\n|upkeep\n|turn|16\n|inactive|stupiddogshit has 30 seconds left this turn.\n|\n|t:|1700106201\n|-terastallize|p1a: Xerneas|Steel\n|move|p2a: Maushold|Population Bomb|p1a: Xerneas\n|-resisted|p1a: Xerneas\n|-damage|p1a: Xerneas|90\/100\n|-resisted|p1a: Xerneas\n|-damage|p1a: Xerneas|80\/100\n|-resisted|p1a: Xerneas\n|-damage|p1a: Xerneas|70\/100\n|-resisted|p1a: Xerneas\n|-damage|p1a: Xerneas|60\/100\n|-resisted|p1a: Xerneas\n|-damage|p1a: Xerneas|50\/100\n|-resisted|p1a: Xerneas\n|-damage|p1a: Xerneas|40\/100\n|-resisted|p1a: Xerneas\n|-damage|p1a: Xerneas|31\/100\n|-resisted|p1a: Xerneas\n|-damage|p1a: Xerneas|22\/100\n|-resisted|p1a: Xerneas\n|-crit|p1a: Xerneas\n|-damage|p1a: Xerneas|6\/100\n|-resisted|p1a: Xerneas\n|-damage|p1a: Xerneas|0 fnt\n|faint|p1a: Xerneas\n|-hitcount|p1: Xerneas|10\n|\n|upkeep\n|inactive|stupiddogshit has 30 seconds left this turn.\n|inactive|stupiddogshit has 20 seconds left.\n|inactive|stupiddogshit has 15 seconds left.\n|inactive|stupiddogshit has 10 seconds left.\n|c|\u2606stupiddogshit|what the fuck is that move\n|\n|t:|1700106226\n|switch|p1a: Zygarde|Zygarde-10%, shiny|100\/100\n|turn|17\n|inactive|stupiddogshit has 20 seconds left this turn.\n|inactive|stupiddogshit has 15 seconds left.\n|\n|t:|1700106235\n|move|p2a: Maushold|Population Bomb|p1a: Zygarde\n|-damage|p1a: Zygarde|61\/100\n|-damage|p1a: Zygarde|20\/100\n|-damage|p1a: Zygarde|0 fnt\n|faint|p1a: Zygarde\n|-hitcount|p1: Zygarde|3\n|\n|upkeep\n|inactive|stupiddogshit has 20 seconds left this turn.\n|inactive|stupiddogshit has 15 seconds left.\n|inactive|stupiddogshit has 10 seconds left.\n|c|\u2606stupiddogshit|so fucking stupid\n|inactive|stupiddogshit has 5 seconds left.\n|\n|t:|1700106250\n|switch|p1a: Magearna|Magearna|100\/100\n|turn|18\n|inactive|stupiddogshit has 15 seconds left this turn.\n|inactive|stupiddogshit has 10 seconds left.\n|\n|t:|1700106257\n|move|p2a: Maushold|Population Bomb|p1a: Magearna\n|-resisted|p1a: Magearna\n|-damage|p1a: Magearna|92\/100\n|-resisted|p1a: Magearna\n|-damage|p1a: Magearna|83\/100\n|-resisted|p1a: Magearna\n|-damage|p1a: Magearna|75\/100\n|-resisted|p1a: Magearna\n|-damage|p1a: Magearna|68\/100\n|-resisted|p1a: Magearna\n|-damage|p1a: Magearna|60\/100\n|-resisted|p1a: Magearna\n|-damage|p1a: Magearna|52\/100\n|-resisted|p1a: Magearna\n|-damage|p1a: Magearna|44\/100\n|-resisted|p1a: Magearna\n|-damage|p1a: Magearna|36\/100\n|-resisted|p1a: Magearna\n|-damage|p1a: Magearna|27\/100\n|-resisted|p1a: Magearna\n|-damage|p1a: Magearna|19\/100\n|-hitcount|p1a: Magearna|10\n|move|p1a: Magearna|Volt Switch|p2a: Maushold\n|-damage|p2a: Maushold|35\/100\n|inactive|stupiddogshit has 15 seconds left this turn.\n|inactive|stupiddogshit has 10 seconds left.\n|inactive|stupiddogshit has 5 seconds left.\n|-message|stupiddogshit lost due to inactivity.\n|\n|win|Sstivii\n|raw|stupiddogshit's rating: 1180 &rarr; <strong>1151<\/strong><br \/>(-29 for losing)\n|raw|Sstivii's rating: 1125 &rarr; <strong>1154<\/strong><br \/>(+29 for winning)\n","uploadtime":1700106250,"views":8,"p1id":"stupiddogshit","p2id":"sstivii","formatid":"gen9nationaldexubers","rating":1151,"private":0,"password":""}