{"id":"gen9nationaldexubers-1985178994","p1":"sadfhdsaf","p2":"wizardmidnight","format":"[Gen 9] National Dex Ubers","log":"|j|\u2606sadfhdsaf\n|j|\u2606wizardmidnight\n|t:|1699343991\n|gametype|singles\n|player|p1|sadfhdsaf|volo|1048\n|player|p2|wizardmidnight|lucas-gen4pt|1166\n|teamsize|p1|6\n|teamsize|p2|6\n|gen|9\n|tier|[Gen 9] National Dex Ubers\n|rated|\n|rule|HP Percentage Mod: HP is shown in percentages\n|rule|Endless Battle Clause: Forcing endless battles is banned\n|rule|OHKO Clause: OHKO moves are banned\n|rule|Evasion Moves Clause: Evasion moves are banned\n|rule|Evasion Items Clause: Evasion items are banned\n|rule|Species Clause: Limit one of each Pok\u00e9mon\n|rule|Sleep Clause Mod: Limit one foe put to sleep\n|rule|Mega Rayquaza Clause: You cannot mega evolve Rayquaza\n|clearpoke\n|poke|p1|Mewtwo|\n|poke|p1|Groudon|\n|poke|p1|Ho-Oh|\n|poke|p1|Zygarde|\n|poke|p1|Yveltal|\n|poke|p1|Xerneas-*|\n|poke|p2|Marshadow|\n|poke|p2|Deoxys-Defense|\n|poke|p2|Dracovish|\n|poke|p2|Gigalith, M|\n|poke|p2|Shuckle, M|\n|poke|p2|Annihilape, M|\n|teampreview\n|inactive|Battle timer is ON: inactive players will automatically lose when time's up. (requested by sadfhdsaf)\n|c|\u2606wizardmidnight|glhf\n|\n|t:|1699344000\n|start\n|switch|p1a: Xerneas|Xerneas|100\/100\n|switch|p2a: Shuckle|Shuckle, M|100\/100\n|-ability|p1a: Xerneas|Fairy Aura\n|turn|1\n|\n|t:|1699344012\n|move|p1a: Xerneas|Substitute|p1a: Xerneas\n|-start|p1a: Xerneas|Substitute\n|-damage|p1a: Xerneas|76\/100\n|move|p2a: Shuckle|Encore|p1a: Xerneas\n|-start|p1a: Xerneas|Encore\n|\n|upkeep\n|turn|2\n|\n|t:|1699344021\n|move|p1a: Xerneas|Substitute|p1a: Xerneas\n|-fail|p1a: Xerneas|move: Substitute\n|move|p2a: Shuckle|Sticky Web|p1a: Xerneas\n|-sidestart|p1: sadfhdsaf|move: Sticky Web\n|\n|upkeep\n|turn|3\n|\n|t:|1699344026\n|move|p1a: Xerneas|Substitute|p1a: Xerneas\n|-fail|p1a: Xerneas|move: Substitute\n|move|p2a: Shuckle|Infestation|p1a: Xerneas\n|-resisted|p1a: Xerneas\n|-activate|p1a: Xerneas|move: Substitute|[damage]\n|\n|upkeep\n|turn|4\n|\n|t:|1699344032\n|move|p1a: Xerneas|Substitute|p1a: Xerneas\n|-fail|p1a: Xerneas|move: Substitute\n|move|p2a: Shuckle|Infestation|p1a: Xerneas\n|-resisted|p1a: Xerneas\n|-activate|p1a: Xerneas|move: Substitute|[damage]\n|\n|-end|p1a: Xerneas|Encore\n|upkeep\n|turn|5\n|\n|t:|1699344038\n|move|p1a: Xerneas|Geomancy||[still]\n|-prepare|p1a: Xerneas|Geomancy\n|-enditem|p1a: Xerneas|Power Herb\n|-anim|p1a: Xerneas|Geomancy|p1a: Xerneas\n|-boost|p1a: Xerneas|spa|2\n|-boost|p1a: Xerneas|spd|2\n|-boost|p1a: Xerneas|spe|2\n|move|p2a: Shuckle|Encore|p1a: Xerneas\n|-start|p1a: Xerneas|Encore\n|\n|upkeep\n|turn|6\n|\n|t:|1699344048\n|switch|p2a: Marshadow|Marshadow|100\/100\n|move|p1a: Xerneas|Geomancy||[still]\n|-prepare|p1a: Xerneas|Geomancy\n|\n|upkeep\n|turn|7\n|\n|t:|1699344053\n|move|p1a: Xerneas|Geomancy|p1a: Xerneas|[from]lockedmove\n|-boost|p1a: Xerneas|spa|2\n|-boost|p1a: Xerneas|spd|2\n|-boost|p1a: Xerneas|spe|2\n|move|p2a: Marshadow|Spectral Thief||[still]\n|-clearpositiveboost|p1a: Xerneas|p2a: Marshadow|move: Spectral Thief\n|-boost|p2a: Marshadow|spa|4\n|-boost|p2a: Marshadow|spd|4\n|-boost|p2a: Marshadow|spe|4\n|-anim|p2a: Marshadow|Spectral Thief|p1a: Xerneas\n|-crit|p1a: Xerneas\n|-damage|p1a: Xerneas|12\/100\n|\n|upkeep\n|turn|8\n|-message|sadfhdsaf forfeited.\n|\n|win|wizardmidnight\n|raw|sadfhdsaf's rating: 1048 &rarr; <strong>1036<\/strong><br \/>(-12 for losing)\n|raw|wizardmidnight's rating: 1166 &rarr; <strong>1183<\/strong><br \/>(+17 for winning)\n|l|\u2606sadfhdsaf\n|c|\u2606wizardmidnight|gg\n","uploadtime":1699344095,"views":8,"p1id":"sadfhdsaf","p2id":"wizardmidnight","formatid":"gen9nationaldexubers","rating":1036,"private":0,"password":""}