{"id":"gen9nationaldexubers-1983524020","p1":"ErikGS31","p2":"Gabriel PN","format":"[Gen 9] National Dex Ubers","log":"|j|\u2606ErikGS31\n|j|\u2606Gabriel PN\n|t:|1699139460\n|gametype|singles\n|player|p1|ErikGS31|pokemonranger-gen4|1056\n|player|p2|Gabriel PN|n|1004\n|teamsize|p1|6\n|teamsize|p2|6\n|gen|9\n|tier|[Gen 9] National Dex Ubers\n|rated|\n|rule|HP Percentage Mod: HP is shown in percentages\n|rule|Endless Battle Clause: Forcing endless battles is banned\n|rule|OHKO Clause: OHKO moves are banned\n|rule|Evasion Moves Clause: Evasion moves are banned\n|rule|Evasion Items Clause: Evasion items are banned\n|rule|Species Clause: Limit one of each Pok\u00e9mon\n|rule|Sleep Clause Mod: Limit one foe put to sleep\n|rule|Mega Rayquaza Clause: You cannot mega evolve Rayquaza\n|clearpoke\n|poke|p1|Alakazam, M|\n|poke|p1|Durant, F|\n|poke|p1|Medicham, F|\n|poke|p1|Palafin, M|\n|poke|p1|Tatsugiri-Stretchy, F|\n|poke|p1|Lucario, M|\n|poke|p2|Lopunny, F|\n|poke|p2|Swellow, M|\n|poke|p2|Nidoking, M|\n|poke|p2|Marshadow|\n|poke|p2|Decidueye-Hisui, M|\n|poke|p2|Shaymin-Sky|\n|teampreview\n|j| Ds_Moon\n|\n|t:|1699139466\n|start\n|switch|p1a: Palafin|Palafin, M|100\/100\n|switch|p2a: Lopunny|Lopunny, F|100\/100\n|turn|1\n|inactive|Battle timer is ON: inactive players will automatically lose when time's up. (requested by ErikGS31)\n|\n|t:|1699139480\n|detailschange|p1a: Palafin|Palafin-Hero, M\n|switch|p1a: Tatsugiri|Tatsugiri-Stretchy, F|100\/100\n|detailschange|p2a: Lopunny|Lopunny-Mega, F\n|-mega|p2a: Lopunny|Lopunny|Lopunnite\n|move|p2a: Lopunny|Fake Out|p1a: Tatsugiri\n|-damage|p1a: Tatsugiri|59\/100\n|\n|upkeep\n|turn|2\n|\n|t:|1699139496\n|move|p2a: Lopunny|Return|p1a: Tatsugiri\n|-damage|p1a: Tatsugiri|0 fnt\n|faint|p1a: Tatsugiri\n|\n|upkeep\n|\n|t:|1699139504\n|switch|p1a: Durant|Durant, F|100\/100\n|turn|3\n|\n|t:|1699139516\n|move|p2a: Lopunny|High Jump Kick|p1a: Durant\n|-damage|p1a: Durant|12\/100\n|move|p1a: Durant|Iron Head|p2a: Lopunny\n|-damage|p2a: Lopunny|23\/100\n|\n|upkeep\n|turn|4\n|\n|t:|1699139527\n|move|p2a: Lopunny|Power-Up Punch|p1a: Durant\n|-damage|p1a: Durant|0 fnt\n|-boost|p2a: Lopunny|atk|1\n|faint|p1a: Durant\n|\n|upkeep\n|\n|t:|1699139532\n|switch|p1a: Alakazam|Alakazam, M|100\/100\n|turn|5\n|\n|t:|1699139542\n|move|p2a: Lopunny|Fake Out||[still]\n|-hint|Fake Out only works on your first turn out.\n|-fail|p2a: Lopunny\n|move|p1a: Alakazam|Psychic|p2a: Lopunny\n|-supereffective|p2a: Lopunny\n|-damage|p2a: Lopunny|0 fnt\n|faint|p2a: Lopunny\n|\n|upkeep\n|\n|t:|1699139555\n|switch|p2a: Marshadow|Marshadow|100\/100\n|turn|6\n|\n|t:|1699139561\n|-terastallize|p1a: Alakazam|Fairy\n|move|p2a: Marshadow|Shadow Sneak|p1a: Alakazam\n|-damage|p1a: Alakazam|10\/100\n|move|p1a: Alakazam|Shadow Ball|p2a: Marshadow\n|-supereffective|p2a: Marshadow\n|-damage|p2a: Marshadow|8\/100\n|-unboost|p2a: Marshadow|spd|1\n|\n|upkeep\n|turn|7\n|\n|t:|1699139577\n|move|p2a: Marshadow|Shadow Sneak|p1a: Alakazam\n|-damage|p1a: Alakazam|0 fnt\n|faint|p1a: Alakazam\n|\n|upkeep\n|\n|t:|1699139582\n|switch|p1a: Medicham|Medicham, F|100\/100\n|turn|8\n|\n|t:|1699139588\n|move|p2a: Marshadow|Shadow Sneak|p1a: Medicham\n|-supereffective|p1a: Medicham\n|-damage|p1a: Medicham|0 fnt\n|faint|p1a: Medicham\n|\n|upkeep\n|\n|t:|1699139593\n|switch|p1a: Palafin|Palafin-Hero, M|100\/100\n|-activate|p1a: Palafin|ability: Zero to Hero\n|turn|9\n|\n|t:|1699139604\n|move|p1a: Palafin|Jet Punch|p2a: Marshadow\n|-damage|p2a: Marshadow|0 fnt\n|faint|p2a: Marshadow\n|\n|upkeep\n|\n|t:|1699139610\n|switch|p2a: Shaymin|Shaymin-Sky|100\/100\n|turn|10\n|\n|t:|1699139622\n|move|p2a: Shaymin|Substitute|p2a: Shaymin\n|-start|p2a: Shaymin|Substitute\n|-damage|p2a: Shaymin|76\/100\n|move|p1a: Palafin|Ice Punch|p2a: Shaymin\n|-supereffective|p2a: Shaymin\n|-end|p2a: Shaymin|Substitute\n|\n|upkeep\n|turn|11\n|\n|t:|1699139632\n|move|p2a: Shaymin|Energy Ball|p1a: Palafin\n|-supereffective|p1a: Palafin\n|-damage|p1a: Palafin|0 fnt\n|faint|p1a: Palafin\n|\n|upkeep\n|\n|t:|1699139637\n|switch|p1a: Lucario|Lucario, M|100\/100\n|turn|12\n|\n|t:|1699139641\n|detailschange|p1a: Lucario|Lucario-Mega, M\n|-mega|p1a: Lucario|Lucario|Lucarionite\n|move|p1a: Lucario|Swords Dance|p1a: Lucario\n|-boost|p1a: Lucario|atk|2\n|move|p2a: Shaymin|Air Slash|p1a: Lucario|[miss]\n|-miss|p2a: Shaymin|p1a: Lucario\n|\n|upkeep\n|turn|13\n|\n|t:|1699139652\n|move|p1a: Lucario|Bullet Punch|p2a: Shaymin\n|-damage|p2a: Shaymin|15\/100\n|move|p2a: Shaymin|Air Slash|p1a: Lucario\n|-damage|p1a: Lucario|40\/100\n|\n|upkeep\n|turn|14\n|\n|t:|1699139661\n|move|p1a: Lucario|Bullet Punch|p2a: Shaymin\n|-damage|p2a: Shaymin|0 fnt\n|faint|p2a: Shaymin\n|\n|upkeep\n|\n|t:|1699139667\n|switch|p2a: Decidueye|Decidueye-Hisui, M|100\/100\n|turn|15\n|\n|t:|1699139677\n|-terastallize|p2a: Decidueye|Electric\n|move|p1a: Lucario|Drain Punch|p2a: Decidueye\n|-damage|p2a: Decidueye|15\/100\n|-heal|p1a: Lucario|94\/100|[from] drain|[of] p2a: Decidueye\n|move|p2a: Decidueye|Triple Arrows|p1a: Lucario\n|-supereffective|p1a: Lucario\n|-damage|p1a: Lucario|0 fnt\n|faint|p1a: Lucario\n|\n|win|Gabriel PN\n|raw|ErikGS31's rating: 1056 &rarr; <strong>1035<\/strong><br \/>(-21 for losing)\n|raw|Gabriel PN's rating: 1004 &rarr; <strong>1049<\/strong><br \/>(+45 for winning)\n|l|\u2606ErikGS31\n","uploadtime":1699139694,"views":8,"p1id":"erikgs31","p2id":"gabrielpn","formatid":"gen9nationaldexubers","rating":1035,"private":0,"password":""}