{"id":"gen9nationaldexubers-1982928602","p1":"KingAdBro","p2":"KylarStern0508","format":"[Gen 9] National Dex Ubers","log":"|j|\u2606KingAdBro\n|j|\u2606KylarStern0508\n|t:|1699059727\n|gametype|singles\n|player|p1|KingAdBro|2|\n|player|p2|KylarStern0508|bruno|\n|teamsize|p1|6\n|teamsize|p2|6\n|gen|9\n|tier|[Gen 9] National Dex Ubers\n|rule|HP Percentage Mod: HP is shown in percentages\n|rule|Endless Battle Clause: Forcing endless battles is banned\n|rule|OHKO Clause: OHKO moves are banned\n|rule|Evasion Moves Clause: Evasion moves are banned\n|rule|Evasion Items Clause: Evasion items are banned\n|rule|Species Clause: Limit one of each Pok\u00e9mon\n|rule|Sleep Clause Mod: Limit one foe put to sleep\n|rule|Mega Rayquaza Clause: You cannot mega evolve Rayquaza\n|clearpoke\n|poke|p1|Aggron, F|\n|poke|p1|Tyranitar, F|\n|poke|p1|Kommo-o, M|\n|poke|p1|Tangrowth, M|\n|poke|p1|Blastoise, F|\n|poke|p1|Clefable, F|\n|poke|p2|Scizor, F|\n|poke|p2|Azumarill, M|\n|poke|p2|Donphan, F|\n|poke|p2|Pawmot, M|\n|poke|p2|Muk, M|\n|poke|p2|Glaceon, M|\n|teampreview\n|c|\u2606KingAdBro|Good luck my man\n|c|\u2606KylarStern0508|u2 hf\n|\n|t:|1699059760\n|start\n|switch|p1a: Aggron|Aggron, F|100\/100\n|switch|p2a: Azumarill|Azumarill, M|100\/100\n|turn|1\n|\n|t:|1699059773\n|switch|p2a: Donphan|Donphan, F|100\/100\n|detailschange|p1a: Aggron|Aggron-Mega, F\n|-mega|p1a: Aggron|Aggron|Aggronite\n|move|p1a: Aggron|Stealth Rock|p2a: Donphan\n|-sidestart|p2: KylarStern0508|move: Stealth Rock\n|\n|upkeep\n|turn|2\n|\n|t:|1699059786\n|switch|p1a: Tangrowth|Tangrowth, M|100\/100\n|move|p2a: Donphan|Rapid Spin|p1a: Tangrowth\n|-damage|p1a: Tangrowth|93\/100\n|-boost|p2a: Donphan|spe|1\n|-sideend|p2: KylarStern0508|Stealth Rock|[from] move: Rapid Spin|[of] p2a: Donphan\n|\n|upkeep\n|turn|3\n|\n|t:|1699059824\n|switch|p2a: Muk|Muk, M|100\/100\n|move|p1a: Tangrowth|Sleep Powder|p2a: Muk\n|-status|p2a: Muk|slp|[from] move: Sleep Powder\n|\n|upkeep\n|turn|4\n|\n|t:|1699059910\n|switch|p2a: Glaceon|Glaceon, M|100\/100\n|move|p1a: Tangrowth|Leech Seed|p2a: Glaceon\n|-start|p2a: Glaceon|move: Leech Seed\n|\n|-damage|p2a: Glaceon|88\/100|[from] Leech Seed|[of] p1a: Tangrowth\n|-heal|p1a: Tangrowth|100\/100|[silent]\n|upkeep\n|turn|5\n|\n|t:|1699059952\n|switch|p1a: Tyranitar|Tyranitar, F|100\/100\n|-weather|Sandstorm|[from] ability: Sand Stream|[of] p1a: Tyranitar\n|move|p2a: Glaceon|Water Pulse|p1a: Tyranitar\n|-supereffective|p1a: Tyranitar\n|-damage|p1a: Tyranitar|81\/100\n|-start|p1a: Tyranitar|confusion\n|\n|-weather|Sandstorm|[upkeep]\n|-damage|p2a: Glaceon|82\/100|[from] Sandstorm\n|-damage|p2a: Glaceon|70\/100|[from] Leech Seed|[of] p1a: Tyranitar\n|-heal|p1a: Tyranitar|93\/100|[silent]\n|upkeep\n|turn|6\n|\n|t:|1699060033\n|-terastallize|p2a: Glaceon|Fighting\n|move|p2a: Glaceon|Tera Blast|p1a: Tyranitar|[anim] Tera Blast Fighting\n|-supereffective|p1a: Tyranitar\n|-damage|p1a: Tyranitar|9\/100\n|-activate|p1a: Tyranitar|confusion\n|-damage|p1a: Tyranitar|0 fnt|[from] confusion\n|faint|p1a: Tyranitar\n|\n|-weather|Sandstorm|[upkeep]\n|-damage|p2a: Glaceon|64\/100|[from] Sandstorm\n|upkeep\n|\n|t:|1699060058\n|switch|p1a: Clefable|Clefable, F|100\/100\n|turn|7\n|\n|t:|1699060063\n|switch|p2a: Muk|Muk, M|100\/100 slp\n|move|p1a: Clefable|Calm Mind|p1a: Clefable\n|-boost|p1a: Clefable|spa|1\n|-boost|p1a: Clefable|spd|1\n|\n|-weather|Sandstorm|[upkeep]\n|-damage|p2a: Muk|94\/100 slp|[from] Sandstorm\n|-heal|p2a: Muk|100\/100 slp|[from] item: Black Sludge\n|upkeep\n|turn|8\n|\n|t:|1699060091\n|cant|p2a: Muk|slp\n|move|p1a: Clefable|Calm Mind|p1a: Clefable\n|-boost|p1a: Clefable|spa|1\n|-boost|p1a: Clefable|spd|1\n|\n|-weather|Sandstorm|[upkeep]\n|-damage|p2a: Muk|94\/100 slp|[from] Sandstorm\n|-heal|p2a: Muk|100\/100 slp|[from] item: Black Sludge\n|upkeep\n|turn|9\n|\n|t:|1699060127\n|-curestatus|p2a: Muk|slp|[msg]\n|move|p2a: Muk|Haze|p2a: Muk\n|-clearallboost\n|move|p1a: Clefable|Thunderbolt|p2a: Muk\n|-damage|p2a: Muk|87\/100\n|\n|-weather|none\n|-heal|p2a: Muk|93\/100|[from] item: Black Sludge\n|upkeep\n|turn|10\n|\n|t:|1699060176\n|switch|p1a: Aggron|Aggron-Mega, F|100\/100\n|move|p2a: Muk|Drain Punch|p1a: Aggron\n|-supereffective|p1a: Aggron\n|-damage|p1a: Aggron|90\/100\n|-heal|p2a: Muk|97\/100|[from] drain|[of] p1a: Aggron\n|\n|-heal|p2a: Muk|100\/100|[from] item: Black Sludge\n|upkeep\n|turn|11\n|\n|t:|1699060199\n|switch|p2a: Donphan|Donphan, F|100\/100\n|move|p1a: Aggron|Earthquake|p2a: Donphan\n|-damage|p2a: Donphan|83\/100\n|\n|-heal|p2a: Donphan|89\/100|[from] item: Leftovers\n|upkeep\n|turn|12\n|\n|t:|1699060260\n|switch|p1a: Tangrowth|Tangrowth, M|100\/100\n|move|p2a: Donphan|Earthquake|p1a: Tangrowth\n|-resisted|p1a: Tangrowth\n|-damage|p1a: Tangrowth|91\/100\n|\n|-heal|p2a: Donphan|96\/100|[from] item: Leftovers\n|upkeep\n|turn|13\n|\n|t:|1699060279\n|switch|p2a: Muk|Muk, M|100\/100\n|move|p1a: Tangrowth|Knock Off|p2a: Muk\n|-damage|p2a: Muk|78\/100\n|-activate|p2a: Muk|ability: Sticky Hold\n|\n|-heal|p2a: Muk|84\/100|[from] item: Black Sludge\n|upkeep\n|turn|14\n|\n|t:|1699060296\n|move|p2a: Muk|Poison Jab|p1a: Tangrowth\n|-supereffective|p1a: Tangrowth\n|-damage|p1a: Tangrowth|55\/100\n|move|p1a: Tangrowth|Sleep Powder|p2a: Muk|[miss]\n|-miss|p1a: Tangrowth|p2a: Muk\n|\n|-heal|p2a: Muk|90\/100|[from] item: Black Sludge\n|upkeep\n|turn|15\n|\n|t:|1699060320\n|move|p2a: Muk|Poison Jab|p1a: Tangrowth\n|-supereffective|p1a: Tangrowth\n|-damage|p1a: Tangrowth|24\/100\n|move|p1a: Tangrowth|Sleep Powder|p2a: Muk\n|-status|p2a: Muk|slp|[from] move: Sleep Powder\n|\n|-heal|p2a: Muk|96\/100 slp|[from] item: Black Sludge\n|upkeep\n|turn|16\n|\n|t:|1699060335\n|cant|p2a: Muk|slp\n|move|p1a: Tangrowth|Leech Seed|p2a: Muk\n|-start|p2a: Muk|move: Leech Seed\n|\n|-heal|p2a: Muk|100\/100 slp|[from] item: Black Sludge\n|-damage|p2a: Muk|88\/100 slp|[from] Leech Seed|[of] p1a: Tangrowth\n|-heal|p1a: Tangrowth|37\/100|[silent]\n|upkeep\n|turn|17\n|\n|t:|1699060346\n|switch|p2a: Glaceon|Glaceon, M, tera:Fighting|64\/100\n|move|p1a: Tangrowth|Leaf Storm|p2a: Glaceon\n|-damage|p2a: Glaceon|11\/100\n|-unboost|p1a: Tangrowth|spa|2\n|\n|upkeep\n|turn|18\n|\n|t:|1699060392\n|switch|p1a: Clefable|Clefable, F|100\/100\n|move|p2a: Glaceon|Tera Blast|p1a: Clefable|[anim] Tera Blast Fighting\n|-resisted|p1a: Clefable\n|-damage|p1a: Clefable|85\/100\n|\n|-heal|p1a: Clefable|91\/100|[from] item: Leftovers\n|upkeep\n|turn|19\n|\n|t:|1699060486\n|switch|p2a: Muk|Muk, M|88\/100 slp\n|move|p1a: Clefable|Thunderbolt|p2a: Muk\n|-damage|p2a: Muk|74\/100 slp\n|\n|-heal|p2a: Muk|80\/100 slp|[from] item: Black Sludge\n|-heal|p1a: Clefable|97\/100|[from] item: Leftovers\n|upkeep\n|turn|20\n|\n|t:|1699060592\n|switch|p1a: Aggron|Aggron-Mega, F|90\/100\n|cant|p2a: Muk|slp\n|\n|-heal|p2a: Muk|86\/100 slp|[from] item: Black Sludge\n|upkeep\n|turn|21\n|\n|t:|1699060606\n|switch|p2a: Donphan|Donphan, F|96\/100\n|switch|p1a: Tangrowth|Tangrowth, M|37\/100\n|\n|-heal|p2a: Donphan|100\/100|[from] item: Leftovers\n|upkeep\n|turn|22\n|\n|t:|1699060633\n|switch|p2a: Muk|Muk, M|86\/100 slp\n|move|p1a: Tangrowth|Leaf Storm|p2a: Muk\n|-resisted|p2a: Muk\n|-damage|p2a: Muk|68\/100 slp\n|-unboost|p1a: Tangrowth|spa|2\n|\n|-heal|p2a: Muk|74\/100 slp|[from] item: Black Sludge\n|upkeep\n|turn|23\n|\n|t:|1699060689\n|switch|p1a: Kommo-o|Kommo-o, M|100\/100\n|-curestatus|p2a: Muk|slp|[msg]\n|move|p2a: Muk|Drain Punch|p1a: Kommo-o\n|-damage|p1a: Kommo-o|84\/100\n|-heal|p2a: Muk|81\/100|[from] drain|[of] p1a: Kommo-o\n|\n|-heal|p2a: Muk|87\/100|[from] item: Black Sludge\n|upkeep\n|turn|24\n|\n|t:|1699060741\n|switch|p2a: Azumarill|Azumarill, M|100\/100\n|move|p1a: Kommo-o|Clangorous Soul|p1a: Kommo-o\n|-boost|p1a: Kommo-o|atk|1\n|-boost|p1a: Kommo-o|def|1\n|-boost|p1a: Kommo-o|spa|1\n|-boost|p1a: Kommo-o|spd|1\n|-boost|p1a: Kommo-o|spe|1\n|-damage|p1a: Kommo-o|51\/100\n|\n|upkeep\n|turn|25\n|\n|t:|1699060778\n|move|p1a: Kommo-o|Poison Jab|p2a: Azumarill\n|-supereffective|p2a: Azumarill\n|-damage|p2a: Azumarill|0 fnt\n|faint|p2a: Azumarill\n|-damage|p1a: Kommo-o|41\/100|[from] item: Life Orb\n|\n|upkeep\n|\n|t:|1699060813\n|switch|p2a: Donphan|Donphan, F|100\/100\n|turn|26\n|\n|t:|1699060816\n|move|p1a: Kommo-o|Drain Punch|p2a: Donphan\n|-damage|p2a: Donphan|58\/100\n|-heal|p1a: Kommo-o|63\/100|[from] drain|[of] p2a: Donphan\n|-damage|p1a: Kommo-o|53\/100|[from] item: Life Orb\n|move|p2a: Donphan|Play Rough|p1a: Kommo-o\n|-supereffective|p1a: Kommo-o\n|-damage|p1a: Kommo-o|0 fnt\n|faint|p1a: Kommo-o\n|\n|-heal|p2a: Donphan|64\/100|[from] item: Leftovers\n|upkeep\n|\n|t:|1699060830\n|switch|p1a: Blastoise|Blastoise, F|100\/100\n|turn|27\n|\n|t:|1699060841\n|switch|p2a: Pawmot|Pawmot, M|100\/100\n|move|p1a: Blastoise|Shell Smash|p1a: Blastoise\n|-unboost|p1a: Blastoise|def|1\n|-unboost|p1a: Blastoise|spd|1\n|-boost|p1a: Blastoise|atk|2\n|-boost|p1a: Blastoise|spa|2\n|-boost|p1a: Blastoise|spe|2\n|-enditem|p2a: Pawmot|Mirror Herb\n|-boost|p2a: Pawmot|atk|2|[from] item: Mirror Herb\n|-boost|p2a: Pawmot|spa|2|[from] item: Mirror Herb\n|-boost|p2a: Pawmot|spe|2|[from] item: Mirror Herb\n|\n|upkeep\n|turn|28\n|c|\u2606KingAdBro|Booo what a great play, booo\n|\n|t:|1699060877\n|move|p1a: Blastoise|Aqua Jet|p2a: Pawmot\n|-damage|p2a: Pawmot|66\/100\n|move|p2a: Pawmot|Close Combat|p1a: Blastoise\n|-damage|p1a: Blastoise|0 fnt\n|-unboost|p2a: Pawmot|def|1\n|-unboost|p2a: Pawmot|spd|1\n|faint|p1a: Blastoise\n|\n|upkeep\n|c|\u2606KylarStern0508|thx man\n|\n|t:|1699060895\n|switch|p1a: Tangrowth|Tangrowth, M|37\/100\n|turn|29\n|\n|t:|1699060909\n|move|p2a: Pawmot|Fire Punch|p1a: Tangrowth\n|-supereffective|p1a: Tangrowth\n|-damage|p1a: Tangrowth|0 fnt\n|faint|p1a: Tangrowth\n|\n|upkeep\n|c|\u2606KingAdBro|Oh and that\u2019s not regenerator either. Damnit.\n|\n|t:|1699060929\n|switch|p1a: Aggron|Aggron-Mega, F|90\/100\n|turn|30\n|\n|t:|1699060932\n|move|p2a: Pawmot|Close Combat|p1a: Aggron\n|-supereffective|p1a: Aggron\n|-damage|p1a: Aggron|14\/100\n|-unboost|p2a: Pawmot|def|1\n|-unboost|p2a: Pawmot|spd|1\n|move|p1a: Aggron|Earthquake|p2a: Pawmot\n|-supereffective|p2a: Pawmot\n|-damage|p2a: Pawmot|0 fnt\n|faint|p2a: Pawmot\n|\n|upkeep\n|c|\u2606KingAdBro|Gg dude. I wanted to see the bird.\n|c|\u2606KylarStern0508|u mean noctowl\n|c|\u2606KingAdBro|I do\n|\n|t:|1699061007\n|switch|p2a: Scizor|Scizor, F|100\/100\n|turn|31\n|c|\u2606KylarStern0508|im sure it looked pretty bad against ya\n|\n|t:|1699061060\n|detailschange|p2a: Scizor|Scizor-Mega, F\n|-mega|p2a: Scizor|Scizor|Scizorite\n|move|p2a: Scizor|Close Combat|p1a: Aggron\n|-supereffective|p1a: Aggron\n|-damage|p1a: Aggron|0 fnt\n|-unboost|p2a: Scizor|def|1\n|-unboost|p2a: Scizor|spd|1\n|faint|p1a: Aggron\n|\n|upkeep\n|\n|t:|1699061075\n|switch|p1a: Clefable|Clefable, F|97\/100\n|turn|32\n|\n|t:|1699061082\n|move|p2a: Scizor|Iron Head|p1a: Clefable\n|-supereffective|p1a: Clefable\n|-damage|p1a: Clefable|0 fnt\n|faint|p1a: Clefable\n|\n|win|KylarStern0508\n|c|\u2606KylarStern0508|gg man\n|c|\u2606KingAdBro|Lol nice fight bud. Thanks for playing!\n|c|\u2606KylarStern0508|samzies\n","uploadtime":1699061107,"views":46,"p1id":"kingadbro","p2id":"kylarstern0508","formatid":"gen9nationaldexubers","rating":0,"private":0,"password":""}