{"id":"gen9nationaldexubers-1987663552","p1":"JustMonika_CARR","p2":"XYZ15","format":"[Gen 9] National Dex Ubers","log":"|j|\u2606JustMonika_CARR\n|j|\u2606XYZ15\n|t:|1699625387\n|gametype|singles\n|player|p1|JustMonika_CARR|rosa|1508\n|player|p2|XYZ15|rei|1520\n|teamsize|p1|6\n|teamsize|p2|6\n|gen|9\n|tier|[Gen 9] National Dex Ubers\n|rated|\n|rule|HP Percentage Mod: HP is shown in percentages\n|rule|Endless Battle Clause: Forcing endless battles is banned\n|rule|OHKO Clause: OHKO moves are banned\n|rule|Evasion Moves Clause: Evasion moves are banned\n|rule|Evasion Items Clause: Evasion items are banned\n|rule|Species Clause: Limit one of each Pok\u00e9mon\n|rule|Sleep Clause Mod: Limit one foe put to sleep\n|rule|Mega Rayquaza Clause: You cannot mega evolve Rayquaza\n|clearpoke\n|poke|p1|Marshadow|\n|poke|p1|Aerodactyl, M|\n|poke|p1|Arceus|\n|poke|p1|Forretress, F|\n|poke|p1|Pheromosa|\n|poke|p1|Necrozma-Dawn-Wings|\n|poke|p2|Darmanitan-Galar, M|\n|poke|p2|Kyogre|\n|poke|p2|Marshadow|\n|poke|p2|Magearna|\n|poke|p2|Salamence, F|\n|poke|p2|Ho-Oh|\n|teampreview\n|\n|t:|1699625395\n|start\n|switch|p1a: Forretress|Forretress, F, shiny|100\/100\n|switch|p2a: Darmanitan|Darmanitan-Galar, M|100\/100\n|turn|1\n|\n|t:|1699625402\n|-terastallize|p1a: Forretress|Dragon\n|move|p2a: Darmanitan|U-turn|p1a: Forretress\n|-damage|p1a: Forretress|81\/100\n|-enditem|p1a: Forretress|Red Card|[of] p2a: Darmanitan\n|drag|p2a: Magearna|Magearna|100\/100\n|move|p1a: Forretress|Toxic Spikes|p2a: Magearna\n|-sidestart|p2: XYZ15|move: Toxic Spikes\n|\n|upkeep\n|turn|2\n|\n|t:|1699625411\n|move|p2a: Magearna|Fleur Cannon|p1a: Forretress\n|-supereffective|p1a: Forretress\n|-damage|p1a: Forretress|0 fnt\n|-unboost|p2a: Magearna|spa|2\n|faint|p1a: Forretress\n|-ability|p2a: Magearna|Soul-Heart|boost\n|-boost|p2a: Magearna|spa|1\n|\n|upkeep\n|\n|t:|1699625425\n|switch|p1a: Necrozma|Necrozma-Dawn-Wings|100\/100\n|turn|3\n|\n|t:|1699625428\n|move|p1a: Necrozma|Calm Mind|p1a: Necrozma\n|-boost|p1a: Necrozma|spa|1\n|-boost|p1a: Necrozma|spd|1\n|move|p2a: Magearna|Volt Switch|p1a: Necrozma\n|-damage|p1a: Necrozma|90\/100\n|\n|t:|1699625439\n|switch|p2a: Marshadow|Marshadow|100\/100|[from] Volt Switch\n|-status|p2a: Marshadow|psn\n|\n|-damage|p2a: Marshadow|88\/100 psn|[from] psn\n|upkeep\n|turn|4\n|\n|t:|1699625456\n|detailschange|p1a: Necrozma|Necrozma-Ultra\n|-burst|p1a: Necrozma|Necrozma|Ultranecrozium Z\n|move|p2a: Marshadow|Shadow Sneak|p1a: Necrozma\n|-supereffective|p1a: Necrozma\n|-damage|p1a: Necrozma|26\/100\n|move|p1a: Necrozma|Photon Geyser|p2a: Marshadow\n|-supereffective|p2a: Marshadow\n|-damage|p2a: Marshadow|0 fnt\n|faint|p2a: Marshadow\n|\n|upkeep\n|\n|t:|1699625462\n|switch|p2a: Ho-Oh|Ho-Oh|100\/100\n|turn|5\n|\n|t:|1699625472\n|-zpower|p1a: Necrozma\n|move|p1a: Necrozma|Light That Burns the Sky|p2a: Ho-Oh|[zeffect]\n|-damage|p2a: Ho-Oh|22\/100\n|move|p2a: Ho-Oh|Sacred Fire|p1a: Necrozma\n|-resisted|p1a: Necrozma\n|-damage|p1a: Necrozma|5\/100\n|\n|upkeep\n|turn|6\n|\n|t:|1699625495\n|switch|p2a: Salamence|Salamence, F|100\/100\n|-ability|p2a: Salamence|Intimidate|boost\n|-unboost|p1a: Necrozma|atk|1\n|move|p1a: Necrozma|Photon Geyser|p2a: Salamence\n|-damage|p2a: Salamence|0 fnt\n|faint|p2a: Salamence\n|\n|upkeep\n|\n|t:|1699625498\n|switch|p2a: Darmanitan|Darmanitan-Galar, M|100\/100\n|-status|p2a: Darmanitan|psn\n|turn|7\n|\n|t:|1699625512\n|move|p2a: Darmanitan|U-turn|p1a: Necrozma\n|-supereffective|p1a: Necrozma\n|-damage|p1a: Necrozma|0 fnt\n|faint|p1a: Necrozma\n|\n|t:|1699625516\n|switch|p2a: Ho-Oh|Ho-Oh|55\/100|[from] U-turn\n|\n|upkeep\n|\n|t:|1699625521\n|switch|p1a: Aerodactyl|Aerodactyl, M, shiny|100\/100\n|turn|8\n|\n|t:|1699625527\n|switch|p2a: Magearna|Magearna|100\/100\n|detailschange|p1a: Aerodactyl|Aerodactyl-Mega, M, shiny\n|-mega|p1a: Aerodactyl|Aerodactyl|Aerodactylite\n|move|p1a: Aerodactyl|Hone Claws|p1a: Aerodactyl\n|-boost|p1a: Aerodactyl|atk|1\n|-boost|p1a: Aerodactyl|accuracy|1\n|\n|upkeep\n|turn|9\n|\n|t:|1699625538\n|move|p1a: Aerodactyl|Dual Wingbeat|p2a: Magearna\n|-resisted|p2a: Magearna\n|-damage|p2a: Magearna|83\/100\n|-resisted|p2a: Magearna\n|-damage|p2a: Magearna|65\/100\n|-hitcount|p2a: Magearna|2\n|move|p2a: Magearna|Flash Cannon|p1a: Aerodactyl\n|-supereffective|p1a: Aerodactyl\n|-damage|p1a: Aerodactyl|0 fnt\n|faint|p1a: Aerodactyl\n|-ability|p2a: Magearna|Soul-Heart|boost\n|-boost|p2a: Magearna|spa|1\n|\n|upkeep\n|\n|t:|1699625555\n|switch|p1a: Marshadow|Marshadow|100\/100\n|turn|10\n|\n|t:|1699625563\n|move|p1a: Marshadow|Force Palm|p2a: Magearna\n|-damage|p2a: Magearna|29\/100\n|-status|p2a: Magearna|par\n|move|p2a: Magearna|Fleur Cannon|p1a: Marshadow\n|-supereffective|p1a: Marshadow\n|-enditem|p1a: Marshadow|Focus Sash\n|-damage|p1a: Marshadow|1\/100\n|-unboost|p2a: Magearna|spa|2\n|\n|upkeep\n|turn|11\n|\n|t:|1699625583\n|move|p1a: Marshadow|Force Palm|p2a: Magearna\n|-damage|p2a: Magearna|0 fnt\n|faint|p2a: Magearna\n|\n|upkeep\n|\n|t:|1699625587\n|switch|p2a: Darmanitan|Darmanitan-Galar, M|100\/100 psn\n|turn|12\n|\n|t:|1699625591\n|move|p1a: Marshadow|Shadow Sneak|p2a: Darmanitan\n|-damage|p2a: Darmanitan|49\/100 psn\n|move|p2a: Darmanitan|U-turn|p1a: Marshadow\n|-resisted|p1a: Marshadow\n|-damage|p1a: Marshadow|0 fnt\n|faint|p1a: Marshadow\n|\n|t:|1699625594\n|switch|p2a: Ho-Oh|Ho-Oh|88\/100|[from] U-turn\n|\n|upkeep\n|\n|t:|1699625605\n|switch|p1a: Pheromosa|Pheromosa, shiny|100\/100\n|turn|13\n|\n|t:|1699625608\n|move|p1a: Pheromosa|Triple Axel|p2a: Ho-Oh\n|-damage|p2a: Ho-Oh|81\/100\n|-damage|p2a: Ho-Oh|66\/100\n|-damage|p2a: Ho-Oh|43\/100\n|-hitcount|p2a: Ho-Oh|3\n|move|p2a: Ho-Oh|Sacred Fire|p1a: Pheromosa\n|-supereffective|p1a: Pheromosa\n|-enditem|p1a: Pheromosa|Focus Sash\n|-damage|p1a: Pheromosa|1\/100\n|-status|p1a: Pheromosa|brn\n|\n|-damage|p1a: Pheromosa|0 fnt|[from] brn\n|faint|p1a: Pheromosa\n|upkeep\n|\n|t:|1699625623\n|switch|p1a: Arceus|Arceus|100\/100\n|turn|14\n|\n|t:|1699625627\n|move|p1a: Arceus|Whirlpool|p2a: Ho-Oh|[miss]\n|-miss|p1a: Arceus|p2a: Ho-Oh\n|move|p2a: Ho-Oh|Sacred Fire|p1a: Arceus\n|-damage|p1a: Arceus|76\/100\n|-status|p1a: Arceus|brn\n|\n|-damage|p1a: Arceus|70\/100 brn|[from] brn\n|upkeep\n|turn|15\n|\n|t:|1699625640\n|move|p1a: Arceus|Cosmic Power|p1a: Arceus\n|-boost|p1a: Arceus|def|1\n|-boost|p1a: Arceus|spd|1\n|move|p2a: Ho-Oh|Sacred Fire|p1a: Arceus\n|-crit|p1a: Arceus\n|-damage|p1a: Arceus|34\/100 brn\n|\n|-damage|p1a: Arceus|28\/100 brn|[from] brn\n|upkeep\n|turn|16\n|\n|t:|1699625652\n|switch|p2a: Darmanitan|Darmanitan-Galar, M|49\/100 psn\n|move|p1a: Arceus|Rest|p1a: Arceus\n|-status|p1a: Arceus|slp|[from] move: Rest\n|-heal|p1a: Arceus|100\/100 slp|[silent]\n|-enditem|p1a: Arceus|Chesto Berry|[eat]\n|-curestatus|p1a: Arceus|slp|[msg]\n|\n|-damage|p2a: Darmanitan|37\/100 psn|[from] psn\n|upkeep\n|turn|17\n|\n|t:|1699625663\n|move|p2a: Darmanitan|Superpower|p1a: Arceus\n|-supereffective|p1a: Arceus\n|-damage|p1a: Arceus|49\/100\n|-unboost|p2a: Darmanitan|atk|1\n|-unboost|p2a: Darmanitan|def|1\n|move|p1a: Arceus|Cosmic Power|p1a: Arceus\n|-boost|p1a: Arceus|def|1\n|-boost|p1a: Arceus|spd|1\n|\n|-damage|p2a: Darmanitan|25\/100 psn|[from] psn\n|upkeep\n|turn|18\n|\n|t:|1699625674\n|switch|p2a: Kyogre|Kyogre|100\/100\n|-status|p2a: Kyogre|psn\n|detailschange|p2a: Kyogre|Kyogre-Primal\n|-primal|p2a: Kyogre|Blue Orb\n|-weather|PrimordialSea|[from] ability: Primordial Sea|[of] p2a: Kyogre\n|move|p1a: Arceus|Cosmic Power|p1a: Arceus\n|-boost|p1a: Arceus|def|1\n|-boost|p1a: Arceus|spd|1\n|\n|-weather|PrimordialSea|[upkeep]\n|-damage|p2a: Kyogre|88\/100 psn|[from] psn\n|upkeep\n|turn|19\n|\n|t:|1699625687\n|move|p1a: Arceus|Rest|p1a: Arceus\n|-status|p1a: Arceus|slp|[from] move: Rest\n|-heal|p1a: Arceus|100\/100 slp|[silent]\n|move|p2a: Kyogre|Origin Pulse|p1a: Arceus\n|-damage|p1a: Arceus|70\/100 slp\n|\n|-weather|PrimordialSea|[upkeep]\n|-damage|p2a: Kyogre|76\/100 psn|[from] psn\n|upkeep\n|turn|20\n|\n|t:|1699625697\n|cant|p1a: Arceus|slp\n|move|p2a: Kyogre|Origin Pulse|p1a: Arceus\n|-damage|p1a: Arceus|40\/100 slp\n|\n|-weather|PrimordialSea|[upkeep]\n|-damage|p2a: Kyogre|63\/100 psn|[from] psn\n|upkeep\n|turn|21\n|\n|t:|1699625708\n|cant|p1a: Arceus|slp\n|move|p2a: Kyogre|Origin Pulse|p1a: Arceus|[miss]\n|-miss|p2a: Kyogre|p1a: Arceus\n|\n|-weather|PrimordialSea|[upkeep]\n|-damage|p2a: Kyogre|51\/100 psn|[from] psn\n|upkeep\n|turn|22\n|\n|t:|1699625716\n|-curestatus|p1a: Arceus|slp|[msg]\n|move|p1a: Arceus|Cosmic Power|p1a: Arceus\n|-boost|p1a: Arceus|def|1\n|-boost|p1a: Arceus|spd|1\n|move|p2a: Kyogre|Calm Mind|p2a: Kyogre\n|-boost|p2a: Kyogre|spa|1\n|-boost|p2a: Kyogre|spd|1\n|\n|-weather|PrimordialSea|[upkeep]\n|-damage|p2a: Kyogre|39\/100 psn|[from] psn\n|upkeep\n|turn|23\n|\n|t:|1699625727\n|move|p1a: Arceus|Cosmic Power|p1a: Arceus\n|-boost|p1a: Arceus|def|1\n|-boost|p1a: Arceus|spd|1\n|move|p2a: Kyogre|Origin Pulse|p1a: Arceus\n|-damage|p1a: Arceus|11\/100\n|\n|-weather|PrimordialSea|[upkeep]\n|-damage|p2a: Kyogre|26\/100 psn|[from] psn\n|upkeep\n|turn|24\n|\n|t:|1699625736\n|move|p1a: Arceus|Rest|p1a: Arceus\n|-status|p1a: Arceus|slp|[from] move: Rest\n|-heal|p1a: Arceus|100\/100 slp|[silent]\n|move|p2a: Kyogre|Origin Pulse|p1a: Arceus\n|-damage|p1a: Arceus|71\/100 slp\n|\n|-weather|PrimordialSea|[upkeep]\n|-damage|p2a: Kyogre|14\/100 psn|[from] psn\n|upkeep\n|turn|25\n|\n|t:|1699625746\n|cant|p1a: Arceus|slp\n|move|p2a: Kyogre|Origin Pulse|p1a: Arceus|[miss]\n|-miss|p2a: Kyogre|p1a: Arceus\n|\n|-weather|PrimordialSea|[upkeep]\n|-damage|p2a: Kyogre|1\/100 psn|[from] psn\n|upkeep\n|turn|26\n|\n|t:|1699625756\n|cant|p1a: Arceus|slp\n|move|p2a: Kyogre|Origin Pulse|p1a: Arceus|[miss]\n|-miss|p2a: Kyogre|p1a: Arceus\n|\n|-weather|PrimordialSea|[upkeep]\n|-damage|p2a: Kyogre|0 fnt|[from] psn\n|faint|p2a: Kyogre\n|-weather|none\n|upkeep\n|\n|t:|1699625761\n|switch|p2a: Ho-Oh|Ho-Oh|76\/100\n|turn|27\n|\n|t:|1699625769\n|switch|p2a: Darmanitan|Darmanitan-Galar, M|25\/100 psn\n|-curestatus|p1a: Arceus|slp|[msg]\n|move|p1a: Arceus|Cosmic Power|p1a: Arceus\n|-boost|p1a: Arceus|def|1\n|-boost|p1a: Arceus|spd|1\n|\n|-damage|p2a: Darmanitan|12\/100 psn|[from] psn\n|upkeep\n|turn|28\n|\n|t:|1699625780\n|move|p2a: Darmanitan|Icicle Crash|p1a: Arceus\n|-damage|p1a: Arceus|61\/100\n|cant|p1a: Arceus|flinch\n|\n|-damage|p2a: Darmanitan|0 fnt|[from] psn\n|faint|p2a: Darmanitan\n|upkeep\n|\n|t:|1699625784\n|switch|p2a: Ho-Oh|Ho-Oh|100\/100\n|turn|29\n|\n|t:|1699625791\n|move|p1a: Arceus|Whirlpool|p2a: Ho-Oh|[miss]\n|-miss|p1a: Arceus|p2a: Ho-Oh\n|move|p2a: Ho-Oh|Toxic|p1a: Arceus\n|-status|p1a: Arceus|tox\n|\n|-damage|p1a: Arceus|55\/100 tox|[from] psn\n|upkeep\n|turn|30\n|c|\u2606JustMonika_CARR|Tf\n|\n|t:|1699625800\n|move|p1a: Arceus|Toxic|p2a: Ho-Oh\n|-status|p2a: Ho-Oh|tox\n|move|p2a: Ho-Oh|Sacred Fire|p1a: Arceus\n|-damage|p1a: Arceus|48\/100 tox\n|\n|-damage|p1a: Arceus|36\/100 tox|[from] psn\n|-damage|p2a: Ho-Oh|94\/100 tox|[from] psn\n|upkeep\n|turn|31\n|\n|t:|1699625811\n|move|p1a: Arceus|Rest|p1a: Arceus\n|-status|p1a: Arceus|slp|[from] move: Rest\n|-heal|p1a: Arceus|100\/100 slp|[silent]\n|move|p2a: Ho-Oh|Defog|p1a: Arceus\n|-unboost|p1a: Arceus|evasion|1\n|-sideend|p2: XYZ15|Toxic Spikes|[from] move: Defog|[of] p2a: Ho-Oh\n|\n|-damage|p2a: Ho-Oh|82\/100 tox|[from] psn\n|upkeep\n|turn|32\n|-message|XYZ15 forfeited.\n|\n|win|JustMonika_CARR\n|raw|JustMonika_CARR's rating: 1508 &rarr; <strong>1529<\/strong><br \/>(+21 for winning)\n|raw|XYZ15's rating: 1520 &rarr; <strong>1499<\/strong><br \/>(-21 for losing)\n|l|\u2606XYZ15\n","uploadtime":1699625824,"views":4,"p1id":"justmonikacarr","p2id":"xyz15","formatid":"gen9nationaldexubers","rating":1499,"private":0,"password":""}