{"id":"gen9nationaldexubers-1994421284","p1":"skfdv","p2":"iampaul3","format":"[Gen 9] National Dex Ubers","log":"|j|\u2606skfdv\n|j|\u2606iampaul3\n|t:|1700442046\n|gametype|singles\n|player|p1|skfdv|1|1116\n|player|p2|iampaul3|cynthia|1040\n|teamsize|p1|6\n|teamsize|p2|5\n|gen|9\n|tier|[Gen 9] National Dex Ubers\n|rated|\n|rule|HP Percentage Mod: HP is shown in percentages\n|rule|Endless Battle Clause: Forcing endless battles is banned\n|rule|OHKO Clause: OHKO moves are banned\n|rule|Evasion Moves Clause: Evasion moves are banned\n|rule|Evasion Items Clause: Evasion items are banned\n|rule|Species Clause: Limit one of each Pok\u00e9mon\n|rule|Sleep Clause Mod: Limit one foe put to sleep\n|rule|Mega Rayquaza Clause: You cannot mega evolve Rayquaza\n|clearpoke\n|poke|p1|Slowking, M|\n|poke|p1|Ursaluna-Bloodmoon, M|\n|poke|p1|Melmetal|\n|poke|p1|Calyrex-Ice|\n|poke|p1|Magearna|\n|poke|p1|Iron Bundle|\n|poke|p2|Feraligatr, M|\n|poke|p2|Togekiss, M|\n|poke|p2|Haxorus, F|\n|poke|p2|Palafin, M|\n|poke|p2|Salamence, M|\n|teampreview\n|\n|t:|1700442067\n|start\n|switch|p1a: Magearna|Magearna|100\/100\n|switch|p2a: Palafin|Palafin, M|100\/100\n|turn|1\n|\n|t:|1700442072\n|move|p2a: Palafin|Flip Turn|p1a: Magearna\n|-damage|p1a: Magearna|81\/100\n|-damage|p2a: Palafin|91\/100|[from] item: Life Orb\n|\n|t:|1700442080\n|detailschange|p2a: Palafin|Palafin-Hero, M\n|switch|p2a: Feraligatr|Feraligatr, M|100\/100|[from] Flip Turn\n|move|p1a: Magearna|Spikes|p2a: Feraligatr\n|-sidestart|p2: iampaul3|Spikes\n|\n|upkeep\n|turn|2\n|\n|t:|1700442086\n|move|p2a: Feraligatr|Dragon Dance|p2a: Feraligatr\n|-boost|p2a: Feraligatr|atk|1\n|-boost|p2a: Feraligatr|spe|1\n|move|p1a: Magearna|Trick Room|p1a: Magearna\n|-fieldstart|move: Trick Room|[of] p1a: Magearna\n|\n|upkeep\n|turn|3\n|\n|t:|1700442092\n|move|p1a: Magearna|Volt Switch|p2a: Feraligatr\n|-supereffective|p2a: Feraligatr\n|-damage|p2a: Feraligatr|48\/100\n|\n|t:|1700442096\n|switch|p1a: Calyrex|Calyrex-Ice|100\/100|[from] Volt Switch\n|-ability|p1a: Calyrex|As One\n|-ability|p1a: Calyrex|Unnerve\n|move|p2a: Feraligatr|Liquidation|p1a: Calyrex\n|-damage|p1a: Calyrex|45\/100\n|\n|upkeep\n|turn|4\n|\n|t:|1700442108\n|-terastallize|p1a: Calyrex|Electric\n|move|p1a: Calyrex|Tera Blast|p2a: Feraligatr|[anim] Tera Blast Electric\n|-supereffective|p2a: Feraligatr\n|-damage|p2a: Feraligatr|0 fnt\n|faint|p2a: Feraligatr\n|-ability|p1a: Calyrex|Chilling Neigh|boost\n|-boost|p1a: Calyrex|atk|1\n|\n|upkeep\n|\n|t:|1700442117\n|switch|p2a: Haxorus|Haxorus, F|100\/100\n|-damage|p2a: Haxorus|88\/100|[from] Spikes\n|-ability|p2a: Haxorus|Mold Breaker\n|turn|5\n|\n|t:|1700442122\n|move|p1a: Calyrex|Glacial Lance|p2a: Haxorus\n|-supereffective|p2a: Haxorus\n|-damage|p2a: Haxorus|0 fnt\n|faint|p2a: Haxorus\n|-ability|p1a: Calyrex|Chilling Neigh|boost\n|-boost|p1a: Calyrex|atk|1\n|\n|upkeep\n|\n|t:|1700442131\n|switch|p2a: Palafin|Palafin-Hero, M|91\/100\n|-damage|p2a: Palafin|78\/100|[from] Spikes\n|-activate|p2a: Palafin|ability: Zero to Hero\n|turn|6\n|\n|t:|1700442136\n|move|p2a: Palafin|Jet Punch|p1a: Calyrex\n|-damage|p1a: Calyrex|16\/100\n|-damage|p2a: Palafin|68\/100|[from] item: Life Orb\n|move|p1a: Calyrex|Tera Blast|p2a: Palafin|[anim] Tera Blast Electric\n|-supereffective|p2a: Palafin\n|-damage|p2a: Palafin|0 fnt\n|faint|p2a: Palafin\n|-ability|p1a: Calyrex|Chilling Neigh|boost\n|-boost|p1a: Calyrex|atk|1\n|\n|-fieldend|move: Trick Room\n|upkeep\n|\n|t:|1700442148\n|switch|p2a: Salamence|Salamence, M|100\/100\n|-ability|p2a: Salamence|Intimidate|boost\n|-unboost|p1a: Calyrex|atk|1\n|turn|7\n|\n|t:|1700442155\n|switch|p1a: Magearna|Magearna|81\/100\n|detailschange|p2a: Salamence|Salamence-Mega, M\n|-mega|p2a: Salamence|Salamence|Salamencite\n|move|p2a: Salamence|Dragon Claw|p1a: Magearna\n|-immune|p1a: Magearna\n|\n|upkeep\n|turn|8\n|\n|t:|1700442165\n|move|p2a: Salamence|Dragon Dance|p2a: Salamence\n|-boost|p2a: Salamence|atk|1\n|-boost|p2a: Salamence|spe|1\n|move|p1a: Magearna|Trick Room|p1a: Magearna\n|-fieldstart|move: Trick Room|[of] p1a: Magearna\n|\n|upkeep\n|turn|9\n|\n|t:|1700442170\n|move|p1a: Magearna|Fleur Cannon|p2a: Salamence\n|-supereffective|p2a: Salamence\n|-damage|p2a: Salamence|0 fnt\n|-unboost|p1a: Magearna|spa|2\n|-enditem|p1a: Magearna|Eject Pack\n|faint|p2a: Salamence\n|-ability|p1a: Magearna|Soul-Heart|boost\n|-boost|p1a: Magearna|spa|1\n|-message|iampaul3 forfeited.\n|\n|win|skfdv\n|raw|skfdv's rating: 1116 &rarr; <strong>1138<\/strong><br \/>(+22 for winning)\n|raw|iampaul3's rating: 1075 &rarr; <strong>1056<\/strong><br \/>(-19 for losing)\n|l|\u2606iampaul3\n|c|\u2606skfdv|gg\n","uploadtime":1700442183,"views":3,"p1id":"skfdv","p2id":"iampaul3","formatid":"gen9nationaldexubers","rating":1056,"private":0,"password":""}