{"id":"gen9nationaldexubers-1978076665","p1":"LeticiaWasntTaken","p2":"utsudere","format":"[Gen 9] National Dex Ubers","log":"|j|\u2606LeticiaWasntTaken\n|j|\u2606utsudere\n|t:|1698495824\n|gametype|singles\n|player|p1|LeticiaWasntTaken|dawn|1100\n|player|p2|utsudere|dawn|1000\n|teamsize|p1|6\n|teamsize|p2|2\n|gen|9\n|tier|[Gen 9] National Dex Ubers\n|rated|\n|rule|HP Percentage Mod: HP is shown in percentages\n|rule|Endless Battle Clause: Forcing endless battles is banned\n|rule|OHKO Clause: OHKO moves are banned\n|rule|Evasion Moves Clause: Evasion moves are banned\n|rule|Evasion Items Clause: Evasion items are banned\n|rule|Species Clause: Limit one of each Pok\u00e9mon\n|rule|Sleep Clause Mod: Limit one foe put to sleep\n|rule|Mega Rayquaza Clause: You cannot mega evolve Rayquaza\n|clearpoke\n|poke|p1|Komala, M|\n|poke|p1|Empoleon, M|\n|poke|p1|Ninetales-Alola, F|\n|poke|p1|Chandelure, F|\n|poke|p1|Zapdos|\n|poke|p1|Ogerpon-Hearthflame, F|\n|poke|p2|Lunala|\n|poke|p2|Shuckle, F|\n|teampreview\n|\n|t:|1698495829\n|start\n|switch|p1a: Ninetales|Ninetales-Alola, F|100\/100\n|switch|p2a: Shuckle|Shuckle, F|100\/100\n|-weather|Snow|[from] ability: Snow Warning|[of] p1a: Ninetales\n|turn|1\n|\n|t:|1698495837\n|move|p1a: Ninetales|Aurora Veil|p1a: Ninetales\n|-sidestart|p1: LeticiaWasntTaken|move: Aurora Veil\n|move|p2a: Shuckle|Sticky Web|p1a: Ninetales\n|-sidestart|p1: LeticiaWasntTaken|move: Sticky Web\n|\n|-weather|Snow|[upkeep]\n|upkeep\n|turn|2\n|\n|t:|1698495843\n|move|p1a: Ninetales|Encore|p2a: Shuckle\n|-start|p2a: Shuckle|Encore\n|-enditem|p2a: Shuckle|Mental Herb\n|-end|p2a: Shuckle|Encore\n|move|p2a: Shuckle|Stealth Rock|p1a: Ninetales\n|-sidestart|p1: LeticiaWasntTaken|move: Stealth Rock\n|\n|-weather|Snow|[upkeep]\n|upkeep\n|turn|3\n|\n|t:|1698495851\n|move|p1a: Ninetales|Encore|p2a: Shuckle\n|-start|p2a: Shuckle|Encore\n|move|p2a: Shuckle|Stealth Rock||[still]\n|-fail|p2a: Shuckle\n|\n|-weather|Snow|[upkeep]\n|upkeep\n|turn|4\n|\n|t:|1698495870\n|switch|p1a: Komala|Komala, M|100\/100\n|-activate|p1a: Komala|move: Sticky Web\n|-unboost|p1a: Komala|spe|1\n|-damage|p1a: Komala|88\/100|[from] Stealth Rock\n|-ability|p1a: Komala|Comatose\n|move|p2a: Shuckle|Stealth Rock||[still]\n|-fail|p2a: Shuckle\n|\n|-weather|Snow|[upkeep]\n|upkeep\n|turn|5\n|\n|t:|1698495879\n|move|p1a: Komala|Sleep Talk|p1a: Komala\n|move|p1a: Komala|Last Resort|p2a: Shuckle|[from]move: Sleep Talk\n|-resisted|p2a: Shuckle\n|-damage|p2a: Shuckle|64\/100\n|move|p2a: Shuckle|Stealth Rock||[still]\n|-fail|p2a: Shuckle\n|\n|-weather|none\n|-end|p2a: Shuckle|Encore\n|upkeep\n|turn|6\n|\n|t:|1698495891\n|move|p1a: Komala|Sleep Talk|p1a: Komala\n|move|p1a: Komala|Last Resort|p2a: Shuckle|[from]move: Sleep Talk\n|-resisted|p2a: Shuckle\n|-damage|p2a: Shuckle|26\/100\n|move|p2a: Shuckle|Toxic|p1a: Komala\n|-immune|p1a: Komala|[from] ability: Comatose\n|\n|upkeep\n|turn|7\n|\n|t:|1698495898\n|move|p1a: Komala|Sleep Talk|p1a: Komala\n|move|p1a: Komala|Last Resort|p2a: Shuckle|[from]move: Sleep Talk\n|-resisted|p2a: Shuckle\n|-damage|p2a: Shuckle|0 fnt\n|faint|p2a: Shuckle\n|\n|upkeep\n|\n|t:|1698495903\n|switch|p2a: Lunala|Lunala|100\/100\n|turn|8\n|\n|t:|1698495909\n|switch|p1a: Zapdos|Zapdos|100\/100\n|move|p2a: Lunala|Calm Mind|p2a: Lunala\n|-boost|p2a: Lunala|spa|1\n|-boost|p2a: Lunala|spd|1\n|\n|-sideend|p1: LeticiaWasntTaken|move: Aurora Veil\n|upkeep\n|turn|9\n|\n|t:|1698495917\n|move|p1a: Zapdos|Hurricane|p2a: Lunala|[miss]\n|-miss|p1a: Zapdos|p2a: Lunala\n|move|p2a: Lunala|Moongeist Beam|p1a: Zapdos\n|-damage|p1a: Zapdos|16\/100\n|\n|upkeep\n|turn|10\n|\n|t:|1698495925\n|move|p1a: Zapdos|Hurricane|p2a: Lunala\n|-damage|p2a: Lunala|86\/100\n|-start|p2a: Lunala|confusion\n|-activate|p2a: Lunala|confusion\n|-damage|p2a: Lunala|79\/100|[from] confusion\n|\n|upkeep\n|turn|11\n|\n|t:|1698495932\n|move|p1a: Zapdos|Roost|p1a: Zapdos\n|-heal|p1a: Zapdos|66\/100\n|-singleturn|p1a: Zapdos|move: Roost\n|-activate|p2a: Lunala|confusion\n|move|p2a: Lunala|Moongeist Beam|p1a: Zapdos\n|-damage|p1a: Zapdos|0 fnt\n|faint|p1a: Zapdos\n|\n|upkeep\n|\n|t:|1698495940\n|switch|p1a: Ninetales|Ninetales-Alola, F|100\/100\n|-activate|p1a: Ninetales|move: Sticky Web\n|-unboost|p1a: Ninetales|spe|1\n|-damage|p1a: Ninetales|76\/100|[from] Stealth Rock\n|-weather|Snow|[from] ability: Snow Warning|[of] p1a: Ninetales\n|turn|12\n|inactive|Battle timer is ON: inactive players will automatically lose when time's up. (requested by LeticiaWasntTaken)\n|\n|t:|1698495961\n|-end|p2a: Lunala|confusion\n|move|p2a: Lunala|Moongeist Beam|p1a: Ninetales\n|-damage|p1a: Ninetales|2\/100\n|move|p1a: Ninetales|Aurora Veil|p1a: Ninetales\n|-sidestart|p1: LeticiaWasntTaken|move: Aurora Veil\n|\n|-weather|Snow|[upkeep]\n|upkeep\n|turn|13\n|\n|t:|1698495978\n|switch|p1a: Komala|Komala, M|88\/100\n|-activate|p1a: Komala|move: Sticky Web\n|-unboost|p1a: Komala|spe|1\n|-damage|p1a: Komala|76\/100|[from] Stealth Rock\n|-ability|p1a: Komala|Comatose\n|move|p2a: Lunala|Moongeist Beam|p1a: Komala\n|-immune|p1a: Komala\n|\n|-weather|Snow|[upkeep]\n|upkeep\n|turn|14\n|\n|t:|1698495992\n|switch|p1a: Empoleon|Empoleon, M|100\/100\n|-activate|p1a: Empoleon|move: Sticky Web\n|-unboost|p1a: Empoleon|spe|1\n|-ability|p1a: Empoleon|Competitive|boost\n|-boost|p1a: Empoleon|spa|2\n|-damage|p1a: Empoleon|94\/100|[from] Stealth Rock\n|move|p2a: Lunala|Psyshock|p1a: Empoleon\n|-resisted|p1a: Empoleon\n|-crit|p1a: Empoleon\n|-damage|p1a: Empoleon|38\/100\n|\n|-weather|Snow|[upkeep]\n|upkeep\n|turn|15\n|\n|t:|1698496002\n|move|p2a: Lunala|Roost|p2a: Lunala\n|-heal|p2a: Lunala|100\/100\n|-singleturn|p2a: Lunala|move: Roost\n|move|p1a: Empoleon|Agility|p1a: Empoleon\n|-boost|p1a: Empoleon|spe|2\n|\n|-weather|Snow|[upkeep]\n|upkeep\n|turn|16\n|\n|t:|1698496011\n|move|p1a: Empoleon|Surf|p2a: Lunala\n|-damage|p2a: Lunala|77\/100\n|move|p2a: Lunala|Psyshock|p1a: Empoleon\n|-resisted|p1a: Empoleon\n|-damage|p1a: Empoleon|18\/100\n|\n|-weather|none\n|upkeep\n|turn|17\n|\n|t:|1698496019\n|move|p1a: Empoleon|Ice Beam|p2a: Lunala\n|-damage|p2a: Lunala|48\/100\n|move|p2a: Lunala|Roost|p2a: Lunala\n|-heal|p2a: Lunala|98\/100\n|-singleturn|p2a: Lunala|move: Roost\n|\n|upkeep\n|turn|18\n|\n|t:|1698496026\n|move|p1a: Empoleon|Surf|p2a: Lunala\n|-damage|p2a: Lunala|50\/100\n|move|p2a: Lunala|Moongeist Beam|p1a: Empoleon\n|-damage|p1a: Empoleon|0 fnt\n|faint|p1a: Empoleon\n|\n|upkeep\n|\n|t:|1698496036\n|switch|p1a: Ogerpon|Ogerpon-Hearthflame, F|100\/100\n|-activate|p1a: Ogerpon|move: Sticky Web\n|-unboost|p1a: Ogerpon|spe|1\n|-damage|p1a: Ogerpon|76\/100|[from] Stealth Rock\n|-ability|p1a: Ogerpon|Mold Breaker\n|turn|19\n|\n|t:|1698496044\n|-terastallize|p1a: Ogerpon|Fire\n|detailschange|p1a: Ogerpon|Ogerpon-Hearthflame-Tera, F, tera:Fire\n|-ability|p1a: Ogerpon|Embody Aspect (Hearthflame)|boost\n|-boost|p1a: Ogerpon|atk|1\n|move|p2a: Lunala|Roost|p2a: Lunala\n|-heal|p2a: Lunala|99\/100\n|-singleturn|p2a: Lunala|move: Roost\n|move|p1a: Ogerpon|Ivy Cudgel|p2a: Lunala\n|-damage|p2a: Lunala|6\/100\n|\n|-sideend|p1: LeticiaWasntTaken|move: Aurora Veil\n|upkeep\n|turn|20\n|\n|t:|1698496057\n|move|p2a: Lunala|Moongeist Beam|p1a: Ogerpon\n|-damage|p1a: Ogerpon|0 fnt\n|faint|p1a: Ogerpon\n|\n|upkeep\n|\n|t:|1698496064\n|switch|p1a: Ninetales|Ninetales-Alola, F|2\/100\n|-activate|p1a: Ninetales|move: Sticky Web\n|-unboost|p1a: Ninetales|spe|1\n|-damage|p1a: Ninetales|0 fnt|[from] Stealth Rock\n|faint|p1a: Ninetales\n|\n|t:|1698496066\n|switch|p1a: Chandelure|Chandelure, F|100\/100\n|-activate|p1a: Chandelure|move: Sticky Web\n|-unboost|p1a: Chandelure|spe|1\n|-damage|p1a: Chandelure|76\/100|[from] Stealth Rock\n|turn|21\n|\n|t:|1698496085\n|move|p2a: Lunala|Moongeist Beam|p1a: Chandelure\n|-supereffective|p1a: Chandelure\n|-damage|p1a: Chandelure|0 fnt\n|faint|p1a: Chandelure\n|\n|upkeep\n|\n|t:|1698496090\n|switch|p1a: Komala|Komala, M|76\/100\n|-activate|p1a: Komala|move: Sticky Web\n|-unboost|p1a: Komala|spe|1\n|-damage|p1a: Komala|64\/100|[from] Stealth Rock\n|-ability|p1a: Komala|Comatose\n|turn|22\n|\n|t:|1698496099\n|move|p2a: Lunala|Psyshock|p1a: Komala\n|-damage|p1a: Komala|0 fnt\n|faint|p1a: Komala\n|\n|win|utsudere\n|raw|LeticiaWasntTaken's rating: 1100 &rarr; <strong>1068<\/strong><br \/>(-32 for losing)\n|raw|utsudere's rating: 1000 &rarr; <strong>1051<\/strong><br \/>(+51 for winning)\n|l|\u2606LeticiaWasntTaken\n","uploadtime":1698496145,"views":7,"p1id":"leticiawasnttaken","p2id":"utsudere","formatid":"gen9nationaldexubers","rating":1051,"private":0,"password":""}