{"id":"gen9nationaldexubers-1994156284","p1":"12agentej","p2":"LunchyLunchy2","format":"[Gen 9] National Dex Ubers","log":"|j|\u260612agentej\n|j|\u2606LunchyLunchy2\n|t:|1700413405\n|gametype|singles\n|player|p1|12agentej|1|1000\n|player|p2|LunchyLunchy2|brycen|1000\n|teamsize|p1|6\n|teamsize|p2|2\n|gen|9\n|tier|[Gen 9] National Dex Ubers\n|rated|\n|rule|HP Percentage Mod: HP is shown in percentages\n|rule|Endless Battle Clause: Forcing endless battles is banned\n|rule|OHKO Clause: OHKO moves are banned\n|rule|Evasion Moves Clause: Evasion moves are banned\n|rule|Evasion Items Clause: Evasion items are banned\n|rule|Species Clause: Limit one of each Pok\u00e9mon\n|rule|Sleep Clause Mod: Limit one foe put to sleep\n|rule|Mega Rayquaza Clause: You cannot mega evolve Rayquaza\n|clearpoke\n|poke|p1|Chesnaught, M|\n|poke|p1|Gogoat, F|\n|poke|p1|Noivern, F|\n|poke|p1|Hoopa-Unbound|\n|poke|p1|Greninja-*, M|\n|poke|p1|Carbink|\n|poke|p2|Durant, M|\n|poke|p2|Dugtrio, M|\n|teampreview\n|inactive|Battle timer is ON: inactive players will automatically lose when time's up. (requested by LunchyLunchy2)\n|inactive|12agentej has 120 seconds left.\n|inactive|12agentej has 90 seconds left.\n|\n|t:|1700413548\n|start\n|switch|p1a: Carbink|Carbink|100\/100\n|switch|p2a: Durant|Durant, M|100\/100\n|turn|1\n|\n|t:|1700413556\n|-terastallize|p1a: Carbink|Rock\n|move|p2a: Durant|Entrainment|p1a: Carbink\n|-endability|p1a: Carbink|Clear Body|[from] move: Entrainment\n|-ability|p1a: Carbink|Truant|[from] move: Entrainment\n|move|p1a: Carbink|Reflect|p1a: Carbink\n|-sidestart|p1: 12agentej|Reflect\n|\n|upkeep\n|turn|2\n|\n|t:|1700413575\n|switch|p2a: Dugtrio|Dugtrio, M, shiny|100\/100\n|cant|p1a: Carbink|ability: Truant\n|\n|upkeep\n|turn|3\n|\n|t:|1700413580\n|move|p2a: Dugtrio|Protect|p2a: Dugtrio\n|-singleturn|p2a: Dugtrio|Protect\n|move|p1a: Carbink|Gyro Ball|p2a: Dugtrio\n|-activate|p2a: Dugtrio|move: Protect\n|\n|upkeep\n|turn|4\n|inactive|12agentej has 120 seconds left.\n|inactive|12agentej has 90 seconds left.\n|inactive|12agentej has 60 seconds left.\n|\n|t:|1700413674\n|move|p2a: Dugtrio|Hone Claws|p2a: Dugtrio\n|-boost|p2a: Dugtrio|atk|1\n|-boost|p2a: Dugtrio|accuracy|1\n|cant|p1a: Carbink|ability: Truant\n|\n|upkeep\n|turn|5\n|inactive|12agentej has 60 seconds left.\n|\n|t:|1700413686\n|move|p2a: Dugtrio|Protect|p2a: Dugtrio\n|-singleturn|p2a: Dugtrio|Protect\n|move|p1a: Carbink|Light Screen|p1a: Carbink\n|-sidestart|p1: 12agentej|move: Light Screen\n|\n|upkeep\n|turn|6\n|\n|t:|1700413690\n|move|p2a: Dugtrio|Hone Claws|p2a: Dugtrio\n|-boost|p2a: Dugtrio|atk|1\n|-boost|p2a: Dugtrio|accuracy|1\n|cant|p1a: Carbink|ability: Truant\n|\n|upkeep\n|turn|7\n|\n|t:|1700413701\n|move|p2a: Dugtrio|Protect|p2a: Dugtrio\n|-singleturn|p2a: Dugtrio|Protect\n|move|p1a: Carbink|Gyro Ball|p2a: Dugtrio\n|-activate|p2a: Dugtrio|move: Protect\n|\n|upkeep\n|turn|8\n|\n|t:|1700413706\n|move|p2a: Dugtrio|Hone Claws|p2a: Dugtrio\n|-boost|p2a: Dugtrio|atk|1\n|-boost|p2a: Dugtrio|accuracy|1\n|cant|p1a: Carbink|ability: Truant\n|\n|-sideend|p1: 12agentej|Reflect\n|upkeep\n|turn|9\n|\n|t:|1700413711\n|move|p2a: Dugtrio|Protect|p2a: Dugtrio\n|-singleturn|p2a: Dugtrio|Protect\n|move|p1a: Carbink|Reflect|p1a: Carbink\n|-sidestart|p1: 12agentej|Reflect\n|\n|upkeep\n|turn|10\n|inactive|12agentej has 90 seconds left.\n|\n|t:|1700413722\n|move|p2a: Dugtrio|Hone Claws|p2a: Dugtrio\n|-boost|p2a: Dugtrio|atk|1\n|-boost|p2a: Dugtrio|accuracy|1\n|cant|p1a: Carbink|ability: Truant\n|\n|upkeep\n|turn|11\n|\n|t:|1700413728\n|move|p2a: Dugtrio|Protect|p2a: Dugtrio\n|-singleturn|p2a: Dugtrio|Protect\n|move|p1a: Carbink|Gyro Ball|p2a: Dugtrio\n|-activate|p2a: Dugtrio|move: Protect\n|\n|upkeep\n|turn|12\n|\n|t:|1700413732\n|move|p2a: Dugtrio|Hone Claws|p2a: Dugtrio\n|-boost|p2a: Dugtrio|atk|1\n|-boost|p2a: Dugtrio|accuracy|1\n|cant|p1a: Carbink|ability: Truant\n|\n|-sideend|p1: 12agentej|move: Light Screen\n|upkeep\n|turn|13\n|\n|t:|1700413739\n|move|p2a: Dugtrio|Protect|p2a: Dugtrio\n|-singleturn|p2a: Dugtrio|Protect\n|move|p1a: Carbink|Gyro Ball|p2a: Dugtrio\n|-activate|p2a: Dugtrio|move: Protect\n|\n|upkeep\n|turn|14\n|\n|t:|1700413750\n|move|p2a: Dugtrio|Hone Claws|p2a: Dugtrio\n|-boost|p2a: Dugtrio|atk|1\n|-boost|p2a: Dugtrio|accuracy|1\n|cant|p1a: Carbink|ability: Truant\n|\n|upkeep\n|turn|15\n|\n|t:|1700413755\n|move|p2a: Dugtrio|Protect|p2a: Dugtrio\n|-singleturn|p2a: Dugtrio|Protect\n|move|p1a: Carbink|Gyro Ball|p2a: Dugtrio\n|-activate|p2a: Dugtrio|move: Protect\n|\n|upkeep\n|turn|16\n|\n|t:|1700413761\n|move|p2a: Dugtrio|Agility|p2a: Dugtrio\n|-boost|p2a: Dugtrio|spe|2\n|cant|p1a: Carbink|ability: Truant\n|\n|-sideend|p1: 12agentej|Reflect\n|upkeep\n|turn|17\n|\n|t:|1700413767\n|move|p2a: Dugtrio|Protect|p2a: Dugtrio\n|-singleturn|p2a: Dugtrio|Protect\n|move|p1a: Carbink|Reflect|p1a: Carbink\n|-sidestart|p1: 12agentej|Reflect\n|\n|upkeep\n|turn|18\n|\n|t:|1700413772\n|move|p2a: Dugtrio|Agility|p2a: Dugtrio\n|-boost|p2a: Dugtrio|spe|2\n|cant|p1a: Carbink|ability: Truant\n|\n|upkeep\n|turn|19\n|\n|t:|1700413779\n|move|p2a: Dugtrio|Protect|p2a: Dugtrio\n|-singleturn|p2a: Dugtrio|Protect\n|move|p1a: Carbink|Gyro Ball|p2a: Dugtrio\n|-activate|p2a: Dugtrio|move: Protect\n|\n|upkeep\n|turn|20\n|\n|t:|1700413785\n|move|p2a: Dugtrio|Agility|p2a: Dugtrio\n|-boost|p2a: Dugtrio|spe|2\n|cant|p1a: Carbink|ability: Truant\n|\n|upkeep\n|turn|21\n|\n|t:|1700413790\n|move|p2a: Dugtrio|Protect|p2a: Dugtrio\n|-singleturn|p2a: Dugtrio|Protect\n|move|p1a: Carbink|Gyro Ball|p2a: Dugtrio\n|-activate|p2a: Dugtrio|move: Protect\n|\n|upkeep\n|turn|22\n|\n|t:|1700413797\n|move|p2a: Dugtrio|Agility|p2a: Dugtrio\n|-boost|p2a: Dugtrio|spe|0\n|cant|p1a: Carbink|ability: Truant\n|\n|upkeep\n|turn|23\n|\n|t:|1700413803\n|move|p2a: Dugtrio|Protect|p2a: Dugtrio\n|-singleturn|p2a: Dugtrio|Protect\n|move|p1a: Carbink|Gyro Ball|p2a: Dugtrio\n|-activate|p2a: Dugtrio|move: Protect\n|\n|upkeep\n|turn|24\n|\n|t:|1700413811\n|move|p2a: Dugtrio|Rock Slide|p1a: Carbink\n|-crit|p1a: Carbink\n|-damage|p1a: Carbink|21\/100\n|cant|p1a: Carbink|ability: Truant\n|\n|-sideend|p1: 12agentej|Reflect\n|upkeep\n|turn|25\n|\n|t:|1700413818\n|move|p2a: Dugtrio|Rock Slide|p1a: Carbink\n|-crit|p1a: Carbink\n|-damage|p1a: Carbink|0 fnt\n|faint|p1a: Carbink\n|\n|upkeep\n|\n|t:|1700413822\n|switch|p1a: Greninja|Greninja, M|100\/100\n|turn|26\n|\n|t:|1700413826\n|move|p2a: Dugtrio|Rock Slide|p1a: Greninja\n|-damage|p1a: Greninja|0 fnt\n|faint|p1a: Greninja\n|\n|upkeep\n|\n|t:|1700413830\n|switch|p1a: Chesnaught|Chesnaught, M|100\/100\n|turn|27\n|\n|t:|1700413834\n|move|p2a: Dugtrio|Rock Slide|p1a: Chesnaught\n|-resisted|p1a: Chesnaught\n|-damage|p1a: Chesnaught|59\/100\n|move|p1a: Chesnaught|Wood Hammer|p2a: Dugtrio\n|-supereffective|p2a: Dugtrio\n|-enditem|p2a: Dugtrio|Focus Sash\n|-damage|p2a: Dugtrio|1\/100\n|-damage|p1a: Chesnaught|37\/100|[from] Recoil\n|\n|upkeep\n|turn|28\n|\n|t:|1700413845\n|move|p2a: Dugtrio|Rock Slide|p1a: Chesnaught\n|-resisted|p1a: Chesnaught\n|-damage|p1a: Chesnaught|0 fnt\n|faint|p1a: Chesnaught\n|\n|upkeep\n|\n|t:|1700413851\n|switch|p1a: Gogoat|Gogoat, F|100\/100\n|turn|29\n|\n|t:|1700413854\n|move|p2a: Dugtrio|Rock Slide|p1a: Gogoat\n|-damage|p1a: Gogoat|4\/100\n|cant|p1a: Gogoat|flinch\n|\n|-heal|p1a: Gogoat|10\/100|[from] item: Leftovers\n|upkeep\n|turn|30\n|\n|t:|1700413861\n|move|p2a: Dugtrio|Rock Slide|p1a: Gogoat\n|-damage|p1a: Gogoat|0 fnt\n|faint|p1a: Gogoat\n|\n|upkeep\n|\n|t:|1700413864\n|switch|p1a: Hoopa|Hoopa-Unbound|100\/100\n|turn|31\n|\n|t:|1700413868\n|move|p2a: Dugtrio|Rock Slide|p1a: Hoopa\n|-damage|p1a: Hoopa|0 fnt\n|faint|p1a: Hoopa\n|\n|upkeep\n|\n|t:|1700413871\n|switch|p1a: Noivern|Noivern, F|100\/100\n|turn|32\n|\n|t:|1700413874\n|move|p2a: Dugtrio|Rock Slide|p1a: Noivern\n|-supereffective|p1a: Noivern\n|-damage|p1a: Noivern|0 fnt\n|faint|p1a: Noivern\n|\n|win|LunchyLunchy2\n|raw|12agentej's rating: 1000 &rarr; <strong>1000<\/strong><br \/>(+0 for losing)\n|raw|LunchyLunchy2's rating: 1040 &rarr; <strong>1070<\/strong><br \/>(+30 for winning)\n|l|\u260612agentej\n|c|\u2606LunchyLunchy2|gg\n","uploadtime":1700413883,"views":5,"p1id":"12agentej","p2id":"lunchylunchy2","formatid":"gen9nationaldexubers","rating":1000,"private":0,"password":""}