{"id":"gen9nationaldexubers-1989577977","p1":"wdymthenameisthere","p2":"XXX0122","format":"[Gen 9] National Dex Ubers","log":"|j|\u2606wdymthenameisthere\n|j|\u2606XXX0122\n|t:|1699874034\n|gametype|singles\n|player|p1|wdymthenameisthere|volkner|1142\n|player|p2|XXX0122|265|1153\n|teamsize|p1|6\n|teamsize|p2|6\n|gen|9\n|tier|[Gen 9] National Dex Ubers\n|rated|\n|rule|HP Percentage Mod: HP is shown in percentages\n|rule|Endless Battle Clause: Forcing endless battles is banned\n|rule|OHKO Clause: OHKO moves are banned\n|rule|Evasion Moves Clause: Evasion moves are banned\n|rule|Evasion Items Clause: Evasion items are banned\n|rule|Species Clause: Limit one of each Pok\u00e9mon\n|rule|Sleep Clause Mod: Limit one foe put to sleep\n|rule|Mega Rayquaza Clause: You cannot mega evolve Rayquaza\n|clearpoke\n|poke|p1|Dracovish|\n|poke|p1|Eternatus|\n|poke|p1|Kingambit, F|\n|poke|p1|Ferrothorn, M|\n|poke|p1|Mewtwo|\n|poke|p1|Groudon|\n|poke|p2|Charizard, M|\n|poke|p2|Heatran, M|\n|poke|p2|Victini|\n|poke|p2|Venusaur, F|\n|poke|p2|Scovillain, F|\n|poke|p2|Torkoal, F|\n|teampreview\n|\n|t:|1699874054\n|start\n|switch|p1a: Ferrothorn|Ferrothorn, M|100\/100\n|switch|p2a: Torkoal|Torkoal, F|100\/100\n|-weather|SunnyDay|[from] ability: Drought|[of] p2a: Torkoal\n|turn|1\n|\n|t:|1699874062\n|move|p1a: Ferrothorn|Stealth Rock|p2a: Torkoal\n|-sidestart|p2: XXX0122|move: Stealth Rock\n|move|p2a: Torkoal|Lava Plume|p1a: Ferrothorn\n|-supereffective|p1a: Ferrothorn\n|-damage|p1a: Ferrothorn|7\/100\n|\n|-weather|SunnyDay|[upkeep]\n|upkeep\n|turn|2\n|\n|t:|1699874071\n|move|p1a: Ferrothorn|Spikes|p2a: Torkoal\n|-sidestart|p2: XXX0122|Spikes\n|move|p2a: Torkoal|Lava Plume|p1a: Ferrothorn\n|-supereffective|p1a: Ferrothorn\n|-damage|p1a: Ferrothorn|0 fnt\n|faint|p1a: Ferrothorn\n|\n|-weather|SunnyDay|[upkeep]\n|upkeep\n|\n|t:|1699874078\n|switch|p1a: Dracovish|Dracovish, shiny|100\/100\n|turn|3\n|\n|t:|1699874093\n|-terastallize|p1a: Dracovish|Water\n|-terastallize|p2a: Torkoal|Fairy\n|move|p1a: Dracovish|Fishious Rend|p2a: Torkoal\n|-damage|p2a: Torkoal|56\/100\n|move|p2a: Torkoal|Rapid Spin|p1a: Dracovish\n|-damage|p1a: Dracovish|91\/100\n|-boost|p2a: Torkoal|spe|1\n|-sideend|p2: XXX0122|Spikes|[from] move: Rapid Spin|[of] p2a: Torkoal\n|-sideend|p2: XXX0122|Stealth Rock|[from] move: Rapid Spin|[of] p2a: Torkoal\n|\n|-weather|SunnyDay|[upkeep]\n|upkeep\n|turn|4\n|\n|t:|1699874114\n|switch|p1a: Eternatus|Eternatus|100\/100\n|-ability|p1a: Eternatus|Pressure\n|switch|p2a: Venusaur|Venusaur, F|100\/100\n|\n|-weather|SunnyDay|[upkeep]\n|upkeep\n|turn|5\n|\n|t:|1699874124\n|move|p2a: Venusaur|Growth|p2a: Venusaur\n|-boost|p2a: Venusaur|atk|2\n|-boost|p2a: Venusaur|spa|2\n|move|p1a: Eternatus|Dynamax Cannon|p2a: Venusaur\n|-damage|p2a: Venusaur|31\/100\n|\n|-weather|SunnyDay|[upkeep]\n|upkeep\n|turn|6\n|\n|t:|1699874134\n|move|p2a: Venusaur|Earth Power|p1a: Eternatus\n|-supereffective|p1a: Eternatus\n|-damage|p1a: Eternatus|19\/100\n|-damage|p2a: Venusaur|21\/100|[from] item: Life Orb\n|move|p1a: Eternatus|Dynamax Cannon|p2a: Venusaur\n|-crit|p2a: Venusaur\n|-damage|p2a: Venusaur|0 fnt\n|faint|p2a: Venusaur\n|\n|-weather|SunnyDay|[upkeep]\n|upkeep\n|\n|t:|1699874144\n|switch|p2a: Scovillain|Scovillain, F|100\/100\n|turn|7\n|\n|t:|1699874150\n|move|p2a: Scovillain|Stomping Tantrum|p1a: Eternatus\n|-supereffective|p1a: Eternatus\n|-damage|p1a: Eternatus|0 fnt\n|faint|p1a: Eternatus\n|\n|-weather|SunnyDay|[upkeep]\n|upkeep\n|\n|t:|1699874158\n|switch|p1a: Groudon|Groudon|100\/100\n|detailschange|p1a: Groudon|Groudon-Primal\n|-primal|p1a: Groudon|Red Orb\n|-weather|DesolateLand|[from] ability: Desolate Land|[of] p1a: Groudon\n|turn|8\n|\n|t:|1699874167\n|-zpower|p2a: Scovillain\n|move|p2a: Scovillain|Tectonic Rage|p1a: Groudon|[zeffect]\n|-supereffective|p1a: Groudon\n|-damage|p1a: Groudon|58\/100\n|move|p1a: Groudon|Precipice Blades|p2a: Scovillain|[miss]\n|-miss|p1a: Groudon|p2a: Scovillain\n|\n|-weather|DesolateLand|[upkeep]\n|upkeep\n|turn|9\n|\n|t:|1699874185\n|move|p2a: Scovillain|Stomping Tantrum|p1a: Groudon\n|-supereffective|p1a: Groudon\n|-damage|p1a: Groudon|32\/100\n|move|p1a: Groudon|Seismic Toss|p2a: Scovillain\n|-damage|p2a: Scovillain|64\/100\n|\n|-weather|DesolateLand|[upkeep]\n|upkeep\n|turn|10\n|\n|t:|1699874192\n|-weather|none\n|switch|p1a: Mewtwo|Mewtwo|100\/100\n|-ability|p1a: Mewtwo|Unnerve\n|move|p2a: Scovillain|Growth|p2a: Scovillain\n|-boost|p2a: Scovillain|atk|1\n|-boost|p2a: Scovillain|spa|1\n|\n|upkeep\n|turn|11\n|\n|t:|1699874206\n|detailschange|p1a: Mewtwo|Mewtwo-Mega-Y\n|-mega|p1a: Mewtwo|Mewtwo|Mewtwonite Y\n|move|p1a: Mewtwo|Psystrike|p2a: Scovillain\n|-damage|p2a: Scovillain|0 fnt\n|faint|p2a: Scovillain\n|\n|upkeep\n|\n|t:|1699874220\n|switch|p2a: Heatran|Heatran, M|100\/100\n|-item|p2a: Heatran|Air Balloon\n|turn|12\n|\n|t:|1699874227\n|move|p1a: Mewtwo|Future Sight|p2a: Heatran\n|-start|p1a: Mewtwo|move: Future Sight\n|move|p2a: Heatran|Magma Storm|p1a: Mewtwo\n|-damage|p1a: Mewtwo|55\/100\n|-activate|p1a: Mewtwo|move: Magma Storm|[of] p2a: Heatran\n|\n|-damage|p1a: Mewtwo|43\/100|[from] move: Magma Storm|[partiallytrapped]\n|upkeep\n|turn|13\n|\n|t:|1699874239\n|move|p1a: Mewtwo|Focus Blast|p2a: Heatran|[miss]\n|-miss|p1a: Mewtwo|p2a: Heatran\n|move|p2a: Heatran|Eruption|p1a: Mewtwo\n|-damage|p1a: Mewtwo|0 fnt\n|faint|p1a: Mewtwo\n|\n|upkeep\n|\n|t:|1699874246\n|switch|p1a: Dracovish|Dracovish, shiny, tera:Water|91\/100\n|turn|14\n|\n|t:|1699874251\n|switch|p2a: Torkoal|Torkoal, F, tera:Fairy|56\/100\n|-weather|SunnyDay|[from] ability: Drought|[of] p2a: Torkoal\n|move|p1a: Dracovish|Fishious Rend|p2a: Torkoal\n|-damage|p2a: Torkoal|12\/100\n|\n|-weather|SunnyDay|[upkeep]\n|-end|p2a: Torkoal|move: Future Sight\n|-damage|p2a: Torkoal|0 fnt\n|faint|p2a: Torkoal\n|upkeep\n|\n|t:|1699874272\n|switch|p2a: Victini|Victini|100\/100\n|turn|15\n|\n|t:|1699874293\n|move|p2a: Victini|V-create|p1a: Dracovish\n|-resisted|p1a: Dracovish\n|-damage|p1a: Dracovish|45\/100\n|-unboost|p2a: Victini|spe|1\n|-unboost|p2a: Victini|def|1\n|-unboost|p2a: Victini|spd|1\n|move|p1a: Dracovish|Fishious Rend|p2a: Victini\n|-supereffective|p2a: Victini\n|-damage|p2a: Victini|8\/100\n|\n|-weather|SunnyDay|[upkeep]\n|upkeep\n|turn|16\n|\n|t:|1699874308\n|switch|p1a: Groudon|Groudon-Primal|32\/100\n|-weather|DesolateLand|[from] ability: Desolate Land|[of] p1a: Groudon\n|move|p2a: Victini|V-create|p1a: Groudon\n|-resisted|p1a: Groudon\n|-damage|p1a: Groudon|1\/100\n|-unboost|p2a: Victini|spe|1\n|-unboost|p2a: Victini|def|1\n|-unboost|p2a: Victini|spd|1\n|\n|-weather|DesolateLand|[upkeep]\n|upkeep\n|turn|17\n|\n|t:|1699874322\n|move|p1a: Groudon|Precipice Blades|p2a: Victini\n|-supereffective|p2a: Victini\n|-damage|p2a: Victini|0 fnt\n|faint|p2a: Victini\n|\n|-weather|DesolateLand|[upkeep]\n|upkeep\n|\n|t:|1699874332\n|switch|p2a: Charizard|Charizard, M, shiny|100\/100\n|turn|18\n|\n|t:|1699874346\n|detailschange|p2a: Charizard|Charizard-Mega-Y, M, shiny\n|-mega|p2a: Charizard|Charizard|Charizardite Y\n|-ability|p2a: Charizard|Drought|[from] desolateland|[fail]\n|move|p2a: Charizard|Solar Beam||[still]\n|-prepare|p2a: Charizard|Solar Beam\n|-anim|p2a: Charizard|Solar Beam|p1a: Groudon\n|-damage|p1a: Groudon|0 fnt\n|faint|p1a: Groudon\n|-weather|none\n|\n|upkeep\n|\n|t:|1699874353\n|switch|p1a: Kingambit|Kingambit, F|100\/100\n|-activate|p1a: Kingambit|ability: Supreme Overlord\n|-start|p1a: Kingambit|fallen4|[silent]\n|turn|19\n|\n|t:|1699874362\n|move|p2a: Charizard|Scorching Sands|p1a: Kingambit\n|-supereffective|p1a: Kingambit\n|-damage|p1a: Kingambit|60\/100\n|move|p1a: Kingambit|Kowtow Cleave|p2a: Charizard\n|-damage|p2a: Charizard|0 fnt\n|faint|p2a: Charizard\n|\n|upkeep\n|\n|t:|1699874370\n|switch|p2a: Heatran|Heatran, M|100\/100\n|-item|p2a: Heatran|Air Balloon\n|turn|20\n|\n|t:|1699874377\n|move|p2a: Heatran|Magma Storm|p1a: Kingambit\n|-supereffective|p1a: Kingambit\n|-damage|p1a: Kingambit|0 fnt\n|faint|p1a: Kingambit\n|-end|p1a: Kingambit|fallen4|[silent]\n|\n|upkeep\n|\n|t:|1699874382\n|switch|p1a: Dracovish|Dracovish, shiny, tera:Water|45\/100\n|turn|21\n|\n|t:|1699874392\n|move|p1a: Dracovish|Low Kick|p2a: Heatran\n|-supereffective|p2a: Heatran\n|-crit|p2a: Heatran\n|-damage|p2a: Heatran|0 fnt\n|-enditem|p2a: Heatran|Air Balloon\n|faint|p2a: Heatran\n|\n|win|wdymthenameisthere\n|raw|wdymthenameisthere's rating: 1142 &rarr; <strong>1168<\/strong><br \/>(+26 for winning)\n|raw|XXX0122's rating: 1153 &rarr; <strong>1127<\/strong><br \/>(-26 for losing)\n","uploadtime":1699874403,"views":5,"p1id":"wdymthenameisthere","p2id":"xxx0122","formatid":"gen9nationaldexubers","rating":1127,"private":0,"password":""}