{"id":"gen9nationaldexubers-1996471502","p1":"crossedmoon","p2":"marvinthegerman","format":"[Gen 9] National Dex Ubers","log":"|j|\u2606crossedmoon\n|j|\u2606marvinthegerman\n|t:|1700685254\n|gametype|singles\n|player|p1|crossedmoon|ltsurge|\n|player|p2|marvinthegerman|blackbelt-gen4dp|\n|teamsize|p1|6\n|teamsize|p2|6\n|gen|9\n|tier|[Gen 9] National Dex Ubers\n|rule|HP Percentage Mod: HP is shown in percentages\n|rule|Endless Battle Clause: Forcing endless battles is banned\n|rule|OHKO Clause: OHKO moves are banned\n|rule|Evasion Moves Clause: Evasion moves are banned\n|rule|Evasion Items Clause: Evasion items are banned\n|rule|Species Clause: Limit one of each Pok\u00e9mon\n|rule|Sleep Clause Mod: Limit one foe put to sleep\n|rule|Mega Rayquaza Clause: You cannot mega evolve Rayquaza\n|clearpoke\n|poke|p1|Excadrill, M|\n|poke|p1|Tyranitar, F|\n|poke|p1|Chansey, F|\n|poke|p1|Zapdos|\n|poke|p1|Landorus, M|\n|poke|p1|Volcanion|\n|poke|p2|Rotom-Wash|\n|poke|p2|Diancie|\n|poke|p2|Landorus-Therian, M|\n|poke|p2|Slowking-Galar, F|\n|poke|p2|Scizor, M|\n|poke|p2|Ludicolo, M|\n|teampreview\n|j| Wikit\n|\n|t:|1700685293\n|start\n|switch|p1a: John Grogan|Tyranitar, F|100\/100\n|switch|p2a: Landorus|Landorus-Therian, M|100\/100\n|-ability|p2a: Landorus|Intimidate|boost\n|-unboost|p1a: John Grogan|atk|1\n|-weather|Sandstorm|[from] ability: Sand Stream|[of] p1a: John Grogan\n|turn|1\n|\n|t:|1700685302\n|move|p2a: Landorus|Superpower|p1a: John Grogan\n|-supereffective|p1a: John Grogan\n|-damage|p1a: John Grogan|0 fnt\n|-unboost|p2a: Landorus|atk|1\n|-unboost|p2a: Landorus|def|1\n|faint|p1a: John Grogan\n|\n|-weather|Sandstorm|[upkeep]\n|upkeep\n|c| Wikit|COOKED\n|\n|t:|1700685314\n|switch|p1a: Dr. Platt|Volcanion|100\/100\n|turn|2\n|\n|t:|1700685327\n|switch|p2a: Rotom|Rotom-Wash|100\/100\n|switch|p1a: Marley|Excadrill, M|100\/100\n|-ability|p1a: Marley|Mold Breaker\n|\n|-weather|Sandstorm|[upkeep]\n|-damage|p2a: Rotom|94\/100|[from] Sandstorm\n|-heal|p2a: Rotom|100\/100|[from] item: Leftovers\n|upkeep\n|turn|3\n|\n|t:|1700685344\n|switch|p2a: Landorus|Landorus-Therian, M|100\/100\n|-ability|p2a: Landorus|Intimidate|boost\n|-unboost|p1a: Marley|atk|1\n|move|p1a: Marley|Earthquake|p2a: Landorus\n|-immune|p2a: Landorus\n|\n|-weather|Sandstorm|[upkeep]\n|upkeep\n|turn|4\n|\n|t:|1700685354\n|switch|p1a: Sebastian Tunney|Zapdos|100\/100\n|move|p2a: Landorus|U-turn|p1a: Sebastian Tunney\n|-resisted|p1a: Sebastian Tunney\n|-damage|p1a: Sebastian Tunney|85\/100\n|\n|t:|1700685367\n|switch|p2a: Diancie|Diancie|100\/100|[from] U-turn\n|\n|-weather|Sandstorm|[upkeep]\n|-damage|p1a: Sebastian Tunney|78\/100|[from] Sandstorm\n|upkeep\n|turn|5\n|\n|t:|1700685376\n|switch|p1a: Dr. Platt|Volcanion|100\/100\n|detailschange|p2a: Diancie|Diancie-Mega\n|-mega|p2a: Diancie|Diancie|Diancite\n|move|p2a: Diancie|Diamond Storm|p1a: Dr. Platt|[miss]\n|-miss|p2a: Diancie|p1a: Dr. Platt\n|\n|-weather|none\n|upkeep\n|turn|6\n|\n|t:|1700685392\n|switch|p2a: Slowking|Slowking-Galar, F|100\/100\n|move|p1a: Dr. Platt|Steam Eruption|p2a: Slowking\n|-damage|p2a: Slowking|81\/100\n|-status|p2a: Slowking|brn\n|\n|-damage|p2a: Slowking|75\/100 brn|[from] brn\n|upkeep\n|turn|7\n|\n|t:|1700685403\n|switch|p1a: Jennifer Grogan|Chansey, F|100\/100\n|move|p2a: Slowking|Psychic|p1a: Jennifer Grogan\n|-damage|p1a: Jennifer Grogan|89\/100\n|\n|-damage|p2a: Slowking|69\/100 brn|[from] brn\n|upkeep\n|turn|8\n|\n|t:|1700685410\n|move|p1a: Jennifer Grogan|Seismic Toss|p2a: Slowking\n|-damage|p2a: Slowking|43\/100 brn\n|move|p2a: Slowking|Scald|p1a: Jennifer Grogan\n|-damage|p1a: Jennifer Grogan|82\/100\n|\n|-damage|p2a: Slowking|37\/100 brn|[from] brn\n|upkeep\n|turn|9\n|\n|t:|1700685420\n|switch|p2a: Landorus|Landorus-Therian, M|100\/100\n|-ability|p2a: Landorus|Intimidate|boost\n|-unboost|p1a: Jennifer Grogan|atk|1\n|move|p1a: Jennifer Grogan|Seismic Toss|p2a: Landorus\n|-damage|p2a: Landorus|74\/100\n|\n|upkeep\n|turn|10\n|\n|t:|1700685438\n|switch|p1a: Sebastian Tunney|Zapdos|78\/100\n|move|p2a: Landorus|Stone Edge|p1a: Sebastian Tunney\n|-supereffective|p1a: Sebastian Tunney\n|-damage|p1a: Sebastian Tunney|0 fnt\n|faint|p1a: Sebastian Tunney\n|\n|upkeep\n|\n|t:|1700685465\n|switch|p1a: Arnie Klein|Landorus, M|100\/100\n|turn|11\n|\n|t:|1700685480\n|move|p1a: Arnie Klein|Psychic|p2a: Landorus\n|-damage|p2a: Landorus|17\/100\n|move|p2a: Landorus|Stone Edge|p1a: Arnie Klein\n|-damage|p1a: Arnie Klein|28\/100\n|\n|upkeep\n|turn|12\n|\n|t:|1700685485\n|move|p1a: Arnie Klein|Psychic|p2a: Landorus\n|-damage|p2a: Landorus|0 fnt\n|faint|p2a: Landorus\n|\n|upkeep\n|\n|t:|1700685497\n|switch|p2a: Slowking|Slowking-Galar, F|70\/100 brn\n|turn|13\n|\n|t:|1700685505\n|switch|p1a: Jennifer Grogan|Chansey, F|82\/100\n|move|p2a: Slowking|Ice Beam|p1a: Jennifer Grogan\n|-damage|p1a: Jennifer Grogan|74\/100\n|-status|p1a: Jennifer Grogan|frz\n|\n|-damage|p2a: Slowking|64\/100 brn|[from] brn\n|upkeep\n|turn|14\n|\n|t:|1700685515\n|switch|p2a: Scizor|Scizor, M|100\/100\n|cant|p1a: Jennifer Grogan|frz\n|\n|upkeep\n|turn|15\n|\n|t:|1700685525\n|move|p2a: Scizor|U-turn|p1a: Jennifer Grogan\n|-damage|p1a: Jennifer Grogan|34\/100 frz\n|\n|t:|1700685535\n|switch|p2a: Diancie|Diancie-Mega|100\/100|[from] U-turn\n|-curestatus|p1a: Jennifer Grogan|frz|[msg]\n|move|p1a: Jennifer Grogan|Thunder Wave|p2a: Diancie\n|move|p2a: Diancie|Thunder Wave|p1a: Jennifer Grogan|[from]ability: Magic Bounce\n|-status|p1a: Jennifer Grogan|par\n|\n|upkeep\n|turn|16\n|c| Wikit|HES BETTER\n|\n|t:|1700685551\n|-curestatus|p1a: Jennifer Grogan|par|[from] ability: Natural Cure\n|switch|p1a: Dr. Platt|Volcanion|100\/100\n|move|p2a: Diancie|Moonblast|p1a: Dr. Platt\n|-resisted|p1a: Dr. Platt\n|-damage|p1a: Dr. Platt|72\/100\n|\n|upkeep\n|turn|17\n|\n|t:|1700685565\n|switch|p2a: Rotom|Rotom-Wash|100\/100\n|move|p1a: Dr. Platt|Earth Power|p2a: Rotom\n|-immune|p2a: Rotom|[from] ability: Levitate\n|\n|upkeep\n|turn|18\n|\n|t:|1700685576\n|switch|p1a: Marley|Excadrill, M|100\/100\n|-ability|p1a: Marley|Mold Breaker\n|move|p2a: Rotom|Rain Dance|p2a: Rotom\n|-weather|RainDance\n|\n|-weather|RainDance|[upkeep]\n|upkeep\n|turn|19\n|\n|t:|1700685584\n|switch|p1a: Dr. Platt|Volcanion|72\/100\n|move|p2a: Rotom|Hydro Pump|p1a: Dr. Platt\n|-heal|p1a: Dr. Platt|96\/100|[from] ability: Water Absorb|[of] p2a: Rotom\n|\n|-weather|RainDance|[upkeep]\n|upkeep\n|turn|20\n|\n|t:|1700685592\n|move|p2a: Rotom|Hydro Pump|p1a: Dr. Platt\n|-heal|p1a: Dr. Platt|100\/100|[from] ability: Water Absorb|[of] p2a: Rotom\n|move|p1a: Dr. Platt|Steam Eruption|p2a: Rotom\n|-resisted|p2a: Rotom\n|-damage|p2a: Rotom|60\/100\n|\n|-weather|RainDance|[upkeep]\n|-heal|p2a: Rotom|66\/100|[from] item: Leftovers\n|upkeep\n|turn|21\n|\n|t:|1700685603\n|move|p2a: Rotom|Discharge|p1a: Dr. Platt\n|-supereffective|p1a: Dr. Platt\n|-damage|p1a: Dr. Platt|42\/100\n|move|p1a: Dr. Platt|Steam Eruption|p2a: Rotom|[miss]\n|-miss|p1a: Dr. Platt|p2a: Rotom\n|\n|-weather|RainDance|[upkeep]\n|-heal|p2a: Rotom|73\/100|[from] item: Leftovers\n|upkeep\n|turn|22\n|\n|t:|1700685615\n|move|p2a: Rotom|Hydro Pump|p1a: Dr. Platt\n|-heal|p1a: Dr. Platt|67\/100|[from] ability: Water Absorb|[of] p2a: Rotom\n|move|p1a: Dr. Platt|Steam Eruption|p2a: Rotom\n|-resisted|p2a: Rotom\n|-damage|p2a: Rotom|36\/100\n|\n|-weather|none\n|-heal|p2a: Rotom|42\/100|[from] item: Leftovers\n|upkeep\n|turn|23\n|\n|t:|1700685628\n|switch|p1a: Jennifer Grogan|Chansey, F|34\/100\n|move|p2a: Rotom|Rain Dance|p2a: Rotom\n|-weather|RainDance\n|\n|-weather|RainDance|[upkeep]\n|-heal|p2a: Rotom|49\/100|[from] item: Leftovers\n|upkeep\n|turn|24\n|\n|t:|1700685639\n|move|p2a: Rotom|Hydro Pump|p1a: Jennifer Grogan\n|-damage|p1a: Jennifer Grogan|14\/100\n|move|p1a: Jennifer Grogan|Soft-Boiled|p1a: Jennifer Grogan\n|-heal|p1a: Jennifer Grogan|64\/100\n|\n|-weather|RainDance|[upkeep]\n|-heal|p2a: Rotom|55\/100|[from] item: Leftovers\n|upkeep\n|turn|25\n|\n|t:|1700685655\n|switch|p2a: Slowking|Slowking-Galar, F|97\/100 brn\n|move|p1a: Jennifer Grogan|Soft-Boiled|p1a: Jennifer Grogan\n|-heal|p1a: Jennifer Grogan|100\/100\n|\n|-weather|RainDance|[upkeep]\n|-damage|p2a: Slowking|91\/100 brn|[from] brn\n|upkeep\n|turn|26\n|\n|t:|1700685666\n|move|p1a: Jennifer Grogan|Seismic Toss|p2a: Slowking\n|-damage|p2a: Slowking|66\/100 brn\n|move|p2a: Slowking|Scald|p1a: Jennifer Grogan\n|-crit|p1a: Jennifer Grogan\n|-damage|p1a: Jennifer Grogan|87\/100\n|\n|-weather|RainDance|[upkeep]\n|-damage|p2a: Slowking|60\/100 brn|[from] brn\n|upkeep\n|turn|27\n|c|\u2606marvinthegerman|HUGE CRIT\n|\n|t:|1700685678\n|move|p1a: Jennifer Grogan|Seismic Toss|p2a: Slowking\n|-damage|p2a: Slowking|35\/100 brn\n|move|p2a: Slowking|Scald|p1a: Jennifer Grogan\n|-damage|p1a: Jennifer Grogan|76\/100\n|-status|p1a: Jennifer Grogan|brn\n|\n|-weather|none\n|-damage|p1a: Jennifer Grogan|70\/100 brn|[from] brn\n|-damage|p2a: Slowking|28\/100 brn|[from] brn\n|upkeep\n|turn|28\n|\n|t:|1700685689\n|switch|p2a: Rotom|Rotom-Wash|55\/100\n|move|p1a: Jennifer Grogan|Seismic Toss|p2a: Rotom\n|-damage|p2a: Rotom|22\/100\n|\n|-heal|p2a: Rotom|28\/100|[from] item: Leftovers\n|-damage|p1a: Jennifer Grogan|64\/100 brn|[from] brn\n|upkeep\n|turn|29\n|\n|t:|1700685702\n|move|p2a: Rotom|Rain Dance|p2a: Rotom\n|-weather|RainDance\n|move|p1a: Jennifer Grogan|Seismic Toss|p2a: Rotom\n|-damage|p2a: Rotom|0 fnt\n|faint|p2a: Rotom\n|\n|-weather|RainDance|[upkeep]\n|-damage|p1a: Jennifer Grogan|57\/100 brn|[from] brn\n|upkeep\n|\n|t:|1700685709\n|switch|p2a: Ludicolo|Ludicolo, M|100\/100\n|turn|30\n|\n|t:|1700685712\n|move|p2a: Ludicolo|Focus Blast|p1a: Jennifer Grogan\n|-supereffective|p1a: Jennifer Grogan\n|-damage|p1a: Jennifer Grogan|27\/100 brn\n|-damage|p2a: Ludicolo|91\/100|[from] item: Life Orb\n|move|p1a: Jennifer Grogan|Thunder Wave|p2a: Ludicolo\n|-status|p2a: Ludicolo|par\n|\n|-weather|RainDance|[upkeep]\n|-damage|p1a: Jennifer Grogan|21\/100 brn|[from] brn\n|upkeep\n|turn|31\n|\n|t:|1700685722\n|-curestatus|p1a: Jennifer Grogan|brn|[from] ability: Natural Cure\n|switch|p1a: Dr. Platt|Volcanion|67\/100\n|cant|p2a: Ludicolo|par\n|\n|-weather|RainDance|[upkeep]\n|upkeep\n|turn|32\n|\n|t:|1700685735\n|cant|p2a: Ludicolo|par\n|move|p1a: Dr. Platt|Flamethrower|p2a: Ludicolo\n|-damage|p2a: Ludicolo|68\/100 par\n|\n|-weather|RainDance|[upkeep]\n|upkeep\n|turn|33\n|\n|t:|1700685752\n|cant|p2a: Ludicolo|par\n|move|p1a: Dr. Platt|Steam Eruption|p2a: Ludicolo\n|-resisted|p2a: Ludicolo\n|-damage|p2a: Ludicolo|49\/100 par\n|\n|-weather|none\n|upkeep\n|turn|34\n|\n|t:|1700685761\n|move|p1a: Dr. Platt|Flamethrower|p2a: Ludicolo\n|-damage|p2a: Ludicolo|6\/100 par\n|move|p2a: Ludicolo|Giga Drain|p1a: Dr. Platt\n|-damage|p1a: Dr. Platt|23\/100\n|-heal|p2a: Ludicolo|33\/100 par|[from] drain|[of] p1a: Dr. Platt\n|-damage|p2a: Ludicolo|23\/100 par|[from] item: Life Orb\n|\n|upkeep\n|turn|35\n|\n|t:|1700685771\n|move|p1a: Dr. Platt|Flamethrower|p2a: Ludicolo\n|-damage|p2a: Ludicolo|0 fnt\n|faint|p2a: Ludicolo\n|\n|upkeep\n|\n|t:|1700685778\n|switch|p2a: Scizor|Scizor, M|100\/100\n|turn|36\n|\n|t:|1700685782\n|move|p2a: Scizor|Close Combat|p1a: Dr. Platt\n|-crit|p1a: Dr. Platt\n|-damage|p1a: Dr. Platt|0 fnt\n|-unboost|p2a: Scizor|def|1\n|-unboost|p2a: Scizor|spd|1\n|faint|p1a: Dr. Platt\n|\n|upkeep\n|\n|t:|1700685789\n|switch|p1a: Marley|Excadrill, M|100\/100\n|-ability|p1a: Marley|Mold Breaker\n|turn|37\n|c| Wikit|big crit big crit\n|\n|t:|1700685832\n|move|p1a: Marley|Earthquake|p2a: Scizor\n|-damage|p2a: Scizor|7\/100\n|move|p2a: Scizor|Close Combat|p1a: Marley\n|-supereffective|p1a: Marley\n|-damage|p1a: Marley|0 fnt\n|-unboost|p2a: Scizor|def|1\n|-unboost|p2a: Scizor|spd|1\n|faint|p1a: Marley\n|\n|upkeep\n|\n|t:|1700685840\n|switch|p1a: Arnie Klein|Landorus, M|28\/100\n|turn|38\n|\n|t:|1700685846\n|switch|p2a: Slowking|Slowking-Galar, F|62\/100 brn\n|move|p1a: Arnie Klein|Earth Power|p2a: Slowking\n|-supereffective|p2a: Slowking\n|-damage|p2a: Slowking|2\/100 brn\n|\n|-damage|p2a: Slowking|0 fnt|[from] brn\n|faint|p2a: Slowking\n|upkeep\n|\n|t:|1700685867\n|switch|p2a: Scizor|Scizor, M|7\/100\n|turn|39\n|\n|t:|1700685882\n|switch|p1a: Jennifer Grogan|Chansey, F|21\/100\n|move|p2a: Scizor|Bullet Punch|p1a: Jennifer Grogan\n|-damage|p1a: Jennifer Grogan|0 fnt\n|faint|p1a: Jennifer Grogan\n|\n|upkeep\n|\n|t:|1700685886\n|switch|p1a: Arnie Klein|Landorus, M|28\/100\n|turn|40\n|\n|t:|1700685889\n|move|p2a: Scizor|Bullet Punch|p1a: Arnie Klein\n|-damage|p1a: Arnie Klein|0 fnt\n|faint|p1a: Arnie Klein\n|\n|win|marvinthegerman\n|c|\u2606marvinthegerman|ggs\n|c|\u2606crossedmoon|ggs\n|c|\u2606marvinthegerman|chansey coulda had me tbh\n|l|\u2606marvinthegerman\n|l|\u2606crossedmoon\n","uploadtime":1700685994,"views":1,"p1id":"crossedmoon","p2id":"marvinthegerman","formatid":"gen9nationaldexubers","rating":0,"private":0,"password":""}