{"id":"gen9nationaldexubers-1988626300","p1":"samthedingus","p2":"Moonlolxd","format":"[Gen 9] National Dex Ubers","log":"|j|\u2606samthedingus\n|j|\u2606Moonlolxd\n|t:|1699743479\n|gametype|singles\n|player|p1|samthedingus|acetrainer-gen4dp|1394\n|player|p2|Moonlolxd|irida|1287\n|teamsize|p1|6\n|teamsize|p2|6\n|gen|9\n|tier|[Gen 9] National Dex Ubers\n|rated|\n|rule|HP Percentage Mod: HP is shown in percentages\n|rule|Endless Battle Clause: Forcing endless battles is banned\n|rule|OHKO Clause: OHKO moves are banned\n|rule|Evasion Moves Clause: Evasion moves are banned\n|rule|Evasion Items Clause: Evasion items are banned\n|rule|Species Clause: Limit one of each Pok\u00e9mon\n|rule|Sleep Clause Mod: Limit one foe put to sleep\n|rule|Mega Rayquaza Clause: You cannot mega evolve Rayquaza\n|clearpoke\n|poke|p1|Kyogre|\n|poke|p1|Eternatus|\n|poke|p1|Arceus|\n|poke|p1|Melmetal|\n|poke|p1|Xerneas-*|\n|poke|p1|Kyurem-Black|\n|poke|p2|Toxapex, F|\n|poke|p2|Iron Valiant|\n|poke|p2|Calyrex-Ice|\n|poke|p2|Ogerpon-Cornerstone, F|\n|poke|p2|Sinistcha|\n|poke|p2|Scizor, M|\n|teampreview\n|inactive|Battle timer is ON: inactive players will automatically lose when time's up. (requested by Moonlolxd)\n|inactive|Moonlolxd has 120 seconds left.\n|\n|t:|1699743515\n|start\n|switch|p1a: Kenshi|Kyogre|100\/100\n|switch|p2a: Toxapex|Toxapex, F|100\/100\n|detailschange|p1a: Kenshi|Kyogre-Primal\n|-primal|p1a: Kenshi|Blue Orb\n|-weather|PrimordialSea|[from] ability: Primordial Sea|[of] p1a: Kenshi\n|turn|1\n|inactive|Moonlolxd has 120 seconds left.\n|\n|t:|1699743580\n|switch|p2a: Sinistcha|Sinistcha|100\/100\n|move|p1a: Kenshi|Thunder|p2a: Sinistcha\n|-resisted|p2a: Sinistcha\n|-damage|p2a: Sinistcha|70\/100\n|-status|p2a: Sinistcha|par\n|\n|-weather|PrimordialSea|[upkeep]\n|-heal|p2a: Sinistcha|76\/100 par|[from] item: Leftovers\n|upkeep\n|turn|2\n|\n|t:|1699743592\n|move|p1a: Kenshi|Ice Beam|p2a: Sinistcha\n|-supereffective|p2a: Sinistcha\n|-damage|p2a: Sinistcha|0 fnt\n|faint|p2a: Sinistcha\n|\n|-weather|PrimordialSea|[upkeep]\n|upkeep\n|\n|t:|1699743605\n|switch|p2a: Ogerpon|Ogerpon-Cornerstone, F|100\/100\n|turn|3\n|\n|t:|1699743614\n|move|p2a: Ogerpon|Power Whip|p1a: Kenshi\n|-supereffective|p1a: Kenshi\n|-damage|p1a: Kenshi|0 fnt\n|faint|p1a: Kenshi\n|-weather|none\n|\n|upkeep\n|\n|t:|1699743621\n|switch|p1a: Ben|Melmetal|100\/100\n|turn|4\n|\n|t:|1699743637\n|switch|p2a: Toxapex|Toxapex, F|100\/100\n|move|p1a: Ben|Double Iron Bash|p2a: Toxapex\n|-resisted|p2a: Toxapex\n|-damage|p2a: Toxapex|87\/100\n|-resisted|p2a: Toxapex\n|-crit|p2a: Toxapex\n|-damage|p2a: Toxapex|67\/100\n|-hitcount|p2a: Toxapex|2\n|\n|-heal|p2a: Toxapex|73\/100|[from] item: Leftovers\n|upkeep\n|turn|5\n|\n|t:|1699743648\n|switch|p1a: Maybe|Eternatus|100\/100\n|-ability|p1a: Maybe|Pressure\n|move|p2a: Toxapex|Baneful Bunker||[still]\n|-fail|p2a: Toxapex\n|\n|-heal|p2a: Toxapex|79\/100|[from] item: Leftovers\n|upkeep\n|turn|6\n|\n|t:|1699743656\n|move|p1a: Maybe|Toxic Spikes|p2a: Toxapex\n|-sidestart|p2: Moonlolxd|move: Toxic Spikes\n|move|p2a: Toxapex|Haze|p2a: Toxapex\n|-clearallboost\n|\n|-heal|p2a: Toxapex|86\/100|[from] item: Leftovers\n|upkeep\n|turn|7\n|\n|t:|1699743665\n|switch|p2a: Scizor|Scizor, M|100\/100\n|move|p1a: Maybe|Toxic Spikes|p2a: Scizor\n|-sidestart|p2: Moonlolxd|move: Toxic Spikes\n|\n|upkeep\n|turn|8\n|\n|t:|1699743673\n|switch|p1a: Exo|Kyurem-Black|100\/100\n|-ability|p1a: Exo|Teravolt\n|switch|p2a: Toxapex|Toxapex, F|100\/100\n|-sideend|p2: Moonlolxd|move: Toxic Spikes|[of] p2a: Toxapex\n|\n|upkeep\n|turn|9\n|\n|t:|1699743686\n|switch|p2a: Iron Valiant|Iron Valiant|100\/100\n|move|p1a: Exo|Dragon Dance|p1a: Exo\n|-boost|p1a: Exo|atk|1\n|-boost|p1a: Exo|spe|1\n|\n|upkeep\n|turn|10\n|\n|t:|1699743694\n|move|p1a: Exo|Icicle Spear|p2a: Iron Valiant\n|-damage|p2a: Iron Valiant|68\/100\n|-damage|p2a: Iron Valiant|39\/100\n|-crit|p2a: Iron Valiant\n|-damage|p2a: Iron Valiant|0 fnt\n|faint|p2a: Iron Valiant\n|-end|p2a: Iron Valiant|Quark Drive|[silent]\n|-hitcount|p2: Iron Valiant|3\n|\n|upkeep\n|\n|t:|1699743699\n|switch|p2a: Scizor|Scizor, M|100\/100\n|turn|11\n|\n|t:|1699743716\n|detailschange|p2a: Scizor|Scizor-Mega, M\n|-mega|p2a: Scizor|Scizor|Scizorite\n|-terastallize|p1a: Exo|Dragon\n|move|p1a: Exo|Dragon Dance|p1a: Exo\n|-boost|p1a: Exo|atk|1\n|-boost|p1a: Exo|spe|1\n|move|p2a: Scizor|Swords Dance|p2a: Scizor\n|-boost|p2a: Scizor|atk|2\n|\n|upkeep\n|turn|12\n|\n|t:|1699743727\n|move|p2a: Scizor|Bullet Punch|p1a: Exo\n|-damage|p1a: Exo|35\/100\n|move|p1a: Exo|Fusion Bolt|p2a: Scizor\n|-damage|p2a: Scizor|33\/100\n|\n|upkeep\n|turn|13\n|\n|t:|1699743740\n|move|p2a: Scizor|Bullet Punch|p1a: Exo\n|-damage|p1a: Exo|0 fnt\n|faint|p1a: Exo\n|\n|upkeep\n|\n|t:|1699743744\n|switch|p1a: Ben|Melmetal|100\/100\n|turn|14\n|\n|t:|1699743752\n|move|p2a: Scizor|Roost|p2a: Scizor\n|-heal|p2a: Scizor|84\/100\n|-singleturn|p2a: Scizor|move: Roost\n|move|p1a: Ben|Earthquake|p2a: Scizor\n|-damage|p2a: Scizor|53\/100\n|\n|upkeep\n|turn|15\n|\n|t:|1699743763\n|switch|p1a: Maybe|Eternatus|100\/100\n|-ability|p1a: Maybe|Pressure\n|move|p2a: Scizor|Swords Dance|p2a: Scizor\n|-boost|p2a: Scizor|atk|2\n|\n|upkeep\n|turn|16\n|\n|t:|1699743770\n|move|p2a: Scizor|Bullet Punch|p1a: Maybe\n|-damage|p1a: Maybe|17\/100\n|-damage|p2a: Scizor|37\/100|[from] item: Rocky Helmet|[of] p1a: Maybe\n|move|p1a: Maybe|Dragon Tail|p2a: Scizor\n|-resisted|p2a: Scizor\n|-damage|p2a: Scizor|28\/100\n|drag|p2a: Calyrex|Calyrex-Ice|100\/100\n|-ability|p2a: Calyrex|As One\n|-ability|p2a: Calyrex|Unnerve\n|\n|upkeep\n|turn|17\n|\n|t:|1699743789\n|-terastallize|p2a: Calyrex|Fairy\n|move|p1a: Maybe|Toxic Spikes|p2a: Calyrex\n|-sidestart|p2: Moonlolxd|move: Toxic Spikes\n|move|p2a: Calyrex|Agility|p2a: Calyrex\n|-boost|p2a: Calyrex|spe|2\n|\n|upkeep\n|turn|18\n|\n|t:|1699743812\n|move|p2a: Calyrex|Icicle Spear|p1a: Maybe\n|-supereffective|p1a: Maybe\n|-damage|p1a: Maybe|0 fnt\n|faint|p1a: Maybe\n|-ability|p2a: Calyrex|Chilling Neigh|boost\n|-boost|p2a: Calyrex|atk|1\n|-hitcount|p1: Maybe|1\n|\n|upkeep\n|\n|t:|1699743819\n|switch|p1a: Ben|Melmetal|100\/100\n|turn|19\n|\n|t:|1699743835\n|move|p2a: Calyrex|Close Combat|p1a: Ben\n|-supereffective|p1a: Ben\n|-damage|p1a: Ben|26\/100\n|-unboost|p2a: Calyrex|def|1\n|-unboost|p2a: Calyrex|spd|1\n|move|p1a: Ben|Double Iron Bash|p2a: Calyrex\n|-supereffective|p2a: Calyrex\n|-crit|p2a: Calyrex\n|-damage|p2a: Calyrex|0 fnt\n|faint|p2a: Calyrex\n|-hitcount|p2: Calyrex|1\n|\n|upkeep\n|\n|t:|1699743840\n|switch|p2a: Scizor|Scizor-Mega, M|28\/100\n|turn|20\n|c|\u2606samthedingus|darn\n|\n|t:|1699743870\n|move|p2a: Scizor|Roost|p2a: Scizor\n|-heal|p2a: Scizor|78\/100\n|-singleturn|p2a: Scizor|move: Roost\n|move|p1a: Ben|Ice Punch|p2a: Scizor\n|-resisted|p2a: Scizor\n|-damage|p2a: Scizor|64\/100\n|\n|upkeep\n|turn|21\n|\n|t:|1699743878\n|move|p2a: Scizor|Swords Dance|p2a: Scizor\n|-boost|p2a: Scizor|atk|2\n|move|p1a: Ben|Ice Punch|p2a: Scizor\n|-resisted|p2a: Scizor\n|-damage|p2a: Scizor|49\/100\n|\n|upkeep\n|turn|22\n|\n|t:|1699743885\n|move|p2a: Scizor|Roost|p2a: Scizor\n|-heal|p2a: Scizor|99\/100\n|-singleturn|p2a: Scizor|move: Roost\n|move|p1a: Ben|Ice Punch|p2a: Scizor\n|-resisted|p2a: Scizor\n|-damage|p2a: Scizor|86\/100\n|\n|upkeep\n|turn|23\n|\n|t:|1699743890\n|move|p2a: Scizor|Knock Off|p1a: Ben\n|-crit|p1a: Ben\n|-damage|p1a: Ben|0 fnt\n|-enditem|p1a: Ben|Assault Vest|[from] move: Knock Off|[of] p2a: Scizor\n|faint|p1a: Ben\n|\n|upkeep\n|\n|t:|1699743907\n|switch|p1a: IT GOT WORSE|Arceus, shiny|100\/100\n|turn|24\n|c|\u2606samthedingus|gg\n|\n|t:|1699743914\n|move|p1a: IT GOT WORSE|Earthquake|p2a: Scizor\n|-damage|p2a: Scizor|59\/100\n|move|p2a: Scizor|Knock Off|p1a: IT GOT WORSE\n|-damage|p1a: IT GOT WORSE|45\/100\n|-enditem|p1a: IT GOT WORSE|Silk Scarf|[from] move: Knock Off|[of] p2a: Scizor\n|\n|upkeep\n|turn|25\n|-message|samthedingus forfeited.\n|\n|win|Moonlolxd\n|raw|samthedingus's rating: 1394 &rarr; <strong>1368<\/strong><br \/>(-26 for losing)\n|raw|Moonlolxd's rating: 1287 &rarr; <strong>1319<\/strong><br \/>(+32 for winning)\n|l|\u2606samthedingus\n","uploadtime":1699743926,"views":5,"p1id":"samthedingus","p2id":"moonlolxd","formatid":"gen9nationaldexubers","rating":1319,"private":0,"password":""}