{"id":"gen9nationaldexubers-1980645812","p1":"GenesectGen5","p2":"HomieCromie","format":"[Gen 9] National Dex Ubers","log":"|j|\u2606GenesectGen5\n|j|\u2606HomieCromie\n|t:|1698807212\n|gametype|singles\n|player|p1|GenesectGen5|veteran|1025\n|player|p2|HomieCromie|brycenman|1102\n|teamsize|p1|6\n|teamsize|p2|6\n|gen|9\n|tier|[Gen 9] National Dex Ubers\n|rated|\n|rule|HP Percentage Mod: HP is shown in percentages\n|rule|Endless Battle Clause: Forcing endless battles is banned\n|rule|OHKO Clause: OHKO moves are banned\n|rule|Evasion Moves Clause: Evasion moves are banned\n|rule|Evasion Items Clause: Evasion items are banned\n|rule|Species Clause: Limit one of each Pok\u00e9mon\n|rule|Sleep Clause Mod: Limit one foe put to sleep\n|rule|Mega Rayquaza Clause: You cannot mega evolve Rayquaza\n|clearpoke\n|poke|p1|Serperior, M|\n|poke|p1|Landorus-Therian, M|\n|poke|p1|Galvantula, F|\n|poke|p1|Bisharp, M|\n|poke|p1|Volcarona, F|\n|poke|p1|Kyurem-Black|\n|poke|p2|Dracovish|\n|poke|p2|Tyranitar, M|\n|poke|p2|Alakazam, F|\n|poke|p2|Decidueye, M|\n|poke|p2|Necrozma-Dusk-Mane|\n|poke|p2|Zeraora|\n|teampreview\n|inactive|Battle timer is ON: inactive players will automatically lose when time's up. (requested by GenesectGen5)\n|\n|t:|1698807220\n|start\n|switch|p1a: Galvantula|Galvantula, F|100\/100\n|switch|p2a: Decidueye|Decidueye, M, shiny|100\/100\n|turn|1\n|\n|t:|1698807225\n|move|p1a: Galvantula|Sticky Web|p2a: Decidueye\n|-sidestart|p2: HomieCromie|move: Sticky Web\n|move|p2a: Decidueye|Spirit Shackle|p1a: Galvantula\n|-damage|p1a: Galvantula|29\/100\n|-activate|p1a: Galvantula|trapped\n|\n|upkeep\n|turn|2\n|\n|t:|1698807230\n|move|p1a: Galvantula|Volt Switch|p2a: Decidueye\n|-resisted|p2a: Decidueye\n|-damage|p2a: Decidueye|85\/100\n|\n|t:|1698807236\n|switch|p1a: Landorus|Landorus-Therian, M|100\/100|[from] Volt Switch\n|-ability|p1a: Landorus|Intimidate|boost\n|-unboost|p2a: Decidueye|atk|1\n|move|p2a: Decidueye|U-turn|p1a: Landorus\n|-resisted|p1a: Landorus\n|-damage|p1a: Landorus|92\/100\n|\n|t:|1698807256\n|switch|p2a: Tyranitar|Tyranitar, M|100\/100|[from] U-turn\n|-activate|p2a: Tyranitar|move: Sticky Web\n|-unboost|p2a: Tyranitar|spe|1\n|-weather|Sandstorm|[from] ability: Sand Stream|[of] p2a: Tyranitar\n|\n|-weather|Sandstorm|[upkeep]\n|upkeep\n|turn|3\n|\n|t:|1698807263\n|-terastallize|p1a: Landorus|Ground\n|move|p1a: Landorus|Earthquake|p2a: Tyranitar\n|-supereffective|p2a: Tyranitar\n|-damage|p2a: Tyranitar|0 fnt\n|faint|p2a: Tyranitar\n|\n|-weather|Sandstorm|[upkeep]\n|upkeep\n|\n|t:|1698807267\n|switch|p2a: Dracovish|Dracovish, shiny|100\/100\n|-activate|p2a: Dracovish|move: Sticky Web\n|-unboost|p2a: Dracovish|spe|1\n|turn|4\n|\n|t:|1698807273\n|move|p1a: Landorus|Earthquake|p2a: Dracovish\n|-damage|p2a: Dracovish|20\/100\n|move|p2a: Dracovish|Fishious Rend|p1a: Landorus\n|-supereffective|p1a: Landorus\n|-damage|p1a: Landorus|0 fnt\n|faint|p1a: Landorus\n|\n|-weather|Sandstorm|[upkeep]\n|upkeep\n|\n|t:|1698807279\n|switch|p1a: Galvantula|Galvantula, F|29\/100\n|turn|5\n|\n|t:|1698807284\n|switch|p2a: Zeraora|Zeraora, shiny|100\/100\n|-activate|p2a: Zeraora|move: Sticky Web\n|-unboost|p2a: Zeraora|spe|1\n|move|p1a: Galvantula|Volt Switch|p2a: Zeraora\n|-immune|p2a: Zeraora|[from] ability: Volt Absorb\n|\n|-weather|Sandstorm|[upkeep]\n|-damage|p1a: Galvantula|23\/100|[from] Sandstorm\n|-damage|p2a: Zeraora|95\/100|[from] Sandstorm\n|upkeep\n|turn|6\n|\n|t:|1698807297\n|switch|p1a: Serperior|Serperior, M|100\/100\n|move|p2a: Zeraora|Drain Punch|p1a: Serperior\n|-damage|p1a: Serperior|68\/100\n|-heal|p2a: Zeraora|100\/100|[from] drain|[of] p1a: Serperior\n|\n|-weather|Sandstorm|[upkeep]\n|-damage|p1a: Serperior|62\/100|[from] Sandstorm\n|-damage|p2a: Zeraora|95\/100|[from] Sandstorm\n|upkeep\n|turn|7\n|\n|t:|1698807300\n|move|p1a: Serperior|Leaf Storm|p2a: Zeraora\n|-damage|p2a: Zeraora|38\/100\n|-boost|p1a: Serperior|spa|2\n|move|p2a: Zeraora|Fire Punch|p1a: Serperior\n|-supereffective|p1a: Serperior\n|-damage|p1a: Serperior|0 fnt\n|faint|p1a: Serperior\n|\n|-weather|Sandstorm|[upkeep]\n|-damage|p2a: Zeraora|32\/100|[from] Sandstorm\n|upkeep\n|\n|t:|1698807305\n|switch|p1a: Galvantula|Galvantula, F|23\/100\n|turn|8\n|\n|t:|1698807308\n|move|p1a: Galvantula|Bug Buzz|p2a: Zeraora\n|-damage|p2a: Zeraora|0 fnt\n|faint|p2a: Zeraora\n|\n|-weather|Sandstorm|[upkeep]\n|-damage|p1a: Galvantula|17\/100|[from] Sandstorm\n|upkeep\n|\n|t:|1698807313\n|switch|p2a: Decidueye|Decidueye, M, shiny|85\/100\n|-activate|p2a: Decidueye|move: Sticky Web\n|-unboost|p2a: Decidueye|spe|1\n|turn|9\n|\n|t:|1698807319\n|move|p1a: Galvantula|Volt Switch|p2a: Decidueye\n|-resisted|p2a: Decidueye\n|-damage|p2a: Decidueye|70\/100\n|\n|t:|1698807322\n|switch|p1a: Bisharp|Bisharp, M|100\/100|[from] Volt Switch\n|move|p2a: Decidueye|U-turn|p1a: Bisharp\n|-damage|p1a: Bisharp|83\/100\n|\n|t:|1698807324\n|switch|p2a: Alakazam|Alakazam, F|100\/100|[from] U-turn\n|-activate|p2a: Alakazam|move: Sticky Web\n|-unboost|p2a: Alakazam|spe|1\n|\n|-weather|none\n|upkeep\n|turn|10\n|\n|t:|1698807328\n|detailschange|p2a: Alakazam|Alakazam-Mega, F\n|-mega|p2a: Alakazam|Alakazam|Alakazite\n|-ability|p2a: Alakazam|Defiant|[from] ability: Trace|[of] p1a: Bisharp\n|move|p1a: Bisharp|Sucker Punch|p2a: Alakazam\n|-supereffective|p2a: Alakazam\n|-damage|p2a: Alakazam|0 fnt\n|faint|p2a: Alakazam\n|\n|upkeep\n|\n|t:|1698807334\n|switch|p2a: Decidueye|Decidueye, M, shiny|70\/100\n|-activate|p2a: Decidueye|move: Sticky Web\n|-unboost|p2a: Decidueye|spe|1\n|turn|11\n|\n|t:|1698807339\n|move|p1a: Bisharp|Sucker Punch|p2a: Decidueye\n|-supereffective|p2a: Decidueye\n|-damage|p2a: Decidueye|0 fnt\n|faint|p2a: Decidueye\n|\n|upkeep\n|\n|t:|1698807343\n|switch|p2a: Necrozma|Necrozma-Dusk-Mane|100\/100\n|-activate|p2a: Necrozma|move: Sticky Web\n|-unboost|p2a: Necrozma|spe|1\n|turn|12\n|\n|t:|1698807346\n|detailschange|p2a: Necrozma|Necrozma-Ultra\n|-burst|p2a: Necrozma|Necrozma|Ultranecrozium Z\n|move|p2a: Necrozma|Autotomize|p2a: Necrozma\n|-boost|p2a: Necrozma|spe|2\n|-start|p2a: Necrozma|Autotomize\n|move|p1a: Bisharp|Swords Dance|p1a: Bisharp\n|-boost|p1a: Bisharp|atk|2\n|\n|upkeep\n|turn|13\n|\n|t:|1698807355\n|move|p1a: Bisharp|Sucker Punch|p2a: Necrozma\n|-supereffective|p2a: Necrozma\n|-damage|p2a: Necrozma|0 fnt\n|faint|p2a: Necrozma\n|\n|upkeep\n|\n|t:|1698807357\n|switch|p2a: Dracovish|Dracovish, shiny|20\/100\n|-activate|p2a: Dracovish|move: Sticky Web\n|-unboost|p2a: Dracovish|spe|1\n|turn|14\n|\n|t:|1698807360\n|move|p1a: Bisharp|Sucker Punch|p2a: Dracovish\n|-damage|p2a: Dracovish|0 fnt\n|faint|p2a: Dracovish\n|\n|win|GenesectGen5\n|raw|GenesectGen5's rating: 1025 &rarr; <strong>1069<\/strong><br \/>(+44 for winning)\n|raw|HomieCromie's rating: 1102 &rarr; <strong>1072<\/strong><br \/>(-30 for losing)\n|l|\u2606HomieCromie\n|c|\u2606GenesectGen5|GG\n","uploadtime":1698807368,"views":9,"p1id":"genesectgen5","p2id":"homiecromie","formatid":"gen9nationaldexubers","rating":1069,"private":0,"password":""}