{"id":"gen9nationaldexubers-1998546973","p1":"Ulvsblakk","p2":"Ezael_Stormblood","format":"[Gen 9] National Dex Ubers","log":"|j|\u2606Ulvsblakk\n|j|\u2606Ezael_Stormblood\n|t:|1700954792\n|gametype|singles\n|player|p1|Ulvsblakk|266|1168\n|player|p2|Ezael_Stormblood|hiker-gen4|1152\n|teamsize|p1|6\n|teamsize|p2|6\n|gen|9\n|tier|[Gen 9] National Dex Ubers\n|rated|\n|rule|HP Percentage Mod: HP is shown in percentages\n|rule|Endless Battle Clause: Forcing endless battles is banned\n|rule|OHKO Clause: OHKO moves are banned\n|rule|Evasion Moves Clause: Evasion moves are banned\n|rule|Evasion Items Clause: Evasion items are banned\n|rule|Species Clause: Limit one of each Pok\u00e9mon\n|rule|Sleep Clause Mod: Limit one foe put to sleep\n|rule|Mega Rayquaza Clause: You cannot mega evolve Rayquaza\n|clearpoke\n|poke|p1|Venusaur, F|\n|poke|p1|Charizard, F|\n|poke|p1|Donphan, F|\n|poke|p1|Vaporeon, M|\n|poke|p1|Espeon, M|\n|poke|p1|Ninetales, M|\n|poke|p2|Reshiram|\n|poke|p2|Calyrex-Ice|\n|poke|p2|Regirock|\n|poke|p2|Hatterene, F|\n|poke|p2|Ferrothorn, M|\n|poke|p2|Melmetal|\n|teampreview\n|\n|t:|1700954799\n|start\n|switch|p1a: Donphan|Donphan, F|100\/100\n|switch|p2a: Hatterene|Hatterene, F|100\/100\n|turn|1\n|\n|t:|1700954805\n|switch|p1a: Espeon|Espeon, M|100\/100\n|move|p2a: Hatterene|Trick Room|p2a: Hatterene\n|-fieldstart|move: Trick Room|[of] p2a: Hatterene\n|\n|upkeep\n|turn|2\n|\n|t:|1700954812\n|move|p2a: Hatterene|Magic Room|p2a: Hatterene\n|-fieldstart|move: Magic Room|[of] p2a: Hatterene\n|move|p1a: Espeon|Trick|p2a: Hatterene\n|-activate|p1a: Espeon|move: Trick|[of] p2a: Hatterene\n|-item|p2a: Hatterene|Choice Specs|[from] move: Trick\n|-item|p1a: Espeon|Leftovers|[from] move: Trick\n|\n|upkeep\n|turn|3\n|c|\u2606Ezael_Stormblood|ah simple\n|c|\u2606Ulvsblakk|!dt magic room\n|raw|<ul class=\"utilichart\"><li class=\"result\"><span class=\"col movenamecol\"><a href=\"https:\/\/dex.pokemonshowdown.com\/moves\/magicroom\">Magic Room<\/a><\/span> <span class=\"col typecol\"><img src=\"\/\/play.pokemonshowdown.com\/sprites\/types\/Psychic.png\" alt=\"Psychic\" width=\"32\" height=\"14\"><img src=\"\/\/play.pokemonshowdown.com\/sprites\/categories\/Status.png\" alt=\"Status\" width=\"32\" height=\"14\"><\/span> <span class=\"col widelabelcol\"><em>Accuracy<\/em><br>\u2014<\/span> <span class=\"col pplabelcol\"><em>PP<\/em><br>16<\/span> <span class=\"col movedesccol\">For 5 turns, all held items have no effect.<\/span> <\/li><li style=\"clear:both\"><\/li><\/ul>\n|raw|<font size=\"1\"><font color=\"#686868\">Priority:<\/font> 0&nbsp;|&ThickSpace;<font color=\"#686868\">Gen:<\/font> 5&nbsp;|&ThickSpace;&#10003; Bypasses Protect&nbsp;|&ThickSpace;<font color=\"#686868\">Z-Effect:<\/font>  Sp. Def +1&nbsp;|&ThickSpace;<font color=\"#686868\">Target:<\/font> All Pok\u00e9mon<\/font>\n\n|c|\u2606Ulvsblakk|Ah ok\n|c|\u2606Ezael_Stormblood|it's really useful\n|c|\u2606Ulvsblakk|I guess\n|\n|t:|1700954869\n|move|p2a: Hatterene|Dazzling Gleam|p1a: Espeon\n|-damage|p1a: Espeon|39\/100\n|move|p1a: Espeon|Calm Mind|p1a: Espeon\n|-boost|p1a: Espeon|spa|1\n|-boost|p1a: Espeon|spd|1\n|\n|upkeep\n|turn|4\n|\n|t:|1700954878\n|switch|p1a: Vaporeon|Vaporeon, M|100\/100\n|move|p2a: Hatterene|Dazzling Gleam|p1a: Vaporeon\n|-damage|p1a: Vaporeon|69\/100\n|\n|upkeep\n|turn|5\n|\n|t:|1700954886\n|move|p2a: Hatterene|Psychic|p1a: Vaporeon\n|-damage|p1a: Vaporeon|32\/100\n|move|p1a: Vaporeon|Scald|p2a: Hatterene\n|-damage|p2a: Hatterene|67\/100\n|-status|p2a: Hatterene|brn\n|\n|-damage|p2a: Hatterene|62\/100 brn|[from] brn\n|-fieldend|move: Trick Room\n|upkeep\n|turn|6\n|\n|t:|1700954896\n|move|p1a: Vaporeon|Protect|p1a: Vaporeon\n|-singleturn|p1a: Vaporeon|Protect\n|move|p2a: Hatterene|Trick Room|p2a: Hatterene\n|-fieldstart|move: Trick Room|[of] p2a: Hatterene\n|\n|-damage|p2a: Hatterene|56\/100 brn|[from] brn\n|-fieldend|move: Magic Room|[of] p2a: Hatterene\n|upkeep\n|turn|7\n|\n|t:|1700954911\n|move|p2a: Hatterene|Magic Room|p2a: Hatterene\n|-fieldstart|move: Magic Room|[of] p2a: Hatterene\n|move|p1a: Vaporeon|Wish|p1a: Vaporeon\n|\n|-damage|p2a: Hatterene|50\/100 brn|[from] brn\n|upkeep\n|turn|8\n|\n|t:|1700954922\n|switch|p2a: Ferrothorn|Ferrothorn, M|100\/100\n|move|p1a: Vaporeon|Protect||[still]\n|-fail|p1a: Vaporeon\n|\n|-heal|p1a: Vaporeon|82\/100|[from] move: Wish|[wisher] Vaporeon\n|upkeep\n|turn|9\n|\n|t:|1700954988\n|switch|p1a: Charizard|Charizard, F|100\/100\n|move|p2a: Ferrothorn|Power Whip|p1a: Charizard\n|-resisted|p1a: Charizard\n|-crit|p1a: Charizard\n|-damage|p1a: Charizard|76\/100\n|\n|upkeep\n|turn|10\n|\n|t:|1700954998\n|detailschange|p1a: Charizard|Charizard-Mega-Y, F\n|-mega|p1a: Charizard|Charizard|Charizardite Y\n|-weather|SunnyDay|[from] ability: Drought|[of] p1a: Charizard\n|move|p2a: Ferrothorn|Toxic|p1a: Charizard\n|-status|p1a: Charizard|tox\n|move|p1a: Charizard|Flamethrower|p2a: Ferrothorn\n|-supereffective|p2a: Ferrothorn\n|-damage|p2a: Ferrothorn|0 fnt\n|faint|p2a: Ferrothorn\n|\n|-weather|SunnyDay|[upkeep]\n|-damage|p1a: Charizard|70\/100 tox|[from] psn\n|-fieldend|move: Trick Room\n|upkeep\n|\n|t:|1700955023\n|switch|p2a: Regirock|Regirock|100\/100\n|turn|11\n|\n|t:|1700955029\n|move|p1a: Charizard|Solar Beam||[still]\n|-prepare|p1a: Charizard|Solar Beam\n|-anim|p1a: Charizard|Solar Beam|p2a: Regirock\n|-supereffective|p2a: Regirock\n|-damage|p2a: Regirock|12\/100\n|move|p2a: Regirock|Rock Blast|p1a: Charizard|[miss]\n|-miss|p2a: Regirock|p1a: Charizard\n|\n|-weather|SunnyDay|[upkeep]\n|-damage|p1a: Charizard|58\/100 tox|[from] psn\n|-fieldend|move: Magic Room|[of] p2: Hatterene\n|upkeep\n|turn|12\n|c|\u2606Ezael_Stormblood|WHY\n|c|\u2606Ulvsblakk|Haha sry\n|\n|t:|1700955052\n|switch|p2a: Reshiram|Reshiram|100\/100\n|-ability|p2a: Reshiram|Turboblaze\n|move|p1a: Charizard|Solar Beam||[still]\n|-prepare|p1a: Charizard|Solar Beam\n|-anim|p1a: Charizard|Solar Beam|p2a: Reshiram\n|-resisted|p2a: Reshiram\n|-damage|p2a: Reshiram|94\/100\n|\n|-weather|SunnyDay|[upkeep]\n|-damage|p1a: Charizard|40\/100 tox|[from] psn\n|upkeep\n|turn|13\n|\n|t:|1700955067\n|move|p1a: Charizard|Ancient Power|p2a: Reshiram\n|-supereffective|p2a: Reshiram\n|-damage|p2a: Reshiram|66\/100\n|move|p2a: Reshiram|Body Press|p1a: Charizard\n|-resisted|p1a: Charizard\n|-damage|p1a: Charizard|24\/100 tox\n|\n|-weather|SunnyDay|[upkeep]\n|-damage|p1a: Charizard|0 fnt|[from] psn\n|faint|p1a: Charizard\n|upkeep\n|\n|t:|1700955091\n|switch|p1a: Donphan|Donphan, F|100\/100\n|turn|14\n|\n|t:|1700955097\n|switch|p2a: Calyrex|Calyrex-Ice|100\/100\n|-ability|p2a: Calyrex|As One\n|-ability|p2a: Calyrex|Unnerve\n|move|p1a: Donphan|Earthquake|p2a: Calyrex\n|-damage|p2a: Calyrex|74\/100\n|\n|-weather|none\n|upkeep\n|turn|15\n|\n|t:|1700955115\n|move|p1a: Donphan|Stealth Rock|p2a: Calyrex\n|-sidestart|p2: Ezael_Stormblood|move: Stealth Rock\n|move|p2a: Calyrex|Glacial Lance|p1a: Donphan\n|-supereffective|p1a: Donphan\n|-ability|p1a: Donphan|Sturdy\n|-damage|p1a: Donphan|1\/100\n|\n|-heal|p1a: Donphan|7\/100|[from] item: Leftovers\n|upkeep\n|turn|16\n|\n|t:|1700955129\n|move|p1a: Donphan|Earthquake|p2a: Calyrex\n|-damage|p2a: Calyrex|49\/100\n|move|p2a: Calyrex|Trick Room|p2a: Calyrex\n|-fieldstart|move: Trick Room|[of] p2a: Calyrex\n|\n|-heal|p1a: Donphan|13\/100|[from] item: Leftovers\n|upkeep\n|turn|17\n|\n|t:|1700955143\n|move|p2a: Calyrex|Zen Headbutt|p1a: Donphan\n|-damage|p1a: Donphan|0 fnt\n|faint|p1a: Donphan\n|-ability|p2a: Calyrex|Chilling Neigh|boost\n|-boost|p2a: Calyrex|atk|1\n|\n|upkeep\n|c|\u2606Ezael_Stormblood|calyrex ice is so damn tanky\n|\n|t:|1700955154\n|switch|p1a: Vaporeon|Vaporeon, M|82\/100\n|turn|18\n|c|\u2606Ezael_Stormblood|his ice typing does not even matter\n|\n|t:|1700955166\n|-terastallize|p2a: Calyrex|Psychic\n|move|p2a: Calyrex|Zen Headbutt|p1a: Vaporeon\n|-damage|p1a: Vaporeon|0 fnt\n|faint|p1a: Vaporeon\n|-ability|p2a: Calyrex|Chilling Neigh|boost\n|-boost|p2a: Calyrex|atk|1\n|\n|upkeep\n|\n|t:|1700955190\n|switch|p1a: Ninetales|Ninetales, M, shiny|100\/100\n|-weather|SunnyDay|[from] ability: Drought|[of] p1a: Ninetales\n|turn|19\n|\n|t:|1700955199\n|switch|p1a: Venusaur|Venusaur, F|100\/100\n|move|p2a: Calyrex|Zen Headbutt|p1a: Venusaur\n|-supereffective|p1a: Venusaur\n|-damage|p1a: Venusaur|0 fnt\n|faint|p1a: Venusaur\n|-ability|p2a: Calyrex|Chilling Neigh|boost\n|-boost|p2a: Calyrex|atk|1\n|\n|-weather|SunnyDay|[upkeep]\n|upkeep\n|\n|t:|1700955206\n|switch|p1a: Ninetales|Ninetales, M, shiny|100\/100\n|turn|20\n|l|\u2606Ulvsblakk\n|player|p1|\n|j|\u2606Ulvsblakk\n|player|p1|Ulvsblakk|266\n|c|\u2606Ulvsblakk|Yeah\n|c|\u2606Ulvsblakk|I guess thats a GG\n|\n|t:|1700955297\n|move|p2a: Calyrex|Glacial Lance|p1a: Ninetales\n|-resisted|p1a: Ninetales\n|-crit|p1a: Ninetales\n|-damage|p1a: Ninetales|0 fnt\n|faint|p1a: Ninetales\n|-ability|p2a: Calyrex|Chilling Neigh|boost\n|-boost|p2a: Calyrex|atk|1\n|\n|-weather|SunnyDay|[upkeep]\n|-fieldend|move: Trick Room\n|upkeep\n|\n|t:|1700955300\n|switch|p1a: Espeon|Espeon, M|39\/100\n|turn|21\n|c|\u2606Ezael_Stormblood|ggs\n|\n|t:|1700955312\n|-terastallize|p1a: Espeon|Ghost\n|move|p1a: Espeon|Shadow Ball|p2a: Calyrex\n|-supereffective|p2a: Calyrex\n|-damage|p2a: Calyrex|0 fnt\n|faint|p2a: Calyrex\n|\n|-weather|SunnyDay|[upkeep]\n|-heal|p1a: Espeon|45\/100|[from] item: Leftovers\n|upkeep\n|\n|t:|1700955320\n|switch|p2a: Reshiram|Reshiram|66\/100\n|-damage|p2a: Reshiram|41\/100|[from] Stealth Rock\n|-ability|p2a: Reshiram|Turboblaze\n|turn|22\n|\n|t:|1700955330\n|move|p1a: Espeon|Psychic|p2a: Reshiram\n|-damage|p2a: Reshiram|13\/100\n|move|p2a: Reshiram|Draco Meteor|p1a: Espeon\n|-damage|p1a: Espeon|0 fnt\n|-unboost|p2a: Reshiram|spa|2\n|faint|p1a: Espeon\n|\n|win|Ezael_Stormblood\n|raw|Ulvsblakk's rating: 1168 &rarr; <strong>1142<\/strong><br \/>(-26 for losing)\n|raw|Ezael_Stormblood's rating: 1152 &rarr; <strong>1178<\/strong><br \/>(+26 for winning)\n|c|\u2606Ezael_Stormblood|Reshiram moment\n|c|\u2606Ezael_Stormblood|ggs\n|c|\u2606Ulvsblakk|GG\n","uploadtime":1700955368,"views":2,"p1id":"ulvsblakk","p2id":"ezaelstormblood","formatid":"gen9nationaldexubers","rating":1142,"private":0,"password":""}