{"id":"gen9nationaldexubers-1981702500","p1":"Salfy","p2":"Destinum","format":"[Gen 9] National Dex Ubers","log":"|j|\u2606Salfy\n|j|\u2606Destinum\n|t:|1698935011\n|gametype|singles\n|player|p1|Salfy|depotagent|\n|player|p2|Destinum|colress|\n|teamsize|p1|6\n|teamsize|p2|6\n|gen|9\n|tier|[Gen 9] National Dex Ubers\n|rule|HP Percentage Mod: HP is shown in percentages\n|rule|Endless Battle Clause: Forcing endless battles is banned\n|rule|OHKO Clause: OHKO moves are banned\n|rule|Evasion Moves Clause: Evasion moves are banned\n|rule|Evasion Items Clause: Evasion items are banned\n|rule|Species Clause: Limit one of each Pok\u00e9mon\n|rule|Sleep Clause Mod: Limit one foe put to sleep\n|rule|Mega Rayquaza Clause: You cannot mega evolve Rayquaza\n|clearpoke\n|poke|p1|Ceruledge, M|\n|poke|p1|Gholdengo|\n|poke|p1|Skeledirge, F|\n|poke|p1|Sableye, F|\n|poke|p1|Brambleghast, F|\n|poke|p1|Blacephalon|\n|poke|p2|Ninetales-Alola, F|\n|poke|p2|Cetitan, M|\n|poke|p2|Darmanitan-Galar, M|\n|poke|p2|Baxcalibur, M|\n|poke|p2|Piloswine, M|\n|poke|p2|Articuno|\n|teampreview\n|c|\u2606Salfy|glhf\n|c|\u2606Salfy|tera fairy dirge\n|\n|t:|1698935059\n|start\n|switch|p1a: Literally You|Blacephalon|100\/100\n|switch|p2a: Chris P. Bacon|Piloswine, M|100\/100\n|turn|1\n|\n|t:|1698935078\n|switch|p1a: Literally Athy|Brambleghast, F|100\/100\n|move|p2a: Chris P. Bacon|Earthquake|p1a: Literally Athy\n|-resisted|p1a: Literally Athy\n|-damage|p1a: Literally Athy|76\/100\n|\n|upkeep\n|turn|2\n|\n|t:|1698935085\n|move|p1a: Literally Athy|Poltergeist|p2a: Chris P. Bacon\n|-activate|p2a: Chris P. Bacon|move: Poltergeist|Eviolite\n|-damage|p2a: Chris P. Bacon|70\/100\n|move|p2a: Chris P. Bacon|Stealth Rock|p1a: Literally Athy\n|-sidestart|p1: Salfy|move: Stealth Rock\n|\n|upkeep\n|turn|3\n|\n|t:|1698935096\n|switch|p2a: Let It Go|Ninetales-Alola, F|100\/100\n|-weather|Snow|[from] ability: Snow Warning|[of] p2a: Let It Go\n|move|p1a: Literally Athy|Power Whip|p2a: Let It Go\n|-damage|p2a: Let It Go|50\/100\n|\n|-weather|Snow|[upkeep]\n|upkeep\n|turn|4\n|\n|t:|1698935104\n|move|p2a: Let It Go|Aurora Veil|p2a: Let It Go\n|-sidestart|p2: Destinum|move: Aurora Veil\n|move|p1a: Literally Athy|Rapid Spin|p2a: Let It Go\n|-damage|p2a: Let It Go|43\/100\n|-boost|p1a: Literally Athy|spe|1\n|-sideend|p1: Salfy|Stealth Rock|[from] move: Rapid Spin|[of] p1a: Literally Athy\n|\n|-weather|Snow|[upkeep]\n|upkeep\n|turn|5\n|\n|t:|1698935118\n|switch|p1a: Digimon?|Ceruledge, M|100\/100\n|switch|p2a: Epic Bax Guy|Baxcalibur, M|100\/100\n|\n|-weather|Snow|[upkeep]\n|upkeep\n|turn|6\n|\n|t:|1698935126\n|move|p2a: Epic Bax Guy|Dragon Dance|p2a: Epic Bax Guy\n|-boost|p2a: Epic Bax Guy|atk|1\n|-boost|p2a: Epic Bax Guy|spe|1\n|move|p1a: Digimon?|Swords Dance|p1a: Digimon?\n|-boost|p1a: Digimon?|atk|2\n|\n|-weather|Snow|[upkeep]\n|upkeep\n|turn|7\n|\n|t:|1698935135\n|move|p2a: Epic Bax Guy|Scale Shot|p1a: Digimon?\n|-damage|p1a: Digimon?|69\/100\n|-damage|p1a: Digimon?|41\/100\n|-damage|p1a: Digimon?|9\/100\n|-damage|p1a: Digimon?|0 fnt\n|faint|p1a: Digimon?\n|-hitcount|p1: Digimon?|4\n|-unboost|p2a: Epic Bax Guy|def|1\n|-boost|p2a: Epic Bax Guy|spe|1\n|\n|-weather|none\n|upkeep\n|\n|t:|1698935145\n|switch|p1a: Literally 4 Legs|Skeledirge, F|100\/100\n|turn|8\n|\n|t:|1698935152\n|-terastallize|p1a: Literally 4 Legs|Fairy\n|move|p2a: Epic Bax Guy|Earthquake|p1a: Literally 4 Legs\n|-damage|p1a: Literally 4 Legs|76\/100\n|move|p1a: Literally 4 Legs|Tera Blast|p2a: Epic Bax Guy|[anim] Tera Blast Fairy\n|-supereffective|p2a: Epic Bax Guy\n|-damage|p2a: Epic Bax Guy|69\/100\n|\n|upkeep\n|turn|9\n|\n|t:|1698935158\n|move|p2a: Epic Bax Guy|Icicle Spear|p1a: Literally 4 Legs\n|-damage|p1a: Literally 4 Legs|67\/100\n|-damage|p1a: Literally 4 Legs|56\/100\n|-damage|p1a: Literally 4 Legs|47\/100\n|-damage|p1a: Literally 4 Legs|37\/100\n|-hitcount|p1a: Literally 4 Legs|4\n|move|p1a: Literally 4 Legs|Tera Blast|p2a: Epic Bax Guy|[anim] Tera Blast Fairy\n|-supereffective|p2a: Epic Bax Guy\n|-damage|p2a: Epic Bax Guy|36\/100\n|\n|upkeep\n|turn|10\n|\n|t:|1698935166\n|move|p2a: Epic Bax Guy|Icicle Spear|p1a: Literally 4 Legs\n|-damage|p1a: Literally 4 Legs|27\/100\n|-damage|p1a: Literally 4 Legs|18\/100\n|-damage|p1a: Literally 4 Legs|9\/100\n|-damage|p1a: Literally 4 Legs|0 fnt\n|faint|p1a: Literally 4 Legs\n|-hitcount|p1: Literally 4 Legs|4\n|\n|upkeep\n|\n|t:|1698935181\n|switch|p1a: Literally You|Blacephalon|100\/100\n|turn|11\n|\n|t:|1698935184\n|move|p2a: Epic Bax Guy|Earthquake|p1a: Literally You\n|-supereffective|p1a: Literally You\n|-damage|p1a: Literally You|0 fnt\n|faint|p1a: Literally You\n|\n|-sideend|p2: Destinum|move: Aurora Veil\n|upkeep\n|\n|t:|1698935189\n|switch|p1a: Literally Zak|Sableye, F|100\/100\n|turn|12\n|\n|t:|1698935193\n|detailschange|p1a: Literally Zak|Sableye-Mega, F\n|-mega|p1a: Literally Zak|Sableye|Sablenite\n|move|p2a: Epic Bax Guy|Icicle Spear|p1a: Literally Zak\n|-damage|p1a: Literally Zak|81\/100\n|-damage|p1a: Literally Zak|62\/100\n|-damage|p1a: Literally Zak|42\/100\n|-damage|p1a: Literally Zak|21\/100\n|-hitcount|p1a: Literally Zak|4\n|move|p1a: Literally Zak|Knock Off|p2a: Epic Bax Guy\n|-damage|p2a: Epic Bax Guy|0 fnt\n|-enditem|p2a: Epic Bax Guy|Loaded Dice|[from] move: Knock Off|[of] p1a: Literally Zak\n|faint|p2a: Epic Bax Guy\n|\n|upkeep\n|\n|t:|1698935207\n|switch|p2a: Let It Go|Ninetales-Alola, F|43\/100\n|-weather|Snow|[from] ability: Snow Warning|[of] p2a: Let It Go\n|turn|13\n|\n|t:|1698935221\n|move|p2a: Let It Go|Moonblast|p1a: Literally Zak\n|-supereffective|p1a: Literally Zak\n|-damage|p1a: Literally Zak|0 fnt\n|faint|p1a: Literally Zak\n|\n|-weather|Snow|[upkeep]\n|upkeep\n|\n|t:|1698935226\n|switch|p1a: Radically Uber|Gholdengo|100\/100\n|turn|14\n|\n|t:|1698935230\n|move|p2a: Let It Go|Aurora Veil|p2a: Let It Go\n|-sidestart|p2: Destinum|move: Aurora Veil\n|move|p1a: Radically Uber|Nasty Plot|p1a: Radically Uber\n|-boost|p1a: Radically Uber|spa|2\n|\n|-weather|Snow|[upkeep]\n|upkeep\n|turn|15\n|\n|t:|1698935235\n|move|p2a: Let It Go|Encore|p1a: Radically Uber\n|-immune|p1a: Radically Uber|[from] ability: Good as Gold\n|move|p1a: Radically Uber|Shadow Ball|p2a: Let It Go\n|-damage|p2a: Let It Go|0 fnt\n|faint|p2a: Let It Go\n|\n|-weather|Snow|[upkeep]\n|upkeep\n|\n|t:|1698935238\n|switch|p2a: I Choose Violence|Darmanitan-Galar, M|100\/100\n|turn|16\n|c|\u2606Destinum|Forgor\n|\n|t:|1698935250\n|switch|p1a: Literally Athy|Brambleghast, F|76\/100\n|move|p2a: I Choose Violence|Flare Blitz|p1a: Literally Athy\n|-supereffective|p1a: Literally Athy\n|-damage|p1a: Literally Athy|0 fnt\n|faint|p1a: Literally Athy\n|-damage|p2a: I Choose Violence|78\/100|[from] Recoil\n|\n|-weather|Snow|[upkeep]\n|upkeep\n|c|\u2606Destinum|Anywho, gg.\n|\n|t:|1698935252\n|switch|p1a: Radically Uber|Gholdengo|100\/100\n|turn|17\n|c|\u2606Salfy|gg\n|c|\u2606Salfy|I probably need to change some stuff\n|\n|t:|1698935274\n|move|p2a: I Choose Violence|Flare Blitz|p1a: Radically Uber\n|-supereffective|p1a: Radically Uber\n|-damage|p1a: Radically Uber|0 fnt\n|faint|p1a: Radically Uber\n|-damage|p2a: I Choose Violence|43\/100|[from] Recoil\n|\n|win|Destinum\n","uploadtime":1698935282,"views":22,"p1id":"salfy","p2id":"destinum","formatid":"gen9nationaldexubers","rating":0,"private":0,"password":""}