{"id":"gen9nationaldexubers-1980869647","p1":"0100100001101001t","p2":"Luddex","format":"[Gen 9] National Dex Ubers","log":"|j|\u26060100100001101001t\n|j|\u2606Luddex\n|t:|1698844312\n|gametype|singles\n|player|p1|0100100001101001t|ninjaboy|1146\n|player|p2|Luddex|169|1138\n|teamsize|p1|6\n|teamsize|p2|6\n|gen|9\n|tier|[Gen 9] National Dex Ubers\n|rated|\n|rule|HP Percentage Mod: HP is shown in percentages\n|rule|Endless Battle Clause: Forcing endless battles is banned\n|rule|OHKO Clause: OHKO moves are banned\n|rule|Evasion Moves Clause: Evasion moves are banned\n|rule|Evasion Items Clause: Evasion items are banned\n|rule|Species Clause: Limit one of each Pok\u00e9mon\n|rule|Sleep Clause Mod: Limit one foe put to sleep\n|rule|Mega Rayquaza Clause: You cannot mega evolve Rayquaza\n|clearpoke\n|poke|p1|Salamence, F|\n|poke|p1|Xerneas-*|\n|poke|p1|Ho-Oh|\n|poke|p1|Marshadow|\n|poke|p1|Groudon|\n|poke|p1|Urshifu-*, M|\n|poke|p2|Tyranitar, M|\n|poke|p2|Zeraora|\n|poke|p2|Charizard, M|\n|poke|p2|Aegislash, M|\n|poke|p2|Milotic, F|\n|poke|p2|Dragapult, M|\n|teampreview\n|inactive|Battle timer is ON: inactive players will automatically lose when time's up. (requested by 0100100001101001t)\n|c|\u2606Luddex|NAAAAAAAAAH\n|c|\u2606Luddex|WHAT IS THIS BRO\n|c|\u2606Luddex|UR ONLY NORMAL POKEMON IS SALAMENCE WTF\n|c|\u26060100100001101001t|Nat Dex Ubers?\n|inactive|Luddex has 120 seconds left.\n|c|\u2606Luddex|yeah but becose it ubers dont mean u need to make a full legendary spam\n|c|\u26060100100001101001t|Yeah cool\n|c|\u2606Luddex|u thinked when u maked the team?\n|c|\u26060100100001101001t|but I can\n|c|\u2606Luddex|;-;\n|c|\u2606Luddex|yeah  u can\n|\n|t:|1698844372\n|start\n|switch|p1a: Urshifu|Urshifu, M|100\/100\n|switch|p2a: Tyranitar|Tyranitar, M|100\/100\n|-weather|Sandstorm|[from] ability: Sand Stream|[of] p2a: Tyranitar\n|turn|1\n|\n|t:|1698844378\n|move|p1a: Urshifu|U-turn|p2a: Tyranitar\n|-supereffective|p2a: Tyranitar\n|-damage|p2a: Tyranitar|63\/100\n|\n|t:|1698844383\n|switch|p1a: Groudon|Groudon|100\/100|[from] U-turn\n|detailschange|p1a: Groudon|Groudon-Primal\n|-primal|p1a: Groudon|Red Orb\n|-weather|DesolateLand|[from] ability: Desolate Land|[of] p1a: Groudon\n|move|p2a: Tyranitar|Stone Edge|p1a: Groudon\n|-damage|p1a: Groudon|67\/100\n|\n|-weather|DesolateLand|[upkeep]\n|upkeep\n|turn|2\n|\n|t:|1698844395\n|move|p1a: Groudon|Earth Power|p2a: Tyranitar\n|-supereffective|p2a: Tyranitar\n|-damage|p2a: Tyranitar|0 fnt\n|faint|p2a: Tyranitar\n|\n|-weather|DesolateLand|[upkeep]\n|upkeep\n|\n|t:|1698844402\n|switch|p2a: Aegislash|Aegislash, M|100\/100\n|turn|3\n|\n|t:|1698844406\n|move|p1a: Groudon|Flamethrower|p2a: Aegislash\n|-supereffective|p2a: Aegislash\n|-damage|p2a: Aegislash|0 fnt\n|faint|p2a: Aegislash\n|\n|-weather|DesolateLand|[upkeep]\n|upkeep\n|\n|t:|1698844414\n|switch|p2a: Zeraora|Zeraora|100\/100\n|turn|4\n|\n|t:|1698844417\n|-terastallize|p2a: Zeraora|Flying\n|move|p2a: Zeraora|Acrobatics|p1a: Groudon\n|-damage|p1a: Groudon|28\/100\n|move|p1a: Groudon|Earth Power|p2a: Zeraora\n|-immune|p2a: Zeraora\n|\n|-weather|DesolateLand|[upkeep]\n|upkeep\n|turn|5\n|\n|t:|1698844425\n|-weather|none\n|switch|p1a: Salamence|Salamence, F|100\/100\n|-ability|p1a: Salamence|Intimidate|boost\n|-unboost|p2a: Zeraora|atk|1\n|move|p2a: Zeraora|Acrobatics|p1a: Salamence\n|-damage|p1a: Salamence|52\/100\n|\n|upkeep\n|turn|6\n|\n|t:|1698844432\n|switch|p2a: Milotic|Milotic, F|100\/100\n|detailschange|p1a: Salamence|Salamence-Mega, F\n|-mega|p1a: Salamence|Salamence|Salamencite\n|move|p1a: Salamence|Return|p2a: Milotic\n|-damage|p2a: Milotic|31\/100\n|\n|upkeep\n|turn|7\n|\n|t:|1698844440\n|move|p1a: Salamence|Return|p2a: Milotic\n|-damage|p2a: Milotic|0 fnt\n|faint|p2a: Milotic\n|\n|upkeep\n|\n|t:|1698844443\n|switch|p2a: Dragapult|Dragapult, M|100\/100\n|turn|8\n|\n|t:|1698844448\n|switch|p1a: Xerneas|Xerneas|100\/100\n|-ability|p1a: Xerneas|Fairy Aura\n|move|p2a: Dragapult|Thunderbolt|p1a: Xerneas\n|-damage|p1a: Xerneas|71\/100\n|\n|upkeep\n|turn|9\n|\n|t:|1698844456\n|switch|p2a: Zeraora|Zeraora, tera:Flying|100\/100\n|move|p1a: Xerneas|Geomancy||[still]\n|-prepare|p1a: Xerneas|Geomancy\n|-enditem|p1a: Xerneas|Power Herb\n|-anim|p1a: Xerneas|Geomancy|p1a: Xerneas\n|-boost|p1a: Xerneas|spa|2\n|-boost|p1a: Xerneas|spd|2\n|-boost|p1a: Xerneas|spe|2\n|\n|upkeep\n|turn|10\n|\n|t:|1698844461\n|move|p1a: Xerneas|Moonblast|p2a: Zeraora\n|-damage|p2a: Zeraora|0 fnt\n|faint|p2a: Zeraora\n|\n|upkeep\n|-message|Luddex forfeited.\n|\n|win|0100100001101001t\n|raw|0100100001101001t's rating: 1146 &rarr; <strong>1170<\/strong><br \/>(+24 for winning)\n|raw|Luddex's rating: 1138 &rarr; <strong>1114<\/strong><br \/>(-24 for losing)\n|l|\u2606Luddex\n","uploadtime":1698844469,"views":8,"p1id":"0100100001101001t","p2id":"luddex","formatid":"gen9nationaldexubers","rating":1114,"private":0,"password":""}