{"id":"gen9nationaldexubers-1995247255","p1":"Treeckoguy1","p2":"goodbyetobi","format":"[Gen 9] National Dex Ubers","log":"|j|\u2606Treeckoguy1\n|j|\u2606goodbyetobi\n|t:|1700539740\n|gametype|singles\n|player|p1|Treeckoguy1|102|1126\n|player|p2|goodbyetobi|waiter|1199\n|teamsize|p1|1\n|teamsize|p2|6\n|gen|9\n|tier|[Gen 9] National Dex Ubers\n|rated|\n|rule|HP Percentage Mod: HP is shown in percentages\n|rule|Endless Battle Clause: Forcing endless battles is banned\n|rule|OHKO Clause: OHKO moves are banned\n|rule|Evasion Moves Clause: Evasion moves are banned\n|rule|Evasion Items Clause: Evasion items are banned\n|rule|Species Clause: Limit one of each Pok\u00e9mon\n|rule|Sleep Clause Mod: Limit one foe put to sleep\n|rule|Mega Rayquaza Clause: You cannot mega evolve Rayquaza\n|clearpoke\n|poke|p1|Necrozma-Dusk-Mane|\n|poke|p2|Kyogre|\n|poke|p2|Pelipper, M|\n|poke|p2|Landorus, M|\n|poke|p2|Overqwil, M|\n|poke|p2|Barraskewda, F|\n|poke|p2|Ludicolo, M|\n|teampreview\n|\n|t:|1700539744\n|start\n|switch|p1a: Necrozma|Necrozma-Dusk-Mane|100\/100\n|switch|p2a: Pelipper|Pelipper, M|100\/100\n|-weather|RainDance|[from] ability: Drizzle|[of] p2a: Pelipper\n|turn|1\n|inactive|Battle timer is ON: inactive players will automatically lose when time's up. (requested by goodbyetobi)\n|\n|t:|1700539752\n|move|p1a: Necrozma|Dragon Dance|p1a: Necrozma\n|-boost|p1a: Necrozma|atk|1\n|-boost|p1a: Necrozma|spe|1\n|move|p2a: Pelipper|Hydro Pump|p1a: Necrozma|[miss]\n|-miss|p2a: Pelipper|p1a: Necrozma\n|\n|-weather|RainDance|[upkeep]\n|upkeep\n|turn|2\n|\n|t:|1700539771\n|switch|p2a: Overqwil|Overqwil, M|100\/100\n|move|p1a: Necrozma|Dragon Dance|p1a: Necrozma\n|-boost|p1a: Necrozma|atk|1\n|-boost|p1a: Necrozma|spe|1\n|\n|-weather|RainDance|[upkeep]\n|upkeep\n|turn|3\n|\n|t:|1700539783\n|move|p2a: Overqwil|Crunch|p1a: Necrozma\n|-supereffective|p1a: Necrozma\n|-damage|p1a: Necrozma|58\/100\n|move|p1a: Necrozma|Earthquake|p2a: Overqwil\n|-supereffective|p2a: Overqwil\n|-damage|p2a: Overqwil|0 fnt\n|faint|p2a: Overqwil\n|\n|-weather|RainDance|[upkeep]\n|upkeep\n|\n|t:|1700539790\n|switch|p2a: Barraskewda|Barraskewda, F|100\/100\n|turn|4\n|\n|t:|1700539794\n|detailschange|p1a: Necrozma|Necrozma-Ultra\n|-burst|p1a: Necrozma|Necrozma|Ultranecrozium Z\n|move|p2a: Barraskewda|Close Combat|p1a: Necrozma\n|-resisted|p1a: Necrozma\n|-damage|p1a: Necrozma|27\/100\n|-unboost|p2a: Barraskewda|def|1\n|-unboost|p2a: Barraskewda|spd|1\n|move|p1a: Necrozma|Photon Geyser|p2a: Barraskewda\n|-damage|p2a: Barraskewda|0 fnt\n|faint|p2a: Barraskewda\n|\n|-weather|RainDance|[upkeep]\n|upkeep\n|\n|t:|1700539812\n|switch|p2a: Ludicolo|Ludicolo, M|100\/100\n|turn|5\n|\n|t:|1700539817\n|move|p1a: Necrozma|Photon Geyser|p2a: Ludicolo\n|-damage|p2a: Ludicolo|0 fnt\n|faint|p2a: Ludicolo\n|\n|-weather|RainDance|[upkeep]\n|upkeep\n|\n|t:|1700539826\n|switch|p2a: Kyogre|Kyogre|100\/100\n|turn|6\n|\n|t:|1700539832\n|-terastallize|p2a: Kyogre|Water\n|-zpower|p1a: Necrozma\n|move|p1a: Necrozma|Light That Burns the Sky|p2a: Kyogre|[zeffect]\n|-crit|p2a: Kyogre\n|-damage|p2a: Kyogre|0 fnt\n|faint|p2a: Kyogre\n|\n|-weather|RainDance|[upkeep]\n|upkeep\n|\n|t:|1700539840\n|switch|p2a: Landorus|Landorus, M|100\/100\n|turn|7\n|\n|t:|1700539844\n|move|p1a: Necrozma|Photon Geyser|p2a: Landorus\n|-damage|p2a: Landorus|0 fnt\n|faint|p2a: Landorus\n|\n|-weather|RainDance|[upkeep]\n|upkeep\n|\n|t:|1700539851\n|switch|p2a: Pelipper|Pelipper, M|100\/100\n|turn|8\n|\n|t:|1700539854\n|move|p1a: Necrozma|Photon Geyser|p2a: Pelipper\n|-damage|p2a: Pelipper|0 fnt\n|faint|p2a: Pelipper\n|\n|win|Treeckoguy1\n|raw|Treeckoguy1's rating: 1126 &rarr; <strong>1156<\/strong><br \/>(+30 for winning)\n|raw|goodbyetobi's rating: 1199 &rarr; <strong>1169<\/strong><br \/>(-30 for losing)\n|l|\u2606goodbyetobi\n","uploadtime":1700539863,"views":12,"p1id":"treeckoguy1","p2id":"goodbyetobi","formatid":"gen9nationaldexubers","rating":1156,"private":0,"password":""}