{"id":"gen9nationaldexubers-1984235373","p1":"Qontent","p2":"chef kirby","format":"[Gen 9] National Dex Ubers","log":"|j|\u2606Qontent\n|j|\u2606chef kirby\n|t:|1699233354\n|gametype|singles\n|player|p1|Qontent|dahlia|\n|player|p2|chef kirby|102|\n|teamsize|p1|6\n|teamsize|p2|6\n|gen|9\n|tier|[Gen 9] National Dex Ubers\n|rule|HP Percentage Mod: HP is shown in percentages\n|rule|Endless Battle Clause: Forcing endless battles is banned\n|rule|OHKO Clause: OHKO moves are banned\n|rule|Evasion Moves Clause: Evasion moves are banned\n|rule|Evasion Items Clause: Evasion items are banned\n|rule|Species Clause: Limit one of each Pok\u00e9mon\n|rule|Sleep Clause Mod: Limit one foe put to sleep\n|rule|Mega Rayquaza Clause: You cannot mega evolve Rayquaza\n|clearpoke\n|poke|p1|Scizor, M|\n|poke|p1|Kyurem-Black|\n|poke|p1|Zapdos|\n|poke|p1|Dhelmise|\n|poke|p1|Dugtrio, M|\n|poke|p1|Tapu Fini|\n|poke|p2|Celesteela|\n|poke|p2|Quaquaval, F|\n|poke|p2|Diancie|\n|poke|p2|Maushold|\n|poke|p2|Ditto|\n|poke|p2|Wobbuffet, F|\n|teampreview\n|j| ChoiceBandLokix\n|\n|t:|1699233379\n|start\n|switch|p1a: Dhelmise|Dhelmise|100\/100\n|switch|p2a: GoldDigger(wife)|Diancie|100\/100\n|turn|1\n|j| Hadesofender\n|j| Cuddersoup\n|\n|t:|1699233403\n|switch|p2a: ThiccLatina|Quaquaval, F|100\/100\n|move|p1a: Dhelmise|Anchor Shot|p2a: ThiccLatina\n|-resisted|p2a: ThiccLatina\n|-damage|p2a: ThiccLatina|76\/100\n|-activate|p2a: ThiccLatina|trapped\n|\n|upkeep\n|turn|2\n|\n|t:|1699233443\n|switch|p1a: Tapu Fini|Tapu Fini|100\/100\n|-fieldstart|move: Misty Terrain|[from] ability: Misty Surge|[of] p1a: Tapu Fini\n|move|p2a: ThiccLatina|Brave Bird|p1a: Tapu Fini\n|-damage|p1a: Tapu Fini|72\/100\n|-damage|p2a: ThiccLatina|66\/100|[from] Recoil\n|\n|-heal|p1a: Tapu Fini|78\/100|[from] item: Leftovers\n|upkeep\n|turn|3\n|\n|t:|1699233468\n|switch|p2a: Cheap WHOER|Wobbuffet, F|100\/100\n|move|p1a: Tapu Fini|Taunt|p2a: Cheap WHOER\n|-start|p2a: Cheap WHOER|move: Taunt\n|\n|-heal|p1a: Tapu Fini|84\/100|[from] item: Leftovers\n|upkeep\n|turn|4\n|j| Dimsterrr\n|j| chien pao dealer\n|c| chien pao dealer|Natdex ubers....\n|c| chien pao dealer|lol gg.\n|c| chien pao dealer|kirby reveal something insane.\n|\n|t:|1699233569\n|switch|p2a: Her Loser Ex (you)|Ditto|100\/100\n|-transform|p2a: Her Loser Ex (you)|p1a: Tapu Fini|[from] ability: Imposter\n|move|p1a: Tapu Fini|Haze|p1a: Tapu Fini\n|-clearallboost\n|\n|-heal|p1a: Tapu Fini|90\/100|[from] item: Leftovers\n|upkeep\n|turn|5\n|c| chien pao dealer|erm\n|\n|t:|1699233585\n|switch|p2a: Ai GF (in 3 yrs)|Celesteela|100\/100\n|switch|p1a: Scizor|Scizor, M|100\/100\n|\n|upkeep\n|turn|6\n|\n|t:|1699233606\n|detailschange|p1a: Scizor|Scizor-Mega, M\n|-mega|p1a: Scizor|Scizor|Scizorite\n|move|p2a: Ai GF (in 3 yrs)|Flamethrower|p1a: Scizor\n|-supereffective|p1a: Scizor\n|-damage|p1a: Scizor|0 fnt\n|faint|p1a: Scizor\n|-ability|p2a: Ai GF (in 3 yrs)|Beast Boost|boost\n|-boost|p2a: Ai GF (in 3 yrs)|spa|1\n|\n|-fieldend|Misty Terrain\n|upkeep\n|n| ChoiceBandEmolga|choicebandlokix\n|c|\u2606Qontent|I even said it out loud\n|\n|t:|1699233616\n|switch|p1a: Zapdos|Zapdos|100\/100\n|turn|7\n|c| ChoiceBandEmolga|hello\n|c| chien pao dealer|hello choice band lokix\n|j| OUZD Meltdown\n|n| ChoiceBandMaushold|choicebandemolga\n|c| ChoiceBandMaushold|Hello\n|c| chien pao dealer|reveal power herb meteor beam\n|\n|t:|1699233670\n|switch|p2a: Cheap WHOER|Wobbuffet, F|100\/100\n|move|p1a: Zapdos|Volt Switch|p2a: Cheap WHOER\n|-damage|p2a: Cheap WHOER|52\/100\n|\n|t:|1699233680\n|switch|p1a: Dugtrio|Dugtrio, M|100\/100|[from] Volt Switch\n|\n|upkeep\n|turn|8\n|\n|t:|1699233730\n|move|p1a: Dugtrio|Earthquake|p2a: Cheap WHOER\n|-damage|p2a: Cheap WHOER|14\/100\n|move|p2a: Cheap WHOER|Safeguard|p2a: Cheap WHOER\n|-sidestart|p2: chef kirby|Safeguard\n|\n|upkeep\n|turn|9\n|l| chien pao dealer\n|\n|t:|1699233749\n|move|p1a: Dugtrio|Earthquake|p2a: Cheap WHOER\n|-damage|p2a: Cheap WHOER|0 fnt\n|faint|p2a: Cheap WHOER\n|\n|upkeep\n|c|\u2606chef kirby|Is dugtrio syrong\n|\n|t:|1699233790\n|switch|p2a: Ai GF (in 3 yrs)|Celesteela|100\/100\n|turn|10\n|l| Cuddersoup\n|c|\u2606Qontent|no I just calced wrong you did the right play\n|j| Cuddersoup\n|c|\u2606chef kirby|Ur vslcing wtf\n|c|\u2606chef kirby|I did the wrong play\n|c|\u2606chef kirby|I coulda countered\n|c| Hadesofender|no shit\n|c|\u2606Qontent|yea I calced max spdef by accident thats why I eqd\n|c|\u2606Qontent|jk\n|j| 10MinConvo\n|c| ChoiceBandMaushold|The Choicebanded maushold will sweep. I believe in ya\n|c|\u2606Qontent|I predicted you to predict me\n|c|\u2606Qontent|stupid\n|\n|t:|1699233852\n|switch|p1a: Zapdos|Zapdos|100\/100\n|move|p2a: Ai GF (in 3 yrs)|Autotomize|p2a: Ai GF (in 3 yrs)\n|-boost|p2a: Ai GF (in 3 yrs)|spe|2\n|-start|p2a: Ai GF (in 3 yrs)|Autotomize\n|\n|upkeep\n|turn|11\n|l| 10MinConvo\n|\n|t:|1699233868\n|move|p2a: Ai GF (in 3 yrs)|Meteor Beam||[still]\n|-prepare|p2a: Ai GF (in 3 yrs)|Meteor Beam\n|-boost|p2a: Ai GF (in 3 yrs)|spa|1\n|-enditem|p2a: Ai GF (in 3 yrs)|Power Herb\n|-anim|p2a: Ai GF (in 3 yrs)|Meteor Beam|p1a: Zapdos\n|-supereffective|p1a: Zapdos\n|-damage|p1a: Zapdos|0 fnt\n|faint|p1a: Zapdos\n|-ability|p2a: Ai GF (in 3 yrs)|Beast Boost|boost\n|-boost|p2a: Ai GF (in 3 yrs)|spa|1\n|\n|upkeep\n|\n|t:|1699233874\n|switch|p1a: Dhelmise|Dhelmise|100\/100\n|turn|12\n|c|\u2606Qontent|come join vc\n|\n|t:|1699233892\n|move|p2a: Ai GF (in 3 yrs)|Air Slash|p1a: Dhelmise\n|-supereffective|p1a: Dhelmise\n|-damage|p1a: Dhelmise|0 fnt\n|faint|p1a: Dhelmise\n|-ability|p2a: Ai GF (in 3 yrs)|Beast Boost|boost\n|-boost|p2a: Ai GF (in 3 yrs)|spa|1\n|\n|-sideend|p2: chef kirby|Safeguard\n|upkeep\n|\n|t:|1699233898\n|switch|p1a: Kyurem|Kyurem-Black|100\/100\n|-ability|p1a: Kyurem|Teravolt\n|turn|13\n|c|\u2606Qontent|click flamethrower\n|j| NightEmerald\n|\n|t:|1699233938\n|move|p2a: Ai GF (in 3 yrs)|Air Slash|p1a: Kyurem\n|-damage|p1a: Kyurem|34\/100\n|cant|p1a: Kyurem|flinch\n|\n|-heal|p1a: Kyurem|40\/100|[from] item: Leftovers\n|upkeep\n|turn|14\n|c|\u2606Qontent|Ooooooooooo\n|c|\u2606Qontent|gg\n|\n|t:|1699233952\n|move|p2a: Ai GF (in 3 yrs)|Air Slash|p1a: Kyurem|[miss]\n|-miss|p2a: Ai GF (in 3 yrs)|p1a: Kyurem\n|move|p1a: Kyurem|Fusion Bolt|p2a: Ai GF (in 3 yrs)\n|-supereffective|p2a: Ai GF (in 3 yrs)\n|-damage|p2a: Ai GF (in 3 yrs)|16\/100\n|\n|-heal|p1a: Kyurem|47\/100|[from] item: Leftovers\n|upkeep\n|turn|15\n|c|\u2606chef kirby|Epic calc moment\n|c|\u2606chef kirby|Wtf\n|c|\u2606chef kirby|How did u avoid\n|c|\u2606chef kirby|Dirj4ur73urufhdueueudhd\n|c| Dimsterrr|How the turn tables\n|c|\u2606chef kirby|Literally no way\n|c|\u2606chef kirby|Gogogogogogogo\n|\n|t:|1699234010\n|move|p2a: Ai GF (in 3 yrs)|Air Slash|p1a: Kyurem\n|-damage|p1a: Kyurem|0 fnt\n|faint|p1a: Kyurem\n|-ability|p2a: Ai GF (in 3 yrs)|Beast Boost|boost\n|-boost|p2a: Ai GF (in 3 yrs)|spa|1\n|\n|upkeep\n|\n|t:|1699234012\n|switch|p1a: Dugtrio|Dugtrio, M|100\/100\n|turn|16\n|c|\u2606chef kirby|Hmmm\n|c|\u2606Qontent|I outspeed\n|\n|t:|1699234057\n|move|p1a: Dugtrio|Sucker Punch|p2a: Ai GF (in 3 yrs)\n|-damage|p2a: Ai GF (in 3 yrs)|0 fnt\n|faint|p2a: Ai GF (in 3 yrs)\n|\n|upkeep\n|\n|t:|1699234069\n|switch|p2a: S3xi Family|Maushold|100\/100\n|turn|17\n|\n|t:|1699234078\n|switch|p1a: Tapu Fini|Tapu Fini|90\/100\n|-fieldstart|move: Misty Terrain|[from] ability: Misty Surge|[of] p1a: Tapu Fini\n|move|p2a: S3xi Family|Encore||[still]\n|-fail|p2a: S3xi Family\n|\n|-heal|p1a: Tapu Fini|96\/100|[from] item: Leftovers\n|upkeep\n|turn|18\n|c| ChoiceBandMaushold|choice band maushold LETS GO\n|\n|t:|1699234113\n|move|p2a: S3xi Family|Tidy Up|p2a: S3xi Family\n|-boost|p2a: S3xi Family|atk|1\n|-boost|p2a: S3xi Family|spe|1\n|move|p1a: Tapu Fini|Moonblast|p2a: S3xi Family\n|-damage|p2a: S3xi Family|51\/100\n|\n|-heal|p1a: Tapu Fini|100\/100|[from] item: Leftovers\n|upkeep\n|turn|19\n|j| xviiiz\n|\n|t:|1699234193\n|switch|p1a: Dugtrio|Dugtrio, M|100\/100\n|move|p2a: S3xi Family|Population Bomb|p1a: Dugtrio\n|-damage|p1a: Dugtrio|55\/100\n|-damage|p1a: Dugtrio|14\/100\n|-crit|p1a: Dugtrio\n|-damage|p1a: Dugtrio|0 fnt\n|faint|p1a: Dugtrio\n|-hitcount|p1: Dugtrio|3\n|\n|upkeep\n|\n|t:|1699234196\n|switch|p1a: Tapu Fini|Tapu Fini|100\/100\n|turn|20\n|\n|t:|1699234206\n|move|p2a: S3xi Family|Population Bomb|p1a: Tapu Fini\n|-damage|p1a: Tapu Fini|88\/100\n|-damage|p1a: Tapu Fini|77\/100\n|-damage|p1a: Tapu Fini|66\/100\n|-damage|p1a: Tapu Fini|54\/100\n|-damage|p1a: Tapu Fini|42\/100\n|-damage|p1a: Tapu Fini|30\/100\n|-damage|p1a: Tapu Fini|19\/100\n|-damage|p1a: Tapu Fini|8\/100\n|-damage|p1a: Tapu Fini|0 fnt\n|faint|p1a: Tapu Fini\n|-hitcount|p1: Tapu Fini|9\n|\n|win|chef kirby\n|c|\u2606Qontent|ggg\n|l| xviiiz\n|c| ChoiceBandMaushold|CHOICE BAND MAUSHOLD LETS GO\n|c| ChoiceBandMaushold|gg\n|l|\u2606Qontent\n|l| Dimsterrr\n|c|\u2606chef kirby|Im not banded lmao\n|c|\u2606chef kirby|Gg\n|c| ChoiceBandMaushold|ofc you are\n|c| ChoiceBandMaushold|did you see the damage you did\n|c|\u2606chef kirby|Oh ye\n|c|\u2606chef kirby|DUH\n","uploadtime":1699234253,"views":15,"p1id":"qontent","p2id":"chefkirby","formatid":"gen9nationaldexubers","rating":0,"private":0,"password":""}