{"id":"gen9nationaldexubers-1981385748","p1":"Breeze88","p2":"flamingwrench11234","format":"[Gen 9] National Dex Ubers","log":"|j|\u2606Breeze88\n|j|\u2606flamingwrench11234\n|t:|1698890066\n|gametype|singles\n|player|p1|Breeze88|steven|1597\n|player|p2|flamingwrench11234|2|1653\n|teamsize|p1|6\n|teamsize|p2|6\n|gen|9\n|tier|[Gen 9] National Dex Ubers\n|rated|\n|rule|HP Percentage Mod: HP is shown in percentages\n|rule|Endless Battle Clause: Forcing endless battles is banned\n|rule|OHKO Clause: OHKO moves are banned\n|rule|Evasion Moves Clause: Evasion moves are banned\n|rule|Evasion Items Clause: Evasion items are banned\n|rule|Species Clause: Limit one of each Pok\u00e9mon\n|rule|Sleep Clause Mod: Limit one foe put to sleep\n|rule|Mega Rayquaza Clause: You cannot mega evolve Rayquaza\n|clearpoke\n|poke|p1|Shuckle, M|\n|poke|p1|Gholdengo|\n|poke|p1|Yveltal|\n|poke|p1|Groudon|\n|poke|p1|Arceus-Ground|\n|poke|p1|Xerneas-*|\n|poke|p2|Arceus-Ground|\n|poke|p2|Zygarde|\n|poke|p2|Yveltal|\n|poke|p2|Ho-Oh|\n|poke|p2|Groudon, L99|\n|poke|p2|Marshadow|\n|teampreview\n|inactive|Battle timer is ON: inactive players will automatically lose when time's up. (requested by Breeze88)\n|c|\u2606Breeze88|glhf\n|\n|t:|1698890073\n|start\n|switch|p1a: Shuckle|Shuckle, M, shiny|100\/100\n|switch|p2a: Arceus|Arceus-Ground|100\/100\n|turn|1\n|\n|t:|1698890076\n|move|p2a: Arceus|Taunt|p1a: Shuckle\n|-start|p1a: Shuckle|move: Taunt\n|-enditem|p1a: Shuckle|Mental Herb\n|-end|p1a: Shuckle|move: Taunt\n|move|p1a: Shuckle|Sticky Web|p2a: Arceus\n|-sidestart|p2: flamingwrench11234|move: Sticky Web\n|\n|upkeep\n|turn|2\n|\n|t:|1698890082\n|move|p2a: Arceus|Taunt|p1a: Shuckle\n|-start|p1a: Shuckle|move: Taunt\n|cant|p1a: Shuckle|move: Taunt|Encore\n|\n|upkeep\n|turn|3\n|j| shamatetuanzhang\n|\n|t:|1698890095\n|switch|p2a: Ho-Oh|Ho-Oh|100\/100\n|switch|p1a: Xerneas|Xerneas|100\/100\n|-ability|p1a: Xerneas|Fairy Aura\n|\n|upkeep\n|turn|4\n|\n|t:|1698890098\n|switch|p1a: Gholdengo|Gholdengo|100\/100\n|move|p2a: Ho-Oh|Sacred Fire|p1a: Gholdengo\n|-supereffective|p1a: Gholdengo\n|-damage|p1a: Gholdengo|9\/100\n|-status|p1a: Gholdengo|brn\n|\n|-damage|p1a: Gholdengo|3\/100 brn|[from] brn\n|upkeep\n|turn|5\n|\n|t:|1698890104\n|switch|p2a: Arceus|Arceus-Ground|100\/100\n|-activate|p2a: Arceus|move: Sticky Web\n|-unboost|p2a: Arceus|spe|1\n|move|p1a: Gholdengo|Trick||[still]\n|-fail|p1a: Gholdengo\n|\n|-damage|p1a: Gholdengo|0 fnt|[from] brn\n|faint|p1a: Gholdengo\n|upkeep\n|\n|t:|1698890113\n|switch|p1a: Arceus|Arceus-Ground|100\/100\n|turn|6\n|\n|t:|1698890117\n|move|p1a: Arceus|Swords Dance|p1a: Arceus\n|-boost|p1a: Arceus|atk|2\n|move|p2a: Arceus|Toxic|p1a: Arceus\n|-status|p1a: Arceus|tox\n|\n|-damage|p1a: Arceus|94\/100 tox|[from] psn\n|upkeep\n|turn|7\n|\n|t:|1698890131\n|switch|p2a: Yveltal|Yveltal|100\/100\n|-ability|p2a: Yveltal|Dark Aura\n|move|p1a: Arceus|Stone Edge|p2a: Yveltal\n|-supereffective|p2a: Yveltal\n|-damage|p2a: Yveltal|0 fnt\n|faint|p2a: Yveltal\n|\n|-damage|p1a: Arceus|82\/100 tox|[from] psn\n|upkeep\n|\n|t:|1698890145\n|switch|p2a: Zygarde|Zygarde|100\/100\n|-activate|p2a: Zygarde|move: Sticky Web\n|-unboost|p2a: Zygarde|spe|1\n|turn|8\n|\n|t:|1698890150\n|-zpower|p1a: Arceus\n|move|p1a: Arceus|Tectonic Rage|p2a: Zygarde|[zeffect]\n|-damage|p2a: Zygarde|4\/100\n|move|p2a: Zygarde|Coil|p2a: Zygarde\n|-boost|p2a: Zygarde|atk|1\n|-boost|p2a: Zygarde|def|1\n|-boost|p2a: Zygarde|accuracy|1\n|\n|-heal|p2a: Zygarde|10\/100|[from] item: Leftovers\n|-damage|p1a: Arceus|64\/100 tox|[from] psn\n|-activate|p2a: Zygarde|ability: Power Construct\n|detailschange|p2a: Zygarde|Zygarde-Complete\n|-heal|p2a: Zygarde|41\/100|[silent]\n|upkeep\n|turn|9\n|\n|t:|1698890164\n|switch|p1a: Xerneas|Xerneas|100\/100\n|-ability|p1a: Xerneas|Fairy Aura\n|move|p2a: Zygarde|Thousand Arrows|p1a: Xerneas\n|-damage|p1a: Xerneas|67\/100\n|\n|-heal|p2a: Zygarde|47\/100|[from] item: Leftovers\n|upkeep\n|turn|10\n|\n|t:|1698890175\n|switch|p2a: Groudon|Groudon, L99, shiny|100\/100\n|-activate|p2a: Groudon|move: Sticky Web\n|-unboost|p2a: Groudon|spe|1\n|detailschange|p2a: Groudon|Groudon-Primal, L99, shiny\n|-primal|p2a: Groudon|Red Orb\n|-weather|DesolateLand|[from] ability: Desolate Land|[of] p2a: Groudon\n|move|p1a: Xerneas|Moonblast|p2a: Groudon\n|-resisted|p2a: Groudon\n|-damage|p2a: Groudon|75\/100\n|-unboost|p2a: Groudon|spa|1\n|\n|-weather|DesolateLand|[upkeep]\n|upkeep\n|turn|11\n|\n|t:|1698890182\n|move|p1a: Xerneas|Geomancy||[still]\n|-prepare|p1a: Xerneas|Geomancy\n|-enditem|p1a: Xerneas|Power Herb\n|-anim|p1a: Xerneas|Geomancy|p1a: Xerneas\n|-boost|p1a: Xerneas|spa|2\n|-boost|p1a: Xerneas|spd|2\n|-boost|p1a: Xerneas|spe|2\n|move|p2a: Groudon|Precipice Blades|p1a: Xerneas\n|-damage|p1a: Xerneas|10\/100\n|\n|-weather|DesolateLand|[upkeep]\n|upkeep\n|turn|12\n|\n|t:|1698890189\n|move|p1a: Xerneas|Moonblast|p2a: Groudon\n|-resisted|p2a: Groudon\n|-damage|p2a: Groudon|21\/100\n|move|p2a: Groudon|Lava Plume|p1a: Xerneas\n|-damage|p1a: Xerneas|0 fnt\n|faint|p1a: Xerneas\n|\n|-weather|DesolateLand|[upkeep]\n|upkeep\n|\n|t:|1698890193\n|switch|p1a: Shuckle|Shuckle, M, shiny|100\/100\n|turn|13\n|\n|t:|1698890197\n|-weather|none\n|switch|p2a: Arceus|Arceus-Ground|100\/100\n|-activate|p2a: Arceus|move: Sticky Web\n|-unboost|p2a: Arceus|spe|1\n|move|p1a: Shuckle|Stealth Rock|p2a: Arceus\n|-sidestart|p2: flamingwrench11234|move: Stealth Rock\n|\n|upkeep\n|turn|14\n|\n|t:|1698890200\n|move|p2a: Arceus|Taunt|p1a: Shuckle\n|-start|p1a: Shuckle|move: Taunt\n|move|p1a: Shuckle|Knock Off|p2a: Arceus\n|-damage|p2a: Arceus|98\/100\n|\n|upkeep\n|turn|15\n|\n|t:|1698890204\n|switch|p2a: Ho-Oh|Ho-Oh|100\/100\n|switch|p1a: Yveltal|Yveltal|100\/100\n|-ability|p1a: Yveltal|Dark Aura\n|\n|upkeep\n|turn|16\n|\n|t:|1698890206\n|move|p1a: Yveltal|Taunt|p2a: Ho-Oh\n|-start|p2a: Ho-Oh|move: Taunt\n|cant|p2a: Ho-Oh|move: Taunt|Defog\n|\n|upkeep\n|turn|17\n|\n|t:|1698890210\n|move|p1a: Yveltal|Knock Off|p2a: Ho-Oh\n|-damage|p2a: Ho-Oh|45\/100\n|-enditem|p2a: Ho-Oh|Heavy-Duty Boots|[from] move: Knock Off|[of] p1a: Yveltal\n|-damage|p1a: Yveltal|90\/100|[from] item: Life Orb\n|move|p2a: Ho-Oh|Sacred Fire|p1a: Yveltal\n|-damage|p1a: Yveltal|55\/100\n|-status|p1a: Yveltal|brn\n|\n|-damage|p1a: Yveltal|49\/100 brn|[from] brn\n|upkeep\n|turn|18\n|\n|t:|1698890229\n|switch|p1a: Groudon|Groudon|100\/100\n|detailschange|p1a: Groudon|Groudon-Primal\n|-primal|p1a: Groudon|Red Orb\n|-weather|DesolateLand|[from] ability: Desolate Land|[of] p1a: Groudon\n|switch|p2a: Arceus|Arceus-Ground|98\/100\n|-activate|p2a: Arceus|move: Sticky Web\n|-unboost|p2a: Arceus|spe|1\n|-damage|p2a: Arceus|92\/100|[from] Stealth Rock\n|\n|-weather|DesolateLand|[upkeep]\n|upkeep\n|turn|19\n|\n|t:|1698890231\n|move|p1a: Groudon|Eruption|p2a: Arceus\n|-damage|p2a: Arceus|0 fnt\n|faint|p2a: Arceus\n|\n|-weather|DesolateLand|[upkeep]\n|upkeep\n|\n|t:|1698890236\n|switch|p2a: Zygarde|Zygarde-Complete|47\/100\n|-activate|p2a: Zygarde|move: Sticky Web\n|-unboost|p2a: Zygarde|spe|1\n|-damage|p2a: Zygarde|41\/100|[from] Stealth Rock\n|turn|20\n|\n|t:|1698890240\n|move|p1a: Groudon|Eruption|p2a: Zygarde\n|-resisted|p2a: Zygarde\n|-damage|p2a: Zygarde|0 fnt\n|faint|p2a: Zygarde\n|\n|-weather|DesolateLand|[upkeep]\n|upkeep\n|\n|t:|1698890242\n|switch|p2a: Marshadow|Marshadow|100\/100\n|-activate|p2a: Marshadow|move: Sticky Web\n|-unboost|p2a: Marshadow|spe|1\n|-damage|p2a: Marshadow|94\/100|[from] Stealth Rock\n|turn|21\n|\n|t:|1698890245\n|-terastallize|p2a: Marshadow|Ghost\n|move|p2a: Marshadow|Shadow Sneak|p1a: Groudon\n|-damage|p1a: Groudon|58\/100\n|move|p1a: Groudon|Eruption|p2a: Marshadow\n|-crit|p2a: Marshadow\n|-damage|p2a: Marshadow|0 fnt\n|faint|p2a: Marshadow\n|\n|-weather|DesolateLand|[upkeep]\n|upkeep\n|-message|flamingwrench11234 forfeited.\n|\n|win|Breeze88\n|raw|Breeze88's rating: 1597 &rarr; <strong>1620<\/strong><br \/>(+23 for winning)\n|raw|flamingwrench11234's rating: 1653 &rarr; <strong>1630<\/strong><br \/>(-23 for losing)\n|c|\u2606Breeze88|ggwp\n|l|\u2606Breeze88\n|l|\u2606flamingwrench11234\n","uploadtime":1698890285,"views":14,"p1id":"breeze88","p2id":"flamingwrench11234","formatid":"gen9nationaldexubers","rating":1620,"private":0,"password":""}