{"id":"gen9nationaldexubers-1986244160","p1":"NOOB_1352011","p2":"haii x3","format":"[Gen 9] National Dex Ubers","log":"|j|\u2606NOOB_1352011\n|j|\u2606haii x3\n|t:|1699462886\n|gametype|singles\n|player|p1|NOOB_1352011|iris-gen5bw2|1464\n|player|p2|haii x3|rosa-masters|1435\n|teamsize|p1|6\n|teamsize|p2|6\n|gen|9\n|tier|[Gen 9] National Dex Ubers\n|rated|\n|rule|HP Percentage Mod: HP is shown in percentages\n|rule|Endless Battle Clause: Forcing endless battles is banned\n|rule|OHKO Clause: OHKO moves are banned\n|rule|Evasion Moves Clause: Evasion moves are banned\n|rule|Evasion Items Clause: Evasion items are banned\n|rule|Species Clause: Limit one of each Pok\u00e9mon\n|rule|Sleep Clause Mod: Limit one foe put to sleep\n|rule|Mega Rayquaza Clause: You cannot mega evolve Rayquaza\n|clearpoke\n|poke|p1|Grimmsnarl, M|\n|poke|p1|Palkia-Origin|\n|poke|p1|Groudon|\n|poke|p1|Melmetal|\n|poke|p1|Mewtwo|\n|poke|p1|Landorus, M|\n|poke|p2|Salamence, F|\n|poke|p2|Kyurem-Black|\n|poke|p2|Kyogre|\n|poke|p2|Ho-Oh|\n|poke|p2|Marshadow|\n|poke|p2|Palkia-Origin|\n|teampreview\n|inactive|Battle timer is ON: inactive players will automatically lose when time's up. (requested by NOOB_1352011)\n|inactive|haii x3 also wants the timer to be on.\n|c|\u2606NOOB_1352011|sash marshadow?\n|\n|t:|1699462910\n|start\n|switch|p1a: Landorus|Landorus, M|100\/100\n|switch|p2a: Salamence|Salamence, F|100\/100\n|-ability|p2a: Salamence|Intimidate|boost\n|-unboost|p1a: Landorus|atk|1\n|turn|1\n|\n|t:|1699462916\n|detailschange|p2a: Salamence|Salamence-Mega, F\n|-mega|p2a: Salamence|Salamence|Salamencite\n|move|p2a: Salamence|Dragon Dance|p2a: Salamence\n|-boost|p2a: Salamence|atk|1\n|-boost|p2a: Salamence|spe|1\n|move|p1a: Landorus|Stealth Rock|p2a: Salamence\n|-sidestart|p2: haii x3|move: Stealth Rock\n|\n|upkeep\n|turn|2\n|\n|t:|1699462925\n|switch|p1a: Grimmsnarl|Grimmsnarl, M|100\/100\n|move|p2a: Salamence|Dragon Dance|p2a: Salamence\n|-boost|p2a: Salamence|atk|1\n|-boost|p2a: Salamence|spe|1\n|\n|upkeep\n|turn|3\n|\n|t:|1699462929\n|move|p1a: Grimmsnarl|Reflect|p1a: Grimmsnarl\n|-sidestart|p1: NOOB_1352011|Reflect\n|move|p2a: Salamence|Return|p1a: Grimmsnarl\n|-damage|p1a: Grimmsnarl|3\/100\n|\n|upkeep\n|turn|4\n|\n|t:|1699462936\n|move|p1a: Grimmsnarl|Taunt|p2a: Salamence\n|-start|p2a: Salamence|move: Taunt\n|cant|p2a: Salamence|move: Taunt|Dragon Dance\n|\n|upkeep\n|turn|5\n|\n|t:|1699462941\n|move|p1a: Grimmsnarl|Light Screen|p1a: Grimmsnarl\n|-sidestart|p1: NOOB_1352011|move: Light Screen\n|move|p2a: Salamence|Return|p1a: Grimmsnarl\n|-damage|p1a: Grimmsnarl|0 fnt\n|faint|p1a: Grimmsnarl\n|\n|upkeep\n|\n|t:|1699462945\n|switch|p1a: Melmetal|Melmetal|100\/100\n|turn|6\n|\n|t:|1699462947\n|-terastallize|p1a: Melmetal|Flying\n|move|p2a: Salamence|Earthquake|p1a: Melmetal\n|-immune|p1a: Melmetal\n|move|p1a: Melmetal|Ice Punch|p2a: Salamence\n|-supereffective|p2a: Salamence\n|-damage|p2a: Salamence|0 fnt\n|faint|p2a: Salamence\n|\n|upkeep\n|\n|t:|1699462951\n|switch|p2a: Ho-Oh|Ho-Oh, shiny|100\/100\n|turn|7\n|\n|t:|1699462958\n|switch|p1a: Groudon|Groudon|100\/100\n|detailschange|p1a: Groudon|Groudon-Primal\n|-primal|p1a: Groudon|Red Orb\n|-weather|DesolateLand|[from] ability: Desolate Land|[of] p1a: Groudon\n|move|p2a: Ho-Oh|Defog|p1a: Groudon\n|-unboost|p1a: Groudon|evasion|1\n|-sideend|p1: NOOB_1352011|Reflect\n|-sideend|p1: NOOB_1352011|move: Light Screen\n|-sideend|p2: haii x3|Stealth Rock|[from] move: Defog|[of] p2a: Ho-Oh\n|\n|-weather|DesolateLand|[upkeep]\n|upkeep\n|turn|8\n|\n|t:|1699462968\n|switch|p2a: Kyogre|Kyogre, shiny|100\/100\n|detailschange|p2a: Kyogre|Kyogre-Primal, shiny\n|-primal|p2a: Kyogre|Blue Orb\n|-weather|PrimordialSea|[from] ability: Primordial Sea|[of] p2a: Kyogre\n|move|p1a: Groudon|Rock Polish|p1a: Groudon\n|-boost|p1a: Groudon|spe|2\n|\n|-weather|PrimordialSea|[upkeep]\n|upkeep\n|turn|9\n|inactive|NOOB_1352011 has 120 seconds left.\n|\n|t:|1699463007\n|switch|p1a: Palkia|Palkia-Origin|100\/100\n|-ability|p1a: Palkia|Pressure\n|move|p2a: Kyogre|Origin Pulse|p1a: Palkia\n|-resisted|p1a: Palkia\n|-damage|p1a: Palkia|76\/100\n|\n|-weather|PrimordialSea|[upkeep]\n|upkeep\n|turn|10\n|\n|t:|1699463015\n|move|p1a: Palkia|Draco Meteor|p2a: Kyogre\n|-damage|p2a: Kyogre|37\/100\n|-unboost|p1a: Palkia|spa|2\n|move|p2a: Kyogre|Ice Beam|p1a: Palkia\n|-damage|p1a: Palkia|39\/100\n|\n|-weather|PrimordialSea|[upkeep]\n|upkeep\n|turn|11\n|\n|t:|1699463029\n|switch|p1a: Melmetal|Melmetal, tera:Flying|100\/100\n|-weather|none\n|switch|p2a: Palkia|Palkia-Origin|100\/100\n|-ability|p2a: Palkia|Pressure\n|\n|upkeep\n|turn|12\n|\n|t:|1699463036\n|move|p2a: Palkia|Thunderbolt|p1a: Melmetal\n|-supereffective|p1a: Melmetal\n|-damage|p1a: Melmetal|55\/100\n|move|p1a: Melmetal|Earthquake|p2a: Palkia\n|-damage|p2a: Palkia|53\/100\n|\n|upkeep\n|turn|13\n|\n|t:|1699463045\n|switch|p1a: Groudon|Groudon-Primal|100\/100\n|-weather|DesolateLand|[from] ability: Desolate Land|[of] p1a: Groudon\n|move|p2a: Palkia|Thunderbolt|p1a: Groudon\n|-immune|p1a: Groudon\n|\n|-weather|DesolateLand|[upkeep]\n|upkeep\n|turn|14\n|inactive|haii x3 has 120 seconds left.\n|inactive|NOOB_1352011 has 120 seconds left.\n|\n|t:|1699463096\n|move|p2a: Palkia|Spacial Rend|p1a: Groudon\n|-damage|p1a: Groudon|28\/100\n|move|p1a: Groudon|Rock Polish|p1a: Groudon\n|-boost|p1a: Groudon|spe|2\n|\n|-weather|DesolateLand|[upkeep]\n|upkeep\n|turn|15\n|\n|t:|1699463107\n|move|p1a: Groudon|Precipice Blades|p2a: Palkia\n|-damage|p2a: Palkia|0 fnt\n|faint|p2a: Palkia\n|\n|-weather|DesolateLand|[upkeep]\n|upkeep\n|\n|t:|1699463109\n|switch|p2a: Kyogre|Kyogre-Primal, shiny|37\/100\n|-weather|PrimordialSea|[from] ability: Primordial Sea|[of] p2a: Kyogre\n|turn|16\n|\n|t:|1699463113\n|move|p1a: Groudon|Precipice Blades|p2a: Kyogre|[miss]\n|-miss|p1a: Groudon|p2a: Kyogre\n|move|p2a: Kyogre|Origin Pulse|p1a: Groudon|[miss]\n|-miss|p2a: Kyogre|p1a: Groudon\n|\n|-weather|PrimordialSea|[upkeep]\n|upkeep\n|turn|17\n|\n|t:|1699463121\n|-weather|none\n|switch|p2a: Ho-Oh|Ho-Oh, shiny|100\/100\n|move|p1a: Groudon|Precipice Blades|p2a: Ho-Oh\n|-immune|p2a: Ho-Oh\n|\n|upkeep\n|turn|18\n|\n|t:|1699463128\n|move|p1a: Groudon|Stone Edge|p2a: Ho-Oh\n|-supereffective|p2a: Ho-Oh\n|-damage|p2a: Ho-Oh|0 fnt\n|faint|p2a: Ho-Oh\n|\n|upkeep\n|\n|t:|1699463133\n|switch|p2a: Marshadow|Marshadow|100\/100\n|turn|19\n|\n|t:|1699463141\n|switch|p1a: Melmetal|Melmetal, tera:Flying|55\/100\n|-terastallize|p2a: Marshadow|Ghost\n|move|p2a: Marshadow|Spectral Thief|p1a: Melmetal\n|-crit|p1a: Melmetal\n|-damage|p1a: Melmetal|3\/100\n|\n|upkeep\n|turn|20\n|\n|t:|1699463152\n|move|p2a: Marshadow|Shadow Sneak|p1a: Melmetal\n|-damage|p1a: Melmetal|0 fnt\n|faint|p1a: Melmetal\n|\n|upkeep\n|\n|t:|1699463170\n|switch|p1a: Groudon|Groudon-Primal|28\/100\n|-weather|DesolateLand|[from] ability: Desolate Land|[of] p1a: Groudon\n|turn|21\n|\n|t:|1699463178\n|move|p2a: Marshadow|Spectral Thief|p1a: Groudon\n|-damage|p1a: Groudon|0 fnt\n|faint|p1a: Groudon\n|-weather|none\n|\n|upkeep\n|\n|t:|1699463187\n|switch|p1a: Landorus|Landorus, M|100\/100\n|turn|22\n|\n|t:|1699463193\n|move|p2a: Marshadow|Rock Tomb|p1a: Landorus\n|-crit|p1a: Landorus\n|-damage|p1a: Landorus|47\/100\n|-unboost|p1a: Landorus|spe|1\n|move|p1a: Landorus|Earth Power|p2a: Marshadow\n|-damage|p2a: Marshadow|11\/100\n|\n|upkeep\n|turn|23\n|\n|t:|1699463207\n|move|p2a: Marshadow|Spectral Thief|p1a: Landorus\n|-damage|p1a: Landorus|0 fnt\n|faint|p1a: Landorus\n|\n|upkeep\n|\n|t:|1699463221\n|switch|p1a: Palkia|Palkia-Origin|39\/100\n|-ability|p1a: Palkia|Pressure\n|turn|24\n|\n|t:|1699463230\n|move|p2a: Marshadow|Spectral Thief|p1a: Palkia\n|-damage|p1a: Palkia|0 fnt\n|faint|p1a: Palkia\n|\n|upkeep\n|\n|t:|1699463248\n|switch|p1a: Mewtwo|Mewtwo|100\/100\n|-ability|p1a: Mewtwo|Unnerve\n|turn|25\n|\n|t:|1699463258\n|move|p2a: Marshadow|Shadow Sneak|p1a: Mewtwo\n|-supereffective|p1a: Mewtwo\n|-damage|p1a: Mewtwo|10\/100\n|move|p1a: Mewtwo|Psystrike|p2a: Marshadow\n|-damage|p2a: Marshadow|0 fnt\n|faint|p2a: Marshadow\n|\n|upkeep\n|\n|t:|1699463269\n|switch|p2a: Kyurem|Kyurem-Black, shiny|100\/100\n|-ability|p2a: Kyurem|Teravolt\n|turn|26\n|c|\u2606NOOB_1352011|reverse comback?\n|\n|t:|1699463273\n|detailschange|p1a: Mewtwo|Mewtwo-Mega-Y\n|-mega|p1a: Mewtwo|Mewtwo|Mewtwonite Y\n|move|p1a: Mewtwo|Focus Blast|p2a: Kyurem|[miss]\n|-miss|p1a: Mewtwo|p2a: Kyurem\n|move|p2a: Kyurem|Icicle Spear|p1a: Mewtwo\n|-damage|p1a: Mewtwo|0 fnt\n|faint|p1a: Mewtwo\n|-hitcount|p1: Mewtwo|1\n|-damage|p2a: Kyurem|91\/100|[from] item: Life Orb\n|\n|win|haii x3\n|raw|NOOB_1352011's rating: 1464 &rarr; <strong>1442<\/strong><br \/>(-22 for losing)\n|raw|haii x3's rating: 1435 &rarr; <strong>1457<\/strong><br \/>(+22 for winning)\n|l|\u2606haii x3\n|c|\u2606NOOB_1352011|of course :(\n","uploadtime":1699463286,"views":5,"p1id":"noob1352011","p2id":"haiix3","formatid":"gen9nationaldexubers","rating":1442,"private":0,"password":""}