{"id":"gen9nationaldexubers-1998877707","p1":"loss or give up","p2":"yoimiya277","format":"[Gen 9] National Dex Ubers","log":"|j|\u2606loss or give up\n|j|\u2606yoimiya277\n|t:|1701007364\n|gametype|singles\n|player|p1|loss or give up|hilbert|1118\n|player|p2|yoimiya277|lady-gen4|1204\n|teamsize|p1|6\n|teamsize|p2|6\n|gen|9\n|tier|[Gen 9] National Dex Ubers\n|rated|\n|rule|HP Percentage Mod: HP is shown in percentages\n|rule|Endless Battle Clause: Forcing endless battles is banned\n|rule|OHKO Clause: OHKO moves are banned\n|rule|Evasion Moves Clause: Evasion moves are banned\n|rule|Evasion Items Clause: Evasion items are banned\n|rule|Species Clause: Limit one of each Pok\u00e9mon\n|rule|Sleep Clause Mod: Limit one foe put to sleep\n|rule|Mega Rayquaza Clause: You cannot mega evolve Rayquaza\n|clearpoke\n|poke|p1|Landorus-Therian, M|\n|poke|p1|Ferrothorn, M|\n|poke|p1|Xerneas-*|\n|poke|p1|Melmetal|\n|poke|p1|Blastoise, F|\n|poke|p1|Houndstone, M|\n|poke|p2|Landorus, M|\n|poke|p2|Naganadel|\n|poke|p2|Scizor, F|\n|poke|p2|Ferrothorn, M|\n|poke|p2|Clefable, M|\n|poke|p2|Gastrodon, F|\n|teampreview\n|\n|t:|1701007398\n|start\n|switch|p1a: Xerneas|Xerneas|100\/100\n|switch|p2a: Naganadel|Naganadel|100\/100\n|-ability|p1a: Xerneas|Fairy Aura\n|turn|1\n|\n|t:|1701007418\n|switch|p2a: Ferrothorn|Ferrothorn, M|100\/100\n|move|p1a: Xerneas|Geomancy||[still]\n|-prepare|p1a: Xerneas|Geomancy\n|-enditem|p1a: Xerneas|Power Herb\n|-anim|p1a: Xerneas|Geomancy|p1a: Xerneas\n|-boost|p1a: Xerneas|spa|2\n|-boost|p1a: Xerneas|spd|2\n|-boost|p1a: Xerneas|spe|2\n|\n|upkeep\n|turn|2\n|\n|t:|1701007442\n|move|p1a: Xerneas|Hidden Power|p2a: Ferrothorn\n|-damage|p2a: Ferrothorn|64\/100\n|move|p2a: Ferrothorn|Gyro Ball|p1a: Xerneas\n|-supereffective|p1a: Xerneas\n|-damage|p1a: Xerneas|8\/100\n|\n|upkeep\n|turn|3\n|\n|t:|1701007458\n|move|p1a: Xerneas|Moonblast|p2a: Ferrothorn\n|-resisted|p2a: Ferrothorn\n|-crit|p2a: Ferrothorn\n|-damage|p2a: Ferrothorn|0 fnt\n|faint|p2a: Ferrothorn\n|\n|upkeep\n|\n|t:|1701007461\n|switch|p2a: Scizor|Scizor, F|100\/100\n|turn|4\n|\n|t:|1701007470\n|detailschange|p2a: Scizor|Scizor-Mega, F\n|-mega|p2a: Scizor|Scizor|Scizorite\n|move|p2a: Scizor|Bullet Punch|p1a: Xerneas\n|-supereffective|p1a: Xerneas\n|-damage|p1a: Xerneas|0 fnt\n|faint|p1a: Xerneas\n|\n|upkeep\n|\n|t:|1701007489\n|switch|p1a: Fire fight|Ferrothorn, M|100\/100\n|turn|5\n|\n|t:|1701007497\n|switch|p2a: Naganadel|Naganadel|100\/100\n|move|p1a: Fire fight|Leech Seed|p2a: Naganadel\n|-start|p2a: Naganadel|move: Leech Seed\n|\n|-damage|p2a: Naganadel|88\/100|[from] Leech Seed|[of] p1a: Fire fight\n|upkeep\n|turn|6\n|\n|t:|1701007506\n|move|p2a: Naganadel|Fire Blast|p1a: Fire fight\n|-supereffective|p1a: Fire fight\n|-damage|p1a: Fire fight|0 fnt\n|faint|p1a: Fire fight\n|-ability|p2a: Naganadel|Beast Boost|boost\n|-boost|p2a: Naganadel|spe|1\n|\n|upkeep\n|\n|t:|1701007515\n|switch|p1a: Blastoise|Blastoise, F|100\/100\n|turn|7\n|\n|t:|1701007522\n|switch|p2a: Gastrodon|Gastrodon, F|100\/100\n|detailschange|p1a: Blastoise|Blastoise-Mega, F\n|-mega|p1a: Blastoise|Blastoise|Blastoisinite\n|move|p1a: Blastoise|Shell Smash|p1a: Blastoise\n|-unboost|p1a: Blastoise|def|1\n|-unboost|p1a: Blastoise|spd|1\n|-boost|p1a: Blastoise|atk|2\n|-boost|p1a: Blastoise|spa|2\n|-boost|p1a: Blastoise|spe|2\n|\n|upkeep\n|turn|8\n|\n|t:|1701007535\n|move|p1a: Blastoise|Dark Pulse|p2a: Gastrodon\n|-damage|p2a: Gastrodon|43\/100\n|move|p2a: Gastrodon|Earth Power|p1a: Blastoise\n|-damage|p1a: Blastoise|59\/100\n|-unboost|p1a: Blastoise|spd|1\n|\n|-heal|p2a: Gastrodon|49\/100|[from] item: Leftovers\n|upkeep\n|turn|9\n|\n|t:|1701007550\n|move|p1a: Blastoise|Shell Smash|p1a: Blastoise\n|-unboost|p1a: Blastoise|def|1\n|-unboost|p1a: Blastoise|spd|1\n|-boost|p1a: Blastoise|atk|2\n|-boost|p1a: Blastoise|spa|2\n|-boost|p1a: Blastoise|spe|2\n|move|p2a: Gastrodon|Earth Power|p1a: Blastoise\n|-damage|p1a: Blastoise|0 fnt\n|faint|p1a: Blastoise\n|\n|-heal|p2a: Gastrodon|55\/100|[from] item: Leftovers\n|upkeep\n|\n|t:|1701007566\n|switch|p1a: Melmetal|Melmetal|100\/100\n|turn|10\n|\n|t:|1701007577\n|move|p1a: Melmetal|Double Iron Bash|p2a: Gastrodon\n|-resisted|p2a: Gastrodon\n|-damage|p2a: Gastrodon|30\/100\n|-resisted|p2a: Gastrodon\n|-damage|p2a: Gastrodon|8\/100\n|-hitcount|p2a: Gastrodon|2\n|move|p2a: Gastrodon|Earth Power|p1a: Melmetal\n|-supereffective|p1a: Melmetal\n|-damage|p1a: Melmetal|61\/100\n|\n|-heal|p2a: Gastrodon|14\/100|[from] item: Leftovers\n|upkeep\n|turn|11\n|\n|t:|1701007588\n|move|p1a: Melmetal|Double Iron Bash|p2a: Gastrodon\n|-resisted|p2a: Gastrodon\n|-damage|p2a: Gastrodon|0 fnt\n|faint|p2a: Gastrodon\n|-hitcount|p2: Gastrodon|1\n|\n|upkeep\n|\n|t:|1701007590\n|switch|p2a: Landorus|Landorus, M|100\/100\n|turn|12\n|\n|t:|1701007606\n|move|p2a: Landorus|Earth Power|p1a: Melmetal\n|-supereffective|p1a: Melmetal\n|-damage|p1a: Melmetal|0 fnt\n|faint|p1a: Melmetal\n|\n|upkeep\n|\n|t:|1701007617\n|switch|p1a: Ice water|Landorus-Therian, M|100\/100\n|-ability|p1a: Ice water|Intimidate|boost\n|-unboost|p2a: Landorus|atk|1\n|turn|13\n|\n|t:|1701007628\n|move|p2a: Landorus|Psychic|p1a: Ice water\n|-damage|p1a: Ice water|43\/100\n|move|p1a: Ice water|U-turn|p2a: Landorus\n|-resisted|p2a: Landorus\n|-damage|p2a: Landorus|81\/100\n|-damage|p1a: Ice water|33\/100|[from] item: Life Orb\n|\n|t:|1701007635\n|switch|p1a: Houndstone|Houndstone, M|100\/100|[from] U-turn\n|\n|upkeep\n|turn|14\n|\n|t:|1701007646\n|switch|p2a: Clefable|Clefable, M|100\/100\n|-terastallize|p1a: Houndstone|Ghost\n|move|p1a: Houndstone|Protect||[still]\n|-fail|p1a: Houndstone\n|\n|upkeep\n|turn|15\n|inactive|Battle timer is ON: inactive players will automatically lose when time's up. (requested by yoimiya277)\n|\n|t:|1701007657\n|move|p1a: Houndstone|Confuse Ray|p2a: Clefable\n|-start|p2a: Clefable|confusion\n|-activate|p2a: Clefable|confusion\n|move|p2a: Clefable|Toxic|p1a: Houndstone\n|-status|p1a: Houndstone|tox\n|\n|-damage|p1a: Houndstone|95\/100 tox|[from] psn\n|upkeep\n|turn|16\n|\n|t:|1701007671\n|switch|p2a: Scizor|Scizor-Mega, F|100\/100\n|move|p1a: Houndstone|Last Respects|p2a: Scizor\n|-damage|p2a: Scizor|0 fnt\n|faint|p2a: Scizor\n|\n|-damage|p1a: Houndstone|83\/100 tox|[from] psn\n|upkeep\n|\n|t:|1701007677\n|switch|p2a: Naganadel|Naganadel|88\/100\n|turn|17\n|\n|t:|1701007690\n|-zpower|p2a: Naganadel\n|move|p2a: Naganadel|Inferno Overdrive|p1a: Houndstone|[zeffect]\n|-damage|p1a: Houndstone|9\/100 tox\n|move|p1a: Houndstone|Last Respects|p2a: Naganadel\n|-damage|p2a: Naganadel|0 fnt\n|faint|p2a: Naganadel\n|\n|-damage|p1a: Houndstone|0 fnt|[from] psn\n|faint|p1a: Houndstone\n|upkeep\n|\n|t:|1701007706\n|switch|p2a: Landorus|Landorus, M|81\/100\n|switch|p1a: Ice water|Landorus-Therian, M|33\/100\n|-ability|p1a: Ice water|Intimidate|boost\n|-unboost|p2a: Landorus|atk|1\n|turn|18\n|\n|t:|1701007712\n|move|p2a: Landorus|Psychic|p1a: Ice water\n|-damage|p1a: Ice water|0 fnt\n|faint|p1a: Ice water\n|\n|win|yoimiya277\n|raw|loss or give up's rating: 1118 &rarr; <strong>1099<\/strong><br \/>(-19 for losing)\n|raw|yoimiya277's rating: 1204 &rarr; <strong>1223<\/strong><br \/>(+19 for winning)\n|l|\u2606loss or give up\n","uploadtime":1701007966,"views":6,"p1id":"lossorgiveup","p2id":"yoimiya277","formatid":"gen9nationaldexubers","rating":1099,"private":0,"password":""}