{"id":"gen9nationaldexubers-1984118528","p1":"pokegirl457","p2":"gtantoine2003","format":"[Gen 9] National Dex Ubers","log":"|j|\u2606pokegirl457\n|j|\u2606gtantoine2003\n|t:|1699220591\n|gametype|singles\n|player|p1|pokegirl457|hapu|1164\n|player|p2|gtantoine2003|1|1049\n|teamsize|p1|6\n|teamsize|p2|6\n|gen|9\n|tier|[Gen 9] National Dex Ubers\n|rated|\n|rule|HP Percentage Mod: HP is shown in percentages\n|rule|Endless Battle Clause: Forcing endless battles is banned\n|rule|OHKO Clause: OHKO moves are banned\n|rule|Evasion Moves Clause: Evasion moves are banned\n|rule|Evasion Items Clause: Evasion items are banned\n|rule|Species Clause: Limit one of each Pok\u00e9mon\n|rule|Sleep Clause Mod: Limit one foe put to sleep\n|rule|Mega Rayquaza Clause: You cannot mega evolve Rayquaza\n|clearpoke\n|poke|p1|Necrozma-Dusk-Mane|\n|poke|p1|Dracovish|\n|poke|p1|Groudon|\n|poke|p1|Xerneas-*|\n|poke|p1|Zacian-*|\n|poke|p1|Kyurem-Black|\n|poke|p2|Clodsire, F|\n|poke|p2|Glimmora, M|\n|poke|p2|Sneasler, F|\n|poke|p2|Toxapex, F|\n|poke|p2|Slowking-Galar, F|\n|poke|p2|Beedrill, F|\n|teampreview\n|inactive|Battle timer is ON: inactive players will automatically lose when time's up. (requested by gtantoine2003)\n|inactive|pokegirl457 also wants the timer to be on.\n|c|\u2606pokegirl457|Mono poison?\n|c|\u2606gtantoine2003|no\n|c|\u2606gtantoine2003|its a mono ice\n|inactive|pokegirl457 has 120 seconds left.\n|inactive|pokegirl457 has 90 seconds left.\n|c|\u2606pokegirl457|Every pokemon on your team has poison type\n|\n|t:|1699220667\n|start\n|switch|p1a: Groudon|Groudon|100\/100\n|switch|p2a: suicide lead|Glimmora, M|100\/100\n|detailschange|p1a: Groudon|Groudon-Primal\n|-primal|p1a: Groudon|Red Orb\n|-weather|DesolateLand|[from] ability: Desolate Land|[of] p1a: Groudon\n|turn|1\n|c|\u2606gtantoine2003|for real i didnt know\n|\n|t:|1699220679\n|move|p2a: suicide lead|Earth Power|p1a: Groudon\n|-supereffective|p1a: Groudon\n|-damage|p1a: Groudon|37\/100\n|move|p1a: Groudon|Earthquake|p2a: suicide lead\n|-supereffective|p2a: suicide lead\n|-enditem|p2a: suicide lead|Focus Sash\n|-damage|p2a: suicide lead|1\/100\n|-activate|p2a: suicide lead|ability: Toxic Debris\n|-sidestart|p1: pokegirl457|move: Toxic Spikes\n|\n|-weather|DesolateLand|[upkeep]\n|upkeep\n|turn|2\n|c|\u2606pokegirl457|Fr?\n|\n|t:|1699220688\n|move|p2a: suicide lead|Earth Power|p1a: Groudon\n|-supereffective|p1a: Groudon\n|-damage|p1a: Groudon|0 fnt\n|faint|p1a: Groudon\n|-weather|none\n|\n|upkeep\n|c|\u2606gtantoine2003|oui francai\n|\n|t:|1699220701\n|switch|p1a: Kyurem|Kyurem-Black, shiny|100\/100\n|-status|p1a: Kyurem|psn\n|-ability|p1a: Kyurem|Teravolt\n|turn|3\n|\n|t:|1699220708\n|move|p1a: Kyurem|Hyper Voice|p2a: suicide lead\n|-resisted|p2a: suicide lead\n|-damage|p2a: suicide lead|0 fnt\n|faint|p2a: suicide lead\n|-enditem|p1a: Kyurem|Throat Spray\n|-boost|p1a: Kyurem|spa|1|[from] item: Throat Spray\n|\n|-damage|p1a: Kyurem|88\/100 psn|[from] psn\n|upkeep\n|\n|t:|1699220713\n|switch|p2a: ta les crampter|Sneasler, F|100\/100\n|turn|4\n|\n|t:|1699220739\n|move|p2a: ta les crampter|Fake Out|p1a: Kyurem\n|-damage|p1a: Kyurem|74\/100 psn\n|cant|p1a: Kyurem|flinch\n|\n|-damage|p1a: Kyurem|62\/100 psn|[from] psn\n|upkeep\n|turn|5\n|c|\u2606gtantoine2003|je parle francais oui\n|\n|t:|1699220743\n|move|p2a: ta les crampter|Close Combat|p1a: Kyurem\n|-supereffective|p1a: Kyurem\n|-damage|p1a: Kyurem|0 fnt\n|-unboost|p2a: ta les crampter|def|1\n|-unboost|p2a: ta les crampter|spd|1\n|-enditem|p2a: ta les crampter|White Herb\n|-clearnegativeboost|p2a: ta les crampter|[silent]\n|faint|p1a: Kyurem\n|\n|upkeep\n|\n|t:|1699220748\n|switch|p1a: Necrozma|Necrozma-Dusk-Mane, shiny|100\/100\n|turn|6\n|\n|t:|1699220753\n|move|p2a: ta les crampter|Close Combat|p1a: Necrozma\n|-damage|p1a: Necrozma|48\/100\n|-unboost|p2a: ta les crampter|def|1\n|-unboost|p2a: ta les crampter|spd|1\n|move|p1a: Necrozma|Morning Sun|p1a: Necrozma\n|-heal|p1a: Necrozma|98\/100\n|\n|upkeep\n|turn|7\n|\n|t:|1699220758\n|move|p2a: ta les crampter|Close Combat|p1a: Necrozma\n|-damage|p1a: Necrozma|43\/100\n|-unboost|p2a: ta les crampter|def|1\n|-unboost|p2a: ta les crampter|spd|1\n|move|p1a: Necrozma|Morning Sun|p1a: Necrozma\n|-heal|p1a: Necrozma|93\/100\n|\n|upkeep\n|turn|8\n|c|\u2606pokegirl457|A little stal shouldn't hurt\n|\n|t:|1699220783\n|move|p2a: ta les crampter|Close Combat|p1a: Necrozma\n|-damage|p1a: Necrozma|38\/100\n|-unboost|p2a: ta les crampter|def|1\n|-unboost|p2a: ta les crampter|spd|1\n|move|p1a: Necrozma|Morning Sun|p1a: Necrozma\n|-heal|p1a: Necrozma|87\/100\n|\n|upkeep\n|turn|9\n|\n|t:|1699220789\n|move|p2a: ta les crampter|Dire Claw|p1a: Necrozma\n|-immune|p1a: Necrozma\n|move|p1a: Necrozma|Morning Sun|p1a: Necrozma\n|-heal|p1a: Necrozma|100\/100\n|\n|upkeep\n|turn|10\n|\n|t:|1699220810\n|move|p2a: ta les crampter|U-turn|p1a: Necrozma\n|-damage|p1a: Necrozma|80\/100\n|\n|t:|1699220813\n|switch|p2a: dummy poisonhub|Clodsire, F|100\/100|[from] U-turn\n|move|p1a: Necrozma|Morning Sun|p1a: Necrozma\n|-heal|p1a: Necrozma|100\/100\n|\n|upkeep\n|turn|11\n|\n|t:|1699220826\n|detailschange|p1a: Necrozma|Necrozma-Ultra, shiny\n|-burst|p1a: Necrozma|Necrozma|Ultranecrozium Z\n|move|p1a: Necrozma|Photon Geyser|p2a: dummy poisonhub\n|-supereffective|p2a: dummy poisonhub\n|-damage|p2a: dummy poisonhub|0 fnt\n|faint|p2a: dummy poisonhub\n|\n|upkeep\n|\n|t:|1699220833\n|switch|p2a: ta les crampter|Sneasler, F|100\/100\n|turn|12\n|\n|t:|1699220839\n|-zpower|p1a: Necrozma\n|move|p1a: Necrozma|Light That Burns the Sky|p2a: ta les crampter|[zeffect]\n|-supereffective|p2a: ta les crampter\n|-damage|p2a: ta les crampter|0 fnt\n|faint|p2a: ta les crampter\n|\n|upkeep\n|\n|t:|1699220866\n|switch|p2a: zakotv_ on twitch|Beedrill, F|100\/100\n|turn|13\n|c|\u2606gtantoine2003|follow zakotv_ on twitch\n|inactive|pokegirl457 has 120 seconds left.\n|\n|t:|1699220897\n|detailschange|p2a: zakotv_ on twitch|Beedrill-Mega, F\n|-mega|p2a: zakotv_ on twitch|Beedrill|Beedrillite\n|move|p2a: zakotv_ on twitch|Swords Dance|p2a: zakotv_ on twitch\n|-boost|p2a: zakotv_ on twitch|atk|2\n|move|p1a: Necrozma|Photon Geyser|p2a: zakotv_ on twitch\n|-supereffective|p2a: zakotv_ on twitch\n|-damage|p2a: zakotv_ on twitch|0 fnt\n|faint|p2a: zakotv_ on twitch\n|\n|upkeep\n|-message|gtantoine2003 forfeited.\n|\n|win|pokegirl457\n|raw|pokegirl457's rating: 1164 &rarr; <strong>1181<\/strong><br \/>(+17 for winning)\n|raw|gtantoine2003's rating: 1049 &rarr; <strong>1037<\/strong><br \/>(-12 for losing)\n|l|\u2606gtantoine2003\n|c|\u2606pokegirl457|GG\n","uploadtime":1699220919,"views":5,"p1id":"pokegirl457","p2id":"gtantoine2003","formatid":"gen9nationaldexubers","rating":1037,"private":0,"password":""}