{"id":"gen9nationaldexubers-1980920619","p1":"Ginesect","p2":"BeentoShira","format":"[Gen 9] National Dex Ubers","log":"|j|\u2606Ginesect\n|j|\u2606BeentoShira\n|t:|1698849097\n|gametype|singles\n|player|p1|Ginesect|artist-gen4|\n|player|p2|BeentoShira|waitress-gen4|\n|teamsize|p1|6\n|teamsize|p2|6\n|gen|9\n|tier|[Gen 9] National Dex Ubers\n|rule|HP Percentage Mod: HP is shown in percentages\n|rule|Endless Battle Clause: Forcing endless battles is banned\n|rule|OHKO Clause: OHKO moves are banned\n|rule|Evasion Moves Clause: Evasion moves are banned\n|rule|Evasion Items Clause: Evasion items are banned\n|rule|Species Clause: Limit one of each Pok\u00e9mon\n|rule|Sleep Clause Mod: Limit one foe put to sleep\n|rule|Mega Rayquaza Clause: You cannot mega evolve Rayquaza\n|clearpoke\n|poke|p1|Chien-Pao|\n|poke|p1|Mandibuzz, F|\n|poke|p1|Mawile, F|\n|poke|p1|Grimmsnarl, M|\n|poke|p1|Greninja-*, M|\n|poke|p1|Ting-Lu|\n|poke|p2|Roaring Moon|\n|poke|p2|Lopunny, M|\n|poke|p2|Landorus-Therian, M|\n|poke|p2|Volcarona, M|\n|poke|p2|Iron Valiant|\n|poke|p2|Great Tusk|\n|teampreview\n|c|\u2606BeentoShira|glhf\n|c|\u2606Ginesect|Glhf\n|inactive|Battle timer is ON: inactive players will automatically lose when time's up. (requested by BeentoShira)\n|\n|t:|1698849111\n|start\n|switch|p1a: Ting-Lu|Ting-Lu|100\/100\n|switch|p2a: malicious|Landorus-Therian, M|100\/100\n|-ability|p2a: malicious|Intimidate|boost\n|-unboost|p1a: Ting-Lu|atk|1\n|-ability|p1a: Ting-Lu|Vessel of Ruin\n|turn|1\n|\n|t:|1698849118\n|move|p2a: malicious|U-turn|p1a: Ting-Lu\n|-supereffective|p1a: Ting-Lu\n|-damage|p1a: Ting-Lu|72\/100\n|\n|t:|1698849127\n|switch|p2a: real g tusk|Great Tusk|100\/100|[from] U-turn\n|move|p1a: Ting-Lu|Stealth Rock|p2a: real g tusk\n|-sidestart|p2: BeentoShira|move: Stealth Rock\n|\n|-heal|p1a: Ting-Lu|78\/100|[from] item: Leftovers\n|upkeep\n|turn|2\n|c|\u2606Ginesect|Not trynna scare u, but I have a 11-4 record\n|c|\u2606BeentoShira|idc\n|c|\u2606BeentoShira|i play 4 fun\n|\n|t:|1698849155\n|switch|p1a: Grimmsnarl|Grimmsnarl, M|100\/100\n|move|p2a: real g tusk|Close Combat|p1a: Grimmsnarl\n|-damage|p1a: Grimmsnarl|19\/100\n|-unboost|p2a: real g tusk|def|1\n|-unboost|p2a: real g tusk|spd|1\n|\n|upkeep\n|turn|3\n|\n|t:|1698849167\n|move|p1a: Grimmsnarl|Reflect|p1a: Grimmsnarl\n|-sidestart|p1: Ginesect|Reflect\n|move|p2a: real g tusk|Rapid Spin|p1a: Grimmsnarl\n|-damage|p1a: Grimmsnarl|8\/100\n|-boost|p2a: real g tusk|spe|1\n|-sideend|p2: BeentoShira|Stealth Rock|[from] move: Rapid Spin|[of] p2a: real g tusk\n|\n|upkeep\n|turn|4\n|\n|t:|1698849176\n|move|p1a: Grimmsnarl|Parting Shot|p2a: real g tusk\n|-unboost|p2a: real g tusk|atk|1\n|-unboost|p2a: real g tusk|spa|1\n|\n|t:|1698849181\n|switch|p1a: Mawile|Mawile, F|100\/100|[from] Parting Shot\n|-ability|p1a: Mawile|Intimidate|boost\n|-unboost|p2a: real g tusk|atk|1\n|move|p2a: real g tusk|Earthquake|p1a: Mawile\n|-supereffective|p1a: Mawile\n|-damage|p1a: Mawile|66\/100\n|\n|upkeep\n|turn|5\n|\n|t:|1698849187\n|-end|p2a: real g tusk|Protosynthesis|[silent]\n|switch|p2a: malicious|Landorus-Therian, M|100\/100\n|-ability|p2a: malicious|Intimidate|boost\n|-unboost|p1a: Mawile|atk|1\n|detailschange|p1a: Mawile|Mawile-Mega, F\n|-mega|p1a: Mawile|Mawile|Mawilite\n|move|p1a: Mawile|Play Rough|p2a: malicious\n|-crit|p2a: malicious\n|-damage|p2a: malicious|0 fnt\n|faint|p2a: malicious\n|\n|upkeep\n|c|\u2606BeentoShira|crit...\n|\n|t:|1698849197\n|switch|p2a: Entomophobia|Volcarona, M|100\/100\n|turn|6\n|\n|t:|1698849206\n|switch|p1a: Ting-Lu|Ting-Lu|78\/100\n|-ability|p1a: Ting-Lu|Vessel of Ruin\n|move|p2a: Entomophobia|Quiver Dance|p2a: Entomophobia\n|-boost|p2a: Entomophobia|spa|1\n|-boost|p2a: Entomophobia|spd|1\n|-boost|p2a: Entomophobia|spe|1\n|\n|-heal|p1a: Ting-Lu|85\/100|[from] item: Leftovers\n|upkeep\n|turn|7\n|\n|t:|1698849212\n|move|p2a: Entomophobia|Quiver Dance|p2a: Entomophobia\n|-boost|p2a: Entomophobia|spa|1\n|-boost|p2a: Entomophobia|spd|1\n|-boost|p2a: Entomophobia|spe|1\n|move|p1a: Ting-Lu|Whirlwind|p2a: Entomophobia\n|drag|p2a: bober|Roaring Moon|100\/100\n|\n|-heal|p1a: Ting-Lu|91\/100|[from] item: Leftovers\n|upkeep\n|turn|8\n|c|\u2606Ginesect|Lol\n|\n|t:|1698849219\n|move|p2a: bober|Knock Off|p1a: Ting-Lu\n|-resisted|p1a: Ting-Lu\n|-damage|p1a: Ting-Lu|85\/100\n|-enditem|p1a: Ting-Lu|Leftovers|[from] move: Knock Off|[of] p2a: bober\n|move|p1a: Ting-Lu|Stealth Rock|p2a: bober\n|-sidestart|p2: BeentoShira|move: Stealth Rock\n|\n|upkeep\n|turn|9\n|\n|t:|1698849225\n|-end|p2a: bober|Protosynthesis|[silent]\n|switch|p2a: kurwa jebana|Lopunny, M, shiny|100\/100\n|-damage|p2a: kurwa jebana|88\/100|[from] Stealth Rock\n|move|p1a: Ting-Lu|Whirlwind|p2a: kurwa jebana\n|drag|p2a: bober|Roaring Moon|100\/100\n|-damage|p2a: bober|88\/100|[from] Stealth Rock\n|\n|upkeep\n|turn|10\n|\n|t:|1698849236\n|-end|p2a: bober|Protosynthesis|[silent]\n|switch|p2a: owo|Iron Valiant|100\/100\n|-damage|p2a: owo|94\/100|[from] Stealth Rock\n|-enditem|p2a: owo|Booster Energy\n|-activate|p2a: owo|ability: Quark Drive|[fromitem]\n|-start|p2a: owo|quarkdrivespe\n|move|p1a: Ting-Lu|Whirlwind|p2a: owo\n|-end|p2a: owo|Quark Drive|[silent]\n|drag|p2a: kurwa jebana|Lopunny, M, shiny|88\/100\n|-damage|p2a: kurwa jebana|76\/100|[from] Stealth Rock\n|\n|-sideend|p1: Ginesect|Reflect\n|upkeep\n|turn|11\n|\n|t:|1698849242\n|detailschange|p2a: kurwa jebana|Lopunny-Mega, M, shiny\n|-mega|p2a: kurwa jebana|Lopunny|Lopunnite\n|move|p1a: Ting-Lu|Protect|p1a: Ting-Lu\n|-singleturn|p1a: Ting-Lu|Protect\n|move|p2a: kurwa jebana|High Jump Kick|p1a: Ting-Lu\n|-activate|p1a: Ting-Lu|move: Protect\n|-damage|p2a: kurwa jebana|26\/100|[from] highjumpkick\n|\n|upkeep\n|turn|12\n|c|\u2606Ginesect|Lololo\n|c|\u2606BeentoShira|i fucking hate this cow\n|\n|t:|1698849254\n|move|p2a: kurwa jebana|High Jump Kick|p1a: Ting-Lu\n|-supereffective|p1a: Ting-Lu\n|-damage|p1a: Ting-Lu|21\/100\n|move|p1a: Ting-Lu|Earthquake|p2a: kurwa jebana\n|-damage|p2a: kurwa jebana|0 fnt\n|faint|p2a: kurwa jebana\n|\n|upkeep\n|c|\u2606Ginesect|Xd\n|\n|t:|1698849264\n|switch|p2a: Entomophobia|Volcarona, M|100\/100\n|turn|13\n|\n|t:|1698849273\n|switch|p1a: Grimmsnarl|Grimmsnarl, M|8\/100\n|move|p2a: Entomophobia|Bug Buzz|p1a: Grimmsnarl\n|-damage|p1a: Grimmsnarl|0 fnt\n|faint|p1a: Grimmsnarl\n|\n|upkeep\n|\n|t:|1698849278\n|switch|p1a: Greninja|Greninja, M|100\/100\n|turn|14\n|\n|t:|1698849286\n|-terastallize|p2a: Entomophobia|Bug\n|move|p1a: Greninja|Hydro Pump|p2a: Entomophobia\n|-damage|p2a: Entomophobia|50\/100\n|move|p2a: Entomophobia|Bug Buzz|p1a: Greninja\n|-supereffective|p1a: Greninja\n|-enditem|p1a: Greninja|Focus Sash\n|-damage|p1a: Greninja|1\/100\n|\n|upkeep\n|turn|15\n|c|\u2606Ginesect|Damn\n|\n|t:|1698849296\n|move|p1a: Greninja|Hydro Pump|p2a: Entomophobia\n|-damage|p2a: Entomophobia|2\/100\n|move|p2a: Entomophobia|Giga Drain|p1a: Greninja\n|-supereffective|p1a: Greninja\n|-damage|p1a: Greninja|0 fnt\n|-heal|p2a: Entomophobia|2\/100|[from] drain|[of] p1a: Greninja\n|faint|p1a: Greninja\n|\n|upkeep\n|c|\u2606Ginesect|Shit\n|\n|t:|1698849316\n|switch|p1a: Chien-Pao|Chien-Pao|100\/100\n|-ability|p1a: Chien-Pao|Sword of Ruin\n|turn|16\n|\n|t:|1698849320\n|move|p1a: Chien-Pao|Ice Spinner|p2a: Entomophobia\n|-damage|p2a: Entomophobia|0 fnt\n|faint|p2a: Entomophobia\n|\n|upkeep\n|\n|t:|1698849328\n|switch|p2a: owo|Iron Valiant|94\/100\n|-damage|p2a: owo|88\/100|[from] Stealth Rock\n|turn|17\n|\n|t:|1698849335\n|switch|p1a: Mawile|Mawile-Mega, F|66\/100\n|move|p2a: owo|Aura Sphere|p1a: Mawile\n|-damage|p1a: Mawile|11\/100\n|\n|upkeep\n|turn|18\n|\n|t:|1698849346\n|move|p1a: Mawile|Sucker Punch|p2a: owo\n|-resisted|p2a: owo\n|-damage|p2a: owo|75\/100\n|move|p2a: owo|Moonblast|p1a: Mawile\n|-resisted|p1a: Mawile\n|-damage|p1a: Mawile|0 fnt\n|faint|p1a: Mawile\n|\n|upkeep\n|c|\u2606Ginesect|Yea that was kinda a dumb move\n|\n|t:|1698849360\n|switch|p1a: Chien-Pao|Chien-Pao|100\/100\n|-ability|p1a: Chien-Pao|Sword of Ruin\n|turn|19\n|\n|t:|1698849367\n|-end|p2a: owo|Quark Drive|[silent]\n|switch|p2a: bober|Roaring Moon|88\/100\n|-damage|p2a: bober|76\/100|[from] Stealth Rock\n|move|p1a: Chien-Pao|Ice Spinner|p2a: bober\n|-supereffective|p2a: bober\n|-damage|p2a: bober|0 fnt\n|faint|p2a: bober\n|-end|p2a: bober|Protosynthesis|[silent]\n|\n|upkeep\n|\n|t:|1698849382\n|switch|p2a: real g tusk|Great Tusk|100\/100\n|-damage|p2a: real g tusk|98\/100|[from] Stealth Rock\n|turn|20\n|\n|t:|1698849397\n|switch|p1a: Ting-Lu|Ting-Lu|21\/100\n|-ability|p1a: Ting-Lu|Vessel of Ruin\n|move|p2a: real g tusk|Close Combat|p1a: Ting-Lu\n|-supereffective|p1a: Ting-Lu\n|-damage|p1a: Ting-Lu|0 fnt\n|-unboost|p2a: real g tusk|def|1\n|-unboost|p2a: real g tusk|spd|1\n|faint|p1a: Ting-Lu\n|\n|upkeep\n|\n|t:|1698849400\n|switch|p1a: Chien-Pao|Chien-Pao|100\/100\n|-ability|p1a: Chien-Pao|Sword of Ruin\n|turn|21\n|\n|t:|1698849404\n|-end|p2a: real g tusk|Protosynthesis|[silent]\n|switch|p2a: owo|Iron Valiant|75\/100\n|-damage|p2a: owo|68\/100|[from] Stealth Rock\n|move|p1a: Chien-Pao|Ice Spinner|p2a: owo\n|-damage|p2a: owo|0 fnt\n|faint|p2a: owo\n|-end|p2a: owo|Quark Drive|[silent]\n|\n|upkeep\n|\n|t:|1698849407\n|switch|p2a: real g tusk|Great Tusk|98\/100\n|-damage|p2a: real g tusk|95\/100|[from] Stealth Rock\n|turn|22\n|\n|t:|1698849421\n|-terastallize|p1a: Chien-Pao|Dark\n|move|p1a: Chien-Pao|Ice Spinner|p2a: real g tusk\n|-supereffective|p2a: real g tusk\n|-crit|p2a: real g tusk\n|-damage|p2a: real g tusk|0 fnt\n|faint|p2a: real g tusk\n|-end|p2a: real g tusk|Protosynthesis|[silent]\n|\n|win|Ginesect\n|c|\u2606Ginesect|gg\n|c|\u2606BeentoShira|crit...\n|c|\u2606BeentoShira|gg\n|c|\u2606Ginesect|Didn't matter\n|c|\u2606BeentoShira|matted\n|c|\u2606BeentoShira|matterd\n|c|\u2606BeentoShira|that lando crit was bs\n|c|\u2606Ginesect|Mandibuzz had brave bird\n|c|\u2606Ginesect|Lol\n|l|\u2606BeentoShira\n","uploadtime":1698849467,"views":6,"p1id":"ginesect","p2id":"beentoshira","formatid":"gen9nationaldexubers","rating":0,"private":0,"password":""}