{"id":"gen9nationaldexubers-1993915411","p1":"jumbledpablo1","p2":"qazserfvgyujnko","format":"[Gen 9] National Dex Ubers","log":"|j|\u2606jumbledpablo1\n|j|\u2606qazserfvgyujnko\n|t:|1700374772\n|gametype|singles\n|player|p1|jumbledpablo1|veteran|1000\n|player|p2|qazserfvgyujnko|cyrus|1091\n|teamsize|p1|6\n|teamsize|p2|6\n|gen|9\n|tier|[Gen 9] National Dex Ubers\n|rated|\n|rule|HP Percentage Mod: HP is shown in percentages\n|rule|Endless Battle Clause: Forcing endless battles is banned\n|rule|OHKO Clause: OHKO moves are banned\n|rule|Evasion Moves Clause: Evasion moves are banned\n|rule|Evasion Items Clause: Evasion items are banned\n|rule|Species Clause: Limit one of each Pok\u00e9mon\n|rule|Sleep Clause Mod: Limit one foe put to sleep\n|rule|Mega Rayquaza Clause: You cannot mega evolve Rayquaza\n|clearpoke\n|poke|p1|Aegislash, M|\n|poke|p1|Froslass, F|\n|poke|p1|Breloom, F|\n|poke|p1|Rapidash, M|\n|poke|p1|Garchomp, M|\n|poke|p1|Porygon2|\n|poke|p2|Azumarill, M|\n|poke|p2|Stunfisk-Galar, M|\n|poke|p2|Sawsbuck-Winter, M|\n|poke|p2|Jirachi|\n|poke|p2|Altaria, M|\n|poke|p2|Cofagrigus, F|\n|teampreview\n|\n|t:|1700374790\n|start\n|switch|p1a: lil guy|Porygon2, shiny|100\/100\n|switch|p2a: Azumarill|Azumarill, M|100\/100\n|turn|1\n|\n|t:|1700374808\n|move|p1a: lil guy|Telekinesis|p2a: Azumarill\n|-start|p2a: Azumarill|Telekinesis\n|move|p2a: Azumarill|Draining Kiss|p1a: lil guy\n|-damage|p1a: lil guy|91\/100\n|\n|upkeep\n|turn|2\n|\n|t:|1700374816\n|move|p1a: lil guy|Zap Cannon|p2a: Azumarill\n|-supereffective|p2a: Azumarill\n|-damage|p2a: Azumarill|43\/100\n|-status|p2a: Azumarill|par\n|move|p2a: Azumarill|Draining Kiss|p1a: lil guy\n|-damage|p1a: lil guy|81\/100\n|-heal|p2a: Azumarill|51\/100 par|[from] drain|[of] p1a: lil guy\n|\n|upkeep\n|turn|3\n|\n|t:|1700374828\n|switch|p2a: Stunfisk|Stunfisk-Galar, M|100\/100\n|move|p1a: lil guy|Zap Cannon|p2a: Stunfisk\n|-immune|p2a: Stunfisk\n|\n|upkeep\n|turn|4\n|\n|t:|1700374841\n|move|p1a: lil guy|Shadow Ball|p2a: Stunfisk\n|-damage|p2a: Stunfisk|80\/100\n|move|p2a: Stunfisk|Snap Trap|p1a: lil guy\n|-damage|p1a: lil guy|75\/100\n|-activate|p1a: lil guy|move: Snap Trap|[of] p2a: Stunfisk\n|\n|-damage|p1a: lil guy|62\/100|[from] move: Snap Trap|[partiallytrapped]\n|upkeep\n|turn|5\n|\n|t:|1700374858\n|move|p1a: lil guy|Shadow Ball|p2a: Stunfisk\n|-damage|p2a: Stunfisk|60\/100\n|move|p2a: Stunfisk|Earthquake|p1a: lil guy\n|-damage|p1a: lil guy|36\/100\n|\n|-damage|p1a: lil guy|24\/100|[from] move: Snap Trap|[partiallytrapped]\n|upkeep\n|turn|6\n|\n|t:|1700374868\n|move|p1a: lil guy|Shadow Ball|p2a: Stunfisk\n|-damage|p2a: Stunfisk|42\/100\n|move|p2a: Stunfisk|Earthquake|p1a: lil guy\n|-damage|p1a: lil guy|0 fnt\n|faint|p1a: lil guy\n|\n|upkeep\n|\n|t:|1700374875\n|switch|p1a: Celia|Breloom, F, shiny|100\/100\n|turn|7\n|\n|t:|1700374892\n|switch|p2a: Cofagrigus|Cofagrigus, F|100\/100\n|move|p1a: Celia|Bullet Seed|p2a: Cofagrigus\n|-damage|p2a: Cofagrigus|89\/100\n|-damage|p2a: Cofagrigus|76\/100\n|-damage|p2a: Cofagrigus|65\/100\n|-damage|p2a: Cofagrigus|51\/100\n|-hitcount|p2a: Cofagrigus|4\n|\n|-heal|p2a: Cofagrigus|58\/100|[from] item: Leftovers\n|upkeep\n|turn|8\n|\n|t:|1700374905\n|move|p1a: Celia|Rock Tomb|p2a: Cofagrigus\n|-damage|p2a: Cofagrigus|37\/100\n|-unboost|p2a: Cofagrigus|spe|1\n|move|p2a: Cofagrigus|Psychic|p1a: Celia\n|-supereffective|p1a: Celia\n|-damage|p1a: Celia|9\/100\n|\n|-heal|p2a: Cofagrigus|43\/100|[from] item: Leftovers\n|upkeep\n|turn|9\n|\n|t:|1700374931\n|move|p1a: Celia|Rock Tomb|p2a: Cofagrigus\n|-damage|p2a: Cofagrigus|23\/100\n|-unboost|p2a: Cofagrigus|spe|1\n|move|p2a: Cofagrigus|Shadow Ball|p1a: Celia\n|-damage|p1a: Celia|0 fnt\n|faint|p1a: Celia\n|\n|-heal|p2a: Cofagrigus|30\/100|[from] item: Leftovers\n|upkeep\n|\n|t:|1700374943\n|switch|p1a: Arvak|Rapidash, M, shiny|100\/100\n|turn|10\n|\n|t:|1700374951\n|switch|p2a: Azumarill|Azumarill, M|51\/100 par\n|move|p1a: Arvak|Play Rough|p2a: Azumarill\n|-damage|p2a: Azumarill|25\/100 par\n|\n|upkeep\n|turn|11\n|\n|t:|1700374962\n|move|p1a: Arvak|Play Rough|p2a: Azumarill\n|-damage|p2a: Azumarill|0 fnt\n|faint|p2a: Azumarill\n|\n|upkeep\n|\n|t:|1700374970\n|switch|p2a: Altaria|Altaria, M|100\/100\n|turn|12\n|\n|t:|1700374995\n|move|p1a: Arvak|Swords Dance|p1a: Arvak\n|-boost|p1a: Arvak|atk|2\n|move|p2a: Altaria|Dragon Dance|p2a: Altaria\n|-boost|p2a: Altaria|atk|1\n|-boost|p2a: Altaria|spe|1\n|\n|upkeep\n|turn|13\n|\n|t:|1700375003\n|detailschange|p2a: Altaria|Altaria-Mega, M\n|-mega|p2a: Altaria|Altaria|Altarianite\n|move|p2a: Altaria|Earthquake|p1a: Arvak\n|-supereffective|p1a: Arvak\n|-damage|p1a: Arvak|0 fnt\n|faint|p1a: Arvak\n|\n|upkeep\n|\n|t:|1700375012\n|switch|p1a: Zeguile|Garchomp, M, shiny|100\/100\n|turn|14\n|\n|t:|1700375022\n|move|p2a: Altaria|Return|p1a: Zeguile\n|-supereffective|p1a: Zeguile\n|-damage|p1a: Zeguile|0 fnt\n|-damage|p2a: Altaria|88\/100|[from] ability: Rough Skin|[of] p1a: Zeguile\n|faint|p1a: Zeguile\n|\n|upkeep\n|\n|t:|1700375032\n|switch|p1a: Karina|Froslass, F, shiny|100\/100\n|turn|15\n|\n|t:|1700375037\n|move|p2a: Altaria|Earthquake|p1a: Karina\n|-damage|p1a: Karina|11\/100\n|-start|p2a: Altaria|Disable|Earthquake|[from] ability: Cursed Body|[of] p1a: Karina\n|move|p1a: Karina|Ice Beam|p2a: Altaria\n|-supereffective|p2a: Altaria\n|-damage|p2a: Altaria|22\/100\n|\n|upkeep\n|turn|16\n|\n|t:|1700375050\n|move|p2a: Altaria|Return|p1a: Karina\n|-damage|p1a: Karina|0 fnt\n|faint|p1a: Karina\n|\n|upkeep\n|\n|t:|1700375054\n|switch|p1a: Xerxes|Aegislash, M, shiny|100\/100\n|-item|p1a: Xerxes|Air Balloon\n|turn|17\n|\n|t:|1700375074\n|switch|p2a: Cofagrigus|Cofagrigus, F|30\/100\n|move|p1a: Xerxes|Swords Dance|p1a: Xerxes\n|-boost|p1a: Xerxes|atk|2\n|\n|-heal|p2a: Cofagrigus|36\/100|[from] item: Leftovers\n|upkeep\n|turn|18\n|\n|t:|1700375091\n|-formechange|p1a: Xerxes|Aegislash-Blade||[from] ability: Stance Change\n|move|p1a: Xerxes|Shadow Sneak|p2a: Cofagrigus\n|-supereffective|p2a: Cofagrigus\n|-damage|p2a: Cofagrigus|0 fnt\n|faint|p2a: Cofagrigus\n|\n|upkeep\n|\n|t:|1700375098\n|switch|p2a: Altaria|Altaria-Mega, M|22\/100\n|turn|19\n|\n|t:|1700375101\n|move|p1a: Xerxes|Shadow Sneak|p2a: Altaria\n|-damage|p2a: Altaria|0 fnt\n|faint|p2a: Altaria\n|\n|upkeep\n|\n|t:|1700375104\n|switch|p2a: Sawsbuck|Sawsbuck-Winter, M|100\/100\n|turn|20\n|\n|t:|1700375110\n|move|p2a: Sawsbuck|Stomping Tantrum|p1a: Xerxes\n|-immune|p1a: Xerxes\n|move|p1a: Xerxes|Sacred Sword|p2a: Sawsbuck\n|-supereffective|p2a: Sawsbuck\n|-damage|p2a: Sawsbuck|0 fnt\n|faint|p2a: Sawsbuck\n|\n|upkeep\n|\n|t:|1700375118\n|switch|p2a: Jirachi|Jirachi|100\/100\n|turn|21\n|\n|t:|1700375121\n|move|p1a: Xerxes|Shadow Sneak|p2a: Jirachi\n|-supereffective|p2a: Jirachi\n|-crit|p2a: Jirachi\n|-damage|p2a: Jirachi|0 fnt\n|faint|p2a: Jirachi\n|\n|upkeep\n|\n|t:|1700375124\n|switch|p2a: Stunfisk|Stunfisk-Galar, M|42\/100\n|turn|22\n|\n|t:|1700375130\n|move|p1a: Xerxes|Sacred Sword|p2a: Stunfisk\n|-supereffective|p2a: Stunfisk\n|-damage|p2a: Stunfisk|0 fnt\n|-damage|p1a: Xerxes|84\/100|[from] item: Rocky Helmet|[of] p2a: Stunfisk\n|faint|p2a: Stunfisk\n|\n|win|jumbledpablo1\n|raw|jumbledpablo1's rating: 1000 &rarr; <strong>1050<\/strong><br \/>(+50 for winning)\n|raw|qazserfvgyujnko's rating: 1091 &rarr; <strong>1061<\/strong><br \/>(-30 for losing)\n|l|\u2606qazserfvgyujnko\n","uploadtime":1700375218,"views":8,"p1id":"jumbledpablo1","p2id":"qazserfvgyujnko","formatid":"gen9nationaldexubers","rating":1050,"private":0,"password":""}