{"id":"gen9nationaldexubers-1988136160","p1":"Rhyfinn 03","p2":"wqdqrwqdsafwqdsa","format":"[Gen 9] National Dex Ubers","log":"|j|\u2606Rhyfinn 03\n|j|\u2606wqdqrwqdsafwqdsa\n|t:|1699674108\n|gametype|singles\n|player|p1|Rhyfinn 03|alder|1131\n|player|p2|wqdqrwqdsafwqdsa|101|1132\n|teamsize|p1|6\n|teamsize|p2|6\n|gen|9\n|tier|[Gen 9] National Dex Ubers\n|rated|\n|rule|HP Percentage Mod: HP is shown in percentages\n|rule|Endless Battle Clause: Forcing endless battles is banned\n|rule|OHKO Clause: OHKO moves are banned\n|rule|Evasion Moves Clause: Evasion moves are banned\n|rule|Evasion Items Clause: Evasion items are banned\n|rule|Species Clause: Limit one of each Pok\u00e9mon\n|rule|Sleep Clause Mod: Limit one foe put to sleep\n|rule|Mega Rayquaza Clause: You cannot mega evolve Rayquaza\n|clearpoke\n|poke|p1|Groudon|\n|poke|p1|Xerneas-*|\n|poke|p1|Marshadow|\n|poke|p1|Necrozma-Dusk-Mane|\n|poke|p1|Deoxys-Speed|\n|poke|p1|Rayquaza|\n|poke|p2|Arceus|\n|poke|p2|Dragonite, M|\n|poke|p2|Arcanine, M|\n|poke|p2|Sirfetch\u2019d, F|\n|poke|p2|Ambipom, M|\n|poke|p2|Gengar, M|\n|teampreview\n|inactive|Battle timer is ON: inactive players will automatically lose when time's up. (requested by Rhyfinn 03)\n|\n|t:|1699674133\n|start\n|switch|p1a: Deoxys|Deoxys-Speed|100\/100\n|switch|p2a: Gengar|Gengar, M|100\/100\n|-ability|p1a: Deoxys|Pressure\n|turn|1\n|\n|t:|1699674150\n|switch|p2a: Arcanine|Arcanine, M|100\/100\n|-ability|p2a: Arcanine|Intimidate|boost\n|-unboost|p1a: Deoxys|atk|1\n|move|p1a: Deoxys|Taunt|p2a: Arcanine\n|-start|p2a: Arcanine|move: Taunt\n|\n|upkeep\n|turn|2\n|\n|t:|1699674167\n|move|p1a: Deoxys|Stealth Rock|p2a: Arcanine\n|-sidestart|p2: wqdqrwqdsafwqdsa|move: Stealth Rock\n|move|p2a: Arcanine|Flare Blitz|p1a: Deoxys\n|-damage|p1a: Deoxys|32\/100\n|-damage|p2a: Arcanine|79\/100|[from] Recoil\n|\n|upkeep\n|turn|3\n|\n|t:|1699674172\n|move|p2a: Arcanine|Extreme Speed|p1a: Deoxys\n|-damage|p1a: Deoxys|3\/100\n|move|p1a: Deoxys|Spikes|p2a: Arcanine\n|-sidestart|p2: wqdqrwqdsafwqdsa|Spikes\n|\n|-end|p2a: Arcanine|move: Taunt\n|upkeep\n|turn|4\n|\n|t:|1699674198\n|switch|p1a: Marshadow|Marshadow|100\/100\n|switch|p2a: Arceus|Arceus|100\/100\n|-damage|p2a: Arceus|88\/100|[from] Stealth Rock\n|-damage|p2a: Arceus|76\/100|[from] Spikes\n|\n|-heal|p2a: Arceus|82\/100|[from] item: Leftovers\n|upkeep\n|turn|5\n|\n|t:|1699674207\n|move|p1a: Marshadow|Close Combat|p2a: Arceus\n|-supereffective|p2a: Arceus\n|-damage|p2a: Arceus|0 fnt\n|-unboost|p1a: Marshadow|def|1\n|-unboost|p1a: Marshadow|spd|1\n|faint|p2a: Arceus\n|\n|upkeep\n|\n|t:|1699674213\n|switch|p2a: Arcanine|Arcanine, M|79\/100\n|-ability|p2a: Arcanine|Intimidate|boost\n|-unboost|p1a: Marshadow|atk|1\n|turn|6\n|\n|t:|1699674218\n|switch|p1a: Deoxys|Deoxys-Speed|3\/100\n|-ability|p1a: Deoxys|Pressure\n|move|p2a: Arcanine|Flare Blitz|p1a: Deoxys\n|-damage|p1a: Deoxys|0 fnt\n|faint|p1a: Deoxys\n|-damage|p2a: Arcanine|79\/100|[from] Recoil\n|\n|upkeep\n|\n|t:|1699674233\n|switch|p1a: Groudon|Groudon, shiny|100\/100\n|detailschange|p1a: Groudon|Groudon-Primal, shiny\n|-primal|p1a: Groudon|Red Orb\n|-weather|DesolateLand|[from] ability: Desolate Land|[of] p1a: Groudon\n|turn|7\n|\n|t:|1699674241\n|move|p2a: Arcanine|Flare Blitz|p1a: Groudon\n|-resisted|p1a: Groudon\n|-damage|p1a: Groudon|72\/100\n|-damage|p2a: Arcanine|69\/100|[from] Recoil\n|move|p1a: Groudon|Earth Power|p2a: Arcanine\n|-supereffective|p2a: Arcanine\n|-damage|p2a: Arcanine|0 fnt\n|faint|p2a: Arcanine\n|\n|-weather|DesolateLand|[upkeep]\n|upkeep\n|\n|t:|1699674248\n|switch|p2a: Dragonite|Dragonite, M|100\/100\n|-damage|p2a: Dragonite|76\/100|[from] Stealth Rock\n|turn|8\n|\n|t:|1699674254\n|-weather|none\n|switch|p1a: Rayquaza|Rayquaza|100\/100\n|-ability|p1a: Rayquaza|Air Lock\n|move|p2a: Dragonite|Earthquake|p1a: Rayquaza\n|-immune|p1a: Rayquaza\n|\n|upkeep\n|turn|9\n|\n|t:|1699674259\n|switch|p2a: Ambipom|Ambipom, M|100\/100\n|-damage|p2a: Ambipom|88\/100|[from] Stealth Rock\n|-damage|p2a: Ambipom|76\/100|[from] Spikes\n|move|p1a: Rayquaza|Dragon Ascent|p2a: Ambipom\n|-damage|p2a: Ambipom|0 fnt\n|-unboost|p1a: Rayquaza|def|1\n|-unboost|p1a: Rayquaza|spd|1\n|faint|p2a: Ambipom\n|\n|upkeep\n|\n|t:|1699674267\n|switch|p2a: Dragonite|Dragonite, M|76\/100\n|-damage|p2a: Dragonite|51\/100|[from] Stealth Rock\n|turn|10\n|\n|t:|1699674273\n|-terastallize|p2a: Dragonite|Normal\n|move|p2a: Dragonite|Extreme Speed|p1a: Rayquaza\n|-damage|p1a: Rayquaza|0 fnt\n|faint|p1a: Rayquaza\n|\n|upkeep\n|\n|t:|1699674280\n|switch|p1a: Marshadow|Marshadow|100\/100\n|turn|11\n|\n|t:|1699674288\n|switch|p2a: Gengar|Gengar, M|100\/100\n|-damage|p2a: Gengar|88\/100|[from] Stealth Rock\n|-damage|p2a: Gengar|76\/100|[from] Spikes\n|move|p1a: Marshadow|Close Combat|p2a: Gengar\n|-immune|p2a: Gengar\n|\n|upkeep\n|turn|12\n|\n|t:|1699674293\n|move|p1a: Marshadow|Spectral Thief|p2a: Gengar\n|-supereffective|p2a: Gengar\n|-damage|p2a: Gengar|0 fnt\n|faint|p2a: Gengar\n|\n|upkeep\n|\n|t:|1699674296\n|switch|p2a: Sirfetch\u2019d|Sirfetch\u2019d, F|100\/100\n|-damage|p2a: Sirfetch\u2019d|94\/100|[from] Stealth Rock\n|-damage|p2a: Sirfetch\u2019d|82\/100|[from] Spikes\n|turn|13\n|\n|t:|1699674315\n|switch|p1a: Xerneas|Xerneas|100\/100\n|-ability|p1a: Xerneas|Fairy Aura\n|move|p2a: Sirfetch\u2019d|Brave Bird|p1a: Xerneas\n|-damage|p1a: Xerneas|61\/100\n|-damage|p2a: Sirfetch\u2019d|62\/100|[from] Recoil\n|\n|upkeep\n|turn|14\n|\n|t:|1699674323\n|move|p1a: Xerneas|Geomancy||[still]\n|-prepare|p1a: Xerneas|Geomancy\n|-enditem|p1a: Xerneas|Power Herb\n|-anim|p1a: Xerneas|Geomancy|p1a: Xerneas\n|-boost|p1a: Xerneas|spa|2\n|-boost|p1a: Xerneas|spd|2\n|-boost|p1a: Xerneas|spe|2\n|move|p2a: Sirfetch\u2019d|Brave Bird|p1a: Xerneas\n|-crit|p1a: Xerneas\n|-damage|p1a: Xerneas|3\/100\n|-damage|p2a: Sirfetch\u2019d|31\/100|[from] Recoil\n|\n|upkeep\n|turn|15\n|\n|t:|1699674326\n|move|p1a: Xerneas|Moonblast|p2a: Sirfetch\u2019d\n|-supereffective|p2a: Sirfetch\u2019d\n|-damage|p2a: Sirfetch\u2019d|0 fnt\n|faint|p2a: Sirfetch\u2019d\n|\n|upkeep\n|\n|t:|1699674329\n|switch|p2a: Dragonite|Dragonite, M, tera:Normal|51\/100\n|-damage|p2a: Dragonite|39\/100|[from] Stealth Rock\n|-damage|p2a: Dragonite|26\/100|[from] Spikes\n|turn|16\n|\n|t:|1699674335\n|switch|p1a: Marshadow|Marshadow|100\/100\n|move|p2a: Dragonite|Extreme Speed|p1a: Marshadow\n|-immune|p1a: Marshadow\n|\n|upkeep\n|turn|17\n|\n|t:|1699674343\n|-terastallize|p1a: Marshadow|Normal\n|move|p2a: Dragonite|Extreme Speed|p1a: Marshadow\n|-damage|p1a: Marshadow|17\/100\n|move|p1a: Marshadow|Close Combat|p2a: Dragonite\n|-supereffective|p2a: Dragonite\n|-damage|p2a: Dragonite|0 fnt\n|-unboost|p1a: Marshadow|def|1\n|-unboost|p1a: Marshadow|spd|1\n|faint|p2a: Dragonite\n|\n|win|Rhyfinn 03\n|raw|Rhyfinn 03's rating: 1131 &rarr; <strong>1156<\/strong><br \/>(+25 for winning)\n|raw|wqdqrwqdsafwqdsa's rating: 1132 &rarr; <strong>1107<\/strong><br \/>(-25 for losing)\n|l|\u2606wqdqrwqdsafwqdsa\n","uploadtime":1699674350,"views":4,"p1id":"rhyfinn03","p2id":"wqdqrwqdsafwqdsa","formatid":"gen9nationaldexubers","rating":1107,"private":0,"password":""}