{"id":"gen9nationaldexubers-1982687899","p1":"KingoftheTitans","p2":"sauron379","format":"[Gen 9] National Dex Ubers","log":"|j|\u2606KingoftheTitans\n|j|\u2606sauron379\n|t:|1699035889\n|gametype|singles\n|player|p1|KingoftheTitans|101|1339\n|player|p2|sauron379|hilbert|1382\n|teamsize|p1|6\n|teamsize|p2|6\n|gen|9\n|tier|[Gen 9] National Dex Ubers\n|rated|\n|rule|HP Percentage Mod: HP is shown in percentages\n|rule|Endless Battle Clause: Forcing endless battles is banned\n|rule|OHKO Clause: OHKO moves are banned\n|rule|Evasion Moves Clause: Evasion moves are banned\n|rule|Evasion Items Clause: Evasion items are banned\n|rule|Species Clause: Limit one of each Pok\u00e9mon\n|rule|Sleep Clause Mod: Limit one foe put to sleep\n|rule|Mega Rayquaza Clause: You cannot mega evolve Rayquaza\n|clearpoke\n|poke|p1|Deoxys-Speed|\n|poke|p1|Mewtwo|\n|poke|p1|Calyrex-Ice|\n|poke|p1|Ho-Oh|\n|poke|p1|Dragapult, M|\n|poke|p1|Kyurem-Black|\n|poke|p2|Zygarde|\n|poke|p2|Ho-Oh|\n|poke|p2|Groudon|\n|poke|p2|Eternatus|\n|poke|p2|Calyrex-Ice|\n|poke|p2|Yveltal|\n|teampreview\n|\n|t:|1699035895\n|start\n|switch|p1a: Deoxys|Deoxys-Speed, shiny|100\/100\n|switch|p2a: Zygarde|Zygarde|100\/100\n|-ability|p1a: Deoxys|Pressure\n|turn|1\n|\n|t:|1699035903\n|move|p1a: Deoxys|Taunt|p2a: Zygarde\n|-start|p2a: Zygarde|move: Taunt\n|move|p2a: Zygarde|Thousand Waves|p1a: Deoxys\n|-damage|p1a: Deoxys|64\/100\n|-activate|p1a: Deoxys|trapped\n|\n|upkeep\n|turn|2\n|\n|t:|1699035915\n|switch|p2a: Groudon|Groudon|100\/100\n|detailschange|p2a: Groudon|Groudon-Primal\n|-primal|p2a: Groudon|Red Orb\n|-weather|DesolateLand|[from] ability: Desolate Land|[of] p2a: Groudon\n|move|p1a: Deoxys|Stealth Rock|p2a: Groudon\n|-sidestart|p2: sauron379|move: Stealth Rock\n|\n|-weather|DesolateLand|[upkeep]\n|upkeep\n|turn|3\n|\n|t:|1699035925\n|move|p1a: Deoxys|Taunt|p2a: Groudon\n|-start|p2a: Groudon|move: Taunt\n|cant|p2a: Groudon|move: Taunt|Stealth Rock\n|\n|-weather|DesolateLand|[upkeep]\n|upkeep\n|turn|4\n|\n|t:|1699035938\n|-weather|none\n|switch|p2a: Ho-Oh|Ho-Oh|100\/100\n|-ability|p2a: Ho-Oh|Pressure\n|move|p1a: Deoxys|Spikes|p2a: Ho-Oh\n|-sidestart|p2: sauron379|Spikes\n|\n|upkeep\n|turn|5\n|\n|t:|1699035945\n|move|p1a: Deoxys|Spikes|p2a: Ho-Oh\n|-sidestart|p2: sauron379|Spikes\n|move|p2a: Ho-Oh|Sacred Fire|p1a: Deoxys\n|-damage|p1a: Deoxys|12\/100\n|\n|upkeep\n|turn|6\n|\n|t:|1699035951\n|move|p1a: Deoxys|Knock Off|p2a: Ho-Oh\n|-damage|p2a: Ho-Oh|86\/100\n|-enditem|p2a: Ho-Oh|Heavy-Duty Boots|[from] move: Knock Off|[of] p1a: Deoxys\n|move|p2a: Ho-Oh|Defog|p1a: Deoxys\n|-unboost|p1a: Deoxys|evasion|1\n|-sideend|p2: sauron379|Spikes|[from] move: Defog|[of] p2a: Ho-Oh\n|-sideend|p2: sauron379|Stealth Rock|[from] move: Defog|[of] p2a: Ho-Oh\n|\n|upkeep\n|turn|7\n|\n|t:|1699035960\n|move|p1a: Deoxys|Stealth Rock|p2a: Ho-Oh\n|-sidestart|p2: sauron379|move: Stealth Rock\n|move|p2a: Ho-Oh|Sacred Fire|p1a: Deoxys\n|-damage|p1a: Deoxys|0 fnt\n|faint|p1a: Deoxys\n|\n|upkeep\n|\n|t:|1699035975\n|switch|p1a: Kyurem|Kyurem-Black, shiny|100\/100\n|-ability|p1a: Kyurem|Teravolt\n|turn|8\n|\n|t:|1699035985\n|move|p1a: Kyurem|Dragon Dance|p1a: Kyurem\n|-boost|p1a: Kyurem|atk|1\n|-boost|p1a: Kyurem|spe|1\n|move|p2a: Ho-Oh|Toxic|p1a: Kyurem\n|-status|p1a: Kyurem|tox\n|\n|-damage|p1a: Kyurem|94\/100 tox|[from] psn\n|upkeep\n|turn|9\n|\n|t:|1699035993\n|move|p1a: Kyurem|Fusion Bolt|p2a: Ho-Oh\n|-supereffective|p2a: Ho-Oh\n|-damage|p2a: Ho-Oh|1\/100\n|move|p2a: Ho-Oh|Whirlwind|p1a: Kyurem\n|drag|p1a: Mewtwo|Mewtwo, shiny|100\/100\n|-ability|p1a: Mewtwo|Pressure\n|\n|upkeep\n|turn|10\n|\n|t:|1699036005\n|detailschange|p1a: Mewtwo|Mewtwo-Mega-Y, shiny\n|-mega|p1a: Mewtwo|Mewtwo|Mewtwonite Y\n|move|p1a: Mewtwo|Ice Beam|p2a: Ho-Oh\n|-damage|p2a: Ho-Oh|0 fnt\n|faint|p2a: Ho-Oh\n|\n|upkeep\n|\n|t:|1699036021\n|switch|p2a: Groudon|Groudon-Primal|100\/100\n|-damage|p2a: Groudon|88\/100|[from] Stealth Rock\n|-weather|DesolateLand|[from] ability: Desolate Land|[of] p2a: Groudon\n|turn|11\n|\n|t:|1699036031\n|move|p1a: Mewtwo|Nasty Plot|p1a: Mewtwo\n|-boost|p1a: Mewtwo|spa|2\n|move|p2a: Groudon|Precipice Blades|p1a: Mewtwo|[miss]\n|-miss|p2a: Groudon|p1a: Mewtwo\n|\n|-weather|DesolateLand|[upkeep]\n|upkeep\n|turn|12\n|\n|t:|1699036037\n|move|p1a: Mewtwo|Ice Beam|p2a: Groudon\n|-damage|p2a: Groudon|31\/100\n|move|p2a: Groudon|Precipice Blades|p1a: Mewtwo\n|-damage|p1a: Mewtwo|4\/100\n|\n|-weather|DesolateLand|[upkeep]\n|upkeep\n|turn|13\n|\n|t:|1699036047\n|move|p1a: Mewtwo|Ice Beam|p2a: Groudon\n|-damage|p2a: Groudon|0 fnt\n|faint|p2a: Groudon\n|-weather|none\n|\n|upkeep\n|\n|t:|1699036052\n|switch|p2a: Yveltal|Yveltal|100\/100\n|-damage|p2a: Yveltal|76\/100|[from] Stealth Rock\n|-ability|p2a: Yveltal|Dark Aura\n|turn|14\n|\n|t:|1699036057\n|switch|p1a: Calyrex|Calyrex-Ice|100\/100\n|-ability|p1a: Calyrex|As One\n|-ability|p1a: Calyrex|Unnerve\n|move|p2a: Yveltal|Sucker Punch||[still]\n|-fail|p2a: Yveltal\n|\n|upkeep\n|turn|15\n|\n|t:|1699036070\n|move|p2a: Yveltal|Dark Pulse|p1a: Calyrex\n|-supereffective|p1a: Calyrex\n|-damage|p1a: Calyrex|0 fnt\n|faint|p1a: Calyrex\n|-damage|p2a: Yveltal|66\/100|[from] item: Life Orb\n|\n|upkeep\n|\n|t:|1699036084\n|switch|p1a: Kyurem|Kyurem-Black, shiny|94\/100 tox\n|-ability|p1a: Kyurem|Teravolt\n|turn|16\n|\n|t:|1699036098\n|move|p1a: Kyurem|Icicle Spear|p2a: Yveltal\n|-supereffective|p2a: Yveltal\n|-damage|p2a: Yveltal|38\/100\n|-supereffective|p2a: Yveltal\n|-damage|p2a: Yveltal|6\/100\n|-supereffective|p2a: Yveltal\n|-damage|p2a: Yveltal|0 fnt\n|faint|p2a: Yveltal\n|-hitcount|p2: Yveltal|3\n|\n|-damage|p1a: Kyurem|88\/100 tox|[from] psn\n|upkeep\n|\n|t:|1699036107\n|switch|p2a: Zygarde|Zygarde|100\/100\n|-damage|p2a: Zygarde|94\/100|[from] Stealth Rock\n|turn|17\n|\n|t:|1699036120\n|-terastallize|p2a: Zygarde|Ground\n|move|p1a: Kyurem|Icicle Spear|p2a: Zygarde\n|-supereffective|p2a: Zygarde\n|-damage|p2a: Zygarde|77\/100\n|-supereffective|p2a: Zygarde\n|-damage|p2a: Zygarde|59\/100\n|-supereffective|p2a: Zygarde\n|-damage|p2a: Zygarde|42\/100\n|-supereffective|p2a: Zygarde\n|-damage|p2a: Zygarde|25\/100\n|-supereffective|p2a: Zygarde\n|-crit|p2a: Zygarde\n|-damage|p2a: Zygarde|0 fnt\n|faint|p2a: Zygarde\n|-hitcount|p2: Zygarde|5\n|\n|-damage|p1a: Kyurem|76\/100 tox|[from] psn\n|upkeep\n|\n|t:|1699036139\n|switch|p2a: Calyrex|Calyrex-Ice|100\/100\n|-ability|p2a: Calyrex|As One\n|-ability|p2a: Calyrex|Unnerve\n|-damage|p2a: Calyrex|76\/100|[from] Stealth Rock\n|turn|18\n|\n|t:|1699036150\n|switch|p1a: Ho-Oh|Ho-Oh|100\/100\n|move|p2a: Calyrex|Glacial Lance|p1a: Ho-Oh\n|-damage|p1a: Ho-Oh|24\/100\n|\n|upkeep\n|turn|19\n|\n|t:|1699036158\n|move|p1a: Ho-Oh|Sacred Fire|p2a: Calyrex\n|-supereffective|p2a: Calyrex\n|-damage|p2a: Calyrex|14\/100\n|-status|p2a: Calyrex|brn\n|move|p2a: Calyrex|Glacial Lance|p1a: Ho-Oh\n|-damage|p1a: Ho-Oh|0 fnt\n|faint|p1a: Ho-Oh\n|-ability|p2a: Calyrex|Chilling Neigh|boost\n|-boost|p2a: Calyrex|atk|1\n|\n|-damage|p2a: Calyrex|8\/100 brn|[from] brn\n|upkeep\n|\n|t:|1699036169\n|switch|p1a: Kyurem|Kyurem-Black, shiny|76\/100 tox\n|-ability|p1a: Kyurem|Teravolt\n|turn|20\n|\n|t:|1699036173\n|move|p1a: Kyurem|Scale Shot|p2a: Calyrex\n|-damage|p2a: Calyrex|0 fnt\n|faint|p2a: Calyrex\n|-hitcount|p2: Calyrex|1\n|-unboost|p1a: Kyurem|def|1\n|-boost|p1a: Kyurem|spe|1\n|\n|-damage|p1a: Kyurem|70\/100 tox|[from] psn\n|upkeep\n|\n|t:|1699036181\n|switch|p2a: Eternatus|Eternatus|100\/100\n|-damage|p2a: Eternatus|88\/100|[from] Stealth Rock\n|-ability|p2a: Eternatus|Pressure\n|turn|21\n|\n|t:|1699036197\n|move|p1a: Kyurem|Icicle Spear|p2a: Eternatus\n|-supereffective|p2a: Eternatus\n|-damage|p2a: Eternatus|61\/100\n|-supereffective|p2a: Eternatus\n|-crit|p2a: Eternatus\n|-damage|p2a: Eternatus|19\/100\n|-supereffective|p2a: Eternatus\n|-damage|p2a: Eternatus|0 fnt\n|faint|p2a: Eternatus\n|-hitcount|p2: Eternatus|3\n|\n|win|KingoftheTitans\n|raw|KingoftheTitans's rating: 1339 &rarr; <strong>1361<\/strong><br \/>(+22 for winning)\n|raw|sauron379's rating: 1382 &rarr; <strong>1360<\/strong><br \/>(-22 for losing)\n","uploadtime":1699036206,"views":11,"p1id":"kingofthetitans","p2id":"sauron379","formatid":"gen9nationaldexubers","rating":1360,"private":0,"password":""}