{"id":"gen9nationaldexubers-1992371198","p1":"Wally Nix","p2":"dracomafon","format":"[Gen 9] National Dex Ubers","log":"|j|\u2606Wally Nix\n|j|\u2606dracomafon\n|t:|1700179839\n|gametype|singles\n|player|p1|Wally Nix|steven|1106\n|player|p2|dracomafon|benga|1148\n|teamsize|p1|6\n|teamsize|p2|6\n|gen|9\n|tier|[Gen 9] National Dex Ubers\n|rated|\n|rule|HP Percentage Mod: HP is shown in percentages\n|rule|Endless Battle Clause: Forcing endless battles is banned\n|rule|OHKO Clause: OHKO moves are banned\n|rule|Evasion Moves Clause: Evasion moves are banned\n|rule|Evasion Items Clause: Evasion items are banned\n|rule|Species Clause: Limit one of each Pok\u00e9mon\n|rule|Sleep Clause Mod: Limit one foe put to sleep\n|rule|Mega Rayquaza Clause: You cannot mega evolve Rayquaza\n|clearpoke\n|poke|p1|Ninetales-Alola, M|\n|poke|p1|Avalugg, M|\n|poke|p1|Mawile, F|\n|poke|p1|Ogerpon, F|\n|poke|p1|Victini|\n|poke|p1|Gholdengo|\n|poke|p2|Groudon|\n|poke|p2|Xerneas-*|\n|poke|p2|Kyogre|\n|poke|p2|Aegislash, M|\n|poke|p2|Blaziken, F|\n|poke|p2|Sneasler, M|\n|teampreview\n|c|\u2606dracomafon|hi\n|\n|t:|1700179850\n|start\n|switch|p1a: V for Vendetta|Victini|100\/100\n|switch|p2a: Shield of Nartan|Aegislash, M, shiny|100\/100\n|turn|1\n|c|\u2606dracomafon|cool\n|\n|t:|1700179861\n|switch|p2a: good lord why|Sneasler, M|100\/100\n|move|p1a: V for Vendetta|Work Up|p1a: V for Vendetta\n|-boost|p1a: V for Vendetta|atk|1\n|-boost|p1a: V for Vendetta|spa|1\n|\n|upkeep\n|turn|2\n|c|\u2606dracomafon|haha im in danger\n|\n|t:|1700179871\n|move|p2a: good lord why|Dire Claw|p1a: V for Vendetta\n|-damage|p1a: V for Vendetta|56\/100\n|-status|p1a: V for Vendetta|psn\n|move|p1a: V for Vendetta|Work Up|p1a: V for Vendetta\n|-boost|p1a: V for Vendetta|atk|1\n|-boost|p1a: V for Vendetta|spa|1\n|\n|-damage|p1a: V for Vendetta|43\/100 psn|[from] psn\n|upkeep\n|turn|3\n|c|\u2606dracomafon|well this thing wont last\n|\n|t:|1700179898\n|move|p2a: good lord why|Dire Claw|p1a: V for Vendetta\n|-damage|p1a: V for Vendetta|0 fnt\n|faint|p1a: V for Vendetta\n|\n|upkeep\n|\n|t:|1700179907\n|switch|p1a: Prince's Guitar|Ninetales-Alola, M|100\/100\n|-weather|Snow|[from] ability: Snow Warning|[of] p1a: Prince's Guitar\n|turn|4\n|c|\u2606dracomafon|glhf\n|c|\u2606dracomafon|OH LORD\n|c|\u2606dracomafon|NOT THAT\n|\n|t:|1700179932\n|move|p1a: Prince's Guitar|Aurora Veil|p1a: Prince's Guitar\n|-sidestart|p1: Wally Nix|move: Aurora Veil\n|move|p2a: good lord why|Dire Claw|p1a: Prince's Guitar\n|-supereffective|p1a: Prince's Guitar\n|-damage|p1a: Prince's Guitar|52\/100\n|\n|-weather|Snow|[upkeep]\n|upkeep\n|turn|5\n|c|\u2606dracomafon|its xofs distance cousin\n|c|\u2606dracomafon|distant\n|inactive|Battle timer is ON: inactive players will automatically lose when time's up. (requested by dracomafon)\n|inactive|Wally Nix has 120 seconds left.\n|\n|t:|1700180016\n|move|p1a: Prince's Guitar|Chilling Water|p2a: good lord why\n|-damage|p2a: good lord why|83\/100\n|-unboost|p2a: good lord why|atk|1\n|move|p2a: good lord why|Dire Claw|p1a: Prince's Guitar\n|-supereffective|p1a: Prince's Guitar\n|-damage|p1a: Prince's Guitar|23\/100\n|-status|p1a: Prince's Guitar|par\n|\n|-weather|Snow|[upkeep]\n|upkeep\n|turn|6\n|c|\u2606dracomafon|so ummmmmmmmm u gonwell that took a gosh darn while\n|\n|t:|1700180032\n|move|p2a: good lord why|Dire Claw|p1a: Prince's Guitar\n|-supereffective|p1a: Prince's Guitar\n|-damage|p1a: Prince's Guitar|0 fnt\n|faint|p1a: Prince's Guitar\n|\n|-weather|Snow|[upkeep]\n|upkeep\n|\n|t:|1700180038\n|switch|p1a: Coffee Table|Avalugg, M|100\/100\n|turn|7\n|c|\u2606dracomafon|naw thats funny\n|c|\u2606dracomafon|coffee table\n|\n|t:|1700180053\n|move|p2a: good lord why|Close Combat|p1a: Coffee Table\n|-supereffective|p1a: Coffee Table\n|-damage|p1a: Coffee Table|84\/100\n|-unboost|p2a: good lord why|def|1\n|-unboost|p2a: good lord why|spd|1\n|move|p1a: Coffee Table|Avalanche|p2a: good lord why\n|-damage|p2a: good lord why|0 fnt\n|faint|p2a: good lord why\n|\n|-weather|Snow|[upkeep]\n|-heal|p1a: Coffee Table|90\/100|[from] ability: Ice Body\n|-heal|p1a: Coffee Table|96\/100|[from] item: Leftovers\n|upkeep\n|inactive|dracomafon has 120 seconds left.\n|\n|t:|1700180077\n|switch|p2a: Shield of Nartan|Aegislash, M, shiny|100\/100\n|turn|8\n|\n|t:|1700180083\n|move|p2a: Shield of Nartan|Swords Dance|p2a: Shield of Nartan\n|-boost|p2a: Shield of Nartan|atk|2\n|move|p1a: Coffee Table|Curse|p1a: Coffee Table\n|-unboost|p1a: Coffee Table|spe|1\n|-boost|p1a: Coffee Table|atk|1\n|-boost|p1a: Coffee Table|def|1\n|\n|-weather|none\n|-heal|p1a: Coffee Table|100\/100|[from] item: Leftovers\n|upkeep\n|turn|9\n|c|\u2606dracomafon|me wondering what that things attack stat is*\n|inactive|Wally Nix has 120 seconds left.\n|\n|t:|1700180119\n|move|p2a: Shield of Nartan|Swords Dance|p2a: Shield of Nartan\n|-boost|p2a: Shield of Nartan|atk|2\n|move|p1a: Coffee Table|Gyro Ball|p2a: Shield of Nartan\n|-resisted|p2a: Shield of Nartan\n|-damage|p2a: Shield of Nartan|75\/100\n|\n|-heal|p2a: Shield of Nartan|81\/100|[from] item: Leftovers\n|upkeep\n|turn|10\n|inactive|Wally Nix has 120 seconds left.\n|\n|t:|1700180130\n|move|p2a: Shield of Nartan|Swords Dance|p2a: Shield of Nartan\n|-boost|p2a: Shield of Nartan|atk|2\n|move|p1a: Coffee Table|Curse|p1a: Coffee Table\n|-unboost|p1a: Coffee Table|spe|1\n|-boost|p1a: Coffee Table|atk|1\n|-boost|p1a: Coffee Table|def|1\n|\n|-heal|p2a: Shield of Nartan|87\/100|[from] item: Leftovers\n|upkeep\n|turn|11\n|inactive|Wally Nix has 120 seconds left.\n|\n|t:|1700180140\n|-formechange|p2a: Shield of Nartan|Aegislash-Blade||[from] ability: Stance Change\n|move|p2a: Shield of Nartan|Iron Head|p1a: Coffee Table\n|-supereffective|p1a: Coffee Table\n|-damage|p1a: Coffee Table|54\/100\n|move|p1a: Coffee Table|Gyro Ball|p2a: Shield of Nartan\n|-resisted|p2a: Shield of Nartan\n|-damage|p2a: Shield of Nartan|0 fnt\n|faint|p2a: Shield of Nartan\n|\n|-heal|p1a: Coffee Table|60\/100|[from] item: Leftovers\n|-sideend|p1: Wally Nix|move: Aurora Veil\n|upkeep\n|c|\u2606dracomafon|dang it\n|\n|t:|1700180154\n|switch|p2a: Nartangander|Groudon, shiny|100\/100\n|detailschange|p2a: Nartangander|Groudon-Primal, shiny\n|-primal|p2a: Nartangander|Red Orb\n|-weather|DesolateLand|[from] ability: Desolate Land|[of] p2a: Nartangander\n|turn|12\n|\n|t:|1700180167\n|-terastallize|p1a: Coffee Table|Fighting\n|move|p2a: Nartangander|Iron Head|p1a: Coffee Table\n|-damage|p1a: Coffee Table|49\/100\n|cant|p1a: Coffee Table|flinch\n|\n|-weather|DesolateLand|[upkeep]\n|-heal|p1a: Coffee Table|55\/100|[from] item: Leftovers\n|upkeep\n|turn|13\n|c|\u2606dracomafon|man how am i gonna kill this thing now....\n|\n|t:|1700180176\n|move|p2a: Nartangander|Earthquake|p1a: Coffee Table\n|-damage|p1a: Coffee Table|37\/100\n|move|p1a: Coffee Table|Avalanche|p2a: Nartangander\n|-crit|p2a: Nartangander\n|-damage|p2a: Nartangander|0 fnt\n|faint|p2a: Nartangander\n|-weather|none\n|\n|-heal|p1a: Coffee Table|43\/100|[from] item: Leftovers\n|upkeep\n|\n|t:|1700180188\n|switch|p2a: Tarmangander|Xerneas|100\/100\n|-ability|p2a: Tarmangander|Fairy Aura\n|turn|14\n|\n|t:|1700180195\n|move|p2a: Tarmangander|Moonblast|p1a: Coffee Table\n|-supereffective|p1a: Coffee Table\n|-crit|p1a: Coffee Table\n|-damage|p1a: Coffee Table|0 fnt\n|faint|p1a: Coffee Table\n|\n|upkeep\n|c|\u2606dracomafon|idk if crit mattered\n|\n|t:|1700180211\n|switch|p1a: Golden Shower|Gholdengo|100\/100\n|turn|15\n|inactive|dracomafon has 120 seconds left.\n|inactive|dracomafon has 90 seconds left.\n|inactive|dracomafon has 60 seconds left.\n|inactive|dracomafon has 30 seconds left.\n|inactive|dracomafon has 20 seconds left.\n|inactive|dracomafon has 15 seconds left.\n|inactive|dracomafon has 10 seconds left.\n|\n|t:|1700180353\n|move|p2a: Tarmangander|Flash Cannon|p1a: Golden Shower\n|-resisted|p1a: Golden Shower\n|-damage|p1a: Golden Shower|86\/100\n|move|p1a: Golden Shower|Nasty Plot|p1a: Golden Shower\n|-boost|p1a: Golden Shower|spa|2\n|\n|upkeep\n|turn|16\n|inactive|dracomafon has 20 seconds left this turn.\n|inactive|dracomafon has 15 seconds left.\n|inactive|dracomafon has 10 seconds left.\n|inactive|dracomafon has 5 seconds left.\n|-message|dracomafon lost due to inactivity.\n|\n|win|Wally Nix\n|raw|Wally Nix's rating: 1106 &rarr; <strong>1134<\/strong><br \/>(+28 for winning)\n|raw|dracomafon's rating: 1148 &rarr; <strong>1120<\/strong><br \/>(-28 for losing)\n|l|\u2606dracomafon\n","uploadtime":1700180381,"views":12,"p1id":"wallynix","p2id":"dracomafon","formatid":"gen9nationaldexubers","rating":1120,"private":0,"password":""}