{"id":"gen9nationaldexubers-1984286072","p1":"jumbolax","p2":"KemicalGUNNA","format":"[Gen 9] National Dex Ubers","log":"|j|\u2606jumbolax\n|j|\u2606KemicalGUNNA\n|t:|1699239092\n|gametype|singles\n|player|p1|jumbolax|brycenman|\n|player|p2|KemicalGUNNA|ghetsis|\n|teamsize|p1|6\n|teamsize|p2|6\n|gen|9\n|tier|[Gen 9] National Dex Ubers\n|rule|HP Percentage Mod: HP is shown in percentages\n|rule|Endless Battle Clause: Forcing endless battles is banned\n|rule|OHKO Clause: OHKO moves are banned\n|rule|Evasion Moves Clause: Evasion moves are banned\n|rule|Evasion Items Clause: Evasion items are banned\n|rule|Species Clause: Limit one of each Pok\u00e9mon\n|rule|Sleep Clause Mod: Limit one foe put to sleep\n|rule|Mega Rayquaza Clause: You cannot mega evolve Rayquaza\n|clearpoke\n|poke|p1|Chi-Yu|\n|poke|p1|Roaring Moon|\n|poke|p1|Kingambit, F|\n|poke|p1|Grimmsnarl, M|\n|poke|p1|Tyranitar, F|\n|poke|p1|Meowscarada, F|\n|poke|p2|Swampert, M|\n|poke|p2|Gyarados, F|\n|poke|p2|Basculegion, M|\n|poke|p2|Primarina, F|\n|poke|p2|Lanturn, M|\n|poke|p2|Blastoise, F|\n|teampreview\n|inactive|Battle timer is ON: inactive players will automatically lose when time's up. (requested by KemicalGUNNA)\n|\n|t:|1699239110\n|start\n|switch|p1a: Meruem|Tyranitar, F|100\/100\n|switch|p2a: Lanturn|Lanturn, M|100\/100\n|-weather|Sandstorm|[from] ability: Sand Stream|[of] p1a: Meruem\n|turn|1\n|\n|t:|1699239115\n|detailschange|p1a: Meruem|Tyranitar-Mega, F\n|-mega|p1a: Meruem|Tyranitar|Tyranitarite\n|move|p2a: Lanturn|Scald|p1a: Meruem\n|-supereffective|p1a: Meruem\n|-damage|p1a: Meruem|66\/100\n|move|p1a: Meruem|Stealth Rock|p2a: Lanturn\n|-sidestart|p2: KemicalGUNNA|move: Stealth Rock\n|\n|-weather|Sandstorm|[upkeep]\n|-damage|p2a: Lanturn|94\/100|[from] Sandstorm\n|upkeep\n|turn|2\n|\n|t:|1699239130\n|move|p2a: Lanturn|Volt Switch|p1a: Meruem\n|-damage|p1a: Meruem|53\/100\n|\n|t:|1699239140\n|switch|p2a: Gyarados|Gyarados, F|100\/100|[from] Volt Switch\n|-damage|p2a: Gyarados|76\/100|[from] Stealth Rock\n|move|p1a: Meruem|Knock Off|p2a: Gyarados\n|-damage|p2a: Gyarados|1\/100\n|-enditem|p2a: Gyarados|Loaded Dice|[from] move: Knock Off|[of] p1a: Meruem\n|\n|-weather|Sandstorm|[upkeep]\n|-damage|p2a: Gyarados|0 fnt|[from] Sandstorm\n|faint|p2a: Gyarados\n|upkeep\n|inactive|KemicalGUNNA has 270 seconds left.\n|\n|t:|1699239165\n|switch|p2a: Primarina|Primarina, F|100\/100\n|-damage|p2a: Primarina|88\/100|[from] Stealth Rock\n|turn|3\n|\n|t:|1699239170\n|move|p2a: Primarina|Moonblast|p1a: Meruem\n|-supereffective|p1a: Meruem\n|-damage|p1a: Meruem|5\/100\n|-unboost|p1a: Meruem|spa|1\n|move|p1a: Meruem|Thunder Punch|p2a: Primarina\n|-supereffective|p2a: Primarina\n|-damage|p2a: Primarina|0 fnt\n|faint|p2a: Primarina\n|\n|-weather|Sandstorm|[upkeep]\n|upkeep\n|\n|t:|1699239176\n|switch|p2a: Lanturn|Lanturn, M|94\/100\n|-damage|p2a: Lanturn|82\/100|[from] Stealth Rock\n|turn|4\n|\n|t:|1699239181\n|move|p2a: Lanturn|Scald|p1a: Meruem\n|-supereffective|p1a: Meruem\n|-crit|p1a: Meruem\n|-damage|p1a: Meruem|0 fnt\n|faint|p1a: Meruem\n|\n|-weather|Sandstorm|[upkeep]\n|-damage|p2a: Lanturn|76\/100|[from] Sandstorm\n|upkeep\n|\n|t:|1699239188\n|switch|p1a: Kaido|Roaring Moon|100\/100\n|-enditem|p1a: Kaido|Booster Energy\n|-activate|p1a: Kaido|ability: Protosynthesis|[fromitem]\n|-start|p1a: Kaido|protosynthesisspe\n|turn|5\n|\n|t:|1699239191\n|move|p1a: Kaido|Dragon Dance|p1a: Kaido\n|-boost|p1a: Kaido|atk|1\n|-boost|p1a: Kaido|spe|1\n|move|p2a: Lanturn|Dazzling Gleam|p1a: Kaido\n|-supereffective|p1a: Kaido\n|-damage|p1a: Kaido|20\/100\n|\n|-weather|none\n|upkeep\n|turn|6\n|\n|t:|1699239200\n|move|p1a: Kaido|Knock Off|p2a: Lanturn\n|-damage|p2a: Lanturn|0 fnt\n|-enditem|p2a: Lanturn|Focus Sash|[from] move: Knock Off|[of] p1a: Kaido\n|faint|p2a: Lanturn\n|\n|upkeep\n|\n|t:|1699239210\n|switch|p2a: Swampert|Swampert, M|100\/100\n|-damage|p2a: Swampert|94\/100|[from] Stealth Rock\n|turn|7\n|\n|t:|1699239223\n|move|p1a: Kaido|Knock Off|p2a: Swampert\n|-damage|p2a: Swampert|18\/100\n|-damage|p1a: Kaido|3\/100|[from] item: Rocky Helmet|[of] p2a: Swampert\n|-enditem|p2a: Swampert|Rocky Helmet|[from] move: Knock Off|[of] p1a: Kaido\n|move|p2a: Swampert|Low Kick|p1a: Kaido\n|-supereffective|p1a: Kaido\n|-damage|p1a: Kaido|0 fnt\n|faint|p1a: Kaido\n|-end|p1a: Kaido|Protosynthesis|[silent]\n|\n|upkeep\n|\n|t:|1699239231\n|switch|p1a: Aramaki|Meowscarada, F|100\/100\n|turn|8\n|\n|t:|1699239237\n|move|p1a: Aramaki|Flower Trick|p2a: Swampert\n|-start|p1a: Aramaki|typechange|Grass|[from] ability: Protean\n|-supereffective|p2a: Swampert\n|-crit|p2a: Swampert\n|-damage|p2a: Swampert|0 fnt\n|faint|p2a: Swampert\n|\n|upkeep\n|\n|t:|1699239242\n|switch|p2a: Blastoise|Blastoise, F|100\/100\n|-damage|p2a: Blastoise|88\/100|[from] Stealth Rock\n|turn|9\n|\n|t:|1699239246\n|detailschange|p2a: Blastoise|Blastoise-Mega, F\n|-mega|p2a: Blastoise|Blastoise|Blastoisinite\n|move|p1a: Aramaki|Flower Trick|p2a: Blastoise\n|-supereffective|p2a: Blastoise\n|-crit|p2a: Blastoise\n|-damage|p2a: Blastoise|0 fnt\n|faint|p2a: Blastoise\n|\n|upkeep\n|\n|t:|1699239251\n|switch|p2a: Basculegion|Basculegion, M|100\/100\n|-damage|p2a: Basculegion|88\/100|[from] Stealth Rock\n|turn|10\n|\n|t:|1699239260\n|move|p2a: Basculegion|Last Respects|p1a: Aramaki\n|-damage|p1a: Aramaki|0 fnt\n|faint|p1a: Aramaki\n|\n|upkeep\n|\n|t:|1699239267\n|switch|p1a: Doflamingo|Grimmsnarl, M|100\/100\n|turn|11\n|\n|t:|1699239270\n|move|p1a: Doflamingo|Reflect|p1a: Doflamingo\n|-sidestart|p1: jumbolax|Reflect\n|move|p2a: Basculegion|Last Respects|p1a: Doflamingo\n|-resisted|p1a: Doflamingo\n|-damage|p1a: Doflamingo|47\/100\n|\n|upkeep\n|turn|12\n|\n|t:|1699239273\n|move|p2a: Basculegion|Last Respects|p1a: Doflamingo\n|-resisted|p1a: Doflamingo\n|-damage|p1a: Doflamingo|0 fnt\n|faint|p1a: Doflamingo\n|\n|upkeep\n|\n|t:|1699239276\n|switch|p1a: Joker|Chi-Yu|100\/100\n|-ability|p1a: Joker|Beads of Ruin\n|turn|13\n|\n|t:|1699239282\n|move|p2a: Basculegion|Last Respects|p1a: Joker\n|-resisted|p1a: Joker\n|-damage|p1a: Joker|23\/100\n|move|p1a: Joker|Dark Pulse|p2a: Basculegion\n|-supereffective|p2a: Basculegion\n|-damage|p2a: Basculegion|0 fnt\n|faint|p2a: Basculegion\n|\n|win|jumbolax\n|c|\u2606jumbolax|gg\n|c|\u2606KemicalGUNNA|Gg\n|l|\u2606KemicalGUNNA\n","uploadtime":1699239301,"views":21,"p1id":"jumbolax","p2id":"kemicalgunna","formatid":"gen9nationaldexubers","rating":0,"private":0,"password":""}