{"id":"gen9nationaldexubers-2000279150","p1":"Th3Soci3ty","p2":"Khyle67t8y9u","format":"[Gen 9] National Dex Ubers","log":"|j|\u2606Th3Soci3ty\n|j|\u2606Khyle67t8y9u\n|t:|1701180712\n|gametype|singles\n|player|p1|Th3Soci3ty|veteranf|1146\n|player|p2|Khyle67t8y9u|265|1000\n|teamsize|p1|6\n|teamsize|p2|6\n|gen|9\n|tier|[Gen 9] National Dex Ubers\n|rated|\n|rule|HP Percentage Mod: HP is shown in percentages\n|rule|Endless Battle Clause: Forcing endless battles is banned\n|rule|OHKO Clause: OHKO moves are banned\n|rule|Evasion Moves Clause: Evasion moves are banned\n|rule|Evasion Items Clause: Evasion items are banned\n|rule|Species Clause: Limit one of each Pok\u00e9mon\n|rule|Sleep Clause Mod: Limit one foe put to sleep\n|rule|Mega Rayquaza Clause: You cannot mega evolve Rayquaza\n|clearpoke\n|poke|p1|Glimmora, F|\n|poke|p1|Sneasler, F|\n|poke|p1|Dusclops, F|\n|poke|p1|Garganacl, F|\n|poke|p1|Noivern, M|\n|poke|p1|Mamoswine, F|\n|poke|p2|Gengar, M|\n|poke|p2|Quagsire, F|\n|poke|p2|Okidogi, M|\n|poke|p2|Ambipom, F|\n|poke|p2|Braviary-Hisui, M|\n|poke|p2|Scizor, F|\n|teampreview\n|\n|t:|1701180725\n|start\n|switch|p1a: Glimmora|Glimmora, F|100\/100\n|switch|p2a: Ambipom|Ambipom, F|100\/100\n|turn|1\n|\n|t:|1701180735\n|switch|p2a: Gengar|Gengar, M|100\/100\n|move|p1a: Glimmora|Mortal Spin|p2a: Gengar\n|-resisted|p2a: Gengar\n|-damage|p2a: Gengar|97\/100\n|-start|p1a: Glimmora|Disable|Mortal Spin|[from] ability: Cursed Body|[of] p2a: Gengar\n|\n|upkeep\n|turn|2\n|\n|t:|1701180745\n|move|p2a: Gengar|Trick|p1a: Glimmora\n|-activate|p2a: Gengar|move: Trick|[of] p1a: Glimmora\n|-item|p1a: Glimmora|Choice Specs|[from] move: Trick\n|-item|p2a: Gengar|Focus Sash|[from] move: Trick\n|move|p1a: Glimmora|Stealth Rock|p2a: Gengar\n|-sidestart|p2: Khyle67t8y9u|move: Stealth Rock\n|\n|upkeep\n|turn|3\n|\n|t:|1701180755\n|switch|p2a: Okidogi|Okidogi, M|100\/100\n|-damage|p2a: Okidogi|94\/100|[from] Stealth Rock\n|switch|p1a: Dusclops|Dusclops, F|100\/100\n|-ability|p1a: Dusclops|Pressure\n|\n|-heal|p2a: Okidogi|100\/100|[from] item: Leftovers\n|upkeep\n|turn|4\n|\n|t:|1701180765\n|move|p2a: Okidogi|Bulk Up|p2a: Okidogi\n|-boost|p2a: Okidogi|atk|1\n|-boost|p2a: Okidogi|def|1\n|move|p1a: Dusclops|Will-O-Wisp|p2a: Okidogi\n|-status|p2a: Okidogi|brn\n|\n|-damage|p2a: Okidogi|94\/100 brn|[from] brn\n|upkeep\n|turn|5\n|\n|t:|1701180773\n|move|p2a: Okidogi|Knock Off|p1a: Dusclops\n|-supereffective|p1a: Dusclops\n|-damage|p1a: Dusclops|66\/100\n|-status|p1a: Dusclops|tox|[from] ability: Toxic Chain|[of] p2a: Okidogi\n|-enditem|p1a: Dusclops|Eviolite|[from] move: Knock Off|[of] p2a: Okidogi\n|move|p1a: Dusclops|Poltergeist|p2a: Okidogi\n|-activate|p2a: Okidogi|move: Poltergeist|Leftovers\n|-damage|p2a: Okidogi|72\/100 brn\n|\n|-heal|p2a: Okidogi|78\/100 brn|[from] item: Leftovers\n|-damage|p1a: Dusclops|60\/100 tox|[from] psn\n|-damage|p2a: Okidogi|72\/100 brn|[from] brn\n|upkeep\n|turn|6\n|\n|t:|1701180788\n|move|p2a: Okidogi|Bulk Up|p2a: Okidogi\n|-boost|p2a: Okidogi|atk|1\n|-boost|p2a: Okidogi|def|1\n|move|p1a: Dusclops|Poltergeist|p2a: Okidogi\n|-activate|p2a: Okidogi|move: Poltergeist|Leftovers\n|-damage|p2a: Okidogi|57\/100 brn\n|\n|-heal|p2a: Okidogi|63\/100 brn|[from] item: Leftovers\n|-damage|p1a: Dusclops|48\/100 tox|[from] psn\n|-damage|p2a: Okidogi|57\/100 brn|[from] brn\n|upkeep\n|turn|7\n|\n|t:|1701180799\n|move|p2a: Okidogi|Bulk Up|p2a: Okidogi\n|-boost|p2a: Okidogi|atk|1\n|-boost|p2a: Okidogi|def|1\n|move|p1a: Dusclops|Poltergeist|p2a: Okidogi\n|-activate|p2a: Okidogi|move: Poltergeist|Leftovers\n|-damage|p2a: Okidogi|44\/100 brn\n|\n|-heal|p2a: Okidogi|50\/100 brn|[from] item: Leftovers\n|-damage|p1a: Dusclops|30\/100 tox|[from] psn\n|-damage|p2a: Okidogi|44\/100 brn|[from] brn\n|upkeep\n|turn|8\n|\n|t:|1701180809\n|switch|p1a: Glimmora|Glimmora, F|100\/100\n|move|p2a: Okidogi|Knock Off|p1a: Glimmora\n|-damage|p1a: Glimmora|48\/100\n|-activate|p1a: Glimmora|ability: Toxic Debris\n|-sidestart|p2: Khyle67t8y9u|move: Toxic Spikes\n|-enditem|p1a: Glimmora|Choice Specs|[from] move: Knock Off|[of] p2a: Okidogi\n|\n|-heal|p2a: Okidogi|50\/100 brn|[from] item: Leftovers\n|-damage|p2a: Okidogi|44\/100 brn|[from] brn\n|upkeep\n|turn|9\n|\n|t:|1701180820\n|move|p1a: Glimmora|Earth Power|p2a: Okidogi\n|-supereffective|p2a: Okidogi\n|-damage|p2a: Okidogi|0 fnt\n|faint|p2a: Okidogi\n|\n|upkeep\n|l|\u2606Khyle67t8y9u\n|player|p2|\n|inactive|Battle timer is ON: inactive players will automatically lose when time's up. (requested by Th3Soci3ty)\n|inactive|Khyle67t8y9u has 30 seconds to reconnect!\n|inactive|Khyle67t8y9u has 20 seconds to reconnect!\n|inactive|Khyle67t8y9u has 15 seconds to reconnect!\n|inactive|Khyle67t8y9u has 10 seconds to reconnect!\n|inactive|Khyle67t8y9u has 5 seconds to reconnect!\n|-message|Khyle67t8y9u lost due to inactivity.\n|\n|win|Th3Soci3ty\n|raw|Th3Soci3ty's rating: 1146 &rarr; <strong>1161<\/strong><br \/>(+15 for winning)\n|raw|Khyle67t8y9u's rating: 1000 &rarr; <strong>1000<\/strong><br \/>(+0 for losing)\n","uploadtime":1701180922,"views":1,"p1id":"th3soci3ty","p2id":"khyle67t8y9u","formatid":"gen9nationaldexubers","rating":1000,"private":0,"password":""}