{"id":"gen9nationaldexubers-2000163363","p1":"FoxSlasher","p2":"MaudileenaDaisyPie","format":"[Gen 9] National Dex Ubers","log":"|j|\u2606FoxSlasher\n|j|\u2606MaudileenaDaisyPie\n|t:|1701165637\n|gametype|singles\n|player|p1|FoxSlasher|ethan-masters|1219\n|player|p2|MaudileenaDaisyPie|wicke|1399\n|teamsize|p1|6\n|teamsize|p2|6\n|gen|9\n|tier|[Gen 9] National Dex Ubers\n|rated|\n|rule|HP Percentage Mod: HP is shown in percentages\n|rule|Endless Battle Clause: Forcing endless battles is banned\n|rule|OHKO Clause: OHKO moves are banned\n|rule|Evasion Moves Clause: Evasion moves are banned\n|rule|Evasion Items Clause: Evasion items are banned\n|rule|Species Clause: Limit one of each Pok\u00e9mon\n|rule|Sleep Clause Mod: Limit one foe put to sleep\n|rule|Mega Rayquaza Clause: You cannot mega evolve Rayquaza\n|clearpoke\n|poke|p1|Salamence, M|\n|poke|p1|Lycanroc-Dusk, F|\n|poke|p1|Hitmontop, M|\n|poke|p1|Ursaluna-Bloodmoon, M|\n|poke|p1|Chandelure, F|\n|poke|p1|Zoroark, F|\n|poke|p2|Smeargle, M|\n|poke|p2|Lucario, M|\n|poke|p2|Xerneas-*|\n|poke|p2|Chi-Yu|\n|poke|p2|Arceus-Ground|\n|poke|p2|Groudon|\n|teampreview\n|inactive|Battle timer is ON: inactive players will automatically lose when time's up. (requested by MaudileenaDaisyPie)\n|\n|t:|1701165646\n|start\n|switch|p1a: Ursaluna|Ursaluna-Bloodmoon, M|100\/100\n|switch|p2a: asshole|Smeargle, M|100\/100\n|turn|1\n|\n|t:|1701165652\n|move|p1a: Ursaluna|Flamethrower|p2a: asshole\n|-damage|p2a: asshole|41\/100\n|move|p2a: asshole|Taunt|p1a: Ursaluna\n|-start|p1a: Ursaluna|move: Taunt\n|\n|-ability|p2a: asshole|Moody|boost\n|-boost|p2a: asshole|spe|2\n|-unboost|p2a: asshole|def|1\n|upkeep\n|turn|2\n|\n|t:|1701165657\n|move|p2a: asshole|Sticky Web|p1a: Ursaluna\n|-sidestart|p1: FoxSlasher|move: Sticky Web\n|move|p1a: Ursaluna|Flamethrower|p2a: asshole\n|-damage|p2a: asshole|0 fnt\n|faint|p2a: asshole\n|\n|upkeep\n|\n|t:|1701165684\n|switch|p2a: What is a SpDef?|Chi-Yu|100\/100\n|-ability|p2a: What is a SpDef?|Beads of Ruin\n|turn|3\n|\n|t:|1701165705\n|switch|p1a: Lycanroc|Lycanroc-Dusk, F|100\/100\n|-activate|p1a: Lycanroc|move: Sticky Web\n|-unboost|p1a: Lycanroc|spe|1\n|move|p2a: What is a SpDef?|Nasty Plot|p2a: What is a SpDef?\n|-boost|p2a: What is a SpDef?|spa|2\n|\n|upkeep\n|turn|4\n|\n|t:|1701165712\n|move|p2a: What is a SpDef?|Dark Pulse|p1a: Lycanroc\n|-damage|p1a: Lycanroc|0 fnt\n|faint|p1a: Lycanroc\n|\n|upkeep\n|\n|t:|1701165722\n|switch|p1a: Salamence|Salamence, M|100\/100\n|turn|5\n|\n|t:|1701165725\n|detailschange|p1a: Salamence|Salamence-Mega, M\n|-mega|p1a: Salamence|Salamence|Salamencite\n|move|p1a: Salamence|Earthquake|p2a: What is a SpDef?\n|-supereffective|p2a: What is a SpDef?\n|-damage|p2a: What is a SpDef?|0 fnt\n|faint|p2a: What is a SpDef?\n|\n|upkeep\n|\n|t:|1701165732\n|switch|p2a: Arceus-Not Flying|Arceus-Ground|100\/100\n|turn|6\n|\n|t:|1701165740\n|move|p1a: Salamence|Body Slam|p2a: Arceus-Not Flying\n|-damage|p2a: Arceus-Not Flying|59\/100\n|-status|p2a: Arceus-Not Flying|par\n|move|p2a: Arceus-Not Flying|Dragon Dance|p2a: Arceus-Not Flying\n|-boost|p2a: Arceus-Not Flying|atk|1\n|-boost|p2a: Arceus-Not Flying|spe|1\n|\n|upkeep\n|turn|7\n|\n|t:|1701165747\n|move|p1a: Salamence|Breaking Swipe|p2a: Arceus-Not Flying\n|-damage|p2a: Arceus-Not Flying|33\/100 par\n|-unboost|p2a: Arceus-Not Flying|atk|1\n|move|p2a: Arceus-Not Flying|Stone Edge|p1a: Salamence\n|-supereffective|p1a: Salamence\n|-damage|p1a: Salamence|42\/100\n|\n|upkeep\n|turn|8\n|\n|t:|1701165754\n|move|p1a: Salamence|Breaking Swipe|p2a: Arceus-Not Flying\n|-damage|p2a: Arceus-Not Flying|7\/100 par\n|-unboost|p2a: Arceus-Not Flying|atk|1\n|cant|p2a: Arceus-Not Flying|par\n|\n|upkeep\n|turn|9\n|\n|t:|1701165763\n|move|p1a: Salamence|Breaking Swipe|p2a: Arceus-Not Flying\n|-damage|p2a: Arceus-Not Flying|0 fnt\n|faint|p2a: Arceus-Not Flying\n|\n|upkeep\n|\n|t:|1701165778\n|switch|p2a: Groudon|Groudon, shiny|100\/100\n|detailschange|p2a: Groudon|Groudon-Primal, shiny\n|-primal|p2a: Groudon|Red Orb\n|-weather|DesolateLand|[from] ability: Desolate Land|[of] p2a: Groudon\n|turn|10\n|\n|t:|1701165781\n|move|p1a: Salamence|Earthquake|p2a: Groudon\n|-supereffective|p2a: Groudon\n|-damage|p2a: Groudon|54\/100\n|move|p2a: Groudon|Stone Edge|p1a: Salamence\n|-supereffective|p1a: Salamence\n|-damage|p1a: Salamence|0 fnt\n|faint|p1a: Salamence\n|\n|-weather|DesolateLand|[upkeep]\n|upkeep\n|\n|t:|1701165786\n|switch|p1a: Hitmontop|Hitmontop, M|100\/100\n|-activate|p1a: Hitmontop|move: Sticky Web\n|-unboost|p1a: Hitmontop|spe|1\n|turn|11\n|\n|t:|1701165790\n|move|p2a: Groudon|Earthquake|p1a: Hitmontop\n|-damage|p1a: Hitmontop|20\/100\n|move|p1a: Hitmontop|Rapid Spin|p2a: Groudon\n|-damage|p2a: Groudon|40\/100\n|-boost|p1a: Hitmontop|spe|1\n|-sideend|p1: FoxSlasher|Sticky Web|[from] move: Rapid Spin|[of] p1a: Hitmontop\n|\n|-weather|DesolateLand|[upkeep]\n|upkeep\n|turn|12\n|\n|t:|1701165796\n|move|p1a: Hitmontop|Bullet Punch|p2a: Groudon\n|-resisted|p2a: Groudon\n|-damage|p2a: Groudon|34\/100\n|move|p2a: Groudon|Earthquake|p1a: Hitmontop\n|-damage|p1a: Hitmontop|0 fnt\n|faint|p1a: Hitmontop\n|\n|-weather|DesolateLand|[upkeep]\n|upkeep\n|\n|t:|1701165803\n|switch|p1a: Ursaluna|Ursaluna-Bloodmoon, M|100\/100\n|turn|13\n|\n|t:|1701165806\n|move|p1a: Ursaluna|Extrasensory|p2a: Groudon\n|-damage|p2a: Groudon|8\/100\n|move|p2a: Groudon|Earthquake|p1a: Ursaluna\n|-damage|p1a: Ursaluna|0 fnt\n|replace|p1a: Zoroark|Zoroark, F\n|-end|p1a: Zoroark|Illusion\n|faint|p1a: Zoroark\n|\n|-weather|DesolateLand|[upkeep]\n|upkeep\n|\n|t:|1701165817\n|switch|p1a: Ursaluna|Ursaluna-Bloodmoon, M|100\/100\n|turn|14\n|\n|t:|1701165820\n|move|p1a: Ursaluna|Vacuum Wave|p2a: Groudon\n|-damage|p2a: Groudon|0 fnt\n|faint|p2a: Groudon\n|-weather|none\n|\n|upkeep\n|\n|t:|1701165827\n|switch|p2a: Bambi's dad|Xerneas|100\/100\n|-ability|p2a: Bambi's dad|Fairy Aura\n|turn|15\n|\n|t:|1701165834\n|move|p2a: Bambi's dad|Geomancy||[still]\n|-prepare|p2a: Bambi's dad|Geomancy\n|-enditem|p2a: Bambi's dad|Power Herb\n|-anim|p2a: Bambi's dad|Geomancy|p2a: Bambi's dad\n|-boost|p2a: Bambi's dad|spa|2\n|-boost|p2a: Bambi's dad|spd|2\n|-boost|p2a: Bambi's dad|spe|2\n|move|p1a: Ursaluna|Blood Moon|p2a: Bambi's dad\n|-damage|p2a: Bambi's dad|64\/100\n|\n|upkeep\n|turn|16\n|\n|t:|1701165842\n|switch|p1a: Chandelure|Chandelure, F|100\/100\n|move|p2a: Bambi's dad|Moonblast|p1a: Chandelure\n|-resisted|p1a: Chandelure\n|-damage|p1a: Chandelure|13\/100\n|\n|upkeep\n|turn|17\n|\n|t:|1701165845\n|move|p2a: Bambi's dad|Moonblast|p1a: Chandelure\n|-resisted|p1a: Chandelure\n|-damage|p1a: Chandelure|0 fnt\n|faint|p1a: Chandelure\n|\n|upkeep\n|\n|t:|1701165847\n|switch|p1a: Ursaluna|Ursaluna-Bloodmoon, M|100\/100\n|turn|18\n|\n|t:|1701165851\n|-terastallize|p1a: Ursaluna|Fairy\n|move|p2a: Bambi's dad|Moonblast|p1a: Ursaluna\n|-damage|p1a: Ursaluna|0 fnt\n|faint|p1a: Ursaluna\n|\n|win|MaudileenaDaisyPie\n|raw|FoxSlasher's rating: 1219 &rarr; <strong>1206<\/strong><br \/>(-13 for losing)\n|raw|MaudileenaDaisyPie's rating: 1399 &rarr; <strong>1409<\/strong><br \/>(+10 for winning)\n|l|\u2606FoxSlasher\n","uploadtime":1701165858,"views":1,"p1id":"foxslasher","p2id":"maudileenadaisypie","formatid":"gen9nationaldexubers","rating":1206,"private":0,"password":""}