{"id":"gen9nationaldexubers-1984453408","p1":"C0ld as Ice","p2":"Obito 2001","format":"[Gen 9] National Dex Ubers","log":"|j|\u2606C0ld as Ice\n|j|\u2606Obito 2001\n|t:|1699266233\n|gametype|singles\n|player|p1|C0ld as Ice|schoolkid-gen4dp|1784\n|player|p2|Obito 2001|blue-gen3two|1877\n|teamsize|p1|6\n|teamsize|p2|6\n|gen|9\n|tier|[Gen 9] National Dex Ubers\n|rated|\n|rule|HP Percentage Mod: HP is shown in percentages\n|rule|Endless Battle Clause: Forcing endless battles is banned\n|rule|OHKO Clause: OHKO moves are banned\n|rule|Evasion Moves Clause: Evasion moves are banned\n|rule|Evasion Items Clause: Evasion items are banned\n|rule|Species Clause: Limit one of each Pok\u00e9mon\n|rule|Sleep Clause Mod: Limit one foe put to sleep\n|rule|Mega Rayquaza Clause: You cannot mega evolve Rayquaza\n|clearpoke\n|poke|p1|Necrozma-Dusk-Mane|\n|poke|p1|Arceus-Grass|\n|poke|p1|Groudon|\n|poke|p1|Eternatus|\n|poke|p1|Zygarde|\n|poke|p1|Marshadow|\n|poke|p2|Ditto|\n|poke|p2|Kyogre|\n|poke|p2|Giratina-Origin|\n|poke|p2|Arceus-Dark|\n|poke|p2|Necrozma-Dusk-Mane|\n|poke|p2|Kyurem-Black|\n|teampreview\n|inactive|Battle timer is ON: inactive players will automatically lose when time's up. (requested by Obito 2001)\n|inactive|C0ld as Ice also wants the timer to be on.\n|inactive|C0ld as Ice has 120 seconds left.\n|\n|t:|1699266274\n|start\n|switch|p1a: Arceus|Arceus-Grass|100\/100\n|switch|p2a: Necrozma|Necrozma-Dusk-Mane|100\/100\n|turn|1\n|\n|t:|1699266288\n|move|p1a: Arceus|Thunder Wave|p2a: Necrozma\n|-status|p2a: Necrozma|par\n|cant|p2a: Necrozma|par\n|\n|upkeep\n|turn|2\n|\n|t:|1699266308\n|switch|p1a: Eternatus|Eternatus|100\/100\n|-ability|p1a: Eternatus|Pressure\n|move|p2a: Necrozma|Stealth Rock|p1a: Eternatus\n|-sidestart|p1: C0ld as Ice|move: Stealth Rock\n|\n|upkeep\n|turn|3\n|\n|t:|1699266314\n|detailschange|p2a: Necrozma|Necrozma-Ultra\n|-burst|p2a: Necrozma|Necrozma|Ultranecrozium Z\n|move|p1a: Eternatus|Toxic Spikes|p2a: Necrozma\n|-sidestart|p2: Obito 2001|move: Toxic Spikes\n|move|p2a: Necrozma|Photon Geyser|p1a: Eternatus\n|-supereffective|p1a: Eternatus\n|-damage|p1a: Eternatus|4\/100\n|\n|upkeep\n|turn|4\n|inactive|C0ld as Ice has 120 seconds left.\n|\n|t:|1699266347\n|move|p1a: Eternatus|Toxic Spikes|p2a: Necrozma\n|-sidestart|p2: Obito 2001|move: Toxic Spikes\n|move|p2a: Necrozma|Earth Power|p1a: Eternatus\n|-supereffective|p1a: Eternatus\n|-damage|p1a: Eternatus|0 fnt\n|faint|p1a: Eternatus\n|\n|upkeep\n|\n|t:|1699266349\n|switch|p1a: Marshadow|Marshadow|100\/100\n|-damage|p1a: Marshadow|94\/100|[from] Stealth Rock\n|turn|5\n|\n|t:|1699266356\n|switch|p2a: Arceus|Arceus-Dark|100\/100\n|-status|p2a: Arceus|tox\n|move|p1a: Marshadow|Poltergeist|p2a: Arceus\n|-activate|p2a: Arceus|move: Poltergeist|Dread Plate\n|-resisted|p2a: Arceus\n|-damage|p2a: Arceus|71\/100 tox\n|\n|-damage|p2a: Arceus|64\/100 tox|[from] psn\n|upkeep\n|turn|6\n|\n|t:|1699266375\n|switch|p1a: Arceus|Arceus-Grass|100\/100\n|-damage|p1a: Arceus|88\/100|[from] Stealth Rock\n|move|p2a: Arceus|Toxic|p1a: Arceus\n|-status|p1a: Arceus|tox\n|\n|-damage|p2a: Arceus|52\/100 tox|[from] psn\n|-damage|p1a: Arceus|82\/100 tox|[from] psn\n|upkeep\n|turn|7\n|\n|t:|1699266383\n|switch|p1a: Marshadow|Marshadow|94\/100\n|-damage|p1a: Marshadow|88\/100|[from] Stealth Rock\n|move|p2a: Arceus|Recover|p2a: Arceus\n|-heal|p2a: Arceus|100\/100 tox\n|\n|-damage|p2a: Arceus|82\/100 tox|[from] psn\n|upkeep\n|turn|8\n|\n|t:|1699266392\n|switch|p2a: Necrozma|Necrozma-Ultra|100\/100 par\n|move|p1a: Marshadow|Poltergeist|p2a: Necrozma\n|-activate|p2a: Necrozma|move: Poltergeist|Ultranecrozium Z\n|-supereffective|p2a: Necrozma\n|-damage|p2a: Necrozma|0 fnt\n|faint|p2a: Necrozma\n|\n|upkeep\n|\n|t:|1699266398\n|switch|p2a: Arceus|Arceus-Dark|82\/100 tox\n|turn|9\n|\n|t:|1699266402\n|switch|p1a: Zygarde|Zygarde|100\/100\n|-damage|p1a: Zygarde|94\/100|[from] Stealth Rock\n|move|p2a: Arceus|Foul Play|p1a: Zygarde\n|-damage|p1a: Zygarde|75\/100\n|\n|-heal|p1a: Zygarde|81\/100|[from] item: Leftovers\n|-damage|p2a: Arceus|76\/100 tox|[from] psn\n|upkeep\n|turn|10\n|\n|t:|1699266406\n|move|p2a: Arceus|Taunt|p1a: Zygarde\n|-start|p1a: Zygarde|move: Taunt\n|move|p1a: Zygarde|Thousand Arrows|p2a: Arceus\n|-damage|p2a: Arceus|56\/100 tox\n|\n|-heal|p1a: Zygarde|87\/100|[from] item: Leftovers\n|-damage|p2a: Arceus|44\/100 tox|[from] psn\n|upkeep\n|turn|11\n|\n|t:|1699266411\n|switch|p1a: Marshadow|Marshadow|88\/100\n|-damage|p1a: Marshadow|82\/100|[from] Stealth Rock\n|move|p2a: Arceus|Recover|p2a: Arceus\n|-heal|p2a: Arceus|94\/100 tox\n|\n|-damage|p2a: Arceus|76\/100 tox|[from] psn\n|upkeep\n|turn|12\n|\n|t:|1699266414\n|switch|p2a: Giratina|Giratina-Origin|100\/100\n|move|p1a: Marshadow|Close Combat|p2a: Giratina\n|-immune|p2a: Giratina\n|\n|upkeep\n|turn|13\n|\n|t:|1699266419\n|switch|p1a: Zygarde|Zygarde|87\/100\n|-damage|p1a: Zygarde|81\/100|[from] Stealth Rock\n|move|p2a: Giratina|Hex|p1a: Zygarde\n|-damage|p1a: Zygarde|55\/100\n|\n|-heal|p1a: Zygarde|61\/100|[from] item: Leftovers\n|upkeep\n|turn|14\n|\n|t:|1699266422\n|move|p1a: Zygarde|Glare|p2a: Giratina\n|-status|p2a: Giratina|par\n|move|p2a: Giratina|Draco Meteor|p1a: Zygarde\n|-supereffective|p1a: Zygarde\n|-crit|p1a: Zygarde\n|-damage|p1a: Zygarde|0 fnt\n|-unboost|p2a: Giratina|spa|2\n|faint|p1a: Zygarde\n|\n|upkeep\n|\n|t:|1699266426\n|switch|p1a: Necrozma|Necrozma-Dusk-Mane, shiny|100\/100\n|-damage|p1a: Necrozma|94\/100|[from] Stealth Rock\n|turn|15\n|\n|t:|1699266428\n|move|p1a: Necrozma|Iron Head|p2a: Giratina\n|-damage|p2a: Giratina|76\/100 par\n|cant|p2a: Giratina|flinch\n|\n|-heal|p1a: Necrozma|100\/100|[from] item: Leftovers\n|upkeep\n|turn|16\n|\n|t:|1699266432\n|move|p1a: Necrozma|Iron Head|p2a: Giratina\n|-damage|p2a: Giratina|53\/100 par\n|cant|p2a: Giratina|par\n|\n|upkeep\n|turn|17\n|\n|t:|1699266435\n|switch|p2a: Arceus|Arceus-Dark|76\/100 tox\n|move|p1a: Necrozma|Iron Head|p2a: Arceus\n|-damage|p2a: Arceus|47\/100 tox\n|\n|-damage|p2a: Arceus|41\/100 tox|[from] psn\n|upkeep\n|turn|18\n|\n|t:|1699266438\n|move|p2a: Arceus|Recover|p2a: Arceus\n|-heal|p2a: Arceus|91\/100 tox\n|move|p1a: Necrozma|Stealth Rock|p2a: Arceus\n|-sidestart|p2: Obito 2001|move: Stealth Rock\n|\n|-damage|p2a: Arceus|79\/100 tox|[from] psn\n|upkeep\n|turn|19\n|inactive|C0ld as Ice has 120 seconds left.\n|\n|t:|1699266476\n|switch|p1a: Arceus|Arceus-Grass|82\/100 tox\n|-damage|p1a: Arceus|70\/100 tox|[from] Stealth Rock\n|move|p2a: Arceus|Foul Play|p1a: Arceus\n|-damage|p1a: Arceus|52\/100 tox\n|\n|-damage|p2a: Arceus|60\/100 tox|[from] psn\n|-damage|p1a: Arceus|45\/100 tox|[from] psn\n|upkeep\n|turn|20\n|inactive|Obito 2001 has 120 seconds left.\n|\n|t:|1699266514\n|move|p2a: Arceus|Taunt|p1a: Arceus\n|-start|p1a: Arceus|move: Taunt\n|move|p1a: Arceus|Grass Knot|p2a: Arceus\n|-damage|p2a: Arceus|22\/100 tox\n|\n|-damage|p2a: Arceus|0 fnt|[from] psn\n|faint|p2a: Arceus\n|-damage|p1a: Arceus|33\/100 tox|[from] psn\n|upkeep\n|\n|t:|1699266528\n|switch|p2a: Giratina|Giratina-Origin|53\/100 par\n|-damage|p2a: Giratina|40\/100 par|[from] Stealth Rock\n|turn|21\n|\n|t:|1699266540\n|switch|p1a: Necrozma|Necrozma-Dusk-Mane, shiny|100\/100\n|-damage|p1a: Necrozma|94\/100|[from] Stealth Rock\n|move|p2a: Giratina|Hex|p1a: Necrozma\n|-supereffective|p1a: Necrozma\n|-damage|p1a: Necrozma|65\/100\n|\n|-heal|p1a: Necrozma|72\/100|[from] item: Leftovers\n|upkeep\n|turn|22\n|\n|t:|1699266547\n|move|p1a: Necrozma|Iron Head|p2a: Giratina\n|-damage|p2a: Giratina|18\/100 par\n|cant|p2a: Giratina|flinch\n|\n|-heal|p1a: Necrozma|78\/100|[from] item: Leftovers\n|upkeep\n|turn|23\n|\n|t:|1699266574\n|move|p2a: Giratina|Shadow Sneak|p1a: Necrozma\n|-supereffective|p1a: Necrozma\n|-damage|p1a: Necrozma|56\/100\n|move|p1a: Necrozma|Iron Head|p2a: Giratina\n|-damage|p2a: Giratina|0 fnt\n|faint|p2a: Giratina\n|\n|-heal|p1a: Necrozma|62\/100|[from] item: Leftovers\n|upkeep\n|\n|t:|1699266579\n|switch|p2a: Kyogre|Kyogre|100\/100\n|-status|p2a: Kyogre|tox\n|-damage|p2a: Kyogre|88\/100 tox|[from] Stealth Rock\n|-weather|RainDance|[from] ability: Drizzle|[of] p2a: Kyogre\n|turn|24\n|\n|t:|1699266586\n|switch|p1a: Groudon|Groudon, shiny|100\/100\n|-damage|p1a: Groudon|94\/100|[from] Stealth Rock\n|detailschange|p1a: Groudon|Groudon-Primal, shiny\n|-primal|p1a: Groudon|Red Orb\n|-weather|DesolateLand|[from] ability: Desolate Land|[of] p1a: Groudon\n|move|p2a: Kyogre|Water Spout||[still]\n|-fail|p2a: Kyogre|Water Spout|[from] Desolate Land\n|\n|-weather|DesolateLand|[upkeep]\n|-damage|p2a: Kyogre|82\/100 tox|[from] psn\n|upkeep\n|turn|25\n|inactive|C0ld as Ice has 120 seconds left.\n|\n|t:|1699266614\n|-weather|none\n|switch|p1a: Marshadow|Marshadow|82\/100\n|-damage|p1a: Marshadow|76\/100|[from] Stealth Rock\n|move|p2a: Kyogre|Water Spout|p1a: Marshadow\n|-damage|p1a: Marshadow|0 fnt\n|faint|p1a: Marshadow\n|\n|-damage|p2a: Kyogre|70\/100 tox|[from] psn\n|upkeep\n|\n|t:|1699266618\n|switch|p1a: Arceus|Arceus-Grass|33\/100 tox\n|-damage|p1a: Arceus|21\/100 tox|[from] Stealth Rock\n|turn|26\n|\n|t:|1699266621\n|move|p2a: Kyogre|Water Spout|p1a: Arceus\n|-resisted|p1a: Arceus\n|-damage|p1a: Arceus|0 fnt\n|faint|p1a: Arceus\n|\n|-damage|p2a: Kyogre|51\/100 tox|[from] psn\n|upkeep\n|\n|t:|1699266623\n|switch|p1a: Groudon|Groudon-Primal, shiny|94\/100\n|-damage|p1a: Groudon|82\/100|[from] Stealth Rock\n|-weather|DesolateLand|[from] ability: Desolate Land|[of] p1a: Groudon\n|turn|27\n|-message|C0ld as Ice forfeited.\n|\n|win|Obito 2001\n|raw|C0ld as Ice's rating: 1784 &rarr; <strong>1769<\/strong><br \/>(-15 for losing)\n|raw|Obito 2001's rating: 1877 &rarr; <strong>1892<\/strong><br \/>(+15 for winning)\n|l|\u2606C0ld as Ice\n","uploadtime":1699266637,"views":7,"p1id":"c0ldasice","p2id":"obito2001","formatid":"gen9nationaldexubers","rating":1769,"private":0,"password":""}