{"id":"gen9nationaldexubers-1993456396","p1":"ShayminSturdy","p2":"Perucho blue","format":"[Gen 9] National Dex Ubers","log":"|j|\u2606ShayminSturdy\n|j|\u2606Perucho blue\n|t:|1700320158\n|gametype|singles\n|player|p1|ShayminSturdy|101|1038\n|player|p2|Perucho blue|saturn|1085\n|teamsize|p1|6\n|teamsize|p2|3\n|gen|9\n|tier|[Gen 9] National Dex Ubers\n|rated|\n|rule|HP Percentage Mod: HP is shown in percentages\n|rule|Endless Battle Clause: Forcing endless battles is banned\n|rule|OHKO Clause: OHKO moves are banned\n|rule|Evasion Moves Clause: Evasion moves are banned\n|rule|Evasion Items Clause: Evasion items are banned\n|rule|Species Clause: Limit one of each Pok\u00e9mon\n|rule|Sleep Clause Mod: Limit one foe put to sleep\n|rule|Mega Rayquaza Clause: You cannot mega evolve Rayquaza\n|clearpoke\n|poke|p1|Blaziken, F|\n|poke|p1|Samurott-Hisui, F|\n|poke|p1|Braviary-Hisui, M|\n|poke|p1|Zeraora|\n|poke|p1|Kangaskhan, F|\n|poke|p1|Xerneas-*|\n|poke|p2|Dragonite, M|\n|poke|p2|Maushold-Four|\n|poke|p2|Celesteela|\n|teampreview\n|\n|t:|1700320165\n|start\n|switch|p1a: Xerneas|Xerneas|100\/100\n|switch|p2a: Dragonite|Dragonite, M|100\/100\n|-ability|p1a: Xerneas|Fairy Aura\n|turn|1\n|\n|t:|1700320180\n|move|p2a: Dragonite|Dragon Dance|p2a: Dragonite\n|-boost|p2a: Dragonite|atk|1\n|-boost|p2a: Dragonite|spe|1\n|-zpower|p1a: Xerneas\n|move|p1a: Xerneas|Z-Geomancy||[anim]Geomancy|[still]\n|-boost|p1a: Xerneas|atk|1|[zeffect]\n|-boost|p1a: Xerneas|def|1|[zeffect]\n|-boost|p1a: Xerneas|spa|1|[zeffect]\n|-boost|p1a: Xerneas|spd|1|[zeffect]\n|-boost|p1a: Xerneas|spe|1|[zeffect]\n|-prepare|p1a: Xerneas|Geomancy\n|\n|upkeep\n|turn|2\n|\n|t:|1700320198\n|-terastallize|p2a: Dragonite|Normal\n|move|p2a: Dragonite|Extreme Speed|p1a: Xerneas\n|-damage|p1a: Xerneas|56\/100\n|move|p1a: Xerneas|Geomancy|p1a: Xerneas|[from]lockedmove\n|-boost|p1a: Xerneas|spa|2\n|-boost|p1a: Xerneas|spd|2\n|-boost|p1a: Xerneas|spe|2\n|\n|upkeep\n|turn|3\n|\n|t:|1700320209\n|move|p2a: Dragonite|Extreme Speed|p1a: Xerneas\n|-damage|p1a: Xerneas|14\/100\n|move|p1a: Xerneas|Draining Kiss|p2a: Dragonite\n|-damage|p2a: Dragonite|52\/100\n|-heal|p1a: Xerneas|40\/100|[from] drain|[of] p2a: Dragonite\n|\n|upkeep\n|turn|4\n|\n|t:|1700320221\n|move|p2a: Dragonite|Extreme Speed|p1a: Xerneas\n|-damage|p1a: Xerneas|0 fnt\n|faint|p1a: Xerneas\n|\n|upkeep\n|\n|t:|1700320226\n|switch|p1a: Zeraora|Zeraora|100\/100\n|turn|5\n|\n|t:|1700320231\n|move|p2a: Dragonite|Extreme Speed|p1a: Zeraora\n|-damage|p1a: Zeraora|0 fnt\n|faint|p1a: Zeraora\n|\n|upkeep\n|\n|t:|1700320241\n|switch|p1a: Blaziken|Blaziken, F|100\/100\n|turn|6\n|\n|t:|1700320251\n|move|p2a: Dragonite|Extreme Speed|p1a: Blaziken\n|-damage|p1a: Blaziken|1\/100\n|move|p1a: Blaziken|Bulk Up|p1a: Blaziken\n|-boost|p1a: Blaziken|atk|1\n|-boost|p1a: Blaziken|def|1\n|\n|-ability|p1a: Blaziken|Speed Boost|boost\n|-boost|p1a: Blaziken|spe|1\n|upkeep\n|turn|7\n|\n|t:|1700320263\n|move|p2a: Dragonite|Extreme Speed|p1a: Blaziken\n|-damage|p1a: Blaziken|0 fnt\n|faint|p1a: Blaziken\n|\n|upkeep\n|\n|t:|1700320268\n|switch|p1a: Kangaskhan|Kangaskhan, F|100\/100\n|turn|8\n|\n|t:|1700320273\n|detailschange|p1a: Kangaskhan|Kangaskhan-Mega, F\n|-mega|p1a: Kangaskhan|Kangaskhan|Kangaskhanite\n|move|p2a: Dragonite|Extreme Speed|p1a: Kangaskhan\n|-damage|p1a: Kangaskhan|42\/100\n|move|p1a: Kangaskhan|Power-Up Punch|p2a: Dragonite\n|-supereffective|p2a: Dragonite\n|-damage|p2a: Dragonite|24\/100\n|-boost|p1a: Kangaskhan|atk|1\n|-supereffective|p2a: Dragonite\n|-damage|p2a: Dragonite|13\/100\n|-boost|p1a: Kangaskhan|atk|1\n|-hitcount|p2a: Dragonite|2\n|\n|upkeep\n|turn|9\n|\n|t:|1700320288\n|move|p2a: Dragonite|Extreme Speed|p1a: Kangaskhan\n|-damage|p1a: Kangaskhan|0 fnt\n|faint|p1a: Kangaskhan\n|\n|upkeep\n|\n|t:|1700320293\n|switch|p1a: Samurott|Samurott-Hisui, F|100\/100\n|turn|10\n|\n|t:|1700320303\n|move|p2a: Dragonite|Earthquake|p1a: Samurott\n|-damage|p1a: Samurott|37\/100\n|move|p1a: Samurott|Sacred Sword|p2a: Dragonite\n|-supereffective|p2a: Dragonite\n|-damage|p2a: Dragonite|0 fnt\n|faint|p2a: Dragonite\n|\n|upkeep\n|\n|t:|1700320314\n|switch|p2a: Maushold|Maushold-Four|100\/100\n|turn|11\n|\n|t:|1700320320\n|-terastallize|p1a: Samurott|Water\n|move|p2a: Maushold|Population Bomb|p1a: Samurott\n|-damage|p1a: Samurott|24\/100\n|-damage|p1a: Samurott|10\/100\n|-damage|p1a: Samurott|0 fnt\n|faint|p1a: Samurott\n|-hitcount|p1: Samurott|3\n|\n|upkeep\n|\n|t:|1700320328\n|switch|p1a: Braviary|Braviary-Hisui, M|100\/100\n|turn|12\n|\n|t:|1700320335\n|move|p2a: Maushold|Population Bomb|p1a: Braviary\n|-crit|p1a: Braviary\n|-damage|p1a: Braviary|81\/100\n|-damage|p1a: Braviary|68\/100\n|-damage|p1a: Braviary|55\/100\n|-damage|p1a: Braviary|41\/100\n|-damage|p1a: Braviary|29\/100\n|-damage|p1a: Braviary|17\/100\n|-enditem|p1a: Braviary|Aguav Berry|[eat]\n|-heal|p1a: Braviary|50\/100|[from] item: Aguav Berry\n|-damage|p1a: Braviary|37\/100\n|-damage|p1a: Braviary|23\/100\n|-crit|p1a: Braviary\n|-damage|p1a: Braviary|3\/100\n|-crit|p1a: Braviary\n|-damage|p1a: Braviary|0 fnt\n|faint|p1a: Braviary\n|-hitcount|p1: Braviary|10\n|\n|win|Perucho blue\n|raw|ShayminSturdy's rating: 1038 &rarr; <strong>1024<\/strong><br \/>(-14 for losing)\n|raw|Perucho blue's rating: 1085 &rarr; <strong>1109<\/strong><br \/>(+24 for winning)\n|l|\u2606ShayminSturdy\n","uploadtime":1700320360,"views":11,"p1id":"shayminsturdy","p2id":"peruchoblue","formatid":"gen9nationaldexubers","rating":1024,"private":0,"password":""}