{"id":"gen9nationaldexubers-1990666545","p1":"Barracood","p2":"85792195wwww","format":"[Gen 9] National Dex Ubers","log":"|j|\u2606Barracood\n|j|\u260685792195wwww\n|t:|1699990089\n|gametype|singles\n|player|p1|Barracood|unknown|1465\n|player|p2|85792195wwww|mira|1726\n|teamsize|p1|6\n|teamsize|p2|6\n|gen|9\n|tier|[Gen 9] National Dex Ubers\n|rated|\n|rule|HP Percentage Mod: HP is shown in percentages\n|rule|Endless Battle Clause: Forcing endless battles is banned\n|rule|OHKO Clause: OHKO moves are banned\n|rule|Evasion Moves Clause: Evasion moves are banned\n|rule|Evasion Items Clause: Evasion items are banned\n|rule|Species Clause: Limit one of each Pok\u00e9mon\n|rule|Sleep Clause Mod: Limit one foe put to sleep\n|rule|Mega Rayquaza Clause: You cannot mega evolve Rayquaza\n|clearpoke\n|poke|p1|Groudon|\n|poke|p1|Deoxys-Attack|\n|poke|p1|Eternatus|\n|poke|p1|Ditto|\n|poke|p1|Salamence, M|\n|poke|p1|Kyogre|\n|poke|p2|Arceus-Ground|\n|poke|p2|Deoxys-Speed|\n|poke|p2|Landorus, M|\n|poke|p2|Zacian-*|\n|poke|p2|Groudon|\n|poke|p2|Zekrom|\n|teampreview\n|inactive|Battle timer is ON: inactive players will automatically lose when time's up. (requested by Barracood)\n|\n|t:|1699990096\n|start\n|switch|p1a: texas gaming|Groudon|100\/100\n|switch|p2a: Deoxys|Deoxys-Speed|100\/100\n|-ability|p2a: Deoxys|Pressure\n|detailschange|p1a: texas gaming|Groudon-Primal\n|-primal|p1a: texas gaming|Red Orb\n|-weather|DesolateLand|[from] ability: Desolate Land|[of] p1a: texas gaming\n|turn|1\n|\n|t:|1699990107\n|move|p2a: Deoxys|Stealth Rock|p1a: texas gaming\n|-sidestart|p1: Barracood|move: Stealth Rock\n|move|p1a: texas gaming|Heat Crash|p2a: Deoxys\n|-damage|p2a: Deoxys|0 fnt\n|-damage|p1a: texas gaming|84\/100|[from] item: Rocky Helmet|[of] p2a: Deoxys\n|faint|p2a: Deoxys\n|\n|-weather|DesolateLand|[upkeep]\n|upkeep\n|\n|t:|1699990116\n|switch|p2a: Landorus|Landorus, M|100\/100\n|turn|2\n|\n|t:|1699990127\n|move|p2a: Landorus|Earth Power|p1a: texas gaming\n|-supereffective|p1a: texas gaming\n|-damage|p1a: texas gaming|0 fnt\n|faint|p1a: texas gaming\n|-weather|none\n|\n|upkeep\n|\n|t:|1699990133\n|switch|p1a: \u30c7\u30aa\u30ad\u30b7\u30b9|Deoxys-Attack|100\/100\n|-damage|p1a: \u30c7\u30aa\u30ad\u30b7\u30b9|88\/100|[from] Stealth Rock\n|-ability|p1a: \u30c7\u30aa\u30ad\u30b7\u30b9|Pressure\n|turn|3\n|\n|t:|1699990139\n|switch|p2a: Zacian|Zacian-Crowned|100\/100\n|-ability|p2a: Zacian|Intrepid Sword|boost\n|-boost|p2a: Zacian|atk|1\n|move|p1a: \u30c7\u30aa\u30ad\u30b7\u30b9|Ice Beam|p2a: Zacian\n|-resisted|p2a: Zacian\n|-damage|p2a: Zacian|78\/100\n|-damage|p1a: \u30c7\u30aa\u30ad\u30b7\u30b9|78\/100|[from] item: Life Orb\n|\n|upkeep\n|turn|4\n|inactive|Barracood has 120 seconds left.\n|inactive|Barracood has 90 seconds left.\n|inactive|Barracood has 60 seconds left.\n|\n|t:|1699990234\n|switch|p1a: wasgaewsfaw|Salamence, M|100\/100\n|-damage|p1a: wasgaewsfaw|76\/100|[from] Stealth Rock\n|-ability|p1a: wasgaewsfaw|Intimidate|boost\n|-unboost|p2a: Zacian|atk|1\n|move|p2a: Zacian|Behemoth Blade|p1a: wasgaewsfaw\n|-damage|p1a: wasgaewsfaw|9\/100\n|\n|upkeep\n|turn|5\n|\n|t:|1699990244\n|detailschange|p1a: wasgaewsfaw|Salamence-Mega, M\n|-mega|p1a: wasgaewsfaw|Salamence|Salamencite\n|move|p2a: Zacian|Behemoth Blade|p1a: wasgaewsfaw\n|-damage|p1a: wasgaewsfaw|0 fnt\n|faint|p1a: wasgaewsfaw\n|\n|upkeep\n|\n|t:|1699990249\n|switch|p1a: nregnuiawoga|Ditto|100\/100\n|-transform|p1a: nregnuiawoga|p2a: Zacian|[from] ability: Imposter\n|-ability|p1a: nregnuiawoga|Intrepid Sword|boost\n|-boost|p1a: nregnuiawoga|atk|1\n|turn|6\n|\n|t:|1699990260\n|switch|p2a: Landorus|Landorus, M|100\/100\n|move|p1a: nregnuiawoga|Wild Charge|p2a: Landorus\n|-immune|p2a: Landorus\n|\n|upkeep\n|turn|7\n|\n|t:|1699990268\n|-terastallize|p1a: nregnuiawoga|Normal\n|move|p1a: nregnuiawoga|Behemoth Blade|p2a: Landorus\n|-damage|p2a: Landorus|0 fnt\n|faint|p2a: Landorus\n|\n|upkeep\n|\n|t:|1699990281\n|switch|p2a: Zekrom|Zekrom|100\/100\n|-ability|p2a: Zekrom|Teravolt\n|turn|8\n|\n|t:|1699990289\n|move|p1a: nregnuiawoga|Tera Blast|p2a: Zekrom|[anim] Tera Blast Normal\n|-crit|p2a: Zekrom\n|-damage|p2a: Zekrom|7\/100\n|-zpower|p2a: Zekrom\n|move|p2a: Zekrom|Devastating Drake|p1a: nregnuiawoga|[zeffect]\n|-damage|p1a: nregnuiawoga|0 fnt\n|faint|p1a: nregnuiawoga\n|\n|upkeep\n|\n|t:|1699990292\n|switch|p1a: \u30c7\u30aa\u30ad\u30b7\u30b9|Deoxys-Attack|78\/100\n|-damage|p1a: \u30c7\u30aa\u30ad\u30b7\u30b9|66\/100|[from] Stealth Rock\n|-ability|p1a: \u30c7\u30aa\u30ad\u30b7\u30b9|Pressure\n|turn|9\n|\n|t:|1699990304\n|move|p1a: \u30c7\u30aa\u30ad\u30b7\u30b9|Shadow Ball|p2a: Zekrom\n|-damage|p2a: Zekrom|0 fnt\n|faint|p2a: Zekrom\n|-damage|p1a: \u30c7\u30aa\u30ad\u30b7\u30b9|56\/100|[from] item: Life Orb\n|\n|upkeep\n|\n|t:|1699990311\n|switch|p2a: Zacian|Zacian-Crowned|78\/100\n|turn|10\n|\n|t:|1699990322\n|move|p1a: \u30c7\u30aa\u30ad\u30b7\u30b9|Psycho Boost|p2a: Zacian\n|-resisted|p2a: Zacian\n|-damage|p2a: Zacian|19\/100\n|-unboost|p1a: \u30c7\u30aa\u30ad\u30b7\u30b9|spa|2\n|-damage|p1a: \u30c7\u30aa\u30ad\u30b7\u30b9|46\/100|[from] item: Life Orb\n|move|p2a: Zacian|Behemoth Blade|p1a: \u30c7\u30aa\u30ad\u30b7\u30b9\n|-damage|p1a: \u30c7\u30aa\u30ad\u30b7\u30b9|0 fnt\n|faint|p1a: \u30c7\u30aa\u30ad\u30b7\u30b9\n|\n|upkeep\n|\n|t:|1699990327\n|switch|p1a: the wale|Kyogre|100\/100\n|-damage|p1a: the wale|88\/100|[from] Stealth Rock\n|detailschange|p1a: the wale|Kyogre-Primal\n|-primal|p1a: the wale|Blue Orb\n|-weather|PrimordialSea|[from] ability: Primordial Sea|[of] p1a: the wale\n|turn|11\n|\n|t:|1699990339\n|move|p2a: Zacian|Wild Charge|p1a: the wale\n|-supereffective|p1a: the wale\n|-damage|p1a: the wale|18\/100\n|-damage|p2a: Zacian|0 fnt|[from] Recoil\n|faint|p2a: Zacian\n|move|p1a: the wale|Origin Pulse|p2: Zacian|[notarget]\n|-fail|p1a: the wale\n|\n|-weather|PrimordialSea|[upkeep]\n|upkeep\n|\n|t:|1699990347\n|switch|p2a: Groudon|Groudon|100\/100\n|detailschange|p2a: Groudon|Groudon-Primal\n|-primal|p2a: Groudon|Red Orb\n|-weather|DesolateLand|[from] ability: Desolate Land|[of] p2a: Groudon\n|turn|12\n|\n|t:|1699990354\n|move|p2a: Groudon|Rock Polish|p2a: Groudon\n|-boost|p2a: Groudon|spe|2\n|move|p1a: the wale|Ice Beam|p2a: Groudon\n|-damage|p2a: Groudon|58\/100\n|\n|-weather|DesolateLand|[upkeep]\n|upkeep\n|turn|13\n|\n|t:|1699990361\n|move|p2a: Groudon|Heat Crash|p1a: the wale\n|-resisted|p1a: the wale\n|-damage|p1a: the wale|0 fnt\n|faint|p1a: the wale\n|\n|-weather|DesolateLand|[upkeep]\n|upkeep\n|\n|t:|1699990365\n|switch|p1a: wasvafwafawfa|Eternatus|100\/100\n|-damage|p1a: wasvafwafawfa|88\/100|[from] Stealth Rock\n|-ability|p1a: wasvafwafawfa|Pressure\n|turn|14\n|\n|t:|1699990372\n|move|p2a: Groudon|Precipice Blades|p1a: wasvafwafawfa\n|-supereffective|p1a: wasvafwafawfa\n|-damage|p1a: wasvafwafawfa|0 fnt\n|faint|p1a: wasvafwafawfa\n|\n|win|85792195wwww\n|raw|Barracood's rating: 1465 &rarr; <strong>1458<\/strong><br \/>(-7 for losing)\n|raw|85792195wwww's rating: 1726 &rarr; <strong>1733<\/strong><br \/>(+7 for winning)\n","uploadtime":1699990378,"views":6,"p1id":"barracood","p2id":"85792195wwww","formatid":"gen9nationaldexubers","rating":1458,"private":0,"password":""}