{"id":"gen9nationaldexubers-2000296099","p1":"realested","p2":"Gtg g u2","format":"[Gen 9] National Dex Ubers","log":"|j|\u2606realested\n|j|\u2606Gtg g u2\n|t:|1701182391\n|gametype|singles\n|player|p1|realested|hooligans|1139\n|player|p2|Gtg g u2|chase|1182\n|teamsize|p1|6\n|teamsize|p2|6\n|gen|9\n|tier|[Gen 9] National Dex Ubers\n|rated|\n|rule|HP Percentage Mod: HP is shown in percentages\n|rule|Endless Battle Clause: Forcing endless battles is banned\n|rule|OHKO Clause: OHKO moves are banned\n|rule|Evasion Moves Clause: Evasion moves are banned\n|rule|Evasion Items Clause: Evasion items are banned\n|rule|Species Clause: Limit one of each Pok\u00e9mon\n|rule|Sleep Clause Mod: Limit one foe put to sleep\n|rule|Mega Rayquaza Clause: You cannot mega evolve Rayquaza\n|clearpoke\n|poke|p1|Iron Valiant|\n|poke|p1|Dracovish|\n|poke|p1|Tornadus, M|\n|poke|p1|Landorus-Therian, M|\n|poke|p1|Doublade, M|\n|poke|p1|Blaziken, F|\n|poke|p2|Pikachu, M|\n|poke|p2|Kleavor, M|\n|poke|p2|Gengar, M|\n|poke|p2|Lucario, M|\n|poke|p2|Flygon, F|\n|poke|p2|Melmetal|\n|teampreview\n|inactive|Battle timer is ON: inactive players will automatically lose when time's up. (requested by Gtg g u2)\n|\n|t:|1701182403\n|start\n|switch|p1a: \u54c8\u57fa\u7c73|Landorus-Therian, M|100\/100\n|switch|p2a: Pikachu|Pikachu, M|100\/100\n|-ability|p1a: \u54c8\u57fa\u7c73|Intimidate|boost\n|-unboost|p2a: Pikachu|atk|1\n|turn|1\n|\n|t:|1701182413\n|move|p1a: \u54c8\u57fa\u7c73|Stealth Rock|p2a: Pikachu\n|-sidestart|p2: Gtg g u2|move: Stealth Rock\n|move|p2a: Pikachu|Surf|p1a: \u54c8\u57fa\u7c73\n|-supereffective|p1a: \u54c8\u57fa\u7c73\n|-damage|p1a: \u54c8\u57fa\u7c73|52\/100\n|\n|upkeep\n|turn|2\n|\n|t:|1701182419\n|move|p1a: \u54c8\u57fa\u7c73|Earthquake|p2a: Pikachu\n|-supereffective|p2a: Pikachu\n|-damage|p2a: Pikachu|0 fnt\n|faint|p2a: Pikachu\n|\n|upkeep\n|\n|t:|1701182420\n|switch|p2a: Kleavor|Kleavor, M|100\/100\n|turn|3\n|\n|t:|1701182434\n|move|p1a: \u54c8\u57fa\u7c73|Earthquake|p2a: Kleavor\n|-damage|p2a: Kleavor|39\/100\n|move|p2a: Kleavor|Pounce|p1a: \u54c8\u57fa\u7c73\n|-resisted|p1a: \u54c8\u57fa\u7c73\n|-damage|p1a: \u54c8\u57fa\u7c73|40\/100\n|-unboost|p1a: \u54c8\u57fa\u7c73|spe|1\n|\n|upkeep\n|turn|4\n|\n|t:|1701182445\n|move|p2a: Kleavor|Stone Axe|p1a: \u54c8\u57fa\u7c73\n|-damage|p1a: \u54c8\u57fa\u7c73|0 fnt\n|-sidestart|p1: realested|move: Stealth Rock\n|faint|p1a: \u54c8\u57fa\u7c73\n|\n|upkeep\n|\n|t:|1701182462\n|switch|p1a: \u8fdb\u653b\u624d\u662f\u6700\u597d\u7684\u7279\u8010|Doublade, M, shiny|100\/100\n|-damage|p1a: \u8fdb\u653b\u624d\u662f\u6700\u597d\u7684\u7279\u8010|94\/100|[from] Stealth Rock\n|turn|5\n|\n|t:|1701182467\n|move|p2a: Kleavor|Pounce|p1a: \u8fdb\u653b\u624d\u662f\u6700\u597d\u7684\u7279\u8010\n|-resisted|p1a: \u8fdb\u653b\u624d\u662f\u6700\u597d\u7684\u7279\u8010\n|-crit|p1a: \u8fdb\u653b\u624d\u662f\u6700\u597d\u7684\u7279\u8010\n|-damage|p1a: \u8fdb\u653b\u624d\u662f\u6700\u597d\u7684\u7279\u8010|89\/100\n|-unboost|p1a: \u8fdb\u653b\u624d\u662f\u6700\u597d\u7684\u7279\u8010|spe|1\n|move|p1a: \u8fdb\u653b\u624d\u662f\u6700\u597d\u7684\u7279\u8010|Iron Head|p2a: Kleavor\n|-supereffective|p2a: Kleavor\n|-damage|p2a: Kleavor|0 fnt\n|faint|p2a: Kleavor\n|\n|upkeep\n|\n|t:|1701182468\n|switch|p2a: Gengar|Gengar, M|100\/100\n|-damage|p2a: Gengar|88\/100|[from] Stealth Rock\n|turn|6\n|\n|t:|1701182473\n|move|p1a: \u8fdb\u653b\u624d\u662f\u6700\u597d\u7684\u7279\u8010|Shadow Sneak|p2a: Gengar\n|-supereffective|p2a: Gengar\n|-damage|p2a: Gengar|5\/100\n|move|p2a: Gengar|Shadow Ball|p1a: \u8fdb\u653b\u624d\u662f\u6700\u597d\u7684\u7279\u8010\n|-supereffective|p1a: \u8fdb\u653b\u624d\u662f\u6700\u597d\u7684\u7279\u8010\n|-damage|p1a: \u8fdb\u653b\u624d\u662f\u6700\u597d\u7684\u7279\u8010|0 fnt\n|faint|p1a: \u8fdb\u653b\u624d\u662f\u6700\u597d\u7684\u7279\u8010\n|\n|upkeep\n|\n|t:|1701182485\n|switch|p1a: \u7537\u5a18(\u771f)|Iron Valiant|100\/100\n|-damage|p1a: \u7537\u5a18(\u771f)|94\/100|[from] Stealth Rock\n|-enditem|p1a: \u7537\u5a18(\u771f)|Booster Energy\n|-activate|p1a: \u7537\u5a18(\u771f)|ability: Quark Drive|[fromitem]\n|-start|p1a: \u7537\u5a18(\u771f)|quarkdrivespe\n|turn|7\n|\n|t:|1701182498\n|move|p1a: \u7537\u5a18(\u771f)|Swords Dance|p1a: \u7537\u5a18(\u771f)\n|-boost|p1a: \u7537\u5a18(\u771f)|atk|2\n|move|p2a: Gengar|Sludge Bomb|p1a: \u7537\u5a18(\u771f)\n|-supereffective|p1a: \u7537\u5a18(\u771f)\n|-crit|p1a: \u7537\u5a18(\u771f)\n|-damage|p1a: \u7537\u5a18(\u771f)|0 fnt\n|faint|p1a: \u7537\u5a18(\u771f)\n|-end|p1a: \u7537\u5a18(\u771f)|Quark Drive|[silent]\n|\n|upkeep\n|\n|t:|1701182508\n|switch|p1a: \u6d74\u706b\u91cd\u751f\u7684\u8521\u5f90\u5764|Blaziken, F|100\/100\n|-damage|p1a: \u6d74\u706b\u91cd\u751f\u7684\u8521\u5f90\u5764|88\/100|[from] Stealth Rock\n|turn|8\n|\n|t:|1701182517\n|detailschange|p1a: \u6d74\u706b\u91cd\u751f\u7684\u8521\u5f90\u5764|Blaziken-Mega, F\n|-mega|p1a: \u6d74\u706b\u91cd\u751f\u7684\u8521\u5f90\u5764|Blaziken|Blazikenite\n|move|p1a: \u6d74\u706b\u91cd\u751f\u7684\u8521\u5f90\u5764|Protect|p1a: \u6d74\u706b\u91cd\u751f\u7684\u8521\u5f90\u5764\n|-singleturn|p1a: \u6d74\u706b\u91cd\u751f\u7684\u8521\u5f90\u5764|Protect\n|move|p2a: Gengar|Shadow Ball|p1a: \u6d74\u706b\u91cd\u751f\u7684\u8521\u5f90\u5764\n|-activate|p1a: \u6d74\u706b\u91cd\u751f\u7684\u8521\u5f90\u5764|move: Protect\n|\n|-ability|p1a: \u6d74\u706b\u91cd\u751f\u7684\u8521\u5f90\u5764|Speed Boost|boost\n|-boost|p1a: \u6d74\u706b\u91cd\u751f\u7684\u8521\u5f90\u5764|spe|1\n|upkeep\n|turn|9\n|\n|t:|1701182524\n|move|p1a: \u6d74\u706b\u91cd\u751f\u7684\u8521\u5f90\u5764|Fire Punch|p2a: Gengar\n|-damage|p2a: Gengar|0 fnt\n|-start|p1a: \u6d74\u706b\u91cd\u751f\u7684\u8521\u5f90\u5764|Disable|Fire Punch|[from] ability: Cursed Body|[of] p2a: Gengar\n|faint|p2a: Gengar\n|\n|-ability|p1a: \u6d74\u706b\u91cd\u751f\u7684\u8521\u5f90\u5764|Speed Boost|boost\n|-boost|p1a: \u6d74\u706b\u91cd\u751f\u7684\u8521\u5f90\u5764|spe|1\n|upkeep\n|\n|t:|1701182526\n|switch|p2a: Flygon|Flygon, F|100\/100\n|-damage|p2a: Flygon|95\/100|[from] Stealth Rock\n|turn|10\n|\n|t:|1701182528\n|move|p1a: \u6d74\u706b\u91cd\u751f\u7684\u8521\u5f90\u5764|Close Combat|p2a: Flygon\n|-damage|p2a: Flygon|0 fnt\n|-unboost|p1a: \u6d74\u706b\u91cd\u751f\u7684\u8521\u5f90\u5764|def|1\n|-unboost|p1a: \u6d74\u706b\u91cd\u751f\u7684\u8521\u5f90\u5764|spd|1\n|faint|p2a: Flygon\n|\n|-ability|p1a: \u6d74\u706b\u91cd\u751f\u7684\u8521\u5f90\u5764|Speed Boost|boost\n|-boost|p1a: \u6d74\u706b\u91cd\u751f\u7684\u8521\u5f90\u5764|spe|1\n|upkeep\n|\n|t:|1701182533\n|switch|p2a: Melmetal|Melmetal|100\/100\n|-damage|p2a: Melmetal|94\/100|[from] Stealth Rock\n|turn|11\n|\n|t:|1701182537\n|-terastallize|p2a: Melmetal|Ground\n|move|p1a: \u6d74\u706b\u91cd\u751f\u7684\u8521\u5f90\u5764|Protect|p1a: \u6d74\u706b\u91cd\u751f\u7684\u8521\u5f90\u5764\n|-singleturn|p1a: \u6d74\u706b\u91cd\u751f\u7684\u8521\u5f90\u5764|Protect\n|move|p2a: Melmetal|Earthquake|p1a: \u6d74\u706b\u91cd\u751f\u7684\u8521\u5f90\u5764\n|-activate|p1a: \u6d74\u706b\u91cd\u751f\u7684\u8521\u5f90\u5764|move: Protect\n|\n|-ability|p1a: \u6d74\u706b\u91cd\u751f\u7684\u8521\u5f90\u5764|Speed Boost|boost\n|-boost|p1a: \u6d74\u706b\u91cd\u751f\u7684\u8521\u5f90\u5764|spe|1\n|upkeep\n|turn|12\n|\n|t:|1701182545\n|move|p1a: \u6d74\u706b\u91cd\u751f\u7684\u8521\u5f90\u5764|Close Combat|p2a: Melmetal\n|-damage|p2a: Melmetal|54\/100\n|-unboost|p1a: \u6d74\u706b\u91cd\u751f\u7684\u8521\u5f90\u5764|def|1\n|-unboost|p1a: \u6d74\u706b\u91cd\u751f\u7684\u8521\u5f90\u5764|spd|1\n|move|p2a: Melmetal|Earthquake|p1a: \u6d74\u706b\u91cd\u751f\u7684\u8521\u5f90\u5764\n|-supereffective|p1a: \u6d74\u706b\u91cd\u751f\u7684\u8521\u5f90\u5764\n|-damage|p1a: \u6d74\u706b\u91cd\u751f\u7684\u8521\u5f90\u5764|0 fnt\n|faint|p1a: \u6d74\u706b\u91cd\u751f\u7684\u8521\u5f90\u5764\n|\n|upkeep\n|\n|t:|1701182557\n|switch|p1a: \u5e05\u4f46\u4e0d\u662f\u62e8\u6c99|Dracovish|100\/100\n|-damage|p1a: \u5e05\u4f46\u4e0d\u662f\u62e8\u6c99|88\/100|[from] Stealth Rock\n|turn|13\n|\n|t:|1701182560\n|move|p1a: \u5e05\u4f46\u4e0d\u662f\u62e8\u6c99|Fishious Rend|p2a: Melmetal\n|-supereffective|p2a: Melmetal\n|-damage|p2a: Melmetal|0 fnt\n|faint|p2a: Melmetal\n|-damage|p1a: \u5e05\u4f46\u4e0d\u662f\u62e8\u6c99|78\/100|[from] item: Life Orb\n|\n|upkeep\n|\n|t:|1701182561\n|switch|p2a: Lucario|Lucario, M|100\/100\n|-damage|p2a: Lucario|98\/100|[from] Stealth Rock\n|turn|14\n|\n|t:|1701182571\n|switch|p1a: \u6211\u6076\u5fc3\u5e26\u4e86\u6311\u8845|Tornadus, M, shiny|100\/100\n|-damage|p1a: \u6211\u6076\u5fc3\u5e26\u4e86\u6311\u8845|76\/100|[from] Stealth Rock\n|detailschange|p2a: Lucario|Lucario-Mega, M\n|-mega|p2a: Lucario|Lucario|Lucarionite\n|move|p2a: Lucario|Aura Sphere|p1a: \u6211\u6076\u5fc3\u5e26\u4e86\u6311\u8845\n|-resisted|p1a: \u6211\u6076\u5fc3\u5e26\u4e86\u6311\u8845\n|-damage|p1a: \u6211\u6076\u5fc3\u5e26\u4e86\u6311\u8845|53\/100\n|-enditem|p1a: \u6211\u6076\u5fc3\u5e26\u4e86\u6311\u8845|Eject Button\n|\n|t:|1701182582\n|switch|p1a: \u5e05\u4f46\u4e0d\u662f\u62e8\u6c99|Dracovish|78\/100\n|-damage|p1a: \u5e05\u4f46\u4e0d\u662f\u62e8\u6c99|66\/100|[from] Stealth Rock\n|\n|upkeep\n|turn|15\n|\n|t:|1701182590\n|switch|p1a: \u6211\u6076\u5fc3\u5e26\u4e86\u6311\u8845|Tornadus, M, shiny|53\/100\n|-damage|p1a: \u6211\u6076\u5fc3\u5e26\u4e86\u6311\u8845|28\/100|[from] Stealth Rock\n|move|p2a: Lucario|Aura Sphere|p1a: \u6211\u6076\u5fc3\u5e26\u4e86\u6311\u8845\n|-resisted|p1a: \u6211\u6076\u5fc3\u5e26\u4e86\u6311\u8845\n|-crit|p1a: \u6211\u6076\u5fc3\u5e26\u4e86\u6311\u8845\n|-damage|p1a: \u6211\u6076\u5fc3\u5e26\u4e86\u6311\u8845|0 fnt\n|faint|p1a: \u6211\u6076\u5fc3\u5e26\u4e86\u6311\u8845\n|\n|upkeep\n|\n|t:|1701182597\n|switch|p1a: \u5e05\u4f46\u4e0d\u662f\u62e8\u6c99|Dracovish|66\/100\n|-damage|p1a: \u5e05\u4f46\u4e0d\u662f\u62e8\u6c99|53\/100|[from] Stealth Rock\n|turn|16\n|\n|t:|1701182602\n|-terastallize|p1a: \u5e05\u4f46\u4e0d\u662f\u62e8\u6c99|Water\n|move|p2a: Lucario|Aura Sphere|p1a: \u5e05\u4f46\u4e0d\u662f\u62e8\u6c99\n|-damage|p1a: \u5e05\u4f46\u4e0d\u662f\u62e8\u6c99|0 fnt\n|faint|p1a: \u5e05\u4f46\u4e0d\u662f\u62e8\u6c99\n|\n|win|Gtg g u2\n|raw|realested's rating: 1139 &rarr; <strong>1117<\/strong><br \/>(-22 for losing)\n|raw|Gtg g u2's rating: 1182 &rarr; <strong>1204<\/strong><br \/>(+22 for winning)\n","uploadtime":1701182605,"views":1,"p1id":"realested","p2id":"gtggu2","formatid":"gen9nationaldexubers","rating":1117,"private":0,"password":""}