{"id":"gen9nationaldexubers-1987604729","p1":"Autismo27","p2":"Light1232","format":"[Gen 9] National Dex Ubers","log":"|j|\u2606Autismo27\n|j|\u2606Light1232\n|t:|1699618510\n|gametype|singles\n|player|p1|Autismo27|benga|1122\n|player|p2|Light1232|benga|1205\n|teamsize|p1|6\n|teamsize|p2|6\n|gen|9\n|tier|[Gen 9] National Dex Ubers\n|rated|\n|rule|HP Percentage Mod: HP is shown in percentages\n|rule|Endless Battle Clause: Forcing endless battles is banned\n|rule|OHKO Clause: OHKO moves are banned\n|rule|Evasion Moves Clause: Evasion moves are banned\n|rule|Evasion Items Clause: Evasion items are banned\n|rule|Species Clause: Limit one of each Pok\u00e9mon\n|rule|Sleep Clause Mod: Limit one foe put to sleep\n|rule|Mega Rayquaza Clause: You cannot mega evolve Rayquaza\n|clearpoke\n|poke|p1|Tyranitar, F|\n|poke|p1|Kommo-o, M|\n|poke|p1|Excadrill, M|\n|poke|p1|Ogerpon-Hearthflame, F|\n|poke|p1|Kingambit, F|\n|poke|p1|Baxcalibur, F|\n|poke|p2|Darmanitan-Galar, M|\n|poke|p2|Gastrodon, F|\n|poke|p2|Arcanine-Hisui, F|\n|poke|p2|Pelipper, F|\n|poke|p2|Marshadow|\n|poke|p2|Zoroark-Hisui, F|\n|teampreview\n|\n|t:|1699618538\n|start\n|switch|p1a: Tyranitar|Tyranitar, F|100\/100\n|switch|p2a: Darmanitan|Darmanitan-Galar, M|100\/100\n|-weather|Sandstorm|[from] ability: Sand Stream|[of] p1a: Tyranitar\n|turn|1\n|\n|t:|1699618547\n|move|p2a: Darmanitan|Will-O-Wisp|p1a: Tyranitar\n|-status|p1a: Tyranitar|brn\n|move|p1a: Tyranitar|Knock Off|p2a: Darmanitan\n|-supereffective|p2a: Darmanitan\n|-enditem|p2a: Darmanitan|Focus Sash\n|-damage|p2a: Darmanitan|1\/100\n|replace|p2a: Zoroark|Zoroark-Hisui, F\n|-end|p2a: Zoroark|Illusion\n|\n|-weather|Sandstorm|[upkeep]\n|-damage|p2a: Zoroark|0 fnt|[from] Sandstorm\n|faint|p2a: Zoroark\n|-damage|p1a: Tyranitar|94\/100 brn|[from] brn\n|upkeep\n|\n|t:|1699618568\n|switch|p2a: Marshadow|Marshadow|100\/100\n|turn|2\n|\n|t:|1699618573\n|move|p2a: Marshadow|Close Combat|p1a: Tyranitar\n|-supereffective|p1a: Tyranitar\n|-crit|p1a: Tyranitar\n|-damage|p1a: Tyranitar|0 fnt\n|-unboost|p2a: Marshadow|def|1\n|-unboost|p2a: Marshadow|spd|1\n|faint|p1a: Tyranitar\n|\n|-weather|Sandstorm|[upkeep]\n|-damage|p2a: Marshadow|94\/100|[from] Sandstorm\n|upkeep\n|\n|t:|1699618583\n|switch|p1a: Excadrill|Excadrill, M|100\/100\n|turn|3\n|\n|t:|1699618588\n|switch|p2a: Gastrodon|Gastrodon, F|100\/100\n|move|p1a: Excadrill|Drill Run|p2a: Gastrodon\n|-damage|p2a: Gastrodon|52\/100\n|\n|-weather|Sandstorm|[upkeep]\n|-heal|p2a: Gastrodon|58\/100|[from] item: Leftovers\n|upkeep\n|turn|4\n|\n|t:|1699618600\n|move|p1a: Excadrill|Swords Dance|p1a: Excadrill\n|-boost|p1a: Excadrill|atk|2\n|move|p2a: Gastrodon|Scald|p1a: Excadrill\n|-supereffective|p1a: Excadrill\n|-damage|p1a: Excadrill|0 fnt\n|faint|p1a: Excadrill\n|\n|-weather|Sandstorm|[upkeep]\n|-heal|p2a: Gastrodon|64\/100|[from] item: Leftovers\n|upkeep\n|\n|t:|1699618613\n|switch|p1a: Baxcalibur|Baxcalibur, F|100\/100\n|turn|5\n|\n|t:|1699618617\n|move|p1a: Baxcalibur|Dragon Dance|p1a: Baxcalibur\n|-boost|p1a: Baxcalibur|atk|1\n|-boost|p1a: Baxcalibur|spe|1\n|move|p2a: Gastrodon|Scald|p1a: Baxcalibur\n|-resisted|p1a: Baxcalibur\n|-crit|p1a: Baxcalibur\n|-damage|p1a: Baxcalibur|73\/100\n|\n|-weather|none\n|-heal|p2a: Gastrodon|70\/100|[from] item: Leftovers\n|upkeep\n|turn|6\n|\n|t:|1699618627\n|move|p1a: Baxcalibur|Icicle Crash|p2a: Gastrodon\n|-damage|p2a: Gastrodon|0 fnt\n|faint|p2a: Gastrodon\n|\n|upkeep\n|\n|t:|1699618632\n|switch|p2a: Arcanine|Arcanine-Hisui, F|100\/100\n|-ability|p2a: Arcanine|Intimidate|boost\n|-unboost|p1a: Baxcalibur|atk|1\n|-item|p2a: Arcanine|Air Balloon\n|turn|7\n|c|\u2606Light1232|missclick\n|\n|t:|1699618640\n|move|p1a: Baxcalibur|Aqua Tail|p2a: Arcanine\n|-supereffective|p2a: Arcanine\n|-damage|p2a: Arcanine|0 fnt\n|-enditem|p2a: Arcanine|Air Balloon\n|faint|p2a: Arcanine\n|\n|upkeep\n|c|\u2606Light1232|damnnnn\n|\n|t:|1699618648\n|switch|p2a: Darmanitan|Darmanitan-Galar, M|100\/100\n|turn|8\n|\n|t:|1699618656\n|move|p2a: Darmanitan|Iron Head|p1a: Baxcalibur\n|-supereffective|p1a: Baxcalibur\n|-damage|p1a: Baxcalibur|0 fnt\n|faint|p1a: Baxcalibur\n|\n|upkeep\n|\n|t:|1699618663\n|switch|p1a: Kommo-o|Kommo-o, M|100\/100\n|turn|9\n|\n|t:|1699618674\n|switch|p2a: Pelipper|Pelipper, F|100\/100\n|-weather|RainDance|[from] ability: Drizzle|[of] p2a: Pelipper\n|move|p1a: Kommo-o|Drain Punch|p2a: Pelipper\n|-resisted|p2a: Pelipper\n|-damage|p2a: Pelipper|80\/100\n|\n|-weather|RainDance|[upkeep]\n|upkeep\n|turn|10\n|\n|t:|1699618684\n|move|p2a: Pelipper|Tailwind|p2a: Pelipper\n|-sidestart|p2: Light1232|move: Tailwind\n|move|p1a: Kommo-o|Dragon Tail|p2a: Pelipper\n|-damage|p2a: Pelipper|46\/100\n|drag|p2a: Marshadow|Marshadow|94\/100\n|\n|-weather|RainDance|[upkeep]\n|upkeep\n|turn|11\n|\n|t:|1699618697\n|move|p2a: Marshadow|Poison Jab|p1a: Kommo-o\n|-damage|p1a: Kommo-o|80\/100\n|move|p1a: Kommo-o|Iron Defense|p1a: Kommo-o\n|-boost|p1a: Kommo-o|def|2\n|\n|-weather|RainDance|[upkeep]\n|upkeep\n|turn|12\n|\n|t:|1699618705\n|move|p2a: Marshadow|Spectral Thief||[still]\n|-clearpositiveboost|p1a: Kommo-o|p2a: Marshadow|move: Spectral Thief\n|-boost|p2a: Marshadow|def|2\n|-anim|p2a: Marshadow|Spectral Thief|p1a: Kommo-o\n|-damage|p1a: Kommo-o|45\/100\n|move|p1a: Kommo-o|Dragon Tail|p2a: Marshadow\n|-damage|p2a: Marshadow|73\/100\n|drag|p2a: Pelipper|Pelipper, F|46\/100\n|\n|-weather|RainDance|[upkeep]\n|upkeep\n|turn|13\n|\n|t:|1699618721\n|move|p2a: Pelipper|Air Slash|p1a: Kommo-o\n|-supereffective|p1a: Kommo-o\n|-damage|p1a: Kommo-o|0 fnt\n|faint|p1a: Kommo-o\n|\n|-weather|none\n|-sideend|p2: Light1232|move: Tailwind\n|upkeep\n|\n|t:|1699618728\n|switch|p1a: Ogerpon|Ogerpon-Hearthflame, F|100\/100\n|-ability|p1a: Ogerpon|Mold Breaker\n|turn|14\n|\n|t:|1699618734\n|-terastallize|p1a: Ogerpon|Fire\n|detailschange|p1a: Ogerpon|Ogerpon-Hearthflame-Tera, F, tera:Fire\n|-ability|p1a: Ogerpon|Embody Aspect (Hearthflame)|boost\n|-boost|p1a: Ogerpon|atk|1\n|move|p1a: Ogerpon|Trailblaze|p2a: Pelipper\n|-damage|p2a: Pelipper|0 fnt\n|-boost|p1a: Ogerpon|spe|1\n|faint|p2a: Pelipper\n|\n|upkeep\n|\n|t:|1699618745\n|switch|p2a: Darmanitan|Darmanitan-Galar, M|100\/100\n|turn|15\n|\n|t:|1699618757\n|move|p1a: Ogerpon|Ivy Cudgel|p2a: Darmanitan\n|-supereffective|p2a: Darmanitan\n|-damage|p2a: Darmanitan|0 fnt\n|faint|p2a: Darmanitan\n|\n|upkeep\n|\n|t:|1699618761\n|switch|p2a: Marshadow|Marshadow|73\/100\n|turn|16\n|\n|t:|1699618765\n|-terastallize|p2a: Marshadow|Poison\n|move|p1a: Ogerpon|Ivy Cudgel|p2a: Marshadow\n|-damage|p2a: Marshadow|0 fnt\n|faint|p2a: Marshadow\n|\n|win|Autismo27\n|raw|Autismo27's rating: 1122 &rarr; <strong>1153<\/strong><br \/>(+31 for winning)\n|raw|Light1232's rating: 1205 &rarr; <strong>1174<\/strong><br \/>(-31 for losing)\n|l|\u2606Light1232\n","uploadtime":1699618783,"views":5,"p1id":"autismo27","p2id":"light1232","formatid":"gen9nationaldexubers","rating":1153,"private":0,"password":""}