{"id":"gen9nationaldexubers-1980811716","p1":"sylneonpink203","p2":"700club","format":"[Gen 9] National Dex Ubers","log":"|j|\u2606sylneonpink203\n|j|\u2606700club\n|t:|1698837145\n|gametype|singles\n|player|p1|sylneonpink203|unknown|1154\n|player|p2|700club|shadowtriad|1045\n|teamsize|p1|6\n|teamsize|p2|6\n|gen|9\n|tier|[Gen 9] National Dex Ubers\n|rated|\n|rule|HP Percentage Mod: HP is shown in percentages\n|rule|Endless Battle Clause: Forcing endless battles is banned\n|rule|OHKO Clause: OHKO moves are banned\n|rule|Evasion Moves Clause: Evasion moves are banned\n|rule|Evasion Items Clause: Evasion items are banned\n|rule|Species Clause: Limit one of each Pok\u00e9mon\n|rule|Sleep Clause Mod: Limit one foe put to sleep\n|rule|Mega Rayquaza Clause: You cannot mega evolve Rayquaza\n|clearpoke\n|poke|p1|Deoxys-Speed|\n|poke|p1|Ariados, F|\n|poke|p1|Druddigon, F|\n|poke|p1|Kyurem-Black|\n|poke|p1|Xerneas-*|\n|poke|p1|Groudon|\n|poke|p2|Ogerpon-Hearthflame, F|\n|poke|p2|Arceus-Poison|\n|poke|p2|Deoxys-Speed|\n|poke|p2|Alakazam, M|\n|poke|p2|Necrozma-Dusk-Mane|\n|poke|p2|Yveltal|\n|teampreview\n|c|\u2606700club|hi\n|c|\u2606sylneonpink203|hi\n|inactive|Battle timer is ON: inactive players will automatically lose when time's up. (requested by sylneonpink203)\n|\n|t:|1698837167\n|start\n|switch|p1a: Deoxys|Deoxys-Speed|100\/100\n|switch|p2a: Alakazam|Alakazam, M|100\/100\n|-ability|p1a: Deoxys|Pressure\n|turn|1\n|\n|t:|1698837183\n|-terastallize|p1a: Deoxys|Poison\n|move|p1a: Deoxys|Light Screen|p1a: Deoxys\n|-sidestart|p1: sylneonpink203|move: Light Screen\n|move|p2a: Alakazam|Shadow Ball|p1a: Deoxys\n|-damage|p1a: Deoxys|79\/100\n|-unboost|p1a: Deoxys|spd|1\n|\n|upkeep\n|turn|2\n|\n|t:|1698837201\n|move|p1a: Deoxys|Stealth Rock|p2a: Alakazam\n|-sidestart|p2: 700club|move: Stealth Rock\n|move|p2a: Alakazam|Psychic|p1a: Deoxys\n|-supereffective|p1a: Deoxys\n|-damage|p1a: Deoxys|0 fnt\n|faint|p1a: Deoxys\n|\n|upkeep\n|\n|t:|1698837206\n|switch|p1a: Ariados|Ariados, F|100\/100\n|turn|3\n|\n|t:|1698837231\n|move|p2a: Alakazam|Nasty Plot|p2a: Alakazam\n|-boost|p2a: Alakazam|spa|2\n|move|p1a: Ariados|Sticky Web|p2a: Alakazam\n|-sidestart|p2: 700club|move: Sticky Web\n|\n|upkeep\n|turn|4\n|inactive|700club has 120 seconds left.\n|\n|t:|1698837249\n|-terastallize|p2a: Alakazam|Psychic\n|move|p2a: Alakazam|Psychic|p1a: Ariados\n|-supereffective|p1a: Ariados\n|-enditem|p1a: Ariados|Focus Sash\n|-damage|p1a: Ariados|1\/100\n|move|p1a: Ariados|Toxic Spikes|p2a: Alakazam\n|-sidestart|p2: 700club|move: Toxic Spikes\n|\n|upkeep\n|turn|5\n|c|\u2606sylneonpink203|that was a mistake\n|\n|t:|1698837259\n|move|p1a: Ariados|Sucker Punch|p2a: Alakazam\n|-supereffective|p2a: Alakazam\n|-damage|p2a: Alakazam|30\/100\n|move|p2a: Alakazam|Psychic|p1a: Ariados\n|-supereffective|p1a: Ariados\n|-damage|p1a: Ariados|0 fnt\n|faint|p1a: Ariados\n|\n|-sideend|p1: sylneonpink203|move: Light Screen\n|upkeep\n|\n|t:|1698837263\n|switch|p1a: Druddigon|Druddigon, F|100\/100\n|turn|6\n|c|\u2606700club|nasty plot?\n|c|\u2606sylneonpink203|mhm\n|inactive|700club has 120 seconds left.\n|c|\u2606700club|ok\n|inactive|700club has 90 seconds left.\n|\n|t:|1698837314\n|move|p1a: Druddigon|Sucker Punch|p2a: Alakazam\n|-supereffective|p2a: Alakazam\n|-damage|p2a: Alakazam|0 fnt\n|faint|p2a: Alakazam\n|\n|upkeep\n|c|\u2606sylneonpink203|i have two sucker punchers\n|inactive|700club has 90 seconds left.\n|c|\u2606700club|yeah\n|c|\u2606700club|bad play\n|c|\u2606sylneonpink203|drudigon is underuesd\n|c|\u2606700club|true\n|\n|t:|1698837347\n|switch|p2a: Deoxys|Deoxys-Speed|100\/100\n|-damage|p2a: Deoxys|88\/100|[from] Stealth Rock\n|-activate|p2a: Deoxys|move: Sticky Web\n|-unboost|p2a: Deoxys|spe|1\n|-status|p2a: Deoxys|psn\n|-ability|p2a: Deoxys|Pressure\n|turn|7\n|c|\u2606sylneonpink203|it has a base attack of 339\n|c|\u2606sylneonpink203|thats not something to laugh at lol-\n|c|\u2606sylneonpink203|and it has sheer force\n|\n|t:|1698837377\n|move|p2a: Deoxys|Stealth Rock|p1a: Druddigon\n|-sidestart|p1: sylneonpink203|move: Stealth Rock\n|move|p1a: Druddigon|Fire Punch|p2a: Deoxys\n|-damage|p2a: Deoxys|46\/100 psn\n|\n|-damage|p2a: Deoxys|34\/100 psn|[from] psn\n|upkeep\n|turn|8\n|inactive|700club has 60 seconds left.\n|\n|t:|1698837396\n|move|p2a: Deoxys|Reflect|p2a: Deoxys\n|-sidestart|p2: 700club|Reflect\n|move|p1a: Druddigon|Fire Punch|p2a: Deoxys\n|-damage|p2a: Deoxys|13\/100 psn\n|\n|-damage|p2a: Deoxys|1\/100 psn|[from] psn\n|upkeep\n|turn|9\n|\n|t:|1698837405\n|move|p2a: Deoxys|Light Screen|p2a: Deoxys\n|-sidestart|p2: 700club|move: Light Screen\n|move|p1a: Druddigon|Thunder Punch|p2a: Deoxys\n|-damage|p2a: Deoxys|0 fnt\n|faint|p2a: Deoxys\n|\n|upkeep\n|inactive|700club has 60 seconds left.\n|\n|t:|1698837424\n|switch|p2a: Necrozma|Necrozma-Dusk-Mane|100\/100\n|-damage|p2a: Necrozma|95\/100|[from] Stealth Rock\n|-activate|p2a: Necrozma|move: Sticky Web\n|-unboost|p2a: Necrozma|spe|1\n|turn|10\n|inactive|700club has 60 seconds left.\n|\n|t:|1698837440\n|move|p1a: Druddigon|Sucker Punch||[still]\n|-fail|p1a: Druddigon\n|move|p2a: Necrozma|Dragon Dance|p2a: Necrozma\n|-boost|p2a: Necrozma|atk|1\n|-boost|p2a: Necrozma|spe|1\n|\n|upkeep\n|turn|11\n|inactive|700club has 60 seconds left.\n|\n|t:|1698837458\n|move|p2a: Necrozma|Dragon Dance|p2a: Necrozma\n|-boost|p2a: Necrozma|atk|1\n|-boost|p2a: Necrozma|spe|1\n|move|p1a: Druddigon|Fire Punch|p2a: Necrozma\n|-supereffective|p2a: Necrozma\n|-damage|p2a: Necrozma|73\/100\n|\n|upkeep\n|turn|12\n|\n|t:|1698837482\n|move|p2a: Necrozma|Photon Geyser|p1a: Druddigon\n|-damage|p1a: Druddigon|0 fnt\n|faint|p1a: Druddigon\n|\n|-sideend|p2: 700club|Reflect\n|upkeep\n|\n|t:|1698837489\n|switch|p1a: Xerneas|Xerneas|100\/100\n|-damage|p1a: Xerneas|88\/100|[from] Stealth Rock\n|-ability|p1a: Xerneas|Fairy Aura\n|turn|13\n|\n|t:|1698837505\n|detailschange|p2a: Necrozma|Necrozma-Ultra\n|-burst|p2a: Necrozma|Necrozma|Ultranecrozium Z\n|move|p2a: Necrozma|Photon Geyser|p1a: Xerneas\n|-damage|p1a: Xerneas|0 fnt\n|faint|p1a: Xerneas\n|\n|-sideend|p2: 700club|move: Light Screen\n|upkeep\n|\n|t:|1698837514\n|switch|p1a: Kyurem|Kyurem-Black, shiny|100\/100\n|-damage|p1a: Kyurem|76\/100|[from] Stealth Rock\n|-ability|p1a: Kyurem|Teravolt\n|turn|14\n|\n|t:|1698837528\n|-zpower|p2a: Necrozma\n|move|p2a: Necrozma|Light That Burns the Sky|p1a: Kyurem|[zeffect]\n|-damage|p1a: Kyurem|0 fnt\n|faint|p1a: Kyurem\n|\n|upkeep\n|inactive|sylneonpink203 has 120 seconds left.\n|\n|t:|1698837562\n|switch|p1a: Groudon|Groudon|100\/100\n|-damage|p1a: Groudon|94\/100|[from] Stealth Rock\n|detailschange|p1a: Groudon|Groudon-Primal\n|-primal|p1a: Groudon|Red Orb\n|-weather|DesolateLand|[from] ability: Desolate Land|[of] p1a: Groudon\n|turn|15\n|inactive|700club has 60 seconds left.\n|\n|t:|1698837568\n|move|p2a: Necrozma|Earthquake|p1a: Groudon\n|-supereffective|p1a: Groudon\n|-damage|p1a: Groudon|0 fnt\n|faint|p1a: Groudon\n|-weather|none\n|\n|win|700club\n|raw|sylneonpink203's rating: 1154 &rarr; <strong>1121<\/strong><br \/>(-33 for losing)\n|raw|700club's rating: 1045 &rarr; <strong>1088<\/strong><br \/>(+43 for winning)\n|c|\u2606sylneonpink203|gg\n|c|\u2606700club|gg\n|l|\u2606sylneonpink203\n|c|\u2606700club|wp\n","uploadtime":1698837578,"views":13,"p1id":"sylneonpink203","p2id":"700club","formatid":"gen9nationaldexubers","rating":1088,"private":0,"password":""}