{"id":"gen9nationaldexubers-1989227879","p1":"Kateshi_CG","p2":"Arnaenaed \u223e","format":"[Gen 9] National Dex Ubers","log":"|j|\u2606Kateshi_CG\n|j|\u2606Arnaenaed \u223e\n|t:|1699825617\n|gametype|singles\n|player|p1|Kateshi_CG|burglar|\n|player|p2|Arnaenaed \u223e|102|\n|teamsize|p1|6\n|teamsize|p2|6\n|gen|9\n|tier|[Gen 9] National Dex Ubers\n|rule|HP Percentage Mod: HP is shown in percentages\n|rule|Endless Battle Clause: Forcing endless battles is banned\n|rule|OHKO Clause: OHKO moves are banned\n|rule|Evasion Moves Clause: Evasion moves are banned\n|rule|Evasion Items Clause: Evasion items are banned\n|rule|Species Clause: Limit one of each Pok\u00e9mon\n|rule|Sleep Clause Mod: Limit one foe put to sleep\n|rule|Mega Rayquaza Clause: You cannot mega evolve Rayquaza\n|clearpoke\n|poke|p1|Aegislash, M|\n|poke|p1|Xerneas-*|\n|poke|p1|Hawlucha, M|\n|poke|p1|Goodra, F|\n|poke|p1|Volcanion|\n|poke|p1|Greninja-*, M|\n|poke|p2|Xerneas-*|\n|poke|p2|Zygarde|\n|poke|p2|Delphox, M|\n|poke|p2|Greninja-*, M|\n|poke|p2|Avalugg, M|\n|poke|p2|Hawlucha, F|\n|teampreview\n|\n|t:|1699825674\n|start\n|switch|p1a: Esepapumisterioso|Hawlucha, M|100\/100\n|switch|p2a: Greninja|Greninja, M|100\/100\n|turn|1\n|\n|t:|1699825692\n|move|p2a: Greninja|Ice Beam|p1a: Esepapumisterioso\n|-start|p2a: Greninja|typechange|Ice|[from] ability: Protean\n|-supereffective|p1a: Esepapumisterioso\n|-enditem|p1a: Esepapumisterioso|Focus Sash\n|-damage|p1a: Esepapumisterioso|1\/100\n|move|p1a: Esepapumisterioso|Swords Dance|p1a: Esepapumisterioso\n|-boost|p1a: Esepapumisterioso|atk|2\n|\n|upkeep\n|turn|2\n|\n|t:|1699825701\n|move|p1a: Esepapumisterioso|Thunder Punch|p2a: Greninja\n|-damage|p2a: Greninja|31\/100\n|move|p2a: Greninja|U-turn|p1a: Esepapumisterioso\n|-resisted|p1a: Esepapumisterioso\n|-crit|p1a: Esepapumisterioso\n|-damage|p1a: Esepapumisterioso|0 fnt\n|faint|p1a: Esepapumisterioso\n|\n|t:|1699825710\n|switch|p2a: Xerneas|Xerneas|100\/100|[from] U-turn\n|-ability|p2a: Xerneas|Fairy Aura\n|\n|upkeep\n|\n|t:|1699825743\n|switch|p1a: Noiv|Goodra, F|100\/100\n|turn|3\n|\n|t:|1699825751\n|-terastallize|p1a: Noiv|Poison\n|move|p1a: Noiv|Sludge Bomb|p2a: Xerneas\n|-supereffective|p2a: Xerneas\n|-damage|p2a: Xerneas|25\/100\n|-status|p2a: Xerneas|psn\n|move|p2a: Xerneas|Geomancy||[still]\n|-prepare|p2a: Xerneas|Geomancy\n|-enditem|p2a: Xerneas|Power Herb\n|-anim|p2a: Xerneas|Geomancy|p2a: Xerneas\n|-boost|p2a: Xerneas|spa|2\n|-boost|p2a: Xerneas|spd|2\n|-boost|p2a: Xerneas|spe|2\n|\n|-damage|p2a: Xerneas|13\/100 psn|[from] psn\n|upkeep\n|turn|4\n|\n|t:|1699825781\n|move|p2a: Xerneas|Flash Cannon|p1a: Noiv\n|-damage|p1a: Noiv|67\/100\n|move|p1a: Noiv|Sludge Bomb|p2a: Xerneas\n|-supereffective|p2a: Xerneas\n|-damage|p2a: Xerneas|0 fnt\n|faint|p2a: Xerneas\n|\n|upkeep\n|\n|t:|1699825794\n|switch|p2a: Greninja|Greninja, M|31\/100\n|turn|5\n|\n|t:|1699825814\n|move|p2a: Greninja|Spikes|p1a: Noiv\n|-start|p2a: Greninja|typechange|Ground|[from] ability: Protean\n|-sidestart|p1: Kateshi_CG|Spikes\n|move|p1a: Noiv|Draco Meteor|p2a: Greninja|[miss]\n|-miss|p1a: Noiv|p2a: Greninja\n|\n|upkeep\n|turn|6\n|\n|t:|1699825823\n|move|p2a: Greninja|Spikes|p1a: Noiv\n|-sidestart|p1: Kateshi_CG|Spikes\n|move|p1a: Noiv|Hydro Pump|p2a: Greninja\n|-supereffective|p2a: Greninja\n|-damage|p2a: Greninja|0 fnt\n|faint|p2a: Greninja\n|\n|upkeep\n|\n|t:|1699825849\n|switch|p2a: Delphox|Delphox, M|100\/100\n|turn|7\n|\n|t:|1699825856\n|move|p2a: Delphox|Calm Mind|p2a: Delphox\n|-boost|p2a: Delphox|spa|1\n|-boost|p2a: Delphox|spd|1\n|move|p1a: Noiv|Hydro Pump|p2a: Delphox\n|-supereffective|p2a: Delphox\n|-damage|p2a: Delphox|45\/100\n|\n|upkeep\n|turn|8\n|\n|t:|1699825866\n|move|p2a: Delphox|Psyshock|p1a: Noiv\n|-supereffective|p1a: Noiv\n|-damage|p1a: Noiv|0 fnt\n|faint|p1a: Noiv\n|\n|upkeep\n|\n|t:|1699825869\n|switch|p1a: Genjustu MAMAGUEVO|Greninja, M|100\/100\n|-damage|p1a: Genjustu MAMAGUEVO|84\/100|[from] Spikes\n|turn|9\n|\n|t:|1699825874\n|switch|p2a: Zygarde|Zygarde|100\/100\n|move|p1a: Genjustu MAMAGUEVO|Water Shuriken|p2a: Zygarde\n|-damage|p2a: Zygarde|95\/100\n|-damage|p2a: Zygarde|90\/100\n|-damage|p2a: Zygarde|85\/100\n|-damage|p2a: Zygarde|80\/100\n|-damage|p2a: Zygarde|75\/100\n|-hitcount|p2a: Zygarde|5\n|\n|-heal|p2a: Zygarde|81\/100|[from] item: Leftovers\n|upkeep\n|turn|10\n|\n|t:|1699825890\n|-terastallize|p2a: Zygarde|Fairy\n|move|p1a: Genjustu MAMAGUEVO|Ice Beam|p2a: Zygarde\n|-damage|p2a: Zygarde|62\/100\n|move|p2a: Zygarde|Thousand Waves|p1a: Genjustu MAMAGUEVO\n|-damage|p1a: Genjustu MAMAGUEVO|32\/100\n|-activate|p1a: Genjustu MAMAGUEVO|trapped\n|\n|-heal|p2a: Zygarde|68\/100|[from] item: Leftovers\n|upkeep\n|turn|11\n|\n|t:|1699825899\n|move|p1a: Genjustu MAMAGUEVO|Water Shuriken|p2a: Zygarde\n|-damage|p2a: Zygarde|63\/100\n|-damage|p2a: Zygarde|58\/100\n|-damage|p2a: Zygarde|53\/100\n|-damage|p2a: Zygarde|47\/100\n|-damage|p2a: Zygarde|42\/100\n|-hitcount|p2a: Zygarde|5\n|move|p2a: Zygarde|Dragon Dance|p2a: Zygarde\n|-boost|p2a: Zygarde|atk|1\n|-boost|p2a: Zygarde|spe|1\n|\n|-heal|p2a: Zygarde|48\/100|[from] item: Leftovers\n|-activate|p2a: Zygarde|ability: Power Construct\n|detailschange|p2a: Zygarde|Zygarde-Complete, tera:Fairy\n|-heal|p2a: Zygarde|67\/100|[silent]\n|upkeep\n|turn|12\n|\n|t:|1699825913\n|move|p1a: Genjustu MAMAGUEVO|Water Shuriken|p2a: Zygarde\n|-damage|p2a: Zygarde|63\/100\n|-damage|p2a: Zygarde|60\/100\n|-damage|p2a: Zygarde|57\/100\n|-damage|p2a: Zygarde|53\/100\n|-hitcount|p2a: Zygarde|4\n|move|p2a: Zygarde|Dragon Dance|p2a: Zygarde\n|-boost|p2a: Zygarde|atk|1\n|-boost|p2a: Zygarde|spe|1\n|\n|-heal|p2a: Zygarde|60\/100|[from] item: Leftovers\n|upkeep\n|turn|13\n|\n|t:|1699825935\n|move|p1a: Genjustu MAMAGUEVO|Water Shuriken|p2a: Zygarde\n|-damage|p2a: Zygarde|56\/100\n|-damage|p2a: Zygarde|53\/100\n|-damage|p2a: Zygarde|50\/100\n|-damage|p2a: Zygarde|46\/100\n|-damage|p2a: Zygarde|43\/100\n|-hitcount|p2a: Zygarde|5\n|move|p2a: Zygarde|Dragon Dance|p2a: Zygarde\n|-boost|p2a: Zygarde|atk|1\n|-boost|p2a: Zygarde|spe|1\n|\n|-heal|p2a: Zygarde|49\/100|[from] item: Leftovers\n|upkeep\n|turn|14\n|\n|t:|1699825945\n|move|p2a: Zygarde|Dragon Dance|p2a: Zygarde\n|-boost|p2a: Zygarde|atk|1\n|-boost|p2a: Zygarde|spe|1\n|move|p1a: Genjustu MAMAGUEVO|Ice Beam|p2a: Zygarde\n|-damage|p2a: Zygarde|36\/100\n|\n|-heal|p2a: Zygarde|42\/100|[from] item: Leftovers\n|upkeep\n|turn|15\n|\n|t:|1699825952\n|move|p2a: Zygarde|Thousand Arrows|p1a: Genjustu MAMAGUEVO\n|-damage|p1a: Genjustu MAMAGUEVO|0 fnt\n|faint|p1a: Genjustu MAMAGUEVO\n|\n|-heal|p2a: Zygarde|48\/100|[from] item: Leftovers\n|upkeep\n|\n|t:|1699825963\n|switch|p1a: Budare pa|Volcanion|100\/100\n|-damage|p1a: Budare pa|84\/100|[from] Spikes\n|turn|16\n|\n|t:|1699825969\n|move|p2a: Zygarde|Thousand Waves|p1a: Budare pa\n|-supereffective|p1a: Budare pa\n|-damage|p1a: Budare pa|0 fnt\n|faint|p1a: Budare pa\n|\n|-heal|p2a: Zygarde|54\/100|[from] item: Leftovers\n|upkeep\n|\n|t:|1699825975\n|switch|p1a: Efecto Disney|Xerneas|100\/100\n|-damage|p1a: Efecto Disney|84\/100|[from] Spikes\n|-ability|p1a: Efecto Disney|Fairy Aura\n|turn|17\n|\n|t:|1699825978\n|move|p2a: Zygarde|Thousand Arrows|p1a: Efecto Disney\n|-damage|p1a: Efecto Disney|22\/100\n|move|p1a: Efecto Disney|Psyshock|p2a: Zygarde\n|-damage|p2a: Zygarde|45\/100\n|\n|-heal|p2a: Zygarde|51\/100|[from] item: Leftovers\n|upkeep\n|turn|18\n|\n|t:|1699825988\n|move|p2a: Zygarde|Thousand Waves|p1a: Efecto Disney\n|-damage|p1a: Efecto Disney|0 fnt\n|faint|p1a: Efecto Disney\n|\n|-heal|p2a: Zygarde|57\/100|[from] item: Leftovers\n|upkeep\n|\n|t:|1699825991\n|switch|p1a: Pok\u00e9mon de 8gen|Aegislash, M|100\/100\n|-damage|p1a: Pok\u00e9mon de 8gen|84\/100|[from] Spikes\n|turn|19\n|\n|t:|1699825995\n|move|p2a: Zygarde|Thousand Arrows|p1a: Pok\u00e9mon de 8gen\n|-supereffective|p1a: Pok\u00e9mon de 8gen\n|-damage|p1a: Pok\u00e9mon de 8gen|0 fnt\n|faint|p1a: Pok\u00e9mon de 8gen\n|\n|win|Arnaenaed \u223e\n","uploadtime":1699826001,"views":8,"p1id":"kateshicg","p2id":"arnaenaed","formatid":"gen9nationaldexubers","rating":0,"private":0,"password":""}