{"id":"gen9nationaldexubers-1993073197","p1":"FrostBv","p2":"ZingiestImp","format":"[Gen 9] National Dex Ubers","log":"|j|\u2606FrostBv\n|j|\u2606ZingiestImp\n|t:|1700261692\n|gametype|singles\n|player|p1|FrostBv|giovanni|1239\n|player|p2|ZingiestImp|pokekid|1314\n|teamsize|p1|6\n|teamsize|p2|6\n|gen|9\n|tier|[Gen 9] National Dex Ubers\n|rated|\n|rule|HP Percentage Mod: HP is shown in percentages\n|rule|Endless Battle Clause: Forcing endless battles is banned\n|rule|OHKO Clause: OHKO moves are banned\n|rule|Evasion Moves Clause: Evasion moves are banned\n|rule|Evasion Items Clause: Evasion items are banned\n|rule|Species Clause: Limit one of each Pok\u00e9mon\n|rule|Sleep Clause Mod: Limit one foe put to sleep\n|rule|Mega Rayquaza Clause: You cannot mega evolve Rayquaza\n|clearpoke\n|poke|p1|Deoxys-Defense|\n|poke|p1|Yveltal|\n|poke|p1|Groudon|\n|poke|p1|Dragapult, F|\n|poke|p1|Metagross|\n|poke|p1|Zygarde|\n|poke|p2|Minior-Green|\n|poke|p2|Swampert, F|\n|poke|p2|Calyrex-Ice|\n|poke|p2|Kyogre|\n|poke|p2|Aegislash, M|\n|poke|p2|Necrozma-Dusk-Mane|\n|teampreview\n|\n|t:|1700261709\n|start\n|switch|p1a: Deoxys|Deoxys-Defense|100\/100\n|switch|p2a: Aegislash|Aegislash, M|100\/100\n|-ability|p1a: Deoxys|Pressure\n|turn|1\n|\n|t:|1700261719\n|move|p1a: Deoxys|Stealth Rock|p2a: Aegislash\n|-sidestart|p2: ZingiestImp|move: Stealth Rock\n|move|p2a: Aegislash|Swords Dance|p2a: Aegislash\n|-boost|p2a: Aegislash|atk|2\n|\n|upkeep\n|turn|2\n|\n|t:|1700261727\n|switch|p1a: Yveltal|Yveltal|100\/100\n|-ability|p1a: Yveltal|Dark Aura\n|-formechange|p2a: Aegislash|Aegislash-Blade||[from] ability: Stance Change\n|move|p2a: Aegislash|Shadow Sneak|p1a: Yveltal\n|-resisted|p1a: Yveltal\n|-damage|p1a: Yveltal|77\/100\n|\n|upkeep\n|turn|3\n|\n|t:|1700261737\n|-formechange|p2a: Aegislash|Aegislash||[from] ability: Stance Change\n|move|p2a: Aegislash|King's Shield|p2a: Aegislash\n|-singleturn|p2a: Aegislash|Protect\n|move|p1a: Yveltal|Knock Off|p2a: Aegislash\n|-activate|p2a: Aegislash|move: Protect\n|-unboost|p1a: Yveltal|atk|1\n|\n|upkeep\n|turn|4\n|\n|t:|1700261748\n|-terastallize|p2a: Aegislash|Fighting\n|move|p1a: Yveltal|Knock Off|p2a: Aegislash\n|-resisted|p2a: Aegislash\n|-damage|p2a: Aegislash|85\/100\n|-enditem|p2a: Aegislash|Liechi Berry|[from] move: Knock Off|[of] p1a: Yveltal\n|-formechange|p2a: Aegislash|Aegislash-Blade||[from] ability: Stance Change\n|move|p2a: Aegislash|Sacred Sword|p1a: Yveltal\n|-damage|p1a: Yveltal|0 fnt\n|faint|p1a: Yveltal\n|\n|upkeep\n|\n|t:|1700261768\n|switch|p1a: Groudon|Groudon|100\/100\n|detailschange|p1a: Groudon|Groudon-Primal\n|-primal|p1a: Groudon|Red Orb\n|-weather|DesolateLand|[from] ability: Desolate Land|[of] p1a: Groudon\n|turn|5\n|\n|t:|1700261776\n|-formechange|p2a: Aegislash|Aegislash||[from] ability: Stance Change\n|move|p2a: Aegislash|King's Shield|p2a: Aegislash\n|-singleturn|p2a: Aegislash|Protect\n|move|p1a: Groudon|Precipice Blades|p2a: Aegislash\n|-activate|p2a: Aegislash|move: Protect\n|\n|-weather|DesolateLand|[upkeep]\n|upkeep\n|turn|6\n|\n|t:|1700261785\n|move|p1a: Groudon|Precipice Blades|p2a: Aegislash\n|-damage|p2a: Aegislash|35\/100\n|-formechange|p2a: Aegislash|Aegislash-Blade||[from] ability: Stance Change\n|move|p2a: Aegislash|Sacred Sword|p1a: Groudon\n|-crit|p1a: Groudon\n|-damage|p1a: Groudon|0 fnt\n|faint|p1a: Groudon\n|-weather|none\n|\n|upkeep\n|\n|t:|1700261795\n|switch|p1a: Dragapult|Dragapult, F|100\/100\n|turn|7\n|\n|t:|1700261798\n|move|p2a: Aegislash|Shadow Sneak|p1a: Dragapult\n|-supereffective|p1a: Dragapult\n|-damage|p1a: Dragapult|0 fnt\n|faint|p1a: Dragapult\n|\n|upkeep\n|\n|t:|1700261805\n|switch|p1a: Deoxys|Deoxys-Defense|100\/100\n|-ability|p1a: Deoxys|Pressure\n|turn|8\n|\n|t:|1700261811\n|move|p2a: Aegislash|Shadow Sneak|p1a: Deoxys\n|-supereffective|p1a: Deoxys\n|-damage|p1a: Deoxys|29\/100\n|move|p1a: Deoxys|Ice Beam|p2a: Aegislash\n|-damage|p2a: Aegislash|7\/100\n|\n|-heal|p1a: Deoxys|35\/100|[from] item: Leftovers\n|upkeep\n|turn|9\n|\n|t:|1700261819\n|move|p2a: Aegislash|Shadow Sneak|p1a: Deoxys\n|-supereffective|p1a: Deoxys\n|-damage|p1a: Deoxys|0 fnt\n|faint|p1a: Deoxys\n|\n|upkeep\n|\n|t:|1700261823\n|switch|p1a: Metagross|Metagross, shiny|100\/100\n|turn|10\n|\n|t:|1700261830\n|detailschange|p1a: Metagross|Metagross-Mega, shiny\n|-mega|p1a: Metagross|Metagross|Metagrossite\n|move|p1a: Metagross|Bullet Punch|p2a: Aegislash\n|-damage|p2a: Aegislash|0 fnt\n|faint|p2a: Aegislash\n|\n|upkeep\n|\n|t:|1700261839\n|switch|p2a: Necrozma|Necrozma-Dusk-Mane|100\/100\n|-damage|p2a: Necrozma|94\/100|[from] Stealth Rock\n|turn|11\n|\n|t:|1700261849\n|move|p1a: Metagross|Power-Up Punch|p2a: Necrozma\n|-damage|p2a: Necrozma|80\/100\n|-boost|p1a: Metagross|atk|1\n|move|p2a: Necrozma|Calm Mind|p2a: Necrozma\n|-boost|p2a: Necrozma|spa|1\n|-boost|p2a: Necrozma|spd|1\n|\n|upkeep\n|turn|12\n|\n|t:|1700261858\n|detailschange|p2a: Necrozma|Necrozma-Ultra\n|-burst|p2a: Necrozma|Necrozma|Ultranecrozium Z\n|move|p1a: Metagross|Power-Up Punch|p2a: Necrozma\n|-resisted|p2a: Necrozma\n|-damage|p2a: Necrozma|67\/100\n|-boost|p1a: Metagross|atk|1\n|move|p2a: Necrozma|Calm Mind|p2a: Necrozma\n|-boost|p2a: Necrozma|spa|1\n|-boost|p2a: Necrozma|spd|1\n|\n|upkeep\n|turn|13\n|\n|t:|1700261874\n|move|p1a: Metagross|Ice Punch|p2a: Necrozma\n|-supereffective|p2a: Necrozma\n|-damage|p2a: Necrozma|0 fnt\n|faint|p2a: Necrozma\n|\n|upkeep\n|\n|t:|1700261880\n|switch|p2a: Kyogre|Kyogre|100\/100\n|-damage|p2a: Kyogre|88\/100|[from] Stealth Rock\n|-weather|RainDance|[from] ability: Drizzle|[of] p2a: Kyogre\n|turn|14\n|\n|t:|1700261886\n|move|p1a: Metagross|Earthquake|p2a: Kyogre\n|-damage|p2a: Kyogre|13\/100\n|move|p2a: Kyogre|Water Spout|p1a: Metagross\n|-damage|p1a: Metagross|83\/100\n|\n|-weather|RainDance|[upkeep]\n|upkeep\n|turn|15\n|\n|t:|1700261896\n|move|p1a: Metagross|Power-Up Punch|p2a: Kyogre\n|-damage|p2a: Kyogre|0 fnt\n|-boost|p1a: Metagross|atk|1\n|faint|p2a: Kyogre\n|\n|-weather|RainDance|[upkeep]\n|upkeep\n|\n|t:|1700261903\n|switch|p2a: Swampert|Swampert, F|100\/100\n|-damage|p2a: Swampert|94\/100|[from] Stealth Rock\n|turn|16\n|\n|t:|1700261912\n|detailschange|p2a: Swampert|Swampert-Mega, F\n|-mega|p2a: Swampert|Swampert|Swampertite\n|move|p2a: Swampert|Earthquake|p1a: Metagross\n|-supereffective|p1a: Metagross\n|-damage|p1a: Metagross|0 fnt\n|faint|p1a: Metagross\n|\n|-weather|RainDance|[upkeep]\n|upkeep\n|\n|t:|1700261918\n|switch|p1a: Zygarde|Zygarde|100\/100\n|turn|17\n|\n|t:|1700261924\n|move|p2a: Swampert|Waterfall|p1a: Zygarde\n|-damage|p1a: Zygarde|41\/100\n|cant|p1a: Zygarde|flinch\n|\n|-weather|RainDance|[upkeep]\n|-activate|p1a: Zygarde|ability: Power Construct\n|detailschange|p1a: Zygarde|Zygarde-Complete\n|-heal|p1a: Zygarde|63\/100|[silent]\n|upkeep\n|turn|18\n|\n|t:|1700261936\n|move|p2a: Swampert|Waterfall|p1a: Zygarde\n|-damage|p1a: Zygarde|29\/100\n|cant|p1a: Zygarde|flinch\n|\n|-weather|none\n|upkeep\n|turn|19\n|\n|t:|1700261945\n|move|p1a: Zygarde|Glare|p2a: Swampert\n|-status|p2a: Swampert|par\n|cant|p2a: Swampert|par\n|\n|upkeep\n|turn|20\n|\n|t:|1700261951\n|move|p1a: Zygarde|Dragon Dance|p1a: Zygarde\n|-boost|p1a: Zygarde|atk|1\n|-boost|p1a: Zygarde|spe|1\n|cant|p2a: Swampert|par\n|\n|upkeep\n|turn|21\n|\n|t:|1700261957\n|move|p1a: Zygarde|Dragon Dance|p1a: Zygarde\n|-boost|p1a: Zygarde|atk|1\n|-boost|p1a: Zygarde|spe|1\n|cant|p2a: Swampert|par\n|\n|upkeep\n|turn|22\n|\n|t:|1700261966\n|move|p1a: Zygarde|Thousand Arrows|p2a: Swampert\n|-damage|p2a: Swampert|30\/100 par\n|move|p2a: Swampert|Earthquake|p1a: Zygarde\n|-damage|p1a: Zygarde|0 fnt\n|faint|p1a: Zygarde\n|\n|win|ZingiestImp\n|raw|FrostBv's rating: 1239 &rarr; <strong>1219<\/strong><br \/>(-20 for losing)\n|raw|ZingiestImp's rating: 1314 &rarr; <strong>1330<\/strong><br \/>(+16 for winning)\n|l|\u2606FrostBv\n","uploadtime":1700261985,"views":10,"p1id":"frostbv","p2id":"zingiestimp","formatid":"gen9nationaldexubers","rating":1219,"private":0,"password":""}