{"id":"gen9nationaldexubers-1985741783","p1":"Viviexists","p2":"SkillzBP","format":"[Gen 9] National Dex Ubers","log":"|j|\u2606Viviexists\n|j|\u2606SkillzBP\n|t:|1699401362\n|gametype|singles\n|player|p1|Viviexists|mela|\n|player|p2|SkillzBP|hau|\n|teamsize|p1|6\n|teamsize|p2|6\n|gen|9\n|tier|[Gen 9] National Dex Ubers\n|rule|HP Percentage Mod: HP is shown in percentages\n|rule|Endless Battle Clause: Forcing endless battles is banned\n|rule|OHKO Clause: OHKO moves are banned\n|rule|Evasion Moves Clause: Evasion moves are banned\n|rule|Evasion Items Clause: Evasion items are banned\n|rule|Species Clause: Limit one of each Pok\u00e9mon\n|rule|Sleep Clause Mod: Limit one foe put to sleep\n|rule|Mega Rayquaza Clause: You cannot mega evolve Rayquaza\n|clearpoke\n|poke|p1|Sinistcha|\n|poke|p1|Ting-Lu|\n|poke|p1|Sableye, M|\n|poke|p1|Skeledirge, M|\n|poke|p1|Dondozo, M|\n|poke|p1|Clefable, F|\n|poke|p2|Pelipper, M|\n|poke|p2|Slowbro, F|\n|poke|p2|Urshifu-*, F|\n|poke|p2|Walking Wake|\n|poke|p2|Crawdaunt, F|\n|poke|p2|Swampert, F|\n|teampreview\n|j| Astro Rifk\n|c|\u2606SkillzBP|ok im backj\n|c|\u2606SkillzBP|hiij\n|c|\u2606Viviexists|Hi lol\n|\n|t:|1699401550\n|start\n|switch|p1a: Elf|Sableye, M|100\/100\n|switch|p2a: That crab I hate|Crawdaunt, F|100\/100\n|turn|1\n|\n|t:|1699401556\n|switch|p2a: Divorced Father|Pelipper, M|100\/100\n|-weather|RainDance|[from] ability: Drizzle|[of] p2a: Divorced Father\n|move|p1a: Elf|Will-O-Wisp|p2a: Divorced Father\n|-status|p2a: Divorced Father|brn\n|\n|-weather|RainDance|[upkeep]\n|-damage|p2a: Divorced Father|94\/100 brn|[from] brn\n|upkeep\n|turn|2\n|\n|t:|1699401565\n|detailschange|p1a: Elf|Sableye-Mega, M\n|-mega|p1a: Elf|Sableye|Sablenite\n|move|p2a: Divorced Father|Hydro Pump|p1a: Elf\n|-damage|p1a: Elf|44\/100\n|move|p1a: Elf|Knock Off|p2a: Divorced Father\n|-damage|p2a: Divorced Father|65\/100 brn\n|-enditem|p2a: Divorced Father|Heavy-Duty Boots|[from] move: Knock Off|[of] p1a: Elf\n|\n|-weather|RainDance|[upkeep]\n|-damage|p2a: Divorced Father|58\/100 brn|[from] brn\n|upkeep\n|turn|3\n|\n|t:|1699401577\n|switch|p1a: Frosty the Snowman|Clefable, F|100\/100\n|move|p2a: Divorced Father|Hurricane|p1a: Frosty the Snowman\n|-damage|p1a: Frosty the Snowman|66\/100\n|-start|p1a: Frosty the Snowman|confusion\n|\n|-weather|RainDance|[upkeep]\n|-heal|p1a: Frosty the Snowman|72\/100|[from] item: Leftovers\n|-damage|p2a: Divorced Father|52\/100 brn|[from] brn\n|upkeep\n|turn|4\n|\n|t:|1699401596\n|switch|p2a: Dwayne Johnson|Swampert, F|100\/100\n|-activate|p1a: Frosty the Snowman|confusion\n|move|p1a: Frosty the Snowman|Soft-Boiled|p1a: Frosty the Snowman\n|-heal|p1a: Frosty the Snowman|100\/100\n|\n|-weather|RainDance|[upkeep]\n|upkeep\n|turn|5\n|\n|t:|1699401608\n|switch|p1a: Die Hard|Sinistcha|100\/100\n|detailschange|p2a: Dwayne Johnson|Swampert-Mega, F\n|-mega|p2a: Dwayne Johnson|Swampert|Swampertite\n|move|p2a: Dwayne Johnson|Flip Turn|p1a: Die Hard\n|-resisted|p1a: Die Hard\n|-damage|p1a: Die Hard|79\/100\n|\n|t:|1699401632\n|switch|p2a: That crab I hate|Crawdaunt, F|100\/100|[from] Flip Turn\n|\n|-weather|none\n|-heal|p1a: Die Hard|85\/100|[from] item: Leftovers\n|upkeep\n|turn|6\n|\n|t:|1699401640\n|switch|p1a: Frosty the Snowman|Clefable, F|100\/100\n|move|p2a: That crab I hate|Knock Off|p1a: Frosty the Snowman\n|-resisted|p1a: Frosty the Snowman\n|-damage|p1a: Frosty the Snowman|52\/100\n|-enditem|p1a: Frosty the Snowman|Leftovers|[from] move: Knock Off|[of] p2a: That crab I hate\n|-damage|p2a: That crab I hate|91\/100|[from] item: Life Orb\n|\n|upkeep\n|turn|7\n|\n|t:|1699401652\n|move|p2a: That crab I hate|Swords Dance|p2a: That crab I hate\n|-boost|p2a: That crab I hate|atk|2\n|move|p1a: Frosty the Snowman|Moonblast|p2a: That crab I hate\n|-supereffective|p2a: That crab I hate\n|-damage|p2a: That crab I hate|0 fnt\n|faint|p2a: That crab I hate\n|\n|upkeep\n|c|\u2606SkillzBP|ngl there was 0 reason i shoulda went for a hard read like that LMAO\n|c|\u2606Viviexists|Yeah lol\n|\n|t:|1699401694\n|switch|p2a: Divorced Father|Pelipper, M|52\/100 brn\n|-weather|RainDance|[from] ability: Drizzle|[of] p2a: Divorced Father\n|turn|8\n|c|\u2606Viviexists|I prob would have just switched dozo if I didn\u2019t soft boil\n|\n|t:|1699401708\n|move|p2a: Divorced Father|Hydro Pump|p1a: Frosty the Snowman|[miss]\n|-miss|p2a: Divorced Father|p1a: Frosty the Snowman\n|move|p1a: Frosty the Snowman|Soft-Boiled|p1a: Frosty the Snowman\n|-heal|p1a: Frosty the Snowman|100\/100\n|\n|-weather|RainDance|[upkeep]\n|-damage|p2a: Divorced Father|46\/100 brn|[from] brn\n|upkeep\n|turn|9\n|c|\u2606SkillzBP|no that was my plan\n|\n|t:|1699401716\n|switch|p1a: Elf|Sableye-Mega, M|44\/100\n|move|p2a: Divorced Father|Hydro Pump|p1a: Elf\n|-damage|p1a: Elf|0 fnt\n|faint|p1a: Elf\n|\n|-weather|RainDance|[upkeep]\n|-damage|p2a: Divorced Father|40\/100 brn|[from] brn\n|upkeep\n|\n|t:|1699401718\n|switch|p1a: A Christmas Carol|Skeledirge, M|100\/100\n|turn|10\n|c|\u2606Viviexists|You\n|\n|t:|1699401735\n|-terastallize|p1a: A Christmas Carol|Water\n|move|p1a: A Christmas Carol|Torch Song|p2a: Divorced Father\n|-resisted|p2a: Divorced Father\n|-damage|p2a: Divorced Father|31\/100 brn\n|-boost|p1a: A Christmas Carol|spa|1\n|move|p2a: Divorced Father|U-turn|p1a: A Christmas Carol\n|-damage|p1a: A Christmas Carol|97\/100\n|c|\u2606Viviexists|wanted me to switch dozo\n|c|\u2606Viviexists|the unawar mon\n|c|\u2606Viviexists|so you boosted\n|c|\u2606SkillzBP|no i was trying to position wake to get a free hydro off bcs after that dozo would need to switch out risking draco\n|c|\u2606Viviexists|Ohh\n|c|\u2606Viviexists|Makes sense\n|\n|t:|1699401805\n|switch|p2a: Wakinator|Walking Wake|100\/100|[from] U-turn\n|\n|-weather|RainDance|[upkeep]\n|upkeep\n|turn|11\n|\n|t:|1699401830\n|move|p2a: Wakinator|Draco Meteor|p1a: A Christmas Carol\n|-damage|p1a: A Christmas Carol|27\/100\n|-unboost|p2a: Wakinator|spa|2\n|move|p1a: A Christmas Carol|Slack Off|p1a: A Christmas Carol\n|-heal|p1a: A Christmas Carol|77\/100\n|\n|-weather|RainDance|[upkeep]\n|upkeep\n|turn|12\n|\n|t:|1699401835\n|move|p2a: Wakinator|Draco Meteor|p1a: A Christmas Carol\n|-crit|p1a: A Christmas Carol\n|-damage|p1a: A Christmas Carol|0 fnt\n|-unboost|p2a: Wakinator|spa|2\n|faint|p1a: A Christmas Carol\n|\n|-weather|none\n|upkeep\n|c|\u2606Viviexists|Oh yeah\n|c|\u2606Viviexists|that crit obv\n|c|\u2606Viviexists|but\n|c|\u2606Viviexists|I also forgot that unaware ignores spatk drop\n|c|\u2606Viviexists|So it was safer to just switch lol\n|\n|t:|1699401879\n|switch|p1a: Die Hard|Sinistcha|85\/100\n|turn|13\n|\n|t:|1699401906\n|-end|p2a: Wakinator|Protosynthesis|[silent]\n|switch|p2a: Divorced Father|Pelipper, M|31\/100 brn\n|-weather|RainDance|[from] ability: Drizzle|[of] p2a: Divorced Father\n|move|p1a: Die Hard|Matcha Gotcha|p2a: Divorced Father\n|-damage|p2a: Divorced Father|0 fnt\n|-heal|p1a: Die Hard|99\/100|[from] drain|[of] p2a: Divorced Father\n|faint|p2a: Divorced Father\n|\n|-weather|RainDance|[upkeep]\n|-heal|p1a: Die Hard|100\/100|[from] item: Leftovers\n|upkeep\n|\n|t:|1699401919\n|switch|p2a: Wakinator|Walking Wake|100\/100\n|turn|14\n|\n|t:|1699401924\n|switch|p1a: Rudolph|Ting-Lu|100\/100\n|-ability|p1a: Rudolph|Vessel of Ruin\n|move|p2a: Wakinator|Hurricane|p1a: Rudolph\n|-damage|p1a: Rudolph|78\/100\n|-start|p1a: Rudolph|confusion\n|\n|-weather|RainDance|[upkeep]\n|-heal|p1a: Rudolph|84\/100|[from] item: Leftovers\n|upkeep\n|turn|15\n|\n|t:|1699401934\n|-end|p2a: Wakinator|Protosynthesis|[silent]\n|switch|p2a: Dwayne Johnson|Swampert-Mega, F|100\/100\n|switch|p1a: Frosty the Snowman|Clefable, F|100\/100\n|\n|-weather|RainDance|[upkeep]\n|upkeep\n|turn|16\n|\n|t:|1699401943\n|move|p2a: Dwayne Johnson|Liquidation|p1a: Frosty the Snowman\n|-damage|p1a: Frosty the Snowman|9\/100\n|move|p1a: Frosty the Snowman|Soft-Boiled|p1a: Frosty the Snowman\n|-heal|p1a: Frosty the Snowman|59\/100\n|\n|-weather|RainDance|[upkeep]\n|upkeep\n|turn|17\n|\n|t:|1699401953\n|switch|p1a: Die Hard|Sinistcha|100\/100\n|move|p2a: Dwayne Johnson|Liquidation|p1a: Die Hard\n|-resisted|p1a: Die Hard\n|-damage|p1a: Die Hard|68\/100\n|-unboost|p1a: Die Hard|def|1\n|\n|-weather|none\n|-heal|p1a: Die Hard|74\/100|[from] item: Leftovers\n|upkeep\n|turn|18\n|\n|t:|1699401958\n|move|p2a: Dwayne Johnson|Ice Punch|p1a: Die Hard\n|-supereffective|p1a: Die Hard\n|-crit|p1a: Die Hard\n|-damage|p1a: Die Hard|0 fnt\n|faint|p1a: Die Hard\n|\n|upkeep\n|c|\u2606Viviexists|Fuck\n|c|\u2606Viviexists|Fsr I thought this was locked into liquidation\n|c|\u2606Viviexists|I had a stupid moment\n|\n|t:|1699401998\n|switch|p1a: Home Alone|Dondozo, M|100\/100\n|turn|19\n|c|\u2606SkillzBP|i be thinking megas have items too sometimes dw \ud83d\ude2d\n|\n|t:|1699402006\n|move|p2a: Dwayne Johnson|Flip Turn|p1a: Home Alone\n|-resisted|p1a: Home Alone\n|-damage|p1a: Home Alone|92\/100\n|\n|t:|1699402010\n|switch|p2a: Wakinator|Walking Wake|100\/100|[from] Flip Turn\n|move|p1a: Home Alone|Wave Crash|p2a: Wakinator\n|-resisted|p2a: Wakinator\n|-damage|p2a: Wakinator|89\/100\n|-damage|p1a: Home Alone|90\/100|[from] Recoil\n|\n|-heal|p1a: Home Alone|96\/100|[from] item: Leftovers\n|upkeep\n|turn|20\n|\n|t:|1699402017\n|switch|p1a: Rudolph|Ting-Lu|84\/100\n|-ability|p1a: Rudolph|Vessel of Ruin\n|move|p2a: Wakinator|Hydro Pump|p1a: Rudolph|[miss]\n|-miss|p2a: Wakinator|p1a: Rudolph\n|\n|-heal|p1a: Rudolph|90\/100|[from] item: Leftovers\n|upkeep\n|turn|21\n|c|\u2606SkillzBP|yo im firing the wakinator\n|\n|t:|1699402032\n|move|p2a: Wakinator|Hydro Pump|p1a: Rudolph\n|-supereffective|p1a: Rudolph\n|-damage|p1a: Rudolph|16\/100\n|move|p1a: Rudolph|Stealth Rock|p2a: Wakinator\n|-sidestart|p2: SkillzBP|move: Stealth Rock\n|\n|-heal|p1a: Rudolph|23\/100|[from] item: Leftovers\n|upkeep\n|turn|22\n|c|\u2606Viviexists|I really wanted the rocks\n|\n|t:|1699402045\n|switch|p1a: Home Alone|Dondozo, M|96\/100\n|move|p2a: Wakinator|Hydro Pump|p1a: Home Alone\n|-resisted|p1a: Home Alone\n|-damage|p1a: Home Alone|54\/100\n|\n|-heal|p1a: Home Alone|60\/100|[from] item: Leftovers\n|upkeep\n|turn|23\n|\n|t:|1699402059\n|move|p2a: Wakinator|Hydro Pump|p1a: Home Alone|[miss]\n|-miss|p2a: Wakinator|p1a: Home Alone\n|move|p1a: Home Alone|Rest|p1a: Home Alone\n|-status|p1a: Home Alone|slp|[from] move: Rest\n|-heal|p1a: Home Alone|100\/100 slp|[silent]\n|\n|upkeep\n|turn|24\n|\n|t:|1699402062\n|-end|p2a: Wakinator|Protosynthesis|[silent]\n|switch|p2a: Single mother of 2|Slowbro, F|100\/100\n|-damage|p2a: Single mother of 2|88\/100|[from] Stealth Rock\n|cant|p1a: Home Alone|slp\n|move|p1a: Home Alone|Sleep Talk|p1a: Home Alone\n|move|p1a: Home Alone|Wave Crash|p2a: Single mother of 2|[from]move: Sleep Talk\n|-resisted|p2a: Single mother of 2\n|-damage|p2a: Single mother of 2|75\/100\n|-damage|p1a: Home Alone|84\/100 slp|[from] item: Rocky Helmet|[of] p2a: Single mother of 2\n|-damage|p1a: Home Alone|80\/100 slp|[from] Recoil\n|\n|-heal|p1a: Home Alone|87\/100 slp|[from] item: Leftovers\n|upkeep\n|turn|25\n|\n|t:|1699402067\n|cant|p1a: Home Alone|slp\n|move|p1a: Home Alone|Sleep Talk|p1a: Home Alone\n|move|p1a: Home Alone|Rest||[from]move: Sleep Talk|[still]\n|-fail|p1a: Home Alone\n|move|p2a: Single mother of 2|Future Sight|p1a: Home Alone\n|-start|p2a: Single mother of 2|move: Future Sight\n|\n|-heal|p1a: Home Alone|93\/100 slp|[from] item: Leftovers\n|upkeep\n|turn|26\n|c|\u2606SkillzBP|dude this thing is some ass\n|\n|t:|1699402080\n|switch|p1a: Rudolph|Ting-Lu|23\/100\n|-ability|p1a: Rudolph|Vessel of Ruin\n|move|p2a: Single mother of 2|Slack Off|p2a: Single mother of 2\n|-heal|p2a: Single mother of 2|100\/100\n|\n|-heal|p1a: Rudolph|29\/100|[from] item: Leftovers\n|upkeep\n|turn|27\n|c|\u2606SkillzBP|how do you miss two hydros wtf\n|\n|t:|1699402088\n|move|p1a: Rudolph|Spikes|p2a: Single mother of 2\n|-sidestart|p2: SkillzBP|Spikes\n|move|p2a: Single mother of 2|Scald|p1a: Rudolph\n|-supereffective|p1a: Rudolph\n|-damage|p1a: Rudolph|8\/100\n|\n|-end|p1a: Rudolph|move: Future Sight\n|-immune|p1a: Rudolph\n|-heal|p1a: Rudolph|14\/100|[from] item: Leftovers\n|upkeep\n|turn|28\n|\n|t:|1699402095\n|move|p1a: Rudolph|Spikes|p2a: Single mother of 2\n|-sidestart|p2: SkillzBP|Spikes\n|move|p2a: Single mother of 2|Scald|p1a: Rudolph\n|-supereffective|p1a: Rudolph\n|-damage|p1a: Rudolph|0 fnt\n|faint|p1a: Rudolph\n|\n|upkeep\n|\n|t:|1699402103\n|switch|p1a: Frosty the Snowman|Clefable, F|59\/100\n|turn|29\n|\n|t:|1699402116\n|move|p1a: Frosty the Snowman|Soft-Boiled|p1a: Frosty the Snowman\n|-heal|p1a: Frosty the Snowman|100\/100\n|move|p2a: Single mother of 2|Teleport|p2a: Single mother of 2\n|c|\u2606Viviexists|I be up in this w the hazards\n|\n|t:|1699402128\n|switch|p2a: Dwayne Johnson|Swampert-Mega, F|100\/100|[from] Teleport\n|-damage|p2a: Dwayne Johnson|94\/100|[from] Stealth Rock\n|-damage|p2a: Dwayne Johnson|78\/100|[from] Spikes\n|\n|upkeep\n|turn|30\n|\n|t:|1699402135\n|switch|p2a: Wakinator|Walking Wake|89\/100\n|-damage|p2a: Wakinator|77\/100|[from] Stealth Rock\n|-damage|p2a: Wakinator|60\/100|[from] Spikes\n|switch|p1a: Home Alone|Dondozo, M|93\/100 slp\n|\n|-heal|p1a: Home Alone|99\/100 slp|[from] item: Leftovers\n|upkeep\n|turn|31\n|\n|t:|1699402142\n|move|p2a: Wakinator|Hydro Pump|p1a: Home Alone\n|-resisted|p1a: Home Alone\n|-damage|p1a: Home Alone|60\/100 slp\n|-curestatus|p1a: Home Alone|slp|[msg]\n|move|p1a: Home Alone|Sleep Talk||[still]\n|-fail|p1a: Home Alone\n|\n|-heal|p1a: Home Alone|66\/100|[from] item: Leftovers\n|upkeep\n|turn|32\n|l| Astro Rifk\n|c|\u2606Viviexists|I can\u2019t count\n|\n|t:|1699402159\n|move|p2a: Wakinator|Hydro Pump|p1a: Home Alone\n|-resisted|p1a: Home Alone\n|-damage|p1a: Home Alone|25\/100\n|move|p1a: Home Alone|Rest|p1a: Home Alone\n|-status|p1a: Home Alone|slp|[from] move: Rest\n|-heal|p1a: Home Alone|100\/100 slp|[silent]\n|\n|upkeep\n|turn|33\n|\n|t:|1699402170\n|move|p2a: Wakinator|Hydro Pump|p1a: Home Alone\n|-resisted|p1a: Home Alone\n|-damage|p1a: Home Alone|61\/100 slp\n|cant|p1a: Home Alone|slp\n|move|p1a: Home Alone|Sleep Talk|p1a: Home Alone\n|move|p1a: Home Alone|Curse|p1a: Home Alone|[from]move: Sleep Talk\n|-unboost|p1a: Home Alone|spe|1\n|-boost|p1a: Home Alone|atk|1\n|-boost|p1a: Home Alone|def|1\n|\n|-heal|p1a: Home Alone|68\/100 slp|[from] item: Leftovers\n|upkeep\n|turn|34\n|\n|t:|1699402179\n|move|p2a: Wakinator|Hydro Pump|p1a: Home Alone\n|-resisted|p1a: Home Alone\n|-damage|p1a: Home Alone|26\/100 slp\n|cant|p1a: Home Alone|slp\n|move|p1a: Home Alone|Sleep Talk|p1a: Home Alone\n|move|p1a: Home Alone|Wave Crash|p2a: Wakinator|[from]move: Sleep Talk\n|-resisted|p2a: Wakinator\n|-damage|p2a: Wakinator|42\/100\n|-damage|p1a: Home Alone|22\/100 slp|[from] Recoil\n|\n|-heal|p1a: Home Alone|28\/100 slp|[from] item: Leftovers\n|upkeep\n|turn|35\n|c|\u2606SkillzBP|dude you're neve gonna believe what my wake is out of\n|\n|t:|1699402200\n|-end|p2a: Wakinator|Protosynthesis|[silent]\n|switch|p2a: Single mother of 2|Slowbro, F|100\/100\n|-damage|p2a: Single mother of 2|88\/100|[from] Stealth Rock\n|-damage|p2a: Single mother of 2|72\/100|[from] Spikes\n|-curestatus|p1a: Home Alone|slp|[msg]\n|move|p1a: Home Alone|Rest|p1a: Home Alone\n|-status|p1a: Home Alone|slp|[from] move: Rest\n|-heal|p1a: Home Alone|100\/100 slp|[silent]\n|\n|upkeep\n|turn|36\n|c|\u2606Viviexists|I was absolutely not counting the pp and had no idea\n|c|\u2606SkillzBP|i wasn't either \ud83d\udc80\n|\n|t:|1699402234\n|move|p2a: Single mother of 2|Future Sight|p1a: Home Alone\n|-start|p2a: Single mother of 2|move: Future Sight\n|cant|p1a: Home Alone|slp\n|move|p1a: Home Alone|Sleep Talk|p1a: Home Alone\n|move|p1a: Home Alone|Curse|p1a: Home Alone|[from]move: Sleep Talk\n|-unboost|p1a: Home Alone|spe|1\n|-boost|p1a: Home Alone|atk|1\n|-boost|p1a: Home Alone|def|1\n|\n|upkeep\n|turn|37\n|\n|t:|1699402241\n|move|p2a: Single mother of 2|Scald|p1a: Home Alone\n|-resisted|p1a: Home Alone\n|-damage|p1a: Home Alone|86\/100 slp\n|cant|p1a: Home Alone|slp\n|move|p1a: Home Alone|Sleep Talk|p1a: Home Alone\n|move|p1a: Home Alone|Curse|p1a: Home Alone|[from]move: Sleep Talk\n|-unboost|p1a: Home Alone|spe|1\n|-boost|p1a: Home Alone|atk|1\n|-boost|p1a: Home Alone|def|1\n|\n|-heal|p1a: Home Alone|93\/100 slp|[from] item: Leftovers\n|upkeep\n|turn|38\n|\n|t:|1699402260\n|switch|p1a: Frosty the Snowman|Clefable, F|100\/100\n|move|p2a: Single mother of 2|Slack Off|p2a: Single mother of 2\n|-heal|p2a: Single mother of 2|100\/100\n|\n|-end|p1a: Frosty the Snowman|move: Future Sight\n|-damage|p1a: Frosty the Snowman|72\/100\n|upkeep\n|turn|39\n|\n|t:|1699402267\n|move|p1a: Frosty the Snowman|Knock Off|p2a: Single mother of 2\n|-supereffective|p2a: Single mother of 2\n|-damage|p2a: Single mother of 2|80\/100\n|-enditem|p2a: Single mother of 2|Rocky Helmet|[from] move: Knock Off|[of] p1a: Frosty the Snowman\n|move|p2a: Single mother of 2|Scald|p1a: Frosty the Snowman\n|-damage|p1a: Frosty the Snowman|55\/100\n|\n|upkeep\n|turn|40\n|\n|t:|1699402276\n|move|p1a: Frosty the Snowman|Soft-Boiled|p1a: Frosty the Snowman\n|-heal|p1a: Frosty the Snowman|100\/100\n|move|p2a: Single mother of 2|Future Sight|p1a: Frosty the Snowman\n|-start|p2a: Single mother of 2|move: Future Sight\n|\n|upkeep\n|turn|41\n|\n|t:|1699402281\n|move|p1a: Frosty the Snowman|Heal Bell|p1a: Frosty the Snowman\n|-activate|p1a: Frosty the Snowman|move: Heal Bell\n|-curestatus|p1: Home Alone|slp|[msg]\n|move|p2a: Single mother of 2|Scald|p1a: Frosty the Snowman\n|-damage|p1a: Frosty the Snowman|82\/100\n|\n|upkeep\n|turn|42\n|\n|t:|1699402288\n|move|p1a: Frosty the Snowman|Moonblast|p2a: Single mother of 2\n|-damage|p2a: Single mother of 2|44\/100\n|move|p2a: Single mother of 2|Scald|p1a: Frosty the Snowman\n|-damage|p1a: Frosty the Snowman|62\/100\n|-status|p1a: Frosty the Snowman|brn\n|\n|-end|p1a: Frosty the Snowman|move: Future Sight\n|-damage|p1a: Frosty the Snowman|34\/100 brn\n|upkeep\n|turn|43\n|\n|t:|1699402295\n|move|p1a: Frosty the Snowman|Soft-Boiled|p1a: Frosty the Snowman\n|-heal|p1a: Frosty the Snowman|84\/100 brn\n|move|p2a: Single mother of 2|Future Sight|p1a: Frosty the Snowman\n|-start|p2a: Single mother of 2|move: Future Sight\n|\n|upkeep\n|turn|44\n|\n|t:|1699402300\n|move|p1a: Frosty the Snowman|Moonblast|p2a: Single mother of 2\n|-damage|p2a: Single mother of 2|11\/100\n|move|p2a: Single mother of 2|Slack Off|p2a: Single mother of 2\n|-heal|p2a: Single mother of 2|61\/100\n|\n|upkeep\n|turn|45\n|\n|t:|1699402304\n|move|p1a: Frosty the Snowman|Moonblast|p2a: Single mother of 2\n|-damage|p2a: Single mother of 2|29\/100\n|move|p2a: Single mother of 2|Slack Off|p2a: Single mother of 2\n|-heal|p2a: Single mother of 2|79\/100\n|\n|-end|p1a: Frosty the Snowman|move: Future Sight\n|-damage|p1a: Frosty the Snowman|55\/100 brn\n|upkeep\n|turn|46\n|\n|t:|1699402312\n|move|p1a: Frosty the Snowman|Moonblast|p2a: Single mother of 2\n|-damage|p2a: Single mother of 2|46\/100\n|-unboost|p2a: Single mother of 2|spa|1\n|move|p2a: Single mother of 2|Future Sight|p1a: Frosty the Snowman\n|-start|p2a: Single mother of 2|move: Future Sight\n|\n|upkeep\n|turn|47\n|\n|t:|1699402317\n|move|p1a: Frosty the Snowman|Moonblast|p2a: Single mother of 2\n|-damage|p2a: Single mother of 2|16\/100\n|move|p2a: Single mother of 2|Slack Off|p2a: Single mother of 2\n|-heal|p2a: Single mother of 2|66\/100\n|\n|upkeep\n|turn|48\n|\n|t:|1699402326\n|move|p1a: Frosty the Snowman|Moonblast|p2a: Single mother of 2\n|-damage|p2a: Single mother of 2|35\/100\n|move|p2a: Single mother of 2|Scald|p1a: Frosty the Snowman\n|-damage|p1a: Frosty the Snowman|42\/100 brn\n|\n|-end|p1a: Frosty the Snowman|move: Future Sight\n|-damage|p1a: Frosty the Snowman|24\/100 brn\n|upkeep\n|turn|49\n|\n|t:|1699402331\n|move|p1a: Frosty the Snowman|Soft-Boiled|p1a: Frosty the Snowman\n|-heal|p1a: Frosty the Snowman|74\/100 brn\n|move|p2a: Single mother of 2|Slack Off|p2a: Single mother of 2\n|-heal|p2a: Single mother of 2|85\/100\n|\n|upkeep\n|turn|50\n|\n|t:|1699402341\n|move|p1a: Frosty the Snowman|Moonblast|p2a: Single mother of 2\n|-damage|p2a: Single mother of 2|54\/100\n|move|p2a: Single mother of 2|Future Sight|p1a: Frosty the Snowman\n|-start|p2a: Single mother of 2|move: Future Sight\n|\n|upkeep\n|turn|51\n|\n|t:|1699402348\n|move|p1a: Frosty the Snowman|Moonblast|p2a: Single mother of 2\n|-damage|p2a: Single mother of 2|18\/100\n|move|p2a: Single mother of 2|Slack Off|p2a: Single mother of 2\n|-heal|p2a: Single mother of 2|68\/100\n|\n|upkeep\n|turn|52\n|\n|t:|1699402355\n|move|p1a: Frosty the Snowman|Moonblast|p2a: Single mother of 2\n|-damage|p2a: Single mother of 2|38\/100\n|move|p2a: Single mother of 2|Scald|p1a: Frosty the Snowman\n|-crit|p1a: Frosty the Snowman\n|-damage|p1a: Frosty the Snowman|45\/100 brn\n|\n|-end|p1a: Frosty the Snowman|move: Future Sight\n|-damage|p1a: Frosty the Snowman|25\/100 brn\n|upkeep\n|turn|53\n|\n|t:|1699402368\n|move|p1a: Frosty the Snowman|Moonblast|p2a: Single mother of 2\n|-damage|p2a: Single mother of 2|8\/100\n|-unboost|p2a: Single mother of 2|spa|1\n|move|p2a: Single mother of 2|Slack Off|p2a: Single mother of 2\n|-heal|p2a: Single mother of 2|58\/100\n|\n|upkeep\n|turn|54\n|\n|t:|1699402377\n|move|p1a: Frosty the Snowman|Soft-Boiled|p1a: Frosty the Snowman\n|-heal|p1a: Frosty the Snowman|75\/100 brn\n|move|p2a: Single mother of 2|Future Sight|p1a: Frosty the Snowman\n|-start|p2a: Single mother of 2|move: Future Sight\n|\n|upkeep\n|turn|55\n|\n|t:|1699402383\n|move|p1a: Frosty the Snowman|Moonblast|p2a: Single mother of 2\n|-damage|p2a: Single mother of 2|26\/100\n|-unboost|p2a: Single mother of 2|spa|1\n|move|p2a: Single mother of 2|Teleport|p2a: Single mother of 2\n|\n|t:|1699402409\n|switch|p2a: bear(?)|Urshifu-Rapid-Strike, F|100\/100|[from] Teleport\n|-damage|p2a: bear(?)|94\/100|[from] Stealth Rock\n|-damage|p2a: bear(?)|78\/100|[from] Spikes\n|\n|upkeep\n|turn|56\n|\n|t:|1699402419\n|switch|p1a: Home Alone|Dondozo, M|93\/100\n|move|p2a: bear(?)|Surging Strikes|p1a: Home Alone\n|-resisted|p1a: Home Alone\n|-crit|p1a: Home Alone\n|-damage|p1a: Home Alone|88\/100\n|-resisted|p1a: Home Alone\n|-crit|p1a: Home Alone\n|-damage|p1a: Home Alone|84\/100\n|-resisted|p1a: Home Alone\n|-crit|p1a: Home Alone\n|-damage|p1a: Home Alone|79\/100\n|-hitcount|p1a: Home Alone|3\n|\n|-end|p1a: Home Alone|move: Future Sight\n|-damage|p1a: Home Alone|43\/100\n|-heal|p1a: Home Alone|49\/100|[from] item: Leftovers\n|upkeep\n|turn|57\n|\n|t:|1699402433\n|move|p2a: bear(?)|Surging Strikes|p1a: Home Alone\n|-resisted|p1a: Home Alone\n|-crit|p1a: Home Alone\n|-damage|p1a: Home Alone|45\/100\n|-resisted|p1a: Home Alone\n|-crit|p1a: Home Alone\n|-damage|p1a: Home Alone|41\/100\n|-resisted|p1a: Home Alone\n|-crit|p1a: Home Alone\n|-damage|p1a: Home Alone|37\/100\n|-hitcount|p1a: Home Alone|3\n|move|p1a: Home Alone|Rest|p1a: Home Alone\n|-status|p1a: Home Alone|slp|[from] move: Rest\n|-heal|p1a: Home Alone|100\/100 slp|[silent]\n|\n|upkeep\n|turn|58\n|\n|t:|1699402441\n|switch|p2a: Single mother of 2|Slowbro, F|59\/100\n|-damage|p2a: Single mother of 2|47\/100|[from] Stealth Rock\n|-damage|p2a: Single mother of 2|30\/100|[from] Spikes\n|cant|p1a: Home Alone|slp\n|move|p1a: Home Alone|Sleep Talk|p1a: Home Alone\n|move|p1a: Home Alone|Wave Crash|p2a: Single mother of 2|[from]move: Sleep Talk\n|-resisted|p2a: Single mother of 2\n|-damage|p2a: Single mother of 2|18\/100\n|-damage|p1a: Home Alone|97\/100 slp|[from] Recoil\n|\n|-heal|p1a: Home Alone|100\/100 slp|[from] item: Leftovers\n|upkeep\n|turn|59\n|\n|t:|1699402448\n|cant|p1a: Home Alone|slp\n|move|p1a: Home Alone|Sleep Talk|p1a: Home Alone\n|move|p1a: Home Alone|Curse|p1a: Home Alone|[from]move: Sleep Talk\n|-unboost|p1a: Home Alone|spe|1\n|-boost|p1a: Home Alone|atk|1\n|-boost|p1a: Home Alone|def|1\n|move|p2a: Single mother of 2|Teleport|p2a: Single mother of 2\n|\n|t:|1699402453\n|switch|p2a: Wakinator|Walking Wake|42\/100|[from] Teleport\n|-damage|p2a: Wakinator|29\/100|[from] Stealth Rock\n|-damage|p2a: Wakinator|13\/100|[from] Spikes\n|\n|upkeep\n|turn|60\n|\n|t:|1699402462\n|move|p2a: Wakinator|Hurricane|p1a: Home Alone|[miss]\n|-miss|p2a: Wakinator|p1a: Home Alone\n|-curestatus|p1a: Home Alone|slp|[msg]\n|move|p1a: Home Alone|Sleep Talk||[still]\n|-fail|p1a: Home Alone\n|\n|upkeep\n|turn|61\n|\n|t:|1699402469\n|move|p2a: Wakinator|Hurricane|p1a: Home Alone\n|-damage|p1a: Home Alone|45\/100\n|move|p1a: Home Alone|Wave Crash|p2a: Wakinator\n|-resisted|p2a: Wakinator\n|-damage|p2a: Wakinator|0 fnt\n|faint|p2a: Wakinator\n|-end|p2a: Wakinator|Protosynthesis|[silent]\n|-damage|p1a: Home Alone|43\/100|[from] Recoil\n|\n|-heal|p1a: Home Alone|49\/100|[from] item: Leftovers\n|upkeep\n|c|\u2606SkillzBP|yo this thing is ass\n|c|\u2606Viviexists|Wakinator lost his edge after the tournament\n|\n|t:|1699402497\n|switch|p2a: Dwayne Johnson|Swampert-Mega, F|78\/100\n|-damage|p2a: Dwayne Johnson|72\/100|[from] Stealth Rock\n|-damage|p2a: Dwayne Johnson|55\/100|[from] Spikes\n|turn|62\n|c|\u2606Viviexists|he got lazy after the big win\n|\n|t:|1699402504\n|move|p2a: Dwayne Johnson|Ice Punch|p1a: Home Alone\n|-resisted|p1a: Home Alone\n|-damage|p1a: Home Alone|44\/100\n|move|p1a: Home Alone|Rest|p1a: Home Alone\n|-status|p1a: Home Alone|slp|[from] move: Rest\n|-heal|p1a: Home Alone|100\/100 slp|[silent]\n|\n|upkeep\n|turn|63\n|\n|t:|1699402511\n|move|p2a: Dwayne Johnson|Earthquake|p1a: Home Alone\n|-damage|p1a: Home Alone|81\/100 slp\n|cant|p1a: Home Alone|slp\n|move|p1a: Home Alone|Sleep Talk|p1a: Home Alone\n|move|p1a: Home Alone|Rest||[from]move: Sleep Talk|[still]\n|-fail|p1a: Home Alone\n|\n|-heal|p1a: Home Alone|87\/100 slp|[from] item: Leftovers\n|upkeep\n|turn|64\n|\n|t:|1699402524\n|move|p2a: Dwayne Johnson|Earthquake|p1a: Home Alone\n|-damage|p1a: Home Alone|69\/100 slp\n|cant|p1a: Home Alone|slp\n|move|p1a: Home Alone|Sleep Talk|p1a: Home Alone\n|move|p1a: Home Alone|Wave Crash|p2a: Dwayne Johnson|[from]move: Sleep Talk\n|-damage|p2a: Dwayne Johnson|0 fnt\n|faint|p2a: Dwayne Johnson\n|-damage|p1a: Home Alone|57\/100 slp|[from] Recoil\n|\n|-heal|p1a: Home Alone|63\/100 slp|[from] item: Leftovers\n|upkeep\n|\n|t:|1699402527\n|switch|p2a: Single mother of 2|Slowbro, F|51\/100\n|-damage|p2a: Single mother of 2|39\/100|[from] Stealth Rock\n|-damage|p2a: Single mother of 2|22\/100|[from] Spikes\n|turn|65\n|\n|t:|1699402537\n|move|p2a: Single mother of 2|Future Sight|p1a: Home Alone\n|-start|p2a: Single mother of 2|move: Future Sight\n|-curestatus|p1a: Home Alone|slp|[msg]\n|move|p1a: Home Alone|Wave Crash|p2a: Single mother of 2\n|-resisted|p2a: Single mother of 2\n|-damage|p2a: Single mother of 2|5\/100\n|-damage|p1a: Home Alone|59\/100|[from] Recoil\n|\n|-heal|p1a: Home Alone|65\/100|[from] item: Leftovers\n|upkeep\n|turn|66\n|\n|t:|1699402552\n|move|p2a: Single mother of 2|Scald|p1a: Home Alone\n|-resisted|p1a: Home Alone\n|-damage|p1a: Home Alone|53\/100\n|-status|p1a: Home Alone|brn\n|move|p1a: Home Alone|Curse|p1a: Home Alone\n|-unboost|p1a: Home Alone|spe|1\n|-boost|p1a: Home Alone|atk|1\n|-boost|p1a: Home Alone|def|1\n|\n|-heal|p1a: Home Alone|59\/100 brn|[from] item: Leftovers\n|-damage|p1a: Home Alone|53\/100 brn|[from] brn\n|upkeep\n|turn|67\n|\n|t:|1699402567\n|move|p2a: Single mother of 2|Scald|p1a: Home Alone\n|-resisted|p1a: Home Alone\n|-damage|p1a: Home Alone|39\/100 brn\n|move|p1a: Home Alone|Rest|p1a: Home Alone\n|-status|p1a: Home Alone|slp|[from] move: Rest\n|-heal|p1a: Home Alone|100\/100 slp|[silent]\n|\n|-end|p1a: Home Alone|move: Future Sight\n|-damage|p1a: Home Alone|64\/100 slp\n|-heal|p1a: Home Alone|70\/100 slp|[from] item: Leftovers\n|upkeep\n|turn|68\n|\n|t:|1699402574\n|move|p2a: Single mother of 2|Future Sight|p1a: Home Alone\n|-start|p2a: Single mother of 2|move: Future Sight\n|cant|p1a: Home Alone|slp\n|move|p1a: Home Alone|Sleep Talk|p1a: Home Alone\n|move|p1a: Home Alone|Rest||[from]move: Sleep Talk|[still]\n|-fail|p1a: Home Alone\n|\n|-heal|p1a: Home Alone|76\/100 slp|[from] item: Leftovers\n|upkeep\n|turn|69\n|\n|t:|1699402579\n|move|p2a: Single mother of 2|Scald|p1a: Home Alone\n|-resisted|p1a: Home Alone\n|-damage|p1a: Home Alone|62\/100 slp\n|cant|p1a: Home Alone|slp\n|move|p1a: Home Alone|Sleep Talk|p1a: Home Alone\n|move|p1a: Home Alone|Curse|p1a: Home Alone|[from]move: Sleep Talk\n|-unboost|p1a: Home Alone|spe|1\n|-boost|p1a: Home Alone|atk|1\n|-boost|p1a: Home Alone|def|1\n|\n|-heal|p1a: Home Alone|68\/100 slp|[from] item: Leftovers\n|upkeep\n|turn|70\n|\n|t:|1699402584\n|switch|p1a: Frosty the Snowman|Clefable, F|75\/100 brn\n|move|p2a: Single mother of 2|Scald|p1a: Frosty the Snowman\n|-damage|p1a: Frosty the Snowman|55\/100 brn\n|\n|-end|p1a: Frosty the Snowman|move: Future Sight\n|-damage|p1a: Frosty the Snowman|28\/100 brn\n|upkeep\n|turn|71\n|\n|t:|1699402599\n|move|p1a: Frosty the Snowman|Moonblast|p2a: Single mother of 2\n|-damage|p2a: Single mother of 2|0 fnt\n|faint|p2a: Single mother of 2\n|\n|upkeep\n|\n|t:|1699402601\n|switch|p2a: bear(?)|Urshifu-Rapid-Strike, F|78\/100\n|-damage|p2a: bear(?)|72\/100|[from] Stealth Rock\n|-damage|p2a: bear(?)|55\/100|[from] Spikes\n|turn|72\n|\n|t:|1699402609\n|-terastallize|p2a: bear(?)|Water\n|move|p2a: bear(?)|Surging Strikes|p1a: Frosty the Snowman\n|-crit|p1a: Frosty the Snowman\n|-damage|p1a: Frosty the Snowman|0 fnt\n|faint|p1a: Frosty the Snowman\n|-hitcount|p1: Frosty the Snowman|1\n|\n|upkeep\n|\n|t:|1699402613\n|switch|p1a: Home Alone|Dondozo, M|68\/100 slp\n|turn|73\n|\n|t:|1699402635\n|move|p2a: bear(?)|Surging Strikes|p1a: Home Alone\n|-resisted|p1a: Home Alone\n|-crit|p1a: Home Alone\n|-damage|p1a: Home Alone|62\/100 slp\n|-resisted|p1a: Home Alone\n|-crit|p1a: Home Alone\n|-damage|p1a: Home Alone|55\/100 slp\n|-resisted|p1a: Home Alone\n|-crit|p1a: Home Alone\n|-damage|p1a: Home Alone|49\/100 slp\n|-hitcount|p1a: Home Alone|3\n|-curestatus|p1a: Home Alone|slp|[msg]\n|move|p1a: Home Alone|Rest|p1a: Home Alone\n|-status|p1a: Home Alone|slp|[from] move: Rest\n|-heal|p1a: Home Alone|100\/100 slp|[silent]\n|\n|upkeep\n|turn|74\n|\n|t:|1699402641\n|move|p2a: bear(?)|Surging Strikes|p1a: Home Alone\n|-resisted|p1a: Home Alone\n|-crit|p1a: Home Alone\n|-damage|p1a: Home Alone|95\/100 slp\n|-resisted|p1a: Home Alone\n|-crit|p1a: Home Alone\n|-damage|p1a: Home Alone|89\/100 slp\n|-resisted|p1a: Home Alone\n|-crit|p1a: Home Alone\n|-damage|p1a: Home Alone|83\/100 slp\n|-hitcount|p1a: Home Alone|3\n|cant|p1a: Home Alone|slp\n|move|p1a: Home Alone|Sleep Talk|p1a: Home Alone\n|move|p1a: Home Alone|Curse|p1a: Home Alone|[from]move: Sleep Talk\n|-unboost|p1a: Home Alone|spe|1\n|-boost|p1a: Home Alone|atk|1\n|-boost|p1a: Home Alone|def|1\n|\n|-heal|p1a: Home Alone|89\/100 slp|[from] item: Leftovers\n|upkeep\n|turn|75\n|\n|t:|1699402644\n|move|p2a: bear(?)|Surging Strikes|p1a: Home Alone\n|-resisted|p1a: Home Alone\n|-crit|p1a: Home Alone\n|-damage|p1a: Home Alone|84\/100 slp\n|-resisted|p1a: Home Alone\n|-crit|p1a: Home Alone\n|-damage|p1a: Home Alone|77\/100 slp\n|-resisted|p1a: Home Alone\n|-crit|p1a: Home Alone\n|-damage|p1a: Home Alone|72\/100 slp\n|-hitcount|p1a: Home Alone|3\n|cant|p1a: Home Alone|slp\n|move|p1a: Home Alone|Sleep Talk|p1a: Home Alone\n|move|p1a: Home Alone|Wave Crash|p2a: bear(?)|[from]move: Sleep Talk\n|-resisted|p2a: bear(?)\n|-damage|p2a: bear(?)|22\/100\n|-damage|p1a: Home Alone|64\/100 slp|[from] Recoil\n|\n|-heal|p1a: Home Alone|70\/100 slp|[from] item: Leftovers\n|upkeep\n|turn|76\n|\n|t:|1699402652\n|move|p2a: bear(?)|Surging Strikes|p1a: Home Alone\n|-resisted|p1a: Home Alone\n|-crit|p1a: Home Alone\n|-damage|p1a: Home Alone|64\/100 slp\n|-resisted|p1a: Home Alone\n|-crit|p1a: Home Alone\n|-damage|p1a: Home Alone|58\/100 slp\n|-resisted|p1a: Home Alone\n|-crit|p1a: Home Alone\n|-damage|p1a: Home Alone|52\/100 slp\n|-hitcount|p1a: Home Alone|3\n|-curestatus|p1a: Home Alone|slp|[msg]\n|move|p1a: Home Alone|Wave Crash|p2a: bear(?)\n|-resisted|p2a: bear(?)\n|-damage|p2a: bear(?)|0 fnt\n|faint|p2a: bear(?)\n|-damage|p1a: Home Alone|47\/100|[from] Recoil\n|\n|win|Viviexists\n|c|\u2606SkillzBP|gg\n|c|\u2606Viviexists|Home Alone the GOAT\n|c|\u2606Viviexists|gg\n|c|\u2606SkillzBP|blaming this on wake ngl\n|c|\u2606Viviexists|I misplayed so bad but I was saved by wake having shitty rng lmao\n|c|\u2606SkillzBP|already been bested my gym leader rep is already in the drain\n|c|\u2606Viviexists|Dozo saved my ass so hard lmao\n|c|\u2606SkillzBP|absolutely i was so hoping my mons would survive long enough to stall out rest and sleep talk \ud83d\ude2d\n|c|\u2606SkillzBP|they did not\n|c|\u2606SkillzBP|i mean at least sleep talk\n|c|\u2606Viviexists|Yeah\n|c|\u2606SkillzBP|but ggs tho fr\n|c|\u2606SkillzBP|you have your badge now too \ud83d\udd25\n|c|\u2606Viviexists|Clefable managing to waste all of Slowbro\u2019s slack offs and remove rocky helmet was what really saved me\n|c|\u2606Viviexists|Dozo could not win otherwise\n|c|\u2606Viviexists|oh and not to mention\n|c|\u2606SkillzBP|removing rocky helmet made me lose all hope LMAO\n|c|\u2606Viviexists|GOAT-LU SETTING THE HAZARDS\n|c|\u2606SkillzBP|hazards made the difference absolutely \ud83d\ude2d\n|c|\u2606SkillzBP|the spikes made me realize \"wait oh shit she wasn't joking\"\n","uploadtime":1699402739,"views":24,"p1id":"viviexists","p2id":"skillzbp","formatid":"gen9nationaldexubers","rating":0,"private":0,"password":""}