{"id":"gen9nationaldexubers-1990903507","p1":"DerpyDip the 3rd","p2":"vic_ketchum","format":"[Gen 9] National Dex Ubers","log":"|j|\u2606DerpyDip the 3rd\n|j|\u2606vic_ketchum\n|t:|1700013339\n|gametype|singles\n|player|p1|DerpyDip the 3rd|red|1135\n|player|p2|vic_ketchum|ash-sinnoh|1148\n|teamsize|p1|6\n|teamsize|p2|6\n|gen|9\n|tier|[Gen 9] National Dex Ubers\n|rated|\n|rule|HP Percentage Mod: HP is shown in percentages\n|rule|Endless Battle Clause: Forcing endless battles is banned\n|rule|OHKO Clause: OHKO moves are banned\n|rule|Evasion Moves Clause: Evasion moves are banned\n|rule|Evasion Items Clause: Evasion items are banned\n|rule|Species Clause: Limit one of each Pok\u00e9mon\n|rule|Sleep Clause Mod: Limit one foe put to sleep\n|rule|Mega Rayquaza Clause: You cannot mega evolve Rayquaza\n|clearpoke\n|poke|p1|Serperior, M|\n|poke|p1|Breloom, M|\n|poke|p1|Cacturne, M|\n|poke|p1|Whimsicott, M|\n|poke|p1|Shaymin-Sky|\n|poke|p1|Rotom-Mow|\n|poke|p2|Mewtwo|\n|poke|p2|Pheromosa|\n|poke|p2|Deoxys|\n|poke|p2|Buzzwole|\n|poke|p2|Zoroark, M|\n|poke|p2|Scizor, M|\n|teampreview\n|inactive|Battle timer is ON: inactive players will automatically lose when time's up. (requested by vic_ketchum)\n|\n|t:|1700013352\n|start\n|switch|p1a: Whimsicott|Whimsicott, M, shiny|100\/100\n|switch|p2a: CELL|Pheromosa|100\/100\n|turn|1\n|\n|t:|1700013358\n|move|p1a: Whimsicott|Tailwind|p1a: Whimsicott\n|-sidestart|p1: DerpyDip the 3rd|move: Tailwind\n|move|p2a: CELL|Poison Jab|p1a: Whimsicott\n|-supereffective|p1a: Whimsicott\n|-damage|p1a: Whimsicott|14\/100\n|-status|p1a: Whimsicott|psn\n|\n|-damage|p1a: Whimsicott|2\/100 psn|[from] psn\n|upkeep\n|turn|2\n|\n|t:|1700013380\n|switch|p1a: Breloom|Breloom, M, shiny|100\/100\n|move|p2a: CELL|Ice Beam|p1a: Breloom\n|-supereffective|p1a: Breloom\n|-damage|p1a: Breloom|0 fnt\n|faint|p1a: Breloom\n|-ability|p2a: CELL|Beast Boost|boost\n|-boost|p2a: CELL|spe|1\n|\n|upkeep\n|\n|t:|1700013390\n|switch|p1a: Serperior|Serperior, M|100\/100\n|turn|3\n|\n|t:|1700013395\n|-terastallize|p1a: Serperior|Fire\n|move|p1a: Serperior|Leaf Storm|p2a: CELL\n|-resisted|p2a: CELL\n|-damage|p2a: CELL|49\/100\n|-boost|p1a: Serperior|spa|2\n|move|p2a: CELL|Bug Buzz|p1a: Serperior\n|-resisted|p1a: Serperior\n|-damage|p1a: Serperior|76\/100\n|\n|-heal|p1a: Serperior|82\/100|[from] item: Leftovers\n|upkeep\n|turn|4\n|\n|t:|1700013405\n|move|p1a: Serperior|Leaf Storm|p2a: CELL\n|-resisted|p2a: CELL\n|-damage|p2a: CELL|0 fnt\n|-boost|p1a: Serperior|spa|2\n|faint|p2a: CELL\n|\n|-heal|p1a: Serperior|88\/100|[from] item: Leftovers\n|-sideend|p1: DerpyDip the 3rd|move: Tailwind\n|upkeep\n|\n|t:|1700013414\n|switch|p2a: XICOR|Scizor, M, shiny|100\/100\n|turn|5\n|\n|t:|1700013418\n|move|p1a: Serperior|Hidden Power|p2a: XICOR\n|-crit|p2a: XICOR\n|-enditem|p2a: XICOR|Focus Sash\n|-damage|p2a: XICOR|1\/100\n|replace|p2a: ZAMAS|Zoroark, M\n|-end|p2a: ZAMAS|Illusion\n|move|p2a: ZAMAS|Dark Pulse|p1a: Serperior\n|-damage|p1a: Serperior|43\/100\n|\n|-heal|p1a: Serperior|49\/100|[from] item: Leftovers\n|upkeep\n|turn|6\n|\n|t:|1700013428\n|move|p1a: Serperior|Leaf Storm|p2a: ZAMAS\n|-damage|p2a: ZAMAS|0 fnt\n|-boost|p1a: Serperior|spa|2\n|faint|p2a: ZAMAS\n|\n|-heal|p1a: Serperior|55\/100|[from] item: Leftovers\n|upkeep\n|\n|t:|1700013441\n|switch|p2a: MAJIN BUU|Deoxys|100\/100\n|-ability|p2a: MAJIN BUU|Pressure\n|turn|7\n|\n|t:|1700013447\n|move|p2a: MAJIN BUU|Psychic|p1a: Serperior\n|-damage|p1a: Serperior|0 fnt\n|faint|p1a: Serperior\n|\n|upkeep\n|\n|t:|1700013450\n|switch|p1a: Whimsicott|Whimsicott, M, shiny|2\/100 psn\n|turn|8\n|\n|t:|1700013456\n|move|p1a: Whimsicott|Tailwind|p1a: Whimsicott\n|-sidestart|p1: DerpyDip the 3rd|move: Tailwind\n|move|p2a: MAJIN BUU|Signal Beam|p1a: Whimsicott\n|-damage|p1a: Whimsicott|0 fnt\n|faint|p1a: Whimsicott\n|\n|upkeep\n|\n|t:|1700013459\n|switch|p1a: Cacturne|Cacturne, M, shiny|100\/100\n|turn|9\n|\n|t:|1700013468\n|move|p1a: Cacturne|Sucker Punch|p2a: MAJIN BUU\n|-supereffective|p2a: MAJIN BUU\n|-enditem|p2a: MAJIN BUU|Focus Sash\n|-damage|p2a: MAJIN BUU|1\/100\n|move|p2a: MAJIN BUU|Signal Beam|p1a: Cacturne\n|-supereffective|p1a: Cacturne\n|-damage|p1a: Cacturne|0 fnt\n|faint|p1a: Cacturne\n|\n|upkeep\n|\n|t:|1700013474\n|switch|p1a: Shaymin-ground|Shaymin-Sky, shiny|100\/100\n|turn|10\n|\n|t:|1700013480\n|move|p1a: Shaymin-ground|Leech Seed|p2a: MAJIN BUU\n|-start|p2a: MAJIN BUU|move: Leech Seed\n|move|p2a: MAJIN BUU|Psychic|p1a: Shaymin-ground\n|-damage|p1a: Shaymin-ground|49\/100\n|\n|-heal|p1a: Shaymin-ground|55\/100|[from] item: Leftovers\n|-damage|p2a: MAJIN BUU|0 fnt|[from] Leech Seed|[of] p1a: Shaymin-ground\n|-heal|p1a: Shaymin-ground|55\/100|[silent]\n|faint|p2a: MAJIN BUU\n|upkeep\n|\n|t:|1700013488\n|switch|p2a: BROLY|Buzzwole, shiny|100\/100\n|turn|11\n|\n|t:|1700013493\n|move|p1a: Shaymin-ground|Substitute|p1a: Shaymin-ground\n|-start|p1a: Shaymin-ground|Substitute\n|-damage|p1a: Shaymin-ground|31\/100\n|move|p2a: BROLY|Ice Punch|p1a: Shaymin-ground\n|-supereffective|p1a: Shaymin-ground\n|-end|p1a: Shaymin-ground|Substitute\n|\n|-heal|p1a: Shaymin-ground|37\/100|[from] item: Leftovers\n|-sideend|p1: DerpyDip the 3rd|move: Tailwind\n|upkeep\n|turn|12\n|\n|t:|1700013501\n|move|p1a: Shaymin-ground|Air Slash|p2a: BROLY\n|-supereffective|p2a: BROLY\n|-enditem|p2a: BROLY|Focus Sash\n|-damage|p2a: BROLY|1\/100\n|move|p2a: BROLY|Ice Punch|p1a: Shaymin-ground\n|-supereffective|p1a: Shaymin-ground\n|-damage|p1a: Shaymin-ground|0 fnt\n|faint|p1a: Shaymin-ground\n|-ability|p2a: BROLY|Beast Boost|boost\n|-boost|p2a: BROLY|atk|1\n|\n|upkeep\n|\n|t:|1700013514\n|switch|p1a: Weed|Rotom-Mow, shiny|100\/100\n|turn|13\n|\n|t:|1700013521\n|move|p1a: Weed|Thunderbolt|p2a: BROLY\n|-damage|p2a: BROLY|0 fnt\n|faint|p2a: BROLY\n|\n|upkeep\n|\n|t:|1700013527\n|switch|p2a: XICOR|Scizor, M, shiny|100\/100\n|turn|14\n|\n|t:|1700013532\n|move|p1a: Weed|Thunderbolt|p2a: XICOR\n|-damage|p2a: XICOR|51\/100\n|move|p2a: XICOR|Swords Dance|p2a: XICOR\n|-boost|p2a: XICOR|atk|2\n|\n|upkeep\n|turn|15\n|\n|t:|1700013537\n|move|p1a: Weed|Thunderbolt|p2a: XICOR\n|-damage|p2a: XICOR|0 fnt\n|faint|p2a: XICOR\n|\n|upkeep\n|\n|t:|1700013542\n|switch|p2a: FREEZER|Mewtwo|100\/100\n|-ability|p2a: FREEZER|Pressure\n|turn|16\n|\n|t:|1700013548\n|-terastallize|p2a: FREEZER|Ghost\n|move|p1a: Weed|Thunderbolt|p2a: FREEZER\n|-damage|p2a: FREEZER|58\/100\n|move|p2a: FREEZER|Flamethrower|p1a: Weed\n|-supereffective|p1a: Weed\n|-damage|p1a: Weed|14\/100\n|\n|upkeep\n|turn|17\n|\n|t:|1700013555\n|move|p1a: Weed|Thunderbolt|p2a: FREEZER\n|-damage|p2a: FREEZER|14\/100\n|move|p2a: FREEZER|Ice Beam|p1a: Weed\n|-supereffective|p1a: Weed\n|-damage|p1a: Weed|0 fnt\n|faint|p1a: Weed\n|\n|win|vic_ketchum\n|raw|DerpyDip the 3rd's rating: 1135 &rarr; <strong>1111<\/strong><br \/>(-24 for losing)\n|raw|vic_ketchum's rating: 1148 &rarr; <strong>1172<\/strong><br \/>(+24 for winning)\n|c|\u2606DerpyDip the 3rd|gg\n|l|\u2606DerpyDip the 3rd\n|l|\u2606vic_ketchum\n|j|\u2606vic_ketchum\n|player|p2|vic_ketchum|ash-sinnoh\n","uploadtime":1700013566,"views":18,"p1id":"derpydipthe3rd","p2id":"vicketchum","formatid":"gen9nationaldexubers","rating":1111,"private":0,"password":""}