{"id":"gen9nationaldexubers-1981177845","p1":"PSYCH0-MODE\ufe0f","p2":"Moooiga","format":"[Gen 9] National Dex Ubers","log":"|j|\u2606PSYCH0-MODE\ufe0f\n|j|\u2606Moooiga\n|t:|1698869962\n|gametype|singles\n|player|p1|PSYCH0-MODE\ufe0f|sabrina|1134\n|player|p2|Moooiga|lusamine-nihilego|1250\n|teamsize|p1|6\n|teamsize|p2|6\n|gen|9\n|tier|[Gen 9] National Dex Ubers\n|rated|\n|rule|HP Percentage Mod: HP is shown in percentages\n|rule|Endless Battle Clause: Forcing endless battles is banned\n|rule|OHKO Clause: OHKO moves are banned\n|rule|Evasion Moves Clause: Evasion moves are banned\n|rule|Evasion Items Clause: Evasion items are banned\n|rule|Species Clause: Limit one of each Pok\u00e9mon\n|rule|Sleep Clause Mod: Limit one foe put to sleep\n|rule|Mega Rayquaza Clause: You cannot mega evolve Rayquaza\n|clearpoke\n|poke|p1|Beheeyem, F|\n|poke|p1|Indeedee-F, F|\n|poke|p1|Deoxys-Speed|\n|poke|p1|Gallade, M|\n|poke|p1|Lugia|\n|poke|p1|Necrozma-Dusk-Mane|\n|poke|p2|Calyrex-Ice|\n|poke|p2|Kyogre|\n|poke|p2|Toxapex, M|\n|poke|p2|Blissey, F|\n|poke|p2|Blacephalon|\n|poke|p2|Mewtwo|\n|teampreview\n|inactive|Battle timer is ON: inactive players will automatically lose when time's up. (requested by Moooiga)\n|\n|t:|1698870010\n|start\n|switch|p1a: \ud83c\udf0c\ud83d\udd2eDEOXYS\ud83d\udd2e\ud83c\udf0c|Deoxys-Speed|100\/100\n|switch|p2a: Calyrex|Calyrex-Ice|100\/100\n|-ability|p2a: Calyrex|As One\n|-ability|p2a: Calyrex|Unnerve\n|-ability|p1a: \ud83c\udf0c\ud83d\udd2eDEOXYS\ud83d\udd2e\ud83c\udf0c|Pressure\n|turn|1\n|\n|t:|1698870022\n|move|p1a: \ud83c\udf0c\ud83d\udd2eDEOXYS\ud83d\udd2e\ud83c\udf0c|Reflect|p1a: \ud83c\udf0c\ud83d\udd2eDEOXYS\ud83d\udd2e\ud83c\udf0c\n|-sidestart|p1: PSYCH0-MODE\ufe0f|Reflect\n|move|p2a: Calyrex|Glacial Lance|p1a: \ud83c\udf0c\ud83d\udd2eDEOXYS\ud83d\udd2e\ud83c\udf0c\n|-damage|p1a: \ud83c\udf0c\ud83d\udd2eDEOXYS\ud83d\udd2e\ud83c\udf0c|33\/100\n|\n|upkeep\n|turn|2\n|\n|t:|1698870034\n|switch|p1a: \ud83c\udf0cINDEEDEE\ud83c\udf0c|Indeedee-F, F|100\/100\n|-fieldstart|move: Psychic Terrain|[from] ability: Psychic Surge|[of] p1a: \ud83c\udf0cINDEEDEE\ud83c\udf0c\n|move|p2a: Calyrex|Glacial Lance|p1a: \ud83c\udf0cINDEEDEE\ud83c\udf0c\n|-damage|p1a: \ud83c\udf0cINDEEDEE\ud83c\udf0c|31\/100\n|\n|upkeep\n|turn|3\n|\n|t:|1698870043\n|switch|p1a: \ud83c\udf0c\ud83d\udd2eNECROZMA\ud83d\udd2e\ud83c\udf0c|Necrozma-Dusk-Mane, shiny|100\/100\n|move|p2a: Calyrex|Glacial Lance|p1a: \ud83c\udf0c\ud83d\udd2eNECROZMA\ud83d\udd2e\ud83c\udf0c\n|-resisted|p1a: \ud83c\udf0c\ud83d\udd2eNECROZMA\ud83d\udd2e\ud83c\udf0c\n|-damage|p1a: \ud83c\udf0c\ud83d\udd2eNECROZMA\ud83d\udd2e\ud83c\udf0c|80\/100\n|\n|upkeep\n|turn|4\n|\n|t:|1698870051\n|move|p1a: \ud83c\udf0c\ud83d\udd2eNECROZMA\ud83d\udd2e\ud83c\udf0c|Dragon Dance|p1a: \ud83c\udf0c\ud83d\udd2eNECROZMA\ud83d\udd2e\ud83c\udf0c\n|-boost|p1a: \ud83c\udf0c\ud83d\udd2eNECROZMA\ud83d\udd2e\ud83c\udf0c|atk|1\n|-boost|p1a: \ud83c\udf0c\ud83d\udd2eNECROZMA\ud83d\udd2e\ud83c\udf0c|spe|1\n|move|p2a: Calyrex|High Horsepower|p1a: \ud83c\udf0c\ud83d\udd2eNECROZMA\ud83d\udd2e\ud83c\udf0c\n|-supereffective|p1a: \ud83c\udf0c\ud83d\udd2eNECROZMA\ud83d\udd2e\ud83c\udf0c\n|-damage|p1a: \ud83c\udf0c\ud83d\udd2eNECROZMA\ud83d\udd2e\ud83c\udf0c|50\/100\n|\n|upkeep\n|turn|5\n|\n|t:|1698870065\n|move|p1a: \ud83c\udf0c\ud83d\udd2eNECROZMA\ud83d\udd2e\ud83c\udf0c|Sunsteel Strike|p2a: Calyrex\n|-supereffective|p2a: Calyrex\n|-damage|p2a: Calyrex|0 fnt\n|faint|p2a: Calyrex\n|\n|upkeep\n|\n|t:|1698870070\n|switch|p2a: Toxapex|Toxapex, M|100\/100\n|turn|6\n|\n|t:|1698870090\n|detailschange|p1a: \ud83c\udf0c\ud83d\udd2eNECROZMA\ud83d\udd2e\ud83c\udf0c|Necrozma-Ultra, shiny\n|-burst|p1a: \ud83c\udf0c\ud83d\udd2eNECROZMA\ud83d\udd2e\ud83c\udf0c|Necrozma|Ultranecrozium Z\n|move|p1a: \ud83c\udf0c\ud83d\udd2eNECROZMA\ud83d\udd2e\ud83c\udf0c|Photon Geyser|p2a: Toxapex\n|-supereffective|p2a: Toxapex\n|-damage|p2a: Toxapex|0 fnt\n|faint|p2a: Toxapex\n|\n|upkeep\n|\n|t:|1698870117\n|switch|p2a: Mewtwo|Mewtwo|100\/100\n|-ability|p2a: Mewtwo|Unnerve\n|turn|7\n|\n|t:|1698870128\n|detailschange|p2a: Mewtwo|Mewtwo-Mega-X\n|-mega|p2a: Mewtwo|Mewtwo|Mewtwonite X\n|-zpower|p1a: \ud83c\udf0c\ud83d\udd2eNECROZMA\ud83d\udd2e\ud83c\udf0c\n|move|p1a: \ud83c\udf0c\ud83d\udd2eNECROZMA\ud83d\udd2e\ud83c\udf0c|Light That Burns the Sky|p2a: Mewtwo|[zeffect]\n|-damage|p2a: Mewtwo|0 fnt\n|faint|p2a: Mewtwo\n|\n|upkeep\n|-message|Moooiga forfeited.\n|\n|win|PSYCH0-MODE\ufe0f\n|raw|PSYCH0-MODE\ufe0f's rating: 1134 &rarr; <strong>1167<\/strong><br \/>(+33 for winning)\n|raw|Moooiga's rating: 1250 &rarr; <strong>1217<\/strong><br \/>(-33 for losing)\n|l|\u2606Moooiga\n","uploadtime":1698870337,"views":7,"p1id":"psych0mode","p2id":"moooiga","formatid":"gen9nationaldexubers","rating":1167,"private":0,"password":""}