{"id":"gen9nationaldexubers-1977802245","p1":"felipe_katchum","p2":"Bakitaladelbarrio","format":"[Gen 9] National Dex Ubers","log":"|j|\u2606felipe_katchum\n|j|\u2606Bakitaladelbarrio\n|t:|1698451391\n|gametype|singles\n|player|p1|felipe_katchum|rood|1194\n|player|p2|Bakitaladelbarrio|blue|1301\n|teamsize|p1|6\n|teamsize|p2|6\n|gen|9\n|tier|[Gen 9] National Dex Ubers\n|rated|\n|rule|HP Percentage Mod: HP is shown in percentages\n|rule|Endless Battle Clause: Forcing endless battles is banned\n|rule|OHKO Clause: OHKO moves are banned\n|rule|Evasion Moves Clause: Evasion moves are banned\n|rule|Evasion Items Clause: Evasion items are banned\n|rule|Species Clause: Limit one of each Pok\u00e9mon\n|rule|Sleep Clause Mod: Limit one foe put to sleep\n|rule|Mega Rayquaza Clause: You cannot mega evolve Rayquaza\n|clearpoke\n|poke|p1|Golem, F|\n|poke|p1|Moltres|\n|poke|p1|Chansey, F|\n|poke|p1|Mewtwo|\n|poke|p1|Electrode|\n|poke|p1|Cloyster, F|\n|poke|p2|Hatterene, F|\n|poke|p2|Melmetal|\n|poke|p2|Necrozma-Dawn-Wings|\n|poke|p2|Iron Hands|\n|poke|p2|Magearna|\n|poke|p2|Calyrex-Ice|\n|teampreview\n|inactive|Battle timer is ON: inactive players will automatically lose when time's up. (requested by felipe_katchum)\n|\n|t:|1698451405\n|start\n|switch|p1a: Sweeper|Cloyster, F|100\/100\n|switch|p2a: Hatterene|Hatterene, F|100\/100\n|turn|1\n|\n|t:|1698451411\n|move|p1a: Sweeper|Shell Smash|p1a: Sweeper\n|-unboost|p1a: Sweeper|def|1\n|-unboost|p1a: Sweeper|spd|1\n|-boost|p1a: Sweeper|atk|2\n|-boost|p1a: Sweeper|spa|2\n|-boost|p1a: Sweeper|spe|2\n|move|p2a: Hatterene|Trick Room|p2a: Hatterene\n|-fieldstart|move: Trick Room|[of] p2a: Hatterene\n|\n|upkeep\n|turn|2\n|\n|t:|1698451419\n|move|p2a: Hatterene|Healing Wish|p2a: Hatterene\n|faint|p2a: Hatterene\n|move|p1a: Sweeper|Icicle Spear|p2: Hatterene|[notarget]\n|-fail|p1a: Sweeper\n|\n|upkeep\n|\n|t:|1698451424\n|switch|p2a: Melmetal|Melmetal|100\/100\n|turn|3\n|\n|t:|1698451432\n|switch|p1a: Hazard Control|Moltres|100\/100\n|-terastallize|p2a: Melmetal|Steel\n|move|p2a: Melmetal|Double Iron Bash|p1a: Hazard Control\n|-resisted|p1a: Hazard Control\n|-damage|p1a: Hazard Control|69\/100\n|-resisted|p1a: Hazard Control\n|-damage|p1a: Hazard Control|39\/100\n|-hitcount|p1a: Hazard Control|2\n|\n|upkeep\n|turn|4\n|\n|t:|1698451452\n|move|p2a: Melmetal|Double Iron Bash|p1a: Hazard Control\n|-resisted|p1a: Hazard Control\n|-damage|p1a: Hazard Control|10\/100\n|-resisted|p1a: Hazard Control\n|-damage|p1a: Hazard Control|0 fnt\n|-status|p2a: Melmetal|brn|[from] ability: Flame Body|[of] p1a: Hazard Control\n|faint|p1a: Hazard Control\n|-hitcount|p1: Hazard Control|2\n|\n|-damage|p2a: Melmetal|94\/100 brn|[from] brn\n|upkeep\n|\n|t:|1698451457\n|switch|p1a: Suporte|Electrode|100\/100\n|turn|5\n|\n|t:|1698451471\n|switch|p2a: Iron Hands|Iron Hands|100\/100\n|-enditem|p2a: Iron Hands|Booster Energy\n|-activate|p2a: Iron Hands|ability: Quark Drive|[fromitem]\n|-start|p2a: Iron Hands|quarkdriveatk\n|move|p1a: Suporte|Reflect|p1a: Suporte\n|-sidestart|p1: felipe_katchum|Reflect\n|\n|-fieldend|move: Trick Room\n|upkeep\n|turn|6\n|\n|t:|1698451479\n|move|p1a: Suporte|Volt Switch|p2a: Iron Hands\n|-resisted|p2a: Iron Hands\n|-damage|p2a: Iron Hands|93\/100\n|\n|t:|1698451483\n|switch|p1a: Breaker|Mewtwo|100\/100|[from] Volt Switch\n|-ability|p1a: Breaker|Pressure\n|move|p2a: Iron Hands|Swords Dance|p2a: Iron Hands\n|-boost|p2a: Iron Hands|atk|2\n|\n|upkeep\n|turn|7\n|\n|t:|1698451493\n|detailschange|p1a: Breaker|Mewtwo-Mega-Y\n|-mega|p1a: Breaker|Mewtwo|Mewtwonite Y\n|move|p1a: Breaker|Psystrike|p2a: Iron Hands\n|-supereffective|p2a: Iron Hands\n|-damage|p2a: Iron Hands|10\/100\n|move|p2a: Iron Hands|Thunder Punch|p1a: Breaker\n|-damage|p1a: Breaker|18\/100\n|\n|upkeep\n|turn|8\n|\n|t:|1698451504\n|move|p1a: Breaker|Psystrike|p2a: Iron Hands\n|-supereffective|p2a: Iron Hands\n|-damage|p2a: Iron Hands|0 fnt\n|faint|p2a: Iron Hands\n|-end|p2a: Iron Hands|Quark Drive|[silent]\n|\n|upkeep\n|\n|t:|1698451513\n|switch|p2a: Calyrex|Calyrex-Ice|100\/100\n|-ability|p2a: Calyrex|As One\n|-ability|p2a: Calyrex|Unnerve\n|turn|9\n|\n|t:|1698451519\n|move|p1a: Breaker|Taunt|p2a: Calyrex\n|-start|p2a: Calyrex|move: Taunt\n|cant|p2a: Calyrex|move: Taunt|Trick Room\n|\n|upkeep\n|turn|10\n|\n|t:|1698451524\n|switch|p1a: Suporte|Electrode|100\/100\n|move|p2a: Calyrex|Glacial Lance|p1a: Suporte\n|-damage|p1a: Suporte|44\/100\n|\n|upkeep\n|turn|11\n|\n|t:|1698451531\n|move|p1a: Suporte|Explosion|p2a: Calyrex\n|-damage|p2a: Calyrex|81\/100\n|faint|p1a: Suporte\n|move|p2a: Calyrex|Glacial Lance|p1: Suporte|[notarget]\n|-fail|p2a: Calyrex\n|\n|-end|p2a: Calyrex|move: Taunt\n|upkeep\n|\n|t:|1698451534\n|switch|p1a: Breaker|Mewtwo-Mega-Y|18\/100\n|turn|12\n|\n|t:|1698451543\n|move|p1a: Breaker|Taunt|p2a: Calyrex\n|-start|p2a: Calyrex|move: Taunt\n|move|p2a: Calyrex|Glacial Lance|p1a: Breaker\n|-damage|p1a: Breaker|0 fnt\n|faint|p1a: Breaker\n|-ability|p2a: Calyrex|Chilling Neigh|boost\n|-boost|p2a: Calyrex|atk|1\n|\n|-sideend|p1: felipe_katchum|Reflect\n|upkeep\n|\n|t:|1698451546\n|switch|p1a: Sweeper|Cloyster, F|100\/100\n|turn|13\n|\n|t:|1698451563\n|move|p1a: Sweeper|Shell Smash|p1a: Sweeper\n|-unboost|p1a: Sweeper|def|1\n|-unboost|p1a: Sweeper|spd|1\n|-boost|p1a: Sweeper|atk|2\n|-boost|p1a: Sweeper|spa|2\n|-boost|p1a: Sweeper|spe|2\n|move|p2a: Calyrex|Close Combat|p1a: Sweeper\n|-supereffective|p1a: Sweeper\n|-damage|p1a: Sweeper|0 fnt\n|-unboost|p2a: Calyrex|def|1\n|-unboost|p2a: Calyrex|spd|1\n|faint|p1a: Sweeper\n|-ability|p2a: Calyrex|Chilling Neigh|boost\n|-boost|p2a: Calyrex|atk|1\n|\n|upkeep\n|\n|t:|1698451568\n|switch|p1a: Entry hazards|Golem, F|100\/100\n|turn|14\n|\n|t:|1698451579\n|switch|p2a: Magearna|Magearna|100\/100\n|move|p1a: Entry hazards|Rock Slide|p2a: Magearna\n|-resisted|p2a: Magearna\n|-damage|p2a: Magearna|85\/100\n|\n|upkeep\n|turn|15\n|\n|t:|1698451586\n|move|p1a: Entry hazards|Earthquake|p2a: Magearna\n|-supereffective|p2a: Magearna\n|-damage|p2a: Magearna|5\/100\n|move|p2a: Magearna|Trick Room|p2a: Magearna\n|-fieldstart|move: Trick Room|[of] p2a: Magearna\n|\n|upkeep\n|turn|16\n|\n|t:|1698451593\n|move|p2a: Magearna|Ice Beam|p1a: Entry hazards\n|-supereffective|p1a: Entry hazards\n|-ability|p1a: Entry hazards|Sturdy\n|-damage|p1a: Entry hazards|1\/100\n|-enditem|p1a: Entry hazards|Salac Berry|[eat]\n|-boost|p1a: Entry hazards|spe|1|[from] item: Salac Berry\n|move|p1a: Entry hazards|Earthquake|p2a: Magearna\n|-supereffective|p2a: Magearna\n|-damage|p2a: Magearna|0 fnt\n|faint|p2a: Magearna\n|\n|upkeep\n|\n|t:|1698451605\n|switch|p2a: Melmetal|Melmetal, tera:Steel|94\/100 brn\n|-heal|p2a: Melmetal|100\/100|[from] move: Healing Wish\n|turn|17\n|\n|t:|1698451632\n|switch|p1a: Tanque|Chansey, F|100\/100\n|move|p2a: Melmetal|Double Iron Bash|p1a: Tanque\n|-damage|p1a: Tanque|0 fnt\n|faint|p1a: Tanque\n|-hitcount|p1: Tanque|1\n|\n|upkeep\n|\n|t:|1698451634\n|switch|p1a: Entry hazards|Golem, F|1\/100\n|turn|18\n|-message|felipe_katchum forfeited.\n|\n|win|Bakitaladelbarrio\n|raw|felipe_katchum's rating: 1194 &rarr; <strong>1176<\/strong><br \/>(-18 for losing)\n|raw|Bakitaladelbarrio's rating: 1301 &rarr; <strong>1315<\/strong><br \/>(+14 for winning)\n|l|\u2606felipe_katchum\n","uploadtime":1698451668,"views":4,"p1id":"felipekatchum","p2id":"bakitaladelbarrio","formatid":"gen9nationaldexubers","rating":1176,"private":0,"password":""}