{"id":"gen9nationaldexubers-1996045070","p1":"MoonVTLunaAstraea","p2":"shenye","format":"[Gen 9] National Dex Ubers","log":"|j|\u2606MoonVTLunaAstraea\n|j|\u2606shenye\n|t:|1700634613\n|gametype|singles\n|player|p1|MoonVTLunaAstraea|iono|1056\n|player|p2|shenye|n|1292\n|teamsize|p1|6\n|teamsize|p2|6\n|gen|9\n|tier|[Gen 9] National Dex Ubers\n|rated|\n|rule|HP Percentage Mod: HP is shown in percentages\n|rule|Endless Battle Clause: Forcing endless battles is banned\n|rule|OHKO Clause: OHKO moves are banned\n|rule|Evasion Moves Clause: Evasion moves are banned\n|rule|Evasion Items Clause: Evasion items are banned\n|rule|Species Clause: Limit one of each Pok\u00e9mon\n|rule|Sleep Clause Mod: Limit one foe put to sleep\n|rule|Mega Rayquaza Clause: You cannot mega evolve Rayquaza\n|clearpoke\n|poke|p1|Blissey, F|\n|poke|p1|Alomomola, M|\n|poke|p1|Clefable, M|\n|poke|p1|Slowbro-Galar, M|\n|poke|p1|Slowking, F|\n|poke|p1|Mew|\n|poke|p2|Dragapult, M|\n|poke|p2|Ho-Oh|\n|poke|p2|Mewtwo|\n|poke|p2|Chien-Pao|\n|poke|p2|Walking Wake|\n|poke|p2|Arceus|\n|teampreview\n|\n|t:|1700634636\n|start\n|switch|p1a: Clefable|Clefable, M|100\/100\n|switch|p2a: Arceus|Arceus|100\/100\n|turn|1\n|\n|t:|1700634646\n|move|p2a: Arceus|Toxic|p1a: Clefable\n|-status|p1a: Clefable|tox\n|move|p1a: Clefable|Calm Mind|p1a: Clefable\n|-boost|p1a: Clefable|spa|1\n|-boost|p1a: Clefable|spd|1\n|\n|upkeep\n|turn|2\n|\n|t:|1700634662\n|move|p2a: Arceus|Stealth Rock|p1a: Clefable\n|-sidestart|p1: MoonVTLunaAstraea|move: Stealth Rock\n|move|p1a: Clefable|Thunderbolt|p2a: Arceus\n|-damage|p2a: Arceus|76\/100\n|\n|upkeep\n|turn|3\n|\n|t:|1700634679\n|move|p2a: Arceus|Reflect|p2a: Arceus\n|-sidestart|p2: shenye|Reflect\n|move|p1a: Clefable|Moonblast|p2a: Arceus\n|-damage|p2a: Arceus|39\/100\n|\n|upkeep\n|turn|4\n|\n|t:|1700634695\n|switch|p1a: Mew|Mew|100\/100\n|-damage|p1a: Mew|88\/100|[from] Stealth Rock\n|move|p2a: Arceus|Recover|p2a: Arceus\n|-heal|p2a: Arceus|89\/100\n|\n|upkeep\n|turn|5\n|\n|t:|1700634702\n|move|p1a: Mew|Psychic Fangs|p2a: Arceus\n|-sideend|p2: shenye|Reflect\n|-damage|p2a: Arceus|67\/100\n|-damage|p1a: Mew|72\/100|[from] item: Rocky Helmet|[of] p2a: Arceus\n|move|p2a: Arceus|Toxic|p1a: Mew\n|-status|p1a: Mew|tox\n|-activate|p1a: Mew|ability: Synchronize\n|-status|p2a: Arceus|tox\n|\n|-damage|p1a: Mew|66\/100 tox|[from] psn\n|-damage|p2a: Arceus|61\/100 tox|[from] psn\n|upkeep\n|turn|6\n|\n|t:|1700634715\n|move|p1a: Mew|Dragon Dance|p1a: Mew\n|-boost|p1a: Mew|atk|1\n|-boost|p1a: Mew|spe|1\n|move|p2a: Arceus|Recover|p2a: Arceus\n|-heal|p2a: Arceus|100\/100 tox\n|\n|-damage|p1a: Mew|53\/100 tox|[from] psn\n|-damage|p2a: Arceus|88\/100 tox|[from] psn\n|upkeep\n|turn|7\n|\n|t:|1700634723\n|-zpower|p1a: Mew\n|move|p1a: Mew|All-Out Pummeling|p2a: Arceus|[zeffect]\n|-supereffective|p2a: Arceus\n|-damage|p2a: Arceus|0 fnt\n|faint|p2a: Arceus\n|\n|-damage|p1a: Mew|35\/100 tox|[from] psn\n|upkeep\n|\n|t:|1700634744\n|switch|p2a: Chien-Pao|Chien-Pao|100\/100\n|-ability|p2a: Chien-Pao|Sword of Ruin\n|turn|8\n|\n|t:|1700634752\n|move|p2a: Chien-Pao|Sucker Punch|p1a: Mew\n|-supereffective|p1a: Mew\n|-damage|p1a: Mew|0 fnt\n|faint|p1a: Mew\n|\n|upkeep\n|\n|t:|1700634769\n|switch|p1a: Slowking|Slowking, F|100\/100\n|-damage|p1a: Slowking|88\/100|[from] Stealth Rock\n|turn|9\n|\n|t:|1700634776\n|move|p2a: Chien-Pao|Swords Dance|p2a: Chien-Pao\n|-boost|p2a: Chien-Pao|atk|2\n|move|p1a: Slowking|Fire Blast|p2a: Chien-Pao\n|-supereffective|p2a: Chien-Pao\n|-enditem|p2a: Chien-Pao|Focus Sash\n|-damage|p2a: Chien-Pao|1\/100\n|\n|upkeep\n|turn|10\n|\n|t:|1700634793\n|switch|p1a: Alomomola|Alomomola, M|100\/100\n|-damage|p1a: Alomomola|88\/100|[from] Stealth Rock\n|move|p2a: Chien-Pao|Sucker Punch||[still]\n|-fail|p2a: Chien-Pao\n|\n|upkeep\n|turn|11\n|\n|t:|1700634802\n|move|p2a: Chien-Pao|Sucker Punch|p1a: Alomomola\n|-damage|p1a: Alomomola|19\/100\n|move|p1a: Alomomola|Aqua Jet|p2a: Chien-Pao\n|-damage|p2a: Chien-Pao|0 fnt\n|faint|p2a: Chien-Pao\n|\n|upkeep\n|\n|t:|1700634827\n|switch|p2a: Dragapult|Dragapult, M|100\/100\n|turn|12\n|\n|t:|1700634836\n|switch|p1a: Blissey|Blissey, F|100\/100\n|-damage|p1a: Blissey|88\/100|[from] Stealth Rock\n|move|p2a: Dragapult|Sucker Punch||[still]\n|-fail|p2a: Dragapult\n|\n|-heal|p1a: Blissey|94\/100|[from] item: Leftovers\n|upkeep\n|turn|13\n|\n|t:|1700634848\n|move|p2a: Dragapult|Dragon Darts|p1a: Blissey\n|-damage|p1a: Blissey|72\/100\n|-anim|p2a: Dragapult|Dragon Darts|p1a: Blissey\n|-damage|p1a: Blissey|52\/100\n|move|p1a: Blissey|Calm Mind|p1a: Blissey\n|-boost|p1a: Blissey|spa|1\n|-boost|p1a: Blissey|spd|1\n|\n|-heal|p1a: Blissey|58\/100|[from] item: Leftovers\n|upkeep\n|turn|14\n|\n|t:|1700634870\n|move|p2a: Dragapult|Dragon Darts|p1a: Blissey\n|-damage|p1a: Blissey|36\/100\n|-anim|p2a: Dragapult|Dragon Darts|p1a: Blissey\n|-damage|p1a: Blissey|16\/100\n|move|p1a: Blissey|Soft-Boiled|p1a: Blissey\n|-heal|p1a: Blissey|66\/100\n|\n|-heal|p1a: Blissey|72\/100|[from] item: Leftovers\n|upkeep\n|turn|15\n|\n|t:|1700634880\n|move|p2a: Dragapult|Dragon Darts|p1a: Blissey\n|-damage|p1a: Blissey|51\/100\n|-anim|p2a: Dragapult|Dragon Darts|p1a: Blissey\n|-damage|p1a: Blissey|29\/100\n|move|p1a: Blissey|Fire Blast|p2a: Dragapult\n|-resisted|p2a: Dragapult\n|-damage|p2a: Dragapult|80\/100\n|\n|-heal|p1a: Blissey|35\/100|[from] item: Leftovers\n|upkeep\n|turn|16\n|\n|t:|1700634889\n|move|p2a: Dragapult|Dragon Darts|p1a: Blissey\n|-damage|p1a: Blissey|13\/100\n|-anim|p2a: Dragapult|Dragon Darts|p1a: Blissey\n|-damage|p1a: Blissey|0 fnt\n|faint|p1a: Blissey\n|\n|upkeep\n|\n|t:|1700634893\n|switch|p1a: Clefable|Clefable, M|100\/100 tox\n|turn|17\n|\n|t:|1700634912\n|-terastallize|p2a: Dragapult|Fairy\n|move|p2a: Dragapult|Tera Blast|p1a: Clefable|[anim] Tera Blast Fairy\n|-damage|p1a: Clefable|68\/100 tox\n|move|p1a: Clefable|Calm Mind|p1a: Clefable\n|-boost|p1a: Clefable|spa|1\n|-boost|p1a: Clefable|spd|1\n|\n|upkeep\n|turn|18\n|\n|t:|1700634920\n|move|p2a: Dragapult|Tera Blast|p1a: Clefable|[anim] Tera Blast Fairy\n|-damage|p1a: Clefable|34\/100 tox\n|move|p1a: Clefable|Calm Mind|p1a: Clefable\n|-boost|p1a: Clefable|spa|1\n|-boost|p1a: Clefable|spd|1\n|\n|upkeep\n|turn|19\n|\n|t:|1700634926\n|move|p2a: Dragapult|Tera Blast|p1a: Clefable|[anim] Tera Blast Fairy\n|-damage|p1a: Clefable|5\/100 tox\n|move|p1a: Clefable|Soft-Boiled|p1a: Clefable\n|-heal|p1a: Clefable|55\/100 tox\n|\n|upkeep\n|turn|20\n|\n|t:|1700634932\n|move|p2a: Dragapult|Tera Blast|p1a: Clefable|[anim] Tera Blast Fairy\n|-damage|p1a: Clefable|25\/100 tox\n|move|p1a: Clefable|Soft-Boiled|p1a: Clefable\n|-heal|p1a: Clefable|75\/100 tox\n|\n|upkeep\n|turn|21\n|\n|t:|1700634943\n|move|p2a: Dragapult|Tera Blast|p1a: Clefable|[anim] Tera Blast Fairy\n|-damage|p1a: Clefable|45\/100 tox\n|move|p1a: Clefable|Soft-Boiled|p1a: Clefable\n|-heal|p1a: Clefable|95\/100 tox\n|\n|upkeep\n|turn|22\n|\n|t:|1700634952\n|move|p2a: Dragapult|Tera Blast|p1a: Clefable|[anim] Tera Blast Fairy\n|-damage|p1a: Clefable|65\/100 tox\n|move|p1a: Clefable|Thunderbolt|p2a: Dragapult\n|-damage|p2a: Dragapult|5\/100\n|\n|upkeep\n|turn|23\n|\n|t:|1700634975\n|move|p2a: Dragapult|Tera Blast|p1a: Clefable|[anim] Tera Blast Fairy\n|-damage|p1a: Clefable|34\/100 tox\n|move|p1a: Clefable|Calm Mind|p1a: Clefable\n|-boost|p1a: Clefable|spa|1\n|-boost|p1a: Clefable|spd|1\n|\n|upkeep\n|turn|24\n|\n|t:|1700634981\n|move|p2a: Dragapult|Tera Blast|p1a: Clefable|[anim] Tera Blast Fairy\n|-damage|p1a: Clefable|1\/100 tox\n|move|p1a: Clefable|Soft-Boiled|p1a: Clefable\n|-heal|p1a: Clefable|51\/100 tox\n|\n|upkeep\n|turn|25\n|\n|t:|1700634987\n|move|p2a: Dragapult|Tera Blast|p1a: Clefable|[anim] Tera Blast Fairy\n|-damage|p1a: Clefable|18\/100 tox\n|move|p1a: Clefable|Soft-Boiled|p1a: Clefable\n|-heal|p1a: Clefable|68\/100 tox\n|\n|upkeep\n|turn|26\n|\n|t:|1700634997\n|move|p2a: Dragapult|Tera Blast|p1a: Clefable|[anim] Tera Blast Fairy\n|-damage|p1a: Clefable|35\/100 tox\n|move|p1a: Clefable|Soft-Boiled|p1a: Clefable\n|-heal|p1a: Clefable|85\/100 tox\n|\n|upkeep\n|turn|27\n|\n|t:|1700635005\n|move|p2a: Dragapult|Tera Blast|p1a: Clefable|[anim] Tera Blast Fairy\n|-damage|p1a: Clefable|54\/100 tox\n|move|p1a: Clefable|Thunderbolt|p2a: Dragapult\n|-damage|p2a: Dragapult|0 fnt\n|faint|p2a: Dragapult\n|\n|upkeep\n|\n|t:|1700635017\n|switch|p2a: Mewtwo|Mewtwo|100\/100\n|-ability|p2a: Mewtwo|Pressure\n|turn|28\n|\n|t:|1700635027\n|detailschange|p2a: Mewtwo|Mewtwo-Mega-X\n|-mega|p2a: Mewtwo|Mewtwo|Mewtwonite X\n|move|p2a: Mewtwo|Knock Off|p1a: Clefable\n|-resisted|p1a: Clefable\n|-damage|p1a: Clefable|35\/100 tox\n|-enditem|p1a: Clefable|Life Orb|[from] move: Knock Off|[of] p2a: Mewtwo\n|move|p1a: Clefable|Moonblast|p2a: Mewtwo\n|-supereffective|p2a: Mewtwo\n|-damage|p2a: Mewtwo|0 fnt\n|faint|p2a: Mewtwo\n|\n|upkeep\n|\n|t:|1700635037\n|switch|p2a: Ho-Oh|Ho-Oh|100\/100\n|turn|29\n|\n|t:|1700635045\n|move|p2a: Ho-Oh|Sacred Fire|p1a: Clefable\n|-damage|p1a: Clefable|0 fnt\n|faint|p1a: Clefable\n|\n|upkeep\n|\n|t:|1700635053\n|switch|p1a: Slowking|Slowking, F|100\/100\n|-damage|p1a: Slowking|88\/100|[from] Stealth Rock\n|turn|30\n|\n|t:|1700635064\n|switch|p2a: Walking Wake|Walking Wake|100\/100\n|-enditem|p2a: Walking Wake|Booster Energy\n|-activate|p2a: Walking Wake|ability: Protosynthesis|[fromitem]\n|-start|p2a: Walking Wake|protosynthesisspa\n|move|p1a: Slowking|Hydro Pump|p2a: Walking Wake\n|-resisted|p2a: Walking Wake\n|-damage|p2a: Walking Wake|75\/100\n|\n|upkeep\n|turn|31\n|\n|t:|1700635077\n|switch|p1a: Alomomola|Alomomola, M|52\/100\n|-damage|p1a: Alomomola|40\/100|[from] Stealth Rock\n|move|p2a: Walking Wake|Sunny Day|p2a: Walking Wake\n|-weather|SunnyDay\n|\n|-weather|SunnyDay|[upkeep]\n|upkeep\n|turn|32\n|\n|t:|1700635085\n|switch|p1a: Slowking|Slowking, F|100\/100\n|-damage|p1a: Slowking|88\/100|[from] Stealth Rock\n|move|p2a: Walking Wake|Hydro Steam|p1a: Slowking\n|-resisted|p1a: Slowking\n|-damage|p1a: Slowking|58\/100\n|\n|-weather|SunnyDay|[upkeep]\n|upkeep\n|turn|33\n|\n|t:|1700635109\n|move|p2a: Walking Wake|Draco Meteor|p1a: Slowking\n|-damage|p1a: Slowking|0 fnt\n|-unboost|p2a: Walking Wake|spa|2\n|faint|p1a: Slowking\n|\n|-weather|SunnyDay|[upkeep]\n|upkeep\n|\n|t:|1700635116\n|switch|p1a: Slowbro|Slowbro-Galar, M|100\/100\n|-damage|p1a: Slowbro|88\/100|[from] Stealth Rock\n|turn|34\n|-activate|p1a: Slowbro|item: Quick Claw\n|\n|t:|1700635124\n|move|p1a: Slowbro|Sludge Wave|p2a: Walking Wake\n|-damage|p2a: Walking Wake|21\/100\n|move|p2a: Walking Wake|Hydro Steam|p1a: Slowbro\n|-damage|p1a: Slowbro|46\/100\n|\n|-weather|SunnyDay|[upkeep]\n|upkeep\n|turn|35\n|\n|t:|1700635138\n|-end|p2a: Walking Wake|Protosynthesis|[silent]\n|switch|p2a: Ho-Oh|Ho-Oh|100\/100\n|move|p1a: Slowbro|Sludge Wave|p2a: Ho-Oh\n|-crit|p2a: Ho-Oh\n|-damage|p2a: Ho-Oh|61\/100\n|\n|-weather|none\n|upkeep\n|turn|36\n|\n|t:|1700635148\n|switch|p1a: Alomomola|Alomomola, M|73\/100\n|-damage|p1a: Alomomola|60\/100|[from] Stealth Rock\n|move|p2a: Ho-Oh|Brave Bird|p1a: Alomomola\n|-damage|p1a: Alomomola|12\/100\n|-damage|p2a: Ho-Oh|39\/100|[from] Recoil\n|\n|upkeep\n|turn|37\n|\n|t:|1700635163\n|move|p1a: Alomomola|Aqua Jet|p2a: Ho-Oh\n|-supereffective|p2a: Ho-Oh\n|-damage|p2a: Ho-Oh|4\/100\n|move|p2a: Ho-Oh|Brave Bird|p1a: Alomomola\n|-damage|p1a: Alomomola|0 fnt\n|faint|p1a: Alomomola\n|-damage|p2a: Ho-Oh|0 fnt|[from] Recoil\n|faint|p2a: Ho-Oh\n|\n|upkeep\n|\n|t:|1700635171\n|switch|p2a: Walking Wake|Walking Wake|21\/100\n|switch|p1a: Slowbro|Slowbro-Galar, M|46\/100\n|-damage|p1a: Slowbro|33\/100|[from] Stealth Rock\n|turn|38\n|c|\u2606MoonVTLunaAstraea|Good luck\n|\n|t:|1700635179\n|move|p2a: Walking Wake|Draco Meteor|p1a: Slowbro\n|-damage|p1a: Slowbro|0 fnt\n|-unboost|p2a: Walking Wake|spa|2\n|faint|p1a: Slowbro\n|\n|win|shenye\n|raw|MoonVTLunaAstraea's rating: 1056 &rarr; <strong>1048<\/strong><br \/>(-8 for losing)\n|raw|shenye's rating: 1292 &rarr; <strong>1302<\/strong><br \/>(+10 for winning)\n|c|\u2606MoonVTLunaAstraea|RIP\n|c|\u2606shenye|thx\n|c|\u2606MoonVTLunaAstraea|no claw\n|c|\u2606MoonVTLunaAstraea|ggg\n|c|\u2606shenye|hhhh\n|l|\u2606MoonVTLunaAstraea\n","uploadtime":1700635246,"views":0,"p1id":"moonvtlunaastraea","p2id":"shenye","formatid":"gen9nationaldexubers","rating":1048,"private":0,"password":""}