{"id":"gen9nationaldexubers-1993809879","p1":"kitmash","p2":"85792195wwww","format":"[Gen 9] National Dex Ubers","log":"|j|\u2606kitmash\n|j|\u260685792195wwww\n|t:|1700360016\n|gametype|singles\n|player|p1|kitmash|266|1583\n|player|p2|85792195wwww|mira|1684\n|teamsize|p1|6\n|teamsize|p2|6\n|gen|9\n|tier|[Gen 9] National Dex Ubers\n|rated|\n|rule|HP Percentage Mod: HP is shown in percentages\n|rule|Endless Battle Clause: Forcing endless battles is banned\n|rule|OHKO Clause: OHKO moves are banned\n|rule|Evasion Moves Clause: Evasion moves are banned\n|rule|Evasion Items Clause: Evasion items are banned\n|rule|Species Clause: Limit one of each Pok\u00e9mon\n|rule|Sleep Clause Mod: Limit one foe put to sleep\n|rule|Mega Rayquaza Clause: You cannot mega evolve Rayquaza\n|clearpoke\n|poke|p1|Lunala|\n|poke|p1|Arceus-Dark|\n|poke|p1|Appletun, F|\n|poke|p1|Groudon|\n|poke|p1|Bombirdier, M|\n|poke|p1|Flutter Mane|\n|poke|p2|Arceus|\n|poke|p2|Marshadow|\n|poke|p2|Xerneas-*|\n|poke|p2|Mewtwo|\n|poke|p2|Krookodile, M|\n|poke|p2|Groudon|\n|teampreview\n|\n|t:|1700360024\n|start\n|switch|p1a: Arceus|Arceus-Dark|100\/100\n|switch|p2a: Krookodile|Krookodile, M|100\/100\n|-ability|p2a: Krookodile|Intimidate|boost\n|-unboost|p1a: Arceus|atk|1\n|turn|1\n|\n|t:|1700360033\n|move|p2a: Krookodile|Bulldoze|p1a: Arceus\n|-damage|p1a: Arceus|85\/100\n|-unboost|p1a: Arceus|spe|1\n|move|p1a: Arceus|Will-O-Wisp|p2a: Krookodile\n|-status|p2a: Krookodile|brn\n|\n|-damage|p2a: Krookodile|94\/100 brn|[from] brn\n|upkeep\n|turn|2\n|\n|t:|1700360043\n|move|p2a: Krookodile|Stealth Rock|p1a: Arceus\n|-sidestart|p1: kitmash|move: Stealth Rock\n|move|p1a: Arceus|Foul Play|p2a: Krookodile\n|-resisted|p2a: Krookodile\n|-damage|p2a: Krookodile|59\/100 brn\n|\n|-damage|p2a: Krookodile|53\/100 brn|[from] brn\n|upkeep\n|turn|3\n|\n|t:|1700360052\n|move|p2a: Krookodile|Taunt|p1a: Arceus\n|-start|p1a: Arceus|move: Taunt\n|cant|p1a: Arceus|move: Taunt|Defog\n|\n|-damage|p2a: Krookodile|47\/100 brn|[from] brn\n|upkeep\n|turn|4\n|\n|t:|1700360069\n|move|p2a: Krookodile|Bulldoze|p1a: Arceus\n|-damage|p1a: Arceus|77\/100\n|-unboost|p1a: Arceus|spe|1\n|move|p1a: Arceus|Foul Play|p2a: Krookodile\n|-resisted|p2a: Krookodile\n|-damage|p2a: Krookodile|11\/100 brn\n|\n|-damage|p2a: Krookodile|5\/100 brn|[from] brn\n|upkeep\n|turn|5\n|\n|t:|1700360079\n|switch|p2a: Marshadow|Marshadow|100\/100\n|move|p1a: Arceus|Foul Play|p2a: Marshadow\n|-damage|p2a: Marshadow|26\/100\n|\n|-end|p1a: Arceus|move: Taunt\n|upkeep\n|turn|6\n|\n|t:|1700360096\n|-terastallize|p1a: Arceus|Water\n|move|p2a: Marshadow|Low Kick|p1a: Arceus\n|-damage|p1a: Arceus|41\/100\n|-damage|p2a: Marshadow|16\/100|[from] item: Life Orb\n|move|p1a: Arceus|Recover|p1a: Arceus\n|-heal|p1a: Arceus|91\/100\n|\n|upkeep\n|turn|7\n|\n|t:|1700360111\n|switch|p2a: Krookodile|Krookodile, M|5\/100 brn\n|-ability|p2a: Krookodile|Intimidate|boost\n|-unboost|p1a: Arceus|atk|1\n|move|p1a: Arceus|Defog|p2a: Krookodile\n|-unboost|p2a: Krookodile|evasion|1\n|-sideend|p1: kitmash|Stealth Rock|[from] move: Defog|[of] p1a: Arceus\n|\n|-damage|p2a: Krookodile|0 fnt|[from] brn\n|faint|p2a: Krookodile\n|upkeep\n|\n|t:|1700360126\n|switch|p2a: Groudon|Groudon|100\/100\n|detailschange|p2a: Groudon|Groudon-Primal\n|-primal|p2a: Groudon|Red Orb\n|-weather|DesolateLand|[from] ability: Desolate Land|[of] p2a: Groudon\n|turn|8\n|\n|t:|1700360134\n|move|p2a: Groudon|Swords Dance|p2a: Groudon\n|-boost|p2a: Groudon|atk|2\n|move|p1a: Arceus|Foul Play|p2a: Groudon\n|-damage|p2a: Groudon|12\/100\n|\n|-weather|DesolateLand|[upkeep]\n|upkeep\n|turn|9\n|\n|t:|1700360146\n|move|p2a: Groudon|Earthquake|p1a: Arceus\n|-damage|p1a: Arceus|23\/100\n|move|p1a: Arceus|Foul Play|p2a: Groudon\n|-damage|p2a: Groudon|0 fnt\n|faint|p2a: Groudon\n|-weather|none\n|\n|upkeep\n|\n|t:|1700360155\n|switch|p2a: Marshadow|Marshadow|16\/100\n|turn|10\n|\n|t:|1700360169\n|switch|p1a: Bombirdier|Bombirdier, M|100\/100\n|move|p2a: Marshadow|Poltergeist|p1a: Bombirdier\n|-activate|p1a: Bombirdier|move: Poltergeist|Choice Band\n|-resisted|p1a: Bombirdier\n|-damage|p1a: Bombirdier|48\/100\n|-damage|p2a: Marshadow|6\/100|[from] item: Life Orb\n|\n|upkeep\n|turn|11\n|\n|t:|1700360180\n|move|p1a: Bombirdier|Sucker Punch|p2a: Marshadow\n|-damage|p2a: Marshadow|0 fnt\n|faint|p2a: Marshadow\n|\n|upkeep\n|\n|t:|1700360185\n|switch|p2a: Arceus|Arceus|100\/100\n|turn|12\n|\n|t:|1700360196\n|switch|p1a: Groudon|Groudon|100\/100\n|detailschange|p1a: Groudon|Groudon-Primal\n|-primal|p1a: Groudon|Red Orb\n|-weather|DesolateLand|[from] ability: Desolate Land|[of] p1a: Groudon\n|move|p2a: Arceus|Swords Dance|p2a: Arceus\n|-boost|p2a: Arceus|atk|2\n|\n|-weather|DesolateLand|[upkeep]\n|upkeep\n|turn|13\n|\n|t:|1700360206\n|move|p2a: Arceus|Earthquake|p1a: Groudon\n|-supereffective|p1a: Groudon\n|-damage|p1a: Groudon|21\/100\n|-damage|p2a: Arceus|91\/100|[from] item: Life Orb\n|move|p1a: Groudon|Toxic|p2a: Arceus\n|-status|p2a: Arceus|tox\n|\n|-weather|DesolateLand|[upkeep]\n|-damage|p2a: Arceus|84\/100 tox|[from] psn\n|upkeep\n|turn|14\n|\n|t:|1700360222\n|-weather|none\n|switch|p1a: Arceus|Arceus-Dark, tera:Water|23\/100\n|move|p2a: Arceus|Extreme Speed|p1a: Arceus\n|-damage|p1a: Arceus|0 fnt\n|faint|p1a: Arceus\n|-damage|p2a: Arceus|75\/100 tox|[from] item: Life Orb\n|\n|-damage|p2a: Arceus|62\/100 tox|[from] psn\n|upkeep\n|\n|t:|1700360251\n|switch|p1a: Appletun|Appletun, F|100\/100\n|turn|15\n|\n|t:|1700360263\n|move|p2a: Arceus|Shadow Claw|p1a: Appletun\n|-damage|p1a: Appletun|42\/100\n|-damage|p2a: Arceus|52\/100 tox|[from] item: Life Orb\n|move|p1a: Appletun|Leech Seed|p2a: Arceus\n|-start|p2a: Arceus|move: Leech Seed\n|\n|-damage|p2a: Arceus|40\/100 tox|[from] Leech Seed|[of] p1a: Appletun\n|-heal|p1a: Appletun|53\/100|[silent]\n|-damage|p2a: Arceus|22\/100 tox|[from] psn\n|upkeep\n|turn|16\n|\n|t:|1700360282\n|move|p2a: Arceus|Extreme Speed|p1a: Appletun\n|-damage|p1a: Appletun|0 fnt\n|faint|p1a: Appletun\n|-damage|p2a: Arceus|12\/100 tox|[from] item: Life Orb\n|\n|-damage|p2a: Arceus|0 fnt|[from] psn\n|faint|p2a: Arceus\n|upkeep\n|\n|t:|1700360291\n|switch|p2a: Mewtwo|Mewtwo|100\/100\n|switch|p1a: Lunala|Lunala|100\/100\n|-ability|p2a: Mewtwo|Pressure\n|turn|17\n|\n|t:|1700360309\n|detailschange|p2a: Mewtwo|Mewtwo-Mega-Y\n|-mega|p2a: Mewtwo|Mewtwo|Mewtwonite Y\n|move|p2a: Mewtwo|Ice Beam|p1a: Lunala\n|-damage|p1a: Lunala|89\/100\n|move|p1a: Lunala|Toxic|p2a: Mewtwo\n|-status|p2a: Mewtwo|tox\n|\n|-damage|p2a: Mewtwo|94\/100 tox|[from] psn\n|upkeep\n|turn|18\n|\n|t:|1700360320\n|move|p2a: Mewtwo|Nasty Plot|p2a: Mewtwo\n|-boost|p2a: Mewtwo|spa|2\n|move|p1a: Lunala|Roost|p1a: Lunala\n|-heal|p1a: Lunala|100\/100\n|-singleturn|p1a: Lunala|move: Roost\n|\n|-damage|p2a: Mewtwo|82\/100 tox|[from] psn\n|upkeep\n|turn|19\n|\n|t:|1700360329\n|move|p2a: Mewtwo|Ice Beam|p1a: Lunala\n|-damage|p1a: Lunala|80\/100\n|move|p1a: Lunala|Roost|p1a: Lunala\n|-heal|p1a: Lunala|100\/100\n|-singleturn|p1a: Lunala|move: Roost\n|\n|-damage|p2a: Mewtwo|63\/100 tox|[from] psn\n|upkeep\n|turn|20\n|\n|t:|1700360339\n|move|p2a: Mewtwo|Ice Beam|p1a: Lunala\n|-damage|p1a: Lunala|80\/100\n|move|p1a: Lunala|Roost|p1a: Lunala\n|-heal|p1a: Lunala|100\/100\n|-singleturn|p1a: Lunala|move: Roost\n|\n|-damage|p2a: Mewtwo|38\/100 tox|[from] psn\n|upkeep\n|turn|21\n|\n|t:|1700360349\n|move|p2a: Mewtwo|Ice Beam|p1a: Lunala\n|-damage|p1a: Lunala|79\/100\n|move|p1a: Lunala|Roost|p1a: Lunala\n|-heal|p1a: Lunala|100\/100\n|-singleturn|p1a: Lunala|move: Roost\n|\n|-damage|p2a: Mewtwo|7\/100 tox|[from] psn\n|upkeep\n|turn|22\n|\n|t:|1700360358\n|switch|p1a: Groudon|Groudon-Primal|21\/100\n|-weather|DesolateLand|[from] ability: Desolate Land|[of] p1a: Groudon\n|move|p2a: Mewtwo|Ice Beam|p1a: Groudon\n|-damage|p1a: Groudon|0 fnt\n|faint|p1a: Groudon\n|-weather|none\n|\n|-damage|p2a: Mewtwo|0 fnt|[from] psn\n|faint|p2a: Mewtwo\n|upkeep\n|\n|t:|1700360370\n|switch|p2a: Xerneas|Xerneas|100\/100\n|switch|p1a: Flutter Mane|Flutter Mane|100\/100\n|-ability|p2a: Xerneas|Fairy Aura\n|turn|23\n|\n|t:|1700360377\n|move|p1a: Flutter Mane|Perish Song|p1a: Flutter Mane\n|-start|p1a: Flutter Mane|perish3|[silent]\n|-start|p2a: Xerneas|perish3|[silent]\n|-fieldactivate|move: Perish Song\n|move|p2a: Xerneas|Geomancy||[still]\n|-prepare|p2a: Xerneas|Geomancy\n|-enditem|p2a: Xerneas|Power Herb\n|-anim|p2a: Xerneas|Geomancy|p2a: Xerneas\n|-boost|p2a: Xerneas|spa|2\n|-boost|p2a: Xerneas|spd|2\n|-boost|p2a: Xerneas|spe|2\n|\n|-start|p2a: Xerneas|perish3\n|-start|p1a: Flutter Mane|perish3\n|upkeep\n|turn|24\n|\n|t:|1700360389\n|-end|p1a: Flutter Mane|Protosynthesis|[silent]\n|switch|p1a: Bombirdier|Bombirdier, M|48\/100\n|-terastallize|p2a: Xerneas|Fairy\n|move|p2a: Xerneas|Moonblast|p1a: Bombirdier\n|-supereffective|p1a: Bombirdier\n|-damage|p1a: Bombirdier|0 fnt\n|faint|p1a: Bombirdier\n|\n|-start|p2a: Xerneas|perish2\n|upkeep\n|\n|t:|1700360407\n|switch|p1a: Flutter Mane|Flutter Mane|100\/100\n|turn|25\n|\n|t:|1700360412\n|move|p2a: Xerneas|Moonblast|p1a: Flutter Mane\n|-damage|p1a: Flutter Mane|0 fnt\n|faint|p1a: Flutter Mane\n|-end|p1a: Flutter Mane|Protosynthesis|[silent]\n|\n|-start|p2a: Xerneas|perish1\n|upkeep\n|\n|t:|1700360417\n|switch|p1a: Lunala|Lunala|100\/100\n|turn|26\n|\n|t:|1700360421\n|move|p2a: Xerneas|Moonblast|p1a: Lunala\n|-damage|p1a: Lunala|53\/100\n|move|p1a: Lunala|Roost|p1a: Lunala\n|-heal|p1a: Lunala|100\/100\n|-singleturn|p1a: Lunala|move: Roost\n|\n|-start|p2a: Xerneas|perish0\n|upkeep\n|faint|p2a: Xerneas\n|\n|win|kitmash\n|raw|kitmash's rating: 1583 &rarr; <strong>1609<\/strong><br \/>(+26 for winning)\n|raw|85792195wwww's rating: 1684 &rarr; <strong>1658<\/strong><br \/>(-26 for losing)\n|l|\u260685792195wwww\n","uploadtime":1700360436,"views":8,"p1id":"kitmash","p2id":"85792195wwww","formatid":"gen9nationaldexubers","rating":1609,"private":0,"password":""}