{"id":"gen9nationaldexubers-1983128432","p1":"Venosad","p2":"INFERNO-M0DE\u2668\ufe0f","format":"[Gen 9] National Dex Ubers","log":"|j|\u2606Venosad\n|j|\u2606INFERNO-M0DE\u2668\ufe0f\n|t:|1699092233\n|gametype|singles\n|player|p1|Venosad|artist-gen4|1081\n|player|p2|INFERNO-M0DE\u2668\ufe0f|flannery|1114\n|teamsize|p1|6\n|teamsize|p2|6\n|gen|9\n|tier|[Gen 9] National Dex Ubers\n|rated|\n|rule|HP Percentage Mod: HP is shown in percentages\n|rule|Endless Battle Clause: Forcing endless battles is banned\n|rule|OHKO Clause: OHKO moves are banned\n|rule|Evasion Moves Clause: Evasion moves are banned\n|rule|Evasion Items Clause: Evasion items are banned\n|rule|Species Clause: Limit one of each Pok\u00e9mon\n|rule|Sleep Clause Mod: Limit one foe put to sleep\n|rule|Mega Rayquaza Clause: You cannot mega evolve Rayquaza\n|clearpoke\n|poke|p1|Venomoth, M|\n|poke|p1|Orthworm, M|\n|poke|p1|Spidops, M|\n|poke|p1|Barraskewda, F|\n|poke|p1|Toedscruel, M|\n|poke|p1|Clodsire, M|\n|poke|p2|Blacephalon|\n|poke|p2|Blaziken, M|\n|poke|p2|Ho-Oh|\n|poke|p2|Torkoal, M|\n|poke|p2|Chi-Yu|\n|poke|p2|Entei|\n|teampreview\n|\n|t:|1699092242\n|start\n|switch|p1a: Spidops|Spidops, M, shiny|100\/100\n|switch|p2a: \ud83d\udd25TORKAL\ud83d\udd25\u2600\ufe0f|Torkoal, M, shiny|100\/100\n|-weather|SunnyDay|[from] ability: Drought|[of] p2a: \ud83d\udd25TORKAL\ud83d\udd25\u2600\ufe0f\n|turn|1\n|inactive|Battle timer is ON: inactive players will automatically lose when time's up. (requested by Venosad)\n|\n|t:|1699092283\n|switch|p2a: \ud83d\udd25BLACEPHALON\ud83d\udd25|Blacephalon, shiny|100\/100\n|move|p1a: Spidops|Circle Throw|p2a: \ud83d\udd25BLACEPHALON\ud83d\udd25\n|-immune|p2a: \ud83d\udd25BLACEPHALON\ud83d\udd25\n|\n|-weather|SunnyDay|[upkeep]\n|upkeep\n|turn|2\n|\n|t:|1699092293\n|-terastallize|p2a: \ud83d\udd25BLACEPHALON\ud83d\udd25|Fire\n|move|p2a: \ud83d\udd25BLACEPHALON\ud83d\udd25|Flamethrower|p1a: Spidops\n|-supereffective|p1a: Spidops\n|-enditem|p1a: Spidops|Focus Sash\n|-damage|p1a: Spidops|1\/100\n|move|p1a: Spidops|Sticky Web|p2a: \ud83d\udd25BLACEPHALON\ud83d\udd25\n|-sidestart|p2: INFERNO-M0DE\u2668\ufe0f|move: Sticky Web\n|\n|-weather|SunnyDay|[upkeep]\n|upkeep\n|turn|3\n|\n|t:|1699092304\n|move|p2a: \ud83d\udd25BLACEPHALON\ud83d\udd25|Flamethrower|p1a: Spidops\n|-supereffective|p1a: Spidops\n|-damage|p1a: Spidops|0 fnt\n|faint|p1a: Spidops\n|-ability|p2a: \ud83d\udd25BLACEPHALON\ud83d\udd25|Beast Boost|boost\n|-boost|p2a: \ud83d\udd25BLACEPHALON\ud83d\udd25|spa|1\n|\n|-weather|SunnyDay|[upkeep]\n|upkeep\n|\n|t:|1699092311\n|switch|p1a: Barraskewda|Barraskewda, F|100\/100\n|turn|4\n|\n|t:|1699092317\n|move|p1a: Barraskewda|Liquidation|p2a: \ud83d\udd25BLACEPHALON\ud83d\udd25\n|-supereffective|p2a: \ud83d\udd25BLACEPHALON\ud83d\udd25\n|-damage|p2a: \ud83d\udd25BLACEPHALON\ud83d\udd25|0 fnt\n|faint|p2a: \ud83d\udd25BLACEPHALON\ud83d\udd25\n|-damage|p1a: Barraskewda|91\/100|[from] item: Life Orb\n|\n|-weather|SunnyDay|[upkeep]\n|upkeep\n|\n|t:|1699092325\n|switch|p2a: \ud83d\udd25\ud83d\udd25HO-OHI\ud83d\udd25\ud83d\udd25\ud83d\ude21|Ho-Oh|100\/100\n|turn|5\n|\n|t:|1699092329\n|move|p1a: Barraskewda|Liquidation|p2a: \ud83d\udd25\ud83d\udd25HO-OHI\ud83d\udd25\ud83d\udd25\ud83d\ude21\n|-supereffective|p2a: \ud83d\udd25\ud83d\udd25HO-OHI\ud83d\udd25\ud83d\udd25\ud83d\ude21\n|-damage|p2a: \ud83d\udd25\ud83d\udd25HO-OHI\ud83d\udd25\ud83d\udd25\ud83d\ude21|37\/100\n|-damage|p1a: Barraskewda|81\/100|[from] item: Life Orb\n|move|p2a: \ud83d\udd25\ud83d\udd25HO-OHI\ud83d\udd25\ud83d\udd25\ud83d\ude21|Sacred Fire|p1a: Barraskewda\n|-resisted|p1a: Barraskewda\n|-damage|p1a: Barraskewda|0 fnt\n|faint|p1a: Barraskewda\n|\n|-weather|SunnyDay|[upkeep]\n|upkeep\n|\n|t:|1699092342\n|switch|p1a: Bad ability;(|Toedscruel, M|100\/100\n|turn|6\n|\n|t:|1699092347\n|move|p1a: Bad ability;(|Sludge Bomb|p2a: \ud83d\udd25\ud83d\udd25HO-OHI\ud83d\udd25\ud83d\udd25\ud83d\ude21\n|-damage|p2a: \ud83d\udd25\ud83d\udd25HO-OHI\ud83d\udd25\ud83d\udd25\ud83d\ude21|25\/100\n|move|p2a: \ud83d\udd25\ud83d\udd25HO-OHI\ud83d\udd25\ud83d\udd25\ud83d\ude21|Recover|p2a: \ud83d\udd25\ud83d\udd25HO-OHI\ud83d\udd25\ud83d\udd25\ud83d\ude21\n|-heal|p2a: \ud83d\udd25\ud83d\udd25HO-OHI\ud83d\udd25\ud83d\udd25\ud83d\ude21|75\/100\n|\n|-weather|SunnyDay|[upkeep]\n|upkeep\n|turn|7\n|\n|t:|1699092357\n|move|p1a: Bad ability;(|Sludge Bomb|p2a: \ud83d\udd25\ud83d\udd25HO-OHI\ud83d\udd25\ud83d\udd25\ud83d\ude21\n|-damage|p2a: \ud83d\udd25\ud83d\udd25HO-OHI\ud83d\udd25\ud83d\udd25\ud83d\ude21|64\/100\n|-status|p2a: \ud83d\udd25\ud83d\udd25HO-OHI\ud83d\udd25\ud83d\udd25\ud83d\ude21|psn\n|move|p2a: \ud83d\udd25\ud83d\udd25HO-OHI\ud83d\udd25\ud83d\udd25\ud83d\ude21|Sacred Fire|p1a: Bad ability;(\n|-supereffective|p1a: Bad ability;(\n|-damage|p1a: Bad ability;(|0 fnt\n|faint|p1a: Bad ability;(\n|\n|-weather|SunnyDay|[upkeep]\n|-damage|p2a: \ud83d\udd25\ud83d\udd25HO-OHI\ud83d\udd25\ud83d\udd25\ud83d\ude21|51\/100 psn|[from] psn\n|upkeep\n|\n|t:|1699092370\n|switch|p1a: Orthworm|Orthworm, M|100\/100\n|turn|8\n|\n|t:|1699092380\n|move|p2a: \ud83d\udd25\ud83d\udd25HO-OHI\ud83d\udd25\ud83d\udd25\ud83d\ude21|Sacred Fire|p1a: Orthworm\n|-supereffective|p1a: Orthworm\n|-damage|p1a: Orthworm|0 fnt\n|faint|p1a: Orthworm\n|\n|-weather|none\n|-damage|p2a: \ud83d\udd25\ud83d\udd25HO-OHI\ud83d\udd25\ud83d\udd25\ud83d\ude21|39\/100 psn|[from] psn\n|upkeep\n|\n|t:|1699092385\n|switch|p1a: Clodsire|Clodsire, M|100\/100\n|turn|9\n|\n|t:|1699092394\n|move|p1a: Clodsire|Protect|p1a: Clodsire\n|-singleturn|p1a: Clodsire|Protect\n|move|p2a: \ud83d\udd25\ud83d\udd25HO-OHI\ud83d\udd25\ud83d\udd25\ud83d\ude21|Sacred Fire|p1a: Clodsire\n|-activate|p1a: Clodsire|move: Protect\n|\n|-damage|p2a: \ud83d\udd25\ud83d\udd25HO-OHI\ud83d\udd25\ud83d\udd25\ud83d\ude21|26\/100 psn|[from] psn\n|upkeep\n|turn|10\n|\n|t:|1699092409\n|move|p2a: \ud83d\udd25\ud83d\udd25HO-OHI\ud83d\udd25\ud83d\udd25\ud83d\ude21|Recover|p2a: \ud83d\udd25\ud83d\udd25HO-OHI\ud83d\udd25\ud83d\udd25\ud83d\ude21\n|-heal|p2a: \ud83d\udd25\ud83d\udd25HO-OHI\ud83d\udd25\ud83d\udd25\ud83d\ude21|76\/100 psn\n|move|p1a: Clodsire|Recover||[still]\n|-fail|p1a: Clodsire|heal\n|\n|-damage|p2a: \ud83d\udd25\ud83d\udd25HO-OHI\ud83d\udd25\ud83d\udd25\ud83d\ude21|64\/100 psn|[from] psn\n|upkeep\n|turn|11\n|\n|t:|1699092418\n|switch|p2a: \ud83d\udd25TORKAL\ud83d\udd25\u2600\ufe0f|Torkoal, M, shiny|100\/100\n|-activate|p2a: \ud83d\udd25TORKAL\ud83d\udd25\u2600\ufe0f|move: Sticky Web\n|-unboost|p2a: \ud83d\udd25TORKAL\ud83d\udd25\u2600\ufe0f|spe|1\n|-weather|SunnyDay|[from] ability: Drought|[of] p2a: \ud83d\udd25TORKAL\ud83d\udd25\u2600\ufe0f\n|move|p1a: Clodsire|Protect||[still]\n|-fail|p1a: Clodsire\n|\n|-weather|SunnyDay|[upkeep]\n|upkeep\n|turn|12\n|\n|t:|1699092430\n|move|p1a: Clodsire|Toxic|p2a: \ud83d\udd25TORKAL\ud83d\udd25\u2600\ufe0f\n|-status|p2a: \ud83d\udd25TORKAL\ud83d\udd25\u2600\ufe0f|tox\n|move|p2a: \ud83d\udd25TORKAL\ud83d\udd25\u2600\ufe0f|Rapid Spin|p1a: Clodsire\n|-damage|p1a: Clodsire|89\/100\n|-boost|p2a: \ud83d\udd25TORKAL\ud83d\udd25\u2600\ufe0f|spe|1\n|-sideend|p2: INFERNO-M0DE\u2668\ufe0f|Sticky Web|[from] move: Rapid Spin|[of] p2a: \ud83d\udd25TORKAL\ud83d\udd25\u2600\ufe0f\n|\n|-weather|SunnyDay|[upkeep]\n|-heal|p1a: Clodsire|96\/100|[from] item: Black Sludge\n|-damage|p2a: \ud83d\udd25TORKAL\ud83d\udd25\u2600\ufe0f|94\/100 tox|[from] psn\n|upkeep\n|turn|13\n|\n|t:|1699092441\n|switch|p2a: \ud83d\udd25CHI-YU\ud83d\udd25\ud83d\udc1f|Chi-Yu|100\/100\n|-ability|p2a: \ud83d\udd25CHI-YU\ud83d\udd25\ud83d\udc1f|Beads of Ruin\n|move|p1a: Clodsire|Earthquake|p2a: \ud83d\udd25CHI-YU\ud83d\udd25\ud83d\udc1f\n|-supereffective|p2a: \ud83d\udd25CHI-YU\ud83d\udd25\ud83d\udc1f\n|-crit|p2a: \ud83d\udd25CHI-YU\ud83d\udd25\ud83d\udc1f\n|-damage|p2a: \ud83d\udd25CHI-YU\ud83d\udd25\ud83d\udc1f|0 fnt\n|faint|p2a: \ud83d\udd25CHI-YU\ud83d\udd25\ud83d\udc1f\n|\n|-weather|SunnyDay|[upkeep]\n|-heal|p1a: Clodsire|100\/100|[from] item: Black Sludge\n|upkeep\n|\n|t:|1699092454\n|switch|p2a: \ud83d\udd25\ud83d\udd25ENTEI\ud83d\udd25\ud83d\udd25|Entei, shiny|100\/100\n|turn|14\n|\n|t:|1699092461\n|move|p2a: \ud83d\udd25\ud83d\udd25ENTEI\ud83d\udd25\ud83d\udd25|Sacred Fire|p1a: Clodsire\n|-damage|p1a: Clodsire|26\/100\n|-status|p1a: Clodsire|brn\n|move|p1a: Clodsire|Toxic|p2a: \ud83d\udd25\ud83d\udd25ENTEI\ud83d\udd25\ud83d\udd25\n|-status|p2a: \ud83d\udd25\ud83d\udd25ENTEI\ud83d\udd25\ud83d\udd25|tox\n|\n|-weather|SunnyDay|[upkeep]\n|-heal|p1a: Clodsire|32\/100 brn|[from] item: Black Sludge\n|-damage|p2a: \ud83d\udd25\ud83d\udd25ENTEI\ud83d\udd25\ud83d\udd25|94\/100 tox|[from] psn\n|-damage|p1a: Clodsire|26\/100 brn|[from] brn\n|upkeep\n|turn|15\n|\n|t:|1699092474\n|move|p1a: Clodsire|Protect|p1a: Clodsire\n|-singleturn|p1a: Clodsire|Protect\n|-zpower|p2a: \ud83d\udd25\ud83d\udd25ENTEI\ud83d\udd25\ud83d\udd25\n|move|p2a: \ud83d\udd25\ud83d\udd25ENTEI\ud83d\udd25\ud83d\udd25|Inferno Overdrive|p1a: Clodsire|[zeffect]\n|-zbroken|p1a: Clodsire\n|-damage|p1a: Clodsire|0 fnt\n|faint|p1a: Clodsire\n|\n|-weather|SunnyDay|[upkeep]\n|-damage|p2a: \ud83d\udd25\ud83d\udd25ENTEI\ud83d\udd25\ud83d\udd25|82\/100 tox|[from] psn\n|upkeep\n|\n|t:|1699092489\n|switch|p1a: VenosimpShi|Venomoth, M, shiny|100\/100\n|turn|16\n|\n|t:|1699092493\n|-terastallize|p1a: VenosimpShi|Poison\n|move|p2a: \ud83d\udd25\ud83d\udd25ENTEI\ud83d\udd25\ud83d\udd25|Flare Blitz|p1a: VenosimpShi\n|-damage|p1a: VenosimpShi|0 fnt\n|faint|p1a: VenosimpShi\n|-damage|p2a: \ud83d\udd25\ud83d\udd25ENTEI\ud83d\udd25\ud83d\udd25|57\/100 tox|[from] Recoil\n|\n|win|INFERNO-M0DE\u2668\ufe0f\n|raw|Venosad's rating: 1081 &rarr; <strong>1061<\/strong><br \/>(-20 for losing)\n|raw|INFERNO-M0DE\u2668\ufe0f's rating: 1114 &rarr; <strong>1137<\/strong><br \/>(+23 for winning)\n|l|\u2606Venosad\n","uploadtime":1699092676,"views":9,"p1id":"venosad","p2id":"infernom0de","formatid":"gen9nationaldexubers","rating":1061,"private":0,"password":""}