{"id":"gen9nationaldexubers-1986825288","p1":"xinnobu","p2":"zomboks134","format":"[Gen 9] National Dex Ubers","log":"|j|\u2606xinnobu\n|j|\u2606zomboks134\n|t:|1699530722\n|gametype|singles\n|player|p1|xinnobu|elesa-gen5bw2|1679\n|player|p2|zomboks134|pokemaniac|1581\n|teamsize|p1|6\n|teamsize|p2|6\n|gen|9\n|tier|[Gen 9] National Dex Ubers\n|rated|\n|rule|HP Percentage Mod: HP is shown in percentages\n|rule|Endless Battle Clause: Forcing endless battles is banned\n|rule|OHKO Clause: OHKO moves are banned\n|rule|Evasion Moves Clause: Evasion moves are banned\n|rule|Evasion Items Clause: Evasion items are banned\n|rule|Species Clause: Limit one of each Pok\u00e9mon\n|rule|Sleep Clause Mod: Limit one foe put to sleep\n|rule|Mega Rayquaza Clause: You cannot mega evolve Rayquaza\n|clearpoke\n|poke|p1|Glimmora, F|\n|poke|p1|Xerneas-*|\n|poke|p1|Groudon|\n|poke|p1|Yveltal|\n|poke|p1|Kyogre|\n|poke|p1|Zacian-*|\n|poke|p2|Garganacl, M|\n|poke|p2|Kingambit, M|\n|poke|p2|Ditto|\n|poke|p2|Mewtwo|\n|poke|p2|Arceus-Fairy|\n|poke|p2|Ho-Oh|\n|teampreview\n|l|\u2606zomboks134\n|player|p2|\n|inactive|Battle timer is ON: inactive players will automatically lose when time's up. (requested by xinnobu)\n|j|\u2606zomboks134\n|inactive|zomboks134 reconnected and has 150 seconds left.\n|player|p2|zomboks134|pokemaniac\n|inactive|zomboks134 also wants the timer to be on.\n|\n|t:|1699530740\n|start\n|switch|p1a: Zacian|Zacian-Crowned|100\/100\n|switch|p2a: Arceus|Arceus-Fairy|100\/100\n|-ability|p1a: Zacian|Intrepid Sword|boost\n|-boost|p1a: Zacian|atk|1\n|turn|1\n|\n|t:|1699530747\n|switch|p2a: Ho-Oh|Ho-Oh|100\/100\n|move|p1a: Zacian|Swords Dance|p1a: Zacian\n|-boost|p1a: Zacian|atk|2\n|\n|upkeep\n|turn|2\n|\n|t:|1699530753\n|-terastallize|p2a: Ho-Oh|Fire\n|move|p1a: Zacian|Wild Charge|p2a: Ho-Oh\n|-damage|p2a: Ho-Oh|20\/100\n|-damage|p1a: Zacian|75\/100|[from] Recoil\n|move|p2a: Ho-Oh|Sacred Fire|p1a: Zacian\n|-supereffective|p1a: Zacian\n|-damage|p1a: Zacian|0 fnt\n|faint|p1a: Zacian\n|\n|upkeep\n|\n|t:|1699530770\n|switch|p1a: Glimmora|Glimmora, F|100\/100\n|turn|3\n|inactive|zomboks134 has 120 seconds left.\n|\n|t:|1699530806\n|switch|p2a: Kingambit|Kingambit, M|100\/100\n|move|p1a: Glimmora|Mud Shot|p2a: Kingambit\n|-supereffective|p2a: Kingambit\n|-damage|p2a: Kingambit|65\/100\n|-unboost|p2a: Kingambit|spe|1\n|\n|upkeep\n|turn|4\n|inactive|zomboks134 has 120 seconds left.\n|\n|t:|1699530826\n|move|p1a: Glimmora|Mud Shot|p2a: Kingambit\n|-supereffective|p2a: Kingambit\n|-damage|p2a: Kingambit|27\/100\n|-unboost|p2a: Kingambit|spe|1\n|move|p2a: Kingambit|Knock Off|p1a: Glimmora\n|-damage|p1a: Glimmora|21\/100\n|-activate|p1a: Glimmora|ability: Toxic Debris\n|-sidestart|p2: zomboks134|move: Toxic Spikes\n|-enditem|p1a: Glimmora|Focus Sash|[from] move: Knock Off|[of] p2a: Kingambit\n|\n|upkeep\n|turn|5\n|\n|t:|1699530835\n|move|p2a: Kingambit|Sucker Punch||[still]\n|-fail|p2a: Kingambit\n|move|p1a: Glimmora|Stealth Rock|p2a: Kingambit\n|-sidestart|p2: zomboks134|move: Stealth Rock\n|\n|upkeep\n|turn|6\n|\n|t:|1699530839\n|move|p2a: Kingambit|Sucker Punch|p1a: Glimmora\n|-damage|p1a: Glimmora|0 fnt\n|-activate|p1a: Glimmora|ability: Toxic Debris\n|-sidestart|p2: zomboks134|move: Toxic Spikes\n|faint|p1a: Glimmora\n|\n|upkeep\n|\n|t:|1699530847\n|switch|p1a: Xerneas|Xerneas|100\/100\n|-ability|p1a: Xerneas|Fairy Aura\n|turn|7\n|inactive|zomboks134 has 120 seconds left.\n|inactive|zomboks134 has 90 seconds left.\n|inactive|zomboks134 has 60 seconds left.\n|\n|t:|1699530933\n|-end|p2a: Kingambit|fallenundefined|[silent]\n|switch|p2a: Garganacl|Garganacl, M|100\/100\n|-damage|p2a: Garganacl|88\/100|[from] Stealth Rock\n|move|p1a: Xerneas|Moonblast|p2a: Garganacl\n|-damage|p2a: Garganacl|28\/100\n|\n|-heal|p2a: Garganacl|35\/100|[from] item: Leftovers\n|upkeep\n|turn|8\n|inactive|zomboks134 has 60 seconds left.\n|l|\u2606zomboks134\n|inactive|zomboks134 disconnected and has a minute to reconnect!\n|player|p2|\n|j|\u2606zomboks134\n|inactive|zomboks134 reconnected and has 35 seconds left.\n|player|p2|zomboks134|pokemaniac\n|inactive|zomboks134 has 30 seconds left.\n|inactive|zomboks134 has 20 seconds left.\n|\n|t:|1699530981\n|move|p2a: Garganacl|Protect|p2a: Garganacl\n|-singleturn|p2a: Garganacl|Protect\n|move|p1a: Xerneas|Substitute|p1a: Xerneas\n|-start|p1a: Xerneas|Substitute\n|-damage|p1a: Xerneas|76\/100\n|\n|-heal|p2a: Garganacl|41\/100|[from] item: Leftovers\n|upkeep\n|turn|9\n|inactive|zomboks134 has 30 seconds left this turn.\n|\n|t:|1699530993\n|switch|p2a: Ho-Oh|Ho-Oh, tera:Fire|54\/100\n|move|p1a: Xerneas|Geomancy||[still]\n|-prepare|p1a: Xerneas|Geomancy\n|-enditem|p1a: Xerneas|Power Herb\n|-anim|p1a: Xerneas|Geomancy|p1a: Xerneas\n|-boost|p1a: Xerneas|spa|2\n|-boost|p1a: Xerneas|spd|2\n|-boost|p1a: Xerneas|spe|2\n|\n|upkeep\n|turn|10\n|inactive|zomboks134 has 30 seconds left.\n|\n|t:|1699531001\n|switch|p2a: Garganacl|Garganacl, M|41\/100\n|-damage|p2a: Garganacl|28\/100|[from] Stealth Rock\n|-terastallize|p1a: Xerneas|Fairy\n|move|p1a: Xerneas|Moonblast|p2a: Garganacl\n|-damage|p2a: Garganacl|0 fnt\n|faint|p2a: Garganacl\n|\n|upkeep\n|inactive|zomboks134 has 30 seconds left.\n|\n|t:|1699531013\n|switch|p2a: Ho-Oh|Ho-Oh, tera:Fire|87\/100\n|turn|11\n|\n|t:|1699531016\n|move|p1a: Xerneas|Moonblast|p2a: Ho-Oh\n|-resisted|p2a: Ho-Oh\n|-damage|p2a: Ho-Oh|47\/100\n|-unboost|p2a: Ho-Oh|spa|1\n|move|p2a: Ho-Oh|Whirlwind|p1a: Xerneas\n|drag|p1a: Yveltal|Yveltal|100\/100\n|-ability|p1a: Yveltal|Dark Aura\n|\n|upkeep\n|turn|12\n|\n|t:|1699531024\n|switch|p2a: Arceus|Arceus-Fairy|100\/100\n|-status|p2a: Arceus|tox\n|-damage|p2a: Arceus|88\/100 tox|[from] Stealth Rock\n|move|p1a: Yveltal|Knock Off|p2a: Arceus\n|-resisted|p2a: Arceus\n|-damage|p2a: Arceus|70\/100 tox\n|-damage|p1a: Yveltal|91\/100|[from] item: Life Orb\n|\n|-damage|p2a: Arceus|64\/100 tox|[from] psn\n|upkeep\n|turn|13\n|\n|t:|1699531034\n|switch|p1a: Xerneas|Xerneas, tera:Fairy|76\/100\n|-ability|p1a: Xerneas|Fairy Aura\n|move|p2a: Arceus|Judgment|p1a: Xerneas\n|-damage|p1a: Xerneas|14\/100\n|\n|-damage|p2a: Arceus|52\/100 tox|[from] psn\n|upkeep\n|turn|14\n|\n|t:|1699531045\n|move|p1a: Xerneas|Moonblast|p2a: Arceus\n|-damage|p2a: Arceus|0 fnt\n|faint|p2a: Arceus\n|\n|upkeep\n|\n|t:|1699531050\n|switch|p2a: Ho-Oh|Ho-Oh, tera:Fire|80\/100\n|turn|15\n|\n|t:|1699531053\n|move|p1a: Xerneas|Moonblast|p2a: Ho-Oh\n|-resisted|p2a: Ho-Oh\n|-damage|p2a: Ho-Oh|60\/100\n|move|p2a: Ho-Oh|Defog|p1a: Xerneas\n|-unboost|p1a: Xerneas|evasion|1\n|-sideend|p2: zomboks134|Toxic Spikes|[from] move: Defog|[of] p2a: Ho-Oh\n|-sideend|p2: zomboks134|Stealth Rock|[from] move: Defog|[of] p2a: Ho-Oh\n|\n|upkeep\n|turn|16\n|inactive|zomboks134 has 60 seconds left.\n|\n|t:|1699531069\n|move|p1a: Xerneas|Moonblast|p2a: Ho-Oh\n|-resisted|p2a: Ho-Oh\n|-damage|p2a: Ho-Oh|42\/100\n|move|p2a: Ho-Oh|Sacred Fire|p1a: Xerneas\n|-damage|p1a: Xerneas|0 fnt\n|faint|p1a: Xerneas\n|\n|upkeep\n|\n|t:|1699531075\n|switch|p1a: Kyogre|Kyogre|100\/100\n|detailschange|p1a: Kyogre|Kyogre-Primal\n|-primal|p1a: Kyogre|Blue Orb\n|-weather|PrimordialSea|[from] ability: Primordial Sea|[of] p1a: Kyogre\n|turn|17\n|inactive|zomboks134 has 60 seconds left.\n|\n|t:|1699531084\n|move|p1a: Kyogre|Water Spout|p2a: Ho-Oh\n|-supereffective|p2a: Ho-Oh\n|-damage|p2a: Ho-Oh|0 fnt\n|faint|p2a: Ho-Oh\n|\n|-weather|PrimordialSea|[upkeep]\n|upkeep\n|inactive|zomboks134 has 60 seconds left.\n|\n|t:|1699531090\n|switch|p2a: Mewtwo|Mewtwo|100\/100\n|-ability|p2a: Mewtwo|Pressure\n|turn|18\n|\n|t:|1699531094\n|detailschange|p2a: Mewtwo|Mewtwo-Mega-Y\n|-mega|p2a: Mewtwo|Mewtwo|Mewtwonite Y\n|move|p2a: Mewtwo|Psystrike|p1a: Kyogre\n|-damage|p1a: Kyogre|18\/100\n|move|p1a: Kyogre|Origin Pulse|p2a: Mewtwo\n|-damage|p2a: Mewtwo|16\/100\n|\n|-weather|PrimordialSea|[upkeep]\n|upkeep\n|turn|19\n|\n|t:|1699531106\n|move|p2a: Mewtwo|Ice Beam|p1a: Kyogre\n|-resisted|p1a: Kyogre\n|-damage|p1a: Kyogre|5\/100\n|move|p1a: Kyogre|Origin Pulse|p2a: Mewtwo\n|-damage|p2a: Mewtwo|0 fnt\n|faint|p2a: Mewtwo\n|\n|-weather|PrimordialSea|[upkeep]\n|upkeep\n|\n|t:|1699531111\n|switch|p2a: Ditto|Ditto|100\/100\n|-transform|p2a: Ditto|p1a: Kyogre|[from] ability: Imposter\n|turn|20\n|\n|t:|1699531116\n|move|p2a: Ditto|Ice Beam|p1a: Kyogre\n|-resisted|p1a: Kyogre\n|-damage|p1a: Kyogre|0 fnt\n|faint|p1a: Kyogre\n|\n|-weather|PrimordialSea|[upkeep]\n|upkeep\n|\n|t:|1699531120\n|switch|p1a: Groudon|Groudon|100\/100\n|detailschange|p1a: Groudon|Groudon-Primal\n|-primal|p1a: Groudon|Red Orb\n|-weather|DesolateLand|[from] ability: Desolate Land|[of] p1a: Groudon\n|turn|21\n|\n|t:|1699531125\n|move|p2a: Ditto|Ice Beam|p1a: Groudon\n|-crit|p1a: Groudon\n|-damage|p1a: Groudon|47\/100\n|move|p1a: Groudon|Precipice Blades|p2a: Ditto\n|-damage|p2a: Ditto|0 fnt\n|faint|p2a: Ditto\n|\n|-weather|DesolateLand|[upkeep]\n|upkeep\n|\n|t:|1699531134\n|switch|p2a: Kingambit|Kingambit, M|27\/100\n|-activate|p2a: Kingambit|ability: Supreme Overlord\n|-start|p2a: Kingambit|fallen5|[silent]\n|turn|22\n|\n|t:|1699531137\n|move|p2a: Kingambit|Sucker Punch|p1a: Groudon\n|-damage|p1a: Groudon|2\/100\n|move|p1a: Groudon|Heat Crash|p2a: Kingambit\n|-supereffective|p2a: Kingambit\n|-damage|p2a: Kingambit|0 fnt\n|faint|p2a: Kingambit\n|-end|p2a: Kingambit|fallen5|[silent]\n|\n|win|xinnobu\n|raw|xinnobu's rating: 1679 &rarr; <strong>1694<\/strong><br \/>(+15 for winning)\n|raw|zomboks134's rating: 1581 &rarr; <strong>1566<\/strong><br \/>(-15 for losing)\n|l|\u2606zomboks134\n|l|\u2606xinnobu\n","uploadtime":1699531141,"views":5,"p1id":"xinnobu","p2id":"zomboks134","formatid":"gen9nationaldexubers","rating":1566,"private":0,"password":""}