{"id":"gen9nationaldexubers-1993916260","p1":"vptwarrior","p2":"yuiiopii1010","format":"[Gen 9] National Dex Ubers","log":"|j|\u2606vptwarrior\n|j|\u2606yuiiopii1010\n|t:|1700374920\n|gametype|singles\n|player|p1|vptwarrior|swimmer|1172\n|player|p2|yuiiopii1010|red|1000\n|teamsize|p1|6\n|teamsize|p2|6\n|gen|9\n|tier|[Gen 9] National Dex Ubers\n|rated|\n|rule|HP Percentage Mod: HP is shown in percentages\n|rule|Endless Battle Clause: Forcing endless battles is banned\n|rule|OHKO Clause: OHKO moves are banned\n|rule|Evasion Moves Clause: Evasion moves are banned\n|rule|Evasion Items Clause: Evasion items are banned\n|rule|Species Clause: Limit one of each Pok\u00e9mon\n|rule|Sleep Clause Mod: Limit one foe put to sleep\n|rule|Mega Rayquaza Clause: You cannot mega evolve Rayquaza\n|clearpoke\n|poke|p1|Lokix, M|\n|poke|p1|Goodra, M|\n|poke|p1|Ceruledge, M|\n|poke|p1|Kilowattrel, M|\n|poke|p1|Orthworm, M|\n|poke|p1|Pawmot, M|\n|poke|p2|Beedrill, F|\n|poke|p2|Ursaluna-Bloodmoon, M|\n|poke|p2|Lurantis, M|\n|poke|p2|Zacian-*|\n|poke|p2|Iron Bundle|\n|poke|p2|Dracovish|\n|teampreview\n|\n|t:|1700374926\n|start\n|switch|p1a: Dark Rider|Lokix, M|100\/100\n|switch|p2a: Lurantis|Lurantis, M|100\/100\n|turn|1\n|\n|t:|1700374933\n|move|p1a: Dark Rider|First Impression|p2a: Lurantis\n|-supereffective|p2a: Lurantis\n|-damage|p2a: Lurantis|15\/100\n|move|p2a: Lurantis|Synthesis|p2a: Lurantis\n|-heal|p2a: Lurantis|65\/100\n|\n|upkeep\n|turn|2\n|\n|t:|1700374938\n|move|p1a: Dark Rider|Leech Life|p2a: Lurantis\n|-supereffective|p2a: Lurantis\n|-damage|p2a: Lurantis|0 fnt\n|faint|p2a: Lurantis\n|\n|upkeep\n|\n|t:|1700374942\n|switch|p2a: Beedrill|Beedrill, F|100\/100\n|turn|3\n|\n|t:|1700374950\n|switch|p1a: Playmobile|Orthworm, M|100\/100\n|detailschange|p2a: Beedrill|Beedrill-Mega, F\n|-mega|p2a: Beedrill|Beedrill|Beedrillite\n|move|p2a: Beedrill|Fell Stinger|p1a: Playmobile\n|-resisted|p1a: Playmobile\n|-damage|p1a: Playmobile|85\/100\n|\n|-heal|p1a: Playmobile|91\/100|[from] item: Leftovers\n|upkeep\n|turn|4\n|\n|t:|1700374958\n|switch|p2a: Zacian|Zacian-Crowned|100\/100\n|-ability|p2a: Zacian|Intrepid Sword|boost\n|-boost|p2a: Zacian|atk|1\n|move|p1a: Playmobile|Earthquake|p2a: Zacian\n|-supereffective|p2a: Zacian\n|-damage|p2a: Zacian|56\/100\n|\n|-heal|p1a: Playmobile|98\/100|[from] item: Leftovers\n|upkeep\n|turn|5\n|\n|t:|1700374965\n|move|p2a: Zacian|Close Combat|p1a: Playmobile\n|-supereffective|p1a: Playmobile\n|-damage|p1a: Playmobile|0 fnt\n|-unboost|p2a: Zacian|def|1\n|-unboost|p2a: Zacian|spd|1\n|faint|p1a: Playmobile\n|\n|upkeep\n|\n|t:|1700374979\n|switch|p1a: Soul Eater|Ceruledge, M|100\/100\n|turn|6\n|\n|t:|1700374999\n|move|p2a: Zacian|Play Rough|p1a: Soul Eater\n|-resisted|p1a: Soul Eater\n|-damage|p1a: Soul Eater|49\/100\n|-ability|p1a: Soul Eater|Weak Armor|boost\n|-unboost|p1a: Soul Eater|def|1\n|-boost|p1a: Soul Eater|spe|2\n|move|p1a: Soul Eater|Bitter Blade|p2a: Zacian\n|-supereffective|p2a: Zacian\n|-damage|p2a: Zacian|0 fnt\n|-heal|p1a: Soul Eater|81\/100|[from] drain|[of] p2a: Zacian\n|faint|p2a: Zacian\n|\n|upkeep\n|\n|t:|1700375001\n|switch|p2a: Dracovish|Dracovish|100\/100\n|turn|7\n|\n|t:|1700375011\n|move|p1a: Soul Eater|Dragon Claw|p2a: Dracovish\n|-supereffective|p2a: Dracovish\n|-damage|p2a: Dracovish|22\/100\n|move|p2a: Dracovish|Fishious Rend|p1a: Soul Eater\n|-supereffective|p1a: Soul Eater\n|-damage|p1a: Soul Eater|0 fnt\n|faint|p1a: Soul Eater\n|\n|upkeep\n|\n|t:|1700375017\n|switch|p1a: Dark Rider|Lokix, M|100\/100\n|turn|8\n|\n|t:|1700375022\n|switch|p2a: Ursaluna|Ursaluna-Bloodmoon, M|100\/100\n|move|p1a: Dark Rider|First Impression|p2a: Ursaluna\n|-damage|p2a: Ursaluna|73\/100\n|\n|-heal|p2a: Ursaluna|79\/100|[from] item: Leftovers\n|upkeep\n|turn|9\n|\n|t:|1700375027\n|switch|p1a: Windcharger|Kilowattrel, M|100\/100\n|move|p2a: Ursaluna|Blood Moon|p1a: Windcharger\n|-damage|p1a: Windcharger|0 fnt\n|faint|p1a: Windcharger\n|\n|-heal|p2a: Ursaluna|85\/100|[from] item: Leftovers\n|upkeep\n|\n|t:|1700375034\n|switch|p1a: Slorp|Goodra, M|100\/100\n|turn|10\n|\n|t:|1700375040\n|move|p1a: Slorp|Muddy Water|p2a: Ursaluna\n|-supereffective|p2a: Ursaluna\n|-damage|p2a: Ursaluna|13\/100\n|move|p2a: Ursaluna|Calm Mind|p2a: Ursaluna\n|-boost|p2a: Ursaluna|spa|1\n|-boost|p2a: Ursaluna|spd|1\n|\n|-heal|p2a: Ursaluna|19\/100|[from] item: Leftovers\n|upkeep\n|turn|11\n|\n|t:|1700375052\n|move|p1a: Slorp|Dragon Pulse|p2a: Ursaluna\n|-damage|p2a: Ursaluna|0 fnt\n|faint|p2a: Ursaluna\n|\n|upkeep\n|\n|t:|1700375055\n|switch|p2a: Dracovish|Dracovish|22\/100\n|turn|12\n|\n|t:|1700375063\n|move|p2a: Dracovish|Fishious Rend|p1a: Slorp\n|-resisted|p1a: Slorp\n|-damage|p1a: Slorp|35\/100\n|-enditem|p1a: Slorp|Sitrus Berry|[eat]\n|-heal|p1a: Slorp|60\/100|[from] item: Sitrus Berry\n|move|p1a: Slorp|Dragon Pulse|p2a: Dracovish\n|-supereffective|p2a: Dracovish\n|-damage|p2a: Dracovish|0 fnt\n|faint|p2a: Dracovish\n|\n|upkeep\n|\n|t:|1700375067\n|switch|p2a: Iron Bundle|Iron Bundle|100\/100\n|-enditem|p2a: Iron Bundle|Booster Energy\n|-activate|p2a: Iron Bundle|ability: Quark Drive|[fromitem]\n|-start|p2a: Iron Bundle|quarkdrivespa\n|turn|13\n|\n|t:|1700375078\n|move|p2a: Iron Bundle|Freeze-Dry|p1a: Slorp\n|-supereffective|p1a: Slorp\n|-damage|p1a: Slorp|0 fnt\n|faint|p1a: Slorp\n|\n|upkeep\n|\n|t:|1700375084\n|switch|p1a: Bop-It|Pawmot, M|100\/100\n|turn|14\n|inactive|Battle timer is ON: inactive players will automatically lose when time's up. (requested by vptwarrior)\n|\n|t:|1700375102\n|move|p2a: Iron Bundle|Play Rough|p1a: Bop-It\n|-supereffective|p1a: Bop-It\n|-damage|p1a: Bop-It|51\/100\n|move|p1a: Bop-It|Thunder Punch|p2a: Iron Bundle\n|-supereffective|p2a: Iron Bundle\n|-damage|p2a: Iron Bundle|0 fnt\n|faint|p2a: Iron Bundle\n|-end|p2a: Iron Bundle|Quark Drive|[silent]\n|\n|-heal|p1a: Bop-It|57\/100|[from] item: Leftovers\n|upkeep\n|\n|t:|1700375104\n|switch|p2a: Beedrill|Beedrill-Mega, F|100\/100\n|turn|15\n|\n|t:|1700375113\n|move|p2a: Beedrill|X-Scissor|p1a: Bop-It\n|-resisted|p1a: Bop-It\n|-damage|p1a: Bop-It|6\/100\n|move|p1a: Bop-It|Thunder Punch|p2a: Beedrill\n|-damage|p2a: Beedrill|0 fnt\n|faint|p2a: Beedrill\n|\n|win|vptwarrior\n|raw|vptwarrior's rating: 1172 &rarr; <strong>1186<\/strong><br \/>(+14 for winning)\n|raw|yuiiopii1010's rating: 1000 &rarr; <strong>1000<\/strong><br \/>(+0 for losing)\n|l|\u2606yuiiopii1010\n","uploadtime":1700375137,"views":6,"p1id":"vptwarrior","p2id":"yuiiopii1010","formatid":"gen9nationaldexubers","rating":1000,"private":0,"password":""}