{"id":"gen9nationaldexubers-1978395938","p1":"AltariaGolden","p2":"grass knot zygarde","format":"[Gen 9] National Dex Ubers","log":"|j|\u2606AltariaGolden\n|j|\u2606grass knot zygarde\n|t:|1698533524\n|gametype|singles\n|player|p1|AltariaGolden|lillie|1559\n|player|p2|grass knot zygarde|dawn|1642\n|teamsize|p1|6\n|teamsize|p2|6\n|gen|9\n|tier|[Gen 9] National Dex Ubers\n|rated|\n|rule|HP Percentage Mod: HP is shown in percentages\n|rule|Endless Battle Clause: Forcing endless battles is banned\n|rule|OHKO Clause: OHKO moves are banned\n|rule|Evasion Moves Clause: Evasion moves are banned\n|rule|Evasion Items Clause: Evasion items are banned\n|rule|Species Clause: Limit one of each Pok\u00e9mon\n|rule|Sleep Clause Mod: Limit one foe put to sleep\n|rule|Mega Rayquaza Clause: You cannot mega evolve Rayquaza\n|clearpoke\n|poke|p1|Pheromosa|\n|poke|p1|Araquanid, M|\n|poke|p1|Volcarona, F|\n|poke|p1|Kleavor, M|\n|poke|p1|Lokix, M|\n|poke|p1|Genesect|\n|poke|p2|Ho-Oh|\n|poke|p2|Tyranitar, F|\n|poke|p2|Chansey, F|\n|poke|p2|Mewtwo|\n|poke|p2|Dondozo, M|\n|poke|p2|Giratina|\n|teampreview\n|j| peppinopizzarizz\n|\n|t:|1698533557\n|start\n|switch|p1a: Kleavor|Kleavor, M|100\/100\n|switch|p2a: Prosthetic Legs|Mewtwo, shiny|100\/100\n|-ability|p2a: Prosthetic Legs|Pressure\n|turn|1\n|c| peppinopizzarizz|this battle needs a hero!\n|\n|t:|1698533562\n|move|p2a: Prosthetic Legs|Will-O-Wisp|p1a: Kleavor\n|-status|p1a: Kleavor|brn\n|move|p1a: Kleavor|Stone Axe|p2a: Prosthetic Legs\n|-damage|p2a: Prosthetic Legs|78\/100\n|-damage|p1a: Kleavor|84\/100 brn|[from] item: Rocky Helmet|[of] p2a: Prosthetic Legs\n|-sidestart|p2: grass knot zygarde|move: Stealth Rock\n|\n|-damage|p1a: Kleavor|78\/100 brn|[from] brn\n|upkeep\n|turn|2\n|l|peppinopizzarizz\n|\n|t:|1698533574\n|switch|p2a: Hole in the Earth|Giratina, shiny|100\/100\n|-damage|p2a: Hole in the Earth|88\/100|[from] Stealth Rock\n|-ability|p2a: Hole in the Earth|Pressure\n|move|p1a: Kleavor|X-Scissor|p2a: Hole in the Earth\n|-resisted|p2a: Hole in the Earth\n|-damage|p2a: Hole in the Earth|81\/100\n|\n|-heal|p2a: Hole in the Earth|88\/100|[from] item: Leftovers\n|-damage|p1a: Kleavor|72\/100 brn|[from] brn\n|upkeep\n|turn|3\n|\n|t:|1698533582\n|move|p1a: Kleavor|Knock Off|p2a: Hole in the Earth\n|-supereffective|p2a: Hole in the Earth\n|-damage|p2a: Hole in the Earth|74\/100\n|-enditem|p2a: Hole in the Earth|Leftovers|[from] move: Knock Off|[of] p1a: Kleavor\n|move|p2a: Hole in the Earth|Defog|p1a: Kleavor\n|-unboost|p1a: Kleavor|evasion|1\n|-sideend|p2: grass knot zygarde|Stealth Rock|[from] move: Defog|[of] p2a: Hole in the Earth\n|\n|-damage|p1a: Kleavor|66\/100 brn|[from] brn\n|upkeep\n|turn|4\n|\n|t:|1698533586\n|move|p1a: Kleavor|Stone Axe|p2a: Hole in the Earth\n|-damage|p2a: Hole in the Earth|63\/100\n|-sidestart|p2: grass knot zygarde|move: Stealth Rock\n|move|p2a: Hole in the Earth|Dragon Tail|p1a: Kleavor\n|-damage|p1a: Kleavor|38\/100 brn\n|drag|p1a: Lokix|Lokix, M|100\/100\n|\n|upkeep\n|turn|5\n|j| incrediblebraps\n|\n|t:|1698533598\n|switch|p2a: Danced in Fiya|Ho-Oh, shiny|100\/100\n|move|p1a: Lokix|U-turn|p2a: Danced in Fiya\n|-resisted|p2a: Danced in Fiya\n|-damage|p2a: Danced in Fiya|86\/100\n|-damage|p1a: Lokix|91\/100|[from] item: Life Orb\n|\n|t:|1698533605\n|switch|p1a: Kleavor|Kleavor, M|38\/100 brn|[from] U-turn\n|\n|-damage|p1a: Kleavor|32\/100 brn|[from] brn\n|upkeep\n|turn|6\n|\n|t:|1698533611\n|switch|p2a: Hole in the Earth|Giratina, shiny|63\/100\n|-damage|p2a: Hole in the Earth|51\/100|[from] Stealth Rock\n|-ability|p2a: Hole in the Earth|Pressure\n|move|p1a: Kleavor|Stone Axe|p2a: Hole in the Earth\n|-damage|p2a: Hole in the Earth|40\/100\n|\n|-damage|p1a: Kleavor|26\/100 brn|[from] brn\n|upkeep\n|turn|7\n|\n|t:|1698533616\n|move|p1a: Kleavor|Stone Axe|p2a: Hole in the Earth\n|-damage|p2a: Hole in the Earth|30\/100\n|move|p2a: Hole in the Earth|Rest|p2a: Hole in the Earth\n|-status|p2a: Hole in the Earth|slp|[from] move: Rest\n|-heal|p2a: Hole in the Earth|100\/100 slp|[silent]\n|\n|-damage|p1a: Kleavor|20\/100 brn|[from] brn\n|upkeep\n|turn|8\n|n| incrediblebraps|incrediblebraps\n|\n|t:|1698533620\n|move|p1a: Kleavor|Stone Axe|p2a: Hole in the Earth\n|-damage|p2a: Hole in the Earth|90\/100 slp\n|cant|p2a: Hole in the Earth|slp\n|\n|-damage|p1a: Kleavor|14\/100 brn|[from] brn\n|upkeep\n|turn|9\n|c| incrediblebraps|im feeling so gassy\n|\n|t:|1698533625\n|move|p1a: Kleavor|Stone Axe|p2a: Hole in the Earth\n|-damage|p2a: Hole in the Earth|80\/100 slp\n|cant|p2a: Hole in the Earth|slp\n|\n|-damage|p1a: Kleavor|8\/100 brn|[from] brn\n|upkeep\n|turn|10\n|\n|t:|1698533636\n|move|p1a: Kleavor|Knock Off|p2a: Hole in the Earth\n|-supereffective|p2a: Hole in the Earth\n|-crit|p2a: Hole in the Earth\n|-damage|p2a: Hole in the Earth|65\/100 slp\n|-curestatus|p2a: Hole in the Earth|slp|[msg]\n|move|p2a: Hole in the Earth|Defog|p1a: Kleavor\n|-unboost|p1a: Kleavor|evasion|1\n|-sideend|p2: grass knot zygarde|Stealth Rock|[from] move: Defog|[of] p2a: Hole in the Earth\n|\n|-damage|p1a: Kleavor|2\/100 brn|[from] brn\n|upkeep\n|turn|11\n|\n|t:|1698533651\n|switch|p2a: Prosthetic Legs|Mewtwo, shiny|78\/100\n|-ability|p2a: Prosthetic Legs|Pressure\n|move|p1a: Kleavor|Stone Axe|p2a: Prosthetic Legs\n|-damage|p2a: Prosthetic Legs|54\/100\n|-damage|p1a: Kleavor|0 fnt|[from] item: Rocky Helmet|[of] p2a: Prosthetic Legs\n|faint|p1a: Kleavor\n|\n|upkeep\n|\n|t:|1698533658\n|switch|p1a: Lokix|Lokix, M|91\/100\n|turn|12\n|\n|t:|1698533667\n|switch|p2a: Danced in Fiya|Ho-Oh, shiny|100\/100\n|move|p1a: Lokix|U-turn|p2a: Danced in Fiya\n|-resisted|p2a: Danced in Fiya\n|-damage|p2a: Danced in Fiya|88\/100\n|-damage|p1a: Lokix|81\/100|[from] item: Life Orb\n|\n|t:|1698533674\n|switch|p1a: Araquanid|Araquanid, M|100\/100|[from] U-turn\n|\n|upkeep\n|turn|13\n|\n|t:|1698533680\n|switch|p2a: idk who this is|Dondozo, M, shiny|100\/100\n|move|p1a: Araquanid|Liquidation|p2a: idk who this is\n|-resisted|p2a: idk who this is\n|-damage|p2a: idk who this is|90\/100\n|\n|-heal|p2a: idk who this is|97\/100|[from] item: Leftovers\n|upkeep\n|turn|14\n|\n|t:|1698533685\n|move|p1a: Araquanid|Toxic|p2a: idk who this is\n|-status|p2a: idk who this is|tox\n|move|p2a: idk who this is|Curse|p2a: idk who this is\n|-unboost|p2a: idk who this is|spe|1\n|-boost|p2a: idk who this is|atk|1\n|-boost|p2a: idk who this is|def|1\n|\n|-heal|p2a: idk who this is|100\/100 tox|[from] item: Leftovers\n|-damage|p2a: idk who this is|94\/100 tox|[from] psn\n|upkeep\n|turn|15\n|\n|t:|1698533695\n|switch|p1a: Genesect|Genesect, shiny|100\/100\n|-ability|p1a: Genesect|Download|boost\n|-boost|p1a: Genesect|spa|1\n|move|p2a: idk who this is|Liquidation|p1a: Genesect\n|-damage|p1a: Genesect|34\/100\n|\n|-heal|p2a: idk who this is|100\/100 tox|[from] item: Leftovers\n|-damage|p2a: idk who this is|88\/100 tox|[from] psn\n|upkeep\n|turn|16\n|\n|t:|1698533702\n|switch|p2a: Torture|Chansey, F, shiny|100\/100\n|move|p1a: Genesect|U-turn|p2a: Torture\n|-damage|p2a: Torture|72\/100\n|\n|t:|1698533707\n|switch|p1a: Pheromosa|Pheromosa, shiny|100\/100|[from] U-turn\n|\n|upkeep\n|turn|17\n|\n|t:|1698533714\n|switch|p2a: Danced in Fiya|Ho-Oh, shiny|100\/100\n|move|p1a: Pheromosa|Throat Chop|p2a: Danced in Fiya\n|-damage|p2a: Danced in Fiya|73\/100\n|-start|p2a: Danced in Fiya|Throat Chop|[silent]\n|\n|upkeep\n|turn|18\n|\n|t:|1698533720\n|switch|p1a: Araquanid|Araquanid, M|100\/100\n|move|p2a: Danced in Fiya|Sacred Fire|p1a: Araquanid\n|-damage|p1a: Araquanid|79\/100\n|\n|-end|p2a: Danced in Fiya|Throat Chop|[silent]\n|upkeep\n|turn|19\n|\n|t:|1698533737\n|switch|p2a: idk who this is|Dondozo, M, shiny|88\/100 tox\n|switch|p1a: Genesect|Genesect, shiny|34\/100\n|-ability|p1a: Genesect|Download|boost\n|-boost|p1a: Genesect|spa|1\n|\n|-heal|p2a: idk who this is|94\/100 tox|[from] item: Leftovers\n|-damage|p2a: idk who this is|88\/100 tox|[from] psn\n|upkeep\n|turn|20\n|\n|t:|1698533743\n|move|p1a: Genesect|U-turn|p2a: idk who this is\n|-crit|p2a: idk who this is\n|-damage|p2a: idk who this is|64\/100 tox\n|\n|t:|1698533752\n|switch|p1a: Lokix|Lokix, M|81\/100|[from] U-turn\n|move|p2a: idk who this is|Rest|p2a: idk who this is\n|-status|p2a: idk who this is|slp|[from] move: Rest\n|-heal|p2a: idk who this is|100\/100 slp|[silent]\n|\n|upkeep\n|turn|21\n|\n|t:|1698533757\n|switch|p2a: Danced in Fiya|Ho-Oh, shiny|100\/100\n|move|p1a: Lokix|U-turn|p2a: Danced in Fiya\n|-resisted|p2a: Danced in Fiya\n|-damage|p2a: Danced in Fiya|87\/100\n|-damage|p1a: Lokix|71\/100|[from] item: Life Orb\n|\n|t:|1698533779\n|switch|p1a: Araquanid|Araquanid, M|79\/100|[from] U-turn\n|\n|upkeep\n|turn|22\n|\n|t:|1698533786\n|switch|p2a: idk who this is|Dondozo, M, shiny|100\/100 slp\n|move|p1a: Araquanid|Toxic||[still]\n|-fail|p1a: Araquanid\n|\n|upkeep\n|turn|23\n|-message|AltariaGolden forfeited.\n|\n|win|grass knot zygarde\n|raw|AltariaGolden's rating: 1559 &rarr; <strong>1544<\/strong><br \/>(-15 for losing)\n|raw|grass knot zygarde's rating: 1642 &rarr; <strong>1657<\/strong><br \/>(+15 for winning)\n|l|\u2606AltariaGolden\n","uploadtime":1698533797,"views":6,"p1id":"altariagolden","p2id":"grassknotzygarde","formatid":"gen9nationaldexubers","rating":1544,"private":0,"password":""}