{"id":"gen9nationaldexubers-1992542682","p1":"Wobbuffet xplus","p2":"AppleBoi29310","format":"[Gen 9] National Dex Ubers","log":"|j|\u2606Wobbuffet xplus\n|j|\u2606AppleBoi29310\n|t:|1700202633\n|gametype|singles\n|player|p1|Wobbuffet xplus|cynthia|1000\n|player|p2|AppleBoi29310|gambler|1000\n|teamsize|p1|6\n|teamsize|p2|6\n|gen|9\n|tier|[Gen 9] National Dex Ubers\n|rated|\n|rule|HP Percentage Mod: HP is shown in percentages\n|rule|Endless Battle Clause: Forcing endless battles is banned\n|rule|OHKO Clause: OHKO moves are banned\n|rule|Evasion Moves Clause: Evasion moves are banned\n|rule|Evasion Items Clause: Evasion items are banned\n|rule|Species Clause: Limit one of each Pok\u00e9mon\n|rule|Sleep Clause Mod: Limit one foe put to sleep\n|rule|Mega Rayquaza Clause: You cannot mega evolve Rayquaza\n|clearpoke\n|poke|p1|Zygarde|\n|poke|p1|Groudon|\n|poke|p1|Ho-Oh|\n|poke|p1|Zacian-*|\n|poke|p1|Arceus-Dark|\n|poke|p1|Flutter Mane|\n|poke|p2|Clodsire, F|\n|poke|p2|Cloyster, M|\n|poke|p2|Gliscor, F|\n|poke|p2|Corviknight, M|\n|poke|p2|Toxapex, M|\n|poke|p2|Nosepass, L1, F|\n|teampreview\n|inactive|Battle timer is ON: inactive players will automatically lose when time's up. (requested by AppleBoi29310)\n|\n|t:|1700202672\n|start\n|switch|p1a: Zygarde|Zygarde, shiny|100\/100\n|switch|p2a: Nosepass|Nosepass, L1, F|100\/100\n|turn|1\n|\n|t:|1700202680\n|move|p1a: Zygarde|Dragon Dance|p1a: Zygarde\n|-boost|p1a: Zygarde|atk|1\n|-boost|p1a: Zygarde|spe|1\n|move|p2a: Nosepass|Pain Split|p1a: Zygarde\n|-sethp|p1a: Zygarde|52\/100|[from] move: Pain Split|[silent]\n|-sethp|p2a: Nosepass|100\/100|[from] move: Pain Split\n|\n|-heal|p1a: Zygarde|58\/100|[from] item: Leftovers\n|upkeep\n|turn|2\n|\n|t:|1700202688\n|move|p1a: Zygarde|Thousand Waves|p2a: Nosepass\n|-supereffective|p2a: Nosepass\n|-ability|p2a: Nosepass|Sturdy\n|-damage|p2a: Nosepass|10\/100\n|-activate|p2a: Nosepass|trapped\n|move|p2a: Nosepass|Pain Split|p1a: Zygarde\n|-sethp|p1a: Zygarde|29\/100|[from] move: Pain Split|[silent]\n|-sethp|p2a: Nosepass|100\/100|[from] move: Pain Split\n|\n|-heal|p1a: Zygarde|36\/100|[from] item: Leftovers\n|-activate|p1a: Zygarde|ability: Power Construct\n|detailschange|p1a: Zygarde|Zygarde-Complete, shiny\n|-heal|p1a: Zygarde|59\/100|[silent]\n|upkeep\n|turn|3\n|\n|t:|1700202702\n|move|p1a: Zygarde|Thousand Arrows|p2a: Nosepass\n|-supereffective|p2a: Nosepass\n|-ability|p2a: Nosepass|Sturdy\n|-damage|p2a: Nosepass|10\/100\n|move|p2a: Nosepass|Pain Split|p1a: Zygarde\n|-sethp|p1a: Zygarde|30\/100|[from] move: Pain Split|[silent]\n|-sethp|p2a: Nosepass|100\/100|[from] move: Pain Split\n|\n|-heal|p1a: Zygarde|36\/100|[from] item: Leftovers\n|upkeep\n|turn|4\n|c|\u2606Wobbuffet xplus|fuk of basterd\n|\n|t:|1700202715\n|switch|p1a: Flutter Mane|Flutter Mane|100\/100\n|move|p2a: Nosepass|Pain Split|p1a: Flutter Mane\n|-sethp|p1a: Flutter Mane|53\/100|[from] move: Pain Split|[silent]\n|-sethp|p2a: Nosepass|100\/100|[from] move: Pain Split\n|\n|upkeep\n|turn|5\n|\n|t:|1700202723\n|move|p1a: Flutter Mane|Shadow Ball|p2a: Nosepass\n|-ability|p2a: Nosepass|Sturdy\n|-damage|p2a: Nosepass|10\/100\n|-damage|p1a: Flutter Mane|43\/100|[from] item: Life Orb\n|move|p2a: Nosepass|Pain Split|p1a: Flutter Mane\n|-sethp|p1a: Flutter Mane|22\/100|[from] move: Pain Split|[silent]\n|-sethp|p2a: Nosepass|100\/100|[from] move: Pain Split\n|\n|upkeep\n|turn|6\n|inactive|Wobbuffet xplus has 120 seconds left.\n|inactive|Wobbuffet xplus has 90 seconds left.\n|\n|t:|1700202788\n|move|p1a: Flutter Mane|Calm Mind|p1a: Flutter Mane\n|-boost|p1a: Flutter Mane|spa|1\n|-boost|p1a: Flutter Mane|spd|1\n|move|p2a: Nosepass|Pain Split|p1a: Flutter Mane\n|-sethp|p1a: Flutter Mane|13\/100|[from] move: Pain Split|[silent]\n|-sethp|p2a: Nosepass|100\/100|[from] move: Pain Split\n|\n|upkeep\n|turn|7\n|inactive|Wobbuffet xplus has 90 seconds left.\n|inactive|Wobbuffet xplus has 60 seconds left.\n|inactive|Wobbuffet xplus has 30 seconds left.\n|inactive|Wobbuffet xplus has 20 seconds left.\n|inactive|Wobbuffet xplus has 15 seconds left.\n|inactive|Wobbuffet xplus has 10 seconds left.\n|inactive|Wobbuffet xplus has 5 seconds left.\n|-message|Wobbuffet xplus lost due to inactivity.\n|\n|win|AppleBoi29310\n|raw|Wobbuffet xplus's rating: 1000 &rarr; <strong>1000<\/strong><br \/>(+0 for losing)\n|raw|AppleBoi29310's rating: 1000 &rarr; <strong>1040<\/strong><br \/>(+40 for winning)\n|l|\u2606Wobbuffet xplus\n","uploadtime":1700202713,"views":10,"p1id":"wobbuffetxplus","p2id":"appleboi29310","formatid":"gen9nationaldexubers","rating":1000,"private":0,"password":""}