{"id":"gen9nationaldexubers-1995254644","p1":"Big Old Wang","p2":"Aloe Vera Plant","format":"[Gen 9] National Dex Ubers","log":"|j|\u2606Big Old Wang\n|j|\u2606Aloe Vera Plant\n|t:|1700541709\n|gametype|singles\n|player|p1|Big Old Wang|1|\n|player|p2|Aloe Vera Plant|102|\n|teamsize|p1|6\n|teamsize|p2|6\n|gen|9\n|tier|[Gen 9] National Dex Ubers\n|rule|HP Percentage Mod: HP is shown in percentages\n|rule|Endless Battle Clause: Forcing endless battles is banned\n|rule|OHKO Clause: OHKO moves are banned\n|rule|Evasion Moves Clause: Evasion moves are banned\n|rule|Evasion Items Clause: Evasion items are banned\n|rule|Species Clause: Limit one of each Pok\u00e9mon\n|rule|Sleep Clause Mod: Limit one foe put to sleep\n|rule|Mega Rayquaza Clause: You cannot mega evolve Rayquaza\n|clearpoke\n|poke|p1|Slowking-Galar, F|\n|poke|p1|Ninetales-Alola, F|\n|poke|p1|Baxcalibur, M|\n|poke|p1|Rotom-Wash|\n|poke|p1|Ting-Lu|\n|poke|p1|Darmanitan-Galar, F|\n|poke|p2|Iron Valiant|\n|poke|p2|Corviknight, F|\n|poke|p2|Tapu Koko|\n|poke|p2|Diancie|\n|poke|p2|Talonflame, M|\n|poke|p2|Ferrothorn, M|\n|teampreview\n|j| SaintZoroark\n|j| StanchYeti\n|\n|t:|1700541723\n|start\n|switch|p1a: Monkey-Alolan|Ninetales-Alola, F|100\/100\n|switch|p2a: Spikee|Ferrothorn, M|100\/100\n|-weather|Snow|[from] ability: Snow Warning|[of] p1a: Monkey-Alolan\n|turn|1\n|\n|t:|1700541733\n|switch|p1a: The Throngler|Slowking-Galar, F|100\/100\n|move|p2a: Spikee|Gyro Ball|p1a: The Throngler\n|-damage|p1a: The Throngler|78\/100\n|\n|-weather|Snow|[upkeep]\n|upkeep\n|turn|2\n|\n|t:|1700541743\n|move|p1a: The Throngler|Hydro Pump|p2a: Spikee\n|-resisted|p2a: Spikee\n|-damage|p2a: Spikee|84\/100\n|move|p2a: Spikee|Knock Off|p1a: The Throngler\n|-supereffective|p1a: The Throngler\n|-damage|p1a: The Throngler|29\/100\n|-enditem|p1a: The Throngler|Assault Vest|[from] move: Knock Off|[of] p2a: Spikee\n|\n|-weather|Snow|[upkeep]\n|upkeep\n|turn|3\n|\n|t:|1700541752\n|move|p1a: The Throngler|Flamethrower|p2a: Spikee\n|-supereffective|p2a: Spikee\n|-damage|p2a: Spikee|0 fnt\n|faint|p2a: Spikee\n|\n|-weather|Snow|[upkeep]\n|upkeep\n|\n|t:|1700541767\n|switch|p2a: Orang|Tapu Koko|100\/100\n|-fieldstart|move: Electric Terrain|[from] ability: Electric Surge|[of] p2a: Orang\n|turn|4\n|\n|t:|1700541780\n|switch|p1a: Mon-Key|Ting-Lu|100\/100\n|-ability|p1a: Mon-Key|Vessel of Ruin\n|move|p2a: Orang|U-turn|p1a: Mon-Key\n|-supereffective|p1a: Mon-Key\n|-damage|p1a: Mon-Key|59\/100\n|\n|t:|1700541787\n|switch|p2a: The Guy|Iron Valiant|100\/100|[from] U-turn\n|-activate|p2a: The Guy|ability: Quark Drive\n|-start|p2a: The Guy|quarkdrivespa\n|\n|-weather|Snow|[upkeep]\n|-heal|p1a: Mon-Key|65\/100|[from] item: Leftovers\n|upkeep\n|turn|5\n|\n|t:|1700541832\n|-terastallize|p2a: The Guy|Fairy\n|move|p2a: The Guy|Moonblast|p1a: Mon-Key\n|-supereffective|p1a: Mon-Key\n|-damage|p1a: Mon-Key|0 fnt\n|faint|p1a: Mon-Key\n|\n|-weather|none\n|upkeep\n|\n|t:|1700541838\n|switch|p1a: The Throngler|Slowking-Galar, F|62\/100\n|turn|6\n|\n|t:|1700541846\n|-end|p2a: The Guy|Quark Drive|[silent]\n|switch|p2a: Orang|Tapu Koko|100\/100\n|switch|p1a: Monkey-Wash|Rotom-Wash|100\/100\n|\n|upkeep\n|turn|7\n|\n|t:|1700541855\n|move|p1a: Monkey-Wash|Will-O-Wisp|p2a: Orang\n|-status|p2a: Orang|brn\n|move|p2a: Orang|U-turn|p1a: Monkey-Wash\n|-damage|p1a: Monkey-Wash|77\/100\n|\n|t:|1700541864\n|switch|p2a: The Guy|Iron Valiant, tera:Fairy|100\/100|[from] U-turn\n|-activate|p2a: The Guy|ability: Quark Drive\n|-start|p2a: The Guy|quarkdrivespa\n|\n|upkeep\n|turn|8\n|\n|t:|1700541873\n|switch|p1a: The Throngler|Slowking-Galar, F|95\/100\n|move|p2a: The Guy|Moonblast|p1a: The Throngler\n|-resisted|p1a: The Throngler\n|-damage|p1a: The Throngler|60\/100\n|\n|-fieldend|move: Electric Terrain\n|-end|p2a: The Guy|Quark Drive\n|upkeep\n|turn|9\n|\n|t:|1700541887\n|-end|p2a: The Guy|Quark Drive|[silent]\n|switch|p2a: Orang|Tapu Koko|100\/100 brn\n|-fieldstart|move: Electric Terrain|[from] ability: Electric Surge|[of] p2a: Orang\n|move|p1a: The Throngler|Flamethrower|p2a: Orang\n|-damage|p2a: Orang|52\/100 brn\n|\n|-damage|p2a: Orang|46\/100 brn|[from] brn\n|upkeep\n|turn|10\n|\n|t:|1700541902\n|move|p2a: Orang|U-turn|p1a: The Throngler\n|-damage|p1a: The Throngler|42\/100\n|\n|t:|1700541911\n|switch|p2a: Birb 2|Corviknight, F|100\/100|[from] U-turn\n|move|p1a: The Throngler|Sludge Bomb|p2a: Birb 2\n|-immune|p2a: Birb 2\n|\n|upkeep\n|turn|11\n|\n|t:|1700541920\n|move|p2a: Birb 2|Brave Bird|p1a: The Throngler\n|-damage|p1a: The Throngler|0 fnt\n|faint|p1a: The Throngler\n|-damage|p2a: Birb 2|87\/100|[from] Recoil\n|\n|upkeep\n|\n|t:|1700541926\n|switch|p1a: Monkey-Alolan|Ninetales-Alola, F|100\/100\n|-weather|Snow|[from] ability: Snow Warning|[of] p1a: Monkey-Alolan\n|turn|12\n|\n|t:|1700541931\n|move|p1a: Monkey-Alolan|Aurora Veil|p1a: Monkey-Alolan\n|-sidestart|p1: Big Old Wang|move: Aurora Veil\n|move|p2a: Birb 2|U-turn|p1a: Monkey-Alolan\n|-resisted|p1a: Monkey-Alolan\n|-damage|p1a: Monkey-Alolan|97\/100\n|\n|t:|1700541941\n|switch|p2a: Fir|Talonflame, M|100\/100|[from] U-turn\n|\n|-weather|Snow|[upkeep]\n|upkeep\n|turn|13\n|\n|t:|1700541951\n|move|p2a: Fir|Will-O-Wisp|p1a: Monkey-Alolan\n|-status|p1a: Monkey-Alolan|brn\n|move|p1a: Monkey-Alolan|Blizzard|p2a: Fir\n|-damage|p2a: Fir|48\/100\n|\n|-weather|Snow|[upkeep]\n|-damage|p1a: Monkey-Alolan|90\/100 brn|[from] brn\n|-fieldend|move: Electric Terrain\n|upkeep\n|turn|14\n|\n|t:|1700541959\n|switch|p1a: Monkey-Wash|Rotom-Wash|77\/100\n|move|p2a: Fir|Roost|p2a: Fir\n|-heal|p2a: Fir|98\/100\n|-singleturn|p2a: Fir|move: Roost\n|\n|-weather|Snow|[upkeep]\n|upkeep\n|turn|15\n|\n|t:|1700541981\n|move|p1a: Monkey-Wash|Hydro Pump|p2a: Fir\n|-supereffective|p2a: Fir\n|-damage|p2a: Fir|0 fnt\n|faint|p2a: Fir\n|\n|-weather|Snow|[upkeep]\n|upkeep\n|\n|t:|1700541994\n|switch|p2a: Orang|Tapu Koko|46\/100 brn\n|-fieldstart|move: Electric Terrain|[from] ability: Electric Surge|[of] p2a: Orang\n|turn|16\n|\n|t:|1700542003\n|switch|p2a: Birb 2|Corviknight, F|87\/100\n|move|p1a: Monkey-Wash|Hydro Pump|p2a: Birb 2\n|-damage|p2a: Birb 2|38\/100\n|\n|-weather|none\n|upkeep\n|turn|17\n|\n|t:|1700542015\n|move|p1a: Monkey-Wash|Hydro Pump|p2a: Birb 2|[miss]\n|-miss|p1a: Monkey-Wash|p2a: Birb 2\n|move|p2a: Birb 2|Roost|p2a: Birb 2\n|-heal|p2a: Birb 2|88\/100\n|-singleturn|p2a: Birb 2|move: Roost\n|\n|upkeep\n|turn|18\n|\n|t:|1700542026\n|move|p1a: Monkey-Wash|Hydro Pump|p2a: Birb 2\n|-damage|p2a: Birb 2|39\/100\n|move|p2a: Birb 2|U-turn|p1a: Monkey-Wash\n|-damage|p1a: Monkey-Wash|68\/100\n|\n|t:|1700542048\n|switch|p2a: Rok|Diancie|100\/100|[from] U-turn\n|\n|upkeep\n|turn|19\n|\n|t:|1700542059\n|detailschange|p2a: Rok|Diancie-Mega\n|-mega|p2a: Rok|Diancie|Diancite\n|move|p1a: Monkey-Wash|Hydro Pump|p2a: Rok\n|-supereffective|p2a: Rok\n|-damage|p2a: Rok|0 fnt\n|faint|p2a: Rok\n|\n|-sideend|p1: Big Old Wang|move: Aurora Veil\n|upkeep\n|\n|t:|1700542072\n|switch|p2a: The Guy|Iron Valiant, tera:Fairy|100\/100\n|-activate|p2a: The Guy|ability: Quark Drive\n|-start|p2a: The Guy|quarkdrivespa\n|turn|20\n|\n|t:|1700542084\n|move|p2a: The Guy|Moonblast|p1a: Monkey-Wash\n|-damage|p1a: Monkey-Wash|0 fnt\n|faint|p1a: Monkey-Wash\n|\n|-fieldend|move: Electric Terrain\n|-end|p2a: The Guy|Quark Drive\n|upkeep\n|\n|t:|1700542089\n|switch|p1a: Darmanitan|Darmanitan-Galar, F|100\/100\n|turn|21\n|\n|t:|1700542114\n|-end|p2a: The Guy|Quark Drive|[silent]\n|switch|p2a: Orang|Tapu Koko|46\/100 brn\n|-fieldstart|move: Electric Terrain|[from] ability: Electric Surge|[of] p2a: Orang\n|-terastallize|p1a: Darmanitan|Steel\n|move|p1a: Darmanitan|Iron Head|p2a: Orang\n|-damage|p2a: Orang|0 fnt\n|faint|p2a: Orang\n|\n|upkeep\n|\n|t:|1700542123\n|switch|p2a: The Guy|Iron Valiant, tera:Fairy|100\/100\n|-activate|p2a: The Guy|ability: Quark Drive\n|-start|p2a: The Guy|quarkdrivespa\n|turn|22\n|\n|t:|1700542132\n|move|p2a: The Guy|Aura Sphere|p1a: Darmanitan\n|-supereffective|p1a: Darmanitan\n|-damage|p1a: Darmanitan|0 fnt\n|faint|p1a: Darmanitan\n|\n|upkeep\n|\n|t:|1700542136\n|switch|p1a: Monkey-Alolan|Ninetales-Alola, F|90\/100 brn\n|-weather|Snow|[from] ability: Snow Warning|[of] p1a: Monkey-Alolan\n|turn|23\n|\n|t:|1700542141\n|move|p2a: The Guy|Aura Sphere|p1a: Monkey-Alolan\n|-damage|p1a: Monkey-Alolan|29\/100 brn\n|move|p1a: Monkey-Alolan|Aurora Veil|p1a: Monkey-Alolan\n|-sidestart|p1: Big Old Wang|move: Aurora Veil\n|\n|-weather|Snow|[upkeep]\n|-damage|p1a: Monkey-Alolan|23\/100 brn|[from] brn\n|upkeep\n|turn|24\n|\n|t:|1700542151\n|move|p2a: The Guy|Aura Sphere|p1a: Monkey-Alolan\n|-damage|p1a: Monkey-Alolan|0 fnt\n|faint|p1a: Monkey-Alolan\n|\n|-weather|Snow|[upkeep]\n|upkeep\n|\n|t:|1700542155\n|switch|p1a: Monxcalibur|Baxcalibur, M|100\/100\n|turn|25\n|\n|t:|1700542179\n|move|p2a: The Guy|Aura Sphere|p1a: Monxcalibur\n|-supereffective|p1a: Monxcalibur\n|-damage|p1a: Monxcalibur|39\/100\n|move|p1a: Monxcalibur|Icicle Spear|p2a: The Guy\n|-damage|p2a: The Guy|82\/100\n|-damage|p2a: The Guy|61\/100\n|-damage|p2a: The Guy|40\/100\n|-damage|p2a: The Guy|21\/100\n|-hitcount|p2a: The Guy|4\n|\n|-weather|Snow|[upkeep]\n|-fieldend|move: Electric Terrain\n|-end|p2a: The Guy|Quark Drive\n|upkeep\n|turn|26\n|\n|t:|1700542191\n|move|p2a: The Guy|Aura Sphere|p1a: Monxcalibur\n|-supereffective|p1a: Monxcalibur\n|-damage|p1a: Monxcalibur|0 fnt\n|faint|p1a: Monxcalibur\n|\n|win|Aloe Vera Plant\n|l| SaintZoroark\n","uploadtime":1700542207,"views":17,"p1id":"bigoldwang","p2id":"aloeveraplant","formatid":"gen9nationaldexubers","rating":0,"private":0,"password":""}