{"id":"gen9nationaldexubers-1978296821","p1":"Stp noob","p2":"BONG_MASSTER_420","format":"[Gen 9] National Dex Ubers","log":"|j|\u2606Stp noob\n|j|\u2606BONG_MASSTER_420\n|t:|1698522158\n|gametype|singles\n|player|p1|Stp noob|ghetsis-gen5bw|1253\n|player|p2|BONG_MASSTER_420|musician|1279\n|teamsize|p1|6\n|teamsize|p2|6\n|gen|9\n|tier|[Gen 9] National Dex Ubers\n|rated|\n|rule|HP Percentage Mod: HP is shown in percentages\n|rule|Endless Battle Clause: Forcing endless battles is banned\n|rule|OHKO Clause: OHKO moves are banned\n|rule|Evasion Moves Clause: Evasion moves are banned\n|rule|Evasion Items Clause: Evasion items are banned\n|rule|Species Clause: Limit one of each Pok\u00e9mon\n|rule|Sleep Clause Mod: Limit one foe put to sleep\n|rule|Mega Rayquaza Clause: You cannot mega evolve Rayquaza\n|clearpoke\n|poke|p1|Kyurem-Black|\n|poke|p1|Zacian-*|\n|poke|p1|Deoxys-Attack|\n|poke|p1|Annihilape, M|\n|poke|p1|Necrozma-Dusk-Mane|\n|poke|p1|Zygarde-10%|\n|poke|p2|Groudon|\n|poke|p2|Mewtwo|\n|poke|p2|Darkrai|\n|poke|p2|Smeargle, F|\n|poke|p2|Dialga-Origin|\n|poke|p2|Shaymin-Sky|\n|teampreview\n|inactive|Battle timer is ON: inactive players will automatically lose when time's up. (requested by BONG_MASSTER_420)\n|c|\u2606BONG_MASSTER_420|Your mother\n|\n|t:|1698522175\n|start\n|switch|p1a: Annihilape|Annihilape, M|100\/100\n|switch|p2a: M\u00f6th-F\u00fcnker|Darkrai, shiny|100\/100\n|turn|1\n|\n|t:|1698522186\n|-terastallize|p2a: M\u00f6th-F\u00fcnker|Ghost\n|move|p2a: M\u00f6th-F\u00fcnker|Hypnosis|p1a: Annihilape|[miss]\n|-miss|p2a: M\u00f6th-F\u00fcnker|p1a: Annihilape\n|move|p1a: Annihilape|Stealth Rock|p2a: M\u00f6th-F\u00fcnker\n|-sidestart|p2: BONG_MASSTER_420|move: Stealth Rock\n|\n|upkeep\n|turn|2\n|\n|t:|1698522194\n|move|p2a: M\u00f6th-F\u00fcnker|Hypnosis|p1a: Annihilape\n|-status|p1a: Annihilape|slp|[from] move: Hypnosis\n|cant|p1a: Annihilape|slp\n|\n|-damage|p1a: Annihilape|88\/100 slp|[from] ability: Bad Dreams|[of] p2a: M\u00f6th-F\u00fcnker\n|upkeep\n|turn|3\n|c|\u2606BONG_MASSTER_420|Your mother yeah\n|\n|t:|1698522201\n|move|p2a: M\u00f6th-F\u00fcnker|Nasty Plot|p2a: M\u00f6th-F\u00fcnker\n|-boost|p2a: M\u00f6th-F\u00fcnker|spa|2\n|cant|p1a: Annihilape|slp\n|\n|-damage|p1a: Annihilape|76\/100 slp|[from] ability: Bad Dreams|[of] p2a: M\u00f6th-F\u00fcnker\n|upkeep\n|turn|4\n|\n|t:|1698522208\n|move|p2a: M\u00f6th-F\u00fcnker|Nasty Plot|p2a: M\u00f6th-F\u00fcnker\n|-boost|p2a: M\u00f6th-F\u00fcnker|spa|2\n|cant|p1a: Annihilape|slp\n|\n|-damage|p1a: Annihilape|63\/100 slp|[from] ability: Bad Dreams|[of] p2a: M\u00f6th-F\u00fcnker\n|upkeep\n|turn|5\n|\n|t:|1698522217\n|move|p2a: M\u00f6th-F\u00fcnker|Nasty Plot|p2a: M\u00f6th-F\u00fcnker\n|-boost|p2a: M\u00f6th-F\u00fcnker|spa|2\n|-curestatus|p1a: Annihilape|slp|[msg]\n|move|p1a: Annihilape|Rage Fist|p2a: M\u00f6th-F\u00fcnker\n|-supereffective|p2a: M\u00f6th-F\u00fcnker\n|-damage|p2a: M\u00f6th-F\u00fcnker|39\/100\n|\n|upkeep\n|turn|6\n|\n|t:|1698522226\n|move|p2a: M\u00f6th-F\u00fcnker|Dark Pulse|p1a: Annihilape\n|-damage|p1a: Annihilape|0 fnt\n|faint|p1a: Annihilape\n|\n|upkeep\n|\n|t:|1698522233\n|switch|p1a: Toutou royal|Zacian-Crowned, shiny|100\/100\n|-ability|p1a: Toutou royal|Intrepid Sword|boost\n|-boost|p1a: Toutou royal|atk|1\n|turn|7\n|\n|t:|1698522239\n|move|p1a: Toutou royal|Behemoth Blade|p2a: M\u00f6th-F\u00fcnker\n|-damage|p2a: M\u00f6th-F\u00fcnker|0 fnt\n|faint|p2a: M\u00f6th-F\u00fcnker\n|\n|upkeep\n|c|\u2606BONG_MASSTER_420|Ta m\u00e8re\n|\n|t:|1698522262\n|switch|p2a: R\u00d6\u00d6STER SM\u00d6KER|Mewtwo, shiny|100\/100\n|-ability|p2a: R\u00d6\u00d6STER SM\u00d6KER|Unnerve\n|-damage|p2a: R\u00d6\u00d6STER SM\u00d6KER|88\/100|[from] Stealth Rock\n|turn|8\n|\n|t:|1698522272\n|detailschange|p2a: R\u00d6\u00d6STER SM\u00d6KER|Mewtwo-Mega-Y, shiny\n|-mega|p2a: R\u00d6\u00d6STER SM\u00d6KER|Mewtwo|Mewtwonite Y\n|move|p1a: Toutou royal|Behemoth Blade|p2a: R\u00d6\u00d6STER SM\u00d6KER\n|-damage|p2a: R\u00d6\u00d6STER SM\u00d6KER|0 fnt\n|faint|p2a: R\u00d6\u00d6STER SM\u00d6KER\n|\n|upkeep\n|c|\u2606BONG_MASSTER_420|Ta m\u00e8re pue de la chatte\n|c|\u2606BONG_MASSTER_420|Miaou\n|\n|t:|1698522291\n|switch|p2a: Bl\u00fce W\u00e3ffl\u00eb|Dialga-Origin, shiny|100\/100\n|-damage|p2a: Bl\u00fce W\u00e3ffl\u00eb|94\/100|[from] Stealth Rock\n|-ability|p2a: Bl\u00fce W\u00e3ffl\u00eb|Pressure\n|turn|9\n|\n|t:|1698522293\n|move|p1a: Toutou royal|Close Combat|p2a: Bl\u00fce W\u00e3ffl\u00eb\n|-supereffective|p2a: Bl\u00fce W\u00e3ffl\u00eb\n|-damage|p2a: Bl\u00fce W\u00e3ffl\u00eb|0 fnt\n|-unboost|p1a: Toutou royal|def|1\n|-unboost|p1a: Toutou royal|spd|1\n|faint|p2a: Bl\u00fce W\u00e3ffl\u00eb\n|\n|upkeep\n|\n|t:|1698522299\n|switch|p2a: Annoying|Shaymin-Sky, shiny|100\/100\n|-damage|p2a: Annoying|75\/100|[from] Stealth Rock\n|turn|10\n|\n|t:|1698522303\n|move|p1a: Toutou royal|Behemoth Blade|p2a: Annoying\n|-damage|p2a: Annoying|0 fnt\n|faint|p2a: Annoying\n|\n|upkeep\n|\n|t:|1698522308\n|switch|p2a: MASTER-BAITER|Groudon, shiny|100\/100\n|-damage|p2a: MASTER-BAITER|94\/100|[from] Stealth Rock\n|detailschange|p2a: MASTER-BAITER|Groudon-Primal, shiny\n|-primal|p2a: MASTER-BAITER|Red Orb\n|-weather|DesolateLand|[from] ability: Desolate Land|[of] p2a: MASTER-BAITER\n|turn|11\n|\n|t:|1698522312\n|switch|p1a: Zygarde|Zygarde-10%, shiny|100\/100\n|move|p2a: MASTER-BAITER|Fire Punch|p1a: Zygarde\n|-resisted|p1a: Zygarde\n|-damage|p1a: Zygarde|27\/100\n|\n|-weather|DesolateLand|[upkeep]\n|-heal|p1a: Zygarde|33\/100|[from] item: Leftovers\n|-activate|p1a: Zygarde|ability: Power Construct\n|detailschange|p1a: Zygarde|Zygarde-Complete, shiny\n|-heal|p1a: Zygarde|71\/100|[silent]\n|upkeep\n|turn|12\n|\n|t:|1698522319\n|move|p2a: MASTER-BAITER|Rock Polish|p2a: MASTER-BAITER\n|-boost|p2a: MASTER-BAITER|spe|2\n|move|p1a: Zygarde|Dragon Dance|p1a: Zygarde\n|-boost|p1a: Zygarde|atk|1\n|-boost|p1a: Zygarde|spe|1\n|\n|-weather|DesolateLand|[upkeep]\n|-heal|p1a: Zygarde|77\/100|[from] item: Leftovers\n|upkeep\n|turn|13\n|\n|t:|1698522323\n|move|p2a: MASTER-BAITER|Precipice Blades|p1a: Zygarde\n|-damage|p1a: Zygarde|38\/100\n|move|p1a: Zygarde|Thousand Arrows|p2a: MASTER-BAITER\n|-supereffective|p2a: MASTER-BAITER\n|-damage|p2a: MASTER-BAITER|10\/100\n|\n|-weather|DesolateLand|[upkeep]\n|-heal|p1a: Zygarde|44\/100|[from] item: Leftovers\n|upkeep\n|turn|14\n|\n|t:|1698522331\n|move|p2a: MASTER-BAITER|Precipice Blades|p1a: Zygarde\n|-damage|p1a: Zygarde|3\/100\n|move|p1a: Zygarde|Thousand Arrows|p2a: MASTER-BAITER\n|-supereffective|p2a: MASTER-BAITER\n|-damage|p2a: MASTER-BAITER|0 fnt\n|faint|p2a: MASTER-BAITER\n|-weather|none\n|\n|-heal|p1a: Zygarde|9\/100|[from] item: Leftovers\n|upkeep\n|\n|t:|1698522338\n|switch|p2a: Monkey Spank|Smeargle, F, shiny|100\/100\n|-damage|p2a: Monkey Spank|88\/100|[from] Stealth Rock\n|turn|15\n|\n|t:|1698522340\n|move|p1a: Zygarde|Outrage|p2a: Monkey Spank\n|-damage|p2a: Monkey Spank|0 fnt\n|faint|p2a: Monkey Spank\n|\n|win|Stp noob\n|raw|Stp noob's rating: 1253 &rarr; <strong>1280<\/strong><br \/>(+27 for winning)\n|raw|BONG_MASSTER_420's rating: 1279 &rarr; <strong>1252<\/strong><br \/>(-27 for losing)\n","uploadtime":1698522286,"views":7,"p1id":"stpnoob","p2id":"bongmasster420","formatid":"gen9nationaldexubers","rating":1252,"private":0,"password":""}