{"id":"gen9nationaldexubers-1983648630","p1":"spidernoculus","p2":"Berad773","format":"[Gen 9] National Dex Ubers","log":"|j|\u2606spidernoculus\n|j|\u2606Berad773\n|t:|1699153752\n|gametype|singles\n|player|p1|spidernoculus|rosa|\n|player|p2|Berad773|101|\n|teamsize|p1|6\n|teamsize|p2|6\n|gen|9\n|tier|[Gen 9] National Dex Ubers\n|rule|HP Percentage Mod: HP is shown in percentages\n|rule|Endless Battle Clause: Forcing endless battles is banned\n|rule|OHKO Clause: OHKO moves are banned\n|rule|Evasion Moves Clause: Evasion moves are banned\n|rule|Evasion Items Clause: Evasion items are banned\n|rule|Species Clause: Limit one of each Pok\u00e9mon\n|rule|Sleep Clause Mod: Limit one foe put to sleep\n|rule|Mega Rayquaza Clause: You cannot mega evolve Rayquaza\n|clearpoke\n|poke|p1|Annihilape, F|\n|poke|p1|Kyurem-White|\n|poke|p1|Hoopa-Unbound|\n|poke|p1|Scizor, M|\n|poke|p1|Arceus-Rock|\n|poke|p1|Regieleki|\n|poke|p2|Kyogre|\n|poke|p2|Lugia|\n|poke|p2|Iron Bundle|\n|poke|p2|Arceus-Grass|\n|poke|p2|Regieleki|\n|poke|p2|Deoxys|\n|teampreview\n|\n|t:|1699153795\n|start\n|switch|p1a: Hoopa|Hoopa-Unbound|100\/100\n|switch|p2a: Arceus|Arceus-Grass|100\/100\n|turn|1\n|\n|t:|1699153814\n|switch|p1a: Scizor|Scizor, M|100\/100\n|move|p2a: Arceus|Dazzling Gleam|p1a: Scizor\n|-resisted|p1a: Scizor\n|-damage|p1a: Scizor|79\/100\n|\n|upkeep\n|turn|2\n|\n|t:|1699153830\n|switch|p2a: Lugia|Lugia|100\/100\n|-ability|p2a: Lugia|Pressure\n|detailschange|p1a: Scizor|Scizor-Mega, M\n|-mega|p1a: Scizor|Scizor|Scizorite\n|move|p1a: Scizor|Swords Dance|p1a: Scizor\n|-boost|p1a: Scizor|atk|2\n|\n|upkeep\n|turn|3\n|\n|t:|1699153846\n|move|p2a: Lugia|Light Screen|p2a: Lugia\n|-sidestart|p2: Berad773|move: Light Screen\n|move|p1a: Scizor|Dual Wingbeat|p2a: Lugia\n|-damage|p2a: Lugia|69\/100\n|-damage|p2a: Lugia|35\/100\n|-hitcount|p2a: Lugia|2\n|\n|-heal|p2a: Lugia|42\/100|[from] item: Leftovers\n|upkeep\n|turn|4\n|\n|t:|1699153856\n|move|p1a: Scizor|Bullet Punch|p2a: Lugia\n|-damage|p2a: Lugia|0 fnt\n|faint|p2a: Lugia\n|\n|upkeep\n|\n|t:|1699153864\n|switch|p2a: Kyogre|Kyogre|100\/100\n|-weather|RainDance|[from] ability: Drizzle|[of] p2a: Kyogre\n|turn|5\n|\n|t:|1699153870\n|move|p1a: Scizor|Dual Wingbeat|p2a: Kyogre\n|-crit|p2a: Kyogre\n|-damage|p2a: Kyogre|24\/100\n|-damage|p2a: Kyogre|0 fnt\n|faint|p2a: Kyogre\n|-hitcount|p2: Kyogre|2\n|\n|-weather|RainDance|[upkeep]\n|upkeep\n|\n|t:|1699153877\n|switch|p2a: Regieleki|Regieleki|100\/100\n|turn|6\n|\n|t:|1699153881\n|move|p1a: Scizor|Bullet Punch|p2a: Regieleki\n|-resisted|p2a: Regieleki\n|-damage|p2a: Regieleki|22\/100\n|move|p2a: Regieleki|Thunderbolt|p1a: Scizor\n|-damage|p1a: Scizor|15\/100\n|\n|-weather|RainDance|[upkeep]\n|upkeep\n|turn|7\n|\n|t:|1699153889\n|move|p1a: Scizor|Bullet Punch|p2a: Regieleki\n|-resisted|p2a: Regieleki\n|-damage|p2a: Regieleki|0 fnt\n|faint|p2a: Regieleki\n|\n|-weather|RainDance|[upkeep]\n|-sideend|p2: Berad773|move: Light Screen\n|upkeep\n|\n|t:|1699153897\n|switch|p2a: Deoxys|Deoxys|100\/100\n|-ability|p2a: Deoxys|Pressure\n|turn|8\n|\n|t:|1699153904\n|-terastallize|p2a: Deoxys|Normal\n|move|p2a: Deoxys|Extreme Speed|p1a: Scizor\n|-resisted|p1a: Scizor\n|-damage|p1a: Scizor|0 fnt\n|faint|p1a: Scizor\n|-damage|p2a: Deoxys|91\/100|[from] item: Life Orb\n|\n|-weather|RainDance|[upkeep]\n|upkeep\n|\n|t:|1699153913\n|switch|p1a: Regieleki|Regieleki|100\/100\n|turn|9\n|\n|t:|1699153919\n|move|p2a: Deoxys|Extreme Speed|p1a: Regieleki\n|-damage|p1a: Regieleki|0 fnt\n|faint|p1a: Regieleki\n|-damage|p2a: Deoxys|81\/100|[from] item: Life Orb\n|\n|-weather|none\n|upkeep\n|\n|t:|1699153925\n|switch|p1a: Annihilape|Annihilape, F|100\/100\n|turn|10\n|\n|t:|1699153932\n|switch|p2a: Arceus|Arceus-Grass|100\/100\n|move|p1a: Annihilape|Close Combat|p2a: Arceus\n|-damage|p2a: Arceus|32\/100\n|-unboost|p1a: Annihilape|def|1\n|-unboost|p1a: Annihilape|spd|1\n|\n|upkeep\n|turn|11\n|\n|t:|1699153941\n|move|p2a: Arceus|Dazzling Gleam|p1a: Annihilape\n|-supereffective|p1a: Annihilape\n|-damage|p1a: Annihilape|17\/100\n|move|p1a: Annihilape|Close Combat|p2a: Arceus\n|-damage|p2a: Arceus|0 fnt\n|-unboost|p1a: Annihilape|def|1\n|-unboost|p1a: Annihilape|spd|1\n|faint|p2a: Arceus\n|\n|upkeep\n|\n|t:|1699153953\n|switch|p2a: Deoxys|Deoxys, tera:Normal|81\/100\n|-ability|p2a: Deoxys|Pressure\n|turn|12\n|\n|t:|1699153959\n|move|p2a: Deoxys|Zen Headbutt|p1a: Annihilape|[miss]\n|-miss|p2a: Deoxys|p1a: Annihilape\n|move|p1a: Annihilape|Close Combat|p2a: Deoxys\n|-supereffective|p2a: Deoxys\n|-damage|p2a: Deoxys|0 fnt\n|-unboost|p1a: Annihilape|def|1\n|-unboost|p1a: Annihilape|spd|1\n|faint|p2a: Deoxys\n|\n|upkeep\n|\n|t:|1699153966\n|switch|p2a: Iron Bundle|Iron Bundle|100\/100\n|-enditem|p2a: Iron Bundle|Booster Energy\n|-activate|p2a: Iron Bundle|ability: Quark Drive|[fromitem]\n|-start|p2a: Iron Bundle|quarkdrivespa\n|turn|13\n|\n|t:|1699153975\n|move|p2a: Iron Bundle|Freeze-Dry|p1a: Annihilape\n|-damage|p1a: Annihilape|0 fnt\n|faint|p1a: Annihilape\n|\n|upkeep\n|\n|t:|1699153981\n|switch|p1a: Kyurem|Kyurem-White|100\/100\n|-ability|p1a: Kyurem|Turboblaze\n|turn|14\n|\n|t:|1699153988\n|move|p2a: Iron Bundle|Tera Blast|p1a: Kyurem\n|-damage|p1a: Kyurem|69\/100\n|move|p1a: Kyurem|Draco Meteor|p2a: Iron Bundle\n|-damage|p2a: Iron Bundle|0 fnt\n|-unboost|p1a: Kyurem|spa|2\n|faint|p2a: Iron Bundle\n|-end|p2a: Iron Bundle|Quark Drive|[silent]\n|-damage|p1a: Kyurem|59\/100|[from] item: Life Orb\n|\n|win|spidernoculus\n","uploadtime":1699153998,"views":11,"p1id":"spidernoculus","p2id":"berad773","formatid":"gen9nationaldexubers","rating":0,"private":0,"password":""}