{"id":"gen9nationaldexubers-1993808635","p1":"EABL XD","p2":"Mr Move Look","format":"[Gen 9] National Dex Ubers","log":"|j|\u2606EABL XD\n|j|\u2606Mr Move Look\n|t:|1700359859\n|gametype|singles\n|player|p1|EABL XD|gambler|1307\n|player|p2|Mr Move Look|lance|1306\n|teamsize|p1|6\n|teamsize|p2|6\n|gen|9\n|tier|[Gen 9] National Dex Ubers\n|rated|\n|rule|HP Percentage Mod: HP is shown in percentages\n|rule|Endless Battle Clause: Forcing endless battles is banned\n|rule|OHKO Clause: OHKO moves are banned\n|rule|Evasion Moves Clause: Evasion moves are banned\n|rule|Evasion Items Clause: Evasion items are banned\n|rule|Species Clause: Limit one of each Pok\u00e9mon\n|rule|Sleep Clause Mod: Limit one foe put to sleep\n|rule|Mega Rayquaza Clause: You cannot mega evolve Rayquaza\n|clearpoke\n|poke|p1|Ho-Oh|\n|poke|p1|Arceus-Ghost|\n|poke|p1|Mawile, F|\n|poke|p1|Galvantula, F|\n|poke|p1|Iron Treads|\n|poke|p1|Groudon|\n|poke|p2|Tapu Koko|\n|poke|p2|Ogerpon-Hearthflame, F|\n|poke|p2|Breloom, M|\n|poke|p2|Urshifu-*, M|\n|poke|p2|Delibird, F|\n|poke|p2|Galvantula, F|\n|teampreview\n|inactive|Battle timer is ON: inactive players will automatically lose when time's up. (requested by Mr Move Look)\n|\n|t:|1700359869\n|start\n|switch|p1a: Iron Treads|Iron Treads|100\/100\n|switch|p2a: Galvantula|Galvantula, F|100\/100\n|-enditem|p1a: Iron Treads|Booster Energy\n|-activate|p1a: Iron Treads|ability: Quark Drive|[fromitem]\n|-start|p1a: Iron Treads|quarkdriveatk\n|turn|1\n|\n|t:|1700359880\n|switch|p2a: Urshifu|Urshifu-Rapid-Strike, M|100\/100\n|move|p1a: Iron Treads|Stealth Rock|p2a: Urshifu\n|-sidestart|p2: Mr Move Look|move: Stealth Rock\n|\n|upkeep\n|turn|2\n|\n|t:|1700359890\n|-end|p1a: Iron Treads|Quark Drive|[silent]\n|switch|p1a: Don|Groudon, shiny|100\/100\n|detailschange|p1a: Don|Groudon-Primal, shiny\n|-primal|p1a: Don|Red Orb\n|-weather|DesolateLand|[from] ability: Desolate Land|[of] p1a: Don\n|move|p2a: Urshifu|Close Combat|p1a: Don\n|-damage|p1a: Don|61\/100\n|-unboost|p2a: Urshifu|def|1\n|-unboost|p2a: Urshifu|spd|1\n|\n|-weather|DesolateLand|[upkeep]\n|upkeep\n|turn|3\n|\n|t:|1700359901\n|move|p2a: Urshifu|Close Combat|p1a: Don\n|-damage|p1a: Don|17\/100\n|-unboost|p2a: Urshifu|def|1\n|-unboost|p2a: Urshifu|spd|1\n|move|p1a: Don|Earthquake|p2a: Urshifu\n|-damage|p2a: Urshifu|0 fnt\n|faint|p2a: Urshifu\n|\n|-weather|DesolateLand|[upkeep]\n|upkeep\n|\n|t:|1700359913\n|switch|p2a: Galvantula|Galvantula, F|100\/100\n|-damage|p2a: Galvantula|76\/100|[from] Stealth Rock\n|turn|4\n|\n|t:|1700359918\n|-weather|none\n|switch|p1a: Iron Treads|Iron Treads|100\/100\n|move|p2a: Galvantula|Sticky Web|p1a: Iron Treads\n|-sidestart|p1: EABL XD|move: Sticky Web\n|\n|upkeep\n|turn|5\n|\n|t:|1700359921\n|move|p2a: Galvantula|String Shot|p1a: Iron Treads\n|-unboost|p1a: Iron Treads|spe|2\n|move|p1a: Iron Treads|Rapid Spin|p2a: Galvantula\n|-damage|p2a: Galvantula|46\/100\n|-boost|p1a: Iron Treads|spe|1\n|-sideend|p1: EABL XD|Sticky Web|[from] move: Rapid Spin|[of] p1a: Iron Treads\n|\n|upkeep\n|turn|6\n|\n|t:|1700359927\n|move|p2a: Galvantula|String Shot|p1a: Iron Treads\n|-unboost|p1a: Iron Treads|spe|2\n|move|p1a: Iron Treads|Rapid Spin|p2a: Galvantula\n|-damage|p2a: Galvantula|12\/100\n|-boost|p1a: Iron Treads|spe|1\n|\n|upkeep\n|turn|7\n|\n|t:|1700359937\n|switch|p2a: Delibird|Delibird, F|100\/100\n|-damage|p2a: Delibird|51\/100|[from] Stealth Rock\n|move|p1a: Iron Treads|Rapid Spin|p2a: Delibird\n|-damage|p2a: Delibird|0 fnt\n|-boost|p1a: Iron Treads|spe|1\n|faint|p2a: Delibird\n|\n|upkeep\n|\n|t:|1700359944\n|switch|p2a: Galvantula|Galvantula, F|12\/100\n|-damage|p2a: Galvantula|0 fnt|[from] Stealth Rock\n|faint|p2a: Galvantula\n|\n|t:|1700359961\n|switch|p2a: Breloom|Breloom, M|100\/100\n|-damage|p2a: Breloom|94\/100|[from] Stealth Rock\n|turn|8\n|\n|t:|1700359968\n|move|p2a: Breloom|Spore|p1a: Iron Treads\n|-status|p1a: Iron Treads|slp|[from] move: Spore\n|cant|p1a: Iron Treads|slp\n|\n|upkeep\n|turn|9\n|\n|t:|1700359971\n|-end|p1a: Iron Treads|Quark Drive|[silent]\n|switch|p1a: Tula|Galvantula, F|100\/100\n|move|p2a: Breloom|Swords Dance|p2a: Breloom\n|-boost|p2a: Breloom|atk|2\n|\n|upkeep\n|turn|10\n|\n|t:|1700359979\n|move|p1a: Tula|Sticky Web|p2a: Breloom\n|-sidestart|p2: Mr Move Look|move: Sticky Web\n|move|p2a: Breloom|Bullet Seed|p1a: Tula\n|-resisted|p1a: Tula\n|-damage|p1a: Tula|63\/100\n|-resisted|p1a: Tula\n|-damage|p1a: Tula|28\/100\n|-hitcount|p1a: Tula|2\n|\n|upkeep\n|turn|11\n|\n|t:|1700359984\n|move|p2a: Breloom|Mach Punch|p1a: Tula\n|-resisted|p1a: Tula\n|-damage|p1a: Tula|0 fnt\n|faint|p1a: Tula\n|\n|upkeep\n|\n|t:|1700359989\n|switch|p1a: P\u00e1jaro Feo|Ho-Oh, shiny|100\/100\n|turn|12\n|\n|t:|1700359997\n|-zpower|p1a: P\u00e1jaro Feo\n|move|p1a: P\u00e1jaro Feo|Z-Celebrate|p1a: P\u00e1jaro Feo|[anim]Celebrate\n|-boost|p1a: P\u00e1jaro Feo|atk|1|[zeffect]\n|-boost|p1a: P\u00e1jaro Feo|def|1|[zeffect]\n|-boost|p1a: P\u00e1jaro Feo|spa|1|[zeffect]\n|-boost|p1a: P\u00e1jaro Feo|spd|1|[zeffect]\n|-boost|p1a: P\u00e1jaro Feo|spe|1|[zeffect]\n|-activate|p1a: P\u00e1jaro Feo|move: Celebrate\n|move|p2a: Breloom|Bullet Seed|p1a: P\u00e1jaro Feo\n|-resisted|p1a: P\u00e1jaro Feo\n|-damage|p1a: P\u00e1jaro Feo|94\/100\n|-resisted|p1a: P\u00e1jaro Feo\n|-damage|p1a: P\u00e1jaro Feo|88\/100\n|-resisted|p1a: P\u00e1jaro Feo\n|-damage|p1a: P\u00e1jaro Feo|81\/100\n|-hitcount|p1a: P\u00e1jaro Feo|3\n|\n|upkeep\n|turn|13\n|\n|t:|1700360006\n|move|p1a: P\u00e1jaro Feo|Sacred Fire|p2a: Breloom\n|-supereffective|p2a: Breloom\n|-damage|p2a: Breloom|0 fnt\n|faint|p2a: Breloom\n|\n|upkeep\n|\n|t:|1700360009\n|switch|p2a: Ogerpon|Ogerpon-Hearthflame, F|100\/100\n|-damage|p2a: Ogerpon|76\/100|[from] Stealth Rock\n|-activate|p2a: Ogerpon|move: Sticky Web\n|-unboost|p2a: Ogerpon|spe|1\n|-ability|p2a: Ogerpon|Mold Breaker\n|turn|14\n|\n|t:|1700360015\n|move|p1a: P\u00e1jaro Feo|Earthquake|p2a: Ogerpon\n|-damage|p2a: Ogerpon|0 fnt\n|faint|p2a: Ogerpon\n|\n|upkeep\n|\n|t:|1700360017\n|switch|p2a: Tapu Koko|Tapu Koko|100\/100\n|-damage|p2a: Tapu Koko|88\/100|[from] Stealth Rock\n|-activate|p2a: Tapu Koko|move: Sticky Web\n|-unboost|p2a: Tapu Koko|spe|1\n|-fieldstart|move: Electric Terrain|[from] ability: Electric Surge|[of] p2a: Tapu Koko\n|turn|15\n|\n|t:|1700360031\n|-terastallize|p2a: Tapu Koko|Electric\n|move|p1a: P\u00e1jaro Feo|Earthquake|p2a: Tapu Koko\n|-supereffective|p2a: Tapu Koko\n|-damage|p2a: Tapu Koko|0 fnt\n|faint|p2a: Tapu Koko\n|\n|win|EABL XD\n|raw|EABL XD's rating: 1307 &rarr; <strong>1327<\/strong><br \/>(+20 for winning)\n|raw|Mr Move Look's rating: 1306 &rarr; <strong>1286<\/strong><br \/>(-20 for losing)\n","uploadtime":1700360042,"views":7,"p1id":"eablxd","p2id":"mrmovelook","formatid":"gen9nationaldexubers","rating":1286,"private":0,"password":""}