{"id":"gen9nationaldexubers-1998348740","p1":"kapithedumdum","p2":"IWillNeverGG","format":"[Gen 9] National Dex Ubers","log":"|j|\u2606kapithedumdum\n|j|\u2606IWillNeverGG\n|t:|1700932330\n|gametype|singles\n|player|p1|kapithedumdum|kieran|1196\n|player|p2|IWillNeverGG|shadowtriad|1280\n|teamsize|p1|6\n|teamsize|p2|6\n|gen|9\n|tier|[Gen 9] National Dex Ubers\n|rated|\n|rule|HP Percentage Mod: HP is shown in percentages\n|rule|Endless Battle Clause: Forcing endless battles is banned\n|rule|OHKO Clause: OHKO moves are banned\n|rule|Evasion Moves Clause: Evasion moves are banned\n|rule|Evasion Items Clause: Evasion items are banned\n|rule|Species Clause: Limit one of each Pok\u00e9mon\n|rule|Sleep Clause Mod: Limit one foe put to sleep\n|rule|Mega Rayquaza Clause: You cannot mega evolve Rayquaza\n|clearpoke\n|poke|p1|Palkia-Origin|\n|poke|p1|Ho-Oh|\n|poke|p1|Ferrothorn, F|\n|poke|p1|Zacian-*|\n|poke|p1|Darmanitan-Galar, M|\n|poke|p1|Ribombee, F|\n|poke|p2|Necrozma-Dusk-Mane|\n|poke|p2|Quagsire, M|\n|poke|p2|Regieleki|\n|poke|p2|Zygarde|\n|poke|p2|Ho-Oh|\n|poke|p2|Deoxys-Speed|\n|teampreview\n|inactive|Battle timer is ON: inactive players will automatically lose when time's up. (requested by kapithedumdum)\n|\n|t:|1700932342\n|start\n|switch|p1a: Ribombee|Ribombee, F|100\/100\n|switch|p2a: Deoxys|Deoxys-Speed|100\/100\n|-ability|p2a: Deoxys|Pressure\n|turn|1\n|\n|t:|1700932346\n|move|p2a: Deoxys|Taunt|p1a: Ribombee\n|-start|p1a: Ribombee|move: Taunt\n|cant|p1a: Ribombee|move: Taunt|Sticky Web\n|\n|upkeep\n|turn|2\n|\n|t:|1700932350\n|switch|p1a: Ho-Oh|Ho-Oh|100\/100\n|move|p2a: Deoxys|Stealth Rock|p1a: Ho-Oh\n|-sidestart|p1: kapithedumdum|move: Stealth Rock\n|\n|upkeep\n|turn|3\n|\n|t:|1700932355\n|move|p2a: Deoxys|Toxic|p1a: Ho-Oh\n|-status|p1a: Ho-Oh|tox\n|move|p1a: Ho-Oh|Whirlwind|p2a: Deoxys\n|drag|p2a: Necrozma|Necrozma-Dusk-Mane|100\/100\n|\n|-damage|p1a: Ho-Oh|94\/100 tox|[from] psn\n|upkeep\n|turn|4\n|\n|t:|1700932369\n|switch|p2a: Regieleki|Regieleki|100\/100\n|move|p1a: Ho-Oh|Sacred Fire|p2a: Regieleki\n|-damage|p2a: Regieleki|17\/100\n|-status|p2a: Regieleki|brn\n|\n|-damage|p1a: Ho-Oh|82\/100 tox|[from] psn\n|-damage|p2a: Regieleki|11\/100 brn|[from] brn\n|upkeep\n|turn|5\n|\n|t:|1700932374\n|switch|p1a: Ferrothorn|Ferrothorn, F|100\/100\n|-damage|p1a: Ferrothorn|95\/100|[from] Stealth Rock\n|move|p2a: Regieleki|Thunderbolt|p1a: Ferrothorn\n|-resisted|p1a: Ferrothorn\n|-damage|p1a: Ferrothorn|70\/100\n|\n|-heal|p1a: Ferrothorn|76\/100|[from] item: Leftovers\n|-damage|p2a: Regieleki|5\/100 brn|[from] brn\n|upkeep\n|turn|6\n|\n|t:|1700932383\n|move|p2a: Regieleki|Volt Switch|p1a: Ferrothorn\n|-resisted|p1a: Ferrothorn\n|-damage|p1a: Ferrothorn|56\/100\n|\n|t:|1700932390\n|switch|p2a: Deoxys|Deoxys-Speed|100\/100|[from] Volt Switch\n|-ability|p2a: Deoxys|Pressure\n|move|p1a: Ferrothorn|Spikes|p2a: Deoxys\n|-sidestart|p2: IWillNeverGG|Spikes\n|\n|-heal|p1a: Ferrothorn|62\/100|[from] item: Leftovers\n|upkeep\n|turn|7\n|\n|t:|1700932394\n|move|p2a: Deoxys|Taunt|p1a: Ferrothorn\n|-start|p1a: Ferrothorn|move: Taunt\n|cant|p1a: Ferrothorn|move: Taunt|Leech Seed\n|\n|-heal|p1a: Ferrothorn|68\/100|[from] item: Leftovers\n|upkeep\n|turn|8\n|\n|t:|1700932398\n|move|p2a: Deoxys|Spikes|p1a: Ferrothorn\n|-sidestart|p1: kapithedumdum|Spikes\n|move|p1a: Ferrothorn|Gyro Ball|p2a: Deoxys\n|-damage|p2a: Deoxys|37\/100\n|\n|-heal|p1a: Ferrothorn|74\/100|[from] item: Leftovers\n|upkeep\n|turn|9\n|\n|t:|1700932403\n|move|p2a: Deoxys|Spikes|p1a: Ferrothorn\n|-sidestart|p1: kapithedumdum|Spikes\n|move|p1a: Ferrothorn|Gyro Ball|p2a: Deoxys\n|-damage|p2a: Deoxys|0 fnt\n|faint|p2a: Deoxys\n|\n|-heal|p1a: Ferrothorn|80\/100|[from] item: Leftovers\n|-end|p1a: Ferrothorn|move: Taunt\n|upkeep\n|\n|t:|1700932407\n|switch|p2a: Ho-Oh|Ho-Oh|100\/100\n|turn|10\n|\n|t:|1700932422\n|-terastallize|p1a: Ferrothorn|Water\n|move|p2a: Ho-Oh|Toxic|p1a: Ferrothorn\n|-status|p1a: Ferrothorn|tox\n|move|p1a: Ferrothorn|Leech Seed|p2a: Ho-Oh\n|-start|p2a: Ho-Oh|move: Leech Seed\n|\n|-heal|p1a: Ferrothorn|86\/100 tox|[from] item: Leftovers\n|-damage|p2a: Ho-Oh|88\/100|[from] Leech Seed|[of] p1a: Ferrothorn\n|-heal|p1a: Ferrothorn|100\/100 tox|[silent]\n|-damage|p1a: Ferrothorn|95\/100 tox|[from] psn\n|upkeep\n|turn|11\n|\n|t:|1700932436\n|switch|p2a: Quagsire|Quagsire, M|100\/100\n|-damage|p2a: Quagsire|88\/100|[from] Spikes\n|move|p1a: Ferrothorn|Spikes|p2a: Quagsire\n|-sidestart|p2: IWillNeverGG|Spikes\n|\n|-heal|p2a: Quagsire|94\/100|[from] item: Leftovers\n|-heal|p1a: Ferrothorn|100\/100 tox|[from] item: Leftovers\n|-damage|p1a: Ferrothorn|89\/100 tox|[from] psn\n|upkeep\n|turn|12\n|\n|t:|1700932460\n|move|p2a: Quagsire|Earthquake|p1a: Ferrothorn\n|-damage|p1a: Ferrothorn|71\/100 tox\n|move|p1a: Ferrothorn|Leech Seed|p2a: Quagsire\n|-start|p2a: Quagsire|move: Leech Seed\n|\n|-heal|p2a: Quagsire|99\/100|[from] item: Leftovers\n|-heal|p1a: Ferrothorn|77\/100 tox|[from] item: Leftovers\n|-damage|p2a: Quagsire|88\/100|[from] Leech Seed|[of] p1a: Ferrothorn\n|-heal|p1a: Ferrothorn|91\/100 tox|[silent]\n|-damage|p1a: Ferrothorn|73\/100 tox|[from] psn\n|upkeep\n|turn|13\n|\n|t:|1700932466\n|switch|p2a: Regieleki|Regieleki|5\/100 brn\n|-damage|p2a: Regieleki|0 fnt|[from] Spikes\n|faint|p2a: Regieleki\n|move|p1a: Ferrothorn|Spikes|p2: Regieleki\n|-sidestart|p2: IWillNeverGG|Spikes\n|\n|-heal|p1a: Ferrothorn|79\/100 tox|[from] item: Leftovers\n|-damage|p1a: Ferrothorn|55\/100 tox|[from] psn\n|upkeep\n|\n|t:|1700932478\n|switch|p2a: Zygarde|Zygarde|100\/100\n|-damage|p2a: Zygarde|76\/100|[from] Spikes\n|turn|14\n|\n|t:|1700932482\n|move|p2a: Zygarde|Dragon Dance|p2a: Zygarde\n|-boost|p2a: Zygarde|atk|1\n|-boost|p2a: Zygarde|spe|1\n|move|p1a: Ferrothorn|Leech Seed|p2a: Zygarde\n|-start|p2a: Zygarde|move: Leech Seed\n|\n|-heal|p2a: Zygarde|82\/100|[from] item: Leftovers\n|-heal|p1a: Ferrothorn|61\/100 tox|[from] item: Leftovers\n|-damage|p2a: Zygarde|69\/100|[from] Leech Seed|[of] p1a: Ferrothorn\n|-heal|p1a: Ferrothorn|74\/100 tox|[silent]\n|-damage|p1a: Ferrothorn|44\/100 tox|[from] psn\n|upkeep\n|turn|15\n|\n|t:|1700932489\n|move|p2a: Zygarde|Dragon Dance|p2a: Zygarde\n|-boost|p2a: Zygarde|atk|1\n|-boost|p2a: Zygarde|spe|1\n|move|p1a: Ferrothorn|Gyro Ball|p2a: Zygarde\n|-damage|p2a: Zygarde|29\/100\n|\n|-heal|p2a: Zygarde|35\/100|[from] item: Leftovers\n|-heal|p1a: Ferrothorn|50\/100 tox|[from] item: Leftovers\n|-damage|p2a: Zygarde|23\/100|[from] Leech Seed|[of] p1a: Ferrothorn\n|-heal|p1a: Ferrothorn|62\/100 tox|[silent]\n|-damage|p1a: Ferrothorn|26\/100 tox|[from] psn\n|-activate|p2a: Zygarde|ability: Power Construct\n|detailschange|p2a: Zygarde|Zygarde-Complete\n|-heal|p2a: Zygarde|52\/100|[silent]\n|upkeep\n|turn|16\n|\n|t:|1700932507\n|move|p2a: Zygarde|Dragon Dance|p2a: Zygarde\n|-boost|p2a: Zygarde|atk|1\n|-boost|p2a: Zygarde|spe|1\n|move|p1a: Ferrothorn|Gyro Ball|p2a: Zygarde\n|-damage|p2a: Zygarde|27\/100\n|\n|-heal|p2a: Zygarde|33\/100|[from] item: Leftovers\n|-heal|p1a: Ferrothorn|32\/100 tox|[from] item: Leftovers\n|-damage|p2a: Zygarde|21\/100|[from] Leech Seed|[of] p1a: Ferrothorn\n|-heal|p1a: Ferrothorn|53\/100 tox|[silent]\n|-damage|p1a: Ferrothorn|11\/100 tox|[from] psn\n|upkeep\n|turn|17\n|\n|t:|1700932513\n|move|p2a: Zygarde|Breaking Swipe|p1a: Ferrothorn\n|-damage|p1a: Ferrothorn|0 fnt\n|-damage|p2a: Zygarde|8\/100|[from] ability: Iron Barbs|[of] p1a: Ferrothorn\n|faint|p1a: Ferrothorn\n|\n|-heal|p2a: Zygarde|14\/100|[from] item: Leftovers\n|upkeep\n|c|\u2606kapithedumdum|interesting predicament\n|\n|t:|1700932539\n|switch|p1a: Ho-Oh|Ho-Oh|100\/100 tox\n|turn|18\n|\n|t:|1700932544\n|move|p2a: Zygarde|Thousand Arrows|p1a: Ho-Oh\n|-damage|p1a: Ho-Oh|0 fnt\n|faint|p1a: Ho-Oh\n|\n|-heal|p2a: Zygarde|20\/100|[from] item: Leftovers\n|upkeep\n|\n|t:|1700932554\n|switch|p1a: Palkia|Palkia-Origin|100\/100\n|-damage|p1a: Palkia|88\/100|[from] Stealth Rock\n|-damage|p1a: Palkia|72\/100|[from] Spikes\n|-ability|p1a: Palkia|Pressure\n|turn|19\n|\n|t:|1700932561\n|-terastallize|p2a: Zygarde|Normal\n|move|p2a: Zygarde|Breaking Swipe|p1a: Palkia\n|-supereffective|p1a: Palkia\n|-damage|p1a: Palkia|0 fnt\n|faint|p1a: Palkia\n|\n|-heal|p2a: Zygarde|27\/100|[from] item: Leftovers\n|upkeep\n|\n|t:|1700932566\n|switch|p1a: Zacian|Zacian-Crowned|100\/100\n|-damage|p1a: Zacian|94\/100|[from] Stealth Rock\n|-damage|p1a: Zacian|78\/100|[from] Spikes\n|-ability|p1a: Zacian|Intrepid Sword|boost\n|-boost|p1a: Zacian|atk|1\n|turn|20\n|\n|t:|1700932571\n|move|p2a: Zygarde|Thousand Arrows|p1a: Zacian\n|-supereffective|p1a: Zacian\n|-damage|p1a: Zacian|0 fnt\n|faint|p1a: Zacian\n|\n|-heal|p2a: Zygarde|33\/100|[from] item: Leftovers\n|upkeep\n|\n|t:|1700932574\n|switch|p1a: Darmanitan|Darmanitan-Galar, M|100\/100\n|-damage|p1a: Darmanitan|76\/100|[from] Stealth Rock\n|-damage|p1a: Darmanitan|59\/100|[from] Spikes\n|turn|21\n|\n|t:|1700932578\n|move|p2a: Zygarde|Breaking Swipe|p1a: Darmanitan\n|-damage|p1a: Darmanitan|0 fnt\n|faint|p1a: Darmanitan\n|\n|-heal|p2a: Zygarde|39\/100|[from] item: Leftovers\n|upkeep\n|\n|t:|1700932580\n|switch|p1a: Ribombee|Ribombee, F|100\/100\n|-damage|p1a: Ribombee|76\/100|[from] Stealth Rock\n|-damage|p1a: Ribombee|59\/100|[from] Spikes\n|turn|22\n|\n|t:|1700932582\n|move|p2a: Zygarde|Extreme Speed|p1a: Ribombee\n|-damage|p1a: Ribombee|0 fnt\n|faint|p1a: Ribombee\n|\n|win|IWillNeverGG\n|raw|kapithedumdum's rating: 1196 &rarr; <strong>1177<\/strong><br \/>(-19 for losing)\n|raw|IWillNeverGG's rating: 1280 &rarr; <strong>1299<\/strong><br \/>(+19 for winning)\n","uploadtime":1700932587,"views":0,"p1id":"kapithedumdum","p2id":"iwillnevergg","formatid":"gen9nationaldexubers","rating":1177,"private":0,"password":""}