{"id":"gen9nationaldexubers-1979013469","p1":"lonly wolf","p2":"AbstractVoid","format":"[Gen 9] National Dex Ubers","log":"|j|\u2606lonly wolf\n|j|\u2606AbstractVoid\n|t:|1698621159\n|gametype|singles\n|player|p1|lonly wolf|volkner|\n|player|p2|AbstractVoid|roxie|\n|teamsize|p1|6\n|teamsize|p2|6\n|gen|9\n|tier|[Gen 9] National Dex Ubers\n|rule|HP Percentage Mod: HP is shown in percentages\n|rule|Endless Battle Clause: Forcing endless battles is banned\n|rule|OHKO Clause: OHKO moves are banned\n|rule|Evasion Moves Clause: Evasion moves are banned\n|rule|Evasion Items Clause: Evasion items are banned\n|rule|Species Clause: Limit one of each Pok\u00e9mon\n|rule|Sleep Clause Mod: Limit one foe put to sleep\n|rule|Mega Rayquaza Clause: You cannot mega evolve Rayquaza\n|clearpoke\n|poke|p1|Mewtwo|\n|poke|p1|Arceus-Steel|\n|poke|p1|Garganacl, F|\n|poke|p1|Salamence, F|\n|poke|p1|Solgaleo|\n|poke|p1|Sneasler, M|\n|poke|p2|Lucario, F|\n|poke|p2|Gliscor, M|\n|poke|p2|Chien-Pao|\n|poke|p2|Arceus-Ghost|\n|poke|p2|Palafin, M|\n|poke|p2|Deoxys-Attack|\n|teampreview\n|inactive|Battle timer is ON: inactive players will automatically lose when time's up. (requested by lonly wolf)\n|inactiveoff|Battle timer is now OFF.\n|c|\u2606lonly wolf|good luck have fun\n|j| HopeAddict\n|j| Hachachino\n|c|\u2606lonly wolf|do you wanna wait for more dudes\n|j| Berryandon\n|c| Berryandon|jk it worked\n|c| Hachachino|Wil daccusations\n|c| Hachachino|Wild accusations*\n|c|\u2606AbstractVoid|i just wanna go\n|\n|t:|1698621361\n|start\n|switch|p1a: peasant destroyer|Mewtwo|100\/100\n|switch|p2a: Mx. Crabs|Gliscor, M|100\/100\n|-ability|p1a: peasant destroyer|Pressure\n|turn|1\n|\n|t:|1698621396\n|switch|p2a: Design Downgrader|Palafin, M|100\/100\n|detailschange|p1a: peasant destroyer|Mewtwo-Mega-Y\n|-mega|p1a: peasant destroyer|Mewtwo|Mewtwonite Y\n|move|p1a: peasant destroyer|Ice Beam|p2a: Design Downgrader\n|-resisted|p2a: Design Downgrader\n|-damage|p2a: Design Downgrader|67\/100\n|\n|upkeep\n|turn|2\n|\n|t:|1698621418\n|detailschange|p2a: Design Downgrader|Palafin-Hero, M\n|switch|p2a: eep!|Arceus-Ghost|100\/100\n|move|p1a: peasant destroyer|Thunderbolt|p2a: eep!\n|-damage|p2a: eep!|71\/100\n|\n|upkeep\n|turn|3\n|\n|t:|1698621459\n|switch|p1a: MINECRAFT|Garganacl, F|100\/100\n|move|p2a: eep!|Recover|p2a: eep!\n|-heal|p2a: eep!|100\/100\n|\n|upkeep\n|turn|4\n|\n|t:|1698621486\n|switch|p2a: Mx. Crabs|Gliscor, M|100\/100\n|move|p1a: MINECRAFT|Stealth Rock|p2a: Mx. Crabs\n|-sidestart|p2: AbstractVoid|move: Stealth Rock\n|\n|-status|p2a: Mx. Crabs|tox|[from] item: Toxic Orb\n|upkeep\n|turn|5\n|c| Berryandon|here come teh mid off\n|\n|t:|1698621521\n|switch|p1a: peasant destroyer|Mewtwo-Mega-Y|100\/100\n|move|p2a: Mx. Crabs|Toxic|p1a: peasant destroyer\n|-status|p1a: peasant destroyer|tox\n|\n|-damage|p1a: peasant destroyer|94\/100 tox|[from] psn\n|upkeep\n|turn|6\n|\n|t:|1698621537\n|move|p1a: peasant destroyer|Nasty Plot|p1a: peasant destroyer\n|-boost|p1a: peasant destroyer|spa|2\n|move|p2a: Mx. Crabs|Stealth Rock|p1a: peasant destroyer\n|-sidestart|p1: lonly wolf|move: Stealth Rock\n|\n|-damage|p1a: peasant destroyer|82\/100 tox|[from] psn\n|upkeep\n|turn|7\n|c|\u2606lonly wolf|what gets to die this turn fawn\n|j| bog babushka\n|\n|t:|1698621613\n|move|p1a: peasant destroyer|Psystrike|p2a: Mx. Crabs\n|-damage|p2a: Mx. Crabs|6\/100 tox\n|move|p2a: Mx. Crabs|Earthquake|p1a: peasant destroyer\n|-damage|p1a: peasant destroyer|50\/100 tox\n|\n|-damage|p1a: peasant destroyer|32\/100 tox|[from] psn\n|-heal|p2a: Mx. Crabs|19\/100 tox|[from] ability: Poison Heal\n|upkeep\n|turn|8\n|c|\u2606lonly wolf|nothing\n|c| Berryandon|nothing holy shit\n|c|\u2606lonly wolf|wow thats a lot of spdef\n|c| Berryandon|owned\n|c|\u2606lonly wolf|:(\n|c|\u2606AbstractVoid|you used psystrike\n|c|\u2606lonly wolf|oh shit i forgor\n|j| PaperDrMario\n|\n|t:|1698621658\n|move|p1a: peasant destroyer|Ice Beam|p2a: Mx. Crabs\n|-supereffective|p2a: Mx. Crabs\n|-damage|p2a: Mx. Crabs|0 fnt\n|faint|p2a: Mx. Crabs\n|\n|-damage|p1a: peasant destroyer|7\/100 tox|[from] psn\n|upkeep\n|c|\u2606lonly wolf|i thought you were gonna switch to ghost again\n|c| PaperDrMario|best game ever you say?\n|\n|t:|1698621705\n|switch|p2a: killfucker|Deoxys-Attack|100\/100\n|-damage|p2a: killfucker|88\/100|[from] Stealth Rock\n|-ability|p2a: killfucker|Pressure\n|turn|9\n|c| HopeAddict|if you wanna talk about the real best game ever you should play yakuza 0\n|c| Berryandon|REAL\n|c| Berryandon|REAL ADN TRUE!\n|\n|t:|1698621723\n|move|p2a: killfucker|Rock Slide|p1a: peasant destroyer|[miss]\n|-miss|p2a: killfucker|p1a: peasant destroyer\n|move|p1a: peasant destroyer|Thunderbolt|p2a: killfucker\n|-damage|p2a: killfucker|0 fnt\n|faint|p2a: killfucker\n|\n|-damage|p1a: peasant destroyer|0 fnt|[from] psn\n|faint|p1a: peasant destroyer\n|upkeep\n|c|\u2606lonly wolf|oof\n|c| HopeAddict|yikes\n|\n|t:|1698621746\n|switch|p2a: fredrick fastbear|Lucario, F|100\/100\n|switch|p1a: sun weak to fire??|Solgaleo|100\/100\n|-damage|p2a: fredrick fastbear|98\/100|[from] Stealth Rock\n|-damage|p1a: sun weak to fire??|94\/100|[from] Stealth Rock\n|turn|10\n|c| PaperDrMario|I am caught up now\n|c| PaperDrMario|Killfucker we hardly knew ye\n|\n|t:|1698621786\n|move|p2a: fredrick fastbear|Close Combat|p1a: sun weak to fire??\n|-damage|p1a: sun weak to fire??|54\/100\n|-unboost|p2a: fredrick fastbear|def|1\n|-unboost|p2a: fredrick fastbear|spd|1\n|move|p1a: sun weak to fire??|Psychic Fangs|p2a: fredrick fastbear\n|-damage|p2a: fredrick fastbear|0 fnt\n|faint|p2a: fredrick fastbear\n|\n|-heal|p1a: sun weak to fire??|60\/100|[from] item: Leftovers\n|upkeep\n|\n|t:|1698621800\n|switch|p2a: Design Downgrader|Palafin-Hero, M|67\/100\n|-damage|p2a: Design Downgrader|55\/100|[from] Stealth Rock\n|-activate|p2a: Design Downgrader|ability: Zero to Hero\n|turn|11\n|c| Berryandon|our hero has entered the field\n|\n|t:|1698621851\n|move|p2a: Design Downgrader|Wave Crash|p1a: sun weak to fire??\n|-damage|p1a: sun weak to fire??|0 fnt\n|faint|p1a: sun weak to fire??\n|-damage|p2a: Design Downgrader|27\/100|[from] Recoil\n|\n|upkeep\n|c| Berryandon|look at him, defeating evil\n|\n|t:|1698621867\n|switch|p1a: dragonborn cleric|Salamence, F|100\/100\n|-damage|p1a: dragonborn cleric|76\/100|[from] Stealth Rock\n|-ability|p1a: dragonborn cleric|Intimidate|boost\n|-unboost|p2a: Design Downgrader|atk|1\n|turn|12\n|c| HopeAddict|is that balding gate reference\n|\n|t:|1698621912\n|switch|p2a: Warriors Reference|Chien-Pao|100\/100\n|-ability|p2a: Warriors Reference|Sword of Ruin\n|move|p1a: dragonborn cleric|Dragon Dance|p1a: dragonborn cleric\n|-boost|p1a: dragonborn cleric|atk|1\n|-boost|p1a: dragonborn cleric|spe|1\n|\n|-heal|p1a: dragonborn cleric|82\/100|[from] item: Leftovers\n|upkeep\n|turn|13\n|\n|t:|1698621928\n|switch|p1a: MINECRAFT|Garganacl, F|100\/100\n|-damage|p1a: MINECRAFT|88\/100|[from] Stealth Rock\n|move|p2a: Warriors Reference|Ice Spinner|p1a: MINECRAFT\n|-damage|p1a: MINECRAFT|61\/100\n|\n|-heal|p1a: MINECRAFT|68\/100|[from] item: Leftovers\n|upkeep\n|turn|14\n|\n|t:|1698621940\n|move|p2a: Warriors Reference|Sacred Sword|p1a: MINECRAFT\n|-supereffective|p1a: MINECRAFT\n|-damage|p1a: MINECRAFT|27\/100\n|move|p1a: MINECRAFT|Recover|p1a: MINECRAFT\n|-heal|p1a: MINECRAFT|77\/100\n|\n|-heal|p1a: MINECRAFT|83\/100|[from] item: Leftovers\n|upkeep\n|turn|15\n|c| PaperDrMario|How have I never seen the name Minecraft for garg?\n|c|\u2606lonly wolf|:(\n|\n|t:|1698621976\n|move|p2a: Warriors Reference|Sacred Sword|p1a: MINECRAFT\n|-supereffective|p1a: MINECRAFT\n|-damage|p1a: MINECRAFT|41\/100\n|move|p1a: MINECRAFT|Body Press|p2a: Warriors Reference\n|-supereffective|p2a: Warriors Reference\n|-damage|p2a: Warriors Reference|0 fnt\n|faint|p2a: Warriors Reference\n|\n|-heal|p1a: MINECRAFT|47\/100|[from] item: Leftovers\n|upkeep\n|\n|t:|1698621992\n|switch|p2a: Design Downgrader|Palafin-Hero, M|27\/100\n|-damage|p2a: Design Downgrader|15\/100|[from] Stealth Rock\n|turn|16\n|\n|t:|1698622007\n|switch|p1a: dragonborn cleric|Salamence, F|82\/100\n|-damage|p1a: dragonborn cleric|57\/100|[from] Stealth Rock\n|-ability|p1a: dragonborn cleric|Intimidate|boost\n|-unboost|p2a: Design Downgrader|atk|1\n|move|p2a: Design Downgrader|Flip Turn|p1a: dragonborn cleric\n|-resisted|p1a: dragonborn cleric\n|-damage|p1a: dragonborn cleric|39\/100\n|\n|t:|1698622015\n|switch|p2a: eep!|Arceus-Ghost|100\/100|[from] Flip Turn\n|-damage|p2a: eep!|88\/100|[from] Stealth Rock\n|\n|-heal|p1a: dragonborn cleric|45\/100|[from] item: Leftovers\n|upkeep\n|turn|17\n|\n|t:|1698622029\n|move|p2a: eep!|Judgment|p1a: dragonborn cleric\n|-damage|p1a: dragonborn cleric|2\/100\n|move|p1a: dragonborn cleric|Dragon Dance|p1a: dragonborn cleric\n|-boost|p1a: dragonborn cleric|atk|1\n|-boost|p1a: dragonborn cleric|spe|1\n|\n|-heal|p1a: dragonborn cleric|8\/100|[from] item: Leftovers\n|upkeep\n|turn|18\n|\n|t:|1698622047\n|move|p2a: eep!|Judgment|p1a: dragonborn cleric\n|-damage|p1a: dragonborn cleric|0 fnt\n|faint|p1a: dragonborn cleric\n|\n|upkeep\n|c| Berryandon|mans still too slow after a lil dance\n|\n|t:|1698622075\n|switch|p1a: MINECRAFT|Garganacl, F|47\/100\n|-damage|p1a: MINECRAFT|34\/100|[from] Stealth Rock\n|turn|19\n|\n|t:|1698622082\n|move|p2a: eep!|Aura Sphere|p1a: MINECRAFT\n|-supereffective|p1a: MINECRAFT\n|-damage|p1a: MINECRAFT|0 fnt\n|faint|p1a: MINECRAFT\n|\n|upkeep\n|c| Hachachino|I have never realized Arceus is that fast\n|\n|t:|1698622091\n|switch|p1a: Arceus|Arceus-Steel|100\/100\n|-damage|p1a: Arceus|94\/100|[from] Stealth Rock\n|turn|20\n|c| HopeAddict|Arceus-Flying\n|c|\u2606lonly wolf|nicelyy done\n|c|\u2606lonly wolf|i thought it would focus blast\n|\n|t:|1698622123\n|move|p2a: eep!|Calm Mind|p2a: eep!\n|-boost|p2a: eep!|spa|1\n|-boost|p2a: eep!|spd|1\n|move|p1a: Arceus|Calm Mind|p1a: Arceus\n|-boost|p1a: Arceus|spa|1\n|-boost|p1a: Arceus|spd|1\n|\n|upkeep\n|turn|21\n|c| Berryandon|HERE IT COMES\n|\n|t:|1698622147\n|move|p2a: eep!|Calm Mind|p2a: eep!\n|-boost|p2a: eep!|spa|1\n|-boost|p2a: eep!|spd|1\n|move|p1a: Arceus|Calm Mind|p1a: Arceus\n|-boost|p1a: Arceus|spa|1\n|-boost|p1a: Arceus|spd|1\n|\n|upkeep\n|turn|22\n|c| PaperDrMario|ARCEUS SHOWDOWN\n|\n|t:|1698622168\n|move|p2a: eep!|Calm Mind|p2a: eep!\n|-boost|p2a: eep!|spa|1\n|-boost|p2a: eep!|spd|1\n|move|p1a: Arceus|Future Sight|p2a: eep!\n|-start|p1a: Arceus|move: Future Sight\n|\n|upkeep\n|turn|23\n|j| Zestrov\n|\n|t:|1698622175\n|move|p2a: eep!|Calm Mind|p2a: eep!\n|-boost|p2a: eep!|spa|1\n|-boost|p2a: eep!|spd|1\n|move|p1a: Arceus|Calm Mind|p1a: Arceus\n|-boost|p1a: Arceus|spa|1\n|-boost|p1a: Arceus|spd|1\n|\n|upkeep\n|turn|24\n|\n|t:|1698622185\n|move|p2a: eep!|Calm Mind|p2a: eep!\n|-boost|p2a: eep!|spa|1\n|-boost|p2a: eep!|spd|1\n|move|p1a: Arceus|Calm Mind|p1a: Arceus\n|-boost|p1a: Arceus|spa|1\n|-boost|p1a: Arceus|spd|1\n|\n|-end|p2a: eep!|move: Future Sight\n|-damage|p2a: eep!|71\/100\n|upkeep\n|turn|25\n|c| Zestrov|this is close mightve been right brandon\n|\n|t:|1698622198\n|move|p2a: eep!|Aura Sphere|p1a: Arceus\n|-supereffective|p1a: Arceus\n|-damage|p1a: Arceus|60\/100\n|move|p1a: Arceus|Calm Mind|p1a: Arceus\n|-boost|p1a: Arceus|spa|1\n|-boost|p1a: Arceus|spd|1\n|\n|upkeep\n|turn|26\n|c| PaperDrMario|Crit fight!!!\n|\n|t:|1698622232\n|move|p2a: eep!|Calm Mind|p2a: eep!\n|-boost|p2a: eep!|spa|1\n|-boost|p2a: eep!|spd|1\n|move|p1a: Arceus|Recover|p1a: Arceus\n|-heal|p1a: Arceus|100\/100\n|\n|upkeep\n|turn|27\n|\n|t:|1698622250\n|move|p2a: eep!|Aura Sphere|p1a: Arceus\n|-supereffective|p1a: Arceus\n|-damage|p1a: Arceus|65\/100\n|move|p1a: Arceus|Calm Mind|p1a: Arceus\n|-boost|p1a: Arceus|spa|1\n|-boost|p1a: Arceus|spd|1\n|\n|upkeep\n|turn|28\n|\n|t:|1698622264\n|move|p2a: eep!|Aura Sphere|p1a: Arceus\n|-supereffective|p1a: Arceus\n|-damage|p1a: Arceus|38\/100\n|move|p1a: Arceus|Judgment|p2a: eep!\n|-damage|p2a: eep!|41\/100\n|\n|upkeep\n|turn|29\n|\n|t:|1698622277\n|move|p2a: eep!|Aura Sphere|p1a: Arceus\n|-supereffective|p1a: Arceus\n|-damage|p1a: Arceus|11\/100\n|move|p1a: Arceus|Recover|p1a: Arceus\n|-heal|p1a: Arceus|61\/100\n|\n|upkeep\n|turn|30\n|l| Zestrov\n|\n|t:|1698622289\n|move|p2a: eep!|Aura Sphere|p1a: Arceus\n|-supereffective|p1a: Arceus\n|-damage|p1a: Arceus|31\/100\n|move|p1a: Arceus|Recover|p1a: Arceus\n|-heal|p1a: Arceus|81\/100\n|\n|upkeep\n|turn|31\n|\n|t:|1698622295\n|move|p2a: eep!|Aura Sphere|p1a: Arceus\n|-supereffective|p1a: Arceus\n|-damage|p1a: Arceus|55\/100\n|move|p1a: Arceus|Future Sight|p2a: eep!\n|-start|p1a: Arceus|move: Future Sight\n|\n|upkeep\n|turn|32\n|\n|t:|1698622300\n|move|p2a: eep!|Recover|p2a: eep!\n|-heal|p2a: eep!|91\/100\n|move|p1a: Arceus|Judgment|p2a: eep!\n|-damage|p2a: eep!|58\/100\n|\n|upkeep\n|turn|33\n|\n|t:|1698622306\n|move|p2a: eep!|Recover|p2a: eep!\n|-heal|p2a: eep!|100\/100\n|move|p1a: Arceus|Judgment|p2a: eep!\n|-damage|p2a: eep!|71\/100\n|\n|-end|p2a: eep!|move: Future Sight\n|-damage|p2a: eep!|50\/100\n|upkeep\n|turn|34\n|\n|t:|1698622350\n|move|p2a: eep!|Aura Sphere|p1a: Arceus\n|-supereffective|p1a: Arceus\n|-damage|p1a: Arceus|24\/100\n|move|p1a: Arceus|Recover|p1a: Arceus\n|-heal|p1a: Arceus|74\/100\n|\n|upkeep\n|turn|35\n|c| Berryandon|this is awesome\n|c| HopeAddict|riveting ubers gameplay\n|\n|t:|1698622381\n|move|p2a: eep!|Judgment|p1a: Arceus\n|-damage|p1a: Arceus|44\/100\n|move|p1a: Arceus|Future Sight|p2a: eep!\n|-start|p1a: Arceus|move: Future Sight\n|\n|upkeep\n|turn|36\n|\n|t:|1698622389\n|move|p2a: eep!|Recover|p2a: eep!\n|-heal|p2a: eep!|99\/100\n|move|p1a: Arceus|Recover|p1a: Arceus\n|-heal|p1a: Arceus|94\/100\n|\n|upkeep\n|turn|37\n|\n|t:|1698622397\n|move|p2a: eep!|Judgment|p1a: Arceus\n|-damage|p1a: Arceus|61\/100\n|move|p1a: Arceus|Judgment|p2a: eep!\n|-damage|p2a: eep!|65\/100\n|\n|-end|p2a: eep!|move: Future Sight\n|-damage|p2a: eep!|43\/100\n|upkeep\n|turn|38\n|\n|t:|1698622409\n|move|p2a: eep!|Recover|p2a: eep!\n|-heal|p2a: eep!|93\/100\n|move|p1a: Arceus|Future Sight|p2a: eep!\n|-start|p1a: Arceus|move: Future Sight\n|\n|upkeep\n|turn|39\n|\n|t:|1698622413\n|move|p2a: eep!|Judgment|p1a: Arceus\n|-damage|p1a: Arceus|26\/100\n|move|p1a: Arceus|Judgment|p2a: eep!\n|-damage|p2a: eep!|61\/100\n|\n|upkeep\n|turn|40\n|\n|t:|1698622434\n|move|p2a: eep!|Judgment|p1a: Arceus\n|-damage|p1a: Arceus|0 fnt\n|faint|p1a: Arceus\n|\n|-end|p2a: eep!|move: Future Sight\n|-damage|p2a: eep!|55\/100\n|upkeep\n|\n|t:|1698622436\n|switch|p1a: blonde|Sneasler, M, shiny|100\/100\n|-damage|p1a: blonde|95\/100|[from] Stealth Rock\n|turn|41\n|\n|t:|1698622445\n|move|p1a: blonde|Dire Claw|p2a: eep!\n|-resisted|p2a: eep!\n|-damage|p2a: eep!|40\/100\n|move|p2a: eep!|Judgment|p1a: blonde\n|-damage|p1a: blonde|0 fnt\n|faint|p1a: blonde\n|\n|win|AbstractVoid\n|c|\u2606lonly wolf|dam\n|c|\u2606AbstractVoid|gg\n|c|\u2606lonly wolf|gg\n|c| Berryandon|fawn pog\n|l|\u2606lonly wolf\n|c| HopeAddict|arceus gaming\n|l| HopeAddict\n|l|\u2606AbstractVoid\n|j|\u2606lonly wolf\n|player|p1|lonly wolf|volkner\n","uploadtime":1698622465,"views":20,"p1id":"lonlywolf","p2id":"abstractvoid","formatid":"gen9nationaldexubers","rating":0,"private":0,"password":""}