{"id":"gen9nationaldexubers-1984763791","p1":"insignas","p2":"HazardAC","format":"[Gen 9] National Dex Ubers","log":"|j|\u2606insignas\n|j|\u2606HazardAC\n|t:|1699297084\n|gametype|singles\n|player|p1|insignas|pryce|\n|player|p2|HazardAC|cynthia|\n|teamsize|p1|6\n|teamsize|p2|6\n|gen|9\n|tier|[Gen 9] National Dex Ubers\n|rule|HP Percentage Mod: HP is shown in percentages\n|rule|Endless Battle Clause: Forcing endless battles is banned\n|rule|OHKO Clause: OHKO moves are banned\n|rule|Evasion Moves Clause: Evasion moves are banned\n|rule|Evasion Items Clause: Evasion items are banned\n|rule|Species Clause: Limit one of each Pok\u00e9mon\n|rule|Sleep Clause Mod: Limit one foe put to sleep\n|rule|Mega Rayquaza Clause: You cannot mega evolve Rayquaza\n|clearpoke\n|poke|p1|Ogerpon-Cornerstone, F|\n|poke|p1|Heatran, F|\n|poke|p1|Florges-White, F|\n|poke|p1|Zeraora|\n|poke|p1|Gliscor, M|\n|poke|p1|Ursaring, F|\n|poke|p2|Charizard, F|\n|poke|p2|Walking Wake|\n|poke|p2|Slither Wing|\n|poke|p2|Ting-Lu|\n|poke|p2|Thundurus-Therian, M|\n|poke|p2|Arboliva, F|\n|teampreview\n|c|\u2606insignas|glhf\n|c|\u2606HazardAC|glhf\n|c|\u2606insignas|lock tf in\n|c|\u2606HazardAC|discord is being slow hold on lol\n|c|\u2606insignas|ik its annoying\n|c|\u2606insignas|took me 3 minutes to send that im ready lol\n|\n|t:|1699297213\n|start\n|switch|p1a: Ogerpon|Ogerpon-Cornerstone, F|100\/100\n|switch|p2a: Guns Out|Walking Wake|100\/100\n|turn|1\n|\n|t:|1699297261\n|switch|p1a: Florges|Florges-White, F, shiny|100\/100\n|move|p2a: Guns Out|Flip Turn|p1a: Florges\n|-damage|p1a: Florges|81\/100\n|c|\u2606insignas|bro is taking 8 years to make decisions holy\n|\n|t:|1699297312\n|-end|p2a: Guns Out|Protosynthesis|[silent]\n|switch|p2a: Sun's Out|Charizard, F|100\/100|[from] Flip Turn\n|\n|-heal|p1a: Florges|87\/100|[from] item: Leftovers\n|upkeep\n|turn|2\n|\n|t:|1699297324\n|detailschange|p2a: Sun's Out|Charizard-Mega-Y, F\n|-mega|p2a: Sun's Out|Charizard|Charizardite Y\n|-weather|SunnyDay|[from] ability: Drought|[of] p2a: Sun's Out\n|move|p2a: Sun's Out|Flamethrower|p1a: Florges\n|-damage|p1a: Florges|45\/100\n|move|p1a: Florges|Wish|p1a: Florges\n|\n|-weather|SunnyDay|[upkeep]\n|-heal|p1a: Florges|51\/100|[from] item: Leftovers\n|upkeep\n|turn|3\n|\n|t:|1699297351\n|switch|p2a: Also Guns Out|Slither Wing|100\/100\n|-activate|p2a: Also Guns Out|ability: Protosynthesis\n|-start|p2a: Also Guns Out|protosynthesisatk\n|move|p1a: Florges|Protect||[still]\n|-fail|p1a: Florges\n|\n|-weather|SunnyDay|[upkeep]\n|-heal|p1a: Florges|100\/100|[from] move: Wish|[wisher] Florges\n|upkeep\n|turn|4\n|\n|t:|1699297363\n|switch|p1a: Heatran|Heatran, F|100\/100\n|move|p2a: Also Guns Out|U-turn|p1a: Heatran\n|-resisted|p1a: Heatran\n|-damage|p1a: Heatran|90\/100\n|\n|t:|1699297369\n|-end|p2a: Also Guns Out|Protosynthesis|[silent]\n|switch|p2a: Shields Out|Ting-Lu|100\/100|[from] U-turn\n|-ability|p2a: Shields Out|Vessel of Ruin\n|\n|-weather|SunnyDay|[upkeep]\n|upkeep\n|turn|5\n|\n|t:|1699297408\n|switch|p1a: Gliscor|Gliscor, M|100\/100\n|move|p2a: Shields Out|Stealth Rock|p1a: Gliscor\n|-sidestart|p1: insignas|move: Stealth Rock\n|\n|-weather|SunnyDay|[upkeep]\n|-status|p1a: Gliscor|tox|[from] item: Toxic Orb\n|upkeep\n|turn|6\n|\n|t:|1699297415\n|move|p1a: Gliscor|Toxic|p2a: Shields Out\n|-status|p2a: Shields Out|tox\n|move|p2a: Shields Out|Whirlwind|p1a: Gliscor\n|drag|p1a: Florges|Florges-White, F, shiny|100\/100\n|-damage|p1a: Florges|88\/100|[from] Stealth Rock\n|\n|-weather|none\n|-heal|p1a: Florges|94\/100|[from] item: Leftovers\n|-damage|p2a: Shields Out|94\/100 tox|[from] psn\n|upkeep\n|turn|7\n|\n|t:|1699297443\n|switch|p2a: Sun's Out|Charizard-Mega-Y, F|100\/100\n|-weather|SunnyDay|[from] ability: Drought|[of] p2a: Sun's Out\n|move|p1a: Florges|Defog|p2a: Sun's Out\n|-unboost|p2a: Sun's Out|evasion|1\n|-sideend|p1: insignas|Stealth Rock|[from] move: Defog|[of] p1a: Florges\n|\n|-weather|SunnyDay|[upkeep]\n|-heal|p1a: Florges|99\/100|[from] item: Leftovers\n|upkeep\n|turn|8\n|c|\u2606insignas|why are only 4 of your mons nicknamed wtf\n|\n|t:|1699297459\n|move|p2a: Sun's Out|Flamethrower|p1a: Florges\n|-damage|p1a: Florges|61\/100\n|move|p1a: Florges|Wish|p1a: Florges\n|\n|-weather|SunnyDay|[upkeep]\n|-heal|p1a: Florges|67\/100|[from] item: Leftovers\n|upkeep\n|turn|9\n|\n|t:|1699297466\n|move|p2a: Sun's Out|Flamethrower|p1a: Florges\n|-damage|p1a: Florges|24\/100\n|move|p1a: Florges|Moonblast|p2a: Sun's Out\n|-resisted|p2a: Sun's Out\n|-damage|p2a: Sun's Out|81\/100\n|-unboost|p2a: Sun's Out|spa|1\n|\n|-weather|SunnyDay|[upkeep]\n|-heal|p1a: Florges|74\/100|[from] move: Wish|[wisher] Florges\n|-heal|p1a: Florges|80\/100|[from] item: Leftovers\n|upkeep\n|turn|10\n|\n|t:|1699297483\n|move|p2a: Sun's Out|Flamethrower|p1a: Florges\n|-damage|p1a: Florges|52\/100\n|move|p1a: Florges|Wish|p1a: Florges\n|\n|-weather|SunnyDay|[upkeep]\n|-heal|p1a: Florges|58\/100|[from] item: Leftovers\n|upkeep\n|turn|11\n|\n|t:|1699297490\n|move|p1a: Florges|Protect|p1a: Florges\n|-singleturn|p1a: Florges|Protect\n|move|p2a: Sun's Out|Flamethrower|p1a: Florges\n|-activate|p1a: Florges|move: Protect\n|\n|-weather|none\n|-heal|p1a: Florges|100\/100|[from] move: Wish|[wisher] Florges\n|upkeep\n|turn|12\n|\n|t:|1699297500\n|switch|p1a: Ogerpon|Ogerpon-Cornerstone, F|100\/100\n|move|p2a: Sun's Out|Flamethrower|p1a: Ogerpon\n|-damage|p1a: Ogerpon|56\/100\n|\n|upkeep\n|turn|13\n|\n|t:|1699297554\n|switch|p2a: Shields Out|Ting-Lu|94\/100 tox\n|-ability|p2a: Shields Out|Vessel of Ruin\n|move|p1a: Ogerpon|Ivy Cudgel|p2a: Shields Out\n|-resisted|p2a: Shields Out\n|-crit|p2a: Shields Out\n|-damage|p2a: Shields Out|76\/100 tox\n|\n|-heal|p2a: Shields Out|82\/100 tox|[from] item: Leftovers\n|-damage|p2a: Shields Out|76\/100 tox|[from] psn\n|upkeep\n|turn|14\n|\n|t:|1699297611\n|switch|p1a: Ursaring|Ursaring, F|100\/100\n|move|p2a: Shields Out|Body Press|p1a: Ursaring\n|-supereffective|p1a: Ursaring\n|-damage|p1a: Ursaring|56\/100\n|\n|-heal|p2a: Shields Out|82\/100 tox|[from] item: Leftovers\n|-damage|p2a: Shields Out|70\/100 tox|[from] psn\n|upkeep\n|turn|15\n|\n|t:|1699297664\n|switch|p2a: Also Guns Out|Slither Wing|100\/100\n|move|p1a: Ursaring|Return|p2a: Also Guns Out\n|-damage|p2a: Also Guns Out|16\/100\n|-enditem|p2a: Also Guns Out|Eject Button\n|\n|t:|1699297680\n|-end|p2a: Also Guns Out|Protosynthesis|[silent]\n|switch|p2a: Sun's Out|Charizard-Mega-Y, F|81\/100\n|-weather|SunnyDay|[from] ability: Drought|[of] p2a: Sun's Out\n|\n|-weather|SunnyDay|[upkeep]\n|upkeep\n|turn|16\n|\n|t:|1699297715\n|move|p2a: Sun's Out|Focus Blast|p1a: Ursaring|[miss]\n|-miss|p2a: Sun's Out|p1a: Ursaring\n|move|p1a: Ursaring|Return|p2a: Sun's Out\n|-damage|p2a: Sun's Out|0 fnt\n|faint|p2a: Sun's Out\n|\n|-weather|SunnyDay|[upkeep]\n|upkeep\n|c|\u2606HazardAC|bros\n|c|\u2606insignas|yeah you werent gonna miss anything right alex\n|c|\u2606insignas|i warned you last night bro\n|c|\u2606HazardAC|rng is a fools gold\n|\n|t:|1699297765\n|switch|p2a: Also Guns Out|Slither Wing|16\/100\n|-activate|p2a: Also Guns Out|ability: Protosynthesis\n|-start|p2a: Also Guns Out|protosynthesisatk\n|turn|17\n|\n|t:|1699297805\n|move|p2a: Also Guns Out|U-turn|p1a: Ursaring\n|-crit|p1a: Ursaring\n|-damage|p1a: Ursaring|6\/100\n|\n|t:|1699297812\n|-end|p2a: Also Guns Out|Protosynthesis|[silent]\n|switch|p2a: Shields Out|Ting-Lu|70\/100 tox|[from] U-turn\n|-ability|p2a: Shields Out|Vessel of Ruin\n|move|p1a: Ursaring|Return|p2a: Shields Out\n|-damage|p2a: Shields Out|43\/100 tox\n|\n|-weather|SunnyDay|[upkeep]\n|-heal|p2a: Shields Out|50\/100 tox|[from] item: Leftovers\n|-damage|p2a: Shields Out|43\/100 tox|[from] psn\n|upkeep\n|turn|18\n|\n|t:|1699297825\n|move|p1a: Ursaring|Return|p2a: Shields Out\n|-damage|p2a: Shields Out|17\/100 tox\n|move|p2a: Shields Out|Body Press|p1a: Ursaring\n|-supereffective|p1a: Ursaring\n|-damage|p1a: Ursaring|0 fnt\n|faint|p1a: Ursaring\n|\n|-weather|SunnyDay|[upkeep]\n|-heal|p2a: Shields Out|23\/100 tox|[from] item: Leftovers\n|-damage|p2a: Shields Out|11\/100 tox|[from] psn\n|upkeep\n|\n|t:|1699297858\n|switch|p1a: Florges|Florges-White, F, shiny|100\/100\n|turn|19\n|\n|t:|1699297862\n|move|p1a: Florges|Moonblast|p2a: Shields Out\n|-supereffective|p2a: Shields Out\n|-damage|p2a: Shields Out|0 fnt\n|faint|p2a: Shields Out\n|\n|-weather|none\n|upkeep\n|\n|t:|1699297879\n|switch|p2a: NOT a Gun|Arboliva, F|100\/100\n|turn|20\n|\n|t:|1699297883\n|move|p1a: Florges|Moonblast|p2a: NOT a Gun\n|-damage|p2a: NOT a Gun|77\/100\n|move|p2a: NOT a Gun|Sunny Day|p2a: NOT a Gun\n|-weather|SunnyDay\n|\n|-weather|SunnyDay|[upkeep]\n|upkeep\n|turn|21\n|\n|t:|1699297889\n|move|p1a: Florges|Wish|p1a: Florges\n|move|p2a: NOT a Gun|Strength Sap|p1a: Florges\n|-unboost|p1a: Florges|atk|1\n|-heal|p2a: NOT a Gun|100\/100\n|\n|-weather|SunnyDay|[upkeep]\n|upkeep\n|turn|22\n|\n|t:|1699297956\n|switch|p1a: Heatran|Heatran, F|90\/100\n|switch|p2a: Also Guns Out|Slither Wing|16\/100\n|-activate|p2a: Also Guns Out|ability: Protosynthesis\n|-start|p2a: Also Guns Out|protosynthesisatk\n|\n|-weather|SunnyDay|[upkeep]\n|-heal|p1a: Heatran|100\/100|[from] move: Wish|[wisher] Florges\n|upkeep\n|turn|23\n|\n|t:|1699297968\n|switch|p1a: Gliscor|Gliscor, M|100\/100 tox\n|move|p2a: Also Guns Out|Earthquake|p1a: Gliscor\n|-immune|p1a: Gliscor\n|\n|-weather|SunnyDay|[upkeep]\n|upkeep\n|turn|24\n|\n|t:|1699297979\n|-end|p2a: Also Guns Out|Protosynthesis|[silent]\n|switch|p2a: NOT a Gun|Arboliva, F|100\/100\n|move|p1a: Gliscor|Toxic|p2a: NOT a Gun\n|-status|p2a: NOT a Gun|tox\n|-enditem|p2a: NOT a Gun|Lum Berry|[eat]\n|-curestatus|p2a: NOT a Gun|tox|[msg]\n|\n|-weather|none\n|-item|p2a: NOT a Gun|Lum Berry|[from] ability: Harvest\n|upkeep\n|turn|25\n|\n|t:|1699297991\n|move|p1a: Gliscor|Dual Wingbeat|p2a: NOT a Gun|[miss]\n|-miss|p1a: Gliscor|p2a: NOT a Gun\n|move|p2a: NOT a Gun|Sunny Day|p2a: NOT a Gun\n|-weather|SunnyDay\n|\n|-weather|SunnyDay|[upkeep]\n|upkeep\n|turn|26\n|\n|t:|1699298034\n|switch|p1a: Heatran|Heatran, F|100\/100\n|switch|p2a: Guns Out|Walking Wake|100\/100\n|-activate|p2a: Guns Out|ability: Protosynthesis\n|-start|p2a: Guns Out|protosynthesisspa\n|\n|-weather|SunnyDay|[upkeep]\n|upkeep\n|turn|27\n|\n|t:|1699298041\n|switch|p1a: Florges|Florges-White, F, shiny|100\/100\n|move|p2a: Guns Out|Hydro Steam|p1a: Florges\n|-damage|p1a: Florges|58\/100\n|\n|-weather|SunnyDay|[upkeep]\n|-heal|p1a: Florges|64\/100|[from] item: Leftovers\n|upkeep\n|turn|28\n|\n|t:|1699298052\n|move|p2a: Guns Out|Flip Turn|p1a: Florges\n|-damage|p1a: Florges|54\/100\n|\n|t:|1699298057\n|-end|p2a: Guns Out|Protosynthesis|[silent]\n|switch|p2a: NOT a Gun|Arboliva, F|100\/100|[from] Flip Turn\n|move|p1a: Florges|Moonblast|p2a: NOT a Gun\n|-damage|p2a: NOT a Gun|78\/100\n|\n|-weather|SunnyDay|[upkeep]\n|-heal|p1a: Florges|60\/100|[from] item: Leftovers\n|upkeep\n|turn|29\n|\n|t:|1699298069\n|move|p1a: Florges|Wish|p1a: Florges\n|move|p2a: NOT a Gun|Strength Sap|p1a: Florges\n|-unboost|p1a: Florges|atk|1\n|-heal|p2a: NOT a Gun|100\/100\n|\n|-weather|none\n|-heal|p1a: Florges|66\/100|[from] item: Leftovers\n|upkeep\n|turn|30\n|\n|t:|1699298073\n|move|p1a: Florges|Moonblast|p2a: NOT a Gun\n|-damage|p2a: NOT a Gun|76\/100\n|move|p2a: NOT a Gun|Sunny Day|p2a: NOT a Gun\n|-weather|SunnyDay\n|\n|-weather|SunnyDay|[upkeep]\n|-heal|p1a: Florges|100\/100|[from] move: Wish|[wisher] Florges\n|upkeep\n|turn|31\n|\n|t:|1699298085\n|move|p1a: Florges|Moonblast|p2a: NOT a Gun\n|-damage|p2a: NOT a Gun|54\/100\n|move|p2a: NOT a Gun|Giga Drain|p1a: Florges\n|-damage|p1a: Florges|85\/100\n|-heal|p2a: NOT a Gun|62\/100|[from] drain|[of] p1a: Florges\n|\n|-weather|SunnyDay|[upkeep]\n|-heal|p1a: Florges|91\/100|[from] item: Leftovers\n|upkeep\n|turn|32\n|\n|t:|1699298098\n|move|p1a: Florges|Moonblast|p2a: NOT a Gun\n|-damage|p2a: NOT a Gun|37\/100\n|move|p2a: NOT a Gun|Strength Sap|p1a: Florges\n|-unboost|p1a: Florges|atk|1\n|-heal|p2a: NOT a Gun|60\/100\n|\n|-weather|SunnyDay|[upkeep]\n|-heal|p1a: Florges|97\/100|[from] item: Leftovers\n|upkeep\n|turn|33\n|\n|t:|1699298108\n|switch|p2a: Maybe a Gun|Thundurus-Therian, M|100\/100\n|move|p1a: Florges|Moonblast|p2a: Maybe a Gun\n|-damage|p2a: Maybe a Gun|48\/100\n|\n|-weather|SunnyDay|[upkeep]\n|-heal|p1a: Florges|100\/100|[from] item: Leftovers\n|upkeep\n|turn|34\n|\n|t:|1699298143\n|switch|p1a: Zeraora|Zeraora|100\/100\n|move|p2a: Maybe a Gun|Flash Cannon|p1a: Zeraora\n|-resisted|p1a: Zeraora\n|-damage|p1a: Zeraora|83\/100\n|\n|-weather|none\n|upkeep\n|turn|35\n|\n|t:|1699298157\n|move|p1a: Zeraora|Knock Off|p2a: Maybe a Gun\n|-damage|p2a: Maybe a Gun|0 fnt\n|-enditem|p2a: Maybe a Gun|Heavy-Duty Boots|[from] move: Knock Off|[of] p1a: Zeraora\n|faint|p2a: Maybe a Gun\n|\n|upkeep\n|\n|t:|1699298216\n|switch|p2a: Also Guns Out|Slither Wing|16\/100\n|turn|36\n|\n|t:|1699298233\n|switch|p1a: Gliscor|Gliscor, M|100\/100 tox\n|move|p2a: Also Guns Out|First Impression|p1a: Gliscor\n|-resisted|p1a: Gliscor\n|-damage|p1a: Gliscor|79\/100 tox\n|\n|-heal|p1a: Gliscor|91\/100 tox|[from] ability: Poison Heal\n|upkeep\n|turn|37\n|\n|t:|1699298247\n|move|p1a: Gliscor|Dual Wingbeat|p2a: Also Guns Out\n|-supereffective|p2a: Also Guns Out\n|-damage|p2a: Also Guns Out|0 fnt\n|faint|p2a: Also Guns Out\n|-end|p2a: Also Guns Out|Protosynthesis|[silent]\n|-hitcount|p2: Also Guns Out|1\n|\n|-heal|p1a: Gliscor|100\/100 tox|[from] ability: Poison Heal\n|upkeep\n|\n|t:|1699298274\n|switch|p2a: Guns Out|Walking Wake|100\/100\n|turn|38\n|\n|t:|1699298278\n|move|p2a: Guns Out|Flip Turn|p1a: Gliscor\n|-supereffective|p1a: Gliscor\n|-damage|p1a: Gliscor|72\/100 tox\n|\n|t:|1699298281\n|-end|p2a: Guns Out|Protosynthesis|[silent]\n|switch|p2a: NOT a Gun|Arboliva, F|60\/100|[from] Flip Turn\n|move|p1a: Gliscor|Earthquake|p2a: NOT a Gun\n|-resisted|p2a: NOT a Gun\n|-damage|p2a: NOT a Gun|42\/100\n|\n|-heal|p1a: Gliscor|84\/100 tox|[from] ability: Poison Heal\n|upkeep\n|turn|39\n|\n|t:|1699298287\n|move|p1a: Gliscor|Dual Wingbeat|p2a: NOT a Gun\n|-supereffective|p2a: NOT a Gun\n|-damage|p2a: NOT a Gun|15\/100\n|-supereffective|p2a: NOT a Gun\n|-crit|p2a: NOT a Gun\n|-damage|p2a: NOT a Gun|0 fnt\n|faint|p2a: NOT a Gun\n|-hitcount|p2: NOT a Gun|2\n|\n|-heal|p1a: Gliscor|96\/100 tox|[from] ability: Poison Heal\n|upkeep\n|\n|t:|1699298290\n|switch|p2a: Guns Out|Walking Wake|100\/100\n|turn|40\n|\n|t:|1699298293\n|switch|p1a: Florges|Florges-White, F, shiny|100\/100\n|move|p2a: Guns Out|Hydro Steam|p1a: Florges\n|-damage|p1a: Florges|81\/100\n|\n|-heal|p1a: Florges|87\/100|[from] item: Leftovers\n|upkeep\n|turn|41\n|\n|t:|1699298298\n|move|p2a: Guns Out|Flamethrower|p1a: Florges\n|-damage|p1a: Florges|71\/100\n|move|p1a: Florges|Moonblast|p2a: Guns Out\n|-supereffective|p2a: Guns Out\n|-damage|p2a: Guns Out|46\/100\n|-unboost|p2a: Guns Out|spa|1\n|\n|-heal|p1a: Florges|77\/100|[from] item: Leftovers\n|upkeep\n|turn|42\n|c|\u2606insignas|ggs\n|c|\u2606HazardAC|bggggssss\n|\n|t:|1699298308\n|-terastallize|p2a: Guns Out|Water\n|move|p2a: Guns Out|Flamethrower|p1a: Florges\n|-damage|p1a: Florges|67\/100\n|move|p1a: Florges|Moonblast|p2a: Guns Out\n|-damage|p2a: Guns Out|20\/100\n|-unboost|p2a: Guns Out|spa|1\n|\n|-heal|p1a: Florges|73\/100|[from] item: Leftovers\n|upkeep\n|turn|43\n|c|\u2606insignas|BROS CHEATING!!!!\n|c|\u2606HazardAC|OH LMAO\n|c|\u2606HazardAC|I THOUGHT ID STILL DIE\n|c|\u2606insignas|BAN HIS ASS\n|c|\u2606HazardAC|it was for the troll\n|\n|t:|1699298330\n|move|p2a: Guns Out|Flip Turn|p1a: Florges\n|-damage|p1a: Florges|45\/100\n|move|p1a: Florges|Moonblast|p2a: Guns Out\n|-damage|p2a: Guns Out|0 fnt\n|faint|p2a: Guns Out\n|-end|p2a: Guns Out|Protosynthesis|[silent]\n|\n|win|insignas\n|c|\u2606insignas|ik i still won anyway\n|c|\u2606HazardAC|bro\n|c|\u2606HazardAC|that florges\n|j| WhatIsThatDogDoing\n|c|\u2606HazardAC|made me want to kill myself\n|c|\u2606HazardAC|thats the only mon my whole squad had nothing for\n|c|\u2606HazardAC|double was there but got so easily countered by the rest of ur mons\n|c|\u2606HazardAC|doublade\n","uploadtime":1699298339,"views":19,"p1id":"insignas","p2id":"hazardac","formatid":"gen9nationaldexubers","rating":0,"private":0,"password":""}