{"id":"gen9nationaldexubers-1998079810","p1":"Hiusi guy %\u25d5\u203f\u203f\u25d5%","p2":"XX_1nfinity_XX","format":"[Gen 9] National Dex Ubers","log":"|j|\u2606Hiusi guy %\u25d5\u203f\u203f\u25d5%\n|j|\u2606XX_1nfinity_XX\n|t:|1700888021\n|gametype|singles\n|player|p1|Hiusi guy %\u25d5\u203f\u203f\u25d5%|alec-anime|\n|player|p2|XX_1nfinity_XX|steven|\n|teamsize|p1|6\n|teamsize|p2|6\n|gen|9\n|tier|[Gen 9] National Dex Ubers\n|rule|HP Percentage Mod: HP is shown in percentages\n|rule|Endless Battle Clause: Forcing endless battles is banned\n|rule|OHKO Clause: OHKO moves are banned\n|rule|Evasion Moves Clause: Evasion moves are banned\n|rule|Evasion Items Clause: Evasion items are banned\n|rule|Species Clause: Limit one of each Pok\u00e9mon\n|rule|Sleep Clause Mod: Limit one foe put to sleep\n|rule|Mega Rayquaza Clause: You cannot mega evolve Rayquaza\n|clearpoke\n|poke|p1|Iron Valiant|\n|poke|p1|Roaring Moon|\n|poke|p1|Grimmsnarl, M|\n|poke|p1|Blaziken, F|\n|poke|p1|Hatterene, F|\n|poke|p1|Altaria, M|\n|poke|p2|Lopunny, F|\n|poke|p2|Ursaluna-Bloodmoon, M|\n|poke|p2|Ambipom, M|\n|poke|p2|Cyclizar, M|\n|poke|p2|Zoroark-Hisui, M|\n|poke|p2|Slowking-Galar, F|\n|teampreview\n|inactive|Battle timer is ON: inactive players will automatically lose when time's up. (requested by XX_1nfinity_XX)\n|c|\u2606XX_1nfinity_XX|yoo\n|c|\u2606XX_1nfinity_XX|its you\n|inactive|XX_1nfinity_XX has 270 seconds left.\n|c|\u2606XX_1nfinity_XX|the guy who is always on tour plaza\n|c|\u2606Hiusi guy %\u25d5\u203f\u203f\u25d5%|Wha\n|c|\u2606Hiusi guy %\u25d5\u203f\u203f\u25d5%|Okay\n|\n|t:|1700888072\n|start\n|switch|p1a: Grimmsnarl|Grimmsnarl, M|100\/100\n|switch|p2a: Slowking|Slowking-Galar, F|100\/100\n|turn|1\n|c|\u2606XX_1nfinity_XX|i battled you multiple times\n|\n|t:|1700888085\n|move|p1a: Grimmsnarl|Light Screen|p1a: Grimmsnarl\n|-sidestart|p1: Hiusi guy %\u25d5\u203f\u203f\u25d5%|move: Light Screen\n|move|p2a: Slowking|Flamethrower|p1a: Grimmsnarl\n|-damage|p1a: Grimmsnarl|89\/100\n|\n|upkeep\n|turn|2\n|c|\u2606XX_1nfinity_XX|did ipika invite you?\n|\n|t:|1700888102\n|switch|p2a: Ambipom|Ambipom, M|100\/100\n|move|p1a: Grimmsnarl|Parting Shot|p2a: Ambipom\n|-unboost|p2a: Ambipom|atk|1\n|-unboost|p2a: Ambipom|spa|1\n|c|\u2606Hiusi guy %\u25d5\u203f\u203f\u25d5%|Yes\n|\n|t:|1700888115\n|switch|p1a: Altaria|Altaria, M|100\/100|[from] Parting Shot\n|\n|upkeep\n|turn|3\n|\n|t:|1700888119\n|detailschange|p1a: Altaria|Altaria-Mega, M\n|-mega|p1a: Altaria|Altaria|Altarianite\n|move|p2a: Ambipom|Fake Out|p1a: Altaria\n|-damage|p1a: Altaria|75\/100\n|-damage|p2a: Ambipom|91\/100|[from] item: Life Orb\n|cant|p1a: Altaria|flinch\n|\n|upkeep\n|turn|4\n|\n|t:|1700888124\n|switch|p2a: Slowking|Slowking-Galar, F|100\/100\n|move|p1a: Altaria|Dragon Dance|p1a: Altaria\n|-boost|p1a: Altaria|atk|1\n|-boost|p1a: Altaria|spe|1\n|\n|upkeep\n|turn|5\n|\n|t:|1700888127\n|move|p1a: Altaria|Earthquake|p2a: Slowking\n|-supereffective|p2a: Slowking\n|-damage|p2a: Slowking|0 fnt\n|faint|p2a: Slowking\n|\n|-sideend|p1: Hiusi guy %\u25d5\u203f\u203f\u25d5%|move: Light Screen\n|upkeep\n|\n|t:|1700888138\n|switch|p2a: Ursaluna|Ursaluna-Bloodmoon, M|100\/100\n|turn|6\n|\n|t:|1700888142\n|move|p1a: Altaria|Frustration|p2a: Ursaluna\n|-crit|p2a: Ursaluna\n|-damage|p2a: Ursaluna|25\/100\n|move|p2a: Ursaluna|Blood Moon|p1a: Altaria\n|-damage|p1a: Altaria|11\/100\n|\n|-heal|p2a: Ursaluna|31\/100|[from] item: Leftovers\n|upkeep\n|turn|7\n|c|\u2606Hiusi guy %\u25d5\u203f\u203f\u25d5%|Sry\n|\n|t:|1700888151\n|move|p2a: Ursaluna|Vacuum Wave|p1a: Altaria\n|-resisted|p1a: Altaria\n|-damage|p1a: Altaria|4\/100\n|move|p1a: Altaria|Frustration|p2a: Ursaluna\n|-damage|p2a: Ursaluna|0 fnt\n|faint|p2a: Ursaluna\n|\n|upkeep\n|\n|t:|1700888156\n|switch|p2a: Lopunny|Lopunny, F|100\/100\n|turn|8\n|\n|t:|1700888159\n|detailschange|p2a: Lopunny|Lopunny-Mega, F\n|-mega|p2a: Lopunny|Lopunny|Lopunnite\n|move|p2a: Lopunny|Fake Out|p1a: Altaria\n|-damage|p1a: Altaria|0 fnt\n|faint|p1a: Altaria\n|\n|upkeep\n|\n|t:|1700888162\n|switch|p1a: Grimmsnarl|Grimmsnarl, M|89\/100\n|turn|9\n|\n|t:|1700888167\n|move|p1a: Grimmsnarl|Reflect|p1a: Grimmsnarl\n|-sidestart|p1: Hiusi guy %\u25d5\u203f\u203f\u25d5%|Reflect\n|move|p2a: Lopunny|U-turn|p1a: Grimmsnarl\n|-damage|p1a: Grimmsnarl|74\/100\n|\n|t:|1700888169\n|switch|p2a: Cyclizar|Cyclizar, M|100\/100|[from] U-turn\n|\n|upkeep\n|turn|10\n|\n|t:|1700888173\n|move|p1a: Grimmsnarl|Parting Shot|p2a: Cyclizar\n|-unboost|p2a: Cyclizar|atk|1\n|-unboost|p2a: Cyclizar|spa|1\n|\n|t:|1700888183\n|switch|p1a: Iron Valiant|Iron Valiant|100\/100|[from] Parting Shot\n|-enditem|p1a: Iron Valiant|Booster Energy\n|-activate|p1a: Iron Valiant|ability: Quark Drive|[fromitem]\n|-start|p1a: Iron Valiant|quarkdrivespe\n|move|p2a: Cyclizar|Knock Off|p1a: Iron Valiant\n|-resisted|p1a: Iron Valiant\n|-crit|p1a: Iron Valiant\n|-damage|p1a: Iron Valiant|94\/100\n|\n|upkeep\n|turn|11\n|\n|t:|1700888190\n|switch|p2a: Ambipom|Ambipom, M|100\/100\n|move|p1a: Iron Valiant|Substitute|p1a: Iron Valiant\n|-start|p1a: Iron Valiant|Substitute\n|-damage|p1a: Iron Valiant|69\/100\n|\n|upkeep\n|turn|12\n|\n|t:|1700888195\n|move|p1a: Iron Valiant|Knock Off|p2a: Ambipom\n|-supereffective|p2a: Ambipom\n|-damage|p2a: Ambipom|14\/100\n|replace|p2a: Zoroark|Zoroark-Hisui, M\n|-end|p2a: Zoroark|Illusion\n|move|p2a: Zoroark|Shadow Ball|p1a: Iron Valiant\n|-end|p1a: Iron Valiant|Substitute\n|\n|upkeep\n|turn|13\n|\n|t:|1700888209\n|move|p1a: Iron Valiant|Knock Off|p2a: Zoroark\n|-supereffective|p2a: Zoroark\n|-damage|p2a: Zoroark|0 fnt\n|faint|p2a: Zoroark\n|\n|-sideend|p1: Hiusi guy %\u25d5\u203f\u203f\u25d5%|Reflect\n|upkeep\n|\n|t:|1700888214\n|switch|p2a: Ambipom|Ambipom, M|91\/100\n|turn|14\n|\n|t:|1700888233\n|-terastallize|p1a: Iron Valiant|Steel\n|move|p2a: Ambipom|Fake Out|p1a: Iron Valiant\n|-resisted|p1a: Iron Valiant\n|-damage|p1a: Iron Valiant|46\/100\n|-damage|p2a: Ambipom|81\/100|[from] item: Life Orb\n|cant|p1a: Iron Valiant|flinch\n|\n|upkeep\n|turn|15\n|\n|t:|1700888238\n|-terastallize|p2a: Ambipom|Flying\n|move|p1a: Iron Valiant|Close Combat|p2a: Ambipom\n|-resisted|p2a: Ambipom\n|-damage|p2a: Ambipom|30\/100\n|-unboost|p1a: Iron Valiant|def|1\n|-unboost|p1a: Iron Valiant|spd|1\n|move|p2a: Ambipom|Power-Up Punch|p1a: Iron Valiant\n|-supereffective|p1a: Iron Valiant\n|-damage|p1a: Iron Valiant|0 fnt\n|-boost|p2a: Ambipom|atk|1\n|faint|p1a: Iron Valiant\n|-end|p1a: Iron Valiant|Quark Drive|[silent]\n|-damage|p2a: Ambipom|20\/100|[from] item: Life Orb\n|\n|upkeep\n|\n|t:|1700888247\n|switch|p1a: Grimmsnarl|Grimmsnarl, M|74\/100\n|turn|16\n|\n|t:|1700888252\n|move|p1a: Grimmsnarl|Reflect|p1a: Grimmsnarl\n|-sidestart|p1: Hiusi guy %\u25d5\u203f\u203f\u25d5%|Reflect\n|move|p2a: Ambipom|Trailblaze|p1a: Grimmsnarl\n|-damage|p1a: Grimmsnarl|49\/100\n|-boost|p2a: Ambipom|spe|1\n|-damage|p2a: Ambipom|10\/100|[from] item: Life Orb\n|\n|upkeep\n|turn|17\n|\n|t:|1700888261\n|move|p1a: Grimmsnarl|Parting Shot|p2a: Ambipom\n|-unboost|p2a: Ambipom|atk|1\n|-unboost|p2a: Ambipom|spa|1\n|\n|t:|1700888265\n|switch|p1a: Hatterene|Hatterene, F|100\/100|[from] Parting Shot\n|move|p2a: Ambipom|Power-Up Punch|p1a: Hatterene\n|-resisted|p1a: Hatterene\n|-damage|p1a: Hatterene|97\/100\n|-boost|p2a: Ambipom|atk|1\n|-damage|p2a: Ambipom|0 fnt|[from] item: Life Orb\n|faint|p2a: Ambipom\n|\n|-heal|p1a: Hatterene|100\/100|[from] item: Leftovers\n|upkeep\n|\n|t:|1700888269\n|switch|p2a: Lopunny|Lopunny-Mega, F|100\/100\n|turn|18\n|\n|t:|1700888273\n|move|p2a: Lopunny|Fake Out|p1a: Hatterene\n|-damage|p1a: Hatterene|88\/100\n|cant|p1a: Hatterene|flinch\n|\n|-heal|p1a: Hatterene|94\/100|[from] item: Leftovers\n|upkeep\n|turn|19\n|c|\u2606XX_1nfinity_XX|well ggs\n|\n|t:|1700888284\n|move|p2a: Lopunny|Fake Out||[still]\n|-hint|Fake Out only works on your first turn out.\n|-fail|p2a: Lopunny\n|move|p1a: Hatterene|Draining Kiss|p2a: Lopunny\n|-supereffective|p2a: Lopunny\n|-damage|p2a: Lopunny|27\/100\n|-heal|p1a: Hatterene|100\/100|[from] drain|[of] p2a: Lopunny\n|\n|upkeep\n|turn|20\n|c|\u2606Hiusi guy %\u25d5\u203f\u203f\u25d5%|Gg\n|\n|t:|1700888290\n|move|p2a: Lopunny|U-turn|p1a: Hatterene\n|-damage|p1a: Hatterene|85\/100\n|\n|t:|1700888293\n|switch|p2a: Cyclizar|Cyclizar, M|100\/100|[from] U-turn\n|move|p1a: Hatterene|Draining Kiss|p2a: Cyclizar\n|-supereffective|p2a: Cyclizar\n|-damage|p2a: Cyclizar|21\/100\n|-heal|p1a: Hatterene|100\/100|[from] drain|[of] p2a: Cyclizar\n|\n|-sideend|p1: Hiusi guy %\u25d5\u203f\u203f\u25d5%|Reflect\n|upkeep\n|turn|21\n|\n|t:|1700888296\n|move|p2a: Cyclizar|Knock Off|p1a: Hatterene\n|-damage|p1a: Hatterene|80\/100\n|-enditem|p1a: Hatterene|Leftovers|[from] move: Knock Off|[of] p2a: Cyclizar\n|move|p1a: Hatterene|Draining Kiss|p2a: Cyclizar\n|-supereffective|p2a: Cyclizar\n|-damage|p2a: Cyclizar|0 fnt\n|-heal|p1a: Hatterene|94\/100|[from] drain|[of] p2a: Cyclizar\n|faint|p2a: Cyclizar\n|\n|upkeep\n|\n|t:|1700888300\n|switch|p2a: Lopunny|Lopunny-Mega, F|27\/100\n|turn|22\n|\n|t:|1700888301\n|move|p2a: Lopunny|U-turn|p1a: Hatterene\n|-damage|p1a: Hatterene|67\/100\n|move|p1a: Hatterene|Draining Kiss|p2a: Lopunny\n|-supereffective|p2a: Lopunny\n|-damage|p2a: Lopunny|0 fnt\n|-heal|p1a: Hatterene|84\/100|[from] drain|[of] p2a: Lopunny\n|faint|p2a: Lopunny\n|\n|win|Hiusi guy %\u25d5\u203f\u203f\u25d5%\n|l|\u2606XX_1nfinity_XX\n|j|\u2606XX_1nfinity_XX\n|player|p2|XX_1nfinity_XX|steven\n","uploadtime":1700888310,"views":2,"p1id":"hiusiguy","p2id":"xx1nfinityxx","formatid":"gen9nationaldexubers","rating":0,"private":0,"password":""}