{"id":"gen9nationaldexubers-1996841605","p1":"Soyeon is a cutie","p2":"C0ld as Ice","format":"[Gen 9] National Dex Ubers","log":"|j|\u2606Soyeon is a cutie\n|j|\u2606C0ld as Ice\n|t:|1700733916\n|gametype|singles\n|player|p1|Soyeon is a cutie|idol|1842\n|player|p2|C0ld as Ice|supernerd|1805\n|teamsize|p1|6\n|teamsize|p2|6\n|gen|9\n|tier|[Gen 9] National Dex Ubers\n|rated|\n|rule|HP Percentage Mod: HP is shown in percentages\n|rule|Endless Battle Clause: Forcing endless battles is banned\n|rule|OHKO Clause: OHKO moves are banned\n|rule|Evasion Moves Clause: Evasion moves are banned\n|rule|Evasion Items Clause: Evasion items are banned\n|rule|Species Clause: Limit one of each Pok\u00e9mon\n|rule|Sleep Clause Mod: Limit one foe put to sleep\n|rule|Mega Rayquaza Clause: You cannot mega evolve Rayquaza\n|clearpoke\n|poke|p1|Ditto|\n|poke|p1|Urshifu-*, M|\n|poke|p1|Kingambit, F|\n|poke|p1|Necrozma-Dusk-Mane|\n|poke|p1|Skeledirge, M|\n|poke|p1|Arceus-Ground|\n|poke|p2|Deoxys-Speed|\n|poke|p2|Xerneas-*|\n|poke|p2|Marshadow|\n|poke|p2|Arceus-Ground|\n|poke|p2|Necrozma-Dusk-Mane|\n|poke|p2|Salamence, F|\n|teampreview\n|inactive|Battle timer is ON: inactive players will automatically lose when time's up. (requested by C0ld as Ice)\n|inactive|Soyeon is a cutie also wants the timer to be on.\n|\n|t:|1700733931\n|start\n|switch|p1a: Kingambit|Kingambit, F, shiny|100\/100\n|switch|p2a: Xerneas|Xerneas|100\/100\n|-ability|p2a: Xerneas|Fairy Aura\n|turn|1\n|\n|t:|1700733937\n|switch|p2a: Salamence|Salamence, F|100\/100\n|-ability|p2a: Salamence|Intimidate|boost\n|-unboost|p1a: Kingambit|atk|1\n|-end|p1a: Kingambit|fallenundefined|[silent]\n|switch|p1a: Necrozma|Necrozma-Dusk-Mane|100\/100\n|\n|upkeep\n|turn|2\n|\n|t:|1700733942\n|switch|p2a: Xerneas|Xerneas|100\/100\n|-ability|p2a: Xerneas|Fairy Aura\n|move|p1a: Necrozma|Stealth Rock|p2a: Xerneas\n|-sidestart|p2: C0ld as Ice|move: Stealth Rock\n|\n|upkeep\n|turn|3\n|\n|t:|1700733949\n|switch|p1a: Skeledirge|Skeledirge, M|100\/100\n|move|p2a: Xerneas|Moonblast|p1a: Skeledirge\n|-resisted|p1a: Skeledirge\n|-damage|p1a: Skeledirge|76\/100\n|\n|upkeep\n|turn|4\n|\n|t:|1700733954\n|switch|p2a: Deoxys|Deoxys-Speed|100\/100\n|-damage|p2a: Deoxys|88\/100|[from] Stealth Rock\n|-ability|p2a: Deoxys|Pressure\n|move|p1a: Skeledirge|Will-O-Wisp|p2a: Deoxys|[miss]\n|-miss|p1a: Skeledirge|p2a: Deoxys\n|\n|upkeep\n|turn|5\n|\n|t:|1700733957\n|move|p2a: Deoxys|Spikes|p1a: Skeledirge\n|-sidestart|p1: Soyeon is a cutie|Spikes\n|move|p1a: Skeledirge|Torch Song|p2a: Deoxys\n|-damage|p2a: Deoxys|48\/100\n|-boost|p1a: Skeledirge|spa|1\n|\n|upkeep\n|turn|6\n|\n|t:|1700733960\n|move|p2a: Deoxys|Light Screen|p2a: Deoxys\n|-sidestart|p2: C0ld as Ice|move: Light Screen\n|move|p1a: Skeledirge|Hex|p2a: Deoxys\n|-supereffective|p2a: Deoxys\n|-damage|p2a: Deoxys|0 fnt\n|faint|p2a: Deoxys\n|\n|upkeep\n|\n|t:|1700733965\n|switch|p2a: Marshadow|Marshadow|100\/100\n|-damage|p2a: Marshadow|94\/100|[from] Stealth Rock\n|turn|7\n|j| Evil T-tar\n|\n|t:|1700733980\n|-terastallize|p1a: Skeledirge|Fairy\n|move|p2a: Marshadow|Poltergeist|p1a: Skeledirge\n|-activate|p1a: Skeledirge|move: Poltergeist|Heavy-Duty Boots\n|-damage|p1a: Skeledirge|20\/100\n|-damage|p2a: Marshadow|84\/100|[from] item: Life Orb\n|move|p1a: Skeledirge|Will-O-Wisp|p2a: Marshadow\n|-status|p2a: Marshadow|brn\n|\n|-damage|p2a: Marshadow|78\/100 brn|[from] brn\n|upkeep\n|turn|8\n|l| Evil T-tar\n|\n|t:|1700733985\n|move|p2a: Marshadow|Poltergeist|p1a: Skeledirge|[miss]\n|-miss|p2a: Marshadow|p1a: Skeledirge\n|move|p1a: Skeledirge|Slack Off|p1a: Skeledirge\n|-heal|p1a: Skeledirge|71\/100\n|\n|-damage|p2a: Marshadow|72\/100 brn|[from] brn\n|upkeep\n|turn|9\n|\n|t:|1700733989\n|switch|p2a: Salamence|Salamence, F|100\/100\n|-damage|p2a: Salamence|76\/100|[from] Stealth Rock\n|-ability|p2a: Salamence|Intimidate|boost\n|-unboost|p1a: Skeledirge|atk|1\n|move|p1a: Skeledirge|Slack Off|p1a: Skeledirge\n|-heal|p1a: Skeledirge|100\/100\n|\n|upkeep\n|turn|10\n|\n|t:|1700733994\n|switch|p1a: Necrozma|Necrozma-Dusk-Mane|100\/100\n|-damage|p1a: Necrozma|88\/100|[from] Spikes\n|detailschange|p2a: Salamence|Salamence-Mega, F\n|-mega|p2a: Salamence|Salamence|Salamencite\n|move|p2a: Salamence|Substitute|p2a: Salamence\n|-start|p2a: Salamence|Substitute\n|-damage|p2a: Salamence|51\/100\n|\n|upkeep\n|turn|11\n|\n|t:|1700734000\n|move|p2a: Salamence|Dragon Dance|p2a: Salamence\n|-boost|p2a: Salamence|atk|1\n|-boost|p2a: Salamence|spe|1\n|move|p1a: Necrozma|Dragon Pulse|p2a: Salamence\n|-supereffective|p2a: Salamence\n|-end|p2a: Salamence|Substitute\n|\n|upkeep\n|turn|12\n|\n|t:|1700734008\n|move|p2a: Salamence|Earthquake|p1a: Necrozma\n|-supereffective|p1a: Necrozma\n|-damage|p1a: Necrozma|17\/100\n|move|p1a: Necrozma|Dragon Pulse|p2a: Salamence\n|-supereffective|p2a: Salamence\n|-damage|p2a: Salamence|23\/100\n|\n|upkeep\n|turn|13\n|\n|t:|1700734020\n|move|p2a: Salamence|Earthquake|p1a: Necrozma\n|-supereffective|p1a: Necrozma\n|-damage|p1a: Necrozma|0 fnt\n|faint|p1a: Necrozma\n|\n|-sideend|p2: C0ld as Ice|move: Light Screen\n|upkeep\n|\n|t:|1700734023\n|switch|p1a: Ditto|Ditto, shiny|100\/100\n|-damage|p1a: Ditto|88\/100|[from] Spikes\n|-transform|p1a: Ditto|p2a: Salamence|[from] ability: Imposter\n|turn|14\n|\n|t:|1700734025\n|move|p1a: Ditto|Double-Edge|p2a: Salamence\n|-damage|p2a: Salamence|0 fnt\n|faint|p2a: Salamence\n|-damage|p1a: Ditto|80\/100|[from] Recoil\n|\n|upkeep\n|\n|t:|1700734027\n|switch|p2a: Necrozma|Necrozma-Dusk-Mane|100\/100\n|-damage|p2a: Necrozma|94\/100|[from] Stealth Rock\n|turn|15\n|\n|t:|1700734034\n|move|p1a: Ditto|Double-Edge|p2a: Necrozma\n|-resisted|p2a: Necrozma\n|-damage|p2a: Necrozma|38\/100\n|-damage|p1a: Ditto|58\/100|[from] Recoil\n|move|p2a: Necrozma|Sunsteel Strike|p1a: Ditto\n|-damage|p1a: Ditto|0 fnt\n|faint|p1a: Ditto\n|-damage|p2a: Necrozma|29\/100|[from] item: Life Orb\n|\n|upkeep\n|\n|t:|1700734043\n|switch|p1a: Urshifu|Urshifu, M|100\/100\n|-damage|p1a: Urshifu|88\/100|[from] Spikes\n|turn|16\n|\n|t:|1700734051\n|switch|p2a: Marshadow|Marshadow|72\/100 brn\n|-damage|p2a: Marshadow|66\/100 brn|[from] Stealth Rock\n|move|p1a: Urshifu|Wicked Blow|p2a: Marshadow\n|-crit|p2a: Marshadow\n|-damage|p2a: Marshadow|0 fnt\n|faint|p2a: Marshadow\n|-damage|p1a: Urshifu|78\/100|[from] item: Life Orb\n|\n|upkeep\n|\n|t:|1700734053\n|switch|p2a: Xerneas|Xerneas|100\/100\n|-damage|p2a: Xerneas|88\/100|[from] Stealth Rock\n|-ability|p2a: Xerneas|Fairy Aura\n|turn|17\n|\n|t:|1700734060\n|move|p1a: Urshifu|Iron Head|p2a: Xerneas\n|-supereffective|p2a: Xerneas\n|-damage|p2a: Xerneas|40\/100\n|-damage|p1a: Urshifu|68\/100|[from] item: Life Orb\n|move|p2a: Xerneas|Moonblast|p1a: Urshifu\n|-supereffective|p1a: Urshifu\n|-damage|p1a: Urshifu|0 fnt\n|faint|p1a: Urshifu\n|\n|upkeep\n|\n|t:|1700734064\n|switch|p1a: Arceus|Arceus-Ground|100\/100\n|-damage|p1a: Arceus|88\/100|[from] Spikes\n|turn|18\n|\n|t:|1700734070\n|move|p1a: Arceus|Judgment|p2a: Xerneas\n|-damage|p2a: Xerneas|2\/100\n|-zpower|p2a: Xerneas\n|move|p2a: Xerneas|Twinkle Tackle|p1a: Arceus|[zeffect]\n|-damage|p1a: Arceus|21\/100\n|\n|upkeep\n|turn|19\n|\n|t:|1700734077\n|move|p1a: Arceus|Judgment|p2a: Xerneas\n|-damage|p2a: Xerneas|0 fnt\n|faint|p2a: Xerneas\n|\n|upkeep\n|\n|t:|1700734079\n|switch|p2a: Arceus|Arceus-Ground|100\/100\n|-damage|p2a: Arceus|94\/100|[from] Stealth Rock\n|turn|20\n|\n|t:|1700734085\n|move|p1a: Arceus|Toxic|p2a: Arceus\n|-status|p2a: Arceus|tox\n|move|p2a: Arceus|Earthquake|p1a: Arceus\n|-damage|p1a: Arceus|0 fnt\n|faint|p1a: Arceus\n|\n|-damage|p2a: Arceus|88\/100 tox|[from] psn\n|upkeep\n|\n|t:|1700734088\n|switch|p1a: Skeledirge|Skeledirge, M, tera:Fairy|100\/100\n|turn|21\n|\n|t:|1700734093\n|move|p2a: Arceus|Earthquake|p1a: Skeledirge\n|-damage|p1a: Skeledirge|52\/100\n|move|p1a: Skeledirge|Torch Song|p2a: Arceus\n|-crit|p2a: Arceus\n|-damage|p2a: Arceus|56\/100 tox\n|-boost|p1a: Skeledirge|spa|1\n|\n|-damage|p2a: Arceus|44\/100 tox|[from] psn\n|upkeep\n|turn|22\n|\n|t:|1700734098\n|switch|p2a: Necrozma|Necrozma-Dusk-Mane|29\/100\n|-damage|p2a: Necrozma|23\/100|[from] Stealth Rock\n|move|p1a: Skeledirge|Slack Off|p1a: Skeledirge\n|-heal|p1a: Skeledirge|100\/100\n|\n|upkeep\n|turn|23\n|\n|t:|1700734101\n|move|p2a: Necrozma|Earthquake|p1a: Skeledirge\n|-damage|p1a: Skeledirge|57\/100\n|-damage|p2a: Necrozma|13\/100|[from] item: Life Orb\n|move|p1a: Skeledirge|Torch Song|p2a: Necrozma\n|-supereffective|p2a: Necrozma\n|-damage|p2a: Necrozma|0 fnt\n|-boost|p1a: Skeledirge|spa|1\n|faint|p2a: Necrozma\n|\n|upkeep\n|-message|C0ld as Ice forfeited.\n|\n|win|Soyeon is a cutie\n|raw|Soyeon is a cutie's rating: 1842 &rarr; <strong>1860<\/strong><br \/>(+18 for winning)\n|raw|C0ld as Ice's rating: 1805 &rarr; <strong>1787<\/strong><br \/>(-18 for losing)\n|l|\u2606C0ld as Ice\n|l|\u2606Soyeon is a cutie\n","uploadtime":1700734110,"views":13,"p1id":"soyeonisacutie","p2id":"c0ldasice","formatid":"gen9nationaldexubers","rating":1787,"private":0,"password":""}