{"id":"gen9nationaldexubers-1985271644","p1":"dhkfx","p2":"arafatr871","format":"[Gen 9] National Dex Ubers","log":"|j|\u2606dhkfx\n|j|\u2606arafatr871\n|t:|1699358283\n|gametype|singles\n|player|p1|dhkfx|n|1623\n|player|p2|arafatr871|silver|1760\n|teamsize|p1|6\n|teamsize|p2|6\n|gen|9\n|tier|[Gen 9] National Dex Ubers\n|rated|\n|rule|HP Percentage Mod: HP is shown in percentages\n|rule|Endless Battle Clause: Forcing endless battles is banned\n|rule|OHKO Clause: OHKO moves are banned\n|rule|Evasion Moves Clause: Evasion moves are banned\n|rule|Evasion Items Clause: Evasion items are banned\n|rule|Species Clause: Limit one of each Pok\u00e9mon\n|rule|Sleep Clause Mod: Limit one foe put to sleep\n|rule|Mega Rayquaza Clause: You cannot mega evolve Rayquaza\n|clearpoke\n|poke|p1|Glimmora, F|\n|poke|p1|Giratina-Origin|\n|poke|p1|Xerneas-*|\n|poke|p1|Arceus-Dark|\n|poke|p1|Groudon|\n|poke|p1|Necrozma-Dusk-Mane|\n|poke|p2|Groudon|\n|poke|p2|Dondozo, F|\n|poke|p2|Yveltal|\n|poke|p2|Zacian-*|\n|poke|p2|Necrozma-Dusk-Mane|\n|poke|p2|Kyogre|\n|teampreview\n|inactive|Battle timer is ON: inactive players will automatically lose when time's up. (requested by arafatr871)\n|j| Incredible Gassy\n|inactive|arafatr871 has 120 seconds left.\n|\n|t:|1699358319\n|start\n|switch|p1a: Glimmora|Glimmora, F|100\/100\n|switch|p2a: Kyogre|Kyogre|100\/100\n|detailschange|p2a: Kyogre|Kyogre-Primal\n|-primal|p2a: Kyogre|Blue Orb\n|-weather|PrimordialSea|[from] ability: Primordial Sea|[of] p2a: Kyogre\n|turn|1\n|\n|t:|1699358332\n|switch|p1a: Groudon|Groudon|100\/100\n|detailschange|p1a: Groudon|Groudon-Primal\n|-primal|p1a: Groudon|Red Orb\n|-weather|DesolateLand|[from] ability: Desolate Land|[of] p1a: Groudon\n|move|p2a: Kyogre|Water Spout||[still]\n|-fail|p2a: Kyogre|Water Spout|[from] Desolate Land\n|\n|-weather|DesolateLand|[upkeep]\n|upkeep\n|turn|2\n|\n|t:|1699358348\n|switch|p2a: Dondozo|Dondozo, F, shiny|100\/100\n|-weather|none\n|switch|p1a: Glimmora|Glimmora, F|100\/100\n|\n|upkeep\n|turn|3\n|\n|t:|1699358364\n|switch|p2a: Kyogre|Kyogre-Primal|100\/100\n|-weather|PrimordialSea|[from] ability: Primordial Sea|[of] p2a: Kyogre\n|move|p1a: Glimmora|Spikes|p2a: Kyogre\n|-sidestart|p2: arafatr871|Spikes\n|\n|-weather|PrimordialSea|[upkeep]\n|upkeep\n|turn|4\n|\n|t:|1699358372\n|move|p2a: Kyogre|Ice Beam|p1a: Glimmora\n|-damage|p1a: Glimmora|48\/100\n|move|p1a: Glimmora|Mortal Spin|p2a: Kyogre\n|-damage|p2a: Kyogre|93\/100\n|-status|p2a: Kyogre|psn\n|\n|-weather|PrimordialSea|[upkeep]\n|-damage|p2a: Kyogre|81\/100 psn|[from] psn\n|upkeep\n|turn|5\n|\n|t:|1699358381\n|switch|p1a: Necrozma|Necrozma-Dusk-Mane|100\/100\n|move|p2a: Kyogre|Ice Beam|p1a: Necrozma\n|-resisted|p1a: Necrozma\n|-damage|p1a: Necrozma|81\/100\n|\n|-weather|PrimordialSea|[upkeep]\n|-damage|p2a: Kyogre|69\/100 psn|[from] psn\n|upkeep\n|turn|6\n|\n|t:|1699358389\n|detailschange|p1a: Necrozma|Necrozma-Ultra\n|-burst|p1a: Necrozma|Necrozma|Ultranecrozium Z\n|move|p1a: Necrozma|Photon Geyser|p2a: Kyogre\n|-damage|p2a: Kyogre|0 fnt\n|faint|p2a: Kyogre\n|-weather|none\n|\n|upkeep\n|\n|t:|1699358397\n|switch|p2a: Yveltal|Yveltal, shiny|100\/100\n|-ability|p2a: Yveltal|Dark Aura\n|turn|7\n|\n|t:|1699358404\n|switch|p1a: Xerneas|Xerneas, shiny|100\/100\n|-ability|p1a: Xerneas|Fairy Aura\n|move|p2a: Yveltal|Sucker Punch||[still]\n|-fail|p2a: Yveltal\n|\n|upkeep\n|turn|8\n|\n|t:|1699358410\n|move|p2a: Yveltal|Knock Off|p1a: Xerneas\n|-resisted|p1a: Xerneas\n|-damage|p1a: Xerneas|63\/100\n|-enditem|p1a: Xerneas|Power Herb|[from] move: Knock Off|[of] p2a: Yveltal\n|-damage|p2a: Yveltal|91\/100|[from] item: Life Orb\n|move|p1a: Xerneas|Moonblast|p2a: Yveltal\n|-supereffective|p2a: Yveltal\n|-damage|p2a: Yveltal|0 fnt\n|faint|p2a: Yveltal\n|\n|upkeep\n|\n|t:|1699358418\n|switch|p2a: Zacian|Zacian-Crowned|100\/100\n|-damage|p2a: Zacian|88\/100|[from] Spikes\n|-ability|p2a: Zacian|Intrepid Sword|boost\n|-boost|p2a: Zacian|atk|1\n|turn|9\n|\n|t:|1699358428\n|switch|p1a: Glimmora|Glimmora, F|48\/100\n|move|p2a: Zacian|Swords Dance|p2a: Zacian\n|-boost|p2a: Zacian|atk|2\n|\n|upkeep\n|turn|10\n|\n|t:|1699358433\n|-terastallize|p2a: Zacian|Ground\n|move|p2a: Zacian|Tera Blast|p1a: Glimmora|[anim] Tera Blast Ground\n|-supereffective|p1a: Glimmora\n|-damage|p1a: Glimmora|0 fnt\n|-activate|p1a: Glimmora|ability: Toxic Debris\n|-sidestart|p2: arafatr871|move: Toxic Spikes\n|faint|p1a: Glimmora\n|\n|upkeep\n|\n|t:|1699358444\n|switch|p1a: Giratina|Giratina-Origin|100\/100\n|turn|11\n|\n|t:|1699358448\n|-terastallize|p1a: Giratina|Steel\n|move|p2a: Zacian|Behemoth Blade|p1a: Giratina\n|-resisted|p1a: Giratina\n|-damage|p1a: Giratina|61\/100\n|move|p1a: Giratina|Will-O-Wisp|p2a: Zacian\n|-status|p2a: Zacian|brn\n|\n|-damage|p2a: Zacian|82\/100 brn|[from] brn\n|upkeep\n|turn|12\n|\n|t:|1699358459\n|move|p2a: Zacian|Swords Dance|p2a: Zacian\n|-boost|p2a: Zacian|atk|2\n|move|p1a: Giratina|Draco Meteor|p2a: Zacian\n|-damage|p2a: Zacian|21\/100 brn\n|-unboost|p1a: Giratina|spa|2\n|\n|-damage|p2a: Zacian|15\/100 brn|[from] brn\n|upkeep\n|turn|13\n|\n|t:|1699358466\n|move|p1a: Giratina|Shadow Sneak|p2a: Zacian\n|-damage|p2a: Zacian|0 fnt\n|faint|p2a: Zacian\n|\n|upkeep\n|\n|t:|1699358474\n|switch|p2a: Groudon|Groudon, shiny|100\/100\n|-damage|p2a: Groudon|88\/100|[from] Spikes\n|-status|p2a: Groudon|psn\n|detailschange|p2a: Groudon|Groudon-Primal, shiny\n|-primal|p2a: Groudon|Red Orb\n|-weather|DesolateLand|[from] ability: Desolate Land|[of] p2a: Groudon\n|turn|14\n|\n|t:|1699358481\n|switch|p1a: Necrozma|Necrozma-Ultra|81\/100\n|move|p2a: Groudon|Earthquake|p1a: Necrozma\n|-damage|p1a: Necrozma|10\/100\n|\n|-weather|DesolateLand|[upkeep]\n|-damage|p2a: Groudon|76\/100 psn|[from] psn\n|upkeep\n|turn|15\n|\n|t:|1699358488\n|-zpower|p1a: Necrozma\n|move|p1a: Necrozma|Light That Burns the Sky|p2a: Groudon|[zeffect]\n|-damage|p2a: Groudon|0 fnt\n|faint|p2a: Groudon\n|-weather|none\n|\n|upkeep\n|\n|t:|1699358491\n|switch|p2a: Necrozma|Necrozma-Dusk-Mane, shiny|100\/100\n|-damage|p2a: Necrozma|88\/100|[from] Spikes\n|turn|16\n|\n|t:|1699358510\n|detailschange|p2a: Necrozma|Necrozma-Ultra, shiny\n|-burst|p2a: Necrozma|Necrozma|Ultranecrozium Z\n|move|p2a: Necrozma|Sunsteel Strike|p1a: Necrozma\n|-damage|p1a: Necrozma|0 fnt\n|faint|p1a: Necrozma\n|\n|upkeep\n|\n|t:|1699358515\n|switch|p1a: Giratina|Giratina-Origin, tera:Steel|61\/100\n|turn|17\n|\n|t:|1699358521\n|move|p2a: Necrozma|Earthquake|p1a: Giratina\n|-immune|p1a: Giratina|[from] ability: Levitate\n|move|p1a: Giratina|Draco Meteor|p2a: Necrozma\n|-supereffective|p2a: Necrozma\n|-damage|p2a: Necrozma|0 fnt\n|-unboost|p1a: Giratina|spa|2\n|faint|p2a: Necrozma\n|\n|upkeep\n|\n|t:|1699358527\n|switch|p2a: Dondozo|Dondozo, F, shiny|100\/100\n|-damage|p2a: Dondozo|88\/100|[from] Spikes\n|-status|p2a: Dondozo|psn\n|turn|18\n|\n|t:|1699358543\n|switch|p1a: Xerneas|Xerneas, shiny|63\/100\n|-ability|p1a: Xerneas|Fairy Aura\n|move|p2a: Dondozo|Earthquake|p1a: Xerneas\n|-damage|p1a: Xerneas|44\/100\n|\n|-heal|p2a: Dondozo|94\/100 psn|[from] item: Leftovers\n|-damage|p2a: Dondozo|82\/100 psn|[from] psn\n|upkeep\n|turn|19\n|\n|t:|1699358557\n|move|p1a: Xerneas|Moonblast|p2a: Dondozo\n|-damage|p2a: Dondozo|21\/100 psn\n|move|p2a: Dondozo|Liquidation|p1a: Xerneas\n|-damage|p1a: Xerneas|16\/100\n|-unboost|p1a: Xerneas|def|1\n|\n|-heal|p2a: Dondozo|27\/100 psn|[from] item: Leftovers\n|-damage|p2a: Dondozo|15\/100 psn|[from] psn\n|upkeep\n|turn|20\n|\n|t:|1699358564\n|move|p1a: Xerneas|Moonblast|p2a: Dondozo\n|-damage|p2a: Dondozo|0 fnt\n|faint|p2a: Dondozo\n|\n|win|dhkfx\n|raw|dhkfx's rating: 1623 &rarr; <strong>1651<\/strong><br \/>(+28 for winning)\n|raw|arafatr871's rating: 1760 &rarr; <strong>1732<\/strong><br \/>(-28 for losing)\n|l|\u2606dhkfx\n|l|\u2606arafatr871\n","uploadtime":1699358625,"views":6,"p1id":"dhkfx","p2id":"arafatr871","formatid":"gen9nationaldexubers","rating":1651,"private":0,"password":""}