{"id":"gen9nationaldexubers-1992603748","p1":"Aegon Pendragon","p2":"GarchompGamingOU","format":"[Gen 9] National Dex Ubers","log":"|j|\u2606Aegon Pendragon\n|j|\u2606GarchompGamingOU\n|t:|1700213254\n|gametype|singles\n|player|p1|Aegon Pendragon|cynthia|1123\n|player|p2|GarchompGamingOU|101|1188\n|teamsize|p1|6\n|teamsize|p2|6\n|gen|9\n|tier|[Gen 9] National Dex Ubers\n|rated|\n|rule|HP Percentage Mod: HP is shown in percentages\n|rule|Endless Battle Clause: Forcing endless battles is banned\n|rule|OHKO Clause: OHKO moves are banned\n|rule|Evasion Moves Clause: Evasion moves are banned\n|rule|Evasion Items Clause: Evasion items are banned\n|rule|Species Clause: Limit one of each Pok\u00e9mon\n|rule|Sleep Clause Mod: Limit one foe put to sleep\n|rule|Mega Rayquaza Clause: You cannot mega evolve Rayquaza\n|clearpoke\n|poke|p1|Garchomp, M|\n|poke|p1|Butterfree, F|\n|poke|p1|Ninetales-Alola, F|\n|poke|p1|Annihilape, M|\n|poke|p1|Arcanine, M|\n|poke|p1|Starmie|\n|poke|p2|Deoxys|\n|poke|p2|Blaziken, M|\n|poke|p2|Mantine, M|\n|poke|p2|Lileep, M|\n|poke|p2|Hoppip, M|\n|poke|p2|Aegislash, M|\n|teampreview\n|inactive|Battle timer is ON: inactive players will automatically lose when time's up. (requested by GarchompGamingOU)\n|\n|t:|1700213261\n|start\n|switch|p1a: Butterfree|Butterfree, F|100\/100\n|switch|p2a: night terror|Lileep, M|100\/100\n|turn|1\n|\n|t:|1700213273\n|move|p1a: Butterfree|Quiver Dance|p1a: Butterfree\n|-boost|p1a: Butterfree|spa|1\n|-boost|p1a: Butterfree|spd|1\n|-boost|p1a: Butterfree|spe|1\n|move|p2a: night terror|Stealth Rock|p1a: Butterfree\n|-sidestart|p1: Aegon Pendragon|move: Stealth Rock\n|\n|upkeep\n|turn|2\n|\n|t:|1700213284\n|move|p1a: Butterfree|Quiver Dance|p1a: Butterfree\n|-boost|p1a: Butterfree|spa|1\n|-boost|p1a: Butterfree|spd|1\n|-boost|p1a: Butterfree|spe|1\n|move|p2a: night terror|Toxic|p1a: Butterfree\n|-status|p1a: Butterfree|tox\n|\n|-damage|p1a: Butterfree|94\/100 tox|[from] psn\n|upkeep\n|turn|3\n|\n|t:|1700213295\n|move|p1a: Butterfree|Bug Buzz|p2a: night terror\n|-supereffective|p2a: night terror\n|-damage|p2a: night terror|20\/100\n|move|p2a: night terror|Recover|p2a: night terror\n|-heal|p2a: night terror|70\/100\n|\n|-damage|p1a: Butterfree|82\/100 tox|[from] psn\n|upkeep\n|turn|4\n|\n|t:|1700213306\n|move|p1a: Butterfree|Bug Buzz|p2a: night terror\n|-supereffective|p2a: night terror\n|-damage|p2a: night terror|0 fnt\n|faint|p2a: night terror\n|\n|-damage|p1a: Butterfree|64\/100 tox|[from] psn\n|upkeep\n|\n|t:|1700213317\n|switch|p2a: baabu :)|Hoppip, M|100\/100\n|turn|5\n|\n|t:|1700213322\n|move|p1a: Butterfree|Bug Buzz|p2a: baabu :)\n|-damage|p2a: baabu :)|4\/100\n|-unboost|p2a: baabu :)|spd|1\n|move|p2a: baabu :)|Leech Seed|p1a: Butterfree\n|-start|p1a: Butterfree|move: Leech Seed\n|\n|-damage|p1a: Butterfree|51\/100 tox|[from] Leech Seed|[of] p2a: baabu :)\n|-heal|p2a: baabu :)|16\/100|[silent]\n|-damage|p1a: Butterfree|27\/100 tox|[from] psn\n|upkeep\n|turn|6\n|\n|t:|1700213334\n|move|p1a: Butterfree|Bug Buzz|p2a: baabu :)\n|-damage|p2a: baabu :)|0 fnt\n|faint|p2a: baabu :)\n|\n|-damage|p1a: Butterfree|0 fnt|[from] psn\n|faint|p1a: Butterfree\n|upkeep\n|\n|t:|1700213357\n|switch|p1a: Starmie|Starmie|100\/100\n|switch|p2a: worse skarmory|Mantine, M|100\/100\n|-damage|p1a: Starmie|88\/100|[from] Stealth Rock\n|turn|7\n|\n|t:|1700213367\n|move|p1a: Starmie|Rapid Spin|p2a: worse skarmory\n|-damage|p2a: worse skarmory|94\/100\n|-boost|p1a: Starmie|spe|1\n|-sideend|p1: Aegon Pendragon|Stealth Rock|[from] move: Rapid Spin|[of] p1a: Starmie\n|move|p2a: worse skarmory|Toxic|p1a: Starmie\n|-status|p1a: Starmie|tox\n|\n|-damage|p1a: Starmie|82\/100 tox|[from] psn\n|upkeep\n|turn|8\n|\n|t:|1700213379\n|switch|p1a: Ninetales|Ninetales-Alola, F|100\/100\n|-weather|Snow|[from] ability: Snow Warning|[of] p1a: Ninetales\n|move|p2a: worse skarmory|Scald|p1a: Ninetales\n|-damage|p1a: Ninetales|73\/100\n|\n|-weather|Snow|[upkeep]\n|-heal|p1a: Ninetales|79\/100|[from] item: Leftovers\n|upkeep\n|turn|9\n|\n|t:|1700213393\n|move|p1a: Ninetales|Aurora Veil|p1a: Ninetales\n|-sidestart|p1: Aegon Pendragon|move: Aurora Veil\n|move|p2a: worse skarmory|Toxic|p1a: Ninetales\n|-status|p1a: Ninetales|tox\n|\n|-weather|Snow|[upkeep]\n|-heal|p1a: Ninetales|85\/100 tox|[from] item: Leftovers\n|-damage|p1a: Ninetales|79\/100 tox|[from] psn\n|upkeep\n|turn|10\n|\n|t:|1700213405\n|switch|p1a: Balerion|Garchomp, M|100\/100\n|move|p2a: worse skarmory|Defog|p1a: Balerion\n|-unboost|p1a: Balerion|evasion|1\n|-sideend|p1: Aegon Pendragon|move: Aurora Veil\n|\n|-weather|Snow|[upkeep]\n|upkeep\n|turn|11\n|\n|t:|1700213421\n|move|p1a: Balerion|Swords Dance|p1a: Balerion\n|-boost|p1a: Balerion|atk|2\n|move|p2a: worse skarmory|Scald|p1a: Balerion\n|-damage|p1a: Balerion|77\/100\n|-status|p1a: Balerion|brn\n|\n|-weather|Snow|[upkeep]\n|-heal|p1a: Balerion|83\/100 brn|[from] item: Leftovers\n|-damage|p1a: Balerion|77\/100 brn|[from] brn\n|upkeep\n|turn|12\n|inactive|Aegon Pendragon has 120 seconds left.\n|l|\u2606Aegon Pendragon\n|inactive|Aegon Pendragon disconnected and has a minute to reconnect!\n|player|p1|\n|inactive|Aegon Pendragon has 30 seconds to reconnect!\n|inactive|Aegon Pendragon has 20 seconds to reconnect!\n|inactive|Aegon Pendragon has 15 seconds to reconnect!\n|inactive|Aegon Pendragon has 10 seconds to reconnect!\n|inactive|Aegon Pendragon has 5 seconds to reconnect!\n|-message|Aegon Pendragon lost due to inactivity.\n|\n|win|GarchompGamingOU\n|raw|Aegon Pendragon's rating: 1103 &rarr; <strong>1084<\/strong><br \/>(-19 for losing)\n|raw|GarchompGamingOU's rating: 1188 &rarr; <strong>1207<\/strong><br \/>(+19 for winning)\n","uploadtime":1700213521,"views":8,"p1id":"aegonpendragon","p2id":"garchompgamingou","formatid":"gen9nationaldexubers","rating":1084,"private":0,"password":""}