{"id":"gen9nationaldexubers-1988130487","p1":"gustavo alan","p2":"Plasmic Cosmos","format":"[Gen 9] National Dex Ubers","log":"|j|\u2606gustavo alan\n|j|\u2606Plasmic Cosmos\n|t:|1699673356\n|gametype|singles\n|player|p1|gustavo alan|volkner|1263\n|player|p2|Plasmic Cosmos|ghetsis|1167\n|teamsize|p1|6\n|teamsize|p2|6\n|gen|9\n|tier|[Gen 9] National Dex Ubers\n|rated|\n|rule|HP Percentage Mod: HP is shown in percentages\n|rule|Endless Battle Clause: Forcing endless battles is banned\n|rule|OHKO Clause: OHKO moves are banned\n|rule|Evasion Moves Clause: Evasion moves are banned\n|rule|Evasion Items Clause: Evasion items are banned\n|rule|Species Clause: Limit one of each Pok\u00e9mon\n|rule|Sleep Clause Mod: Limit one foe put to sleep\n|rule|Mega Rayquaza Clause: You cannot mega evolve Rayquaza\n|clearpoke\n|poke|p1|Ting-Lu|\n|poke|p1|Yveltal|\n|poke|p1|Chi-Yu|\n|poke|p1|Samurott-Hisui, F|\n|poke|p1|Kingambit, F|\n|poke|p1|Meowscarada, M|\n|poke|p2|Zygarde|\n|poke|p2|Groudon|\n|poke|p2|Ho-Oh|\n|poke|p2|Zacian-*|\n|poke|p2|Arceus-Dark|\n|poke|p2|Kyurem-Black|\n|teampreview\n|inactive|Battle timer is ON: inactive players will automatically lose when time's up. (requested by Plasmic Cosmos)\n|\n|t:|1699673371\n|start\n|switch|p1a: Meowscarada|Meowscarada, M|100\/100\n|switch|p2a: Groudon|Groudon|100\/100\n|detailschange|p2a: Groudon|Groudon-Primal\n|-primal|p2a: Groudon|Red Orb\n|-weather|DesolateLand|[from] ability: Desolate Land|[of] p2a: Groudon\n|turn|1\n|\n|t:|1699673387\n|move|p1a: Meowscarada|Low Kick|p2a: Groudon\n|-start|p1a: Meowscarada|typechange|Fighting|[from] ability: Protean\n|-damage|p2a: Groudon|70\/100\n|move|p2a: Groudon|Stealth Rock|p1a: Meowscarada\n|-sidestart|p1: gustavo alan|move: Stealth Rock\n|\n|-weather|DesolateLand|[upkeep]\n|upkeep\n|turn|2\n|\n|t:|1699673397\n|move|p1a: Meowscarada|Low Kick|p2a: Groudon\n|-damage|p2a: Groudon|39\/100\n|move|p2a: Groudon|Precipice Blades|p1a: Meowscarada\n|-enditem|p1a: Meowscarada|Focus Sash\n|-damage|p1a: Meowscarada|1\/100\n|\n|-weather|DesolateLand|[upkeep]\n|upkeep\n|turn|3\n|\n|t:|1699673407\n|move|p1a: Meowscarada|Low Kick|p2a: Groudon\n|-damage|p2a: Groudon|10\/100\n|move|p2a: Groudon|Roar|p1a: Meowscarada\n|drag|p1a: Yveltal|Yveltal|100\/100\n|-damage|p1a: Yveltal|76\/100|[from] Stealth Rock\n|-ability|p1a: Yveltal|Dark Aura\n|\n|-weather|DesolateLand|[upkeep]\n|upkeep\n|turn|4\n|\n|t:|1699673420\n|move|p1a: Yveltal|Sucker Punch||[still]\n|-fail|p1a: Yveltal\n|move|p2a: Groudon|Toxic|p1a: Yveltal\n|-status|p1a: Yveltal|tox\n|\n|-weather|DesolateLand|[upkeep]\n|-damage|p1a: Yveltal|69\/100 tox|[from] psn\n|upkeep\n|turn|5\n|\n|t:|1699673430\n|move|p1a: Yveltal|Sucker Punch||[still]\n|-fail|p1a: Yveltal\n|move|p2a: Groudon|Roar|p1a: Yveltal\n|drag|p1a: Ting-Lu|Ting-Lu|100\/100\n|-damage|p1a: Ting-Lu|94\/100|[from] Stealth Rock\n|-ability|p1a: Ting-Lu|Vessel of Ruin\n|\n|-weather|DesolateLand|[upkeep]\n|upkeep\n|turn|6\n|\n|t:|1699673455\n|switch|p1a: Kingambit|Kingambit, F|100\/100\n|-damage|p1a: Kingambit|94\/100|[from] Stealth Rock\n|move|p2a: Groudon|Toxic|p1a: Kingambit\n|-immune|p1a: Kingambit\n|\n|-weather|DesolateLand|[upkeep]\n|upkeep\n|turn|7\n|\n|t:|1699673469\n|-end|p1a: Kingambit|fallenundefined|[silent]\n|switch|p1a: Yveltal|Yveltal|69\/100 tox\n|-damage|p1a: Yveltal|45\/100 tox|[from] Stealth Rock\n|-ability|p1a: Yveltal|Dark Aura\n|move|p2a: Groudon|Roar|p1a: Yveltal\n|drag|p1a: Kingambit|Kingambit, F|94\/100\n|-damage|p1a: Kingambit|88\/100|[from] Stealth Rock\n|\n|-weather|DesolateLand|[upkeep]\n|upkeep\n|turn|8\n|\n|t:|1699673486\n|-end|p1a: Kingambit|fallenundefined|[silent]\n|switch|p1a: Yveltal|Yveltal|45\/100 tox\n|-damage|p1a: Yveltal|20\/100 tox|[from] Stealth Rock\n|-ability|p1a: Yveltal|Dark Aura\n|move|p2a: Groudon|Roar|p1a: Yveltal\n|drag|p1a: Kingambit|Kingambit, F|88\/100\n|-damage|p1a: Kingambit|82\/100|[from] Stealth Rock\n|\n|-weather|DesolateLand|[upkeep]\n|upkeep\n|turn|9\n|inactive|gustavo alan has 120 seconds left.\n|\n|t:|1699673508\n|-end|p1a: Kingambit|fallenundefined|[silent]\n|switch|p1a: Meowscarada|Meowscarada, M|1\/100\n|-damage|p1a: Meowscarada|0 fnt|[from] Stealth Rock\n|faint|p1a: Meowscarada\n|move|p2a: Groudon|Roar|p1: Meowscarada|[notarget]\n|-fail|p2a: Groudon\n|\n|-weather|DesolateLand|[upkeep]\n|upkeep\n|\n|t:|1699673517\n|switch|p1a: Chi-Yu|Chi-Yu|100\/100\n|-damage|p1a: Chi-Yu|76\/100|[from] Stealth Rock\n|-ability|p1a: Chi-Yu|Beads of Ruin\n|turn|10\n|inactive|gustavo alan has 120 seconds left.\n|\n|t:|1699673525\n|move|p1a: Chi-Yu|Psychic|p2a: Groudon\n|-damage|p2a: Groudon|0 fnt\n|faint|p2a: Groudon\n|-weather|none\n|\n|upkeep\n|\n|t:|1699673534\n|switch|p2a: Zygarde|Zygarde, shiny|100\/100\n|turn|11\n|\n|t:|1699673543\n|-terastallize|p1a: Chi-Yu|Grass\n|move|p1a: Chi-Yu|Psychic|p2a: Zygarde\n|-damage|p2a: Zygarde|60\/100\n|-unboost|p2a: Zygarde|spd|1\n|move|p2a: Zygarde|Dragon Dance|p2a: Zygarde\n|-boost|p2a: Zygarde|atk|1\n|-boost|p2a: Zygarde|spe|1\n|\n|-heal|p2a: Zygarde|66\/100|[from] item: Leftovers\n|upkeep\n|turn|12\n|\n|t:|1699673557\n|move|p1a: Chi-Yu|Psychic|p2a: Zygarde\n|-crit|p2a: Zygarde\n|-damage|p2a: Zygarde|0 fnt\n|faint|p2a: Zygarde\n|\n|upkeep\n|\n|t:|1699673562\n|switch|p2a: Ho-Oh|Ho-Oh|100\/100\n|turn|13\n|\n|t:|1699673569\n|switch|p1a: Samurott|Samurott-Hisui, F|100\/100\n|-damage|p1a: Samurott|88\/100|[from] Stealth Rock\n|move|p2a: Ho-Oh|Sacred Fire|p1a: Samurott\n|-resisted|p1a: Samurott\n|-damage|p1a: Samurott|65\/100\n|-status|p1a: Samurott|brn\n|\n|-damage|p1a: Samurott|58\/100 brn|[from] brn\n|upkeep\n|turn|14\n|\n|t:|1699673583\n|move|p2a: Ho-Oh|Sacred Fire|p1a: Samurott\n|-resisted|p1a: Samurott\n|-damage|p1a: Samurott|37\/100 brn\n|move|p1a: Samurott|Aqua Cutter|p2a: Ho-Oh\n|-supereffective|p2a: Ho-Oh\n|-damage|p2a: Ho-Oh|67\/100\n|\n|-damage|p1a: Samurott|31\/100 brn|[from] brn\n|upkeep\n|turn|15\n|\n|t:|1699673596\n|switch|p2a: Kyurem|Kyurem-Black|100\/100\n|-ability|p2a: Kyurem|Teravolt\n|move|p1a: Samurott|Aqua Cutter|p2a: Kyurem\n|-resisted|p2a: Kyurem\n|-damage|p2a: Kyurem|89\/100\n|\n|-damage|p1a: Samurott|24\/100 brn|[from] brn\n|upkeep\n|turn|16\n|\n|t:|1699673608\n|move|p2a: Kyurem|Dragon Dance|p2a: Kyurem\n|-boost|p2a: Kyurem|atk|1\n|-boost|p2a: Kyurem|spe|1\n|move|p1a: Samurott|Sacred Sword|p2a: Kyurem\n|-supereffective|p2a: Kyurem\n|-damage|p2a: Kyurem|53\/100\n|\n|-damage|p1a: Samurott|18\/100 brn|[from] brn\n|upkeep\n|turn|17\n|\n|t:|1699673620\n|move|p2a: Kyurem|Roost|p2a: Kyurem\n|-heal|p2a: Kyurem|100\/100\n|-singleturn|p2a: Kyurem|move: Roost\n|move|p1a: Samurott|Sacred Sword|p2a: Kyurem\n|-supereffective|p2a: Kyurem\n|-damage|p2a: Kyurem|64\/100\n|\n|-damage|p1a: Samurott|12\/100 brn|[from] brn\n|upkeep\n|turn|18\n|\n|t:|1699673630\n|move|p2a: Kyurem|Dragon Dance|p2a: Kyurem\n|-boost|p2a: Kyurem|atk|1\n|-boost|p2a: Kyurem|spe|1\n|move|p1a: Samurott|Sacred Sword|p2a: Kyurem\n|-supereffective|p2a: Kyurem\n|-crit|p2a: Kyurem\n|-damage|p2a: Kyurem|3\/100\n|\n|-damage|p1a: Samurott|6\/100 brn|[from] brn\n|upkeep\n|turn|19\n|\n|t:|1699673642\n|move|p1a: Samurott|Aqua Jet|p2a: Kyurem\n|-resisted|p2a: Kyurem\n|-damage|p2a: Kyurem|0 fnt\n|faint|p2a: Kyurem\n|\n|-damage|p1a: Samurott|0 fnt|[from] brn\n|faint|p1a: Samurott\n|upkeep\n|\n|t:|1699673659\n|switch|p2a: Zacian|Zacian-Crowned|100\/100\n|switch|p1a: Chi-Yu|Chi-Yu, tera:Grass|76\/100\n|-damage|p1a: Chi-Yu|63\/100|[from] Stealth Rock\n|-ability|p1a: Chi-Yu|Beads of Ruin\n|-ability|p2a: Zacian|Intrepid Sword|boost\n|-boost|p2a: Zacian|atk|1\n|turn|20\n|\n|t:|1699673673\n|move|p1a: Chi-Yu|Flamethrower|p2a: Zacian\n|-supereffective|p2a: Zacian\n|-damage|p2a: Zacian|0 fnt\n|faint|p2a: Zacian\n|\n|upkeep\n|\n|t:|1699673677\n|switch|p2a: Ho-Oh|Ho-Oh|99\/100\n|turn|21\n|\n|t:|1699673689\n|switch|p1a: Yveltal|Yveltal|20\/100 tox\n|-damage|p1a: Yveltal|0 fnt|[from] Stealth Rock\n|faint|p1a: Yveltal\n|move|p2a: Ho-Oh|Sacred Fire|p1: Yveltal|[notarget]\n|-fail|p2a: Ho-Oh\n|\n|upkeep\n|\n|t:|1699673703\n|switch|p1a: Ting-Lu|Ting-Lu|94\/100\n|-damage|p1a: Ting-Lu|88\/100|[from] Stealth Rock\n|-ability|p1a: Ting-Lu|Vessel of Ruin\n|turn|22\n|\n|t:|1699673711\n|move|p2a: Ho-Oh|Sacred Fire|p1a: Ting-Lu\n|-damage|p1a: Ting-Lu|66\/100\n|-status|p1a: Ting-Lu|brn\n|move|p1a: Ting-Lu|Stone Edge|p2a: Ho-Oh\n|-supereffective|p2a: Ho-Oh\n|-damage|p2a: Ho-Oh|59\/100\n|\n|-damage|p1a: Ting-Lu|60\/100 brn|[from] brn\n|upkeep\n|turn|23\n|\n|t:|1699673723\n|move|p1a: Ting-Lu|Stone Edge|p2a: Ho-Oh\n|-supereffective|p2a: Ho-Oh\n|-damage|p2a: Ho-Oh|20\/100\n|move|p2a: Ho-Oh|Whirlwind|p1a: Ting-Lu\n|drag|p1a: Chi-Yu|Chi-Yu, tera:Grass|63\/100\n|-damage|p1a: Chi-Yu|51\/100|[from] Stealth Rock\n|-ability|p1a: Chi-Yu|Beads of Ruin\n|\n|upkeep\n|turn|24\n|\n|t:|1699673737\n|switch|p2a: Arceus|Arceus-Dark|100\/100\n|move|p1a: Chi-Yu|Psychic|p2a: Arceus\n|-immune|p2a: Arceus\n|\n|upkeep\n|turn|25\n|\n|t:|1699673747\n|switch|p1a: Ting-Lu|Ting-Lu|60\/100 brn\n|-damage|p1a: Ting-Lu|53\/100 brn|[from] Stealth Rock\n|-ability|p1a: Ting-Lu|Vessel of Ruin\n|move|p2a: Arceus|Judgment|p1a: Ting-Lu\n|-resisted|p1a: Ting-Lu\n|-damage|p1a: Ting-Lu|45\/100 brn\n|\n|-damage|p1a: Ting-Lu|38\/100 brn|[from] brn\n|upkeep\n|turn|26\n|\n|t:|1699673768\n|move|p2a: Arceus|Taunt|p1a: Ting-Lu\n|-start|p1a: Ting-Lu|move: Taunt\n|move|p1a: Ting-Lu|Stone Edge|p2a: Arceus\n|-damage|p2a: Arceus|92\/100\n|\n|-damage|p1a: Ting-Lu|32\/100 brn|[from] brn\n|upkeep\n|turn|27\n|\n|t:|1699673778\n|move|p2a: Arceus|Judgment|p1a: Ting-Lu\n|-resisted|p1a: Ting-Lu\n|-damage|p1a: Ting-Lu|24\/100 brn\n|move|p1a: Ting-Lu|Stone Edge|p2a: Arceus\n|-crit|p2a: Arceus\n|-damage|p2a: Arceus|80\/100\n|\n|-damage|p1a: Ting-Lu|17\/100 brn|[from] brn\n|upkeep\n|turn|28\n|\n|t:|1699673792\n|move|p2a: Arceus|Recover|p2a: Arceus\n|-heal|p2a: Arceus|100\/100\n|move|p1a: Ting-Lu|Stone Edge|p2a: Arceus\n|-crit|p2a: Arceus\n|-damage|p2a: Arceus|89\/100\n|\n|-damage|p1a: Ting-Lu|11\/100 brn|[from] brn\n|-end|p1a: Ting-Lu|move: Taunt\n|upkeep\n|turn|29\n|\n|t:|1699673804\n|move|p2a: Arceus|Judgment|p1a: Ting-Lu\n|-resisted|p1a: Ting-Lu\n|-damage|p1a: Ting-Lu|2\/100 brn\n|move|p1a: Ting-Lu|Stone Edge|p2a: Arceus\n|-damage|p2a: Arceus|81\/100\n|\n|-damage|p1a: Ting-Lu|0 fnt|[from] brn\n|faint|p1a: Ting-Lu\n|upkeep\n|\n|t:|1699673818\n|switch|p1a: Kingambit|Kingambit, F|82\/100\n|-damage|p1a: Kingambit|76\/100|[from] Stealth Rock\n|-activate|p1a: Kingambit|ability: Supreme Overlord\n|-start|p1a: Kingambit|fallen4|[silent]\n|turn|30\n|\n|t:|1699673832\n|move|p2a: Arceus|Taunt|p1a: Kingambit\n|-start|p1a: Kingambit|move: Taunt\n|move|p1a: Kingambit|Foul Play|p2a: Arceus\n|-resisted|p2a: Arceus\n|-damage|p2a: Arceus|68\/100\n|\n|upkeep\n|turn|31\n|\n|t:|1699673845\n|move|p2a: Arceus|Judgment|p1a: Kingambit\n|-resisted|p1a: Kingambit\n|-damage|p1a: Kingambit|60\/100\n|move|p1a: Kingambit|Foul Play|p2a: Arceus\n|-resisted|p2a: Arceus\n|-damage|p2a: Arceus|57\/100\n|\n|upkeep\n|turn|32\n|\n|t:|1699673856\n|move|p2a: Arceus|Judgment|p1a: Kingambit\n|-resisted|p1a: Kingambit\n|-damage|p1a: Kingambit|44\/100\n|move|p1a: Kingambit|Iron Head|p2a: Arceus\n|-damage|p2a: Arceus|22\/100\n|\n|-end|p1a: Kingambit|move: Taunt\n|upkeep\n|turn|33\n|\n|t:|1699673867\n|move|p2a: Arceus|Recover|p2a: Arceus\n|-heal|p2a: Arceus|73\/100\n|move|p1a: Kingambit|Iron Head|p2a: Arceus\n|-damage|p2a: Arceus|38\/100\n|\n|upkeep\n|turn|34\n|\n|t:|1699673875\n|move|p2a: Arceus|Judgment|p1a: Kingambit\n|-resisted|p1a: Kingambit\n|-damage|p1a: Kingambit|28\/100\n|move|p1a: Kingambit|Iron Head|p2a: Arceus\n|-damage|p2a: Arceus|3\/100\n|\n|upkeep\n|turn|35\n|\n|t:|1699673885\n|move|p2a: Arceus|Recover|p2a: Arceus\n|-heal|p2a: Arceus|53\/100\n|move|p1a: Kingambit|Iron Head|p2a: Arceus\n|-damage|p2a: Arceus|20\/100\n|\n|upkeep\n|turn|36\n|\n|t:|1699673894\n|move|p2a: Arceus|Recover|p2a: Arceus\n|-heal|p2a: Arceus|70\/100\n|move|p1a: Kingambit|Iron Head|p2a: Arceus\n|-damage|p2a: Arceus|35\/100\n|\n|upkeep\n|turn|37\n|\n|t:|1699673905\n|move|p2a: Arceus|Recover|p2a: Arceus\n|-heal|p2a: Arceus|85\/100\n|move|p1a: Kingambit|Iron Head|p2a: Arceus\n|-damage|p2a: Arceus|54\/100\n|\n|upkeep\n|turn|38\n|\n|t:|1699673915\n|move|p2a: Arceus|Recover|p2a: Arceus\n|-heal|p2a: Arceus|100\/100\n|move|p1a: Kingambit|Iron Head|p2a: Arceus\n|-damage|p2a: Arceus|69\/100\n|\n|upkeep\n|turn|39\n|\n|t:|1699673923\n|move|p2a: Arceus|Judgment|p1a: Kingambit\n|-resisted|p1a: Kingambit\n|-damage|p1a: Kingambit|14\/100\n|move|p1a: Kingambit|Iron Head|p2a: Arceus\n|-damage|p2a: Arceus|34\/100\n|\n|upkeep\n|turn|40\n|\n|t:|1699673931\n|move|p2a: Arceus|Judgment|p1a: Kingambit\n|-resisted|p1a: Kingambit\n|-damage|p1a: Kingambit|0 fnt\n|faint|p1a: Kingambit\n|-end|p1a: Kingambit|fallen4|[silent]\n|\n|upkeep\n|\n|t:|1699673940\n|switch|p1a: Chi-Yu|Chi-Yu, tera:Grass|51\/100\n|-damage|p1a: Chi-Yu|39\/100|[from] Stealth Rock\n|-ability|p1a: Chi-Yu|Beads of Ruin\n|turn|41\n|inactive|gustavo alan has 120 seconds left.\n|\n|t:|1699673978\n|move|p1a: Chi-Yu|Fire Blast|p2a: Arceus\n|-damage|p2a: Arceus|0 fnt\n|faint|p2a: Arceus\n|\n|upkeep\n|\n|t:|1699673982\n|switch|p2a: Ho-Oh|Ho-Oh|53\/100\n|turn|42\n|\n|t:|1699673988\n|move|p1a: Chi-Yu|Fire Blast|p2a: Ho-Oh\n|-resisted|p2a: Ho-Oh\n|-damage|p2a: Ho-Oh|32\/100\n|move|p2a: Ho-Oh|Sacred Fire|p1a: Chi-Yu\n|-supereffective|p1a: Chi-Yu\n|-damage|p1a: Chi-Yu|0 fnt\n|faint|p1a: Chi-Yu\n|\n|win|Plasmic Cosmos\n|raw|gustavo alan's rating: 1263 &rarr; <strong>1231<\/strong><br \/>(-32 for losing)\n|raw|Plasmic Cosmos's rating: 1167 &rarr; <strong>1199<\/strong><br \/>(+32 for winning)\n","uploadtime":1699673998,"views":4,"p1id":"gustavoalan","p2id":"plasmiccosmos","formatid":"gen9nationaldexubers","rating":1199,"private":0,"password":""}