{"id":"gen9nationaldexubers-1978394415","p1":"Guj Genera","p2":"Neil278","format":"[Gen 9] National Dex Ubers","log":"|j|\u2606Guj Genera\n|j|\u2606Neil278\n|t:|1698533328\n|gametype|singles\n|player|p1|Guj Genera|1|\n|player|p2|Neil278|hilbert-wonderlauncher|\n|teamsize|p1|6\n|teamsize|p2|6\n|gen|9\n|tier|[Gen 9] National Dex Ubers\n|rule|HP Percentage Mod: HP is shown in percentages\n|rule|Endless Battle Clause: Forcing endless battles is banned\n|rule|OHKO Clause: OHKO moves are banned\n|rule|Evasion Moves Clause: Evasion moves are banned\n|rule|Evasion Items Clause: Evasion items are banned\n|rule|Species Clause: Limit one of each Pok\u00e9mon\n|rule|Sleep Clause Mod: Limit one foe put to sleep\n|rule|Mega Rayquaza Clause: You cannot mega evolve Rayquaza\n|clearpoke\n|poke|p1|Zeraora|\n|poke|p1|Inteleon, M|\n|poke|p1|Diancie|\n|poke|p1|Kommo-o, F|\n|poke|p1|Kartana|\n|poke|p1|Cinderace, F|\n|poke|p2|Gholdengo|\n|poke|p2|Heatran, M|\n|poke|p2|Goodra-Hisui, M|\n|poke|p2|Kingambit, M|\n|poke|p2|Celesteela|\n|poke|p2|Scizor, F|\n|teampreview\n|inactive|Battle timer is ON: inactive players will automatically lose when time's up. (requested by Guj Genera)\n|c|\u2606Guj Genera|Glhf\n|c|\u2606Neil278|Oh...\n|c|\u2606Guj Genera|What?\n|c|\u2606Neil278|did not know you had a new team XD\n|c|\u2606Guj Genera|Look at pastes\n|c|\u2606Neil278|Should have checked in hindsight\n|inactive|Neil278 has 270 seconds left.\n|c|\u2606Neil278|anw, GLHF!\n|c|\u2606Guj Genera|glhf. Also, I think I battled u with this team yesterday.\n|inactive|Neil278 has 240 seconds left.\n|j| Cthulewds\n|\n|t:|1698533397\n|start\n|switch|p1a: Diancie|Diancie, shiny|100\/100\n|switch|p2a: Heatran|Heatran, M|100\/100\n|turn|1\n|\n|t:|1698533403\n|detailschange|p1a: Diancie|Diancie-Mega, shiny\n|-mega|p1a: Diancie|Diancie|Diancite\n|move|p2a: Heatran|Flash Cannon|p1a: Diancie\n|-supereffective|p1a: Diancie\n|-damage|p1a: Diancie|0 fnt\n|faint|p1a: Diancie\n|\n|upkeep\n|c|\u2606Guj Genera|Crap ur scarfed arent u\n|\n|t:|1698533418\n|switch|p1a: Kartana|Kartana, shiny|100\/100\n|turn|2\n|\n|t:|1698533424\n|switch|p2a: Rich Man|Gholdengo|100\/100\n|move|p1a: Kartana|Sacred Sword|p2a: Rich Man\n|-immune|p2a: Rich Man\n|\n|upkeep\n|turn|3\n|\n|t:|1698533429\n|switch|p1a: Inteleon|Inteleon, M, shiny|100\/100\n|move|p2a: Rich Man|Shadow Ball|p1a: Inteleon\n|-damage|p1a: Inteleon|23\/100\n|\n|upkeep\n|turn|4\n|\n|t:|1698533433\n|move|p2a: Rich Man|Shadow Ball|p1a: Inteleon\n|-damage|p1a: Inteleon|0 fnt\n|faint|p1a: Inteleon\n|\n|upkeep\n|\n|t:|1698533440\n|switch|p1a: Kommo-o|Kommo-o, F, shiny|100\/100\n|turn|5\n|\n|t:|1698533444\n|switch|p2a: Celesteela|Celesteela|100\/100\n|-zpower|p1a: Kommo-o\n|move|p1a: Kommo-o|Clangorous Soulblaze|p2a: Celesteela|[zeffect]\n|-resisted|p2a: Celesteela\n|-damage|p2a: Celesteela|67\/100\n|-boost|p1a: Kommo-o|atk|1\n|-boost|p1a: Kommo-o|def|1\n|-boost|p1a: Kommo-o|spa|1\n|-boost|p1a: Kommo-o|spd|1\n|-boost|p1a: Kommo-o|spe|1\n|\n|upkeep\n|turn|6\n|\n|t:|1698533450\n|move|p1a: Kommo-o|Dragon Claw|p2a: Celesteela\n|-resisted|p2a: Celesteela\n|-damage|p2a: Celesteela|37\/100\n|move|p2a: Celesteela|Autotomize|p2a: Celesteela\n|-boost|p2a: Celesteela|spe|2\n|-start|p2a: Celesteela|Autotomize\n|\n|upkeep\n|turn|7\n|\n|t:|1698533455\n|move|p2a: Celesteela|Flash Cannon|p1a: Kommo-o\n|-damage|p1a: Kommo-o|68\/100\n|move|p1a: Kommo-o|Dragon Claw|p2a: Celesteela\n|-resisted|p2a: Celesteela\n|-damage|p2a: Celesteela|6\/100\n|\n|upkeep\n|turn|8\n|\n|t:|1698533461\n|move|p2a: Celesteela|Flash Cannon|p1a: Kommo-o\n|-damage|p1a: Kommo-o|31\/100\n|move|p1a: Kommo-o|Dragon Claw|p2a: Celesteela\n|-resisted|p2a: Celesteela\n|-crit|p2a: Celesteela\n|-damage|p2a: Celesteela|0 fnt\n|faint|p2a: Celesteela\n|\n|upkeep\n|\n|t:|1698533466\n|switch|p2a: Rich Man|Gholdengo|100\/100\n|turn|9\n|\n|t:|1698533469\n|move|p2a: Rich Man|Make It Rain|p1a: Kommo-o\n|-damage|p1a: Kommo-o|0 fnt\n|-unboost|p2a: Rich Man|spa|1\n|faint|p1a: Kommo-o\n|\n|upkeep\n|\n|t:|1698533472\n|switch|p1a: Cinderace|Cinderace, F, shiny|100\/100\n|turn|10\n|\n|t:|1698533478\n|switch|p2a: Goodra|Goodra-Hisui, M|100\/100\n|move|p1a: Cinderace|Pyro Ball|p2a: Goodra\n|-damage|p2a: Goodra|41\/100\n|\n|-heal|p2a: Goodra|47\/100|[from] item: Leftovers\n|upkeep\n|turn|11\n|\n|t:|1698533482\n|move|p1a: Cinderace|Pyro Ball|p2a: Goodra\n|-damage|p2a: Goodra|0 fnt\n|faint|p2a: Goodra\n|\n|upkeep\n|\n|t:|1698533487\n|switch|p2a: Heatran|Heatran, M|100\/100\n|turn|12\n|\n|t:|1698533492\n|switch|p1a: Kartana|Kartana, shiny|100\/100\n|move|p2a: Heatran|Earth Power|p1a: Kartana\n|-damage|p1a: Kartana|6\/100\n|\n|upkeep\n|turn|13\n|\n|t:|1698533494\n|move|p1a: Kartana|Sacred Sword|p2a: Heatran\n|-supereffective|p2a: Heatran\n|-damage|p2a: Heatran|26\/100\n|move|p2a: Heatran|Earth Power|p1a: Kartana\n|-damage|p1a: Kartana|0 fnt\n|faint|p1a: Kartana\n|\n|upkeep\n|\n|t:|1698533501\n|switch|p1a: Zeraora|Zeraora, shiny|100\/100\n|turn|14\n|\n|t:|1698533509\n|switch|p2a: Scizor|Scizor, F|100\/100\n|move|p1a: Zeraora|Plasma Fists|p2a: Scizor\n|-damage|p2a: Scizor|52\/100\n|-fieldactivate|move: Ion Deluge\n|-hint|Normal-type moves become Electric-type after using Plasma Fists.\n|\n|upkeep\n|turn|15\n|\n|t:|1698533514\n|detailschange|p2a: Scizor|Scizor-Mega, F\n|-mega|p2a: Scizor|Scizor|Scizorite\n|move|p1a: Zeraora|Plasma Fists|p2a: Scizor\n|-damage|p2a: Scizor|18\/100\n|-fieldactivate|move: Ion Deluge\n|-hint|Normal-type moves become Electric-type after using Plasma Fists.\n|move|p2a: Scizor|U-turn|p1a: Zeraora\n|-damage|p1a: Zeraora|30\/100\n|\n|t:|1698533528\n|switch|p2a: Rich Man|Gholdengo|100\/100|[from] U-turn\n|\n|upkeep\n|turn|16\n|\n|t:|1698533530\n|move|p2a: Rich Man|Shadow Ball|p1a: Zeraora\n|-damage|p1a: Zeraora|0 fnt\n|faint|p1a: Zeraora\n|\n|upkeep\n|\n|t:|1698533532\n|switch|p1a: Cinderace|Cinderace, F, shiny|100\/100\n|turn|17\n|\n|t:|1698533538\n|move|p2a: Rich Man|Shadow Ball|p1a: Cinderace\n|-damage|p1a: Cinderace|35\/100\n|move|p1a: Cinderace|Pyro Ball|p2a: Rich Man\n|-supereffective|p2a: Rich Man\n|-damage|p2a: Rich Man|0 fnt\n|faint|p2a: Rich Man\n|\n|upkeep\n|c|\u2606Guj Genera|gg\n|\n|t:|1698533543\n|switch|p2a: Heatran|Heatran, M|26\/100\n|turn|18\n|c|\u2606Guj Genera|U have flash fire dont u\n|\n|t:|1698533565\n|move|p2a: Heatran|Earth Power|p1a: Cinderace\n|-supereffective|p1a: Cinderace\n|-damage|p1a: Cinderace|0 fnt\n|faint|p1a: Cinderace\n|\n|win|Neil278\n|c|\u2606Neil278|GG!\n|c|\u2606Guj Genera|gg\n","uploadtime":1698533570,"views":12,"p1id":"gujgenera","p2id":"neil278","formatid":"gen9nationaldexubers","rating":0,"private":0,"password":""}