{"id":"gen9nationaldexubers-1983613330","p1":"JoanBonesss","p2":"JDTaurus","format":"[Gen 9] National Dex Ubers","log":"|j|\u2606JoanBonesss\n|j|\u2606JDTaurus\n|t:|1699149503\n|gametype|singles\n|player|p1|JoanBonesss|lady-gen4|\n|player|p2|JDTaurus|266|\n|teamsize|p1|6\n|teamsize|p2|6\n|gen|9\n|tier|[Gen 9] National Dex Ubers\n|rule|HP Percentage Mod: HP is shown in percentages\n|rule|Endless Battle Clause: Forcing endless battles is banned\n|rule|OHKO Clause: OHKO moves are banned\n|rule|Evasion Moves Clause: Evasion moves are banned\n|rule|Evasion Items Clause: Evasion items are banned\n|rule|Species Clause: Limit one of each Pok\u00e9mon\n|rule|Sleep Clause Mod: Limit one foe put to sleep\n|rule|Mega Rayquaza Clause: You cannot mega evolve Rayquaza\n|clearpoke\n|poke|p1|Scizor, M|\n|poke|p1|Landorus-Therian, M|\n|poke|p1|Clodsire, M|\n|poke|p1|Chandelure, M|\n|poke|p1|Buzzwole|\n|poke|p1|Breloom, F|\n|poke|p2|Breloom, M|\n|poke|p2|Rotom-Heat|\n|poke|p2|Blissey, F|\n|poke|p2|Gholdengo|\n|poke|p2|Clodsire, M|\n|poke|p2|Reuniclus, F|\n|teampreview\n|j| Completeanimefan\n|j| HarmTurtle\n|c| HarmTurtle|ty for waiting!\n|c| Completeanimefan|Round One: Fight!\n|\n|t:|1699149679\n|start\n|switch|p1a: Slowdown|Clodsire, M|100\/100\n|switch|p2a: Clodsire|Clodsire, M|100\/100\n|turn|1\n|\n|t:|1699149689\n|move|p2a: Clodsire|Spikes|p1a: Slowdown\n|-sidestart|p1: JoanBonesss|Spikes\n|move|p1a: Slowdown|Toxic Spikes|p2a: Clodsire\n|-sidestart|p2: JDTaurus|move: Toxic Spikes\n|\n|upkeep\n|turn|2\n|\n|t:|1699149696\n|move|p2a: Clodsire|Spikes|p1a: Slowdown\n|-sidestart|p1: JoanBonesss|Spikes\n|move|p1a: Slowdown|Counter||[still]\n|-fail|p1a: Slowdown\n|\n|upkeep\n|turn|3\n|\n|t:|1699149701\n|move|p2a: Clodsire|Spikes|p1a: Slowdown\n|-sidestart|p1: JoanBonesss|Spikes\n|move|p1a: Slowdown|Earthquake|p2a: Clodsire\n|-supereffective|p2a: Clodsire\n|-damage|p2a: Clodsire|45\/100\n|\n|upkeep\n|turn|4\n|\n|t:|1699149709\n|move|p2a: Clodsire|Recover|p2a: Clodsire\n|-heal|p2a: Clodsire|95\/100\n|move|p1a: Slowdown|Toxic Spikes|p2a: Clodsire\n|-sidestart|p2: JDTaurus|move: Toxic Spikes\n|\n|upkeep\n|turn|5\n|\n|t:|1699149715\n|move|p2a: Clodsire|Earthquake|p1a: Slowdown\n|-supereffective|p1a: Slowdown\n|-damage|p1a: Slowdown|53\/100\n|move|p1a: Slowdown|Counter|p2a: Clodsire\n|-damage|p2a: Clodsire|12\/100\n|\n|upkeep\n|turn|6\n|\n|t:|1699149749\n|-terastallize|p2a: Clodsire|Dark\n|move|p2a: Clodsire|Recover|p2a: Clodsire\n|-heal|p2a: Clodsire|62\/100\n|move|p1a: Slowdown|Earthquake|p2a: Clodsire\n|-damage|p2a: Clodsire|30\/100\n|\n|upkeep\n|turn|7\n|\n|t:|1699149762\n|move|p2a: Clodsire|Recover|p2a: Clodsire\n|-heal|p2a: Clodsire|80\/100\n|move|p1a: Slowdown|Counter||[still]\n|-fail|p1a: Slowdown\n|\n|upkeep\n|turn|8\n|\n|t:|1699149770\n|move|p2a: Clodsire|Earthquake|p1a: Slowdown\n|-supereffective|p1a: Slowdown\n|-damage|p1a: Slowdown|7\/100\n|move|p1a: Slowdown|Earthquake|p2a: Clodsire\n|-damage|p2a: Clodsire|49\/100\n|\n|upkeep\n|turn|9\n|\n|t:|1699149777\n|move|p2a: Clodsire|Earthquake|p1a: Slowdown\n|-supereffective|p1a: Slowdown\n|-damage|p1a: Slowdown|0 fnt\n|faint|p1a: Slowdown\n|\n|upkeep\n|\n|t:|1699149784\n|switch|p1a: DrainPunchOn3|Breloom, F|100\/100\n|-damage|p1a: DrainPunchOn3|76\/100|[from] Spikes\n|turn|10\n|\n|t:|1699149812\n|switch|p2a: Rotom|Rotom-Heat|100\/100\n|move|p1a: DrainPunchOn3|Mach Punch|p2a: Rotom\n|-damage|p2a: Rotom|54\/100\n|-damage|p1a: DrainPunchOn3|66\/100|[from] item: Life Orb\n|\n|upkeep\n|turn|11\n|\n|t:|1699149829\n|switch|p1a: WeirdF*knCat|Landorus-Therian, M|100\/100\n|-ability|p1a: WeirdF*knCat|Intimidate|boost\n|-unboost|p2a: Rotom|atk|1\n|move|p2a: Rotom|Trick|p1a: WeirdF*knCat\n|-activate|p2a: Rotom|move: Trick|[of] p1a: WeirdF*knCat\n|-item|p1a: WeirdF*knCat|Flame Orb|[from] move: Trick\n|-item|p2a: Rotom|Focus Sash|[from] move: Trick\n|\n|-status|p1a: WeirdF*knCat|brn|[from] item: Flame Orb\n|upkeep\n|turn|12\n|\n|t:|1699149842\n|move|p2a: Rotom|Hex|p1a: WeirdF*knCat\n|-damage|p1a: WeirdF*knCat|64\/100 brn\n|move|p1a: WeirdF*knCat|Knock Off|p2a: Rotom\n|-damage|p2a: Rotom|34\/100\n|-enditem|p2a: Rotom|Focus Sash|[from] move: Knock Off|[of] p1a: WeirdF*knCat\n|\n|-damage|p1a: WeirdF*knCat|58\/100 brn|[from] brn\n|upkeep\n|turn|13\n|\n|t:|1699149853\n|move|p2a: Rotom|Hex|p1a: WeirdF*knCat\n|-damage|p1a: WeirdF*knCat|15\/100 brn\n|move|p1a: WeirdF*knCat|Focus Blast|p2a: Rotom|[miss]\n|-miss|p1a: WeirdF*knCat|p2a: Rotom\n|\n|-damage|p1a: WeirdF*knCat|9\/100 brn|[from] brn\n|upkeep\n|turn|14\n|\n|t:|1699149862\n|move|p2a: Rotom|Night Shade|p1a: WeirdF*knCat\n|-damage|p1a: WeirdF*knCat|0 fnt\n|faint|p1a: WeirdF*knCat\n|\n|upkeep\n|\n|t:|1699149871\n|switch|p1a: HiroiKikuri|Chandelure, M|100\/100\n|-damage|p1a: HiroiKikuri|75\/100|[from] Spikes\n|turn|15\n|\n|t:|1699149879\n|-terastallize|p1a: HiroiKikuri|Fire\n|move|p2a: Rotom|Night Shade|p1a: HiroiKikuri\n|-damage|p1a: HiroiKikuri|40\/100\n|move|p1a: HiroiKikuri|Shadow Ball|p2a: Rotom\n|-damage|p2a: Rotom|0 fnt\n|faint|p2a: Rotom\n|-damage|p1a: HiroiKikuri|30\/100|[from] item: Life Orb\n|\n|upkeep\n|\n|t:|1699149897\n|switch|p2a: Reuniclus|Reuniclus, F|100\/100\n|-status|p2a: Reuniclus|tox\n|turn|16\n|\n|t:|1699149909\n|switch|p1a: Bye|Scizor, M|100\/100\n|-damage|p1a: Bye|76\/100|[from] Spikes\n|move|p2a: Reuniclus|Future Sight|p1a: Bye\n|-start|p2a: Reuniclus|move: Future Sight\n|\n|upkeep\n|turn|17\n|\n|t:|1699149926\n|move|p1a: Bye|U-turn|p2a: Reuniclus\n|-supereffective|p2a: Reuniclus\n|-damage|p2a: Reuniclus|25\/100 tox\n|\n|t:|1699149930\n|switch|p1a: Boomhower|Buzzwole|100\/100|[from] U-turn\n|-damage|p1a: Boomhower|75\/100|[from] Spikes\n|move|p2a: Reuniclus|Flash Cannon|p1a: Boomhower\n|-damage|p1a: Boomhower|33\/100\n|-unboost|p1a: Boomhower|spd|1\n|\n|upkeep\n|turn|18\n|\n|t:|1699149942\n|move|p1a: Boomhower|Drain Punch|p2a: Reuniclus\n|-resisted|p2a: Reuniclus\n|-damage|p2a: Reuniclus|4\/100 tox\n|-heal|p1a: Boomhower|45\/100|[from] drain|[of] p2a: Reuniclus\n|move|p2a: Reuniclus|Flash Cannon|p1a: Boomhower\n|-damage|p1a: Boomhower|0 fnt\n|faint|p1a: Boomhower\n|\n|-hint|Future Sight did not hit because the target is fainted.\n|upkeep\n|\n|t:|1699149950\n|switch|p1a: DrainPunchOn3|Breloom, F|66\/100\n|-damage|p1a: DrainPunchOn3|41\/100|[from] Spikes\n|turn|19\n|\n|t:|1699149965\n|move|p1a: DrainPunchOn3|Mach Punch|p2a: Reuniclus\n|-resisted|p2a: Reuniclus\n|-damage|p2a: Reuniclus|0 fnt\n|faint|p2a: Reuniclus\n|-damage|p1a: DrainPunchOn3|31\/100|[from] item: Life Orb\n|\n|upkeep\n|\n|t:|1699149977\n|switch|p2a: Breloom|Breloom, M|100\/100\n|-status|p2a: Breloom|tox\n|turn|20\n|\n|t:|1699149990\n|move|p1a: DrainPunchOn3|Drain Punch|p2a: Breloom\n|-damage|p2a: Breloom|25\/100 tox\n|-heal|p1a: DrainPunchOn3|77\/100|[from] drain|[of] p2a: Breloom\n|-damage|p1a: DrainPunchOn3|67\/100|[from] item: Life Orb\n|move|p2a: Breloom|Swords Dance|p2a: Breloom\n|-boost|p2a: Breloom|atk|2\n|\n|-heal|p2a: Breloom|37\/100 tox|[from] ability: Poison Heal\n|upkeep\n|turn|21\n|\n|t:|1699150003\n|move|p1a: DrainPunchOn3|Mach Punch|p2a: Breloom\n|-damage|p2a: Breloom|0 fnt\n|faint|p2a: Breloom\n|-damage|p1a: DrainPunchOn3|57\/100|[from] item: Life Orb\n|\n|upkeep\n|\n|t:|1699150028\n|switch|p2a: Blissey|Blissey, F|100\/100\n|-status|p2a: Blissey|tox\n|turn|22\n|\n|t:|1699150039\n|move|p1a: DrainPunchOn3|Spore||[still]\n|-fail|p1a: DrainPunchOn3\n|move|p2a: Blissey|Toxic|p1a: DrainPunchOn3|[miss]\n|-miss|p2a: Blissey|p1a: DrainPunchOn3\n|\n|-damage|p2a: Blissey|94\/100 tox|[from] psn\n|upkeep\n|turn|23\n|\n|t:|1699150055\n|move|p2a: Blissey|Protect|p2a: Blissey\n|-singleturn|p2a: Blissey|Protect\n|move|p1a: DrainPunchOn3|Thunder Punch|p2a: Blissey\n|-activate|p2a: Blissey|move: Protect\n|\n|-damage|p2a: Blissey|82\/100 tox|[from] psn\n|upkeep\n|turn|24\n|\n|t:|1699150073\n|move|p1a: DrainPunchOn3|Drain Punch|p2a: Blissey\n|-supereffective|p2a: Blissey\n|-damage|p2a: Blissey|0 fnt\n|-heal|p1a: DrainPunchOn3|100\/100|[from] drain|[of] p2a: Blissey\n|faint|p2a: Blissey\n|-damage|p1a: DrainPunchOn3|91\/100|[from] item: Life Orb\n|\n|upkeep\n|\n|t:|1699150081\n|switch|p2a: Clodsire|Clodsire, M, tera:Dark|49\/100\n|turn|25\n|\n|t:|1699150089\n|move|p1a: DrainPunchOn3|Mach Punch|p2a: Clodsire\n|-supereffective|p2a: Clodsire\n|-damage|p2a: Clodsire|0 fnt\n|faint|p2a: Clodsire\n|-damage|p1a: DrainPunchOn3|81\/100|[from] item: Life Orb\n|\n|upkeep\n|\n|t:|1699150095\n|switch|p2a: Gholdengo|Gholdengo|100\/100\n|turn|26\n|\n|t:|1699150104\n|move|p1a: DrainPunchOn3|Spore|p2a: Gholdengo\n|-immune|p2a: Gholdengo|[from] ability: Good as Gold\n|move|p2a: Gholdengo|Thunder Wave|p1a: DrainPunchOn3\n|-status|p1a: DrainPunchOn3|par\n|\n|upkeep\n|turn|27\n|\n|t:|1699150126\n|move|p2a: Gholdengo|Hex|p1a: DrainPunchOn3\n|-damage|p1a: DrainPunchOn3|0 fnt\n|faint|p1a: DrainPunchOn3\n|\n|upkeep\n|\n|t:|1699150149\n|switch|p1a: Bye|Scizor, M|76\/100\n|-damage|p1a: Bye|51\/100|[from] Spikes\n|turn|28\n|\n|t:|1699150161\n|move|p1a: Bye|Close Combat|p2a: Gholdengo\n|-immune|p2a: Gholdengo\n|move|p2a: Gholdengo|Thunder Wave|p1a: Bye\n|-status|p1a: Bye|par\n|\n|upkeep\n|turn|29\n|\n|t:|1699150168\n|move|p2a: Gholdengo|Power Gem|p1a: Bye\n|-damage|p1a: Bye|0 fnt\n|faint|p1a: Bye\n|\n|upkeep\n|\n|t:|1699150172\n|switch|p1a: HiroiKikuri|Chandelure, M, tera:Fire|30\/100\n|-damage|p1a: HiroiKikuri|5\/100|[from] Spikes\n|turn|30\n|\n|t:|1699150190\n|move|p2a: Gholdengo|Power Gem|p1a: HiroiKikuri\n|-supereffective|p1a: HiroiKikuri\n|-damage|p1a: HiroiKikuri|0 fnt\n|faint|p1a: HiroiKikuri\n|\n|win|JDTaurus\n","uploadtime":1699150196,"views":7,"p1id":"joanbonesss","p2id":"jdtaurus","formatid":"gen9nationaldexubers","rating":0,"private":0,"password":""}