{"id":"gen9nationaldexubers-1993865990","p1":"burgerking_132","p2":"MorningStar53","format":"[Gen 9] National Dex Ubers","log":"|j|\u2606burgerking_132\n|j|\u2606MorningStar53\n|t:|1700367242\n|gametype|singles\n|player|p1|burgerking_132|169|1340\n|player|p2|MorningStar53|li|1460\n|teamsize|p1|6\n|teamsize|p2|6\n|gen|9\n|tier|[Gen 9] National Dex Ubers\n|rated|\n|rule|HP Percentage Mod: HP is shown in percentages\n|rule|Endless Battle Clause: Forcing endless battles is banned\n|rule|OHKO Clause: OHKO moves are banned\n|rule|Evasion Moves Clause: Evasion moves are banned\n|rule|Evasion Items Clause: Evasion items are banned\n|rule|Species Clause: Limit one of each Pok\u00e9mon\n|rule|Sleep Clause Mod: Limit one foe put to sleep\n|rule|Mega Rayquaza Clause: You cannot mega evolve Rayquaza\n|clearpoke\n|poke|p1|Necrozma-Dusk-Mane|\n|poke|p1|Ho-Oh|\n|poke|p1|Zamazenta-*|\n|poke|p1|Arceus|\n|poke|p1|Mewtwo|\n|poke|p1|Kyogre|\n|poke|p2|Marshadow|\n|poke|p2|Arceus-Water|\n|poke|p2|Xerneas-*|\n|poke|p2|Yveltal|\n|poke|p2|Groudon|\n|poke|p2|Magearna|\n|teampreview\n|\n|t:|1700367269\n|start\n|switch|p1a: Kyogre|Kyogre|100\/100\n|switch|p2a: Yveltal|Yveltal|100\/100\n|-ability|p2a: Yveltal|Dark Aura\n|detailschange|p1a: Kyogre|Kyogre-Primal\n|-primal|p1a: Kyogre|Blue Orb\n|-weather|PrimordialSea|[from] ability: Primordial Sea|[of] p1a: Kyogre\n|turn|1\n|\n|t:|1700367287\n|switch|p2a: Groudon|Groudon|100\/100\n|detailschange|p2a: Groudon|Groudon-Primal\n|-primal|p2a: Groudon|Red Orb\n|-weather|DesolateLand|[from] ability: Desolate Land|[of] p2a: Groudon\n|move|p1a: Kyogre|Liquidation||[still]\n|-fail|p1a: Kyogre|Liquidation|[from] Desolate Land\n|\n|-weather|DesolateLand|[upkeep]\n|upkeep\n|turn|2\n|\n|t:|1700367303\n|move|p2a: Groudon|Rock Polish|p2a: Groudon\n|-boost|p2a: Groudon|spe|2\n|move|p1a: Kyogre|Ice Beam|p2a: Groudon\n|-damage|p2a: Groudon|59\/100\n|\n|-weather|DesolateLand|[upkeep]\n|upkeep\n|turn|3\n|\n|t:|1700367310\n|move|p2a: Groudon|Hone Claws|p2a: Groudon\n|-boost|p2a: Groudon|atk|1\n|-boost|p2a: Groudon|accuracy|1\n|move|p1a: Kyogre|Ice Beam|p2a: Groudon\n|-damage|p2a: Groudon|10\/100\n|\n|-weather|DesolateLand|[upkeep]\n|upkeep\n|turn|4\n|j| SKTT1 GUMAYUSI\n|\n|t:|1700367319\n|move|p2a: Groudon|Precipice Blades|p1a: Kyogre\n|-damage|p1a: Kyogre|0 fnt\n|faint|p1a: Kyogre\n|\n|-weather|DesolateLand|[upkeep]\n|upkeep\n|\n|t:|1700367325\n|switch|p1a: Arceus|Arceus|100\/100\n|turn|5\n|\n|t:|1700367330\n|move|p1a: Arceus|Extreme Speed|p2a: Groudon\n|-damage|p2a: Groudon|0 fnt\n|faint|p2a: Groudon\n|-weather|none\n|\n|upkeep\n|\n|t:|1700367339\n|switch|p2a: Yveltal|Yveltal|100\/100\n|-ability|p2a: Yveltal|Dark Aura\n|turn|6\n|\n|t:|1700367349\n|-terastallize|p2a: Yveltal|Dark\n|move|p1a: Arceus|Swords Dance|p1a: Arceus\n|-boost|p1a: Arceus|atk|2\n|move|p2a: Yveltal|Dark Pulse|p1a: Arceus\n|-damage|p1a: Arceus|25\/100\n|\n|upkeep\n|turn|7\n|\n|t:|1700367361\n|move|p1a: Arceus|Extreme Speed|p2a: Yveltal\n|-damage|p2a: Yveltal|0 fnt\n|faint|p2a: Yveltal\n|\n|upkeep\n|\n|t:|1700367374\n|switch|p2a: Magearna|Magearna|100\/100\n|turn|8\n|\n|t:|1700367407\n|move|p1a: Arceus|Extreme Speed|p2a: Magearna\n|-resisted|p2a: Magearna\n|-damage|p2a: Magearna|60\/100\n|move|p2a: Magearna|Volt Switch|p1a: Arceus\n|-damage|p1a: Arceus|10\/100\n|\n|t:|1700367428\n|switch|p2a: Marshadow|Marshadow|100\/100|[from] Volt Switch\n|\n|upkeep\n|turn|9\n|\n|t:|1700367439\n|-terastallize|p1a: Arceus|Ghost\n|move|p2a: Marshadow|Ice Punch|p1a: Arceus\n|-damage|p1a: Arceus|0 fnt\n|faint|p1a: Arceus\n|\n|upkeep\n|\n|t:|1700367464\n|switch|p1a: Necrozma|Necrozma-Dusk-Mane|100\/100\n|turn|10\n|\n|t:|1700367487\n|move|p2a: Marshadow|Spectral Thief|p1a: Necrozma\n|-supereffective|p1a: Necrozma\n|-damage|p1a: Necrozma|42\/100\n|move|p1a: Necrozma|Photon Geyser|p2a: Marshadow\n|-supereffective|p2a: Marshadow\n|-enditem|p2a: Marshadow|Focus Sash\n|-damage|p2a: Marshadow|1\/100\n|\n|upkeep\n|turn|11\n|\n|t:|1700367500\n|detailschange|p1a: Necrozma|Necrozma-Ultra\n|-burst|p1a: Necrozma|Necrozma|Ultranecrozium Z\n|move|p1a: Necrozma|Sunsteel Strike|p2a: Marshadow\n|-damage|p2a: Marshadow|0 fnt\n|faint|p2a: Marshadow\n|\n|upkeep\n|\n|t:|1700367511\n|switch|p2a: Arceus|Arceus-Water|100\/100\n|turn|12\n|\n|t:|1700367516\n|switch|p2a: Magearna|Magearna|60\/100\n|-zpower|p1a: Necrozma\n|move|p1a: Necrozma|Light That Burns the Sky|p2a: Magearna|[zeffect]\n|-resisted|p2a: Magearna\n|-damage|p2a: Magearna|12\/100\n|\n|upkeep\n|turn|13\n|\n|t:|1700367527\n|move|p1a: Necrozma|Dragon Dance|p1a: Necrozma\n|-boost|p1a: Necrozma|atk|1\n|-boost|p1a: Necrozma|spe|1\n|move|p2a: Magearna|Fleur Cannon|p1a: Necrozma\n|-supereffective|p1a: Necrozma\n|-damage|p1a: Necrozma|0 fnt\n|-unboost|p2a: Magearna|spa|2\n|faint|p1a: Necrozma\n|-ability|p2a: Magearna|Soul-Heart|boost\n|-boost|p2a: Magearna|spa|1\n|\n|upkeep\n|\n|t:|1700367537\n|switch|p1a: Mewtwo|Mewtwo|100\/100\n|-ability|p1a: Mewtwo|Pressure\n|turn|14\n|\n|t:|1700367545\n|detailschange|p1a: Mewtwo|Mewtwo-Mega-Y\n|-mega|p1a: Mewtwo|Mewtwo|Mewtwonite Y\n|move|p1a: Mewtwo|Nasty Plot|p1a: Mewtwo\n|-boost|p1a: Mewtwo|spa|2\n|move|p2a: Magearna|Fleur Cannon|p1a: Mewtwo\n|-damage|p1a: Mewtwo|73\/100\n|-unboost|p2a: Magearna|spa|2\n|\n|upkeep\n|turn|15\n|\n|t:|1700367560\n|switch|p2a: Arceus|Arceus-Water|100\/100\n|move|p1a: Mewtwo|Psystrike|p2a: Arceus\n|-damage|p2a: Arceus|7\/100\n|\n|upkeep\n|turn|16\n|\n|t:|1700367566\n|move|p1a: Mewtwo|Psychic|p2a: Arceus\n|-damage|p2a: Arceus|0 fnt\n|faint|p2a: Arceus\n|\n|upkeep\n|\n|t:|1700367572\n|switch|p2a: Magearna|Magearna|12\/100\n|turn|17\n|\n|t:|1700367576\n|move|p1a: Mewtwo|Psystrike|p2a: Magearna\n|-resisted|p2a: Magearna\n|-damage|p2a: Magearna|0 fnt\n|faint|p2a: Magearna\n|\n|upkeep\n|\n|t:|1700367581\n|switch|p2a: Xerneas|Xerneas|100\/100\n|-ability|p2a: Xerneas|Fairy Aura\n|turn|18\n|\n|t:|1700367588\n|move|p1a: Mewtwo|Psystrike|p2a: Xerneas\n|-damage|p2a: Xerneas|0 fnt\n|faint|p2a: Xerneas\n|\n|win|burgerking_132\n|raw|burgerking_132's rating: 1340 &rarr; <strong>1367<\/strong><br \/>(+27 for winning)\n|raw|MorningStar53's rating: 1460 &rarr; <strong>1433<\/strong><br \/>(-27 for losing)\n|l|\u2606MorningStar53\n","uploadtime":1700367605,"views":7,"p1id":"burgerking132","p2id":"morningstar53","formatid":"gen9nationaldexubers","rating":1367,"private":0,"password":""}