{"id":"gen9nationaldexubers-1979632195","p1":"MannyManati","p2":"Please let gg","format":"[Gen 9] National Dex Ubers","log":"|j|\u2606MannyManati\n|j|\u2606Please let gg\n|t:|1698698335\n|gametype|singles\n|player|p1|MannyManati|170|1050\n|player|p2|Please let gg|2|1076\n|teamsize|p1|6\n|teamsize|p2|6\n|gen|9\n|tier|[Gen 9] National Dex Ubers\n|rated|\n|rule|HP Percentage Mod: HP is shown in percentages\n|rule|Endless Battle Clause: Forcing endless battles is banned\n|rule|OHKO Clause: OHKO moves are banned\n|rule|Evasion Moves Clause: Evasion moves are banned\n|rule|Evasion Items Clause: Evasion items are banned\n|rule|Species Clause: Limit one of each Pok\u00e9mon\n|rule|Sleep Clause Mod: Limit one foe put to sleep\n|rule|Mega Rayquaza Clause: You cannot mega evolve Rayquaza\n|clearpoke\n|poke|p1|Darmanitan-Galar, F|\n|poke|p1|Roaring Moon|\n|poke|p1|Melmetal|\n|poke|p1|Victini|\n|poke|p1|Charizard, M|\n|poke|p1|Lopunny, M|\n|poke|p2|Lugia|\n|poke|p2|Venusaur, F|\n|poke|p2|Urshifu-*, F|\n|poke|p2|Darmanitan, M|\n|poke|p2|Dragapult, F|\n|poke|p2|Magearna|\n|teampreview\n|l|\u2606MannyManati\n|player|p1|\n|j|\u2606MannyManati\n|player|p1|MannyManati|170\n|\n|t:|1698698407\n|start\n|switch|p1a: Lopunny|Lopunny, M|100\/100\n|switch|p2a: Dragapult|Dragapult, F|100\/100\n|turn|1\n|\n|t:|1698698419\n|move|p1a: Lopunny|Switcheroo|p2a: Dragapult\n|-activate|p1a: Lopunny|move: Trick|[of] p2a: Dragapult\n|-item|p2a: Dragapult|Flame Orb|[from] move: Switcheroo\n|-item|p1a: Lopunny|Life Orb|[from] move: Switcheroo\n|move|p2a: Dragapult|Dragon Dance|p2a: Dragapult\n|-boost|p2a: Dragapult|atk|1\n|-boost|p2a: Dragapult|spe|1\n|\n|-status|p2a: Dragapult|brn|[from] item: Flame Orb\n|upkeep\n|turn|2\n|\n|t:|1698698429\n|move|p2a: Dragapult|Dragon Darts|p1a: Lopunny\n|-damage|p1a: Lopunny|81\/100\n|-anim|p2a: Dragapult|Dragon Darts|p1a: Lopunny\n|-damage|p1a: Lopunny|60\/100\n|move|p1a: Lopunny|U-turn|p2a: Dragapult\n|-resisted|p2a: Dragapult\n|-damage|p2a: Dragapult|93\/100 brn\n|\n|t:|1698698443\n|switch|p1a: Charizard|Charizard, M|100\/100|[from] U-turn\n|\n|-damage|p2a: Dragapult|87\/100 brn|[from] brn\n|upkeep\n|turn|3\n|\n|t:|1698698451\n|detailschange|p1a: Charizard|Charizard-Mega-X, M\n|-mega|p1a: Charizard|Charizard|Charizardite X\n|move|p2a: Dragapult|Dragon Darts|p1a: Charizard\n|-supereffective|p1a: Charizard\n|-damage|p1a: Charizard|64\/100\n|-anim|p2a: Dragapult|Dragon Darts|p1a: Charizard\n|-supereffective|p1a: Charizard\n|-crit|p1a: Charizard\n|-damage|p1a: Charizard|5\/100\n|move|p1a: Charizard|Dragon Claw|p2a: Dragapult\n|-supereffective|p2a: Dragapult\n|-damage|p2a: Dragapult|0 fnt\n|faint|p2a: Dragapult\n|\n|upkeep\n|\n|t:|1698698464\n|switch|p2a: Darmanitan|Darmanitan, M|100\/100\n|turn|4\n|\n|t:|1698698472\n|move|p2a: Darmanitan|Zen Headbutt|p1a: Charizard\n|-damage|p1a: Charizard|0 fnt\n|faint|p1a: Charizard\n|\n|upkeep\n|\n|t:|1698698484\n|switch|p1a: Melmetal|Melmetal|100\/100\n|turn|5\n|\n|t:|1698698491\n|switch|p2a: Venusaur|Venusaur, F|100\/100\n|move|p1a: Melmetal|Earthquake|p2a: Venusaur\n|-damage|p2a: Venusaur|62\/100\n|\n|upkeep\n|turn|6\n|\n|t:|1698698498\n|detailschange|p2a: Venusaur|Venusaur-Mega, F\n|-mega|p2a: Venusaur|Venusaur|Venusaurite\n|move|p2a: Venusaur|Earth Power|p1a: Melmetal\n|-supereffective|p1a: Melmetal\n|-damage|p1a: Melmetal|75\/100\n|move|p1a: Melmetal|Ice Punch|p2a: Venusaur\n|-supereffective|p2a: Venusaur\n|-damage|p2a: Venusaur|38\/100\n|\n|upkeep\n|turn|7\n|\n|t:|1698698509\n|move|p2a: Venusaur|Petal Blizzard|p1a: Melmetal\n|-resisted|p1a: Melmetal\n|-damage|p1a: Melmetal|66\/100\n|move|p1a: Melmetal|Ice Punch|p2a: Venusaur\n|-supereffective|p2a: Venusaur\n|-damage|p2a: Venusaur|12\/100\n|\n|upkeep\n|turn|8\n|\n|t:|1698698517\n|move|p2a: Venusaur|Sleep Powder|p1a: Melmetal\n|-status|p1a: Melmetal|slp|[from] move: Sleep Powder\n|cant|p1a: Melmetal|slp\n|\n|upkeep\n|turn|9\n|\n|t:|1698698522\n|move|p2a: Venusaur|Earth Power|p1a: Melmetal\n|-supereffective|p1a: Melmetal\n|-damage|p1a: Melmetal|37\/100 slp\n|cant|p1a: Melmetal|slp\n|\n|upkeep\n|turn|10\n|\n|t:|1698698528\n|move|p2a: Venusaur|Earth Power|p1a: Melmetal\n|-supereffective|p1a: Melmetal\n|-damage|p1a: Melmetal|11\/100 slp\n|-curestatus|p1a: Melmetal|slp|[msg]\n|move|p1a: Melmetal|Ice Punch|p2a: Venusaur\n|-supereffective|p2a: Venusaur\n|-damage|p2a: Venusaur|0 fnt\n|faint|p2a: Venusaur\n|\n|upkeep\n|\n|t:|1698698538\n|switch|p2a: Darmanitan|Darmanitan, M|100\/100\n|turn|11\n|\n|t:|1698698542\n|-terastallize|p2a: Darmanitan|Fire\n|move|p2a: Darmanitan|Fire Punch|p1a: Melmetal\n|-supereffective|p1a: Melmetal\n|-damage|p1a: Melmetal|0 fnt\n|faint|p1a: Melmetal\n|\n|upkeep\n|\n|t:|1698698555\n|switch|p1a: Lopunny|Lopunny, M|60\/100\n|turn|12\n|\n|t:|1698698560\n|move|p1a: Lopunny|Fake Out|p2a: Darmanitan\n|-damage|p2a: Darmanitan|86\/100\n|cant|p2a: Darmanitan|flinch\n|\n|upkeep\n|turn|13\n|\n|t:|1698698569\n|move|p2a: Darmanitan|Fire Punch|p1a: Lopunny\n|-damage|p1a: Lopunny|0 fnt\n|faint|p1a: Lopunny\n|\n|upkeep\n|\n|t:|1698698572\n|switch|p1a: Roaring Moon|Roaring Moon|100\/100\n|-enditem|p1a: Roaring Moon|Booster Energy\n|-activate|p1a: Roaring Moon|ability: Protosynthesis|[fromitem]\n|-start|p1a: Roaring Moon|protosynthesisatk\n|turn|14\n|\n|t:|1698698581\n|-terastallize|p1a: Roaring Moon|Dragon\n|move|p1a: Roaring Moon|Acrobatics|p2a: Darmanitan\n|-damage|p2a: Darmanitan|18\/100\n|move|p2a: Darmanitan|Fire Punch|p1a: Roaring Moon\n|-resisted|p1a: Roaring Moon\n|-damage|p1a: Roaring Moon|60\/100\n|\n|upkeep\n|turn|15\n|\n|t:|1698698590\n|move|p2a: Darmanitan|Fire Punch|p1a: Roaring Moon\n|-resisted|p1a: Roaring Moon\n|-damage|p1a: Roaring Moon|18\/100\n|move|p1a: Roaring Moon|Acrobatics|p2a: Darmanitan\n|-damage|p2a: Darmanitan|0 fnt\n|faint|p2a: Darmanitan\n|\n|upkeep\n|\n|t:|1698698598\n|switch|p2a: Urshifu|Urshifu, F|100\/100\n|turn|16\n|\n|t:|1698698610\n|move|p1a: Roaring Moon|Acrobatics|p2a: Urshifu\n|-supereffective|p2a: Urshifu\n|-damage|p2a: Urshifu|1\/100\n|move|p2a: Urshifu|Close Combat|p1a: Roaring Moon\n|-damage|p1a: Roaring Moon|0 fnt\n|-unboost|p2a: Urshifu|def|1\n|-unboost|p2a: Urshifu|spd|1\n|faint|p1a: Roaring Moon\n|-end|p1a: Roaring Moon|Protosynthesis|[silent]\n|\n|upkeep\n|\n|t:|1698698615\n|switch|p1a: Victini|Victini|100\/100\n|turn|17\n|\n|t:|1698698623\n|move|p1a: Victini|Bolt Strike|p2a: Urshifu\n|-damage|p2a: Urshifu|0 fnt\n|faint|p2a: Urshifu\n|\n|upkeep\n|\n|t:|1698698628\n|switch|p2a: Magearna|Magearna|100\/100\n|turn|18\n|\n|t:|1698698653\n|move|p1a: Victini|Bolt Strike|p2a: Magearna\n|-damage|p2a: Magearna|54\/100\n|move|p2a: Magearna|Fleur Cannon|p1a: Victini\n|-resisted|p1a: Victini\n|-crit|p1a: Victini\n|-damage|p1a: Victini|52\/100\n|-unboost|p2a: Magearna|spa|2\n|\n|upkeep\n|turn|19\n|\n|t:|1698698661\n|move|p1a: Victini|Bolt Strike|p2a: Magearna\n|-damage|p2a: Magearna|7\/100\n|move|p2a: Magearna|Fleur Cannon|p1a: Victini\n|-resisted|p1a: Victini\n|-damage|p1a: Victini|36\/100\n|-unboost|p2a: Magearna|spa|2\n|\n|upkeep\n|turn|20\n|\n|t:|1698698670\n|move|p1a: Victini|Bolt Strike|p2a: Magearna\n|-damage|p2a: Magearna|0 fnt\n|faint|p2a: Magearna\n|\n|upkeep\n|\n|t:|1698698675\n|switch|p2a: Lugia|Lugia|100\/100\n|turn|21\n|\n|t:|1698698681\n|move|p1a: Victini|Bolt Strike|p2a: Lugia\n|-supereffective|p2a: Lugia\n|-damage|p2a: Lugia|65\/100\n|move|p2a: Lugia|Aeroblast|p1a: Victini\n|-damage|p1a: Victini|0 fnt\n|faint|p1a: Victini\n|\n|-heal|p2a: Lugia|71\/100|[from] item: Leftovers\n|upkeep\n|\n|t:|1698698684\n|switch|p1a: Darmanitan|Darmanitan-Galar, F|100\/100\n|turn|22\n|\n|t:|1698698693\n|move|p1a: Darmanitan|Belly Drum|p1a: Darmanitan\n|-damage|p1a: Darmanitan|50\/100\n|-setboost|p1a: Darmanitan|atk|6|[from] move: Belly Drum\n|-enditem|p1a: Darmanitan|Sitrus Berry|[eat]\n|-heal|p1a: Darmanitan|75\/100|[from] item: Sitrus Berry\n|move|p2a: Lugia|Recover|p2a: Lugia\n|-heal|p2a: Lugia|100\/100\n|\n|upkeep\n|turn|23\n|\n|t:|1698698703\n|move|p1a: Darmanitan|Icicle Crash|p2a: Lugia\n|-supereffective|p2a: Lugia\n|-crit|p2a: Lugia\n|-damage|p2a: Lugia|0 fnt\n|faint|p2a: Lugia\n|\n|win|MannyManati\n|raw|MannyManati's rating: 1078 &rarr; <strong>1106<\/strong><br \/>(+28 for winning)\n|raw|Please let gg's rating: 1076 &rarr; <strong>1055<\/strong><br \/>(-21 for losing)\n|c|\u2606MannyManati|Gg\n|l|\u2606Please let gg\n|l|\u2606MannyManati\n|j|\u2606MannyManati\n|player|p1|MannyManati|170\n","uploadtime":1698698747,"views":8,"p1id":"mannymanati","p2id":"pleaseletgg","formatid":"gen9nationaldexubers","rating":1055,"private":0,"password":""}