{"id":"gen9nationaldexubers-1981708204","p1":"ILikeSalads","p2":"Destinum","format":"[Gen 9] National Dex Ubers","log":"|j|\u2606ILikeSalads\n|j|\u2606Destinum\n|t:|1698935480\n|gametype|singles\n|player|p1|ILikeSalads|bugsy|\n|player|p2|Destinum|colress|\n|teamsize|p1|6\n|teamsize|p2|6\n|gen|9\n|tier|[Gen 9] National Dex Ubers\n|rule|HP Percentage Mod: HP is shown in percentages\n|rule|Endless Battle Clause: Forcing endless battles is banned\n|rule|OHKO Clause: OHKO moves are banned\n|rule|Evasion Moves Clause: Evasion moves are banned\n|rule|Evasion Items Clause: Evasion items are banned\n|rule|Species Clause: Limit one of each Pok\u00e9mon\n|rule|Sleep Clause Mod: Limit one foe put to sleep\n|rule|Mega Rayquaza Clause: You cannot mega evolve Rayquaza\n|clearpoke\n|poke|p1|Scizor, F|\n|poke|p1|Skeledirge, M|\n|poke|p1|Hydreigon, F|\n|poke|p1|Corviknight, F|\n|poke|p1|Zeraora|\n|poke|p1|Cramorant, F|\n|poke|p2|Ninetales-Alola, F|\n|poke|p2|Cetitan, M|\n|poke|p2|Darmanitan-Galar, M|\n|poke|p2|Baxcalibur, M|\n|poke|p2|Piloswine, M|\n|poke|p2|Articuno|\n|teampreview\n|c|\u2606ILikeSalads|glhf\n|c|\u2606ILikeSalads|tera electric cram\n|c|\u2606Destinum|Based.\n|j| ArcticIzagi\n|\n|t:|1698935511\n|start\n|switch|p1a: Montgomery Gator|Skeledirge, M|100\/100\n|switch|p2a: I Choose Violence|Darmanitan-Galar, M|100\/100\n|turn|1\n|\n|t:|1698935526\n|switch|p1a: john|Corviknight, F|100\/100\n|-ability|p1a: john|Pressure\n|move|p2a: I Choose Violence|U-turn|p1a: john\n|-resisted|p1a: john\n|-damage|p1a: john|95\/100\n|-damage|p2a: I Choose Violence|84\/100|[from] item: Rocky Helmet|[of] p1a: john\n|\n|t:|1698935540\n|switch|p2a: Let It Go|Ninetales-Alola, F|100\/100|[from] U-turn\n|-weather|Snow|[from] ability: Snow Warning|[of] p2a: Let It Go\n|\n|-weather|Snow|[upkeep]\n|upkeep\n|turn|2\n|\n|t:|1698935543\n|move|p2a: Let It Go|Aurora Veil|p2a: Let It Go\n|-sidestart|p2: Destinum|move: Aurora Veil\n|move|p1a: john|Defog|p2a: Let It Go\n|-unboost|p2a: Let It Go|evasion|1\n|-sideend|p2: Destinum|move: Aurora Veil\n|\n|-weather|Snow|[upkeep]\n|upkeep\n|turn|3\n|\n|t:|1698935549\n|move|p2a: Let It Go|Encore|p1a: john\n|-start|p1a: john|Encore\n|move|p1a: john|Defog|p2a: Let It Go\n|-unboost|p2a: Let It Go|evasion|1\n|\n|-weather|Snow|[upkeep]\n|upkeep\n|turn|4\n|\n|t:|1698935555\n|move|p2a: Let It Go|Aurora Veil|p2a: Let It Go\n|-sidestart|p2: Destinum|move: Aurora Veil\n|move|p1a: john|Defog|p2a: Let It Go\n|-unboost|p2a: Let It Go|evasion|1\n|-sideend|p2: Destinum|move: Aurora Veil\n|\n|-weather|Snow|[upkeep]\n|upkeep\n|turn|5\n|c|\u2606ILikeSalads|nuh uh\n|\n|t:|1698935565\n|switch|p2a: I Choose Violence|Darmanitan-Galar, M|84\/100\n|switch|p1a: The Hollow Knight|Scizor, F|100\/100\n|\n|-weather|none\n|upkeep\n|turn|6\n|\n|t:|1698935568\n|detailschange|p1a: The Hollow Knight|Scizor-Mega, F\n|-mega|p1a: The Hollow Knight|Scizor|Scizorite\n|move|p1a: The Hollow Knight|Bullet Punch|p2a: I Choose Violence\n|-supereffective|p2a: I Choose Violence\n|-damage|p2a: I Choose Violence|0 fnt\n|faint|p2a: I Choose Violence\n|\n|upkeep\n|\n|t:|1698935608\n|switch|p2a: Let It Go|Ninetales-Alola, F|100\/100\n|-weather|Snow|[from] ability: Snow Warning|[of] p2a: Let It Go\n|turn|7\n|\n|t:|1698935611\n|move|p1a: The Hollow Knight|Bullet Punch|p2a: Let It Go\n|-supereffective|p2a: Let It Go\n|-damage|p2a: Let It Go|0 fnt\n|faint|p2a: Let It Go\n|\n|-weather|Snow|[upkeep]\n|upkeep\n|\n|t:|1698935613\n|switch|p2a: Moby Thicc|Cetitan, M|100\/100\n|turn|8\n|\n|t:|1698935620\n|move|p2a: Moby Thicc|Earthquake|p1a: The Hollow Knight\n|-damage|p1a: The Hollow Knight|76\/100\n|move|p1a: The Hollow Knight|Lunge|p2a: Moby Thicc\n|-damage|p2a: Moby Thicc|65\/100\n|-unboost|p2a: Moby Thicc|atk|1\n|\n|-weather|Snow|[upkeep]\n|upkeep\n|turn|9\n|\n|t:|1698935633\n|move|p2a: Moby Thicc|Icicle Crash|p1a: The Hollow Knight\n|-resisted|p1a: The Hollow Knight\n|-damage|p1a: The Hollow Knight|67\/100\n|move|p1a: The Hollow Knight|Swords Dance|p1a: The Hollow Knight\n|-boost|p1a: The Hollow Knight|atk|2\n|\n|-weather|Snow|[upkeep]\n|upkeep\n|turn|10\n|-message|Destinum forfeited.\n|\n|win|ILikeSalads\n","uploadtime":1698935650,"views":9,"p1id":"ilikesalads","p2id":"destinum","formatid":"gen9nationaldexubers","rating":0,"private":0,"password":""}