{"id":"gen9nationaldexubers-1993541563","p1":"Honningborgen","p2":"shintales","format":"[Gen 9] National Dex Ubers","log":"|j|\u2606Honningborgen\n|j|\u2606shintales\n|t:|1700329771\n|gametype|singles\n|player|p1|Honningborgen|pokekid|1325\n|player|p2|shintales|102|1258\n|teamsize|p1|6\n|teamsize|p2|6\n|gen|9\n|tier|[Gen 9] National Dex Ubers\n|rated|\n|rule|HP Percentage Mod: HP is shown in percentages\n|rule|Endless Battle Clause: Forcing endless battles is banned\n|rule|OHKO Clause: OHKO moves are banned\n|rule|Evasion Moves Clause: Evasion moves are banned\n|rule|Evasion Items Clause: Evasion items are banned\n|rule|Species Clause: Limit one of each Pok\u00e9mon\n|rule|Sleep Clause Mod: Limit one foe put to sleep\n|rule|Mega Rayquaza Clause: You cannot mega evolve Rayquaza\n|clearpoke\n|poke|p1|Gengar, M|\n|poke|p1|Clefable, F|\n|poke|p1|Ho-Oh|\n|poke|p1|Fearow, M|\n|poke|p1|Snorlax, M|\n|poke|p1|Great Tusk|\n|poke|p2|Mewtwo|\n|poke|p2|Mew|\n|poke|p2|Zapdos|\n|poke|p2|Moltres|\n|poke|p2|Articuno|\n|poke|p2|Arcanine, M|\n|teampreview\n|inactive|Battle timer is ON: inactive players will automatically lose when time's up. (requested by shintales)\n|\n|t:|1700329804\n|start\n|switch|p1a: Fearow|Fearow, M|100\/100\n|switch|p2a: Zapdos|Zapdos|100\/100\n|turn|1\n|\n|t:|1700329813\n|switch|p1a: Snorlax|Snorlax, M|100\/100\n|move|p2a: Zapdos|Hurricane|p1a: Snorlax\n|-damage|p1a: Snorlax|81\/100\n|\n|upkeep\n|turn|2\n|\n|t:|1700329821\n|move|p2a: Zapdos|Volt Switch|p1a: Snorlax\n|-damage|p1a: Snorlax|69\/100\n|\n|t:|1700329824\n|switch|p2a: Arcanine|Arcanine, M|100\/100|[from] Volt Switch\n|-ability|p2a: Arcanine|Intimidate|boost\n|-unboost|p1a: Snorlax|atk|1\n|move|p1a: Snorlax|Body Slam|p2a: Arcanine\n|-damage|p2a: Arcanine|85\/100\n|-status|p2a: Arcanine|par\n|-damage|p1a: Snorlax|52\/100|[from] item: Rocky Helmet|[of] p2a: Arcanine\n|\n|upkeep\n|turn|3\n|\n|t:|1700329843\n|cant|p2a: Arcanine|par\n|move|p1a: Snorlax|Rest|p1a: Snorlax\n|-status|p1a: Snorlax|slp|[from] move: Rest\n|-heal|p1a: Snorlax|100\/100 slp|[silent]\n|-enditem|p1a: Snorlax|Chesto Berry|[eat]\n|-curestatus|p1a: Snorlax|slp|[msg]\n|\n|upkeep\n|turn|4\n|\n|t:|1700329855\n|move|p2a: Arcanine|Will-O-Wisp|p1a: Snorlax\n|-status|p1a: Snorlax|brn\n|move|p1a: Snorlax|Curse|p1a: Snorlax\n|-unboost|p1a: Snorlax|spe|1\n|-boost|p1a: Snorlax|atk|1\n|-boost|p1a: Snorlax|def|1\n|\n|-damage|p1a: Snorlax|94\/100 brn|[from] brn\n|upkeep\n|turn|5\n|inactive|Honningborgen has 120 seconds left.\n|\n|t:|1700329893\n|switch|p2a: Mewtwo|Mewtwo|100\/100\n|-ability|p2a: Mewtwo|Pressure\n|move|p1a: Snorlax|Curse|p1a: Snorlax\n|-unboost|p1a: Snorlax|spe|1\n|-boost|p1a: Snorlax|atk|1\n|-boost|p1a: Snorlax|def|1\n|\n|-damage|p1a: Snorlax|88\/100 brn|[from] brn\n|upkeep\n|turn|6\n|\n|t:|1700329910\n|detailschange|p2a: Mewtwo|Mewtwo-Mega-Y\n|-mega|p2a: Mewtwo|Mewtwo|Mewtwonite Y\n|move|p2a: Mewtwo|Focus Blast|p1a: Snorlax|[miss]\n|-miss|p2a: Mewtwo|p1a: Snorlax\n|move|p1a: Snorlax|Crunch|p2a: Mewtwo\n|-supereffective|p2a: Mewtwo\n|-damage|p2a: Mewtwo|67\/100\n|\n|-damage|p1a: Snorlax|82\/100 brn|[from] brn\n|upkeep\n|turn|7\n|inactive|Honningborgen has 120 seconds left.\n|\n|t:|1700329927\n|-terastallize|p1a: Snorlax|Fairy\n|move|p2a: Mewtwo|Focus Blast|p1a: Snorlax|[miss]\n|-miss|p2a: Mewtwo|p1a: Snorlax\n|move|p1a: Snorlax|Rest|p1a: Snorlax\n|-status|p1a: Snorlax|slp|[from] move: Rest\n|-heal|p1a: Snorlax|100\/100 slp|[silent]\n|\n|upkeep\n|turn|8\n|inactive|shintales has 120 seconds left.\n|\n|t:|1700329963\n|switch|p2a: Arcanine|Arcanine, M|85\/100 par\n|-ability|p2a: Arcanine|Intimidate|boost\n|-unboost|p1a: Snorlax|atk|1\n|cant|p1a: Snorlax|slp\n|\n|upkeep\n|turn|9\n|\n|t:|1700329970\n|cant|p1a: Snorlax|slp\n|move|p2a: Arcanine|Roar|p1a: Snorlax\n|drag|p1a: Ho-Oh|Ho-Oh|100\/100\n|\n|upkeep\n|turn|10\n|\n|t:|1700329989\n|switch|p1a: Snorlax|Snorlax, M, tera:Fairy|100\/100 slp\n|move|p2a: Arcanine|Roar|p1a: Snorlax\n|drag|p1a: Clefable|Clefable, F|100\/100\n|\n|upkeep\n|turn|11\n|\n|t:|1700329998\n|switch|p2a: Mewtwo|Mewtwo-Mega-Y|67\/100\n|move|p1a: Clefable|Stealth Rock|p2a: Mewtwo\n|-sidestart|p2: shintales|move: Stealth Rock\n|\n|upkeep\n|turn|12\n|inactive|shintales has 120 seconds left.\n|\n|t:|1700330006\n|switch|p1a: Snorlax|Snorlax, M, tera:Fairy|100\/100 slp\n|move|p2a: Mewtwo|Nasty Plot|p2a: Mewtwo\n|-boost|p2a: Mewtwo|spa|2\n|\n|upkeep\n|turn|13\n|\n|t:|1700330015\n|switch|p1a: Clefable|Clefable, F|100\/100\n|move|p2a: Mewtwo|Psystrike|p1a: Clefable\n|-damage|p1a: Clefable|47\/100\n|\n|-heal|p1a: Clefable|53\/100|[from] item: Leftovers\n|upkeep\n|turn|14\n|\n|t:|1700330023\n|move|p2a: Mewtwo|Psystrike|p1a: Clefable\n|-damage|p1a: Clefable|2\/100\n|move|p1a: Clefable|Moonblast|p2a: Mewtwo\n|-damage|p2a: Mewtwo|43\/100\n|-unboost|p2a: Mewtwo|spa|1\n|\n|-heal|p1a: Clefable|8\/100|[from] item: Leftovers\n|upkeep\n|turn|15\n|\n|t:|1700330040\n|move|p2a: Mewtwo|Nasty Plot|p2a: Mewtwo\n|-boost|p2a: Mewtwo|spa|2\n|move|p1a: Clefable|Moonblast|p2a: Mewtwo\n|-damage|p2a: Mewtwo|16\/100\n|\n|-heal|p1a: Clefable|14\/100|[from] item: Leftovers\n|upkeep\n|turn|16\n|\n|t:|1700330048\n|move|p2a: Mewtwo|Psystrike|p1a: Clefable\n|-damage|p1a: Clefable|0 fnt\n|faint|p1a: Clefable\n|\n|upkeep\n|\n|t:|1700330055\n|switch|p1a: Fearow|Fearow, M|100\/100\n|turn|17\n|\n|t:|1700330059\n|move|p1a: Fearow|Quick Attack|p2a: Mewtwo\n|-damage|p2a: Mewtwo|0 fnt\n|faint|p2a: Mewtwo\n|\n|upkeep\n|\n|t:|1700330065\n|switch|p2a: Mew|Mew|100\/100\n|-damage|p2a: Mew|88\/100|[from] Stealth Rock\n|turn|18\n|\n|t:|1700330073\n|move|p2a: Mew|Cosmic Power|p2a: Mew\n|-boost|p2a: Mew|def|1\n|-boost|p2a: Mew|spd|1\n|move|p1a: Fearow|Sky Attack||[still]\n|-prepare|p1a: Fearow|Sky Attack\n|-enditem|p1a: Fearow|Power Herb\n|-anim|p1a: Fearow|Sky Attack|p2a: Mew\n|-damage|p2a: Mew|53\/100\n|\n|upkeep\n|turn|19\n|\n|t:|1700330083\n|move|p2a: Mew|Roost|p2a: Mew\n|-heal|p2a: Mew|100\/100\n|-singleturn|p2a: Mew|move: Roost\n|move|p1a: Fearow|Focus Energy|p1a: Fearow\n|-start|p1a: Fearow|move: Focus Energy\n|\n|upkeep\n|turn|20\n|\n|t:|1700330089\n|move|p2a: Mew|Cosmic Power|p2a: Mew\n|-boost|p2a: Mew|def|1\n|-boost|p2a: Mew|spd|1\n|move|p1a: Fearow|Return|p2a: Mew\n|-crit|p2a: Mew\n|-damage|p2a: Mew|23\/100\n|\n|upkeep\n|turn|21\n|\n|t:|1700330097\n|move|p2a: Mew|Roost|p2a: Mew\n|-heal|p2a: Mew|73\/100\n|-singleturn|p2a: Mew|move: Roost\n|move|p1a: Fearow|Return|p2a: Mew\n|-crit|p2a: Mew\n|-damage|p2a: Mew|0 fnt\n|faint|p2a: Mew\n|\n|upkeep\n|\n|t:|1700330106\n|switch|p2a: Zapdos|Zapdos|100\/100\n|turn|22\n|\n|t:|1700330115\n|move|p1a: Fearow|Quick Attack|p2a: Zapdos\n|-damage|p2a: Zapdos|86\/100\n|move|p2a: Zapdos|Volt Switch|p1a: Fearow\n|-supereffective|p1a: Fearow\n|-damage|p1a: Fearow|0 fnt\n|faint|p1a: Fearow\n|\n|t:|1700330125\n|switch|p2a: Moltres|Moltres|100\/100|[from] Volt Switch\n|-ability|p2a: Moltres|Pressure\n|\n|upkeep\n|\n|t:|1700330128\n|switch|p1a: Ho-Oh|Ho-Oh|100\/100\n|turn|23\n|\n|t:|1700330142\n|move|p2a: Moltres|Hurricane|p1a: Ho-Oh|[miss]\n|-miss|p2a: Moltres|p1a: Ho-Oh\n|move|p1a: Ho-Oh|Toxic|p2a: Moltres\n|-status|p2a: Moltres|tox\n|\n|-damage|p2a: Moltres|94\/100 tox|[from] psn\n|upkeep\n|turn|24\n|\n|t:|1700330151\n|move|p2a: Moltres|Flamethrower|p1a: Ho-Oh\n|-resisted|p1a: Ho-Oh\n|-damage|p1a: Ho-Oh|90\/100\n|move|p1a: Ho-Oh|Whirlwind|p2a: Moltres\n|drag|p2a: Articuno|Articuno|100\/100\n|-ability|p2a: Articuno|Pressure\n|\n|upkeep\n|turn|25\n|\n|t:|1700330163\n|move|p2a: Articuno|Freeze-Dry|p1a: Ho-Oh\n|-damage|p1a: Ho-Oh|77\/100\n|move|p1a: Ho-Oh|Sacred Fire|p2a: Articuno\n|-supereffective|p2a: Articuno\n|-damage|p2a: Articuno|27\/100\n|\n|upkeep\n|turn|26\n|\n|t:|1700330173\n|move|p2a: Articuno|U-turn|p1a: Ho-Oh\n|-resisted|p1a: Ho-Oh\n|-damage|p1a: Ho-Oh|75\/100\n|\n|t:|1700330177\n|switch|p2a: Arcanine|Arcanine, M|85\/100 par|[from] U-turn\n|-damage|p2a: Arcanine|60\/100 par|[from] Stealth Rock\n|-ability|p2a: Arcanine|Intimidate|boost\n|-unboost|p1a: Ho-Oh|atk|1\n|move|p1a: Ho-Oh|Sacred Fire|p2a: Arcanine\n|-resisted|p2a: Arcanine\n|-damage|p2a: Arcanine|48\/100 par\n|\n|upkeep\n|turn|27\n|\n|t:|1700330187\n|move|p2a: Arcanine|Morning Sun|p2a: Arcanine\n|-heal|p2a: Arcanine|98\/100 par\n|move|p1a: Ho-Oh|Whirlwind|p2a: Arcanine\n|drag|p2a: Articuno|Articuno|27\/100\n|-ability|p2a: Articuno|Pressure\n|\n|upkeep\n|turn|28\n|\n|t:|1700330199\n|move|p2a: Articuno|U-turn|p1a: Ho-Oh\n|-resisted|p1a: Ho-Oh\n|-damage|p1a: Ho-Oh|73\/100\n|\n|t:|1700330202\n|switch|p2a: Arcanine|Arcanine, M|98\/100 par|[from] U-turn\n|-damage|p2a: Arcanine|73\/100 par|[from] Stealth Rock\n|-ability|p2a: Arcanine|Intimidate|boost\n|-unboost|p1a: Ho-Oh|atk|1\n|move|p1a: Ho-Oh|Sacred Fire|p2a: Arcanine\n|-resisted|p2a: Arcanine\n|-damage|p2a: Arcanine|65\/100 par\n|\n|upkeep\n|turn|29\n|\n|t:|1700330214\n|move|p2a: Arcanine|Morning Sun|p2a: Arcanine\n|-heal|p2a: Arcanine|100\/100 par\n|move|p1a: Ho-Oh|Whirlwind|p2a: Arcanine\n|drag|p2a: Zapdos|Zapdos|86\/100\n|\n|upkeep\n|turn|30\n|\n|t:|1700330236\n|switch|p1a: Snorlax|Snorlax, M, tera:Fairy|100\/100 slp\n|move|p2a: Zapdos|Volt Switch|p1a: Snorlax\n|-damage|p1a: Snorlax|88\/100 slp\n|\n|t:|1700330246\n|switch|p2a: Arcanine|Arcanine, M|100\/100 par|[from] Volt Switch\n|-damage|p2a: Arcanine|75\/100 par|[from] Stealth Rock\n|-ability|p2a: Arcanine|Intimidate|boost\n|-unboost|p1a: Snorlax|atk|1\n|\n|upkeep\n|turn|31\n|\n|t:|1700330258\n|-curestatus|p1a: Snorlax|slp|[msg]\n|move|p1a: Snorlax|Curse|p1a: Snorlax\n|-unboost|p1a: Snorlax|spe|1\n|-boost|p1a: Snorlax|atk|1\n|-boost|p1a: Snorlax|def|1\n|move|p2a: Arcanine|Roar|p1a: Snorlax\n|drag|p1a: Great Tusk|Great Tusk|100\/100\n|-enditem|p1a: Great Tusk|Booster Energy\n|-activate|p1a: Great Tusk|ability: Protosynthesis|[fromitem]\n|-start|p1a: Great Tusk|protosynthesisspe\n|\n|upkeep\n|turn|32\n|\n|t:|1700330274\n|switch|p2a: Moltres|Moltres|94\/100 tox\n|-ability|p2a: Moltres|Pressure\n|move|p1a: Great Tusk|Headlong Rush|p2a: Moltres\n|-immune|p2a: Moltres\n|\n|-damage|p2a: Moltres|88\/100 tox|[from] psn\n|upkeep\n|turn|33\n|\n|t:|1700330296\n|move|p1a: Great Tusk|Bulk Up|p1a: Great Tusk\n|-boost|p1a: Great Tusk|atk|1\n|-boost|p1a: Great Tusk|def|1\n|move|p2a: Moltres|Hurricane|p1a: Great Tusk|[miss]\n|-miss|p2a: Moltres|p1a: Great Tusk\n|\n|-damage|p2a: Moltres|75\/100 tox|[from] psn\n|upkeep\n|turn|34\n|\n|t:|1700330307\n|move|p1a: Great Tusk|Ice Spinner|p2a: Moltres\n|-damage|p2a: Moltres|40\/100 tox\n|move|p2a: Moltres|Hurricane|p1a: Great Tusk|[miss]\n|-miss|p2a: Moltres|p1a: Great Tusk\n|\n|-damage|p2a: Moltres|21\/100 tox|[from] psn\n|upkeep\n|turn|35\n|\n|t:|1700330316\n|move|p1a: Great Tusk|Ice Spinner|p2a: Moltres\n|-damage|p2a: Moltres|0 fnt\n|faint|p2a: Moltres\n|\n|upkeep\n|\n|t:|1700330322\n|switch|p2a: Zapdos|Zapdos|86\/100\n|turn|36\n|\n|t:|1700330327\n|move|p1a: Great Tusk|Ice Spinner|p2a: Zapdos\n|-supereffective|p2a: Zapdos\n|-damage|p2a: Zapdos|38\/100\n|move|p2a: Zapdos|Hurricane|p1a: Great Tusk|[miss]\n|-miss|p2a: Zapdos|p1a: Great Tusk\n|\n|upkeep\n|turn|37\n|\n|t:|1700330334\n|move|p1a: Great Tusk|Ice Spinner|p2a: Zapdos\n|-supereffective|p2a: Zapdos\n|-damage|p2a: Zapdos|0 fnt\n|-status|p1a: Great Tusk|par|[from] ability: Static|[of] p2a: Zapdos\n|faint|p2a: Zapdos\n|\n|upkeep\n|\n|t:|1700330341\n|switch|p2a: Articuno|Articuno|27\/100\n|-ability|p2a: Articuno|Pressure\n|turn|38\n|\n|t:|1700330346\n|move|p2a: Articuno|Roost|p2a: Articuno\n|-heal|p2a: Articuno|77\/100\n|-singleturn|p2a: Articuno|move: Roost\n|move|p1a: Great Tusk|Close Combat|p2a: Articuno\n|-supereffective|p2a: Articuno\n|-crit|p2a: Articuno\n|-damage|p2a: Articuno|0 fnt\n|-unboost|p1a: Great Tusk|def|1\n|-unboost|p1a: Great Tusk|spd|1\n|faint|p2a: Articuno\n|\n|upkeep\n|\n|t:|1700330357\n|switch|p2a: Arcanine|Arcanine, M|75\/100 par\n|-damage|p2a: Arcanine|50\/100 par|[from] Stealth Rock\n|-ability|p2a: Arcanine|Intimidate|boost\n|-unboost|p1a: Great Tusk|atk|1\n|turn|39\n|\n|t:|1700330363\n|cant|p1a: Great Tusk|par\n|move|p2a: Arcanine|Flare Blitz|p1a: Great Tusk\n|-damage|p1a: Great Tusk|73\/100 par\n|-damage|p2a: Arcanine|40\/100 par|[from] Recoil\n|\n|upkeep\n|turn|40\n|\n|t:|1700330372\n|-end|p1a: Great Tusk|Protosynthesis|[silent]\n|switch|p1a: Gengar|Gengar, M|100\/100\n|move|p2a: Arcanine|Flare Blitz|p1a: Gengar\n|-damage|p1a: Gengar|14\/100\n|-start|p2a: Arcanine|Disable|Flare Blitz|[from] ability: Cursed Body|[of] p1a: Gengar\n|-damage|p2a: Arcanine|21\/100 par|[from] Recoil\n|\n|upkeep\n|turn|41\n|\n|t:|1700330383\n|move|p1a: Gengar|Shadow Ball|p2a: Arcanine\n|-damage|p2a: Arcanine|0 fnt\n|faint|p2a: Arcanine\n|\n|win|Honningborgen\n|raw|Honningborgen's rating: 1325 &rarr; <strong>1341<\/strong><br \/>(+16 for winning)\n|raw|shintales's rating: 1258 &rarr; <strong>1238<\/strong><br \/>(-20 for losing)\n|c|\u2606Honningborgen|gg\n","uploadtime":1700330390,"views":16,"p1id":"honningborgen","p2id":"shintales","formatid":"gen9nationaldexubers","rating":1238,"private":0,"password":""}