{"id":"gen9nationaldexubers-1997481186","p1":"UrLordAndSavoir","p2":"potato718","format":"[Gen 9] National Dex Ubers","log":"|j|\u2606UrLordAndSavoir\n|j|\u2606potato718\n|t:|1700812897\n|gametype|singles\n|player|p1|UrLordAndSavoir|265|\n|player|p2|potato718|ninjaboy|\n|teamsize|p1|6\n|teamsize|p2|6\n|gen|9\n|tier|[Gen 9] National Dex Ubers\n|rule|HP Percentage Mod: HP is shown in percentages\n|rule|Endless Battle Clause: Forcing endless battles is banned\n|rule|OHKO Clause: OHKO moves are banned\n|rule|Evasion Moves Clause: Evasion moves are banned\n|rule|Evasion Items Clause: Evasion items are banned\n|rule|Species Clause: Limit one of each Pok\u00e9mon\n|rule|Sleep Clause Mod: Limit one foe put to sleep\n|rule|Mega Rayquaza Clause: You cannot mega evolve Rayquaza\n|clearpoke\n|poke|p1|Typhlosion, M|\n|poke|p1|Ninetales-Alola, M|\n|poke|p1|Sandslash-Alola, F|\n|poke|p1|Blissey, F|\n|poke|p1|Gholdengo|\n|poke|p1|Baxcalibur, M|\n|poke|p2|Furret, F|\n|poke|p2|Brute Bonnet|\n|poke|p2|Scovillain, M|\n|poke|p2|Espathra, M|\n|poke|p2|Articuno|\n|poke|p2|Dragapult, F|\n|teampreview\n|\n|t:|1700812910\n|start\n|switch|p1a: Ninetales|Ninetales-Alola, M|100\/100\n|switch|p2a: Dragapult|Dragapult, F, shiny|100\/100\n|-weather|Snow|[from] ability: Snow Warning|[of] p1a: Ninetales\n|turn|1\n|c|\u2606potato718|glhf\n|c|\u2606UrLordAndSavoir|gl\n|\n|t:|1700812932\n|move|p2a: Dragapult|Steel Wing|p1a: Ninetales\n|-supereffective|p1a: Ninetales\n|-damage|p1a: Ninetales|13\/100\n|move|p1a: Ninetales|Moonblast|p2a: Dragapult\n|-supereffective|p2a: Dragapult\n|-damage|p2a: Dragapult|6\/100\n|\n|-weather|Snow|[upkeep]\n|upkeep\n|turn|2\n|c|\u2606UrLordAndSavoir|the fuck\n|c|\u2606potato718|:))))\n|\n|t:|1700812956\n|switch|p1a: Baxcalibur|Baxcalibur, M|100\/100\n|move|p2a: Dragapult|Shadow Ball|p1a: Baxcalibur\n|-damage|p1a: Baxcalibur|66\/100\n|-heal|p2a: Dragapult|11\/100|[from] item: Shell Bell|[of] p1a: Baxcalibur\n|\n|-weather|Snow|[upkeep]\n|upkeep\n|turn|3\n|j| Danfire1045\n|\n|t:|1700812993\n|move|p1a: Baxcalibur|Ice Shard|p2a: Dragapult\n|-supereffective|p2a: Dragapult\n|-crit|p2a: Dragapult\n|-damage|p2a: Dragapult|0 fnt\n|faint|p2a: Dragapult\n|\n|-weather|Snow|[upkeep]\n|upkeep\n|c| Danfire1045|yooo\n|c|\u2606UrLordAndSavoir|hi\n|\n|t:|1700813013\n|switch|p2a: Espathra|Espathra, M, shiny|100\/100\n|turn|4\n|\n|t:|1700813028\n|switch|p1a: Blissey|Blissey, F|100\/100\n|move|p2a: Espathra|Lumina Crash|p1a: Blissey\n|-damage|p1a: Blissey|87\/100\n|-unboost|p1a: Blissey|spd|2\n|-damage|p2a: Espathra|91\/100|[from] item: Life Orb\n|\n|-weather|Snow|[upkeep]\n|-heal|p1a: Blissey|93\/100|[from] item: Leftovers\n|-ability|p2a: Espathra|Speed Boost|boost\n|-boost|p2a: Espathra|spe|1\n|upkeep\n|turn|5\n|c|\u2606UrLordAndSavoir|this mf really has steel wing mixed dragapult\n|\n|t:|1700813047\n|move|p2a: Espathra|Protect|p2a: Espathra\n|-singleturn|p2a: Espathra|Protect\n|move|p1a: Blissey|Thunder Wave|p2a: Espathra\n|-activate|p2a: Espathra|move: Protect\n|\n|-weather|none\n|-heal|p1a: Blissey|99\/100|[from] item: Leftovers\n|-ability|p2a: Espathra|Speed Boost|boost\n|-boost|p2a: Espathra|spe|1\n|upkeep\n|turn|6\n|\n|t:|1700813060\n|move|p2a: Espathra|Lumina Crash|p1a: Blissey\n|-damage|p1a: Blissey|70\/100\n|-unboost|p1a: Blissey|spd|2\n|-damage|p2a: Espathra|81\/100|[from] item: Life Orb\n|move|p1a: Blissey|Wish|p1a: Blissey\n|\n|-heal|p1a: Blissey|76\/100|[from] item: Leftovers\n|-ability|p2a: Espathra|Speed Boost|boost\n|-boost|p2a: Espathra|spe|1\n|upkeep\n|turn|7\n|c| Danfire1045|alex\n|\n|t:|1700813069\n|move|p2a: Espathra|Dazzling Gleam|p1a: Blissey\n|-damage|p1a: Blissey|48\/100\n|-damage|p2a: Espathra|71\/100|[from] item: Life Orb\n|move|p1a: Blissey|Thunder Wave|p2a: Espathra\n|-status|p2a: Espathra|par\n|\n|-heal|p1a: Blissey|98\/100|[from] move: Wish|[wisher] Blissey\n|-heal|p1a: Blissey|100\/100|[from] item: Leftovers\n|-ability|p2a: Espathra|Speed Boost|boost\n|-boost|p2a: Espathra|spe|1\n|upkeep\n|turn|8\n|c| Danfire1045|hit blissey with a physical move\n|c| Danfire1045|not special\n|c|\u2606UrLordAndSavoir|wow great advice\n|c| Danfire1045|its phyical defense is bad\n|c| Danfire1045|bozo\n|\n|t:|1700813102\n|switch|p2a: Scovillain|Scovillain, M, shiny|100\/100\n|move|p1a: Blissey|Wish|p1a: Blissey\n|\n|upkeep\n|turn|9\n|c| Danfire1045|go furret or smt idk dont listen to me\n|\n|t:|1700813113\n|switch|p1a: Baxcalibur|Baxcalibur, M|66\/100\n|move|p2a: Scovillain|Flamethrower|p1a: Baxcalibur\n|-damage|p1a: Baxcalibur|31\/100\n|-ability|p1a: Baxcalibur|Thermal Exchange|boost\n|-boost|p1a: Baxcalibur|atk|1\n|\n|-heal|p1a: Baxcalibur|100\/100|[from] move: Wish|[wisher] Blissey\n|upkeep\n|turn|10\n|c|\u2606potato718|O GODNESS\n|c|\u2606UrLordAndSavoir|ez\n|\n|t:|1700813140\n|move|p1a: Baxcalibur|Scale Shot|p2a: Scovillain\n|-damage|p2a: Scovillain|58\/100\n|-damage|p2a: Scovillain|15\/100\n|-damage|p2a: Scovillain|0 fnt\n|faint|p2a: Scovillain\n|-hitcount|p2: Scovillain|3\n|-unboost|p1a: Baxcalibur|def|1\n|-boost|p1a: Baxcalibur|spe|1\n|\n|upkeep\n|c|\u2606UrLordAndSavoir|clap\n|c| Danfire1045|gg\n|c| Danfire1045|ur killing this thing\n|c|\u2606UrLordAndSavoir|this is where e speed furret would be useful\n|c| Danfire1045|lmao\n|\n|t:|1700813178\n|switch|p2a: Furret|Furret, F, shiny|100\/100\n|-item|p1a: Baxcalibur|Loaded Dice|[from] ability: Frisk|[of] p2a: Furret|[identify]\n|turn|11\n|inactive|Battle timer is ON: inactive players will automatically lose when time's up. (requested by UrLordAndSavoir)\n|c|\u2606potato718|wait\n|c| Danfire1045|lmao\n|c| Danfire1045|man doesnt have time to burn\n|c|\u2606potato718|ok\n|c| Danfire1045|lol\n|inactive|UrLordAndSavoir has 270 seconds left.\n|c|\u2606potato718|parents are like\n|inactiveoff|Battle timer is now OFF.\n|c|\u2606UrLordAndSavoir|great time for me to calc shit\n|c| Danfire1045|lmao\n|c| Danfire1045|fair game trust\n|c|\u2606UrLordAndSavoir|evs coming in clutch\n|c|\u2606UrLordAndSavoir|252+ Atk Tera Fighting Furret Tera Blast vs. -1 72 HP \/ 0 Def Baxcalibur: 326-386 (83.8 - 99.2%) -- guaranteed 2HKO\n|c| Danfire1045|bs crit\n|\n|t:|1700813362\n|move|p1a: Baxcalibur|Scale Shot|p2a: Furret\n|-damage|p2a: Furret|65\/100\n|-damage|p2a: Furret|28\/100\n|-damage|p2a: Furret|0 fnt\n|faint|p2a: Furret\n|-hitcount|p2: Furret|3\n|-unboost|p1a: Baxcalibur|def|1\n|-boost|p1a: Baxcalibur|spe|1\n|\n|upkeep\n|c|\u2606potato718|oh.crap\n|\n|t:|1700813384\n|switch|p2a: Articuno|Articuno|100\/100\n|-ability|p2a: Articuno|Pressure\n|turn|12\n|c|\u2606UrLordAndSavoir|hmm do i wanna switch\n|c|\u2606UrLordAndSavoir|make the game more interesting yk\n|c|\u2606potato718|yes\n|c|\u2606UrLordAndSavoir|sure\n|\n|t:|1700813417\n|switch|p1a: Ninetales|Ninetales-Alola, M|13\/100\n|-weather|Snow|[from] ability: Snow Warning|[of] p1a: Ninetales\n|move|p2a: Articuno|Hidden Power|p1a: Ninetales\n|-damage|p1a: Ninetales|0 fnt\n|faint|p1a: Ninetales\n|\n|-weather|Snow|[upkeep]\n|upkeep\n|\n|t:|1700813429\n|switch|p1a: Typhlosion|Typhlosion, M|100\/100\n|turn|13\n|\n|t:|1700813448\n|move|p1a: Typhlosion|Eruption|p2a: Articuno\n|-supereffective|p2a: Articuno\n|-damage|p2a: Articuno|0 fnt\n|faint|p2a: Articuno\n|\n|-weather|Snow|[upkeep]\n|upkeep\n|\n|t:|1700813454\n|switch|p2a: Brute Bonnet|Brute Bonnet|100\/100\n|turn|14\n|c|\u2606UrLordAndSavoir|undeafen me\n|\n|t:|1700813459\n|-terastallize|p2a: Brute Bonnet|Fire\n|move|p1a: Typhlosion|Eruption|p2a: Brute Bonnet\n|-resisted|p2a: Brute Bonnet\n|-damage|p2a: Brute Bonnet|73\/100\n|move|p2a: Brute Bonnet|Stomping Tantrum|p1a: Typhlosion\n|-supereffective|p1a: Typhlosion\n|-crit|p1a: Typhlosion\n|-damage|p1a: Typhlosion|0 fnt\n|faint|p1a: Typhlosion\n|\n|-weather|Snow|[upkeep]\n|-heal|p2a: Brute Bonnet|79\/100|[from] item: Leftovers\n|upkeep\n|\n|t:|1700813469\n|switch|p1a: Baxcalibur|Baxcalibur, M|100\/100\n|turn|15\n|\n|t:|1700813474\n|move|p1a: Baxcalibur|Earthquake|p2a: Brute Bonnet\n|-supereffective|p2a: Brute Bonnet\n|-damage|p2a: Brute Bonnet|14\/100\n|move|p2a: Brute Bonnet|Stomping Tantrum|p1a: Baxcalibur\n|-damage|p1a: Baxcalibur|84\/100\n|\n|-weather|Snow|[upkeep]\n|-heal|p2a: Brute Bonnet|20\/100|[from] item: Leftovers\n|upkeep\n|turn|16\n|c|\u2606potato718|WAIT NO IM STUPID\n|\n|t:|1700813494\n|move|p1a: Baxcalibur|Scale Shot|p2a: Brute Bonnet\n|-damage|p2a: Brute Bonnet|9\/100\n|-damage|p2a: Brute Bonnet|0 fnt\n|faint|p2a: Brute Bonnet\n|-end|p2a: Brute Bonnet|Protosynthesis|[silent]\n|-hitcount|p2: Brute Bonnet|2\n|-unboost|p1a: Baxcalibur|def|1\n|-boost|p1a: Baxcalibur|spe|1\n|\n|-weather|none\n|upkeep\n|\n|t:|1700813502\n|switch|p2a: Espathra|Espathra, M, shiny|71\/100 par\n|turn|17\n|c|\u2606UrLordAndSavoir|gg\n|\n|t:|1700813514\n|move|p2a: Espathra|Protect|p2a: Espathra\n|-singleturn|p2a: Espathra|Protect\n|move|p1a: Baxcalibur|Scale Shot|p2a: Espathra\n|-activate|p2a: Espathra|move: Protect\n|\n|-ability|p2a: Espathra|Speed Boost|boost\n|-boost|p2a: Espathra|spe|1\n|upkeep\n|turn|18\n|\n|t:|1700813523\n|move|p1a: Baxcalibur|Scale Shot|p2a: Espathra\n|-damage|p2a: Espathra|49\/100 par\n|-damage|p2a: Espathra|27\/100 par\n|-damage|p2a: Espathra|3\/100 par\n|-damage|p2a: Espathra|0 fnt\n|faint|p2a: Espathra\n|-hitcount|p2: Espathra|4\n|\n|win|UrLordAndSavoir\n|l|\u2606potato718\n|l| Danfire1045\n","uploadtime":1700813542,"views":15,"p1id":"urlordandsavoir","p2id":"potato718","formatid":"gen9nationaldexubers","rating":0,"private":0,"password":""}