{"id":"gen9nationaldexubers-1980968557","p1":"Trans_Rightssss","p2":"Chaitanya15","format":"[Gen 9] National Dex Ubers","log":"|j|\u2606Trans_Rightssss\n|j|\u2606Chaitanya15\n|t:|1698853129\n|gametype|singles\n|player|p1|Trans_Rightssss|veteranf|1226\n|player|p2|Chaitanya15|169|1351\n|teamsize|p1|6\n|teamsize|p2|6\n|gen|9\n|tier|[Gen 9] National Dex Ubers\n|rated|\n|rule|HP Percentage Mod: HP is shown in percentages\n|rule|Endless Battle Clause: Forcing endless battles is banned\n|rule|OHKO Clause: OHKO moves are banned\n|rule|Evasion Moves Clause: Evasion moves are banned\n|rule|Evasion Items Clause: Evasion items are banned\n|rule|Species Clause: Limit one of each Pok\u00e9mon\n|rule|Sleep Clause Mod: Limit one foe put to sleep\n|rule|Mega Rayquaza Clause: You cannot mega evolve Rayquaza\n|clearpoke\n|poke|p1|Leavanny, F|\n|poke|p1|Lilligant, F|\n|poke|p1|Primarina, F|\n|poke|p1|Lopunny, F|\n|poke|p1|Alcremie-Ruby-Swirl, F|\n|poke|p1|Magearna|\n|poke|p2|Pikachu, F|\n|poke|p2|Dragonite, M|\n|poke|p2|Gengar, F|\n|poke|p2|Sirfetch\u2019d, M|\n|poke|p2|Lucario, M|\n|poke|p2|Dracovish|\n|teampreview\n|\n|t:|1698853138\n|start\n|switch|p1a: Lopunny|Lopunny, F, shiny|100\/100\n|switch|p2a: Pikachu|Pikachu, F|100\/100\n|turn|1\n|inactive|Battle timer is ON: inactive players will automatically lose when time's up. (requested by Chaitanya15)\n|\n|t:|1698853146\n|detailschange|p1a: Lopunny|Lopunny-Mega, F, shiny\n|-mega|p1a: Lopunny|Lopunny|Lopunnite\n|move|p1a: Lopunny|Fake Out|p2a: Pikachu\n|-damage|p2a: Pikachu|21\/100\n|cant|p2a: Pikachu|flinch\n|\n|upkeep\n|turn|2\n|\n|t:|1698853156\n|move|p2a: Pikachu|Extreme Speed|p1a: Lopunny\n|-damage|p1a: Lopunny|57\/100\n|move|p1a: Lopunny|Return|p2a: Pikachu\n|-damage|p2a: Pikachu|0 fnt\n|faint|p2a: Pikachu\n|\n|upkeep\n|\n|t:|1698853165\n|switch|p2a: Dracovish|Dracovish|100\/100\n|turn|3\n|\n|t:|1698853178\n|-terastallize|p2a: Dracovish|Water\n|move|p2a: Dracovish|Fishious Rend|p1a: Lopunny\n|-damage|p1a: Lopunny|0 fnt\n|faint|p1a: Lopunny\n|\n|upkeep\n|\n|t:|1698853184\n|switch|p1a: Primarina|Primarina, F|100\/100\n|turn|4\n|\n|t:|1698853195\n|move|p2a: Dracovish|Fishious Rend|p1a: Primarina\n|-resisted|p1a: Primarina\n|-damage|p1a: Primarina|9\/100\n|move|p1a: Primarina|Moonblast|p2a: Dracovish\n|-damage|p2a: Dracovish|30\/100\n|\n|upkeep\n|turn|5\n|\n|t:|1698853205\n|move|p2a: Dracovish|Fishious Rend|p1a: Primarina\n|-resisted|p1a: Primarina\n|-damage|p1a: Primarina|0 fnt\n|faint|p1a: Primarina\n|\n|upkeep\n|\n|t:|1698853208\n|switch|p1a: Lilligant|Lilligant, F|100\/100\n|turn|6\n|\n|t:|1698853216\n|switch|p2a: Sirfetch\u2019d|Sirfetch\u2019d, M|100\/100\n|move|p1a: Lilligant|Sunny Day|p1a: Lilligant\n|-weather|SunnyDay\n|\n|-weather|SunnyDay|[upkeep]\n|upkeep\n|turn|7\n|\n|t:|1698853226\n|move|p2a: Sirfetch\u2019d|First Impression|p1a: Lilligant\n|-supereffective|p1a: Lilligant\n|-crit|p1a: Lilligant\n|-damage|p1a: Lilligant|0 fnt\n|faint|p1a: Lilligant\n|\n|-weather|SunnyDay|[upkeep]\n|upkeep\n|\n|t:|1698853228\n|switch|p1a: Leavanny|Leavanny, F|100\/100\n|turn|8\n|\n|t:|1698853239\n|move|p1a: Leavanny|Leaf Blade|p2a: Sirfetch\u2019d\n|-damage|p2a: Sirfetch\u2019d|30\/100\n|move|p2a: Sirfetch\u2019d|Poison Jab|p1a: Leavanny\n|-supereffective|p1a: Leavanny\n|-damage|p1a: Leavanny|19\/100\n|\n|-weather|SunnyDay|[upkeep]\n|upkeep\n|turn|9\n|\n|t:|1698853250\n|switch|p2a: Gengar|Gengar, F|100\/100\n|move|p1a: Leavanny|Leaf Blade|p2a: Gengar\n|-resisted|p2a: Gengar\n|-damage|p2a: Gengar|30\/100\n|\n|-weather|SunnyDay|[upkeep]\n|upkeep\n|turn|10\n|\n|t:|1698853259\n|move|p1a: Leavanny|Leaf Blade|p2a: Gengar\n|-resisted|p2a: Gengar\n|-damage|p2a: Gengar|0 fnt\n|faint|p2a: Gengar\n|\n|-weather|SunnyDay|[upkeep]\n|upkeep\n|\n|t:|1698853266\n|switch|p2a: Dragonite|Dragonite, M|100\/100\n|turn|11\n|\n|t:|1698853277\n|switch|p1a: Alcremie|Alcremie-Ruby-Swirl, F|100\/100\n|move|p2a: Dragonite|Dragon Dance|p2a: Dragonite\n|-boost|p2a: Dragonite|atk|1\n|-boost|p2a: Dragonite|spe|1\n|\n|-weather|SunnyDay|[upkeep]\n|upkeep\n|turn|12\n|\n|t:|1698853286\n|move|p2a: Dragonite|Iron Head|p1a: Alcremie\n|-supereffective|p1a: Alcremie\n|-damage|p1a: Alcremie|0 fnt\n|faint|p1a: Alcremie\n|\n|-weather|SunnyDay|[upkeep]\n|upkeep\n|-message|Trans_Rightssss forfeited.\n|\n|win|Chaitanya15\n|raw|Trans_Rightssss's rating: 1226 &rarr; <strong>1210<\/strong><br \/>(-16 for losing)\n|raw|Chaitanya15's rating: 1351 &rarr; <strong>1364<\/strong><br \/>(+13 for winning)\n|l|\u2606Trans_Rightssss\n","uploadtime":1698853297,"views":7,"p1id":"transrightssss","p2id":"chaitanya15","formatid":"gen9nationaldexubers","rating":1210,"private":0,"password":""}