{"id":"gen9nationaldexubers-1985855592","p1":"w0909","p2":"FoxasBat","format":"[Gen 9] National Dex Ubers","log":"|j|\u2606w0909\n|j|\u2606FoxasBat\n|t:|1699413712\n|gametype|singles\n|player|p1|w0909|klara|\n|player|p2|FoxasBat|1|\n|teamsize|p1|6\n|teamsize|p2|6\n|gen|9\n|tier|[Gen 9] National Dex Ubers\n|rule|HP Percentage Mod: HP is shown in percentages\n|rule|Endless Battle Clause: Forcing endless battles is banned\n|rule|OHKO Clause: OHKO moves are banned\n|rule|Evasion Moves Clause: Evasion moves are banned\n|rule|Evasion Items Clause: Evasion items are banned\n|rule|Species Clause: Limit one of each Pok\u00e9mon\n|rule|Sleep Clause Mod: Limit one foe put to sleep\n|rule|Mega Rayquaza Clause: You cannot mega evolve Rayquaza\n|clearpoke\n|poke|p1|Corviknight, F|\n|poke|p1|Regidrago|\n|poke|p1|Sylveon, M|\n|poke|p1|Medicham, M|\n|poke|p1|Avalugg-Hisui, F|\n|poke|p1|Arctibax, M|\n|poke|p2|Clodsire, F|\n|poke|p2|Roaring Moon|\n|poke|p2|Armarouge, F|\n|poke|p2|Decidueye, M|\n|poke|p2|Sliggoo-Hisui, F|\n|poke|p2|Dunsparce, F|\n|teampreview\n|\n|t:|1699413728\n|start\n|switch|p1a: Avalugg|Avalugg-Hisui, F|100\/100\n|switch|p2a: Clodsire|Clodsire, F|100\/100\n|turn|1\n|\n|t:|1699413733\n|move|p1a: Avalugg|Mountain Gale|p2a: Clodsire\n|-supereffective|p2a: Clodsire\n|-damage|p2a: Clodsire|0 fnt\n|faint|p2a: Clodsire\n|\n|upkeep\n|c|\u2606w0909|bye\n|c|\u2606w0909|big ol blob\n|c|\u2606FoxasBat|well then\n|\n|t:|1699413764\n|switch|p2a: Dunsparce|Dunsparce, F|100\/100\n|turn|2\n|c|\u2606w0909|NOOOOOOOO\n|\n|t:|1699413772\n|switch|p1a: Corviknight|Corviknight, F|100\/100\n|move|p2a: Dunsparce|Coil|p2a: Dunsparce\n|-boost|p2a: Dunsparce|atk|1\n|-boost|p2a: Dunsparce|def|1\n|-boost|p2a: Dunsparce|accuracy|1\n|\n|upkeep\n|turn|3\n|c|\u2606w0909|uh oh\n|\n|t:|1699413787\n|move|p1a: Corviknight|Brave Bird|p2a: Dunsparce\n|-crit|p2a: Dunsparce\n|-damage|p2a: Dunsparce|39\/100\n|-damage|p1a: Corviknight|80\/100|[from] Recoil\n|move|p2a: Dunsparce|Body Slam|p1a: Corviknight\n|-resisted|p1a: Corviknight\n|-damage|p1a: Corviknight|71\/100\n|-status|p1a: Corviknight|par\n|-damage|p2a: Dunsparce|22\/100|[from] item: Rocky Helmet|[of] p1a: Corviknight\n|\n|-heal|p2a: Dunsparce|28\/100|[from] item: Leftovers\n|upkeep\n|turn|4\n|\n|t:|1699413806\n|move|p2a: Dunsparce|Roost|p2a: Dunsparce\n|-heal|p2a: Dunsparce|78\/100\n|-singleturn|p2a: Dunsparce|move: Roost\n|cant|p1a: Corviknight|par\n|\n|-heal|p2a: Dunsparce|85\/100|[from] item: Leftovers\n|upkeep\n|turn|5\n|\n|t:|1699413825\n|move|p2a: Dunsparce|Coil|p2a: Dunsparce\n|-boost|p2a: Dunsparce|atk|1\n|-boost|p2a: Dunsparce|def|1\n|-boost|p2a: Dunsparce|accuracy|1\n|move|p1a: Corviknight|Brave Bird|p2a: Dunsparce\n|-damage|p2a: Dunsparce|63\/100\n|-damage|p1a: Corviknight|64\/100 par|[from] Recoil\n|\n|-heal|p2a: Dunsparce|69\/100|[from] item: Leftovers\n|upkeep\n|turn|6\n|\n|t:|1699413837\n|switch|p1a: Sylveon|Sylveon, M|100\/100\n|move|p2a: Dunsparce|Coil|p2a: Dunsparce\n|-boost|p2a: Dunsparce|atk|1\n|-boost|p2a: Dunsparce|def|1\n|-boost|p2a: Dunsparce|accuracy|1\n|\n|-heal|p2a: Dunsparce|75\/100|[from] item: Leftovers\n|upkeep\n|turn|7\n|\n|t:|1699413847\n|move|p1a: Sylveon|Hyper Voice|p2a: Dunsparce\n|-damage|p2a: Dunsparce|28\/100\n|move|p2a: Dunsparce|Body Slam|p1a: Sylveon\n|-damage|p1a: Sylveon|27\/100\n|\n|-heal|p1a: Sylveon|33\/100|[from] item: Leftovers\n|-heal|p2a: Dunsparce|34\/100|[from] item: Leftovers\n|upkeep\n|turn|8\n|\n|t:|1699413862\n|move|p1a: Sylveon|Hyper Voice|p2a: Dunsparce\n|-damage|p2a: Dunsparce|0 fnt\n|faint|p2a: Dunsparce\n|\n|-heal|p1a: Sylveon|40\/100|[from] item: Leftovers\n|upkeep\n|\n|t:|1699413872\n|switch|p2a: Sliggoo|Sliggoo-Hisui, F|100\/100\n|turn|9\n|\n|t:|1699413882\n|switch|p1a: Corviknight|Corviknight, F|64\/100 par\n|move|p2a: Sliggoo|Acid Spray|p1a: Corviknight\n|-immune|p1a: Corviknight\n|\n|upkeep\n|turn|10\n|c|\u2606w0909|me no want be here\n|\n|t:|1699413889\n|move|p2a: Sliggoo|Ice Beam|p1a: Corviknight\n|-damage|p1a: Corviknight|42\/100 par\n|move|p1a: Corviknight|Roost|p1a: Corviknight\n|-heal|p1a: Corviknight|92\/100 par\n|-singleturn|p1a: Corviknight|move: Roost\n|\n|upkeep\n|turn|11\n|\n|t:|1699413898\n|move|p2a: Sliggoo|Ice Beam|p1a: Corviknight\n|-damage|p1a: Corviknight|71\/100 par\n|move|p1a: Corviknight|U-turn|p2a: Sliggoo\n|-resisted|p2a: Sliggoo\n|-damage|p2a: Sliggoo|95\/100\n|\n|t:|1699413917\n|switch|p1a: Medicham|Medicham, M|100\/100|[from] U-turn\n|\n|upkeep\n|turn|12\n|\n|t:|1699413933\n|move|p1a: Medicham|Close Combat|p2a: Sliggoo\n|-supereffective|p2a: Sliggoo\n|-damage|p2a: Sliggoo|0 fnt\n|-unboost|p1a: Medicham|def|1\n|-unboost|p1a: Medicham|spd|1\n|faint|p2a: Sliggoo\n|\n|upkeep\n|\n|t:|1699413954\n|switch|p2a: Armarouge|Armarouge, F|100\/100\n|turn|13\n|\n|t:|1699413958\n|switch|p1a: Arctibax|Arctibax, M|100\/100\n|move|p2a: Armarouge|Calm Mind|p2a: Armarouge\n|-boost|p2a: Armarouge|spa|1\n|-boost|p2a: Armarouge|spd|1\n|\n|upkeep\n|turn|14\n|\n|t:|1699413968\n|move|p2a: Armarouge|Calm Mind|p2a: Armarouge\n|-boost|p2a: Armarouge|spa|1\n|-boost|p2a: Armarouge|spd|1\n|move|p1a: Arctibax|Outrage|p2a: Armarouge\n|-crit|p2a: Armarouge\n|-damage|p2a: Armarouge|19\/100\n|-ability|p2a: Armarouge|Weak Armor|boost\n|-unboost|p2a: Armarouge|def|1\n|-boost|p2a: Armarouge|spe|2\n|\n|upkeep\n|turn|15\n|\n|t:|1699413977\n|move|p2a: Armarouge|Stored Power|p1a: Arctibax\n|-damage|p1a: Arctibax|0 fnt\n|faint|p1a: Arctibax\n|\n|upkeep\n|c|\u2606w0909|rip bozo\n|\n|t:|1699413987\n|switch|p1a: Medicham|Medicham, M|100\/100\n|turn|16\n|\n|t:|1699413992\n|move|p1a: Medicham|Bullet Punch|p2a: Armarouge\n|-resisted|p2a: Armarouge\n|-damage|p2a: Armarouge|3\/100\n|-ability|p2a: Armarouge|Weak Armor|boost\n|-unboost|p2a: Armarouge|def|1\n|-boost|p2a: Armarouge|spe|2\n|move|p2a: Armarouge|Flamethrower|p1a: Medicham\n|-damage|p1a: Medicham|0 fnt\n|faint|p1a: Medicham\n|\n|upkeep\n|c|\u2606FoxasBat|ooof\n|\n|t:|1699414002\n|switch|p1a: Avalugg|Avalugg-Hisui, F|100\/100\n|turn|17\n|c|\u2606w0909|uh oh\n|\n|t:|1699414011\n|move|p2a: Armarouge|Stored Power|p1a: Avalugg\n|-ability|p1a: Avalugg|Sturdy\n|-damage|p1a: Avalugg|1\/100\n|move|p1a: Avalugg|Earthquake|p2a: Armarouge\n|-supereffective|p2a: Armarouge\n|-crit|p2a: Armarouge\n|-damage|p2a: Armarouge|0 fnt\n|faint|p2a: Armarouge\n|\n|upkeep\n|\n|t:|1699414024\n|switch|p2a: Decidueye|Decidueye, M|100\/100\n|turn|18\n|\n|t:|1699414031\n|move|p2a: Decidueye|Knock Off|p1a: Avalugg\n|-damage|p1a: Avalugg|0 fnt\n|-enditem|p1a: Avalugg|Heavy-Duty Boots|[from] move: Knock Off|[of] p2a: Decidueye\n|faint|p1a: Avalugg\n|\n|upkeep\n|\n|t:|1699414033\n|switch|p1a: Corviknight|Corviknight, F|71\/100 par\n|turn|19\n|\n|t:|1699414040\n|move|p2a: Decidueye|Knock Off|p1a: Corviknight\n|-damage|p1a: Corviknight|56\/100 par\n|-damage|p2a: Decidueye|84\/100|[from] item: Rocky Helmet|[of] p1a: Corviknight\n|-enditem|p1a: Corviknight|Rocky Helmet|[from] move: Knock Off|[of] p2a: Decidueye\n|move|p1a: Corviknight|Brave Bird|p2a: Decidueye\n|-supereffective|p2a: Decidueye\n|-damage|p2a: Decidueye|27\/100\n|-damage|p1a: Corviknight|39\/100 par|[from] Recoil\n|\n|upkeep\n|turn|20\n|\n|t:|1699414050\n|move|p2a: Decidueye|Spirit Shackle|p1a: Corviknight\n|-damage|p1a: Corviknight|21\/100 par\n|-activate|p1a: Corviknight|trapped\n|move|p1a: Corviknight|Roost|p1a: Corviknight\n|-heal|p1a: Corviknight|71\/100 par\n|-singleturn|p1a: Corviknight|move: Roost\n|\n|upkeep\n|turn|21\n|\n|t:|1699414061\n|move|p2a: Decidueye|Knock Off|p1a: Corviknight\n|-damage|p1a: Corviknight|61\/100 par\n|cant|p1a: Corviknight|par\n|\n|upkeep\n|turn|22\n|\n|t:|1699414065\n|move|p2a: Decidueye|Spirit Shackle|p1a: Corviknight\n|-damage|p1a: Corviknight|43\/100 par\n|move|p1a: Corviknight|Brave Bird|p2a: Decidueye\n|-supereffective|p2a: Decidueye\n|-damage|p2a: Decidueye|0 fnt\n|faint|p2a: Decidueye\n|-damage|p1a: Corviknight|35\/100 par|[from] Recoil\n|\n|upkeep\n|\n|t:|1699414073\n|switch|p2a: Roaring Moon|Roaring Moon|100\/100\n|-enditem|p2a: Roaring Moon|Booster Energy\n|-activate|p2a: Roaring Moon|ability: Protosynthesis|[fromitem]\n|-start|p2a: Roaring Moon|protosynthesisatk\n|turn|23\n|\n|t:|1699414081\n|-terastallize|p2a: Roaring Moon|Flying\n|move|p2a: Roaring Moon|Acrobatics|p1a: Corviknight\n|-resisted|p1a: Corviknight\n|-damage|p1a: Corviknight|11\/100 par\n|cant|p1a: Corviknight|par\n|\n|upkeep\n|turn|24\n|\n|t:|1699414087\n|move|p2a: Roaring Moon|Acrobatics|p1a: Corviknight\n|-resisted|p1a: Corviknight\n|-damage|p1a: Corviknight|0 fnt\n|faint|p1a: Corviknight\n|\n|upkeep\n|\n|t:|1699414090\n|switch|p1a: Sylveon|Sylveon, M|40\/100\n|turn|25\n|\n|t:|1699414093\n|move|p1a: Sylveon|Protect|p1a: Sylveon\n|-singleturn|p1a: Sylveon|Protect\n|move|p2a: Roaring Moon|Acrobatics|p1a: Sylveon\n|-activate|p1a: Sylveon|move: Protect\n|\n|-heal|p1a: Sylveon|46\/100|[from] item: Leftovers\n|upkeep\n|turn|26\n|\n|t:|1699414100\n|move|p2a: Roaring Moon|Acrobatics|p1a: Sylveon\n|-damage|p1a: Sylveon|0 fnt\n|faint|p1a: Sylveon\n|\n|upkeep\n|\n|t:|1699414102\n|switch|p1a: Regidrago|Regidrago|100\/100\n|turn|27\n|c|\u2606w0909|here we go\n|\n|t:|1699414113\n|-terastallize|p1a: Regidrago|Steel\n|move|p2a: Roaring Moon|Acrobatics|p1a: Regidrago\n|-resisted|p1a: Regidrago\n|-crit|p1a: Regidrago\n|-damage|p1a: Regidrago|25\/100\n|move|p1a: Regidrago|Dragon Pulse|p2a: Roaring Moon\n|-damage|p2a: Roaring Moon|24\/100\n|\n|upkeep\n|turn|28\n|c|\u2606w0909|ggs\n|c|\u2606w0909|your win\n|\n|t:|1699414122\n|move|p2a: Roaring Moon|Earthquake|p1a: Regidrago\n|-supereffective|p1a: Regidrago\n|-damage|p1a: Regidrago|0 fnt\n|faint|p1a: Regidrago\n|\n|win|FoxasBat\n|c|\u2606FoxasBat|ggs\n|c|\u2606w0909|nice game\n|c|\u2606FoxasBat|u got save?\n|c|\u2606w0909|yes\n|c|\u2606FoxasBat|that was great\n|l|\u2606FoxasBat\n","uploadtime":1699414138,"views":6,"p1id":"w0909","p2id":"foxasbat","formatid":"gen9nationaldexubers","rating":0,"private":0,"password":""}