{"id":"gen9nationaldexubers-1987695063","p1":"ResearcherShrapnel","p2":"longtoudis","format":"[Gen 9] National Dex Ubers","log":"|j|\u203dResearcherShrapnel\n|j|\u2606longtoudis\n|t:|1699628440\n|gametype|singles\n|player|p1|ResearcherShrapnel|allister|1310\n|player|p2|longtoudis|korrina|1316\n|teamsize|p1|6\n|teamsize|p2|6\n|gen|9\n|tier|[Gen 9] National Dex Ubers\n|rated|\n|rule|HP Percentage Mod: HP is shown in percentages\n|rule|Endless Battle Clause: Forcing endless battles is banned\n|rule|OHKO Clause: OHKO moves are banned\n|rule|Evasion Moves Clause: Evasion moves are banned\n|rule|Evasion Items Clause: Evasion items are banned\n|rule|Species Clause: Limit one of each Pok\u00e9mon\n|rule|Sleep Clause Mod: Limit one foe put to sleep\n|rule|Mega Rayquaza Clause: You cannot mega evolve Rayquaza\n|clearpoke\n|poke|p1|Ho-Oh|\n|poke|p1|Zygarde|\n|poke|p1|Marshadow|\n|poke|p1|Groudon|\n|poke|p1|Porygon-Z|\n|poke|p1|Xerneas-*|\n|poke|p2|Reshiram|\n|poke|p2|Kyurem-Black|\n|poke|p2|Shuckle, M|\n|poke|p2|Cyclizar, M|\n|poke|p2|Kyogre|\n|poke|p2|Rayquaza|\n|teampreview\n|inactive|Battle timer is ON: inactive players will automatically lose when time's up. (requested by ResearcherShrapnel)\n|\n|t:|1699628456\n|start\n|switch|p1a: Porygon-Z|Porygon-Z|100\/100\n|switch|p2a: Kyurem|Kyurem-Black|100\/100\n|-ability|p2a: Kyurem|Teravolt\n|turn|1\n|l|\u203dResearcherShrapnel\n|inactive|ResearcherShrapnel disconnected and has a minute to reconnect!\n|player|p1|\n|\n|t:|1699628465\n|switch|p2a: Shuckle|Shuckle, M|100\/100\n|-zpower|p1a: Porygon-Z\n|move|p1a: Porygon-Z|Z-Conversion|p1a: Porygon-Z|[anim]Conversion\n|-boost|p1a: Porygon-Z|atk|1|[zeffect]\n|-boost|p1a: Porygon-Z|def|1|[zeffect]\n|-boost|p1a: Porygon-Z|spa|1|[zeffect]\n|-boost|p1a: Porygon-Z|spd|1|[zeffect]\n|-boost|p1a: Porygon-Z|spe|1|[zeffect]\n|-start|p1a: Porygon-Z|typechange|Ghost\n|\n|upkeep\n|turn|2\n|j|\u203dResearcherShrapnel\n|inactive|ResearcherShrapnel reconnected and has 140 seconds left.\n|player|p1|ResearcherShrapnel|allister\n|n|\u203dResearcherShrapnel|researchershrapnel\n|\n|t:|1699628486\n|move|p1a: Porygon-Z|Shadow Ball|p2a: Shuckle\n|-damage|p2a: Shuckle|57\/100\n|move|p2a: Shuckle|Encore|p1a: Porygon-Z\n|-start|p1a: Porygon-Z|Encore\n|\n|upkeep\n|turn|3\n|\n|t:|1699628493\n|switch|p2a: Cyclizar|Cyclizar, M|100\/100\n|move|p1a: Porygon-Z|Shadow Ball|p2a: Cyclizar\n|-immune|p2a: Cyclizar\n|\n|upkeep\n|turn|4\n|\n|t:|1699628500\n|move|p2a: Cyclizar|Shed Tail|p2a: Cyclizar\n|-start|p2a: Cyclizar|Substitute|[from] move: Shed Tail\n|-damage|p2a: Cyclizar|50\/100\n|\n|t:|1699628507\n|switch|p2a: Kyurem|Kyurem-Black|100\/100|[from] Shed Tail\n|-ability|p2a: Kyurem|Teravolt\n|move|p1a: Porygon-Z|Shadow Ball|p2a: Kyurem\n|-end|p2a: Kyurem|Substitute\n|\n|upkeep\n|turn|5\n|\n|t:|1699628517\n|switch|p2a: Cyclizar|Cyclizar, M|83\/100\n|move|p1a: Porygon-Z|Shadow Ball|p2a: Cyclizar\n|-immune|p2a: Cyclizar\n|\n|-end|p1a: Porygon-Z|Encore\n|upkeep\n|turn|6\n|\n|t:|1699628530\n|move|p2a: Cyclizar|Shed Tail|p2a: Cyclizar\n|-start|p2a: Cyclizar|Substitute|[from] move: Shed Tail\n|-damage|p2a: Cyclizar|33\/100\n|\n|t:|1699628535\n|switch|p2a: Shuckle|Shuckle, M|57\/100|[from] Shed Tail\n|move|p1a: Porygon-Z|Ice Beam|p2a: Shuckle\n|-activate|p2a: Shuckle|move: Substitute|[damage]\n|\n|upkeep\n|turn|7\n|\n|t:|1699628543\n|move|p1a: Porygon-Z|Ice Beam|p2a: Shuckle\n|-end|p2a: Shuckle|Substitute\n|move|p2a: Shuckle|Encore|p1a: Porygon-Z\n|-start|p1a: Porygon-Z|Encore\n|\n|upkeep\n|turn|8\n|\n|t:|1699628551\n|switch|p2a: Kyogre|Kyogre|100\/100\n|detailschange|p2a: Kyogre|Kyogre-Primal\n|-primal|p2a: Kyogre|Blue Orb\n|-weather|PrimordialSea|[from] ability: Primordial Sea|[of] p2a: Kyogre\n|move|p1a: Porygon-Z|Ice Beam|p2a: Kyogre\n|-resisted|p2a: Kyogre\n|-damage|p2a: Kyogre|85\/100\n|\n|-weather|PrimordialSea|[upkeep]\n|upkeep\n|turn|9\n|\n|t:|1699628562\n|move|p1a: Porygon-Z|Ice Beam|p2a: Kyogre\n|-resisted|p2a: Kyogre\n|-damage|p2a: Kyogre|70\/100\n|move|p2a: Kyogre|Water Spout|p1a: Porygon-Z\n|-damage|p1a: Porygon-Z|6\/100\n|\n|-weather|PrimordialSea|[upkeep]\n|upkeep\n|turn|10\n|\n|t:|1699628576\n|move|p1a: Porygon-Z|Ice Beam|p2a: Kyogre\n|-resisted|p2a: Kyogre\n|-damage|p2a: Kyogre|53\/100\n|move|p2a: Kyogre|Earthquake|p1a: Porygon-Z\n|-damage|p1a: Porygon-Z|0 fnt\n|faint|p1a: Porygon-Z\n|\n|-weather|PrimordialSea|[upkeep]\n|upkeep\n|\n|t:|1699628581\n|switch|p1a: Groudon|Groudon, shiny|100\/100\n|detailschange|p1a: Groudon|Groudon-Primal, shiny\n|-primal|p1a: Groudon|Red Orb\n|-weather|DesolateLand|[from] ability: Desolate Land|[of] p1a: Groudon\n|turn|11\n|\n|t:|1699628595\n|switch|p2a: Rayquaza|Rayquaza|100\/100\n|-ability|p2a: Rayquaza|Air Lock\n|move|p1a: Groudon|Stone Edge|p2a: Rayquaza\n|-supereffective|p2a: Rayquaza\n|-damage|p2a: Rayquaza|0 fnt\n|faint|p2a: Rayquaza\n|\n|-weather|DesolateLand|[upkeep]\n|upkeep\n|\n|t:|1699628605\n|switch|p2a: Kyogre|Kyogre-Primal|53\/100\n|-weather|PrimordialSea|[from] ability: Primordial Sea|[of] p2a: Kyogre\n|turn|12\n|\n|t:|1699628612\n|switch|p1a: Xerneas|Xerneas|100\/100\n|-ability|p1a: Xerneas|Fairy Aura\n|move|p2a: Kyogre|Water Spout|p1a: Xerneas\n|-damage|p1a: Xerneas|29\/100\n|\n|-weather|PrimordialSea|[upkeep]\n|upkeep\n|turn|13\n|\n|t:|1699628621\n|move|p2a: Kyogre|Water Spout|p1a: Xerneas\n|-damage|p1a: Xerneas|0 fnt\n|faint|p1a: Xerneas\n|\n|-weather|PrimordialSea|[upkeep]\n|upkeep\n|\n|t:|1699628624\n|switch|p1a: Groudon|Groudon-Primal, shiny|100\/100\n|-weather|DesolateLand|[from] ability: Desolate Land|[of] p1a: Groudon\n|turn|14\n|\n|t:|1699628634\n|switch|p2a: Cyclizar|Cyclizar, M|66\/100\n|move|p1a: Groudon|Stone Edge|p2a: Cyclizar\n|-damage|p2a: Cyclizar|0 fnt\n|faint|p2a: Cyclizar\n|\n|-weather|DesolateLand|[upkeep]\n|upkeep\n|\n|t:|1699628644\n|switch|p2a: Shuckle|Shuckle, M|57\/100\n|turn|15\n|\n|t:|1699628649\n|-terastallize|p2a: Shuckle|Dragon\n|move|p1a: Groudon|Heat Crash|p2a: Shuckle\n|-resisted|p2a: Shuckle\n|-damage|p2a: Shuckle|10\/100\n|-damage|p1a: Groudon|84\/100|[from] item: Rocky Helmet|[of] p2a: Shuckle\n|move|p2a: Shuckle|Sticky Web|p1a: Groudon\n|-sidestart|p1: ResearcherShrapnel|move: Sticky Web\n|\n|-weather|DesolateLand|[upkeep]\n|upkeep\n|turn|16\n|\n|t:|1699628659\n|move|p1a: Groudon|Stone Edge|p2a: Shuckle\n|-damage|p2a: Shuckle|0 fnt\n|faint|p2a: Shuckle\n|\n|-weather|DesolateLand|[upkeep]\n|upkeep\n|\n|t:|1699628664\n|switch|p2a: Kyogre|Kyogre-Primal|53\/100\n|-weather|PrimordialSea|[from] ability: Primordial Sea|[of] p2a: Kyogre\n|turn|17\n|\n|t:|1699628673\n|switch|p1a: Marshadow|Marshadow|100\/100\n|-activate|p1a: Marshadow|move: Sticky Web\n|-unboost|p1a: Marshadow|spe|1\n|move|p2a: Kyogre|Origin Pulse|p1a: Marshadow\n|-damage|p1a: Marshadow|0 fnt\n|faint|p1a: Marshadow\n|\n|-weather|PrimordialSea|[upkeep]\n|upkeep\n|\n|t:|1699628675\n|switch|p1a: Groudon|Groudon-Primal, shiny|84\/100\n|-activate|p1a: Groudon|move: Sticky Web\n|-unboost|p1a: Groudon|spe|1\n|-weather|DesolateLand|[from] ability: Desolate Land|[of] p1a: Groudon\n|turn|18\n|\n|t:|1699628687\n|move|p2a: Kyogre|Earthquake|p1a: Groudon\n|-supereffective|p1a: Groudon\n|-damage|p1a: Groudon|46\/100\n|move|p1a: Groudon|Stone Edge|p2a: Kyogre\n|-damage|p2a: Kyogre|0 fnt\n|faint|p2a: Kyogre\n|\n|-weather|DesolateLand|[upkeep]\n|upkeep\n|\n|t:|1699628698\n|switch|p2a: Reshiram|Reshiram|100\/100\n|-ability|p2a: Reshiram|Turboblaze\n|turn|19\n|\n|t:|1699628704\n|move|p2a: Reshiram|Blue Flare|p1a: Groudon\n|-resisted|p1a: Groudon\n|-damage|p1a: Groudon|0 fnt\n|faint|p1a: Groudon\n|-weather|none\n|-damage|p2a: Reshiram|91\/100|[from] item: Life Orb\n|\n|upkeep\n|\n|t:|1699628709\n|switch|p1a: Ho-Oh|Ho-Oh|100\/100\n|turn|20\n|l|\u203dResearcherShrapnel\n|inactive|ResearcherShrapnel disconnected and has a minute to reconnect!\n|player|p1|\n|\n|t:|1699628718\n|move|p2a: Reshiram|Outrage|p1a: Ho-Oh\n|-damage|p1a: Ho-Oh|42\/100\n|-damage|p2a: Reshiram|81\/100|[from] item: Life Orb\n|move|p1a: Ho-Oh|Defog|p2a: Reshiram\n|-unboost|p2a: Reshiram|evasion|1\n|-sideend|p1: ResearcherShrapnel|Sticky Web|[from] move: Defog|[of] p1a: Ho-Oh\n|\n|upkeep\n|turn|21\n|j|\u203dResearcherShrapnel\n|inactive|ResearcherShrapnel reconnected and has 145 seconds left.\n|player|p1|ResearcherShrapnel|allister\n|n|\u203dResearcherShrapnel|researchershrapnel\n|\n|t:|1699628734\n|move|p2a: Reshiram|Outrage|p1a: Ho-Oh|[from]lockedmove\n|-damage|p1a: Ho-Oh|0 fnt\n|faint|p1a: Ho-Oh\n|-damage|p2a: Reshiram|71\/100|[from] item: Life Orb\n|-start|p2a: Reshiram|confusion|[fatigue]\n|\n|upkeep\n|\n|t:|1699628737\n|switch|p1a: Zygarde|Zygarde, shiny|100\/100\n|turn|22\n|\n|t:|1699628744\n|-terastallize|p1a: Zygarde|Normal\n|move|p1a: Zygarde|Extreme Speed|p2a: Reshiram\n|-damage|p2a: Reshiram|38\/100\n|-activate|p2a: Reshiram|confusion\n|-damage|p2a: Reshiram|26\/100|[from] confusion\n|\n|upkeep\n|turn|23\n|\n|t:|1699628754\n|move|p1a: Zygarde|Extreme Speed|p2a: Reshiram\n|-damage|p2a: Reshiram|0 fnt\n|faint|p2a: Reshiram\n|\n|upkeep\n|\n|t:|1699628759\n|switch|p2a: Kyurem|Kyurem-Black|100\/100\n|-ability|p2a: Kyurem|Teravolt\n|turn|24\n|\n|t:|1699628766\n|move|p1a: Zygarde|Extreme Speed|p2a: Kyurem\n|-damage|p2a: Kyurem|76\/100\n|move|p2a: Kyurem|Icicle Spear|p1a: Zygarde\n|-damage|p1a: Zygarde|91\/100\n|-damage|p1a: Zygarde|80\/100\n|-damage|p1a: Zygarde|70\/100\n|-damage|p1a: Zygarde|59\/100\n|-damage|p1a: Zygarde|48\/100\n|-hitcount|p1a: Zygarde|5\n|\n|-activate|p1a: Zygarde|ability: Power Construct\n|detailschange|p1a: Zygarde|Zygarde-Complete, shiny, tera:Normal\n|-heal|p1a: Zygarde|66\/100|[silent]\n|upkeep\n|turn|25\n|\n|t:|1699628781\n|move|p2a: Kyurem|Dragon Dance|p2a: Kyurem\n|-boost|p2a: Kyurem|atk|1\n|-boost|p2a: Kyurem|spe|1\n|move|p1a: Zygarde|Thousand Arrows|p2a: Kyurem\n|-crit|p2a: Kyurem\n|-damage|p2a: Kyurem|30\/100\n|\n|upkeep\n|turn|26\n|\n|t:|1699628789\n|move|p1a: Zygarde|Extreme Speed|p2a: Kyurem\n|-damage|p2a: Kyurem|5\/100\n|move|p2a: Kyurem|Icicle Spear|p1a: Zygarde\n|-damage|p1a: Zygarde|56\/100\n|-damage|p1a: Zygarde|46\/100\n|-damage|p1a: Zygarde|36\/100\n|-damage|p1a: Zygarde|25\/100\n|-damage|p1a: Zygarde|15\/100\n|-hitcount|p1a: Zygarde|5\n|\n|upkeep\n|turn|27\n|\n|t:|1699628799\n|move|p1a: Zygarde|Extreme Speed|p2a: Kyurem\n|-damage|p2a: Kyurem|0 fnt\n|faint|p2a: Kyurem\n|\n|win|ResearcherShrapnel\n|raw|ResearcherShrapnel's rating: 1310 &rarr; <strong>1330<\/strong><br \/>(+20 for winning)\n|raw|longtoudis's rating: 1316 &rarr; <strong>1296<\/strong><br \/>(-20 for losing)\n|c|\u2606longtoudis|gg\n","uploadtime":1699628805,"views":4,"p1id":"researchershrapnel","p2id":"longtoudis","formatid":"gen9nationaldexubers","rating":1296,"private":0,"password":""}