{"id":"gen9nationaldexubers-1980632291","p1":"SkillzBP","p2":"ILikeSalads","format":"[Gen 9] National Dex Ubers","log":"|j|\u2606SkillzBP\n|j|\u2606ILikeSalads\n|t:|1698805528\n|gametype|singles\n|player|p1|SkillzBP|hau|\n|player|p2|ILikeSalads|bugsy|\n|teamsize|p1|6\n|teamsize|p2|6\n|gen|9\n|tier|[Gen 9] National Dex Ubers\n|rule|HP Percentage Mod: HP is shown in percentages\n|rule|Endless Battle Clause: Forcing endless battles is banned\n|rule|OHKO Clause: OHKO moves are banned\n|rule|Evasion Moves Clause: Evasion moves are banned\n|rule|Evasion Items Clause: Evasion items are banned\n|rule|Species Clause: Limit one of each Pok\u00e9mon\n|rule|Sleep Clause Mod: Limit one foe put to sleep\n|rule|Mega Rayquaza Clause: You cannot mega evolve Rayquaza\n|clearpoke\n|poke|p1|Pelipper, M|\n|poke|p1|Slowbro, F|\n|poke|p1|Urshifu-*, F|\n|poke|p1|Walking Wake|\n|poke|p1|Crawdaunt, M|\n|poke|p1|Swampert, F|\n|poke|p2|Galvantula, F|\n|poke|p2|Nihilego|\n|poke|p2|Corviknight, M|\n|poke|p2|Charizard, M|\n|poke|p2|Rillaboom, M|\n|poke|p2|Urshifu-*, F|\n|teampreview\n|inactive|Battle timer is ON: inactive players will automatically lose when time's up. (requested by SkillzBP)\n|j| A_Gamer8414\n|\n|t:|1698805540\n|start\n|switch|p1a: Divorced Father|Pelipper, M|100\/100\n|switch|p2a: Wanderer|Galvantula, F|100\/100\n|-weather|RainDance|[from] ability: Drizzle|[of] p1a: Divorced Father\n|turn|1\n|c|\u2606SkillzBP|glhf!\n|\n|t:|1698805549\n|switch|p1a: Dwayne Johnson|Swampert, F|100\/100\n|move|p2a: Wanderer|Thunder|p1a: Dwayne Johnson\n|-immune|p1a: Dwayne Johnson\n|\n|-weather|RainDance|[upkeep]\n|upkeep\n|turn|2\n|c|\u2606SkillzBP|also whats your tera mon btw\n|\n|t:|1698805557\n|detailschange|p1a: Dwayne Johnson|Swampert-Mega, F\n|-mega|p1a: Dwayne Johnson|Swampert|Swampertite\n|move|p1a: Dwayne Johnson|Flip Turn|p2a: Wanderer\n|-enditem|p2a: Wanderer|Focus Sash\n|-damage|p2a: Wanderer|1\/100\n|\n|t:|1698805573\n|switch|p1a: That crab I hate|Crawdaunt, M|100\/100|[from] Flip Turn\n|move|p2a: Wanderer|Energy Ball|p1a: That crab I hate\n|-supereffective|p1a: That crab I hate\n|-damage|p1a: That crab I hate|0 fnt\n|faint|p1a: That crab I hate\n|\n|-weather|RainDance|[upkeep]\n|upkeep\n|\n|t:|1698805587\n|switch|p1a: Dwayne Johnson|Swampert-Mega, F|100\/100\n|turn|3\n|c|\u2606ILikeSalads|tera fire rillaboom\n|\n|t:|1698805595\n|move|p1a: Dwayne Johnson|Liquidation|p2a: Wanderer\n|-damage|p2a: Wanderer|0 fnt\n|faint|p2a: Wanderer\n|\n|-weather|RainDance|[upkeep]\n|upkeep\n|c|\u2606SkillzBP|kk got it\n|\n|t:|1698805623\n|switch|p2a: hehe drum hit|Rillaboom, M|100\/100\n|-fieldstart|move: Grassy Terrain|[from] ability: Grassy Surge|[of] p2a: hehe drum hit\n|turn|4\n|j| AegiSwaggy\n|j| Astro Rifk\n|c| AegiSwaggy|dwayne johnson lol\n|\n|t:|1698805652\n|switch|p1a: Single mother of 2|Slowbro, F|100\/100\n|move|p2a: hehe drum hit|Grassy Glide|p1a: Single mother of 2\n|-supereffective|p1a: Single mother of 2\n|-damage|p1a: Single mother of 2|46\/100\n|-damage|p2a: hehe drum hit|84\/100|[from] item: Rocky Helmet|[of] p1a: Single mother of 2\n|\n|-weather|RainDance|[upkeep]\n|-heal|p2a: hehe drum hit|90\/100|[from] Grassy Terrain\n|-heal|p1a: Single mother of 2|52\/100|[from] Grassy Terrain\n|upkeep\n|turn|5\n|\n|t:|1698805668\n|move|p2a: hehe drum hit|Grassy Glide|p1a: Single mother of 2\n|-supereffective|p1a: Single mother of 2\n|-damage|p1a: Single mother of 2|0 fnt\n|-damage|p2a: hehe drum hit|74\/100|[from] item: Rocky Helmet|[of] p1a: Single mother of 2\n|faint|p1a: Single mother of 2\n|\n|-weather|none\n|-heal|p2a: hehe drum hit|80\/100|[from] Grassy Terrain\n|upkeep\n|\n|t:|1698805671\n|switch|p1a: Divorced Father|Pelipper, M|100\/100\n|-weather|RainDance|[from] ability: Drizzle|[of] p1a: Divorced Father\n|turn|6\n|\n|t:|1698805684\n|switch|p2a: john|Corviknight, M|100\/100\n|move|p1a: Divorced Father|Hurricane|p2a: john\n|-resisted|p2a: john\n|-crit|p2a: john\n|-damage|p2a: john|63\/100\n|\n|-weather|RainDance|[upkeep]\n|upkeep\n|turn|7\n|\n|t:|1698805691\n|move|p2a: john|Roost|p2a: john\n|-heal|p2a: john|100\/100\n|-singleturn|p2a: john|move: Roost\n|move|p1a: Divorced Father|Hydro Pump|p2a: john\n|-damage|p2a: john|26\/100\n|\n|-weather|RainDance|[upkeep]\n|-heal|p2a: john|32\/100|[from] Grassy Terrain\n|upkeep\n|turn|8\n|\n|t:|1698805701\n|move|p2a: john|U-turn|p1a: Divorced Father\n|-resisted|p1a: Divorced Father\n|-damage|p1a: Divorced Father|93\/100\n|\n|t:|1698805728\n|switch|p2a: Harold|Nihilego|100\/100|[from] U-turn\n|move|p1a: Divorced Father|Hydro Pump|p2a: Harold|[miss]\n|-miss|p1a: Divorced Father|p2a: Harold\n|\n|-weather|RainDance|[upkeep]\n|-fieldend|move: Grassy Terrain\n|upkeep\n|turn|9\n|c| Astro Rifk|YOOO ITS JOHN U TURN\n|inactive|ILikeSalads has 270 seconds left.\n|inactive|SkillzBP has 270 seconds left.\n|\n|t:|1698805760\n|switch|p1a: Dwayne Johnson|Swampert-Mega, F|100\/100\n|move|p2a: Harold|Power Gem|p1a: Dwayne Johnson\n|-resisted|p1a: Dwayne Johnson\n|-damage|p1a: Dwayne Johnson|84\/100\n|\n|-weather|RainDance|[upkeep]\n|upkeep\n|turn|10\n|\n|t:|1698805768\n|switch|p2a: john|Corviknight, M|32\/100\n|move|p1a: Dwayne Johnson|Liquidation|p2a: john\n|-crit|p2a: john\n|-damage|p2a: john|0 fnt\n|-damage|p1a: Dwayne Johnson|67\/100|[from] item: Rocky Helmet|[of] p2a: john\n|faint|p2a: john\n|\n|-weather|none\n|upkeep\n|inactive|ILikeSalads has 270 seconds left.\n|\n|t:|1698805786\n|switch|p2a: hehe drum hit|Rillaboom, M|80\/100\n|-fieldstart|move: Grassy Terrain|[from] ability: Grassy Surge|[of] p2a: hehe drum hit\n|turn|11\n|\n|t:|1698805804\n|switch|p1a: Divorced Father|Pelipper, M|93\/100\n|-weather|RainDance|[from] ability: Drizzle|[of] p1a: Divorced Father\n|move|p2a: hehe drum hit|Grassy Glide|p1a: Divorced Father\n|-crit|p1a: Divorced Father\n|-damage|p1a: Divorced Father|24\/100\n|\n|-weather|RainDance|[upkeep]\n|-heal|p2a: hehe drum hit|86\/100|[from] Grassy Terrain\n|upkeep\n|turn|12\n|\n|t:|1698805814\n|move|p2a: hehe drum hit|Grassy Glide|p1a: Divorced Father\n|-damage|p1a: Divorced Father|0 fnt\n|faint|p1a: Divorced Father\n|\n|-weather|RainDance|[upkeep]\n|-heal|p2a: hehe drum hit|92\/100|[from] Grassy Terrain\n|upkeep\n|\n|t:|1698805820\n|switch|p1a: Wakinator|Walking Wake|100\/100\n|turn|13\n|inactive|SkillzBP has 270 seconds left.\n|\n|t:|1698805845\n|switch|p2a: Harold|Nihilego|100\/100\n|move|p1a: Wakinator|Hurricane|p2a: Harold\n|-resisted|p2a: Harold\n|-crit|p2a: Harold\n|-damage|p2a: Harold|73\/100\n|-start|p2a: Harold|confusion\n|\n|-weather|RainDance|[upkeep]\n|-heal|p2a: Harold|79\/100|[from] Grassy Terrain\n|upkeep\n|turn|14\n|inactive|SkillzBP has 270 seconds left.\n|\n|t:|1698805855\n|-end|p1a: Wakinator|Protosynthesis|[silent]\n|switch|p1a: Dwayne Johnson|Swampert-Mega, F|67\/100\n|-activate|p2a: Harold|confusion\n|move|p2a: Harold|Power Gem|p1a: Dwayne Johnson\n|-resisted|p1a: Dwayne Johnson\n|-damage|p1a: Dwayne Johnson|49\/100\n|\n|-weather|RainDance|[upkeep]\n|-heal|p1a: Dwayne Johnson|55\/100|[from] Grassy Terrain\n|-heal|p2a: Harold|85\/100|[from] Grassy Terrain\n|upkeep\n|turn|15\n|\n|t:|1698805865\n|move|p1a: Dwayne Johnson|Flip Turn|p2a: Harold\n|-supereffective|p2a: Harold\n|-damage|p2a: Harold|0 fnt\n|faint|p2a: Harold\n|\n|t:|1698805869\n|switch|p1a: Wakinator|Walking Wake|100\/100|[from] Flip Turn\n|\n|-weather|none\n|-fieldend|move: Grassy Terrain\n|upkeep\n|\n|t:|1698805885\n|switch|p2a: hehe drum hit|Rillaboom, M|92\/100\n|-fieldstart|move: Grassy Terrain|[from] ability: Grassy Surge|[of] p2a: hehe drum hit\n|turn|16\n|\n|t:|1698805902\n|-terastallize|p2a: hehe drum hit|Fire\n|move|p2a: hehe drum hit|Grassy Glide|p1a: Wakinator\n|-damage|p1a: Wakinator|56\/100\n|move|p1a: Wakinator|Flamethrower|p2a: hehe drum hit\n|-resisted|p2a: hehe drum hit\n|-damage|p2a: hehe drum hit|59\/100\n|\n|-heal|p1a: Wakinator|62\/100|[from] Grassy Terrain\n|-heal|p2a: hehe drum hit|66\/100|[from] Grassy Terrain\n|upkeep\n|turn|17\n|\n|t:|1698805917\n|-end|p1a: Wakinator|Protosynthesis|[silent]\n|switch|p1a: Dwayne Johnson|Swampert-Mega, F|55\/100\n|switch|p2a: serial bowel|Urshifu-Rapid-Strike, F|100\/100\n|\n|-heal|p1a: Dwayne Johnson|61\/100|[from] Grassy Terrain\n|upkeep\n|turn|18\n|c| Astro Rifk|the cook\n|inactive|SkillzBP has 270 seconds left.\n|\n|t:|1698805944\n|move|p2a: serial bowel|Surging Strikes|p1a: Dwayne Johnson\n|-crit|p1a: Dwayne Johnson\n|-damage|p1a: Dwayne Johnson|43\/100\n|-crit|p1a: Dwayne Johnson\n|-damage|p1a: Dwayne Johnson|25\/100\n|-crit|p1a: Dwayne Johnson\n|-damage|p1a: Dwayne Johnson|7\/100\n|-hitcount|p1a: Dwayne Johnson|3\n|move|p1a: Dwayne Johnson|Flip Turn|p2a: serial bowel\n|-resisted|p2a: serial bowel\n|-damage|p2a: serial bowel|80\/100\n|inactive|SkillzBP has 270 seconds left.\n|c| AegiSwaggy|oh gamer btw\n|c| AegiSwaggy|are you still up for a challenge\n|inactive|SkillzBP has 240 seconds left.\n|\n|t:|1698805981\n|switch|p1a: Wakinator|Walking Wake|62\/100|[from] Flip Turn\n|\n|-heal|p2a: serial bowel|86\/100|[from] Grassy Terrain\n|-heal|p1a: Wakinator|68\/100|[from] Grassy Terrain\n|upkeep\n|turn|19\n|inactive|SkillzBP has 240 seconds left.\n|\n|t:|1698806000\n|switch|p2a: hehe drum hit|Rillaboom, M, tera:Fire|66\/100\n|move|p1a: Wakinator|Draco Meteor|p2a: hehe drum hit\n|-damage|p2a: hehe drum hit|0 fnt\n|-unboost|p1a: Wakinator|spa|2\n|faint|p2a: hehe drum hit\n|\n|-heal|p1a: Wakinator|75\/100|[from] Grassy Terrain\n|upkeep\n|\n|t:|1698806006\n|switch|p2a: serial bowel|Urshifu-Rapid-Strike, F|86\/100\n|turn|20\n|\n|t:|1698806010\n|-end|p1a: Wakinator|Protosynthesis|[silent]\n|switch|p1a: Dwayne Johnson|Swampert-Mega, F|7\/100\n|move|p2a: serial bowel|Close Combat|p1a: Dwayne Johnson\n|-damage|p1a: Dwayne Johnson|0 fnt\n|-unboost|p2a: serial bowel|def|1\n|-unboost|p2a: serial bowel|spd|1\n|faint|p1a: Dwayne Johnson\n|\n|-heal|p2a: serial bowel|93\/100|[from] Grassy Terrain\n|-fieldend|move: Grassy Terrain\n|upkeep\n|\n|t:|1698806015\n|switch|p1a: bear(?)|Urshifu-Rapid-Strike, F|100\/100\n|turn|21\n|c| A_Gamer8414|not tonight\n|\n|t:|1698806021\n|switch|p2a: Infernal|Charizard, M|100\/100\n|move|p1a: bear(?)|Surging Strikes|p2a: Infernal\n|-supereffective|p2a: Infernal\n|-crit|p2a: Infernal\n|-damage|p2a: Infernal|40\/100\n|-supereffective|p2a: Infernal\n|-crit|p2a: Infernal\n|-damage|p2a: Infernal|0 fnt\n|faint|p2a: Infernal\n|-hitcount|p2: Infernal|2\n|\n|upkeep\n|\n|t:|1698806026\n|switch|p2a: serial bowel|Urshifu-Rapid-Strike, F|93\/100\n|turn|22\n|c| AegiSwaggy|all good\n|inactive|SkillzBP has 270 seconds left.\n|c| AegiSwaggy|do you know what time youll be free tomorrow?\n|inactive|SkillzBP has 240 seconds left.\n|\n|t:|1698806064\n|-terastallize|p1a: bear(?)|Water\n|move|p2a: serial bowel|Close Combat|p1a: bear(?)\n|-damage|p1a: bear(?)|32\/100\n|-unboost|p2a: serial bowel|def|1\n|-unboost|p2a: serial bowel|spd|1\n|move|p1a: bear(?)|Surging Strikes|p2a: serial bowel\n|-resisted|p2a: serial bowel\n|-crit|p2a: serial bowel\n|-damage|p2a: serial bowel|72\/100\n|-resisted|p2a: serial bowel\n|-crit|p2a: serial bowel\n|-damage|p2a: serial bowel|51\/100\n|-resisted|p2a: serial bowel\n|-crit|p2a: serial bowel\n|-damage|p2a: serial bowel|30\/100\n|-hitcount|p2a: serial bowel|3\n|\n|upkeep\n|turn|23\n|\n|t:|1698806070\n|move|p2a: serial bowel|Close Combat|p1a: bear(?)\n|-damage|p1a: bear(?)|0 fnt\n|-unboost|p2a: serial bowel|def|1\n|-unboost|p2a: serial bowel|spd|1\n|faint|p1a: bear(?)\n|\n|upkeep\n|\n|t:|1698806073\n|switch|p1a: Wakinator|Walking Wake|75\/100\n|turn|24\n|c| A_Gamer8414|i wont br fre tomorrow bc i have school in the morning\/afternoon and have work in the evening\n|\n|t:|1698806080\n|move|p2a: serial bowel|Close Combat|p1a: Wakinator\n|-damage|p1a: Wakinator|6\/100\n|-unboost|p2a: serial bowel|def|1\n|-unboost|p2a: serial bowel|spd|1\n|move|p1a: Wakinator|Flamethrower|p2a: serial bowel\n|-resisted|p2a: serial bowel\n|-damage|p2a: serial bowel|0 fnt\n|faint|p2a: serial bowel\n|\n|win|SkillzBP\n|c|\u2606SkillzBP|gg\n|c|\u2606ILikeSalads|gg\n|c| A_Gamer8414|thursday ill be free in the afternoon\n|c|\u2606SkillzBP|wait crap i completely forgot to save the first replay\n|c| AegiSwaggy|okay\n|c|\u2606SkillzBP|do you still have that tab open\n|c|\u2606ILikeSalads|ye\n|c|\u2606ILikeSalads|https:\/\/replay.pokemonshowdown.com\/gen9nationaldex-1980628885\n|l| AegiSwaggy\n|c|\u2606SkillzBP|awesome thank you\n|c|\u2606SkillzBP|great games!\n|l| A_Gamer8414\n|l|\u2606ILikeSalads\n","uploadtime":1698806171,"views":24,"p1id":"skillzbp","p2id":"ilikesalads","formatid":"gen9nationaldexubers","rating":0,"private":0,"password":""}