{"id":"gen9nationaldexubers-1983235845","p1":"Neosouls","p2":"Half_A_Ako","format":"[Gen 9] National Dex Ubers","log":"|j|\u2606Neosouls\n|j|\u2606Half_A_Ako\n|t:|1699108770\n|gametype|singles\n|player|p1|Neosouls|marlon|\n|player|p2|Half_A_Ako|victor-dojo|\n|teamsize|p1|4\n|teamsize|p2|5\n|gen|9\n|tier|[Gen 9] National Dex Ubers\n|rule|HP Percentage Mod: HP is shown in percentages\n|rule|Endless Battle Clause: Forcing endless battles is banned\n|rule|OHKO Clause: OHKO moves are banned\n|rule|Evasion Moves Clause: Evasion moves are banned\n|rule|Evasion Items Clause: Evasion items are banned\n|rule|Species Clause: Limit one of each Pok\u00e9mon\n|rule|Sleep Clause Mod: Limit one foe put to sleep\n|rule|Mega Rayquaza Clause: You cannot mega evolve Rayquaza\n|clearpoke\n|poke|p1|Torterra, L32, M|\n|poke|p1|Croconaw, L25, F|\n|poke|p1|Vaporeon, L28, M|\n|poke|p1|Lucario, L30, M|\n|poke|p2|Dartrix, L26, M|\n|poke|p2|Gabite, L26, F|\n|poke|p2|Luxray, L30, M|\n|poke|p2|Darmanitan-Galar, L15, F|\n|poke|p2|Politoed, L25, F|\n|teampreview\n|c|\u2606Half_A_Ako|straf\n|\n|t:|1699108789\n|start\n|switch|p1a: Croconaw|Croconaw, L25, F|100\/100\n|switch|p2a: Robindibou|Dartrix, L26, M|100\/100\n|turn|1\n|c|\u2606Neosouls|C'est une assistante prof\n|c|\u2606Neosouls|normal\n|\n|t:|1699108805\n|move|p2a: Robindibou|Razor Leaf|p1a: Croconaw\n|-supereffective|p1a: Croconaw\n|-crit|p1a: Croconaw\n|-damage|p1a: Croconaw|19\/100\n|move|p1a: Croconaw|Rain Dance|p1a: Croconaw\n|-weather|RainDance\n|\n|-weather|RainDance|[upkeep]\n|upkeep\n|turn|2\n|c|\u2606Half_A_Ako|blc je vole tes pokemon apr\u00e8s\n|\n|t:|1699108814\n|move|p2a: Robindibou|Razor Leaf|p1a: Croconaw\n|-supereffective|p1a: Croconaw\n|-damage|p1a: Croconaw|0 fnt\n|faint|p1a: Croconaw\n|\n|-weather|RainDance|[upkeep]\n|upkeep\n|\n|t:|1699108821\n|switch|p1a: Vaporeon|Vaporeon, L28, M|100\/100\n|turn|3\n|\n|t:|1699108828\n|move|p1a: Vaporeon|Baby-Doll Eyes|p2a: Robindibou\n|-unboost|p2a: Robindibou|atk|1\n|move|p2a: Robindibou|Razor Leaf|p1a: Vaporeon\n|-supereffective|p1a: Vaporeon\n|-damage|p1a: Vaporeon|74\/100\n|\n|-weather|RainDance|[upkeep]\n|upkeep\n|turn|4\n|\n|t:|1699108838\n|switch|p2a: Luxure|Luxray, L30, M|100\/100\n|-ability|p2a: Luxure|Intimidate|boost\n|-unboost|p1a: Vaporeon|atk|1\n|move|p1a: Vaporeon|Shadow Ball|p2a: Luxure\n|-damage|p2a: Luxure|70\/100\n|\n|-weather|RainDance|[upkeep]\n|upkeep\n|turn|5\n|\n|t:|1699108856\n|move|p2a: Luxure|Spark|p1a: Vaporeon\n|-supereffective|p1a: Vaporeon\n|-damage|p1a: Vaporeon|0 fnt\n|faint|p1a: Vaporeon\n|\n|-weather|none\n|upkeep\n|\n|t:|1699108862\n|switch|p1a: Lucario|Lucario, L30, M|100\/100\n|turn|6\n|\n|t:|1699108871\n|move|p1a: Lucario|Aura Sphere|p2a: Luxure\n|-damage|p2a: Luxure|21\/100\n|move|p2a: Luxure|Spark|p1a: Lucario\n|-damage|p1a: Lucario|40\/100\n|\n|upkeep\n|turn|7\n|\n|t:|1699108879\n|switch|p2a: Yeti|Darmanitan-Galar, L15, F|100\/100\n|move|p1a: Lucario|Aura Sphere|p2a: Yeti\n|-supereffective|p2a: Yeti\n|-damage|p2a: Yeti|0 fnt\n|faint|p2a: Yeti\n|\n|upkeep\n|\n|t:|1699108889\n|switch|p2a: King|Gabite, L26, F|100\/100\n|turn|8\n|\n|t:|1699108897\n|move|p1a: Lucario|Aura Sphere|p2a: King\n|-damage|p2a: King|0 fnt\n|faint|p2a: King\n|\n|upkeep\n|c|\u2606Half_A_Ako|wsh\n|\n|t:|1699108909\n|switch|p2a: Knight|Politoed, L25, F|100\/100\n|-weather|RainDance|[from] ability: Drizzle|[of] p2a: Knight\n|turn|9\n|\n|t:|1699108916\n|move|p1a: Lucario|Aura Sphere|p2a: Knight\n|-crit|p2a: Knight\n|-damage|p2a: Knight|16\/100\n|move|p2a: Knight|Bounce||[still]\n|-prepare|p2a: Knight|Bounce\n|\n|-weather|RainDance|[upkeep]\n|upkeep\n|turn|10\n|\n|t:|1699108932\n|move|p1a: Lucario|Work Up|p1a: Lucario\n|-boost|p1a: Lucario|atk|1\n|-boost|p1a: Lucario|spa|1\n|move|p2a: Knight|Bounce|p1a: Lucario|[from]lockedmove\n|-crit|p1a: Lucario\n|-damage|p1a: Lucario|13\/100\n|\n|-weather|RainDance|[upkeep]\n|upkeep\n|turn|11\n|c|\u2606Half_A_Ako|PARDON\n|\n|t:|1699108946\n|switch|p2a: Luxure|Luxray, L30, M|21\/100\n|-ability|p2a: Luxure|Intimidate|boost\n|-unboost|p1a: Lucario|atk|1\n|move|p1a: Lucario|Aura Sphere|p2a: Luxure\n|-damage|p2a: Luxure|0 fnt\n|faint|p2a: Luxure\n|\n|-weather|RainDance|[upkeep]\n|upkeep\n|j| ArthurXcalibur\n|\n|t:|1699108958\n|switch|p2a: Robindibou|Dartrix, L26, M|100\/100\n|turn|12\n|\n|t:|1699108963\n|move|p2a: Robindibou|Shadow Sneak|p1a: Lucario\n|-damage|p1a: Lucario|0 fnt\n|faint|p1a: Lucario\n|\n|-weather|RainDance|[upkeep]\n|upkeep\n|\n|t:|1699108968\n|switch|p1a: Torterra|Torterra, L32, M|100\/100\n|turn|13\n|\n|t:|1699108979\n|move|p2a: Robindibou|Pluck|p1a: Torterra\n|-supereffective|p1a: Torterra\n|-damage|p1a: Torterra|73\/100\n|move|p1a: Torterra|Bulldoze|p2a: Robindibou\n|-immune|p2a: Robindibou\n|\n|-weather|none\n|upkeep\n|turn|14\n|\n|t:|1699108989\n|move|p2a: Robindibou|Pluck|p1a: Torterra\n|-supereffective|p1a: Torterra\n|-damage|p1a: Torterra|46\/100\n|move|p1a: Torterra|Energy Ball|p2a: Robindibou\n|-resisted|p2a: Robindibou\n|-damage|p2a: Robindibou|86\/100\n|\n|upkeep\n|turn|15\n|c| ArthurXcalibur|Voilaaa\n|\n|t:|1699108998\n|move|p2a: Robindibou|Pluck|p1a: Torterra\n|-supereffective|p1a: Torterra\n|-damage|p1a: Torterra|22\/100\n|move|p1a: Torterra|Stone Edge|p2a: Robindibou\n|-supereffective|p2a: Robindibou\n|-damage|p2a: Robindibou|0 fnt\n|faint|p2a: Robindibou\n|\n|upkeep\n|c| ArthurXcalibur|Vasy chone !!\n|\n|t:|1699109008\n|switch|p2a: Knight|Politoed, L25, F|16\/100\n|-weather|RainDance|[from] ability: Drizzle|[of] p2a: Knight\n|turn|16\n|\n|t:|1699109016\n|move|p2a: Knight|Hydro Pump|p1a: Torterra\n|-damage|p1a: Torterra|0 fnt\n|faint|p1a: Torterra\n|\n|win|Half_A_Ako\n","uploadtime":1699109022,"views":9,"p1id":"neosouls","p2id":"halfaako","formatid":"gen9nationaldexubers","rating":0,"private":0,"password":""}