{"id":"gen9nationaldexubers-1987094752","p1":"IvysaurTTT","p2":"Neon34555","format":"[Gen 9] National Dex Ubers","log":"|j|\u2606IvysaurTTT\n|j|\u2606Neon34555\n|t:|1699555607\n|gametype|singles\n|player|p1|IvysaurTTT|kieran|1116\n|player|p2|Neon34555|atticus|1084\n|teamsize|p1|6\n|teamsize|p2|6\n|gen|9\n|tier|[Gen 9] National Dex Ubers\n|rated|\n|rule|HP Percentage Mod: HP is shown in percentages\n|rule|Endless Battle Clause: Forcing endless battles is banned\n|rule|OHKO Clause: OHKO moves are banned\n|rule|Evasion Moves Clause: Evasion moves are banned\n|rule|Evasion Items Clause: Evasion items are banned\n|rule|Species Clause: Limit one of each Pok\u00e9mon\n|rule|Sleep Clause Mod: Limit one foe put to sleep\n|rule|Mega Rayquaza Clause: You cannot mega evolve Rayquaza\n|clearpoke\n|poke|p1|Ivysaur, F|\n|poke|p1|Okidogi, M|\n|poke|p1|Regirock|\n|poke|p1|Groudon|\n|poke|p1|Tranquill, F|\n|poke|p1|Bisharp, F|\n|poke|p2|Hippowdon, F|\n|poke|p2|Krookodile, F|\n|poke|p2|Donphan, F|\n|poke|p2|Groudon|\n|poke|p2|Mudsdale, M|\n|poke|p2|Clodsire, M|\n|teampreview\n|inactive|Battle timer is ON: inactive players will automatically lose when time's up. (requested by IvysaurTTT)\n|inactive|IvysaurTTT has 120 seconds left.\n|inactive|Neon34555 has 120 seconds left.\n|inactive|Neon34555 has 90 seconds left.\n|\n|t:|1699555676\n|start\n|switch|p1a: Bisharp|Bisharp, F, shiny|100\/100\n|switch|p2a: Clodsire|Clodsire, M|100\/100\n|-ability|p1a: Bisharp|Pressure\n|turn|1\n|\n|t:|1699555682\n|switch|p2a: Krookodile|Krookodile, F, shiny|100\/100\n|move|p1a: Bisharp|Mean Look|p2a: Krookodile\n|-activate|p2a: Krookodile|trapped\n|\n|upkeep\n|turn|2\n|\n|t:|1699555687\n|-terastallize|p1a: Bisharp|Water\n|move|p2a: Krookodile|Fire Fang|p1a: Bisharp\n|-resisted|p1a: Bisharp\n|-damage|p1a: Bisharp|93\/100\n|-status|p1a: Bisharp|brn\n|move|p1a: Bisharp|Iron Defense|p1a: Bisharp\n|-boost|p1a: Bisharp|def|2\n|\n|-damage|p1a: Bisharp|87\/100 brn|[from] brn\n|upkeep\n|turn|3\n|c|\u2606IvysaurTTT|you fell for it again\n|c|\u2606IvysaurTTT|how do you feel\n|c|\u2606Neon34555|fine actually\n|\n|t:|1699555707\n|move|p2a: Krookodile|Fire Fang|p1a: Bisharp\n|-resisted|p1a: Bisharp\n|-damage|p1a: Bisharp|83\/100 brn\n|move|p1a: Bisharp|Iron Defense|p1a: Bisharp\n|-boost|p1a: Bisharp|def|2\n|\n|-damage|p1a: Bisharp|77\/100 brn|[from] brn\n|upkeep\n|turn|4\n|\n|t:|1699555711\n|move|p2a: Krookodile|Fire Fang|p1a: Bisharp\n|-resisted|p1a: Bisharp\n|-damage|p1a: Bisharp|74\/100 brn\n|move|p1a: Bisharp|Iron Defense|p1a: Bisharp\n|-boost|p1a: Bisharp|def|2\n|\n|-damage|p1a: Bisharp|68\/100 brn|[from] brn\n|upkeep\n|turn|5\n|\n|t:|1699555719\n|move|p2a: Krookodile|Fire Fang|p1a: Bisharp\n|-resisted|p1a: Bisharp\n|-damage|p1a: Bisharp|66\/100 brn\n|move|p1a: Bisharp|Rest|p1a: Bisharp\n|-status|p1a: Bisharp|slp|[from] move: Rest\n|-heal|p1a: Bisharp|100\/100 slp|[silent]\n|\n|upkeep\n|turn|6\n|\n|t:|1699555729\n|move|p2a: Krookodile|Fire Fang|p1a: Bisharp|[miss]\n|-miss|p2a: Krookodile|p1a: Bisharp\n|cant|p1a: Bisharp|slp\n|\n|upkeep\n|turn|7\n|\n|t:|1699555733\n|move|p2a: Krookodile|Fire Fang|p1a: Bisharp\n|-resisted|p1a: Bisharp\n|-damage|p1a: Bisharp|99\/100 slp\n|cant|p1a: Bisharp|slp\n|\n|upkeep\n|turn|8\n|\n|t:|1699555737\n|move|p2a: Krookodile|Fire Fang|p1a: Bisharp\n|-resisted|p1a: Bisharp\n|-damage|p1a: Bisharp|97\/100 slp\n|-curestatus|p1a: Bisharp|slp|[msg]\n|move|p1a: Bisharp|Spite|p2a: Krookodile\n|-activate|p2a: Krookodile|move: Spite|Fire Fang|4\n|\n|upkeep\n|turn|9\n|\n|t:|1699555743\n|move|p2a: Krookodile|Fire Fang|p1a: Bisharp\n|-resisted|p1a: Bisharp\n|-damage|p1a: Bisharp|94\/100\n|move|p1a: Bisharp|Spite|p2a: Krookodile\n|-activate|p2a: Krookodile|move: Spite|Fire Fang|4\n|\n|upkeep\n|turn|10\n|\n|t:|1699555746\n|-activate|p2a: Krookodile|move: Struggle\n|move|p2a: Krookodile|Struggle|p1a: Bisharp\n|-damage|p1a: Bisharp|91\/100\n|-damage|p2a: Krookodile|75\/100|[from] recoil\n|move|p1a: Bisharp|Iron Defense|p1a: Bisharp\n|-boost|p1a: Bisharp|def|0\n|\n|upkeep\n|turn|11\n|\n|t:|1699555750\n|-activate|p2a: Krookodile|move: Struggle\n|move|p2a: Krookodile|Struggle|p1a: Bisharp\n|-damage|p1a: Bisharp|88\/100\n|-damage|p2a: Krookodile|50\/100|[from] recoil\n|move|p1a: Bisharp|Iron Defense|p1a: Bisharp\n|-boost|p1a: Bisharp|def|0\n|\n|upkeep\n|turn|12\n|\n|t:|1699555753\n|-activate|p2a: Krookodile|move: Struggle\n|move|p2a: Krookodile|Struggle|p1a: Bisharp\n|-damage|p1a: Bisharp|85\/100\n|-damage|p2a: Krookodile|25\/100|[from] recoil\n|move|p1a: Bisharp|Iron Defense|p1a: Bisharp\n|-boost|p1a: Bisharp|def|0\n|\n|upkeep\n|turn|13\n|\n|t:|1699555757\n|-activate|p2a: Krookodile|move: Struggle\n|move|p2a: Krookodile|Struggle|p1a: Bisharp\n|-damage|p1a: Bisharp|81\/100\n|-damage|p2a: Krookodile|0 fnt|[from] recoil\n|faint|p2a: Krookodile\n|move|p1a: Bisharp|Iron Defense|p1a: Bisharp\n|-boost|p1a: Bisharp|def|0\n|\n|upkeep\n|\n|t:|1699555761\n|switch|p2a: Groudon|Groudon|100\/100\n|detailschange|p2a: Groudon|Groudon-Primal\n|-primal|p2a: Groudon|Red Orb\n|-weather|DesolateLand|[from] ability: Desolate Land|[of] p2a: Groudon\n|turn|14\n|\n|t:|1699555769\n|move|p2a: Groudon|Thunder Punch|p1a: Bisharp\n|-supereffective|p1a: Bisharp\n|-damage|p1a: Bisharp|71\/100\n|move|p1a: Bisharp|Mean Look|p2a: Groudon\n|-activate|p2a: Groudon|trapped\n|\n|-weather|DesolateLand|[upkeep]\n|upkeep\n|turn|15\n|\n|t:|1699555779\n|move|p2a: Groudon|Thunder Punch|p1a: Bisharp\n|-supereffective|p1a: Bisharp\n|-damage|p1a: Bisharp|61\/100\n|move|p1a: Bisharp|Spite|p2a: Groudon\n|-activate|p2a: Groudon|move: Spite|Thunder Punch|4\n|\n|-weather|DesolateLand|[upkeep]\n|upkeep\n|turn|16\n|\n|t:|1699555784\n|move|p2a: Groudon|Precipice Blades|p1a: Bisharp\n|-damage|p1a: Bisharp|48\/100\n|move|p1a: Bisharp|Spite|p2a: Groudon\n|-activate|p2a: Groudon|move: Spite|Precipice Blades|4\n|\n|-weather|DesolateLand|[upkeep]\n|upkeep\n|turn|17\n|c|\u2606Neon34555|honestly i wont lie thats an impressive bisharp tatctic\n|\n|t:|1699555801\n|move|p2a: Groudon|Dragon Claw|p1a: Bisharp\n|-damage|p1a: Bisharp|43\/100\n|move|p1a: Bisharp|Spite|p2a: Groudon\n|-activate|p2a: Groudon|move: Spite|Dragon Claw|4\n|\n|-weather|DesolateLand|[upkeep]\n|upkeep\n|turn|18\n|\n|t:|1699555807\n|move|p2a: Groudon|Precipice Blades|p1a: Bisharp\n|-damage|p1a: Bisharp|31\/100\n|move|p1a: Bisharp|Spite|p2a: Groudon\n|-activate|p2a: Groudon|move: Spite|Precipice Blades|4\n|\n|-weather|DesolateLand|[upkeep]\n|upkeep\n|turn|19\n|c|\u2606IvysaurTTT|i can send u the set if u want\n|\n|t:|1699555814\n|move|p2a: Groudon|Precipice Blades|p1a: Bisharp\n|-damage|p1a: Bisharp|19\/100\n|move|p1a: Bisharp|Rest|p1a: Bisharp\n|-status|p1a: Bisharp|slp|[from] move: Rest\n|-heal|p1a: Bisharp|100\/100 slp|[silent]\n|\n|-weather|DesolateLand|[upkeep]\n|upkeep\n|turn|20\n|\n|t:|1699555820\n|move|p2a: Groudon|Precipice Blades|p1a: Bisharp\n|-damage|p1a: Bisharp|88\/100 slp\n|cant|p1a: Bisharp|slp\n|\n|-weather|DesolateLand|[upkeep]\n|upkeep\n|turn|21\n|c|\u2606Neon34555|yeah sure (:\n|c|\u2606IvysaurTTT|!showset bisharp\n|c| IvysaurTTT|\/raw <div class=\"infobox\">Bisharp (F) @ Eviolite  <br \/>Ability: Pressure  <br \/>Shiny: Yes  <br \/>Tera Type: Water  <br \/>EVs: 252 HP &#x2f; 4 Def &#x2f; 252 SpD  <br \/>Calm Nature  <br \/>IVs: 0 Atk  <br \/>- Iron Defense  <br \/>- Spite  <br \/>- Mean Look  <br \/>- Rest  <br \/><br \/><\/div>\n|c|\u2606Neon34555|also when i said that song earlier its just the teams theme- lol-\n|\n|t:|1699555836\n|move|p2a: Groudon|Thunder Punch|p1a: Bisharp\n|-supereffective|p1a: Bisharp\n|-damage|p1a: Bisharp|78\/100 slp\n|cant|p1a: Bisharp|slp\n|\n|-weather|DesolateLand|[upkeep]\n|upkeep\n|turn|22\n|c|\u2606IvysaurTTT|nah ur chill LOL\n|c|\u2606IvysaurTTT|i was pullin ur lg\n|c|\u2606IvysaurTTT|leg** scuse me\n|c|\u2606Neon34555|lol\n|\n|t:|1699555856\n|move|p2a: Groudon|Thunder Punch|p1a: Bisharp\n|-supereffective|p1a: Bisharp\n|-damage|p1a: Bisharp|67\/100 slp\n|-curestatus|p1a: Bisharp|slp|[msg]\n|move|p1a: Bisharp|Spite|p2a: Groudon\n|-activate|p2a: Groudon|move: Spite|Thunder Punch|4\n|\n|-weather|DesolateLand|[upkeep]\n|upkeep\n|turn|23\n|\n|t:|1699555861\n|move|p2a: Groudon|Dragon Claw|p1a: Bisharp\n|-damage|p1a: Bisharp|62\/100\n|move|p1a: Bisharp|Spite|p2a: Groudon\n|-activate|p2a: Groudon|move: Spite|Dragon Claw|4\n|\n|-weather|DesolateLand|[upkeep]\n|upkeep\n|turn|24\n|c|\u2606Neon34555|the reason why i chose that song for this team is because they are all chonk-\n|\n|t:|1699555883\n|move|p2a: Groudon|Earthquake|p1a: Bisharp\n|-damage|p1a: Bisharp|52\/100\n|move|p1a: Bisharp|Spite|p2a: Groudon\n|-activate|p2a: Groudon|move: Spite|Earthquake|4\n|\n|-weather|DesolateLand|[upkeep]\n|upkeep\n|turn|25\n|c|\u2606Neon34555|lol-\n|\n|t:|1699555888\n|move|p2a: Groudon|Earthquake|p1a: Bisharp\n|-damage|p1a: Bisharp|42\/100\n|move|p1a: Bisharp|Spite|p2a: Groudon\n|-activate|p2a: Groudon|move: Spite|Earthquake|4\n|\n|-weather|DesolateLand|[upkeep]\n|upkeep\n|turn|26\n|c|\u2606IvysaurTTT|i mean\n|c|\u2606IvysaurTTT|i wouldnt necessarily say mudsdale is chonk..................\n|\n|t:|1699555899\n|move|p2a: Groudon|Earthquake|p1a: Bisharp\n|-damage|p1a: Bisharp|32\/100\n|move|p1a: Bisharp|Rest|p1a: Bisharp\n|-status|p1a: Bisharp|slp|[from] move: Rest\n|-heal|p1a: Bisharp|100\/100 slp|[silent]\n|\n|-weather|DesolateLand|[upkeep]\n|upkeep\n|turn|27\n|c|\u2606Neon34555|defense and hp wise\n|c|\u2606IvysaurTTT|well\n|c|\u2606IvysaurTTT|i guess\n|\n|t:|1699555918\n|move|p2a: Groudon|Earthquake|p1a: Bisharp\n|-damage|p1a: Bisharp|91\/100 slp\n|cant|p1a: Bisharp|slp\n|\n|-weather|DesolateLand|[upkeep]\n|upkeep\n|turn|28\n|\n|t:|1699555923\n|move|p2a: Groudon|Dragon Claw|p1a: Bisharp\n|-damage|p1a: Bisharp|86\/100 slp\n|cant|p1a: Bisharp|slp\n|\n|-weather|DesolateLand|[upkeep]\n|upkeep\n|turn|29\n|c|\u2606Neon34555|change my mind skarmory deserves an evo\n|\n|t:|1699555945\n|move|p2a: Groudon|Thunder Punch|p1a: Bisharp\n|-supereffective|p1a: Bisharp\n|-damage|p1a: Bisharp|75\/100 slp\n|-curestatus|p1a: Bisharp|slp|[msg]\n|move|p1a: Bisharp|Spite|p2a: Groudon\n|-activate|p2a: Groudon|move: Spite|Thunder Punch|4\n|\n|-weather|DesolateLand|[upkeep]\n|upkeep\n|turn|30\n|\n|t:|1699555953\n|move|p2a: Groudon|Dragon Claw|p1a: Bisharp\n|-damage|p1a: Bisharp|70\/100\n|move|p1a: Bisharp|Iron Defense|p1a: Bisharp\n|-boost|p1a: Bisharp|def|0\n|\n|-weather|DesolateLand|[upkeep]\n|upkeep\n|turn|31\n|\n|t:|1699555975\n|move|p2a: Groudon|Dragon Claw|p1a: Bisharp\n|-damage|p1a: Bisharp|65\/100\n|move|p1a: Bisharp|Rest|p1a: Bisharp\n|-status|p1a: Bisharp|slp|[from] move: Rest\n|-heal|p1a: Bisharp|100\/100 slp|[silent]\n|\n|-weather|DesolateLand|[upkeep]\n|upkeep\n|turn|32\n|inactive|IvysaurTTT has 120 seconds left.\n|c|\u2606Neon34555|skarmory is another mon that really needs an evo and so is drudigon\n|\n|t:|1699555998\n|move|p2a: Groudon|Dragon Claw|p1a: Bisharp\n|-damage|p1a: Bisharp|95\/100 slp\n|cant|p1a: Bisharp|slp\n|\n|-weather|DesolateLand|[upkeep]\n|upkeep\n|turn|33\n|\n|t:|1699556005\n|move|p2a: Groudon|Thunder Punch|p1a: Bisharp\n|-supereffective|p1a: Bisharp\n|-damage|p1a: Bisharp|86\/100 slp\n|cant|p1a: Bisharp|slp\n|\n|-weather|DesolateLand|[upkeep]\n|upkeep\n|turn|34\n|c|\u2606IvysaurTTT|honest to god i think perrserker should get one\n|c|\u2606IvysaurTTT|just radiates middle evo vibes\n|\n|t:|1699556018\n|move|p2a: Groudon|Dragon Claw|p1a: Bisharp\n|-damage|p1a: Bisharp|80\/100 slp\n|-curestatus|p1a: Bisharp|slp|[msg]\n|move|p1a: Bisharp|Iron Defense|p1a: Bisharp\n|-boost|p1a: Bisharp|def|0\n|\n|-weather|DesolateLand|[upkeep]\n|upkeep\n|turn|35\n|c|\u2606Neon34555|true\n|\n|t:|1699556029\n|move|p2a: Groudon|Dragon Claw|p1a: Bisharp\n|-damage|p1a: Bisharp|75\/100\n|move|p1a: Bisharp|Iron Defense|p1a: Bisharp\n|-boost|p1a: Bisharp|def|0\n|\n|-weather|DesolateLand|[upkeep]\n|upkeep\n|turn|36\n|\n|t:|1699556034\n|-activate|p2a: Groudon|move: Struggle\n|move|p2a: Groudon|Struggle|p1a: Bisharp\n|-damage|p1a: Bisharp|72\/100\n|-damage|p2a: Groudon|75\/100|[from] recoil\n|move|p1a: Bisharp|Rest|p1a: Bisharp\n|-status|p1a: Bisharp|slp|[from] move: Rest\n|-heal|p1a: Bisharp|100\/100 slp|[silent]\n|\n|-weather|DesolateLand|[upkeep]\n|upkeep\n|turn|37\n|\n|t:|1699556047\n|-activate|p2a: Groudon|move: Struggle\n|move|p2a: Groudon|Struggle|p1a: Bisharp\n|-damage|p1a: Bisharp|97\/100 slp\n|-damage|p2a: Groudon|50\/100|[from] recoil\n|cant|p1a: Bisharp|slp\n|\n|-weather|DesolateLand|[upkeep]\n|upkeep\n|turn|38\n|c|\u2606Neon34555|anyways i dont really have anything on this team to defeaft you with so im gonna forfiet and switch teams\n|c|\u2606Neon34555|if thats good w you\n|c|\u2606IvysaurTTT|okay thats fair\n|c|\u2606IvysaurTTT|LOL\n|inactive|Neon34555 has 120 seconds left.\n|c|\u2606IvysaurTTT|i have another battle im fighitng actually so like\n|c|\u2606IvysaurTTT|can it wait\n|-message|Neon34555 forfeited.\n|\n|win|IvysaurTTT\n|raw|IvysaurTTT's rating: 1116 &rarr; <strong>1139<\/strong><br \/>(+23 for winning)\n|raw|Neon34555's rating: 1084 &rarr; <strong>1063<\/strong><br \/>(-21 for losing)\n|c|\u2606Neon34555|yea\n|c|\u2606IvysaurTTT|alr sick\n","uploadtime":1699556109,"views":5,"p1id":"ivysaurttt","p2id":"neon34555","formatid":"gen9nationaldexubers","rating":1063,"private":0,"password":""}