{"id":"gen9nationaldexubers-1997779075","p1":"TyranitarHyperBeam","p2":"JustMonika_CARR","format":"[Gen 9] National Dex Ubers","log":"|j|\u2606TyranitarHyperBeam\n|j|\u2606JustMonika_CARR\n|t:|1700851747\n|gametype|singles\n|player|p1|TyranitarHyperBeam|170|1412\n|player|p2|JustMonika_CARR|rosa|1448\n|teamsize|p1|6\n|teamsize|p2|6\n|gen|9\n|tier|[Gen 9] National Dex Ubers\n|rated|\n|rule|HP Percentage Mod: HP is shown in percentages\n|rule|Endless Battle Clause: Forcing endless battles is banned\n|rule|OHKO Clause: OHKO moves are banned\n|rule|Evasion Moves Clause: Evasion moves are banned\n|rule|Evasion Items Clause: Evasion items are banned\n|rule|Species Clause: Limit one of each Pok\u00e9mon\n|rule|Sleep Clause Mod: Limit one foe put to sleep\n|rule|Mega Rayquaza Clause: You cannot mega evolve Rayquaza\n|clearpoke\n|poke|p1|Grimmsnarl, M|\n|poke|p1|Groudon|\n|poke|p1|Necrozma-Dusk-Mane|\n|poke|p1|Xerneas-*|\n|poke|p1|Cyclizar, M|\n|poke|p1|Eternatus|\n|poke|p2|Marshadow|\n|poke|p2|Lopunny, F|\n|poke|p2|Eternatus|\n|poke|p2|Forretress, F|\n|poke|p2|Pheromosa|\n|poke|p2|Grimmsnarl, M|\n|teampreview\n|\n|t:|1700851751\n|start\n|switch|p1a: Grimmsnarl|Grimmsnarl, M, shiny|100\/100\n|switch|p2a: Grimmsnarl|Grimmsnarl, M, shiny|100\/100\n|turn|1\n|\n|t:|1700851760\n|move|p1a: Grimmsnarl|Reflect|p1a: Grimmsnarl\n|-sidestart|p1: TyranitarHyperBeam|Reflect\n|move|p2a: Grimmsnarl|Spirit Break|p1a: Grimmsnarl\n|-supereffective|p1a: Grimmsnarl\n|-damage|p1a: Grimmsnarl|73\/100\n|-unboost|p1a: Grimmsnarl|spa|1\n|\n|upkeep\n|turn|2\n|\n|t:|1700851764\n|move|p1a: Grimmsnarl|Light Screen|p1a: Grimmsnarl\n|-sidestart|p1: TyranitarHyperBeam|move: Light Screen\n|move|p2a: Grimmsnarl|Spirit Break|p1a: Grimmsnarl\n|-supereffective|p1a: Grimmsnarl\n|-damage|p1a: Grimmsnarl|44\/100\n|-unboost|p1a: Grimmsnarl|spa|1\n|\n|upkeep\n|turn|3\n|\n|t:|1700851777\n|switch|p1a: Cyclizar|Cyclizar, M|100\/100\n|move|p2a: Grimmsnarl|Spirit Break|p1a: Cyclizar\n|-supereffective|p1a: Cyclizar\n|-damage|p1a: Cyclizar|50\/100\n|-unboost|p1a: Cyclizar|spa|1\n|-enditem|p1a: Cyclizar|Sitrus Berry|[eat]\n|-heal|p1a: Cyclizar|75\/100|[from] item: Sitrus Berry\n|\n|upkeep\n|turn|4\n|l|\u2606JustMonika_CARR\n|player|p2|\n|j|\u2606JustMonika_CARR\n|player|p2|JustMonika_CARR|rosa\n|\n|t:|1700851802\n|move|p2a: Grimmsnarl|Taunt|p1a: Cyclizar\n|-start|p1a: Cyclizar|move: Taunt\n|cant|p1a: Cyclizar|move: Taunt|Shed Tail\n|\n|upkeep\n|turn|5\n|\n|t:|1700851809\n|move|p1a: Cyclizar|U-turn|p2a: Grimmsnarl\n|-damage|p2a: Grimmsnarl|87\/100\n|\n|t:|1700851813\n|switch|p1a: Necrozma|Necrozma-Dusk-Mane|100\/100|[from] U-turn\n|move|p2a: Grimmsnarl|Spirit Break|p1a: Necrozma\n|-resisted|p1a: Necrozma\n|-damage|p1a: Necrozma|94\/100\n|-unboost|p1a: Necrozma|spa|1\n|\n|-heal|p2a: Grimmsnarl|93\/100|[from] item: Leftovers\n|upkeep\n|turn|6\n|\n|t:|1700851818\n|move|p2a: Grimmsnarl|Reflect|p2a: Grimmsnarl\n|-sidestart|p2: JustMonika_CARR|Reflect\n|move|p1a: Necrozma|Dragon Dance|p1a: Necrozma\n|-boost|p1a: Necrozma|atk|1\n|-boost|p1a: Necrozma|spe|1\n|\n|-heal|p2a: Grimmsnarl|99\/100|[from] item: Leftovers\n|upkeep\n|turn|7\n|\n|t:|1700851824\n|move|p2a: Grimmsnarl|Taunt|p1a: Necrozma\n|-start|p1a: Necrozma|move: Taunt\n|cant|p1a: Necrozma|move: Taunt|Dragon Dance\n|\n|-heal|p2a: Grimmsnarl|100\/100|[from] item: Leftovers\n|upkeep\n|turn|8\n|\n|t:|1700851826\n|move|p2a: Grimmsnarl|Light Screen|p2a: Grimmsnarl\n|-sidestart|p2: JustMonika_CARR|move: Light Screen\n|move|p1a: Necrozma|Sunsteel Strike|p2a: Grimmsnarl\n|-supereffective|p2a: Grimmsnarl\n|-damage|p2a: Grimmsnarl|11\/100\n|\n|-heal|p2a: Grimmsnarl|18\/100|[from] item: Leftovers\n|-sideend|p1: TyranitarHyperBeam|Reflect\n|upkeep\n|turn|9\n|\n|t:|1700851832\n|move|p1a: Necrozma|Sunsteel Strike|p2a: Grimmsnarl\n|-supereffective|p2a: Grimmsnarl\n|-damage|p2a: Grimmsnarl|0 fnt\n|faint|p2a: Grimmsnarl\n|\n|-end|p1a: Necrozma|move: Taunt\n|-sideend|p1: TyranitarHyperBeam|move: Light Screen\n|upkeep\n|\n|t:|1700851835\n|switch|p2a: Marshadow|Marshadow|100\/100\n|turn|10\n|\n|t:|1700851856\n|switch|p1a: Groudon|Groudon|100\/100\n|detailschange|p1a: Groudon|Groudon-Primal\n|-primal|p1a: Groudon|Red Orb\n|-weather|DesolateLand|[from] ability: Desolate Land|[of] p1a: Groudon\n|move|p2a: Marshadow|Spectral Thief|p1a: Groudon\n|-damage|p1a: Groudon|70\/100\n|\n|-weather|DesolateLand|[upkeep]\n|-sideend|p2: JustMonika_CARR|Reflect\n|upkeep\n|turn|11\n|\n|t:|1700851865\n|move|p2a: Marshadow|Force Palm|p1a: Groudon\n|-damage|p1a: Groudon|40\/100\n|move|p1a: Groudon|Precipice Blades|p2a: Marshadow\n|-damage|p2a: Marshadow|5\/100\n|\n|-weather|DesolateLand|[upkeep]\n|upkeep\n|turn|12\n|\n|t:|1700851871\n|move|p2a: Marshadow|Spectral Thief|p1a: Groudon\n|-damage|p1a: Groudon|12\/100\n|move|p1a: Groudon|Precipice Blades|p2a: Marshadow\n|-damage|p2a: Marshadow|0 fnt\n|faint|p2a: Marshadow\n|\n|-weather|DesolateLand|[upkeep]\n|-sideend|p2: JustMonika_CARR|move: Light Screen\n|upkeep\n|\n|t:|1700851881\n|switch|p2a: Pheromosa|Pheromosa, shiny|100\/100\n|turn|13\n|\n|t:|1700851889\n|move|p2a: Pheromosa|Ice Beam|p1a: Groudon\n|-damage|p1a: Groudon|0 fnt\n|faint|p1a: Groudon\n|-weather|none\n|-ability|p2a: Pheromosa|Beast Boost|boost\n|-boost|p2a: Pheromosa|spa|1\n|\n|upkeep\n|\n|t:|1700851893\n|switch|p1a: Necrozma|Necrozma-Dusk-Mane|94\/100\n|turn|14\n|\n|t:|1700851898\n|move|p2a: Pheromosa|Bug Buzz|p1a: Necrozma\n|-damage|p1a: Necrozma|20\/100\n|-unboost|p1a: Necrozma|spd|1\n|move|p1a: Necrozma|Sunsteel Strike|p2a: Pheromosa\n|-enditem|p2a: Pheromosa|Focus Sash\n|-damage|p2a: Pheromosa|1\/100\n|\n|upkeep\n|turn|15\n|\n|t:|1700851914\n|switch|p1a: Cyclizar|Cyclizar, M|75\/100\n|move|p2a: Pheromosa|Bug Buzz|p1a: Cyclizar\n|-damage|p1a: Cyclizar|0 fnt\n|faint|p1a: Cyclizar\n|-ability|p2a: Pheromosa|Beast Boost|boost\n|-boost|p2a: Pheromosa|spa|1\n|\n|upkeep\n|\n|t:|1700851920\n|switch|p1a: Grimmsnarl|Grimmsnarl, M, shiny|44\/100\n|turn|16\n|\n|t:|1700851925\n|move|p1a: Grimmsnarl|Light Screen|p1a: Grimmsnarl\n|-sidestart|p1: TyranitarHyperBeam|move: Light Screen\n|move|p2a: Pheromosa|Close Combat|p1a: Grimmsnarl\n|-damage|p1a: Grimmsnarl|2\/100\n|-unboost|p2a: Pheromosa|def|1\n|-unboost|p2a: Pheromosa|spd|1\n|\n|upkeep\n|turn|17\n|\n|t:|1700851930\n|move|p1a: Grimmsnarl|Reflect|p1a: Grimmsnarl\n|-sidestart|p1: TyranitarHyperBeam|Reflect\n|move|p2a: Pheromosa|Rapid Spin|p1a: Grimmsnarl\n|-damage|p1a: Grimmsnarl|0 fnt\n|-boost|p2a: Pheromosa|spe|1\n|faint|p1a: Grimmsnarl\n|-ability|p2a: Pheromosa|Beast Boost|boost\n|-boost|p2a: Pheromosa|spa|1\n|\n|upkeep\n|\n|t:|1700851942\n|switch|p1a: Xerneas|Xerneas, shiny|100\/100\n|-ability|p1a: Xerneas|Fairy Aura\n|turn|18\n|\n|t:|1700851949\n|move|p2a: Pheromosa|Ice Beam|p1a: Xerneas\n|-damage|p1a: Xerneas|58\/100\n|-status|p1a: Xerneas|frz\n|-curestatus|p1a: Xerneas|frz|[msg]\n|move|p1a: Xerneas|Geomancy||[still]\n|-prepare|p1a: Xerneas|Geomancy\n|-enditem|p1a: Xerneas|Power Herb\n|-anim|p1a: Xerneas|Geomancy|p1a: Xerneas\n|-boost|p1a: Xerneas|spa|2\n|-boost|p1a: Xerneas|spd|2\n|-boost|p1a: Xerneas|spe|2\n|\n|upkeep\n|turn|19\n|\n|t:|1700851955\n|move|p2a: Pheromosa|Ice Beam|p1a: Xerneas\n|-damage|p1a: Xerneas|38\/100\n|move|p1a: Xerneas|Moonblast|p2a: Pheromosa\n|-supereffective|p2a: Pheromosa\n|-damage|p2a: Pheromosa|0 fnt\n|faint|p2a: Pheromosa\n|\n|upkeep\n|\n|t:|1700851959\n|switch|p2a: Forretress|Forretress, F, shiny|100\/100\n|turn|20\n|\n|t:|1700851964\n|-terastallize|p1a: Xerneas|Fire\n|move|p1a: Xerneas|Hidden Power|p2a: Forretress\n|-supereffective|p2a: Forretress\n|-crit|p2a: Forretress\n|-ability|p2a: Forretress|Sturdy\n|-damage|p2a: Forretress|1\/100\n|-enditem|p2a: Forretress|Red Card|[of] p1a: Xerneas\n|drag|p1a: Necrozma|Necrozma-Dusk-Mane|20\/100\n|move|p2a: Forretress|Stealth Rock|p1a: Necrozma\n|-sidestart|p1: TyranitarHyperBeam|move: Stealth Rock\n|\n|upkeep\n|turn|21\n|\n|t:|1700851981\n|switch|p2a: Eternatus|Eternatus|100\/100\n|-ability|p2a: Eternatus|Pressure\n|move|p1a: Necrozma|Sunsteel Strike|p2a: Eternatus\n|-damage|p2a: Eternatus|47\/100\n|\n|upkeep\n|turn|22\n|\n|t:|1700851990\n|-terastallize|p2a: Eternatus|Ground\n|move|p2a: Eternatus|Tera Blast|p1a: Necrozma|[anim] Tera Blast Ground\n|-supereffective|p1a: Necrozma\n|-damage|p1a: Necrozma|0 fnt\n|faint|p1a: Necrozma\n|\n|upkeep\n|\n|t:|1700851998\n|switch|p1a: Eternatus|Eternatus|100\/100\n|-damage|p1a: Eternatus|88\/100|[from] Stealth Rock\n|-ability|p1a: Eternatus|Pressure\n|turn|23\n|\n|t:|1700852001\n|switch|p2a: Forretress|Forretress, F, shiny|1\/100\n|move|p1a: Eternatus|Dynamax Cannon|p2a: Forretress\n|-resisted|p2a: Forretress\n|-damage|p2a: Forretress|0 fnt\n|faint|p2a: Forretress\n|\n|-sideend|p1: TyranitarHyperBeam|move: Light Screen\n|upkeep\n|\n|t:|1700852007\n|switch|p2a: Eternatus|Eternatus, tera:Ground|47\/100\n|-ability|p2a: Eternatus|Pressure\n|turn|24\n|\n|t:|1700852010\n|move|p2a: Eternatus|Tera Blast|p1a: Eternatus|[anim] Tera Blast Ground\n|-supereffective|p1a: Eternatus\n|-damage|p1a: Eternatus|5\/100\n|move|p1a: Eternatus|Dynamax Cannon|p2a: Eternatus\n|-damage|p2a: Eternatus|0 fnt\n|faint|p2a: Eternatus\n|\n|-sideend|p1: TyranitarHyperBeam|Reflect\n|upkeep\n|\n|t:|1700852014\n|switch|p2a: Lopunny|Lopunny, F, shiny|100\/100\n|turn|25\n|\n|t:|1700852022\n|detailschange|p2a: Lopunny|Lopunny-Mega, F, shiny\n|-mega|p2a: Lopunny|Lopunny|Lopunnite\n|move|p2a: Lopunny|Power-Up Punch|p1a: Eternatus\n|-resisted|p1a: Eternatus\n|-damage|p1a: Eternatus|0 fnt\n|-boost|p2a: Lopunny|atk|1\n|faint|p1a: Eternatus\n|\n|upkeep\n|\n|t:|1700852026\n|switch|p1a: Xerneas|Xerneas, shiny, tera:Fire|38\/100\n|-damage|p1a: Xerneas|13\/100|[from] Stealth Rock\n|-ability|p1a: Xerneas|Fairy Aura\n|turn|26\n|\n|t:|1700852031\n|move|p2a: Lopunny|Return|p1a: Xerneas\n|-damage|p1a: Xerneas|0 fnt\n|faint|p1a: Xerneas\n|\n|win|JustMonika_CARR\n|raw|TyranitarHyperBeam's rating: 1412 &rarr; <strong>1394<\/strong><br \/>(-18 for losing)\n|raw|JustMonika_CARR's rating: 1448 &rarr; <strong>1466<\/strong><br \/>(+18 for winning)\n|c|\u2606JustMonika_CARR|Gg\n|l|\u2606TyranitarHyperBeam\n","uploadtime":1700852041,"views":5,"p1id":"tyranitarhyperbeam","p2id":"justmonikacarr","formatid":"gen9nationaldexubers","rating":1394,"private":0,"password":""}