{"id":"gen9nationaldexubers-1981365644","p1":"flamingwrench11234","p2":"Kat_XIII","format":"[Gen 9] National Dex Ubers","log":"|j|\u2606flamingwrench11234\n|j|\u2606Kat_XIII\n|t:|1698887986\n|gametype|singles\n|player|p1|flamingwrench11234|2|1578\n|player|p2|Kat_XIII|rood|1806\n|teamsize|p1|6\n|teamsize|p2|6\n|gen|9\n|tier|[Gen 9] National Dex Ubers\n|rated|\n|rule|HP Percentage Mod: HP is shown in percentages\n|rule|Endless Battle Clause: Forcing endless battles is banned\n|rule|OHKO Clause: OHKO moves are banned\n|rule|Evasion Moves Clause: Evasion moves are banned\n|rule|Evasion Items Clause: Evasion items are banned\n|rule|Species Clause: Limit one of each Pok\u00e9mon\n|rule|Sleep Clause Mod: Limit one foe put to sleep\n|rule|Mega Rayquaza Clause: You cannot mega evolve Rayquaza\n|clearpoke\n|poke|p1|Arceus-Ground|\n|poke|p1|Zekrom|\n|poke|p1|Yveltal|\n|poke|p1|Ho-Oh|\n|poke|p1|Groudon, L99|\n|poke|p1|Marshadow|\n|poke|p2|Groudon|\n|poke|p2|Ho-Oh|\n|poke|p2|Zygarde|\n|poke|p2|Xerneas-*|\n|poke|p2|Kyogre|\n|poke|p2|Yveltal|\n|teampreview\n|inactive|Battle timer is ON: inactive players will automatically lose when time's up. (requested by Kat_XIII)\n|c|\u2606Kat_XIII|glhf\n|\n|t:|1698888001\n|start\n|switch|p1a: Zekrom|Zekrom|100\/100\n|switch|p2a: Yveltal|Yveltal|100\/100\n|-ability|p2a: Yveltal|Dark Aura\n|-ability|p1a: Zekrom|Teravolt\n|turn|1\n|\n|t:|1698888006\n|move|p2a: Yveltal|Taunt|p1a: Zekrom\n|-start|p1a: Zekrom|move: Taunt\n|cant|p1a: Zekrom|move: Taunt|Dragon Dance\n|\n|upkeep\n|turn|2\n|\n|t:|1698888010\n|switch|p2a: Groudon|Groudon, shiny|100\/100\n|detailschange|p2a: Groudon|Groudon-Primal, shiny\n|-primal|p2a: Groudon|Red Orb\n|-weather|DesolateLand|[from] ability: Desolate Land|[of] p2a: Groudon\n|move|p1a: Zekrom|Bolt Strike|p2a: Groudon\n|-immune|p2a: Groudon\n|\n|-weather|DesolateLand|[upkeep]\n|upkeep\n|turn|3\n|\n|t:|1698888014\n|-zpower|p1a: Zekrom\n|move|p1a: Zekrom|Devastating Drake|p2a: Groudon|[zeffect]\n|-damage|p2a: Groudon|38\/100\n|move|p2a: Groudon|Stealth Rock|p1a: Zekrom\n|-sidestart|p1: flamingwrench11234|move: Stealth Rock\n|\n|-weather|DesolateLand|[upkeep]\n|-end|p1a: Zekrom|move: Taunt\n|upkeep\n|turn|4\n|\n|t:|1698888019\n|move|p1a: Zekrom|Outrage|p2a: Groudon\n|-damage|p2a: Groudon|3\/100\n|move|p2a: Groudon|Precipice Blades|p1a: Zekrom\n|-supereffective|p1a: Zekrom\n|-damage|p1a: Zekrom|0 fnt\n|faint|p1a: Zekrom\n|\n|-weather|DesolateLand|[upkeep]\n|upkeep\n|\n|t:|1698888027\n|switch|p1a: Arceus|Arceus-Ground|100\/100\n|-damage|p1a: Arceus|94\/100|[from] Stealth Rock\n|turn|5\n|\n|t:|1698888028\n|move|p1a: Arceus|Judgment|p2a: Groudon\n|-supereffective|p2a: Groudon\n|-damage|p2a: Groudon|0 fnt\n|faint|p2a: Groudon\n|-weather|none\n|\n|upkeep\n|\n|t:|1698888034\n|switch|p2a: Kyogre|Kyogre|100\/100\n|detailschange|p2a: Kyogre|Kyogre-Primal\n|-primal|p2a: Kyogre|Blue Orb\n|-weather|PrimordialSea|[from] ability: Primordial Sea|[of] p2a: Kyogre\n|turn|6\n|\n|t:|1698888064\n|switch|p1a: Groudon|Groudon, L99, shiny|100\/100\n|-damage|p1a: Groudon|94\/100|[from] Stealth Rock\n|detailschange|p1a: Groudon|Groudon-Primal, L99, shiny\n|-primal|p1a: Groudon|Red Orb\n|-weather|DesolateLand|[from] ability: Desolate Land|[of] p1a: Groudon\n|move|p2a: Kyogre|Ice Beam|p1a: Groudon\n|-damage|p1a: Groudon|63\/100\n|\n|-weather|DesolateLand|[upkeep]\n|upkeep\n|turn|7\n|\n|t:|1698888067\n|move|p2a: Kyogre|Hidden Power|p1a: Groudon\n|-supereffective|p1a: Groudon\n|-damage|p1a: Groudon|17\/100\n|move|p1a: Groudon|Stealth Rock|p2a: Kyogre\n|-sidestart|p2: Kat_XIII|move: Stealth Rock\n|\n|-weather|DesolateLand|[upkeep]\n|upkeep\n|turn|8\n|\n|t:|1698888075\n|move|p2a: Kyogre|Ice Beam|p1a: Groudon\n|-damage|p1a: Groudon|0 fnt\n|faint|p1a: Groudon\n|-weather|none\n|\n|upkeep\n|\n|t:|1698888099\n|switch|p1a: Marshadow|Marshadow|100\/100\n|-damage|p1a: Marshadow|94\/100|[from] Stealth Rock\n|turn|9\n|\n|t:|1698888107\n|-terastallize|p1a: Marshadow|Ghost\n|move|p1a: Marshadow|Poltergeist|p2a: Kyogre\n|-activate|p2a: Kyogre|move: Poltergeist|Blue Orb\n|-damage|p2a: Kyogre|1\/100\n|move|p2a: Kyogre|Origin Pulse|p1a: Marshadow\n|-damage|p1a: Marshadow|0 fnt\n|faint|p1a: Marshadow\n|\n|upkeep\n|inactive|flamingwrench11234 has 120 seconds left.\n|c|\u2606flamingwrench11234|99%\n|c|\u2606flamingwrench11234|Bro\n|-message|flamingwrench11234 forfeited.\n|\n|win|Kat_XIII\n|raw|flamingwrench11234's rating: 1578 &rarr; <strong>1570<\/strong><br \/>(-8 for losing)\n|raw|Kat_XIII's rating: 1806 &rarr; <strong>1814<\/strong><br \/>(+8 for winning)\n|l|\u2606flamingwrench11234\n|l|\u2606Kat_XIII\n","uploadtime":1698888326,"views":7,"p1id":"flamingwrench11234","p2id":"katxiii","formatid":"gen9nationaldexubers","rating":1570,"private":0,"password":""}