{"id":"gen9nationaldexubers-1978305486","p1":"Sucker4Kalos","p2":"Yendks","format":"[Gen 9] National Dex Ubers","log":"|j|\u2606Sucker4Kalos\n|j|\u2606Yendks\n|t:|1698523117\n|gametype|singles\n|player|p1|Sucker4Kalos|cheren|1194\n|player|p2|Yendks|red|1308\n|teamsize|p1|6\n|teamsize|p2|6\n|gen|9\n|tier|[Gen 9] National Dex Ubers\n|rated|\n|rule|HP Percentage Mod: HP is shown in percentages\n|rule|Endless Battle Clause: Forcing endless battles is banned\n|rule|OHKO Clause: OHKO moves are banned\n|rule|Evasion Moves Clause: Evasion moves are banned\n|rule|Evasion Items Clause: Evasion items are banned\n|rule|Species Clause: Limit one of each Pok\u00e9mon\n|rule|Sleep Clause Mod: Limit one foe put to sleep\n|rule|Mega Rayquaza Clause: You cannot mega evolve Rayquaza\n|clearpoke\n|poke|p1|Palafin, M|\n|poke|p1|Blaziken, M|\n|poke|p1|Lucario, M|\n|poke|p1|Marshadow|\n|poke|p1|Xerneas-*|\n|poke|p1|Yveltal|\n|poke|p2|Roaring Moon|\n|poke|p2|Zacian-*|\n|poke|p2|Ho-Oh|\n|poke|p2|Palafin, M|\n|poke|p2|Necrozma-Dusk-Mane|\n|poke|p2|Blastoise, M|\n|teampreview\n|inactive|Battle timer is ON: inactive players will automatically lose when time's up. (requested by Yendks)\n|\n|t:|1698523125\n|start\n|switch|p1a: Lucario|Lucario, M, shiny|100\/100\n|switch|p2a: Roaring Moon|Roaring Moon, shiny|100\/100\n|-enditem|p2a: Roaring Moon|Booster Energy\n|-activate|p2a: Roaring Moon|ability: Protosynthesis|[fromitem]\n|-start|p2a: Roaring Moon|protosynthesisatk\n|turn|1\n|\n|t:|1698523145\n|-terastallize|p2a: Roaring Moon|Flying\n|move|p2a: Roaring Moon|Dragon Dance|p2a: Roaring Moon\n|-boost|p2a: Roaring Moon|atk|1\n|-boost|p2a: Roaring Moon|spe|1\n|move|p1a: Lucario|Swords Dance|p1a: Lucario\n|-boost|p1a: Lucario|atk|2\n|\n|upkeep\n|turn|2\n|\n|t:|1698523154\n|move|p2a: Roaring Moon|Acrobatics|p1a: Lucario\n|-damage|p1a: Lucario|0 fnt\n|faint|p1a: Lucario\n|\n|upkeep\n|inactive|Sucker4Kalos has 120 seconds left.\n|\n|t:|1698523177\n|switch|p1a: Blaziken|Blaziken, M|100\/100\n|turn|3\n|\n|t:|1698523182\n|move|p2a: Roaring Moon|Acrobatics|p1a: Blaziken\n|-supereffective|p1a: Blaziken\n|-damage|p1a: Blaziken|0 fnt\n|faint|p1a: Blaziken\n|\n|upkeep\n|inactive|Sucker4Kalos has 120 seconds left.\n|\n|t:|1698523196\n|switch|p1a: Palafin|Palafin, M|100\/100\n|turn|4\n|\n|t:|1698523202\n|move|p2a: Roaring Moon|Acrobatics|p1a: Palafin\n|-damage|p1a: Palafin|0 fnt\n|faint|p1a: Palafin\n|\n|upkeep\n|\n|t:|1698523212\n|switch|p1a: Marshadow|Marshadow|100\/100\n|turn|5\n|\n|t:|1698523217\n|move|p2a: Roaring Moon|Acrobatics|p1a: Marshadow\n|-supereffective|p1a: Marshadow\n|-damage|p1a: Marshadow|0 fnt\n|faint|p1a: Marshadow\n|\n|upkeep\n|\n|t:|1698523225\n|switch|p1a: Xerneas|Xerneas|100\/100\n|-ability|p1a: Xerneas|Fairy Aura\n|turn|6\n|\n|t:|1698523231\n|move|p2a: Roaring Moon|Acrobatics|p1a: Xerneas\n|-damage|p1a: Xerneas|0 fnt\n|faint|p1a: Xerneas\n|\n|upkeep\n|\n|t:|1698523236\n|switch|p1a: Yveltal|Yveltal|100\/100\n|-ability|p1a: Yveltal|Dark Aura\n|turn|7\n|\n|t:|1698523245\n|move|p2a: Roaring Moon|Acrobatics|p1a: Yveltal\n|-damage|p1a: Yveltal|4\/100\n|move|p1a: Yveltal|Foul Play|p2a: Roaring Moon\n|-damage|p2a: Roaring Moon|0 fnt\n|faint|p2a: Roaring Moon\n|-end|p2a: Roaring Moon|Protosynthesis|[silent]\n|\n|-heal|p1a: Yveltal|10\/100|[from] item: Leftovers\n|upkeep\n|\n|t:|1698523254\n|switch|p2a: Zacian|Zacian-Crowned, shiny|100\/100\n|-ability|p2a: Zacian|Intrepid Sword|boost\n|-boost|p2a: Zacian|atk|1\n|turn|8\n|\n|t:|1698523265\n|move|p2a: Zacian|Sacred Sword|p1a: Yveltal\n|-damage|p1a: Yveltal|0 fnt\n|faint|p1a: Yveltal\n|\n|win|Yendks\n|raw|Sucker4Kalos's rating: 1194 &rarr; <strong>1177<\/strong><br \/>(-17 for losing)\n|raw|Yendks's rating: 1308 &rarr; <strong>1322<\/strong><br \/>(+14 for winning)\n","uploadtime":1698523273,"views":7,"p1id":"sucker4kalos","p2id":"yendks","formatid":"gen9nationaldexubers","rating":1177,"private":0,"password":""}