{"id":"gen9nationaldexubers-1985054140","p1":"Fueghost","p2":"g0dpain","format":"[Gen 9] National Dex Ubers","log":"|j|\u2606Fueghost\n|j|\u2606g0dpain\n|t:|1699325194\n|gametype|singles\n|player|p1|Fueghost|2|\n|player|p2|g0dpain|265|\n|teamsize|p1|6\n|teamsize|p2|6\n|gen|9\n|tier|[Gen 9] National Dex Ubers\n|rule|HP Percentage Mod: HP is shown in percentages\n|rule|Endless Battle Clause: Forcing endless battles is banned\n|rule|OHKO Clause: OHKO moves are banned\n|rule|Evasion Moves Clause: Evasion moves are banned\n|rule|Evasion Items Clause: Evasion items are banned\n|rule|Species Clause: Limit one of each Pok\u00e9mon\n|rule|Sleep Clause Mod: Limit one foe put to sleep\n|rule|Mega Rayquaza Clause: You cannot mega evolve Rayquaza\n|clearpoke\n|poke|p1|Grimmsnarl, M|\n|poke|p1|Torkoal, M|\n|poke|p1|Venusaur, F|\n|poke|p1|Hatterene, F|\n|poke|p1|Darmanitan, F|\n|poke|p1|Scizor, M|\n|poke|p2|Grimmsnarl, M|\n|poke|p2|Dragapult, F|\n|poke|p2|Cloyster, M|\n|poke|p2|Rotom-Wash|\n|poke|p2|Scizor, F|\n|poke|p2|Clefable, F|\n|teampreview\n|inactive|Battle timer is ON: inactive players will automatically lose when time's up. (requested by g0dpain)\n|\n|t:|1699325214\n|start\n|switch|p1a: Grimmsnarl|Grimmsnarl, M|100\/100\n|switch|p2a: Grimmsnarl|Grimmsnarl, M, shiny|100\/100\n|turn|1\n|\n|t:|1699325221\n|move|p2a: Grimmsnarl|Taunt|p1a: Grimmsnarl\n|-hint|Since gen 7, Dark is immune to Prankster moves.\n|-immune|p1a: Grimmsnarl\n|move|p1a: Grimmsnarl|Reflect|p1a: Grimmsnarl\n|-sidestart|p1: Fueghost|Reflect\n|\n|upkeep\n|turn|2\n|j| Yumura\n|\n|t:|1699325231\n|move|p1a: Grimmsnarl|Light Screen|p1a: Grimmsnarl\n|-sidestart|p1: Fueghost|move: Light Screen\n|move|p2a: Grimmsnarl|Reflect|p2a: Grimmsnarl\n|-sidestart|p2: g0dpain|Reflect\n|\n|upkeep\n|turn|3\n|\n|t:|1699325237\n|switch|p1a: Torkoal|Torkoal, M|100\/100\n|-weather|SunnyDay|[from] ability: Drought|[of] p1a: Torkoal\n|move|p2a: Grimmsnarl|Light Screen|p2a: Grimmsnarl\n|-sidestart|p2: g0dpain|move: Light Screen\n|\n|-weather|SunnyDay|[upkeep]\n|upkeep\n|turn|4\n|\n|t:|1699325248\n|switch|p1a: Hatterene|Hatterene, F|100\/100\n|move|p2a: Grimmsnarl|Taunt|p1a: Hatterene\n|move|p1a: Hatterene|Taunt|p2a: Grimmsnarl|[from]ability: Magic Bounce\n|-start|p2a: Grimmsnarl|move: Taunt\n|\n|-weather|SunnyDay|[upkeep]\n|upkeep\n|turn|5\n|\n|t:|1699325259\n|switch|p2a: Cloyster|Cloyster, M|100\/100\n|move|p1a: Hatterene|Mystical Fire|p2a: Cloyster\n|-damage|p2a: Cloyster|55\/100\n|-unboost|p2a: Cloyster|spa|1\n|\n|-weather|SunnyDay|[upkeep]\n|upkeep\n|turn|6\n|\n|t:|1699325271\n|switch|p1a: Scizor|Scizor, M|100\/100\n|move|p2a: Cloyster|Shell Smash|p2a: Cloyster\n|-unboost|p2a: Cloyster|def|1\n|-unboost|p2a: Cloyster|spd|1\n|-boost|p2a: Cloyster|atk|2\n|-boost|p2a: Cloyster|spa|2\n|-boost|p2a: Cloyster|spe|2\n|\n|-weather|SunnyDay|[upkeep]\n|upkeep\n|turn|7\n|\n|t:|1699325282\n|move|p1a: Scizor|Bullet Punch|p2a: Cloyster\n|-damage|p2a: Cloyster|24\/100\n|move|p2a: Cloyster|Icicle Spear|p1a: Scizor\n|-resisted|p1a: Scizor\n|-damage|p1a: Scizor|92\/100\n|-resisted|p1a: Scizor\n|-damage|p1a: Scizor|82\/100\n|-resisted|p1a: Scizor\n|-damage|p1a: Scizor|72\/100\n|-resisted|p1a: Scizor\n|-damage|p1a: Scizor|63\/100\n|-resisted|p1a: Scizor\n|-damage|p1a: Scizor|54\/100\n|-hitcount|p1a: Scizor|5\n|-damage|p2a: Cloyster|14\/100|[from] item: Life Orb\n|\n|-weather|SunnyDay|[upkeep]\n|upkeep\n|turn|8\n|\n|t:|1699325295\n|switch|p2a: Rotom|Rotom-Wash|100\/100\n|move|p1a: Scizor|Bullet Punch|p2a: Rotom\n|-resisted|p2a: Rotom\n|-damage|p2a: Rotom|95\/100\n|\n|-weather|SunnyDay|[upkeep]\n|-heal|p2a: Rotom|100\/100|[from] item: Leftovers\n|-sideend|p1: Fueghost|Reflect\n|upkeep\n|turn|9\n|\n|t:|1699325307\n|switch|p1a: Grimmsnarl|Grimmsnarl, M|100\/100\n|move|p2a: Rotom|Will-O-Wisp|p1a: Grimmsnarl\n|-status|p1a: Grimmsnarl|brn\n|\n|-weather|SunnyDay|[upkeep]\n|-damage|p1a: Grimmsnarl|94\/100 brn|[from] brn\n|-sideend|p2: g0dpain|Reflect\n|-sideend|p1: Fueghost|move: Light Screen\n|upkeep\n|turn|10\n|\n|t:|1699325319\n|move|p1a: Grimmsnarl|Light Screen|p1a: Grimmsnarl\n|-sidestart|p1: Fueghost|move: Light Screen\n|move|p2a: Rotom|Volt Switch|p1a: Grimmsnarl\n|-damage|p1a: Grimmsnarl|85\/100 brn\n|\n|t:|1699325328\n|switch|p2a: Dragapult|Dragapult, F|100\/100|[from] Volt Switch\n|\n|-weather|none\n|-damage|p1a: Grimmsnarl|79\/100 brn|[from] brn\n|-sideend|p2: g0dpain|move: Light Screen\n|upkeep\n|turn|11\n|\n|t:|1699325342\n|move|p1a: Grimmsnarl|Thunder Wave|p2a: Dragapult\n|-status|p2a: Dragapult|par\n|move|p2a: Dragapult|Flamethrower|p1a: Grimmsnarl\n|-damage|p1a: Grimmsnarl|52\/100 brn\n|\n|-damage|p1a: Grimmsnarl|46\/100 brn|[from] brn\n|upkeep\n|turn|12\n|\n|t:|1699325350\n|switch|p1a: Torkoal|Torkoal, M|100\/100\n|-weather|SunnyDay|[from] ability: Drought|[of] p1a: Torkoal\n|move|p2a: Dragapult|Flamethrower|p1a: Torkoal\n|-resisted|p1a: Torkoal\n|-damage|p1a: Torkoal|59\/100\n|\n|-weather|SunnyDay|[upkeep]\n|upkeep\n|turn|13\n|\n|t:|1699325359\n|switch|p2a: Grimmsnarl|Grimmsnarl, M, shiny|100\/100\n|switch|p1a: Darmanitan|Darmanitan, F|100\/100\n|\n|-weather|SunnyDay|[upkeep]\n|upkeep\n|turn|14\n|\n|t:|1699325366\n|move|p2a: Grimmsnarl|Reflect|p2a: Grimmsnarl\n|-sidestart|p2: g0dpain|Reflect\n|move|p1a: Darmanitan|Flare Blitz|p2a: Grimmsnarl\n|-damage|p2a: Grimmsnarl|41\/100\n|-damage|p1a: Darmanitan|79\/100|[from] Recoil\n|\n|-weather|SunnyDay|[upkeep]\n|upkeep\n|turn|15\n|\n|t:|1699325384\n|switch|p2a: Rotom|Rotom-Wash|100\/100\n|move|p1a: Darmanitan|Flare Blitz|p2a: Rotom\n|-resisted|p2a: Rotom\n|-crit|p2a: Rotom\n|-damage|p2a: Rotom|13\/100\n|-damage|p1a: Darmanitan|54\/100|[from] Recoil\n|\n|-weather|SunnyDay|[upkeep]\n|-heal|p2a: Rotom|19\/100|[from] item: Leftovers\n|upkeep\n|turn|16\n|\n|t:|1699325393\n|move|p1a: Darmanitan|Flare Blitz|p2a: Rotom\n|-resisted|p2a: Rotom\n|-damage|p2a: Rotom|0 fnt\n|faint|p2a: Rotom\n|-damage|p1a: Darmanitan|49\/100|[from] Recoil\n|\n|-weather|SunnyDay|[upkeep]\n|upkeep\n|\n|t:|1699325402\n|switch|p2a: Clefable|Clefable, F|100\/100\n|turn|17\n|\n|t:|1699325416\n|switch|p1a: Venusaur|Venusaur, F|100\/100\n|move|p2a: Clefable|Stealth Rock|p1a: Venusaur\n|-sidestart|p1: Fueghost|move: Stealth Rock\n|\n|-weather|SunnyDay|[upkeep]\n|-sideend|p1: Fueghost|move: Light Screen\n|upkeep\n|turn|18\n|\n|t:|1699325423\n|move|p1a: Venusaur|Growth|p1a: Venusaur\n|-boost|p1a: Venusaur|atk|2\n|-boost|p1a: Venusaur|spa|2\n|move|p2a: Clefable|Knock Off|p1a: Venusaur\n|-damage|p1a: Venusaur|80\/100\n|-enditem|p1a: Venusaur|Life Orb|[from] move: Knock Off|[of] p2a: Clefable\n|\n|-weather|SunnyDay|[upkeep]\n|upkeep\n|turn|19\n|\n|t:|1699325432\n|switch|p2a: Grimmsnarl|Grimmsnarl, M, shiny|41\/100\n|move|p1a: Venusaur|Weather Ball|p2a: Grimmsnarl\n|-damage|p2a: Grimmsnarl|0 fnt\n|faint|p2a: Grimmsnarl\n|\n|-weather|none\n|upkeep\n|\n|t:|1699325444\n|switch|p2a: Dragapult|Dragapult, F|100\/100 par\n|turn|20\n|inactive|Fueghost has 270 seconds left.\n|\n|t:|1699325475\n|move|p1a: Venusaur|Sludge Bomb|p2a: Dragapult\n|-resisted|p2a: Dragapult\n|-damage|p2a: Dragapult|43\/100 par\n|move|p2a: Dragapult|Flamethrower|p1a: Venusaur\n|-supereffective|p1a: Venusaur\n|-crit|p1a: Venusaur\n|-damage|p1a: Venusaur|0 fnt\n|faint|p1a: Venusaur\n|\n|upkeep\n|inactive|Fueghost has 270 seconds left.\n|\n|t:|1699325488\n|switch|p1a: Darmanitan|Darmanitan, F|49\/100\n|-damage|p1a: Darmanitan|24\/100|[from] Stealth Rock\n|turn|21\n|inactive|Fueghost has 270 seconds left.\n|\n|t:|1699325499\n|switch|p2a: Clefable|Clefable, F|100\/100\n|move|p1a: Darmanitan|Flare Blitz|p2a: Clefable\n|-damage|p2a: Clefable|65\/100\n|-damage|p1a: Darmanitan|7\/100|[from] item: Rocky Helmet|[of] p2a: Clefable\n|-damage|p1a: Darmanitan|0 fnt|[from] Recoil\n|faint|p1a: Darmanitan\n|\n|-sideend|p2: g0dpain|Reflect\n|upkeep\n|inactive|Fueghost has 270 seconds left.\n|\n|t:|1699325510\n|switch|p1a: Scizor|Scizor, M|54\/100\n|-damage|p1a: Scizor|42\/100|[from] Stealth Rock\n|turn|22\n|\n|t:|1699325523\n|move|p1a: Scizor|U-turn|p2a: Clefable\n|-resisted|p2a: Clefable\n|-damage|p2a: Clefable|40\/100\n|-damage|p1a: Scizor|25\/100|[from] item: Rocky Helmet|[of] p2a: Clefable\n|\n|t:|1699325527\n|switch|p1a: Hatterene|Hatterene, F|100\/100|[from] U-turn\n|-damage|p1a: Hatterene|88\/100|[from] Stealth Rock\n|move|p2a: Clefable|Soft-Boiled|p2a: Clefable\n|-heal|p2a: Clefable|90\/100\n|\n|-heal|p1a: Hatterene|94\/100|[from] item: Leftovers\n|upkeep\n|turn|23\n|inactive|g0dpain has 270 seconds left.\n|\n|t:|1699325559\n|switch|p2a: Scizor|Scizor, F|100\/100\n|move|p1a: Hatterene|Mystical Fire|p2a: Scizor\n|-supereffective|p2a: Scizor\n|-damage|p2a: Scizor|0 fnt\n|faint|p2a: Scizor\n|\n|-heal|p1a: Hatterene|99\/100|[from] item: Leftovers\n|upkeep\n|inactive|g0dpain has 270 seconds left.\n|\n|t:|1699325568\n|switch|p2a: Dragapult|Dragapult, F|43\/100 par\n|turn|24\n|\n|t:|1699325574\n|switch|p1a: Grimmsnarl|Grimmsnarl, M|46\/100 brn\n|-damage|p1a: Grimmsnarl|33\/100 brn|[from] Stealth Rock\n|move|p2a: Dragapult|Shadow Ball|p1a: Grimmsnarl\n|-resisted|p1a: Grimmsnarl\n|-damage|p1a: Grimmsnarl|14\/100 brn\n|\n|-damage|p1a: Grimmsnarl|8\/100 brn|[from] brn\n|upkeep\n|turn|25\n|\n|t:|1699325583\n|switch|p2a: Clefable|Clefable, F|90\/100\n|move|p1a: Grimmsnarl|Light Screen|p1a: Grimmsnarl\n|-sidestart|p1: Fueghost|move: Light Screen\n|\n|-damage|p1a: Grimmsnarl|2\/100 brn|[from] brn\n|upkeep\n|turn|26\n|\n|t:|1699325595\n|move|p1a: Grimmsnarl|Thunder Wave|p2a: Clefable\n|-status|p2a: Clefable|par\n|move|p2a: Clefable|Knock Off|p1a: Grimmsnarl\n|-resisted|p1a: Grimmsnarl\n|-damage|p1a: Grimmsnarl|0 fnt\n|-enditem|p1a: Grimmsnarl|Light Clay|[from] move: Knock Off|[of] p2a: Clefable\n|faint|p1a: Grimmsnarl\n|\n|upkeep\n|\n|t:|1699325606\n|switch|p1a: Scizor|Scizor, M|25\/100\n|-damage|p1a: Scizor|13\/100|[from] Stealth Rock\n|turn|27\n|\n|t:|1699325611\n|move|p1a: Scizor|Bullet Punch|p2a: Clefable\n|-supereffective|p2a: Clefable\n|-damage|p2a: Clefable|5\/100 par\n|-damage|p1a: Scizor|0 fnt|[from] item: Rocky Helmet|[of] p2a: Clefable\n|faint|p1a: Scizor\n|move|p2a: Clefable|Moonblast|p1: Scizor|[notarget]\n|-fail|p2a: Clefable\n|\n|upkeep\n|\n|t:|1699325622\n|switch|p1a: Hatterene|Hatterene, F|99\/100\n|-damage|p1a: Hatterene|88\/100|[from] Stealth Rock\n|turn|28\n|\n|t:|1699325627\n|move|p1a: Hatterene|Calm Mind|p1a: Hatterene\n|-boost|p1a: Hatterene|spa|1\n|-boost|p1a: Hatterene|spd|1\n|move|p2a: Clefable|Soft-Boiled|p2a: Clefable\n|-heal|p2a: Clefable|55\/100 par\n|\n|-heal|p1a: Hatterene|94\/100|[from] item: Leftovers\n|upkeep\n|turn|29\n|\n|t:|1699325636\n|move|p1a: Hatterene|Calm Mind|p1a: Hatterene\n|-boost|p1a: Hatterene|spa|1\n|-boost|p1a: Hatterene|spd|1\n|move|p2a: Clefable|Knock Off|p1a: Hatterene\n|-damage|p1a: Hatterene|81\/100\n|-enditem|p1a: Hatterene|Leftovers|[from] move: Knock Off|[of] p2a: Clefable\n|\n|upkeep\n|turn|30\n|\n|t:|1699325645\n|switch|p2a: Dragapult|Dragapult, F|43\/100 par\n|move|p1a: Hatterene|Psyshock|p2a: Dragapult\n|-damage|p2a: Dragapult|0 fnt\n|faint|p2a: Dragapult\n|\n|upkeep\n|\n|t:|1699325652\n|switch|p2a: Cloyster|Cloyster, M|14\/100\n|turn|31\n|\n|t:|1699325658\n|move|p2a: Cloyster|Icicle Spear|p1a: Hatterene\n|-damage|p1a: Hatterene|68\/100\n|-damage|p1a: Hatterene|55\/100\n|-damage|p1a: Hatterene|42\/100\n|-damage|p1a: Hatterene|31\/100\n|-damage|p1a: Hatterene|18\/100\n|-hitcount|p1a: Hatterene|5\n|-damage|p2a: Cloyster|4\/100|[from] item: Life Orb\n|move|p1a: Hatterene|Draining Kiss|p2a: Cloyster\n|-damage|p2a: Cloyster|0 fnt\n|-heal|p1a: Hatterene|20\/100|[from] drain|[of] p2a: Cloyster\n|faint|p2a: Cloyster\n|\n|upkeep\n|\n|t:|1699325669\n|switch|p2a: Clefable|Clefable, F|55\/100 par\n|turn|32\n|\n|t:|1699325672\n|move|p1a: Hatterene|Draining Kiss|p2a: Clefable\n|-damage|p2a: Clefable|10\/100 par\n|-heal|p1a: Hatterene|62\/100|[from] drain|[of] p2a: Clefable\n|-damage|p1a: Hatterene|46\/100|[from] item: Rocky Helmet|[of] p2a: Clefable\n|cant|p2a: Clefable|par\n|\n|-sideend|p1: Fueghost|move: Light Screen\n|upkeep\n|turn|33\n|\n|t:|1699325679\n|move|p1a: Hatterene|Draining Kiss|p2a: Clefable\n|-damage|p2a: Clefable|0 fnt\n|-heal|p1a: Hatterene|55\/100|[from] drain|[of] p2a: Clefable\n|-damage|p1a: Hatterene|38\/100|[from] item: Rocky Helmet|[of] p2a: Clefable\n|faint|p2a: Clefable\n|\n|win|Fueghost\n|c| Yumura|el grimm\n|c| Yumura|es el nuevo liepard prank de mis tiempos\n|c| Yumura|jsjsjsj\n|l|\u2606g0dpain\n|l| Yumura\n","uploadtime":1699325909,"views":9,"p1id":"fueghost","p2id":"g0dpain","formatid":"gen9nationaldexubers","rating":0,"private":0,"password":""}