{"id":"gen9nationaldexubers-1988539515","p1":"SylverOmega","p2":"Marco99240202121","format":"[Gen 9] National Dex Ubers","log":"|j|\u2606SylverOmega\n|j|\u2606Marco99240202121\n|t:|1699733839\n|gametype|singles\n|player|p1|SylverOmega|palmer|\n|player|p2|Marco99240202121|lucas-gen4pt|\n|teamsize|p1|6\n|teamsize|p2|6\n|gen|9\n|tier|[Gen 9] National Dex Ubers\n|rule|HP Percentage Mod: HP is shown in percentages\n|rule|Endless Battle Clause: Forcing endless battles is banned\n|rule|OHKO Clause: OHKO moves are banned\n|rule|Evasion Moves Clause: Evasion moves are banned\n|rule|Evasion Items Clause: Evasion items are banned\n|rule|Species Clause: Limit one of each Pok\u00e9mon\n|rule|Sleep Clause Mod: Limit one foe put to sleep\n|rule|Mega Rayquaza Clause: You cannot mega evolve Rayquaza\n|clearpoke\n|poke|p1|Zoroark-Hisui, F|\n|poke|p1|Swellow, M|\n|poke|p1|Diggersby, M|\n|poke|p1|Porygon-Z|\n|poke|p1|Lopunny, F|\n|poke|p1|Porygon2|\n|poke|p2|Greninja-*, M|\n|poke|p2|Meowscarada, F|\n|poke|p2|Kingambit, M|\n|poke|p2|Ting-Lu|\n|poke|p2|Annihilape, M|\n|poke|p2|Overqwil, M|\n|teampreview\n|inactive|Battle timer is ON: inactive players will automatically lose when time's up. (requested by SylverOmega)\n|c|\u2606SylverOmega|Dhf\n|c|\u2606Marco99240202121|Ok, est\u00e1 vez intentar\u00e1s barrer con digger y con Lopunny\n|c|\u2606SylverOmega|No xd\n|c|\u2606Marco99240202121|Son los mejores que tienes\n|inactive|Marco99240202121 has 270 seconds left.\n|c|\u2606SylverOmega|Tengo algo mejor\n|c|\u2606Marco99240202121|Ok esperar lo inesperado\n|c|\u2606Marco99240202121|Entendido\n|c|\u2606SylverOmega|Son 3 para barrer\n|\n|t:|1699733891\n|start\n|switch|p1a: Diggersby|Diggersby, M|100\/100\n|switch|p2a: Meowscarada|Meowscarada, F|100\/100\n|turn|1\n|\n|t:|1699733901\n|move|p1a: Diggersby|Quick Attack|p2a: Meowscarada\n|-damage|p2a: Meowscarada|48\/100\n|-damage|p1a: Diggersby|91\/100|[from] item: Life Orb\n|move|p2a: Meowscarada|U-turn|p1a: Diggersby\n|-start|p2a: Meowscarada|typechange|Bug|[from] ability: Protean\n|-damage|p1a: Diggersby|51\/100\n|\n|t:|1699733909\n|switch|p2a: Ting-Lu|Ting-Lu|100\/100|[from] U-turn\n|-ability|p2a: Ting-Lu|Vessel of Ruin\n|\n|upkeep\n|turn|2\n|\n|t:|1699733915\n|move|p1a: Diggersby|Power-Up Punch|p2a: Ting-Lu\n|-supereffective|p2a: Ting-Lu\n|-damage|p2a: Ting-Lu|82\/100\n|-boost|p1a: Diggersby|atk|1\n|-damage|p1a: Diggersby|41\/100|[from] item: Life Orb\n|move|p2a: Ting-Lu|Stealth Rock|p1a: Diggersby\n|-sidestart|p1: SylverOmega|move: Stealth Rock\n|\n|-heal|p2a: Ting-Lu|88\/100|[from] item: Leftovers\n|upkeep\n|turn|3\n|\n|t:|1699733926\n|move|p1a: Diggersby|Power-Up Punch|p2a: Ting-Lu\n|-supereffective|p2a: Ting-Lu\n|-damage|p2a: Ting-Lu|57\/100\n|-boost|p1a: Diggersby|atk|1\n|-damage|p1a: Diggersby|32\/100|[from] item: Life Orb\n|move|p2a: Ting-Lu|Whirlwind|p1a: Diggersby\n|drag|p1a: Swellow|Swellow, M, shiny|100\/100\n|-damage|p1a: Swellow|76\/100|[from] Stealth Rock\n|\n|-heal|p2a: Ting-Lu|63\/100|[from] item: Leftovers\n|-status|p1a: Swellow|brn|[from] item: Flame Orb\n|upkeep\n|turn|4\n|\n|t:|1699733940\n|move|p1a: Swellow|Facade|p2a: Ting-Lu\n|-damage|p2a: Ting-Lu|28\/100\n|move|p2a: Ting-Lu|Whirlwind|p1a: Swellow\n|drag|p1a: Porygon2|Porygon2, shiny|100\/100\n|-damage|p1a: Porygon2|88\/100|[from] Stealth Rock\n|\n|-heal|p2a: Ting-Lu|34\/100|[from] item: Leftovers\n|upkeep\n|turn|5\n|\n|t:|1699733952\n|move|p1a: Porygon2|Tri Attack|p2a: Ting-Lu\n|-damage|p2a: Ting-Lu|16\/100\n|move|p2a: Ting-Lu|Whirlwind|p1a: Porygon2\n|drag|p1a: Porygon-Z|Porygon-Z|100\/100\n|-damage|p1a: Porygon-Z|88\/100|[from] Stealth Rock\n|\n|-heal|p2a: Ting-Lu|22\/100|[from] item: Leftovers\n|upkeep\n|turn|6\n|\n|t:|1699733963\n|move|p1a: Porygon-Z|Tri Attack|p2a: Ting-Lu\n|-damage|p2a: Ting-Lu|0 fnt\n|faint|p2a: Ting-Lu\n|\n|upkeep\n|\n|t:|1699733974\n|switch|p2a: Annihilape|Annihilape, M|100\/100\n|turn|7\n|\n|t:|1699733990\n|switch|p1a: Swellow|Swellow, M, shiny|100\/100\n|-damage|p1a: Swellow|88\/100|[from] Stealth Rock\n|move|p2a: Annihilape|Bulk Up|p2a: Annihilape\n|-boost|p2a: Annihilape|atk|1\n|-boost|p2a: Annihilape|def|1\n|\n|upkeep\n|turn|8\n|\n|t:|1699734001\n|-terastallize|p2a: Annihilape|Water\n|move|p1a: Swellow|Bitter Malice|p2a: Annihilape\n|-damage|p2a: Annihilape|66\/100\n|-unboost|p2a: Annihilape|atk|1\n|-ability|p2a: Annihilape|Defiant|boost\n|-boost|p2a: Annihilape|atk|2\n|move|p2a: Annihilape|Bulk Up|p2a: Annihilape\n|-boost|p2a: Annihilape|atk|1\n|-boost|p2a: Annihilape|def|1\n|\n|-heal|p2a: Annihilape|72\/100|[from] item: Leftovers\n|upkeep\n|turn|9\n|\n|t:|1699734017\n|move|p1a: Swellow|Hyper Voice|p2a: Annihilape\n|-damage|p2a: Annihilape|31\/100\n|move|p2a: Annihilape|Poison Jab|p1a: Swellow\n|-resisted|p1a: Swellow\n|-damage|p1a: Swellow|13\/100\n|replace|p1a: Zoroark|Zoroark-Hisui, F, shiny\n|-end|p1a: Zoroark|Illusion\n|\n|-heal|p2a: Annihilape|37\/100|[from] item: Leftovers\n|upkeep\n|turn|10\n|inactive|Marco99240202121 has 270 seconds left.\n|\n|t:|1699734049\n|switch|p2a: Kingambit|Kingambit, M|100\/100\n|-activate|p2a: Kingambit|ability: Supreme Overlord\n|-start|p2a: Kingambit|fallen1|[silent]\n|move|p1a: Zoroark|Hyper Voice|p2a: Kingambit\n|-resisted|p2a: Kingambit\n|-damage|p2a: Kingambit|76\/100\n|\n|-heal|p2a: Kingambit|82\/100|[from] item: Leftovers\n|upkeep\n|turn|11\n|\n|t:|1699734060\n|move|p1a: Zoroark|Flamethrower|p2a: Kingambit\n|-supereffective|p2a: Kingambit\n|-damage|p2a: Kingambit|21\/100\n|move|p2a: Kingambit|Iron Head|p1a: Zoroark\n|-damage|p1a: Zoroark|0 fnt\n|faint|p1a: Zoroark\n|\n|-heal|p2a: Kingambit|27\/100|[from] item: Leftovers\n|upkeep\n|\n|t:|1699734073\n|switch|p1a: Lopunny|Lopunny, F, shiny|100\/100\n|-damage|p1a: Lopunny|88\/100|[from] Stealth Rock\n|turn|12\n|\n|t:|1699734083\n|detailschange|p1a: Lopunny|Lopunny-Mega, F, shiny\n|-mega|p1a: Lopunny|Lopunny|Lopunnite\n|move|p2a: Kingambit|Sucker Punch|p1a: Lopunny\n|-resisted|p1a: Lopunny\n|-damage|p1a: Lopunny|57\/100\n|move|p1a: Lopunny|High Jump Kick|p2a: Kingambit\n|-supereffective|p2a: Kingambit\n|-damage|p2a: Kingambit|0 fnt\n|faint|p2a: Kingambit\n|-end|p2a: Kingambit|fallen1|[silent]\n|\n|upkeep\n|\n|t:|1699734086\n|switch|p2a: Overqwil|Overqwil, M|100\/100\n|-ability|p2a: Overqwil|Intimidate|boost\n|-fail|p1a: Lopunny|unboost|Attack|[from] ability: Scrappy|[of] p1a: Lopunny\n|turn|13\n|\n|t:|1699734097\n|move|p1a: Lopunny|U-turn|p2a: Overqwil\n|-damage|p2a: Overqwil|70\/100\n|\n|t:|1699734104\n|switch|p1a: Swellow|Swellow, M, shiny|76\/100 brn|[from] U-turn\n|-damage|p1a: Swellow|51\/100 brn|[from] Stealth Rock\n|move|p2a: Overqwil|Liquidation|p1a: Swellow\n|-damage|p1a: Swellow|0 fnt\n|faint|p1a: Swellow\n|\n|-heal|p2a: Overqwil|76\/100|[from] item: Leftovers\n|upkeep\n|\n|t:|1699734116\n|switch|p1a: Lopunny|Lopunny-Mega, F, shiny|57\/100\n|-damage|p1a: Lopunny|51\/100|[from] Stealth Rock\n|turn|14\n|\n|t:|1699734122\n|move|p2a: Overqwil|Aqua Jet|p1a: Lopunny\n|-damage|p1a: Lopunny|35\/100\n|move|p1a: Lopunny|High Jump Kick|p2a: Overqwil\n|-damage|p2a: Overqwil|0 fnt\n|faint|p2a: Overqwil\n|\n|upkeep\n|\n|t:|1699734133\n|switch|p2a: Meowscarada|Meowscarada, F|48\/100\n|turn|15\n|\n|t:|1699734141\n|move|p2a: Meowscarada|Flower Trick|p1a: Lopunny\n|-start|p2a: Meowscarada|typechange|Grass|[from] ability: Protean\n|-crit|p1a: Lopunny\n|-damage|p1a: Lopunny|0 fnt\n|faint|p1a: Lopunny\n|\n|upkeep\n|\n|t:|1699734152\n|switch|p1a: Porygon2|Porygon2, shiny|88\/100\n|-damage|p1a: Porygon2|76\/100|[from] Stealth Rock\n|turn|16\n|\n|t:|1699734161\n|switch|p2a: Annihilape|Annihilape, M, tera:Water|37\/100\n|move|p1a: Porygon2|Tri Attack|p2a: Annihilape\n|-damage|p2a: Annihilape|6\/100\n|\n|-heal|p2a: Annihilape|12\/100|[from] item: Leftovers\n|upkeep\n|turn|17\n|\n|t:|1699734171\n|-terastallize|p1a: Porygon2|Ghost\n|move|p2a: Annihilape|Drain Punch|p1a: Porygon2\n|-immune|p1a: Porygon2\n|move|p1a: Porygon2|Tri Attack|p2a: Annihilape\n|-damage|p2a: Annihilape|0 fnt\n|faint|p2a: Annihilape\n|\n|upkeep\n|\n|t:|1699734176\n|switch|p2a: Meowscarada|Meowscarada, F|48\/100\n|turn|18\n|\n|t:|1699734185\n|move|p2a: Meowscarada|Knock Off|p1a: Porygon2\n|-start|p2a: Meowscarada|typechange|Dark|[from] ability: Protean\n|-supereffective|p1a: Porygon2\n|-damage|p1a: Porygon2|29\/100\n|-enditem|p1a: Porygon2|Eviolite|[from] move: Knock Off|[of] p2a: Meowscarada\n|move|p1a: Porygon2|Tri Attack|p2a: Meowscarada\n|-damage|p2a: Meowscarada|0 fnt\n|faint|p2a: Meowscarada\n|\n|upkeep\n|\n|t:|1699734196\n|switch|p2a: \u30b2\u30c3\u30b3\u30a6\u30ac|Greninja, M|100\/100\n|turn|19\n|\n|t:|1699734202\n|switch|p1a: Porygon-Z|Porygon-Z|88\/100\n|-damage|p1a: Porygon-Z|76\/100|[from] Stealth Rock\n|move|p2a: \u30b2\u30c3\u30b3\u30a6\u30ac|Surf|p1a: Porygon-Z\n|-damage|p1a: Porygon-Z|23\/100\n|\n|upkeep\n|turn|20\n|\n|t:|1699734210\n|move|p2a: \u30b2\u30c3\u30b3\u30a6\u30ac|Water Shuriken|p1a: Porygon-Z\n|-damage|p1a: Porygon-Z|13\/100\n|-damage|p1a: Porygon-Z|4\/100\n|-hitcount|p1a: Porygon-Z|2\n|move|p1a: Porygon-Z|Discharge|p2a: \u30b2\u30c3\u30b3\u30a6\u30ac\n|-supereffective|p2a: \u30b2\u30c3\u30b3\u30a6\u30ac\n|-damage|p2a: \u30b2\u30c3\u30b3\u30a6\u30ac|2\/100\n|\n|upkeep\n|turn|21\n|\n|t:|1699734224\n|switch|p1a: Porygon2|Porygon2, shiny, tera:Ghost|29\/100\n|-damage|p1a: Porygon2|17\/100|[from] Stealth Rock\n|move|p2a: \u30b2\u30c3\u30b3\u30a6\u30ac|Water Shuriken|p1a: Porygon2\n|-damage|p1a: Porygon2|11\/100\n|-damage|p1a: Porygon2|4\/100\n|-hitcount|p1a: Porygon2|2\n|\n|upkeep\n|turn|22\n|\n|t:|1699734234\n|move|p2a: \u30b2\u30c3\u30b3\u30a6\u30ac|Water Shuriken|p1a: Porygon2\n|-damage|p1a: Porygon2|0 fnt\n|faint|p1a: Porygon2\n|-ability|p2a: \u30b2\u30c3\u30b3\u30a6\u30ac|Battle Bond|boost\n|-boost|p2a: \u30b2\u30c3\u30b3\u30a6\u30ac|atk|1\n|-boost|p2a: \u30b2\u30c3\u30b3\u30a6\u30ac|spa|1\n|-boost|p2a: \u30b2\u30c3\u30b3\u30a6\u30ac|spe|1\n|-activate|p2a: \u30b2\u30c3\u30b3\u30a6\u30ac|ability: Battle Bond\n|-hitcount|p1: Porygon2|1\n|\n|upkeep\n|\n|t:|1699734244\n|switch|p1a: Diggersby|Diggersby, M|32\/100\n|-damage|p1a: Diggersby|25\/100|[from] Stealth Rock\n|turn|23\n|\n|t:|1699734250\n|move|p2a: \u30b2\u30c3\u30b3\u30a6\u30ac|Water Shuriken|p1a: Diggersby\n|-supereffective|p1a: Diggersby\n|-damage|p1a: Diggersby|2\/100\n|-supereffective|p1a: Diggersby\n|-damage|p1a: Diggersby|0 fnt\n|faint|p1a: Diggersby\n|-hitcount|p1: Diggersby|2\n|\n|upkeep\n|c|\u2606SylverOmega|Gg\n|\n|t:|1699734258\n|switch|p1a: Porygon-Z|Porygon-Z|4\/100\n|-damage|p1a: Porygon-Z|0 fnt|[from] Stealth Rock\n|faint|p1a: Porygon-Z\n|\n|win|Marco99240202121\n|c|\u2606Marco99240202121|Gg\n|c|\u2606Marco99240202121|Ya me tengo que ir\n|c|\u2606SylverOmega|Ok\n|c|\u2606Marco99240202121|Bye\n|l|\u2606SylverOmega\n|l|\u2606Marco99240202121\n|j|\u2606Marco99240202121\n|player|p2|Marco99240202121|lucas-gen4pt\n","uploadtime":1699734353,"views":5,"p1id":"sylveromega","p2id":"marco99240202121","formatid":"gen9nationaldexubers","rating":0,"private":0,"password":""}