{"id":"gen9nationaldexubers-1988659424","p1":"vic_ketchum","p2":"njkhygvhjjikm","format":"[Gen 9] National Dex Ubers","log":"|j|\u2606vic_ketchum\n|j|\u2606njkhygvhjjikm\n|t:|1699747311\n|gametype|singles\n|player|p1|vic_ketchum|ash-kalos|1052\n|player|p2|njkhygvhjjikm|steven|1034\n|teamsize|p1|6\n|teamsize|p2|4\n|gen|9\n|tier|[Gen 9] National Dex Ubers\n|rated|\n|rule|HP Percentage Mod: HP is shown in percentages\n|rule|Endless Battle Clause: Forcing endless battles is banned\n|rule|OHKO Clause: OHKO moves are banned\n|rule|Evasion Moves Clause: Evasion moves are banned\n|rule|Evasion Items Clause: Evasion items are banned\n|rule|Species Clause: Limit one of each Pok\u00e9mon\n|rule|Sleep Clause Mod: Limit one foe put to sleep\n|rule|Mega Rayquaza Clause: You cannot mega evolve Rayquaza\n|clearpoke\n|poke|p1|Mewtwo|\n|poke|p1|Pheromosa|\n|poke|p1|Deoxys|\n|poke|p1|Buzzwole|\n|poke|p1|Zoroark, M|\n|poke|p1|Scizor, M|\n|poke|p2|Deoxys-Attack|\n|poke|p2|Blastoise, F|\n|poke|p2|Chansey, F|\n|poke|p2|Avalugg, F|\n|teampreview\n|inactive|Battle timer is ON: inactive players will automatically lose when time's up. (requested by vic_ketchum)\n|\n|t:|1699747321\n|start\n|switch|p1a: CELL|Pheromosa|100\/100\n|switch|p2a: Avalugg|Avalugg, F|100\/100\n|turn|1\n|\n|t:|1699747326\n|move|p1a: CELL|Bug Buzz|p2a: Avalugg\n|-damage|p2a: Avalugg|30\/100\n|move|p2a: Avalugg|Iron Defense|p2a: Avalugg\n|-boost|p2a: Avalugg|def|2\n|\n|upkeep\n|turn|2\n|\n|t:|1699747332\n|switch|p2a: Chansey|Chansey, F|100\/100\n|move|p1a: CELL|Bug Buzz|p2a: Chansey\n|-damage|p2a: Chansey|88\/100\n|\n|upkeep\n|turn|3\n|\n|t:|1699747341\n|move|p1a: CELL|Poison Jab|p2a: Chansey\n|-damage|p2a: Chansey|71\/100\n|move|p2a: Chansey|Thunder Wave|p1a: CELL\n|-status|p1a: CELL|par\n|\n|upkeep\n|turn|4\n|\n|t:|1699747355\n|switch|p2a: Blastoise|Blastoise, F|100\/100\n|move|p1a: CELL|Ice Beam|p2a: Blastoise\n|-resisted|p2a: Blastoise\n|-damage|p2a: Blastoise|89\/100\n|\n|upkeep\n|turn|5\n|\n|t:|1699747362\n|detailschange|p2a: Blastoise|Blastoise-Mega, F\n|-mega|p2a: Blastoise|Blastoise|Blastoisinite\n|move|p2a: Blastoise|Shell Smash|p2a: Blastoise\n|-unboost|p2a: Blastoise|def|1\n|-unboost|p2a: Blastoise|spd|1\n|-boost|p2a: Blastoise|atk|2\n|-boost|p2a: Blastoise|spa|2\n|-boost|p2a: Blastoise|spe|2\n|move|p1a: CELL|Bug Buzz|p2a: Blastoise\n|-damage|p2a: Blastoise|36\/100\n|-unboost|p2a: Blastoise|spd|1\n|\n|upkeep\n|turn|6\n|\n|t:|1699747373\n|move|p2a: Blastoise|Water Pulse|p1a: CELL\n|-enditem|p1a: CELL|Focus Sash\n|-damage|p1a: CELL|1\/100 par\n|cant|p1a: CELL|par\n|\n|upkeep\n|turn|7\n|\n|t:|1699747379\n|move|p2a: Blastoise|Water Pulse|p1a: CELL\n|-damage|p1a: CELL|0 fnt\n|faint|p1a: CELL\n|\n|upkeep\n|\n|t:|1699747384\n|switch|p1a: MAJIN BUU|Deoxys|100\/100\n|-ability|p1a: MAJIN BUU|Pressure\n|turn|8\n|\n|t:|1699747389\n|move|p2a: Blastoise|Dark Pulse|p1a: MAJIN BUU\n|-supereffective|p1a: MAJIN BUU\n|-enditem|p1a: MAJIN BUU|Focus Sash\n|-damage|p1a: MAJIN BUU|1\/100\n|move|p1a: MAJIN BUU|Dark Pulse|p2a: Blastoise\n|-damage|p2a: Blastoise|0 fnt\n|faint|p2a: Blastoise\n|\n|upkeep\n|\n|t:|1699747392\n|switch|p2a: Deoxys|Deoxys-Attack, shiny|100\/100\n|-ability|p2a: Deoxys|Pressure\n|turn|9\n|\n|t:|1699747405\n|move|p2a: Deoxys|Endure|p2a: Deoxys\n|-singleturn|p2a: Deoxys|move: Endure\n|move|p1a: MAJIN BUU|Dark Pulse|p2a: Deoxys\n|-supereffective|p2a: Deoxys\n|-activate|p2a: Deoxys|move: Endure\n|-damage|p2a: Deoxys|1\/100\n|-enditem|p2a: Deoxys|Petaya Berry|[eat]\n|-boost|p2a: Deoxys|spa|1|[from] item: Petaya Berry\n|\n|upkeep\n|turn|10\n|\n|t:|1699747414\n|move|p2a: Deoxys|Shadow Ball|p1a: MAJIN BUU\n|-supereffective|p1a: MAJIN BUU\n|-damage|p1a: MAJIN BUU|0 fnt\n|faint|p1a: MAJIN BUU\n|\n|upkeep\n|\n|t:|1699747419\n|switch|p1a: XICOR|Scizor, M, shiny|100\/100\n|turn|11\n|\n|t:|1699747425\n|move|p1a: XICOR|Bullet Punch|p2a: Deoxys\n|-damage|p2a: Deoxys|0 fnt\n|faint|p2a: Deoxys\n|\n|upkeep\n|\n|t:|1699747427\n|switch|p2a: Avalugg|Avalugg, F|30\/100\n|turn|12\n|\n|t:|1699747430\n|move|p1a: XICOR|Bullet Punch|p2a: Avalugg\n|-supereffective|p2a: Avalugg\n|-damage|p2a: Avalugg|4\/100\n|-damage|p1a: XICOR|84\/100|[from] item: Rocky Helmet|[of] p2a: Avalugg\n|move|p2a: Avalugg|Iron Defense|p2a: Avalugg\n|-boost|p2a: Avalugg|def|2\n|\n|upkeep\n|turn|13\n|\n|t:|1699747437\n|move|p1a: XICOR|Bullet Punch|p2a: Avalugg\n|-supereffective|p2a: Avalugg\n|-damage|p2a: Avalugg|0 fnt\n|-damage|p1a: XICOR|67\/100|[from] item: Rocky Helmet|[of] p2a: Avalugg\n|faint|p2a: Avalugg\n|\n|upkeep\n|-message|njkhygvhjjikm forfeited.\n|\n|win|vic_ketchum\n|raw|vic_ketchum's rating: 1052 &rarr; <strong>1083<\/strong><br \/>(+31 for winning)\n|raw|njkhygvhjjikm's rating: 1034 &rarr; <strong>1020<\/strong><br \/>(-14 for losing)\n|l|\u2606njkhygvhjjikm\n","uploadtime":1699747448,"views":4,"p1id":"vicketchum","p2id":"njkhygvhjjikm","formatid":"gen9nationaldexubers","rating":1020,"private":0,"password":""}