{"id":"gen9nationaldexubers-1987649464","p1":"JustMonika_CARR","p2":"mathis2812","format":"[Gen 9] National Dex Ubers","log":"|j|\u2606JustMonika_CARR\n|j|\u2606mathis2812\n|t:|1699623900\n|gametype|singles\n|player|p1|JustMonika_CARR|rosa|1534\n|player|p2|mathis2812|cynthia-gen4|1404\n|teamsize|p1|6\n|teamsize|p2|6\n|gen|9\n|tier|[Gen 9] National Dex Ubers\n|rated|\n|rule|HP Percentage Mod: HP is shown in percentages\n|rule|Endless Battle Clause: Forcing endless battles is banned\n|rule|OHKO Clause: OHKO moves are banned\n|rule|Evasion Moves Clause: Evasion moves are banned\n|rule|Evasion Items Clause: Evasion items are banned\n|rule|Species Clause: Limit one of each Pok\u00e9mon\n|rule|Sleep Clause Mod: Limit one foe put to sleep\n|rule|Mega Rayquaza Clause: You cannot mega evolve Rayquaza\n|clearpoke\n|poke|p1|Marshadow|\n|poke|p1|Aerodactyl, M|\n|poke|p1|Arceus|\n|poke|p1|Forretress, F|\n|poke|p1|Pheromosa|\n|poke|p1|Necrozma-Dawn-Wings|\n|poke|p2|Regieleki|\n|poke|p2|Xerneas-*|\n|poke|p2|Palafin, M|\n|poke|p2|Kyogre|\n|poke|p2|Calyrex-Ice|\n|poke|p2|Ninetales-Alola, M|\n|teampreview\n|inactive|Battle timer is ON: inactive players will automatically lose when time's up. (requested by mathis2812)\n|c|\u2606JustMonika_CARR|Glhf\n|\n|t:|1699623911\n|start\n|switch|p1a: Forretress|Forretress, F, shiny|100\/100\n|switch|p2a: Ninetales|Ninetales-Alola, M|100\/100\n|-weather|Snow|[from] ability: Snow Warning|[of] p2a: Ninetales\n|turn|1\n|\n|t:|1699623919\n|move|p2a: Ninetales|Aurora Veil|p2a: Ninetales\n|-sidestart|p2: mathis2812|move: Aurora Veil\n|move|p1a: Forretress|Toxic Spikes|p2a: Ninetales\n|-sidestart|p2: mathis2812|move: Toxic Spikes\n|\n|-weather|Snow|[upkeep]\n|upkeep\n|turn|2\n|\n|t:|1699623924\n|move|p2a: Ninetales|Encore|p1a: Forretress\n|-start|p1a: Forretress|Encore\n|move|p1a: Forretress|Toxic Spikes|p2a: Ninetales\n|-sidestart|p2: mathis2812|move: Toxic Spikes\n|\n|-weather|Snow|[upkeep]\n|upkeep\n|turn|3\n|\n|t:|1699623932\n|switch|p1a: Pheromosa|Pheromosa, shiny|100\/100\n|move|p2a: Ninetales|Blizzard|p1a: Pheromosa\n|-damage|p1a: Pheromosa|21\/100\n|\n|-weather|Snow|[upkeep]\n|upkeep\n|turn|4\n|\n|t:|1699623948\n|switch|p1a: Forretress|Forretress, F, shiny|100\/100\n|move|p2a: Ninetales|Blizzard|p1a: Forretress\n|-resisted|p1a: Forretress\n|-damage|p1a: Forretress|76\/100\n|-enditem|p1a: Forretress|Red Card|[of] p2a: Ninetales\n|drag|p2a: Palafin|Palafin, M|100\/100\n|-status|p2a: Palafin|tox\n|\n|-weather|Snow|[upkeep]\n|-damage|p2a: Palafin|94\/100 tox|[from] psn\n|upkeep\n|turn|5\n|\n|t:|1699623961\n|detailschange|p2a: Palafin|Palafin-Hero, M\n|switch|p2a: Regieleki|Regieleki|100\/100\n|move|p1a: Forretress|Stealth Rock|p2a: Regieleki\n|-sidestart|p2: mathis2812|move: Stealth Rock\n|\n|-weather|none\n|upkeep\n|turn|6\n|\n|t:|1699623969\n|switch|p1a: Necrozma|Necrozma-Dawn-Wings|100\/100\n|move|p2a: Regieleki|Rapid Spin|p1a: Necrozma\n|-immune|p1a: Necrozma\n|\n|upkeep\n|turn|7\n|\n|t:|1699623992\n|move|p2a: Regieleki|Volt Switch|p1a: Necrozma\n|-damage|p1a: Necrozma|70\/100\n|\n|t:|1699624001\n|switch|p2a: Ninetales|Ninetales-Alola, M|100\/100|[from] Volt Switch\n|-status|p2a: Ninetales|tox\n|-damage|p2a: Ninetales|75\/100 tox|[from] Stealth Rock\n|-weather|Snow|[from] ability: Snow Warning|[of] p2a: Ninetales\n|move|p1a: Necrozma|Moongeist Beam|p2a: Ninetales\n|-damage|p2a: Ninetales|46\/100 tox\n|\n|-weather|Snow|[upkeep]\n|-damage|p2a: Ninetales|40\/100 tox|[from] psn\n|upkeep\n|turn|8\n|\n|t:|1699624017\n|move|p2a: Ninetales|Blizzard|p1a: Necrozma\n|-damage|p1a: Necrozma|43\/100\n|move|p1a: Necrozma|Calm Mind|p1a: Necrozma\n|-boost|p1a: Necrozma|spa|1\n|-boost|p1a: Necrozma|spd|1\n|\n|-weather|Snow|[upkeep]\n|-damage|p2a: Ninetales|27\/100 tox|[from] psn\n|-sideend|p2: mathis2812|move: Aurora Veil\n|upkeep\n|turn|9\n|\n|t:|1699624031\n|detailschange|p1a: Necrozma|Necrozma-Ultra\n|-burst|p1a: Necrozma|Necrozma|Ultranecrozium Z\n|move|p1a: Necrozma|Moongeist Beam|p2a: Ninetales\n|-damage|p2a: Ninetales|0 fnt\n|faint|p2a: Ninetales\n|\n|-weather|Snow|[upkeep]\n|upkeep\n|\n|t:|1699624035\n|switch|p2a: Calyrex|Calyrex-Ice|100\/100\n|-ability|p2a: Calyrex|As One\n|-ability|p2a: Calyrex|Unnerve\n|-status|p2a: Calyrex|tox\n|-damage|p2a: Calyrex|76\/100 tox|[from] Stealth Rock\n|turn|10\n|\n|t:|1699624048\n|-terastallize|p2a: Calyrex|Ground\n|move|p1a: Necrozma|Moongeist Beam|p2a: Calyrex\n|-damage|p2a: Calyrex|30\/100 tox\n|move|p2a: Calyrex|Glacial Lance|p1a: Necrozma\n|-supereffective|p1a: Necrozma\n|-crit|p1a: Necrozma\n|-damage|p1a: Necrozma|0 fnt\n|faint|p1a: Necrozma\n|-ability|p2a: Calyrex|Chilling Neigh|boost\n|-boost|p2a: Calyrex|atk|1\n|\n|-weather|Snow|[upkeep]\n|-damage|p2a: Calyrex|23\/100 tox|[from] psn\n|upkeep\n|inactive|JustMonika_CARR has 120 seconds left.\n|\n|t:|1699624071\n|switch|p1a: Marshadow|Marshadow|100\/100\n|turn|11\n|\n|t:|1699624076\n|switch|p2a: Palafin|Palafin-Hero, M|94\/100 tox\n|-damage|p2a: Palafin|82\/100 tox|[from] Stealth Rock\n|-activate|p2a: Palafin|ability: Zero to Hero\n|move|p1a: Marshadow|Spectral Thief|p2a: Palafin\n|-damage|p2a: Palafin|37\/100 tox\n|\n|-weather|none\n|-damage|p2a: Palafin|31\/100 tox|[from] psn\n|upkeep\n|turn|12\n|\n|t:|1699624092\n|move|p1a: Marshadow|Shadow Sneak|p2a: Palafin\n|-damage|p2a: Palafin|0 fnt\n|faint|p2a: Palafin\n|\n|upkeep\n|\n|t:|1699624098\n|switch|p2a: Xerneas|Xerneas|100\/100\n|-status|p2a: Xerneas|tox\n|-damage|p2a: Xerneas|88\/100 tox|[from] Stealth Rock\n|-ability|p2a: Xerneas|Fairy Aura\n|turn|13\n|\n|t:|1699624108\n|switch|p1a: Forretress|Forretress, F, shiny|76\/100\n|move|p2a: Xerneas|Moonblast|p1a: Forretress\n|-resisted|p1a: Forretress\n|-crit|p1a: Forretress\n|-damage|p1a: Forretress|4\/100\n|\n|-damage|p2a: Xerneas|82\/100 tox|[from] psn\n|upkeep\n|turn|14\n|\n|t:|1699624118\n|move|p1a: Forretress|Endure|p1a: Forretress\n|-singleturn|p1a: Forretress|move: Endure\n|move|p2a: Xerneas|Thunderbolt|p1a: Forretress\n|-activate|p1a: Forretress|move: Endure\n|-damage|p1a: Forretress|1\/100\n|\n|-damage|p2a: Xerneas|70\/100 tox|[from] psn\n|upkeep\n|turn|15\n|\n|t:|1699624127\n|move|p1a: Forretress|Endure|p1a: Forretress\n|-singleturn|p1a: Forretress|move: Endure\n|move|p2a: Xerneas|Thunderbolt|p1a: Forretress\n|-activate|p1a: Forretress|move: Endure\n|-damage|p1a: Forretress|1\/100\n|\n|-damage|p2a: Xerneas|51\/100 tox|[from] psn\n|upkeep\n|turn|16\n|\n|t:|1699624136\n|move|p2a: Xerneas|Thunderbolt|p1a: Forretress\n|-damage|p1a: Forretress|0 fnt\n|faint|p1a: Forretress\n|\n|-damage|p2a: Xerneas|27\/100 tox|[from] psn\n|upkeep\n|\n|t:|1699624147\n|switch|p1a: Pheromosa|Pheromosa, shiny|21\/100\n|turn|17\n|\n|t:|1699624158\n|-terastallize|p1a: Pheromosa|Normal\n|move|p1a: Pheromosa|Rapid Spin|p2a: Xerneas\n|-damage|p2a: Xerneas|0 fnt\n|-boost|p1a: Pheromosa|spe|1\n|faint|p2a: Xerneas\n|-ability|p1a: Pheromosa|Beast Boost|boost\n|-boost|p1a: Pheromosa|atk|1\n|\n|upkeep\n|\n|t:|1699624163\n|switch|p2a: Regieleki|Regieleki|100\/100\n|turn|18\n|\n|t:|1699624176\n|move|p1a: Pheromosa|Close Combat|p2a: Regieleki\n|-damage|p2a: Regieleki|0 fnt\n|-unboost|p1a: Pheromosa|def|1\n|-unboost|p1a: Pheromosa|spd|1\n|faint|p2a: Regieleki\n|-ability|p1a: Pheromosa|Beast Boost|boost\n|-boost|p1a: Pheromosa|atk|1\n|\n|upkeep\n|\n|t:|1699624180\n|switch|p2a: Calyrex|Calyrex-Ice, tera:Ground|23\/100 tox\n|-ability|p2a: Calyrex|As One\n|-ability|p2a: Calyrex|Unnerve\n|-damage|p2a: Calyrex|17\/100 tox|[from] Stealth Rock\n|turn|19\n|-message|mathis2812 forfeited.\n|\n|win|JustMonika_CARR\n|raw|JustMonika_CARR's rating: 1534 &rarr; <strong>1547<\/strong><br \/>(+13 for winning)\n|raw|mathis2812's rating: 1404 &rarr; <strong>1391<\/strong><br \/>(-13 for losing)\n|l|\u2606mathis2812\n","uploadtime":1699624193,"views":5,"p1id":"justmonikacarr","p2id":"mathis2812","formatid":"gen9nationaldexubers","rating":1391,"private":0,"password":""}