{"id":"gen9nationaldexubers-1980300466","p1":"iamatree98","p2":"Incredible Gassy","format":"[Gen 9] National Dex Ubers","log":"|j|\u2606iamatree98\n|j|\u2606Incredible Gassy\n|t:|1698773526\n|gametype|singles\n|player|p1|iamatree98|266|1636\n|player|p2|Incredible Gassy|bugcatcher-gen2|1684\n|teamsize|p1|6\n|teamsize|p2|6\n|gen|9\n|tier|[Gen 9] National Dex Ubers\n|rated|\n|rule|HP Percentage Mod: HP is shown in percentages\n|rule|Endless Battle Clause: Forcing endless battles is banned\n|rule|OHKO Clause: OHKO moves are banned\n|rule|Evasion Moves Clause: Evasion moves are banned\n|rule|Evasion Items Clause: Evasion items are banned\n|rule|Species Clause: Limit one of each Pok\u00e9mon\n|rule|Sleep Clause Mod: Limit one foe put to sleep\n|rule|Mega Rayquaza Clause: You cannot mega evolve Rayquaza\n|clearpoke\n|poke|p1|Magearna|\n|poke|p1|Uxie|\n|poke|p1|Porygon2|\n|poke|p1|Ursaluna, M|\n|poke|p1|Kyogre|\n|poke|p1|Mawile, M|\n|poke|p2|Sandy Shocks|\n|poke|p2|Groudon|\n|poke|p2|Gholdengo|\n|poke|p2|Ho-Oh|\n|poke|p2|Marshadow|\n|poke|p2|Eternatus|\n|teampreview\n|inactive|Battle timer is ON: inactive players will automatically lose when time's up. (requested by Incredible Gassy)\n|\n|t:|1698773532\n|start\n|switch|p1a: Uxie|Uxie|100\/100\n|switch|p2a: GOOBED!|Marshadow|100\/100\n|turn|1\n|\n|t:|1698773541\n|move|p2a: GOOBED!|Poltergeist|p1a: Uxie\n|-activate|p1a: Uxie|move: Poltergeist|Mental Herb\n|-supereffective|p1a: Uxie\n|-damage|p1a: Uxie|2\/100\n|move|p1a: Uxie|Stealth Rock|p2a: GOOBED!\n|-sidestart|p2: Incredible Gassy|move: Stealth Rock\n|\n|upkeep\n|turn|2\n|\n|t:|1698773550\n|move|p2a: GOOBED!|Poltergeist|p1a: Uxie\n|-activate|p1a: Uxie|move: Poltergeist|Mental Herb\n|-supereffective|p1a: Uxie\n|-crit|p1a: Uxie\n|-damage|p1a: Uxie|0 fnt\n|faint|p1a: Uxie\n|\n|upkeep\n|\n|t:|1698773553\n|switch|p1a: Mawile|Mawile, M|100\/100\n|-ability|p1a: Mawile|Intimidate|boost\n|-unboost|p2a: GOOBED!|atk|1\n|turn|3\n|\n|t:|1698773559\n|switch|p2a: coffee beans|Groudon, shiny|100\/100\n|-damage|p2a: coffee beans|94\/100|[from] Stealth Rock\n|detailschange|p2a: coffee beans|Groudon-Primal, shiny\n|-primal|p2a: coffee beans|Red Orb\n|-weather|DesolateLand|[from] ability: Desolate Land|[of] p2a: coffee beans\n|detailschange|p1a: Mawile|Mawile-Mega, M\n|-mega|p1a: Mawile|Mawile|Mawilite\n|move|p1a: Mawile|Play Rough|p2a: coffee beans|[miss]\n|-miss|p1a: Mawile|p2a: coffee beans\n|\n|-weather|DesolateLand|[upkeep]\n|upkeep\n|turn|4\n|j| 17 character name\n|\n|t:|1698773566\n|switch|p1a: Porygon2|Porygon2|100\/100\n|-ability|p1a: Porygon2|Desolate Land|[from] ability: Trace|[of] p2a: coffee beans\n|move|p2a: coffee beans|Lava Plume|p1a: Porygon2\n|-damage|p1a: Porygon2|72\/100\n|\n|-weather|DesolateLand|[upkeep]\n|upkeep\n|turn|5\n|\n|t:|1698773572\n|move|p2a: coffee beans|Thunder Wave|p1a: Porygon2\n|-status|p1a: Porygon2|par\n|move|p1a: Porygon2|Trick Room|p1a: Porygon2\n|-fieldstart|move: Trick Room|[of] p1a: Porygon2\n|\n|-weather|DesolateLand|[upkeep]\n|upkeep\n|turn|6\n|\n|t:|1698773578\n|move|p2a: coffee beans|Earthquake|p1a: Porygon2\n|-damage|p1a: Porygon2|37\/100 par\n|cant|p1a: Porygon2|par\n|\n|-weather|DesolateLand|[upkeep]\n|upkeep\n|turn|7\n|\n|t:|1698773583\n|move|p2a: coffee beans|Earthquake|p1a: Porygon2\n|-damage|p1a: Porygon2|1\/100 par\n|move|p1a: Porygon2|Teleport|p1a: Porygon2\n|\n|t:|1698773586\n|switch|p1a: Ursaluna|Ursaluna, M|100\/100|[from] Teleport\n|\n|-weather|DesolateLand|[upkeep]\n|-status|p1a: Ursaluna|brn|[from] item: Flame Orb\n|upkeep\n|turn|8\n|\n|t:|1698773592\n|-weather|none\n|switch|p2a: milk on yo face|Gholdengo|100\/100\n|-damage|p2a: milk on yo face|94\/100|[from] Stealth Rock\n|-item|p2a: milk on yo face|Air Balloon\n|-terastallize|p1a: Ursaluna|Normal\n|move|p1a: Ursaluna|Facade|p2a: milk on yo face\n|-immune|p2a: milk on yo face\n|\n|-damage|p1a: Ursaluna|94\/100 brn|[from] brn\n|upkeep\n|turn|9\n|\n|t:|1698773599\n|move|p1a: Ursaluna|Fire Punch|p2a: milk on yo face\n|-supereffective|p2a: milk on yo face\n|-damage|p2a: milk on yo face|6\/100\n|-enditem|p2a: milk on yo face|Air Balloon\n|move|p2a: milk on yo face|Nasty Plot|p2a: milk on yo face\n|-boost|p2a: milk on yo face|spa|2\n|\n|-damage|p1a: Ursaluna|88\/100 brn|[from] brn\n|-fieldend|move: Trick Room\n|upkeep\n|turn|10\n|-message|iamatree98 forfeited.\n|\n|win|Incredible Gassy\n|raw|iamatree98's rating: 1636 &rarr; <strong>1619<\/strong><br \/>(-17 for losing)\n|raw|Incredible Gassy's rating: 1684 &rarr; <strong>1701<\/strong><br \/>(+17 for winning)\n|l|\u2606iamatree98\n","uploadtime":1698773607,"views":60,"p1id":"iamatree98","p2id":"incrediblegassy","formatid":"gen9nationaldexubers","rating":1619,"private":0,"password":""}