{"id":"gen9nationaldexubers-1983505775","p1":"sis i won LOL","p2":"siak678","format":"[Gen 9] National Dex Ubers","log":"|j|\u2606sis i won LOL\n|j|\u2606siak678\n|t:|1699137439\n|gametype|singles\n|player|p1|sis i won LOL|bellelba|1165\n|player|p2|siak678|n|1205\n|teamsize|p1|6\n|teamsize|p2|6\n|gen|9\n|tier|[Gen 9] National Dex Ubers\n|rated|\n|rule|HP Percentage Mod: HP is shown in percentages\n|rule|Endless Battle Clause: Forcing endless battles is banned\n|rule|OHKO Clause: OHKO moves are banned\n|rule|Evasion Moves Clause: Evasion moves are banned\n|rule|Evasion Items Clause: Evasion items are banned\n|rule|Species Clause: Limit one of each Pok\u00e9mon\n|rule|Sleep Clause Mod: Limit one foe put to sleep\n|rule|Mega Rayquaza Clause: You cannot mega evolve Rayquaza\n|clearpoke\n|poke|p1|Enamorus-Therian, F|\n|poke|p1|Torterra, F|\n|poke|p1|Torkoal, F|\n|poke|p1|Turtonator, F|\n|poke|p1|Shuckle, F|\n|poke|p1|Blastoise, M|\n|poke|p2|Zacian-*|\n|poke|p2|Chien-Pao|\n|poke|p2|Lugia|\n|poke|p2|Dracovish|\n|poke|p2|Arceus-Ground|\n|poke|p2|Kangaskhan, F|\n|teampreview\n|inactive|Battle timer is ON: inactive players will automatically lose when time's up. (requested by sis i won LOL)\n|\n|t:|1699137458\n|start\n|switch|p1a: Darking!|Shuckle, F, shiny|100\/100\n|switch|p2a: Kangaskhan|Kangaskhan, F|100\/100\n|turn|1\n|\n|t:|1699137463\n|detailschange|p2a: Kangaskhan|Kangaskhan-Mega, F\n|-mega|p2a: Kangaskhan|Kangaskhan|Kangaskhanite\n|move|p2a: Kangaskhan|Fake Out|p1a: Darking!\n|-resisted|p1a: Darking!\n|-damage|p1a: Darking!|93\/100\n|-resisted|p1a: Darking!\n|-damage|p1a: Darking!|92\/100\n|-hitcount|p1a: Darking!|2\n|cant|p1a: Darking!|flinch\n|\n|-heal|p1a: Darking!|98\/100|[from] item: Leftovers\n|upkeep\n|turn|2\n|\n|t:|1699137475\n|move|p2a: Kangaskhan|Power-Up Punch|p1a: Darking!\n|-damage|p1a: Darking!|88\/100\n|-boost|p2a: Kangaskhan|atk|1\n|-damage|p1a: Darking!|85\/100\n|-boost|p2a: Kangaskhan|atk|1\n|-hitcount|p1a: Darking!|2\n|move|p1a: Darking!|Sticky Web|p2a: Kangaskhan\n|-sidestart|p2: siak678|move: Sticky Web\n|\n|-heal|p1a: Darking!|91\/100|[from] item: Leftovers\n|upkeep\n|turn|3\n|\n|t:|1699137483\n|move|p2a: Kangaskhan|Body Slam|p1a: Darking!\n|-resisted|p1a: Darking!\n|-damage|p1a: Darking!|64\/100\n|-resisted|p1a: Darking!\n|-damage|p1a: Darking!|58\/100\n|-status|p1a: Darking!|par\n|-hitcount|p1a: Darking!|2\n|move|p1a: Darking!|Toxic|p2a: Kangaskhan|[miss]\n|-miss|p1a: Darking!|p2a: Kangaskhan\n|\n|-heal|p1a: Darking!|64\/100 par|[from] item: Leftovers\n|upkeep\n|turn|4\n|\n|t:|1699137488\n|move|p2a: Kangaskhan|Power-Up Punch|p1a: Darking!\n|-damage|p1a: Darking!|45\/100 par\n|-boost|p2a: Kangaskhan|atk|1\n|-crit|p1a: Darking!\n|-damage|p1a: Darking!|36\/100 par\n|-boost|p2a: Kangaskhan|atk|1\n|-hitcount|p1a: Darking!|2\n|cant|p1a: Darking!|par\n|\n|-heal|p1a: Darking!|42\/100 par|[from] item: Leftovers\n|upkeep\n|turn|5\n|\n|t:|1699137492\n|move|p2a: Kangaskhan|Body Slam|p1a: Darking!\n|-resisted|p1a: Darking!\n|-damage|p1a: Darking!|2\/100 par\n|-resisted|p1a: Darking!\n|-damage|p1a: Darking!|0 fnt\n|faint|p1a: Darking!\n|-hitcount|p1: Darking!|2\n|\n|upkeep\n|\n|t:|1699137503\n|switch|p1a: Gregoretta|Torterra, F, shiny|100\/100\n|turn|6\n|\n|t:|1699137508\n|move|p2a: Kangaskhan|Body Slam|p1a: Gregoretta\n|-damage|p1a: Gregoretta|27\/100\n|-damage|p1a: Gregoretta|8\/100\n|-hitcount|p1a: Gregoretta|2\n|move|p1a: Gregoretta|Toxic|p2a: Kangaskhan\n|-status|p2a: Kangaskhan|tox\n|\n|-damage|p2a: Kangaskhan|94\/100 tox|[from] psn\n|upkeep\n|turn|7\n|\n|t:|1699137520\n|move|p2a: Kangaskhan|Body Slam|p1a: Gregoretta\n|-damage|p1a: Gregoretta|0 fnt\n|faint|p1a: Gregoretta\n|-hitcount|p1: Gregoretta|1\n|\n|-damage|p2a: Kangaskhan|82\/100 tox|[from] psn\n|upkeep\n|\n|t:|1699137534\n|switch|p1a: Barntie|Blastoise, M, shiny|100\/100\n|turn|8\n|\n|t:|1699137542\n|detailschange|p1a: Barntie|Blastoise-Mega, M, shiny\n|-mega|p1a: Barntie|Blastoise|Blastoisinite\n|move|p2a: Kangaskhan|Body Slam|p1a: Barntie\n|-damage|p1a: Barntie|3\/100\n|-damage|p1a: Barntie|0 fnt\n|faint|p1a: Barntie\n|-hitcount|p1: Barntie|2\n|\n|-damage|p2a: Kangaskhan|63\/100 tox|[from] psn\n|upkeep\n|\n|t:|1699137555\n|switch|p1a: Merpette|Torkoal, F, shiny|100\/100\n|-weather|SunnyDay|[from] ability: Drought|[of] p1a: Merpette\n|turn|9\n|\n|t:|1699137559\n|move|p2a: Kangaskhan|Body Slam|p1a: Merpette\n|-damage|p1a: Merpette|11\/100\n|-damage|p1a: Merpette|0 fnt\n|faint|p1a: Merpette\n|-hitcount|p1: Merpette|2\n|\n|-weather|SunnyDay|[upkeep]\n|-damage|p2a: Kangaskhan|38\/100 tox|[from] psn\n|upkeep\n|\n|t:|1699137565\n|switch|p1a: GirlieWirlie Sissy|Enamorus-Therian, F|100\/100\n|turn|10\n|\n|t:|1699137570\n|move|p2a: Kangaskhan|Body Slam|p1a: GirlieWirlie Sissy\n|-damage|p1a: GirlieWirlie Sissy|0 fnt\n|faint|p1a: GirlieWirlie Sissy\n|-hitcount|p1: GirlieWirlie Sissy|1\n|\n|-weather|SunnyDay|[upkeep]\n|-damage|p2a: Kangaskhan|7\/100 tox|[from] psn\n|upkeep\n|\n|t:|1699137574\n|switch|p1a: Flamie Waymie|Turtonator, F, shiny|100\/100\n|turn|11\n|\n|t:|1699137580\n|-terastallize|p1a: Flamie Waymie|Fire\n|move|p2a: Kangaskhan|Body Slam|p1a: Flamie Waymie\n|-damage|p1a: Flamie Waymie|0 fnt\n|faint|p1a: Flamie Waymie\n|-hitcount|p1: Flamie Waymie|1\n|\n|win|siak678\n|raw|sis i won LOL's rating: 1165 &rarr; <strong>1143<\/strong><br \/>(-22 for losing)\n|raw|siak678's rating: 1205 &rarr; <strong>1227<\/strong><br \/>(+22 for winning)\n","uploadtime":1699137592,"views":12,"p1id":"sisiwonlol","p2id":"siak678","formatid":"gen9nationaldexubers","rating":1143,"private":0,"password":""}