{"id":"gen9nationaldexubers-1987310695","p1":"Walter black 0000","p2":"85792195wwww","format":"[Gen 9] National Dex Ubers","log":"|j|\u2606Walter black 0000\n|j|\u260685792195wwww\n|t:|1699576054\n|gametype|singles\n|player|p1|Walter black 0000|lance-gen2|1753\n|player|p2|85792195wwww|mira|1748\n|teamsize|p1|6\n|teamsize|p2|6\n|gen|9\n|tier|[Gen 9] National Dex Ubers\n|rated|\n|rule|HP Percentage Mod: HP is shown in percentages\n|rule|Endless Battle Clause: Forcing endless battles is banned\n|rule|OHKO Clause: OHKO moves are banned\n|rule|Evasion Moves Clause: Evasion moves are banned\n|rule|Evasion Items Clause: Evasion items are banned\n|rule|Species Clause: Limit one of each Pok\u00e9mon\n|rule|Sleep Clause Mod: Limit one foe put to sleep\n|rule|Mega Rayquaza Clause: You cannot mega evolve Rayquaza\n|clearpoke\n|poke|p1|Necrozma-Dusk-Mane|\n|poke|p1|Toxapex, M|\n|poke|p1|Ditto|\n|poke|p1|Ting-Lu|\n|poke|p1|Kyurem-Black|\n|poke|p1|Arceus-Fairy|\n|poke|p2|Kyurem-Black|\n|poke|p2|Krookodile, M|\n|poke|p2|Gholdengo|\n|poke|p2|Groudon|\n|poke|p2|Arceus-Ground|\n|poke|p2|Ribombee, F|\n|teampreview\n|inactive|Battle timer is ON: inactive players will automatically lose when time's up. (requested by Walter black 0000)\n|\n|t:|1699576064\n|start\n|switch|p1a: Ditto|Ditto, shiny|100\/100\n|switch|p2a: Ribombee|Ribombee, F|100\/100\n|-transform|p1a: Ditto|p2a: Ribombee|[from] ability: Imposter\n|turn|1\n|\n|t:|1699576075\n|move|p1a: Ditto|Sticky Web|p2a: Ribombee\n|-sidestart|p2: 85792195wwww|move: Sticky Web\n|move|p2a: Ribombee|Moonblast|p1a: Ditto\n|-damage|p1a: Ditto|39\/100\n|\n|upkeep\n|turn|2\n|\n|t:|1699576092\n|switch|p1a: Necrozma|Necrozma-Dusk-Mane|100\/100\n|move|p2a: Ribombee|Defog|p1a: Necrozma\n|-unboost|p1a: Necrozma|evasion|1\n|-sideend|p2: 85792195wwww|Sticky Web|[from] move: Defog|[of] p2a: Ribombee\n|\n|upkeep\n|turn|3\n|\n|t:|1699576100\n|move|p2a: Ribombee|Sticky Web|p1a: Necrozma\n|-sidestart|p1: Walter black 0000|move: Sticky Web\n|move|p1a: Necrozma|Photon Geyser|p2a: Ribombee\n|-enditem|p2a: Ribombee|Focus Sash\n|-damage|p2a: Ribombee|1\/100\n|\n|upkeep\n|turn|4\n|\n|t:|1699576111\n|switch|p2a: Krookodile|Krookodile, M|100\/100\n|-ability|p2a: Krookodile|Intimidate|boost\n|-unboost|p1a: Necrozma|atk|1\n|move|p1a: Necrozma|Photon Geyser|p2a: Krookodile\n|-immune|p2a: Krookodile\n|\n|upkeep\n|turn|5\n|\n|t:|1699576124\n|switch|p1a: Arceus|Arceus-Fairy|100\/100\n|-activate|p1a: Arceus|move: Sticky Web\n|-unboost|p1a: Arceus|spe|1\n|move|p2a: Krookodile|Stealth Rock|p1a: Arceus\n|-sidestart|p1: Walter black 0000|move: Stealth Rock\n|\n|upkeep\n|turn|6\n|\n|t:|1699576132\n|move|p2a: Krookodile|Bulldoze|p1a: Arceus\n|-damage|p1a: Arceus|83\/100\n|-unboost|p1a: Arceus|spe|1\n|move|p1a: Arceus|Judgment|p2a: Krookodile\n|-supereffective|p2a: Krookodile\n|-enditem|p2a: Krookodile|Focus Sash\n|-damage|p2a: Krookodile|1\/100\n|\n|upkeep\n|turn|7\n|\n|t:|1699576142\n|switch|p2a: Ribombee|Ribombee, F|1\/100\n|move|p1a: Arceus|Judgment|p2a: Ribombee\n|-damage|p2a: Ribombee|0 fnt\n|faint|p2a: Ribombee\n|\n|upkeep\n|\n|t:|1699576151\n|switch|p2a: Groudon|Groudon|100\/100\n|detailschange|p2a: Groudon|Groudon-Primal\n|-primal|p2a: Groudon|Red Orb\n|-weather|DesolateLand|[from] ability: Desolate Land|[of] p2a: Groudon\n|turn|8\n|j| 1 em trach thu\n|\n|t:|1699576159\n|move|p2a: Groudon|Eruption|p1a: Arceus\n|-damage|p1a: Arceus|0 fnt\n|faint|p1a: Arceus\n|\n|-weather|DesolateLand|[upkeep]\n|upkeep\n|\n|t:|1699576163\n|switch|p1a: Ditto|Ditto, shiny|39\/100\n|-activate|p1a: Ditto|move: Sticky Web\n|-unboost|p1a: Ditto|spe|1\n|-damage|p1a: Ditto|27\/100|[from] Stealth Rock\n|-transform|p1a: Ditto|p2a: Groudon|[from] ability: Imposter\n|turn|9\n|\n|t:|1699576172\n|switch|p2a: Kyurem|Kyurem-Black|100\/100\n|-ability|p2a: Kyurem|Teravolt\n|move|p1a: Ditto|Earth Power|p2a: Kyurem\n|-damage|p2a: Kyurem|52\/100\n|\n|-weather|DesolateLand|[upkeep]\n|upkeep\n|turn|10\n|\n|t:|1699576180\n|-weather|none\n|switch|p1a: Necrozma|Necrozma-Dusk-Mane|100\/100\n|-activate|p1a: Necrozma|move: Sticky Web\n|-unboost|p1a: Necrozma|spe|1\n|-damage|p1a: Necrozma|94\/100|[from] Stealth Rock\n|switch|p2a: Krookodile|Krookodile, M|1\/100\n|-ability|p2a: Krookodile|Intimidate|boost\n|-unboost|p1a: Necrozma|atk|1\n|\n|upkeep\n|turn|11\n|\n|t:|1699576193\n|switch|p1a: Ting-Lu|Ting-Lu|100\/100\n|-activate|p1a: Ting-Lu|move: Sticky Web\n|-unboost|p1a: Ting-Lu|spe|1\n|-damage|p1a: Ting-Lu|94\/100|[from] Stealth Rock\n|-ability|p1a: Ting-Lu|Vessel of Ruin\n|move|p2a: Krookodile|Taunt|p1a: Ting-Lu\n|-start|p1a: Ting-Lu|move: Taunt\n|\n|-heal|p1a: Ting-Lu|100\/100|[from] item: Leftovers\n|upkeep\n|turn|12\n|\n|t:|1699576206\n|move|p2a: Krookodile|Knock Off|p1a: Ting-Lu\n|-resisted|p1a: Ting-Lu\n|-damage|p1a: Ting-Lu|91\/100\n|-enditem|p1a: Ting-Lu|Leftovers|[from] move: Knock Off|[of] p2a: Krookodile\n|move|p1a: Ting-Lu|Earthquake|p2a: Krookodile\n|-damage|p2a: Krookodile|0 fnt\n|faint|p2a: Krookodile\n|\n|upkeep\n|\n|t:|1699576222\n|switch|p2a: Arceus|Arceus-Ground|100\/100\n|turn|13\n|\n|t:|1699576227\n|-zpower|p2a: Arceus\n|move|p2a: Arceus|Tectonic Rage|p1a: Ting-Lu|[zeffect]\n|-damage|p1a: Ting-Lu|54\/100\n|move|p1a: Ting-Lu|Earthquake|p2a: Arceus\n|-damage|p2a: Arceus|72\/100\n|\n|-end|p1a: Ting-Lu|move: Taunt\n|upkeep\n|turn|14\n|\n|t:|1699576239\n|move|p2a: Arceus|Taunt|p1a: Ting-Lu\n|-start|p1a: Ting-Lu|move: Taunt\n|cant|p1a: Ting-Lu|move: Taunt|Stealth Rock\n|\n|upkeep\n|turn|15\n|\n|t:|1699576245\n|move|p2a: Arceus|Earthquake|p1a: Ting-Lu\n|-damage|p1a: Ting-Lu|30\/100\n|move|p1a: Ting-Lu|Earthquake|p2a: Arceus\n|-damage|p2a: Arceus|44\/100\n|\n|upkeep\n|turn|16\n|\n|t:|1699576252\n|move|p2a: Arceus|Earthquake|p1a: Ting-Lu\n|-damage|p1a: Ting-Lu|7\/100\n|move|p1a: Ting-Lu|Earthquake|p2a: Arceus\n|-damage|p2a: Arceus|14\/100\n|\n|-end|p1a: Ting-Lu|move: Taunt\n|upkeep\n|turn|17\n|\n|t:|1699576260\n|move|p2a: Arceus|Earthquake|p1a: Ting-Lu\n|-damage|p1a: Ting-Lu|0 fnt\n|faint|p1a: Ting-Lu\n|\n|upkeep\n|\n|t:|1699576263\n|switch|p1a: Ditto|Ditto, shiny|27\/100\n|-activate|p1a: Ditto|move: Sticky Web\n|-unboost|p1a: Ditto|spe|1\n|-damage|p1a: Ditto|14\/100|[from] Stealth Rock\n|-transform|p1a: Ditto|p2a: Arceus|[from] ability: Imposter\n|turn|18\n|\n|t:|1699576274\n|switch|p2a: Kyurem|Kyurem-Black|52\/100\n|-ability|p2a: Kyurem|Teravolt\n|move|p1a: Ditto|Earthquake|p2a: Kyurem\n|-damage|p2a: Kyurem|6\/100\n|\n|upkeep\n|turn|19\n|\n|t:|1699576284\n|move|p1a: Ditto|Earthquake|p2a: Kyurem\n|-damage|p2a: Kyurem|0 fnt\n|faint|p2a: Kyurem\n|\n|upkeep\n|\n|t:|1699576292\n|switch|p2a: Gholdengo|Gholdengo|100\/100\n|turn|20\n|\n|t:|1699576297\n|switch|p1a: Toxapex|Toxapex, M|100\/100\n|-activate|p1a: Toxapex|move: Sticky Web\n|-unboost|p1a: Toxapex|spe|1\n|-damage|p1a: Toxapex|88\/100|[from] Stealth Rock\n|-terastallize|p2a: Gholdengo|Flying\n|move|p2a: Gholdengo|Shadow Ball|p1a: Toxapex\n|-crit|p1a: Toxapex\n|-damage|p1a: Toxapex|4\/100\n|\n|upkeep\n|turn|21\n|\n|t:|1699576309\n|move|p2a: Gholdengo|Shadow Ball|p1a: Toxapex\n|-damage|p1a: Toxapex|0 fnt\n|faint|p1a: Toxapex\n|\n|upkeep\n|\n|t:|1699576317\n|switch|p1a: Kyurem|Kyurem-Black|100\/100\n|-activate|p1a: Kyurem|move: Sticky Web\n|-unboost|p1a: Kyurem|spe|1\n|-damage|p1a: Kyurem|76\/100|[from] Stealth Rock\n|-ability|p1a: Kyurem|Teravolt\n|turn|22\n|\n|t:|1699576325\n|-terastallize|p1a: Kyurem|Steel\n|move|p2a: Gholdengo|Shadow Ball|p1a: Kyurem\n|-damage|p1a: Kyurem|13\/100\n|-unboost|p1a: Kyurem|spd|1\n|move|p1a: Kyurem|Icicle Spear|p2a: Gholdengo\n|-supereffective|p2a: Gholdengo\n|-damage|p2a: Gholdengo|66\/100\n|-supereffective|p2a: Gholdengo\n|-damage|p2a: Gholdengo|31\/100\n|-supereffective|p2a: Gholdengo\n|-damage|p2a: Gholdengo|0 fnt\n|faint|p2a: Gholdengo\n|-hitcount|p2: Gholdengo|3\n|\n|upkeep\n|\n|t:|1699576349\n|switch|p2a: Arceus|Arceus-Ground|14\/100\n|turn|23\n|\n|t:|1699576353\n|move|p2a: Arceus|Earthquake|p1a: Kyurem\n|-supereffective|p1a: Kyurem\n|-damage|p1a: Kyurem|0 fnt\n|faint|p1a: Kyurem\n|\n|upkeep\n|\n|t:|1699576355\n|switch|p1a: Ditto|Ditto, shiny|14\/100\n|-activate|p1a: Ditto|move: Sticky Web\n|-unboost|p1a: Ditto|spe|1\n|-damage|p1a: Ditto|2\/100|[from] Stealth Rock\n|-transform|p1a: Ditto|p2a: Arceus|[from] ability: Imposter\n|turn|24\n|\n|t:|1699576365\n|move|p1a: Ditto|Earthquake|p2a: Arceus\n|-crit|p2a: Arceus\n|-damage|p2a: Arceus|0 fnt\n|faint|p2a: Arceus\n|\n|upkeep\n|\n|t:|1699576370\n|switch|p2a: Groudon|Groudon-Primal|100\/100\n|-weather|DesolateLand|[from] ability: Desolate Land|[of] p2a: Groudon\n|turn|25\n|\n|t:|1699576375\n|move|p1a: Ditto|Earthquake|p2a: Groudon\n|-supereffective|p2a: Groudon\n|-crit|p2a: Groudon\n|-damage|p2a: Groudon|0 fnt\n|faint|p2a: Groudon\n|-weather|none\n|\n|win|Walter black 0000\n|raw|Walter black 0000's rating: 1753 &rarr; <strong>1773<\/strong><br \/>(+20 for winning)\n|raw|85792195wwww's rating: 1748 &rarr; <strong>1728<\/strong><br \/>(-20 for losing)\n|l|\u260685792195wwww\n","uploadtime":1699576386,"views":22,"p1id":"walterblack0000","p2id":"85792195wwww","formatid":"gen9nationaldexubers","rating":1728,"private":0,"password":""}