{"id":"gen9nationaldexubers-1988680529","p1":"xikeso","p2":"PkmnTrainerRed2021","format":"[Gen 9] National Dex Ubers","log":"|j|\u2606xikeso\n|j|\u2606PkmnTrainerRed2021\n|t:|1699749857\n|gametype|singles\n|player|p1|xikeso|iono|1446\n|player|p2|PkmnTrainerRed2021|265|1320\n|teamsize|p1|6\n|teamsize|p2|6\n|gen|9\n|tier|[Gen 9] National Dex Ubers\n|rated|\n|rule|HP Percentage Mod: HP is shown in percentages\n|rule|Endless Battle Clause: Forcing endless battles is banned\n|rule|OHKO Clause: OHKO moves are banned\n|rule|Evasion Moves Clause: Evasion moves are banned\n|rule|Evasion Items Clause: Evasion items are banned\n|rule|Species Clause: Limit one of each Pok\u00e9mon\n|rule|Sleep Clause Mod: Limit one foe put to sleep\n|rule|Mega Rayquaza Clause: You cannot mega evolve Rayquaza\n|clearpoke\n|poke|p1|Deoxys-Speed|\n|poke|p1|Gholdengo|\n|poke|p1|Skeledirge, M|\n|poke|p1|Xerneas-*|\n|poke|p1|Arceus|\n|poke|p1|Groudon|\n|poke|p2|Sinistcha-Masterpiece|\n|poke|p2|Kartana|\n|poke|p2|Amoonguss, F|\n|poke|p2|Sceptile, M|\n|poke|p2|Meowscarada, M|\n|poke|p2|Ogerpon-Hearthflame, F|\n|teampreview\n|inactive|Battle timer is ON: inactive players will automatically lose when time's up. (requested by PkmnTrainerRed2021)\n|inactive|xikeso also wants the timer to be on.\n|\n|t:|1699749877\n|start\n|switch|p1a: Deoxys|Deoxys-Speed|100\/100\n|switch|p2a: Ogerpon|Ogerpon-Hearthflame, F|100\/100\n|-ability|p1a: Deoxys|Pressure\n|-ability|p2a: Ogerpon|Mold Breaker\n|turn|1\n|\n|t:|1699749888\n|move|p1a: Deoxys|Stealth Rock|p2a: Ogerpon\n|-sidestart|p2: PkmnTrainerRed2021|move: Stealth Rock\n|move|p2a: Ogerpon|Swords Dance|p2a: Ogerpon\n|-boost|p2a: Ogerpon|atk|2\n|\n|upkeep\n|turn|2\n|\n|t:|1699749899\n|move|p1a: Deoxys|Spikes|p2a: Ogerpon\n|-sidestart|p2: PkmnTrainerRed2021|Spikes\n|move|p2a: Ogerpon|Leech Seed|p1a: Deoxys\n|-start|p1a: Deoxys|move: Leech Seed\n|\n|-damage|p1a: Deoxys|88\/100|[from] Leech Seed|[of] p2a: Ogerpon\n|upkeep\n|turn|3\n|\n|t:|1699749908\n|move|p1a: Deoxys|Spikes|p2a: Ogerpon\n|-sidestart|p2: PkmnTrainerRed2021|Spikes\n|move|p2a: Ogerpon|Leech Seed||[still]\n|-fail|p2a: Ogerpon\n|\n|-damage|p1a: Deoxys|76\/100|[from] Leech Seed|[of] p2a: Ogerpon\n|upkeep\n|turn|4\n|\n|t:|1699749916\n|move|p1a: Deoxys|Spikes|p2a: Ogerpon\n|-sidestart|p2: PkmnTrainerRed2021|Spikes\n|move|p2a: Ogerpon|Ivy Cudgel|p1a: Deoxys\n|-damage|p1a: Deoxys|0 fnt\n|faint|p1a: Deoxys\n|\n|upkeep\n|\n|t:|1699749927\n|switch|p1a: Skeledirge|Skeledirge, M|100\/100\n|turn|5\n|\n|t:|1699749938\n|move|p2a: Ogerpon|Leech Seed|p1a: Skeledirge\n|-start|p1a: Skeledirge|move: Leech Seed\n|move|p1a: Skeledirge|Torch Song|p2a: Ogerpon\n|-damage|p2a: Ogerpon|74\/100\n|-boost|p1a: Skeledirge|spa|1\n|\n|-damage|p1a: Skeledirge|88\/100|[from] Leech Seed|[of] p2a: Ogerpon\n|-heal|p2a: Ogerpon|91\/100|[silent]\n|upkeep\n|turn|6\n|\n|t:|1699749962\n|switch|p1a: Gholdengo|Gholdengo|100\/100\n|move|p2a: Ogerpon|Ivy Cudgel|p1a: Gholdengo\n|-supereffective|p1a: Gholdengo\n|-damage|p1a: Gholdengo|0 fnt\n|faint|p1a: Gholdengo\n|\n|upkeep\n|inactive|xikeso has 120 seconds left.\n|\n|t:|1699749993\n|switch|p1a: Groudon|Groudon, shiny|100\/100\n|detailschange|p1a: Groudon|Groudon-Primal, shiny\n|-primal|p1a: Groudon|Red Orb\n|-weather|DesolateLand|[from] ability: Desolate Land|[of] p1a: Groudon\n|turn|7\n|c|\u2606PkmnTrainerRed2021|Ngl this is something that has never happened before\n|\n|t:|1699750002\n|move|p1a: Groudon|Heat Crash|p2a: Ogerpon\n|-damage|p2a: Ogerpon|0 fnt\n|faint|p2a: Ogerpon\n|\n|-weather|DesolateLand|[upkeep]\n|upkeep\n|\n|t:|1699750015\n|switch|p2a: Sceptile|Sceptile, M, shiny|100\/100\n|-damage|p2a: Sceptile|88\/100|[from] Stealth Rock\n|-damage|p2a: Sceptile|63\/100|[from] Spikes\n|turn|8\n|inactive|xikeso has 120 seconds left.\n|\n|t:|1699750023\n|detailschange|p2a: Sceptile|Sceptile-Mega, M, shiny\n|-mega|p2a: Sceptile|Sceptile|Sceptilite\n|move|p2a: Sceptile|Giga Drain|p1a: Groudon\n|-damage|p1a: Groudon|51\/100\n|-heal|p2a: Sceptile|93\/100|[from] drain|[of] p1a: Groudon\n|move|p1a: Groudon|Rock Polish|p1a: Groudon\n|-boost|p1a: Groudon|spe|2\n|\n|-weather|DesolateLand|[upkeep]\n|upkeep\n|turn|9\n|\n|t:|1699750033\n|move|p1a: Groudon|Heat Crash|p2a: Sceptile\n|-damage|p2a: Sceptile|0 fnt\n|faint|p2a: Sceptile\n|\n|-weather|DesolateLand|[upkeep]\n|upkeep\n|c|\u2606PkmnTrainerRed2021|ight gg\n|-message|PkmnTrainerRed2021 forfeited.\n|\n|win|xikeso\n|raw|xikeso's rating: 1446 &rarr; <strong>1459<\/strong><br \/>(+13 for winning)\n|raw|PkmnTrainerRed2021's rating: 1320 &rarr; <strong>1307<\/strong><br \/>(-13 for losing)\n|l|\u2606PkmnTrainerRed2021\n","uploadtime":1699750050,"views":5,"p1id":"xikeso","p2id":"pkmntrainerred2021","formatid":"gen9nationaldexubers","rating":1307,"private":0,"password":""}