{"id":"gen9nationaldexubers-1991524856","p1":"Zake202012","p2":"GeorgiaEternatuss","format":"[Gen 9] National Dex Ubers","log":"|j|\u2606Zake202012\n|j|\u2606GeorgiaEternatuss\n|t:|1700084924\n|gametype|singles\n|player|p1|Zake202012|chili|1218\n|player|p2|GeorgiaEternatuss|steven|1309\n|teamsize|p1|6\n|teamsize|p2|6\n|gen|9\n|tier|[Gen 9] National Dex Ubers\n|rated|\n|rule|HP Percentage Mod: HP is shown in percentages\n|rule|Endless Battle Clause: Forcing endless battles is banned\n|rule|OHKO Clause: OHKO moves are banned\n|rule|Evasion Moves Clause: Evasion moves are banned\n|rule|Evasion Items Clause: Evasion items are banned\n|rule|Species Clause: Limit one of each Pok\u00e9mon\n|rule|Sleep Clause Mod: Limit one foe put to sleep\n|rule|Mega Rayquaza Clause: You cannot mega evolve Rayquaza\n|clearpoke\n|poke|p1|Polteageist|\n|poke|p1|Cloyster, F|\n|poke|p1|Volcarona, F|\n|poke|p1|Volbeat, M|\n|poke|p1|Scizor, M|\n|poke|p1|Zangoose, M|\n|poke|p2|Xerneas-*|\n|poke|p2|Zapdos|\n|poke|p2|Umbreon, M|\n|poke|p2|Marshadow|\n|poke|p2|Diancie|\n|poke|p2|Celesteela|\n|teampreview\n|inactive|Battle timer is ON: inactive players will automatically lose when time's up. (requested by Zake202012)\n|\n|t:|1700084937\n|start\n|switch|p1a: Zangoose|Zangoose, M|100\/100\n|switch|p2a: Diancie|Diancie|100\/100\n|turn|1\n|\n|t:|1700084948\n|switch|p1a: Scizor|Scizor, M|100\/100\n|detailschange|p2a: Diancie|Diancie-Mega\n|-mega|p2a: Diancie|Diancie|Diancite\n|move|p2a: Diancie|Diamond Storm|p1a: Scizor\n|-damage|p1a: Scizor|53\/100\n|\n|upkeep\n|turn|2\n|\n|t:|1700084959\n|switch|p2a: Zapdos|Zapdos|100\/100\n|detailschange|p1a: Scizor|Scizor-Mega, M\n|-mega|p1a: Scizor|Scizor|Scizorite\n|move|p1a: Scizor|Bullet Punch|p2a: Zapdos\n|-resisted|p2a: Zapdos\n|-damage|p2a: Zapdos|88\/100\n|-damage|p1a: Scizor|37\/100|[from] item: Rocky Helmet|[of] p2a: Zapdos\n|-status|p1a: Scizor|par|[from] ability: Static|[of] p2a: Zapdos\n|\n|upkeep\n|turn|3\n|\n|t:|1700084971\n|switch|p1a: Volbeat|Volbeat, M|100\/100\n|move|p2a: Zapdos|Volt Switch|p1a: Volbeat\n|-damage|p1a: Volbeat|71\/100\n|\n|t:|1700084988\n|switch|p2a: Diancie|Diancie-Mega|100\/100|[from] Volt Switch\n|\n|-heal|p1a: Volbeat|77\/100|[from] item: Leftovers\n|upkeep\n|turn|4\n|\n|t:|1700084999\n|switch|p1a: Scizor|Scizor-Mega, M|37\/100 par\n|move|p2a: Diancie|Diamond Storm|p1a: Scizor\n|-damage|p1a: Scizor|0 fnt\n|faint|p1a: Scizor\n|\n|upkeep\n|\n|t:|1700085001\n|switch|p1a: Cloyster|Cloyster, F|100\/100\n|turn|5\n|\n|t:|1700085019\n|move|p2a: Diancie|Diamond Storm|p1a: Cloyster\n|-supereffective|p1a: Cloyster\n|-damage|p1a: Cloyster|8\/100\n|move|p1a: Cloyster|Shell Smash|p1a: Cloyster\n|-unboost|p1a: Cloyster|def|1\n|-unboost|p1a: Cloyster|spd|1\n|-boost|p1a: Cloyster|atk|2\n|-boost|p1a: Cloyster|spa|2\n|-boost|p1a: Cloyster|spe|2\n|\n|upkeep\n|turn|6\n|\n|t:|1700085035\n|move|p1a: Cloyster|Liquidation|p2a: Diancie\n|-supereffective|p2a: Diancie\n|-damage|p2a: Diancie|0 fnt\n|faint|p2a: Diancie\n|\n|upkeep\n|inactive|GeorgiaEternatuss has 120 seconds left.\n|\n|t:|1700085053\n|switch|p2a: Celesteela|Celesteela|100\/100\n|turn|7\n|\n|t:|1700085062\n|-terastallize|p2a: Celesteela|Steel\n|move|p1a: Cloyster|Icicle Spear|p2a: Celesteela\n|-resisted|p2a: Celesteela\n|-damage|p2a: Celesteela|89\/100\n|-resisted|p2a: Celesteela\n|-damage|p2a: Celesteela|78\/100\n|-resisted|p2a: Celesteela\n|-damage|p2a: Celesteela|66\/100\n|-resisted|p2a: Celesteela\n|-damage|p2a: Celesteela|56\/100\n|-resisted|p2a: Celesteela\n|-damage|p2a: Celesteela|45\/100\n|-hitcount|p2a: Celesteela|5\n|move|p2a: Celesteela|Flash Cannon|p1a: Cloyster\n|-damage|p1a: Cloyster|0 fnt\n|faint|p1a: Cloyster\n|-ability|p2a: Celesteela|Beast Boost|boost\n|-boost|p2a: Celesteela|spa|1\n|\n|-heal|p2a: Celesteela|51\/100|[from] item: Leftovers\n|upkeep\n|\n|t:|1700085077\n|switch|p1a: Volcarona|Volcarona, F|100\/100\n|turn|8\n|\n|t:|1700085087\n|switch|p2a: Umbreon|Umbreon, M|100\/100\n|-terastallize|p1a: Volcarona|Grass\n|move|p1a: Volcarona|Quiver Dance|p1a: Volcarona\n|-boost|p1a: Volcarona|spa|1\n|-boost|p1a: Volcarona|spd|1\n|-boost|p1a: Volcarona|spe|1\n|\n|upkeep\n|turn|9\n|\n|t:|1700085096\n|move|p1a: Volcarona|Quiver Dance|p1a: Volcarona\n|-boost|p1a: Volcarona|spa|1\n|-boost|p1a: Volcarona|spd|1\n|-boost|p1a: Volcarona|spe|1\n|move|p2a: Umbreon|Toxic|p1a: Volcarona\n|-status|p1a: Volcarona|tox\n|\n|-damage|p1a: Volcarona|94\/100 tox|[from] psn\n|upkeep\n|turn|10\n|\n|t:|1700085106\n|move|p2a: Umbreon|Protect|p2a: Umbreon\n|-singleturn|p2a: Umbreon|Protect\n|move|p1a: Volcarona|Bug Buzz|p2a: Umbreon\n|-activate|p2a: Umbreon|move: Protect\n|\n|-damage|p1a: Volcarona|82\/100 tox|[from] psn\n|upkeep\n|turn|11\n|\n|t:|1700085114\n|move|p1a: Volcarona|Fiery Dance|p2a: Umbreon\n|-damage|p2a: Umbreon|52\/100\n|move|p2a: Umbreon|Wish|p2a: Umbreon\n|\n|-heal|p2a: Umbreon|58\/100|[from] item: Leftovers\n|-damage|p1a: Volcarona|64\/100 tox|[from] psn\n|upkeep\n|turn|12\n|\n|t:|1700085125\n|switch|p1a: Zangoose|Zangoose, M|100\/100\n|move|p2a: Umbreon|Protect||[still]\n|-fail|p2a: Umbreon\n|\n|-heal|p2a: Umbreon|100\/100|[from] move: Wish|[wisher] Umbreon\n|-status|p1a: Zangoose|tox|[from] item: Toxic Orb\n|upkeep\n|turn|13\n|\n|t:|1700085146\n|switch|p2a: Zapdos|Zapdos|88\/100\n|move|p1a: Zangoose|Knock Off|p2a: Zapdos\n|-damage|p2a: Zapdos|53\/100\n|-damage|p1a: Zangoose|84\/100 tox|[from] item: Rocky Helmet|[of] p2a: Zapdos\n|-enditem|p2a: Zapdos|Rocky Helmet|[from] move: Knock Off|[of] p1a: Zangoose\n|\n|-damage|p1a: Zangoose|78\/100 tox|[from] psn\n|upkeep\n|turn|14\n|\n|t:|1700085157\n|move|p1a: Zangoose|Facade|p2a: Zapdos\n|-damage|p2a: Zapdos|0 fnt\n|faint|p2a: Zapdos\n|\n|-damage|p1a: Zangoose|66\/100 tox|[from] psn\n|upkeep\n|\n|t:|1700085169\n|switch|p2a: Umbreon|Umbreon, M|100\/100\n|turn|15\n|\n|t:|1700085175\n|move|p2a: Umbreon|Protect|p2a: Umbreon\n|-singleturn|p2a: Umbreon|Protect\n|move|p1a: Zangoose|Belly Drum|p1a: Zangoose\n|-damage|p1a: Zangoose|17\/100 tox\n|-setboost|p1a: Zangoose|atk|6|[from] move: Belly Drum\n|\n|-damage|p1a: Zangoose|0 fnt|[from] psn\n|faint|p1a: Zangoose\n|upkeep\n|\n|t:|1700085189\n|switch|p1a: Volbeat|Volbeat, M|77\/100\n|turn|16\n|\n|t:|1700085193\n|move|p1a: Volbeat|Taunt|p2a: Umbreon\n|-hint|Since gen 7, Dark is immune to Prankster moves.\n|-immune|p2a: Umbreon\n|move|p2a: Umbreon|Toxic|p1a: Volbeat\n|-status|p1a: Volbeat|tox\n|\n|-heal|p1a: Volbeat|82\/100 tox|[from] item: Leftovers\n|-damage|p1a: Volbeat|77\/100 tox|[from] psn\n|upkeep\n|turn|17\n|\n|t:|1700085210\n|switch|p1a: Polteageist|Polteageist|100\/100\n|move|p2a: Umbreon|Wish|p2a: Umbreon\n|\n|upkeep\n|turn|18\n|\n|t:|1700085215\n|move|p1a: Polteageist|Shell Smash|p1a: Polteageist\n|-unboost|p1a: Polteageist|def|1\n|-unboost|p1a: Polteageist|spd|1\n|-boost|p1a: Polteageist|atk|2\n|-boost|p1a: Polteageist|spa|2\n|-boost|p1a: Polteageist|spe|2\n|move|p2a: Umbreon|Toxic|p1a: Polteageist\n|-status|p1a: Polteageist|tox\n|\n|-damage|p1a: Polteageist|94\/100 tox|[from] psn\n|upkeep\n|turn|19\n|\n|t:|1700085227\n|move|p1a: Polteageist|Shell Smash|p1a: Polteageist\n|-unboost|p1a: Polteageist|def|1\n|-unboost|p1a: Polteageist|spd|1\n|-boost|p1a: Polteageist|atk|2\n|-boost|p1a: Polteageist|spa|2\n|-boost|p1a: Polteageist|spe|2\n|move|p2a: Umbreon|Wish|p2a: Umbreon\n|\n|-damage|p1a: Polteageist|82\/100 tox|[from] psn\n|upkeep\n|turn|20\n|\n|t:|1700085240\n|move|p2a: Umbreon|Protect|p2a: Umbreon\n|-singleturn|p2a: Umbreon|Protect\n|move|p1a: Polteageist|Shell Smash|p1a: Polteageist\n|-unboost|p1a: Polteageist|def|1\n|-unboost|p1a: Polteageist|spd|1\n|-boost|p1a: Polteageist|atk|2\n|-boost|p1a: Polteageist|spa|2\n|-boost|p1a: Polteageist|spe|2\n|\n|-damage|p1a: Polteageist|64\/100 tox|[from] psn\n|upkeep\n|turn|21\n|\n|t:|1700085257\n|switch|p2a: Celesteela|Celesteela, tera:Steel|51\/100\n|move|p1a: Polteageist|Tera Blast|p2a: Celesteela\n|-resisted|p2a: Celesteela\n|-damage|p2a: Celesteela|0 fnt\n|faint|p2a: Celesteela\n|\n|-damage|p1a: Polteageist|39\/100 tox|[from] psn\n|upkeep\n|\n|t:|1700085268\n|switch|p2a: Marshadow|Marshadow|100\/100\n|turn|22\n|\n|t:|1700085272\n|move|p1a: Polteageist|Shadow Ball|p2a: Marshadow\n|-supereffective|p2a: Marshadow\n|-enditem|p2a: Marshadow|Focus Sash\n|-damage|p2a: Marshadow|1\/100\n|-unboost|p2a: Marshadow|spd|1\n|move|p2a: Marshadow|Spectral Thief||[still]\n|-clearpositiveboost|p1a: Polteageist|p2a: Marshadow|move: Spectral Thief\n|-boost|p2a: Marshadow|atk|6\n|-boost|p2a: Marshadow|spa|6\n|-boost|p2a: Marshadow|spe|6\n|-anim|p2a: Marshadow|Spectral Thief|p1a: Polteageist\n|-supereffective|p1a: Polteageist\n|-damage|p1a: Polteageist|0 fnt\n|faint|p1a: Polteageist\n|\n|upkeep\n|\n|t:|1700085284\n|switch|p1a: Volcarona|Volcarona, F, tera:Grass|64\/100 tox\n|turn|23\n|-message|Zake202012 forfeited.\n|\n|win|GeorgiaEternatuss\n|raw|Zake202012's rating: 1218 &rarr; <strong>1199<\/strong><br \/>(-19 for losing)\n|raw|GeorgiaEternatuss's rating: 1309 &rarr; <strong>1324<\/strong><br \/>(+15 for winning)\n|l|\u2606Zake202012\n","uploadtime":1700085302,"views":7,"p1id":"zake202012","p2id":"georgiaeternatuss","formatid":"gen9nationaldexubers","rating":1199,"private":0,"password":""}