{"id":"gen9nationaldexubers-1998244104","p1":"LIWWEIR","p2":"HanWenCai","format":"[Gen 9] National Dex Ubers","log":"|j|\u2606LIWWEIR\n|j|\u203dHanWenCai\n|t:|1700918902\n|gametype|singles\n|player|p1|LIWWEIR|blue|\n|player|p2|HanWenCai|265|\n|teamsize|p1|6\n|teamsize|p2|6\n|gen|9\n|tier|[Gen 9] National Dex Ubers\n|rule|HP Percentage Mod: HP is shown in percentages\n|rule|Endless Battle Clause: Forcing endless battles is banned\n|rule|OHKO Clause: OHKO moves are banned\n|rule|Evasion Moves Clause: Evasion moves are banned\n|rule|Evasion Items Clause: Evasion items are banned\n|rule|Species Clause: Limit one of each Pok\u00e9mon\n|rule|Sleep Clause Mod: Limit one foe put to sleep\n|rule|Mega Rayquaza Clause: You cannot mega evolve Rayquaza\n|clearpoke\n|poke|p1|Lucario, M|\n|poke|p1|Heatran, M|\n|poke|p1|Landorus-Therian, M|\n|poke|p1|Tapu Fini|\n|poke|p1|Shuckle, M|\n|poke|p1|Nidoking, M|\n|poke|p2|Garganacl, F|\n|poke|p2|Moltres|\n|poke|p2|Excadrill, M|\n|poke|p2|Ceruledge, F|\n|poke|p2|Greninja-*, F|\n|poke|p2|Lopunny, F|\n|teampreview\n|j| peopleselfmc\n|c| peopleselfmc|\u6765\u4e86\n|l| peopleselfmc\n|c|\u2606LIWWEIR|\u829c\u6e56\n|c|\u2606LIWWEIR|\u751f\u65e5\u5feb\u4e50\u963f\u67ab\n|\n|t:|1700918979\n|start\n|switch|p1a: \u53ef\u6076|Shuckle, M|100\/100\n|switch|p2a: Excadrill|Excadrill, M|100\/100\n|turn|1\n|\n|t:|1700918998\n|move|p2a: Excadrill|Iron Head|p1a: \u53ef\u6076\n|-supereffective|p1a: \u53ef\u6076\n|-damage|p1a: \u53ef\u6076|46\/100\n|-enditem|p1a: \u53ef\u6076|Red Card|[of] p2a: Excadrill\n|drag|p2a: Greninja|Greninja, F|100\/100\n|cant|p1a: \u53ef\u6076|flinch\n|\n|upkeep\n|turn|2\n|\n|t:|1700919012\n|-terastallize|p1a: \u53ef\u6076|Bug\n|move|p2a: Greninja|Hydro Pump|p1a: \u53ef\u6076|[miss]\n|-start|p2a: Greninja|typechange|Water|[from] ability: Protean\n|-miss|p2a: Greninja|p1a: \u53ef\u6076\n|move|p1a: \u53ef\u6076|Sticky Web|p2a: Greninja\n|-sidestart|p2: HanWenCai|move: Sticky Web\n|\n|upkeep\n|turn|3\n|\n|t:|1700919021\n|-zpower|p2a: Greninja\n|move|p2a: Greninja|Hydro Vortex|p1a: \u53ef\u6076|[zeffect]\n|-damage|p1a: \u53ef\u6076|0 fnt\n|faint|p1a: \u53ef\u6076\n|\n|upkeep\n|\n|t:|1700919031\n|switch|p1a: \u9ccd\u9ccd|Tapu Fini|100\/100\n|-fieldstart|move: Misty Terrain|[from] ability: Misty Surge|[of] p1a: \u9ccd\u9ccd\n|turn|4\n|\n|t:|1700919042\n|switch|p2a: Garganacl|Garganacl, F|100\/100\n|-activate|p2a: Garganacl|move: Sticky Web\n|-unboost|p2a: Garganacl|spe|1\n|move|p1a: \u9ccd\u9ccd|Calm Mind|p1a: \u9ccd\u9ccd\n|-boost|p1a: \u9ccd\u9ccd|spa|1\n|-boost|p1a: \u9ccd\u9ccd|spd|1\n|\n|upkeep\n|turn|5\n|\n|t:|1700919050\n|move|p1a: \u9ccd\u9ccd|Scald|p2a: Garganacl\n|-supereffective|p2a: Garganacl\n|-damage|p2a: Garganacl|40\/100\n|move|p2a: Garganacl|Salt Cure|p1a: \u9ccd\u9ccd\n|-damage|p1a: \u9ccd\u9ccd|91\/100\n|-start|p1a: \u9ccd\u9ccd|Salt Cure\n|\n|-heal|p2a: Garganacl|46\/100|[from] item: Leftovers\n|-damage|p1a: \u9ccd\u9ccd|66\/100|[from] Salt Cure\n|upkeep\n|turn|6\n|\n|t:|1700919061\n|switch|p1a: \u8d85\u7ea7\u65e0\u654c\u5f69\u8679\u8f93\u51fa\u624b|Nidoking, M|100\/100\n|-terastallize|p2a: Garganacl|Fairy\n|move|p2a: Garganacl|Recover|p2a: Garganacl\n|-heal|p2a: Garganacl|96\/100\n|\n|-heal|p2a: Garganacl|100\/100|[from] item: Leftovers\n|upkeep\n|turn|7\n|\n|t:|1700919083\n|switch|p2a: Ceruledge|Ceruledge, F|100\/100\n|-activate|p2a: Ceruledge|move: Sticky Web\n|-unboost|p2a: Ceruledge|spe|1\n|move|p1a: \u8d85\u7ea7\u65e0\u654c\u5f69\u8679\u8f93\u51fa\u624b|Sludge Wave|p2a: Ceruledge\n|-resisted|p2a: Ceruledge\n|-crit|p2a: Ceruledge\n|-damage|p2a: Ceruledge|58\/100\n|\n|-heal|p2a: Ceruledge|64\/100|[from] item: Leftovers\n|upkeep\n|turn|8\n|j| xiaogongchu(bgdhsl\n|\n|t:|1700919095\n|move|p2a: Ceruledge|Shadow Sneak|p1a: \u8d85\u7ea7\u65e0\u654c\u5f69\u8679\u8f93\u51fa\u624b\n|-damage|p1a: \u8d85\u7ea7\u65e0\u654c\u5f69\u8679\u8f93\u51fa\u624b|75\/100\n|move|p1a: \u8d85\u7ea7\u65e0\u654c\u5f69\u8679\u8f93\u51fa\u624b|Earth Power|p2a: Ceruledge\n|-supereffective|p2a: Ceruledge\n|-damage|p2a: Ceruledge|0 fnt\n|faint|p2a: Ceruledge\n|\n|-fieldend|Misty Terrain\n|upkeep\n|\n|t:|1700919104\n|switch|p2a: Moltres|Moltres|100\/100\n|turn|9\n|\n|t:|1700919109\n|move|p1a: \u8d85\u7ea7\u65e0\u654c\u5f69\u8679\u8f93\u51fa\u624b|Sludge Wave|p2a: Moltres\n|-damage|p2a: Moltres|38\/100\n|move|p2a: Moltres|Scorching Sands|p1a: \u8d85\u7ea7\u65e0\u654c\u5f69\u8679\u8f93\u51fa\u624b\n|-supereffective|p1a: \u8d85\u7ea7\u65e0\u654c\u5f69\u8679\u8f93\u51fa\u624b\n|-damage|p1a: \u8d85\u7ea7\u65e0\u654c\u5f69\u8679\u8f93\u51fa\u624b|10\/100\n|\n|upkeep\n|turn|10\n|\n|t:|1700919116\n|move|p1a: \u8d85\u7ea7\u65e0\u654c\u5f69\u8679\u8f93\u51fa\u624b|Sludge Wave|p2a: Moltres\n|-damage|p2a: Moltres|0 fnt\n|faint|p2a: Moltres\n|\n|upkeep\n|\n|t:|1700919119\n|switch|p2a: Lopunny|Lopunny, F|100\/100\n|-activate|p2a: Lopunny|move: Sticky Web\n|-unboost|p2a: Lopunny|spe|1\n|turn|11\n|\n|t:|1700919123\n|switch|p1a: \u5a01\u5413\u7279\u8010|Landorus-Therian, M, shiny|100\/100\n|-ability|p1a: \u5a01\u5413\u7279\u8010|Intimidate|boost\n|-unboost|p2a: Lopunny|atk|1\n|detailschange|p2a: Lopunny|Lopunny-Mega, F\n|-mega|p2a: Lopunny|Lopunny|Lopunnite\n|move|p2a: Lopunny|Quick Attack|p1a: \u5a01\u5413\u7279\u8010\n|-damage|p1a: \u5a01\u5413\u7279\u8010|90\/100\n|\n|-heal|p1a: \u5a01\u5413\u7279\u8010|96\/100|[from] item: Leftovers\n|upkeep\n|turn|12\n|c|\u2606LIWWEIR|\u5f69\u8679\u70ae\u53f0\n|c|\u2606LIWWEIR|\u65e0\u654c\n|\n|t:|1700919136\n|switch|p2a: Garganacl|Garganacl, F, tera:Fairy|100\/100\n|-activate|p2a: Garganacl|move: Sticky Web\n|-unboost|p2a: Garganacl|spe|1\n|move|p1a: \u5a01\u5413\u7279\u8010|U-turn|p2a: Garganacl\n|-resisted|p2a: Garganacl\n|-damage|p2a: Garganacl|93\/100\n|\n|t:|1700919143\n|switch|p1a: \u8d85\u7ea7\u65e0\u654c\u5f69\u8679\u8f93\u51fa\u624b|Nidoking, M|10\/100|[from] U-turn\n|\n|-heal|p2a: Garganacl|99\/100|[from] item: Leftovers\n|upkeep\n|turn|13\n|c| xiaogongchu(bgdhsl|\u6253\u51fb\u9762\u7684\u91cd\u8981\u6027\n|\n|t:|1700919162\n|switch|p2a: Excadrill|Excadrill, M|100\/100\n|-activate|p2a: Excadrill|move: Sticky Web\n|-unboost|p2a: Excadrill|spe|1\n|move|p1a: \u8d85\u7ea7\u65e0\u654c\u5f69\u8679\u8f93\u51fa\u624b|Sludge Wave|p2a: Excadrill\n|-immune|p2a: Excadrill\n|\n|upkeep\n|turn|14\n|\n|t:|1700919169\n|move|p1a: \u8d85\u7ea7\u65e0\u654c\u5f69\u8679\u8f93\u51fa\u624b|Earth Power|p2a: Excadrill\n|-supereffective|p2a: Excadrill\n|-enditem|p2a: Excadrill|Focus Sash\n|-damage|p2a: Excadrill|1\/100\n|move|p2a: Excadrill|Rapid Spin|p1a: \u8d85\u7ea7\u65e0\u654c\u5f69\u8679\u8f93\u51fa\u624b\n|-damage|p1a: \u8d85\u7ea7\u65e0\u654c\u5f69\u8679\u8f93\u51fa\u624b|0 fnt\n|-boost|p2a: Excadrill|spe|1\n|-sideend|p2: HanWenCai|Sticky Web|[from] move: Rapid Spin|[of] p2a: Excadrill\n|faint|p1a: \u8d85\u7ea7\u65e0\u654c\u5f69\u8679\u8f93\u51fa\u624b\n|\n|upkeep\n|\n|t:|1700919178\n|switch|p1a: \u8def\u5361|Lucario, M|100\/100\n|turn|15\n|\n|t:|1700919183\n|detailschange|p1a: \u8def\u5361|Lucario-Mega, M\n|-mega|p1a: \u8def\u5361|Lucario|Lucarionite\n|move|p1a: \u8def\u5361|Meteor Mash|p2a: Excadrill\n|-resisted|p2a: Excadrill\n|-damage|p2a: Excadrill|0 fnt\n|faint|p2a: Excadrill\n|\n|upkeep\n|\n|t:|1700919187\n|switch|p2a: Greninja|Greninja, F|100\/100\n|turn|16\n|\n|t:|1700919196\n|move|p2a: Greninja|Hydro Pump|p1a: \u8def\u5361\n|-start|p2a: Greninja|typechange|Water|[from] ability: Protean\n|-damage|p1a: \u8def\u5361|24\/100\n|move|p1a: \u8def\u5361|Close Combat|p2a: Greninja\n|-damage|p2a: Greninja|0 fnt\n|-unboost|p1a: \u8def\u5361|def|1\n|-unboost|p1a: \u8def\u5361|spd|1\n|faint|p2a: Greninja\n|\n|upkeep\n|\n|t:|1700919203\n|switch|p2a: Lopunny|Lopunny-Mega, F|100\/100\n|turn|17\n|\n|t:|1700919208\n|switch|p1a: \u5a01\u5413\u7279\u8010|Landorus-Therian, M, shiny|96\/100\n|-ability|p1a: \u5a01\u5413\u7279\u8010|Intimidate|boost\n|-fail|p2a: Lopunny|unboost|Attack|[from] ability: Scrappy|[of] p2a: Lopunny\n|move|p2a: Lopunny|Fake Out|p1a: \u5a01\u5413\u7279\u8010\n|-damage|p1a: \u5a01\u5413\u7279\u8010|78\/100\n|\n|-heal|p1a: \u5a01\u5413\u7279\u8010|84\/100|[from] item: Leftovers\n|upkeep\n|turn|18\n|\n|t:|1700919220\n|switch|p2a: Garganacl|Garganacl, F, tera:Fairy|99\/100\n|move|p1a: \u5a01\u5413\u7279\u8010|U-turn|p2a: Garganacl\n|-resisted|p2a: Garganacl\n|-crit|p2a: Garganacl\n|-damage|p2a: Garganacl|89\/100\n|\n|t:|1700919225\n|switch|p1a: \u8def\u5361|Lucario-Mega, M|24\/100|[from] U-turn\n|\n|-heal|p2a: Garganacl|95\/100|[from] item: Leftovers\n|upkeep\n|turn|19\n|\n|t:|1700919230\n|move|p1a: \u8def\u5361|Meteor Mash|p2a: Garganacl\n|-supereffective|p2a: Garganacl\n|-damage|p2a: Garganacl|16\/100\n|move|p2a: Garganacl|Body Press|p1a: \u8def\u5361\n|-supereffective|p1a: \u8def\u5361\n|-damage|p1a: \u8def\u5361|0 fnt\n|faint|p1a: \u8def\u5361\n|\n|-heal|p2a: Garganacl|22\/100|[from] item: Leftovers\n|upkeep\n|\n|t:|1700919240\n|switch|p1a: \u80cc\u5fc3\u7269\u8010|Heatran, M|100\/100\n|turn|20\n|\n|t:|1700919245\n|move|p1a: \u80cc\u5fc3\u7269\u8010|Earth Power|p2a: Garganacl\n|-damage|p2a: Garganacl|2\/100\n|-unboost|p2a: Garganacl|spd|1\n|move|p2a: Garganacl|Recover|p2a: Garganacl\n|-heal|p2a: Garganacl|52\/100\n|\n|-heal|p2a: Garganacl|58\/100|[from] item: Leftovers\n|upkeep\n|turn|21\n|\n|t:|1700919253\n|switch|p2a: Lopunny|Lopunny-Mega, F|100\/100\n|move|p1a: \u80cc\u5fc3\u7269\u8010|Magma Storm|p2a: Lopunny\n|-damage|p2a: Lopunny|42\/100\n|-activate|p2a: Lopunny|move: Magma Storm|[of] p1a: \u80cc\u5fc3\u7269\u8010\n|\n|-damage|p2a: Lopunny|30\/100|[from] move: Magma Storm|[partiallytrapped]\n|upkeep\n|turn|22\n|\n|t:|1700919260\n|move|p1a: \u80cc\u5fc3\u7269\u8010|Protect|p1a: \u80cc\u5fc3\u7269\u8010\n|-singleturn|p1a: \u80cc\u5fc3\u7269\u8010|Protect\n|move|p2a: Lopunny|High Jump Kick|p1a: \u80cc\u5fc3\u7269\u8010\n|-activate|p1a: \u80cc\u5fc3\u7269\u8010|move: Protect\n|-damage|p2a: Lopunny|0 fnt|[from] highjumpkick\n|faint|p2a: Lopunny\n|\n|upkeep\n|\n|t:|1700919264\n|switch|p2a: Garganacl|Garganacl, F, tera:Fairy|58\/100\n|turn|23\n|c|\u2606LIWWEIR|\u54c8\u54c8\u54c8\u54c8\u54c8\u54c8\n|c|\u2606LIWWEIR|\u7ef7\u4e0d\u4f4f\u4e86\n|\n|t:|1700919283\n|move|p1a: \u80cc\u5fc3\u7269\u8010|Magma Storm|p2a: Garganacl\n|-damage|p2a: Garganacl|26\/100\n|-activate|p2a: Garganacl|move: Magma Storm|[of] p1a: \u80cc\u5fc3\u7269\u8010\n|move|p2a: Garganacl|Recover|p2a: Garganacl\n|-heal|p2a: Garganacl|76\/100\n|\n|-heal|p2a: Garganacl|82\/100|[from] item: Leftovers\n|-damage|p2a: Garganacl|70\/100|[from] move: Magma Storm|[partiallytrapped]\n|upkeep\n|turn|24\n|\n|t:|1700919294\n|move|p1a: \u80cc\u5fc3\u7269\u8010|Earth Power|p2a: Garganacl\n|-damage|p2a: Garganacl|49\/100\n|move|p2a: Garganacl|Salt Cure|p1a: \u80cc\u5fc3\u7269\u8010\n|-damage|p1a: \u80cc\u5fc3\u7269\u8010|90\/100\n|-start|p1a: \u80cc\u5fc3\u7269\u8010|Salt Cure\n|\n|-heal|p1a: \u80cc\u5fc3\u7269\u8010|96\/100|[from] item: Leftovers\n|-heal|p2a: Garganacl|55\/100|[from] item: Leftovers\n|-damage|p1a: \u80cc\u5fc3\u7269\u8010|71\/100|[from] Salt Cure\n|-damage|p2a: Garganacl|43\/100|[from] move: Magma Storm|[partiallytrapped]\n|upkeep\n|turn|25\n|\n|t:|1700919305\n|move|p1a: \u80cc\u5fc3\u7269\u8010|Magma Storm|p2a: Garganacl\n|-damage|p2a: Garganacl|10\/100\n|move|p2a: Garganacl|Recover|p2a: Garganacl\n|-heal|p2a: Garganacl|60\/100\n|\n|-heal|p1a: \u80cc\u5fc3\u7269\u8010|77\/100|[from] item: Leftovers\n|-heal|p2a: Garganacl|67\/100|[from] item: Leftovers\n|-damage|p1a: \u80cc\u5fc3\u7269\u8010|52\/100|[from] Salt Cure\n|-damage|p2a: Garganacl|54\/100|[from] move: Magma Storm|[partiallytrapped]\n|upkeep\n|turn|26\n|\n|t:|1700919315\n|move|p1a: \u80cc\u5fc3\u7269\u8010|Magma Storm|p2a: Garganacl\n|-damage|p2a: Garganacl|22\/100\n|move|p2a: Garganacl|Recover|p2a: Garganacl\n|-heal|p2a: Garganacl|72\/100\n|\n|-heal|p1a: \u80cc\u5fc3\u7269\u8010|59\/100|[from] item: Leftovers\n|-heal|p2a: Garganacl|78\/100|[from] item: Leftovers\n|-damage|p1a: \u80cc\u5fc3\u7269\u8010|34\/100|[from] Salt Cure\n|-damage|p2a: Garganacl|65\/100|[from] move: Magma Storm|[partiallytrapped]\n|upkeep\n|turn|27\n|\n|t:|1700919324\n|move|p1a: \u80cc\u5fc3\u7269\u8010|Earth Power|p2a: Garganacl\n|-damage|p2a: Garganacl|46\/100\n|move|p2a: Garganacl|Recover|p2a: Garganacl\n|-heal|p2a: Garganacl|96\/100\n|\n|-heal|p1a: \u80cc\u5fc3\u7269\u8010|40\/100|[from] item: Leftovers\n|-heal|p2a: Garganacl|100\/100|[from] item: Leftovers\n|-damage|p1a: \u80cc\u5fc3\u7269\u8010|15\/100|[from] Salt Cure\n|-damage|p2a: Garganacl|88\/100|[from] move: Magma Storm|[partiallytrapped]\n|upkeep\n|turn|28\n|\n|t:|1700919335\n|move|p1a: \u80cc\u5fc3\u7269\u8010|Earth Power|p2a: Garganacl\n|-damage|p2a: Garganacl|66\/100\n|move|p2a: Garganacl|Recover|p2a: Garganacl\n|-heal|p2a: Garganacl|100\/100\n|\n|-heal|p1a: \u80cc\u5fc3\u7269\u8010|21\/100|[from] item: Leftovers\n|-damage|p1a: \u80cc\u5fc3\u7269\u8010|0 fnt|[from] Salt Cure\n|faint|p1a: \u80cc\u5fc3\u7269\u8010\n|-end|p2a: Garganacl|Magma Storm|[partiallytrapped]\n|upkeep\n|\n|t:|1700919344\n|switch|p1a: \u5a01\u5413\u7279\u8010|Landorus-Therian, M, shiny|84\/100\n|-ability|p1a: \u5a01\u5413\u7279\u8010|Intimidate|boost\n|-unboost|p2a: Garganacl|atk|1\n|turn|29\n|\n|t:|1700919349\n|move|p1a: \u5a01\u5413\u7279\u8010|Earthquake|p2a: Garganacl\n|-damage|p2a: Garganacl|72\/100\n|move|p2a: Garganacl|Iron Defense|p2a: Garganacl\n|-boost|p2a: Garganacl|def|2\n|\n|-heal|p1a: \u5a01\u5413\u7279\u8010|90\/100|[from] item: Leftovers\n|-heal|p2a: Garganacl|78\/100|[from] item: Leftovers\n|upkeep\n|turn|30\n|\n|t:|1700919359\n|move|p1a: \u5a01\u5413\u7279\u8010|Taunt|p2a: Garganacl\n|-start|p2a: Garganacl|move: Taunt\n|cant|p2a: Garganacl|move: Taunt|Iron Defense\n|\n|-heal|p1a: \u5a01\u5413\u7279\u8010|96\/100|[from] item: Leftovers\n|-heal|p2a: Garganacl|84\/100|[from] item: Leftovers\n|upkeep\n|turn|31\n|\n|t:|1700919366\n|switch|p1a: \u9ccd\u9ccd|Tapu Fini|66\/100\n|-fieldstart|move: Misty Terrain|[from] ability: Misty Surge|[of] p1a: \u9ccd\u9ccd\n|move|p2a: Garganacl|Salt Cure|p1a: \u9ccd\u9ccd\n|-damage|p1a: \u9ccd\u9ccd|59\/100\n|-start|p1a: \u9ccd\u9ccd|Salt Cure\n|\n|-heal|p2a: Garganacl|90\/100|[from] item: Leftovers\n|-damage|p1a: \u9ccd\u9ccd|34\/100|[from] Salt Cure\n|upkeep\n|turn|32\n|c| xiaogongchu(bgdhsl|\u771f\u5ca9\u738b\u7237\n|\n|t:|1700919376\n|move|p1a: \u9ccd\u9ccd|Calm Mind|p1a: \u9ccd\u9ccd\n|-boost|p1a: \u9ccd\u9ccd|spa|1\n|-boost|p1a: \u9ccd\u9ccd|spd|1\n|move|p2a: Garganacl|Body Press|p1a: \u9ccd\u9ccd\n|-resisted|p1a: \u9ccd\u9ccd\n|-damage|p1a: \u9ccd\u9ccd|16\/100\n|\n|-heal|p2a: Garganacl|96\/100|[from] item: Leftovers\n|-damage|p1a: \u9ccd\u9ccd|0 fnt|[from] Salt Cure\n|faint|p1a: \u9ccd\u9ccd\n|-end|p2a: Garganacl|move: Taunt\n|upkeep\n|\n|t:|1700919387\n|switch|p1a: \u5a01\u5413\u7279\u8010|Landorus-Therian, M, shiny|96\/100\n|-ability|p1a: \u5a01\u5413\u7279\u8010|Intimidate|boost\n|-unboost|p2a: Garganacl|atk|1\n|turn|33\n|c|\u2606LIWWEIR|\u574f\u5566\n|\n|t:|1700919393\n|move|p1a: \u5a01\u5413\u7279\u8010|Earthquake|p2a: Garganacl\n|-damage|p2a: Garganacl|81\/100\n|move|p2a: Garganacl|Salt Cure|p1a: \u5a01\u5413\u7279\u8010\n|-crit|p1a: \u5a01\u5413\u7279\u8010\n|-damage|p1a: \u5a01\u5413\u7279\u8010|79\/100\n|-start|p1a: \u5a01\u5413\u7279\u8010|Salt Cure\n|\n|-heal|p1a: \u5a01\u5413\u7279\u8010|85\/100|[from] item: Leftovers\n|-heal|p2a: Garganacl|88\/100|[from] item: Leftovers\n|-damage|p1a: \u5a01\u5413\u7279\u8010|73\/100|[from] Salt Cure\n|upkeep\n|turn|34\n|\n|t:|1700919403\n|move|p1a: \u5a01\u5413\u7279\u8010|Earthquake|p2a: Garganacl\n|-damage|p2a: Garganacl|73\/100\n|move|p2a: Garganacl|Iron Defense|p2a: Garganacl\n|-boost|p2a: Garganacl|def|2\n|\n|-heal|p1a: \u5a01\u5413\u7279\u8010|79\/100|[from] item: Leftovers\n|-heal|p2a: Garganacl|79\/100|[from] item: Leftovers\n|-damage|p1a: \u5a01\u5413\u7279\u8010|66\/100|[from] Salt Cure\n|upkeep\n|turn|35\n|\n|t:|1700919413\n|move|p1a: \u5a01\u5413\u7279\u8010|Earthquake|p2a: Garganacl\n|-damage|p2a: Garganacl|68\/100\n|move|p2a: Garganacl|Body Press|p1a: \u5a01\u5413\u7279\u8010\n|-resisted|p1a: \u5a01\u5413\u7279\u8010\n|-damage|p1a: \u5a01\u5413\u7279\u8010|35\/100\n|\n|-heal|p1a: \u5a01\u5413\u7279\u8010|41\/100|[from] item: Leftovers\n|-heal|p2a: Garganacl|74\/100|[from] item: Leftovers\n|-damage|p1a: \u5a01\u5413\u7279\u8010|29\/100|[from] Salt Cure\n|-fieldend|Misty Terrain\n|upkeep\n|turn|36\n|\n|t:|1700919423\n|move|p1a: \u5a01\u5413\u7279\u8010|Earthquake|p2a: Garganacl\n|-damage|p2a: Garganacl|64\/100\n|move|p2a: Garganacl|Body Press|p1a: \u5a01\u5413\u7279\u8010\n|-resisted|p1a: \u5a01\u5413\u7279\u8010\n|-damage|p1a: \u5a01\u5413\u7279\u8010|2\/100\n|\n|-heal|p1a: \u5a01\u5413\u7279\u8010|8\/100|[from] item: Leftovers\n|-heal|p2a: Garganacl|70\/100|[from] item: Leftovers\n|-damage|p1a: \u5a01\u5413\u7279\u8010|0 fnt|[from] Salt Cure\n|faint|p1a: \u5a01\u5413\u7279\u8010\n|\n|win|HanWenCai\n|upkeep\n","uploadtime":1700919432,"views":0,"p1id":"liwweir","p2id":"hanwencai","formatid":"gen9nationaldexubers","rating":0,"private":0,"password":""}