{"id":"gen9nationaldexubers-1982913885","p1":"Gallade1235763","p2":"alcatel999","format":"[Gen 9] National Dex Ubers","log":"|j|\u2606Gallade1235763\n|j|\u2606alcatel999\n|t:|1699058036\n|gametype|singles\n|player|p1|Gallade1235763|shadowtriad|\n|player|p2|alcatel999|rocketgrunt|\n|teamsize|p1|6\n|teamsize|p2|6\n|gen|9\n|tier|[Gen 9] National Dex Ubers\n|rule|HP Percentage Mod: HP is shown in percentages\n|rule|Endless Battle Clause: Forcing endless battles is banned\n|rule|OHKO Clause: OHKO moves are banned\n|rule|Evasion Moves Clause: Evasion moves are banned\n|rule|Evasion Items Clause: Evasion items are banned\n|rule|Species Clause: Limit one of each Pok\u00e9mon\n|rule|Sleep Clause Mod: Limit one foe put to sleep\n|rule|Mega Rayquaza Clause: You cannot mega evolve Rayquaza\n|clearpoke\n|poke|p1|Ursaluna, F|\n|poke|p1|Clefable, F|\n|poke|p1|Heatran, F|\n|poke|p1|Corviknight, M|\n|poke|p1|Medicham, M|\n|poke|p1|Clodsire, F|\n|poke|p2|Altaria, M|\n|poke|p2|Sylveon, F|\n|poke|p2|Clefable, M|\n|poke|p2|Azumarill, M|\n|poke|p2|Enamorus, F|\n|poke|p2|Tapu Koko|\n|teampreview\n|c|\u2606alcatel999|GL HF\n|c|\u2606Gallade1235763|Buena suerte\n|\n|t:|1699058072\n|start\n|switch|p1a: Clefable|Clefable, F, shiny|100\/100\n|switch|p2a: HuevoKinder|Azumarill, M|100\/100\n|turn|1\n|\n|t:|1699058111\n|switch|p1a: Corviknight|Corviknight, M|100\/100\n|-ability|p1a: Corviknight|Pressure\n|move|p2a: HuevoKinder|Belly Drum|p2a: HuevoKinder\n|-damage|p2a: HuevoKinder|50\/100\n|-setboost|p2a: HuevoKinder|atk|6|[from] move: Belly Drum\n|-enditem|p2a: HuevoKinder|Sitrus Berry|[eat]\n|-heal|p2a: HuevoKinder|75\/100|[from] item: Sitrus Berry\n|\n|upkeep\n|turn|2\n|c|\u2606alcatel999|GALLADE\n|c|\u2606alcatel999|ORA ORA ORA ORA\n|c|\u2606Gallade1235763|Momento spamear aqua jet\n|c|\u2606alcatel999|si\n|c|\u2606Gallade1235763|Muda muda muda\n|c|\u2606alcatel999|XD\n|\n|t:|1699058147\n|-terastallize|p2a: HuevoKinder|Water\n|move|p2a: HuevoKinder|Aqua Jet|p1a: Corviknight\n|-damage|p1a: Corviknight|1\/100\n|move|p1a: Corviknight|Brave Bird|p2a: HuevoKinder\n|-damage|p2a: HuevoKinder|35\/100\n|-damage|p1a: Corviknight|0 fnt|[from] Recoil\n|faint|p1a: Corviknight\n|\n|upkeep\n|c|\u2606alcatel999|lol\n|c|\u2606alcatel999|ese pajaro ya va como 3 veces en 1%\n|\n|t:|1699058167\n|switch|p1a: Heatran|Heatran, F, shiny|100\/100\n|turn|3\n|\n|t:|1699058175\n|-terastallize|p1a: Heatran|Grass\n|move|p1a: Heatran|Earth Power|p2a: HuevoKinder\n|-damage|p2a: HuevoKinder|7\/100\n|move|p2a: HuevoKinder|Knock Off|p1a: Heatran\n|-damage|p1a: Heatran|0 fnt\n|-enditem|p1a: Heatran|Leftovers|[from] move: Knock Off|[of] p2a: HuevoKinder\n|faint|p1a: Heatran\n|\n|upkeep\n|c|\u2606Gallade1235763|Alan vales pa pura verga\n|\n|t:|1699058197\n|switch|p1a: Medicham|Medicham, M|100\/100\n|turn|4\n|c|\u2606Gallade1235763|Muda muda muda\n|c|\u2606alcatel999|oof\n|c|\u2606alcatel999|se viene bullet\n|c|\u2606Gallade1235763|Thiago el de los predicts\n|\n|t:|1699058248\n|detailschange|p1a: Medicham|Medicham-Mega, M\n|-mega|p1a: Medicham|Medicham|Medichamite\n|move|p1a: Medicham|Bullet Punch|p2a: HuevoKinder\n|-resisted|p2a: HuevoKinder\n|-damage|p2a: HuevoKinder|0 fnt\n|faint|p2a: HuevoKinder\n|\n|upkeep\n|\n|t:|1699058256\n|switch|p2a: ElRasho|Tapu Koko|100\/100\n|-fieldstart|move: Electric Terrain|[from] ability: Electric Surge|[of] p2a: ElRasho\n|turn|5\n|\n|t:|1699058263\n|move|p2a: ElRasho|Dazzling Gleam|p1a: Medicham\n|-supereffective|p1a: Medicham\n|-damage|p1a: Medicham|0 fnt\n|faint|p1a: Medicham\n|-damage|p2a: ElRasho|91\/100|[from] item: Life Orb\n|\n|upkeep\n|c|\u2606Gallade1235763|Pendejo no dura nada\n|\n|t:|1699058281\n|switch|p1a: Clefable|Clefable, F, shiny|100\/100\n|turn|6\n|c|\u2606alcatel999|vamo a probar cuanto hace\n|\n|t:|1699058296\n|move|p2a: ElRasho|Thunderbolt|p1a: Clefable\n|-damage|p1a: Clefable|41\/100\n|-damage|p2a: ElRasho|81\/100|[from] item: Life Orb\n|move|p1a: Clefable|Calm Mind|p1a: Clefable\n|-boost|p1a: Clefable|spa|1\n|-boost|p1a: Clefable|spd|1\n|\n|-heal|p1a: Clefable|47\/100|[from] item: Leftovers\n|upkeep\n|turn|7\n|\n|t:|1699058305\n|switch|p2a: SabiasQue...|Sylveon, F|100\/100\n|move|p1a: Clefable|Soft-Boiled|p1a: Clefable\n|-heal|p1a: Clefable|97\/100\n|\n|-heal|p1a: Clefable|100\/100|[from] item: Leftovers\n|upkeep\n|turn|8\n|\n|t:|1699058316\n|move|p2a: SabiasQue...|Calm Mind|p2a: SabiasQue...\n|-boost|p2a: SabiasQue...|spa|1\n|-boost|p2a: SabiasQue...|spd|1\n|move|p1a: Clefable|Calm Mind|p1a: Clefable\n|-boost|p1a: Clefable|spa|1\n|-boost|p1a: Clefable|spd|1\n|\n|upkeep\n|turn|9\n|\n|t:|1699058325\n|move|p2a: SabiasQue...|Calm Mind|p2a: SabiasQue...\n|-boost|p2a: SabiasQue...|spa|1\n|-boost|p2a: SabiasQue...|spd|1\n|move|p1a: Clefable|Mystical Fire|p2a: SabiasQue...\n|-damage|p2a: SabiasQue...|92\/100\n|-unboost|p2a: SabiasQue...|spa|1\n|\n|-heal|p2a: SabiasQue...|98\/100|[from] item: Leftovers\n|-fieldend|move: Electric Terrain\n|upkeep\n|turn|10\n|c|\u2606alcatel999|Pelea de calm mind\n|\n|t:|1699058335\n|move|p1a: Clefable|Calm Mind|p1a: Clefable\n|-boost|p1a: Clefable|spa|1\n|-boost|p1a: Clefable|spd|1\n|move|p2a: SabiasQue...|Calm Mind|p2a: SabiasQue...\n|-boost|p2a: SabiasQue...|spa|1\n|-boost|p2a: SabiasQue...|spd|1\n|\n|-heal|p2a: SabiasQue...|100\/100|[from] item: Leftovers\n|upkeep\n|turn|11\n|\n|t:|1699058344\n|move|p1a: Clefable|Calm Mind|p1a: Clefable\n|-boost|p1a: Clefable|spa|1\n|-boost|p1a: Clefable|spd|1\n|move|p2a: SabiasQue...|Calm Mind|p2a: SabiasQue...\n|-boost|p2a: SabiasQue...|spa|1\n|-boost|p2a: SabiasQue...|spd|1\n|\n|upkeep\n|turn|12\n|c|\u2606Gallade1235763|Pelea de invalidos\n|\n|t:|1699058358\n|move|p2a: SabiasQue...|Calm Mind|p2a: SabiasQue...\n|-boost|p2a: SabiasQue...|spa|1\n|-boost|p2a: SabiasQue...|spd|1\n|move|p1a: Clefable|Calm Mind|p1a: Clefable\n|-boost|p1a: Clefable|spa|1\n|-boost|p1a: Clefable|spd|1\n|\n|upkeep\n|turn|13\n|\n|t:|1699058365\n|move|p1a: Clefable|Calm Mind|p1a: Clefable\n|-boost|p1a: Clefable|spa|1\n|-boost|p1a: Clefable|spd|1\n|move|p2a: SabiasQue...|Calm Mind|p2a: SabiasQue...\n|-boost|p2a: SabiasQue...|spa|1\n|-boost|p2a: SabiasQue...|spd|1\n|\n|upkeep\n|turn|14\n|c|\u2606alcatel999|Lo que gallade no sabe\n|c|\u2606alcatel999|es que traigo psyshock en la mochila\n|c|\u2606Gallade1235763|Lo que thiago no sabe\n|c|\u2606Gallade1235763|Es que tengo a ursaluna en la mochila\n|\n|t:|1699058429\n|move|p2a: SabiasQue...|Psyshock|p1a: Clefable\n|-damage|p1a: Clefable|47\/100\n|move|p1a: Clefable|Mystical Fire|p2a: SabiasQue...\n|-damage|p2a: SabiasQue...|91\/100\n|-unboost|p2a: SabiasQue...|spa|1\n|\n|-heal|p1a: Clefable|53\/100|[from] item: Leftovers\n|-heal|p2a: SabiasQue...|97\/100|[from] item: Leftovers\n|upkeep\n|turn|15\n|c|\u2606Gallade1235763|Ah si e velda\n|\n|t:|1699058453\n|switch|p1a: Ursaluna|Ursaluna, F, shiny|100\/100\n|move|p2a: SabiasQue...|Calm Mind|p2a: SabiasQue...\n|-boost|p2a: SabiasQue...|spa|1\n|-boost|p2a: SabiasQue...|spd|0\n|\n|-heal|p2a: SabiasQue...|100\/100|[from] item: Leftovers\n|-status|p1a: Ursaluna|brn|[from] item: Flame Orb\n|upkeep\n|turn|16\n|\n|t:|1699058464\n|move|p2a: SabiasQue...|Hyper Voice|p1a: Ursaluna\n|-damage|p1a: Ursaluna|0 fnt\n|faint|p1a: Ursaluna\n|\n|upkeep\n|c|\u2606alcatel999|Xd\n|c|\u2606alcatel999|bruh\n|c|\u2606Gallade1235763|Me papearon con sylveon pipipi\n|\n|t:|1699058484\n|switch|p1a: Clefable|Clefable, F, shiny|53\/100\n|turn|17\n|\n|t:|1699058489\n|move|p1a: Clefable|Calm Mind|p1a: Clefable\n|-boost|p1a: Clefable|spa|1\n|-boost|p1a: Clefable|spd|1\n|move|p2a: SabiasQue...|Psyshock|p1a: Clefable\n|-damage|p1a: Clefable|0 fnt\n|faint|p1a: Clefable\n|\n|upkeep\n|\n|t:|1699058497\n|switch|p1a: Clodsire|Clodsire, F|100\/100\n|turn|18\n|\n|t:|1699058502\n|move|p2a: SabiasQue...|Psyshock|p1a: Clodsire\n|-supereffective|p1a: Clodsire\n|-damage|p1a: Clodsire|53\/100\n|move|p1a: Clodsire|Earthquake|p2a: SabiasQue...\n|-damage|p2a: SabiasQue...|68\/100\n|\n|-heal|p2a: SabiasQue...|74\/100|[from] item: Leftovers\n|upkeep\n|turn|19\n|c|\u2606Gallade1235763|Ojo\n|\n|t:|1699058513\n|move|p2a: SabiasQue...|Psyshock|p1a: Clodsire\n|-supereffective|p1a: Clodsire\n|-damage|p1a: Clodsire|10\/100\n|move|p1a: Clodsire|Recover|p1a: Clodsire\n|-heal|p1a: Clodsire|60\/100\n|\n|-heal|p2a: SabiasQue...|80\/100|[from] item: Leftovers\n|upkeep\n|turn|20\n|\n|t:|1699058524\n|move|p2a: SabiasQue...|Calm Mind|p2a: SabiasQue...\n|-boost|p2a: SabiasQue...|spa|1\n|-boost|p2a: SabiasQue...|spd|0\n|move|p1a: Clodsire|Toxic|p2a: SabiasQue...\n|-status|p2a: SabiasQue...|tox\n|\n|-heal|p2a: SabiasQue...|86\/100 tox|[from] item: Leftovers\n|-damage|p2a: SabiasQue...|80\/100 tox|[from] psn\n|upkeep\n|turn|21\n|\n|t:|1699058533\n|move|p2a: SabiasQue...|Psyshock|p1a: Clodsire\n|-supereffective|p1a: Clodsire\n|-damage|p1a: Clodsire|15\/100\n|move|p1a: Clodsire|Recover|p1a: Clodsire\n|-heal|p1a: Clodsire|65\/100\n|\n|-heal|p2a: SabiasQue...|86\/100 tox|[from] item: Leftovers\n|-damage|p2a: SabiasQue...|74\/100 tox|[from] psn\n|upkeep\n|turn|22\n|\n|t:|1699058545\n|move|p2a: SabiasQue...|Hyper Voice|p1a: Clodsire\n|-resisted|p1a: Clodsire\n|-damage|p1a: Clodsire|54\/100\n|move|p1a: Clodsire|Recover|p1a: Clodsire\n|-heal|p1a: Clodsire|100\/100\n|\n|-heal|p2a: SabiasQue...|80\/100 tox|[from] item: Leftovers\n|-damage|p2a: SabiasQue...|62\/100 tox|[from] psn\n|upkeep\n|turn|23\n|\n|t:|1699058556\n|move|p2a: SabiasQue...|Psyshock|p1a: Clodsire\n|-supereffective|p1a: Clodsire\n|-damage|p1a: Clodsire|60\/100\n|move|p1a: Clodsire|Spikes|p2a: SabiasQue...\n|-sidestart|p2: alcatel999|Spikes\n|\n|-heal|p2a: SabiasQue...|68\/100 tox|[from] item: Leftovers\n|-damage|p2a: SabiasQue...|43\/100 tox|[from] psn\n|upkeep\n|turn|24\n|\n|t:|1699058565\n|move|p2a: SabiasQue...|Psyshock|p1a: Clodsire\n|-supereffective|p1a: Clodsire\n|-damage|p1a: Clodsire|13\/100\n|move|p1a: Clodsire|Recover|p1a: Clodsire\n|-heal|p1a: Clodsire|63\/100\n|\n|-heal|p2a: SabiasQue...|49\/100 tox|[from] item: Leftovers\n|-damage|p2a: SabiasQue...|19\/100 tox|[from] psn\n|upkeep\n|turn|25\n|\n|t:|1699058575\n|move|p2a: SabiasQue...|Psyshock|p1a: Clodsire\n|-supereffective|p1a: Clodsire\n|-damage|p1a: Clodsire|22\/100\n|move|p1a: Clodsire|Recover|p1a: Clodsire\n|-heal|p1a: Clodsire|72\/100\n|\n|-heal|p2a: SabiasQue...|25\/100 tox|[from] item: Leftovers\n|-damage|p2a: SabiasQue...|0 fnt|[from] psn\n|faint|p2a: SabiasQue...\n|upkeep\n|\n|t:|1699058591\n|switch|p2a: AlgodonDeAzucar|Altaria, M|100\/100\n|turn|26\n|\n|t:|1699058604\n|detailschange|p2a: AlgodonDeAzucar|Altaria-Mega, M\n|-mega|p2a: AlgodonDeAzucar|Altaria|Altarianite\n|move|p2a: AlgodonDeAzucar|Dragon Dance|p2a: AlgodonDeAzucar\n|-boost|p2a: AlgodonDeAzucar|atk|1\n|-boost|p2a: AlgodonDeAzucar|spe|1\n|move|p1a: Clodsire|Earthquake|p2a: AlgodonDeAzucar\n|-damage|p2a: AlgodonDeAzucar|73\/100\n|\n|upkeep\n|turn|27\n|\n|t:|1699058612\n|move|p2a: AlgodonDeAzucar|Dragon Dance|p2a: AlgodonDeAzucar\n|-boost|p2a: AlgodonDeAzucar|atk|1\n|-boost|p2a: AlgodonDeAzucar|spe|1\n|move|p1a: Clodsire|Earthquake|p2a: AlgodonDeAzucar\n|-damage|p2a: AlgodonDeAzucar|44\/100\n|\n|upkeep\n|turn|28\n|\n|t:|1699058619\n|move|p2a: AlgodonDeAzucar|Earthquake|p1a: Clodsire\n|-supereffective|p1a: Clodsire\n|-damage|p1a: Clodsire|0 fnt\n|faint|p1a: Clodsire\n|\n|win|alcatel999\n|c|\u2606alcatel999|Gg\n|c|\u2606Gallade1235763|No pues\n|c|\u2606Gallade1235763|Otra\n|c|\u2606Gallade1235763|Va?\n|c|\u2606alcatel999|ok\n","uploadtime":1699058626,"views":7,"p1id":"gallade1235763","p2id":"alcatel999","formatid":"gen9nationaldexubers","rating":0,"private":0,"password":""}