{"id":"gen9nationaldexubers-1988708162","p1":"Razorgliscor472","p2":"Just B3A$T","format":"[Gen 9] National Dex Ubers","log":"|j|\u2606Razorgliscor472\n|j|\u2606Just B3A$T\n|t:|1699753214\n|gametype|singles\n|player|p1|Razorgliscor472|265|\n|player|p2|Just B3A$T|dawn|\n|teamsize|p1|6\n|teamsize|p2|6\n|gen|9\n|tier|[Gen 9] National Dex Ubers\n|rule|HP Percentage Mod: HP is shown in percentages\n|rule|Endless Battle Clause: Forcing endless battles is banned\n|rule|OHKO Clause: OHKO moves are banned\n|rule|Evasion Moves Clause: Evasion moves are banned\n|rule|Evasion Items Clause: Evasion items are banned\n|rule|Species Clause: Limit one of each Pok\u00e9mon\n|rule|Sleep Clause Mod: Limit one foe put to sleep\n|rule|Mega Rayquaza Clause: You cannot mega evolve Rayquaza\n|clearpoke\n|poke|p1|Gliscor, F|\n|poke|p1|Garganacl, M|\n|poke|p1|Rotom-Wash|\n|poke|p1|Gholdengo|\n|poke|p1|Dragonite, M|\n|poke|p1|Sneasler, F|\n|poke|p2|Landorus-Therian, M|\n|poke|p2|Genesect|\n|poke|p2|Mawile, F|\n|poke|p2|Heatran, M|\n|poke|p2|Empoleon, M|\n|poke|p2|Corviknight, M|\n|teampreview\n|inactive|Battle timer is ON: inactive players will automatically lose when time's up. (requested by Just B3A$T)\n|c|\u2606Razorgliscor472|Glhf\n|c|\u2606Just B3A$T|u2\n|c|\u2606Just B3A$T|Hmm...\n|c|\u2606Just B3A$T|Taste my steeled fangs of vengeance!\n|inactive|Just B3A$T has 270 seconds left.\n|\n|t:|1699753253\n|start\n|switch|p1a: Rotom|Rotom-Wash|100\/100\n|switch|p2a: Adamantine|Corviknight, M, shiny|100\/100\n|turn|1\n|\n|t:|1699753262\n|switch|p2a: Lion Up!!!|Landorus-Therian, M|100\/100\n|-ability|p2a: Lion Up!!!|Intimidate|boost\n|-unboost|p1a: Rotom|atk|1\n|move|p1a: Rotom|Volt Switch|p2a: Lion Up!!!\n|-immune|p2a: Lion Up!!!\n|\n|upkeep\n|turn|2\n|\n|t:|1699753265\n|move|p2a: Lion Up!!!|Rock Polish|p2a: Lion Up!!!\n|-boost|p2a: Lion Up!!!|spe|2\n|move|p1a: Rotom|Will-O-Wisp|p2a: Lion Up!!!\n|-status|p2a: Lion Up!!!|brn\n|\n|-damage|p2a: Lion Up!!!|95\/100 brn|[from] brn\n|upkeep\n|turn|3\n|\n|t:|1699753270\n|move|p2a: Lion Up!!!|Stone Edge|p1a: Rotom|[miss]\n|-miss|p2a: Lion Up!!!|p1a: Rotom\n|move|p1a: Rotom|Hydro Pump|p2a: Lion Up!!!\n|-supereffective|p2a: Lion Up!!!\n|-crit|p2a: Lion Up!!!\n|-damage|p2a: Lion Up!!!|0 fnt\n|faint|p2a: Lion Up!!!\n|\n|upkeep\n|c|\u2606Just B3A$T|all kinds of RNG affected me\n|\n|t:|1699753293\n|switch|p2a: Paladin|Empoleon, M|100\/100\n|turn|4\n|\n|t:|1699753297\n|move|p2a: Paladin|Agility|p2a: Paladin\n|-boost|p2a: Paladin|spe|2\n|move|p1a: Rotom|Volt Switch|p2a: Paladin\n|-supereffective|p2a: Paladin\n|-damage|p2a: Paladin|42\/100\n|-enditem|p2a: Paladin|Weakness Policy\n|-boost|p2a: Paladin|atk|2|[from] item: Weakness Policy\n|-boost|p2a: Paladin|spa|2|[from] item: Weakness Policy\n|\n|t:|1699753303\n|switch|p1a: Garganacl|Garganacl, M|100\/100|[from] Volt Switch\n|\n|upkeep\n|turn|5\n|\n|t:|1699753308\n|-terastallize|p1a: Garganacl|Water\n|move|p2a: Paladin|Grass Knot|p1a: Garganacl\n|-supereffective|p1a: Garganacl\n|-damage|p1a: Garganacl|0 fnt\n|faint|p1a: Garganacl\n|\n|upkeep\n|\n|t:|1699753317\n|switch|p1a: Rotom|Rotom-Wash|100\/100\n|turn|6\n|\n|t:|1699753322\n|move|p2a: Paladin|Hydro Pump|p1a: Rotom\n|-resisted|p1a: Rotom\n|-damage|p1a: Rotom|47\/100\n|move|p1a: Rotom|Volt Switch|p2a: Paladin\n|-supereffective|p2a: Paladin\n|-damage|p2a: Paladin|0 fnt\n|faint|p2a: Paladin\n|\n|t:|1699753335\n|switch|p1a: Sneasler|Sneasler, F|100\/100|[from] Volt Switch\n|\n|upkeep\n|\n|t:|1699753343\n|switch|p2a: Adamantine|Corviknight, M, shiny|100\/100\n|turn|7\n|\n|t:|1699753348\n|move|p1a: Sneasler|U-turn|p2a: Adamantine\n|-resisted|p2a: Adamantine\n|-damage|p2a: Adamantine|95\/100\n|\n|t:|1699753350\n|switch|p1a: Gholdengo|Gholdengo|100\/100|[from] U-turn\n|move|p2a: Adamantine|Brave Bird|p1a: Gholdengo\n|-resisted|p1a: Gholdengo\n|-damage|p1a: Gholdengo|81\/100\n|-damage|p2a: Adamantine|90\/100|[from] Recoil\n|\n|-heal|p2a: Adamantine|96\/100|[from] item: Leftovers\n|upkeep\n|turn|8\n|\n|t:|1699753362\n|move|p1a: Gholdengo|Shadow Ball|p2a: Adamantine\n|-damage|p2a: Adamantine|54\/100\n|move|p2a: Adamantine|U-turn|p1a: Gholdengo\n|-resisted|p1a: Gholdengo\n|-damage|p1a: Gholdengo|78\/100\n|\n|t:|1699753370\n|switch|p2a: Insecticon|Genesect, shiny|100\/100|[from] U-turn\n|-ability|p2a: Insecticon|Download|boost\n|-boost|p2a: Insecticon|spa|1\n|\n|upkeep\n|turn|9\n|\n|t:|1699753380\n|switch|p1a: Rotom|Rotom-Wash|47\/100\n|move|p2a: Insecticon|Shadow Claw|p1a: Rotom\n|-damage|p1a: Rotom|18\/100\n|\n|-heal|p1a: Rotom|25\/100|[from] item: Leftovers\n|upkeep\n|turn|10\n|\n|t:|1699753387\n|move|p2a: Insecticon|Shadow Claw|p1a: Rotom\n|-damage|p1a: Rotom|0 fnt\n|faint|p1a: Rotom\n|\n|upkeep\n|\n|t:|1699753392\n|switch|p1a: Dragonite|Dragonite, M|100\/100\n|turn|11\n|\n|t:|1699753399\n|switch|p2a: Adamantine|Corviknight, M, shiny|54\/100\n|move|p1a: Dragonite|Fire Punch|p2a: Adamantine\n|-supereffective|p2a: Adamantine\n|-damage|p2a: Adamantine|18\/100\n|\n|-heal|p2a: Adamantine|25\/100|[from] item: Leftovers\n|upkeep\n|turn|12\n|\n|t:|1699753402\n|move|p1a: Dragonite|Fire Punch|p2a: Adamantine\n|-supereffective|p2a: Adamantine\n|-damage|p2a: Adamantine|0 fnt\n|faint|p2a: Adamantine\n|\n|upkeep\n|\n|t:|1699753405\n|switch|p2a: Krakatoa|Heatran, M|100\/100\n|turn|13\n|\n|t:|1699753410\n|move|p2a: Krakatoa|Power Gem|p1a: Dragonite\n|-supereffective|p1a: Dragonite\n|-damage|p1a: Dragonite|72\/100\n|move|p1a: Dragonite|Earthquake|p2a: Krakatoa\n|-supereffective|p2a: Krakatoa\n|-damage|p2a: Krakatoa|0 fnt\n|faint|p2a: Krakatoa\n|\n|upkeep\n|\n|t:|1699753413\n|switch|p2a: Pixie Fatale|Mawile, F, shiny|100\/100\n|turn|14\n|\n|t:|1699753420\n|detailschange|p2a: Pixie Fatale|Mawile-Mega, F, shiny\n|-mega|p2a: Pixie Fatale|Mawile|Mawilite\n|move|p1a: Dragonite|Earthquake|p2a: Pixie Fatale\n|-supereffective|p2a: Pixie Fatale\n|-damage|p2a: Pixie Fatale|21\/100\n|move|p2a: Pixie Fatale|Play Rough|p1a: Dragonite\n|-supereffective|p1a: Dragonite\n|-damage|p1a: Dragonite|0 fnt\n|faint|p1a: Dragonite\n|\n|upkeep\n|\n|t:|1699753423\n|switch|p1a: Sneasler|Sneasler, F|100\/100\n|turn|15\n|\n|t:|1699753433\n|move|p1a: Sneasler|Fire Punch|p2a: Pixie Fatale\n|-supereffective|p2a: Pixie Fatale\n|-damage|p2a: Pixie Fatale|0 fnt\n|faint|p2a: Pixie Fatale\n|\n|upkeep\n|\n|t:|1699753435\n|switch|p2a: Insecticon|Genesect, shiny|100\/100\n|-ability|p2a: Insecticon|Download|boost\n|-boost|p2a: Insecticon|atk|1\n|turn|16\n|\n|t:|1699753448\n|-terastallize|p2a: Insecticon|Fire\n|move|p1a: Sneasler|Fire Punch|p2a: Insecticon\n|-resisted|p2a: Insecticon\n|-damage|p2a: Insecticon|76\/100\n|move|p2a: Insecticon|Shadow Claw|p1a: Sneasler\n|-damage|p1a: Sneasler|8\/100\n|\n|upkeep\n|turn|17\n|c|\u2606Just B3A$T|gg\n|\n|t:|1699753455\n|move|p1a: Sneasler|Fire Punch|p2a: Insecticon\n|-resisted|p2a: Insecticon\n|-damage|p2a: Insecticon|51\/100\n|move|p2a: Insecticon|Shadow Claw|p1a: Sneasler\n|-damage|p1a: Sneasler|0 fnt\n|faint|p1a: Sneasler\n|\n|upkeep\n|\n|t:|1699753457\n|switch|p1a: Gliscor|Gliscor, F|100\/100\n|turn|18\n|c|\u2606Just B3A$T|this thing's a Babd\n|c|\u2606Just B3A$T|*Band\n|c|\u2606Just B3A$T|So\n|\n|t:|1699753469\n|move|p2a: Insecticon|Shadow Claw|p1a: Gliscor\n|-damage|p1a: Gliscor|62\/100\n|move|p1a: Gliscor|Earthquake|p2a: Insecticon\n|-supereffective|p2a: Insecticon\n|-damage|p2a: Insecticon|0 fnt\n|faint|p2a: Insecticon\n|\n|win|Razorgliscor472\n|c|\u2606Razorgliscor472|Gg\n","uploadtime":1699753481,"views":5,"p1id":"razorgliscor472","p2id":"justb3at","formatid":"gen9nationaldexubers","rating":0,"private":0,"password":""}