{"id":"gen9nationaldexubers-2000442872","p1":"Tiny Rhino","p2":"emmaloubibbityboo","format":"[Gen 9] National Dex Ubers","log":"|j|\u2606Tiny Rhino\n|j|\u2606emmaloubibbityboo\n|t:|1701195216\n|gametype|singles\n|player|p1|Tiny Rhino|265|\n|player|p2|emmaloubibbityboo|hilda|\n|teamsize|p1|4\n|teamsize|p2|4\n|gen|9\n|tier|[Gen 9] National Dex Ubers\n|rule|HP Percentage Mod: HP is shown in percentages\n|rule|Endless Battle Clause: Forcing endless battles is banned\n|rule|OHKO Clause: OHKO moves are banned\n|rule|Evasion Moves Clause: Evasion moves are banned\n|rule|Evasion Items Clause: Evasion items are banned\n|rule|Species Clause: Limit one of each Pok\u00e9mon\n|rule|Sleep Clause Mod: Limit one foe put to sleep\n|rule|Mega Rayquaza Clause: You cannot mega evolve Rayquaza\n|clearpoke\n|poke|p1|Stoutland, M|\n|poke|p1|Rattata, L1, F|\n|poke|p1|Cramorant, F|\n|poke|p1|Maractus, F|\n|poke|p2|Absol, F|\n|poke|p2|Steelix, F|\n|poke|p2|Klefki, F|\n|poke|p2|Grafaiai, F|\n|teampreview\n|\n|t:|1701195229\n|start\n|switch|p1a: I'm Trying|Maractus, F|100\/100\n|switch|p2a: AverageMOBA Player|Grafaiai, F|100\/100\n|turn|1\n|\n|t:|1701195239\n|move|p2a: AverageMOBA Player|Toxic|p1a: I'm Trying\n|-status|p1a: I'm Trying|tox\n|move|p1a: I'm Trying|Spikes|p2a: AverageMOBA Player\n|-sidestart|p2: emmaloubibbityboo|Spikes\n|\n|-damage|p1a: I'm Trying|94\/100 tox|[from] psn\n|upkeep\n|turn|2\n|\n|t:|1701195246\n|move|p2a: AverageMOBA Player|Taunt|p1a: I'm Trying\n|-start|p1a: I'm Trying|move: Taunt\n|cant|p1a: I'm Trying|move: Taunt|Spikes\n|\n|-damage|p1a: I'm Trying|82\/100 tox|[from] psn\n|upkeep\n|turn|3\n|\n|t:|1701195256\n|switch|p1a: :cram: on sports|Cramorant, F|100\/100\n|move|p2a: AverageMOBA Player|Toxic|p1a: :cram: on sports\n|-status|p1a: :cram: on sports|tox\n|\n|-damage|p1a: :cram: on sports|94\/100 tox|[from] psn\n|upkeep\n|turn|4\n|\n|t:|1701195264\n|move|p2a: AverageMOBA Player|Parting Shot|p1a: :cram: on sports\n|-unboost|p1a: :cram: on sports|atk|1\n|-unboost|p1a: :cram: on sports|spa|1\n|\n|t:|1701195268\n|switch|p2a: ClearlyLevitates|Klefki, F|100\/100|[from] Parting Shot\n|-item|p2a: ClearlyLevitates|Air Balloon\n|move|p1a: :cram: on sports|Surf|p2a: ClearlyLevitates\n|-formechange|p1a: :cram: on sports|Cramorant-Gulping|\n|-damage|p2a: ClearlyLevitates|70\/100\n|-enditem|p2a: ClearlyLevitates|Air Balloon\n|\n|-damage|p1a: :cram: on sports|82\/100 tox|[from] psn\n|upkeep\n|turn|5\n|\n|t:|1701195280\n|move|p1a: :cram: on sports|Surf|p2a: ClearlyLevitates\n|-damage|p2a: ClearlyLevitates|36\/100\n|move|p2a: ClearlyLevitates|Dazzling Gleam|p1a: :cram: on sports\n|-damage|p1a: :cram: on sports|49\/100 tox\n|-damage|p2a: ClearlyLevitates|12\/100|[from] ability: Gulp Missile|[of] p1a: :cram: on sports\n|-unboost|p2a: ClearlyLevitates|def|1\n|-formechange|p1a: :cram: on sports|Cramorant|\n|-enditem|p1a: :cram: on sports|Sitrus Berry|[eat]\n|-heal|p1a: :cram: on sports|74\/100 tox|[from] item: Sitrus Berry\n|\n|-damage|p1a: :cram: on sports|56\/100 tox|[from] psn\n|upkeep\n|turn|6\n|\n|t:|1701195297\n|move|p1a: :cram: on sports|Surf|p2a: ClearlyLevitates\n|-formechange|p1a: :cram: on sports|Cramorant-Gulping|\n|-damage|p2a: ClearlyLevitates|0 fnt\n|faint|p2a: ClearlyLevitates\n|\n|-damage|p1a: :cram: on sports|31\/100 tox|[from] psn\n|upkeep\n|\n|t:|1701195307\n|switch|p2a: Group Hug|Absol, F|100\/100\n|-damage|p2a: Group Hug|88\/100|[from] Spikes\n|turn|7\n|\n|t:|1701195319\n|move|p2a: Group Hug|Sucker Punch||[still]\n|-fail|p2a: Group Hug\n|move|p1a: :cram: on sports|Roost|p1a: :cram: on sports\n|-heal|p1a: :cram: on sports|82\/100 tox\n|-singleturn|p1a: :cram: on sports|move: Roost\n|\n|-damage|p1a: :cram: on sports|51\/100 tox|[from] psn\n|upkeep\n|turn|8\n|\n|t:|1701195331\n|move|p2a: Group Hug|Sucker Punch|p1a: :cram: on sports\n|-damage|p1a: :cram: on sports|0 fnt\n|-damage|p2a: Group Hug|64\/100|[from] ability: Gulp Missile|[of] p1a: :cram: on sports\n|-unboost|p2a: Group Hug|def|1\n|-formechange|p1a: :cram: on sports|Cramorant|\n|faint|p1a: :cram: on sports\n|\n|upkeep\n|\n|t:|1701195341\n|switch|p1a: Thcrapth|Stoutland, M|100\/100\n|turn|9\n|\n|t:|1701195354\n|move|p2a: Group Hug|Sucker Punch|p1a: Thcrapth\n|-damage|p1a: Thcrapth|63\/100\n|move|p1a: Thcrapth|Stomping Tantrum|p2a: Group Hug\n|-damage|p2a: Group Hug|0 fnt\n|faint|p2a: Group Hug\n|\n|upkeep\n|\n|t:|1701195359\n|switch|p2a: Severus Snape|Steelix, F, shiny|100\/100\n|-damage|p2a: Severus Snape|88\/100|[from] Spikes\n|turn|10\n|\n|t:|1701195366\n|switch|p1a: I'm Trying|Maractus, F|82\/100 tox\n|detailschange|p2a: Severus Snape|Steelix-Mega, F, shiny\n|-mega|p2a: Severus Snape|Steelix|Steelixite\n|move|p2a: Severus Snape|Body Press|p1a: I'm Trying\n|-damage|p1a: I'm Trying|24\/100 tox\n|\n|-damage|p1a: I'm Trying|18\/100 tox|[from] psn\n|upkeep\n|turn|11\n|\n|t:|1701195378\n|switch|p2a: AverageMOBA Player|Grafaiai, F|100\/100\n|-damage|p2a: AverageMOBA Player|88\/100|[from] Spikes\n|move|p1a: I'm Trying|Endeavor|p2a: AverageMOBA Player\n|-damage|p2a: AverageMOBA Player|16\/100\n|\n|-damage|p1a: I'm Trying|6\/100 tox|[from] psn\n|upkeep\n|turn|12\n|\n|t:|1701195398\n|switch|p1a: Fear Me|Rattata, L1, F|100\/100\n|move|p2a: AverageMOBA Player|Metronome|p2a: AverageMOBA Player\n|move|p2a: AverageMOBA Player|Speed Swap|p1a: Fear Me|[from]move: Metronome\n|-activate|p2a: AverageMOBA Player|move: Speed Swap|[of] p1a: Fear Me\n|\n|upkeep\n|turn|13\n|\n|t:|1701195410\n|move|p2a: AverageMOBA Player|Toxic|p1a: Fear Me\n|-status|p1a: Fear Me|tox\n|move|p1a: Fear Me|Endeavor|p2a: AverageMOBA Player\n|-damage|p2a: AverageMOBA Player|4\/100\n|\n|-damage|p1a: Fear Me|91\/100 tox|[from] psn\n|upkeep\n|turn|14\n|\n|t:|1701195422\n|move|p1a: Fear Me|Quick Attack|p2a: AverageMOBA Player\n|-damage|p2a: AverageMOBA Player|4\/100\n|move|p2a: AverageMOBA Player|Metronome|p2a: AverageMOBA Player\n|move|p2a: AverageMOBA Player|Milk Drink|p2a: AverageMOBA Player|[from]move: Metronome\n|-heal|p2a: AverageMOBA Player|54\/100\n|\n|-damage|p1a: Fear Me|73\/100 tox|[from] psn\n|upkeep\n|turn|15\n|\n|t:|1701195432\n|move|p2a: AverageMOBA Player|Metronome|p2a: AverageMOBA Player\n|move|p2a: AverageMOBA Player|Surf|p1a: Fear Me|[from]move: Metronome\n|-damage|p1a: Fear Me|0 fnt\n|faint|p1a: Fear Me\n|\n|upkeep\n|\n|t:|1701195441\n|switch|p1a: Thcrapth|Stoutland, M|63\/100\n|turn|16\n|\n|t:|1701195453\n|move|p2a: AverageMOBA Player|Toxic|p1a: Thcrapth\n|-status|p1a: Thcrapth|tox\n|move|p1a: Thcrapth|Stomping Tantrum|p2a: AverageMOBA Player\n|-supereffective|p2a: AverageMOBA Player\n|-damage|p2a: AverageMOBA Player|0 fnt\n|faint|p2a: AverageMOBA Player\n|\n|-damage|p1a: Thcrapth|57\/100 tox|[from] psn\n|upkeep\n|\n|t:|1701195461\n|switch|p2a: Severus Snape|Steelix-Mega, F, shiny|88\/100\n|-damage|p2a: Severus Snape|76\/100|[from] Spikes\n|turn|17\n|\n|t:|1701195475\n|move|p1a: Thcrapth|Stomping Tantrum|p2a: Severus Snape\n|-supereffective|p2a: Severus Snape\n|-damage|p2a: Severus Snape|50\/100\n|move|p2a: Severus Snape|Body Press|p1a: Thcrapth\n|-supereffective|p1a: Thcrapth\n|-damage|p1a: Thcrapth|0 fnt\n|faint|p1a: Thcrapth\n|\n|upkeep\n|\n|t:|1701195479\n|switch|p1a: I'm Trying|Maractus, F|6\/100 tox\n|turn|18\n|\n|t:|1701195485\n|move|p1a: I'm Trying|Energy Ball|p2a: Severus Snape\n|-damage|p2a: Severus Snape|8\/100\n|move|p2a: Severus Snape|Earthquake|p1a: I'm Trying\n|-resisted|p1a: I'm Trying\n|-damage|p1a: I'm Trying|0 fnt\n|faint|p1a: I'm Trying\n|\n|win|emmaloubibbityboo\n|c|\u2606Tiny Rhino|gg\n|c|\u2606emmaloubibbityboo|gg\n","uploadtime":1701195495,"views":1,"p1id":"tinyrhino","p2id":"emmaloubibbityboo","formatid":"gen9nationaldexubers","rating":0,"private":0,"password":""}