{"id":"gen9nationaldexubers-1986834132","p1":"zomboks134","p2":"topszy","format":"[Gen 9] National Dex Ubers","log":"|j|\u2606zomboks134\n|j|\u2606topszy\n|t:|1699531894\n|gametype|singles\n|player|p1|zomboks134|pokemaniac|1559\n|player|p2|topszy|101|1735\n|teamsize|p1|6\n|teamsize|p2|6\n|gen|9\n|tier|[Gen 9] National Dex Ubers\n|rated|\n|rule|HP Percentage Mod: HP is shown in percentages\n|rule|Endless Battle Clause: Forcing endless battles is banned\n|rule|OHKO Clause: OHKO moves are banned\n|rule|Evasion Moves Clause: Evasion moves are banned\n|rule|Evasion Items Clause: Evasion items are banned\n|rule|Species Clause: Limit one of each Pok\u00e9mon\n|rule|Sleep Clause Mod: Limit one foe put to sleep\n|rule|Mega Rayquaza Clause: You cannot mega evolve Rayquaza\n|clearpoke\n|poke|p1|Garganacl, F|\n|poke|p1|Kingambit, M|\n|poke|p1|Ditto|\n|poke|p1|Mewtwo|\n|poke|p1|Arceus-Fairy|\n|poke|p1|Ho-Oh|\n|poke|p2|Yveltal|\n|poke|p2|Groudon|\n|poke|p2|Marshadow|\n|poke|p2|Ho-Oh|\n|poke|p2|Xerneas-*|\n|poke|p2|Zygarde|\n|teampreview\n|inactive|Battle timer is ON: inactive players will automatically lose when time's up. (requested by zomboks134)\n|c|\u2606topszy|SIEMA ZOMBOKS\n|c|\u2606zomboks134|Siema\n|l|\u2606zomboks134\n|inactive|zomboks134 disconnected and has a minute to reconnect!\n|player|p1|\n|j|\u2606zomboks134\n|inactive|zomboks134 reconnected and has 130 seconds left.\n|player|p1|zomboks134|pokemaniac\n|inactive|zomboks134 has 120 seconds left.\n|\n|t:|1699531929\n|start\n|switch|p1a: Arceus|Arceus-Fairy|100\/100\n|switch|p2a: Groudon|Groudon|100\/100\n|detailschange|p2a: Groudon|Groudon-Primal\n|-primal|p2a: Groudon|Red Orb\n|-weather|DesolateLand|[from] ability: Desolate Land|[of] p2a: Groudon\n|turn|1\n|\n|t:|1699531944\n|move|p1a: Arceus|Taunt|p2a: Groudon\n|-start|p2a: Groudon|move: Taunt\n|move|p2a: Groudon|Heat Crash|p1a: Arceus\n|-damage|p1a: Arceus|56\/100\n|\n|-weather|DesolateLand|[upkeep]\n|upkeep\n|turn|2\n|\n|t:|1699531949\n|move|p1a: Arceus|Toxic|p2a: Groudon\n|-status|p2a: Groudon|tox\n|move|p2a: Groudon|Heat Crash|p1a: Arceus\n|-damage|p1a: Arceus|7\/100\n|\n|-weather|DesolateLand|[upkeep]\n|-damage|p2a: Groudon|94\/100 tox|[from] psn\n|upkeep\n|turn|3\n|\n|t:|1699531957\n|-weather|none\n|switch|p2a: Xerneas|Xerneas|100\/100\n|-ability|p2a: Xerneas|Fairy Aura\n|move|p1a: Arceus|Recover|p1a: Arceus\n|-heal|p1a: Arceus|57\/100\n|\n|upkeep\n|turn|4\n|\n|t:|1699531969\n|move|p2a: Xerneas|Moonblast|p1a: Arceus\n|-damage|p1a: Arceus|14\/100\n|move|p1a: Arceus|Toxic|p2a: Xerneas\n|-status|p2a: Xerneas|tox\n|\n|-damage|p2a: Xerneas|94\/100 tox|[from] psn\n|upkeep\n|turn|5\n|\n|t:|1699531973\n|switch|p1a: Ho-Oh|Ho-Oh|100\/100\n|move|p2a: Xerneas|Moonblast|p1a: Ho-Oh\n|-resisted|p1a: Ho-Oh\n|-damage|p1a: Ho-Oh|87\/100\n|\n|-damage|p2a: Xerneas|82\/100 tox|[from] psn\n|upkeep\n|turn|6\n|\n|t:|1699531981\n|switch|p2a: Zygarde|Zygarde|100\/100\n|move|p1a: Ho-Oh|Toxic|p2a: Zygarde\n|-status|p2a: Zygarde|tox\n|\n|-damage|p2a: Zygarde|94\/100 tox|[from] psn\n|upkeep\n|turn|7\n|\n|t:|1699531995\n|switch|p1a: Arceus|Arceus-Fairy|14\/100\n|move|p2a: Zygarde|Glare|p1a: Arceus\n|-status|p1a: Arceus|par\n|\n|-heal|p2a: Zygarde|100\/100 tox|[from] item: Leftovers\n|-damage|p2a: Zygarde|88\/100 tox|[from] psn\n|upkeep\n|turn|8\n|\n|t:|1699532009\n|move|p2a: Zygarde|Thousand Arrows|p1a: Arceus\n|-damage|p1a: Arceus|0 fnt\n|faint|p1a: Arceus\n|\n|-heal|p2a: Zygarde|94\/100 tox|[from] item: Leftovers\n|-damage|p2a: Zygarde|76\/100 tox|[from] psn\n|upkeep\n|\n|t:|1699532013\n|switch|p1a: Mewtwo|Mewtwo|100\/100\n|-ability|p1a: Mewtwo|Pressure\n|turn|9\n|\n|t:|1699532022\n|switch|p2a: Ho-Oh|Ho-Oh|100\/100\n|move|p1a: Mewtwo|Nasty Plot|p1a: Mewtwo\n|-boost|p1a: Mewtwo|spa|2\n|\n|upkeep\n|turn|10\n|\n|t:|1699532031\n|detailschange|p1a: Mewtwo|Mewtwo-Mega-Y\n|-mega|p1a: Mewtwo|Mewtwo|Mewtwonite Y\n|move|p1a: Mewtwo|Psystrike|p2a: Ho-Oh\n|-damage|p2a: Ho-Oh|0 fnt\n|faint|p2a: Ho-Oh\n|\n|upkeep\n|\n|t:|1699532039\n|switch|p2a: Marshadow|Marshadow|100\/100\n|turn|11\n|\n|t:|1699532045\n|switch|p1a: Garganacl|Garganacl, F|100\/100\n|move|p2a: Marshadow|Spectral Thief|p1a: Garganacl\n|-damage|p1a: Garganacl|89\/100\n|\n|-heal|p1a: Garganacl|95\/100|[from] item: Leftovers\n|upkeep\n|turn|12\n|\n|t:|1699532052\n|switch|p2a: Xerneas|Xerneas|82\/100 tox\n|-ability|p2a: Xerneas|Fairy Aura\n|move|p1a: Garganacl|Salt Cure|p2a: Xerneas\n|-damage|p2a: Xerneas|71\/100 tox\n|-start|p2a: Xerneas|Salt Cure\n|\n|-heal|p1a: Garganacl|100\/100|[from] item: Leftovers\n|-damage|p2a: Xerneas|64\/100 tox|[from] psn\n|-damage|p2a: Xerneas|52\/100 tox|[from] Salt Cure\n|upkeep\n|turn|13\n|\n|t:|1699532074\n|move|p1a: Garganacl|Protect|p1a: Garganacl\n|-singleturn|p1a: Garganacl|Protect\n|move|p2a: Xerneas|Aromatherapy|p2a: Xerneas\n|-activate|p2a: Xerneas|move: Aromatherapy\n|-curestatus|p2a: Xerneas|tox|[msg]\n|-curestatus|p2: Zygarde|tox|[msg]\n|-curestatus|p2: Groudon|tox|[msg]\n|\n|-damage|p2a: Xerneas|40\/100|[from] Salt Cure\n|upkeep\n|turn|14\n|\n|t:|1699532094\n|switch|p2a: Groudon|Groudon-Primal|94\/100\n|-weather|DesolateLand|[from] ability: Desolate Land|[of] p2a: Groudon\n|move|p1a: Garganacl|Salt Cure|p2a: Groudon\n|-damage|p2a: Groudon|86\/100\n|-start|p2a: Groudon|Salt Cure\n|\n|-weather|DesolateLand|[upkeep]\n|-damage|p2a: Groudon|74\/100|[from] Salt Cure\n|upkeep\n|turn|15\n|\n|t:|1699532106\n|move|p2a: Groudon|Swords Dance|p2a: Groudon\n|-boost|p2a: Groudon|atk|2\n|move|p1a: Garganacl|Stealth Rock|p2a: Groudon\n|-sidestart|p2: topszy|move: Stealth Rock\n|\n|-weather|DesolateLand|[upkeep]\n|-damage|p2a: Groudon|62\/100|[from] Salt Cure\n|upkeep\n|turn|16\n|\n|t:|1699532114\n|move|p1a: Garganacl|Protect|p1a: Garganacl\n|-singleturn|p1a: Garganacl|Protect\n|move|p2a: Groudon|Heat Crash|p1a: Garganacl\n|-activate|p1a: Garganacl|move: Protect\n|\n|-weather|DesolateLand|[upkeep]\n|-damage|p2a: Groudon|49\/100|[from] Salt Cure\n|upkeep\n|turn|17\n|\n|t:|1699532132\n|move|p2a: Groudon|Heat Crash|p1a: Garganacl\n|-resisted|p1a: Garganacl\n|-damage|p1a: Garganacl|46\/100\n|move|p1a: Garganacl|Recover|p1a: Garganacl\n|-heal|p1a: Garganacl|96\/100\n|\n|-weather|DesolateLand|[upkeep]\n|-heal|p1a: Garganacl|100\/100|[from] item: Leftovers\n|-damage|p2a: Groudon|37\/100|[from] Salt Cure\n|upkeep\n|turn|18\n|\n|t:|1699532151\n|move|p2a: Groudon|Precipice Blades|p1a: Garganacl\n|-supereffective|p1a: Garganacl\n|-damage|p1a: Garganacl|0 fnt\n|faint|p1a: Garganacl\n|\n|-weather|DesolateLand|[upkeep]\n|-damage|p2a: Groudon|25\/100|[from] Salt Cure\n|upkeep\n|\n|t:|1699532157\n|switch|p1a: Ditto|Ditto|100\/100\n|-transform|p1a: Ditto|p2a: Groudon|[from] ability: Imposter\n|turn|19\n|\n|t:|1699532170\n|move|p1a: Ditto|Precipice Blades|p2a: Groudon\n|-supereffective|p2a: Groudon\n|-damage|p2a: Groudon|0 fnt\n|faint|p2a: Groudon\n|\n|-weather|DesolateLand|[upkeep]\n|upkeep\n|\n|t:|1699532171\n|switch|p2a: Yveltal|Yveltal|100\/100\n|-damage|p2a: Yveltal|76\/100|[from] Stealth Rock\n|-ability|p2a: Yveltal|Dark Aura\n|turn|20\n|\n|t:|1699532184\n|-weather|none\n|switch|p1a: Ho-Oh|Ho-Oh|100\/100\n|move|p2a: Yveltal|Dark Pulse|p1a: Ho-Oh\n|-damage|p1a: Ho-Oh|62\/100\n|\n|upkeep\n|turn|21\n|\n|t:|1699532189\n|-terastallize|p2a: Yveltal|Dark\n|move|p2a: Yveltal|Dark Pulse|p1a: Ho-Oh\n|-damage|p1a: Ho-Oh|15\/100\n|move|p1a: Ho-Oh|Toxic|p2a: Yveltal\n|-status|p2a: Yveltal|tox\n|\n|-damage|p2a: Yveltal|69\/100 tox|[from] psn\n|upkeep\n|turn|22\n|\n|t:|1699532197\n|switch|p1a: Kingambit|Kingambit, M|100\/100\n|-activate|p1a: Kingambit|ability: Supreme Overlord\n|-start|p1a: Kingambit|fallen2|[silent]\n|move|p2a: Yveltal|Dark Pulse|p1a: Kingambit\n|-resisted|p1a: Kingambit\n|-damage|p1a: Kingambit|46\/100\n|\n|-damage|p2a: Yveltal|57\/100 tox|[from] psn\n|upkeep\n|turn|23\n|\n|t:|1699532215\n|move|p1a: Kingambit|Sucker Punch|p2a: Yveltal\n|-resisted|p2a: Yveltal\n|-damage|p2a: Yveltal|24\/100 tox\n|move|p2a: Yveltal|Dark Pulse|p1a: Kingambit\n|-resisted|p1a: Kingambit\n|-damage|p1a: Kingambit|0 fnt\n|faint|p1a: Kingambit\n|-end|p1a: Kingambit|fallen2|[silent]\n|\n|-damage|p2a: Yveltal|5\/100 tox|[from] psn\n|upkeep\n|\n|t:|1699532221\n|switch|p1a: Ditto|Ditto|100\/100\n|-transform|p1a: Ditto|p2a: Yveltal|[from] ability: Imposter\n|-ability|p1a: Ditto|Dark Aura\n|-start|p1a: Ditto|typechange|Dark\/Flying|[silent]\n|turn|24\n|\n|t:|1699532232\n|move|p1a: Ditto|U-turn|p2a: Yveltal\n|-supereffective|p2a: Yveltal\n|-damage|p2a: Yveltal|0 fnt\n|faint|p2a: Yveltal\n|\n|t:|1699532248\n|switch|p1a: Ho-Oh|Ho-Oh|48\/100|[from] U-turn\n|\n|upkeep\n|\n|t:|1699532260\n|switch|p2a: Marshadow|Marshadow|100\/100\n|-damage|p2a: Marshadow|94\/100|[from] Stealth Rock\n|turn|25\n|\n|t:|1699532268\n|move|p2a: Marshadow|Spectral Thief|p1a: Ho-Oh\n|-damage|p1a: Ho-Oh|6\/100\n|move|p1a: Ho-Oh|Sacred Fire|p2a: Marshadow\n|-damage|p2a: Marshadow|42\/100\n|\n|upkeep\n|turn|26\n|\n|t:|1699532279\n|move|p2a: Marshadow|Spectral Thief|p1a: Ho-Oh\n|-damage|p1a: Ho-Oh|0 fnt\n|faint|p1a: Ho-Oh\n|\n|upkeep\n|\n|t:|1699532285\n|switch|p1a: Ditto|Ditto|100\/100\n|-transform|p1a: Ditto|p2a: Marshadow|[from] ability: Imposter\n|turn|27\n|\n|t:|1699532294\n|switch|p2a: Zygarde|Zygarde|76\/100\n|-damage|p2a: Zygarde|69\/100|[from] Stealth Rock\n|move|p1a: Ditto|Shadow Sneak|p2a: Zygarde\n|-crit|p2a: Zygarde\n|-damage|p2a: Zygarde|45\/100\n|\n|-heal|p2a: Zygarde|51\/100|[from] item: Leftovers\n|upkeep\n|turn|28\n|\n|t:|1699532298\n|switch|p1a: Mewtwo|Mewtwo-Mega-Y|100\/100\n|move|p2a: Zygarde|Glare|p1a: Mewtwo\n|-status|p1a: Mewtwo|par\n|\n|-heal|p2a: Zygarde|58\/100|[from] item: Leftovers\n|upkeep\n|turn|29\n|\n|t:|1699532303\n|move|p2a: Zygarde|Thousand Arrows|p1a: Mewtwo\n|-damage|p1a: Mewtwo|58\/100 par\n|move|p1a: Mewtwo|Ice Beam|p2a: Zygarde\n|-supereffective|p2a: Zygarde\n|-damage|p2a: Zygarde|0 fnt\n|faint|p2a: Zygarde\n|\n|upkeep\n|\n|t:|1699532314\n|switch|p2a: Marshadow|Marshadow|42\/100\n|-damage|p2a: Marshadow|36\/100|[from] Stealth Rock\n|turn|30\n|\n|t:|1699532322\n|move|p2a: Marshadow|Spectral Thief|p1a: Mewtwo\n|-supereffective|p1a: Mewtwo\n|-damage|p1a: Mewtwo|0 fnt\n|faint|p1a: Mewtwo\n|\n|upkeep\n|\n|t:|1699532327\n|switch|p1a: Ditto|Ditto|100\/100\n|-transform|p1a: Ditto|p2a: Marshadow|[from] ability: Imposter\n|turn|31\n|\n|t:|1699532329\n|-terastallize|p1a: Ditto|Ghost\n|move|p1a: Ditto|Shadow Sneak|p2a: Marshadow\n|-supereffective|p2a: Marshadow\n|-damage|p2a: Marshadow|0 fnt\n|faint|p2a: Marshadow\n|\n|upkeep\n|\n|t:|1699532332\n|switch|p2a: Xerneas|Xerneas|40\/100\n|-damage|p2a: Xerneas|27\/100|[from] Stealth Rock\n|-ability|p2a: Xerneas|Fairy Aura\n|turn|32\n|\n|t:|1699532336\n|move|p1a: Ditto|Shadow Sneak|p2a: Xerneas\n|-damage|p2a: Xerneas|0 fnt\n|faint|p2a: Xerneas\n|\n|win|zomboks134\n|raw|zomboks134's rating: 1559 &rarr; <strong>1588<\/strong><br \/>(+29 for winning)\n|raw|topszy's rating: 1735 &rarr; <strong>1706<\/strong><br \/>(-29 for losing)\n|c|\u2606topszy|gg\n|l|\u2606topszy\n|c|\u2606zomboks134|Gg\n|l|\u2606zomboks134\n","uploadtime":1699532357,"views":13,"p1id":"zomboks134","p2id":"topszy","formatid":"gen9nationaldexubers","rating":1588,"private":0,"password":""}