{"id":"gen9nationaldexubers-1984058984","p1":"Jam20Jam","p2":"tbor2002","format":"[Gen 9] National Dex Ubers","log":"|j|\u2606Jam20Jam\n|j|\u2606tbor2002\n|t:|1699214421\n|gametype|singles\n|player|p1|Jam20Jam|carmine|\n|player|p2|tbor2002|wattson|\n|teamsize|p1|6\n|teamsize|p2|6\n|gen|9\n|tier|[Gen 9] National Dex Ubers\n|rule|HP Percentage Mod: HP is shown in percentages\n|rule|Endless Battle Clause: Forcing endless battles is banned\n|rule|OHKO Clause: OHKO moves are banned\n|rule|Evasion Moves Clause: Evasion moves are banned\n|rule|Evasion Items Clause: Evasion items are banned\n|rule|Species Clause: Limit one of each Pok\u00e9mon\n|rule|Sleep Clause Mod: Limit one foe put to sleep\n|rule|Mega Rayquaza Clause: You cannot mega evolve Rayquaza\n|clearpoke\n|poke|p1|Amoonguss, F|\n|poke|p1|Skeledirge, F|\n|poke|p1|Cetitan, F|\n|poke|p1|Coalossal, M|\n|poke|p1|Flapple, F|\n|poke|p1|Grimer-Alola, F|\n|poke|p2|Walking Wake|\n|poke|p2|Muk-Alola, F|\n|poke|p2|Jolteon, F|\n|poke|p2|Toxicroak, F|\n|poke|p2|Falinks|\n|poke|p2|Glimmet, M|\n|teampreview\n|\n|t:|1699214441\n|start\n|switch|p1a: Grimer|Grimer-Alola, F|100\/100\n|switch|p2a: Glimmet|Glimmet, M|100\/100\n|turn|1\n|\n|t:|1699214451\n|move|p2a: Glimmet|Stealth Rock|p1a: Grimer\n|-sidestart|p1: Jam20Jam|move: Stealth Rock\n|move|p1a: Grimer|Drain Punch|p2a: Glimmet\n|-damage|p2a: Glimmet|39\/100\n|-activate|p2a: Glimmet|ability: Toxic Debris\n|-sidestart|p1: Jam20Jam|move: Toxic Spikes\n|\n|upkeep\n|turn|2\n|\n|t:|1699214466\n|move|p2a: Glimmet|Sunny Day|p2a: Glimmet\n|-weather|SunnyDay\n|move|p1a: Grimer|Knock Off|p2a: Glimmet\n|-damage|p2a: Glimmet|0 fnt\n|-activate|p2a: Glimmet|ability: Toxic Debris\n|-sidestart|p1: Jam20Jam|move: Toxic Spikes\n|-enditem|p2a: Glimmet|Focus Sash|[from] move: Knock Off|[of] p1a: Grimer\n|faint|p2a: Glimmet\n|\n|-weather|SunnyDay|[upkeep]\n|upkeep\n|\n|t:|1699214490\n|switch|p2a: Falinks|Falinks|100\/100\n|turn|3\n|\n|t:|1699214495\n|switch|p1a: Amoonguss|Amoonguss, F|100\/100\n|-damage|p1a: Amoonguss|88\/100|[from] Stealth Rock\n|-sideend|p1: Jam20Jam|move: Toxic Spikes|[of] p1a: Amoonguss\n|move|p2a: Falinks|No Retreat|p2a: Falinks\n|-boost|p2a: Falinks|atk|1\n|-boost|p2a: Falinks|def|1\n|-boost|p2a: Falinks|spa|1\n|-boost|p2a: Falinks|spd|1\n|-boost|p2a: Falinks|spe|1\n|-start|p2a: Falinks|move: No Retreat\n|\n|-weather|SunnyDay|[upkeep]\n|-heal|p1a: Amoonguss|94\/100|[from] item: Leftovers\n|upkeep\n|turn|4\n|\n|t:|1699214513\n|move|p2a: Falinks|Close Combat|p1a: Amoonguss\n|-resisted|p1a: Amoonguss\n|-crit|p1a: Amoonguss\n|-damage|p1a: Amoonguss|28\/100\n|-unboost|p2a: Falinks|def|1\n|-unboost|p2a: Falinks|spd|1\n|move|p1a: Amoonguss|Spore|p2a: Falinks\n|-status|p2a: Falinks|slp|[from] move: Spore\n|-enditem|p2a: Falinks|Lum Berry|[eat]\n|-curestatus|p2a: Falinks|slp|[msg]\n|\n|-weather|SunnyDay|[upkeep]\n|-heal|p1a: Amoonguss|34\/100|[from] item: Leftovers\n|upkeep\n|turn|5\n|\n|t:|1699214544\n|move|p2a: Falinks|Close Combat|p1a: Amoonguss\n|-resisted|p1a: Amoonguss\n|-damage|p1a: Amoonguss|0 fnt\n|-unboost|p2a: Falinks|def|1\n|-unboost|p2a: Falinks|spd|1\n|faint|p1a: Amoonguss\n|\n|-weather|SunnyDay|[upkeep]\n|upkeep\n|\n|t:|1699214552\n|switch|p1a: Coalossal|Coalossal, M|100\/100\n|-damage|p1a: Coalossal|76\/100|[from] Stealth Rock\n|turn|6\n|\n|t:|1699214559\n|move|p2a: Falinks|Close Combat|p1a: Coalossal\n|-supereffective|p1a: Coalossal\n|-damage|p1a: Coalossal|0 fnt\n|-unboost|p2a: Falinks|def|1\n|-unboost|p2a: Falinks|spd|1\n|-status|p2a: Falinks|brn|[from] ability: Flame Body|[of] p1a: Coalossal\n|faint|p1a: Coalossal\n|\n|-weather|none\n|-damage|p2a: Falinks|95\/100 brn|[from] brn\n|upkeep\n|\n|t:|1699214586\n|switch|p1a: Grimer|Grimer-Alola, F|100\/100\n|-damage|p1a: Grimer|88\/100|[from] Stealth Rock\n|turn|7\n|\n|t:|1699214591\n|move|p2a: Falinks|Close Combat|p1a: Grimer\n|-damage|p1a: Grimer|45\/100\n|-unboost|p2a: Falinks|def|1\n|-unboost|p2a: Falinks|spd|1\n|move|p1a: Grimer|Gunk Shot|p2a: Falinks\n|-damage|p2a: Falinks|0 fnt\n|faint|p2a: Falinks\n|\n|upkeep\n|\n|t:|1699214607\n|switch|p2a: Toxicroak|Toxicroak, F|100\/100\n|turn|8\n|\n|t:|1699214621\n|move|p2a: Toxicroak|Swords Dance|p2a: Toxicroak\n|-boost|p2a: Toxicroak|atk|2\n|move|p1a: Grimer|Knock Off|p2a: Toxicroak\n|-resisted|p2a: Toxicroak\n|-crit|p2a: Toxicroak\n|-damage|p2a: Toxicroak|56\/100\n|-enditem|p2a: Toxicroak|Life Orb|[from] move: Knock Off|[of] p1a: Grimer\n|\n|upkeep\n|turn|9\n|\n|t:|1699214635\n|move|p2a: Toxicroak|Close Combat|p1a: Grimer\n|-crit|p1a: Grimer\n|-damage|p1a: Grimer|0 fnt\n|-unboost|p2a: Toxicroak|def|1\n|-unboost|p2a: Toxicroak|spd|1\n|faint|p1a: Grimer\n|\n|upkeep\n|\n|t:|1699214651\n|switch|p1a: Flapple|Flapple, F|100\/100\n|-damage|p1a: Flapple|88\/100|[from] Stealth Rock\n|turn|10\n|\n|t:|1699214662\n|move|p1a: Flapple|Sucker Punch||[still]\n|-fail|p1a: Flapple\n|move|p2a: Toxicroak|Swords Dance|p2a: Toxicroak\n|-boost|p2a: Toxicroak|atk|2\n|\n|upkeep\n|turn|11\n|\n|t:|1699214684\n|move|p1a: Flapple|Sucker Punch||[still]\n|-fail|p1a: Flapple\n|move|p2a: Toxicroak|Swords Dance|p2a: Toxicroak\n|-boost|p2a: Toxicroak|atk|2\n|\n|upkeep\n|turn|12\n|\n|t:|1699214692\n|move|p1a: Flapple|Sucker Punch|p2a: Toxicroak\n|-resisted|p2a: Toxicroak\n|-damage|p2a: Toxicroak|0 fnt\n|faint|p2a: Toxicroak\n|\n|upkeep\n|\n|t:|1699214704\n|switch|p2a: Muk|Muk-Alola, F|100\/100\n|turn|13\n|\n|t:|1699214728\n|switch|p1a: Skeledirge|Skeledirge, F|100\/100\n|-damage|p1a: Skeledirge|75\/100|[from] Stealth Rock\n|move|p2a: Muk|Knock Off|p1a: Skeledirge\n|-supereffective|p1a: Skeledirge\n|-damage|p1a: Skeledirge|13\/100\n|-enditem|p1a: Skeledirge|Assault Vest|[from] move: Knock Off|[of] p2a: Muk\n|\n|upkeep\n|turn|14\n|\n|t:|1699214747\n|move|p1a: Skeledirge|Earth Power|p2a: Muk\n|-supereffective|p2a: Muk\n|-damage|p2a: Muk|73\/100\n|move|p2a: Muk|Poison Jab|p1a: Skeledirge\n|-resisted|p1a: Skeledirge\n|-damage|p1a: Skeledirge|2\/100\n|\n|upkeep\n|turn|15\n|\n|t:|1699214755\n|move|p1a: Skeledirge|Earth Power|p2a: Muk\n|-supereffective|p2a: Muk\n|-damage|p2a: Muk|51\/100\n|move|p2a: Muk|Poison Jab|p1a: Skeledirge\n|-resisted|p1a: Skeledirge\n|-damage|p1a: Skeledirge|0 fnt\n|faint|p1a: Skeledirge\n|\n|upkeep\n|\n|t:|1699214767\n|switch|p1a: Flapple|Flapple, F|88\/100\n|-damage|p1a: Flapple|76\/100|[from] Stealth Rock\n|turn|16\n|\n|t:|1699214777\n|-terastallize|p1a: Flapple|Steel\n|move|p1a: Flapple|U-turn|p2a: Muk\n|-damage|p2a: Muk|1\/100\n|\n|t:|1699214781\n|switch|p1a: Cetitan|Cetitan, F|100\/100|[from] U-turn\n|-damage|p1a: Cetitan|76\/100|[from] Stealth Rock\n|move|p2a: Muk|Poison Jab|p1a: Cetitan\n|-damage|p1a: Cetitan|49\/100\n|-status|p1a: Cetitan|psn\n|\n|-damage|p1a: Cetitan|37\/100 psn|[from] psn\n|upkeep\n|turn|17\n|\n|t:|1699214793\n|move|p1a: Cetitan|Ice Shard|p2a: Muk\n|-damage|p2a: Muk|0 fnt\n|faint|p2a: Muk\n|\n|-damage|p1a: Cetitan|24\/100 psn|[from] psn\n|upkeep\n|-enditem|p1a: Cetitan|Mago Berry|[eat]\n|-heal|p1a: Cetitan|58\/100 psn|[from] item: Mago Berry\n|\n|t:|1699214803\n|switch|p2a: Walking Wake|Walking Wake|100\/100\n|turn|18\n|\n|t:|1699214815\n|-terastallize|p2a: Walking Wake|Water\n|move|p1a: Cetitan|Ice Shard|p2a: Walking Wake\n|-resisted|p2a: Walking Wake\n|-damage|p2a: Walking Wake|90\/100\n|move|p2a: Walking Wake|Flamethrower|p1a: Cetitan\n|-supereffective|p1a: Cetitan\n|-damage|p1a: Cetitan|7\/100 psn\n|\n|-damage|p1a: Cetitan|0 fnt|[from] psn\n|faint|p1a: Cetitan\n|upkeep\n|\n|t:|1699214825\n|switch|p1a: Flapple|Flapple, F, tera:Steel|76\/100\n|-damage|p1a: Flapple|70\/100|[from] Stealth Rock\n|turn|19\n|\n|t:|1699214831\n|move|p2a: Walking Wake|Flamethrower|p1a: Flapple\n|-supereffective|p1a: Flapple\n|-damage|p1a: Flapple|0 fnt\n|faint|p1a: Flapple\n|\n|win|tbor2002\n","uploadtime":1699214843,"views":4,"p1id":"jam20jam","p2id":"tbor2002","formatid":"gen9nationaldexubers","rating":0,"private":0,"password":""}