{"id":"gen9nationaldexubers-1992166530","p1":"Kyrem7","p2":"ToxicHast3","format":"[Gen 9] National Dex Ubers","log":"|j|\u2606Kyrem7\n|j|\u2606ToxicHast3\n|t:|1700160525\n|gametype|singles\n|player|p1|Kyrem7|juan|1133\n|player|p2|ToxicHast3|veteran|1089\n|teamsize|p1|6\n|teamsize|p2|6\n|gen|9\n|tier|[Gen 9] National Dex Ubers\n|rated|\n|rule|HP Percentage Mod: HP is shown in percentages\n|rule|Endless Battle Clause: Forcing endless battles is banned\n|rule|OHKO Clause: OHKO moves are banned\n|rule|Evasion Moves Clause: Evasion moves are banned\n|rule|Evasion Items Clause: Evasion items are banned\n|rule|Species Clause: Limit one of each Pok\u00e9mon\n|rule|Sleep Clause Mod: Limit one foe put to sleep\n|rule|Mega Rayquaza Clause: You cannot mega evolve Rayquaza\n|clearpoke\n|poke|p1|Hydreigon, M|\n|poke|p1|Annihilape, M|\n|poke|p1|Cyclizar, M|\n|poke|p1|Eelektross, M|\n|poke|p1|Garchomp, M|\n|poke|p1|Aegislash, M|\n|poke|p2|Metagross|\n|poke|p2|Gliscor, M|\n|poke|p2|Golisopod, M|\n|poke|p2|Florges-Blue, F|\n|poke|p2|Breloom, M|\n|poke|p2|Donphan, F|\n|teampreview\n|\n|t:|1700160543\n|start\n|switch|p1a: Aegislash|Aegislash, M|100\/100\n|switch|p2a: Donphan|Donphan, F|100\/100\n|turn|1\n|\n|t:|1700160554\n|move|p1a: Aegislash|Swords Dance|p1a: Aegislash\n|-boost|p1a: Aegislash|atk|2\n|move|p2a: Donphan|Stealth Rock|p1a: Aegislash\n|-sidestart|p1: Kyrem7|move: Stealth Rock\n|\n|upkeep\n|turn|2\n|\n|t:|1700160561\n|-formechange|p1a: Aegislash|Aegislash-Blade||[from] ability: Stance Change\n|move|p1a: Aegislash|Sacred Sword|p2a: Donphan\n|-damage|p2a: Donphan|42\/100\n|-damage|p1a: Aegislash|84\/100|[from] item: Rocky Helmet|[of] p2a: Donphan\n|move|p2a: Donphan|Earthquake|p1a: Aegislash\n|-supereffective|p1a: Aegislash\n|-damage|p1a: Aegislash|0 fnt\n|faint|p1a: Aegislash\n|\n|upkeep\n|\n|t:|1700160571\n|switch|p1a: Cyclizar|Cyclizar, M|100\/100\n|-damage|p1a: Cyclizar|88\/100|[from] Stealth Rock\n|turn|3\n|\n|t:|1700160577\n|move|p2a: Donphan|Ice Shard|p1a: Cyclizar\n|-supereffective|p1a: Cyclizar\n|-crit|p1a: Cyclizar\n|-damage|p1a: Cyclizar|15\/100\n|-enditem|p1a: Cyclizar|Figy Berry|[eat]\n|-heal|p1a: Cyclizar|49\/100|[from] item: Figy Berry\n|move|p1a: Cyclizar|Rapid Spin|p2a: Donphan\n|-damage|p2a: Donphan|25\/100\n|-boost|p1a: Cyclizar|spe|1\n|-damage|p1a: Cyclizar|32\/100|[from] item: Rocky Helmet|[of] p2a: Donphan\n|-sideend|p1: Kyrem7|Stealth Rock|[from] move: Rapid Spin|[of] p1a: Cyclizar\n|\n|upkeep\n|turn|4\n|\n|t:|1700160591\n|move|p2a: Donphan|Ice Shard|p1a: Cyclizar\n|-supereffective|p1a: Cyclizar\n|-damage|p1a: Cyclizar|0 fnt\n|faint|p1a: Cyclizar\n|\n|upkeep\n|\n|t:|1700160597\n|switch|p1a: Eelektross|Eelektross, M|100\/100\n|turn|5\n|\n|t:|1700160608\n|switch|p2a: Breloom|Breloom, M|100\/100\n|move|p1a: Eelektross|Dragon Pulse|p2a: Breloom\n|-damage|p2a: Breloom|13\/100\n|\n|-status|p2a: Breloom|tox|[from] item: Toxic Orb\n|upkeep\n|turn|6\n|\n|t:|1700160628\n|move|p2a: Breloom|Spore|p1a: Eelektross\n|-status|p1a: Eelektross|slp|[from] move: Spore\n|cant|p1a: Eelektross|slp\n|\n|-heal|p2a: Breloom|25\/100 tox|[from] ability: Poison Heal\n|upkeep\n|turn|7\n|\n|t:|1700160634\n|move|p2a: Breloom|Leech Seed|p1a: Eelektross\n|-start|p1a: Eelektross|move: Leech Seed\n|cant|p1a: Eelektross|slp\n|\n|-damage|p1a: Eelektross|88\/100 slp|[from] Leech Seed|[of] p2a: Breloom\n|-heal|p2a: Breloom|43\/100 tox|[silent]\n|-heal|p2a: Breloom|55\/100 tox|[from] ability: Poison Heal\n|upkeep\n|turn|8\n|\n|t:|1700160642\n|switch|p1a: Garchomp|Garchomp, M|100\/100\n|move|p2a: Breloom|Substitute|p2a: Breloom\n|-start|p2a: Breloom|Substitute\n|-damage|p2a: Breloom|30\/100 tox\n|\n|-heal|p2a: Breloom|42\/100 tox|[from] ability: Poison Heal\n|upkeep\n|turn|9\n|\n|t:|1700160655\n|-singleturn|p2a: Breloom|move: Focus Punch\n|move|p1a: Garchomp|Poison Jab|p2a: Breloom\n|-supereffective|p2a: Breloom\n|-end|p2a: Breloom|Substitute\n|move|p2a: Breloom|Focus Punch|p1a: Garchomp\n|-damage|p1a: Garchomp|20\/100\n|-damage|p2a: Breloom|30\/100 tox|[from] ability: Rough Skin|[of] p1a: Garchomp\n|-damage|p2a: Breloom|14\/100 tox|[from] item: Rocky Helmet|[of] p1a: Garchomp\n|\n|-heal|p2a: Breloom|26\/100 tox|[from] ability: Poison Heal\n|upkeep\n|turn|10\n|\n|t:|1700160665\n|move|p1a: Garchomp|Poison Jab|p2a: Breloom\n|-supereffective|p2a: Breloom\n|-damage|p2a: Breloom|0 fnt\n|faint|p2a: Breloom\n|\n|upkeep\n|\n|t:|1700160675\n|switch|p2a: Metagross|Metagross|100\/100\n|turn|11\n|\n|t:|1700160681\n|detailschange|p2a: Metagross|Metagross-Mega\n|-mega|p2a: Metagross|Metagross|Metagrossite\n|move|p2a: Metagross|Earthquake|p1a: Garchomp\n|-damage|p1a: Garchomp|0 fnt\n|faint|p1a: Garchomp\n|\n|upkeep\n|\n|t:|1700160689\n|switch|p1a: Eelektross|Eelektross, M|88\/100 slp\n|turn|12\n|\n|t:|1700160695\n|move|p2a: Metagross|Meteor Mash|p1a: Eelektross\n|-resisted|p1a: Eelektross\n|-damage|p1a: Eelektross|51\/100 slp\n|-curestatus|p1a: Eelektross|slp|[msg]\n|move|p1a: Eelektross|Flamethrower|p2a: Metagross\n|-supereffective|p2a: Metagross\n|-damage|p2a: Metagross|1\/100\n|\n|upkeep\n|turn|13\n|\n|t:|1700160703\n|move|p2a: Metagross|Zen Headbutt|p1a: Eelektross\n|-damage|p1a: Eelektross|0 fnt\n|faint|p1a: Eelektross\n|\n|upkeep\n|\n|t:|1700160712\n|switch|p1a: Annihilape|Annihilape, M|100\/100\n|turn|14\n|\n|t:|1700160728\n|switch|p2a: Florges|Florges-Blue, F|100\/100\n|move|p1a: Annihilape|Drain Punch|p2a: Florges\n|-resisted|p2a: Florges\n|-crit|p2a: Florges\n|-damage|p2a: Florges|70\/100\n|\n|-heal|p2a: Florges|77\/100|[from] item: Leftovers\n|upkeep\n|turn|15\n|\n|t:|1700160749\n|-terastallize|p1a: Annihilape|Ghost\n|move|p2a: Florges|Moonblast|p1a: Annihilape\n|-damage|p1a: Annihilape|71\/100\n|move|p1a: Annihilape|Bulk Up|p1a: Annihilape\n|-boost|p1a: Annihilape|atk|1\n|-boost|p1a: Annihilape|def|1\n|\n|-heal|p2a: Florges|83\/100|[from] item: Leftovers\n|-heal|p1a: Annihilape|77\/100|[from] item: Leftovers\n|upkeep\n|turn|16\n|\n|t:|1700160755\n|move|p2a: Florges|Wish|p2a: Florges\n|move|p1a: Annihilape|Poison Jab|p2a: Florges\n|-supereffective|p2a: Florges\n|-damage|p2a: Florges|0 fnt\n|faint|p2a: Florges\n|\n|-heal|p1a: Annihilape|83\/100|[from] item: Leftovers\n|upkeep\n|\n|t:|1700160773\n|switch|p2a: Golisopod|Golisopod, M|100\/100\n|turn|17\n|\n|t:|1700160779\n|move|p2a: Golisopod|First Impression|p1a: Annihilape\n|-resisted|p1a: Annihilape\n|-damage|p1a: Annihilape|67\/100\n|move|p1a: Annihilape|Poison Jab|p2a: Golisopod\n|-damage|p2a: Golisopod|67\/100\n|\n|-heal|p2a: Golisopod|100\/100|[from] move: Wish|[wisher] Florges\n|-heal|p1a: Annihilape|73\/100|[from] item: Leftovers\n|upkeep\n|turn|18\n|\n|t:|1700160789\n|move|p1a: Annihilape|Bulk Up|p1a: Annihilape\n|-boost|p1a: Annihilape|atk|1\n|-boost|p1a: Annihilape|def|1\n|move|p2a: Golisopod|Liquidation|p1a: Annihilape\n|-damage|p1a: Annihilape|51\/100\n|-unboost|p1a: Annihilape|def|1\n|-ability|p1a: Annihilape|Defiant|boost\n|-boost|p1a: Annihilape|atk|2\n|\n|-heal|p1a: Annihilape|58\/100|[from] item: Leftovers\n|upkeep\n|turn|19\n|\n|t:|1700160800\n|move|p1a: Annihilape|Drain Punch|p2a: Golisopod\n|-resisted|p2a: Golisopod\n|-damage|p2a: Golisopod|58\/100\n|-heal|p1a: Annihilape|75\/100|[from] drain|[of] p2a: Golisopod\n|move|p2a: Golisopod|Liquidation|p1a: Annihilape\n|-damage|p1a: Annihilape|43\/100\n|\n|-heal|p1a: Annihilape|49\/100|[from] item: Leftovers\n|upkeep\n|turn|20\n|\n|t:|1700160808\n|move|p1a: Annihilape|Rage Fist|p2a: Golisopod\n|-damage|p2a: Golisopod|0 fnt\n|faint|p2a: Golisopod\n|\n|-heal|p1a: Annihilape|55\/100|[from] item: Leftovers\n|upkeep\n|\n|t:|1700160834\n|switch|p2a: Donphan|Donphan, F|25\/100\n|turn|21\n|\n|t:|1700160837\n|move|p2a: Donphan|Ice Shard|p1a: Annihilape\n|-damage|p1a: Annihilape|45\/100\n|move|p1a: Annihilape|Drain Punch|p2a: Donphan\n|-damage|p2a: Donphan|0 fnt\n|-heal|p1a: Annihilape|57\/100|[from] drain|[of] p2a: Donphan\n|-damage|p1a: Annihilape|40\/100|[from] item: Rocky Helmet|[of] p2a: Donphan\n|faint|p2a: Donphan\n|\n|-heal|p1a: Annihilape|47\/100|[from] item: Leftovers\n|upkeep\n|\n|t:|1700160846\n|switch|p2a: Gliscor|Gliscor, M|100\/100\n|turn|22\n|\n|t:|1700160853\n|move|p2a: Gliscor|Protect|p2a: Gliscor\n|-singleturn|p2a: Gliscor|Protect\n|move|p1a: Annihilape|Rage Fist|p2a: Gliscor\n|-activate|p2a: Gliscor|move: Protect\n|\n|-heal|p1a: Annihilape|53\/100|[from] item: Leftovers\n|-status|p2a: Gliscor|tox|[from] item: Toxic Orb\n|upkeep\n|turn|23\n|\n|t:|1700160860\n|move|p2a: Gliscor|Earthquake|p1a: Annihilape\n|-damage|p1a: Annihilape|27\/100\n|move|p1a: Annihilape|Rage Fist|p2a: Gliscor\n|-damage|p2a: Gliscor|0 fnt\n|faint|p2a: Gliscor\n|\n|-heal|p1a: Annihilape|33\/100|[from] item: Leftovers\n|upkeep\n|\n|t:|1700160862\n|switch|p2a: Metagross|Metagross-Mega|1\/100\n|turn|24\n|\n|t:|1700160876\n|move|p2a: Metagross|Meteor Mash|p1a: Annihilape\n|-damage|p1a: Annihilape|0 fnt\n|faint|p1a: Annihilape\n|\n|upkeep\n|\n|t:|1700160881\n|switch|p1a: Hydreigon|Hydreigon, M|100\/100\n|turn|25\n|\n|t:|1700160891\n|move|p2a: Metagross|Meteor Mash|p1a: Hydreigon\n|-crit|p1a: Hydreigon\n|-damage|p1a: Hydreigon|0 fnt\n|faint|p1a: Hydreigon\n|\n|win|ToxicHast3\n|raw|Kyrem7's rating: 1133 &rarr; <strong>1105<\/strong><br \/>(-28 for losing)\n|raw|ToxicHast3's rating: 1089 &rarr; <strong>1119<\/strong><br \/>(+30 for winning)\n|l|\u2606Kyrem7\n","uploadtime":1700160906,"views":17,"p1id":"kyrem7","p2id":"toxichast3","formatid":"gen9nationaldexubers","rating":1105,"private":0,"password":""}