{"id":"gen9nationaldexubers-1999997910","p1":"UrLordAndSavoir","p2":"Jamesccar2","format":"[Gen 9] National Dex Ubers","log":"|j|\u203dUrLordAndSavoir\n|j|\u203dJamesccar2\n|t:|1701139289\n|gametype|singles\n|player|p1|UrLordAndSavoir|266|\n|player|p2|Jamesccar2|brycen|\n|teamsize|p1|6\n|teamsize|p2|6\n|gen|9\n|tier|[Gen 9] National Dex Ubers\n|rule|HP Percentage Mod: HP is shown in percentages\n|rule|Endless Battle Clause: Forcing endless battles is banned\n|rule|OHKO Clause: OHKO moves are banned\n|rule|Evasion Moves Clause: Evasion moves are banned\n|rule|Evasion Items Clause: Evasion items are banned\n|rule|Species Clause: Limit one of each Pok\u00e9mon\n|rule|Sleep Clause Mod: Limit one foe put to sleep\n|rule|Mega Rayquaza Clause: You cannot mega evolve Rayquaza\n|clearpoke\n|poke|p1|Gholdengo|\n|poke|p1|Sandslash-Alola, M|\n|poke|p1|Ninetales-Alola, M|\n|poke|p1|Clefable, M|\n|poke|p1|Baxcalibur, M|\n|poke|p1|Typhlosion, F|\n|poke|p2|Glimmora, F|\n|poke|p2|Quaquaval, F|\n|poke|p2|Ceruledge, F|\n|poke|p2|Lucario, F|\n|poke|p2|Kingambit, M|\n|poke|p2|Ogerpon-Cornerstone, F|\n|teampreview\n|\n|t:|1701139297\n|start\n|switch|p1a: Typhlosion|Typhlosion, F|100\/100\n|switch|p2a: Ceruledge|Ceruledge, F, shiny|100\/100\n|turn|1\n|\n|t:|1701139308\n|move|p1a: Typhlosion|Shadow Ball|p2a: Ceruledge\n|-supereffective|p2a: Ceruledge\n|-damage|p2a: Ceruledge|56\/100\n|move|p2a: Ceruledge|Taunt|p1a: Typhlosion\n|-start|p1a: Typhlosion|move: Taunt\n|\n|upkeep\n|turn|2\n|j| LuckyPlays10136\n|\n|t:|1701139325\n|switch|p1a: Clefable|Clefable, M|100\/100\n|switch|p2a: Quaquaval|Quaquaval, F, shiny|100\/100\n|\n|upkeep\n|turn|3\n|\n|t:|1701139331\n|move|p2a: Quaquaval|Aqua Step|p1a: Clefable\n|-damage|p1a: Clefable|71\/100\n|-boost|p2a: Quaquaval|spe|1\n|move|p1a: Clefable|Thunder Wave|p2a: Quaquaval\n|-status|p2a: Quaquaval|par\n|\n|-heal|p1a: Clefable|77\/100|[from] item: Leftovers\n|upkeep\n|turn|4\n|\n|t:|1701139339\n|move|p2a: Quaquaval|Aqua Step|p1a: Clefable\n|-crit|p1a: Clefable\n|-damage|p1a: Clefable|35\/100\n|-boost|p2a: Quaquaval|spe|1\n|move|p1a: Clefable|Wish|p1a: Clefable\n|\n|-heal|p1a: Clefable|41\/100|[from] item: Leftovers\n|upkeep\n|turn|5\n|\n|t:|1701139345\n|move|p2a: Quaquaval|Aqua Step|p1a: Clefable\n|-damage|p1a: Clefable|9\/100\n|-boost|p2a: Quaquaval|spe|1\n|move|p1a: Clefable|Moonblast|p2a: Quaquaval\n|-supereffective|p2a: Quaquaval\n|-damage|p2a: Quaquaval|6\/100 par\n|\n|-heal|p1a: Clefable|59\/100|[from] move: Wish|[wisher] Clefable\n|-heal|p2a: Quaquaval|12\/100 par|[from] item: Leftovers\n|-heal|p1a: Clefable|65\/100|[from] item: Leftovers\n|upkeep\n|turn|6\n|c| LuckyPlays10136|youve gyatt to be kidding me\n|\n|t:|1701139365\n|move|p2a: Quaquaval|U-turn|p1a: Clefable\n|-resisted|p1a: Clefable\n|-damage|p1a: Clefable|56\/100\n|inactive|Battle timer is ON: inactive players will automatically lose when time's up. (requested by Jamesccar2)\n|\n|t:|1701139374\n|switch|p2a: Lucario|Lucario, F, shiny|100\/100|[from] U-turn\n|move|p1a: Clefable|Wish|p1a: Clefable\n|\n|-heal|p1a: Clefable|62\/100|[from] item: Leftovers\n|upkeep\n|turn|7\n|\n|t:|1701139381\n|switch|p1a: Typhlosion|Typhlosion, F|100\/100\n|move|p2a: Lucario|Swords Dance|p2a: Lucario\n|-boost|p2a: Lucario|atk|2\n|\n|upkeep\n|turn|8\n|\n|t:|1701139388\n|move|p2a: Lucario|Close Combat|p1a: Typhlosion\n|-damage|p1a: Typhlosion|0 fnt\n|-unboost|p2a: Lucario|def|1\n|-unboost|p2a: Lucario|spd|1\n|faint|p1a: Typhlosion\n|-damage|p2a: Lucario|91\/100|[from] item: Life Orb\n|\n|upkeep\n|\n|t:|1701139396\n|switch|p1a: Gholdengo|Gholdengo|100\/100\n|-item|p1a: Gholdengo|Air Balloon\n|turn|9\n|\n|t:|1701139401\n|move|p2a: Lucario|Meteor Mash|p1a: Gholdengo\n|-resisted|p1a: Gholdengo\n|-damage|p1a: Gholdengo|39\/100\n|-boost|p2a: Lucario|atk|1\n|-enditem|p1a: Gholdengo|Air Balloon\n|-damage|p2a: Lucario|81\/100|[from] item: Life Orb\n|move|p1a: Gholdengo|Shadow Ball|p2a: Lucario\n|-damage|p2a: Lucario|0 fnt\n|faint|p2a: Lucario\n|\n|upkeep\n|\n|t:|1701139407\n|switch|p2a: Ceruledge|Ceruledge, F, shiny|56\/100\n|turn|10\n|\n|t:|1701139416\n|move|p2a: Ceruledge|Shadow Sneak|p1a: Gholdengo\n|-supereffective|p1a: Gholdengo\n|-damage|p1a: Gholdengo|4\/100\n|move|p1a: Gholdengo|Substitute|p1a: Gholdengo\n|-fail|p1a: Gholdengo|move: Substitute|[weak]\n|\n|upkeep\n|turn|11\n|\n|t:|1701139425\n|switch|p1a: Clefable|Clefable, M|62\/100\n|move|p2a: Ceruledge|Bitter Blade|p1a: Clefable\n|-damage|p1a: Clefable|32\/100\n|-heal|p2a: Ceruledge|73\/100|[from] drain|[of] p1a: Clefable\n|\n|-heal|p1a: Clefable|38\/100|[from] item: Leftovers\n|upkeep\n|turn|12\n|\n|t:|1701139432\n|move|p2a: Ceruledge|Taunt|p1a: Clefable\n|-start|p1a: Clefable|move: Taunt\n|cant|p1a: Clefable|move: Taunt|Wish\n|\n|-heal|p1a: Clefable|44\/100|[from] item: Leftovers\n|upkeep\n|turn|13\n|\n|t:|1701139441\n|switch|p1a: Gholdengo|Gholdengo|4\/100\n|move|p2a: Ceruledge|Bitter Blade|p1a: Gholdengo\n|-supereffective|p1a: Gholdengo\n|-damage|p1a: Gholdengo|0 fnt\n|-heal|p2a: Ceruledge|75\/100|[from] drain|[of] p1a: Gholdengo\n|faint|p1a: Gholdengo\n|\n|upkeep\n|\n|t:|1701139443\n|switch|p1a: Ninetales|Ninetales-Alola, M|100\/100\n|-weather|Snow|[from] ability: Snow Warning|[of] p1a: Ninetales\n|turn|14\n|\n|t:|1701139450\n|move|p1a: Ninetales|Aurora Veil|p1a: Ninetales\n|-sidestart|p1: UrLordAndSavoir|move: Aurora Veil\n|move|p2a: Ceruledge|Bitter Blade|p1a: Ninetales\n|-supereffective|p1a: Ninetales\n|-damage|p1a: Ninetales|68\/100\n|-heal|p2a: Ceruledge|89\/100|[from] drain|[of] p1a: Ninetales\n|\n|-weather|Snow|[upkeep]\n|upkeep\n|turn|15\n|\n|t:|1701139455\n|switch|p1a: Baxcalibur|Baxcalibur, M|100\/100\n|move|p2a: Ceruledge|Taunt|p1a: Baxcalibur\n|-start|p1a: Baxcalibur|move: Taunt\n|\n|-weather|Snow|[upkeep]\n|upkeep\n|turn|16\n|\n|t:|1701139459\n|move|p1a: Baxcalibur|Earthquake|p2a: Ceruledge\n|-supereffective|p2a: Ceruledge\n|-damage|p2a: Ceruledge|4\/100\n|move|p2a: Ceruledge|Bitter Blade|p1a: Baxcalibur\n|-damage|p1a: Baxcalibur|88\/100\n|-heal|p2a: Ceruledge|11\/100|[from] drain|[of] p1a: Baxcalibur\n|-ability|p1a: Baxcalibur|Thermal Exchange|boost\n|-boost|p1a: Baxcalibur|atk|1\n|\n|-weather|Snow|[upkeep]\n|upkeep\n|turn|17\n|inactive|UrLordAndSavoir has 270 seconds left.\n|\n|t:|1701139510\n|switch|p2a: Glimmora|Glimmora, F, shiny|100\/100\n|move|p1a: Baxcalibur|Scale Shot|p2a: Glimmora\n|-damage|p2a: Glimmora|77\/100\n|-activate|p2a: Glimmora|ability: Toxic Debris\n|-sidestart|p1: UrLordAndSavoir|move: Toxic Spikes\n|-damage|p2a: Glimmora|53\/100\n|-activate|p2a: Glimmora|ability: Toxic Debris\n|-sidestart|p1: UrLordAndSavoir|move: Toxic Spikes\n|-damage|p2a: Glimmora|34\/100\n|-damage|p2a: Glimmora|12\/100\n|-hitcount|p2a: Glimmora|4\n|-unboost|p1a: Baxcalibur|def|1\n|-boost|p1a: Baxcalibur|spe|1\n|\n|-weather|Snow|[upkeep]\n|-end|p1a: Baxcalibur|move: Taunt\n|upkeep\n|turn|18\n|\n|t:|1701139534\n|move|p2a: Glimmora|Spiky Shield|p2a: Glimmora\n|-singleturn|p2a: Glimmora|move: Protect\n|move|p1a: Baxcalibur|Icicle Spear|p2a: Glimmora\n|-activate|p2a: Glimmora|move: Protect\n|\n|-weather|none\n|upkeep\n|turn|19\n|\n|t:|1701139540\n|move|p1a: Baxcalibur|Icicle Spear|p2a: Glimmora\n|-damage|p2a: Glimmora|0 fnt\n|faint|p2a: Glimmora\n|-hitcount|p2: Glimmora|1\n|\n|upkeep\n|\n|t:|1701139545\n|switch|p2a: Ogerpon|Ogerpon-Cornerstone, F|100\/100\n|turn|20\n|\n|t:|1701139553\n|move|p2a: Ogerpon|Spiky Shield|p2a: Ogerpon\n|-singleturn|p2a: Ogerpon|move: Protect\n|move|p1a: Baxcalibur|Icicle Spear|p2a: Ogerpon\n|-activate|p2a: Ogerpon|move: Protect\n|\n|upkeep\n|turn|21\n|\n|t:|1701139560\n|move|p1a: Baxcalibur|Icicle Spear|p2a: Ogerpon\n|-supereffective|p2a: Ogerpon\n|-damage|p2a: Ogerpon|39\/100\n|-supereffective|p2a: Ogerpon\n|-damage|p2a: Ogerpon|0 fnt\n|faint|p2a: Ogerpon\n|-hitcount|p2: Ogerpon|2\n|\n|-sideend|p1: UrLordAndSavoir|move: Aurora Veil\n|upkeep\n|\n|t:|1701139565\n|switch|p2a: Quaquaval|Quaquaval, F, shiny|12\/100 par\n|turn|22\n|\n|t:|1701139568\n|move|p1a: Baxcalibur|Scale Shot|p2a: Quaquaval|[miss]\n|-miss|p1a: Baxcalibur|p2a: Quaquaval\n|move|p2a: Quaquaval|Close Combat|p1a: Baxcalibur\n|-supereffective|p1a: Baxcalibur\n|-damage|p1a: Baxcalibur|0 fnt\n|-unboost|p2a: Quaquaval|def|1\n|-unboost|p2a: Quaquaval|spd|1\n|faint|p1a: Baxcalibur\n|-ability|p2a: Quaquaval|Moxie|boost\n|-boost|p2a: Quaquaval|atk|1\n|\n|-heal|p2a: Quaquaval|18\/100 par|[from] item: Leftovers\n|upkeep\n|\n|t:|1701139578\n|switch|p1a: Ninetales|Ninetales-Alola, M|68\/100\n|-status|p1a: Ninetales|tox\n|-weather|Snow|[from] ability: Snow Warning|[of] p1a: Ninetales\n|turn|23\n|\n|t:|1701139588\n|move|p1a: Ninetales|Aurora Veil|p1a: Ninetales\n|-sidestart|p1: UrLordAndSavoir|move: Aurora Veil\n|move|p2a: Quaquaval|Close Combat|p1a: Ninetales\n|-damage|p1a: Ninetales|27\/100 tox\n|-unboost|p2a: Quaquaval|def|1\n|-unboost|p2a: Quaquaval|spd|1\n|\n|-weather|Snow|[upkeep]\n|-heal|p2a: Quaquaval|24\/100 par|[from] item: Leftovers\n|-damage|p1a: Ninetales|21\/100 tox|[from] psn\n|upkeep\n|turn|24\n|\n|t:|1701139594\n|move|p1a: Ninetales|Moonblast|p2a: Quaquaval\n|-supereffective|p2a: Quaquaval\n|-damage|p2a: Quaquaval|0 fnt\n|faint|p2a: Quaquaval\n|\n|-weather|Snow|[upkeep]\n|-damage|p1a: Ninetales|9\/100 tox|[from] psn\n|upkeep\n|\n|t:|1701139597\n|switch|p2a: Ceruledge|Ceruledge, F, shiny|11\/100\n|turn|25\n|\n|t:|1701139603\n|move|p2a: Ceruledge|Shadow Sneak|p1a: Ninetales\n|-damage|p1a: Ninetales|2\/100 tox\n|move|p1a: Ninetales|Moonblast|p2a: Ceruledge\n|-resisted|p2a: Ceruledge\n|-damage|p2a: Ceruledge|0 fnt\n|faint|p2a: Ceruledge\n|\n|-weather|Snow|[upkeep]\n|-damage|p1a: Ninetales|0 fnt|[from] psn\n|faint|p1a: Ninetales\n|upkeep\n|\n|t:|1701139607\n|switch|p1a: Sandslash|Sandslash-Alola, M|100\/100\n|switch|p2a: Kingambit|Kingambit, M, shiny|100\/100\n|-activate|p2a: Kingambit|ability: Supreme Overlord\n|-start|p2a: Kingambit|fallen5|[silent]\n|turn|26\n|\n|t:|1701139632\n|move|p1a: Sandslash|Swords Dance|p1a: Sandslash\n|-boost|p1a: Sandslash|atk|2\n|move|p2a: Kingambit|Iron Head|p1a: Sandslash\n|-damage|p1a: Sandslash|79\/100\n|\n|-weather|Snow|[upkeep]\n|upkeep\n|turn|27\n|\n|t:|1701139644\n|-terastallize|p1a: Sandslash|Dark\n|move|p1a: Sandslash|Earthquake|p2a: Kingambit\n|-supereffective|p2a: Kingambit\n|-damage|p2a: Kingambit|0 fnt\n|faint|p2a: Kingambit\n|-end|p2a: Kingambit|fallen5|[silent]\n|\n|win|UrLordAndSavoir\n|l|\u203dJamesccar2\n|l| LuckyPlays10136\n","uploadtime":1701139669,"views":19,"p1id":"urlordandsavoir","p2id":"jamesccar2","formatid":"gen9nationaldexubers","rating":0,"private":0,"password":""}