{"id":"gen9nationaldexubers-1998040028","p1":"asayake","p2":"TheRealDiabeto","format":"[Gen 9] National Dex Ubers","log":"|j|\u2606asayake\n|j|\u2606TheRealDiabeto\n|t:|1700882410\n|gametype|singles\n|player|p1|asayake|caitlin|\n|player|p2|TheRealDiabeto|266|\n|teamsize|p1|6\n|teamsize|p2|6\n|gen|9\n|tier|[Gen 9] National Dex Ubers\n|rule|HP Percentage Mod: HP is shown in percentages\n|rule|Endless Battle Clause: Forcing endless battles is banned\n|rule|OHKO Clause: OHKO moves are banned\n|rule|Evasion Moves Clause: Evasion moves are banned\n|rule|Evasion Items Clause: Evasion items are banned\n|rule|Species Clause: Limit one of each Pok\u00e9mon\n|rule|Sleep Clause Mod: Limit one foe put to sleep\n|rule|Mega Rayquaza Clause: You cannot mega evolve Rayquaza\n|clearpoke\n|poke|p1|Gyarados, M|\n|poke|p1|Toxapex, M|\n|poke|p1|Greninja-*, M|\n|poke|p1|Tapu Fini|\n|poke|p1|Slowbro, F|\n|poke|p1|Urshifu-*, F|\n|poke|p2|Grimmsnarl, M|\n|poke|p2|Ursaluna-Bloodmoon, M|\n|poke|p2|Ogerpon-Wellspring, F|\n|poke|p2|Kingambit, M|\n|poke|p2|Great Tusk|\n|poke|p2|Hatterene, F|\n|teampreview\n|j| Birkenstock\n|\n|t:|1700882454\n|start\n|switch|p1a: Gyarados|Gyarados, M|100\/100\n|switch|p2a: Goblin Mode|Grimmsnarl, M|100\/100\n|-ability|p1a: Gyarados|Intimidate|boost\n|-unboost|p2a: Goblin Mode|atk|1\n|turn|1\n|j| NDMS2O Dreams\n|\n|t:|1700882476\n|move|p2a: Goblin Mode|Reflect|p2a: Goblin Mode\n|-sidestart|p2: TheRealDiabeto|Reflect\n|move|p1a: Gyarados|Dragon Dance|p1a: Gyarados\n|-boost|p1a: Gyarados|atk|1\n|-boost|p1a: Gyarados|spe|1\n|\n|upkeep\n|turn|2\n|\n|t:|1700882512\n|move|p2a: Goblin Mode|Taunt|p1a: Gyarados\n|-start|p1a: Gyarados|move: Taunt\n|move|p1a: Gyarados|Waterfall|p2a: Goblin Mode\n|-damage|p2a: Goblin Mode|59\/100\n|\n|upkeep\n|turn|3\n|j| vespyyy\n|\n|t:|1700882534\n|switch|p2a: Shogun Shien|Kingambit, M|100\/100\n|move|p1a: Gyarados|Waterfall|p2a: Shogun Shien\n|-damage|p2a: Shogun Shien|74\/100\n|\n|upkeep\n|turn|4\n|\n|t:|1700882552\n|detailschange|p1a: Gyarados|Gyarados-Mega, M\n|-mega|p1a: Gyarados|Gyarados|Gyaradosite\n|-ability|p1a: Gyarados|Mold Breaker\n|move|p1a: Gyarados|Waterfall|p2a: Shogun Shien\n|-damage|p2a: Shogun Shien|43\/100\n|move|p2a: Shogun Shien|Swords Dance|p2a: Shogun Shien\n|-boost|p2a: Shogun Shien|atk|2\n|\n|-end|p1a: Gyarados|move: Taunt\n|upkeep\n|turn|5\n|\n|t:|1700882573\n|-end|p2a: Shogun Shien|fallenundefined|[silent]\n|switch|p2a: Ariseheart|Ogerpon-Wellspring, F|100\/100\n|move|p1a: Gyarados|Waterfall|p2a: Ariseheart\n|-resisted|p2a: Ariseheart\n|-damage|p2a: Ariseheart|89\/100\n|\n|upkeep\n|turn|6\n|c|\u2606asayake|moldbreaker stocks\n|\n|t:|1700882589\n|switch|p1a: Toxapex|Toxapex, M|100\/100\n|move|p2a: Ariseheart|Swords Dance|p2a: Ariseheart\n|-boost|p2a: Ariseheart|atk|2\n|\n|upkeep\n|turn|7\n|\n|t:|1700882614\n|switch|p2a: Goblin Mode|Grimmsnarl, M|59\/100\n|move|p1a: Toxapex|Gunk Shot|p2a: Goblin Mode|[miss]\n|-miss|p1a: Toxapex|p2a: Goblin Mode\n|\n|upkeep\n|turn|8\n|\n|t:|1700882622\n|move|p2a: Goblin Mode|Light Screen|p2a: Goblin Mode\n|-sidestart|p2: TheRealDiabeto|move: Light Screen\n|move|p1a: Toxapex|Gunk Shot|p2a: Goblin Mode\n|-supereffective|p2a: Goblin Mode\n|-damage|p2a: Goblin Mode|0 fnt\n|faint|p2a: Goblin Mode\n|\n|-sideend|p2: TheRealDiabeto|Reflect\n|upkeep\n|\n|t:|1700882631\n|switch|p2a: Fleshy Mammoth|Great Tusk|100\/100\n|turn|9\n|c| vespyyy|No way\n|c| vespyyy|Adam\n|c| vespyyy|Did\n|l| NDMS2O Dreams\n|c|\u2606asayake|um\n|c|\u2606asayake|dont\n|c|\u2606asayake|ask\n|\n|t:|1700882646\n|switch|p1a: Tapu Fini|Tapu Fini|100\/100\n|-fieldstart|move: Misty Terrain|[from] ability: Misty Surge|[of] p1a: Tapu Fini\n|move|p2a: Fleshy Mammoth|Knock Off|p1a: Tapu Fini\n|-resisted|p1a: Tapu Fini\n|-damage|p1a: Tapu Fini|91\/100\n|-enditem|p1a: Tapu Fini|Leftovers|[from] move: Knock Off|[of] p2a: Fleshy Mammoth\n|\n|upkeep\n|turn|10\n|c| vespyyy|Omg u brought it\n|c| vespyyy|So real for that\n|\n|t:|1700882664\n|-end|p2a: Fleshy Mammoth|Protosynthesis|[silent]\n|switch|p2a: Shogun Shien|Kingambit, M|43\/100\n|-activate|p2a: Shogun Shien|ability: Supreme Overlord\n|-start|p2a: Shogun Shien|fallen1|[silent]\n|move|p1a: Tapu Fini|Taunt|p2a: Shogun Shien\n|-start|p2a: Shogun Shien|move: Taunt\n|\n|upkeep\n|turn|11\n|\n|t:|1700882682\n|move|p1a: Tapu Fini|Moonblast|p2a: Shogun Shien\n|-damage|p2a: Shogun Shien|27\/100\n|-unboost|p2a: Shogun Shien|spa|1\n|move|p2a: Shogun Shien|Iron Head|p1a: Tapu Fini\n|-damage|p1a: Tapu Fini|47\/100\n|\n|upkeep\n|turn|12\n|\n|t:|1700882704\n|-end|p2a: Shogun Shien|fallen1|[silent]\n|switch|p2a: Cocaine Bear|Ursaluna-Bloodmoon, M|100\/100\n|move|p1a: Tapu Fini|Moonblast|p2a: Cocaine Bear\n|-damage|p2a: Cocaine Bear|78\/100\n|\n|upkeep\n|turn|13\n|\n|t:|1700882714\n|move|p1a: Tapu Fini|Taunt|p2a: Cocaine Bear\n|-start|p2a: Cocaine Bear|move: Taunt\n|move|p2a: Cocaine Bear|Blood Moon|p1a: Tapu Fini\n|-damage|p1a: Tapu Fini|0 fnt\n|faint|p1a: Tapu Fini\n|\n|-fieldend|Misty Terrain\n|upkeep\n|\n|t:|1700882725\n|switch|p1a: Urshifu|Urshifu-Rapid-Strike, F|100\/100\n|turn|14\n|\n|t:|1700882733\n|move|p1a: Urshifu|U-turn|p2a: Cocaine Bear\n|-damage|p2a: Cocaine Bear|47\/100\n|\n|t:|1700882759\n|switch|p1a: Slowbro|Slowbro, F|100\/100|[from] U-turn\n|-zpower|p2a: Cocaine Bear\n|move|p2a: Cocaine Bear|Breakneck Blitz|p1a: Slowbro|[zeffect]\n|-damage|p1a: Slowbro|0 fnt\n|faint|p1a: Slowbro\n|\n|upkeep\n|c| Birkenstock|rip\n|c|\u2606asayake|ohh\n|c|\u2606asayake|that is\n|c|\u2606asayake|how z moves work\n|c|\u2606asayake|i see\n|\n|t:|1700882768\n|switch|p1a: Urshifu|Urshifu-Rapid-Strike, F|100\/100\n|turn|15\n|c| Birkenstock|yes\n|c|\u2606asayake|neat tech\n|\n|t:|1700882779\n|switch|p2a: Ariseheart|Ogerpon-Wellspring, F|89\/100\n|move|p1a: Urshifu|Close Combat|p2a: Ariseheart\n|-damage|p2a: Ariseheart|0 fnt\n|-unboost|p1a: Urshifu|def|1\n|-unboost|p1a: Urshifu|spd|1\n|faint|p2a: Ariseheart\n|\n|-sideend|p2: TheRealDiabeto|move: Light Screen\n|upkeep\n|c|\u2606asayake|(i am in trouble now)\n|c|\u2606asayake|oh\n|c|\u2606asayake|pop\n|c| Birkenstock|I too sack my wincon\n|\n|t:|1700882791\n|switch|p2a: Frieza|Hatterene, F|100\/100\n|turn|16\n|c| Birkenstock|jk\n|\n|t:|1700882803\n|switch|p1a: Toxapex|Toxapex, M|100\/100\n|move|p2a: Frieza|Psyshock|p1a: Toxapex\n|-supereffective|p1a: Toxapex\n|-damage|p1a: Toxapex|49\/100\n|\n|upkeep\n|turn|17\n|\n|t:|1700882811\n|move|p2a: Frieza|Psyshock|p1a: Toxapex\n|-supereffective|p1a: Toxapex\n|-damage|p1a: Toxapex|0 fnt\n|faint|p1a: Toxapex\n|\n|upkeep\n|\n|t:|1700882816\n|switch|p1a: Urshifu|Urshifu-Rapid-Strike, F|100\/100\n|turn|18\n|\n|t:|1700882823\n|move|p1a: Urshifu|Surging Strikes|p2a: Frieza\n|-crit|p2a: Frieza\n|-damage|p2a: Frieza|77\/100\n|-crit|p2a: Frieza\n|-damage|p2a: Frieza|51\/100\n|-crit|p2a: Frieza\n|-damage|p2a: Frieza|25\/100\n|-hitcount|p2a: Frieza|3\n|move|p2a: Frieza|Calm Mind|p2a: Frieza\n|-boost|p2a: Frieza|spa|1\n|-boost|p2a: Frieza|spd|1\n|\n|-heal|p2a: Frieza|31\/100|[from] item: Leftovers\n|upkeep\n|turn|19\n|c|\u2606asayake|oh choice\n|c|\u2606asayake|interested\n|c|\u2606asayake|oh\n|c|\u2606asayake|thats\n|c|\u2606asayake|game\n|c| vespyyy|Yeah he still coulrve won there\n|c|\u2606asayake|no\n|c|\u2606asayake|gren wins anyway\n|\n|t:|1700882860\n|move|p1a: Urshifu|Surging Strikes|p2a: Frieza\n|-crit|p2a: Frieza\n|-damage|p2a: Frieza|6\/100\n|-crit|p2a: Frieza\n|-damage|p2a: Frieza|0 fnt\n|faint|p2a: Frieza\n|-hitcount|p2: Frieza|2\n|\n|upkeep\n|c| vespyyy|Oh its shuriken?\n|c|\u2606asayake|its\n|\n|t:|1700882869\n|switch|p2a: Shogun Shien|Kingambit, M|27\/100\n|-activate|p2a: Shogun Shien|ability: Supreme Overlord\n|-start|p2a: Shogun Shien|fallen3|[silent]\n|turn|20\n|c|\u2606asayake|fast\n|\n|t:|1700882884\n|move|p2a: Shogun Shien|Sucker Punch|p1a: Urshifu\n|-resisted|p1a: Urshifu\n|-damage|p1a: Urshifu|66\/100\n|move|p1a: Urshifu|Surging Strikes|p2a: Shogun Shien\n|-crit|p2a: Shogun Shien\n|-damage|p2a: Shogun Shien|2\/100\n|-crit|p2a: Shogun Shien\n|-damage|p2a: Shogun Shien|0 fnt\n|faint|p2a: Shogun Shien\n|-end|p2a: Shogun Shien|fallen3|[silent]\n|-hitcount|p2: Shogun Shien|2\n|\n|upkeep\n|\n|t:|1700882893\n|switch|p2a: Fleshy Mammoth|Great Tusk|100\/100\n|turn|21\n|\n|t:|1700882905\n|move|p1a: Urshifu|Surging Strikes|p2a: Fleshy Mammoth\n|-supereffective|p2a: Fleshy Mammoth\n|-crit|p2a: Fleshy Mammoth\n|-damage|p2a: Fleshy Mammoth|70\/100\n|-supereffective|p2a: Fleshy Mammoth\n|-crit|p2a: Fleshy Mammoth\n|-damage|p2a: Fleshy Mammoth|37\/100\n|-supereffective|p2a: Fleshy Mammoth\n|-crit|p2a: Fleshy Mammoth\n|-damage|p2a: Fleshy Mammoth|8\/100\n|-hitcount|p2a: Fleshy Mammoth|3\n|move|p2a: Fleshy Mammoth|Earthquake|p1a: Urshifu\n|-damage|p1a: Urshifu|21\/100\n|\n|-heal|p2a: Fleshy Mammoth|14\/100|[from] item: Leftovers\n|upkeep\n|turn|22\n|\n|t:|1700882920\n|move|p1a: Urshifu|Surging Strikes|p2a: Fleshy Mammoth\n|-supereffective|p2a: Fleshy Mammoth\n|-crit|p2a: Fleshy Mammoth\n|-damage|p2a: Fleshy Mammoth|0 fnt\n|faint|p2a: Fleshy Mammoth\n|-end|p2a: Fleshy Mammoth|Protosynthesis|[silent]\n|-hitcount|p2: Fleshy Mammoth|1\n|\n|upkeep\n|\n|t:|1700882926\n|switch|p2a: Cocaine Bear|Ursaluna-Bloodmoon, M|47\/100\n|turn|23\n|\n|t:|1700882932\n|move|p1a: Urshifu|Surging Strikes|p2a: Cocaine Bear\n|-supereffective|p2a: Cocaine Bear\n|-crit|p2a: Cocaine Bear\n|-damage|p2a: Cocaine Bear|0 fnt\n|faint|p2a: Cocaine Bear\n|-hitcount|p2: Cocaine Bear|1\n|\n|win|asayake\n|l| vespyyy\n|l|\u2606TheRealDiabeto\n|j| vespyyy\n|l| vespyyy\n|n| NDMS2O Karpov|birkenstock\n|j| NDMS2O Dreams\n|l| NDMS2O Dreams\n|j| vespyyy\n","uploadtime":1700883201,"views":2,"p1id":"asayake","p2id":"therealdiabeto","formatid":"gen9nationaldexubers","rating":0,"private":0,"password":""}