{"id":"gen9nationaldexubers-1986189035","p1":"Fumo on a Roomba","p2":"Chaitanya15","format":"[Gen 9] National Dex Ubers","log":"|j|\u2606Fumo on a Roomba\n|j|\u2606Chaitanya15\n|t:|1699458300\n|gametype|singles\n|player|p1|Fumo on a Roomba|acetrainerf|1389\n|player|p2|Chaitanya15|266|1482\n|teamsize|p1|6\n|teamsize|p2|6\n|gen|9\n|tier|[Gen 9] National Dex Ubers\n|rated|\n|rule|HP Percentage Mod: HP is shown in percentages\n|rule|Endless Battle Clause: Forcing endless battles is banned\n|rule|OHKO Clause: OHKO moves are banned\n|rule|Evasion Moves Clause: Evasion moves are banned\n|rule|Evasion Items Clause: Evasion items are banned\n|rule|Species Clause: Limit one of each Pok\u00e9mon\n|rule|Sleep Clause Mod: Limit one foe put to sleep\n|rule|Mega Rayquaza Clause: You cannot mega evolve Rayquaza\n|clearpoke\n|poke|p1|Beedrill, F|\n|poke|p1|Landorus, M|\n|poke|p1|Clefable, F|\n|poke|p1|Manaphy|\n|poke|p1|Scizor, F|\n|poke|p1|Cinderace, M|\n|poke|p2|Kingambit, M|\n|poke|p2|Basculegion, M|\n|poke|p2|Kyogre|\n|poke|p2|Flutter Mane|\n|poke|p2|Deoxys-Speed|\n|poke|p2|Groudon|\n|teampreview\n|inactive|Battle timer is ON: inactive players will automatically lose when time's up. (requested by Fumo on a Roomba)\n|\n|t:|1699458321\n|start\n|switch|p1a: Scizor|Scizor, F|100\/100\n|switch|p2a: Deoxys|Deoxys-Speed|100\/100\n|-ability|p2a: Deoxys|Pressure\n|turn|1\n|\n|t:|1699458329\n|move|p2a: Deoxys|Stealth Rock|p1a: Scizor\n|-sidestart|p1: Fumo on a Roomba|move: Stealth Rock\n|move|p1a: Scizor|Dual Wingbeat|p2a: Deoxys\n|-damage|p2a: Deoxys|70\/100\n|-damage|p2a: Deoxys|39\/100\n|-hitcount|p2a: Deoxys|2\n|\n|upkeep\n|turn|2\n|\n|t:|1699458336\n|move|p1a: Scizor|Bullet Punch|p2a: Deoxys\n|-damage|p2a: Deoxys|0 fnt\n|faint|p2a: Deoxys\n|\n|upkeep\n|\n|t:|1699458341\n|switch|p2a: Groudon|Groudon|100\/100\n|detailschange|p2a: Groudon|Groudon-Primal\n|-primal|p2a: Groudon|Red Orb\n|-weather|DesolateLand|[from] ability: Desolate Land|[of] p2a: Groudon\n|turn|3\n|\n|t:|1699458348\n|switch|p1a: Landorus|Landorus, M|100\/100\n|-damage|p1a: Landorus|88\/100|[from] Stealth Rock\n|move|p2a: Groudon|Rock Polish|p2a: Groudon\n|-boost|p2a: Groudon|spe|2\n|\n|-weather|DesolateLand|[upkeep]\n|upkeep\n|turn|4\n|\n|t:|1699458356\n|move|p2a: Groudon|Heat Crash|p1a: Landorus\n|-damage|p1a: Landorus|0 fnt\n|faint|p1a: Landorus\n|\n|-weather|DesolateLand|[upkeep]\n|upkeep\n|\n|t:|1699458365\n|switch|p1a: Manaphy|Manaphy|100\/100\n|-damage|p1a: Manaphy|88\/100|[from] Stealth Rock\n|turn|5\n|\n|t:|1699458371\n|move|p2a: Groudon|Swords Dance|p2a: Groudon\n|-boost|p2a: Groudon|atk|2\n|move|p1a: Manaphy|Tail Glow|p1a: Manaphy\n|-boost|p1a: Manaphy|spa|3\n|\n|-weather|DesolateLand|[upkeep]\n|upkeep\n|turn|6\n|\n|t:|1699458379\n|move|p2a: Groudon|Precipice Blades|p1a: Manaphy\n|-damage|p1a: Manaphy|0 fnt\n|faint|p1a: Manaphy\n|\n|-weather|DesolateLand|[upkeep]\n|upkeep\n|\n|t:|1699458388\n|switch|p1a: Clefable|Clefable, F|100\/100\n|-damage|p1a: Clefable|88\/100|[from] Stealth Rock\n|turn|7\n|\n|t:|1699458392\n|move|p2a: Groudon|Heat Crash|p1a: Clefable\n|-damage|p1a: Clefable|0 fnt\n|faint|p1a: Clefable\n|\n|-weather|DesolateLand|[upkeep]\n|upkeep\n|\n|t:|1699458397\n|switch|p1a: Scizor|Scizor, F|100\/100\n|-damage|p1a: Scizor|88\/100|[from] Stealth Rock\n|turn|8\n|\n|t:|1699458403\n|-terastallize|p1a: Scizor|Dragon\n|move|p2a: Groudon|Heat Crash|p1a: Scizor\n|-resisted|p1a: Scizor\n|-damage|p1a: Scizor|0 fnt\n|faint|p1a: Scizor\n|\n|-weather|DesolateLand|[upkeep]\n|upkeep\n|\n|t:|1699458407\n|switch|p1a: Cinderace|Cinderace, M|100\/100\n|turn|9\n|\n|t:|1699458412\n|move|p2a: Groudon|Precipice Blades|p1a: Cinderace\n|-supereffective|p1a: Cinderace\n|-damage|p1a: Cinderace|0 fnt\n|faint|p1a: Cinderace\n|\n|-weather|DesolateLand|[upkeep]\n|upkeep\n|-message|Fumo on a Roomba forfeited.\n|\n|win|Chaitanya15\n|raw|Fumo on a Roomba's rating: 1389 &rarr; <strong>1374<\/strong><br \/>(-15 for losing)\n|raw|Chaitanya15's rating: 1482 &rarr; <strong>1497<\/strong><br \/>(+15 for winning)\n|l|\u2606Fumo on a Roomba\n","uploadtime":1699458422,"views":11,"p1id":"fumoonaroomba","p2id":"chaitanya15","formatid":"gen9nationaldexubers","rating":1374,"private":0,"password":""}