{"id":"gen9nationaldexubers-1995800083","p1":"Razorgliscor472","p2":"XX_1nfinity_XX","format":"[Gen 9] National Dex Ubers","log":"|j|\u2606Razorgliscor472\n|j|\u2606XX_1nfinity_XX\n|t:|1700604372\n|gametype|singles\n|player|p1|Razorgliscor472|170|\n|player|p2|XX_1nfinity_XX|steven|\n|teamsize|p1|6\n|teamsize|p2|6\n|gen|9\n|tier|[Gen 9] National Dex Ubers\n|rule|HP Percentage Mod: HP is shown in percentages\n|rule|Endless Battle Clause: Forcing endless battles is banned\n|rule|OHKO Clause: OHKO moves are banned\n|rule|Evasion Moves Clause: Evasion moves are banned\n|rule|Evasion Items Clause: Evasion items are banned\n|rule|Species Clause: Limit one of each Pok\u00e9mon\n|rule|Sleep Clause Mod: Limit one foe put to sleep\n|rule|Mega Rayquaza Clause: You cannot mega evolve Rayquaza\n|clearpoke\n|poke|p1|Gastrodon, M|\n|poke|p1|Excadrill, F|\n|poke|p1|Ogerpon-Hearthflame, F|\n|poke|p1|Clodsire, F|\n|poke|p1|Zygarde|\n|poke|p1|Landorus-Therian, M|\n|poke|p2|Swampert, M|\n|poke|p2|Blaziken, M|\n|poke|p2|Empoleon, M|\n|poke|p2|Meowscarada, F|\n|poke|p2|Cinderace, F|\n|poke|p2|Rillaboom, F|\n|teampreview\n|inactive|Battle timer is ON: inactive players will automatically lose when time's up. (requested by XX_1nfinity_XX)\n|c|\u2606Razorgliscor472|Glhf\n|c|\u2606XX_1nfinity_XX|ohh wait\n|c|\u2606XX_1nfinity_XX|my team wasnt aproved\n|inactive|XX_1nfinity_XX has 270 seconds left.\n|inactiveoff|Battle timer is now OFF.\n|c|\u2606XX_1nfinity_XX|ok done\n|\n|t:|1700604438\n|start\n|switch|p1a: Clodsire|Clodsire, F|100\/100\n|switch|p2a: Empoleon|Empoleon, M|100\/100\n|turn|1\n|\n|t:|1700604443\n|move|p2a: Empoleon|Knock Off|p1a: Clodsire\n|-damage|p1a: Clodsire|82\/100\n|-enditem|p1a: Clodsire|Black Sludge|[from] move: Knock Off|[of] p2a: Empoleon\n|move|p1a: Clodsire|Stealth Rock|p2a: Empoleon\n|-sidestart|p2: XX_1nfinity_XX|move: Stealth Rock\n|\n|upkeep\n|turn|2\n|\n|t:|1700604446\n|move|p2a: Empoleon|Defog|p1a: Clodsire\n|-unboost|p1a: Clodsire|evasion|1\n|-sideend|p2: XX_1nfinity_XX|Stealth Rock|[from] move: Defog|[of] p2a: Empoleon\n|move|p1a: Clodsire|Earthquake|p2a: Empoleon\n|-supereffective|p2a: Empoleon\n|-damage|p2a: Empoleon|60\/100\n|\n|-heal|p2a: Empoleon|66\/100|[from] item: Leftovers\n|upkeep\n|turn|3\n|\n|t:|1700604449\n|move|p2a: Empoleon|Scald|p1a: Clodsire\n|-heal|p1a: Clodsire|100\/100|[from] ability: Water Absorb|[of] p2a: Empoleon\n|move|p1a: Clodsire|Stealth Rock|p2a: Empoleon\n|-sidestart|p2: XX_1nfinity_XX|move: Stealth Rock\n|\n|-heal|p2a: Empoleon|73\/100|[from] item: Leftovers\n|upkeep\n|turn|4\n|\n|t:|1700604454\n|move|p2a: Empoleon|Defog|p1a: Clodsire\n|-unboost|p1a: Clodsire|evasion|1\n|-sideend|p2: XX_1nfinity_XX|Stealth Rock|[from] move: Defog|[of] p2a: Empoleon\n|move|p1a: Clodsire|Earthquake|p2a: Empoleon\n|-supereffective|p2a: Empoleon\n|-damage|p2a: Empoleon|35\/100\n|\n|-heal|p2a: Empoleon|41\/100|[from] item: Leftovers\n|upkeep\n|turn|5\n|\n|t:|1700604458\n|move|p2a: Empoleon|Roost|p2a: Empoleon\n|-heal|p2a: Empoleon|91\/100\n|-singleturn|p2a: Empoleon|move: Roost\n|move|p1a: Clodsire|Earthquake|p2a: Empoleon\n|-supereffective|p2a: Empoleon\n|-damage|p2a: Empoleon|52\/100\n|\n|-heal|p2a: Empoleon|59\/100|[from] item: Leftovers\n|upkeep\n|turn|6\n|\n|t:|1700604468\n|move|p2a: Empoleon|Roost|p2a: Empoleon\n|-heal|p2a: Empoleon|100\/100\n|-singleturn|p2a: Empoleon|move: Roost\n|move|p1a: Clodsire|Earthquake|p2a: Empoleon\n|-supereffective|p2a: Empoleon\n|-damage|p2a: Empoleon|62\/100\n|\n|-heal|p2a: Empoleon|68\/100|[from] item: Leftovers\n|upkeep\n|turn|7\n|\n|t:|1700604488\n|switch|p2a: Meowscarada|Meowscarada, F|100\/100\n|move|p1a: Clodsire|Earthquake|p2a: Meowscarada\n|-resisted|p2a: Meowscarada\n|-damage|p2a: Meowscarada|78\/100\n|\n|upkeep\n|turn|8\n|\n|t:|1700604498\n|move|p2a: Meowscarada|Flower Trick|p1a: Clodsire\n|-start|p2a: Meowscarada|typechange|Grass|[from] ability: Protean\n|-crit|p1a: Clodsire\n|-damage|p1a: Clodsire|18\/100\n|move|p1a: Clodsire|Stealth Rock|p2a: Meowscarada\n|-sidestart|p2: XX_1nfinity_XX|move: Stealth Rock\n|\n|upkeep\n|turn|9\n|\n|t:|1700604510\n|switch|p2a: Cinderace|Cinderace, F|100\/100\n|switch|p1a: Ogerpon|Ogerpon-Hearthflame, F|100\/100\n|-ability|p1a: Ogerpon|Mold Breaker\n|\n|upkeep\n|turn|10\n|\n|t:|1700604516\n|switch|p1a: Landorus|Landorus-Therian, M|100\/100\n|-ability|p1a: Landorus|Intimidate|boost\n|-unboost|p2a: Cinderace|atk|1\n|move|p2a: Cinderace|Pyro Ball|p1a: Landorus\n|-damage|p1a: Landorus|66\/100\n|\n|-heal|p1a: Landorus|72\/100|[from] item: Leftovers\n|upkeep\n|turn|11\n|\n|t:|1700604537\n|move|p2a: Cinderace|U-turn|p1a: Landorus\n|-start|p2a: Cinderace|typechange|Bug|[from] ability: Libero\n|-resisted|p1a: Landorus\n|-damage|p1a: Landorus|62\/100\n|\n|t:|1700604541\n|switch|p2a: Swampert|Swampert, M|100\/100|[from] U-turn\n|-damage|p2a: Swampert|94\/100|[from] Stealth Rock\n|move|p1a: Landorus|Earthquake|p2a: Swampert\n|-damage|p2a: Swampert|48\/100\n|\n|-heal|p1a: Landorus|68\/100|[from] item: Leftovers\n|upkeep\n|turn|12\n|\n|t:|1700604550\n|switch|p1a: Clodsire|Clodsire, F|18\/100\n|detailschange|p2a: Swampert|Swampert-Mega, M\n|-mega|p2a: Swampert|Swampert|Swampertite\n|move|p2a: Swampert|Toxic|p1a: Clodsire\n|-immune|p1a: Clodsire\n|\n|upkeep\n|turn|13\n|\n|t:|1700604562\n|switch|p2a: Meowscarada|Meowscarada, F|78\/100\n|-damage|p2a: Meowscarada|66\/100|[from] Stealth Rock\n|switch|p1a: Landorus|Landorus-Therian, M|68\/100\n|-ability|p1a: Landorus|Intimidate|boost\n|-unboost|p2a: Meowscarada|atk|1\n|\n|-heal|p1a: Landorus|74\/100|[from] item: Leftovers\n|upkeep\n|turn|14\n|\n|t:|1700604572\n|switch|p1a: Clodsire|Clodsire, F|18\/100\n|move|p2a: Meowscarada|U-turn|p1a: Clodsire\n|-start|p2a: Meowscarada|typechange|Bug|[from] ability: Protean\n|-resisted|p1a: Clodsire\n|-damage|p1a: Clodsire|0 fnt\n|faint|p1a: Clodsire\n|\n|t:|1700604582\n|switch|p2a: Cinderace|Cinderace, F|100\/100|[from] U-turn\n|\n|upkeep\n|\n|t:|1700604588\n|switch|p1a: Excadrill|Excadrill, F|100\/100\n|-ability|p1a: Excadrill|Mold Breaker\n|turn|15\n|\n|t:|1700604596\n|switch|p2a: Swampert|Swampert-Mega, M|48\/100\n|-damage|p2a: Swampert|42\/100|[from] Stealth Rock\n|move|p1a: Excadrill|Earthquake|p2a: Swampert\n|-damage|p2a: Swampert|0 fnt\n|faint|p2a: Swampert\n|\n|upkeep\n|\n|t:|1700604602\n|switch|p2a: Rillaboom|Rillaboom, F|100\/100\n|-damage|p2a: Rillaboom|88\/100|[from] Stealth Rock\n|-fieldstart|move: Grassy Terrain|[from] ability: Grassy Surge|[of] p2a: Rillaboom\n|turn|16\n|\n|t:|1700604610\n|switch|p1a: Ogerpon|Ogerpon-Hearthflame, F|100\/100\n|-ability|p1a: Ogerpon|Mold Breaker\n|move|p2a: Rillaboom|U-turn|p1a: Ogerpon\n|-damage|p1a: Ogerpon|67\/100\n|\n|t:|1700604617\n|switch|p2a: Cinderace|Cinderace, F|100\/100|[from] U-turn\n|\n|-heal|p1a: Ogerpon|73\/100|[from] Grassy Terrain\n|upkeep\n|turn|17\n|\n|t:|1700604634\n|switch|p1a: Zygarde|Zygarde|100\/100\n|-ability|p1a: Zygarde|Aura Break\n|move|p2a: Cinderace|Pyro Ball|p1a: Zygarde\n|-resisted|p1a: Zygarde\n|-damage|p1a: Zygarde|79\/100\n|\n|-heal|p1a: Zygarde|85\/100|[from] Grassy Terrain\n|-heal|p1a: Zygarde|92\/100|[from] item: Leftovers\n|upkeep\n|turn|18\n|\n|t:|1700604642\n|move|p2a: Cinderace|U-turn|p1a: Zygarde\n|-start|p2a: Cinderace|typechange|Bug|[from] ability: Libero\n|-damage|p1a: Zygarde|69\/100\n|\n|t:|1700604647\n|switch|p2a: Rillaboom|Rillaboom, F|88\/100|[from] U-turn\n|-damage|p2a: Rillaboom|76\/100|[from] Stealth Rock\n|move|p1a: Zygarde|Substitute|p1a: Zygarde\n|-start|p1a: Zygarde|Substitute\n|-damage|p1a: Zygarde|44\/100\n|\n|-heal|p2a: Rillaboom|82\/100|[from] Grassy Terrain\n|-heal|p1a: Zygarde|50\/100|[from] Grassy Terrain\n|-heal|p1a: Zygarde|56\/100|[from] item: Leftovers\n|upkeep\n|turn|19\n|\n|t:|1700604656\n|move|p2a: Rillaboom|Grassy Glide|p1a: Zygarde\n|-end|p1a: Zygarde|Substitute\n|move|p1a: Zygarde|Glare|p2a: Rillaboom\n|-status|p2a: Rillaboom|par\n|\n|-heal|p1a: Zygarde|62\/100|[from] Grassy Terrain\n|-heal|p1a: Zygarde|68\/100|[from] item: Leftovers\n|-heal|p2a: Rillaboom|88\/100 par|[from] Grassy Terrain\n|upkeep\n|turn|20\n|\n|t:|1700604663\n|move|p2a: Rillaboom|Grassy Glide|p1a: Zygarde\n|-damage|p1a: Zygarde|40\/100\n|move|p1a: Zygarde|Coil|p1a: Zygarde\n|-boost|p1a: Zygarde|atk|1\n|-boost|p1a: Zygarde|def|1\n|-boost|p1a: Zygarde|accuracy|1\n|\n|-heal|p1a: Zygarde|46\/100|[from] Grassy Terrain\n|-heal|p1a: Zygarde|52\/100|[from] item: Leftovers\n|-heal|p2a: Rillaboom|94\/100 par|[from] Grassy Terrain\n|upkeep\n|turn|21\n|\n|t:|1700604672\n|-terastallize|p1a: Zygarde|Steel\n|move|p1a: Zygarde|Coil|p1a: Zygarde\n|-boost|p1a: Zygarde|atk|1\n|-boost|p1a: Zygarde|def|1\n|-boost|p1a: Zygarde|accuracy|1\n|move|p2a: Rillaboom|U-turn|p1a: Zygarde\n|-resisted|p1a: Zygarde\n|-damage|p1a: Zygarde|48\/100\n|\n|t:|1700604686\n|switch|p2a: Blaziken|Blaziken, M|100\/100|[from] U-turn\n|-damage|p2a: Blaziken|88\/100|[from] Stealth Rock\n|\n|-heal|p2a: Blaziken|94\/100|[from] Grassy Terrain\n|-heal|p1a: Zygarde|54\/100|[from] Grassy Terrain\n|-heal|p1a: Zygarde|60\/100|[from] item: Leftovers\n|upkeep\n|turn|22\n|\n|t:|1700604695\n|switch|p1a: Landorus|Landorus-Therian, M|74\/100\n|-ability|p1a: Landorus|Intimidate|boost\n|-unboost|p2a: Blaziken|atk|1\n|move|p2a: Blaziken|Protect||[still]\n|-fail|p2a: Blaziken\n|\n|-heal|p2a: Blaziken|99\/100|[from] Grassy Terrain\n|-heal|p1a: Landorus|80\/100|[from] item: Leftovers\n|-ability|p2a: Blaziken|Speed Boost|boost\n|-boost|p2a: Blaziken|spe|1\n|upkeep\n|turn|23\n|\n|t:|1700604702\n|switch|p2a: Rillaboom|Rillaboom, F|94\/100 par\n|-damage|p2a: Rillaboom|82\/100 par|[from] Stealth Rock\n|move|p1a: Landorus|Earthquake|p2a: Rillaboom\n|-resisted|p2a: Rillaboom\n|-damage|p2a: Rillaboom|69\/100 par\n|\n|-heal|p1a: Landorus|86\/100|[from] item: Leftovers\n|-heal|p2a: Rillaboom|76\/100 par|[from] Grassy Terrain\n|-fieldend|move: Grassy Terrain\n|upkeep\n|turn|24\n|\n|t:|1700604710\n|move|p1a: Landorus|Bulk Up|p1a: Landorus\n|-boost|p1a: Landorus|atk|1\n|-boost|p1a: Landorus|def|1\n|move|p2a: Rillaboom|U-turn|p1a: Landorus\n|-resisted|p1a: Landorus\n|-crit|p1a: Landorus\n|-damage|p1a: Landorus|68\/100\n|c|\u2606XX_1nfinity_XX|huh\n|\n|t:|1700604722\n|switch|p2a: Meowscarada|Meowscarada, F|66\/100|[from] U-turn\n|-damage|p2a: Meowscarada|53\/100|[from] Stealth Rock\n|\n|-heal|p1a: Landorus|75\/100|[from] item: Leftovers\n|upkeep\n|turn|25\n|\n|t:|1700604730\n|-terastallize|p2a: Meowscarada|Grass\n|move|p2a: Meowscarada|Flower Trick|p1a: Landorus\n|-crit|p1a: Landorus\n|-damage|p1a: Landorus|0 fnt\n|faint|p1a: Landorus\n|\n|upkeep\n|\n|t:|1700604736\n|switch|p1a: Ogerpon|Ogerpon-Hearthflame, F|73\/100\n|-ability|p1a: Ogerpon|Mold Breaker\n|turn|26\n|\n|t:|1700604744\n|switch|p2a: Cinderace|Cinderace, F|100\/100\n|move|p1a: Ogerpon|Ivy Cudgel|p2a: Cinderace|[anim] Ivy Cudgel Fire\n|-resisted|p2a: Cinderace\n|-damage|p2a: Cinderace|57\/100\n|\n|upkeep\n|turn|27\n|\n|t:|1700604758\n|switch|p1a: Gastrodon|Gastrodon, M|100\/100\n|move|p2a: Cinderace|Pyro Ball|p1a: Gastrodon\n|-resisted|p1a: Gastrodon\n|-damage|p1a: Gastrodon|79\/100\n|\n|-heal|p1a: Gastrodon|85\/100|[from] item: Leftovers\n|upkeep\n|turn|28\n|\n|t:|1700604773\n|move|p2a: Cinderace|U-turn|p1a: Gastrodon\n|-start|p2a: Cinderace|typechange|Bug|[from] ability: Libero\n|-damage|p1a: Gastrodon|61\/100\n|\n|t:|1700604776\n|switch|p2a: Empoleon|Empoleon, M|68\/100|[from] U-turn\n|-damage|p2a: Empoleon|62\/100|[from] Stealth Rock\n|move|p1a: Gastrodon|Spikes|p2a: Empoleon\n|-sidestart|p2: XX_1nfinity_XX|Spikes\n|\n|-heal|p2a: Empoleon|68\/100|[from] item: Leftovers\n|-heal|p1a: Gastrodon|67\/100|[from] item: Leftovers\n|upkeep\n|turn|29\n|\n|t:|1700604782\n|switch|p1a: Zygarde|Zygarde, tera:Steel|60\/100\n|-ability|p1a: Zygarde|Aura Break\n|move|p2a: Empoleon|Defog|p1a: Zygarde\n|-unboost|p1a: Zygarde|evasion|1\n|-sideend|p2: XX_1nfinity_XX|Spikes|[from] move: Defog|[of] p2a: Empoleon\n|-sideend|p2: XX_1nfinity_XX|Stealth Rock|[from] move: Defog|[of] p2a: Empoleon\n|\n|-heal|p1a: Zygarde|67\/100|[from] item: Leftovers\n|-heal|p2a: Empoleon|74\/100|[from] item: Leftovers\n|upkeep\n|turn|30\n|\n|t:|1700604786\n|move|p1a: Zygarde|Substitute|p1a: Zygarde\n|-start|p1a: Zygarde|Substitute\n|-damage|p1a: Zygarde|42\/100\n|move|p2a: Empoleon|Knock Off|p1a: Zygarde\n|-activate|p1a: Zygarde|move: Substitute|[damage]\n|\n|-heal|p1a: Zygarde|48\/100|[from] item: Leftovers\n|-heal|p2a: Empoleon|80\/100|[from] item: Leftovers\n|upkeep\n|turn|31\n|\n|t:|1700604791\n|move|p1a: Zygarde|Coil|p1a: Zygarde\n|-boost|p1a: Zygarde|atk|1\n|-boost|p1a: Zygarde|def|1\n|-boost|p1a: Zygarde|accuracy|1\n|move|p2a: Empoleon|Scald|p1a: Zygarde\n|-end|p1a: Zygarde|Substitute\n|\n|-heal|p1a: Zygarde|54\/100|[from] item: Leftovers\n|-heal|p2a: Empoleon|87\/100|[from] item: Leftovers\n|upkeep\n|turn|32\n|\n|t:|1700604795\n|move|p1a: Zygarde|Substitute|p1a: Zygarde\n|-start|p1a: Zygarde|Substitute\n|-damage|p1a: Zygarde|29\/100\n|move|p2a: Empoleon|Scald|p1a: Zygarde\n|-activate|p1a: Zygarde|move: Substitute|[damage]\n|\n|-heal|p1a: Zygarde|35\/100|[from] item: Leftovers\n|-heal|p2a: Empoleon|93\/100|[from] item: Leftovers\n|upkeep\n|turn|33\n|\n|t:|1700604798\n|move|p1a: Zygarde|Thousand Arrows|p2a: Empoleon\n|-supereffective|p2a: Empoleon\n|-damage|p2a: Empoleon|19\/100\n|move|p2a: Empoleon|Scald|p1a: Zygarde\n|-end|p1a: Zygarde|Substitute\n|\n|-heal|p1a: Zygarde|41\/100|[from] item: Leftovers\n|-heal|p2a: Empoleon|25\/100|[from] item: Leftovers\n|upkeep\n|turn|34\n|\n|t:|1700604803\n|move|p1a: Zygarde|Substitute|p1a: Zygarde\n|-start|p1a: Zygarde|Substitute\n|-damage|p1a: Zygarde|16\/100\n|move|p2a: Empoleon|Scald|p1a: Zygarde\n|-activate|p1a: Zygarde|move: Substitute|[damage]\n|\n|-heal|p1a: Zygarde|23\/100|[from] item: Leftovers\n|-heal|p2a: Empoleon|31\/100|[from] item: Leftovers\n|upkeep\n|turn|35\n|\n|t:|1700604806\n|switch|p2a: Rillaboom|Rillaboom, F|76\/100 par\n|-fieldstart|move: Grassy Terrain|[from] ability: Grassy Surge|[of] p2a: Rillaboom\n|move|p1a: Zygarde|Thousand Arrows|p2a: Rillaboom\n|-resisted|p2a: Rillaboom\n|-damage|p2a: Rillaboom|49\/100 par\n|\n|-heal|p1a: Zygarde|29\/100|[from] Grassy Terrain\n|-heal|p1a: Zygarde|35\/100|[from] item: Leftovers\n|-heal|p2a: Rillaboom|55\/100 par|[from] Grassy Terrain\n|upkeep\n|turn|36\n|\n|t:|1700604812\n|move|p2a: Rillaboom|Grassy Glide|p1a: Zygarde\n|-resisted|p1a: Zygarde\n|-end|p1a: Zygarde|Substitute\n|move|p1a: Zygarde|Thousand Arrows|p2a: Rillaboom\n|-resisted|p2a: Rillaboom\n|-damage|p2a: Rillaboom|26\/100 par\n|\n|-heal|p1a: Zygarde|41\/100|[from] Grassy Terrain\n|-heal|p1a: Zygarde|47\/100|[from] item: Leftovers\n|-heal|p2a: Rillaboom|32\/100 par|[from] Grassy Terrain\n|upkeep\n|turn|37\n|\n|t:|1700604817\n|move|p2a: Rillaboom|Grassy Glide|p1a: Zygarde\n|-resisted|p1a: Zygarde\n|-damage|p1a: Zygarde|39\/100\n|move|p1a: Zygarde|Substitute|p1a: Zygarde\n|-start|p1a: Zygarde|Substitute\n|-damage|p1a: Zygarde|14\/100\n|\n|-heal|p1a: Zygarde|20\/100|[from] Grassy Terrain\n|-heal|p1a: Zygarde|26\/100|[from] item: Leftovers\n|-heal|p2a: Rillaboom|38\/100 par|[from] Grassy Terrain\n|upkeep\n|turn|38\n|\n|t:|1700604824\n|move|p2a: Rillaboom|Grassy Glide|p1a: Zygarde\n|-resisted|p1a: Zygarde\n|-activate|p1a: Zygarde|move: Substitute|[damage]\n|move|p1a: Zygarde|Thousand Arrows|p2a: Rillaboom\n|-resisted|p2a: Rillaboom\n|-crit|p2a: Rillaboom\n|-damage|p2a: Rillaboom|0 fnt\n|faint|p2a: Rillaboom\n|\n|-heal|p1a: Zygarde|32\/100|[from] Grassy Terrain\n|-heal|p1a: Zygarde|38\/100|[from] item: Leftovers\n|upkeep\n|\n|t:|1700604828\n|switch|p2a: Cinderace|Cinderace, F|57\/100\n|turn|39\n|\n|t:|1700604831\n|move|p2a: Cinderace|Pyro Ball|p1a: Zygarde\n|-supereffective|p1a: Zygarde\n|-end|p1a: Zygarde|Substitute\n|move|p1a: Zygarde|Thousand Arrows|p2a: Cinderace\n|-supereffective|p2a: Cinderace\n|-damage|p2a: Cinderace|0 fnt\n|faint|p2a: Cinderace\n|\n|-heal|p1a: Zygarde|45\/100|[from] Grassy Terrain\n|-heal|p1a: Zygarde|51\/100|[from] item: Leftovers\n|upkeep\n|\n|t:|1700604836\n|switch|p2a: Blaziken|Blaziken, M|99\/100\n|turn|40\n|\n|t:|1700604848\n|move|p2a: Blaziken|Flare Blitz|p1a: Zygarde\n|-supereffective|p1a: Zygarde\n|-damage|p1a: Zygarde|0 fnt\n|faint|p1a: Zygarde\n|-damage|p2a: Blaziken|78\/100|[from] Recoil\n|\n|-heal|p2a: Blaziken|84\/100|[from] Grassy Terrain\n|-ability|p2a: Blaziken|Speed Boost|boost\n|-boost|p2a: Blaziken|spe|1\n|upkeep\n|\n|t:|1700604854\n|switch|p1a: Gastrodon|Gastrodon, M|67\/100\n|turn|41\n|\n|t:|1700604860\n|move|p2a: Blaziken|Protect|p2a: Blaziken\n|-singleturn|p2a: Blaziken|Protect\n|move|p1a: Gastrodon|Scald|p2a: Blaziken\n|-activate|p2a: Blaziken|move: Protect\n|\n|-heal|p2a: Blaziken|90\/100|[from] Grassy Terrain\n|-heal|p1a: Gastrodon|73\/100|[from] Grassy Terrain\n|-heal|p1a: Gastrodon|79\/100|[from] item: Leftovers\n|-ability|p2a: Blaziken|Speed Boost|boost\n|-boost|p2a: Blaziken|spe|1\n|upkeep\n|turn|42\n|\n|t:|1700604870\n|-zpower|p2a: Blaziken\n|move|p2a: Blaziken|Supersonic Skystrike|p1a: Gastrodon|[zeffect]\n|-damage|p1a: Gastrodon|32\/100\n|move|p1a: Gastrodon|Recover|p1a: Gastrodon\n|-heal|p1a: Gastrodon|82\/100\n|\n|-heal|p2a: Blaziken|96\/100|[from] Grassy Terrain\n|-heal|p1a: Gastrodon|88\/100|[from] Grassy Terrain\n|-heal|p1a: Gastrodon|94\/100|[from] item: Leftovers\n|-fieldend|move: Grassy Terrain\n|-ability|p2a: Blaziken|Speed Boost|boost\n|-boost|p2a: Blaziken|spe|1\n|upkeep\n|turn|43\n|\n|t:|1700604881\n|switch|p2a: Empoleon|Empoleon, M|31\/100\n|move|p1a: Gastrodon|Scald|p2a: Empoleon\n|-resisted|p2a: Empoleon\n|-damage|p2a: Empoleon|20\/100\n|-status|p2a: Empoleon|brn\n|\n|-heal|p2a: Empoleon|26\/100 brn|[from] item: Leftovers\n|-heal|p1a: Gastrodon|99\/100|[from] item: Leftovers\n|-damage|p2a: Empoleon|20\/100 brn|[from] brn\n|upkeep\n|turn|44\n|\n|t:|1700604886\n|switch|p1a: Excadrill|Excadrill, F|100\/100\n|-ability|p1a: Excadrill|Mold Breaker\n|move|p2a: Empoleon|Knock Off|p1a: Excadrill\n|-damage|p1a: Excadrill|87\/100\n|-enditem|p1a: Excadrill|Choice Scarf|[from] move: Knock Off|[of] p2a: Empoleon\n|\n|-heal|p2a: Empoleon|26\/100 brn|[from] item: Leftovers\n|-damage|p2a: Empoleon|20\/100 brn|[from] brn\n|upkeep\n|turn|45\n|\n|t:|1700604893\n|move|p1a: Excadrill|Earthquake|p2a: Empoleon\n|-supereffective|p2a: Empoleon\n|-damage|p2a: Empoleon|0 fnt\n|faint|p2a: Empoleon\n|\n|upkeep\n|\n|t:|1700604906\n|switch|p2a: Blaziken|Blaziken, M|96\/100\n|turn|46\n|\n|t:|1700604913\n|move|p2a: Blaziken|Protect|p2a: Blaziken\n|-singleturn|p2a: Blaziken|Protect\n|move|p1a: Excadrill|Earthquake|p2a: Blaziken\n|-activate|p2a: Blaziken|move: Protect\n|\n|-ability|p2a: Blaziken|Speed Boost|boost\n|-boost|p2a: Blaziken|spe|1\n|upkeep\n|turn|47\n|\n|t:|1700604916\n|move|p2a: Blaziken|Flare Blitz|p1a: Excadrill\n|-supereffective|p1a: Excadrill\n|-damage|p1a: Excadrill|0 fnt\n|faint|p1a: Excadrill\n|-damage|p2a: Blaziken|62\/100|[from] Recoil\n|\n|-ability|p2a: Blaziken|Speed Boost|boost\n|-boost|p2a: Blaziken|spe|1\n|upkeep\n|\n|t:|1700604922\n|switch|p1a: Gastrodon|Gastrodon, M|99\/100\n|turn|48\n|\n|t:|1700604927\n|switch|p2a: Meowscarada|Meowscarada, F, tera:Grass|53\/100\n|move|p1a: Gastrodon|Scald|p2a: Meowscarada\n|-resisted|p2a: Meowscarada\n|-damage|p2a: Meowscarada|35\/100\n|\n|-heal|p1a: Gastrodon|100\/100|[from] item: Leftovers\n|upkeep\n|turn|49\n|\n|t:|1700604940\n|move|p2a: Meowscarada|U-turn|p1a: Gastrodon\n|-damage|p1a: Gastrodon|78\/100\n|c|\u2606XX_1nfinity_XX|uhh\n|c|\u2606XX_1nfinity_XX|you were suposed to switch\n|\n|t:|1700604954\n|switch|p2a: Blaziken|Blaziken, M|62\/100|[from] U-turn\n|move|p1a: Gastrodon|Scald|p2a: Blaziken\n|-supereffective|p2a: Blaziken\n|-damage|p2a: Blaziken|0 fnt\n|faint|p2a: Blaziken\n|\n|-heal|p1a: Gastrodon|84\/100|[from] item: Leftovers\n|upkeep\n|\n|t:|1700604956\n|switch|p2a: Meowscarada|Meowscarada, F, tera:Grass|35\/100\n|turn|50\n|c|\u2606Razorgliscor472|:KekW:\n|c|\u2606Razorgliscor472|Thats not a rule\n|c|\u2606XX_1nfinity_XX|man\n|\n|t:|1700604967\n|move|p2a: Meowscarada|Flower Trick|p1a: Gastrodon\n|-supereffective|p1a: Gastrodon\n|-crit|p1a: Gastrodon\n|-damage|p1a: Gastrodon|0 fnt\n|faint|p1a: Gastrodon\n|\n|upkeep\n|\n|t:|1700604970\n|switch|p1a: Ogerpon|Ogerpon-Hearthflame, F|73\/100\n|-ability|p1a: Ogerpon|Mold Breaker\n|turn|51\n|c|\u2606XX_1nfinity_XX|shouldnt try out predicting\n|\n|t:|1700604976\n|move|p2a: Meowscarada|Flower Trick|p1a: Ogerpon\n|-resisted|p1a: Ogerpon\n|-crit|p1a: Ogerpon\n|-damage|p1a: Ogerpon|43\/100\n|move|p1a: Ogerpon|Ivy Cudgel|p2a: Meowscarada|[anim] Ivy Cudgel Fire\n|-supereffective|p2a: Meowscarada\n|-damage|p2a: Meowscarada|0 fnt\n|faint|p2a: Meowscarada\n|\n|win|Razorgliscor472\n|c|\u2606Razorgliscor472|Gga\n|c|\u2606Razorgliscor472|Ggs*\n|c|\u2606XX_1nfinity_XX|ggs\n","uploadtime":1700604989,"views":1,"p1id":"razorgliscor472","p2id":"xx1nfinityxx","formatid":"gen9nationaldexubers","rating":0,"private":0,"password":""}