{"id":"gen9nationaldexubers-1983628993","p1":"Lp-$tylez","p2":"Fishman_42","format":"[Gen 9] National Dex Ubers","log":"|j|\u2606Lp-$tylez\n|j|\u2606Fishman_42\n|t:|1699151346\n|gametype|singles\n|player|p1|Lp-$tylez|interviewers|\n|player|p2|Fishman_42|steven|\n|teamsize|p1|6\n|teamsize|p2|6\n|gen|9\n|tier|[Gen 9] National Dex Ubers\n|rule|HP Percentage Mod: HP is shown in percentages\n|rule|Endless Battle Clause: Forcing endless battles is banned\n|rule|OHKO Clause: OHKO moves are banned\n|rule|Evasion Moves Clause: Evasion moves are banned\n|rule|Evasion Items Clause: Evasion items are banned\n|rule|Species Clause: Limit one of each Pok\u00e9mon\n|rule|Sleep Clause Mod: Limit one foe put to sleep\n|rule|Mega Rayquaza Clause: You cannot mega evolve Rayquaza\n|clearpoke\n|poke|p1|Lopunny, M|\n|poke|p1|Ninetales, F|\n|poke|p1|Venusaur, M|\n|poke|p1|Azumarill, M|\n|poke|p1|Clodsire, M|\n|poke|p1|Altaria, M|\n|poke|p2|Great Tusk|\n|poke|p2|Granbull, M|\n|poke|p2|Heatran, M|\n|poke|p2|Lycanroc, F|\n|poke|p2|Victreebel, F|\n|poke|p2|Torkoal, M|\n|teampreview\n|c|\u2606Fishman_42|Lemme send a link\n|j| paultheconvincer\n|j| Bidens crackpipe\n|j| Pks BloodEagle\n|j| GS Wendigo\n|j| Pokemon kill squad\n|c| Pokemon kill squad|Go now\n|l| GS Wendigo\n|j| Pks suckss\n|c|\u2606Fishman_42|Lets go\n|inactive|Battle timer is ON: inactive players will automatically lose when time's up. (requested by Fishman_42)\n|\n|t:|1699151440\n|start\n|switch|p1a: Altaria|Altaria, M|100\/100\n|switch|p2a: Granbull|Granbull, M|100\/100\n|-ability|p1a: Altaria|Cloud Nine\n|-ability|p2a: Granbull|Intimidate|boost\n|-unboost|p1a: Altaria|atk|1\n|turn|1\n|\n|t:|1699151464\n|switch|p1a: Venusaur|Venusaur, M, shiny|100\/100\n|move|p2a: Granbull|Thunder Wave|p1a: Venusaur\n|-status|p1a: Venusaur|par\n|\n|upkeep\n|turn|2\n|j| PLM2fgs\n|inactive|Lp-$tylez has 270 seconds left.\n|l| Pks BloodEagle\n|\n|t:|1699151487\n|switch|p2a: Heatran|Heatran, M|100\/100\n|move|p1a: Venusaur|Sludge Bomb|p2a: Heatran\n|-immune|p2a: Heatran\n|\n|upkeep\n|turn|3\n|\n|t:|1699151497\n|switch|p1a: Clodsire|Clodsire, M|100\/100\n|-item|p1a: Clodsire|Air Balloon\n|move|p2a: Heatran|Stealth Rock|p1a: Clodsire\n|-sidestart|p1: Lp-$tylez|move: Stealth Rock\n|\n|upkeep\n|turn|4\n|\n|t:|1699151513\n|switch|p2a: Lycanroc|Lycanroc, F|100\/100\n|move|p1a: Clodsire|Toxic|p2a: Lycanroc\n|-status|p2a: Lycanroc|tox\n|\n|-damage|p2a: Lycanroc|94\/100 tox|[from] psn\n|upkeep\n|turn|5\n|\n|t:|1699151528\n|move|p2a: Lycanroc|Psychic Fangs|p1a: Clodsire\n|-supereffective|p1a: Clodsire\n|-damage|p1a: Clodsire|6\/100\n|-enditem|p1a: Clodsire|Air Balloon\n|move|p1a: Clodsire|Earthquake|p2a: Lycanroc\n|-supereffective|p2a: Lycanroc\n|-damage|p2a: Lycanroc|6\/100 tox\n|\n|-damage|p2a: Lycanroc|0 fnt|[from] psn\n|faint|p2a: Lycanroc\n|upkeep\n|inactive|Fishman_42 has 270 seconds left.\n|c| Pokemon kill squad|Gay lesbian sex\n|\n|t:|1699151561\n|switch|p2a: Great Tusk|Great Tusk|100\/100\n|turn|6\n|\n|t:|1699151575\n|move|p2a: Great Tusk|Knock Off|p1a: Clodsire\n|-damage|p1a: Clodsire|0 fnt\n|faint|p1a: Clodsire\n|\n|upkeep\n|inactive|Lp-$tylez has 270 seconds left.\n|\n|t:|1699151592\n|switch|p1a: Azumarill|Azumarill, M|100\/100\n|-damage|p1a: Azumarill|88\/100|[from] Stealth Rock\n|turn|7\n|j| Pks BloodEagle\n|inactive|Lp-$tylez has 270 seconds left.\n|inactive|Fishman_42 has 270 seconds left.\n|\n|t:|1699151605\n|-end|p2a: Great Tusk|Protosynthesis|[silent]\n|switch|p2a: Granbull|Granbull, M|100\/100\n|-ability|p2a: Granbull|Intimidate|boost\n|-unboost|p1a: Azumarill|atk|1\n|move|p1a: Azumarill|Liquidation|p2a: Granbull\n|-damage|p2a: Granbull|59\/100\n|-unboost|p2a: Granbull|def|1\n|\n|-heal|p2a: Granbull|65\/100|[from] item: Leftovers\n|upkeep\n|turn|8\n|inactive|Lp-$tylez has 270 seconds left.\n|inactive|Fishman_42 has 270 seconds left.\n|\n|t:|1699151626\n|switch|p1a: Venusaur|Venusaur, M, shiny|100\/100 par\n|-damage|p1a: Venusaur|88\/100 par|[from] Stealth Rock\n|move|p2a: Granbull|Super Fang|p1a: Venusaur\n|-damage|p1a: Venusaur|45\/100 par\n|\n|-heal|p2a: Granbull|71\/100|[from] item: Leftovers\n|upkeep\n|turn|9\n|inactive|Fishman_42 has 270 seconds left.\n|\n|t:|1699151639\n|cant|p1a: Venusaur|par\n|move|p2a: Granbull|Fire Punch|p1a: Venusaur\n|-supereffective|p1a: Venusaur\n|-damage|p1a: Venusaur|0 fnt\n|faint|p1a: Venusaur\n|\n|-heal|p2a: Granbull|78\/100|[from] item: Leftovers\n|upkeep\n|inactive|Lp-$tylez has 240 seconds left.\n|\n|t:|1699151667\n|switch|p1a: Lopunny|Lopunny, M, shiny|100\/100\n|-damage|p1a: Lopunny|88\/100|[from] Stealth Rock\n|turn|10\n|l| PLM2fgs\n|\n|t:|1699151676\n|switch|p2a: Heatran|Heatran, M|100\/100\n|detailschange|p1a: Lopunny|Lopunny-Mega, M, shiny\n|-mega|p1a: Lopunny|Lopunny|Lopunnite\n|move|p1a: Lopunny|Return|p2a: Heatran\n|-resisted|p2a: Heatran\n|-damage|p2a: Heatran|82\/100\n|-status|p1a: Lopunny|brn|[from] ability: Flame Body|[of] p2a: Heatran\n|\n|-heal|p2a: Heatran|89\/100|[from] item: Leftovers\n|-damage|p1a: Lopunny|82\/100 brn|[from] brn\n|upkeep\n|turn|11\n|j| PLM2fgs\n|c| Pokemon kill squad|Ouch!\n|inactive|Fishman_42 has 270 seconds left.\n|\n|t:|1699151702\n|switch|p2a: Torkoal|Torkoal, M|100\/100\n|-weather|SunnyDay|[from] ability: Drought|[of] p2a: Torkoal\n|move|p1a: Lopunny|Close Combat|p2a: Torkoal\n|-damage|p2a: Torkoal|75\/100\n|-unboost|p1a: Lopunny|def|1\n|-unboost|p1a: Lopunny|spd|1\n|\n|-weather|SunnyDay|[upkeep]\n|-damage|p1a: Lopunny|75\/100 brn|[from] brn\n|upkeep\n|turn|12\n|c| Pks suckss|Nice Ben I called that\n|inactive|Fishman_42 has 270 seconds left.\n|\n|t:|1699151718\n|move|p1a: Lopunny|Return|p2a: Torkoal\n|-damage|p2a: Torkoal|54\/100\n|move|p2a: Torkoal|Sludge Bomb|p1a: Lopunny\n|-damage|p1a: Lopunny|28\/100 brn\n|\n|-weather|SunnyDay|[upkeep]\n|-damage|p1a: Lopunny|21\/100 brn|[from] brn\n|upkeep\n|turn|13\n|\n|t:|1699151728\n|switch|p2a: Granbull|Granbull, M|78\/100\n|-ability|p2a: Granbull|Intimidate|boost\n|-fail|p1a: Lopunny|unboost|Attack|[from] ability: Scrappy|[of] p1a: Lopunny\n|move|p1a: Lopunny|Close Combat|p2a: Granbull\n|-resisted|p2a: Granbull\n|-damage|p2a: Granbull|61\/100\n|-unboost|p1a: Lopunny|def|1\n|-unboost|p1a: Lopunny|spd|1\n|\n|-weather|SunnyDay|[upkeep]\n|-heal|p2a: Granbull|67\/100|[from] item: Leftovers\n|-damage|p1a: Lopunny|15\/100 brn|[from] brn\n|upkeep\n|turn|14\n|c| Pokemon kill squad|He a tran was running hot\n|inactive|Fishman_42 has 270 seconds left.\n|\n|t:|1699151747\n|switch|p2a: Victreebel|Victreebel, F|100\/100\n|move|p1a: Lopunny|Return|p2a: Victreebel\n|-damage|p2a: Victreebel|59\/100\n|\n|-weather|SunnyDay|[upkeep]\n|-damage|p1a: Lopunny|9\/100 brn|[from] brn\n|upkeep\n|turn|15\n|\n|t:|1699151756\n|move|p2a: Victreebel|Sludge Bomb|p1a: Lopunny\n|-damage|p1a: Lopunny|0 fnt\n|faint|p1a: Lopunny\n|-damage|p2a: Victreebel|49\/100|[from] item: Life Orb\n|\n|-weather|SunnyDay|[upkeep]\n|upkeep\n|\n|t:|1699151765\n|switch|p1a: Altaria|Altaria, M|100\/100\n|-ability|p1a: Altaria|Cloud Nine\n|turn|16\n|inactive|Fishman_42 has 270 seconds left.\n|\n|t:|1699151784\n|-terastallize|p2a: Victreebel|Rock\n|move|p1a: Altaria|Dragon Dance|p1a: Altaria\n|-boost|p1a: Altaria|atk|1\n|-boost|p1a: Altaria|spe|1\n|move|p2a: Victreebel|Sludge Bomb|p1a: Altaria\n|-damage|p1a: Altaria|36\/100\n|-damage|p2a: Victreebel|39\/100|[from] item: Life Orb\n|\n|-weather|SunnyDay|[upkeep]\n|upkeep\n|turn|17\n|inactive|Fishman_42 has 270 seconds left.\n|\n|t:|1699151798\n|switch|p2a: Granbull|Granbull, M|67\/100\n|-ability|p2a: Granbull|Intimidate|boost\n|-unboost|p1a: Altaria|atk|1\n|move|p1a: Altaria|Earthquake|p2a: Granbull\n|-damage|p2a: Granbull|43\/100\n|\n|-weather|SunnyDay|[upkeep]\n|-heal|p2a: Granbull|49\/100|[from] item: Leftovers\n|upkeep\n|turn|18\n|inactive|Fishman_42 has 270 seconds left.\n|inactive|Lp-$tylez has 240 seconds left.\n|\n|t:|1699151838\n|move|p1a: Altaria|Earthquake|p2a: Granbull\n|-damage|p2a: Granbull|25\/100\n|move|p2a: Granbull|Play Rough|p1a: Altaria\n|-supereffective|p1a: Altaria\n|-damage|p1a: Altaria|0 fnt\n|faint|p1a: Altaria\n|\n|-weather|none\n|-heal|p2a: Granbull|31\/100|[from] item: Leftovers\n|upkeep\n|\n|t:|1699151850\n|switch|p1a: Azumarill|Azumarill, M|88\/100\n|-damage|p1a: Azumarill|76\/100|[from] Stealth Rock\n|turn|19\n|\n|t:|1699151860\n|switch|p2a: Torkoal|Torkoal, M|54\/100\n|-weather|SunnyDay|[from] ability: Drought|[of] p2a: Torkoal\n|move|p1a: Azumarill|Liquidation|p2a: Torkoal\n|-supereffective|p2a: Torkoal\n|-crit|p2a: Torkoal\n|-damage|p2a: Torkoal|0 fnt\n|faint|p2a: Torkoal\n|\n|-weather|SunnyDay|[upkeep]\n|upkeep\n|\n|t:|1699151869\n|switch|p2a: Victreebel|Victreebel, F, tera:Rock|39\/100\n|turn|20\n|\n|t:|1699151875\n|switch|p2a: Granbull|Granbull, M|31\/100\n|-ability|p2a: Granbull|Intimidate|boost\n|-unboost|p1a: Azumarill|atk|1\n|move|p1a: Azumarill|Liquidation|p2a: Granbull\n|-damage|p2a: Granbull|10\/100\n|-unboost|p2a: Granbull|def|1\n|\n|-weather|SunnyDay|[upkeep]\n|-heal|p2a: Granbull|16\/100|[from] item: Leftovers\n|upkeep\n|turn|21\n|\n|t:|1699151886\n|switch|p2a: Heatran|Heatran, M|89\/100\n|move|p1a: Azumarill|Liquidation|p2a: Heatran\n|-supereffective|p2a: Heatran\n|-damage|p2a: Heatran|65\/100\n|\n|-weather|SunnyDay|[upkeep]\n|-heal|p2a: Heatran|71\/100|[from] item: Leftovers\n|upkeep\n|turn|22\n|inactive|Lp-$tylez has 240 seconds left.\n|\n|t:|1699151902\n|switch|p1a: Ninetales|Ninetales, F|100\/100\n|-damage|p1a: Ninetales|75\/100|[from] Stealth Rock\n|move|p2a: Heatran|Flash Cannon|p1a: Ninetales\n|-resisted|p1a: Ninetales\n|-damage|p1a: Ninetales|58\/100\n|\n|-weather|SunnyDay|[upkeep]\n|-heal|p2a: Heatran|77\/100|[from] item: Leftovers\n|upkeep\n|turn|23\n|inactive|Lp-$tylez has 240 seconds left.\n|\n|t:|1699151913\n|switch|p2a: Great Tusk|Great Tusk|100\/100\n|-activate|p2a: Great Tusk|ability: Protosynthesis\n|-start|p2a: Great Tusk|protosynthesisatk\n|move|p1a: Ninetales|Scorching Sands|p2a: Great Tusk\n|-damage|p2a: Great Tusk|79\/100\n|\n|-weather|SunnyDay|[upkeep]\n|upkeep\n|turn|24\n|inactive|Lp-$tylez has 240 seconds left.\n|\n|t:|1699151923\n|move|p1a: Ninetales|Scorching Sands|p2a: Great Tusk\n|-damage|p2a: Great Tusk|57\/100\n|move|p2a: Great Tusk|Stone Edge|p1a: Ninetales|[miss]\n|-miss|p2a: Great Tusk|p1a: Ninetales\n|\n|-weather|SunnyDay|[upkeep]\n|upkeep\n|turn|25\n|c| Pks suckss|Whyyy\n|\n|t:|1699151932\n|move|p1a: Ninetales|Solar Beam||[still]\n|-prepare|p1a: Ninetales|Solar Beam\n|-anim|p1a: Ninetales|Solar Beam|p2a: Great Tusk\n|-supereffective|p2a: Great Tusk\n|-damage|p2a: Great Tusk|0 fnt\n|faint|p2a: Great Tusk\n|-end|p2a: Great Tusk|Protosynthesis|[silent]\n|\n|-weather|SunnyDay|[upkeep]\n|upkeep\n|\n|t:|1699151940\n|switch|p2a: Victreebel|Victreebel, F, tera:Rock|39\/100\n|turn|26\n|\n|t:|1699151945\n|move|p2a: Victreebel|Tera Blast|p1a: Ninetales|[anim] Tera Blast Rock\n|-supereffective|p1a: Ninetales\n|-damage|p1a: Ninetales|0 fnt\n|faint|p1a: Ninetales\n|-damage|p2a: Victreebel|29\/100|[from] item: Life Orb\n|\n|-weather|none\n|upkeep\n|\n|t:|1699151953\n|switch|p1a: Azumarill|Azumarill, M|76\/100\n|-damage|p1a: Azumarill|64\/100|[from] Stealth Rock\n|turn|27\n|\n|t:|1699151960\n|move|p2a: Victreebel|Sludge Bomb|p1a: Azumarill\n|-supereffective|p1a: Azumarill\n|-damage|p1a: Azumarill|0 fnt\n|faint|p1a: Azumarill\n|-damage|p2a: Victreebel|19\/100|[from] item: Life Orb\n|\n|win|Fishman_42\n|l| Bidens crackpipe\n|l| paultheconvincer\n|l|\u2606Lp-$tylez\n|l| Pks BloodEagle\n|l| PLM2fgs\n|l| Pks suckss\n","uploadtime":1699151974,"views":40,"p1id":"lptylez","p2id":"fishman42","formatid":"gen9nationaldexubers","rating":0,"private":0,"password":""}