{"id":"gen9nationaldexubers-1986131807","p1":"Black_Wicked","p2":"7s Recruit","format":"[Gen 9] National Dex Ubers","log":"|j|\u2606Black_Wicked\n|j|\u26067s Recruit\n|t:|1699453248\n|gametype|singles\n|player|p1|Black_Wicked|ghetsis|\n|player|p2|7s Recruit|ethan|\n|teamsize|p1|6\n|teamsize|p2|6\n|gen|9\n|tier|[Gen 9] National Dex Ubers\n|rule|HP Percentage Mod: HP is shown in percentages\n|rule|Endless Battle Clause: Forcing endless battles is banned\n|rule|OHKO Clause: OHKO moves are banned\n|rule|Evasion Moves Clause: Evasion moves are banned\n|rule|Evasion Items Clause: Evasion items are banned\n|rule|Species Clause: Limit one of each Pok\u00e9mon\n|rule|Sleep Clause Mod: Limit one foe put to sleep\n|rule|Mega Rayquaza Clause: You cannot mega evolve Rayquaza\n|clearpoke\n|poke|p1|Kommo-o, M|\n|poke|p1|Greninja-*, M|\n|poke|p1|Annihilape, F|\n|poke|p1|Marshadow|\n|poke|p1|Grimmsnarl, M|\n|poke|p1|Bellibolt, F|\n|poke|p2|Alakazam, M|\n|poke|p2|Mimikyu, M|\n|poke|p2|Tapu Lele|\n|poke|p2|Garchomp, M|\n|poke|p2|Rotom-Wash|\n|poke|p2|Umbreon, M|\n|teampreview\n|inactive|Battle timer is ON: inactive players will automatically lose when time's up. (requested by Black_Wicked)\n|inactive|Black_Wicked has 270 seconds left.\n|\n|t:|1699453287\n|start\n|switch|p1a: Annihilape|Annihilape, F|100\/100\n|switch|p2a: Rampage|Garchomp, M|100\/100\n|turn|1\n|\n|t:|1699453294\n|move|p1a: Annihilape|Final Gambit|p2a: Rampage\n|-damage|p2a: Rampage|0 fnt\n|faint|p1a: Annihilape\n|faint|p2a: Rampage\n|\n|upkeep\n|\n|t:|1699453308\n|switch|p2a: Terrina|Tapu Lele|100\/100\n|switch|p1a: Bellibolt|Bellibolt, F|100\/100\n|-fieldstart|move: Psychic Terrain|[from] ability: Psychic Surge|[of] p2a: Terrina\n|turn|2\n|\n|t:|1699453317\n|move|p2a: Terrina|Moonblast|p1a: Bellibolt\n|-damage|p1a: Bellibolt|57\/100\n|-start|p1a: Bellibolt|Charge|Moonblast|[from] ability: Electromorphosis\n|move|p1a: Bellibolt|Parabolic Charge|p2a: Terrina\n|-crit|p2a: Terrina\n|-damage|p2a: Terrina|23\/100\n|-heal|p1a: Bellibolt|85\/100|[from] drain|[of] p2a: Terrina\n|-end|p1a: Bellibolt|Charge|[silent]\n|\n|-heal|p1a: Bellibolt|91\/100|[from] item: Leftovers\n|upkeep\n|turn|3\n|\n|t:|1699453330\n|switch|p2a: Nerd|Rotom-Wash|100\/100\n|move|p1a: Bellibolt|Parabolic Charge|p2a: Nerd\n|-damage|p2a: Nerd|81\/100\n|-heal|p1a: Bellibolt|98\/100|[from] drain|[of] p2a: Nerd\n|\n|-heal|p2a: Nerd|88\/100|[from] item: Leftovers\n|-heal|p1a: Bellibolt|100\/100|[from] item: Leftovers\n|upkeep\n|turn|4\n|\n|t:|1699453341\n|move|p2a: Nerd|Hydro Pump|p1a: Bellibolt\n|-damage|p1a: Bellibolt|70\/100\n|-start|p1a: Bellibolt|Charge|Hydro Pump|[from] ability: Electromorphosis\n|move|p1a: Bellibolt|Muddy Water|p2a: Nerd\n|-resisted|p2a: Nerd\n|-damage|p2a: Nerd|80\/100\n|\n|-heal|p2a: Nerd|86\/100|[from] item: Leftovers\n|-heal|p1a: Bellibolt|76\/100|[from] item: Leftovers\n|upkeep\n|turn|5\n|\n|t:|1699453352\n|move|p2a: Nerd|Hydro Pump|p1a: Bellibolt\n|-damage|p1a: Bellibolt|46\/100\n|-start|p1a: Bellibolt|Charge|Hydro Pump|[from] ability: Electromorphosis\n|move|p1a: Bellibolt|Muddy Water|p2a: Nerd\n|-resisted|p2a: Nerd\n|-damage|p2a: Nerd|78\/100\n|\n|-heal|p2a: Nerd|84\/100|[from] item: Leftovers\n|-heal|p1a: Bellibolt|53\/100|[from] item: Leftovers\n|upkeep\n|turn|6\n|inactive|Black_Wicked has 270 seconds left.\n|\n|t:|1699453385\n|move|p2a: Nerd|Hydro Pump|p1a: Bellibolt|[miss]\n|-miss|p2a: Nerd|p1a: Bellibolt\n|move|p1a: Bellibolt|Slack Off|p1a: Bellibolt\n|-heal|p1a: Bellibolt|100\/100\n|\n|-heal|p2a: Nerd|90\/100|[from] item: Leftovers\n|-fieldend|move: Psychic Terrain\n|upkeep\n|turn|7\n|\n|t:|1699453395\n|move|p2a: Nerd|Hydro Pump|p1a: Bellibolt\n|-damage|p1a: Bellibolt|69\/100\n|-start|p1a: Bellibolt|Charge|Hydro Pump|[from] ability: Electromorphosis\n|move|p1a: Bellibolt|Thunderbolt|p2a: Nerd\n|-damage|p2a: Nerd|40\/100\n|-end|p1a: Bellibolt|Charge|[silent]\n|\n|-heal|p2a: Nerd|46\/100|[from] item: Leftovers\n|-heal|p1a: Bellibolt|76\/100|[from] item: Leftovers\n|upkeep\n|turn|8\n|\n|t:|1699453407\n|move|p2a: Nerd|Hydro Pump|p1a: Bellibolt\n|-damage|p1a: Bellibolt|43\/100\n|-start|p1a: Bellibolt|Charge|Hydro Pump|[from] ability: Electromorphosis\n|move|p1a: Bellibolt|Thunderbolt|p2a: Nerd\n|-damage|p2a: Nerd|0 fnt\n|faint|p2a: Nerd\n|-end|p1a: Bellibolt|Charge|[silent]\n|\n|-heal|p1a: Bellibolt|49\/100|[from] item: Leftovers\n|upkeep\n|\n|t:|1699453421\n|switch|p2a: Terrina|Tapu Lele|23\/100\n|-fieldstart|move: Psychic Terrain|[from] ability: Psychic Surge|[of] p2a: Terrina\n|turn|9\n|\n|t:|1699453428\n|move|p2a: Terrina|Psychic|p1a: Bellibolt\n|-damage|p1a: Bellibolt|0 fnt\n|faint|p1a: Bellibolt\n|\n|upkeep\n|\n|t:|1699453434\n|switch|p1a: Grimmsnarl|Grimmsnarl, M|100\/100\n|turn|10\n|\n|t:|1699453442\n|switch|p2a: Caretaker Jr.|Umbreon, M|100\/100\n|move|p1a: Grimmsnarl|Spirit Break|p2a: Caretaker Jr.\n|-supereffective|p2a: Caretaker Jr.\n|-damage|p2a: Caretaker Jr.|65\/100\n|-unboost|p2a: Caretaker Jr.|spa|1\n|\n|-heal|p2a: Caretaker Jr.|71\/100|[from] item: Leftovers\n|upkeep\n|turn|11\n|\n|t:|1699453455\n|switch|p1a: Kommo-o|Kommo-o, M|100\/100\n|move|p2a: Caretaker Jr.|Foul Play|p1a: Kommo-o\n|-resisted|p1a: Kommo-o\n|-damage|p1a: Kommo-o|86\/100\n|\n|-heal|p2a: Caretaker Jr.|77\/100|[from] item: Leftovers\n|upkeep\n|turn|12\n|\n|t:|1699453471\n|switch|p2a: Lezoure|Mimikyu, M|100\/100\n|move|p1a: Kommo-o|Clangorous Soul|p1a: Kommo-o\n|-boost|p1a: Kommo-o|atk|1\n|-boost|p1a: Kommo-o|def|1\n|-boost|p1a: Kommo-o|spa|1\n|-boost|p1a: Kommo-o|spd|1\n|-boost|p1a: Kommo-o|spe|1\n|-damage|p1a: Kommo-o|53\/100\n|-enditem|p1a: Kommo-o|Throat Spray\n|-boost|p1a: Kommo-o|spa|1|[from] item: Throat Spray\n|\n|upkeep\n|turn|13\n|\n|t:|1699453486\n|-terastallize|p1a: Kommo-o|Normal\n|move|p1a: Kommo-o|Flamethrower|p2a: Lezoure\n|-activate|p2a: Lezoure|ability: Disguise\n|-damage|p2a: Lezoure|100\/100\n|detailschange|p2a: Lezoure|Mimikyu-Busted, M\n|-damage|p2a: Lezoure|88\/100|[from] pokemon: Mimikyu-Busted\n|move|p2a: Lezoure|Play Rough|p1a: Kommo-o\n|-damage|p1a: Kommo-o|27\/100\n|\n|-fieldend|move: Psychic Terrain\n|upkeep\n|turn|14\n|\n|t:|1699453500\n|move|p1a: Kommo-o|Flamethrower|p2a: Lezoure\n|-damage|p2a: Lezoure|21\/100\n|-status|p2a: Lezoure|brn\n|move|p2a: Lezoure|Play Rough|p1a: Kommo-o\n|-damage|p1a: Kommo-o|15\/100\n|\n|-damage|p2a: Lezoure|15\/100 brn|[from] brn\n|upkeep\n|turn|15\n|\n|t:|1699453512\n|move|p1a: Kommo-o|Flamethrower|p2a: Lezoure\n|-damage|p2a: Lezoure|0 fnt\n|faint|p2a: Lezoure\n|\n|upkeep\n|\n|t:|1699453518\n|switch|p2a: Terrina|Tapu Lele|23\/100\n|-fieldstart|move: Psychic Terrain|[from] ability: Psychic Surge|[of] p2a: Terrina\n|turn|16\n|\n|t:|1699453524\n|move|p1a: Kommo-o|Flamethrower|p2a: Terrina\n|-crit|p2a: Terrina\n|-damage|p2a: Terrina|0 fnt\n|faint|p2a: Terrina\n|\n|upkeep\n|\n|t:|1699453532\n|switch|p2a: Neuro|Alakazam, M|100\/100\n|turn|17\n|\n|t:|1699453536\n|detailschange|p2a: Neuro|Alakazam-Mega, M\n|-mega|p2a: Neuro|Alakazam|Alakazite\n|-ability|p2a: Neuro|Soundproof|[from] ability: Trace|[of] p1a: Kommo-o\n|move|p1a: Kommo-o|Boomburst|p2a: Neuro\n|-immune|p2a: Neuro|[from] ability: Soundproof\n|move|p2a: Neuro|Psychic|p1a: Kommo-o\n|-damage|p1a: Kommo-o|0 fnt\n|faint|p1a: Kommo-o\n|\n|upkeep\n|c|\u2606Black_Wicked|Oh shit\n|\n|t:|1699453548\n|switch|p1a: Grimmsnarl|Grimmsnarl, M|100\/100\n|turn|18\n|\n|t:|1699453552\n|move|p2a: Neuro|Dazzling Gleam|p1a: Grimmsnarl\n|-supereffective|p1a: Grimmsnarl\n|-damage|p1a: Grimmsnarl|19\/100\n|move|p1a: Grimmsnarl|Spirit Break|p2a: Neuro\n|-damage|p2a: Neuro|40\/100\n|-unboost|p2a: Neuro|spa|1\n|\n|upkeep\n|turn|19\n|\n|t:|1699453561\n|move|p2a: Neuro|Dazzling Gleam|p1a: Grimmsnarl\n|-supereffective|p1a: Grimmsnarl\n|-damage|p1a: Grimmsnarl|0 fnt\n|faint|p1a: Grimmsnarl\n|\n|upkeep\n|\n|t:|1699453565\n|switch|p1a: Greninja|Greninja, M|100\/100\n|turn|20\n|\n|t:|1699453573\n|move|p2a: Neuro|Dazzling Gleam|p1a: Greninja\n|-supereffective|p1a: Greninja\n|-damage|p1a: Greninja|26\/100\n|move|p1a: Greninja|Surf|p2a: Neuro\n|-damage|p2a: Neuro|0 fnt\n|faint|p2a: Neuro\n|-ability|p1a: Greninja|Battle Bond|boost\n|-boost|p1a: Greninja|atk|1\n|-boost|p1a: Greninja|spa|1\n|-boost|p1a: Greninja|spe|1\n|-activate|p1a: Greninja|ability: Battle Bond\n|-damage|p1a: Greninja|16\/100|[from] item: Life Orb\n|\n|-fieldend|move: Psychic Terrain\n|upkeep\n|\n|t:|1699453587\n|switch|p2a: Caretaker Jr.|Umbreon, M|77\/100\n|turn|21\n|\n|t:|1699453599\n|move|p1a: Greninja|Surf|p2a: Caretaker Jr.\n|-damage|p2a: Caretaker Jr.|21\/100\n|-damage|p1a: Greninja|6\/100|[from] item: Life Orb\n|move|p2a: Caretaker Jr.|Wish|p2a: Caretaker Jr.\n|\n|-heal|p2a: Caretaker Jr.|27\/100|[from] item: Leftovers\n|upkeep\n|turn|22\n|\n|t:|1699453612\n|move|p2a: Caretaker Jr.|Protect|p2a: Caretaker Jr.\n|-singleturn|p2a: Caretaker Jr.|Protect\n|move|p1a: Greninja|Surf|p2a: Caretaker Jr.\n|-activate|p2a: Caretaker Jr.|move: Protect\n|\n|-heal|p2a: Caretaker Jr.|77\/100|[from] move: Wish|[wisher] Caretaker Jr.\n|-heal|p2a: Caretaker Jr.|83\/100|[from] item: Leftovers\n|upkeep\n|turn|23\n|\n|t:|1699453624\n|move|p1a: Greninja|Surf|p2a: Caretaker Jr.\n|-damage|p2a: Caretaker Jr.|31\/100\n|-damage|p1a: Greninja|0 fnt|[from] item: Life Orb\n|faint|p1a: Greninja\n|move|p2a: Caretaker Jr.|Wish|p2a: Caretaker Jr.\n|\n|-heal|p2a: Caretaker Jr.|37\/100|[from] item: Leftovers\n|upkeep\n|\n|t:|1699453626\n|switch|p1a: Marshadow|Marshadow|100\/100\n|turn|24\n|\n|t:|1699453635\n|move|p2a: Caretaker Jr.|Protect|p2a: Caretaker Jr.\n|-singleturn|p2a: Caretaker Jr.|Protect\n|move|p1a: Marshadow|Close Combat|p2a: Caretaker Jr.\n|-activate|p2a: Caretaker Jr.|move: Protect\n|\n|-heal|p2a: Caretaker Jr.|87\/100|[from] move: Wish|[wisher] Caretaker Jr.\n|-heal|p2a: Caretaker Jr.|93\/100|[from] item: Leftovers\n|upkeep\n|turn|25\n|\n|t:|1699453647\n|move|p2a: Caretaker Jr.|Protect||[still]\n|-fail|p2a: Caretaker Jr.\n|move|p1a: Marshadow|Swagger|p2a: Caretaker Jr.\n|-boost|p2a: Caretaker Jr.|atk|2\n|-enditem|p1a: Marshadow|Mirror Herb\n|-boost|p1a: Marshadow|atk|2|[from] item: Mirror Herb\n|-start|p2a: Caretaker Jr.|confusion\n|\n|-heal|p2a: Caretaker Jr.|99\/100|[from] item: Leftovers\n|upkeep\n|turn|26\n|\n|t:|1699453658\n|-activate|p2a: Caretaker Jr.|confusion\n|move|p2a: Caretaker Jr.|Protect|p2a: Caretaker Jr.\n|-singleturn|p2a: Caretaker Jr.|Protect\n|move|p1a: Marshadow|Close Combat|p2a: Caretaker Jr.\n|-activate|p2a: Caretaker Jr.|move: Protect\n|\n|-heal|p2a: Caretaker Jr.|100\/100|[from] item: Leftovers\n|upkeep\n|turn|27\n|\n|t:|1699453668\n|move|p1a: Marshadow|Close Combat|p2a: Caretaker Jr.\n|-supereffective|p2a: Caretaker Jr.\n|-damage|p2a: Caretaker Jr.|0 fnt\n|-unboost|p1a: Marshadow|def|1\n|-unboost|p1a: Marshadow|spd|1\n|faint|p2a: Caretaker Jr.\n|\n|win|Black_Wicked\n|l|\u2606Black_Wicked\n|j|\u2606Black_Wicked\n|player|p1|Black_Wicked|ghetsis\n","uploadtime":1699453677,"views":9,"p1id":"blackwicked","p2id":"7srecruit","formatid":"gen9nationaldexubers","rating":0,"private":0,"password":""}