{"id":"gen9nationaldexubers-1991983744","p1":"Congelaito","p2":"Natcrozma %\u25d5\u203f\u203f\u25d5%","format":"[Gen 9] National Dex Ubers","log":"|j|\u2606Congelaito\n|j|\u2606Natcrozma %\u25d5\u203f\u203f\u25d5%\n|t:|1700145040\n|gametype|singles\n|player|p1|Congelaito|adaman|\n|player|p2|Natcrozma %\u25d5\u203f\u203f\u25d5%|penny|\n|teamsize|p1|6\n|teamsize|p2|6\n|gen|9\n|tier|[Gen 9] National Dex Ubers\n|rated|Tournament battle\n|rule|HP Percentage Mod: HP is shown in percentages\n|rule|Endless Battle Clause: Forcing endless battles is banned\n|rule|OHKO Clause: OHKO moves are banned\n|rule|Evasion Moves Clause: Evasion moves are banned\n|rule|Evasion Items Clause: Evasion items are banned\n|rule|Species Clause: Limit one of each Pok\u00e9mon\n|rule|Sleep Clause Mod: Limit one foe put to sleep\n|rule|Mega Rayquaza Clause: You cannot mega evolve Rayquaza\n|clearpoke\n|poke|p1|Lugia|\n|poke|p1|Dialga|\n|poke|p1|Arceus|\n|poke|p1|Xerneas-*|\n|poke|p1|Groudon|\n|poke|p1|Chansey, F|\n|poke|p2|Marshadow|\n|poke|p2|Groudon|\n|poke|p2|Necrozma-Dusk-Mane|\n|poke|p2|Ho-Oh|\n|poke|p2|Eternatus|\n|poke|p2|Yveltal|\n|teampreview\n|inactive|Battle timer is ON: inactive players will automatically lose when time's up. (requested by Natcrozma %\u25d5\u203f\u203f\u25d5%)\n|j| WillroBalance\n|inactive|Congelaito has 120 seconds left.\n|c|\u2606Congelaito|hmmm\n|j| cyndaquil2910\n|\n|t:|1700145101\n|start\n|switch|p1a: Arceus|Arceus|100\/100\n|switch|p2a: Necrozma|Necrozma-Dusk-Mane|100\/100\n|turn|1\n|\n|t:|1700145116\n|move|p1a: Arceus|Will-O-Wisp|p2a: Necrozma\n|-status|p2a: Necrozma|brn\n|move|p2a: Necrozma|Stealth Rock|p1a: Arceus\n|-sidestart|p1: Congelaito|move: Stealth Rock\n|\n|-damage|p2a: Necrozma|94\/100 brn|[from] brn\n|upkeep\n|turn|2\n|\n|t:|1700145122\n|switch|p2a: Ho-Oh|Ho-Oh|100\/100\n|move|p1a: Arceus|Defog|p2a: Ho-Oh\n|-unboost|p2a: Ho-Oh|evasion|1\n|-sideend|p1: Congelaito|Stealth Rock|[from] move: Defog|[of] p1a: Arceus\n|\n|upkeep\n|turn|3\n|c| WillroBalance|support arc normal goes hard\n|j| Gimmickyasitgets\n|inactive|Congelaito has 120 seconds left.\n|c| Gimmickyasitgets|natcrozma lose\n|c|\u2606Natcrozma %\u25d5\u203f\u203f\u25d5%|ok\n|\n|t:|1700145169\n|switch|p1a: Lugia|Lugia|100\/100\n|move|p2a: Ho-Oh|Sacred Fire|p1a: Lugia\n|-damage|p1a: Lugia|85\/100\n|\n|upkeep\n|turn|4\n|\n|t:|1700145172\n|move|p1a: Lugia|Trick|p2a: Ho-Oh\n|-activate|p1a: Lugia|move: Trick|[of] p2a: Ho-Oh\n|-item|p2a: Ho-Oh|Choice Scarf|[from] move: Trick\n|-item|p1a: Lugia|Heavy-Duty Boots|[from] move: Trick\n|move|p2a: Ho-Oh|Toxic|p1a: Lugia\n|-status|p1a: Lugia|tox\n|\n|-damage|p1a: Lugia|79\/100 tox|[from] psn\n|upkeep\n|turn|5\n|inactive|Congelaito has 120 seconds left.\n|\n|t:|1700145192\n|switch|p2a: Groudon|Groudon|100\/100\n|detailschange|p2a: Groudon|Groudon-Primal\n|-primal|p2a: Groudon|Red Orb\n|-weather|DesolateLand|[from] ability: Desolate Land|[of] p2a: Groudon\n|switch|p1a: Dialga|Dialga|100\/100\n|-ability|p1a: Dialga|Pressure\n|\n|-weather|DesolateLand|[upkeep]\n|upkeep\n|turn|6\n|inactive|Congelaito has 120 seconds left.\n|\n|t:|1700145203\n|switch|p1a: Groudon|Groudon|100\/100\n|-ability|p1a: Groudon|Drought|[from] desolateland|[fail]\n|move|p2a: Groudon|Precipice Blades|p1a: Groudon|[miss]\n|-miss|p2a: Groudon|p1a: Groudon\n|\n|-weather|DesolateLand|[upkeep]\n|upkeep\n|turn|7\n|inactive|Congelaito has 120 seconds left.\n|\n|t:|1700145209\n|-weather|none\n|switch|p2a: Ho-Oh|Ho-Oh|100\/100\n|move|p1a: Groudon|Toxic|p2a: Ho-Oh\n|-status|p2a: Ho-Oh|tox\n|\n|-damage|p2a: Ho-Oh|94\/100 tox|[from] psn\n|upkeep\n|turn|8\n|\n|t:|1700145212\n|move|p1a: Groudon|Protect|p1a: Groudon\n|-singleturn|p1a: Groudon|Protect\n|move|p2a: Ho-Oh|Toxic|p1a: Groudon\n|-activate|p1a: Groudon|move: Protect\n|\n|-damage|p2a: Ho-Oh|82\/100 tox|[from] psn\n|upkeep\n|turn|9\n|\n|t:|1700145217\n|switch|p2a: Groudon|Groudon-Primal|100\/100\n|-weather|DesolateLand|[from] ability: Desolate Land|[of] p2a: Groudon\n|move|p1a: Groudon|Spikes|p2a: Groudon\n|-sidestart|p2: Natcrozma %\u25d5\u203f\u203f\u25d5%|Spikes\n|\n|-weather|DesolateLand|[upkeep]\n|upkeep\n|turn|10\n|\n|t:|1700145224\n|-weather|none\n|switch|p2a: Ho-Oh|Ho-Oh|100\/100 tox\n|move|p1a: Groudon|Toxic|p2a: Ho-Oh\n|-fail|p2a: Ho-Oh|tox\n|\n|-damage|p2a: Ho-Oh|94\/100 tox|[from] psn\n|upkeep\n|turn|11\n|\n|t:|1700145227\n|move|p1a: Groudon|Protect|p1a: Groudon\n|-singleturn|p1a: Groudon|Protect\n|move|p2a: Ho-Oh|Toxic|p1a: Groudon\n|-activate|p1a: Groudon|move: Protect\n|\n|-damage|p2a: Ho-Oh|82\/100 tox|[from] psn\n|upkeep\n|turn|12\n|\n|t:|1700145230\n|switch|p1a: Chansey|Chansey, F|100\/100\n|move|p2a: Ho-Oh|Toxic|p1a: Chansey\n|-status|p1a: Chansey|tox\n|\n|-damage|p2a: Ho-Oh|64\/100 tox|[from] psn\n|-damage|p1a: Chansey|94\/100 tox|[from] psn\n|upkeep\n|turn|13\n|l| Gimmickyasitgets\n|\n|t:|1700145235\n|switch|p2a: Necrozma|Necrozma-Dusk-Mane|94\/100 brn\n|-damage|p2a: Necrozma|82\/100 brn|[from] Spikes\n|move|p1a: Chansey|Heal Bell|p1a: Chansey\n|-activate|p1a: Chansey|move: Heal Bell\n|-curestatus|p1a: Chansey|tox|[msg]\n|-curestatus|p1: Lugia|tox|[msg]\n|\n|-heal|p2a: Necrozma|88\/100 brn|[from] item: Leftovers\n|-damage|p2a: Necrozma|82\/100 brn|[from] brn\n|upkeep\n|turn|14\n|c| WillroBalance|what the fuck is this team\n|\n|t:|1700145243\n|switch|p1a: Dialga|Dialga|100\/100\n|-ability|p1a: Dialga|Pressure\n|move|p2a: Necrozma|Stealth Rock|p1a: Dialga\n|-sidestart|p1: Congelaito|move: Stealth Rock\n|\n|-heal|p2a: Necrozma|88\/100 brn|[from] item: Leftovers\n|-damage|p2a: Necrozma|82\/100 brn|[from] brn\n|upkeep\n|turn|15\n|\n|t:|1700145251\n|switch|p2a: Yveltal|Yveltal|100\/100\n|-ability|p2a: Yveltal|Dark Aura\n|move|p1a: Dialga|Trick|p2a: Yveltal\n|-activate|p1a: Dialga|move: Trick|[of] p2a: Yveltal\n|-item|p2a: Yveltal|Choice Scarf|[from] move: Trick\n|-item|p1a: Dialga|Heavy-Duty Boots|[from] move: Trick\n|\n|upkeep\n|turn|16\n|\n|t:|1700145256\n|move|p2a: Yveltal|U-turn|p1a: Dialga\n|-resisted|p1a: Dialga\n|-damage|p1a: Dialga|96\/100\n|\n|t:|1700145262\n|switch|p2a: Necrozma|Necrozma-Dusk-Mane|82\/100 brn|[from] U-turn\n|-damage|p2a: Necrozma|70\/100 brn|[from] Spikes\n|move|p1a: Dialga|Stealth Rock|p2a: Necrozma\n|-sidestart|p2: Natcrozma %\u25d5\u203f\u203f\u25d5%|move: Stealth Rock\n|\n|-heal|p2a: Necrozma|76\/100 brn|[from] item: Leftovers\n|-damage|p2a: Necrozma|70\/100 brn|[from] brn\n|upkeep\n|turn|17\n|\n|t:|1700145268\n|switch|p2a: Ho-Oh|Ho-Oh|98\/100 tox\n|-damage|p2a: Ho-Oh|48\/100 tox|[from] Stealth Rock\n|move|p1a: Dialga|Dragon Tail|p2a: Ho-Oh\n|-damage|p2a: Ho-Oh|32\/100 tox\n|drag|p2a: Necrozma|Necrozma-Dusk-Mane|70\/100 brn\n|-damage|p2a: Necrozma|57\/100 brn|[from] Spikes\n|-damage|p2a: Necrozma|51\/100 brn|[from] Stealth Rock\n|\n|-heal|p2a: Necrozma|57\/100 brn|[from] item: Leftovers\n|-damage|p2a: Necrozma|51\/100 brn|[from] brn\n|upkeep\n|turn|18\n|\n|t:|1700145277\n|move|p1a: Dialga|Protect|p1a: Dialga\n|-singleturn|p1a: Dialga|Protect\n|move|p2a: Necrozma|Morning Sun|p2a: Necrozma\n|-heal|p2a: Necrozma|100\/100 brn\n|\n|-damage|p2a: Necrozma|94\/100 brn|[from] brn\n|upkeep\n|turn|19\n|\n|t:|1700145280\n|move|p2a: Necrozma|Swords Dance|p2a: Necrozma\n|-boost|p2a: Necrozma|atk|2\n|move|p1a: Dialga|Dragon Tail|p2a: Necrozma|[miss]\n|-miss|p1a: Dialga|p2a: Necrozma\n|\n|-heal|p2a: Necrozma|100\/100 brn|[from] item: Leftovers\n|-damage|p2a: Necrozma|94\/100 brn|[from] brn\n|upkeep\n|turn|20\n|\n|t:|1700145284\n|move|p2a: Necrozma|Sunsteel Strike|p1a: Dialga\n|-resisted|p1a: Dialga\n|-damage|p1a: Dialga|83\/100\n|move|p1a: Dialga|Dragon Tail|p2a: Necrozma\n|-resisted|p2a: Necrozma\n|-damage|p2a: Necrozma|86\/100 brn\n|drag|p2a: Ho-Oh|Ho-Oh|66\/100 tox\n|-damage|p2a: Ho-Oh|16\/100 tox|[from] Stealth Rock\n|\n|-damage|p2a: Ho-Oh|10\/100 tox|[from] psn\n|upkeep\n|turn|21\n|\n|t:|1700145293\n|switch|p2a: Marshadow|Marshadow|100\/100\n|-damage|p2a: Marshadow|88\/100|[from] Spikes\n|-damage|p2a: Marshadow|82\/100|[from] Stealth Rock\n|move|p1a: Dialga|Protect||[still]\n|-fail|p1a: Dialga\n|\n|upkeep\n|turn|22\n|\n|t:|1700145299\n|switch|p1a: Xerneas|Xerneas|100\/100\n|-damage|p1a: Xerneas|88\/100|[from] Stealth Rock\n|-ability|p1a: Xerneas|Fairy Aura\n|move|p2a: Marshadow|Low Kick|p1a: Xerneas\n|-resisted|p1a: Xerneas\n|-damage|p1a: Xerneas|64\/100\n|\n|upkeep\n|turn|23\n|\n|t:|1700145302\n|switch|p2a: Necrozma|Necrozma-Dusk-Mane|86\/100 brn\n|-damage|p2a: Necrozma|74\/100 brn|[from] Spikes\n|-damage|p2a: Necrozma|68\/100 brn|[from] Stealth Rock\n|move|p1a: Xerneas|Draining Kiss|p2a: Necrozma\n|-resisted|p2a: Necrozma\n|-damage|p2a: Necrozma|59\/100 brn\n|-heal|p1a: Xerneas|70\/100|[from] drain|[of] p2a: Necrozma\n|\n|-heal|p2a: Necrozma|65\/100 brn|[from] item: Leftovers\n|-damage|p2a: Necrozma|59\/100 brn|[from] brn\n|upkeep\n|turn|24\n|\n|t:|1700145308\n|-terastallize|p1a: Xerneas|Water\n|move|p1a: Xerneas|Substitute|p1a: Xerneas\n|-start|p1a: Xerneas|Substitute\n|-damage|p1a: Xerneas|46\/100\n|move|p2a: Necrozma|Morning Sun|p2a: Necrozma\n|-heal|p2a: Necrozma|100\/100 brn\n|\n|-damage|p2a: Necrozma|94\/100 brn|[from] brn\n|upkeep\n|turn|25\n|\n|t:|1700145317\n|switch|p2a: Groudon|Groudon-Primal|100\/100\n|-damage|p2a: Groudon|88\/100|[from] Spikes\n|-damage|p2a: Groudon|76\/100|[from] Stealth Rock\n|-weather|DesolateLand|[from] ability: Desolate Land|[of] p2a: Groudon\n|move|p1a: Xerneas|Calm Mind|p1a: Xerneas\n|-boost|p1a: Xerneas|spa|1\n|-boost|p1a: Xerneas|spd|1\n|\n|-weather|DesolateLand|[upkeep]\n|upkeep\n|turn|26\n|\n|t:|1700145323\n|move|p1a: Xerneas|Draining Kiss|p2a: Groudon\n|-resisted|p2a: Groudon\n|-damage|p2a: Groudon|59\/100\n|-heal|p1a: Xerneas|57\/100|[from] drain|[of] p2a: Groudon\n|move|p2a: Groudon|Precipice Blades|p1a: Xerneas\n|-end|p1a: Xerneas|Substitute\n|\n|-weather|DesolateLand|[upkeep]\n|upkeep\n|turn|27\n|\n|t:|1700145330\n|move|p1a: Xerneas|Draining Kiss|p2a: Groudon\n|-resisted|p2a: Groudon\n|-damage|p2a: Groudon|37\/100\n|-heal|p1a: Xerneas|71\/100|[from] drain|[of] p2a: Groudon\n|move|p2a: Groudon|Precipice Blades|p1a: Xerneas\n|-damage|p1a: Xerneas|30\/100\n|\n|-weather|DesolateLand|[upkeep]\n|upkeep\n|turn|28\n|\n|t:|1700145335\n|move|p1a: Xerneas|Draining Kiss|p2a: Groudon\n|-resisted|p2a: Groudon\n|-damage|p2a: Groudon|12\/100\n|-heal|p1a: Xerneas|47\/100|[from] drain|[of] p2a: Groudon\n|move|p2a: Groudon|Precipice Blades|p1a: Xerneas|[miss]\n|-miss|p2a: Groudon|p1a: Xerneas\n|\n|-weather|DesolateLand|[upkeep]\n|upkeep\n|turn|29\n|\n|t:|1700145340\n|move|p1a: Xerneas|Draining Kiss|p2a: Groudon\n|-resisted|p2a: Groudon\n|-damage|p2a: Groudon|0 fnt\n|-heal|p1a: Xerneas|55\/100|[from] drain|[of] p2a: Groudon\n|faint|p2a: Groudon\n|-weather|none\n|\n|upkeep\n|\n|t:|1700145347\n|switch|p2a: Marshadow|Marshadow|82\/100\n|-damage|p2a: Marshadow|69\/100|[from] Spikes\n|-damage|p2a: Marshadow|63\/100|[from] Stealth Rock\n|turn|30\n|\n|t:|1700145356\n|move|p2a: Marshadow|Poltergeist|p1a: Xerneas\n|-activate|p1a: Xerneas|move: Poltergeist|Metronome\n|-damage|p1a: Xerneas|7\/100\n|move|p1a: Xerneas|Draining Kiss|p2a: Marshadow\n|-supereffective|p2a: Marshadow\n|-damage|p2a: Marshadow|0 fnt\n|-heal|p1a: Xerneas|40\/100|[from] drain|[of] p2a: Marshadow\n|faint|p2a: Marshadow\n|\n|upkeep\n|-message|Natcrozma %\u25d5\u203f\u203f\u25d5% forfeited.\n|\n|win|Congelaito\n|n|\u2606Congelaito|congelaito\n|n|\u2606Natcrozma %\u25d5\u203f\u203f\u25d5%|natcrozma\n|n| WillroBalance|willrobalance\n|n| cyndaquil2910|cyndaquil2910\n|l|\u2606Natcrozma %\u25d5\u203f\u203f\u25d5%\n","uploadtime":1700145368,"views":8,"p1id":"congelaito","p2id":"natcrozma","formatid":"gen9nationaldexubers","rating":0,"private":0,"password":""}