{"id":"gen9nationaldexubers-1981990767","p1":"KINGKRICH","p2":"AaPilleri","format":"[Gen 9] National Dex Ubers","log":"|j|\u2606KINGKRICH\n|j|\u2606AaPilleri\n|t:|1698957643\n|gametype|singles\n|player|p1|KINGKRICH|buck|1054\n|player|p2|AaPilleri|brycen|1100\n|teamsize|p1|6\n|teamsize|p2|6\n|gen|9\n|tier|[Gen 9] National Dex Ubers\n|rated|\n|rule|HP Percentage Mod: HP is shown in percentages\n|rule|Endless Battle Clause: Forcing endless battles is banned\n|rule|OHKO Clause: OHKO moves are banned\n|rule|Evasion Moves Clause: Evasion moves are banned\n|rule|Evasion Items Clause: Evasion items are banned\n|rule|Species Clause: Limit one of each Pok\u00e9mon\n|rule|Sleep Clause Mod: Limit one foe put to sleep\n|rule|Mega Rayquaza Clause: You cannot mega evolve Rayquaza\n|clearpoke\n|poke|p1|Charizard, M|\n|poke|p1|Chandelure, F|\n|poke|p1|Talonflame, M|\n|poke|p1|Greninja-*, M|\n|poke|p1|Rapidash, M|\n|poke|p1|Incineroar, M|\n|poke|p2|Empoleon, F|\n|poke|p2|Staraptor, F|\n|poke|p2|Roserade, M|\n|poke|p2|Luxray, M|\n|poke|p2|Garchomp, M|\n|poke|p2|Gyarados, M|\n|teampreview\n|c|\u2606AaPilleri|Nice teaamm!!!!\n|\n|t:|1698957662\n|start\n|switch|p1a: Greninja|Greninja, M|100\/100\n|switch|p2a: Fas\u00fclye|Garchomp, M|100\/100\n|turn|1\n|\n|t:|1698957669\n|move|p1a: Greninja|Dark Pulse|p2a: Fas\u00fclye\n|-start|p1a: Greninja|typechange|Dark|[from] ability: Protean\n|-damage|p2a: Fas\u00fclye|54\/100\n|move|p2a: Fas\u00fclye|Swords Dance|p2a: Fas\u00fclye\n|-boost|p2a: Fas\u00fclye|atk|2\n|\n|upkeep\n|turn|2\n|\n|t:|1698957679\n|move|p1a: Greninja|Dark Pulse|p2a: Fas\u00fclye\n|-damage|p2a: Fas\u00fclye|8\/100\n|move|p2a: Fas\u00fclye|Dragon Claw|p1a: Greninja\n|-enditem|p1a: Greninja|Focus Sash\n|-damage|p1a: Greninja|1\/100\n|\n|upkeep\n|turn|3\n|\n|t:|1698957690\n|move|p1a: Greninja|Dark Pulse|p2a: Fas\u00fclye\n|-damage|p2a: Fas\u00fclye|0 fnt\n|faint|p2a: Fas\u00fclye\n|\n|upkeep\n|\n|t:|1698957698\n|switch|p2a: Bal\u0131k|Gyarados, M|100\/100\n|turn|4\n|\n|t:|1698957707\n|move|p1a: Greninja|Dark Pulse|p2a: Bal\u0131k\n|-damage|p2a: Bal\u0131k|62\/100\n|move|p2a: Bal\u0131k|Bounce||[still]\n|-prepare|p2a: Bal\u0131k|Bounce\n|\n|upkeep\n|turn|5\n|\n|t:|1698957714\n|move|p1a: Greninja|Dark Pulse|p2a: Bal\u0131k|[miss]\n|-miss|p1a: Greninja|p2a: Bal\u0131k\n|move|p2a: Bal\u0131k|Bounce|p1a: Greninja|[from]lockedmove\n|-damage|p1a: Greninja|0 fnt\n|faint|p1a: Greninja\n|-ability|p2a: Bal\u0131k|Moxie|boost\n|-boost|p2a: Bal\u0131k|atk|1\n|\n|upkeep\n|\n|t:|1698957723\n|switch|p1a: Talonflame|Talonflame, M|100\/100\n|turn|6\n|\n|t:|1698957760\n|move|p1a: Talonflame|Brave Bird|p2a: Bal\u0131k\n|-damage|p2a: Bal\u0131k|0 fnt\n|faint|p2a: Bal\u0131k\n|-damage|p1a: Talonflame|78\/100|[from] Recoil\n|\n|upkeep\n|\n|t:|1698957771\n|switch|p2a: Fare|Luxray, M|100\/100\n|-ability|p2a: Fare|Intimidate|boost\n|-unboost|p1a: Talonflame|atk|1\n|-item|p2a: Fare|Air Balloon\n|turn|7\n|\n|t:|1698957778\n|-terastallize|p1a: Talonflame|Ground\n|move|p1a: Talonflame|Flare Blitz|p2a: Fare\n|-damage|p2a: Fare|60\/100\n|-enditem|p2a: Fare|Air Balloon\n|-damage|p1a: Talonflame|64\/100|[from] Recoil\n|move|p2a: Fare|Substitute|p2a: Fare\n|-start|p2a: Fare|Substitute\n|-damage|p2a: Fare|35\/100\n|\n|upkeep\n|turn|8\n|\n|t:|1698957788\n|move|p1a: Talonflame|Flare Blitz|p2a: Fare\n|-end|p2a: Fare|Substitute\n|-damage|p1a: Talonflame|56\/100|[from] Recoil|[of] p2a: Fare\n|move|p2a: Fare|Trailblaze|p1a: Talonflame\n|-supereffective|p1a: Talonflame\n|-damage|p1a: Talonflame|10\/100\n|-boost|p2a: Fare|spe|1\n|\n|upkeep\n|turn|9\n|\n|t:|1698957798\n|move|p2a: Fare|Trailblaze|p1a: Talonflame\n|-supereffective|p1a: Talonflame\n|-crit|p1a: Talonflame\n|-damage|p1a: Talonflame|0 fnt\n|-boost|p2a: Fare|spe|1\n|faint|p1a: Talonflame\n|\n|upkeep\n|\n|t:|1698957805\n|switch|p1a: Incineroar|Incineroar, M|100\/100\n|-ability|p1a: Incineroar|Intimidate|boost\n|-unboost|p2a: Fare|atk|1\n|turn|10\n|\n|t:|1698957811\n|move|p1a: Incineroar|Fake Out|p2a: Fare\n|-damage|p2a: Fare|18\/100\n|cant|p2a: Fare|flinch\n|\n|upkeep\n|turn|11\n|\n|t:|1698957816\n|move|p2a: Fare|Superpower|p1a: Incineroar\n|-supereffective|p1a: Incineroar\n|-damage|p1a: Incineroar|58\/100\n|-unboost|p2a: Fare|atk|1\n|-unboost|p2a: Fare|def|1\n|move|p1a: Incineroar|Darkest Lariat|p2a: Fare\n|-damage|p2a: Fare|0 fnt\n|faint|p2a: Fare\n|\n|upkeep\n|\n|t:|1698957828\n|switch|p2a: Ku\u015f|Staraptor, F|100\/100\n|turn|12\n|\n|t:|1698957837\n|move|p2a: Ku\u015f|U-turn|p1a: Incineroar\n|-damage|p1a: Incineroar|39\/100\n|\n|t:|1698957842\n|switch|p2a: Empoleon|Empoleon, F|100\/100|[from] U-turn\n|-item|p2a: Empoleon|Air Balloon\n|move|p1a: Incineroar|Fire Blast|p2a: Empoleon\n|-damage|p2a: Empoleon|65\/100\n|-enditem|p2a: Empoleon|Air Balloon\n|\n|upkeep\n|turn|13\n|\n|t:|1698957853\n|move|p2a: Empoleon|Earthquake|p1a: Incineroar\n|-supereffective|p1a: Incineroar\n|-damage|p1a: Incineroar|0 fnt\n|faint|p1a: Incineroar\n|\n|upkeep\n|\n|t:|1698957859\n|switch|p1a: Chandelure|Chandelure, F|100\/100\n|turn|14\n|\n|t:|1698957864\n|move|p1a: Chandelure|Shadow Ball|p2a: Empoleon\n|-damage|p2a: Empoleon|16\/100\n|move|p2a: Empoleon|Earthquake|p1a: Chandelure\n|-supereffective|p1a: Chandelure\n|-damage|p1a: Chandelure|28\/100\n|\n|upkeep\n|turn|15\n|\n|t:|1698957871\n|switch|p2a: Ku\u015f|Staraptor, F|100\/100\n|move|p1a: Chandelure|Shadow Ball|p2a: Ku\u015f\n|-immune|p2a: Ku\u015f\n|\n|upkeep\n|turn|16\n|\n|t:|1698957881\n|move|p2a: Ku\u015f|Brave Bird|p1a: Chandelure\n|-damage|p1a: Chandelure|0 fnt\n|faint|p1a: Chandelure\n|-damage|p2a: Ku\u015f|93\/100|[from] Recoil\n|\n|upkeep\n|\n|t:|1698957906\n|switch|p1a: Charizard|Charizard, M|100\/100\n|turn|17\n|\n|t:|1698957910\n|move|p1a: Charizard|Dragon Pulse|p2a: Ku\u015f\n|-damage|p2a: Ku\u015f|48\/100\n|move|p2a: Ku\u015f|Whirlwind|p1a: Charizard\n|drag|p1a: Rapidash|Rapidash, M|100\/100\n|\n|upkeep\n|turn|18\n|\n|t:|1698957922\n|move|p1a: Rapidash|Wild Charge|p2a: Ku\u015f\n|-supereffective|p2a: Ku\u015f\n|-damage|p2a: Ku\u015f|0 fnt\n|faint|p2a: Ku\u015f\n|-damage|p1a: Rapidash|87\/100|[from] Recoil\n|\n|upkeep\n|c|\u2606AaPilleri|Why does he now that lol\n|c|\u2606AaPilleri|Kno*\n|c|\u2606AaPilleri|know*\n|\n|t:|1698957961\n|switch|p2a: Empoleon|Empoleon, F|16\/100\n|turn|19\n|c|\u2606KINGKRICH|don't worry abt it\n|\n|t:|1698957969\n|move|p1a: Rapidash|Wild Charge|p2a: Empoleon\n|-supereffective|p2a: Empoleon\n|-damage|p2a: Empoleon|0 fnt\n|faint|p2a: Empoleon\n|-damage|p1a: Rapidash|82\/100|[from] Recoil\n|\n|upkeep\n|\n|t:|1698957975\n|switch|p2a: H\u00fcseyin|Roserade, M|100\/100\n|turn|20\n|\n|t:|1698957979\n|move|p1a: Rapidash|Flare Blitz|p2a: H\u00fcseyin\n|-supereffective|p2a: H\u00fcseyin\n|-damage|p2a: H\u00fcseyin|0 fnt\n|faint|p2a: H\u00fcseyin\n|-damage|p1a: Rapidash|43\/100|[from] Recoil\n|\n|win|KINGKRICH\n|raw|KINGKRICH's rating: 1054 &rarr; <strong>1090<\/strong><br \/>(+36 for winning)\n|raw|AaPilleri's rating: 1100 &rarr; <strong>1072<\/strong><br \/>(-28 for losing)\n","uploadtime":1698957988,"views":7,"p1id":"kingkrich","p2id":"aapilleri","formatid":"gen9nationaldexubers","rating":1072,"private":0,"password":""}