{"id":"gen9nationaldexubers-1988494007","p1":"JjjjjjjjFd","p2":"Gible.Fights","format":"[Gen 9] National Dex Ubers","log":"|j|\u2606JjjjjjjjFd\n|j|\u2606Gible.Fights\n|t:|1699728926\n|gametype|singles\n|player|p1|JjjjjjjjFd|1|1126\n|player|p2|Gible.Fights|cynthia|1180\n|teamsize|p1|6\n|teamsize|p2|6\n|gen|9\n|tier|[Gen 9] National Dex Ubers\n|rated|\n|rule|HP Percentage Mod: HP is shown in percentages\n|rule|Endless Battle Clause: Forcing endless battles is banned\n|rule|OHKO Clause: OHKO moves are banned\n|rule|Evasion Moves Clause: Evasion moves are banned\n|rule|Evasion Items Clause: Evasion items are banned\n|rule|Species Clause: Limit one of each Pok\u00e9mon\n|rule|Sleep Clause Mod: Limit one foe put to sleep\n|rule|Mega Rayquaza Clause: You cannot mega evolve Rayquaza\n|clearpoke\n|poke|p1|Celebi|\n|poke|p1|Ampharos, M|\n|poke|p1|Ursaluna, M|\n|poke|p1|Aggron, M|\n|poke|p1|Tyranitar, M|\n|poke|p1|Dragonite, F|\n|poke|p2|Regirock|\n|poke|p2|Regice|\n|poke|p2|Registeel|\n|poke|p2|Regidrago|\n|poke|p2|Regieleki|\n|poke|p2|Regigigas|\n|teampreview\n|inactive|Battle timer is ON: inactive players will automatically lose when time's up. (requested by JjjjjjjjFd)\n|\n|t:|1699728938\n|start\n|switch|p1a: Ursaluna|Ursaluna, M, shiny|100\/100\n|switch|p2a: Registeel|Registeel|100\/100\n|turn|1\n|\n|t:|1699728957\n|-terastallize|p2a: Registeel|Fighting\n|move|p1a: Ursaluna|Headlong Rush|p2a: Registeel\n|-damage|p2a: Registeel|60\/100\n|-unboost|p1a: Ursaluna|def|1\n|-unboost|p1a: Ursaluna|spd|1\n|move|p2a: Registeel|Toxic|p1a: Ursaluna\n|-status|p1a: Ursaluna|tox\n|\n|-heal|p2a: Registeel|66\/100|[from] item: Leftovers\n|-damage|p1a: Ursaluna|94\/100 tox|[from] psn\n|upkeep\n|turn|2\n|\n|t:|1699728971\n|switch|p1a: Dragonite|Dragonite, F|100\/100\n|move|p2a: Registeel|Protect||[still]\n|-fail|p2a: Registeel\n|\n|-heal|p2a: Registeel|72\/100|[from] item: Leftovers\n|upkeep\n|turn|3\n|\n|t:|1699728979\n|move|p1a: Dragonite|Hurricane|p2a: Registeel\n|-supereffective|p2a: Registeel\n|-damage|p2a: Registeel|9\/100\n|move|p2a: Registeel|Toxic|p1a: Dragonite|[miss]\n|-miss|p2a: Registeel|p1a: Dragonite\n|\n|-heal|p2a: Registeel|15\/100|[from] item: Leftovers\n|upkeep\n|turn|4\n|\n|t:|1699728988\n|move|p2a: Registeel|Protect|p2a: Registeel\n|-singleturn|p2a: Registeel|Protect\n|move|p1a: Dragonite|Dragon Pulse|p2a: Registeel\n|-activate|p2a: Registeel|move: Protect\n|\n|-heal|p2a: Registeel|21\/100|[from] item: Leftovers\n|upkeep\n|turn|5\n|\n|t:|1699728999\n|switch|p2a: Regirock|Regirock|100\/100\n|move|p1a: Dragonite|Dragon Pulse|p2a: Regirock\n|-damage|p2a: Regirock|68\/100\n|\n|-heal|p2a: Regirock|74\/100|[from] item: Leftovers\n|upkeep\n|turn|6\n|\n|t:|1699729009\n|move|p1a: Dragonite|Hydro Pump|p2a: Regirock\n|-supereffective|p2a: Regirock\n|-damage|p2a: Regirock|20\/100\n|move|p2a: Regirock|Drain Punch|p1a: Dragonite\n|-resisted|p1a: Dragonite\n|-damage|p1a: Dragonite|90\/100\n|-heal|p2a: Regirock|26\/100|[from] drain|[of] p1a: Dragonite\n|\n|-heal|p2a: Regirock|32\/100|[from] item: Leftovers\n|upkeep\n|turn|7\n|\n|t:|1699729020\n|switch|p2a: Regice|Regice|100\/100\n|move|p1a: Dragonite|Dragon Pulse|p2a: Regice\n|-damage|p2a: Regice|79\/100\n|\n|upkeep\n|turn|8\n|\n|t:|1699729030\n|-terastallize|p1a: Dragonite|Fire\n|move|p1a: Dragonite|Flamethrower|p2a: Regice\n|-supereffective|p2a: Regice\n|-damage|p2a: Regice|27\/100\n|move|p2a: Regice|Hail|p2a: Regice\n|-weather|Hail\n|\n|-weather|Hail|[upkeep]\n|-damage|p1a: Dragonite|83\/100|[from] Hail\n|upkeep\n|turn|9\n|\n|t:|1699729042\n|move|p1a: Dragonite|Flamethrower|p2a: Regice\n|-supereffective|p2a: Regice\n|-damage|p2a: Regice|0 fnt\n|faint|p2a: Regice\n|\n|-weather|Hail|[upkeep]\n|-damage|p1a: Dragonite|77\/100|[from] Hail\n|upkeep\n|\n|t:|1699729052\n|switch|p2a: Regieleki|Regieleki|100\/100\n|turn|10\n|\n|t:|1699729063\n|switch|p1a: Aggron|Aggron, M|100\/100\n|move|p2a: Regieleki|Thunder Cage|p1a: Aggron|[miss]\n|-miss|p2a: Regieleki|p1a: Aggron\n|\n|-weather|Hail|[upkeep]\n|-damage|p2a: Regieleki|95\/100|[from] Hail\n|-damage|p1a: Aggron|94\/100|[from] Hail\n|upkeep\n|turn|11\n|\n|t:|1699729073\n|move|p2a: Regieleki|Electric Terrain|p2a: Regieleki\n|-fieldstart|move: Electric Terrain\n|move|p1a: Aggron|Earthquake|p2a: Regieleki\n|-supereffective|p2a: Regieleki\n|-damage|p2a: Regieleki|0 fnt\n|faint|p2a: Regieleki\n|\n|-weather|Hail|[upkeep]\n|-damage|p1a: Aggron|88\/100|[from] Hail\n|upkeep\n|\n|t:|1699729082\n|switch|p2a: Regidrago|Regidrago|100\/100\n|turn|12\n|\n|t:|1699729088\n|move|p2a: Regidrago|Earth Power|p1a: Aggron\n|-supereffective|p1a: Aggron\n|-damage|p1a: Aggron|0 fnt\n|faint|p1a: Aggron\n|\n|-weather|none\n|upkeep\n|\n|t:|1699729097\n|switch|p1a: Celebi|Celebi|100\/100\n|turn|13\n|\n|t:|1699729101\n|move|p2a: Regidrago|Dragon Pulse|p1a: Celebi\n|-damage|p1a: Celebi|44\/100\n|move|p1a: Celebi|Dazzling Gleam|p2a: Regidrago\n|-supereffective|p2a: Regidrago\n|-damage|p2a: Regidrago|57\/100\n|\n|upkeep\n|turn|14\n|\n|t:|1699729109\n|move|p2a: Regidrago|Dragon Pulse|p1a: Celebi\n|-damage|p1a: Celebi|0 fnt\n|faint|p1a: Celebi\n|\n|upkeep\n|\n|t:|1699729111\n|switch|p1a: Ampharos|Ampharos, M|100\/100\n|turn|15\n|\n|t:|1699729116\n|detailschange|p1a: Ampharos|Ampharos-Mega, M\n|-mega|p1a: Ampharos|Ampharos|Ampharosite\n|-ability|p1a: Ampharos|Mold Breaker\n|move|p2a: Regidrago|Earth Power|p1a: Ampharos\n|-supereffective|p1a: Ampharos\n|-damage|p1a: Ampharos|60\/100\n|-unboost|p1a: Ampharos|spd|1\n|move|p1a: Ampharos|Dazzling Gleam|p2a: Regidrago\n|-supereffective|p2a: Regidrago\n|-damage|p2a: Regidrago|0 fnt\n|faint|p2a: Regidrago\n|\n|-fieldend|move: Electric Terrain\n|upkeep\n|\n|t:|1699729130\n|switch|p2a: Regirock|Regirock|32\/100\n|turn|16\n|\n|t:|1699729135\n|move|p2a: Regirock|Earthquake|p1a: Ampharos\n|-supereffective|p1a: Ampharos\n|-damage|p1a: Ampharos|10\/100\n|move|p1a: Ampharos|Thunder|p2a: Regirock\n|-damage|p2a: Regirock|0 fnt\n|faint|p2a: Regirock\n|\n|upkeep\n|\n|t:|1699729143\n|switch|p2a: Regigigas|Regigigas|100\/100\n|-start|p2a: Regigigas|ability: Slow Start\n|turn|17\n|\n|t:|1699729148\n|move|p2a: Regigigas|Protect|p2a: Regigigas\n|-singleturn|p2a: Regigigas|Protect\n|move|p1a: Ampharos|Thunder|p2a: Regigigas\n|-activate|p2a: Regigigas|move: Protect\n|\n|upkeep\n|turn|18\n|\n|t:|1699729156\n|move|p1a: Ampharos|Thunder|p2a: Regigigas\n|-damage|p2a: Regigigas|49\/100\n|-status|p2a: Regigigas|par\n|move|p2a: Regigigas|Ice Punch|p1a: Ampharos\n|-supereffective|p1a: Ampharos\n|-damage|p1a: Ampharos|0 fnt\n|faint|p1a: Ampharos\n|\n|-heal|p2a: Regigigas|55\/100 par|[from] item: Leftovers\n|upkeep\n|\n|t:|1699729167\n|switch|p1a: Tyranitar|Tyranitar, M|100\/100\n|-ability|p1a: Tyranitar|Unnerve\n|turn|19\n|\n|t:|1699729172\n|move|p2a: Regigigas|Protect|p2a: Regigigas\n|-singleturn|p2a: Regigigas|Protect\n|move|p1a: Tyranitar|Stone Edge|p2a: Regigigas\n|-activate|p2a: Regigigas|move: Protect\n|\n|-heal|p2a: Regigigas|61\/100 par|[from] item: Leftovers\n|upkeep\n|turn|20\n|\n|t:|1699729182\n|move|p1a: Tyranitar|Stone Edge|p2a: Regigigas\n|-damage|p2a: Regigigas|28\/100 par\n|cant|p2a: Regigigas|par\n|\n|-heal|p2a: Regigigas|34\/100 par|[from] item: Leftovers\n|upkeep\n|turn|21\n|\n|t:|1699729190\n|move|p2a: Regigigas|Protect|p2a: Regigigas\n|-singleturn|p2a: Regigigas|Protect\n|move|p1a: Tyranitar|Stone Edge|p2a: Regigigas\n|-activate|p2a: Regigigas|move: Protect\n|\n|-heal|p2a: Regigigas|40\/100 par|[from] item: Leftovers\n|-end|p2a: Regigigas|Slow Start\n|upkeep\n|turn|22\n|\n|t:|1699729201\n|move|p1a: Tyranitar|Stone Edge|p2a: Regigigas\n|-damage|p2a: Regigigas|8\/100 par\n|move|p2a: Regigigas|Drain Punch|p1a: Tyranitar\n|-supereffective|p1a: Tyranitar\n|-damage|p1a: Tyranitar|14\/100\n|-heal|p2a: Regigigas|49\/100 par|[from] drain|[of] p1a: Tyranitar\n|\n|-heal|p2a: Regigigas|55\/100 par|[from] item: Leftovers\n|upkeep\n|turn|23\n|\n|t:|1699729211\n|switch|p1a: Dragonite|Dragonite, F, tera:Fire|77\/100\n|cant|p2a: Regigigas|par\n|\n|-heal|p2a: Regigigas|61\/100 par|[from] item: Leftovers\n|upkeep\n|turn|24\n|\n|t:|1699729220\n|move|p1a: Dragonite|Hurricane|p2a: Regigigas\n|-damage|p2a: Regigigas|25\/100 par\n|-start|p2a: Regigigas|confusion\n|-activate|p2a: Regigigas|confusion\n|cant|p2a: Regigigas|par\n|\n|-heal|p2a: Regigigas|31\/100 par|[from] item: Leftovers\n|upkeep\n|turn|25\n|\n|t:|1699729222\n|move|p1a: Dragonite|Hurricane|p2a: Regigigas\n|-damage|p2a: Regigigas|0 fnt\n|faint|p2a: Regigigas\n|-end|p2a: Regigigas|Slow Start|[silent]\n|\n|upkeep\n|\n|t:|1699729227\n|switch|p2a: Registeel|Registeel, tera:Fighting|21\/100\n|turn|26\n|\n|t:|1699729232\n|move|p2a: Registeel|Protect|p2a: Registeel\n|-singleturn|p2a: Registeel|Protect\n|move|p1a: Dragonite|Hurricane|p2a: Registeel\n|-activate|p2a: Registeel|move: Protect\n|\n|-heal|p2a: Registeel|27\/100|[from] item: Leftovers\n|upkeep\n|turn|27\n|\n|t:|1699729241\n|move|p1a: Dragonite|Hurricane|p2a: Registeel\n|-supereffective|p2a: Registeel\n|-damage|p2a: Registeel|0 fnt\n|faint|p2a: Registeel\n|\n|win|JjjjjjjjFd\n|raw|JjjjjjjjFd's rating: 1126 &rarr; <strong>1155<\/strong><br \/>(+29 for winning)\n|raw|Gible.Fights's rating: 1180 &rarr; <strong>1151<\/strong><br \/>(-29 for losing)\n","uploadtime":1699729247,"views":5,"p1id":"jjjjjjjjfd","p2id":"giblefights","formatid":"gen9nationaldexubers","rating":1151,"private":0,"password":""}