{"id":"gen9nationaldexubers-1999906050","p1":"Hyjinks","p2":"straightoutta14BC","format":"[Gen 9] National Dex Ubers","log":"|j|\u2606Hyjinks\n|j|\u2606straightoutta14BC\n|inactive|Battle timer is ON: inactive players will automatically lose when time's up.\n|t:|1701128546\n|gametype|singles\n|player|p1|Hyjinks|proton|\n|player|p2|straightoutta14BC|266|\n|teamsize|p1|6\n|teamsize|p2|6\n|gen|9\n|tier|[Gen 9] National Dex Ubers\n|rated|Tournament battle\n|rule|HP Percentage Mod: HP is shown in percentages\n|rule|Endless Battle Clause: Forcing endless battles is banned\n|rule|OHKO Clause: OHKO moves are banned\n|rule|Evasion Moves Clause: Evasion moves are banned\n|rule|Evasion Items Clause: Evasion items are banned\n|rule|Species Clause: Limit one of each Pok\u00e9mon\n|rule|Sleep Clause Mod: Limit one foe put to sleep\n|rule|Mega Rayquaza Clause: You cannot mega evolve Rayquaza\n|rule|Dynamax Clause: You cannot dynamax\n|rule|Terastal Clause: You cannot Terastallize\n|rule|Same Type Clause: Pok\u00e9mon in a team must share a type\n|clearpoke\n|poke|p1|Arceus-Ghost|\n|poke|p1|Houndstone, M|\n|poke|p1|Flutter Mane|\n|poke|p1|Dragapult, M|\n|poke|p1|Froslass, F|\n|poke|p1|Annihilape, F|\n|poke|p2|Klefki, F|\n|poke|p2|Mawile, F|\n|poke|p2|Dialga|\n|poke|p2|Necrozma-Dusk-Mane|\n|poke|p2|Kartana|\n|poke|p2|Excadrill, M|\n|teampreview\n|j| Franko159\n|j| The_Gh0st_Shadow\n|c| The_Gh0st_Shadow|This is bad\n|inactive|straightoutta14BC has 120 seconds left.\n|inactive|straightoutta14BC has 90 seconds left.\n|j| uiuiuiui111\n|\n|t:|1701128625\n|start\n|switch|p1a: Froslass|Froslass, F|100\/100\n|switch|p2a: Deep Impact|Excadrill, M|100\/100\n|-ability|p2a: Deep Impact|Mold Breaker\n|turn|1\n|\n|t:|1701128633\n|move|p1a: Froslass|Spikes|p2a: Deep Impact\n|-sidestart|p2: straightoutta14BC|Spikes\n|move|p2a: Deep Impact|Rock Slide|p1a: Froslass\n|-supereffective|p1a: Froslass\n|-damage|p1a: Froslass|14\/100\n|\n|upkeep\n|turn|2\n|inactive|straightoutta14BC has 120 seconds left.\n|inactive|Hyjinks has 120 seconds left.\n|inactive|straightoutta14BC has 90 seconds left.\n|inactive|straightoutta14BC has 60 seconds left.\n|\n|t:|1701128737\n|move|p1a: Froslass|Taunt|p2a: Deep Impact\n|-start|p2a: Deep Impact|move: Taunt\n|move|p2a: Deep Impact|Earthquake|p1a: Froslass\n|-damage|p1a: Froslass|0 fnt\n|-start|p2a: Deep Impact|Disable|Earthquake|[from] ability: Cursed Body|[of] p1a: Froslass\n|faint|p1a: Froslass\n|\n|upkeep\n|inactive|Hyjinks has 120 seconds left.\n|\n|t:|1701128743\n|switch|p1a: Annihilape|Annihilape, F|100\/100\n|turn|3\n|inactive|straightoutta14BC has 60 seconds left.\n|j| F1re L0rd 0zai\n|\n|t:|1701128777\n|switch|p2a: Pioneer|Dialga|100\/100\n|-damage|p2a: Pioneer|88\/100|[from] Spikes\n|-ability|p2a: Pioneer|Pressure\n|move|p1a: Annihilape|Bulk Up|p1a: Annihilape\n|-boost|p1a: Annihilape|atk|1\n|-boost|p1a: Annihilape|def|1\n|\n|upkeep\n|turn|4\n|l| F1re L0rd 0zai\n|inactive|straightoutta14BC has 30 seconds left.\n|\n|t:|1701128797\n|move|p1a: Annihilape|Taunt|p2a: Pioneer\n|-start|p2a: Pioneer|move: Taunt\n|move|p2a: Pioneer|Steel Beam|p1a: Annihilape\n|-damage|p1a: Annihilape|45\/100\n|-damage|p2a: Pioneer|38\/100|[from] steelbeam\n|\n|-heal|p1a: Annihilape|52\/100|[from] item: Leftovers\n|upkeep\n|turn|5\n|\n|t:|1701128809\n|move|p1a: Annihilape|Drain Punch|p2a: Pioneer\n|-supereffective|p2a: Pioneer\n|-enditem|p2a: Pioneer|Chople Berry|[eat]\n|-enditem|p2a: Pioneer|Chople Berry|[weaken]\n|-damage|p2a: Pioneer|9\/100\n|-heal|p1a: Annihilape|66\/100|[from] drain|[of] p2a: Pioneer\n|move|p2a: Pioneer|Steel Beam|p1a: Annihilape\n|-crit|p1a: Annihilape\n|-damage|p1a: Annihilape|0 fnt\n|-damage|p2a: Pioneer|0 fnt|[from] steelbeam\n|faint|p2a: Pioneer\n|faint|p1a: Annihilape\n|\n|upkeep\n|l| The_Gh0st_Shadow\n|inactive|straightoutta14BC has 30 seconds left.\n|inactive|straightoutta14BC has 20 seconds left.\n|\n|t:|1701128843\n|switch|p1a: Flutter Mane|Flutter Mane|100\/100\n|switch|p2a: Deep Impact|Excadrill, M|100\/100\n|-damage|p2a: Deep Impact|88\/100|[from] Spikes\n|-ability|p2a: Deep Impact|Mold Breaker\n|-enditem|p1a: Flutter Mane|Booster Energy\n|-activate|p1a: Flutter Mane|ability: Protosynthesis|[fromitem]\n|-start|p1a: Flutter Mane|protosynthesisspe\n|turn|6\n|inactive|straightoutta14BC has 30 seconds left this turn.\n|inactive|straightoutta14BC has 20 seconds left.\n|inactive|Hyjinks has 120 seconds left.\n|\n|t:|1701128889\n|move|p1a: Flutter Mane|Shadow Ball|p2a: Deep Impact\n|-damage|p2a: Deep Impact|35\/100\n|move|p2a: Deep Impact|Earthquake|p1a: Flutter Mane\n|-damage|p1a: Flutter Mane|0 fnt\n|faint|p1a: Flutter Mane\n|-end|p1a: Flutter Mane|Protosynthesis|[silent]\n|\n|upkeep\n|inactive|straightoutta14BC has 25 seconds left this turn.\n|\n|t:|1701128894\n|switch|p1a: Arceus|Arceus-Ghost|100\/100\n|turn|7\n|\n|t:|1701128899\n|move|p1a: Arceus|Dragon Dance|p1a: Arceus\n|-boost|p1a: Arceus|atk|1\n|-boost|p1a: Arceus|spe|1\n|move|p2a: Deep Impact|Earthquake|p1a: Arceus\n|-damage|p1a: Arceus|62\/100\n|\n|upkeep\n|turn|8\n|\n|t:|1701128904\n|move|p1a: Arceus|Dragon Dance|p1a: Arceus\n|-boost|p1a: Arceus|atk|1\n|-boost|p1a: Arceus|spe|1\n|move|p2a: Deep Impact|Earthquake|p1a: Arceus\n|-damage|p1a: Arceus|21\/100\n|\n|upkeep\n|turn|9\n|\n|t:|1701128909\n|move|p1a: Arceus|Brick Break|p2a: Deep Impact\n|-supereffective|p2a: Deep Impact\n|-damage|p2a: Deep Impact|0 fnt\n|faint|p2a: Deep Impact\n|\n|upkeep\n|inactive|straightoutta14BC has 30 seconds left.\n|\n|t:|1701128941\n|switch|p2a: Valentina|Mawile, F|100\/100\n|-damage|p2a: Valentina|88\/100|[from] Spikes\n|-ability|p2a: Valentina|Intimidate|boost\n|-unboost|p1a: Arceus|atk|1\n|turn|10\n|inactive|straightoutta14BC has 30 seconds left.\n|inactive|straightoutta14BC has 20 seconds left.\n|inactive|straightoutta14BC has 15 seconds left.\n|j| The_Gh0st_Shadow\n|inactive|straightoutta14BC has 10 seconds left.\n|\n|t:|1701128970\n|detailschange|p2a: Valentina|Mawile-Mega, F\n|-mega|p2a: Valentina|Mawile|Mawilite\n|move|p2a: Valentina|Sucker Punch|p1a: Arceus\n|-supereffective|p1a: Arceus\n|-damage|p1a: Arceus|0 fnt\n|faint|p1a: Arceus\n|\n|upkeep\n|inactive|straightoutta14BC has 15 seconds left this turn.\n|\n|t:|1701128978\n|switch|p1a: Houndstone|Houndstone, M|100\/100\n|turn|11\n|inactive|straightoutta14BC has 25 seconds left this turn.\n|inactive|straightoutta14BC has 20 seconds left.\n|\n|t:|1701128985\n|switch|p2a: Dyson|Necrozma-Dusk-Mane|100\/100\n|-damage|p2a: Dyson|88\/100|[from] Spikes\n|move|p1a: Houndstone|Last Respects|p2a: Dyson\n|-supereffective|p2a: Dyson\n|-damage|p2a: Dyson|0 fnt\n|faint|p2a: Dyson\n|\n|upkeep\n|inactive|straightoutta14BC has 25 seconds left this turn.\n|inactive|straightoutta14BC has 20 seconds left.\n|\n|t:|1701128991\n|switch|p2a: Mir|Klefki, F|100\/100\n|-damage|p2a: Mir|88\/100|[from] Spikes\n|turn|12\n|inactive|straightoutta14BC has 30 seconds left this turn.\n|c| The_Gh0st_Shadow|Wait\n|\n|t:|1701128995\n|move|p2a: Mir|Reflect|p2a: Mir\n|-sidestart|p2: straightoutta14BC|Reflect\n|move|p1a: Houndstone|Last Respects|p2a: Mir\n|-damage|p2a: Mir|47\/100\n|\n|upkeep\n|turn|13\n|\n|t:|1701129000\n|move|p1a: Houndstone|Last Respects|p2a: Mir\n|-damage|p2a: Mir|3\/100\n|move|p2a: Mir|Steel Beam|p1a: Houndstone\n|-damage|p1a: Houndstone|49\/100\n|-damage|p2a: Mir|0 fnt|[from] steelbeam\n|faint|p2a: Mir\n|\n|upkeep\n|\n|t:|1701129003\n|switch|p2a: Valentina|Mawile-Mega, F|88\/100\n|-damage|p2a: Valentina|75\/100|[from] Spikes\n|turn|14\n|c| The_Gh0st_Shadow|i thought last respects were banned in nat dex Ubers too\n|inactive|straightoutta14BC has 30 seconds left.\n|\n|t:|1701129033\n|switch|p1a: Dragapult|Dragapult, M|100\/100\n|move|p2a: Valentina|Play Rough|p1a: Dragapult\n|-supereffective|p1a: Dragapult\n|-damage|p1a: Dragapult|0 fnt\n|faint|p1a: Dragapult\n|\n|upkeep\n|inactive|straightoutta14BC has 30 seconds left this turn.\n|\n|t:|1701129036\n|switch|p1a: Houndstone|Houndstone, M|49\/100\n|turn|15\n|\n|t:|1701129040\n|move|p2a: Valentina|Sucker Punch|p1a: Houndstone\n|-supereffective|p1a: Houndstone\n|-damage|p1a: Houndstone|0 fnt\n|faint|p1a: Houndstone\n|\n|win|straightoutta14BC\n|n|\u2606Hyjinks|hyjinks\n|n|\u2606straightoutta14BC|straightoutta14bc\n|n| Franko159|franko159\n|n| uiuiuiui111|uiuiuiui111\n|n| The_Gh0st_Shadow|thegh0stshadow\n|c| Franko159|why not trick room with klefki\n|l|\u2606Hyjinks\n","uploadtime":1701129041,"views":1,"p1id":"hyjinks","p2id":"straightoutta14bc","formatid":"gen9nationaldexubers","rating":0,"private":0,"password":""}