{"id":"gen9nationaldexubers-1978836613","p1":"YasuhoxxHirose","p2":"09-10a","format":"[Gen 9] National Dex Ubers","log":"|j|\u2606YasuhoxxHirose\n|j|\u260609-10a\n|t:|1698601011\n|gametype|singles\n|player|p1|YasuhoxxHirose|elesa|1508\n|player|p2|09-10a|schoolkid-gen4dp|1815\n|teamsize|p1|6\n|teamsize|p2|6\n|gen|9\n|tier|[Gen 9] National Dex Ubers\n|rated|\n|rule|HP Percentage Mod: HP is shown in percentages\n|rule|Endless Battle Clause: Forcing endless battles is banned\n|rule|OHKO Clause: OHKO moves are banned\n|rule|Evasion Moves Clause: Evasion moves are banned\n|rule|Evasion Items Clause: Evasion items are banned\n|rule|Species Clause: Limit one of each Pok\u00e9mon\n|rule|Sleep Clause Mod: Limit one foe put to sleep\n|rule|Mega Rayquaza Clause: You cannot mega evolve Rayquaza\n|clearpoke\n|poke|p1|Groudon|\n|poke|p1|Zygarde|\n|poke|p1|Mewtwo|\n|poke|p1|Ho-Oh|\n|poke|p1|Lunala|\n|poke|p1|Eternatus|\n|poke|p2|Salamence, M|\n|poke|p2|Marshadow|\n|poke|p2|Zygarde|\n|poke|p2|Xerneas-*|\n|poke|p2|Necrozma-Dusk-Mane|\n|poke|p2|Donphan, M|\n|teampreview\n|inactive|Battle timer is ON: inactive players will automatically lose when time's up. (requested by 09-10a)\n|\n|t:|1698601022\n|start\n|switch|p1a: Zygarde|Zygarde|100\/100\n|switch|p2a: Marshadow|Marshadow|100\/100\n|turn|1\n|\n|t:|1698601027\n|move|p2a: Marshadow|Bulk Up|p2a: Marshadow\n|-boost|p2a: Marshadow|atk|1\n|-boost|p2a: Marshadow|def|1\n|move|p1a: Zygarde|Thousand Waves|p2a: Marshadow\n|-damage|p2a: Marshadow|69\/100\n|\n|upkeep\n|turn|2\n|\n|t:|1698601042\n|switch|p1a: Groudon|Groudon|100\/100\n|detailschange|p1a: Groudon|Groudon-Primal\n|-primal|p1a: Groudon|Red Orb\n|-weather|DesolateLand|[from] ability: Desolate Land|[of] p1a: Groudon\n|move|p2a: Marshadow|Shadow Sneak|p1a: Groudon\n|-damage|p1a: Groudon|58\/100\n|-damage|p2a: Marshadow|59\/100|[from] item: Life Orb\n|\n|-weather|DesolateLand|[upkeep]\n|upkeep\n|turn|3\n|\n|t:|1698601050\n|move|p2a: Marshadow|Close Combat|p1a: Groudon\n|-damage|p1a: Groudon|0 fnt\n|-unboost|p2a: Marshadow|def|1\n|-unboost|p2a: Marshadow|spd|1\n|faint|p1a: Groudon\n|-weather|none\n|-damage|p2a: Marshadow|49\/100|[from] item: Life Orb\n|\n|upkeep\n|\n|t:|1698601058\n|switch|p1a: Zygarde|Zygarde|100\/100\n|turn|4\n|\n|t:|1698601061\n|-terastallize|p2a: Marshadow|Ghost\n|move|p2a: Marshadow|Poltergeist|p1a: Zygarde|[miss]\n|-miss|p2a: Marshadow|p1a: Zygarde\n|move|p1a: Zygarde|Thousand Waves|p2a: Marshadow\n|-damage|p2a: Marshadow|3\/100\n|\n|upkeep\n|turn|5\n|\n|t:|1698601070\n|move|p2a: Marshadow|Poltergeist|p1a: Zygarde\n|-activate|p1a: Zygarde|move: Poltergeist|Chesto Berry\n|-damage|p1a: Zygarde|17\/100\n|-damage|p2a: Marshadow|0 fnt|[from] item: Life Orb\n|faint|p2a: Marshadow\n|move|p1a: Zygarde|Thousand Waves|p2: Marshadow|[notarget]\n|-fail|p1a: Zygarde\n|\n|-activate|p1a: Zygarde|ability: Power Construct\n|detailschange|p1a: Zygarde|Zygarde-Complete\n|-heal|p1a: Zygarde|46\/100|[silent]\n|upkeep\n|\n|t:|1698601092\n|switch|p2a: Xerneas|Xerneas, shiny|100\/100\n|-ability|p2a: Xerneas|Fairy Aura\n|turn|6\n|\n|t:|1698601096\n|switch|p1a: Ho-Oh|Ho-Oh|100\/100\n|move|p2a: Xerneas|Geomancy||[still]\n|-prepare|p2a: Xerneas|Geomancy\n|-enditem|p2a: Xerneas|Power Herb\n|-anim|p2a: Xerneas|Geomancy|p2a: Xerneas\n|-boost|p2a: Xerneas|spa|2\n|-boost|p2a: Xerneas|spd|2\n|-boost|p2a: Xerneas|spe|2\n|\n|upkeep\n|turn|7\n|inactive|09-10a has 120 seconds left.\n|\n|t:|1698601136\n|move|p2a: Xerneas|Thunder|p1a: Ho-Oh\n|-supereffective|p1a: Ho-Oh\n|-damage|p1a: Ho-Oh|33\/100\n|-status|p1a: Ho-Oh|par\n|move|p1a: Ho-Oh|Whirlwind|p2a: Xerneas\n|drag|p2a: Necrozma|Necrozma-Dusk-Mane, shiny|100\/100\n|\n|upkeep\n|turn|8\n|inactive|09-10a has 120 seconds left.\n|\n|t:|1698601149\n|detailschange|p2a: Necrozma|Necrozma-Ultra, shiny\n|-burst|p2a: Necrozma|Necrozma|Ultranecrozium Z\n|move|p2a: Necrozma|Rock Blast|p1a: Ho-Oh\n|-supereffective|p1a: Ho-Oh\n|-damage|p1a: Ho-Oh|0 fnt\n|faint|p1a: Ho-Oh\n|-hitcount|p1: Ho-Oh|1\n|\n|upkeep\n|\n|t:|1698601163\n|switch|p1a: Lunala|Lunala|100\/100\n|turn|9\n|inactive|09-10a has 120 seconds left.\n|\n|t:|1698601173\n|switch|p2a: Donphan|Donphan, M, shiny|100\/100\n|move|p1a: Lunala|Moongeist Beam|p2a: Donphan\n|-damage|p2a: Donphan|23\/100\n|\n|upkeep\n|turn|10\n|-enditem|p2a: Donphan|Custap Berry|[eat]\n|-activate|p2a: Donphan|item: Custap Berry|[consumed]\n|\n|t:|1698601180\n|move|p2a: Donphan|Bulldoze|p1a: Lunala\n|-damage|p1a: Lunala|92\/100\n|-unboost|p1a: Lunala|spe|1\n|move|p1a: Lunala|Moongeist Beam|p2a: Donphan\n|-damage|p2a: Donphan|0 fnt\n|faint|p2a: Donphan\n|\n|-heal|p1a: Lunala|98\/100|[from] item: Leftovers\n|upkeep\n|\n|t:|1698601185\n|switch|p2a: Xerneas|Xerneas, shiny|100\/100\n|-ability|p2a: Xerneas|Fairy Aura\n|turn|11\n|\n|t:|1698601195\n|move|p2a: Xerneas|Moonblast|p1a: Lunala\n|-damage|p1a: Lunala|55\/100\n|-unboost|p1a: Lunala|spa|1\n|move|p1a: Lunala|Calm Mind|p1a: Lunala\n|-boost|p1a: Lunala|spa|1\n|-boost|p1a: Lunala|spd|1\n|\n|-heal|p1a: Lunala|62\/100|[from] item: Leftovers\n|upkeep\n|turn|12\n|\n|t:|1698601217\n|move|p2a: Xerneas|Geomancy||[still]\n|-prepare|p2a: Xerneas|Geomancy\n|move|p1a: Lunala|Moongeist Beam|p2a: Xerneas\n|-damage|p2a: Xerneas|48\/100\n|\n|-heal|p1a: Lunala|68\/100|[from] item: Leftovers\n|upkeep\n|turn|13\n|\n|t:|1698601225\n|move|p2a: Xerneas|Geomancy|p2a: Xerneas|[from]lockedmove\n|-boost|p2a: Xerneas|spa|2\n|-boost|p2a: Xerneas|spd|2\n|-boost|p2a: Xerneas|spe|2\n|move|p1a: Lunala|Calm Mind|p1a: Lunala\n|-boost|p1a: Lunala|spa|1\n|-boost|p1a: Lunala|spd|1\n|\n|-heal|p1a: Lunala|74\/100|[from] item: Leftovers\n|upkeep\n|turn|14\n|\n|t:|1698601233\n|move|p2a: Xerneas|Moonblast|p1a: Lunala\n|-damage|p1a: Lunala|26\/100\n|move|p1a: Lunala|Moonlight|p1a: Lunala\n|-heal|p1a: Lunala|76\/100\n|\n|-heal|p1a: Lunala|82\/100|[from] item: Leftovers\n|upkeep\n|turn|15\n|\n|t:|1698601247\n|move|p2a: Xerneas|Moonblast|p1a: Lunala\n|-damage|p1a: Lunala|35\/100\n|move|p1a: Lunala|Moonlight|p1a: Lunala\n|-heal|p1a: Lunala|85\/100\n|\n|-heal|p1a: Lunala|91\/100|[from] item: Leftovers\n|upkeep\n|turn|16\n|\n|t:|1698601256\n|move|p2a: Xerneas|Moonblast|p1a: Lunala\n|-crit|p1a: Lunala\n|-damage|p1a: Lunala|0 fnt\n|faint|p1a: Lunala\n|\n|upkeep\n|\n|t:|1698601262\n|switch|p1a: Zygarde|Zygarde-Complete|46\/100\n|turn|17\n|\n|t:|1698601269\n|-terastallize|p1a: Zygarde|Normal\n|move|p1a: Zygarde|Extreme Speed|p2a: Xerneas\n|-damage|p2a: Xerneas|25\/100\n|move|p2a: Xerneas|Moonblast|p1a: Zygarde\n|-damage|p1a: Zygarde|0 fnt\n|faint|p1a: Zygarde\n|\n|upkeep\n|c|\u2606YasuhoxxHirose|fuck man\n|c|\u2606YasuhoxxHirose|gg\n|\n|t:|1698601276\n|switch|p1a: Eternatus|Eternatus|100\/100\n|-ability|p1a: Eternatus|Pressure\n|turn|18\n|\n|t:|1698601283\n|move|p2a: Xerneas|Moonblast|p1a: Eternatus\n|-damage|p1a: Eternatus|0 fnt\n|faint|p1a: Eternatus\n|\n|upkeep\n|\n|t:|1698601287\n|switch|p1a: Mewtwo|Mewtwo|100\/100\n|-ability|p1a: Mewtwo|Pressure\n|turn|19\n|\n|t:|1698601295\n|detailschange|p1a: Mewtwo|Mewtwo-Mega-Y\n|-mega|p1a: Mewtwo|Mewtwo|Mewtwonite Y\n|move|p2a: Xerneas|Moonblast|p1a: Mewtwo\n|-damage|p1a: Mewtwo|0 fnt\n|faint|p1a: Mewtwo\n|\n|win|09-10a\n|raw|YasuhoxxHirose's rating: 1508 &rarr; <strong>1502<\/strong><br \/>(-6 for losing)\n|raw|09-10a's rating: 1815 &rarr; <strong>1821<\/strong><br \/>(+6 for winning)\n|l|\u260609-10a\n|l|\u2606YasuhoxxHirose\n","uploadtime":1698601573,"views":10,"p1id":"yasuhoxxhirose","p2id":"0910a","formatid":"gen9nationaldexubers","rating":1502,"private":0,"password":""}