{"id":"gen9nationaldexubers-1993814633","p1":"satoshikuso","p2":"ShriveledMonkey","format":"[Gen 9] National Dex Ubers","log":"|j|\u2606satoshikuso\n|j|\u2606ShriveledMonkey\n|t:|1700360613\n|gametype|singles\n|player|p1|satoshikuso|red|1079\n|player|p2|ShriveledMonkey|266|1144\n|teamsize|p1|6\n|teamsize|p2|6\n|gen|9\n|tier|[Gen 9] National Dex Ubers\n|rated|\n|rule|HP Percentage Mod: HP is shown in percentages\n|rule|Endless Battle Clause: Forcing endless battles is banned\n|rule|OHKO Clause: OHKO moves are banned\n|rule|Evasion Moves Clause: Evasion moves are banned\n|rule|Evasion Items Clause: Evasion items are banned\n|rule|Species Clause: Limit one of each Pok\u00e9mon\n|rule|Sleep Clause Mod: Limit one foe put to sleep\n|rule|Mega Rayquaza Clause: You cannot mega evolve Rayquaza\n|clearpoke\n|poke|p1|Dragonite, M|\n|poke|p1|Greninja-*, M|\n|poke|p1|Lucario, M|\n|poke|p1|Torterra, M|\n|poke|p1|Cinderace, M|\n|poke|p1|Noivern, M|\n|poke|p2|Annihilape, F|\n|poke|p2|Klinklang|\n|poke|p2|Zoroark-Hisui, M|\n|poke|p2|Beautifly, M|\n|poke|p2|Lunatone|\n|poke|p2|Wugtrio, F|\n|teampreview\n|inactive|Battle timer is ON: inactive players will automatically lose when time's up. (requested by satoshikuso)\n|\n|t:|1700360631\n|start\n|switch|p1a: Asma-attack|Greninja, M|100\/100\n|switch|p2a: Annihilape|Annihilape, F|100\/100\n|turn|1\n|\n|t:|1700360638\n|-terastallize|p1a: Asma-attack|Ghost\n|move|p1a: Asma-attack|Extrasensory|p2a: Annihilape\n|-supereffective|p2a: Annihilape\n|-damage|p2a: Annihilape|69\/100\n|move|p2a: Annihilape|Bulk Up|p2a: Annihilape\n|-boost|p2a: Annihilape|atk|1\n|-boost|p2a: Annihilape|def|1\n|\n|upkeep\n|turn|2\n|\n|t:|1700360647\n|move|p1a: Asma-attack|Dark Pulse|p2a: Annihilape\n|-damage|p2a: Annihilape|43\/100\n|move|p2a: Annihilape|Rage Fist|p1a: Asma-attack\n|-supereffective|p1a: Asma-attack\n|-damage|p1a: Asma-attack|0 fnt\n|faint|p1a: Asma-attack\n|\n|upkeep\n|\n|t:|1700360653\n|switch|p1a: George floyd|Dragonite, M|100\/100\n|turn|3\n|\n|t:|1700360657\n|move|p2a: Annihilape|Rest|p2a: Annihilape\n|-status|p2a: Annihilape|slp|[from] move: Rest\n|-heal|p2a: Annihilape|100\/100 slp|[silent]\n|-enditem|p2a: Annihilape|Chesto Berry|[eat]\n|-curestatus|p2a: Annihilape|slp|[msg]\n|move|p1a: George floyd|Dragon Dance|p1a: George floyd\n|-boost|p1a: George floyd|atk|1\n|-boost|p1a: George floyd|spe|1\n|\n|upkeep\n|turn|4\n|\n|t:|1700360670\n|-terastallize|p2a: Annihilape|Fairy\n|move|p1a: George floyd|Dragon Dance|p1a: George floyd\n|-boost|p1a: George floyd|atk|1\n|-boost|p1a: George floyd|spe|1\n|move|p2a: Annihilape|Rage Fist|p1a: George floyd\n|-damage|p1a: George floyd|62\/100\n|\n|upkeep\n|turn|5\n|\n|t:|1700360679\n|move|p1a: George floyd|Earthquake|p2a: Annihilape\n|-damage|p2a: Annihilape|49\/100\n|move|p2a: Annihilape|Rage Fist|p1a: George floyd\n|-damage|p1a: George floyd|0 fnt\n|faint|p1a: George floyd\n|\n|upkeep\n|\n|t:|1700360695\n|switch|p1a: Cinderace|Cinderace, M|100\/100\n|turn|6\n|\n|t:|1700360702\n|move|p1a: Cinderace|Pyro Ball|p2a: Annihilape\n|-damage|p2a: Annihilape|10\/100\n|move|p2a: Annihilape|Rage Fist|p1a: Cinderace\n|-damage|p1a: Cinderace|0 fnt\n|faint|p1a: Cinderace\n|\n|upkeep\n|\n|t:|1700360707\n|switch|p1a: PENl5 disorder|Lucario, M|100\/100\n|turn|7\n|\n|t:|1700360712\n|move|p1a: PENl5 disorder|Dragon Pulse|p2a: Annihilape\n|-immune|p2a: Annihilape\n|move|p2a: Annihilape|Drain Punch|p1a: PENl5 disorder\n|-supereffective|p1a: PENl5 disorder\n|-damage|p1a: PENl5 disorder|0 fnt\n|-heal|p2a: Annihilape|44\/100|[from] drain|[of] p1a: PENl5 disorder\n|faint|p1a: PENl5 disorder\n|\n|upkeep\n|\n|t:|1700360716\n|switch|p1a: Batman|Noivern, M|100\/100\n|turn|8\n|\n|t:|1700360723\n|move|p1a: Batman|Hidden Power|p2a: Annihilape\n|-supereffective|p2a: Annihilape\n|-damage|p2a: Annihilape|21\/100\n|move|p2a: Annihilape|Rage Fist|p1a: Batman\n|-damage|p1a: Batman|0 fnt\n|faint|p1a: Batman\n|\n|upkeep\n|\n|t:|1700360726\n|switch|p1a: Mandragora|Torterra, M|100\/100\n|turn|9\n|\n|t:|1700360732\n|move|p2a: Annihilape|Rage Fist|p1a: Mandragora\n|-damage|p1a: Mandragora|0 fnt\n|faint|p1a: Mandragora\n|\n|win|ShriveledMonkey\n|raw|satoshikuso's rating: 1079 &rarr; <strong>1061<\/strong><br \/>(-18 for losing)\n|raw|ShriveledMonkey's rating: 1144 &rarr; <strong>1164<\/strong><br \/>(+20 for winning)\n","uploadtime":1700360738,"views":6,"p1id":"satoshikuso","p2id":"shriveledmonkey","formatid":"gen9nationaldexubers","rating":1061,"private":0,"password":""}