{"id":"gen9nationaldexubers-1997983192","p1":"vnappy","p2":"johnsmith21","format":"[Gen 9] National Dex Ubers","log":"|j|\u2606vnappy\n|j|\u2606johnsmith21\n|t:|1700875223\n|gametype|singles\n|player|p1|vnappy|acetrainer-gen4dp|1158\n|player|p2|johnsmith21|266|1291\n|teamsize|p1|6\n|teamsize|p2|6\n|gen|9\n|tier|[Gen 9] National Dex Ubers\n|rated|\n|rule|HP Percentage Mod: HP is shown in percentages\n|rule|Endless Battle Clause: Forcing endless battles is banned\n|rule|OHKO Clause: OHKO moves are banned\n|rule|Evasion Moves Clause: Evasion moves are banned\n|rule|Evasion Items Clause: Evasion items are banned\n|rule|Species Clause: Limit one of each Pok\u00e9mon\n|rule|Sleep Clause Mod: Limit one foe put to sleep\n|rule|Mega Rayquaza Clause: You cannot mega evolve Rayquaza\n|clearpoke\n|poke|p1|Blastoise, M|\n|poke|p1|Tyranitar, M|\n|poke|p1|Rhydon, M|\n|poke|p1|Nidoking, M|\n|poke|p1|Dragonite, M|\n|poke|p1|Baxcalibur, M|\n|poke|p2|Espathra, M|\n|poke|p2|Palafin, F|\n|poke|p2|Reshiram|\n|poke|p2|Necrozma-Dawn-Wings|\n|poke|p2|Melmetal|\n|poke|p2|Pheromosa|\n|teampreview\n|inactive|Battle timer is ON: inactive players will automatically lose when time's up. (requested by vnappy)\n|\n|t:|1700875236\n|start\n|switch|p1a: Blastoise|Blastoise, M|100\/100\n|switch|p2a: Necrozma|Necrozma-Dawn-Wings|100\/100\n|turn|1\n|\n|t:|1700875249\n|detailschange|p1a: Blastoise|Blastoise-Mega, M\n|-mega|p1a: Blastoise|Blastoise|Blastoisinite\n|detailschange|p2a: Necrozma|Necrozma-Ultra\n|-burst|p2a: Necrozma|Necrozma|Ultranecrozium Z\n|move|p2a: Necrozma|Photon Geyser|p1a: Blastoise\n|-damage|p1a: Blastoise|42\/100\n|move|p1a: Blastoise|Shell Smash|p1a: Blastoise\n|-unboost|p1a: Blastoise|def|1\n|-unboost|p1a: Blastoise|spd|1\n|-boost|p1a: Blastoise|atk|2\n|-boost|p1a: Blastoise|spa|2\n|-boost|p1a: Blastoise|spe|2\n|\n|upkeep\n|turn|2\n|\n|t:|1700875259\n|move|p1a: Blastoise|Ice Beam|p2a: Necrozma\n|-supereffective|p2a: Necrozma\n|-damage|p2a: Necrozma|0 fnt\n|faint|p2a: Necrozma\n|\n|upkeep\n|\n|t:|1700875267\n|switch|p2a: Palafin|Palafin, F, shiny|100\/100\n|turn|3\n|\n|t:|1700875272\n|-terastallize|p2a: Palafin|Water\n|move|p2a: Palafin|Jet Punch|p1a: Blastoise\n|-resisted|p1a: Blastoise\n|-damage|p1a: Blastoise|13\/100\n|move|p1a: Blastoise|Aura Sphere|p2a: Palafin\n|-damage|p2a: Palafin|0 fnt\n|faint|p2a: Palafin\n|\n|upkeep\n|\n|t:|1700875281\n|switch|p2a: Melmetal|Melmetal|100\/100\n|turn|4\n|\n|t:|1700875286\n|move|p1a: Blastoise|Aura Sphere|p2a: Melmetal\n|-supereffective|p2a: Melmetal\n|-damage|p2a: Melmetal|0 fnt\n|faint|p2a: Melmetal\n|\n|upkeep\n|\n|t:|1700875291\n|switch|p2a: Espathra|Espathra, M|100\/100\n|turn|5\n|\n|t:|1700875294\n|move|p2a: Espathra|Protect|p2a: Espathra\n|-singleturn|p2a: Espathra|Protect\n|move|p1a: Blastoise|Water Pulse|p2a: Espathra\n|-activate|p2a: Espathra|move: Protect\n|\n|-ability|p2a: Espathra|Speed Boost|boost\n|-boost|p2a: Espathra|spe|1\n|upkeep\n|turn|6\n|\n|t:|1700875297\n|move|p2a: Espathra|Protect|p2a: Espathra\n|-singleturn|p2a: Espathra|Protect\n|move|p1a: Blastoise|Water Pulse|p2a: Espathra\n|-activate|p2a: Espathra|move: Protect\n|\n|-ability|p2a: Espathra|Speed Boost|boost\n|-boost|p2a: Espathra|spe|1\n|upkeep\n|turn|7\n|\n|t:|1700875300\n|move|p2a: Espathra|Stored Power|p1a: Blastoise\n|-damage|p1a: Blastoise|0 fnt\n|faint|p1a: Blastoise\n|\n|-ability|p2a: Espathra|Speed Boost|boost\n|-boost|p2a: Espathra|spe|1\n|upkeep\n|\n|t:|1700875303\n|switch|p1a: Tyranitar|Tyranitar, M|100\/100\n|-weather|Sandstorm|[from] ability: Sand Stream|[of] p1a: Tyranitar\n|turn|8\n|\n|t:|1700875307\n|move|p2a: Espathra|Substitute|p2a: Espathra\n|-start|p2a: Espathra|Substitute\n|-damage|p2a: Espathra|76\/100\n|move|p1a: Tyranitar|Crunch|p2a: Espathra\n|-supereffective|p2a: Espathra\n|-end|p2a: Espathra|Substitute\n|\n|-weather|Sandstorm|[upkeep]\n|-damage|p2a: Espathra|70\/100|[from] Sandstorm\n|-ability|p2a: Espathra|Speed Boost|boost\n|-boost|p2a: Espathra|spe|1\n|upkeep\n|turn|9\n|\n|t:|1700875315\n|move|p2a: Espathra|Substitute|p2a: Espathra\n|-start|p2a: Espathra|Substitute\n|-damage|p2a: Espathra|45\/100\n|move|p1a: Tyranitar|Crunch|p2a: Espathra\n|-supereffective|p2a: Espathra\n|-end|p2a: Espathra|Substitute\n|\n|-weather|Sandstorm|[upkeep]\n|-damage|p2a: Espathra|39\/100|[from] Sandstorm\n|-ability|p2a: Espathra|Speed Boost|boost\n|-boost|p2a: Espathra|spe|1\n|upkeep\n|turn|10\n|\n|t:|1700875320\n|move|p2a: Espathra|Substitute|p2a: Espathra\n|-start|p2a: Espathra|Substitute\n|-damage|p2a: Espathra|14\/100\n|-enditem|p2a: Espathra|Petaya Berry|[eat]\n|-boost|p2a: Espathra|spa|1|[from] item: Petaya Berry\n|move|p1a: Tyranitar|Crunch|p2a: Espathra\n|-supereffective|p2a: Espathra\n|-end|p2a: Espathra|Substitute\n|\n|-weather|Sandstorm|[upkeep]\n|-damage|p2a: Espathra|8\/100|[from] Sandstorm\n|-ability|p2a: Espathra|Speed Boost|boost\n|-boost|p2a: Espathra|spe|1\n|upkeep\n|turn|11\n|\n|t:|1700875331\n|move|p2a: Espathra|Dazzling Gleam|p1a: Tyranitar\n|-supereffective|p1a: Tyranitar\n|-damage|p1a: Tyranitar|71\/100\n|move|p1a: Tyranitar|Crunch|p2a: Espathra\n|-supereffective|p2a: Espathra\n|-damage|p2a: Espathra|0 fnt\n|faint|p2a: Espathra\n|\n|-weather|Sandstorm|[upkeep]\n|upkeep\n|\n|t:|1700875336\n|switch|p2a: Pheromosa|Pheromosa|100\/100\n|turn|12\n|\n|t:|1700875340\n|move|p2a: Pheromosa|High Jump Kick|p1a: Tyranitar\n|-supereffective|p1a: Tyranitar\n|-damage|p1a: Tyranitar|0 fnt\n|faint|p1a: Tyranitar\n|-ability|p2a: Pheromosa|Beast Boost|boost\n|-boost|p2a: Pheromosa|spe|1\n|-damage|p2a: Pheromosa|91\/100|[from] item: Life Orb\n|\n|-weather|none\n|upkeep\n|\n|t:|1700875346\n|switch|p1a: Dragonite|Dragonite, M|100\/100\n|turn|13\n|\n|t:|1700875349\n|move|p2a: Pheromosa|Triple Axel|p1a: Dragonite\n|-supereffective|p1a: Dragonite\n|-damage|p1a: Dragonite|77\/100\n|-supereffective|p1a: Dragonite\n|-damage|p1a: Dragonite|0 fnt\n|faint|p1a: Dragonite\n|-ability|p2a: Pheromosa|Beast Boost|boost\n|-boost|p2a: Pheromosa|spe|1\n|-hitcount|p1: Dragonite|2\n|-damage|p2a: Pheromosa|81\/100|[from] item: Life Orb\n|\n|upkeep\n|\n|t:|1700875353\n|switch|p1a: Baxcalibur|Baxcalibur, M|100\/100\n|turn|14\n|\n|t:|1700875358\n|move|p2a: Pheromosa|High Jump Kick|p1a: Baxcalibur\n|-supereffective|p1a: Baxcalibur\n|-damage|p1a: Baxcalibur|0 fnt\n|faint|p1a: Baxcalibur\n|-ability|p2a: Pheromosa|Beast Boost|boost\n|-boost|p2a: Pheromosa|spe|1\n|-damage|p2a: Pheromosa|71\/100|[from] item: Life Orb\n|\n|upkeep\n|\n|t:|1700875362\n|switch|p1a: Rhydon|Rhydon, M|100\/100\n|turn|15\n|\n|t:|1700875366\n|-terastallize|p1a: Rhydon|Ghost\n|move|p2a: Pheromosa|High Jump Kick|p1a: Rhydon\n|-immune|p1a: Rhydon\n|-damage|p2a: Pheromosa|21\/100|[from] highjumpkick\n|move|p1a: Rhydon|Iron Defense|p1a: Rhydon\n|-boost|p1a: Rhydon|def|2\n|\n|upkeep\n|turn|16\n|\n|t:|1700875378\n|move|p2a: Pheromosa|Throat Chop|p1a: Rhydon\n|-supereffective|p1a: Rhydon\n|-damage|p1a: Rhydon|84\/100\n|-start|p1a: Rhydon|Throat Chop|[silent]\n|-damage|p2a: Pheromosa|11\/100|[from] item: Life Orb\n|move|p1a: Rhydon|Rock Tomb|p2a: Pheromosa\n|-crit|p2a: Pheromosa\n|-damage|p2a: Pheromosa|0 fnt\n|faint|p2a: Pheromosa\n|\n|upkeep\n|\n|t:|1700875384\n|switch|p2a: Reshiram|Reshiram|100\/100\n|-ability|p2a: Reshiram|Turboblaze\n|turn|17\n|\n|t:|1700875387\n|move|p2a: Reshiram|Fusion Flare|p1a: Rhydon\n|-damage|p1a: Rhydon|41\/100\n|move|p1a: Rhydon|Rock Tomb|p2a: Reshiram\n|-supereffective|p2a: Reshiram\n|-damage|p2a: Reshiram|63\/100\n|-unboost|p2a: Reshiram|spe|1\n|\n|-end|p1a: Rhydon|Throat Chop|[silent]\n|upkeep\n|turn|18\n|\n|t:|1700875395\n|move|p2a: Reshiram|Fusion Flare|p1a: Rhydon\n|-damage|p1a: Rhydon|0 fnt\n|faint|p1a: Rhydon\n|\n|upkeep\n|\n|t:|1700875397\n|switch|p1a: Nidoking|Nidoking, M|100\/100\n|turn|19\n|\n|t:|1700875400\n|move|p1a: Nidoking|Earth Power|p2a: Reshiram\n|-supereffective|p2a: Reshiram\n|-damage|p2a: Reshiram|0 fnt\n|faint|p2a: Reshiram\n|\n|win|vnappy\n|raw|vnappy's rating: 1158 &rarr; <strong>1192<\/strong><br \/>(+34 for winning)\n|raw|johnsmith21's rating: 1291 &rarr; <strong>1257<\/strong><br \/>(-34 for losing)\n|c|\u2606vnappy|gg\n|l|\u2606johnsmith21\n","uploadtime":1700875412,"views":1,"p1id":"vnappy","p2id":"johnsmith21","formatid":"gen9nationaldexubers","rating":1192,"private":0,"password":""}