{"id":"gen9nationaldexubers-1993762442","p1":"Forbis","p2":"You4rmthefuture","format":"[Gen 9] National Dex Ubers","log":"|j|\u2606Forbis\n|j|\u2606You4rmthefuture\n|t:|1700354261\n|gametype|singles\n|player|p1|Forbis|102|1178\n|player|p2|You4rmthefuture|unknown|1080\n|teamsize|p1|6\n|teamsize|p2|6\n|gen|9\n|tier|[Gen 9] National Dex Ubers\n|rated|\n|rule|HP Percentage Mod: HP is shown in percentages\n|rule|Endless Battle Clause: Forcing endless battles is banned\n|rule|OHKO Clause: OHKO moves are banned\n|rule|Evasion Moves Clause: Evasion moves are banned\n|rule|Evasion Items Clause: Evasion items are banned\n|rule|Species Clause: Limit one of each Pok\u00e9mon\n|rule|Sleep Clause Mod: Limit one foe put to sleep\n|rule|Mega Rayquaza Clause: You cannot mega evolve Rayquaza\n|clearpoke\n|poke|p1|Ho-Oh|\n|poke|p1|Toxapex, F|\n|poke|p1|Reuniclus, M|\n|poke|p1|Shuckle, M|\n|poke|p1|Chansey, F|\n|poke|p1|Alomomola, F|\n|poke|p2|Quagsire, F|\n|poke|p2|Togedemaru, L1, F|\n|poke|p2|Wobbuffet, F|\n|poke|p2|Pyukumuku, M|\n|poke|p2|Sableye, M|\n|poke|p2|Aggron, F|\n|teampreview\n|inactive|Battle timer is ON: inactive players will automatically lose when time's up. (requested by Forbis)\n|\n|t:|1700354267\n|start\n|switch|p1a: Shuckle|Shuckle, M|100\/100\n|switch|p2a: Queef Snorter|Sableye, M|100\/100\n|turn|1\n|\n|t:|1700354279\n|detailschange|p2a: Queef Snorter|Sableye-Mega, M\n|-mega|p2a: Queef Snorter|Sableye|Sablenite\n|move|p2a: Queef Snorter|Encore||[still]\n|-fail|p2a: Queef Snorter\n|move|p1a: Shuckle|Sticky Web|p2a: Queef Snorter\n|move|p2a: Queef Snorter|Sticky Web|p1a: Shuckle|[from]ability: Magic Bounce\n|-sidestart|p1: Forbis|move: Sticky Web\n|\n|upkeep\n|turn|2\n|\n|t:|1700354291\n|move|p1a: Shuckle|Protect|p1a: Shuckle\n|-singleturn|p1a: Shuckle|Protect\n|move|p2a: Queef Snorter|Will-O-Wisp|p1a: Shuckle\n|-activate|p1a: Shuckle|move: Protect\n|\n|upkeep\n|turn|3\n|\n|t:|1700354300\n|move|p2a: Queef Snorter|Encore|p1a: Shuckle\n|-start|p1a: Shuckle|Encore\n|move|p1a: Shuckle|Protect||[still]\n|-fail|p1a: Shuckle\n|\n|upkeep\n|turn|4\n|\n|t:|1700354307\n|switch|p2a: 2dikscumnoutmahead|Aggron, F|100\/100\n|switch|p1a: Ho-Oh|Ho-Oh|100\/100\n|\n|upkeep\n|turn|5\n|\n|t:|1700354313\n|move|p1a: Ho-Oh|Fire Spin|p2a: 2dikscumnoutmahead|[miss]\n|-miss|p1a: Ho-Oh|p2a: 2dikscumnoutmahead\n|move|p2a: 2dikscumnoutmahead|Stealth Rock|p1a: Ho-Oh\n|-sidestart|p1: Forbis|move: Stealth Rock\n|\n|upkeep\n|turn|6\n|\n|t:|1700354320\n|move|p1a: Ho-Oh|Fire Spin|p2a: 2dikscumnoutmahead|[miss]\n|-miss|p1a: Ho-Oh|p2a: 2dikscumnoutmahead\n|move|p2a: 2dikscumnoutmahead|Metal Burst||[still]\n|-fail|p2a: 2dikscumnoutmahead\n|\n|upkeep\n|turn|7\n|\n|t:|1700354327\n|move|p1a: Ho-Oh|Substitute|p1a: Ho-Oh\n|-start|p1a: Ho-Oh|Substitute\n|-damage|p1a: Ho-Oh|76\/100\n|move|p2a: 2dikscumnoutmahead|Metal Burst||[still]\n|-fail|p2a: 2dikscumnoutmahead\n|\n|-heal|p1a: Ho-Oh|82\/100|[from] item: Leftovers\n|upkeep\n|turn|8\n|\n|t:|1700354335\n|move|p1a: Ho-Oh|Fire Spin|p2a: 2dikscumnoutmahead\n|-damage|p2a: 2dikscumnoutmahead|79\/100\n|-activate|p2a: 2dikscumnoutmahead|move: Fire Spin|[of] p1a: Ho-Oh\n|-enditem|p2a: 2dikscumnoutmahead|Red Card|[of] p1a: Ho-Oh\n|drag|p1a: Shuckle|Shuckle, M|100\/100\n|-activate|p1a: Shuckle|move: Sticky Web\n|-unboost|p1a: Shuckle|spe|1\n|-damage|p1a: Shuckle|75\/100|[from] Stealth Rock\n|move|p2a: 2dikscumnoutmahead|Metal Burst|p1a: Shuckle\n|-damage|p1a: Shuckle|31\/100\n|-enditem|p1a: Shuckle|Aguav Berry|[eat]\n|-heal|p1a: Shuckle|64\/100|[from] item: Aguav Berry\n|\n|-end|p2a: 2dikscumnoutmahead|Fire Spin|[partiallytrapped]|[silent]\n|upkeep\n|turn|9\n|\n|t:|1700354352\n|switch|p2a: Queef Snorter|Sableye-Mega, M|100\/100\n|move|p1a: Shuckle|Protect||[still]\n|-fail|p1a: Shuckle\n|\n|upkeep\n|turn|10\n|\n|t:|1700354359\n|switch|p1a: Ho-Oh|Ho-Oh|100\/100\n|-damage|p1a: Ho-Oh|51\/100|[from] Stealth Rock\n|move|p2a: Queef Snorter|Will-O-Wisp|p1a: Ho-Oh\n|-immune|p1a: Ho-Oh\n|\n|-heal|p1a: Ho-Oh|57\/100|[from] item: Leftovers\n|upkeep\n|turn|11\n|\n|t:|1700354369\n|move|p1a: Ho-Oh|Defog|p2a: Queef Snorter\n|move|p2a: Queef Snorter|Defog|p1a: Ho-Oh|[from]ability: Magic Bounce\n|-unboost|p1a: Ho-Oh|evasion|1\n|-sideend|p1: Forbis|Stealth Rock|[from] move: Defog|[of] p2a: Queef Snorter\n|-sideend|p1: Forbis|Sticky Web|[from] move: Defog|[of] p2a: Queef Snorter\n|move|p2a: Queef Snorter|Encore|p1a: Ho-Oh\n|-start|p1a: Ho-Oh|Encore\n|\n|-heal|p1a: Ho-Oh|63\/100|[from] item: Leftovers\n|upkeep\n|turn|12\n|\n|t:|1700354382\n|switch|p1a: Alomomola|Alomomola, F|100\/100\n|move|p2a: Queef Snorter|Will-O-Wisp|p1a: Alomomola\n|-status|p1a: Alomomola|brn\n|\n|-damage|p1a: Alomomola|94\/100 brn|[from] brn\n|upkeep\n|turn|13\n|\n|t:|1700354395\n|move|p1a: Alomomola|Scald|p2a: Queef Snorter\n|-damage|p2a: Queef Snorter|90\/100\n|move|p2a: Queef Snorter|Encore|p1a: Alomomola\n|-start|p1a: Alomomola|Encore\n|\n|-damage|p1a: Alomomola|88\/100 brn|[from] brn\n|upkeep\n|turn|14\n|\n|t:|1700354404\n|move|p1a: Alomomola|Scald|p2a: Queef Snorter\n|-damage|p2a: Queef Snorter|79\/100\n|-status|p2a: Queef Snorter|brn\n|move|p2a: Queef Snorter|Disable|p1a: Alomomola\n|-start|p1a: Alomomola|Disable|Scald\n|\n|-damage|p1a: Alomomola|82\/100 brn|[from] brn\n|-damage|p2a: Queef Snorter|73\/100 brn|[from] brn\n|upkeep\n|turn|15\n|\n|t:|1700354417\n|switch|p1a: Shuckle|Shuckle, M|64\/100\n|move|p2a: Queef Snorter|Will-O-Wisp|p1a: Shuckle\n|-status|p1a: Shuckle|brn\n|\n|-damage|p2a: Queef Snorter|67\/100 brn|[from] brn\n|-damage|p1a: Shuckle|58\/100 brn|[from] brn\n|upkeep\n|turn|16\n|\n|t:|1700354427\n|switch|p1a: Alomomola|Alomomola, F|100\/100 brn\n|move|p2a: Queef Snorter|Recover|p2a: Queef Snorter\n|-heal|p2a: Queef Snorter|100\/100 brn\n|\n|-damage|p1a: Alomomola|94\/100 brn|[from] brn\n|-damage|p2a: Queef Snorter|95\/100 brn|[from] brn\n|upkeep\n|turn|17\n|\n|t:|1700354438\n|switch|p2a: 2dikscumnoutmahead|Aggron, F|79\/100\n|move|p1a: Alomomola|Wish|p1a: Alomomola\n|\n|-damage|p1a: Alomomola|88\/100 brn|[from] brn\n|upkeep\n|turn|18\n|\n|t:|1700354445\n|switch|p1a: Shuckle|Shuckle, M|58\/100 brn\n|move|p2a: 2dikscumnoutmahead|Stealth Rock|p1a: Shuckle\n|-sidestart|p1: Forbis|move: Stealth Rock\n|\n|-heal|p1a: Shuckle|100\/100 brn|[from] move: Wish|[wisher] Alomomola\n|-damage|p1a: Shuckle|94\/100 brn|[from] brn\n|upkeep\n|turn|19\n|\n|t:|1700354459\n|switch|p2a: Queef Snorter|Sableye-Mega, M|95\/100 brn\n|switch|p1a: Ho-Oh|Ho-Oh|96\/100\n|-damage|p1a: Ho-Oh|46\/100|[from] Stealth Rock\n|\n|-heal|p1a: Ho-Oh|52\/100|[from] item: Leftovers\n|-damage|p2a: Queef Snorter|89\/100 brn|[from] brn\n|upkeep\n|turn|20\n|inactive|You4rmthefuture has 120 seconds left.\n|\n|t:|1700354505\n|switch|p2a: SheMan?|Wobbuffet, F|100\/100\n|move|p1a: Ho-Oh|Fire Spin|p2a: SheMan?\n|-damage|p2a: SheMan?|93\/100\n|-activate|p2a: SheMan?|move: Fire Spin|[of] p1a: Ho-Oh\n|\n|-heal|p1a: Ho-Oh|58\/100|[from] item: Leftovers\n|-damage|p2a: SheMan?|80\/100|[from] move: Fire Spin|[partiallytrapped]\n|upkeep\n|turn|21\n|\n|t:|1700354516\n|move|p1a: Ho-Oh|Defog|p2a: SheMan?\n|-unboost|p2a: SheMan?|evasion|1\n|-sideend|p1: Forbis|Stealth Rock|[from] move: Defog|[of] p1a: Ho-Oh\n|move|p2a: SheMan?|Encore|p1a: Ho-Oh\n|-start|p1a: Ho-Oh|Encore\n|\n|-heal|p1a: Ho-Oh|64\/100|[from] item: Leftovers\n|-damage|p2a: SheMan?|68\/100|[from] move: Fire Spin|[partiallytrapped]\n|upkeep\n|turn|22\n|\n|t:|1700354538\n|move|p1a: Ho-Oh|Defog|p2a: SheMan?\n|-unboost|p2a: SheMan?|evasion|1\n|move|p2a: SheMan?|Mirror Coat||[still]\n|-fail|p2a: SheMan?\n|\n|-heal|p1a: Ho-Oh|70\/100|[from] item: Leftovers\n|-damage|p2a: SheMan?|55\/100|[from] move: Fire Spin|[partiallytrapped]\n|upkeep\n|turn|23\n|\n|t:|1700354548\n|move|p1a: Ho-Oh|Defog|p2a: SheMan?\n|-unboost|p2a: SheMan?|evasion|1\n|move|p2a: SheMan?|Destiny Bond|p2a: SheMan?\n|-singlemove|p2a: SheMan?|Destiny Bond\n|\n|-heal|p1a: Ho-Oh|76\/100|[from] item: Leftovers\n|-damage|p2a: SheMan?|43\/100|[from] move: Fire Spin|[partiallytrapped]\n|upkeep\n|turn|24\n|\n|t:|1700354559\n|move|p1a: Ho-Oh|Defog|p2a: SheMan?\n|-unboost|p2a: SheMan?|evasion|1\n|move|p2a: SheMan?|Encore||[still]\n|-fail|p2a: SheMan?\n|\n|-heal|p1a: Ho-Oh|82\/100|[from] item: Leftovers\n|-damage|p2a: SheMan?|30\/100|[from] move: Fire Spin|[partiallytrapped]\n|-end|p1a: Ho-Oh|Encore\n|upkeep\n|turn|25\n|inactive|You4rmthefuture has 120 seconds left.\n|\n|t:|1700354571\n|move|p1a: Ho-Oh|Fire Spin|p2a: SheMan?\n|-damage|p2a: SheMan?|23\/100\n|move|p2a: SheMan?|Destiny Bond|p2a: SheMan?\n|-singlemove|p2a: SheMan?|Destiny Bond\n|\n|-heal|p1a: Ho-Oh|88\/100|[from] item: Leftovers\n|-end|p2a: SheMan?|Fire Spin|[partiallytrapped]\n|upkeep\n|turn|26\n|inactive|You4rmthefuture has 120 seconds left.\n|\n|t:|1700354581\n|move|p1a: Ho-Oh|Fire Spin|p2a: SheMan?\n|-damage|p2a: SheMan?|15\/100\n|-activate|p2a: SheMan?|move: Fire Spin|[of] p1a: Ho-Oh\n|move|p2a: SheMan?|Encore|p1a: Ho-Oh\n|-start|p1a: Ho-Oh|Encore\n|\n|-heal|p1a: Ho-Oh|94\/100|[from] item: Leftovers\n|-damage|p2a: SheMan?|3\/100|[from] move: Fire Spin|[partiallytrapped]\n|upkeep\n|turn|27\n|\n|t:|1700354591\n|move|p1a: Ho-Oh|Fire Spin|p2a: SheMan?\n|-damage|p2a: SheMan?|0 fnt\n|faint|p2a: SheMan?\n|\n|-heal|p1a: Ho-Oh|99\/100|[from] item: Leftovers\n|upkeep\n|inactive|You4rmthefuture has 120 seconds left.\n|\n|t:|1700354609\n|switch|p2a: 2dikscumnoutmahead|Aggron, F|79\/100\n|turn|28\n|inactive|You4rmthefuture has 120 seconds left.\n|\n|t:|1700354617\n|move|p1a: Ho-Oh|Fire Spin|p2a: 2dikscumnoutmahead\n|-damage|p2a: 2dikscumnoutmahead|61\/100\n|-activate|p2a: 2dikscumnoutmahead|move: Fire Spin|[of] p1a: Ho-Oh\n|move|p2a: 2dikscumnoutmahead|Toxic|p1a: Ho-Oh\n|-status|p1a: Ho-Oh|tox\n|\n|-heal|p1a: Ho-Oh|100\/100 tox|[from] item: Leftovers\n|-damage|p1a: Ho-Oh|94\/100 tox|[from] psn\n|-damage|p2a: 2dikscumnoutmahead|48\/100|[from] move: Fire Spin|[partiallytrapped]\n|upkeep\n|turn|29\n|inactive|You4rmthefuture has 120 seconds left.\n|\n|t:|1700354628\n|move|p1a: Ho-Oh|Fire Spin|p2a: 2dikscumnoutmahead\n|-damage|p2a: 2dikscumnoutmahead|29\/100\n|move|p2a: 2dikscumnoutmahead|Stealth Rock|p1a: Ho-Oh\n|-sidestart|p1: Forbis|move: Stealth Rock\n|\n|-heal|p1a: Ho-Oh|100\/100 tox|[from] item: Leftovers\n|-damage|p1a: Ho-Oh|88\/100 tox|[from] psn\n|-damage|p2a: 2dikscumnoutmahead|17\/100|[from] move: Fire Spin|[partiallytrapped]\n|-end|p1a: Ho-Oh|Encore\n|upkeep\n|turn|30\n|inactive|You4rmthefuture has 120 seconds left.\n|\n|t:|1700354640\n|move|p1a: Ho-Oh|Fire Spin|p2a: 2dikscumnoutmahead\n|-damage|p2a: 2dikscumnoutmahead|0 fnt\n|faint|p2a: 2dikscumnoutmahead\n|\n|-heal|p1a: Ho-Oh|94\/100 tox|[from] item: Leftovers\n|-damage|p1a: Ho-Oh|76\/100 tox|[from] psn\n|upkeep\n|inactive|You4rmthefuture has 120 seconds left.\n|\n|t:|1700354668\n|switch|p2a: LeDick James|Togedemaru, L1, F, shiny|100\/100\n|turn|31\n|\n|t:|1700354671\n|move|p1a: Ho-Oh|Defog|p2a: LeDick James\n|-unboost|p2a: LeDick James|evasion|1\n|-sideend|p1: Forbis|Stealth Rock|[from] move: Defog|[of] p1a: Ho-Oh\n|move|p2a: LeDick James|Endeavor|p1a: Ho-Oh\n|-damage|p1a: Ho-Oh|4\/100 tox\n|\n|-heal|p1a: Ho-Oh|10\/100 tox|[from] item: Leftovers\n|-damage|p1a: Ho-Oh|0 fnt|[from] psn\n|faint|p1a: Ho-Oh\n|upkeep\n|\n|t:|1700354686\n|switch|p1a: Chansey|Chansey, F|100\/100\n|turn|32\n|\n|t:|1700354697\n|move|p1a: Chansey|Heal Bell|p1a: Chansey\n|-activate|p1a: Chansey|move: Heal Bell\n|-curestatus|p1: Alomomola|brn|[msg]\n|-curestatus|p1: Shuckle|brn|[msg]\n|move|p2a: LeDick James|Endeavor|p1a: Chansey\n|-damage|p1a: Chansey|2\/100\n|\n|upkeep\n|turn|33\n|\n|t:|1700354706\n|move|p1a: Chansey|Soft-Boiled|p1a: Chansey\n|-heal|p1a: Chansey|52\/100\n|move|p2a: LeDick James|Swagger|p1a: Chansey\n|-boost|p1a: Chansey|atk|2\n|-start|p1a: Chansey|confusion\n|\n|upkeep\n|turn|34\n|\n|t:|1700354714\n|-activate|p1a: Chansey|confusion\n|-damage|p1a: Chansey|51\/100|[from] confusion\n|move|p2a: LeDick James|Endeavor|p1a: Chansey\n|-damage|p1a: Chansey|2\/100\n|\n|upkeep\n|turn|35\n|\n|t:|1700354724\n|switch|p1a: Alomomola|Alomomola, F|100\/100\n|move|p2a: LeDick James|Nuzzle|p1a: Alomomola\n|-supereffective|p1a: Alomomola\n|-damage|p1a: Alomomola|99\/100\n|-status|p1a: Alomomola|par\n|\n|upkeep\n|turn|36\n|\n|t:|1700354733\n|move|p1a: Alomomola|Scald|p2a: LeDick James\n|-ability|p2a: LeDick James|Sturdy\n|-damage|p2a: LeDick James|8\/100\n|-status|p2a: LeDick James|brn\n|-enditem|p2a: LeDick James|Berry Juice\n|-heal|p2a: LeDick James|100\/100 brn|[from] item: Berry Juice\n|move|p2a: LeDick James|Endeavor|p1a: Alomomola\n|-damage|p1a: Alomomola|3\/100 par\n|\n|-damage|p2a: LeDick James|93\/100 brn|[from] brn\n|upkeep\n|turn|37\n|\n|t:|1700354747\n|cant|p1a: Alomomola|par\n|move|p2a: LeDick James|Swagger|p1a: Alomomola\n|-boost|p1a: Alomomola|atk|2\n|-start|p1a: Alomomola|confusion\n|\n|-damage|p2a: LeDick James|85\/100 brn|[from] brn\n|upkeep\n|turn|38\n|\n|t:|1700354762\n|switch|p1a: Chansey|Chansey, F|2\/100\n|move|p2a: LeDick James|Endeavor|p1a: Chansey\n|-damage|p1a: Chansey|2\/100\n|\n|-damage|p2a: LeDick James|77\/100 brn|[from] brn\n|upkeep\n|turn|39\n|\n|t:|1700354772\n|move|p1a: Chansey|Soft-Boiled|p1a: Chansey\n|-heal|p1a: Chansey|52\/100\n|move|p2a: LeDick James|Swagger|p1a: Chansey|[miss]\n|-miss|p2a: LeDick James|p1a: Chansey\n|\n|-damage|p2a: LeDick James|70\/100 brn|[from] brn\n|upkeep\n|turn|40\n|\n|t:|1700354780\n|move|p1a: Chansey|Soft-Boiled|p1a: Chansey\n|-heal|p1a: Chansey|100\/100\n|move|p2a: LeDick James|Swagger|p1a: Chansey\n|-boost|p1a: Chansey|atk|2\n|-start|p1a: Chansey|confusion\n|\n|-damage|p2a: LeDick James|62\/100 brn|[from] brn\n|upkeep\n|turn|41\n|\n|t:|1700354805\n|-activate|p1a: Chansey|confusion\n|-damage|p1a: Chansey|99\/100|[from] confusion\n|move|p2a: LeDick James|Swagger|p1a: Chansey\n|-boost|p1a: Chansey|atk|2\n|\n|-damage|p2a: LeDick James|54\/100 brn|[from] brn\n|upkeep\n|turn|42\n|\n|t:|1700354816\n|-activate|p1a: Chansey|confusion\n|move|p1a: Chansey|Heal Bell|p1a: Chansey\n|-activate|p1a: Chansey|move: Heal Bell\n|-curestatus|p1: Alomomola|par|[msg]\n|move|p2a: LeDick James|Endeavor|p1a: Chansey\n|-damage|p1a: Chansey|1\/100\n|\n|-damage|p2a: LeDick James|47\/100 brn|[from] brn\n|upkeep\n|turn|43\n|\n|t:|1700354831\n|switch|p1a: Alomomola|Alomomola, F|36\/100\n|move|p2a: LeDick James|Swagger|p1a: Alomomola\n|-boost|p1a: Alomomola|atk|2\n|-start|p1a: Alomomola|confusion\n|\n|-damage|p2a: LeDick James|39\/100 brn|[from] brn\n|upkeep\n|turn|44\n|\n|t:|1700354845\n|-activate|p1a: Alomomola|confusion\n|move|p1a: Alomomola|Protect|p1a: Alomomola\n|-singleturn|p1a: Alomomola|Protect\n|move|p2a: LeDick James|Endeavor|p1a: Alomomola\n|-activate|p1a: Alomomola|move: Protect\n|\n|-damage|p2a: LeDick James|31\/100 brn|[from] brn\n|upkeep\n|turn|45\n|\n|t:|1700354854\n|-end|p1a: Alomomola|confusion\n|move|p1a: Alomomola|Scald|p2a: LeDick James\n|-damage|p2a: LeDick James|0 fnt\n|faint|p2a: LeDick James\n|\n|upkeep\n|\n|t:|1700354878\n|switch|p2a: Blue Dick|Quagsire, F|100\/100\n|turn|46\n|\n|t:|1700354886\n|move|p1a: Alomomola|Protect|p1a: Alomomola\n|-singleturn|p1a: Alomomola|Protect\n|move|p2a: Blue Dick|Earthquake|p1a: Alomomola\n|-activate|p1a: Alomomola|move: Protect\n|\n|upkeep\n|turn|47\n|\n|t:|1700354899\n|switch|p1a: Toxapex|Toxapex, F|100\/100\n|move|p2a: Blue Dick|Toxic|p1a: Toxapex\n|-immune|p1a: Toxapex\n|\n|upkeep\n|turn|48\n|\n|t:|1700354910\n|switch|p2a: Queef Snorter|Sableye-Mega, M|89\/100 brn\n|move|p1a: Toxapex|Toxic Spikes|p2a: Queef Snorter\n|move|p2a: Queef Snorter|Toxic Spikes|p1a: Toxapex|[from]ability: Magic Bounce\n|-sidestart|p1: Forbis|move: Toxic Spikes\n|\n|-damage|p2a: Queef Snorter|83\/100 brn|[from] brn\n|upkeep\n|turn|49\n|\n|t:|1700354925\n|move|p1a: Toxapex|Lunge|p2a: Queef Snorter\n|-damage|p2a: Queef Snorter|72\/100 brn\n|-unboost|p2a: Queef Snorter|atk|1\n|move|p2a: Queef Snorter|Will-O-Wisp|p1a: Toxapex\n|-status|p1a: Toxapex|brn\n|\n|-damage|p1a: Toxapex|95\/100 brn|[from] brn\n|-damage|p2a: Queef Snorter|66\/100 brn|[from] brn\n|upkeep\n|turn|50\n|\n|t:|1700354937\n|move|p1a: Toxapex|Lunge|p2a: Queef Snorter\n|-damage|p2a: Queef Snorter|60\/100 brn\n|-unboost|p2a: Queef Snorter|atk|1\n|move|p2a: Queef Snorter|Recover|p2a: Queef Snorter\n|-heal|p2a: Queef Snorter|100\/100 brn\n|\n|-damage|p1a: Toxapex|89\/100 brn|[from] brn\n|-damage|p2a: Queef Snorter|95\/100 brn|[from] brn\n|upkeep\n|turn|51\n|\n|t:|1700354946\n|move|p1a: Toxapex|Lunge|p2a: Queef Snorter\n|-damage|p2a: Queef Snorter|90\/100 brn\n|-unboost|p2a: Queef Snorter|atk|1\n|move|p2a: Queef Snorter|Encore|p1a: Toxapex\n|-start|p1a: Toxapex|Encore\n|\n|-damage|p1a: Toxapex|83\/100 brn|[from] brn\n|-damage|p2a: Queef Snorter|84\/100 brn|[from] brn\n|upkeep\n|turn|52\n|\n|t:|1700354956\n|move|p1a: Toxapex|Lunge|p2a: Queef Snorter\n|-damage|p2a: Queef Snorter|78\/100 brn\n|-unboost|p2a: Queef Snorter|atk|1\n|move|p2a: Queef Snorter|Disable|p1a: Toxapex\n|-start|p1a: Toxapex|Disable|Lunge\n|\n|-damage|p1a: Toxapex|77\/100 brn|[from] brn\n|-damage|p2a: Queef Snorter|72\/100 brn|[from] brn\n|upkeep\n|turn|53\n|\n|t:|1700354967\n|switch|p1a: Alomomola|Alomomola, F|70\/100\n|-status|p1a: Alomomola|psn\n|move|p2a: Queef Snorter|Will-O-Wisp||[still]\n|-fail|p2a: Queef Snorter\n|\n|-damage|p1a: Alomomola|57\/100 psn|[from] psn\n|-damage|p2a: Queef Snorter|66\/100 brn|[from] brn\n|upkeep\n|turn|54\n|\n|t:|1700354988\n|move|p1a: Alomomola|Protect|p1a: Alomomola\n|-singleturn|p1a: Alomomola|Protect\n|move|p2a: Queef Snorter|Will-O-Wisp|p1a: Alomomola\n|-activate|p1a: Alomomola|move: Protect\n|\n|-damage|p1a: Alomomola|45\/100 psn|[from] psn\n|-damage|p2a: Queef Snorter|60\/100 brn|[from] brn\n|upkeep\n|turn|55\n|\n|t:|1700355002\n|move|p1a: Alomomola|Flip Turn|p2a: Queef Snorter\n|-damage|p2a: Queef Snorter|45\/100 brn\n|\n|t:|1700355005\n|switch|p1a: Toxapex|Toxapex, F|100\/100 brn|[from] Flip Turn\n|-sideend|p1: Forbis|move: Toxic Spikes|[of] p1a: Toxapex\n|move|p2a: Queef Snorter|Will-O-Wisp|p1a: Toxapex\n|-fail|p1a: Toxapex|brn\n|\n|-damage|p1a: Toxapex|95\/100 brn|[from] brn\n|-damage|p2a: Queef Snorter|39\/100 brn|[from] brn\n|upkeep\n|turn|56\n|\n|t:|1700355016\n|switch|p1a: Alomomola|Alomomola, F|78\/100 psn\n|move|p2a: Queef Snorter|Will-O-Wisp||[still]\n|-fail|p2a: Queef Snorter\n|\n|-damage|p1a: Alomomola|66\/100 psn|[from] psn\n|-damage|p2a: Queef Snorter|33\/100 brn|[from] brn\n|upkeep\n|turn|57\n|\n|t:|1700355025\n|move|p1a: Alomomola|Wish|p1a: Alomomola\n|move|p2a: Queef Snorter|Recover|p2a: Queef Snorter\n|-heal|p2a: Queef Snorter|83\/100 brn\n|\n|-damage|p1a: Alomomola|53\/100 psn|[from] psn\n|-damage|p2a: Queef Snorter|77\/100 brn|[from] brn\n|upkeep\n|turn|58\n|l|\u2606Forbis\n|inactive|Forbis disconnected and has a minute to reconnect!\n|player|p1|\n|c|\u2606You4rmthefuture|puss\n|j|\u2606Forbis\n|inactive|Forbis reconnected and has 130 seconds left.\n|player|p1|Forbis|102\n|\n|t:|1700355049\n|move|p1a: Alomomola|Flip Turn|p2a: Queef Snorter\n|-damage|p2a: Queef Snorter|63\/100 brn\n|\n|t:|1700355054\n|switch|p1a: Chansey|Chansey, F|1\/100|[from] Flip Turn\n|move|p2a: Queef Snorter|Will-O-Wisp|p1a: Chansey\n|-status|p1a: Chansey|brn\n|\n|-heal|p1a: Chansey|39\/100 brn|[from] move: Wish|[wisher] Alomomola\n|-damage|p1a: Chansey|33\/100 brn|[from] brn\n|-damage|p2a: Queef Snorter|57\/100 brn|[from] brn\n|upkeep\n|turn|59\n|\n|t:|1700355079\n|switch|p2a: Lebron'sBallSack|Pyukumuku, M, shiny|100\/100\n|move|p1a: Chansey|Soft-Boiled|p1a: Chansey\n|-heal|p1a: Chansey|83\/100 brn\n|\n|-damage|p1a: Chansey|77\/100 brn|[from] brn\n|upkeep\n|turn|60\n|l|\u2606Forbis\n|inactive|Forbis disconnected and has a minute to reconnect!\n|player|p1|\n|j|\u2606Forbis\n|inactive|Forbis reconnected and has 115 seconds left.\n|player|p1|Forbis|102\n|\n|t:|1700355114\n|move|p1a: Chansey|Soft-Boiled|p1a: Chansey\n|-heal|p1a: Chansey|100\/100 brn\n|move|p2a: Lebron'sBallSack|Soak|p1a: Chansey\n|-start|p1a: Chansey|typechange|Water\n|\n|-damage|p1a: Chansey|94\/100 brn|[from] brn\n|upkeep\n|turn|61\n|\n|t:|1700355125\n|move|p1a: Chansey|Heal Bell|p1a: Chansey\n|-activate|p1a: Chansey|move: Heal Bell\n|-curestatus|p1a: Chansey|brn|[msg]\n|-curestatus|p1: Toxapex|brn|[msg]\n|-curestatus|p1: Alomomola|psn|[msg]\n|move|p2a: Lebron'sBallSack|Toxic|p1a: Chansey\n|-status|p1a: Chansey|tox\n|\n|-damage|p1a: Chansey|88\/100 tox|[from] psn\n|upkeep\n|turn|62\n|\n|t:|1700355138\n|move|p1a: Chansey|Seismic Toss|p2a: Lebron'sBallSack\n|-damage|p2a: Lebron'sBallSack|69\/100\n|move|p2a: Lebron'sBallSack|Soak|p1a: Chansey\n|-fail|p1a: Chansey\n|\n|-damage|p1a: Chansey|76\/100 tox|[from] psn\n|upkeep\n|turn|63\n|\n|t:|1700355147\n|move|p1a: Chansey|Seismic Toss|p2a: Lebron'sBallSack\n|-damage|p2a: Lebron'sBallSack|37\/100\n|move|p2a: Lebron'sBallSack|Pain Split|p1a: Chansey\n|-sethp|p1a: Chansey|46\/100 tox|[from] move: Pain Split|[silent]\n|-sethp|p2a: Lebron'sBallSack|100\/100|[from] move: Pain Split\n|\n|-damage|p1a: Chansey|28\/100 tox|[from] psn\n|upkeep\n|turn|64\n|inactive|Forbis has 120 seconds left.\n|\n|t:|1700355175\n|move|p1a: Chansey|Wish|p1a: Chansey\n|move|p2a: Lebron'sBallSack|Pain Split|p1a: Chansey\n|-sethp|p1a: Chansey|36\/100 tox|[from] move: Pain Split|[silent]\n|-sethp|p2a: Lebron'sBallSack|81\/100|[from] move: Pain Split\n|\n|-damage|p1a: Chansey|12\/100 tox|[from] psn\n|upkeep\n|turn|65\n|inactive|Forbis has 120 seconds left.\n|\n|t:|1700355185\n|move|p1a: Chansey|Heal Bell|p1a: Chansey\n|-activate|p1a: Chansey|move: Heal Bell\n|-curestatus|p1a: Chansey|tox|[msg]\n|move|p2a: Lebron'sBallSack|Soak|p1a: Chansey\n|-fail|p1a: Chansey\n|\n|-heal|p1a: Chansey|62\/100|[from] move: Wish|[wisher] Chansey\n|upkeep\n|turn|66\n|inactive|Forbis has 120 seconds left.\n|\n|t:|1700355200\n|switch|p1a: Shuckle|Shuckle, M|94\/100\n|move|p2a: Lebron'sBallSack|Toxic|p1a: Shuckle\n|-status|p1a: Shuckle|tox\n|\n|-damage|p1a: Shuckle|88\/100 tox|[from] psn\n|upkeep\n|turn|67\n|\n|t:|1700355213\n|switch|p2a: Queef Snorter|Sableye-Mega, M|57\/100 brn\n|move|p1a: Shuckle|Toxic|p2a: Queef Snorter\n|move|p2a: Queef Snorter|Toxic|p1a: Shuckle|[from]ability: Magic Bounce\n|-fail|p1a: Shuckle|tox\n|\n|-damage|p1a: Shuckle|76\/100 tox|[from] psn\n|-damage|p2a: Queef Snorter|51\/100 brn|[from] brn\n|upkeep\n|turn|68\n|inactive|Forbis has 120 seconds left.\n|\n|t:|1700355234\n|switch|p1a: Alomomola|Alomomola, F|87\/100\n|move|p2a: Queef Snorter|Recover|p2a: Queef Snorter\n|-heal|p2a: Queef Snorter|100\/100 brn\n|\n|-damage|p2a: Queef Snorter|95\/100 brn|[from] brn\n|upkeep\n|turn|69\n|inactive|Forbis has 120 seconds left.\n|inactive|You4rmthefuture has 120 seconds left.\n|\n|t:|1700355256\n|move|p1a: Alomomola|Scald|p2a: Queef Snorter\n|-damage|p2a: Queef Snorter|84\/100 brn\n|move|p2a: Queef Snorter|Will-O-Wisp|p1a: Alomomola\n|-status|p1a: Alomomola|brn\n|\n|-damage|p1a: Alomomola|81\/100 brn|[from] brn\n|-damage|p2a: Queef Snorter|78\/100 brn|[from] brn\n|upkeep\n|turn|70\n|l|\u2606Forbis\n|inactive|Forbis disconnected and has a minute to reconnect!\n|player|p1|\n|inactive|You4rmthefuture has 120 seconds left.\n|j|\u2606Forbis\n|inactive|Forbis reconnected and has 120 seconds left.\n|player|p1|Forbis|102\n|\n|t:|1700355272\n|move|p1a: Alomomola|Scald|p2a: Queef Snorter\n|-damage|p2a: Queef Snorter|67\/100 brn\n|move|p2a: Queef Snorter|Disable|p1a: Alomomola\n|-start|p1a: Alomomola|Disable|Scald\n|\n|-damage|p1a: Alomomola|74\/100 brn|[from] brn\n|-damage|p2a: Queef Snorter|61\/100 brn|[from] brn\n|upkeep\n|turn|71\n|inactive|You4rmthefuture has 120 seconds left.\n|inactive|Forbis has 120 seconds left.\n|\n|t:|1700355284\n|move|p1a: Alomomola|Flip Turn|p2a: Queef Snorter\n|-damage|p2a: Queef Snorter|54\/100 brn\n|inactive|Forbis has 120 seconds left.\n|\n|t:|1700355291\n|switch|p1a: Reuniclus|Reuniclus, M|100\/100|[from] Flip Turn\n|move|p2a: Queef Snorter|Will-O-Wisp|p1a: Reuniclus|[miss]\n|-miss|p2a: Queef Snorter|p1a: Reuniclus\n|\n|-damage|p2a: Queef Snorter|48\/100 brn|[from] brn\n|-status|p1a: Reuniclus|brn|[from] item: Flame Orb\n|upkeep\n|turn|72\n|inactive|Forbis has 120 seconds left.\n|inactive|You4rmthefuture has 120 seconds left.\n|\n|t:|1700355313\n|move|p1a: Reuniclus|Encore|p2a: Queef Snorter\n|move|p2a: Queef Snorter|Encore||[from]ability: Magic Bounce|[still]\n|-fail|p2a: Queef Snorter\n|move|p2a: Queef Snorter|Recover|p2a: Queef Snorter\n|-heal|p2a: Queef Snorter|98\/100 brn\n|\n|-damage|p1a: Reuniclus|94\/100 brn|[from] brn\n|-damage|p2a: Queef Snorter|92\/100 brn|[from] brn\n|upkeep\n|turn|73\n|inactive|Forbis has 120 seconds left.\n|inactive|You4rmthefuture has 120 seconds left.\n|\n|t:|1700355324\n|move|p1a: Reuniclus|Trick||[still]\n|-fail|p1a: Reuniclus\n|move|p2a: Queef Snorter|Encore|p1a: Reuniclus\n|-start|p1a: Reuniclus|Encore\n|\n|-damage|p1a: Reuniclus|88\/100 brn|[from] brn\n|-damage|p2a: Queef Snorter|86\/100 brn|[from] brn\n|upkeep\n|turn|74\n|inactive|Forbis has 120 seconds left.\n|inactive|You4rmthefuture has 120 seconds left.\n|\n|t:|1700355339\n|switch|p1a: Chansey|Chansey, F|62\/100\n|move|p2a: Queef Snorter|Will-O-Wisp|p1a: Chansey\n|-status|p1a: Chansey|brn\n|\n|-damage|p1a: Chansey|56\/100 brn|[from] brn\n|-damage|p2a: Queef Snorter|80\/100 brn|[from] brn\n|upkeep\n|turn|75\n|l|\u2606Forbis\n|inactive|Forbis disconnected and has a minute to reconnect!\n|player|p1|\n|inactive|You4rmthefuture has 120 seconds left.\n|j|\u2606Forbis\n|inactive|Forbis reconnected and has 120 seconds left.\n|player|p1|Forbis|102\n|\n|t:|1700355360\n|switch|p2a: Lebron'sBallSack|Pyukumuku, M, shiny|81\/100\n|move|p1a: Chansey|Heal Bell|p1a: Chansey\n|-activate|p1a: Chansey|move: Heal Bell\n|-curestatus|p1a: Chansey|brn|[msg]\n|-curestatus|p1: Alomomola|brn|[msg]\n|-curestatus|p1: Shuckle|tox|[msg]\n|-curestatus|p1: Reuniclus|brn|[msg]\n|\n|upkeep\n|turn|76\n|inactive|You4rmthefuture has 120 seconds left.\n|\n|t:|1700355374\n|switch|p1a: Toxapex|Toxapex, F|100\/100\n|move|p2a: Lebron'sBallSack|Soak|p1a: Toxapex\n|-start|p1a: Toxapex|typechange|Water\n|\n|upkeep\n|turn|77\n|\n|t:|1700355385\n|move|p1a: Toxapex|Lunge|p2a: Lebron'sBallSack\n|-damage|p2a: Lebron'sBallSack|71\/100\n|-unboost|p2a: Lebron'sBallSack|atk|1\n|move|p2a: Lebron'sBallSack|Toxic|p1a: Toxapex\n|-status|p1a: Toxapex|tox\n|\n|-damage|p1a: Toxapex|95\/100 tox|[from] psn\n|upkeep\n|turn|78\n|\n|t:|1700355396\n|switch|p2a: Queef Snorter|Sableye-Mega, M|80\/100 brn\n|move|p1a: Toxapex|Lunge|p2a: Queef Snorter\n|-damage|p2a: Queef Snorter|69\/100 brn\n|-unboost|p2a: Queef Snorter|atk|1\n|\n|-damage|p1a: Toxapex|83\/100 tox|[from] psn\n|-damage|p2a: Queef Snorter|64\/100 brn|[from] brn\n|upkeep\n|turn|79\n|inactive|Forbis has 120 seconds left.\n|\n|t:|1700355409\n|switch|p1a: Chansey|Chansey, F|56\/100\n|move|p2a: Queef Snorter|Will-O-Wisp|p1a: Chansey\n|-status|p1a: Chansey|brn\n|\n|-damage|p1a: Chansey|50\/100 brn|[from] brn\n|-damage|p2a: Queef Snorter|58\/100 brn|[from] brn\n|upkeep\n|turn|80\n|inactive|Forbis has 120 seconds left.\n|\n|t:|1700355424\n|move|p1a: Chansey|Heal Bell|p1a: Chansey\n|-activate|p1a: Chansey|move: Heal Bell\n|-curestatus|p1a: Chansey|brn|[msg]\n|-curestatus|p1: Toxapex|tox|[msg]\n|move|p2a: Queef Snorter|Encore|p1a: Chansey\n|-start|p1a: Chansey|Encore\n|\n|-damage|p2a: Queef Snorter|52\/100 brn|[from] brn\n|upkeep\n|turn|81\n|inactive|Forbis has 120 seconds left.\n|\n|t:|1700355436\n|switch|p1a: Shuckle|Shuckle, M|76\/100\n|move|p2a: Queef Snorter|Disable||[still]\n|-fail|p2a: Queef Snorter\n|\n|-damage|p2a: Queef Snorter|46\/100 brn|[from] brn\n|upkeep\n|turn|82\n|inactive|Forbis has 120 seconds left.\n|\n|t:|1700355444\n|move|p1a: Shuckle|Protect|p1a: Shuckle\n|-singleturn|p1a: Shuckle|Protect\n|move|p2a: Queef Snorter|Will-O-Wisp|p1a: Shuckle\n|-activate|p1a: Shuckle|move: Protect\n|\n|-damage|p2a: Queef Snorter|40\/100 brn|[from] brn\n|upkeep\n|turn|83\n|inactive|Forbis has 120 seconds left.\n|\n|t:|1700355456\n|switch|p1a: Reuniclus|Reuniclus, M|100\/100\n|move|p2a: Queef Snorter|Will-O-Wisp|p1a: Reuniclus\n|-status|p1a: Reuniclus|brn\n|\n|-damage|p1a: Reuniclus|94\/100 brn|[from] brn\n|-damage|p2a: Queef Snorter|34\/100 brn|[from] brn\n|upkeep\n|turn|84\n|-message|You4rmthefuture forfeited.\n|\n|win|Forbis\n|raw|Forbis's rating: 1178 &rarr; <strong>1196<\/strong><br \/>(+18 for winning)\n|raw|You4rmthefuture's rating: 1080 &rarr; <strong>1064<\/strong><br \/>(-16 for losing)\n|l|\u2606You4rmthefuture\n|l|\u2606Forbis\n|j|\u2606Forbis\n|player|p1|Forbis|102\n|l|\u2606Forbis\n|player|p1|\n|j|\u2606Forbis\n|player|p1|Forbis|102\n","uploadtime":1700355544,"views":9,"p1id":"forbis","p2id":"you4rmthefuture","formatid":"gen9nationaldexubers","rating":1064,"private":0,"password":""}