{"id":"gen9nationaldexubers-1996221282","p1":"2137posak","p2":"xiaozhilao","format":"[Gen 9] National Dex Ubers","log":"|j|\u26062137posak\n|j|\u2606xiaozhilao\n|t:|1700660824\n|gametype|singles\n|player|p1|2137posak|170|1119\n|player|p2|xiaozhilao|266|1043\n|teamsize|p1|6\n|teamsize|p2|6\n|gen|9\n|tier|[Gen 9] National Dex Ubers\n|rated|\n|rule|HP Percentage Mod: HP is shown in percentages\n|rule|Endless Battle Clause: Forcing endless battles is banned\n|rule|OHKO Clause: OHKO moves are banned\n|rule|Evasion Moves Clause: Evasion moves are banned\n|rule|Evasion Items Clause: Evasion items are banned\n|rule|Species Clause: Limit one of each Pok\u00e9mon\n|rule|Sleep Clause Mod: Limit one foe put to sleep\n|rule|Mega Rayquaza Clause: You cannot mega evolve Rayquaza\n|clearpoke\n|poke|p1|Garchomp, F|\n|poke|p1|Deoxys-Attack|\n|poke|p1|Mawile, M|\n|poke|p1|Grimmsnarl, M|\n|poke|p1|Kingambit, F|\n|poke|p1|Pawmot, M|\n|poke|p2|Kyogre|\n|poke|p2|Weavile, F|\n|poke|p2|Lucario, M|\n|poke|p2|Bellibolt, F|\n|poke|p2|Zapdos|\n|poke|p2|Darkrai|\n|teampreview\n|inactive|Battle timer is ON: inactive players will automatically lose when time's up. (requested by 2137posak)\n|\n|t:|1700660831\n|start\n|switch|p1a: Grimmsnarl|Grimmsnarl, M|100\/100\n|switch|p2a: Bellibolt|Bellibolt, F|100\/100\n|turn|1\n|\n|t:|1700660840\n|move|p1a: Grimmsnarl|Taunt|p2a: Bellibolt\n|-start|p2a: Bellibolt|move: Taunt\n|move|p2a: Bellibolt|Volt Switch|p1a: Grimmsnarl\n|-damage|p1a: Grimmsnarl|72\/100\n|\n|t:|1700660855\n|switch|p2a: Lucario|Lucario, M|100\/100|[from] Volt Switch\n|\n|upkeep\n|turn|2\n|\n|t:|1700660869\n|move|p1a: Grimmsnarl|Light Screen|p1a: Grimmsnarl\n|-sidestart|p1: 2137posak|move: Light Screen\n|move|p2a: Lucario|Swords Dance|p2a: Lucario\n|-boost|p2a: Lucario|atk|2\n|\n|upkeep\n|turn|3\n|\n|t:|1700660876\n|-terastallize|p2a: Lucario|Normal\n|move|p2a: Lucario|Extreme Speed|p1a: Grimmsnarl\n|-damage|p1a: Grimmsnarl|0 fnt\n|faint|p1a: Grimmsnarl\n|\n|upkeep\n|\n|t:|1700660892\n|switch|p1a: Mawile|Mawile, M|100\/100\n|turn|4\n|\n|t:|1700660900\n|detailschange|p1a: Mawile|Mawile-Mega, M\n|-mega|p1a: Mawile|Mawile|Mawilite\n|move|p2a: Lucario|Close Combat|p1a: Mawile\n|-damage|p1a: Mawile|0 fnt\n|-unboost|p2a: Lucario|def|1\n|-unboost|p2a: Lucario|spd|1\n|faint|p1a: Mawile\n|\n|upkeep\n|\n|t:|1700660906\n|switch|p1a: Deoxys|Deoxys-Attack|100\/100\n|-ability|p1a: Deoxys|Pressure\n|turn|5\n|\n|t:|1700660913\n|move|p2a: Lucario|Extreme Speed|p1a: Deoxys\n|-enditem|p1a: Deoxys|Focus Sash\n|-damage|p1a: Deoxys|1\/100\n|move|p1a: Deoxys|Brick Break|p2a: Lucario\n|-supereffective|p2a: Lucario\n|-damage|p2a: Lucario|0 fnt\n|faint|p2a: Lucario\n|\n|upkeep\n|\n|t:|1700660938\n|switch|p2a: Weavile|Weavile, F|100\/100\n|-ability|p2a: Weavile|Pressure\n|turn|6\n|\n|t:|1700660944\n|move|p2a: Weavile|Ice Shard|p1a: Deoxys\n|-damage|p1a: Deoxys|0 fnt\n|faint|p1a: Deoxys\n|\n|upkeep\n|\n|t:|1700660948\n|switch|p1a: Pawmot|Pawmot, M|100\/100\n|-item|p1a: Pawmot|Air Balloon\n|turn|7\n|\n|t:|1700660955\n|move|p2a: Weavile|Swords Dance|p2a: Weavile\n|-boost|p2a: Weavile|atk|2\n|move|p1a: Pawmot|Revival Blessing|p1a: Pawmot\n|\n|t:|1700660961\n|-heal|p1: Mawile|50\/100|[from] move: Revival Blessing\n|\n|upkeep\n|turn|8\n|\n|t:|1700660967\n|move|p2a: Weavile|Icicle Spear|p1a: Pawmot\n|-damage|p1a: Pawmot|57\/100\n|-enditem|p1a: Pawmot|Air Balloon\n|-damage|p1a: Pawmot|9\/100\n|-damage|p1a: Pawmot|0 fnt\n|faint|p1a: Pawmot\n|-hitcount|p1: Pawmot|3\n|\n|upkeep\n|\n|t:|1700660974\n|switch|p1a: Mawile|Mawile-Mega, M|50\/100\n|turn|9\n|\n|t:|1700660983\n|move|p2a: Weavile|Icicle Spear|p1a: Mawile\n|-resisted|p1a: Mawile\n|-damage|p1a: Mawile|38\/100\n|-resisted|p1a: Mawile\n|-damage|p1a: Mawile|26\/100\n|-resisted|p1a: Mawile\n|-damage|p1a: Mawile|13\/100\n|-resisted|p1a: Mawile\n|-damage|p1a: Mawile|0 fnt\n|faint|p1a: Mawile\n|-hitcount|p1: Mawile|4\n|\n|-sideend|p1: 2137posak|move: Light Screen\n|upkeep\n|\n|t:|1700660988\n|switch|p1a: Garchomp|Garchomp, F|100\/100\n|turn|10\n|\n|t:|1700660995\n|move|p2a: Weavile|Ice Shard|p1a: Garchomp\n|-supereffective|p1a: Garchomp\n|-damage|p1a: Garchomp|0 fnt\n|faint|p1a: Garchomp\n|\n|upkeep\n|\n|t:|1700661000\n|switch|p1a: Kingambit|Kingambit, F|100\/100\n|-activate|p1a: Kingambit|ability: Supreme Overlord\n|-start|p1a: Kingambit|fallen5|[silent]\n|turn|11\n|\n|t:|1700661007\n|move|p2a: Weavile|Icicle Spear|p1a: Kingambit\n|-resisted|p1a: Kingambit\n|-damage|p1a: Kingambit|91\/100\n|-resisted|p1a: Kingambit\n|-damage|p1a: Kingambit|82\/100\n|-resisted|p1a: Kingambit\n|-damage|p1a: Kingambit|72\/100\n|-resisted|p1a: Kingambit\n|-damage|p1a: Kingambit|62\/100\n|-resisted|p1a: Kingambit\n|-damage|p1a: Kingambit|54\/100\n|-hitcount|p1a: Kingambit|5\n|move|p1a: Kingambit|Brick Break|p2a: Weavile\n|-supereffective|p2a: Weavile\n|-damage|p2a: Weavile|0 fnt\n|faint|p2a: Weavile\n|\n|-heal|p1a: Kingambit|60\/100|[from] item: Leftovers\n|upkeep\n|\n|t:|1700661027\n|switch|p2a: Kyogre|Kyogre|100\/100\n|-weather|RainDance|[from] ability: Drizzle|[of] p2a: Kyogre\n|turn|12\n|\n|t:|1700661033\n|move|p2a: Kyogre|Water Spout|p1a: Kingambit\n|-damage|p1a: Kingambit|0 fnt\n|faint|p1a: Kingambit\n|-end|p1a: Kingambit|fallen5|[silent]\n|\n|win|xiaozhilao\n|raw|2137posak's rating: 1119 &rarr; <strong>1089<\/strong><br \/>(-30 for losing)\n|raw|xiaozhilao's rating: 1043 &rarr; <strong>1084<\/strong><br \/>(+41 for winning)\n|l|\u26062137posak\n","uploadtime":1700661041,"views":0,"p1id":"2137posak","p2id":"xiaozhilao","formatid":"gen9nationaldexubers","rating":1084,"private":0,"password":""}