{"id":"gen9nationaldexubers-1983427992","p1":"CRYO-M0DE\u2744\ufe0f","p2":"Soz4stall","format":"[Gen 9] National Dex Ubers","log":"|j|\u2606CRYO-M0DE\u2744\ufe0f\n|j|\u2606Soz4stall\n|t:|1699129077\n|gametype|singles\n|player|p1|CRYO-M0DE\u2744\ufe0f|melony|1036\n|player|p2|Soz4stall|1|1054\n|teamsize|p1|6\n|teamsize|p2|6\n|gen|9\n|tier|[Gen 9] National Dex Ubers\n|rated|\n|rule|HP Percentage Mod: HP is shown in percentages\n|rule|Endless Battle Clause: Forcing endless battles is banned\n|rule|OHKO Clause: OHKO moves are banned\n|rule|Evasion Moves Clause: Evasion moves are banned\n|rule|Evasion Items Clause: Evasion items are banned\n|rule|Species Clause: Limit one of each Pok\u00e9mon\n|rule|Sleep Clause Mod: Limit one foe put to sleep\n|rule|Mega Rayquaza Clause: You cannot mega evolve Rayquaza\n|clearpoke\n|poke|p1|Aurorus, F|\n|poke|p1|Glalie, M|\n|poke|p1|Regice|\n|poke|p1|Baxcalibur, M|\n|poke|p1|Iron Bundle|\n|poke|p1|Kyurem-Black|\n|poke|p2|Exeggutor, M|\n|poke|p2|Slowbro, M|\n|poke|p2|Iron Valiant|\n|poke|p2|Ogerpon-Hearthflame, F|\n|poke|p2|Chi-Yu|\n|poke|p2|Sylveon, F|\n|teampreview\n|j| dajerkk\n|l| dajerkk\n|\n|t:|1699129108\n|start\n|switch|p1a: \u2744\ufe0fAURORUS\u2744\ufe0f|Aurorus, F, shiny|100\/100\n|switch|p2a: I\u2764\ufe0fBro!(He\/Him)|Exeggutor, M|100\/100\n|-weather|Snow|[from] ability: Snow Warning|[of] p1a: \u2744\ufe0fAURORUS\u2744\ufe0f\n|turn|1\n|\n|t:|1699129127\n|move|p1a: \u2744\ufe0fAURORUS\u2744\ufe0f|Blizzard|p2a: I\u2764\ufe0fBro!(He\/Him)\n|-supereffective|p2a: I\u2764\ufe0fBro!(He\/Him)\n|-damage|p2a: I\u2764\ufe0fBro!(He\/Him)|0 fnt\n|faint|p2a: I\u2764\ufe0fBro!(He\/Him)\n|\n|-weather|Snow|[upkeep]\n|upkeep\n|\n|t:|1699129142\n|switch|p2a: I\u2764\ufe0fEggy!(He\/Him)|Slowbro, M|100\/100\n|turn|2\n|\n|t:|1699129152\n|detailschange|p2a: I\u2764\ufe0fEggy!(He\/Him)|Slowbro-Mega, M\n|-mega|p2a: I\u2764\ufe0fEggy!(He\/Him)|Slowbro|Slowbronite\n|move|p1a: \u2744\ufe0fAURORUS\u2744\ufe0f|Stealth Rock|p2a: I\u2764\ufe0fEggy!(He\/Him)\n|-sidestart|p2: Soz4stall|move: Stealth Rock\n|move|p2a: I\u2764\ufe0fEggy!(He\/Him)|Calm Mind|p2a: I\u2764\ufe0fEggy!(He\/Him)\n|-boost|p2a: I\u2764\ufe0fEggy!(He\/Him)|spa|1\n|-boost|p2a: I\u2764\ufe0fEggy!(He\/Him)|spd|1\n|\n|-weather|Snow|[upkeep]\n|upkeep\n|turn|3\n|\n|t:|1699129186\n|move|p1a: \u2744\ufe0fAURORUS\u2744\ufe0f|Freeze-Dry|p2a: I\u2764\ufe0fEggy!(He\/Him)\n|-supereffective|p2a: I\u2764\ufe0fEggy!(He\/Him)\n|-damage|p2a: I\u2764\ufe0fEggy!(He\/Him)|52\/100\n|move|p2a: I\u2764\ufe0fEggy!(He\/Him)|Iron Defense|p2a: I\u2764\ufe0fEggy!(He\/Him)\n|-boost|p2a: I\u2764\ufe0fEggy!(He\/Him)|def|2\n|\n|-weather|Snow|[upkeep]\n|upkeep\n|turn|4\n|\n|t:|1699129194\n|move|p1a: \u2744\ufe0fAURORUS\u2744\ufe0f|Freeze-Dry|p2a: I\u2764\ufe0fEggy!(He\/Him)\n|-supereffective|p2a: I\u2764\ufe0fEggy!(He\/Him)\n|-damage|p2a: I\u2764\ufe0fEggy!(He\/Him)|9\/100\n|move|p2a: I\u2764\ufe0fEggy!(He\/Him)|Scald|p1a: \u2744\ufe0fAURORUS\u2744\ufe0f\n|-supereffective|p1a: \u2744\ufe0fAURORUS\u2744\ufe0f\n|-damage|p1a: \u2744\ufe0fAURORUS\u2744\ufe0f|0 fnt\n|faint|p1a: \u2744\ufe0fAURORUS\u2744\ufe0f\n|\n|-weather|Snow|[upkeep]\n|upkeep\n|\n|t:|1699129210\n|switch|p1a: \u2744\ufe0fGLALIE\u2744\ufe0f\ud83e\udd76|Glalie, M|100\/100\n|turn|5\n|\n|t:|1699129215\n|move|p1a: \u2744\ufe0fGLALIE\u2744\ufe0f\ud83e\udd76|Freeze-Dry|p2a: I\u2764\ufe0fEggy!(He\/Him)\n|-supereffective|p2a: I\u2764\ufe0fEggy!(He\/Him)\n|-damage|p2a: I\u2764\ufe0fEggy!(He\/Him)|0 fnt\n|faint|p2a: I\u2764\ufe0fEggy!(He\/Him)\n|\n|-weather|Snow|[upkeep]\n|-ability|p1a: \u2744\ufe0fGLALIE\u2744\ufe0f\ud83e\udd76|Moody|boost\n|-boost|p1a: \u2744\ufe0fGLALIE\u2744\ufe0f\ud83e\udd76|spa|2\n|-unboost|p1a: \u2744\ufe0fGLALIE\u2744\ufe0f\ud83e\udd76|def|1\n|upkeep\n|\n|t:|1699129228\n|switch|p2a: Butch(She\/her)|Chi-Yu|100\/100\n|-damage|p2a: Butch(She\/her)|76\/100|[from] Stealth Rock\n|-ability|p2a: Butch(She\/her)|Beads of Ruin\n|turn|6\n|\n|t:|1699129244\n|detailschange|p1a: \u2744\ufe0fGLALIE\u2744\ufe0f\ud83e\udd76|Glalie-Mega, M\n|-mega|p1a: \u2744\ufe0fGLALIE\u2744\ufe0f\ud83e\udd76|Glalie|Glalitite\n|move|p2a: Butch(She\/her)|Flame Charge|p1a: \u2744\ufe0fGLALIE\u2744\ufe0f\ud83e\udd76\n|-supereffective|p1a: \u2744\ufe0fGLALIE\u2744\ufe0f\ud83e\udd76\n|-damage|p1a: \u2744\ufe0fGLALIE\u2744\ufe0f\ud83e\udd76|51\/100\n|-boost|p2a: Butch(She\/her)|spe|1\n|-damage|p2a: Butch(She\/her)|66\/100|[from] item: Life Orb\n|move|p1a: \u2744\ufe0fGLALIE\u2744\ufe0f\ud83e\udd76|Blizzard|p2a: Butch(She\/her)\n|-resisted|p2a: Butch(She\/her)\n|-damage|p2a: Butch(She\/her)|8\/100\n|\n|-weather|Snow|[upkeep]\n|upkeep\n|turn|7\n|\n|t:|1699129258\n|move|p2a: Butch(She\/her)|Dark Pulse|p1a: \u2744\ufe0fGLALIE\u2744\ufe0f\ud83e\udd76\n|-damage|p1a: \u2744\ufe0fGLALIE\u2744\ufe0f\ud83e\udd76|0 fnt\n|faint|p1a: \u2744\ufe0fGLALIE\u2744\ufe0f\ud83e\udd76\n|-damage|p2a: Butch(She\/her)|0 fnt|[from] item: Life Orb\n|faint|p2a: Butch(She\/her)\n|\n|-weather|Snow|[upkeep]\n|upkeep\n|\n|t:|1699129273\n|switch|p2a: Kill\/Them|Iron Valiant|100\/100\n|switch|p1a: \u2744\ufe0f\u2744\ufe0fREGICE\u2744\ufe0f\u2744\ufe0f|Regice, shiny|100\/100\n|-damage|p2a: Kill\/Them|94\/100|[from] Stealth Rock\n|-enditem|p2a: Kill\/Them|Booster Energy\n|-activate|p2a: Kill\/Them|ability: Quark Drive|[fromitem]\n|-start|p2a: Kill\/Them|quarkdrivespe\n|turn|8\n|\n|t:|1699129282\n|move|p2a: Kill\/Them|Calm Mind|p2a: Kill\/Them\n|-boost|p2a: Kill\/Them|spa|1\n|-boost|p2a: Kill\/Them|spd|1\n|move|p1a: \u2744\ufe0f\u2744\ufe0fREGICE\u2744\ufe0f\u2744\ufe0f|Hail|p1a: \u2744\ufe0f\u2744\ufe0fREGICE\u2744\ufe0f\u2744\ufe0f\n|-weather|Hail\n|\n|-weather|Hail|[upkeep]\n|-damage|p2a: Kill\/Them|88\/100|[from] Hail\n|upkeep\n|turn|9\n|\n|t:|1699129292\n|move|p2a: Kill\/Them|Calm Mind|p2a: Kill\/Them\n|-boost|p2a: Kill\/Them|spa|1\n|-boost|p2a: Kill\/Them|spd|1\n|move|p1a: \u2744\ufe0f\u2744\ufe0fREGICE\u2744\ufe0f\u2744\ufe0f|Blizzard|p2a: Kill\/Them\n|-damage|p2a: Kill\/Them|33\/100\n|\n|-weather|Hail|[upkeep]\n|-damage|p2a: Kill\/Them|26\/100|[from] Hail\n|upkeep\n|turn|10\n|\n|t:|1699129301\n|move|p2a: Kill\/Them|Aura Sphere|p1a: \u2744\ufe0f\u2744\ufe0fREGICE\u2744\ufe0f\u2744\ufe0f\n|-supereffective|p1a: \u2744\ufe0f\u2744\ufe0fREGICE\u2744\ufe0f\u2744\ufe0f\n|-damage|p1a: \u2744\ufe0f\u2744\ufe0fREGICE\u2744\ufe0f\u2744\ufe0f|14\/100\n|move|p1a: \u2744\ufe0f\u2744\ufe0fREGICE\u2744\ufe0f\u2744\ufe0f|Blizzard|p2a: Kill\/Them\n|-damage|p2a: Kill\/Them|0 fnt\n|faint|p2a: Kill\/Them\n|-end|p2a: Kill\/Them|Quark Drive|[silent]\n|\n|-weather|Hail|[upkeep]\n|-heal|p1a: \u2744\ufe0f\u2744\ufe0fREGICE\u2744\ufe0f\u2744\ufe0f|20\/100|[from] ability: Ice Body\n|upkeep\n|\n|t:|1699129316\n|switch|p2a: I\u2764\ufe0fYu(She\/her)|Ogerpon-Hearthflame, F|100\/100\n|-damage|p2a: I\u2764\ufe0fYu(She\/her)|76\/100|[from] Stealth Rock\n|-ability|p2a: I\u2764\ufe0fYu(She\/her)|Mold Breaker\n|turn|11\n|\n|t:|1699129331\n|-terastallize|p2a: I\u2764\ufe0fYu(She\/her)|Fire\n|detailschange|p2a: I\u2764\ufe0fYu(She\/her)|Ogerpon-Hearthflame-Tera, F, tera:Fire\n|-ability|p2a: I\u2764\ufe0fYu(She\/her)|Embody Aspect (Hearthflame)|boost\n|-boost|p2a: I\u2764\ufe0fYu(She\/her)|atk|1\n|move|p2a: I\u2764\ufe0fYu(She\/her)|Ivy Cudgel|p1a: \u2744\ufe0f\u2744\ufe0fREGICE\u2744\ufe0f\u2744\ufe0f\n|-supereffective|p1a: \u2744\ufe0f\u2744\ufe0fREGICE\u2744\ufe0f\u2744\ufe0f\n|-damage|p1a: \u2744\ufe0f\u2744\ufe0fREGICE\u2744\ufe0f\u2744\ufe0f|0 fnt\n|faint|p1a: \u2744\ufe0f\u2744\ufe0fREGICE\u2744\ufe0f\u2744\ufe0f\n|\n|-weather|Hail|[upkeep]\n|-damage|p2a: I\u2764\ufe0fYu(She\/her)|70\/100|[from] Hail\n|upkeep\n|\n|t:|1699129343\n|switch|p1a: \u2744\ufe0fCRYO BUNDLE\u2744\ufe0f|Iron Bundle, shiny|100\/100\n|-enditem|p1a: \u2744\ufe0fCRYO BUNDLE\u2744\ufe0f|Booster Energy\n|-activate|p1a: \u2744\ufe0fCRYO BUNDLE\u2744\ufe0f|ability: Quark Drive|[fromitem]\n|-start|p1a: \u2744\ufe0fCRYO BUNDLE\u2744\ufe0f|quarkdrivespa\n|turn|12\n|\n|t:|1699129350\n|-terastallize|p1a: \u2744\ufe0fCRYO BUNDLE\u2744\ufe0f|Ice\n|move|p1a: \u2744\ufe0fCRYO BUNDLE\u2744\ufe0f|Blizzard|p2a: I\u2764\ufe0fYu(She\/her)\n|-resisted|p2a: I\u2764\ufe0fYu(She\/her)\n|-damage|p2a: I\u2764\ufe0fYu(She\/her)|10\/100\n|move|p2a: I\u2764\ufe0fYu(She\/her)|Power Whip|p1a: \u2744\ufe0fCRYO BUNDLE\u2744\ufe0f\n|-damage|p1a: \u2744\ufe0fCRYO BUNDLE\u2744\ufe0f|0 fnt\n|faint|p1a: \u2744\ufe0fCRYO BUNDLE\u2744\ufe0f\n|-end|p1a: \u2744\ufe0fCRYO BUNDLE\u2744\ufe0f|Quark Drive|[silent]\n|\n|-weather|none\n|upkeep\n|\n|t:|1699129367\n|switch|p1a: \ud83e\udd76\u2744\ufe0f\u2744\ufe0fKYUREM\u2744\ufe0f\u2744\ufe0f\ud83e\udd76|Kyurem-Black|100\/100\n|-ability|p1a: \ud83e\udd76\u2744\ufe0f\u2744\ufe0fKYUREM\u2744\ufe0f\u2744\ufe0f\ud83e\udd76|Teravolt\n|turn|13\n|\n|t:|1699129374\n|move|p2a: I\u2764\ufe0fYu(She\/her)|Play Rough|p1a: \ud83e\udd76\u2744\ufe0f\u2744\ufe0fKYUREM\u2744\ufe0f\u2744\ufe0f\ud83e\udd76\n|-supereffective|p1a: \ud83e\udd76\u2744\ufe0f\u2744\ufe0fKYUREM\u2744\ufe0f\u2744\ufe0f\ud83e\udd76\n|-damage|p1a: \ud83e\udd76\u2744\ufe0f\u2744\ufe0fKYUREM\u2744\ufe0f\u2744\ufe0f\ud83e\udd76|2\/100\n|move|p1a: \ud83e\udd76\u2744\ufe0f\u2744\ufe0fKYUREM\u2744\ufe0f\u2744\ufe0f\ud83e\udd76|Dragon Dance|p1a: \ud83e\udd76\u2744\ufe0f\u2744\ufe0fKYUREM\u2744\ufe0f\u2744\ufe0f\ud83e\udd76\n|-boost|p1a: \ud83e\udd76\u2744\ufe0f\u2744\ufe0fKYUREM\u2744\ufe0f\u2744\ufe0f\ud83e\udd76|atk|1\n|-boost|p1a: \ud83e\udd76\u2744\ufe0f\u2744\ufe0fKYUREM\u2744\ufe0f\u2744\ufe0f\ud83e\udd76|spe|1\n|\n|upkeep\n|turn|14\n|\n|t:|1699129383\n|move|p1a: \ud83e\udd76\u2744\ufe0f\u2744\ufe0fKYUREM\u2744\ufe0f\u2744\ufe0f\ud83e\udd76|Icicle Spear|p2a: I\u2764\ufe0fYu(She\/her)\n|-resisted|p2a: I\u2764\ufe0fYu(She\/her)\n|-damage|p2a: I\u2764\ufe0fYu(She\/her)|0 fnt\n|faint|p2a: I\u2764\ufe0fYu(She\/her)\n|-hitcount|p2: I\u2764\ufe0fYu(She\/her)|1\n|\n|upkeep\n|\n|t:|1699129387\n|switch|p2a: Transally(She\/Her)|Sylveon, F|100\/100\n|-damage|p2a: Transally(She\/Her)|88\/100|[from] Stealth Rock\n|turn|15\n|\n|t:|1699129393\n|move|p1a: \ud83e\udd76\u2744\ufe0f\u2744\ufe0fKYUREM\u2744\ufe0f\u2744\ufe0f\ud83e\udd76|Icicle Spear|p2a: Transally(She\/Her)\n|-damage|p2a: Transally(She\/Her)|58\/100\n|-damage|p2a: Transally(She\/Her)|23\/100\n|-damage|p2a: Transally(She\/Her)|0 fnt\n|faint|p2a: Transally(She\/Her)\n|-hitcount|p2: Transally(She\/Her)|3\n|\n|win|CRYO-M0DE\u2744\ufe0f\n|raw|CRYO-M0DE\u2744\ufe0f's rating: 1036 &rarr; <strong>1072<\/strong><br \/>(+36 for winning)\n|raw|Soz4stall's rating: 1054 &rarr; <strong>1035<\/strong><br \/>(-19 for losing)\n|l|\u2606Soz4stall\n","uploadtime":1699129623,"views":5,"p1id":"cryom0de","p2id":"soz4stall","formatid":"gen9nationaldexubers","rating":1035,"private":0,"password":""}