{"id":"gen9nationaldexubers-1998224761","p1":"KhoaMTC","p2":"hoenn militian","format":"[Gen 9] National Dex Ubers","log":"|j|\u2606KhoaMTC\n|j|\u2606hoenn militian\n|t:|1700915742\n|gametype|singles\n|player|p1|KhoaMTC|2|1398\n|player|p2|hoenn militian|169|1423\n|teamsize|p1|6\n|teamsize|p2|6\n|gen|9\n|tier|[Gen 9] National Dex Ubers\n|rated|\n|rule|HP Percentage Mod: HP is shown in percentages\n|rule|Endless Battle Clause: Forcing endless battles is banned\n|rule|OHKO Clause: OHKO moves are banned\n|rule|Evasion Moves Clause: Evasion moves are banned\n|rule|Evasion Items Clause: Evasion items are banned\n|rule|Species Clause: Limit one of each Pok\u00e9mon\n|rule|Sleep Clause Mod: Limit one foe put to sleep\n|rule|Mega Rayquaza Clause: You cannot mega evolve Rayquaza\n|clearpoke\n|poke|p1|Kyogre|\n|poke|p1|Groudon|\n|poke|p1|Necrozma-Dusk-Mane|\n|poke|p1|Ho-Oh|\n|poke|p1|Arceus-Dark|\n|poke|p1|Dragapult, M|\n|poke|p2|Magearna|\n|poke|p2|Grimmsnarl, M|\n|poke|p2|Skeledirge, F|\n|poke|p2|Moltres|\n|poke|p2|Blissey, F|\n|poke|p2|Calyrex-Ice|\n|teampreview\n|\n|t:|1700915762\n|start\n|switch|p1a: Arceus|Arceus-Dark|100\/100\n|switch|p2a: Grimmsnarl|Grimmsnarl, M|100\/100\n|turn|1\n|\n|t:|1700915773\n|move|p1a: Arceus|Toxic|p2a: Grimmsnarl\n|-status|p2a: Grimmsnarl|tox\n|move|p2a: Grimmsnarl|Spirit Break|p1a: Arceus\n|-supereffective|p1a: Arceus\n|-damage|p1a: Arceus|66\/100\n|-unboost|p1a: Arceus|spa|1\n|\n|-damage|p2a: Grimmsnarl|94\/100 tox|[from] psn\n|upkeep\n|turn|2\n|\n|t:|1700915790\n|switch|p2a: Blissey|Blissey, F|100\/100\n|move|p1a: Arceus|Taunt|p2a: Blissey\n|-start|p2a: Blissey|move: Taunt\n|\n|upkeep\n|turn|3\n|j| wppoprpo\n|\n|t:|1700915796\n|switch|p1a: Dragapult|Dragapult, M|100\/100\n|switch|p2a: Grimmsnarl|Grimmsnarl, M|94\/100 tox\n|\n|-damage|p2a: Grimmsnarl|88\/100 tox|[from] psn\n|upkeep\n|turn|4\n|\n|t:|1700915821\n|-terastallize|p1a: Dragapult|Dark\n|move|p1a: Dragapult|Dragon Dance|p1a: Dragapult\n|-boost|p1a: Dragapult|atk|1\n|-boost|p1a: Dragapult|spe|1\n|move|p2a: Grimmsnarl|Spirit Break|p1a: Dragapult\n|-supereffective|p1a: Dragapult\n|-damage|p1a: Dragapult|13\/100\n|\n|-damage|p2a: Grimmsnarl|76\/100 tox|[from] psn\n|upkeep\n|turn|5\n|\n|t:|1700915834\n|move|p2a: Grimmsnarl|Sucker Punch|p1a: Dragapult\n|-resisted|p1a: Dragapult\n|-damage|p1a: Dragapult|0 fnt\n|faint|p1a: Dragapult\n|\n|-damage|p2a: Grimmsnarl|58\/100 tox|[from] psn\n|upkeep\n|\n|t:|1700915845\n|switch|p1a: Kyogre|Kyogre|100\/100\n|detailschange|p1a: Kyogre|Kyogre-Primal\n|-primal|p1a: Kyogre|Blue Orb\n|-weather|PrimordialSea|[from] ability: Primordial Sea|[of] p1a: Kyogre\n|turn|6\n|\n|t:|1700915851\n|move|p2a: Grimmsnarl|Parting Shot|p1a: Kyogre\n|-unboost|p1a: Kyogre|atk|1\n|-unboost|p1a: Kyogre|spa|1\n|\n|t:|1700915855\n|switch|p2a: Blissey|Blissey, F|100\/100|[from] Parting Shot\n|move|p1a: Kyogre|Scald|p2a: Blissey\n|-damage|p2a: Blissey|89\/100\n|\n|-weather|PrimordialSea|[upkeep]\n|upkeep\n|turn|7\n|-message|KhoaMTC forfeited.\n|\n|win|hoenn militian\n|raw|KhoaMTC's rating: 1398 &rarr; <strong>1379<\/strong><br \/>(-19 for losing)\n|raw|hoenn militian's rating: 1423 &rarr; <strong>1442<\/strong><br \/>(+19 for winning)\n|l|\u2606KhoaMTC\n","uploadtime":1700915896,"views":3,"p1id":"khoamtc","p2id":"hoennmilitian","formatid":"gen9nationaldexubers","rating":1379,"private":0,"password":""}