{"id":"gen9nationaldexubers-1995401020","p1":"AlolanSandslashOU","p2":"Yuinna.","format":"[Gen 9] National Dex Ubers","log":"|j|\u2606AlolanSandslashOU\n|j|\u2606Yuinna.\n|t:|1700565881\n|gametype|singles\n|player|p1|AlolanSandslashOU|volkner|\n|player|p2|Yuinna.|serena-masters|\n|teamsize|p1|6\n|teamsize|p2|6\n|gen|9\n|tier|[Gen 9] National Dex Ubers\n|rule|HP Percentage Mod: HP is shown in percentages\n|rule|Endless Battle Clause: Forcing endless battles is banned\n|rule|OHKO Clause: OHKO moves are banned\n|rule|Evasion Moves Clause: Evasion moves are banned\n|rule|Evasion Items Clause: Evasion items are banned\n|rule|Species Clause: Limit one of each Pok\u00e9mon\n|rule|Sleep Clause Mod: Limit one foe put to sleep\n|rule|Mega Rayquaza Clause: You cannot mega evolve Rayquaza\n|clearpoke\n|poke|p1|Chien-Pao|\n|poke|p1|Urshifu-*, F|\n|poke|p1|Greninja-*, M|\n|poke|p1|Meowscarada, F|\n|poke|p1|Ting-Lu|\n|poke|p1|Gholdengo|\n|poke|p2|Meowscarada, F|\n|poke|p2|Vaporeon, M|\n|poke|p2|Skeledirge, M|\n|poke|p2|Diancie|\n|poke|p2|Gliscor, F|\n|poke|p2|Roaring Moon|\n|teampreview\n|inactive|Battle timer is ON: inactive players will automatically lose when time's up. (requested by Yuinna.)\n|c|\u2606Yuinna.|what restriction\n|c|\u2606AlolanSandslashOU|Z moves\n|inactive|AlolanSandslashOU has 270 seconds left.\n|\n|t:|1700565915\n|start\n|switch|p1a: Meowscarada|Meowscarada, F|100\/100\n|switch|p2a: Diancie|Diancie|100\/100\n|turn|1\n|\n|t:|1700565928\n|detailschange|p2a: Diancie|Diancie-Mega\n|-mega|p2a: Diancie|Diancie|Diancite\n|move|p1a: Meowscarada|U-turn|p2a: Diancie\n|-start|p1a: Meowscarada|typechange|Bug|[from] ability: Protean\n|-resisted|p2a: Diancie\n|-damage|p2a: Diancie|81\/100\n|\n|t:|1700565934\n|switch|p1a: Gholdengo|Gholdengo|100\/100|[from] U-turn\n|move|p2a: Diancie|Moonblast|p1a: Gholdengo\n|-resisted|p1a: Gholdengo\n|-damage|p1a: Gholdengo|70\/100\n|\n|upkeep\n|turn|2\n|\n|t:|1700565948\n|move|p2a: Diancie|Mystical Fire|p1a: Gholdengo\n|-supereffective|p1a: Gholdengo\n|-damage|p1a: Gholdengo|0 fnt\n|faint|p1a: Gholdengo\n|\n|upkeep\n|\n|t:|1700565963\n|switch|p1a: Greninja|Greninja, M|100\/100\n|turn|3\n|\n|t:|1700565973\n|switch|p2a: Vaporeon|Vaporeon, M|100\/100\n|move|p1a: Greninja|Surf|p2a: Vaporeon\n|-immune|p2a: Vaporeon|[from] ability: Water Absorb\n|\n|upkeep\n|turn|4\n|\n|t:|1700565978\n|switch|p1a: Meowscarada|Meowscarada, F|100\/100\n|move|p2a: Vaporeon|Wish|p2a: Vaporeon\n|\n|upkeep\n|turn|5\n|\n|t:|1700565983\n|switch|p2a: Diancie|Diancie-Mega|81\/100\n|move|p1a: Meowscarada|Flower Trick|p2a: Diancie\n|-start|p1a: Meowscarada|typechange|Grass|[from] ability: Protean\n|-supereffective|p2a: Diancie\n|-crit|p2a: Diancie\n|-damage|p2a: Diancie|0 fnt\n|faint|p2a: Diancie\n|\n|upkeep\n|\n|t:|1700565993\n|switch|p2a: Skeledirge|Skeledirge, M|100\/100\n|turn|6\n|\n|t:|1700565996\n|move|p1a: Meowscarada|Knock Off|p2a: Skeledirge\n|-supereffective|p2a: Skeledirge\n|-damage|p2a: Skeledirge|42\/100\n|-enditem|p2a: Skeledirge|Heavy-Duty Boots|[from] move: Knock Off|[of] p1a: Meowscarada\n|move|p2a: Skeledirge|Will-O-Wisp|p1a: Meowscarada|[miss]\n|-miss|p2a: Skeledirge|p1a: Meowscarada\n|\n|upkeep\n|turn|7\n|\n|t:|1700566012\n|switch|p2a: Vaporeon|Vaporeon, M|100\/100\n|move|p1a: Meowscarada|U-turn|p2a: Vaporeon\n|-damage|p2a: Vaporeon|85\/100\n|\n|t:|1700566018\n|switch|p1a: Chien-Pao|Chien-Pao|100\/100|[from] U-turn\n|-ability|p1a: Chien-Pao|Sword of Ruin\n|\n|-heal|p2a: Vaporeon|91\/100|[from] item: Leftovers\n|upkeep\n|turn|8\n|\n|t:|1700566034\n|switch|p1a: Meowscarada|Meowscarada, F|100\/100\n|move|p2a: Vaporeon|Wish|p2a: Vaporeon\n|\n|-heal|p2a: Vaporeon|97\/100|[from] item: Leftovers\n|upkeep\n|turn|9\n|\n|t:|1700566040\n|switch|p2a: Skeledirge|Skeledirge, M|42\/100\n|move|p1a: Meowscarada|Knock Off|p2a: Skeledirge\n|-start|p1a: Meowscarada|typechange|Dark|[from] ability: Protean\n|-supereffective|p2a: Skeledirge\n|-damage|p2a: Skeledirge|0 fnt\n|faint|p2a: Skeledirge\n|\n|upkeep\n|\n|t:|1700566054\n|switch|p2a: Meowscarada|Meowscarada, F|100\/100\n|turn|10\n|\n|t:|1700566057\n|move|p1a: Meowscarada|U-turn|p2a: Meowscarada\n|-supereffective|p2a: Meowscarada\n|-damage|p2a: Meowscarada|0 fnt\n|faint|p2a: Meowscarada\n|\n|t:|1700566062\n|switch|p1a: Urshifu|Urshifu, F|100\/100|[from] U-turn\n|\n|upkeep\n|\n|t:|1700566067\n|switch|p2a: Gliscor|Gliscor, F|100\/100\n|turn|11\n|\n|t:|1700566078\n|switch|p1a: Meowscarada|Meowscarada, F|100\/100\n|move|p2a: Gliscor|Swords Dance|p2a: Gliscor\n|-boost|p2a: Gliscor|atk|2\n|\n|-status|p2a: Gliscor|tox|[from] item: Toxic Orb\n|upkeep\n|turn|12\n|\n|t:|1700566084\n|move|p1a: Meowscarada|Flower Trick|p2a: Gliscor\n|-start|p1a: Meowscarada|typechange|Grass|[from] ability: Protean\n|-crit|p2a: Gliscor\n|-damage|p2a: Gliscor|60\/100 tox\n|move|p2a: Gliscor|Facade|p1a: Meowscarada\n|-damage|p1a: Meowscarada|0 fnt\n|faint|p1a: Meowscarada\n|\n|-heal|p2a: Gliscor|73\/100 tox|[from] ability: Poison Heal\n|upkeep\n|\n|t:|1700566089\n|switch|p1a: Greninja|Greninja, M|100\/100\n|turn|13\n|\n|t:|1700566095\n|-terastallize|p2a: Gliscor|Water\n|move|p1a: Greninja|Ice Beam|p2a: Gliscor\n|-resisted|p2a: Gliscor\n|-damage|p2a: Gliscor|50\/100 tox\n|-damage|p1a: Greninja|91\/100|[from] item: Life Orb\n|move|p2a: Gliscor|Facade|p1a: Greninja\n|-damage|p1a: Greninja|0 fnt\n|faint|p1a: Greninja\n|\n|-heal|p2a: Gliscor|63\/100 tox|[from] ability: Poison Heal\n|upkeep\n|\n|t:|1700566102\n|switch|p1a: Chien-Pao|Chien-Pao|100\/100\n|-ability|p1a: Chien-Pao|Sword of Ruin\n|turn|14\n|\n|t:|1700566106\n|move|p1a: Chien-Pao|Crunch|p2a: Gliscor\n|-damage|p2a: Gliscor|0 fnt\n|faint|p2a: Gliscor\n|\n|upkeep\n|\n|t:|1700566110\n|switch|p2a: Vaporeon|Vaporeon, M|97\/100\n|turn|15\n|\n|t:|1700566113\n|move|p1a: Chien-Pao|Crunch|p2a: Vaporeon\n|-damage|p2a: Vaporeon|44\/100\n|move|p2a: Vaporeon|Wish|p2a: Vaporeon\n|\n|-heal|p2a: Vaporeon|50\/100|[from] item: Leftovers\n|upkeep\n|turn|16\n|\n|t:|1700566117\n|switch|p1a: Urshifu|Urshifu, F|100\/100\n|move|p2a: Vaporeon|Protect||[still]\n|-fail|p2a: Vaporeon\n|\n|-heal|p2a: Vaporeon|99\/100|[from] move: Wish|[wisher] Vaporeon\n|-heal|p2a: Vaporeon|100\/100|[from] item: Leftovers\n|upkeep\n|turn|17\n|\n|t:|1700566120\n|move|p1a: Urshifu|Close Combat|p2a: Vaporeon\n|-damage|p2a: Vaporeon|53\/100\n|-unboost|p1a: Urshifu|def|1\n|-unboost|p1a: Urshifu|spd|1\n|move|p2a: Vaporeon|Wish|p2a: Vaporeon\n|\n|-heal|p2a: Vaporeon|59\/100|[from] item: Leftovers\n|upkeep\n|turn|18\n|\n|t:|1700566124\n|switch|p1a: Ting-Lu|Ting-Lu|100\/100\n|-ability|p1a: Ting-Lu|Vessel of Ruin\n|move|p2a: Vaporeon|Scald|p1a: Ting-Lu\n|-supereffective|p1a: Ting-Lu\n|-damage|p1a: Ting-Lu|74\/100\n|\n|-heal|p2a: Vaporeon|100\/100|[from] move: Wish|[wisher] Vaporeon\n|-heal|p1a: Ting-Lu|80\/100|[from] item: Leftovers\n|upkeep\n|turn|19\n|\n|t:|1700566127\n|move|p2a: Vaporeon|Wish|p2a: Vaporeon\n|move|p1a: Ting-Lu|Whirlwind|p2a: Vaporeon\n|drag|p2a: Roaring Moon|Roaring Moon|100\/100\n|-enditem|p2a: Roaring Moon|Booster Energy\n|-activate|p2a: Roaring Moon|ability: Protosynthesis|[fromitem]\n|-start|p2a: Roaring Moon|protosynthesisatk\n|\n|-heal|p1a: Ting-Lu|86\/100|[from] item: Leftovers\n|upkeep\n|turn|20\n|\n|t:|1700566136\n|move|p2a: Roaring Moon|Outrage|p1a: Ting-Lu\n|-damage|p1a: Ting-Lu|38\/100\n|move|p1a: Ting-Lu|Whirlwind|p2a: Roaring Moon\n|-end|p2a: Roaring Moon|Protosynthesis|[silent]\n|drag|p2a: Vaporeon|Vaporeon, M|100\/100\n|\n|-heal|p1a: Ting-Lu|44\/100|[from] item: Leftovers\n|upkeep\n|turn|21\n|\n|t:|1700566140\n|move|p2a: Vaporeon|Wish|p2a: Vaporeon\n|move|p1a: Ting-Lu|Ruination|p2a: Vaporeon\n|-damage|p2a: Vaporeon|50\/100\n|\n|-heal|p2a: Vaporeon|57\/100|[from] item: Leftovers\n|-heal|p1a: Ting-Lu|50\/100|[from] item: Leftovers\n|upkeep\n|turn|22\n|\n|t:|1700566145\n|move|p2a: Vaporeon|Flip Turn|p1a: Ting-Lu\n|-supereffective|p1a: Ting-Lu\n|-damage|p1a: Ting-Lu|36\/100\n|\n|t:|1700566147\n|switch|p2a: Roaring Moon|Roaring Moon|100\/100|[from] Flip Turn\n|move|p1a: Ting-Lu|Spikes|p2a: Roaring Moon\n|-sidestart|p2: Yuinna.|Spikes\n|\n|-heal|p1a: Ting-Lu|43\/100|[from] item: Leftovers\n|upkeep\n|turn|23\n|\n|t:|1700566167\n|-terastallize|p1a: Ting-Lu|Fairy\n|move|p2a: Roaring Moon|Dragon Dance|p2a: Roaring Moon\n|-boost|p2a: Roaring Moon|atk|1\n|-boost|p2a: Roaring Moon|spe|1\n|move|p1a: Ting-Lu|Spikes|p2a: Roaring Moon\n|-sidestart|p2: Yuinna.|Spikes\n|\n|-heal|p1a: Ting-Lu|49\/100|[from] item: Leftovers\n|upkeep\n|turn|24\n|\n|t:|1700566179\n|move|p2a: Roaring Moon|Crunch|p1a: Ting-Lu\n|-resisted|p1a: Ting-Lu\n|-damage|p1a: Ting-Lu|28\/100\n|move|p1a: Ting-Lu|Whirlwind|p2a: Roaring Moon\n|-end|p2a: Roaring Moon|Protosynthesis|[silent]\n|drag|p2a: Vaporeon|Vaporeon, M|57\/100\n|-damage|p2a: Vaporeon|40\/100|[from] Spikes\n|\n|-heal|p2a: Vaporeon|46\/100|[from] item: Leftovers\n|-heal|p1a: Ting-Lu|35\/100|[from] item: Leftovers\n|upkeep\n|turn|25\n|\n|t:|1700566184\n|move|p2a: Vaporeon|Wish|p2a: Vaporeon\n|move|p1a: Ting-Lu|Earthquake|p2a: Vaporeon\n|-damage|p2a: Vaporeon|17\/100\n|\n|-heal|p2a: Vaporeon|23\/100|[from] item: Leftovers\n|-heal|p1a: Ting-Lu|41\/100|[from] item: Leftovers\n|upkeep\n|turn|26\n|\n|t:|1700566189\n|switch|p1a: Urshifu|Urshifu, F|100\/100\n|move|p2a: Vaporeon|Protect||[still]\n|-fail|p2a: Vaporeon\n|\n|-heal|p2a: Vaporeon|73\/100|[from] move: Wish|[wisher] Vaporeon\n|-heal|p2a: Vaporeon|80\/100|[from] item: Leftovers\n|upkeep\n|turn|27\n|\n|t:|1700566191\n|move|p1a: Urshifu|Wicked Blow|p2a: Vaporeon\n|-crit|p2a: Vaporeon\n|-damage|p2a: Vaporeon|38\/100\n|move|p2a: Vaporeon|Wish|p2a: Vaporeon\n|\n|-heal|p2a: Vaporeon|44\/100|[from] item: Leftovers\n|upkeep\n|turn|28\n|\n|t:|1700566198\n|move|p1a: Urshifu|Wicked Blow|p2a: Vaporeon\n|-crit|p2a: Vaporeon\n|-damage|p2a: Vaporeon|0 fnt\n|faint|p2a: Vaporeon\n|\n|upkeep\n|\n|t:|1700566201\n|switch|p2a: Roaring Moon|Roaring Moon|100\/100\n|-damage|p2a: Roaring Moon|84\/100|[from] Spikes\n|turn|29\n|\n|t:|1700566205\n|switch|p1a: Ting-Lu|Ting-Lu, tera:Fairy|41\/100\n|-ability|p1a: Ting-Lu|Vessel of Ruin\n|move|p2a: Roaring Moon|Substitute|p2a: Roaring Moon\n|-start|p2a: Roaring Moon|Substitute\n|-damage|p2a: Roaring Moon|59\/100\n|\n|-heal|p1a: Ting-Lu|47\/100|[from] item: Leftovers\n|upkeep\n|turn|30\n|\n|t:|1700566210\n|move|p2a: Roaring Moon|Dragon Dance|p2a: Roaring Moon\n|-boost|p2a: Roaring Moon|atk|1\n|-boost|p2a: Roaring Moon|spe|1\n|move|p1a: Ting-Lu|Earthquake|p2a: Roaring Moon\n|-end|p2a: Roaring Moon|Substitute\n|\n|-heal|p1a: Ting-Lu|53\/100|[from] item: Leftovers\n|upkeep\n|turn|31\n|\n|t:|1700566212\n|move|p2a: Roaring Moon|Crunch|p1a: Ting-Lu\n|-resisted|p1a: Ting-Lu\n|-damage|p1a: Ting-Lu|34\/100\n|-unboost|p1a: Ting-Lu|def|1\n|move|p1a: Ting-Lu|Earthquake|p2a: Roaring Moon\n|-damage|p2a: Roaring Moon|13\/100\n|\n|-heal|p1a: Ting-Lu|40\/100|[from] item: Leftovers\n|upkeep\n|turn|32\n|\n|t:|1700566215\n|move|p2a: Roaring Moon|Crunch|p1a: Ting-Lu\n|-resisted|p1a: Ting-Lu\n|-damage|p1a: Ting-Lu|8\/100\n|-unboost|p1a: Ting-Lu|def|1\n|move|p1a: Ting-Lu|Earthquake|p2a: Roaring Moon\n|-damage|p2a: Roaring Moon|0 fnt\n|faint|p2a: Roaring Moon\n|-end|p2a: Roaring Moon|Protosynthesis|[silent]\n|\n|win|AlolanSandslashOU\n|c|\u2606Yuinna.|gg\n|c|\u2606AlolanSandslashOU|Ggs\n|l|\u2606Yuinna.\n","uploadtime":1700566226,"views":1,"p1id":"alolansandslashou","p2id":"yuinna","formatid":"gen9nationaldexubers","rating":0,"private":0,"password":""}