{"id":"gen9nationaldexubers-1991273264","p1":"mlgpokeballer","p2":"WeirdHamster","format":"[Gen 9] National Dex Ubers","log":"|j|\u2606mlgpokeballer\n|j|\u2606WeirdHamster\n|t:|1700063267\n|gametype|singles\n|player|p1|mlgpokeballer|crasherwake|\n|player|p2|WeirdHamster|plasmagrunt-gen5bw|\n|teamsize|p1|6\n|teamsize|p2|6\n|gen|9\n|tier|[Gen 9] National Dex Ubers\n|rated|Tournament battle\n|rule|HP Percentage Mod: HP is shown in percentages\n|rule|Endless Battle Clause: Forcing endless battles is banned\n|rule|OHKO Clause: OHKO moves are banned\n|rule|Evasion Moves Clause: Evasion moves are banned\n|rule|Evasion Items Clause: Evasion items are banned\n|rule|Species Clause: Limit one of each Pok\u00e9mon\n|rule|Sleep Clause Mod: Limit one foe put to sleep\n|rule|Mega Rayquaza Clause: You cannot mega evolve Rayquaza\n|clearpoke\n|poke|p1|Groudon|\n|poke|p1|Necrozma-Dusk-Mane|\n|poke|p1|Kyogre|\n|poke|p1|Xerneas-*|\n|poke|p1|Zygarde|\n|poke|p1|Blastoise, M|\n|poke|p2|Kyogre|\n|poke|p2|Groudon|\n|poke|p2|Xerneas-*|\n|poke|p2|Necrozma-Dusk-Mane|\n|poke|p2|Grimmsnarl, M|\n|poke|p2|Arceus|\n|teampreview\n|inactive|Battle timer is ON: inactive players will automatically lose when time's up. (requested by WeirdHamster)\n|j| ULT4CP Space\n|inactive|mlgpokeballer has 120 seconds left.\n|l| ULT4CP Space\n|c|\u2606mlgpokeballer|glhf\n|\n|t:|1700063326\n|start\n|switch|p1a: Blastoise|Blastoise, M, shiny|100\/100\n|switch|p2a: Grimmsnarl|Grimmsnarl, M|100\/100\n|turn|1\n|j| Istillliketemp\n|\n|t:|1700063346\n|detailschange|p1a: Blastoise|Blastoise-Mega, M, shiny\n|-mega|p1a: Blastoise|Blastoise|Blastoisinite\n|move|p2a: Grimmsnarl|Taunt|p1a: Blastoise\n|-start|p1a: Blastoise|move: Taunt\n|move|p1a: Blastoise|Aura Sphere|p2a: Grimmsnarl\n|-damage|p2a: Grimmsnarl|49\/100\n|\n|upkeep\n|turn|2\n|\n|t:|1700063366\n|move|p2a: Grimmsnarl|Light Screen|p2a: Grimmsnarl\n|-sidestart|p2: WeirdHamster|move: Light Screen\n|move|p1a: Blastoise|Aura Sphere|p2a: Grimmsnarl\n|-damage|p2a: Grimmsnarl|25\/100\n|\n|upkeep\n|turn|3\n|\n|t:|1700063372\n|move|p2a: Grimmsnarl|Reflect|p2a: Grimmsnarl\n|-sidestart|p2: WeirdHamster|Reflect\n|move|p1a: Blastoise|Aura Sphere|p2a: Grimmsnarl\n|-damage|p2a: Grimmsnarl|1\/100\n|\n|-end|p1a: Blastoise|move: Taunt\n|upkeep\n|turn|4\n|\n|t:|1700063377\n|move|p2a: Grimmsnarl|Taunt|p1a: Blastoise\n|-start|p1a: Blastoise|move: Taunt\n|cant|p1a: Blastoise|move: Taunt|Shell Smash\n|\n|upkeep\n|turn|5\n|\n|t:|1700063387\n|move|p2a: Grimmsnarl|Parting Shot|p1a: Blastoise\n|-unboost|p1a: Blastoise|atk|1\n|-unboost|p1a: Blastoise|spa|1\n|\n|t:|1700063389\n|switch|p2a: Xerneas|Xerneas|100\/100|[from] Parting Shot\n|-ability|p2a: Xerneas|Fairy Aura\n|move|p1a: Blastoise|Aura Sphere|p2a: Xerneas\n|-resisted|p2a: Xerneas\n|-damage|p2a: Xerneas|94\/100\n|\n|upkeep\n|turn|6\n|\n|t:|1700063395\n|switch|p1a: Groudon|Groudon, shiny|100\/100\n|detailschange|p1a: Groudon|Groudon-Primal, shiny\n|-primal|p1a: Groudon|Red Orb\n|-weather|DesolateLand|[from] ability: Desolate Land|[of] p1a: Groudon\n|move|p2a: Xerneas|Geomancy||[still]\n|-prepare|p2a: Xerneas|Geomancy\n|-enditem|p2a: Xerneas|Power Herb\n|-anim|p2a: Xerneas|Geomancy|p2a: Xerneas\n|-boost|p2a: Xerneas|spa|2\n|-boost|p2a: Xerneas|spd|2\n|-boost|p2a: Xerneas|spe|2\n|\n|-weather|DesolateLand|[upkeep]\n|upkeep\n|turn|7\n|\n|t:|1700063398\n|-terastallize|p2a: Xerneas|Fighting\n|move|p2a: Xerneas|Focus Blast|p1a: Groudon\n|-damage|p1a: Groudon|4\/100\n|move|p1a: Groudon|Toxic|p2a: Xerneas\n|-status|p2a: Xerneas|tox\n|\n|-weather|DesolateLand|[upkeep]\n|-damage|p2a: Xerneas|88\/100 tox|[from] psn\n|upkeep\n|turn|8\n|\n|t:|1700063404\n|move|p2a: Xerneas|Moonblast|p1a: Groudon\n|-resisted|p1a: Groudon\n|-damage|p1a: Groudon|0 fnt\n|faint|p1a: Groudon\n|-weather|none\n|\n|-damage|p2a: Xerneas|75\/100 tox|[from] psn\n|upkeep\n|\n|t:|1700063406\n|switch|p1a: Necrozma|Necrozma-Dusk-Mane, shiny|100\/100\n|turn|9\n|\n|t:|1700063410\n|move|p2a: Xerneas|Focus Blast|p1a: Necrozma|[miss]\n|-miss|p2a: Xerneas|p1a: Necrozma\n|move|p1a: Necrozma|Sunsteel Strike|p2a: Xerneas\n|-damage|p2a: Xerneas|57\/100 tox\n|\n|-damage|p2a: Xerneas|38\/100 tox|[from] psn\n|-sideend|p2: WeirdHamster|move: Light Screen\n|upkeep\n|turn|10\n|\n|t:|1700063414\n|move|p2a: Xerneas|Focus Blast|p1a: Necrozma\n|-damage|p1a: Necrozma|12\/100\n|move|p1a: Necrozma|Sunsteel Strike|p2a: Xerneas\n|-damage|p2a: Xerneas|19\/100 tox\n|\n|-heal|p1a: Necrozma|18\/100|[from] item: Leftovers\n|-damage|p2a: Xerneas|0 fnt|[from] psn\n|faint|p2a: Xerneas\n|-sideend|p2: WeirdHamster|Reflect\n|upkeep\n|\n|t:|1700063421\n|switch|p2a: Groudon|Groudon|100\/100\n|detailschange|p2a: Groudon|Groudon-Primal\n|-primal|p2a: Groudon|Red Orb\n|-weather|DesolateLand|[from] ability: Desolate Land|[of] p2a: Groudon\n|turn|11\n|\n|t:|1700063425\n|move|p2a: Groudon|Earthquake|p1a: Necrozma\n|-supereffective|p1a: Necrozma\n|-damage|p1a: Necrozma|0 fnt\n|faint|p1a: Necrozma\n|\n|-weather|DesolateLand|[upkeep]\n|upkeep\n|j| Aziz Le Bledart\n|\n|t:|1700063434\n|switch|p1a: Kyogre|Kyogre, shiny|100\/100\n|detailschange|p1a: Kyogre|Kyogre-Primal, shiny\n|-primal|p1a: Kyogre|Blue Orb\n|-weather|PrimordialSea|[from] ability: Primordial Sea|[of] p1a: Kyogre\n|turn|12\n|\n|t:|1700063440\n|switch|p2a: Grimmsnarl|Grimmsnarl, M|1\/100\n|move|p1a: Kyogre|Scald|p2a: Grimmsnarl\n|-crit|p2a: Grimmsnarl\n|-damage|p2a: Grimmsnarl|0 fnt\n|faint|p2a: Grimmsnarl\n|\n|-weather|PrimordialSea|[upkeep]\n|upkeep\n|\n|t:|1700063443\n|switch|p2a: Arceus|Arceus|100\/100\n|turn|13\n|\n|t:|1700063445\n|move|p2a: Arceus|Swords Dance|p2a: Arceus\n|-boost|p2a: Arceus|atk|2\n|move|p1a: Kyogre|Scald|p2a: Arceus\n|-damage|p2a: Arceus|55\/100\n|\n|-weather|PrimordialSea|[upkeep]\n|upkeep\n|turn|14\n|\n|t:|1700063448\n|move|p2a: Arceus|Extreme Speed|p1a: Kyogre\n|-damage|p1a: Kyogre|34\/100\n|move|p1a: Kyogre|Scald|p2a: Arceus\n|-damage|p2a: Arceus|5\/100\n|\n|-weather|PrimordialSea|[upkeep]\n|upkeep\n|turn|15\n|\n|t:|1700063456\n|move|p2a: Arceus|Extreme Speed|p1a: Kyogre\n|-damage|p1a: Kyogre|0 fnt\n|faint|p1a: Kyogre\n|-weather|none\n|\n|upkeep\n|\n|t:|1700063460\n|switch|p1a: Zygarde|Zygarde, shiny|100\/100\n|turn|16\n|\n|t:|1700063464\n|switch|p2a: Kyogre|Kyogre|100\/100\n|detailschange|p2a: Kyogre|Kyogre-Primal\n|-primal|p2a: Kyogre|Blue Orb\n|-weather|PrimordialSea|[from] ability: Primordial Sea|[of] p2a: Kyogre\n|move|p1a: Zygarde|Thousand Arrows|p2a: Kyogre\n|-damage|p2a: Kyogre|74\/100\n|\n|-weather|PrimordialSea|[upkeep]\n|upkeep\n|turn|17\n|\n|t:|1700063471\n|switch|p1a: Blastoise|Blastoise-Mega, M, shiny|100\/100\n|move|p2a: Kyogre|Calm Mind|p2a: Kyogre\n|-boost|p2a: Kyogre|spa|1\n|-boost|p2a: Kyogre|spd|1\n|\n|-weather|PrimordialSea|[upkeep]\n|upkeep\n|turn|18\n|\n|t:|1700063482\n|move|p1a: Blastoise|Dark Pulse|p2a: Kyogre\n|-damage|p2a: Kyogre|55\/100\n|cant|p2a: Kyogre|flinch\n|\n|-weather|PrimordialSea|[upkeep]\n|upkeep\n|turn|19\n|\n|t:|1700063486\n|move|p1a: Blastoise|Shell Smash|p1a: Blastoise\n|-unboost|p1a: Blastoise|def|1\n|-unboost|p1a: Blastoise|spd|1\n|-boost|p1a: Blastoise|atk|2\n|-boost|p1a: Blastoise|spa|2\n|-boost|p1a: Blastoise|spe|2\n|move|p2a: Kyogre|Scald|p1a: Blastoise\n|-resisted|p1a: Blastoise\n|-damage|p1a: Blastoise|17\/100\n|-status|p1a: Blastoise|brn\n|\n|-weather|PrimordialSea|[upkeep]\n|-damage|p1a: Blastoise|11\/100 brn|[from] brn\n|upkeep\n|turn|20\n|\n|t:|1700063498\n|move|p1a: Blastoise|Dark Pulse|p2a: Kyogre\n|-damage|p2a: Kyogre|20\/100\n|cant|p2a: Kyogre|flinch\n|\n|-weather|PrimordialSea|[upkeep]\n|-damage|p1a: Blastoise|5\/100 brn|[from] brn\n|upkeep\n|turn|21\n|\n|t:|1700063510\n|-weather|none\n|switch|p2a: Arceus|Arceus|5\/100\n|move|p1a: Blastoise|Dark Pulse|p2a: Arceus\n|-damage|p2a: Arceus|0 fnt\n|faint|p2a: Arceus\n|\n|-damage|p1a: Blastoise|0 fnt|[from] brn\n|faint|p1a: Blastoise\n|upkeep\n|\n|t:|1700063516\n|switch|p2a: Kyogre|Kyogre-Primal|20\/100\n|switch|p1a: Xerneas|Xerneas, shiny|100\/100\n|-ability|p1a: Xerneas|Fairy Aura\n|-weather|PrimordialSea|[from] ability: Primordial Sea|[of] p2a: Kyogre\n|turn|22\n|\n|t:|1700063521\n|-weather|none\n|switch|p2a: Groudon|Groudon-Primal|100\/100\n|-weather|DesolateLand|[from] ability: Desolate Land|[of] p2a: Groudon\n|move|p1a: Xerneas|Geomancy||[still]\n|-prepare|p1a: Xerneas|Geomancy\n|-enditem|p1a: Xerneas|Power Herb\n|-anim|p1a: Xerneas|Geomancy|p1a: Xerneas\n|-boost|p1a: Xerneas|spa|2\n|-boost|p1a: Xerneas|spd|2\n|-boost|p1a: Xerneas|spe|2\n|\n|-weather|DesolateLand|[upkeep]\n|upkeep\n|turn|23\n|\n|t:|1700063525\n|move|p1a: Xerneas|Focus Blast|p2a: Groudon\n|-damage|p2a: Groudon|16\/100\n|move|p2a: Groudon|Heat Crash|p1a: Xerneas\n|-damage|p1a: Xerneas|11\/100\n|\n|-weather|DesolateLand|[upkeep]\n|upkeep\n|turn|24\n|\n|t:|1700063529\n|move|p1a: Xerneas|Moonblast|p2a: Groudon\n|-resisted|p2a: Groudon\n|-damage|p2a: Groudon|0 fnt\n|faint|p2a: Groudon\n|-weather|none\n|\n|upkeep\n|\n|t:|1700063530\n|switch|p2a: Necrozma|Necrozma-Dusk-Mane|100\/100\n|turn|25\n|\n|t:|1700063541\n|switch|p1a: Zygarde|Zygarde, shiny|100\/100\n|move|p2a: Necrozma|Sunsteel Strike|p1a: Zygarde\n|-damage|p1a: Zygarde|56\/100\n|\n|-heal|p1a: Zygarde|62\/100|[from] item: Leftovers\n|upkeep\n|turn|26\n|\n|t:|1700063551\n|move|p1a: Zygarde|Thousand Arrows|p2a: Necrozma\n|-supereffective|p2a: Necrozma\n|-damage|p2a: Necrozma|56\/100\n|-zpower|p2a: Necrozma\n|move|p2a: Necrozma|Searing Sunraze Smash|p1a: Zygarde|[zeffect]\n|-damage|p1a: Zygarde|0 fnt\n|faint|p1a: Zygarde\n|\n|upkeep\n|\n|t:|1700063555\n|switch|p1a: Xerneas|Xerneas, shiny|11\/100\n|-ability|p1a: Xerneas|Fairy Aura\n|turn|27\n|\n|t:|1700063559\n|-terastallize|p1a: Xerneas|Electric\n|move|p1a: Xerneas|Thunderbolt|p2a: Necrozma\n|-damage|p2a: Necrozma|13\/100\n|move|p2a: Necrozma|Sunsteel Strike|p1a: Xerneas\n|-resisted|p1a: Xerneas\n|-damage|p1a: Xerneas|0 fnt\n|faint|p1a: Xerneas\n|\n|win|WeirdHamster\n|n|\u2606mlgpokeballer|mlgpokeballer\n|n|\u2606WeirdHamster|weirdhamster\n|n| Istillliketemp|istillliketemp\n|n| Aziz Le Bledart|azizlebledart\n|l|\u2606mlgpokeballer\n|c|\u2606WeirdHamster|gg\n","uploadtime":1700063561,"views":24,"p1id":"mlgpokeballer","p2id":"weirdhamster","formatid":"gen9nationaldexubers","rating":0,"private":0,"password":""}