{"id":"gen9nationaldexubers-1991007611","p1":"Demolution545","p2":"Czar_agon","format":"[Gen 9] National Dex Ubers","log":"|j|\u2606Demolution545\n|j|\u2606Czar_agon\n|t:|1700026984\n|gametype|singles\n|player|p1|Demolution545|flint|\n|player|p2|Czar_agon|iris|\n|teamsize|p1|6\n|teamsize|p2|6\n|gen|9\n|tier|[Gen 9] National Dex Ubers\n|rule|HP Percentage Mod: HP is shown in percentages\n|rule|Endless Battle Clause: Forcing endless battles is banned\n|rule|OHKO Clause: OHKO moves are banned\n|rule|Evasion Moves Clause: Evasion moves are banned\n|rule|Evasion Items Clause: Evasion items are banned\n|rule|Species Clause: Limit one of each Pok\u00e9mon\n|rule|Sleep Clause Mod: Limit one foe put to sleep\n|rule|Mega Rayquaza Clause: You cannot mega evolve Rayquaza\n|clearpoke\n|poke|p1|Torkoal, M|\n|poke|p1|Walking Wake|\n|poke|p1|Eelektross, F|\n|poke|p1|Lilligant-Hisui, F|\n|poke|p1|Enamorus, F|\n|poke|p1|Roaring Moon|\n|poke|p2|Swampert, M|\n|poke|p2|Fezandipiti, M|\n|poke|p2|Tornadus-Therian, M|\n|poke|p2|Baxcalibur, M|\n|poke|p2|Arctovish|\n|poke|p2|Slowking-Galar, F|\n|teampreview\n|j| Lunar Sloth\n|j| Smackey_5\n|c| Lunar Sloth|first\n|c| Smackey_5|no\n|c| Lunar Sloth|hey\n|j| VoIteon\n|c|\u2606Demolution545|lol\n|c| Smackey_5|you can't do this to me\n|c| Lunar Sloth|owned\n|j| ZBFusion\n|c| ZBFusion|last\n|c| VoIteon|last\n|c| VoIteon|beat u to it\n|c| Smackey_5|ownedd\n|c| ZBFusion|laster\n|c| Smackey_5|:o\n|c| VoIteon|lastest\n|c| Smackey_5|HUGE\n|c|\u2606Demolution545|ready?\n|c|\u2606Czar_agon|yep\n|\n|t:|1700027141\n|start\n|switch|p1a: Eelektross|Eelektross, F|100\/100\n|switch|p2a: Fezandipiti|Fezandipiti, M|100\/100\n|turn|1\n|c| ZBFusion|lastest ad infinitum\n|\n|t:|1700027162\n|move|p2a: Fezandipiti|Beat Up|p1a: Eelektross\n|-damage|p1a: Eelektross|97\/100\n|-damage|p1a: Eelektross|94\/100\n|-status|p1a: Eelektross|tox|[from] ability: Toxic Chain|[of] p2a: Fezandipiti\n|-damage|p1a: Eelektross|90\/100 tox\n|-damage|p1a: Eelektross|85\/100 tox\n|-damage|p1a: Eelektross|82\/100 tox\n|-damage|p1a: Eelektross|79\/100 tox\n|-hitcount|p1a: Eelektross|6\n|move|p1a: Eelektross|Stomping Tantrum|p2a: Fezandipiti\n|-supereffective|p2a: Fezandipiti\n|-damage|p2a: Fezandipiti|60\/100\n|\n|-heal|p2a: Fezandipiti|66\/100|[from] item: Leftovers\n|-damage|p1a: Eelektross|72\/100 tox|[from] psn\n|upkeep\n|turn|2\n|c| VoIteon|Lastest times Infinite plus 1\n|\n|t:|1700027178\n|move|p2a: Fezandipiti|U-turn|p1a: Eelektross\n|-damage|p1a: Eelektross|57\/100 tox\n|\n|t:|1700027182\n|switch|p2a: Tornadus|Tornadus-Therian, M|100\/100|[from] U-turn\n|move|p1a: Eelektross|Knock Off|p2a: Tornadus\n|-damage|p2a: Tornadus|65\/100\n|\n|-damage|p1a: Eelektross|45\/100 tox|[from] psn\n|upkeep\n|turn|3\n|c| ZBFusion|I conede\n|c| ZBFusion|I concede\n|\n|t:|1700027222\n|switch|p1a: Enamorus|Enamorus, F|100\/100\n|move|p2a: Tornadus|Bleakwind Storm|p1a: Enamorus\n|-damage|p1a: Enamorus|31\/100\n|\n|upkeep\n|turn|4\n|j| Factor64\n|\n|t:|1700027260\n|switch|p1a: Eelektross|Eelektross, F|45\/100 tox\n|move|p2a: Tornadus|Bleakwind Storm|p1a: Eelektross\n|-resisted|p1a: Eelektross\n|-damage|p1a: Eelektross|28\/100 tox\n|\n|-damage|p1a: Eelektross|22\/100 tox|[from] psn\n|upkeep\n|turn|5\n|\n|t:|1700027279\n|move|p2a: Tornadus|Knock Off|p1a: Eelektross\n|-damage|p1a: Eelektross|0 fnt\n|-enditem|p1a: Eelektross|Assault Vest|[from] move: Knock Off|[of] p2a: Tornadus\n|faint|p1a: Eelektross\n|\n|upkeep\n|\n|t:|1700027287\n|switch|p1a: Quote Hate Squad|Torkoal, M|100\/100\n|-weather|SunnyDay|[from] ability: Drought|[of] p1a: Quote Hate Squad\n|turn|6\n|\n|t:|1700027296\n|move|p2a: Tornadus|Knock Off|p1a: Quote Hate Squad\n|-damage|p1a: Quote Hate Squad|87\/100\n|-enditem|p1a: Quote Hate Squad|Heat Rock|[from] move: Knock Off|[of] p2a: Tornadus\n|move|p1a: Quote Hate Squad|Stealth Rock|p2a: Tornadus\n|-sidestart|p2: Czar_agon|move: Stealth Rock\n|\n|-weather|SunnyDay|[upkeep]\n|upkeep\n|turn|7\n|\n|t:|1700027318\n|move|p2a: Tornadus|Defog|p1a: Quote Hate Squad\n|-unboost|p1a: Quote Hate Squad|evasion|1\n|-sideend|p2: Czar_agon|Stealth Rock|[from] move: Defog|[of] p2a: Tornadus\n|move|p1a: Quote Hate Squad|Lava Plume|p2a: Tornadus\n|-damage|p2a: Tornadus|16\/100\n|\n|-weather|SunnyDay|[upkeep]\n|upkeep\n|turn|8\n|\n|t:|1700027338\n|move|p2a: Tornadus|U-turn|p1a: Quote Hate Squad\n|-resisted|p1a: Quote Hate Squad\n|-damage|p1a: Quote Hate Squad|83\/100\n|\n|t:|1700027343\n|switch|p2a: Baxcalibur|Baxcalibur, M|100\/100|[from] U-turn\n|move|p1a: Quote Hate Squad|Stealth Rock|p2a: Baxcalibur\n|-sidestart|p2: Czar_agon|move: Stealth Rock\n|\n|-weather|SunnyDay|[upkeep]\n|upkeep\n|turn|9\n|\n|t:|1700027380\n|move|p2a: Baxcalibur|Substitute|p2a: Baxcalibur\n|-start|p2a: Baxcalibur|Substitute\n|-damage|p2a: Baxcalibur|75\/100\n|move|p1a: Quote Hate Squad|Toxic||[still]\n|-fail|p1a: Quote Hate Squad\n|\n|-weather|SunnyDay|[upkeep]\n|upkeep\n|turn|10\n|c| Lunar Sloth|oh lord\n|c| VoIteon|rut roh raggy\n|\n|t:|1700027412\n|switch|p1a: Lilligant|Lilligant-Hisui, F|100\/100\n|move|p2a: Baxcalibur|Dragon Dance|p2a: Baxcalibur\n|-boost|p2a: Baxcalibur|atk|1\n|-boost|p2a: Baxcalibur|spe|1\n|\n|-weather|SunnyDay|[upkeep]\n|upkeep\n|turn|11\n|\n|t:|1700027427\n|move|p1a: Lilligant|Close Combat|p2a: Baxcalibur\n|-supereffective|p2a: Baxcalibur\n|-end|p2a: Baxcalibur|Substitute\n|-unboost|p1a: Lilligant|def|1\n|-unboost|p1a: Lilligant|spd|1\n|move|p2a: Baxcalibur|Icicle Crash|p1a: Lilligant\n|-supereffective|p1a: Lilligant\n|-damage|p1a: Lilligant|0 fnt\n|faint|p1a: Lilligant\n|\n|-weather|SunnyDay|[upkeep]\n|upkeep\n|\n|t:|1700027444\n|switch|p1a: Roaring Moon|Roaring Moon|100\/100\n|-activate|p1a: Roaring Moon|ability: Protosynthesis\n|-start|p1a: Roaring Moon|protosynthesisspe\n|turn|12\n|\n|t:|1700027518\n|switch|p2a: Fezandipiti|Fezandipiti, M|66\/100\n|-damage|p2a: Fezandipiti|54\/100|[from] Stealth Rock\n|move|p1a: Roaring Moon|Substitute|p1a: Roaring Moon\n|-start|p1a: Roaring Moon|Substitute\n|-damage|p1a: Roaring Moon|76\/100\n|\n|-weather|SunnyDay|[upkeep]\n|-heal|p1a: Roaring Moon|82\/100|[from] item: Leftovers\n|-heal|p2a: Fezandipiti|60\/100|[from] item: Leftovers\n|upkeep\n|turn|13\n|\n|t:|1700027543\n|move|p1a: Roaring Moon|Knock Off|p2a: Fezandipiti\n|-resisted|p2a: Fezandipiti\n|-damage|p2a: Fezandipiti|41\/100\n|-enditem|p2a: Fezandipiti|Leftovers|[from] move: Knock Off|[of] p1a: Roaring Moon\n|move|p2a: Fezandipiti|Roost|p2a: Fezandipiti\n|-heal|p2a: Fezandipiti|91\/100\n|-singleturn|p2a: Fezandipiti|move: Roost\n|\n|-weather|none\n|-end|p1a: Roaring Moon|Protosynthesis\n|-heal|p1a: Roaring Moon|88\/100|[from] item: Leftovers\n|upkeep\n|turn|14\n|\n|t:|1700027562\n|move|p1a: Roaring Moon|Dragon Dance|p1a: Roaring Moon\n|-boost|p1a: Roaring Moon|atk|1\n|-boost|p1a: Roaring Moon|spe|1\n|move|p2a: Fezandipiti|Play Rough|p1a: Roaring Moon|[miss]\n|-miss|p2a: Fezandipiti|p1a: Roaring Moon\n|\n|-heal|p1a: Roaring Moon|94\/100|[from] item: Leftovers\n|upkeep\n|turn|15\n|\n|t:|1700027573\n|move|p1a: Roaring Moon|Dragon Dance|p1a: Roaring Moon\n|-boost|p1a: Roaring Moon|atk|1\n|-boost|p1a: Roaring Moon|spe|1\n|move|p2a: Fezandipiti|Play Rough|p1a: Roaring Moon\n|-supereffective|p1a: Roaring Moon\n|-end|p1a: Roaring Moon|Substitute\n|\n|-heal|p1a: Roaring Moon|99\/100|[from] item: Leftovers\n|upkeep\n|turn|16\n|\n|t:|1700027583\n|move|p1a: Roaring Moon|Substitute|p1a: Roaring Moon\n|-start|p1a: Roaring Moon|Substitute\n|-damage|p1a: Roaring Moon|75\/100\n|move|p2a: Fezandipiti|Play Rough|p1a: Roaring Moon\n|-supereffective|p1a: Roaring Moon\n|-end|p1a: Roaring Moon|Substitute\n|\n|-heal|p1a: Roaring Moon|81\/100|[from] item: Leftovers\n|upkeep\n|turn|17\n|\n|t:|1700027592\n|move|p1a: Roaring Moon|Substitute|p1a: Roaring Moon\n|-start|p1a: Roaring Moon|Substitute\n|-damage|p1a: Roaring Moon|56\/100\n|move|p2a: Fezandipiti|Play Rough|p1a: Roaring Moon\n|-supereffective|p1a: Roaring Moon\n|-end|p1a: Roaring Moon|Substitute\n|\n|-heal|p1a: Roaring Moon|62\/100|[from] item: Leftovers\n|upkeep\n|turn|18\n|c| VoIteon|90%\n|c| Smackey_5|boy is fishing\n|\n|t:|1700027605\n|move|p1a: Roaring Moon|Substitute|p1a: Roaring Moon\n|-start|p1a: Roaring Moon|Substitute\n|-damage|p1a: Roaring Moon|37\/100\n|move|p2a: Fezandipiti|Play Rough|p1a: Roaring Moon\n|-supereffective|p1a: Roaring Moon\n|-end|p1a: Roaring Moon|Substitute\n|\n|-heal|p1a: Roaring Moon|43\/100|[from] item: Leftovers\n|upkeep\n|turn|19\n|c| Lunar Sloth|,\n|\n|t:|1700027616\n|move|p1a: Roaring Moon|Substitute|p1a: Roaring Moon\n|-start|p1a: Roaring Moon|Substitute\n|-damage|p1a: Roaring Moon|18\/100\n|move|p2a: Fezandipiti|Play Rough|p1a: Roaring Moon\n|-supereffective|p1a: Roaring Moon\n|-end|p1a: Roaring Moon|Substitute\n|\n|-heal|p1a: Roaring Moon|24\/100|[from] item: Leftovers\n|upkeep\n|turn|20\n|\n|t:|1700027650\n|move|p1a: Roaring Moon|Knock Off|p2a: Fezandipiti\n|-resisted|p2a: Fezandipiti\n|-damage|p2a: Fezandipiti|67\/100\n|move|p2a: Fezandipiti|Play Rough|p1a: Roaring Moon\n|-supereffective|p1a: Roaring Moon\n|-damage|p1a: Roaring Moon|0 fnt\n|faint|p1a: Roaring Moon\n|-end|p1a: Roaring Moon|Protosynthesis|[silent]\n|\n|upkeep\n|\n|t:|1700027677\n|switch|p1a: Enamorus|Enamorus, F|31\/100\n|turn|21\n|\n|t:|1700027714\n|-terastallize|p1a: Enamorus|Electric\n|move|p1a: Enamorus|Tera Blast|p2a: Fezandipiti|[anim] Tera Blast Electric\n|-damage|p2a: Fezandipiti|38\/100\n|move|p2a: Fezandipiti|Play Rough|p1a: Enamorus\n|-damage|p1a: Enamorus|0 fnt\n|faint|p1a: Enamorus\n|\n|upkeep\n|\n|t:|1700027726\n|switch|p1a: Quote Hate Squad|Torkoal, M|83\/100\n|-weather|SunnyDay|[from] ability: Drought|[of] p1a: Quote Hate Squad\n|turn|22\n|c| Lunar Sloth|huh\n|\n|t:|1700027749\n|move|p2a: Fezandipiti|U-turn|p1a: Quote Hate Squad\n|-resisted|p1a: Quote Hate Squad\n|-damage|p1a: Quote Hate Squad|78\/100\n|-status|p1a: Quote Hate Squad|tox|[from] ability: Toxic Chain|[of] p2a: Fezandipiti\n|c|\u2606Demolution545|was trying to our predict\n|c| Lunar Sloth|ah\n|\n|t:|1700027774\n|switch|p2a: Swampert|Swampert, M|100\/100|[from] U-turn\n|-damage|p2a: Swampert|94\/100|[from] Stealth Rock\n|move|p1a: Quote Hate Squad|Lava Plume|p2a: Swampert\n|-resisted|p2a: Swampert\n|-damage|p2a: Swampert|83\/100\n|-status|p2a: Swampert|brn\n|\n|-weather|SunnyDay|[upkeep]\n|-heal|p2a: Swampert|89\/100 brn|[from] item: Leftovers\n|-damage|p1a: Quote Hate Squad|72\/100 tox|[from] psn\n|-damage|p2a: Swampert|83\/100 brn|[from] brn\n|upkeep\n|turn|23\n|\n|t:|1700027814\n|switch|p1a: Walking Wake|Walking Wake|100\/100\n|-activate|p1a: Walking Wake|ability: Protosynthesis\n|-start|p1a: Walking Wake|protosynthesisspe\n|move|p2a: Swampert|Hail|p2a: Swampert\n|-weather|Hail\n|-end|p1a: Walking Wake|Protosynthesis\n|\n|-weather|Hail|[upkeep]\n|-damage|p1a: Walking Wake|94\/100|[from] Hail\n|-damage|p2a: Swampert|77\/100 brn|[from] Hail\n|-heal|p2a: Swampert|83\/100 brn|[from] item: Leftovers\n|-damage|p2a: Swampert|77\/100 brn|[from] brn\n|upkeep\n|turn|24\n|c| Smackey_5|YES\n|\n|t:|1700027830\n|switch|p2a: Arctovish|Arctovish|100\/100\n|-damage|p2a: Arctovish|76\/100|[from] Stealth Rock\n|move|p1a: Walking Wake|Draco Meteor|p2a: Arctovish\n|-damage|p2a: Arctovish|0 fnt\n|-unboost|p1a: Walking Wake|spa|2\n|faint|p2a: Arctovish\n|\n|-weather|Hail|[upkeep]\n|-damage|p1a: Walking Wake|88\/100|[from] Hail\n|upkeep\n|c| Lunar Sloth|that feels wrong\n|c| Lunar Sloth|why is there hail\n|c| VoIteon|ikr\n|\n|t:|1700027855\n|switch|p2a: Slowking|Slowking-Galar, F|100\/100\n|-damage|p2a: Slowking|88\/100|[from] Stealth Rock\n|turn|25\n|\n|t:|1700027865\n|-end|p1a: Walking Wake|Protosynthesis|[silent]\n|switch|p1a: Quote Hate Squad|Torkoal, M|72\/100 tox\n|-weather|SunnyDay|[from] ability: Drought|[of] p1a: Quote Hate Squad\n|move|p2a: Slowking|Toxic Spikes|p1a: Quote Hate Squad\n|-sidestart|p1: Demolution545|move: Toxic Spikes\n|\n|-weather|SunnyDay|[upkeep]\n|-heal|p2a: Slowking|94\/100|[from] item: Leftovers\n|-damage|p1a: Quote Hate Squad|66\/100 tox|[from] psn\n|upkeep\n|turn|26\n|c| Lunar Sloth|if hail is still in why is ash greninja dead\n|\n|t:|1700027878\n|move|p2a: Slowking|Future Sight|p1a: Quote Hate Squad\n|-start|p2a: Slowking|move: Future Sight\n|move|p1a: Quote Hate Squad|Rapid Spin|p2a: Slowking\n|-damage|p2a: Slowking|85\/100\n|-boost|p1a: Quote Hate Squad|spe|1\n|-sideend|p1: Demolution545|Toxic Spikes|[from] move: Rapid Spin|[of] p1a: Quote Hate Squad\n|\n|-weather|SunnyDay|[upkeep]\n|-heal|p2a: Slowking|91\/100|[from] item: Leftovers\n|-damage|p1a: Quote Hate Squad|54\/100 tox|[from] psn\n|upkeep\n|turn|27\n|\n|t:|1700027890\n|move|p1a: Quote Hate Squad|Lava Plume|p2a: Slowking\n|-damage|p2a: Slowking|72\/100\n|move|p2a: Slowking|Toxic Spikes|p1a: Quote Hate Squad\n|-sidestart|p1: Demolution545|move: Toxic Spikes\n|\n|-weather|SunnyDay|[upkeep]\n|-heal|p2a: Slowking|78\/100|[from] item: Leftovers\n|-damage|p1a: Quote Hate Squad|35\/100 tox|[from] psn\n|upkeep\n|turn|28\n|\n|t:|1700027902\n|move|p1a: Quote Hate Squad|Rapid Spin|p2a: Slowking\n|-damage|p2a: Slowking|69\/100\n|-boost|p1a: Quote Hate Squad|spe|1\n|-sideend|p1: Demolution545|Toxic Spikes|[from] move: Rapid Spin|[of] p1a: Quote Hate Squad\n|move|p2a: Slowking|Toxic Spikes|p1a: Quote Hate Squad\n|-sidestart|p1: Demolution545|move: Toxic Spikes\n|\n|-weather|SunnyDay|[upkeep]\n|-end|p1a: Quote Hate Squad|move: Future Sight\n|-damage|p1a: Quote Hate Squad|0 fnt\n|faint|p1a: Quote Hate Squad\n|-heal|p2a: Slowking|75\/100|[from] item: Leftovers\n|upkeep\n|\n|t:|1700027913\n|switch|p1a: Walking Wake|Walking Wake|88\/100\n|-status|p1a: Walking Wake|psn\n|-activate|p1a: Walking Wake|ability: Protosynthesis\n|-start|p1a: Walking Wake|protosynthesisspe\n|turn|29\n|c|\u2606Demolution545|ggs\n|c| Factor64|probably cuz of battle bond + protean nerf\n|\n|t:|1700027935\n|move|p1a: Walking Wake|Hydro Steam|p2a: Slowking\n|-damage|p2a: Slowking|23\/100\n|move|p2a: Slowking|Chilly Reception|p2a: Slowking\n|-weather|Snow\n|-end|p1a: Walking Wake|Protosynthesis\n|\n|t:|1700027945\n|switch|p2a: Baxcalibur|Baxcalibur, M|75\/100|[from] Chilly Reception\n|\n|-weather|Snow|[upkeep]\n|-damage|p1a: Walking Wake|76\/100 psn|[from] psn\n|upkeep\n|turn|30\n|\n|t:|1700027957\n|move|p1a: Walking Wake|Hydro Steam|p2a: Baxcalibur\n|-resisted|p2a: Baxcalibur\n|-damage|p2a: Baxcalibur|45\/100\n|move|p2a: Baxcalibur|Glaive Rush|p1a: Walking Wake\n|-supereffective|p1a: Walking Wake\n|-damage|p1a: Walking Wake|0 fnt\n|-singlemove|p2a: Baxcalibur|Glaive Rush|[silent]\n|faint|p1a: Walking Wake\n|-end|p1a: Walking Wake|Protosynthesis|[silent]\n|\n|win|Czar_agon\n|c| Lunar Sloth|yeah but it feels weird that hail was reworked to snow but its still in here bc technically the move still exists\n|c| Smackey_5|WOO\n|c|\u2606Demolution545|ggs\n|c|\u2606Czar_agon|yeah, i tested beforehand to see if it would change to snow and it didn't\n|c| Lunar Sloth|interesting\n|l| ZBFusion\n","uploadtime":1700027976,"views":14,"p1id":"demolution545","p2id":"czaragon","formatid":"gen9nationaldexubers","rating":0,"private":0,"password":""}