{"id":"gen9nationaldexubers-1996219598","p1":"danish13","p2":"Justznic","format":"[Gen 9] National Dex Ubers","log":"|j|\u2606danish13\n|j|\u2606Justznic\n|t:|1700660630\n|gametype|singles\n|player|p1|danish13|lance|1553\n|player|p2|Justznic|266|1506\n|teamsize|p1|6\n|teamsize|p2|6\n|gen|9\n|tier|[Gen 9] National Dex Ubers\n|rated|\n|rule|HP Percentage Mod: HP is shown in percentages\n|rule|Endless Battle Clause: Forcing endless battles is banned\n|rule|OHKO Clause: OHKO moves are banned\n|rule|Evasion Moves Clause: Evasion moves are banned\n|rule|Evasion Items Clause: Evasion items are banned\n|rule|Species Clause: Limit one of each Pok\u00e9mon\n|rule|Sleep Clause Mod: Limit one foe put to sleep\n|rule|Mega Rayquaza Clause: You cannot mega evolve Rayquaza\n|clearpoke\n|poke|p1|Salamence, M|\n|poke|p1|Yveltal|\n|poke|p1|Arceus|\n|poke|p1|Rayquaza|\n|poke|p1|Groudon|\n|poke|p1|Iron Leaves|\n|poke|p2|Mewtwo|\n|poke|p2|Ditto|\n|poke|p2|Klefki, M|\n|poke|p2|Orthworm, F|\n|poke|p2|Kyurem-Black|\n|poke|p2|Mew|\n|teampreview\n|inactive|Battle timer is ON: inactive players will automatically lose when time's up. (requested by Justznic)\n|\n|t:|1700660638\n|start\n|switch|p1a: Iron Leaves|Iron Leaves|100\/100\n|switch|p2a: Klefki|Klefki, M|100\/100\n|turn|1\n|\n|t:|1700660645\n|move|p2a: Klefki|Switcheroo|p1a: Iron Leaves\n|-activate|p2a: Klefki|move: Trick|[of] p1a: Iron Leaves\n|-item|p1a: Iron Leaves|Toxic Orb|[from] move: Switcheroo\n|-item|p2a: Klefki|Life Orb|[from] move: Switcheroo\n|move|p1a: Iron Leaves|Swords Dance|p1a: Iron Leaves\n|-boost|p1a: Iron Leaves|atk|2\n|\n|-status|p1a: Iron Leaves|tox|[from] item: Toxic Orb\n|upkeep\n|turn|2\n|\n|t:|1700660653\n|move|p2a: Klefki|Reflect|p2a: Klefki\n|-sidestart|p2: Justznic|Reflect\n|move|p1a: Iron Leaves|Brick Break|p2a: Klefki\n|-sideend|p2: Justznic|Reflect\n|-damage|p2a: Klefki|46\/100\n|\n|-damage|p1a: Iron Leaves|94\/100 tox|[from] psn\n|upkeep\n|turn|3\n|\n|t:|1700660671\n|move|p2a: Klefki|Spikes|p1a: Iron Leaves\n|-sidestart|p1: danish13|Spikes\n|move|p1a: Iron Leaves|Trailblaze|p2a: Klefki\n|-resisted|p2a: Klefki\n|-damage|p2a: Klefki|16\/100\n|-boost|p1a: Iron Leaves|spe|1\n|\n|-damage|p1a: Iron Leaves|82\/100 tox|[from] psn\n|upkeep\n|turn|4\n|\n|t:|1700660679\n|move|p2a: Klefki|Reflect|p2a: Klefki\n|-sidestart|p2: Justznic|Reflect\n|move|p1a: Iron Leaves|Brick Break|p2a: Klefki\n|-sideend|p2: Justznic|Reflect\n|-damage|p2a: Klefki|0 fnt\n|faint|p2a: Klefki\n|\n|-damage|p1a: Iron Leaves|64\/100 tox|[from] psn\n|upkeep\n|\n|t:|1700660687\n|switch|p2a: Orthworm|Orthworm, F|100\/100\n|turn|5\n|\n|t:|1700660692\n|move|p1a: Iron Leaves|Brick Break|p2a: Orthworm\n|-supereffective|p2a: Orthworm\n|-damage|p2a: Orthworm|41\/100\n|-enditem|p2a: Orthworm|Sitrus Berry|[eat]\n|-heal|p2a: Orthworm|66\/100|[from] item: Sitrus Berry\n|move|p2a: Orthworm|Stealth Rock|p1a: Iron Leaves\n|-sidestart|p1: danish13|move: Stealth Rock\n|\n|-damage|p1a: Iron Leaves|39\/100 tox|[from] psn\n|upkeep\n|turn|6\n|\n|t:|1700660701\n|move|p1a: Iron Leaves|Brick Break|p2a: Orthworm\n|-supereffective|p2a: Orthworm\n|-damage|p2a: Orthworm|9\/100\n|move|p2a: Orthworm|Body Press|p1a: Iron Leaves\n|-resisted|p1a: Iron Leaves\n|-damage|p1a: Iron Leaves|22\/100 tox\n|\n|-damage|p1a: Iron Leaves|0 fnt|[from] psn\n|faint|p1a: Iron Leaves\n|-end|p1a: Iron Leaves|Quark Drive|[silent]\n|upkeep\n|\n|t:|1700660713\n|switch|p1a: Groudon|Groudon|100\/100\n|-damage|p1a: Groudon|88\/100|[from] Spikes\n|-damage|p1a: Groudon|82\/100|[from] Stealth Rock\n|-weather|SunnyDay|[from] ability: Drought|[of] p1a: Groudon\n|turn|7\n|\n|t:|1700660719\n|move|p1a: Groudon|Stealth Rock|p2a: Orthworm\n|-sidestart|p2: Justznic|move: Stealth Rock\n|move|p2a: Orthworm|Iron Defense|p2a: Orthworm\n|-boost|p2a: Orthworm|def|2\n|\n|-weather|SunnyDay|[upkeep]\n|-heal|p1a: Groudon|88\/100|[from] item: Leftovers\n|upkeep\n|turn|8\n|\n|t:|1700660728\n|move|p2a: Orthworm|Body Press|p1a: Groudon\n|-damage|p1a: Groudon|42\/100\n|move|p1a: Groudon|Dragon Tail|p2a: Orthworm\n|-resisted|p2a: Orthworm\n|-damage|p2a: Orthworm|6\/100\n|drag|p2a: Ditto|Ditto|100\/100\n|-damage|p2a: Ditto|88\/100|[from] Stealth Rock\n|-transform|p2a: Ditto|p1a: Groudon|[from] ability: Imposter\n|\n|-weather|SunnyDay|[upkeep]\n|-heal|p1a: Groudon|48\/100|[from] item: Leftovers\n|upkeep\n|turn|9\n|\n|t:|1700660739\n|move|p1a: Groudon|Earthquake|p2a: Ditto\n|-damage|p2a: Ditto|48\/100\n|move|p2a: Ditto|Dragon Tail|p1a: Groudon|[miss]\n|-miss|p2a: Ditto|p1a: Groudon\n|\n|-weather|SunnyDay|[upkeep]\n|-heal|p1a: Groudon|55\/100|[from] item: Leftovers\n|upkeep\n|turn|10\n|\n|t:|1700660750\n|move|p1a: Groudon|Earthquake|p2a: Ditto\n|-damage|p2a: Ditto|11\/100\n|move|p2a: Ditto|Dragon Tail|p1a: Groudon\n|-damage|p1a: Groudon|41\/100\n|drag|p1a: Salamence|Salamence, M|100\/100\n|-damage|p1a: Salamence|76\/100|[from] Stealth Rock\n|-ability|p1a: Salamence|Intimidate|boost\n|-unboost|p2a: Ditto|atk|1\n|\n|-weather|SunnyDay|[upkeep]\n|upkeep\n|turn|11\n|\n|t:|1700660764\n|detailschange|p1a: Salamence|Salamence-Mega, M\n|-mega|p1a: Salamence|Salamence|Salamencite\n|move|p1a: Salamence|Body Slam|p2a: Ditto\n|-damage|p2a: Ditto|0 fnt\n|-damage|p1a: Salamence|59\/100|[from] item: Rocky Helmet|[of] p2a: Ditto\n|faint|p2a: Ditto\n|\n|-weather|none\n|upkeep\n|\n|t:|1700660775\n|switch|p2a: Mewtwo|Mewtwo|100\/100\n|-damage|p2a: Mewtwo|88\/100|[from] Stealth Rock\n|-ability|p2a: Mewtwo|Pressure\n|turn|12\n|\n|t:|1700660783\n|detailschange|p2a: Mewtwo|Mewtwo-Mega-X\n|-mega|p2a: Mewtwo|Mewtwo|Mewtwonite X\n|move|p2a: Mewtwo|Bulk Up|p2a: Mewtwo\n|-boost|p2a: Mewtwo|atk|1\n|-boost|p2a: Mewtwo|def|1\n|move|p1a: Salamence|Body Slam|p2a: Mewtwo\n|-supereffective|p2a: Mewtwo\n|-damage|p2a: Mewtwo|6\/100\n|-status|p2a: Mewtwo|par\n|\n|upkeep\n|turn|13\n|\n|t:|1700660794\n|move|p1a: Salamence|Body Slam|p2a: Mewtwo\n|-supereffective|p2a: Mewtwo\n|-damage|p2a: Mewtwo|0 fnt\n|faint|p2a: Mewtwo\n|\n|upkeep\n|\n|t:|1700660803\n|switch|p2a: Kyurem|Kyurem-Black|100\/100\n|-damage|p2a: Kyurem|76\/100|[from] Stealth Rock\n|-ability|p2a: Kyurem|Teravolt\n|turn|14\n|\n|t:|1700660808\n|move|p1a: Salamence|Body Slam|p2a: Kyurem\n|-damage|p2a: Kyurem|28\/100\n|move|p2a: Kyurem|Dragon Dance|p2a: Kyurem\n|-boost|p2a: Kyurem|atk|1\n|-boost|p2a: Kyurem|spe|1\n|\n|upkeep\n|turn|15\n|\n|t:|1700660815\n|switch|p1a: Arceus|Arceus|100\/100\n|-damage|p1a: Arceus|88\/100|[from] Spikes\n|-damage|p1a: Arceus|76\/100|[from] Stealth Rock\n|move|p2a: Kyurem|Icicle Spear|p1a: Arceus\n|-damage|p1a: Arceus|59\/100\n|-damage|p1a: Arceus|41\/100\n|-damage|p1a: Arceus|24\/100\n|-damage|p1a: Arceus|7\/100\n|-damage|p1a: Arceus|0 fnt\n|faint|p1a: Arceus\n|-hitcount|p1: Arceus|5\n|\n|upkeep\n|\n|t:|1700660828\n|switch|p1a: Yveltal|Yveltal|100\/100\n|-damage|p1a: Yveltal|76\/100|[from] Stealth Rock\n|-ability|p1a: Yveltal|Dark Aura\n|turn|16\n|\n|t:|1700660836\n|-terastallize|p1a: Yveltal|Fire\n|move|p1a: Yveltal|Sucker Punch||[still]\n|-fail|p1a: Yveltal\n|move|p2a: Kyurem|Roost|p2a: Kyurem\n|-heal|p2a: Kyurem|78\/100\n|-singleturn|p2a: Kyurem|move: Roost\n|\n|upkeep\n|turn|17\n|\n|t:|1700660842\n|move|p2a: Kyurem|Fusion Bolt|p1a: Yveltal\n|-damage|p1a: Yveltal|30\/100\n|move|p1a: Yveltal|Foul Play|p2a: Kyurem\n|-damage|p2a: Kyurem|0 fnt\n|faint|p2a: Kyurem\n|\n|upkeep\n|\n|t:|1700660847\n|switch|p2a: Mew|Mew|100\/100\n|-damage|p2a: Mew|88\/100|[from] Stealth Rock\n|turn|18\n|\n|t:|1700660853\n|move|p1a: Yveltal|Knock Off|p2a: Mew\n|-supereffective|p2a: Mew\n|-damage|p2a: Mew|42\/100\n|move|p2a: Mew|Imprison|p2a: Mew\n|-start|p2a: Mew|move: Imprison\n|\n|upkeep\n|turn|19\n|\n|t:|1700660866\n|switch|p1a: Groudon|Groudon|41\/100\n|-damage|p1a: Groudon|28\/100|[from] Spikes\n|-damage|p1a: Groudon|22\/100|[from] Stealth Rock\n|-weather|SunnyDay|[from] ability: Drought|[of] p1a: Groudon\n|-zpower|p2a: Mew\n|move|p2a: Mew|Z-Transform|p1a: Groudon|[anim]Transform\n|-heal|p2a: Mew|100\/100|[zeffect]\n|-transform|p2a: Mew|p1a: Groudon\n|\n|-weather|SunnyDay|[upkeep]\n|-heal|p1a: Groudon|28\/100|[from] item: Leftovers\n|upkeep\n|turn|20\n|\n|t:|1700660880\n|move|p2a: Mew|Earthquake|p1a: Groudon\n|-damage|p1a: Groudon|0 fnt\n|faint|p1a: Groudon\n|\n|-weather|SunnyDay|[upkeep]\n|upkeep\n|\n|t:|1700660885\n|switch|p1a: Rayquaza|Rayquaza|100\/100\n|-damage|p1a: Rayquaza|76\/100|[from] Stealth Rock\n|-ability|p1a: Rayquaza|Air Lock\n|turn|21\n|\n|t:|1700660893\n|move|p1a: Rayquaza|Ice Beam|p2a: Mew\n|-supereffective|p2a: Mew\n|-damage|p2a: Mew|32\/100\n|-damage|p1a: Rayquaza|66\/100|[from] item: Life Orb\n|move|p2a: Mew|Dragon Tail|p1a: Rayquaza\n|-supereffective|p1a: Rayquaza\n|-damage|p1a: Rayquaza|17\/100\n|drag|p1a: Salamence|Salamence-Mega, M|59\/100\n|-damage|p1a: Salamence|34\/100|[from] Stealth Rock\n|\n|-weather|SunnyDay|[upkeep]\n|upkeep\n|turn|22\n|\n|t:|1700660907\n|move|p1a: Salamence|Body Slam|p2a: Mew\n|-damage|p2a: Mew|0 fnt\n|faint|p2a: Mew\n|\n|-weather|SunnyDay|[upkeep]\n|upkeep\n|\n|t:|1700660912\n|switch|p2a: Orthworm|Orthworm, F|6\/100\n|-damage|p2a: Orthworm|0 fnt|[from] Stealth Rock\n|faint|p2a: Orthworm\n|\n|win|danish13\n|raw|danish13's rating: 1553 &rarr; <strong>1570<\/strong><br \/>(+17 for winning)\n|raw|Justznic's rating: 1506 &rarr; <strong>1489<\/strong><br \/>(-17 for losing)\n|l|\u2606Justznic\n|l|\u2606danish13\n","uploadtime":1700661083,"views":0,"p1id":"danish13","p2id":"justznic","formatid":"gen9nationaldexubers","rating":1489,"private":0,"password":""}