{"id":"gen9nationaldexubers-1994756717","p1":"dogofoda123","p2":"DRAGON-M0DE\u2695\ufe0f","format":"[Gen 9] National Dex Ubers","log":"|j|\u2606dogofoda123\n|j|\u2606DRAGON-M0DE\u2695\ufe0f\n|t:|1700489650\n|gametype|singles\n|player|p1|dogofoda123|swimmer-gen4|1041\n|player|p2|DRAGON-M0DE\u2695\ufe0f|clair|1165\n|teamsize|p1|6\n|teamsize|p2|6\n|gen|9\n|tier|[Gen 9] National Dex Ubers\n|rated|\n|rule|HP Percentage Mod: HP is shown in percentages\n|rule|Endless Battle Clause: Forcing endless battles is banned\n|rule|OHKO Clause: OHKO moves are banned\n|rule|Evasion Moves Clause: Evasion moves are banned\n|rule|Evasion Items Clause: Evasion items are banned\n|rule|Species Clause: Limit one of each Pok\u00e9mon\n|rule|Sleep Clause Mod: Limit one foe put to sleep\n|rule|Mega Rayquaza Clause: You cannot mega evolve Rayquaza\n|clearpoke\n|poke|p1|Vivillon, M|\n|poke|p1|Zygarde|\n|poke|p1|Shuckle, F|\n|poke|p1|Slaking, M|\n|poke|p1|Garganacl, M|\n|poke|p1|Glimmora, F|\n|poke|p2|Flygon, M|\n|poke|p2|Exeggutor-Alola, M|\n|poke|p2|Flapple, M|\n|poke|p2|Dracozolt|\n|poke|p2|Naganadel|\n|poke|p2|Guzzlord|\n|teampreview\n|\n|t:|1700489661\n|start\n|switch|p1a: Glimmora|Glimmora, F|100\/100\n|switch|p2a: \u2695\ufe0f\ud83d\udc09NAGANADEL\ud83d\udc09\u2695\ufe0f|Naganadel, shiny|100\/100\n|turn|1\n|\n|t:|1700489677\n|move|p2a: \u2695\ufe0f\ud83d\udc09NAGANADEL\ud83d\udc09\u2695\ufe0f|Dragon Pulse|p1a: Glimmora\n|-damage|p1a: Glimmora|20\/100\n|move|p1a: Glimmora|Stealth Rock|p2a: \u2695\ufe0f\ud83d\udc09NAGANADEL\ud83d\udc09\u2695\ufe0f\n|-sidestart|p2: DRAGON-M0DE\u2695\ufe0f|move: Stealth Rock\n|\n|upkeep\n|turn|2\n|\n|t:|1700489683\n|move|p2a: \u2695\ufe0f\ud83d\udc09NAGANADEL\ud83d\udc09\u2695\ufe0f|Dragon Pulse|p1a: Glimmora\n|-damage|p1a: Glimmora|0 fnt\n|faint|p1a: Glimmora\n|-ability|p2a: \u2695\ufe0f\ud83d\udc09NAGANADEL\ud83d\udc09\u2695\ufe0f|Beast Boost|boost\n|-boost|p2a: \u2695\ufe0f\ud83d\udc09NAGANADEL\ud83d\udc09\u2695\ufe0f|spa|1\n|\n|upkeep\n|\n|t:|1700489703\n|switch|p1a: Vivillon|Vivillon, M|100\/100\n|turn|3\n|\n|t:|1700489709\n|move|p2a: \u2695\ufe0f\ud83d\udc09NAGANADEL\ud83d\udc09\u2695\ufe0f|Dragon Pulse|p1a: Vivillon\n|-damage|p1a: Vivillon|0 fnt\n|faint|p1a: Vivillon\n|-ability|p2a: \u2695\ufe0f\ud83d\udc09NAGANADEL\ud83d\udc09\u2695\ufe0f|Beast Boost|boost\n|-boost|p2a: \u2695\ufe0f\ud83d\udc09NAGANADEL\ud83d\udc09\u2695\ufe0f|spa|1\n|\n|upkeep\n|\n|t:|1700489712\n|switch|p1a: Slaking|Slaking, M|100\/100\n|turn|4\n|\n|t:|1700489719\n|-terastallize|p2a: \u2695\ufe0f\ud83d\udc09NAGANADEL\ud83d\udc09\u2695\ufe0f|Dragon\n|move|p2a: \u2695\ufe0f\ud83d\udc09NAGANADEL\ud83d\udc09\u2695\ufe0f|Dragon Pulse|p1a: Slaking\n|-damage|p1a: Slaking|0 fnt\n|faint|p1a: Slaking\n|-ability|p2a: \u2695\ufe0f\ud83d\udc09NAGANADEL\ud83d\udc09\u2695\ufe0f|Beast Boost|boost\n|-boost|p2a: \u2695\ufe0f\ud83d\udc09NAGANADEL\ud83d\udc09\u2695\ufe0f|spa|1\n|\n|upkeep\n|\n|t:|1700489723\n|switch|p1a: Garganacl|Garganacl, M|100\/100\n|turn|5\n|\n|t:|1700489730\n|move|p2a: \u2695\ufe0f\ud83d\udc09NAGANADEL\ud83d\udc09\u2695\ufe0f|Dragon Pulse|p1a: Garganacl\n|-damage|p1a: Garganacl|0 fnt\n|faint|p1a: Garganacl\n|-ability|p2a: \u2695\ufe0f\ud83d\udc09NAGANADEL\ud83d\udc09\u2695\ufe0f|Beast Boost|boost\n|-boost|p2a: \u2695\ufe0f\ud83d\udc09NAGANADEL\ud83d\udc09\u2695\ufe0f|spa|1\n|\n|upkeep\n|\n|t:|1700489734\n|switch|p1a: Shuckle|Shuckle, F|100\/100\n|turn|6\n|\n|t:|1700489739\n|move|p2a: \u2695\ufe0f\ud83d\udc09NAGANADEL\ud83d\udc09\u2695\ufe0f|Dragon Pulse|p1a: Shuckle\n|-damage|p1a: Shuckle|0 fnt\n|faint|p1a: Shuckle\n|-ability|p2a: \u2695\ufe0f\ud83d\udc09NAGANADEL\ud83d\udc09\u2695\ufe0f|Beast Boost|boost\n|-boost|p2a: \u2695\ufe0f\ud83d\udc09NAGANADEL\ud83d\udc09\u2695\ufe0f|spa|1\n|\n|upkeep\n|\n|t:|1700489742\n|switch|p1a: Zygarde|Zygarde|100\/100\n|turn|7\n|\n|t:|1700489747\n|move|p2a: \u2695\ufe0f\ud83d\udc09NAGANADEL\ud83d\udc09\u2695\ufe0f|Dragon Pulse|p1a: Zygarde\n|-supereffective|p1a: Zygarde\n|-damage|p1a: Zygarde|0 fnt\n|faint|p1a: Zygarde\n|\n|win|DRAGON-M0DE\u2695\ufe0f\n|raw|dogofoda123's rating: 1041 &rarr; <strong>1030<\/strong><br \/>(-11 for losing)\n|raw|DRAGON-M0DE\u2695\ufe0f's rating: 1165 &rarr; <strong>1181<\/strong><br \/>(+16 for winning)\n|l|\u2606dogofoda123\n","uploadtime":1700491428,"views":1,"p1id":"dogofoda123","p2id":"dragonm0de","formatid":"gen9nationaldexubers","rating":1030,"private":0,"password":""}