{"id":"gen9nationaldexubers-1994594526","p1":"RainblobOfficial2","p2":"zf97032800","format":"[Gen 9] National Dex Ubers","log":"|j|\u2606RainblobOfficial2\n|j|\u2606zf97032800\n|t:|1700466189\n|gametype|singles\n|player|p1|RainblobOfficial2|170|1043\n|player|p2|zf97032800|2|1120\n|teamsize|p1|6\n|teamsize|p2|6\n|gen|9\n|tier|[Gen 9] National Dex Ubers\n|rated|\n|rule|HP Percentage Mod: HP is shown in percentages\n|rule|Endless Battle Clause: Forcing endless battles is banned\n|rule|OHKO Clause: OHKO moves are banned\n|rule|Evasion Moves Clause: Evasion moves are banned\n|rule|Evasion Items Clause: Evasion items are banned\n|rule|Species Clause: Limit one of each Pok\u00e9mon\n|rule|Sleep Clause Mod: Limit one foe put to sleep\n|rule|Mega Rayquaza Clause: You cannot mega evolve Rayquaza\n|clearpoke\n|poke|p1|Ditto|\n|poke|p1|Arcanine-Hisui, M|\n|poke|p1|Cloyster, F|\n|poke|p1|Braviary, M|\n|poke|p1|Illumise, F|\n|poke|p1|Xurkitree|\n|poke|p2|Buzzwole|\n|poke|p2|Groudon|\n|poke|p2|Zygarde|\n|poke|p2|Arceus-Grass|\n|poke|p2|Xerneas-*|\n|poke|p2|Zacian-*|\n|teampreview\n|c|\u2606RainblobOfficial2|NOT ANOTHER LEGEND SPAMMER\n|c|\u2606RainblobOfficial2|DAMMIT\n|l|\u2606zf97032800\n|player|p2|\n|\n|t:|1700466263\n|start\n|switch|p1a: Illumise|Illumise, F|100\/100\n|switch|p2a: Buzzwole|Buzzwole|100\/100\n|turn|1\n|j|\u2606zf97032800\n|player|p2|zf97032800|2\n|inactive|Battle timer is ON: inactive players will automatically lose when time's up. (requested by zf97032800)\n|\n|t:|1700466289\n|move|p1a: Illumise|Thunder Wave|p2a: Buzzwole\n|-status|p2a: Buzzwole|par\n|cant|p2a: Buzzwole|par\n|\n|upkeep\n|turn|2\n|c|\u2606RainblobOfficial2|oh???\n|\n|t:|1700466309\n|move|p1a: Illumise|Light Screen|p1a: Illumise\n|-sidestart|p1: RainblobOfficial2|move: Light Screen\n|cant|p2a: Buzzwole|par\n|\n|upkeep\n|turn|3\n|c|\u2606RainblobOfficial2|OH????\n|\n|t:|1700466322\n|move|p1a: Illumise|Tailwind|p1a: Illumise\n|-sidestart|p1: RainblobOfficial2|move: Tailwind\n|move|p2a: Buzzwole|Ice Punch|p1a: Illumise\n|-damage|p1a: Illumise|69\/100\n|\n|upkeep\n|turn|4\n|\n|t:|1700466334\n|move|p1a: Illumise|Encore|p2a: Buzzwole\n|-start|p2a: Buzzwole|Encore\n|move|p2a: Buzzwole|Ice Punch|p1a: Illumise\n|-crit|p1a: Illumise\n|-damage|p1a: Illumise|26\/100\n|\n|upkeep\n|turn|5\n|\n|t:|1700466349\n|switch|p2a: Zygarde|Zygarde|100\/100\n|-ability|p2a: Zygarde|Aura Break\n|move|p1a: Illumise|Thunder Wave|p2a: Zygarde\n|-immune|p2a: Zygarde\n|\n|upkeep\n|turn|6\n|\n|t:|1700466361\n|move|p1a: Illumise|Encore||[still]\n|-fail|p1a: Illumise\n|move|p2a: Zygarde|Coil|p2a: Zygarde\n|-boost|p2a: Zygarde|atk|1\n|-boost|p2a: Zygarde|def|1\n|-boost|p2a: Zygarde|accuracy|1\n|\n|-sideend|p1: RainblobOfficial2|move: Light Screen\n|-sideend|p1: RainblobOfficial2|move: Tailwind\n|upkeep\n|turn|7\n|\n|t:|1700466371\n|move|p2a: Zygarde|Extreme Speed|p1a: Illumise\n|-damage|p1a: Illumise|0 fnt\n|faint|p1a: Illumise\n|\n|upkeep\n|\n|t:|1700466379\n|switch|p1a: Cloyster|Cloyster, F|100\/100\n|turn|8\n|\n|t:|1700466386\n|-terastallize|p2a: Zygarde|Normal\n|move|p1a: Cloyster|Protect|p1a: Cloyster\n|-singleturn|p1a: Cloyster|Protect\n|move|p2a: Zygarde|Thousand Arrows|p1a: Cloyster\n|-activate|p1a: Cloyster|move: Protect\n|\n|upkeep\n|turn|9\n|\n|t:|1700466396\n|move|p2a: Zygarde|Thousand Arrows|p1a: Cloyster\n|-damage|p1a: Cloyster|43\/100\n|move|p1a: Cloyster|Shell Smash|p1a: Cloyster\n|-unboost|p1a: Cloyster|def|1\n|-unboost|p1a: Cloyster|spd|1\n|-boost|p1a: Cloyster|atk|2\n|-boost|p1a: Cloyster|spa|2\n|-boost|p1a: Cloyster|spe|2\n|-enditem|p1a: Cloyster|White Herb\n|-clearnegativeboost|p1a: Cloyster|[silent]\n|\n|upkeep\n|turn|10\n|\n|t:|1700466411\n|move|p1a: Cloyster|Protect|p1a: Cloyster\n|-singleturn|p1a: Cloyster|Protect\n|move|p2a: Zygarde|Extreme Speed|p1a: Cloyster\n|-activate|p1a: Cloyster|move: Protect\n|\n|upkeep\n|turn|11\n|\n|t:|1700466418\n|move|p2a: Zygarde|Extreme Speed|p1a: Cloyster\n|-damage|p1a: Cloyster|0 fnt\n|faint|p1a: Cloyster\n|\n|upkeep\n|c|\u2606RainblobOfficial2|screw you legend spamming scum\n|-message|RainblobOfficial2 forfeited.\n|\n|win|zf97032800\n|raw|RainblobOfficial2's rating: 1058 &rarr; <strong>1043<\/strong><br \/>(-15 for losing)\n|raw|zf97032800's rating: 1120 &rarr; <strong>1141<\/strong><br \/>(+21 for winning)\n|l|\u2606RainblobOfficial2\n","uploadtime":1700466437,"views":3,"p1id":"rainblobofficial2","p2id":"zf97032800","formatid":"gen9nationaldexubers","rating":1043,"private":0,"password":""}