{"id":"gen9nationaldexubers-1998631731","p1":"xikeso","p2":"fhruihvruiva","format":"[Gen 9] National Dex Ubers","log":"|j|\u2606xikeso\n|j|\u2606fhruihvruiva\n|t:|1700965297\n|gametype|singles\n|player|p1|xikeso|iono|1448\n|player|p2|fhruihvruiva|hiker|1470\n|teamsize|p1|6\n|teamsize|p2|6\n|gen|9\n|tier|[Gen 9] National Dex Ubers\n|rated|\n|rule|HP Percentage Mod: HP is shown in percentages\n|rule|Endless Battle Clause: Forcing endless battles is banned\n|rule|OHKO Clause: OHKO moves are banned\n|rule|Evasion Moves Clause: Evasion moves are banned\n|rule|Evasion Items Clause: Evasion items are banned\n|rule|Species Clause: Limit one of each Pok\u00e9mon\n|rule|Sleep Clause Mod: Limit one foe put to sleep\n|rule|Mega Rayquaza Clause: You cannot mega evolve Rayquaza\n|clearpoke\n|poke|p1|Hatterene, F|\n|poke|p1|Groudon|\n|poke|p1|Cresselia, F|\n|poke|p1|Arceus|\n|poke|p1|Melmetal|\n|poke|p1|Calyrex-Ice|\n|poke|p2|Necrozma-Dusk-Mane|\n|poke|p2|Groudon|\n|poke|p2|Arceus|\n|poke|p2|Kingambit, F|\n|poke|p2|Zekrom|\n|poke|p2|Lucario, M|\n|teampreview\n|inactive|Battle timer is ON: inactive players will automatically lose when time's up. (requested by xikeso)\n|inactive|fhruihvruiva also wants the timer to be on.\n|\n|t:|1700965309\n|start\n|switch|p1a: Hatterene|Hatterene, F|100\/100\n|switch|p2a: Arceus|Arceus|100\/100\n|turn|1\n|\n|t:|1700965317\n|move|p2a: Arceus|Swords Dance|p2a: Arceus\n|-boost|p2a: Arceus|atk|2\n|move|p1a: Hatterene|Trick Room|p1a: Hatterene\n|-fieldstart|move: Trick Room|[of] p1a: Hatterene\n|\n|upkeep\n|turn|2\n|\n|t:|1700965326\n|switch|p1a: \u5854\u7237|Melmetal|100\/100\n|-terastallize|p2a: Arceus|Normal\n|move|p2a: Arceus|Extreme Speed|p1a: \u5854\u7237\n|-resisted|p1a: \u5854\u7237\n|-damage|p1a: \u5854\u7237|68\/100\n|\n|upkeep\n|turn|3\n|\n|t:|1700965353\n|move|p2a: Arceus|Extreme Speed|p1a: \u5854\u7237\n|-resisted|p1a: \u5854\u7237\n|-damage|p1a: \u5854\u7237|32\/100\n|move|p1a: \u5854\u7237|Double Iron Bash|p2a: Arceus\n|-damage|p2a: Arceus|46\/100\n|-damage|p2a: Arceus|0 fnt\n|faint|p2a: Arceus\n|-hitcount|p2: Arceus|2\n|\n|upkeep\n|\n|t:|1700965362\n|switch|p2a: Necrozma|Necrozma-Dusk-Mane|100\/100\n|turn|4\n|\n|t:|1700965368\n|switch|p1a: Groudon|Groudon, shiny|100\/100\n|detailschange|p1a: Groudon|Groudon-Primal, shiny\n|-primal|p1a: Groudon|Red Orb\n|-weather|DesolateLand|[from] ability: Desolate Land|[of] p1a: Groudon\n|move|p2a: Necrozma|Protect||[still]\n|-fail|p2a: Necrozma\n|\n|-weather|DesolateLand|[upkeep]\n|upkeep\n|turn|5\n|\n|t:|1700965380\n|detailschange|p2a: Necrozma|Necrozma-Ultra\n|-burst|p2a: Necrozma|Necrozma|Ultranecrozium Z\n|move|p2a: Necrozma|Protect|p2a: Necrozma\n|-singleturn|p2a: Necrozma|Protect\n|move|p1a: Groudon|Eruption|p2a: Necrozma\n|-activate|p2a: Necrozma|move: Protect\n|\n|-weather|DesolateLand|[upkeep]\n|-fieldend|move: Trick Room\n|upkeep\n|turn|6\n|\n|t:|1700965398\n|-weather|none\n|switch|p1a: Cresselia|Cresselia, F|100\/100\n|-zpower|p2a: Necrozma\n|move|p2a: Necrozma|Light That Burns the Sky|p1a: Cresselia|[zeffect]\n|-resisted|p1a: Cresselia\n|-damage|p1a: Cresselia|66\/100\n|\n|upkeep\n|turn|7\n|\n|t:|1700965408\n|move|p2a: Necrozma|Outrage|p1a: Cresselia\n|-damage|p1a: Cresselia|20\/100\n|move|p1a: Cresselia|Trick Room|p1a: Cresselia\n|-fieldstart|move: Trick Room|[of] p1a: Cresselia\n|\n|upkeep\n|turn|8\n|\n|t:|1700965415\n|move|p1a: Cresselia|Lunar Dance|p1a: Cresselia\n|faint|p1a: Cresselia\n|move|p2a: Necrozma|Outrage|p1: Cresselia|[from]lockedmove|[notarget]\n|-fail|p2a: Necrozma\n|\n|upkeep\n|\n|t:|1700965421\n|switch|p1a: Groudon|Groudon-Primal, shiny|100\/100\n|-heal|p1a: Groudon|100\/100|[from] move: Lunar Dance\n|-weather|DesolateLand|[from] ability: Desolate Land|[of] p1a: Groudon\n|turn|9\n|\n|t:|1700965430\n|move|p2a: Necrozma|Protect|p2a: Necrozma\n|-singleturn|p2a: Necrozma|Protect\n|move|p1a: Groudon|Precipice Blades|p2a: Necrozma\n|-activate|p2a: Necrozma|move: Protect\n|\n|-weather|DesolateLand|[upkeep]\n|upkeep\n|turn|10\n|\n|t:|1700965445\n|move|p1a: Groudon|Precipice Blades|p2a: Necrozma\n|-damage|p2a: Necrozma|19\/100\n|move|p2a: Necrozma|Photon Geyser|p1a: Groudon\n|-damage|p1a: Groudon|58\/100\n|\n|-weather|DesolateLand|[upkeep]\n|upkeep\n|turn|11\n|\n|t:|1700965454\n|move|p2a: Necrozma|Protect|p2a: Necrozma\n|-singleturn|p2a: Necrozma|Protect\n|move|p1a: Groudon|Earth Power|p2a: Necrozma\n|-activate|p2a: Necrozma|move: Protect\n|\n|-weather|DesolateLand|[upkeep]\n|-fieldend|move: Trick Room\n|upkeep\n|turn|12\n|\n|t:|1700965459\n|move|p2a: Necrozma|Outrage|p1a: Groudon\n|-damage|p1a: Groudon|7\/100\n|move|p1a: Groudon|Earth Power|p2a: Necrozma\n|-damage|p2a: Necrozma|0 fnt\n|faint|p2a: Necrozma\n|\n|-weather|DesolateLand|[upkeep]\n|upkeep\n|\n|t:|1700965464\n|switch|p2a: Lucario|Lucario, M|100\/100\n|turn|13\n|\n|t:|1700965470\n|detailschange|p2a: Lucario|Lucario-Mega, M\n|-mega|p2a: Lucario|Lucario|Lucarionite\n|move|p2a: Lucario|Power-Up Punch|p1a: Groudon\n|-damage|p1a: Groudon|0 fnt\n|-boost|p2a: Lucario|atk|1\n|faint|p1a: Groudon\n|-weather|none\n|\n|upkeep\n|\n|t:|1700965497\n|switch|p1a: Arceus|Arceus|100\/100\n|turn|14\n|\n|t:|1700965506\n|-terastallize|p1a: Arceus|Ghost\n|move|p2a: Lucario|Power-Up Punch|p1a: Arceus\n|-immune|p1a: Arceus\n|move|p1a: Arceus|Roar|p2a: Lucario\n|drag|p2a: Zekrom|Zekrom|100\/100\n|-ability|p2a: Zekrom|Teravolt\n|\n|upkeep\n|turn|15\n|\n|t:|1700965517\n|move|p2a: Zekrom|Scale Shot|p1a: Arceus\n|-damage|p1a: Arceus|92\/100\n|-damage|p1a: Arceus|85\/100\n|-hitcount|p1a: Arceus|2\n|-unboost|p2a: Zekrom|def|1\n|-boost|p2a: Zekrom|spe|1\n|move|p1a: Arceus|Trick Room|p1a: Arceus\n|-fieldstart|move: Trick Room|[of] p1a: Arceus\n|\n|upkeep\n|turn|16\n|\n|t:|1700965530\n|move|p1a: Arceus|Healing Wish|p1a: Arceus\n|faint|p1a: Arceus\n|move|p2a: Zekrom|Outrage|p1: Arceus|[notarget]\n|-fail|p2a: Zekrom\n|\n|upkeep\n|\n|t:|1700965535\n|switch|p1a: Calyrex|Calyrex-Ice|100\/100\n|-ability|p1a: Calyrex|As One\n|-ability|p1a: Calyrex|Unnerve\n|turn|17\n|\n|t:|1700965543\n|move|p1a: Calyrex|Glacial Lance|p2a: Zekrom\n|-supereffective|p2a: Zekrom\n|-enditem|p2a: Zekrom|Focus Sash\n|-damage|p2a: Zekrom|1\/100\n|move|p2a: Zekrom|Fusion Bolt|p1a: Calyrex\n|-damage|p1a: Calyrex|68\/100\n|\n|upkeep\n|turn|18\n|\n|t:|1700965551\n|move|p1a: Calyrex|Glacial Lance|p2a: Zekrom\n|-supereffective|p2a: Zekrom\n|-damage|p2a: Zekrom|0 fnt\n|faint|p2a: Zekrom\n|-ability|p1a: Calyrex|Chilling Neigh|boost\n|-boost|p1a: Calyrex|atk|1\n|\n|upkeep\n|\n|t:|1700965559\n|switch|p2a: Lucario|Lucario-Mega, M|100\/100\n|turn|19\n|\n|t:|1700965569\n|move|p1a: Calyrex|High Horsepower|p2a: Lucario\n|-supereffective|p2a: Lucario\n|-damage|p2a: Lucario|0 fnt\n|faint|p2a: Lucario\n|-ability|p1a: Calyrex|Chilling Neigh|boost\n|-boost|p1a: Calyrex|atk|1\n|\n|-fieldend|move: Trick Room\n|upkeep\n|\n|t:|1700965574\n|switch|p2a: Groudon|Groudon, shiny|100\/100\n|detailschange|p2a: Groudon|Groudon-Primal, shiny\n|-primal|p2a: Groudon|Red Orb\n|-weather|DesolateLand|[from] ability: Desolate Land|[of] p2a: Groudon\n|turn|20\n|\n|t:|1700965597\n|switch|p1a: \u5854\u7237|Melmetal|32\/100\n|-heal|p1a: \u5854\u7237|100\/100|[from] move: Healing Wish\n|move|p2a: Groudon|Eruption|p1a: \u5854\u7237\n|-supereffective|p1a: \u5854\u7237\n|-damage|p1a: \u5854\u7237|0 fnt\n|faint|p1a: \u5854\u7237\n|\n|-weather|DesolateLand|[upkeep]\n|upkeep\n|\n|t:|1700965609\n|switch|p1a: Hatterene|Hatterene, F|100\/100\n|turn|21\n|\n|t:|1700965616\n|move|p2a: Groudon|Eruption|p1a: Hatterene\n|-enditem|p1a: Hatterene|Focus Sash\n|-damage|p1a: Hatterene|1\/100\n|move|p1a: Hatterene|Trick Room|p1a: Hatterene\n|-fieldstart|move: Trick Room|[of] p1a: Hatterene\n|\n|-weather|DesolateLand|[upkeep]\n|upkeep\n|turn|22\n|\n|t:|1700965624\n|move|p1a: Hatterene|Psychic|p2a: Groudon\n|-damage|p2a: Groudon|47\/100\n|move|p2a: Groudon|Flamethrower|p1a: Hatterene\n|-damage|p1a: Hatterene|0 fnt\n|faint|p1a: Hatterene\n|\n|-weather|DesolateLand|[upkeep]\n|upkeep\n|\n|t:|1700965632\n|switch|p1a: Calyrex|Calyrex-Ice|68\/100\n|-ability|p1a: Calyrex|As One\n|-ability|p1a: Calyrex|Unnerve\n|turn|23\n|\n|t:|1700965641\n|move|p1a: Calyrex|High Horsepower|p2a: Groudon\n|-supereffective|p2a: Groudon\n|-damage|p2a: Groudon|0 fnt\n|faint|p2a: Groudon\n|-weather|none\n|-ability|p1a: Calyrex|Chilling Neigh|boost\n|-boost|p1a: Calyrex|atk|1\n|\n|upkeep\n|\n|t:|1700965644\n|switch|p2a: Kingambit|Kingambit, F, shiny|100\/100\n|-activate|p2a: Kingambit|ability: Supreme Overlord\n|-start|p2a: Kingambit|fallen5|[silent]\n|turn|24\n|\n|t:|1700965658\n|move|p1a: Calyrex|Swords Dance|p1a: Calyrex\n|-boost|p1a: Calyrex|atk|2\n|move|p2a: Kingambit|Kowtow Cleave|p1a: Calyrex\n|-supereffective|p1a: Calyrex\n|-damage|p1a: Calyrex|0 fnt\n|faint|p1a: Calyrex\n|\n|win|fhruihvruiva\n|raw|xikeso's rating: 1448 &rarr; <strong>1429<\/strong><br \/>(-19 for losing)\n|raw|fhruihvruiva's rating: 1470 &rarr; <strong>1489<\/strong><br \/>(+19 for winning)\n|l|\u2606fhruihvruiva\n","uploadtime":1700965670,"views":8,"p1id":"xikeso","p2id":"fhruihvruiva","formatid":"gen9nationaldexubers","rating":1429,"private":0,"password":""}