{"id":"gen9nationaldexubers-1983315285","p1":"ThatBoyBobby","p2":"TheGatorTamer","format":"[Gen 9] National Dex Ubers","log":"|j|\u2606ThatBoyBobby\n|j|\u2606TheGatorTamer\n|t:|1699117342\n|gametype|singles\n|player|p1|ThatBoyBobby|clemont|1227\n|player|p2|TheGatorTamer|pokemaniac|1321\n|teamsize|p1|6\n|teamsize|p2|6\n|gen|9\n|tier|[Gen 9] National Dex Ubers\n|rated|\n|rule|HP Percentage Mod: HP is shown in percentages\n|rule|Endless Battle Clause: Forcing endless battles is banned\n|rule|OHKO Clause: OHKO moves are banned\n|rule|Evasion Moves Clause: Evasion moves are banned\n|rule|Evasion Items Clause: Evasion items are banned\n|rule|Species Clause: Limit one of each Pok\u00e9mon\n|rule|Sleep Clause Mod: Limit one foe put to sleep\n|rule|Mega Rayquaza Clause: You cannot mega evolve Rayquaza\n|clearpoke\n|poke|p1|Zygarde|\n|poke|p1|Mewtwo|\n|poke|p1|Aegislash, M|\n|poke|p1|Genesect-Douse|\n|poke|p1|Lugia|\n|poke|p1|Kyogre|\n|poke|p2|Tyrantrum, M|\n|poke|p2|Galvantula, M|\n|poke|p2|Torterra, F|\n|poke|p2|Skeledirge, M|\n|poke|p2|Great Tusk|\n|poke|p2|Grimmsnarl, M|\n|teampreview\n|inactive|Battle timer is ON: inactive players will automatically lose when time's up. (requested by TheGatorTamer)\n|\n|t:|1699117348\n|start\n|switch|p1a: Slug|Zygarde, shiny|100\/100\n|switch|p2a: Galvantula|Galvantula, M|100\/100\n|turn|1\n|\n|t:|1699117367\n|move|p2a: Galvantula|Sticky Web|p1a: Slug\n|-sidestart|p1: ThatBoyBobby|move: Sticky Web\n|move|p1a: Slug|Dragon Dance|p1a: Slug\n|-boost|p1a: Slug|atk|1\n|-boost|p1a: Slug|spe|1\n|\n|upkeep\n|turn|2\n|\n|t:|1699117372\n|move|p2a: Galvantula|Bug Buzz|p1a: Slug\n|-damage|p1a: Slug|65\/100\n|move|p1a: Slug|Dragon Dance|p1a: Slug\n|-boost|p1a: Slug|atk|1\n|-boost|p1a: Slug|spe|1\n|\n|-heal|p1a: Slug|71\/100|[from] item: Leftovers\n|upkeep\n|turn|3\n|\n|t:|1699117380\n|move|p1a: Slug|Thousand Arrows|p2a: Galvantula\n|-enditem|p2a: Galvantula|Focus Sash\n|-damage|p2a: Galvantula|1\/100\n|move|p2a: Galvantula|Bug Buzz|p1a: Slug\n|-damage|p1a: Slug|39\/100\n|\n|-heal|p1a: Slug|45\/100|[from] item: Leftovers\n|-activate|p1a: Slug|ability: Power Construct\n|detailschange|p1a: Slug|Zygarde-Complete, shiny\n|-heal|p1a: Slug|64\/100|[silent]\n|upkeep\n|turn|4\n|\n|t:|1699117387\n|move|p1a: Slug|Extreme Speed|p2a: Galvantula\n|-damage|p2a: Galvantula|0 fnt\n|faint|p2a: Galvantula\n|\n|-heal|p1a: Slug|70\/100|[from] item: Leftovers\n|upkeep\n|\n|t:|1699117389\n|switch|p2a: Skeledirge|Skeledirge, M|100\/100\n|turn|5\n|\n|t:|1699117394\n|-terastallize|p2a: Skeledirge|Water\n|move|p1a: Slug|Thousand Arrows|p2a: Skeledirge\n|-damage|p2a: Skeledirge|62\/100\n|move|p2a: Skeledirge|Will-O-Wisp|p1a: Slug\n|-status|p1a: Slug|brn\n|\n|-heal|p1a: Slug|76\/100 brn|[from] item: Leftovers\n|-heal|p2a: Skeledirge|68\/100|[from] item: Leftovers\n|-damage|p1a: Slug|70\/100 brn|[from] brn\n|upkeep\n|turn|6\n|\n|t:|1699117405\n|move|p1a: Slug|Thousand Arrows|p2a: Skeledirge\n|-damage|p2a: Skeledirge|50\/100\n|move|p2a: Skeledirge|Hex|p1a: Slug\n|-damage|p1a: Slug|43\/100 brn\n|\n|-heal|p1a: Slug|49\/100 brn|[from] item: Leftovers\n|-heal|p2a: Skeledirge|56\/100|[from] item: Leftovers\n|-damage|p1a: Slug|43\/100 brn|[from] brn\n|upkeep\n|turn|7\n|\n|t:|1699117415\n|move|p1a: Slug|Dragon Dance|p1a: Slug\n|-boost|p1a: Slug|atk|1\n|-boost|p1a: Slug|spe|1\n|move|p2a: Skeledirge|Slack Off|p2a: Skeledirge\n|-heal|p2a: Skeledirge|100\/100\n|\n|-heal|p1a: Slug|49\/100 brn|[from] item: Leftovers\n|-damage|p1a: Slug|43\/100 brn|[from] brn\n|upkeep\n|turn|8\n|\n|t:|1699117419\n|move|p1a: Slug|Dragon Dance|p1a: Slug\n|-boost|p1a: Slug|atk|1\n|-boost|p1a: Slug|spe|1\n|move|p2a: Skeledirge|Torch Song|p1a: Slug\n|-resisted|p1a: Slug\n|-damage|p1a: Slug|34\/100 brn\n|-boost|p2a: Skeledirge|spa|1\n|\n|-heal|p1a: Slug|40\/100 brn|[from] item: Leftovers\n|-damage|p1a: Slug|34\/100 brn|[from] brn\n|upkeep\n|turn|9\n|\n|t:|1699117425\n|move|p1a: Slug|Thousand Arrows|p2a: Skeledirge\n|-damage|p2a: Skeledirge|84\/100\n|move|p2a: Skeledirge|Torch Song|p1a: Slug\n|-resisted|p1a: Slug\n|-damage|p1a: Slug|21\/100 brn\n|-boost|p2a: Skeledirge|spa|1\n|\n|-heal|p1a: Slug|27\/100 brn|[from] item: Leftovers\n|-heal|p2a: Skeledirge|90\/100|[from] item: Leftovers\n|-damage|p1a: Slug|21\/100 brn|[from] brn\n|upkeep\n|turn|10\n|\n|t:|1699117435\n|move|p2a: Skeledirge|Hex|p1a: Slug\n|-damage|p1a: Slug|0 fnt\n|faint|p1a: Slug\n|\n|-heal|p2a: Skeledirge|96\/100|[from] item: Leftovers\n|upkeep\n|c|\u2606ThatBoyBobby|wait\n|c|\u2606ThatBoyBobby|how is it faster\n|c|\u2606TheGatorTamer|Idk\n|c|\u2606ThatBoyBobby|oh\n|c|\u2606ThatBoyBobby|unaware\n|inactive|ThatBoyBobby has 120 seconds left.\n|c|\u2606ThatBoyBobby|ignores my speed stat\n|\n|t:|1699117464\n|switch|p1a: Megalodon|Kyogre, shiny|100\/100\n|-activate|p1a: Megalodon|move: Sticky Web\n|-unboost|p1a: Megalodon|spe|1\n|detailschange|p1a: Megalodon|Kyogre-Primal, shiny\n|-primal|p1a: Megalodon|Blue Orb\n|-weather|PrimordialSea|[from] ability: Primordial Sea|[of] p1a: Megalodon\n|turn|11\n|c|\u2606TheGatorTamer|did you use a stat increasing move???\n|c|\u2606ThatBoyBobby|yes\n|c|\u2606ThatBoyBobby|d dance\n|c|\u2606TheGatorTamer|Idk rng ig\n|c|\u2606ThatBoyBobby|but unaware ignores that\n|c|\u2606TheGatorTamer|cause you outspeed regardless\n|c|\u2606TheGatorTamer|66 speed\n|inactive|TheGatorTamer has 120 seconds left.\n|c|\u2606TheGatorTamer|maybe rng\n|c|\u2606ThatBoyBobby|oh\n|\n|t:|1699117500\n|switch|p2a: Grimmsnarl|Grimmsnarl, M|100\/100\n|move|p1a: Megalodon|Thunder|p2a: Grimmsnarl\n|-damage|p2a: Grimmsnarl|63\/100\n|\n|-weather|PrimordialSea|[upkeep]\n|upkeep\n|turn|12\n|\n|t:|1699117514\n|move|p2a: Grimmsnarl|Light Screen|p2a: Grimmsnarl\n|-sidestart|p2: TheGatorTamer|move: Light Screen\n|move|p1a: Megalodon|Origin Pulse|p2a: Grimmsnarl\n|-damage|p2a: Grimmsnarl|21\/100\n|\n|-weather|PrimordialSea|[upkeep]\n|upkeep\n|turn|13\n|\n|t:|1699117523\n|move|p2a: Grimmsnarl|Reflect|p2a: Grimmsnarl\n|-sidestart|p2: TheGatorTamer|Reflect\n|move|p1a: Megalodon|Origin Pulse|p2a: Grimmsnarl|[miss]\n|-miss|p1a: Megalodon|p2a: Grimmsnarl\n|\n|-weather|PrimordialSea|[upkeep]\n|upkeep\n|turn|14\n|\n|t:|1699117529\n|move|p2a: Grimmsnarl|Spirit Break|p1a: Megalodon\n|-damage|p1a: Megalodon|70\/100\n|-unboost|p1a: Megalodon|spa|1\n|move|p1a: Megalodon|Ice Beam|p2a: Grimmsnarl\n|-damage|p2a: Grimmsnarl|10\/100\n|\n|-weather|PrimordialSea|[upkeep]\n|upkeep\n|turn|15\n|c|\u2606ThatBoyBobby|bruh\n|c|\u2606TheGatorTamer|The misidentification is making me mald\n|\n|t:|1699117547\n|switch|p2a: Tyrantrum|Tyrantrum, M|100\/100\n|move|p1a: Megalodon|Thunder|p2a: Tyrantrum\n|-resisted|p2a: Tyrantrum\n|-damage|p2a: Tyrantrum|89\/100\n|\n|-weather|PrimordialSea|[upkeep]\n|upkeep\n|turn|16\n|c|\u2606TheGatorTamer|ngl\n|\n|t:|1699117557\n|-zpower|p2a: Tyrantrum\n|move|p2a: Tyrantrum|Z-Hone Claws|p2a: Tyrantrum|[anim]Hone Claws\n|-boost|p2a: Tyrantrum|atk|1|[zeffect]\n|-boost|p2a: Tyrantrum|atk|1\n|-boost|p2a: Tyrantrum|accuracy|1\n|move|p1a: Megalodon|Ice Beam|p2a: Tyrantrum\n|-supereffective|p2a: Tyrantrum\n|-damage|p2a: Tyrantrum|47\/100\n|\n|-weather|PrimordialSea|[upkeep]\n|upkeep\n|turn|17\n|\n|t:|1699117572\n|move|p2a: Tyrantrum|Outrage|p1a: Megalodon\n|-damage|p1a: Megalodon|0 fnt\n|faint|p1a: Megalodon\n|-weather|none\n|\n|upkeep\n|\n|t:|1699117577\n|switch|p1a: Stormbringer|Lugia, shiny|100\/100\n|turn|18\n|\n|t:|1699117583\n|move|p1a: Stormbringer|Aeroblast|p2a: Tyrantrum|[miss]\n|-miss|p1a: Stormbringer|p2a: Tyrantrum\n|move|p2a: Tyrantrum|Outrage|p1a: Stormbringer|[from]lockedmove\n|-damage|p1a: Stormbringer|61\/100\n|\n|-heal|p1a: Stormbringer|67\/100|[from] item: Leftovers\n|upkeep\n|turn|19\n|\n|t:|1699117593\n|move|p1a: Stormbringer|Aeroblast|p2a: Tyrantrum\n|-resisted|p2a: Tyrantrum\n|-crit|p2a: Tyrantrum\n|-damage|p2a: Tyrantrum|14\/100\n|move|p2a: Tyrantrum|Outrage|p1a: Stormbringer|[from]lockedmove\n|-damage|p1a: Stormbringer|0 fnt\n|faint|p1a: Stormbringer\n|-start|p2a: Tyrantrum|confusion|[fatigue]\n|\n|-sideend|p2: TheGatorTamer|move: Light Screen\n|upkeep\n|\n|t:|1699117599\n|switch|p1a: Kabutops Kannon|Genesect-Douse, shiny|100\/100\n|-activate|p1a: Kabutops Kannon|move: Sticky Web\n|-unboost|p1a: Kabutops Kannon|spe|1\n|-ability|p1a: Kabutops Kannon|Download|boost\n|-boost|p1a: Kabutops Kannon|spa|1\n|turn|20\n|\n|t:|1699117606\n|move|p1a: Kabutops Kannon|Extreme Speed|p2a: Tyrantrum\n|-resisted|p2a: Tyrantrum\n|-damage|p2a: Tyrantrum|10\/100\n|-activate|p2a: Tyrantrum|confusion\n|move|p2a: Tyrantrum|Head Smash|p1a: Kabutops Kannon\n|-damage|p1a: Kabutops Kannon|0 fnt\n|faint|p1a: Kabutops Kannon\n|\n|-sideend|p2: TheGatorTamer|Reflect\n|upkeep\n|c|\u2606ThatBoyBobby|...\n|\n|t:|1699117614\n|switch|p1a: Big Brain|Mewtwo, shiny|100\/100\n|-activate|p1a: Big Brain|move: Sticky Web\n|-unboost|p1a: Big Brain|spe|1\n|-ability|p1a: Big Brain|Pressure\n|turn|21\n|c|\u2606TheGatorTamer|he built different\n|c|\u2606ThatBoyBobby|freaking web\n|\n|t:|1699117627\n|detailschange|p1a: Big Brain|Mewtwo-Mega-Y, shiny\n|-mega|p1a: Big Brain|Mewtwo|Mewtwonite Y\n|move|p1a: Big Brain|Earth Power|p2a: Tyrantrum\n|-supereffective|p2a: Tyrantrum\n|-damage|p2a: Tyrantrum|0 fnt\n|faint|p2a: Tyrantrum\n|\n|upkeep\n|\n|t:|1699117633\n|switch|p2a: Grimmsnarl|Grimmsnarl, M|10\/100\n|turn|22\n|\n|t:|1699117639\n|move|p2a: Grimmsnarl|Light Screen|p2a: Grimmsnarl\n|-sidestart|p2: TheGatorTamer|move: Light Screen\n|move|p1a: Big Brain|Earth Power|p2a: Grimmsnarl\n|-damage|p2a: Grimmsnarl|0 fnt\n|faint|p2a: Grimmsnarl\n|\n|upkeep\n|\n|t:|1699117643\n|switch|p2a: Skeledirge|Skeledirge, M, tera:Water|96\/100\n|turn|23\n|\n|t:|1699117651\n|move|p1a: Big Brain|Psychic|p2a: Skeledirge\n|-damage|p2a: Skeledirge|71\/100\n|move|p2a: Skeledirge|Torch Song|p1a: Big Brain\n|-damage|p1a: Big Brain|74\/100\n|-boost|p2a: Skeledirge|spa|1\n|\n|-heal|p2a: Skeledirge|77\/100|[from] item: Leftovers\n|upkeep\n|turn|24\n|\n|t:|1699117661\n|move|p1a: Big Brain|Calm Mind|p1a: Big Brain\n|-boost|p1a: Big Brain|spa|1\n|-boost|p1a: Big Brain|spd|1\n|move|p2a: Skeledirge|Torch Song|p1a: Big Brain\n|-damage|p1a: Big Brain|34\/100\n|-boost|p2a: Skeledirge|spa|1\n|\n|-heal|p2a: Skeledirge|83\/100|[from] item: Leftovers\n|upkeep\n|turn|25\n|\n|t:|1699117670\n|move|p1a: Big Brain|Psychic|p2a: Skeledirge\n|-damage|p2a: Skeledirge|57\/100\n|move|p2a: Skeledirge|Torch Song|p1a: Big Brain\n|-damage|p1a: Big Brain|0 fnt\n|-boost|p2a: Skeledirge|spa|1\n|faint|p1a: Big Brain\n|\n|-heal|p2a: Skeledirge|63\/100|[from] item: Leftovers\n|upkeep\n|\n|t:|1699117673\n|switch|p1a: Excalibur|Aegislash, M, shiny|100\/100\n|-activate|p1a: Excalibur|move: Sticky Web\n|-unboost|p1a: Excalibur|spe|1\n|turn|26\n|c|\u2606ThatBoyBobby|gg\n|\n|t:|1699117684\n|-terastallize|p1a: Excalibur|Steel\n|move|p2a: Skeledirge|Will-O-Wisp|p1a: Excalibur\n|-status|p1a: Excalibur|brn\n|-formechange|p1a: Excalibur|Aegislash-Blade||[from] ability: Stance Change\n|move|p1a: Excalibur|Shadow Ball|p2a: Skeledirge\n|-damage|p2a: Skeledirge|48\/100\n|-unboost|p2a: Skeledirge|spd|1\n|\n|-heal|p2a: Skeledirge|54\/100|[from] item: Leftovers\n|-damage|p1a: Excalibur|94\/100 brn|[from] brn\n|upkeep\n|turn|27\n|c|\u2606TheGatorTamer|Gg\n|\n|t:|1699117698\n|-formechange|p1a: Excalibur|Aegislash||[from] ability: Stance Change\n|move|p1a: Excalibur|King's Shield|p1a: Excalibur\n|-singleturn|p1a: Excalibur|Protect\n|move|p2a: Skeledirge|Torch Song|p1a: Excalibur\n|-activate|p1a: Excalibur|move: Protect\n|\n|-heal|p2a: Skeledirge|60\/100|[from] item: Leftovers\n|-heal|p1a: Excalibur|100\/100 brn|[from] item: Leftovers\n|-damage|p1a: Excalibur|94\/100 brn|[from] brn\n|upkeep\n|turn|28\n|\n|t:|1699117715\n|move|p2a: Skeledirge|Torch Song|p1a: Excalibur\n|-supereffective|p1a: Excalibur\n|-damage|p1a: Excalibur|0 fnt\n|-boost|p2a: Skeledirge|spa|1\n|faint|p1a: Excalibur\n|\n|win|TheGatorTamer\n|raw|ThatBoyBobby's rating: 1227 &rarr; <strong>1209<\/strong><br \/>(-18 for losing)\n|raw|TheGatorTamer's rating: 1321 &rarr; <strong>1336<\/strong><br \/>(+15 for winning)\n|l|\u2606ThatBoyBobby\n|c|\u2606TheGatorTamer|Nice team btw\n|c|\u2606TheGatorTamer|kyogre is a whale \ud83d\ude2d\ud83d\ude2d\ud83d\ude2d\n","uploadtime":1699117737,"views":15,"p1id":"thatboybobby","p2id":"thegatortamer","formatid":"gen9nationaldexubers","rating":1209,"private":0,"password":""}