{"id":"gen9nationaldexubers-1988672230","p1":"lonelymicahroni","p2":"basilcheer","format":"[Gen 9] National Dex Ubers","log":"|j|\u2606lonelymicahroni\n|j|\u2606basilcheer\n|t:|1699748851\n|gametype|singles\n|player|p1|lonelymicahroni|acetrainer-gen4dp|\n|player|p2|basilcheer|marnie|\n|teamsize|p1|6\n|teamsize|p2|6\n|gen|9\n|tier|[Gen 9] National Dex Ubers\n|rule|HP Percentage Mod: HP is shown in percentages\n|rule|Endless Battle Clause: Forcing endless battles is banned\n|rule|OHKO Clause: OHKO moves are banned\n|rule|Evasion Moves Clause: Evasion moves are banned\n|rule|Evasion Items Clause: Evasion items are banned\n|rule|Species Clause: Limit one of each Pok\u00e9mon\n|rule|Sleep Clause Mod: Limit one foe put to sleep\n|rule|Mega Rayquaza Clause: You cannot mega evolve Rayquaza\n|clearpoke\n|poke|p1|Clefable, F|\n|poke|p1|Scizor, F|\n|poke|p1|Toxtricity, F|\n|poke|p1|Kleavor, M|\n|poke|p1|Gengar, F|\n|poke|p1|Vaporeon, M|\n|poke|p2|Tapu Koko|\n|poke|p2|Iron Treads|\n|poke|p2|Victini|\n|poke|p2|Azelf|\n|poke|p2|Lurantis, F|\n|poke|p2|Mawile, M|\n|teampreview\n|\n|t:|1699748889\n|start\n|switch|p1a: Jack|Clefable, F|100\/100\n|switch|p2a: bronya|Tapu Koko|100\/100\n|-fieldstart|move: Electric Terrain|[from] ability: Electric Surge|[of] p2a: bronya\n|turn|1\n|\n|t:|1699748960\n|move|p2a: bronya|U-turn|p1a: Jack\n|-resisted|p1a: Jack\n|-damage|p1a: Jack|91\/100\n|\n|t:|1699748963\n|switch|p2a: small horny|Iron Treads|100\/100|[from] U-turn\n|-activate|p2a: small horny|ability: Quark Drive\n|-start|p2a: small horny|quarkdrivespe\n|move|p1a: Jack|Calm Mind|p1a: Jack\n|-boost|p1a: Jack|spa|1\n|-boost|p1a: Jack|spd|1\n|\n|upkeep\n|turn|2\n|\n|t:|1699748989\n|move|p2a: small horny|Earthquake|p1a: Jack\n|-damage|p1a: Jack|34\/100\n|move|p1a: Jack|Flamethrower|p2a: small horny\n|-supereffective|p2a: small horny\n|-damage|p2a: small horny|40\/100\n|\n|upkeep\n|turn|3\n|\n|t:|1699748996\n|move|p2a: small horny|Earthquake|p1a: Jack\n|-damage|p1a: Jack|0 fnt\n|faint|p1a: Jack\n|\n|upkeep\n|\n|t:|1699749017\n|switch|p1a: Bubble|Vaporeon, M|100\/100\n|turn|4\n|\n|t:|1699749039\n|-end|p2a: small horny|Quark Drive|[silent]\n|switch|p2a: bronya|Tapu Koko|100\/100\n|move|p1a: Bubble|Scald|p2a: bronya\n|-damage|p2a: bronya|58\/100\n|\n|upkeep\n|turn|5\n|\n|t:|1699749052\n|move|p2a: bronya|Thunderbolt|p1a: Bubble\n|-supereffective|p1a: Bubble\n|-damage|p1a: Bubble|43\/100\n|move|p1a: Bubble|Toxic|p2a: bronya\n|-status|p2a: bronya|tox\n|\n|-heal|p1a: Bubble|49\/100|[from] item: Leftovers\n|-damage|p2a: bronya|52\/100 tox|[from] psn\n|-fieldend|move: Electric Terrain\n|upkeep\n|turn|6\n|\n|t:|1699749064\n|move|p1a: Bubble|Protect|p1a: Bubble\n|-singleturn|p1a: Bubble|Protect\n|move|p2a: bronya|Thunderbolt|p1a: Bubble\n|-activate|p1a: Bubble|move: Protect\n|\n|-heal|p1a: Bubble|56\/100|[from] item: Leftovers\n|-damage|p2a: bronya|40\/100 tox|[from] psn\n|upkeep\n|turn|7\n|\n|t:|1699749094\n|-terastallize|p1a: Bubble|Ground\n|move|p2a: bronya|Thunderbolt|p1a: Bubble\n|-immune|p1a: Bubble\n|move|p1a: Bubble|Scald|p2a: bronya\n|-damage|p2a: bronya|0 fnt\n|faint|p2a: bronya\n|\n|-heal|p1a: Bubble|62\/100|[from] item: Leftovers\n|upkeep\n|\n|t:|1699749105\n|switch|p2a: kamikaze|Azelf|100\/100\n|turn|8\n|\n|t:|1699749133\n|move|p2a: kamikaze|Nasty Plot|p2a: kamikaze\n|-boost|p2a: kamikaze|spa|2\n|move|p1a: Bubble|Toxic|p2a: kamikaze\n|-status|p2a: kamikaze|tox\n|\n|-heal|p1a: Bubble|68\/100|[from] item: Leftovers\n|-damage|p2a: kamikaze|94\/100 tox|[from] psn\n|upkeep\n|turn|9\n|\n|t:|1699749156\n|move|p1a: Bubble|Protect|p1a: Bubble\n|-singleturn|p1a: Bubble|Protect\n|move|p2a: kamikaze|Nasty Plot|p2a: kamikaze\n|-boost|p2a: kamikaze|spa|2\n|\n|-heal|p1a: Bubble|74\/100|[from] item: Leftovers\n|-damage|p2a: kamikaze|82\/100 tox|[from] psn\n|upkeep\n|turn|10\n|\n|t:|1699749166\n|move|p2a: kamikaze|Energy Ball|p1a: Bubble\n|-supereffective|p1a: Bubble\n|-damage|p1a: Bubble|0 fnt\n|faint|p1a: Bubble\n|-damage|p2a: kamikaze|72\/100 tox|[from] item: Life Orb\n|\n|-damage|p2a: kamikaze|53\/100 tox|[from] psn\n|upkeep\n|\n|t:|1699749186\n|switch|p1a: Shadow|Gengar, F|100\/100\n|turn|11\n|\n|t:|1699749198\n|-terastallize|p2a: kamikaze|Psychic\n|move|p2a: kamikaze|Psychic|p1a: Shadow\n|-supereffective|p1a: Shadow\n|-enditem|p1a: Shadow|Focus Sash\n|-damage|p1a: Shadow|1\/100\n|-start|p2a: kamikaze|Disable|Psychic|[from] ability: Cursed Body|[of] p1a: Shadow\n|-damage|p2a: kamikaze|43\/100 tox|[from] item: Life Orb\n|move|p1a: Shadow|Nasty Plot|p1a: Shadow\n|-boost|p1a: Shadow|spa|2\n|\n|-damage|p2a: kamikaze|19\/100 tox|[from] psn\n|upkeep\n|turn|12\n|\n|t:|1699749261\n|switch|p1a: Pierce|Scizor, F|100\/100\n|move|p2a: kamikaze|Energy Ball|p1a: Pierce\n|-resisted|p1a: Pierce\n|-damage|p1a: Pierce|67\/100\n|-unboost|p1a: Pierce|spd|1\n|-damage|p2a: kamikaze|9\/100 tox|[from] item: Life Orb\n|\n|-damage|p2a: kamikaze|0 fnt|[from] psn\n|faint|p2a: kamikaze\n|upkeep\n|\n|t:|1699749289\n|switch|p2a: small horny|Iron Treads|40\/100\n|turn|13\n|\n|t:|1699749328\n|detailschange|p1a: Pierce|Scizor-Mega, F\n|-mega|p1a: Pierce|Scizor|Scizorite\n|move|p2a: small horny|Earthquake|p1a: Pierce\n|-damage|p1a: Pierce|31\/100\n|move|p1a: Pierce|Close Combat|p2a: small horny\n|-supereffective|p2a: small horny\n|-damage|p2a: small horny|0 fnt\n|-unboost|p1a: Pierce|def|1\n|-unboost|p1a: Pierce|spd|1\n|faint|p2a: small horny\n|-end|p2a: small horny|Quark Drive|[silent]\n|\n|upkeep\n|\n|t:|1699749343\n|switch|p2a: shinobu|Lurantis, F|100\/100\n|turn|14\n|\n|t:|1699749366\n|move|p1a: Pierce|Roost|p1a: Pierce\n|-heal|p1a: Pierce|81\/100\n|-singleturn|p1a: Pierce|move: Roost\n|move|p2a: shinobu|Superpower|p1a: Pierce\n|-damage|p1a: Pierce|43\/100\n|-boost|p2a: shinobu|atk|1\n|-boost|p2a: shinobu|def|1\n|\n|upkeep\n|turn|15\n|\n|t:|1699749393\n|move|p1a: Pierce|Roost|p1a: Pierce\n|-heal|p1a: Pierce|93\/100\n|-singleturn|p1a: Pierce|move: Roost\n|move|p2a: shinobu|Superpower|p1a: Pierce\n|-damage|p1a: Pierce|29\/100\n|-boost|p2a: shinobu|atk|1\n|-boost|p2a: shinobu|def|1\n|\n|upkeep\n|turn|16\n|\n|t:|1699749405\n|move|p1a: Pierce|Close Combat|p2a: shinobu\n|-damage|p2a: shinobu|74\/100\n|-unboost|p1a: Pierce|def|1\n|-unboost|p1a: Pierce|spd|1\n|move|p2a: shinobu|Superpower|p1a: Pierce\n|-damage|p1a: Pierce|0 fnt\n|-boost|p2a: shinobu|atk|1\n|-boost|p2a: shinobu|def|1\n|faint|p1a: Pierce\n|\n|-heal|p2a: shinobu|80\/100|[from] item: Leftovers\n|upkeep\n|\n|t:|1699749426\n|switch|p1a: Ax|Kleavor, M|100\/100\n|turn|17\n|\n|t:|1699749465\n|move|p1a: Ax|Swords Dance|p1a: Ax\n|-boost|p1a: Ax|atk|2\n|move|p2a: shinobu|Superpower|p1a: Ax\n|-damage|p1a: Ax|0 fnt\n|-boost|p2a: shinobu|atk|1\n|-boost|p2a: shinobu|def|1\n|faint|p1a: Ax\n|\n|-heal|p2a: shinobu|86\/100|[from] item: Leftovers\n|upkeep\n|\n|t:|1699749481\n|switch|p1a: Toink|Toxtricity, F|100\/100\n|turn|18\n|\n|t:|1699749505\n|move|p1a: Toink|Sludge Bomb|p2a: shinobu\n|-supereffective|p2a: shinobu\n|-damage|p2a: shinobu|0 fnt\n|faint|p2a: shinobu\n|\n|upkeep\n|\n|t:|1699749513\n|switch|p2a: himeko|Victini|100\/100\n|turn|19\n|\n|t:|1699749539\n|move|p2a: himeko|Zen Headbutt|p1a: Toink\n|-supereffective|p1a: Toink\n|-damage|p1a: Toink|0 fnt\n|faint|p1a: Toink\n|\n|upkeep\n|\n|t:|1699749544\n|switch|p1a: Shadow|Gengar, F|1\/100\n|turn|20\n|\n|t:|1699749550\n|move|p1a: Shadow|Shadow Ball|p2a: himeko\n|-supereffective|p2a: himeko\n|-damage|p2a: himeko|16\/100\n|move|p2a: himeko|Zen Headbutt|p1a: Shadow\n|-supereffective|p1a: Shadow\n|-crit|p1a: Shadow\n|-damage|p1a: Shadow|0 fnt\n|faint|p1a: Shadow\n|\n|win|basilcheer\n|c|\u2606basilcheer|gg\n|l|\u2606basilcheer\n|j|\u2606basilcheer\n|player|p2|basilcheer|marnie\n|l|\u2606basilcheer\n|player|p2|\n|j| palestjade\n","uploadtime":1699749560,"views":5,"p1id":"lonelymicahroni","p2id":"basilcheer","formatid":"gen9nationaldexubers","rating":0,"private":0,"password":""}