{"id":"gen9nationaldexubers-1993621875","p1":"Rmpemeta","p2":"Minaisok","format":"[Gen 9] National Dex Ubers","log":"|j|\u2606Rmpemeta\n|j|\u2606Minaisok\n|t:|1700338477\n|gametype|singles\n|player|p1|Rmpemeta|101|1292\n|player|p2|Minaisok|mars|1261\n|teamsize|p1|6\n|teamsize|p2|6\n|gen|9\n|tier|[Gen 9] National Dex Ubers\n|rated|\n|rule|HP Percentage Mod: HP is shown in percentages\n|rule|Endless Battle Clause: Forcing endless battles is banned\n|rule|OHKO Clause: OHKO moves are banned\n|rule|Evasion Moves Clause: Evasion moves are banned\n|rule|Evasion Items Clause: Evasion items are banned\n|rule|Species Clause: Limit one of each Pok\u00e9mon\n|rule|Sleep Clause Mod: Limit one foe put to sleep\n|rule|Mega Rayquaza Clause: You cannot mega evolve Rayquaza\n|clearpoke\n|poke|p1|Orthworm, F|\n|poke|p1|Kingambit, M|\n|poke|p1|Corviknight, M|\n|poke|p1|Heatran, M|\n|poke|p1|Empoleon, F|\n|poke|p1|Goodra-Hisui, M|\n|poke|p2|Ferrothorn, F|\n|poke|p2|Iron Valiant|\n|poke|p2|Tapu Koko|\n|poke|p2|Raichu-Alola, F|\n|poke|p2|Ho-Oh|\n|poke|p2|Toxapex, F|\n|teampreview\n|inactive|Battle timer is ON: inactive players will automatically lose when time's up. (requested by Rmpemeta)\n|c|\u2606Minaisok|Glhf\n|\n|t:|1700338492\n|start\n|switch|p1a: Orthworm|Orthworm, F|100\/100\n|switch|p2a: Tapu Koko|Tapu Koko, shiny|100\/100\n|-fieldstart|move: Electric Terrain|[from] ability: Electric Surge|[of] p2a: Tapu Koko\n|turn|1\n|\n|t:|1700338499\n|move|p2a: Tapu Koko|Taunt|p1a: Orthworm\n|-start|p1a: Orthworm|move: Taunt\n|move|p1a: Orthworm|Earthquake|p2a: Tapu Koko\n|-supereffective|p2a: Tapu Koko\n|-damage|p2a: Tapu Koko|36\/100\n|\n|upkeep\n|turn|2\n|\n|t:|1700338507\n|move|p2a: Tapu Koko|Volt Switch|p1a: Orthworm\n|-damage|p1a: Orthworm|45\/100\n|-enditem|p1a: Orthworm|Sitrus Berry|[eat]\n|-heal|p1a: Orthworm|70\/100|[from] item: Sitrus Berry\n|\n|t:|1700338512\n|switch|p2a: Iron Valiant|Iron Valiant|100\/100|[from] Volt Switch\n|-activate|p2a: Iron Valiant|ability: Quark Drive\n|-start|p2a: Iron Valiant|quarkdrivespe\n|move|p1a: Orthworm|Earthquake|p2a: Iron Valiant\n|-damage|p2a: Iron Valiant|72\/100\n|\n|upkeep\n|turn|3\n|\n|t:|1700338522\n|switch|p1a: Corviknight|Corviknight, M|100\/100\n|-ability|p1a: Corviknight|Pressure\n|move|p2a: Iron Valiant|Drain Punch|p1a: Corviknight\n|-damage|p1a: Corviknight|63\/100\n|-heal|p2a: Iron Valiant|97\/100|[from] drain|[of] p1a: Corviknight\n|-damage|p2a: Iron Valiant|81\/100|[from] item: Rocky Helmet|[of] p1a: Corviknight\n|\n|upkeep\n|turn|4\n|\n|t:|1700338532\n|-end|p2a: Iron Valiant|Quark Drive|[silent]\n|switch|p2a: Toxapex|Toxapex, F, shiny|100\/100\n|move|p1a: Corviknight|Roost|p1a: Corviknight\n|-heal|p1a: Corviknight|100\/100\n|-singleturn|p1a: Corviknight|move: Roost\n|\n|upkeep\n|turn|5\n|\n|t:|1700338544\n|switch|p1a: Heatran|Heatran, M|100\/100\n|move|p2a: Toxapex|Scald|p1a: Heatran\n|-supereffective|p1a: Heatran\n|-damage|p1a: Heatran|76\/100\n|\n|-heal|p1a: Heatran|82\/100|[from] item: Leftovers\n|upkeep\n|turn|6\n|\n|t:|1700338554\n|move|p1a: Heatran|Taunt|p2a: Toxapex\n|-start|p2a: Toxapex|move: Taunt\n|move|p2a: Toxapex|Knock Off|p1a: Heatran\n|-damage|p1a: Heatran|69\/100\n|-enditem|p1a: Heatran|Leftovers|[from] move: Knock Off|[of] p2a: Toxapex\n|\n|upkeep\n|turn|7\n|\n|t:|1700338562\n|switch|p2a: Ho-Oh|Ho-Oh|100\/100\n|move|p1a: Heatran|Magma Storm|p2a: Ho-Oh\n|-resisted|p2a: Ho-Oh\n|-damage|p2a: Ho-Oh|89\/100\n|-activate|p2a: Ho-Oh|move: Magma Storm|[of] p1a: Heatran\n|\n|-heal|p2a: Ho-Oh|95\/100|[from] item: Leftovers\n|-damage|p2a: Ho-Oh|83\/100|[from] move: Magma Storm|[partiallytrapped]\n|upkeep\n|turn|8\n|\n|t:|1700338575\n|-terastallize|p1a: Heatran|Grass\n|move|p2a: Ho-Oh|Protect|p2a: Ho-Oh\n|-singleturn|p2a: Ho-Oh|Protect\n|move|p1a: Heatran|Magma Storm|p2a: Ho-Oh\n|-activate|p2a: Ho-Oh|move: Protect\n|\n|-heal|p2a: Ho-Oh|89\/100|[from] item: Leftovers\n|-damage|p2a: Ho-Oh|76\/100|[from] move: Magma Storm|[partiallytrapped]\n|-fieldend|move: Electric Terrain\n|upkeep\n|turn|9\n|c|\u2606Minaisok|Oh genius\n|inactive|Minaisok has 120 seconds left.\n|c|\u2606Minaisok|I will not go fire type movw tho\n|\n|t:|1700338610\n|move|p2a: Ho-Oh|Toxic|p1a: Heatran\n|-status|p1a: Heatran|tox\n|move|p1a: Heatran|Magma Storm|p2a: Ho-Oh\n|-resisted|p2a: Ho-Oh\n|-damage|p2a: Ho-Oh|65\/100\n|\n|-heal|p2a: Ho-Oh|71\/100|[from] item: Leftovers\n|-damage|p1a: Heatran|63\/100 tox|[from] psn\n|-damage|p2a: Ho-Oh|59\/100|[from] move: Magma Storm|[partiallytrapped]\n|upkeep\n|turn|10\n|inactive|Minaisok has 120 seconds left.\n|c|\u2606Minaisok|U have flash fire\n|\n|t:|1700338624\n|switch|p1a: Empoleon|Empoleon, F|100\/100\n|move|p2a: Ho-Oh|Roost|p2a: Ho-Oh\n|-heal|p2a: Ho-Oh|100\/100\n|-singleturn|p2a: Ho-Oh|move: Roost\n|\n|-end|p2a: Ho-Oh|Magma Storm|[partiallytrapped]|[silent]\n|upkeep\n|turn|11\n|inactive|Minaisok has 120 seconds left.\n|\n|t:|1700338632\n|move|p2a: Ho-Oh|Sacred Fire|p1a: Empoleon\n|-damage|p1a: Empoleon|47\/100\n|-status|p1a: Empoleon|brn\n|move|p1a: Empoleon|Agility|p1a: Empoleon\n|-boost|p1a: Empoleon|spe|2\n|\n|-damage|p1a: Empoleon|41\/100 brn|[from] brn\n|upkeep\n|turn|12\n|inactive|Minaisok has 120 seconds left.\n|\n|t:|1700338644\n|switch|p2a: Toxapex|Toxapex, F, shiny|100\/100\n|move|p1a: Empoleon|Hydro Pump|p2a: Toxapex\n|-resisted|p2a: Toxapex\n|-damage|p2a: Toxapex|70\/100\n|-damage|p1a: Empoleon|32\/100 brn|[from] item: Life Orb\n|\n|-heal|p2a: Toxapex|76\/100|[from] item: Black Sludge\n|-damage|p1a: Empoleon|26\/100 brn|[from] brn\n|upkeep\n|turn|13\n|-message|Rmpemeta forfeited.\n|\n|win|Minaisok\n|raw|Rmpemeta's rating: 1292 &rarr; <strong>1265<\/strong><br \/>(-27 for losing)\n|raw|Minaisok's rating: 1261 &rarr; <strong>1288<\/strong><br \/>(+27 for winning)\n|l|\u2606Rmpemeta\n","uploadtime":1700338658,"views":18,"p1id":"rmpemeta","p2id":"minaisok","formatid":"gen9nationaldexubers","rating":1265,"private":0,"password":""}