{"id":"gen9nationaldexubers-1991718514","p1":"obvSleepy","p2":"BruhWhatLolOk","format":"[Gen 9] National Dex Ubers","log":"|j|\u2606obvSleepy\n|j|\u2606BruhWhatLolOk\n|t:|1700106509\n|gametype|singles\n|player|p1|obvSleepy|wallace|1124\n|player|p2|BruhWhatLolOk|birch|1159\n|teamsize|p1|6\n|teamsize|p2|6\n|gen|9\n|tier|[Gen 9] National Dex Ubers\n|rated|\n|rule|HP Percentage Mod: HP is shown in percentages\n|rule|Endless Battle Clause: Forcing endless battles is banned\n|rule|OHKO Clause: OHKO moves are banned\n|rule|Evasion Moves Clause: Evasion moves are banned\n|rule|Evasion Items Clause: Evasion items are banned\n|rule|Species Clause: Limit one of each Pok\u00e9mon\n|rule|Sleep Clause Mod: Limit one foe put to sleep\n|rule|Mega Rayquaza Clause: You cannot mega evolve Rayquaza\n|clearpoke\n|poke|p1|Grimmsnarl, M|\n|poke|p1|Groudon|\n|poke|p1|Necrozma-Dusk-Mane|\n|poke|p1|Xerneas-*|\n|poke|p1|Arceus-Ground|\n|poke|p1|Ditto|\n|poke|p2|Ursaluna-Bloodmoon, M|\n|poke|p2|Annihilape, F|\n|poke|p2|Sneasler, F|\n|poke|p2|Baxcalibur, F|\n|poke|p2|Landorus-Therian, M|\n|poke|p2|Kyurem-White|\n|teampreview\n|inactive|Battle timer is ON: inactive players will automatically lose when time's up. (requested by BruhWhatLolOk)\n|\n|t:|1700106525\n|start\n|switch|p1a: Grimmsnarl|Grimmsnarl, M, shiny|100\/100\n|switch|p2a: Landorus|Landorus-Therian, M|100\/100\n|-ability|p2a: Landorus|Intimidate|boost\n|-unboost|p1a: Grimmsnarl|atk|1\n|turn|1\n|\n|t:|1700106536\n|move|p1a: Grimmsnarl|Light Screen|p1a: Grimmsnarl\n|-sidestart|p1: obvSleepy|move: Light Screen\n|move|p2a: Landorus|U-turn|p1a: Grimmsnarl\n|-damage|p1a: Grimmsnarl|72\/100\n|\n|t:|1700106557\n|switch|p2a: Sneasler|Sneasler, F|100\/100|[from] U-turn\n|\n|upkeep\n|turn|2\n|inactive|obvSleepy has 120 seconds left.\n|\n|t:|1700106598\n|switch|p2a: Landorus|Landorus-Therian, M|100\/100\n|-ability|p2a: Landorus|Intimidate|boost\n|-unboost|p1a: Grimmsnarl|atk|1\n|move|p1a: Grimmsnarl|Sucker Punch||[still]\n|-fail|p1a: Grimmsnarl\n|\n|upkeep\n|turn|3\n|\n|t:|1700106610\n|move|p1a: Grimmsnarl|Reflect|p1a: Grimmsnarl\n|-sidestart|p1: obvSleepy|Reflect\n|move|p2a: Landorus|Defog|p1a: Grimmsnarl\n|-unboost|p1a: Grimmsnarl|evasion|1\n|-sideend|p1: obvSleepy|Reflect\n|-sideend|p1: obvSleepy|move: Light Screen\n|\n|upkeep\n|turn|4\n|inactive|obvSleepy has 120 seconds left.\n|\n|t:|1700106627\n|move|p1a: Grimmsnarl|Light Screen|p1a: Grimmsnarl\n|-sidestart|p1: obvSleepy|move: Light Screen\n|move|p2a: Landorus|Toxic|p1a: Grimmsnarl\n|-status|p1a: Grimmsnarl|tox\n|\n|-damage|p1a: Grimmsnarl|66\/100 tox|[from] psn\n|upkeep\n|turn|5\n|inactive|obvSleepy has 120 seconds left.\n|\n|t:|1700106633\n|move|p1a: Grimmsnarl|Parting Shot|p2a: Landorus\n|-unboost|p2a: Landorus|atk|1\n|-unboost|p2a: Landorus|spa|1\n|inactive|obvSleepy has 120 seconds left.\n|\n|t:|1700106649\n|switch|p1a: Xerneas|Xerneas, shiny|100\/100|[from] Parting Shot\n|-ability|p1a: Xerneas|Fairy Aura\n|move|p2a: Landorus|Defog|p1a: Xerneas\n|-unboost|p1a: Xerneas|evasion|1\n|-sideend|p1: obvSleepy|move: Light Screen\n|\n|upkeep\n|turn|6\n|\n|t:|1700106660\n|move|p1a: Xerneas|Geomancy||[still]\n|-prepare|p1a: Xerneas|Geomancy\n|-enditem|p1a: Xerneas|Power Herb\n|-anim|p1a: Xerneas|Geomancy|p1a: Xerneas\n|-boost|p1a: Xerneas|spa|2\n|-boost|p1a: Xerneas|spd|2\n|-boost|p1a: Xerneas|spe|2\n|move|p2a: Landorus|Toxic|p1a: Xerneas\n|-status|p1a: Xerneas|tox\n|\n|-damage|p1a: Xerneas|94\/100 tox|[from] psn\n|upkeep\n|turn|7\n|\n|t:|1700106669\n|move|p1a: Xerneas|Moonblast|p2a: Landorus\n|-damage|p2a: Landorus|0 fnt\n|faint|p2a: Landorus\n|\n|-damage|p1a: Xerneas|82\/100 tox|[from] psn\n|upkeep\n|\n|t:|1700106674\n|switch|p2a: Sneasler|Sneasler, F|100\/100\n|turn|8\n|\n|t:|1700106684\n|move|p2a: Sneasler|Fake Out|p1a: Xerneas\n|-enditem|p2a: Sneasler|Normal Gem|[from] gem\n|-damage|p1a: Xerneas|67\/100 tox\n|cant|p1a: Xerneas|flinch\n|\n|-damage|p1a: Xerneas|49\/100 tox|[from] psn\n|upkeep\n|turn|9\n|\n|t:|1700106691\n|move|p2a: Sneasler|Dire Claw|p1a: Xerneas\n|-supereffective|p1a: Xerneas\n|-damage|p1a: Xerneas|0 fnt\n|faint|p1a: Xerneas\n|\n|upkeep\n|\n|t:|1700106698\n|switch|p1a: Grimmsnarl|Grimmsnarl, M, shiny|66\/100 tox\n|turn|10\n|\n|t:|1700106702\n|move|p1a: Grimmsnarl|Light Screen|p1a: Grimmsnarl\n|-sidestart|p1: obvSleepy|move: Light Screen\n|move|p2a: Sneasler|Dire Claw|p1a: Grimmsnarl\n|-supereffective|p1a: Grimmsnarl\n|-damage|p1a: Grimmsnarl|0 fnt\n|faint|p1a: Grimmsnarl\n|\n|upkeep\n|\n|t:|1700106705\n|switch|p1a: Ditto|Ditto, shiny|100\/100\n|-transform|p1a: Ditto|p2a: Sneasler|[from] ability: Imposter\n|turn|11\n|\n|t:|1700106713\n|move|p1a: Ditto|Fake Out|p2a: Sneasler\n|-damage|p2a: Sneasler|74\/100\n|cant|p2a: Sneasler|flinch\n|\n|upkeep\n|turn|12\n|\n|t:|1700106725\n|move|p1a: Ditto|Fake Out||[still]\n|-hint|Fake Out only works on your first turn out.\n|-fail|p1a: Ditto\n|move|p2a: Sneasler|Acrobatics|p1a: Ditto\n|-supereffective|p1a: Ditto\n|-damage|p1a: Ditto|0 fnt\n|faint|p1a: Ditto\n|\n|upkeep\n|\n|t:|1700106734\n|switch|p1a: Arceus|Arceus-Ground, shiny|100\/100\n|turn|13\n|inactive|obvSleepy has 120 seconds left.\n|inactive|obvSleepy has 90 seconds left.\n|\n|t:|1700106816\n|move|p2a: Sneasler|Close Combat|p1a: Arceus\n|-damage|p1a: Arceus|53\/100\n|-unboost|p2a: Sneasler|def|1\n|-unboost|p2a: Sneasler|spd|1\n|move|p1a: Arceus|Judgment|p2a: Sneasler\n|-supereffective|p2a: Sneasler\n|-damage|p2a: Sneasler|0 fnt\n|faint|p2a: Sneasler\n|\n|upkeep\n|\n|t:|1700106826\n|switch|p2a: Annihilape|Annihilape, F|100\/100\n|turn|14\n|\n|t:|1700106835\n|move|p1a: Arceus|Judgment|p2a: Annihilape\n|-damage|p2a: Annihilape|61\/100\n|move|p2a: Annihilape|Rage Fist|p1a: Arceus\n|-damage|p1a: Arceus|18\/100\n|\n|-heal|p2a: Annihilape|67\/100|[from] item: Leftovers\n|upkeep\n|turn|15\n|\n|t:|1700106842\n|move|p1a: Arceus|Recover|p1a: Arceus\n|-heal|p1a: Arceus|68\/100\n|move|p2a: Annihilape|Rage Fist|p1a: Arceus\n|-damage|p1a: Arceus|32\/100\n|\n|-heal|p2a: Annihilape|73\/100|[from] item: Leftovers\n|upkeep\n|turn|16\n|\n|t:|1700106847\n|move|p1a: Arceus|Recover|p1a: Arceus\n|-heal|p1a: Arceus|82\/100\n|move|p2a: Annihilape|Rage Fist|p1a: Arceus\n|-damage|p1a: Arceus|49\/100\n|\n|-heal|p2a: Annihilape|79\/100|[from] item: Leftovers\n|upkeep\n|turn|17\n|\n|t:|1700106852\n|move|p1a: Arceus|Judgment|p2a: Annihilape\n|-damage|p2a: Annihilape|36\/100\n|move|p2a: Annihilape|Bulk Up|p2a: Annihilape\n|-boost|p2a: Annihilape|atk|1\n|-boost|p2a: Annihilape|def|1\n|\n|-heal|p2a: Annihilape|42\/100|[from] item: Leftovers\n|-sideend|p1: obvSleepy|move: Light Screen\n|upkeep\n|turn|18\n|\n|t:|1700106858\n|move|p1a: Arceus|Judgment|p2a: Annihilape\n|-damage|p2a: Annihilape|1\/100\n|move|p2a: Annihilape|Rage Fist|p1a: Arceus\n|-damage|p1a: Arceus|0 fnt\n|faint|p1a: Arceus\n|\n|-heal|p2a: Annihilape|8\/100|[from] item: Leftovers\n|upkeep\n|\n|t:|1700106863\n|switch|p1a: Groudon|Groudon, shiny|100\/100\n|detailschange|p1a: Groudon|Groudon-Primal, shiny\n|-primal|p1a: Groudon|Red Orb\n|-weather|DesolateLand|[from] ability: Desolate Land|[of] p1a: Groudon\n|turn|19\n|\n|t:|1700106867\n|move|p1a: Groudon|Precipice Blades|p2a: Annihilape\n|-damage|p2a: Annihilape|0 fnt\n|faint|p2a: Annihilape\n|\n|-weather|DesolateLand|[upkeep]\n|upkeep\n|\n|t:|1700106871\n|switch|p2a: Ursaluna|Ursaluna-Bloodmoon, M|100\/100\n|turn|20\n|\n|t:|1700106885\n|move|p1a: Groudon|Swords Dance|p1a: Groudon\n|-boost|p1a: Groudon|atk|2\n|move|p2a: Ursaluna|Earth Power|p1a: Groudon\n|-supereffective|p1a: Groudon\n|-damage|p1a: Groudon|0 fnt\n|faint|p1a: Groudon\n|-weather|none\n|\n|upkeep\n|\n|t:|1700106889\n|switch|p1a: Necrozma|Necrozma-Dusk-Mane, shiny|100\/100\n|turn|21\n|\n|t:|1700106893\n|move|p1a: Necrozma|Dragon Dance|p1a: Necrozma\n|-boost|p1a: Necrozma|atk|1\n|-boost|p1a: Necrozma|spe|1\n|move|p2a: Ursaluna|Earth Power|p1a: Necrozma\n|-supereffective|p1a: Necrozma\n|-damage|p1a: Necrozma|0 fnt\n|faint|p1a: Necrozma\n|\n|win|BruhWhatLolOk\n|raw|obvSleepy's rating: 1124 &rarr; <strong>1102<\/strong><br \/>(-22 for losing)\n|raw|BruhWhatLolOk's rating: 1159 &rarr; <strong>1181<\/strong><br \/>(+22 for winning)\n|l|\u2606obvSleepy\n","uploadtime":1700106902,"views":8,"p1id":"obvsleepy","p2id":"bruhwhatlolok","formatid":"gen9nationaldexubers","rating":1102,"private":0,"password":""}