{"id":"gen9nationaldexubers-1991481337","p1":"gtantoine2003","p2":"INSECT-M0DE\ufe0f\u2733\ufe0f","format":"[Gen 9] National Dex Ubers","log":"|j|\u2606gtantoine2003\n|j|\u2606INSECT-M0DE\ufe0f\u2733\ufe0f\n|t:|1700080901\n|gametype|singles\n|player|p1|gtantoine2003|101|1119\n|player|p2|INSECT-M0DE\ufe0f\u2733\ufe0f|viola|1082\n|teamsize|p1|6\n|teamsize|p2|6\n|gen|9\n|tier|[Gen 9] National Dex Ubers\n|rated|\n|rule|HP Percentage Mod: HP is shown in percentages\n|rule|Endless Battle Clause: Forcing endless battles is banned\n|rule|OHKO Clause: OHKO moves are banned\n|rule|Evasion Moves Clause: Evasion moves are banned\n|rule|Evasion Items Clause: Evasion items are banned\n|rule|Species Clause: Limit one of each Pok\u00e9mon\n|rule|Sleep Clause Mod: Limit one foe put to sleep\n|rule|Mega Rayquaza Clause: You cannot mega evolve Rayquaza\n|clearpoke\n|poke|p1|Zoroark-Hisui, F|\n|poke|p1|Blissey, F|\n|poke|p1|Dondozo, F|\n|poke|p1|Florges-Yellow, F|\n|poke|p1|Slowbro-Galar, M|\n|poke|p1|Eelektross, M|\n|poke|p2|Ribombee, F|\n|poke|p2|Butterfree, F|\n|poke|p2|Scizor, F|\n|poke|p2|Volbeat, M|\n|poke|p2|Illumise, F|\n|poke|p2|Genesect|\n|teampreview\n|inactive|Battle timer is ON: inactive players will automatically lose when time's up. (requested by gtantoine2003)\n|\n|t:|1700080911\n|start\n|switch|p1a: mega leveinard|Blissey, F|100\/100\n|switch|p2a: \ud83e\udd8bRIBIMBEE\ud83e\udd8b|Ribombee, F|100\/100\n|turn|1\n|\n|t:|1700080919\n|move|p2a: \ud83e\udd8bRIBIMBEE\ud83e\udd8b|Sticky Web|p1a: mega leveinard\n|-sidestart|p1: gtantoine2003|move: Sticky Web\n|move|p1a: mega leveinard|Thunder Wave|p2a: \ud83e\udd8bRIBIMBEE\ud83e\udd8b\n|-status|p2a: \ud83e\udd8bRIBIMBEE\ud83e\udd8b|par\n|\n|upkeep\n|turn|2\n|\n|t:|1700080928\n|move|p2a: \ud83e\udd8bRIBIMBEE\ud83e\udd8b|Stun Spore|p1a: mega leveinard\n|-status|p1a: mega leveinard|par\n|move|p1a: mega leveinard|Stealth Rock|p2a: \ud83e\udd8bRIBIMBEE\ud83e\udd8b\n|-sidestart|p2: INSECT-M0DE\ufe0f\u2733\ufe0f|move: Stealth Rock\n|\n|upkeep\n|turn|3\n|\n|t:|1700080936\n|move|p2a: \ud83e\udd8bRIBIMBEE\ud83e\udd8b|Bug Buzz|p1a: mega leveinard\n|-crit|p1a: mega leveinard\n|-damage|p1a: mega leveinard|79\/100 par\n|move|p1a: mega leveinard|Seismic Toss|p2a: \ud83e\udd8bRIBIMBEE\ud83e\udd8b\n|-damage|p2a: \ud83e\udd8bRIBIMBEE\ud83e\udd8b|62\/100 par\n|\n|-heal|p1a: mega leveinard|85\/100 par|[from] item: Leftovers\n|upkeep\n|turn|4\n|\n|t:|1700080949\n|-zpower|p2a: \ud83e\udd8bRIBIMBEE\ud83e\udd8b\n|move|p2a: \ud83e\udd8bRIBIMBEE\ud83e\udd8b|Savage Spin-Out|p1a: mega leveinard|[zeffect]\n|-damage|p1a: mega leveinard|59\/100 par\n|move|p1a: mega leveinard|Seismic Toss|p2a: \ud83e\udd8bRIBIMBEE\ud83e\udd8b\n|-damage|p2a: \ud83e\udd8bRIBIMBEE\ud83e\udd8b|24\/100 par\n|\n|-heal|p1a: mega leveinard|66\/100 par|[from] item: Leftovers\n|upkeep\n|turn|5\n|\n|t:|1700080964\n|cant|p2a: \ud83e\udd8bRIBIMBEE\ud83e\udd8b|par\n|move|p1a: mega leveinard|Seismic Toss|p2a: \ud83e\udd8bRIBIMBEE\ud83e\udd8b\n|-damage|p2a: \ud83e\udd8bRIBIMBEE\ud83e\udd8b|0 fnt\n|faint|p2a: \ud83e\udd8bRIBIMBEE\ud83e\udd8b\n|\n|-heal|p1a: mega leveinard|72\/100 par|[from] item: Leftovers\n|upkeep\n|\n|t:|1700080973\n|switch|p2a: \u26a1\ufe0f\ud83e\udeb2VOLTBEAT!\ud83e\udeb2\u26a1\ufe0f|Volbeat, M, shiny|100\/100\n|-damage|p2a: \u26a1\ufe0f\ud83e\udeb2VOLTBEAT!\ud83e\udeb2\u26a1\ufe0f|76\/100|[from] Stealth Rock\n|turn|6\n|\n|t:|1700080979\n|-terastallize|p2a: \u26a1\ufe0f\ud83e\udeb2VOLTBEAT!\ud83e\udeb2\u26a1\ufe0f|Electric\n|move|p2a: \u26a1\ufe0f\ud83e\udeb2VOLTBEAT!\ud83e\udeb2\u26a1\ufe0f|Tail Glow|p2a: \u26a1\ufe0f\ud83e\udeb2VOLTBEAT!\ud83e\udeb2\u26a1\ufe0f\n|-boost|p2a: \u26a1\ufe0f\ud83e\udeb2VOLTBEAT!\ud83e\udeb2\u26a1\ufe0f|spa|3\n|cant|p1a: mega leveinard|par\n|\n|-heal|p1a: mega leveinard|78\/100 par|[from] item: Leftovers\n|upkeep\n|turn|7\n|\n|t:|1700080990\n|move|p2a: \u26a1\ufe0f\ud83e\udeb2VOLTBEAT!\ud83e\udeb2\u26a1\ufe0f|Thunderbolt|p1a: mega leveinard\n|-damage|p1a: mega leveinard|49\/100 par\n|move|p1a: mega leveinard|Seismic Toss|p2a: \u26a1\ufe0f\ud83e\udeb2VOLTBEAT!\ud83e\udeb2\u26a1\ufe0f\n|-damage|p2a: \u26a1\ufe0f\ud83e\udeb2VOLTBEAT!\ud83e\udeb2\u26a1\ufe0f|39\/100\n|\n|-heal|p1a: mega leveinard|55\/100 par|[from] item: Leftovers\n|upkeep\n|turn|8\n|\n|t:|1700081001\n|move|p2a: \u26a1\ufe0f\ud83e\udeb2VOLTBEAT!\ud83e\udeb2\u26a1\ufe0f|Tail Glow|p2a: \u26a1\ufe0f\ud83e\udeb2VOLTBEAT!\ud83e\udeb2\u26a1\ufe0f\n|-boost|p2a: \u26a1\ufe0f\ud83e\udeb2VOLTBEAT!\ud83e\udeb2\u26a1\ufe0f|spa|3\n|move|p1a: mega leveinard|Seismic Toss|p2a: \u26a1\ufe0f\ud83e\udeb2VOLTBEAT!\ud83e\udeb2\u26a1\ufe0f\n|-damage|p2a: \u26a1\ufe0f\ud83e\udeb2VOLTBEAT!\ud83e\udeb2\u26a1\ufe0f|2\/100\n|\n|-heal|p1a: mega leveinard|61\/100 par|[from] item: Leftovers\n|upkeep\n|turn|9\n|\n|t:|1700081015\n|move|p2a: \u26a1\ufe0f\ud83e\udeb2VOLTBEAT!\ud83e\udeb2\u26a1\ufe0f|Thunderbolt|p1a: mega leveinard\n|-damage|p1a: mega leveinard|8\/100 par\n|move|p1a: mega leveinard|Seismic Toss|p2a: \u26a1\ufe0f\ud83e\udeb2VOLTBEAT!\ud83e\udeb2\u26a1\ufe0f\n|-damage|p2a: \u26a1\ufe0f\ud83e\udeb2VOLTBEAT!\ud83e\udeb2\u26a1\ufe0f|0 fnt\n|faint|p2a: \u26a1\ufe0f\ud83e\udeb2VOLTBEAT!\ud83e\udeb2\u26a1\ufe0f\n|\n|-heal|p1a: mega leveinard|14\/100 par|[from] item: Leftovers\n|upkeep\n|\n|t:|1700081025\n|switch|p2a: \ud83e\udd82\ud83d\udd78SCIZOR\ud83d\udd78 \ud83e\udeb3|Scizor, F, shiny|100\/100\n|-damage|p2a: \ud83e\udd82\ud83d\udd78SCIZOR\ud83d\udd78 \ud83e\udeb3|88\/100|[from] Stealth Rock\n|turn|10\n|\n|t:|1700081031\n|move|p2a: \ud83e\udd82\ud83d\udd78SCIZOR\ud83d\udd78 \ud83e\udeb3|X-Scissor|p1a: mega leveinard\n|-damage|p1a: mega leveinard|0 fnt\n|faint|p1a: mega leveinard\n|\n|upkeep\n|\n|t:|1700081036\n|switch|p1a: au massacre|Eelektross, M|100\/100\n|turn|11\n|\n|t:|1700081043\n|detailschange|p2a: \ud83e\udd82\ud83d\udd78SCIZOR\ud83d\udd78 \ud83e\udeb3|Scizor-Mega, F, shiny\n|-mega|p2a: \ud83e\udd82\ud83d\udd78SCIZOR\ud83d\udd78 \ud83e\udeb3|Scizor|Scizorite\n|move|p2a: \ud83e\udd82\ud83d\udd78SCIZOR\ud83d\udd78 \ud83e\udeb3|Swords Dance|p2a: \ud83e\udd82\ud83d\udd78SCIZOR\ud83d\udd78 \ud83e\udeb3\n|-boost|p2a: \ud83e\udd82\ud83d\udd78SCIZOR\ud83d\udd78 \ud83e\udeb3|atk|2\n|move|p1a: au massacre|Power-Up Punch|p2a: \ud83e\udd82\ud83d\udd78SCIZOR\ud83d\udd78 \ud83e\udeb3\n|-damage|p2a: \ud83e\udd82\ud83d\udd78SCIZOR\ud83d\udd78 \ud83e\udeb3|75\/100\n|-boost|p1a: au massacre|atk|1\n|\n|upkeep\n|turn|12\n|\n|t:|1700081054\n|move|p2a: \ud83e\udd82\ud83d\udd78SCIZOR\ud83d\udd78 \ud83e\udeb3|X-Scissor|p1a: au massacre\n|-damage|p1a: au massacre|0 fnt\n|faint|p1a: au massacre\n|\n|upkeep\n|\n|t:|1700081065\n|switch|p1a: ramoloss de hisui|Slowbro-Galar, M|100\/100\n|-activate|p1a: ramoloss de hisui|move: Sticky Web\n|-unboost|p1a: ramoloss de hisui|spe|1\n|turn|13\n|-activate|p1a: ramoloss de hisui|item: Quick Claw\n|\n|t:|1700081072\n|move|p1a: ramoloss de hisui|Future Sight|p2a: \ud83e\udd82\ud83d\udd78SCIZOR\ud83d\udd78 \ud83e\udeb3\n|-start|p1a: ramoloss de hisui|move: Future Sight\n|move|p2a: \ud83e\udd82\ud83d\udd78SCIZOR\ud83d\udd78 \ud83e\udeb3|X-Scissor|p1a: ramoloss de hisui\n|-damage|p1a: ramoloss de hisui|10\/100\n|\n|upkeep\n|turn|14\n|\n|t:|1700081079\n|move|p2a: \ud83e\udd82\ud83d\udd78SCIZOR\ud83d\udd78 \ud83e\udeb3|Bug Buzz|p1a: ramoloss de hisui\n|-damage|p1a: ramoloss de hisui|0 fnt\n|faint|p1a: ramoloss de hisui\n|\n|upkeep\n|\n|t:|1700081082\n|switch|p1a: pissenlit|Florges-Yellow, F|100\/100\n|-activate|p1a: pissenlit|move: Sticky Web\n|-unboost|p1a: pissenlit|spe|1\n|turn|15\n|\n|t:|1700081089\n|move|p2a: \ud83e\udd82\ud83d\udd78SCIZOR\ud83d\udd78 \ud83e\udeb3|Bullet Punch|p1a: pissenlit\n|-supereffective|p1a: pissenlit\n|-enditem|p1a: pissenlit|Babiri Berry|[eat]\n|-enditem|p1a: pissenlit|Babiri Berry|[weaken]\n|-damage|p1a: pissenlit|33\/100\n|move|p1a: pissenlit|Tera Blast|p2a: \ud83e\udd82\ud83d\udd78SCIZOR\ud83d\udd78 \ud83e\udeb3\n|-resisted|p2a: \ud83e\udd82\ud83d\udd78SCIZOR\ud83d\udd78 \ud83e\udeb3\n|-damage|p2a: \ud83e\udd82\ud83d\udd78SCIZOR\ud83d\udd78 \ud83e\udeb3|63\/100\n|\n|-end|p2a: \ud83e\udd82\ud83d\udd78SCIZOR\ud83d\udd78 \ud83e\udeb3|move: Future Sight\n|-resisted|p2a: \ud83e\udd82\ud83d\udd78SCIZOR\ud83d\udd78 \ud83e\udeb3\n|-damage|p2a: \ud83e\udd82\ud83d\udd78SCIZOR\ud83d\udd78 \ud83e\udeb3|34\/100\n|upkeep\n|turn|16\n|\n|t:|1700081101\n|move|p2a: \ud83e\udd82\ud83d\udd78SCIZOR\ud83d\udd78 \ud83e\udeb3|Swords Dance|p2a: \ud83e\udd82\ud83d\udd78SCIZOR\ud83d\udd78 \ud83e\udeb3\n|-boost|p2a: \ud83e\udd82\ud83d\udd78SCIZOR\ud83d\udd78 \ud83e\udeb3|atk|2\n|move|p1a: pissenlit|Draining Kiss|p2a: \ud83e\udd82\ud83d\udd78SCIZOR\ud83d\udd78 \ud83e\udeb3\n|-resisted|p2a: \ud83e\udd82\ud83d\udd78SCIZOR\ud83d\udd78 \ud83e\udeb3\n|-damage|p2a: \ud83e\udd82\ud83d\udd78SCIZOR\ud83d\udd78 \ud83e\udeb3|23\/100\n|-heal|p1a: pissenlit|39\/100|[from] drain|[of] p2a: \ud83e\udd82\ud83d\udd78SCIZOR\ud83d\udd78 \ud83e\udeb3\n|\n|upkeep\n|turn|17\n|\n|t:|1700081109\n|move|p2a: \ud83e\udd82\ud83d\udd78SCIZOR\ud83d\udd78 \ud83e\udeb3|X-Scissor|p1a: pissenlit\n|-resisted|p1a: pissenlit\n|-damage|p1a: pissenlit|0 fnt\n|faint|p1a: pissenlit\n|\n|upkeep\n|\n|t:|1700081111\n|switch|p1a: wailmerde|Dondozo, F|100\/100\n|-activate|p1a: wailmerde|move: Sticky Web\n|-unboost|p1a: wailmerde|spe|1\n|turn|18\n|\n|t:|1700081119\n|move|p2a: \ud83e\udd82\ud83d\udd78SCIZOR\ud83d\udd78 \ud83e\udeb3|X-Scissor|p1a: wailmerde\n|-damage|p1a: wailmerde|71\/100\n|-damage|p2a: \ud83e\udd82\ud83d\udd78SCIZOR\ud83d\udd78 \ud83e\udeb3|7\/100|[from] item: Rocky Helmet|[of] p1a: wailmerde\n|move|p1a: wailmerde|Curse|p1a: wailmerde\n|-unboost|p1a: wailmerde|spe|1\n|-boost|p1a: wailmerde|atk|1\n|-boost|p1a: wailmerde|def|1\n|\n|upkeep\n|turn|19\n|\n|t:|1700081132\n|move|p2a: \ud83e\udd82\ud83d\udd78SCIZOR\ud83d\udd78 \ud83e\udeb3|Bug Buzz|p1a: wailmerde\n|-damage|p1a: wailmerde|53\/100\n|move|p1a: wailmerde|Curse|p1a: wailmerde\n|-unboost|p1a: wailmerde|spe|1\n|-boost|p1a: wailmerde|atk|1\n|-boost|p1a: wailmerde|def|1\n|\n|upkeep\n|turn|20\n|\n|t:|1700081140\n|move|p2a: \ud83e\udd82\ud83d\udd78SCIZOR\ud83d\udd78 \ud83e\udeb3|Bug Buzz|p1a: wailmerde\n|-damage|p1a: wailmerde|35\/100\n|move|p1a: wailmerde|Curse|p1a: wailmerde\n|-unboost|p1a: wailmerde|spe|1\n|-boost|p1a: wailmerde|atk|1\n|-boost|p1a: wailmerde|def|1\n|\n|upkeep\n|turn|21\n|\n|t:|1700081148\n|move|p2a: \ud83e\udd82\ud83d\udd78SCIZOR\ud83d\udd78 \ud83e\udeb3|Bug Buzz|p1a: wailmerde\n|-damage|p1a: wailmerde|15\/100\n|move|p1a: wailmerde|Rest|p1a: wailmerde\n|-status|p1a: wailmerde|slp|[from] move: Rest\n|-heal|p1a: wailmerde|100\/100 slp|[silent]\n|\n|upkeep\n|turn|22\n|\n|t:|1700081157\n|move|p2a: \ud83e\udd82\ud83d\udd78SCIZOR\ud83d\udd78 \ud83e\udeb3|Bug Buzz|p1a: wailmerde\n|-damage|p1a: wailmerde|80\/100 slp\n|cant|p1a: wailmerde|slp\n|\n|upkeep\n|turn|23\n|\n|t:|1700081167\n|move|p2a: \ud83e\udd82\ud83d\udd78SCIZOR\ud83d\udd78 \ud83e\udeb3|Bug Buzz|p1a: wailmerde\n|-crit|p1a: wailmerde\n|-damage|p1a: wailmerde|51\/100 slp\n|cant|p1a: wailmerde|slp\n|\n|upkeep\n|turn|24\n|\n|t:|1700081174\n|move|p2a: \ud83e\udd82\ud83d\udd78SCIZOR\ud83d\udd78 \ud83e\udeb3|Bug Buzz|p1a: wailmerde\n|-damage|p1a: wailmerde|34\/100 slp\n|-curestatus|p1a: wailmerde|slp|[msg]\n|move|p1a: wailmerde|Liquidation|p2a: \ud83e\udd82\ud83d\udd78SCIZOR\ud83d\udd78 \ud83e\udeb3\n|-damage|p2a: \ud83e\udd82\ud83d\udd78SCIZOR\ud83d\udd78 \ud83e\udeb3|0 fnt\n|faint|p2a: \ud83e\udd82\ud83d\udd78SCIZOR\ud83d\udd78 \ud83e\udeb3\n|\n|upkeep\n|\n|t:|1700081183\n|switch|p2a: \ud83e\udeb2\ud83d\udd78GENSECT\ud83d\udd78\ud83e\udd82|Genesect, shiny|100\/100\n|-damage|p2a: \ud83e\udeb2\ud83d\udd78GENSECT\ud83d\udd78\ud83e\udd82|88\/100|[from] Stealth Rock\n|-ability|p2a: \ud83e\udeb2\ud83d\udd78GENSECT\ud83d\udd78\ud83e\udd82|Download|boost\n|-boost|p2a: \ud83e\udeb2\ud83d\udd78GENSECT\ud83d\udd78\ud83e\udd82|spa|1\n|turn|25\n|\n|t:|1700081190\n|-terastallize|p1a: wailmerde|Ground\n|move|p2a: \ud83e\udeb2\ud83d\udd78GENSECT\ud83d\udd78\ud83e\udd82|Bug Buzz|p1a: wailmerde\n|-damage|p1a: wailmerde|0 fnt\n|faint|p1a: wailmerde\n|\n|upkeep\n|\n|t:|1700081191\n|switch|p1a: d1ck p1ck|Zoroark-Hisui, F|100\/100\n|-activate|p1a: d1ck p1ck|move: Sticky Web\n|-unboost|p1a: d1ck p1ck|spe|1\n|turn|26\n|\n|t:|1700081201\n|move|p2a: \ud83e\udeb2\ud83d\udd78GENSECT\ud83d\udd78\ud83e\udd82|Bug Buzz|p1a: d1ck p1ck\n|-resisted|p1a: d1ck p1ck\n|-damage|p1a: d1ck p1ck|7\/100\n|move|p1a: d1ck p1ck|Dark Pulse|p2a: \ud83e\udeb2\ud83d\udd78GENSECT\ud83d\udd78\ud83e\udd82\n|-damage|p2a: \ud83e\udeb2\ud83d\udd78GENSECT\ud83d\udd78\ud83e\udd82|55\/100\n|\n|upkeep\n|turn|27\n|-message|gtantoine2003 forfeited.\n|\n|win|INSECT-M0DE\ufe0f\u2733\ufe0f\n|raw|gtantoine2003's rating: 1119 &rarr; <strong>1091<\/strong><br \/>(-28 for losing)\n|raw|INSECT-M0DE\ufe0f\u2733\ufe0f's rating: 1082 &rarr; <strong>1113<\/strong><br \/>(+31 for winning)\n|l|\u2606gtantoine2003\n","uploadtime":1700081231,"views":10,"p1id":"gtantoine2003","p2id":"insectm0de","formatid":"gen9nationaldexubers","rating":1091,"private":0,"password":""}