{"id":"gen9nationaldexubers-1988541114","p1":"Armingamer54","p2":"Arnaenaed \u223e","format":"[Gen 9] National Dex Ubers","log":"|j|\u2606Armingamer54\n|j|\u2606Arnaenaed \u223e\n|t:|1699734014\n|gametype|singles\n|player|p1|Armingamer54|cynthia|\n|player|p2|Arnaenaed \u223e|birdkeeper-gen3rs|\n|teamsize|p1|6\n|teamsize|p2|6\n|gen|9\n|tier|[Gen 9] National Dex Ubers\n|rule|HP Percentage Mod: HP is shown in percentages\n|rule|Endless Battle Clause: Forcing endless battles is banned\n|rule|OHKO Clause: OHKO moves are banned\n|rule|Evasion Moves Clause: Evasion moves are banned\n|rule|Evasion Items Clause: Evasion items are banned\n|rule|Species Clause: Limit one of each Pok\u00e9mon\n|rule|Sleep Clause Mod: Limit one foe put to sleep\n|rule|Mega Rayquaza Clause: You cannot mega evolve Rayquaza\n|clearpoke\n|poke|p1|Zygarde|\n|poke|p1|Yveltal|\n|poke|p1|Goodra, M|\n|poke|p1|Klefki, F|\n|poke|p1|Aegislash, M|\n|poke|p1|Sylveon, M|\n|poke|p2|Xerneas-*|\n|poke|p2|Zygarde|\n|poke|p2|Delphox, M|\n|poke|p2|Greninja-*, F|\n|poke|p2|Avalugg, M|\n|poke|p2|Hawlucha, M|\n|teampreview\n|\n|t:|1699734050\n|start\n|switch|p1a: Sylveon|Sylveon, M|100\/100\n|switch|p2a: Greninja|Greninja, F|100\/100\n|turn|1\n|\n|t:|1699734061\n|move|p1a: Sylveon|Protect|p1a: Sylveon\n|-singleturn|p1a: Sylveon|Protect\n|move|p2a: Greninja|Toxic Spikes|p1a: Sylveon\n|-start|p2a: Greninja|typechange|Poison|[from] ability: Protean\n|-sidestart|p1: Armingamer54|move: Toxic Spikes\n|\n|upkeep\n|turn|2\n|\n|t:|1699734091\n|switch|p1a: Yveltal|Yveltal|100\/100\n|-ability|p1a: Yveltal|Dark Aura\n|move|p2a: Greninja|Toxic Spikes|p1a: Yveltal\n|-sidestart|p1: Armingamer54|move: Toxic Spikes\n|\n|upkeep\n|turn|3\n|\n|t:|1699734106\n|move|p2a: Greninja|Ice Beam|p1a: Yveltal\n|-supereffective|p1a: Yveltal\n|-damage|p1a: Yveltal|56\/100\n|move|p1a: Yveltal|Oblivion Wing|p2a: Greninja\n|-enditem|p2a: Greninja|Focus Sash\n|-damage|p2a: Greninja|1\/100\n|-heal|p1a: Yveltal|100\/100|[from] drain|[of] p2a: Greninja\n|-damage|p1a: Yveltal|91\/100|[from] item: Life Orb\n|\n|upkeep\n|turn|4\n|\n|t:|1699734116\n|move|p2a: Greninja|Spikes|p1a: Yveltal\n|-sidestart|p1: Armingamer54|Spikes\n|move|p1a: Yveltal|Oblivion Wing|p2a: Greninja\n|-damage|p2a: Greninja|0 fnt\n|-heal|p1a: Yveltal|91\/100|[from] drain|[of] p2a: Greninja\n|faint|p2a: Greninja\n|-damage|p1a: Yveltal|81\/100|[from] item: Life Orb\n|\n|upkeep\n|\n|t:|1699734135\n|switch|p2a: Xerneas|Xerneas|100\/100\n|-ability|p2a: Xerneas|Fairy Aura\n|turn|5\n|\n|t:|1699734140\n|switch|p1a: Aegislash|Aegislash, M|100\/100\n|-damage|p1a: Aegislash|88\/100|[from] Spikes\n|move|p2a: Xerneas|Geomancy||[still]\n|-prepare|p2a: Xerneas|Geomancy\n|-enditem|p2a: Xerneas|Power Herb\n|-anim|p2a: Xerneas|Geomancy|p2a: Xerneas\n|-boost|p2a: Xerneas|spa|2\n|-boost|p2a: Xerneas|spd|2\n|-boost|p2a: Xerneas|spe|2\n|-enditem|p1a: Aegislash|Mirror Herb\n|-boost|p1a: Aegislash|spa|2|[from] item: Mirror Herb\n|-boost|p1a: Aegislash|spd|2|[from] item: Mirror Herb\n|-boost|p1a: Aegislash|spe|2|[from] item: Mirror Herb\n|\n|upkeep\n|turn|6\n|\n|t:|1699734157\n|-terastallize|p2a: Xerneas|Fire\n|move|p2a: Xerneas|Hidden Power|p1a: Aegislash\n|-supereffective|p1a: Aegislash\n|-damage|p1a: Aegislash|28\/100\n|-formechange|p1a: Aegislash|Aegislash-Blade||[from] ability: Stance Change\n|move|p1a: Aegislash|Iron Head|p2a: Xerneas\n|-resisted|p2a: Xerneas\n|-crit|p2a: Xerneas\n|-damage|p2a: Xerneas|70\/100\n|\n|upkeep\n|turn|7\n|\n|t:|1699734171\n|-formechange|p1a: Aegislash|Aegislash||[from] ability: Stance Change\n|move|p1a: Aegislash|King's Shield|p1a: Aegislash\n|-singleturn|p1a: Aegislash|Protect\n|move|p2a: Xerneas|Hidden Power|p1a: Aegislash\n|-activate|p1a: Aegislash|move: Protect\n|\n|upkeep\n|turn|8\n|\n|t:|1699734179\n|move|p2a: Xerneas|Hidden Power|p1a: Aegislash\n|-supereffective|p1a: Aegislash\n|-damage|p1a: Aegislash|0 fnt\n|faint|p1a: Aegislash\n|\n|upkeep\n|\n|t:|1699734190\n|switch|p1a: Sylveon|Sylveon, M|100\/100\n|-status|p1a: Sylveon|tox\n|-damage|p1a: Sylveon|88\/100 tox|[from] Spikes\n|turn|9\n|\n|t:|1699734198\n|move|p2a: Xerneas|Flash Cannon|p1a: Sylveon\n|-supereffective|p1a: Sylveon\n|-damage|p1a: Sylveon|0 fnt\n|faint|p1a: Sylveon\n|\n|upkeep\n|\n|t:|1699734206\n|switch|p1a: Klefki|Klefki, F|100\/100\n|-damage|p1a: Klefki|88\/100|[from] Spikes\n|turn|10\n|\n|t:|1699734211\n|move|p1a: Klefki|Light Screen|p1a: Klefki\n|-sidestart|p1: Armingamer54|move: Light Screen\n|move|p2a: Xerneas|Hidden Power|p1a: Klefki\n|-supereffective|p1a: Klefki\n|-crit|p1a: Klefki\n|-damage|p1a: Klefki|0 fnt\n|faint|p1a: Klefki\n|\n|upkeep\n|\n|t:|1699734222\n|switch|p1a: Goodra|Goodra, M|100\/100\n|-status|p1a: Goodra|tox\n|-damage|p1a: Goodra|88\/100 tox|[from] Spikes\n|turn|11\n|\n|t:|1699734231\n|move|p2a: Xerneas|Moonblast|p1a: Goodra\n|-supereffective|p1a: Goodra\n|-damage|p1a: Goodra|19\/100 tox\n|move|p1a: Goodra|Scald|p2a: Xerneas\n|-supereffective|p2a: Xerneas\n|-damage|p2a: Xerneas|49\/100\n|\n|-damage|p1a: Goodra|12\/100 tox|[from] psn\n|upkeep\n|turn|12\n|\n|t:|1699734242\n|move|p2a: Xerneas|Moonblast|p1a: Goodra\n|-supereffective|p1a: Goodra\n|-damage|p1a: Goodra|0 fnt\n|faint|p1a: Goodra\n|\n|upkeep\n|\n|t:|1699734251\n|switch|p1a: Zygarde|Zygarde|100\/100\n|-status|p1a: Zygarde|tox\n|-damage|p1a: Zygarde|88\/100 tox|[from] Spikes\n|turn|13\n|\n|t:|1699734262\n|-terastallize|p1a: Zygarde|Fairy\n|move|p2a: Xerneas|Moonblast|p1a: Zygarde\n|-damage|p1a: Zygarde|18\/100 tox\n|move|p1a: Zygarde|Dragon Dance|p1a: Zygarde\n|-boost|p1a: Zygarde|atk|1\n|-boost|p1a: Zygarde|spe|1\n|\n|-heal|p1a: Zygarde|24\/100 tox|[from] item: Leftovers\n|-damage|p1a: Zygarde|18\/100 tox|[from] psn\n|-activate|p1a: Zygarde|ability: Power Construct\n|detailschange|p1a: Zygarde|Zygarde-Complete, tera:Fairy\n|-heal|p1a: Zygarde|49\/100 tox|[silent]\n|upkeep\n|turn|14\n|\n|t:|1699734278\n|move|p2a: Xerneas|Flash Cannon|p1a: Zygarde\n|-supereffective|p1a: Zygarde\n|-damage|p1a: Zygarde|9\/100 tox\n|move|p1a: Zygarde|Thousand Arrows|p2a: Xerneas\n|-supereffective|p2a: Xerneas\n|-damage|p2a: Xerneas|0 fnt\n|faint|p2a: Xerneas\n|\n|-heal|p1a: Zygarde|15\/100 tox|[from] item: Leftovers\n|-damage|p1a: Zygarde|3\/100 tox|[from] psn\n|upkeep\n|\n|t:|1699734325\n|switch|p2a: Delphox|Delphox, M|100\/100\n|turn|15\n|\n|t:|1699734330\n|move|p1a: Zygarde|Thousand Arrows|p2a: Delphox\n|-supereffective|p2a: Delphox\n|-damage|p2a: Delphox|0 fnt\n|faint|p2a: Delphox\n|\n|-heal|p1a: Zygarde|9\/100 tox|[from] item: Leftovers\n|-damage|p1a: Zygarde|0 fnt|[from] psn\n|faint|p1a: Zygarde\n|upkeep\n|\n|t:|1699734344\n|switch|p2a: Avalugg|Avalugg, M|100\/100\n|switch|p1a: Yveltal|Yveltal|81\/100\n|-ability|p1a: Yveltal|Dark Aura\n|turn|16\n|\n|t:|1699734353\n|move|p1a: Yveltal|Dark Pulse|p2a: Avalugg\n|-ability|p2a: Avalugg|Sturdy\n|-damage|p2a: Avalugg|1\/100\n|-damage|p1a: Yveltal|71\/100|[from] item: Life Orb\n|cant|p2a: Avalugg|flinch\n|\n|upkeep\n|turn|17\n|c|\u2606Arnaenaed \u223e|f\n|\n|t:|1699734364\n|move|p1a: Yveltal|Heat Wave|p2a: Avalugg\n|-supereffective|p2a: Avalugg\n|-damage|p2a: Avalugg|0 fnt\n|faint|p2a: Avalugg\n|-damage|p1a: Yveltal|61\/100|[from] item: Life Orb\n|\n|-sideend|p1: Armingamer54|move: Light Screen\n|upkeep\n|\n|t:|1699734376\n|switch|p2a: Zygarde|Zygarde|100\/100\n|turn|18\n|\n|t:|1699734381\n|move|p1a: Yveltal|Dark Pulse|p2a: Zygarde\n|-damage|p2a: Zygarde|41\/100\n|-damage|p1a: Yveltal|51\/100|[from] item: Life Orb\n|cant|p2a: Zygarde|flinch\n|\n|-heal|p2a: Zygarde|47\/100|[from] item: Leftovers\n|-activate|p2a: Zygarde|ability: Power Construct\n|detailschange|p2a: Zygarde|Zygarde-Complete\n|-heal|p2a: Zygarde|67\/100|[silent]\n|upkeep\n|turn|19\n|c|\u2606Arnaenaed \u223e|BRO\n|c|\u2606Arnaenaed \u223e|xddd\n|\n|t:|1699734398\n|move|p1a: Yveltal|Dark Pulse|p2a: Zygarde\n|-damage|p2a: Zygarde|27\/100\n|-damage|p1a: Yveltal|41\/100|[from] item: Life Orb\n|move|p2a: Zygarde|Thousand Arrows|p1a: Yveltal\n|-damage|p1a: Yveltal|8\/100\n|-start|p1a: Yveltal|Smack Down\n|\n|-heal|p2a: Zygarde|33\/100|[from] item: Leftovers\n|upkeep\n|turn|20\n|\n|t:|1699734415\n|move|p1a: Yveltal|Oblivion Wing|p2a: Zygarde\n|-damage|p2a: Zygarde|3\/100\n|-heal|p1a: Yveltal|42\/100|[from] drain|[of] p2a: Zygarde\n|-damage|p1a: Yveltal|33\/100|[from] item: Life Orb\n|move|p2a: Zygarde|Thousand Arrows|p1a: Yveltal\n|-damage|p1a: Yveltal|0 fnt\n|faint|p1a: Yveltal\n|\n|win|Arnaenaed \u223e\n|c|\u2606Arnaenaed \u223e|gg\n","uploadtime":1699734430,"views":12,"p1id":"armingamer54","p2id":"arnaenaed","formatid":"gen9nationaldexubers","rating":0,"private":0,"password":""}