{"id":"gen9nationaldexubers-1978053077","p1":"Abdou\/Victor blade","p2":"youssefjaipasdin","format":"[Gen 9] National Dex Ubers","log":"|j|\u2606Abdou\/Victor blade\n|j|\u2606youssefjaipasdin\n|t:|1698491878\n|gametype|singles\n|player|p1|Abdou\/Victor blade|266|\n|player|p2|youssefjaipasdin|lucas|\n|teamsize|p1|4\n|teamsize|p2|3\n|gen|9\n|tier|[Gen 9] National Dex Ubers\n|rule|HP Percentage Mod: HP is shown in percentages\n|rule|Endless Battle Clause: Forcing endless battles is banned\n|rule|OHKO Clause: OHKO moves are banned\n|rule|Evasion Moves Clause: Evasion moves are banned\n|rule|Evasion Items Clause: Evasion items are banned\n|rule|Species Clause: Limit one of each Pok\u00e9mon\n|rule|Sleep Clause Mod: Limit one foe put to sleep\n|rule|Mega Rayquaza Clause: You cannot mega evolve Rayquaza\n|clearpoke\n|poke|p1|Treecko, L9, M|\n|poke|p1|Magikarp, L6, F|\n|poke|p1|Sentret, L7, F|\n|poke|p1|Poochyena, L5, F|\n|poke|p2|Riolu, L8, M|\n|poke|p2|Taillow, L9, F|\n|poke|p2|Magikarp, L4, M|\n|teampreview\n|j| Half_A_Ako\n|inactive|Battle timer is ON: inactive players will automatically lose when time's up. (requested by youssefjaipasdin)\n|\n|t:|1698491914\n|start\n|switch|p1a: Leaf|Treecko, L9, M|100\/100\n|switch|p2a: Riolu|Riolu, L8, M|100\/100\n|turn|1\n|\n|t:|1698491922\n|switch|p2a: Magikarp|Magikarp, L4, M|100\/100\n|move|p1a: Leaf|Quick Attack|p2a: Magikarp\n|-crit|p2a: Magikarp\n|-damage|p2a: Magikarp|53\/100\n|\n|upkeep\n|turn|2\n|\n|t:|1698491932\n|move|p1a: Leaf|Leafage|p2a: Magikarp\n|-supereffective|p2a: Magikarp\n|-damage|p2a: Magikarp|0 fnt\n|faint|p2a: Magikarp\n|\n|upkeep\n|\n|t:|1698491937\n|switch|p2a: Taillow|Taillow, L9, F|100\/100\n|turn|3\n|\n|t:|1698491943\n|switch|p1a: Poochyena|Poochyena, L5, F|100\/100\n|move|p2a: Taillow|Peck|p1a: Poochyena\n|-damage|p1a: Poochyena|40\/100\n|\n|upkeep\n|turn|4\n|\n|t:|1698491956\n|move|p2a: Taillow|Quick Attack|p1a: Poochyena\n|-damage|p1a: Poochyena|0 fnt\n|faint|p1a: Poochyena\n|\n|upkeep\n|\n|t:|1698491962\n|switch|p1a: Sentret|Sentret, L7, F|100\/100\n|turn|5\n|\n|t:|1698491968\n|switch|p2a: Riolu|Riolu, L8, M|100\/100\n|move|p1a: Sentret|Quick Attack|p2a: Riolu\n|-damage|p2a: Riolu|77\/100\n|\n|upkeep\n|turn|6\n|\n|t:|1698491975\n|move|p1a: Sentret|Quick Attack|p2a: Riolu\n|-damage|p2a: Riolu|54\/100\n|move|p2a: Riolu|Rock Smash|p1a: Sentret\n|-supereffective|p1a: Sentret\n|-damage|p1a: Sentret|29\/100\n|-unboost|p1a: Sentret|def|1\n|\n|upkeep\n|turn|7\n|\n|t:|1698491984\n|move|p1a: Sentret|Quick Attack|p2a: Riolu\n|-damage|p2a: Riolu|31\/100\n|move|p2a: Riolu|Rock Smash|p1a: Sentret\n|-supereffective|p1a: Sentret\n|-damage|p1a: Sentret|0 fnt\n|faint|p1a: Sentret\n|\n|upkeep\n|c| Half_A_Ako|chockbar\n|\n|t:|1698491993\n|switch|p1a: Leaf|Treecko, L9, M|100\/100\n|turn|8\n|\n|t:|1698491998\n|move|p1a: Leaf|Quick Attack|p2a: Riolu\n|-damage|p2a: Riolu|8\/100\n|move|p2a: Riolu|Rock Smash|p1a: Leaf\n|-damage|p1a: Leaf|62\/100\n|\n|upkeep\n|turn|9\n|\n|t:|1698492005\n|move|p1a: Leaf|Giga Drain|p2a: Riolu\n|-damage|p2a: Riolu|0 fnt\n|-heal|p1a: Leaf|65\/100|[from] drain|[of] p2a: Riolu\n|faint|p2a: Riolu\n|\n|upkeep\n|\n|t:|1698492012\n|switch|p2a: Taillow|Taillow, L9, F|100\/100\n|turn|10\n|\n|t:|1698492016\n|move|p1a: Leaf|Giga Drain|p2a: Taillow\n|-resisted|p2a: Taillow\n|-damage|p2a: Taillow|68\/100\n|-heal|p1a: Leaf|81\/100|[from] drain|[of] p2a: Taillow\n|move|p2a: Taillow|Peck|p1a: Leaf\n|-supereffective|p1a: Leaf\n|-damage|p1a: Leaf|17\/100\n|\n|upkeep\n|turn|11\n|\n|t:|1698492029\n|move|p1a: Leaf|Giga Drain|p2a: Taillow\n|-resisted|p2a: Taillow\n|-damage|p2a: Taillow|22\/100\n|-heal|p1a: Leaf|39\/100|[from] drain|[of] p2a: Taillow\n|move|p2a: Taillow|Peck|p1a: Leaf\n|-supereffective|p1a: Leaf\n|-damage|p1a: Leaf|0 fnt\n|faint|p1a: Leaf\n|\n|upkeep\n|\n|t:|1698492038\n|switch|p1a: Magikarp|Magikarp, L6, F|100\/100\n|turn|12\n|\n|t:|1698492042\n|move|p2a: Taillow|Peck|p1a: Magikarp\n|-damage|p1a: Magikarp|50\/100\n|move|p1a: Magikarp|Splash|p1a: Magikarp\n|-nothing\n|\n|upkeep\n|turn|13\n|\n|t:|1698492048\n|move|p2a: Taillow|Peck|p1a: Magikarp\n|-damage|p1a: Magikarp|0 fnt\n|faint|p1a: Magikarp\n|\n|win|youssefjaipasdin\n","uploadtime":1698492056,"views":13,"p1id":"abdouvictorblade","p2id":"youssefjaipasdin","formatid":"gen9nationaldexubers","rating":0,"private":0,"password":""}