{"id":"gen9nationaldexubers-1978612286","p1":"Dreepy Airlines","p2":"Just B3A$T","format":"[Gen 9] National Dex Ubers","log":"|j|\u2606Dreepy Airlines\n|j|\u2606Just B3A$T\n|t:|1698566666\n|gametype|singles\n|player|p1|Dreepy Airlines|elesa-masters2|\n|player|p2|Just B3A$T|bruno|\n|teamsize|p1|6\n|teamsize|p2|6\n|gen|9\n|tier|[Gen 9] National Dex Ubers\n|rule|HP Percentage Mod: HP is shown in percentages\n|rule|Endless Battle Clause: Forcing endless battles is banned\n|rule|OHKO Clause: OHKO moves are banned\n|rule|Evasion Moves Clause: Evasion moves are banned\n|rule|Evasion Items Clause: Evasion items are banned\n|rule|Species Clause: Limit one of each Pok\u00e9mon\n|rule|Sleep Clause Mod: Limit one foe put to sleep\n|rule|Mega Rayquaza Clause: You cannot mega evolve Rayquaza\n|clearpoke\n|poke|p1|Lopunny, F|\n|poke|p1|Ursaluna-Bloodmoon, M|\n|poke|p1|Porygon-Z|\n|poke|p1|Chansey, F|\n|poke|p1|Ditto|\n|poke|p1|Zoroark-Hisui, M|\n|poke|p2|Aegislash, M|\n|poke|p2|Genesect|\n|poke|p2|Diancie|\n|poke|p2|Celesteela|\n|poke|p2|Heatran, M|\n|poke|p2|Ferrothorn, F|\n|teampreview\n|inactive|Battle timer is ON: inactive players will automatically lose when time's up. (requested by Just B3A$T)\n|c|\u2606Just B3A$T|am I the challenger here or are you lmao\n|c|\u2606Just B3A$T|Mono Normal\n|c|\u2606Dreepy Airlines|i don have a gym\n|c|\u2606Just B3A$T|hmm...\n|c|\u2606Just B3A$T|true\n|inactive|Dreepy Airlines has 270 seconds left.\n|inactive|Just B3A$T has 270 seconds left.\n|c|\u2606Dreepy Airlines|this mu is a bit tricky for me\n|c|\u2606Dreepy Airlines|but im sure its fine\n|c|\u2606Just B3A$T|me when bmluna\n|inactive|Just B3A$T has 240 seconds left.\n|\n|t:|1698566729\n|start\n|switch|p1a: Lopunny|Lopunny, F|100\/100\n|switch|p2a: Spaceship!!!|Celesteela, shiny|100\/100\n|turn|1\n|\n|t:|1698566738\n|detailschange|p1a: Lopunny|Lopunny-Mega, F\n|-mega|p1a: Lopunny|Lopunny|Lopunnite\n|move|p1a: Lopunny|U-turn|p2a: Spaceship!!!\n|-resisted|p2a: Spaceship!!!\n|-damage|p2a: Spaceship!!!|94\/100\n|\n|t:|1698566746\n|switch|p1a: Porygon-Z|Porygon-Z|100\/100|[from] U-turn\n|move|p2a: Spaceship!!!|Meteor Beam||[still]\n|-prepare|p2a: Spaceship!!!|Meteor Beam\n|-boost|p2a: Spaceship!!!|spa|1\n|-enditem|p2a: Spaceship!!!|Power Herb\n|-anim|p2a: Spaceship!!!|Meteor Beam|p1a: Porygon-Z\n|-damage|p1a: Porygon-Z|19\/100\n|\n|upkeep\n|turn|2\n|\n|t:|1698566750\n|move|p1a: Porygon-Z|Thunderbolt|p2a: Spaceship!!!\n|-supereffective|p2a: Spaceship!!!\n|-crit|p2a: Spaceship!!!\n|-damage|p2a: Spaceship!!!|0 fnt\n|faint|p2a: Spaceship!!!\n|\n|upkeep\n|c|\u2606Just B3A$T|WHAT\n|c|\u2606Just B3A$T|nah\n|\n|t:|1698566770\n|switch|p2a: Stone Ocean|Diancie, shiny|100\/100\n|turn|3\n|c|\u2606Dreepy Airlines|it prob killed\n|c|\u2606Just B3A$T|sigh\n|c|\u2606Dreepy Airlines|showset?\n|c|\u2606Just B3A$T|!dt Celesteela\n|raw|<div class=\"message\"><ul class=\"utilichart\"><li class=\"result\"><span class=\"col numcol\">UU<\/span> <span class=\"col iconcol\"><psicon pokemon=\"celesteela\"\/><\/span> <span class=\"col pokemonnamecol\" style=\"white-space:nowrap\"><a href=\"https:\/\/dex.pokemonshowdown.com\/pokemon\/celesteela\" target=\"_blank\">Celesteela<\/a><\/span> <span class=\"col typecol\"><img src=\"https:\/\/play.pokemonshowdown.com\/sprites\/types\/Steel.png\" alt=\"Steel\" height=\"14\" width=\"32\"><img src=\"https:\/\/play.pokemonshowdown.com\/sprites\/types\/Flying.png\" alt=\"Flying\" height=\"14\" width=\"32\"><\/span> <span style=\"float:left;min-height:26px\"><span class=\"col abilitycol\">Beast Boost<\/span><span class=\"col abilitycol\"><\/span><\/span><span style=\"float:left;min-height:26px\"><span class=\"col statcol\"><em>HP<\/em><br \/>97<\/span> <span class=\"col statcol\"><em>Atk<\/em><br \/>101<\/span> <span class=\"col statcol\"><em>Def<\/em><br \/>103<\/span> <span class=\"col statcol\"><em>SpA<\/em><br \/>107<\/span> <span class=\"col statcol\"><em>SpD<\/em><br \/>101<\/span> <span class=\"col statcol\"><em>Spe<\/em><br \/>61<\/span> <span class=\"col bstcol\"><em>BST<br \/>570<\/em><\/span> <\/span><\/li><li style=\"clear:both\"><\/li><\/ul><\/div>\n|raw|<font size=\"1\"><font color=\"#686868\">Dex#:<\/font> 797&nbsp;|&ThickSpace;<font color=\"#686868\">Gen:<\/font> 7&nbsp;|&ThickSpace;<font color=\"#686868\">Height:<\/font> 9.2 m&nbsp;|&ThickSpace;<font color=\"#686868\">Weight:<\/font> 999.9 kg <em>(120 BP)<\/em>&nbsp;|&ThickSpace;<font color=\"#686868\">Dex Colour:<\/font> Green&nbsp;|&ThickSpace;<font color=\"#686868\">Egg Group(s):<\/font> Undiscovered&nbsp;|&ThickSpace;<font color=\"#686868\">Does Not Evolve<\/font><\/font>\n\n|c|\u2606Just B3A$T|!showset Celesteela\n|c| Just B3A$T|\/raw <div class=\"infobox\">Spaceship!!! (Celesteela) @ Power Herb  <br \/>Ability: Beast Boost  <br \/>Shiny: Yes  <br \/>Tera Type: Water  <br \/>EVs: 252 SpA &#x2f; 4 SpD &#x2f; 252 Spe  <br \/>Timid Nature  <br \/>IVs: 0 Atk  <br \/>- Autotomize  <br \/>- Flamethrower  <br \/>- Air Slash  <br \/>- Meteor Beam  <br \/><br \/><\/div>\n|inactive|Dreepy Airlines has 270 seconds left.\n|c|\u2606Dreepy Airlines|252+ SpA Choice Specs Porygon-Z Thunderbolt vs. 0 HP \/ 4 SpD Celesteela: 328-388 (97.9 - 115.8%) -- 87.5% chance to OHKO\n|c|\u2606Just B3A$T|specs\n|c|\u2606Dreepy Airlines|!showset 3\n|c| Dreepy Airlines|\/raw <div class=\"infobox\">Porygon-Z @ Choice Specs  <br \/>Ability: Adaptability  <br \/>Tera Type: Electric  <br \/>EVs: 252 SpA &#x2f; 4 SpD &#x2f; 252 Spe  <br \/>Modest Nature  <br \/>IVs: 0 Atk  <br \/>- Thunderbolt  <br \/>- Tri Attack  <br \/>- Trick  <br \/>- Dark Pulse  <br \/><br \/><\/div>\n|\n|t:|1698566814\n|detailschange|p2a: Stone Ocean|Diancie-Mega, shiny\n|-mega|p2a: Stone Ocean|Diancie|Diancite\n|move|p2a: Stone Ocean|Calm Mind|p2a: Stone Ocean\n|-boost|p2a: Stone Ocean|spa|1\n|-boost|p2a: Stone Ocean|spd|1\n|move|p1a: Porygon-Z|Thunderbolt|p2a: Stone Ocean\n|-damage|p2a: Stone Ocean|56\/100\n|-status|p2a: Stone Ocean|par\n|\n|upkeep\n|turn|4\n|c|\u2606Just B3A$T|right\n|c|\u2606Just B3A$T|and that's bs\n|\n|t:|1698566823\n|move|p1a: Porygon-Z|Thunderbolt|p2a: Stone Ocean\n|-damage|p2a: Stone Ocean|11\/100 par\n|cant|p2a: Stone Ocean|par\n|\n|upkeep\n|turn|5\n|c|\u2606Dreepy Airlines|on you for the cm\n|c|\u2606Just B3A$T|i wouldn't expect a para\n|c|\u2606Dreepy Airlines|you should\n|inactive|Just B3A$T has 270 seconds left.\n|c|\u2606Dreepy Airlines|its a thing that happens\n|c|\u2606Just B3A$T|especially from a tbolt\n|\n|t:|1698566864\n|move|p1a: Porygon-Z|Thunderbolt|p2a: Stone Ocean\n|-damage|p2a: Stone Ocean|0 fnt\n|faint|p2a: Stone Ocean\n|\n|upkeep\n|\n|t:|1698566873\n|switch|p2a: Droid #1|Genesect, shiny|100\/100\n|-ability|p2a: Droid #1|Download|boost\n|-boost|p2a: Droid #1|atk|1\n|turn|6\n|\n|t:|1698566876\n|move|p2a: Droid #1|Extreme Speed|p1a: Porygon-Z\n|-damage|p1a: Porygon-Z|0 fnt\n|faint|p1a: Porygon-Z\n|\n|upkeep\n|\n|t:|1698566892\n|switch|p1a: Lopunny|Lopunny-Mega, F|100\/100\n|turn|7\n|inactive|Just B3A$T has 270 seconds left.\n|inactive|Just B3A$T has 240 seconds left.\n|\n|t:|1698566944\n|switch|p2a: Aegis|Aegislash, M, shiny|100\/100\n|move|p1a: Lopunny|Fire Punch|p2a: Aegis\n|-supereffective|p2a: Aegis\n|-damage|p2a: Aegis|57\/100\n|-enditem|p2a: Aegis|Weakness Policy\n|-boost|p2a: Aegis|atk|2|[from] item: Weakness Policy\n|-boost|p2a: Aegis|spa|2|[from] item: Weakness Policy\n|\n|upkeep\n|turn|8\n|\n|t:|1698566960\n|move|p2a: Aegis|King's Shield|p2a: Aegis\n|-singleturn|p2a: Aegis|Protect\n|move|p1a: Lopunny|Close Combat|p2a: Aegis\n|-activate|p2a: Aegis|move: Protect\n|-unboost|p1a: Lopunny|atk|1\n|\n|upkeep\n|turn|9\n|\n|t:|1698566967\n|move|p1a: Lopunny|Close Combat|p2a: Aegis\n|-supereffective|p2a: Aegis\n|-damage|p2a: Aegis|0 fnt\n|-unboost|p1a: Lopunny|def|1\n|-unboost|p1a: Lopunny|spd|1\n|faint|p2a: Aegis\n|\n|upkeep\n|c|\u2606Just B3A$T|pain\n|\n|t:|1698566982\n|switch|p2a: Droid #1|Genesect, shiny|100\/100\n|-ability|p2a: Droid #1|Download|boost\n|-boost|p2a: Droid #1|atk|1\n|turn|10\n|\n|t:|1698566996\n|switch|p1a: Ursaluna|Ursaluna-Bloodmoon, M|100\/100\n|move|p2a: Droid #1|Extreme Speed|p1a: Ursaluna\n|-damage|p1a: Ursaluna|79\/100\n|\n|-heal|p1a: Ursaluna|85\/100|[from] item: Leftovers\n|upkeep\n|turn|11\n|\n|t:|1698567005\n|switch|p2a: big ol' smelter|Heatran, M, shiny|100\/100\n|-item|p2a: big ol' smelter|Air Balloon\n|-terastallize|p1a: Ursaluna|Fire\n|move|p1a: Ursaluna|Tera Blast|p2a: big ol' smelter|[anim] Tera Blast Fire\n|-start|p2a: big ol' smelter|ability: Flash Fire\n|\n|-heal|p1a: Ursaluna|91\/100|[from] item: Leftovers\n|upkeep\n|turn|12\n|c|\u2606Dreepy Airlines|oh my\n|c|\u2606Dreepy Airlines|thats something\n|\n|t:|1698567020\n|switch|p1a: Chansey|Chansey, F|100\/100\n|move|p2a: big ol' smelter|Earth Power|p1a: Chansey\n|-damage|p1a: Chansey|92\/100\n|\n|upkeep\n|turn|13\n|inactive|Just B3A$T has 270 seconds left.\n|\n|t:|1698567027\n|-end|p2a: big ol' smelter|ability: Flash Fire|[silent]\n|switch|p2a: free hugs!|Ferrothorn, F|100\/100\n|move|p1a: Chansey|Thunder Wave|p2a: free hugs!\n|-status|p2a: free hugs!|par\n|\n|upkeep\n|turn|14\n|\n|t:|1698567037\n|move|p1a: Chansey|Stealth Rock|p2a: free hugs!\n|-sidestart|p2: Just B3A$T|move: Stealth Rock\n|move|p2a: free hugs!|Stealth Rock|p1a: Chansey\n|-sidestart|p1: Dreepy Airlines|move: Stealth Rock\n|\n|upkeep\n|turn|15\n|\n|t:|1698567043\n|switch|p1a: Ditto|Ditto|100\/100\n|-damage|p1a: Ditto|88\/100|[from] Stealth Rock\n|move|p2a: free hugs!|Gyro Ball|p1a: Ditto\n|-damage|p1a: Ditto|0 fnt\n|replace|p1a: Zoroark|Zoroark-Hisui, M\n|-end|p1a: Zoroark|Illusion\n|faint|p1a: Zoroark\n|\n|upkeep\n|\n|t:|1698567069\n|switch|p1a: Ursaluna|Ursaluna-Bloodmoon, M, tera:Fire|91\/100\n|-damage|p1a: Ursaluna|66\/100|[from] Stealth Rock\n|turn|16\n|\n|t:|1698567085\n|switch|p1a: Lopunny|Lopunny-Mega, F|100\/100\n|-damage|p1a: Lopunny|95\/100|[from] Stealth Rock\n|switch|p2a: big ol' smelter|Heatran, M, shiny|100\/100\n|-damage|p2a: big ol' smelter|88\/100|[from] Stealth Rock\n|-item|p2a: big ol' smelter|Air Balloon\n|\n|upkeep\n|turn|17\n|\n|t:|1698567094\n|switch|p2a: free hugs!|Ferrothorn, F|100\/100 par\n|-damage|p2a: free hugs!|94\/100 par|[from] Stealth Rock\n|move|p1a: Lopunny|Close Combat|p2a: free hugs!\n|-supereffective|p2a: free hugs!\n|-damage|p2a: free hugs!|20\/100 par\n|-unboost|p1a: Lopunny|def|1\n|-unboost|p1a: Lopunny|spd|1\n|-damage|p1a: Lopunny|82\/100|[from] ability: Iron Barbs|[of] p2a: free hugs!\n|\n|-heal|p2a: free hugs!|27\/100 par|[from] item: Leftovers\n|upkeep\n|turn|18\n|\n|t:|1698567098\n|move|p1a: Lopunny|Close Combat|p2a: free hugs!\n|-supereffective|p2a: free hugs!\n|-crit|p2a: free hugs!\n|-damage|p2a: free hugs!|0 fnt\n|-unboost|p1a: Lopunny|def|1\n|-unboost|p1a: Lopunny|spd|1\n|-damage|p1a: Lopunny|70\/100|[from] ability: Iron Barbs|[of] p2a: free hugs!\n|faint|p2a: free hugs!\n|\n|upkeep\n|\n|t:|1698567100\n|switch|p2a: Droid #1|Genesect, shiny|100\/100\n|-damage|p2a: Droid #1|88\/100|[from] Stealth Rock\n|-ability|p2a: Droid #1|Download|boost\n|-boost|p2a: Droid #1|atk|1\n|turn|19\n|\n|t:|1698567108\n|switch|p1a: Ursaluna|Ursaluna-Bloodmoon, M, tera:Fire|66\/100\n|-damage|p1a: Ursaluna|41\/100|[from] Stealth Rock\n|move|p2a: Droid #1|Shift Gear|p2a: Droid #1\n|-boost|p2a: Droid #1|spe|2\n|-boost|p2a: Droid #1|atk|1\n|\n|-heal|p2a: Droid #1|94\/100|[from] item: Leftovers\n|-heal|p1a: Ursaluna|47\/100|[from] item: Leftovers\n|upkeep\n|turn|20\n|\n|t:|1698567111\n|-terastallize|p2a: Droid #1|Normal\n|move|p2a: Droid #1|Extreme Speed|p1a: Ursaluna\n|-damage|p1a: Ursaluna|9\/100\n|move|p1a: Ursaluna|Tera Blast|p2a: Droid #1|[anim] Tera Blast Fire\n|-damage|p2a: Droid #1|49\/100\n|\n|-heal|p2a: Droid #1|55\/100|[from] item: Leftovers\n|-heal|p1a: Ursaluna|15\/100|[from] item: Leftovers\n|upkeep\n|turn|21\n|\n|t:|1698567120\n|move|p2a: Droid #1|Extreme Speed|p1a: Ursaluna\n|-damage|p1a: Ursaluna|0 fnt\n|faint|p1a: Ursaluna\n|\n|-heal|p2a: Droid #1|61\/100|[from] item: Leftovers\n|upkeep\n|\n|t:|1698567126\n|switch|p1a: Ditto|Ditto|100\/100\n|-damage|p1a: Ditto|88\/100|[from] Stealth Rock\n|-transform|p1a: Ditto|p2a: Droid #1|[from] ability: Imposter\n|-ability|p1a: Ditto|Download|boost\n|-boost|p1a: Ditto|atk|1\n|-start|p1a: Ditto|typechange|Bug\/Steel|[silent]\n|turn|22\n|\n|t:|1698567134\n|move|p1a: Ditto|Extreme Speed|p2a: Droid #1\n|-damage|p2a: Droid #1|0 fnt\n|faint|p2a: Droid #1\n|\n|upkeep\n|c|\u2606Just B3A$T|bruh\n|\n|t:|1698567141\n|switch|p2a: big ol' smelter|Heatran, M, shiny|88\/100\n|-damage|p2a: big ol' smelter|76\/100|[from] Stealth Rock\n|-item|p2a: big ol' smelter|Air Balloon\n|turn|23\n|c|\u2606Dreepy Airlines|setting up in front of a ditto is really something\n|\n|t:|1698567155\n|move|p1a: Ditto|Extreme Speed|p2a: big ol' smelter\n|-resisted|p2a: big ol' smelter\n|-damage|p2a: big ol' smelter|49\/100\n|-enditem|p2a: big ol' smelter|Air Balloon\n|move|p2a: big ol' smelter|Lava Plume|p1a: Ditto\n|-supereffective|p1a: Ditto\n|-damage|p1a: Ditto|0 fnt\n|faint|p1a: Ditto\n|\n|upkeep\n|\n|t:|1698567158\n|switch|p1a: Lopunny|Lopunny-Mega, F|70\/100\n|-damage|p1a: Lopunny|64\/100|[from] Stealth Rock\n|turn|24\n|c|\u2606Just B3A$T|it's just a lazy uno reverse ig\n|c|\u2606Just B3A$T|gg\n|\n|t:|1698567184\n|move|p1a: Lopunny|Close Combat|p2a: big ol' smelter\n|-supereffective|p2a: big ol' smelter\n|-crit|p2a: big ol' smelter\n|-damage|p2a: big ol' smelter|0 fnt\n|-unboost|p1a: Lopunny|def|1\n|-unboost|p1a: Lopunny|spd|1\n|faint|p2a: big ol' smelter\n|\n|win|Dreepy Airlines\n|c|\u2606Dreepy Airlines|not lazy it just punishes dumb plays\n|c|\u2606Dreepy Airlines|like that setup\n|c|\u2606Just B3A$T|those paras fucked me up\n|c|\u2606Dreepy Airlines|no, your bad plays fed you up\n","uploadtime":1698567208,"views":10,"p1id":"dreepyairlines","p2id":"justb3at","formatid":"gen9nationaldexubers","rating":0,"private":0,"password":""}