{"id":"gen9nationaldexubers-1986484275","p1":"magic mike gif","p2":"Aleximek","format":"[Gen 9] National Dex Ubers","log":"|j|\u2606magic mike gif\n|j|\u2606Aleximek\n|t:|1699483737\n|gametype|singles\n|player|p1|magic mike gif|kieran|1140\n|player|p2|Aleximek|266|1125\n|teamsize|p1|6\n|teamsize|p2|6\n|gen|9\n|tier|[Gen 9] National Dex Ubers\n|rated|\n|rule|HP Percentage Mod: HP is shown in percentages\n|rule|Endless Battle Clause: Forcing endless battles is banned\n|rule|OHKO Clause: OHKO moves are banned\n|rule|Evasion Moves Clause: Evasion moves are banned\n|rule|Evasion Items Clause: Evasion items are banned\n|rule|Species Clause: Limit one of each Pok\u00e9mon\n|rule|Sleep Clause Mod: Limit one foe put to sleep\n|rule|Mega Rayquaza Clause: You cannot mega evolve Rayquaza\n|clearpoke\n|poke|p1|Blaziken, F|\n|poke|p1|Kingambit, F|\n|poke|p1|Zamazenta-*|\n|poke|p1|Groudon|\n|poke|p1|Ledyba, M|\n|poke|p1|Lunala|\n|poke|p2|Marshadow|\n|poke|p2|Necrozma-Dusk-Mane|\n|poke|p2|Groudon|\n|poke|p2|Kyogre|\n|poke|p2|Xerneas-*|\n|poke|p2|Yveltal|\n|teampreview\n|inactive|Battle timer is ON: inactive players will automatically lose when time's up. (requested by magic mike gif)\n|\n|t:|1699483745\n|start\n|switch|p1a: bimmy|Ledyba, M|100\/100\n|switch|p2a: Xerneas|Xerneas|100\/100\n|-ability|p2a: Xerneas|Fairy Aura\n|turn|1\n|j| StupidusRex\n|\n|t:|1699483754\n|move|p2a: Xerneas|Geomancy||[still]\n|-prepare|p2a: Xerneas|Geomancy\n|-enditem|p2a: Xerneas|Power Herb\n|-anim|p2a: Xerneas|Geomancy|p2a: Xerneas\n|-boost|p2a: Xerneas|spa|2\n|-boost|p2a: Xerneas|spd|2\n|-boost|p2a: Xerneas|spe|2\n|move|p1a: bimmy|Encore|p2a: Xerneas\n|-start|p2a: Xerneas|Encore\n|\n|upkeep\n|turn|2\n|\n|t:|1699483763\n|move|p2a: Xerneas|Geomancy||[still]\n|-prepare|p2a: Xerneas|Geomancy\n|move|p1a: bimmy|Toxic|p2a: Xerneas\n|-status|p2a: Xerneas|tox\n|\n|-damage|p2a: Xerneas|94\/100 tox|[from] psn\n|upkeep\n|turn|3\n|\n|t:|1699483779\n|switch|p1a: Blaziken|Blaziken, F|100\/100\n|move|p2a: Xerneas|Geomancy|p2a: Xerneas|[from]lockedmove\n|-boost|p2a: Xerneas|spa|2\n|-boost|p2a: Xerneas|spd|2\n|-boost|p2a: Xerneas|spe|2\n|\n|-damage|p2a: Xerneas|82\/100 tox|[from] psn\n|upkeep\n|turn|4\n|\n|t:|1699483799\n|switch|p2a: Marshadow|Marshadow|100\/100\n|move|p1a: Blaziken|Flare Blitz|p2a: Marshadow\n|-damage|p2a: Marshadow|13\/100\n|-damage|p1a: Blaziken|70\/100|[from] Recoil\n|\n|-ability|p1a: Blaziken|Speed Boost|boost\n|-boost|p1a: Blaziken|spe|1\n|upkeep\n|turn|5\n|\n|t:|1699483818\n|move|p1a: Blaziken|Flare Blitz|p2a: Marshadow\n|-damage|p2a: Marshadow|0 fnt\n|faint|p2a: Marshadow\n|-damage|p1a: Blaziken|65\/100|[from] Recoil\n|\n|-ability|p1a: Blaziken|Speed Boost|boost\n|-boost|p1a: Blaziken|spe|1\n|upkeep\n|inactive|Aleximek has 120 seconds left.\n|\n|t:|1699483832\n|switch|p2a: Groudon|Groudon|100\/100\n|detailschange|p2a: Groudon|Groudon-Primal\n|-primal|p2a: Groudon|Red Orb\n|-weather|DesolateLand|[from] ability: Desolate Land|[of] p2a: Groudon\n|turn|6\n|\n|t:|1699483839\n|move|p1a: Blaziken|Protect|p1a: Blaziken\n|-singleturn|p1a: Blaziken|Protect\n|move|p2a: Groudon|Earthquake|p1a: Blaziken\n|-activate|p1a: Blaziken|move: Protect\n|\n|-weather|DesolateLand|[upkeep]\n|-ability|p1a: Blaziken|Speed Boost|boost\n|-boost|p1a: Blaziken|spe|1\n|upkeep\n|turn|7\n|\n|t:|1699483847\n|-zpower|p1a: Blaziken\n|move|p1a: Blaziken|Z-Mirror Move|p2a: Groudon|[anim]Mirror Move\n|-boost|p1a: Blaziken|atk|2|[zeffect]\n|move|p1a: Blaziken|Tectonic Rage|p2a: Groudon|[from]move: Mirror Move\n|-supereffective|p2a: Groudon\n|-crit|p2a: Groudon\n|-damage|p2a: Groudon|0 fnt\n|faint|p2a: Groudon\n|-weather|none\n|\n|-ability|p1a: Blaziken|Speed Boost|boost\n|-boost|p1a: Blaziken|spe|1\n|upkeep\n|\n|t:|1699483859\n|switch|p2a: Yveltal|Yveltal|100\/100\n|-ability|p2a: Yveltal|Dark Aura\n|turn|8\n|\n|t:|1699483866\n|move|p1a: Blaziken|Flare Blitz|p2a: Yveltal\n|-damage|p2a: Yveltal|0 fnt\n|faint|p2a: Yveltal\n|-damage|p1a: Blaziken|22\/100|[from] Recoil\n|\n|-ability|p1a: Blaziken|Speed Boost|boost\n|-boost|p1a: Blaziken|spe|1\n|upkeep\n|\n|t:|1699483877\n|switch|p2a: Xerneas|Xerneas|82\/100 tox\n|-ability|p2a: Xerneas|Fairy Aura\n|turn|9\n|\n|t:|1699483883\n|move|p1a: Blaziken|Protect|p1a: Blaziken\n|-singleturn|p1a: Blaziken|Protect\n|move|p2a: Xerneas|Moonblast|p1a: Blaziken\n|-activate|p1a: Blaziken|move: Protect\n|\n|-damage|p2a: Xerneas|76\/100 tox|[from] psn\n|-ability|p1a: Blaziken|Speed Boost|boost\n|-boost|p1a: Blaziken|spe|1\n|upkeep\n|turn|10\n|\n|t:|1699483898\n|move|p1a: Blaziken|Flare Blitz|p2a: Xerneas\n|-damage|p2a: Xerneas|0 fnt\n|faint|p2a: Xerneas\n|-damage|p1a: Blaziken|0 fnt|[from] Recoil\n|faint|p1a: Blaziken\n|\n|upkeep\n|\n|t:|1699483909\n|switch|p1a: bimmy|Ledyba, M|100\/100\n|switch|p2a: Necrozma|Necrozma-Dusk-Mane|100\/100\n|turn|11\n|\n|t:|1699483914\n|move|p2a: Necrozma|Sunsteel Strike|p1a: bimmy\n|-enditem|p1a: bimmy|Focus Sash\n|-damage|p1a: bimmy|1\/100\n|move|p1a: bimmy|Counter|p2a: Necrozma\n|-damage|p2a: Necrozma|0 fnt\n|faint|p2a: Necrozma\n|\n|upkeep\n|\n|t:|1699483923\n|switch|p2a: Kyogre|Kyogre|100\/100\n|detailschange|p2a: Kyogre|Kyogre-Primal\n|-primal|p2a: Kyogre|Blue Orb\n|-weather|PrimordialSea|[from] ability: Primordial Sea|[of] p2a: Kyogre\n|turn|12\n|c| StupidusRex|bimmy\n|c|\u2606magic mike gif|QUIT THE GAME\n|c|\u2606magic mike gif|YOU ARE WASHED\n|\n|t:|1699483930\n|move|p2a: Kyogre|Ice Beam|p1a: bimmy\n|-supereffective|p1a: bimmy\n|-damage|p1a: bimmy|0 fnt\n|faint|p1a: bimmy\n|\n|-weather|PrimordialSea|[upkeep]\n|upkeep\n|c| StupidusRex|washed\n|\n|t:|1699483936\n|switch|p1a: Zamazenta|Zamazenta-Crowned|100\/100\n|-ability|p1a: Zamazenta|Dauntless Shield|boost\n|-boost|p1a: Zamazenta|def|1\n|turn|13\n|\n|t:|1699483947\n|move|p1a: Zamazenta|Body Press|p2a: Kyogre\n|-damage|p2a: Kyogre|38\/100\n|move|p2a: Kyogre|Water Spout|p1a: Zamazenta\n|-damage|p1a: Zamazenta|62\/100\n|\n|-weather|PrimordialSea|[upkeep]\n|upkeep\n|turn|14\n|\n|t:|1699483955\n|move|p1a: Zamazenta|Body Press|p2a: Kyogre\n|-damage|p2a: Kyogre|0 fnt\n|faint|p2a: Kyogre\n|-weather|none\n|\n|win|magic mike gif\n|raw|magic mike gif's rating: 1140 &rarr; <strong>1164<\/strong><br \/>(+24 for winning)\n|raw|Aleximek's rating: 1125 &rarr; <strong>1101<\/strong><br \/>(-24 for losing)\n|l|\u2606Aleximek\n|l| StupidusRex\n|j| StupidusRex\n|l| StupidusRex\n","uploadtime":1699483970,"views":8,"p1id":"magicmikegif","p2id":"aleximek","formatid":"gen9nationaldexubers","rating":1101,"private":0,"password":""}