{"id":"gen9nationaldexubers-1990573311","p1":"jgoudyfvcc.edu","p2":"NOOB_1352011","format":"[Gen 9] National Dex Ubers","log":"|j|\u2606jgoudyfvcc.edu\n|j|\u2606NOOB_1352011\n|t:|1699982540\n|gametype|singles\n|player|p1|jgoudyfvcc.edu|2|1394\n|player|p2|NOOB_1352011|iris-gen5bw2|1444\n|teamsize|p1|6\n|teamsize|p2|6\n|gen|9\n|tier|[Gen 9] National Dex Ubers\n|rated|\n|rule|HP Percentage Mod: HP is shown in percentages\n|rule|Endless Battle Clause: Forcing endless battles is banned\n|rule|OHKO Clause: OHKO moves are banned\n|rule|Evasion Moves Clause: Evasion moves are banned\n|rule|Evasion Items Clause: Evasion items are banned\n|rule|Species Clause: Limit one of each Pok\u00e9mon\n|rule|Sleep Clause Mod: Limit one foe put to sleep\n|rule|Mega Rayquaza Clause: You cannot mega evolve Rayquaza\n|clearpoke\n|poke|p1|Ditto|\n|poke|p1|Aerodactyl, M|\n|poke|p1|Sableye, M|\n|poke|p1|Porygon2|\n|poke|p1|Dialga|\n|poke|p1|Venusaur, F|\n|poke|p2|Grimmsnarl, M|\n|poke|p2|Palkia-Origin|\n|poke|p2|Groudon|\n|poke|p2|Mewtwo|\n|poke|p2|Zacian-*|\n|poke|p2|Landorus-Therian, M|\n|teampreview\n|inactive|Battle timer is ON: inactive players will automatically lose when time's up. (requested by NOOB_1352011)\n|c|\u2606NOOB_1352011|glhf\n|\n|t:|1699982565\n|start\n|switch|p1a: Venusaur|Venusaur, F|100\/100\n|switch|p2a: Landorus|Landorus-Therian, M|100\/100\n|-ability|p2a: Landorus|Intimidate|boost\n|-unboost|p1a: Venusaur|atk|1\n|turn|1\n|\n|t:|1699982578\n|switch|p1a: Porygon2|Porygon2|100\/100\n|-ability|p1a: Porygon2|Intimidate|boost\n|-unboost|p2a: Landorus|atk|1\n|-ability|p1a: Porygon2|Intimidate|[from] ability: Trace|[of] p2a: Landorus\n|move|p2a: Landorus|Stealth Rock|p1a: Porygon2\n|-sidestart|p1: jgoudyfvcc.edu|move: Stealth Rock\n|\n|upkeep\n|turn|2\n|\n|t:|1699982586\n|move|p2a: Landorus|U-turn|p1a: Porygon2\n|-damage|p1a: Porygon2|89\/100\n|-damage|p2a: Landorus|91\/100|[from] item: Life Orb\n|\n|t:|1699982591\n|switch|p2a: Grimmsnarl|Grimmsnarl, M|100\/100|[from] U-turn\n|move|p1a: Porygon2|Ice Beam|p2a: Grimmsnarl\n|-damage|p2a: Grimmsnarl|83\/100\n|\n|upkeep\n|turn|3\n|\n|t:|1699982598\n|move|p2a: Grimmsnarl|Light Screen|p2a: Grimmsnarl\n|-sidestart|p2: NOOB_1352011|move: Light Screen\n|move|p1a: Porygon2|Discharge|p2a: Grimmsnarl\n|-damage|p2a: Grimmsnarl|75\/100\n|-status|p2a: Grimmsnarl|par\n|\n|upkeep\n|turn|4\n|\n|t:|1699982606\n|switch|p1a: Aerodactyl|Aerodactyl, M|100\/100\n|-damage|p1a: Aerodactyl|76\/100|[from] Stealth Rock\n|cant|p2a: Grimmsnarl|par\n|\n|upkeep\n|turn|5\n|\n|t:|1699982613\n|detailschange|p1a: Aerodactyl|Aerodactyl-Mega, M\n|-mega|p1a: Aerodactyl|Aerodactyl|Aerodactylite\n|move|p2a: Grimmsnarl|Thunder Wave|p1a: Aerodactyl\n|-status|p1a: Aerodactyl|par\n|cant|p1a: Aerodactyl|par\n|\n|upkeep\n|turn|6\n|\n|t:|1699982621\n|move|p2a: Grimmsnarl|Reflect|p2a: Grimmsnarl\n|-sidestart|p2: NOOB_1352011|Reflect\n|move|p1a: Aerodactyl|Defog|p2a: Grimmsnarl\n|-unboost|p2a: Grimmsnarl|evasion|1\n|-sideend|p2: NOOB_1352011|Reflect\n|-sideend|p2: NOOB_1352011|move: Light Screen\n|-sideend|p1: jgoudyfvcc.edu|Stealth Rock|[from] move: Defog|[of] p1a: Aerodactyl\n|\n|upkeep\n|turn|7\n|\n|t:|1699982628\n|move|p2a: Grimmsnarl|Taunt|p1a: Aerodactyl\n|-start|p1a: Aerodactyl|move: Taunt\n|move|p1a: Aerodactyl|Dual Wingbeat|p2a: Grimmsnarl\n|-damage|p2a: Grimmsnarl|39\/100 par\n|-damage|p2a: Grimmsnarl|3\/100 par\n|-hitcount|p2a: Grimmsnarl|2\n|\n|upkeep\n|turn|8\n|\n|t:|1699982637\n|switch|p2a: Landorus|Landorus-Therian, M|91\/100\n|-ability|p2a: Landorus|Intimidate|boost\n|-unboost|p1a: Aerodactyl|atk|1\n|move|p1a: Aerodactyl|Dual Wingbeat|p2a: Landorus\n|-damage|p2a: Landorus|69\/100\n|-damage|p2a: Landorus|46\/100\n|-hitcount|p2a: Landorus|2\n|\n|upkeep\n|turn|9\n|\n|t:|1699982648\n|switch|p1a: Porygon2|Porygon2|89\/100\n|-ability|p1a: Porygon2|Intimidate|boost\n|-unboost|p2a: Landorus|atk|1\n|-ability|p1a: Porygon2|Intimidate|[from] ability: Trace|[of] p2a: Landorus\n|move|p2a: Landorus|U-turn|p1a: Porygon2\n|-damage|p1a: Porygon2|77\/100\n|-damage|p2a: Landorus|37\/100|[from] item: Life Orb\n|\n|t:|1699982671\n|switch|p2a: Grimmsnarl|Grimmsnarl, M|3\/100 par|[from] U-turn\n|\n|upkeep\n|turn|10\n|\n|t:|1699982677\n|switch|p1a: Aerodactyl|Aerodactyl-Mega, M|76\/100 par\n|cant|p2a: Grimmsnarl|par\n|\n|upkeep\n|turn|11\n|\n|t:|1699982683\n|cant|p2a: Grimmsnarl|par\n|move|p1a: Aerodactyl|Dual Wingbeat|p2a: Grimmsnarl\n|-damage|p2a: Grimmsnarl|0 fnt\n|faint|p2a: Grimmsnarl\n|-hitcount|p2: Grimmsnarl|1\n|\n|upkeep\n|\n|t:|1699982695\n|switch|p2a: Zacian|Zacian-Crowned|100\/100\n|-ability|p2a: Zacian|Intrepid Sword|boost\n|-boost|p2a: Zacian|atk|1\n|turn|12\n|\n|t:|1699982704\n|switch|p1a: Porygon2|Porygon2|77\/100\n|-ability|p1a: Porygon2|Intrepid Sword|boost\n|-boost|p1a: Porygon2|atk|1\n|-ability|p1a: Porygon2|Intrepid Sword|[from] ability: Trace|[of] p2a: Zacian\n|move|p2a: Zacian|Wild Charge|p1a: Porygon2\n|-damage|p1a: Porygon2|50\/100\n|-damage|p2a: Zacian|93\/100|[from] Recoil\n|\n|upkeep\n|turn|13\n|\n|t:|1699982720\n|move|p2a: Zacian|Play Rough|p1a: Porygon2\n|-damage|p1a: Porygon2|10\/100\n|move|p1a: Porygon2|Recover|p1a: Porygon2\n|-heal|p1a: Porygon2|60\/100\n|\n|upkeep\n|turn|14\n|\n|t:|1699982727\n|move|p2a: Zacian|Swords Dance|p2a: Zacian\n|-boost|p2a: Zacian|atk|2\n|move|p1a: Porygon2|Recover|p1a: Porygon2\n|-heal|p1a: Porygon2|100\/100\n|\n|upkeep\n|turn|15\n|\n|t:|1699982733\n|move|p2a: Zacian|Play Rough|p1a: Porygon2\n|-damage|p1a: Porygon2|34\/100\n|move|p1a: Porygon2|Discharge|p2a: Zacian\n|-damage|p2a: Zacian|76\/100\n|\n|upkeep\n|turn|16\n|\n|t:|1699982744\n|move|p2a: Zacian|Play Rough|p1a: Porygon2\n|-damage|p1a: Porygon2|0 fnt\n|faint|p1a: Porygon2\n|\n|upkeep\n|\n|t:|1699982757\n|switch|p1a: Sableye|Sableye, M|100\/100\n|turn|17\n|\n|t:|1699982768\n|switch|p2a: Groudon|Groudon|100\/100\n|detailschange|p2a: Groudon|Groudon-Primal\n|-primal|p2a: Groudon|Red Orb\n|-weather|DesolateLand|[from] ability: Desolate Land|[of] p2a: Groudon\n|move|p1a: Sableye|Will-O-Wisp|p2a: Groudon|[miss]\n|-miss|p1a: Sableye|p2a: Groudon\n|\n|-weather|DesolateLand|[upkeep]\n|upkeep\n|turn|18\n|\n|t:|1699982777\n|move|p2a: Groudon|Rock Polish|p2a: Groudon\n|-boost|p2a: Groudon|spe|2\n|move|p1a: Sableye|Foul Play|p2a: Groudon\n|-damage|p2a: Groudon|61\/100\n|\n|-weather|DesolateLand|[upkeep]\n|upkeep\n|turn|19\n|\n|t:|1699982783\n|move|p2a: Groudon|Heat Crash|p1a: Sableye\n|-damage|p1a: Sableye|0 fnt\n|faint|p1a: Sableye\n|\n|-weather|DesolateLand|[upkeep]\n|upkeep\n|\n|t:|1699982788\n|switch|p1a: Ditto|Ditto, shiny|100\/100\n|-transform|p1a: Ditto|p2a: Groudon|[from] ability: Imposter\n|turn|20\n|\n|t:|1699982795\n|-terastallize|p1a: Ditto|Normal\n|move|p2a: Groudon|Precipice Blades|p1a: Ditto\n|-damage|p1a: Ditto|38\/100\n|move|p1a: Ditto|Precipice Blades|p2a: Groudon\n|-supereffective|p2a: Groudon\n|-damage|p2a: Groudon|0 fnt\n|faint|p2a: Groudon\n|\n|-weather|DesolateLand|[upkeep]\n|upkeep\n|\n|t:|1699982806\n|switch|p2a: Palkia|Palkia-Origin|100\/100\n|-ability|p2a: Palkia|Pressure\n|turn|21\n|\n|t:|1699982813\n|move|p1a: Ditto|Precipice Blades|p2a: Palkia\n|-damage|p2a: Palkia|14\/100\n|move|p2a: Palkia|Draco Meteor|p1a: Ditto\n|-damage|p1a: Ditto|0 fnt\n|-unboost|p2a: Palkia|spa|2\n|faint|p1a: Ditto\n|-weather|none\n|\n|upkeep\n|\n|t:|1699982828\n|switch|p1a: Venusaur|Venusaur, F|100\/100\n|turn|22\n|\n|t:|1699982842\n|switch|p2a: Landorus|Landorus-Therian, M|37\/100\n|-ability|p2a: Landorus|Intimidate|boost\n|-unboost|p1a: Venusaur|atk|1\n|move|p1a: Venusaur|Giga Drain|p2a: Landorus\n|-damage|p2a: Landorus|0 fnt\n|faint|p2a: Landorus\n|\n|upkeep\n|\n|t:|1699982851\n|switch|p2a: Mewtwo|Mewtwo|100\/100\n|-ability|p2a: Mewtwo|Unnerve\n|turn|23\n|\n|t:|1699982868\n|switch|p1a: Aerodactyl|Aerodactyl-Mega, M|76\/100 par\n|move|p2a: Mewtwo|Nasty Plot|p2a: Mewtwo\n|-boost|p2a: Mewtwo|spa|2\n|\n|upkeep\n|turn|24\n|\n|t:|1699982877\n|detailschange|p2a: Mewtwo|Mewtwo-Mega-Y\n|-mega|p2a: Mewtwo|Mewtwo|Mewtwonite Y\n|move|p2a: Mewtwo|Psystrike|p1a: Aerodactyl\n|-damage|p1a: Aerodactyl|0 fnt\n|faint|p1a: Aerodactyl\n|\n|upkeep\n|\n|t:|1699982885\n|switch|p1a: Dialga|Dialga|100\/100\n|-ability|p1a: Dialga|Pressure\n|turn|25\n|\n|t:|1699982890\n|move|p2a: Mewtwo|Focus Blast|p1a: Dialga\n|-supereffective|p1a: Dialga\n|-damage|p1a: Dialga|0 fnt\n|faint|p1a: Dialga\n|\n|upkeep\n|c|\u2606NOOB_1352011|gg\n|\n|t:|1699982895\n|switch|p1a: Venusaur|Venusaur, F|100\/100\n|turn|26\n|\n|t:|1699982899\n|move|p2a: Mewtwo|Psystrike|p1a: Venusaur\n|-supereffective|p1a: Venusaur\n|-enditem|p1a: Venusaur|Focus Sash\n|-damage|p1a: Venusaur|1\/100\n|move|p1a: Venusaur|Sleep Powder|p2a: Mewtwo\n|-immune|p2a: Mewtwo|[from] ability: Insomnia\n|\n|upkeep\n|turn|27\n|-message|jgoudyfvcc.edu forfeited.\n|\n|win|NOOB_1352011\n|raw|jgoudyfvcc.edu's rating: 1394 &rarr; <strong>1377<\/strong><br \/>(-17 for losing)\n|raw|NOOB_1352011's rating: 1444 &rarr; <strong>1461<\/strong><br \/>(+17 for winning)\n|l|\u2606jgoudyfvcc.edu\n|l|\u2606NOOB_1352011\n|j|\u2606NOOB_1352011\n|player|p2|NOOB_1352011|iris-gen5bw2\n","uploadtime":1699982921,"views":8,"p1id":"jgoudyfvccedu","p2id":"noob1352011","formatid":"gen9nationaldexubers","rating":1377,"private":0,"password":""}