{"id":"gen9nationaldexubers-1981593048","p1":"hebchenle1","p2":"MommyMikuNakano","format":"[Gen 9] National Dex Ubers","log":"|j|\u2606hebchenle1\n|j|\u2606MommyMikuNakano\n|t:|1698923431\n|gametype|singles\n|player|p1|hebchenle1|fantina|1573\n|player|p2|MommyMikuNakano|erika-gen1|1685\n|teamsize|p1|6\n|teamsize|p2|6\n|gen|9\n|tier|[Gen 9] National Dex Ubers\n|rated|\n|rule|HP Percentage Mod: HP is shown in percentages\n|rule|Endless Battle Clause: Forcing endless battles is banned\n|rule|OHKO Clause: OHKO moves are banned\n|rule|Evasion Moves Clause: Evasion moves are banned\n|rule|Evasion Items Clause: Evasion items are banned\n|rule|Species Clause: Limit one of each Pok\u00e9mon\n|rule|Sleep Clause Mod: Limit one foe put to sleep\n|rule|Mega Rayquaza Clause: You cannot mega evolve Rayquaza\n|clearpoke\n|poke|p1|Ditto|\n|poke|p1|Ferrothorn, F|\n|poke|p1|Marshadow|\n|poke|p1|Xerneas-*|\n|poke|p1|Ho-Oh|\n|poke|p1|Kyogre|\n|poke|p2|Salamence, F|\n|poke|p2|Kingambit, F|\n|poke|p2|Ditto|\n|poke|p2|Groudon|\n|poke|p2|Necrozma-Dusk-Mane|\n|poke|p2|Arceus-Fairy|\n|teampreview\n|inactive|Battle timer is ON: inactive players will automatically lose when time's up. (requested by MommyMikuNakano)\n|\n|t:|1698923454\n|start\n|switch|p1a: Kyogre|Kyogre|100\/100\n|switch|p2a: Groudon|Groudon|100\/100\n|detailschange|p1a: Kyogre|Kyogre-Primal\n|-primal|p1a: Kyogre|Blue Orb\n|-weather|PrimordialSea|[from] ability: Primordial Sea|[of] p1a: Kyogre\n|detailschange|p2a: Groudon|Groudon-Primal\n|-primal|p2a: Groudon|Red Orb\n|-weather|DesolateLand|[from] ability: Desolate Land|[of] p2a: Groudon\n|turn|1\n|\n|t:|1698923460\n|move|p1a: Kyogre|Ice Beam|p2a: Groudon\n|-damage|p2a: Groudon|64\/100\n|move|p2a: Groudon|Stealth Rock|p1a: Kyogre\n|-sidestart|p1: hebchenle1|move: Stealth Rock\n|\n|-weather|DesolateLand|[upkeep]\n|upkeep\n|turn|2\n|\n|t:|1698923466\n|switch|p1a: Ho-Oh|Ho-Oh|100\/100\n|move|p2a: Groudon|Earthquake|p1a: Ho-Oh\n|-immune|p1a: Ho-Oh\n|\n|-weather|DesolateLand|[upkeep]\n|upkeep\n|turn|3\n|\n|t:|1698923471\n|switch|p1a: Ditto|Ditto|100\/100\n|-damage|p1a: Ditto|88\/100|[from] Stealth Rock\n|-transform|p1a: Ditto|p2a: Groudon|[from] ability: Imposter\n|move|p2a: Groudon|Toxic|p1a: Ditto\n|-status|p1a: Ditto|tox\n|\n|-weather|DesolateLand|[upkeep]\n|-damage|p1a: Ditto|82\/100 tox|[from] psn\n|upkeep\n|turn|4\n|\n|t:|1698923475\n|switch|p2a: Salamence|Salamence, F|100\/100\n|-ability|p2a: Salamence|Intimidate|boost\n|-unboost|p1a: Ditto|atk|1\n|move|p1a: Ditto|Earthquake|p2a: Salamence\n|-immune|p2a: Salamence\n|\n|-weather|DesolateLand|[upkeep]\n|-damage|p1a: Ditto|70\/100 tox|[from] psn\n|upkeep\n|turn|5\n|\n|t:|1698923480\n|-weather|none\n|switch|p1a: Ho-Oh|Ho-Oh|100\/100\n|detailschange|p2a: Salamence|Salamence-Mega, F\n|-mega|p2a: Salamence|Salamence|Salamencite\n|move|p2a: Salamence|Dragon Dance|p2a: Salamence\n|-boost|p2a: Salamence|atk|1\n|-boost|p2a: Salamence|spe|1\n|\n|upkeep\n|turn|6\n|\n|t:|1698923486\n|switch|p1a: Ferrothorn|Ferrothorn, F|100\/100\n|-damage|p1a: Ferrothorn|95\/100|[from] Stealth Rock\n|move|p2a: Salamence|Frustration|p1a: Ferrothorn\n|-damage|p1a: Ferrothorn|38\/100\n|-damage|p2a: Salamence|88\/100|[from] ability: Iron Barbs|[of] p1a: Ferrothorn\n|-damage|p2a: Salamence|71\/100|[from] item: Rocky Helmet|[of] p1a: Ferrothorn\n|\n|upkeep\n|turn|7\n|\n|t:|1698923490\n|move|p2a: Salamence|Frustration|p1a: Ferrothorn\n|-damage|p1a: Ferrothorn|0 fnt\n|-damage|p2a: Salamence|59\/100|[from] ability: Iron Barbs|[of] p1a: Ferrothorn\n|-damage|p2a: Salamence|42\/100|[from] item: Rocky Helmet|[of] p1a: Ferrothorn\n|faint|p1a: Ferrothorn\n|\n|upkeep\n|\n|t:|1698923493\n|switch|p1a: Ditto|Ditto|70\/100 tox\n|-damage|p1a: Ditto|58\/100 tox|[from] Stealth Rock\n|-transform|p1a: Ditto|p2a: Salamence|[from] ability: Imposter\n|turn|8\n|\n|t:|1698923500\n|switch|p2a: Kingambit|Kingambit, F|100\/100\n|move|p1a: Ditto|Facade|p2a: Kingambit\n|-resisted|p2a: Kingambit\n|-damage|p2a: Kingambit|51\/100\n|\n|-damage|p1a: Ditto|52\/100 tox|[from] psn\n|upkeep\n|turn|9\n|\n|t:|1698923506\n|switch|p1a: Ho-Oh|Ho-Oh|100\/100\n|move|p2a: Kingambit|Knock Off|p1a: Ho-Oh\n|-damage|p1a: Ho-Oh|38\/100\n|-enditem|p1a: Ho-Oh|Heavy-Duty Boots|[from] move: Knock Off|[of] p2a: Kingambit\n|\n|upkeep\n|turn|10\n|\n|t:|1698923509\n|-end|p2a: Kingambit|fallenundefined|[silent]\n|switch|p2a: Salamence|Salamence-Mega, F|42\/100\n|move|p1a: Ho-Oh|Defog|p2a: Salamence\n|-unboost|p2a: Salamence|evasion|1\n|-sideend|p1: hebchenle1|Stealth Rock|[from] move: Defog|[of] p1a: Ho-Oh\n|\n|upkeep\n|turn|11\n|\n|t:|1698923516\n|move|p2a: Salamence|Roost|p2a: Salamence\n|-heal|p2a: Salamence|93\/100\n|-singleturn|p2a: Salamence|move: Roost\n|move|p1a: Ho-Oh|Roost|p1a: Ho-Oh\n|-heal|p1a: Ho-Oh|88\/100\n|-singleturn|p1a: Ho-Oh|move: Roost\n|\n|upkeep\n|turn|12\n|\n|t:|1698923523\n|move|p2a: Salamence|Frustration|p1a: Ho-Oh\n|-damage|p1a: Ho-Oh|27\/100\n|move|p1a: Ho-Oh|Toxic|p2a: Salamence\n|-status|p2a: Salamence|tox\n|\n|-damage|p2a: Salamence|87\/100 tox|[from] psn\n|upkeep\n|turn|13\n|\n|t:|1698923528\n|move|p2a: Salamence|Facade|p1a: Ho-Oh\n|-damage|p1a: Ho-Oh|0 fnt\n|faint|p1a: Ho-Oh\n|\n|-damage|p2a: Salamence|75\/100 tox|[from] psn\n|upkeep\n|inactive|hebchenle1 has 120 seconds left.\n|\n|t:|1698923575\n|switch|p1a: Ditto|Ditto|52\/100 tox\n|-transform|p1a: Ditto|p2a: Salamence|[from] ability: Imposter\n|turn|14\n|\n|t:|1698923580\n|switch|p2a: Necrozma|Necrozma-Dusk-Mane, shiny|100\/100\n|move|p1a: Ditto|Facade|p2a: Necrozma\n|-resisted|p2a: Necrozma\n|-damage|p2a: Necrozma|60\/100\n|\n|-damage|p1a: Ditto|46\/100 tox|[from] psn\n|upkeep\n|turn|15\n|\n|t:|1698923590\n|switch|p1a: Kyogre|Kyogre-Primal|100\/100\n|-weather|PrimordialSea|[from] ability: Primordial Sea|[of] p1a: Kyogre\n|move|p2a: Necrozma|Photon Geyser|p1a: Kyogre\n|-damage|p1a: Kyogre|47\/100\n|\n|-weather|PrimordialSea|[upkeep]\n|upkeep\n|turn|16\n|\n|t:|1698923598\n|move|p1a: Kyogre|Ice Beam|p2a: Necrozma\n|-resisted|p2a: Necrozma\n|-damage|p2a: Necrozma|40\/100\n|move|p2a: Necrozma|Photon Geyser|p1a: Kyogre\n|-damage|p1a: Kyogre|0 fnt\n|faint|p1a: Kyogre\n|-weather|none\n|\n|upkeep\n|\n|t:|1698923603\n|switch|p1a: Marshadow|Marshadow|100\/100\n|turn|17\n|\n|t:|1698923610\n|detailschange|p2a: Necrozma|Necrozma-Ultra, shiny\n|-burst|p2a: Necrozma|Necrozma|Ultranecrozium Z\n|-terastallize|p1a: Marshadow|Ghost\n|move|p2a: Necrozma|Photon Geyser|p1a: Marshadow\n|-damage|p1a: Marshadow|29\/100\n|move|p1a: Marshadow|Spectral Thief|p2a: Necrozma\n|-supereffective|p2a: Necrozma\n|-damage|p2a: Necrozma|0 fnt\n|faint|p2a: Necrozma\n|\n|upkeep\n|\n|t:|1698923616\n|switch|p2a: Arceus|Arceus-Fairy|100\/100\n|turn|18\n|\n|t:|1698923619\n|move|p1a: Marshadow|Spectral Thief|p2a: Arceus\n|-damage|p2a: Arceus|57\/100\n|move|p2a: Arceus|Judgment|p1a: Marshadow\n|-damage|p1a: Marshadow|0 fnt\n|faint|p1a: Marshadow\n|\n|upkeep\n|\n|t:|1698923625\n|switch|p1a: Xerneas|Xerneas|100\/100\n|-ability|p1a: Xerneas|Fairy Aura\n|turn|19\n|\n|t:|1698923636\n|move|p2a: Arceus|Judgment|p1a: Xerneas\n|-damage|p1a: Xerneas|47\/100\n|move|p1a: Xerneas|Geomancy||[still]\n|-prepare|p1a: Xerneas|Geomancy\n|-enditem|p1a: Xerneas|Power Herb\n|-anim|p1a: Xerneas|Geomancy|p1a: Xerneas\n|-boost|p1a: Xerneas|spa|2\n|-boost|p1a: Xerneas|spd|2\n|-boost|p1a: Xerneas|spe|2\n|\n|upkeep\n|turn|20\n|\n|t:|1698923640\n|move|p1a: Xerneas|Substitute|p1a: Xerneas\n|-start|p1a: Xerneas|Substitute\n|-damage|p1a: Xerneas|22\/100\n|move|p2a: Arceus|Judgment|p1a: Xerneas\n|-end|p1a: Xerneas|Substitute\n|\n|upkeep\n|turn|21\n|\n|t:|1698923643\n|move|p1a: Xerneas|Moonblast|p2a: Arceus\n|-damage|p2a: Arceus|0 fnt\n|faint|p2a: Arceus\n|\n|upkeep\n|\n|t:|1698923645\n|switch|p2a: Ditto|Ditto, shiny|100\/100\n|-transform|p2a: Ditto|p1a: Xerneas|[from] ability: Imposter\n|-ability|p2a: Ditto|Fairy Aura\n|turn|22\n|\n|t:|1698923646\n|move|p2a: Ditto|Moonblast|p1a: Xerneas\n|-damage|p1a: Xerneas|0 fnt\n|faint|p1a: Xerneas\n|\n|upkeep\n|\n|t:|1698923648\n|switch|p1a: Ditto|Ditto|46\/100 tox\n|turn|23\n|\n|t:|1698923650\n|move|p2a: Ditto|Moonblast|p1a: Ditto\n|-damage|p1a: Ditto|0 fnt\n|faint|p1a: Ditto\n|\n|win|MommyMikuNakano\n|raw|hebchenle1's rating: 1573 &rarr; <strong>1559<\/strong><br \/>(-14 for losing)\n|raw|MommyMikuNakano's rating: 1685 &rarr; <strong>1699<\/strong><br \/>(+14 for winning)\n|l|\u2606hebchenle1\n|l|\u2606MommyMikuNakano\n","uploadtime":1698923729,"views":16,"p1id":"hebchenle1","p2id":"mommymikunakano","formatid":"gen9nationaldexubers","rating":1559,"private":0,"password":""}