{"id":"gen9nationaldexubers-1991044813","p1":"Gevien","p2":"Blake-Mamba","format":"[Gen 9] National Dex Ubers","log":"|j|\u2606Gevien\n|j|\u2606Blake-Mamba\n|t:|1700033729\n|gametype|singles\n|player|p1|Gevien|bruno|1362\n|player|p2|Blake-Mamba|juan|1284\n|teamsize|p1|6\n|teamsize|p2|6\n|gen|9\n|tier|[Gen 9] National Dex Ubers\n|rated|\n|rule|HP Percentage Mod: HP is shown in percentages\n|rule|Endless Battle Clause: Forcing endless battles is banned\n|rule|OHKO Clause: OHKO moves are banned\n|rule|Evasion Moves Clause: Evasion moves are banned\n|rule|Evasion Items Clause: Evasion items are banned\n|rule|Species Clause: Limit one of each Pok\u00e9mon\n|rule|Sleep Clause Mod: Limit one foe put to sleep\n|rule|Mega Rayquaza Clause: You cannot mega evolve Rayquaza\n|clearpoke\n|poke|p1|Ninjask, M|\n|poke|p1|Basculegion, M|\n|poke|p1|Smeargle, M|\n|poke|p1|Melmetal|\n|poke|p1|Lopunny, F|\n|poke|p1|Groudon|\n|poke|p2|Regieleki|\n|poke|p2|Regidrago|\n|poke|p2|Regigigas|\n|poke|p2|Regirock|\n|poke|p2|Regice|\n|poke|p2|Registeel|\n|teampreview\n|inactive|Battle timer is ON: inactive players will automatically lose when time's up. (requested by Gevien)\n|\n|t:|1700033735\n|start\n|switch|p1a: Kevin 6|Smeargle, M|100\/100\n|switch|p2a: Regieleki|Regieleki|100\/100\n|turn|1\n|\n|t:|1700033754\n|move|p2a: Regieleki|Volt Switch|p1a: Kevin 6\n|-enditem|p1a: Kevin 6|Focus Sash\n|-damage|p1a: Kevin 6|1\/100\n|\n|t:|1700033763\n|switch|p2a: Regigigas|Regigigas|100\/100|[from] Volt Switch\n|-start|p2a: Regigigas|ability: Slow Start\n|move|p1a: Kevin 6|Spore|p2a: Regigigas\n|-status|p2a: Regigigas|slp|[from] move: Spore\n|\n|-ability|p1a: Kevin 6|Moody|boost\n|-boost|p1a: Kevin 6|spa|2\n|-unboost|p1a: Kevin 6|def|1\n|upkeep\n|turn|2\n|\n|t:|1700033777\n|-end|p2a: Regigigas|Slow Start|[silent]\n|switch|p2a: Registeel|Registeel|100\/100\n|move|p1a: Kevin 6|Toxic Spikes|p2a: Registeel\n|-sidestart|p2: Blake-Mamba|move: Toxic Spikes\n|\n|-ability|p1a: Kevin 6|Moody|boost\n|-boost|p1a: Kevin 6|spd|2\n|-unboost|p1a: Kevin 6|atk|1\n|upkeep\n|turn|3\n|\n|t:|1700033786\n|move|p1a: Kevin 6|Nuzzle|p2a: Registeel\n|-damage|p2a: Registeel|99\/100\n|-status|p2a: Registeel|par\n|cant|p2a: Registeel|par\n|\n|-ability|p1a: Kevin 6|Moody|boost\n|-boost|p1a: Kevin 6|spa|2\n|-unboost|p1a: Kevin 6|def|1\n|upkeep\n|turn|4\n|\n|t:|1700033796\n|move|p1a: Kevin 6|Toxic Spikes|p2a: Registeel\n|-sidestart|p2: Blake-Mamba|move: Toxic Spikes\n|move|p2a: Registeel|Stealth Rock|p1a: Kevin 6\n|-sidestart|p1: Gevien|move: Stealth Rock\n|\n|-ability|p1a: Kevin 6|Moody|boost\n|-boost|p1a: Kevin 6|def|2\n|-unboost|p1a: Kevin 6|spe|1\n|upkeep\n|turn|5\n|\n|t:|1700033805\n|move|p2a: Registeel|Steel Beam|p1a: Kevin 6\n|-damage|p1a: Kevin 6|0 fnt\n|-damage|p2a: Registeel|50\/100 par|[from] steelbeam\n|faint|p1a: Kevin 6\n|-damage|p2a: Registeel|40\/100 par|[from] item: Life Orb\n|\n|upkeep\n|\n|t:|1700033816\n|switch|p1a: Kevin|Lopunny, F|100\/100\n|-damage|p1a: Kevin|88\/100|[from] Stealth Rock\n|turn|6\n|\n|t:|1700033820\n|detailschange|p1a: Kevin|Lopunny-Mega, F\n|-mega|p1a: Kevin|Lopunny|Lopunnite\n|move|p1a: Kevin|Fake Out|p2a: Registeel\n|-resisted|p2a: Registeel\n|-damage|p2a: Registeel|33\/100 par\n|cant|p2a: Registeel|flinch\n|\n|upkeep\n|turn|7\n|\n|t:|1700033827\n|move|p1a: Kevin|High Jump Kick|p2a: Registeel\n|-supereffective|p2a: Registeel\n|-damage|p2a: Registeel|0 fnt\n|faint|p2a: Registeel\n|\n|upkeep\n|\n|t:|1700033833\n|switch|p2a: Regidrago|Regidrago|100\/100\n|-status|p2a: Regidrago|tox\n|turn|8\n|\n|t:|1700033840\n|move|p1a: Kevin|High Jump Kick|p2a: Regidrago\n|-damage|p2a: Regidrago|16\/100 tox\n|move|p2a: Regidrago|Dragon Energy|p1a: Kevin\n|-damage|p1a: Kevin|68\/100\n|\n|-damage|p2a: Regidrago|10\/100 tox|[from] psn\n|upkeep\n|turn|9\n|\n|t:|1700033849\n|move|p1a: Kevin|Return|p2a: Regidrago\n|-damage|p2a: Regidrago|0 fnt\n|faint|p2a: Regidrago\n|\n|upkeep\n|\n|t:|1700033854\n|switch|p2a: Regirock|Regirock|100\/100\n|-status|p2a: Regirock|tox\n|turn|10\n|\n|t:|1700033863\n|-terastallize|p2a: Regirock|Fighting\n|move|p1a: Kevin|High Jump Kick|p2a: Regirock\n|-damage|p2a: Regirock|71\/100 tox\n|-damage|p1a: Kevin|51\/100|[from] item: Rocky Helmet|[of] p2a: Regirock\n|move|p2a: Regirock|Iron Defense|p2a: Regirock\n|-boost|p2a: Regirock|def|2\n|\n|-damage|p2a: Regirock|65\/100 tox|[from] psn\n|upkeep\n|turn|11\n|\n|t:|1700033875\n|move|p1a: Kevin|U-turn|p2a: Regirock\n|-resisted|p2a: Regirock\n|-damage|p2a: Regirock|63\/100 tox\n|-damage|p1a: Kevin|35\/100|[from] item: Rocky Helmet|[of] p2a: Regirock\n|\n|t:|1700033884\n|switch|p1a: Kevin 2|Groudon|100\/100|[from] U-turn\n|-damage|p1a: Kevin 2|94\/100|[from] Stealth Rock\n|detailschange|p1a: Kevin 2|Groudon-Primal\n|-primal|p1a: Kevin 2|Red Orb\n|-weather|DesolateLand|[from] ability: Desolate Land|[of] p1a: Kevin 2\n|move|p2a: Regirock|Iron Defense|p2a: Regirock\n|-boost|p2a: Regirock|def|2\n|\n|-weather|DesolateLand|[upkeep]\n|-damage|p2a: Regirock|50\/100 tox|[from] psn\n|upkeep\n|turn|12\n|\n|t:|1700033897\n|move|p1a: Kevin 2|Rock Polish|p1a: Kevin 2\n|-boost|p1a: Kevin 2|spe|2\n|move|p2a: Regirock|Rest|p2a: Regirock\n|-status|p2a: Regirock|slp|[from] move: Rest\n|-heal|p2a: Regirock|100\/100 slp|[silent]\n|\n|-weather|DesolateLand|[upkeep]\n|upkeep\n|turn|13\n|\n|t:|1700033904\n|move|p1a: Kevin 2|Heat Crash|p2a: Regirock\n|-damage|p2a: Regirock|86\/100 slp\n|-damage|p1a: Kevin 2|78\/100|[from] item: Rocky Helmet|[of] p2a: Regirock\n|cant|p2a: Regirock|slp\n|\n|-weather|DesolateLand|[upkeep]\n|upkeep\n|turn|14\n|\n|t:|1700033911\n|-weather|none\n|switch|p1a: Kevin 3|Melmetal|100\/100\n|-damage|p1a: Kevin 3|94\/100|[from] Stealth Rock\n|cant|p2a: Regirock|slp\n|\n|upkeep\n|turn|15\n|\n|t:|1700033918\n|-curestatus|p2a: Regirock|slp|[msg]\n|move|p2a: Regirock|Body Press|p1a: Kevin 3\n|-supereffective|p1a: Kevin 3\n|-damage|p1a: Kevin 3|0 fnt\n|faint|p1a: Kevin 3\n|\n|upkeep\n|-message|Gevien forfeited.\n|\n|win|Blake-Mamba\n|raw|Gevien's rating: 1362 &rarr; <strong>1338<\/strong><br \/>(-24 for losing)\n|raw|Blake-Mamba's rating: 1284 &rarr; <strong>1315<\/strong><br \/>(+31 for winning)\n|l|\u2606Gevien\n","uploadtime":1700033937,"views":12,"p1id":"gevien","p2id":"blakemamba","formatid":"gen9nationaldexubers","rating":1315,"private":0,"password":""}