{"id":"gen9nationaldexubers-1980176700","p1":"aquiles meo","p2":"gioversace","format":"[Gen 9] National Dex Ubers","log":"|j|\u2606aquiles meo\n|j|\u2606gioversace\n|t:|1698763899\n|gametype|singles\n|player|p1|aquiles meo|ethan|1130\n|player|p2|gioversace|giovanni|1000\n|teamsize|p1|6\n|teamsize|p2|6\n|gen|9\n|tier|[Gen 9] National Dex Ubers\n|rated|\n|rule|HP Percentage Mod: HP is shown in percentages\n|rule|Endless Battle Clause: Forcing endless battles is banned\n|rule|OHKO Clause: OHKO moves are banned\n|rule|Evasion Moves Clause: Evasion moves are banned\n|rule|Evasion Items Clause: Evasion items are banned\n|rule|Species Clause: Limit one of each Pok\u00e9mon\n|rule|Sleep Clause Mod: Limit one foe put to sleep\n|rule|Mega Rayquaza Clause: You cannot mega evolve Rayquaza\n|clearpoke\n|poke|p1|Jirachi|\n|poke|p1|Ho-Oh|\n|poke|p1|Rayquaza|\n|poke|p1|Pidgeot, M|\n|poke|p1|Lucario, M|\n|poke|p1|Luxray, M|\n|poke|p2|Genesect-Douse|\n|poke|p2|Mewtwo|\n|poke|p2|Chi-Yu|\n|poke|p2|Nidoking, M|\n|poke|p2|Torkoal, M|\n|poke|p2|Persian, F|\n|teampreview\n|j| Incredible Gassy\n|c|\u2606aquiles meo|hello audience\n|c| Incredible Gassy|o\/\n|c|\u2606aquiles meo|it seems today Im fighting giovanni\n|c|\u2606gioversace|my name is giovanni versace\n|c|\u2606aquiles meo|oh man\n|c|\u2606aquiles meo|I thought it was giovanni giorgio\n|c|\u2606gioversace|he's my twin\n|c|\u2606aquiles meo|ah yes\n|c|\u2606aquiles meo|so the twins have matching cats\n|c|\u2606aquiles meo|anyways\n|\n|t:|1698763959\n|start\n|switch|p1a: Ho-Oh|Ho-Oh, shiny|100\/100\n|switch|p2a: Nidoking|Nidoking, M|100\/100\n|turn|1\n|c|\u2606aquiles meo|we're off to a good start\n|\n|t:|1698763980\n|move|p2a: Nidoking|Stealth Rock|p1a: Ho-Oh\n|-sidestart|p1: aquiles meo|move: Stealth Rock\n|move|p1a: Ho-Oh|Burn Up|p2a: Nidoking\n|-damage|p2a: Nidoking|6\/100\n|-start|p1a: Ho-Oh|typechange|???\/Flying|[from] move: Burn Up\n|\n|upkeep\n|turn|2\n|\n|t:|1698763992\n|move|p2a: Nidoking|Toxic Spikes|p1a: Ho-Oh\n|-sidestart|p1: aquiles meo|move: Toxic Spikes\n|move|p1a: Ho-Oh|Ancient Power|p2a: Nidoking\n|-resisted|p2a: Nidoking\n|-damage|p2a: Nidoking|0 fnt\n|faint|p2a: Nidoking\n|\n|upkeep\n|\n|t:|1698763996\n|switch|p2a: Mewtwo|Mewtwo|100\/100\n|-ability|p2a: Mewtwo|Pressure\n|turn|3\n|\n|t:|1698764002\n|detailschange|p2a: Mewtwo|Mewtwo-Mega-Y\n|-mega|p2a: Mewtwo|Mewtwo|Mewtwonite Y\n|move|p2a: Mewtwo|Thunderbolt|p1a: Ho-Oh\n|-supereffective|p1a: Ho-Oh\n|-damage|p1a: Ho-Oh|50\/100\n|-status|p1a: Ho-Oh|par\n|move|p1a: Ho-Oh|Sacred Fire|p2a: Mewtwo\n|-damage|p2a: Mewtwo|62\/100\n|-status|p2a: Mewtwo|brn\n|\n|-damage|p2a: Mewtwo|56\/100 brn|[from] brn\n|upkeep\n|turn|4\n|\n|t:|1698764018\n|switch|p1a: Luxray|Luxray, M, shiny|100\/100\n|-damage|p1a: Luxray|88\/100|[from] Stealth Rock\n|-status|p1a: Luxray|psn\n|move|p2a: Mewtwo|Thunderbolt|p1a: Luxray\n|-resisted|p1a: Luxray\n|-damage|p1a: Luxray|65\/100 psn\n|\n|-damage|p1a: Luxray|52\/100 psn|[from] psn\n|-damage|p2a: Mewtwo|50\/100 brn|[from] brn\n|upkeep\n|turn|5\n|\n|t:|1698764030\n|move|p2a: Mewtwo|Psystrike|p1a: Luxray\n|-damage|p1a: Luxray|0 fnt\n|faint|p1a: Luxray\n|\n|-damage|p2a: Mewtwo|43\/100 brn|[from] brn\n|upkeep\n|c|\u2606aquiles meo|ill remember what you did to my cat\n|\n|t:|1698764046\n|switch|p1a: Jirachi|Jirachi, shiny|100\/100\n|-damage|p1a: Jirachi|95\/100|[from] Stealth Rock\n|turn|6\n|c|\u2606gioversace|mama mia\n|\n|t:|1698764055\n|move|p2a: Mewtwo|Shadow Ball|p1a: Jirachi\n|-supereffective|p1a: Jirachi\n|-damage|p1a: Jirachi|31\/100\n|move|p1a: Jirachi|Iron Head|p2a: Mewtwo\n|-damage|p2a: Mewtwo|4\/100 brn\n|\n|-heal|p1a: Jirachi|37\/100|[from] item: Leftovers\n|-damage|p2a: Mewtwo|0 fnt|[from] brn\n|faint|p2a: Mewtwo\n|upkeep\n|\n|t:|1698764065\n|switch|p2a: Persian|Persian, F|100\/100\n|turn|7\n|\n|t:|1698764077\n|move|p2a: Persian|Fake Out|p1a: Jirachi\n|-resisted|p1a: Jirachi\n|-damage|p1a: Jirachi|24\/100\n|-damage|p2a: Persian|91\/100|[from] item: Life Orb\n|cant|p1a: Jirachi|flinch\n|\n|-heal|p1a: Jirachi|30\/100|[from] item: Leftovers\n|upkeep\n|turn|8\n|c|\u2606aquiles meo|fair\n|\n|t:|1698764112\n|move|p2a: Persian|Knock Off|p1a: Jirachi\n|-supereffective|p1a: Jirachi\n|-damage|p1a: Jirachi|0 fnt\n|-enditem|p1a: Jirachi|Leftovers|[from] move: Knock Off|[of] p2a: Persian\n|faint|p1a: Jirachi\n|-damage|p2a: Persian|81\/100|[from] item: Life Orb\n|\n|upkeep\n|c|\u2606aquiles meo|that was unexpected\n|c|\u2606aquiles meo|but oh well\n|\n|t:|1698764124\n|switch|p1a: Lucario|Lucario, M, shiny|100\/100\n|-damage|p1a: Lucario|98\/100|[from] Stealth Rock\n|turn|9\n|\n|t:|1698764133\n|switch|p2a: Torkoal|Torkoal, M|100\/100\n|-weather|SunnyDay|[from] ability: Drought|[of] p2a: Torkoal\n|move|p1a: Lucario|Drain Punch|p2a: Torkoal\n|-damage|p2a: Torkoal|70\/100\n|-heal|p1a: Lucario|100\/100|[from] drain|[of] p2a: Torkoal\n|\n|-weather|SunnyDay|[upkeep]\n|-heal|p2a: Torkoal|76\/100|[from] item: Leftovers\n|upkeep\n|turn|10\n|\n|t:|1698764144\n|detailschange|p1a: Lucario|Lucario-Mega, M, shiny\n|-mega|p1a: Lucario|Lucario|Lucarionite\n|move|p1a: Lucario|Bone Rush|p2a: Torkoal\n|-supereffective|p2a: Torkoal\n|-damage|p2a: Torkoal|61\/100\n|-supereffective|p2a: Torkoal\n|-damage|p2a: Torkoal|44\/100\n|-supereffective|p2a: Torkoal\n|-damage|p2a: Torkoal|28\/100\n|-hitcount|p2a: Torkoal|3\n|move|p2a: Torkoal|Eruption|p1a: Lucario\n|-supereffective|p1a: Lucario\n|-damage|p1a: Lucario|42\/100\n|\n|-weather|SunnyDay|[upkeep]\n|-heal|p2a: Torkoal|34\/100|[from] item: Leftovers\n|upkeep\n|turn|11\n|\n|t:|1698764157\n|switch|p2a: Chi-Yu|Chi-Yu|100\/100\n|-ability|p2a: Chi-Yu|Beads of Ruin\n|move|p1a: Lucario|Drain Punch|p2a: Chi-Yu\n|-supereffective|p2a: Chi-Yu\n|-damage|p2a: Chi-Yu|0 fnt\n|-heal|p1a: Lucario|87\/100|[from] drain|[of] p2a: Chi-Yu\n|faint|p2a: Chi-Yu\n|\n|-weather|SunnyDay|[upkeep]\n|upkeep\n|\n|t:|1698764163\n|switch|p2a: Genesect|Genesect-Douse, shiny|100\/100\n|-ability|p2a: Genesect|Download|boost\n|-boost|p2a: Genesect|spa|1\n|turn|12\n|\n|t:|1698764184\n|move|p1a: Lucario|Aura Sphere|p2a: Genesect\n|-damage|p2a: Genesect|40\/100\n|move|p2a: Genesect|Shift Gear|p2a: Genesect\n|-boost|p2a: Genesect|spe|2\n|-boost|p2a: Genesect|atk|1\n|\n|-weather|SunnyDay|[upkeep]\n|upkeep\n|turn|13\n|c|\u2606aquiles meo|wow nice car\n|c|\u2606aquiles meo|vroom vroom\n|c|\u2606aquiles meo|parli italiano?\n|c|\u2606gioversace|si\n|\n|t:|1698764207\n|move|p2a: Genesect|Blaze Kick|p1a: Lucario\n|-supereffective|p1a: Lucario\n|-damage|p1a: Lucario|0 fnt\n|faint|p1a: Lucario\n|\n|-weather|none\n|upkeep\n|c|\u2606aquiles meo|io non\n|c|\u2606aquiles meo|ma io capisco un pocchino\n|\n|t:|1698764219\n|switch|p1a: Rayquaza|Rayquaza, shiny|100\/100\n|-ability|p1a: Rayquaza|Air Lock\n|turn|14\n|\n|t:|1698764230\n|move|p1a: Rayquaza|Extreme Speed|p2a: Genesect\n|-resisted|p2a: Genesect\n|-crit|p2a: Genesect\n|-damage|p2a: Genesect|12\/100\n|move|p2a: Genesect|Leech Life|p1a: Rayquaza\n|-resisted|p1a: Rayquaza\n|-damage|p1a: Rayquaza|71\/100\n|-heal|p2a: Genesect|31\/100|[from] drain|[of] p1a: Rayquaza\n|\n|upkeep\n|turn|15\n|\n|t:|1698764248\n|-terastallize|p1a: Rayquaza|Flying\n|move|p2a: Genesect|Leech Life|p1a: Rayquaza\n|-resisted|p1a: Rayquaza\n|-damage|p1a: Rayquaza|41\/100\n|-heal|p2a: Genesect|49\/100|[from] drain|[of] p1a: Rayquaza\n|move|p1a: Rayquaza|Dragon Ascent|p2a: Genesect\n|-damage|p2a: Genesect|0 fnt\n|-unboost|p1a: Rayquaza|def|1\n|-unboost|p1a: Rayquaza|spd|1\n|faint|p2a: Genesect\n|\n|upkeep\n|\n|t:|1698764253\n|switch|p2a: Persian|Persian, F|81\/100\n|turn|16\n|\n|t:|1698764263\n|move|p2a: Persian|Fake Out|p1a: Rayquaza\n|-damage|p1a: Rayquaza|0 fnt\n|faint|p1a: Rayquaza\n|-damage|p2a: Persian|71\/100|[from] item: Life Orb\n|\n|upkeep\n|\n|t:|1698764273\n|switch|p1a: Pidgeot|Pidgeot, M, shiny|100\/100\n|-damage|p1a: Pidgeot|76\/100|[from] Stealth Rock\n|turn|17\n|c|\u2606aquiles meo|check my bird out\n|l| Incredible Gassy\n|c|\u2606gioversace|kewl\n|c|\u2606aquiles meo|thanks\n|\n|t:|1698764311\n|switch|p2a: Torkoal|Torkoal, M|34\/100\n|-weather|SunnyDay|[from] ability: Drought|[of] p2a: Torkoal\n|move|p1a: Pidgeot|Giga Impact|p2a: Torkoal|[miss]\n|-miss|p1a: Pidgeot|p2a: Torkoal\n|\n|-weather|SunnyDay|[upkeep]\n|-heal|p2a: Torkoal|40\/100|[from] item: Leftovers\n|upkeep\n|turn|18\n|c|\u2606aquiles meo|you have a cool team btw\n|\n|t:|1698764322\n|move|p1a: Pidgeot|Ominous Wind|p2a: Torkoal\n|-damage|p2a: Torkoal|24\/100\n|move|p2a: Torkoal|Yawn|p1a: Pidgeot\n|-start|p1a: Pidgeot|move: Yawn|[of] p2a: Torkoal\n|\n|-weather|SunnyDay|[upkeep]\n|-heal|p2a: Torkoal|30\/100|[from] item: Leftovers\n|upkeep\n|turn|19\n|c|\u2606gioversace|thank you :)\n|\n|t:|1698764342\n|move|p1a: Pidgeot|Giga Impact|p2a: Torkoal\n|-damage|p2a: Torkoal|0 fnt\n|-mustrecharge|p1a: Pidgeot\n|faint|p2a: Torkoal\n|\n|-weather|SunnyDay|[upkeep]\n|-end|p1a: Pidgeot|move: Yawn|[silent]\n|-status|p1a: Pidgeot|slp\n|upkeep\n|\n|t:|1698764346\n|switch|p2a: Persian|Persian, F|71\/100\n|turn|20\n|\n|t:|1698764356\n|move|p2a: Persian|Knock Off|p1a: Pidgeot\n|-damage|p1a: Pidgeot|49\/100 slp\n|-damage|p2a: Persian|61\/100|[from] item: Life Orb\n|cant|p1a: Pidgeot|recharge\n|\n|-weather|SunnyDay|[upkeep]\n|upkeep\n|turn|21\n|\n|t:|1698764372\n|move|p2a: Persian|Aerial Ace|p1a: Pidgeot\n|-damage|p1a: Pidgeot|12\/100 slp\n|-damage|p2a: Persian|51\/100|[from] item: Life Orb\n|cant|p1a: Pidgeot|slp\n|\n|-weather|none\n|upkeep\n|turn|22\n|c|\u2606aquiles meo|that cannot be a bird\n|c|\u2606aquiles meo|wdym aerial ace\n|\n|t:|1698764391\n|move|p2a: Persian|Aerial Ace|p1a: Pidgeot\n|-damage|p1a: Pidgeot|0 fnt\n|faint|p1a: Pidgeot\n|-damage|p2a: Persian|41\/100|[from] item: Life Orb\n|\n|upkeep\n|\n|t:|1698764394\n|switch|p1a: Ho-Oh|Ho-Oh, shiny|84\/100 par\n|-damage|p1a: Ho-Oh|34\/100 par|[from] Stealth Rock\n|turn|23\n|c|\u2606gioversace|i believe i can fly\n|c|\u2606aquiles meo|oh no\n|\n|t:|1698764404\n|move|p2a: Persian|Knock Off|p1a: Ho-Oh\n|-damage|p1a: Ho-Oh|7\/100 par\n|-enditem|p1a: Ho-Oh|Clear Amulet|[from] move: Knock Off|[of] p2a: Persian\n|-damage|p2a: Persian|31\/100|[from] item: Life Orb\n|cant|p1a: Ho-Oh|par\n|\n|upkeep\n|turn|24\n|c|\u2606aquiles meo|damn\n|c|\u2606aquiles meo|no\n|c|\u2606gioversace|damn\n|c|\u2606aquiles meo|well gg\n|c|\u2606gioversace|the cat carried\n|c|\u2606aquiles meo|I really wanted to take the win home\n|\n|t:|1698764434\n|move|p2a: Persian|Aerial Ace|p1a: Ho-Oh\n|-damage|p1a: Ho-Oh|0 fnt\n|faint|p1a: Ho-Oh\n|-damage|p2a: Persian|21\/100|[from] item: Life Orb\n|\n|win|gioversace\n|raw|aquiles meo's rating: 1130 &rarr; <strong>1096<\/strong><br \/>(-34 for losing)\n|raw|gioversace's rating: 1000 &rarr; <strong>1054<\/strong><br \/>(+54 for winning)\n|c|\u2606aquiles meo|good one\n|c|\u2606gioversace|ty\n|c|\u2606aquiles meo|nw\n","uploadtime":1698764453,"views":9,"p1id":"aquilesmeo","p2id":"gioversace","formatid":"gen9nationaldexubers","rating":1054,"private":0,"password":""}