{"id":"gen9nationaldexubers-1984577136","p1":"loch2009","p2":"MDog3712","format":"[Gen 9] National Dex Ubers","log":"|j|\u2606loch2009\n|j|\u2606MDog3712\n|t:|1699281411\n|gametype|singles\n|player|p1|loch2009|102|1158\n|player|p2|MDog3712|scientist-gen4|1021\n|teamsize|p1|6\n|teamsize|p2|6\n|gen|9\n|tier|[Gen 9] National Dex Ubers\n|rated|\n|rule|HP Percentage Mod: HP is shown in percentages\n|rule|Endless Battle Clause: Forcing endless battles is banned\n|rule|OHKO Clause: OHKO moves are banned\n|rule|Evasion Moves Clause: Evasion moves are banned\n|rule|Evasion Items Clause: Evasion items are banned\n|rule|Species Clause: Limit one of each Pok\u00e9mon\n|rule|Sleep Clause Mod: Limit one foe put to sleep\n|rule|Mega Rayquaza Clause: You cannot mega evolve Rayquaza\n|clearpoke\n|poke|p1|Lunala|\n|poke|p1|Genesect-Douse|\n|poke|p1|Weavile, M|\n|poke|p1|Arceus-Water|\n|poke|p1|Clodsire, M|\n|poke|p1|Blaziken, F|\n|poke|p2|Charizard, M|\n|poke|p2|Galvantula, M|\n|poke|p2|Golurk|\n|poke|p2|Wishiwashi, M|\n|poke|p2|Reuniclus, M|\n|poke|p2|Hydreigon, M|\n|teampreview\n|c|\u2606loch2009|the gen 7 ou team\n|inactive|Battle timer is ON: inactive players will automatically lose when time's up. (requested by MDog3712)\n|\n|t:|1699281464\n|start\n|switch|p1a: Lunala|Lunala, shiny|100\/100\n|switch|p2a: Artifact|Golurk, shiny|100\/100\n|turn|1\n|\n|t:|1699281477\n|-terastallize|p1a: Lunala|Dark\n|move|p1a: Lunala|Agility|p1a: Lunala\n|-boost|p1a: Lunala|spe|2\n|move|p2a: Artifact|Trick|p1a: Lunala\n|-activate|p2a: Artifact|move: Trick|[of] p1a: Lunala\n|-item|p1a: Lunala|Sticky Barb|[from] move: Trick\n|-item|p2a: Artifact|Power Herb|[from] move: Trick\n|\n|-damage|p1a: Lunala|88\/100|[from] item: Sticky Barb\n|upkeep\n|turn|2\n|\n|t:|1699281488\n|move|p1a: Lunala|Moongeist Beam|p2a: Artifact\n|-supereffective|p2a: Artifact\n|-damage|p2a: Artifact|0 fnt\n|faint|p2a: Artifact\n|\n|-damage|p1a: Lunala|76\/100|[from] item: Sticky Barb\n|upkeep\n|\n|t:|1699281496\n|switch|p2a: Collective|Hydreigon, M|100\/100\n|turn|3\n|\n|t:|1699281511\n|move|p1a: Lunala|Meteor Beam||[still]\n|-prepare|p1a: Lunala|Meteor Beam\n|-boost|p1a: Lunala|spa|1\n|move|p2a: Collective|Draco Meteor|p1a: Lunala\n|-damage|p1a: Lunala|25\/100\n|-unboost|p2a: Collective|spa|2\n|\n|-damage|p1a: Lunala|12\/100|[from] item: Sticky Barb\n|upkeep\n|turn|4\n|\n|t:|1699281520\n|move|p1a: Lunala|Meteor Beam|p2a: Collective|[from]lockedmove\n|-damage|p2a: Collective|22\/100\n|move|p2a: Collective|Draco Meteor|p1a: Lunala\n|-damage|p1a: Lunala|0 fnt\n|-unboost|p2a: Collective|spa|2\n|faint|p1a: Lunala\n|\n|upkeep\n|\n|t:|1699281542\n|switch|p1a: Genesect|Genesect-Douse, shiny|100\/100\n|-ability|p1a: Genesect|Download|boost\n|-boost|p1a: Genesect|atk|1\n|turn|5\n|\n|t:|1699281556\n|switch|p2a: Bird Eater|Galvantula, M|100\/100\n|move|p1a: Genesect|Shift Gear|p1a: Genesect\n|-boost|p1a: Genesect|spe|2\n|-boost|p1a: Genesect|atk|1\n|\n|upkeep\n|turn|6\n|\n|t:|1699281565\n|move|p1a: Genesect|Bug Buzz|p2a: Bird Eater\n|-damage|p2a: Bird Eater|5\/100\n|move|p2a: Bird Eater|Sticky Web|p1a: Genesect\n|-sidestart|p1: loch2009|move: Sticky Web\n|\n|upkeep\n|turn|7\n|\n|t:|1699281571\n|move|p1a: Genesect|Bug Buzz|p2a: Bird Eater\n|-damage|p2a: Bird Eater|0 fnt\n|faint|p2a: Bird Eater\n|\n|upkeep\n|\n|t:|1699281578\n|switch|p2a: Collective|Hydreigon, M|22\/100\n|turn|8\n|\n|t:|1699281582\n|move|p1a: Genesect|Bug Buzz|p2a: Collective\n|-supereffective|p2a: Collective\n|-damage|p2a: Collective|0 fnt\n|faint|p2a: Collective\n|\n|upkeep\n|\n|t:|1699281595\n|switch|p2a: Poseidon|Wishiwashi, M|100\/100\n|-formechange|p2a: Poseidon|Wishiwashi-School||[from] ability: Schooling\n|turn|9\n|\n|t:|1699281613\n|move|p1a: Genesect|Bug Buzz|p2a: Poseidon\n|-damage|p2a: Poseidon|56\/100\n|move|p2a: Poseidon|Scald|p1a: Genesect\n|-damage|p1a: Genesect|51\/100\n|\n|-heal|p2a: Poseidon|62\/100|[from] item: Leftovers\n|upkeep\n|turn|10\n|\n|t:|1699281620\n|move|p1a: Genesect|Bug Buzz|p2a: Poseidon\n|-damage|p2a: Poseidon|15\/100\n|move|p2a: Poseidon|Rest|p2a: Poseidon\n|-status|p2a: Poseidon|slp|[from] move: Rest\n|-heal|p2a: Poseidon|100\/100 slp|[silent]\n|\n|upkeep\n|turn|11\n|\n|t:|1699281629\n|move|p1a: Genesect|Bug Buzz|p2a: Poseidon\n|-damage|p2a: Poseidon|58\/100 slp\n|cant|p2a: Poseidon|slp\n|move|p2a: Poseidon|Sleep Talk|p2a: Poseidon\n|move|p2a: Poseidon|Rest||[from]move: Sleep Talk|[still]\n|-fail|p2a: Poseidon\n|\n|-heal|p2a: Poseidon|64\/100 slp|[from] item: Leftovers\n|upkeep\n|turn|12\n|\n|t:|1699281647\n|move|p1a: Genesect|Bug Buzz|p2a: Poseidon\n|-damage|p2a: Poseidon|24\/100 slp\n|-unboost|p2a: Poseidon|spd|1\n|cant|p2a: Poseidon|slp\n|move|p2a: Poseidon|Sleep Talk|p2a: Poseidon\n|move|p2a: Poseidon|Scald|p1a: Genesect|[from]move: Sleep Talk\n|-damage|p1a: Genesect|3\/100\n|-status|p1a: Genesect|brn\n|\n|-heal|p2a: Poseidon|30\/100 slp|[from] item: Leftovers\n|-damage|p1a: Genesect|0 fnt|[from] brn\n|faint|p1a: Genesect\n|upkeep\n|\n|t:|1699281670\n|switch|p1a: Blaziken|Blaziken, F|100\/100\n|-activate|p1a: Blaziken|move: Sticky Web\n|-unboost|p1a: Blaziken|spe|1\n|turn|13\n|\n|t:|1699281682\n|detailschange|p1a: Blaziken|Blaziken-Mega, F\n|-mega|p1a: Blaziken|Blaziken|Blazikenite\n|move|p1a: Blaziken|Brave Bird|p2a: Poseidon\n|-damage|p2a: Poseidon|0 fnt\n|faint|p2a: Poseidon\n|-damage|p1a: Blaziken|91\/100|[from] Recoil\n|\n|-ability|p1a: Blaziken|Speed Boost|boost\n|-boost|p1a: Blaziken|spe|1\n|upkeep\n|\n|t:|1699281690\n|switch|p2a: Inferno|Charizard, M|100\/100\n|turn|14\n|\n|t:|1699281698\n|detailschange|p2a: Inferno|Charizard-Mega-Y, M\n|-mega|p2a: Inferno|Charizard|Charizardite Y\n|-weather|SunnyDay|[from] ability: Drought|[of] p2a: Inferno\n|move|p1a: Blaziken|Protect|p1a: Blaziken\n|-singleturn|p1a: Blaziken|Protect\n|move|p2a: Inferno|Ancient Power|p1a: Blaziken\n|-activate|p1a: Blaziken|move: Protect\n|\n|-weather|SunnyDay|[upkeep]\n|-ability|p1a: Blaziken|Speed Boost|boost\n|-boost|p1a: Blaziken|spe|1\n|upkeep\n|turn|15\n|\n|t:|1699281707\n|move|p1a: Blaziken|Brave Bird|p2a: Inferno\n|-damage|p2a: Inferno|21\/100\n|-damage|p1a: Blaziken|65\/100|[from] Recoil\n|move|p2a: Inferno|Ancient Power|p1a: Blaziken\n|-damage|p1a: Blaziken|34\/100\n|\n|-weather|SunnyDay|[upkeep]\n|-ability|p1a: Blaziken|Speed Boost|boost\n|-boost|p1a: Blaziken|spe|1\n|upkeep\n|turn|16\n|\n|t:|1699281720\n|move|p1a: Blaziken|Blaze Kick|p2a: Inferno\n|-resisted|p2a: Inferno\n|-damage|p2a: Inferno|0 fnt\n|faint|p2a: Inferno\n|\n|-weather|SunnyDay|[upkeep]\n|-ability|p1a: Blaziken|Speed Boost|boost\n|-boost|p1a: Blaziken|spe|1\n|upkeep\n|\n|t:|1699281726\n|switch|p2a: Mitosis|Reuniclus, M|100\/100\n|turn|17\n|\n|t:|1699281738\n|move|p1a: Blaziken|Blaze Kick|p2a: Mitosis\n|-damage|p2a: Mitosis|10\/100\n|move|p2a: Mitosis|Psyshock|p1a: Blaziken\n|-supereffective|p1a: Blaziken\n|-damage|p1a: Blaziken|0 fnt\n|faint|p1a: Blaziken\n|\n|-weather|SunnyDay|[upkeep]\n|upkeep\n|\n|t:|1699281743\n|switch|p1a: Weavile|Weavile, M|100\/100\n|-activate|p1a: Weavile|move: Sticky Web\n|-unboost|p1a: Weavile|spe|1\n|turn|18\n|c|\u2606loch2009|gg\n|\n|t:|1699281749\n|move|p1a: Weavile|Fake Out|p2a: Mitosis\n|-damage|p2a: Mitosis|0 fnt\n|faint|p2a: Mitosis\n|\n|win|loch2009\n|raw|loch2009's rating: 1158 &rarr; <strong>1174<\/strong><br \/>(+16 for winning)\n|raw|MDog3712's rating: 1021 &rarr; <strong>1013<\/strong><br \/>(-8 for losing)\n|l|\u2606MDog3712\n","uploadtime":1699281754,"views":11,"p1id":"loch2009","p2id":"mdog3712","formatid":"gen9nationaldexubers","rating":1013,"private":0,"password":""}