{"id":"gen9nationaldexubers-1996620270","p1":"wqwasdsAD","p2":"Krishy2007","format":"[Gen 9] National Dex Ubers","log":"|j|\u2606wqwasdsAD\n|j|\u2606Krishy2007\n|t:|1700701494\n|gametype|singles\n|player|p1|wqwasdsAD|2|1396\n|player|p2|Krishy2007|102|1394\n|teamsize|p1|6\n|teamsize|p2|6\n|gen|9\n|tier|[Gen 9] National Dex Ubers\n|rated|\n|rule|HP Percentage Mod: HP is shown in percentages\n|rule|Endless Battle Clause: Forcing endless battles is banned\n|rule|OHKO Clause: OHKO moves are banned\n|rule|Evasion Moves Clause: Evasion moves are banned\n|rule|Evasion Items Clause: Evasion items are banned\n|rule|Species Clause: Limit one of each Pok\u00e9mon\n|rule|Sleep Clause Mod: Limit one foe put to sleep\n|rule|Mega Rayquaza Clause: You cannot mega evolve Rayquaza\n|clearpoke\n|poke|p1|Deoxys-Speed|\n|poke|p1|Xerneas-*|\n|poke|p1|Groudon|\n|poke|p1|Necrozma-Dusk-Mane|\n|poke|p1|Shiftry, M|\n|poke|p1|Eternatus|\n|poke|p2|Groudon|\n|poke|p2|Ho-Oh|\n|poke|p2|Necrozma-Dusk-Mane|\n|poke|p2|Kyogre|\n|poke|p2|Xerneas-*|\n|poke|p2|Arceus-Ground|\n|teampreview\n|inactive|Battle timer is ON: inactive players will automatically lose when time's up. (requested by wqwasdsAD)\n|c|\u2606wqwasdsAD|glhf\n|c|\u2606wqwasdsAD|team?\n|c|\u2606wqwasdsAD|i need a good team\n|inactive|Krishy2007 has 120 seconds left.\n|c|\u2606Krishy2007|Imo, having two suicide leads isn't ideal\n|\n|t:|1700701554\n|start\n|switch|p1a: Deoxys|Deoxys-Speed|100\/100\n|switch|p2a: Groudon|Groudon, shiny|100\/100\n|-ability|p1a: Deoxys|Pressure\n|detailschange|p2a: Groudon|Groudon-Primal, shiny\n|-primal|p2a: Groudon|Red Orb\n|-weather|DesolateLand|[from] ability: Desolate Land|[of] p2a: Groudon\n|turn|1\n|c|\u2606wqwasdsAD|thanks\n|\n|t:|1700701578\n|move|p1a: Deoxys|Taunt|p2a: Groudon\n|-start|p2a: Groudon|move: Taunt\n|cant|p2a: Groudon|move: Taunt|Rock Polish\n|\n|-weather|DesolateLand|[upkeep]\n|upkeep\n|turn|2\n|c|\u2606Krishy2007|I'd recommend askign for help on the NDubers discord or r\/stunfisk\n|\n|t:|1700701590\n|move|p1a: Deoxys|Spikes|p2a: Groudon\n|-sidestart|p2: Krishy2007|Spikes\n|move|p2a: Groudon|Heat Crash|p1a: Deoxys\n|-crit|p1a: Deoxys\n|-damage|p1a: Deoxys|0 fnt\n|-damage|p2a: Groudon|84\/100|[from] item: Rocky Helmet|[of] p1a: Deoxys\n|faint|p1a: Deoxys\n|\n|-weather|DesolateLand|[upkeep]\n|upkeep\n|\n|t:|1700701611\n|switch|p1a: Necrozma|Necrozma-Dusk-Mane|100\/100\n|turn|3\n|\n|t:|1700701616\n|move|p2a: Groudon|Precipice Blades|p1a: Necrozma\n|-supereffective|p1a: Necrozma\n|-damage|p1a: Necrozma|26\/100\n|-enditem|p1a: Necrozma|Weakness Policy\n|-boost|p1a: Necrozma|atk|2|[from] item: Weakness Policy\n|-boost|p1a: Necrozma|spa|2|[from] item: Weakness Policy\n|move|p1a: Necrozma|Trick Room|p1a: Necrozma\n|-fieldstart|move: Trick Room|[of] p1a: Necrozma\n|\n|-weather|DesolateLand|[upkeep]\n|-end|p2a: Groudon|move: Taunt\n|upkeep\n|turn|4\n|c|\u2606wqwasdsAD|thoughts on this strat?\n|\n|t:|1700701638\n|move|p1a: Necrozma|Earthquake|p2a: Groudon\n|-supereffective|p2a: Groudon\n|-damage|p2a: Groudon|0 fnt\n|faint|p2a: Groudon\n|-weather|none\n|\n|upkeep\n|inactive|Krishy2007 has 120 seconds left.\n|inactive|Krishy2007 has 90 seconds left.\n|c|\u2606Krishy2007|It could work, but I think it's kinda counterintuitive with fast Pokemon like eternatus and Xerneas, especially with Tailwind support from Shiftry\n|c|\u2606Krishy2007|Maybe dragon dance could work better\n|\n|t:|1700701710\n|switch|p2a: Ho-Oh|Ho-Oh, shiny|100\/100\n|turn|5\n|inactive|wqwasdsAD has 120 seconds left.\n|\n|t:|1700701731\n|move|p1a: Necrozma|Photon Geyser|p2a: Ho-Oh\n|-damage|p2a: Ho-Oh|18\/100\n|move|p2a: Ho-Oh|Sacred Fire|p1a: Necrozma\n|-supereffective|p1a: Necrozma\n|-damage|p1a: Necrozma|0 fnt\n|faint|p1a: Necrozma\n|\n|upkeep\n|inactive|wqwasdsAD has 120 seconds left.\n|\n|t:|1700701743\n|switch|p1a: Groudon|Groudon|100\/100\n|-weather|SunnyDay|[from] ability: Drought|[of] p1a: Groudon\n|turn|6\n|inactive|wqwasdsAD has 120 seconds left.\n|inactive|Krishy2007 has 90 seconds left.\n|\n|t:|1700701772\n|switch|p2a: Kyogre|Kyogre, shiny|100\/100\n|-damage|p2a: Kyogre|88\/100|[from] Spikes\n|detailschange|p2a: Kyogre|Kyogre-Primal, shiny\n|-primal|p2a: Kyogre|Blue Orb\n|-weather|PrimordialSea|[from] ability: Primordial Sea|[of] p2a: Kyogre\n|-terastallize|p1a: Groudon|Fire\n|move|p1a: Groudon|Bulk Up|p1a: Groudon\n|-boost|p1a: Groudon|atk|1\n|-boost|p1a: Groudon|def|1\n|\n|-weather|PrimordialSea|[upkeep]\n|upkeep\n|turn|7\n|\n|t:|1700701784\n|move|p1a: Groudon|Precipice Blades|p2a: Kyogre|[miss]\n|-miss|p1a: Groudon|p2a: Kyogre\n|move|p2a: Kyogre|Origin Pulse|p1a: Groudon|[miss]\n|-miss|p2a: Kyogre|p1a: Groudon\n|\n|-weather|PrimordialSea|[upkeep]\n|-fieldend|move: Trick Room\n|upkeep\n|turn|8\n|inactive|Krishy2007 has 90 seconds left.\n|c|\u2606Krishy2007|Perfectly balanced\n|c|\u2606wqwasdsAD|were so back\n|\n|t:|1700701795\n|move|p2a: Kyogre|Origin Pulse|p1a: Groudon\n|-supereffective|p1a: Groudon\n|-damage|p1a: Groudon|0 fnt\n|faint|p1a: Groudon\n|\n|-weather|PrimordialSea|[upkeep]\n|upkeep\n|c|\u2606wqwasdsAD|oh\n|inactive|wqwasdsAD has 120 seconds left.\n|c|\u2606wqwasdsAD|even the speed balanced\n|c|\u2606Krishy2007|Both of us are max speed lol\n|inactive|wqwasdsAD has 90 seconds left.\n|c|\u2606wqwasdsAD|gg\n|\n|t:|1700701843\n|switch|p1a: Eternatus|Eternatus|100\/100\n|-ability|p1a: Eternatus|Pressure\n|turn|9\n|\n|t:|1700701850\n|move|p1a: Eternatus|Meteor Beam||[still]\n|-prepare|p1a: Eternatus|Meteor Beam\n|-boost|p1a: Eternatus|spa|1\n|-enditem|p1a: Eternatus|Power Herb\n|-anim|p1a: Eternatus|Meteor Beam|p2a: Kyogre|[miss]\n|-miss|p1a: Eternatus|p2a: Kyogre\n|move|p2a: Kyogre|Ice Beam|p1a: Eternatus\n|-supereffective|p1a: Eternatus\n|-damage|p1a: Eternatus|32\/100\n|\n|-weather|PrimordialSea|[upkeep]\n|upkeep\n|turn|10\n|-message|wqwasdsAD forfeited.\n|\n|win|Krishy2007\n|raw|wqwasdsAD's rating: 1396 &rarr; <strong>1376<\/strong><br \/>(-20 for losing)\n|raw|Krishy2007's rating: 1394 &rarr; <strong>1414<\/strong><br \/>(+20 for winning)\n|l|\u2606wqwasdsAD\n","uploadtime":1700701870,"views":3,"p1id":"wqwasdsad","p2id":"krishy2007","formatid":"gen9nationaldexubers","rating":1376,"private":0,"password":""}