{"id":"gen9nationaldexubers-1990875098","p1":"cincinnaticynda","p2":"PokeHaint","format":"[Gen 9] National Dex Ubers","log":"|j|\u2606cincinnaticynda\n|j|\u2606PokeHaint\n|t:|1700010181\n|gametype|singles\n|player|p1|cincinnaticynda|266|\n|player|p2|PokeHaint|ninjaboy|\n|teamsize|p1|6\n|teamsize|p2|6\n|gen|9\n|tier|[Gen 9] National Dex Ubers\n|rule|HP Percentage Mod: HP is shown in percentages\n|rule|Endless Battle Clause: Forcing endless battles is banned\n|rule|OHKO Clause: OHKO moves are banned\n|rule|Evasion Moves Clause: Evasion moves are banned\n|rule|Evasion Items Clause: Evasion items are banned\n|rule|Species Clause: Limit one of each Pok\u00e9mon\n|rule|Sleep Clause Mod: Limit one foe put to sleep\n|rule|Mega Rayquaza Clause: You cannot mega evolve Rayquaza\n|clearpoke\n|poke|p1|Tapu Lele|\n|poke|p1|Incineroar, M|\n|poke|p1|Goodra-Hisui, F|\n|poke|p1|Celesteela|\n|poke|p1|Medicham, F|\n|poke|p1|Kyogre|\n|poke|p2|Xerneas-*|\n|poke|p2|Great Tusk|\n|poke|p2|Skarmory, F|\n|poke|p2|Pinsir, M|\n|poke|p2|Kleavor, M|\n|poke|p2|Magnezone|\n|teampreview\n|c|\u2606PokeHaint|glhf\n|c|\u2606cincinnaticynda|you too!\n|j| medi34\n|\n|t:|1700010214\n|start\n|switch|p1a: Medicham|Medicham, F|100\/100\n|switch|p2a: Kleavor|Kleavor, M|100\/100\n|turn|1\n|\n|t:|1700010229\n|switch|p2a: Skarmory|Skarmory, F|100\/100\n|detailschange|p1a: Medicham|Medicham-Mega, F\n|-mega|p1a: Medicham|Medicham|Medichamite\n|move|p1a: Medicham|Fake Out|p2a: Skarmory\n|-resisted|p2a: Skarmory\n|-damage|p2a: Skarmory|94\/100\n|-damage|p1a: Medicham|84\/100|[from] item: Rocky Helmet|[of] p2a: Skarmory\n|\n|upkeep\n|turn|2\n|\n|t:|1700010277\n|switch|p1a: Kyogre|Kyogre|100\/100\n|-weather|RainDance|[from] ability: Drizzle|[of] p1a: Kyogre\n|switch|p2a: Great Tusk|Great Tusk|100\/100\n|\n|-weather|RainDance|[upkeep]\n|upkeep\n|turn|3\n|\n|t:|1700010313\n|move|p1a: Kyogre|Surf|p2a: Great Tusk\n|-supereffective|p2a: Great Tusk\n|-damage|p2a: Great Tusk|0 fnt\n|faint|p2a: Great Tusk\n|-end|p2a: Great Tusk|Protosynthesis|[silent]\n|\n|-weather|RainDance|[upkeep]\n|upkeep\n|\n|t:|1700010328\n|switch|p2a: Magnezone|Magnezone|100\/100\n|turn|4\n|\n|t:|1700010373\n|switch|p1a: Goodra|Goodra-Hisui, F|100\/100\n|move|p2a: Magnezone|Thunder|p1a: Goodra\n|-resisted|p1a: Goodra\n|-damage|p1a: Goodra|86\/100\n|\n|-weather|RainDance|[upkeep]\n|-heal|p1a: Goodra|92\/100|[from] item: Leftovers\n|upkeep\n|turn|5\n|\n|t:|1700010390\n|switch|p2a: Kleavor|Kleavor, M|100\/100\n|move|p1a: Goodra|Acid Armor|p1a: Goodra\n|-boost|p1a: Goodra|def|2\n|\n|-weather|RainDance|[upkeep]\n|-heal|p1a: Goodra|98\/100|[from] item: Leftovers\n|upkeep\n|turn|6\n|\n|t:|1700010424\n|move|p2a: Kleavor|Stone Axe|p1a: Goodra\n|-resisted|p1a: Goodra\n|-damage|p1a: Goodra|85\/100\n|-sidestart|p1: cincinnaticynda|move: Stealth Rock\n|move|p1a: Goodra|Flash Cannon|p2a: Kleavor\n|-supereffective|p2a: Kleavor\n|-crit|p2a: Kleavor\n|-enditem|p2a: Kleavor|Focus Sash\n|-damage|p2a: Kleavor|1\/100\n|\n|-weather|none\n|-heal|p1a: Goodra|91\/100|[from] item: Leftovers\n|upkeep\n|turn|7\n|\n|t:|1700010452\n|move|p2a: Kleavor|Close Combat|p1a: Goodra\n|-supereffective|p1a: Goodra\n|-damage|p1a: Goodra|54\/100\n|-unboost|p2a: Kleavor|def|1\n|-unboost|p2a: Kleavor|spd|1\n|move|p1a: Goodra|Body Press|p2a: Kleavor\n|-damage|p2a: Kleavor|0 fnt\n|faint|p2a: Kleavor\n|\n|-heal|p1a: Goodra|60\/100|[from] item: Leftovers\n|upkeep\n|j| BoyzArbokInTown03\n|\n|t:|1700010461\n|switch|p2a: Skarmory|Skarmory, F|94\/100\n|turn|8\n|\n|t:|1700010504\n|switch|p1a: Incineroar|Incineroar, M|100\/100\n|-ability|p1a: Incineroar|Intimidate|boost\n|-unboost|p2a: Skarmory|atk|1\n|move|p2a: Skarmory|Body Press|p1a: Incineroar\n|-supereffective|p1a: Incineroar\n|-damage|p1a: Incineroar|41\/100\n|\n|upkeep\n|turn|9\n|c|\u2606cincinnaticynda|oof\n|\n|t:|1700010522\n|move|p2a: Skarmory|Body Press|p1a: Incineroar\n|-supereffective|p1a: Incineroar\n|-damage|p1a: Incineroar|0 fnt\n|faint|p1a: Incineroar\n|\n|upkeep\n|\n|t:|1700010573\n|switch|p1a: Kyogre|Kyogre|100\/100\n|-damage|p1a: Kyogre|88\/100|[from] Stealth Rock\n|-weather|RainDance|[from] ability: Drizzle|[of] p1a: Kyogre\n|turn|10\n|\n|t:|1700010589\n|move|p1a: Kyogre|Water Spout|p2a: Skarmory\n|-damage|p2a: Skarmory|0 fnt\n|faint|p2a: Skarmory\n|\n|-weather|RainDance|[upkeep]\n|upkeep\n|c| BoyzArbokInTown03|Genuinely shocked that skarm has a higher base speed\n|\n|t:|1700010594\n|switch|p2a: Magnezone|Magnezone|100\/100\n|turn|11\n|c| BoyzArbokInTown03|Than incin\n|c| medi34|I always forget how slow incineroar is\n|\n|t:|1700010616\n|switch|p1a: Goodra|Goodra-Hisui, F|60\/100\n|-damage|p1a: Goodra|54\/100|[from] Stealth Rock\n|move|p2a: Magnezone|Volt Switch|p1a: Goodra\n|-resisted|p1a: Goodra\n|-damage|p1a: Goodra|44\/100\n|c| medi34|60 base speed apparently\n|\n|t:|1700010628\n|switch|p2a: Xerneas|Xerneas|100\/100|[from] Volt Switch\n|-ability|p2a: Xerneas|Fairy Aura\n|\n|-weather|RainDance|[upkeep]\n|-heal|p1a: Goodra|50\/100|[from] item: Leftovers\n|upkeep\n|turn|12\n|j| lelza\n|\n|t:|1700010639\n|move|p2a: Xerneas|Geomancy||[still]\n|-prepare|p2a: Xerneas|Geomancy\n|-enditem|p2a: Xerneas|Power Herb\n|-anim|p2a: Xerneas|Geomancy|p2a: Xerneas\n|-boost|p2a: Xerneas|spa|2\n|-boost|p2a: Xerneas|spd|2\n|-boost|p2a: Xerneas|spe|2\n|move|p1a: Goodra|Toxic|p2a: Xerneas\n|-status|p2a: Xerneas|tox\n|\n|-weather|RainDance|[upkeep]\n|-heal|p1a: Goodra|56\/100|[from] item: Leftovers\n|-damage|p2a: Xerneas|94\/100 tox|[from] psn\n|upkeep\n|turn|13\n|c| BoyzArbokInTown03|Same as Sylveon\n|c| medi34|That's crazy actually\n|c| medi34|60 is so slow\n|\n|t:|1700010699\n|switch|p1a: Tapu Lele|Tapu Lele|100\/100\n|-damage|p1a: Tapu Lele|88\/100|[from] Stealth Rock\n|-fieldstart|move: Psychic Terrain|[from] ability: Psychic Surge|[of] p1a: Tapu Lele\n|move|p2a: Xerneas|Moonblast|p1a: Tapu Lele\n|-damage|p1a: Tapu Lele|0 fnt\n|faint|p1a: Tapu Lele\n|\n|-weather|RainDance|[upkeep]\n|-damage|p2a: Xerneas|82\/100 tox|[from] psn\n|upkeep\n|\n|t:|1700010710\n|switch|p1a: Medicham|Medicham-Mega, F|84\/100\n|-damage|p1a: Medicham|78\/100|[from] Stealth Rock\n|turn|14\n|c|\u2606cincinnaticynda|oh boy\n|c|\u2606PokeHaint|sir\n|c|\u2606PokeHaint|im so sorry\n|c| BoyzArbokInTown03|Since when was the moonblast animation an actual moon\n|c|\u2606cincinnaticynda|I played myself\n|c|\u2606PokeHaint|two days ago\n|c| medi34|they had to have upgraded that\n|\n|t:|1700010767\n|switch|p1a: Goodra|Goodra-Hisui, F|56\/100\n|-damage|p1a: Goodra|50\/100|[from] Stealth Rock\n|move|p2a: Xerneas|Draining Kiss|p1a: Goodra\n|-damage|p1a: Goodra|9\/100\n|-heal|p2a: Xerneas|100\/100 tox|[from] drain|[of] p1a: Goodra\n|\n|-weather|none\n|-heal|p1a: Goodra|15\/100|[from] item: Leftovers\n|-damage|p2a: Xerneas|82\/100 tox|[from] psn\n|upkeep\n|turn|15\n|\n|t:|1700010785\n|move|p2a: Xerneas|Draining Kiss|p1a: Goodra\n|-damage|p1a: Goodra|0 fnt\n|-heal|p2a: Xerneas|91\/100 tox|[from] drain|[of] p1a: Goodra\n|faint|p1a: Goodra\n|\n|-damage|p2a: Xerneas|66\/100 tox|[from] psn\n|upkeep\n|\n|t:|1700010793\n|switch|p1a: Celesteela|Celesteela|100\/100\n|-damage|p1a: Celesteela|88\/100|[from] Stealth Rock\n|turn|16\n|\n|t:|1700010799\n|move|p1a: Celesteela|Protect|p1a: Celesteela\n|-singleturn|p1a: Celesteela|Protect\n|move|p2a: Xerneas|Thunder|p1a: Celesteela\n|-activate|p1a: Celesteela|move: Protect\n|\n|-damage|p2a: Xerneas|36\/100 tox|[from] psn\n|upkeep\n|turn|17\n|\n|t:|1700010819\n|move|p1a: Celesteela|Protect||[still]\n|-fail|p1a: Celesteela\n|move|p2a: Xerneas|Thunder|p1a: Celesteela|[miss]\n|-miss|p2a: Xerneas|p1a: Celesteela\n|\n|-damage|p2a: Xerneas|0 fnt|[from] psn\n|faint|p2a: Xerneas\n|-fieldend|move: Psychic Terrain\n|upkeep\n|\n|t:|1700010822\n|switch|p2a: Magnezone|Magnezone|100\/100\n|turn|18\n|c| medi34|:o\n|c|\u2606cincinnaticynda|and I oop\n|\n|t:|1700010849\n|move|p1a: Celesteela|Protect|p1a: Celesteela\n|-singleturn|p1a: Celesteela|Protect\n|move|p2a: Magnezone|Thunder|p1a: Celesteela\n|-activate|p1a: Celesteela|move: Protect\n|\n|upkeep\n|turn|19\n|\n|t:|1700010867\n|move|p2a: Magnezone|Thunder|p1a: Celesteela\n|-supereffective|p1a: Celesteela\n|-damage|p1a: Celesteela|0 fnt\n|faint|p1a: Celesteela\n|\n|upkeep\n|\n|t:|1700010874\n|switch|p1a: Medicham|Medicham-Mega, F|78\/100\n|-damage|p1a: Medicham|72\/100|[from] Stealth Rock\n|turn|20\n|\n|t:|1700010885\n|move|p1a: Medicham|Fake Out|p2a: Magnezone\n|-resisted|p2a: Magnezone\n|-damage|p2a: Magnezone|88\/100\n|cant|p2a: Magnezone|flinch\n|\n|upkeep\n|turn|21\n|\n|t:|1700010893\n|move|p2a: Magnezone|Thunder|p1a: Medicham\n|-damage|p1a: Medicham|0 fnt\n|faint|p1a: Medicham\n|\n|upkeep\n|\n|t:|1700010896\n|switch|p1a: Kyogre|Kyogre|88\/100\n|-damage|p1a: Kyogre|76\/100|[from] Stealth Rock\n|-weather|RainDance|[from] ability: Drizzle|[of] p1a: Kyogre\n|turn|22\n|\n|t:|1700010914\n|-terastallize|p2a: Magnezone|Grass\n|-terastallize|p1a: Kyogre|Ground\n|move|p2a: Magnezone|Thunder|p1a: Kyogre\n|-immune|p1a: Kyogre\n|move|p1a: Kyogre|Surf|p2a: Magnezone\n|-resisted|p2a: Magnezone\n|-damage|p2a: Magnezone|11\/100\n|\n|-weather|RainDance|[upkeep]\n|upkeep\n|turn|23\n|c| medi34|:o:o\n|c|\u2606cincinnaticynda|woah\n|\n|t:|1700010930\n|switch|p2a: Pinsir|Pinsir, M|100\/100\n|move|p1a: Kyogre|Surf|p2a: Pinsir\n|-damage|p2a: Pinsir|0 fnt\n|faint|p2a: Pinsir\n|\n|-weather|RainDance|[upkeep]\n|upkeep\n|\n|t:|1700010932\n|switch|p2a: Magnezone|Magnezone, tera:Grass|11\/100\n|turn|24\n|c| BoyzArbokInTown03|Oh my goodness\n|\n|t:|1700010938\n|move|p2a: Magnezone|Tera Blast|p1a: Kyogre|[anim] Tera Blast Grass\n|-supereffective|p1a: Kyogre\n|-damage|p1a: Kyogre|17\/100\n|move|p1a: Kyogre|Surf|p2a: Magnezone\n|-resisted|p2a: Magnezone\n|-damage|p2a: Magnezone|0 fnt\n|faint|p2a: Magnezone\n|\n|win|cincinnaticynda\n|c| medi34|OMG\n|c|\u2606PokeHaint|gg\n|l|\u2606cincinnaticynda\n|j|\u2606cincinnaticynda\n|player|p1|cincinnaticynda|266\n|c| BoyzArbokInTown03|Wow GGs\n|c| medi34|ggs\n|c|\u2606cincinnaticynda|down to the wire\n","uploadtime":1700010945,"views":19,"p1id":"cincinnaticynda","p2id":"pokehaint","formatid":"gen9nationaldexubers","rating":0,"private":0,"password":""}