{"id":"gen9nationaldexubers-1982562091","p1":"Yeetthehop","p2":"AceSpaceship","format":"[Gen 9] National Dex Ubers","log":"|j|\u2606Yeetthehop\n|j|\u2606AceSpaceship\n|t:|1699025745\n|gametype|singles\n|player|p1|Yeetthehop|cynthia-gen4|\n|player|p2|AceSpaceship|wallace|\n|teamsize|p1|6\n|teamsize|p2|6\n|gen|9\n|tier|[Gen 9] National Dex Ubers\n|rule|HP Percentage Mod: HP is shown in percentages\n|rule|Endless Battle Clause: Forcing endless battles is banned\n|rule|OHKO Clause: OHKO moves are banned\n|rule|Evasion Moves Clause: Evasion moves are banned\n|rule|Evasion Items Clause: Evasion items are banned\n|rule|Species Clause: Limit one of each Pok\u00e9mon\n|rule|Sleep Clause Mod: Limit one foe put to sleep\n|rule|Mega Rayquaza Clause: You cannot mega evolve Rayquaza\n|clearpoke\n|poke|p1|Hippowdon, M|\n|poke|p1|Excadrill, M|\n|poke|p1|Nidoking, M|\n|poke|p1|Gastrodon-East, M|\n|poke|p1|Garchomp, F|\n|poke|p1|Flygon, F|\n|poke|p2|Pelipper, F|\n|poke|p2|Flygon, F|\n|poke|p2|Ferrothorn, F|\n|poke|p2|Dracovish|\n|poke|p2|Swampert, F|\n|poke|p2|Kingambit, M|\n|teampreview\n|\n|t:|1699025755\n|start\n|switch|p1a: Hippowdon|Hippowdon, M|100\/100\n|switch|p2a: Flygon|Flygon, F|100\/100\n|-weather|Sandstorm|[from] ability: Sand Stream|[of] p1a: Hippowdon\n|turn|1\n|\n|t:|1699025767\n|switch|p1a: Flygon|Flygon, F|100\/100\n|move|p2a: Flygon|Earthquake|p1a: Flygon\n|-immune|p1a: Flygon|[from] ability: Levitate\n|\n|-weather|Sandstorm|[upkeep]\n|upkeep\n|turn|2\n|\n|t:|1699025777\n|move|p1a: Flygon|Dragon Pulse|p2a: Flygon\n|-supereffective|p2a: Flygon\n|-damage|p2a: Flygon|28\/100\n|move|p2a: Flygon|U-turn|p1a: Flygon\n|-damage|p1a: Flygon|77\/100\n|\n|t:|1699025782\n|switch|p2a: Pelipper|Pelipper, F|100\/100|[from] U-turn\n|-weather|RainDance|[from] ability: Drizzle|[of] p2a: Pelipper\n|\n|-weather|RainDance|[upkeep]\n|upkeep\n|turn|3\n|\n|t:|1699025792\n|move|p1a: Flygon|Boomburst|p2a: Pelipper\n|-damage|p2a: Pelipper|55\/100\n|-enditem|p1a: Flygon|Throat Spray\n|-boost|p1a: Flygon|spa|1|[from] item: Throat Spray\n|move|p2a: Pelipper|Hurricane|p1a: Flygon\n|-damage|p1a: Flygon|28\/100\n|\n|-weather|RainDance|[upkeep]\n|-heal|p2a: Pelipper|61\/100|[from] item: Leftovers\n|upkeep\n|turn|4\n|\n|t:|1699025801\n|move|p1a: Flygon|Dragon Pulse|p2a: Pelipper\n|-damage|p2a: Pelipper|0 fnt\n|faint|p2a: Pelipper\n|\n|-weather|RainDance|[upkeep]\n|upkeep\n|\n|t:|1699025813\n|switch|p2a: Dracovish|Dracovish|100\/100\n|turn|5\n|\n|t:|1699025817\n|move|p1a: Flygon|Dragon Pulse|p2a: Dracovish\n|-supereffective|p2a: Dracovish\n|-damage|p2a: Dracovish|0 fnt\n|faint|p2a: Dracovish\n|\n|-weather|RainDance|[upkeep]\n|upkeep\n|\n|t:|1699025825\n|switch|p2a: Ferrothorn|Ferrothorn, F|100\/100\n|turn|6\n|\n|t:|1699025829\n|move|p1a: Flygon|Bug Buzz|p2a: Ferrothorn\n|-damage|p2a: Ferrothorn|72\/100\n|move|p2a: Ferrothorn|Stealth Rock|p1a: Flygon\n|-sidestart|p1: Yeetthehop|move: Stealth Rock\n|\n|-weather|none\n|upkeep\n|turn|7\n|\n|t:|1699025841\n|move|p1a: Flygon|Boomburst|p2a: Ferrothorn\n|-resisted|p2a: Ferrothorn\n|-damage|p2a: Ferrothorn|48\/100\n|move|p2a: Ferrothorn|Leech Seed|p1a: Flygon\n|-start|p1a: Flygon|move: Leech Seed\n|\n|-damage|p1a: Flygon|15\/100|[from] Leech Seed|[of] p2a: Ferrothorn\n|-heal|p2a: Ferrothorn|59\/100|[silent]\n|upkeep\n|turn|8\n|\n|t:|1699025849\n|move|p1a: Flygon|Bug Buzz|p2a: Ferrothorn\n|-damage|p2a: Ferrothorn|28\/100\n|move|p2a: Ferrothorn|Stealth Rock||[still]\n|-fail|p2a: Ferrothorn\n|\n|-damage|p1a: Flygon|3\/100|[from] Leech Seed|[of] p2a: Ferrothorn\n|-heal|p2a: Ferrothorn|39\/100|[silent]\n|upkeep\n|turn|9\n|\n|t:|1699025860\n|move|p1a: Flygon|Power-Up Punch|p2a: Ferrothorn\n|-supereffective|p2a: Ferrothorn\n|-damage|p2a: Ferrothorn|26\/100\n|-boost|p1a: Flygon|atk|1\n|-damage|p1a: Flygon|0 fnt|[from] ability: Iron Barbs|[of] p2a: Ferrothorn\n|faint|p1a: Flygon\n|move|p2a: Ferrothorn|Iron Head|p1: Flygon|[notarget]\n|-fail|p2a: Ferrothorn\n|\n|upkeep\n|\n|t:|1699025864\n|switch|p1a: Hippowdon|Hippowdon, M|100\/100\n|-damage|p1a: Hippowdon|94\/100|[from] Stealth Rock\n|-weather|Sandstorm|[from] ability: Sand Stream|[of] p1a: Hippowdon\n|turn|10\n|\n|t:|1699025872\n|move|p1a: Hippowdon|Stealth Rock|p2a: Ferrothorn\n|-sidestart|p2: AceSpaceship|move: Stealth Rock\n|move|p2a: Ferrothorn|Leech Seed|p1a: Hippowdon\n|-start|p1a: Hippowdon|move: Leech Seed\n|\n|-weather|Sandstorm|[upkeep]\n|-heal|p1a: Hippowdon|100\/100|[from] item: Leftovers\n|-damage|p1a: Hippowdon|88\/100|[from] Leech Seed|[of] p2a: Ferrothorn\n|-heal|p2a: Ferrothorn|41\/100|[silent]\n|upkeep\n|turn|11\n|\n|t:|1699025881\n|move|p1a: Hippowdon|Earthquake|p2a: Ferrothorn\n|-damage|p2a: Ferrothorn|20\/100\n|move|p2a: Ferrothorn|Flash Cannon|p1a: Hippowdon\n|-damage|p1a: Hippowdon|70\/100\n|\n|-weather|Sandstorm|[upkeep]\n|-heal|p1a: Hippowdon|76\/100|[from] item: Leftovers\n|-damage|p1a: Hippowdon|64\/100|[from] Leech Seed|[of] p2a: Ferrothorn\n|-heal|p2a: Ferrothorn|35\/100|[silent]\n|upkeep\n|turn|12\n|\n|t:|1699025890\n|move|p1a: Hippowdon|Earthquake|p2a: Ferrothorn\n|-damage|p2a: Ferrothorn|12\/100\n|move|p2a: Ferrothorn|Flash Cannon|p1a: Hippowdon\n|-damage|p1a: Hippowdon|47\/100\n|\n|-weather|Sandstorm|[upkeep]\n|-heal|p1a: Hippowdon|53\/100|[from] item: Leftovers\n|-damage|p1a: Hippowdon|41\/100|[from] Leech Seed|[of] p2a: Ferrothorn\n|-heal|p2a: Ferrothorn|27\/100|[silent]\n|upkeep\n|turn|13\n|\n|t:|1699025901\n|move|p1a: Hippowdon|Slack Off|p1a: Hippowdon\n|-heal|p1a: Hippowdon|91\/100\n|move|p2a: Ferrothorn|Flash Cannon|p1a: Hippowdon\n|-damage|p1a: Hippowdon|74\/100\n|-unboost|p1a: Hippowdon|spd|1\n|\n|-weather|Sandstorm|[upkeep]\n|-heal|p1a: Hippowdon|80\/100|[from] item: Leftovers\n|-damage|p1a: Hippowdon|68\/100|[from] Leech Seed|[of] p2a: Ferrothorn\n|-heal|p2a: Ferrothorn|41\/100|[silent]\n|upkeep\n|turn|14\n|\n|t:|1699025912\n|move|p2a: Ferrothorn|Iron Head|p1a: Hippowdon\n|-damage|p1a: Hippowdon|55\/100\n|cant|p1a: Hippowdon|flinch\n|\n|-weather|none\n|-heal|p1a: Hippowdon|61\/100|[from] item: Leftovers\n|-damage|p1a: Hippowdon|49\/100|[from] Leech Seed|[of] p2a: Ferrothorn\n|-heal|p2a: Ferrothorn|56\/100|[silent]\n|upkeep\n|turn|15\n|\n|t:|1699025921\n|move|p1a: Hippowdon|Slack Off|p1a: Hippowdon\n|-heal|p1a: Hippowdon|99\/100\n|move|p2a: Ferrothorn|Iron Head|p1a: Hippowdon\n|-damage|p1a: Hippowdon|86\/100\n|\n|-heal|p1a: Hippowdon|92\/100|[from] item: Leftovers\n|-damage|p1a: Hippowdon|80\/100|[from] Leech Seed|[of] p2a: Ferrothorn\n|-heal|p2a: Ferrothorn|71\/100|[silent]\n|upkeep\n|turn|16\n|\n|t:|1699025931\n|move|p2a: Ferrothorn|Iron Head|p1a: Hippowdon\n|-damage|p1a: Hippowdon|65\/100\n|move|p1a: Hippowdon|Whirlwind|p2a: Ferrothorn\n|drag|p2a: Swampert|Swampert, F|100\/100\n|-damage|p2a: Swampert|94\/100|[from] Stealth Rock\n|\n|-heal|p1a: Hippowdon|71\/100|[from] item: Leftovers\n|-damage|p1a: Hippowdon|59\/100|[from] Leech Seed|[of] p2a: Swampert\n|-heal|p2a: Swampert|100\/100|[silent]\n|upkeep\n|turn|17\n|\n|t:|1699025954\n|switch|p1a: Gastrodon|Gastrodon-East, M|100\/100\n|-damage|p1a: Gastrodon|94\/100|[from] Stealth Rock\n|detailschange|p2a: Swampert|Swampert-Mega, F\n|-mega|p2a: Swampert|Swampert|Swampertite\n|move|p2a: Swampert|Waterfall|p1a: Gastrodon\n|-ability|p1a: Gastrodon|Storm Drain|boost\n|-boost|p1a: Gastrodon|spa|1\n|\n|upkeep\n|turn|18\n|\n|t:|1699025963\n|move|p2a: Swampert|Earthquake|p1a: Gastrodon\n|-damage|p1a: Gastrodon|49\/100\n|move|p1a: Gastrodon|Toxic|p2a: Swampert\n|-status|p2a: Swampert|tox\n|\n|-damage|p2a: Swampert|94\/100 tox|[from] psn\n|upkeep\n|turn|19\n|\n|t:|1699025974\n|move|p2a: Swampert|Earthquake|p1a: Gastrodon\n|-damage|p1a: Gastrodon|5\/100\n|move|p1a: Gastrodon|Ancient Power|p2a: Swampert\n|-resisted|p2a: Swampert\n|-damage|p2a: Swampert|85\/100 tox\n|\n|-damage|p2a: Swampert|72\/100 tox|[from] psn\n|upkeep\n|turn|20\n|\n|t:|1699025982\n|move|p2a: Swampert|Ice Punch|p1a: Gastrodon\n|-damage|p1a: Gastrodon|0 fnt\n|faint|p1a: Gastrodon\n|\n|-damage|p2a: Swampert|54\/100 tox|[from] psn\n|upkeep\n|\n|t:|1699025986\n|switch|p1a: Hippowdon|Hippowdon, M|59\/100\n|-damage|p1a: Hippowdon|53\/100|[from] Stealth Rock\n|-weather|Sandstorm|[from] ability: Sand Stream|[of] p1a: Hippowdon\n|turn|21\n|\n|t:|1699025997\n|move|p2a: Swampert|Waterfall|p1a: Hippowdon\n|-supereffective|p1a: Hippowdon\n|-damage|p1a: Hippowdon|0 fnt\n|faint|p1a: Hippowdon\n|\n|-weather|Sandstorm|[upkeep]\n|-damage|p2a: Swampert|29\/100 tox|[from] psn\n|upkeep\n|\n|t:|1699026001\n|switch|p1a: Nidoking|Nidoking, M|100\/100\n|-damage|p1a: Nidoking|95\/100|[from] Stealth Rock\n|turn|22\n|\n|t:|1699026007\n|move|p1a: Nidoking|Ice Beam|p2a: Swampert\n|-damage|p2a: Swampert|8\/100 tox\n|move|p2a: Swampert|Waterfall|p1a: Nidoking\n|-supereffective|p1a: Nidoking\n|-damage|p1a: Nidoking|0 fnt\n|faint|p1a: Nidoking\n|\n|-weather|Sandstorm|[upkeep]\n|-damage|p2a: Swampert|0 fnt|[from] psn\n|faint|p2a: Swampert\n|upkeep\n|\n|t:|1699026017\n|switch|p1a: Excadrill|Excadrill, M|100\/100\n|switch|p2a: Flygon|Flygon, F|28\/100\n|-damage|p1a: Excadrill|97\/100|[from] Stealth Rock\n|-damage|p2a: Flygon|22\/100|[from] Stealth Rock\n|turn|23\n|\n|t:|1699026024\n|move|p1a: Excadrill|Swords Dance|p1a: Excadrill\n|-boost|p1a: Excadrill|atk|2\n|move|p2a: Flygon|Solar Beam||[still]\n|-prepare|p2a: Flygon|Solar Beam\n|-enditem|p2a: Flygon|Power Herb\n|-anim|p2a: Flygon|Solar Beam|p1a: Excadrill\n|-crit|p1a: Excadrill\n|-damage|p1a: Excadrill|76\/100\n|\n|-weather|Sandstorm|[upkeep]\n|upkeep\n|turn|24\n|\n|t:|1699026035\n|-terastallize|p2a: Flygon|Ground\n|move|p1a: Excadrill|Swords Dance|p1a: Excadrill\n|-boost|p1a: Excadrill|atk|2\n|move|p2a: Flygon|Earthquake|p1a: Excadrill\n|-supereffective|p1a: Excadrill\n|-damage|p1a: Excadrill|0 fnt\n|faint|p1a: Excadrill\n|\n|-weather|Sandstorm|[upkeep]\n|upkeep\n|\n|t:|1699026039\n|switch|p1a: Garchomp|Garchomp, F|100\/100\n|-damage|p1a: Garchomp|94\/100|[from] Stealth Rock\n|turn|25\n|\n|t:|1699026047\n|move|p2a: Flygon|Earthquake|p1a: Garchomp\n|-damage|p1a: Garchomp|52\/100\n|move|p1a: Garchomp|Outrage|p2a: Flygon\n|-damage|p2a: Flygon|0 fnt\n|faint|p2a: Flygon\n|\n|-weather|none\n|upkeep\n|\n|t:|1699026056\n|switch|p2a: Ferrothorn|Ferrothorn, F|71\/100\n|-damage|p2a: Ferrothorn|65\/100|[from] Stealth Rock\n|turn|26\n|\n|t:|1699026062\n|move|p1a: Garchomp|Outrage|p2a: Ferrothorn|[from]lockedmove\n|-resisted|p2a: Ferrothorn\n|-damage|p2a: Ferrothorn|46\/100\n|-damage|p1a: Garchomp|39\/100|[from] ability: Iron Barbs|[of] p2a: Ferrothorn\n|-damage|p1a: Garchomp|23\/100|[from] item: Rocky Helmet|[of] p2a: Ferrothorn\n|-start|p1a: Garchomp|confusion|[fatigue]\n|move|p2a: Ferrothorn|Leech Seed|p1a: Garchomp\n|-start|p1a: Garchomp|move: Leech Seed\n|\n|-damage|p1a: Garchomp|11\/100|[from] Leech Seed|[of] p2a: Ferrothorn\n|-heal|p2a: Ferrothorn|59\/100|[silent]\n|upkeep\n|turn|27\n|\n|t:|1699026074\n|-terastallize|p1a: Garchomp|Dragon\n|-activate|p1a: Garchomp|confusion\n|move|p1a: Garchomp|Fire Fang|p2a: Ferrothorn\n|-supereffective|p2a: Ferrothorn\n|-damage|p2a: Ferrothorn|4\/100\n|-damage|p1a: Garchomp|0 fnt|[from] ability: Iron Barbs|[of] p2a: Ferrothorn\n|faint|p1a: Garchomp\n|\n|win|AceSpaceship\n|c|\u2606Yeetthehop|dat was a close one goddayum\n|c|\u2606AceSpaceship|still a nice win though\n|c|\u2606AceSpaceship|just need to type it all out or however you wanna do it lol\n|c|\u2606Yeetthehop|ye\n|l|\u2606AceSpaceship\n","uploadtime":1699026369,"views":9,"p1id":"yeetthehop","p2id":"acespaceship","formatid":"gen9nationaldexubers","rating":0,"private":0,"password":""}