{"id":"gen9nationaldexubers-1995654310","p1":"jannyster","p2":"Hamsterman9","format":"[Gen 9] National Dex Ubers","log":"|j|\u2606jannyster\n|j|\u2606Hamsterman9\n|t:|1700591134\n|gametype|singles\n|player|p1|jannyster|leon|1095\n|player|p2|Hamsterman9|plasmagrunt|1000\n|teamsize|p1|6\n|teamsize|p2|6\n|gen|9\n|tier|[Gen 9] National Dex Ubers\n|rated|\n|rule|HP Percentage Mod: HP is shown in percentages\n|rule|Endless Battle Clause: Forcing endless battles is banned\n|rule|OHKO Clause: OHKO moves are banned\n|rule|Evasion Moves Clause: Evasion moves are banned\n|rule|Evasion Items Clause: Evasion items are banned\n|rule|Species Clause: Limit one of each Pok\u00e9mon\n|rule|Sleep Clause Mod: Limit one foe put to sleep\n|rule|Mega Rayquaza Clause: You cannot mega evolve Rayquaza\n|clearpoke\n|poke|p1|Greninja-*, M|\n|poke|p1|Kingambit, F|\n|poke|p1|Garchomp, M|\n|poke|p1|Gengar, M|\n|poke|p1|Alakazam, F|\n|poke|p1|Weavile, M|\n|poke|p2|Gliscor, M|\n|poke|p2|Gengar, F|\n|poke|p2|Conkeldurr, M|\n|poke|p2|Dragapult, M|\n|poke|p2|Charizard, F|\n|poke|p2|Greninja-*, M|\n|teampreview\n|\n|t:|1700591144\n|start\n|switch|p1a: Garchomp|Garchomp, M|100\/100\n|switch|p2a: Conkeldurr|Conkeldurr, M|100\/100\n|turn|1\n|\n|t:|1700591154\n|move|p1a: Garchomp|Earthquake|p2a: Conkeldurr\n|-damage|p2a: Conkeldurr|59\/100\n|move|p2a: Conkeldurr|Mega Kick|p1a: Garchomp\n|-damage|p1a: Garchomp|59\/100\n|-damage|p2a: Conkeldurr|46\/100|[from] ability: Rough Skin|[of] p1a: Garchomp\n|-damage|p2a: Conkeldurr|30\/100|[from] item: Rocky Helmet|[of] p1a: Garchomp\n|\n|upkeep\n|turn|2\n|\n|t:|1700591162\n|move|p2a: Conkeldurr|Protect|p2a: Conkeldurr\n|-singleturn|p2a: Conkeldurr|Protect\n|move|p1a: Garchomp|Earthquake|p2a: Conkeldurr\n|-activate|p2a: Conkeldurr|move: Protect\n|\n|upkeep\n|turn|3\n|\n|t:|1700591168\n|move|p1a: Garchomp|Earthquake|p2a: Conkeldurr\n|-damage|p2a: Conkeldurr|0 fnt\n|faint|p2a: Conkeldurr\n|\n|upkeep\n|\n|t:|1700591176\n|switch|p2a: Gengar|Gengar, F|100\/100\n|turn|4\n|\n|t:|1700591197\n|move|p1a: Garchomp|Earthquake|p2a: Gengar\n|-supereffective|p2a: Gengar\n|-damage|p2a: Gengar|0 fnt\n|-start|p1a: Garchomp|Disable|Earthquake|[from] ability: Cursed Body|[of] p2a: Gengar\n|faint|p2a: Gengar\n|\n|upkeep\n|\n|t:|1700591204\n|switch|p2a: Gliscor|Gliscor, M, shiny|100\/100\n|turn|5\n|\n|t:|1700591211\n|switch|p1a: Weavile|Weavile, M|100\/100\n|-ability|p1a: Weavile|Pressure\n|move|p2a: Gliscor|Counter||[still]\n|-fail|p2a: Gliscor\n|\n|upkeep\n|turn|6\n|\n|t:|1700591217\n|move|p1a: Weavile|Fake Out|p2a: Gliscor\n|-damage|p2a: Gliscor|89\/100\n|cant|p2a: Gliscor|flinch\n|\n|-heal|p2a: Gliscor|95\/100|[from] item: Leftovers\n|upkeep\n|turn|7\n|\n|t:|1700591223\n|move|p1a: Weavile|Ice Spinner|p2a: Gliscor\n|-supereffective|p2a: Gliscor\n|-damage|p2a: Gliscor|0 fnt\n|faint|p2a: Gliscor\n|\n|upkeep\n|\n|t:|1700591229\n|switch|p2a: Charizard|Charizard, F|100\/100\n|turn|8\n|\n|t:|1700591233\n|move|p1a: Weavile|Knock Off|p2a: Charizard\n|-damage|p2a: Charizard|65\/100\n|move|p2a: Charizard|Flare Blitz|p1a: Weavile\n|-supereffective|p1a: Weavile\n|-enditem|p1a: Weavile|Focus Sash\n|-damage|p1a: Weavile|1\/100\n|-status|p1a: Weavile|brn\n|-damage|p2a: Charizard|37\/100|[from] Recoil\n|\n|-damage|p1a: Weavile|0 fnt|[from] brn\n|faint|p1a: Weavile\n|upkeep\n|\n|t:|1700591237\n|switch|p1a: Alakazam|Alakazam, F|100\/100\n|turn|9\n|\n|t:|1700591247\n|detailschange|p2a: Charizard|Charizard-Mega-X, F\n|-mega|p2a: Charizard|Charizard|Charizardite X\n|move|p1a: Alakazam|Psychic|p2a: Charizard\n|-damage|p2a: Charizard|0 fnt\n|faint|p2a: Charizard\n|\n|upkeep\n|\n|t:|1700591253\n|switch|p2a: Dragapult|Dragapult, M, shiny|100\/100\n|turn|10\n|\n|t:|1700591257\n|move|p1a: Alakazam|Shadow Ball|p2a: Dragapult\n|-supereffective|p2a: Dragapult\n|-damage|p2a: Dragapult|18\/100\n|-unboost|p2a: Dragapult|spd|1\n|move|p2a: Dragapult|Thunder|p1a: Alakazam\n|-damage|p1a: Alakazam|58\/100\n|\n|upkeep\n|turn|11\n|\n|t:|1700591265\n|move|p1a: Alakazam|Shadow Ball|p2a: Dragapult\n|-supereffective|p2a: Dragapult\n|-damage|p2a: Dragapult|0 fnt\n|faint|p2a: Dragapult\n|\n|upkeep\n|\n|t:|1700591270\n|switch|p2a: Greninja|Greninja, M|100\/100\n|turn|12\n|\n|t:|1700591275\n|switch|p1a: Kingambit|Kingambit, F|100\/100\n|-activate|p1a: Kingambit|ability: Supreme Overlord\n|-start|p1a: Kingambit|fallen1|[silent]\n|move|p2a: Greninja|Blizzard|p1a: Kingambit|[miss]\n|-miss|p2a: Greninja|p1a: Kingambit\n|\n|upkeep\n|turn|13\n|\n|t:|1700591283\n|-terastallize|p1a: Kingambit|Fighting\n|move|p2a: Greninja|Hydro Pump|p1a: Kingambit\n|-damage|p1a: Kingambit|51\/100\n|move|p1a: Kingambit|Tera Blast|p2a: Greninja|[anim] Tera Blast Fighting\n|-supereffective|p2a: Greninja\n|-damage|p2a: Greninja|0 fnt\n|faint|p2a: Greninja\n|\n|win|jannyster\n|raw|jannyster's rating: 1095 &rarr; <strong>1114<\/strong><br \/>(+19 for winning)\n|raw|Hamsterman9's rating: 1000 &rarr; <strong>1000<\/strong><br \/>(+0 for losing)\n","uploadtime":1700591292,"views":0,"p1id":"jannyster","p2id":"hamsterman9","formatid":"gen9nationaldexubers","rating":1000,"private":0,"password":""}