{"id":"gen9nationaldexubers-1992968772","p1":"soclose33312","p2":"pokXD","format":"[Gen 9] National Dex Ubers","log":"|j|\u2606soclose33312\n|j|\u2606pokXD\n|t:|1700251257\n|gametype|singles\n|player|p1|soclose33312|bellelba|1193\n|player|p2|pokXD|cynthia-gen7|1237\n|teamsize|p1|6\n|teamsize|p2|6\n|gen|9\n|tier|[Gen 9] National Dex Ubers\n|rated|\n|rule|HP Percentage Mod: HP is shown in percentages\n|rule|Endless Battle Clause: Forcing endless battles is banned\n|rule|OHKO Clause: OHKO moves are banned\n|rule|Evasion Moves Clause: Evasion moves are banned\n|rule|Evasion Items Clause: Evasion items are banned\n|rule|Species Clause: Limit one of each Pok\u00e9mon\n|rule|Sleep Clause Mod: Limit one foe put to sleep\n|rule|Mega Rayquaza Clause: You cannot mega evolve Rayquaza\n|clearpoke\n|poke|p1|Aerodactyl, F|\n|poke|p1|Tapu Koko|\n|poke|p1|Hawlucha, M|\n|poke|p1|Ferrothorn, M|\n|poke|p1|Slowbro, F|\n|poke|p1|Skeledirge, M|\n|poke|p2|Deoxys-Attack|\n|poke|p2|Xerneas-*|\n|poke|p2|Garchomp, F|\n|poke|p2|Groudon|\n|poke|p2|Salamence, F|\n|poke|p2|Gengar, F|\n|teampreview\n|\n|t:|1700251265\n|start\n|switch|p1a: Aerodactyl|Aerodactyl, F|100\/100\n|switch|p2a: Girthyfella|Groudon|100\/100\n|-ability|p1a: Aerodactyl|Unnerve\n|detailschange|p2a: Girthyfella|Groudon-Primal\n|-primal|p2a: Girthyfella|Red Orb\n|-weather|DesolateLand|[from] ability: Desolate Land|[of] p2a: Girthyfella\n|turn|1\n|\n|t:|1700251276\n|move|p1a: Aerodactyl|Taunt|p2a: Girthyfella\n|-start|p2a: Girthyfella|move: Taunt\n|cant|p2a: Girthyfella|move: Taunt|Stealth Rock\n|\n|-weather|DesolateLand|[upkeep]\n|upkeep\n|turn|2\n|\n|t:|1700251287\n|-weather|none\n|switch|p2a: THE CARRY|Xerneas, shiny|100\/100\n|-ability|p2a: THE CARRY|Fairy Aura\n|move|p1a: Aerodactyl|Stealth Rock|p2a: THE CARRY\n|-sidestart|p2: pokXD|move: Stealth Rock\n|\n|upkeep\n|turn|3\n|\n|t:|1700251298\n|move|p1a: Aerodactyl|Taunt|p2a: THE CARRY\n|-start|p2a: THE CARRY|move: Taunt\n|cant|p2a: THE CARRY|move: Taunt|Geomancy\n|\n|upkeep\n|turn|4\n|\n|t:|1700251307\n|move|p1a: Aerodactyl|Rock Tomb|p2a: THE CARRY\n|-damage|p2a: THE CARRY|80\/100\n|-unboost|p2a: THE CARRY|spe|1\n|move|p2a: THE CARRY|Draining Kiss|p1a: Aerodactyl\n|-damage|p1a: Aerodactyl|53\/100\n|-heal|p2a: THE CARRY|100\/100|[from] drain|[of] p1a: Aerodactyl\n|\n|upkeep\n|turn|5\n|\n|t:|1700251319\n|move|p1a: Aerodactyl|Rock Tomb|p2a: THE CARRY\n|-damage|p2a: THE CARRY|82\/100\n|-unboost|p2a: THE CARRY|spe|1\n|move|p2a: THE CARRY|Draining Kiss|p1a: Aerodactyl\n|-damage|p1a: Aerodactyl|9\/100\n|-heal|p2a: THE CARRY|100\/100|[from] drain|[of] p1a: Aerodactyl\n|\n|-end|p2a: THE CARRY|move: Taunt\n|upkeep\n|turn|6\n|\n|t:|1700251329\n|move|p1a: Aerodactyl|Taunt|p2a: THE CARRY\n|-start|p2a: THE CARRY|move: Taunt\n|move|p2a: THE CARRY|Draining Kiss|p1a: Aerodactyl\n|-damage|p1a: Aerodactyl|0 fnt\n|faint|p1a: Aerodactyl\n|\n|upkeep\n|\n|t:|1700251335\n|switch|p1a: Tapu Koko|Tapu Koko|100\/100\n|-fieldstart|move: Electric Terrain|[from] ability: Electric Surge|[of] p1a: Tapu Koko\n|turn|7\n|\n|t:|1700251347\n|switch|p2a: Girthyfella|Groudon-Primal|100\/100\n|-damage|p2a: Girthyfella|88\/100|[from] Stealth Rock\n|-weather|DesolateLand|[from] ability: Desolate Land|[of] p2a: Girthyfella\n|move|p1a: Tapu Koko|Light Screen|p1a: Tapu Koko\n|-sidestart|p1: soclose33312|move: Light Screen\n|\n|-weather|DesolateLand|[upkeep]\n|upkeep\n|turn|8\n|\n|t:|1700251358\n|move|p1a: Tapu Koko|Taunt|p2a: Girthyfella\n|-start|p2a: Girthyfella|move: Taunt\n|cant|p2a: Girthyfella|move: Taunt|Stealth Rock\n|\n|-weather|DesolateLand|[upkeep]\n|upkeep\n|turn|9\n|\n|t:|1700251364\n|move|p1a: Tapu Koko|Reflect|p1a: Tapu Koko\n|-sidestart|p1: soclose33312|Reflect\n|move|p2a: Girthyfella|Precipice Blades|p1a: Tapu Koko\n|-supereffective|p1a: Tapu Koko\n|-damage|p1a: Tapu Koko|0 fnt\n|faint|p1a: Tapu Koko\n|\n|-weather|DesolateLand|[upkeep]\n|upkeep\n|\n|t:|1700251372\n|switch|p1a: Hawlucha|Hawlucha, M, shiny|100\/100\n|-enditem|p1a: Hawlucha|Electric Seed\n|-boost|p1a: Hawlucha|def|1|[from] item: Electric Seed\n|turn|10\n|\n|t:|1700251377\n|move|p1a: Hawlucha|Swords Dance|p1a: Hawlucha\n|-boost|p1a: Hawlucha|atk|2\n|move|p2a: Girthyfella|Precipice Blades|p1a: Hawlucha\n|-immune|p1a: Hawlucha\n|\n|-weather|DesolateLand|[upkeep]\n|-end|p2a: Girthyfella|move: Taunt\n|upkeep\n|turn|11\n|\n|t:|1700251388\n|-weather|none\n|switch|p2a: Slurrrpp|Gengar, F|100\/100\n|-damage|p2a: Slurrrpp|88\/100|[from] Stealth Rock\n|move|p1a: Hawlucha|Swords Dance|p1a: Hawlucha\n|-boost|p1a: Hawlucha|atk|2\n|\n|-fieldend|move: Electric Terrain\n|upkeep\n|turn|12\n|\n|t:|1700251398\n|move|p1a: Hawlucha|Acrobatics|p2a: Slurrrpp\n|-damage|p2a: Slurrrpp|0 fnt\n|-start|p1a: Hawlucha|Disable|Acrobatics|[from] ability: Cursed Body|[of] p2a: Slurrrpp\n|faint|p2a: Slurrrpp\n|\n|upkeep\n|\n|t:|1700251411\n|switch|p2a: THE CARRY|Xerneas, shiny|100\/100\n|-damage|p2a: THE CARRY|88\/100|[from] Stealth Rock\n|-ability|p2a: THE CARRY|Fairy Aura\n|turn|13\n|\n|t:|1700251417\n|move|p1a: Hawlucha|Poison Jab|p2a: THE CARRY\n|-supereffective|p2a: THE CARRY\n|-damage|p2a: THE CARRY|0 fnt\n|faint|p2a: THE CARRY\n|\n|upkeep\n|\n|t:|1700251424\n|switch|p2a: Girthyfella|Groudon-Primal|88\/100\n|-damage|p2a: Girthyfella|76\/100|[from] Stealth Rock\n|-weather|DesolateLand|[from] ability: Desolate Land|[of] p2a: Girthyfella\n|turn|14\n|\n|t:|1700251430\n|move|p1a: Hawlucha|Drain Punch|p2a: Girthyfella\n|-damage|p2a: Girthyfella|7\/100\n|move|p2a: Girthyfella|Roar|p1a: Hawlucha\n|drag|p1a: Literally me|Slowbro, F|100\/100\n|\n|-weather|DesolateLand|[upkeep]\n|-sideend|p1: soclose33312|move: Light Screen\n|upkeep\n|turn|15\n|\n|t:|1700251441\n|move|p2a: Girthyfella|Stealth Rock|p1a: Literally me\n|-sidestart|p1: soclose33312|move: Stealth Rock\n|move|p1a: Literally me|Ice Beam|p2a: Girthyfella\n|-damage|p2a: Girthyfella|0 fnt\n|faint|p2a: Girthyfella\n|-weather|none\n|\n|upkeep\n|\n|t:|1700251451\n|switch|p2a: GRAHHHH|Salamence, F, shiny|100\/100\n|-damage|p2a: GRAHHHH|76\/100|[from] Stealth Rock\n|-ability|p2a: GRAHHHH|Intimidate|boost\n|-unboost|p1a: Literally me|atk|1\n|turn|16\n|\n|t:|1700251457\n|detailschange|p2a: GRAHHHH|Salamence-Mega, F, shiny\n|-mega|p2a: GRAHHHH|Salamence|Salamencite\n|move|p2a: GRAHHHH|Dragon Dance|p2a: GRAHHHH\n|-boost|p2a: GRAHHHH|atk|1\n|-boost|p2a: GRAHHHH|spe|1\n|move|p1a: Literally me|Ice Beam|p2a: GRAHHHH\n|-supereffective|p2a: GRAHHHH\n|-damage|p2a: GRAHHHH|0 fnt\n|faint|p2a: GRAHHHH\n|\n|-sideend|p1: soclose33312|Reflect\n|upkeep\n|\n|t:|1700251469\n|switch|p2a: Goku|Deoxys-Attack|100\/100\n|-damage|p2a: Goku|88\/100|[from] Stealth Rock\n|-ability|p2a: Goku|Pressure\n|turn|17\n|\n|t:|1700251475\n|move|p2a: Goku|Thunderbolt|p1a: Literally me\n|-supereffective|p1a: Literally me\n|-damage|p1a: Literally me|0 fnt\n|faint|p1a: Literally me\n|-damage|p2a: Goku|78\/100|[from] item: Life Orb\n|\n|upkeep\n|\n|t:|1700251483\n|switch|p1a: Lacho|Skeledirge, M|100\/100\n|turn|18\n|\n|t:|1700251487\n|switch|p2a: Fraudchomp|Garchomp, F, shiny|100\/100\n|-damage|p2a: Fraudchomp|94\/100|[from] Stealth Rock\n|move|p1a: Lacho|Shadow Ball|p2a: Fraudchomp\n|-damage|p2a: Fraudchomp|60\/100\n|\n|upkeep\n|turn|19\n|\n|t:|1700251495\n|switch|p1a: Hawlucha|Hawlucha, M, shiny|100\/100\n|-damage|p1a: Hawlucha|88\/100|[from] Stealth Rock\n|move|p2a: Fraudchomp|Scale Shot|p1a: Hawlucha\n|-damage|p1a: Hawlucha|66\/100\n|-damage|p1a: Hawlucha|46\/100\n|-damage|p1a: Hawlucha|24\/100\n|-damage|p1a: Hawlucha|4\/100\n|-damage|p1a: Hawlucha|0 fnt\n|faint|p1a: Hawlucha\n|-hitcount|p1: Hawlucha|5\n|-unboost|p2a: Fraudchomp|def|1\n|-boost|p2a: Fraudchomp|spe|1\n|\n|upkeep\n|\n|t:|1700251500\n|switch|p1a: Materwelon|Ferrothorn, M, shiny|100\/100\n|-damage|p1a: Materwelon|94\/100|[from] Stealth Rock\n|turn|20\n|\n|t:|1700251519\n|move|p2a: Fraudchomp|Earthquake|p1a: Materwelon\n|-damage|p1a: Materwelon|59\/100\n|move|p1a: Materwelon|Gyro Ball|p2a: Fraudchomp\n|-damage|p2a: Fraudchomp|0 fnt\n|-damage|p1a: Materwelon|47\/100|[from] ability: Rough Skin|[of] p2a: Fraudchomp\n|faint|p2a: Fraudchomp\n|\n|-heal|p1a: Materwelon|53\/100|[from] item: Leftovers\n|upkeep\n|\n|t:|1700251529\n|switch|p2a: Goku|Deoxys-Attack|78\/100\n|-damage|p2a: Goku|66\/100|[from] Stealth Rock\n|-ability|p2a: Goku|Pressure\n|turn|21\n|\n|t:|1700251539\n|move|p2a: Goku|Ice Beam|p1a: Materwelon\n|-damage|p1a: Materwelon|5\/100\n|-damage|p2a: Goku|56\/100|[from] item: Life Orb\n|move|p1a: Materwelon|Gyro Ball|p2a: Goku\n|-damage|p2a: Goku|0 fnt\n|faint|p2a: Goku\n|\n|win|soclose33312\n|raw|soclose33312's rating: 1193 &rarr; <strong>1221<\/strong><br \/>(+28 for winning)\n|raw|pokXD's rating: 1237 &rarr; <strong>1209<\/strong><br \/>(-28 for losing)\n|c|\u2606soclose33312|gg\n|l|\u2606pokXD\n","uploadtime":1700251569,"views":9,"p1id":"soclose33312","p2id":"pokxd","formatid":"gen9nationaldexubers","rating":1209,"private":0,"password":""}