{"id":"gen9nationaldexubers-1983347645","p1":"Abdou\/Victor blade","p2":"DrArkane15","format":"[Gen 9] National Dex Ubers","log":"|j|\u2606Abdou\/Victor blade\n|j|\u2606DrArkane15\n|t:|1699120658\n|gametype|singles\n|player|p1|Abdou\/Victor blade|1|\n|player|p2|DrArkane15|cyrus|\n|teamsize|p1|6\n|teamsize|p2|3\n|gen|9\n|tier|[Gen 9] National Dex Ubers\n|rule|HP Percentage Mod: HP is shown in percentages\n|rule|Endless Battle Clause: Forcing endless battles is banned\n|rule|OHKO Clause: OHKO moves are banned\n|rule|Evasion Moves Clause: Evasion moves are banned\n|rule|Evasion Items Clause: Evasion items are banned\n|rule|Species Clause: Limit one of each Pok\u00e9mon\n|rule|Sleep Clause Mod: Limit one foe put to sleep\n|rule|Mega Rayquaza Clause: You cannot mega evolve Rayquaza\n|clearpoke\n|poke|p1|Grovyle, L30, M|\n|poke|p1|Gyarados, L30, F|\n|poke|p1|Kadabra, L30, M|\n|poke|p1|Mightyena, L30, M|\n|poke|p1|Luxray, L30, F|\n|poke|p1|Fletchinder, L30, F|\n|poke|p2|Pinsir, L30, M|\n|poke|p2|Electrode-Hisui, L27|\n|poke|p2|Centiskorch, L29, M|\n|teampreview\n|\n|t:|1699120667\n|start\n|switch|p1a: Gyarados|Gyarados, L30, F|100\/100\n|switch|p2a: Electrode|Electrode-Hisui, L27|100\/100\n|-ability|p1a: Gyarados|Intimidate|boost\n|-unboost|p2a: Electrode|atk|1\n|turn|1\n|\n|t:|1699120678\n|switch|p1a: Luxray|Luxray, L30, F|100\/100\n|-ability|p1a: Luxray|Intimidate|boost\n|-unboost|p2a: Electrode|atk|1\n|move|p2a: Electrode|Stun Spore|p1a: Luxray\n|-immune|p1a: Luxray\n|\n|upkeep\n|turn|2\n|\n|t:|1699120690\n|move|p2a: Electrode|Leech Seed|p1a: Luxray\n|-start|p1a: Luxray|move: Leech Seed\n|move|p1a: Luxray|Crunch|p2a: Electrode\n|-damage|p2a: Electrode|36\/100\n|\n|-damage|p1a: Luxray|88\/100|[from] Leech Seed|[of] p2a: Electrode\n|-heal|p2a: Electrode|54\/100|[silent]\n|upkeep\n|turn|3\n|\n|t:|1699120700\n|move|p2a: Electrode|Giga Drain|p1a: Luxray\n|-damage|p1a: Luxray|62\/100\n|-heal|p2a: Electrode|75\/100|[from] drain|[of] p1a: Luxray\n|move|p1a: Luxray|Crunch|p2a: Electrode\n|-damage|p2a: Electrode|11\/100\n|\n|-damage|p1a: Luxray|50\/100|[from] Leech Seed|[of] p2a: Electrode\n|-heal|p2a: Electrode|29\/100|[silent]\n|upkeep\n|turn|4\n|\n|t:|1699120733\n|switch|p2a: Centiskorch|Centiskorch, L29, M|100\/100\n|move|p1a: Luxray|Crunch|p2a: Centiskorch\n|-damage|p2a: Centiskorch|70\/100\n|\n|-damage|p1a: Luxray|38\/100|[from] Leech Seed|[of] p2a: Centiskorch\n|-heal|p2a: Centiskorch|81\/100|[silent]\n|upkeep\n|turn|5\n|\n|t:|1699120744\n|move|p1a: Luxray|Spark|p2a: Centiskorch\n|-damage|p2a: Centiskorch|49\/100\n|move|p2a: Centiskorch|Fire Lash|p1a: Luxray\n|-damage|p1a: Luxray|0 fnt\n|faint|p1a: Luxray\n|\n|upkeep\n|\n|t:|1699120752\n|switch|p1a: Gyarados|Gyarados, L30, F|100\/100\n|-ability|p1a: Gyarados|Intimidate|boost\n|-unboost|p2a: Centiskorch|atk|1\n|turn|6\n|\n|t:|1699120758\n|move|p1a: Gyarados|Waterfall|p2a: Centiskorch\n|-supereffective|p2a: Centiskorch\n|-damage|p2a: Centiskorch|0 fnt\n|faint|p2a: Centiskorch\n|\n|upkeep\n|\n|t:|1699120766\n|switch|p2a: Electrode|Electrode-Hisui, L27|29\/100\n|turn|7\n|\n|t:|1699120781\n|move|p2a: Electrode|Thunderbolt|p1a: Gyarados\n|-supereffective|p1a: Gyarados\n|-damage|p1a: Gyarados|0 fnt\n|faint|p1a: Gyarados\n|\n|upkeep\n|\n|t:|1699120794\n|switch|p1a: Mightyena|Mightyena, L30, M|100\/100\n|-ability|p1a: Mightyena|Intimidate|boost\n|-unboost|p2a: Electrode|atk|1\n|turn|8\n|\n|t:|1699120802\n|switch|p2a: Pinsir|Pinsir, L30, M|100\/100\n|move|p1a: Mightyena|Crunch|p2a: Pinsir\n|-damage|p2a: Pinsir|55\/100\n|\n|upkeep\n|turn|9\n|\n|t:|1699120810\n|move|p2a: Pinsir|Close Combat|p1a: Mightyena\n|-supereffective|p1a: Mightyena\n|-damage|p1a: Mightyena|0 fnt\n|-unboost|p2a: Pinsir|def|1\n|-unboost|p2a: Pinsir|spd|1\n|faint|p1a: Mightyena\n|-ability|p2a: Pinsir|Moxie|boost\n|-boost|p2a: Pinsir|atk|1\n|\n|upkeep\n|\n|t:|1699120820\n|switch|p1a: Fletchinder|Fletchinder, L30, F|100\/100\n|turn|10\n|\n|t:|1699120831\n|move|p2a: Pinsir|X-Scissor|p1a: Fletchinder\n|-resisted|p1a: Fletchinder\n|-damage|p1a: Fletchinder|68\/100\n|-status|p2a: Pinsir|brn|[from] ability: Flame Body|[of] p1a: Fletchinder\n|move|p1a: Fletchinder|Flame Charge|p2a: Pinsir\n|-supereffective|p2a: Pinsir\n|-damage|p2a: Pinsir|0 fnt\n|-boost|p1a: Fletchinder|spe|1\n|faint|p2a: Pinsir\n|\n|upkeep\n|\n|t:|1699120837\n|switch|p2a: Electrode|Electrode-Hisui, L27|29\/100\n|turn|11\n|\n|t:|1699120850\n|move|p1a: Fletchinder|Acrobatics|p2a: Electrode\n|-damage|p2a: Electrode|0 fnt\n|faint|p2a: Electrode\n|\n|win|Abdou\/Victor blade\n|l|\u2606Abdou\/Victor blade\n","uploadtime":1699120858,"views":12,"p1id":"abdouvictorblade","p2id":"drarkane15","formatid":"gen9nationaldexubers","rating":0,"private":0,"password":""}