{"id":"gen9nationaldexubers-1989162732","p1":"Lovert S.M.","p2":"yanngeek","format":"[Gen 9] National Dex Ubers","log":"|j|\u2606Lovert S.M.\n|j|\u2606yanngeek\n|t:|1699818864\n|gametype|singles\n|player|p1|Lovert S.M.|2|1332\n|player|p2|yanngeek|lance|1372\n|teamsize|p1|6\n|teamsize|p2|6\n|gen|9\n|tier|[Gen 9] National Dex Ubers\n|rated|\n|rule|HP Percentage Mod: HP is shown in percentages\n|rule|Endless Battle Clause: Forcing endless battles is banned\n|rule|OHKO Clause: OHKO moves are banned\n|rule|Evasion Moves Clause: Evasion moves are banned\n|rule|Evasion Items Clause: Evasion items are banned\n|rule|Species Clause: Limit one of each Pok\u00e9mon\n|rule|Sleep Clause Mod: Limit one foe put to sleep\n|rule|Mega Rayquaza Clause: You cannot mega evolve Rayquaza\n|clearpoke\n|poke|p1|Mewtwo|\n|poke|p1|Arceus-Fire|\n|poke|p1|Shuckle, F|\n|poke|p1|Darmanitan-Galar, M|\n|poke|p1|Flutter Mane|\n|poke|p1|Kingambit, M|\n|poke|p2|Groudon|\n|poke|p2|Rayquaza|\n|poke|p2|Zacian-*|\n|poke|p2|Kingambit, M|\n|poke|p2|Necrozma-Dusk-Mane|\n|poke|p2|Spectrier|\n|teampreview\n|inactive|Battle timer is ON: inactive players will automatically lose when time's up. (requested by Lovert S.M.)\n|\n|t:|1699818872\n|start\n|switch|p1a: Shukle prime|Shuckle, F, shiny|100\/100\n|switch|p2a: Necrozma|Necrozma-Dusk-Mane|100\/100\n|turn|1\n|\n|t:|1699818887\n|move|p2a: Necrozma|Dragon Dance|p2a: Necrozma\n|-boost|p2a: Necrozma|atk|1\n|-boost|p2a: Necrozma|spe|1\n|move|p1a: Shukle prime|Sticky Web|p2a: Necrozma\n|-sidestart|p2: yanngeek|move: Sticky Web\n|\n|upkeep\n|turn|2\n|\n|t:|1699818896\n|switch|p1a: Causa|Arceus-Fire|100\/100\n|move|p2a: Necrozma|Dragon Dance|p2a: Necrozma\n|-boost|p2a: Necrozma|atk|1\n|-boost|p2a: Necrozma|spe|1\n|\n|upkeep\n|turn|3\n|\n|t:|1699818913\n|detailschange|p2a: Necrozma|Necrozma-Ultra\n|-burst|p2a: Necrozma|Necrozma|Ultranecrozium Z\n|move|p2a: Necrozma|Photon Geyser|p1a: Causa\n|-damage|p1a: Causa|25\/100\n|-zpower|p1a: Causa\n|move|p1a: Causa|Inferno Overdrive|p2a: Necrozma|[zeffect]\n|-resisted|p2a: Necrozma\n|-damage|p2a: Necrozma|48\/100\n|\n|upkeep\n|turn|4\n|\n|t:|1699818928\n|move|p1a: Causa|Extreme Speed|p2a: Necrozma\n|-damage|p2a: Necrozma|18\/100\n|move|p2a: Necrozma|Photon Geyser|p1a: Causa\n|-damage|p1a: Causa|0 fnt\n|faint|p1a: Causa\n|\n|upkeep\n|\n|t:|1699818939\n|switch|p1a: Shukle prime|Shuckle, F, shiny|100\/100\n|turn|5\n|\n|t:|1699818944\n|move|p2a: Necrozma|Sunsteel Strike|p1a: Shukle prime\n|-supereffective|p1a: Shukle prime\n|-damage|p1a: Shukle prime|0 fnt\n|faint|p1a: Shukle prime\n|\n|upkeep\n|\n|t:|1699818956\n|switch|p1a: Dic|Kingambit, M|100\/100\n|-activate|p1a: Dic|ability: Supreme Overlord\n|-start|p1a: Dic|fallen2|[silent]\n|turn|6\n|c|\u2606yanngeek|i will sweap you\n|\n|t:|1699818971\n|move|p1a: Dic|Sucker Punch||[still]\n|-fail|p1a: Dic\n|move|p2a: Necrozma|Dragon Dance|p2a: Necrozma\n|-boost|p2a: Necrozma|atk|1\n|-boost|p2a: Necrozma|spe|1\n|\n|upkeep\n|turn|7\n|\n|t:|1699818993\n|move|p1a: Dic|Sucker Punch|p2a: Necrozma\n|-supereffective|p2a: Necrozma\n|-damage|p2a: Necrozma|0 fnt\n|faint|p2a: Necrozma\n|-damage|p1a: Dic|91\/100|[from] item: Life Orb\n|\n|upkeep\n|\n|t:|1699819002\n|switch|p2a: Rayquaza|Rayquaza|100\/100\n|-ability|p2a: Rayquaza|Air Lock\n|turn|8\n|\n|t:|1699819009\n|-terastallize|p1a: Dic|Dark\n|move|p1a: Dic|Sucker Punch|p2a: Rayquaza\n|-damage|p2a: Rayquaza|7\/100\n|-damage|p1a: Dic|81\/100|[from] item: Life Orb\n|move|p2a: Rayquaza|V-create|p1a: Dic\n|-damage|p1a: Dic|34\/100\n|-unboost|p2a: Rayquaza|spe|1\n|-unboost|p2a: Rayquaza|def|1\n|-unboost|p2a: Rayquaza|spd|1\n|\n|upkeep\n|turn|9\n|\n|t:|1699819028\n|switch|p2a: Zacian|Zacian|100\/100\n|-activate|p2a: Zacian|move: Sticky Web\n|-unboost|p2a: Zacian|spe|1\n|-ability|p2a: Zacian|Intrepid Sword|boost\n|-boost|p2a: Zacian|atk|1\n|move|p1a: Dic|Sucker Punch||[still]\n|-fail|p1a: Dic\n|\n|upkeep\n|turn|10\n|\n|t:|1699819042\n|-end|p1a: Dic|fallen2|[silent]\n|switch|p1a: Mai|Flutter Mane|100\/100\n|-enditem|p1a: Mai|Booster Energy\n|-activate|p1a: Mai|ability: Protosynthesis|[fromitem]\n|-start|p1a: Mai|protosynthesisspa\n|move|p2a: Zacian|Play Rough|p1a: Mai|[miss]\n|-miss|p2a: Zacian|p1a: Mai\n|\n|upkeep\n|turn|11\n|\n|t:|1699819052\n|move|p1a: Mai|Moonblast|p2a: Zacian\n|-damage|p2a: Zacian|29\/100\n|-unboost|p2a: Zacian|spa|1\n|move|p2a: Zacian|Trailblaze|p1a: Mai\n|-damage|p1a: Mai|28\/100\n|-boost|p2a: Zacian|spe|1\n|-damage|p2a: Zacian|20\/100|[from] item: Life Orb\n|\n|upkeep\n|turn|12\n|\n|t:|1699819065\n|move|p2a: Zacian|Trailblaze|p1a: Mai\n|-damage|p1a: Mai|0 fnt\n|-boost|p2a: Zacian|spe|1\n|faint|p1a: Mai\n|-end|p1a: Mai|Protosynthesis|[silent]\n|-damage|p2a: Zacian|10\/100|[from] item: Life Orb\n|\n|upkeep\n|\n|t:|1699819072\n|switch|p1a: Dic|Kingambit, M, tera:Dark|34\/100\n|-activate|p1a: Dic|ability: Supreme Overlord\n|-start|p1a: Dic|fallen3|[silent]\n|turn|13\n|\n|t:|1699819078\n|move|p1a: Dic|Sucker Punch||[still]\n|-fail|p1a: Dic\n|move|p2a: Zacian|Swords Dance|p2a: Zacian\n|-boost|p2a: Zacian|atk|2\n|\n|upkeep\n|turn|14\n|\n|t:|1699819093\n|move|p1a: Dic|Sucker Punch||[still]\n|-fail|p1a: Dic\n|move|p2a: Zacian|Swords Dance|p2a: Zacian\n|-boost|p2a: Zacian|atk|2\n|\n|upkeep\n|turn|15\n|\n|t:|1699819110\n|move|p1a: Dic|Sucker Punch|p2a: Zacian\n|-resisted|p2a: Zacian\n|-crit|p2a: Zacian\n|-damage|p2a: Zacian|0 fnt\n|faint|p2a: Zacian\n|-damage|p1a: Dic|24\/100|[from] item: Life Orb\n|\n|upkeep\n|\n|t:|1699819119\n|switch|p2a: Groudon|Groudon|100\/100\n|-activate|p2a: Groudon|move: Sticky Web\n|-unboost|p2a: Groudon|spe|1\n|detailschange|p2a: Groudon|Groudon-Primal\n|-primal|p2a: Groudon|Red Orb\n|-weather|DesolateLand|[from] ability: Desolate Land|[of] p2a: Groudon\n|turn|16\n|l|\u2606Lovert S.M.\n|inactive|Lovert S.M. disconnected and has a minute to reconnect!\n|player|p1|\n|j|\u2606Lovert S.M.\n|inactive|Lovert S.M. reconnected and has 125 seconds left.\n|player|p1|Lovert S.M.|2\n|inactive|Lovert S.M. has 120 seconds left.\n|\n|t:|1699819164\n|-end|p1a: Dic|fallen3|[silent]\n|switch|p1a: Suc|Darmanitan-Galar, M|100\/100\n|move|p2a: Groudon|Fire Punch|p1a: Suc\n|-supereffective|p1a: Suc\n|-damage|p1a: Suc|0 fnt\n|faint|p1a: Suc\n|\n|-weather|DesolateLand|[upkeep]\n|upkeep\n|\n|t:|1699819166\n|switch|p1a: Sportacus|Mewtwo|100\/100\n|-ability|p1a: Sportacus|Pressure\n|turn|17\n|\n|t:|1699819174\n|detailschange|p1a: Sportacus|Mewtwo-Mega-X\n|-mega|p1a: Sportacus|Mewtwo|Mewtwonite X\n|move|p1a: Sportacus|Zen Headbutt|p2a: Groudon|[miss]\n|-miss|p1a: Sportacus|p2a: Groudon\n|move|p2a: Groudon|Fire Punch|p1a: Sportacus\n|-damage|p1a: Sportacus|30\/100\n|\n|-weather|DesolateLand|[upkeep]\n|upkeep\n|turn|18\n|\n|t:|1699819182\n|move|p1a: Sportacus|Zen Headbutt|p2a: Groudon\n|-damage|p2a: Groudon|61\/100\n|move|p2a: Groudon|Fire Punch|p1a: Sportacus\n|-damage|p1a: Sportacus|0 fnt\n|faint|p1a: Sportacus\n|\n|-weather|DesolateLand|[upkeep]\n|upkeep\n|\n|t:|1699819187\n|switch|p1a: Dic|Kingambit, M, tera:Dark|24\/100\n|-activate|p1a: Dic|ability: Supreme Overlord\n|-start|p1a: Dic|fallen5|[silent]\n|turn|19\n|\n|t:|1699819196\n|move|p2a: Groudon|Fire Punch|p1a: Dic\n|-damage|p1a: Dic|0 fnt\n|faint|p1a: Dic\n|-end|p1a: Dic|fallen5|[silent]\n|\n|win|yanngeek\n|raw|Lovert S.M.'s rating: 1332 &rarr; <strong>1314<\/strong><br \/>(-18 for losing)\n|raw|yanngeek's rating: 1372 &rarr; <strong>1390<\/strong><br \/>(+18 for winning)\n|l|\u2606Lovert S.M.\n","uploadtime":1699819209,"views":5,"p1id":"lovertsm","p2id":"yanngeek","formatid":"gen9nationaldexubers","rating":1314,"private":0,"password":""}