{"id":"gen9nationaldexubers-1981515741","p1":"cegomo8","p2":"Grimtheluck","format":"[Gen 9] National Dex Ubers","log":"|j|\u2606cegomo8\n|j|\u2606Grimtheluck\n|t:|1698910525\n|gametype|singles\n|player|p1|cegomo8|li|1178\n|player|p2|Grimtheluck|2|1257\n|teamsize|p1|6\n|teamsize|p2|6\n|gen|9\n|tier|[Gen 9] National Dex Ubers\n|rated|\n|rule|HP Percentage Mod: HP is shown in percentages\n|rule|Endless Battle Clause: Forcing endless battles is banned\n|rule|OHKO Clause: OHKO moves are banned\n|rule|Evasion Moves Clause: Evasion moves are banned\n|rule|Evasion Items Clause: Evasion items are banned\n|rule|Species Clause: Limit one of each Pok\u00e9mon\n|rule|Sleep Clause Mod: Limit one foe put to sleep\n|rule|Mega Rayquaza Clause: You cannot mega evolve Rayquaza\n|clearpoke\n|poke|p1|Mandibuzz, F|\n|poke|p1|Kingambit, F|\n|poke|p1|Absol, F|\n|poke|p1|Greninja-*, F|\n|poke|p1|Guzzlord|\n|poke|p1|Roaring Moon|\n|poke|p2|Scizor, M|\n|poke|p2|Quagsire, M|\n|poke|p2|Great Tusk|\n|poke|p2|Volcarona, F|\n|poke|p2|Baxcalibur, F|\n|poke|p2|Zekrom|\n|teampreview\n|\n|t:|1698910549\n|start\n|switch|p1a: Greninja|Greninja, F|100\/100\n|switch|p2a: Zekrom|Zekrom|100\/100\n|-ability|p2a: Zekrom|Teravolt\n|turn|1\n|\n|t:|1698910557\n|move|p1a: Greninja|Ice Beam|p2a: Zekrom\n|-start|p1a: Greninja|typechange|Ice|[from] ability: Protean\n|-supereffective|p2a: Zekrom\n|-damage|p2a: Zekrom|9\/100\n|move|p2a: Zekrom|Dragon Dance|p2a: Zekrom\n|-boost|p2a: Zekrom|atk|1\n|-boost|p2a: Zekrom|spe|1\n|\n|-heal|p2a: Zekrom|15\/100|[from] item: Leftovers\n|upkeep\n|turn|2\n|\n|t:|1698910565\n|move|p2a: Zekrom|Dragon Claw|p1a: Greninja\n|-damage|p1a: Greninja|0 fnt\n|faint|p1a: Greninja\n|\n|-heal|p2a: Zekrom|21\/100|[from] item: Leftovers\n|upkeep\n|\n|t:|1698910573\n|switch|p1a: Zoro Roronoa|Absol, F|100\/100\n|turn|3\n|\n|t:|1698910577\n|detailschange|p1a: Zoro Roronoa|Absol-Mega, F\n|-mega|p1a: Zoro Roronoa|Absol|Absolite\n|move|p1a: Zoro Roronoa|Sucker Punch|p2a: Zekrom\n|-damage|p2a: Zekrom|0 fnt\n|faint|p2a: Zekrom\n|\n|upkeep\n|\n|t:|1698910585\n|switch|p2a: Scizor|Scizor, M|100\/100\n|turn|4\n|\n|t:|1698910602\n|detailschange|p2a: Scizor|Scizor-Mega, M\n|-mega|p2a: Scizor|Scizor|Scizorite\n|move|p1a: Zoro Roronoa|Superpower|p2a: Scizor\n|-damage|p2a: Scizor|62\/100\n|-unboost|p1a: Zoro Roronoa|atk|1\n|-unboost|p1a: Zoro Roronoa|def|1\n|move|p2a: Scizor|Swords Dance|p2a: Scizor\n|-boost|p2a: Scizor|atk|2\n|\n|upkeep\n|turn|5\n|\n|t:|1698910609\n|move|p1a: Zoro Roronoa|Knock Off|p2a: Scizor\n|-damage|p2a: Scizor|41\/100\n|move|p2a: Scizor|Roost|p2a: Scizor\n|-heal|p2a: Scizor|91\/100\n|-singleturn|p2a: Scizor|move: Roost\n|\n|upkeep\n|turn|6\n|\n|t:|1698910615\n|move|p1a: Zoro Roronoa|Play Rough|p2a: Scizor\n|-resisted|p2a: Scizor\n|-crit|p2a: Scizor\n|-damage|p2a: Scizor|71\/100\n|move|p2a: Scizor|Swords Dance|p2a: Scizor\n|-boost|p2a: Scizor|atk|2\n|\n|upkeep\n|turn|7\n|\n|t:|1698910624\n|move|p1a: Zoro Roronoa|Play Rough|p2a: Scizor\n|-resisted|p2a: Scizor\n|-damage|p2a: Scizor|61\/100\n|move|p2a: Scizor|Roost|p2a: Scizor\n|-heal|p2a: Scizor|100\/100\n|-singleturn|p2a: Scizor|move: Roost\n|\n|upkeep\n|turn|8\n|\n|t:|1698910631\n|move|p1a: Zoro Roronoa|Knock Off|p2a: Scizor\n|-damage|p2a: Scizor|79\/100\n|move|p2a: Scizor|Swords Dance|p2a: Scizor\n|-boost|p2a: Scizor|atk|2\n|\n|upkeep\n|turn|9\n|\n|t:|1698910634\n|move|p1a: Zoro Roronoa|Knock Off|p2a: Scizor\n|-damage|p2a: Scizor|56\/100\n|move|p2a: Scizor|Roost|p2a: Scizor\n|-heal|p2a: Scizor|100\/100\n|-singleturn|p2a: Scizor|move: Roost\n|\n|upkeep\n|turn|10\n|\n|t:|1698910647\n|move|p2a: Scizor|Bullet Punch|p1a: Zoro Roronoa\n|-damage|p1a: Zoro Roronoa|0 fnt\n|faint|p1a: Zoro Roronoa\n|\n|upkeep\n|\n|t:|1698910654\n|switch|p1a: Roaring Moon|Roaring Moon|100\/100\n|-enditem|p1a: Roaring Moon|Booster Energy\n|-activate|p1a: Roaring Moon|ability: Protosynthesis|[fromitem]\n|-start|p1a: Roaring Moon|protosynthesisatk\n|turn|11\n|\n|t:|1698910658\n|-terastallize|p1a: Roaring Moon|Flying\n|move|p2a: Scizor|Bullet Punch|p1a: Roaring Moon\n|-damage|p1a: Roaring Moon|0 fnt\n|faint|p1a: Roaring Moon\n|-end|p1a: Roaring Moon|Protosynthesis|[silent]\n|\n|upkeep\n|\n|t:|1698910665\n|switch|p1a: Guzzlord|Guzzlord|100\/100\n|turn|12\n|\n|t:|1698910670\n|move|p2a: Scizor|Bullet Punch|p1a: Guzzlord\n|-damage|p1a: Guzzlord|0 fnt\n|faint|p1a: Guzzlord\n|\n|upkeep\n|\n|t:|1698910682\n|switch|p1a: V de Vendetta|Kingambit, F|100\/100\n|-activate|p1a: V de Vendetta|ability: Supreme Overlord\n|-start|p1a: V de Vendetta|fallen4|[silent]\n|turn|13\n|\n|t:|1698910685\n|move|p1a: V de Vendetta|Sucker Punch|p2a: Scizor\n|-damage|p2a: Scizor|45\/100\n|move|p2a: Scizor|Bullet Punch|p1a: V de Vendetta\n|-resisted|p1a: V de Vendetta\n|-damage|p1a: V de Vendetta|35\/100\n|\n|upkeep\n|turn|14\n|\n|t:|1698910688\n|move|p1a: V de Vendetta|Sucker Punch||[still]\n|-fail|p1a: V de Vendetta\n|move|p2a: Scizor|Roost|p2a: Scizor\n|-heal|p2a: Scizor|95\/100\n|-singleturn|p2a: Scizor|move: Roost\n|\n|upkeep\n|turn|15\n|\n|t:|1698910694\n|move|p2a: Scizor|Bullet Punch|p1a: V de Vendetta\n|-resisted|p1a: V de Vendetta\n|-damage|p1a: V de Vendetta|0 fnt\n|faint|p1a: V de Vendetta\n|-end|p1a: V de Vendetta|fallen4|[silent]\n|\n|upkeep\n|\n|t:|1698910698\n|switch|p1a: Mandibuzz|Mandibuzz, F|100\/100\n|turn|16\n|\n|t:|1698910705\n|move|p2a: Scizor|Bullet Punch|p1a: Mandibuzz\n|-crit|p1a: Mandibuzz\n|-damage|p1a: Mandibuzz|0 fnt\n|faint|p1a: Mandibuzz\n|\n|win|Grimtheluck\n|raw|cegomo8's rating: 1178 &rarr; <strong>1159<\/strong><br \/>(-19 for losing)\n|raw|Grimtheluck's rating: 1257 &rarr; <strong>1276<\/strong><br \/>(+19 for winning)\n|l|\u2606cegomo8\n","uploadtime":1698910816,"views":10,"p1id":"cegomo8","p2id":"grimtheluck","formatid":"gen9nationaldexubers","rating":1159,"private":0,"password":""}