{"id":"gen9nationaldexubers-1997586992","p1":"JustMonika_CARR","p2":"projecthorror","format":"[Gen 9] National Dex Ubers","log":"|j|\u2606JustMonika_CARR\n|j|\u2606projecthorror\n|t:|1700829499\n|gametype|singles\n|player|p1|JustMonika_CARR|rosa|1376\n|player|p2|projecthorror|170|1346\n|teamsize|p1|6\n|teamsize|p2|6\n|gen|9\n|tier|[Gen 9] National Dex Ubers\n|rated|\n|rule|HP Percentage Mod: HP is shown in percentages\n|rule|Endless Battle Clause: Forcing endless battles is banned\n|rule|OHKO Clause: OHKO moves are banned\n|rule|Evasion Moves Clause: Evasion moves are banned\n|rule|Evasion Items Clause: Evasion items are banned\n|rule|Species Clause: Limit one of each Pok\u00e9mon\n|rule|Sleep Clause Mod: Limit one foe put to sleep\n|rule|Mega Rayquaza Clause: You cannot mega evolve Rayquaza\n|clearpoke\n|poke|p1|Blaziken, M|\n|poke|p1|Pheromosa|\n|poke|p1|Gothitelle, F|\n|poke|p1|Deoxys-Speed|\n|poke|p1|Arceus|\n|poke|p1|Durant, F|\n|poke|p2|Charizard, M|\n|poke|p2|Zoroark-Hisui, M|\n|poke|p2|Chi-Yu|\n|poke|p2|Genesect|\n|poke|p2|Necrozma-Dusk-Mane|\n|poke|p2|Flutter Mane|\n|teampreview\n|\n|t:|1700829527\n|start\n|switch|p1a: Deoxys|Deoxys-Speed, shiny|100\/100\n|switch|p2a: Necrozma|Necrozma-Dusk-Mane|100\/100\n|-ability|p1a: Deoxys|Pressure\n|turn|1\n|\n|t:|1700829537\n|move|p1a: Deoxys|Reflect|p1a: Deoxys\n|-sidestart|p1: JustMonika_CARR|Reflect\n|move|p2a: Necrozma|Dragon Dance|p2a: Necrozma\n|-boost|p2a: Necrozma|atk|1\n|-boost|p2a: Necrozma|spe|1\n|\n|upkeep\n|turn|2\n|\n|t:|1700829547\n|move|p1a: Deoxys|Stealth Rock|p2a: Necrozma\n|-sidestart|p2: projecthorror|move: Stealth Rock\n|move|p2a: Necrozma|Dragon Dance|p2a: Necrozma\n|-boost|p2a: Necrozma|atk|1\n|-boost|p2a: Necrozma|spe|1\n|\n|upkeep\n|turn|3\n|\n|t:|1700829553\n|move|p2a: Necrozma|Sunsteel Strike|p1a: Deoxys\n|-damage|p1a: Deoxys|31\/100\n|move|p1a: Deoxys|Light Screen|p1a: Deoxys\n|-sidestart|p1: JustMonika_CARR|move: Light Screen\n|\n|upkeep\n|turn|4\n|\n|t:|1700829558\n|switch|p1a: Blaziken|Blaziken, M, shiny|100\/100\n|move|p2a: Necrozma|Sunsteel Strike|p1a: Blaziken\n|-resisted|p1a: Blaziken\n|-damage|p1a: Blaziken|54\/100\n|\n|upkeep\n|turn|5\n|\n|t:|1700829562\n|detailschange|p1a: Blaziken|Blaziken-Mega, M, shiny\n|-mega|p1a: Blaziken|Blaziken|Blazikenite\n|move|p2a: Necrozma|Photon Geyser|p1a: Blaziken\n|-supereffective|p1a: Blaziken\n|-damage|p1a: Blaziken|0 fnt\n|faint|p1a: Blaziken\n|\n|upkeep\n|\n|t:|1700829579\n|switch|p1a: Durant|Durant, F, shiny|100\/100\n|turn|6\n|\n|t:|1700829586\n|move|p1a: Durant|Entrainment|p2a: Necrozma\n|-endability|p2a: Necrozma|Prism Armor|[from] move: Entrainment\n|-ability|p2a: Necrozma|Truant|[from] move: Entrainment\n|move|p2a: Necrozma|Dragon Dance|p2a: Necrozma\n|-boost|p2a: Necrozma|atk|1\n|-boost|p2a: Necrozma|spe|1\n|\n|upkeep\n|turn|7\n|\n|t:|1700829594\n|cant|p2a: Necrozma|ability: Truant\n|cant|p1a: Durant|ability: Truant\n|\n|upkeep\n|turn|8\n|\n|t:|1700829612\n|-zpower|p2a: Necrozma\n|move|p2a: Necrozma|Searing Sunraze Smash|p1a: Durant|[zeffect]\n|-resisted|p1a: Durant\n|-damage|p1a: Durant|13\/100\n|move|p1a: Durant|Entrainment||[still]\n|-fail|p1a: Durant\n|\n|-sideend|p1: JustMonika_CARR|Reflect\n|upkeep\n|turn|9\n|\n|t:|1700829620\n|cant|p2a: Necrozma|ability: Truant\n|cant|p1a: Durant|ability: Truant\n|\n|upkeep\n|turn|10\n|\n|t:|1700829624\n|move|p2a: Necrozma|Earthquake|p1a: Durant\n|-damage|p1a: Durant|0 fnt\n|faint|p1a: Durant\n|\n|-sideend|p1: JustMonika_CARR|move: Light Screen\n|upkeep\n|\n|t:|1700829626\n|switch|p1a: Gothitelle|Gothitelle, F, shiny|100\/100\n|turn|11\n|\n|t:|1700829630\n|cant|p2a: Necrozma|ability: Truant\n|move|p1a: Gothitelle|Substitute|p1a: Gothitelle\n|-start|p1a: Gothitelle|Substitute\n|-damage|p1a: Gothitelle|75\/100\n|\n|upkeep\n|turn|12\n|\n|t:|1700829633\n|move|p2a: Necrozma|Sunsteel Strike|p1a: Gothitelle\n|-end|p1a: Gothitelle|Substitute\n|move|p1a: Gothitelle|Substitute|p1a: Gothitelle\n|-start|p1a: Gothitelle|Substitute\n|-damage|p1a: Gothitelle|50\/100\n|\n|upkeep\n|turn|13\n|\n|t:|1700829638\n|cant|p2a: Necrozma|ability: Truant\n|move|p1a: Gothitelle|Dark Pulse|p2a: Necrozma\n|-supereffective|p2a: Necrozma\n|-damage|p2a: Necrozma|59\/100\n|\n|upkeep\n|turn|14\n|\n|t:|1700829640\n|move|p2a: Necrozma|Sunsteel Strike|p1a: Gothitelle\n|-end|p1a: Gothitelle|Substitute\n|move|p1a: Gothitelle|Substitute|p1a: Gothitelle\n|-start|p1a: Gothitelle|Substitute\n|-damage|p1a: Gothitelle|25\/100\n|-enditem|p1a: Gothitelle|Starf Berry|[eat]\n|-boost|p1a: Gothitelle|def|2|[from] item: Starf Berry\n|\n|upkeep\n|turn|15\n|\n|t:|1700829644\n|cant|p2a: Necrozma|ability: Truant\n|move|p1a: Gothitelle|Recycle|p1a: Gothitelle\n|-item|p1a: Gothitelle|Starf Berry|[from] move: Recycle\n|-enditem|p1a: Gothitelle|Starf Berry|[eat]\n|-boost|p1a: Gothitelle|spe|2|[from] item: Starf Berry\n|\n|upkeep\n|turn|16\n|inactive|Battle timer is ON: inactive players will automatically lose when time's up. (requested by projecthorror)\n|\n|t:|1700829674\n|move|p1a: Gothitelle|Protect|p1a: Gothitelle\n|-singleturn|p1a: Gothitelle|Protect\n|move|p2a: Necrozma|Sunsteel Strike|p1a: Gothitelle\n|-activate|p1a: Gothitelle|move: Protect\n|\n|upkeep\n|turn|17\n|c|\u2606projecthorror|u waa forfeit\n|c|\u2606JustMonika_CARR|Maybe\n|\n|t:|1700829695\n|cant|p2a: Necrozma|ability: Truant\n|move|p1a: Gothitelle|Recycle|p1a: Gothitelle\n|-item|p1a: Gothitelle|Starf Berry|[from] move: Recycle\n|-enditem|p1a: Gothitelle|Starf Berry|[eat]\n|-boost|p1a: Gothitelle|spe|2|[from] item: Starf Berry\n|\n|upkeep\n|turn|18\n|c|\u2606JustMonika_CARR|Please skip the next few turns tho\n|c|\u2606projecthorror|sure\n|\n|t:|1700829707\n|move|p1a: Gothitelle|Protect|p1a: Gothitelle\n|-singleturn|p1a: Gothitelle|Protect\n|move|p2a: Necrozma|Sunsteel Strike|p1a: Gothitelle\n|-activate|p1a: Gothitelle|move: Protect\n|\n|upkeep\n|turn|19\n|c|\u2606projecthorror|ill just adk while auto clicking smth\n|c|\u2606projecthorror|afk\n|c|\u2606JustMonika_CARR|Ok\n|\n|t:|1700829723\n|cant|p2a: Necrozma|ability: Truant\n|move|p1a: Gothitelle|Recycle|p1a: Gothitelle\n|-item|p1a: Gothitelle|Starf Berry|[from] move: Recycle\n|-enditem|p1a: Gothitelle|Starf Berry|[eat]\n|-boost|p1a: Gothitelle|spd|2|[from] item: Starf Berry\n|\n|upkeep\n|turn|20\n|\n|t:|1700829726\n|move|p1a: Gothitelle|Protect|p1a: Gothitelle\n|-singleturn|p1a: Gothitelle|Protect\n|move|p2a: Necrozma|Dragon Dance|p2a: Necrozma\n|-boost|p2a: Necrozma|atk|1\n|-boost|p2a: Necrozma|spe|1\n|\n|upkeep\n|turn|21\n|\n|t:|1700829729\n|cant|p2a: Necrozma|ability: Truant\n|move|p1a: Gothitelle|Recycle|p1a: Gothitelle\n|-item|p1a: Gothitelle|Starf Berry|[from] move: Recycle\n|-enditem|p1a: Gothitelle|Starf Berry|[eat]\n|-boost|p1a: Gothitelle|def|2|[from] item: Starf Berry\n|\n|upkeep\n|turn|22\n|\n|t:|1700829733\n|move|p1a: Gothitelle|Protect|p1a: Gothitelle\n|-singleturn|p1a: Gothitelle|Protect\n|move|p2a: Necrozma|Dragon Dance|p2a: Necrozma\n|-boost|p2a: Necrozma|atk|1\n|-boost|p2a: Necrozma|spe|1\n|\n|upkeep\n|turn|23\n|\n|t:|1700829739\n|cant|p2a: Necrozma|ability: Truant\n|move|p1a: Gothitelle|Recycle|p1a: Gothitelle\n|-item|p1a: Gothitelle|Starf Berry|[from] move: Recycle\n|-enditem|p1a: Gothitelle|Starf Berry|[eat]\n|-boost|p1a: Gothitelle|atk|2|[from] item: Starf Berry\n|\n|upkeep\n|turn|24\n|\n|t:|1700829748\n|move|p1a: Gothitelle|Protect|p1a: Gothitelle\n|-singleturn|p1a: Gothitelle|Protect\n|move|p2a: Necrozma|Dragon Dance|p2a: Necrozma\n|-boost|p2a: Necrozma|atk|1\n|-boost|p2a: Necrozma|spe|1\n|\n|upkeep\n|turn|25\n|\n|t:|1700829754\n|cant|p2a: Necrozma|ability: Truant\n|move|p1a: Gothitelle|Recycle|p1a: Gothitelle\n|-item|p1a: Gothitelle|Starf Berry|[from] move: Recycle\n|-enditem|p1a: Gothitelle|Starf Berry|[eat]\n|-boost|p1a: Gothitelle|spe|2|[from] item: Starf Berry\n|\n|upkeep\n|turn|26\n|\n|t:|1700829759\n|move|p1a: Gothitelle|Protect|p1a: Gothitelle\n|-singleturn|p1a: Gothitelle|Protect\n|move|p2a: Necrozma|Earthquake|p1a: Gothitelle\n|-activate|p1a: Gothitelle|move: Protect\n|\n|upkeep\n|turn|27\n|\n|t:|1700829766\n|cant|p2a: Necrozma|ability: Truant\n|move|p1a: Gothitelle|Recycle|p1a: Gothitelle\n|-item|p1a: Gothitelle|Starf Berry|[from] move: Recycle\n|-enditem|p1a: Gothitelle|Starf Berry|[eat]\n|-boost|p1a: Gothitelle|spd|2|[from] item: Starf Berry\n|\n|upkeep\n|turn|28\n|\n|t:|1700829780\n|move|p1a: Gothitelle|Protect|p1a: Gothitelle\n|-singleturn|p1a: Gothitelle|Protect\n|move|p2a: Necrozma|Earthquake|p1a: Gothitelle\n|-activate|p1a: Gothitelle|move: Protect\n|\n|upkeep\n|turn|29\n|\n|t:|1700829785\n|cant|p2a: Necrozma|ability: Truant\n|move|p1a: Gothitelle|Recycle|p1a: Gothitelle\n|-item|p1a: Gothitelle|Starf Berry|[from] move: Recycle\n|-enditem|p1a: Gothitelle|Starf Berry|[eat]\n|-boost|p1a: Gothitelle|spa|2|[from] item: Starf Berry\n|\n|upkeep\n|turn|30\n|\n|t:|1700829787\n|move|p1a: Gothitelle|Protect|p1a: Gothitelle\n|-singleturn|p1a: Gothitelle|Protect\n|move|p2a: Necrozma|Earthquake|p1a: Gothitelle\n|-activate|p1a: Gothitelle|move: Protect\n|\n|upkeep\n|turn|31\n|\n|t:|1700829790\n|cant|p2a: Necrozma|ability: Truant\n|move|p1a: Gothitelle|Recycle|p1a: Gothitelle\n|-item|p1a: Gothitelle|Starf Berry|[from] move: Recycle\n|-enditem|p1a: Gothitelle|Starf Berry|[eat]\n|-boost|p1a: Gothitelle|atk|2|[from] item: Starf Berry\n|\n|upkeep\n|turn|32\n|\n|t:|1700829793\n|move|p1a: Gothitelle|Protect|p1a: Gothitelle\n|-singleturn|p1a: Gothitelle|Protect\n|move|p2a: Necrozma|Earthquake|p1a: Gothitelle\n|-activate|p1a: Gothitelle|move: Protect\n|\n|upkeep\n|turn|33\n|\n|t:|1700829798\n|cant|p2a: Necrozma|ability: Truant\n|move|p1a: Gothitelle|Recycle|p1a: Gothitelle\n|-item|p1a: Gothitelle|Starf Berry|[from] move: Recycle\n|-enditem|p1a: Gothitelle|Starf Berry|[eat]\n|-boost|p1a: Gothitelle|def|2|[from] item: Starf Berry\n|\n|upkeep\n|turn|34\n|\n|t:|1700829802\n|move|p1a: Gothitelle|Protect|p1a: Gothitelle\n|-singleturn|p1a: Gothitelle|Protect\n|move|p2a: Necrozma|Earthquake|p1a: Gothitelle\n|-activate|p1a: Gothitelle|move: Protect\n|\n|upkeep\n|turn|35\n|\n|t:|1700829809\n|cant|p2a: Necrozma|ability: Truant\n|move|p1a: Gothitelle|Recycle|p1a: Gothitelle\n|-item|p1a: Gothitelle|Starf Berry|[from] move: Recycle\n|-enditem|p1a: Gothitelle|Starf Berry|[eat]\n|-boost|p1a: Gothitelle|spa|2|[from] item: Starf Berry\n|\n|upkeep\n|turn|36\n|c|\u2606projecthorror|u uh had enough boosts yet\n|\n|t:|1700829818\n|move|p1a: Gothitelle|Protect|p1a: Gothitelle\n|-singleturn|p1a: Gothitelle|Protect\n|move|p2a: Necrozma|Earthquake|p1a: Gothitelle\n|-activate|p1a: Gothitelle|move: Protect\n|\n|upkeep\n|turn|37\n|\n|t:|1700829823\n|cant|p2a: Necrozma|ability: Truant\n|move|p1a: Gothitelle|Recycle|p1a: Gothitelle\n|-item|p1a: Gothitelle|Starf Berry|[from] move: Recycle\n|-enditem|p1a: Gothitelle|Starf Berry|[eat]\n|-boost|p1a: Gothitelle|spd|2|[from] item: Starf Berry\n|\n|upkeep\n|turn|38\n|\n|t:|1700829827\n|move|p1a: Gothitelle|Protect|p1a: Gothitelle\n|-singleturn|p1a: Gothitelle|Protect\n|move|p2a: Necrozma|Earthquake|p1a: Gothitelle\n|-activate|p1a: Gothitelle|move: Protect\n|\n|upkeep\n|turn|39\n|\n|t:|1700829833\n|cant|p2a: Necrozma|ability: Truant\n|move|p1a: Gothitelle|Recycle|p1a: Gothitelle\n|-item|p1a: Gothitelle|Starf Berry|[from] move: Recycle\n|-enditem|p1a: Gothitelle|Starf Berry|[eat]\n|-boost|p1a: Gothitelle|spa|2|[from] item: Starf Berry\n|\n|upkeep\n|turn|40\n|\n|t:|1700829837\n|move|p1a: Gothitelle|Protect|p1a: Gothitelle\n|-singleturn|p1a: Gothitelle|Protect\n|move|p2a: Necrozma|Earthquake|p1a: Gothitelle\n|-activate|p1a: Gothitelle|move: Protect\n|\n|upkeep\n|turn|41\n|c|\u2606projecthorror|id say that looks pretty safe\n|\n|t:|1700829846\n|cant|p2a: Necrozma|ability: Truant\n|move|p1a: Gothitelle|Dark Pulse|p2a: Necrozma\n|-supereffective|p2a: Necrozma\n|-damage|p2a: Necrozma|0 fnt\n|faint|p2a: Necrozma\n|\n|upkeep\n|c|\u2606JustMonika_CARR|Maybe\n|\n|t:|1700829850\n|switch|p2a: Chi-Yu|Chi-Yu|100\/100\n|-damage|p2a: Chi-Yu|88\/100|[from] Stealth Rock\n|turn|42\n|c|\u2606JustMonika_CARR|Hope is enough\n|\n|t:|1700829857\n|-terastallize|p1a: Gothitelle|Dark\n|move|p1a: Gothitelle|Dark Pulse|p2a: Chi-Yu\n|-supereffective|p2a: Chi-Yu\n|-damage|p2a: Chi-Yu|0 fnt\n|replace|p2a: Zoroark|Zoroark-Hisui, M\n|-end|p2a: Zoroark|Illusion\n|faint|p2a: Zoroark\n|\n|upkeep\n|c|\u2606projecthorror|oh man\n|\n|t:|1700829872\n|switch|p2a: Flutter Mane|Flutter Mane|100\/100\n|-damage|p2a: Flutter Mane|88\/100|[from] Stealth Rock\n|-enditem|p2a: Flutter Mane|Booster Energy\n|-activate|p2a: Flutter Mane|ability: Protosynthesis|[fromitem]\n|-start|p2a: Flutter Mane|protosynthesisspe\n|turn|43\n|\n|t:|1700829882\n|move|p1a: Gothitelle|Dark Pulse|p2a: Flutter Mane\n|-damage|p2a: Flutter Mane|0 fnt\n|faint|p2a: Flutter Mane\n|-end|p2a: Flutter Mane|Protosynthesis|[silent]\n|\n|upkeep\n|\n|t:|1700829885\n|switch|p2a: Genesect|Genesect, shiny|100\/100\n|-damage|p2a: Genesect|88\/100|[from] Stealth Rock\n|-ability|p2a: Genesect|Download|boost\n|-boost|p2a: Genesect|spa|1\n|turn|44\n|\n|t:|1700829889\n|move|p2a: Genesect|Extreme Speed|p1a: Gothitelle\n|-activate|p1a: Gothitelle|move: Substitute|[damage]\n|-damage|p2a: Genesect|78\/100|[from] item: Life Orb\n|move|p1a: Gothitelle|Dark Pulse|p2a: Genesect\n|-damage|p2a: Genesect|0 fnt\n|faint|p2a: Genesect\n|\n|upkeep\n|\n|t:|1700829898\n|switch|p2a: Chi-Yu|Chi-Yu|100\/100\n|-damage|p2a: Chi-Yu|76\/100|[from] Stealth Rock\n|-ability|p2a: Chi-Yu|Beads of Ruin\n|turn|45\n|\n|t:|1700829900\n|move|p1a: Gothitelle|Dark Pulse|p2a: Chi-Yu\n|-resisted|p2a: Chi-Yu\n|-damage|p2a: Chi-Yu|27\/100\n|move|p2a: Chi-Yu|Dark Pulse|p1a: Gothitelle\n|-resisted|p1a: Gothitelle\n|-activate|p1a: Gothitelle|move: Substitute|[damage]\n|\n|upkeep\n|turn|46\n|c|\u2606projecthorror|yeah ggs\n|c|\u2606projecthorror|AW MAN\n|\n|t:|1700829910\n|move|p1a: Gothitelle|Dark Pulse|p2a: Chi-Yu\n|-resisted|p2a: Chi-Yu\n|-damage|p2a: Chi-Yu|0 fnt\n|faint|p2a: Chi-Yu\n|\n|upkeep\n|\n|t:|1700829913\n|switch|p2a: Charizard|Charizard, M|100\/100\n|-damage|p2a: Charizard|51\/100|[from] Stealth Rock\n|turn|47\n|c|\u2606JustMonika_CARR|Gg\n|\n|t:|1700829924\n|detailschange|p2a: Charizard|Charizard-Mega-X, M\n|-mega|p2a: Charizard|Charizard|Charizardite X\n|move|p1a: Gothitelle|Dark Pulse|p2a: Charizard\n|-damage|p2a: Charizard|0 fnt\n|faint|p2a: Charizard\n|\n|win|JustMonika_CARR\n|raw|JustMonika_CARR's rating: 1376 &rarr; <strong>1394<\/strong><br \/>(+18 for winning)\n|raw|projecthorror's rating: 1346 &rarr; <strong>1328<\/strong><br \/>(-18 for losing)\n|c|\u2606projecthorror|ggs\n","uploadtime":1700829932,"views":1,"p1id":"justmonikacarr","p2id":"projecthorror","formatid":"gen9nationaldexubers","rating":1328,"private":0,"password":""}