{"id":"gen9nationaldexubers-1997205004","p1":"Grant-uhh-Wish","p2":"melina's sock draw","format":"[Gen 9] National Dex Ubers","log":"|j|\u2606Grant-uhh-Wish\n|j|\u2606melina's sock draw\n|t:|1700775358\n|gametype|singles\n|player|p1|Grant-uhh-Wish|linebacker|\n|player|p2|melina's sock draw|1|\n|teamsize|p1|6\n|teamsize|p2|6\n|gen|9\n|tier|[Gen 9] National Dex Ubers\n|rule|HP Percentage Mod: HP is shown in percentages\n|rule|Endless Battle Clause: Forcing endless battles is banned\n|rule|OHKO Clause: OHKO moves are banned\n|rule|Evasion Moves Clause: Evasion moves are banned\n|rule|Evasion Items Clause: Evasion items are banned\n|rule|Species Clause: Limit one of each Pok\u00e9mon\n|rule|Sleep Clause Mod: Limit one foe put to sleep\n|rule|Mega Rayquaza Clause: You cannot mega evolve Rayquaza\n|clearpoke\n|poke|p1|Salamence, M|\n|poke|p1|Giratina-Origin|\n|poke|p1|Necrozma-Dawn-Wings|\n|poke|p1|Dracovish|\n|poke|p1|Excadrill, F|\n|poke|p1|Pheromosa|\n|poke|p2|Swampert, M|\n|poke|p2|Tapu Koko|\n|poke|p2|Kyogre|\n|poke|p2|Mewtwo|\n|poke|p2|Landorus-Therian, M|\n|poke|p2|Chien-Pao|\n|teampreview\n|c|\u2606melina's sock draw|hf\n|c|\u2606Grant-uhh-Wish|u2\n|j| 1 EAST\n|\n|t:|1700775419\n|start\n|switch|p1a: Pheromosa|Pheromosa|100\/100\n|switch|p2a: E.L.O|Tapu Koko|100\/100\n|-fieldstart|move: Electric Terrain|[from] ability: Electric Surge|[of] p2a: E.L.O\n|turn|1\n|\n|t:|1700775430\n|move|p1a: Pheromosa|U-turn|p2a: E.L.O\n|-resisted|p2a: E.L.O\n|-crit|p2a: E.L.O\n|-damage|p2a: E.L.O|73\/100\n|\n|t:|1700775438\n|switch|p1a: Necrozma|Necrozma-Dawn-Wings|100\/100|[from] U-turn\n|move|p2a: E.L.O|Reflect|p2a: E.L.O\n|-sidestart|p2: melina's sock draw|Reflect\n|\n|upkeep\n|turn|2\n|\n|t:|1700775443\n|move|p2a: E.L.O|Light Screen|p2a: E.L.O\n|-sidestart|p2: melina's sock draw|move: Light Screen\n|move|p1a: Necrozma|Stealth Rock|p2a: E.L.O\n|-sidestart|p2: melina's sock draw|move: Stealth Rock\n|\n|upkeep\n|turn|3\n|\n|t:|1700775450\n|move|p2a: E.L.O|U-turn|p1a: Necrozma\n|-damage|p1a: Necrozma|87\/100\n|\n|t:|1700775476\n|switch|p2a: death grips|Chien-Pao|100\/100|[from] U-turn\n|-damage|p2a: death grips|76\/100|[from] Stealth Rock\n|-ability|p2a: death grips|Sword of Ruin\n|move|p1a: Necrozma|Earth Power|p2a: death grips\n|-damage|p2a: death grips|54\/100\n|\n|upkeep\n|turn|4\n|\n|t:|1700775501\n|switch|p1a: Salamence|Salamence, M|100\/100\n|-ability|p1a: Salamence|Intimidate|boost\n|-unboost|p2a: death grips|atk|1\n|move|p2a: death grips|Swords Dance|p2a: death grips\n|-boost|p2a: death grips|atk|2\n|\n|upkeep\n|turn|5\n|\n|t:|1700775515\n|detailschange|p1a: Salamence|Salamence-Mega, M\n|-mega|p1a: Salamence|Salamence|Salamencite\n|move|p2a: death grips|Ice Shard|p1a: Salamence\n|-supereffective|p1a: Salamence\n|-damage|p1a: Salamence|0 fnt\n|faint|p1a: Salamence\n|-damage|p2a: death grips|44\/100|[from] item: Life Orb\n|\n|-fieldend|move: Electric Terrain\n|upkeep\n|\n|t:|1700775518\n|switch|p1a: Excadrill|Excadrill, F|100\/100\n|-ability|p1a: Excadrill|Mold Breaker\n|turn|6\n|\n|t:|1700775526\n|move|p2a: death grips|Ice Spinner|p1a: Excadrill\n|-enditem|p1a: Excadrill|Focus Sash\n|-damage|p1a: Excadrill|1\/100\n|-damage|p2a: death grips|34\/100|[from] item: Life Orb\n|move|p1a: Excadrill|Iron Head|p2a: death grips\n|-supereffective|p2a: death grips\n|-damage|p2a: death grips|0 fnt\n|faint|p2a: death grips\n|\n|upkeep\n|\n|t:|1700775539\n|switch|p2a: faithless|Mewtwo|100\/100\n|-damage|p2a: faithless|88\/100|[from] Stealth Rock\n|-ability|p2a: faithless|Pressure\n|turn|7\n|\n|t:|1700775545\n|detailschange|p2a: faithless|Mewtwo-Mega-Y\n|-mega|p2a: faithless|Mewtwo|Mewtwonite Y\n|move|p2a: faithless|Barrier|p2a: faithless\n|-boost|p2a: faithless|def|2\n|move|p1a: Excadrill|Sandstorm|p1a: Excadrill\n|-weather|Sandstorm\n|\n|-weather|Sandstorm|[upkeep]\n|-damage|p2a: faithless|82\/100|[from] Sandstorm\n|upkeep\n|turn|8\n|\n|t:|1700775554\n|move|p2a: faithless|Barrier|p2a: faithless\n|-boost|p2a: faithless|def|2\n|move|p1a: Excadrill|Earthquake|p2a: faithless\n|-damage|p2a: faithless|73\/100\n|\n|-weather|Sandstorm|[upkeep]\n|-damage|p2a: faithless|66\/100|[from] Sandstorm\n|-sideend|p2: melina's sock draw|Reflect\n|upkeep\n|turn|9\n|\n|t:|1700775562\n|move|p2a: faithless|Calm Mind|p2a: faithless\n|-boost|p2a: faithless|spa|1\n|-boost|p2a: faithless|spd|1\n|move|p1a: Excadrill|Earthquake|p2a: faithless\n|-damage|p2a: faithless|48\/100\n|\n|-weather|Sandstorm|[upkeep]\n|-damage|p2a: faithless|42\/100|[from] Sandstorm\n|-sideend|p2: melina's sock draw|move: Light Screen\n|upkeep\n|turn|10\n|\n|t:|1700775566\n|move|p2a: faithless|Recover|p2a: faithless\n|-heal|p2a: faithless|92\/100\n|move|p1a: Excadrill|Earthquake|p2a: faithless\n|-damage|p2a: faithless|75\/100\n|\n|-weather|Sandstorm|[upkeep]\n|-damage|p2a: faithless|69\/100|[from] Sandstorm\n|upkeep\n|turn|11\n|\n|t:|1700775572\n|switch|p1a: Dracovish|Dracovish|100\/100\n|move|p2a: faithless|Calm Mind|p2a: faithless\n|-boost|p2a: faithless|spa|1\n|-boost|p2a: faithless|spd|1\n|\n|-weather|none\n|upkeep\n|turn|12\n|\n|t:|1700775578\n|move|p2a: faithless|Stored Power|p1a: Dracovish\n|-damage|p1a: Dracovish|0 fnt\n|faint|p1a: Dracovish\n|\n|upkeep\n|\n|t:|1700775591\n|switch|p1a: Pheromosa|Pheromosa|100\/100\n|turn|13\n|\n|t:|1700775597\n|move|p1a: Pheromosa|U-turn|p2a: faithless\n|-supereffective|p2a: faithless\n|-damage|p2a: faithless|41\/100\n|\n|t:|1700775599\n|switch|p1a: Excadrill|Excadrill, F|1\/100|[from] U-turn\n|-ability|p1a: Excadrill|Mold Breaker\n|move|p2a: faithless|Stored Power|p1a: Excadrill\n|-resisted|p1a: Excadrill\n|-damage|p1a: Excadrill|0 fnt\n|faint|p1a: Excadrill\n|\n|upkeep\n|\n|t:|1700775606\n|switch|p1a: Necrozma|Necrozma-Dawn-Wings|87\/100\n|turn|14\n|\n|t:|1700775614\n|move|p2a: faithless|Stored Power|p1a: Necrozma\n|-resisted|p1a: Necrozma\n|-damage|p1a: Necrozma|14\/100\n|move|p1a: Necrozma|Moongeist Beam|p2a: faithless\n|-supereffective|p2a: faithless\n|-damage|p2a: faithless|0 fnt\n|faint|p2a: faithless\n|\n|upkeep\n|\n|t:|1700775635\n|switch|p2a: fontaines d.c|Landorus-Therian, M|100\/100\n|-damage|p2a: fontaines d.c|88\/100|[from] Stealth Rock\n|-ability|p2a: fontaines d.c|Intimidate|boost\n|-unboost|p1a: Necrozma|atk|1\n|turn|15\n|\n|t:|1700775642\n|switch|p1a: Giratina|Giratina-Origin|100\/100\n|move|p2a: fontaines d.c|Knock Off|p1a: Giratina\n|-supereffective|p1a: Giratina\n|-damage|p1a: Giratina|79\/100\n|\n|upkeep\n|turn|16\n|\n|t:|1700775646\n|move|p2a: fontaines d.c|Taunt|p1a: Giratina\n|-start|p1a: Giratina|move: Taunt\n|cant|p1a: Giratina|move: Taunt|Will-O-Wisp\n|\n|upkeep\n|turn|17\n|\n|t:|1700775651\n|switch|p1a: Pheromosa|Pheromosa|100\/100\n|move|p2a: fontaines d.c|Stealth Rock|p1a: Pheromosa\n|-sidestart|p1: Grant-uhh-Wish|move: Stealth Rock\n|\n|upkeep\n|turn|18\n|\n|t:|1700775659\n|switch|p2a: E.L.O|Tapu Koko|73\/100\n|-damage|p2a: E.L.O|61\/100|[from] Stealth Rock\n|-fieldstart|move: Electric Terrain|[from] ability: Electric Surge|[of] p2a: E.L.O\n|move|p1a: Pheromosa|Ice Beam|p2a: E.L.O\n|-damage|p2a: E.L.O|29\/100\n|\n|upkeep\n|turn|19\n|\n|t:|1700775663\n|move|p1a: Pheromosa|Ice Beam|p2a: E.L.O\n|-damage|p2a: E.L.O|0 fnt\n|faint|p2a: E.L.O\n|-ability|p1a: Pheromosa|Beast Boost|boost\n|-boost|p1a: Pheromosa|spe|1\n|\n|upkeep\n|\n|t:|1700775669\n|switch|p2a: meatloaf|Kyogre|100\/100\n|-damage|p2a: meatloaf|88\/100|[from] Stealth Rock\n|-weather|RainDance|[from] ability: Drizzle|[of] p2a: meatloaf\n|turn|20\n|\n|t:|1700775678\n|switch|p1a: Necrozma|Necrozma-Dawn-Wings|14\/100\n|-damage|p1a: Necrozma|2\/100|[from] Stealth Rock\n|move|p2a: meatloaf|Calm Mind|p2a: meatloaf\n|-boost|p2a: meatloaf|spa|1\n|-boost|p2a: meatloaf|spd|1\n|\n|-weather|RainDance|[upkeep]\n|upkeep\n|turn|21\n|\n|t:|1700775682\n|move|p2a: meatloaf|Scald|p1a: Necrozma\n|-damage|p1a: Necrozma|0 fnt\n|faint|p1a: Necrozma\n|\n|-weather|RainDance|[upkeep]\n|upkeep\n|\n|t:|1700775687\n|switch|p1a: Giratina|Giratina-Origin|79\/100\n|-damage|p1a: Giratina|67\/100|[from] Stealth Rock\n|turn|22\n|\n|t:|1700775693\n|-terastallize|p1a: Giratina|Water\n|move|p2a: meatloaf|Calm Mind|p2a: meatloaf\n|-boost|p2a: meatloaf|spa|1\n|-boost|p2a: meatloaf|spd|1\n|move|p1a: Giratina|Dragon Tail|p2a: meatloaf\n|-damage|p2a: meatloaf|64\/100\n|-enditem|p2a: meatloaf|Kee Berry|[eat]\n|-boost|p2a: meatloaf|def|1|[from] item: Kee Berry\n|drag|p2a: iron maiden|Swampert, M|100\/100\n|-damage|p2a: iron maiden|94\/100|[from] Stealth Rock\n|\n|-weather|RainDance|[upkeep]\n|-fieldend|move: Electric Terrain\n|upkeep\n|turn|23\n|\n|t:|1700775699\n|move|p1a: Giratina|Will-O-Wisp|p2a: iron maiden\n|-status|p2a: iron maiden|brn\n|move|p2a: iron maiden|Toxic|p1a: Giratina\n|-status|p1a: Giratina|tox\n|\n|-weather|RainDance|[upkeep]\n|-damage|p1a: Giratina|61\/100 tox|[from] psn\n|-damage|p2a: iron maiden|88\/100 brn|[from] brn\n|upkeep\n|turn|24\n|\n|t:|1700775703\n|move|p1a: Giratina|Hex|p2a: iron maiden\n|-damage|p2a: iron maiden|33\/100 brn\n|move|p2a: iron maiden|Flip Turn|p1a: Giratina\n|-resisted|p1a: Giratina\n|-damage|p1a: Giratina|54\/100 tox\n|\n|t:|1700775708\n|switch|p2a: fontaines d.c|Landorus-Therian, M|88\/100|[from] Flip Turn\n|-damage|p2a: fontaines d.c|76\/100|[from] Stealth Rock\n|-ability|p2a: fontaines d.c|Intimidate|boost\n|-unboost|p1a: Giratina|atk|1\n|\n|-weather|none\n|-damage|p1a: Giratina|42\/100 tox|[from] psn\n|upkeep\n|turn|25\n|\n|t:|1700775716\n|move|p2a: fontaines d.c|Taunt|p1a: Giratina\n|-start|p1a: Giratina|move: Taunt\n|move|p1a: Giratina|Hex|p2a: fontaines d.c\n|-damage|p2a: fontaines d.c|44\/100\n|\n|-damage|p1a: Giratina|23\/100 tox|[from] psn\n|upkeep\n|turn|26\n|\n|t:|1700775723\n|move|p2a: fontaines d.c|Knock Off|p1a: Giratina\n|-damage|p1a: Giratina|11\/100 tox\n|move|p1a: Giratina|Dragon Tail|p2a: fontaines d.c\n|-damage|p2a: fontaines d.c|27\/100\n|-damage|p1a: Giratina|0 fnt|[from] item: Rocky Helmet|[of] p2a: fontaines d.c\n|faint|p1a: Giratina\n|drag|p2a: iron maiden|Swampert, M|33\/100 brn\n|-damage|p2a: iron maiden|27\/100 brn|[from] Stealth Rock\n|\n|-damage|p2a: iron maiden|21\/100 brn|[from] brn\n|upkeep\n|\n|t:|1700775731\n|switch|p1a: Pheromosa|Pheromosa|100\/100\n|-damage|p1a: Pheromosa|88\/100|[from] Stealth Rock\n|turn|27\n|\n|t:|1700775735\n|move|p1a: Pheromosa|Close Combat|p2a: iron maiden\n|-damage|p2a: iron maiden|0 fnt\n|-unboost|p1a: Pheromosa|def|1\n|-unboost|p1a: Pheromosa|spd|1\n|faint|p2a: iron maiden\n|-ability|p1a: Pheromosa|Beast Boost|boost\n|-boost|p1a: Pheromosa|spe|1\n|\n|upkeep\n|\n|t:|1700775739\n|switch|p2a: fontaines d.c|Landorus-Therian, M|27\/100\n|-damage|p2a: fontaines d.c|15\/100|[from] Stealth Rock\n|-ability|p2a: fontaines d.c|Intimidate|boost\n|-unboost|p1a: Pheromosa|atk|1\n|turn|28\n|\n|t:|1700775741\n|move|p1a: Pheromosa|Close Combat|p2a: fontaines d.c\n|-resisted|p2a: fontaines d.c\n|-damage|p2a: fontaines d.c|0 fnt\n|-unboost|p1a: Pheromosa|def|1\n|-unboost|p1a: Pheromosa|spd|1\n|-damage|p1a: Pheromosa|72\/100|[from] item: Rocky Helmet|[of] p2a: fontaines d.c\n|faint|p2a: fontaines d.c\n|-ability|p1a: Pheromosa|Beast Boost|boost\n|-boost|p1a: Pheromosa|spe|1\n|\n|upkeep\n|\n|t:|1700775743\n|switch|p2a: meatloaf|Kyogre|64\/100\n|-damage|p2a: meatloaf|51\/100|[from] Stealth Rock\n|-weather|RainDance|[from] ability: Drizzle|[of] p2a: meatloaf\n|turn|29\n|\n|t:|1700775746\n|-terastallize|p2a: meatloaf|Water\n|move|p1a: Pheromosa|Close Combat|p2a: meatloaf\n|-damage|p2a: meatloaf|9\/100\n|-unboost|p1a: Pheromosa|def|1\n|-unboost|p1a: Pheromosa|spd|1\n|move|p2a: meatloaf|Scald|p1a: Pheromosa\n|-damage|p1a: Pheromosa|0 fnt\n|faint|p1a: Pheromosa\n|\n|win|melina's sock draw\n|c|\u2606Grant-uhh-Wish|gg\n|c|\u2606melina's sock draw|i forgot to tera\n|c|\u2606melina's sock draw|gg\n","uploadtime":1700775758,"views":14,"p1id":"grantuhhwish","p2id":"melinassockdraw","formatid":"gen9nationaldexubers","rating":0,"private":0,"password":""}