{"id":"gen9nationaldexubers-1989001307","p1":"MKDones08","p2":"Kazutoxo","format":"[Gen 9] National Dex Ubers","log":"|j|\u2606MKDones08\n|j|\u2606Kazutoxo\n|t:|1699800663\n|gametype|singles\n|player|p1|MKDones08|266|\n|player|p2|Kazutoxo|ingo|\n|teamsize|p1|6\n|teamsize|p2|6\n|gen|9\n|tier|[Gen 9] National Dex Ubers\n|rule|HP Percentage Mod: HP is shown in percentages\n|rule|Endless Battle Clause: Forcing endless battles is banned\n|rule|OHKO Clause: OHKO moves are banned\n|rule|Evasion Moves Clause: Evasion moves are banned\n|rule|Evasion Items Clause: Evasion items are banned\n|rule|Species Clause: Limit one of each Pok\u00e9mon\n|rule|Sleep Clause Mod: Limit one foe put to sleep\n|rule|Mega Rayquaza Clause: You cannot mega evolve Rayquaza\n|clearpoke\n|poke|p1|Naganadel|\n|poke|p1|Salamence, F|\n|poke|p1|Dracovish|\n|poke|p1|Rayquaza|\n|poke|p1|Dialga-Origin|\n|poke|p1|Eternatus|\n|poke|p2|Naganadel|\n|poke|p2|Eternatus|\n|poke|p2|Fezandipiti, M|\n|poke|p2|Weezing-Galar, F|\n|poke|p2|Beedrill, F|\n|poke|p2|Okidogi, M|\n|teampreview\n|inactive|Battle timer is ON: inactive players will automatically lose when time's up. (requested by MKDones08)\n|\n|t:|1699800685\n|start\n|switch|p1a: Rayquaza|Rayquaza|100\/100\n|switch|p2a: Fezandipiti|Fezandipiti, M|100\/100\n|-ability|p1a: Rayquaza|Air Lock\n|turn|1\n|\n|t:|1699800698\n|move|p1a: Rayquaza|Dragon Ascent|p2a: Fezandipiti\n|-damage|p2a: Fezandipiti|0 fnt\n|-unboost|p1a: Rayquaza|def|1\n|-unboost|p1a: Rayquaza|spd|1\n|faint|p2a: Fezandipiti\n|-damage|p1a: Rayquaza|91\/100|[from] item: Life Orb\n|\n|upkeep\n|\n|t:|1699800707\n|switch|p2a: Weezing|Weezing-Galar, F|100\/100\n|turn|2\n|\n|t:|1699800714\n|move|p1a: Rayquaza|Dragon Ascent|p2a: Weezing\n|-damage|p2a: Weezing|33\/100\n|-unboost|p1a: Rayquaza|def|1\n|-unboost|p1a: Rayquaza|spd|1\n|-damage|p1a: Rayquaza|81\/100|[from] item: Life Orb\n|move|p2a: Weezing|Toxic Spikes|p1a: Rayquaza\n|-sidestart|p1: MKDones08|move: Toxic Spikes\n|\n|-heal|p2a: Weezing|39\/100|[from] item: Leftovers\n|upkeep\n|turn|3\n|\n|t:|1699800726\n|-terastallize|p2a: Weezing|Electric\n|move|p1a: Rayquaza|Dragon Ascent|p2a: Weezing\n|-resisted|p2a: Weezing\n|-damage|p2a: Weezing|5\/100\n|-unboost|p1a: Rayquaza|def|1\n|-unboost|p1a: Rayquaza|spd|1\n|-damage|p1a: Rayquaza|71\/100|[from] item: Life Orb\n|move|p2a: Weezing|Pain Split|p1a: Rayquaza\n|-sethp|p1a: Rayquaza|38\/100|[from] move: Pain Split|[silent]\n|-sethp|p2a: Weezing|39\/100|[from] move: Pain Split\n|\n|-heal|p2a: Weezing|45\/100|[from] item: Leftovers\n|upkeep\n|turn|4\n|\n|t:|1699800744\n|move|p1a: Rayquaza|Dragon Claw|p2a: Weezing\n|-damage|p2a: Weezing|1\/100\n|-damage|p1a: Rayquaza|28\/100|[from] item: Life Orb\n|move|p2a: Weezing|Will-O-Wisp|p1a: Rayquaza\n|-status|p1a: Rayquaza|brn\n|\n|-heal|p2a: Weezing|7\/100|[from] item: Leftovers\n|-damage|p1a: Rayquaza|22\/100 brn|[from] brn\n|upkeep\n|turn|5\n|\n|t:|1699800763\n|switch|p2a: Okidogi|Okidogi, M|100\/100\n|move|p1a: Rayquaza|Dragon Claw|p2a: Okidogi\n|-damage|p2a: Okidogi|74\/100\n|-damage|p1a: Rayquaza|12\/100 brn|[from] item: Life Orb\n|\n|-heal|p2a: Okidogi|80\/100|[from] item: Leftovers\n|-damage|p1a: Rayquaza|6\/100 brn|[from] brn\n|upkeep\n|turn|6\n|\n|t:|1699800774\n|move|p1a: Rayquaza|Dragon Ascent|p2a: Okidogi\n|-supereffective|p2a: Okidogi\n|-damage|p2a: Okidogi|0 fnt\n|-unboost|p1a: Rayquaza|def|1\n|-unboost|p1a: Rayquaza|spd|1\n|faint|p2a: Okidogi\n|-damage|p1a: Rayquaza|0 fnt|[from] item: Life Orb\n|faint|p1a: Rayquaza\n|\n|upkeep\n|\n|t:|1699800787\n|switch|p1a: Naganadel|Naganadel|100\/100\n|switch|p2a: Weezing|Weezing-Galar, F, tera:Electric|7\/100\n|-sideend|p1: MKDones08|move: Toxic Spikes|[of] p1a: Naganadel\n|turn|7\n|\n|t:|1699800794\n|move|p1a: Naganadel|Substitute|p1a: Naganadel\n|-start|p1a: Naganadel|Substitute\n|-damage|p1a: Naganadel|76\/100\n|move|p2a: Weezing|Pain Split||[still]\n|-fail|p2a: Weezing\n|\n|-heal|p1a: Naganadel|82\/100|[from] item: Black Sludge\n|-heal|p2a: Weezing|13\/100|[from] item: Leftovers\n|upkeep\n|turn|8\n|\n|t:|1699800804\n|move|p1a: Naganadel|Dragon Pulse|p2a: Weezing\n|-damage|p2a: Weezing|0 fnt\n|faint|p2a: Weezing\n|-ability|p1a: Naganadel|Beast Boost|boost\n|-boost|p1a: Naganadel|spe|1\n|\n|-heal|p1a: Naganadel|88\/100|[from] item: Black Sludge\n|upkeep\n|\n|t:|1699800812\n|switch|p2a: Naganadel|Naganadel|100\/100\n|turn|9\n|\n|t:|1699800819\n|switch|p2a: Beedrill|Beedrill, F|100\/100\n|move|p1a: Naganadel|Draco Meteor|p2a: Beedrill\n|-damage|p2a: Beedrill|0 fnt\n|-unboost|p1a: Naganadel|spa|2\n|faint|p2a: Beedrill\n|-ability|p1a: Naganadel|Beast Boost|boost\n|-boost|p1a: Naganadel|spe|1\n|\n|-heal|p1a: Naganadel|94\/100|[from] item: Black Sludge\n|upkeep\n|\n|t:|1699800831\n|switch|p2a: Naganadel|Naganadel|100\/100\n|turn|10\n|\n|t:|1699800837\n|move|p1a: Naganadel|Draco Meteor|p2a: Naganadel\n|-supereffective|p2a: Naganadel\n|-damage|p2a: Naganadel|0 fnt\n|-unboost|p1a: Naganadel|spa|2\n|faint|p2a: Naganadel\n|-ability|p1a: Naganadel|Beast Boost|boost\n|-boost|p1a: Naganadel|spe|1\n|\n|-heal|p1a: Naganadel|99\/100|[from] item: Black Sludge\n|upkeep\n|\n|t:|1699800847\n|switch|p2a: Eternatus|Eternatus|100\/100\n|-ability|p2a: Eternatus|Pressure\n|turn|11\n|\n|t:|1699800852\n|switch|p1a: Dracovish|Dracovish|100\/100\n|move|p2a: Eternatus|Cosmic Power|p2a: Eternatus\n|-boost|p2a: Eternatus|def|1\n|-boost|p2a: Eternatus|spd|1\n|\n|upkeep\n|turn|12\n|\n|t:|1699800861\n|-terastallize|p1a: Dracovish|Ice\n|move|p1a: Dracovish|Ice Fang|p2a: Eternatus\n|-supereffective|p2a: Eternatus\n|-damage|p2a: Eternatus|64\/100\n|move|p2a: Eternatus|Dynamax Cannon|p1a: Dracovish\n|-damage|p1a: Dracovish|38\/100\n|\n|-heal|p2a: Eternatus|70\/100|[from] item: Leftovers\n|upkeep\n|turn|13\n|\n|t:|1699800874\n|move|p1a: Dracovish|Ice Fang|p2a: Eternatus\n|-supereffective|p2a: Eternatus\n|-damage|p2a: Eternatus|30\/100\n|move|p2a: Eternatus|Dragon Pulse|p1a: Dracovish\n|-damage|p1a: Dracovish|0 fnt\n|faint|p1a: Dracovish\n|\n|-heal|p2a: Eternatus|36\/100|[from] item: Leftovers\n|upkeep\n|\n|t:|1699800881\n|switch|p1a: Dialga|Dialga-Origin|100\/100\n|turn|14\n|\n|t:|1699800888\n|move|p2a: Eternatus|Recover|p2a: Eternatus\n|-heal|p2a: Eternatus|86\/100\n|move|p1a: Dialga|Draco Meteor|p2a: Eternatus\n|-supereffective|p2a: Eternatus\n|-damage|p2a: Eternatus|0 fnt\n|-unboost|p1a: Dialga|spa|2\n|faint|p2a: Eternatus\n|\n|win|MKDones08\n","uploadtime":1699800896,"views":13,"p1id":"mkdones08","p2id":"kazutoxo","formatid":"gen9nationaldexubers","rating":0,"private":0,"password":""}