{"id":"gen9nationaldexubers-1984065432","p1":"msparks2","p2":"getrektunub","format":"[Gen 9] National Dex Ubers","log":"|j|\u2606msparks2\n|j|\u2606getrektunub\n|t:|1699215092\n|gametype|singles\n|player|p1|msparks2|pokemonranger-gen4|1187\n|player|p2|getrektunub|serena-masters2|1132\n|teamsize|p1|6\n|teamsize|p2|6\n|gen|9\n|tier|[Gen 9] National Dex Ubers\n|rated|\n|rule|HP Percentage Mod: HP is shown in percentages\n|rule|Endless Battle Clause: Forcing endless battles is banned\n|rule|OHKO Clause: OHKO moves are banned\n|rule|Evasion Moves Clause: Evasion moves are banned\n|rule|Evasion Items Clause: Evasion items are banned\n|rule|Species Clause: Limit one of each Pok\u00e9mon\n|rule|Sleep Clause Mod: Limit one foe put to sleep\n|rule|Mega Rayquaza Clause: You cannot mega evolve Rayquaza\n|clearpoke\n|poke|p1|Hitmonchan, M|\n|poke|p1|Lucario, F|\n|poke|p1|Zeraora|\n|poke|p1|Corviknight, M|\n|poke|p1|Oricorio-Sensu, M|\n|poke|p1|Druddigon, F|\n|poke|p2|Donphan, F|\n|poke|p2|Drifblim, F|\n|poke|p2|Toxtricity, M|\n|poke|p2|Goodra, F|\n|poke|p2|Crabominable, M|\n|poke|p2|Sunflora, M|\n|teampreview\n|inactive|Battle timer is ON: inactive players will automatically lose when time's up. (requested by getrektunub)\n|\n|t:|1699215108\n|start\n|switch|p1a: Hitmonchan|Hitmonchan, M|100\/100\n|switch|p2a: Flower from Sun|Sunflora, M, shiny|100\/100\n|turn|1\n|\n|t:|1699215114\n|move|p1a: Hitmonchan|Fake Out|p2a: Flower from Sun\n|-damage|p2a: Flower from Sun|79\/100\n|cant|p2a: Flower from Sun|flinch\n|\n|upkeep\n|turn|2\n|\n|t:|1699215122\n|-terastallize|p1a: Hitmonchan|Ice\n|move|p1a: Hitmonchan|Ice Punch|p2a: Flower from Sun\n|-supereffective|p2a: Flower from Sun\n|-damage|p2a: Flower from Sun|0 fnt\n|faint|p2a: Flower from Sun\n|\n|upkeep\n|\n|t:|1699215133\n|switch|p2a: Real Pain.|Toxtricity, M, shiny|100\/100\n|turn|3\n|\n|t:|1699215143\n|switch|p1a: Corviknight|Corviknight, M|100\/100\n|move|p2a: Real Pain.|Shift Gear|p2a: Real Pain.\n|-boost|p2a: Real Pain.|spe|2\n|-boost|p2a: Real Pain.|atk|1\n|\n|upkeep\n|turn|4\n|\n|t:|1699215154\n|move|p2a: Real Pain.|Boomburst|p1a: Corviknight\n|-resisted|p1a: Corviknight\n|-damage|p1a: Corviknight|63\/100\n|-enditem|p2a: Real Pain.|Throat Spray\n|-boost|p2a: Real Pain.|spa|1|[from] item: Throat Spray\n|move|p1a: Corviknight|Payback|p2a: Real Pain.\n|-damage|p2a: Real Pain.|65\/100\n|\n|upkeep\n|turn|5\n|\n|t:|1699215161\n|move|p2a: Real Pain.|Thunderbolt|p1a: Corviknight\n|-supereffective|p1a: Corviknight\n|-damage|p1a: Corviknight|0 fnt\n|faint|p1a: Corviknight\n|\n|upkeep\n|\n|t:|1699215169\n|switch|p1a: Hitmonchan|Hitmonchan, M, tera:Ice|100\/100\n|turn|6\n|\n|t:|1699215172\n|move|p1a: Hitmonchan|Fake Out|p2a: Real Pain.\n|-damage|p2a: Real Pain.|49\/100\n|cant|p2a: Real Pain.|flinch\n|\n|upkeep\n|turn|7\n|\n|t:|1699215178\n|switch|p1a: Zeraora|Zeraora|100\/100\n|move|p2a: Real Pain.|Boomburst|p1a: Zeraora\n|-damage|p1a: Zeraora|0 fnt\n|faint|p1a: Zeraora\n|\n|upkeep\n|\n|t:|1699215185\n|switch|p1a: Hitmonchan|Hitmonchan, M, tera:Ice|100\/100\n|turn|8\n|\n|t:|1699215188\n|move|p1a: Hitmonchan|Fake Out|p2a: Real Pain.\n|-damage|p2a: Real Pain.|33\/100\n|cant|p2a: Real Pain.|flinch\n|\n|upkeep\n|turn|9\n|\n|t:|1699215195\n|switch|p1a: Oricorio|Oricorio-Sensu, M|100\/100\n|move|p2a: Real Pain.|Boomburst|p1a: Oricorio\n|-immune|p1a: Oricorio\n|\n|upkeep\n|turn|10\n|\n|t:|1699215202\n|move|p2a: Real Pain.|Thunderbolt|p1a: Oricorio\n|-supereffective|p1a: Oricorio\n|-damage|p1a: Oricorio|0 fnt\n|faint|p1a: Oricorio\n|\n|upkeep\n|\n|t:|1699215207\n|switch|p1a: Hitmonchan|Hitmonchan, M, tera:Ice|100\/100\n|turn|11\n|\n|t:|1699215210\n|move|p1a: Hitmonchan|Fake Out|p2a: Real Pain.\n|-damage|p2a: Real Pain.|17\/100\n|cant|p2a: Real Pain.|flinch\n|\n|upkeep\n|turn|12\n|\n|t:|1699215215\n|move|p1a: Hitmonchan|Mach Punch|p2a: Real Pain.\n|-resisted|p2a: Real Pain.\n|-damage|p2a: Real Pain.|3\/100\n|move|p2a: Real Pain.|Boomburst|p1a: Hitmonchan\n|-damage|p1a: Hitmonchan|0 fnt\n|faint|p1a: Hitmonchan\n|\n|upkeep\n|\n|t:|1699215222\n|switch|p1a: Lucario|Lucario, F|100\/100\n|turn|13\n|\n|t:|1699215227\n|move|p1a: Lucario|Vacuum Wave|p2a: Real Pain.\n|-resisted|p2a: Real Pain.\n|-damage|p2a: Real Pain.|0 fnt\n|faint|p2a: Real Pain.\n|\n|upkeep\n|\n|t:|1699215233\n|switch|p2a: Free Hugs|Goodra, F, shiny|100\/100\n|turn|14\n|\n|t:|1699215237\n|detailschange|p1a: Lucario|Lucario-Mega, F\n|-mega|p1a: Lucario|Lucario|Lucarionite\n|move|p1a: Lucario|Nasty Plot|p1a: Lucario\n|-boost|p1a: Lucario|spa|2\n|move|p2a: Free Hugs|Flamethrower|p1a: Lucario\n|-supereffective|p1a: Lucario\n|-damage|p1a: Lucario|18\/100\n|-status|p1a: Lucario|brn\n|\n|-damage|p1a: Lucario|12\/100 brn|[from] brn\n|upkeep\n|turn|15\n|\n|t:|1699215247\n|move|p1a: Lucario|Aura Sphere|p2a: Free Hugs\n|-damage|p2a: Free Hugs|19\/100\n|move|p2a: Free Hugs|Flamethrower|p1a: Lucario\n|-supereffective|p1a: Lucario\n|-damage|p1a: Lucario|0 fnt\n|faint|p1a: Lucario\n|\n|upkeep\n|\n|t:|1699215254\n|switch|p1a: Druddigon|Druddigon, F, shiny|100\/100\n|turn|16\n|\n|t:|1699215261\n|move|p2a: Free Hugs|Draco Meteor|p1a: Druddigon\n|-supereffective|p1a: Druddigon\n|-damage|p1a: Druddigon|0 fnt\n|-unboost|p2a: Free Hugs|spa|2\n|faint|p1a: Druddigon\n|\n|win|getrektunub\n|raw|msparks2's rating: 1187 &rarr; <strong>1158<\/strong><br \/>(-29 for losing)\n|raw|getrektunub's rating: 1132 &rarr; <strong>1161<\/strong><br \/>(+29 for winning)\n|c|\u2606getrektunub|gg\n|l|\u2606msparks2\n","uploadtime":1699215466,"views":4,"p1id":"msparks2","p2id":"getrektunub","formatid":"gen9nationaldexubers","rating":1158,"private":0,"password":""}