{"id":"gen9nationaldexubers-1990637506","p1":"Dashu16","p2":"Zake202012","format":"[Gen 9] National Dex Ubers","log":"|j|\u2606Dashu16\n|j|\u2606Zake202012\n|t:|1699987715\n|gametype|singles\n|player|p1|Dashu16|red|1337\n|player|p2|Zake202012|n|1401\n|teamsize|p1|6\n|teamsize|p2|6\n|gen|9\n|tier|[Gen 9] National Dex Ubers\n|rated|\n|rule|HP Percentage Mod: HP is shown in percentages\n|rule|Endless Battle Clause: Forcing endless battles is banned\n|rule|OHKO Clause: OHKO moves are banned\n|rule|Evasion Moves Clause: Evasion moves are banned\n|rule|Evasion Items Clause: Evasion items are banned\n|rule|Species Clause: Limit one of each Pok\u00e9mon\n|rule|Sleep Clause Mod: Limit one foe put to sleep\n|rule|Mega Rayquaza Clause: You cannot mega evolve Rayquaza\n|clearpoke\n|poke|p1|Darkrai|\n|poke|p1|Xerneas-*|\n|poke|p1|Zygarde|\n|poke|p1|Aron, L1, F|\n|poke|p1|Ditto|\n|poke|p1|Marshadow|\n|poke|p2|Salamence, M|\n|poke|p2|Donphan, M|\n|poke|p2|Kingambit, M|\n|poke|p2|Serperior, M|\n|poke|p2|Zangoose, M|\n|poke|p2|Arcanine-Hisui, M|\n|teampreview\n|inactive|Battle timer is ON: inactive players will automatically lose when time's up. (requested by Zake202012)\n|\n|t:|1699987739\n|start\n|switch|p1a: Aron|Aron, L1, F, shiny|100\/100\n|switch|p2a: Salamence|Salamence, M|100\/100\n|-ability|p2a: Salamence|Intimidate|boost\n|-unboost|p1a: Aron|atk|1\n|turn|1\n|\n|t:|1699987748\n|detailschange|p2a: Salamence|Salamence-Mega, M\n|-mega|p2a: Salamence|Salamence|Salamencite\n|move|p2a: Salamence|Dragon Dance|p2a: Salamence\n|-boost|p2a: Salamence|atk|1\n|-boost|p2a: Salamence|spe|1\n|move|p1a: Aron|Metal Burst||[still]\n|-fail|p1a: Aron\n|\n|upkeep\n|turn|2\n|\n|t:|1699987756\n|move|p2a: Salamence|Dragon Dance|p2a: Salamence\n|-boost|p2a: Salamence|atk|1\n|-boost|p2a: Salamence|spe|1\n|move|p1a: Aron|Endeavor|p2a: Salamence\n|-damage|p2a: Salamence|4\/100\n|\n|upkeep\n|turn|3\n|\n|t:|1699987765\n|move|p2a: Salamence|Return|p1a: Aron\n|-resisted|p1a: Aron\n|-ability|p1a: Aron|Sturdy\n|-damage|p1a: Aron|9\/100\n|move|p1a: Aron|Sandstorm|p1a: Aron\n|-weather|Sandstorm\n|\n|-weather|Sandstorm|[upkeep]\n|-damage|p2a: Salamence|0 fnt|[from] Sandstorm\n|faint|p2a: Salamence\n|upkeep\n|\n|t:|1699987769\n|switch|p2a: Zangoose|Zangoose, M|100\/100\n|turn|4\n|\n|t:|1699987785\n|move|p2a: Zangoose|Quick Attack|p1a: Aron\n|-resisted|p1a: Aron\n|-damage|p1a: Aron|0 fnt\n|faint|p1a: Aron\n|\n|-weather|Sandstorm|[upkeep]\n|-damage|p2a: Zangoose|95\/100|[from] Sandstorm\n|-status|p2a: Zangoose|tox|[from] item: Toxic Orb\n|upkeep\n|\n|t:|1699987793\n|switch|p1a: Marshadow|Marshadow|100\/100\n|turn|5\n|\n|t:|1699987811\n|move|p1a: Marshadow|Low Kick|p2a: Zangoose\n|-supereffective|p2a: Zangoose\n|-damage|p2a: Zangoose|0 fnt\n|faint|p2a: Zangoose\n|\n|-weather|Sandstorm|[upkeep]\n|-damage|p1a: Marshadow|94\/100|[from] Sandstorm\n|upkeep\n|\n|t:|1699987821\n|switch|p2a: Kingambit|Kingambit, M|100\/100\n|-activate|p2a: Kingambit|ability: Supreme Overlord\n|-start|p2a: Kingambit|fallen2|[silent]\n|turn|6\n|\n|t:|1699987835\n|switch|p1a: Ditto|Ditto, shiny|100\/100\n|-transform|p1a: Ditto|p2a: Kingambit|[from] ability: Imposter\n|-activate|p1a: Ditto|ability: Supreme Overlord\n|-start|p1a: Ditto|fallen1|[silent]\n|-terastallize|p2a: Kingambit|Ghost\n|move|p2a: Kingambit|Swords Dance|p2a: Kingambit\n|-boost|p2a: Kingambit|atk|2\n|\n|-weather|Sandstorm|[upkeep]\n|-damage|p2a: Kingambit|94\/100|[from] Sandstorm\n|-heal|p2a: Kingambit|100\/100|[from] item: Leftovers\n|upkeep\n|turn|7\n|\n|t:|1699987851\n|move|p1a: Ditto|Sucker Punch||[still]\n|-fail|p1a: Ditto\n|move|p2a: Kingambit|Swords Dance|p2a: Kingambit\n|-boost|p2a: Kingambit|atk|2\n|\n|-weather|none\n|upkeep\n|turn|8\n|\n|t:|1699987859\n|-end|p2a: Kingambit|fallen2|[silent]\n|switch|p2a: Serperior|Serperior, M|100\/100\n|move|p1a: Ditto|Sucker Punch||[still]\n|-fail|p1a: Ditto\n|\n|upkeep\n|turn|9\n|\n|t:|1699987868\n|move|p2a: Serperior|Substitute|p2a: Serperior\n|-start|p2a: Serperior|Substitute\n|-damage|p2a: Serperior|76\/100\n|move|p1a: Ditto|Low Kick|p2a: Serperior\n|-end|p2a: Serperior|Substitute\n|\n|-heal|p2a: Serperior|82\/100|[from] item: Leftovers\n|upkeep\n|turn|10\n|\n|t:|1699987876\n|move|p2a: Serperior|Substitute|p2a: Serperior\n|-start|p2a: Serperior|Substitute\n|-damage|p2a: Serperior|57\/100\n|move|p1a: Ditto|Low Kick|p2a: Serperior\n|-end|p2a: Serperior|Substitute\n|\n|-heal|p2a: Serperior|63\/100|[from] item: Leftovers\n|upkeep\n|turn|11\n|\n|t:|1699987885\n|move|p2a: Serperior|Leech Seed|p1a: Ditto\n|-start|p1a: Ditto|move: Leech Seed\n|move|p1a: Ditto|Low Kick|p2a: Serperior\n|-damage|p2a: Serperior|17\/100\n|\n|-heal|p2a: Serperior|24\/100|[from] item: Leftovers\n|-damage|p1a: Ditto|88\/100|[from] Leech Seed|[of] p2a: Serperior\n|-heal|p2a: Serperior|36\/100|[silent]\n|upkeep\n|turn|12\n|\n|t:|1699987896\n|move|p2a: Serperior|Substitute|p2a: Serperior\n|-start|p2a: Serperior|Substitute\n|-damage|p2a: Serperior|11\/100\n|move|p1a: Ditto|Swords Dance|p1a: Ditto\n|-boost|p1a: Ditto|atk|2\n|\n|-heal|p2a: Serperior|18\/100|[from] item: Leftovers\n|-damage|p1a: Ditto|76\/100|[from] Leech Seed|[of] p2a: Serperior\n|-heal|p2a: Serperior|30\/100|[silent]\n|upkeep\n|turn|13\n|\n|t:|1699987907\n|move|p2a: Serperior|Glare|p1a: Ditto\n|-status|p1a: Ditto|par\n|move|p1a: Ditto|Iron Head|p2a: Serperior\n|-end|p2a: Serperior|Substitute\n|\n|-heal|p2a: Serperior|37\/100|[from] item: Leftovers\n|-damage|p1a: Ditto|63\/100 par|[from] Leech Seed|[of] p2a: Serperior\n|-heal|p2a: Serperior|49\/100|[silent]\n|upkeep\n|turn|14\n|\n|t:|1699987919\n|move|p2a: Serperior|Substitute|p2a: Serperior\n|-start|p2a: Serperior|Substitute\n|-damage|p2a: Serperior|25\/100\n|move|p1a: Ditto|Low Kick|p2a: Serperior\n|-end|p2a: Serperior|Substitute\n|\n|-heal|p2a: Serperior|31\/100|[from] item: Leftovers\n|-damage|p1a: Ditto|51\/100 par|[from] Leech Seed|[of] p2a: Serperior\n|-heal|p2a: Serperior|43\/100|[silent]\n|upkeep\n|turn|15\n|\n|t:|1699987928\n|move|p2a: Serperior|Substitute|p2a: Serperior\n|-start|p2a: Serperior|Substitute\n|-damage|p2a: Serperior|19\/100\n|cant|p1a: Ditto|par\n|\n|-heal|p2a: Serperior|25\/100|[from] item: Leftovers\n|-damage|p1a: Ditto|39\/100 par|[from] Leech Seed|[of] p2a: Serperior\n|-heal|p2a: Serperior|38\/100|[silent]\n|upkeep\n|turn|16\n|\n|t:|1699987939\n|-end|p1a: Ditto|fallen1|[silent]\n|switch|p1a: Xerneas|Xerneas, shiny|100\/100\n|-ability|p1a: Xerneas|Fairy Aura\n|move|p2a: Serperior|Leaf Storm|p1a: Xerneas\n|-damage|p1a: Xerneas|62\/100\n|-boost|p2a: Serperior|spa|2\n|\n|-heal|p2a: Serperior|44\/100|[from] item: Leftovers\n|upkeep\n|turn|17\n|\n|t:|1699987954\n|move|p2a: Serperior|Glare|p1a: Xerneas\n|-status|p1a: Xerneas|par\n|move|p1a: Xerneas|Geomancy||[still]\n|-prepare|p1a: Xerneas|Geomancy\n|-enditem|p1a: Xerneas|Power Herb\n|-anim|p1a: Xerneas|Geomancy|p1a: Xerneas\n|-boost|p1a: Xerneas|spa|2\n|-boost|p1a: Xerneas|spd|2\n|-boost|p1a: Xerneas|spe|2\n|\n|-heal|p2a: Serperior|50\/100|[from] item: Leftovers\n|upkeep\n|turn|18\n|\n|t:|1699987971\n|move|p2a: Serperior|Leaf Storm|p1a: Xerneas\n|-damage|p1a: Xerneas|19\/100 par\n|-boost|p2a: Serperior|spa|2\n|move|p1a: Xerneas|Moonblast|p2a: Serperior\n|-end|p2a: Serperior|Substitute\n|\n|-heal|p2a: Serperior|56\/100|[from] item: Leftovers\n|upkeep\n|turn|19\n|\n|t:|1699987981\n|move|p2a: Serperior|Substitute|p2a: Serperior\n|-start|p2a: Serperior|Substitute\n|-damage|p2a: Serperior|31\/100\n|move|p1a: Xerneas|Moonblast|p2a: Serperior\n|-end|p2a: Serperior|Substitute\n|\n|-heal|p2a: Serperior|38\/100|[from] item: Leftovers\n|upkeep\n|turn|20\n|\n|t:|1699987990\n|move|p2a: Serperior|Leaf Storm|p1a: Xerneas\n|-damage|p1a: Xerneas|0 fnt\n|-boost|p2a: Serperior|spa|2\n|faint|p1a: Xerneas\n|\n|-heal|p2a: Serperior|44\/100|[from] item: Leftovers\n|upkeep\n|\n|t:|1699987998\n|switch|p1a: Ditto|Ditto, shiny|39\/100 par\n|-transform|p1a: Ditto|p2a: Serperior|[from] ability: Imposter\n|turn|21\n|\n|t:|1699988004\n|move|p2a: Serperior|Substitute|p2a: Serperior\n|-start|p2a: Serperior|Substitute\n|-damage|p2a: Serperior|19\/100\n|cant|p1a: Ditto|par\n|\n|-heal|p2a: Serperior|25\/100|[from] item: Leftovers\n|upkeep\n|turn|22\n|\n|t:|1699988012\n|move|p2a: Serperior|Leaf Storm|p1a: Ditto\n|-resisted|p1a: Ditto\n|-damage|p1a: Ditto|0 fnt\n|faint|p1a: Ditto\n|\n|-heal|p2a: Serperior|31\/100|[from] item: Leftovers\n|upkeep\n|\n|t:|1699988026\n|switch|p1a: Darkrai|Darkrai, shiny|100\/100\n|turn|23\n|\n|t:|1699988031\n|move|p1a: Darkrai|Dark Void||[still]\n|-fail|p1a: Darkrai\n|move|p2a: Serperior|Leaf Storm|p1a: Darkrai\n|-damage|p1a: Darkrai|0 fnt\n|faint|p1a: Darkrai\n|\n|-heal|p2a: Serperior|38\/100|[from] item: Leftovers\n|upkeep\n|\n|t:|1699988041\n|switch|p1a: Marshadow|Marshadow|94\/100\n|turn|24\n|\n|t:|1699988045\n|move|p2a: Serperior|Leaf Storm|p1a: Marshadow\n|-damage|p1a: Marshadow|0 fnt\n|faint|p1a: Marshadow\n|\n|-heal|p2a: Serperior|44\/100|[from] item: Leftovers\n|upkeep\n|\n|t:|1699988052\n|switch|p1a: Zygarde|Zygarde, shiny|100\/100\n|turn|25\n|\n|t:|1699988058\n|move|p2a: Serperior|Leaf Storm|p1a: Zygarde\n|-damage|p1a: Zygarde|0 fnt\n|faint|p1a: Zygarde\n|\n|win|Zake202012\n|raw|Dashu16's rating: 1337 &rarr; <strong>1321<\/strong><br \/>(-16 for losing)\n|raw|Zake202012's rating: 1401 &rarr; <strong>1417<\/strong><br \/>(+16 for winning)\n|l|\u2606Dashu16\n|l|\u2606Zake202012\n|j|\u2606Zake202012\n|player|p2|Zake202012|n\n","uploadtime":1699988071,"views":20,"p1id":"dashu16","p2id":"zake202012","formatid":"gen9nationaldexubers","rating":1321,"private":0,"password":""}