{"id":"gen9nationaldexubers-1994979496","p1":"A Simple Worm","p2":"Saruman2830","format":"[Gen 9] National Dex Ubers","log":"|j|\u2606A Simple Worm\n|j|\u2606Saruman2830\n|t:|1700510034\n|gametype|singles\n|player|p1|A Simple Worm|youngcouple-gen4dp|\n|player|p2|Saruman2830|lucas|\n|teamsize|p1|6\n|teamsize|p2|6\n|gen|9\n|tier|[Gen 9] National Dex Ubers\n|rule|HP Percentage Mod: HP is shown in percentages\n|rule|Endless Battle Clause: Forcing endless battles is banned\n|rule|OHKO Clause: OHKO moves are banned\n|rule|Evasion Moves Clause: Evasion moves are banned\n|rule|Evasion Items Clause: Evasion items are banned\n|rule|Species Clause: Limit one of each Pok\u00e9mon\n|rule|Sleep Clause Mod: Limit one foe put to sleep\n|rule|Mega Rayquaza Clause: You cannot mega evolve Rayquaza\n|clearpoke\n|poke|p1|Chandelure, M|\n|poke|p1|Mamoswine, M|\n|poke|p1|Shaymin-Sky|\n|poke|p1|Ursaluna-Bloodmoon, M|\n|poke|p1|Ogerpon, F|\n|poke|p1|Darkrai|\n|poke|p2|Conkeldurr, M|\n|poke|p2|Infernape, F|\n|poke|p2|Ogerpon-Wellspring, F|\n|poke|p2|Victreebel, M|\n|poke|p2|Empoleon, F|\n|poke|p2|Ribombee, M|\n|teampreview\n|inactive|Battle timer is ON: inactive players will automatically lose when time's up. (requested by Saruman2830)\n|c|\u2606Saruman2830|glhf!\n|c|\u2606A Simple Worm|Dont ask how\n|c|\u2606A Simple Worm|\ud83d\ude2d\n|c|\u2606Saruman2830|Lol\n|c|\u2606A Simple Worm|NOOO OGREPON HAS NO NAME\n|inactive|A Simple Worm has 270 seconds left.\n|c|\u2606A Simple Worm|im depressed now\n|c|\u2606Saruman2830|Name it rq lol\n|\n|t:|1700510075\n|start\n|switch|p1a: Im a Bit Docile|Mamoswine, M|100\/100\n|switch|p2a: Beckett|Ribombee, M|100\/100\n|turn|1\n|\n|t:|1700510083\n|move|p2a: Beckett|Sticky Web|p1a: Im a Bit Docile\n|-sidestart|p1: A Simple Worm|move: Sticky Web\n|move|p1a: Im a Bit Docile|Stealth Rock|p2a: Beckett\n|-sidestart|p2: Saruman2830|move: Stealth Rock\n|\n|upkeep\n|turn|2\n|\n|t:|1700510090\n|move|p2a: Beckett|Stun Spore|p1a: Im a Bit Docile\n|-status|p1a: Im a Bit Docile|par\n|move|p1a: Im a Bit Docile|Icicle Crash|p2a: Beckett\n|-enditem|p2a: Beckett|Focus Sash\n|-damage|p2a: Beckett|1\/100\n|-damage|p1a: Im a Bit Docile|91\/100 par|[from] item: Life Orb\n|\n|upkeep\n|turn|3\n|\n|t:|1700510096\n|move|p1a: Im a Bit Docile|Ice Shard|p2a: Beckett\n|-damage|p2a: Beckett|0 fnt\n|faint|p2a: Beckett\n|-damage|p1a: Im a Bit Docile|81\/100 par|[from] item: Life Orb\n|\n|upkeep\n|\n|t:|1700510103\n|switch|p2a: Azure|Ogerpon-Wellspring, F|100\/100\n|-damage|p2a: Azure|88\/100|[from] Stealth Rock\n|turn|4\n|\n|t:|1700510113\n|switch|p1a: Really Sassy|Shaymin-Sky|100\/100\n|move|p2a: Azure|U-turn|p1a: Really Sassy\n|-damage|p1a: Really Sassy|63\/100\n|\n|t:|1700510124\n|switch|p2a: Celia|Empoleon, F|100\/100|[from] U-turn\n|-damage|p2a: Celia|94\/100|[from] Stealth Rock\n|\n|-heal|p2a: Celia|100\/100|[from] item: Leftovers\n|upkeep\n|turn|5\n|\n|t:|1700510144\n|move|p1a: Really Sassy|Seed Flare|p2a: Celia\n|-damage|p2a: Celia|59\/100\n|-unboost|p2a: Celia|spd|2\n|-ability|p2a: Celia|Competitive|boost\n|-boost|p2a: Celia|spa|2\n|move|p2a: Celia|Stealth Rock|p1a: Really Sassy\n|-sidestart|p1: A Simple Worm|move: Stealth Rock\n|\n|-heal|p2a: Celia|65\/100|[from] item: Leftovers\n|upkeep\n|turn|6\n|\n|t:|1700510164\n|switch|p1a: Im a Bit Docile|Mamoswine, M|81\/100 par\n|-activate|p1a: Im a Bit Docile|move: Sticky Web\n|-unboost|p1a: Im a Bit Docile|spe|1\n|-damage|p1a: Im a Bit Docile|68\/100 par|[from] Stealth Rock\n|switch|p2a: Victor|Victreebel, M|100\/100\n|-damage|p2a: Victor|88\/100|[from] Stealth Rock\n|\n|upkeep\n|turn|7\n|\n|t:|1700510180\n|move|p2a: Victor|Giga Drain|p1a: Im a Bit Docile\n|-supereffective|p1a: Im a Bit Docile\n|-damage|p1a: Im a Bit Docile|0 fnt\n|-heal|p2a: Victor|100\/100|[from] drain|[of] p1a: Im a Bit Docile\n|faint|p1a: Im a Bit Docile\n|\n|upkeep\n|\n|t:|1700510187\n|switch|p1a: Ogerpon|Ogerpon, F|100\/100\n|-activate|p1a: Ogerpon|move: Sticky Web\n|-unboost|p1a: Ogerpon|spe|1\n|-ability|p1a: Ogerpon|Defiant|boost\n|-boost|p1a: Ogerpon|atk|2\n|-damage|p1a: Ogerpon|88\/100|[from] Stealth Rock\n|turn|8\n|\n|t:|1700510197\n|-terastallize|p1a: Ogerpon|Grass\n|detailschange|p1a: Ogerpon|Ogerpon-Teal-Tera, F, tera:Grass\n|-ability|p1a: Ogerpon|Embody Aspect (Teal)|boost\n|-boost|p1a: Ogerpon|spe|1\n|move|p1a: Ogerpon|Knock Off|p2a: Victor\n|-damage|p2a: Victor|37\/100\n|-enditem|p2a: Victor|Petaya Berry|[from] move: Knock Off|[of] p1a: Ogerpon\n|move|p2a: Victor|Toxic|p1a: Ogerpon\n|-status|p1a: Ogerpon|tox\n|\n|-damage|p1a: Ogerpon|82\/100 tox|[from] psn\n|upkeep\n|turn|9\n|\n|t:|1700510218\n|move|p1a: Ogerpon|Knock Off|p2a: Victor\n|-damage|p2a: Victor|0 fnt\n|faint|p2a: Victor\n|\n|-damage|p1a: Ogerpon|70\/100 tox|[from] psn\n|upkeep\n|\n|t:|1700510238\n|switch|p2a: Steve|Conkeldurr, M|100\/100\n|-damage|p2a: Steve|94\/100|[from] Stealth Rock\n|turn|10\n|\n|t:|1700510253\n|switch|p1a: Really Sassy|Shaymin-Sky|63\/100\n|-damage|p1a: Really Sassy|38\/100|[from] Stealth Rock\n|move|p2a: Steve|Knock Off|p1a: Really Sassy\n|-damage|p1a: Really Sassy|0 fnt\n|-enditem|p1a: Really Sassy|Choice Scarf|[from] move: Knock Off|[of] p2a: Steve\n|faint|p1a: Really Sassy\n|\n|-status|p2a: Steve|brn|[from] item: Flame Orb\n|upkeep\n|\n|t:|1700510257\n|switch|p1a: Hasty Much?|Chandelure, M|100\/100\n|-activate|p1a: Hasty Much?|move: Sticky Web\n|-unboost|p1a: Hasty Much?|spe|1\n|-damage|p1a: Hasty Much?|76\/100|[from] Stealth Rock\n|turn|11\n|\n|t:|1700510267\n|move|p1a: Hasty Much?|Flamethrower|p2a: Steve\n|-damage|p2a: Steve|31\/100 brn\n|move|p2a: Steve|Knock Off|p1a: Hasty Much?\n|-supereffective|p1a: Hasty Much?\n|-damage|p1a: Hasty Much?|0 fnt\n|-enditem|p1a: Hasty Much?|Leftovers|[from] move: Knock Off|[of] p2a: Steve\n|faint|p1a: Hasty Much?\n|\n|-damage|p2a: Steve|25\/100 brn|[from] brn\n|upkeep\n|\n|t:|1700510272\n|switch|p1a: Ogerpon|Ogerpon-Teal-Tera, F, tera:Grass|70\/100 tox\n|-activate|p1a: Ogerpon|move: Sticky Web\n|-unboost|p1a: Ogerpon|spe|1\n|-damage|p1a: Ogerpon|58\/100 tox|[from] Stealth Rock\n|-ability|p1a: Ogerpon|Embody Aspect (Teal)|boost\n|-boost|p1a: Ogerpon|spe|1\n|turn|12\n|\n|t:|1700510280\n|move|p2a: Steve|Mach Punch|p1a: Ogerpon\n|-damage|p1a: Ogerpon|8\/100 tox\n|move|p1a: Ogerpon|Play Rough|p2a: Steve\n|-supereffective|p2a: Steve\n|-damage|p2a: Steve|0 fnt\n|faint|p2a: Steve\n|\n|-damage|p1a: Ogerpon|2\/100 tox|[from] psn\n|upkeep\n|\n|t:|1700510287\n|switch|p2a: Celia|Empoleon, F|65\/100\n|-damage|p2a: Celia|59\/100|[from] Stealth Rock\n|turn|13\n|\n|t:|1700510295\n|move|p1a: Ogerpon|Ivy Cudgel|p2a: Celia\n|-damage|p2a: Celia|0 fnt\n|faint|p2a: Celia\n|\n|-damage|p1a: Ogerpon|0 fnt|[from] psn\n|faint|p1a: Ogerpon\n|upkeep\n|c|\u2606Saruman2830|oh I thought it was banded\n|\n|t:|1700510312\n|switch|p1a: Naughty Or Nice|Darkrai|100\/100\n|switch|p2a: Azure|Ogerpon-Wellspring, F|88\/100\n|-activate|p1a: Naughty Or Nice|move: Sticky Web\n|-unboost|p1a: Naughty Or Nice|spe|1\n|-damage|p1a: Naughty Or Nice|88\/100|[from] Stealth Rock\n|-damage|p2a: Azure|76\/100|[from] Stealth Rock\n|turn|14\n|\n|t:|1700510319\n|move|p2a: Azure|U-turn|p1a: Naughty Or Nice\n|-supereffective|p1a: Naughty Or Nice\n|-damage|p1a: Naughty Or Nice|19\/100\n|\n|t:|1700510322\n|switch|p2a: Liz|Infernape, F|100\/100|[from] U-turn\n|-damage|p2a: Liz|88\/100|[from] Stealth Rock\n|move|p1a: Naughty Or Nice|Thunderbolt|p2a: Liz\n|-damage|p2a: Liz|24\/100\n|-damage|p1a: Naughty Or Nice|9\/100|[from] item: Life Orb\n|\n|-heal|p2a: Liz|31\/100|[from] item: Leftovers\n|upkeep\n|turn|15\n|\n|t:|1700510332\n|move|p2a: Liz|Substitute|p2a: Liz\n|-start|p2a: Liz|Substitute\n|-damage|p2a: Liz|6\/100\n|move|p1a: Naughty Or Nice|Thunderbolt|p2a: Liz\n|-crit|p2a: Liz\n|-end|p2a: Liz|Substitute\n|-damage|p1a: Naughty Or Nice|0 fnt|[from] item: Life Orb\n|faint|p1a: Naughty Or Nice\n|\n|-heal|p2a: Liz|12\/100|[from] item: Leftovers\n|upkeep\n|\n|t:|1700510336\n|switch|p1a: Quiet Kid|Ursaluna-Bloodmoon, M|100\/100\n|-activate|p1a: Quiet Kid|move: Sticky Web\n|-unboost|p1a: Quiet Kid|spe|1\n|-damage|p1a: Quiet Kid|94\/100|[from] Stealth Rock\n|turn|16\n|\n|t:|1700510343\n|move|p2a: Liz|Nasty Plot|p2a: Liz\n|-boost|p2a: Liz|spa|2\n|move|p1a: Quiet Kid|Earth Power|p2a: Liz\n|-supereffective|p2a: Liz\n|-damage|p2a: Liz|0 fnt\n|faint|p2a: Liz\n|\n|-heal|p1a: Quiet Kid|100\/100|[from] item: Leftovers\n|upkeep\n|\n|t:|1700510347\n|switch|p2a: Azure|Ogerpon-Wellspring, F|76\/100\n|-damage|p2a: Azure|64\/100|[from] Stealth Rock\n|turn|17\n|\n|t:|1700510356\n|-terastallize|p2a: Azure|Water\n|detailschange|p2a: Azure|Ogerpon-Wellspring-Tera, F, tera:Water\n|-ability|p2a: Azure|Embody Aspect (Wellspring)|boost\n|-boost|p2a: Azure|spd|1\n|move|p2a: Azure|Ivy Cudgel|p1a: Quiet Kid|[anim] Ivy Cudgel Water\n|-supereffective|p1a: Quiet Kid\n|-damage|p1a: Quiet Kid|0 fnt\n|faint|p1a: Quiet Kid\n|\n|win|Saruman2830\n|c|\u2606Saruman2830|ggwp\n|c|\u2606A Simple Worm|Damn\n|c|\u2606A Simple Worm|0-1\n|c|\u2606Saruman2830|ursaluna was crazy\n|c|\u2606Saruman2830|what were your natures\n","uploadtime":1700510387,"views":4,"p1id":"asimpleworm","p2id":"saruman2830","formatid":"gen9nationaldexubers","rating":0,"private":0,"password":""}