{"id":"gen9nationaldexubers-1999295424","p1":"Theimpactassault","p2":"d1009","format":"[Gen 9] National Dex Ubers","log":"|j|\u2606Theimpactassault\n|j|\u2606d1009\n|t:|1701056392\n|gametype|singles\n|player|p1|Theimpactassault|hilda|1472\n|player|p2|d1009|101|1427\n|teamsize|p1|6\n|teamsize|p2|6\n|gen|9\n|tier|[Gen 9] National Dex Ubers\n|rated|\n|rule|HP Percentage Mod: HP is shown in percentages\n|rule|Endless Battle Clause: Forcing endless battles is banned\n|rule|OHKO Clause: OHKO moves are banned\n|rule|Evasion Moves Clause: Evasion moves are banned\n|rule|Evasion Items Clause: Evasion items are banned\n|rule|Species Clause: Limit one of each Pok\u00e9mon\n|rule|Sleep Clause Mod: Limit one foe put to sleep\n|rule|Mega Rayquaza Clause: You cannot mega evolve Rayquaza\n|clearpoke\n|poke|p1|Chi-Yu|\n|poke|p1|Chien-Pao|\n|poke|p1|Zacian-*|\n|poke|p1|Eternatus|\n|poke|p1|Marshadow|\n|poke|p1|Arceus|\n|poke|p2|Arceus|\n|poke|p2|Kyurem-White|\n|poke|p2|Magearna|\n|poke|p2|Zygarde|\n|poke|p2|Zacian-*|\n|poke|p2|Jirachi|\n|teampreview\n|inactive|Battle timer is ON: inactive players will automatically lose when time's up. (requested by d1009)\n|\n|t:|1701056407\n|start\n|switch|p1a: Zacian|Zacian-Crowned|100\/100\n|switch|p2a: Kyurem|Kyurem-White|100\/100\n|-ability|p1a: Zacian|Intrepid Sword|boost\n|-boost|p1a: Zacian|atk|1\n|-ability|p2a: Kyurem|Turboblaze\n|turn|1\n|\n|t:|1701056416\n|switch|p2a: Jirachi|Jirachi|100\/100\n|move|p1a: Zacian|Swords Dance|p1a: Zacian\n|-boost|p1a: Zacian|atk|2\n|\n|upkeep\n|turn|2\n|\n|t:|1701056424\n|-terastallize|p1a: Zacian|Steel\n|move|p2a: Jirachi|Iron Head|p1a: Zacian\n|-resisted|p1a: Zacian\n|-damage|p1a: Zacian|85\/100\n|move|p1a: Zacian|Behemoth Blade|p2a: Jirachi\n|-resisted|p2a: Jirachi\n|-damage|p2a: Jirachi|1\/100\n|\n|upkeep\n|turn|3\n|\n|t:|1701056433\n|move|p2a: Jirachi|Iron Head|p1a: Zacian\n|-resisted|p1a: Zacian\n|-damage|p1a: Zacian|69\/100\n|move|p1a: Zacian|Behemoth Blade|p2a: Jirachi\n|-resisted|p2a: Jirachi\n|-damage|p2a: Jirachi|0 fnt\n|faint|p2a: Jirachi\n|\n|upkeep\n|\n|t:|1701056444\n|switch|p2a: Zacian|Zacian-Crowned|100\/100\n|-ability|p2a: Zacian|Intrepid Sword|boost\n|-boost|p2a: Zacian|atk|1\n|turn|4\n|\n|t:|1701056449\n|move|p2a: Zacian|Close Combat|p1a: Zacian\n|-supereffective|p1a: Zacian\n|-damage|p1a: Zacian|0 fnt\n|-unboost|p2a: Zacian|def|1\n|-unboost|p2a: Zacian|spd|1\n|faint|p1a: Zacian\n|\n|upkeep\n|\n|t:|1701056453\n|switch|p1a: Marshadow|Marshadow|100\/100\n|turn|5\n|\n|t:|1701056459\n|move|p2a: Zacian|Play Rough|p1a: Marshadow\n|-supereffective|p1a: Marshadow\n|-enditem|p1a: Marshadow|Focus Sash\n|-damage|p1a: Marshadow|1\/100\n|move|p1a: Marshadow|Spectral Thief||[still]\n|-clearpositiveboost|p2a: Zacian|p1a: Marshadow|move: Spectral Thief\n|-boost|p1a: Marshadow|atk|1\n|-anim|p1a: Marshadow|Spectral Thief|p2a: Zacian\n|-damage|p2a: Zacian|5\/100\n|\n|upkeep\n|turn|6\n|\n|t:|1701056475\n|switch|p2a: Zygarde|Zygarde|100\/100\n|move|p1a: Marshadow|Shadow Sneak|p2a: Zygarde\n|-damage|p2a: Zygarde|65\/100\n|\n|-heal|p2a: Zygarde|71\/100|[from] item: Leftovers\n|upkeep\n|turn|7\n|\n|t:|1701056483\n|move|p1a: Marshadow|Ice Punch|p2a: Zygarde\n|-supereffective|p2a: Zygarde\n|-damage|p2a: Zygarde|0 fnt\n|faint|p2a: Zygarde\n|\n|upkeep\n|\n|t:|1701056492\n|switch|p2a: Magearna|Magearna|100\/100\n|turn|8\n|\n|t:|1701056497\n|move|p1a: Marshadow|Spectral Thief|p2a: Magearna\n|-damage|p2a: Magearna|32\/100\n|move|p2a: Magearna|Shift Gear|p2a: Magearna\n|-boost|p2a: Magearna|spe|2\n|-boost|p2a: Magearna|atk|1\n|\n|-heal|p2a: Magearna|38\/100|[from] item: Leftovers\n|upkeep\n|turn|9\n|\n|t:|1701056508\n|move|p1a: Marshadow|Shadow Sneak|p2a: Magearna\n|-damage|p2a: Magearna|0 fnt\n|faint|p2a: Magearna\n|\n|upkeep\n|\n|t:|1701056514\n|switch|p2a: Arceus|Arceus|100\/100\n|turn|10\n|\n|t:|1701056521\n|-terastallize|p2a: Arceus|Poison\n|move|p1a: Marshadow|Drain Punch|p2a: Arceus\n|-resisted|p2a: Arceus\n|-damage|p2a: Arceus|80\/100\n|-heal|p1a: Marshadow|15\/100|[from] drain|[of] p2a: Arceus\n|move|p2a: Arceus|Stored Power|p1a: Marshadow\n|-supereffective|p1a: Marshadow\n|-damage|p1a: Marshadow|2\/100\n|\n|-heal|p2a: Arceus|86\/100|[from] item: Leftovers\n|upkeep\n|turn|11\n|\n|t:|1701056533\n|move|p1a: Marshadow|Spectral Thief|p2a: Arceus\n|-crit|p2a: Arceus\n|-damage|p2a: Arceus|13\/100\n|move|p2a: Arceus|Stored Power|p1a: Marshadow\n|-supereffective|p1a: Marshadow\n|-crit|p1a: Marshadow\n|-damage|p1a: Marshadow|0 fnt\n|faint|p1a: Marshadow\n|\n|-heal|p2a: Arceus|19\/100|[from] item: Leftovers\n|upkeep\n|\n|t:|1701056541\n|switch|p1a: Arceus|Arceus|100\/100\n|turn|12\n|\n|t:|1701056549\n|move|p2a: Arceus|Recover|p2a: Arceus\n|-heal|p2a: Arceus|69\/100\n|move|p1a: Arceus|Swords Dance|p1a: Arceus\n|-boost|p1a: Arceus|atk|2\n|\n|-heal|p2a: Arceus|75\/100|[from] item: Leftovers\n|upkeep\n|turn|13\n|\n|t:|1701056557\n|move|p1a: Arceus|Extreme Speed|p2a: Arceus\n|-damage|p2a: Arceus|10\/100\n|move|p2a: Arceus|Cosmic Power|p2a: Arceus\n|-boost|p2a: Arceus|def|1\n|-boost|p2a: Arceus|spd|1\n|\n|-heal|p2a: Arceus|16\/100|[from] item: Leftovers\n|upkeep\n|turn|14\n|\n|t:|1701056567\n|move|p1a: Arceus|Extreme Speed|p2a: Arceus\n|-damage|p2a: Arceus|0 fnt\n|faint|p2a: Arceus\n|\n|upkeep\n|-message|d1009 forfeited.\n|\n|win|Theimpactassault\n|raw|Theimpactassault's rating: 1472 &rarr; <strong>1489<\/strong><br \/>(+17 for winning)\n|raw|d1009's rating: 1427 &rarr; <strong>1410<\/strong><br \/>(-17 for losing)\n|l|\u2606d1009\n","uploadtime":1701056579,"views":3,"p1id":"theimpactassault","p2id":"d1009","formatid":"gen9nationaldexubers","rating":1410,"private":0,"password":""}