{"id":"gen9nationaldexubers-1986049165","p1":"Hanson Chinese","p2":"1 em trach thu","format":"[Gen 9] National Dex Ubers","log":"|j|\u2606Hanson Chinese\n|j|\u26061 em trach thu\n|t:|1699443838\n|gametype|singles\n|player|p1|Hanson Chinese|sabrina|1649\n|player|p2|1 em trach thu|1|1603\n|teamsize|p1|6\n|teamsize|p2|6\n|gen|9\n|tier|[Gen 9] National Dex Ubers\n|rated|\n|rule|HP Percentage Mod: HP is shown in percentages\n|rule|Endless Battle Clause: Forcing endless battles is banned\n|rule|OHKO Clause: OHKO moves are banned\n|rule|Evasion Moves Clause: Evasion moves are banned\n|rule|Evasion Items Clause: Evasion items are banned\n|rule|Species Clause: Limit one of each Pok\u00e9mon\n|rule|Sleep Clause Mod: Limit one foe put to sleep\n|rule|Mega Rayquaza Clause: You cannot mega evolve Rayquaza\n|clearpoke\n|poke|p1|Dondozo, M|\n|poke|p1|Chansey, F|\n|poke|p1|Gliscor, M|\n|poke|p1|Glimmora, M|\n|poke|p1|Arceus-Flying|\n|poke|p1|Zacian-*|\n|poke|p2|Kyogre|\n|poke|p2|Groudon|\n|poke|p2|Zacian-*|\n|poke|p2|Arceus|\n|poke|p2|Rayquaza|\n|poke|p2|Banette, M|\n|teampreview\n|inactive|Battle timer is ON: inactive players will automatically lose when time's up. (requested by 1 em trach thu)\n|\n|t:|1699443847\n|start\n|switch|p1a: Glimmora|Glimmora, M|100\/100\n|switch|p2a: Rayquaza|Rayquaza|100\/100\n|-ability|p2a: Rayquaza|Air Lock\n|turn|1\n|\n|t:|1699443855\n|move|p2a: Rayquaza|Surf|p1a: Glimmora\n|-supereffective|p1a: Glimmora\n|-damage|p1a: Glimmora|6\/100\n|move|p1a: Glimmora|Stealth Rock|p2a: Rayquaza\n|-sidestart|p2: 1 em trach thu|move: Stealth Rock\n|\n|upkeep\n|turn|2\n|\n|t:|1699443865\n|switch|p1a: Arceus|Arceus-Flying|100\/100\n|move|p2a: Rayquaza|Surf|p1a: Arceus\n|-damage|p1a: Arceus|80\/100\n|\n|upkeep\n|turn|3\n|\n|t:|1699443874\n|switch|p2a: Arceus|Arceus|100\/100\n|-damage|p2a: Arceus|88\/100|[from] Stealth Rock\n|move|p1a: Arceus|Judgment|p2a: Arceus\n|-damage|p2a: Arceus|50\/100\n|\n|-heal|p2a: Arceus|56\/100|[from] item: Leftovers\n|upkeep\n|turn|4\n|\n|t:|1699443884\n|move|p1a: Arceus|Taunt|p2a: Arceus\n|-start|p2a: Arceus|move: Taunt\n|cant|p2a: Arceus|move: Taunt|Defog\n|\n|-heal|p2a: Arceus|62\/100|[from] item: Leftovers\n|upkeep\n|turn|5\n|\n|t:|1699443898\n|move|p2a: Arceus|Extreme Speed|p1a: Arceus\n|-damage|p1a: Arceus|59\/100\n|move|p1a: Arceus|Judgment|p2a: Arceus\n|-damage|p2a: Arceus|25\/100\n|\n|-heal|p2a: Arceus|31\/100|[from] item: Leftovers\n|upkeep\n|turn|6\n|\n|t:|1699443909\n|move|p2a: Arceus|Extreme Speed|p1a: Arceus\n|-damage|p1a: Arceus|38\/100\n|move|p1a: Arceus|Judgment|p2a: Arceus\n|-damage|p2a: Arceus|0 fnt\n|faint|p2a: Arceus\n|\n|upkeep\n|\n|t:|1699443924\n|switch|p2a: Groudon|Groudon|100\/100\n|-damage|p2a: Groudon|94\/100|[from] Stealth Rock\n|detailschange|p2a: Groudon|Groudon-Primal\n|-primal|p2a: Groudon|Red Orb\n|-weather|DesolateLand|[from] ability: Desolate Land|[of] p2a: Groudon\n|turn|7\n|\n|t:|1699443931\n|move|p1a: Arceus|Reflect|p1a: Arceus\n|-sidestart|p1: Hanson Chinese|Reflect\n|move|p2a: Groudon|Rock Tomb|p1a: Arceus\n|-supereffective|p1a: Arceus\n|-damage|p1a: Arceus|19\/100\n|-unboost|p1a: Arceus|spe|1\n|\n|-weather|DesolateLand|[upkeep]\n|upkeep\n|turn|8\n|\n|t:|1699443939\n|switch|p1a: Glimmora|Glimmora, M|6\/100\n|move|p2a: Groudon|Heat Crash|p1a: Glimmora\n|-resisted|p1a: Glimmora\n|-damage|p1a: Glimmora|0 fnt\n|-activate|p1a: Glimmora|ability: Toxic Debris\n|-sidestart|p2: 1 em trach thu|move: Toxic Spikes\n|faint|p1a: Glimmora\n|\n|-weather|DesolateLand|[upkeep]\n|upkeep\n|\n|t:|1699443942\n|switch|p1a: Gliscor|Gliscor, M, shiny|100\/100\n|turn|9\n|\n|t:|1699443954\n|move|p1a: Gliscor|Toxic|p2a: Groudon\n|-status|p2a: Groudon|tox\n|move|p2a: Groudon|Heat Crash|p1a: Gliscor\n|-damage|p1a: Gliscor|47\/100\n|\n|-weather|DesolateLand|[upkeep]\n|-damage|p2a: Groudon|88\/100 tox|[from] psn\n|-status|p1a: Gliscor|tox|[from] item: Toxic Orb\n|upkeep\n|turn|10\n|\n|t:|1699443975\n|-weather|none\n|switch|p2a: Kyogre|Kyogre|100\/100\n|-damage|p2a: Kyogre|88\/100|[from] Stealth Rock\n|-status|p2a: Kyogre|psn\n|detailschange|p2a: Kyogre|Kyogre-Primal\n|-primal|p2a: Kyogre|Blue Orb\n|-weather|PrimordialSea|[from] ability: Primordial Sea|[of] p2a: Kyogre\n|move|p1a: Gliscor|Protect||[still]\n|-fail|p1a: Gliscor\n|\n|-weather|PrimordialSea|[upkeep]\n|-damage|p2a: Kyogre|76\/100 psn|[from] psn\n|-heal|p1a: Gliscor|59\/100 tox|[from] ability: Poison Heal\n|upkeep\n|turn|11\n|\n|t:|1699443989\n|switch|p1a: Chansey|Chansey, F|100\/100\n|move|p2a: Kyogre|Surf|p1a: Chansey\n|-damage|p1a: Chansey|79\/100\n|\n|-weather|PrimordialSea|[upkeep]\n|-damage|p2a: Kyogre|64\/100 psn|[from] psn\n|-sideend|p1: Hanson Chinese|Reflect\n|upkeep\n|turn|12\n|-message|1 em trach thu forfeited.\n|\n|win|Hanson Chinese\n|raw|Hanson Chinese's rating: 1649 &rarr; <strong>1666<\/strong><br \/>(+17 for winning)\n|raw|1 em trach thu's rating: 1603 &rarr; <strong>1586<\/strong><br \/>(-17 for losing)\n|l|\u26061 em trach thu\n|l|\u2606Hanson Chinese\n","uploadtime":1699444024,"views":6,"p1id":"hansonchinese","p2id":"1emtrachthu","formatid":"gen9nationaldexubers","rating":1586,"private":0,"password":""}