{"id":"gen9nationaldexubers-1981905249","p1":"yzeetgnuy","p2":"AT183","format":"[Gen 9] National Dex Ubers","log":"|j|\u2606yzeetgnuy\n|j|\u2606AT183\n|t:|1698950565\n|gametype|singles\n|player|p1|yzeetgnuy|burglar|1121\n|player|p2|AT183|pryce|1210\n|teamsize|p1|6\n|teamsize|p2|6\n|gen|9\n|tier|[Gen 9] National Dex Ubers\n|rated|\n|rule|HP Percentage Mod: HP is shown in percentages\n|rule|Endless Battle Clause: Forcing endless battles is banned\n|rule|OHKO Clause: OHKO moves are banned\n|rule|Evasion Moves Clause: Evasion moves are banned\n|rule|Evasion Items Clause: Evasion items are banned\n|rule|Species Clause: Limit one of each Pok\u00e9mon\n|rule|Sleep Clause Mod: Limit one foe put to sleep\n|rule|Mega Rayquaza Clause: You cannot mega evolve Rayquaza\n|clearpoke\n|poke|p1|Kyogre|\n|poke|p1|Scizor, M|\n|poke|p1|Metagross|\n|poke|p1|Meloetta|\n|poke|p1|Mimikyu, F|\n|poke|p1|Simisage, F|\n|poke|p2|Necrozma-Dawn-Wings|\n|poke|p2|Magearna|\n|poke|p2|Forretress, M|\n|poke|p2|Blastoise, M|\n|poke|p2|Annihilape, M|\n|poke|p2|Ninetales-Alola, M|\n|teampreview\n|inactive|Battle timer is ON: inactive players will automatically lose when time's up. (requested by AT183)\n|\n|t:|1698950570\n|start\n|switch|p1a: Mimikyu|Mimikyu, F|100\/100\n|switch|p2a: The Landmine|Forretress, M|100\/100\n|turn|1\n|\n|t:|1698950575\n|move|p1a: Mimikyu|Swords Dance|p1a: Mimikyu\n|-boost|p1a: Mimikyu|atk|2\n|move|p2a: The Landmine|Stealth Rock|p1a: Mimikyu\n|-sidestart|p1: yzeetgnuy|move: Stealth Rock\n|\n|upkeep\n|turn|2\n|\n|t:|1698950580\n|move|p1a: Mimikyu|Swords Dance|p1a: Mimikyu\n|-boost|p1a: Mimikyu|atk|2\n|move|p2a: The Landmine|Toxic Spikes|p1a: Mimikyu\n|-sidestart|p1: yzeetgnuy|move: Toxic Spikes\n|\n|upkeep\n|turn|3\n|\n|t:|1698950585\n|move|p1a: Mimikyu|Swords Dance|p1a: Mimikyu\n|-boost|p1a: Mimikyu|atk|2\n|move|p2a: The Landmine|Toxic Spikes|p1a: Mimikyu\n|-sidestart|p1: yzeetgnuy|move: Toxic Spikes\n|\n|upkeep\n|turn|4\n|\n|t:|1698950592\n|move|p1a: Mimikyu|Wood Hammer|p2a: The Landmine\n|-resisted|p2a: The Landmine\n|-damage|p2a: The Landmine|77\/100\n|-damage|p1a: Mimikyu|90\/100|[from] Recoil\n|-enditem|p2a: The Landmine|Red Card|[of] p1a: Mimikyu\n|drag|p1a: Scizor|Scizor, M|100\/100\n|-damage|p1a: Scizor|88\/100|[from] Stealth Rock\n|move|p2a: The Landmine|Spikes|p1a: Scizor\n|-sidestart|p1: yzeetgnuy|Spikes\n|\n|upkeep\n|turn|5\n|\n|t:|1698950602\n|move|p1a: Scizor|Swords Dance|p1a: Scizor\n|-boost|p1a: Scizor|atk|2\n|move|p2a: The Landmine|Spikes|p1a: Scizor\n|-sidestart|p1: yzeetgnuy|Spikes\n|\n|upkeep\n|turn|6\n|\n|t:|1698950606\n|move|p1a: Scizor|Swords Dance|p1a: Scizor\n|-boost|p1a: Scizor|atk|2\n|move|p2a: The Landmine|Spikes|p1a: Scizor\n|-sidestart|p1: yzeetgnuy|Spikes\n|\n|upkeep\n|turn|7\n|\n|t:|1698950613\n|move|p1a: Scizor|Knock Off|p2a: The Landmine\n|-damage|p2a: The Landmine|40\/100\n|move|p2a: The Landmine|Rapid Spin|p1a: Scizor\n|-resisted|p1a: Scizor\n|-damage|p1a: Scizor|83\/100\n|-boost|p2a: The Landmine|spe|1\n|\n|upkeep\n|turn|8\n|\n|t:|1698950619\n|move|p2a: The Landmine|Rapid Spin|p1a: Scizor\n|-resisted|p1a: Scizor\n|-damage|p1a: Scizor|79\/100\n|-boost|p2a: The Landmine|spe|1\n|move|p1a: Scizor|Dual Wingbeat|p2a: The Landmine\n|-damage|p2a: The Landmine|2\/100\n|-damage|p2a: The Landmine|0 fnt\n|faint|p2a: The Landmine\n|-hitcount|p2: The Landmine|2\n|\n|upkeep\n|\n|t:|1698950629\n|switch|p2a: The Warship|Blastoise, M|100\/100\n|turn|9\n|\n|t:|1698950638\n|detailschange|p2a: The Warship|Blastoise-Mega, M\n|-mega|p2a: The Warship|Blastoise|Blastoisinite\n|detailschange|p1a: Scizor|Scizor-Mega, M\n|-mega|p1a: Scizor|Scizor|Scizorite\n|move|p2a: The Warship|Water Pulse|p1a: Scizor\n|-damage|p1a: Scizor|31\/100\n|-start|p1a: Scizor|confusion\n|-activate|p1a: Scizor|confusion\n|move|p1a: Scizor|Dual Wingbeat|p2a: The Warship\n|-damage|p2a: The Warship|25\/100\n|-damage|p2a: The Warship|0 fnt\n|faint|p2a: The Warship\n|-hitcount|p2: The Warship|2\n|\n|upkeep\n|\n|t:|1698950651\n|switch|p2a: The Fox|Ninetales-Alola, M|100\/100\n|-weather|Snow|[from] ability: Snow Warning|[of] p2a: The Fox\n|turn|10\n|\n|t:|1698950655\n|-activate|p1a: Scizor|confusion\n|move|p1a: Scizor|Bullet Punch|p2a: The Fox\n|-supereffective|p2a: The Fox\n|-damage|p2a: The Fox|0 fnt\n|faint|p2a: The Fox\n|\n|-weather|Snow|[upkeep]\n|upkeep\n|\n|t:|1698950659\n|switch|p2a: The Batman|Necrozma-Dawn-Wings|100\/100\n|turn|11\n|\n|t:|1698950667\n|detailschange|p2a: The Batman|Necrozma-Ultra\n|-burst|p2a: The Batman|Necrozma|Ultranecrozium Z\n|-end|p1a: Scizor|confusion\n|move|p1a: Scizor|Bullet Punch|p2a: The Batman\n|-damage|p2a: The Batman|0 fnt\n|faint|p2a: The Batman\n|\n|-weather|Snow|[upkeep]\n|upkeep\n|\n|t:|1698950673\n|switch|p2a: The M O N K E|Annihilape, M|100\/100\n|turn|12\n|c|\u2606yzeetgnuy|I LET MY NUTS HANG\n|\n|t:|1698950682\n|move|p1a: Scizor|Bullet Punch|p2a: The M O N K E\n|-damage|p2a: The M O N K E|0 fnt\n|faint|p2a: The M O N K E\n|\n|-weather|Snow|[upkeep]\n|upkeep\n|\n|t:|1698950685\n|switch|p2a: THE MACHINE|Magearna|100\/100\n|turn|13\n|\n|t:|1698950692\n|move|p1a: Scizor|Bullet Punch|p2a: THE MACHINE\n|-damage|p2a: THE MACHINE|5\/100\n|move|p2a: THE MACHINE|Shift Gear|p2a: THE MACHINE\n|-boost|p2a: THE MACHINE|spe|2\n|-boost|p2a: THE MACHINE|atk|1\n|\n|-weather|Snow|[upkeep]\n|upkeep\n|turn|14\n|-message|AT183 forfeited.\n|\n|win|yzeetgnuy\n|raw|yzeetgnuy's rating: 1121 &rarr; <strong>1152<\/strong><br \/>(+31 for winning)\n|raw|AT183's rating: 1210 &rarr; <strong>1179<\/strong><br \/>(-31 for losing)\n|l|\u2606AT183\n","uploadtime":1698950706,"views":11,"p1id":"yzeetgnuy","p2id":"at183","formatid":"gen9nationaldexubers","rating":1152,"private":0,"password":""}