{"id":"gen9nationaldexubers-1990846265","p1":"KarmaNightraide","p2":"lucasgostosao","format":"[Gen 9] National Dex Ubers","log":"|j|\u2606KarmaNightraide\n|j|\u2606lucasgostosao\n|t:|1700006996\n|gametype|singles\n|player|p1|KarmaNightraide|unknown|1147\n|player|p2|lucasgostosao|hilbert|1054\n|teamsize|p1|6\n|teamsize|p2|6\n|gen|9\n|tier|[Gen 9] National Dex Ubers\n|rated|\n|rule|HP Percentage Mod: HP is shown in percentages\n|rule|Endless Battle Clause: Forcing endless battles is banned\n|rule|OHKO Clause: OHKO moves are banned\n|rule|Evasion Moves Clause: Evasion moves are banned\n|rule|Evasion Items Clause: Evasion items are banned\n|rule|Species Clause: Limit one of each Pok\u00e9mon\n|rule|Sleep Clause Mod: Limit one foe put to sleep\n|rule|Mega Rayquaza Clause: You cannot mega evolve Rayquaza\n|clearpoke\n|poke|p1|Ceruledge, F|\n|poke|p1|Basculegion-F, F|\n|poke|p1|Mimikyu, M|\n|poke|p1|Gourgeist-*, F|\n|poke|p1|Banette, F|\n|poke|p1|Polteageist-Antique|\n|poke|p2|Stakataka|\n|poke|p2|Steelix, F|\n|poke|p2|Calyrex-Ice|\n|poke|p2|Magnezone|\n|poke|p2|Musharna, F|\n|poke|p2|Slowking, M|\n|teampreview\n|inactive|Battle timer is ON: inactive players will automatically lose when time's up. (requested by lucasgostosao)\n|\n|t:|1700007004\n|start\n|switch|p1a: Go to sleep...|Banette, F|100\/100\n|switch|p2a: Slowking|Slowking, M|100\/100\n|turn|1\n|\n|t:|1700007011\n|detailschange|p1a: Go to sleep...|Banette-Mega, F\n|-mega|p1a: Go to sleep...|Banette|Banettite\n|move|p1a: Go to sleep...|Taunt|p2a: Slowking\n|-immune|p2a: Slowking|[from] ability: Oblivious\n|move|p2a: Slowking|Thunder Wave|p1a: Go to sleep...\n|-status|p1a: Go to sleep...|par\n|\n|upkeep\n|turn|2\n|\n|t:|1700007021\n|move|p1a: Go to sleep...|Poltergeist||[still]\n|-fail|p1a: Go to sleep...\n|move|p2a: Slowking|Trick Room|p2a: Slowking\n|-fieldstart|move: Trick Room|[of] p2a: Slowking\n|\n|upkeep\n|turn|3\n|\n|t:|1700007029\n|move|p2a: Slowking|Chilling Water|p1a: Go to sleep...\n|-damage|p1a: Go to sleep...|66\/100 par\n|-unboost|p1a: Go to sleep...|atk|1\n|cant|p1a: Go to sleep...|par\n|\n|upkeep\n|turn|4\n|\n|t:|1700007035\n|move|p2a: Slowking|Chilling Water|p1a: Go to sleep...\n|-damage|p1a: Go to sleep...|33\/100 par\n|-unboost|p1a: Go to sleep...|atk|1\n|move|p1a: Go to sleep...|Gunk Shot|p2a: Slowking\n|-crit|p2a: Slowking\n|-damage|p2a: Slowking|25\/100\n|-status|p2a: Slowking|psn\n|\n|-damage|p2a: Slowking|12\/100 psn|[from] psn\n|upkeep\n|turn|5\n|\n|t:|1700007051\n|switch|p1a: Lady Fish|Basculegion-F, F|100\/100\n|move|p2a: Slowking|Slack Off|p2a: Slowking\n|-heal|p2a: Slowking|62\/100 psn\n|\n|-damage|p2a: Slowking|50\/100 psn|[from] psn\n|upkeep\n|turn|6\n|inactive|KarmaNightraide has 120 seconds left.\n|\n|t:|1700007104\n|switch|p1a: Go to sleep...|Banette-Mega, F|33\/100 par\n|move|p2a: Slowking|Thunder Wave|p1a: Go to sleep...\n|-fail|p1a: Go to sleep...|par\n|\n|-damage|p2a: Slowking|38\/100 psn|[from] psn\n|-fieldend|move: Trick Room\n|upkeep\n|turn|7\n|inactive|KarmaNightraide has 90 seconds left.\n|inactive|KarmaNightraide has 60 seconds left.\n|\n|t:|1700007159\n|move|p1a: Go to sleep...|Destiny Bond|p1a: Go to sleep...\n|-singlemove|p1a: Go to sleep...|Destiny Bond\n|move|p2a: Slowking|Trick Room|p2a: Slowking\n|-fieldstart|move: Trick Room|[of] p2a: Slowking\n|\n|-damage|p2a: Slowking|25\/100 psn|[from] psn\n|upkeep\n|turn|8\n|inactive|KarmaNightraide has 60 seconds left.\n|\n|t:|1700007173\n|move|p2a: Slowking|Chilling Water|p1a: Go to sleep...\n|-damage|p1a: Go to sleep...|0 fnt\n|faint|p1a: Go to sleep...\n|-activate|p1a: Go to sleep...|move: Destiny Bond\n|faint|p2a: Slowking\n|\n|upkeep\n|inactive|KarmaNightraide has 60 seconds left.\n|\n|t:|1700007193\n|switch|p2a: Steelix|Steelix, F|100\/100\n|switch|p1a: Wanna sip?|Polteageist-Antique|100\/100\n|turn|9\n|\n|t:|1700007200\n|detailschange|p2a: Steelix|Steelix-Mega, F\n|-mega|p2a: Steelix|Steelix|Steelixite\n|move|p2a: Steelix|Curse|p2a: Steelix\n|-unboost|p2a: Steelix|spe|1\n|-boost|p2a: Steelix|atk|1\n|-boost|p2a: Steelix|def|1\n|move|p1a: Wanna sip?|Shell Smash|p1a: Wanna sip?\n|-unboost|p1a: Wanna sip?|def|1\n|-unboost|p1a: Wanna sip?|spd|1\n|-boost|p1a: Wanna sip?|atk|2\n|-boost|p1a: Wanna sip?|spa|2\n|-boost|p1a: Wanna sip?|spe|2\n|\n|upkeep\n|turn|10\n|inactive|KarmaNightraide has 60 seconds left.\n|\n|t:|1700007233\n|move|p2a: Steelix|Gyro Ball|p1a: Wanna sip?\n|-enditem|p1a: Wanna sip?|Focus Sash\n|-damage|p1a: Wanna sip?|1\/100\n|-ability|p1a: Wanna sip?|Weak Armor|boost\n|-unboost|p1a: Wanna sip?|def|1\n|-boost|p1a: Wanna sip?|spe|2\n|move|p1a: Wanna sip?|Giga Drain|p2a: Steelix\n|-damage|p2a: Steelix|30\/100\n|-heal|p1a: Wanna sip?|41\/100|[from] drain|[of] p2a: Steelix\n|\n|upkeep\n|turn|11\n|\n|t:|1700007248\n|move|p2a: Steelix|Gyro Ball|p1a: Wanna sip?\n|-damage|p1a: Wanna sip?|0 fnt\n|faint|p1a: Wanna sip?\n|\n|-fieldend|move: Trick Room\n|upkeep\n|\n|t:|1700007255\n|switch|p1a: Widowmaker|Ceruledge, F|100\/100\n|turn|12\n|\n|t:|1700007261\n|move|p1a: Widowmaker|Swords Dance|p1a: Widowmaker\n|-boost|p1a: Widowmaker|atk|2\n|move|p2a: Steelix|Earthquake|p1a: Widowmaker\n|-supereffective|p1a: Widowmaker\n|-enditem|p1a: Widowmaker|Focus Sash\n|-damage|p1a: Widowmaker|1\/100\n|-ability|p1a: Widowmaker|Weak Armor|boost\n|-unboost|p1a: Widowmaker|def|1\n|-boost|p1a: Widowmaker|spe|2\n|\n|upkeep\n|turn|13\n|\n|t:|1700007273\n|move|p1a: Widowmaker|Bitter Blade|p2a: Steelix\n|-supereffective|p2a: Steelix\n|-damage|p2a: Steelix|0 fnt\n|-heal|p1a: Widowmaker|16\/100|[from] drain|[of] p2a: Steelix\n|faint|p2a: Steelix\n|\n|upkeep\n|\n|t:|1700007280\n|switch|p2a: Musharna|Musharna, F|100\/100\n|turn|14\n|\n|t:|1700007304\n|-terastallize|p1a: Widowmaker|Fire\n|move|p1a: Widowmaker|Bitter Blade|p2a: Musharna\n|-damage|p2a: Musharna|0 fnt\n|-heal|p1a: Widowmaker|80\/100|[from] drain|[of] p2a: Musharna\n|faint|p2a: Musharna\n|\n|upkeep\n|\n|t:|1700007313\n|switch|p2a: Calyrex|Calyrex-Ice|100\/100\n|-ability|p2a: Calyrex|As One\n|-ability|p2a: Calyrex|Unnerve\n|turn|15\n|\n|t:|1700007319\n|move|p1a: Widowmaker|Bitter Blade|p2a: Calyrex\n|-supereffective|p2a: Calyrex\n|-damage|p2a: Calyrex|0 fnt\n|-heal|p1a: Widowmaker|100\/100|[from] drain|[of] p2a: Calyrex\n|faint|p2a: Calyrex\n|\n|upkeep\n|\n|t:|1700007341\n|switch|p2a: Magnezone|Magnezone|100\/100\n|-item|p2a: Magnezone|Air Balloon\n|turn|16\n|inactive|KarmaNightraide has 60 seconds left.\n|\n|t:|1700007347\n|move|p1a: Widowmaker|Bitter Blade|p2a: Magnezone\n|-supereffective|p2a: Magnezone\n|-ability|p2a: Magnezone|Sturdy\n|-damage|p2a: Magnezone|1\/100\n|-enditem|p2a: Magnezone|Air Balloon\n|move|p2a: Magnezone|Thunderbolt|p1a: Widowmaker\n|-damage|p1a: Widowmaker|47\/100\n|\n|upkeep\n|turn|17\n|\n|t:|1700007357\n|move|p1a: Widowmaker|Bitter Blade|p2a: Magnezone\n|-supereffective|p2a: Magnezone\n|-damage|p2a: Magnezone|0 fnt\n|-heal|p1a: Widowmaker|47\/100|[from] drain|[of] p2a: Magnezone\n|faint|p2a: Magnezone\n|\n|upkeep\n|-message|lucasgostosao forfeited.\n|\n|win|KarmaNightraide\n|raw|KarmaNightraide's rating: 1147 &rarr; <strong>1165<\/strong><br \/>(+18 for winning)\n|raw|lucasgostosao's rating: 1054 &rarr; <strong>1041<\/strong><br \/>(-13 for losing)\n|l|\u2606lucasgostosao\n","uploadtime":1700007376,"views":7,"p1id":"karmanightraide","p2id":"lucasgostosao","formatid":"gen9nationaldexubers","rating":1041,"private":0,"password":""}