{"id":"gen9nationaldexubers-1990179970","p1":"SnakesAndCakes","p2":"EijiVGC","format":"[Gen 9] National Dex Ubers","log":"|j|\u2606SnakesAndCakes\n|j|\u2606EijiVGC\n|t:|1699933661\n|gametype|singles\n|player|p1|SnakesAndCakes|n|1086\n|player|p2|EijiVGC|266|1080\n|teamsize|p1|6\n|teamsize|p2|6\n|gen|9\n|tier|[Gen 9] National Dex Ubers\n|rated|\n|rule|HP Percentage Mod: HP is shown in percentages\n|rule|Endless Battle Clause: Forcing endless battles is banned\n|rule|OHKO Clause: OHKO moves are banned\n|rule|Evasion Moves Clause: Evasion moves are banned\n|rule|Evasion Items Clause: Evasion items are banned\n|rule|Species Clause: Limit one of each Pok\u00e9mon\n|rule|Sleep Clause Mod: Limit one foe put to sleep\n|rule|Mega Rayquaza Clause: You cannot mega evolve Rayquaza\n|clearpoke\n|poke|p1|Necrozma-Dusk-Mane|\n|poke|p1|Pheromosa|\n|poke|p1|Xurkitree|\n|poke|p1|Nihilego|\n|poke|p1|Naganadel|\n|poke|p1|Kartana|\n|poke|p2|Hippowdon, F|\n|poke|p2|Garganacl, F|\n|poke|p2|Garchomp, M|\n|poke|p2|Kangaskhan, F|\n|poke|p2|Excadrill, F|\n|poke|p2|Dialga-Origin|\n|teampreview\n|\n|t:|1699933684\n|start\n|switch|p1a: Uranium|Kartana, shiny|100\/100\n|switch|p2a: Hippowdon|Hippowdon, F|100\/100\n|-weather|Sandstorm|[from] ability: Sand Stream|[of] p2a: Hippowdon\n|turn|1\n|\n|t:|1699933697\n|move|p1a: Uranium|Leaf Blade|p2a: Hippowdon\n|-supereffective|p2a: Hippowdon\n|-damage|p2a: Hippowdon|15\/100\n|-damage|p1a: Uranium|91\/100|[from] item: Life Orb\n|move|p2a: Hippowdon|Stealth Rock|p1a: Uranium\n|-sidestart|p1: SnakesAndCakes|move: Stealth Rock\n|\n|-weather|Sandstorm|[upkeep]\n|upkeep\n|turn|2\n|\n|t:|1699933715\n|move|p1a: Uranium|Smart Strike|p2a: Hippowdon\n|-damage|p2a: Hippowdon|0 fnt\n|faint|p2a: Hippowdon\n|-ability|p1a: Uranium|Beast Boost|boost\n|-boost|p1a: Uranium|atk|1\n|-damage|p1a: Uranium|81\/100|[from] item: Life Orb\n|\n|-weather|Sandstorm|[upkeep]\n|upkeep\n|\n|t:|1699933730\n|switch|p2a: Garganacl|Garganacl, F|100\/100\n|turn|3\n|\n|t:|1699933744\n|move|p1a: Uranium|Leaf Blade|p2a: Garganacl\n|-supereffective|p2a: Garganacl\n|-damage|p2a: Garganacl|0 fnt\n|faint|p2a: Garganacl\n|-ability|p1a: Uranium|Beast Boost|boost\n|-boost|p1a: Uranium|atk|1\n|-damage|p1a: Uranium|72\/100|[from] item: Life Orb\n|\n|-weather|Sandstorm|[upkeep]\n|upkeep\n|\n|t:|1699933755\n|switch|p2a: Dialga|Dialga-Origin|100\/100\n|-ability|p2a: Dialga|Pressure\n|turn|4\n|c|\u2606SnakesAndCakes|gg i guess?\n|\n|t:|1699933766\n|move|p1a: Uranium|Sacred Sword|p2a: Dialga\n|-supereffective|p2a: Dialga\n|-damage|p2a: Dialga|0 fnt\n|faint|p2a: Dialga\n|-ability|p1a: Uranium|Beast Boost|boost\n|-boost|p1a: Uranium|atk|1\n|-damage|p1a: Uranium|62\/100|[from] item: Life Orb\n|\n|-weather|Sandstorm|[upkeep]\n|upkeep\n|\n|t:|1699933778\n|switch|p2a: Kangaskhan|Kangaskhan, F|100\/100\n|turn|5\n|c|\u2606SnakesAndCakes|gg :)\n|\n|t:|1699933789\n|detailschange|p2a: Kangaskhan|Kangaskhan-Mega, F\n|-mega|p2a: Kangaskhan|Kangaskhan|Kangaskhanite\n|move|p2a: Kangaskhan|Fake Out|p1a: Uranium\n|-resisted|p1a: Uranium\n|-damage|p1a: Uranium|51\/100\n|-resisted|p1a: Uranium\n|-damage|p1a: Uranium|48\/100\n|-hitcount|p1a: Uranium|2\n|cant|p1a: Uranium|flinch\n|\n|-weather|Sandstorm|[upkeep]\n|-damage|p2a: Kangaskhan|95\/100|[from] Sandstorm\n|upkeep\n|turn|6\n|\n|t:|1699933803\n|move|p1a: Uranium|Smart Strike|p2a: Kangaskhan\n|-damage|p2a: Kangaskhan|0 fnt\n|faint|p2a: Kangaskhan\n|-ability|p1a: Uranium|Beast Boost|boost\n|-boost|p1a: Uranium|atk|1\n|-damage|p1a: Uranium|38\/100|[from] item: Life Orb\n|\n|-weather|Sandstorm|[upkeep]\n|upkeep\n|\n|t:|1699933814\n|switch|p2a: Excadrill|Excadrill, F|100\/100\n|turn|7\n|\n|t:|1699933826\n|move|p2a: Excadrill|Earthquake|p1a: Uranium\n|-damage|p1a: Uranium|0 fnt\n|faint|p1a: Uranium\n|\n|-weather|Sandstorm|[upkeep]\n|upkeep\n|\n|t:|1699933838\n|switch|p1a: Flourine|Pheromosa, shiny|100\/100\n|-damage|p1a: Flourine|88\/100|[from] Stealth Rock\n|turn|8\n|\n|t:|1699933848\n|-terastallize|p2a: Excadrill|Ground\n|move|p2a: Excadrill|Earthquake|p1a: Flourine\n|-resisted|p1a: Flourine\n|-damage|p1a: Flourine|0 fnt\n|faint|p1a: Flourine\n|\n|-weather|none\n|upkeep\n|\n|t:|1699933866\n|switch|p1a: Obsididan|Necrozma-Dusk-Mane, shiny|100\/100\n|-damage|p1a: Obsididan|95\/100|[from] Stealth Rock\n|turn|9\n|\n|t:|1699933873\n|move|p2a: Excadrill|Earthquake|p1a: Obsididan\n|-supereffective|p1a: Obsididan\n|-damage|p1a: Obsididan|0 fnt\n|faint|p1a: Obsididan\n|\n|upkeep\n|c|\u2606SnakesAndCakes|tuituiouititititi\n|c|\u2606SnakesAndCakes|WHY\n|l|\u2606SnakesAndCakes\n|player|p1|\n|inactive|Battle timer is ON: inactive players will automatically lose when time's up. (requested by EijiVGC)\n|c|\u2606EijiVGC|yeyeye sorry\n|c|\u2606EijiVGC|giovanni from radical red\n|inactive|SnakesAndCakes has 30 seconds to reconnect!\n|c|\u2606EijiVGC|i try teams from hard rom hacks\n|inactive|SnakesAndCakes has 20 seconds to reconnect!\n|c|\u2606EijiVGC|and beat ppl up\n|inactive|SnakesAndCakes has 15 seconds to reconnect!\n|inactive|SnakesAndCakes has 10 seconds to reconnect!\n|inactive|SnakesAndCakes has 5 seconds to reconnect!\n|-message|SnakesAndCakes lost due to inactivity.\n|\n|win|EijiVGC\n|raw|SnakesAndCakes's rating: 1086 &rarr; <strong>1063<\/strong><br \/>(-23 for losing)\n|raw|EijiVGC's rating: 1080 &rarr; <strong>1108<\/strong><br \/>(+28 for winning)\n","uploadtime":1699934007,"views":14,"p1id":"snakesandcakes","p2id":"eijivgc","formatid":"gen9nationaldexubers","rating":1063,"private":0,"password":""}