{"id":"gen9nationaldexubers-1998792246","p1":"qazserfvgyujnko","p2":"Hisham Chio","format":"[Gen 9] National Dex Ubers","log":"|j|\u2606qazserfvgyujnko\n|j|\u2606Hisham Chio\n|t:|1700991873\n|gametype|singles\n|player|p1|qazserfvgyujnko|janine|1176\n|player|p2|Hisham Chio|bruno|1175\n|teamsize|p1|6\n|teamsize|p2|6\n|gen|9\n|tier|[Gen 9] National Dex Ubers\n|rated|\n|rule|HP Percentage Mod: HP is shown in percentages\n|rule|Endless Battle Clause: Forcing endless battles is banned\n|rule|OHKO Clause: OHKO moves are banned\n|rule|Evasion Moves Clause: Evasion moves are banned\n|rule|Evasion Items Clause: Evasion items are banned\n|rule|Species Clause: Limit one of each Pok\u00e9mon\n|rule|Sleep Clause Mod: Limit one foe put to sleep\n|rule|Mega Rayquaza Clause: You cannot mega evolve Rayquaza\n|clearpoke\n|poke|p1|Baxcalibur, F|\n|poke|p1|Ogerpon-Hearthflame, F|\n|poke|p1|Ferrothorn, M|\n|poke|p1|Toxapex, M|\n|poke|p1|Lucario, F|\n|poke|p1|Ninetales-Alola, M|\n|poke|p2|Blaziken, F|\n|poke|p2|Lugia|\n|poke|p2|Calyrex-Ice|\n|poke|p2|Heatran, M|\n|poke|p2|Grimmsnarl, M|\n|poke|p2|Serperior, M|\n|teampreview\n|inactive|Battle timer is ON: inactive players will automatically lose when time's up. (requested by Hisham Chio)\n|\n|t:|1700991890\n|start\n|switch|p1a: Baxcalibur|Baxcalibur, F|100\/100\n|switch|p2a: Blaziken|Blaziken, F|100\/100\n|turn|1\n|\n|t:|1700991899\n|detailschange|p2a: Blaziken|Blaziken-Mega, F\n|-mega|p2a: Blaziken|Blaziken|Blazikenite\n|move|p1a: Baxcalibur|Dragon Dance|p1a: Baxcalibur\n|-boost|p1a: Baxcalibur|atk|1\n|-boost|p1a: Baxcalibur|spe|1\n|move|p2a: Blaziken|Swords Dance|p2a: Blaziken\n|-boost|p2a: Blaziken|atk|2\n|\n|-ability|p2a: Blaziken|Speed Boost|boost\n|-boost|p2a: Blaziken|spe|1\n|upkeep\n|turn|2\n|\n|t:|1700991915\n|move|p2a: Blaziken|Protect|p2a: Blaziken\n|-singleturn|p2a: Blaziken|Protect\n|move|p1a: Baxcalibur|Scale Shot|p2a: Blaziken\n|-activate|p2a: Blaziken|move: Protect\n|\n|-ability|p2a: Blaziken|Speed Boost|boost\n|-boost|p2a: Blaziken|spe|1\n|upkeep\n|turn|3\n|\n|t:|1700991924\n|move|p2a: Blaziken|Close Combat|p1a: Baxcalibur\n|-supereffective|p1a: Baxcalibur\n|-damage|p1a: Baxcalibur|0 fnt\n|-unboost|p2a: Blaziken|def|1\n|-unboost|p2a: Blaziken|spd|1\n|faint|p1a: Baxcalibur\n|\n|-ability|p2a: Blaziken|Speed Boost|boost\n|-boost|p2a: Blaziken|spe|1\n|upkeep\n|\n|t:|1700991931\n|switch|p1a: Toxapex|Toxapex, M|100\/100\n|turn|4\n|\n|t:|1700991939\n|move|p1a: Toxapex|Baneful Bunker|p1a: Toxapex\n|-singleturn|p1a: Toxapex|move: Protect\n|move|p2a: Blaziken|Blaze Kick|p1a: Toxapex\n|-activate|p1a: Toxapex|move: Protect\n|-status|p2a: Blaziken|psn\n|\n|-damage|p2a: Blaziken|88\/100 psn|[from] psn\n|-ability|p2a: Blaziken|Speed Boost|boost\n|-boost|p2a: Blaziken|spe|1\n|upkeep\n|turn|5\n|\n|t:|1700991950\n|move|p2a: Blaziken|Blaze Kick|p1a: Toxapex\n|-resisted|p1a: Toxapex\n|-damage|p1a: Toxapex|65\/100\n|move|p1a: Toxapex|Scald|p2a: Blaziken\n|-supereffective|p2a: Blaziken\n|-damage|p2a: Blaziken|22\/100 psn\n|\n|-heal|p1a: Toxapex|71\/100|[from] item: Black Sludge\n|-damage|p2a: Blaziken|9\/100 psn|[from] psn\n|-ability|p2a: Blaziken|Speed Boost|boost\n|-boost|p2a: Blaziken|spe|1\n|upkeep\n|turn|6\n|\n|t:|1700991964\n|move|p1a: Toxapex|Baneful Bunker|p1a: Toxapex\n|-singleturn|p1a: Toxapex|move: Protect\n|move|p2a: Blaziken|Close Combat|p1a: Toxapex\n|-activate|p1a: Toxapex|move: Protect\n|\n|-heal|p1a: Toxapex|77\/100|[from] item: Black Sludge\n|-damage|p2a: Blaziken|0 fnt|[from] psn\n|faint|p2a: Blaziken\n|upkeep\n|inactive|Hisham Chio has 120 seconds left.\n|\n|t:|1700991990\n|switch|p2a: Lugia|Lugia|100\/100\n|turn|7\n|\n|t:|1700991995\n|move|p2a: Lugia|Thunder Wave|p1a: Toxapex\n|-status|p1a: Toxapex|par\n|move|p1a: Toxapex|Toxic|p2a: Lugia\n|-status|p2a: Lugia|tox\n|\n|-heal|p1a: Toxapex|84\/100 par|[from] item: Black Sludge\n|-damage|p2a: Lugia|94\/100 tox|[from] psn\n|upkeep\n|turn|8\n|\n|t:|1700992006\n|move|p1a: Toxapex|Baneful Bunker|p1a: Toxapex\n|-singleturn|p1a: Toxapex|move: Protect\n|move|p2a: Lugia|Defog|p1a: Toxapex\n|-activate|p1a: Toxapex|move: Protect\n|\n|-heal|p2a: Lugia|100\/100 tox|[from] item: Leftovers\n|-heal|p1a: Toxapex|90\/100 par|[from] item: Black Sludge\n|-damage|p2a: Lugia|88\/100 tox|[from] psn\n|upkeep\n|turn|9\n|\n|t:|1700992018\n|switch|p2a: Grimmsnarl|Grimmsnarl, M, shiny|100\/100\n|move|p1a: Toxapex|Scald|p2a: Grimmsnarl\n|-damage|p2a: Grimmsnarl|84\/100\n|-status|p2a: Grimmsnarl|brn\n|\n|-heal|p1a: Toxapex|96\/100 par|[from] item: Black Sludge\n|-damage|p2a: Grimmsnarl|78\/100 brn|[from] brn\n|upkeep\n|turn|10\n|\n|t:|1700992029\n|move|p2a: Grimmsnarl|Light Screen|p2a: Grimmsnarl\n|-sidestart|p2: Hisham Chio|move: Light Screen\n|move|p1a: Toxapex|Scald|p2a: Grimmsnarl\n|-damage|p2a: Grimmsnarl|69\/100 brn\n|\n|-heal|p1a: Toxapex|100\/100 par|[from] item: Black Sludge\n|-damage|p2a: Grimmsnarl|63\/100 brn|[from] brn\n|upkeep\n|turn|11\n|\n|t:|1700992038\n|move|p2a: Grimmsnarl|Trick|p1a: Toxapex\n|-activate|p2a: Grimmsnarl|move: Trick|[of] p1a: Toxapex\n|-item|p1a: Toxapex|Lagging Tail|[from] move: Trick\n|-item|p2a: Grimmsnarl|Black Sludge|[from] move: Trick\n|move|p1a: Toxapex|Scald|p2a: Grimmsnarl\n|-damage|p2a: Grimmsnarl|55\/100 brn\n|\n|-damage|p2a: Grimmsnarl|43\/100 brn|[from] item: Black Sludge\n|-damage|p2a: Grimmsnarl|37\/100 brn|[from] brn\n|upkeep\n|turn|12\n|\n|t:|1700992049\n|move|p2a: Grimmsnarl|Parting Shot|p1a: Toxapex\n|-unboost|p1a: Toxapex|atk|1\n|-unboost|p1a: Toxapex|spa|1\n|\n|t:|1700992053\n|switch|p2a: Serperior|Serperior, M, shiny|100\/100|[from] Parting Shot\n|move|p1a: Toxapex|Scald|p2a: Serperior\n|-resisted|p2a: Serperior\n|-damage|p2a: Serperior|97\/100\n|-status|p2a: Serperior|brn\n|\n|-damage|p2a: Serperior|91\/100 brn|[from] brn\n|upkeep\n|turn|13\n|\n|t:|1700992070\n|move|p1a: Toxapex|Baneful Bunker|p1a: Toxapex\n|-singleturn|p1a: Toxapex|move: Protect\n|move|p2a: Serperior|Leaf Storm|p1a: Toxapex\n|-activate|p1a: Toxapex|move: Protect\n|\n|-damage|p2a: Serperior|85\/100 brn|[from] brn\n|upkeep\n|turn|14\n|\n|t:|1700992083\n|switch|p1a: Ferrothorn|Ferrothorn, M|100\/100\n|move|p2a: Serperior|Substitute|p2a: Serperior\n|-start|p2a: Serperior|Substitute\n|-damage|p2a: Serperior|60\/100 brn\n|\n|-damage|p2a: Serperior|54\/100 brn|[from] brn\n|-sideend|p2: Hisham Chio|move: Light Screen\n|upkeep\n|turn|15\n|\n|t:|1700992096\n|move|p2a: Serperior|Protect|p2a: Serperior\n|-singleturn|p2a: Serperior|Protect\n|move|p1a: Ferrothorn|Protect||[still]\n|-fail|p1a: Ferrothorn\n|\n|-damage|p2a: Serperior|48\/100 brn|[from] brn\n|upkeep\n|turn|16\n|\n|t:|1700992106\n|switch|p2a: Heatran|Heatran, M|100\/100\n|move|p1a: Ferrothorn|Body Press|p2a: Heatran\n|-supereffective|p2a: Heatran\n|-damage|p2a: Heatran|57\/100\n|\n|-heal|p2a: Heatran|63\/100|[from] item: Leftovers\n|upkeep\n|turn|17\n|\n|t:|1700992117\n|switch|p1a: Toxapex|Toxapex, M|100\/100 par\n|move|p2a: Heatran|Earth Power|p1a: Toxapex\n|-supereffective|p1a: Toxapex\n|-damage|p1a: Toxapex|54\/100 par\n|\n|-heal|p2a: Heatran|69\/100|[from] item: Leftovers\n|upkeep\n|turn|18\n|\n|t:|1700992128\n|switch|p2a: Grimmsnarl|Grimmsnarl, M, shiny|37\/100 brn\n|move|p1a: Toxapex|Baneful Bunker||[still]\n|-fail|p1a: Toxapex\n|\n|-damage|p2a: Grimmsnarl|25\/100 brn|[from] item: Black Sludge\n|-damage|p2a: Grimmsnarl|19\/100 brn|[from] brn\n|upkeep\n|turn|19\n|\n|t:|1700992140\n|move|p1a: Toxapex|Baneful Bunker|p1a: Toxapex\n|-singleturn|p1a: Toxapex|move: Protect\n|move|p2a: Grimmsnarl|Light Screen|p2a: Grimmsnarl\n|-sidestart|p2: Hisham Chio|move: Light Screen\n|\n|-damage|p2a: Grimmsnarl|6\/100 brn|[from] item: Black Sludge\n|-damage|p2a: Grimmsnarl|0 fnt|[from] brn\n|faint|p2a: Grimmsnarl\n|upkeep\n|\n|t:|1700992149\n|switch|p2a: Calyrex|Calyrex-Ice|100\/100\n|-ability|p2a: Calyrex|As One\n|-ability|p2a: Calyrex|Unnerve\n|turn|20\n|\n|t:|1700992160\n|move|p2a: Calyrex|High Horsepower|p1a: Toxapex\n|-supereffective|p1a: Toxapex\n|-damage|p1a: Toxapex|0 fnt\n|faint|p1a: Toxapex\n|-ability|p2a: Calyrex|Chilling Neigh|boost\n|-boost|p2a: Calyrex|atk|1\n|\n|upkeep\n|\n|t:|1700992180\n|switch|p1a: Ogerpon|Ogerpon-Hearthflame, F|100\/100\n|-ability|p1a: Ogerpon|Mold Breaker\n|turn|21\n|\n|t:|1700992187\n|-terastallize|p1a: Ogerpon|Fire\n|detailschange|p1a: Ogerpon|Ogerpon-Hearthflame-Tera, F, tera:Fire\n|-ability|p1a: Ogerpon|Embody Aspect (Hearthflame)|boost\n|-boost|p1a: Ogerpon|atk|1\n|-terastallize|p2a: Calyrex|Ice\n|move|p1a: Ogerpon|Ivy Cudgel|p2a: Calyrex|[anim] Ivy Cudgel Fire\n|-supereffective|p2a: Calyrex\n|-damage|p2a: Calyrex|0 fnt\n|faint|p2a: Calyrex\n|\n|upkeep\n|\n|t:|1700992201\n|switch|p2a: Lugia|Lugia|88\/100 tox\n|turn|22\n|\n|t:|1700992205\n|move|p1a: Ogerpon|Ivy Cudgel|p2a: Lugia|[anim] Ivy Cudgel Fire\n|-damage|p2a: Lugia|16\/100 tox\n|move|p2a: Lugia|Thunder Wave|p1a: Ogerpon\n|-status|p1a: Ogerpon|par\n|\n|-heal|p2a: Lugia|22\/100 tox|[from] item: Leftovers\n|-damage|p2a: Lugia|16\/100 tox|[from] psn\n|upkeep\n|turn|23\n|\n|t:|1700992215\n|switch|p2a: Heatran|Heatran, M|69\/100\n|move|p1a: Ogerpon|Ivy Cudgel|p2a: Heatran|[anim] Ivy Cudgel Fire\n|-start|p2a: Heatran|ability: Flash Fire\n|\n|-heal|p2a: Heatran|76\/100|[from] item: Leftovers\n|-sideend|p2: Hisham Chio|move: Light Screen\n|upkeep\n|turn|24\n|\n|t:|1700992230\n|move|p2a: Heatran|Earth Power|p1a: Ogerpon\n|-supereffective|p1a: Ogerpon\n|-damage|p1a: Ogerpon|20\/100 par\n|cant|p1a: Ogerpon|par\n|\n|-heal|p2a: Heatran|82\/100|[from] item: Leftovers\n|upkeep\n|turn|25\n|\n|t:|1700992241\n|move|p2a: Heatran|Eruption|p1a: Ogerpon\n|-resisted|p1a: Ogerpon\n|-damage|p1a: Ogerpon|0 fnt\n|faint|p1a: Ogerpon\n|\n|-heal|p2a: Heatran|88\/100|[from] item: Leftovers\n|upkeep\n|\n|t:|1700992248\n|switch|p1a: Lucario|Lucario, F|100\/100\n|turn|26\n|\n|t:|1700992252\n|-end|p2a: Heatran|ability: Flash Fire|[silent]\n|switch|p2a: Lugia|Lugia|16\/100 tox\n|detailschange|p1a: Lucario|Lucario-Mega, F\n|-mega|p1a: Lucario|Lucario|Lucarionite\n|move|p1a: Lucario|Vacuum Wave|p2a: Lugia\n|-resisted|p2a: Lugia\n|-damage|p2a: Lugia|12\/100 tox\n|\n|-heal|p2a: Lugia|18\/100 tox|[from] item: Leftovers\n|-damage|p2a: Lugia|12\/100 tox|[from] psn\n|upkeep\n|turn|27\n|\n|t:|1700992264\n|move|p1a: Lucario|Flash Cannon|p2a: Lugia\n|-damage|p2a: Lugia|0 fnt\n|faint|p2a: Lugia\n|\n|upkeep\n|\n|t:|1700992270\n|switch|p2a: Serperior|Serperior, M, shiny|48\/100 brn\n|turn|28\n|\n|t:|1700992277\n|move|p2a: Serperior|Leaf Storm|p1a: Lucario\n|-resisted|p1a: Lucario\n|-damage|p1a: Lucario|64\/100\n|-boost|p2a: Serperior|spa|2\n|move|p1a: Lucario|Flash Cannon|p2a: Serperior\n|-damage|p2a: Serperior|0 fnt\n|faint|p2a: Serperior\n|\n|upkeep\n|\n|t:|1700992286\n|switch|p2a: Heatran|Heatran, M|88\/100\n|turn|29\n|\n|t:|1700992289\n|move|p1a: Lucario|Vacuum Wave|p2a: Heatran\n|-supereffective|p2a: Heatran\n|-damage|p2a: Heatran|38\/100\n|move|p2a: Heatran|Earth Power|p1a: Lucario\n|-supereffective|p1a: Lucario\n|-damage|p1a: Lucario|0 fnt\n|faint|p1a: Lucario\n|\n|-heal|p2a: Heatran|45\/100|[from] item: Leftovers\n|upkeep\n|\n|t:|1700992303\n|switch|p1a: Ninetales|Ninetales-Alola, M|100\/100\n|-weather|Snow|[from] ability: Snow Warning|[of] p1a: Ninetales\n|turn|30\n|\n|t:|1700992308\n|move|p1a: Ninetales|Encore|p2a: Heatran\n|-start|p2a: Heatran|Encore\n|move|p2a: Heatran|Earth Power|p1a: Ninetales\n|-damage|p1a: Ninetales|59\/100\n|\n|-weather|Snow|[upkeep]\n|-heal|p2a: Heatran|51\/100|[from] item: Leftovers\n|upkeep\n|turn|31\n|\n|t:|1700992317\n|move|p1a: Ninetales|Aurora Veil|p1a: Ninetales\n|-sidestart|p1: qazserfvgyujnko|move: Aurora Veil\n|move|p2a: Heatran|Earth Power|p1a: Ninetales\n|-damage|p1a: Ninetales|39\/100\n|-unboost|p1a: Ninetales|spd|1\n|\n|-weather|Snow|[upkeep]\n|-heal|p2a: Heatran|57\/100|[from] item: Leftovers\n|upkeep\n|turn|32\n|\n|t:|1700992331\n|move|p1a: Ninetales|Blizzard|p2a: Heatran\n|-resisted|p2a: Heatran\n|-damage|p2a: Heatran|48\/100\n|move|p2a: Heatran|Earth Power|p1a: Ninetales\n|-damage|p1a: Ninetales|11\/100\n|\n|-weather|Snow|[upkeep]\n|-heal|p2a: Heatran|55\/100|[from] item: Leftovers\n|-end|p2a: Heatran|Encore\n|upkeep\n|turn|33\n|\n|t:|1700992343\n|move|p1a: Ninetales|Encore|p2a: Heatran\n|-start|p2a: Heatran|Encore\n|move|p2a: Heatran|Earth Power|p1a: Ninetales\n|-damage|p1a: Ninetales|0 fnt\n|faint|p1a: Ninetales\n|\n|-weather|Snow|[upkeep]\n|-heal|p2a: Heatran|61\/100|[from] item: Leftovers\n|upkeep\n|\n|t:|1700992347\n|switch|p1a: Ferrothorn|Ferrothorn, M|100\/100\n|turn|34\n|\n|t:|1700992355\n|move|p2a: Heatran|Earth Power|p1a: Ferrothorn\n|-damage|p1a: Ferrothorn|87\/100\n|move|p1a: Ferrothorn|Leech Seed|p2a: Heatran\n|-start|p2a: Heatran|move: Leech Seed\n|\n|-weather|none\n|-heal|p2a: Heatran|67\/100|[from] item: Leftovers\n|-heal|p1a: Ferrothorn|94\/100|[from] item: Leftovers\n|-damage|p2a: Heatran|55\/100|[from] Leech Seed|[of] p1a: Ferrothorn\n|-heal|p1a: Ferrothorn|100\/100|[silent]\n|upkeep\n|turn|35\n|\n|t:|1700992367\n|move|p2a: Heatran|Earth Power|p1a: Ferrothorn\n|-damage|p1a: Ferrothorn|89\/100\n|move|p1a: Ferrothorn|Body Press|p2a: Heatran\n|-supereffective|p2a: Heatran\n|-damage|p2a: Heatran|5\/100\n|\n|-heal|p2a: Heatran|12\/100|[from] item: Leftovers\n|-heal|p1a: Ferrothorn|95\/100|[from] item: Leftovers\n|-damage|p2a: Heatran|0 fnt|[from] Leech Seed|[of] p1a: Ferrothorn\n|-heal|p1a: Ferrothorn|100\/100|[silent]\n|faint|p2a: Heatran\n|\n|win|qazserfvgyujnko\n|upkeep\n|raw|qazserfvgyujnko's rating: 1176 &rarr; <strong>1201<\/strong><br \/>(+25 for winning)\n|raw|Hisham Chio's rating: 1175 &rarr; <strong>1150<\/strong><br \/>(-25 for losing)\n","uploadtime":1700992380,"views":2,"p1id":"qazserfvgyujnko","p2id":"hishamchio","formatid":"gen9nationaldexubers","rating":1150,"private":0,"password":""}