{"id":"gen9nationaldexubers-1983379887","p1":"Moonz_e","p2":"Viviexists","format":"[Gen 9] National Dex Ubers","log":"|j|\u2606Moonz_e\n|j|\u2606Viviexists\n|t:|1699123991\n|gametype|singles\n|player|p1|Moonz_e|courtney|\n|player|p2|Viviexists|mela|\n|teamsize|p1|6\n|teamsize|p2|6\n|gen|9\n|tier|[Gen 9] National Dex Ubers\n|rule|HP Percentage Mod: HP is shown in percentages\n|rule|Endless Battle Clause: Forcing endless battles is banned\n|rule|OHKO Clause: OHKO moves are banned\n|rule|Evasion Moves Clause: Evasion moves are banned\n|rule|Evasion Items Clause: Evasion items are banned\n|rule|Species Clause: Limit one of each Pok\u00e9mon\n|rule|Sleep Clause Mod: Limit one foe put to sleep\n|rule|Mega Rayquaza Clause: You cannot mega evolve Rayquaza\n|clearpoke\n|poke|p1|Ogerpon-Hearthflame, F|\n|poke|p1|Torkoal, F|\n|poke|p1|Charizard, M|\n|poke|p1|Volcanion|\n|poke|p1|Typhlosion-Hisui, F|\n|poke|p1|Moltres|\n|poke|p2|Sinistcha|\n|poke|p2|Ting-Lu|\n|poke|p2|Alomomola, M|\n|poke|p2|Iron Hands|\n|poke|p2|Sableye, F|\n|poke|p2|Skeledirge, F|\n|teampreview\n|c|\u2606Moonz_e|Glhf\n|c|\u2606Moonz_e|Tera?\n|j| GrundleGrimace\n|j| ArcticIzagi\n|j| Destinum\n|c|\u2606Viviexists|Skeledirge\n|c|\u2606Viviexists|water\n|c|\u2606Moonz_e|Alright\n|j| IncandescentCandle\n|c|\u2606Moonz_e|Imma be real chat i don't think i'm winning this\n|c| ArcticIzagi|believe in yourself\n|c| ArcticIzagi|you got this\n|c| IncandescentCandle|go vivi!\n|\n|t:|1699124084\n|start\n|switch|p1a: I Need A Surgeon|Moltres|100\/100\n|switch|p2a: The Ring|Sableye, F|100\/100\n|turn|1\n|c|\u2606Moonz_e|I mean i'm confident i win the tie breaker so\n|\n|t:|1699124101\n|detailschange|p2a: The Ring|Sableye-Mega, F\n|-mega|p2a: The Ring|Sableye|Sablenite\n|move|p1a: I Need A Surgeon|U-turn|p2a: The Ring\n|-damage|p2a: The Ring|87\/100\n|c| IncandescentCandle|nuh uh\n|\n|t:|1699124114\n|switch|p1a: Everybody Knows|Ogerpon-Hearthflame, F|100\/100|[from] U-turn\n|-ability|p1a: Everybody Knows|Mold Breaker\n|move|p2a: The Ring|Knock Off|p1a: Everybody Knows\n|-damage|p1a: Everybody Knows|76\/100\n|\n|upkeep\n|turn|2\n|\n|t:|1699124128\n|switch|p2a: Beetlejuice|Skeledirge, F|100\/100\n|-terastallize|p1a: Everybody Knows|Fire\n|detailschange|p1a: Everybody Knows|Ogerpon-Hearthflame-Tera, F, tera:Fire\n|-ability|p1a: Everybody Knows|Embody Aspect (Hearthflame)|boost\n|-boost|p1a: Everybody Knows|atk|1\n|move|p1a: Everybody Knows|Play Rough|p2a: Beetlejuice\n|-resisted|p2a: Beetlejuice\n|-damage|p2a: Beetlejuice|87\/100\n|-unboost|p2a: Beetlejuice|atk|1\n|\n|upkeep\n|turn|3\n|\n|t:|1699124140\n|move|p1a: Everybody Knows|Horn Leech|p2a: Beetlejuice\n|-resisted|p2a: Beetlejuice\n|-crit|p2a: Beetlejuice\n|-damage|p2a: Beetlejuice|59\/100\n|-heal|p1a: Everybody Knows|96\/100|[from] drain|[of] p2a: Beetlejuice\n|move|p2a: Beetlejuice|Torch Song|p1a: Everybody Knows\n|-resisted|p1a: Everybody Knows\n|-damage|p1a: Everybody Knows|79\/100\n|-boost|p2a: Beetlejuice|spa|1\n|\n|upkeep\n|turn|4\n|\n|t:|1699124155\n|move|p1a: Everybody Knows|Horn Leech|p2a: Beetlejuice\n|-resisted|p2a: Beetlejuice\n|-damage|p2a: Beetlejuice|41\/100\n|-heal|p1a: Everybody Knows|91\/100|[from] drain|[of] p2a: Beetlejuice\n|move|p2a: Beetlejuice|Slack Off|p2a: Beetlejuice\n|-heal|p2a: Beetlejuice|91\/100\n|\n|upkeep\n|turn|5\n|\n|t:|1699124163\n|switch|p1a: Revolt|Volcanion|100\/100\n|move|p2a: Beetlejuice|Torch Song|p1a: Revolt\n|-resisted|p1a: Revolt\n|-damage|p1a: Revolt|91\/100\n|-boost|p2a: Beetlejuice|spa|1\n|\n|-heal|p1a: Revolt|97\/100|[from] item: Leftovers\n|upkeep\n|turn|6\n|\n|t:|1699124175\n|switch|p2a: Poltergeist|Sinistcha|100\/100\n|move|p1a: Revolt|Sludge Wave|p2a: Poltergeist\n|-damage|p2a: Poltergeist|61\/100\n|\n|-heal|p2a: Poltergeist|67\/100|[from] item: Leftovers\n|-heal|p1a: Revolt|100\/100|[from] item: Leftovers\n|upkeep\n|turn|7\n|\n|t:|1699124189\n|move|p2a: Poltergeist|Matcha Gotcha|p1a: Revolt\n|-damage|p1a: Revolt|71\/100\n|-heal|p2a: Poltergeist|82\/100|[from] drain|[of] p1a: Revolt\n|move|p1a: Revolt|Flamethrower|p2a: Poltergeist\n|-supereffective|p2a: Poltergeist\n|-damage|p2a: Poltergeist|29\/100\n|\n|-heal|p2a: Poltergeist|35\/100|[from] item: Leftovers\n|-heal|p1a: Revolt|77\/100|[from] item: Leftovers\n|upkeep\n|turn|8\n|\n|t:|1699124200\n|switch|p1a: Growing Older|Torkoal, F|100\/100\n|-weather|SunnyDay|[from] ability: Drought|[of] p1a: Growing Older\n|move|p2a: Poltergeist|Matcha Gotcha|p1a: Growing Older\n|-resisted|p1a: Growing Older\n|-damage|p1a: Growing Older|77\/100\n|-heal|p2a: Poltergeist|46\/100|[from] drain|[of] p1a: Growing Older\n|\n|-weather|SunnyDay|[upkeep]\n|-heal|p2a: Poltergeist|52\/100|[from] item: Leftovers\n|upkeep\n|turn|9\n|\n|t:|1699124215\n|switch|p1a: Villain|Charizard, M|100\/100\n|move|p2a: Poltergeist|Strength Sap|p1a: Villain\n|-unboost|p1a: Villain|atk|1\n|-heal|p2a: Poltergeist|100\/100\n|\n|-weather|SunnyDay|[upkeep]\n|upkeep\n|turn|10\n|\n|t:|1699124224\n|switch|p1a: I Need A Surgeon|Moltres|100\/100\n|move|p2a: Poltergeist|Shadow Ball|p1a: I Need A Surgeon\n|-damage|p1a: I Need A Surgeon|79\/100\n|\n|-weather|SunnyDay|[upkeep]\n|upkeep\n|turn|11\n|\n|t:|1699124235\n|switch|p2a: Scooby Doo|Ting-Lu|100\/100\n|-ability|p2a: Scooby Doo|Vessel of Ruin\n|move|p1a: I Need A Surgeon|U-turn|p2a: Scooby Doo\n|-supereffective|p2a: Scooby Doo\n|-damage|p2a: Scooby Doo|88\/100\n|\n|t:|1699124247\n|switch|p1a: Everybody Knows|Ogerpon-Hearthflame-Tera, F, tera:Fire|91\/100|[from] U-turn\n|-ability|p1a: Everybody Knows|Embody Aspect (Hearthflame)|boost\n|-boost|p1a: Everybody Knows|atk|1\n|\n|-weather|SunnyDay|[upkeep]\n|-heal|p2a: Scooby Doo|94\/100|[from] item: Leftovers\n|upkeep\n|turn|12\n|\n|t:|1699124256\n|move|p1a: Everybody Knows|Horn Leech|p2a: Scooby Doo\n|-supereffective|p2a: Scooby Doo\n|-damage|p2a: Scooby Doo|44\/100\n|-heal|p1a: Everybody Knows|100\/100|[from] drain|[of] p2a: Scooby Doo\n|move|p2a: Scooby Doo|Earthquake|p1a: Everybody Knows\n|-supereffective|p1a: Everybody Knows\n|-damage|p1a: Everybody Knows|6\/100\n|\n|-weather|SunnyDay|[upkeep]\n|-heal|p2a: Scooby Doo|50\/100|[from] item: Leftovers\n|upkeep\n|turn|13\n|c| ArcticIzagi|huge\n|\n|t:|1699124281\n|switch|p2a: Beetlejuice|Skeledirge, F|91\/100\n|move|p1a: Everybody Knows|Horn Leech|p2a: Beetlejuice\n|-resisted|p2a: Beetlejuice\n|-damage|p2a: Beetlejuice|72\/100\n|-heal|p1a: Everybody Knows|19\/100|[from] drain|[of] p2a: Beetlejuice\n|\n|-weather|SunnyDay|[upkeep]\n|upkeep\n|turn|14\n|\n|t:|1699124301\n|switch|p1a: Villain|Charizard, M|100\/100\n|move|p2a: Beetlejuice|Torch Song|p1a: Villain\n|-resisted|p1a: Villain\n|-damage|p1a: Villain|73\/100\n|-boost|p2a: Beetlejuice|spa|1\n|\n|-weather|SunnyDay|[upkeep]\n|upkeep\n|turn|15\n|\n|t:|1699124316\n|switch|p2a: The Shining|Alomomola, M|100\/100\n|move|p1a: Villain|Dragon Dance|p1a: Villain\n|-boost|p1a: Villain|atk|1\n|-boost|p1a: Villain|spe|1\n|\n|-weather|none\n|upkeep\n|turn|16\n|\n|t:|1699124328\n|detailschange|p1a: Villain|Charizard-Mega-X, M\n|-mega|p1a: Villain|Charizard|Charizardite X\n|move|p1a: Villain|Dragon Dance|p1a: Villain\n|-boost|p1a: Villain|atk|1\n|-boost|p1a: Villain|spe|1\n|move|p2a: The Shining|Flip Turn|p1a: Villain\n|-damage|p1a: Villain|57\/100\n|\n|t:|1699124334\n|switch|p2a: Beetlejuice|Skeledirge, F|72\/100|[from] Flip Turn\n|\n|upkeep\n|turn|17\n|\n|t:|1699124341\n|move|p1a: Villain|Dragon Claw|p2a: Beetlejuice\n|-damage|p2a: Beetlejuice|25\/100\n|move|p2a: Beetlejuice|Slack Off|p2a: Beetlejuice\n|-heal|p2a: Beetlejuice|75\/100\n|\n|upkeep\n|turn|18\n|\n|t:|1699124351\n|switch|p2a: The Shining|Alomomola, M|100\/100\n|move|p1a: Villain|Dragon Claw|p2a: The Shining\n|-crit|p2a: The Shining\n|-damage|p2a: The Shining|10\/100\n|-damage|p1a: Villain|40\/100|[from] item: Rocky Helmet|[of] p2a: The Shining\n|\n|upkeep\n|turn|19\n|j| Malice Incarnate\n|c| Malice Incarnate|kick there ass moon\n|\n|t:|1699124360\n|move|p1a: Villain|Dragon Claw|p2a: The Shining\n|-damage|p2a: The Shining|0 fnt\n|-damage|p1a: Villain|24\/100|[from] item: Rocky Helmet|[of] p2a: The Shining\n|faint|p2a: The Shining\n|\n|upkeep\n|\n|t:|1699124366\n|switch|p2a: Beetlejuice|Skeledirge, F|75\/100\n|turn|20\n|c| Malice Incarnate|sorry vivi\n|\n|t:|1699124369\n|move|p1a: Villain|Dragon Claw|p2a: Beetlejuice\n|-damage|p2a: Beetlejuice|27\/100\n|move|p2a: Beetlejuice|Hex|p1a: Villain\n|-damage|p1a: Villain|0 fnt\n|faint|p1a: Villain\n|\n|upkeep\n|c| Malice Incarnate|nothing personal\n|c| Malice Incarnate|no eq?\n|\n|t:|1699124402\n|switch|p1a: Everybody Knows|Ogerpon-Hearthflame-Tera, F, tera:Fire|19\/100\n|-ability|p1a: Everybody Knows|Embody Aspect (Hearthflame)|boost\n|-boost|p1a: Everybody Knows|atk|1\n|turn|21\n|j| Bug Maniac Swaggy\n|c| Malice Incarnate|200bp vs like 162 after se and tough claws\n|\n|t:|1699124444\n|switch|p1a: I Need A Surgeon|Moltres|79\/100\n|switch|p2a: Scooby Doo|Ting-Lu|50\/100\n|-ability|p2a: Scooby Doo|Vessel of Ruin\n|\n|-heal|p2a: Scooby Doo|56\/100|[from] item: Leftovers\n|upkeep\n|turn|22\n|c| IncandescentCandle|standard ddx is stabs dd roost\n|\n|t:|1699124454\n|move|p1a: I Need A Surgeon|U-turn|p2a: Scooby Doo\n|-supereffective|p2a: Scooby Doo\n|-damage|p2a: Scooby Doo|45\/100\n|\n|t:|1699124457\n|switch|p1a: Growing Older|Torkoal, F|77\/100|[from] U-turn\n|-weather|SunnyDay|[from] ability: Drought|[of] p1a: Growing Older\n|move|p2a: Scooby Doo|Whirlwind|p1a: Growing Older\n|drag|p1a: Everybody Knows|Ogerpon-Hearthflame-Tera, F, tera:Fire|19\/100\n|-ability|p1a: Everybody Knows|Embody Aspect (Hearthflame)|boost\n|-boost|p1a: Everybody Knows|atk|1\n|\n|-weather|SunnyDay|[upkeep]\n|-heal|p2a: Scooby Doo|51\/100|[from] item: Leftovers\n|upkeep\n|turn|23\n|\n|t:|1699124469\n|move|p1a: Everybody Knows|Horn Leech|p2a: Scooby Doo\n|-supereffective|p2a: Scooby Doo\n|-damage|p2a: Scooby Doo|0 fnt\n|-heal|p1a: Everybody Knows|63\/100|[from] drain|[of] p2a: Scooby Doo\n|faint|p2a: Scooby Doo\n|\n|-weather|SunnyDay|[upkeep]\n|upkeep\n|c| Malice Incarnate|ah, i run eq on mine\n|\n|t:|1699124474\n|switch|p2a: IT|Iron Hands|100\/100\n|turn|24\n|c|\u2606Moonz_e|Slorp\n|\n|t:|1699124480\n|move|p1a: Everybody Knows|Play Rough|p2a: IT|[miss]\n|-miss|p1a: Everybody Knows|p2a: IT\n|move|p2a: IT|Earthquake|p1a: Everybody Knows\n|-supereffective|p1a: Everybody Knows\n|-damage|p1a: Everybody Knows|0 fnt\n|faint|p1a: Everybody Knows\n|\n|-weather|SunnyDay|[upkeep]\n|upkeep\n|c|\u2606Moonz_e|Bruh\n|\n|t:|1699124490\n|switch|p1a: Not An Option|Typhlosion-Hisui, F|100\/100\n|turn|25\n|c| ArcticIzagi|5% right?\n|c|\u2606Viviexists|WE\u2019RE BACK\n|c| Destinum|Bonking deals more damage there you know.\n|\n|t:|1699124503\n|move|p1a: Not An Option|Eruption|p2a: IT\n|-damage|p2a: IT|37\/100\n|move|p2a: IT|Earthquake|p1a: Not An Option\n|-supereffective|p1a: Not An Option\n|-damage|p1a: Not An Option|0 fnt\n|faint|p1a: Not An Option\n|\n|-weather|SunnyDay|[upkeep]\n|upkeep\n|c|\u2606Moonz_e|Really?\n|c|\u2606Moonz_e|Oh\n|c| Malice Incarnate|heatran hard walls it otherwise and it is quite prevelent in ladder and on mono fire teams\n|c|\u2606Moonz_e|Well\n|\n|t:|1699124517\n|switch|p1a: Revolt|Volcanion|77\/100\n|turn|26\n|\n|t:|1699124521\n|move|p1a: Revolt|Flamethrower|p2a: IT\n|-damage|p2a: IT|0 fnt\n|faint|p2a: IT\n|-end|p2a: IT|Quark Drive|[silent]\n|\n|-weather|SunnyDay|[upkeep]\n|-heal|p1a: Revolt|83\/100|[from] item: Leftovers\n|upkeep\n|c| Malice Incarnate|cause sun + stab is 2.25 mod\n|\n|t:|1699124529\n|switch|p2a: Beetlejuice|Skeledirge, F|27\/100\n|turn|27\n|c| IncandescentCandle|sometimes itll run fire ground over dclaw\n|c| Destinum|Tera STAB (meaning it's essentially super effective without STAB) + higher BP + Sun.\n|\n|t:|1699124535\n|-terastallize|p2a: Beetlejuice|Water\n|move|p1a: Revolt|Sludge Wave|p2a: Beetlejuice\n|-damage|p2a: Beetlejuice|2\/100\n|move|p2a: Beetlejuice|Slack Off|p2a: Beetlejuice\n|-heal|p2a: Beetlejuice|52\/100\n|\n|-weather|SunnyDay|[upkeep]\n|-heal|p1a: Revolt|89\/100|[from] item: Leftovers\n|upkeep\n|turn|28\n|c|\u2606Moonz_e|Was that a roll?\n|c| IncandescentCandle|shes spdef dirge so\n|c|\u2606Moonz_e|And di Flamethrower do more and i threw?\n|c|\u2606Moonz_e|Let's see if it did!\n|\n|t:|1699124578\n|move|p1a: Revolt|Flamethrower|p2a: Beetlejuice\n|-resisted|p2a: Beetlejuice\n|-damage|p2a: Beetlejuice|29\/100\n|move|p2a: Beetlejuice|Slack Off|p2a: Beetlejuice\n|-heal|p2a: Beetlejuice|79\/100\n|\n|-weather|SunnyDay|[upkeep]\n|-heal|p1a: Revolt|95\/100|[from] item: Leftovers\n|upkeep\n|turn|29\n|c| IncandescentCandle|252 SpA Volcanion Sludge Wave vs. 248 HP \/ 252+ SpD Tera Water Skeledirge: 90-106 (21.8 - 25.7%) -- 1.5% chance to 4HKO\n|c|\u2606Viviexists|No you didn\u2019t misplay I\u2019m just based\n|c| IncandescentCandle|so true\n|c| IncandescentCandle|,3\n|c| IncandescentCandle|<3\n|\n|t:|1699124607\n|move|p1a: Revolt|Flamethrower|p2a: Beetlejuice\n|-resisted|p2a: Beetlejuice\n|-damage|p2a: Beetlejuice|53\/100\n|move|p2a: Beetlejuice|Hex|p1a: Revolt\n|-damage|p1a: Revolt|72\/100\n|\n|-weather|none\n|-heal|p1a: Revolt|78\/100|[from] item: Leftovers\n|upkeep\n|turn|30\n|c| Malice Incarnate|i dint even notice the tera yeah ivy cudgle prob OHKOed\n|c|\u2606Moonz_e|Nah i did\n|c|\u2606Moonz_e|Flamethrower did more\n|\n|t:|1699124619\n|move|p1a: Revolt|Sludge Wave|p2a: Beetlejuice\n|-crit|p2a: Beetlejuice\n|-damage|p2a: Beetlejuice|21\/100\n|move|p2a: Beetlejuice|Torch Song|p1a: Revolt\n|-resisted|p1a: Revolt\n|-damage|p1a: Revolt|71\/100\n|-boost|p2a: Beetlejuice|spa|1\n|\n|-heal|p1a: Revolt|77\/100|[from] item: Leftovers\n|upkeep\n|turn|31\n|c|\u2606Moonz_e|Ayo\n|c| Malice Incarnate|CRIT\n|c| Malice Incarnate|HUGE\n|c| ArcticIzagi|Big Crit\n|c|\u2606Moonz_e|Crit the hero?\n|\n|t:|1699124638\n|move|p1a: Revolt|Sludge Wave|p2a: Beetlejuice\n|-damage|p2a: Beetlejuice|0 fnt\n|faint|p2a: Beetlejuice\n|\n|-heal|p1a: Revolt|83\/100|[from] item: Leftovers\n|upkeep\n|\n|t:|1699124642\n|switch|p2a: Poltergeist|Sinistcha|100\/100\n|turn|32\n|c| Malice Incarnate|who won game 1\n|c| GrundleGrimace|huge\n|c|\u2606Moonz_e|I did\n|c| ArcticIzagi|moonz\n|\n|t:|1699124652\n|move|p2a: Poltergeist|Calm Mind|p2a: Poltergeist\n|-boost|p2a: Poltergeist|spa|1\n|-boost|p2a: Poltergeist|spd|1\n|move|p1a: Revolt|Flamethrower|p2a: Poltergeist\n|-supereffective|p2a: Poltergeist\n|-damage|p2a: Poltergeist|64\/100\n|\n|-heal|p2a: Poltergeist|70\/100|[from] item: Leftovers\n|-heal|p1a: Revolt|89\/100|[from] item: Leftovers\n|upkeep\n|turn|33\n|\n|t:|1699124662\n|move|p2a: Poltergeist|Calm Mind|p2a: Poltergeist\n|-boost|p2a: Poltergeist|spa|1\n|-boost|p2a: Poltergeist|spd|1\n|move|p1a: Revolt|Haze|p1a: Revolt\n|-clearallboost\n|\n|-heal|p2a: Poltergeist|76\/100|[from] item: Leftovers\n|-heal|p1a: Revolt|95\/100|[from] item: Leftovers\n|upkeep\n|turn|34\n|c| Malice Incarnate|i hope moonz or athy or nota wins the tourney\n|j| AhiruChan\n|c|\u2606Viviexists|Gen why is this haze huh\n|c|\u2606Viviexists|Like\n|c| Malice Incarnate|for setup\n|c|\u2606Viviexists|specifically this situation\n|c| AhiruChan|Go moonz!\n|c| Malice Incarnate|like\n|c|\u2606Moonz_e|I still don't think i beat this Sinistcha\n|\n|t:|1699124692\n|move|p2a: Poltergeist|Matcha Gotcha|p1a: Revolt\n|-damage|p1a: Revolt|65\/100\n|-heal|p2a: Poltergeist|92\/100|[from] drain|[of] p1a: Revolt\n|move|p1a: Revolt|Flamethrower|p2a: Poltergeist\n|-supereffective|p2a: Poltergeist\n|-damage|p2a: Poltergeist|34\/100\n|\n|-heal|p2a: Poltergeist|40\/100|[from] item: Leftovers\n|-heal|p1a: Revolt|71\/100|[from] item: Leftovers\n|upkeep\n|turn|35\n|c| Destinum|Moonz saw this matchup 5 years in the future.\n|c| Malice Incarnate|molt flamethrower should beat sin\n|c|\u2606Moonz_e|Why do you say that Dest?\n|c| Malice Incarnate|cause 4x resist\n|c| Malice Incarnate|maybe hurricane too\n|c| Destinum|The Haze tech.\n|c|\u2606Moonz_e|Lol, bro thinks i run an offensive move on Molt\n|c| IncandescentCandle|wtf are you mono turn are you insane\n|c| Malice Incarnate|dest when did you get a deep purple name\n|c|\u2606Moonz_e|(i can say that i revealed the whole set anyway if anyone checked)\n|c|\u2606Viviexists|No crits no rolls no crits no rolls no crits no rolls\n|c| IncandescentCandle|ohhhh wait no its fire you have to fit defog\n|\n|t:|1699124768\n|move|p2a: Poltergeist|Calm Mind|p2a: Poltergeist\n|-boost|p2a: Poltergeist|spa|1\n|-boost|p2a: Poltergeist|spd|1\n|move|p1a: Revolt|Flamethrower|p2a: Poltergeist\n|-supereffective|p2a: Poltergeist\n|-damage|p2a: Poltergeist|5\/100\n|\n|-heal|p2a: Poltergeist|11\/100|[from] item: Leftovers\n|-heal|p1a: Revolt|77\/100|[from] item: Leftovers\n|upkeep\n|turn|36\n|c| Destinum|This has always been my color on Showdown.\n|\n|t:|1699124780\n|move|p2a: Poltergeist|Strength Sap|p1a: Revolt\n|-unboost|p1a: Revolt|atk|1\n|-heal|p2a: Poltergeist|76\/100\n|move|p1a: Revolt|Haze|p1a: Revolt\n|-clearallboost\n|\n|-heal|p2a: Poltergeist|82\/100|[from] item: Leftovers\n|-heal|p1a: Revolt|83\/100|[from] item: Leftovers\n|upkeep\n|turn|37\n|c| AhiruChan|Crit\n|c|\u2606Moonz_e|WHAT?\n|c| Malice Incarnate|even defensive molt runs flamethrower and should hard wall sini\n|c| AhiruChan|Haze crit\n|c|\u2606Moonz_e|Does strentgh sap heal more there????\n|c|\u2606Viviexists|Volcanion has like\n|c| Malice Incarnate|cause roost and the 3x grass resist\n|c|\u2606Viviexists|A lot of attack\n|l| GrundleGrimace\n|c| Malice Incarnate|4x\n|j| GrundleGrimace\n|\n|t:|1699124827\n|move|p2a: Poltergeist|Calm Mind|p2a: Poltergeist\n|-boost|p2a: Poltergeist|spa|1\n|-boost|p2a: Poltergeist|spd|1\n|move|p1a: Revolt|Flamethrower|p2a: Poltergeist\n|-supereffective|p2a: Poltergeist\n|-damage|p2a: Poltergeist|48\/100\n|\n|-heal|p2a: Poltergeist|54\/100|[from] item: Leftovers\n|-heal|p1a: Revolt|89\/100|[from] item: Leftovers\n|upkeep\n|turn|38\n|c| AhiruChan|Also what does color on showdown even decided by?\n|c| Malice Incarnate|dest i swear your names has always been blue or red\n|c| IncandescentCandle|we joked about wild charge volc once\n|\n|t:|1699124839\n|move|p2a: Poltergeist|Matcha Gotcha|p1a: Revolt\n|-damage|p1a: Revolt|41\/100\n|-heal|p2a: Poltergeist|79\/100|[from] drain|[of] p1a: Revolt\n|move|p1a: Revolt|Haze|p1a: Revolt\n|-clearallboost\n|\n|-heal|p2a: Poltergeist|85\/100|[from] item: Leftovers\n|-heal|p1a: Revolt|47\/100|[from] item: Leftovers\n|upkeep\n|turn|39\n|\n|t:|1699124850\n|move|p2a: Poltergeist|Matcha Gotcha|p1a: Revolt\n|-damage|p1a: Revolt|16\/100\n|-heal|p2a: Poltergeist|100\/100|[from] drain|[of] p1a: Revolt\n|move|p1a: Revolt|Flamethrower|p2a: Poltergeist\n|-supereffective|p2a: Poltergeist\n|-damage|p2a: Poltergeist|47\/100\n|\n|-heal|p2a: Poltergeist|53\/100|[from] item: Leftovers\n|-heal|p1a: Revolt|22\/100|[from] item: Leftovers\n|upkeep\n|turn|40\n|c| Destinum|The color is determined by the letters of the name in some way. Idk how it works.\n|c| AhiruChan|This one crit\n|\n|t:|1699124872\n|switch|p1a: I Need A Surgeon|Moltres|79\/100\n|move|p2a: Poltergeist|Calm Mind|p2a: Poltergeist\n|-boost|p2a: Poltergeist|spa|1\n|-boost|p2a: Poltergeist|spd|1\n|\n|-heal|p2a: Poltergeist|59\/100|[from] item: Leftovers\n|upkeep\n|turn|41\n|c| Malice Incarnate|yeah, i make sure all my names are green\n|c| Malice Incarnate|its my fav colour\n|c|\u2606Moonz_e|Yeah i lose to this sinistcha\n|c|\u2606Moonz_e|Pretty sure\n|c|\u2606Moonz_e|It's fine tho\n|\n|t:|1699124895\n|move|p1a: I Need A Surgeon|Will-O-Wisp|p2a: Poltergeist|[miss]\n|-miss|p1a: I Need A Surgeon|p2a: Poltergeist\n|move|p2a: Poltergeist|Strength Sap|p1a: I Need A Surgeon\n|-unboost|p1a: I Need A Surgeon|atk|1\n|-heal|p2a: Poltergeist|100\/100\n|\n|upkeep\n|turn|42\n|c|\u2606Moonz_e|Can you heat one wisp Molt?\n|c| Malice Incarnate|heatproof is immune to wisp\n|c|\u2606Moonz_e|Please?\n|c|\u2606Moonz_e|Oh\n|c|\u2606Moonz_e|Ok\n|c|\u2606Moonz_e|Still!\n|\n|t:|1699124912\n|move|p1a: I Need A Surgeon|U-turn|p2a: Poltergeist\n|-damage|p2a: Poltergeist|94\/100\n|\n|t:|1699124915\n|switch|p1a: Growing Older|Torkoal, F|77\/100|[from] U-turn\n|-weather|SunnyDay|[from] ability: Drought|[of] p1a: Growing Older\n|move|p2a: Poltergeist|Calm Mind|p2a: Poltergeist\n|-boost|p2a: Poltergeist|spa|1\n|-boost|p2a: Poltergeist|spd|1\n|\n|-weather|SunnyDay|[upkeep]\n|-heal|p2a: Poltergeist|99\/100|[from] item: Leftovers\n|upkeep\n|turn|43\n|c| IncandescentCandle|This is insane.\n|\n|t:|1699124927\n|move|p2a: Poltergeist|Shadow Ball|p1a: Growing Older\n|-damage|p1a: Growing Older|0 fnt\n|faint|p1a: Growing Older\n|\n|-weather|SunnyDay|[upkeep]\n|-heal|p2a: Poltergeist|100\/100|[from] item: Leftovers\n|upkeep\n|c| AhiruChan|Did moonz lose or won thr last one?\n|\n|t:|1699124937\n|switch|p1a: Revolt|Volcanion|22\/100\n|turn|44\n|c|\u2606Moonz_e|I won game 1\n|\n|t:|1699124946\n|move|p2a: Poltergeist|Shadow Ball|p1a: Revolt\n|-damage|p1a: Revolt|0 fnt\n|faint|p1a: Revolt\n|\n|-weather|SunnyDay|[upkeep]\n|upkeep\n|c| AhiruChan|This one crit\n|c| Destinum|Heatproof doesn't make you immune to burn, it just halves the DoT damage.\n|c| Malice Incarnate|nvm you can burn heatproof, it just does half damage\n|c|\u2606Moonz_e|Gg\n|\n|t:|1699124957\n|switch|p1a: I Need A Surgeon|Moltres|79\/100\n|turn|45\n|\n|t:|1699124961\n|move|p1a: I Need A Surgeon|U-turn|p2a: Poltergeist\n|-damage|p2a: Poltergeist|91\/100\n|move|p2a: Poltergeist|Shadow Ball|p1a: I Need A Surgeon\n|-damage|p1a: I Need A Surgeon|33\/100\n|\n|-weather|SunnyDay|[upkeep]\n|-heal|p2a: Poltergeist|97\/100|[from] item: Leftovers\n|upkeep\n|turn|46\n|c|\u2606Viviexists|Sinistcha my goat\n|\n|t:|1699124970\n|move|p1a: I Need A Surgeon|U-turn|p2a: Poltergeist\n|-damage|p2a: Poltergeist|86\/100\n|move|p2a: Poltergeist|Shadow Ball|p1a: I Need A Surgeon\n|-damage|p1a: I Need A Surgeon|0 fnt\n|faint|p1a: I Need A Surgeon\n|\n|win|Viviexists\n|l| Malice Incarnate\n|c|\u2606Moonz_e|It's fine, i win the mirror\n","uploadtime":1699124977,"views":21,"p1id":"moonze","p2id":"viviexists","formatid":"gen9nationaldexubers","rating":0,"private":0,"password":""}