{"id":"gen9nationaldexubers-1993158568","p1":"GameKnightXD","p2":"NuggetDaPichu","format":"[Gen 9] National Dex Ubers","log":"|j|\u2606GameKnightXD\n|j|\u2606NuggetDaPichu\n|t:|1700271871\n|gametype|singles\n|player|p1|GameKnightXD|iono|\n|player|p2|NuggetDaPichu|pokemaniac|\n|teamsize|p1|6\n|teamsize|p2|6\n|gen|9\n|tier|[Gen 9] National Dex Ubers\n|rule|HP Percentage Mod: HP is shown in percentages\n|rule|Endless Battle Clause: Forcing endless battles is banned\n|rule|OHKO Clause: OHKO moves are banned\n|rule|Evasion Moves Clause: Evasion moves are banned\n|rule|Evasion Items Clause: Evasion items are banned\n|rule|Species Clause: Limit one of each Pok\u00e9mon\n|rule|Sleep Clause Mod: Limit one foe put to sleep\n|rule|Mega Rayquaza Clause: You cannot mega evolve Rayquaza\n|clearpoke\n|poke|p1|Charizard, M|\n|poke|p1|Palafin, M|\n|poke|p1|Diggersby, M|\n|poke|p1|Brambleghast, M|\n|poke|p1|Altaria, F|\n|poke|p1|Togekiss, M|\n|poke|p2|Cresselia, F|\n|poke|p2|Leafeon, F|\n|poke|p2|Ursaluna, M|\n|poke|p2|Conkeldurr, M|\n|poke|p2|Mr. Rime, M|\n|poke|p2|Slurpuff, M|\n|teampreview\n|\n|t:|1700271875\n|start\n|switch|p1a: Espinas|Charizard, M, shiny|100\/100\n|switch|p2a: I'll Tap That|Mr. Rime, M, shiny|100\/100\n|turn|1\n|\n|t:|1700271885\n|switch|p2a: Feddy Rizzbear|Ursaluna, M, shiny|100\/100\n|move|p1a: Espinas|Dragon Dance|p1a: Espinas\n|-boost|p1a: Espinas|atk|1\n|-boost|p1a: Espinas|spe|1\n|\n|upkeep\n|turn|2\n|\n|t:|1700271893\n|move|p1a: Espinas|Dragon Dance|p1a: Espinas\n|-boost|p1a: Espinas|atk|1\n|-boost|p1a: Espinas|spe|1\n|move|p2a: Feddy Rizzbear|Swords Dance|p2a: Feddy Rizzbear\n|-boost|p2a: Feddy Rizzbear|atk|2\n|\n|upkeep\n|turn|3\n|\n|t:|1700271904\n|detailschange|p1a: Espinas|Charizard-Mega-X, M, shiny\n|-mega|p1a: Espinas|Charizard|Charizardite X\n|move|p1a: Espinas|Dragon Claw|p2a: Feddy Rizzbear\n|-damage|p2a: Feddy Rizzbear|12\/100\n|move|p2a: Feddy Rizzbear|Counter|p1a: Espinas\n|-damage|p1a: Espinas|0 fnt\n|faint|p1a: Espinas\n|\n|upkeep\n|j| jayklod\n|\n|t:|1700271919\n|switch|p1a: KAIO-KEN|Palafin, M, shiny|100\/100\n|turn|4\n|\n|t:|1700271924\n|switch|p2a: I Use Trick Room|Leafeon, F, shiny|100\/100\n|move|p1a: KAIO-KEN|Flip Turn|p2a: I Use Trick Room\n|-resisted|p2a: I Use Trick Room\n|-damage|p2a: I Use Trick Room|90\/100\n|\n|t:|1700271930\n|detailschange|p1a: KAIO-KEN|Palafin-Hero, M, shiny\n|switch|p1a: Budget Jirachi|Togekiss, M, shiny|100\/100|[from] Flip Turn\n|\n|upkeep\n|turn|5\n|\n|t:|1700271936\n|switch|p2a: MiMiMiMiMiMiMiMi|Cresselia, F, shiny|100\/100\n|move|p1a: Budget Jirachi|Air Slash|p2a: MiMiMiMiMiMiMiMi\n|-damage|p2a: MiMiMiMiMiMiMiMi|84\/100\n|\n|upkeep\n|turn|6\n|\n|t:|1700271943\n|move|p1a: Budget Jirachi|Thunder Wave|p2a: MiMiMiMiMiMiMiMi\n|-status|p2a: MiMiMiMiMiMiMiMi|par\n|move|p2a: MiMiMiMiMiMiMiMi|Trick Room|p2a: MiMiMiMiMiMiMiMi\n|-fieldstart|move: Trick Room|[of] p2a: MiMiMiMiMiMiMiMi\n|\n|upkeep\n|turn|7\n|\n|t:|1700271949\n|move|p2a: MiMiMiMiMiMiMiMi|Calm Mind|p2a: MiMiMiMiMiMiMiMi\n|-boost|p2a: MiMiMiMiMiMiMiMi|spa|1\n|-boost|p2a: MiMiMiMiMiMiMiMi|spd|1\n|move|p1a: Budget Jirachi|Air Slash|p2a: MiMiMiMiMiMiMiMi\n|-damage|p2a: MiMiMiMiMiMiMiMi|72\/100 par\n|\n|upkeep\n|turn|8\n|\n|t:|1700271956\n|switch|p1a: Bugs|Diggersby, M, shiny|100\/100\n|move|p2a: MiMiMiMiMiMiMiMi|Calm Mind|p2a: MiMiMiMiMiMiMiMi\n|-boost|p2a: MiMiMiMiMiMiMiMi|spa|1\n|-boost|p2a: MiMiMiMiMiMiMiMi|spd|1\n|\n|upkeep\n|turn|9\n|\n|t:|1700271964\n|move|p2a: MiMiMiMiMiMiMiMi|Moonblast|p1a: Bugs\n|-crit|p1a: Bugs\n|-damage|p1a: Bugs|25\/100\n|move|p1a: Bugs|Knock Off|p2a: MiMiMiMiMiMiMiMi\n|-supereffective|p2a: MiMiMiMiMiMiMiMi\n|-damage|p2a: MiMiMiMiMiMiMiMi|12\/100 par\n|-enditem|p2a: MiMiMiMiMiMiMiMi|Covert Cloak|[from] move: Knock Off|[of] p1a: Bugs\n|\n|upkeep\n|turn|10\n|\n|t:|1700271971\n|move|p2a: MiMiMiMiMiMiMiMi|Moonblast|p1a: Bugs\n|-damage|p1a: Bugs|0 fnt\n|faint|p1a: Bugs\n|\n|-fieldend|move: Trick Room\n|upkeep\n|\n|t:|1700271980\n|switch|p1a: Budget Jirachi|Togekiss, M, shiny|100\/100\n|turn|11\n|\n|t:|1700271984\n|move|p1a: Budget Jirachi|Air Slash|p2a: MiMiMiMiMiMiMiMi\n|-damage|p2a: MiMiMiMiMiMiMiMi|3\/100 par\n|cant|p2a: MiMiMiMiMiMiMiMi|flinch\n|\n|upkeep\n|turn|12\n|\n|t:|1700271990\n|move|p1a: Budget Jirachi|Air Slash|p2a: MiMiMiMiMiMiMiMi\n|-damage|p2a: MiMiMiMiMiMiMiMi|0 fnt\n|faint|p2a: MiMiMiMiMiMiMiMi\n|\n|upkeep\n|\n|t:|1700272001\n|switch|p2a: I'll Tap That|Mr. Rime, M, shiny|100\/100\n|turn|13\n|\n|t:|1700272019\n|move|p1a: Budget Jirachi|Thunder Wave|p2a: I'll Tap That\n|-status|p2a: I'll Tap That|par\n|move|p2a: I'll Tap That|Trick Room|p2a: I'll Tap That\n|-fieldstart|move: Trick Room|[of] p2a: I'll Tap That\n|\n|upkeep\n|turn|14\n|\n|t:|1700272028\n|move|p2a: I'll Tap That|Light Screen|p2a: I'll Tap That\n|-sidestart|p2: NuggetDaPichu|move: Light Screen\n|move|p1a: Budget Jirachi|Air Slash|p2a: I'll Tap That|[miss]\n|-miss|p1a: Budget Jirachi|p2a: I'll Tap That\n|\n|upkeep\n|turn|15\n|\n|t:|1700272039\n|switch|p1a: KAIO-KEN|Palafin-Hero, M, shiny|100\/100\n|-activate|p1a: KAIO-KEN|ability: Zero to Hero\n|cant|p2a: I'll Tap That|par\n|\n|upkeep\n|turn|16\n|\n|t:|1700272050\n|move|p1a: KAIO-KEN|Jet Punch|p2a: I'll Tap That\n|-damage|p2a: I'll Tap That|31\/100 par\n|move|p2a: I'll Tap That|Calm Mind|p2a: I'll Tap That\n|-boost|p2a: I'll Tap That|spa|1\n|-boost|p2a: I'll Tap That|spd|1\n|\n|-heal|p2a: I'll Tap That|37\/100 par|[from] item: Leftovers\n|upkeep\n|turn|17\n|\n|t:|1700272060\n|switch|p2a: I Use Trick Room|Leafeon, F, shiny|90\/100\n|move|p1a: KAIO-KEN|Jet Punch|p2a: I Use Trick Room\n|-resisted|p2a: I Use Trick Room\n|-damage|p2a: I Use Trick Room|71\/100\n|\n|-fieldend|move: Trick Room\n|upkeep\n|turn|18\n|\n|t:|1700272077\n|switch|p1a: Piss Baby|Altaria, F, shiny|100\/100\n|move|p2a: I Use Trick Room|Wish|p2a: I Use Trick Room\n|\n|-sideend|p2: NuggetDaPichu|move: Light Screen\n|upkeep\n|turn|19\n|\n|t:|1700272086\n|move|p1a: Piss Baby|Will-O-Wisp|p2a: I Use Trick Room\n|-status|p2a: I Use Trick Room|brn\n|move|p2a: I Use Trick Room|Iron Tail|p1a: Piss Baby|[miss]\n|-miss|p2a: I Use Trick Room|p1a: Piss Baby\n|\n|-heal|p2a: I Use Trick Room|100\/100 brn|[from] move: Wish|[wisher] I Use Trick Room\n|-damage|p2a: I Use Trick Room|95\/100 brn|[from] brn\n|upkeep\n|turn|20\n|\n|t:|1700272096\n|move|p1a: Piss Baby|Body Slam|p2a: I Use Trick Room\n|-damage|p2a: I Use Trick Room|83\/100 brn\n|move|p2a: I Use Trick Room|Wish|p2a: I Use Trick Room\n|\n|-damage|p2a: I Use Trick Room|77\/100 brn|[from] brn\n|upkeep\n|turn|21\n|\n|t:|1700272104\n|switch|p1a: Budget Jirachi|Togekiss, M, shiny|100\/100\n|move|p2a: I Use Trick Room|Swords Dance|p2a: I Use Trick Room\n|-boost|p2a: I Use Trick Room|atk|2\n|\n|-heal|p2a: I Use Trick Room|100\/100 brn|[from] move: Wish|[wisher] I Use Trick Room\n|-damage|p2a: I Use Trick Room|95\/100 brn|[from] brn\n|upkeep\n|turn|22\n|\n|t:|1700272113\n|move|p1a: Budget Jirachi|Air Slash|p2a: I Use Trick Room\n|-supereffective|p2a: I Use Trick Room\n|-damage|p2a: I Use Trick Room|0 fnt\n|faint|p2a: I Use Trick Room\n|\n|upkeep\n|\n|t:|1700272119\n|switch|p2a: We Go Gym|Conkeldurr, M, shiny|100\/100\n|turn|23\n|\n|t:|1700272129\n|move|p1a: Budget Jirachi|Dazzling Gleam|p2a: We Go Gym\n|-supereffective|p2a: We Go Gym\n|-damage|p2a: We Go Gym|28\/100\n|move|p2a: We Go Gym|Knock Off|p1a: Budget Jirachi\n|-resisted|p1a: Budget Jirachi\n|-damage|p1a: Budget Jirachi|85\/100\n|-enditem|p1a: Budget Jirachi|Leftovers|[from] move: Knock Off|[of] p2a: We Go Gym\n|\n|upkeep\n|turn|24\n|\n|t:|1700272137\n|move|p1a: Budget Jirachi|Dazzling Gleam|p2a: We Go Gym\n|-supereffective|p2a: We Go Gym\n|-damage|p2a: We Go Gym|0 fnt\n|faint|p2a: We Go Gym\n|\n|upkeep\n|\n|t:|1700272141\n|switch|p2a: Diabeto|Slurpuff, M, shiny|100\/100\n|turn|25\n|\n|t:|1700272145\n|move|p1a: Budget Jirachi|Air Slash|p2a: Diabeto\n|-damage|p2a: Diabeto|62\/100\n|cant|p2a: Diabeto|flinch\n|\n|upkeep\n|turn|26\n|\n|t:|1700272149\n|move|p1a: Budget Jirachi|Air Slash|p2a: Diabeto\n|-damage|p2a: Diabeto|28\/100\n|cant|p2a: Diabeto|flinch\n|\n|upkeep\n|turn|27\n|\n|t:|1700272157\n|move|p1a: Budget Jirachi|Air Slash|p2a: Diabeto\n|-damage|p2a: Diabeto|0 fnt\n|faint|p2a: Diabeto\n|\n|upkeep\n|\n|t:|1700272160\n|switch|p2a: Feddy Rizzbear|Ursaluna, M, shiny|12\/100\n|turn|28\n|\n|t:|1700272164\n|move|p1a: Budget Jirachi|Air Slash|p2a: Feddy Rizzbear\n|-damage|p2a: Feddy Rizzbear|0 fnt\n|faint|p2a: Feddy Rizzbear\n|\n|upkeep\n|\n|t:|1700272168\n|switch|p2a: I'll Tap That|Mr. Rime, M, shiny|37\/100 par\n|turn|29\n|\n|t:|1700272171\n|move|p1a: Budget Jirachi|Air Slash|p2a: I'll Tap That\n|-damage|p2a: I'll Tap That|9\/100 par\n|cant|p2a: I'll Tap That|flinch\n|\n|-heal|p2a: I'll Tap That|15\/100 par|[from] item: Leftovers\n|upkeep\n|turn|30\n|\n|t:|1700272178\n|move|p1a: Budget Jirachi|Dazzling Gleam|p2a: I'll Tap That\n|-damage|p2a: I'll Tap That|0 fnt\n|faint|p2a: I'll Tap That\n|\n|win|GameKnightXD\n|l|\u2606NuggetDaPichu\n|l| jayklod\n","uploadtime":1700272211,"views":9,"p1id":"gameknightxd","p2id":"nuggetdapichu","formatid":"gen9nationaldexubers","rating":0,"private":0,"password":""}