{"id":"gen9nationaldexubers-1995949598","p1":"let'sroej1234","p2":"pluiebluie","format":"[Gen 9] National Dex Ubers","log":"|j|\u2606let'sroej1234\n|j|\u2606pluiebluie\n|t:|1700620977\n|gametype|singles\n|player|p1|let'sroej1234|brock|1059\n|player|p2|pluiebluie|2|1100\n|teamsize|p1|6\n|teamsize|p2|6\n|gen|9\n|tier|[Gen 9] National Dex Ubers\n|rated|\n|rule|HP Percentage Mod: HP is shown in percentages\n|rule|Endless Battle Clause: Forcing endless battles is banned\n|rule|OHKO Clause: OHKO moves are banned\n|rule|Evasion Moves Clause: Evasion moves are banned\n|rule|Evasion Items Clause: Evasion items are banned\n|rule|Species Clause: Limit one of each Pok\u00e9mon\n|rule|Sleep Clause Mod: Limit one foe put to sleep\n|rule|Mega Rayquaza Clause: You cannot mega evolve Rayquaza\n|clearpoke\n|poke|p1|Salamence, M|\n|poke|p1|Garchomp, M|\n|poke|p1|Altaria, M|\n|poke|p1|Charizard, M|\n|poke|p1|Sceptile, M|\n|poke|p1|Arceus-Dragon|\n|poke|p2|Marowak, F|\n|poke|p2|Ditto|\n|poke|p2|Xurkitree|\n|poke|p2|Corviknight, F|\n|poke|p2|Whimsicott, F|\n|poke|p2|Garganacl, M|\n|teampreview\n|inactive|Battle timer is ON: inactive players will automatically lose when time's up. (requested by let'sroej1234)\n|\n|t:|1700621025\n|start\n|switch|p1a: Arceus|Arceus-Dragon|100\/100\n|switch|p2a: Garganacl|Garganacl, M|100\/100\n|turn|1\n|\n|t:|1700621032\n|move|p1a: Arceus|Hydro Pump|p2a: Garganacl|[miss]\n|-miss|p1a: Arceus|p2a: Garganacl\n|move|p2a: Garganacl|Salt Cure|p1a: Arceus\n|-damage|p1a: Arceus|90\/100\n|-start|p1a: Arceus|Salt Cure\n|\n|-damage|p1a: Arceus|78\/100|[from] Salt Cure\n|upkeep\n|turn|2\n|\n|t:|1700621048\n|switch|p2a: Whimsicott|Whimsicott, F|100\/100\n|move|p1a: Arceus|Hydro Pump|p2a: Whimsicott\n|-resisted|p2a: Whimsicott\n|-damage|p2a: Whimsicott|83\/100\n|\n|-heal|p2a: Whimsicott|89\/100|[from] item: Leftovers\n|-damage|p1a: Arceus|65\/100|[from] Salt Cure\n|upkeep\n|turn|3\n|\n|t:|1700621058\n|move|p2a: Whimsicott|Toxic|p1a: Arceus\n|-status|p1a: Arceus|tox\n|move|p1a: Arceus|Flamethrower|p2a: Whimsicott\n|-supereffective|p2a: Whimsicott\n|-damage|p2a: Whimsicott|29\/100\n|\n|-heal|p2a: Whimsicott|35\/100|[from] item: Leftovers\n|-damage|p1a: Arceus|59\/100 tox|[from] psn\n|-damage|p1a: Arceus|47\/100 tox|[from] Salt Cure\n|upkeep\n|turn|4\n|\n|t:|1700621071\n|switch|p2a: Ditto|Ditto|100\/100\n|-transform|p2a: Ditto|p1a: Arceus|[from] ability: Imposter\n|move|p1a: Arceus|Flamethrower|p2a: Ditto\n|-resisted|p2a: Ditto\n|-damage|p2a: Ditto|84\/100\n|\n|-damage|p1a: Arceus|35\/100 tox|[from] psn\n|-damage|p1a: Arceus|23\/100 tox|[from] Salt Cure\n|upkeep\n|turn|5\n|\n|t:|1700621092\n|-terastallize|p2a: Ditto|Normal\n|move|p2a: Ditto|Roar of Time|p1a: Arceus\n|-supereffective|p1a: Arceus\n|-damage|p1a: Arceus|0 fnt\n|-mustrecharge|p2a: Ditto\n|faint|p1a: Arceus\n|\n|upkeep\n|\n|t:|1700621098\n|switch|p1a: Garchomp|Garchomp, M, shiny|100\/100\n|turn|6\n|\n|t:|1700621103\n|cant|p2a: Ditto|recharge\n|move|p1a: Garchomp|Dragon Pulse|p2a: Ditto\n|-damage|p2a: Ditto|53\/100\n|\n|upkeep\n|turn|7\n|\n|t:|1700621109\n|move|p2a: Ditto|Roar of Time|p1a: Garchomp|[miss]\n|-miss|p2a: Ditto|p1a: Garchomp\n|move|p1a: Garchomp|Dragon Tail|p2a: Ditto\n|-damage|p2a: Ditto|29\/100\n|drag|p2a: Xurkitree|Xurkitree|100\/100\n|\n|upkeep\n|turn|8\n|c|\u2606pluiebluie|im HP ice\n|c|\u2606pluiebluie|not a smart move man\n|\n|t:|1700621135\n|move|p2a: Xurkitree|Hidden Power|p1a: Garchomp\n|-supereffective|p1a: Garchomp\n|-damage|p1a: Garchomp|0 fnt\n|faint|p1a: Garchomp\n|-ability|p2a: Xurkitree|Beast Boost|boost\n|-boost|p2a: Xurkitree|spa|1\n|\n|upkeep\n|\n|t:|1700621139\n|switch|p1a: Salamence|Salamence, M, shiny|100\/100\n|turn|9\n|c|\u2606pluiebluie|ur dumb\n|c|\u2606pluiebluie|my boy\n|inactive|pluiebluie has 120 seconds left.\n|c|\u2606pluiebluie|yk im HP ice and i just gotta spa boost and u switch to salamence\n|\n|t:|1700621166\n|move|p2a: Xurkitree|Hidden Power|p1a: Salamence\n|-supereffective|p1a: Salamence\n|-damage|p1a: Salamence|0 fnt\n|faint|p1a: Salamence\n|-ability|p2a: Xurkitree|Beast Boost|boost\n|-boost|p2a: Xurkitree|spa|1\n|\n|upkeep\n|\n|t:|1700621171\n|switch|p1a: Altaria|Altaria, M, shiny|100\/100\n|turn|10\n|\n|t:|1700621178\n|move|p2a: Xurkitree|Hidden Power|p1a: Altaria\n|-supereffective|p1a: Altaria\n|-damage|p1a: Altaria|0 fnt\n|faint|p1a: Altaria\n|-ability|p2a: Xurkitree|Beast Boost|boost\n|-boost|p2a: Xurkitree|spa|1\n|\n|upkeep\n|\n|t:|1700621181\n|switch|p1a: Sceptile|Sceptile, M|100\/100\n|turn|11\n|c|\u2606pluiebluie|u gotta be slow\n|\n|t:|1700621192\n|move|p2a: Xurkitree|Hidden Power|p1a: Sceptile\n|-supereffective|p1a: Sceptile\n|-damage|p1a: Sceptile|0 fnt\n|faint|p1a: Sceptile\n|-ability|p2a: Xurkitree|Beast Boost|boost\n|-boost|p2a: Xurkitree|spa|1\n|\n|upkeep\n|\n|t:|1700621204\n|switch|p1a: Charizard|Charizard, M, shiny|100\/100\n|turn|12\n|\n|t:|1700621218\n|detailschange|p1a: Charizard|Charizard-Mega-Y, M, shiny\n|-mega|p1a: Charizard|Charizard|Charizardite Y\n|-weather|SunnyDay|[from] ability: Drought|[of] p1a: Charizard\n|move|p2a: Xurkitree|Hidden Power|p1a: Charizard\n|-damage|p1a: Charizard|7\/100\n|move|p1a: Charizard|Dragon Claw|p2a: Xurkitree\n|-crit|p2a: Xurkitree\n|-damage|p2a: Xurkitree|58\/100\n|\n|-weather|SunnyDay|[upkeep]\n|upkeep\n|turn|13\n|-message|let'sroej1234 forfeited.\n|\n|win|pluiebluie\n|raw|let&apos;sroej1234's rating: 1059 &rarr; <strong>1042<\/strong><br \/>(-17 for losing)\n|raw|pluiebluie's rating: 1100 &rarr; <strong>1122<\/strong><br \/>(+22 for winning)\n|l|\u2606let'sroej1234\n","uploadtime":1700621235,"views":16,"p1id":"letsroej1234","p2id":"pluiebluie","formatid":"gen9nationaldexubers","rating":1042,"private":0,"password":""}