{"id":"gen9nationaldexubers-1988755832","p1":"Kai Zomei","p2":"BaraTheUmbraKing","format":"[Gen 9] National Dex Ubers","log":"|j|\u2606Kai Zomei\n|j|\u2606BaraTheUmbraKing\n|t:|1699759045\n|gametype|singles\n|player|p1|Kai Zomei|gambler|\n|player|p2|BaraTheUmbraKing|bellelba|\n|teamsize|p1|6\n|teamsize|p2|6\n|gen|9\n|tier|[Gen 9] National Dex Ubers\n|rule|HP Percentage Mod: HP is shown in percentages\n|rule|Endless Battle Clause: Forcing endless battles is banned\n|rule|OHKO Clause: OHKO moves are banned\n|rule|Evasion Moves Clause: Evasion moves are banned\n|rule|Evasion Items Clause: Evasion items are banned\n|rule|Species Clause: Limit one of each Pok\u00e9mon\n|rule|Sleep Clause Mod: Limit one foe put to sleep\n|rule|Mega Rayquaza Clause: You cannot mega evolve Rayquaza\n|clearpoke\n|poke|p1|Aerodactyl, M|\n|poke|p1|Landorus-Therian, M|\n|poke|p1|Ninetales-Alola, F|\n|poke|p1|Typhlosion-Hisui, M|\n|poke|p1|Quagsire, M|\n|poke|p1|Meloetta|\n|poke|p2|Abomasnow, M|\n|poke|p2|Golurk|\n|poke|p2|Muk-Alola, M|\n|poke|p2|Porygon2|\n|poke|p2|Iron Moth|\n|poke|p2|Kleavor, M|\n|teampreview\n|j| Saradominphat\n|j| dcmrulz\n|\n|t:|1699759074\n|start\n|switch|p1a: Shere Khan|Landorus-Therian, M|100\/100\n|switch|p2a: Porygon2|Porygon2|100\/100\n|-ability|p1a: Shere Khan|Intimidate|boost\n|-unboost|p2a: Porygon2|atk|1\n|-ability|p2a: Porygon2|Intimidate|boost\n|-unboost|p1a: Shere Khan|atk|1\n|-ability|p2a: Porygon2|Intimidate|[from] ability: Trace|[of] p1a: Shere Khan\n|turn|1\n|j| VantaZack\n|\n|t:|1699759086\n|move|p1a: Shere Khan|Hammer Arm|p2a: Porygon2\n|-supereffective|p2a: Porygon2\n|-damage|p2a: Porygon2|75\/100\n|-unboost|p1a: Shere Khan|spe|1\n|move|p2a: Porygon2|Ice Beam|p1a: Shere Khan\n|-supereffective|p1a: Shere Khan\n|-damage|p1a: Shere Khan|4\/100\n|\n|upkeep\n|turn|2\n|\n|t:|1699759100\n|switch|p1a: Snowy|Ninetales-Alola, F|100\/100\n|-weather|Snow|[from] ability: Snow Warning|[of] p1a: Snowy\n|move|p2a: Porygon2|Shadow Ball|p1a: Snowy\n|-damage|p1a: Snowy|78\/100\n|-unboost|p1a: Snowy|spd|1\n|\n|-weather|Snow|[upkeep]\n|upkeep\n|turn|3\n|\n|t:|1699759115\n|move|p1a: Snowy|Aurora Veil|p1a: Snowy\n|-sidestart|p1: Kai Zomei|move: Aurora Veil\n|move|p2a: Porygon2|Shadow Ball|p1a: Snowy\n|-damage|p1a: Snowy|61\/100\n|\n|-weather|Snow|[upkeep]\n|upkeep\n|turn|4\n|\n|t:|1699759124\n|move|p1a: Snowy|Moonblast|p2a: Porygon2\n|-damage|p2a: Porygon2|53\/100\n|move|p2a: Porygon2|Thunder Wave|p1a: Snowy\n|-status|p1a: Snowy|par\n|\n|-weather|Snow|[upkeep]\n|upkeep\n|turn|5\n|\n|t:|1699759132\n|cant|p1a: Snowy|par\n|move|p2a: Porygon2|Recover|p2a: Porygon2\n|-heal|p2a: Porygon2|100\/100\n|\n|-weather|Snow|[upkeep]\n|upkeep\n|turn|6\n|\n|t:|1699759139\n|move|p1a: Snowy|Blizzard|p2a: Porygon2\n|-damage|p2a: Porygon2|75\/100\n|move|p2a: Porygon2|Shadow Ball|p1a: Snowy\n|-damage|p1a: Snowy|46\/100 par\n|-unboost|p1a: Snowy|spd|1\n|\n|-weather|none\n|upkeep\n|turn|7\n|\n|t:|1699759148\n|cant|p1a: Snowy|par\n|move|p2a: Porygon2|Shadow Ball|p1a: Snowy\n|-damage|p1a: Snowy|22\/100 par\n|-unboost|p1a: Snowy|spd|1\n|\n|upkeep\n|turn|8\n|\n|t:|1699759156\n|move|p1a: Snowy|Moonblast|p2a: Porygon2\n|-damage|p2a: Porygon2|51\/100\n|move|p2a: Porygon2|Recover|p2a: Porygon2\n|-heal|p2a: Porygon2|100\/100\n|\n|upkeep\n|turn|9\n|\n|t:|1699759168\n|cant|p1a: Snowy|par\n|move|p2a: Porygon2|Shadow Ball|p1a: Snowy\n|-damage|p1a: Snowy|0 fnt\n|faint|p1a: Snowy\n|\n|upkeep\n|\n|t:|1699759202\n|switch|p1a: Bogmire|Quagsire, M|100\/100\n|turn|10\n|\n|t:|1699759216\n|move|p2a: Porygon2|Shadow Ball|p1a: Bogmire\n|-damage|p1a: Bogmire|89\/100\n|move|p1a: Bogmire|Sludge Bomb|p2a: Porygon2\n|-damage|p2a: Porygon2|91\/100\n|\n|-heal|p1a: Bogmire|95\/100|[from] item: Leftovers\n|-sideend|p1: Kai Zomei|move: Aurora Veil\n|upkeep\n|turn|11\n|\n|t:|1699759227\n|move|p2a: Porygon2|Shadow Ball|p1a: Bogmire\n|-damage|p1a: Bogmire|73\/100\n|-unboost|p1a: Bogmire|spd|1\n|move|p1a: Bogmire|Sludge Bomb|p2a: Porygon2\n|-damage|p2a: Porygon2|82\/100\n|\n|-heal|p1a: Bogmire|79\/100|[from] item: Leftovers\n|upkeep\n|turn|12\n|\n|t:|1699759236\n|move|p2a: Porygon2|Shadow Ball|p1a: Bogmire\n|-damage|p1a: Bogmire|42\/100\n|-unboost|p1a: Bogmire|spd|1\n|move|p1a: Bogmire|Sludge Bomb|p2a: Porygon2\n|-damage|p2a: Porygon2|72\/100\n|\n|-heal|p1a: Bogmire|48\/100|[from] item: Leftovers\n|upkeep\n|turn|13\n|\n|t:|1699759248\n|switch|p1a: Arianne|Meloetta|100\/100\n|move|p2a: Porygon2|Shadow Ball|p1a: Arianne\n|-immune|p1a: Arianne\n|\n|upkeep\n|turn|14\n|\n|t:|1699759256\n|move|p1a: Arianne|Focus Blast|p2a: Porygon2\n|-supereffective|p2a: Porygon2\n|-damage|p2a: Porygon2|0 fnt\n|faint|p2a: Porygon2\n|\n|upkeep\n|\n|t:|1699759267\n|switch|p2a: Muk|Muk-Alola, M|100\/100\n|turn|15\n|\n|t:|1699759270\n|move|p1a: Arianne|Focus Blast|p2a: Muk\n|-damage|p2a: Muk|75\/100\n|-unboost|p2a: Muk|spd|1\n|move|p2a: Muk|Pursuit|p1a: Arianne\n|-supereffective|p1a: Arianne\n|-damage|p1a: Arianne|62\/100\n|-status|p1a: Arianne|psn|[from] ability: Poison Touch|[of] p2a: Muk\n|\n|-damage|p1a: Arianne|49\/100 psn|[from] psn\n|upkeep\n|turn|16\n|\n|t:|1699759282\n|switch|p2a: Golurk|Golurk|100\/100\n|move|p1a: Arianne|Focus Blast|p2a: Golurk\n|-immune|p2a: Golurk\n|\n|-damage|p1a: Arianne|37\/100 psn|[from] psn\n|upkeep\n|turn|17\n|\n|t:|1699759296\n|switch|p1a: Bogmire|Quagsire, M|48\/100\n|move|p2a: Golurk|Rock Polish|p2a: Golurk\n|-boost|p2a: Golurk|spe|2\n|\n|-heal|p1a: Bogmire|55\/100|[from] item: Leftovers\n|upkeep\n|turn|18\n|\n|t:|1699759308\n|move|p2a: Golurk|Close Combat|p1a: Bogmire\n|-damage|p1a: Bogmire|29\/100\n|-unboost|p2a: Golurk|def|1\n|-unboost|p2a: Golurk|spd|1\n|move|p1a: Bogmire|Scald|p2a: Golurk\n|-supereffective|p2a: Golurk\n|-damage|p2a: Golurk|52\/100\n|\n|-heal|p1a: Bogmire|35\/100|[from] item: Leftovers\n|upkeep\n|turn|19\n|\n|t:|1699759322\n|switch|p2a: Kleavor|Kleavor, M|100\/100\n|move|p1a: Bogmire|Scald|p2a: Kleavor\n|-supereffective|p2a: Kleavor\n|-damage|p2a: Kleavor|38\/100\n|\n|-heal|p1a: Bogmire|41\/100|[from] item: Leftovers\n|upkeep\n|turn|20\n|\n|t:|1699759335\n|move|p2a: Kleavor|Tailwind|p2a: Kleavor\n|-sidestart|p2: BaraTheUmbraKing|move: Tailwind\n|move|p1a: Bogmire|Scald|p2a: Kleavor\n|-supereffective|p2a: Kleavor\n|-damage|p2a: Kleavor|0 fnt\n|faint|p2a: Kleavor\n|\n|-heal|p1a: Bogmire|47\/100|[from] item: Leftovers\n|upkeep\n|\n|t:|1699759344\n|switch|p2a: Abomasnow|Abomasnow, M|100\/100\n|-weather|Snow|[from] ability: Snow Warning|[of] p2a: Abomasnow\n|turn|21\n|\n|t:|1699759356\n|switch|p1a: Onibi|Typhlosion-Hisui, M|100\/100\n|-item|p2a: Abomasnow|Abomasite|[from] ability: Frisk|[of] p1a: Onibi|[identify]\n|detailschange|p2a: Abomasnow|Abomasnow-Mega, M\n|-mega|p2a: Abomasnow|Abomasnow|Abomasite\n|move|p2a: Abomasnow|Giga Drain|p1a: Onibi\n|-resisted|p1a: Onibi\n|-damage|p1a: Onibi|72\/100\n|\n|-weather|Snow|[upkeep]\n|upkeep\n|turn|22\n|j| Oakin64\n|\n|t:|1699759368\n|switch|p2a: Muk|Muk-Alola, M|75\/100\n|move|p1a: Onibi|Lava Plume|p2a: Muk\n|-damage|p2a: Muk|59\/100\n|\n|-weather|Snow|[upkeep]\n|upkeep\n|turn|23\n|\n|t:|1699759394\n|switch|p1a: Bogmire|Quagsire, M|47\/100\n|move|p2a: Muk|Knock Off|p1a: Bogmire\n|-damage|p1a: Bogmire|23\/100\n|-status|p1a: Bogmire|psn|[from] ability: Poison Touch|[of] p2a: Muk\n|-enditem|p1a: Bogmire|Leftovers|[from] move: Knock Off|[of] p2a: Muk\n|\n|-weather|Snow|[upkeep]\n|-damage|p1a: Bogmire|10\/100 psn|[from] psn\n|-sideend|p2: BaraTheUmbraKing|move: Tailwind\n|upkeep\n|turn|24\n|\n|t:|1699759406\n|move|p2a: Muk|Knock Off|p1a: Bogmire\n|-damage|p1a: Bogmire|0 fnt\n|faint|p1a: Bogmire\n|\n|-weather|Snow|[upkeep]\n|upkeep\n|\n|t:|1699759414\n|switch|p1a: Petrie|Aerodactyl, M, shiny|100\/100\n|turn|25\n|\n|t:|1699759420\n|switch|p2a: Abomasnow|Abomasnow-Mega, M|100\/100\n|detailschange|p1a: Petrie|Aerodactyl-Mega, M, shiny\n|-mega|p1a: Petrie|Aerodactyl|Aerodactylite\n|move|p1a: Petrie|Earthquake|p2a: Abomasnow\n|-resisted|p2a: Abomasnow\n|-damage|p2a: Abomasnow|91\/100\n|\n|-weather|none\n|upkeep\n|turn|26\n|\n|t:|1699759444\n|switch|p1a: Shere Khan|Landorus-Therian, M|4\/100\n|-ability|p1a: Shere Khan|Intimidate|boost\n|-unboost|p2a: Abomasnow|atk|1\n|switch|p2a: Golurk|Golurk|52\/100\n|\n|upkeep\n|turn|27\n|\n|t:|1699759457\n|move|p1a: Shere Khan|Earthquake|p2a: Golurk\n|-damage|p2a: Golurk|0 fnt\n|faint|p2a: Golurk\n|\n|upkeep\n|\n|t:|1699759463\n|switch|p2a: Abomasnow|Abomasnow-Mega, M|91\/100\n|-weather|Snow|[from] ability: Snow Warning|[of] p2a: Abomasnow\n|turn|28\n|\n|t:|1699759469\n|move|p2a: Abomasnow|Ice Shard|p1a: Shere Khan\n|-supereffective|p1a: Shere Khan\n|-damage|p1a: Shere Khan|0 fnt\n|faint|p1a: Shere Khan\n|\n|-weather|Snow|[upkeep]\n|upkeep\n|\n|t:|1699759498\n|switch|p1a: Onibi|Typhlosion-Hisui, M|72\/100\n|-item|p2a: Abomasnow|Abomasite|[from] ability: Frisk|[of] p1a: Onibi|[identify]\n|turn|29\n|\n|t:|1699759503\n|switch|p2a: Muk|Muk-Alola, M|59\/100\n|move|p1a: Onibi|Lava Plume|p2a: Muk\n|-damage|p2a: Muk|43\/100\n|-status|p2a: Muk|brn\n|\n|-weather|Snow|[upkeep]\n|-damage|p2a: Muk|37\/100 brn|[from] brn\n|upkeep\n|turn|30\n|\n|t:|1699759515\n|move|p1a: Onibi|Infernal Parade|p2a: Muk\n|-resisted|p2a: Muk\n|-damage|p2a: Muk|24\/100 brn\n|move|p2a: Muk|Knock Off|p1a: Onibi\n|-supereffective|p1a: Onibi\n|-damage|p1a: Onibi|20\/100\n|-enditem|p1a: Onibi|Expert Belt|[from] move: Knock Off|[of] p2a: Muk\n|\n|-weather|Snow|[upkeep]\n|-damage|p2a: Muk|18\/100 brn|[from] brn\n|upkeep\n|turn|31\n|\n|t:|1699759526\n|move|p1a: Onibi|Focus Blast|p2a: Muk\n|-damage|p2a: Muk|3\/100 brn\n|move|p2a: Muk|Knock Off|p1a: Onibi\n|-supereffective|p1a: Onibi\n|-damage|p1a: Onibi|0 fnt\n|faint|p1a: Onibi\n|\n|-weather|Snow|[upkeep]\n|-damage|p2a: Muk|0 fnt|[from] brn\n|faint|p2a: Muk\n|upkeep\n|\n|t:|1699759540\n|switch|p1a: Arianne|Meloetta|37\/100 psn\n|switch|p2a: Abomasnow|Abomasnow-Mega, M|91\/100\n|turn|32\n|\n|t:|1699759556\n|switch|p2a: Iron Moth|Iron Moth|100\/100\n|move|p1a: Arianne|Focus Blast|p2a: Iron Moth|[miss]\n|-miss|p1a: Arianne|p2a: Iron Moth\n|\n|-weather|none\n|-damage|p1a: Arianne|25\/100 psn|[from] psn\n|upkeep\n|turn|33\n|\n|t:|1699759568\n|move|p2a: Iron Moth|Bug Buzz|p1a: Arianne\n|-supereffective|p1a: Arianne\n|-damage|p1a: Arianne|0 fnt\n|faint|p1a: Arianne\n|-damage|p2a: Iron Moth|91\/100|[from] item: Life Orb\n|\n|upkeep\n|\n|t:|1699759573\n|switch|p1a: Petrie|Aerodactyl-Mega, M, shiny|100\/100\n|turn|34\n|\n|t:|1699759582\n|move|p1a: Petrie|Stone Edge|p2a: Iron Moth\n|-supereffective|p2a: Iron Moth\n|-damage|p2a: Iron Moth|0 fnt\n|faint|p2a: Iron Moth\n|-end|p2a: Iron Moth|Quark Drive|[silent]\n|\n|upkeep\n|\n|t:|1699759587\n|switch|p2a: Abomasnow|Abomasnow-Mega, M|91\/100\n|-weather|Snow|[from] ability: Snow Warning|[of] p2a: Abomasnow\n|turn|35\n|\n|t:|1699759597\n|move|p2a: Abomasnow|Ice Shard|p1a: Petrie\n|-supereffective|p1a: Petrie\n|-damage|p1a: Petrie|53\/100\n|move|p1a: Petrie|Stone Edge|p2a: Abomasnow\n|-supereffective|p2a: Abomasnow\n|-damage|p2a: Abomasnow|34\/100\n|\n|-weather|Snow|[upkeep]\n|upkeep\n|turn|36\n|\n|t:|1699759609\n|move|p2a: Abomasnow|Ice Shard|p1a: Petrie\n|-supereffective|p1a: Petrie\n|-damage|p1a: Petrie|6\/100\n|move|p1a: Petrie|Iron Head|p2a: Abomasnow\n|-supereffective|p2a: Abomasnow\n|-damage|p2a: Abomasnow|0 fnt\n|faint|p2a: Abomasnow\n|\n|win|Kai Zomei\n","uploadtime":1699759618,"views":14,"p1id":"kaizomei","p2id":"baratheumbraking","formatid":"gen9nationaldexubers","rating":0,"private":0,"password":""}