{"id":"gen9nationaldexubers-1982341313","p1":"ArthurXcalibur","p2":"DrArkane15","format":"[Gen 9] National Dex Ubers","log":"|j|\u2606ArthurXcalibur\n|j|\u2606DrArkane15\n|t:|1699000660\n|gametype|singles\n|player|p1|ArthurXcalibur|riley|\n|player|p2|DrArkane15|cyrus|\n|teamsize|p1|6\n|teamsize|p2|3\n|gen|9\n|tier|[Gen 9] National Dex Ubers\n|rule|HP Percentage Mod: HP is shown in percentages\n|rule|Endless Battle Clause: Forcing endless battles is banned\n|rule|OHKO Clause: OHKO moves are banned\n|rule|Evasion Moves Clause: Evasion moves are banned\n|rule|Evasion Items Clause: Evasion items are banned\n|rule|Species Clause: Limit one of each Pok\u00e9mon\n|rule|Sleep Clause Mod: Limit one foe put to sleep\n|rule|Mega Rayquaza Clause: You cannot mega evolve Rayquaza\n|clearpoke\n|poke|p1|Marshtomp, L25, M|\n|poke|p1|Alakazam, L25, M|\n|poke|p1|Ivysaur, L25, M|\n|poke|p1|Pawniard, L23, M|\n|poke|p1|Steelix, L25, M|\n|poke|p1|Grovyle, L23, M|\n|poke|p2|Solrock, L25|\n|poke|p2|Toedscool, L21, F|\n|poke|p2|Rhyhorn, L23, F|\n|teampreview\n|inactive|Battle timer is ON: inactive players will automatically lose when time's up. (requested by ArthurXcalibur)\n|\n|t:|1699000667\n|start\n|switch|p1a: Mar\u00e9chal|Marshtomp, L25, M|100\/100\n|switch|p2a: Rhyhorn|Rhyhorn, L23, F|100\/100\n|turn|1\n|j| Neosouls\n|\n|t:|1699000675\n|move|p1a: Mar\u00e9chal|Earthquake|p2a: Rhyhorn\n|-supereffective|p2a: Rhyhorn\n|-damage|p2a: Rhyhorn|0 fnt\n|faint|p2a: Rhyhorn\n|\n|upkeep\n|\n|t:|1699000679\n|switch|p2a: Toedscool|Toedscool, L21, F|100\/100\n|turn|2\n|\n|t:|1699000685\n|move|p2a: Toedscool|Mega Drain|p1a: Mar\u00e9chal\n|-supereffective|p1a: Mar\u00e9chal\n|-damage|p1a: Mar\u00e9chal|54\/100\n|move|p1a: Mar\u00e9chal|Earthquake|p2a: Toedscool\n|-resisted|p2a: Toedscool\n|-damage|p2a: Toedscool|8\/100\n|\n|upkeep\n|turn|3\n|\n|t:|1699000696\n|move|p2a: Toedscool|Mega Drain|p1a: Mar\u00e9chal\n|-supereffective|p1a: Mar\u00e9chal\n|-damage|p1a: Mar\u00e9chal|7\/100\n|-heal|p2a: Toedscool|41\/100|[from] drain|[of] p1a: Mar\u00e9chal\n|move|p1a: Mar\u00e9chal|Rock Smash|p2a: Toedscool\n|-damage|p2a: Toedscool|0 fnt\n|faint|p2a: Toedscool\n|\n|upkeep\n|\n|t:|1699000703\n|switch|p2a: Solrock|Solrock, L25|100\/100\n|turn|4\n|\n|t:|1699000708\n|move|p2a: Solrock|Confusion|p1a: Mar\u00e9chal\n|-damage|p1a: Mar\u00e9chal|0 fnt\n|faint|p1a: Mar\u00e9chal\n|\n|upkeep\n|\n|t:|1699000716\n|switch|p1a: Fafnir|Steelix, L25, M|100\/100\n|turn|5\n|\n|t:|1699000746\n|move|p2a: Solrock|Hypnosis|p1a: Fafnir\n|-status|p1a: Fafnir|slp|[from] move: Hypnosis\n|cant|p1a: Fafnir|slp\n|\n|upkeep\n|turn|6\n|\n|t:|1699000753\n|switch|p1a: Grovyle|Grovyle, L23, M|100\/100\n|move|p2a: Solrock|Flare Blitz|p1a: Grovyle\n|-supereffective|p1a: Grovyle\n|-damage|p1a: Grovyle|0 fnt\n|faint|p1a: Grovyle\n|-damage|p2a: Solrock|80\/100|[from] Recoil\n|\n|upkeep\n|\n|t:|1699000767\n|switch|p1a: Merlin|Alakazam, L25, M|100\/100\n|turn|7\n|\n|t:|1699000772\n|move|p1a: Merlin|Zen Headbutt|p2a: Solrock\n|-resisted|p2a: Solrock\n|-crit|p2a: Solrock\n|-damage|p2a: Solrock|51\/100\n|move|p2a: Solrock|Hypnosis|p1a: Merlin\n|-message|Sleep Clause Mod activated.\n|-hint|Sleep Clause Mod prevents players from putting more than one of their opponent's Pok\u00e9mon to sleep at a time\n|\n|upkeep\n|turn|8\n|\n|t:|1699000781\n|move|p1a: Merlin|Zen Headbutt|p2a: Solrock\n|-resisted|p2a: Solrock\n|-damage|p2a: Solrock|33\/100\n|move|p2a: Solrock|Rock Slide|p1a: Merlin\n|-damage|p1a: Merlin|15\/100\n|\n|upkeep\n|turn|9\n|\n|t:|1699000789\n|move|p1a: Merlin|Zen Headbutt|p2a: Solrock\n|-resisted|p2a: Solrock\n|-damage|p2a: Solrock|14\/100\n|move|p2a: Solrock|Confusion|p1a: Merlin\n|-resisted|p1a: Merlin\n|-damage|p1a: Merlin|6\/100\n|\n|upkeep\n|turn|10\n|\n|t:|1699000797\n|move|p1a: Merlin|Zen Headbutt|p2a: Solrock\n|-resisted|p2a: Solrock\n|-damage|p2a: Solrock|0 fnt\n|faint|p2a: Solrock\n|\n|win|ArthurXcalibur\n|l|\u2606DrArkane15\n","uploadtime":1699000805,"views":10,"p1id":"arthurxcalibur","p2id":"drarkane15","formatid":"gen9nationaldexubers","rating":0,"private":0,"password":""}