{"id":"gen9nationaldexubers-1993474807","p1":"whaah","p2":"wizofawe","format":"[Gen 9] National Dex Ubers","log":"|j|\u2606whaah\n|j|\u2606wizofawe\n|t:|1700322340\n|gametype|singles\n|player|p1|whaah|plasmagrunt-gen5bw|1479\n|player|p2|wizofawe|bugcatcher-gen4dp|1626\n|teamsize|p1|6\n|teamsize|p2|6\n|gen|9\n|tier|[Gen 9] National Dex Ubers\n|rated|\n|rule|HP Percentage Mod: HP is shown in percentages\n|rule|Endless Battle Clause: Forcing endless battles is banned\n|rule|OHKO Clause: OHKO moves are banned\n|rule|Evasion Moves Clause: Evasion moves are banned\n|rule|Evasion Items Clause: Evasion items are banned\n|rule|Species Clause: Limit one of each Pok\u00e9mon\n|rule|Sleep Clause Mod: Limit one foe put to sleep\n|rule|Mega Rayquaza Clause: You cannot mega evolve Rayquaza\n|clearpoke\n|poke|p1|Zygarde|\n|poke|p1|Dondozo, M|\n|poke|p1|Chansey, F|\n|poke|p1|Ho-Oh|\n|poke|p1|Eternatus|\n|poke|p1|Groudon|\n|poke|p2|Arceus|\n|poke|p2|Zacian-*|\n|poke|p2|Zygarde|\n|poke|p2|Ho-Oh|\n|poke|p2|Necrozma-Dusk-Mane|\n|poke|p2|Kyurem-White|\n|teampreview\n|inactive|Battle timer is ON: inactive players will automatically lose when time's up. (requested by whaah)\n|\n|t:|1700322352\n|start\n|switch|p1a: Groudon|Groudon|100\/100\n|switch|p2a: Necrozma|Necrozma-Dusk-Mane|100\/100\n|detailschange|p1a: Groudon|Groudon-Primal\n|-primal|p1a: Groudon|Red Orb\n|-weather|DesolateLand|[from] ability: Desolate Land|[of] p1a: Groudon\n|turn|1\n|\n|t:|1700322360\n|switch|p2a: Ho-Oh|Ho-Oh|100\/100\n|move|p1a: Groudon|Earthquake|p2a: Ho-Oh\n|-immune|p2a: Ho-Oh\n|\n|-weather|DesolateLand|[upkeep]\n|upkeep\n|turn|2\n|\n|t:|1700322365\n|switch|p2a: JULIUS RAPTURE|Arceus|100\/100\n|move|p1a: Groudon|Thunder Punch|p2a: JULIUS RAPTURE\n|-damage|p2a: JULIUS RAPTURE|77\/100\n|\n|-weather|DesolateLand|[upkeep]\n|upkeep\n|turn|3\n|\n|t:|1700322371\n|-weather|none\n|switch|p1a: Eternatus|Eternatus|100\/100\n|-ability|p1a: Eternatus|Pressure\n|move|p2a: JULIUS RAPTURE|Earthquake|p1a: Eternatus\n|-supereffective|p1a: Eternatus\n|-damage|p1a: Eternatus|49\/100\n|\n|-heal|p1a: Eternatus|55\/100|[from] item: Leftovers\n|upkeep\n|turn|4\n|\n|t:|1700322383\n|move|p1a: Eternatus|Recover|p1a: Eternatus\n|-heal|p1a: Eternatus|100\/100\n|move|p2a: JULIUS RAPTURE|Swords Dance|p2a: JULIUS RAPTURE\n|-boost|p2a: JULIUS RAPTURE|atk|2\n|\n|upkeep\n|turn|5\n|\n|t:|1700322389\n|switch|p1a: Dondozo|Dondozo, M|100\/100\n|move|p2a: JULIUS RAPTURE|Earthquake|p1a: Dondozo\n|-damage|p1a: Dondozo|83\/100\n|\n|-heal|p1a: Dondozo|89\/100|[from] item: Leftovers\n|upkeep\n|turn|6\n|\n|t:|1700322396\n|switch|p2a: Kyurem|Kyurem-White|100\/100\n|-ability|p2a: Kyurem|Turboblaze\n|move|p1a: Dondozo|Curse|p1a: Dondozo\n|-unboost|p1a: Dondozo|spe|1\n|-boost|p1a: Dondozo|atk|1\n|-boost|p1a: Dondozo|def|1\n|\n|-heal|p1a: Dondozo|95\/100|[from] item: Leftovers\n|upkeep\n|turn|7\n|\n|t:|1700322402\n|switch|p1a: Chansey|Chansey, F|100\/100\n|move|p2a: Kyurem|Freeze-Dry|p1a: Chansey\n|-damage|p1a: Chansey|83\/100\n|\n|upkeep\n|turn|8\n|\n|t:|1700322407\n|switch|p2a: Necrozma|Necrozma-Dusk-Mane|100\/100\n|move|p1a: Chansey|Seismic Toss|p2a: Necrozma\n|-damage|p2a: Necrozma|75\/100\n|-damage|p1a: Chansey|66\/100|[from] item: Rocky Helmet|[of] p2a: Necrozma\n|\n|upkeep\n|turn|9\n|\n|t:|1700322418\n|switch|p1a: Dondozo|Dondozo, M|95\/100\n|move|p2a: Necrozma|Stealth Rock|p1a: Dondozo\n|-sidestart|p1: whaah|move: Stealth Rock\n|\n|-heal|p1a: Dondozo|100\/100|[from] item: Leftovers\n|upkeep\n|turn|10\n|\n|t:|1700322424\n|move|p2a: Necrozma|Knock Off|p1a: Dondozo\n|-damage|p1a: Dondozo|87\/100\n|-enditem|p1a: Dondozo|Leftovers|[from] move: Knock Off|[of] p2a: Necrozma\n|move|p1a: Dondozo|Liquidation|p2a: Necrozma\n|-damage|p2a: Necrozma|61\/100\n|-damage|p1a: Dondozo|70\/100|[from] item: Rocky Helmet|[of] p2a: Necrozma\n|\n|upkeep\n|turn|11\n|\n|t:|1700322437\n|switch|p1a: Ho-Oh|Ho-Oh|100\/100\n|move|p2a: Necrozma|Moonlight|p2a: Necrozma\n|-heal|p2a: Necrozma|100\/100\n|\n|upkeep\n|turn|12\n|\n|t:|1700322443\n|switch|p2a: Kyurem|Kyurem-White|100\/100\n|-ability|p2a: Kyurem|Turboblaze\n|move|p1a: Ho-Oh|Toxic|p2a: Kyurem\n|-status|p2a: Kyurem|tox\n|\n|-damage|p2a: Kyurem|94\/100 tox|[from] psn\n|upkeep\n|turn|13\n|\n|t:|1700322454\n|-terastallize|p2a: Kyurem|Dragon\n|move|p2a: Kyurem|Draco Meteor|p1a: Ho-Oh\n|-damage|p1a: Ho-Oh|5\/100\n|-unboost|p2a: Kyurem|spa|2\n|move|p1a: Ho-Oh|Defog|p2a: Kyurem\n|-unboost|p2a: Kyurem|evasion|1\n|-sideend|p1: whaah|Stealth Rock|[from] move: Defog|[of] p1a: Ho-Oh\n|\n|-damage|p2a: Kyurem|82\/100 tox|[from] psn\n|upkeep\n|turn|14\n|\n|t:|1700322462\n|switch|p1a: Chansey|Chansey, F|66\/100\n|move|p2a: Kyurem|Draco Meteor|p1a: Chansey\n|-damage|p1a: Chansey|42\/100\n|-unboost|p2a: Kyurem|spa|2\n|\n|-damage|p2a: Kyurem|64\/100 tox|[from] psn\n|upkeep\n|turn|15\n|\n|t:|1700322468\n|switch|p2a: Zygarde|Zygarde|100\/100\n|move|p1a: Chansey|Soft-Boiled|p1a: Chansey\n|-heal|p1a: Chansey|92\/100\n|\n|upkeep\n|turn|16\n|\n|t:|1700322476\n|switch|p1a: Dondozo|Dondozo, M|70\/100\n|move|p2a: Zygarde|Glare|p1a: Dondozo\n|-status|p1a: Dondozo|par\n|\n|upkeep\n|turn|17\n|\n|t:|1700322481\n|switch|p2a: Kyurem|Kyurem-White, tera:Dragon|64\/100 tox\n|-ability|p2a: Kyurem|Turboblaze\n|move|p1a: Dondozo|Avalanche|p2a: Kyurem\n|-supereffective|p2a: Kyurem\n|-damage|p2a: Kyurem|36\/100 tox\n|\n|-damage|p2a: Kyurem|30\/100 tox|[from] psn\n|upkeep\n|turn|18\n|\n|t:|1700322490\n|switch|p1a: Chansey|Chansey, F|92\/100\n|move|p2a: Kyurem|Draco Meteor|p1a: Chansey\n|-damage|p1a: Chansey|48\/100\n|-unboost|p2a: Kyurem|spa|2\n|\n|-damage|p2a: Kyurem|18\/100 tox|[from] psn\n|upkeep\n|turn|19\n|\n|t:|1700322499\n|switch|p2a: JULIUS RAPTURE|Arceus|77\/100\n|move|p1a: Chansey|Soft-Boiled|p1a: Chansey\n|-heal|p1a: Chansey|98\/100\n|\n|upkeep\n|turn|20\n|\n|t:|1700322503\n|switch|p1a: Ho-Oh|Ho-Oh|38\/100\n|move|p2a: JULIUS RAPTURE|Swords Dance|p2a: JULIUS RAPTURE\n|-boost|p2a: JULIUS RAPTURE|atk|2\n|\n|upkeep\n|turn|21\n|\n|t:|1700322511\n|switch|p1a: Dondozo|Dondozo, M|70\/100 par\n|move|p2a: JULIUS RAPTURE|Extreme Speed|p1a: Dondozo\n|-damage|p1a: Dondozo|47\/100 par\n|\n|upkeep\n|turn|22\n|\n|t:|1700322518\n|switch|p2a: Necrozma|Necrozma-Dusk-Mane|100\/100\n|move|p1a: Dondozo|Rest|p1a: Dondozo\n|-status|p1a: Dondozo|slp|[from] move: Rest\n|-heal|p1a: Dondozo|100\/100 slp|[silent]\n|\n|upkeep\n|turn|23\n|\n|t:|1700322523\n|move|p2a: Necrozma|Stealth Rock|p1a: Dondozo\n|-sidestart|p1: whaah|move: Stealth Rock\n|cant|p1a: Dondozo|slp\n|\n|upkeep\n|turn|24\n|\n|t:|1700322530\n|move|p2a: Necrozma|Knock Off|p1a: Dondozo\n|-damage|p1a: Dondozo|90\/100 slp\n|cant|p1a: Dondozo|slp\n|\n|upkeep\n|turn|25\n|\n|t:|1700322538\n|switch|p2a: Kyurem|Kyurem-White, tera:Dragon|18\/100 tox\n|-ability|p2a: Kyurem|Turboblaze\n|-curestatus|p1a: Dondozo|slp|[msg]\n|move|p1a: Dondozo|Liquidation|p2a: Kyurem\n|-resisted|p2a: Kyurem\n|-damage|p2a: Kyurem|5\/100 tox\n|\n|-damage|p2a: Kyurem|0 fnt|[from] psn\n|faint|p2a: Kyurem\n|upkeep\n|-message|wizofawe forfeited.\n|\n|win|whaah\n|raw|whaah's rating: 1479 &rarr; <strong>1507<\/strong><br \/>(+28 for winning)\n|raw|wizofawe's rating: 1626 &rarr; <strong>1598<\/strong><br \/>(-28 for losing)\n|l|\u2606wizofawe\n","uploadtime":1700322580,"views":19,"p1id":"whaah","p2id":"wizofawe","formatid":"gen9nationaldexubers","rating":1507,"private":0,"password":""}