{"id":"gen9nationaldexubers-1994491633","p1":"Are En Gee","p2":"faraodomangue","format":"[Gen 9] National Dex Ubers","log":"|j|\u2606Are En Gee\n|j|\u2606faraodomangue\n|t:|1700450184\n|gametype|singles\n|player|p1|Are En Gee|zinnia|1705\n|player|p2|faraodomangue|harlequin|1621\n|teamsize|p1|6\n|teamsize|p2|6\n|gen|9\n|tier|[Gen 9] National Dex Ubers\n|rated|\n|rule|HP Percentage Mod: HP is shown in percentages\n|rule|Endless Battle Clause: Forcing endless battles is banned\n|rule|OHKO Clause: OHKO moves are banned\n|rule|Evasion Moves Clause: Evasion moves are banned\n|rule|Evasion Items Clause: Evasion items are banned\n|rule|Species Clause: Limit one of each Pok\u00e9mon\n|rule|Sleep Clause Mod: Limit one foe put to sleep\n|rule|Mega Rayquaza Clause: You cannot mega evolve Rayquaza\n|clearpoke\n|poke|p1|Zygarde|\n|poke|p1|Arceus-Water|\n|poke|p1|Scizor, M|\n|poke|p1|Ferrothorn, M|\n|poke|p1|Ho-Oh|\n|poke|p1|Ditto|\n|poke|p2|Porygon2|\n|poke|p2|Cresselia, F|\n|poke|p2|Marowak-Alola, M|\n|poke|p2|Hatterene, F|\n|poke|p2|Calyrex-Ice|\n|poke|p2|Melmetal|\n|teampreview\n|\n|t:|1700450194\n|start\n|switch|p1a: Scizor|Scizor, M|100\/100\n|switch|p2a: Marowak|Marowak-Alola, M|100\/100\n|turn|1\n|\n|t:|1700450200\n|switch|p1a: Arceus|Arceus-Water|100\/100\n|move|p2a: Marowak|Flare Blitz|p1a: Arceus\n|-resisted|p1a: Arceus\n|-damage|p1a: Arceus|77\/100\n|\n|upkeep\n|turn|2\n|\n|t:|1700450207\n|switch|p2a: Porygon2|Porygon2, shiny|100\/100\n|move|p1a: Arceus|Whirlpool|p2a: Porygon2\n|-damage|p2a: Porygon2|90\/100\n|-activate|p2a: Porygon2|move: Whirlpool|[of] p1a: Arceus\n|\n|-damage|p2a: Porygon2|78\/100|[from] move: Whirlpool|[partiallytrapped]\n|upkeep\n|turn|3\n|\n|t:|1700450216\n|switch|p1a: Scizor|Scizor, M|100\/100\n|-ability|p2a: Porygon2|Technician|[from] ability: Trace|[of] p1a: Scizor\n|move|p2a: Porygon2|Trick Room|p2a: Porygon2\n|-fieldstart|move: Trick Room|[of] p2a: Porygon2\n|\n|-end|p2a: Porygon2|Whirlpool|[partiallytrapped]|[silent]\n|upkeep\n|turn|4\n|\n|t:|1700450221\n|detailschange|p1a: Scizor|Scizor-Mega, M\n|-mega|p1a: Scizor|Scizor|Scizorite\n|move|p1a: Scizor|U-turn|p2a: Porygon2\n|-damage|p2a: Porygon2|54\/100\n|\n|t:|1700450226\n|switch|p1a: Ho-Oh|Ho-Oh|100\/100|[from] U-turn\n|move|p2a: Porygon2|Teleport|p2a: Porygon2\n|\n|t:|1700450238\n|switch|p2a: Marowak|Marowak-Alola, M|100\/100|[from] Teleport\n|\n|upkeep\n|turn|5\n|\n|t:|1700450256\n|switch|p1a: Zygarde|Zygarde|100\/100\n|move|p2a: Marowak|Poltergeist|p1a: Zygarde\n|-activate|p1a: Zygarde|move: Poltergeist|Leftovers\n|-damage|p1a: Zygarde|38\/100\n|\n|-heal|p1a: Zygarde|45\/100|[from] item: Leftovers\n|-activate|p1a: Zygarde|ability: Power Construct\n|detailschange|p1a: Zygarde|Zygarde-Complete\n|-heal|p1a: Zygarde|65\/100|[silent]\n|upkeep\n|turn|6\n|\n|t:|1700450274\n|move|p2a: Marowak|Poltergeist|p1a: Zygarde\n|-activate|p1a: Zygarde|move: Poltergeist|Leftovers\n|-damage|p1a: Zygarde|26\/100\n|move|p1a: Zygarde|Thousand Waves|p2a: Marowak\n|-supereffective|p2a: Marowak\n|-damage|p2a: Marowak|24\/100\n|\n|-heal|p1a: Zygarde|33\/100|[from] item: Leftovers\n|upkeep\n|turn|7\n|\n|t:|1700450283\n|switch|p1a: Scizor|Scizor-Mega, M|100\/100\n|move|p2a: Marowak|Poltergeist|p1a: Scizor\n|-activate|p1a: Scizor|move: Poltergeist|Scizorite\n|-damage|p1a: Scizor|52\/100\n|\n|-fieldend|move: Trick Room\n|upkeep\n|turn|8\n|\n|t:|1700450294\n|switch|p2a: Porygon2|Porygon2, shiny|54\/100\n|-ability|p2a: Porygon2|Technician|[from] ability: Trace|[of] p1a: Scizor\n|move|p1a: Scizor|U-turn|p2a: Porygon2\n|-damage|p2a: Porygon2|33\/100\n|\n|t:|1700450301\n|switch|p1a: Ferrothorn|Ferrothorn, M|100\/100|[from] U-turn\n|\n|upkeep\n|turn|9\n|\n|t:|1700450305\n|move|p1a: Ferrothorn|Spikes|p2a: Porygon2\n|-sidestart|p2: faraodomangue|Spikes\n|move|p2a: Porygon2|Trick Room|p2a: Porygon2\n|-fieldstart|move: Trick Room|[of] p2a: Porygon2\n|\n|upkeep\n|turn|10\n|\n|t:|1700450310\n|switch|p2a: Hatterene|Hatterene, F, shiny|100\/100\n|-damage|p2a: Hatterene|88\/100|[from] Spikes\n|move|p1a: Ferrothorn|Gyro Ball|p2a: Hatterene\n|-supereffective|p2a: Hatterene\n|-damage|p2a: Hatterene|64\/100\n|\n|upkeep\n|turn|11\n|\n|t:|1700450324\n|switch|p1a: Ho-Oh|Ho-Oh|100\/100\n|move|p2a: Hatterene|Mystical Fire|p1a: Ho-Oh\n|-resisted|p1a: Ho-Oh\n|-damage|p1a: Ho-Oh|93\/100\n|-unboost|p1a: Ho-Oh|spa|1\n|\n|upkeep\n|turn|12\n|\n|t:|1700450365\n|move|p2a: Hatterene|Misty Explosion|p1a: Ho-Oh\n|-resisted|p1a: Ho-Oh\n|-damage|p1a: Ho-Oh|76\/100\n|faint|p2a: Hatterene\n|move|p1a: Ho-Oh|Sacred Fire|p2: Hatterene|[notarget]\n|-fail|p1a: Ho-Oh\n|\n|upkeep\n|\n|t:|1700450373\n|switch|p2a: Calyrex|Calyrex-Ice|100\/100\n|-ability|p2a: Calyrex|As One\n|-ability|p2a: Calyrex|Unnerve\n|-damage|p2a: Calyrex|88\/100|[from] Spikes\n|turn|13\n|\n|t:|1700450379\n|-terastallize|p2a: Calyrex|Ice\n|move|p2a: Calyrex|Glacial Lance|p1a: Ho-Oh\n|-damage|p1a: Ho-Oh|0 fnt\n|faint|p1a: Ho-Oh\n|-ability|p2a: Calyrex|Chilling Neigh|boost\n|-boost|p2a: Calyrex|atk|1\n|\n|-fieldend|move: Trick Room\n|upkeep\n|\n|t:|1700450392\n|switch|p1a: Scizor|Scizor-Mega, M|52\/100\n|turn|14\n|\n|t:|1700450410\n|switch|p2a: Porygon2|Porygon2, shiny|33\/100\n|-damage|p2a: Porygon2|21\/100|[from] Spikes\n|-ability|p2a: Porygon2|Technician|[from] ability: Trace|[of] p1a: Scizor\n|move|p1a: Scizor|U-turn|p2a: Porygon2\n|-damage|p2a: Porygon2|0 fnt\n|faint|p2a: Porygon2\n|\n|t:|1700450415\n|switch|p1a: Arceus|Arceus-Water|77\/100|[from] U-turn\n|\n|upkeep\n|\n|t:|1700450455\n|switch|p2a: Cresselia|Cresselia, F|100\/100\n|turn|15\n|\n|t:|1700450466\n|switch|p1a: Scizor|Scizor-Mega, M|52\/100\n|move|p2a: Cresselia|Trick Room|p2a: Cresselia\n|-fieldstart|move: Trick Room|[of] p2a: Cresselia\n|\n|upkeep\n|turn|16\n|\n|t:|1700450475\n|switch|p2a: Marowak|Marowak-Alola, M|24\/100\n|-damage|p2a: Marowak|12\/100|[from] Spikes\n|move|p1a: Scizor|Morning Sun|p1a: Scizor\n|-heal|p1a: Scizor|100\/100\n|\n|upkeep\n|turn|17\n|\n|t:|1700450478\n|move|p1a: Scizor|Bullet Punch|p2a: Marowak\n|-resisted|p2a: Marowak\n|-damage|p2a: Marowak|0 fnt\n|faint|p2a: Marowak\n|\n|upkeep\n|\n|t:|1700450481\n|switch|p2a: Calyrex|Calyrex-Ice, tera:Ice|88\/100\n|-ability|p2a: Calyrex|As One\n|-ability|p2a: Calyrex|Unnerve\n|-damage|p2a: Calyrex|76\/100|[from] Spikes\n|turn|18\n|\n|t:|1700450485\n|move|p1a: Scizor|Bullet Punch|p2a: Calyrex\n|-supereffective|p2a: Calyrex\n|-damage|p2a: Calyrex|41\/100\n|move|p2a: Calyrex|Glacial Lance|p1a: Scizor\n|-resisted|p1a: Scizor\n|-damage|p1a: Scizor|50\/100\n|\n|upkeep\n|turn|19\n|\n|t:|1700450493\n|switch|p2a: Cresselia|Cresselia, F|100\/100\n|move|p1a: Scizor|Bullet Punch|p2a: Cresselia\n|-damage|p2a: Cresselia|81\/100\n|\n|-fieldend|move: Trick Room\n|upkeep\n|turn|20\n|\n|t:|1700450497\n|move|p1a: Scizor|U-turn|p2a: Cresselia\n|-supereffective|p2a: Cresselia\n|-damage|p2a: Cresselia|34\/100\n|\n|t:|1700450500\n|switch|p1a: Ferrothorn|Ferrothorn, M|100\/100|[from] U-turn\n|move|p2a: Cresselia|Trick Room|p2a: Cresselia\n|-fieldstart|move: Trick Room|[of] p2a: Cresselia\n|\n|upkeep\n|turn|21\n|\n|t:|1700450507\n|move|p1a: Ferrothorn|Spikes|p2a: Cresselia\n|-sidestart|p2: faraodomangue|Spikes\n|move|p2a: Cresselia|Lunar Dance|p2a: Cresselia\n|faint|p2a: Cresselia\n|\n|upkeep\n|\n|t:|1700450514\n|switch|p2a: Calyrex|Calyrex-Ice, tera:Ice|41\/100\n|-ability|p2a: Calyrex|As One\n|-ability|p2a: Calyrex|Unnerve\n|-heal|p2a: Calyrex|100\/100|[from] move: Lunar Dance\n|-damage|p2a: Calyrex|84\/100|[from] Spikes\n|turn|22\n|\n|t:|1700450521\n|switch|p1a: Zygarde|Zygarde-Complete|33\/100\n|move|p2a: Calyrex|Glacial Lance|p1a: Zygarde\n|-supereffective|p1a: Zygarde\n|-damage|p1a: Zygarde|0 fnt\n|faint|p1a: Zygarde\n|-ability|p2a: Calyrex|Chilling Neigh|boost\n|-boost|p2a: Calyrex|atk|1\n|\n|upkeep\n|\n|t:|1700450526\n|switch|p1a: Scizor|Scizor-Mega, M|50\/100\n|turn|23\n|\n|t:|1700450528\n|move|p1a: Scizor|Bullet Punch|p2a: Calyrex\n|-supereffective|p2a: Calyrex\n|-damage|p2a: Calyrex|47\/100\n|move|p2a: Calyrex|Glacial Lance|p1a: Scizor\n|-resisted|p1a: Scizor\n|-damage|p1a: Scizor|0 fnt\n|faint|p1a: Scizor\n|-ability|p2a: Calyrex|Chilling Neigh|boost\n|-boost|p2a: Calyrex|atk|1\n|\n|upkeep\n|\n|t:|1700450537\n|switch|p1a: Arceus|Arceus-Water|77\/100\n|turn|24\n|\n|t:|1700450549\n|switch|p2a: Melmetal|Melmetal|100\/100\n|-damage|p2a: Melmetal|84\/100|[from] Spikes\n|move|p1a: Arceus|Whirlpool|p2a: Melmetal\n|-damage|p2a: Melmetal|67\/100\n|-activate|p2a: Melmetal|move: Whirlpool|[of] p1a: Arceus\n|\n|-damage|p2a: Melmetal|54\/100|[from] move: Whirlpool|[partiallytrapped]\n|-fieldend|move: Trick Room\n|upkeep\n|turn|25\n|\n|t:|1700450554\n|move|p1a: Arceus|Perish Song|p1a: Arceus\n|-start|p1a: Arceus|perish3|[silent]\n|-start|p2a: Melmetal|perish3|[silent]\n|-fieldactivate|move: Perish Song\n|move|p2a: Melmetal|Double Iron Bash|p1a: Arceus\n|-resisted|p1a: Arceus\n|-damage|p1a: Arceus|61\/100\n|-resisted|p1a: Arceus\n|-damage|p1a: Arceus|45\/100\n|-hitcount|p1a: Arceus|2\n|\n|-damage|p2a: Melmetal|42\/100|[from] move: Whirlpool|[partiallytrapped]\n|-start|p1a: Arceus|perish3\n|-start|p2a: Melmetal|perish3\n|upkeep\n|turn|26\n|\n|t:|1700450557\n|move|p1a: Arceus|Recover|p1a: Arceus\n|-heal|p1a: Arceus|95\/100\n|move|p2a: Melmetal|Double Iron Bash|p1a: Arceus\n|-resisted|p1a: Arceus\n|-damage|p1a: Arceus|78\/100\n|-resisted|p1a: Arceus\n|-damage|p1a: Arceus|60\/100\n|-hitcount|p1a: Arceus|2\n|\n|-damage|p2a: Melmetal|29\/100|[from] move: Whirlpool|[partiallytrapped]\n|-start|p1a: Arceus|perish2\n|-start|p2a: Melmetal|perish2\n|upkeep\n|turn|27\n|\n|t:|1700450560\n|move|p1a: Arceus|Recover|p1a: Arceus\n|-heal|p1a: Arceus|100\/100\n|move|p2a: Melmetal|Double Iron Bash|p1a: Arceus\n|-resisted|p1a: Arceus\n|-damage|p1a: Arceus|85\/100\n|-resisted|p1a: Arceus\n|-damage|p1a: Arceus|70\/100\n|-hitcount|p1a: Arceus|2\n|\n|-damage|p2a: Melmetal|17\/100|[from] move: Whirlpool|[partiallytrapped]\n|-start|p1a: Arceus|perish1\n|-start|p2a: Melmetal|perish1\n|upkeep\n|turn|28\n|\n|t:|1700450563\n|switch|p1a: Ditto|Ditto|100\/100\n|-transform|p1a: Ditto|p2a: Melmetal|[from] ability: Imposter\n|move|p2a: Melmetal|Double Iron Bash|p1a: Ditto\n|-resisted|p1a: Ditto\n|-damage|p1a: Ditto|75\/100\n|-resisted|p1a: Ditto\n|-damage|p1a: Ditto|47\/100\n|-hitcount|p1a: Ditto|2\n|\n|-end|p2a: Melmetal|Whirlpool|[partiallytrapped]|[silent]\n|-start|p2a: Melmetal|perish0\n|upkeep\n|faint|p2a: Melmetal\n|\n|t:|1700450567\n|switch|p2a: Calyrex|Calyrex-Ice, tera:Ice|47\/100\n|-ability|p2a: Calyrex|As One\n|-ability|p2a: Calyrex|Unnerve\n|-damage|p2a: Calyrex|30\/100|[from] Spikes\n|turn|29\n|\n|t:|1700450573\n|switch|p1a: Ferrothorn|Ferrothorn, M|100\/100\n|move|p2a: Calyrex|Glacial Lance|p1a: Ferrothorn\n|-damage|p1a: Ferrothorn|0 fnt\n|faint|p1a: Ferrothorn\n|-ability|p2a: Calyrex|Chilling Neigh|boost\n|-boost|p2a: Calyrex|atk|1\n|\n|upkeep\n|\n|t:|1700450575\n|switch|p1a: Arceus|Arceus-Water|70\/100\n|turn|30\n|\n|t:|1700450579\n|move|p1a: Arceus|Whirlpool|p2a: Calyrex\n|-damage|p2a: Calyrex|19\/100\n|-activate|p2a: Calyrex|move: Whirlpool|[of] p1a: Arceus\n|move|p2a: Calyrex|Glacial Lance|p1a: Arceus\n|-resisted|p1a: Arceus\n|-damage|p1a: Arceus|7\/100\n|\n|-damage|p2a: Calyrex|7\/100|[from] move: Whirlpool|[partiallytrapped]\n|upkeep\n|turn|31\n|\n|t:|1700450582\n|move|p1a: Arceus|Whirlpool|p2a: Calyrex|[miss]\n|-miss|p1a: Arceus|p2a: Calyrex\n|move|p2a: Calyrex|Glacial Lance|p1a: Arceus\n|-resisted|p1a: Arceus\n|-damage|p1a: Arceus|0 fnt\n|faint|p1a: Arceus\n|-ability|p2a: Calyrex|Chilling Neigh|boost\n|-boost|p2a: Calyrex|atk|1\n|\n|-end|p2a: Calyrex|Whirlpool|[partiallytrapped]|[silent]\n|upkeep\n|\n|t:|1700450585\n|switch|p1a: Ditto|Ditto|47\/100\n|-transform|p1a: Ditto|p2a: Calyrex|[from] ability: Imposter\n|turn|32\n|c|\u2606Are En Gee|gg\n|\n|t:|1700450637\n|move|p1a: Ditto|Close Combat|p2a: Calyrex\n|-supereffective|p2a: Calyrex\n|-damage|p2a: Calyrex|0 fnt\n|-unboost|p1a: Ditto|def|1\n|-unboost|p1a: Ditto|spd|1\n|faint|p2a: Calyrex\n|\n|win|Are En Gee\n|raw|Are En Gee's rating: 1705 &rarr; <strong>1720<\/strong><br \/>(+15 for winning)\n|raw|faraodomangue's rating: 1621 &rarr; <strong>1606<\/strong><br \/>(-15 for losing)\n","uploadtime":1700450645,"views":3,"p1id":"areengee","p2id":"faraodomangue","formatid":"gen9nationaldexubers","rating":1606,"private":0,"password":""}