{"id":"gen9nationaldexubers-1978846094","p1":"Seasaver","p2":"GodCucumber","format":"[Gen 9] National Dex Ubers","log":"|j|\u2606Seasaver\n|j|\u2606GodCucumber\n|t:|1698602075\n|gametype|singles\n|player|p1|Seasaver|169|\n|player|p2|GodCucumber|sailor|\n|teamsize|p1|6\n|teamsize|p2|6\n|gen|9\n|tier|[Gen 9] National Dex Ubers\n|rule|HP Percentage Mod: HP is shown in percentages\n|rule|Endless Battle Clause: Forcing endless battles is banned\n|rule|OHKO Clause: OHKO moves are banned\n|rule|Evasion Moves Clause: Evasion moves are banned\n|rule|Evasion Items Clause: Evasion items are banned\n|rule|Species Clause: Limit one of each Pok\u00e9mon\n|rule|Sleep Clause Mod: Limit one foe put to sleep\n|rule|Mega Rayquaza Clause: You cannot mega evolve Rayquaza\n|clearpoke\n|poke|p1|Dragapult, F|\n|poke|p1|Trevenant, F|\n|poke|p1|Basculegion, M|\n|poke|p1|Houndstone, F|\n|poke|p1|Palossand, F|\n|poke|p1|Zoroark-Hisui, F|\n|poke|p2|Aegislash, F|\n|poke|p2|Genesect-Burn|\n|poke|p2|Trevenant, F|\n|poke|p2|Tyranitar, F|\n|poke|p2|Runerigus, M|\n|poke|p2|Grimmsnarl, M|\n|teampreview\n|c|\u2606GodCucumber|GlHf\n|c|\u2606Seasaver|U too\n|\n|t:|1698602105\n|start\n|switch|p1a: Basculegion|Basculegion, M|100\/100\n|switch|p2a: Clay Boy|Runerigus, M|100\/100\n|turn|1\n|\n|t:|1698602111\n|move|p1a: Basculegion|Calm Mind|p1a: Basculegion\n|-boost|p1a: Basculegion|spa|1\n|-boost|p1a: Basculegion|spd|1\n|move|p2a: Clay Boy|Stealth Rock|p1a: Basculegion\n|-sidestart|p1: Seasaver|move: Stealth Rock\n|\n|upkeep\n|turn|2\n|j| PB9\n|\n|t:|1698602120\n|move|p1a: Basculegion|Dark Pulse|p2a: Clay Boy\n|-supereffective|p2a: Clay Boy\n|-damage|p2a: Clay Boy|15\/100\n|-enditem|p2a: Clay Boy|Red Card|[of] p1a: Basculegion\n|drag|p1a: Trevenant|Trevenant, F|100\/100\n|-damage|p1a: Trevenant|88\/100|[from] Stealth Rock\n|move|p2a: Clay Boy|Haze|p2a: Clay Boy\n|-clearallboost\n|\n|upkeep\n|turn|3\n|c|\u2606GodCucumber|woops\n|c|\u2606GodCucumber|I meant to memento\n|c|\u2606GodCucumber|LOL\n|\n|t:|1698602135\n|move|p1a: Trevenant|Knock Off|p2a: Clay Boy\n|-supereffective|p2a: Clay Boy\n|-damage|p2a: Clay Boy|0 fnt\n|-activate|p2a: Clay Boy|ability: Wandering Spirit|Harvest|Wandering Spirit|[of] p1a: Trevenant\n|faint|p2a: Clay Boy\n|\n|upkeep\n|c|\u2606Seasaver|Uhh ok\n|\n|t:|1698602147\n|switch|p2a: Oroxylum Vent|Trevenant, F|100\/100\n|-item|p1a: Trevenant|Sitrus Berry|[from] ability: Frisk|[of] p2a: Oroxylum Vent|[identify]\n|turn|4\n|\n|t:|1698602151\n|move|p1a: Trevenant|Will-O-Wisp|p2a: Oroxylum Vent\n|-status|p2a: Oroxylum Vent|brn\n|move|p2a: Oroxylum Vent|Trick|p1a: Trevenant\n|-activate|p2a: Oroxylum Vent|move: Trick|[of] p1a: Trevenant\n|-item|p1a: Trevenant|Toxic Orb|[from] move: Trick\n|-item|p2a: Oroxylum Vent|Sitrus Berry|[from] move: Trick\n|\n|-damage|p2a: Oroxylum Vent|94\/100 brn|[from] brn\n|-status|p1a: Trevenant|tox|[from] item: Toxic Orb\n|upkeep\n|turn|5\n|\n|t:|1698602160\n|move|p2a: Oroxylum Vent|Protect|p2a: Oroxylum Vent\n|-singleturn|p2a: Oroxylum Vent|Protect\n|move|p1a: Trevenant|Knock Off|p2a: Oroxylum Vent\n|-activate|p2a: Oroxylum Vent|move: Protect\n|\n|-damage|p1a: Trevenant|82\/100 tox|[from] psn\n|-damage|p2a: Oroxylum Vent|88\/100 brn|[from] brn\n|upkeep\n|turn|6\n|c| PB9|LMFAO\n|\n|t:|1698602167\n|switch|p2a: Iron Bug|Genesect-Burn, shiny|100\/100\n|-ability|p2a: Iron Bug|Download|boost\n|-boost|p2a: Iron Bug|atk|1\n|move|p1a: Trevenant|Knock Off|p2a: Iron Bug\n|-damage|p2a: Iron Bug|68\/100\n|\n|-damage|p1a: Trevenant|70\/100 tox|[from] psn\n|upkeep\n|turn|7\n|\n|t:|1698602175\n|move|p2a: Iron Bug|Leech Life|p1a: Trevenant\n|-damage|p1a: Trevenant|11\/100 tox\n|-heal|p2a: Iron Bug|100\/100|[from] drain|[of] p1a: Trevenant\n|-activate|p1a: Trevenant|ability: Wandering Spirit|Download|Wandering Spirit|[of] p2a: Iron Bug\n|-ability|p1a: Trevenant|Download|boost\n|-boost|p1a: Trevenant|atk|1\n|move|p1a: Trevenant|Will-O-Wisp|p2a: Iron Bug\n|-status|p2a: Iron Bug|brn\n|\n|-damage|p1a: Trevenant|0 fnt|[from] psn\n|faint|p1a: Trevenant\n|-damage|p2a: Iron Bug|94\/100 brn|[from] brn\n|upkeep\n|c|\u2606GodCucumber|FUCK\n|c|\u2606GodCucumber|WAIT\n|c|\u2606GodCucumber|WHAT\n|c|\u2606GodCucumber|NO\n|c| PB9|WHY ARE YOU RUNNING LEECH LIFE YOU MONKEY\n|\n|t:|1698602196\n|switch|p1a: Basculegion|Basculegion, M|100\/100\n|-damage|p1a: Basculegion|88\/100|[from] Stealth Rock\n|turn|8\n|c|\u2606GodCucumber|LEECH LIFE OP\n|c| PB9|IF UR GONNA USE GENESECT BURN USE TECHNO BLAST\n|c|\u2606Seasaver|Wtf\n|\n|t:|1698602212\n|move|p1a: Basculegion|Waterfall|p2a: Iron Bug\n|-damage|p2a: Iron Bug|23\/100 brn\n|-activate|p2a: Iron Bug|ability: Wandering Spirit|Adaptability|Wandering Spirit|[of] p1a: Basculegion\n|move|p2a: Iron Bug|Shift Gear|p2a: Iron Bug\n|-boost|p2a: Iron Bug|spe|2\n|-boost|p2a: Iron Bug|atk|1\n|\n|-damage|p2a: Iron Bug|17\/100 brn|[from] brn\n|upkeep\n|turn|9\n|c|\u2606GodCucumber|....\n|c|\u2606GodCucumber|lets go\n|\n|t:|1698602225\n|move|p2a: Iron Bug|Flash Cannon|p1a: Basculegion\n|-resisted|p1a: Basculegion\n|-damage|p1a: Basculegion|56\/100\n|move|p1a: Basculegion|Waterfall|p2a: Iron Bug\n|-damage|p2a: Iron Bug|0 fnt\n|faint|p2a: Iron Bug\n|\n|upkeep\n|c|\u2606GodCucumber|wait.\n|c|\u2606GodCucumber|FUCK\n|c|\u2606GodCucumber|I thought hta was physical\n|c| PB9|nice one\n|c|\u2606GodCucumber|LOL\n|\n|t:|1698602261\n|switch|p2a: Bill|Aegislash, F|100\/100\n|turn|10\n|c|\u2606Seasaver|I\u2019m rly confused but ok\n|\n|t:|1698602269\n|move|p1a: Basculegion|Waterfall|p2a: Bill\n|-crit|p2a: Bill\n|-damage|p2a: Bill|56\/100\n|move|p2a: Bill|Substitute|p2a: Bill\n|-start|p2a: Bill|Substitute\n|-damage|p2a: Bill|31\/100\n|\n|-heal|p2a: Bill|37\/100|[from] item: Leftovers\n|upkeep\n|turn|11\n|\n|t:|1698602273\n|move|p1a: Basculegion|Waterfall|p2a: Bill\n|-end|p2a: Bill|Substitute\n|-formechange|p2a: Bill|Aegislash-Blade||[from] ability: Stance Change\n|move|p2a: Bill|Shadow Ball|p1a: Basculegion\n|-supereffective|p1a: Basculegion\n|-damage|p1a: Basculegion|0 fnt\n|faint|p1a: Basculegion\n|\n|-heal|p2a: Bill|43\/100|[from] item: Leftovers\n|upkeep\n|\n|t:|1698602288\n|switch|p1a: Houndstone|Houndstone, F|100\/100\n|-damage|p1a: Houndstone|88\/100|[from] Stealth Rock\n|turn|12\n|\n|t:|1698602293\n|-formechange|p2a: Bill|Aegislash||[from] ability: Stance Change\n|move|p2a: Bill|King's Shield|p2a: Bill\n|-singleturn|p2a: Bill|Protect\n|move|p1a: Houndstone|Bitter Malice|p2a: Bill\n|-activate|p2a: Bill|move: Protect\n|\n|-heal|p2a: Bill|49\/100|[from] item: Leftovers\n|upkeep\n|turn|13\n|\n|t:|1698602308\n|move|p1a: Houndstone|Bitter Malice|p2a: Bill\n|-supereffective|p2a: Bill\n|-damage|p2a: Bill|8\/100\n|-unboost|p2a: Bill|atk|1\n|move|p2a: Bill|Toxic|p1a: Houndstone\n|-status|p1a: Houndstone|tox\n|\n|-heal|p2a: Bill|14\/100|[from] item: Leftovers\n|-damage|p1a: Houndstone|82\/100 tox|[from] psn\n|upkeep\n|turn|14\n|c| PB9|great play by cucumber\n|\n|t:|1698602325\n|move|p2a: Bill|King's Shield|p2a: Bill\n|-singleturn|p2a: Bill|Protect\n|move|p1a: Houndstone|Calm Mind|p1a: Houndstone\n|-boost|p1a: Houndstone|spa|1\n|-boost|p1a: Houndstone|spd|1\n|\n|-heal|p2a: Bill|20\/100|[from] item: Leftovers\n|-damage|p1a: Houndstone|70\/100 tox|[from] psn\n|upkeep\n|turn|15\n|c|\u2606GodCucumber|trust\n|\n|t:|1698602343\n|move|p2a: Bill|King's Shield||[still]\n|-fail|p2a: Bill\n|move|p1a: Houndstone|Bitter Malice|p2a: Bill\n|-supereffective|p2a: Bill\n|-damage|p2a: Bill|0 fnt\n|faint|p2a: Bill\n|\n|-damage|p1a: Houndstone|52\/100 tox|[from] psn\n|upkeep\n|\n|t:|1698602353\n|switch|p2a: Oroxylum Vent|Trevenant, F|88\/100 brn\n|-item|p1a: Houndstone|Steelixite|[from] ability: Frisk|[of] p2a: Oroxylum Vent|[identify]\n|turn|16\n|\n|t:|1698602356\n|move|p1a: Houndstone|Bitter Malice|p2a: Oroxylum Vent\n|-supereffective|p2a: Oroxylum Vent\n|-damage|p2a: Oroxylum Vent|3\/100 brn\n|-unboost|p2a: Oroxylum Vent|atk|1\n|-enditem|p2a: Oroxylum Vent|Sitrus Berry|[eat]\n|-heal|p2a: Oroxylum Vent|28\/100 brn|[from] item: Sitrus Berry\n|move|p2a: Oroxylum Vent|Leech Seed|p1a: Houndstone\n|-start|p1a: Houndstone|move: Leech Seed\n|\n|-damage|p1a: Houndstone|40\/100 tox|[from] Leech Seed|[of] p2a: Oroxylum Vent\n|-heal|p2a: Oroxylum Vent|36\/100 brn|[silent]\n|-damage|p1a: Houndstone|16\/100 tox|[from] psn\n|-damage|p2a: Oroxylum Vent|30\/100 brn|[from] brn\n|upkeep\n|turn|17\n|c| PB9|WTF\n|c| PB9|STEELIXITE\n|c|\u2606GodCucumber|?\n|c|\u2606GodCucumber|LMAO\n|\n|t:|1698602376\n|move|p1a: Houndstone|Bitter Malice|p2a: Oroxylum Vent\n|-supereffective|p2a: Oroxylum Vent\n|-damage|p2a: Oroxylum Vent|0 fnt\n|faint|p2a: Oroxylum Vent\n|\n|-damage|p1a: Houndstone|0 fnt|[from] psn\n|faint|p1a: Houndstone\n|upkeep\n|c| PB9|HE'S HOLDING STEELIX'S MEGA STONE\n|c|\u2606Seasaver|Ikr\n|c|\u2606GodCucumber|How many misplays have I made so far\n|c|\u2606GodCucumber|7 I think\n|\n|t:|1698602409\n|switch|p1a: Dragapult|Dragapult, F|100\/100\n|switch|p2a: Goblin|Grimmsnarl, M|100\/100\n|-damage|p1a: Dragapult|88\/100|[from] Stealth Rock\n|turn|18\n|c|\u2606Seasaver|U lost when u screwed up genesect\n|\n|t:|1698602432\n|move|p1a: Dragapult|U-turn|p2a: Goblin\n|-damage|p2a: Goblin|72\/100\n|c|\u2606GodCucumber|u sure?\n|\n|t:|1698602435\n|switch|p1a: Palossand|Palossand, F|100\/100|[from] U-turn\n|-damage|p1a: Palossand|94\/100|[from] Stealth Rock\n|move|p2a: Goblin|Darkest Lariat|p1a: Palossand\n|-supereffective|p1a: Palossand\n|-damage|p1a: Palossand|49\/100\n|\n|upkeep\n|turn|19\n|c|\u2606Seasaver|Yh\n|\n|t:|1698602444\n|move|p2a: Goblin|Darkest Lariat|p1a: Palossand\n|-supereffective|p1a: Palossand\n|-damage|p1a: Palossand|6\/100\n|move|p1a: Palossand|Sandstorm|p1a: Palossand\n|-weather|Sandstorm\n|\n|-weather|Sandstorm|[upkeep]\n|-damage|p2a: Goblin|65\/100|[from] Sandstorm\n|upkeep\n|turn|20\n|\n|t:|1698602448\n|move|p2a: Goblin|Darkest Lariat|p1a: Palossand\n|-supereffective|p1a: Palossand\n|-damage|p1a: Palossand|0 fnt\n|faint|p1a: Palossand\n|\n|-weather|Sandstorm|[upkeep]\n|-damage|p2a: Goblin|59\/100|[from] Sandstorm\n|upkeep\n|\n|t:|1698602452\n|switch|p1a: Dragapult|Dragapult, F|88\/100\n|-damage|p1a: Dragapult|76\/100|[from] Stealth Rock\n|turn|21\n|\n|t:|1698602454\n|move|p2a: Goblin|Reflect|p2a: Goblin\n|-sidestart|p2: GodCucumber|Reflect\n|move|p1a: Dragapult|Acrobatics|p2a: Goblin\n|-damage|p2a: Goblin|48\/100\n|\n|-weather|Sandstorm|[upkeep]\n|-damage|p1a: Dragapult|70\/100|[from] Sandstorm\n|-damage|p2a: Goblin|42\/100|[from] Sandstorm\n|upkeep\n|turn|22\n|c| PB9|oh sandstorm shore up\n|c| PB9|wow\n|c| PB9|toxic\n|\n|t:|1698602458\n|move|p1a: Dragapult|Acrobatics|p2a: Goblin\n|-damage|p2a: Goblin|29\/100\n|move|p2a: Goblin|Darkest Lariat|p1a: Dragapult\n|-supereffective|p1a: Dragapult\n|-damage|p1a: Dragapult|0 fnt\n|faint|p1a: Dragapult\n|\n|-weather|Sandstorm|[upkeep]\n|-damage|p2a: Goblin|23\/100|[from] Sandstorm\n|upkeep\n|\n|t:|1698602460\n|switch|p1a: Houndstone|Houndstone, F|100\/100\n|-damage|p1a: Houndstone|88\/100|[from] Stealth Rock\n|turn|23\n|c|\u2606GodCucumber|wait.\n|c|\u2606GodCucumber|what?\n|\n|t:|1698602469\n|move|p2a: Goblin|Light Screen|p2a: Goblin\n|-sidestart|p2: GodCucumber|move: Light Screen\n|move|p1a: Houndstone|Last Respects|p2a: Goblin\n|-resisted|p2a: Goblin\n|-damage|p2a: Goblin|0 fnt\n|faint|p2a: Goblin\n|\n|-weather|Sandstorm|[upkeep]\n|upkeep\n|c| PB9|wtf\n|c|\u2606Seasaver|?\n|c|\u2606GodCucumber|WAIT\n|c|\u2606GodCucumber|NO\n|c| PB9|OH GOD\n|\n|t:|1698602480\n|switch|p2a: Dirt Dragon|Tyranitar, F|100\/100\n|turn|24\n|c| PB9|THAT IS SO BAD\n|c| PB9|SAND RUSH\n|c|\u2606Seasaver|Pls kill\n|\n|t:|1698602496\n|detailschange|p2a: Dirt Dragon|Tyranitar-Mega, F\n|-mega|p2a: Dirt Dragon|Tyranitar|Tyranitarite\n|move|p1a: Houndstone|Last Respects|p2a: Dirt Dragon\n|-resisted|p2a: Dirt Dragon\n|-damage|p2a: Dirt Dragon|79\/100\n|move|p2a: Dirt Dragon|Crunch|p1a: Houndstone\n|-supereffective|p1a: Houndstone\n|-damage|p1a: Houndstone|0 fnt\n|faint|p1a: Houndstone\n|\n|win|GodCucumber\n|c| PB9|BRO\n|c| PB9|GIMMICKS ARE BANNED\n|c|\u2606Seasaver|Welp gg\n|c| PB9|WHAT ARE U DOING\n|c|\u2606GodCucumber|?\n|c|\u2606Seasaver|BRO\n|c| PB9|GIMMICKS ARE BANNED\n|c|\u2606GodCucumber|they are?\n|c|\u2606Seasaver|U WOULDVE WON\n|c| PB9|YES\n|c|\u2606GodCucumber|rip\n|c|\u2606GodCucumber|I'm maxed attack to\n|c|\u2606GodCucumber|LMAO\n|c|\u2606Seasaver|U just screwed the whole match\n|c|\u2606GodCucumber|ehh that's ok\n|c|\u2606GodCucumber|gl\n|c|\u2606Seasaver|Thx\n|l|\u2606Seasaver\n|l| PB9\n|j|\u2606Seasaver\n|player|p1|Seasaver|169\n","uploadtime":1698602544,"views":17,"p1id":"seasaver","p2id":"godcucumber","formatid":"gen9nationaldexubers","rating":0,"private":0,"password":""}