{"id":"gen9nationaldexubers-1996502016","p1":"LandryGetBusy","p2":"packzevn","format":"[Gen 9] National Dex Ubers","log":"|j|\u2606LandryGetBusy\n|j|\u2606packzevn\n|t:|1700688243\n|gametype|singles\n|player|p1|LandryGetBusy|265|\n|player|p2|packzevn|169|\n|teamsize|p1|6\n|teamsize|p2|6\n|gen|9\n|tier|[Gen 9] National Dex Ubers\n|rule|HP Percentage Mod: HP is shown in percentages\n|rule|Endless Battle Clause: Forcing endless battles is banned\n|rule|OHKO Clause: OHKO moves are banned\n|rule|Evasion Moves Clause: Evasion moves are banned\n|rule|Evasion Items Clause: Evasion items are banned\n|rule|Species Clause: Limit one of each Pok\u00e9mon\n|rule|Sleep Clause Mod: Limit one foe put to sleep\n|rule|Mega Rayquaza Clause: You cannot mega evolve Rayquaza\n|clearpoke\n|poke|p1|Enamorus, F|\n|poke|p1|Serperior, F|\n|poke|p1|Malamar, M|\n|poke|p1|Lurantis, F|\n|poke|p1|Spinda, M|\n|poke|p1|Shuckle, F|\n|poke|p2|Dracovish|\n|poke|p2|Ribombee, M|\n|poke|p2|Cloyster, F|\n|poke|p2|Malamar, F|\n|poke|p2|Charizard, M|\n|poke|p2|Breloom, F|\n|teampreview\n|inactive|Battle timer is ON: inactive players will automatically lose when time's up. (requested by packzevn)\n|\n|t:|1700688259\n|start\n|switch|p1a: Enamorus|Enamorus, F|100\/100\n|switch|p2a: Ribombee|Ribombee, M|100\/100\n|turn|1\n|\n|t:|1700688280\n|move|p2a: Ribombee|Switcheroo|p1a: Enamorus\n|-activate|p2a: Ribombee|move: Trick|[of] p1a: Enamorus\n|-item|p1a: Enamorus|Choice Scarf|[from] move: Switcheroo\n|-item|p2a: Ribombee|Leftovers|[from] move: Switcheroo\n|move|p1a: Enamorus|Superpower|p2a: Ribombee\n|-resisted|p2a: Ribombee\n|-damage|p2a: Ribombee|85\/100\n|-boost|p1a: Enamorus|atk|1\n|-boost|p1a: Enamorus|def|1\n|\n|-heal|p2a: Ribombee|91\/100|[from] item: Leftovers\n|upkeep\n|turn|2\n|\n|t:|1700688294\n|switch|p1a: Spinda|Spinda, M|100\/100\n|move|p2a: Ribombee|Sticky Web|p1a: Spinda\n|-sidestart|p1: LandryGetBusy|move: Sticky Web\n|\n|-heal|p2a: Ribombee|97\/100|[from] item: Leftovers\n|upkeep\n|turn|3\n|\n|t:|1700688303\n|move|p2a: Ribombee|Switcheroo|p1a: Spinda\n|-activate|p2a: Ribombee|move: Trick|[of] p1a: Spinda\n|-item|p1a: Spinda|Leftovers|[from] move: Switcheroo\n|-item|p2a: Ribombee|Assault Vest|[from] move: Switcheroo\n|move|p1a: Spinda|Frustration|p2a: Ribombee\n|-damage|p2a: Ribombee|45\/100\n|\n|upkeep\n|turn|4\n|\n|t:|1700688312\n|move|p2a: Ribombee|Dazzling Gleam|p1a: Spinda\n|-damage|p1a: Spinda|59\/100\n|move|p1a: Spinda|Frustration|p2a: Ribombee\n|-damage|p2a: Ribombee|0 fnt\n|faint|p2a: Ribombee\n|\n|-heal|p1a: Spinda|65\/100|[from] item: Leftovers\n|upkeep\n|\n|t:|1700688325\n|switch|p2a: Charizard|Charizard, M|100\/100\n|turn|5\n|\n|t:|1700688329\n|detailschange|p2a: Charizard|Charizard-Mega-Y, M\n|-mega|p2a: Charizard|Charizard|Charizardite Y\n|-weather|SunnyDay|[from] ability: Drought|[of] p2a: Charizard\n|move|p1a: Spinda|Sucker Punch||[still]\n|-fail|p1a: Spinda\n|move|p2a: Charizard|Dragon Dance|p2a: Charizard\n|-boost|p2a: Charizard|atk|1\n|-boost|p2a: Charizard|spe|1\n|\n|-weather|SunnyDay|[upkeep]\n|-heal|p1a: Spinda|71\/100|[from] item: Leftovers\n|upkeep\n|turn|6\n|\n|t:|1700688332\n|move|p1a: Spinda|Sucker Punch|p2a: Charizard\n|-damage|p2a: Charizard|78\/100\n|move|p2a: Charizard|Dragon Tail|p1a: Spinda\n|-damage|p1a: Spinda|34\/100\n|drag|p1a: Shuckle|Shuckle, F|100\/100\n|-activate|p1a: Shuckle|move: Sticky Web\n|-boost|p1a: Shuckle|spe|1\n|\n|-weather|SunnyDay|[upkeep]\n|upkeep\n|turn|7\n|\n|t:|1700688348\n|move|p2a: Charizard|Heat Wave|p1a: Shuckle\n|-damage|p1a: Shuckle|43\/100\n|-enditem|p1a: Shuckle|Red Card|[of] p2a: Charizard\n|drag|p2a: Dracovish|Dracovish, shiny|100\/100\n|move|p1a: Shuckle|Toxic|p2a: Dracovish\n|-status|p2a: Dracovish|tox\n|\n|-weather|SunnyDay|[upkeep]\n|-damage|p2a: Dracovish|94\/100 tox|[from] psn\n|upkeep\n|turn|8\n|\n|t:|1700688358\n|move|p2a: Dracovish|Fishious Rend|p1a: Shuckle\n|-supereffective|p1a: Shuckle\n|-damage|p1a: Shuckle|0 fnt\n|faint|p1a: Shuckle\n|\n|-weather|SunnyDay|[upkeep]\n|-damage|p2a: Dracovish|82\/100 tox|[from] psn\n|upkeep\n|\n|t:|1700688364\n|switch|p1a: Enamorus|Enamorus, F|100\/100\n|turn|9\n|\n|t:|1700688373\n|move|p1a: Enamorus|Play Rough|p2a: Dracovish\n|-supereffective|p2a: Dracovish\n|-damage|p2a: Dracovish|0 fnt\n|faint|p2a: Dracovish\n|\n|-weather|none\n|upkeep\n|\n|t:|1700688382\n|switch|p2a: Cloyster|Cloyster, F|100\/100\n|turn|10\n|\n|t:|1700688387\n|switch|p1a: Malamar|Malamar, M|100\/100\n|-activate|p1a: Malamar|move: Sticky Web\n|-boost|p1a: Malamar|spe|1\n|-terastallize|p2a: Cloyster|Ground\n|move|p2a: Cloyster|Shell Smash|p2a: Cloyster\n|-unboost|p2a: Cloyster|def|1\n|-unboost|p2a: Cloyster|spd|1\n|-boost|p2a: Cloyster|atk|2\n|-boost|p2a: Cloyster|spa|2\n|-boost|p2a: Cloyster|spe|2\n|-enditem|p2a: Cloyster|White Herb\n|-clearnegativeboost|p2a: Cloyster|[silent]\n|\n|upkeep\n|turn|11\n|\n|t:|1700688394\n|move|p2a: Cloyster|Shell Smash|p2a: Cloyster\n|-unboost|p2a: Cloyster|def|1\n|-unboost|p2a: Cloyster|spd|1\n|-boost|p2a: Cloyster|atk|2\n|-boost|p2a: Cloyster|spa|2\n|-boost|p2a: Cloyster|spe|2\n|move|p1a: Malamar|Topsy-Turvy|p2a: Cloyster\n|-invertboost|p2a: Cloyster|[from] move: Topsy-Turvy\n|\n|upkeep\n|turn|12\n|\n|t:|1700688403\n|move|p1a: Malamar|Superpower|p2a: Cloyster\n|-damage|p2a: Cloyster|81\/100\n|-boost|p1a: Malamar|atk|1\n|-boost|p1a: Malamar|def|1\n|move|p2a: Cloyster|Shell Smash|p2a: Cloyster\n|-unboost|p2a: Cloyster|def|1\n|-unboost|p2a: Cloyster|spd|1\n|-boost|p2a: Cloyster|atk|2\n|-boost|p2a: Cloyster|spa|2\n|-boost|p2a: Cloyster|spe|2\n|\n|upkeep\n|turn|13\n|\n|t:|1700688410\n|move|p1a: Malamar|Superpower|p2a: Cloyster\n|-damage|p2a: Cloyster|34\/100\n|-boost|p1a: Malamar|atk|1\n|-boost|p1a: Malamar|def|1\n|move|p2a: Cloyster|Shell Smash|p2a: Cloyster\n|-unboost|p2a: Cloyster|def|1\n|-unboost|p2a: Cloyster|spd|1\n|-boost|p2a: Cloyster|atk|2\n|-boost|p2a: Cloyster|spa|2\n|-boost|p2a: Cloyster|spe|2\n|\n|upkeep\n|turn|14\n|\n|t:|1700688420\n|move|p1a: Malamar|Superpower|p2a: Cloyster\n|-damage|p2a: Cloyster|0 fnt\n|-boost|p1a: Malamar|atk|1\n|-boost|p1a: Malamar|def|1\n|faint|p2a: Cloyster\n|\n|upkeep\n|\n|t:|1700688424\n|switch|p2a: Breloom|Breloom, F|100\/100\n|turn|15\n|\n|t:|1700688431\n|move|p1a: Malamar|Psycho Cut|p2a: Breloom\n|-supereffective|p2a: Breloom\n|-crit|p2a: Breloom\n|-enditem|p2a: Breloom|Focus Sash\n|-damage|p2a: Breloom|1\/100\n|move|p2a: Breloom|Spore|p1a: Malamar\n|-status|p1a: Malamar|slp|[from] move: Spore\n|\n|upkeep\n|turn|16\n|\n|t:|1700688438\n|cant|p1a: Malamar|slp\n|move|p2a: Breloom|Swords Dance|p2a: Breloom\n|-boost|p2a: Breloom|atk|2\n|\n|upkeep\n|turn|17\n|\n|t:|1700688439\n|cant|p1a: Malamar|slp\n|move|p2a: Breloom|Bullet Seed|p1a: Malamar\n|-damage|p1a: Malamar|84\/100 slp\n|-damage|p1a: Malamar|68\/100 slp\n|-hitcount|p1a: Malamar|2\n|\n|-heal|p1a: Malamar|74\/100 slp|[from] item: Leftovers\n|upkeep\n|turn|18\n|\n|t:|1700688442\n|move|p2a: Breloom|Mach Punch|p1a: Malamar\n|-damage|p1a: Malamar|46\/100 slp\n|-curestatus|p1a: Malamar|slp|[msg]\n|move|p1a: Malamar|Psycho Cut|p2a: Breloom\n|-supereffective|p2a: Breloom\n|-damage|p2a: Breloom|0 fnt\n|faint|p2a: Breloom\n|\n|-heal|p1a: Malamar|52\/100|[from] item: Leftovers\n|upkeep\n|\n|t:|1700688444\n|switch|p2a: Charizard|Charizard-Mega-Y, M|78\/100\n|-weather|SunnyDay|[from] ability: Drought|[of] p2a: Charizard\n|turn|19\n|\n|t:|1700688451\n|move|p1a: Malamar|Psycho Cut|p2a: Charizard\n|-damage|p2a: Charizard|0 fnt\n|faint|p2a: Charizard\n|\n|-weather|SunnyDay|[upkeep]\n|-heal|p1a: Malamar|59\/100|[from] item: Leftovers\n|upkeep\n|\n|t:|1700688453\n|switch|p2a: Malamar|Malamar, F|100\/100\n|turn|20\n|\n|t:|1700688460\n|move|p1a: Malamar|Superpower|p2a: Malamar\n|-enditem|p2a: Malamar|Focus Sash\n|-damage|p2a: Malamar|1\/100\n|-boost|p1a: Malamar|atk|1\n|-boost|p1a: Malamar|def|1\n|move|p2a: Malamar|Superpower|p1a: Malamar\n|-damage|p1a: Malamar|48\/100\n|-boost|p2a: Malamar|atk|1\n|-boost|p2a: Malamar|def|1\n|\n|-weather|SunnyDay|[upkeep]\n|-heal|p1a: Malamar|54\/100|[from] item: Leftovers\n|upkeep\n|turn|21\n|\n|t:|1700688488\n|move|p1a: Malamar|Superpower|p2a: Malamar\n|-damage|p2a: Malamar|0 fnt\n|-boost|p1a: Malamar|atk|1\n|-boost|p1a: Malamar|def|1\n|faint|p2a: Malamar\n|\n|win|LandryGetBusy\n","uploadtime":1700688497,"views":2,"p1id":"landrygetbusy","p2id":"packzevn","formatid":"gen9nationaldexubers","rating":0,"private":0,"password":""}