{"id":"gen9nationaldexubers-1998844694","p1":"Mistery Gold","p2":"baigu","format":"[Gen 9] National Dex Ubers","log":"|j|\u2606Mistery Gold\n|j|\u2606baigu\n|t:|1701002005\n|gametype|singles\n|player|p1|Mistery Gold|aromalady|1091\n|player|p2|baigu|169|1054\n|teamsize|p1|6\n|teamsize|p2|6\n|gen|9\n|tier|[Gen 9] National Dex Ubers\n|rated|\n|rule|HP Percentage Mod: HP is shown in percentages\n|rule|Endless Battle Clause: Forcing endless battles is banned\n|rule|OHKO Clause: OHKO moves are banned\n|rule|Evasion Moves Clause: Evasion moves are banned\n|rule|Evasion Items Clause: Evasion items are banned\n|rule|Species Clause: Limit one of each Pok\u00e9mon\n|rule|Sleep Clause Mod: Limit one foe put to sleep\n|rule|Mega Rayquaza Clause: You cannot mega evolve Rayquaza\n|clearpoke\n|poke|p1|Marshadow|\n|poke|p1|Zacian-*|\n|poke|p1|Alakazam, F|\n|poke|p1|Zygarde|\n|poke|p1|Tapu Lele|\n|poke|p1|Kyogre|\n|poke|p2|Ho-Oh|\n|poke|p2|Groudon|\n|poke|p2|Kyogre|\n|poke|p2|Slowbro, M|\n|poke|p2|Necrozma-Dusk-Mane|\n|poke|p2|Marshadow|\n|teampreview\n|\n|t:|1701002024\n|start\n|switch|p1a: Kyogre|Kyogre|100\/100\n|switch|p2a: Slowbro|Slowbro, M|100\/100\n|detailschange|p1a: Kyogre|Kyogre-Primal\n|-primal|p1a: Kyogre|Blue Orb\n|-weather|PrimordialSea|[from] ability: Primordial Sea|[of] p1a: Kyogre\n|turn|1\n|\n|t:|1701002033\n|switch|p2a: Groudon|Groudon|100\/100\n|detailschange|p2a: Groudon|Groudon-Primal\n|-primal|p2a: Groudon|Red Orb\n|-weather|DesolateLand|[from] ability: Desolate Land|[of] p2a: Groudon\n|move|p1a: Kyogre|Water Spout||[still]\n|-fail|p1a: Kyogre|Water Spout|[from] Desolate Land\n|\n|-weather|DesolateLand|[upkeep]\n|upkeep\n|turn|2\n|\n|t:|1701002044\n|switch|p1a: Marshadow|Marshadow|100\/100\n|move|p2a: Groudon|Spikes|p1a: Marshadow\n|-sidestart|p1: Mistery Gold|Spikes\n|\n|-weather|DesolateLand|[upkeep]\n|upkeep\n|turn|3\n|\n|t:|1701002056\n|-weather|none\n|switch|p2a: Ho-Oh|Ho-Oh|100\/100\n|move|p1a: Marshadow|Spectral Thief|p2a: Ho-Oh\n|-damage|p2a: Ho-Oh|66\/100\n|\n|upkeep\n|turn|4\n|\n|t:|1701002068\n|move|p1a: Marshadow|Spectral Thief|p2a: Ho-Oh\n|-damage|p2a: Ho-Oh|32\/100\n|move|p2a: Ho-Oh|Roost|p2a: Ho-Oh\n|-heal|p2a: Ho-Oh|82\/100\n|-singleturn|p2a: Ho-Oh|move: Roost\n|\n|upkeep\n|turn|5\n|\n|t:|1701002076\n|move|p1a: Marshadow|Spectral Thief|p2a: Ho-Oh\n|-damage|p2a: Ho-Oh|49\/100\n|move|p2a: Ho-Oh|Sacred Fire|p1a: Marshadow\n|-damage|p1a: Marshadow|48\/100\n|\n|upkeep\n|turn|6\n|\n|t:|1701002087\n|-terastallize|p1a: Marshadow|Fighting\n|move|p1a: Marshadow|Drain Punch|p2a: Ho-Oh\n|-resisted|p2a: Ho-Oh\n|-crit|p2a: Ho-Oh\n|-damage|p2a: Ho-Oh|24\/100\n|-heal|p1a: Marshadow|65\/100|[from] drain|[of] p2a: Ho-Oh\n|move|p2a: Ho-Oh|Roost|p2a: Ho-Oh\n|-heal|p2a: Ho-Oh|74\/100\n|-singleturn|p2a: Ho-Oh|move: Roost\n|\n|upkeep\n|turn|7\n|inactive|Battle timer is ON: inactive players will automatically lose when time's up. (requested by baigu)\n|\n|t:|1701002096\n|move|p1a: Marshadow|Spectral Thief|p2a: Ho-Oh\n|-damage|p2a: Ho-Oh|44\/100\n|move|p2a: Ho-Oh|Sacred Fire|p1a: Marshadow\n|-damage|p1a: Marshadow|5\/100\n|-status|p1a: Marshadow|brn\n|\n|-damage|p1a: Marshadow|0 fnt|[from] brn\n|faint|p1a: Marshadow\n|upkeep\n|\n|t:|1701002115\n|switch|p1a: Zacian|Zacian-Crowned|100\/100\n|-damage|p1a: Zacian|88\/100|[from] Spikes\n|-ability|p1a: Zacian|Intrepid Sword|boost\n|-boost|p1a: Zacian|atk|1\n|turn|8\n|\n|t:|1701002126\n|switch|p2a: Slowbro|Slowbro, M|100\/100\n|move|p1a: Zacian|Psychic Fangs|p2a: Slowbro\n|-resisted|p2a: Slowbro\n|-damage|p2a: Slowbro|87\/100\n|\n|upkeep\n|turn|9\n|\n|t:|1701002130\n|move|p1a: Zacian|Swords Dance|p1a: Zacian\n|-boost|p1a: Zacian|atk|2\n|move|p2a: Slowbro|Trick Room|p2a: Slowbro\n|-fieldstart|move: Trick Room|[of] p2a: Slowbro\n|\n|upkeep\n|turn|10\n|\n|t:|1701002138\n|detailschange|p2a: Slowbro|Slowbro-Mega, M\n|-mega|p2a: Slowbro|Slowbro|Slowbronite\n|move|p1a: Zacian|Behemoth Blade|p2a: Slowbro\n|-resisted|p2a: Slowbro\n|-damage|p2a: Slowbro|59\/100\n|move|p2a: Slowbro|Teleport|p2a: Slowbro\n|\n|t:|1701002144\n|switch|p2a: Kyogre|Kyogre|100\/100|[from] Teleport\n|detailschange|p2a: Kyogre|Kyogre-Primal\n|-primal|p2a: Kyogre|Blue Orb\n|-weather|PrimordialSea|[from] ability: Primordial Sea|[of] p2a: Kyogre\n|\n|-weather|PrimordialSea|[upkeep]\n|upkeep\n|turn|11\n|\n|t:|1701002148\n|move|p2a: Kyogre|Water Spout|p1a: Zacian\n|-damage|p1a: Zacian|0 fnt\n|faint|p1a: Zacian\n|\n|-weather|PrimordialSea|[upkeep]\n|upkeep\n|\n|t:|1701002152\n|switch|p1a: Kyogre|Kyogre-Primal|100\/100\n|-damage|p1a: Kyogre|88\/100|[from] Spikes\n|turn|12\n|\n|t:|1701002155\n|move|p2a: Kyogre|Thunder|p1a: Kyogre\n|-supereffective|p1a: Kyogre\n|-damage|p1a: Kyogre|13\/100\n|move|p1a: Kyogre|Thunderbolt|p2a: Kyogre\n|-supereffective|p2a: Kyogre\n|-damage|p2a: Kyogre|47\/100\n|\n|-weather|PrimordialSea|[upkeep]\n|upkeep\n|turn|13\n|\n|t:|1701002164\n|move|p2a: Kyogre|Origin Pulse|p1a: Kyogre\n|-resisted|p1a: Kyogre\n|-damage|p1a: Kyogre|0 fnt\n|faint|p1a: Kyogre\n|\n|-weather|PrimordialSea|[upkeep]\n|-fieldend|move: Trick Room\n|upkeep\n|\n|t:|1701002171\n|switch|p1a: Tapu Lele|Tapu Lele|100\/100\n|-damage|p1a: Tapu Lele|88\/100|[from] Spikes\n|-fieldstart|move: Psychic Terrain|[from] ability: Psychic Surge|[of] p1a: Tapu Lele\n|turn|14\n|\n|t:|1701002177\n|move|p1a: Tapu Lele|Thunder|p2a: Kyogre\n|-supereffective|p2a: Kyogre\n|-damage|p2a: Kyogre|0 fnt\n|faint|p2a: Kyogre\n|-weather|none\n|\n|-heal|p1a: Tapu Lele|94\/100|[from] item: Leftovers\n|upkeep\n|\n|t:|1701002182\n|switch|p2a: Necrozma|Necrozma-Dusk-Mane|100\/100\n|turn|15\n|inactive|Mistery Gold has 120 seconds left.\n|\n|t:|1701002214\n|move|p1a: Tapu Lele|Taunt|p2a: Necrozma\n|-start|p2a: Necrozma|move: Taunt\n|move|p2a: Necrozma|Sunsteel Strike|p1a: Tapu Lele\n|-supereffective|p1a: Tapu Lele\n|-damage|p1a: Tapu Lele|0 fnt\n|faint|p1a: Tapu Lele\n|\n|upkeep\n|inactive|Mistery Gold has 120 seconds left.\n|\n|t:|1701002224\n|switch|p1a: Alakazam|Alakazam, F|100\/100\n|turn|16\n|\n|t:|1701002231\n|detailschange|p1a: Alakazam|Alakazam-Mega, F\n|-mega|p1a: Alakazam|Alakazam|Alakazite\n|-ability|p1a: Alakazam|Prism Armor|[from] ability: Trace|[of] p2a: Necrozma\n|move|p1a: Alakazam|Expanding Force|p2a: Necrozma\n|-resisted|p2a: Necrozma\n|-damage|p2a: Necrozma|82\/100\n|move|p2a: Necrozma|Sunsteel Strike|p1a: Alakazam\n|-damage|p1a: Alakazam|7\/100\n|\n|-heal|p2a: Necrozma|88\/100|[from] item: Leftovers\n|upkeep\n|turn|17\n|\n|t:|1701002240\n|move|p1a: Alakazam|Future Sight|p2a: Necrozma\n|-start|p1a: Alakazam|move: Future Sight\n|move|p2a: Necrozma|Sunsteel Strike|p1a: Alakazam\n|-damage|p1a: Alakazam|0 fnt\n|faint|p1a: Alakazam\n|\n|-heal|p2a: Necrozma|94\/100|[from] item: Leftovers\n|-end|p2a: Necrozma|move: Taunt\n|upkeep\n|\n|t:|1701002244\n|switch|p1a: Zygarde|Zygarde|100\/100\n|-damage|p1a: Zygarde|88\/100|[from] Spikes\n|turn|18\n|\n|t:|1701002251\n|-terastallize|p2a: Necrozma|Grass\n|move|p1a: Zygarde|Core Enforcer|p2a: Necrozma\n|-damage|p2a: Necrozma|73\/100\n|move|p2a: Necrozma|Toxic|p1a: Zygarde\n|-status|p1a: Zygarde|tox\n|\n|-heal|p1a: Zygarde|94\/100 tox|[from] item: Leftovers\n|-heal|p2a: Necrozma|79\/100|[from] item: Leftovers\n|-damage|p1a: Zygarde|88\/100 tox|[from] psn\n|-fieldend|move: Psychic Terrain\n|upkeep\n|turn|19\n|\n|t:|1701002260\n|move|p1a: Zygarde|Sludge Wave|p2a: Necrozma\n|-supereffective|p2a: Necrozma\n|-damage|p2a: Necrozma|61\/100\n|move|p2a: Necrozma|Sunsteel Strike|p1a: Zygarde\n|-damage|p1a: Zygarde|56\/100 tox\n|\n|-end|p2a: Necrozma|move: Future Sight\n|-damage|p2a: Necrozma|2\/100\n|-heal|p1a: Zygarde|62\/100 tox|[from] item: Leftovers\n|-heal|p2a: Necrozma|8\/100|[from] item: Leftovers\n|-damage|p1a: Zygarde|50\/100 tox|[from] psn\n|-activate|p1a: Zygarde|ability: Power Construct\n|detailschange|p1a: Zygarde|Zygarde-Complete\n|-heal|p1a: Zygarde|67\/100 tox|[silent]\n|upkeep\n|turn|20\n|\n|t:|1701002269\n|move|p1a: Zygarde|Sludge Wave|p2a: Necrozma\n|-supereffective|p2a: Necrozma\n|-damage|p2a: Necrozma|0 fnt\n|faint|p2a: Necrozma\n|\n|-heal|p1a: Zygarde|73\/100 tox|[from] item: Leftovers\n|-damage|p1a: Zygarde|55\/100 tox|[from] psn\n|upkeep\n|-message|Mistery Gold forfeited.\n|\n|win|baigu\n|raw|Mistery Gold's rating: 1091 &rarr; <strong>1065<\/strong><br \/>(-26 for losing)\n|raw|baigu's rating: 1054 &rarr; <strong>1089<\/strong><br \/>(+35 for winning)\n|l|\u2606Mistery Gold\n","uploadtime":1701002274,"views":2,"p1id":"misterygold","p2id":"baigu","formatid":"gen9nationaldexubers","rating":1065,"private":0,"password":""}