{"id":"gen9nationaldexubers-1993103092","p1":"Jofrome","p2":"Meowtimez","format":"[Gen 9] National Dex Ubers","log":"|j|\u2606Jofrome\n|j|\u2606Meowtimez\n|t:|1700265087\n|gametype|singles\n|player|p1|Jofrome|101|\n|player|p2|Meowtimez|n|\n|teamsize|p1|6\n|teamsize|p2|6\n|gen|9\n|tier|[Gen 9] National Dex Ubers\n|rule|HP Percentage Mod: HP is shown in percentages\n|rule|Endless Battle Clause: Forcing endless battles is banned\n|rule|OHKO Clause: OHKO moves are banned\n|rule|Evasion Moves Clause: Evasion moves are banned\n|rule|Evasion Items Clause: Evasion items are banned\n|rule|Species Clause: Limit one of each Pok\u00e9mon\n|rule|Sleep Clause Mod: Limit one foe put to sleep\n|rule|Mega Rayquaza Clause: You cannot mega evolve Rayquaza\n|clearpoke\n|poke|p1|Garchomp, M|\n|poke|p1|Weavile, F|\n|poke|p1|Mismagius, F|\n|poke|p1|Gastrodon-East, F|\n|poke|p1|Xatu, M|\n|poke|p1|Empoleon, M|\n|poke|p2|Lucario, F|\n|poke|p2|Probopass, F|\n|poke|p2|Crobat, F|\n|poke|p2|Ursaring, F|\n|poke|p2|Farigiraf, F|\n|poke|p2|Porygon-Z|\n|teampreview\n|\n|t:|1700265103\n|start\n|switch|p1a: Gamer Burd|Xatu, M, shiny|100\/100\n|switch|p2a: Lucario|Lucario, F|100\/100\n|turn|1\n|c|\u2606Jofrome|glhf\n|\n|t:|1700265122\n|switch|p2a: Probopass|Probopass, F|100\/100\n|move|p1a: Gamer Burd|Reflect|p1a: Gamer Burd\n|-sidestart|p1: Jofrome|Reflect\n|\n|upkeep\n|turn|2\n|\n|t:|1700265132\n|move|p1a: Gamer Burd|U-turn|p2a: Probopass\n|-resisted|p2a: Probopass\n|-damage|p2a: Probopass|96\/100\n|\n|t:|1700265136\n|switch|p1a: Gamer Slug|Gastrodon-East, F, shiny|100\/100|[from] U-turn\n|move|p2a: Probopass|Power Gem|p1a: Gamer Slug\n|-resisted|p1a: Gamer Slug\n|-damage|p1a: Gamer Slug|89\/100\n|\n|-heal|p1a: Gamer Slug|96\/100|[from] item: Leftovers\n|upkeep\n|turn|3\n|\n|t:|1700265155\n|switch|p2a: Ursaring|Ursaring, F|100\/100\n|move|p1a: Gamer Slug|Spikes|p2a: Ursaring\n|-sidestart|p2: Meowtimez|Spikes\n|\n|-heal|p1a: Gamer Slug|100\/100|[from] item: Leftovers\n|-status|p2a: Ursaring|brn|[from] item: Flame Orb\n|upkeep\n|turn|4\n|\n|t:|1700265175\n|move|p2a: Ursaring|Earthquake|p1a: Gamer Slug\n|-damage|p1a: Gamer Slug|67\/100\n|move|p1a: Gamer Slug|Spikes|p2a: Ursaring\n|-sidestart|p2: Meowtimez|Spikes\n|\n|-heal|p1a: Gamer Slug|73\/100|[from] item: Leftovers\n|-damage|p2a: Ursaring|94\/100 brn|[from] brn\n|upkeep\n|turn|5\n|\n|t:|1700265190\n|move|p2a: Ursaring|Hone Claws|p2a: Ursaring\n|-boost|p2a: Ursaring|atk|1\n|-boost|p2a: Ursaring|accuracy|1\n|move|p1a: Gamer Slug|Scald|p2a: Ursaring\n|-damage|p2a: Ursaring|66\/100 brn\n|\n|-heal|p1a: Gamer Slug|79\/100|[from] item: Leftovers\n|-damage|p2a: Ursaring|60\/100 brn|[from] brn\n|upkeep\n|turn|6\n|\n|t:|1700265201\n|move|p2a: Ursaring|Facade|p1a: Gamer Slug\n|-damage|p1a: Gamer Slug|0 fnt\n|faint|p1a: Gamer Slug\n|\n|-damage|p2a: Ursaring|54\/100 brn|[from] brn\n|upkeep\n|\n|t:|1700265254\n|switch|p1a: Gamervile|Weavile, F, shiny|100\/100\n|-ability|p1a: Gamervile|Pressure\n|turn|7\n|\n|t:|1700265264\n|move|p1a: Gamervile|Brick Break|p2a: Ursaring\n|-supereffective|p2a: Ursaring\n|-damage|p2a: Ursaring|0 fnt\n|faint|p2a: Ursaring\n|\n|upkeep\n|\n|t:|1700265273\n|switch|p2a: Farigiraf|Farigiraf, F|100\/100\n|-damage|p2a: Farigiraf|84\/100|[from] Spikes\n|turn|8\n|\n|t:|1700265286\n|switch|p1a: PenGamer|Empoleon, M, shiny|100\/100\n|move|p2a: Farigiraf|Psychic|p1a: PenGamer\n|-resisted|p1a: PenGamer\n|-crit|p1a: PenGamer\n|-damage|p1a: PenGamer|68\/100\n|\n|-heal|p1a: PenGamer|74\/100|[from] item: Leftovers\n|-sideend|p1: Jofrome|Reflect\n|upkeep\n|turn|9\n|\n|t:|1700265304\n|move|p1a: PenGamer|Stealth Rock|p2a: Farigiraf\n|-sidestart|p2: Meowtimez|move: Stealth Rock\n|move|p2a: Farigiraf|Body Slam|p1a: PenGamer\n|-resisted|p1a: PenGamer\n|-damage|p1a: PenGamer|64\/100\n|\n|-heal|p1a: PenGamer|70\/100|[from] item: Leftovers\n|upkeep\n|turn|10\n|\n|t:|1700265321\n|move|p1a: PenGamer|Scald|p2a: Farigiraf\n|-damage|p2a: Farigiraf|53\/100\n|move|p2a: Farigiraf|Psychic|p1a: PenGamer\n|-resisted|p1a: PenGamer\n|-damage|p1a: PenGamer|50\/100\n|\n|-heal|p1a: PenGamer|56\/100|[from] item: Leftovers\n|upkeep\n|turn|11\n|\n|t:|1700265339\n|move|p1a: PenGamer|Scald|p2a: Farigiraf\n|-damage|p2a: Farigiraf|20\/100\n|-enditem|p2a: Farigiraf|Sitrus Berry|[eat]\n|-heal|p2a: Farigiraf|45\/100|[from] item: Sitrus Berry\n|move|p2a: Farigiraf|Calm Mind|p2a: Farigiraf\n|-boost|p2a: Farigiraf|spa|1\n|-boost|p2a: Farigiraf|spd|1\n|\n|-heal|p1a: PenGamer|62\/100|[from] item: Leftovers\n|upkeep\n|turn|12\n|\n|t:|1700265354\n|move|p1a: PenGamer|Toxic|p2a: Farigiraf\n|-status|p2a: Farigiraf|tox\n|move|p2a: Farigiraf|Psychic|p1a: PenGamer\n|-resisted|p1a: PenGamer\n|-damage|p1a: PenGamer|30\/100\n|\n|-heal|p1a: PenGamer|36\/100|[from] item: Leftovers\n|-damage|p2a: Farigiraf|39\/100 tox|[from] psn\n|-activate|p2a: Farigiraf|ability: Cud Chew\n|-enditem|p2a: Farigiraf|Sitrus Berry|[eat]\n|-heal|p2a: Farigiraf|64\/100 tox|[from] item: Sitrus Berry\n|upkeep\n|turn|13\n|\n|t:|1700265366\n|move|p1a: PenGamer|Roost|p1a: PenGamer\n|-heal|p1a: PenGamer|86\/100\n|-singleturn|p1a: PenGamer|move: Roost\n|move|p2a: Farigiraf|Psychic|p1a: PenGamer\n|-resisted|p1a: PenGamer\n|-damage|p1a: PenGamer|53\/100\n|\n|-heal|p1a: PenGamer|60\/100|[from] item: Leftovers\n|-damage|p2a: Farigiraf|52\/100 tox|[from] psn\n|upkeep\n|turn|14\n|\n|t:|1700265380\n|move|p1a: PenGamer|Roost|p1a: PenGamer\n|-heal|p1a: PenGamer|100\/100\n|-singleturn|p1a: PenGamer|move: Roost\n|move|p2a: Farigiraf|Psychic|p1a: PenGamer\n|-resisted|p1a: PenGamer\n|-damage|p1a: PenGamer|70\/100\n|\n|-heal|p1a: PenGamer|76\/100|[from] item: Leftovers\n|-damage|p2a: Farigiraf|34\/100 tox|[from] psn\n|upkeep\n|turn|15\n|\n|t:|1700265389\n|move|p1a: PenGamer|Roost|p1a: PenGamer\n|-heal|p1a: PenGamer|100\/100\n|-singleturn|p1a: PenGamer|move: Roost\n|move|p2a: Farigiraf|Psychic|p1a: PenGamer\n|-resisted|p1a: PenGamer\n|-damage|p1a: PenGamer|67\/100\n|\n|-heal|p1a: PenGamer|73\/100|[from] item: Leftovers\n|-damage|p2a: Farigiraf|10\/100 tox|[from] psn\n|upkeep\n|turn|16\n|\n|t:|1700265399\n|switch|p1a: Gamervile|Weavile, F, shiny|100\/100\n|-ability|p1a: Gamervile|Pressure\n|move|p2a: Farigiraf|Psychic|p1a: Gamervile\n|-immune|p1a: Gamervile\n|\n|-damage|p2a: Farigiraf|0 fnt|[from] psn\n|faint|p2a: Farigiraf\n|upkeep\n|\n|t:|1700265409\n|switch|p2a: Probopass|Probopass, F|96\/100\n|-damage|p2a: Probopass|80\/100|[from] Spikes\n|-damage|p2a: Probopass|73\/100|[from] Stealth Rock\n|turn|17\n|\n|t:|1700265434\n|move|p1a: Gamervile|Brick Break|p2a: Probopass\n|-supereffective|p2a: Probopass\n|-damage|p2a: Probopass|0 fnt\n|faint|p2a: Probopass\n|\n|upkeep\n|\n|t:|1700265439\n|switch|p2a: Lucario|Lucario, F|100\/100\n|-damage|p2a: Lucario|84\/100|[from] Spikes\n|-damage|p2a: Lucario|81\/100|[from] Stealth Rock\n|turn|18\n|\n|t:|1700265446\n|move|p1a: Gamervile|Brick Break|p2a: Lucario\n|-supereffective|p2a: Lucario\n|-damage|p2a: Lucario|0 fnt\n|faint|p2a: Lucario\n|\n|upkeep\n|\n|t:|1700265451\n|switch|p2a: Crobat|Crobat, F|100\/100\n|-damage|p2a: Crobat|76\/100|[from] Stealth Rock\n|turn|19\n|\n|t:|1700265460\n|switch|p1a: PenGamer|Empoleon, M, shiny|73\/100\n|move|p2a: Crobat|Air Slash|p1a: PenGamer\n|-resisted|p1a: PenGamer\n|-damage|p1a: PenGamer|63\/100\n|\n|-heal|p2a: Crobat|82\/100|[from] item: Black Sludge\n|-heal|p1a: PenGamer|69\/100|[from] item: Leftovers\n|upkeep\n|turn|20\n|\n|t:|1700265473\n|move|p2a: Crobat|Crunch|p1a: PenGamer\n|-damage|p1a: PenGamer|55\/100\n|move|p1a: PenGamer|Scald|p2a: Crobat\n|-damage|p2a: Crobat|41\/100\n|-status|p2a: Crobat|brn\n|\n|-heal|p2a: Crobat|47\/100 brn|[from] item: Black Sludge\n|-heal|p1a: PenGamer|61\/100|[from] item: Leftovers\n|-damage|p2a: Crobat|41\/100 brn|[from] brn\n|upkeep\n|turn|21\n|\n|t:|1700265485\n|move|p2a: Crobat|Giga Drain|p1a: PenGamer\n|-damage|p1a: PenGamer|48\/100\n|-heal|p2a: Crobat|49\/100 brn|[from] drain|[of] p1a: PenGamer\n|move|p1a: PenGamer|Roost|p1a: PenGamer\n|-heal|p1a: PenGamer|98\/100\n|-singleturn|p1a: PenGamer|move: Roost\n|\n|-heal|p2a: Crobat|55\/100 brn|[from] item: Black Sludge\n|-heal|p1a: PenGamer|100\/100|[from] item: Leftovers\n|-damage|p2a: Crobat|49\/100 brn|[from] brn\n|upkeep\n|turn|22\n|\n|t:|1700265497\n|move|p2a: Crobat|Giga Drain|p1a: PenGamer\n|-damage|p1a: PenGamer|89\/100\n|-heal|p2a: Crobat|56\/100 brn|[from] drain|[of] p1a: PenGamer\n|move|p1a: PenGamer|Scald|p2a: Crobat\n|-damage|p2a: Crobat|16\/100 brn\n|\n|-heal|p2a: Crobat|22\/100 brn|[from] item: Black Sludge\n|-heal|p1a: PenGamer|95\/100|[from] item: Leftovers\n|-damage|p2a: Crobat|16\/100 brn|[from] brn\n|upkeep\n|turn|23\n|\n|t:|1700265509\n|move|p2a: Crobat|Giga Drain|p1a: PenGamer\n|-damage|p1a: PenGamer|84\/100\n|-heal|p2a: Crobat|23\/100 brn|[from] drain|[of] p1a: PenGamer\n|move|p1a: PenGamer|Scald|p2a: Crobat\n|-damage|p2a: Crobat|0 fnt\n|faint|p2a: Crobat\n|\n|-heal|p1a: PenGamer|90\/100|[from] item: Leftovers\n|upkeep\n|\n|t:|1700265519\n|switch|p2a: Porygon-Z|Porygon-Z|100\/100\n|-damage|p2a: Porygon-Z|84\/100|[from] Spikes\n|-damage|p2a: Porygon-Z|72\/100|[from] Stealth Rock\n|turn|24\n|\n|t:|1700265529\n|move|p2a: Porygon-Z|Tri Attack|p1a: PenGamer\n|-resisted|p1a: PenGamer\n|-damage|p1a: PenGamer|65\/100\n|move|p1a: PenGamer|Toxic|p2a: Porygon-Z\n|-status|p2a: Porygon-Z|tox\n|\n|-heal|p1a: PenGamer|71\/100|[from] item: Leftovers\n|-damage|p2a: Porygon-Z|66\/100 tox|[from] psn\n|upkeep\n|turn|25\n|\n|t:|1700265540\n|move|p2a: Porygon-Z|Tri Attack|p1a: PenGamer\n|-resisted|p1a: PenGamer\n|-damage|p1a: PenGamer|43\/100\n|move|p1a: PenGamer|Roost|p1a: PenGamer\n|-heal|p1a: PenGamer|93\/100\n|-singleturn|p1a: PenGamer|move: Roost\n|\n|-heal|p1a: PenGamer|99\/100|[from] item: Leftovers\n|-damage|p2a: Porygon-Z|54\/100 tox|[from] psn\n|upkeep\n|turn|26\n|\n|t:|1700265550\n|move|p2a: Porygon-Z|Tri Attack|p1a: PenGamer\n|-resisted|p1a: PenGamer\n|-damage|p1a: PenGamer|72\/100\n|move|p1a: PenGamer|Scald|p2a: Porygon-Z\n|-damage|p2a: Porygon-Z|14\/100 tox\n|\n|-heal|p1a: PenGamer|78\/100|[from] item: Leftovers\n|-damage|p2a: Porygon-Z|0 fnt|[from] psn\n|faint|p2a: Porygon-Z\n|\n|win|Jofrome\n|upkeep\n|c|\u2606Jofrome|gg\n","uploadtime":1700265563,"views":28,"p1id":"jofrome","p2id":"meowtimez","formatid":"gen9nationaldexubers","rating":0,"private":0,"password":""}