{"id":"gen9nationaldexubers-1994702644","p1":"SCARCITY25","p2":"AlolanSandslashOU","format":"[Gen 9] National Dex Ubers","log":"|j|\u2606SCARCITY25\n|j|\u2606AlolanSandslashOU\n|t:|1700483241\n|gametype|singles\n|player|p1|SCARCITY25|cynthia-gen4|\n|player|p2|AlolanSandslashOU|volkner|\n|teamsize|p1|6\n|teamsize|p2|6\n|gen|9\n|tier|[Gen 9] National Dex Ubers\n|rule|HP Percentage Mod: HP is shown in percentages\n|rule|Endless Battle Clause: Forcing endless battles is banned\n|rule|OHKO Clause: OHKO moves are banned\n|rule|Evasion Moves Clause: Evasion moves are banned\n|rule|Evasion Items Clause: Evasion items are banned\n|rule|Species Clause: Limit one of each Pok\u00e9mon\n|rule|Sleep Clause Mod: Limit one foe put to sleep\n|rule|Mega Rayquaza Clause: You cannot mega evolve Rayquaza\n|clearpoke\n|poke|p1|Tapu Koko|\n|poke|p1|Iron Valiant|\n|poke|p1|Urshifu-*, F|\n|poke|p1|Corviknight, F|\n|poke|p1|Rotom-Wash|\n|poke|p1|Garchomp, F|\n|poke|p2|Chien-Pao|\n|poke|p2|Ting-Lu|\n|poke|p2|Greninja-*, M|\n|poke|p2|Weavile, F|\n|poke|p2|Urshifu-*, F|\n|poke|p2|Annihilape, M|\n|teampreview\n|c|\u2606SCARCITY25|glhf\n|c|\u2606AlolanSandslashOU|Glhf and don\u2019t let the darkness consume you\n|\n|t:|1700483274\n|start\n|switch|p1a: Garchomp|Garchomp, F|100\/100\n|switch|p2a: Weavile|Weavile, F|100\/100\n|-ability|p2a: Weavile|Pressure\n|turn|1\n|\n|t:|1700483300\n|switch|p1a: Corviknight|Corviknight, F|100\/100\n|move|p2a: Weavile|Knock Off|p1a: Corviknight\n|-damage|p1a: Corviknight|73\/100\n|-enditem|p1a: Corviknight|Leftovers|[from] move: Knock Off|[of] p2a: Weavile\n|\n|upkeep\n|turn|2\n|\n|t:|1700483329\n|switch|p1a: Garchomp|Garchomp, F|100\/100\n|move|p2a: Weavile|Triple Axel|p1a: Garchomp\n|-supereffective|p1a: Garchomp\n|-damage|p1a: Garchomp|66\/100\n|-damage|p2a: Weavile|88\/100|[from] ability: Rough Skin|[of] p1a: Garchomp\n|-supereffective|p1a: Garchomp\n|-damage|p1a: Garchomp|0 fnt\n|-damage|p2a: Weavile|76\/100|[from] ability: Rough Skin|[of] p1a: Garchomp\n|faint|p1a: Garchomp\n|-hitcount|p1: Garchomp|2\n|\n|upkeep\n|c|\u2606SCARCITY25|aw\n|\n|t:|1700483339\n|switch|p1a: Tapu Koko|Tapu Koko|100\/100\n|-fieldstart|move: Electric Terrain|[from] ability: Electric Surge|[of] p1a: Tapu Koko\n|turn|3\n|\n|t:|1700483345\n|move|p2a: Weavile|Ice Shard|p1a: Tapu Koko\n|-damage|p1a: Tapu Koko|73\/100\n|move|p1a: Tapu Koko|Dazzling Gleam|p2a: Weavile\n|-supereffective|p2a: Weavile\n|-damage|p2a: Weavile|0 fnt\n|faint|p2a: Weavile\n|\n|upkeep\n|\n|t:|1700483354\n|switch|p2a: Chien-Pao|Chien-Pao|100\/100\n|-ability|p2a: Chien-Pao|Sword of Ruin\n|turn|4\n|\n|t:|1700483361\n|switch|p1a: Rotom|Rotom-Wash|100\/100\n|move|p2a: Chien-Pao|Ice Spinner|p1a: Rotom\n|-resisted|p1a: Rotom\n|-damage|p1a: Rotom|62\/100\n|-fieldend|move: Electric Terrain\n|\n|-heal|p1a: Rotom|68\/100|[from] item: Leftovers\n|upkeep\n|turn|5\n|\n|t:|1700483415\n|switch|p2a: Ting-Lu|Ting-Lu|100\/100\n|-ability|p2a: Ting-Lu|Vessel of Ruin\n|move|p1a: Rotom|Will-O-Wisp|p2a: Ting-Lu\n|-status|p2a: Ting-Lu|brn\n|\n|-heal|p1a: Rotom|75\/100|[from] item: Leftovers\n|-damage|p2a: Ting-Lu|94\/100 brn|[from] brn\n|upkeep\n|turn|6\n|c|\u2606AlolanSandslashOU|Didn\u2019t wanna have anything get wisped\n|\n|t:|1700483440\n|switch|p1a: Tapu Koko|Tapu Koko|73\/100\n|-fieldstart|move: Electric Terrain|[from] ability: Electric Surge|[of] p1a: Tapu Koko\n|move|p2a: Ting-Lu|Ruination|p1a: Tapu Koko\n|-damage|p1a: Tapu Koko|37\/100\n|\n|-heal|p2a: Ting-Lu|100\/100 brn|[from] item: Leftovers\n|-damage|p2a: Ting-Lu|94\/100 brn|[from] brn\n|upkeep\n|turn|7\n|\n|t:|1700483449\n|move|p1a: Tapu Koko|Roost|p1a: Tapu Koko\n|-heal|p1a: Tapu Koko|87\/100\n|-singleturn|p1a: Tapu Koko|move: Roost\n|move|p2a: Ting-Lu|Whirlwind|p1a: Tapu Koko\n|drag|p1a: Corviknight|Corviknight, F|73\/100\n|\n|-heal|p2a: Ting-Lu|100\/100 brn|[from] item: Leftovers\n|-damage|p2a: Ting-Lu|94\/100 brn|[from] brn\n|upkeep\n|turn|8\n|\n|t:|1700483474\n|move|p1a: Corviknight|Roost|p1a: Corviknight\n|-heal|p1a: Corviknight|100\/100\n|-singleturn|p1a: Corviknight|move: Roost\n|move|p2a: Ting-Lu|Spikes|p1a: Corviknight\n|-sidestart|p1: SCARCITY25|Spikes\n|\n|-heal|p2a: Ting-Lu|100\/100 brn|[from] item: Leftovers\n|-damage|p2a: Ting-Lu|94\/100 brn|[from] brn\n|upkeep\n|turn|9\n|\n|t:|1700483495\n|switch|p1a: Rotom|Rotom-Wash|75\/100\n|move|p2a: Ting-Lu|Spikes|p1a: Rotom\n|-sidestart|p1: SCARCITY25|Spikes\n|\n|-heal|p1a: Rotom|81\/100|[from] item: Leftovers\n|-heal|p2a: Ting-Lu|100\/100 brn|[from] item: Leftovers\n|-damage|p2a: Ting-Lu|94\/100 brn|[from] brn\n|upkeep\n|turn|10\n|\n|t:|1700483499\n|switch|p1a: Corviknight|Corviknight, F|100\/100\n|move|p2a: Ting-Lu|Ruination|p1a: Corviknight|[miss]\n|-miss|p2a: Ting-Lu|p1a: Corviknight\n|\n|-heal|p2a: Ting-Lu|100\/100 brn|[from] item: Leftovers\n|-damage|p2a: Ting-Lu|94\/100 brn|[from] brn\n|upkeep\n|turn|11\n|\n|t:|1700483504\n|move|p1a: Corviknight|Defog|p2a: Ting-Lu\n|-unboost|p2a: Ting-Lu|evasion|1\n|-sideend|p1: SCARCITY25|Spikes|[from] move: Defog|[of] p1a: Corviknight\n|-fieldend|move: Electric Terrain\n|move|p2a: Ting-Lu|Ruination|p1a: Corviknight\n|-damage|p1a: Corviknight|50\/100\n|\n|-heal|p2a: Ting-Lu|100\/100 brn|[from] item: Leftovers\n|-damage|p2a: Ting-Lu|94\/100 brn|[from] brn\n|upkeep\n|turn|12\n|\n|t:|1700483507\n|move|p1a: Corviknight|Roost|p1a: Corviknight\n|-heal|p1a: Corviknight|100\/100\n|-singleturn|p1a: Corviknight|move: Roost\n|move|p2a: Ting-Lu|Earthquake|p1a: Corviknight\n|-supereffective|p1a: Corviknight\n|-damage|p1a: Corviknight|79\/100\n|\n|-heal|p2a: Ting-Lu|100\/100 brn|[from] item: Leftovers\n|-damage|p2a: Ting-Lu|94\/100 brn|[from] brn\n|upkeep\n|turn|13\n|\n|t:|1700483510\n|move|p1a: Corviknight|U-turn|p2a: Ting-Lu\n|-supereffective|p2a: Ting-Lu\n|-damage|p2a: Ting-Lu|79\/100 brn\n|\n|t:|1700483518\n|switch|p1a: Tapu Koko|Tapu Koko|87\/100|[from] U-turn\n|-fieldstart|move: Electric Terrain|[from] ability: Electric Surge|[of] p1a: Tapu Koko\n|move|p2a: Ting-Lu|Whirlwind|p1a: Tapu Koko\n|drag|p1a: Rotom|Rotom-Wash|81\/100\n|\n|-heal|p1a: Rotom|87\/100|[from] item: Leftovers\n|-heal|p2a: Ting-Lu|85\/100 brn|[from] item: Leftovers\n|-damage|p2a: Ting-Lu|79\/100 brn|[from] brn\n|upkeep\n|turn|14\n|\n|t:|1700483522\n|move|p1a: Rotom|Hydro Pump|p2a: Ting-Lu\n|-supereffective|p2a: Ting-Lu\n|-damage|p2a: Ting-Lu|45\/100 brn\n|move|p2a: Ting-Lu|Ruination|p1a: Rotom\n|-damage|p1a: Rotom|44\/100\n|\n|-heal|p1a: Rotom|50\/100|[from] item: Leftovers\n|-heal|p2a: Ting-Lu|51\/100 brn|[from] item: Leftovers\n|-damage|p2a: Ting-Lu|45\/100 brn|[from] brn\n|upkeep\n|turn|15\n|\n|t:|1700483531\n|switch|p1a: Corviknight|Corviknight, F|79\/100\n|move|p2a: Ting-Lu|Ruination|p1a: Corviknight\n|-damage|p1a: Corviknight|40\/100\n|\n|-heal|p2a: Ting-Lu|51\/100 brn|[from] item: Leftovers\n|-damage|p2a: Ting-Lu|45\/100 brn|[from] brn\n|upkeep\n|turn|16\n|\n|t:|1700483539\n|move|p1a: Corviknight|Roost|p1a: Corviknight\n|-heal|p1a: Corviknight|90\/100\n|-singleturn|p1a: Corviknight|move: Roost\n|move|p2a: Ting-Lu|Ruination|p1a: Corviknight\n|-damage|p1a: Corviknight|45\/100\n|\n|-heal|p2a: Ting-Lu|51\/100 brn|[from] item: Leftovers\n|-damage|p2a: Ting-Lu|45\/100 brn|[from] brn\n|upkeep\n|turn|17\n|\n|t:|1700483546\n|move|p1a: Corviknight|Roost|p1a: Corviknight\n|-heal|p1a: Corviknight|95\/100\n|-singleturn|p1a: Corviknight|move: Roost\n|move|p2a: Ting-Lu|Ruination|p1a: Corviknight\n|-damage|p1a: Corviknight|48\/100\n|\n|-heal|p2a: Ting-Lu|51\/100 brn|[from] item: Leftovers\n|-damage|p2a: Ting-Lu|45\/100 brn|[from] brn\n|upkeep\n|turn|18\n|\n|t:|1700483557\n|move|p1a: Corviknight|Roost|p1a: Corviknight\n|-heal|p1a: Corviknight|98\/100\n|-singleturn|p1a: Corviknight|move: Roost\n|move|p2a: Ting-Lu|Spikes|p1a: Corviknight\n|-sidestart|p1: SCARCITY25|Spikes\n|\n|-heal|p2a: Ting-Lu|51\/100 brn|[from] item: Leftovers\n|-damage|p2a: Ting-Lu|45\/100 brn|[from] brn\n|upkeep\n|turn|19\n|\n|t:|1700483560\n|move|p1a: Corviknight|Body Press|p2a: Ting-Lu\n|-supereffective|p2a: Ting-Lu\n|-damage|p2a: Ting-Lu|15\/100 brn\n|move|p2a: Ting-Lu|Whirlwind|p1a: Corviknight\n|drag|p1a: Urshifu|Urshifu, F|100\/100\n|-damage|p1a: Urshifu|88\/100|[from] Spikes\n|\n|-heal|p2a: Ting-Lu|21\/100 brn|[from] item: Leftovers\n|-damage|p2a: Ting-Lu|15\/100 brn|[from] brn\n|upkeep\n|turn|20\n|c|\u2606AlolanSandslashOU|Fellow singleshifu\n|\n|t:|1700483573\n|move|p1a: Urshifu|U-turn|p2a: Ting-Lu\n|-supereffective|p2a: Ting-Lu\n|-damage|p2a: Ting-Lu|0 fnt\n|faint|p2a: Ting-Lu\n|\n|t:|1700483580\n|switch|p1a: Rotom|Rotom-Wash|50\/100|[from] U-turn\n|\n|-heal|p1a: Rotom|56\/100|[from] item: Leftovers\n|-fieldend|move: Electric Terrain\n|upkeep\n|\n|t:|1700483582\n|switch|p2a: Urshifu|Urshifu, F|100\/100\n|turn|21\n|\n|t:|1700483665\n|switch|p1a: Tapu Koko|Tapu Koko|87\/100\n|-damage|p1a: Tapu Koko|75\/100|[from] Spikes\n|-fieldstart|move: Electric Terrain|[from] ability: Electric Surge|[of] p1a: Tapu Koko\n|move|p2a: Urshifu|Wicked Blow|p1a: Tapu Koko\n|-resisted|p1a: Tapu Koko\n|-crit|p1a: Tapu Koko\n|-damage|p1a: Tapu Koko|18\/100\n|\n|upkeep\n|turn|22\n|\n|t:|1700483675\n|move|p1a: Tapu Koko|Dazzling Gleam|p2a: Urshifu\n|-supereffective|p2a: Urshifu\n|-damage|p2a: Urshifu|0 fnt\n|faint|p2a: Urshifu\n|\n|upkeep\n|\n|t:|1700483677\n|switch|p2a: Chien-Pao|Chien-Pao|100\/100\n|-ability|p2a: Chien-Pao|Sword of Ruin\n|turn|23\n|\n|t:|1700483679\n|move|p2a: Chien-Pao|Ice Spinner|p1a: Tapu Koko\n|-damage|p1a: Tapu Koko|0 fnt\n|-fieldend|move: Electric Terrain\n|faint|p1a: Tapu Koko\n|\n|upkeep\n|\n|t:|1700483685\n|switch|p1a: Rotom|Rotom-Wash|56\/100\n|turn|24\n|\n|t:|1700483705\n|switch|p2a: Greninja|Greninja, M|100\/100\n|move|p1a: Rotom|Will-O-Wisp|p2a: Greninja\n|-status|p2a: Greninja|brn\n|\n|-heal|p1a: Rotom|63\/100|[from] item: Leftovers\n|-damage|p2a: Greninja|95\/100 brn|[from] brn\n|upkeep\n|turn|25\n|\n|t:|1700483718\n|switch|p1a: Urshifu|Urshifu, F|88\/100\n|-damage|p1a: Urshifu|76\/100|[from] Spikes\n|move|p2a: Greninja|Surf|p1a: Urshifu\n|-start|p2a: Greninja|typechange|Water|[from] ability: Protean\n|-damage|p1a: Urshifu|0 fnt\n|faint|p1a: Urshifu\n|\n|-damage|p2a: Greninja|89\/100 brn|[from] brn\n|upkeep\n|\n|t:|1700483741\n|switch|p1a: Rotom|Rotom-Wash|63\/100\n|turn|26\n|\n|t:|1700483745\n|move|p2a: Greninja|Surf|p1a: Rotom\n|-resisted|p1a: Rotom\n|-damage|p1a: Rotom|40\/100\n|move|p1a: Rotom|Volt Switch|p2a: Greninja\n|-supereffective|p2a: Greninja\n|-damage|p2a: Greninja|6\/100 brn\n|\n|t:|1700483751\n|switch|p1a: Corviknight|Corviknight, F|98\/100|[from] Volt Switch\n|\n|-damage|p2a: Greninja|0 fnt|[from] brn\n|faint|p2a: Greninja\n|upkeep\n|\n|t:|1700483753\n|switch|p2a: Annihilape|Annihilape, M|100\/100\n|turn|27\n|\n|t:|1700483762\n|switch|p1a: Iron Valiant|Iron Valiant|100\/100\n|-damage|p1a: Iron Valiant|88\/100|[from] Spikes\n|move|p2a: Annihilape|Taunt|p1a: Iron Valiant\n|-start|p1a: Iron Valiant|move: Taunt\n|\n|upkeep\n|turn|28\n|\n|t:|1700483798\n|move|p1a: Iron Valiant|Moonblast|p2a: Annihilape\n|-supereffective|p2a: Annihilape\n|-damage|p2a: Annihilape|9\/100\n|move|p2a: Annihilape|Rage Fist|p1a: Iron Valiant\n|-damage|p1a: Iron Valiant|36\/100\n|\n|-heal|p2a: Annihilape|15\/100|[from] item: Leftovers\n|upkeep\n|turn|29\n|\n|t:|1700483804\n|move|p1a: Iron Valiant|Moonblast|p2a: Annihilape\n|-supereffective|p2a: Annihilape\n|-damage|p2a: Annihilape|0 fnt\n|faint|p2a: Annihilape\n|\n|-end|p1a: Iron Valiant|move: Taunt\n|upkeep\n|\n|t:|1700483806\n|switch|p2a: Chien-Pao|Chien-Pao|100\/100\n|-ability|p2a: Chien-Pao|Sword of Ruin\n|turn|30\n|\n|t:|1700483809\n|-terastallize|p2a: Chien-Pao|Poison\n|move|p2a: Chien-Pao|Ice Spinner|p1a: Iron Valiant\n|-damage|p1a: Iron Valiant|0 fnt\n|faint|p1a: Iron Valiant\n|-end|p1a: Iron Valiant|Quark Drive|[silent]\n|\n|upkeep\n|\n|t:|1700483813\n|switch|p1a: Rotom|Rotom-Wash|40\/100\n|turn|31\n|c|\u2606AlolanSandslashOU|Extremely tense game\n|\n|t:|1700483894\n|move|p2a: Chien-Pao|Ice Spinner|p1a: Rotom\n|-resisted|p1a: Rotom\n|-damage|p1a: Rotom|0 fnt\n|faint|p1a: Rotom\n|\n|upkeep\n|\n|t:|1700483897\n|switch|p1a: Corviknight|Corviknight, F|98\/100\n|turn|32\n|\n|t:|1700483905\n|-terastallize|p1a: Corviknight|Fighting\n|move|p2a: Chien-Pao|Ice Spinner|p1a: Corviknight\n|-damage|p1a: Corviknight|53\/100\n|move|p1a: Corviknight|Body Press|p2a: Chien-Pao\n|-resisted|p2a: Chien-Pao\n|-damage|p2a: Chien-Pao|74\/100\n|\n|upkeep\n|turn|33\n|\n|t:|1700483911\n|move|p2a: Chien-Pao|Ice Spinner|p1a: Corviknight\n|-damage|p1a: Corviknight|3\/100\n|move|p1a: Corviknight|Roost|p1a: Corviknight\n|-heal|p1a: Corviknight|53\/100\n|\n|upkeep\n|turn|34\n|c|\u2606SCARCITY25|ggs\n|c|\u2606SCARCITY25|this mon is the devil\n|\n|t:|1700483920\n|move|p2a: Chien-Pao|Ice Spinner|p1a: Corviknight\n|-damage|p1a: Corviknight|4\/100\n|move|p1a: Corviknight|Roost|p1a: Corviknight\n|-heal|p1a: Corviknight|54\/100\n|\n|upkeep\n|turn|35\n|c|\u2606AlolanSandslashOU|Yeah lol\n|\n|t:|1700483925\n|move|p2a: Chien-Pao|Ice Spinner|p1a: Corviknight\n|-damage|p1a: Corviknight|6\/100\n|move|p1a: Corviknight|Roost|p1a: Corviknight\n|-heal|p1a: Corviknight|57\/100\n|\n|upkeep\n|turn|36\n|\n|t:|1700483928\n|move|p2a: Chien-Pao|Ice Spinner|p1a: Corviknight\n|-damage|p1a: Corviknight|11\/100\n|move|p1a: Corviknight|Body Press|p2a: Chien-Pao\n|-resisted|p2a: Chien-Pao\n|-damage|p2a: Chien-Pao|47\/100\n|\n|upkeep\n|turn|37\n|\n|t:|1700483930\n|move|p2a: Chien-Pao|Ice Spinner|p1a: Corviknight\n|-damage|p1a: Corviknight|0 fnt\n|faint|p1a: Corviknight\n|\n|win|AlolanSandslashOU\n|c|\u2606AlolanSandslashOU|Ggs\n|c|\u2606AlolanSandslashOU|6hr cd\n","uploadtime":1700483943,"views":2,"p1id":"scarcity25","p2id":"alolansandslashou","formatid":"gen9nationaldexubers","rating":0,"private":0,"password":""}