{"id":"gen9nationaldexubers-1977771292","p1":"sami leumas","p2":"BankaiBleachGeek","format":"[Gen 9] National Dex Ubers","log":"|j|\u2606sami leumas\n|j|\u2606BankaiBleachGeek\n|t:|1698447659\n|gametype|singles\n|player|p1|sami leumas|parasollady|1087\n|player|p2|BankaiBleachGeek|palmer|1080\n|teamsize|p1|6\n|teamsize|p2|6\n|gen|9\n|tier|[Gen 9] National Dex Ubers\n|rated|\n|rule|HP Percentage Mod: HP is shown in percentages\n|rule|Endless Battle Clause: Forcing endless battles is banned\n|rule|OHKO Clause: OHKO moves are banned\n|rule|Evasion Moves Clause: Evasion moves are banned\n|rule|Evasion Items Clause: Evasion items are banned\n|rule|Species Clause: Limit one of each Pok\u00e9mon\n|rule|Sleep Clause Mod: Limit one foe put to sleep\n|rule|Mega Rayquaza Clause: You cannot mega evolve Rayquaza\n|clearpoke\n|poke|p1|Drampa, M|\n|poke|p1|Cinccino, M|\n|poke|p1|Dudunsparce-*, M|\n|poke|p1|Braviary, M|\n|poke|p1|Greedent, F|\n|poke|p1|Heliolisk, F|\n|poke|p2|Sceptile, M|\n|poke|p2|Arboliva, F|\n|poke|p2|Electrode-Hisui|\n|poke|p2|Ferrothorn, M|\n|poke|p2|Ludicolo, M|\n|poke|p2|Torterra, M|\n|teampreview\n|\n|t:|1698447673\n|start\n|switch|p1a: Vov\u00f4 no Zap|Drampa, M|100\/100\n|switch|p2a: Electrode|Electrode-Hisui|100\/100\n|turn|1\n|\n|t:|1698447678\n|move|p2a: Electrode|Rain Dance|p2a: Electrode\n|-weather|RainDance\n|move|p1a: Vov\u00f4 no Zap|Flamethrower|p2a: Electrode\n|-supereffective|p2a: Electrode\n|-damage|p2a: Electrode|41\/100\n|\n|-weather|RainDance|[upkeep]\n|upkeep\n|turn|2\n|\n|t:|1698447684\n|move|p2a: Electrode|Thunderbolt|p1a: Vov\u00f4 no Zap\n|-resisted|p1a: Vov\u00f4 no Zap\n|-damage|p1a: Vov\u00f4 no Zap|89\/100\n|move|p1a: Vov\u00f4 no Zap|Hidden Power|p2a: Electrode\n|-supereffective|p2a: Electrode\n|-damage|p2a: Electrode|0 fnt\n|faint|p2a: Electrode\n|\n|-weather|RainDance|[upkeep]\n|upkeep\n|\n|t:|1698447692\n|switch|p2a: Ludicolo|Ludicolo, M|100\/100\n|turn|3\n|\n|t:|1698447696\n|move|p2a: Ludicolo|Ice Beam|p1a: Vov\u00f4 no Zap\n|-supereffective|p1a: Vov\u00f4 no Zap\n|-damage|p1a: Vov\u00f4 no Zap|45\/100\n|-ability|p1a: Vov\u00f4 no Zap|Berserk|boost\n|-boost|p1a: Vov\u00f4 no Zap|spa|1\n|-damage|p2a: Ludicolo|91\/100|[from] item: Life Orb\n|move|p1a: Vov\u00f4 no Zap|Hidden Power|p2a: Ludicolo\n|-supereffective|p2a: Ludicolo\n|-damage|p2a: Ludicolo|8\/100\n|\n|-weather|RainDance|[upkeep]\n|upkeep\n|turn|4\n|\n|t:|1698447707\n|move|p2a: Ludicolo|Weather Ball|p1a: Vov\u00f4 no Zap\n|-resisted|p1a: Vov\u00f4 no Zap\n|-damage|p1a: Vov\u00f4 no Zap|14\/100\n|-damage|p2a: Ludicolo|0 fnt|[from] item: Life Orb\n|faint|p2a: Ludicolo\n|move|p1a: Vov\u00f4 no Zap|Hidden Power|p2: Ludicolo|[notarget]\n|-fail|p1a: Vov\u00f4 no Zap\n|\n|-weather|RainDance|[upkeep]\n|upkeep\n|\n|t:|1698447716\n|switch|p2a: Sceptile|Sceptile, M|100\/100\n|turn|5\n|\n|t:|1698447721\n|detailschange|p2a: Sceptile|Sceptile-Mega, M\n|-mega|p2a: Sceptile|Sceptile|Sceptilite\n|move|p2a: Sceptile|Dragon Claw|p1a: Vov\u00f4 no Zap\n|-supereffective|p1a: Vov\u00f4 no Zap\n|-damage|p1a: Vov\u00f4 no Zap|0 fnt\n|faint|p1a: Vov\u00f4 no Zap\n|\n|-weather|RainDance|[upkeep]\n|upkeep\n|\n|t:|1698447732\n|switch|p1a: Um Rato|Cinccino, M|100\/100\n|turn|6\n|\n|t:|1698447736\n|-terastallize|p1a: Um Rato|Fairy\n|move|p2a: Sceptile|Swords Dance|p2a: Sceptile\n|-boost|p2a: Sceptile|atk|2\n|move|p1a: Um Rato|Play Rough|p2a: Sceptile\n|-supereffective|p2a: Sceptile\n|-damage|p2a: Sceptile|0 fnt\n|faint|p2a: Sceptile\n|\n|-weather|RainDance|[upkeep]\n|upkeep\n|\n|t:|1698447745\n|switch|p2a: Ferrothorn|Ferrothorn, M|100\/100\n|turn|7\n|\n|t:|1698447753\n|switch|p1a: Outro Rato (?)|Greedent, F|100\/100\n|move|p2a: Ferrothorn|Gyro Ball|p1a: Outro Rato (?)\n|-damage|p1a: Outro Rato (?)|95\/100\n|\n|-weather|RainDance|[upkeep]\n|upkeep\n|turn|8\n|\n|t:|1698447762\n|move|p2a: Ferrothorn|Body Press|p1a: Outro Rato (?)\n|-supereffective|p1a: Outro Rato (?)\n|-damage|p1a: Outro Rato (?)|41\/100\n|-enditem|p1a: Outro Rato (?)|Sitrus Berry|[eat]\n|-heal|p1a: Outro Rato (?)|66\/100|[from] item: Sitrus Berry\n|-heal|p1a: Outro Rato (?)|99\/100|[from] ability: Cheek Pouch\n|move|p1a: Outro Rato (?)|Belly Drum|p1a: Outro Rato (?)\n|-damage|p1a: Outro Rato (?)|49\/100\n|-setboost|p1a: Outro Rato (?)|atk|6|[from] move: Belly Drum\n|\n|-weather|none\n|upkeep\n|turn|9\n|\n|t:|1698447775\n|move|p2a: Ferrothorn|Body Press|p1a: Outro Rato (?)\n|-supereffective|p1a: Outro Rato (?)\n|-damage|p1a: Outro Rato (?)|2\/100\n|move|p1a: Outro Rato (?)|Earthquake|p2a: Ferrothorn\n|-damage|p2a: Ferrothorn|29\/100\n|\n|upkeep\n|turn|10\n|\n|t:|1698447782\n|move|p2a: Ferrothorn|Body Press|p1a: Outro Rato (?)\n|-supereffective|p1a: Outro Rato (?)\n|-damage|p1a: Outro Rato (?)|0 fnt\n|faint|p1a: Outro Rato (?)\n|\n|upkeep\n|\n|t:|1698447792\n|switch|p1a: Tico Liro|Braviary, M|100\/100\n|turn|11\n|\n|t:|1698447800\n|move|p1a: Tico Liro|Superpower|p2a: Ferrothorn\n|-supereffective|p2a: Ferrothorn\n|-damage|p2a: Ferrothorn|0 fnt\n|-unboost|p1a: Tico Liro|atk|1\n|-unboost|p1a: Tico Liro|def|1\n|-damage|p1a: Tico Liro|88\/100|[from] ability: Iron Barbs|[of] p2a: Ferrothorn\n|-damage|p1a: Tico Liro|72\/100|[from] item: Rocky Helmet|[of] p2a: Ferrothorn\n|-enditem|p1a: Tico Liro|White Herb\n|-clearnegativeboost|p1a: Tico Liro|[silent]\n|faint|p2a: Ferrothorn\n|\n|upkeep\n|\n|t:|1698447815\n|switch|p2a: Torterra|Torterra, M|100\/100\n|turn|12\n|\n|t:|1698447820\n|move|p1a: Tico Liro|Acrobatics|p2a: Torterra\n|-supereffective|p2a: Torterra\n|-damage|p2a: Torterra|0 fnt\n|faint|p2a: Torterra\n|\n|upkeep\n|\n|t:|1698447825\n|switch|p2a: Arboliva|Arboliva, F|100\/100\n|turn|13\n|\n|t:|1698447830\n|move|p1a: Tico Liro|Acrobatics|p2a: Arboliva\n|-supereffective|p2a: Arboliva\n|-damage|p2a: Arboliva|0 fnt\n|-fieldstart|move: Grassy Terrain|[from] ability: Seed Sower|[of] p2a: Arboliva\n|faint|p2a: Arboliva\n|\n|win|sami leumas\n|raw|sami leumas's rating: 1087 &rarr; <strong>1113<\/strong><br \/>(+26 for winning)\n|raw|BankaiBleachGeek's rating: 1080 &rarr; <strong>1058<\/strong><br \/>(-22 for losing)\n|c|\u2606sami leumas|gg\n","uploadtime":1698447838,"views":10,"p1id":"samileumas","p2id":"bankaibleachgeek","formatid":"gen9nationaldexubers","rating":1058,"private":0,"password":""}