{"id":"gen9nationaldexubers-1989258731","p1":"KingoftheTitans","p2":"incibroar","format":"[Gen 9] National Dex Ubers","log":"|j|\u2606KingoftheTitans\n|j|\u2606incibroar\n|t:|1699828928\n|gametype|singles\n|player|p1|KingoftheTitans|2|1248\n|player|p2|incibroar|steven|1324\n|teamsize|p1|6\n|teamsize|p2|6\n|gen|9\n|tier|[Gen 9] National Dex Ubers\n|rated|\n|rule|HP Percentage Mod: HP is shown in percentages\n|rule|Endless Battle Clause: Forcing endless battles is banned\n|rule|OHKO Clause: OHKO moves are banned\n|rule|Evasion Moves Clause: Evasion moves are banned\n|rule|Evasion Items Clause: Evasion items are banned\n|rule|Species Clause: Limit one of each Pok\u00e9mon\n|rule|Sleep Clause Mod: Limit one foe put to sleep\n|rule|Mega Rayquaza Clause: You cannot mega evolve Rayquaza\n|clearpoke\n|poke|p1|Palafin, F|\n|poke|p1|Latias, F|\n|poke|p1|Urshifu-*, M|\n|poke|p1|Corviknight, F|\n|poke|p1|Garchomp, M|\n|poke|p1|Iron Bundle|\n|poke|p2|Flutter Mane|\n|poke|p2|Vikavolt, F|\n|poke|p2|Blaziken, M|\n|poke|p2|Giratina|\n|poke|p2|Corviknight, F|\n|poke|p2|Kangaskhan, F|\n|teampreview\n|inactive|Battle timer is ON: inactive players will automatically lose when time's up. (requested by incibroar)\n|\n|t:|1699828948\n|start\n|switch|p1a: Palafin|Palafin, F|100\/100\n|switch|p2a: Corviknight|Corviknight, F|100\/100\n|-ability|p2a: Corviknight|Pressure\n|turn|1\n|\n|t:|1699828957\n|move|p1a: Palafin|Flip Turn|p2a: Corviknight\n|-damage|p2a: Corviknight|82\/100\n|\n|t:|1699828970\n|detailschange|p1a: Palafin|Palafin-Hero, F\n|switch|p1a: Urshifu|Urshifu-Rapid-Strike, M|100\/100|[from] Flip Turn\n|move|p2a: Corviknight|Iron Defense|p2a: Corviknight\n|-boost|p2a: Corviknight|def|2\n|\n|-heal|p2a: Corviknight|88\/100|[from] item: Leftovers\n|upkeep\n|turn|2\n|\n|t:|1699828978\n|move|p1a: Urshifu|Surging Strikes|p2a: Corviknight\n|-crit|p2a: Corviknight\n|-damage|p2a: Corviknight|66\/100\n|-crit|p2a: Corviknight\n|-damage|p2a: Corviknight|44\/100\n|-crit|p2a: Corviknight\n|-damage|p2a: Corviknight|22\/100\n|-hitcount|p2a: Corviknight|3\n|move|p2a: Corviknight|Brave Bird|p1a: Urshifu\n|-supereffective|p1a: Urshifu\n|-damage|p1a: Urshifu|27\/100\n|-damage|p2a: Corviknight|0 fnt|[from] Recoil\n|faint|p2a: Corviknight\n|\n|upkeep\n|\n|t:|1699828994\n|switch|p2a: Kangaskhan|Kangaskhan, F|100\/100\n|turn|3\n|\n|t:|1699828998\n|switch|p1a: Corviknight|Corviknight, F|100\/100\n|detailschange|p2a: Kangaskhan|Kangaskhan-Mega, F\n|-mega|p2a: Kangaskhan|Kangaskhan|Kangaskhanite\n|move|p2a: Kangaskhan|Fake Out|p1a: Corviknight\n|-resisted|p1a: Corviknight\n|-damage|p1a: Corviknight|94\/100\n|-damage|p2a: Kangaskhan|84\/100|[from] item: Rocky Helmet|[of] p1a: Corviknight\n|-resisted|p1a: Corviknight\n|-damage|p1a: Corviknight|92\/100\n|-damage|p2a: Kangaskhan|67\/100|[from] item: Rocky Helmet|[of] p1a: Corviknight\n|-hitcount|p1a: Corviknight|2\n|\n|upkeep\n|turn|4\n|\n|t:|1699829009\n|switch|p2a: Vikavolt|Vikavolt, F|100\/100\n|move|p1a: Corviknight|Body Press|p2a: Vikavolt\n|-resisted|p2a: Vikavolt\n|-damage|p2a: Vikavolt|88\/100\n|\n|upkeep\n|turn|5\n|\n|t:|1699829018\n|switch|p1a: Garchomp|Garchomp, M|100\/100\n|move|p2a: Vikavolt|Sticky Web|p1a: Garchomp\n|-sidestart|p1: KingoftheTitans|move: Sticky Web\n|\n|upkeep\n|turn|6\n|\n|t:|1699829022\n|move|p1a: Garchomp|Rock Slide|p2a: Vikavolt\n|-supereffective|p2a: Vikavolt\n|-damage|p2a: Vikavolt|21\/100\n|-damage|p1a: Garchomp|91\/100|[from] item: Life Orb\n|move|p2a: Vikavolt|Bug Buzz|p1a: Garchomp\n|-damage|p1a: Garchomp|32\/100\n|\n|upkeep\n|turn|7\n|\n|t:|1699829030\n|move|p1a: Garchomp|Dragon Claw|p2a: Vikavolt\n|-damage|p2a: Vikavolt|0 fnt\n|faint|p2a: Vikavolt\n|-damage|p1a: Garchomp|22\/100|[from] item: Life Orb\n|\n|upkeep\n|\n|t:|1699829041\n|switch|p2a: Flutter Mane|Flutter Mane|100\/100\n|turn|8\n|\n|t:|1699829046\n|move|p2a: Flutter Mane|Shadow Ball|p1a: Garchomp\n|-damage|p1a: Garchomp|0 fnt\n|faint|p1a: Garchomp\n|-damage|p2a: Flutter Mane|91\/100|[from] item: Life Orb\n|\n|upkeep\n|\n|t:|1699829052\n|switch|p1a: Corviknight|Corviknight, F|92\/100\n|turn|9\n|\n|t:|1699829056\n|move|p2a: Flutter Mane|Mystical Fire|p1a: Corviknight\n|-supereffective|p1a: Corviknight\n|-damage|p1a: Corviknight|21\/100\n|-ability|p1a: Corviknight|Mirror Armor\n|-unboost|p2a: Flutter Mane|spa|1\n|-damage|p2a: Flutter Mane|81\/100|[from] item: Life Orb\n|move|p1a: Corviknight|Defog|p2a: Flutter Mane\n|-unboost|p2a: Flutter Mane|evasion|1\n|-sideend|p1: KingoftheTitans|Sticky Web|[from] move: Defog|[of] p1a: Corviknight\n|\n|upkeep\n|turn|10\n|\n|t:|1699829081\n|switch|p1a: Palafin|Palafin-Hero, F|100\/100\n|-activate|p1a: Palafin|ability: Zero to Hero\n|move|p2a: Flutter Mane|Shadow Ball|p1a: Palafin\n|-damage|p1a: Palafin|59\/100\n|-damage|p2a: Flutter Mane|71\/100|[from] item: Life Orb\n|\n|upkeep\n|turn|11\n|\n|t:|1699829089\n|-end|p2a: Flutter Mane|Protosynthesis|[silent]\n|switch|p2a: Giratina|Giratina|100\/100\n|-ability|p2a: Giratina|Pressure\n|move|p1a: Palafin|Jet Punch|p2a: Giratina\n|-resisted|p2a: Giratina\n|-damage|p2a: Giratina|88\/100\n|\n|-heal|p2a: Giratina|94\/100|[from] item: Leftovers\n|upkeep\n|turn|12\n|\n|t:|1699829098\n|switch|p1a: Urshifu|Urshifu-Rapid-Strike, M|27\/100\n|move|p2a: Giratina|Will-O-Wisp|p1a: Urshifu\n|-status|p1a: Urshifu|brn\n|\n|-heal|p2a: Giratina|99\/100|[from] item: Leftovers\n|-damage|p1a: Urshifu|20\/100 brn|[from] brn\n|upkeep\n|turn|13\n|\n|t:|1699829106\n|move|p1a: Urshifu|Surging Strikes|p2a: Giratina\n|-resisted|p2a: Giratina\n|-crit|p2a: Giratina\n|-damage|p2a: Giratina|96\/100\n|-resisted|p2a: Giratina\n|-crit|p2a: Giratina\n|-damage|p2a: Giratina|92\/100\n|-resisted|p2a: Giratina\n|-crit|p2a: Giratina\n|-damage|p2a: Giratina|88\/100\n|-hitcount|p2a: Giratina|3\n|move|p2a: Giratina|Hex|p1a: Urshifu\n|-damage|p1a: Urshifu|0 fnt\n|faint|p1a: Urshifu\n|\n|-heal|p2a: Giratina|94\/100|[from] item: Leftovers\n|upkeep\n|\n|t:|1699829118\n|switch|p1a: Latias|Latias, F|100\/100\n|turn|14\n|\n|t:|1699829131\n|switch|p2a: Kangaskhan|Kangaskhan-Mega, F|67\/100\n|detailschange|p1a: Latias|Latias-Mega, F\n|-mega|p1a: Latias|Latias|Latiasite\n|move|p1a: Latias|Calm Mind|p1a: Latias\n|-boost|p1a: Latias|spa|1\n|-boost|p1a: Latias|spd|1\n|\n|upkeep\n|turn|15\n|\n|t:|1699829140\n|move|p2a: Kangaskhan|Fake Out|p1a: Latias\n|-damage|p1a: Latias|83\/100\n|-damage|p1a: Latias|79\/100\n|-hitcount|p1a: Latias|2\n|cant|p1a: Latias|flinch\n|\n|upkeep\n|turn|16\n|\n|t:|1699829147\n|move|p1a: Latias|Aura Sphere|p2a: Kangaskhan\n|-supereffective|p2a: Kangaskhan\n|-damage|p2a: Kangaskhan|0 fnt\n|faint|p2a: Kangaskhan\n|\n|upkeep\n|\n|t:|1699829153\n|switch|p2a: Flutter Mane|Flutter Mane|71\/100\n|turn|17\n|\n|t:|1699829169\n|move|p2a: Flutter Mane|Moonblast|p1a: Latias\n|-supereffective|p1a: Latias\n|-damage|p1a: Latias|10\/100\n|-damage|p2a: Flutter Mane|61\/100|[from] item: Life Orb\n|move|p1a: Latias|Psyshock|p2a: Flutter Mane\n|-damage|p2a: Flutter Mane|0 fnt\n|faint|p2a: Flutter Mane\n|-end|p2a: Flutter Mane|Protosynthesis|[silent]\n|\n|upkeep\n|\n|t:|1699829176\n|switch|p2a: Blaziken|Blaziken, M|100\/100\n|turn|18\n|\n|t:|1699829181\n|move|p2a: Blaziken|Protect|p2a: Blaziken\n|-singleturn|p2a: Blaziken|Protect\n|move|p1a: Latias|Psyshock|p2a: Blaziken\n|-activate|p2a: Blaziken|move: Protect\n|\n|-ability|p2a: Blaziken|Speed Boost|boost\n|-boost|p2a: Blaziken|spe|1\n|upkeep\n|turn|19\n|\n|t:|1699829187\n|move|p2a: Blaziken|Overheat|p1a: Latias\n|-resisted|p1a: Latias\n|-damage|p1a: Latias|0 fnt\n|-unboost|p2a: Blaziken|spa|2\n|faint|p1a: Latias\n|\n|-ability|p2a: Blaziken|Speed Boost|boost\n|-boost|p2a: Blaziken|spe|1\n|upkeep\n|\n|t:|1699829202\n|switch|p1a: Palafin|Palafin-Hero, F|59\/100\n|turn|20\n|\n|t:|1699829208\n|move|p2a: Blaziken|Protect|p2a: Blaziken\n|-singleturn|p2a: Blaziken|Protect\n|move|p1a: Palafin|Jet Punch|p2a: Blaziken\n|-activate|p2a: Blaziken|move: Protect\n|\n|-ability|p2a: Blaziken|Speed Boost|boost\n|-boost|p2a: Blaziken|spe|1\n|upkeep\n|turn|21\n|\n|t:|1699829215\n|switch|p2a: Giratina|Giratina|94\/100\n|-ability|p2a: Giratina|Pressure\n|move|p1a: Palafin|Jet Punch|p2a: Giratina\n|-resisted|p2a: Giratina\n|-damage|p2a: Giratina|80\/100\n|\n|-heal|p2a: Giratina|86\/100|[from] item: Leftovers\n|upkeep\n|turn|22\n|\n|t:|1699829224\n|switch|p1a: Corviknight|Corviknight, F|21\/100\n|move|p2a: Giratina|Will-O-Wisp|p1a: Corviknight\n|-status|p1a: Corviknight|brn\n|\n|-heal|p2a: Giratina|93\/100|[from] item: Leftovers\n|-damage|p1a: Corviknight|15\/100 brn|[from] brn\n|upkeep\n|turn|23\n|\n|t:|1699829232\n|move|p2a: Giratina|Hex|p1a: Corviknight\n|-damage|p1a: Corviknight|0 fnt\n|faint|p1a: Corviknight\n|\n|-heal|p2a: Giratina|99\/100|[from] item: Leftovers\n|upkeep\n|\n|t:|1699829238\n|switch|p1a: Iron Bundle|Iron Bundle|100\/100\n|-enditem|p1a: Iron Bundle|Booster Energy\n|-activate|p1a: Iron Bundle|ability: Quark Drive|[fromitem]\n|-start|p1a: Iron Bundle|quarkdrivespe\n|turn|24\n|\n|t:|1699829245\n|-terastallize|p1a: Iron Bundle|Ice\n|-terastallize|p2a: Giratina|Steel\n|move|p1a: Iron Bundle|Ice Beam|p2a: Giratina\n|-resisted|p2a: Giratina\n|-damage|p2a: Giratina|85\/100\n|move|p2a: Giratina|Will-O-Wisp|p1a: Iron Bundle\n|-status|p1a: Iron Bundle|brn\n|\n|-heal|p2a: Giratina|91\/100|[from] item: Leftovers\n|-damage|p1a: Iron Bundle|95\/100 brn|[from] brn\n|upkeep\n|turn|25\n|\n|t:|1699829257\n|move|p1a: Iron Bundle|Hydro Pump|p2a: Giratina\n|-damage|p2a: Giratina|64\/100\n|move|p2a: Giratina|Hex|p1a: Iron Bundle\n|-damage|p1a: Iron Bundle|0 fnt\n|faint|p1a: Iron Bundle\n|-end|p1a: Iron Bundle|Quark Drive|[silent]\n|\n|-heal|p2a: Giratina|71\/100|[from] item: Leftovers\n|upkeep\n|\n|t:|1699829264\n|switch|p1a: Palafin|Palafin-Hero, F|59\/100\n|turn|26\n|\n|t:|1699829272\n|move|p1a: Palafin|Close Combat|p2a: Giratina\n|-supereffective|p2a: Giratina\n|-damage|p2a: Giratina|14\/100\n|-unboost|p1a: Palafin|def|1\n|-unboost|p1a: Palafin|spd|1\n|move|p2a: Giratina|Hex|p1a: Palafin\n|-damage|p1a: Palafin|22\/100\n|\n|-heal|p2a: Giratina|20\/100|[from] item: Leftovers\n|upkeep\n|turn|27\n|\n|t:|1699829283\n|move|p1a: Palafin|Close Combat|p2a: Giratina\n|-supereffective|p2a: Giratina\n|-crit|p2a: Giratina\n|-damage|p2a: Giratina|0 fnt\n|-unboost|p1a: Palafin|def|1\n|-unboost|p1a: Palafin|spd|1\n|faint|p2a: Giratina\n|\n|upkeep\n|\n|t:|1699829287\n|switch|p2a: Blaziken|Blaziken, M|100\/100\n|turn|28\n|\n|t:|1699829299\n|move|p2a: Blaziken|Protect|p2a: Blaziken\n|-singleturn|p2a: Blaziken|Protect\n|move|p1a: Palafin|Jet Punch|p2a: Blaziken\n|-activate|p2a: Blaziken|move: Protect\n|\n|-ability|p2a: Blaziken|Speed Boost|boost\n|-boost|p2a: Blaziken|spe|1\n|upkeep\n|turn|29\n|\n|t:|1699829305\n|move|p1a: Palafin|Jet Punch|p2a: Blaziken\n|-supereffective|p2a: Blaziken\n|-damage|p2a: Blaziken|0 fnt\n|faint|p2a: Blaziken\n|\n|win|KingoftheTitans\n|raw|KingoftheTitans's rating: 1248 &rarr; <strong>1278<\/strong><br \/>(+30 for winning)\n|raw|incibroar's rating: 1324 &rarr; <strong>1300<\/strong><br \/>(-24 for losing)\n|c|\u2606KingoftheTitans|gg\n","uploadtime":1699829312,"views":25,"p1id":"kingofthetitans","p2id":"incibroar","formatid":"gen9nationaldexubers","rating":1278,"private":0,"password":""}