{"id":"gen9nationaldexubers-1998644164","p1":"Ash 26th","p2":"ndou\u6389\u5206\u84dd\u67d0\u4fa0996","format":"[Gen 9] National Dex Ubers","log":"|j|\u2606Ash 26th\n|j|\u2606ndou\u6389\u5206\u84dd\u67d0\u4fa0996\n|t:|1700966841\n|gametype|singles\n|player|p1|Ash 26th|marley|\n|player|p2|ndou\u6389\u5206\u84dd\u67d0\u4fa0996|hilbert|\n|teamsize|p1|6\n|teamsize|p2|6\n|gen|9\n|tier|[Gen 9] National Dex Ubers\n|rule|HP Percentage Mod: HP is shown in percentages\n|rule|Endless Battle Clause: Forcing endless battles is banned\n|rule|OHKO Clause: OHKO moves are banned\n|rule|Evasion Moves Clause: Evasion moves are banned\n|rule|Evasion Items Clause: Evasion items are banned\n|rule|Species Clause: Limit one of each Pok\u00e9mon\n|rule|Sleep Clause Mod: Limit one foe put to sleep\n|rule|Mega Rayquaza Clause: You cannot mega evolve Rayquaza\n|clearpoke\n|poke|p1|Darmanitan-Galar, F|\n|poke|p1|Samurott-Hisui, F|\n|poke|p1|Moltres|\n|poke|p1|Necrozma-Dusk-Mane|\n|poke|p1|Alomomola, F|\n|poke|p1|Indeedee-F, F|\n|poke|p2|Dondozo, M|\n|poke|p2|Clodsire, M|\n|poke|p2|Skeledirge, F|\n|poke|p2|Dragonite, M|\n|poke|p2|Yveltal|\n|poke|p2|Blastoise, M|\n|teampreview\n|inactive|Battle timer is ON: inactive players will automatically lose when time's up. (requested by Ash 26th)\n|\n|t:|1700966845\n|start\n|switch|p1a: Samurott|Samurott-Hisui, F|100\/100\n|switch|p2a: \u9f9f\u54aa|Blastoise, M, shiny|100\/100\n|turn|1\n|\n|t:|1700966850\n|move|p1a: Samurott|Ceaseless Edge|p2a: \u9f9f\u54aa\n|-damage|p2a: \u9f9f\u54aa|50\/100\n|-sidestart|p2: ndou\u6389\u5206\u84dd\u67d0\u4fa0996|Spikes\n|move|p2a: \u9f9f\u54aa|Aura Sphere|p1a: Samurott\n|-supereffective|p1a: Samurott\n|-damage|p1a: Samurott|38\/100\n|\n|upkeep\n|turn|2\n|\n|t:|1700966854\n|detailschange|p2a: \u9f9f\u54aa|Blastoise-Mega, M, shiny\n|-mega|p2a: \u9f9f\u54aa|Blastoise|Blastoisinite\n|move|p1a: Samurott|Ceaseless Edge|p2a: \u9f9f\u54aa\n|-damage|p2a: \u9f9f\u54aa|4\/100\n|-sidestart|p2: ndou\u6389\u5206\u84dd\u67d0\u4fa0996|Spikes\n|move|p2a: \u9f9f\u54aa|Aura Sphere|p1a: Samurott\n|-supereffective|p1a: Samurott\n|-damage|p1a: Samurott|0 fnt\n|faint|p1a: Samurott\n|\n|upkeep\n|l|\u2606ndou\u6389\u5206\u84dd\u67d0\u4fa0996\n|inactive|ndou\u6389\u5206\u84dd\u67d0\u4fa0996 disconnected and has 300 seconds to reconnect!\n|player|p2|\n|\n|t:|1700966875\n|switch|p1a: Darmanitan|Darmanitan-Galar, F, shiny|100\/100\n|turn|3\n|j|\u2606ndou\u6389\u5206\u84dd\u67d0\u4fa0996\n|inactive|ndou\u6389\u5206\u84dd\u67d0\u4fa0996 reconnected and has 300 seconds left.\n|player|p2|ndou\u6389\u5206\u84dd\u67d0\u4fa0996|hilbert\n|\n|t:|1700966896\n|move|p1a: Darmanitan|Icicle Crash|p2a: \u9f9f\u54aa\n|-resisted|p2a: \u9f9f\u54aa\n|-damage|p2a: \u9f9f\u54aa|0 fnt\n|faint|p2a: \u9f9f\u54aa\n|\n|upkeep\n|\n|t:|1700966899\n|switch|p2a: \u80a5\u5927\u597d\u62f3|Dragonite, M|100\/100\n|turn|4\n|\n|t:|1700966905\n|switch|p1a: Indeedee|Indeedee-F, F, shiny|100\/100\n|-fieldstart|move: Psychic Terrain|[from] ability: Psychic Surge|[of] p1a: Indeedee\n|move|p2a: \u80a5\u5927\u597d\u62f3|Thunder Wave|p1a: Indeedee\n|-status|p1a: Indeedee|par\n|\n|upkeep\n|turn|5\n|\n|t:|1700966914\n|move|p2a: \u80a5\u5927\u597d\u62f3|Defog|p1a: Indeedee\n|-unboost|p1a: Indeedee|evasion|1\n|-sideend|p2: ndou\u6389\u5206\u84dd\u67d0\u4fa0996|Spikes|[from] move: Defog|[of] p2a: \u80a5\u5927\u597d\u62f3\n|-fieldend|move: Psychic Terrain\n|move|p1a: Indeedee|Future Sight|p2a: \u80a5\u5927\u597d\u62f3\n|-start|p1a: Indeedee|move: Future Sight\n|\n|upkeep\n|turn|6\n|c|\u2606ndou\u6389\u5206\u84dd\u67d0\u4fa0996|\u5c0f\u4e11\n|\n|t:|1700966922\n|switch|p2a: \u6211\u8981\u5403\u996d|Yveltal|100\/100\n|-ability|p2a: \u6211\u8981\u5403\u996d|Dark Aura\n|switch|p1a: Alomomola|Alomomola, F|100\/100\n|\n|upkeep\n|turn|7\n|\n|t:|1700966931\n|switch|p2a: \u7259?|Clodsire, M|100\/100\n|move|p1a: Alomomola|Toxic|p2a: \u7259?|[miss]\n|-miss|p1a: Alomomola|p2a: \u7259?\n|\n|-end|p2a: \u7259?|move: Future Sight\n|-supereffective|p2a: \u7259?\n|-damage|p2a: \u7259?|55\/100\n|-heal|p2a: \u7259?|61\/100|[from] item: Leftovers\n|upkeep\n|turn|8\n|\n|t:|1700966941\n|move|p1a: Alomomola|Flip Turn|p2a: \u7259?\n|-supereffective|p2a: \u7259?\n|-damage|p2a: \u7259?|25\/100\n|\n|t:|1700966947\n|switch|p1a: Indeedee|Indeedee-F, F, shiny|100\/100 par|[from] Flip Turn\n|-fieldstart|move: Psychic Terrain|[from] ability: Psychic Surge|[of] p1a: Indeedee\n|move|p2a: \u7259?|Stealth Rock|p1a: Indeedee\n|-sidestart|p1: Ash 26th|move: Stealth Rock\n|\n|-heal|p2a: \u7259?|31\/100|[from] item: Leftovers\n|upkeep\n|turn|9\n|\n|t:|1700966959\n|switch|p2a: \u6211\u8981\u5403\u996d|Yveltal|100\/100\n|-ability|p2a: \u6211\u8981\u5403\u996d|Dark Aura\n|move|p1a: Indeedee|Future Sight|p2a: \u6211\u8981\u5403\u996d\n|-start|p1a: Indeedee|move: Future Sight\n|\n|upkeep\n|turn|10\n|\n|t:|1700966966\n|switch|p1a: Moltres|Moltres, shiny|100\/100\n|move|p2a: \u6211\u8981\u5403\u996d|Knock Off|p1a: Moltres\n|-damage|p1a: Moltres|50\/100\n|-enditem|p1a: Moltres|Heavy-Duty Boots|[from] move: Knock Off|[of] p2a: \u6211\u8981\u5403\u996d\n|\n|upkeep\n|turn|11\n|\n|t:|1700966975\n|-terastallize|p2a: \u6211\u8981\u5403\u996d|Dark\n|move|p2a: \u6211\u8981\u5403\u996d|Knock Off|p1a: Moltres\n|-damage|p1a: Moltres|5\/100\n|move|p1a: Moltres|Defog|p2a: \u6211\u8981\u5403\u996d\n|-unboost|p2a: \u6211\u8981\u5403\u996d|evasion|1\n|-sideend|p1: Ash 26th|Stealth Rock|[from] move: Defog|[of] p1a: Moltres\n|-fieldend|move: Psychic Terrain\n|\n|-end|p2a: \u6211\u8981\u5403\u996d|move: Future Sight\n|-immune|p2a: \u6211\u8981\u5403\u996d\n|upkeep\n|turn|12\n|\n|t:|1700966986\n|switch|p1a: Alomomola|Alomomola, F|100\/100\n|move|p2a: \u6211\u8981\u5403\u996d|Dual Wingbeat|p1a: Alomomola\n|-damage|p1a: Alomomola|88\/100\n|-damage|p2a: \u6211\u8981\u5403\u996d|84\/100|[from] item: Rocky Helmet|[of] p1a: Alomomola\n|-damage|p1a: Alomomola|74\/100\n|-damage|p2a: \u6211\u8981\u5403\u996d|68\/100|[from] item: Rocky Helmet|[of] p1a: Alomomola\n|-hitcount|p1a: Alomomola|2\n|\n|upkeep\n|turn|13\n|\n|t:|1700966995\n|switch|p2a: \u58ee\u58ee\u5988|Skeledirge, F|100\/100\n|move|p1a: Alomomola|Toxic|p2a: \u58ee\u58ee\u5988\n|-status|p2a: \u58ee\u58ee\u5988|tox\n|\n|-damage|p2a: \u58ee\u58ee\u5988|94\/100 tox|[from] psn\n|upkeep\n|turn|14\n|\n|t:|1700966998\n|move|p2a: \u58ee\u58ee\u5988|Will-O-Wisp|p1a: Alomomola\n|-status|p1a: Alomomola|brn\n|move|p1a: Alomomola|Wish|p1a: Alomomola\n|\n|-damage|p2a: \u58ee\u58ee\u5988|82\/100 tox|[from] psn\n|-damage|p1a: Alomomola|68\/100 brn|[from] brn\n|upkeep\n|turn|15\n|\n|t:|1700967003\n|move|p2a: \u58ee\u58ee\u5988|Torch Song|p1a: Alomomola\n|-resisted|p1a: Alomomola\n|-damage|p1a: Alomomola|52\/100 brn\n|-boost|p2a: \u58ee\u58ee\u5988|spa|1\n|move|p1a: Alomomola|Flip Turn|p2a: \u58ee\u58ee\u5988\n|-supereffective|p2a: \u58ee\u58ee\u5988\n|-damage|p2a: \u58ee\u58ee\u5988|72\/100 tox\n|\n|t:|1700967016\n|switch|p1a: Necrozma|Necrozma-Dusk-Mane|100\/100|[from] Flip Turn\n|\n|-damage|p2a: \u58ee\u58ee\u5988|54\/100 tox|[from] psn\n|upkeep\n|turn|16\n|\n|t:|1700967024\n|switch|p2a: \u7259?|Clodsire, M|31\/100\n|move|p1a: Necrozma|Earthquake|p2a: \u7259?\n|-supereffective|p2a: \u7259?\n|-damage|p2a: \u7259?|0 fnt\n|faint|p2a: \u7259?\n|\n|upkeep\n|\n|t:|1700967026\n|switch|p2a: \u4e11\u9738\u4e0d\u6b7b|Dondozo, M|100\/100\n|turn|17\n|\n|t:|1700967033\n|switch|p1a: Alomomola|Alomomola, F|85\/100 brn\n|switch|p2a: \u80a5\u5927\u597d\u62f3|Dragonite, M|100\/100\n|\n|-damage|p1a: Alomomola|79\/100 brn|[from] brn\n|upkeep\n|turn|18\n|\n|t:|1700967039\n|move|p2a: \u80a5\u5927\u597d\u62f3|Heal Bell|p2a: \u80a5\u5927\u597d\u62f3\n|-activate|p2a: \u80a5\u5927\u597d\u62f3|move: Heal Bell\n|-curestatus|p2: \u58ee\u58ee\u5988|tox|[msg]\n|move|p1a: Alomomola|Toxic|p2a: \u80a5\u5927\u597d\u62f3\n|-status|p2a: \u80a5\u5927\u597d\u62f3|tox\n|\n|-damage|p2a: \u80a5\u5927\u597d\u62f3|94\/100 tox|[from] psn\n|-damage|p1a: Alomomola|73\/100 brn|[from] brn\n|upkeep\n|turn|19\n|\n|t:|1700967045\n|switch|p2a: \u58ee\u58ee\u5988|Skeledirge, F|54\/100\n|move|p1a: Alomomola|Flip Turn|p2a: \u58ee\u58ee\u5988\n|-supereffective|p2a: \u58ee\u58ee\u5988\n|-damage|p2a: \u58ee\u58ee\u5988|44\/100\n|\n|t:|1700967053\n|switch|p1a: Necrozma|Necrozma-Dusk-Mane|100\/100|[from] Flip Turn\n|\n|upkeep\n|turn|20\n|\n|t:|1700967056\n|switch|p2a: \u4e11\u9738\u4e0d\u6b7b|Dondozo, M|100\/100\n|move|p1a: Necrozma|Dragon Dance|p1a: Necrozma\n|-boost|p1a: Necrozma|atk|1\n|-boost|p1a: Necrozma|spe|1\n|\n|upkeep\n|turn|21\n|\n|t:|1700967067\n|move|p1a: Necrozma|Earthquake|p2a: \u4e11\u9738\u4e0d\u6b7b\n|-damage|p2a: \u4e11\u9738\u4e0d\u6b7b|78\/100\n|move|p2a: \u4e11\u9738\u4e0d\u6b7b|Liquidation|p1a: Necrozma\n|-damage|p1a: Necrozma|75\/100\n|-unboost|p1a: Necrozma|def|1\n|\n|upkeep\n|turn|22\n|\n|t:|1700967078\n|switch|p1a: Moltres|Moltres, shiny|5\/100\n|switch|p2a: \u58ee\u58ee\u5988|Skeledirge, F|44\/100\n|\n|upkeep\n|turn|23\n|\n|t:|1700967083\n|switch|p2a: \u80a5\u5927\u597d\u62f3|Dragonite, M|94\/100 tox\n|move|p1a: Moltres|Roost|p1a: Moltres\n|-heal|p1a: Moltres|56\/100\n|-singleturn|p1a: Moltres|move: Roost\n|\n|-damage|p2a: \u80a5\u5927\u597d\u62f3|88\/100 tox|[from] psn\n|upkeep\n|turn|24\n|\n|t:|1700967086\n|move|p1a: Moltres|U-turn|p2a: \u80a5\u5927\u597d\u62f3\n|-resisted|p2a: \u80a5\u5927\u597d\u62f3\n|-damage|p2a: \u80a5\u5927\u597d\u62f3|83\/100 tox\n|\n|t:|1700967088\n|switch|p1a: Indeedee|Indeedee-F, F, shiny|100\/100 par|[from] U-turn\n|-fieldstart|move: Psychic Terrain|[from] ability: Psychic Surge|[of] p1a: Indeedee\n|move|p2a: \u80a5\u5927\u597d\u62f3|Heal Bell|p2a: \u80a5\u5927\u597d\u62f3\n|-activate|p2a: \u80a5\u5927\u597d\u62f3|move: Heal Bell\n|-curestatus|p2a: \u80a5\u5927\u597d\u62f3|tox|[msg]\n|\n|upkeep\n|turn|25\n|\n|t:|1700967094\n|move|p2a: \u80a5\u5927\u597d\u62f3|Roost|p2a: \u80a5\u5927\u597d\u62f3\n|-heal|p2a: \u80a5\u5927\u597d\u62f3|100\/100\n|-singleturn|p2a: \u80a5\u5927\u597d\u62f3|move: Roost\n|cant|p1a: Indeedee|par\n|\n|upkeep\n|turn|26\n|\n|t:|1700967102\n|switch|p1a: Necrozma|Necrozma-Dusk-Mane|75\/100\n|move|p2a: \u80a5\u5927\u597d\u62f3|Thunder Wave|p1a: Necrozma\n|-status|p1a: Necrozma|par\n|\n|upkeep\n|turn|27\n|c|\u2606ndou\u6389\u5206\u84dd\u67d0\u4fa0996|\u53ef\u7231\u5feb\u9f99\n|c|\u2606Ash 26th|\u6e05\u72b6\u6001\u8fd9\u4e48\u91cd\u8981\u5417\n|inactive|Ash 26th has 270 seconds left.\n|\n|t:|1700967133\n|switch|p2a: \u6211\u8981\u5403\u996d|Yveltal, tera:Dark|68\/100\n|-ability|p2a: \u6211\u8981\u5403\u996d|Dark Aura\n|cant|p1a: Necrozma|par\n|\n|upkeep\n|turn|28\n|inactive|Ash 26th has 270 seconds left.\n|\n|t:|1700967146\n|switch|p1a: Alomomola|Alomomola, F|100\/100 brn\n|move|p2a: \u6211\u8981\u5403\u996d|Knock Off|p1a: Alomomola\n|-crit|p1a: Alomomola\n|-damage|p1a: Alomomola|16\/100 brn\n|-damage|p2a: \u6211\u8981\u5403\u996d|51\/100|[from] item: Rocky Helmet|[of] p1a: Alomomola\n|-enditem|p1a: Alomomola|Rocky Helmet|[from] move: Knock Off|[of] p2a: \u6211\u8981\u5403\u996d\n|\n|-damage|p1a: Alomomola|10\/100 brn|[from] brn\n|-fieldend|move: Psychic Terrain\n|upkeep\n|turn|29\n|c|\u2606ndou\u6389\u5206\u84dd\u67d0\u4fa0996|6\n|\n|t:|1700967154\n|switch|p1a: Moltres|Moltres, shiny|56\/100\n|move|p2a: \u6211\u8981\u5403\u996d|Dual Wingbeat|p1a: Moltres\n|-damage|p1a: Moltres|41\/100\n|-damage|p1a: Moltres|24\/100\n|-status|p2a: \u6211\u8981\u5403\u996d|brn|[from] ability: Flame Body|[of] p1a: Moltres\n|-hitcount|p1a: Moltres|2\n|\n|-damage|p2a: \u6211\u8981\u5403\u996d|45\/100 brn|[from] brn\n|upkeep\n|turn|30\n|\n|t:|1700967159\n|switch|p2a: \u80a5\u5927\u597d\u62f3|Dragonite, M|100\/100\n|move|p1a: Moltres|Roost|p1a: Moltres\n|-heal|p1a: Moltres|74\/100\n|-singleturn|p1a: Moltres|move: Roost\n|\n|upkeep\n|turn|31\n|\n|t:|1700967165\n|move|p1a: Moltres|U-turn|p2a: \u80a5\u5927\u597d\u62f3\n|-resisted|p2a: \u80a5\u5927\u597d\u62f3\n|-damage|p2a: \u80a5\u5927\u597d\u62f3|98\/100\n|\n|t:|1700967167\n|switch|p1a: Darmanitan|Darmanitan-Galar, F, shiny|100\/100|[from] U-turn\n|move|p2a: \u80a5\u5927\u597d\u62f3|Heal Bell|p2a: \u80a5\u5927\u597d\u62f3\n|-activate|p2a: \u80a5\u5927\u597d\u62f3|move: Heal Bell\n|-curestatus|p2: \u6211\u8981\u5403\u996d|brn|[msg]\n|\n|upkeep\n|turn|32\n|\n|t:|1700967172\n|move|p1a: Darmanitan|Substitute|p1a: Darmanitan\n|-start|p1a: Darmanitan|Substitute\n|-damage|p1a: Darmanitan|75\/100\n|move|p2a: \u80a5\u5927\u597d\u62f3|Thunder Wave||[still]\n|-fail|p2a: \u80a5\u5927\u597d\u62f3\n|\n|upkeep\n|turn|33\n|\n|t:|1700967178\n|switch|p2a: \u4e11\u9738\u4e0d\u6b7b|Dondozo, M|78\/100\n|move|p1a: Darmanitan|Belly Drum|p1a: Darmanitan\n|-damage|p1a: Darmanitan|25\/100\n|-setboost|p1a: Darmanitan|atk|6|[from] move: Belly Drum\n|-enditem|p1a: Darmanitan|Salac Berry|[eat]\n|-boost|p1a: Darmanitan|spe|1|[from] item: Salac Berry\n|\n|-formechange|p1a: Darmanitan|Darmanitan-Galar-Zen|\n|upkeep\n|turn|34\n|c|\u2606ndou\u6389\u5206\u84dd\u67d0\u4fa0996|?\n|\n|t:|1700967187\n|-terastallize|p1a: Darmanitan|Fighting\n|move|p1a: Darmanitan|Reversal|p2a: \u4e11\u9738\u4e0d\u6b7b\n|-damage|p2a: \u4e11\u9738\u4e0d\u6b7b|51\/100\n|move|p2a: \u4e11\u9738\u4e0d\u6b7b|Curse|p2a: \u4e11\u9738\u4e0d\u6b7b\n|-unboost|p2a: \u4e11\u9738\u4e0d\u6b7b|spe|1\n|-boost|p2a: \u4e11\u9738\u4e0d\u6b7b|atk|1\n|-boost|p2a: \u4e11\u9738\u4e0d\u6b7b|def|1\n|\n|upkeep\n|turn|35\n|\n|t:|1700967196\n|move|p1a: Darmanitan|Reversal|p2a: \u4e11\u9738\u4e0d\u6b7b\n|-damage|p2a: \u4e11\u9738\u4e0d\u6b7b|34\/100\n|move|p2a: \u4e11\u9738\u4e0d\u6b7b|Rest|p2a: \u4e11\u9738\u4e0d\u6b7b\n|-status|p2a: \u4e11\u9738\u4e0d\u6b7b|slp|[from] move: Rest\n|-heal|p2a: \u4e11\u9738\u4e0d\u6b7b|100\/100 slp|[silent]\n|\n|upkeep\n|turn|36\n|\n|t:|1700967201\n|move|p1a: Darmanitan|Reversal|p2a: \u4e11\u9738\u4e0d\u6b7b\n|-damage|p2a: \u4e11\u9738\u4e0d\u6b7b|82\/100 slp\n|cant|p2a: \u4e11\u9738\u4e0d\u6b7b|slp\n|move|p2a: \u4e11\u9738\u4e0d\u6b7b|Sleep Talk|p2a: \u4e11\u9738\u4e0d\u6b7b\n|move|p2a: \u4e11\u9738\u4e0d\u6b7b|Curse|p2a: \u4e11\u9738\u4e0d\u6b7b|[from]move: Sleep Talk\n|-unboost|p2a: \u4e11\u9738\u4e0d\u6b7b|spe|1\n|-boost|p2a: \u4e11\u9738\u4e0d\u6b7b|atk|1\n|-boost|p2a: \u4e11\u9738\u4e0d\u6b7b|def|1\n|\n|upkeep\n|turn|37\n|\n|t:|1700967207\n|switch|p2a: \u58ee\u58ee\u5988|Skeledirge, F|44\/100\n|move|p1a: Darmanitan|Reversal|p2a: \u58ee\u58ee\u5988\n|-immune|p2a: \u58ee\u58ee\u5988\n|\n|upkeep\n|turn|38\n|\n|t:|1700967211\n|move|p1a: Darmanitan|Icicle Crash|p2a: \u58ee\u58ee\u5988\n|-resisted|p2a: \u58ee\u58ee\u5988\n|-damage|p2a: \u58ee\u58ee\u5988|26\/100\n|move|p2a: \u58ee\u58ee\u5988|Slack Off|p2a: \u58ee\u58ee\u5988\n|-heal|p2a: \u58ee\u58ee\u5988|76\/100\n|\n|upkeep\n|turn|39\n|c|\u2606ndou\u6389\u5206\u84dd\u67d0\u4fa0996|\u4fdd\u59c6\u9c7c\u592a\u60e8\u4e86\n|c|\u2606Ash 26th|\u4e09\u7eaf\u6734\n|c|\u2606Ash 26th|\u6253\u4e0d\u4e86\u4e00\u70b9\n|c|\u2606ndou\u6389\u5206\u84dd\u67d0\u4fa0996|\u6734\u5b9e\u65e0\u534e\n|c|\u2606Ash 26th|\u6211\u601d\u7d22\u4e0b\n|inactive|Ash 26th has 270 seconds left.\n|-message|Ash 26th forfeited.\n|\n|win|ndou\u6389\u5206\u84dd\u67d0\u4fa0996\n|l|\u2606Ash 26th\n","uploadtime":1700967259,"views":4,"p1id":"ash26th","p2id":"ndou996","formatid":"gen9nationaldexubers","rating":0,"private":0,"password":""}