{"id":"gen9nationaldexubers-1983685182","p1":"deleter191","p2":"Jayrox41","format":"[Gen 9] National Dex Ubers","log":"|j|\u2606deleter191\n|j|\u2606Jayrox41\n|t:|1699160627\n|gametype|singles\n|player|p1|deleter191|giovanni|\n|player|p2|Jayrox41|morty-masters2|\n|teamsize|p1|6\n|teamsize|p2|6\n|gen|9\n|tier|[Gen 9] National Dex Ubers\n|rule|HP Percentage Mod: HP is shown in percentages\n|rule|Endless Battle Clause: Forcing endless battles is banned\n|rule|OHKO Clause: OHKO moves are banned\n|rule|Evasion Moves Clause: Evasion moves are banned\n|rule|Evasion Items Clause: Evasion items are banned\n|rule|Species Clause: Limit one of each Pok\u00e9mon\n|rule|Sleep Clause Mod: Limit one foe put to sleep\n|rule|Mega Rayquaza Clause: You cannot mega evolve Rayquaza\n|clearpoke\n|poke|p1|Serperior, M|\n|poke|p1|Haxorus, F|\n|poke|p1|Gigalith, M|\n|poke|p1|Victini|\n|poke|p1|Genesect-Douse|\n|poke|p1|Zoroark-Hisui, M|\n|poke|p2|Azumarill, F|\n|poke|p2|Politoed, M|\n|poke|p2|Raikou|\n|poke|p2|Scizor, F|\n|poke|p2|Smeargle, F|\n|poke|p2|Tyranitar, M|\n|teampreview\n|\n|t:|1699160655\n|start\n|switch|p1a: Sweeper|Serperior, M|100\/100\n|switch|p2a: Papa John|Tyranitar, M|100\/100\n|-weather|Sandstorm|[from] ability: Sand Stream|[of] p2a: Papa John\n|turn|1\n|\n|t:|1699160676\n|move|p1a: Sweeper|Leaf Storm|p2a: Papa John|[miss]\n|-miss|p1a: Sweeper|p2a: Papa John\n|move|p2a: Papa John|Knock Off|p1a: Sweeper\n|-damage|p1a: Sweeper|48\/100\n|-enditem|p1a: Sweeper|Leftovers|[from] move: Knock Off|[of] p2a: Papa John\n|\n|-weather|Sandstorm|[upkeep]\n|-damage|p1a: Sweeper|42\/100|[from] Sandstorm\n|upkeep\n|turn|2\n|j| fv8hd\n|\n|t:|1699160697\n|move|p1a: Sweeper|Leaf Storm|p2a: Papa John\n|-supereffective|p2a: Papa John\n|-damage|p2a: Papa John|61\/100\n|-boost|p1a: Sweeper|spa|2\n|move|p2a: Papa John|Stealth Rock|p1a: Sweeper\n|-sidestart|p1: deleter191|move: Stealth Rock\n|\n|-weather|Sandstorm|[upkeep]\n|-damage|p1a: Sweeper|36\/100|[from] Sandstorm\n|-heal|p2a: Papa John|68\/100|[from] item: Leftovers\n|upkeep\n|turn|3\n|\n|t:|1699160710\n|move|p1a: Sweeper|Leaf Storm|p2a: Papa John\n|-supereffective|p2a: Papa John\n|-damage|p2a: Papa John|0 fnt\n|-boost|p1a: Sweeper|spa|2\n|faint|p2a: Papa John\n|\n|-weather|Sandstorm|[upkeep]\n|-damage|p1a: Sweeper|30\/100|[from] Sandstorm\n|upkeep\n|\n|t:|1699160728\n|switch|p2a: Benito Mussolini|Raikou, shiny|100\/100\n|turn|4\n|\n|t:|1699160737\n|move|p2a: Benito Mussolini|Aura Sphere|p1a: Sweeper\n|-damage|p1a: Sweeper|0 fnt\n|faint|p1a: Sweeper\n|\n|-weather|Sandstorm|[upkeep]\n|-damage|p2a: Benito Mussolini|94\/100|[from] Sandstorm\n|upkeep\n|\n|t:|1699160748\n|switch|p1a: Giga-balls|Gigalith, M|100\/100\n|-damage|p1a: Giga-balls|88\/100|[from] Stealth Rock\n|turn|5\n|\n|t:|1699160758\n|switch|p2a: Messi|Politoed, M, shiny|100\/100\n|-weather|RainDance|[from] ability: Drizzle|[of] p2a: Messi\n|move|p1a: Giga-balls|Protect||[still]\n|-fail|p1a: Giga-balls\n|\n|-weather|RainDance|[upkeep]\n|-heal|p1a: Giga-balls|94\/100|[from] item: Leftovers\n|upkeep\n|turn|6\n|\n|t:|1699160774\n|switch|p1a: Dr. couitler|Genesect-Douse, shiny|100\/100\n|-damage|p1a: Dr. couitler|88\/100|[from] Stealth Rock\n|move|p2a: Messi|Scald|p1a: Dr. couitler\n|-damage|p1a: Dr. couitler|17\/100\n|replace|p1a: Not Zoroark|Zoroark-Hisui, M\n|-end|p1a: Not Zoroark|Illusion\n|\n|-weather|RainDance|[upkeep]\n|upkeep\n|turn|7\n|\n|t:|1699160790\n|move|p1a: Not Zoroark|Grass Knot|p2a: Messi\n|-supereffective|p2a: Messi\n|-damage|p2a: Messi|50\/100\n|move|p2a: Messi|Scald|p1a: Not Zoroark\n|-damage|p1a: Not Zoroark|0 fnt\n|faint|p1a: Not Zoroark\n|\n|-weather|RainDance|[upkeep]\n|upkeep\n|\n|t:|1699160811\n|switch|p1a: Vic-Tiny|Victini|100\/100\n|turn|8\n|\n|t:|1699160820\n|move|p1a: Vic-Tiny|Bolt Strike|p2a: Messi\n|-supereffective|p2a: Messi\n|-damage|p2a: Messi|0 fnt\n|faint|p2a: Messi\n|\n|-weather|RainDance|[upkeep]\n|upkeep\n|\n|t:|1699160859\n|switch|p2a: Our Lord|Azumarill, F|100\/100\n|turn|9\n|\n|t:|1699160873\n|-terastallize|p2a: Our Lord|Water\n|move|p2a: Our Lord|Aqua Jet|p1a: Vic-Tiny\n|-supereffective|p1a: Vic-Tiny\n|-damage|p1a: Vic-Tiny|0 fnt\n|faint|p1a: Vic-Tiny\n|\n|-weather|RainDance|[upkeep]\n|upkeep\n|\n|t:|1699160885\n|switch|p1a: MeinKraft Killer|Haxorus, F|100\/100\n|-damage|p1a: MeinKraft Killer|88\/100|[from] Stealth Rock\n|-ability|p1a: MeinKraft Killer|Mold Breaker\n|turn|10\n|\n|t:|1699160898\n|-terastallize|p1a: MeinKraft Killer|Fire\n|move|p2a: Our Lord|Aqua Jet|p1a: MeinKraft Killer\n|-supereffective|p1a: MeinKraft Killer\n|-crit|p1a: MeinKraft Killer\n|-damage|p1a: MeinKraft Killer|0 fnt\n|faint|p1a: MeinKraft Killer\n|\n|-weather|RainDance|[upkeep]\n|upkeep\n|\n|t:|1699160908\n|switch|p1a: Dr. couitler|Genesect-Douse, shiny|100\/100\n|-damage|p1a: Dr. couitler|88\/100|[from] Stealth Rock\n|-ability|p1a: Dr. couitler|Download|boost\n|-boost|p1a: Dr. couitler|spa|1\n|turn|11\n|\n|t:|1699160915\n|move|p2a: Our Lord|Aqua Jet|p1a: Dr. couitler\n|-damage|p1a: Dr. couitler|0 fnt\n|faint|p1a: Dr. couitler\n|\n|-weather|RainDance|[upkeep]\n|upkeep\n|\n|t:|1699160920\n|switch|p1a: Giga-balls|Gigalith, M|94\/100\n|-damage|p1a: Giga-balls|82\/100|[from] Stealth Rock\n|-weather|Sandstorm|[from] ability: Sand Stream|[of] p1a: Giga-balls\n|turn|12\n|l| fv8hd\n|\n|t:|1699160930\n|move|p2a: Our Lord|Aqua Jet|p1a: Giga-balls\n|-supereffective|p1a: Giga-balls\n|-damage|p1a: Giga-balls|2\/100\n|move|p1a: Giga-balls|Rock Blast|p2a: Our Lord|[miss]\n|-miss|p1a: Giga-balls|p2a: Our Lord\n|\n|-weather|Sandstorm|[upkeep]\n|-damage|p2a: Our Lord|94\/100|[from] Sandstorm\n|-heal|p1a: Giga-balls|8\/100|[from] item: Leftovers\n|upkeep\n|turn|13\n|\n|t:|1699160938\n|move|p1a: Giga-balls|Protect|p1a: Giga-balls\n|-singleturn|p1a: Giga-balls|Protect\n|move|p2a: Our Lord|Aqua Jet|p1a: Giga-balls\n|-activate|p1a: Giga-balls|move: Protect\n|\n|-weather|Sandstorm|[upkeep]\n|-damage|p2a: Our Lord|88\/100|[from] Sandstorm\n|-heal|p1a: Giga-balls|14\/100|[from] item: Leftovers\n|upkeep\n|turn|14\n|\n|t:|1699160948\n|move|p2a: Our Lord|Aqua Jet|p1a: Giga-balls\n|-supereffective|p1a: Giga-balls\n|-damage|p1a: Giga-balls|0 fnt\n|faint|p1a: Giga-balls\n|\n|win|Jayrox41\n|l|\u2606deleter191\n","uploadtime":1699160962,"views":9,"p1id":"deleter191","p2id":"jayrox41","formatid":"gen9nationaldexubers","rating":0,"private":0,"password":""}