{"id":"gen9nationaldexubers-1996712431","p1":"85792195wwww","p2":"nduts732","format":"[Gen 9] National Dex Ubers","log":"|j|\u260685792195wwww\n|j|\u2606nduts732\n|t:|1700713136\n|gametype|singles\n|player|p1|85792195wwww|mira|1761\n|player|p2|nduts732|101|1685\n|teamsize|p1|6\n|teamsize|p2|6\n|gen|9\n|tier|[Gen 9] National Dex Ubers\n|rated|\n|rule|HP Percentage Mod: HP is shown in percentages\n|rule|Endless Battle Clause: Forcing endless battles is banned\n|rule|OHKO Clause: OHKO moves are banned\n|rule|Evasion Moves Clause: Evasion moves are banned\n|rule|Evasion Items Clause: Evasion items are banned\n|rule|Species Clause: Limit one of each Pok\u00e9mon\n|rule|Sleep Clause Mod: Limit one foe put to sleep\n|rule|Mega Rayquaza Clause: You cannot mega evolve Rayquaza\n|clearpoke\n|poke|p1|Arceus|\n|poke|p1|Zacian-*|\n|poke|p1|Xerneas-*|\n|poke|p1|Kyurem-Black|\n|poke|p1|Groudon|\n|poke|p1|Deoxys-Speed|\n|poke|p2|Xerneas-*|\n|poke|p2|Groudon|\n|poke|p2|Deoxys-Speed|\n|poke|p2|Zekrom|\n|poke|p2|Mewtwo|\n|poke|p2|Arceus|\n|teampreview\n|\n|t:|1700713155\n|start\n|switch|p1a: Zacian|Zacian-Crowned|100\/100\n|switch|p2a: Arceus|Arceus|100\/100\n|-ability|p1a: Zacian|Intrepid Sword|boost\n|-boost|p1a: Zacian|atk|1\n|turn|1\n|\n|t:|1700713165\n|switch|p2a: Groudon|Groudon|100\/100\n|detailschange|p2a: Groudon|Groudon-Primal\n|-primal|p2a: Groudon|Red Orb\n|-weather|DesolateLand|[from] ability: Desolate Land|[of] p2a: Groudon\n|move|p1a: Zacian|Swords Dance|p1a: Zacian\n|-boost|p1a: Zacian|atk|2\n|\n|-weather|DesolateLand|[upkeep]\n|upkeep\n|turn|2\n|\n|t:|1700713175\n|-terastallize|p1a: Zacian|Ground\n|move|p1a: Zacian|Tera Blast|p2a: Groudon|[anim] Tera Blast Ground\n|-supereffective|p2a: Groudon\n|-damage|p2a: Groudon|0 fnt\n|faint|p2a: Groudon\n|-weather|none\n|\n|upkeep\n|\n|t:|1700713192\n|switch|p2a: Arceus|Arceus|100\/100\n|turn|3\n|\n|t:|1700713202\n|-terastallize|p2a: Arceus|Ghost\n|move|p1a: Zacian|Behemoth Blade|p2a: Arceus\n|-crit|p2a: Arceus\n|-damage|p2a: Arceus|0 fnt\n|faint|p2a: Arceus\n|\n|upkeep\n|\n|t:|1700713212\n|switch|p2a: Deoxys|Deoxys-Speed|100\/100\n|-ability|p2a: Deoxys|Pressure\n|turn|4\n|\n|t:|1700713217\n|move|p2a: Deoxys|Reflect|p2a: Deoxys\n|-sidestart|p2: nduts732|Reflect\n|move|p1a: Zacian|Tera Blast|p2a: Deoxys|[anim] Tera Blast Ground\n|-damage|p2a: Deoxys|50\/100\n|\n|upkeep\n|turn|5\n|\n|t:|1700713223\n|move|p2a: Deoxys|Taunt|p1a: Zacian\n|-start|p1a: Zacian|move: Taunt\n|cant|p1a: Zacian|move: Taunt|Swords Dance\n|\n|upkeep\n|turn|6\n|\n|t:|1700713228\n|move|p2a: Deoxys|Stealth Rock|p1a: Zacian\n|-sidestart|p1: 85792195wwww|move: Stealth Rock\n|move|p1a: Zacian|Tera Blast|p2a: Deoxys|[anim] Tera Blast Ground\n|-damage|p2a: Deoxys|0 fnt\n|faint|p2a: Deoxys\n|\n|upkeep\n|\n|t:|1700713243\n|switch|p2a: Mewtwo|Mewtwo|100\/100\n|-ability|p2a: Mewtwo|Pressure\n|turn|7\n|\n|t:|1700713249\n|detailschange|p2a: Mewtwo|Mewtwo-Mega-X\n|-mega|p2a: Mewtwo|Mewtwo|Mewtwonite X\n|move|p1a: Zacian|Behemoth Blade|p2a: Mewtwo\n|-damage|p2a: Mewtwo|28\/100\n|move|p2a: Mewtwo|Power-Up Punch|p1a: Zacian\n|-damage|p1a: Zacian|76\/100\n|-boost|p2a: Mewtwo|atk|1\n|\n|-end|p1a: Zacian|move: Taunt\n|upkeep\n|turn|8\n|-message|nduts732 forfeited.\n|\n|win|85792195wwww\n|raw|85792195wwww's rating: 1761 &rarr; <strong>1777<\/strong><br \/>(+16 for winning)\n|raw|nduts732's rating: 1685 &rarr; <strong>1669<\/strong><br \/>(-16 for losing)\n|l|\u2606nduts732\n","uploadtime":1700713263,"views":4,"p1id":"85792195wwww","p2id":"nduts732","formatid":"gen9nationaldexubers","rating":1669,"private":0,"password":""}