{"id":"gen9nationaldexubers-1996460797","p1":"Chaerin Ahn","p2":"ouchyouchyouch","format":"[Gen 9] National Dex Ubers","log":"|j|\u2606Chaerin Ahn\n|j|\u2606ouchyouchyouch\n|t:|1700684207\n|gametype|singles\n|player|p1|Chaerin Ahn|caitlin|1363\n|player|p2|ouchyouchyouch|170|1402\n|teamsize|p1|6\n|teamsize|p2|6\n|gen|9\n|tier|[Gen 9] National Dex Ubers\n|rated|\n|rule|HP Percentage Mod: HP is shown in percentages\n|rule|Endless Battle Clause: Forcing endless battles is banned\n|rule|OHKO Clause: OHKO moves are banned\n|rule|Evasion Moves Clause: Evasion moves are banned\n|rule|Evasion Items Clause: Evasion items are banned\n|rule|Species Clause: Limit one of each Pok\u00e9mon\n|rule|Sleep Clause Mod: Limit one foe put to sleep\n|rule|Mega Rayquaza Clause: You cannot mega evolve Rayquaza\n|clearpoke\n|poke|p1|Yveltal|\n|poke|p1|Xerneas-*|\n|poke|p1|Ditto|\n|poke|p1|Groudon|\n|poke|p1|Marshadow|\n|poke|p1|Zygarde|\n|poke|p2|Ribombee, M|\n|poke|p2|Lucario, F|\n|poke|p2|Necrozma-Dusk-Mane|\n|poke|p2|Kyogre|\n|poke|p2|Yveltal|\n|poke|p2|Groudon|\n|teampreview\n|inactive|Battle timer is ON: inactive players will automatically lose when time's up. (requested by ouchyouchyouch)\n|\n|t:|1700684220\n|start\n|switch|p1a: EMIYA|Yveltal|100\/100\n|switch|p2a: Jitterbug|Ribombee, M, shiny|100\/100\n|-ability|p1a: EMIYA|Dark Aura\n|turn|1\n|\n|t:|1700684237\n|move|p2a: Jitterbug|Stun Spore|p1a: EMIYA\n|-status|p1a: EMIYA|par\n|cant|p1a: EMIYA|par\n|\n|upkeep\n|turn|2\n|\n|t:|1700684249\n|move|p2a: Jitterbug|Quiver Dance|p2a: Jitterbug\n|-boost|p2a: Jitterbug|spa|1\n|-boost|p2a: Jitterbug|spd|1\n|-boost|p2a: Jitterbug|spe|1\n|move|p1a: EMIYA|Oblivion Wing|p2a: Jitterbug\n|-supereffective|p2a: Jitterbug\n|-enditem|p2a: Jitterbug|Focus Sash\n|-damage|p2a: Jitterbug|1\/100\n|-damage|p1a: EMIYA|91\/100 par|[from] item: Life Orb\n|\n|upkeep\n|turn|3\n|\n|t:|1700684259\n|move|p2a: Jitterbug|Moonblast|p1a: EMIYA\n|-supereffective|p1a: EMIYA\n|-damage|p1a: EMIYA|0 fnt\n|faint|p1a: EMIYA\n|\n|upkeep\n|\n|t:|1700684265\n|switch|p1a: Magic Kaito|Marshadow|100\/100\n|turn|4\n|\n|t:|1700684269\n|move|p1a: Magic Kaito|Shadow Sneak|p2a: Jitterbug\n|-damage|p2a: Jitterbug|0 fnt\n|faint|p2a: Jitterbug\n|\n|upkeep\n|\n|t:|1700684275\n|switch|p2a: Vengeance|Yveltal, shiny|100\/100\n|-ability|p2a: Vengeance|Dark Aura\n|turn|5\n|\n|t:|1700684285\n|switch|p1a: Zemmour|Zygarde|100\/100\n|move|p2a: Vengeance|Oblivion Wing|p1a: Zemmour\n|-damage|p1a: Zemmour|61\/100\n|\n|-heal|p1a: Zemmour|67\/100|[from] item: Leftovers\n|upkeep\n|turn|6\n|\n|t:|1700684293\n|switch|p2a: Alpha|Kyogre, shiny|100\/100\n|detailschange|p2a: Alpha|Kyogre-Primal, shiny\n|-primal|p2a: Alpha|Blue Orb\n|-weather|PrimordialSea|[from] ability: Primordial Sea|[of] p2a: Alpha\n|move|p1a: Zemmour|Glare|p2a: Alpha\n|-status|p2a: Alpha|par\n|\n|-weather|PrimordialSea|[upkeep]\n|-heal|p1a: Zemmour|73\/100|[from] item: Leftovers\n|upkeep\n|turn|7\n|\n|t:|1700684303\n|switch|p1a: Terra|Groudon, shiny|100\/100\n|detailschange|p1a: Terra|Groudon-Primal, shiny\n|-primal|p1a: Terra|Red Orb\n|-weather|DesolateLand|[from] ability: Desolate Land|[of] p1a: Terra\n|cant|p2a: Alpha|par\n|\n|-weather|DesolateLand|[upkeep]\n|upkeep\n|turn|8\n|\n|t:|1700684314\n|switch|p2a: Landlord|Groudon|100\/100\n|detailschange|p2a: Landlord|Groudon-Primal\n|-primal|p2a: Landlord|Red Orb\n|move|p1a: Terra|Precipice Blades|p2a: Landlord|[miss]\n|-miss|p1a: Terra|p2a: Landlord\n|\n|-weather|DesolateLand|[upkeep]\n|upkeep\n|turn|9\n|\n|t:|1700684323\n|move|p2a: Landlord|Precipice Blades|p1a: Terra\n|-supereffective|p1a: Terra\n|-damage|p1a: Terra|0 fnt\n|faint|p1a: Terra\n|\n|-weather|DesolateLand|[upkeep]\n|upkeep\n|\n|t:|1700684329\n|switch|p1a: Rimuru Tempest|Ditto, shiny|100\/100\n|-transform|p1a: Rimuru Tempest|p2a: Landlord|[from] ability: Imposter\n|turn|10\n|\n|t:|1700684335\n|move|p1a: Rimuru Tempest|Precipice Blades|p2a: Landlord\n|-supereffective|p2a: Landlord\n|-damage|p2a: Landlord|0 fnt\n|faint|p2a: Landlord\n|\n|-weather|DesolateLand|[upkeep]\n|upkeep\n|\n|t:|1700684340\n|switch|p2a: Vengeance|Yveltal, shiny|100\/100\n|-ability|p2a: Vengeance|Dark Aura\n|turn|11\n|\n|t:|1700684347\n|-weather|none\n|switch|p1a: Zemmour|Zygarde|73\/100\n|move|p2a: Vengeance|Foul Play|p1a: Zemmour\n|-damage|p1a: Zemmour|37\/100\n|\n|-heal|p1a: Zemmour|43\/100|[from] item: Leftovers\n|-activate|p1a: Zemmour|ability: Power Construct\n|detailschange|p1a: Zemmour|Zygarde-Complete\n|-heal|p1a: Zemmour|65\/100|[silent]\n|upkeep\n|turn|12\n|\n|t:|1700684356\n|switch|p2a: Alpha|Kyogre-Primal, shiny|100\/100 par\n|-weather|PrimordialSea|[from] ability: Primordial Sea|[of] p2a: Alpha\n|move|p1a: Zemmour|Glare|p2a: Alpha\n|-fail|p2a: Alpha|par\n|\n|-weather|PrimordialSea|[upkeep]\n|-heal|p1a: Zemmour|71\/100|[from] item: Leftovers\n|upkeep\n|turn|13\n|\n|t:|1700684369\n|move|p1a: Zemmour|Coil|p1a: Zemmour\n|-boost|p1a: Zemmour|atk|1\n|-boost|p1a: Zemmour|def|1\n|-boost|p1a: Zemmour|accuracy|1\n|move|p2a: Alpha|Ice Beam|p1a: Zemmour\n|-supereffective|p1a: Zemmour\n|-damage|p1a: Zemmour|0 fnt\n|faint|p1a: Zemmour\n|\n|-weather|PrimordialSea|[upkeep]\n|upkeep\n|\n|t:|1700684372\n|switch|p1a: Rimuru Tempest|Ditto, shiny|100\/100\n|-transform|p1a: Rimuru Tempest|p2a: Alpha|[from] ability: Imposter\n|turn|14\n|\n|t:|1700684379\n|move|p1a: Rimuru Tempest|Thunder|p2a: Alpha\n|-supereffective|p2a: Alpha\n|-damage|p2a: Alpha|40\/100 par\n|cant|p2a: Alpha|par\n|\n|-weather|PrimordialSea|[upkeep]\n|upkeep\n|turn|15\n|\n|t:|1700684388\n|move|p1a: Rimuru Tempest|Thunder|p2a: Alpha\n|-supereffective|p2a: Alpha\n|-damage|p2a: Alpha|0 fnt\n|faint|p2a: Alpha\n|\n|-weather|PrimordialSea|[upkeep]\n|upkeep\n|\n|t:|1700684391\n|switch|p2a: Sparkle-Wings|Necrozma-Dusk-Mane|100\/100\n|turn|16\n|\n|t:|1700684399\n|detailschange|p2a: Sparkle-Wings|Necrozma-Ultra\n|-burst|p2a: Sparkle-Wings|Necrozma|Ultranecrozium Z\n|move|p2a: Sparkle-Wings|Calm Mind|p2a: Sparkle-Wings\n|-boost|p2a: Sparkle-Wings|spa|1\n|-boost|p2a: Sparkle-Wings|spd|1\n|move|p1a: Rimuru Tempest|Thunder|p2a: Sparkle-Wings\n|-resisted|p2a: Sparkle-Wings\n|-damage|p2a: Sparkle-Wings|81\/100\n|-status|p2a: Sparkle-Wings|par\n|\n|-weather|PrimordialSea|[upkeep]\n|upkeep\n|turn|17\n|\n|t:|1700684413\n|-weather|none\n|switch|p1a: La Pucelle|Xerneas|100\/100\n|-ability|p1a: La Pucelle|Fairy Aura\n|cant|p2a: Sparkle-Wings|par\n|\n|upkeep\n|turn|18\n|\n|t:|1700684420\n|move|p1a: La Pucelle|Geomancy||[still]\n|-prepare|p1a: La Pucelle|Geomancy\n|-enditem|p1a: La Pucelle|Power Herb\n|-anim|p1a: La Pucelle|Geomancy|p1a: La Pucelle\n|-boost|p1a: La Pucelle|spa|2\n|-boost|p1a: La Pucelle|spd|2\n|-boost|p1a: La Pucelle|spe|2\n|-zpower|p2a: Sparkle-Wings\n|move|p2a: Sparkle-Wings|Light That Burns the Sky|p1a: La Pucelle|[zeffect]\n|-damage|p1a: La Pucelle|19\/100\n|\n|upkeep\n|turn|19\n|\n|t:|1700684432\n|move|p1a: La Pucelle|Moonblast|p2a: Sparkle-Wings\n|-supereffective|p2a: Sparkle-Wings\n|-damage|p2a: Sparkle-Wings|0 fnt\n|faint|p2a: Sparkle-Wings\n|\n|upkeep\n|\n|t:|1700684436\n|switch|p2a: Buster|Lucario, F|100\/100\n|turn|20\n|\n|t:|1700684452\n|detailschange|p2a: Buster|Lucario-Mega, F\n|-mega|p2a: Buster|Lucario|Lucarionite\n|move|p2a: Buster|Bullet Punch|p1a: La Pucelle\n|-supereffective|p1a: La Pucelle\n|-damage|p1a: La Pucelle|0 fnt\n|faint|p1a: La Pucelle\n|\n|upkeep\n|\n|t:|1700684458\n|switch|p1a: Rimuru Tempest|Ditto, shiny|100\/100\n|-transform|p1a: Rimuru Tempest|p2a: Buster|[from] ability: Imposter\n|turn|21\n|\n|t:|1700684467\n|switch|p2a: Vengeance|Yveltal, shiny|100\/100\n|-ability|p2a: Vengeance|Dark Aura\n|move|p1a: Rimuru Tempest|Close Combat|p2a: Vengeance\n|-damage|p2a: Vengeance|16\/100\n|-unboost|p1a: Rimuru Tempest|def|1\n|-unboost|p1a: Rimuru Tempest|spd|1\n|\n|upkeep\n|turn|22\n|\n|t:|1700684477\n|-terastallize|p2a: Vengeance|Dark\n|move|p1a: Rimuru Tempest|Close Combat|p2a: Vengeance\n|-supereffective|p2a: Vengeance\n|-damage|p2a: Vengeance|0 fnt\n|-unboost|p1a: Rimuru Tempest|def|1\n|-unboost|p1a: Rimuru Tempest|spd|1\n|faint|p2a: Vengeance\n|\n|upkeep\n|\n|t:|1700684481\n|switch|p2a: Buster|Lucario-Mega, F|100\/100\n|turn|23\n|\n|t:|1700684487\n|switch|p1a: Magic Kaito|Marshadow|100\/100\n|move|p2a: Buster|Close Combat|p1a: Magic Kaito\n|-immune|p1a: Magic Kaito\n|\n|upkeep\n|turn|24\n|\n|t:|1700684493\n|move|p1a: Magic Kaito|Swagger|p2a: Buster\n|-boost|p2a: Buster|atk|2\n|-start|p2a: Buster|confusion\n|-activate|p2a: Buster|confusion\n|-damage|p2a: Buster|54\/100|[from] confusion\n|\n|upkeep\n|turn|25\n|\n|t:|1700684502\n|move|p1a: Magic Kaito|Spectral Thief||[still]\n|-clearpositiveboost|p2a: Buster|p1a: Magic Kaito|move: Spectral Thief\n|-boost|p1a: Magic Kaito|atk|2\n|-anim|p1a: Magic Kaito|Spectral Thief|p2a: Buster\n|-damage|p2a: Buster|0 fnt\n|faint|p2a: Buster\n|\n|win|Chaerin Ahn\n|raw|Chaerin Ahn's rating: 1363 &rarr; <strong>1385<\/strong><br \/>(+22 for winning)\n|raw|ouchyouchyouch's rating: 1402 &rarr; <strong>1380<\/strong><br \/>(-22 for losing)\n|l|\u2606ouchyouchyouch\n","uploadtime":1700684517,"views":1,"p1id":"chaerinahn","p2id":"ouchyouchyouch","formatid":"gen9nationaldexubers","rating":1380,"private":0,"password":""}