{"id":"gen9nationaldexubers-1979744587","p1":"hanagakiUBD","p2":"Dagarmilsombras","format":"[Gen 9] National Dex Ubers","log":"|j|\u2606hanagakiUBD\n|j|\u203dDagarmilsombras\n|t:|1698708801\n|gametype|singles\n|player|p1|hanagakiUBD|iris-gen5bw2|\n|player|p2|Dagarmilsombras|101|\n|teamsize|p1|6\n|teamsize|p2|6\n|gen|9\n|tier|[Gen 9] National Dex Ubers\n|rule|HP Percentage Mod: HP is shown in percentages\n|rule|Endless Battle Clause: Forcing endless battles is banned\n|rule|OHKO Clause: OHKO moves are banned\n|rule|Evasion Moves Clause: Evasion moves are banned\n|rule|Evasion Items Clause: Evasion items are banned\n|rule|Species Clause: Limit one of each Pok\u00e9mon\n|rule|Sleep Clause Mod: Limit one foe put to sleep\n|rule|Mega Rayquaza Clause: You cannot mega evolve Rayquaza\n|clearpoke\n|poke|p1|Gengar, F|\n|poke|p1|Lucario, M|\n|poke|p1|Dracovish|\n|poke|p1|Pikachu-World, M|\n|poke|p1|Sirfetch\u2019d, F|\n|poke|p1|Dragonite, M|\n|poke|p2|Incineroar, M|\n|poke|p2|Decidueye, F|\n|poke|p2|Lycanroc-Dusk, F|\n|poke|p2|Naganadel|\n|poke|p2|Melmetal|\n|poke|p2|Rotom-Heat|\n|teampreview\n|inactive|Battle timer is ON: inactive players will automatically lose when time's up. (requested by hanagakiUBD)\n|\n|t:|1698708813\n|start\n|switch|p1a: Pikachu|Pikachu-World, M|100\/100\n|switch|p2a: Incineroar|Incineroar, M|100\/100\n|-ability|p2a: Incineroar|Intimidate|boost\n|-unboost|p1a: Pikachu|atk|1\n|turn|1\n|\n|t:|1698708820\n|move|p1a: Pikachu|Fake Out|p2a: Incineroar\n|-crit|p2a: Incineroar\n|-damage|p2a: Incineroar|77\/100\n|cant|p2a: Incineroar|flinch\n|\n|-heal|p2a: Incineroar|83\/100|[from] item: Leftovers\n|upkeep\n|turn|2\n|\n|t:|1698708830\n|move|p1a: Pikachu|Nuzzle|p2a: Incineroar\n|-damage|p2a: Incineroar|74\/100\n|-status|p2a: Incineroar|par\n|move|p2a: Incineroar|Flare Blitz|p1a: Pikachu\n|-damage|p1a: Pikachu|0 fnt\n|faint|p1a: Pikachu\n|-damage|p2a: Incineroar|57\/100 par|[from] Recoil\n|\n|-heal|p2a: Incineroar|63\/100 par|[from] item: Leftovers\n|upkeep\n|\n|t:|1698708847\n|switch|p1a: Dragonite|Dragonite, M|100\/100\n|turn|3\n|\n|t:|1698708851\n|move|p1a: Dragonite|Dragon Dance|p1a: Dragonite\n|-boost|p1a: Dragonite|atk|1\n|-boost|p1a: Dragonite|spe|1\n|move|p2a: Incineroar|U-turn|p1a: Dragonite\n|-resisted|p1a: Dragonite\n|-damage|p1a: Dragonite|94\/100\n|\n|t:|1698708855\n|switch|p2a: Melmetal|Melmetal|100\/100|[from] U-turn\n|\n|-heal|p1a: Dragonite|99\/100|[from] item: Leftovers\n|upkeep\n|turn|4\n|c|\u2606hanagakiUBD|Vale tera o no?\n|c|\u2606hanagakiUBD|Antes de usar tera siniestro\n|c|\u2606hanagakiUBD|Xd\n|inactive|hanagakiUBD has 270 seconds left.\n|\n|t:|1698708887\n|move|p1a: Dragonite|Earthquake|p2a: Melmetal\n|-supereffective|p2a: Melmetal\n|-damage|p2a: Melmetal|48\/100\n|move|p2a: Melmetal|Thunder Wave|p1a: Dragonite|[miss]\n|-miss|p2a: Melmetal|p1a: Dragonite\n|\n|-heal|p1a: Dragonite|100\/100|[from] item: Leftovers\n|upkeep\n|turn|5\n|\n|t:|1698708896\n|move|p1a: Dragonite|Earthquake|p2a: Melmetal\n|-supereffective|p2a: Melmetal\n|-damage|p2a: Melmetal|0 fnt\n|faint|p2a: Melmetal\n|\n|upkeep\n|\n|t:|1698708900\n|switch|p2a: Incineroar|Incineroar, M|63\/100 par\n|-ability|p2a: Incineroar|Intimidate|boost\n|-unboost|p1a: Dragonite|atk|1\n|turn|6\n|\n|t:|1698708911\n|cant|p2a: Incineroar|par\n|move|p1a: Dragonite|Dragon Dance|p1a: Dragonite\n|-boost|p1a: Dragonite|atk|1\n|-boost|p1a: Dragonite|spe|1\n|\n|-heal|p2a: Incineroar|69\/100 par|[from] item: Leftovers\n|upkeep\n|turn|7\n|\n|t:|1698708925\n|move|p1a: Dragonite|Earthquake|p2a: Incineroar\n|-supereffective|p2a: Incineroar\n|-damage|p2a: Incineroar|0 fnt\n|faint|p2a: Incineroar\n|\n|upkeep\n|\n|t:|1698708934\n|switch|p2a: Rotom|Rotom-Heat|100\/100\n|turn|8\n|\n|t:|1698708940\n|move|p1a: Dragonite|Dragon Dance|p1a: Dragonite\n|-boost|p1a: Dragonite|atk|1\n|-boost|p1a: Dragonite|spe|1\n|move|p2a: Rotom|Volt Switch|p1a: Dragonite\n|-damage|p1a: Dragonite|87\/100\n|\n|t:|1698708944\n|switch|p2a: Decidueye|Decidueye, F|100\/100|[from] Volt Switch\n|\n|-heal|p1a: Dragonite|93\/100|[from] item: Leftovers\n|upkeep\n|turn|9\n|\n|t:|1698708946\n|move|p1a: Dragonite|Ice Spinner|p2a: Decidueye\n|-supereffective|p2a: Decidueye\n|-damage|p2a: Decidueye|0 fnt\n|-damage|p1a: Dragonite|76\/100|[from] item: Rocky Helmet|[of] p2a: Decidueye\n|faint|p2a: Decidueye\n|\n|-heal|p1a: Dragonite|83\/100|[from] item: Leftovers\n|upkeep\n|\n|t:|1698708950\n|switch|p2a: Rotom|Rotom-Heat|100\/100\n|turn|10\n|\n|t:|1698708955\n|move|p1a: Dragonite|Dragon Dance|p1a: Dragonite\n|-boost|p1a: Dragonite|atk|1\n|-boost|p1a: Dragonite|spe|1\n|move|p2a: Rotom|Shadow Ball|p1a: Dragonite\n|-damage|p1a: Dragonite|57\/100\n|\n|-heal|p1a: Dragonite|63\/100|[from] item: Leftovers\n|upkeep\n|turn|11\n|\n|t:|1698708961\n|move|p1a: Dragonite|Extreme Speed|p2a: Rotom\n|-damage|p2a: Rotom|12\/100\n|move|p2a: Rotom|Shadow Ball|p1a: Dragonite\n|-damage|p1a: Dragonite|41\/100\n|\n|-heal|p1a: Dragonite|47\/100|[from] item: Leftovers\n|upkeep\n|turn|12\n|\n|t:|1698708964\n|move|p1a: Dragonite|Extreme Speed|p2a: Rotom\n|-damage|p2a: Rotom|0 fnt\n|faint|p2a: Rotom\n|\n|-heal|p1a: Dragonite|53\/100|[from] item: Leftovers\n|upkeep\n|\n|t:|1698708968\n|switch|p2a: Lycanroc|Lycanroc-Dusk, F|100\/100\n|turn|13\n|\n|t:|1698708976\n|move|p2a: Lycanroc|Accelerock|p1a: Dragonite\n|-supereffective|p1a: Dragonite\n|-damage|p1a: Dragonite|0 fnt\n|faint|p1a: Dragonite\n|\n|upkeep\n|\n|t:|1698708985\n|switch|p1a: Dracovish|Dracovish|100\/100\n|turn|14\n|\n|t:|1698708989\n|move|p1a: Dracovish|Fishious Rend|p2a: Lycanroc\n|-supereffective|p2a: Lycanroc\n|-damage|p2a: Lycanroc|0 fnt\n|faint|p2a: Lycanroc\n|\n|upkeep\n|\n|t:|1698708992\n|switch|p2a: Naganadel|Naganadel|100\/100\n|turn|15\n|\n|t:|1698709007\n|move|p2a: Naganadel|Draco Meteor|p1a: Dracovish\n|-supereffective|p1a: Dracovish\n|-damage|p1a: Dracovish|0 fnt\n|-unboost|p2a: Naganadel|spa|2\n|faint|p1a: Dracovish\n|-ability|p2a: Naganadel|Beast Boost|boost\n|-boost|p2a: Naganadel|spe|1\n|\n|upkeep\n|\n|t:|1698709019\n|switch|p1a: Gengar|Gengar, F|100\/100\n|turn|16\n|\n|t:|1698709021\n|move|p2a: Naganadel|Draco Meteor|p1a: Gengar\n|-damage|p1a: Gengar|21\/100\n|-unboost|p2a: Naganadel|spa|2\n|-start|p2a: Naganadel|Disable|Draco Meteor|[from] ability: Cursed Body|[of] p1a: Gengar\n|move|p1a: Gengar|Destiny Bond|p1a: Gengar\n|-singlemove|p1a: Gengar|Destiny Bond\n|\n|upkeep\n|turn|17\n|\n|t:|1698709025\n|-activate|p2a: Naganadel|move: Struggle\n|move|p2a: Naganadel|Struggle|p1a: Gengar\n|-damage|p1a: Gengar|9\/100\n|-damage|p2a: Naganadel|75\/100|[from] recoil\n|move|p1a: Gengar|Shadow Ball|p2a: Naganadel\n|-damage|p2a: Naganadel|17\/100\n|\n|upkeep\n|turn|18\n|\n|t:|1698709036\n|-activate|p2a: Naganadel|move: Struggle\n|move|p2a: Naganadel|Struggle|p1a: Gengar\n|-damage|p1a: Gengar|0 fnt\n|faint|p1a: Gengar\n|-ability|p2a: Naganadel|Beast Boost|boost\n|-boost|p2a: Naganadel|spe|1\n|-damage|p2a: Naganadel|0 fnt|[from] recoil\n|faint|p2a: Naganadel\n|\n|win|hanagakiUBD\n","uploadtime":1698709045,"views":12,"p1id":"hanagakiubd","p2id":"dagarmilsombras","formatid":"gen9nationaldexubers","rating":0,"private":0,"password":""}