{"id":"gen9nationaldexubers-1999292264","p1":"Maybebetterthanu","p2":"Snorkle Porkle","format":"[Gen 9] National Dex Ubers","log":"|j|\u2606Maybebetterthanu\n|j|\u2606Snorkle Porkle\n|t:|1701055973\n|gametype|singles\n|player|p1|Maybebetterthanu|fantina|\n|player|p2|Snorkle Porkle|266|\n|teamsize|p1|6\n|teamsize|p2|6\n|gen|9\n|tier|[Gen 9] National Dex Ubers\n|rule|HP Percentage Mod: HP is shown in percentages\n|rule|Endless Battle Clause: Forcing endless battles is banned\n|rule|OHKO Clause: OHKO moves are banned\n|rule|Evasion Moves Clause: Evasion moves are banned\n|rule|Evasion Items Clause: Evasion items are banned\n|rule|Species Clause: Limit one of each Pok\u00e9mon\n|rule|Sleep Clause Mod: Limit one foe put to sleep\n|rule|Mega Rayquaza Clause: You cannot mega evolve Rayquaza\n|clearpoke\n|poke|p1|Alomomola, M|\n|poke|p1|Magnezone|\n|poke|p1|Gliscor, F|\n|poke|p1|Walking Wake|\n|poke|p1|Darmanitan, M|\n|poke|p1|Slowbro, F|\n|poke|p2|Talonflame, F|\n|poke|p2|Dondozo, M|\n|poke|p2|Metagross|\n|poke|p2|Weezing-Galar, F|\n|poke|p2|Garchomp, F|\n|poke|p2|Dragapult, M|\n|teampreview\n|\n|t:|1701056019\n|start\n|switch|p1a: Radiohead|Magnezone|100\/100\n|switch|p2a: Just a Dolphin|Garchomp, F, shiny|100\/100\n|-item|p1a: Radiohead|Air Balloon\n|turn|1\n|\n|t:|1701056038\n|detailschange|p2a: Just a Dolphin|Garchomp-Mega, F, shiny\n|-mega|p2a: Just a Dolphin|Garchomp|Garchompite\n|move|p2a: Just a Dolphin|Dragon Claw|p1a: Radiohead\n|-resisted|p1a: Radiohead\n|-damage|p1a: Radiohead|79\/100\n|-enditem|p1a: Radiohead|Air Balloon\n|move|p1a: Radiohead|Toxic|p2a: Just a Dolphin\n|-status|p2a: Just a Dolphin|tox\n|\n|-damage|p2a: Just a Dolphin|94\/100 tox|[from] psn\n|upkeep\n|turn|2\n|\n|t:|1701056052\n|switch|p1a: Guzzler|Gliscor, F|100\/100\n|move|p2a: Just a Dolphin|Earthquake|p1a: Guzzler\n|-immune|p1a: Guzzler\n|\n|-damage|p2a: Just a Dolphin|82\/100 tox|[from] psn\n|-status|p1a: Guzzler|tox|[from] item: Toxic Orb\n|upkeep\n|turn|3\n|\n|t:|1701056064\n|move|p1a: Guzzler|Substitute|p1a: Guzzler\n|-start|p1a: Guzzler|Substitute\n|-damage|p1a: Guzzler|76\/100 tox\n|move|p2a: Just a Dolphin|Whirlpool|p1a: Guzzler\n|-supereffective|p1a: Guzzler\n|-activate|p1a: Guzzler|move: Substitute|[damage]\n|\n|-heal|p1a: Guzzler|88\/100 tox|[from] ability: Poison Heal\n|-damage|p2a: Just a Dolphin|63\/100 tox|[from] psn\n|upkeep\n|turn|4\n|\n|t:|1701056079\n|switch|p2a: Danny Phantom|Dragapult, M|100\/100\n|move|p1a: Guzzler|Swords Dance|p1a: Guzzler\n|-boost|p1a: Guzzler|atk|2\n|\n|-heal|p1a: Guzzler|100\/100 tox|[from] ability: Poison Heal\n|upkeep\n|turn|5\n|\n|t:|1701056087\n|move|p2a: Danny Phantom|Scald|p1a: Guzzler\n|-supereffective|p1a: Guzzler\n|-crit|p1a: Guzzler\n|-damage|p1a: Guzzler|8\/100 tox\n|move|p1a: Guzzler|Knock Off|p2a: Danny Phantom\n|-supereffective|p2a: Danny Phantom\n|-damage|p2a: Danny Phantom|0 fnt\n|-enditem|p2a: Danny Phantom|Heavy-Duty Boots|[from] move: Knock Off|[of] p1a: Guzzler\n|faint|p2a: Danny Phantom\n|\n|-heal|p1a: Guzzler|21\/100 tox|[from] ability: Poison Heal\n|upkeep\n|\n|t:|1701056107\n|switch|p2a: Your Mom|Dondozo, M|100\/100\n|turn|6\n|\n|t:|1701056115\n|move|p1a: Guzzler|Knock Off|p2a: Your Mom\n|-damage|p2a: Your Mom|87\/100\n|-enditem|p2a: Your Mom|Leftovers|[from] move: Knock Off|[of] p1a: Guzzler\n|move|p2a: Your Mom|Liquidation|p1a: Guzzler\n|-supereffective|p1a: Guzzler\n|-end|p1a: Guzzler|Substitute\n|\n|-heal|p1a: Guzzler|33\/100 tox|[from] ability: Poison Heal\n|upkeep\n|turn|7\n|\n|t:|1701056145\n|switch|p1a: Kisses II|Alomomola, M|100\/100\n|move|p2a: Your Mom|Liquidation|p1a: Kisses II\n|-resisted|p1a: Kisses II\n|-damage|p1a: Kisses II|92\/100\n|\n|-heal|p1a: Kisses II|98\/100|[from] item: Leftovers\n|upkeep\n|turn|8\n|\n|t:|1701056181\n|move|p1a: Kisses II|Toxic|p2a: Your Mom\n|-status|p2a: Your Mom|tox\n|move|p2a: Your Mom|Liquidation|p1a: Kisses II\n|-resisted|p1a: Kisses II\n|-damage|p1a: Kisses II|88\/100\n|\n|-heal|p1a: Kisses II|94\/100|[from] item: Leftovers\n|-damage|p2a: Your Mom|81\/100 tox|[from] psn\n|upkeep\n|turn|9\n|\n|t:|1701056206\n|move|p1a: Kisses II|Wish|p1a: Kisses II\n|move|p2a: Your Mom|Liquidation|p1a: Kisses II\n|-resisted|p1a: Kisses II\n|-damage|p1a: Kisses II|85\/100\n|\n|-heal|p1a: Kisses II|91\/100|[from] item: Leftovers\n|-damage|p2a: Your Mom|69\/100 tox|[from] psn\n|upkeep\n|turn|10\n|\n|t:|1701056247\n|switch|p2a: Buried Treasure|Metagross, shiny|100\/100\n|move|p1a: Kisses II|Protect||[still]\n|-fail|p1a: Kisses II\n|\n|-heal|p1a: Kisses II|100\/100|[from] move: Wish|[wisher] Kisses II\n|upkeep\n|turn|11\n|\n|t:|1701056257\n|move|p2a: Buried Treasure|Meteor Mash|p1a: Kisses II\n|-resisted|p1a: Kisses II\n|-damage|p1a: Kisses II|88\/100\n|move|p1a: Kisses II|Wish|p1a: Kisses II\n|\n|-heal|p1a: Kisses II|94\/100|[from] item: Leftovers\n|upkeep\n|turn|12\n|\n|t:|1701056263\n|move|p2a: Buried Treasure|Meteor Mash|p1a: Kisses II\n|-resisted|p1a: Kisses II\n|-damage|p1a: Kisses II|81\/100\n|move|p1a: Kisses II|Flip Turn|p2a: Buried Treasure\n|-damage|p2a: Buried Treasure|91\/100\n|-damage|p1a: Kisses II|64\/100|[from] item: Rocky Helmet|[of] p2a: Buried Treasure\n|\n|t:|1701056270\n|switch|p1a: Guzzler|Gliscor, F|33\/100 tox|[from] Flip Turn\n|\n|-heal|p1a: Guzzler|100\/100 tox|[from] move: Wish|[wisher] Kisses II\n|upkeep\n|turn|13\n|\n|t:|1701056327\n|move|p1a: Guzzler|Knock Off|p2a: Buried Treasure\n|-supereffective|p2a: Buried Treasure\n|-damage|p2a: Buried Treasure|62\/100\n|-damage|p1a: Guzzler|84\/100 tox|[from] item: Rocky Helmet|[of] p2a: Buried Treasure\n|-enditem|p2a: Buried Treasure|Rocky Helmet|[from] move: Knock Off|[of] p1a: Guzzler\n|move|p2a: Buried Treasure|Ice Punch|p1a: Guzzler\n|-supereffective|p1a: Guzzler\n|-damage|p1a: Guzzler|19\/100 tox\n|\n|-heal|p1a: Guzzler|32\/100 tox|[from] ability: Poison Heal\n|upkeep\n|turn|14\n|\n|t:|1701056361\n|move|p1a: Guzzler|Earthquake|p2a: Buried Treasure\n|-supereffective|p2a: Buried Treasure\n|-damage|p2a: Buried Treasure|18\/100\n|move|p2a: Buried Treasure|Ice Punch|p1a: Guzzler\n|-supereffective|p1a: Guzzler\n|-damage|p1a: Guzzler|0 fnt\n|faint|p1a: Guzzler\n|\n|upkeep\n|\n|t:|1701056379\n|switch|p1a: Piston Cup|Slowbro, F, shiny|100\/100\n|turn|15\n|\n|t:|1701056391\n|move|p2a: Buried Treasure|Meteor Mash|p1a: Piston Cup\n|-resisted|p1a: Piston Cup\n|-damage|p1a: Piston Cup|86\/100\n|move|p1a: Piston Cup|Scald|p2a: Buried Treasure\n|-damage|p2a: Buried Treasure|0 fnt\n|faint|p2a: Buried Treasure\n|\n|upkeep\n|\n|t:|1701056425\n|switch|p2a: Mobile Factory|Weezing-Galar, F|100\/100\n|turn|16\n|\n|t:|1701056449\n|switch|p2a: Just a Dolphin|Garchomp-Mega, F, shiny|63\/100 tox\n|move|p1a: Piston Cup|Psyshock|p2a: Just a Dolphin\n|-damage|p2a: Just a Dolphin|42\/100 tox\n|\n|-damage|p2a: Just a Dolphin|36\/100 tox|[from] psn\n|upkeep\n|turn|17\n|\n|t:|1701056510\n|switch|p2a: Mobile Factory|Weezing-Galar, F|100\/100\n|detailschange|p1a: Piston Cup|Slowbro-Mega, F, shiny\n|-mega|p1a: Piston Cup|Slowbro|Slowbronite\n|move|p1a: Piston Cup|Ice Beam|p2a: Mobile Factory\n|-damage|p2a: Mobile Factory|66\/100\n|\n|-heal|p2a: Mobile Factory|72\/100|[from] item: Black Sludge\n|upkeep\n|turn|18\n|\n|t:|1701056520\n|move|p2a: Mobile Factory|Toxic|p1a: Piston Cup\n|-status|p1a: Piston Cup|tox\n|move|p1a: Piston Cup|Psyshock|p2a: Mobile Factory\n|-supereffective|p2a: Mobile Factory\n|-damage|p2a: Mobile Factory|27\/100\n|\n|-heal|p2a: Mobile Factory|33\/100|[from] item: Black Sludge\n|-damage|p1a: Piston Cup|80\/100 tox|[from] psn\n|upkeep\n|turn|19\n|\n|t:|1701056584\n|switch|p1a: Radiohead|Magnezone|79\/100\n|move|p2a: Mobile Factory|Pain Split|p1a: Radiohead\n|-sethp|p1a: Radiohead|55\/100|[from] move: Pain Split|[silent]\n|-sethp|p2a: Mobile Factory|57\/100|[from] move: Pain Split\n|\n|-heal|p2a: Mobile Factory|63\/100|[from] item: Black Sludge\n|upkeep\n|turn|20\n|\n|t:|1701056597\n|switch|p2a: Just a Dolphin|Garchomp-Mega, F, shiny|36\/100 tox\n|move|p1a: Radiohead|Flash Cannon|p2a: Just a Dolphin\n|-damage|p2a: Just a Dolphin|0 fnt\n|faint|p2a: Just a Dolphin\n|\n|upkeep\n|\n|t:|1701056604\n|switch|p2a: The Brave Bird|Talonflame, F|100\/100\n|turn|21\n|\n|t:|1701056652\n|switch|p1a: Kisses II|Alomomola, M|98\/100\n|move|p2a: The Brave Bird|Flamethrower|p1a: Kisses II\n|-resisted|p1a: Kisses II\n|-damage|p1a: Kisses II|87\/100\n|\n|-heal|p1a: Kisses II|93\/100|[from] item: Leftovers\n|upkeep\n|turn|22\n|\n|t:|1701056670\n|switch|p2a: Your Mom|Dondozo, M|69\/100 tox\n|move|p1a: Kisses II|Wish|p1a: Kisses II\n|\n|-heal|p1a: Kisses II|99\/100|[from] item: Leftovers\n|-damage|p2a: Your Mom|63\/100 tox|[from] psn\n|upkeep\n|turn|23\n|\n|t:|1701056678\n|move|p1a: Kisses II|Protect|p1a: Kisses II\n|-singleturn|p1a: Kisses II|Protect\n|move|p2a: Your Mom|Rest|p2a: Your Mom\n|-status|p2a: Your Mom|slp|[from] move: Rest\n|-heal|p2a: Your Mom|100\/100 slp|[silent]\n|\n|-heal|p1a: Kisses II|100\/100|[from] move: Wish|[wisher] Kisses II\n|upkeep\n|turn|24\n|\n|t:|1701056688\n|switch|p2a: Mobile Factory|Weezing-Galar, F|63\/100\n|move|p1a: Kisses II|Wish|p1a: Kisses II\n|\n|-heal|p2a: Mobile Factory|69\/100|[from] item: Black Sludge\n|upkeep\n|turn|25\n|\n|t:|1701056695\n|switch|p1a: Radiohead|Magnezone|55\/100\n|move|p2a: Mobile Factory|Defog|p1a: Radiohead\n|-unboost|p1a: Radiohead|evasion|1\n|\n|-heal|p1a: Radiohead|100\/100|[from] move: Wish|[wisher] Kisses II\n|-heal|p2a: Mobile Factory|75\/100|[from] item: Black Sludge\n|upkeep\n|turn|26\n|\n|t:|1701056717\n|move|p1a: Radiohead|Flash Cannon|p2a: Mobile Factory\n|-supereffective|p2a: Mobile Factory\n|-damage|p2a: Mobile Factory|0 fnt\n|faint|p2a: Mobile Factory\n|\n|upkeep\n|\n|t:|1701056722\n|switch|p2a: The Brave Bird|Talonflame, F|100\/100\n|turn|27\n|\n|t:|1701056736\n|switch|p1a: Kisses II|Alomomola, M|100\/100\n|move|p2a: The Brave Bird|Air Slash|p1a: Kisses II\n|-damage|p1a: Kisses II|82\/100\n|\n|-heal|p1a: Kisses II|88\/100|[from] item: Leftovers\n|upkeep\n|turn|28\n|\n|t:|1701056747\n|move|p2a: The Brave Bird|Air Slash|p1a: Kisses II\n|-damage|p1a: Kisses II|68\/100\n|cant|p1a: Kisses II|flinch\n|\n|-heal|p1a: Kisses II|74\/100|[from] item: Leftovers\n|upkeep\n|turn|29\n|\n|t:|1701056753\n|move|p2a: The Brave Bird|U-turn|p1a: Kisses II\n|-damage|p1a: Kisses II|66\/100\n|\n|t:|1701056757\n|switch|p2a: Your Mom|Dondozo, M|100\/100 slp|[from] U-turn\n|move|p1a: Kisses II|Flip Turn|p2a: Your Mom\n|-resisted|p2a: Your Mom\n|-damage|p2a: Your Mom|97\/100 slp\n|\n|t:|1701056762\n|switch|p1a: Radiohead|Magnezone|100\/100|[from] Flip Turn\n|\n|upkeep\n|turn|30\n|\n|t:|1701056769\n|move|p1a: Radiohead|Thunderbolt|p2a: Your Mom\n|-supereffective|p2a: Your Mom\n|-damage|p2a: Your Mom|6\/100 slp\n|cant|p2a: Your Mom|slp\n|move|p2a: Your Mom|Sleep Talk|p2a: Your Mom\n|move|p2a: Your Mom|Liquidation|p1a: Radiohead|[from]move: Sleep Talk\n|-damage|p1a: Radiohead|78\/100\n|\n|upkeep\n|turn|31\n|\n|t:|1701056778\n|move|p1a: Radiohead|Thunderbolt|p2a: Your Mom\n|-supereffective|p2a: Your Mom\n|-damage|p2a: Your Mom|0 fnt\n|faint|p2a: Your Mom\n|\n|upkeep\n|\n|t:|1701056783\n|switch|p2a: The Brave Bird|Talonflame, F|100\/100\n|turn|32\n|\n|t:|1701056791\n|switch|p1a: Kisses II|Alomomola, M|99\/100\n|move|p2a: The Brave Bird|Flamethrower|p1a: Kisses II\n|-resisted|p1a: Kisses II\n|-damage|p1a: Kisses II|88\/100\n|\n|-heal|p1a: Kisses II|94\/100|[from] item: Leftovers\n|upkeep\n|turn|33\n|\n|t:|1701056799\n|move|p2a: The Brave Bird|Air Slash|p1a: Kisses II\n|-damage|p1a: Kisses II|76\/100\n|cant|p1a: Kisses II|flinch\n|\n|-heal|p1a: Kisses II|82\/100|[from] item: Leftovers\n|upkeep\n|turn|34\n|\n|t:|1701056821\n|move|p2a: The Brave Bird|Air Slash|p1a: Kisses II\n|-damage|p1a: Kisses II|64\/100\n|cant|p1a: Kisses II|flinch\n|\n|-heal|p1a: Kisses II|70\/100|[from] item: Leftovers\n|upkeep\n|turn|35\n|c|\u2606Snorkle Porkle|win con\n|c|\u2606Snorkle Porkle|only 40 more in a row to go\n|\n|t:|1701056845\n|move|p2a: The Brave Bird|Air Slash|p1a: Kisses II\n|-damage|p1a: Kisses II|49\/100\n|move|p1a: Kisses II|Flip Turn|p2a: The Brave Bird\n|-supereffective|p2a: The Brave Bird\n|-damage|p2a: The Brave Bird|72\/100\n|-status|p1a: Kisses II|brn|[from] ability: Flame Body|[of] p2a: The Brave Bird\n|\n|t:|1701056851\n|switch|p1a: Gear Five|Darmanitan, M|100\/100|[from] Flip Turn\n|\n|upkeep\n|turn|36\n|\n|t:|1701056860\n|move|p1a: Gear Five|Rock Tomb|p2a: The Brave Bird\n|-supereffective|p2a: The Brave Bird\n|-damage|p2a: The Brave Bird|0 fnt\n|faint|p2a: The Brave Bird\n|\n|win|Maybebetterthanu\n|c|\u2606Maybebetterthanu|gg\n","uploadtime":1701056867,"views":21,"p1id":"maybebetterthanu","p2id":"snorkleporkle","formatid":"gen9nationaldexubers","rating":0,"private":0,"password":""}