{"id":"gen9nationaldexubers-1990141243","p1":"Razorgliscor472","p2":"Djujao","format":"[Gen 9] National Dex Ubers","log":"|j|\u2606Razorgliscor472\n|j|\u2606Djujao\n|t:|1699929034\n|gametype|singles\n|player|p1|Razorgliscor472|169|\n|player|p2|Djujao|pilot|\n|teamsize|p1|6\n|teamsize|p2|6\n|gen|9\n|tier|[Gen 9] National Dex Ubers\n|rule|HP Percentage Mod: HP is shown in percentages\n|rule|Endless Battle Clause: Forcing endless battles is banned\n|rule|OHKO Clause: OHKO moves are banned\n|rule|Evasion Moves Clause: Evasion moves are banned\n|rule|Evasion Items Clause: Evasion items are banned\n|rule|Species Clause: Limit one of each Pok\u00e9mon\n|rule|Sleep Clause Mod: Limit one foe put to sleep\n|rule|Mega Rayquaza Clause: You cannot mega evolve Rayquaza\n|clearpoke\n|poke|p1|Gastrodon, F|\n|poke|p1|Excadrill, M|\n|poke|p1|Garchomp, M|\n|poke|p1|Landorus, M|\n|poke|p1|Great Tusk|\n|poke|p1|Serperior, F|\n|poke|p2|Great Tusk|\n|poke|p2|Gholdengo|\n|poke|p2|Ribombee, F|\n|poke|p2|Rotom-Heat|\n|poke|p2|Ogerpon-Cornerstone, F|\n|poke|p2|Manaphy|\n|teampreview\n|c|\u2606Djujao|glhf!\n|c|\u2606Razorgliscor472|glhf\n|\n|t:|1699929049\n|start\n|switch|p1a: Excadrill|Excadrill, M|100\/100\n|switch|p2a: Manaphy|Manaphy|100\/100\n|-ability|p1a: Excadrill|Mold Breaker\n|turn|1\n|\n|t:|1699929065\n|move|p1a: Excadrill|Earthquake|p2a: Manaphy\n|-damage|p2a: Manaphy|47\/100\n|move|p2a: Manaphy|Take Heart|p2a: Manaphy\n|-boost|p2a: Manaphy|spa|1\n|-boost|p2a: Manaphy|spd|1\n|\n|-heal|p2a: Manaphy|53\/100|[from] item: Leftovers\n|upkeep\n|turn|2\n|\n|t:|1699929083\n|-terastallize|p2a: Manaphy|Grass\n|move|p1a: Excadrill|Earthquake|p2a: Manaphy\n|-resisted|p2a: Manaphy\n|-damage|p2a: Manaphy|24\/100\n|move|p2a: Manaphy|Scald|p1a: Excadrill\n|-supereffective|p1a: Excadrill\n|-damage|p1a: Excadrill|0 fnt\n|faint|p1a: Excadrill\n|\n|-heal|p2a: Manaphy|30\/100|[from] item: Leftovers\n|upkeep\n|\n|t:|1699929098\n|switch|p1a: Landorus|Landorus, M|100\/100\n|turn|3\n|\n|t:|1699929108\n|switch|p2a: Gholdengo|Gholdengo|100\/100\n|-item|p2a: Gholdengo|Air Balloon\n|move|p1a: Landorus|Sludge Wave|p2a: Gholdengo\n|-immune|p2a: Gholdengo\n|\n|upkeep\n|turn|4\n|\n|t:|1699929121\n|switch|p1a: Gastrodon|Gastrodon, F|100\/100\n|move|p2a: Gholdengo|Make It Rain|p1a: Gastrodon\n|-resisted|p1a: Gastrodon\n|-damage|p1a: Gastrodon|75\/100\n|-unboost|p2a: Gholdengo|spa|1\n|\n|-heal|p1a: Gastrodon|81\/100|[from] item: Leftovers\n|upkeep\n|turn|5\n|\n|t:|1699929134\n|switch|p2a: Manaphy|Manaphy, tera:Grass|30\/100\n|move|p1a: Gastrodon|Spikes|p2a: Manaphy\n|-sidestart|p2: Djujao|Spikes\n|\n|-heal|p2a: Manaphy|37\/100|[from] item: Leftovers\n|-heal|p1a: Gastrodon|87\/100|[from] item: Leftovers\n|upkeep\n|turn|6\n|\n|t:|1699929145\n|switch|p1a: Landorus|Landorus, M|100\/100\n|move|p2a: Manaphy|Energy Ball|p1a: Landorus\n|-damage|p1a: Landorus|46\/100\n|\n|-heal|p2a: Manaphy|43\/100|[from] item: Leftovers\n|upkeep\n|turn|7\n|\n|t:|1699929161\n|switch|p2a: Gholdengo|Gholdengo|100\/100\n|-item|p2a: Gholdengo|Air Balloon\n|-terastallize|p1a: Landorus|Flying\n|move|p1a: Landorus|Tera Blast|p2a: Gholdengo|[anim] Tera Blast Flying\n|-resisted|p2a: Gholdengo\n|-damage|p2a: Gholdengo|65\/100\n|-enditem|p2a: Gholdengo|Air Balloon\n|-damage|p1a: Landorus|36\/100|[from] item: Life Orb\n|\n|upkeep\n|turn|8\n|\n|t:|1699929177\n|move|p1a: Landorus|Earth Power|p2a: Gholdengo\n|-supereffective|p2a: Gholdengo\n|-damage|p2a: Gholdengo|0 fnt\n|faint|p2a: Gholdengo\n|\n|upkeep\n|\n|t:|1699929199\n|switch|p2a: Rotom|Rotom-Heat|100\/100\n|turn|9\n|\n|t:|1699929210\n|switch|p1a: Gastrodon|Gastrodon, F|87\/100\n|move|p2a: Rotom|Overheat|p1a: Gastrodon|[miss]\n|-miss|p2a: Rotom|p1a: Gastrodon\n|\n|-heal|p1a: Gastrodon|93\/100|[from] item: Leftovers\n|upkeep\n|turn|10\n|\n|t:|1699929223\n|switch|p2a: Manaphy|Manaphy, tera:Grass|43\/100\n|-damage|p2a: Manaphy|30\/100|[from] Spikes\n|move|p1a: Gastrodon|Toxic|p2a: Manaphy\n|-status|p2a: Manaphy|tox\n|\n|-heal|p2a: Manaphy|37\/100 tox|[from] item: Leftovers\n|-heal|p1a: Gastrodon|99\/100|[from] item: Leftovers\n|-damage|p2a: Manaphy|30\/100 tox|[from] psn\n|upkeep\n|turn|11\n|\n|t:|1699929233\n|switch|p1a: Serperior|Serperior, F|100\/100\n|move|p2a: Manaphy|Energy Ball|p1a: Serperior\n|-resisted|p1a: Serperior\n|-damage|p1a: Serperior|79\/100\n|-boost|p1a: Serperior|spd|1\n|\n|-heal|p1a: Serperior|85\/100|[from] item: Leftovers\n|-heal|p2a: Manaphy|37\/100 tox|[from] item: Leftovers\n|-damage|p2a: Manaphy|24\/100 tox|[from] psn\n|upkeep\n|turn|12\n|\n|t:|1699929255\n|move|p1a: Serperior|Leaf Storm|p2a: Manaphy\n|-resisted|p2a: Manaphy\n|-damage|p2a: Manaphy|2\/100 tox\n|-boost|p1a: Serperior|spa|2\n|move|p2a: Manaphy|Ice Beam|p1a: Serperior\n|-supereffective|p1a: Serperior\n|-damage|p1a: Serperior|44\/100\n|\n|-heal|p1a: Serperior|51\/100|[from] item: Leftovers\n|-heal|p2a: Manaphy|8\/100 tox|[from] item: Leftovers\n|-damage|p2a: Manaphy|0 fnt|[from] psn\n|faint|p2a: Manaphy\n|upkeep\n|\n|t:|1699929283\n|switch|p2a: Rotom|Rotom-Heat|100\/100\n|turn|13\n|\n|t:|1699929290\n|switch|p1a: Gastrodon|Gastrodon, F|99\/100\n|move|p2a: Rotom|Will-O-Wisp|p1a: Gastrodon\n|-status|p1a: Gastrodon|brn\n|\n|-heal|p1a: Gastrodon|100\/100 brn|[from] item: Leftovers\n|-damage|p1a: Gastrodon|94\/100 brn|[from] brn\n|upkeep\n|turn|14\n|\n|t:|1699929301\n|move|p2a: Rotom|Hex|p1a: Gastrodon\n|-damage|p1a: Gastrodon|64\/100 brn\n|move|p1a: Gastrodon|Spikes|p2a: Rotom\n|-sidestart|p2: Djujao|Spikes\n|\n|-heal|p1a: Gastrodon|70\/100 brn|[from] item: Leftovers\n|-damage|p1a: Gastrodon|64\/100 brn|[from] brn\n|upkeep\n|turn|15\n|\n|t:|1699929310\n|move|p2a: Rotom|Hex|p1a: Gastrodon\n|-damage|p1a: Gastrodon|30\/100 brn\n|move|p1a: Gastrodon|Spikes|p2a: Rotom\n|-sidestart|p2: Djujao|Spikes\n|\n|-heal|p1a: Gastrodon|36\/100 brn|[from] item: Leftovers\n|-damage|p1a: Gastrodon|30\/100 brn|[from] brn\n|upkeep\n|turn|16\n|\n|t:|1699929320\n|move|p2a: Rotom|Hex|p1a: Gastrodon\n|-damage|p1a: Gastrodon|0 fnt\n|faint|p1a: Gastrodon\n|\n|upkeep\n|\n|t:|1699929334\n|switch|p1a: Great Tusk|Great Tusk|100\/100\n|turn|17\n|\n|t:|1699929339\n|move|p1a: Great Tusk|Knock Off|p2a: Rotom\n|-damage|p2a: Rotom|75\/100\n|-enditem|p2a: Rotom|Heavy-Duty Boots|[from] move: Knock Off|[of] p1a: Great Tusk\n|move|p2a: Rotom|Will-O-Wisp|p1a: Great Tusk|[miss]\n|-miss|p2a: Rotom|p1a: Great Tusk\n|\n|upkeep\n|turn|18\n|\n|t:|1699929347\n|move|p1a: Great Tusk|Stealth Rock|p2a: Rotom\n|-sidestart|p2: Djujao|move: Stealth Rock\n|move|p2a: Rotom|Will-O-Wisp|p1a: Great Tusk|[miss]\n|-miss|p2a: Rotom|p1a: Great Tusk\n|\n|upkeep\n|turn|19\n|c|\u2606Razorgliscor472|im sorry\n|c|\u2606Djujao|all good\n|\n|t:|1699929366\n|-end|p1a: Great Tusk|Protosynthesis|[silent]\n|switch|p1a: Serperior|Serperior, F|51\/100\n|move|p2a: Rotom|Will-O-Wisp|p1a: Serperior\n|-status|p1a: Serperior|brn\n|\n|-heal|p1a: Serperior|57\/100 brn|[from] item: Leftovers\n|-damage|p1a: Serperior|51\/100 brn|[from] brn\n|upkeep\n|turn|20\n|\n|t:|1699929374\n|move|p1a: Serperior|Leaf Storm|p2a: Rotom|[miss]\n|-miss|p1a: Serperior|p2a: Rotom\n|move|p2a: Rotom|Overheat|p1a: Serperior\n|-supereffective|p1a: Serperior\n|-damage|p1a: Serperior|0 fnt\n|-unboost|p2a: Rotom|spa|2\n|faint|p1a: Serperior\n|\n|upkeep\n|\n|t:|1699929387\n|switch|p1a: Garchomp|Garchomp, M|100\/100\n|turn|21\n|\n|t:|1699929395\n|detailschange|p1a: Garchomp|Garchomp-Mega, M\n|-mega|p1a: Garchomp|Garchomp|Garchompite\n|move|p1a: Garchomp|Swords Dance|p1a: Garchomp\n|-boost|p1a: Garchomp|atk|2\n|move|p2a: Rotom|Will-O-Wisp|p1a: Garchomp\n|-status|p1a: Garchomp|brn\n|\n|-damage|p1a: Garchomp|94\/100 brn|[from] brn\n|upkeep\n|turn|22\n|\n|t:|1699929426\n|move|p1a: Garchomp|Scale Shot|p2a: Rotom\n|-damage|p2a: Rotom|59\/100\n|-damage|p2a: Rotom|44\/100\n|-hitcount|p2a: Rotom|2\n|-unboost|p1a: Garchomp|def|1\n|-boost|p1a: Garchomp|spe|1\n|move|p2a: Rotom|Hex|p1a: Garchomp\n|-damage|p1a: Garchomp|77\/100 brn\n|\n|-damage|p1a: Garchomp|71\/100 brn|[from] brn\n|upkeep\n|turn|23\n|\n|t:|1699929444\n|move|p1a: Garchomp|Swords Dance|p1a: Garchomp\n|-boost|p1a: Garchomp|atk|2\n|move|p2a: Rotom|Pain Split|p1a: Garchomp\n|-sethp|p1a: Garchomp|54\/100 brn|[from] move: Pain Split|[silent]\n|-sethp|p2a: Rotom|63\/100|[from] move: Pain Split\n|\n|-damage|p1a: Garchomp|48\/100 brn|[from] brn\n|upkeep\n|turn|24\n|\n|t:|1699929453\n|move|p1a: Garchomp|Scale Shot|p2a: Rotom\n|-damage|p2a: Rotom|41\/100\n|-damage|p2a: Rotom|19\/100\n|-damage|p2a: Rotom|0 fnt\n|faint|p2a: Rotom\n|-hitcount|p2: Rotom|3\n|-unboost|p1a: Garchomp|def|1\n|-boost|p1a: Garchomp|spe|1\n|\n|-damage|p1a: Garchomp|41\/100 brn|[from] brn\n|upkeep\n|\n|t:|1699929467\n|switch|p2a: Great Tusk|Great Tusk|100\/100\n|-damage|p2a: Great Tusk|76\/100|[from] Spikes\n|-damage|p2a: Great Tusk|73\/100|[from] Stealth Rock\n|-enditem|p2a: Great Tusk|Booster Energy\n|-activate|p2a: Great Tusk|ability: Protosynthesis|[fromitem]\n|-start|p2a: Great Tusk|protosynthesisatk\n|turn|25\n|\n|t:|1699929475\n|move|p1a: Garchomp|Earthquake|p2a: Great Tusk\n|-damage|p2a: Great Tusk|3\/100\n|move|p2a: Great Tusk|Rapid Spin|p1a: Garchomp\n|-damage|p1a: Garchomp|5\/100 brn\n|-boost|p2a: Great Tusk|spe|1\n|-sideend|p2: Djujao|Spikes|[from] move: Rapid Spin|[of] p2a: Great Tusk\n|-sideend|p2: Djujao|Stealth Rock|[from] move: Rapid Spin|[of] p2a: Great Tusk\n|\n|-damage|p1a: Garchomp|0 fnt|[from] brn\n|faint|p1a: Garchomp\n|upkeep\n|\n|t:|1699929484\n|switch|p1a: Great Tusk|Great Tusk|100\/100\n|turn|26\n|c|\u2606Djujao|strong ass rapid spin\n|\n|t:|1699929492\n|move|p2a: Great Tusk|Ice Spinner|p1a: Great Tusk\n|-supereffective|p1a: Great Tusk\n|-damage|p1a: Great Tusk|63\/100\n|move|p1a: Great Tusk|Rapid Spin|p2a: Great Tusk\n|-damage|p2a: Great Tusk|0 fnt\n|-boost|p1a: Great Tusk|spe|1\n|faint|p2a: Great Tusk\n|-end|p2a: Great Tusk|Protosynthesis|[silent]\n|\n|-heal|p1a: Great Tusk|69\/100|[from] item: Leftovers\n|upkeep\n|\n|t:|1699929502\n|switch|p2a: Ogerpon|Ogerpon-Cornerstone, F|100\/100\n|turn|27\n|\n|t:|1699929507\n|move|p1a: Great Tusk|Earthquake|p2a: Ogerpon\n|-damage|p2a: Ogerpon|41\/100\n|move|p2a: Ogerpon|Trailblaze|p1a: Great Tusk\n|-supereffective|p1a: Great Tusk\n|-damage|p1a: Great Tusk|38\/100\n|-boost|p2a: Ogerpon|spe|1\n|\n|-heal|p1a: Great Tusk|45\/100|[from] item: Leftovers\n|upkeep\n|turn|28\n|\n|t:|1699929515\n|move|p2a: Ogerpon|Horn Leech|p1a: Great Tusk\n|-supereffective|p1a: Great Tusk\n|-damage|p1a: Great Tusk|0 fnt\n|-heal|p2a: Ogerpon|73\/100|[from] drain|[of] p1a: Great Tusk\n|faint|p1a: Great Tusk\n|-end|p1a: Great Tusk|Protosynthesis|[silent]\n|\n|upkeep\n|c|\u2606Razorgliscor472|gg\n|c|\u2606Djujao|gg\n|\n|t:|1699929521\n|switch|p1a: Landorus|Landorus, M, tera:Flying|36\/100\n|turn|29\n|\n|t:|1699929524\n|move|p2a: Ogerpon|Ivy Cudgel|p1a: Landorus\n|-supereffective|p1a: Landorus\n|-crit|p1a: Landorus\n|-damage|p1a: Landorus|0 fnt\n|faint|p1a: Landorus\n|\n|win|Djujao\n","uploadtime":1699929537,"views":9,"p1id":"razorgliscor472","p2id":"djujao","formatid":"gen9nationaldexubers","rating":0,"private":0,"password":""}