{"id":"gen9nationaldexubers-1986043104","p1":"MommyMikuNakano","p2":"topszy","format":"[Gen 9] National Dex Ubers","log":"|j|\u2606MommyMikuNakano\n|j|\u2606topszy\n|t:|1699442989\n|gametype|singles\n|player|p1|MommyMikuNakano|erika-gen1|1796\n|player|p2|topszy|2|1725\n|teamsize|p1|6\n|teamsize|p2|6\n|gen|9\n|tier|[Gen 9] National Dex Ubers\n|rated|\n|rule|HP Percentage Mod: HP is shown in percentages\n|rule|Endless Battle Clause: Forcing endless battles is banned\n|rule|OHKO Clause: OHKO moves are banned\n|rule|Evasion Moves Clause: Evasion moves are banned\n|rule|Evasion Items Clause: Evasion items are banned\n|rule|Species Clause: Limit one of each Pok\u00e9mon\n|rule|Sleep Clause Mod: Limit one foe put to sleep\n|rule|Mega Rayquaza Clause: You cannot mega evolve Rayquaza\n|clearpoke\n|poke|p1|Zygarde|\n|poke|p1|Magearna|\n|poke|p1|Ditto|\n|poke|p1|Rayquaza|\n|poke|p1|Arceus-Water|\n|poke|p1|Necrozma-Dusk-Mane|\n|poke|p2|Yveltal|\n|poke|p2|Groudon|\n|poke|p2|Marshadow|\n|poke|p2|Ho-Oh|\n|poke|p2|Xerneas-*|\n|poke|p2|Zygarde|\n|teampreview\n|inactive|Battle timer is ON: inactive players will automatically lose when time's up. (requested by MommyMikuNakano)\n|\n|t:|1699442996\n|start\n|switch|p1a: Rayquaza|Rayquaza|100\/100\n|switch|p2a: Yveltal|Yveltal|100\/100\n|-ability|p2a: Yveltal|Dark Aura\n|-ability|p1a: Rayquaza|Air Lock\n|turn|1\n|\n|t:|1699443003\n|switch|p1a: Magearna|Magearna|100\/100\n|move|p2a: Yveltal|Dark Pulse|p1a: Magearna\n|-resisted|p1a: Magearna\n|-damage|p1a: Magearna|77\/100\n|\n|upkeep\n|turn|2\n|\n|t:|1699443011\n|switch|p2a: Groudon|Groudon|100\/100\n|detailschange|p2a: Groudon|Groudon-Primal\n|-primal|p2a: Groudon|Red Orb\n|-weather|DesolateLand|[from] ability: Desolate Land|[of] p2a: Groudon\n|move|p1a: Magearna|Fleur Cannon|p2a: Groudon\n|-resisted|p2a: Groudon\n|-damage|p2a: Groudon|74\/100\n|-unboost|p1a: Magearna|spa|2\n|\n|-weather|DesolateLand|[upkeep]\n|upkeep\n|turn|3\n|\n|t:|1699443016\n|switch|p1a: Zygarde|Zygarde, shiny|100\/100\n|move|p2a: Groudon|Precipice Blades|p1a: Zygarde\n|-damage|p1a: Zygarde|35\/100\n|\n|-weather|DesolateLand|[upkeep]\n|-heal|p1a: Zygarde|41\/100|[from] item: Leftovers\n|-activate|p1a: Zygarde|ability: Power Construct\n|detailschange|p1a: Zygarde|Zygarde-Complete, shiny\n|-heal|p1a: Zygarde|64\/100|[silent]\n|upkeep\n|turn|4\n|\n|t:|1699443024\n|-weather|none\n|switch|p2a: Zygarde|Zygarde|100\/100\n|move|p1a: Zygarde|Thousand Arrows|p2a: Zygarde\n|-damage|p2a: Zygarde|80\/100\n|\n|-heal|p1a: Zygarde|70\/100|[from] item: Leftovers\n|-heal|p2a: Zygarde|86\/100|[from] item: Leftovers\n|upkeep\n|turn|5\n|\n|t:|1699443029\n|move|p1a: Zygarde|Substitute|p1a: Zygarde\n|-start|p1a: Zygarde|Substitute\n|-damage|p1a: Zygarde|45\/100\n|move|p2a: Zygarde|Glare||[still]\n|-fail|p2a: Zygarde\n|\n|-heal|p1a: Zygarde|51\/100|[from] item: Leftovers\n|-heal|p2a: Zygarde|92\/100|[from] item: Leftovers\n|upkeep\n|turn|6\n|\n|t:|1699443034\n|move|p1a: Zygarde|Thousand Arrows|p2a: Zygarde\n|-damage|p2a: Zygarde|71\/100\n|move|p2a: Zygarde|Coil|p2a: Zygarde\n|-boost|p2a: Zygarde|atk|1\n|-boost|p2a: Zygarde|def|1\n|-boost|p2a: Zygarde|accuracy|1\n|\n|-heal|p1a: Zygarde|57\/100|[from] item: Leftovers\n|-heal|p2a: Zygarde|77\/100|[from] item: Leftovers\n|upkeep\n|turn|7\n|\n|t:|1699443042\n|move|p1a: Zygarde|Thousand Arrows|p2a: Zygarde\n|-damage|p2a: Zygarde|64\/100\n|move|p2a: Zygarde|Thousand Arrows|p1a: Zygarde\n|-activate|p1a: Zygarde|move: Substitute|[damage]\n|\n|-heal|p1a: Zygarde|63\/100|[from] item: Leftovers\n|-heal|p2a: Zygarde|70\/100|[from] item: Leftovers\n|upkeep\n|turn|8\n|\n|t:|1699443051\n|switch|p1a: Necrozma|Necrozma-Dusk-Mane|100\/100\n|move|p2a: Zygarde|Thousand Arrows|p1a: Necrozma\n|-supereffective|p1a: Necrozma\n|-damage|p1a: Necrozma|38\/100\n|\n|-heal|p2a: Zygarde|76\/100|[from] item: Leftovers\n|upkeep\n|turn|9\n|\n|t:|1699443058\n|switch|p2a: Ho-Oh|Ho-Oh|100\/100\n|detailschange|p1a: Necrozma|Necrozma-Ultra\n|-burst|p1a: Necrozma|Necrozma|Ultranecrozium Z\n|move|p1a: Necrozma|Dragon Pulse|p2a: Ho-Oh\n|-damage|p2a: Ho-Oh|76\/100\n|\n|upkeep\n|turn|10\n|\n|t:|1699443067\n|move|p1a: Necrozma|Stealth Rock|p2a: Ho-Oh\n|-sidestart|p2: topszy|move: Stealth Rock\n|move|p2a: Ho-Oh|Sacred Fire|p1a: Necrozma\n|-resisted|p1a: Necrozma\n|-damage|p1a: Necrozma|13\/100\n|\n|upkeep\n|turn|11\n|\n|t:|1699443072\n|move|p1a: Necrozma|Photon Geyser|p2a: Ho-Oh\n|-damage|p2a: Ho-Oh|49\/100\n|move|p2a: Ho-Oh|Sacred Fire|p1a: Necrozma\n|-resisted|p1a: Necrozma\n|-damage|p1a: Necrozma|0 fnt\n|faint|p1a: Necrozma\n|\n|upkeep\n|\n|t:|1699443078\n|switch|p1a: Arceus|Arceus-Water|100\/100\n|turn|12\n|\n|t:|1699443082\n|switch|p2a: Groudon|Groudon-Primal|74\/100\n|-damage|p2a: Groudon|62\/100|[from] Stealth Rock\n|-weather|DesolateLand|[from] ability: Desolate Land|[of] p2a: Groudon\n|move|p1a: Arceus|Taunt|p2a: Groudon\n|-start|p2a: Groudon|move: Taunt\n|\n|-weather|DesolateLand|[upkeep]\n|upkeep\n|turn|13\n|\n|t:|1699443085\n|move|p1a: Arceus|Toxic|p2a: Groudon\n|-status|p2a: Groudon|tox\n|move|p2a: Groudon|Precipice Blades|p1a: Arceus\n|-damage|p1a: Arceus|38\/100\n|\n|-weather|DesolateLand|[upkeep]\n|-damage|p2a: Groudon|56\/100 tox|[from] psn\n|upkeep\n|turn|14\n|\n|t:|1699443089\n|move|p1a: Arceus|Recover|p1a: Arceus\n|-heal|p1a: Arceus|88\/100\n|move|p2a: Groudon|Precipice Blades|p1a: Arceus\n|-damage|p1a: Arceus|31\/100\n|\n|-weather|DesolateLand|[upkeep]\n|-damage|p2a: Groudon|44\/100 tox|[from] psn\n|-end|p2a: Groudon|move: Taunt\n|upkeep\n|turn|15\n|\n|t:|1699443096\n|move|p1a: Arceus|Recover|p1a: Arceus\n|-heal|p1a: Arceus|81\/100\n|move|p2a: Groudon|Precipice Blades|p1a: Arceus\n|-damage|p1a: Arceus|26\/100\n|\n|-weather|DesolateLand|[upkeep]\n|-damage|p2a: Groudon|25\/100 tox|[from] psn\n|upkeep\n|turn|16\n|\n|t:|1699443103\n|move|p1a: Arceus|Recover|p1a: Arceus\n|-heal|p1a: Arceus|76\/100\n|move|p2a: Groudon|Precipice Blades|p1a: Arceus\n|-damage|p1a: Arceus|15\/100\n|\n|-weather|DesolateLand|[upkeep]\n|-damage|p2a: Groudon|1\/100 tox|[from] psn\n|upkeep\n|turn|17\n|\n|t:|1699443110\n|switch|p1a: Rayquaza|Rayquaza|100\/100\n|-ability|p1a: Rayquaza|Air Lock\n|move|p2a: Groudon|Precipice Blades|p1a: Rayquaza\n|-immune|p1a: Rayquaza\n|\n|-weather|DesolateLand|[upkeep]\n|-damage|p2a: Groudon|0 fnt|[from] psn\n|faint|p2a: Groudon\n|-weather|none\n|upkeep\n|\n|t:|1699443128\n|switch|p2a: Xerneas|Xerneas|100\/100\n|-damage|p2a: Xerneas|88\/100|[from] Stealth Rock\n|-ability|p2a: Xerneas|Fairy Aura\n|turn|18\n|\n|t:|1699443134\n|move|p1a: Rayquaza|Dragon Dance|p1a: Rayquaza\n|-boost|p1a: Rayquaza|atk|1\n|-boost|p1a: Rayquaza|spe|1\n|move|p2a: Xerneas|Moonblast|p1a: Rayquaza\n|-supereffective|p1a: Rayquaza\n|-enditem|p1a: Rayquaza|Focus Sash\n|-damage|p1a: Rayquaza|1\/100\n|\n|upkeep\n|turn|19\n|\n|t:|1699443140\n|move|p1a: Rayquaza|Dragon Ascent|p2a: Xerneas\n|-damage|p2a: Xerneas|6\/100\n|-unboost|p1a: Rayquaza|def|1\n|-unboost|p1a: Rayquaza|spd|1\n|move|p2a: Xerneas|Moonblast|p1a: Rayquaza\n|-supereffective|p1a: Rayquaza\n|-damage|p1a: Rayquaza|0 fnt\n|faint|p1a: Rayquaza\n|\n|upkeep\n|\n|t:|1699443148\n|switch|p1a: Arceus|Arceus-Water|15\/100\n|turn|20\n|\n|t:|1699443152\n|move|p1a: Arceus|Judgment|p2a: Xerneas\n|-damage|p2a: Xerneas|0 fnt\n|faint|p2a: Xerneas\n|\n|upkeep\n|\n|t:|1699443157\n|switch|p2a: Yveltal|Yveltal|100\/100\n|-damage|p2a: Yveltal|76\/100|[from] Stealth Rock\n|-ability|p2a: Yveltal|Dark Aura\n|turn|21\n|\n|t:|1699443164\n|switch|p1a: Magearna|Magearna|77\/100\n|-terastallize|p2a: Yveltal|Dark\n|move|p2a: Yveltal|Dark Pulse|p1a: Magearna\n|-resisted|p1a: Magearna\n|-damage|p1a: Magearna|42\/100\n|\n|upkeep\n|turn|22\n|\n|t:|1699443170\n|switch|p2a: Ho-Oh|Ho-Oh|83\/100\n|move|p1a: Magearna|Fleur Cannon|p2a: Ho-Oh\n|-resisted|p2a: Ho-Oh\n|-damage|p2a: Ho-Oh|70\/100\n|-unboost|p1a: Magearna|spa|2\n|\n|upkeep\n|turn|23\n|\n|t:|1699443177\n|move|p2a: Ho-Oh|Toxic|p1a: Magearna\n|-immune|p1a: Magearna\n|move|p1a: Magearna|Pain Split|p2a: Ho-Oh\n|-sethp|p2a: Ho-Oh|53\/100|[from] move: Pain Split|[silent]\n|-sethp|p1a: Magearna|61\/100|[from] move: Pain Split\n|\n|upkeep\n|turn|24\n|\n|t:|1699443180\n|switch|p1a: Arceus|Arceus-Water|15\/100\n|move|p2a: Ho-Oh|Sacred Fire|p1a: Arceus\n|-resisted|p1a: Arceus\n|-damage|p1a: Arceus|0 fnt\n|faint|p1a: Arceus\n|\n|upkeep\n|\n|t:|1699443185\n|switch|p1a: Zygarde|Zygarde-Complete, shiny|63\/100\n|turn|25\n|\n|t:|1699443190\n|switch|p2a: Zygarde|Zygarde|76\/100\n|-damage|p2a: Zygarde|70\/100|[from] Stealth Rock\n|move|p1a: Zygarde|Substitute|p1a: Zygarde\n|-start|p1a: Zygarde|Substitute\n|-damage|p1a: Zygarde|38\/100\n|\n|-heal|p1a: Zygarde|44\/100|[from] item: Leftovers\n|-heal|p2a: Zygarde|76\/100|[from] item: Leftovers\n|upkeep\n|turn|26\n|\n|t:|1699443195\n|switch|p1a: Magearna|Magearna|61\/100\n|move|p2a: Zygarde|Coil|p2a: Zygarde\n|-boost|p2a: Zygarde|atk|1\n|-boost|p2a: Zygarde|def|1\n|-boost|p2a: Zygarde|accuracy|1\n|\n|-heal|p2a: Zygarde|82\/100|[from] item: Leftovers\n|upkeep\n|turn|27\n|\n|t:|1699443199\n|switch|p2a: Ho-Oh|Ho-Oh|87\/100\n|move|p1a: Magearna|Fleur Cannon|p2a: Ho-Oh\n|-resisted|p2a: Ho-Oh\n|-damage|p2a: Ho-Oh|74\/100\n|-unboost|p1a: Magearna|spa|2\n|\n|upkeep\n|turn|28\n|\n|t:|1699443205\n|switch|p1a: Ditto|Ditto, shiny|100\/100\n|-transform|p1a: Ditto|p2a: Ho-Oh|[from] ability: Imposter\n|move|p2a: Ho-Oh|Sacred Fire|p1a: Ditto\n|-resisted|p1a: Ditto\n|-damage|p1a: Ditto|74\/100\n|\n|upkeep\n|turn|29\n|\n|t:|1699443218\n|switch|p2a: Zygarde|Zygarde|82\/100\n|-damage|p2a: Zygarde|76\/100|[from] Stealth Rock\n|move|p1a: Ditto|Toxic|p2a: Zygarde\n|-status|p2a: Zygarde|tox\n|\n|-heal|p2a: Zygarde|82\/100 tox|[from] item: Leftovers\n|-damage|p2a: Zygarde|76\/100 tox|[from] psn\n|upkeep\n|turn|30\n|\n|t:|1699443226\n|switch|p1a: Zygarde|Zygarde-Complete, shiny|44\/100\n|move|p2a: Zygarde|Glare|p1a: Zygarde\n|-status|p1a: Zygarde|par\n|\n|-heal|p2a: Zygarde|82\/100 tox|[from] item: Leftovers\n|-heal|p1a: Zygarde|50\/100 par|[from] item: Leftovers\n|-damage|p2a: Zygarde|70\/100 tox|[from] psn\n|upkeep\n|turn|31\n|\n|t:|1699443229\n|switch|p1a: Magearna|Magearna|61\/100\n|move|p2a: Zygarde|Coil|p2a: Zygarde\n|-boost|p2a: Zygarde|atk|1\n|-boost|p2a: Zygarde|def|1\n|-boost|p2a: Zygarde|accuracy|1\n|\n|-heal|p2a: Zygarde|76\/100 tox|[from] item: Leftovers\n|-damage|p2a: Zygarde|58\/100 tox|[from] psn\n|upkeep\n|turn|32\n|\n|t:|1699443233\n|switch|p2a: Ho-Oh|Ho-Oh|100\/100\n|move|p1a: Magearna|Heal Bell|p1a: Magearna\n|-activate|p1a: Magearna|move: Heal Bell\n|-curestatus|p1: Zygarde|par|[msg]\n|\n|upkeep\n|turn|33\n|\n|t:|1699443237\n|switch|p1a: Ditto|Ditto, shiny|100\/100\n|-transform|p1a: Ditto|p2a: Ho-Oh|[from] ability: Imposter\n|move|p2a: Ho-Oh|Sacred Fire|p1a: Ditto\n|-resisted|p1a: Ditto\n|-damage|p1a: Ditto|74\/100\n|\n|upkeep\n|turn|34\n|\n|t:|1699443243\n|switch|p2a: Zygarde|Zygarde|58\/100 tox\n|-damage|p2a: Zygarde|51\/100 tox|[from] Stealth Rock\n|move|p1a: Ditto|Whirlwind|p2a: Zygarde\n|drag|p2a: Ho-Oh|Ho-Oh|100\/100\n|\n|upkeep\n|turn|35\n|\n|t:|1699443248\n|switch|p1a: Magearna|Magearna|61\/100\n|move|p2a: Ho-Oh|Toxic|p1a: Magearna\n|-immune|p1a: Magearna\n|\n|upkeep\n|turn|36\n|\n|t:|1699443251\n|switch|p1a: Ditto|Ditto, shiny|100\/100\n|-transform|p1a: Ditto|p2a: Ho-Oh|[from] ability: Imposter\n|move|p2a: Ho-Oh|Sacred Fire|p1a: Ditto\n|-resisted|p1a: Ditto\n|-damage|p1a: Ditto|74\/100\n|\n|upkeep\n|turn|37\n|\n|t:|1699443258\n|switch|p2a: Zygarde|Zygarde|51\/100 tox\n|-damage|p2a: Zygarde|45\/100 tox|[from] Stealth Rock\n|move|p1a: Ditto|Whirlwind|p2a: Zygarde\n|drag|p2a: Ho-Oh|Ho-Oh|100\/100\n|\n|upkeep\n|turn|38\n|\n|t:|1699443263\n|move|p2a: Ho-Oh|Sacred Fire|p1a: Ditto\n|-resisted|p1a: Ditto\n|-damage|p1a: Ditto|47\/100\n|move|p1a: Ditto|Whirlwind|p2a: Ho-Oh\n|drag|p2a: Marshadow|Marshadow|100\/100\n|-damage|p2a: Marshadow|94\/100|[from] Stealth Rock\n|\n|upkeep\n|turn|39\n|\n|t:|1699443268\n|switch|p1a: Magearna|Magearna|61\/100\n|move|p2a: Marshadow|Spectral Thief|p1a: Magearna\n|-damage|p1a: Magearna|18\/100\n|\n|upkeep\n|turn|40\n|\n|t:|1699443271\n|move|p2a: Marshadow|Spectral Thief|p1a: Magearna\n|-damage|p1a: Magearna|0 fnt\n|faint|p1a: Magearna\n|\n|upkeep\n|\n|t:|1699443274\n|switch|p1a: Ditto|Ditto, shiny|80\/100\n|-transform|p1a: Ditto|p2a: Marshadow|[from] ability: Imposter\n|turn|41\n|\n|t:|1699443289\n|switch|p2a: Ho-Oh|Ho-Oh|100\/100\n|move|p1a: Ditto|Shadow Sneak|p2a: Ho-Oh\n|-damage|p2a: Ho-Oh|68\/100\n|\n|upkeep\n|turn|42\n|\n|t:|1699443294\n|move|p1a: Ditto|Shadow Sneak|p2a: Ho-Oh\n|-damage|p2a: Ho-Oh|40\/100\n|move|p2a: Ho-Oh|Toxic|p1a: Ditto|[miss]\n|-miss|p2a: Ho-Oh|p1a: Ditto\n|\n|upkeep\n|turn|43\n|\n|t:|1699443298\n|move|p1a: Ditto|Shadow Sneak|p2a: Ho-Oh\n|-damage|p2a: Ho-Oh|8\/100\n|move|p2a: Ho-Oh|Sacred Fire|p1a: Ditto\n|-damage|p1a: Ditto|21\/100\n|\n|upkeep\n|turn|44\n|\n|t:|1699443305\n|switch|p2a: Yveltal|Yveltal, tera:Dark|76\/100\n|-damage|p2a: Yveltal|63\/100|[from] Stealth Rock\n|-ability|p2a: Yveltal|Dark Aura\n|move|p1a: Ditto|Shadow Sneak|p2a: Yveltal\n|-resisted|p2a: Yveltal\n|-damage|p2a: Yveltal|48\/100\n|\n|upkeep\n|turn|45\n|\n|t:|1699443310\n|move|p1a: Ditto|Shadow Sneak|p2a: Yveltal\n|-resisted|p2a: Yveltal\n|-damage|p2a: Yveltal|33\/100\n|move|p2a: Yveltal|Oblivion Wing|p1a: Ditto\n|-supereffective|p1a: Ditto\n|-damage|p1a: Ditto|0 fnt\n|-heal|p2a: Yveltal|45\/100|[from] drain|[of] p1a: Ditto\n|faint|p1a: Ditto\n|\n|upkeep\n|\n|t:|1699443315\n|switch|p1a: Zygarde|Zygarde-Complete, shiny|50\/100\n|turn|46\n|\n|t:|1699443319\n|move|p2a: Yveltal|Oblivion Wing|p1a: Zygarde\n|-damage|p1a: Zygarde|13\/100\n|-heal|p2a: Yveltal|85\/100|[from] drain|[of] p1a: Zygarde\n|move|p1a: Zygarde|Dragon Dance|p1a: Zygarde\n|-boost|p1a: Zygarde|atk|1\n|-boost|p1a: Zygarde|spe|1\n|\n|-heal|p1a: Zygarde|19\/100|[from] item: Leftovers\n|upkeep\n|turn|47\n|\n|t:|1699443328\n|move|p1a: Zygarde|Thousand Arrows|p2a: Yveltal\n|-damage|p2a: Yveltal|30\/100\n|move|p2a: Yveltal|Oblivion Wing|p1a: Zygarde\n|-damage|p1a: Zygarde|0 fnt\n|-heal|p2a: Yveltal|50\/100|[from] drain|[of] p1a: Zygarde\n|faint|p1a: Zygarde\n|\n|win|topszy\n|raw|MommyMikuNakano's rating: 1796 &rarr; <strong>1772<\/strong><br \/>(-24 for losing)\n|raw|topszy's rating: 1725 &rarr; <strong>1749<\/strong><br \/>(+24 for winning)\n|l|\u2606MommyMikuNakano\n|l|\u2606topszy\n","uploadtime":1699443342,"views":11,"p1id":"mommymikunakano","p2id":"topszy","formatid":"gen9nationaldexubers","rating":1749,"private":0,"password":""}