{"id":"gen9nationaldexubers-1995842680","p1":"Reivya","p2":"aquiles meo","format":"[Gen 9] National Dex Ubers","log":"|j|\u2606Reivya\n|j|\u2606aquiles meo\n|t:|1700608689\n|gametype|singles\n|player|p1|Reivya|psychicf|\n|player|p2|aquiles meo|ethan|\n|teamsize|p1|6\n|teamsize|p2|6\n|gen|9\n|tier|[Gen 9] National Dex Ubers\n|rule|HP Percentage Mod: HP is shown in percentages\n|rule|Endless Battle Clause: Forcing endless battles is banned\n|rule|OHKO Clause: OHKO moves are banned\n|rule|Evasion Moves Clause: Evasion moves are banned\n|rule|Evasion Items Clause: Evasion items are banned\n|rule|Species Clause: Limit one of each Pok\u00e9mon\n|rule|Sleep Clause Mod: Limit one foe put to sleep\n|rule|Mega Rayquaza Clause: You cannot mega evolve Rayquaza\n|clearpoke\n|poke|p1|Mew|\n|poke|p1|Hatterene, F|\n|poke|p1|Golem-Alola, F|\n|poke|p1|Blacephalon|\n|poke|p1|Weezing-Galar, F|\n|poke|p1|Gigalith, M|\n|poke|p2|Jirachi|\n|poke|p2|Ho-Oh|\n|poke|p2|Rayquaza|\n|poke|p2|Pidgeot, M|\n|poke|p2|Lucario, M|\n|poke|p2|Luxray, M|\n|teampreview\n|c|\u2606aquiles meo|the psychic avatar is epic too by the way\n|\n|t:|1700608707\n|start\n|switch|p1a: Weezing|Weezing-Galar, F|100\/100\n|switch|p2a: Jirachi|Jirachi|100\/100\n|-fieldstart|move: Misty Terrain|[from] ability: Misty Surge|[of] p1a: Weezing\n|turn|1\n|c|\u2606Reivya|there are lots of good ones\n|c|\u2606Reivya|it's hard to choose\n|c|\u2606aquiles meo|This one I like best\n|c|\u2606aquiles meo|But I didnt see them all\n|\n|t:|1700608733\n|move|p2a: Jirachi|Iron Head|p1a: Weezing\n|-supereffective|p1a: Weezing\n|-damage|p1a: Weezing|53\/100\n|cant|p1a: Weezing|flinch\n|\n|upkeep\n|turn|2\n|\n|t:|1700608739\n|move|p2a: Jirachi|Iron Head|p1a: Weezing\n|-supereffective|p1a: Weezing\n|-damage|p1a: Weezing|0 fnt\n|faint|p1a: Weezing\n|\n|upkeep\n|\n|t:|1700608757\n|switch|p1a: Gigalith|Gigalith, M|100\/100\n|turn|3\n|\n|t:|1700608762\n|move|p2a: Jirachi|Iron Head|p1a: Gigalith\n|-supereffective|p1a: Gigalith\n|-damage|p1a: Gigalith|41\/100\n|move|p1a: Gigalith|Explosion|p2a: Jirachi\n|-resisted|p2a: Jirachi\n|-damage|p2a: Jirachi|39\/100\n|faint|p1a: Gigalith\n|\n|upkeep\n|c|\u2606aquiles meo|lucky one\n|\n|t:|1700608774\n|switch|p1a: Golem|Golem-Alola, F|100\/100\n|turn|4\n|\n|t:|1700608789\n|move|p2a: Jirachi|Iron Head|p1a: Golem\n|-damage|p1a: Golem|68\/100\n|cant|p1a: Golem|flinch\n|\n|upkeep\n|turn|5\n|\n|t:|1700608825\n|switch|p2a: Lucario|Lucario, M, shiny|100\/100\n|move|p1a: Golem|Counter||[still]\n|-fail|p1a: Golem\n|\n|-fieldend|Misty Terrain\n|upkeep\n|turn|6\n|\n|t:|1700608850\n|detailschange|p2a: Lucario|Lucario-Mega, M, shiny\n|-mega|p2a: Lucario|Lucario|Lucarionite\n|move|p2a: Lucario|Bone Rush|p1a: Golem\n|-supereffective|p1a: Golem\n|-damage|p1a: Golem|38\/100\n|-supereffective|p1a: Golem\n|-damage|p1a: Golem|11\/100\n|-supereffective|p1a: Golem\n|-damage|p1a: Golem|0 fnt\n|faint|p1a: Golem\n|-hitcount|p1: Golem|3\n|\n|upkeep\n|\n|t:|1700608866\n|switch|p1a: Blacephalon|Blacephalon|100\/100\n|turn|7\n|\n|t:|1700608875\n|switch|p2a: Ho-Oh|Ho-Oh|100\/100\n|move|p1a: Blacephalon|Mind Blown|p2a: Ho-Oh\n|-resisted|p2a: Ho-Oh\n|-damage|p2a: Ho-Oh|76\/100\n|-damage|p1a: Blacephalon|50\/100|[from] mindblown\n|-enditem|p1a: Blacephalon|Sitrus Berry|[eat]\n|-heal|p1a: Blacephalon|75\/100|[from] item: Sitrus Berry\n|\n|upkeep\n|turn|8\n|\n|t:|1700608890\n|move|p1a: Blacephalon|Taunt|p2a: Ho-Oh\n|-start|p2a: Ho-Oh|move: Taunt\n|move|p2a: Ho-Oh|Earthquake|p1a: Blacephalon\n|-supereffective|p1a: Blacephalon\n|-damage|p1a: Blacephalon|0 fnt\n|faint|p1a: Blacephalon\n|\n|upkeep\n|\n|t:|1700608898\n|switch|p1a: Hatterene|Hatterene, F|100\/100\n|turn|9\n|\n|t:|1700608910\n|move|p2a: Ho-Oh|Burn Up|p1a: Hatterene\n|-damage|p1a: Hatterene|39\/100\n|-start|p2a: Ho-Oh|typechange|???\/Flying|[from] move: Burn Up\n|move|p1a: Hatterene|Misty Explosion|p2a: Ho-Oh\n|-damage|p2a: Ho-Oh|26\/100\n|faint|p1a: Hatterene\n|\n|upkeep\n|\n|t:|1700608919\n|switch|p1a: Mew|Mew|100\/100\n|turn|10\n|\n|t:|1700608924\n|switch|p2a: Jirachi|Jirachi|39\/100\n|move|p1a: Mew|Sucker Punch||[still]\n|-fail|p1a: Mew\n|\n|upkeep\n|turn|11\n|\n|t:|1700608933\n|move|p2a: Jirachi|Doom Desire|p1a: Mew\n|-start|p2a: Jirachi|Doom Desire\n|move|p1a: Mew|Misty Explosion|p2a: Jirachi\n|-resisted|p2a: Jirachi\n|-damage|p2a: Jirachi|25\/100\n|faint|p1a: Mew\n|\n|win|aquiles meo\n|c|\u2606aquiles meo|just telling you\n|c|\u2606Reivya|I can't believe my explosion team got jirachi'd\n|c|\u2606aquiles meo|the resign button was right there\n|c|\u2606aquiles meo|to be fair no\n|c|\u2606aquiles meo|you got lucario'd and ho-oh'd\n|c|\u2606Reivya|I do have another team that might work in natdex ubers though\n|c|\u2606aquiles meo|Okay but not right now, will you be there in an hour or two?\n","uploadtime":1700609021,"views":0,"p1id":"reivya","p2id":"aquilesmeo","formatid":"gen9nationaldexubers","rating":0,"private":0,"password":""}