{"id":"gen9nationaldexubers-1998913705","p1":"Valerieh\u2740","p2":"notgoodatmeta","format":"[Gen 9] National Dex Ubers","log":"|j|\u2606Valerieh\u2740\n|j|\u2606notgoodatmeta\n|t:|1701012372\n|gametype|singles\n|player|p1|Valerieh\u2740|valerie|1025\n|player|p2|notgoodatmeta|veteran|1052\n|teamsize|p1|6\n|teamsize|p2|6\n|gen|9\n|tier|[Gen 9] National Dex Ubers\n|rated|\n|rule|HP Percentage Mod: HP is shown in percentages\n|rule|Endless Battle Clause: Forcing endless battles is banned\n|rule|OHKO Clause: OHKO moves are banned\n|rule|Evasion Moves Clause: Evasion moves are banned\n|rule|Evasion Items Clause: Evasion items are banned\n|rule|Species Clause: Limit one of each Pok\u00e9mon\n|rule|Sleep Clause Mod: Limit one foe put to sleep\n|rule|Mega Rayquaza Clause: You cannot mega evolve Rayquaza\n|clearpoke\n|poke|p1|Magearna|\n|poke|p1|Gardevoir, M|\n|poke|p1|Togekiss, M|\n|poke|p1|Mimikyu, M|\n|poke|p1|Milotic, M|\n|poke|p1|Landorus-Therian, M|\n|poke|p2|Aron, L1, M|\n|poke|p2|Blissey, F|\n|poke|p2|Kyogre|\n|poke|p2|Gastly, L1, M|\n|poke|p2|Wailord, M|\n|poke|p2|Misdreavus, L1, F|\n|teampreview\n|\n|t:|1701012377\n|start\n|switch|p1a: Landorus|Landorus-Therian, M|100\/100\n|switch|p2a: DestroyerOfWorlds|Aron, L1, M, shiny|100\/100\n|-ability|p1a: Landorus|Intimidate|boost\n|-unboost|p2a: DestroyerOfWorlds|atk|1\n|turn|1\n|\n|t:|1701012384\n|move|p1a: Landorus|Earthquake|p2a: DestroyerOfWorlds\n|-supereffective|p2a: DestroyerOfWorlds\n|-ability|p2a: DestroyerOfWorlds|Sturdy\n|-damage|p2a: DestroyerOfWorlds|9\/100\n|move|p2a: DestroyerOfWorlds|Endeavor|p1a: Landorus\n|-damage|p1a: Landorus|1\/100\n|-heal|p2a: DestroyerOfWorlds|100\/100|[from] item: Shell Bell|[of] p1a: Landorus\n|\n|upkeep\n|turn|2\n|\n|t:|1701012394\n|switch|p2a: the Protector|Blissey, F|100\/100\n|move|p1a: Landorus|Earthquake|p2a: the Protector\n|-damage|p2a: the Protector|40\/100\n|\n|upkeep\n|turn|3\n|\n|t:|1701012400\n|move|p1a: Landorus|Earthquake|p2a: the Protector\n|-damage|p2a: the Protector|0 fnt\n|faint|p2a: the Protector\n|\n|upkeep\n|\n|t:|1701012404\n|switch|p2a: whale|Kyogre|100\/100\n|-weather|RainDance|[from] ability: Drizzle|[of] p2a: whale\n|turn|4\n|\n|t:|1701012409\n|-terastallize|p2a: whale|Water\n|move|p2a: whale|Water Spout|p1a: Landorus\n|-supereffective|p1a: Landorus\n|-damage|p1a: Landorus|0 fnt\n|faint|p1a: Landorus\n|\n|-weather|RainDance|[upkeep]\n|upkeep\n|\n|t:|1701012414\n|switch|p1a: Gardevoir|Gardevoir, M|100\/100\n|-ability|p1a: Gardevoir|Drizzle|[from] ability: Trace|[of] p2a: whale\n|turn|5\n|\n|t:|1701012419\n|detailschange|p1a: Gardevoir|Gardevoir-Mega, M\n|-mega|p1a: Gardevoir|Gardevoir|Gardevoirite\n|move|p2a: whale|Water Spout|p1a: Gardevoir\n|-damage|p1a: Gardevoir|0 fnt\n|faint|p1a: Gardevoir\n|\n|-weather|RainDance|[upkeep]\n|upkeep\n|\n|t:|1701012424\n|switch|p1a: Milotic|Milotic, M|100\/100\n|turn|6\n|\n|t:|1701012430\n|move|p2a: whale|Water Spout|p1a: Milotic\n|-resisted|p1a: Milotic\n|-damage|p1a: Milotic|48\/100\n|move|p1a: Milotic|Toxic|p2a: whale|[miss]\n|-miss|p1a: Milotic|p2a: whale\n|\n|-weather|RainDance|[upkeep]\n|-status|p1a: Milotic|brn|[from] item: Flame Orb\n|upkeep\n|turn|7\n|\n|t:|1701012437\n|move|p2a: whale|Water Spout|p1a: Milotic\n|-resisted|p1a: Milotic\n|-damage|p1a: Milotic|0 fnt\n|faint|p1a: Milotic\n|\n|-weather|RainDance|[upkeep]\n|upkeep\n|\n|t:|1701012443\n|switch|p1a: Mimikyu|Mimikyu, M|100\/100\n|turn|8\n|c|\u2606notgoodatmeta|WHALE SWEEP\n|\n|t:|1701012447\n|move|p2a: whale|Water Spout|p1a: Mimikyu\n|-activate|p1a: Mimikyu|ability: Disguise\n|-damage|p1a: Mimikyu|100\/100\n|detailschange|p1a: Mimikyu|Mimikyu-Busted, M\n|-damage|p1a: Mimikyu|88\/100|[from] pokemon: Mimikyu-Busted\n|-zpower|p1a: Mimikyu\n|move|p1a: Mimikyu|Let's Snuggle Forever|p2a: whale|[zeffect]\n|-damage|p2a: whale|12\/100\n|\n|-weather|none\n|upkeep\n|turn|9\n|c|\u2606Valerieh\u2740|Clown\n|c|\u2606Valerieh\u2740|HAHA\n|\n|t:|1701012465\n|move|p1a: Mimikyu|Shadow Sneak|p2a: whale\n|-damage|p2a: whale|0 fnt\n|faint|p2a: whale\n|\n|upkeep\n|c|\u2606notgoodatmeta|oh no!\n|c|\u2606Valerieh\u2740|HAHAHAHAHAHAHA\n|c|\u2606notgoodatmeta|anyway\n|\n|t:|1701012475\n|switch|p2a: Whale 2|Wailord, M|100\/100\n|turn|10\n|\n|t:|1701012483\n|move|p1a: Mimikyu|Play Rough|p2a: Whale 2\n|-damage|p2a: Whale 2|56\/100\n|move|p2a: Whale 2|Water Spout|p1a: Mimikyu\n|-damage|p1a: Mimikyu|51\/100\n|\n|upkeep\n|turn|11\n|\n|t:|1701012490\n|move|p1a: Mimikyu|Play Rough|p2a: Whale 2\n|-damage|p2a: Whale 2|11\/100\n|move|p2a: Whale 2|Water Spout|p1a: Mimikyu\n|-damage|p1a: Mimikyu|45\/100\n|\n|upkeep\n|turn|12\n|c|\u2606Valerieh\u2740|HAHHA\n|\n|t:|1701012499\n|switch|p2a: him|Gastly, L1, M|100\/100\n|move|p1a: Mimikyu|Shadow Sneak|p2a: him\n|-supereffective|p2a: him\n|-damage|p2a: him|0 fnt\n|faint|p2a: him\n|\n|upkeep\n|\n|t:|1701012504\n|switch|p2a: her|Misdreavus, L1, F|100\/100\n|turn|13\n|c|\u2606Valerieh\u2740|HAHAHAHAHAHA\n|c|\u2606notgoodatmeta|man\n|c|\u2606notgoodatmeta|i really dont care\n|\n|t:|1701012528\n|move|p1a: Mimikyu|Shadow Sneak|p2a: her\n|-supereffective|p2a: her\n|-damage|p2a: her|0 fnt\n|faint|p2a: her\n|\n|upkeep\n|c|\u2606Valerieh\u2740|HAHHAHAHAHAHAHAHAHAHAHHAHAHHAA\n|c|\u2606notgoodatmeta|im just here to have fun\n|\n|t:|1701012537\n|switch|p2a: Whale 2|Wailord, M|11\/100\n|turn|14\n|\n|t:|1701012540\n|move|p1a: Mimikyu|Shadow Sneak|p2a: Whale 2\n|-damage|p2a: Whale 2|0 fnt\n|faint|p2a: Whale 2\n|\n|upkeep\n|\n|t:|1701012543\n|switch|p2a: DestroyerOfWorlds|Aron, L1, M, shiny|100\/100\n|turn|15\n|c|\u2606Valerieh\u2740|HAHHAHAHAHAHAHAHAHAHAHAHAHAHAHAHAHAHAHHAHAHAHAHAHA\n|\n|t:|1701012550\n|move|p1a: Mimikyu|Shadow Sneak|p2a: DestroyerOfWorlds\n|-ability|p2a: DestroyerOfWorlds|Sturdy\n|-damage|p2a: DestroyerOfWorlds|9\/100\n|move|p2a: DestroyerOfWorlds|Endeavor|p1a: Mimikyu\n|-immune|p1a: Mimikyu\n|\n|upkeep\n|turn|16\n|c|\u2606Valerieh\u2740|HAHHAHAHAHAHAHAHAHAHAHAHAHAHAHAHAHAHAHHAHAHAHAHAHA\n|c|\u2606Valerieh\u2740|HAHHAHAHAHAHAHAHAHAHAHAHAHAHAHAHAHAHAHHAHAHAHAHAHA\n|c|\u2606Valerieh\u2740|HAHHAHAHAHAHAHAHAHAHAHAHAHAHAHAHAHAHAHHAHAHAHAHAHA\n|c|\u2606Valerieh\u2740|HAHHAHAHAHAHAHAHAHAHAHAHAHAHAHAHAHAHAHHAHAHAHAHAHA\n|c|\u2606Valerieh\u2740|HAHHAHAHAHAHAHAHAHAHAHAHAHAHAHAHAHAHAHHAHAHAHAHAHA\n|c|\u2606Valerieh\u2740|HAHHAHAHAHAHAHAHAHAHAHAHAHAHAHAHAHAHAHHAHAHAHAHAHA\n|\n|t:|1701012562\n|move|p2a: DestroyerOfWorlds|Protect|p2a: DestroyerOfWorlds\n|-singleturn|p2a: DestroyerOfWorlds|Protect\n|move|p1a: Mimikyu|Shadow Sneak|p2a: DestroyerOfWorlds\n|-activate|p2a: DestroyerOfWorlds|move: Protect\n|\n|upkeep\n|turn|17\n|c|\u2606notgoodatmeta|man shut up\n|\n|t:|1701012570\n|move|p1a: Mimikyu|Shadow Sneak|p2a: DestroyerOfWorlds\n|-damage|p2a: DestroyerOfWorlds|0 fnt\n|faint|p2a: DestroyerOfWorlds\n|\n|win|Valerieh\u2740\n|raw|Valerieh\u2740's rating: 1025 &rarr; <strong>1064<\/strong><br \/>(+39 for winning)\n|raw|notgoodatmeta's rating: 1052 &rarr; <strong>1033<\/strong><br \/>(-19 for losing)\n|c|\u2606Valerieh\u2740|HAHHAHAHAHAHAHAHAHAHAHAHAHAHAHAHAHAHAHHAHAHAHAHAHA\n|c|\u2606Valerieh\u2740|HAHHAHAHAHAHAHAHAHAHAHAHAHAHAHAHAHAHAHHAHAHAHAHAHA\n|c|\u2606Valerieh\u2740|HAHHAHAHAHAHAHAHAHAHAHAHAHAHAHAHAHAHAHHAHAHAHAHAHA\n|c|\u2606notgoodatmeta|gg\n|c|\u2606Valerieh\u2740|HAHHAHAHAHAHAHAHAHAHAHAHAHAHAHAHAHAHAHHAHAHAHAHAHA\n|c|\u2606Valerieh\u2740|HAHHAHAHAHAHAHAHAHAHAHAHAHAHAHAHAHAHAHHAHAHAHAHAHA\n|l|\u2606notgoodatmeta\n|c|\u2606Valerieh\u2740|WEEPER\n","uploadtime":1701012579,"views":2,"p1id":"valerieh","p2id":"notgoodatmeta","formatid":"gen9nationaldexubers","rating":1033,"private":0,"password":""}