{"id":"gen9nationaldexubers-1994582573","p1":"dis emblemier","p2":"TsuNakatsukasa","format":"[Gen 9] National Dex Ubers","log":"|j|\u2606dis emblemier\n|j|\u2606TsuNakatsukasa\n|t:|1700463964\n|gametype|singles\n|player|p1|dis emblemier|102|\n|player|p2|TsuNakatsukasa|clown|\n|teamsize|p1|6\n|teamsize|p2|6\n|gen|9\n|tier|[Gen 9] National Dex Ubers\n|rule|HP Percentage Mod: HP is shown in percentages\n|rule|Endless Battle Clause: Forcing endless battles is banned\n|rule|OHKO Clause: OHKO moves are banned\n|rule|Evasion Moves Clause: Evasion moves are banned\n|rule|Evasion Items Clause: Evasion items are banned\n|rule|Species Clause: Limit one of each Pok\u00e9mon\n|rule|Sleep Clause Mod: Limit one foe put to sleep\n|rule|Mega Rayquaza Clause: You cannot mega evolve Rayquaza\n|clearpoke\n|poke|p1|Mew|\n|poke|p1|Slither Wing|\n|poke|p1|Mawile, F|\n|poke|p1|Iron Valiant|\n|poke|p1|Illumise, F|\n|poke|p1|Rotom-Heat|\n|poke|p2|Jolteon, F|\n|poke|p2|Cradily, F|\n|poke|p2|Aegislash, M|\n|poke|p2|Golisopod, F|\n|poke|p2|Grafaiai, M|\n|poke|p2|Great Tusk|\n|teampreview\n|j| Bad Opinions\n|c|\u2606dis emblemier|wanna start at 11:10?\n|j| jljlkk\n|j| Gawr Gura ASMR\n|j| Badgambles\n|c| jljlkk|ok I pull up\n|j| Necriotic\n|c| Bad Opinions|ok he pulls up\n|c| Badgambles|Ok I wake up\n|c| jljlkk|Something devious is going on with Tsu's team rn\n|c| jljlkk|It has scrimblo aura\n|c| Gawr Gura ASMR|no go back to sleep cass\n|j| clockrens\n|c| Gawr Gura ASMR|no shiny Mawile, big L\n|c| Necriotic|rebel 1\n|c| Necriotic|action\n|c|\u2606TsuNakatsukasa|: D\n|c| Bad Opinions|im blaming the beasts rn\n|c|\u2606dis emblemier|alright ready?\n|c|\u2606dis emblemier|glhf\n|c|\u2606TsuNakatsukasa|I am deciding my lead still, had to sort something out\n|\n|t:|1700464207\n|start\n|switch|p1a: Kill me|Illumise, F|100\/100\n|switch|p2a: Grafaiai|Grafaiai, M|100\/100\n|turn|1\n|\n|t:|1700464217\n|move|p1a: Kill me|Infestation|p2a: Grafaiai\n|-resisted|p2a: Grafaiai\n|-damage|p2a: Grafaiai|97\/100\n|-activate|p2a: Grafaiai|move: Infestation|[of] p1a: Kill me\n|move|p2a: Grafaiai|Super Fang|p1a: Kill me\n|-damage|p1a: Kill me|50\/100\n|\n|-heal|p2a: Grafaiai|100\/100|[from] item: Black Sludge\n|-damage|p2a: Grafaiai|88\/100|[from] move: Infestation|[partiallytrapped]\n|upkeep\n|turn|2\n|\n|t:|1700464226\n|move|p1a: Kill me|Encore|p2a: Grafaiai\n|-start|p2a: Grafaiai|Encore\n|move|p2a: Grafaiai|Super Fang|p1a: Kill me\n|-damage|p1a: Kill me|26\/100\n|\n|-heal|p2a: Grafaiai|94\/100|[from] item: Black Sludge\n|-damage|p2a: Grafaiai|82\/100|[from] move: Infestation|[partiallytrapped]\n|upkeep\n|turn|3\n|\n|t:|1700464235\n|move|p1a: Kill me|Seismic Toss|p2a: Grafaiai\n|-damage|p2a: Grafaiai|51\/100\n|move|p2a: Grafaiai|Super Fang|p1a: Kill me\n|-damage|p1a: Kill me|13\/100\n|\n|-heal|p2a: Grafaiai|57\/100|[from] item: Black Sludge\n|-damage|p2a: Grafaiai|44\/100|[from] move: Infestation|[partiallytrapped]\n|upkeep\n|turn|4\n|\n|t:|1700464245\n|move|p1a: Kill me|Seismic Toss|p2a: Grafaiai\n|-damage|p2a: Grafaiai|13\/100\n|move|p2a: Grafaiai|Super Fang|p1a: Kill me\n|-damage|p1a: Kill me|7\/100\n|\n|-heal|p2a: Grafaiai|20\/100|[from] item: Black Sludge\n|-damage|p2a: Grafaiai|7\/100|[from] move: Infestation|[partiallytrapped]\n|-end|p2a: Grafaiai|Encore\n|upkeep\n|turn|5\n|\n|t:|1700464254\n|move|p2a: Grafaiai|Parting Shot|p1a: Kill me\n|-unboost|p1a: Kill me|atk|1\n|-unboost|p1a: Kill me|spa|1\n|j| Vaeternum\n|c| Necriotic|insane set\n|c| jljlkk|I looked away for one sec what the heck\n|\n|t:|1700464290\n|switch|p2a: Golisopod|Golisopod, F|100\/100|[from] Parting Shot\n|move|p1a: Kill me|Seismic Toss|p2a: Golisopod\n|-damage|p2a: Golisopod|72\/100\n|\n|upkeep\n|turn|6\n|c| Vaeternum|https:\/\/pbs.twimg.com\/media\/F6FveezWsAAapIm?format=jpg&name=medium\n|\n|t:|1700464298\n|move|p1a: Kill me|Protect|p1a: Kill me\n|-singleturn|p1a: Kill me|Protect\n|move|p2a: Golisopod|First Impression|p1a: Kill me\n|-activate|p1a: Kill me|move: Protect\n|\n|upkeep\n|turn|7\n|c| Necriotic|LLMAOOOOOOOOOOOOOOOOOOO\n|c| jljlkk|protect W\n|c| Necriotic|WHAT A SET\n|c| jljlkk|gigachad\n|c|\u2606TsuNakatsukasa|this is fucking awesome tbh\n|c|\u2606dis emblemier|tyty\n|\n|t:|1700464326\n|switch|p2a: Great Tusk|Great Tusk|100\/100\n|move|p1a: Kill me|Infestation|p2a: Great Tusk\n|-resisted|p2a: Great Tusk\n|-damage|p2a: Great Tusk|98\/100\n|-activate|p2a: Great Tusk|move: Infestation|[of] p1a: Kill me\n|\n|-heal|p2a: Great Tusk|100\/100|[from] item: Leftovers\n|-damage|p2a: Great Tusk|88\/100|[from] move: Infestation|[partiallytrapped]\n|upkeep\n|turn|8\n|\n|t:|1700464334\n|move|p1a: Kill me|Protect|p1a: Kill me\n|-singleturn|p1a: Kill me|Protect\n|move|p2a: Great Tusk|Rapid Spin|p1a: Kill me\n|-activate|p1a: Kill me|move: Protect\n|\n|-heal|p2a: Great Tusk|94\/100|[from] item: Leftovers\n|-damage|p2a: Great Tusk|82\/100|[from] move: Infestation|[partiallytrapped]\n|upkeep\n|turn|9\n|c| Necriotic|wtfff\n|j| dogkin4\n|\n|t:|1700464346\n|move|p1a: Kill me|Encore|p2a: Great Tusk\n|-start|p2a: Great Tusk|Encore\n|move|p2a: Great Tusk|Rapid Spin|p1a: Kill me\n|-crit|p1a: Kill me\n|-damage|p1a: Kill me|0 fnt\n|-boost|p2a: Great Tusk|spe|1\n|-end|p2a: Great Tusk|Infestation|[partiallytrapped]\n|faint|p1a: Kill me\n|\n|-heal|p2a: Great Tusk|88\/100|[from] item: Leftovers\n|upkeep\n|c| Bad Opinions|DO NOT LET THIS MAN COOK\n|c| Bad Opinions|WORST MISTAKE OF MY LIFE\n|\n|t:|1700464357\n|switch|p1a: \/shrug|Mawile, F|100\/100\n|-ability|p1a: \/shrug|Intimidate|boost\n|-unboost|p2a: Great Tusk|atk|1\n|turn|10\n|c| Necriotic|LMAOOOOOOOOOOOOO\n|c| jljlkk|hmmmmmm\n|c| jljlkk|bro...\n|c| jljlkk|It's time\n|\n|t:|1700464372\n|-end|p2a: Great Tusk|Protosynthesis|[silent]\n|switch|p2a: Golisopod|Golisopod, F|72\/100\n|move|p1a: \/shrug|Substitute|p1a: \/shrug\n|-start|p1a: \/shrug|Substitute\n|-damage|p1a: \/shrug|76\/100\n|\n|upkeep\n|turn|11\n|c| jljlkk|YO?\n|\n|t:|1700464381\n|detailschange|p1a: \/shrug|Mawile-Mega, F\n|-mega|p1a: \/shrug|Mawile|Mawilite\n|move|p2a: Golisopod|Aqua Jet|p1a: \/shrug\n|-end|p1a: \/shrug|Substitute\n|move|p1a: \/shrug|Knock Off|p2a: Golisopod\n|-damage|p2a: Golisopod|25\/100\n|-enditem|p2a: Golisopod|Choice Band|[from] move: Knock Off|[of] p1a: \/shrug\n|-activate|p2a: Golisopod|ability: Emergency Exit\n|c| Necriotic|HOYL SHIIIIIIIIIIIIIIIIIT\n|\n|t:|1700464393\n|switch|p2a: Grafaiai|Grafaiai, M|7\/100\n|\n|-heal|p2a: Grafaiai|13\/100|[from] item: Black Sludge\n|upkeep\n|turn|12\n|\n|t:|1700464402\n|move|p2a: Grafaiai|Parting Shot|p1a: \/shrug\n|-unboost|p1a: \/shrug|atk|1\n|-unboost|p1a: \/shrug|spa|1\n|\n|t:|1700464410\n|switch|p2a: Great Tusk|Great Tusk|88\/100|[from] Parting Shot\n|move|p1a: \/shrug|Knock Off|p2a: Great Tusk\n|-resisted|p2a: Great Tusk\n|-damage|p2a: Great Tusk|74\/100\n|-enditem|p2a: Great Tusk|Leftovers|[from] move: Knock Off|[of] p1a: \/shrug\n|\n|upkeep\n|turn|13\n|\n|t:|1700464423\n|switch|p1a: 400\u00b0 C|Rotom-Heat|100\/100\n|move|p2a: Great Tusk|Head Smash|p1a: 400\u00b0 C\n|-supereffective|p1a: 400\u00b0 C\n|-damage|p1a: 400\u00b0 C|0 fnt\n|faint|p1a: 400\u00b0 C\n|-damage|p2a: Great Tusk|43\/100|[from] Recoil\n|\n|upkeep\n|c| Bad Opinions|I CALLED IT\n|c| jljlkk|:skull:\n|c| Necriotic|LOOOL\n|\n|t:|1700464432\n|switch|p1a: W E|Iron Valiant|100\/100\n|-enditem|p1a: W E|Booster Energy\n|-activate|p1a: W E|ability: Quark Drive|[fromitem]\n|-start|p1a: W E|quarkdrivespe\n|turn|14\n|c| Necriotic|oh shit\n|\n|t:|1700464442\n|-end|p2a: Great Tusk|Protosynthesis|[silent]\n|switch|p2a: Grafaiai|Grafaiai, M|13\/100\n|move|p1a: W E|Psyshock|p2a: Grafaiai\n|-supereffective|p2a: Grafaiai\n|-damage|p2a: Grafaiai|0 fnt\n|faint|p2a: Grafaiai\n|\n|upkeep\n|c| jljlkk|sweep time\n|\n|t:|1700464486\n|switch|p2a: Aegislash|Aegislash, M|100\/100\n|turn|15\n|\n|t:|1700464500\n|move|p1a: W E|Taunt|p2a: Aegislash\n|-start|p2a: Aegislash|move: Taunt\n|-formechange|p2a: Aegislash|Aegislash-Blade||[from] ability: Stance Change\n|move|p2a: Aegislash|Flash Cannon|p1a: W E\n|-supereffective|p1a: W E\n|-damage|p1a: W E|0 fnt\n|faint|p1a: W E\n|-end|p1a: W E|Quark Drive|[silent]\n|\n|upkeep\n|\n|t:|1700464511\n|switch|p1a: \/shrug|Mawile-Mega, F|76\/100\n|turn|16\n|c| Vaeternum|(ban it)\n|\n|t:|1700464522\n|switch|p2a: Great Tusk|Great Tusk|43\/100\n|move|p1a: \/shrug|Play Rough|p2a: Great Tusk\n|-supereffective|p2a: Great Tusk\n|-damage|p2a: Great Tusk|0 fnt\n|faint|p2a: Great Tusk\n|-end|p2a: Great Tusk|Protosynthesis|[silent]\n|\n|upkeep\n|c| jljlkk|https:\/\/media.tenor.com\/epNMHGvRyHcAAAAd\/gigachad-chad.gif\n|\n|t:|1700464530\n|switch|p2a: Jolteon|Jolteon, F|100\/100\n|turn|17\n|\n|t:|1700464536\n|-terastallize|p2a: Jolteon|Water\n|move|p2a: Jolteon|Reflect|p2a: Jolteon\n|-sidestart|p2: TsuNakatsukasa|Reflect\n|move|p1a: \/shrug|Play Rough|p2a: Jolteon\n|-damage|p2a: Jolteon|20\/100\n|\n|upkeep\n|turn|18\n|\n|t:|1700464542\n|move|p2a: Jolteon|Volt Switch|p1a: \/shrug\n|-damage|p1a: \/shrug|38\/100\n|c| dogkin4|Mawile aint playin gotdamn\n|\n|t:|1700464549\n|switch|p2a: Aegislash|Aegislash, M|100\/100|[from] Volt Switch\n|move|p1a: \/shrug|Knock Off|p2a: Aegislash\n|-supereffective|p2a: Aegislash\n|-damage|p2a: Aegislash|52\/100\n|-enditem|p2a: Aegislash|Leftovers|[from] move: Knock Off|[of] p1a: \/shrug\n|\n|upkeep\n|turn|19\n|c| jljlkk|Mawile was my primal fear coming up to my Austin match lol\n|c| Gawr Gura ASMR|LETS GO MAWILE\n|c| Necriotic|lmao\n|\n|t:|1700464583\n|-formechange|p2a: Aegislash|Aegislash-Blade||[from] ability: Stance Change\n|move|p2a: Aegislash|Flash Cannon|p1a: \/shrug\n|-damage|p1a: \/shrug|0 fnt\n|faint|p1a: \/shrug\n|\n|upkeep\n|c| Gawr Gura ASMR|:(\n|c| Necriotic|no sucker\n|\n|t:|1700464593\n|switch|p1a: Extra Large|Slither Wing|100\/100\n|turn|20\n|\n|t:|1700464598\n|move|p1a: Extra Large|Earthquake|p2a: Aegislash\n|-supereffective|p2a: Aegislash\n|-damage|p2a: Aegislash|0 fnt\n|faint|p2a: Aegislash\n|\n|upkeep\n|c| Necriotic|HES EXTRA LARGE\n|c| dogkin4|bugge\n|c| clockrens|you know what would go hard? specs aegislash\n|c| Necriotic|through reflect btw\n|c| dogkin4|BIGGE BUGGE\n|c| jljlkk|Extra Large\n|\n|t:|1700464618\n|switch|p2a: Cradily|Cradily, F|100\/100\n|turn|21\n|\n|t:|1700464623\n|move|p1a: Extra Large|U-turn|p2a: Cradily\n|-supereffective|p2a: Cradily\n|-damage|p2a: Cradily|61\/100\n|\n|t:|1700464626\n|-end|p1a: Extra Large|Protosynthesis|[silent]\n|switch|p1a: Dusklops|Mew, shiny|100\/100|[from] U-turn\n|move|p2a: Cradily|Leech Seed|p1a: Dusklops|[miss]\n|-miss|p2a: Cradily|p1a: Dusklops\n|\n|-heal|p2a: Cradily|67\/100|[from] item: Leftovers\n|upkeep\n|turn|22\n|\n|t:|1700464635\n|move|p1a: Dusklops|Toxic|p2a: Cradily\n|-status|p2a: Cradily|tox\n|move|p2a: Cradily|Leech Seed|p1a: Dusklops\n|-start|p1a: Dusklops|move: Leech Seed\n|\n|-heal|p2a: Cradily|74\/100 tox|[from] item: Leftovers\n|-damage|p1a: Dusklops|88\/100|[from] Leech Seed|[of] p2a: Cradily\n|-heal|p2a: Cradily|87\/100 tox|[silent]\n|-damage|p2a: Cradily|81\/100 tox|[from] psn\n|upkeep\n|turn|23\n|c| jljlkk|It's time\n|c| dogkin4|WOO CRADILY\n|c|\u2606TsuNakatsukasa|Toxic on Mew?\n|c| Gawr Gura ASMR|cradily these nuts in yo mouf\n|c| Bad Opinions|its legal in gen 9\n|c|\u2606TsuNakatsukasa|I didn;t know Mew got Toxic in Gen 9\n|c| Necriotic|it learns it\n|c| Bad Opinions|its a tm\n|c| Necriotic|sadly\n|c| Necriotic|toxic moment\n|c| jljlkk|Mew be knowing moves\n|c| Bad Opinions|they just heavily reduced distribution\n|\n|t:|1700464702\n|switch|p1a: Extra Large|Slither Wing|100\/100\n|move|p2a: Cradily|Rock Blast|p1a: Extra Large\n|-damage|p1a: Extra Large|91\/100\n|-damage|p1a: Extra Large|81\/100\n|-damage|p1a: Extra Large|71\/100\n|-damage|p1a: Extra Large|61\/100\n|-damage|p1a: Extra Large|51\/100\n|-hitcount|p1a: Extra Large|5\n|\n|-heal|p2a: Cradily|87\/100 tox|[from] item: Leftovers\n|-damage|p2a: Cradily|75\/100 tox|[from] psn\n|upkeep\n|turn|24\n|\n|t:|1700464714\n|move|p2a: Cradily|Protect|p2a: Cradily\n|-singleturn|p2a: Cradily|Protect\n|move|p1a: Extra Large|Leech Life|p2a: Cradily\n|-activate|p2a: Cradily|move: Protect\n|\n|-heal|p2a: Cradily|81\/100 tox|[from] item: Leftovers\n|-damage|p2a: Cradily|62\/100 tox|[from] psn\n|-sideend|p2: TsuNakatsukasa|Reflect\n|upkeep\n|turn|25\n|\n|t:|1700464734\n|switch|p2a: Jolteon|Jolteon, F, tera:Water|20\/100\n|move|p1a: Extra Large|Leech Life|p2a: Jolteon\n|-damage|p2a: Jolteon|0 fnt\n|-heal|p1a: Extra Large|60\/100|[from] drain|[of] p2a: Jolteon\n|faint|p2a: Jolteon\n|\n|upkeep\n|\n|t:|1700464742\n|switch|p2a: Golisopod|Golisopod, F|25\/100\n|turn|26\n|c| jljlkk|I was thinking about Jolteon\n|\n|t:|1700464753\n|move|p2a: Golisopod|First Impression|p1a: Extra Large\n|-resisted|p1a: Extra Large\n|-damage|p1a: Extra Large|29\/100\n|move|p1a: Extra Large|Leech Life|p2a: Golisopod\n|-damage|p2a: Golisopod|0 fnt\n|-heal|p1a: Extra Large|43\/100|[from] drain|[of] p2a: Golisopod\n|faint|p2a: Golisopod\n|\n|upkeep\n|\n|t:|1700464761\n|switch|p2a: Cradily|Cradily, F|62\/100 tox\n|turn|27\n|c| Gawr Gura ASMR|I was thinking aboue Vaporeon\n|c| jljlkk|History being made rn\n|c| Necriotic|hoyl shit\n|\n|t:|1700464799\n|move|p1a: Extra Large|Leech Life|p2a: Cradily\n|-supereffective|p2a: Cradily\n|-damage|p2a: Cradily|0 fnt\n|-heal|p1a: Extra Large|79\/100|[from] drain|[of] p2a: Cradily\n|faint|p2a: Cradily\n|\n|win|dis emblemier\n|c| Necriotic|WP\n|c| jljlkk|YOOOOO\n|c|\u2606dis emblemier|ggs\n|c| Necriotic|GGs\n|c|\u2606TsuNakatsukasa|ggs\n|c| Bad Opinions|GRAAAAAAAHHHHH\n|c| jljlkk|good shit Austin\n|c| Badgambles|Zamn\n|c| jljlkk|First W on Tsu\n|c| Badgambles|Gee gees\n|c|\u2606dis emblemier|lfg\n|l|\u2606dis emblemier\n|l| Badgambles\n|l| jljlkk\n|l| Gawr Gura ASMR\n|j| Badgambles\n|l| Badgambles\n","uploadtime":1700464809,"views":8,"p1id":"disemblemier","p2id":"tsunakatsukasa","formatid":"gen9nationaldexubers","rating":0,"private":0,"password":""}