{"id":"gen9nationaldexubers-1984287095","p1":"ColdSobaNoodle","p2":"m444rf","format":"[Gen 9] National Dex Ubers","log":"|j|\u2606ColdSobaNoodle\n|j|\u2606m444rf\n|t:|1699239216\n|gametype|singles\n|player|p1|ColdSobaNoodle|cynthia|\n|player|p2|m444rf|1|\n|teamsize|p1|6\n|teamsize|p2|6\n|gen|9\n|tier|[Gen 9] National Dex Ubers\n|rule|HP Percentage Mod: HP is shown in percentages\n|rule|Endless Battle Clause: Forcing endless battles is banned\n|rule|OHKO Clause: OHKO moves are banned\n|rule|Evasion Moves Clause: Evasion moves are banned\n|rule|Evasion Items Clause: Evasion items are banned\n|rule|Species Clause: Limit one of each Pok\u00e9mon\n|rule|Sleep Clause Mod: Limit one foe put to sleep\n|rule|Mega Rayquaza Clause: You cannot mega evolve Rayquaza\n|clearpoke\n|poke|p1|Absol, M|\n|poke|p1|Ninetales-Alola, F|\n|poke|p1|Zygarde-10%|\n|poke|p1|Corviknight, M|\n|poke|p1|Torterra, F|\n|poke|p1|Delphox, F|\n|poke|p2|Dragapult, F|\n|poke|p2|Moltres|\n|poke|p2|Glimmet, M|\n|poke|p2|Rotom-Mow|\n|poke|p2|Great Tusk|\n|poke|p2|Slowking, F|\n|teampreview\n|j| Lunar Sloth\n|c| Lunar Sloth|the glimmet\n|j| VoIteon\n|c| Lunar Sloth|holy\n|j| Demolution545\n|c|\u2606m444rf|yes\n|c| VoIteon|no artcozolt\n|c|\u2606ColdSobaNoodle|smal man\n|j| Smackey_5\n|c| Demolution545|first\n|j| MiniBearGrahams\n|c|\u2606m444rf|r u reayd\n|c|\u2606m444rf|ready\n|c|\u2606ColdSobaNoodle|yes\n|\n|t:|1699239354\n|start\n|switch|p1a: Jax|Zygarde-10%, shiny|100\/100\n|switch|p2a: Glimmet|Glimmet, M|100\/100\n|-ability|p1a: Jax|Aura Break\n|turn|1\n|\n|t:|1699239362\n|move|p1a: Jax|Thousand Arrows|p2a: Glimmet\n|-supereffective|p2a: Glimmet\n|-enditem|p2a: Glimmet|Focus Sash\n|-damage|p2a: Glimmet|1\/100\n|-activate|p2a: Glimmet|ability: Toxic Debris\n|-sidestart|p1: ColdSobaNoodle|move: Toxic Spikes\n|move|p2a: Glimmet|Stealth Rock|p1a: Jax\n|-sidestart|p1: ColdSobaNoodle|move: Stealth Rock\n|\n|upkeep\n|turn|2\n|\n|t:|1699239375\n|switch|p1a: Rook|Corviknight, M, shiny|100\/100\n|-damage|p1a: Rook|88\/100|[from] Stealth Rock\n|-ability|p1a: Rook|Pressure\n|move|p2a: Glimmet|Spikes|p1a: Rook\n|-sidestart|p1: ColdSobaNoodle|Spikes\n|\n|upkeep\n|turn|3\n|\n|t:|1699239380\n|switch|p2a: Rotom|Rotom-Mow|100\/100\n|move|p1a: Rook|Defog|p2a: Rotom\n|-unboost|p2a: Rotom|evasion|1\n|-sideend|p1: ColdSobaNoodle|Spikes|[from] move: Defog|[of] p1a: Rook\n|-sideend|p1: ColdSobaNoodle|Toxic Spikes|[from] move: Defog|[of] p1a: Rook\n|-sideend|p1: ColdSobaNoodle|Stealth Rock|[from] move: Defog|[of] p1a: Rook\n|\n|upkeep\n|turn|4\n|\n|t:|1699239414\n|switch|p1a: Jax|Zygarde-10%, shiny|100\/100\n|-ability|p1a: Jax|Aura Break\n|move|p2a: Rotom|Will-O-Wisp|p1a: Jax\n|-status|p1a: Jax|brn\n|\n|-damage|p1a: Jax|94\/100 brn|[from] brn\n|upkeep\n|turn|5\n|\n|t:|1699239432\n|switch|p2a: Glimmet|Glimmet, M|1\/100\n|move|p1a: Jax|Outrage|p2a: Glimmet\n|-damage|p2a: Glimmet|0 fnt\n|-activate|p2a: Glimmet|ability: Toxic Debris\n|-sidestart|p1: ColdSobaNoodle|move: Toxic Spikes\n|faint|p2a: Glimmet\n|\n|-damage|p1a: Jax|88\/100 brn|[from] brn\n|upkeep\n|\n|t:|1699239447\n|switch|p2a: Great Tusk|Great Tusk|100\/100\n|turn|6\n|\n|t:|1699239452\n|move|p1a: Jax|Outrage|p2a: Great Tusk|[from]lockedmove\n|-damage|p2a: Great Tusk|88\/100\n|-start|p1a: Jax|confusion|[fatigue]\n|move|p2a: Great Tusk|Bulk Up|p2a: Great Tusk\n|-boost|p2a: Great Tusk|atk|1\n|-boost|p2a: Great Tusk|def|1\n|\n|-heal|p2a: Great Tusk|94\/100|[from] item: Leftovers\n|-damage|p1a: Jax|82\/100 brn|[from] brn\n|upkeep\n|turn|7\n|\n|t:|1699239462\n|switch|p1a: Rook|Corviknight, M, shiny|88\/100\n|-ability|p1a: Rook|Pressure\n|move|p2a: Great Tusk|Rapid Spin|p1a: Rook\n|-resisted|p1a: Rook\n|-damage|p1a: Rook|82\/100\n|-boost|p2a: Great Tusk|spe|1\n|-damage|p2a: Great Tusk|78\/100|[from] item: Rocky Helmet|[of] p1a: Rook\n|\n|-heal|p2a: Great Tusk|84\/100|[from] item: Leftovers\n|upkeep\n|turn|8\n|\n|t:|1699239470\n|-terastallize|p2a: Great Tusk|Fire\n|move|p2a: Great Tusk|Tera Blast|p1a: Rook|[anim] Tera Blast Fire\n|-supereffective|p1a: Rook\n|-damage|p1a: Rook|21\/100\n|move|p1a: Rook|Defog|p2a: Great Tusk\n|-unboost|p2a: Great Tusk|evasion|1\n|-sideend|p1: ColdSobaNoodle|Toxic Spikes|[from] move: Defog|[of] p1a: Rook\n|\n|-heal|p2a: Great Tusk|90\/100|[from] item: Leftovers\n|upkeep\n|turn|9\n|c| MiniBearGrahams|holy crap\n|\n|t:|1699239483\n|switch|p1a: \u8cdc\u7269|Delphox, F, shiny|100\/100\n|move|p2a: Great Tusk|Bulk Up|p2a: Great Tusk\n|-boost|p2a: Great Tusk|atk|1\n|-boost|p2a: Great Tusk|def|1\n|\n|-heal|p2a: Great Tusk|96\/100|[from] item: Leftovers\n|upkeep\n|turn|10\n|j| Keaton_fgc\n|\n|t:|1699239494\n|-end|p2a: Great Tusk|Protosynthesis|[silent]\n|switch|p2a: Slowking|Slowking, F|100\/100\n|move|p1a: \u8cdc\u7269|Wish|p1a: \u8cdc\u7269\n|\n|upkeep\n|turn|11\n|j| DinsFire01\n|\n|t:|1699239506\n|switch|p1a: \u7a32\u8377|Ninetales-Alola, F, shiny|100\/100\n|-weather|Snow|[from] ability: Snow Warning|[of] p1a: \u7a32\u8377\n|move|p2a: Slowking|Scald|p1a: \u7a32\u8377\n|-damage|p1a: \u7a32\u8377|69\/100\n|\n|-weather|Snow|[upkeep]\n|-heal|p1a: \u7a32\u8377|100\/100|[from] move: Wish|[wisher] \u8cdc\u7269\n|upkeep\n|turn|12\n|\n|t:|1699239510\n|move|p1a: \u7a32\u8377|Aurora Veil|p1a: \u7a32\u8377\n|-sidestart|p1: ColdSobaNoodle|move: Aurora Veil\n|move|p2a: Slowking|Teleport|p2a: Slowking\n|\n|t:|1699239514\n|switch|p2a: Moltres|Moltres|100\/100|[from] Teleport\n|-ability|p2a: Moltres|Pressure\n|\n|-weather|Snow|[upkeep]\n|upkeep\n|turn|13\n|\n|t:|1699239520\n|move|p1a: \u7a32\u8377|Heal Bell|p1a: \u7a32\u8377\n|-activate|p1a: \u7a32\u8377|move: Heal Bell\n|-curestatus|p1: Jax|brn|[msg]\n|move|p2a: Moltres|Flamethrower|p1a: \u7a32\u8377\n|-supereffective|p1a: \u7a32\u8377\n|-damage|p1a: \u7a32\u8377|61\/100\n|\n|-weather|Snow|[upkeep]\n|upkeep\n|turn|14\n|c| VoIteon|dirty\n|c| Lunar Sloth|that gets heal bell\n|c|\u2606ColdSobaNoodle|yes\n|c| VoIteon|i didnt know either LOL\n|c| DinsFire01|noah respond to my dm grrrrr!\n|\n|t:|1699239552\n|switch|p1a: \u8cdc\u7269|Delphox, F, shiny|100\/100\n|move|p2a: Moltres|Will-O-Wisp|p1a: \u8cdc\u7269\n|-immune|p1a: \u8cdc\u7269\n|\n|-weather|Snow|[upkeep]\n|upkeep\n|turn|15\n|\n|t:|1699239555\n|move|p1a: \u8cdc\u7269|Wish|p1a: \u8cdc\u7269\n|move|p2a: Moltres|U-turn|p1a: \u8cdc\u7269\n|-damage|p1a: \u8cdc\u7269|89\/100\n|\n|t:|1699239561\n|switch|p2a: Slowking|Slowking, F|100\/100|[from] U-turn\n|\n|-weather|none\n|upkeep\n|turn|16\n|\n|t:|1699239573\n|move|p1a: \u8cdc\u7269|Will-O-Wisp|p2a: Slowking\n|-status|p2a: Slowking|brn\n|move|p2a: Slowking|Teleport|p2a: Slowking\n|\n|t:|1699239579\n|switch|p2a: Dragapult|Dragapult, F|100\/100|[from] Teleport\n|\n|-heal|p1a: \u8cdc\u7269|100\/100|[from] move: Wish|[wisher] \u8cdc\u7269\n|upkeep\n|turn|17\n|\n|t:|1699239610\n|-terastallize|p1a: \u8cdc\u7269|Dark\n|move|p2a: Dragapult|Shadow Ball|p1a: \u8cdc\u7269\n|-resisted|p1a: \u8cdc\u7269\n|-damage|p1a: \u8cdc\u7269|71\/100\n|move|p1a: \u8cdc\u7269|Wish|p1a: \u8cdc\u7269\n|\n|upkeep\n|turn|18\n|\n|t:|1699239627\n|switch|p2a: Slowking|Slowking, F|100\/100 brn\n|move|p1a: \u8cdc\u7269|Will-O-Wisp|p2a: Slowking|[miss]\n|-miss|p1a: \u8cdc\u7269|p2a: Slowking\n|\n|-heal|p1a: \u8cdc\u7269|100\/100|[from] move: Wish|[wisher] \u8cdc\u7269\n|-damage|p2a: Slowking|94\/100 brn|[from] brn\n|upkeep\n|turn|19\n|\n|t:|1699239637\n|switch|p1a: \u7a32\u8377|Ninetales-Alola, F, shiny|61\/100\n|-weather|Snow|[from] ability: Snow Warning|[of] p1a: \u7a32\u8377\n|move|p2a: Slowking|Teleport|p2a: Slowking\n|\n|t:|1699239641\n|switch|p2a: Moltres|Moltres|100\/100|[from] Teleport\n|-ability|p2a: Moltres|Pressure\n|\n|-weather|Snow|[upkeep]\n|-sideend|p1: ColdSobaNoodle|move: Aurora Veil\n|upkeep\n|turn|20\n|\n|t:|1699239646\n|move|p1a: \u7a32\u8377|Aurora Veil|p1a: \u7a32\u8377\n|-sidestart|p1: ColdSobaNoodle|move: Aurora Veil\n|move|p2a: Moltres|Flamethrower|p1a: \u7a32\u8377\n|-supereffective|p1a: \u7a32\u8377\n|-damage|p1a: \u7a32\u8377|20\/100\n|\n|-weather|Snow|[upkeep]\n|upkeep\n|turn|21\n|\n|t:|1699239671\n|switch|p1a: \u8cdc\u7269|Delphox, F, shiny, tera:Dark|100\/100\n|move|p2a: Moltres|U-turn|p1a: \u8cdc\u7269\n|-supereffective|p1a: \u8cdc\u7269\n|-damage|p1a: \u8cdc\u7269|77\/100\n|\n|t:|1699239676\n|switch|p2a: Rotom|Rotom-Mow|100\/100|[from] U-turn\n|\n|-weather|Snow|[upkeep]\n|upkeep\n|turn|22\n|\n|t:|1699239688\n|move|p2a: Rotom|Volt Switch|p1a: \u8cdc\u7269\n|-damage|p1a: \u8cdc\u7269|60\/100\n|\n|t:|1699239690\n|switch|p2a: Slowking|Slowking, F|100\/100 brn|[from] Volt Switch\n|move|p1a: \u8cdc\u7269|Flamethrower|p2a: Slowking\n|-resisted|p2a: Slowking\n|-damage|p2a: Slowking|88\/100 brn\n|\n|-weather|Snow|[upkeep]\n|-heal|p2a: Slowking|94\/100 brn|[from] item: Leftovers\n|-damage|p2a: Slowking|88\/100 brn|[from] brn\n|upkeep\n|turn|23\n|\n|t:|1699239694\n|move|p1a: \u8cdc\u7269|Wish|p1a: \u8cdc\u7269\n|move|p2a: Slowking|Teleport|p2a: Slowking\n|\n|t:|1699239703\n|switch|p2a: Moltres|Moltres|100\/100|[from] Teleport\n|-ability|p2a: Moltres|Pressure\n|\n|-weather|none\n|upkeep\n|turn|24\n|\n|t:|1699239714\n|switch|p1a: Jax|Zygarde-10%, shiny|82\/100\n|-ability|p1a: Jax|Aura Break\n|move|p2a: Moltres|U-turn|p1a: Jax\n|-damage|p1a: Jax|70\/100\n|\n|t:|1699239717\n|switch|p2a: Rotom|Rotom-Mow|100\/100|[from] U-turn\n|\n|-heal|p1a: Jax|100\/100|[from] move: Wish|[wisher] \u8cdc\u7269\n|upkeep\n|turn|25\n|\n|t:|1699239731\n|switch|p1a: \u8cdc\u7269|Delphox, F, shiny, tera:Dark|60\/100\n|move|p2a: Rotom|Will-O-Wisp|p1a: \u8cdc\u7269\n|-status|p1a: \u8cdc\u7269|brn\n|\n|-damage|p1a: \u8cdc\u7269|53\/100 brn|[from] brn\n|upkeep\n|turn|26\n|\n|t:|1699239735\n|switch|p2a: Slowking|Slowking, F|100\/100 brn\n|move|p1a: \u8cdc\u7269|Wish|p1a: \u8cdc\u7269\n|\n|-damage|p1a: \u8cdc\u7269|47\/100 brn|[from] brn\n|-damage|p2a: Slowking|94\/100 brn|[from] brn\n|upkeep\n|turn|27\n|\n|t:|1699239739\n|switch|p1a: \u7a32\u8377|Ninetales-Alola, F, shiny|20\/100\n|-weather|Snow|[from] ability: Snow Warning|[of] p1a: \u7a32\u8377\n|move|p2a: Slowking|Teleport|p2a: Slowking\n|\n|t:|1699239743\n|switch|p2a: Dragapult|Dragapult, F|100\/100|[from] Teleport\n|\n|-weather|Snow|[upkeep]\n|-heal|p1a: \u7a32\u8377|67\/100|[from] move: Wish|[wisher] \u8cdc\u7269\n|-sideend|p1: ColdSobaNoodle|move: Aurora Veil\n|upkeep\n|turn|28\n|\n|t:|1699239764\n|switch|p1a: \u8cdc\u7269|Delphox, F, shiny, tera:Dark|47\/100 brn\n|move|p2a: Dragapult|Flamethrower|p1a: \u8cdc\u7269\n|-damage|p1a: \u8cdc\u7269|3\/100 brn\n|\n|-weather|Snow|[upkeep]\n|-damage|p1a: \u8cdc\u7269|0 fnt|[from] brn\n|faint|p1a: \u8cdc\u7269\n|upkeep\n|\n|t:|1699239777\n|switch|p1a: \u767d\u6fa4|Absol, M|100\/100\n|turn|29\n|\n|t:|1699239784\n|switch|p2a: Great Tusk|Great Tusk, tera:Fire|96\/100\n|detailschange|p1a: \u767d\u6fa4|Absol-Mega, M\n|-mega|p1a: \u767d\u6fa4|Absol|Absolite\n|move|p1a: \u767d\u6fa4|Sucker Punch||[still]\n|-fail|p1a: \u767d\u6fa4\n|\n|-weather|Snow|[upkeep]\n|-heal|p2a: Great Tusk|100\/100|[from] item: Leftovers\n|upkeep\n|turn|30\n|\n|t:|1699239796\n|move|p1a: \u767d\u6fa4|Stone Edge|p2a: Great Tusk\n|-supereffective|p2a: Great Tusk\n|-damage|p2a: Great Tusk|61\/100\n|move|p2a: Great Tusk|Brick Break|p1a: \u767d\u6fa4\n|-supereffective|p1a: \u767d\u6fa4\n|-damage|p1a: \u767d\u6fa4|0 fnt\n|faint|p1a: \u767d\u6fa4\n|\n|-weather|Snow|[upkeep]\n|-heal|p2a: Great Tusk|68\/100|[from] item: Leftovers\n|upkeep\n|\n|t:|1699239804\n|switch|p1a: \u7a32\u8377|Ninetales-Alola, F, shiny|67\/100\n|turn|31\n|\n|t:|1699239810\n|move|p1a: \u7a32\u8377|Aurora Veil|p1a: \u7a32\u8377\n|-sidestart|p1: ColdSobaNoodle|move: Aurora Veil\n|move|p2a: Great Tusk|Tera Blast|p1a: \u7a32\u8377|[anim] Tera Blast Fire\n|-supereffective|p1a: \u7a32\u8377\n|-damage|p1a: \u7a32\u8377|36\/100\n|\n|-weather|none\n|-heal|p2a: Great Tusk|74\/100|[from] item: Leftovers\n|upkeep\n|turn|32\n|\n|t:|1699239822\n|move|p1a: \u7a32\u8377|Moonblast|p2a: Great Tusk\n|-resisted|p2a: Great Tusk\n|-damage|p2a: Great Tusk|50\/100\n|-unboost|p2a: Great Tusk|spa|1\n|move|p2a: Great Tusk|Brick Break|p1a: \u7a32\u8377\n|-sideend|p1: ColdSobaNoodle|move: Aurora Veil\n|-damage|p1a: \u7a32\u8377|0 fnt\n|faint|p1a: \u7a32\u8377\n|\n|-heal|p2a: Great Tusk|56\/100|[from] item: Leftovers\n|upkeep\n|\n|t:|1699239830\n|switch|p1a: Jax|Zygarde-10%, shiny|100\/100\n|-ability|p1a: Jax|Aura Break\n|turn|33\n|c|\u2606ColdSobaNoodle|wuh oh\n|\n|t:|1699239838\n|-end|p2a: Great Tusk|Protosynthesis|[silent]\n|switch|p2a: Rotom|Rotom-Mow|100\/100\n|move|p1a: Jax|Glare|p2a: Rotom\n|-immune|p2a: Rotom\n|\n|upkeep\n|turn|34\n|\n|t:|1699239843\n|switch|p1a: Minecraft|Torterra, F|100\/100\n|move|p2a: Rotom|Will-O-Wisp|p1a: Minecraft\n|-status|p1a: Minecraft|brn\n|\n|-damage|p1a: Minecraft|94\/100 brn|[from] brn\n|upkeep\n|turn|35\n|\n|t:|1699239849\n|switch|p2a: Moltres|Moltres|100\/100\n|-ability|p2a: Moltres|Pressure\n|move|p1a: Minecraft|Shell Smash|p1a: Minecraft\n|-unboost|p1a: Minecraft|def|1\n|-unboost|p1a: Minecraft|spd|1\n|-boost|p1a: Minecraft|atk|2\n|-boost|p1a: Minecraft|spa|2\n|-boost|p1a: Minecraft|spe|2\n|\n|-damage|p1a: Minecraft|88\/100 brn|[from] brn\n|upkeep\n|turn|36\n|\n|t:|1699239852\n|move|p1a: Minecraft|Rock Blast|p2a: Moltres\n|-supereffective|p2a: Moltres\n|-damage|p2a: Moltres|77\/100\n|-supereffective|p2a: Moltres\n|-damage|p2a: Moltres|52\/100\n|-supereffective|p2a: Moltres\n|-damage|p2a: Moltres|27\/100\n|-supereffective|p2a: Moltres\n|-damage|p2a: Moltres|4\/100\n|-hitcount|p2a: Moltres|4\n|move|p2a: Moltres|Will-O-Wisp|p1a: Minecraft|[miss]\n|-miss|p2a: Moltres|p1a: Minecraft\n|\n|-heal|p2a: Moltres|10\/100|[from] item: Leftovers\n|-damage|p1a: Minecraft|82\/100 brn|[from] brn\n|upkeep\n|turn|37\n|c|\u2606m444rf|bruh\n|c|\u2606m444rf|the willowisp was in my flamethrower slot\n|\n|t:|1699239870\n|move|p1a: Minecraft|Rock Blast|p2a: Moltres\n|-supereffective|p2a: Moltres\n|-damage|p2a: Moltres|0 fnt\n|faint|p2a: Moltres\n|-hitcount|p2: Moltres|1\n|\n|-damage|p1a: Minecraft|76\/100 brn|[from] brn\n|upkeep\n|c|\u2606ColdSobaNoodle|sorry merf\n|c|\u2606ColdSobaNoodle|I was using x ray\n|c| VoIteon|LOL\n|c|\u2606m444rf|my only weakness\n|\n|t:|1699239896\n|switch|p2a: Great Tusk|Great Tusk, tera:Fire|56\/100\n|turn|38\n|\n|t:|1699239900\n|move|p1a: Minecraft|Rock Blast|p2a: Great Tusk\n|-supereffective|p2a: Great Tusk\n|-damage|p2a: Great Tusk|48\/100\n|-supereffective|p2a: Great Tusk\n|-damage|p2a: Great Tusk|40\/100\n|-supereffective|p2a: Great Tusk\n|-damage|p2a: Great Tusk|32\/100\n|-supereffective|p2a: Great Tusk\n|-damage|p2a: Great Tusk|24\/100\n|-supereffective|p2a: Great Tusk\n|-damage|p2a: Great Tusk|17\/100\n|-hitcount|p2a: Great Tusk|5\n|move|p2a: Great Tusk|Tera Blast|p1a: Minecraft|[anim] Tera Blast Fire\n|-supereffective|p1a: Minecraft\n|-damage|p1a: Minecraft|0 fnt\n|faint|p1a: Minecraft\n|\n|-heal|p2a: Great Tusk|23\/100|[from] item: Leftovers\n|upkeep\n|\n|t:|1699239911\n|switch|p1a: Jax|Zygarde-10%, shiny|100\/100\n|-ability|p1a: Jax|Aura Break\n|turn|39\n|\n|t:|1699239933\n|move|p1a: Jax|Thousand Arrows|p2a: Great Tusk\n|-supereffective|p2a: Great Tusk\n|-damage|p2a: Great Tusk|0 fnt\n|faint|p2a: Great Tusk\n|-end|p2a: Great Tusk|Protosynthesis|[silent]\n|\n|upkeep\n|\n|t:|1699239935\n|switch|p2a: Dragapult|Dragapult, F|100\/100\n|turn|40\n|c| DinsFire01|dog\n|\n|t:|1699239942\n|switch|p1a: Rook|Corviknight, M, shiny|21\/100\n|-ability|p1a: Rook|Pressure\n|move|p2a: Dragapult|Draco Meteor|p1a: Rook\n|-resisted|p1a: Rook\n|-damage|p1a: Rook|0 fnt\n|-unboost|p2a: Dragapult|spa|2\n|faint|p1a: Rook\n|\n|upkeep\n|\n|t:|1699239949\n|switch|p1a: Jax|Zygarde-10%, shiny|100\/100\n|-ability|p1a: Jax|Aura Break\n|turn|41\n|\n|t:|1699239953\n|switch|p2a: Rotom|Rotom-Mow|100\/100\n|move|p1a: Jax|Outrage|p2a: Rotom\n|-damage|p2a: Rotom|29\/100\n|\n|upkeep\n|turn|42\n|\n|t:|1699239959\n|move|p1a: Jax|Outrage|p2a: Rotom|[from]lockedmove\n|-damage|p2a: Rotom|0 fnt\n|faint|p2a: Rotom\n|-start|p1a: Jax|confusion|[fatigue]\n|\n|upkeep\n|\n|t:|1699239966\n|switch|p2a: Slowking|Slowking, F|100\/100 brn\n|turn|43\n|c|\u2606ColdSobaNoodle|No general control's the heavens, I hit myself once I lose\n|c|\u2606ColdSobaNoodle|oh wait ice beam\n|\n|t:|1699239986\n|-activate|p1a: Jax|confusion\n|move|p1a: Jax|Outrage|p2a: Slowking\n|-damage|p2a: Slowking|43\/100 brn\n|move|p2a: Slowking|Scald|p1a: Jax\n|-crit|p1a: Jax\n|-damage|p1a: Jax|34\/100\n|\n|-heal|p2a: Slowking|49\/100 brn|[from] item: Leftovers\n|-damage|p2a: Slowking|43\/100 brn|[from] brn\n|upkeep\n|turn|44\n|\n|t:|1699239991\n|-activate|p1a: Jax|confusion\n|-damage|p1a: Jax|13\/100|[from] confusion\n|move|p2a: Slowking|Scald|p1a: Jax\n|-damage|p1a: Jax|0 fnt\n|faint|p1a: Jax\n|\n|win|m444rf\n|c| Lunar Sloth|oof\n|c|\u2606ColdSobaNoodle|ggs\n|l| DinsFire01\n|l| MiniBearGrahams\n|c| VoIteon|bro would of won too\n|c|\u2606ColdSobaNoodle|it be that way\n","uploadtime":1699240018,"views":7,"p1id":"coldsobanoodle","p2id":"m444rf","formatid":"gen9nationaldexubers","rating":0,"private":0,"password":""}