{"id":"gen9nationaldexubers-1997591518","p1":"Luizgabrielexe","p2":"xboxs","format":"[Gen 9] National Dex Ubers","log":"|j|\u2606Luizgabrielexe\n|j|\u2606xboxs\n|t:|1700830129\n|gametype|singles\n|player|p1|Luizgabrielexe|2|1083\n|player|p2|xboxs|hiker-gen4|1069\n|teamsize|p1|6\n|teamsize|p2|6\n|gen|9\n|tier|[Gen 9] National Dex Ubers\n|rated|\n|rule|HP Percentage Mod: HP is shown in percentages\n|rule|Endless Battle Clause: Forcing endless battles is banned\n|rule|OHKO Clause: OHKO moves are banned\n|rule|Evasion Moves Clause: Evasion moves are banned\n|rule|Evasion Items Clause: Evasion items are banned\n|rule|Species Clause: Limit one of each Pok\u00e9mon\n|rule|Sleep Clause Mod: Limit one foe put to sleep\n|rule|Mega Rayquaza Clause: You cannot mega evolve Rayquaza\n|clearpoke\n|poke|p1|Arceus|\n|poke|p1|Xerneas-*|\n|poke|p1|Kingambit, M|\n|poke|p1|Mewtwo|\n|poke|p1|Marshadow|\n|poke|p1|Dracovish|\n|poke|p2|Rayquaza|\n|poke|p2|Ogerpon-Hearthflame, F|\n|poke|p2|Annihilape, F|\n|poke|p2|Arceus|\n|poke|p2|Groudon|\n|poke|p2|Baxcalibur, F|\n|teampreview\n|\n|t:|1700830138\n|start\n|switch|p1a: Mewtwo|Mewtwo|100\/100\n|switch|p2a: Annihilape|Annihilape, F|100\/100\n|-ability|p1a: Mewtwo|Pressure\n|turn|1\n|\n|t:|1700830148\n|detailschange|p1a: Mewtwo|Mewtwo-Mega-Y\n|-mega|p1a: Mewtwo|Mewtwo|Mewtwonite Y\n|move|p1a: Mewtwo|Psystrike|p2a: Annihilape\n|-supereffective|p2a: Annihilape\n|-damage|p2a: Annihilape|0 fnt\n|faint|p2a: Annihilape\n|\n|upkeep\n|\n|t:|1700830159\n|switch|p2a: Groudon|Groudon|100\/100\n|detailschange|p2a: Groudon|Groudon-Primal\n|-primal|p2a: Groudon|Red Orb\n|-weather|DesolateLand|[from] ability: Desolate Land|[of] p2a: Groudon\n|turn|2\n|\n|t:|1700830167\n|move|p1a: Mewtwo|Psystrike|p2a: Groudon\n|-damage|p2a: Groudon|47\/100\n|move|p2a: Groudon|Eruption|p1a: Mewtwo\n|-damage|p1a: Mewtwo|48\/100\n|\n|-weather|DesolateLand|[upkeep]\n|upkeep\n|turn|3\n|\n|t:|1700830176\n|move|p1a: Mewtwo|Psystrike|p2a: Groudon\n|-damage|p2a: Groudon|0 fnt\n|faint|p2a: Groudon\n|-weather|none\n|\n|upkeep\n|\n|t:|1700830181\n|switch|p2a: Arceus|Arceus|100\/100\n|turn|4\n|\n|t:|1700830185\n|move|p2a: Arceus|Extreme Speed|p1a: Mewtwo\n|-damage|p1a: Mewtwo|0 fnt\n|faint|p1a: Mewtwo\n|\n|upkeep\n|\n|t:|1700830189\n|switch|p1a: Marshadow|Marshadow|100\/100\n|turn|5\n|\n|t:|1700830193\n|switch|p2a: Ogerpon|Ogerpon-Hearthflame, F|100\/100\n|-ability|p2a: Ogerpon|Mold Breaker\n|move|p1a: Marshadow|Drain Punch|p2a: Ogerpon\n|-damage|p2a: Ogerpon|54\/100\n|\n|upkeep\n|turn|6\n|\n|t:|1700830202\n|-terastallize|p2a: Ogerpon|Fire\n|detailschange|p2a: Ogerpon|Ogerpon-Hearthflame-Tera, F, tera:Fire\n|-ability|p2a: Ogerpon|Embody Aspect (Hearthflame)|boost\n|-boost|p2a: Ogerpon|atk|1\n|move|p1a: Marshadow|Spectral Thief||[still]\n|-clearpositiveboost|p2a: Ogerpon|p1a: Marshadow|move: Spectral Thief\n|-boost|p1a: Marshadow|atk|1\n|-anim|p1a: Marshadow|Spectral Thief|p2a: Ogerpon\n|-damage|p2a: Ogerpon|0 fnt\n|faint|p2a: Ogerpon\n|\n|upkeep\n|-message|xboxs forfeited.\n|\n|win|Luizgabrielexe\n|raw|Luizgabrielexe's rating: 1083 &rarr; <strong>1109<\/strong><br \/>(+26 for winning)\n|raw|xboxs's rating: 1069 &rarr; <strong>1049<\/strong><br \/>(-20 for losing)\n|l|\u2606xboxs\n|l|\u2606Luizgabrielexe\n","uploadtime":1700830293,"views":3,"p1id":"luizgabrielexe","p2id":"xboxs","formatid":"gen9nationaldexubers","rating":1049,"private":0,"password":""}