{"id":"gen9nationaldexubers-1985942106","p1":"techninja850","p2":"ParkerMayCry","format":"[Gen 9] National Dex Ubers","log":"|j|\u2606techninja850\n|j|\u2606ParkerMayCry\n|t:|1699426819\n|gametype|singles\n|player|p1|techninja850|169|1072\n|player|p2|ParkerMayCry|biker-gen4|1046\n|teamsize|p1|6\n|teamsize|p2|6\n|gen|9\n|tier|[Gen 9] National Dex Ubers\n|rated|\n|rule|HP Percentage Mod: HP is shown in percentages\n|rule|Endless Battle Clause: Forcing endless battles is banned\n|rule|OHKO Clause: OHKO moves are banned\n|rule|Evasion Moves Clause: Evasion moves are banned\n|rule|Evasion Items Clause: Evasion items are banned\n|rule|Species Clause: Limit one of each Pok\u00e9mon\n|rule|Sleep Clause Mod: Limit one foe put to sleep\n|rule|Mega Rayquaza Clause: You cannot mega evolve Rayquaza\n|clearpoke\n|poke|p1|Oshawott, M|\n|poke|p1|Greninja-*, M|\n|poke|p1|Dracovish|\n|poke|p1|Grimmsnarl, M|\n|poke|p1|Gengar, F|\n|poke|p1|Kingambit, M|\n|poke|p2|Tyranitar, M|\n|poke|p2|Volcarona, F|\n|poke|p2|Hydreigon, M|\n|poke|p2|Rillaboom, M|\n|poke|p2|Kingambit, M|\n|poke|p2|Aggron, M|\n|teampreview\n|\n|t:|1699426827\n|start\n|switch|p1a: MasterBaiter|Gengar, F|100\/100\n|switch|p2a: Godzilla|Tyranitar, M|100\/100\n|-weather|Sandstorm|[from] ability: Sand Stream|[of] p2a: Godzilla\n|turn|1\n|\n|t:|1699426850\n|detailschange|p2a: Godzilla|Tyranitar-Mega, M\n|-mega|p2a: Godzilla|Tyranitar|Tyranitarite\n|move|p1a: MasterBaiter|Hypnosis|p2a: Godzilla|[miss]\n|-miss|p1a: MasterBaiter|p2a: Godzilla\n|move|p2a: Godzilla|Dragon Dance|p2a: Godzilla\n|-boost|p2a: Godzilla|atk|1\n|-boost|p2a: Godzilla|spe|1\n|\n|-weather|Sandstorm|[upkeep]\n|-damage|p1a: MasterBaiter|94\/100|[from] Sandstorm\n|upkeep\n|turn|2\n|\n|t:|1699426862\n|move|p2a: Godzilla|Stone Edge|p1a: MasterBaiter\n|-damage|p1a: MasterBaiter|0 fnt\n|faint|p1a: MasterBaiter\n|\n|-weather|Sandstorm|[upkeep]\n|upkeep\n|c|\u2606ParkerMayCry|hey buddy you need a ride? i was just on my way to the big doofus convention\n|\n|t:|1699426878\n|switch|p1a: GiveMeHead|Dracovish|100\/100\n|turn|3\n|c|\u2606techninja850|u corny af\n|inactive|Battle timer is ON: inactive players will automatically lose when time's up. (requested by techninja850)\n|c|\u2606ParkerMayCry|which way to the living without a brain seminar? Don't be late\n|\n|t:|1699426916\n|move|p2a: Godzilla|Stone Edge|p1a: GiveMeHead\n|-damage|p1a: GiveMeHead|13\/100\n|move|p1a: GiveMeHead|Fishious Rend|p2a: Godzilla\n|-supereffective|p2a: Godzilla\n|-damage|p2a: Godzilla|0 fnt\n|faint|p2a: Godzilla\n|\n|-weather|Sandstorm|[upkeep]\n|-damage|p1a: GiveMeHead|7\/100|[from] Sandstorm\n|upkeep\n|\n|t:|1699426921\n|switch|p2a: King Kong|Rillaboom, M, shiny|100\/100\n|-fieldstart|move: Grassy Terrain|[from] ability: Grassy Surge|[of] p2a: King Kong\n|turn|4\n|c|\u2606techninja850|keep talking\n|\n|t:|1699426930\n|move|p2a: King Kong|Drum Beating|p1a: GiveMeHead\n|-damage|p1a: GiveMeHead|0 fnt\n|faint|p1a: GiveMeHead\n|\n|-weather|Sandstorm|[upkeep]\n|-damage|p2a: King Kong|94\/100|[from] Sandstorm\n|-heal|p2a: King Kong|100\/100|[from] Grassy Terrain\n|upkeep\n|c|\u2606ParkerMayCry|ok\n|\n|t:|1699426937\n|switch|p1a: Mr.Beast|Grimmsnarl, M, shiny|100\/100\n|turn|5\n|\n|t:|1699426947\n|move|p1a: Mr.Beast|Fake Out|p2a: King Kong\n|-damage|p2a: King Kong|83\/100\n|cant|p2a: King Kong|flinch\n|\n|-weather|none\n|-heal|p2a: King Kong|89\/100|[from] Grassy Terrain\n|upkeep\n|turn|6\n|\n|t:|1699426954\n|move|p2a: King Kong|Leech Seed|p1a: Mr.Beast\n|-start|p1a: Mr.Beast|move: Leech Seed\n|move|p1a: Mr.Beast|Spirit Break|p2a: King Kong\n|-crit|p2a: King Kong\n|-damage|p2a: King Kong|27\/100\n|-unboost|p2a: King Kong|spa|1\n|\n|-heal|p2a: King Kong|33\/100|[from] Grassy Terrain\n|-damage|p1a: Mr.Beast|88\/100|[from] Leech Seed|[of] p2a: King Kong\n|-heal|p2a: King Kong|47\/100|[silent]\n|upkeep\n|turn|7\n|\n|t:|1699426963\n|move|p2a: King Kong|Drain Punch|p1a: Mr.Beast\n|-damage|p1a: Mr.Beast|61\/100\n|-heal|p2a: King Kong|63\/100|[from] drain|[of] p1a: Mr.Beast\n|move|p1a: Mr.Beast|Spirit Break|p2a: King Kong\n|-damage|p2a: King Kong|17\/100\n|-unboost|p2a: King Kong|spa|1\n|\n|-heal|p2a: King Kong|23\/100|[from] Grassy Terrain\n|-heal|p1a: Mr.Beast|68\/100|[from] Grassy Terrain\n|-heal|p1a: Mr.Beast|74\/100|[from] item: Leftovers\n|-damage|p1a: Mr.Beast|61\/100|[from] Leech Seed|[of] p2a: King Kong\n|-heal|p2a: King Kong|37\/100|[silent]\n|upkeep\n|turn|8\n|\n|t:|1699426971\n|move|p2a: King Kong|Drain Punch|p1a: Mr.Beast\n|-crit|p1a: Mr.Beast\n|-damage|p1a: Mr.Beast|23\/100\n|-heal|p2a: King Kong|59\/100|[from] drain|[of] p1a: Mr.Beast\n|move|p1a: Mr.Beast|Spirit Break|p2a: King Kong\n|-damage|p2a: King Kong|12\/100\n|-unboost|p2a: King Kong|spa|1\n|\n|-heal|p2a: King Kong|18\/100|[from] Grassy Terrain\n|-heal|p1a: Mr.Beast|29\/100|[from] Grassy Terrain\n|-heal|p1a: Mr.Beast|35\/100|[from] item: Leftovers\n|-damage|p1a: Mr.Beast|23\/100|[from] Leech Seed|[of] p2a: King Kong\n|-heal|p2a: King Kong|32\/100|[silent]\n|-fieldend|move: Grassy Terrain\n|upkeep\n|turn|9\n|\n|t:|1699426977\n|move|p1a: Mr.Beast|Parting Shot|p2a: King Kong\n|-unboost|p2a: King Kong|atk|1\n|-unboost|p2a: King Kong|spa|1\n|\n|t:|1699426985\n|switch|p1a: Oshiwashi :3|Oshawott, M|100\/100|[from] Parting Shot\n|move|p2a: King Kong|Drain Punch|p1a: Oshiwashi :3\n|-damage|p1a: Oshiwashi :3|62\/100\n|-heal|p2a: King Kong|47\/100|[from] drain|[of] p1a: Oshiwashi :3\n|\n|upkeep\n|turn|10\n|\n|t:|1699426994\n|move|p1a: Oshiwashi :3|Detect|p1a: Oshiwashi :3\n|-singleturn|p1a: Oshiwashi :3|Protect\n|move|p2a: King Kong|Leech Seed|p1a: Oshiwashi :3\n|-activate|p1a: Oshiwashi :3|move: Protect\n|\n|upkeep\n|turn|11\n|\n|t:|1699426999\n|move|p2a: King Kong|Leech Seed|p1a: Oshiwashi :3\n|-start|p1a: Oshiwashi :3|move: Leech Seed\n|move|p1a: Oshiwashi :3|Avalanche|p2a: King Kong\n|-supereffective|p2a: King Kong\n|-damage|p2a: King Kong|18\/100\n|\n|-damage|p1a: Oshiwashi :3|50\/100|[from] Leech Seed|[of] p2a: King Kong\n|-heal|p2a: King Kong|27\/100|[silent]\n|upkeep\n|turn|12\n|\n|t:|1699427006\n|move|p2a: King Kong|Drain Punch|p1a: Oshiwashi :3\n|-damage|p1a: Oshiwashi :3|15\/100\n|-heal|p2a: King Kong|40\/100|[from] drain|[of] p1a: Oshiwashi :3\n|move|p1a: Oshiwashi :3|Avalanche|p2a: King Kong\n|-supereffective|p2a: King Kong\n|-damage|p2a: King Kong|0 fnt\n|faint|p2a: King Kong\n|\n|upkeep\n|c|\u2606techninja850|aint no way\n|\n|t:|1699427015\n|switch|p2a: Mecha-Godzilla|Aggron, M|100\/100\n|turn|13\n|c|\u2606ParkerMayCry|i'm shaking in my boots\n|\n|t:|1699427029\n|move|p1a: Oshiwashi :3|Aqua Jet|p2a: Mecha-Godzilla\n|-supereffective|p2a: Mecha-Godzilla\n|-damage|p2a: Mecha-Godzilla|81\/100\n|-damage|p1a: Oshiwashi :3|0 fnt|[from] item: Rocky Helmet|[of] p2a: Mecha-Godzilla\n|faint|p1a: Oshiwashi :3\n|move|p2a: Mecha-Godzilla|Thunderbolt|p1: Oshiwashi :3|[notarget]\n|-fail|p2a: Mecha-Godzilla\n|\n|upkeep\n|c|\u2606techninja850|u should be u clown\n|l|\u2606techninja850\n|inactive|techninja850 disconnected and has a minute to reconnect!\n|player|p1|\n|c|\u2606ParkerMayCry|lmfao\n|j|\u2606techninja850\n|inactive|techninja850 reconnected and has 130 seconds left.\n|player|p1|techninja850|169\n|inactive|techninja850 has 120 seconds left.\n|c|\u2606techninja850|wifi lol smd\n|\n|t:|1699427068\n|switch|p1a: Dattebayo|Greninja, M, shiny|100\/100\n|turn|14\n|inactive|techninja850 has 120 seconds left.\n|\n|t:|1699427082\n|move|p1a: Dattebayo|Dig||[still]\n|-prepare|p1a: Dattebayo|Dig\n|-start|p1a: Dattebayo|typechange|Ground|[from] ability: Protean\n|move|p2a: Mecha-Godzilla|Thunderbolt|p1a: Dattebayo|[miss]\n|-miss|p2a: Mecha-Godzilla|p1a: Dattebayo\n|\n|upkeep\n|turn|15\n|\n|t:|1699427089\n|move|p1a: Dattebayo|Dig|p2a: Mecha-Godzilla|[from]lockedmove\n|-supereffective|p2a: Mecha-Godzilla\n|-damage|p2a: Mecha-Godzilla|0 fnt\n|-damage|p1a: Dattebayo|84\/100|[from] item: Rocky Helmet|[of] p2a: Mecha-Godzilla\n|faint|p2a: Mecha-Godzilla\n|\n|upkeep\n|\n|t:|1699427092\n|switch|p2a: Mothra|Volcarona, F|100\/100\n|turn|16\n|\n|t:|1699427099\n|move|p1a: Dattebayo|Dig||[still]\n|-prepare|p1a: Dattebayo|Dig\n|move|p2a: Mothra|Quiver Dance|p2a: Mothra\n|-boost|p2a: Mothra|spa|1\n|-boost|p2a: Mothra|spd|1\n|-boost|p2a: Mothra|spe|1\n|\n|upkeep\n|turn|17\n|\n|t:|1699427112\n|move|p2a: Mothra|Quiver Dance|p2a: Mothra\n|-boost|p2a: Mothra|spa|1\n|-boost|p2a: Mothra|spd|1\n|-boost|p2a: Mothra|spe|1\n|move|p1a: Dattebayo|Dig|p2a: Mothra|[from]lockedmove\n|-damage|p2a: Mothra|38\/100\n|-status|p1a: Dattebayo|brn|[from] ability: Flame Body|[of] p2a: Mothra\n|\n|-damage|p1a: Dattebayo|78\/100 brn|[from] brn\n|upkeep\n|turn|18\n|\n|t:|1699427121\n|move|p2a: Mothra|Giga Drain|p1a: Dattebayo\n|-supereffective|p1a: Dattebayo\n|-damage|p1a: Dattebayo|0 fnt\n|-heal|p2a: Mothra|84\/100|[from] drain|[of] p1a: Dattebayo\n|faint|p1a: Dattebayo\n|\n|upkeep\n|\n|t:|1699427131\n|switch|p1a: Mr.Beast|Grimmsnarl, M, shiny|23\/100\n|turn|19\n|\n|t:|1699427145\n|move|p1a: Mr.Beast|Fake Out|p2a: Mothra\n|-damage|p2a: Mothra|59\/100\n|-status|p1a: Mr.Beast|brn|[from] ability: Flame Body|[of] p2a: Mothra\n|cant|p2a: Mothra|flinch\n|\n|-heal|p1a: Mr.Beast|29\/100 brn|[from] item: Leftovers\n|-damage|p1a: Mr.Beast|23\/100 brn|[from] brn\n|upkeep\n|turn|20\n|\n|t:|1699427152\n|move|p2a: Mothra|Leech Life|p1a: Mr.Beast\n|-damage|p1a: Mr.Beast|1\/100 brn\n|-heal|p2a: Mothra|77\/100|[from] drain|[of] p1a: Mr.Beast\n|move|p1a: Mr.Beast|Spirit Break|p2a: Mothra\n|-resisted|p2a: Mothra\n|-crit|p2a: Mothra\n|-damage|p2a: Mothra|52\/100\n|-unboost|p2a: Mothra|spa|1\n|\n|-heal|p1a: Mr.Beast|7\/100 brn|[from] item: Leftovers\n|-damage|p1a: Mr.Beast|1\/100 brn|[from] brn\n|upkeep\n|turn|21\n|\n|t:|1699427160\n|move|p2a: Mothra|Leech Life|p1a: Mr.Beast\n|-crit|p1a: Mr.Beast\n|-damage|p1a: Mr.Beast|0 fnt\n|-heal|p2a: Mothra|52\/100|[from] drain|[of] p1a: Mr.Beast\n|faint|p1a: Mr.Beast\n|\n|upkeep\n|\n|t:|1699427162\n|switch|p1a: Iguodala|Kingambit, M|100\/100\n|-activate|p1a: Iguodala|ability: Supreme Overlord\n|-start|p1a: Iguodala|fallen5|[silent]\n|-item|p1a: Iguodala|Air Balloon\n|turn|22\n|\n|t:|1699427168\n|move|p1a: Iguodala|Sucker Punch|p2a: Mothra\n|-damage|p2a: Mothra|0 fnt\n|faint|p2a: Mothra\n|\n|upkeep\n|\n|t:|1699427175\n|switch|p2a: King Ghidorah|Hydreigon, M|100\/100\n|turn|23\n|\n|t:|1699427178\n|move|p2a: King Ghidorah|Draco Meteor|p1a: Iguodala\n|-resisted|p1a: Iguodala\n|-damage|p1a: Iguodala|69\/100\n|-unboost|p2a: King Ghidorah|spa|2\n|-enditem|p1a: Iguodala|Air Balloon\n|move|p1a: Iguodala|Swords Dance|p1a: Iguodala\n|-boost|p1a: Iguodala|atk|2\n|\n|upkeep\n|turn|24\n|\n|t:|1699427189\n|move|p1a: Iguodala|Sucker Punch|p2a: King Ghidorah\n|-resisted|p2a: King Ghidorah\n|-damage|p2a: King Ghidorah|21\/100\n|-damage|p1a: Iguodala|52\/100|[from] item: Rocky Helmet|[of] p2a: King Ghidorah\n|move|p2a: King Ghidorah|Draco Meteor|p1a: Iguodala\n|-resisted|p1a: Iguodala\n|-damage|p1a: Iguodala|37\/100\n|-unboost|p2a: King Ghidorah|spa|2\n|\n|upkeep\n|turn|25\n|\n|t:|1699427197\n|move|p1a: Iguodala|Sucker Punch|p2a: King Ghidorah\n|-resisted|p2a: King Ghidorah\n|-damage|p2a: King Ghidorah|0 fnt\n|-damage|p1a: Iguodala|21\/100|[from] item: Rocky Helmet|[of] p2a: King Ghidorah\n|faint|p2a: King Ghidorah\n|\n|upkeep\n|\n|t:|1699427199\n|switch|p2a: Jet Jaguar|Kingambit, M|100\/100\n|-activate|p2a: Jet Jaguar|ability: Supreme Overlord\n|-start|p2a: Jet Jaguar|fallen5|[silent]\n|turn|26\n|\n|t:|1699427211\n|-terastallize|p2a: Jet Jaguar|Fairy\n|-terastallize|p1a: Iguodala|Fairy\n|move|p1a: Iguodala|Sucker Punch|p2a: Jet Jaguar\n|-resisted|p2a: Jet Jaguar\n|-damage|p2a: Jet Jaguar|49\/100\n|move|p2a: Jet Jaguar|X-Scissor|p1a: Iguodala\n|-resisted|p1a: Iguodala\n|-damage|p1a: Iguodala|6\/100\n|\n|upkeep\n|turn|27\n|\n|t:|1699427217\n|move|p1a: Iguodala|Sucker Punch|p2a: Jet Jaguar\n|-resisted|p2a: Jet Jaguar\n|-damage|p2a: Jet Jaguar|0 fnt\n|faint|p2a: Jet Jaguar\n|-end|p2a: Jet Jaguar|fallen5|[silent]\n|\n|win|techninja850\n|raw|techninja850's rating: 1072 &rarr; <strong>1099<\/strong><br \/>(+27 for winning)\n|raw|ParkerMayCry's rating: 1046 &rarr; <strong>1030<\/strong><br \/>(-16 for losing)\n|c|\u2606techninja850|u suck\n|c|\u2606techninja850|lmao\n|c|\u2606ParkerMayCry|gargle my nuts\n|c|\u2606techninja850|u threw\n|c|\u2606techninja850|so bad\n|c|\u2606ParkerMayCry|wow\n|c|\u2606techninja850|ur so bad\n|c|\u2606ParkerMayCry|very angry\n|c|\u2606techninja850|all that shi talk for what\n|c|\u2606ParkerMayCry|much hate\n|c|\u2606techninja850|all that talk for what\n|c|\u2606techninja850|all that talk for what\n|c|\u2606ParkerMayCry|its a fucking game lil boy\n|c|\u2606ParkerMayCry|lol\n|c|\u2606techninja850|u talking so much shi\n|c|\u2606ParkerMayCry|bro thinks he just cleared the lottery like grow up lmfao\n|c|\u2606techninja850|what happened\n|c|\u2606techninja850|what happend\n|c|\u2606techninja850|smd kid\n|c|\u2606ParkerMayCry|go to bed lil boy lol\n|c|\u2606techninja850|show me a band since u think u like that then\n|c|\u2606ParkerMayCry|gonna be late for school tomorrow\n|c|\u2606techninja850|show me a band\n|c|\u2606techninja850|lmao\n|c|\u2606ParkerMayCry|i'm shaking in my boots\n|c|\u2606ParkerMayCry|ooh\n|c|\u2606techninja850|u broke and u suck at playing a kids game\n|c|\u2606techninja850|shi pathetic\n|c|\u2606ParkerMayCry|lmfao\n|c|\u2606ParkerMayCry|ok\n|c|\u2606techninja850|smd i own you\n|c|\u2606ParkerMayCry|my feelings are so hurt\n|c|\u2606techninja850|good then\n|c|\u2606ParkerMayCry|im literally crying rn\n|c|\u2606ParkerMayCry|how could you do this\n|c|\u2606techninja850|as u should\n|c|\u2606ParkerMayCry|i'm so fucking sad now\n|c|\u2606techninja850|wahwahwah\n|c|\u2606ParkerMayCry|you hurt my feelings\n|c|\u2606ParkerMayCry|how could you\n|c|\u2606ParkerMayCry|you monster\n|c|\u2606ParkerMayCry|yap machine\n|c|\u2606techninja850|u need a ride to the doofus convention>\n|c|\u2606techninja850|goofy ahh mf\n|c|\u2606ParkerMayCry|bro can't even spell\n|c|\u2606ParkerMayCry|lmfao\n|c|\u2606ParkerMayCry|lol\n|c|\u2606ParkerMayCry|kek\n|c|\u2606ParkerMayCry|u mad\n|c|\u2606ParkerMayCry|ur dum\n|c|\u2606techninja850|u ain shi\n|l|\u2606techninja850\n|c|\u2606ParkerMayCry|u fookin idut\n|j|\u2606techninja850\n|player|p1|techninja850|169\n|l|\u2606ParkerMayCry\n","uploadtime":1699427768,"views":8,"p1id":"techninja850","p2id":"parkermaycry","formatid":"gen9nationaldexubers","rating":1030,"private":0,"password":""}