{"id":"gen9nationaldexubers-1982931299","p1":"zillygaming","p2":"Socram08","format":"[Gen 9] National Dex Ubers","log":"|j|\u2606zillygaming\n|j|\u2606Socram08\n|t:|1699060033\n|gametype|singles\n|player|p1|zillygaming|ingo|1213\n|player|p2|Socram08|falkner|1097\n|teamsize|p1|6\n|teamsize|p2|6\n|gen|9\n|tier|[Gen 9] National Dex Ubers\n|rated|\n|rule|HP Percentage Mod: HP is shown in percentages\n|rule|Endless Battle Clause: Forcing endless battles is banned\n|rule|OHKO Clause: OHKO moves are banned\n|rule|Evasion Moves Clause: Evasion moves are banned\n|rule|Evasion Items Clause: Evasion items are banned\n|rule|Species Clause: Limit one of each Pok\u00e9mon\n|rule|Sleep Clause Mod: Limit one foe put to sleep\n|rule|Mega Rayquaza Clause: You cannot mega evolve Rayquaza\n|clearpoke\n|poke|p1|Lunala|\n|poke|p1|Groudon|\n|poke|p1|Zacian-*|\n|poke|p1|Gholdengo|\n|poke|p1|Incineroar, M|\n|poke|p1|Quaquaval, F|\n|poke|p2|Sawk, M|\n|poke|p2|Marowak-Alola, M|\n|poke|p2|Dragonite, M|\n|poke|p2|Greninja-*, F|\n|poke|p2|Spectrier|\n|poke|p2|Calyrex-Ice|\n|teampreview\n|inactive|Battle timer is ON: inactive players will automatically lose when time's up. (requested by Socram08)\n|\n|t:|1699060060\n|start\n|switch|p1a: Groudon|Groudon|100\/100\n|switch|p2a: Greninja|Greninja, F|100\/100\n|detailschange|p1a: Groudon|Groudon-Primal\n|-primal|p1a: Groudon|Red Orb\n|-weather|DesolateLand|[from] ability: Desolate Land|[of] p1a: Groudon\n|turn|1\n|\n|t:|1699060076\n|move|p2a: Greninja|Work Up|p2a: Greninja\n|-start|p2a: Greninja|typechange|Normal|[from] ability: Protean\n|-boost|p2a: Greninja|atk|1\n|-boost|p2a: Greninja|spa|1\n|move|p1a: Groudon|Dragon Claw|p2a: Greninja\n|-crit|p2a: Greninja\n|-damage|p2a: Greninja|16\/100\n|\n|-weather|DesolateLand|[upkeep]\n|upkeep\n|turn|2\n|\n|t:|1699060092\n|move|p2a: Greninja|Dark Pulse|p1a: Groudon\n|-damage|p1a: Groudon|70\/100\n|move|p1a: Groudon|Dragon Claw|p2a: Greninja\n|-damage|p2a: Greninja|0 fnt\n|faint|p2a: Greninja\n|\n|-weather|DesolateLand|[upkeep]\n|upkeep\n|\n|t:|1699060112\n|switch|p2a: Sawk|Sawk, M|100\/100\n|-ability|p2a: Sawk|Mold Breaker\n|turn|3\n|inactive|zillygaming has 120 seconds left.\n|\n|t:|1699060137\n|-weather|none\n|switch|p1a: Gholdengo|Gholdengo|100\/100\n|move|p2a: Sawk|Close Combat|p1a: Gholdengo\n|-immune|p1a: Gholdengo\n|\n|upkeep\n|turn|4\n|inactive|zillygaming has 120 seconds left.\n|\n|t:|1699060148\n|move|p2a: Sawk|Knock Off|p1a: Gholdengo\n|-supereffective|p1a: Gholdengo\n|-damage|p1a: Gholdengo|22\/100\n|-enditem|p1a: Gholdengo|Leftovers|[from] move: Knock Off|[of] p2a: Sawk\n|-damage|p2a: Sawk|91\/100|[from] item: Life Orb\n|move|p1a: Gholdengo|Nasty Plot|p1a: Gholdengo\n|-boost|p1a: Gholdengo|spa|2\n|\n|upkeep\n|turn|5\n|inactive|zillygaming has 120 seconds left.\n|\n|t:|1699060158\n|move|p2a: Sawk|Knock Off|p1a: Gholdengo\n|-supereffective|p1a: Gholdengo\n|-damage|p1a: Gholdengo|0 fnt\n|faint|p1a: Gholdengo\n|-damage|p2a: Sawk|81\/100|[from] item: Life Orb\n|\n|upkeep\n|inactive|zillygaming has 120 seconds left.\n|\n|t:|1699060168\n|switch|p1a: Groudon|Groudon-Primal|70\/100\n|-weather|DesolateLand|[from] ability: Desolate Land|[of] p1a: Groudon\n|turn|6\n|inactive|zillygaming has 120 seconds left.\n|\n|t:|1699060178\n|move|p2a: Sawk|Close Combat|p1a: Groudon\n|-damage|p1a: Groudon|27\/100\n|-unboost|p2a: Sawk|def|1\n|-unboost|p2a: Sawk|spd|1\n|-damage|p2a: Sawk|71\/100|[from] item: Life Orb\n|move|p1a: Groudon|Earthquake|p2a: Sawk\n|-damage|p2a: Sawk|0 fnt\n|faint|p2a: Sawk\n|\n|-weather|DesolateLand|[upkeep]\n|upkeep\n|\n|t:|1699060190\n|switch|p2a: Dragonite|Dragonite, M|100\/100\n|turn|7\n|\n|t:|1699060196\n|move|p2a: Dragonite|Dragon Dance|p2a: Dragonite\n|-boost|p2a: Dragonite|atk|1\n|-boost|p2a: Dragonite|spe|1\n|move|p1a: Groudon|Dragon Claw|p2a: Dragonite\n|-supereffective|p2a: Dragonite\n|-damage|p2a: Dragonite|66\/100\n|\n|-weather|DesolateLand|[upkeep]\n|upkeep\n|turn|8\n|\n|t:|1699060203\n|move|p2a: Dragonite|Earthquake|p1a: Groudon\n|-supereffective|p1a: Groudon\n|-damage|p1a: Groudon|0 fnt\n|faint|p1a: Groudon\n|-weather|none\n|\n|upkeep\n|\n|t:|1699060221\n|switch|p1a: Incineroar|Incineroar, M|100\/100\n|-ability|p1a: Incineroar|Intimidate|boost\n|-unboost|p2a: Dragonite|atk|1\n|turn|9\n|\n|t:|1699060226\n|move|p1a: Incineroar|Fake Out|p2a: Dragonite\n|-damage|p2a: Dragonite|55\/100\n|cant|p2a: Dragonite|flinch\n|\n|upkeep\n|turn|10\n|\n|t:|1699060235\n|move|p2a: Dragonite|Dragon Dance|p2a: Dragonite\n|-boost|p2a: Dragonite|atk|1\n|-boost|p2a: Dragonite|spe|1\n|-zpower|p1a: Incineroar\n|move|p1a: Incineroar|Malicious Moonsault|p2a: Dragonite|[zeffect]\n|-damage|p2a: Dragonite|0 fnt\n|faint|p2a: Dragonite\n|\n|upkeep\n|\n|t:|1699060248\n|switch|p2a: Marowak|Marowak-Alola, M|100\/100\n|turn|11\n|\n|t:|1699060252\n|move|p1a: Incineroar|Darkest Lariat|p2a: Marowak\n|-supereffective|p2a: Marowak\n|-damage|p2a: Marowak|31\/100\n|move|p2a: Marowak|Double-Edge|p1a: Incineroar\n|-damage|p1a: Incineroar|40\/100\n|\n|upkeep\n|turn|12\n|\n|t:|1699060259\n|move|p1a: Incineroar|Darkest Lariat|p2a: Marowak\n|-supereffective|p2a: Marowak\n|-damage|p2a: Marowak|0 fnt\n|faint|p2a: Marowak\n|\n|upkeep\n|\n|t:|1699060268\n|switch|p2a: Spectrier|Spectrier|100\/100\n|turn|13\n|\n|t:|1699060273\n|-terastallize|p2a: Spectrier|Fairy\n|move|p2a: Spectrier|Tera Blast|p1a: Incineroar|[anim] Tera Blast Fairy\n|-damage|p1a: Incineroar|0 fnt\n|faint|p1a: Incineroar\n|-ability|p2a: Spectrier|Grim Neigh|boost\n|-boost|p2a: Spectrier|spa|1\n|\n|upkeep\n|\n|t:|1699060284\n|switch|p1a: Zacian|Zacian-Crowned|100\/100\n|-ability|p1a: Zacian|Intrepid Sword|boost\n|-boost|p1a: Zacian|atk|1\n|turn|14\n|\n|t:|1699060289\n|-terastallize|p1a: Zacian|Ground\n|move|p2a: Spectrier|Tera Blast|p1a: Zacian|[anim] Tera Blast Fairy\n|-damage|p1a: Zacian|12\/100\n|move|p1a: Zacian|Behemoth Blade|p2a: Spectrier\n|-supereffective|p2a: Spectrier\n|-damage|p2a: Spectrier|0 fnt\n|faint|p2a: Spectrier\n|\n|upkeep\n|\n|t:|1699060293\n|switch|p2a: Calyrex|Calyrex-Ice|100\/100\n|-ability|p2a: Calyrex|As One\n|-ability|p2a: Calyrex|Unnerve\n|turn|15\n|\n|t:|1699060306\n|move|p1a: Zacian|Behemoth Blade|p2a: Calyrex\n|-supereffective|p2a: Calyrex\n|-damage|p2a: Calyrex|0 fnt\n|faint|p2a: Calyrex\n|\n|win|zillygaming\n|raw|zillygaming's rating: 1213 &rarr; <strong>1230<\/strong><br \/>(+17 for winning)\n|raw|Socram08's rating: 1097 &rarr; <strong>1080<\/strong><br \/>(-17 for losing)\n|l|\u2606Socram08\n","uploadtime":1699060349,"views":8,"p1id":"zillygaming","p2id":"socram08","formatid":"gen9nationaldexubers","rating":1080,"private":0,"password":""}