{"id":"gen9nationaldexubers-1977920595","p1":"Flames98765","p2":"MiraGraves","format":"[Gen 9] National Dex Ubers","log":"|j|\u2606Flames98765\n|j|\u2606MiraGraves\n|t:|1698466667\n|gametype|singles\n|player|p1|Flames98765|jasmine|\n|player|p2|MiraGraves|psychicf-gen4|\n|teamsize|p1|6\n|teamsize|p2|6\n|gen|9\n|tier|[Gen 9] National Dex Ubers\n|rule|HP Percentage Mod: HP is shown in percentages\n|rule|Endless Battle Clause: Forcing endless battles is banned\n|rule|OHKO Clause: OHKO moves are banned\n|rule|Evasion Moves Clause: Evasion moves are banned\n|rule|Evasion Items Clause: Evasion items are banned\n|rule|Species Clause: Limit one of each Pok\u00e9mon\n|rule|Sleep Clause Mod: Limit one foe put to sleep\n|rule|Mega Rayquaza Clause: You cannot mega evolve Rayquaza\n|clearpoke\n|poke|p1|Heliolisk, F|\n|poke|p1|Venusaur, M|\n|poke|p1|Thundurus, M|\n|poke|p1|Sandy Shocks|\n|poke|p1|Shiftry, M|\n|poke|p1|Whimsicott, M|\n|poke|p2|Ninetales-Alola, F|\n|poke|p2|Magearna|\n|poke|p2|Baxcalibur, M|\n|poke|p2|Heatran, M|\n|poke|p2|Victini|\n|poke|p2|Landorus-Therian, M|\n|teampreview\n|\n|t:|1698466690\n|start\n|switch|p1a: Thundurus|Thundurus, M|100\/100\n|switch|p2a: Landorus|Landorus-Therian, M|100\/100\n|-ability|p2a: Landorus|Intimidate|boost\n|-unboost|p1a: Thundurus|atk|1\n|turn|1\n|\n|t:|1698466707\n|move|p1a: Thundurus|Sunny Day|p1a: Thundurus\n|-weather|SunnyDay\n|move|p2a: Landorus|Stone Edge|p1a: Thundurus\n|-supereffective|p1a: Thundurus\n|-damage|p1a: Thundurus|0 fnt\n|faint|p1a: Thundurus\n|\n|-weather|SunnyDay|[upkeep]\n|upkeep\n|\n|t:|1698466730\n|switch|p1a: Venusaur|Venusaur, M|100\/100\n|turn|2\n|\n|t:|1698466748\n|switch|p2a: Ninetales|Ninetales-Alola, F|100\/100\n|-weather|Snow|[from] ability: Snow Warning|[of] p2a: Ninetales\n|move|p1a: Venusaur|Sleep Powder|p2a: Ninetales|[miss]\n|-miss|p1a: Venusaur|p2a: Ninetales\n|\n|-weather|Snow|[upkeep]\n|upkeep\n|turn|3\n|\n|t:|1698466757\n|detailschange|p1a: Venusaur|Venusaur-Mega, M\n|-mega|p1a: Venusaur|Venusaur|Venusaurite\n|move|p2a: Ninetales|Aurora Veil|p2a: Ninetales\n|-sidestart|p2: MiraGraves|move: Aurora Veil\n|move|p1a: Venusaur|Sleep Powder|p2a: Ninetales\n|-status|p2a: Ninetales|slp|[from] move: Sleep Powder\n|\n|-weather|Snow|[upkeep]\n|upkeep\n|turn|4\n|\n|t:|1698466779\n|switch|p2a: Baxcalibur|Baxcalibur, M|100\/100\n|move|p1a: Venusaur|Sludge Bomb|p2a: Baxcalibur\n|-damage|p2a: Baxcalibur|75\/100\n|\n|-weather|Snow|[upkeep]\n|-heal|p2a: Baxcalibur|81\/100|[from] ability: Ice Body\n|upkeep\n|turn|5\n|\n|t:|1698466788\n|switch|p1a: Whimsicott|Whimsicott, M|100\/100\n|-terastallize|p2a: Baxcalibur|Dragon\n|move|p2a: Baxcalibur|Swords Dance|p2a: Baxcalibur\n|-boost|p2a: Baxcalibur|atk|2\n|\n|-weather|Snow|[upkeep]\n|-heal|p2a: Baxcalibur|88\/100|[from] ability: Ice Body\n|upkeep\n|turn|6\n|\n|t:|1698466802\n|move|p1a: Whimsicott|Encore|p2a: Baxcalibur\n|-start|p2a: Baxcalibur|Encore\n|move|p2a: Baxcalibur|Swords Dance|p2a: Baxcalibur\n|-boost|p2a: Baxcalibur|atk|2\n|\n|-weather|Snow|[upkeep]\n|-heal|p2a: Baxcalibur|94\/100|[from] ability: Ice Body\n|upkeep\n|turn|7\n|\n|t:|1698466814\n|switch|p2a: Heatran|Heatran, M|100\/100\n|-item|p2a: Heatran|Air Balloon\n|move|p1a: Whimsicott|Tailwind|p1a: Whimsicott\n|-sidestart|p1: Flames98765|move: Tailwind\n|\n|-weather|Snow|[upkeep]\n|-sideend|p2: MiraGraves|move: Aurora Veil\n|upkeep\n|turn|8\n|\n|t:|1698466827\n|move|p1a: Whimsicott|U-turn|p2a: Heatran\n|-resisted|p2a: Heatran\n|-damage|p2a: Heatran|98\/100\n|-enditem|p2a: Heatran|Air Balloon\n|\n|t:|1698466836\n|switch|p1a: Sandy Shocks|Sandy Shocks|100\/100|[from] U-turn\n|-enditem|p1a: Sandy Shocks|Booster Energy\n|-activate|p1a: Sandy Shocks|ability: Protosynthesis|[fromitem]\n|-start|p1a: Sandy Shocks|protosynthesisspa\n|move|p2a: Heatran|Stealth Rock|p1a: Sandy Shocks\n|-sidestart|p1: Flames98765|move: Stealth Rock\n|\n|-weather|Snow|[upkeep]\n|upkeep\n|turn|9\n|\n|t:|1698466862\n|switch|p2a: Landorus|Landorus-Therian, M|100\/100\n|-ability|p2a: Landorus|Intimidate|boost\n|-unboost|p1a: Sandy Shocks|atk|1\n|move|p1a: Sandy Shocks|Spikes|p2a: Landorus\n|-sidestart|p2: MiraGraves|Spikes\n|\n|-weather|none\n|upkeep\n|turn|10\n|\n|t:|1698466877\n|-end|p1a: Sandy Shocks|Protosynthesis|[silent]\n|switch|p1a: Venusaur|Venusaur-Mega, M|100\/100\n|-damage|p1a: Venusaur|88\/100|[from] Stealth Rock\n|move|p2a: Landorus|Earthquake|p1a: Venusaur\n|-damage|p1a: Venusaur|42\/100\n|\n|-sideend|p1: Flames98765|move: Tailwind\n|upkeep\n|turn|11\n|\n|t:|1698466889\n|move|p2a: Landorus|Earthquake|p1a: Venusaur\n|-damage|p1a: Venusaur|0 fnt\n|faint|p1a: Venusaur\n|\n|upkeep\n|\n|t:|1698466899\n|switch|p1a: Heliolisk|Heliolisk, F|100\/100\n|-damage|p1a: Heliolisk|88\/100|[from] Stealth Rock\n|turn|12\n|\n|t:|1698466904\n|move|p1a: Heliolisk|Hidden Power|p2a: Landorus\n|-supereffective|p2a: Landorus\n|-damage|p2a: Landorus|3\/100\n|move|p2a: Landorus|Earthquake|p1a: Heliolisk\n|-supereffective|p1a: Heliolisk\n|-damage|p1a: Heliolisk|0 fnt\n|faint|p1a: Heliolisk\n|\n|upkeep\n|c|\u2606MiraGraves|Ouch\n|\n|t:|1698466937\n|switch|p1a: Shiftry|Shiftry, M|100\/100\n|-damage|p1a: Shiftry|88\/100|[from] Stealth Rock\n|turn|13\n|\n|t:|1698466949\n|switch|p2a: Ninetales|Ninetales-Alola, F|100\/100 slp\n|-damage|p2a: Ninetales|88\/100 slp|[from] Spikes\n|-weather|Snow|[from] ability: Snow Warning|[of] p2a: Ninetales\n|move|p1a: Shiftry|Sucker Punch||[still]\n|-fail|p1a: Shiftry\n|\n|-weather|Snow|[upkeep]\n|upkeep\n|turn|14\n|\n|t:|1698466960\n|cant|p2a: Ninetales|slp\n|move|p1a: Shiftry|Tailwind|p1a: Shiftry\n|-sidestart|p1: Flames98765|move: Tailwind\n|-ability|p1a: Shiftry|Wind Rider|boost\n|-boost|p1a: Shiftry|atk|1\n|\n|-weather|Snow|[upkeep]\n|upkeep\n|turn|15\n|\n|t:|1698466973\n|move|p1a: Shiftry|Leaf Blade|p2a: Ninetales\n|-damage|p2a: Ninetales|31\/100 slp\n|cant|p2a: Ninetales|slp\n|\n|-weather|Snow|[upkeep]\n|upkeep\n|turn|16\n|\n|t:|1698466980\n|move|p1a: Shiftry|Leaf Blade|p2a: Ninetales\n|-crit|p2a: Ninetales\n|-damage|p2a: Ninetales|0 fnt\n|faint|p2a: Ninetales\n|\n|-weather|Snow|[upkeep]\n|upkeep\n|\n|t:|1698466988\n|switch|p2a: Heatran|Heatran, M|98\/100\n|-damage|p2a: Heatran|86\/100|[from] Spikes\n|turn|17\n|\n|t:|1698466995\n|-zpower|p1a: Shiftry\n|move|p1a: Shiftry|Black Hole Eclipse|p2a: Heatran|[zeffect]\n|-damage|p2a: Heatran|22\/100\n|move|p2a: Heatran|Roar|p1a: Shiftry\n|drag|p1a: Whimsicott|Whimsicott, M|100\/100\n|-damage|p1a: Whimsicott|88\/100|[from] Stealth Rock\n|\n|-weather|Snow|[upkeep]\n|-sideend|p1: Flames98765|move: Tailwind\n|upkeep\n|turn|18\n|\n|t:|1698467009\n|move|p1a: Whimsicott|Encore|p2a: Heatran\n|-start|p2a: Heatran|Encore\n|move|p2a: Heatran|Roar|p1a: Whimsicott\n|drag|p1a: Sandy Shocks|Sandy Shocks|100\/100\n|-damage|p1a: Sandy Shocks|94\/100|[from] Stealth Rock\n|\n|-weather|Snow|[upkeep]\n|upkeep\n|turn|19\n|\n|t:|1698467026\n|switch|p2a: Landorus|Landorus-Therian, M|3\/100\n|-ability|p2a: Landorus|Intimidate|boost\n|-unboost|p1a: Sandy Shocks|atk|1\n|move|p1a: Sandy Shocks|Power Gem|p2a: Landorus\n|-damage|p2a: Landorus|0 fnt\n|faint|p2a: Landorus\n|\n|-weather|Snow|[upkeep]\n|upkeep\n|\n|t:|1698467038\n|switch|p2a: Victini|Victini|100\/100\n|-damage|p2a: Victini|88\/100|[from] Spikes\n|turn|20\n|\n|t:|1698467058\n|-terastallize|p1a: Sandy Shocks|Rock\n|move|p1a: Sandy Shocks|Earth Power|p2a: Victini\n|-supereffective|p2a: Victini\n|-damage|p2a: Victini|3\/100\n|-zpower|p2a: Victini\n|move|p2a: Victini|Z-Celebrate|p2a: Victini|[anim]Celebrate\n|-boost|p2a: Victini|atk|1|[zeffect]\n|-boost|p2a: Victini|def|1|[zeffect]\n|-boost|p2a: Victini|spa|1|[zeffect]\n|-boost|p2a: Victini|spd|1|[zeffect]\n|-boost|p2a: Victini|spe|1|[zeffect]\n|-activate|p2a: Victini|move: Celebrate\n|\n|-weather|none\n|upkeep\n|turn|21\n|\n|t:|1698467072\n|-end|p1a: Sandy Shocks|Protosynthesis|[silent]\n|switch|p1a: Whimsicott|Whimsicott, M|88\/100\n|-damage|p1a: Whimsicott|76\/100|[from] Stealth Rock\n|move|p2a: Victini|Stored Power|p1a: Whimsicott\n|-damage|p1a: Whimsicott|0 fnt\n|faint|p1a: Whimsicott\n|\n|upkeep\n|\n|t:|1698467080\n|switch|p1a: Shiftry|Shiftry, M|88\/100\n|-damage|p1a: Shiftry|76\/100|[from] Stealth Rock\n|turn|22\n|\n|t:|1698467086\n|move|p1a: Shiftry|Sucker Punch|p2a: Victini\n|-supereffective|p2a: Victini\n|-damage|p2a: Victini|0 fnt\n|faint|p2a: Victini\n|\n|upkeep\n|\n|t:|1698467091\n|switch|p2a: Heatran|Heatran, M|22\/100\n|-damage|p2a: Heatran|10\/100|[from] Spikes\n|turn|23\n|\n|t:|1698467105\n|move|p1a: Shiftry|Tailwind|p1a: Shiftry\n|-sidestart|p1: Flames98765|move: Tailwind\n|-ability|p1a: Shiftry|Wind Rider|boost\n|-boost|p1a: Shiftry|atk|1\n|move|p2a: Heatran|Magma Storm|p1a: Shiftry\n|-supereffective|p1a: Shiftry\n|-damage|p1a: Shiftry|0 fnt\n|faint|p1a: Shiftry\n|\n|upkeep\n|\n|t:|1698467112\n|switch|p1a: Sandy Shocks|Sandy Shocks, tera:Rock|94\/100\n|-damage|p1a: Sandy Shocks|82\/100|[from] Stealth Rock\n|turn|24\n|\n|t:|1698467121\n|move|p1a: Sandy Shocks|Earth Power|p2a: Heatran\n|-supereffective|p2a: Heatran\n|-damage|p2a: Heatran|0 fnt\n|faint|p2a: Heatran\n|\n|upkeep\n|\n|t:|1698467127\n|switch|p2a: Baxcalibur|Baxcalibur, M, tera:Dragon|94\/100\n|-damage|p2a: Baxcalibur|81\/100|[from] Spikes\n|turn|25\n|\n|t:|1698467144\n|move|p1a: Sandy Shocks|Earth Power|p2a: Baxcalibur\n|-damage|p2a: Baxcalibur|34\/100\n|move|p2a: Baxcalibur|Scale Shot|p1a: Sandy Shocks|[miss]\n|-miss|p2a: Baxcalibur|p1a: Sandy Shocks\n|\n|upkeep\n|turn|26\n|\n|t:|1698467159\n|move|p1a: Sandy Shocks|Earth Power|p2a: Baxcalibur\n|-damage|p2a: Baxcalibur|0 fnt\n|faint|p2a: Baxcalibur\n|\n|-sideend|p1: Flames98765|move: Tailwind\n|upkeep\n|\n|t:|1698467162\n|switch|p2a: Magearna|Magearna|100\/100\n|-damage|p2a: Magearna|88\/100|[from] Spikes\n|turn|27\n|\n|t:|1698467175\n|move|p1a: Sandy Shocks|Earth Power|p2a: Magearna\n|-supereffective|p2a: Magearna\n|-damage|p2a: Magearna|17\/100\n|move|p2a: Magearna|Fleur Cannon|p1a: Sandy Shocks|[miss]\n|-miss|p2a: Magearna|p1a: Sandy Shocks\n|\n|-heal|p2a: Magearna|23\/100|[from] item: Leftovers\n|upkeep\n|turn|28\n|c|\u2606Flames98765|F\n|c|\u2606MiraGraves|F me....\n|\n|t:|1698467189\n|move|p1a: Sandy Shocks|Earth Power|p2a: Magearna\n|-supereffective|p2a: Magearna\n|-damage|p2a: Magearna|0 fnt\n|faint|p2a: Magearna\n|\n|win|Flames98765\n|c|\u2606Flames98765|I didnt get off the combo\n|c|\u2606MiraGraves|The misses....\n|c|\u2606Flames98765|wannna see it\n","uploadtime":1698467199,"views":10,"p1id":"flames98765","p2id":"miragraves","formatid":"gen9nationaldexubers","rating":0,"private":0,"password":""}