{"id":"gen9nationaldexubers-1991859613","p1":"wdymthenameisthere","p2":"Amoledge","format":"[Gen 9] National Dex Ubers","log":"|j|\u2606wdymthenameisthere\n|j|\u2606Amoledge\n|t:|1700129706\n|gametype|singles\n|player|p1|wdymthenameisthere|volkner|1146\n|player|p2|Amoledge|thorton|1049\n|teamsize|p1|6\n|teamsize|p2|6\n|gen|9\n|tier|[Gen 9] National Dex Ubers\n|rated|\n|rule|HP Percentage Mod: HP is shown in percentages\n|rule|Endless Battle Clause: Forcing endless battles is banned\n|rule|OHKO Clause: OHKO moves are banned\n|rule|Evasion Moves Clause: Evasion moves are banned\n|rule|Evasion Items Clause: Evasion items are banned\n|rule|Species Clause: Limit one of each Pok\u00e9mon\n|rule|Sleep Clause Mod: Limit one foe put to sleep\n|rule|Mega Rayquaza Clause: You cannot mega evolve Rayquaza\n|clearpoke\n|poke|p1|Dracovish|\n|poke|p1|Eternatus|\n|poke|p1|Kingambit, M|\n|poke|p1|Ferrothorn, M|\n|poke|p1|Groudon|\n|poke|p1|Calyrex-Ice|\n|poke|p2|Reuniclus, M|\n|poke|p2|Sneasler, M|\n|poke|p2|Swampert, M|\n|poke|p2|Iron Treads|\n|poke|p2|Smeargle, F|\n|poke|p2|Regieleki|\n|teampreview\n|\n|t:|1700129714\n|start\n|switch|p1a: Ferrothorn|Ferrothorn, M|100\/100\n|switch|p2a: Reuniclus|Reuniclus, M|100\/100\n|turn|1\n|\n|t:|1700129722\n|move|p2a: Reuniclus|Calm Mind|p2a: Reuniclus\n|-boost|p2a: Reuniclus|spa|1\n|-boost|p2a: Reuniclus|spd|1\n|move|p1a: Ferrothorn|Stealth Rock|p2a: Reuniclus\n|-sidestart|p2: Amoledge|move: Stealth Rock\n|\n|upkeep\n|turn|2\n|\n|t:|1700129730\n|move|p2a: Reuniclus|Psyshock|p1a: Ferrothorn\n|-resisted|p1a: Ferrothorn\n|-damage|p1a: Ferrothorn|81\/100\n|move|p1a: Ferrothorn|Spikes|p2a: Reuniclus\n|-sidestart|p2: Amoledge|Spikes\n|\n|upkeep\n|turn|3\n|\n|t:|1700129749\n|move|p2a: Reuniclus|Energy Ball|p1a: Ferrothorn\n|-resisted|p1a: Ferrothorn\n|-damage|p1a: Ferrothorn|75\/100\n|move|p1a: Ferrothorn|Spikes|p2a: Reuniclus\n|-sidestart|p2: Amoledge|Spikes\n|\n|upkeep\n|turn|4\n|\n|t:|1700129763\n|move|p2a: Reuniclus|Psyshock|p1a: Ferrothorn\n|-resisted|p1a: Ferrothorn\n|-damage|p1a: Ferrothorn|57\/100\n|move|p1a: Ferrothorn|Spikes|p2a: Reuniclus\n|-sidestart|p2: Amoledge|Spikes\n|\n|upkeep\n|turn|5\n|\n|t:|1700129771\n|switch|p2a: Iron Treads|Iron Treads|100\/100\n|-damage|p2a: Iron Treads|97\/100|[from] Stealth Rock\n|-damage|p2a: Iron Treads|72\/100|[from] Spikes\n|move|p1a: Ferrothorn|Giga Drain|p2a: Iron Treads\n|-damage|p2a: Iron Treads|60\/100\n|-heal|p1a: Ferrothorn|63\/100|[from] drain|[of] p2a: Iron Treads\n|\n|upkeep\n|turn|6\n|\n|t:|1700129785\n|switch|p1a: Groudon|Groudon|100\/100\n|detailschange|p1a: Groudon|Groudon-Primal\n|-primal|p1a: Groudon|Red Orb\n|-weather|DesolateLand|[from] ability: Desolate Land|[of] p1a: Groudon\n|move|p2a: Iron Treads|Rapid Spin|p1a: Groudon\n|-damage|p1a: Groudon|91\/100\n|-boost|p2a: Iron Treads|spe|1\n|-sideend|p2: Amoledge|Spikes|[from] move: Rapid Spin|[of] p2a: Iron Treads\n|-sideend|p2: Amoledge|Stealth Rock|[from] move: Rapid Spin|[of] p2a: Iron Treads\n|\n|-weather|DesolateLand|[upkeep]\n|upkeep\n|turn|7\n|\n|t:|1700129806\n|-end|p2a: Iron Treads|Quark Drive|[silent]\n|switch|p2a: Reuniclus|Reuniclus, M|100\/100\n|move|p1a: Groudon|Seismic Toss|p2a: Reuniclus\n|-damage|p2a: Reuniclus|77\/100\n|-damage|p1a: Groudon|74\/100|[from] item: Rocky Helmet|[of] p2a: Reuniclus\n|\n|-weather|DesolateLand|[upkeep]\n|upkeep\n|turn|8\n|\n|t:|1700129836\n|move|p1a: Groudon|Precipice Blades|p2a: Reuniclus|[miss]\n|-miss|p1a: Groudon|p2a: Reuniclus\n|move|p2a: Reuniclus|Psyshock|p1a: Groudon\n|-damage|p1a: Groudon|51\/100\n|\n|-weather|DesolateLand|[upkeep]\n|upkeep\n|turn|9\n|\n|t:|1700129853\n|move|p1a: Groudon|Precipice Blades|p2a: Reuniclus|[miss]\n|-miss|p1a: Groudon|p2a: Reuniclus\n|move|p2a: Reuniclus|Recover|p2a: Reuniclus\n|-heal|p2a: Reuniclus|100\/100\n|\n|-weather|DesolateLand|[upkeep]\n|upkeep\n|turn|10\n|\n|t:|1700129865\n|switch|p2a: Swampert|Swampert, M|100\/100\n|move|p1a: Groudon|Precipice Blades|p2a: Swampert\n|-damage|p2a: Swampert|14\/100\n|\n|-weather|DesolateLand|[upkeep]\n|-heal|p2a: Swampert|20\/100|[from] item: Leftovers\n|upkeep\n|turn|11\n|\n|t:|1700129878\n|move|p1a: Groudon|Seismic Toss|p2a: Swampert\n|-damage|p2a: Swampert|0 fnt\n|faint|p2a: Swampert\n|\n|-weather|DesolateLand|[upkeep]\n|upkeep\n|\n|t:|1700129894\n|switch|p2a: Sneasler|Sneasler, M|100\/100\n|-item|p2a: Sneasler|Air Balloon\n|turn|12\n|\n|t:|1700129910\n|-terastallize|p2a: Sneasler|Flying\n|move|p2a: Sneasler|Dire Claw|p1a: Groudon\n|-resisted|p1a: Groudon\n|-damage|p1a: Groudon|37\/100\n|-status|p1a: Groudon|par\n|move|p1a: Groudon|Seismic Toss|p2a: Sneasler\n|-damage|p2a: Sneasler|67\/100\n|-enditem|p2a: Sneasler|Air Balloon\n|\n|-weather|DesolateLand|[upkeep]\n|upkeep\n|turn|13\n|\n|t:|1700129924\n|-weather|none\n|switch|p1a: Ferrothorn|Ferrothorn, M|63\/100\n|move|p2a: Sneasler|Acrobatics|p1a: Ferrothorn\n|-damage|p1a: Ferrothorn|14\/100\n|-damage|p2a: Sneasler|55\/100|[from] ability: Iron Barbs|[of] p1a: Ferrothorn\n|-damage|p2a: Sneasler|38\/100|[from] item: Rocky Helmet|[of] p1a: Ferrothorn\n|\n|upkeep\n|turn|14\n|\n|t:|1700129935\n|move|p2a: Sneasler|Acrobatics|p1a: Ferrothorn\n|-damage|p1a: Ferrothorn|0 fnt\n|-damage|p2a: Sneasler|26\/100|[from] ability: Iron Barbs|[of] p1a: Ferrothorn\n|-damage|p2a: Sneasler|9\/100|[from] item: Rocky Helmet|[of] p1a: Ferrothorn\n|faint|p1a: Ferrothorn\n|\n|upkeep\n|\n|t:|1700129942\n|switch|p1a: Calyrex|Calyrex-Ice|100\/100\n|-ability|p1a: Calyrex|As One\n|-ability|p1a: Calyrex|Unnerve\n|turn|15\n|\n|t:|1700129972\n|move|p2a: Sneasler|Dire Claw|p1a: Calyrex\n|-damage|p1a: Calyrex|75\/100\n|move|p1a: Calyrex|Trick Room|p1a: Calyrex\n|-fieldstart|move: Trick Room|[of] p1a: Calyrex\n|\n|-heal|p1a: Calyrex|81\/100|[from] item: Leftovers\n|upkeep\n|turn|16\n|\n|t:|1700129995\n|move|p1a: Calyrex|Icicle Crash|p2a: Sneasler\n|-supereffective|p2a: Sneasler\n|-damage|p2a: Sneasler|0 fnt\n|faint|p2a: Sneasler\n|-ability|p1a: Calyrex|Chilling Neigh|boost\n|-boost|p1a: Calyrex|atk|1\n|\n|-heal|p1a: Calyrex|87\/100|[from] item: Leftovers\n|upkeep\n|\n|t:|1700130011\n|switch|p2a: Reuniclus|Reuniclus, M|100\/100\n|turn|17\n|\n|t:|1700130018\n|switch|p1a: Kingambit|Kingambit, M|100\/100\n|-activate|p1a: Kingambit|ability: Supreme Overlord\n|-start|p1a: Kingambit|fallen1|[silent]\n|move|p2a: Reuniclus|Psyshock|p1a: Kingambit\n|-immune|p1a: Kingambit\n|\n|upkeep\n|turn|18\n|\n|t:|1700130034\n|switch|p2a: Iron Treads|Iron Treads|60\/100\n|move|p1a: Kingambit|Knock Off|p2a: Iron Treads\n|-damage|p2a: Iron Treads|3\/100\n|-enditem|p2a: Iron Treads|Assault Vest|[from] move: Knock Off|[of] p1a: Kingambit\n|\n|upkeep\n|turn|19\n|\n|t:|1700130043\n|move|p1a: Kingambit|Grass Knot|p2a: Iron Treads\n|-damage|p2a: Iron Treads|0 fnt\n|faint|p2a: Iron Treads\n|-end|p2a: Iron Treads|Quark Drive|[silent]\n|\n|-fieldend|move: Trick Room\n|upkeep\n|\n|t:|1700130054\n|switch|p2a: Smeargle|Smeargle, F|100\/100\n|turn|20\n|\n|t:|1700130062\n|move|p2a: Smeargle|Endeavor|p1a: Kingambit\n|-damage|p1a: Kingambit|63\/100\n|move|p1a: Kingambit|Kowtow Cleave|p2a: Smeargle\n|-enditem|p2a: Smeargle|Focus Sash\n|-damage|p2a: Smeargle|1\/100\n|\n|-ability|p2a: Smeargle|Moody|boost\n|-boost|p2a: Smeargle|def|2\n|-unboost|p2a: Smeargle|spd|1\n|upkeep\n|turn|21\n|\n|t:|1700130078\n|-end|p1a: Kingambit|fallen1|[silent]\n|switch|p1a: Groudon|Groudon-Primal|37\/100 par\n|-weather|DesolateLand|[from] ability: Desolate Land|[of] p1a: Groudon\n|move|p2a: Smeargle|Bitter Blade|p1a: Groudon\n|-resisted|p1a: Groudon\n|-damage|p1a: Groudon|31\/100 par\n|-heal|p2a: Smeargle|5\/100|[from] drain|[of] p1a: Groudon\n|\n|-weather|DesolateLand|[upkeep]\n|-ability|p2a: Smeargle|Moody|boost\n|-boost|p2a: Smeargle|atk|2\n|-unboost|p2a: Smeargle|spe|1\n|upkeep\n|turn|22\n|\n|t:|1700130093\n|move|p2a: Smeargle|Extreme Speed|p1a: Groudon\n|-damage|p1a: Groudon|9\/100 par\n|move|p1a: Groudon|Seismic Toss|p2a: Smeargle\n|-damage|p2a: Smeargle|0 fnt\n|faint|p2a: Smeargle\n|\n|-weather|DesolateLand|[upkeep]\n|upkeep\n|\n|t:|1700130106\n|switch|p2a: Regieleki|Regieleki|100\/100\n|turn|23\n|\n|t:|1700130113\n|move|p2a: Regieleki|Tera Blast|p1a: Groudon\n|-damage|p1a: Groudon|0 fnt\n|faint|p1a: Groudon\n|-weather|none\n|\n|upkeep\n|\n|t:|1700130118\n|switch|p1a: Calyrex|Calyrex-Ice|87\/100\n|-ability|p1a: Calyrex|As One\n|-ability|p1a: Calyrex|Unnerve\n|turn|24\n|\n|t:|1700130139\n|move|p2a: Regieleki|Tera Blast|p1a: Calyrex\n|-damage|p1a: Calyrex|71\/100\n|move|p1a: Calyrex|Trick Room|p1a: Calyrex\n|-fieldstart|move: Trick Room|[of] p1a: Calyrex\n|\n|-heal|p1a: Calyrex|77\/100|[from] item: Leftovers\n|upkeep\n|turn|25\n|\n|t:|1700130149\n|switch|p2a: Reuniclus|Reuniclus, M|100\/100\n|move|p1a: Calyrex|Future Sight|p2a: Reuniclus\n|-start|p1a: Calyrex|move: Future Sight\n|\n|-heal|p1a: Calyrex|83\/100|[from] item: Leftovers\n|upkeep\n|turn|26\n|\n|t:|1700130157\n|switch|p1a: Kingambit|Kingambit, M|63\/100\n|-activate|p1a: Kingambit|ability: Supreme Overlord\n|-start|p1a: Kingambit|fallen2|[silent]\n|move|p2a: Reuniclus|Energy Ball|p1a: Kingambit\n|-resisted|p1a: Kingambit\n|-damage|p1a: Kingambit|50\/100\n|-unboost|p1a: Kingambit|spd|1\n|\n|upkeep\n|turn|27\n|\n|t:|1700130172\n|move|p2a: Reuniclus|Recover||[still]\n|-fail|p2a: Reuniclus|heal\n|move|p1a: Kingambit|Kowtow Cleave|p2a: Reuniclus\n|-supereffective|p2a: Reuniclus\n|-damage|p2a: Reuniclus|18\/100\n|-damage|p1a: Kingambit|33\/100|[from] item: Rocky Helmet|[of] p2a: Reuniclus\n|\n|-end|p2a: Reuniclus|move: Future Sight\n|-resisted|p2a: Reuniclus\n|-damage|p2a: Reuniclus|2\/100\n|upkeep\n|turn|28\n|\n|t:|1700130184\n|move|p2a: Reuniclus|Recover|p2a: Reuniclus\n|-heal|p2a: Reuniclus|52\/100\n|move|p1a: Kingambit|Knock Off|p2a: Reuniclus\n|-supereffective|p2a: Reuniclus\n|-damage|p2a: Reuniclus|0 fnt\n|-damage|p1a: Kingambit|17\/100|[from] item: Rocky Helmet|[of] p2a: Reuniclus\n|-enditem|p2a: Reuniclus|Rocky Helmet|[from] move: Knock Off|[of] p1a: Kingambit\n|faint|p2a: Reuniclus\n|\n|-fieldend|move: Trick Room\n|upkeep\n|\n|t:|1700130193\n|switch|p2a: Regieleki|Regieleki|100\/100\n|turn|29\n|\n|t:|1700130210\n|-end|p1a: Kingambit|fallen2|[silent]\n|switch|p1a: Calyrex|Calyrex-Ice|83\/100\n|-ability|p1a: Calyrex|As One\n|-ability|p1a: Calyrex|Unnerve\n|move|p2a: Regieleki|Thunderbolt|p1a: Calyrex\n|-damage|p1a: Calyrex|44\/100\n|-status|p1a: Calyrex|par\n|\n|-heal|p1a: Calyrex|50\/100 par|[from] item: Leftovers\n|upkeep\n|turn|30\n|\n|t:|1700130228\n|move|p2a: Regieleki|Substitute|p2a: Regieleki\n|-start|p2a: Regieleki|Substitute\n|-damage|p2a: Regieleki|76\/100\n|move|p1a: Calyrex|Trick Room|p1a: Calyrex\n|-fieldstart|move: Trick Room|[of] p1a: Calyrex\n|\n|-heal|p1a: Calyrex|57\/100 par|[from] item: Leftovers\n|upkeep\n|turn|31\n|\n|t:|1700130240\n|move|p1a: Calyrex|Future Sight|p2a: Regieleki\n|-start|p1a: Calyrex|move: Future Sight\n|move|p2a: Regieleki|Thunder Cage|p1a: Calyrex\n|-damage|p1a: Calyrex|26\/100 par\n|-activate|p1a: Calyrex|move: Thunder Cage|[of] p2a: Regieleki\n|\n|-heal|p1a: Calyrex|32\/100 par|[from] item: Leftovers\n|-damage|p1a: Calyrex|20\/100 par|[from] move: Thunder Cage|[partiallytrapped]\n|upkeep\n|turn|32\n|\n|t:|1700130251\n|move|p1a: Calyrex|Glacial Lance|p2a: Regieleki\n|-end|p2a: Regieleki|Substitute\n|move|p2a: Regieleki|Thunderbolt|p1a: Calyrex\n|-damage|p1a: Calyrex|0 fnt\n|faint|p1a: Calyrex\n|\n|upkeep\n|\n|t:|1700130258\n|switch|p1a: Dracovish|Dracovish, shiny|100\/100\n|turn|33\n|\n|t:|1700130264\n|move|p1a: Dracovish|Fishious Rend|p2a: Regieleki\n|-damage|p2a: Regieleki|0 fnt\n|faint|p2a: Regieleki\n|\n|win|wdymthenameisthere\n|raw|wdymthenameisthere's rating: 1146 &rarr; <strong>1164<\/strong><br \/>(+18 for winning)\n|raw|Amoledge's rating: 1049 &rarr; <strong>1036<\/strong><br \/>(-13 for losing)\n|l|\u2606Amoledge\n","uploadtime":1700130270,"views":10,"p1id":"wdymthenameisthere","p2id":"amoledge","formatid":"gen9nationaldexubers","rating":1036,"private":0,"password":""}