{"id":"gen9nationaldexubers-1982100019","p1":"ClownOfTheCentury6","p2":"Deletta","format":"[Gen 9] National Dex Ubers","log":"|j|\u2606ClownOfTheCentury6\n|j|\u2606Deletta\n|t:|1698967826\n|gametype|singles\n|player|p1|ClownOfTheCentury6|harlequin|1202\n|player|p2|Deletta|fisherman-gen4|1365\n|teamsize|p1|6\n|teamsize|p2|6\n|gen|9\n|tier|[Gen 9] National Dex Ubers\n|rated|\n|rule|HP Percentage Mod: HP is shown in percentages\n|rule|Endless Battle Clause: Forcing endless battles is banned\n|rule|OHKO Clause: OHKO moves are banned\n|rule|Evasion Moves Clause: Evasion moves are banned\n|rule|Evasion Items Clause: Evasion items are banned\n|rule|Species Clause: Limit one of each Pok\u00e9mon\n|rule|Sleep Clause Mod: Limit one foe put to sleep\n|rule|Mega Rayquaza Clause: You cannot mega evolve Rayquaza\n|clearpoke\n|poke|p1|Regidrago|\n|poke|p1|Regigigas|\n|poke|p1|Registeel|\n|poke|p1|Regirock|\n|poke|p1|Regice|\n|poke|p1|Regieleki|\n|poke|p2|Mewtwo|\n|poke|p2|Excadrill, M|\n|poke|p2|Wo-Chien|\n|poke|p2|Baxcalibur, M|\n|poke|p2|Ninetales-Alola, F|\n|poke|p2|Zygarde|\n|teampreview\n|c|\u2606ClownOfTheCentury6|regigigas my goat\n|inactive|Battle timer is ON: inactive players will automatically lose when time's up. (requested by ClownOfTheCentury6)\n|inactive|Deletta has 120 seconds left.\n|\n|t:|1698967889\n|start\n|switch|p1a: Regigigas|Regigigas|100\/100\n|switch|p2a: Zycardo|Zygarde|100\/100\n|-start|p1a: Regigigas|ability: Slow Start\n|turn|1\n|\n|t:|1698967895\n|move|p1a: Regigigas|Protect|p1a: Regigigas\n|-singleturn|p1a: Regigigas|Protect\n|move|p2a: Zycardo|Coil|p2a: Zycardo\n|-boost|p2a: Zycardo|atk|1\n|-boost|p2a: Zycardo|def|1\n|-boost|p2a: Zycardo|accuracy|1\n|\n|upkeep\n|turn|2\n|\n|t:|1698967901\n|move|p2a: Zycardo|Thousand Arrows|p1a: Regigigas\n|-damage|p1a: Regigigas|45\/100\n|move|p1a: Regigigas|Substitute|p1a: Regigigas\n|-start|p1a: Regigigas|Substitute\n|-damage|p1a: Regigigas|20\/100\n|\n|-heal|p1a: Regigigas|26\/100|[from] item: Leftovers\n|upkeep\n|turn|3\n|\n|t:|1698967907\n|move|p1a: Regigigas|Protect|p1a: Regigigas\n|-singleturn|p1a: Regigigas|Protect\n|move|p2a: Zycardo|Thousand Arrows|p1a: Regigigas\n|-activate|p1a: Regigigas|move: Protect\n|\n|-heal|p1a: Regigigas|32\/100|[from] item: Leftovers\n|upkeep\n|turn|4\n|\n|t:|1698967924\n|move|p2a: Zycardo|Thousand Arrows|p1a: Regigigas\n|-end|p1a: Regigigas|Substitute\n|move|p1a: Regigigas|Substitute|p1a: Regigigas\n|-start|p1a: Regigigas|Substitute\n|-damage|p1a: Regigigas|7\/100\n|\n|-heal|p1a: Regigigas|13\/100|[from] item: Leftovers\n|upkeep\n|turn|5\n|\n|t:|1698967930\n|move|p1a: Regigigas|Protect|p1a: Regigigas\n|-singleturn|p1a: Regigigas|Protect\n|move|p2a: Zycardo|Coil|p2a: Zycardo\n|-boost|p2a: Zycardo|atk|1\n|-boost|p2a: Zycardo|def|1\n|-boost|p2a: Zycardo|accuracy|1\n|\n|-heal|p1a: Regigigas|19\/100|[from] item: Leftovers\n|-end|p1a: Regigigas|Slow Start\n|upkeep\n|turn|6\n|\n|t:|1698967942\n|move|p1a: Regigigas|Return|p2a: Zycardo\n|-damage|p2a: Zycardo|78\/100\n|move|p2a: Zycardo|Thousand Arrows|p1a: Regigigas\n|-end|p1a: Regigigas|Substitute\n|\n|-heal|p1a: Regigigas|25\/100|[from] item: Leftovers\n|-heal|p2a: Zycardo|85\/100|[from] item: Leftovers\n|upkeep\n|turn|7\n|\n|t:|1698967948\n|move|p1a: Regigigas|Knock Off|p2a: Zycardo\n|-damage|p2a: Zycardo|68\/100\n|-enditem|p2a: Zycardo|Leftovers|[from] move: Knock Off|[of] p1a: Regigigas\n|move|p2a: Zycardo|Coil|p2a: Zycardo\n|-boost|p2a: Zycardo|atk|1\n|-boost|p2a: Zycardo|def|1\n|-boost|p2a: Zycardo|accuracy|1\n|\n|-heal|p1a: Regigigas|32\/100|[from] item: Leftovers\n|upkeep\n|turn|8\n|\n|t:|1698967976\n|move|p1a: Regigigas|Return|p2a: Zycardo\n|-damage|p2a: Zycardo|49\/100\n|move|p2a: Zycardo|Coil|p2a: Zycardo\n|-boost|p2a: Zycardo|atk|1\n|-boost|p2a: Zycardo|def|1\n|-boost|p2a: Zycardo|accuracy|1\n|\n|-heal|p1a: Regigigas|38\/100|[from] item: Leftovers\n|-activate|p2a: Zycardo|ability: Power Construct\n|detailschange|p2a: Zycardo|Zygarde-Complete\n|-heal|p2a: Zycardo|66\/100|[silent]\n|upkeep\n|turn|9\n|\n|t:|1698967986\n|move|p1a: Regigigas|Return|p2a: Zycardo\n|-damage|p2a: Zycardo|56\/100\n|move|p2a: Zycardo|Thousand Arrows|p1a: Regigigas\n|-damage|p1a: Regigigas|0 fnt\n|faint|p1a: Regigigas\n|-end|p1a: Regigigas|Slow Start|[silent]\n|\n|upkeep\n|\n|t:|1698967991\n|switch|p1a: Regidrago|Regidrago|100\/100\n|turn|10\n|\n|t:|1698967998\n|-terastallize|p2a: Zycardo|Ground\n|move|p1a: Regidrago|Dragon Energy|p2a: Zycardo\n|-damage|p2a: Zycardo|12\/100\n|move|p2a: Zycardo|Thousand Arrows|p1a: Regidrago\n|-damage|p1a: Regidrago|0 fnt\n|faint|p1a: Regidrago\n|\n|upkeep\n|\n|t:|1698968015\n|switch|p1a: Regieleki|Regieleki|100\/100\n|turn|11\n|\n|t:|1698968019\n|move|p1a: Regieleki|Bounce||[still]\n|-prepare|p1a: Regieleki|Bounce\n|move|p2a: Zycardo|Thousand Arrows|p1a: Regieleki\n|-supereffective|p1a: Regieleki\n|-damage|p1a: Regieleki|0 fnt\n|faint|p1a: Regieleki\n|\n|upkeep\n|-message|ClownOfTheCentury6 forfeited.\n|\n|win|Deletta\n|raw|ClownOfTheCentury6's rating: 1202 &rarr; <strong>1188<\/strong><br \/>(-14 for losing)\n|raw|Deletta's rating: 1365 &rarr; <strong>1376<\/strong><br \/>(+11 for winning)\n|l|\u2606ClownOfTheCentury6\n","uploadtime":1698968034,"views":9,"p1id":"clownofthecentury6","p2id":"deletta","formatid":"gen9nationaldexubers","rating":1188,"private":0,"password":""}