{"id":"gen9nationaldexubers-1985634401","p1":"Seabassmanmanman","p2":"Pollylopy","format":"[Gen 9] National Dex Ubers","log":"|j|\u2606Seabassmanmanman\n|j|\u2606Pollylopy\n|t:|1699390934\n|gametype|singles\n|player|p1|Seabassmanmanman|ballguy|1171\n|player|p2|Pollylopy|waitress|1243\n|teamsize|p1|6\n|teamsize|p2|6\n|gen|9\n|tier|[Gen 9] National Dex Ubers\n|rated|\n|rule|HP Percentage Mod: HP is shown in percentages\n|rule|Endless Battle Clause: Forcing endless battles is banned\n|rule|OHKO Clause: OHKO moves are banned\n|rule|Evasion Moves Clause: Evasion moves are banned\n|rule|Evasion Items Clause: Evasion items are banned\n|rule|Species Clause: Limit one of each Pok\u00e9mon\n|rule|Sleep Clause Mod: Limit one foe put to sleep\n|rule|Mega Rayquaza Clause: You cannot mega evolve Rayquaza\n|clearpoke\n|poke|p1|Annihilape, F|\n|poke|p1|Dracovish|\n|poke|p1|Shuckle, M|\n|poke|p1|Zacian-*|\n|poke|p1|Regieleki|\n|poke|p1|Rayquaza|\n|poke|p2|Crobat, F|\n|poke|p2|Klefki, F|\n|poke|p2|Salamence, M|\n|poke|p2|Ceruledge, F|\n|poke|p2|Espeon, F|\n|poke|p2|Golduck, M|\n|teampreview\n|inactive|Battle timer is ON: inactive players will automatically lose when time's up. (requested by Seabassmanmanman)\n|\n|t:|1699390942\n|start\n|switch|p1a: Shuckle|Shuckle, M|100\/100\n|switch|p2a: Crobat|Crobat, F|100\/100\n|turn|1\n|\n|t:|1699390949\n|move|p2a: Crobat|Taunt|p1a: Shuckle\n|-start|p1a: Shuckle|move: Taunt\n|cant|p1a: Shuckle|move: Taunt|Sticky Web\n|\n|upkeep\n|turn|2\n|n|!Seabassmanmanman|seabassmanmanman\n|\n|t:|1699390965\n|move|p2a: Crobat|Brave Bird|p1a: Shuckle\n|-damage|p1a: Shuckle|61\/100\n|-damage|p2a: Crobat|92\/100|[from] Recoil\n|move|p1a: Shuckle|Final Gambit|p2a: Crobat\n|-damage|p2a: Crobat|51\/100\n|faint|p1a: Shuckle\n|\n|upkeep\n|\n|t:|1699390972\n|switch|p1a: Zacian|Zacian-Crowned|100\/100\n|-ability|p1a: Zacian|Intrepid Sword|boost\n|-boost|p1a: Zacian|atk|1\n|turn|3\n|\n|t:|1699390983\n|switch|p1a: Regieleki|Regieleki|100\/100\n|move|p2a: Crobat|Taunt|p1a: Regieleki\n|-start|p1a: Regieleki|move: Taunt\n|\n|upkeep\n|turn|4\n|\n|t:|1699391002\n|-terastallize|p2a: Crobat|Dragon\n|move|p1a: Regieleki|Thunderbolt|p2a: Crobat\n|-resisted|p2a: Crobat\n|-damage|p2a: Crobat|2\/100\n|move|p2a: Crobat|Brave Bird|p1a: Regieleki\n|-resisted|p1a: Regieleki\n|-damage|p1a: Regieleki|53\/100\n|-damage|p2a: Crobat|0 fnt|[from] Recoil\n|faint|p2a: Crobat\n|\n|upkeep\n|\n|t:|1699391022\n|switch|p2a: Salamence|Salamence, M|100\/100\n|-ability|p2a: Salamence|Intimidate|boost\n|-unboost|p1a: Regieleki|atk|1\n|turn|5\n|\n|t:|1699391030\n|switch|p1a: Zacian|Zacian-Crowned|100\/100\n|move|p2a: Salamence|Earthquake|p1a: Zacian\n|-supereffective|p1a: Zacian\n|-damage|p1a: Zacian|38\/100\n|\n|upkeep\n|turn|6\n|\n|t:|1699391038\n|switch|p2a: Klefki|Klefki, F|100\/100\n|-terastallize|p1a: Zacian|Fairy\n|move|p1a: Zacian|Play Rough|p2a: Klefki\n|-resisted|p2a: Klefki\n|-damage|p2a: Klefki|73\/100\n|\n|-heal|p2a: Klefki|79\/100|[from] item: Leftovers\n|upkeep\n|turn|7\n|\n|t:|1699391051\n|move|p2a: Klefki|Toxic|p1a: Zacian\n|-status|p1a: Zacian|tox\n|move|p1a: Zacian|Behemoth Blade|p2a: Klefki\n|-damage|p2a: Klefki|27\/100\n|\n|-heal|p2a: Klefki|33\/100|[from] item: Leftovers\n|-damage|p1a: Zacian|32\/100 tox|[from] psn\n|upkeep\n|turn|8\n|\n|t:|1699391062\n|switch|p2a: Salamence|Salamence, M|100\/100\n|-ability|p2a: Salamence|Intimidate|boost\n|-unboost|p1a: Zacian|atk|1\n|move|p1a: Zacian|Behemoth Blade|p2a: Salamence\n|-damage|p2a: Salamence|52\/100\n|\n|-damage|p1a: Zacian|20\/100 tox|[from] psn\n|upkeep\n|turn|9\n|\n|t:|1699391075\n|switch|p2a: Klefki|Klefki, F|33\/100\n|move|p1a: Zacian|Play Rough|p2a: Klefki\n|-resisted|p2a: Klefki\n|-damage|p2a: Klefki|12\/100\n|\n|-heal|p2a: Klefki|18\/100|[from] item: Leftovers\n|-damage|p1a: Zacian|1\/100 tox|[from] psn\n|upkeep\n|turn|10\n|\n|t:|1699391086\n|move|p2a: Klefki|Spikes|p1a: Zacian\n|-sidestart|p1: Seabassmanmanman|Spikes\n|move|p1a: Zacian|Play Rough|p2a: Klefki\n|-resisted|p2a: Klefki\n|-damage|p2a: Klefki|0 fnt\n|faint|p2a: Klefki\n|\n|-damage|p1a: Zacian|0 fnt|[from] psn\n|faint|p1a: Zacian\n|upkeep\n|inactive|Pollylopy has 120 seconds left.\n|\n|t:|1699391112\n|switch|p1a: Regieleki|Regieleki|53\/100\n|switch|p2a: Salamence|Salamence, M|52\/100\n|-damage|p1a: Regieleki|41\/100|[from] Spikes\n|-ability|p2a: Salamence|Intimidate|boost\n|-unboost|p1a: Regieleki|atk|1\n|turn|11\n|\n|t:|1699391122\n|move|p1a: Regieleki|Volt Switch|p2a: Salamence\n|-damage|p2a: Salamence|8\/100\n|\n|t:|1699391125\n|switch|p1a: Dracovish|Dracovish|100\/100|[from] Volt Switch\n|-damage|p1a: Dracovish|88\/100|[from] Spikes\n|move|p2a: Salamence|Earthquake|p1a: Dracovish\n|-damage|p1a: Dracovish|52\/100\n|\n|upkeep\n|turn|12\n|\n|t:|1699391139\n|move|p1a: Dracovish|Fishious Rend|p2a: Salamence\n|-resisted|p2a: Salamence\n|-damage|p2a: Salamence|0 fnt\n|faint|p2a: Salamence\n|\n|upkeep\n|inactive|Pollylopy has 120 seconds left.\n|\n|t:|1699391158\n|switch|p2a: Ceruledge|Ceruledge, F|100\/100\n|turn|13\n|\n|t:|1699391164\n|move|p1a: Dracovish|Fishious Rend|p2a: Ceruledge\n|-supereffective|p2a: Ceruledge\n|-enditem|p2a: Ceruledge|Focus Sash\n|-damage|p2a: Ceruledge|1\/100\n|-ability|p2a: Ceruledge|Weak Armor|boost\n|-unboost|p2a: Ceruledge|def|1\n|-boost|p2a: Ceruledge|spe|2\n|move|p2a: Ceruledge|Swords Dance|p2a: Ceruledge\n|-boost|p2a: Ceruledge|atk|2\n|\n|upkeep\n|turn|14\n|\n|t:|1699391175\n|move|p2a: Ceruledge|Shadow Claw|p1a: Dracovish\n|-crit|p1a: Dracovish\n|-damage|p1a: Dracovish|0 fnt\n|faint|p1a: Dracovish\n|\n|upkeep\n|\n|t:|1699391182\n|switch|p1a: Annihilape|Annihilape, F, shiny|100\/100\n|-damage|p1a: Annihilape|88\/100|[from] Spikes\n|turn|15\n|\n|t:|1699391188\n|move|p2a: Ceruledge|Shadow Claw|p1a: Annihilape\n|-supereffective|p1a: Annihilape\n|-damage|p1a: Annihilape|0 fnt\n|faint|p1a: Annihilape\n|\n|upkeep\n|\n|t:|1699391198\n|switch|p1a: Regieleki|Regieleki|41\/100\n|-damage|p1a: Regieleki|29\/100|[from] Spikes\n|turn|16\n|\n|t:|1699391203\n|move|p2a: Ceruledge|Bitter Blade|p1a: Regieleki\n|-damage|p1a: Regieleki|0 fnt\n|-heal|p2a: Ceruledge|17\/100|[from] drain|[of] p1a: Regieleki\n|faint|p1a: Regieleki\n|\n|upkeep\n|\n|t:|1699391205\n|switch|p1a: Rayquaza|Rayquaza|100\/100\n|-ability|p1a: Rayquaza|Air Lock\n|turn|17\n|\n|t:|1699391218\n|move|p2a: Ceruledge|Shadow Claw|p1a: Rayquaza\n|-crit|p1a: Rayquaza\n|-damage|p1a: Rayquaza|0 fnt\n|faint|p1a: Rayquaza\n|\n|win|Pollylopy\n|raw|Seabassmanmanman's rating: 1171 &rarr; <strong>1151<\/strong><br \/>(-20 for losing)\n|raw|Pollylopy's rating: 1243 &rarr; <strong>1263<\/strong><br \/>(+20 for winning)\n","uploadtime":1699390956,"views":5,"p1id":"seabassmanmanman","p2id":"pollylopy","formatid":"gen9nationaldexubers","rating":1151,"private":0,"password":""}