{"id":"gen9nationaldexubers-1985807086","p1":"KingoftheTitans","p2":"Kiyan_Atighechi","format":"[Gen 9] National Dex Ubers","log":"|j|\u2606KingoftheTitans\n|j|\u2606Kiyan_Atighechi\n|t:|1699408229\n|gametype|singles\n|player|p1|KingoftheTitans|170|1297\n|player|p2|Kiyan_Atighechi|steven|1324\n|teamsize|p1|6\n|teamsize|p2|6\n|gen|9\n|tier|[Gen 9] National Dex Ubers\n|rated|\n|rule|HP Percentage Mod: HP is shown in percentages\n|rule|Endless Battle Clause: Forcing endless battles is banned\n|rule|OHKO Clause: OHKO moves are banned\n|rule|Evasion Moves Clause: Evasion moves are banned\n|rule|Evasion Items Clause: Evasion items are banned\n|rule|Species Clause: Limit one of each Pok\u00e9mon\n|rule|Sleep Clause Mod: Limit one foe put to sleep\n|rule|Mega Rayquaza Clause: You cannot mega evolve Rayquaza\n|clearpoke\n|poke|p1|Porygon-Z|\n|poke|p1|Absol, F|\n|poke|p1|Iron Valiant|\n|poke|p1|Heatran, M|\n|poke|p1|Genesect|\n|poke|p1|Rotom-Wash|\n|poke|p2|Samurott-Hisui, F|\n|poke|p2|Arceus|\n|poke|p2|Darmanitan-Galar, F|\n|poke|p2|Hoopa-Unbound|\n|poke|p2|Ho-Oh|\n|poke|p2|Marshadow|\n|teampreview\n|inactive|Battle timer is ON: inactive players will automatically lose when time's up. (requested by Kiyan_Atighechi)\n|\n|t:|1699408236\n|start\n|switch|p1a: Genesect|Genesect, shiny|100\/100\n|switch|p2a: Samurott|Samurott-Hisui, F|100\/100\n|-ability|p1a: Genesect|Download|boost\n|-boost|p1a: Genesect|spa|1\n|turn|1\n|\n|t:|1699408244\n|move|p1a: Genesect|U-turn|p2a: Samurott\n|-supereffective|p2a: Samurott\n|-damage|p2a: Samurott|18\/100\n|\n|t:|1699408247\n|switch|p1a: Absol|Absol, F|100\/100|[from] U-turn\n|move|p2a: Samurott|Ceaseless Edge|p1a: Absol|[miss]\n|-miss|p2a: Samurott|p1a: Absol\n|\n|upkeep\n|turn|2\n|\n|t:|1699408258\n|move|p2a: Samurott|Sucker Punch|p1a: Absol\n|-resisted|p1a: Absol\n|-damage|p1a: Absol|63\/100\n|-ability|p1a: Absol|Justified|boost\n|-boost|p1a: Absol|atk|1\n|move|p1a: Absol|Knock Off|p2a: Samurott\n|-resisted|p2a: Samurott\n|-crit|p2a: Samurott\n|-damage|p2a: Samurott|0 fnt\n|-enditem|p2a: Samurott|Black Glasses|[from] move: Knock Off|[of] p1a: Absol\n|faint|p2a: Samurott\n|\n|upkeep\n|\n|t:|1699408267\n|switch|p2a: Marshadow|Marshadow|100\/100\n|turn|3\n|\n|t:|1699408272\n|detailschange|p1a: Absol|Absol-Mega, F\n|-mega|p1a: Absol|Absol|Absolite\n|move|p1a: Absol|Sucker Punch|p2a: Marshadow\n|-damage|p2a: Marshadow|16\/100\n|move|p2a: Marshadow|Jump Kick|p1a: Absol\n|-supereffective|p1a: Absol\n|-damage|p1a: Absol|0 fnt\n|faint|p1a: Absol\n|\n|upkeep\n|\n|t:|1699408285\n|switch|p1a: Genesect|Genesect, shiny|100\/100\n|-ability|p1a: Genesect|Download|boost\n|-boost|p1a: Genesect|atk|1\n|turn|4\n|\n|t:|1699408293\n|move|p1a: Genesect|Iron Head|p2a: Marshadow\n|-damage|p2a: Marshadow|0 fnt\n|faint|p2a: Marshadow\n|\n|upkeep\n|\n|t:|1699408305\n|switch|p2a: Ho-Oh|Ho-Oh|100\/100\n|turn|5\n|\n|t:|1699408307\n|switch|p1a: Heatran|Heatran, M|100\/100\n|-item|p1a: Heatran|Air Balloon\n|move|p2a: Ho-Oh|Sacred Fire|p1a: Heatran\n|-start|p1a: Heatran|ability: Flash Fire\n|\n|upkeep\n|turn|6\n|\n|t:|1699408315\n|move|p1a: Heatran|Magma Storm|p2a: Ho-Oh|[miss]\n|-miss|p1a: Heatran|p2a: Ho-Oh\n|move|p2a: Ho-Oh|Earthquake|p1a: Heatran\n|-immune|p1a: Heatran\n|\n|upkeep\n|turn|7\n|\n|t:|1699408324\n|switch|p2a: Arceus|Arceus|100\/100\n|move|p1a: Heatran|Magma Storm|p2a: Arceus|[miss]\n|-miss|p1a: Heatran|p2a: Arceus\n|\n|upkeep\n|turn|8\n|\n|t:|1699408329\n|move|p2a: Arceus|Swords Dance|p2a: Arceus\n|-boost|p2a: Arceus|atk|2\n|move|p1a: Heatran|Magma Storm|p2a: Arceus\n|-damage|p2a: Arceus|46\/100\n|-activate|p2a: Arceus|move: Magma Storm|[of] p1a: Heatran\n|\n|-damage|p2a: Arceus|34\/100|[from] move: Magma Storm|[partiallytrapped]\n|upkeep\n|turn|9\n|\n|t:|1699408336\n|move|p2a: Arceus|Extreme Speed|p1a: Heatran\n|-resisted|p1a: Heatran\n|-damage|p1a: Heatran|60\/100\n|-enditem|p1a: Heatran|Air Balloon\n|move|p1a: Heatran|Flash Cannon|p2a: Arceus\n|-damage|p2a: Arceus|4\/100\n|\n|-damage|p2a: Arceus|0 fnt|[from] move: Magma Storm|[partiallytrapped]\n|faint|p2a: Arceus\n|upkeep\n|\n|t:|1699408339\n|switch|p2a: Ho-Oh|Ho-Oh|100\/100\n|turn|10\n|\n|t:|1699408348\n|-end|p1a: Heatran|ability: Flash Fire|[silent]\n|switch|p1a: Rotom|Rotom-Wash|100\/100\n|move|p2a: Ho-Oh|Earthquake|p1a: Rotom\n|-immune|p1a: Rotom|[from] ability: Levitate\n|\n|upkeep\n|turn|11\n|\n|t:|1699408354\n|move|p1a: Rotom|Hydro Pump|p2a: Ho-Oh\n|-supereffective|p2a: Ho-Oh\n|-damage|p2a: Ho-Oh|61\/100\n|move|p2a: Ho-Oh|Sacred Fire|p1a: Rotom\n|-resisted|p1a: Rotom\n|-damage|p1a: Rotom|72\/100\n|-status|p1a: Rotom|brn\n|\n|-heal|p1a: Rotom|78\/100 brn|[from] item: Leftovers\n|-damage|p1a: Rotom|72\/100 brn|[from] brn\n|upkeep\n|turn|12\n|\n|t:|1699408363\n|move|p1a: Rotom|Hydro Pump|p2a: Ho-Oh|[miss]\n|-miss|p1a: Rotom|p2a: Ho-Oh\n|move|p2a: Ho-Oh|Recover|p2a: Ho-Oh\n|-heal|p2a: Ho-Oh|100\/100\n|\n|-heal|p1a: Rotom|78\/100 brn|[from] item: Leftovers\n|-damage|p1a: Rotom|72\/100 brn|[from] brn\n|upkeep\n|turn|13\n|\n|t:|1699408371\n|move|p1a: Rotom|Hydro Pump|p2a: Ho-Oh\n|-supereffective|p2a: Ho-Oh\n|-damage|p2a: Ho-Oh|55\/100\n|move|p2a: Ho-Oh|Sacred Fire|p1a: Rotom\n|-resisted|p1a: Rotom\n|-damage|p1a: Rotom|45\/100 brn\n|\n|-heal|p1a: Rotom|51\/100 brn|[from] item: Leftovers\n|-damage|p1a: Rotom|45\/100 brn|[from] brn\n|upkeep\n|turn|14\n|\n|t:|1699408380\n|move|p1a: Rotom|Hydro Pump|p2a: Ho-Oh\n|-supereffective|p2a: Ho-Oh\n|-damage|p2a: Ho-Oh|14\/100\n|move|p2a: Ho-Oh|Recover|p2a: Ho-Oh\n|-heal|p2a: Ho-Oh|64\/100\n|\n|-heal|p1a: Rotom|51\/100 brn|[from] item: Leftovers\n|-damage|p1a: Rotom|45\/100 brn|[from] brn\n|upkeep\n|turn|15\n|\n|t:|1699408389\n|move|p1a: Rotom|Hydro Pump|p2a: Ho-Oh\n|-supereffective|p2a: Ho-Oh\n|-damage|p2a: Ho-Oh|18\/100\n|move|p2a: Ho-Oh|Sacred Fire|p1a: Rotom\n|-resisted|p1a: Rotom\n|-damage|p1a: Rotom|14\/100 brn\n|\n|-heal|p1a: Rotom|20\/100 brn|[from] item: Leftovers\n|-damage|p1a: Rotom|14\/100 brn|[from] brn\n|upkeep\n|turn|16\n|\n|t:|1699408398\n|move|p1a: Rotom|Thunderbolt|p2a: Ho-Oh\n|-supereffective|p2a: Ho-Oh\n|-damage|p2a: Ho-Oh|0 fnt\n|faint|p2a: Ho-Oh\n|\n|-heal|p1a: Rotom|20\/100 brn|[from] item: Leftovers\n|-damage|p1a: Rotom|14\/100 brn|[from] brn\n|upkeep\n|\n|t:|1699408404\n|switch|p2a: Darmanitan|Darmanitan-Galar, F|100\/100\n|turn|17\n|\n|t:|1699408417\n|move|p2a: Darmanitan|Icicle Crash|p1a: Rotom\n|-resisted|p1a: Rotom\n|-damage|p1a: Rotom|0 fnt\n|faint|p1a: Rotom\n|\n|upkeep\n|\n|t:|1699408421\n|switch|p1a: Genesect|Genesect, shiny|100\/100\n|-ability|p1a: Genesect|Download|boost\n|-boost|p1a: Genesect|atk|1\n|turn|18\n|\n|t:|1699408426\n|switch|p2a: Hoopa|Hoopa-Unbound|100\/100\n|move|p1a: Genesect|Iron Head|p2a: Hoopa\n|-crit|p2a: Hoopa\n|-damage|p2a: Hoopa|0 fnt\n|faint|p2a: Hoopa\n|\n|upkeep\n|\n|t:|1699408431\n|switch|p2a: Darmanitan|Darmanitan-Galar, F|100\/100\n|turn|19\n|c|\u2606KingoftheTitans|gg\n|\n|t:|1699408435\n|move|p1a: Genesect|Iron Head|p2a: Darmanitan\n|-supereffective|p2a: Darmanitan\n|-damage|p2a: Darmanitan|0 fnt\n|faint|p2a: Darmanitan\n|\n|win|KingoftheTitans\n|raw|KingoftheTitans's rating: 1297 &rarr; <strong>1324<\/strong><br \/>(+27 for winning)\n|raw|Kiyan_Atighechi's rating: 1324 &rarr; <strong>1302<\/strong><br \/>(-22 for losing)\n|l|\u2606Kiyan_Atighechi\n","uploadtime":1699408443,"views":4,"p1id":"kingofthetitans","p2id":"kiyanatighechi","formatid":"gen9nationaldexubers","rating":1302,"private":0,"password":""}