{"id":"gen9nationaldexubers-1991261315","p1":"Istillliketemp","p2":"WeirdHamster","format":"[Gen 9] National Dex Ubers","log":"|j|\u2606Istillliketemp\n|j|\u2606WeirdHamster\n|t:|1700062240\n|gametype|singles\n|player|p1|Istillliketemp|kieran|\n|player|p2|WeirdHamster|plasmagrunt-gen5bw|\n|teamsize|p1|6\n|teamsize|p2|6\n|gen|9\n|tier|[Gen 9] National Dex Ubers\n|rated|Tournament battle\n|rule|HP Percentage Mod: HP is shown in percentages\n|rule|Endless Battle Clause: Forcing endless battles is banned\n|rule|OHKO Clause: OHKO moves are banned\n|rule|Evasion Moves Clause: Evasion moves are banned\n|rule|Evasion Items Clause: Evasion items are banned\n|rule|Species Clause: Limit one of each Pok\u00e9mon\n|rule|Sleep Clause Mod: Limit one foe put to sleep\n|rule|Mega Rayquaza Clause: You cannot mega evolve Rayquaza\n|clearpoke\n|poke|p1|Blaziken, F|\n|poke|p1|Kyogre|\n|poke|p1|Groudon|\n|poke|p1|Garganacl, F|\n|poke|p1|Rayquaza|\n|poke|p1|Annihilape, F|\n|poke|p2|Kyogre|\n|poke|p2|Groudon|\n|poke|p2|Xerneas-*|\n|poke|p2|Necrozma-Dusk-Mane|\n|poke|p2|Grimmsnarl, M|\n|poke|p2|Arceus|\n|teampreview\n|inactive|Battle timer is ON: inactive players will automatically lose when time's up. (requested by WeirdHamster)\n|\n|t:|1700062251\n|start\n|switch|p1a: Above the sea|Groudon, shiny|100\/100\n|switch|p2a: Grimmsnarl|Grimmsnarl, M|100\/100\n|detailschange|p1a: Above the sea|Groudon-Primal, shiny\n|-primal|p1a: Above the sea|Red Orb\n|-weather|DesolateLand|[from] ability: Desolate Land|[of] p1a: Above the sea\n|turn|1\n|\n|t:|1700062267\n|move|p2a: Grimmsnarl|Taunt|p1a: Above the sea\n|-start|p1a: Above the sea|move: Taunt\n|move|p1a: Above the sea|Precipice Blades|p2a: Grimmsnarl\n|-damage|p2a: Grimmsnarl|29\/100\n|\n|-weather|DesolateLand|[upkeep]\n|upkeep\n|turn|2\n|\n|t:|1700062274\n|move|p2a: Grimmsnarl|Reflect|p2a: Grimmsnarl\n|-sidestart|p2: WeirdHamster|Reflect\n|move|p1a: Above the sea|Precipice Blades|p2a: Grimmsnarl\n|-crit|p2a: Grimmsnarl\n|-damage|p2a: Grimmsnarl|0 fnt\n|faint|p2a: Grimmsnarl\n|\n|-weather|DesolateLand|[upkeep]\n|upkeep\n|\n|t:|1700062276\n|switch|p2a: Kyogre|Kyogre|100\/100\n|detailschange|p2a: Kyogre|Kyogre-Primal\n|-primal|p2a: Kyogre|Blue Orb\n|-weather|PrimordialSea|[from] ability: Primordial Sea|[of] p2a: Kyogre\n|turn|3\n|\n|t:|1700062289\n|switch|p1a: Under the sea|Kyogre, shiny|100\/100\n|detailschange|p1a: Under the sea|Kyogre-Primal, shiny\n|-primal|p1a: Under the sea|Blue Orb\n|move|p2a: Kyogre|Calm Mind|p2a: Kyogre\n|-boost|p2a: Kyogre|spa|1\n|-boost|p2a: Kyogre|spd|1\n|\n|-weather|PrimordialSea|[upkeep]\n|upkeep\n|turn|4\n|inactive|WeirdHamster has 120 seconds left.\n|\n|t:|1700062337\n|move|p2a: Kyogre|Calm Mind|p2a: Kyogre\n|-boost|p2a: Kyogre|spa|1\n|-boost|p2a: Kyogre|spd|1\n|move|p1a: Under the sea|Thunder|p2a: Kyogre\n|-supereffective|p2a: Kyogre\n|-damage|p2a: Kyogre|76\/100\n|\n|-weather|PrimordialSea|[upkeep]\n|upkeep\n|turn|5\n|\n|t:|1700062347\n|switch|p1a: Boom rock|Garganacl, F|100\/100\n|move|p2a: Kyogre|Scald|p1a: Boom rock\n|-supereffective|p1a: Boom rock\n|-enditem|p1a: Boom rock|Focus Sash\n|-damage|p1a: Boom rock|1\/100\n|\n|-weather|PrimordialSea|[upkeep]\n|upkeep\n|turn|6\n|\n|t:|1700062357\n|-terastallize|p1a: Boom rock|Normal\n|move|p2a: Kyogre|Ice Beam|p1a: Boom rock\n|-damage|p1a: Boom rock|0 fnt\n|faint|p1a: Boom rock\n|\n|-weather|PrimordialSea|[upkeep]\n|upkeep\n|\n|t:|1700062364\n|switch|p1a: Really Cool|Rayquaza, shiny|100\/100\n|-ability|p1a: Really Cool|Air Lock\n|turn|7\n|\n|t:|1700062375\n|move|p1a: Really Cool|Air Slash|p2a: Kyogre\n|-damage|p2a: Kyogre|62\/100\n|cant|p2a: Kyogre|flinch\n|\n|-weather|PrimordialSea|[upkeep]\n|upkeep\n|turn|8\n|j| ULT4CP Space\n|l| ULT4CP Space\n|\n|t:|1700062381\n|move|p1a: Really Cool|Air Slash|p2a: Kyogre\n|-damage|p2a: Kyogre|49\/100\n|cant|p2a: Kyogre|flinch\n|\n|-weather|PrimordialSea|[upkeep]\n|upkeep\n|turn|9\n|\n|t:|1700062388\n|move|p1a: Really Cool|Dragon Ascent|p2a: Kyogre\n|-damage|p2a: Kyogre|23\/100\n|-unboost|p1a: Really Cool|def|1\n|-unboost|p1a: Really Cool|spd|1\n|move|p2a: Kyogre|Ice Beam|p1a: Really Cool\n|-supereffective|p1a: Really Cool\n|-damage|p1a: Really Cool|0 fnt\n|faint|p1a: Really Cool\n|\n|-weather|PrimordialSea|[upkeep]\n|-sideend|p2: WeirdHamster|Reflect\n|upkeep\n|\n|t:|1700062398\n|switch|p1a: FACEKICK|Blaziken, F, shiny|100\/100\n|turn|10\n|\n|t:|1700062403\n|switch|p1a: Unchained|Annihilape, F, shiny|100\/100\n|move|p2a: Kyogre|Scald|p1a: Unchained\n|-damage|p1a: Unchained|0 fnt\n|faint|p1a: Unchained\n|\n|-weather|PrimordialSea|[upkeep]\n|upkeep\n|\n|t:|1700062413\n|switch|p1a: Above the sea|Groudon-Primal, shiny|100\/100\n|-weather|DesolateLand|[from] ability: Desolate Land|[of] p1a: Above the sea\n|turn|11\n|\n|t:|1700062420\n|move|p1a: Above the sea|Precipice Blades|p2a: Kyogre\n|-damage|p2a: Kyogre|0 fnt\n|faint|p2a: Kyogre\n|\n|-weather|DesolateLand|[upkeep]\n|upkeep\n|\n|t:|1700062425\n|switch|p2a: Arceus|Arceus|100\/100\n|turn|12\n|\n|t:|1700062430\n|move|p2a: Arceus|Extreme Speed|p1a: Above the sea\n|-crit|p1a: Above the sea\n|-damage|p1a: Above the sea|53\/100\n|move|p1a: Above the sea|Precipice Blades|p2a: Arceus\n|-damage|p2a: Arceus|42\/100\n|\n|-weather|DesolateLand|[upkeep]\n|upkeep\n|turn|13\n|\n|t:|1700062441\n|move|p2a: Arceus|Earthquake|p1a: Above the sea\n|-supereffective|p1a: Above the sea\n|-damage|p1a: Above the sea|14\/100\n|move|p1a: Above the sea|Precipice Blades|p2a: Arceus\n|-damage|p2a: Arceus|0 fnt\n|faint|p2a: Arceus\n|\n|-weather|DesolateLand|[upkeep]\n|upkeep\n|\n|t:|1700062449\n|switch|p2a: Xerneas|Xerneas|100\/100\n|-ability|p2a: Xerneas|Fairy Aura\n|turn|14\n|\n|t:|1700062458\n|-weather|none\n|switch|p1a: Under the sea|Kyogre-Primal, shiny|100\/100\n|-weather|PrimordialSea|[from] ability: Primordial Sea|[of] p1a: Under the sea\n|move|p2a: Xerneas|Geomancy||[still]\n|-prepare|p2a: Xerneas|Geomancy\n|-enditem|p2a: Xerneas|Power Herb\n|-anim|p2a: Xerneas|Geomancy|p2a: Xerneas\n|-boost|p2a: Xerneas|spa|2\n|-boost|p2a: Xerneas|spd|2\n|-boost|p2a: Xerneas|spe|2\n|\n|-weather|PrimordialSea|[upkeep]\n|upkeep\n|turn|15\n|\n|t:|1700062470\n|move|p2a: Xerneas|Moonblast|p1a: Under the sea\n|-damage|p1a: Under the sea|24\/100\n|move|p1a: Under the sea|Rest|p1a: Under the sea\n|-status|p1a: Under the sea|slp|[from] move: Rest\n|-heal|p1a: Under the sea|100\/100 slp|[silent]\n|\n|-weather|PrimordialSea|[upkeep]\n|upkeep\n|turn|16\n|\n|t:|1700062476\n|move|p2a: Xerneas|Moonblast|p1a: Under the sea\n|-damage|p1a: Under the sea|16\/100 slp\n|-unboost|p1a: Under the sea|spa|1\n|cant|p1a: Under the sea|slp\n|move|p1a: Under the sea|Sleep Talk|p1a: Under the sea\n|move|p1a: Under the sea|Scald|p2a: Xerneas|[from]move: Sleep Talk\n|-damage|p2a: Xerneas|80\/100\n|\n|-weather|PrimordialSea|[upkeep]\n|upkeep\n|turn|17\n|\n|t:|1700062486\n|-weather|none\n|switch|p1a: FACEKICK|Blaziken, F, shiny|100\/100\n|move|p2a: Xerneas|Moonblast|p1a: FACEKICK\n|-damage|p1a: FACEKICK|0 fnt\n|faint|p1a: FACEKICK\n|\n|upkeep\n|\n|t:|1700062493\n|switch|p1a: Above the sea|Groudon-Primal, shiny|14\/100\n|-weather|DesolateLand|[from] ability: Desolate Land|[of] p1a: Above the sea\n|turn|18\n|\n|t:|1700062499\n|move|p2a: Xerneas|Hidden Power|p1a: Above the sea\n|-damage|p1a: Above the sea|0 fnt\n|faint|p1a: Above the sea\n|-weather|none\n|\n|upkeep\n|\n|t:|1700062504\n|switch|p1a: Under the sea|Kyogre-Primal, shiny|16\/100 slp\n|-weather|PrimordialSea|[from] ability: Primordial Sea|[of] p1a: Under the sea\n|turn|19\n|c|\u2606Istillliketemp|Gg\n|\n|t:|1700062521\n|move|p2a: Xerneas|Moonblast|p1a: Under the sea\n|-damage|p1a: Under the sea|0 fnt\n|faint|p1a: Under the sea\n|-weather|none\n|\n|win|WeirdHamster\n|n|\u2606Istillliketemp|istillliketemp\n|n|\u2606WeirdHamster|weirdhamster\n","uploadtime":1700062525,"views":11,"p1id":"istillliketemp","p2id":"weirdhamster","formatid":"gen9nationaldexubers","rating":0,"private":0,"password":""}