{"id":"gen9nationaldexubers-1997773653","p1":"kom.moom","p2":"JustMonika_CARR","format":"[Gen 9] National Dex Ubers","log":"|j|\u2606kom.moom\n|j|\u2606JustMonika_CARR\n|t:|1700851161\n|gametype|singles\n|player|p1|kom.moom|1|1157\n|player|p2|JustMonika_CARR|rosa|1430\n|teamsize|p1|6\n|teamsize|p2|6\n|gen|9\n|tier|[Gen 9] National Dex Ubers\n|rated|\n|rule|HP Percentage Mod: HP is shown in percentages\n|rule|Endless Battle Clause: Forcing endless battles is banned\n|rule|OHKO Clause: OHKO moves are banned\n|rule|Evasion Moves Clause: Evasion moves are banned\n|rule|Evasion Items Clause: Evasion items are banned\n|rule|Species Clause: Limit one of each Pok\u00e9mon\n|rule|Sleep Clause Mod: Limit one foe put to sleep\n|rule|Mega Rayquaza Clause: You cannot mega evolve Rayquaza\n|clearpoke\n|poke|p1|Stunfisk, F|\n|poke|p1|Galvantula, F|\n|poke|p1|Garchomp, F|\n|poke|p1|Liepard, M|\n|poke|p1|Hoopa-Unbound|\n|poke|p1|Blastoise, M|\n|poke|p2|Marshadow|\n|poke|p2|Lopunny, F|\n|poke|p2|Eternatus|\n|poke|p2|Forretress, F|\n|poke|p2|Pheromosa|\n|poke|p2|Grimmsnarl, M|\n|teampreview\n|inactive|Battle timer is ON: inactive players will automatically lose when time's up. (requested by kom.moom)\n|c|\u2606JustMonika_CARR|Glhf\n|\n|t:|1700851173\n|start\n|switch|p1a: Stunfisk|Stunfisk, F|100\/100\n|switch|p2a: Forretress|Forretress, F, shiny|100\/100\n|turn|1\n|c|\u2606JustMonika_CARR|Oh, a Stunfisk\n|\n|t:|1700851181\n|move|p2a: Forretress|Toxic Spikes|p1a: Stunfisk\n|-sidestart|p1: kom.moom|move: Toxic Spikes\n|move|p1a: Stunfisk|Yawn|p2a: Forretress\n|-start|p2a: Forretress|move: Yawn|[of] p1a: Stunfisk\n|\n|upkeep\n|turn|2\n|\n|t:|1700851188\n|switch|p2a: Grimmsnarl|Grimmsnarl, M, shiny|100\/100\n|move|p1a: Stunfisk|Stealth Rock|p2a: Grimmsnarl\n|-sidestart|p2: JustMonika_CARR|move: Stealth Rock\n|\n|upkeep\n|turn|3\n|\n|t:|1700851194\n|switch|p2a: Forretress|Forretress, F, shiny|100\/100\n|-damage|p2a: Forretress|88\/100|[from] Stealth Rock\n|move|p1a: Stunfisk|Yawn|p2a: Forretress\n|-start|p2a: Forretress|move: Yawn|[of] p1a: Stunfisk\n|\n|upkeep\n|turn|4\n|\n|t:|1700851197\n|move|p2a: Forretress|Toxic Spikes|p1a: Stunfisk\n|-sidestart|p1: kom.moom|move: Toxic Spikes\n|move|p1a: Stunfisk|Foul Play|p2a: Forretress\n|-crit|p2a: Forretress\n|-damage|p2a: Forretress|72\/100\n|-enditem|p2a: Forretress|Red Card|[of] p1a: Stunfisk\n|drag|p1a: Garchomp|Garchomp, F|100\/100\n|-status|p1a: Garchomp|tox\n|\n|-damage|p1a: Garchomp|94\/100 tox|[from] psn\n|-end|p2a: Forretress|move: Yawn|[silent]\n|-status|p2a: Forretress|slp\n|upkeep\n|turn|5\n|\n|t:|1700851205\n|move|p1a: Garchomp|Flamethrower|p2a: Forretress\n|-supereffective|p2a: Forretress\n|-crit|p2a: Forretress\n|-damage|p2a: Forretress|0 fnt\n|faint|p2a: Forretress\n|\n|-damage|p1a: Garchomp|82\/100 tox|[from] psn\n|upkeep\n|\n|t:|1700851213\n|switch|p2a: Grimmsnarl|Grimmsnarl, M, shiny|100\/100\n|-damage|p2a: Grimmsnarl|88\/100|[from] Stealth Rock\n|turn|6\n|\n|t:|1700851227\n|move|p2a: Grimmsnarl|Light Screen|p2a: Grimmsnarl\n|-sidestart|p2: JustMonika_CARR|move: Light Screen\n|move|p1a: Garchomp|Spikes|p2a: Grimmsnarl\n|-sidestart|p2: JustMonika_CARR|Spikes\n|\n|-heal|p2a: Grimmsnarl|94\/100|[from] item: Leftovers\n|-damage|p1a: Garchomp|64\/100 tox|[from] psn\n|upkeep\n|turn|7\n|\n|t:|1700851235\n|switch|p1a: Blastoise|Blastoise, M|100\/100\n|-status|p1a: Blastoise|tox\n|move|p2a: Grimmsnarl|Reflect|p2a: Grimmsnarl\n|-sidestart|p2: JustMonika_CARR|Reflect\n|\n|-heal|p2a: Grimmsnarl|99\/100|[from] item: Leftovers\n|-damage|p1a: Blastoise|95\/100 tox|[from] psn\n|upkeep\n|turn|8\n|\n|t:|1700851242\n|detailschange|p1a: Blastoise|Blastoise-Mega, M\n|-mega|p1a: Blastoise|Blastoise|Blastoisinite\n|move|p2a: Grimmsnarl|Taunt|p1a: Blastoise\n|-start|p1a: Blastoise|move: Taunt\n|move|p1a: Blastoise|Rapid Spin|p2a: Grimmsnarl\n|-damage|p2a: Grimmsnarl|95\/100\n|-boost|p1a: Blastoise|spe|1\n|-sideend|p1: kom.moom|Toxic Spikes|[from] move: Rapid Spin|[of] p1a: Blastoise\n|\n|-heal|p2a: Grimmsnarl|100\/100|[from] item: Leftovers\n|-damage|p1a: Blastoise|83\/100 tox|[from] psn\n|upkeep\n|turn|9\n|\n|t:|1700851250\n|switch|p1a: Liepard|Liepard, M|100\/100\n|move|p2a: Grimmsnarl|Spirit Break|p1a: Liepard\n|-supereffective|p1a: Liepard\n|-enditem|p1a: Liepard|Focus Sash\n|-damage|p1a: Liepard|1\/100\n|-unboost|p1a: Liepard|spa|1\n|\n|upkeep\n|turn|10\n|\n|t:|1700851254\n|move|p1a: Liepard|Fake Out|p2a: Grimmsnarl\n|-damage|p2a: Grimmsnarl|96\/100\n|cant|p2a: Grimmsnarl|flinch\n|\n|-heal|p2a: Grimmsnarl|100\/100|[from] item: Leftovers\n|-sideend|p2: JustMonika_CARR|move: Light Screen\n|upkeep\n|turn|11\n|\n|t:|1700851258\n|move|p1a: Liepard|Foul Play|p2a: Grimmsnarl\n|-resisted|p2a: Grimmsnarl\n|-damage|p2a: Grimmsnarl|95\/100\n|move|p2a: Grimmsnarl|Spirit Break|p1a: Liepard\n|-supereffective|p1a: Liepard\n|-damage|p1a: Liepard|0 fnt\n|faint|p1a: Liepard\n|\n|-heal|p2a: Grimmsnarl|100\/100|[from] item: Leftovers\n|-sideend|p2: JustMonika_CARR|Reflect\n|upkeep\n|\n|t:|1700851264\n|switch|p1a: Galvantula|Galvantula, F|100\/100\n|turn|12\n|\n|t:|1700851269\n|move|p2a: Grimmsnarl|Taunt|p1a: Galvantula\n|-start|p1a: Galvantula|move: Taunt\n|move|p1a: Galvantula|Thunder|p2a: Grimmsnarl|[miss]\n|-miss|p1a: Galvantula|p2a: Grimmsnarl\n|\n|upkeep\n|turn|13\n|\n|t:|1700851273\n|move|p2a: Grimmsnarl|Light Screen|p2a: Grimmsnarl\n|-sidestart|p2: JustMonika_CARR|move: Light Screen\n|move|p1a: Galvantula|Thunder|p2a: Grimmsnarl\n|-damage|p2a: Grimmsnarl|78\/100\n|\n|-heal|p2a: Grimmsnarl|85\/100|[from] item: Leftovers\n|upkeep\n|turn|14\n|\n|t:|1700851275\n|switch|p1a: Hoopa|Hoopa-Unbound|100\/100\n|move|p2a: Grimmsnarl|Spirit Break|p1a: Hoopa\n|-supereffective|p1a: Hoopa\n|-crit|p1a: Hoopa\n|-damage|p1a: Hoopa|0 fnt\n|faint|p1a: Hoopa\n|\n|-heal|p2a: Grimmsnarl|91\/100|[from] item: Leftovers\n|upkeep\n|\n|t:|1700851278\n|switch|p1a: Stunfisk|Stunfisk, F|100\/100\n|turn|15\n|\n|t:|1700851282\n|move|p2a: Grimmsnarl|Taunt|p1a: Stunfisk\n|-start|p1a: Stunfisk|move: Taunt\n|move|p1a: Stunfisk|Foul Play|p2a: Grimmsnarl\n|-resisted|p2a: Grimmsnarl\n|-damage|p2a: Grimmsnarl|83\/100\n|\n|-heal|p2a: Grimmsnarl|90\/100|[from] item: Leftovers\n|upkeep\n|turn|16\n|\n|t:|1700851288\n|move|p2a: Grimmsnarl|Reflect|p2a: Grimmsnarl\n|-sidestart|p2: JustMonika_CARR|Reflect\n|move|p1a: Stunfisk|Foul Play|p2a: Grimmsnarl\n|-resisted|p2a: Grimmsnarl\n|-damage|p2a: Grimmsnarl|86\/100\n|\n|-heal|p2a: Grimmsnarl|92\/100|[from] item: Leftovers\n|upkeep\n|turn|17\n|\n|t:|1700851293\n|move|p2a: Grimmsnarl|Spirit Break|p1a: Stunfisk\n|-damage|p1a: Stunfisk|73\/100\n|-unboost|p1a: Stunfisk|spa|1\n|-damage|p2a: Grimmsnarl|76\/100|[from] item: Rocky Helmet|[of] p1a: Stunfisk\n|move|p1a: Stunfisk|Foul Play|p2a: Grimmsnarl\n|-resisted|p2a: Grimmsnarl\n|-damage|p2a: Grimmsnarl|72\/100\n|\n|-heal|p2a: Grimmsnarl|78\/100|[from] item: Leftovers\n|-end|p1a: Stunfisk|move: Taunt\n|-sideend|p2: JustMonika_CARR|move: Light Screen\n|upkeep\n|turn|18\n|\n|t:|1700851305\n|move|p2a: Grimmsnarl|Spirit Break|p1a: Stunfisk\n|-damage|p1a: Stunfisk|46\/100\n|-unboost|p1a: Stunfisk|spa|1\n|-damage|p2a: Grimmsnarl|62\/100|[from] item: Rocky Helmet|[of] p1a: Stunfisk\n|move|p1a: Stunfisk|Foul Play|p2a: Grimmsnarl\n|-resisted|p2a: Grimmsnarl\n|-damage|p2a: Grimmsnarl|58\/100\n|\n|-heal|p2a: Grimmsnarl|64\/100|[from] item: Leftovers\n|upkeep\n|turn|19\n|\n|t:|1700851309\n|move|p2a: Grimmsnarl|Spirit Break|p1a: Stunfisk\n|-damage|p1a: Stunfisk|19\/100\n|-unboost|p1a: Stunfisk|spa|1\n|-damage|p2a: Grimmsnarl|48\/100|[from] item: Rocky Helmet|[of] p1a: Stunfisk\n|move|p1a: Stunfisk|Yawn|p2a: Grimmsnarl\n|-start|p2a: Grimmsnarl|move: Yawn|[of] p1a: Stunfisk\n|\n|-heal|p2a: Grimmsnarl|54\/100|[from] item: Leftovers\n|upkeep\n|turn|20\n|\n|t:|1700851320\n|switch|p2a: Pheromosa|Pheromosa, shiny|100\/100\n|-damage|p2a: Pheromosa|88\/100|[from] Stealth Rock\n|-damage|p2a: Pheromosa|76\/100|[from] Spikes\n|move|p1a: Stunfisk|Rest|p1a: Stunfisk\n|-status|p1a: Stunfisk|slp|[from] move: Rest\n|-heal|p1a: Stunfisk|100\/100 slp|[silent]\n|\n|-sideend|p2: JustMonika_CARR|Reflect\n|upkeep\n|turn|21\n|\n|t:|1700851323\n|move|p2a: Pheromosa|Rapid Spin|p1a: Stunfisk\n|-damage|p1a: Stunfisk|87\/100 slp\n|-boost|p2a: Pheromosa|spe|1\n|-damage|p2a: Pheromosa|59\/100|[from] item: Rocky Helmet|[of] p1a: Stunfisk\n|-sideend|p2: JustMonika_CARR|Spikes|[from] move: Rapid Spin|[of] p2a: Pheromosa\n|-sideend|p2: JustMonika_CARR|Stealth Rock|[from] move: Rapid Spin|[of] p2a: Pheromosa\n|cant|p1a: Stunfisk|slp\n|\n|upkeep\n|turn|22\n|\n|t:|1700851328\n|move|p2a: Pheromosa|Ice Beam|p1a: Stunfisk\n|-supereffective|p1a: Stunfisk\n|-damage|p1a: Stunfisk|38\/100 slp\n|cant|p1a: Stunfisk|slp\n|\n|upkeep\n|turn|23\n|\n|t:|1700851332\n|move|p2a: Pheromosa|Ice Beam|p1a: Stunfisk\n|-supereffective|p1a: Stunfisk\n|-damage|p1a: Stunfisk|0 fnt\n|faint|p1a: Stunfisk\n|-ability|p2a: Pheromosa|Beast Boost|boost\n|-boost|p2a: Pheromosa|spa|1\n|\n|upkeep\n|\n|t:|1700851335\n|switch|p1a: Blastoise|Blastoise-Mega, M|83\/100 tox\n|turn|24\n|\n|t:|1700851342\n|move|p2a: Pheromosa|Bug Buzz|p1a: Blastoise\n|-damage|p1a: Blastoise|2\/100 tox\n|move|p1a: Blastoise|Shell Smash|p1a: Blastoise\n|-unboost|p1a: Blastoise|def|1\n|-unboost|p1a: Blastoise|spd|1\n|-boost|p1a: Blastoise|atk|2\n|-boost|p1a: Blastoise|spa|2\n|-boost|p1a: Blastoise|spe|2\n|\n|-damage|p1a: Blastoise|0 fnt|[from] psn\n|faint|p1a: Blastoise\n|upkeep\n|\n|t:|1700851345\n|switch|p1a: Galvantula|Galvantula, F|100\/100\n|turn|25\n|\n|t:|1700851352\n|move|p2a: Pheromosa|Ice Beam|p1a: Galvantula\n|-crit|p1a: Galvantula\n|-enditem|p1a: Galvantula|Focus Sash\n|-damage|p1a: Galvantula|1\/100\n|move|p1a: Galvantula|Thunder|p2a: Pheromosa\n|-damage|p2a: Pheromosa|0 fnt\n|faint|p2a: Pheromosa\n|\n|upkeep\n|\n|t:|1700851362\n|switch|p2a: Lopunny|Lopunny, F, shiny|100\/100\n|turn|26\n|\n|t:|1700851367\n|switch|p1a: Garchomp|Garchomp, F|64\/100 tox\n|detailschange|p2a: Lopunny|Lopunny-Mega, F, shiny\n|-mega|p2a: Lopunny|Lopunny|Lopunnite\n|move|p2a: Lopunny|Power-Up Punch|p1a: Garchomp\n|-damage|p1a: Garchomp|50\/100 tox\n|-boost|p2a: Lopunny|atk|1\n|-damage|p2a: Lopunny|88\/100|[from] ability: Rough Skin|[of] p1a: Garchomp\n|-damage|p2a: Lopunny|72\/100|[from] item: Rocky Helmet|[of] p1a: Garchomp\n|\n|-damage|p1a: Garchomp|43\/100 tox|[from] psn\n|upkeep\n|turn|27\n|\n|t:|1700851374\n|move|p2a: Lopunny|Drain Punch|p1a: Garchomp\n|-damage|p1a: Garchomp|6\/100 tox\n|-heal|p2a: Lopunny|99\/100|[from] drain|[of] p1a: Garchomp\n|-damage|p2a: Lopunny|88\/100|[from] ability: Rough Skin|[of] p1a: Garchomp\n|-damage|p2a: Lopunny|71\/100|[from] item: Rocky Helmet|[of] p1a: Garchomp\n|move|p1a: Garchomp|Roar|p2a: Lopunny\n|drag|p2a: Eternatus|Eternatus|100\/100\n|-ability|p2a: Eternatus|Pressure\n|\n|-damage|p1a: Garchomp|0 fnt|[from] psn\n|faint|p1a: Garchomp\n|upkeep\n|\n|t:|1700851380\n|switch|p1a: Galvantula|Galvantula, F|1\/100\n|turn|28\n|\n|t:|1700851387\n|move|p2a: Eternatus|Dynamax Cannon|p1a: Galvantula\n|-damage|p1a: Galvantula|0 fnt\n|faint|p1a: Galvantula\n|\n|win|JustMonika_CARR\n|raw|kom.moom's rating: 1157 &rarr; <strong>1148<\/strong><br \/>(-9 for losing)\n|raw|JustMonika_CARR's rating: 1430 &rarr; <strong>1437<\/strong><br \/>(+7 for winning)\n|l|\u2606kom.moom\n|c|\u2606JustMonika_CARR|Gg\n","uploadtime":1700851397,"views":1,"p1id":"kommoom","p2id":"justmonikacarr","formatid":"gen9nationaldexubers","rating":1148,"private":0,"password":""}