{"id":"gen9nationaldexubers-1977924082","p1":"Flames98765","p2":"MiraGraves","format":"[Gen 9] National Dex Ubers","log":"|j|\u2606Flames98765\n|j|\u2606MiraGraves\n|t:|1698467209\n|gametype|singles\n|player|p1|Flames98765|jasmine|\n|player|p2|MiraGraves|psychicf-gen4|\n|teamsize|p1|6\n|teamsize|p2|6\n|gen|9\n|tier|[Gen 9] National Dex Ubers\n|rule|HP Percentage Mod: HP is shown in percentages\n|rule|Endless Battle Clause: Forcing endless battles is banned\n|rule|OHKO Clause: OHKO moves are banned\n|rule|Evasion Moves Clause: Evasion moves are banned\n|rule|Evasion Items Clause: Evasion items are banned\n|rule|Species Clause: Limit one of each Pok\u00e9mon\n|rule|Sleep Clause Mod: Limit one foe put to sleep\n|rule|Mega Rayquaza Clause: You cannot mega evolve Rayquaza\n|clearpoke\n|poke|p1|Heliolisk, F|\n|poke|p1|Venusaur, M|\n|poke|p1|Thundurus, M|\n|poke|p1|Sandy Shocks|\n|poke|p1|Shiftry, F|\n|poke|p1|Whimsicott, M|\n|poke|p2|Ninetales-Alola, M|\n|poke|p2|Magearna|\n|poke|p2|Baxcalibur, M|\n|poke|p2|Heatran, F|\n|poke|p2|Victini|\n|poke|p2|Landorus-Therian, M|\n|teampreview\n|c|\u2606Flames98765|I wannnna show you what it does firt\n|\n|t:|1698467233\n|start\n|switch|p1a: Heliolisk|Heliolisk, F|100\/100\n|switch|p2a: Baxcalibur|Baxcalibur, M|100\/100\n|turn|1\n|\n|t:|1698467242\n|-terastallize|p2a: Baxcalibur|Dragon\n|move|p1a: Heliolisk|Volt Switch|p2a: Baxcalibur\n|-resisted|p2a: Baxcalibur\n|-damage|p2a: Baxcalibur|84\/100\n|\n|t:|1698467247\n|switch|p1a: Whimsicott|Whimsicott, M|100\/100|[from] Volt Switch\n|move|p2a: Baxcalibur|Swords Dance|p2a: Baxcalibur\n|-boost|p2a: Baxcalibur|atk|2\n|\n|upkeep\n|turn|2\n|\n|t:|1698467255\n|move|p1a: Whimsicott|Encore|p2a: Baxcalibur\n|-start|p2a: Baxcalibur|Encore\n|move|p2a: Baxcalibur|Swords Dance|p2a: Baxcalibur\n|-boost|p2a: Baxcalibur|atk|2\n|\n|upkeep\n|turn|3\n|\n|t:|1698467264\n|switch|p2a: Heatran|Heatran, F|100\/100\n|-item|p2a: Heatran|Air Balloon\n|move|p1a: Whimsicott|Moonblast|p2a: Heatran\n|-resisted|p2a: Heatran\n|-damage|p2a: Heatran|95\/100\n|-unboost|p2a: Heatran|spa|1\n|-enditem|p2a: Heatran|Air Balloon\n|\n|upkeep\n|turn|4\n|\n|t:|1698467278\n|move|p1a: Whimsicott|U-turn|p2a: Heatran\n|-resisted|p2a: Heatran\n|-damage|p2a: Heatran|93\/100\n|\n|t:|1698467286\n|switch|p1a: Sandy Shocks|Sandy Shocks|100\/100|[from] U-turn\n|-enditem|p1a: Sandy Shocks|Booster Energy\n|-activate|p1a: Sandy Shocks|ability: Protosynthesis|[fromitem]\n|-start|p1a: Sandy Shocks|protosynthesisspa\n|move|p2a: Heatran|Stealth Rock|p1a: Sandy Shocks\n|-sidestart|p1: Flames98765|move: Stealth Rock\n|\n|upkeep\n|turn|5\n|\n|t:|1698467300\n|switch|p2a: Ninetales|Ninetales-Alola, M|100\/100\n|-weather|Snow|[from] ability: Snow Warning|[of] p2a: Ninetales\n|move|p1a: Sandy Shocks|Power Gem|p2a: Ninetales\n|-supereffective|p2a: Ninetales\n|-crit|p2a: Ninetales\n|-damage|p2a: Ninetales|0 fnt\n|faint|p2a: Ninetales\n|\n|-weather|Snow|[upkeep]\n|upkeep\n|\n|t:|1698467309\n|switch|p2a: Landorus|Landorus-Therian, M|100\/100\n|-ability|p2a: Landorus|Intimidate|boost\n|-unboost|p1a: Sandy Shocks|atk|1\n|turn|6\n|\n|t:|1698467378\n|-end|p1a: Sandy Shocks|Protosynthesis|[silent]\n|switch|p1a: Thundurus|Thundurus, M|100\/100\n|-damage|p1a: Thundurus|76\/100|[from] Stealth Rock\n|move|p2a: Landorus|Earthquake|p1a: Thundurus\n|-immune|p1a: Thundurus\n|\n|-weather|Snow|[upkeep]\n|upkeep\n|turn|7\n|\n|t:|1698467390\n|switch|p2a: Magearna|Magearna|100\/100\n|move|p1a: Thundurus|Sunny Day|p1a: Thundurus\n|-weather|SunnyDay\n|\n|-weather|SunnyDay|[upkeep]\n|upkeep\n|turn|8\n|\n|t:|1698467400\n|move|p1a: Thundurus|Volt Switch|p2a: Magearna\n|-damage|p2a: Magearna|73\/100\n|\n|t:|1698467406\n|switch|p1a: Heliolisk|Heliolisk, F|100\/100|[from] Volt Switch\n|-damage|p1a: Heliolisk|88\/100|[from] Stealth Rock\n|move|p2a: Magearna|Calm Mind|p2a: Magearna\n|-boost|p2a: Magearna|spa|1\n|-boost|p2a: Magearna|spd|1\n|\n|-weather|SunnyDay|[upkeep]\n|-damage|p1a: Heliolisk|76\/100|[from] ability: Solar Power|[of] p1a: Heliolisk\n|-heal|p2a: Magearna|79\/100|[from] item: Leftovers\n|upkeep\n|turn|9\n|\n|t:|1698467426\n|move|p1a: Heliolisk|Weather Ball|p2a: Magearna\n|-supereffective|p2a: Magearna\n|-damage|p2a: Magearna|2\/100\n|move|p2a: Magearna|Calm Mind|p2a: Magearna\n|-boost|p2a: Magearna|spa|1\n|-boost|p2a: Magearna|spd|1\n|\n|-weather|SunnyDay|[upkeep]\n|-damage|p1a: Heliolisk|63\/100|[from] ability: Solar Power|[of] p1a: Heliolisk\n|-heal|p2a: Magearna|8\/100|[from] item: Leftovers\n|upkeep\n|turn|10\n|\n|t:|1698467439\n|move|p1a: Heliolisk|Weather Ball|p2a: Magearna\n|-supereffective|p2a: Magearna\n|-damage|p2a: Magearna|0 fnt\n|faint|p2a: Magearna\n|\n|-weather|SunnyDay|[upkeep]\n|-damage|p1a: Heliolisk|51\/100|[from] ability: Solar Power|[of] p1a: Heliolisk\n|upkeep\n|\n|t:|1698467450\n|switch|p2a: Victini|Victini|100\/100\n|turn|11\n|\n|t:|1698467457\n|switch|p1a: Whimsicott|Whimsicott, M|100\/100\n|-damage|p1a: Whimsicott|88\/100|[from] Stealth Rock\n|-zpower|p2a: Victini\n|move|p2a: Victini|Z-Celebrate|p2a: Victini|[anim]Celebrate\n|-boost|p2a: Victini|atk|1|[zeffect]\n|-boost|p2a: Victini|def|1|[zeffect]\n|-boost|p2a: Victini|spa|1|[zeffect]\n|-boost|p2a: Victini|spd|1|[zeffect]\n|-boost|p2a: Victini|spe|1|[zeffect]\n|-activate|p2a: Victini|move: Celebrate\n|\n|-weather|SunnyDay|[upkeep]\n|upkeep\n|turn|12\n|\n|t:|1698467469\n|move|p1a: Whimsicott|Encore||[still]\n|-fail|p1a: Whimsicott\n|move|p2a: Victini|Stored Power|p1a: Whimsicott\n|-damage|p1a: Whimsicott|0 fnt\n|faint|p1a: Whimsicott\n|\n|-weather|SunnyDay|[upkeep]\n|upkeep\n|\n|t:|1698467486\n|switch|p1a: Venusaur|Venusaur, M|100\/100\n|-damage|p1a: Venusaur|88\/100|[from] Stealth Rock\n|turn|13\n|\n|t:|1698467499\n|move|p2a: Victini|Stored Power|p1a: Venusaur\n|-supereffective|p1a: Venusaur\n|-damage|p1a: Venusaur|0 fnt\n|faint|p1a: Venusaur\n|\n|-weather|SunnyDay|[upkeep]\n|upkeep\n|\n|t:|1698467510\n|switch|p1a: Thundurus|Thundurus, M|76\/100\n|-damage|p1a: Thundurus|51\/100|[from] Stealth Rock\n|turn|14\n|\n|t:|1698467518\n|move|p1a: Thundurus|Thunder Wave|p2a: Victini|[miss]\n|-miss|p1a: Thundurus|p2a: Victini\n|move|p2a: Victini|Stored Power|p1a: Thundurus\n|-damage|p1a: Thundurus|0 fnt\n|faint|p1a: Thundurus\n|\n|-weather|none\n|upkeep\n|\n|t:|1698467526\n|switch|p1a: Heliolisk|Heliolisk, F|51\/100\n|-damage|p1a: Heliolisk|38\/100|[from] Stealth Rock\n|turn|15\n|c|\u2606MiraGraves|Rip\n|\n|t:|1698467538\n|move|p1a: Heliolisk|Thunderbolt|p2a: Victini\n|-crit|p2a: Victini\n|-damage|p2a: Victini|33\/100\n|move|p2a: Victini|Stored Power|p1a: Heliolisk\n|-damage|p1a: Heliolisk|0 fnt\n|faint|p1a: Heliolisk\n|\n|upkeep\n|\n|t:|1698467544\n|switch|p1a: Shiftry|Shiftry, F|100\/100\n|-damage|p1a: Shiftry|88\/100|[from] Stealth Rock\n|turn|16\n|\n|t:|1698467555\n|move|p1a: Shiftry|Sucker Punch||[still]\n|-fail|p1a: Shiftry\n|move|p2a: Victini|Celebrate|p2a: Victini\n|-activate|p2a: Victini|move: Celebrate\n|\n|upkeep\n|turn|17\n|\n|t:|1698467562\n|move|p1a: Shiftry|Sucker Punch||[still]\n|-fail|p1a: Shiftry\n|move|p2a: Victini|Celebrate|p2a: Victini\n|-activate|p2a: Victini|move: Celebrate\n|\n|upkeep\n|turn|18\n|\n|t:|1698467573\n|move|p2a: Victini|Celebrate|p2a: Victini\n|-activate|p2a: Victini|move: Celebrate\n|move|p1a: Shiftry|Tailwind|p1a: Shiftry\n|-sidestart|p1: Flames98765|move: Tailwind\n|-ability|p1a: Shiftry|Wind Rider|boost\n|-boost|p1a: Shiftry|atk|1\n|\n|upkeep\n|turn|19\n|\n|t:|1698467588\n|move|p1a: Shiftry|Knock Off|p2a: Victini\n|-supereffective|p2a: Victini\n|-damage|p2a: Victini|0 fnt\n|faint|p2a: Victini\n|\n|upkeep\n|c|\u2606MiraGraves|Darn\n|\n|t:|1698467603\n|switch|p2a: Heatran|Heatran, F|93\/100\n|turn|20\n|\n|t:|1698467627\n|-zpower|p1a: Shiftry\n|move|p1a: Shiftry|Black Hole Eclipse|p2a: Heatran|[zeffect]\n|-damage|p2a: Heatran|14\/100\n|move|p2a: Heatran|Roar|p1a: Shiftry\n|drag|p1a: Sandy Shocks|Sandy Shocks|100\/100\n|-damage|p1a: Sandy Shocks|94\/100|[from] Stealth Rock\n|\n|upkeep\n|turn|21\n|\n|t:|1698467648\n|-terastallize|p1a: Sandy Shocks|Rock\n|move|p1a: Sandy Shocks|Power Gem|p2a: Heatran\n|-damage|p2a: Heatran|0 fnt\n|faint|p2a: Heatran\n|\n|-sideend|p1: Flames98765|move: Tailwind\n|upkeep\n|\n|t:|1698467654\n|switch|p2a: Landorus|Landorus-Therian, M|100\/100\n|-ability|p2a: Landorus|Intimidate|boost\n|-unboost|p1a: Sandy Shocks|atk|1\n|turn|22\n|\n|t:|1698467669\n|move|p2a: Landorus|Earthquake|p1a: Sandy Shocks\n|-supereffective|p1a: Sandy Shocks\n|-damage|p1a: Sandy Shocks|0 fnt\n|faint|p1a: Sandy Shocks\n|-end|p1a: Sandy Shocks|Protosynthesis|[silent]\n|\n|upkeep\n|\n|t:|1698467673\n|switch|p1a: Shiftry|Shiftry, F|88\/100\n|-damage|p1a: Shiftry|76\/100|[from] Stealth Rock\n|turn|23\n|\n|t:|1698467680\n|move|p2a: Landorus|Earthquake|p1a: Shiftry\n|-resisted|p1a: Shiftry\n|-damage|p1a: Shiftry|29\/100\n|move|p1a: Shiftry|Tailwind|p1a: Shiftry\n|-sidestart|p1: Flames98765|move: Tailwind\n|-ability|p1a: Shiftry|Wind Rider|boost\n|-boost|p1a: Shiftry|atk|1\n|\n|upkeep\n|turn|24\n|\n|t:|1698467690\n|move|p1a: Shiftry|Leaf Blade|p2a: Landorus\n|-crit|p2a: Landorus\n|-damage|p2a: Landorus|0 fnt\n|faint|p2a: Landorus\n|\n|upkeep\n|\n|t:|1698467693\n|switch|p2a: Baxcalibur|Baxcalibur, M, tera:Dragon|84\/100\n|turn|25\n|\n|t:|1698467704\n|move|p2a: Baxcalibur|Ice Shard|p1a: Shiftry\n|-supereffective|p1a: Shiftry\n|-damage|p1a: Shiftry|0 fnt\n|faint|p1a: Shiftry\n|\n|win|MiraGraves\n|c|\u2606Flames98765|gg\n|c|\u2606MiraGraves|GG\n|l|\u2606MiraGraves\n","uploadtime":1698467711,"views":10,"p1id":"flames98765","p2id":"miragraves","formatid":"gen9nationaldexubers","rating":0,"private":0,"password":""}