{"id":"gen9nationaldexubers-1983442744","p1":"darklife0","p2":"Slothbaseiscool","format":"[Gen 9] National Dex Ubers","log":"|j|\u2606darklife0\n|j|\u2606Slothbaseiscool\n|t:|1699130644\n|gametype|singles\n|player|p1|darklife0|265|1092\n|player|p2|Slothbaseiscool|102|1054\n|teamsize|p1|6\n|teamsize|p2|2\n|gen|9\n|tier|[Gen 9] National Dex Ubers\n|rated|\n|rule|HP Percentage Mod: HP is shown in percentages\n|rule|Endless Battle Clause: Forcing endless battles is banned\n|rule|OHKO Clause: OHKO moves are banned\n|rule|Evasion Moves Clause: Evasion moves are banned\n|rule|Evasion Items Clause: Evasion items are banned\n|rule|Species Clause: Limit one of each Pok\u00e9mon\n|rule|Sleep Clause Mod: Limit one foe put to sleep\n|rule|Mega Rayquaza Clause: You cannot mega evolve Rayquaza\n|clearpoke\n|poke|p1|Corviknight, F|\n|poke|p1|Goodra-Hisui, M|\n|poke|p1|Garchomp, M|\n|poke|p1|Dragonite, M|\n|poke|p1|Roaring Moon|\n|poke|p1|Kingambit, M|\n|poke|p2|Durant, M|\n|poke|p2|Dugtrio, F|\n|teampreview\n|inactive|Battle timer is ON: inactive players will automatically lose when time's up. (requested by darklife0)\n|\n|t:|1699130652\n|start\n|switch|p1a: Goodra|Goodra-Hisui, M|100\/100\n|switch|p2a: Durant|Durant, M|100\/100\n|turn|1\n|\n|t:|1699130657\n|move|p2a: Durant|Entrainment|p1a: Goodra\n|-endability|p1a: Goodra|Sap Sipper|[from] move: Entrainment\n|-ability|p1a: Goodra|Truant|[from] move: Entrainment\n|move|p1a: Goodra|Flamethrower|p2a: Durant\n|-supereffective|p2a: Durant\n|-enditem|p2a: Durant|Focus Sash\n|-damage|p2a: Durant|1\/100\n|-status|p2a: Durant|brn\n|\n|-damage|p2a: Durant|0 fnt|[from] brn\n|faint|p2a: Durant\n|upkeep\n|\n|t:|1699130667\n|switch|p2a: Dugtrio|Dugtrio, F|100\/100\n|turn|2\n|\n|t:|1699130672\n|move|p2a: Dugtrio|Protect|p2a: Dugtrio\n|-singleturn|p2a: Dugtrio|Protect\n|cant|p1a: Goodra|ability: Truant\n|\n|upkeep\n|turn|3\n|c|\u2606darklife0|gg\n|\n|t:|1699130685\n|move|p2a: Dugtrio|Hone Claws|p2a: Dugtrio\n|-boost|p2a: Dugtrio|atk|1\n|-boost|p2a: Dugtrio|accuracy|1\n|move|p1a: Goodra|Surf|p2a: Dugtrio\n|-supereffective|p2a: Dugtrio\n|-damage|p2a: Dugtrio|1\/100\n|\n|upkeep\n|turn|4\n|\n|t:|1699130696\n|move|p2a: Dugtrio|Hone Claws|p2a: Dugtrio\n|-boost|p2a: Dugtrio|atk|1\n|-boost|p2a: Dugtrio|accuracy|1\n|cant|p1a: Goodra|ability: Truant\n|\n|upkeep\n|turn|5\n|\n|t:|1699130712\n|move|p2a: Dugtrio|Protect|p2a: Dugtrio\n|-singleturn|p2a: Dugtrio|Protect\n|move|p1a: Goodra|Surf|p2a: Dugtrio\n|-activate|p2a: Dugtrio|move: Protect\n|\n|upkeep\n|turn|6\n|\n|t:|1699130720\n|move|p2a: Dugtrio|Hone Claws|p2a: Dugtrio\n|-boost|p2a: Dugtrio|atk|1\n|-boost|p2a: Dugtrio|accuracy|1\n|cant|p1a: Goodra|ability: Truant\n|\n|upkeep\n|turn|7\n|\n|t:|1699130727\n|move|p2a: Dugtrio|Protect|p2a: Dugtrio\n|-singleturn|p2a: Dugtrio|Protect\n|move|p1a: Goodra|Flamethrower|p2a: Dugtrio\n|-activate|p2a: Dugtrio|move: Protect\n|\n|upkeep\n|turn|8\n|\n|t:|1699130732\n|move|p2a: Dugtrio|Hone Claws|p2a: Dugtrio\n|-boost|p2a: Dugtrio|atk|1\n|-boost|p2a: Dugtrio|accuracy|1\n|cant|p1a: Goodra|ability: Truant\n|\n|upkeep\n|turn|9\n|\n|t:|1699130737\n|move|p2a: Dugtrio|Protect|p2a: Dugtrio\n|-singleturn|p2a: Dugtrio|Protect\n|move|p1a: Goodra|Flash Cannon|p2a: Dugtrio\n|-activate|p2a: Dugtrio|move: Protect\n|\n|upkeep\n|turn|10\n|\n|t:|1699130746\n|move|p2a: Dugtrio|Agility|p2a: Dugtrio\n|-boost|p2a: Dugtrio|spe|2\n|cant|p1a: Goodra|ability: Truant\n|\n|upkeep\n|turn|11\n|\n|t:|1699130752\n|move|p2a: Dugtrio|Protect|p2a: Dugtrio\n|-singleturn|p2a: Dugtrio|Protect\n|move|p1a: Goodra|Flash Cannon|p2a: Dugtrio\n|-activate|p2a: Dugtrio|move: Protect\n|\n|upkeep\n|turn|12\n|\n|t:|1699130758\n|move|p2a: Dugtrio|Agility|p2a: Dugtrio\n|-boost|p2a: Dugtrio|spe|2\n|cant|p1a: Goodra|ability: Truant\n|\n|upkeep\n|turn|13\n|\n|t:|1699130763\n|move|p2a: Dugtrio|Protect|p2a: Dugtrio\n|-singleturn|p2a: Dugtrio|Protect\n|move|p1a: Goodra|Flash Cannon|p2a: Dugtrio\n|-activate|p2a: Dugtrio|move: Protect\n|\n|upkeep\n|turn|14\n|\n|t:|1699130769\n|move|p2a: Dugtrio|Hone Claws|p2a: Dugtrio\n|-boost|p2a: Dugtrio|atk|1\n|-boost|p2a: Dugtrio|accuracy|1\n|cant|p1a: Goodra|ability: Truant\n|\n|upkeep\n|turn|15\n|\n|t:|1699130774\n|move|p2a: Dugtrio|Protect|p2a: Dugtrio\n|-singleturn|p2a: Dugtrio|Protect\n|move|p1a: Goodra|Flash Cannon|p2a: Dugtrio\n|-activate|p2a: Dugtrio|move: Protect\n|\n|upkeep\n|turn|16\n|\n|t:|1699130779\n|move|p2a: Dugtrio|Hone Claws|p2a: Dugtrio\n|-boost|p2a: Dugtrio|atk|1\n|-boost|p2a: Dugtrio|accuracy|1\n|cant|p1a: Goodra|ability: Truant\n|\n|upkeep\n|turn|17\n|\n|t:|1699130785\n|move|p2a: Dugtrio|Protect|p2a: Dugtrio\n|-singleturn|p2a: Dugtrio|Protect\n|move|p1a: Goodra|Flash Cannon|p2a: Dugtrio\n|-activate|p2a: Dugtrio|move: Protect\n|\n|upkeep\n|turn|18\n|\n|t:|1699130791\n|move|p2a: Dugtrio|Agility|p2a: Dugtrio\n|-boost|p2a: Dugtrio|spe|2\n|cant|p1a: Goodra|ability: Truant\n|\n|upkeep\n|turn|19\n|\n|t:|1699130800\n|move|p2a: Dugtrio|Night Slash|p1a: Goodra\n|-damage|p1a: Goodra|41\/100\n|move|p1a: Goodra|Flash Cannon|p2a: Dugtrio\n|-damage|p2a: Dugtrio|0 fnt\n|faint|p2a: Dugtrio\n|\n|win|darklife0\n|raw|darklife0's rating: 1092 &rarr; <strong>1115<\/strong><br \/>(+23 for winning)\n|raw|Slothbaseiscool's rating: 1054 &rarr; <strong>1038<\/strong><br \/>(-16 for losing)\n|l|\u2606Slothbaseiscool\n|c|\u2606darklife0|stupid ah\n","uploadtime":1699130810,"views":12,"p1id":"darklife0","p2id":"slothbaseiscool","formatid":"gen9nationaldexubers","rating":1038,"private":0,"password":""}