{"id":"gen9nationaldexubers-1981489668","p1":"Dasheiki","p2":"Dracho23","format":"[Gen 9] National Dex Ubers","log":"|j|\u2606Dasheiki\n|j|\u2606Dracho23\n|t:|1698905396\n|gametype|singles\n|player|p1|Dasheiki|2|1369\n|player|p2|Dracho23|blue|1291\n|teamsize|p1|6\n|teamsize|p2|6\n|gen|9\n|tier|[Gen 9] National Dex Ubers\n|rated|\n|rule|HP Percentage Mod: HP is shown in percentages\n|rule|Endless Battle Clause: Forcing endless battles is banned\n|rule|OHKO Clause: OHKO moves are banned\n|rule|Evasion Moves Clause: Evasion moves are banned\n|rule|Evasion Items Clause: Evasion items are banned\n|rule|Species Clause: Limit one of each Pok\u00e9mon\n|rule|Sleep Clause Mod: Limit one foe put to sleep\n|rule|Mega Rayquaza Clause: You cannot mega evolve Rayquaza\n|clearpoke\n|poke|p1|Smeargle, M|\n|poke|p1|Gliscor, M|\n|poke|p1|Tyranitar, F|\n|poke|p1|Scizor, F|\n|poke|p1|Kingdra, M|\n|poke|p1|Espeon, M|\n|poke|p2|Gengar, M|\n|poke|p2|Gardevoir, F|\n|poke|p2|Golduck, M|\n|poke|p2|Ursaluna-Bloodmoon, M|\n|poke|p2|Roaring Moon|\n|poke|p2|Groudon|\n|teampreview\n|inactive|Battle timer is ON: inactive players will automatically lose when time's up. (requested by Dracho23)\n|\n|t:|1698905406\n|start\n|switch|p1a: Smeargle|Smeargle, M|100\/100\n|switch|p2a: Queenzy|Gardevoir, F, shiny|100\/100\n|-ability|p2a: Queenzy|Moody|[from] ability: Trace|[of] p1a: Smeargle\n|turn|1\n|\n|t:|1698905417\n|move|p2a: Queenzy|Magic Coat|p2a: Queenzy\n|-singleturn|p2a: Queenzy|move: Magic Coat\n|move|p1a: Smeargle|Sticky Web|p2a: Queenzy\n|move|p2a: Queenzy|Sticky Web|p1a: Smeargle|[from]Magic Coat\n|-sidestart|p1: Dasheiki|move: Sticky Web\n|\n|-ability|p1a: Smeargle|Moody|boost\n|-boost|p1a: Smeargle|spd|2\n|-unboost|p1a: Smeargle|spa|1\n|-ability|p2a: Queenzy|Moody|boost\n|-boost|p2a: Queenzy|spa|2\n|-unboost|p2a: Queenzy|spe|1\n|upkeep\n|turn|2\n|\n|t:|1698905430\n|move|p2a: Queenzy|Magic Coat|p2a: Queenzy\n|-singleturn|p2a: Queenzy|move: Magic Coat\n|move|p1a: Smeargle|Sticky Web|p2a: Queenzy\n|move|p2a: Queenzy|Sticky Web||[from]Magic Coat|[still]\n|-fail|p2a: Queenzy\n|\n|-ability|p1a: Smeargle|Moody|boost\n|-boost|p1a: Smeargle|atk|2\n|-unboost|p1a: Smeargle|spe|1\n|-ability|p2a: Queenzy|Moody|boost\n|-boost|p2a: Queenzy|def|2\n|-unboost|p2a: Queenzy|atk|1\n|upkeep\n|turn|3\n|\n|t:|1698905448\n|move|p1a: Smeargle|Sticky Web|p2a: Queenzy\n|-sidestart|p2: Dracho23|move: Sticky Web\n|move|p2a: Queenzy|Psyshock|p1a: Smeargle\n|-crit|p1a: Smeargle\n|-enditem|p1a: Smeargle|Focus Sash\n|-damage|p1a: Smeargle|1\/100\n|\n|-ability|p1a: Smeargle|Moody|boost\n|-boost|p1a: Smeargle|spe|2\n|-unboost|p1a: Smeargle|atk|1\n|-ability|p2a: Queenzy|Moody|boost\n|-boost|p2a: Queenzy|def|2\n|-unboost|p2a: Queenzy|spd|1\n|upkeep\n|turn|4\n|\n|t:|1698905461\n|move|p2a: Queenzy|Magic Coat|p2a: Queenzy\n|-singleturn|p2a: Queenzy|move: Magic Coat\n|move|p1a: Smeargle|Spore|p2a: Queenzy\n|move|p2a: Queenzy|Spore|p1a: Smeargle|[from]Magic Coat\n|-status|p1a: Smeargle|slp|[from] move: Spore\n|\n|-ability|p1a: Smeargle|Moody|boost\n|-boost|p1a: Smeargle|spe|2\n|-unboost|p1a: Smeargle|spa|1\n|-ability|p2a: Queenzy|Moody|boost\n|-boost|p2a: Queenzy|spa|2\n|-unboost|p2a: Queenzy|def|1\n|upkeep\n|turn|5\n|\n|t:|1698905474\n|cant|p1a: Smeargle|slp\n|move|p2a: Queenzy|Psyshock|p1a: Smeargle\n|-damage|p1a: Smeargle|0 fnt\n|faint|p1a: Smeargle\n|\n|-ability|p2a: Queenzy|Moody|boost\n|-boost|p2a: Queenzy|spd|2\n|-unboost|p2a: Queenzy|spa|1\n|upkeep\n|\n|t:|1698905487\n|switch|p1a: Scizor|Scizor, F|100\/100\n|-activate|p1a: Scizor|move: Sticky Web\n|-unboost|p1a: Scizor|spe|1\n|turn|6\n|\n|t:|1698905494\n|move|p1a: Scizor|Bullet Punch|p2a: Queenzy\n|-supereffective|p2a: Queenzy\n|-damage|p2a: Queenzy|47\/100\n|move|p2a: Queenzy|Moonblast|p1a: Scizor\n|-resisted|p1a: Scizor\n|-damage|p1a: Scizor|17\/100\n|-unboost|p1a: Scizor|spa|1\n|\n|-ability|p2a: Queenzy|Moody|boost\n|-boost|p2a: Queenzy|spd|2\n|-unboost|p2a: Queenzy|def|1\n|upkeep\n|turn|7\n|\n|t:|1698905506\n|move|p1a: Scizor|Bullet Punch|p2a: Queenzy\n|-supereffective|p2a: Queenzy\n|-damage|p2a: Queenzy|0 fnt\n|faint|p2a: Queenzy\n|\n|upkeep\n|\n|t:|1698905511\n|switch|p2a: Misha|Ursaluna-Bloodmoon, M|100\/100\n|-activate|p2a: Misha|move: Sticky Web\n|-unboost|p2a: Misha|spe|1\n|turn|8\n|\n|t:|1698905517\n|move|p1a: Scizor|Close Combat|p2a: Misha\n|-supereffective|p2a: Misha\n|-damage|p2a: Misha|41\/100\n|-unboost|p1a: Scizor|def|1\n|-unboost|p1a: Scizor|spd|1\n|-damage|p1a: Scizor|0 fnt|[from] item: Rocky Helmet|[of] p2a: Misha\n|faint|p1a: Scizor\n|move|p2a: Misha|Calm Mind|p2a: Misha\n|-boost|p2a: Misha|spa|1\n|-boost|p2a: Misha|spd|1\n|\n|upkeep\n|\n|t:|1698905537\n|switch|p1a: Gliscor|Gliscor, M, shiny|100\/100\n|turn|9\n|\n|t:|1698905546\n|move|p1a: Gliscor|Knock Off|p2a: Misha\n|-damage|p2a: Misha|26\/100\n|-damage|p1a: Gliscor|84\/100|[from] item: Rocky Helmet|[of] p2a: Misha\n|-enditem|p2a: Misha|Rocky Helmet|[from] move: Knock Off|[of] p1a: Gliscor\n|move|p2a: Misha|Blood Moon|p1a: Gliscor\n|-crit|p1a: Gliscor\n|-damage|p1a: Gliscor|0 fnt\n|faint|p1a: Gliscor\n|\n|upkeep\n|\n|t:|1698905561\n|switch|p1a: Espeon|Espeon, M|100\/100\n|-activate|p1a: Espeon|move: Sticky Web\n|-unboost|p1a: Espeon|spe|1\n|turn|10\n|\n|t:|1698905569\n|-zpower|p1a: Espeon\n|move|p1a: Espeon|Z-Celebrate|p1a: Espeon|[anim]Celebrate\n|-boost|p1a: Espeon|atk|1|[zeffect]\n|-boost|p1a: Espeon|def|1|[zeffect]\n|-boost|p1a: Espeon|spa|1|[zeffect]\n|-boost|p1a: Espeon|spd|1|[zeffect]\n|-boost|p1a: Espeon|spe|1|[zeffect]\n|-activate|p1a: Espeon|move: Celebrate\n|move|p2a: Misha|Earth Power|p1a: Espeon\n|-damage|p1a: Espeon|32\/100\n|\n|upkeep\n|turn|11\n|\n|t:|1698905580\n|move|p2a: Misha|Vacuum Wave|p1a: Espeon\n|-resisted|p1a: Espeon\n|-damage|p1a: Espeon|21\/100\n|move|p1a: Espeon|Stored Power|p2a: Misha\n|-damage|p2a: Misha|0 fnt\n|faint|p2a: Misha\n|\n|upkeep\n|\n|t:|1698905590\n|switch|p2a: Brama|Roaring Moon, shiny|100\/100\n|-activate|p2a: Brama|move: Sticky Web\n|-unboost|p2a: Brama|spe|1\n|-enditem|p2a: Brama|Booster Energy\n|-activate|p2a: Brama|ability: Protosynthesis|[fromitem]\n|-start|p2a: Brama|protosynthesisatk\n|turn|12\n|\n|t:|1698905597\n|-terastallize|p2a: Brama|Flying\n|move|p1a: Espeon|Draining Kiss|p2a: Brama\n|-damage|p2a: Brama|75\/100\n|-heal|p1a: Espeon|46\/100|[from] drain|[of] p2a: Brama\n|move|p2a: Brama|Knock Off|p1a: Espeon\n|-supereffective|p1a: Espeon\n|-damage|p1a: Espeon|0 fnt\n|faint|p1a: Espeon\n|\n|upkeep\n|\n|t:|1698905624\n|switch|p1a: Kingdra|Kingdra, M|100\/100\n|-activate|p1a: Kingdra|move: Sticky Web\n|-unboost|p1a: Kingdra|spe|1\n|turn|13\n|\n|t:|1698905631\n|move|p2a: Brama|Scale Shot|p1a: Kingdra\n|-supereffective|p1a: Kingdra\n|-damage|p1a: Kingdra|59\/100\n|-supereffective|p1a: Kingdra\n|-damage|p1a: Kingdra|17\/100\n|-supereffective|p1a: Kingdra\n|-damage|p1a: Kingdra|0 fnt\n|faint|p1a: Kingdra\n|-hitcount|p1: Kingdra|3\n|-unboost|p2a: Brama|def|1\n|-boost|p2a: Brama|spe|1\n|\n|upkeep\n|\n|t:|1698905635\n|switch|p1a: Tyranitar|Tyranitar, F|100\/100\n|-activate|p1a: Tyranitar|move: Sticky Web\n|-unboost|p1a: Tyranitar|spe|1\n|-weather|Sandstorm|[from] ability: Sand Stream|[of] p1a: Tyranitar\n|turn|14\n|\n|t:|1698905646\n|detailschange|p1a: Tyranitar|Tyranitar-Mega, F\n|-mega|p1a: Tyranitar|Tyranitar|Tyranitarite\n|move|p2a: Brama|Iron Head|p1a: Tyranitar\n|-supereffective|p1a: Tyranitar\n|-damage|p1a: Tyranitar|50\/100\n|move|p1a: Tyranitar|Dragon Dance|p1a: Tyranitar\n|-boost|p1a: Tyranitar|atk|1\n|-boost|p1a: Tyranitar|spe|1\n|\n|-weather|Sandstorm|[upkeep]\n|-damage|p2a: Brama|68\/100|[from] Sandstorm\n|upkeep\n|turn|15\n|\n|t:|1698905659\n|move|p2a: Brama|Iron Head|p1a: Tyranitar\n|-supereffective|p1a: Tyranitar\n|-damage|p1a: Tyranitar|0 fnt\n|faint|p1a: Tyranitar\n|\n|win|Dracho23\n|raw|Dasheiki's rating: 1369 &rarr; <strong>1345<\/strong><br \/>(-24 for losing)\n|raw|Dracho23's rating: 1291 &rarr; <strong>1322<\/strong><br \/>(+31 for winning)\n|l|\u2606Dasheiki\n|c|\u2606Dracho23|Gg\n","uploadtime":1698905680,"views":5,"p1id":"dasheiki","p2id":"dracho23","formatid":"gen9nationaldexubers","rating":1322,"private":0,"password":""}