{"id":"gen9nationaldexubers-1987910732","p1":"BennyTGP","p2":"aquiles meo","format":"[Gen 9] National Dex Ubers","log":"|j|\u2606BennyTGP\n|j|\u2606aquiles meo\n|t:|1699648312\n|gametype|singles\n|player|p1|BennyTGP|101|1042\n|player|p2|aquiles meo|ethan|1153\n|teamsize|p1|6\n|teamsize|p2|6\n|gen|9\n|tier|[Gen 9] National Dex Ubers\n|rated|\n|rule|HP Percentage Mod: HP is shown in percentages\n|rule|Endless Battle Clause: Forcing endless battles is banned\n|rule|OHKO Clause: OHKO moves are banned\n|rule|Evasion Moves Clause: Evasion moves are banned\n|rule|Evasion Items Clause: Evasion items are banned\n|rule|Species Clause: Limit one of each Pok\u00e9mon\n|rule|Sleep Clause Mod: Limit one foe put to sleep\n|rule|Mega Rayquaza Clause: You cannot mega evolve Rayquaza\n|clearpoke\n|poke|p1|Pikachu-Alola, M|\n|poke|p1|Decidueye, M|\n|poke|p1|Golurk|\n|poke|p1|Darmanitan, M|\n|poke|p1|Rattata, L1, M|\n|poke|p1|Regieleki|\n|poke|p2|Jirachi|\n|poke|p2|Ho-Oh|\n|poke|p2|Rayquaza|\n|poke|p2|Pidgeot, M|\n|poke|p2|Lucario, M|\n|poke|p2|Luxray, M|\n|teampreview\n|\n|t:|1699648324\n|start\n|switch|p1a: Pikachu|Pikachu-Alola, M|100\/100\n|switch|p2a: Lucario|Lucario, M, shiny|100\/100\n|turn|1\n|\n|t:|1699648336\n|detailschange|p2a: Lucario|Lucario-Mega, M, shiny\n|-mega|p2a: Lucario|Lucario|Lucarionite\n|move|p2a: Lucario|Bone Rush|p1a: Pikachu\n|-supereffective|p1a: Pikachu\n|-damage|p1a: Pikachu|41\/100\n|-supereffective|p1a: Pikachu\n|-damage|p1a: Pikachu|0 fnt\n|faint|p1a: Pikachu\n|-hitcount|p1: Pikachu|2\n|\n|upkeep\n|\n|t:|1699648346\n|switch|p1a: Regieleki|Regieleki, shiny|100\/100\n|turn|2\n|inactive|Battle timer is ON: inactive players will automatically lose when time's up. (requested by BennyTGP)\n|\n|t:|1699648368\n|move|p1a: Regieleki|Thunder|p2a: Lucario\n|-damage|p2a: Lucario|0 fnt\n|faint|p2a: Lucario\n|\n|upkeep\n|\n|t:|1699648378\n|switch|p2a: Ho-Oh|Ho-Oh, shiny|100\/100\n|turn|3\n|inactive|BennyTGP has 120 seconds left.\n|\n|t:|1699648418\n|move|p1a: Regieleki|Thunder|p2a: Ho-Oh|[miss]\n|-miss|p1a: Regieleki|p2a: Ho-Oh\n|move|p2a: Ho-Oh|Burn Up|p1a: Regieleki\n|-crit|p1a: Regieleki\n|-damage|p1a: Regieleki|0 fnt\n|-start|p2a: Ho-Oh|typechange|???\/Flying|[from] move: Burn Up\n|faint|p1a: Regieleki\n|\n|upkeep\n|inactive|BennyTGP has 90 seconds left.\n|\n|t:|1699648448\n|switch|p1a: Darmanitan|Darmanitan, M|100\/100\n|turn|4\n|\n|t:|1699648457\n|move|p1a: Darmanitan|Focus Blast|p2a: Ho-Oh\n|-resisted|p2a: Ho-Oh\n|-crit|p2a: Ho-Oh\n|-damage|p2a: Ho-Oh|91\/100\n|move|p2a: Ho-Oh|Ancient Power|p1a: Darmanitan\n|-supereffective|p1a: Darmanitan\n|-damage|p1a: Darmanitan|41\/100\n|\n|-formechange|p1a: Darmanitan|Darmanitan-Zen|\n|upkeep\n|turn|5\n|inactive|BennyTGP has 90 seconds left.\n|inactive|BennyTGP has 60 seconds left.\n|inactiveoff|Battle timer is now OFF.\n|inactive|Battle timer is ON: inactive players will automatically lose when time's up. (requested by aquiles meo)\n|\n|t:|1699648525\n|move|p2a: Ho-Oh|Ancient Power|p1a: Darmanitan\n|-supereffective|p1a: Darmanitan\n|-crit|p1a: Darmanitan\n|-damage|p1a: Darmanitan|0 fnt\n|faint|p1a: Darmanitan\n|\n|upkeep\n|\n|t:|1699648532\n|switch|p1a: Rattata|Rattata, L1, M, shiny|100\/100\n|turn|6\n|\n|t:|1699648536\n|move|p2a: Ho-Oh|Sacred Fire|p1a: Rattata\n|-enditem|p1a: Rattata|Focus Sash\n|-damage|p1a: Rattata|10\/100\n|move|p1a: Rattata|Endeavor|p2a: Ho-Oh\n|-damage|p2a: Ho-Oh|1\/100\n|\n|upkeep\n|turn|7\n|\n|t:|1699648552\n|move|p1a: Rattata|Quick Attack|p2a: Ho-Oh\n|-damage|p2a: Ho-Oh|0 fnt\n|faint|p2a: Ho-Oh\n|\n|upkeep\n|\n|t:|1699648555\n|switch|p2a: Rayquaza|Rayquaza, shiny|100\/100\n|-ability|p2a: Rayquaza|Air Lock\n|turn|8\n|\n|t:|1699648577\n|move|p2a: Rayquaza|Dragon Pulse|p1a: Rattata\n|-damage|p1a: Rattata|0 fnt\n|faint|p1a: Rattata\n|\n|upkeep\n|\n|t:|1699648583\n|switch|p1a: Golurk|Golurk, shiny|100\/100\n|turn|9\n|inactive|BennyTGP has 60 seconds left.\n|\n|t:|1699648612\n|move|p2a: Rayquaza|Dragon Dance|p2a: Rayquaza\n|-boost|p2a: Rayquaza|atk|1\n|-boost|p2a: Rayquaza|spe|1\n|move|p1a: Golurk|Earthquake|p2a: Rayquaza\n|-immune|p2a: Rayquaza\n|\n|upkeep\n|turn|10\n|inactive|BennyTGP has 60 seconds left.\n|\n|t:|1699648634\n|-terastallize|p2a: Rayquaza|Flying\n|move|p2a: Rayquaza|Dragon Ascent|p1a: Golurk\n|-damage|p1a: Golurk|0 fnt\n|-unboost|p2a: Rayquaza|def|1\n|-unboost|p2a: Rayquaza|spd|1\n|faint|p1a: Golurk\n|\n|upkeep\n|inactive|BennyTGP has 60 seconds left.\n|\n|t:|1699648642\n|switch|p1a: Decidueye|Decidueye, M, shiny|100\/100\n|turn|11\n|\n|t:|1699648650\n|move|p2a: Rayquaza|Dragon Ascent|p1a: Decidueye\n|-supereffective|p1a: Decidueye\n|-damage|p1a: Decidueye|0 fnt\n|-unboost|p2a: Rayquaza|def|1\n|-unboost|p2a: Rayquaza|spd|1\n|faint|p1a: Decidueye\n|\n|win|aquiles meo\n|raw|BennyTGP's rating: 1042 &rarr; <strong>1031<\/strong><br \/>(-11 for losing)\n|raw|aquiles meo's rating: 1153 &rarr; <strong>1170<\/strong><br \/>(+17 for winning)\n|c|\u2606aquiles meo|re?\n|l|\u2606BennyTGP\n","uploadtime":1699648663,"views":5,"p1id":"bennytgp","p2id":"aquilesmeo","formatid":"gen9nationaldexubers","rating":1031,"private":0,"password":""}