{"id":"gen9nationaldexubers-1989673047","p1":"aomega1","p2":"Hdhsusy","format":"[Gen 9] National Dex Ubers","log":"|j|\u2606aomega1\n|j|\u2606Hdhsusy\n|t:|1699885537\n|gametype|singles\n|player|p1|aomega1|170|1128\n|player|p2|Hdhsusy|169|1075\n|teamsize|p1|6\n|teamsize|p2|6\n|gen|9\n|tier|[Gen 9] National Dex Ubers\n|rated|\n|rule|HP Percentage Mod: HP is shown in percentages\n|rule|Endless Battle Clause: Forcing endless battles is banned\n|rule|OHKO Clause: OHKO moves are banned\n|rule|Evasion Moves Clause: Evasion moves are banned\n|rule|Evasion Items Clause: Evasion items are banned\n|rule|Species Clause: Limit one of each Pok\u00e9mon\n|rule|Sleep Clause Mod: Limit one foe put to sleep\n|rule|Mega Rayquaza Clause: You cannot mega evolve Rayquaza\n|clearpoke\n|poke|p1|Roserade, M|\n|poke|p1|Meowscarada, F|\n|poke|p1|Charizard, F|\n|poke|p1|Landorus-Therian, M|\n|poke|p1|Glimmora, F|\n|poke|p1|Heatran, M|\n|poke|p2|Annihilape, F|\n|poke|p2|Infernape, F|\n|poke|p2|Urshifu-*, F|\n|poke|p2|Blaziken, M|\n|poke|p2|Emboar, M|\n|poke|p2|Marshadow|\n|teampreview\n|inactive|Battle timer is ON: inactive players will automatically lose when time's up. (requested by Hdhsusy)\n|\n|t:|1699885552\n|start\n|switch|p1a: Meowscarada|Meowscarada, F|100\/100\n|switch|p2a: Annihilape|Annihilape, F|100\/100\n|turn|1\n|\n|t:|1699885562\n|move|p1a: Meowscarada|Play Rough|p2a: Annihilape\n|-start|p1a: Meowscarada|typechange|Fairy|[from] ability: Protean\n|-supereffective|p2a: Annihilape\n|-damage|p2a: Annihilape|0 fnt\n|faint|p2a: Annihilape\n|\n|upkeep\n|\n|t:|1699885574\n|switch|p2a: Emboar|Emboar, M|100\/100\n|turn|2\n|\n|t:|1699885578\n|move|p1a: Meowscarada|Play Rough|p2a: Emboar\n|-damage|p2a: Emboar|35\/100\n|move|p2a: Emboar|Flare Blitz|p1a: Meowscarada\n|-damage|p1a: Meowscarada|0 fnt\n|faint|p1a: Meowscarada\n|-damage|p2a: Emboar|12\/100|[from] Recoil\n|\n|upkeep\n|\n|t:|1699885588\n|switch|p1a: Roserade|Roserade, M, shiny|100\/100\n|turn|3\n|\n|t:|1699885593\n|move|p1a: Roserade|Sludge Bomb|p2a: Emboar\n|-damage|p2a: Emboar|0 fnt\n|faint|p2a: Emboar\n|\n|upkeep\n|\n|t:|1699885609\n|switch|p2a: Infernape|Infernape, F|100\/100\n|turn|4\n|\n|t:|1699885622\n|switch|p1a: Landorus|Landorus-Therian, M, shiny|100\/100\n|-ability|p1a: Landorus|Intimidate|boost\n|-unboost|p2a: Infernape|atk|1\n|move|p2a: Infernape|U-turn|p1a: Landorus\n|-resisted|p1a: Landorus\n|-damage|p1a: Landorus|94\/100\n|-damage|p2a: Infernape|84\/100|[from] item: Rocky Helmet|[of] p1a: Landorus\n|\n|t:|1699885629\n|switch|p2a: Urshifu|Urshifu, F|100\/100|[from] U-turn\n|\n|upkeep\n|turn|5\n|\n|t:|1699885638\n|-terastallize|p2a: Urshifu|Dark\n|move|p2a: Urshifu|Wicked Blow|p1a: Landorus\n|-crit|p1a: Landorus\n|-damage|p1a: Landorus|0 fnt\n|-damage|p2a: Urshifu|84\/100|[from] item: Rocky Helmet|[of] p1a: Landorus\n|faint|p1a: Landorus\n|\n|upkeep\n|\n|t:|1699885644\n|switch|p1a: Glimmora|Glimmora, F|100\/100\n|turn|6\n|\n|t:|1699885650\n|move|p2a: Urshifu|Wicked Blow|p1a: Glimmora\n|-crit|p1a: Glimmora\n|-damage|p1a: Glimmora|0 fnt\n|-activate|p1a: Glimmora|ability: Toxic Debris\n|-sidestart|p2: Hdhsusy|move: Toxic Spikes\n|faint|p1a: Glimmora\n|\n|upkeep\n|\n|t:|1699885670\n|switch|p1a: Heatran|Heatran, M, shiny|100\/100\n|-item|p1a: Heatran|Air Balloon\n|turn|7\n|\n|t:|1699885679\n|move|p2a: Urshifu|Wicked Blow|p1a: Heatran\n|-crit|p1a: Heatran\n|-damage|p1a: Heatran|0 fnt\n|-enditem|p1a: Heatran|Air Balloon\n|faint|p1a: Heatran\n|\n|upkeep\n|\n|t:|1699885684\n|switch|p1a: Charizard|Charizard, F, shiny|100\/100\n|turn|8\n|\n|t:|1699885686\n|detailschange|p1a: Charizard|Charizard-Mega-X, F, shiny\n|-mega|p1a: Charizard|Charizard|Charizardite X\n|move|p2a: Urshifu|Wicked Blow|p1a: Charizard\n|-crit|p1a: Charizard\n|-damage|p1a: Charizard|0 fnt\n|faint|p1a: Charizard\n|\n|upkeep\n|\n|t:|1699885690\n|switch|p1a: Roserade|Roserade, M, shiny|100\/100\n|turn|9\n|\n|t:|1699885693\n|move|p2a: Urshifu|Wicked Blow|p1a: Roserade\n|-crit|p1a: Roserade\n|-damage|p1a: Roserade|0 fnt\n|faint|p1a: Roserade\n|\n|win|Hdhsusy\n|raw|aomega1's rating: 1128 &rarr; <strong>1099<\/strong><br \/>(-29 for losing)\n|raw|Hdhsusy's rating: 1075 &rarr; <strong>1108<\/strong><br \/>(+33 for winning)\n|l|\u2606aomega1\n","uploadtime":1699885716,"views":7,"p1id":"aomega1","p2id":"hdhsusy","formatid":"gen9nationaldexubers","rating":1099,"private":0,"password":""}