{"id":"gen9nationaldexubers-1996246090","p1":"redxteamx","p2":"85792195wwww","format":"[Gen 9] National Dex Ubers","log":"|j|\u2606redxteamx\n|j|\u260685792195wwww\n|t:|1700663551\n|gametype|singles\n|player|p1|redxteamx|2|1512\n|player|p2|85792195wwww|mira|1629\n|teamsize|p1|6\n|teamsize|p2|6\n|gen|9\n|tier|[Gen 9] National Dex Ubers\n|rated|\n|rule|HP Percentage Mod: HP is shown in percentages\n|rule|Endless Battle Clause: Forcing endless battles is banned\n|rule|OHKO Clause: OHKO moves are banned\n|rule|Evasion Moves Clause: Evasion moves are banned\n|rule|Evasion Items Clause: Evasion items are banned\n|rule|Species Clause: Limit one of each Pok\u00e9mon\n|rule|Sleep Clause Mod: Limit one foe put to sleep\n|rule|Mega Rayquaza Clause: You cannot mega evolve Rayquaza\n|clearpoke\n|poke|p1|Kleavor, M|\n|poke|p1|Groudon|\n|poke|p1|Kyogre|\n|poke|p1|Basculegion, M|\n|poke|p1|Zacian-*|\n|poke|p1|Necrozma-Dusk-Mane|\n|poke|p2|Arceus|\n|poke|p2|Kingambit, F|\n|poke|p2|Xerneas-*|\n|poke|p2|Kyurem-Black|\n|poke|p2|Groudon|\n|poke|p2|Krookodile, M|\n|teampreview\n|\n|t:|1700663559\n|start\n|switch|p1a: Kleavor|Kleavor, M|100\/100\n|switch|p2a: Krookodile|Krookodile, M|100\/100\n|-ability|p2a: Krookodile|Intimidate|boost\n|-unboost|p1a: Kleavor|atk|1\n|turn|1\n|\n|t:|1700663593\n|move|p2a: Krookodile|Stealth Rock|p1a: Kleavor\n|-sidestart|p1: redxteamx|move: Stealth Rock\n|move|p1a: Kleavor|Stone Axe|p2a: Krookodile\n|-resisted|p2a: Krookodile\n|-damage|p2a: Krookodile|79\/100\n|-sidestart|p2: 85792195wwww|move: Stealth Rock\n|\n|upkeep\n|turn|2\n|\n|t:|1700663602\n|move|p2a: Krookodile|Knock Off|p1a: Kleavor\n|-damage|p1a: Kleavor|40\/100\n|-enditem|p1a: Kleavor|Focus Sash|[from] move: Knock Off|[of] p2a: Krookodile\n|move|p1a: Kleavor|Defog|p2a: Krookodile\n|-unboost|p2a: Krookodile|evasion|1\n|-sideend|p2: 85792195wwww|Stealth Rock|[from] move: Defog|[of] p1a: Kleavor\n|-sideend|p1: redxteamx|Stealth Rock|[from] move: Defog|[of] p1a: Kleavor\n|\n|upkeep\n|turn|3\n|\n|t:|1700663611\n|move|p2a: Krookodile|Stealth Rock|p1a: Kleavor\n|-sidestart|p1: redxteamx|move: Stealth Rock\n|move|p1a: Kleavor|Stone Axe|p2a: Krookodile\n|-resisted|p2a: Krookodile\n|-damage|p2a: Krookodile|58\/100\n|-sidestart|p2: 85792195wwww|move: Stealth Rock\n|\n|upkeep\n|turn|4\n|j| cheese miestro\n|\n|t:|1700663628\n|move|p2a: Krookodile|Bulldoze|p1a: Kleavor\n|-damage|p1a: Kleavor|4\/100\n|-unboost|p1a: Kleavor|spe|1\n|move|p1a: Kleavor|Defog|p2a: Krookodile\n|-unboost|p2a: Krookodile|evasion|1\n|-sideend|p2: 85792195wwww|Stealth Rock|[from] move: Defog|[of] p1a: Kleavor\n|-sideend|p1: redxteamx|Stealth Rock|[from] move: Defog|[of] p1a: Kleavor\n|\n|upkeep\n|turn|5\n|\n|t:|1700663636\n|move|p2a: Krookodile|Stealth Rock|p1a: Kleavor\n|-sidestart|p1: redxteamx|move: Stealth Rock\n|move|p1a: Kleavor|Stone Axe|p2a: Krookodile\n|-resisted|p2a: Krookodile\n|-damage|p2a: Krookodile|37\/100\n|-sidestart|p2: 85792195wwww|move: Stealth Rock\n|\n|upkeep\n|turn|6\n|\n|t:|1700663643\n|move|p2a: Krookodile|Knock Off|p1a: Kleavor\n|-damage|p1a: Kleavor|0 fnt\n|faint|p1a: Kleavor\n|\n|upkeep\n|\n|t:|1700663650\n|switch|p1a: Kyogre|Kyogre|100\/100\n|-damage|p1a: Kyogre|88\/100|[from] Stealth Rock\n|-weather|RainDance|[from] ability: Drizzle|[of] p1a: Kyogre\n|turn|7\n|\n|t:|1700663663\n|move|p2a: Krookodile|Knock Off|p1a: Kyogre\n|-damage|p1a: Kyogre|39\/100\n|-enditem|p1a: Kyogre|Damp Rock|[from] move: Knock Off|[of] p2a: Krookodile\n|move|p1a: Kyogre|Ice Beam|p2a: Krookodile\n|-supereffective|p2a: Krookodile\n|-damage|p2a: Krookodile|0 fnt\n|faint|p2a: Krookodile\n|\n|-weather|RainDance|[upkeep]\n|upkeep\n|\n|t:|1700663683\n|switch|p2a: Groudon|Groudon|100\/100\n|-damage|p2a: Groudon|94\/100|[from] Stealth Rock\n|detailschange|p2a: Groudon|Groudon-Primal\n|-primal|p2a: Groudon|Red Orb\n|-weather|DesolateLand|[from] ability: Desolate Land|[of] p2a: Groudon\n|turn|8\n|\n|t:|1700663696\n|move|p1a: Kyogre|Ice Beam|p2a: Groudon\n|-damage|p2a: Groudon|62\/100\n|move|p2a: Groudon|Rock Polish|p2a: Groudon\n|-boost|p2a: Groudon|spe|2\n|\n|-weather|DesolateLand|[upkeep]\n|upkeep\n|turn|9\n|\n|t:|1700663705\n|move|p2a: Groudon|Earth Power|p1a: Kyogre\n|-damage|p1a: Kyogre|0 fnt\n|faint|p1a: Kyogre\n|\n|-weather|DesolateLand|[upkeep]\n|upkeep\n|\n|t:|1700663716\n|switch|p1a: Necrozma|Necrozma-Dusk-Mane|100\/100\n|-damage|p1a: Necrozma|94\/100|[from] Stealth Rock\n|turn|10\n|\n|t:|1700663725\n|detailschange|p1a: Necrozma|Necrozma-Ultra\n|-burst|p1a: Necrozma|Necrozma|Ultranecrozium Z\n|move|p2a: Groudon|Earth Power|p1a: Necrozma\n|-damage|p1a: Necrozma|46\/100\n|-unboost|p1a: Necrozma|spd|1\n|move|p1a: Necrozma|Photon Geyser|p2a: Groudon\n|-damage|p2a: Groudon|21\/100\n|\n|-weather|DesolateLand|[upkeep]\n|upkeep\n|turn|11\n|\n|t:|1700663737\n|move|p2a: Groudon|Earth Power|p1a: Necrozma\n|-damage|p1a: Necrozma|0 fnt\n|faint|p1a: Necrozma\n|\n|-weather|DesolateLand|[upkeep]\n|upkeep\n|\n|t:|1700663749\n|switch|p1a: Zacian|Zacian-Crowned|100\/100\n|-damage|p1a: Zacian|94\/100|[from] Stealth Rock\n|-ability|p1a: Zacian|Intrepid Sword|boost\n|-boost|p1a: Zacian|atk|1\n|turn|12\n|\n|t:|1700663755\n|-terastallize|p1a: Zacian|Fairy\n|move|p2a: Groudon|Earth Power|p1a: Zacian\n|-damage|p1a: Zacian|40\/100\n|move|p1a: Zacian|Play Rough|p2a: Groudon\n|-resisted|p2a: Groudon\n|-damage|p2a: Groudon|0 fnt\n|faint|p2a: Groudon\n|-weather|none\n|\n|upkeep\n|\n|t:|1700663794\n|switch|p2a: Kingambit|Kingambit, F|100\/100\n|-damage|p2a: Kingambit|94\/100|[from] Stealth Rock\n|-activate|p2a: Kingambit|ability: Supreme Overlord\n|-start|p2a: Kingambit|fallen2|[silent]\n|turn|13\n|\n|t:|1700663807\n|move|p2a: Kingambit|Sucker Punch|p1a: Zacian\n|-resisted|p1a: Zacian\n|-damage|p1a: Zacian|11\/100\n|move|p1a: Zacian|Play Rough|p2a: Kingambit|[miss]\n|-miss|p1a: Zacian|p2a: Kingambit\n|\n|upkeep\n|turn|14\n|\n|t:|1700663815\n|move|p1a: Zacian|Swords Dance|p1a: Zacian\n|-boost|p1a: Zacian|atk|2\n|move|p2a: Kingambit|Swords Dance|p2a: Kingambit\n|-boost|p2a: Kingambit|atk|2\n|\n|upkeep\n|turn|15\n|\n|t:|1700663822\n|move|p2a: Kingambit|Sucker Punch||[still]\n|-fail|p2a: Kingambit\n|move|p1a: Zacian|Agility|p1a: Zacian\n|-boost|p1a: Zacian|spe|2\n|\n|upkeep\n|turn|16\n|\n|t:|1700663829\n|move|p1a: Zacian|Agility|p1a: Zacian\n|-boost|p1a: Zacian|spe|2\n|move|p2a: Kingambit|Knock Off|p1a: Zacian\n|-resisted|p1a: Zacian\n|-damage|p1a: Zacian|0 fnt\n|faint|p1a: Zacian\n|\n|upkeep\n|\n|t:|1700663833\n|switch|p1a: Groudon|Groudon|100\/100\n|-damage|p1a: Groudon|94\/100|[from] Stealth Rock\n|detailschange|p1a: Groudon|Groudon-Primal\n|-primal|p1a: Groudon|Red Orb\n|-weather|DesolateLand|[from] ability: Desolate Land|[of] p1a: Groudon\n|turn|17\n|\n|t:|1700663843\n|move|p1a: Groudon|Rock Polish|p1a: Groudon\n|-boost|p1a: Groudon|spe|2\n|move|p2a: Kingambit|Knock Off|p1a: Groudon\n|-damage|p1a: Groudon|25\/100\n|\n|-weather|DesolateLand|[upkeep]\n|upkeep\n|turn|18\n|\n|t:|1700663851\n|move|p1a: Groudon|Hone Claws|p1a: Groudon\n|-boost|p1a: Groudon|atk|1\n|-boost|p1a: Groudon|accuracy|1\n|move|p2a: Kingambit|Knock Off|p1a: Groudon\n|-damage|p1a: Groudon|0 fnt\n|faint|p1a: Groudon\n|-weather|none\n|\n|upkeep\n|\n|t:|1700663854\n|switch|p1a: Basculegion|Basculegion, M|100\/100\n|-damage|p1a: Basculegion|88\/100|[from] Stealth Rock\n|turn|19\n|\n|t:|1700663864\n|move|p1a: Basculegion|Last Respects|p2a: Kingambit\n|-resisted|p2a: Kingambit\n|-damage|p2a: Kingambit|38\/100\n|move|p2a: Kingambit|Knock Off|p1a: Basculegion\n|-supereffective|p1a: Basculegion\n|-damage|p1a: Basculegion|0 fnt\n|-enditem|p1a: Basculegion|Choice Scarf|[from] move: Knock Off|[of] p2a: Kingambit\n|faint|p1a: Basculegion\n|\n|win|85792195wwww\n|raw|redxteamx's rating: 1512 &rarr; <strong>1498<\/strong><br \/>(-14 for losing)\n|raw|85792195wwww's rating: 1629 &rarr; <strong>1643<\/strong><br \/>(+14 for winning)\n|l|\u2606redxteamx\n","uploadtime":1700663877,"views":0,"p1id":"redxteamx","p2id":"85792195wwww","formatid":"gen9nationaldexubers","rating":1498,"private":0,"password":""}