{"id":"gen9nationaldexubers-1998534224","p1":"pikachumetting3","p2":"TrueNameIX","format":"[Gen 9] National Dex Ubers","log":"|j|\u2606pikachumetting3\n|j|\u2606TrueNameIX\n|t:|1700953291\n|gametype|singles\n|player|p1|pikachumetting3|101|1318\n|player|p2|TrueNameIX|hugh|1210\n|teamsize|p1|6\n|teamsize|p2|6\n|gen|9\n|tier|[Gen 9] National Dex Ubers\n|rated|\n|rule|HP Percentage Mod: HP is shown in percentages\n|rule|Endless Battle Clause: Forcing endless battles is banned\n|rule|OHKO Clause: OHKO moves are banned\n|rule|Evasion Moves Clause: Evasion moves are banned\n|rule|Evasion Items Clause: Evasion items are banned\n|rule|Species Clause: Limit one of each Pok\u00e9mon\n|rule|Sleep Clause Mod: Limit one foe put to sleep\n|rule|Mega Rayquaza Clause: You cannot mega evolve Rayquaza\n|clearpoke\n|poke|p1|Zeraora|\n|poke|p1|Palkia|\n|poke|p1|Pidgeot, F|\n|poke|p1|Zacian-*|\n|poke|p1|Zamazenta-*|\n|poke|p1|Gastrodon-East, F|\n|poke|p2|Yveltal|\n|poke|p2|Gardevoir, F|\n|poke|p2|Lunala|\n|poke|p2|Marshadow|\n|poke|p2|Serperior, F|\n|poke|p2|Pheromosa|\n|teampreview\n|inactive|Battle timer is ON: inactive players will automatically lose when time's up. (requested by TrueNameIX)\n|inactive|pikachumetting3 also wants the timer to be on.\n|\n|t:|1700953298\n|start\n|switch|p1a: Rawr UwU bad boy~|Zeraora|100\/100\n|switch|p2a: ...|Serperior, F, shiny|100\/100\n|turn|1\n|\n|t:|1700953302\n|move|p1a: Rawr UwU bad boy~|Blaze Kick|p2a: ...\n|-supereffective|p2a: ...\n|-damage|p2a: ...|10\/100\n|move|p2a: ...|Leaf Storm|p1a: Rawr UwU bad boy~\n|-damage|p1a: Rawr UwU bad boy~|6\/100\n|-boost|p2a: ...|spa|2\n|\n|upkeep\n|turn|2\n|\n|t:|1700953321\n|move|p1a: Rawr UwU bad boy~|Blaze Kick|p2a: ...\n|-supereffective|p2a: ...\n|-damage|p2a: ...|0 fnt\n|faint|p2a: ...\n|\n|upkeep\n|\n|t:|1700953326\n|switch|p2a: Nyx|Yveltal, shiny|100\/100\n|-ability|p2a: Nyx|Dark Aura\n|turn|3\n|\n|t:|1700953328\n|move|p2a: Nyx|Sucker Punch|p1a: Rawr UwU bad boy~\n|-damage|p1a: Rawr UwU bad boy~|0 fnt\n|faint|p1a: Rawr UwU bad boy~\n|\n|upkeep\n|\n|t:|1700953340\n|switch|p1a: Rawr x3 OwO|Zamazenta|100\/100\n|-ability|p1a: Rawr x3 OwO|Dauntless Shield|boost\n|-boost|p1a: Rawr x3 OwO|def|1\n|turn|4\n|\n|t:|1700953345\n|-terastallize|p1a: Rawr x3 OwO|Steel\n|move|p1a: Rawr x3 OwO|Play Rough|p2a: Nyx\n|-supereffective|p2a: Nyx\n|-damage|p2a: Nyx|45\/100\n|move|p2a: Nyx|Oblivion Wing|p1a: Rawr x3 OwO\n|-resisted|p1a: Rawr x3 OwO\n|-damage|p1a: Rawr x3 OwO|88\/100\n|-heal|p2a: Nyx|54\/100|[from] drain|[of] p1a: Rawr x3 OwO\n|\n|-heal|p2a: Nyx|60\/100|[from] item: Leftovers\n|upkeep\n|turn|5\n|\n|t:|1700953358\n|move|p1a: Rawr x3 OwO|Stone Edge|p2a: Nyx\n|-supereffective|p2a: Nyx\n|-damage|p2a: Nyx|0 fnt\n|faint|p2a: Nyx\n|\n|upkeep\n|\n|t:|1700953366\n|switch|p2a: ....|Pheromosa, shiny|100\/100\n|turn|6\n|\n|t:|1700953370\n|move|p2a: ....|High Jump Kick|p1a: Rawr x3 OwO\n|-supereffective|p1a: Rawr x3 OwO\n|-crit|p1a: Rawr x3 OwO\n|-damage|p1a: Rawr x3 OwO|0 fnt\n|faint|p1a: Rawr x3 OwO\n|-ability|p2a: ....|Beast Boost|boost\n|-boost|p2a: ....|spe|1\n|\n|upkeep\n|c|\u2606pikachumetting3|MATTERED\n|c|\u2606pikachumetting3|:(\n|\n|t:|1700953393\n|switch|p1a: Pidgey!|Pidgeot, F|100\/100\n|turn|7\n|\n|t:|1700953404\n|detailschange|p1a: Pidgey!|Pidgeot-Mega, F\n|-mega|p1a: Pidgey!|Pidgeot|Pidgeotite\n|move|p2a: ....|High Jump Kick|p1a: Pidgey!\n|-damage|p1a: Pidgey!|0 fnt\n|faint|p1a: Pidgey!\n|-ability|p2a: ....|Beast Boost|boost\n|-boost|p2a: ....|spe|1\n|\n|upkeep\n|\n|t:|1700953409\n|switch|p1a: The cutest|Gastrodon-East, F|100\/100\n|turn|8\n|\n|t:|1700953415\n|move|p2a: ....|High Jump Kick|p1a: The cutest\n|-damage|p1a: The cutest|20\/100\n|move|p1a: The cutest|Counter|p2a: ....\n|-damage|p2a: ....|0 fnt\n|faint|p2a: ....\n|\n|upkeep\n|\n|t:|1700953423\n|switch|p2a: VII|Gardevoir, F, shiny|100\/100\n|-ability|p2a: VII|Sticky Hold|[from] ability: Trace|[of] p1a: The cutest\n|turn|9\n|\n|t:|1700953428\n|detailschange|p2a: VII|Gardevoir-Mega, F, shiny\n|-mega|p2a: VII|Gardevoir|Gardevoirite\n|move|p2a: VII|Hyper Voice|p1a: The cutest\n|-damage|p1a: The cutest|0 fnt\n|faint|p1a: The cutest\n|\n|upkeep\n|\n|t:|1700953434\n|switch|p1a: Rawr x3 UwU|Zacian|100\/100\n|-ability|p1a: Rawr x3 UwU|Intrepid Sword|boost\n|-boost|p1a: Rawr x3 UwU|atk|1\n|turn|10\n|\n|t:|1700953438\n|move|p2a: VII|Destiny Bond|p2a: VII\n|-singlemove|p2a: VII|Destiny Bond\n|move|p1a: Rawr x3 UwU|Iron Head|p2a: VII\n|-supereffective|p2a: VII\n|-damage|p2a: VII|0 fnt\n|faint|p2a: VII\n|-activate|p2a: VII|move: Destiny Bond\n|faint|p1a: Rawr x3 UwU\n|\n|upkeep\n|c|\u2606pikachumetting3|Thats annoyinf\n|c|\u2606pikachumetting3|Ggwp\n|c|\u2606TrueNameIX|Hehe\n|\n|t:|1700953463\n|switch|p2a: .|Lunala, shiny|100\/100\n|switch|p1a: Space dick|Palkia|100\/100\n|-ability|p1a: Space dick|Pressure\n|turn|11\n|c|\u2606pikachumetting3|Crit lost me the game\n|\n|t:|1700953475\n|move|p1a: Space dick|Spacial Rend|p2a: .\n|-damage|p2a: .|80\/100\n|-zpower|p2a: .\n|move|p2a: .|Menacing Moonraze Maelstrom|p1a: Space dick|[zeffect]\n|-damage|p1a: Space dick|38\/100\n|\n|upkeep\n|turn|12\n|c|\u2606TrueNameIX|gg\n|\n|t:|1700953486\n|move|p1a: Space dick|Spacial Rend|p2a: .\n|-damage|p2a: .|38\/100\n|move|p2a: .|Toxic|p1a: Space dick\n|-status|p1a: Space dick|tox\n|\n|-damage|p1a: Space dick|32\/100 tox|[from] psn\n|upkeep\n|turn|13\n|\n|t:|1700953501\n|move|p1a: Space dick|Spacial Rend|p2a: .\n|-damage|p2a: .|0 fnt\n|faint|p2a: .\n|\n|-damage|p1a: Space dick|20\/100 tox|[from] psn\n|upkeep\n|\n|t:|1700953505\n|switch|p2a: ..|Marshadow|100\/100\n|turn|14\n|\n|t:|1700953511\n|move|p2a: ..|Spectral Thief|p1a: Space dick\n|-damage|p1a: Space dick|0 fnt\n|faint|p1a: Space dick\n|\n|win|TrueNameIX\n|raw|pikachumetting3's rating: 1318 &rarr; <strong>1292<\/strong><br \/>(-26 for losing)\n|raw|TrueNameIX's rating: 1210 &rarr; <strong>1243<\/strong><br \/>(+33 for winning)\n","uploadtime":1700953517,"views":1,"p1id":"pikachumetting3","p2id":"truenameix","formatid":"gen9nationaldexubers","rating":1243,"private":0,"password":""}