{"id":"gen9nationaldexubers-1986825837","p1":"Walter black 0000","p2":"topszy","format":"[Gen 9] National Dex Ubers","log":"|j|\u2606Walter black 0000\n|j|\u2606topszy\n|t:|1699530797\n|gametype|singles\n|player|p1|Walter black 0000|lance-gen2|1768\n|player|p2|topszy|101|1726\n|teamsize|p1|6\n|teamsize|p2|6\n|gen|9\n|tier|[Gen 9] National Dex Ubers\n|rated|\n|rule|HP Percentage Mod: HP is shown in percentages\n|rule|Endless Battle Clause: Forcing endless battles is banned\n|rule|OHKO Clause: OHKO moves are banned\n|rule|Evasion Moves Clause: Evasion moves are banned\n|rule|Evasion Items Clause: Evasion items are banned\n|rule|Species Clause: Limit one of each Pok\u00e9mon\n|rule|Sleep Clause Mod: Limit one foe put to sleep\n|rule|Mega Rayquaza Clause: You cannot mega evolve Rayquaza\n|clearpoke\n|poke|p1|Ditto|\n|poke|p1|Kyogre|\n|poke|p1|Giratina-Origin|\n|poke|p1|Arceus-Dark|\n|poke|p1|Necrozma-Dusk-Mane|\n|poke|p1|Kyurem-Black|\n|poke|p2|Yveltal|\n|poke|p2|Groudon|\n|poke|p2|Marshadow|\n|poke|p2|Ho-Oh|\n|poke|p2|Xerneas-*|\n|poke|p2|Zygarde|\n|teampreview\n|inactive|Battle timer is ON: inactive players will automatically lose when time's up. (requested by Walter black 0000)\n|inactive|Walter black 0000 has 120 seconds left.\n|\n|t:|1699530831\n|start\n|switch|p1a: Necrozma|Necrozma-Dusk-Mane|100\/100\n|switch|p2a: Yveltal|Yveltal|100\/100\n|-ability|p2a: Yveltal|Dark Aura\n|turn|1\n|\n|t:|1699530839\n|switch|p1a: Arceus|Arceus-Dark|100\/100\n|move|p2a: Yveltal|Oblivion Wing|p1a: Arceus\n|-damage|p1a: Arceus|61\/100\n|\n|upkeep\n|turn|2\n|\n|t:|1699530868\n|switch|p2a: Xerneas|Xerneas|100\/100\n|-ability|p2a: Xerneas|Fairy Aura\n|move|p1a: Arceus|Toxic|p2a: Xerneas|[miss]\n|-miss|p1a: Arceus|p2a: Xerneas\n|\n|upkeep\n|turn|3\n|\n|t:|1699530879\n|switch|p1a: Necrozma|Necrozma-Dusk-Mane|100\/100\n|move|p2a: Xerneas|Moonblast|p1a: Necrozma\n|-resisted|p1a: Necrozma\n|-damage|p1a: Necrozma|67\/100\n|\n|upkeep\n|turn|4\n|\n|t:|1699530886\n|switch|p2a: Zygarde|Zygarde|100\/100\n|move|p1a: Necrozma|Stealth Rock|p2a: Zygarde\n|-sidestart|p2: topszy|move: Stealth Rock\n|\n|upkeep\n|turn|5\n|\n|t:|1699530895\n|switch|p2a: Ho-Oh|Ho-Oh|100\/100\n|detailschange|p1a: Necrozma|Necrozma-Ultra\n|-burst|p1a: Necrozma|Necrozma|Ultranecrozium Z\n|move|p1a: Necrozma|Dragon Pulse|p2a: Ho-Oh\n|-damage|p2a: Ho-Oh|78\/100\n|\n|upkeep\n|turn|6\n|\n|t:|1699530903\n|switch|p2a: Yveltal|Yveltal|100\/100\n|-damage|p2a: Yveltal|76\/100|[from] Stealth Rock\n|-ability|p2a: Yveltal|Dark Aura\n|move|p1a: Necrozma|Photon Geyser|p2a: Yveltal\n|-immune|p2a: Yveltal\n|\n|upkeep\n|turn|7\n|\n|t:|1699530909\n|switch|p1a: Arceus|Arceus-Dark|61\/100\n|move|p2a: Yveltal|Oblivion Wing|p1a: Arceus\n|-damage|p1a: Arceus|21\/100\n|-heal|p2a: Yveltal|100\/100|[from] drain|[of] p1a: Arceus\n|\n|upkeep\n|turn|8\n|\n|t:|1699530913\n|move|p1a: Arceus|Recover|p1a: Arceus\n|-heal|p1a: Arceus|71\/100\n|move|p2a: Yveltal|Oblivion Wing|p1a: Arceus\n|-damage|p1a: Arceus|30\/100\n|\n|upkeep\n|turn|9\n|\n|t:|1699530918\n|switch|p2a: Xerneas|Xerneas|100\/100\n|-damage|p2a: Xerneas|88\/100|[from] Stealth Rock\n|-ability|p2a: Xerneas|Fairy Aura\n|move|p1a: Arceus|Recover|p1a: Arceus\n|-heal|p1a: Arceus|80\/100\n|\n|upkeep\n|turn|10\n|\n|t:|1699530923\n|-terastallize|p1a: Arceus|Poison\n|move|p2a: Xerneas|Moonblast|p1a: Arceus\n|-resisted|p1a: Arceus\n|-damage|p1a: Arceus|60\/100\n|move|p1a: Arceus|Toxic|p2a: Xerneas\n|-status|p2a: Xerneas|tox\n|\n|-damage|p2a: Xerneas|82\/100 tox|[from] psn\n|upkeep\n|turn|11\n|\n|t:|1699530938\n|switch|p2a: Yveltal|Yveltal|100\/100\n|-damage|p2a: Yveltal|76\/100|[from] Stealth Rock\n|-ability|p2a: Yveltal|Dark Aura\n|move|p1a: Arceus|Recover|p1a: Arceus\n|-heal|p1a: Arceus|100\/100\n|\n|upkeep\n|turn|12\n|\n|t:|1699530941\n|-terastallize|p2a: Yveltal|Dark\n|move|p1a: Arceus|Toxic|p2a: Yveltal\n|-status|p2a: Yveltal|tox\n|move|p2a: Yveltal|Dark Pulse|p1a: Arceus\n|-damage|p1a: Arceus|33\/100\n|\n|-damage|p2a: Yveltal|69\/100 tox|[from] psn\n|upkeep\n|turn|13\n|\n|t:|1699530947\n|move|p1a: Arceus|Recover|p1a: Arceus\n|-heal|p1a: Arceus|83\/100\n|move|p2a: Yveltal|Dark Pulse|p1a: Arceus\n|-damage|p1a: Arceus|10\/100\n|\n|-damage|p2a: Yveltal|57\/100 tox|[from] psn\n|upkeep\n|turn|14\n|\n|t:|1699530960\n|move|p1a: Arceus|Foul Play|p2a: Yveltal\n|-resisted|p2a: Yveltal\n|-damage|p2a: Yveltal|31\/100 tox\n|move|p2a: Yveltal|Dark Pulse|p1a: Arceus\n|-damage|p1a: Arceus|0 fnt\n|faint|p1a: Arceus\n|\n|-damage|p2a: Yveltal|13\/100 tox|[from] psn\n|upkeep\n|\n|t:|1699530965\n|switch|p1a: Ditto|Ditto, shiny|100\/100\n|-transform|p1a: Ditto|p2a: Yveltal|[from] ability: Imposter\n|-ability|p1a: Ditto|Dark Aura\n|-start|p1a: Ditto|typechange|Dark\/Flying|[silent]\n|turn|15\n|\n|t:|1699530970\n|switch|p2a: Ho-Oh|Ho-Oh|100\/100\n|move|p1a: Ditto|U-turn|p2a: Ho-Oh\n|-resisted|p2a: Ho-Oh\n|-damage|p2a: Ho-Oh|96\/100\n|\n|t:|1699530976\n|switch|p1a: Kyogre|Kyogre|100\/100|[from] U-turn\n|-weather|RainDance|[from] ability: Drizzle|[of] p1a: Kyogre\n|\n|-weather|RainDance|[upkeep]\n|upkeep\n|turn|16\n|\n|t:|1699530978\n|switch|p2a: Groudon|Groudon|100\/100\n|-damage|p2a: Groudon|94\/100|[from] Stealth Rock\n|detailschange|p2a: Groudon|Groudon-Primal\n|-primal|p2a: Groudon|Red Orb\n|-weather|DesolateLand|[from] ability: Desolate Land|[of] p2a: Groudon\n|move|p1a: Kyogre|Water Spout||[still]\n|-fail|p1a: Kyogre|Water Spout|[from] Desolate Land\n|\n|-weather|DesolateLand|[upkeep]\n|upkeep\n|turn|17\n|\n|t:|1699530984\n|move|p1a: Kyogre|Water Spout||[still]\n|-fail|p1a: Kyogre|Water Spout|[from] Desolate Land\n|move|p2a: Groudon|Heat Crash|p1a: Kyogre\n|-resisted|p1a: Kyogre\n|-damage|p1a: Kyogre|64\/100\n|\n|-weather|DesolateLand|[upkeep]\n|upkeep\n|turn|18\n|\n|t:|1699530986\n|switch|p1a: Giratina|Giratina-Origin|100\/100\n|move|p2a: Groudon|Heat Crash|p1a: Giratina\n|-resisted|p1a: Giratina\n|-damage|p1a: Giratina|87\/100\n|\n|-weather|DesolateLand|[upkeep]\n|upkeep\n|turn|19\n|\n|t:|1699530990\n|-weather|none\n|switch|p2a: Ho-Oh|Ho-Oh|100\/100\n|switch|p1a: Kyogre|Kyogre|64\/100\n|-weather|RainDance|[from] ability: Drizzle|[of] p1a: Kyogre\n|\n|-weather|RainDance|[upkeep]\n|upkeep\n|turn|20\n|\n|t:|1699530993\n|switch|p2a: Groudon|Groudon-Primal|94\/100\n|-damage|p2a: Groudon|82\/100|[from] Stealth Rock\n|-weather|DesolateLand|[from] ability: Desolate Land|[of] p2a: Groudon\n|move|p1a: Kyogre|Ice Beam|p2a: Groudon\n|-crit|p2a: Groudon\n|-damage|p2a: Groudon|25\/100\n|\n|-weather|DesolateLand|[upkeep]\n|upkeep\n|turn|21\n|c|\u2606topszy|xd crit\n|\n|t:|1699531000\n|move|p1a: Kyogre|Ice Beam|p2a: Groudon\n|-damage|p2a: Groudon|0 fnt\n|faint|p2a: Groudon\n|-weather|none\n|\n|upkeep\n|\n|t:|1699531009\n|switch|p2a: Ho-Oh|Ho-Oh|100\/100\n|turn|22\n|\n|t:|1699531020\n|switch|p1a: Giratina|Giratina-Origin|87\/100\n|move|p2a: Ho-Oh|Defog|p1a: Giratina\n|-unboost|p1a: Giratina|evasion|1\n|-sideend|p2: topszy|Stealth Rock|[from] move: Defog|[of] p2a: Ho-Oh\n|\n|upkeep\n|turn|23\n|\n|t:|1699531027\n|move|p2a: Ho-Oh|Toxic|p1a: Giratina\n|-status|p1a: Giratina|tox\n|move|p1a: Giratina|Draco Meteor|p2a: Ho-Oh\n|-damage|p2a: Ho-Oh|75\/100\n|-unboost|p1a: Giratina|spa|2\n|\n|-damage|p1a: Giratina|80\/100 tox|[from] psn\n|upkeep\n|turn|24\n|\n|t:|1699531030\n|switch|p1a: Kyogre|Kyogre|64\/100\n|-weather|RainDance|[from] ability: Drizzle|[of] p1a: Kyogre\n|move|p2a: Ho-Oh|Toxic|p1a: Kyogre\n|-status|p1a: Kyogre|tox\n|\n|-weather|RainDance|[upkeep]\n|-damage|p1a: Kyogre|57\/100 tox|[from] psn\n|upkeep\n|turn|25\n|\n|t:|1699531051\n|switch|p2a: Yveltal|Yveltal, tera:Dark|13\/100 tox\n|-ability|p2a: Yveltal|Dark Aura\n|move|p1a: Kyogre|Water Spout|p2a: Yveltal\n|-damage|p2a: Yveltal|0 fnt\n|faint|p2a: Yveltal\n|\n|-weather|RainDance|[upkeep]\n|-damage|p1a: Kyogre|45\/100 tox|[from] psn\n|upkeep\n|\n|t:|1699531062\n|switch|p2a: Marshadow|Marshadow|100\/100\n|turn|26\n|\n|t:|1699531066\n|switch|p1a: Giratina|Giratina-Origin|80\/100 tox\n|move|p2a: Marshadow|Spectral Thief|p1a: Giratina\n|-supereffective|p1a: Giratina\n|-damage|p1a: Giratina|19\/100 tox\n|\n|-weather|RainDance|[upkeep]\n|-damage|p1a: Giratina|13\/100 tox|[from] psn\n|upkeep\n|turn|27\n|\n|t:|1699531069\n|move|p2a: Marshadow|Shadow Sneak|p1a: Giratina\n|-supereffective|p1a: Giratina\n|-damage|p1a: Giratina|0 fnt\n|faint|p1a: Giratina\n|\n|-weather|RainDance|[upkeep]\n|upkeep\n|\n|t:|1699531076\n|switch|p1a: Ditto|Ditto, shiny|100\/100\n|-transform|p1a: Ditto|p2a: Marshadow|[from] ability: Imposter\n|turn|28\n|\n|t:|1699531081\n|move|p1a: Ditto|Spectral Thief|p2a: Marshadow\n|-supereffective|p2a: Marshadow\n|-enditem|p2a: Marshadow|Focus Sash\n|-damage|p2a: Marshadow|1\/100\n|move|p2a: Marshadow|Spectral Thief|p1a: Ditto\n|-supereffective|p1a: Ditto\n|-damage|p1a: Ditto|0 fnt\n|faint|p1a: Ditto\n|\n|-weather|none\n|upkeep\n|\n|t:|1699531089\n|switch|p1a: Kyurem|Kyurem-Black|100\/100\n|-ability|p1a: Kyurem|Teravolt\n|turn|29\n|\n|t:|1699531094\n|move|p2a: Marshadow|Close Combat|p1a: Kyurem\n|-supereffective|p1a: Kyurem\n|-damage|p1a: Kyurem|0 fnt\n|-unboost|p2a: Marshadow|def|1\n|-unboost|p2a: Marshadow|spd|1\n|faint|p1a: Kyurem\n|\n|upkeep\n|\n|t:|1699531096\n|switch|p1a: Necrozma|Necrozma-Ultra|67\/100\n|turn|30\n|\n|t:|1699531101\n|move|p2a: Marshadow|Shadow Sneak|p1a: Necrozma\n|-supereffective|p1a: Necrozma\n|-damage|p1a: Necrozma|0 fnt\n|faint|p1a: Necrozma\n|\n|upkeep\n|-message|Walter black 0000 forfeited.\n|\n|win|topszy\n|raw|Walter black 0000's rating: 1768 &rarr; <strong>1746<\/strong><br \/>(-22 for losing)\n|raw|topszy's rating: 1726 &rarr; <strong>1748<\/strong><br \/>(+22 for winning)\n|l|\u2606Walter black 0000\n|l|\u2606topszy\n","uploadtime":1699531110,"views":27,"p1id":"walterblack0000","p2id":"topszy","formatid":"gen9nationaldexubers","rating":1746,"private":0,"password":""}