{"id":"gen9nationaldexubers-1982651193","p1":"Kiidumi","p2":"Adidas Los Menelos","format":"[Gen 9] National Dex Ubers","log":"|j|\u2606Kiidumi\n|j|\u2606Adidas Los Menelos\n|t:|1699032883\n|gametype|singles\n|player|p1|Kiidumi|giovanni|1043\n|player|p2|Adidas Los Menelos|red|1093\n|teamsize|p1|6\n|teamsize|p2|4\n|gen|9\n|tier|[Gen 9] National Dex Ubers\n|rated|\n|rule|HP Percentage Mod: HP is shown in percentages\n|rule|Endless Battle Clause: Forcing endless battles is banned\n|rule|OHKO Clause: OHKO moves are banned\n|rule|Evasion Moves Clause: Evasion moves are banned\n|rule|Evasion Items Clause: Evasion items are banned\n|rule|Species Clause: Limit one of each Pok\u00e9mon\n|rule|Sleep Clause Mod: Limit one foe put to sleep\n|rule|Mega Rayquaza Clause: You cannot mega evolve Rayquaza\n|clearpoke\n|poke|p1|Landorus, M|\n|poke|p1|Blaziken, M|\n|poke|p1|Tapu Koko|\n|poke|p1|Dracovish|\n|poke|p1|Mimikyu, M|\n|poke|p1|Dragapult, M|\n|poke|p2|Xerneas-*|\n|poke|p2|Genesect-Burn|\n|poke|p2|Kangaskhan, F|\n|poke|p2|Ferroseed, M|\n|teampreview\n|\n|t:|1699032890\n|start\n|switch|p1a: Ace|Blaziken, M, shiny|100\/100\n|switch|p2a: Ferroseed|Ferroseed, M|100\/100\n|turn|1\n|c|\u2606Adidas Los Menelos|one piece team?\n|\n|t:|1699032912\n|move|p1a: Ace|Swords Dance|p1a: Ace\n|-boost|p1a: Ace|atk|2\n|move|p2a: Ferroseed|Leech Seed|p1a: Ace\n|-start|p1a: Ace|move: Leech Seed\n|\n|-damage|p1a: Ace|88\/100|[from] Leech Seed|[of] p2a: Ferroseed\n|-ability|p1a: Ace|Speed Boost|boost\n|-boost|p1a: Ace|spe|1\n|upkeep\n|turn|2\n|c|\u2606Kiidumi|yes\n|\n|t:|1699032920\n|move|p1a: Ace|Swords Dance|p1a: Ace\n|-boost|p1a: Ace|atk|2\n|move|p2a: Ferroseed|Stealth Rock|p1a: Ace\n|-sidestart|p1: Kiidumi|move: Stealth Rock\n|\n|-damage|p1a: Ace|76\/100|[from] Leech Seed|[of] p2a: Ferroseed\n|-ability|p1a: Ace|Speed Boost|boost\n|-boost|p1a: Ace|spe|1\n|upkeep\n|turn|3\n|\n|t:|1699032927\n|move|p1a: Ace|Swords Dance|p1a: Ace\n|-boost|p1a: Ace|atk|2\n|move|p2a: Ferroseed|Toxic|p1a: Ace\n|-status|p1a: Ace|tox\n|\n|-damage|p1a: Ace|64\/100 tox|[from] Leech Seed|[of] p2a: Ferroseed\n|-damage|p1a: Ace|58\/100 tox|[from] psn\n|-ability|p1a: Ace|Speed Boost|boost\n|-boost|p1a: Ace|spe|1\n|upkeep\n|turn|4\n|\n|t:|1699032937\n|move|p1a: Ace|Fire Punch|p2a: Ferroseed\n|-supereffective|p2a: Ferroseed\n|-damage|p2a: Ferroseed|0 fnt\n|-damage|p1a: Ace|45\/100 tox|[from] ability: Iron Barbs|[of] p2a: Ferroseed\n|faint|p2a: Ferroseed\n|\n|-damage|p1a: Ace|34\/100 tox|[from] psn\n|-ability|p1a: Ace|Speed Boost|boost\n|-boost|p1a: Ace|spe|1\n|upkeep\n|\n|t:|1699032948\n|switch|p2a: Genesect|Genesect-Burn|100\/100\n|-ability|p2a: Genesect|Download|boost\n|-boost|p2a: Genesect|spa|1\n|turn|5\n|\n|t:|1699032963\n|move|p1a: Ace|Brick Break|p2a: Genesect\n|-damage|p2a: Genesect|0 fnt\n|faint|p2a: Genesect\n|\n|-damage|p1a: Ace|16\/100 tox|[from] psn\n|-ability|p1a: Ace|Speed Boost|boost\n|-boost|p1a: Ace|spe|1\n|upkeep\n|\n|t:|1699032967\n|switch|p2a: Kangaskhan|Kangaskhan, F|100\/100\n|turn|6\n|\n|t:|1699032977\n|detailschange|p2a: Kangaskhan|Kangaskhan-Mega, F\n|-mega|p2a: Kangaskhan|Kangaskhan|Kangaskhanite\n|move|p1a: Ace|Brick Break|p2a: Kangaskhan\n|-supereffective|p2a: Kangaskhan\n|-damage|p2a: Kangaskhan|0 fnt\n|faint|p2a: Kangaskhan\n|\n|-damage|p1a: Ace|0 fnt|[from] psn\n|faint|p1a: Ace\n|upkeep\n|\n|t:|1699032990\n|switch|p2a: Xerneas|Xerneas, shiny|100\/100\n|switch|p1a: Enel|Dragapult, M|100\/100\n|-damage|p1a: Enel|88\/100|[from] Stealth Rock\n|-ability|p2a: Xerneas|Fairy Aura\n|turn|7\n|\n|t:|1699033007\n|move|p1a: Enel|Dragon Dance|p1a: Enel\n|-boost|p1a: Enel|atk|1\n|-boost|p1a: Enel|spe|1\n|move|p2a: Xerneas|Geomancy||[still]\n|-prepare|p2a: Xerneas|Geomancy\n|-enditem|p2a: Xerneas|Power Herb\n|-anim|p2a: Xerneas|Geomancy|p2a: Xerneas\n|-boost|p2a: Xerneas|spa|2\n|-boost|p2a: Xerneas|spd|2\n|-boost|p2a: Xerneas|spe|2\n|\n|upkeep\n|turn|8\n|\n|t:|1699033018\n|move|p2a: Xerneas|Moonblast|p1a: Enel\n|-supereffective|p1a: Enel\n|-damage|p1a: Enel|0 fnt\n|faint|p1a: Enel\n|\n|upkeep\n|\n|t:|1699033034\n|switch|p1a: Laboon|Dracovish|100\/100\n|-damage|p1a: Laboon|88\/100|[from] Stealth Rock\n|turn|9\n|\n|t:|1699033038\n|move|p2a: Xerneas|Moonblast|p1a: Laboon\n|-supereffective|p1a: Laboon\n|-damage|p1a: Laboon|0 fnt\n|faint|p1a: Laboon\n|\n|upkeep\n|\n|t:|1699033043\n|switch|p1a: Whitebeard|Landorus, M|100\/100\n|-damage|p1a: Whitebeard|88\/100|[from] Stealth Rock\n|turn|10\n|c|\u2606Adidas Los Menelos|oh\n|c|\u2606Adidas Los Menelos|I thought landorus is luffy gear 5\n|\n|t:|1699033062\n|move|p2a: Xerneas|Moonblast|p1a: Whitebeard\n|-damage|p1a: Whitebeard|0 fnt\n|faint|p1a: Whitebeard\n|\n|upkeep\n|c|\u2606Kiidumi|i havent reached that part so no\n|c|\u2606Adidas Los Menelos|oh\n|c|\u2606Adidas Los Menelos|me too\n|c|\u2606Kiidumi|i just started punk hazard\n|\n|t:|1699033079\n|switch|p1a: Chopper|Mimikyu, M|100\/100\n|-damage|p1a: Chopper|88\/100|[from] Stealth Rock\n|turn|11\n|c|\u2606Adidas Los Menelos|oh\n|c|\u2606Adidas Los Menelos|im on 770\n|c|\u2606Kiidumi|damn\n|\n|t:|1699033094\n|move|p2a: Xerneas|Thunderbolt|p1a: Chopper\n|-activate|p1a: Chopper|ability: Disguise\n|-damage|p1a: Chopper|88\/100\n|-status|p1a: Chopper|par\n|detailschange|p1a: Chopper|Mimikyu-Busted, M\n|-damage|p1a: Chopper|76\/100 par|[from] pokemon: Mimikyu-Busted\n|move|p1a: Chopper|Swords Dance|p1a: Chopper\n|-boost|p1a: Chopper|atk|2\n|\n|upkeep\n|turn|12\n|\n|t:|1699033104\n|cant|p1a: Chopper|par\n|move|p2a: Xerneas|Moonblast|p1a: Chopper\n|-damage|p1a: Chopper|0 fnt\n|faint|p1a: Chopper\n|\n|upkeep\n|c|\u2606Kiidumi|bro\n|\n|t:|1699033109\n|switch|p1a: Ice Spice|Tapu Koko, shiny|100\/100\n|-damage|p1a: Ice Spice|88\/100|[from] Stealth Rock\n|-fieldstart|move: Electric Terrain|[from] ability: Electric Surge|[of] p1a: Ice Spice\n|turn|13\n|\n|t:|1699033124\n|move|p2a: Xerneas|Moonblast|p1a: Ice Spice\n|-damage|p1a: Ice Spice|0 fnt\n|faint|p1a: Ice Spice\n|\n|win|Adidas Los Menelos\n|raw|Kiidumi's rating: 1043 &rarr; <strong>1029<\/strong><br \/>(-14 for losing)\n|raw|Adidas Los Menelos's rating: 1093 &rarr; <strong>1115<\/strong><br \/>(+22 for winning)\n|c|\u2606Kiidumi|gg\n|c|\u2606Adidas Los Menelos|gg\n|l|\u2606Kiidumi\n","uploadtime":1699033132,"views":12,"p1id":"kiidumi","p2id":"adidaslosmenelos","formatid":"gen9nationaldexubers","rating":1029,"private":0,"password":""}