{"id":"gen9nationaldexubers-1983720318","p1":"Barrythebestrival","p2":"ash ketchum299","format":"[Gen 9] National Dex Ubers","log":"|j|\u2606Barrythebestrival\n|j|\u2606ash ketchum299\n|t:|1699166990\n|gametype|singles\n|player|p1|Barrythebestrival|barry|1225\n|player|p2|ash ketchum299|ash|1191\n|teamsize|p1|6\n|teamsize|p2|6\n|gen|9\n|tier|[Gen 9] National Dex Ubers\n|rated|\n|rule|HP Percentage Mod: HP is shown in percentages\n|rule|Endless Battle Clause: Forcing endless battles is banned\n|rule|OHKO Clause: OHKO moves are banned\n|rule|Evasion Moves Clause: Evasion moves are banned\n|rule|Evasion Items Clause: Evasion items are banned\n|rule|Species Clause: Limit one of each Pok\u00e9mon\n|rule|Sleep Clause Mod: Limit one foe put to sleep\n|rule|Mega Rayquaza Clause: You cannot mega evolve Rayquaza\n|clearpoke\n|poke|p1|Mew|\n|poke|p1|Ribombee, M|\n|poke|p1|Beedrill, M|\n|poke|p1|Excadrill, F|\n|poke|p1|Okidogi, M|\n|poke|p1|Iron Treads|\n|poke|p2|Greninja-*, M|\n|poke|p2|Charizard, F|\n|poke|p2|Krookodile, F|\n|poke|p2|Sceptile, M|\n|poke|p2|Infernape, F|\n|poke|p2|Lucario, M|\n|teampreview\n|inactive|Battle timer is ON: inactive players will automatically lose when time's up. (requested by Barrythebestrival)\n|\n|t:|1699167004\n|start\n|switch|p1a: Ribombee|Ribombee, M|100\/100\n|switch|p2a: Lucario|Lucario, M|100\/100\n|turn|1\n|\n|t:|1699167021\n|detailschange|p2a: Lucario|Lucario-Mega, M\n|-mega|p2a: Lucario|Lucario|Lucarionite\n|move|p1a: Ribombee|Sticky Web|p2a: Lucario\n|-sidestart|p2: ash ketchum299|move: Sticky Web\n|move|p2a: Lucario|Swords Dance|p2a: Lucario\n|-boost|p2a: Lucario|atk|2\n|\n|upkeep\n|turn|2\n|c|\u2606Barrythebestrival|Glhf\n|j| Zerolyst\n|\n|t:|1699167029\n|move|p2a: Lucario|Bullet Punch|p1a: Ribombee\n|-supereffective|p1a: Ribombee\n|-damage|p1a: Ribombee|0 fnt\n|faint|p1a: Ribombee\n|\n|upkeep\n|\n|t:|1699167040\n|switch|p1a: Okidogi|Okidogi, M|100\/100\n|turn|3\n|\n|t:|1699167049\n|move|p2a: Lucario|Bullet Punch|p1a: Okidogi\n|-damage|p1a: Okidogi|49\/100\n|move|p1a: Okidogi|Drain Punch|p2a: Lucario\n|-supereffective|p2a: Lucario\n|-damage|p2a: Lucario|0 fnt\n|-heal|p1a: Okidogi|87\/100|[from] drain|[of] p2a: Lucario\n|faint|p2a: Lucario\n|\n|-heal|p1a: Okidogi|93\/100|[from] item: Leftovers\n|upkeep\n|c|\u2606Barrythebestrival|Nvm it's adaptability\n|\n|t:|1699167060\n|switch|p2a: Charizard|Charizard, F|100\/100\n|turn|4\n|c|\u2606Barrythebestrival|I thought it was mega Charizard y\n|\n|t:|1699167068\n|move|p2a: Charizard|Air Slash|p1a: Okidogi\n|-supereffective|p1a: Okidogi\n|-damage|p1a: Okidogi|6\/100\n|-damage|p2a: Charizard|91\/100|[from] item: Life Orb\n|cant|p1a: Okidogi|flinch\n|\n|-heal|p1a: Okidogi|12\/100|[from] item: Leftovers\n|upkeep\n|turn|5\n|c|\u2606Barrythebestrival|Fuck\n|\n|t:|1699167078\n|move|p2a: Charizard|Scorching Sands|p1a: Okidogi\n|-supereffective|p1a: Okidogi\n|-damage|p1a: Okidogi|0 fnt\n|faint|p1a: Okidogi\n|-damage|p2a: Charizard|81\/100|[from] item: Life Orb\n|\n|upkeep\n|\n|t:|1699167090\n|switch|p1a: Mew|Mew|100\/100\n|turn|6\n|\n|t:|1699167102\n|move|p2a: Charizard|Overheat|p1a: Mew\n|-damage|p1a: Mew|55\/100\n|-unboost|p2a: Charizard|spa|2\n|-damage|p2a: Charizard|71\/100|[from] item: Life Orb\n|move|p1a: Mew|Toxic|p2a: Charizard\n|-status|p2a: Charizard|tox\n|\n|-damage|p2a: Charizard|65\/100 tox|[from] psn\n|upkeep\n|turn|7\n|\n|t:|1699167113\n|switch|p2a: Krookodile|Krookodile, F|100\/100\n|-activate|p2a: Krookodile|move: Sticky Web\n|-unboost|p2a: Krookodile|spe|1\n|-ability|p2a: Krookodile|Intimidate|boost\n|-unboost|p1a: Mew|atk|1\n|move|p1a: Mew|Soft-Boiled|p1a: Mew\n|-heal|p1a: Mew|100\/100\n|\n|upkeep\n|turn|8\n|\n|t:|1699167122\n|switch|p1a: Excadrill|Excadrill, F|100\/100\n|-ability|p1a: Excadrill|Mold Breaker\n|move|p2a: Krookodile|Toxic|p1a: Excadrill\n|-immune|p1a: Excadrill\n|\n|upkeep\n|turn|9\n|\n|t:|1699167130\n|move|p1a: Excadrill|Stealth Rock|p2a: Krookodile\n|-sidestart|p2: ash ketchum299|move: Stealth Rock\n|move|p2a: Krookodile|Earthquake|p1a: Excadrill\n|-supereffective|p1a: Excadrill\n|-damage|p1a: Excadrill|0 fnt\n|faint|p1a: Excadrill\n|\n|upkeep\n|\n|t:|1699167139\n|switch|p1a: Beedrill|Beedrill, M|100\/100\n|turn|10\n|\n|t:|1699167145\n|switch|p2a: Charizard|Charizard, F|65\/100 tox\n|-damage|p2a: Charizard|15\/100 tox|[from] Stealth Rock\n|detailschange|p1a: Beedrill|Beedrill-Mega, M\n|-mega|p1a: Beedrill|Beedrill|Beedrillite\n|move|p1a: Beedrill|Fell Stinger|p2a: Charizard\n|-resisted|p2a: Charizard\n|-damage|p2a: Charizard|3\/100 tox\n|\n|-damage|p2a: Charizard|0 fnt|[from] psn\n|faint|p2a: Charizard\n|upkeep\n|c|\u2606Barrythebestrival|Lmao rocks carried\n|\n|t:|1699167161\n|switch|p2a: Infernape|Infernape, F|100\/100\n|-activate|p2a: Infernape|move: Sticky Web\n|-unboost|p2a: Infernape|spe|1\n|-damage|p2a: Infernape|88\/100|[from] Stealth Rock\n|turn|11\n|c|\u2606Barrythebestrival|Why didn't you use heavy duty boots??\n|inactive|ash ketchum299 has 120 seconds left.\n|\n|t:|1699167193\n|move|p1a: Beedrill|Poison Jab|p2a: Infernape\n|-damage|p2a: Infernape|0 fnt\n|faint|p2a: Infernape\n|\n|upkeep\n|\n|t:|1699167198\n|switch|p2a: Krookodile|Krookodile, F|100\/100\n|-activate|p2a: Krookodile|move: Sticky Web\n|-unboost|p2a: Krookodile|spe|1\n|-damage|p2a: Krookodile|94\/100|[from] Stealth Rock\n|-ability|p2a: Krookodile|Intimidate|boost\n|-unboost|p1a: Beedrill|atk|1\n|turn|12\n|inactive|ash ketchum299 has 120 seconds left.\n|\n|t:|1699167205\n|move|p1a: Beedrill|Fell Stinger|p2a: Krookodile\n|-supereffective|p2a: Krookodile\n|-damage|p2a: Krookodile|60\/100\n|-damage|p1a: Beedrill|84\/100|[from] item: Rocky Helmet|[of] p2a: Krookodile\n|move|p2a: Krookodile|Earthquake|p1a: Beedrill\n|-damage|p1a: Beedrill|0 fnt\n|faint|p1a: Beedrill\n|\n|upkeep\n|\n|t:|1699167213\n|switch|p1a: Iron Treads|Iron Treads|100\/100\n|turn|13\n|\n|t:|1699167217\n|-terastallize|p1a: Iron Treads|Ground\n|move|p1a: Iron Treads|Body Press|p2a: Krookodile\n|-supereffective|p2a: Krookodile\n|-damage|p2a: Krookodile|30\/100\n|-damage|p1a: Iron Treads|84\/100|[from] item: Rocky Helmet|[of] p2a: Krookodile\n|move|p2a: Krookodile|Earthquake|p1a: Iron Treads\n|-damage|p1a: Iron Treads|50\/100\n|\n|upkeep\n|turn|14\n|\n|t:|1699167226\n|move|p1a: Iron Treads|Earthquake|p2a: Krookodile\n|-damage|p2a: Krookodile|0 fnt\n|faint|p2a: Krookodile\n|\n|upkeep\n|\n|t:|1699167233\n|switch|p2a: Sceptile|Sceptile, M|100\/100\n|-activate|p2a: Sceptile|move: Sticky Web\n|-unboost|p2a: Sceptile|spe|1\n|-damage|p2a: Sceptile|88\/100|[from] Stealth Rock\n|turn|15\n|\n|t:|1699167247\n|move|p1a: Iron Treads|Heavy Slam|p2a: Sceptile\n|-crit|p2a: Sceptile\n|-damage|p2a: Sceptile|0 fnt\n|faint|p2a: Sceptile\n|\n|upkeep\n|\n|t:|1699167252\n|switch|p2a: Greninja|Greninja, M|100\/100\n|-activate|p2a: Greninja|move: Sticky Web\n|-unboost|p2a: Greninja|spe|1\n|-damage|p2a: Greninja|88\/100|[from] Stealth Rock\n|turn|16\n|\n|t:|1699167258\n|-terastallize|p2a: Greninja|Water\n|move|p2a: Greninja|Water Shuriken|p1a: Iron Treads\n|-supereffective|p1a: Iron Treads\n|-damage|p1a: Iron Treads|23\/100\n|-supereffective|p1a: Iron Treads\n|-damage|p1a: Iron Treads|0 fnt\n|faint|p1a: Iron Treads\n|-end|p1a: Iron Treads|Quark Drive|[silent]\n|-ability|p2a: Greninja|Battle Bond|boost\n|-boost|p2a: Greninja|atk|1\n|-boost|p2a: Greninja|spa|1\n|-boost|p2a: Greninja|spe|1\n|-activate|p2a: Greninja|ability: Battle Bond\n|-hitcount|p1: Iron Treads|2\n|\n|upkeep\n|\n|t:|1699167262\n|switch|p1a: Mew|Mew|100\/100\n|turn|17\n|c|\u2606Barrythebestrival|C'MON MEE I BELIVE\n|c|\u2606Barrythebestrival|I BELIVE IN YOU MEW\n|c|\u2606Barrythebestrival|SURVIVE 1\n|c|\u2606ash ketchum299|Lol\n|c|\u2606Barrythebestrival|PLEASE\n|inactive|Barrythebestrival has 120 seconds left.\n|c|\u2606Barrythebestrival|GENESIS SUERNOVA THAT FROG\n|\n|t:|1699167295\n|move|p2a: Greninja|Dark Pulse|p1a: Mew\n|-supereffective|p1a: Mew\n|-damage|p1a: Mew|35\/100\n|-zpower|p1a: Mew\n|move|p1a: Mew|Genesis Supernova|p2a: Greninja|[zeffect]\n|-damage|p2a: Greninja|0 fnt\n|-fieldstart|move: Psychic Terrain\n|faint|p2a: Greninja\n|\n|win|Barrythebestrival\n|raw|Barrythebestrival's rating: 1225 &rarr; <strong>1248<\/strong><br \/>(+23 for winning)\n|raw|ash ketchum299's rating: 1191 &rarr; <strong>1168<\/strong><br \/>(-23 for losing)\n|c|\u2606Barrythebestrival|FUCK YEAAAAAH\n|c| Zerolyst|omg\n|c|\u2606Barrythebestrival|MEW MY FUCKING GOAT\n|c|\u2606ash ketchum299|What\n|c|\u2606Barrythebestrival|YEAAAAAAS\n|c|\u2606Barrythebestrival|WOHOOOOOOOO\n|c|\u2606Barrythebestrival|MEW YOU FUCKING LEGEND\n|c|\u2606Barrythebestrival|WITH JUST A FEW HEALTH LEFT HE CLUTCHED\n|c|\u2606Barrythebestrival|WOOOOOOOO\n|c|\u2606Barrythebestrival|MEW THE FUCKING GOAT\n","uploadtime":1699167401,"views":4,"p1id":"barrythebestrival","p2id":"ashketchum299","formatid":"gen9nationaldexubers","rating":1168,"private":0,"password":""}