{"id":"gen9nationaldexubers-1978760363","p1":"AdvilPills","p2":"Vario 64\u2606\u5f61","format":"[Gen 9] National Dex Ubers","log":"|j|\u2606AdvilPills\n|j|\u2606Vario 64\u2606\u5f61\n|t:|1698591881\n|gametype|singles\n|player|p1|AdvilPills|170|\n|player|p2|Vario 64\u2606\u5f61|ghetsis|\n|teamsize|p1|6\n|teamsize|p2|6\n|gen|9\n|tier|[Gen 9] National Dex Ubers\n|rule|HP Percentage Mod: HP is shown in percentages\n|rule|Endless Battle Clause: Forcing endless battles is banned\n|rule|OHKO Clause: OHKO moves are banned\n|rule|Evasion Moves Clause: Evasion moves are banned\n|rule|Evasion Items Clause: Evasion items are banned\n|rule|Species Clause: Limit one of each Pok\u00e9mon\n|rule|Sleep Clause Mod: Limit one foe put to sleep\n|rule|Mega Rayquaza Clause: You cannot mega evolve Rayquaza\n|clearpoke\n|poke|p1|Giratina-Origin|\n|poke|p1|Gliscor, M|\n|poke|p1|Samurott-Hisui, F|\n|poke|p1|Corviknight, F|\n|poke|p1|Lopunny, M|\n|poke|p1|Volcarona, F|\n|poke|p2|Hatterene, F|\n|poke|p2|Mimikyu, M|\n|poke|p2|Melmetal|\n|poke|p2|Stakataka|\n|poke|p2|Mawile, F|\n|poke|p2|Primarina, M|\n|teampreview\n|c|\u2606Vario 64\u2606\u5f61|Gl hf\n|c|\u2606AdvilPills|you too\n|\n|t:|1698591922\n|start\n|switch|p1a: Corviknight|Corviknight, F|100\/100\n|switch|p2a: Hatterene|Hatterene, F|100\/100\n|turn|1\n|\n|t:|1698591932\n|move|p1a: Corviknight|Brave Bird|p2a: Hatterene\n|-damage|p2a: Hatterene|59\/100\n|-damage|p1a: Corviknight|89\/100|[from] Recoil\n|move|p2a: Hatterene|Trick Room|p2a: Hatterene\n|-fieldstart|move: Trick Room|[of] p2a: Hatterene\n|\n|-heal|p1a: Corviknight|96\/100|[from] item: Leftovers\n|upkeep\n|turn|2\n|\n|t:|1698591947\n|move|p2a: Hatterene|Mystical Fire|p1a: Corviknight\n|-supereffective|p1a: Corviknight\n|-damage|p1a: Corviknight|39\/100\n|-ability|p1a: Corviknight|Mirror Armor\n|-unboost|p2a: Hatterene|spa|1\n|move|p1a: Corviknight|Brave Bird|p2a: Hatterene\n|-damage|p2a: Hatterene|16\/100\n|-damage|p1a: Corviknight|27\/100|[from] Recoil\n|\n|-heal|p1a: Corviknight|34\/100|[from] item: Leftovers\n|upkeep\n|turn|3\n|\n|t:|1698591963\n|move|p2a: Hatterene|Misty Explosion|p1a: Corviknight\n|-resisted|p1a: Corviknight\n|-damage|p1a: Corviknight|13\/100\n|faint|p2a: Hatterene\n|move|p1a: Corviknight|Brave Bird|p2: Hatterene|[notarget]\n|-fail|p1a: Corviknight\n|\n|-heal|p1a: Corviknight|19\/100|[from] item: Leftovers\n|upkeep\n|\n|t:|1698591982\n|switch|p2a: Stakataka|Stakataka|100\/100\n|turn|4\n|\n|t:|1698591984\n|move|p2a: Stakataka|Stone Edge|p1a: Corviknight\n|-damage|p1a: Corviknight|0 fnt\n|faint|p1a: Corviknight\n|-ability|p2a: Stakataka|Beast Boost|boost\n|-boost|p2a: Stakataka|atk|1\n|\n|upkeep\n|\n|t:|1698591997\n|switch|p1a: Lopunny|Lopunny, M|100\/100\n|turn|5\n|\n|t:|1698592003\n|switch|p2a: Mawile|Mawile, F|100\/100\n|-ability|p2a: Mawile|Intimidate|boost\n|-unboost|p1a: Lopunny|atk|1\n|detailschange|p1a: Lopunny|Lopunny-Mega, M\n|-mega|p1a: Lopunny|Lopunny|Lopunnite\n|move|p1a: Lopunny|Fake Out|p2a: Mawile\n|-resisted|p2a: Mawile\n|-damage|p2a: Mawile|92\/100\n|\n|-fieldend|move: Trick Room\n|upkeep\n|turn|6\n|\n|t:|1698592032\n|switch|p1a: Volcarona|Volcarona, F|100\/100\n|switch|p2a: Primarina|Primarina, M|100\/100\n|\n|upkeep\n|turn|7\n|\n|t:|1698592047\n|-terastallize|p1a: Volcarona|Grass\n|move|p1a: Volcarona|Quiver Dance|p1a: Volcarona\n|-boost|p1a: Volcarona|spa|1\n|-boost|p1a: Volcarona|spd|1\n|-boost|p1a: Volcarona|spe|1\n|move|p2a: Primarina|Hydro Pump|p1a: Volcarona|[miss]\n|-miss|p2a: Primarina|p1a: Volcarona\n|\n|upkeep\n|turn|8\n|\n|t:|1698592057\n|move|p1a: Volcarona|Quiver Dance|p1a: Volcarona\n|-boost|p1a: Volcarona|spa|1\n|-boost|p1a: Volcarona|spd|1\n|-boost|p1a: Volcarona|spe|1\n|move|p2a: Primarina|Hydro Pump|p1a: Volcarona|[miss]\n|-miss|p2a: Primarina|p1a: Volcarona\n|\n|upkeep\n|turn|9\n|c|\u2606AdvilPills|dang\n|\n|t:|1698592079\n|move|p1a: Volcarona|Giga Drain|p2a: Primarina\n|-supereffective|p2a: Primarina\n|-damage|p2a: Primarina|0 fnt\n|faint|p2a: Primarina\n|\n|upkeep\n|\n|t:|1698592085\n|switch|p2a: Mimikyu|Mimikyu, M|100\/100\n|turn|10\n|\n|t:|1698592087\n|move|p1a: Volcarona|Fiery Dance|p2a: Mimikyu\n|-activate|p2a: Mimikyu|ability: Disguise\n|-damage|p2a: Mimikyu|100\/100\n|-boost|p1a: Volcarona|spa|1\n|detailschange|p2a: Mimikyu|Mimikyu-Busted, M\n|-damage|p2a: Mimikyu|88\/100|[from] pokemon: Mimikyu-Busted\n|move|p2a: Mimikyu|Trick Room|p2a: Mimikyu\n|-fieldstart|move: Trick Room|[of] p2a: Mimikyu\n|\n|upkeep\n|turn|11\n|\n|t:|1698592101\n|move|p2a: Mimikyu|Shadow Claw|p1a: Volcarona\n|-crit|p1a: Volcarona\n|-damage|p1a: Volcarona|8\/100\n|-status|p2a: Mimikyu|brn|[from] ability: Flame Body|[of] p1a: Volcarona\n|-damage|p2a: Mimikyu|78\/100 brn|[from] item: Life Orb\n|move|p1a: Volcarona|Fiery Dance|p2a: Mimikyu\n|-damage|p2a: Mimikyu|0 fnt\n|-boost|p1a: Volcarona|spa|1\n|faint|p2a: Mimikyu\n|\n|upkeep\n|\n|t:|1698592111\n|switch|p2a: Stakataka|Stakataka|100\/100\n|turn|12\n|\n|t:|1698592121\n|switch|p1a: Giratina|Giratina-Origin|100\/100\n|move|p2a: Stakataka|Earthquake|p1a: Giratina\n|-immune|p1a: Giratina|[from] ability: Levitate\n|\n|upkeep\n|turn|13\n|\n|t:|1698592130\n|-zpower|p2a: Stakataka\n|move|p2a: Stakataka|Continental Crush|p1a: Giratina|[zeffect]\n|-damage|p1a: Giratina|35\/100\n|move|p1a: Giratina|Aura Sphere|p2a: Stakataka\n|-supereffective|p2a: Stakataka\n|-damage|p2a: Stakataka|0 fnt\n|faint|p2a: Stakataka\n|\n|upkeep\n|\n|t:|1698592135\n|switch|p2a: Mawile|Mawile, F|92\/100\n|-ability|p2a: Mawile|Intimidate|boost\n|-unboost|p1a: Giratina|atk|1\n|turn|14\n|\n|t:|1698592144\n|switch|p1a: Gliscor|Gliscor, M|100\/100\n|detailschange|p2a: Mawile|Mawile-Mega, F\n|-mega|p2a: Mawile|Mawile|Mawilite\n|move|p2a: Mawile|Play Rough|p1a: Gliscor\n|-damage|p1a: Gliscor|20\/100\n|\n|-fieldend|move: Trick Room\n|-status|p1a: Gliscor|tox|[from] item: Toxic Orb\n|upkeep\n|turn|15\n|\n|t:|1698592159\n|move|p1a: Gliscor|Earthquake|p2a: Mawile\n|-supereffective|p2a: Mawile\n|-damage|p2a: Mawile|12\/100\n|move|p2a: Mawile|Swords Dance|p2a: Mawile\n|-boost|p2a: Mawile|atk|2\n|\n|-heal|p1a: Gliscor|32\/100 tox|[from] ability: Poison Heal\n|upkeep\n|turn|16\n|\n|t:|1698592164\n|move|p2a: Mawile|Sucker Punch|p1a: Gliscor\n|-damage|p1a: Gliscor|0 fnt\n|faint|p1a: Gliscor\n|\n|upkeep\n|\n|t:|1698592166\n|switch|p1a: Lopunny|Lopunny-Mega, M|100\/100\n|turn|17\n|\n|t:|1698592168\n|move|p1a: Lopunny|Fake Out|p2a: Mawile\n|-resisted|p2a: Mawile\n|-damage|p2a: Mawile|3\/100\n|cant|p2a: Mawile|flinch\n|\n|upkeep\n|turn|18\n|\n|t:|1698592173\n|move|p2a: Mawile|Sucker Punch|p1a: Lopunny\n|-resisted|p1a: Lopunny\n|-damage|p1a: Lopunny|39\/100\n|move|p1a: Lopunny|Fire Punch|p2a: Mawile\n|-supereffective|p2a: Mawile\n|-damage|p2a: Mawile|0 fnt\n|faint|p2a: Mawile\n|\n|upkeep\n|\n|t:|1698592176\n|switch|p2a: Melmetal|Melmetal|100\/100\n|turn|19\n|\n|t:|1698592179\n|move|p1a: Lopunny|Close Combat|p2a: Melmetal\n|-supereffective|p2a: Melmetal\n|-damage|p2a: Melmetal|33\/100\n|-unboost|p1a: Lopunny|def|1\n|-unboost|p1a: Lopunny|spd|1\n|move|p2a: Melmetal|Double Iron Bash|p1a: Lopunny\n|-damage|p1a: Lopunny|0 fnt\n|faint|p1a: Lopunny\n|-hitcount|p1: Lopunny|1\n|\n|upkeep\n|\n|t:|1698592185\n|switch|p1a: Giratina|Giratina-Origin|35\/100\n|turn|20\n|\n|t:|1698592197\n|move|p1a: Giratina|Aura Sphere|p2a: Melmetal\n|-supereffective|p2a: Melmetal\n|-crit|p2a: Melmetal\n|-damage|p2a: Melmetal|0 fnt\n|faint|p2a: Melmetal\n|\n|win|AdvilPills\n|c|\u2606Vario 64\u2606\u5f61|Gg wp!\n|c|\u2606AdvilPills|gg\n","uploadtime":1698592208,"views":31,"p1id":"advilpills","p2id":"vario64","formatid":"gen9nationaldexubers","rating":0,"private":0,"password":""}