{"id":"gen9nationaldexubers-1987193216","p1":"Jouspatt","p2":"olivia rodrig","format":"[Gen 9] National Dex Ubers","log":"|j|\u2606Jouspatt\n|j|\u2606olivia rodrig\n|t:|1699564005\n|gametype|singles\n|player|p1|Jouspatt|ultraforestkartenvoy|1097\n|player|p2|olivia rodrig|backersf|1000\n|teamsize|p1|6\n|teamsize|p2|6\n|gen|9\n|tier|[Gen 9] National Dex Ubers\n|rated|\n|rule|HP Percentage Mod: HP is shown in percentages\n|rule|Endless Battle Clause: Forcing endless battles is banned\n|rule|OHKO Clause: OHKO moves are banned\n|rule|Evasion Moves Clause: Evasion moves are banned\n|rule|Evasion Items Clause: Evasion items are banned\n|rule|Species Clause: Limit one of each Pok\u00e9mon\n|rule|Sleep Clause Mod: Limit one foe put to sleep\n|rule|Mega Rayquaza Clause: You cannot mega evolve Rayquaza\n|clearpoke\n|poke|p1|Incineroar, M|\n|poke|p1|Toucannon, F|\n|poke|p1|Golisopod, M|\n|poke|p1|Palossand, F|\n|poke|p1|Togedemaru, F|\n|poke|p1|Kommo-o, M|\n|poke|p2|Zacian-*|\n|poke|p2|Charizard, F|\n|poke|p2|Cinderace, F|\n|poke|p2|Cloyster, M|\n|poke|p2|Palafin, F|\n|poke|p2|Arceus-Steel|\n|teampreview\n|inactive|Battle timer is ON: inactive players will automatically lose when time's up. (requested by Jouspatt)\n|n|\u2606olivia rodrig|oliviarodrig\n|c|\u2606olivia rodrig|alola team?\n|\n|t:|1699564040\n|start\n|switch|p1a: Togedemaru|Togedemaru, F|100\/100\n|switch|p2a: Charizard|Charizard, F|100\/100\n|-item|p1a: Togedemaru|Air Balloon\n|turn|1\n|\n|t:|1699564056\n|move|p1a: Togedemaru|Fake Out|p2a: Charizard\n|-damage|p2a: Charizard|85\/100\n|cant|p2a: Charizard|flinch\n|\n|upkeep\n|turn|2\n|\n|t:|1699564066\n|move|p2a: Charizard|Belly Drum|p2a: Charizard\n|-damage|p2a: Charizard|35\/100\n|-setboost|p2a: Charizard|atk|6|[from] move: Belly Drum\n|move|p1a: Togedemaru|U-turn|p2a: Charizard\n|-resisted|p2a: Charizard\n|-damage|p2a: Charizard|29\/100\n|\n|t:|1699564076\n|switch|p1a: Golisopod|Golisopod, M|100\/100|[from] U-turn\n|\n|upkeep\n|turn|3\n|\n|t:|1699564082\n|move|p1a: Golisopod|Aqua Jet|p2a: Charizard\n|-supereffective|p2a: Charizard\n|-damage|p2a: Charizard|0 fnt\n|faint|p2a: Charizard\n|\n|upkeep\n|\n|t:|1699564086\n|switch|p2a: Palafin|Palafin, F|100\/100\n|turn|4\n|\n|t:|1699564098\n|detailschange|p2a: Palafin|Palafin-Hero, F\n|switch|p2a: Arceus|Arceus-Steel|100\/100\n|move|p1a: Golisopod|Aerial Ace|p2a: Arceus\n|-resisted|p2a: Arceus\n|-damage|p2a: Arceus|94\/100\n|\n|upkeep\n|turn|5\n|\n|t:|1699564107\n|move|p2a: Arceus|Iron Defense|p2a: Arceus\n|-boost|p2a: Arceus|def|2\n|move|p1a: Golisopod|Brick Break|p2a: Arceus\n|-supereffective|p2a: Arceus\n|-damage|p2a: Arceus|77\/100\n|\n|upkeep\n|turn|6\n|\n|t:|1699564130\n|switch|p1a: Toucannon|Toucannon, F|100\/100\n|move|p2a: Arceus|Calm Mind|p2a: Arceus\n|-boost|p2a: Arceus|spa|1\n|-boost|p2a: Arceus|spd|1\n|\n|upkeep\n|turn|7\n|\n|t:|1699564142\n|move|p2a: Arceus|Calm Mind|p2a: Arceus\n|-boost|p2a: Arceus|spa|1\n|-boost|p2a: Arceus|spd|1\n|move|p1a: Toucannon|Brick Break|p2a: Arceus\n|-supereffective|p2a: Arceus\n|-damage|p2a: Arceus|63\/100\n|\n|upkeep\n|turn|8\n|\n|t:|1699564149\n|move|p2a: Arceus|Iron Defense|p2a: Arceus\n|-boost|p2a: Arceus|def|2\n|move|p1a: Toucannon|Brick Break|p2a: Arceus\n|-supereffective|p2a: Arceus\n|-damage|p2a: Arceus|53\/100\n|\n|upkeep\n|turn|9\n|\n|t:|1699564161\n|switch|p1a: Incineroar|Incineroar, M|100\/100\n|-ability|p1a: Incineroar|Intimidate|boost\n|-unboost|p2a: Arceus|atk|1\n|move|p2a: Arceus|Recover|p2a: Arceus\n|-heal|p2a: Arceus|100\/100\n|\n|upkeep\n|turn|10\n|\n|t:|1699564168\n|move|p2a: Arceus|Calm Mind|p2a: Arceus\n|-boost|p2a: Arceus|spa|1\n|-boost|p2a: Arceus|spd|1\n|move|p1a: Incineroar|Darkest Lariat|p2a: Arceus\n|-damage|p2a: Arceus|73\/100\n|\n|upkeep\n|turn|11\n|\n|t:|1699564177\n|move|p2a: Arceus|Iron Defense|p2a: Arceus\n|-boost|p2a: Arceus|def|2\n|move|p1a: Incineroar|Darkest Lariat|p2a: Arceus\n|-damage|p2a: Arceus|46\/100\n|\n|upkeep\n|turn|12\n|\n|t:|1699564185\n|move|p2a: Arceus|Recover|p2a: Arceus\n|-heal|p2a: Arceus|96\/100\n|move|p1a: Incineroar|Darkest Lariat|p2a: Arceus\n|-damage|p2a: Arceus|67\/100\n|\n|upkeep\n|turn|13\n|c|\u2606olivia rodrig|!dt sarkiest lariat\nNo Pok\u00e9mon, item, move, ability or nature named 'sarkiest lariat' was found. Showing the data of 'Darkest Lariat' instead.\n|raw|<ul class=\"utilichart\"><li class=\"result\"><span class=\"col movenamecol\"><a href=\"https:\/\/dex.pokemonshowdown.com\/moves\/darkestlariat\">Darkest Lariat<\/a><\/span> <span class=\"col typecol\"><img src=\"\/\/play.pokemonshowdown.com\/sprites\/types\/Dark.png\" alt=\"Dark\" width=\"32\" height=\"14\"><img src=\"\/\/play.pokemonshowdown.com\/sprites\/categories\/Physical.png\" alt=\"Physical\" width=\"32\" height=\"14\"><\/span> <span class=\"col labelcol\"><em>Power<\/em><br>85<\/span> <span class=\"col widelabelcol\"><em>Accuracy<\/em><br>100%<\/span> <span class=\"col pplabelcol\"><em>PP<\/em><br>16<\/span> <span class=\"col movedesccol\">Ignores the target's stat stage changes.<\/span> <\/li><li style=\"clear:both\"><\/li><\/ul>\n|raw|<font size=\"1\"><font color=\"#686868\">Priority:<\/font> 0&nbsp;|&ThickSpace;<font color=\"#686868\">Gen:<\/font> 7&nbsp;|&ThickSpace;&#10003; Contact&nbsp;|&ThickSpace;<font color=\"#686868\">Z-Power:<\/font> 160&nbsp;|&ThickSpace;<font color=\"#686868\">Dynamax Power:<\/font> 130&nbsp;|&ThickSpace;<font color=\"#686868\">Target:<\/font> One Adjacent Pok\u00e9mon<\/font>\n\n|\n|t:|1699564196\n|move|p2a: Arceus|Judgment|p1a: Incineroar\n|-resisted|p1a: Incineroar\n|-damage|p1a: Incineroar|44\/100\n|move|p1a: Incineroar|Darkest Lariat|p2a: Arceus\n|-damage|p2a: Arceus|41\/100\n|\n|-heal|p1a: Incineroar|50\/100|[from] item: Leftovers\n|upkeep\n|turn|14\n|c|\u2606olivia rodrig|cool move\n|c|\u2606Jouspatt|thanks :D is very useful in sm too\n|inactive|Jouspatt has 120 seconds left.\n|\n|t:|1699564227\n|move|p2a: Arceus|Recover|p2a: Arceus\n|-heal|p2a: Arceus|91\/100\n|move|p1a: Incineroar|Fire Punch|p2a: Arceus\n|-supereffective|p2a: Arceus\n|-damage|p2a: Arceus|77\/100\n|-status|p2a: Arceus|brn\n|\n|-heal|p1a: Incineroar|56\/100|[from] item: Leftovers\n|-damage|p2a: Arceus|71\/100 brn|[from] brn\n|upkeep\n|turn|15\n|c|\u2606olivia rodrig|yeah\n|inactive|Jouspatt has 120 seconds left.\n|c|\u2606olivia rodrig|oh god a burn\n|\n|t:|1699564239\n|move|p2a: Arceus|Judgment|p1a: Incineroar\n|-resisted|p1a: Incineroar\n|-damage|p1a: Incineroar|3\/100\n|move|p1a: Incineroar|Darkest Lariat|p2a: Arceus\n|-damage|p2a: Arceus|44\/100 brn\n|\n|-heal|p1a: Incineroar|9\/100|[from] item: Leftovers\n|-damage|p2a: Arceus|38\/100 brn|[from] brn\n|upkeep\n|turn|16\n|\n|t:|1699564249\n|move|p2a: Arceus|Judgment|p1a: Incineroar\n|-resisted|p1a: Incineroar\n|-damage|p1a: Incineroar|0 fnt\n|faint|p1a: Incineroar\n|\n|-damage|p2a: Arceus|32\/100 brn|[from] brn\n|upkeep\n|inactive|Jouspatt has 120 seconds left.\n|\n|t:|1699564260\n|switch|p1a: Togedemaru|Togedemaru, F|100\/100\n|-item|p1a: Togedemaru|Air Balloon\n|turn|17\n|\n|t:|1699564266\n|move|p1a: Togedemaru|U-turn|p2a: Arceus\n|-resisted|p2a: Arceus\n|-damage|p2a: Arceus|30\/100 brn\n|\n|t:|1699564270\n|switch|p1a: Kommo-o|Kommo-o, M|100\/100|[from] U-turn\n|move|p2a: Arceus|Recover|p2a: Arceus\n|-heal|p2a: Arceus|80\/100 brn\n|\n|-damage|p2a: Arceus|74\/100 brn|[from] brn\n|upkeep\n|turn|18\n|\n|t:|1699564281\n|move|p2a: Arceus|Judgment|p1a: Kommo-o\n|-damage|p1a: Kommo-o|15\/100\n|move|p1a: Kommo-o|Body Press|p2a: Arceus\n|-supereffective|p2a: Arceus\n|-damage|p2a: Arceus|63\/100 brn\n|\n|-damage|p2a: Arceus|57\/100 brn|[from] brn\n|upkeep\n|turn|19\n|inactive|Jouspatt has 120 seconds left.\n|\n|t:|1699564305\n|move|p2a: Arceus|Judgment|p1a: Kommo-o\n|-damage|p1a: Kommo-o|0 fnt\n|faint|p1a: Kommo-o\n|\n|-damage|p2a: Arceus|51\/100 brn|[from] brn\n|upkeep\n|inactive|Jouspatt has 120 seconds left.\n|\n|t:|1699564315\n|switch|p1a: Palossand|Palossand, F|100\/100\n|turn|20\n|inactive|Jouspatt has 120 seconds left.\n|\n|t:|1699564329\n|move|p2a: Arceus|Recover|p2a: Arceus\n|-heal|p2a: Arceus|100\/100 brn\n|move|p1a: Palossand|Earth Power|p2a: Arceus\n|-supereffective|p2a: Arceus\n|-damage|p2a: Arceus|83\/100 brn\n|\n|-damage|p2a: Arceus|77\/100 brn|[from] brn\n|upkeep\n|turn|21\n|inactive|Jouspatt has 120 seconds left.\n|\n|t:|1699564337\n|move|p2a: Arceus|Calm Mind|p2a: Arceus\n|-boost|p2a: Arceus|spa|1\n|-boost|p2a: Arceus|spd|1\n|move|p1a: Palossand|Earth Power|p2a: Arceus\n|-supereffective|p2a: Arceus\n|-damage|p2a: Arceus|62\/100 brn\n|\n|-damage|p2a: Arceus|56\/100 brn|[from] brn\n|upkeep\n|turn|22\n|inactive|Jouspatt has 120 seconds left.\n|\n|t:|1699564354\n|move|p2a: Arceus|Recover|p2a: Arceus\n|-heal|p2a: Arceus|100\/100 brn\n|move|p1a: Palossand|Earth Power|p2a: Arceus\n|-supereffective|p2a: Arceus\n|-damage|p2a: Arceus|86\/100 brn\n|\n|-damage|p2a: Arceus|80\/100 brn|[from] brn\n|upkeep\n|turn|23\n|\n|t:|1699564366\n|move|p2a: Arceus|Judgment|p1a: Palossand\n|-damage|p1a: Palossand|0 fnt\n|faint|p1a: Palossand\n|\n|-damage|p2a: Arceus|74\/100 brn|[from] brn\n|upkeep\n|\n|t:|1699564375\n|switch|p1a: Togedemaru|Togedemaru, F|100\/100\n|-item|p1a: Togedemaru|Air Balloon\n|turn|24\n|\n|t:|1699564381\n|move|p1a: Togedemaru|Fake Out|p2a: Arceus\n|-resisted|p2a: Arceus\n|-damage|p2a: Arceus|73\/100 brn\n|cant|p2a: Arceus|flinch\n|\n|-damage|p2a: Arceus|67\/100 brn|[from] brn\n|upkeep\n|turn|25\n|\n|t:|1699564390\n|move|p1a: Togedemaru|Zing Zap|p2a: Arceus\n|-damage|p2a: Arceus|60\/100 brn\n|move|p2a: Arceus|Recover|p2a: Arceus\n|-heal|p2a: Arceus|100\/100 brn\n|\n|-damage|p2a: Arceus|94\/100 brn|[from] brn\n|upkeep\n|turn|26\n|c|\u2606olivia rodrig|togedemaru can be rlly fast lmao\n|\n|t:|1699564408\n|move|p1a: Togedemaru|Zing Zap|p2a: Arceus\n|-damage|p2a: Arceus|89\/100 brn\n|move|p2a: Arceus|Judgment|p1a: Togedemaru\n|-resisted|p1a: Togedemaru\n|-damage|p1a: Togedemaru|43\/100\n|-enditem|p1a: Togedemaru|Air Balloon\n|\n|-damage|p2a: Arceus|83\/100 brn|[from] brn\n|upkeep\n|turn|27\n|c|\u2606olivia rodrig|it max speed its 320\n|\n|t:|1699564421\n|move|p1a: Togedemaru|Iron Head|p2a: Arceus\n|-resisted|p2a: Arceus\n|-damage|p2a: Arceus|80\/100 brn\n|move|p2a: Arceus|Judgment|p1a: Togedemaru\n|-resisted|p1a: Togedemaru\n|-damage|p1a: Togedemaru|0 fnt\n|faint|p1a: Togedemaru\n|\n|-damage|p2a: Arceus|74\/100 brn|[from] brn\n|upkeep\n|\n|t:|1699564430\n|switch|p1a: Toucannon|Toucannon, F|100\/100\n|turn|28\n|\n|t:|1699564437\n|move|p2a: Arceus|Judgment|p1a: Toucannon\n|-damage|p1a: Toucannon|0 fnt\n|faint|p1a: Toucannon\n|\n|-damage|p2a: Arceus|68\/100 brn|[from] brn\n|upkeep\n|\n|t:|1699564443\n|switch|p1a: Golisopod|Golisopod, M|100\/100\n|turn|29\n|\n|t:|1699564449\n|move|p2a: Arceus|Judgment|p1a: Golisopod\n|-resisted|p1a: Golisopod\n|-damage|p1a: Golisopod|24\/100\n|move|p1a: Golisopod|Brick Break|p2a: Arceus\n|-supereffective|p2a: Arceus\n|-damage|p2a: Arceus|58\/100 brn\n|\n|-damage|p2a: Arceus|52\/100 brn|[from] brn\n|upkeep\n|turn|30\n|c|\u2606Jouspatt|well GG\n|c|\u2606olivia rodrig|gg :)\n|c|\u2606Jouspatt|Very good strategy\n|c|\u2606olivia rodrig|ty ty\n|\n|t:|1699564470\n|move|p1a: Golisopod|Aqua Jet|p2a: Arceus\n|-damage|p2a: Arceus|49\/100 brn\n|move|p2a: Arceus|Judgment|p1a: Golisopod\n|-resisted|p1a: Golisopod\n|-damage|p1a: Golisopod|0 fnt\n|faint|p1a: Golisopod\n|\n|win|olivia rodrig\n|raw|Jouspatt's rating: 1097 &rarr; <strong>1066<\/strong><br \/>(-31 for losing)\n|raw|olivia rodrig's rating: 1000 &rarr; <strong>1051<\/strong><br \/>(+51 for winning)\n|l|\u2606Jouspatt\n|c|\u2606olivia rodrig|i like ur toge too\n","uploadtime":1699564483,"views":6,"p1id":"jouspatt","p2id":"oliviarodrig","formatid":"gen9nationaldexubers","rating":1051,"private":0,"password":""}