{"id":"gen9nationaldexubers-1988429361","p1":"Yosiah30","p2":"ohkaden","format":"[Gen 9] National Dex Ubers","log":"|j|\u2606Yosiah30\n|j|\u2606ohkaden\n|t:|1699722013\n|gametype|singles\n|player|p1|Yosiah30|skier|1077\n|player|p2|ohkaden|burglar|1016\n|teamsize|p1|6\n|teamsize|p2|6\n|gen|9\n|tier|[Gen 9] National Dex Ubers\n|rated|\n|rule|HP Percentage Mod: HP is shown in percentages\n|rule|Endless Battle Clause: Forcing endless battles is banned\n|rule|OHKO Clause: OHKO moves are banned\n|rule|Evasion Moves Clause: Evasion moves are banned\n|rule|Evasion Items Clause: Evasion items are banned\n|rule|Species Clause: Limit one of each Pok\u00e9mon\n|rule|Sleep Clause Mod: Limit one foe put to sleep\n|rule|Mega Rayquaza Clause: You cannot mega evolve Rayquaza\n|clearpoke\n|poke|p1|Glimmora, F|\n|poke|p1|Eternatus|\n|poke|p1|Shuckle, M|\n|poke|p1|Lurantis, F|\n|poke|p1|Regieleki|\n|poke|p1|Houndstone, F|\n|poke|p2|Kingambit, M|\n|poke|p2|Blaziken, M|\n|poke|p2|Dragapult, F|\n|poke|p2|Togekiss, M|\n|poke|p2|Venusaur, M|\n|poke|p2|Swampert, M|\n|teampreview\n|inactive|Battle timer is ON: inactive players will automatically lose when time's up. (requested by ohkaden)\n|c|\u2606Yosiah30|Hi\n|c|\u2606ohkaden|hi\n|\n|t:|1699722027\n|start\n|switch|p1a: Glimmora|Glimmora, F|100\/100\n|switch|p2a: bird thing|Togekiss, M|100\/100\n|turn|1\n|\n|t:|1699722037\n|move|p1a: Glimmora|Stealth Rock|p2a: bird thing\n|-sidestart|p2: ohkaden|move: Stealth Rock\n|move|p2a: bird thing|Air Slash|p1a: Glimmora\n|-resisted|p1a: Glimmora\n|-damage|p1a: Glimmora|80\/100\n|\n|upkeep\n|turn|2\n|\n|t:|1699722051\n|move|p1a: Glimmora|Spikes|p2a: bird thing\n|-sidestart|p2: ohkaden|Spikes\n|move|p2a: bird thing|Flamethrower|p1a: Glimmora\n|-resisted|p1a: Glimmora\n|-damage|p1a: Glimmora|65\/100\n|\n|upkeep\n|turn|3\n|\n|t:|1699722058\n|move|p1a: Glimmora|Spikes|p2a: bird thing\n|-sidestart|p2: ohkaden|Spikes\n|move|p2a: bird thing|Air Slash|p1a: Glimmora\n|-resisted|p1a: Glimmora\n|-damage|p1a: Glimmora|43\/100\n|\n|upkeep\n|turn|4\n|\n|t:|1699722065\n|move|p1a: Glimmora|Spikes|p2a: bird thing\n|-sidestart|p2: ohkaden|Spikes\n|move|p2a: bird thing|Air Slash|p1a: Glimmora\n|-resisted|p1a: Glimmora\n|-damage|p1a: Glimmora|24\/100\n|\n|upkeep\n|turn|5\n|\n|t:|1699722074\n|move|p1a: Glimmora|Explosion|p2a: bird thing\n|-damage|p2a: bird thing|54\/100\n|faint|p1a: Glimmora\n|move|p2a: bird thing|Air Slash|p1: Glimmora|[notarget]\n|-fail|p2a: bird thing\n|\n|upkeep\n|\n|t:|1699722088\n|switch|p1a: Eternatus|Eternatus|100\/100\n|-ability|p1a: Eternatus|Pressure\n|turn|6\n|\n|t:|1699722094\n|move|p1a: Eternatus|Fire Spin|p2a: bird thing\n|-crit|p2a: bird thing\n|-damage|p2a: bird thing|40\/100\n|-activate|p2a: bird thing|move: Fire Spin|[of] p1a: Eternatus\n|move|p2a: bird thing|Roost|p2a: bird thing\n|-heal|p2a: bird thing|90\/100\n|-singleturn|p2a: bird thing|move: Roost\n|\n|-damage|p2a: bird thing|77\/100|[from] move: Fire Spin|[partiallytrapped]\n|upkeep\n|turn|7\n|\n|t:|1699722106\n|move|p1a: Eternatus|Toxic|p2a: bird thing\n|-status|p2a: bird thing|tox\n|move|p2a: bird thing|Flamethrower|p1a: Eternatus\n|-resisted|p1a: Eternatus\n|-damage|p1a: Eternatus|92\/100\n|\n|-heal|p1a: Eternatus|98\/100|[from] item: Black Sludge\n|-damage|p2a: bird thing|71\/100 tox|[from] psn\n|-damage|p2a: bird thing|59\/100 tox|[from] move: Fire Spin|[partiallytrapped]\n|upkeep\n|turn|8\n|\n|t:|1699722121\n|move|p1a: Eternatus|Dynamax Cannon|p2a: bird thing\n|-immune|p2a: bird thing\n|move|p2a: bird thing|Air Slash|p1a: Eternatus|[miss]\n|-miss|p2a: bird thing|p1a: Eternatus\n|\n|-heal|p1a: Eternatus|100\/100|[from] item: Black Sludge\n|-damage|p2a: bird thing|47\/100 tox|[from] psn\n|-damage|p2a: bird thing|34\/100 tox|[from] move: Fire Spin|[partiallytrapped]\n|upkeep\n|turn|9\n|\n|t:|1699722150\n|move|p1a: Eternatus|Gunk Shot|p2a: bird thing\n|-supereffective|p2a: bird thing\n|-damage|p2a: bird thing|0 fnt\n|faint|p2a: bird thing\n|\n|upkeep\n|\n|t:|1699722156\n|switch|p2a: KFC|Blaziken, M|100\/100\n|-damage|p2a: KFC|88\/100|[from] Stealth Rock\n|-damage|p2a: KFC|63\/100|[from] Spikes\n|turn|10\n|\n|t:|1699722164\n|move|p1a: Eternatus|Fire Spin|p2a: KFC|[miss]\n|-miss|p1a: Eternatus|p2a: KFC\n|move|p2a: KFC|Counter||[still]\n|-fail|p2a: KFC\n|\n|-ability|p2a: KFC|Speed Boost|boost\n|-boost|p2a: KFC|spe|1\n|upkeep\n|turn|11\n|\n|t:|1699722173\n|move|p1a: Eternatus|Fire Spin|p2a: KFC\n|-resisted|p2a: KFC\n|-damage|p2a: KFC|55\/100\n|-activate|p2a: KFC|move: Fire Spin|[of] p1a: Eternatus\n|move|p2a: KFC|Focus Blast|p1a: Eternatus|[miss]\n|-miss|p2a: KFC|p1a: Eternatus\n|\n|-damage|p2a: KFC|42\/100|[from] move: Fire Spin|[partiallytrapped]\n|-ability|p2a: KFC|Speed Boost|boost\n|-boost|p2a: KFC|spe|1\n|upkeep\n|turn|12\n|\n|t:|1699722184\n|move|p2a: KFC|Focus Blast|p1a: Eternatus|[miss]\n|-miss|p2a: KFC|p1a: Eternatus\n|move|p1a: Eternatus|Toxic|p2a: KFC\n|-status|p2a: KFC|tox\n|\n|-damage|p2a: KFC|36\/100 tox|[from] psn\n|-damage|p2a: KFC|24\/100 tox|[from] move: Fire Spin|[partiallytrapped]\n|-ability|p2a: KFC|Speed Boost|boost\n|-boost|p2a: KFC|spe|1\n|upkeep\n|turn|13\n|c|\u2606Yosiah30|How do you keep missing\n|\n|t:|1699722205\n|move|p1a: Eternatus|Dynamax Cannon|p2a: KFC\n|-damage|p2a: KFC|0 fnt\n|faint|p2a: KFC\n|\n|upkeep\n|c|\u2606ohkaden|idek\n|\n|t:|1699722214\n|switch|p2a: salad|Venusaur, M|100\/100\n|-damage|p2a: salad|88\/100|[from] Stealth Rock\n|-damage|p2a: salad|63\/100|[from] Spikes\n|turn|14\n|\n|t:|1699722223\n|move|p1a: Eternatus|Fire Spin|p2a: salad\n|-supereffective|p2a: salad\n|-damage|p2a: salad|37\/100\n|-activate|p2a: salad|move: Fire Spin|[of] p1a: Eternatus\n|move|p2a: salad|Earth Power|p1a: Eternatus\n|-supereffective|p1a: Eternatus\n|-damage|p1a: Eternatus|47\/100\n|-damage|p2a: salad|27\/100|[from] item: Life Orb\n|\n|-heal|p1a: Eternatus|54\/100|[from] item: Black Sludge\n|-damage|p2a: salad|14\/100|[from] move: Fire Spin|[partiallytrapped]\n|upkeep\n|turn|15\n|\n|t:|1699722240\n|move|p1a: Eternatus|Gunk Shot|p2a: salad\n|-damage|p2a: salad|0 fnt\n|faint|p2a: salad\n|\n|-heal|p1a: Eternatus|60\/100|[from] item: Black Sludge\n|upkeep\n|\n|t:|1699722247\n|switch|p2a: shoots his babies|Dragapult, F|100\/100\n|-damage|p2a: shoots his babies|88\/100|[from] Stealth Rock\n|-damage|p2a: shoots his babies|63\/100|[from] Spikes\n|turn|16\n|\n|t:|1699722259\n|move|p1a: Eternatus|Fire Spin|p2a: shoots his babies\n|-resisted|p2a: shoots his babies\n|-damage|p2a: shoots his babies|56\/100\n|-activate|p2a: shoots his babies|move: Fire Spin|[of] p1a: Eternatus\n|move|p2a: shoots his babies|Dragon Darts|p1a: Eternatus\n|-supereffective|p1a: Eternatus\n|-damage|p1a: Eternatus|4\/100\n|-anim|p2a: shoots his babies|Dragon Darts|p1a: Eternatus\n|-supereffective|p1a: Eternatus\n|-damage|p1a: Eternatus|0 fnt\n|faint|p1a: Eternatus\n|-damage|p2a: shoots his babies|46\/100|[from] item: Life Orb\n|\n|-end|p2a: shoots his babies|Fire Spin|[partiallytrapped]|[silent]\n|upkeep\n|\n|t:|1699722277\n|switch|p1a: Lurantis|Lurantis, F, shiny|100\/100\n|turn|17\n|\n|t:|1699722285\n|move|p2a: shoots his babies|Fire Blast|p1a: Lurantis\n|-supereffective|p1a: Lurantis\n|-damage|p1a: Lurantis|28\/100\n|-damage|p2a: shoots his babies|36\/100|[from] item: Life Orb\n|move|p1a: Lurantis|Leech Life|p2a: shoots his babies\n|-resisted|p2a: shoots his babies\n|-damage|p2a: shoots his babies|21\/100\n|-heal|p1a: Lurantis|35\/100|[from] drain|[of] p2a: shoots his babies\n|\n|upkeep\n|turn|18\n|\n|t:|1699722300\n|move|p2a: shoots his babies|Fire Blast|p1a: Lurantis\n|-supereffective|p1a: Lurantis\n|-damage|p1a: Lurantis|0 fnt\n|faint|p1a: Lurantis\n|-damage|p2a: shoots his babies|11\/100|[from] item: Life Orb\n|\n|upkeep\n|\n|t:|1699722308\n|switch|p1a: Shuckle Yeeeaaa|Shuckle, M, shiny|100\/100\n|turn|19\n|\n|t:|1699722317\n|move|p2a: shoots his babies|Fire Blast|p1a: Shuckle Yeeeaaa\n|-damage|p1a: Shuckle Yeeeaaa|82\/100\n|-damage|p2a: shoots his babies|1\/100|[from] item: Life Orb\n|move|p1a: Shuckle Yeeeaaa|Knock Off|p2a: shoots his babies\n|-supereffective|p2a: shoots his babies\n|-damage|p2a: shoots his babies|0 fnt\n|-enditem|p2a: shoots his babies|Life Orb|[from] move: Knock Off|[of] p1a: Shuckle Yeeeaaa\n|faint|p2a: shoots his babies\n|\n|-heal|p1a: Shuckle Yeeeaaa|88\/100|[from] item: Leftovers\n|upkeep\n|\n|t:|1699722329\n|switch|p2a: the monster|Swampert, M|100\/100\n|-damage|p2a: the monster|94\/100|[from] Stealth Rock\n|-damage|p2a: the monster|69\/100|[from] Spikes\n|turn|20\n|\n|t:|1699722338\n|move|p2a: the monster|Waterfall|p1a: Shuckle Yeeeaaa\n|-supereffective|p1a: Shuckle Yeeeaaa\n|-damage|p1a: Shuckle Yeeeaaa|37\/100\n|move|p1a: Shuckle Yeeeaaa|Substitute|p1a: Shuckle Yeeeaaa\n|-start|p1a: Shuckle Yeeeaaa|Substitute\n|-damage|p1a: Shuckle Yeeeaaa|12\/100\n|\n|-heal|p1a: Shuckle Yeeeaaa|18\/100|[from] item: Leftovers\n|upkeep\n|turn|21\n|\n|t:|1699722349\n|move|p1a: Shuckle Yeeeaaa|Protect|p1a: Shuckle Yeeeaaa\n|-singleturn|p1a: Shuckle Yeeeaaa|Protect\n|move|p2a: the monster|Earthquake|p1a: Shuckle Yeeeaaa\n|-activate|p1a: Shuckle Yeeeaaa|move: Protect\n|\n|-heal|p1a: Shuckle Yeeeaaa|24\/100|[from] item: Leftovers\n|upkeep\n|turn|22\n|\n|t:|1699722357\n|move|p2a: the monster|Earthquake|p1a: Shuckle Yeeeaaa\n|-end|p1a: Shuckle Yeeeaaa|Substitute\n|move|p1a: Shuckle Yeeeaaa|Gyro Ball|p2a: the monster\n|-resisted|p2a: the monster\n|-damage|p2a: the monster|65\/100\n|\n|-heal|p1a: Shuckle Yeeeaaa|30\/100|[from] item: Leftovers\n|upkeep\n|turn|23\n|\n|t:|1699722367\n|move|p1a: Shuckle Yeeeaaa|Protect|p1a: Shuckle Yeeeaaa\n|-singleturn|p1a: Shuckle Yeeeaaa|Protect\n|move|p2a: the monster|Earthquake|p1a: Shuckle Yeeeaaa\n|-activate|p1a: Shuckle Yeeeaaa|move: Protect\n|\n|-heal|p1a: Shuckle Yeeeaaa|36\/100|[from] item: Leftovers\n|upkeep\n|turn|24\n|\n|t:|1699722377\n|switch|p1a: Speege McFast|Regieleki|100\/100\n|move|p2a: the monster|Earthquake|p1a: Speege McFast\n|-supereffective|p1a: Speege McFast\n|-damage|p1a: Speege McFast|0 fnt\n|faint|p1a: Speege McFast\n|\n|upkeep\n|c|\u2606Yosiah30|oh ok\n|\n|t:|1699722391\n|switch|p1a: Shuckle Yeeeaaa|Shuckle, M, shiny|36\/100\n|turn|25\n|\n|t:|1699722396\n|move|p2a: the monster|Earthquake|p1a: Shuckle Yeeeaaa\n|-damage|p1a: Shuckle Yeeeaaa|7\/100\n|move|p1a: Shuckle Yeeeaaa|Gyro Ball|p2a: the monster\n|-resisted|p2a: the monster\n|-damage|p2a: the monster|61\/100\n|\n|-heal|p1a: Shuckle Yeeeaaa|13\/100|[from] item: Leftovers\n|upkeep\n|turn|26\n|\n|t:|1699722403\n|move|p1a: Shuckle Yeeeaaa|Protect|p1a: Shuckle Yeeeaaa\n|-singleturn|p1a: Shuckle Yeeeaaa|Protect\n|move|p2a: the monster|Earthquake|p1a: Shuckle Yeeeaaa\n|-activate|p1a: Shuckle Yeeeaaa|move: Protect\n|\n|-heal|p1a: Shuckle Yeeeaaa|19\/100|[from] item: Leftovers\n|upkeep\n|turn|27\n|\n|t:|1699722413\n|move|p2a: the monster|Earthquake|p1a: Shuckle Yeeeaaa\n|-damage|p1a: Shuckle Yeeeaaa|0 fnt\n|faint|p1a: Shuckle Yeeeaaa\n|\n|upkeep\n|\n|t:|1699722417\n|switch|p1a: Bella|Houndstone, F|100\/100\n|turn|28\n|\n|t:|1699722425\n|move|p2a: the monster|Flip Turn|p1a: Bella\n|-damage|p1a: Bella|69\/100\n|\n|t:|1699722432\n|switch|p2a: HIM|Kingambit, M|100\/100|[from] Flip Turn\n|-damage|p2a: HIM|94\/100|[from] Stealth Rock\n|-damage|p2a: HIM|69\/100|[from] Spikes\n|-activate|p2a: HIM|ability: Supreme Overlord\n|-start|p2a: HIM|fallen4|[silent]\n|move|p1a: Bella|Sandstorm|p1a: Bella\n|-weather|Sandstorm\n|\n|-weather|Sandstorm|[upkeep]\n|-heal|p2a: HIM|76\/100|[from] item: Leftovers\n|upkeep\n|turn|29\n|\n|t:|1699722447\n|-terastallize|p1a: Bella|Ghost\n|move|p1a: Bella|Last Respects|p2a: HIM\n|-resisted|p2a: HIM\n|-damage|p2a: HIM|0 fnt\n|faint|p2a: HIM\n|-end|p2a: HIM|fallen4|[silent]\n|\n|-weather|Sandstorm|[upkeep]\n|upkeep\n|c|\u2606Yosiah30|GG\n|\n|t:|1699722455\n|switch|p2a: the monster|Swampert, M|61\/100\n|-damage|p2a: the monster|54\/100|[from] Stealth Rock\n|-damage|p2a: the monster|30\/100|[from] Spikes\n|turn|30\n|\n|t:|1699722468\n|detailschange|p2a: the monster|Swampert-Mega, M\n|-mega|p2a: the monster|Swampert|Swampertite\n|move|p1a: Bella|Last Respects|p2a: the monster\n|-damage|p2a: the monster|0 fnt\n|faint|p2a: the monster\n|\n|win|Yosiah30\n|raw|Yosiah30's rating: 1077 &rarr; <strong>1101<\/strong><br \/>(+24 for winning)\n|raw|ohkaden's rating: 1016 &rarr; <strong>1006<\/strong><br \/>(-10 for losing)\n|c|\u2606ohkaden|gg\n|l|\u2606ohkaden\n|c|\u2606Yosiah30|GGWP\n","uploadtime":1699722715,"views":6,"p1id":"yosiah30","p2id":"ohkaden","formatid":"gen9nationaldexubers","rating":1006,"private":0,"password":""}