{"id":"gen9nationaldexubers-1977823489","p1":"LUWITE","p2":"Neonecrozma504","format":"[Gen 9] National Dex Ubers","log":"|j|\u2606LUWITE\n|j|\u2606Neonecrozma504\n|t:|1698454002\n|gametype|singles\n|player|p1|LUWITE|supernerd|\n|player|p2|Neonecrozma504|colress|\n|teamsize|p1|6\n|teamsize|p2|6\n|gen|9\n|tier|[Gen 9] National Dex Ubers\n|rule|HP Percentage Mod: HP is shown in percentages\n|rule|Endless Battle Clause: Forcing endless battles is banned\n|rule|OHKO Clause: OHKO moves are banned\n|rule|Evasion Moves Clause: Evasion moves are banned\n|rule|Evasion Items Clause: Evasion items are banned\n|rule|Species Clause: Limit one of each Pok\u00e9mon\n|rule|Sleep Clause Mod: Limit one foe put to sleep\n|rule|Mega Rayquaza Clause: You cannot mega evolve Rayquaza\n|clearpoke\n|poke|p1|Giratina|\n|poke|p1|Zoroark-Hisui, M|\n|poke|p1|Galvantula, F|\n|poke|p1|Annihilape, M|\n|poke|p1|Alakazam, M|\n|poke|p1|Weavile, F|\n|poke|p2|Klefki, M|\n|poke|p2|Scizor, M|\n|poke|p2|Sableye, M|\n|poke|p2|Galvantula, F|\n|poke|p2|Necrozma-Dawn-Wings|\n|poke|p2|Giratina-Origin|\n|teampreview\n|j| Koopstrooper\n|\n|t:|1698454025\n|start\n|switch|p1a: Giratina|Giratina|100\/100\n|switch|p2a: yeah.|Galvantula, F|100\/100\n|turn|1\n|\n|t:|1698454038\n|move|p1a: Giratina|Trick|p2a: yeah.\n|-activate|p1a: Giratina|move: Trick|[of] p2a: yeah.\n|-item|p2a: yeah.|Choice Scarf|[from] move: Trick\n|-item|p1a: Giratina|Focus Sash|[from] move: Trick\n|move|p2a: yeah.|Volt Switch|p1a: Giratina\n|-damage|p1a: Giratina|43\/100\n|replace|p1a: Zoroark|Zoroark-Hisui, M\n|-end|p1a: Zoroark|Illusion\n|\n|t:|1698454050\n|switch|p2a: Meow.|Scizor, M|100\/100|[from] Volt Switch\n|\n|upkeep\n|turn|2\n|c|\u2606LUWITE|yeah.\n|\n|t:|1698454060\n|switch|p1a: Giratina|Giratina|100\/100\n|-ability|p1a: Giratina|Pressure\n|detailschange|p2a: Meow.|Scizor-Mega, M\n|-mega|p2a: Meow.|Scizor|Scizorite\n|move|p2a: Meow.|Bullet Punch|p1a: Giratina\n|-damage|p1a: Giratina|77\/100\n|\n|-heal|p1a: Giratina|83\/100|[from] item: Leftovers\n|upkeep\n|turn|3\n|\n|t:|1698454071\n|move|p1a: Giratina|Will-O-Wisp|p2a: Meow.\n|-status|p2a: Meow.|brn\n|move|p2a: Meow.|Knock Off|p1a: Giratina\n|-supereffective|p1a: Giratina\n|-damage|p1a: Giratina|57\/100\n|-enditem|p1a: Giratina|Leftovers|[from] move: Knock Off|[of] p2a: Meow.\n|\n|-damage|p2a: Meow.|94\/100 brn|[from] brn\n|upkeep\n|turn|4\n|j| Zzalen\n|\n|t:|1698454099\n|switch|p2a: heheheha|Sableye, M|100\/100\n|move|p1a: Giratina|Hex|p2a: heheheha\n|-damage|p2a: heheheha|66\/100\n|\n|-heal|p2a: heheheha|72\/100|[from] item: Leftovers\n|upkeep\n|turn|5\n|j| OneRandomMawile\n|\n|t:|1698454106\n|move|p2a: heheheha|Taunt|p1a: Giratina\n|-start|p1a: Giratina|move: Taunt\n|cant|p1a: Giratina|move: Taunt|Will-O-Wisp\n|\n|-heal|p2a: heheheha|78\/100|[from] item: Leftovers\n|upkeep\n|turn|6\n|\n|t:|1698454118\n|switch|p1a: Galvantula|Galvantula, F|100\/100\n|switch|p2a: omg is me|Necrozma-Dawn-Wings|100\/100\n|\n|upkeep\n|turn|7\n|\n|t:|1698454135\n|move|p1a: Galvantula|Leech Life|p2a: omg is me\n|-damage|p2a: omg is me|76\/100\n|move|p2a: omg is me|Autotomize|p2a: omg is me\n|-boost|p2a: omg is me|spe|2\n|-start|p2a: omg is me|Autotomize\n|\n|upkeep\n|turn|8\n|\n|t:|1698454153\n|move|p1a: Galvantula|Sucker Punch|p2a: omg is me\n|-supereffective|p2a: omg is me\n|-damage|p2a: omg is me|34\/100\n|-enditem|p2a: omg is me|Weakness Policy\n|-boost|p2a: omg is me|atk|2|[from] item: Weakness Policy\n|-boost|p2a: omg is me|spa|2|[from] item: Weakness Policy\n|move|p2a: omg is me|Moongeist Beam|p1a: Galvantula\n|-damage|p1a: Galvantula|0 fnt\n|faint|p1a: Galvantula\n|\n|upkeep\n|c|\u2606LUWITE|it didnt kill no\n|\n|t:|1698454183\n|switch|p1a: Weavile|Weavile, F|100\/100\n|turn|9\n|c| OneRandomMawile|I CALLED IT BTW\n|c| OneRandomMawile|I CALLED THE AUTOTOMIZE WP\n|c|\u2606Neonecrozma504|shut up\n|\n|t:|1698454236\n|move|p2a: omg is me|Signal Beam|p1a: Weavile\n|-supereffective|p1a: Weavile\n|-enditem|p1a: Weavile|Focus Sash\n|-damage|p1a: Weavile|1\/100\n|move|p1a: Weavile|Knock Off|p2a: omg is me\n|-supereffective|p2a: omg is me\n|-damage|p2a: omg is me|0 fnt\n|faint|p2a: omg is me\n|\n|upkeep\n|c|\u2606Neonecrozma504|you silly stupid\n|\n|t:|1698454246\n|switch|p2a: Meow.|Scizor-Mega, M|94\/100 brn\n|turn|10\n|\n|t:|1698454256\n|switch|p1a: Annihilape|Annihilape, M|100\/100\n|move|p2a: Meow.|Bullet Punch|p1a: Annihilape\n|-damage|p1a: Annihilape|83\/100\n|\n|-damage|p2a: Meow.|88\/100 brn|[from] brn\n|upkeep\n|turn|11\n|\n|t:|1698454264\n|move|p1a: Annihilape|Bulk Up|p1a: Annihilape\n|-boost|p1a: Annihilape|atk|1\n|-boost|p1a: Annihilape|def|1\n|move|p2a: Meow.|Swords Dance|p2a: Meow.\n|-boost|p2a: Meow.|atk|2\n|\n|-damage|p2a: Meow.|82\/100 brn|[from] brn\n|upkeep\n|turn|12\n|\n|t:|1698454271\n|switch|p2a: yeah.|Galvantula, F|100\/100\n|move|p1a: Annihilape|Bulk Up|p1a: Annihilape\n|-boost|p1a: Annihilape|atk|1\n|-boost|p1a: Annihilape|def|1\n|\n|upkeep\n|turn|13\n|\n|t:|1698454281\n|move|p2a: yeah.|Thunder|p1a: Annihilape\n|-damage|p1a: Annihilape|53\/100\n|-status|p1a: Annihilape|par\n|move|p1a: Annihilape|Bulk Up|p1a: Annihilape\n|-boost|p1a: Annihilape|atk|1\n|-boost|p1a: Annihilape|def|1\n|\n|upkeep\n|turn|14\n|\n|t:|1698454290\n|move|p2a: yeah.|Thunder|p1a: Annihilape\n|-damage|p1a: Annihilape|23\/100 par\n|move|p1a: Annihilape|Rest|p1a: Annihilape\n|-status|p1a: Annihilape|slp|[from] move: Rest\n|-heal|p1a: Annihilape|100\/100 slp|[silent]\n|-enditem|p1a: Annihilape|Chesto Berry|[eat]\n|-curestatus|p1a: Annihilape|slp|[msg]\n|\n|upkeep\n|turn|15\n|\n|t:|1698454296\n|move|p2a: yeah.|Thunder|p1a: Annihilape\n|-damage|p1a: Annihilape|71\/100\n|move|p1a: Annihilape|Rage Fist|p2a: yeah.\n|-damage|p2a: yeah.|0 fnt\n|faint|p2a: yeah.\n|\n|upkeep\n|c|\u2606LUWITE|oh boy\n|c| OneRandomMawile|Bro forgot about compound eyes\n|c|\u2606LUWITE|its scarf\n|\n|t:|1698454311\n|switch|p2a: I will hurt yoj|Klefki, M, shiny|100\/100\n|turn|16\n|\n|t:|1698454316\n|move|p2a: I will hurt yoj|Thunder Wave|p1a: Annihilape\n|-status|p1a: Annihilape|par\n|move|p1a: Annihilape|Rage Fist|p2a: I will hurt yoj\n|-damage|p2a: I will hurt yoj|0 fnt\n|faint|p2a: I will hurt yoj\n|\n|upkeep\n|\n|t:|1698454324\n|switch|p2a: heheheha|Sableye, M|78\/100\n|turn|17\n|\n|t:|1698454332\n|move|p2a: heheheha|Foul Play|p1a: Annihilape\n|-damage|p1a: Annihilape|34\/100 par\n|cant|p1a: Annihilape|par\n|\n|-heal|p2a: heheheha|85\/100|[from] item: Leftovers\n|upkeep\n|turn|18\n|c|\u2606LUWITE|ouch\n|\n|t:|1698454344\n|move|p2a: heheheha|Foul Play|p1a: Annihilape\n|-damage|p1a: Annihilape|0 fnt\n|faint|p1a: Annihilape\n|\n|-heal|p2a: heheheha|91\/100|[from] item: Leftovers\n|upkeep\n|\n|t:|1698454351\n|switch|p1a: Weavile|Weavile, F|1\/100\n|turn|19\n|j| AuroraTempest\n|\n|t:|1698454386\n|move|p1a: Weavile|Triple Axel|p2a: heheheha\n|-damage|p2a: heheheha|78\/100\n|-damage|p2a: heheheha|49\/100\n|-damage|p2a: heheheha|10\/100\n|-hitcount|p2a: heheheha|3\n|move|p2a: heheheha|Knock Off|p1a: Weavile\n|-resisted|p1a: Weavile\n|-damage|p1a: Weavile|0 fnt\n|faint|p1a: Weavile\n|\n|-heal|p2a: heheheha|16\/100|[from] item: Leftovers\n|upkeep\n|\n|t:|1698454399\n|switch|p1a: Alakazam|Alakazam, M|100\/100\n|turn|20\n|\n|t:|1698454446\n|detailschange|p1a: Alakazam|Alakazam-Mega, M\n|-mega|p1a: Alakazam|Alakazam|Alakazite\n|-ability|p1a: Alakazam|Prankster|[from] ability: Trace|[of] p2a: heheheha\n|move|p2a: heheheha|Taunt|p1a: Alakazam\n|-start|p1a: Alakazam|move: Taunt\n|move|p1a: Alakazam|Shadow Ball|p2a: heheheha\n|-damage|p2a: heheheha|0 fnt\n|faint|p2a: heheheha\n|\n|upkeep\n|\n|t:|1698454455\n|switch|p2a: hey vsauce|Giratina-Origin, shiny|100\/100\n|turn|21\n|\n|t:|1698454460\n|move|p2a: hey vsauce|Shadow Sneak|p1a: Alakazam\n|-supereffective|p1a: Alakazam\n|-damage|p1a: Alakazam|29\/100\n|move|p1a: Alakazam|Shadow Ball|p2a: hey vsauce\n|-supereffective|p2a: hey vsauce\n|-damage|p2a: hey vsauce|52\/100\n|\n|upkeep\n|turn|22\n|\n|t:|1698454467\n|switch|p1a: Alakazam|Alakazam-Mega, M|43\/100\n|move|p2a: hey vsauce|Shadow Sneak|p1a: Alakazam\n|-immune|p1a: Alakazam\n|\n|upkeep\n|turn|23\n|\n|t:|1698454474\n|move|p1a: Alakazam|Shadow Ball|p2a: hey vsauce\n|-supereffective|p2a: hey vsauce\n|-damage|p2a: hey vsauce|0 fnt\n|faint|p2a: hey vsauce\n|\n|upkeep\n|\n|t:|1698454476\n|switch|p2a: Meow.|Scizor-Mega, M|82\/100 brn\n|turn|24\n|\n|t:|1698454484\n|move|p2a: Meow.|Bullet Punch|p1a: Alakazam\n|-damage|p1a: Alakazam|0 fnt\n|replace|p1a: Zoroark|Zoroark-Hisui, M\n|-end|p1a: Zoroark|Illusion\n|faint|p1a: Zoroark\n|\n|-damage|p2a: Meow.|76\/100 brn|[from] brn\n|upkeep\n|\n|t:|1698454488\n|switch|p1a: Giratina|Giratina|57\/100\n|-ability|p1a: Giratina|Pressure\n|turn|25\n|\n|t:|1698454491\n|move|p1a: Giratina|Hex|p2a: Meow.\n|-damage|p2a: Meow.|12\/100 brn\n|move|p2a: Meow.|Swords Dance|p2a: Meow.\n|-boost|p2a: Meow.|atk|2\n|\n|-damage|p2a: Meow.|6\/100 brn|[from] brn\n|upkeep\n|turn|26\n|\n|t:|1698454495\n|move|p1a: Giratina|Protect|p1a: Giratina\n|-singleturn|p1a: Giratina|Protect\n|move|p2a: Meow.|Knock Off|p1a: Giratina\n|-activate|p1a: Giratina|move: Protect\n|\n|-damage|p2a: Meow.|0 fnt|[from] brn\n|faint|p2a: Meow.\n|\n|win|LUWITE\n|upkeep\n|l|\u2606Neonecrozma504\n|c|\u2606LUWITE|ggs\n|l| Koopstrooper\n|c| AuroraTempest|hey vsauce, satan here\n","uploadtime":1698454526,"views":7,"p1id":"luwite","p2id":"neonecrozma504","formatid":"gen9nationaldexubers","rating":0,"private":0,"password":""}