{"id":"gen9nationaldexubers-1999571514","p1":"Razorgliscor472","p2":"ANinjaDude","format":"[Gen 9] National Dex Ubers","log":"|j|\u2606Razorgliscor472\n|j|\u2606ANinjaDude\n|t:|1701097319\n|gametype|singles\n|player|p1|Razorgliscor472|170|\n|player|p2|ANinjaDude|volkner|\n|teamsize|p1|6\n|teamsize|p2|6\n|gen|9\n|tier|[Gen 9] National Dex Ubers\n|rule|HP Percentage Mod: HP is shown in percentages\n|rule|Endless Battle Clause: Forcing endless battles is banned\n|rule|OHKO Clause: OHKO moves are banned\n|rule|Evasion Moves Clause: Evasion moves are banned\n|rule|Evasion Items Clause: Evasion items are banned\n|rule|Species Clause: Limit one of each Pok\u00e9mon\n|rule|Sleep Clause Mod: Limit one foe put to sleep\n|rule|Mega Rayquaza Clause: You cannot mega evolve Rayquaza\n|clearpoke\n|poke|p1|Gliscor, M|\n|poke|p1|Tyranitar, F|\n|poke|p1|Rotom-Wash|\n|poke|p1|Serperior, F|\n|poke|p1|Tapu Lele|\n|poke|p1|Gholdengo|\n|poke|p2|Aerodactyl, F|\n|poke|p2|Dragonite, F|\n|poke|p2|Celesteela|\n|poke|p2|Landorus-Therian, M|\n|poke|p2|Moltres-Galar|\n|poke|p2|Volcarona, F|\n|teampreview\n|inactive|Battle timer is ON: inactive players will automatically lose when time's up. (requested by ANinjaDude)\n|c|\u2606ANinjaDude|glhf\n|c|\u2606Razorgliscor472|Glhf\n|\n|t:|1701097338\n|start\n|switch|p1a: Rotom|Rotom-Wash|100\/100\n|switch|p2a: Aerodactyl|Aerodactyl, F|100\/100\n|-ability|p2a: Aerodactyl|Unnerve\n|turn|1\n|\n|t:|1701097353\n|move|p2a: Aerodactyl|Taunt|p1a: Rotom\n|-start|p1a: Rotom|move: Taunt\n|move|p1a: Rotom|Hydro Pump|p2a: Aerodactyl\n|-supereffective|p2a: Aerodactyl\n|-enditem|p2a: Aerodactyl|Focus Sash\n|-damage|p2a: Aerodactyl|1\/100\n|\n|upkeep\n|turn|2\n|\n|t:|1701097358\n|move|p2a: Aerodactyl|Stealth Rock|p1a: Rotom\n|-sidestart|p1: Razorgliscor472|move: Stealth Rock\n|move|p1a: Rotom|Volt Switch|p2a: Aerodactyl\n|-supereffective|p2a: Aerodactyl\n|-damage|p2a: Aerodactyl|0 fnt\n|faint|p2a: Aerodactyl\n|\n|t:|1701097372\n|switch|p1a: Serperior|Serperior, F|100\/100|[from] Volt Switch\n|-damage|p1a: Serperior|88\/100|[from] Stealth Rock\n|\n|-heal|p1a: Serperior|94\/100|[from] item: Leftovers\n|upkeep\n|\n|t:|1701097383\n|switch|p2a: Dragonite|Dragonite, F|100\/100\n|turn|3\n|\n|t:|1701097389\n|move|p1a: Serperior|Glare|p2a: Dragonite\n|-status|p2a: Dragonite|par\n|move|p2a: Dragonite|Dragon Dance|p2a: Dragonite\n|-boost|p2a: Dragonite|atk|1\n|-boost|p2a: Dragonite|spe|1\n|\n|-heal|p1a: Serperior|100\/100|[from] item: Leftovers\n|upkeep\n|turn|4\n|\n|t:|1701097395\n|move|p1a: Serperior|Leaf Storm|p2a: Dragonite\n|-resisted|p2a: Dragonite\n|-damage|p2a: Dragonite|94\/100 par\n|-boost|p1a: Serperior|spa|2\n|move|p2a: Dragonite|Dragon Dance|p2a: Dragonite\n|-boost|p2a: Dragonite|atk|1\n|-boost|p2a: Dragonite|spe|1\n|\n|upkeep\n|turn|5\n|\n|t:|1701097415\n|cant|p2a: Dragonite|par\n|move|p1a: Serperior|Leaf Storm|p2a: Dragonite\n|-resisted|p2a: Dragonite\n|-damage|p2a: Dragonite|69\/100 par\n|-boost|p1a: Serperior|spa|2\n|\n|upkeep\n|turn|6\n|\n|t:|1701097422\n|cant|p2a: Dragonite|par\n|move|p1a: Serperior|Hidden Power|p2a: Dragonite\n|-damage|p2a: Dragonite|22\/100 par\n|\n|upkeep\n|turn|7\n|c|\u2606ANinjaDude|please die\n|\n|t:|1701097424\n|cant|p2a: Dragonite|par\n|move|p1a: Serperior|Hidden Power|p2a: Dragonite\n|-crit|p2a: Dragonite\n|-damage|p2a: Dragonite|0 fnt\n|faint|p2a: Dragonite\n|\n|upkeep\n|c|\u2606Razorgliscor472|LMAO\n|c|\u2606ANinjaDude|bruh\n|c|\u2606Razorgliscor472|Ive had worse before\n|\n|t:|1701097434\n|switch|p2a: Moltres|Moltres-Galar|100\/100\n|turn|8\n|c|\u2606Razorgliscor472|Somehow\n|\n|t:|1701097438\n|move|p1a: Serperior|Hidden Power|p2a: Moltres\n|-supereffective|p2a: Moltres\n|-damage|p2a: Moltres|18\/100\n|-enditem|p2a: Moltres|Weakness Policy\n|-boost|p2a: Moltres|atk|2|[from] item: Weakness Policy\n|-boost|p2a: Moltres|spa|2|[from] item: Weakness Policy\n|-ability|p2a: Moltres|Berserk|boost\n|-boost|p2a: Moltres|spa|1\n|move|p2a: Moltres|Hurricane|p1a: Serperior|[miss]\n|-miss|p2a: Moltres|p1a: Serperior\n|\n|upkeep\n|turn|9\n|c|\u2606ANinjaDude|ive lost\n|c|\u2606ANinjaDude|fuck my life\n|\n|t:|1701097452\n|move|p1a: Serperior|Hidden Power|p2a: Moltres\n|-supereffective|p2a: Moltres\n|-damage|p2a: Moltres|0 fnt\n|faint|p2a: Moltres\n|\n|upkeep\n|\n|t:|1701097455\n|switch|p2a: Celesteela|Celesteela|100\/100\n|turn|10\n|c|\u2606Razorgliscor472|Ive had 5 full.paras in a row before\n|c|\u2606Razorgliscor472|So i guess payback?\n|c|\u2606Razorgliscor472|Idk why its on you tho\n|\n|t:|1701097480\n|move|p1a: Serperior|Hidden Power|p2a: Celesteela\n|-supereffective|p2a: Celesteela\n|-damage|p2a: Celesteela|13\/100\n|move|p2a: Celesteela|Autotomize|p2a: Celesteela\n|-boost|p2a: Celesteela|spe|2\n|-start|p2a: Celesteela|Autotomize\n|\n|upkeep\n|turn|11\n|\n|t:|1701097489\n|move|p2a: Celesteela|Flamethrower|p1a: Serperior\n|-supereffective|p1a: Serperior\n|-damage|p1a: Serperior|24\/100\n|move|p1a: Serperior|Hidden Power|p2a: Celesteela\n|-supereffective|p2a: Celesteela\n|-crit|p2a: Celesteela\n|-damage|p2a: Celesteela|0 fnt\n|faint|p2a: Celesteela\n|\n|-heal|p1a: Serperior|30\/100|[from] item: Leftovers\n|upkeep\n|\n|t:|1701097494\n|switch|p2a: Landorus|Landorus-Therian, M|100\/100\n|-ability|p2a: Landorus|Intimidate|boost\n|-boost|p1a: Serperior|atk|1\n|turn|12\n|\n|t:|1701097499\n|move|p1a: Serperior|Leaf Storm|p2a: Landorus\n|-damage|p2a: Landorus|0 fnt\n|-boost|p1a: Serperior|spa|2\n|faint|p2a: Landorus\n|\n|-heal|p1a: Serperior|36\/100|[from] item: Leftovers\n|upkeep\n|\n|t:|1701097502\n|switch|p2a: Volcarona|Volcarona, F|100\/100\n|turn|13\n|\n|t:|1701097505\n|move|p1a: Serperior|Glare|p2a: Volcarona\n|-status|p2a: Volcarona|par\n|cant|p2a: Volcarona|par\n|\n|-heal|p1a: Serperior|42\/100|[from] item: Leftovers\n|upkeep\n|turn|14\n|\n|t:|1701097510\n|-terastallize|p1a: Serperior|Electric\n|move|p1a: Serperior|Hidden Power|p2a: Volcarona\n|-damage|p2a: Volcarona|16\/100 par\n|move|p2a: Volcarona|Quiver Dance|p2a: Volcarona\n|-boost|p2a: Volcarona|spa|1\n|-boost|p2a: Volcarona|spd|1\n|-boost|p2a: Volcarona|spe|1\n|\n|-heal|p1a: Serperior|48\/100|[from] item: Leftovers\n|upkeep\n|turn|15\n|-message|ANinjaDude forfeited.\n|\n|win|Razorgliscor472\n|c|\u2606ANinjaDude|fuck my life\n|c|\u2606ANinjaDude|fucking goddamn hell\n","uploadtime":1701097523,"views":3,"p1id":"razorgliscor472","p2id":"aninjadude","formatid":"gen9nationaldexubers","rating":0,"private":0,"password":""}