{"id":"gen9nationaldexubers-1978392991","p1":"SHANR","p2":"aguinaldo124","format":"[Gen 9] National Dex Ubers","log":"|j|\u2606SHANR\n|j|\u2606aguinaldo124\n|t:|1698533151\n|gametype|singles\n|player|p1|SHANR|102|1012\n|player|p2|aguinaldo124|red|1091\n|teamsize|p1|6\n|teamsize|p2|6\n|gen|9\n|tier|[Gen 9] National Dex Ubers\n|rated|\n|rule|HP Percentage Mod: HP is shown in percentages\n|rule|Endless Battle Clause: Forcing endless battles is banned\n|rule|OHKO Clause: OHKO moves are banned\n|rule|Evasion Moves Clause: Evasion moves are banned\n|rule|Evasion Items Clause: Evasion items are banned\n|rule|Species Clause: Limit one of each Pok\u00e9mon\n|rule|Sleep Clause Mod: Limit one foe put to sleep\n|rule|Mega Rayquaza Clause: You cannot mega evolve Rayquaza\n|clearpoke\n|poke|p1|Escavalier, M|\n|poke|p1|Ceruledge, M|\n|poke|p1|Ursaring, M|\n|poke|p1|Scream Tail|\n|poke|p1|Pinsir, F|\n|poke|p1|Goodra, F|\n|poke|p2|Smeargle, F|\n|poke|p2|Great Tusk|\n|poke|p2|Chansey, F|\n|poke|p2|Salamence, M|\n|poke|p2|Iron Bundle|\n|poke|p2|Kingambit, F|\n|teampreview\n|inactive|Battle timer is ON: inactive players will automatically lose when time's up. (requested by aguinaldo124)\n|\n|t:|1698533163\n|start\n|switch|p1a: Squishmallow|Scream Tail, shiny|100\/100\n|switch|p2a: Hazards\ud83d\ude31|Smeargle, F|100\/100\n|-enditem|p1a: Squishmallow|Booster Energy\n|-activate|p1a: Squishmallow|ability: Protosynthesis|[fromitem]\n|-start|p1a: Squishmallow|protosynthesisspe\n|turn|1\n|\n|t:|1698533172\n|move|p1a: Squishmallow|Light Screen|p1a: Squishmallow\n|-sidestart|p1: SHANR|move: Light Screen\n|move|p2a: Hazards\ud83d\ude31|Sticky Web|p1a: Squishmallow\n|-sidestart|p1: SHANR|move: Sticky Web\n|\n|-ability|p2a: Hazards\ud83d\ude31|Moody|boost\n|-boost|p2a: Hazards\ud83d\ude31|def|2\n|-unboost|p2a: Hazards\ud83d\ude31|atk|1\n|upkeep\n|turn|2\n|\n|t:|1698533181\n|move|p1a: Squishmallow|Reflect|p1a: Squishmallow\n|-sidestart|p1: SHANR|Reflect\n|move|p2a: Hazards\ud83d\ude31|Nuzzle|p1a: Squishmallow\n|-damage|p1a: Squishmallow|99\/100\n|-status|p1a: Squishmallow|par\n|\n|-ability|p2a: Hazards\ud83d\ude31|Moody|boost\n|-boost|p2a: Hazards\ud83d\ude31|def|2\n|-unboost|p2a: Hazards\ud83d\ude31|atk|1\n|upkeep\n|turn|3\n|\n|t:|1698533192\n|-end|p1a: Squishmallow|Protosynthesis|[silent]\n|switch|p1a: Good raa|Goodra, F, shiny|100\/100\n|-activate|p1a: Good raa|move: Sticky Web\n|-unboost|p1a: Good raa|spe|1\n|move|p2a: Hazards\ud83d\ude31|Stealth Rock|p1a: Good raa\n|-sidestart|p1: SHANR|move: Stealth Rock\n|\n|-ability|p2a: Hazards\ud83d\ude31|Moody|boost\n|-boost|p2a: Hazards\ud83d\ude31|spa|2\n|-unboost|p2a: Hazards\ud83d\ude31|atk|1\n|upkeep\n|turn|4\n|\n|t:|1698533216\n|move|p2a: Hazards\ud83d\ude31|Nuzzle|p1a: Good raa\n|-resisted|p1a: Good raa\n|-damage|p1a: Good raa|99\/100\n|-status|p1a: Good raa|par\n|cant|p1a: Good raa|par\n|\n|-ability|p2a: Hazards\ud83d\ude31|Moody|boost\n|-boost|p2a: Hazards\ud83d\ude31|spd|2\n|-unboost|p2a: Hazards\ud83d\ude31|spa|1\n|upkeep\n|turn|5\n|\n|t:|1698533229\n|move|p2a: Hazards\ud83d\ude31|Parting Shot|p1a: Good raa\n|-unboost|p1a: Good raa|atk|1\n|-unboost|p1a: Good raa|spa|1\n|\n|t:|1698533239\n|switch|p2a: AAAAAAAUUUGH|Salamence, M|100\/100|[from] Parting Shot\n|cant|p1a: Good raa|par\n|\n|-sideend|p1: SHANR|move: Light Screen\n|upkeep\n|turn|6\n|inactive|SHANR has 120 seconds left.\n|\n|t:|1698533276\n|move|p2a: AAAAAAAUUUGH|Substitute|p2a: AAAAAAAUUUGH\n|-start|p2a: AAAAAAAUUUGH|Substitute\n|-damage|p2a: AAAAAAAUUUGH|75\/100\n|move|p1a: Good raa|Dragon Pulse|p2a: AAAAAAAUUUGH\n|-supereffective|p2a: AAAAAAAUUUGH\n|-end|p2a: AAAAAAAUUUGH|Substitute\n|\n|-heal|p2a: AAAAAAAUUUGH|82\/100|[from] item: Leftovers\n|-sideend|p1: SHANR|Reflect\n|upkeep\n|turn|7\n|\n|t:|1698533287\n|-terastallize|p2a: AAAAAAAUUUGH|Fire\n|move|p2a: AAAAAAAUUUGH|Substitute|p2a: AAAAAAAUUUGH\n|-start|p2a: AAAAAAAUUUGH|Substitute\n|-damage|p2a: AAAAAAAUUUGH|57\/100\n|move|p1a: Good raa|Dragon Pulse|p2a: AAAAAAAUUUGH\n|-end|p2a: AAAAAAAUUUGH|Substitute\n|\n|-heal|p2a: AAAAAAAUUUGH|63\/100|[from] item: Leftovers\n|upkeep\n|turn|8\n|inactive|SHANR has 120 seconds left.\n|\n|t:|1698533298\n|move|p2a: AAAAAAAUUUGH|Dragon Dance|p2a: AAAAAAAUUUGH\n|-boost|p2a: AAAAAAAUUUGH|atk|1\n|-boost|p2a: AAAAAAAUUUGH|spe|1\n|cant|p1a: Good raa|par\n|\n|-heal|p2a: AAAAAAAUUUGH|69\/100|[from] item: Leftovers\n|upkeep\n|turn|9\n|\n|t:|1698533309\n|move|p2a: AAAAAAAUUUGH|Dragon Dance|p2a: AAAAAAAUUUGH\n|-boost|p2a: AAAAAAAUUUGH|atk|1\n|-boost|p2a: AAAAAAAUUUGH|spe|1\n|move|p1a: Good raa|Muddy Water|p2a: AAAAAAAUUUGH\n|-supereffective|p2a: AAAAAAAUUUGH\n|-crit|p2a: AAAAAAAUUUGH\n|-damage|p2a: AAAAAAAUUUGH|0 fnt\n|faint|p2a: AAAAAAAUUUGH\n|\n|upkeep\n|\n|t:|1698533322\n|switch|p2a: Delibird-kanto|Iron Bundle|100\/100\n|-enditem|p2a: Delibird-kanto|Booster Energy\n|-activate|p2a: Delibird-kanto|ability: Quark Drive|[fromitem]\n|-start|p2a: Delibird-kanto|quarkdrivespe\n|turn|10\n|inactive|SHANR has 120 seconds left.\n|\n|t:|1698533351\n|move|p2a: Delibird-kanto|Ice Beam|p1a: Good raa\n|-supereffective|p1a: Good raa\n|-damage|p1a: Good raa|55\/100 par\n|-enditem|p1a: Good raa|Weakness Policy\n|-boost|p1a: Good raa|atk|2|[from] item: Weakness Policy\n|-boost|p1a: Good raa|spa|2|[from] item: Weakness Policy\n|cant|p1a: Good raa|par\n|\n|upkeep\n|turn|11\n|inactive|SHANR has 120 seconds left.\n|\n|t:|1698533359\n|move|p2a: Delibird-kanto|Ice Beam|p1a: Good raa\n|-supereffective|p1a: Good raa\n|-damage|p1a: Good raa|5\/100 par\n|cant|p1a: Good raa|par\n|\n|upkeep\n|turn|12\n|\n|t:|1698533367\n|move|p2a: Delibird-kanto|Flip Turn|p1a: Good raa\n|-resisted|p1a: Good raa\n|-damage|p1a: Good raa|0 fnt\n|faint|p1a: Good raa\n|\n|t:|1698533372\n|-end|p2a: Delibird-kanto|Quark Drive|[silent]\n|switch|p2a: Hazards\ud83d\ude31|Smeargle, F|100\/100|[from] Flip Turn\n|\n|-ability|p2a: Hazards\ud83d\ude31|Moody|boost\n|-boost|p2a: Hazards\ud83d\ude31|spe|2\n|-unboost|p2a: Hazards\ud83d\ude31|atk|1\n|upkeep\n|inactive|SHANR has 120 seconds left.\n|\n|t:|1698533391\n|switch|p1a: Shrek|Ursaring, M, shiny|100\/100\n|-activate|p1a: Shrek|move: Sticky Web\n|-unboost|p1a: Shrek|spe|1\n|-damage|p1a: Shrek|88\/100|[from] Stealth Rock\n|turn|13\n|\n|t:|1698533400\n|move|p2a: Hazards\ud83d\ude31|Nuzzle|p1a: Shrek\n|-damage|p1a: Shrek|87\/100\n|-status|p1a: Shrek|par\n|move|p1a: Shrek|Return|p2a: Hazards\ud83d\ude31\n|-enditem|p2a: Hazards\ud83d\ude31|Focus Sash\n|-damage|p2a: Hazards\ud83d\ude31|1\/100\n|\n|-ability|p2a: Hazards\ud83d\ude31|Moody|boost\n|-boost|p2a: Hazards\ud83d\ude31|atk|2\n|-unboost|p2a: Hazards\ud83d\ude31|def|1\n|upkeep\n|turn|14\n|\n|t:|1698533412\n|move|p2a: Hazards\ud83d\ude31|Parting Shot|p1a: Shrek\n|-unboost|p1a: Shrek|atk|1\n|-unboost|p1a: Shrek|spa|1\n|\n|t:|1698533416\n|switch|p2a: Bulky ass|Great Tusk|100\/100|[from] Parting Shot\n|-enditem|p2a: Bulky ass|Booster Energy\n|-activate|p2a: Bulky ass|ability: Protosynthesis|[fromitem]\n|-start|p2a: Bulky ass|protosynthesisdef\n|move|p1a: Shrek|Trailblaze|p2a: Bulky ass\n|-supereffective|p2a: Bulky ass\n|-damage|p2a: Bulky ass|92\/100\n|-boost|p1a: Shrek|spe|1\n|\n|upkeep\n|turn|15\n|\n|t:|1698533428\n|move|p1a: Shrek|Return|p2a: Bulky ass\n|-damage|p2a: Bulky ass|79\/100\n|move|p2a: Bulky ass|Knock Off|p1a: Shrek\n|-damage|p1a: Shrek|63\/100 par\n|-enditem|p1a: Shrek|Eviolite|[from] move: Knock Off|[of] p2a: Bulky ass\n|\n|upkeep\n|turn|16\n|c|\u2606aguinaldo124|This thing has a evolution??\n|\n|t:|1698533449\n|switch|p1a: Ceruledge|Ceruledge, M, shiny|100\/100\n|-activate|p1a: Ceruledge|move: Sticky Web\n|-unboost|p1a: Ceruledge|spe|1\n|-damage|p1a: Ceruledge|75\/100|[from] Stealth Rock\n|move|p2a: Bulky ass|Headlong Rush|p1a: Ceruledge\n|-supereffective|p1a: Ceruledge\n|-damage|p1a: Ceruledge|0 fnt\n|-unboost|p2a: Bulky ass|def|1\n|-unboost|p2a: Bulky ass|spd|1\n|faint|p1a: Ceruledge\n|\n|upkeep\n|-message|SHANR forfeited.\n|\n|win|aguinaldo124\n|raw|SHANR's rating: 1012 &rarr; <strong>1003<\/strong><br \/>(-9 for losing)\n|raw|aguinaldo124's rating: 1091 &rarr; <strong>1111<\/strong><br \/>(+20 for winning)\n|l|\u2606SHANR\n|c|\u2606aguinaldo124|Ok?\n|c|\u2606aguinaldo124|Gg\n","uploadtime":1698533467,"views":8,"p1id":"shanr","p2id":"aguinaldo124","formatid":"gen9nationaldexubers","rating":1003,"private":0,"password":""}