{"id":"gen9nationaldexubers-1993118104","p1":"omg real exe","p2":"FierceFlamethrower","format":"[Gen 9] National Dex Ubers","log":"|j|\u2606omg real exe\n|j|\u2606FierceFlamethrower\n|t:|1700266885\n|gametype|singles\n|player|p1|omg real exe|unknown|\n|player|p2|FierceFlamethrower|170|\n|teamsize|p1|6\n|teamsize|p2|6\n|gen|9\n|tier|[Gen 9] National Dex Ubers\n|rule|HP Percentage Mod: HP is shown in percentages\n|rule|Endless Battle Clause: Forcing endless battles is banned\n|rule|OHKO Clause: OHKO moves are banned\n|rule|Evasion Moves Clause: Evasion moves are banned\n|rule|Evasion Items Clause: Evasion items are banned\n|rule|Species Clause: Limit one of each Pok\u00e9mon\n|rule|Sleep Clause Mod: Limit one foe put to sleep\n|rule|Mega Rayquaza Clause: You cannot mega evolve Rayquaza\n|clearpoke\n|poke|p1|Flutter Mane|\n|poke|p1|Groudon|\n|poke|p1|Scream Tail|\n|poke|p1|Roaring Moon|\n|poke|p1|Rhydon, F|\n|poke|p1|Chi-Yu|\n|poke|p2|Abomasnow, F|\n|poke|p2|Nidoqueen, F|\n|poke|p2|Reshiram|\n|poke|p2|Lucario, F|\n|poke|p2|Chien-Pao|\n|poke|p2|Chimecho, F|\n|teampreview\n|j| ElevatedGodlyness\n|c|\u2606FierceFlamethrower|hf\n|inactive|Battle timer is ON: inactive players will automatically lose when time's up. (requested by omg real exe)\n|inactiveoff|Battle timer is now OFF.\n|j| The Generates\n|c| The Generates|hi\n|\n|t:|1700267103\n|start\n|switch|p1a: Chi-Yu|Chi-Yu|100\/100\n|switch|p2a: Chien-Pao|Chien-Pao|100\/100\n|-ability|p2a: Chien-Pao|Sword of Ruin\n|-ability|p1a: Chi-Yu|Beads of Ruin\n|turn|1\n|j| The Prime Mime\n|\n|t:|1700267172\n|move|p2a: Chien-Pao|Sacred Sword|p1a: Chi-Yu\n|-supereffective|p1a: Chi-Yu\n|-damage|p1a: Chi-Yu|0 fnt\n|faint|p1a: Chi-Yu\n|\n|upkeep\n|\n|t:|1700267201\n|switch|p1a: Flutter Mane|Flutter Mane|100\/100\n|turn|2\n|c| The Prime Mime|exe\n|c| The Prime Mime|didnt u see the abilites\n|c|\u2606omg real exe|i stayed in cuz i was scarf\n|c|\u2606omg real exe|but we're both scarf so\n|c| The Prime Mime|the abilties\n|\n|t:|1700267272\n|switch|p2a: Nidoqueen|Nidoqueen, F|100\/100\n|move|p1a: Flutter Mane|Shadow Ball|p2a: Nidoqueen\n|-damage|p2a: Nidoqueen|69\/100\n|\n|upkeep\n|turn|3\n|c| The Prime Mime|his went first\n|c| The Prime Mime|so he was faster\n|c| The Prime Mime|u got to be more aware exe\n|c| The Prime Mime|surprised ur lacking today\n|c|\u2606omg real exe|does scarf actually apply there\n|c| The Prime Mime|compared to previous matches\n|c| The Prime Mime|yes\n|c| The Generates|yea it does\n|c|\u2606omg real exe|alr\n|\n|t:|1700267326\n|move|p1a: Flutter Mane|Substitute|p1a: Flutter Mane\n|-start|p1a: Flutter Mane|Substitute\n|-damage|p1a: Flutter Mane|76\/100\n|move|p2a: Nidoqueen|Toxic Spikes|p1a: Flutter Mane\n|-sidestart|p1: omg real exe|move: Toxic Spikes\n|\n|upkeep\n|turn|4\n|c| The Prime Mime|its joever\n|\n|t:|1700267337\n|move|p1a: Flutter Mane|Shadow Ball|p2a: Nidoqueen\n|-damage|p2a: Nidoqueen|39\/100\n|move|p2a: Nidoqueen|Earthquake|p1a: Flutter Mane\n|-end|p1a: Flutter Mane|Substitute\n|\n|upkeep\n|turn|5\n|c| The Prime Mime|nvm\n|c| The Prime Mime|fierce this better be rivary\n|c|\u2606omg real exe|that doesn't do shit\n|c| The Prime Mime|rhydon\n|c| The Prime Mime|trust\n|c|\u2606omg real exe|sheer force earth power would be better\n|c| The Prime Mime|hes using eq as seen here\n|\n|t:|1700267409\n|-end|p1a: Flutter Mane|Protosynthesis|[silent]\n|switch|p1a: Scream Tail|Scream Tail|100\/100\n|-status|p1a: Scream Tail|psn\n|move|p2a: Nidoqueen|Earthquake|p1a: Scream Tail\n|-damage|p1a: Scream Tail|76\/100 psn\n|\n|-damage|p1a: Scream Tail|63\/100 psn|[from] psn\n|upkeep\n|turn|6\n|\n|t:|1700267428\n|-end|p1a: Scream Tail|Protosynthesis|[silent]\n|switch|p1a: Groudon|Groudon|100\/100\n|-status|p1a: Groudon|psn\n|-weather|SunnyDay|[from] ability: Drought|[of] p1a: Groudon\n|move|p2a: Nidoqueen|Stealth Rock|p1a: Groudon\n|-sidestart|p1: omg real exe|move: Stealth Rock\n|\n|-weather|SunnyDay|[upkeep]\n|-damage|p1a: Groudon|88\/100 psn|[from] psn\n|upkeep\n|turn|7\n|c| The Prime Mime|fierce going crazy\n|\n|t:|1700267444\n|move|p1a: Groudon|Heat Crash|p2a: Nidoqueen\n|-damage|p2a: Nidoqueen|0 fnt\n|faint|p2a: Nidoqueen\n|\n|-weather|SunnyDay|[upkeep]\n|-damage|p1a: Groudon|76\/100 psn|[from] psn\n|upkeep\n|\n|t:|1700267532\n|switch|p2a: Chien-Pao|Chien-Pao|100\/100\n|-ability|p2a: Chien-Pao|Sword of Ruin\n|turn|8\n|\n|t:|1700267612\n|switch|p1a: Scream Tail|Scream Tail|63\/100 psn\n|-damage|p1a: Scream Tail|51\/100 psn|[from] Stealth Rock\n|-activate|p1a: Scream Tail|ability: Protosynthesis\n|-start|p1a: Scream Tail|protosynthesisspd\n|move|p2a: Chien-Pao|Icicle Crash|p1a: Scream Tail\n|-damage|p1a: Scream Tail|9\/100 psn\n|\n|-weather|SunnyDay|[upkeep]\n|-damage|p1a: Scream Tail|0 fnt|[from] psn\n|faint|p1a: Scream Tail\n|-end|p1a: Scream Tail|Protosynthesis|[silent]\n|upkeep\n|\n|t:|1700267618\n|switch|p1a: Rhydon|Rhydon, F|100\/100\n|-status|p1a: Rhydon|psn\n|-damage|p1a: Rhydon|94\/100 psn|[from] Stealth Rock\n|turn|9\n|\n|t:|1700267630\n|switch|p2a: Chimecho|Chimecho, F|100\/100\n|-terastallize|p1a: Rhydon|Water\n|move|p1a: Rhydon|Stealth Rock|p2a: Chimecho\n|-sidestart|p2: FierceFlamethrower|move: Stealth Rock\n|\n|-weather|SunnyDay|[upkeep]\n|-damage|p1a: Rhydon|82\/100 psn|[from] psn\n|upkeep\n|turn|10\n|c| The Prime Mime|wtf\n|c| The Prime Mime|exe\n|c| The Prime Mime|nvm\n|c| The Prime Mime|thats ur only\n|c| The Prime Mime|fair enough\n|\n|t:|1700267663\n|switch|p1a: Flutter Mane|Flutter Mane|76\/100\n|-activate|p1a: Flutter Mane|ability: Protosynthesis\n|-start|p1a: Flutter Mane|protosynthesisspe\n|move|p2a: Chimecho|Cosmic Power|p2a: Chimecho\n|-boost|p2a: Chimecho|def|1\n|-boost|p2a: Chimecho|spd|1\n|\n|-weather|none\n|-end|p1a: Flutter Mane|Protosynthesis\n|upkeep\n|turn|11\n|c| The Generates|scarf pao makes sense tho\n|c| The Generates|for fluttermane yea\n|c| The Prime Mime|ik\n|c| The Prime Mime|cosmic power\n|c| The Prime Mime|watch this be weakness\n|\n|t:|1700267682\n|-terastallize|p2a: Chimecho|Fairy\n|move|p1a: Flutter Mane|Taunt|p2a: Chimecho\n|-start|p2a: Chimecho|move: Taunt\n|-enditem|p2a: Chimecho|Mental Herb\n|-end|p2a: Chimecho|move: Taunt\n|move|p2a: Chimecho|Stored Power|p1a: Flutter Mane\n|-crit|p1a: Flutter Mane\n|-damage|p1a: Flutter Mane|43\/100\n|\n|upkeep\n|turn|12\n|c| The Prime Mime|crazy\n|c| The Generates|ofc fierce is that type to do that\n|c| The Prime Mime|CRZY\n|c| The Generates|yooo\n|c| The Generates|mental herb is a wild play\n|c| The Prime Mime|i would have gotten another one off\n|c|\u2606FierceFlamethrower|I forgot I was mental herb woops\n|c| The Prime Mime|what a fool\n|c| The Generates|how do u manage to forget your own tech\n|c| The Generates|I dont understand\n|c| The Prime Mime|i would never\n|c| The Prime Mime|i would beat dragons ass with a grass knot mixed kecleon\n|c| The Prime Mime|and never forget the tech\n|\n|t:|1700267762\n|move|p1a: Flutter Mane|Taunt|p2a: Chimecho\n|-start|p2a: Chimecho|move: Taunt\n|move|p2a: Chimecho|Stored Power|p1a: Flutter Mane\n|-damage|p1a: Flutter Mane|24\/100\n|\n|upkeep\n|turn|13\n|c| The Prime Mime|its joever\n|\n|t:|1700267774\n|-end|p1a: Flutter Mane|Protosynthesis|[silent]\n|switch|p1a: Groudon|Groudon|76\/100 psn\n|-damage|p1a: Groudon|70\/100 psn|[from] Stealth Rock\n|-weather|SunnyDay|[from] ability: Drought|[of] p1a: Groudon\n|move|p2a: Chimecho|Stored Power|p1a: Groudon\n|-damage|p1a: Groudon|48\/100 psn\n|\n|-weather|SunnyDay|[upkeep]\n|-damage|p1a: Groudon|36\/100 psn|[from] psn\n|upkeep\n|turn|14\n|\n|t:|1700267785\n|move|p1a: Groudon|Spikes|p2a: Chimecho\n|-sidestart|p2: FierceFlamethrower|Spikes\n|move|p2a: Chimecho|Stored Power|p1a: Groudon\n|-damage|p1a: Groudon|12\/100 psn\n|\n|-weather|SunnyDay|[upkeep]\n|-damage|p1a: Groudon|0 fnt|[from] psn\n|faint|p1a: Groudon\n|-end|p2a: Chimecho|move: Taunt\n|upkeep\n|\n|t:|1700267790\n|switch|p1a: Rhydon|Rhydon, F, tera:Water|82\/100 psn\n|-damage|p1a: Rhydon|70\/100 psn|[from] Stealth Rock\n|turn|15\n|c| The Prime Mime|im confused\n|\n|t:|1700267797\n|move|p2a: Chimecho|Cosmic Power|p2a: Chimecho\n|-boost|p2a: Chimecho|def|1\n|-boost|p2a: Chimecho|spd|1\n|move|p1a: Rhydon|Toxic|p2a: Chimecho|[miss]\n|-miss|p1a: Rhydon|p2a: Chimecho\n|\n|-weather|SunnyDay|[upkeep]\n|-damage|p1a: Rhydon|57\/100 psn|[from] psn\n|upkeep\n|turn|16\n|c| The Prime Mime|exe u lost oto a chimecho\n|c| The Prime Mime|to\n|c|\u2606omg real exe|miss is crazy\n|\n|t:|1700267810\n|move|p2a: Chimecho|Stored Power|p1a: Rhydon\n|-damage|p1a: Rhydon|25\/100 psn\n|move|p1a: Rhydon|Toxic|p2a: Chimecho\n|-status|p2a: Chimecho|tox\n|\n|-weather|SunnyDay|[upkeep]\n|-damage|p2a: Chimecho|94\/100 tox|[from] psn\n|-damage|p1a: Rhydon|12\/100 psn|[from] psn\n|upkeep\n|turn|17\n|\n|t:|1700267823\n|switch|p1a: Roaring Moon|Roaring Moon|100\/100\n|-status|p1a: Roaring Moon|psn\n|-damage|p1a: Roaring Moon|88\/100 psn|[from] Stealth Rock\n|-activate|p1a: Roaring Moon|ability: Protosynthesis\n|-start|p1a: Roaring Moon|protosynthesisatk\n|move|p2a: Chimecho|Stored Power|p1a: Roaring Moon\n|-immune|p1a: Roaring Moon\n|\n|-weather|none\n|-end|p1a: Roaring Moon|Protosynthesis\n|-damage|p1a: Roaring Moon|76\/100 psn|[from] psn\n|-damage|p2a: Chimecho|82\/100 tox|[from] psn\n|upkeep\n|turn|18\n|c| The Prime Mime|this does get dalazzing\n|\n|t:|1700267851\n|-end|p1a: Roaring Moon|Protosynthesis|[silent]\n|switch|p1a: Flutter Mane|Flutter Mane|24\/100\n|switch|p2a: Abomasnow|Abomasnow, F|100\/100\n|-damage|p2a: Abomasnow|75\/100|[from] Stealth Rock\n|-damage|p2a: Abomasnow|63\/100|[from] Spikes\n|-weather|Snow|[from] ability: Snow Warning|[of] p2a: Abomasnow\n|\n|-weather|Snow|[upkeep]\n|upkeep\n|turn|19\n|c| The Prime Mime|interesting\n|c| The Prime Mime|walled by a dark type\n|c| The Prime Mime|is this rest chimecho\n|c| The Prime Mime|with sleep talk\n|c| The Prime Mime|ik it gets recover\n|c| The Prime Mime|but rest can get rid of status\n|\n|t:|1700267895\n|-end|p1a: Flutter Mane|Protosynthesis|[silent]\n|switch|p1a: Rhydon|Rhydon, F, tera:Water|12\/100 psn\n|-damage|p1a: Rhydon|0 fnt|[from] Stealth Rock\n|faint|p1a: Rhydon\n|move|p2a: Abomasnow|Ice Shard|p1: Rhydon|[notarget]\n|-fail|p2a: Abomasnow\n|\n|-weather|Snow|[upkeep]\n|upkeep\n|\n|t:|1700267904\n|switch|p1a: Roaring Moon|Roaring Moon|76\/100 psn\n|-damage|p1a: Roaring Moon|64\/100 psn|[from] Stealth Rock\n|turn|20\n|\n|t:|1700267912\n|move|p1a: Roaring Moon|Iron Head|p2a: Abomasnow\n|-supereffective|p2a: Abomasnow\n|-damage|p2a: Abomasnow|31\/100\n|move|p2a: Abomasnow|Blizzard|p1a: Roaring Moon\n|-supereffective|p1a: Roaring Moon\n|-enditem|p1a: Roaring Moon|Yache Berry|[eat]\n|-enditem|p1a: Roaring Moon|Yache Berry|[weaken]\n|-damage|p1a: Roaring Moon|30\/100 psn\n|\n|-weather|Snow|[upkeep]\n|-damage|p1a: Roaring Moon|18\/100 psn|[from] psn\n|upkeep\n|turn|21\n|\n|t:|1700267920\n|move|p2a: Abomasnow|Ice Shard|p1a: Roaring Moon\n|-supereffective|p1a: Roaring Moon\n|-damage|p1a: Roaring Moon|0 fnt\n|faint|p1a: Roaring Moon\n|-end|p1a: Roaring Moon|Protosynthesis|[silent]\n|\n|-weather|Snow|[upkeep]\n|upkeep\n|c| The Prime Mime|its joever\n|c|\u2606FierceFlamethrower|gg\n|c|\u2606omg real exe|gg\n|c|\u2606omg real exe|lsuf did NOT account for these one pointers\n|c| The Prime Mime|the pu mons put the most work\n|c|\u2606omg real exe|also i kinda threw by not teraing the rhydon immediately\n|c|\u2606FierceFlamethrower|groudon did nothing it was so funny\n|\n|t:|1700267962\n|switch|p1a: Flutter Mane|Flutter Mane|24\/100\n|turn|22\n|c| The Prime Mime|finally my son finally realized their potential\n|\n|t:|1700267973\n|move|p2a: Abomasnow|Ice Shard|p1a: Flutter Mane\n|-damage|p1a: Flutter Mane|0 fnt\n|faint|p1a: Flutter Mane\n|-end|p1a: Flutter Mane|Protosynthesis|[silent]\n|\n|win|FierceFlamethrower\n","uploadtime":1700267986,"views":36,"p1id":"omgrealexe","p2id":"fierceflamethrower","formatid":"gen9nationaldexubers","rating":0,"private":0,"password":""}