{"id":"gen9nationaldexubers-1996204833","p1":"Just B3A$T","p2":"BeentoShira","format":"[Gen 9] National Dex Ubers","log":"|j|\u2606Just B3A$T\n|j|\u2606BeentoShira\n|t:|1700658879\n|gametype|singles\n|player|p1|Just B3A$T|dawn|\n|player|p2|BeentoShira|waitress-gen4|\n|teamsize|p1|6\n|teamsize|p2|6\n|gen|9\n|tier|[Gen 9] National Dex Ubers\n|rule|HP Percentage Mod: HP is shown in percentages\n|rule|Endless Battle Clause: Forcing endless battles is banned\n|rule|OHKO Clause: OHKO moves are banned\n|rule|Evasion Moves Clause: Evasion moves are banned\n|rule|Evasion Items Clause: Evasion items are banned\n|rule|Species Clause: Limit one of each Pok\u00e9mon\n|rule|Sleep Clause Mod: Limit one foe put to sleep\n|rule|Mega Rayquaza Clause: You cannot mega evolve Rayquaza\n|clearpoke\n|poke|p1|Genesect|\n|poke|p1|Kartana|\n|poke|p1|Heatran, M|\n|poke|p1|Gholdengo|\n|poke|p1|Scizor, M|\n|poke|p1|Ribombee, F|\n|poke|p2|Gholdengo|\n|poke|p2|Dragonite, F|\n|poke|p2|Heatran, M|\n|poke|p2|Ogerpon-Wellspring, F|\n|poke|p2|Samurott-Hisui, F|\n|poke|p2|Great Tusk|\n|teampreview\n|inactive|Battle timer is ON: inactive players will automatically lose when time's up. (requested by Just B3A$T)\n|c|\u2606BeentoShira|glhf\n|c|\u2606BeentoShira|shock drive gene\n|c|\u2606Just B3A$T|let's see\n|c|\u2606Just B3A$T|u2\n|\n|t:|1700658902\n|start\n|switch|p1a: bees knees!|Ribombee, F, shiny|100\/100\n|switch|p2a: Numby|Heatran, M|100\/100\n|-item|p2a: Numby|Air Balloon\n|turn|1\n|\n|t:|1700658909\n|move|p1a: bees knees!|Sticky Web|p2a: Numby\n|-sidestart|p2: BeentoShira|move: Sticky Web\n|move|p2a: Numby|Magma Storm|p1a: bees knees!\n|-supereffective|p1a: bees knees!\n|-enditem|p1a: bees knees!|Focus Sash\n|-damage|p1a: bees knees!|1\/100\n|-activate|p1a: bees knees!|move: Magma Storm|[of] p2a: Numby\n|\n|-damage|p1a: bees knees!|0 fnt|[from] move: Magma Storm|[partiallytrapped]\n|faint|p1a: bees knees!\n|upkeep\n|\n|t:|1700658926\n|switch|p1a: Ripper|Scizor, M|100\/100\n|turn|2\n|c|\u2606BeentoShira|i broke the bees knees\n|\n|t:|1700658932\n|detailschange|p1a: Ripper|Scizor-Mega, M\n|-mega|p1a: Ripper|Scizor|Scizorite\n|move|p1a: Ripper|Bullet Punch|p2a: Numby\n|-resisted|p2a: Numby\n|-damage|p2a: Numby|93\/100\n|-enditem|p2a: Numby|Air Balloon\n|move|p2a: Numby|Will-O-Wisp|p1a: Ripper\n|-status|p1a: Ripper|brn\n|\n|-damage|p1a: Ripper|94\/100 brn|[from] brn\n|upkeep\n|turn|3\n|c|\u2606Just B3A$T|wait\n|c|\u2606Just B3A$T|I Uturned\n|c|\u2606BeentoShira|what was that\n|c|\u2606Just B3A$T|bruh\n|c|\u2606BeentoShira|play\n|c|\u2606BeentoShira|wtf\n|c|\u2606Just B3A$T|idk\n|\n|t:|1700658955\n|switch|p1a: 1000\u00b0 Fahrenheit|Heatran, M|100\/100\n|move|p2a: Numby|Stealth Rock|p1a: 1000\u00b0 Fahrenheit\n|-sidestart|p1: Just B3A$T|move: Stealth Rock\n|\n|upkeep\n|turn|4\n|\n|t:|1700658958\n|move|p1a: 1000\u00b0 Fahrenheit|Earth Power|p2a: Numby\n|-supereffective|p2a: Numby\n|-damage|p2a: Numby|0 fnt\n|faint|p2a: Numby\n|\n|upkeep\n|\n|t:|1700658963\n|switch|p2a: owo|Dragonite, F|100\/100\n|turn|5\n|\n|t:|1700658976\n|move|p2a: owo|Earthquake|p1a: 1000\u00b0 Fahrenheit\n|-supereffective|p1a: 1000\u00b0 Fahrenheit\n|-damage|p1a: 1000\u00b0 Fahrenheit|0 fnt\n|faint|p1a: 1000\u00b0 Fahrenheit\n|\n|upkeep\n|\n|t:|1700658986\n|switch|p1a: Ripper|Scizor-Mega, M|94\/100 brn\n|-damage|p1a: Ripper|82\/100 brn|[from] Stealth Rock\n|turn|6\n|\n|t:|1700658990\n|move|p1a: Ripper|Swords Dance|p1a: Ripper\n|-boost|p1a: Ripper|atk|2\n|move|p2a: owo|Dragon Dance|p2a: owo\n|-boost|p2a: owo|atk|1\n|-boost|p2a: owo|spe|1\n|\n|-damage|p1a: Ripper|76\/100 brn|[from] brn\n|upkeep\n|turn|7\n|\n|t:|1700658994\n|move|p1a: Ripper|Bullet Punch|p2a: owo\n|-damage|p2a: owo|81\/100\n|move|p2a: owo|Dragon Dance|p2a: owo\n|-boost|p2a: owo|atk|1\n|-boost|p2a: owo|spe|1\n|\n|-damage|p1a: Ripper|70\/100 brn|[from] brn\n|upkeep\n|turn|8\n|\n|t:|1700658998\n|move|p1a: Ripper|Bullet Punch|p2a: owo\n|-damage|p2a: owo|40\/100\n|move|p2a: owo|Dual Wingbeat|p1a: Ripper\n|-damage|p1a: Ripper|29\/100 brn\n|-damage|p1a: Ripper|0 fnt\n|faint|p1a: Ripper\n|-hitcount|p1: Ripper|2\n|\n|upkeep\n|c|\u2606Just B3A$T|that BP ruined me\n|c|\u2606BeentoShira|lmaooo\n|\n|t:|1700659019\n|switch|p1a: Profit!|Gholdengo|100\/100\n|-damage|p1a: Profit!|94\/100|[from] Stealth Rock\n|-item|p1a: Profit!|Air Balloon\n|turn|9\n|\n|t:|1700659029\n|switch|p2a: Topaz|Gholdengo|100\/100\n|-item|p2a: Topaz|Air Balloon\n|move|p1a: Profit!|Make It Rain|p2a: Topaz\n|-resisted|p2a: Topaz\n|-damage|p2a: Topaz|68\/100\n|-unboost|p1a: Profit!|spa|1\n|-enditem|p2a: Topaz|Air Balloon\n|\n|upkeep\n|turn|10\n|\n|t:|1700659036\n|switch|p1a: Absolute Coverage|Genesect|100\/100\n|-damage|p1a: Absolute Coverage|88\/100|[from] Stealth Rock\n|-ability|p1a: Absolute Coverage|Download|boost\n|-boost|p1a: Absolute Coverage|spa|1\n|move|p2a: Topaz|Thunder Wave|p1a: Absolute Coverage\n|-status|p1a: Absolute Coverage|par\n|\n|upkeep\n|turn|11\n|c|\u2606Just B3A$T|crippling\n|c|\u2606Just B3A$T|depression\n|\n|t:|1700659047\n|switch|p2a: Furina|Ogerpon-Wellspring, F|100\/100\n|-activate|p2a: Furina|move: Sticky Web\n|-unboost|p2a: Furina|spe|1\n|move|p1a: Absolute Coverage|Flamethrower|p2a: Furina\n|-damage|p2a: Furina|34\/100\n|-damage|p1a: Absolute Coverage|78\/100 par|[from] item: Life Orb\n|\n|upkeep\n|turn|12\n|\n|t:|1700659055\n|move|p2a: Furina|Ivy Cudgel|p1a: Absolute Coverage|[anim] Ivy Cudgel Water\n|-damage|p1a: Absolute Coverage|0 fnt\n|faint|p1a: Absolute Coverage\n|\n|upkeep\n|\n|t:|1700659060\n|switch|p1a: Ronin|Kartana, shiny|100\/100\n|turn|13\n|\n|t:|1700659070\n|move|p1a: Ronin|Leaf Blade|p2a: Furina\n|-damage|p2a: Furina|0 fnt\n|faint|p2a: Furina\n|-ability|p1a: Ronin|Beast Boost|boost\n|-boost|p1a: Ronin|atk|1\n|\n|upkeep\n|\n|t:|1700659090\n|switch|p2a: hsr|Great Tusk|100\/100\n|-activate|p2a: hsr|move: Sticky Web\n|-unboost|p2a: hsr|spe|1\n|-enditem|p2a: hsr|Booster Energy\n|-activate|p2a: hsr|ability: Protosynthesis|[fromitem]\n|-start|p2a: hsr|protosynthesisatk\n|turn|14\n|\n|t:|1700659094\n|-terastallize|p2a: hsr|Steel\n|move|p1a: Ronin|Leaf Blade|p2a: hsr\n|-resisted|p2a: hsr\n|-damage|p2a: hsr|69\/100\n|move|p2a: hsr|Close Combat|p1a: Ronin\n|-supereffective|p1a: Ronin\n|-damage|p1a: Ronin|0 fnt\n|-unboost|p2a: hsr|def|1\n|-unboost|p2a: hsr|spd|1\n|faint|p1a: Ronin\n|\n|upkeep\n|c|\u2606Just B3A$T|pain\n|\n|t:|1700659102\n|switch|p1a: Profit!|Gholdengo|94\/100\n|-damage|p1a: Profit!|88\/100|[from] Stealth Rock\n|-item|p1a: Profit!|Air Balloon\n|turn|15\n|c|\u2606BeentoShira|i suppose\n|c|\u2606BeentoShira|gg\n|\n|t:|1700659107\n|-terastallize|p1a: Profit!|Flying\n|move|p1a: Profit!|Make It Rain|p2a: hsr\n|-resisted|p2a: hsr\n|-damage|p2a: hsr|0 fnt\n|-unboost|p1a: Profit!|spa|1\n|faint|p2a: hsr\n|-end|p2a: hsr|Protosynthesis|[silent]\n|\n|upkeep\n|c|\u2606Just B3A$T|gg\n|\n|t:|1700659113\n|switch|p2a: Texas|Samurott-Hisui, F|100\/100\n|-activate|p2a: Texas|move: Sticky Web\n|-unboost|p2a: Texas|spe|1\n|turn|16\n|\n|t:|1700659116\n|move|p2a: Texas|Aqua Cutter|p1a: Profit!\n|-damage|p1a: Profit!|43\/100\n|-enditem|p1a: Profit!|Air Balloon\n|move|p1a: Profit!|Recover|p1a: Profit!\n|-heal|p1a: Profit!|93\/100\n|\n|upkeep\n|turn|17\n|\n|t:|1700659119\n|move|p2a: Texas|Aqua Cutter|p1a: Profit!\n|-damage|p1a: Profit!|45\/100\n|move|p1a: Profit!|Nasty Plot|p1a: Profit!\n|-boost|p1a: Profit!|spa|2\n|\n|upkeep\n|turn|18\n|\n|t:|1700659122\n|move|p2a: Texas|Aqua Cutter|p1a: Profit!\n|-damage|p1a: Profit!|2\/100\n|move|p1a: Profit!|Recover|p1a: Profit!\n|-heal|p1a: Profit!|52\/100\n|\n|upkeep\n|turn|19\n|\n|t:|1700659127\n|move|p2a: Texas|Aqua Cutter|p1a: Profit!\n|-damage|p1a: Profit!|8\/100\n|move|p1a: Profit!|Recover|p1a: Profit!\n|-heal|p1a: Profit!|58\/100\n|\n|upkeep\n|turn|20\n|\n|t:|1700659130\n|move|p2a: Texas|Aqua Cutter|p1a: Profit!\n|-damage|p1a: Profit!|12\/100\n|move|p1a: Profit!|Recover|p1a: Profit!\n|-heal|p1a: Profit!|62\/100\n|\n|upkeep\n|turn|21\n|c|\u2606BeentoShira|high crit ratio my ass\n|\n|t:|1700659138\n|move|p2a: Texas|Aqua Cutter|p1a: Profit!\n|-crit|p1a: Profit!\n|-damage|p1a: Profit!|0 fnt\n|faint|p1a: Profit!\n|\n|win|BeentoShira\n|c|\u2606BeentoShira|nvm\n|c|\u2606BeentoShira|gg\n|c|\u2606Just B3A$T|fuck\n|c|\u2606Just B3A$T|gg\n","uploadtime":1700659153,"views":1,"p1id":"justb3at","p2id":"beentoshira","formatid":"gen9nationaldexubers","rating":0,"private":0,"password":""}