{"id":"gen9nationaldexubers-1983650867","p1":"Ipenguin12","p2":"JDTaurus","format":"[Gen 9] National Dex Ubers","log":"|j|\u2606Ipenguin12\n|j|\u2606JDTaurus\n|t:|1699154036\n|gametype|singles\n|player|p1|Ipenguin12|sabi|\n|player|p2|JDTaurus|266|\n|teamsize|p1|6\n|teamsize|p2|6\n|gen|9\n|tier|[Gen 9] National Dex Ubers\n|rule|HP Percentage Mod: HP is shown in percentages\n|rule|Endless Battle Clause: Forcing endless battles is banned\n|rule|OHKO Clause: OHKO moves are banned\n|rule|Evasion Moves Clause: Evasion moves are banned\n|rule|Evasion Items Clause: Evasion items are banned\n|rule|Species Clause: Limit one of each Pok\u00e9mon\n|rule|Sleep Clause Mod: Limit one foe put to sleep\n|rule|Mega Rayquaza Clause: You cannot mega evolve Rayquaza\n|clearpoke\n|poke|p1|Azelf|\n|poke|p1|Cryogonal|\n|poke|p1|Gholdengo|\n|poke|p1|Latias, F|\n|poke|p1|Electrode|\n|poke|p1|Reuniclus, M|\n|poke|p2|Gholdengo|\n|poke|p2|Scizor, M|\n|poke|p2|Klefki, M|\n|poke|p2|Skarmory, M|\n|poke|p2|Reuniclus, M|\n|poke|p2|Blissey, F|\n|teampreview\n|c|\u2606Ipenguin12|Good luck and have fun\n|j| HarmTurtle\n|j| DarthBowser151\n|c| HarmTurtle|gl hf y'all! let's do it\n|c| HarmTurtle|(Don't forget, if you lose here you have a bronze match!)\n|j| Completeanimefan\n|c| Completeanimefan|Round One: FIGHT!\n|\n|t:|1699154178\n|start\n|switch|p1a: Gholdengo|Gholdengo|100\/100\n|switch|p2a: Klefki|Klefki, M|100\/100\n|turn|1\n|\n|t:|1699154191\n|move|p2a: Klefki|Light Screen|p2a: Klefki\n|-sidestart|p2: JDTaurus|move: Light Screen\n|move|p1a: Gholdengo|Memento|p2a: Klefki\n|-unboost|p2a: Klefki|atk|2\n|-unboost|p2a: Klefki|spa|2\n|faint|p1a: Gholdengo\n|\n|upkeep\n|\n|t:|1699154206\n|switch|p1a: Azelf|Azelf|100\/100\n|turn|2\n|\n|t:|1699154213\n|move|p2a: Klefki|Reflect|p2a: Klefki\n|-sidestart|p2: JDTaurus|Reflect\n|move|p1a: Azelf|Mystical Power|p2a: Klefki\n|-resisted|p2a: Klefki\n|-damage|p2a: Klefki|92\/100\n|-boost|p1a: Azelf|spa|1\n|\n|upkeep\n|turn|3\n|\n|t:|1699154224\n|move|p2a: Klefki|Spikes|p1a: Azelf\n|-sidestart|p1: Ipenguin12|Spikes\n|move|p1a: Azelf|Mystical Power|p2a: Klefki\n|-resisted|p2a: Klefki\n|-damage|p2a: Klefki|78\/100\n|-boost|p1a: Azelf|spa|1\n|\n|upkeep\n|turn|4\n|j| thewerehog88\n|\n|t:|1699154231\n|move|p2a: Klefki|Spikes|p1a: Azelf\n|-sidestart|p1: Ipenguin12|Spikes\n|move|p1a: Azelf|Mystical Power|p2a: Klefki\n|-resisted|p2a: Klefki\n|-damage|p2a: Klefki|58\/100\n|-boost|p1a: Azelf|spa|1\n|\n|upkeep\n|turn|5\n|\n|t:|1699154242\n|move|p2a: Klefki|Spikes|p1a: Azelf\n|-sidestart|p1: Ipenguin12|Spikes\n|move|p1a: Azelf|Mystical Power|p2a: Klefki\n|-resisted|p2a: Klefki\n|-damage|p2a: Klefki|34\/100\n|-boost|p1a: Azelf|spa|1\n|\n|upkeep\n|turn|6\n|\n|t:|1699154249\n|move|p1a: Azelf|Mystical Power|p2a: Klefki\n|-resisted|p2a: Klefki\n|-damage|p2a: Klefki|7\/100\n|-boost|p1a: Azelf|spa|1\n|move|p2a: Klefki|Trick Room|p2a: Klefki\n|-fieldstart|move: Trick Room|[of] p2a: Klefki\n|\n|upkeep\n|turn|7\n|\n|t:|1699154259\n|switch|p2a: Blissey|Blissey, F|100\/100\n|move|p1a: Azelf|Mystical Power|p2a: Blissey|[miss]\n|-miss|p1a: Azelf|p2a: Blissey\n|\n|upkeep\n|turn|8\n|\n|t:|1699154268\n|move|p2a: Blissey|Seismic Toss|p1a: Azelf\n|-damage|p1a: Azelf|66\/100\n|move|p1a: Azelf|Mystical Power|p2a: Blissey\n|-damage|p2a: Blissey|80\/100\n|-boost|p1a: Azelf|spa|1\n|\n|-heal|p1a: Azelf|72\/100|[from] item: Leftovers\n|-sideend|p2: JDTaurus|move: Light Screen\n|upkeep\n|turn|9\n|\n|t:|1699154295\n|move|p2a: Blissey|Thunder Wave|p1a: Azelf\n|-status|p1a: Azelf|par\n|move|p1a: Azelf|U-turn|p2a: Blissey\n|-damage|p2a: Blissey|71\/100\n|\n|t:|1699154301\n|switch|p1a: Latias|Latias, F|100\/100|[from] U-turn\n|\n|-sideend|p2: JDTaurus|Reflect\n|upkeep\n|turn|10\n|\n|t:|1699154306\n|move|p2a: Blissey|Thunder Wave|p1a: Latias\n|-status|p1a: Latias|par\n|move|p1a: Latias|Healing Wish|p1a: Latias\n|faint|p1a: Latias\n|\n|-fieldend|move: Trick Room\n|upkeep\n|\n|t:|1699154312\n|switch|p1a: Azelf|Azelf|72\/100 par\n|-heal|p1a: Azelf|100\/100|[from] move: Healing Wish\n|turn|11\n|\n|t:|1699154321\n|move|p1a: Azelf|Explosion|p2a: Blissey\n|-damage|p2a: Blissey|5\/100\n|faint|p1a: Azelf\n|move|p2a: Blissey|Thunder Wave|p1: Azelf|[notarget]\n|-fail|p2a: Blissey\n|\n|upkeep\n|\n|t:|1699154327\n|switch|p1a: Cryogonal|Cryogonal|100\/100\n|turn|12\n|\n|t:|1699154331\n|move|p1a: Cryogonal|Explosion|p2a: Blissey\n|-damage|p2a: Blissey|0 fnt\n|faint|p1a: Cryogonal\n|faint|p2a: Blissey\n|\n|upkeep\n|\n|t:|1699154338\n|switch|p1a: Electrode|Electrode|100\/100\n|switch|p2a: Skarmory|Skarmory, M|100\/100\n|-damage|p1a: Electrode|76\/100|[from] Spikes\n|turn|13\n|\n|t:|1699154346\n|move|p1a: Electrode|Explosion|p2a: Skarmory\n|-resisted|p2a: Skarmory\n|-damage|p2a: Skarmory|90\/100\n|faint|p1a: Electrode\n|move|p2a: Skarmory|Iron Defense|p2a: Skarmory\n|-boost|p2a: Skarmory|def|2\n|\n|upkeep\n|\n|t:|1699154352\n|switch|p1a: Reuniclus|Reuniclus, M|100\/100\n|turn|14\n|\n|t:|1699154357\n|move|p2a: Skarmory|Iron Defense|p2a: Skarmory\n|-boost|p2a: Skarmory|def|2\n|move|p1a: Reuniclus|Explosion|p2a: Skarmory\n|-resisted|p2a: Skarmory\n|-damage|p2a: Skarmory|85\/100\n|faint|p1a: Reuniclus\n|\n|win|JDTaurus\n","uploadtime":1699154365,"views":7,"p1id":"ipenguin12","p2id":"jdtaurus","formatid":"gen9nationaldexubers","rating":0,"private":0,"password":""}