{"id":"gen9nationaldexubers-1993959170","p1":"its_notacewastaken","p2":"notmyalt1234","format":"[Gen 9] National Dex Ubers","log":"|j|\u2606its_notacewastaken\n|j|\u2606notmyalt1234\n|t:|1700382999\n|gametype|singles\n|player|p1|its_notacewastaken|hilda|1138\n|player|p2|notmyalt1234|ghetsis|1000\n|teamsize|p1|6\n|teamsize|p2|6\n|gen|9\n|tier|[Gen 9] National Dex Ubers\n|rated|\n|rule|HP Percentage Mod: HP is shown in percentages\n|rule|Endless Battle Clause: Forcing endless battles is banned\n|rule|OHKO Clause: OHKO moves are banned\n|rule|Evasion Moves Clause: Evasion moves are banned\n|rule|Evasion Items Clause: Evasion items are banned\n|rule|Species Clause: Limit one of each Pok\u00e9mon\n|rule|Sleep Clause Mod: Limit one foe put to sleep\n|rule|Mega Rayquaza Clause: You cannot mega evolve Rayquaza\n|clearpoke\n|poke|p1|Dracovish|\n|poke|p1|Great Tusk|\n|poke|p1|Deoxys-Defense|\n|poke|p1|Xerneas-*|\n|poke|p1|Greninja-*, M|\n|poke|p1|Rotom-Heat|\n|poke|p2|Groudon|\n|poke|p2|Deoxys-Speed|\n|poke|p2|Mewtwo|\n|poke|p2|Kyogre|\n|poke|p2|Necrozma-Dusk-Mane|\n|poke|p2|Regieleki|\n|teampreview\n|inactive|Battle timer is ON: inactive players will automatically lose when time's up. (requested by notmyalt1234)\n|\n|t:|1700383004\n|start\n|switch|p1a: Autism|Deoxys-Defense, shiny|100\/100\n|switch|p2a: Deoxys|Deoxys-Speed|100\/100\n|-ability|p2a: Deoxys|Pressure\n|-ability|p1a: Autism|Pressure\n|turn|1\n|\n|t:|1700383016\n|move|p2a: Deoxys|Stealth Rock|p1a: Autism\n|-sidestart|p1: its_notacewastaken|move: Stealth Rock\n|move|p1a: Autism|Taunt|p2a: Deoxys\n|-start|p2a: Deoxys|move: Taunt\n|\n|upkeep\n|turn|2\n|inactive|its_notacewastaken has 120 seconds left.\n|inactive|its_notacewastaken has 90 seconds left.\n|\n|t:|1700383099\n|switch|p2a: Regieleki|Regieleki|100\/100\n|move|p1a: Autism|Stealth Rock|p2a: Regieleki\n|-sidestart|p2: notmyalt1234|move: Stealth Rock\n|\n|upkeep\n|turn|3\n|\n|t:|1700383108\n|move|p2a: Regieleki|Rapid Spin|p1a: Autism\n|-damage|p1a: Autism|94\/100\n|-boost|p2a: Regieleki|spe|1\n|-sideend|p2: notmyalt1234|Stealth Rock|[from] move: Rapid Spin|[of] p2a: Regieleki\n|move|p1a: Autism|Taunt|p2a: Regieleki\n|-start|p2a: Regieleki|move: Taunt\n|\n|-heal|p1a: Autism|99\/100|[from] item: Leftovers\n|upkeep\n|turn|4\n|\n|t:|1700383118\n|move|p2a: Regieleki|Thunderbolt|p1a: Autism\n|-damage|p1a: Autism|65\/100\n|move|p1a: Autism|Toxic|p2a: Regieleki\n|-status|p2a: Regieleki|tox\n|\n|-heal|p1a: Autism|71\/100|[from] item: Leftovers\n|-damage|p2a: Regieleki|95\/100 tox|[from] psn\n|upkeep\n|turn|5\n|\n|t:|1700383126\n|move|p2a: Regieleki|Volt Switch|p1a: Autism\n|-damage|p1a: Autism|43\/100\n|\n|t:|1700383133\n|switch|p2a: Deoxys|Deoxys-Speed|100\/100|[from] Volt Switch\n|-ability|p2a: Deoxys|Pressure\n|move|p1a: Autism|Stealth Rock|p2a: Deoxys\n|-sidestart|p2: notmyalt1234|move: Stealth Rock\n|\n|-heal|p1a: Autism|49\/100|[from] item: Leftovers\n|upkeep\n|turn|6\n|\n|t:|1700383140\n|move|p2a: Deoxys|Spikes|p1a: Autism\n|-sidestart|p1: its_notacewastaken|Spikes\n|move|p1a: Autism|Taunt|p2a: Deoxys\n|-start|p2a: Deoxys|move: Taunt\n|\n|-heal|p1a: Autism|55\/100|[from] item: Leftovers\n|upkeep\n|turn|7\n|\n|t:|1700383147\n|move|p2a: Deoxys|Hidden Power|p1a: Autism\n|-damage|p1a: Autism|44\/100\n|move|p1a: Autism|Recover|p1a: Autism\n|-heal|p1a: Autism|94\/100\n|\n|-heal|p1a: Autism|99\/100|[from] item: Leftovers\n|upkeep\n|turn|8\n|\n|t:|1700383153\n|switch|p2a: Necrozma|Necrozma-Dusk-Mane|100\/100\n|-damage|p2a: Necrozma|94\/100|[from] Stealth Rock\n|move|p1a: Autism|Toxic|p2a: Necrozma\n|-immune|p2a: Necrozma\n|\n|-heal|p1a: Autism|100\/100|[from] item: Leftovers\n|upkeep\n|turn|9\n|\n|t:|1700383165\n|switch|p1a: Pumbaa|Great Tusk|100\/100\n|-damage|p1a: Pumbaa|98\/100|[from] Stealth Rock\n|-damage|p1a: Pumbaa|85\/100|[from] Spikes\n|-enditem|p1a: Pumbaa|Booster Energy\n|-activate|p1a: Pumbaa|ability: Protosynthesis|[fromitem]\n|-start|p1a: Pumbaa|protosynthesisspe\n|move|p2a: Necrozma|Knock Off|p1a: Pumbaa\n|-resisted|p1a: Pumbaa\n|-damage|p1a: Pumbaa|78\/100\n|\n|upkeep\n|turn|10\n|\n|t:|1700383190\n|switch|p2a: Groudon|Groudon|100\/100\n|-damage|p2a: Groudon|94\/100|[from] Stealth Rock\n|detailschange|p2a: Groudon|Groudon-Primal\n|-primal|p2a: Groudon|Red Orb\n|-weather|DesolateLand|[from] ability: Desolate Land|[of] p2a: Groudon\n|-terastallize|p1a: Pumbaa|Ground\n|move|p1a: Pumbaa|Earthquake|p2a: Groudon\n|-supereffective|p2a: Groudon\n|-damage|p2a: Groudon|5\/100\n|\n|-weather|DesolateLand|[upkeep]\n|upkeep\n|turn|11\n|\n|t:|1700383202\n|move|p1a: Pumbaa|Rapid Spin|p2a: Groudon\n|-damage|p2a: Groudon|0 fnt\n|-boost|p1a: Pumbaa|spe|1\n|-sideend|p1: its_notacewastaken|Spikes|[from] move: Rapid Spin|[of] p1a: Pumbaa\n|-sideend|p1: its_notacewastaken|Stealth Rock|[from] move: Rapid Spin|[of] p1a: Pumbaa\n|faint|p2a: Groudon\n|-weather|none\n|\n|upkeep\n|\n|t:|1700383205\n|switch|p2a: Regieleki|Regieleki|95\/100 tox\n|-damage|p2a: Regieleki|82\/100 tox|[from] Stealth Rock\n|turn|12\n|\n|t:|1700383212\n|move|p1a: Pumbaa|Earthquake|p2a: Regieleki\n|-supereffective|p2a: Regieleki\n|-damage|p2a: Regieleki|0 fnt\n|faint|p2a: Regieleki\n|\n|upkeep\n|-message|notmyalt1234 forfeited.\n|\n|win|its_notacewastaken\n|raw|its_notacewastaken's rating: 1138 &rarr; <strong>1154<\/strong><br \/>(+16 for winning)\n|raw|notmyalt1234's rating: 1000 &rarr; <strong>1000<\/strong><br \/>(+0 for losing)\n|l|\u2606notmyalt1234\n","uploadtime":1700383219,"views":12,"p1id":"itsnotacewastaken","p2id":"notmyalt1234","formatid":"gen9nationaldexubers","rating":1000,"private":0,"password":""}