{"id":"gen9nationaldexubers-1990928983","p1":"bydotcasts","p2":"Lunar Sloth","format":"[Gen 9] National Dex Ubers","log":"|j|\u2606bydotcasts\n|j|\u2606Lunar Sloth\n|t:|1700016240\n|gametype|singles\n|player|p1|bydotcasts|bruno|\n|player|p2|Lunar Sloth|266|\n|teamsize|p1|6\n|teamsize|p2|6\n|gen|9\n|tier|[Gen 9] National Dex Ubers\n|rule|HP Percentage Mod: HP is shown in percentages\n|rule|Endless Battle Clause: Forcing endless battles is banned\n|rule|OHKO Clause: OHKO moves are banned\n|rule|Evasion Moves Clause: Evasion moves are banned\n|rule|Evasion Items Clause: Evasion items are banned\n|rule|Species Clause: Limit one of each Pok\u00e9mon\n|rule|Sleep Clause Mod: Limit one foe put to sleep\n|rule|Mega Rayquaza Clause: You cannot mega evolve Rayquaza\n|clearpoke\n|poke|p1|Electivire, M|\n|poke|p1|Shuckle, M|\n|poke|p1|Dragonite, M|\n|poke|p1|Heatran, M|\n|poke|p1|Azelf|\n|poke|p1|Heracross, M|\n|poke|p2|Iron Treads|\n|poke|p2|Liepard, M|\n|poke|p2|Iron Valiant|\n|poke|p2|Polteageist|\n|poke|p2|Weezing, F|\n|poke|p2|Celesteela|\n|teampreview\n|c|\u2606bydotcasts|they're sleep\n|c|\u2606Lunar Sloth|lmao\n|j| Smackey_5\n|c|\u2606Lunar Sloth|first\n|j| VoIteon\n|c|\u2606bydotcasts|second\n|c| VoIteon|The cookage i see here\n|c|\u2606Lunar Sloth|ready whenever\n|c|\u2606bydotcasts|glhf\n|\n|t:|1700016336\n|start\n|switch|p1a: knuckle|Shuckle, M, shiny|100\/100\n|switch|p2a: Iron Treads|Iron Treads|100\/100\n|turn|1\n|c|\u2606Lunar Sloth|u2\n|c| VoIteon|this liepard better get 3 or i will be disapointed\n|\n|t:|1700016347\n|move|p2a: Iron Treads|Earthquake|p1a: knuckle\n|-crit|p1a: knuckle\n|-damage|p1a: knuckle|57\/100\n|move|p1a: knuckle|Encore|p2a: Iron Treads\n|-start|p2a: Iron Treads|Encore\n|\n|upkeep\n|turn|2\n|\n|t:|1700016356\n|move|p2a: Iron Treads|Earthquake|p1a: knuckle\n|-damage|p1a: knuckle|25\/100\n|move|p1a: knuckle|Sticky Web|p2a: Iron Treads\n|-sidestart|p2: Lunar Sloth|move: Sticky Web\n|\n|upkeep\n|turn|3\n|\n|t:|1700016373\n|switch|p1a: naboo|Azelf|100\/100\n|move|p2a: Iron Treads|Earthquake|p1a: naboo\n|-immune|p1a: naboo|[from] ability: Levitate\n|\n|upkeep\n|turn|4\n|\n|t:|1700016382\n|-end|p2a: Iron Treads|Quark Drive|[silent]\n|switch|p2a: Liepard|Liepard, M|100\/100\n|-activate|p2a: Liepard|move: Sticky Web\n|-unboost|p2a: Liepard|spe|1\n|move|p1a: naboo|Energy Ball|p2a: Liepard\n|-damage|p2a: Liepard|37\/100\n|-unboost|p2a: Liepard|spd|1\n|\n|upkeep\n|turn|5\n|\n|t:|1700016393\n|move|p2a: Liepard|Encore|p1a: naboo\n|-start|p1a: naboo|Encore\n|move|p1a: naboo|Energy Ball|p2a: Liepard\n|-damage|p2a: Liepard|0 fnt\n|faint|p2a: Liepard\n|\n|upkeep\n|\n|t:|1700016397\n|switch|p2a: Celesteela|Celesteela|100\/100\n|turn|6\n|\n|t:|1700016405\n|switch|p1a: knuckle|Shuckle, M, shiny|25\/100\n|move|p2a: Celesteela|Substitute|p2a: Celesteela\n|-start|p2a: Celesteela|Substitute\n|-damage|p2a: Celesteela|76\/100\n|\n|-heal|p2a: Celesteela|82\/100|[from] item: Leftovers\n|upkeep\n|turn|7\n|\n|t:|1700016415\n|switch|p1a: dog|Heatran, M|100\/100\n|move|p2a: Celesteela|Heavy Slam|p1a: dog\n|-resisted|p1a: dog\n|-damage|p1a: dog|95\/100\n|\n|-heal|p2a: Celesteela|88\/100|[from] item: Leftovers\n|-heal|p1a: dog|100\/100|[from] item: Leftovers\n|upkeep\n|turn|8\n|\n|t:|1700016427\n|move|p2a: Celesteela|Earthquake|p1a: dog\n|-supereffective|p1a: dog\n|-damage|p1a: dog|0 fnt\n|faint|p1a: dog\n|-ability|p2a: Celesteela|Beast Boost|boost\n|-boost|p2a: Celesteela|atk|1\n|\n|-heal|p2a: Celesteela|94\/100|[from] item: Leftovers\n|upkeep\n|c| Smackey_5|Gg\n|\n|t:|1700016448\n|switch|p1a: sweeper at home|Electivire, M|100\/100\n|turn|9\n|\n|t:|1700016456\n|-terastallize|p1a: sweeper at home|Ground\n|-terastallize|p2a: Celesteela|Dragon\n|move|p1a: sweeper at home|Earthquake|p2a: Celesteela\n|-end|p2a: Celesteela|Substitute\n|move|p2a: Celesteela|Autotomize|p2a: Celesteela\n|-boost|p2a: Celesteela|spe|2\n|-start|p2a: Celesteela|Autotomize\n|\n|-heal|p2a: Celesteela|99\/100|[from] item: Leftovers\n|upkeep\n|turn|10\n|j| speedykidyo\n|\n|t:|1700016467\n|move|p1a: sweeper at home|Earthquake|p2a: Celesteela\n|-damage|p2a: Celesteela|53\/100\n|move|p2a: Celesteela|Earthquake|p1a: sweeper at home\n|-damage|p1a: sweeper at home|25\/100\n|\n|-heal|p2a: Celesteela|59\/100|[from] item: Leftovers\n|upkeep\n|turn|11\n|\n|t:|1700016479\n|move|p1a: sweeper at home|Earthquake|p2a: Celesteela\n|-damage|p2a: Celesteela|11\/100\n|move|p2a: Celesteela|Heavy Slam|p1a: sweeper at home\n|-damage|p1a: sweeper at home|0 fnt\n|faint|p1a: sweeper at home\n|-ability|p2a: Celesteela|Beast Boost|boost\n|-boost|p2a: Celesteela|atk|1\n|\n|-heal|p2a: Celesteela|17\/100|[from] item: Leftovers\n|upkeep\n|\n|t:|1700016493\n|switch|p1a: funny man|Dragonite, M, shiny|100\/100\n|turn|12\n|\n|t:|1700016496\n|switch|p2a: Weezing|Weezing, F|100\/100\n|move|p1a: funny man|Extreme Speed|p2a: Weezing\n|-enditem|p1a: funny man|Normal Gem|[from] gem\n|-damage|p2a: Weezing|73\/100\n|\n|-heal|p2a: Weezing|79\/100|[from] item: Leftovers\n|upkeep\n|turn|13\n|\n|t:|1700016512\n|move|p1a: funny man|Dragon Dance|p1a: funny man\n|-boost|p1a: funny man|atk|1\n|-boost|p1a: funny man|spe|1\n|move|p2a: Weezing|Sludge Bomb|p1a: funny man\n|-damage|p1a: funny man|87\/100\n|\n|-heal|p2a: Weezing|85\/100|[from] item: Leftovers\n|upkeep\n|turn|14\n|\n|t:|1700016519\n|move|p1a: funny man|Fire Punch|p2a: Weezing\n|-damage|p2a: Weezing|55\/100\n|move|p2a: Weezing|Haze|p2a: Weezing\n|-clearallboost\n|\n|-heal|p2a: Weezing|61\/100|[from] item: Leftovers\n|upkeep\n|turn|15\n|\n|t:|1700016554\n|move|p1a: funny man|Earthquake|p2a: Weezing\n|-immune|p2a: Weezing|[from] ability: Levitate\n|move|p2a: Weezing|Memento|p1a: funny man\n|-unboost|p1a: funny man|atk|2\n|-unboost|p1a: funny man|spa|2\n|faint|p2a: Weezing\n|\n|upkeep\n|\n|t:|1700016557\n|switch|p2a: Polteageist|Polteageist|100\/100\n|-activate|p2a: Polteageist|move: Sticky Web\n|-unboost|p2a: Polteageist|spe|1\n|-enditem|p2a: Polteageist|White Herb\n|-clearnegativeboost|p2a: Polteageist|[silent]\n|turn|16\n|\n|t:|1700016568\n|move|p1a: funny man|Dragon Dance|p1a: funny man\n|-boost|p1a: funny man|atk|1\n|-boost|p1a: funny man|spe|1\n|move|p2a: Polteageist|Shell Smash|p2a: Polteageist\n|-unboost|p2a: Polteageist|def|1\n|-unboost|p2a: Polteageist|spd|1\n|-boost|p2a: Polteageist|atk|2\n|-boost|p2a: Polteageist|spa|2\n|-boost|p2a: Polteageist|spe|2\n|\n|upkeep\n|turn|17\n|j| ZBFusion\n|\n|t:|1700016580\n|move|p2a: Polteageist|Stored Power|p1a: funny man\n|-damage|p1a: funny man|0 fnt\n|faint|p1a: funny man\n|\n|upkeep\n|\n|t:|1700016587\n|switch|p1a: knuckle|Shuckle, M, shiny|25\/100\n|turn|18\n|\n|t:|1700016593\n|move|p2a: Polteageist|Stored Power|p1a: knuckle\n|-damage|p1a: knuckle|0 fnt\n|faint|p1a: knuckle\n|\n|upkeep\n|\n|t:|1700016600\n|switch|p1a: naboo|Azelf|100\/100\n|turn|19\n|\n|t:|1700016604\n|move|p2a: Polteageist|Shadow Ball|p1a: naboo\n|-supereffective|p1a: naboo\n|-damage|p1a: naboo|0 fnt\n|faint|p1a: naboo\n|\n|upkeep\n|\n|t:|1700016608\n|switch|p1a: audible|Heracross, M|100\/100\n|turn|20\n|\n|t:|1700016612\n|detailschange|p1a: audible|Heracross-Mega, M\n|-mega|p1a: audible|Heracross|Heracronite\n|move|p2a: Polteageist|Stored Power|p1a: audible\n|-supereffective|p1a: audible\n|-damage|p1a: audible|0 fnt\n|faint|p1a: audible\n|\n|win|Lunar Sloth\n|l|\u2606bydotcasts\n","uploadtime":1700016621,"views":29,"p1id":"bydotcasts","p2id":"lunarsloth","formatid":"gen9nationaldexubers","rating":0,"private":0,"password":""}