{"id":"gen9nationaldexubers-1988578111","p1":"R37 Tests","p2":"KingDoip","format":"[Gen 9] National Dex Ubers","log":"|j|\u2606R37 Tests\n|j|\u2606KingDoip\n|t:|1699738119\n|gametype|singles\n|player|p1|R37 Tests|dawn|1424\n|player|p2|KingDoip|170|1298\n|teamsize|p1|6\n|teamsize|p2|6\n|gen|9\n|tier|[Gen 9] National Dex Ubers\n|rated|\n|rule|HP Percentage Mod: HP is shown in percentages\n|rule|Endless Battle Clause: Forcing endless battles is banned\n|rule|OHKO Clause: OHKO moves are banned\n|rule|Evasion Moves Clause: Evasion moves are banned\n|rule|Evasion Items Clause: Evasion items are banned\n|rule|Species Clause: Limit one of each Pok\u00e9mon\n|rule|Sleep Clause Mod: Limit one foe put to sleep\n|rule|Mega Rayquaza Clause: You cannot mega evolve Rayquaza\n|clearpoke\n|poke|p1|Sneasler, F|\n|poke|p1|Palafin, M|\n|poke|p1|Pelipper, F|\n|poke|p1|Basculegion, M|\n|poke|p1|Orthworm, F|\n|poke|p1|Rayquaza|\n|poke|p2|Diancie|\n|poke|p2|Marshadow|\n|poke|p2|Landorus-Therian, M|\n|poke|p2|Naganadel|\n|poke|p2|Arceus|\n|poke|p2|Quagsire, M|\n|teampreview\n|inactive|Battle timer is ON: inactive players will automatically lose when time's up. (requested by KingDoip)\n|inactive|R37 Tests also wants the timer to be on.\n|\n|t:|1699738132\n|start\n|switch|p1a: Palafin|Palafin, M|100\/100\n|switch|p2a: Briolette|Diancie, shiny|100\/100\n|turn|1\n|\n|t:|1699738139\n|switch|p2a: Katana|Landorus-Therian, M|100\/100\n|-ability|p2a: Katana|Intimidate|boost\n|-unboost|p1a: Palafin|atk|1\n|move|p1a: Palafin|Flip Turn|p2a: Katana\n|-supereffective|p2a: Katana\n|-damage|p2a: Katana|71\/100\n|-damage|p1a: Palafin|84\/100|[from] item: Rocky Helmet|[of] p2a: Katana\n|\n|t:|1699738149\n|detailschange|p1a: Palafin|Palafin-Hero, M\n|switch|p1a: Orthworm|Orthworm, F|100\/100|[from] Flip Turn\n|\n|upkeep\n|turn|2\n|\n|t:|1699738157\n|move|p2a: Katana|U-turn|p1a: Orthworm\n|-resisted|p1a: Orthworm\n|-damage|p1a: Orthworm|94\/100\n|\n|t:|1699738161\n|switch|p2a: Hornet|Naganadel, shiny|100\/100|[from] U-turn\n|move|p1a: Orthworm|Shed Tail|p1a: Orthworm\n|-start|p1a: Orthworm|Substitute|[from] move: Shed Tail\n|-damage|p1a: Orthworm|44\/100\n|-enditem|p1a: Orthworm|Sitrus Berry|[eat]\n|-heal|p1a: Orthworm|69\/100|[from] item: Sitrus Berry\n|\n|t:|1699738174\n|switch|p1a: Rayquaza|Rayquaza|100\/100|[from] Shed Tail\n|-ability|p1a: Rayquaza|Air Lock\n|\n|upkeep\n|turn|3\n|\n|t:|1699738180\n|move|p2a: Hornet|Draco Meteor|p1a: Rayquaza\n|-supereffective|p1a: Rayquaza\n|-end|p1a: Rayquaza|Substitute\n|-unboost|p2a: Hornet|spa|2\n|-damage|p2a: Hornet|91\/100|[from] item: Life Orb\n|move|p1a: Rayquaza|Dragon Dance|p1a: Rayquaza\n|-boost|p1a: Rayquaza|atk|1\n|-boost|p1a: Rayquaza|spe|1\n|\n|upkeep\n|turn|4\n|\n|t:|1699738193\n|switch|p2a: Sus|Quagsire, M|100\/100\n|move|p1a: Rayquaza|Earthquake|p2a: Sus\n|-crit|p2a: Sus\n|-damage|p2a: Sus|53\/100\n|\n|upkeep\n|turn|5\n|\n|t:|1699738220\n|move|p1a: Rayquaza|Dragon Dance|p1a: Rayquaza\n|-boost|p1a: Rayquaza|atk|1\n|-boost|p1a: Rayquaza|spe|1\n|move|p2a: Sus|Haze|p2a: Sus\n|-clearallboost\n|\n|upkeep\n|turn|6\n|\n|t:|1699738241\n|move|p1a: Rayquaza|Dragon Dance|p1a: Rayquaza\n|-boost|p1a: Rayquaza|atk|1\n|-boost|p1a: Rayquaza|spe|1\n|move|p2a: Sus|Rest|p2a: Sus\n|-status|p2a: Sus|slp|[from] move: Rest\n|-heal|p2a: Sus|100\/100 slp|[silent]\n|-enditem|p2a: Sus|Chesto Berry|[eat]\n|-curestatus|p2a: Sus|slp|[msg]\n|\n|upkeep\n|turn|7\n|\n|t:|1699738249\n|move|p1a: Rayquaza|Dragon Ascent|p2a: Sus\n|-damage|p2a: Sus|47\/100\n|-unboost|p1a: Rayquaza|def|1\n|-unboost|p1a: Rayquaza|spd|1\n|move|p2a: Sus|Haze|p2a: Sus\n|-clearallboost\n|\n|upkeep\n|turn|8\n|\n|t:|1699738257\n|move|p1a: Rayquaza|Dragon Dance|p1a: Rayquaza\n|-boost|p1a: Rayquaza|atk|1\n|-boost|p1a: Rayquaza|spe|1\n|move|p2a: Sus|Toxic|p1a: Rayquaza\n|-status|p1a: Rayquaza|tox\n|-enditem|p1a: Rayquaza|Lum Berry|[eat]\n|-curestatus|p1a: Rayquaza|tox|[msg]\n|\n|upkeep\n|turn|9\n|\n|t:|1699738266\n|move|p1a: Rayquaza|Dragon Ascent|p2a: Sus\n|-crit|p2a: Sus\n|-damage|p2a: Sus|0 fnt\n|-unboost|p1a: Rayquaza|def|1\n|-unboost|p1a: Rayquaza|spd|1\n|faint|p2a: Sus\n|\n|upkeep\n|\n|t:|1699738270\n|switch|p2a: RKS|Arceus, shiny|100\/100\n|turn|10\n|\n|t:|1699738277\n|move|p1a: Rayquaza|Dragon Ascent|p2a: RKS\n|-damage|p2a: RKS|14\/100\n|-unboost|p1a: Rayquaza|def|1\n|-unboost|p1a: Rayquaza|spd|1\n|move|p2a: RKS|Swords Dance|p2a: RKS\n|-boost|p2a: RKS|atk|2\n|\n|upkeep\n|turn|11\n|\n|t:|1699738283\n|-terastallize|p2a: RKS|Normal\n|move|p1a: Rayquaza|Extreme Speed|p2a: RKS\n|-damage|p2a: RKS|0 fnt\n|faint|p2a: RKS\n|\n|upkeep\n|-message|KingDoip forfeited.\n|\n|win|R37 Tests\n|raw|R37 Tests's rating: 1424 &rarr; <strong>1437<\/strong><br \/>(+13 for winning)\n|raw|KingDoip's rating: 1298 &rarr; <strong>1282<\/strong><br \/>(-16 for losing)\n|l|\u2606KingDoip\n","uploadtime":1699738300,"views":9,"p1id":"r37tests","p2id":"kingdoip","formatid":"gen9nationaldexubers","rating":1282,"private":0,"password":""}