{"id":"gen9nationaldexubers-2000137980","p1":"Justznic","p2":"tortoiseshell","format":"[Gen 9] National Dex Ubers","log":"|j|\u2606Justznic\n|j|\u2606tortoiseshell\n|t:|1701161503\n|gametype|singles\n|player|p1|Justznic|170|1536\n|player|p2|tortoiseshell|101|1804\n|teamsize|p1|6\n|teamsize|p2|6\n|gen|9\n|tier|[Gen 9] National Dex Ubers\n|rated|\n|rule|HP Percentage Mod: HP is shown in percentages\n|rule|Endless Battle Clause: Forcing endless battles is banned\n|rule|OHKO Clause: OHKO moves are banned\n|rule|Evasion Moves Clause: Evasion moves are banned\n|rule|Evasion Items Clause: Evasion items are banned\n|rule|Species Clause: Limit one of each Pok\u00e9mon\n|rule|Sleep Clause Mod: Limit one foe put to sleep\n|rule|Mega Rayquaza Clause: You cannot mega evolve Rayquaza\n|clearpoke\n|poke|p1|Mewtwo|\n|poke|p1|Ditto|\n|poke|p1|Klefki, M|\n|poke|p1|Orthworm, M|\n|poke|p1|Kyurem-Black|\n|poke|p1|Mew|\n|poke|p2|Groudon|\n|poke|p2|Ho-Oh|\n|poke|p2|Zygarde|\n|poke|p2|Arceus-Ground|\n|poke|p2|Yveltal|\n|poke|p2|Necrozma-Dusk-Mane|\n|teampreview\n|inactive|Battle timer is ON: inactive players will automatically lose when time's up. (requested by Justznic)\n|\n|t:|1701161510\n|start\n|switch|p1a: Kyurem|Kyurem-Black|100\/100\n|switch|p2a: Yveltal|Yveltal|100\/100\n|-ability|p1a: Kyurem|Teravolt\n|-ability|p2a: Yveltal|Dark Aura\n|turn|1\n|\n|t:|1701161518\n|move|p1a: Kyurem|Icicle Spear|p2a: Yveltal\n|-supereffective|p2a: Yveltal\n|-damage|p2a: Yveltal|76\/100\n|-supereffective|p2a: Yveltal\n|-damage|p2a: Yveltal|53\/100\n|-supereffective|p2a: Yveltal\n|-damage|p2a: Yveltal|31\/100\n|-supereffective|p2a: Yveltal\n|-damage|p2a: Yveltal|8\/100\n|-hitcount|p2a: Yveltal|4\n|move|p2a: Yveltal|Foul Play|p1a: Kyurem\n|-damage|p1a: Kyurem|36\/100\n|\n|upkeep\n|turn|2\n|\n|t:|1701161524\n|switch|p2a: Groudon|Groudon|100\/100\n|detailschange|p2a: Groudon|Groudon-Primal\n|-primal|p2a: Groudon|Red Orb\n|-weather|DesolateLand|[from] ability: Desolate Land|[of] p2a: Groudon\n|move|p1a: Kyurem|Roost|p1a: Kyurem\n|-heal|p1a: Kyurem|86\/100\n|-singleturn|p1a: Kyurem|move: Roost\n|\n|-weather|DesolateLand|[upkeep]\n|upkeep\n|turn|3\n|\n|t:|1701161528\n|move|p1a: Kyurem|Icicle Spear|p2a: Groudon\n|-damage|p2a: Groudon|92\/100\n|-damage|p2a: Groudon|82\/100\n|-damage|p2a: Groudon|73\/100\n|-damage|p2a: Groudon|64\/100\n|-damage|p2a: Groudon|54\/100\n|-hitcount|p2a: Groudon|5\n|move|p2a: Groudon|Overheat|p1a: Kyurem\n|-damage|p1a: Kyurem|0 fnt\n|-unboost|p2a: Groudon|spa|2\n|faint|p1a: Kyurem\n|\n|-weather|DesolateLand|[upkeep]\n|upkeep\n|\n|t:|1701161533\n|switch|p1a: Ditto|Ditto|100\/100\n|-transform|p1a: Ditto|p2a: Groudon|[from] ability: Imposter\n|turn|4\n|\n|t:|1701161540\n|move|p2a: Groudon|Earthquake|p1a: Ditto\n|-supereffective|p1a: Ditto\n|-damage|p1a: Ditto|16\/100\n|move|p1a: Ditto|Stealth Rock|p2a: Groudon\n|-sidestart|p2: tortoiseshell|move: Stealth Rock\n|\n|-weather|DesolateLand|[upkeep]\n|upkeep\n|turn|5\n|\n|t:|1701161548\n|move|p2a: Groudon|Rock Tomb|p1a: Ditto\n|-damage|p1a: Ditto|0 fnt\n|faint|p1a: Ditto\n|\n|-weather|DesolateLand|[upkeep]\n|upkeep\n|\n|t:|1701161552\n|switch|p1a: Klefki|Klefki, M|100\/100\n|turn|6\n|\n|t:|1701161559\n|-weather|none\n|switch|p2a: Yveltal|Yveltal|8\/100\n|-ability|p2a: Yveltal|Dark Aura\n|move|p1a: Klefki|Reflect|p1a: Klefki\n|-sidestart|p1: Justznic|Reflect\n|\n|upkeep\n|turn|7\n|\n|t:|1701161567\n|switch|p1a: Orthworm|Orthworm, M|100\/100\n|move|p2a: Yveltal|Roost|p2a: Yveltal\n|-heal|p2a: Yveltal|58\/100\n|-singleturn|p2a: Yveltal|move: Roost\n|\n|upkeep\n|turn|8\n|\n|t:|1701161573\n|switch|p2a: Ho-Oh|Ho-Oh|100\/100\n|move|p1a: Orthworm|Shed Tail|p1a: Orthworm\n|-start|p1a: Orthworm|Substitute|[from] move: Shed Tail\n|-damage|p1a: Orthworm|50\/100\n|-enditem|p1a: Orthworm|Sitrus Berry|[eat]\n|-heal|p1a: Orthworm|75\/100|[from] item: Sitrus Berry\n|\n|t:|1701161575\n|switch|p1a: Mewtwo|Mewtwo|100\/100|[from] Shed Tail\n|-ability|p1a: Mewtwo|Pressure\n|\n|upkeep\n|turn|9\n|\n|t:|1701161581\n|detailschange|p1a: Mewtwo|Mewtwo-Mega-X\n|-mega|p1a: Mewtwo|Mewtwo|Mewtwonite X\n|move|p1a: Mewtwo|Stone Edge|p2a: Ho-Oh\n|-supereffective|p2a: Ho-Oh\n|-damage|p2a: Ho-Oh|0 fnt\n|faint|p2a: Ho-Oh\n|\n|upkeep\n|\n|t:|1701161589\n|switch|p2a: Zygarde|Zygarde|100\/100\n|-damage|p2a: Zygarde|94\/100|[from] Stealth Rock\n|turn|10\n|\n|t:|1701161592\n|switch|p1a: Orthworm|Orthworm, M|75\/100\n|-terastallize|p2a: Zygarde|Water\n|move|p2a: Zygarde|Coil|p2a: Zygarde\n|-boost|p2a: Zygarde|atk|1\n|-boost|p2a: Zygarde|def|1\n|-boost|p2a: Zygarde|accuracy|1\n|\n|-heal|p2a: Zygarde|100\/100|[from] item: Leftovers\n|-sideend|p1: Justznic|Reflect\n|upkeep\n|turn|11\n|\n|t:|1701161598\n|move|p2a: Zygarde|Glare|p1a: Orthworm\n|-status|p1a: Orthworm|par\n|cant|p1a: Orthworm|par\n|\n|upkeep\n|turn|12\n|\n|t:|1701161605\n|switch|p2a: Groudon|Groudon-Primal|54\/100\n|-damage|p2a: Groudon|42\/100|[from] Stealth Rock\n|-weather|DesolateLand|[from] ability: Desolate Land|[of] p2a: Groudon\n|switch|p1a: Klefki|Klefki, M|100\/100\n|\n|-weather|DesolateLand|[upkeep]\n|upkeep\n|turn|13\n|\n|t:|1701161608\n|move|p1a: Klefki|Reflect|p1a: Klefki\n|-sidestart|p1: Justznic|Reflect\n|move|p2a: Groudon|Overheat|p1a: Klefki\n|-supereffective|p1a: Klefki\n|-damage|p1a: Klefki|0 fnt\n|-unboost|p2a: Groudon|spa|2\n|faint|p1a: Klefki\n|\n|-weather|DesolateLand|[upkeep]\n|upkeep\n|\n|t:|1701161614\n|switch|p1a: Mewtwo|Mewtwo-Mega-X|100\/100\n|turn|14\n|\n|t:|1701161619\n|move|p1a: Mewtwo|Bulk Up|p1a: Mewtwo\n|-boost|p1a: Mewtwo|atk|1\n|-boost|p1a: Mewtwo|def|1\n|move|p2a: Groudon|Rock Tomb|p1a: Mewtwo\n|-resisted|p1a: Mewtwo\n|-damage|p1a: Mewtwo|97\/100\n|-unboost|p1a: Mewtwo|spe|1\n|\n|-weather|DesolateLand|[upkeep]\n|upkeep\n|turn|15\n|\n|t:|1701161627\n|move|p1a: Mewtwo|Drain Punch|p2a: Groudon\n|-damage|p2a: Groudon|0 fnt\n|-heal|p1a: Mewtwo|100\/100|[from] drain|[of] p2a: Groudon\n|faint|p2a: Groudon\n|-weather|none\n|\n|upkeep\n|\n|t:|1701161632\n|switch|p2a: Necrozma|Necrozma-Dusk-Mane|100\/100\n|-damage|p2a: Necrozma|94\/100|[from] Stealth Rock\n|turn|16\n|\n|t:|1701161638\n|detailschange|p2a: Necrozma|Necrozma-Ultra\n|-burst|p2a: Necrozma|Necrozma|Ultranecrozium Z\n|move|p2a: Necrozma|Photon Geyser|p1a: Mewtwo\n|-damage|p1a: Mewtwo|37\/100\n|move|p1a: Mewtwo|Bulk Up|p1a: Mewtwo\n|-boost|p1a: Mewtwo|atk|1\n|-boost|p1a: Mewtwo|def|1\n|\n|upkeep\n|turn|17\n|\n|t:|1701161644\n|move|p2a: Necrozma|Photon Geyser|p1a: Mewtwo\n|-damage|p1a: Mewtwo|0 fnt\n|faint|p1a: Mewtwo\n|\n|-sideend|p1: Justznic|Reflect\n|upkeep\n|\n|t:|1701161650\n|switch|p1a: Orthworm|Orthworm, M|75\/100 par\n|turn|18\n|\n|t:|1701161659\n|-zpower|p2a: Necrozma\n|move|p2a: Necrozma|Light That Burns the Sky|p1a: Orthworm|[zeffect]\n|-resisted|p1a: Orthworm\n|-damage|p1a: Orthworm|0 fnt\n|faint|p1a: Orthworm\n|\n|upkeep\n|\n|t:|1701161661\n|switch|p1a: Mew|Mew|100\/100\n|turn|19\n|\n|t:|1701161664\n|move|p2a: Necrozma|Dragon Dance|p2a: Necrozma\n|-boost|p2a: Necrozma|atk|1\n|-boost|p2a: Necrozma|spe|1\n|move|p1a: Mew|Imprison|p1a: Mew\n|-start|p1a: Mew|move: Imprison\n|\n|upkeep\n|turn|20\n|\n|t:|1701161672\n|move|p2a: Necrozma|Earthquake|p1a: Mew\n|-damage|p1a: Mew|61\/100\n|-zpower|p1a: Mew\n|move|p1a: Mew|Z-Transform|p2a: Necrozma|[anim]Transform\n|-heal|p1a: Mew|100\/100|[zeffect]\n|-transform|p1a: Mew|p2a: Necrozma\n|\n|upkeep\n|turn|21\n|\n|t:|1701161677\n|move|p1a: Mew|Dragon Dance|p1a: Mew\n|-boost|p1a: Mew|atk|1\n|-boost|p1a: Mew|spe|1\n|-activate|p2a: Necrozma|move: Struggle\n|move|p2a: Necrozma|Struggle|p1a: Mew\n|-damage|p1a: Mew|79\/100\n|-damage|p2a: Necrozma|70\/100|[from] recoil\n|\n|upkeep\n|turn|22\n|\n|t:|1701161685\n|switch|p2a: Yveltal|Yveltal|58\/100\n|-ability|p2a: Yveltal|Dark Aura\n|move|p1a: Mew|Dragon Dance|p1a: Mew\n|-boost|p1a: Mew|atk|1\n|-boost|p1a: Mew|spe|1\n|\n|upkeep\n|turn|23\n|\n|t:|1701161691\n|move|p1a: Mew|Power Gem|p2a: Yveltal\n|-supereffective|p2a: Yveltal\n|-damage|p2a: Yveltal|0 fnt\n|faint|p2a: Yveltal\n|\n|upkeep\n|\n|t:|1701161698\n|switch|p2a: Zygarde|Zygarde, tera:Water|100\/100\n|-damage|p2a: Zygarde|88\/100|[from] Stealth Rock\n|turn|24\n|\n|t:|1701161703\n|move|p1a: Mew|Photon Geyser|p2a: Zygarde\n|-damage|p2a: Zygarde|20\/100\n|move|p2a: Zygarde|Glare|p1a: Mew\n|-status|p1a: Mew|par\n|\n|-heal|p2a: Zygarde|26\/100|[from] item: Leftovers\n|-activate|p2a: Zygarde|ability: Power Construct\n|detailschange|p2a: Zygarde|Zygarde-Complete, tera:Water\n|-heal|p2a: Zygarde|52\/100|[silent]\n|upkeep\n|turn|25\n|\n|t:|1701161722\n|move|p1a: Mew|Photon Geyser|p2a: Zygarde\n|-damage|p2a: Zygarde|8\/100\n|move|p2a: Zygarde|Rest|p2a: Zygarde\n|-status|p2a: Zygarde|slp|[from] move: Rest\n|-heal|p2a: Zygarde|100\/100 slp|[silent]\n|\n|upkeep\n|turn|26\n|\n|t:|1701161732\n|cant|p1a: Mew|par\n|cant|p2a: Zygarde|slp\n|\n|upkeep\n|turn|27\n|\n|t:|1701161740\n|move|p1a: Mew|Dragon Dance|p1a: Mew\n|-boost|p1a: Mew|atk|1\n|-boost|p1a: Mew|spe|1\n|cant|p2a: Zygarde|slp\n|\n|upkeep\n|turn|28\n|\n|t:|1701161744\n|move|p1a: Mew|Dragon Dance|p1a: Mew\n|-boost|p1a: Mew|atk|1\n|-boost|p1a: Mew|spe|1\n|-curestatus|p2a: Zygarde|slp|[msg]\n|move|p2a: Zygarde|Coil|p2a: Zygarde\n|-boost|p2a: Zygarde|atk|1\n|-boost|p2a: Zygarde|def|1\n|-boost|p2a: Zygarde|accuracy|1\n|\n|upkeep\n|turn|29\n|\n|t:|1701161748\n|move|p1a: Mew|Photon Geyser|p2a: Zygarde\n|-damage|p2a: Zygarde|60\/100\n|move|p2a: Zygarde|Thousand Arrows|p1a: Mew\n|-damage|p1a: Mew|36\/100 par\n|\n|-heal|p2a: Zygarde|66\/100|[from] item: Leftovers\n|upkeep\n|turn|30\n|\n|t:|1701161756\n|move|p1a: Mew|Photon Geyser|p2a: Zygarde\n|-crit|p2a: Zygarde\n|-damage|p2a: Zygarde|0 fnt\n|faint|p2a: Zygarde\n|\n|upkeep\n|c|\u2606tortoiseshell|dumb fuck crit\n|\n|t:|1701161772\n|switch|p2a: Necrozma|Necrozma-Ultra|70\/100\n|-damage|p2a: Necrozma|57\/100|[from] Stealth Rock\n|turn|31\n|\n|t:|1701161779\n|cant|p1a: Mew|par\n|-activate|p2a: Necrozma|move: Struggle\n|move|p2a: Necrozma|Struggle|p1a: Mew\n|-damage|p1a: Mew|21\/100 par\n|-damage|p2a: Necrozma|32\/100|[from] recoil\n|\n|upkeep\n|turn|32\n|\n|t:|1701161783\n|move|p1a: Mew|Earthquake|p2a: Necrozma\n|-damage|p2a: Necrozma|0 fnt\n|faint|p2a: Necrozma\n|\n|upkeep\n|\n|t:|1701161785\n|switch|p2a: Arceus|Arceus-Ground|100\/100\n|-damage|p2a: Arceus|94\/100|[from] Stealth Rock\n|turn|33\n|\n|t:|1701161793\n|move|p1a: Mew|Photon Geyser|p2a: Arceus\n|-damage|p2a: Arceus|0 fnt\n|faint|p2a: Arceus\n|\n|win|Justznic\n|raw|Justznic's rating: 1536 &rarr; <strong>1569<\/strong><br \/>(+33 for winning)\n|raw|tortoiseshell's rating: 1804 &rarr; <strong>1771<\/strong><br \/>(-33 for losing)\n","uploadtime":1701161768,"views":1,"p1id":"justznic","p2id":"tortoiseshell","formatid":"gen9nationaldexubers","rating":1569,"private":0,"password":""}