{"id":"gen9nationaldexubers-1983217899","p1":"SecretFBIAgent","p2":"85792195wwww","format":"[Gen 9] National Dex Ubers","log":"|j|\u2606SecretFBIAgent\n|j|\u260685792195wwww\n|t:|1699106560\n|gametype|singles\n|player|p1|SecretFBIAgent|102|1637\n|player|p2|85792195wwww|102|1872\n|teamsize|p1|6\n|teamsize|p2|6\n|gen|9\n|tier|[Gen 9] National Dex Ubers\n|rated|\n|rule|HP Percentage Mod: HP is shown in percentages\n|rule|Endless Battle Clause: Forcing endless battles is banned\n|rule|OHKO Clause: OHKO moves are banned\n|rule|Evasion Moves Clause: Evasion moves are banned\n|rule|Evasion Items Clause: Evasion items are banned\n|rule|Species Clause: Limit one of each Pok\u00e9mon\n|rule|Sleep Clause Mod: Limit one foe put to sleep\n|rule|Mega Rayquaza Clause: You cannot mega evolve Rayquaza\n|clearpoke\n|poke|p1|Yveltal|\n|poke|p1|Groudon|\n|poke|p1|Deoxys-Attack|\n|poke|p1|Kyogre|\n|poke|p1|Marshadow|\n|poke|p1|Zacian-*|\n|poke|p2|Arceus|\n|poke|p2|Xerneas-*|\n|poke|p2|Groudon|\n|poke|p2|Zacian-*|\n|poke|p2|Samurott-Hisui, F|\n|poke|p2|Rayquaza|\n|teampreview\n|inactive|Battle timer is ON: inactive players will automatically lose when time's up. (requested by SecretFBIAgent)\n|\n|t:|1699106585\n|start\n|switch|p1a: Kyogre|Kyogre, shiny|100\/100\n|switch|p2a: Samurott|Samurott-Hisui, F|100\/100\n|detailschange|p1a: Kyogre|Kyogre-Primal, shiny\n|-primal|p1a: Kyogre|Blue Orb\n|-weather|PrimordialSea|[from] ability: Primordial Sea|[of] p1a: Kyogre\n|turn|1\n|\n|t:|1699106596\n|move|p1a: Kyogre|Thunder|p2a: Samurott\n|-supereffective|p2a: Samurott\n|-enditem|p2a: Samurott|Focus Sash\n|-damage|p2a: Samurott|1\/100\n|move|p2a: Samurott|Ceaseless Edge|p1a: Kyogre\n|-damage|p1a: Kyogre|44\/100\n|-sidestart|p1: SecretFBIAgent|Spikes\n|\n|-weather|PrimordialSea|[upkeep]\n|upkeep\n|turn|2\n|\n|t:|1699106606\n|-weather|none\n|switch|p1a: Yveltal|Yveltal, shiny|100\/100\n|-ability|p1a: Yveltal|Dark Aura\n|move|p2a: Samurott|Ceaseless Edge|p1a: Yveltal\n|-resisted|p1a: Yveltal\n|-crit|p1a: Yveltal\n|-damage|p1a: Yveltal|68\/100\n|-sidestart|p1: SecretFBIAgent|Spikes\n|\n|upkeep\n|turn|3\n|\n|t:|1699106619\n|move|p2a: Samurott|Taunt|p1a: Yveltal\n|-start|p1a: Yveltal|move: Taunt\n|cant|p1a: Yveltal|move: Taunt|Defog\n|\n|upkeep\n|turn|4\n|\n|t:|1699106627\n|move|p1a: Yveltal|Sucker Punch|p2a: Samurott\n|-resisted|p2a: Samurott\n|-damage|p2a: Samurott|0 fnt\n|faint|p2a: Samurott\n|\n|upkeep\n|\n|t:|1699106645\n|switch|p2a: Rayquaza|Rayquaza|100\/100\n|-ability|p2a: Rayquaza|Air Lock\n|turn|5\n|\n|t:|1699106652\n|move|p2a: Rayquaza|Dragon Ascent|p1a: Yveltal\n|-damage|p1a: Yveltal|0 fnt\n|-unboost|p2a: Rayquaza|def|1\n|-unboost|p2a: Rayquaza|spd|1\n|faint|p1a: Yveltal\n|\n|upkeep\n|\n|t:|1699106656\n|switch|p1a: Zacian|Zacian-Crowned|100\/100\n|-damage|p1a: Zacian|84\/100|[from] Spikes\n|-ability|p1a: Zacian|Intrepid Sword|boost\n|-boost|p1a: Zacian|atk|1\n|turn|6\n|\n|t:|1699106664\n|move|p1a: Zacian|Play Rough|p2a: Rayquaza\n|-supereffective|p2a: Rayquaza\n|-damage|p2a: Rayquaza|0 fnt\n|faint|p2a: Rayquaza\n|\n|upkeep\n|\n|t:|1699106671\n|switch|p2a: Groudon|Groudon|100\/100\n|detailschange|p2a: Groudon|Groudon-Primal\n|-primal|p2a: Groudon|Red Orb\n|-weather|DesolateLand|[from] ability: Desolate Land|[of] p2a: Groudon\n|turn|7\n|\n|t:|1699106678\n|switch|p1a: Kyogre|Kyogre-Primal, shiny|44\/100\n|-damage|p1a: Kyogre|28\/100|[from] Spikes\n|-weather|PrimordialSea|[from] ability: Primordial Sea|[of] p1a: Kyogre\n|move|p2a: Groudon|Rock Polish|p2a: Groudon\n|-boost|p2a: Groudon|spe|2\n|\n|-weather|PrimordialSea|[upkeep]\n|upkeep\n|turn|8\n|\n|t:|1699106689\n|move|p2a: Groudon|Precipice Blades|p1a: Kyogre\n|-damage|p1a: Kyogre|0 fnt\n|faint|p1a: Kyogre\n|-weather|none\n|\n|upkeep\n|-message|SecretFBIAgent forfeited.\n|\n|win|85792195wwww\n|raw|SecretFBIAgent's rating: 1637 &rarr; <strong>1629<\/strong><br \/>(-8 for losing)\n|raw|85792195wwww's rating: 1872 &rarr; <strong>1880<\/strong><br \/>(+8 for winning)\n|l|\u2606SecretFBIAgent\n","uploadtime":1699106699,"views":9,"p1id":"secretfbiagent","p2id":"85792195wwww","formatid":"gen9nationaldexubers","rating":1629,"private":0,"password":""}