{"id":"gen9nationaldexubers-1993196544","p1":"Redfireboi5","p2":"vic_ketchum","format":"[Gen 9] National Dex Ubers","log":"|j|\u2606Redfireboi5\n|j|\u2606vic_ketchum\n|t:|1700276686\n|gametype|singles\n|player|p1|Redfireboi5|iris-gen5bw2|1032\n|player|p2|vic_ketchum|ash-kalos|1017\n|teamsize|p1|6\n|teamsize|p2|6\n|gen|9\n|tier|[Gen 9] National Dex Ubers\n|rated|\n|rule|HP Percentage Mod: HP is shown in percentages\n|rule|Endless Battle Clause: Forcing endless battles is banned\n|rule|OHKO Clause: OHKO moves are banned\n|rule|Evasion Moves Clause: Evasion moves are banned\n|rule|Evasion Items Clause: Evasion items are banned\n|rule|Species Clause: Limit one of each Pok\u00e9mon\n|rule|Sleep Clause Mod: Limit one foe put to sleep\n|rule|Mega Rayquaza Clause: You cannot mega evolve Rayquaza\n|clearpoke\n|poke|p1|Kommo-o, M|\n|poke|p1|Dragonite, M|\n|poke|p1|Charizard, M|\n|poke|p1|Tyrantrum, M|\n|poke|p1|Garchomp, F|\n|poke|p1|Cyclizar, F|\n|poke|p2|Mewtwo|\n|poke|p2|Pheromosa|\n|poke|p2|Deoxys|\n|poke|p2|Buzzwole|\n|poke|p2|Zoroark, M|\n|poke|p2|Scizor, M|\n|teampreview\n|inactive|Battle timer is ON: inactive players will automatically lose when time's up. (requested by vic_ketchum)\n|\n|t:|1700276700\n|start\n|switch|p1a: Cyclizar|Cyclizar, F|100\/100\n|switch|p2a: CELL|Pheromosa|100\/100\n|turn|1\n|\n|t:|1700276705\n|move|p1a: Cyclizar|Shed Tail|p1a: Cyclizar\n|-start|p1a: Cyclizar|Substitute|[from] move: Shed Tail\n|-damage|p1a: Cyclizar|50\/100\n|-enditem|p1a: Cyclizar|Sitrus Berry|[eat]\n|-heal|p1a: Cyclizar|75\/100|[from] item: Sitrus Berry\n|\n|t:|1700276710\n|switch|p1a: Dragonite|Dragonite, M|100\/100|[from] Shed Tail\n|move|p2a: CELL|Ice Beam|p1a: Dragonite\n|-supereffective|p1a: Dragonite\n|-end|p1a: Dragonite|Substitute\n|\n|upkeep\n|turn|2\n|\n|t:|1700276717\n|move|p2a: CELL|Ice Beam|p1a: Dragonite\n|-supereffective|p1a: Dragonite\n|-damage|p1a: Dragonite|36\/100\n|-enditem|p1a: Dragonite|Weakness Policy\n|-boost|p1a: Dragonite|atk|2|[from] item: Weakness Policy\n|-boost|p1a: Dragonite|spa|2|[from] item: Weakness Policy\n|move|p1a: Dragonite|Dragon Dance|p1a: Dragonite\n|-boost|p1a: Dragonite|atk|1\n|-boost|p1a: Dragonite|spe|1\n|\n|upkeep\n|turn|3\n|\n|t:|1700276725\n|-terastallize|p1a: Dragonite|Normal\n|move|p1a: Dragonite|Extreme Speed|p2a: CELL\n|-enditem|p2a: CELL|Focus Sash\n|-damage|p2a: CELL|1\/100\n|move|p2a: CELL|Ice Beam|p1a: Dragonite\n|-damage|p1a: Dragonite|6\/100\n|-status|p1a: Dragonite|frz\n|\n|upkeep\n|turn|4\n|\n|t:|1700276736\n|cant|p1a: Dragonite|frz\n|move|p2a: CELL|Bug Buzz|p1a: Dragonite\n|-damage|p1a: Dragonite|0 fnt\n|faint|p1a: Dragonite\n|-ability|p2a: CELL|Beast Boost|boost\n|-boost|p2a: CELL|spe|1\n|\n|upkeep\n|\n|t:|1700276746\n|switch|p1a: Cyclizar|Cyclizar, F|100\/100\n|turn|5\n|\n|t:|1700276756\n|move|p2a: CELL|Ice Beam|p1a: Cyclizar\n|-supereffective|p1a: Cyclizar\n|-damage|p1a: Cyclizar|15\/100\n|move|p1a: Cyclizar|Draco Meteor|p2a: CELL\n|-damage|p2a: CELL|0 fnt\n|-unboost|p1a: Cyclizar|spa|2\n|faint|p2a: CELL\n|\n|upkeep\n|\n|t:|1700276764\n|switch|p2a: XICOR|Scizor, M, shiny|100\/100\n|turn|6\n|\n|t:|1700276767\n|move|p2a: XICOR|Bullet Punch|p1a: Cyclizar\n|-damage|p1a: Cyclizar|0 fnt\n|faint|p1a: Cyclizar\n|\n|upkeep\n|\n|t:|1700276771\n|switch|p1a: Charizard|Charizard, M|100\/100\n|turn|7\n|\n|t:|1700276781\n|detailschange|p1a: Charizard|Charizard-Mega-X, M\n|-mega|p1a: Charizard|Charizard|Charizardite X\n|move|p1a: Charizard|Dragon Dance|p1a: Charizard\n|-boost|p1a: Charizard|atk|1\n|-boost|p1a: Charizard|spe|1\n|move|p2a: XICOR|Swords Dance|p2a: XICOR\n|-boost|p2a: XICOR|atk|2\n|\n|upkeep\n|turn|8\n|\n|t:|1700276790\n|move|p1a: Charizard|Flare Blitz|p2a: XICOR\n|-supereffective|p2a: XICOR\n|-enditem|p2a: XICOR|Focus Sash\n|-damage|p2a: XICOR|1\/100\n|-damage|p1a: Charizard|67\/100|[from] Recoil\n|move|p2a: XICOR|Close Combat|p1a: Charizard\n|-damage|p1a: Charizard|0 fnt\n|-unboost|p2a: XICOR|def|1\n|-unboost|p2a: XICOR|spd|1\n|faint|p1a: Charizard\n|\n|upkeep\n|\n|t:|1700276800\n|switch|p1a: Garchomp|Garchomp, F|100\/100\n|turn|9\n|\n|t:|1700276804\n|move|p2a: XICOR|Bullet Punch|p1a: Garchomp\n|-damage|p1a: Garchomp|39\/100\n|-damage|p2a: XICOR|0 fnt|[from] ability: Rough Skin|[of] p1a: Garchomp\n|faint|p2a: XICOR\n|move|p1a: Garchomp|Dragon Claw|p2: XICOR|[notarget]\n|-fail|p1a: Garchomp\n|\n|upkeep\n|\n|t:|1700276812\n|switch|p2a: MAJIN BUU|Deoxys|100\/100\n|-ability|p2a: MAJIN BUU|Pressure\n|turn|10\n|\n|t:|1700276822\n|move|p2a: MAJIN BUU|Psychic|p1a: Garchomp\n|-damage|p1a: Garchomp|0 fnt\n|faint|p1a: Garchomp\n|\n|upkeep\n|\n|t:|1700276826\n|switch|p1a: Tyrantrum|Tyrantrum, M|100\/100\n|turn|11\n|\n|t:|1700276835\n|move|p2a: MAJIN BUU|Energy Ball|p1a: Tyrantrum\n|-damage|p1a: Tyrantrum|57\/100\n|move|p1a: Tyrantrum|Dragon Tail|p2a: MAJIN BUU\n|-damage|p2a: MAJIN BUU|34\/100\n|drag|p2a: BROLY|Buzzwole, shiny|100\/100\n|\n|upkeep\n|turn|12\n|\n|t:|1700276847\n|move|p2a: BROLY|Ice Punch|p1a: Tyrantrum\n|-supereffective|p1a: Tyrantrum\n|-damage|p1a: Tyrantrum|18\/100\n|-damage|p2a: BROLY|84\/100|[from] item: Rocky Helmet|[of] p1a: Tyrantrum\n|move|p1a: Tyrantrum|Head Smash|p2a: BROLY\n|-damage|p2a: BROLY|29\/100\n|\n|upkeep\n|turn|13\n|\n|t:|1700276854\n|move|p2a: BROLY|Outrage|p1a: Tyrantrum\n|-supereffective|p1a: Tyrantrum\n|-damage|p1a: Tyrantrum|0 fnt\n|-damage|p2a: BROLY|13\/100|[from] item: Rocky Helmet|[of] p1a: Tyrantrum\n|faint|p1a: Tyrantrum\n|-ability|p2a: BROLY|Beast Boost|boost\n|-boost|p2a: BROLY|atk|1\n|\n|upkeep\n|\n|t:|1700276856\n|switch|p1a: Kommo-o|Kommo-o, M|100\/100\n|turn|14\n|\n|t:|1700276862\n|-zpower|p1a: Kommo-o\n|move|p1a: Kommo-o|Clangorous Soulblaze|p2a: BROLY|[zeffect]\n|-damage|p2a: BROLY|0 fnt\n|faint|p2a: BROLY\n|-boost|p1a: Kommo-o|atk|1\n|-boost|p1a: Kommo-o|def|1\n|-boost|p1a: Kommo-o|spa|1\n|-boost|p1a: Kommo-o|spd|1\n|-boost|p1a: Kommo-o|spe|1\n|\n|upkeep\n|\n|t:|1700276875\n|switch|p2a: MAJIN BUU|Deoxys|100\/100\n|turn|15\n|\n|t:|1700276879\n|move|p1a: Kommo-o|Iron Head|p2a: MAJIN BUU\n|-damage|p2a: MAJIN BUU|37\/100\n|replace|p2a: ZAMAS|Zoroark, M\n|-end|p2a: ZAMAS|Illusion\n|move|p2a: ZAMAS|Toxic|p1a: Kommo-o\n|-status|p1a: Kommo-o|tox\n|\n|-damage|p1a: Kommo-o|94\/100 tox|[from] psn\n|upkeep\n|turn|16\n|\n|t:|1700276890\n|move|p1a: Kommo-o|Drain Punch|p2a: ZAMAS\n|-supereffective|p2a: ZAMAS\n|-damage|p2a: ZAMAS|0 fnt\n|-heal|p1a: Kommo-o|100\/100 tox|[from] drain|[of] p2a: ZAMAS\n|faint|p2a: ZAMAS\n|\n|-damage|p1a: Kommo-o|88\/100 tox|[from] psn\n|upkeep\n|\n|t:|1700276898\n|switch|p2a: MAJIN BUU|Deoxys|34\/100\n|-ability|p2a: MAJIN BUU|Pressure\n|turn|17\n|\n|t:|1700276906\n|move|p1a: Kommo-o|Clanging Scales|p2a: MAJIN BUU\n|-damage|p2a: MAJIN BUU|0 fnt\n|faint|p2a: MAJIN BUU\n|-unboost|p1a: Kommo-o|def|1\n|\n|-damage|p1a: Kommo-o|70\/100 tox|[from] psn\n|upkeep\n|\n|t:|1700276913\n|switch|p2a: FREEZER|Mewtwo|100\/100\n|-ability|p2a: FREEZER|Pressure\n|turn|18\n|\n|t:|1700276917\n|-terastallize|p2a: FREEZER|Ghost\n|move|p1a: Kommo-o|Iron Head|p2a: FREEZER\n|-damage|p2a: FREEZER|69\/100\n|cant|p2a: FREEZER|flinch\n|\n|-damage|p1a: Kommo-o|45\/100 tox|[from] psn\n|upkeep\n|turn|19\n|\n|t:|1700276926\n|move|p1a: Kommo-o|Clanging Scales|p2a: FREEZER\n|-damage|p2a: FREEZER|16\/100\n|-unboost|p1a: Kommo-o|def|1\n|move|p2a: FREEZER|Ice Beam|p1a: Kommo-o\n|-supereffective|p1a: Kommo-o\n|-crit|p1a: Kommo-o\n|-damage|p1a: Kommo-o|0 fnt\n|faint|p1a: Kommo-o\n|\n|win|vic_ketchum\n|raw|Redfireboi5's rating: 1032 &rarr; <strong>1017<\/strong><br \/>(-15 for losing)\n|raw|vic_ketchum's rating: 1017 &rarr; <strong>1056<\/strong><br \/>(+39 for winning)\n|l|\u2606Redfireboi5\n","uploadtime":1700276937,"views":9,"p1id":"redfireboi5","p2id":"vicketchum","formatid":"gen9nationaldexubers","rating":1017,"private":0,"password":""}