{"id":"gen9nationaldexubers-1988094759","p1":"HarmTurtle","p2":"Rio34","format":"[Gen 9] National Dex Ubers","log":"|j|\u2606HarmTurtle\n|j|\u2606Rio34\n|t:|1699668858\n|gametype|singles\n|player|p1|HarmTurtle|carmine-festival|\n|player|p2|Rio34|riley|\n|teamsize|p1|6\n|teamsize|p2|6\n|gen|9\n|tier|[Gen 9] National Dex Ubers\n|rule|HP Percentage Mod: HP is shown in percentages\n|rule|Endless Battle Clause: Forcing endless battles is banned\n|rule|OHKO Clause: OHKO moves are banned\n|rule|Evasion Moves Clause: Evasion moves are banned\n|rule|Evasion Items Clause: Evasion items are banned\n|rule|Species Clause: Limit one of each Pok\u00e9mon\n|rule|Sleep Clause Mod: Limit one foe put to sleep\n|rule|Mega Rayquaza Clause: You cannot mega evolve Rayquaza\n|clearpoke\n|poke|p1|Veluza, F|\n|poke|p1|Ninetales-Alola, F|\n|poke|p1|Absol, F|\n|poke|p1|Tauros-Paldea-Aqua, M|\n|poke|p1|Turtonator, M|\n|poke|p1|Gogoat, F|\n|poke|p2|Celesteela|\n|poke|p2|Chimecho, F|\n|poke|p2|Goodra-Hisui, F|\n|poke|p2|Muk-Alola, M|\n|poke|p2|Revavroom, M|\n|poke|p2|Escavalier, M|\n|teampreview\n|c|\u2606HarmTurtle|gl hf!\n|\n|t:|1699668908\n|start\n|switch|p1a: lottery ticket|Absol, F, shiny|100\/100\n|switch|p2a: Chimecho|Chimecho, F|100\/100\n|-ability|p1a: lottery ticket|Pressure\n|turn|1\n|\n|t:|1699668917\n|detailschange|p1a: lottery ticket|Absol-Mega, F, shiny\n|-mega|p1a: lottery ticket|Absol|Absolite\n|move|p1a: lottery ticket|Knock Off|p2a: Chimecho\n|-supereffective|p2a: Chimecho\n|-enditem|p2a: Chimecho|Focus Sash\n|-damage|p2a: Chimecho|1\/100\n|move|p2a: Chimecho|Trick Room|p2a: Chimecho\n|-fieldstart|move: Trick Room|[of] p2a: Chimecho\n|\n|upkeep\n|turn|2\n|\n|t:|1699668944\n|switch|p2a: Escavalier|Escavalier, M|100\/100\n|switch|p1a: aaaaaAAAA|Tauros-Paldea-Aqua, M|100\/100\n|-ability|p1a: aaaaaAAAA|Intimidate|boost\n|-unboost|p2a: Escavalier|atk|1\n|\n|upkeep\n|turn|3\n|\n|t:|1699668966\n|switch|p2a: Muk|Muk-Alola, M|100\/100\n|switch|p1a: turts mcgee|Turtonator, M, shiny|100\/100\n|\n|upkeep\n|turn|4\n|\n|t:|1699668980\n|switch|p1a: lottery ticket|Absol-Mega, F, shiny|100\/100\n|move|p2a: Muk|Knock Off|p1a: lottery ticket\n|-resisted|p1a: lottery ticket\n|-damage|p1a: lottery ticket|78\/100\n|\n|upkeep\n|turn|5\n|\n|t:|1699669003\n|switch|p2a: Goodra|Goodra-Hisui, F|100\/100\n|move|p1a: lottery ticket|Will-O-Wisp|p2a: Goodra|[miss]\n|-miss|p1a: lottery ticket|p2a: Goodra\n|\n|-fieldend|move: Trick Room\n|upkeep\n|turn|6\n|\n|t:|1699669020\n|move|p1a: lottery ticket|Knock Off|p2a: Goodra\n|-damage|p2a: Goodra|52\/100\n|-enditem|p2a: Goodra|Iapapa Berry|[from] move: Knock Off|[of] p1a: lottery ticket\n|move|p2a: Goodra|Shelter|p2a: Goodra\n|-boost|p2a: Goodra|def|2\n|\n|upkeep\n|turn|7\n|\n|t:|1699669054\n|move|p1a: lottery ticket|Will-O-Wisp|p2a: Goodra\n|-status|p2a: Goodra|brn\n|move|p2a: Goodra|Curse|p2a: Goodra\n|-unboost|p2a: Goodra|spe|1\n|-boost|p2a: Goodra|atk|1\n|-boost|p2a: Goodra|def|1\n|\n|-damage|p2a: Goodra|46\/100 brn|[from] brn\n|upkeep\n|turn|8\n|\n|t:|1699669070\n|switch|p1a: the other GOAT|Ninetales-Alola, F|100\/100\n|-weather|Snow|[from] ability: Snow Warning|[of] p1a: the other GOAT\n|move|p2a: Goodra|Flash Cannon|p1a: the other GOAT\n|-supereffective|p1a: the other GOAT\n|-damage|p1a: the other GOAT|0 fnt\n|faint|p1a: the other GOAT\n|\n|-weather|Snow|[upkeep]\n|-damage|p2a: Goodra|40\/100 brn|[from] brn\n|upkeep\n|\n|t:|1699669092\n|switch|p1a: veluzer|Veluza, F|100\/100\n|turn|9\n|\n|t:|1699669100\n|move|p1a: veluzer|Fillet Away|p1a: veluzer\n|-boost|p1a: veluzer|atk|2\n|-boost|p1a: veluzer|spa|2\n|-boost|p1a: veluzer|spe|2\n|-damage|p1a: veluzer|50\/100\n|-enditem|p1a: veluzer|Sitrus Berry|[eat]\n|-heal|p1a: veluzer|75\/100|[from] item: Sitrus Berry\n|move|p2a: Goodra|Dragon Pulse|p1a: veluzer\n|-damage|p1a: veluzer|8\/100\n|\n|-weather|Snow|[upkeep]\n|-damage|p2a: Goodra|34\/100 brn|[from] brn\n|upkeep\n|turn|10\n|\n|t:|1699669119\n|move|p1a: veluzer|Ice Beam|p2a: Goodra\n|-damage|p2a: Goodra|11\/100 brn\n|move|p2a: Goodra|Flash Cannon|p1a: veluzer\n|-resisted|p1a: veluzer\n|-damage|p1a: veluzer|0 fnt\n|faint|p1a: veluzer\n|\n|-weather|Snow|[upkeep]\n|-damage|p2a: Goodra|5\/100 brn|[from] brn\n|upkeep\n|\n|t:|1699669126\n|switch|p1a: lottery ticket|Absol-Mega, F, shiny|78\/100\n|turn|11\n|\n|t:|1699669136\n|move|p1a: lottery ticket|Knock Off|p2a: Goodra\n|-damage|p2a: Goodra|0 fnt\n|faint|p2a: Goodra\n|\n|-weather|Snow|[upkeep]\n|upkeep\n|\n|t:|1699669147\n|switch|p2a: Escavalier|Escavalier, M|100\/100\n|turn|12\n|\n|t:|1699669164\n|switch|p1a: aaaaaAAAA|Tauros-Paldea-Aqua, M|100\/100\n|-ability|p1a: aaaaaAAAA|Intimidate|boost\n|-unboost|p2a: Escavalier|atk|1\n|move|p2a: Escavalier|X-Scissor|p1a: aaaaaAAAA\n|-resisted|p1a: aaaaaAAAA\n|-damage|p1a: aaaaaAAAA|75\/100\n|\n|-weather|none\n|upkeep\n|turn|13\n|\n|t:|1699669180\n|switch|p2a: Revavroom|Revavroom, M|100\/100\n|move|p1a: aaaaaAAAA|Raging Bull|p2a: Revavroom\n|-damage|p2a: Revavroom|51\/100\n|\n|upkeep\n|turn|14\n|\n|t:|1699669190\n|move|p1a: aaaaaAAAA|Close Combat|p2a: Revavroom\n|-damage|p2a: Revavroom|0 fnt\n|-unboost|p1a: aaaaaAAAA|def|1\n|-unboost|p1a: aaaaaAAAA|spd|1\n|faint|p2a: Revavroom\n|\n|upkeep\n|\n|t:|1699669198\n|switch|p2a: Celesteela|Celesteela|100\/100\n|turn|15\n|\n|t:|1699669232\n|switch|p1a: lottery ticket|Absol-Mega, F, shiny|78\/100\n|move|p2a: Celesteela|Zen Headbutt|p1a: lottery ticket\n|-immune|p1a: lottery ticket\n|\n|upkeep\n|turn|16\n|\n|t:|1699669243\n|move|p1a: lottery ticket|Knock Off|p2a: Celesteela\n|-damage|p2a: Celesteela|53\/100\n|-enditem|p2a: Celesteela|Leftovers|[from] move: Knock Off|[of] p1a: lottery ticket\n|move|p2a: Celesteela|Stomping Tantrum|p1a: lottery ticket\n|-damage|p1a: lottery ticket|0 fnt\n|faint|p1a: lottery ticket\n|-ability|p2a: Celesteela|Beast Boost|boost\n|-boost|p2a: Celesteela|atk|1\n|\n|upkeep\n|\n|t:|1699669255\n|switch|p1a: aaaaaAAAA|Tauros-Paldea-Aqua, M|75\/100\n|-ability|p1a: aaaaaAAAA|Intimidate|boost\n|-unboost|p2a: Celesteela|atk|1\n|turn|17\n|\n|t:|1699669268\n|switch|p1a: turts mcgee|Turtonator, M, shiny|100\/100\n|move|p2a: Celesteela|Zen Headbutt|p1a: turts mcgee\n|-damage|p1a: turts mcgee|78\/100\n|\n|upkeep\n|turn|18\n|\n|t:|1699669290\n|switch|p2a: Muk|Muk-Alola, M|100\/100\n|move|p1a: turts mcgee|Taunt|p2a: Muk\n|-start|p2a: Muk|move: Taunt\n|\n|upkeep\n|turn|19\n|\n|t:|1699669299\n|switch|p1a: aaaaaAAAA|Tauros-Paldea-Aqua, M|75\/100\n|-ability|p1a: aaaaaAAAA|Intimidate|boost\n|-unboost|p2a: Muk|atk|1\n|move|p2a: Muk|Knock Off|p1a: aaaaaAAAA\n|-resisted|p1a: aaaaaAAAA\n|-damage|p1a: aaaaaAAAA|62\/100\n|-enditem|p1a: aaaaaAAAA|Assault Vest|[from] move: Knock Off|[of] p2a: Muk\n|\n|upkeep\n|turn|20\n|\n|t:|1699669311\n|move|p1a: aaaaaAAAA|Raging Bull|p2a: Muk\n|-damage|p2a: Muk|57\/100\n|move|p2a: Muk|Dark Pulse|p1a: aaaaaAAAA\n|-resisted|p1a: aaaaaAAAA\n|-damage|p1a: aaaaaAAAA|40\/100\n|\n|-end|p2a: Muk|move: Taunt\n|upkeep\n|turn|21\n|\n|t:|1699669332\n|move|p1a: aaaaaAAAA|Raging Bull|p2a: Muk\n|-damage|p2a: Muk|15\/100\n|-enditem|p2a: Muk|Iapapa Berry|[eat]\n|-heal|p2a: Muk|48\/100|[from] item: Iapapa Berry\n|move|p2a: Muk|Dark Pulse|p1a: aaaaaAAAA\n|-resisted|p1a: aaaaaAAAA\n|-damage|p1a: aaaaaAAAA|19\/100\n|\n|upkeep\n|turn|22\n|\n|t:|1699669343\n|move|p1a: aaaaaAAAA|Close Combat|p2a: Muk\n|-damage|p2a: Muk|0 fnt\n|-unboost|p1a: aaaaaAAAA|def|1\n|-unboost|p1a: aaaaaAAAA|spd|1\n|faint|p2a: Muk\n|\n|upkeep\n|\n|t:|1699669376\n|switch|p2a: Celesteela|Celesteela|53\/100\n|turn|23\n|\n|t:|1699669424\n|move|p1a: aaaaaAAAA|Close Combat|p2a: Celesteela\n|-damage|p2a: Celesteela|5\/100\n|-unboost|p1a: aaaaaAAAA|def|1\n|-unboost|p1a: aaaaaAAAA|spd|1\n|move|p2a: Celesteela|Gyro Ball|p1a: aaaaaAAAA\n|-resisted|p1a: aaaaaAAAA\n|-damage|p1a: aaaaaAAAA|0 fnt\n|faint|p1a: aaaaaAAAA\n|-ability|p2a: Celesteela|Beast Boost|boost\n|-boost|p2a: Celesteela|atk|1\n|\n|upkeep\n|\n|t:|1699669430\n|switch|p1a: go go gadget W|Gogoat, F|100\/100\n|turn|24\n|\n|t:|1699669441\n|move|p1a: go go gadget W|Horn Leech|p2a: Celesteela\n|-resisted|p2a: Celesteela\n|-damage|p2a: Celesteela|0 fnt\n|faint|p2a: Celesteela\n|\n|upkeep\n|\n|t:|1699669449\n|switch|p2a: Escavalier|Escavalier, M|100\/100\n|turn|25\n|\n|t:|1699669460\n|move|p1a: go go gadget W|Bulk Up|p1a: go go gadget W\n|-boost|p1a: go go gadget W|atk|1\n|-boost|p1a: go go gadget W|def|1\n|move|p2a: Escavalier|X-Scissor|p1a: go go gadget W\n|-supereffective|p1a: go go gadget W\n|-damage|p1a: go go gadget W|3\/100\n|\n|upkeep\n|turn|26\n|\n|t:|1699669469\n|move|p1a: go go gadget W|Horn Leech|p2a: Escavalier\n|-resisted|p2a: Escavalier\n|-damage|p2a: Escavalier|92\/100\n|-heal|p1a: go go gadget W|7\/100|[from] drain|[of] p2a: Escavalier\n|move|p2a: Escavalier|X-Scissor|p1a: go go gadget W\n|-supereffective|p1a: go go gadget W\n|-damage|p1a: go go gadget W|0 fnt\n|faint|p1a: go go gadget W\n|\n|upkeep\n|\n|t:|1699669470\n|switch|p1a: turts mcgee|Turtonator, M, shiny|78\/100\n|turn|27\n|\n|t:|1699669479\n|switch|p2a: Chimecho|Chimecho, F|1\/100\n|move|p1a: turts mcgee|Taunt|p2a: Chimecho\n|-start|p2a: Chimecho|move: Taunt\n|\n|upkeep\n|turn|28\n|\n|t:|1699669489\n|move|p1a: turts mcgee|Rapid Spin|p2a: Chimecho\n|-damage|p2a: Chimecho|0 fnt\n|-boost|p1a: turts mcgee|spe|1\n|faint|p2a: Chimecho\n|\n|upkeep\n|\n|t:|1699669493\n|switch|p2a: Escavalier|Escavalier, M|92\/100\n|turn|29\n|\n|t:|1699669496\n|move|p1a: turts mcgee|Rapid Spin|p2a: Escavalier\n|-resisted|p2a: Escavalier\n|-damage|p2a: Escavalier|88\/100\n|-boost|p1a: turts mcgee|spe|1\n|move|p2a: Escavalier|Razor Shell|p1a: turts mcgee\n|-damage|p1a: turts mcgee|40\/100\n|\n|upkeep\n|turn|30\n|\n|t:|1699669504\n|move|p1a: turts mcgee|Rapid Spin|p2a: Escavalier\n|-resisted|p2a: Escavalier\n|-damage|p2a: Escavalier|83\/100\n|-boost|p1a: turts mcgee|spe|1\n|move|p2a: Escavalier|Razor Shell|p1a: turts mcgee\n|-damage|p1a: turts mcgee|1\/100\n|-unboost|p1a: turts mcgee|def|1\n|\n|upkeep\n|turn|31\n|\n|t:|1699669514\n|move|p1a: turts mcgee|Rapid Spin|p2a: Escavalier\n|-resisted|p2a: Escavalier\n|-crit|p2a: Escavalier\n|-damage|p2a: Escavalier|76\/100\n|-boost|p1a: turts mcgee|spe|1\n|move|p2a: Escavalier|Razor Shell|p1a: turts mcgee\n|-damage|p1a: turts mcgee|0 fnt\n|faint|p1a: turts mcgee\n|\n|win|Rio34\n|l|\u2606Rio34\n","uploadtime":1699670116,"views":9,"p1id":"harmturtle","p2id":"rio34","formatid":"gen9nationaldexubers","rating":0,"private":0,"password":""}