{"id":"gen9nationaldexubers-1987857421","p1":"99% lose rate","p2":"komikemleu","format":"[Gen 9] National Dex Ubers","log":"|j|\u260699% lose rate\n|j|\u2606komikemleu\n|t:|1699643252\n|gametype|singles\n|player|p1|99% lose rate|giovanni|1176\n|player|p2|komikemleu|170|1304\n|teamsize|p1|6\n|teamsize|p2|6\n|gen|9\n|tier|[Gen 9] National Dex Ubers\n|rated|\n|rule|HP Percentage Mod: HP is shown in percentages\n|rule|Endless Battle Clause: Forcing endless battles is banned\n|rule|OHKO Clause: OHKO moves are banned\n|rule|Evasion Moves Clause: Evasion moves are banned\n|rule|Evasion Items Clause: Evasion items are banned\n|rule|Species Clause: Limit one of each Pok\u00e9mon\n|rule|Sleep Clause Mod: Limit one foe put to sleep\n|rule|Mega Rayquaza Clause: You cannot mega evolve Rayquaza\n|clearpoke\n|poke|p1|Slowbro, F|\n|poke|p1|Exeggutor-Alola, M|\n|poke|p1|Tapu Lele|\n|poke|p1|Scizor, F|\n|poke|p1|Lugia|\n|poke|p1|Delphox, F|\n|poke|p2|Zacian-*|\n|poke|p2|Arceus|\n|poke|p2|Marshadow|\n|poke|p2|Yveltal|\n|poke|p2|Eternatus|\n|poke|p2|Corviknight, M|\n|teampreview\n|\n|t:|1699643263\n|start\n|switch|p1a: Grass Psychic|Exeggutor-Alola, M|100\/100\n|switch|p2a: Arceus|Arceus|100\/100\n|turn|1\n|\n|t:|1699643269\n|move|p2a: Arceus|Swords Dance|p2a: Arceus\n|-boost|p2a: Arceus|atk|2\n|move|p1a: Grass Psychic|Trick Room|p1a: Grass Psychic\n|-fieldstart|move: Trick Room|[of] p1a: Grass Psychic\n|\n|upkeep\n|turn|2\n|\n|t:|1699643275\n|move|p2a: Arceus|Swords Dance|p2a: Arceus\n|-boost|p2a: Arceus|atk|2\n|move|p1a: Grass Psychic|Teleport|p1a: Grass Psychic\n|\n|t:|1699643278\n|switch|p1a: Tapu Lele|Tapu Lele|100\/100|[from] Teleport\n|-fieldstart|move: Psychic Terrain|[from] ability: Psychic Surge|[of] p1a: Tapu Lele\n|\n|upkeep\n|turn|3\n|\n|t:|1699643286\n|move|p2a: Arceus|Earthquake|p1a: Tapu Lele\n|-damage|p1a: Tapu Lele|0 fnt\n|faint|p1a: Tapu Lele\n|\n|upkeep\n|\n|t:|1699643295\n|switch|p1a: Bug Psychic|Scizor, F|100\/100\n|turn|4\n|\n|t:|1699643300\n|detailschange|p1a: Bug Psychic|Scizor-Mega, F\n|-mega|p1a: Bug Psychic|Scizor|Scizorite\n|move|p2a: Arceus|Extreme Speed|p1a: Bug Psychic\n|-activate|p1a: Bug Psychic|move: Psychic Terrain\n|move|p1a: Bug Psychic|Close Combat|p2a: Arceus\n|-supereffective|p2a: Arceus\n|-damage|p2a: Arceus|34\/100\n|-unboost|p1a: Bug Psychic|def|1\n|-unboost|p1a: Bug Psychic|spd|1\n|\n|upkeep\n|turn|5\n|\n|t:|1699643307\n|move|p1a: Bug Psychic|Close Combat|p2a: Arceus\n|-supereffective|p2a: Arceus\n|-crit|p2a: Arceus\n|-damage|p2a: Arceus|0 fnt\n|-unboost|p1a: Bug Psychic|def|1\n|-unboost|p1a: Bug Psychic|spd|1\n|faint|p2a: Arceus\n|\n|-fieldend|move: Trick Room\n|upkeep\n|\n|t:|1699643317\n|switch|p2a: Eternatus|Eternatus|100\/100\n|-ability|p2a: Eternatus|Pressure\n|turn|6\n|\n|t:|1699643327\n|switch|p1a: Grass Psychic|Exeggutor-Alola, M|100\/100\n|move|p2a: Eternatus|Flamethrower|p1a: Grass Psychic\n|-damage|p1a: Grass Psychic|71\/100\n|\n|-fieldend|move: Psychic Terrain\n|upkeep\n|turn|7\n|\n|t:|1699643334\n|move|p2a: Eternatus|Dynamax Cannon|p1a: Grass Psychic\n|-supereffective|p1a: Grass Psychic\n|-damage|p1a: Grass Psychic|0 fnt\n|faint|p1a: Grass Psychic\n|\n|upkeep\n|\n|t:|1699643375\n|switch|p1a: Funbro|Slowbro, F|100\/100\n|turn|8\n|\n|t:|1699643388\n|switch|p2a: Yveltal|Yveltal|100\/100\n|-ability|p2a: Yveltal|Dark Aura\n|move|p1a: Funbro|Calm Mind|p1a: Funbro\n|-boost|p1a: Funbro|spa|1\n|-boost|p1a: Funbro|spd|1\n|\n|upkeep\n|turn|9\n|\n|t:|1699643399\n|switch|p1a: Lugia|Lugia|100\/100\n|move|p2a: Yveltal|Dark Pulse|p1a: Lugia\n|-supereffective|p1a: Lugia\n|-damage|p1a: Lugia|54\/100\n|-damage|p2a: Yveltal|91\/100|[from] item: Life Orb\n|\n|-heal|p1a: Lugia|61\/100|[from] item: Leftovers\n|upkeep\n|turn|10\n|inactive|Battle timer is ON: inactive players will automatically lose when time's up. (requested by komikemleu)\n|\n|t:|1699643420\n|switch|p1a: Bug Psychic|Scizor-Mega, F|100\/100\n|move|p2a: Yveltal|Dark Pulse|p1a: Bug Psychic\n|-damage|p1a: Bug Psychic|19\/100\n|-damage|p2a: Yveltal|81\/100|[from] item: Life Orb\n|\n|upkeep\n|turn|11\n|\n|t:|1699643429\n|move|p1a: Bug Psychic|Bullet Punch|p2a: Yveltal\n|-damage|p2a: Yveltal|48\/100\n|move|p2a: Yveltal|Dark Pulse|p1a: Bug Psychic\n|-damage|p1a: Bug Psychic|0 fnt\n|faint|p1a: Bug Psychic\n|-damage|p2a: Yveltal|38\/100|[from] item: Life Orb\n|\n|upkeep\n|\n|t:|1699643435\n|switch|p1a: Delphox|Delphox, F|100\/100\n|turn|12\n|\n|t:|1699643445\n|move|p1a: Delphox|Dazzling Gleam|p2a: Yveltal\n|-supereffective|p2a: Yveltal\n|-damage|p2a: Yveltal|0 fnt\n|faint|p2a: Yveltal\n|\n|upkeep\n|\n|t:|1699643454\n|switch|p2a: Eternatus|Eternatus|100\/100\n|-ability|p2a: Eternatus|Pressure\n|turn|13\n|\n|t:|1699643462\n|switch|p1a: Lugia|Lugia|61\/100\n|move|p2a: Eternatus|Sludge Bomb|p1a: Lugia\n|-damage|p1a: Lugia|38\/100\n|\n|-heal|p1a: Lugia|44\/100|[from] item: Leftovers\n|upkeep\n|turn|14\n|\n|t:|1699643472\n|switch|p2a: Corviknight|Corviknight, M|100\/100\n|-ability|p2a: Corviknight|Pressure\n|move|p1a: Lugia|Recover|p1a: Lugia\n|-heal|p1a: Lugia|94\/100\n|\n|-heal|p1a: Lugia|100\/100|[from] item: Leftovers\n|upkeep\n|turn|15\n|\n|t:|1699643480\n|switch|p1a: Funbro|Slowbro, F|100\/100\n|move|p2a: Corviknight|U-turn|p1a: Funbro\n|-supereffective|p1a: Funbro\n|-damage|p1a: Funbro|83\/100\n|\n|t:|1699643486\n|switch|p2a: Zacian|Zacian-Crowned|100\/100|[from] U-turn\n|-ability|p2a: Zacian|Intrepid Sword|boost\n|-boost|p2a: Zacian|atk|1\n|\n|-heal|p1a: Funbro|89\/100|[from] item: Leftovers\n|upkeep\n|turn|16\n|\n|t:|1699643497\n|move|p2a: Zacian|Wild Charge|p1a: Funbro\n|-supereffective|p1a: Funbro\n|-damage|p1a: Funbro|24\/100\n|-damage|p2a: Zacian|81\/100|[from] Recoil\n|move|p1a: Funbro|Scald|p2a: Zacian\n|-damage|p2a: Zacian|54\/100\n|\n|-heal|p1a: Funbro|30\/100|[from] item: Leftovers\n|upkeep\n|turn|17\n|\n|t:|1699643502\n|switch|p1a: Lugia|Lugia|100\/100\n|move|p2a: Zacian|Wild Charge|p1a: Lugia\n|-supereffective|p1a: Lugia\n|-damage|p1a: Lugia|77\/100\n|-damage|p2a: Zacian|46\/100|[from] Recoil\n|\n|-heal|p1a: Lugia|83\/100|[from] item: Leftovers\n|upkeep\n|turn|18\n|\n|t:|1699643511\n|switch|p2a: Corviknight|Corviknight, M|100\/100\n|-ability|p2a: Corviknight|Pressure\n|move|p1a: Lugia|Recover|p1a: Lugia\n|-heal|p1a: Lugia|100\/100\n|\n|upkeep\n|turn|19\n|\n|t:|1699643513\n|switch|p1a: Funbro|Slowbro, F|63\/100\n|move|p2a: Corviknight|U-turn|p1a: Funbro\n|-supereffective|p1a: Funbro\n|-damage|p1a: Funbro|45\/100\n|\n|t:|1699643519\n|switch|p2a: Zacian|Zacian-Crowned|46\/100|[from] U-turn\n|\n|-heal|p1a: Funbro|52\/100|[from] item: Leftovers\n|upkeep\n|turn|20\n|\n|t:|1699643536\n|switch|p1a: Lugia|Lugia|100\/100\n|move|p2a: Zacian|Wild Charge|p1a: Lugia\n|-supereffective|p1a: Lugia\n|-damage|p1a: Lugia|84\/100\n|-damage|p2a: Zacian|41\/100|[from] Recoil\n|\n|-heal|p1a: Lugia|91\/100|[from] item: Leftovers\n|upkeep\n|turn|21\n|\n|t:|1699643547\n|switch|p2a: Corviknight|Corviknight, M|100\/100\n|-ability|p2a: Corviknight|Pressure\n|switch|p1a: Delphox|Delphox, F|100\/100\n|\n|upkeep\n|turn|22\n|\n|t:|1699643552\n|switch|p2a: Eternatus|Eternatus|100\/100\n|-ability|p2a: Eternatus|Pressure\n|move|p1a: Delphox|Heat Wave|p2a: Eternatus\n|-resisted|p2a: Eternatus\n|-damage|p2a: Eternatus|80\/100\n|-status|p2a: Eternatus|brn\n|\n|-heal|p2a: Eternatus|86\/100 brn|[from] item: Leftovers\n|-damage|p2a: Eternatus|80\/100 brn|[from] brn\n|upkeep\n|turn|23\n|\n|t:|1699643576\n|switch|p1a: Lugia|Lugia|91\/100\n|move|p2a: Eternatus|Dynamax Cannon|p1a: Lugia\n|-damage|p1a: Lugia|63\/100\n|\n|-heal|p2a: Eternatus|86\/100 brn|[from] item: Leftovers\n|-heal|p1a: Lugia|69\/100|[from] item: Leftovers\n|-damage|p2a: Eternatus|80\/100 brn|[from] brn\n|upkeep\n|turn|24\n|\n|t:|1699643585\n|switch|p2a: Corviknight|Corviknight, M|100\/100\n|-ability|p2a: Corviknight|Pressure\n|move|p1a: Lugia|Recover|p1a: Lugia\n|-heal|p1a: Lugia|100\/100\n|\n|upkeep\n|turn|25\n|\n|t:|1699643591\n|switch|p1a: Delphox|Delphox, F|100\/100\n|move|p2a: Corviknight|Brave Bird|p1a: Delphox\n|-damage|p1a: Delphox|42\/100\n|-damage|p2a: Corviknight|86\/100|[from] Recoil\n|\n|upkeep\n|turn|26\n|\n|t:|1699643599\n|switch|p2a: Eternatus|Eternatus|80\/100 brn\n|-ability|p2a: Eternatus|Pressure\n|move|p1a: Delphox|Dazzling Gleam|p2a: Eternatus\n|-damage|p2a: Eternatus|57\/100 brn\n|\n|-heal|p2a: Eternatus|63\/100 brn|[from] item: Leftovers\n|-damage|p2a: Eternatus|57\/100 brn|[from] brn\n|upkeep\n|turn|27\n|\n|t:|1699643609\n|move|p2a: Eternatus|Dynamax Cannon|p1a: Delphox\n|-damage|p1a: Delphox|0 fnt\n|faint|p1a: Delphox\n|\n|-heal|p2a: Eternatus|63\/100 brn|[from] item: Leftovers\n|-damage|p2a: Eternatus|57\/100 brn|[from] brn\n|upkeep\n|\n|t:|1699643616\n|switch|p1a: Funbro|Slowbro, F|85\/100\n|turn|28\n|\n|t:|1699643641\n|move|p2a: Eternatus|Dynamax Cannon|p1a: Funbro\n|-damage|p1a: Funbro|39\/100\n|move|p1a: Funbro|Calm Mind|p1a: Funbro\n|-boost|p1a: Funbro|spa|1\n|-boost|p1a: Funbro|spd|1\n|\n|-heal|p2a: Eternatus|63\/100 brn|[from] item: Leftovers\n|-heal|p1a: Funbro|45\/100|[from] item: Leftovers\n|-damage|p2a: Eternatus|57\/100 brn|[from] brn\n|upkeep\n|turn|29\n|\n|t:|1699643645\n|move|p2a: Eternatus|Dynamax Cannon|p1a: Funbro\n|-damage|p1a: Funbro|10\/100\n|move|p1a: Funbro|Slack Off|p1a: Funbro\n|-heal|p1a: Funbro|60\/100\n|\n|-heal|p2a: Eternatus|63\/100 brn|[from] item: Leftovers\n|-heal|p1a: Funbro|66\/100|[from] item: Leftovers\n|-damage|p2a: Eternatus|57\/100 brn|[from] brn\n|upkeep\n|turn|30\n|\n|t:|1699643647\n|move|p2a: Eternatus|Dynamax Cannon|p1a: Funbro\n|-damage|p1a: Funbro|34\/100\n|move|p1a: Funbro|Slack Off|p1a: Funbro\n|-heal|p1a: Funbro|84\/100\n|\n|-heal|p2a: Eternatus|63\/100 brn|[from] item: Leftovers\n|-heal|p1a: Funbro|90\/100|[from] item: Leftovers\n|-damage|p2a: Eternatus|57\/100 brn|[from] brn\n|upkeep\n|turn|31\n|\n|t:|1699643651\n|move|p2a: Eternatus|Dynamax Cannon|p1a: Funbro\n|-damage|p1a: Funbro|60\/100\n|move|p1a: Funbro|Calm Mind|p1a: Funbro\n|-boost|p1a: Funbro|spa|1\n|-boost|p1a: Funbro|spd|1\n|\n|-heal|p2a: Eternatus|63\/100 brn|[from] item: Leftovers\n|-heal|p1a: Funbro|66\/100|[from] item: Leftovers\n|-damage|p2a: Eternatus|57\/100 brn|[from] brn\n|upkeep\n|turn|32\n|\n|t:|1699643654\n|move|p2a: Eternatus|Dynamax Cannon|p1a: Funbro\n|-damage|p1a: Funbro|41\/100\n|move|p1a: Funbro|Slack Off|p1a: Funbro\n|-heal|p1a: Funbro|91\/100\n|\n|-heal|p2a: Eternatus|63\/100 brn|[from] item: Leftovers\n|-heal|p1a: Funbro|97\/100|[from] item: Leftovers\n|-damage|p2a: Eternatus|57\/100 brn|[from] brn\n|upkeep\n|turn|33\n|\n|t:|1699643660\n|move|p2a: Eternatus|Recover|p2a: Eternatus\n|-heal|p2a: Eternatus|100\/100 brn\n|move|p1a: Funbro|Psyshock|p2a: Eternatus\n|-supereffective|p2a: Eternatus\n|-damage|p2a: Eternatus|10\/100 brn\n|\n|-heal|p2a: Eternatus|16\/100 brn|[from] item: Leftovers\n|-heal|p1a: Funbro|100\/100|[from] item: Leftovers\n|-damage|p2a: Eternatus|10\/100 brn|[from] brn\n|upkeep\n|turn|34\n|\n|t:|1699643665\n|move|p2a: Eternatus|Recover|p2a: Eternatus\n|-heal|p2a: Eternatus|60\/100 brn\n|move|p1a: Funbro|Calm Mind|p1a: Funbro\n|-boost|p1a: Funbro|spa|1\n|-boost|p1a: Funbro|spd|1\n|\n|-heal|p2a: Eternatus|66\/100 brn|[from] item: Leftovers\n|-damage|p2a: Eternatus|60\/100 brn|[from] brn\n|upkeep\n|turn|35\n|\n|t:|1699643668\n|move|p2a: Eternatus|Recover|p2a: Eternatus\n|-heal|p2a: Eternatus|100\/100 brn\n|move|p1a: Funbro|Psyshock|p2a: Eternatus\n|-supereffective|p2a: Eternatus\n|-damage|p2a: Eternatus|0 fnt\n|faint|p2a: Eternatus\n|\n|upkeep\n|\n|t:|1699643673\n|switch|p2a: Marshadow|Marshadow|100\/100\n|turn|36\n|\n|t:|1699643676\n|switch|p1a: Lugia|Lugia|100\/100\n|move|p2a: Marshadow|Spectral Thief|p1a: Lugia\n|-supereffective|p1a: Lugia\n|-damage|p1a: Lugia|75\/100\n|\n|-heal|p1a: Lugia|82\/100|[from] item: Leftovers\n|upkeep\n|turn|37\n|\n|t:|1699643701\n|switch|p2a: Corviknight|Corviknight, M|86\/100\n|-ability|p2a: Corviknight|Pressure\n|move|p1a: Lugia|Recover|p1a: Lugia\n|-heal|p1a: Lugia|100\/100\n|\n|upkeep\n|turn|38\n|\n|t:|1699643707\n|move|p2a: Corviknight|Brave Bird|p1a: Lugia\n|-damage|p1a: Lugia|91\/100\n|-damage|p2a: Corviknight|83\/100|[from] Recoil\n|move|p1a: Lugia|Whirlwind|p2a: Corviknight\n|drag|p2a: Marshadow|Marshadow|100\/100\n|\n|-heal|p1a: Lugia|97\/100|[from] item: Leftovers\n|upkeep\n|turn|39\n|\n|t:|1699643711\n|switch|p2a: Zacian|Zacian-Crowned|41\/100\n|move|p1a: Lugia|Toxic|p2a: Zacian\n|-immune|p2a: Zacian\n|\n|-heal|p1a: Lugia|100\/100|[from] item: Leftovers\n|upkeep\n|turn|40\n|\n|t:|1699643714\n|switch|p1a: Funbro|Slowbro, F|100\/100\n|move|p2a: Zacian|Swords Dance|p2a: Zacian\n|-boost|p2a: Zacian|atk|2\n|\n|upkeep\n|turn|41\n|\n|t:|1699643720\n|move|p2a: Zacian|Wild Charge|p1a: Funbro\n|-supereffective|p1a: Funbro\n|-damage|p1a: Funbro|25\/100\n|-damage|p2a: Zacian|18\/100|[from] Recoil\n|move|p1a: Funbro|Scald|p2a: Zacian\n|-damage|p2a: Zacian|0 fnt\n|faint|p2a: Zacian\n|\n|-heal|p1a: Funbro|31\/100|[from] item: Leftovers\n|upkeep\n|\n|t:|1699643726\n|switch|p2a: Marshadow|Marshadow|100\/100\n|turn|42\n|\n|t:|1699643730\n|switch|p1a: Lugia|Lugia|100\/100\n|move|p2a: Marshadow|Shadow Sneak|p1a: Lugia\n|-supereffective|p1a: Lugia\n|-damage|p1a: Lugia|83\/100\n|\n|-heal|p1a: Lugia|89\/100|[from] item: Leftovers\n|upkeep\n|turn|43\n|\n|t:|1699643735\n|move|p2a: Marshadow|Ice Punch|p1a: Lugia\n|-supereffective|p1a: Lugia\n|-damage|p1a: Lugia|61\/100\n|move|p1a: Lugia|Toxic|p2a: Marshadow|[miss]\n|-miss|p1a: Lugia|p2a: Marshadow\n|\n|-heal|p1a: Lugia|67\/100|[from] item: Leftovers\n|upkeep\n|turn|44\n|\n|t:|1699643741\n|switch|p2a: Corviknight|Corviknight, M|83\/100\n|-ability|p2a: Corviknight|Pressure\n|move|p1a: Lugia|Recover|p1a: Lugia\n|-heal|p1a: Lugia|100\/100\n|\n|upkeep\n|turn|45\n|\n|t:|1699643749\n|switch|p1a: Funbro|Slowbro, F|64\/100\n|move|p2a: Corviknight|Roost|p2a: Corviknight\n|-heal|p2a: Corviknight|100\/100\n|-singleturn|p2a: Corviknight|move: Roost\n|\n|-heal|p1a: Funbro|70\/100|[from] item: Leftovers\n|upkeep\n|turn|46\n|\n|t:|1699643754\n|move|p2a: Corviknight|Brave Bird|p1a: Funbro\n|-damage|p1a: Funbro|47\/100\n|-damage|p2a: Corviknight|93\/100|[from] Recoil\n|move|p1a: Funbro|Scald|p2a: Corviknight\n|-damage|p2a: Corviknight|66\/100\n|\n|-heal|p1a: Funbro|54\/100|[from] item: Leftovers\n|upkeep\n|turn|47\n|\n|t:|1699643758\n|move|p2a: Corviknight|Roost|p2a: Corviknight\n|-heal|p2a: Corviknight|100\/100\n|-singleturn|p2a: Corviknight|move: Roost\n|move|p1a: Funbro|Scald|p2a: Corviknight\n|-damage|p2a: Corviknight|73\/100\n|\n|-heal|p1a: Funbro|60\/100|[from] item: Leftovers\n|upkeep\n|turn|48\n|\n|t:|1699643760\n|move|p2a: Corviknight|Brave Bird|p1a: Funbro\n|-damage|p1a: Funbro|39\/100\n|-damage|p2a: Corviknight|66\/100|[from] Recoil\n|move|p1a: Funbro|Slack Off|p1a: Funbro\n|-heal|p1a: Funbro|89\/100\n|\n|-heal|p1a: Funbro|95\/100|[from] item: Leftovers\n|upkeep\n|turn|49\n|\n|t:|1699643763\n|move|p2a: Corviknight|Roost|p2a: Corviknight\n|-heal|p2a: Corviknight|100\/100\n|-singleturn|p2a: Corviknight|move: Roost\n|move|p1a: Funbro|Scald|p2a: Corviknight\n|-damage|p2a: Corviknight|75\/100\n|\n|-heal|p1a: Funbro|100\/100|[from] item: Leftovers\n|upkeep\n|turn|50\n|\n|t:|1699643766\n|move|p2a: Corviknight|Brave Bird|p1a: Funbro\n|-damage|p1a: Funbro|78\/100\n|-damage|p2a: Corviknight|68\/100|[from] Recoil\n|move|p1a: Funbro|Scald|p2a: Corviknight\n|-damage|p2a: Corviknight|39\/100\n|\n|-heal|p1a: Funbro|84\/100|[from] item: Leftovers\n|upkeep\n|turn|51\n|\n|t:|1699643771\n|move|p2a: Corviknight|U-turn|p1a: Funbro\n|-supereffective|p1a: Funbro\n|-damage|p1a: Funbro|67\/100\n|\n|t:|1699643774\n|switch|p2a: Marshadow|Marshadow|100\/100|[from] U-turn\n|move|p1a: Funbro|Calm Mind|p1a: Funbro\n|-boost|p1a: Funbro|spa|1\n|-boost|p1a: Funbro|spd|1\n|\n|-heal|p1a: Funbro|73\/100|[from] item: Leftovers\n|upkeep\n|turn|52\n|\n|t:|1699643777\n|switch|p1a: Lugia|Lugia|100\/100\n|move|p2a: Marshadow|Spectral Thief|p1a: Lugia\n|-supereffective|p1a: Lugia\n|-damage|p1a: Lugia|77\/100\n|\n|-heal|p1a: Lugia|83\/100|[from] item: Leftovers\n|upkeep\n|turn|53\n|\n|t:|1699643784\n|switch|p2a: Corviknight|Corviknight, M|39\/100\n|-ability|p2a: Corviknight|Pressure\n|move|p1a: Lugia|Toxic|p2a: Corviknight\n|-immune|p2a: Corviknight\n|\n|-heal|p1a: Lugia|89\/100|[from] item: Leftovers\n|upkeep\n|turn|54\n|\n|t:|1699643788\n|switch|p1a: Funbro|Slowbro, F|100\/100\n|move|p2a: Corviknight|Roost|p2a: Corviknight\n|-heal|p2a: Corviknight|89\/100\n|-singleturn|p2a: Corviknight|move: Roost\n|\n|upkeep\n|turn|55\n|\n|t:|1699643792\n|move|p2a: Corviknight|U-turn|p1a: Funbro\n|-supereffective|p1a: Funbro\n|-damage|p1a: Funbro|83\/100\n|\n|t:|1699643795\n|switch|p2a: Marshadow|Marshadow|100\/100|[from] U-turn\n|move|p1a: Funbro|Calm Mind|p1a: Funbro\n|-boost|p1a: Funbro|spa|1\n|-boost|p1a: Funbro|spd|1\n|\n|-heal|p1a: Funbro|89\/100|[from] item: Leftovers\n|upkeep\n|turn|56\n|\n|t:|1699643799\n|switch|p1a: Lugia|Lugia|89\/100\n|move|p2a: Marshadow|Spectral Thief|p1a: Lugia\n|-supereffective|p1a: Lugia\n|-damage|p1a: Lugia|43\/100\n|\n|-heal|p1a: Lugia|49\/100|[from] item: Leftovers\n|upkeep\n|turn|57\n|\n|t:|1699643813\n|-terastallize|p1a: Lugia|Poison\n|move|p2a: Marshadow|Ice Punch|p1a: Lugia\n|-damage|p1a: Lugia|34\/100\n|move|p1a: Lugia|Recover|p1a: Lugia\n|-heal|p1a: Lugia|84\/100\n|\n|-heal|p1a: Lugia|90\/100|[from] item: Leftovers\n|upkeep\n|turn|58\n|\n|t:|1699643819\n|switch|p2a: Corviknight|Corviknight, M|89\/100\n|-ability|p2a: Corviknight|Pressure\n|move|p1a: Lugia|Toxic|p2a: Corviknight\n|-immune|p2a: Corviknight\n|\n|-heal|p1a: Lugia|96\/100|[from] item: Leftovers\n|upkeep\n|turn|59\n|\n|t:|1699643828\n|move|p1a: Lugia|Toxic|p2a: Corviknight\n|-immune|p2a: Corviknight\n|move|p2a: Corviknight|Brave Bird|p1a: Lugia\n|-damage|p1a: Lugia|77\/100\n|-damage|p2a: Corviknight|83\/100|[from] Recoil\n|\n|-heal|p1a: Lugia|84\/100|[from] item: Leftovers\n|upkeep\n|turn|60\n|\n|t:|1699643835\n|move|p1a: Lugia|Toxic|p2a: Corviknight\n|-immune|p2a: Corviknight\n|move|p2a: Corviknight|Brave Bird|p1a: Lugia\n|-damage|p1a: Lugia|67\/100\n|-damage|p2a: Corviknight|77\/100|[from] Recoil\n|\n|-heal|p1a: Lugia|73\/100|[from] item: Leftovers\n|upkeep\n|turn|61\n|\n|t:|1699643843\n|move|p1a: Lugia|Recover|p1a: Lugia\n|-heal|p1a: Lugia|100\/100\n|move|p2a: Corviknight|Brave Bird|p1a: Lugia\n|-damage|p1a: Lugia|92\/100\n|-damage|p2a: Corviknight|74\/100|[from] Recoil\n|\n|-heal|p1a: Lugia|98\/100|[from] item: Leftovers\n|upkeep\n|turn|62\n|\n|t:|1699643850\n|switch|p1a: Funbro|Slowbro, F|100\/100\n|move|p2a: Corviknight|Brave Bird|p1a: Funbro\n|-crit|p1a: Funbro\n|-damage|p1a: Funbro|68\/100\n|-damage|p2a: Corviknight|63\/100|[from] Recoil\n|\n|-heal|p1a: Funbro|74\/100|[from] item: Leftovers\n|upkeep\n|turn|63\n|\n|t:|1699643855\n|move|p2a: Corviknight|U-turn|p1a: Funbro\n|-supereffective|p1a: Funbro\n|-damage|p1a: Funbro|57\/100\n|\n|t:|1699643858\n|switch|p2a: Marshadow|Marshadow|100\/100|[from] U-turn\n|move|p1a: Funbro|Scald|p2a: Marshadow\n|-damage|p2a: Marshadow|70\/100\n|-status|p2a: Marshadow|brn\n|\n|-heal|p1a: Funbro|63\/100|[from] item: Leftovers\n|-damage|p2a: Marshadow|63\/100 brn|[from] brn\n|upkeep\n|turn|64\n|\n|t:|1699643867\n|move|p2a: Marshadow|Shadow Sneak|p1a: Funbro\n|-supereffective|p1a: Funbro\n|-damage|p1a: Funbro|42\/100\n|move|p1a: Funbro|Slack Off|p1a: Funbro\n|-heal|p1a: Funbro|92\/100\n|\n|-heal|p1a: Funbro|98\/100|[from] item: Leftovers\n|-damage|p2a: Marshadow|57\/100 brn|[from] brn\n|upkeep\n|turn|65\n|\n|t:|1699643875\n|switch|p2a: Corviknight|Corviknight, M|63\/100\n|-ability|p2a: Corviknight|Pressure\n|move|p1a: Funbro|Psyshock|p2a: Corviknight\n|-resisted|p2a: Corviknight\n|-damage|p2a: Corviknight|55\/100\n|\n|-heal|p1a: Funbro|100\/100|[from] item: Leftovers\n|upkeep\n|turn|66\n|\n|t:|1699643877\n|move|p2a: Corviknight|Roost|p2a: Corviknight\n|-heal|p2a: Corviknight|100\/100\n|-singleturn|p2a: Corviknight|move: Roost\n|move|p1a: Funbro|Scald|p2a: Corviknight\n|-damage|p2a: Corviknight|74\/100\n|-status|p2a: Corviknight|brn\n|\n|-damage|p2a: Corviknight|68\/100 brn|[from] brn\n|upkeep\n|turn|67\n|\n|t:|1699643880\n|move|p2a: Corviknight|Roost|p2a: Corviknight\n|-heal|p2a: Corviknight|100\/100 brn\n|-singleturn|p2a: Corviknight|move: Roost\n|move|p1a: Funbro|Scald|p2a: Corviknight\n|-damage|p2a: Corviknight|71\/100 brn\n|\n|-damage|p2a: Corviknight|65\/100 brn|[from] brn\n|upkeep\n|turn|68\n|\n|t:|1699643883\n|move|p2a: Corviknight|Brave Bird|p1a: Funbro\n|-damage|p1a: Funbro|91\/100\n|-damage|p2a: Corviknight|62\/100 brn|[from] Recoil\n|move|p1a: Funbro|Scald|p2a: Corviknight\n|-damage|p2a: Corviknight|36\/100 brn\n|\n|-heal|p1a: Funbro|97\/100|[from] item: Leftovers\n|-damage|p2a: Corviknight|30\/100 brn|[from] brn\n|upkeep\n|turn|69\n|\n|t:|1699643885\n|move|p2a: Corviknight|Roost|p2a: Corviknight\n|-heal|p2a: Corviknight|80\/100 brn\n|-singleturn|p2a: Corviknight|move: Roost\n|move|p1a: Funbro|Scald|p2a: Corviknight\n|-damage|p2a: Corviknight|51\/100 brn\n|\n|-heal|p1a: Funbro|100\/100|[from] item: Leftovers\n|-damage|p2a: Corviknight|45\/100 brn|[from] brn\n|upkeep\n|turn|70\n|\n|t:|1699643887\n|move|p2a: Corviknight|Roost|p2a: Corviknight\n|-heal|p2a: Corviknight|95\/100 brn\n|-singleturn|p2a: Corviknight|move: Roost\n|move|p1a: Funbro|Scald|p2a: Corviknight\n|-damage|p2a: Corviknight|71\/100 brn\n|\n|-damage|p2a: Corviknight|65\/100 brn|[from] brn\n|upkeep\n|turn|71\n|\n|t:|1699643892\n|move|p2a: Corviknight|Brave Bird|p1a: Funbro\n|-damage|p1a: Funbro|91\/100\n|-damage|p2a: Corviknight|61\/100 brn|[from] Recoil\n|move|p1a: Funbro|Psyshock|p2a: Corviknight\n|-resisted|p2a: Corviknight\n|-damage|p2a: Corviknight|54\/100 brn\n|\n|-heal|p1a: Funbro|97\/100|[from] item: Leftovers\n|-damage|p2a: Corviknight|48\/100 brn|[from] brn\n|upkeep\n|turn|72\n|\n|t:|1699643901\n|move|p2a: Corviknight|Brave Bird|p1a: Funbro\n|-damage|p1a: Funbro|86\/100\n|-damage|p2a: Corviknight|44\/100 brn|[from] Recoil\n|move|p1a: Funbro|Scald|p2a: Corviknight\n|-damage|p2a: Corviknight|16\/100 brn\n|\n|-heal|p1a: Funbro|92\/100|[from] item: Leftovers\n|-damage|p2a: Corviknight|10\/100 brn|[from] brn\n|upkeep\n|turn|73\n|\n|t:|1699643904\n|move|p2a: Corviknight|Brave Bird|p1a: Funbro\n|-damage|p1a: Funbro|81\/100\n|-damage|p2a: Corviknight|6\/100 brn|[from] Recoil\n|move|p1a: Funbro|Scald|p2a: Corviknight\n|-damage|p2a: Corviknight|0 fnt\n|faint|p2a: Corviknight\n|\n|-heal|p1a: Funbro|87\/100|[from] item: Leftovers\n|upkeep\n|\n|t:|1699643907\n|switch|p2a: Marshadow|Marshadow|57\/100 brn\n|turn|74\n|\n|t:|1699643910\n|move|p2a: Marshadow|Shadow Sneak|p1a: Funbro\n|-supereffective|p1a: Funbro\n|-damage|p1a: Funbro|68\/100\n|move|p1a: Funbro|Psyshock|p2a: Marshadow\n|-supereffective|p2a: Marshadow\n|-damage|p2a: Marshadow|0 fnt\n|faint|p2a: Marshadow\n|\n|win|99% lose rate\n|raw|99% lose rate's rating: 1176 &rarr; <strong>1210<\/strong><br \/>(+34 for winning)\n|raw|komikemleu's rating: 1304 &rarr; <strong>1277<\/strong><br \/>(-27 for losing)\n|l|\u2606komikemleu\n","uploadtime":1699643939,"views":17,"p1id":"99loserate","p2id":"komikemleu","formatid":"gen9nationaldexubers","rating":1210,"private":0,"password":""}