{"id":"gen9nationaldexubers-1998738774","p1":"hauabzbz","p2":"king schmuck","format":"[Gen 9] National Dex Ubers","log":"|j|\u2606hauabzbz\n|j|\u2606king schmuck\n|t:|1700980871\n|gametype|singles\n|player|p1|hauabzbz|red|1000\n|player|p2|king schmuck|biker|1031\n|teamsize|p1|6\n|teamsize|p2|6\n|gen|9\n|tier|[Gen 9] National Dex Ubers\n|rated|\n|rule|HP Percentage Mod: HP is shown in percentages\n|rule|Endless Battle Clause: Forcing endless battles is banned\n|rule|OHKO Clause: OHKO moves are banned\n|rule|Evasion Moves Clause: Evasion moves are banned\n|rule|Evasion Items Clause: Evasion items are banned\n|rule|Species Clause: Limit one of each Pok\u00e9mon\n|rule|Sleep Clause Mod: Limit one foe put to sleep\n|rule|Mega Rayquaza Clause: You cannot mega evolve Rayquaza\n|clearpoke\n|poke|p1|Dragonite, M|\n|poke|p1|Gengar, M|\n|poke|p1|Dracovish|\n|poke|p1|Lucario, M|\n|poke|p1|Sirfetch\u2019d, M|\n|poke|p1|Pikachu, M|\n|poke|p2|Heliolisk, F|\n|poke|p2|Roaring Moon|\n|poke|p2|Charizard, F|\n|poke|p2|Tapu Lele|\n|poke|p2|Scolipede, F|\n|poke|p2|Bronzong|\n|teampreview\n|\n|t:|1700980877\n|start\n|switch|p1a: Pikachu|Pikachu, M|100\/100\n|switch|p2a: Charizard|Charizard, F|100\/100\n|turn|1\n|\n|t:|1700980892\n|detailschange|p2a: Charizard|Charizard-Mega-Y, F\n|-mega|p2a: Charizard|Charizard|Charizardite Y\n|-weather|SunnyDay|[from] ability: Drought|[of] p2a: Charizard\n|move|p1a: Pikachu|Volt Tackle|p2a: Charizard\n|-supereffective|p2a: Charizard\n|-damage|p2a: Charizard|0 fnt\n|faint|p2a: Charizard\n|-damage|p1a: Pikachu|54\/100|[from] Recoil\n|\n|-weather|SunnyDay|[upkeep]\n|upkeep\n|\n|t:|1700980898\n|switch|p2a: Heliolisk|Heliolisk, F|100\/100\n|turn|2\n|\n|t:|1700980911\n|switch|p1a: Lucario|Lucario, M|100\/100\n|move|p2a: Heliolisk|Weather Ball|p1a: Lucario\n|-supereffective|p1a: Lucario\n|-enditem|p1a: Lucario|Focus Sash\n|-damage|p1a: Lucario|1\/100\n|\n|-weather|SunnyDay|[upkeep]\n|-damage|p2a: Heliolisk|88\/100|[from] ability: Dry Skin|[of] p2a: Heliolisk\n|upkeep\n|turn|3\n|\n|t:|1700980924\n|move|p2a: Heliolisk|Volt Switch|p1a: Lucario\n|-crit|p1a: Lucario\n|-damage|p1a: Lucario|0 fnt\n|faint|p1a: Lucario\n|\n|t:|1700980928\n|switch|p2a: Roaring Moon|Roaring Moon|100\/100|[from] Volt Switch\n|-activate|p2a: Roaring Moon|ability: Protosynthesis\n|-start|p2a: Roaring Moon|protosynthesisatk\n|\n|-weather|SunnyDay|[upkeep]\n|upkeep\n|\n|t:|1700980936\n|switch|p1a: Gengar|Gengar, M|100\/100\n|turn|4\n|\n|t:|1700980943\n|move|p2a: Roaring Moon|Crunch|p1a: Gengar\n|-supereffective|p1a: Gengar\n|-damage|p1a: Gengar|0 fnt\n|-start|p2a: Roaring Moon|Disable|Crunch|[from] ability: Cursed Body|[of] p1a: Gengar\n|faint|p1a: Gengar\n|\n|-weather|SunnyDay|[upkeep]\n|upkeep\n|\n|t:|1700980951\n|switch|p1a: Dragonite|Dragonite, M|100\/100\n|turn|5\n|\n|t:|1700980956\n|move|p2a: Roaring Moon|Acrobatics|p1a: Dragonite\n|-damage|p1a: Dragonite|85\/100\n|move|p1a: Dragonite|Dragon Dance|p1a: Dragonite\n|-boost|p1a: Dragonite|atk|1\n|-boost|p1a: Dragonite|spe|1\n|\n|-weather|none\n|-end|p2a: Roaring Moon|Protosynthesis\n|upkeep\n|-enditem|p2a: Roaring Moon|Booster Energy\n|-activate|p2a: Roaring Moon|ability: Protosynthesis|[fromitem]\n|-start|p2a: Roaring Moon|protosynthesisatk\n|turn|6\n|\n|t:|1700980968\n|-end|p2a: Roaring Moon|Protosynthesis|[silent]\n|switch|p2a: Heliolisk|Heliolisk, F|88\/100\n|move|p1a: Dragonite|Roost|p1a: Dragonite\n|-heal|p1a: Dragonite|100\/100\n|-singleturn|p1a: Dragonite|move: Roost\n|\n|upkeep\n|turn|7\n|\n|t:|1700980976\n|move|p1a: Dragonite|Dragon Dance|p1a: Dragonite\n|-boost|p1a: Dragonite|atk|1\n|-boost|p1a: Dragonite|spe|1\n|move|p2a: Heliolisk|Thunderbolt|p1a: Dragonite\n|-damage|p1a: Dragonite|77\/100\n|\n|upkeep\n|turn|8\n|\n|t:|1700981000\n|move|p1a: Dragonite|Roost|p1a: Dragonite\n|-heal|p1a: Dragonite|100\/100\n|-singleturn|p1a: Dragonite|move: Roost\n|move|p2a: Heliolisk|Hyper Voice|p1a: Dragonite\n|-damage|p1a: Dragonite|76\/100\n|\n|upkeep\n|turn|9\n|\n|t:|1700981009\n|move|p1a: Dragonite|Dragon Claw|p2a: Heliolisk\n|-damage|p2a: Heliolisk|0 fnt\n|faint|p2a: Heliolisk\n|\n|upkeep\n|\n|t:|1700981045\n|switch|p2a: Scolipede|Scolipede, F|100\/100\n|turn|10\n|\n|t:|1700981050\n|move|p2a: Scolipede|Protect|p2a: Scolipede\n|-singleturn|p2a: Scolipede|Protect\n|move|p1a: Dragonite|Dragon Claw|p2a: Scolipede\n|-activate|p2a: Scolipede|move: Protect\n|\n|-ability|p2a: Scolipede|Speed Boost|boost\n|-boost|p2a: Scolipede|spe|1\n|upkeep\n|turn|11\n|\n|t:|1700981061\n|move|p1a: Dragonite|Dragon Claw|p2a: Scolipede\n|-enditem|p2a: Scolipede|Focus Sash\n|-damage|p2a: Scolipede|1\/100\n|move|p2a: Scolipede|Swords Dance|p2a: Scolipede\n|-boost|p2a: Scolipede|atk|2\n|\n|-ability|p2a: Scolipede|Speed Boost|boost\n|-boost|p2a: Scolipede|spe|1\n|upkeep\n|turn|12\n|\n|t:|1700981071\n|move|p2a: Scolipede|Poison Jab|p1a: Dragonite\n|-damage|p1a: Dragonite|0 fnt\n|faint|p1a: Dragonite\n|\n|-ability|p2a: Scolipede|Speed Boost|boost\n|-boost|p2a: Scolipede|spe|1\n|upkeep\n|\n|t:|1700981079\n|switch|p1a: Pikachu|Pikachu, M|54\/100\n|turn|13\n|\n|t:|1700981085\n|move|p2a: Scolipede|Protect|p2a: Scolipede\n|-singleturn|p2a: Scolipede|Protect\n|move|p1a: Pikachu|Electroweb|p2a: Scolipede\n|-activate|p2a: Scolipede|move: Protect\n|\n|-ability|p2a: Scolipede|Speed Boost|boost\n|-boost|p2a: Scolipede|spe|1\n|upkeep\n|turn|14\n|\n|t:|1700981094\n|move|p2a: Scolipede|Poison Jab|p1a: Pikachu\n|-damage|p1a: Pikachu|0 fnt\n|faint|p1a: Pikachu\n|\n|-ability|p2a: Scolipede|Speed Boost|boost\n|-boost|p2a: Scolipede|spe|1\n|upkeep\n|\n|t:|1700981102\n|switch|p1a: Sirfetch\u2019d|Sirfetch\u2019d, M|100\/100\n|turn|15\n|\n|t:|1700981110\n|move|p1a: Sirfetch\u2019d|First Impression|p2a: Scolipede\n|-resisted|p2a: Scolipede\n|-damage|p2a: Scolipede|0 fnt\n|faint|p2a: Scolipede\n|\n|upkeep\n|\n|t:|1700981114\n|switch|p2a: Tapu Lele|Tapu Lele|100\/100\n|-fieldstart|move: Psychic Terrain|[from] ability: Psychic Surge|[of] p2a: Tapu Lele\n|turn|16\n|\n|t:|1700981126\n|move|p1a: Sirfetch\u2019d|First Impression||[still]\n|-hint|First Impression only works on your first turn out.\n|-fail|p1a: Sirfetch\u2019d\n|move|p2a: Tapu Lele|Psychic|p1a: Sirfetch\u2019d\n|-supereffective|p1a: Sirfetch\u2019d\n|-damage|p1a: Sirfetch\u2019d|0 fnt\n|faint|p1a: Sirfetch\u2019d\n|\n|upkeep\n|\n|t:|1700981134\n|switch|p1a: Dracovish|Dracovish|100\/100\n|turn|17\n|\n|t:|1700981137\n|move|p2a: Tapu Lele|Psychic|p1a: Dracovish\n|-damage|p1a: Dracovish|11\/100\n|move|p1a: Dracovish|Fishious Rend|p2a: Tapu Lele\n|-damage|p2a: Tapu Lele|24\/100\n|\n|upkeep\n|turn|18\n|\n|t:|1700981144\n|move|p2a: Tapu Lele|Psychic|p1a: Dracovish\n|-damage|p1a: Dracovish|0 fnt\n|faint|p1a: Dracovish\n|\n|win|king schmuck\n|raw|hauabzbz's rating: 1000 &rarr; <strong>1000<\/strong><br \/>(+0 for losing)\n|raw|king schmuck's rating: 1031 &rarr; <strong>1063<\/strong><br \/>(+32 for winning)\n","uploadtime":1700981149,"views":41,"p1id":"hauabzbz","p2id":"kingschmuck","formatid":"gen9nationaldexubers","rating":1000,"private":0,"password":""}