{"id":"gen9nationaldexubers-1986225102","p1":"danish13","p2":"JustMonika_CARR","format":"[Gen 9] National Dex Ubers","log":"|j|\u2606danish13\n|j|\u2606JustMonika_CARR\n|t:|1699461325\n|gametype|singles\n|player|p1|danish13|lance|1474\n|player|p2|JustMonika_CARR|101|1411\n|teamsize|p1|6\n|teamsize|p2|6\n|gen|9\n|tier|[Gen 9] National Dex Ubers\n|rated|\n|rule|HP Percentage Mod: HP is shown in percentages\n|rule|Endless Battle Clause: Forcing endless battles is banned\n|rule|OHKO Clause: OHKO moves are banned\n|rule|Evasion Moves Clause: Evasion moves are banned\n|rule|Evasion Items Clause: Evasion items are banned\n|rule|Species Clause: Limit one of each Pok\u00e9mon\n|rule|Sleep Clause Mod: Limit one foe put to sleep\n|rule|Mega Rayquaza Clause: You cannot mega evolve Rayquaza\n|clearpoke\n|poke|p1|Salamence, M|\n|poke|p1|Groudon|\n|poke|p1|Yveltal|\n|poke|p1|Rayquaza|\n|poke|p1|Lugia|\n|poke|p1|Mewtwo|\n|poke|p2|Marshadow|\n|poke|p2|Lopunny, F|\n|poke|p2|Dialga|\n|poke|p2|Forretress, F|\n|poke|p2|Pheromosa|\n|poke|p2|Grimmsnarl, M|\n|teampreview\n|\n|t:|1699461331\n|start\n|switch|p1a: Rayquaza|Rayquaza|100\/100\n|switch|p2a: Forretress|Forretress, F, shiny|100\/100\n|-ability|p1a: Rayquaza|Air Lock\n|turn|1\n|\n|t:|1699461340\n|move|p1a: Rayquaza|Swords Dance|p1a: Rayquaza\n|-boost|p1a: Rayquaza|atk|2\n|move|p2a: Forretress|Toxic Spikes|p1a: Rayquaza\n|-sidestart|p1: danish13|move: Toxic Spikes\n|\n|upkeep\n|turn|2\n|\n|t:|1699461346\n|move|p1a: Rayquaza|Earthquake|p2a: Forretress\n|-damage|p2a: Forretress|46\/100\n|-enditem|p2a: Forretress|Red Card|[of] p1a: Rayquaza\n|drag|p1a: Mewtwo|Mewtwo|100\/100\n|-ability|p1a: Mewtwo|Unnerve\n|-status|p1a: Mewtwo|psn\n|move|p2a: Forretress|Stealth Rock|p1a: Mewtwo\n|-sidestart|p1: danish13|move: Stealth Rock\n|\n|-damage|p1a: Mewtwo|88\/100 psn|[from] psn\n|upkeep\n|turn|3\n|inactive|Battle timer is ON: inactive players will automatically lose when time's up. (requested by danish13)\n|\n|t:|1699461359\n|move|p2a: Forretress|Endure|p2a: Forretress\n|-singleturn|p2a: Forretress|move: Endure\n|move|p1a: Mewtwo|Flamethrower|p2a: Forretress\n|-supereffective|p2a: Forretress\n|-activate|p2a: Forretress|move: Endure\n|-damage|p2a: Forretress|1\/100\n|-damage|p1a: Mewtwo|78\/100 psn|[from] item: Life Orb\n|\n|-damage|p1a: Mewtwo|66\/100 psn|[from] psn\n|upkeep\n|turn|4\n|\n|t:|1699461372\n|switch|p1a: Lugia|Lugia|100\/100\n|-damage|p1a: Lugia|75\/100|[from] Stealth Rock\n|move|p2a: Forretress|Endure||[still]\n|-fail|p2a: Forretress\n|\n|-heal|p1a: Lugia|82\/100|[from] item: Leftovers\n|upkeep\n|turn|5\n|\n|t:|1699461381\n|move|p1a: Lugia|Defog|p2a: Forretress\n|-unboost|p2a: Forretress|evasion|1\n|-sideend|p1: danish13|Toxic Spikes|[from] move: Defog|[of] p1a: Lugia\n|-sideend|p1: danish13|Stealth Rock|[from] move: Defog|[of] p1a: Lugia\n|move|p2a: Forretress|Toxic Spikes|p1a: Lugia\n|-sidestart|p1: danish13|move: Toxic Spikes\n|\n|-heal|p1a: Lugia|88\/100|[from] item: Leftovers\n|upkeep\n|turn|6\n|\n|t:|1699461399\n|move|p1a: Lugia|Ice Beam|p2a: Forretress\n|-resisted|p2a: Forretress\n|-damage|p2a: Forretress|0 fnt\n|faint|p2a: Forretress\n|\n|-heal|p1a: Lugia|94\/100|[from] item: Leftovers\n|upkeep\n|\n|t:|1699461407\n|switch|p2a: Grimmsnarl|Grimmsnarl, M, shiny|100\/100\n|turn|7\n|\n|t:|1699461429\n|move|p2a: Grimmsnarl|Taunt|p1a: Lugia\n|-start|p1a: Lugia|move: Taunt\n|cant|p1a: Lugia|move: Taunt|Defog\n|\n|-heal|p1a: Lugia|100\/100|[from] item: Leftovers\n|upkeep\n|turn|8\n|\n|t:|1699461438\n|switch|p1a: Rayquaza|Rayquaza|100\/100\n|-ability|p1a: Rayquaza|Air Lock\n|move|p2a: Grimmsnarl|Spirit Break|p1a: Rayquaza\n|-supereffective|p1a: Rayquaza\n|-damage|p1a: Rayquaza|30\/100\n|-unboost|p1a: Rayquaza|spa|1\n|\n|upkeep\n|turn|9\n|\n|t:|1699461451\n|move|p2a: Grimmsnarl|Reflect|p2a: Grimmsnarl\n|-sidestart|p2: JustMonika_CARR|Reflect\n|move|p1a: Rayquaza|Earthquake|p2a: Grimmsnarl\n|-damage|p2a: Grimmsnarl|74\/100\n|-damage|p1a: Rayquaza|20\/100|[from] item: Life Orb\n|\n|upkeep\n|turn|10\n|\n|t:|1699461460\n|move|p1a: Rayquaza|Earthquake|p2a: Grimmsnarl\n|-damage|p2a: Grimmsnarl|49\/100\n|-damage|p1a: Rayquaza|10\/100|[from] item: Life Orb\n|move|p2a: Grimmsnarl|Spirit Break|p1a: Rayquaza\n|-supereffective|p1a: Rayquaza\n|-damage|p1a: Rayquaza|0 fnt\n|faint|p1a: Rayquaza\n|\n|upkeep\n|\n|t:|1699461468\n|switch|p1a: Lugia|Lugia|100\/100\n|turn|11\n|\n|t:|1699461472\n|move|p2a: Grimmsnarl|Light Screen|p2a: Grimmsnarl\n|-sidestart|p2: JustMonika_CARR|move: Light Screen\n|move|p1a: Lugia|Ice Beam|p2a: Grimmsnarl\n|-damage|p2a: Grimmsnarl|40\/100\n|\n|upkeep\n|turn|12\n|\n|t:|1699461479\n|move|p2a: Grimmsnarl|Taunt|p1a: Lugia\n|-start|p1a: Lugia|move: Taunt\n|cant|p1a: Lugia|move: Taunt|Defog\n|\n|upkeep\n|turn|13\n|\n|t:|1699461485\n|move|p1a: Lugia|Ice Beam|p2a: Grimmsnarl\n|-damage|p2a: Grimmsnarl|30\/100\n|move|p2a: Grimmsnarl|Spirit Break|p1a: Lugia\n|-damage|p1a: Lugia|90\/100\n|-unboost|p1a: Lugia|spa|1\n|\n|-heal|p1a: Lugia|97\/100|[from] item: Leftovers\n|upkeep\n|turn|14\n|\n|t:|1699461496\n|switch|p1a: Yveltal|Yveltal|100\/100\n|-ability|p1a: Yveltal|Dark Aura\n|move|p2a: Grimmsnarl|Spirit Break|p1a: Yveltal\n|-supereffective|p1a: Yveltal\n|-damage|p1a: Yveltal|30\/100\n|-unboost|p1a: Yveltal|spa|1\n|\n|upkeep\n|turn|15\n|\n|t:|1699461505\n|move|p1a: Yveltal|Knock Off|p2a: Grimmsnarl\n|-resisted|p2a: Grimmsnarl\n|-damage|p2a: Grimmsnarl|20\/100\n|-enditem|p2a: Grimmsnarl|Light Clay|[from] move: Knock Off|[of] p1a: Yveltal\n|-damage|p1a: Yveltal|20\/100|[from] item: Life Orb\n|move|p2a: Grimmsnarl|Spirit Break|p1a: Yveltal\n|-supereffective|p1a: Yveltal\n|-damage|p1a: Yveltal|0 fnt\n|faint|p1a: Yveltal\n|\n|upkeep\n|\n|t:|1699461514\n|switch|p1a: Salamence|Salamence, M|100\/100\n|-ability|p1a: Salamence|Intimidate|boost\n|-unboost|p2a: Grimmsnarl|atk|1\n|turn|16\n|\n|t:|1699461521\n|detailschange|p1a: Salamence|Salamence-Mega, M\n|-mega|p1a: Salamence|Salamence|Salamencite\n|move|p1a: Salamence|Dragon Dance|p1a: Salamence\n|-boost|p1a: Salamence|atk|1\n|-boost|p1a: Salamence|spe|1\n|move|p2a: Grimmsnarl|Spirit Break|p1a: Salamence\n|-supereffective|p1a: Salamence\n|-damage|p1a: Salamence|65\/100\n|-unboost|p1a: Salamence|spa|1\n|\n|-sideend|p2: JustMonika_CARR|Reflect\n|upkeep\n|turn|17\n|\n|t:|1699461533\n|move|p2a: Grimmsnarl|Reflect|p2a: Grimmsnarl\n|-sidestart|p2: JustMonika_CARR|Reflect\n|move|p1a: Salamence|Facade|p2a: Grimmsnarl\n|-damage|p2a: Grimmsnarl|0 fnt\n|faint|p2a: Grimmsnarl\n|\n|upkeep\n|\n|t:|1699461541\n|switch|p2a: Marshadow|Marshadow|100\/100\n|turn|18\n|\n|t:|1699461545\n|switch|p1a: Mewtwo|Mewtwo|66\/100 psn\n|-ability|p1a: Mewtwo|Unnerve\n|move|p2a: Marshadow|Spectral Thief|p1a: Mewtwo\n|-supereffective|p1a: Mewtwo\n|-damage|p1a: Mewtwo|0 fnt\n|faint|p1a: Mewtwo\n|\n|-sideend|p2: JustMonika_CARR|move: Light Screen\n|upkeep\n|\n|t:|1699461556\n|switch|p1a: Lugia|Lugia|97\/100\n|turn|19\n|\n|t:|1699461562\n|move|p2a: Marshadow|Spectral Thief|p1a: Lugia\n|-supereffective|p1a: Lugia\n|-damage|p1a: Lugia|36\/100\n|move|p1a: Lugia|Toxic|p2a: Marshadow|[miss]\n|-miss|p1a: Lugia|p2a: Marshadow\n|\n|-heal|p1a: Lugia|42\/100|[from] item: Leftovers\n|upkeep\n|turn|20\n|\n|t:|1699461577\n|move|p2a: Marshadow|Spectral Thief|p1a: Lugia\n|-supereffective|p1a: Lugia\n|-damage|p1a: Lugia|0 fnt\n|faint|p1a: Lugia\n|\n|upkeep\n|\n|t:|1699461584\n|switch|p1a: Groudon|Groudon|100\/100\n|-status|p1a: Groudon|psn\n|detailschange|p1a: Groudon|Groudon-Primal\n|-primal|p1a: Groudon|Red Orb\n|-weather|DesolateLand|[from] ability: Desolate Land|[of] p1a: Groudon\n|turn|21\n|\n|t:|1699461593\n|move|p2a: Marshadow|Rock Tomb|p1a: Groudon\n|-damage|p1a: Groudon|81\/100 psn\n|-unboost|p1a: Groudon|spe|1\n|move|p1a: Groudon|Dragon Tail|p2a: Marshadow\n|-damage|p2a: Marshadow|82\/100\n|drag|p2a: Lopunny|Lopunny, F, shiny|100\/100\n|\n|-weather|DesolateLand|[upkeep]\n|-damage|p1a: Groudon|68\/100 psn|[from] psn\n|-sideend|p2: JustMonika_CARR|Reflect\n|upkeep\n|turn|22\n|\n|t:|1699461606\n|detailschange|p2a: Lopunny|Lopunny-Mega, F, shiny\n|-mega|p2a: Lopunny|Lopunny|Lopunnite\n|move|p2a: Lopunny|Fake Out|p1a: Groudon\n|-damage|p1a: Groudon|55\/100 psn\n|cant|p1a: Groudon|flinch\n|\n|-weather|DesolateLand|[upkeep]\n|-damage|p1a: Groudon|42\/100 psn|[from] psn\n|upkeep\n|turn|23\n|\n|t:|1699461615\n|move|p2a: Lopunny|Close Combat|p1a: Groudon\n|-damage|p1a: Groudon|0 fnt\n|-unboost|p2a: Lopunny|def|1\n|-unboost|p2a: Lopunny|spd|1\n|faint|p1a: Groudon\n|-weather|none\n|\n|upkeep\n|\n|t:|1699461623\n|switch|p1a: Salamence|Salamence-Mega, M|65\/100\n|turn|24\n|\n|t:|1699461627\n|move|p2a: Lopunny|Return|p1a: Salamence\n|-damage|p1a: Salamence|23\/100\n|move|p1a: Salamence|Dragon Dance|p1a: Salamence\n|-boost|p1a: Salamence|atk|1\n|-boost|p1a: Salamence|spe|1\n|\n|upkeep\n|turn|25\n|\n|t:|1699461636\n|move|p1a: Salamence|Roost|p1a: Salamence\n|-heal|p1a: Salamence|73\/100\n|-singleturn|p1a: Salamence|move: Roost\n|move|p2a: Lopunny|Return|p1a: Salamence\n|-damage|p1a: Salamence|31\/100\n|\n|upkeep\n|turn|26\n|\n|t:|1699461647\n|move|p1a: Salamence|Roost|p1a: Salamence\n|-heal|p1a: Salamence|81\/100\n|-singleturn|p1a: Salamence|move: Roost\n|move|p2a: Lopunny|Return|p1a: Salamence\n|-damage|p1a: Salamence|36\/100\n|\n|upkeep\n|turn|27\n|\n|t:|1699461655\n|move|p1a: Salamence|Roost|p1a: Salamence\n|-heal|p1a: Salamence|86\/100\n|-singleturn|p1a: Salamence|move: Roost\n|move|p2a: Lopunny|Close Combat|p1a: Salamence\n|-damage|p1a: Salamence|34\/100\n|-unboost|p2a: Lopunny|def|1\n|-unboost|p2a: Lopunny|spd|1\n|\n|upkeep\n|turn|28\n|\n|t:|1699461664\n|move|p1a: Salamence|Facade|p2a: Lopunny\n|-supereffective|p2a: Lopunny\n|-damage|p2a: Lopunny|0 fnt\n|faint|p2a: Lopunny\n|\n|upkeep\n|\n|t:|1699461671\n|switch|p2a: Pheromosa|Pheromosa, shiny|100\/100\n|turn|29\n|\n|t:|1699461675\n|move|p1a: Salamence|Facade|p2a: Pheromosa\n|-supereffective|p2a: Pheromosa\n|-enditem|p2a: Pheromosa|Focus Sash\n|-damage|p2a: Pheromosa|1\/100\n|move|p2a: Pheromosa|Rapid Spin|p1a: Salamence\n|-damage|p1a: Salamence|22\/100\n|-boost|p2a: Pheromosa|spe|1\n|\n|upkeep\n|turn|30\n|\n|t:|1699461686\n|move|p2a: Pheromosa|Ice Beam|p1a: Salamence\n|-supereffective|p1a: Salamence\n|-damage|p1a: Salamence|0 fnt\n|faint|p1a: Salamence\n|\n|win|JustMonika_CARR\n|raw|danish13's rating: 1474 &rarr; <strong>1450<\/strong><br \/>(-24 for losing)\n|raw|JustMonika_CARR's rating: 1411 &rarr; <strong>1435<\/strong><br \/>(+24 for winning)\n|l|\u2606danish13\n|c|\u2606JustMonika_CARR|Gg\n","uploadtime":1699461699,"views":4,"p1id":"danish13","p2id":"justmonikacarr","formatid":"gen9nationaldexubers","rating":1435,"private":0,"password":""}