{"id":"gen9nationaldexubers-1978398810","p1":"incrediblebraps","p2":"grass knot zygarde","format":"[Gen 9] National Dex Ubers","log":"|j|\u2606incrediblebraps\n|j|\u2606grass knot zygarde\n|t:|1698533891\n|gametype|singles\n|player|p1|incrediblebraps|teacher-gen2|\n|player|p2|grass knot zygarde|dawn|\n|teamsize|p1|6\n|teamsize|p2|6\n|gen|9\n|tier|[Gen 9] National Dex Ubers\n|rule|HP Percentage Mod: HP is shown in percentages\n|rule|Endless Battle Clause: Forcing endless battles is banned\n|rule|OHKO Clause: OHKO moves are banned\n|rule|Evasion Moves Clause: Evasion moves are banned\n|rule|Evasion Items Clause: Evasion items are banned\n|rule|Species Clause: Limit one of each Pok\u00e9mon\n|rule|Sleep Clause Mod: Limit one foe put to sleep\n|rule|Mega Rayquaza Clause: You cannot mega evolve Rayquaza\n|clearpoke\n|poke|p1|Groudon|\n|poke|p1|Zygarde|\n|poke|p1|Mewtwo|\n|poke|p1|Ho-Oh|\n|poke|p1|Arceus|\n|poke|p1|Eternatus|\n|poke|p2|Pawmot, F|\n|poke|p2|Groudon|\n|poke|p2|Eternatus|\n|poke|p2|Zacian-*|\n|poke|p2|Calyrex-Ice|\n|poke|p2|Yveltal|\n|teampreview\n|inactive|Battle timer is ON: inactive players will automatically lose when time's up. (requested by incrediblebraps)\n|c|\u2606incrediblebraps|BEFORE\n|c|\u2606incrediblebraps|u ask\n|c|\u2606grass knot zygarde|OH NONONONO\n|c|\u2606incrediblebraps|who is that third guy\n|c|\u2606incrediblebraps|allow me to answer u\n|c|\u2606incrediblebraps|i dunno :P\n|inactive|incrediblebraps has 270 seconds left.\n|c|\u2606grass knot zygarde|OF COURSE U DONT\n|c|\u2606grass knot zygarde|FUCK\n|\n|t:|1698533932\n|start\n|switch|p1a: Arceus|Arceus|100\/100\n|switch|p2a: Pray 4 Me|Groudon, shiny|100\/100\n|detailschange|p2a: Pray 4 Me|Groudon-Primal, shiny\n|-primal|p2a: Pray 4 Me|Red Orb\n|-weather|DesolateLand|[from] ability: Desolate Land|[of] p2a: Pray 4 Me\n|turn|1\n|c|\u2606incrediblebraps|no\n|c|\u2606incrediblebraps|i won't\n|c|\u2606incrediblebraps|LOL.\n|\n|t:|1698533947\n|move|p1a: Arceus|Taunt|p2a: Pray 4 Me\n|-start|p2a: Pray 4 Me|move: Taunt\n|move|p2a: Pray 4 Me|Precipice Blades|p1a: Arceus\n|-damage|p1a: Arceus|47\/100\n|\n|-weather|DesolateLand|[upkeep]\n|-heal|p1a: Arceus|54\/100|[from] item: Leftovers\n|upkeep\n|turn|2\n|\n|t:|1698533958\n|switch|p1a: Zygarde|Zygarde, shiny|100\/100\n|move|p2a: Pray 4 Me|Precipice Blades|p1a: Zygarde\n|-damage|p1a: Zygarde|36\/100\n|\n|-weather|DesolateLand|[upkeep]\n|-activate|p1a: Zygarde|ability: Power Construct\n|detailschange|p1a: Zygarde|Zygarde-Complete, shiny\n|-heal|p1a: Zygarde|61\/100|[silent]\n|upkeep\n|turn|3\n|c|\u2606grass knot zygarde|andddd its zygarde\n|\n|t:|1698533976\n|-weather|none\n|switch|p2a: Sid Shyne|Eternatus|100\/100\n|-ability|p2a: Sid Shyne|Pressure\n|move|p1a: Zygarde|Thousand Waves|p2a: Sid Shyne\n|-supereffective|p2a: Sid Shyne\n|-damage|p2a: Sid Shyne|26\/100\n|-activate|p2a: Sid Shyne|trapped\n|\n|upkeep\n|turn|4\n|c|\u2606incrediblebraps|it's gardover\n|\n|t:|1698533998\n|switch|p1a: Mewtwo|Mewtwo|100\/100\n|-ability|p1a: Mewtwo|Pressure\n|move|p2a: Sid Shyne|Recover|p2a: Sid Shyne\n|-heal|p2a: Sid Shyne|77\/100\n|\n|upkeep\n|turn|5\n|inactive|grass knot zygarde has 270 seconds left.\n|\n|t:|1698534028\n|switch|p2a: X5|Zacian-Crowned, shiny|100\/100\n|-ability|p2a: X5|Intrepid Sword|boost\n|-boost|p2a: X5|atk|1\n|detailschange|p1a: Mewtwo|Mewtwo-Mega-Y\n|-mega|p1a: Mewtwo|Mewtwo|Mewtwonite Y\n|move|p1a: Mewtwo|Psystrike|p2a: X5\n|-resisted|p2a: X5\n|-crit|p2a: X5\n|-damage|p2a: X5|52\/100\n|\n|upkeep\n|turn|6\n|c|\u2606incrediblebraps|OWWWWWWWWWWWWWWWWWWWWW\n|c|\u2606incrediblebraps|OWWW\n|c|\u2606incrediblebraps|OWWWW\n|c|\u2606incrediblebraps|OWWWWWWWWWWWW\n|\n|t:|1698534041\n|move|p2a: X5|Behemoth Blade|p1a: Mewtwo\n|-damage|p1a: Mewtwo|0 fnt\n|faint|p1a: Mewtwo\n|\n|upkeep\n|c|\u2606incrediblebraps|haha i forgot\n|\n|t:|1698534048\n|switch|p1a: Groudon|Groudon, shiny|100\/100\n|detailschange|p1a: Groudon|Groudon-Primal, shiny\n|-primal|p1a: Groudon|Red Orb\n|-weather|DesolateLand|[from] ability: Desolate Land|[of] p1a: Groudon\n|turn|7\n|inactive|grass knot zygarde has 270 seconds left.\n|c|\u2606grass knot zygarde|did u\n|c|\u2606incrediblebraps|yes kingozoid\n|\n|t:|1698534062\n|move|p2a: X5|Close Combat|p1a: Groudon\n|-damage|p1a: Groudon|56\/100\n|-unboost|p2a: X5|def|1\n|-unboost|p2a: X5|spd|1\n|move|p1a: Groudon|Rock Tomb|p2a: X5\n|-resisted|p2a: X5\n|-damage|p2a: X5|33\/100\n|-unboost|p2a: X5|spe|1\n|\n|-weather|DesolateLand|[upkeep]\n|upkeep\n|turn|8\n|inactive|grass knot zygarde has 270 seconds left.\n|\n|t:|1698534071\n|move|p1a: Groudon|Heat Crash|p2a: X5\n|-supereffective|p2a: X5\n|-damage|p2a: X5|0 fnt\n|faint|p2a: X5\n|\n|-weather|DesolateLand|[upkeep]\n|upkeep\n|\n|t:|1698534075\n|switch|p2a: DYSPHORIA|Yveltal, shiny|100\/100\n|-ability|p2a: DYSPHORIA|Dark Aura\n|turn|9\n|c|\u2606incrediblebraps|it's crash btw.\n|\n|t:|1698534080\n|-weather|none\n|switch|p1a: Ho-Oh|Ho-Oh|100\/100\n|move|p2a: DYSPHORIA|Dark Pulse|p1a: Ho-Oh\n|-damage|p1a: Ho-Oh|71\/100\n|-damage|p2a: DYSPHORIA|91\/100|[from] item: Life Orb\n|\n|upkeep\n|turn|10\n|\n|t:|1698534087\n|move|p2a: DYSPHORIA|Taunt|p1a: Ho-Oh\n|-start|p1a: Ho-Oh|move: Taunt\n|move|p1a: Ho-Oh|Sacred Fire|p2a: DYSPHORIA\n|-damage|p2a: DYSPHORIA|48\/100\n|-status|p2a: DYSPHORIA|brn\n|\n|-damage|p2a: DYSPHORIA|42\/100 brn|[from] brn\n|upkeep\n|turn|11\n|c|\u2606grass knot zygarde|OWIEEEEE\n|\n|t:|1698534106\n|switch|p2a: Pray 4 Me|Groudon-Primal, shiny|100\/100\n|-weather|DesolateLand|[from] ability: Desolate Land|[of] p2a: Pray 4 Me\n|switch|p1a: Eternatus|Eternatus|100\/100\n|-ability|p1a: Eternatus|Pressure\n|\n|-weather|DesolateLand|[upkeep]\n|upkeep\n|turn|12\n|\n|t:|1698534113\n|-terastallize|p1a: Eternatus|Dragon\n|move|p1a: Eternatus|Meteor Beam||[still]\n|-prepare|p1a: Eternatus|Meteor Beam\n|-boost|p1a: Eternatus|spa|1\n|-enditem|p1a: Eternatus|Power Herb\n|-anim|p1a: Eternatus|Meteor Beam|p2a: Pray 4 Me\n|-damage|p2a: Pray 4 Me|38\/100\n|move|p2a: Pray 4 Me|Precipice Blades|p1a: Eternatus\n|-damage|p1a: Eternatus|36\/100\n|\n|-weather|DesolateLand|[upkeep]\n|upkeep\n|turn|13\n|c|\u2606grass knot zygarde|oh this aint it\n|c|\u2606incrediblebraps|IT IS\n|c|\u2606incrediblebraps|IT IS IT!\n|inactive|grass knot zygarde has 270 seconds left.\n|c|\u2606incrediblebraps|btw im agility\n|c|\u2606incrediblebraps|so\n|c|\u2606incrediblebraps|switch to eternatus\n|\n|t:|1698534160\n|move|p1a: Eternatus|Dynamax Cannon|p2a: Pray 4 Me\n|-damage|p2a: Pray 4 Me|0 fnt\n|faint|p2a: Pray 4 Me\n|-weather|none\n|\n|upkeep\n|\n|t:|1698534163\n|switch|p2a: Sid Shyne|Eternatus|77\/100\n|-ability|p2a: Sid Shyne|Pressure\n|turn|14\n|c|\u2606grass knot zygarde|fuck it if i lose i lose\n|\n|t:|1698534174\n|move|p1a: Eternatus|Dynamax Cannon|p2a: Sid Shyne\n|-supereffective|p2a: Sid Shyne\n|-damage|p2a: Sid Shyne|0 fnt\n|faint|p2a: Sid Shyne\n|\n|upkeep\n|c|\u2606grass knot zygarde|yerp\n|-message|grass knot zygarde forfeited.\n|\n|win|incrediblebraps\n|c|\u2606incrediblebraps|im modest\n|c|\u2606incrediblebraps|LMAO\n","uploadtime":1698534187,"views":9,"p1id":"incrediblebraps","p2id":"grassknotzygarde","formatid":"gen9nationaldexubers","rating":0,"private":0,"password":""}