{"id":"gen9nationaldexubers-1982107962","p1":"Hcziinn 01","p2":"BidddYD","format":"[Gen 9] National Dex Ubers","log":"|j|\u2606Hcziinn 01\n|j|\u2606BidddYD\n|t:|1698968634\n|gametype|singles\n|player|p1|Hcziinn 01|steven|1000\n|player|p2|BidddYD|koga|1000\n|teamsize|p1|6\n|teamsize|p2|6\n|gen|9\n|tier|[Gen 9] National Dex Ubers\n|rated|\n|rule|HP Percentage Mod: HP is shown in percentages\n|rule|Endless Battle Clause: Forcing endless battles is banned\n|rule|OHKO Clause: OHKO moves are banned\n|rule|Evasion Moves Clause: Evasion moves are banned\n|rule|Evasion Items Clause: Evasion items are banned\n|rule|Species Clause: Limit one of each Pok\u00e9mon\n|rule|Sleep Clause Mod: Limit one foe put to sleep\n|rule|Mega Rayquaza Clause: You cannot mega evolve Rayquaza\n|clearpoke\n|poke|p1|Blaziken, F|\n|poke|p1|Haxorus, M|\n|poke|p1|Corviknight, M|\n|poke|p1|Krookodile, F|\n|poke|p1|Walrein, M|\n|poke|p1|Mimikyu, F|\n|poke|p2|Gengar, F|\n|poke|p2|Breloom, F|\n|poke|p2|Clefable, F|\n|poke|p2|Heatran, M|\n|poke|p2|Gyarados, M|\n|poke|p2|Landorus-Therian, M|\n|teampreview\n|inactive|Battle timer is ON: inactive players will automatically lose when time's up. (requested by BidddYD)\n|c|\u2606BidddYD|Glhf\n|\n|t:|1698968663\n|start\n|switch|p1a: Walrein|Walrein, M|100\/100\n|switch|p2a: Heatran|Heatran, M|100\/100\n|turn|1\n|\n|t:|1698968670\n|move|p2a: Heatran|Stealth Rock|p1a: Walrein\n|-sidestart|p1: Hcziinn 01|move: Stealth Rock\n|move|p1a: Walrein|Surf|p2a: Heatran\n|-supereffective|p2a: Heatran\n|-damage|p2a: Heatran|52\/100\n|\n|-heal|p2a: Heatran|58\/100|[from] item: Leftovers\n|upkeep\n|turn|2\n|\n|t:|1698968675\n|switch|p2a: Breloom|Breloom, F|100\/100\n|move|p1a: Walrein|Surf|p2a: Breloom\n|-resisted|p2a: Breloom\n|-damage|p2a: Breloom|71\/100\n|\n|upkeep\n|turn|3\n|\n|t:|1698968682\n|move|p1a: Walrein|Protect|p1a: Walrein\n|-singleturn|p1a: Walrein|Protect\n|move|p2a: Breloom|Spore|p1a: Walrein\n|-activate|p1a: Walrein|move: Protect\n|\n|upkeep\n|turn|4\n|\n|t:|1698968705\n|switch|p1a: Krookodile|Krookodile, F|100\/100\n|-damage|p1a: Krookodile|94\/100|[from] Stealth Rock\n|-ability|p1a: Krookodile|Intimidate|boost\n|-unboost|p2a: Breloom|atk|1\n|move|p2a: Breloom|Spore|p1a: Krookodile\n|-status|p1a: Krookodile|slp|[from] move: Spore\n|\n|upkeep\n|turn|5\n|\n|t:|1698968710\n|switch|p1a: Walrein|Walrein, M|100\/100\n|-damage|p1a: Walrein|75\/100|[from] Stealth Rock\n|move|p2a: Breloom|Energy Ball|p1a: Walrein\n|-supereffective|p1a: Walrein\n|-damage|p1a: Walrein|42\/100\n|\n|-heal|p1a: Walrein|48\/100|[from] item: Leftovers\n|upkeep\n|turn|6\n|\n|t:|1698968714\n|move|p2a: Breloom|Spore|p1a: Walrein\n|-message|Sleep Clause Mod activated.\n|-hint|Sleep Clause Mod prevents players from putting more than one of their opponent's Pok\u00e9mon to sleep at a time\n|move|p1a: Walrein|Ice Beam|p2a: Breloom\n|-supereffective|p2a: Breloom\n|-damage|p2a: Breloom|0 fnt\n|faint|p2a: Breloom\n|\n|-heal|p1a: Walrein|54\/100|[from] item: Leftovers\n|upkeep\n|\n|t:|1698968726\n|switch|p2a: Gengar|Gengar, F|100\/100\n|turn|7\n|\n|t:|1698968745\n|-singleturn|p2a: Gengar|move: Focus Punch\n|move|p1a: Walrein|Ice Beam|p2a: Gengar\n|-damage|p2a: Gengar|54\/100\n|cant|p2a: Gengar|Focus Punch|Focus Punch\n|\n|-heal|p1a: Walrein|60\/100|[from] item: Leftovers\n|upkeep\n|turn|8\n|\n|t:|1698968754\n|move|p1a: Walrein|Protect|p1a: Walrein\n|-singleturn|p1a: Walrein|Protect\n|move|p2a: Gengar|Poltergeist|p1a: Walrein\n|-activate|p1a: Walrein|move: Protect\n|\n|-heal|p1a: Walrein|66\/100|[from] item: Leftovers\n|upkeep\n|turn|9\n|\n|t:|1698968759\n|move|p2a: Gengar|Poltergeist|p1a: Walrein\n|-activate|p1a: Walrein|move: Poltergeist|Leftovers\n|-damage|p1a: Walrein|16\/100\n|move|p1a: Walrein|Ice Beam|p2a: Gengar\n|-damage|p2a: Gengar|6\/100\n|\n|-heal|p1a: Walrein|22\/100|[from] item: Leftovers\n|upkeep\n|turn|10\n|\n|t:|1698968763\n|move|p1a: Walrein|Protect|p1a: Walrein\n|-singleturn|p1a: Walrein|Protect\n|move|p2a: Gengar|Poltergeist|p1a: Walrein\n|-activate|p1a: Walrein|move: Protect\n|\n|-heal|p1a: Walrein|28\/100|[from] item: Leftovers\n|upkeep\n|turn|11\n|\n|t:|1698968768\n|move|p2a: Gengar|Poltergeist|p1a: Walrein\n|-activate|p1a: Walrein|move: Poltergeist|Leftovers\n|-damage|p1a: Walrein|0 fnt\n|faint|p1a: Walrein\n|\n|upkeep\n|\n|t:|1698968773\n|switch|p1a: Mimikyu|Mimikyu, F|100\/100\n|-damage|p1a: Mimikyu|88\/100|[from] Stealth Rock\n|turn|12\n|\n|t:|1698968777\n|switch|p2a: Landorus|Landorus-Therian, M|100\/100\n|-ability|p2a: Landorus|Intimidate|boost\n|-unboost|p1a: Mimikyu|atk|1\n|move|p1a: Mimikyu|Shadow Sneak|p2a: Landorus\n|-damage|p2a: Landorus|83\/100\n|-damage|p1a: Mimikyu|78\/100|[from] item: Life Orb\n|\n|upkeep\n|turn|13\n|\n|t:|1698968784\n|switch|p2a: Gyarados|Gyarados, M|100\/100\n|-ability|p2a: Gyarados|Intimidate|boost\n|-unboost|p1a: Mimikyu|atk|1\n|switch|p1a: Krookodile|Krookodile, F|94\/100 slp\n|-damage|p1a: Krookodile|88\/100 slp|[from] Stealth Rock\n|-ability|p1a: Krookodile|Intimidate|boost\n|-unboost|p2a: Gyarados|atk|1\n|\n|upkeep\n|turn|14\n|\n|t:|1698968798\n|switch|p1a: Mimikyu|Mimikyu, F|78\/100\n|-damage|p1a: Mimikyu|66\/100|[from] Stealth Rock\n|move|p2a: Gyarados|Scald|p1a: Mimikyu\n|-activate|p1a: Mimikyu|ability: Disguise\n|-damage|p1a: Mimikyu|66\/100\n|-status|p1a: Mimikyu|brn\n|detailschange|p1a: Mimikyu|Mimikyu-Busted, F\n|-damage|p1a: Mimikyu|53\/100 brn|[from] pokemon: Mimikyu-Busted\n|\n|-damage|p1a: Mimikyu|48\/100 brn|[from] brn\n|upkeep\n|turn|15\n|\n|t:|1698968809\n|move|p1a: Mimikyu|Swords Dance|p1a: Mimikyu\n|-boost|p1a: Mimikyu|atk|2\n|move|p2a: Gyarados|Scald|p1a: Mimikyu\n|-damage|p1a: Mimikyu|0 fnt\n|faint|p1a: Mimikyu\n|\n|upkeep\n|\n|t:|1698968820\n|switch|p1a: Haxorus|Haxorus, M, shiny|100\/100\n|-damage|p1a: Haxorus|88\/100|[from] Stealth Rock\n|-ability|p1a: Haxorus|Mold Breaker\n|turn|16\n|\n|t:|1698968829\n|switch|p2a: Gengar|Gengar, F|6\/100\n|-terastallize|p1a: Haxorus|Electric\n|move|p1a: Haxorus|Tera Blast|p2a: Gengar|[anim] Tera Blast Electric\n|-damage|p2a: Gengar|0 fnt\n|faint|p2a: Gengar\n|-damage|p1a: Haxorus|78\/100|[from] item: Life Orb\n|\n|upkeep\n|\n|t:|1698968831\n|switch|p2a: Landorus|Landorus-Therian, M|83\/100\n|-ability|p2a: Landorus|Intimidate|boost\n|-unboost|p1a: Haxorus|atk|1\n|turn|17\n|\n|t:|1698968837\n|switch|p1a: Krookodile|Krookodile, F|88\/100 slp\n|-damage|p1a: Krookodile|82\/100 slp|[from] Stealth Rock\n|-ability|p1a: Krookodile|Intimidate|boost\n|-unboost|p2a: Landorus|atk|1\n|move|p2a: Landorus|Nasty Plot|p2a: Landorus\n|-boost|p2a: Landorus|spa|2\n|\n|upkeep\n|turn|18\n|\n|t:|1698968842\n|cant|p1a: Krookodile|slp\n|move|p2a: Landorus|Grass Knot|p1a: Krookodile\n|-supereffective|p1a: Krookodile\n|-damage|p1a: Krookodile|0 fnt\n|faint|p1a: Krookodile\n|-damage|p2a: Landorus|73\/100|[from] item: Life Orb\n|\n|upkeep\n|\n|t:|1698968845\n|switch|p1a: Haxorus|Haxorus, M, shiny, tera:Electric|78\/100\n|-damage|p1a: Haxorus|66\/100|[from] Stealth Rock\n|-ability|p1a: Haxorus|Mold Breaker\n|turn|19\n|\n|t:|1698968850\n|move|p2a: Landorus|Sandsear Storm|p1a: Haxorus\n|-supereffective|p1a: Haxorus\n|-damage|p1a: Haxorus|0 fnt\n|faint|p1a: Haxorus\n|-damage|p2a: Landorus|64\/100|[from] item: Life Orb\n|\n|upkeep\n|\n|t:|1698968853\n|switch|p1a: Blaziken|Blaziken, F, shiny|100\/100\n|-damage|p1a: Blaziken|88\/100|[from] Stealth Rock\n|turn|20\n|\n|t:|1698968856\n|detailschange|p1a: Blaziken|Blaziken-Mega, F, shiny\n|-mega|p1a: Blaziken|Blaziken|Blazikenite\n|move|p1a: Blaziken|Protect|p1a: Blaziken\n|-singleturn|p1a: Blaziken|Protect\n|move|p2a: Landorus|Nasty Plot|p2a: Landorus\n|-boost|p2a: Landorus|spa|2\n|\n|-ability|p1a: Blaziken|Speed Boost|boost\n|-boost|p1a: Blaziken|spe|1\n|upkeep\n|turn|21\n|\n|t:|1698968865\n|move|p1a: Blaziken|High Jump Kick|p2a: Landorus\n|-resisted|p2a: Landorus\n|-damage|p2a: Landorus|11\/100\n|move|p2a: Landorus|Sandsear Storm|p1a: Blaziken\n|-supereffective|p1a: Blaziken\n|-damage|p1a: Blaziken|0 fnt\n|faint|p1a: Blaziken\n|-damage|p2a: Landorus|1\/100|[from] item: Life Orb\n|\n|upkeep\n|\n|t:|1698968869\n|switch|p1a: Corviknight|Corviknight, M|100\/100\n|-damage|p1a: Corviknight|88\/100|[from] Stealth Rock\n|-ability|p1a: Corviknight|Pressure\n|turn|22\n|\n|t:|1698968873\n|move|p2a: Landorus|Grass Knot|p1a: Corviknight\n|-resisted|p1a: Corviknight\n|-damage|p1a: Corviknight|67\/100\n|-damage|p2a: Landorus|0 fnt|[from] item: Life Orb\n|faint|p2a: Landorus\n|move|p1a: Corviknight|Body Press|p2: Landorus|[notarget]\n|-fail|p1a: Corviknight\n|\n|-heal|p1a: Corviknight|73\/100|[from] item: Leftovers\n|upkeep\n|\n|t:|1698968875\n|switch|p2a: Heatran|Heatran, M|58\/100\n|turn|23\n|\n|t:|1698968880\n|move|p2a: Heatran|Fire Fang|p1a: Corviknight\n|-supereffective|p1a: Corviknight\n|-damage|p1a: Corviknight|38\/100\n|move|p1a: Corviknight|Body Press|p2a: Heatran\n|-supereffective|p2a: Heatran\n|-damage|p2a: Heatran|11\/100\n|\n|-heal|p2a: Heatran|18\/100|[from] item: Leftovers\n|-heal|p1a: Corviknight|44\/100|[from] item: Leftovers\n|upkeep\n|turn|24\n|\n|t:|1698968884\n|move|p2a: Heatran|Fire Fang|p1a: Corviknight\n|-supereffective|p1a: Corviknight\n|-damage|p1a: Corviknight|12\/100\n|move|p1a: Corviknight|Body Press|p2a: Heatran\n|-supereffective|p2a: Heatran\n|-damage|p2a: Heatran|0 fnt\n|faint|p2a: Heatran\n|\n|-heal|p1a: Corviknight|18\/100|[from] item: Leftovers\n|upkeep\n|\n|t:|1698968886\n|switch|p2a: Gyarados|Gyarados, M|100\/100\n|-ability|p2a: Gyarados|Intimidate|boost\n|-unboost|p1a: Corviknight|atk|1\n|turn|25\n|\n|t:|1698968890\n|move|p2a: Gyarados|Flamethrower|p1a: Corviknight\n|-supereffective|p1a: Corviknight\n|-damage|p1a: Corviknight|0 fnt\n|faint|p1a: Corviknight\n|\n|win|BidddYD\n|raw|Hcziinn 01's rating: 1000 &rarr; <strong>1000<\/strong><br \/>(+0 for losing)\n|raw|BidddYD's rating: 1000 &rarr; <strong>1040<\/strong><br \/>(+40 for winning)\n|c|\u2606BidddYD|Ggs\n|l|\u2606Hcziinn 01\n","uploadtime":1698968895,"views":25,"p1id":"hcziinn01","p2id":"bidddyd","formatid":"gen9nationaldexubers","rating":1000,"private":0,"password":""}