{"id":"gen9nationaldexubers-1978909578","p1":"Lunarquay","p2":"coldwitch21","format":"[Gen 9] National Dex Ubers","log":"|j|\u2606Lunarquay\n|j|\u2606coldwitch21\n|t:|1698609132\n|gametype|singles\n|player|p1|Lunarquay|cynthia-gen4|1216\n|player|p2|coldwitch21|1|1341\n|teamsize|p1|6\n|teamsize|p2|6\n|gen|9\n|tier|[Gen 9] National Dex Ubers\n|rated|\n|rule|HP Percentage Mod: HP is shown in percentages\n|rule|Endless Battle Clause: Forcing endless battles is banned\n|rule|OHKO Clause: OHKO moves are banned\n|rule|Evasion Moves Clause: Evasion moves are banned\n|rule|Evasion Items Clause: Evasion items are banned\n|rule|Species Clause: Limit one of each Pok\u00e9mon\n|rule|Sleep Clause Mod: Limit one foe put to sleep\n|rule|Mega Rayquaza Clause: You cannot mega evolve Rayquaza\n|clearpoke\n|poke|p1|Deoxys-Attack|\n|poke|p1|Groudon|\n|poke|p1|Kyogre|\n|poke|p1|Necrozma-Dusk-Mane|\n|poke|p1|Xerneas-*|\n|poke|p1|Blaziken, F|\n|poke|p2|Espathra, F|\n|poke|p2|Incineroar, M|\n|poke|p2|Clodsire, M|\n|poke|p2|Tapu Lele|\n|poke|p2|Dhelmise|\n|poke|p2|Lopunny, F|\n|teampreview\n|inactive|Battle timer is ON: inactive players will automatically lose when time's up. (requested by Lunarquay)\n|inactive|coldwitch21 has 120 seconds left.\n|c|\u2606Lunarquay|i always having fuck\n|\n|t:|1698609179\n|start\n|switch|p1a: damage machine|Deoxys-Attack|100\/100\n|switch|p2a: Lopunny|Lopunny, F|100\/100\n|-ability|p1a: damage machine|Pressure\n|turn|1\n|c|\u2606coldwitch21|Ok\n|\n|t:|1698609201\n|detailschange|p2a: Lopunny|Lopunny-Mega, F\n|-mega|p2a: Lopunny|Lopunny|Lopunnite\n|move|p2a: Lopunny|Fake Out|p1a: damage machine\n|-damage|p1a: damage machine|0 fnt\n|faint|p1a: damage machine\n|\n|upkeep\n|\n|t:|1698609215\n|switch|p1a: sun wielder|Blaziken, F, shiny|100\/100\n|turn|2\n|\n|t:|1698609223\n|switch|p2a: Fakeout|Incineroar, M|100\/100\n|-ability|p2a: Fakeout|Intimidate|boost\n|-unboost|p1a: sun wielder|atk|1\n|detailschange|p1a: sun wielder|Blaziken-Mega, F, shiny\n|-mega|p1a: sun wielder|Blaziken|Blazikenite\n|move|p1a: sun wielder|Protect||[still]\n|-fail|p1a: sun wielder\n|\n|-ability|p1a: sun wielder|Speed Boost|boost\n|-boost|p1a: sun wielder|spe|1\n|upkeep\n|turn|3\n|\n|t:|1698609241\n|-terastallize|p2a: Fakeout|Fairy\n|move|p1a: sun wielder|Close Combat|p2a: Fakeout\n|-resisted|p2a: Fakeout\n|-damage|p2a: Fakeout|84\/100\n|-unboost|p1a: sun wielder|def|1\n|-unboost|p1a: sun wielder|spd|1\n|move|p2a: Fakeout|Thunder Punch|p1a: sun wielder\n|-damage|p1a: sun wielder|63\/100\n|\n|-ability|p1a: sun wielder|Speed Boost|boost\n|-boost|p1a: sun wielder|spe|1\n|upkeep\n|turn|4\n|\n|t:|1698609256\n|switch|p1a: Xmas tree <3|Xerneas|100\/100\n|-ability|p1a: Xmas tree <3|Fairy Aura\n|move|p2a: Fakeout|Thunder Punch|p1a: Xmas tree <3\n|-damage|p1a: Xmas tree <3|84\/100\n|\n|upkeep\n|turn|5\n|\n|t:|1698609269\n|switch|p2a: Clodsire|Clodsire, M|100\/100\n|move|p1a: Xmas tree <3|Flash Cannon|p2a: Clodsire\n|-damage|p2a: Clodsire|85\/100\n|\n|-heal|p2a: Clodsire|91\/100|[from] item: Leftovers\n|upkeep\n|turn|6\n|\n|t:|1698609276\n|move|p1a: Xmas tree <3|Geomancy||[still]\n|-prepare|p1a: Xmas tree <3|Geomancy\n|move|p2a: Clodsire|Toxic|p1a: Xmas tree <3\n|-status|p1a: Xmas tree <3|tox\n|\n|-heal|p2a: Clodsire|97\/100|[from] item: Leftovers\n|-damage|p1a: Xmas tree <3|78\/100 tox|[from] psn\n|upkeep\n|turn|7\n|\n|t:|1698609283\n|move|p1a: Xmas tree <3|Geomancy|p1a: Xmas tree <3|[from]lockedmove\n|-boost|p1a: Xmas tree <3|spa|2\n|-boost|p1a: Xmas tree <3|spd|2\n|-boost|p1a: Xmas tree <3|spe|2\n|move|p2a: Clodsire|Stealth Rock|p1a: Xmas tree <3\n|-sidestart|p1: Lunarquay|move: Stealth Rock\n|\n|-heal|p2a: Clodsire|100\/100|[from] item: Leftovers\n|-damage|p1a: Xmas tree <3|66\/100 tox|[from] psn\n|upkeep\n|turn|8\n|\n|t:|1698609294\n|move|p1a: Xmas tree <3|Draining Kiss|p2a: Clodsire\n|-resisted|p2a: Clodsire\n|-damage|p2a: Clodsire|78\/100\n|-heal|p1a: Xmas tree <3|83\/100 tox|[from] drain|[of] p2a: Clodsire\n|move|p2a: Clodsire|Recover|p2a: Clodsire\n|-heal|p2a: Clodsire|100\/100\n|\n|-damage|p1a: Xmas tree <3|64\/100 tox|[from] psn\n|upkeep\n|turn|9\n|\n|t:|1698609303\n|move|p1a: Xmas tree <3|Flash Cannon|p2a: Clodsire\n|-damage|p2a: Clodsire|65\/100\n|move|p2a: Clodsire|Recover|p2a: Clodsire\n|-heal|p2a: Clodsire|100\/100\n|\n|-damage|p1a: Xmas tree <3|40\/100 tox|[from] psn\n|upkeep\n|turn|10\n|c|\u2606Lunarquay|oh u r recover spammer!\n|\n|t:|1698609330\n|switch|p1a: black panther|Kyogre, shiny|100\/100\n|-damage|p1a: black panther|88\/100|[from] Stealth Rock\n|detailschange|p1a: black panther|Kyogre-Primal, shiny\n|-primal|p1a: black panther|Blue Orb\n|-weather|PrimordialSea|[from] ability: Primordial Sea|[of] p1a: black panther\n|move|p2a: Clodsire|Recover||[still]\n|-fail|p2a: Clodsire|heal\n|\n|-weather|PrimordialSea|[upkeep]\n|upkeep\n|turn|11\n|c|\u2606coldwitch21|You are using 5 legendary pokemon.\n|c|\u2606Lunarquay|it is called National Dex Uber for a reason\n|c|\u2606Lunarquay|????\n|inactive|Lunarquay has 120 seconds left.\n|c|\u2606Lunarquay|So dumb\n|\n|t:|1698609351\n|move|p1a: black panther|Origin Pulse|p2a: Clodsire\n|-immune|p2a: Clodsire|[from] ability: Water Absorb\n|move|p2a: Clodsire|Toxic|p1a: black panther\n|-status|p1a: black panther|tox\n|\n|-weather|PrimordialSea|[upkeep]\n|-damage|p1a: black panther|82\/100 tox|[from] psn\n|upkeep\n|turn|12\n|inactive|Lunarquay has 120 seconds left.\n|c|\u2606coldwitch21|SO why am I kicking your butt? with Dhelmise and Clodsire?\n|c|\u2606Lunarquay|What does this have to do with anything...\n|inactive|coldwitch21 has 120 seconds left.\n|c|\u2606Lunarquay|Lol\n|\n|t:|1698609386\n|-weather|none\n|switch|p1a: batman|Groudon, shiny|100\/100\n|-damage|p1a: batman|94\/100|[from] Stealth Rock\n|detailschange|p1a: batman|Groudon-Primal, shiny\n|-primal|p1a: batman|Red Orb\n|-weather|DesolateLand|[from] ability: Desolate Land|[of] p1a: batman\n|move|p2a: Clodsire|Recover||[still]\n|-fail|p2a: Clodsire|heal\n|\n|-weather|DesolateLand|[upkeep]\n|upkeep\n|turn|13\n|\n|t:|1698609396\n|move|p1a: batman|Swords Dance|p1a: batman\n|-boost|p1a: batman|atk|2\n|move|p2a: Clodsire|Toxic|p1a: batman\n|-status|p1a: batman|tox\n|\n|-weather|DesolateLand|[upkeep]\n|-damage|p1a: batman|88\/100 tox|[from] psn\n|upkeep\n|turn|14\n|inactive|coldwitch21 has 120 seconds left.\n|c|\u2606coldwitch21|I knew you would set up you moran\n|c|\u2606Lunarquay|<3\n|\n|t:|1698609417\n|switch|p2a: Fakeout|Incineroar, M, tera:Fairy|84\/100\n|-ability|p2a: Fakeout|Intimidate|boost\n|-unboost|p1a: batman|atk|1\n|move|p1a: batman|Earthquake|p2a: Fakeout\n|-damage|p2a: Fakeout|8\/100\n|\n|-weather|DesolateLand|[upkeep]\n|-damage|p1a: batman|76\/100 tox|[from] psn\n|upkeep\n|turn|15\n|inactive|Lunarquay has 120 seconds left.\n|inactive|coldwitch21 has 120 seconds left.\n|\n|t:|1698609434\n|switch|p2a: Lopunny|Lopunny-Mega, F|100\/100\n|move|p1a: batman|Earthquake|p2a: Lopunny\n|-damage|p2a: Lopunny|0 fnt\n|faint|p2a: Lopunny\n|\n|-weather|DesolateLand|[upkeep]\n|-damage|p1a: batman|58\/100 tox|[from] psn\n|upkeep\n|c|\u2606Lunarquay|HAHAHA\n|c|\u2606Lunarquay|XD\n|\n|t:|1698609446\n|switch|p2a: Razzle|Espathra, F, shiny|100\/100\n|turn|16\n|\n|t:|1698609454\n|move|p2a: Razzle|Protect|p2a: Razzle\n|-singleturn|p2a: Razzle|Protect\n|move|p1a: batman|Earthquake|p2a: Razzle\n|-activate|p2a: Razzle|move: Protect\n|\n|-weather|DesolateLand|[upkeep]\n|-damage|p1a: batman|33\/100 tox|[from] psn\n|-ability|p2a: Razzle|Speed Boost|boost\n|-boost|p2a: Razzle|spe|1\n|upkeep\n|turn|17\n|inactive|coldwitch21 has 120 seconds left.\n|c|\u2606coldwitch21|Your not going to XD after this\n|c|\u2606Lunarquay|ooo u r also protect spammer :O\n|\n|t:|1698609464\n|move|p2a: Razzle|Lumina Crash|p1a: batman\n|-damage|p1a: batman|0 fnt\n|faint|p1a: batman\n|-weather|none\n|\n|-ability|p2a: Razzle|Speed Boost|boost\n|-boost|p2a: Razzle|spe|1\n|upkeep\n|inactive|Lunarquay has 120 seconds left.\n|c|\u2606coldwitch21|I hope you dont use necrozma\n|c|\u2606Lunarquay|<3\n|\n|t:|1698609506\n|switch|p1a: Xmas tree <3|Xerneas|40\/100 tox\n|-damage|p1a: Xmas tree <3|27\/100 tox|[from] Stealth Rock\n|-ability|p1a: Xmas tree <3|Fairy Aura\n|turn|18\n|\n|t:|1698609513\n|move|p2a: Razzle|Lumina Crash|p1a: Xmas tree <3\n|-damage|p1a: Xmas tree <3|0 fnt\n|faint|p1a: Xmas tree <3\n|\n|-ability|p2a: Razzle|Speed Boost|boost\n|-boost|p2a: Razzle|spe|1\n|upkeep\n|\n|t:|1698609523\n|switch|p1a: black panther|Kyogre-Primal, shiny|82\/100 tox\n|-damage|p1a: black panther|70\/100 tox|[from] Stealth Rock\n|-weather|PrimordialSea|[from] ability: Primordial Sea|[of] p1a: black panther\n|turn|19\n|\n|t:|1698609531\n|switch|p2a: Clodsire|Clodsire, M|100\/100\n|move|p1a: black panther|Thunder|p2a: Clodsire\n|-immune|p2a: Clodsire\n|\n|-weather|PrimordialSea|[upkeep]\n|-damage|p1a: black panther|64\/100 tox|[from] psn\n|upkeep\n|turn|20\n|c|\u2606coldwitch21|Clodsire\n|\n|t:|1698609546\n|move|p1a: black panther|Rest|p1a: black panther\n|-status|p1a: black panther|slp|[from] move: Rest\n|-heal|p1a: black panther|100\/100 slp|[silent]\n|move|p2a: Clodsire|Earthquake|p1a: black panther\n|-damage|p1a: black panther|69\/100 slp\n|\n|-weather|PrimordialSea|[upkeep]\n|upkeep\n|turn|21\n|\n|t:|1698609556\n|switch|p2a: Dhelmise|Dhelmise|100\/100\n|cant|p1a: black panther|slp\n|\n|-weather|PrimordialSea|[upkeep]\n|upkeep\n|turn|22\n|\n|t:|1698609573\n|cant|p1a: black panther|slp\n|move|p2a: Dhelmise|Power Whip|p1a: black panther|[miss]\n|-miss|p2a: Dhelmise|p1a: black panther\n|\n|-weather|PrimordialSea|[upkeep]\n|upkeep\n|turn|23\n|\n|t:|1698609579\n|-curestatus|p1a: black panther|slp|[msg]\n|move|p1a: black panther|Chilling Water|p2a: Dhelmise\n|-resisted|p2a: Dhelmise\n|-damage|p2a: Dhelmise|64\/100\n|-unboost|p2a: Dhelmise|atk|1\n|move|p2a: Dhelmise|Power Whip|p1a: black panther\n|-supereffective|p1a: black panther\n|-damage|p1a: black panther|0 fnt\n|faint|p1a: black panther\n|-weather|none\n|\n|upkeep\n|c|\u2606coldwitch21|I love chilly\n|\n|t:|1698609602\n|switch|p1a: sun wielder|Blaziken-Mega, F, shiny|63\/100\n|-damage|p1a: sun wielder|51\/100|[from] Stealth Rock\n|turn|24\n|\n|t:|1698609611\n|move|p1a: sun wielder|Flare Blitz|p2a: Dhelmise\n|-supereffective|p2a: Dhelmise\n|-damage|p2a: Dhelmise|0 fnt\n|faint|p2a: Dhelmise\n|-damage|p1a: sun wielder|30\/100|[from] Recoil\n|\n|-ability|p1a: sun wielder|Speed Boost|boost\n|-boost|p1a: sun wielder|spe|1\n|upkeep\n|\n|t:|1698609623\n|switch|p2a: Fakeout|Incineroar, M, tera:Fairy|8\/100\n|-ability|p2a: Fakeout|Intimidate|boost\n|-unboost|p1a: sun wielder|atk|1\n|turn|25\n|\n|t:|1698609635\n|move|p1a: sun wielder|Hidden Power|p2a: Fakeout\n|-damage|p2a: Fakeout|0 fnt\n|faint|p2a: Fakeout\n|\n|-ability|p1a: sun wielder|Speed Boost|boost\n|-boost|p1a: sun wielder|spe|1\n|upkeep\n|\n|t:|1698609643\n|switch|p2a: Clodsire|Clodsire, M|100\/100\n|turn|26\n|inactive|Lunarquay has 120 seconds left.\n|\n|t:|1698609653\n|move|p1a: sun wielder|Hidden Power|p2a: Clodsire\n|-supereffective|p2a: Clodsire\n|-damage|p2a: Clodsire|83\/100\n|move|p2a: Clodsire|Earthquake|p1a: sun wielder\n|-supereffective|p1a: sun wielder\n|-damage|p1a: sun wielder|0 fnt\n|faint|p1a: sun wielder\n|\n|-heal|p2a: Clodsire|89\/100|[from] item: Leftovers\n|upkeep\n|c|\u2606coldwitch21|ouch\n|\n|t:|1698609662\n|switch|p1a: wait for it..|Necrozma-Dusk-Mane, shiny|100\/100\n|-damage|p1a: wait for it..|94\/100|[from] Stealth Rock\n|turn|27\n|inactive|Lunarquay has 120 seconds left.\n|\n|t:|1698609669\n|switch|p2a: Razzle|Espathra, F, shiny|100\/100\n|detailschange|p1a: wait for it..|Necrozma-Ultra, shiny\n|-burst|p1a: wait for it..|Necrozma|Ultranecrozium Z\n|move|p1a: wait for it..|Photon Geyser|p2a: Razzle\n|-resisted|p2a: Razzle\n|-damage|p2a: Razzle|49\/100\n|\n|upkeep\n|turn|28\n|inactive|Lunarquay has 120 seconds left.\n|\n|t:|1698609705\n|move|p2a: Razzle|Protect|p2a: Razzle\n|-singleturn|p2a: Razzle|Protect\n|move|p1a: wait for it..|Psychic Fangs|p2a: Razzle\n|-activate|p2a: Razzle|move: Protect\n|\n|-ability|p2a: Razzle|Speed Boost|boost\n|-boost|p2a: Razzle|spe|1\n|upkeep\n|turn|29\n|\n|t:|1698609715\n|move|p2a: Razzle|Lumina Crash|p1a: wait for it..\n|-resisted|p1a: wait for it..\n|-damage|p1a: wait for it..|73\/100\n|-unboost|p1a: wait for it..|spd|2\n|move|p1a: wait for it..|Psychic Fangs|p2a: Razzle\n|-resisted|p2a: Razzle\n|-damage|p2a: Razzle|3\/100\n|\n|-ability|p2a: Razzle|Speed Boost|boost\n|-boost|p2a: Razzle|spe|1\n|upkeep\n|turn|30\n|c|\u2606coldwitch21|Game over for you\n|c|\u2606Lunarquay|<3\n|\n|t:|1698609731\n|move|p2a: Razzle|Dazzling Gleam|p1a: wait for it..\n|-supereffective|p1a: wait for it..\n|-damage|p1a: wait for it..|0 fnt\n|faint|p1a: wait for it..\n|\n|win|coldwitch21\n|raw|Lunarquay's rating: 1216 &rarr; <strong>1200<\/strong><br \/>(-16 for losing)\n|raw|coldwitch21's rating: 1341 &rarr; <strong>1354<\/strong><br \/>(+13 for winning)\n|c|\u2606Lunarquay|u r spammer so L :3\n|c|\u2606coldwitch21|gg\n|c|\u2606Lunarquay|even if u won\n|c|\u2606coldwitch21|That was fun.\n|c|\u2606coldwitch21|thanks for the battle\n|c|\u2606coldwitch21|All diffrences aside\n|c|\u2606coldwitch21|I think you did well\n","uploadtime":1698610286,"views":15,"p1id":"lunarquay","p2id":"coldwitch21","formatid":"gen9nationaldexubers","rating":1200,"private":0,"password":""}