{"id":"gen9nationaldexubers-1979913289","p1":"Lamporck","p2":"Jackimaster","format":"[Gen 9] National Dex Ubers","log":"|j|\u2606Lamporck\n|j|\u2606Jackimaster\n|t:|1698728418\n|gametype|singles\n|player|p1|Lamporck|266|1094\n|player|p2|Jackimaster|unknown|1165\n|teamsize|p1|6\n|teamsize|p2|6\n|gen|9\n|tier|[Gen 9] National Dex Ubers\n|rated|\n|rule|HP Percentage Mod: HP is shown in percentages\n|rule|Endless Battle Clause: Forcing endless battles is banned\n|rule|OHKO Clause: OHKO moves are banned\n|rule|Evasion Moves Clause: Evasion moves are banned\n|rule|Evasion Items Clause: Evasion items are banned\n|rule|Species Clause: Limit one of each Pok\u00e9mon\n|rule|Sleep Clause Mod: Limit one foe put to sleep\n|rule|Mega Rayquaza Clause: You cannot mega evolve Rayquaza\n|clearpoke\n|poke|p1|Glimmora, M|\n|poke|p1|Flutter Mane|\n|poke|p1|Rillaboom, F|\n|poke|p1|Ogerpon-Hearthflame, F|\n|poke|p1|Groudon|\n|poke|p1|Kingambit, F|\n|poke|p2|Garganacl, M|\n|poke|p2|Dragapult, M|\n|poke|p2|Gengar, M|\n|poke|p2|Meowscarada, F|\n|poke|p2|Corviknight, F|\n|poke|p2|Klefki, M|\n|teampreview\n|\n|t:|1698728424\n|start\n|switch|p1a: Glimmora|Glimmora, M|100\/100\n|switch|p2a: Gengar|Gengar, M|100\/100\n|turn|1\n|\n|t:|1698728431\n|move|p2a: Gengar|Nasty Plot|p2a: Gengar\n|-boost|p2a: Gengar|spa|2\n|move|p1a: Glimmora|Stealth Rock|p2a: Gengar\n|-sidestart|p2: Jackimaster|move: Stealth Rock\n|\n|upkeep\n|turn|2\n|\n|t:|1698728436\n|move|p2a: Gengar|Psychic|p1a: Glimmora\n|-supereffective|p1a: Glimmora\n|-enditem|p1a: Glimmora|Focus Sash\n|-damage|p1a: Glimmora|1\/100\n|move|p1a: Glimmora|Mortal Spin|p2a: Gengar\n|-resisted|p2a: Gengar\n|-damage|p2a: Gengar|97\/100\n|\n|upkeep\n|turn|3\n|\n|t:|1698728444\n|move|p2a: Gengar|Psychic|p1a: Glimmora\n|-supereffective|p1a: Glimmora\n|-damage|p1a: Glimmora|0 fnt\n|faint|p1a: Glimmora\n|\n|upkeep\n|\n|t:|1698728456\n|switch|p1a: Kingambit|Kingambit, F|100\/100\n|-activate|p1a: Kingambit|ability: Supreme Overlord\n|-start|p1a: Kingambit|fallen1|[silent]\n|turn|4\n|\n|t:|1698728466\n|switch|p2a: Corviknight|Corviknight, F|100\/100\n|-damage|p2a: Corviknight|88\/100|[from] Stealth Rock\n|-ability|p2a: Corviknight|Pressure\n|move|p1a: Kingambit|Swords Dance|p1a: Kingambit\n|-boost|p1a: Kingambit|atk|2\n|\n|upkeep\n|turn|5\n|\n|t:|1698728479\n|-end|p1a: Kingambit|fallen1|[silent]\n|switch|p1a: Groudon|Groudon|100\/100\n|-weather|SunnyDay|[from] ability: Drought|[of] p1a: Groudon\n|move|p2a: Corviknight|Bulk Up|p2a: Corviknight\n|-boost|p2a: Corviknight|atk|1\n|-boost|p2a: Corviknight|def|1\n|\n|-weather|SunnyDay|[upkeep]\n|upkeep\n|turn|6\n|\n|t:|1698728491\n|move|p1a: Groudon|Fire Punch|p2a: Corviknight\n|-supereffective|p2a: Corviknight\n|-damage|p2a: Corviknight|50\/100\n|-damage|p1a: Groudon|84\/100|[from] item: Rocky Helmet|[of] p2a: Corviknight\n|move|p2a: Corviknight|Bulk Up|p2a: Corviknight\n|-boost|p2a: Corviknight|atk|1\n|-boost|p2a: Corviknight|def|1\n|\n|-weather|SunnyDay|[upkeep]\n|upkeep\n|turn|7\n|\n|t:|1698728504\n|move|p1a: Groudon|Fire Punch|p2a: Corviknight\n|-supereffective|p2a: Corviknight\n|-crit|p2a: Corviknight\n|-damage|p2a: Corviknight|0 fnt\n|-damage|p1a: Groudon|68\/100|[from] item: Rocky Helmet|[of] p2a: Corviknight\n|faint|p2a: Corviknight\n|\n|-weather|SunnyDay|[upkeep]\n|upkeep\n|c|\u2606Jackimaster|CHUPALO\n|c|\u2606Jackimaster|hijo de put\n|\n|t:|1698728519\n|switch|p2a: Dragapult|Dragapult, M|100\/100\n|-damage|p2a: Dragapult|88\/100|[from] Stealth Rock\n|turn|8\n|c|\u2606Lamporck|shesh\n|inactive|Battle timer is ON: inactive players will automatically lose when time's up. (requested by Jackimaster)\n|\n|t:|1698728529\n|move|p2a: Dragapult|Draco Meteor|p1a: Groudon|[miss]\n|-miss|p2a: Dragapult|p1a: Groudon\n|move|p1a: Groudon|Fire Punch|p2a: Dragapult\n|-resisted|p2a: Dragapult\n|-damage|p2a: Dragapult|62\/100\n|\n|-weather|SunnyDay|[upkeep]\n|upkeep\n|turn|9\n|c|\u2606Lamporck|lol\n|c|\u2606Jackimaster|._.\n|\n|t:|1698728537\n|move|p2a: Dragapult|Draco Meteor|p1a: Groudon\n|-damage|p1a: Groudon|1\/100\n|-unboost|p2a: Dragapult|spa|2\n|move|p1a: Groudon|Solar Beam||[still]\n|-prepare|p1a: Groudon|Solar Beam\n|-anim|p1a: Groudon|Solar Beam|p2a: Dragapult\n|-resisted|p2a: Dragapult\n|-damage|p2a: Dragapult|43\/100\n|\n|-weather|SunnyDay|[upkeep]\n|upkeep\n|turn|10\n|c|\u2606Jackimaster|........\n|\n|t:|1698728547\n|move|p2a: Dragapult|Draco Meteor|p1a: Groudon\n|-damage|p1a: Groudon|0 fnt\n|-unboost|p2a: Dragapult|spa|2\n|faint|p1a: Groudon\n|\n|-weather|SunnyDay|[upkeep]\n|upkeep\n|\n|t:|1698728566\n|switch|p1a: Rillaboom|Rillaboom, F|100\/100\n|-fieldstart|move: Grassy Terrain|[from] ability: Grassy Surge|[of] p1a: Rillaboom\n|turn|11\n|\n|t:|1698728571\n|switch|p2a: Klefki|Klefki, M|100\/100\n|-damage|p2a: Klefki|95\/100|[from] Stealth Rock\n|move|p1a: Rillaboom|Grassy Glide|p2a: Klefki\n|-resisted|p2a: Klefki\n|-damage|p2a: Klefki|73\/100\n|-damage|p1a: Rillaboom|91\/100|[from] item: Life Orb\n|\n|-weather|SunnyDay|[upkeep]\n|-heal|p1a: Rillaboom|97\/100|[from] Grassy Terrain\n|-heal|p2a: Klefki|78\/100|[from] Grassy Terrain\n|upkeep\n|turn|12\n|\n|t:|1698728585\n|move|p2a: Klefki|Reflect|p2a: Klefki\n|-sidestart|p2: Jackimaster|Reflect\n|move|p1a: Rillaboom|Sunny Day||[still]\n|-fail|p1a: Rillaboom\n|\n|-weather|none\n|-heal|p1a: Rillaboom|100\/100|[from] Grassy Terrain\n|-heal|p2a: Klefki|84\/100|[from] Grassy Terrain\n|upkeep\n|turn|13\n|\n|t:|1698728592\n|move|p2a: Klefki|Thunder Wave|p1a: Rillaboom|[miss]\n|-miss|p2a: Klefki|p1a: Rillaboom\n|move|p1a: Rillaboom|Sunny Day|p1a: Rillaboom\n|-weather|SunnyDay\n|\n|-weather|SunnyDay|[upkeep]\n|-heal|p2a: Klefki|90\/100|[from] Grassy Terrain\n|upkeep\n|turn|14\n|\n|t:|1698728599\n|move|p2a: Klefki|Thunder Wave|p1a: Rillaboom\n|-status|p1a: Rillaboom|par\n|cant|p1a: Rillaboom|par\n|\n|-weather|SunnyDay|[upkeep]\n|-heal|p2a: Klefki|96\/100|[from] Grassy Terrain\n|upkeep\n|turn|15\n|\n|t:|1698728610\n|switch|p2a: Meowscarada|Meowscarada, F, shiny|100\/100\n|-damage|p2a: Meowscarada|88\/100|[from] Stealth Rock\n|switch|p1a: Flutter Mane|Flutter Mane|100\/100\n|-activate|p1a: Flutter Mane|ability: Protosynthesis\n|-start|p1a: Flutter Mane|protosynthesisspe\n|\n|-weather|SunnyDay|[upkeep]\n|-heal|p2a: Meowscarada|94\/100|[from] Grassy Terrain\n|-fieldend|move: Grassy Terrain\n|upkeep\n|turn|16\n|\n|t:|1698728621\n|move|p1a: Flutter Mane|Mystical Fire|p2a: Meowscarada\n|-supereffective|p2a: Meowscarada\n|-crit|p2a: Meowscarada\n|-damage|p2a: Meowscarada|0 fnt\n|faint|p2a: Meowscarada\n|\n|-weather|SunnyDay|[upkeep]\n|upkeep\n|\n|t:|1698728623\n|switch|p2a: Dragapult|Dragapult, M|43\/100\n|-damage|p2a: Dragapult|30\/100|[from] Stealth Rock\n|turn|17\n|\n|t:|1698728631\n|switch|p2a: Klefki|Klefki, M|96\/100\n|-damage|p2a: Klefki|90\/100|[from] Stealth Rock\n|move|p1a: Flutter Mane|Mystical Fire|p2a: Klefki\n|-supereffective|p2a: Klefki\n|-damage|p2a: Klefki|0 fnt\n|faint|p2a: Klefki\n|\n|-weather|none\n|-end|p1a: Flutter Mane|Protosynthesis\n|upkeep\n|\n|t:|1698728638\n|switch|p2a: Garganacl|Garganacl, M, shiny|100\/100\n|-damage|p2a: Garganacl|88\/100|[from] Stealth Rock\n|turn|18\n|c|\u2606Lamporck|bruhhh\n|\n|t:|1698728650\n|-end|p1a: Flutter Mane|Protosynthesis|[silent]\n|switch|p1a: Rillaboom|Rillaboom, F|100\/100 par\n|-fieldstart|move: Grassy Terrain|[from] ability: Grassy Surge|[of] p1a: Rillaboom\n|move|p2a: Garganacl|Salt Cure|p1a: Rillaboom\n|-damage|p1a: Rillaboom|86\/100 par\n|-start|p1a: Rillaboom|Salt Cure\n|\n|-heal|p1a: Rillaboom|92\/100 par|[from] Grassy Terrain\n|-heal|p2a: Garganacl|94\/100|[from] Grassy Terrain\n|-heal|p2a: Garganacl|100\/100|[from] item: Leftovers\n|-damage|p1a: Rillaboom|80\/100 par|[from] Salt Cure\n|upkeep\n|turn|19\n|\n|t:|1698728673\n|move|p1a: Rillaboom|Grassy Glide|p2a: Garganacl\n|-supereffective|p2a: Garganacl\n|-damage|p2a: Garganacl|65\/100\n|-damage|p1a: Rillaboom|70\/100 par|[from] item: Life Orb\n|move|p2a: Garganacl|Iron Defense|p2a: Garganacl\n|-boost|p2a: Garganacl|def|2\n|\n|-heal|p1a: Rillaboom|76\/100 par|[from] Grassy Terrain\n|-heal|p2a: Garganacl|71\/100|[from] Grassy Terrain\n|-heal|p2a: Garganacl|77\/100|[from] item: Leftovers\n|-damage|p1a: Rillaboom|64\/100 par|[from] Salt Cure\n|-sideend|p2: Jackimaster|Reflect\n|upkeep\n|turn|20\n|\n|t:|1698728692\n|cant|p1a: Rillaboom|par\n|move|p2a: Garganacl|Iron Defense|p2a: Garganacl\n|-boost|p2a: Garganacl|def|2\n|\n|-heal|p1a: Rillaboom|70\/100 par|[from] Grassy Terrain\n|-heal|p2a: Garganacl|83\/100|[from] Grassy Terrain\n|-heal|p2a: Garganacl|90\/100|[from] item: Leftovers\n|-damage|p1a: Rillaboom|58\/100 par|[from] Salt Cure\n|upkeep\n|turn|21\n|\n|t:|1698728702\n|move|p1a: Rillaboom|Sunny Day|p1a: Rillaboom\n|-weather|SunnyDay\n|move|p2a: Garganacl|Iron Defense|p2a: Garganacl\n|-boost|p2a: Garganacl|def|2\n|\n|-weather|SunnyDay|[upkeep]\n|-heal|p1a: Rillaboom|64\/100 par|[from] Grassy Terrain\n|-heal|p2a: Garganacl|96\/100|[from] Grassy Terrain\n|-heal|p2a: Garganacl|100\/100|[from] item: Leftovers\n|-damage|p1a: Rillaboom|52\/100 par|[from] Salt Cure\n|upkeep\n|turn|22\n|\n|t:|1698728711\n|switch|p1a: Flutter Mane|Flutter Mane|100\/100\n|-activate|p1a: Flutter Mane|ability: Protosynthesis\n|-start|p1a: Flutter Mane|protosynthesisspe\n|move|p2a: Garganacl|Salt Cure|p1a: Flutter Mane\n|-damage|p1a: Flutter Mane|69\/100\n|-start|p1a: Flutter Mane|Salt Cure\n|\n|-weather|SunnyDay|[upkeep]\n|-heal|p1a: Flutter Mane|75\/100|[from] Grassy Terrain\n|-damage|p1a: Flutter Mane|63\/100|[from] Salt Cure\n|-fieldend|move: Grassy Terrain\n|upkeep\n|turn|23\n|\n|t:|1698728741\n|move|p1a: Flutter Mane|Shadow Ball|p2a: Garganacl\n|-damage|p2a: Garganacl|80\/100\n|move|p2a: Garganacl|Recover|p2a: Garganacl\n|-heal|p2a: Garganacl|100\/100\n|\n|-weather|SunnyDay|[upkeep]\n|-damage|p1a: Flutter Mane|50\/100|[from] Salt Cure\n|upkeep\n|turn|24\n|\n|t:|1698728748\n|move|p1a: Flutter Mane|Shadow Ball|p2a: Garganacl\n|-damage|p2a: Garganacl|80\/100\n|move|p2a: Garganacl|Salt Cure|p1a: Flutter Mane\n|-damage|p1a: Flutter Mane|15\/100\n|\n|-weather|SunnyDay|[upkeep]\n|-heal|p2a: Garganacl|87\/100|[from] item: Leftovers\n|-damage|p1a: Flutter Mane|3\/100|[from] Salt Cure\n|upkeep\n|turn|25\n|\n|t:|1698728757\n|move|p1a: Flutter Mane|Shadow Ball|p2a: Garganacl\n|-damage|p2a: Garganacl|65\/100\n|-unboost|p2a: Garganacl|spd|1\n|move|p2a: Garganacl|Recover|p2a: Garganacl\n|-heal|p2a: Garganacl|100\/100\n|\n|-weather|none\n|-end|p1a: Flutter Mane|Protosynthesis\n|-damage|p1a: Flutter Mane|0 fnt|[from] Salt Cure\n|faint|p1a: Flutter Mane\n|-end|p1a: Flutter Mane|Protosynthesis|[silent]\n|upkeep\n|-message|Lamporck forfeited.\n|\n|win|Jackimaster\n|raw|Lamporck's rating: 1094 &rarr; <strong>1075<\/strong><br \/>(-19 for losing)\n|raw|Jackimaster's rating: 1165 &rarr; <strong>1185<\/strong><br \/>(+20 for winning)\n","uploadtime":1698728516,"views":8,"p1id":"lamporck","p2id":"jackimaster","formatid":"gen9nationaldexubers","rating":1075,"private":0,"password":""}