{"id":"gen9nationaldexubers-1986663910","p1":"dsyujing","p2":"flamingwrench11234","format":"[Gen 9] National Dex Ubers","log":"|j|\u2606dsyujing\n|j|\u2606flamingwrench11234\n|t:|1699504316\n|gametype|singles\n|player|p1|dsyujing|102|1455\n|player|p2|flamingwrench11234|102|1655\n|teamsize|p1|6\n|teamsize|p2|6\n|gen|9\n|tier|[Gen 9] National Dex Ubers\n|rated|\n|rule|HP Percentage Mod: HP is shown in percentages\n|rule|Endless Battle Clause: Forcing endless battles is banned\n|rule|OHKO Clause: OHKO moves are banned\n|rule|Evasion Moves Clause: Evasion moves are banned\n|rule|Evasion Items Clause: Evasion items are banned\n|rule|Species Clause: Limit one of each Pok\u00e9mon\n|rule|Sleep Clause Mod: Limit one foe put to sleep\n|rule|Mega Rayquaza Clause: You cannot mega evolve Rayquaza\n|clearpoke\n|poke|p1|Sneasler, M|\n|poke|p1|Groudon|\n|poke|p1|Yveltal|\n|poke|p1|Zygarde|\n|poke|p1|Mewtwo|\n|poke|p1|Victini|\n|poke|p2|Arceus-Ground|\n|poke|p2|Zygarde|\n|poke|p2|Yveltal|\n|poke|p2|Ho-Oh|\n|poke|p2|Groudon, L99|\n|poke|p2|Dondozo, F|\n|teampreview\n|\n|t:|1699504325\n|start\n|switch|p1a: Victini|Victini|100\/100\n|switch|p2a: Y am I good|Yveltal|100\/100\n|-ability|p2a: Y am I good|Dark Aura\n|turn|1\n|\n|t:|1699504333\n|move|p1a: Victini|Final Gambit|p2a: Y am I good\n|-damage|p2a: Y am I good|0 fnt\n|faint|p1a: Victini\n|faint|p2a: Y am I good\n|\n|upkeep\n|\n|t:|1699504339\n|switch|p1a: Groudon|Groudon|100\/100\n|switch|p2a: God ate dirt|Arceus-Ground|100\/100\n|detailschange|p1a: Groudon|Groudon-Primal\n|-primal|p1a: Groudon|Red Orb\n|-weather|DesolateLand|[from] ability: Desolate Land|[of] p1a: Groudon\n|turn|2\n|\n|t:|1699504349\n|move|p2a: God ate dirt|Judgment|p1a: Groudon\n|-supereffective|p1a: Groudon\n|-damage|p1a: Groudon|1\/100\n|move|p1a: Groudon|Stealth Rock|p2a: God ate dirt\n|-sidestart|p2: flamingwrench11234|move: Stealth Rock\n|\n|-weather|DesolateLand|[upkeep]\n|upkeep\n|turn|3\n|\n|t:|1699504357\n|-weather|none\n|switch|p1a: Yveltal|Yveltal|100\/100\n|-ability|p1a: Yveltal|Dark Aura\n|move|p2a: God ate dirt|Judgment|p1a: Yveltal\n|-immune|p1a: Yveltal\n|\n|upkeep\n|turn|4\n|\n|t:|1699504367\n|move|p2a: God ate dirt|Toxic|p1a: Yveltal\n|-status|p1a: Yveltal|tox\n|move|p1a: Yveltal|Knock Off|p2a: God ate dirt\n|-damage|p2a: God ate dirt|73\/100\n|\n|-damage|p1a: Yveltal|94\/100 tox|[from] psn\n|upkeep\n|turn|5\n|\n|t:|1699504379\n|switch|p1a: Mewtwo|Mewtwo|100\/100\n|-ability|p1a: Mewtwo|Pressure\n|move|p2a: God ate dirt|Taunt|p1a: Mewtwo\n|-start|p1a: Mewtwo|move: Taunt\n|\n|upkeep\n|turn|6\n|\n|t:|1699504389\n|switch|p2a: Toxic Flamethrower|Ho-Oh|100\/100\n|detailschange|p1a: Mewtwo|Mewtwo-Mega-Y\n|-mega|p1a: Mewtwo|Mewtwo|Mewtwonite Y\n|move|p1a: Mewtwo|Ice Beam|p2a: Toxic Flamethrower\n|-damage|p2a: Toxic Flamethrower|77\/100\n|\n|upkeep\n|turn|7\n|\n|t:|1699504403\n|switch|p1a: Yveltal|Yveltal|94\/100 tox\n|-ability|p1a: Yveltal|Dark Aura\n|move|p2a: Toxic Flamethrower|Defog|p1a: Yveltal\n|-unboost|p1a: Yveltal|evasion|1\n|-sideend|p2: flamingwrench11234|Stealth Rock|[from] move: Defog|[of] p2a: Toxic Flamethrower\n|\n|-damage|p1a: Yveltal|88\/100 tox|[from] psn\n|upkeep\n|turn|8\n|\n|t:|1699504414\n|switch|p2a: God ate dirt|Arceus-Ground|73\/100\n|move|p1a: Yveltal|Knock Off|p2a: God ate dirt\n|-damage|p2a: God ate dirt|46\/100\n|\n|-damage|p1a: Yveltal|76\/100 tox|[from] psn\n|upkeep\n|turn|9\n|\n|t:|1699504422\n|switch|p1a: Mewtwo|Mewtwo-Mega-Y|100\/100\n|move|p2a: God ate dirt|Recover|p2a: God ate dirt\n|-heal|p2a: God ate dirt|96\/100\n|\n|upkeep\n|turn|10\n|\n|t:|1699504429\n|switch|p2a: Volcanic dude|Groudon, L99, shiny|100\/100\n|detailschange|p2a: Volcanic dude|Groudon-Primal, L99, shiny\n|-primal|p2a: Volcanic dude|Red Orb\n|-weather|DesolateLand|[from] ability: Desolate Land|[of] p2a: Volcanic dude\n|move|p1a: Mewtwo|Nasty Plot|p1a: Mewtwo\n|-boost|p1a: Mewtwo|spa|2\n|\n|-weather|DesolateLand|[upkeep]\n|upkeep\n|turn|11\n|\n|t:|1699504443\n|move|p1a: Mewtwo|Psystrike|p2a: Volcanic dude\n|-damage|p2a: Volcanic dude|29\/100\n|move|p2a: Volcanic dude|Stealth Rock|p1a: Mewtwo\n|-sidestart|p1: dsyujing|move: Stealth Rock\n|\n|-weather|DesolateLand|[upkeep]\n|upkeep\n|turn|12\n|\n|t:|1699504453\n|move|p1a: Mewtwo|Psystrike|p2a: Volcanic dude\n|-damage|p2a: Volcanic dude|0 fnt\n|faint|p2a: Volcanic dude\n|-weather|none\n|\n|upkeep\n|\n|t:|1699504455\n|switch|p2a: Magic bandaid|Dondozo, F|100\/100\n|turn|13\n|\n|t:|1699504461\n|move|p1a: Mewtwo|Psystrike|p2a: Magic bandaid\n|-damage|p2a: Magic bandaid|71\/100\n|move|p2a: Magic bandaid|Liquidation|p1a: Mewtwo\n|-damage|p1a: Mewtwo|63\/100\n|-unboost|p1a: Mewtwo|def|1\n|\n|-heal|p2a: Magic bandaid|77\/100|[from] item: Leftovers\n|upkeep\n|turn|14\n|\n|t:|1699504472\n|move|p1a: Mewtwo|Shadow Ball|p2a: Magic bandaid\n|-damage|p2a: Magic bandaid|43\/100\n|move|p2a: Magic bandaid|Liquidation|p1a: Mewtwo\n|-damage|p1a: Mewtwo|26\/100\n|\n|-heal|p2a: Magic bandaid|49\/100|[from] item: Leftovers\n|upkeep\n|turn|15\n|\n|t:|1699504481\n|move|p1a: Mewtwo|Shadow Ball|p2a: Magic bandaid\n|-damage|p2a: Magic bandaid|13\/100\n|move|p2a: Magic bandaid|Liquidation|p1a: Mewtwo\n|-damage|p1a: Mewtwo|0 fnt\n|faint|p1a: Mewtwo\n|\n|-heal|p2a: Magic bandaid|19\/100|[from] item: Leftovers\n|upkeep\n|\n|t:|1699504492\n|switch|p1a: Yveltal|Yveltal|76\/100 tox\n|-ability|p1a: Yveltal|Dark Aura\n|turn|16\n|\n|t:|1699504499\n|move|p1a: Yveltal|Knock Off|p2a: Magic bandaid\n|-damage|p2a: Magic bandaid|0 fnt\n|-enditem|p2a: Magic bandaid|Leftovers|[from] move: Knock Off|[of] p1a: Yveltal\n|faint|p2a: Magic bandaid\n|\n|-damage|p1a: Yveltal|70\/100 tox|[from] psn\n|upkeep\n|\n|t:|1699504504\n|switch|p2a: Cells at sweeping|Zygarde|100\/100\n|turn|17\n|\n|t:|1699504509\n|move|p1a: Yveltal|Knock Off|p2a: Cells at sweeping\n|-damage|p2a: Cells at sweeping|63\/100\n|-enditem|p2a: Cells at sweeping|Leftovers|[from] move: Knock Off|[of] p1a: Yveltal\n|move|p2a: Cells at sweeping|Coil|p2a: Cells at sweeping\n|-boost|p2a: Cells at sweeping|atk|1\n|-boost|p2a: Cells at sweeping|def|1\n|-boost|p2a: Cells at sweeping|accuracy|1\n|\n|-damage|p1a: Yveltal|58\/100 tox|[from] psn\n|upkeep\n|turn|18\n|\n|t:|1699504523\n|switch|p1a: Sneasler|Sneasler, M|100\/100\n|-damage|p1a: Sneasler|95\/100|[from] Stealth Rock\n|move|p2a: Cells at sweeping|Thousand Arrows|p1a: Sneasler\n|-supereffective|p1a: Sneasler\n|-damage|p1a: Sneasler|0 fnt\n|faint|p1a: Sneasler\n|\n|upkeep\n|\n|t:|1699504533\n|switch|p1a: Zygarde|Zygarde|100\/100\n|-damage|p1a: Zygarde|94\/100|[from] Stealth Rock\n|turn|19\n|\n|t:|1699504537\n|move|p1a: Zygarde|Coil|p1a: Zygarde\n|-boost|p1a: Zygarde|atk|1\n|-boost|p1a: Zygarde|def|1\n|-boost|p1a: Zygarde|accuracy|1\n|move|p2a: Cells at sweeping|Glare|p1a: Zygarde\n|-status|p1a: Zygarde|par\n|\n|-heal|p1a: Zygarde|100\/100 par|[from] item: Leftovers\n|upkeep\n|turn|20\n|\n|t:|1699504551\n|move|p2a: Cells at sweeping|Coil|p2a: Cells at sweeping\n|-boost|p2a: Cells at sweeping|atk|1\n|-boost|p2a: Cells at sweeping|def|1\n|-boost|p2a: Cells at sweeping|accuracy|1\n|cant|p1a: Zygarde|par\n|\n|upkeep\n|turn|21\n|\n|t:|1699504558\n|move|p2a: Cells at sweeping|Coil|p2a: Cells at sweeping\n|-boost|p2a: Cells at sweeping|atk|1\n|-boost|p2a: Cells at sweeping|def|1\n|-boost|p2a: Cells at sweeping|accuracy|1\n|move|p1a: Zygarde|Coil|p1a: Zygarde\n|-boost|p1a: Zygarde|atk|1\n|-boost|p1a: Zygarde|def|1\n|-boost|p1a: Zygarde|accuracy|1\n|\n|upkeep\n|turn|22\n|\n|t:|1699504566\n|move|p2a: Cells at sweeping|Coil|p2a: Cells at sweeping\n|-boost|p2a: Cells at sweeping|atk|1\n|-boost|p2a: Cells at sweeping|def|1\n|-boost|p2a: Cells at sweeping|accuracy|1\n|cant|p1a: Zygarde|par\n|\n|upkeep\n|turn|23\n|\n|t:|1699504573\n|move|p2a: Cells at sweeping|Coil|p2a: Cells at sweeping\n|-boost|p2a: Cells at sweeping|atk|1\n|-boost|p2a: Cells at sweeping|def|1\n|-boost|p2a: Cells at sweeping|accuracy|1\n|move|p1a: Zygarde|Coil|p1a: Zygarde\n|-boost|p1a: Zygarde|atk|1\n|-boost|p1a: Zygarde|def|1\n|-boost|p1a: Zygarde|accuracy|1\n|\n|upkeep\n|turn|24\n|\n|t:|1699504581\n|move|p2a: Cells at sweeping|Coil|p2a: Cells at sweeping\n|-boost|p2a: Cells at sweeping|atk|1\n|-boost|p2a: Cells at sweeping|def|1\n|-boost|p2a: Cells at sweeping|accuracy|1\n|move|p1a: Zygarde|Coil|p1a: Zygarde\n|-boost|p1a: Zygarde|atk|1\n|-boost|p1a: Zygarde|def|1\n|-boost|p1a: Zygarde|accuracy|1\n|\n|upkeep\n|turn|25\n|\n|t:|1699504588\n|-terastallize|p2a: Cells at sweeping|Ground\n|move|p2a: Cells at sweeping|Thousand Arrows|p1a: Zygarde\n|-damage|p1a: Zygarde|59\/100 par\n|move|p1a: Zygarde|Coil|p1a: Zygarde\n|-boost|p1a: Zygarde|atk|1\n|-boost|p1a: Zygarde|def|1\n|-boost|p1a: Zygarde|accuracy|1\n|\n|-heal|p1a: Zygarde|65\/100 par|[from] item: Leftovers\n|upkeep\n|turn|26\n|\n|t:|1699504599\n|move|p2a: Cells at sweeping|Thousand Arrows|p1a: Zygarde\n|-damage|p1a: Zygarde|28\/100 par\n|move|p1a: Zygarde|Coil|p1a: Zygarde\n|-boost|p1a: Zygarde|atk|1\n|-boost|p1a: Zygarde|def|1\n|-boost|p1a: Zygarde|accuracy|1\n|\n|-heal|p1a: Zygarde|34\/100 par|[from] item: Leftovers\n|-activate|p1a: Zygarde|ability: Power Construct\n|detailschange|p1a: Zygarde|Zygarde-Complete\n|-heal|p1a: Zygarde|57\/100 par|[silent]\n|upkeep\n|turn|27\n|\n|t:|1699504612\n|move|p2a: Cells at sweeping|Thousand Arrows|p1a: Zygarde\n|-damage|p1a: Zygarde|39\/100 par\n|move|p1a: Zygarde|Thousand Arrows|p2a: Cells at sweeping\n|-damage|p2a: Cells at sweeping|41\/100\n|\n|-heal|p1a: Zygarde|45\/100 par|[from] item: Leftovers\n|-activate|p2a: Cells at sweeping|ability: Power Construct\n|detailschange|p2a: Cells at sweeping|Zygarde-Complete, tera:Ground\n|-heal|p2a: Cells at sweeping|61\/100|[silent]\n|upkeep\n|turn|28\n|\n|t:|1699504625\n|move|p2a: Cells at sweeping|Thousand Arrows|p1a: Zygarde\n|-damage|p1a: Zygarde|27\/100 par\n|move|p1a: Zygarde|Thousand Arrows|p2a: Cells at sweeping\n|-damage|p2a: Cells at sweeping|47\/100\n|\n|-heal|p1a: Zygarde|33\/100 par|[from] item: Leftovers\n|upkeep\n|turn|29\n|\n|t:|1699504635\n|move|p2a: Cells at sweeping|Thousand Arrows|p1a: Zygarde\n|-damage|p1a: Zygarde|14\/100 par\n|cant|p1a: Zygarde|par\n|\n|-heal|p1a: Zygarde|20\/100 par|[from] item: Leftovers\n|upkeep\n|turn|30\n|inactive|Battle timer is ON: inactive players will automatically lose when time's up. (requested by dsyujing)\n|\n|t:|1699504643\n|move|p2a: Cells at sweeping|Thousand Arrows|p1a: Zygarde\n|-damage|p1a: Zygarde|1\/100 par\n|cant|p1a: Zygarde|par\n|\n|-heal|p1a: Zygarde|7\/100 par|[from] item: Leftovers\n|upkeep\n|turn|31\n|\n|t:|1699504651\n|cant|p1a: Zygarde|par\n|move|p2a: Cells at sweeping|Thousand Arrows|p1a: Zygarde\n|-damage|p1a: Zygarde|0 fnt\n|faint|p1a: Zygarde\n|\n|upkeep\n|-message|dsyujing forfeited.\n|\n|win|flamingwrench11234\n|raw|dsyujing's rating: 1455 &rarr; <strong>1445<\/strong><br \/>(-10 for losing)\n|raw|flamingwrench11234's rating: 1655 &rarr; <strong>1665<\/strong><br \/>(+10 for winning)\n|l|\u2606dsyujing\n|l|\u2606flamingwrench11234\n","uploadtime":1699504729,"views":5,"p1id":"dsyujing","p2id":"flamingwrench11234","formatid":"gen9nationaldexubers","rating":1445,"private":0,"password":""}