{"id":"gen9nationaldexubers-2000651850","p1":"Void280","p2":"xCookieBallx","format":"[Gen 9] National Dex Ubers","log":"|j|\u2606Void280\n|j|\u2606xCookieBallx\n|t:|1701214745\n|gametype|singles\n|player|p1|Void280|hilbert|\n|player|p2|xCookieBallx|lass-gen8|\n|teamsize|p1|6\n|teamsize|p2|6\n|gen|9\n|tier|[Gen 9] National Dex Ubers\n|rule|HP Percentage Mod: HP is shown in percentages\n|rule|Endless Battle Clause: Forcing endless battles is banned\n|rule|OHKO Clause: OHKO moves are banned\n|rule|Evasion Moves Clause: Evasion moves are banned\n|rule|Evasion Items Clause: Evasion items are banned\n|rule|Species Clause: Limit one of each Pok\u00e9mon\n|rule|Sleep Clause Mod: Limit one foe put to sleep\n|rule|Mega Rayquaza Clause: You cannot mega evolve Rayquaza\n|clearpoke\n|poke|p1|Shaymin|\n|poke|p1|Lilligant, F|\n|poke|p1|Aron, L1, F|\n|poke|p1|Primarina, F|\n|poke|p1|Flareon, M|\n|poke|p1|Ogerpon-Hearthflame, F|\n|poke|p2|Melmetal|\n|poke|p2|Blacephalon|\n|poke|p2|Tsareena, F|\n|poke|p2|Toxtricity-Low-Key, M|\n|poke|p2|Wishiwashi, M|\n|poke|p2|Cetitan, M|\n|teampreview\n|c|\u2606xCookieBallx|ARON\n|c|\u2606Void280|Recostruye los bosques de las monta\u00f1as junto a sus papas, debe estar\n|\n|t:|1701214781\n|start\n|switch|p1a: Axar|Flareon, M|100\/100\n|switch|p2a: Hiroku|Toxtricity-Low-Key, M|100\/100\n|turn|1\n|\n|t:|1701214790\n|move|p2a: Hiroku|Overdrive|p1a: Axar\n|-damage|p1a: Axar|53\/100\n|move|p1a: Axar|Trailblaze|p2a: Hiroku\n|-resisted|p2a: Hiroku\n|-damage|p2a: Hiroku|85\/100\n|-boost|p1a: Axar|spe|1\n|\n|-status|p1a: Axar|tox|[from] item: Toxic Orb\n|upkeep\n|turn|2\n|\n|t:|1701214800\n|move|p2a: Hiroku|Overdrive|p1a: Axar\n|-damage|p1a: Axar|0 fnt\n|faint|p1a: Axar\n|\n|upkeep\n|c|\u2606Void280|Malditos Low y High rolls\n|c|\u2606Void280|Creo que Hiroku me puede hacer Sweep xd\n|\n|t:|1701214833\n|switch|p1a: Ogerpon|Ogerpon-Hearthflame, F|100\/100\n|-ability|p1a: Ogerpon|Mold Breaker\n|turn|3\n|\n|t:|1701214841\n|switch|p2a: Dorys|Wishiwashi, M|100\/100\n|-formechange|p2a: Dorys|Wishiwashi-School||[from] ability: Schooling\n|-terastallize|p1a: Ogerpon|Fire\n|detailschange|p1a: Ogerpon|Ogerpon-Hearthflame-Tera, F, tera:Fire\n|-ability|p1a: Ogerpon|Embody Aspect (Hearthflame)|boost\n|-boost|p1a: Ogerpon|atk|1\n|move|p1a: Ogerpon|Ivy Cudgel|p2a: Dorys|[anim] Ivy Cudgel Fire\n|-resisted|p2a: Dorys\n|-damage|p2a: Dorys|44\/100\n|-enditem|p2a: Dorys|Sitrus Berry|[eat]\n|-heal|p2a: Dorys|69\/100|[from] item: Sitrus Berry\n|\n|upkeep\n|turn|4\n|\n|t:|1701214854\n|move|p1a: Ogerpon|Horn Leech|p2a: Dorys\n|-supereffective|p2a: Dorys\n|-damage|p2a: Dorys|0 fnt\n|faint|p2a: Dorys\n|\n|upkeep\n|\n|t:|1701214867\n|switch|p2a: Barney|Cetitan, M|100\/100\n|turn|5\n|\n|t:|1701214878\n|move|p2a: Barney|Icicle Crash|p1a: Ogerpon\n|-resisted|p1a: Ogerpon\n|-damage|p1a: Ogerpon|61\/100\n|move|p1a: Ogerpon|Ivy Cudgel|p2a: Barney|[anim] Ivy Cudgel Fire\n|-supereffective|p2a: Barney\n|-damage|p2a: Barney|0 fnt\n|faint|p2a: Barney\n|\n|upkeep\n|c|\u2606xCookieBallx|es que justo le quite terremoto :(\n|\n|t:|1701214893\n|switch|p2a: Clownhy|Blacephalon|100\/100\n|turn|6\n|c|\u2606Void280|Uf, que mala suerte\n|\n|t:|1701214896\n|move|p2a: Clownhy|Shadow Ball|p1a: Ogerpon\n|-damage|p1a: Ogerpon|6\/100\n|-unboost|p1a: Ogerpon|spd|1\n|move|p1a: Ogerpon|Knock Off|p2a: Clownhy\n|-supereffective|p2a: Clownhy\n|-damage|p2a: Clownhy|0 fnt\n|-enditem|p2a: Clownhy|Choice Scarf|[from] move: Knock Off|[of] p1a: Ogerpon\n|faint|p2a: Clownhy\n|\n|upkeep\n|\n|t:|1701214900\n|switch|p2a: Hiroku|Toxtricity-Low-Key, M|85\/100\n|turn|7\n|\n|t:|1701214907\n|move|p2a: Hiroku|Overdrive|p1a: Ogerpon\n|-damage|p1a: Ogerpon|0 fnt\n|faint|p1a: Ogerpon\n|\n|upkeep\n|c|\u2606Void280|Hizo buen trabajo, de 6 0 a 3 0\n|\n|t:|1701214941\n|switch|p1a: Haurko|Shaymin|100\/100\n|turn|8\n|\n|t:|1701214945\n|switch|p2a: Elena Tally|Tsareena, F, shiny|100\/100\n|move|p1a: Haurko|Leech Seed|p2a: Elena Tally\n|-immune|p2a: Elena Tally\n|\n|upkeep\n|turn|9\n|c|\u2606xCookieBallx|JA\n|c|\u2606Void280|Conshasumare\n|\n|t:|1701214954\n|move|p1a: Haurko|Toxic|p2a: Elena Tally\n|-status|p2a: Elena Tally|tox\n|move|p2a: Elena Tally|Knock Off|p1a: Haurko\n|-damage|p1a: Haurko|73\/100\n|-enditem|p1a: Haurko|Leftovers|[from] move: Knock Off|[of] p2a: Elena Tally\n|\n|-damage|p2a: Elena Tally|95\/100 tox|[from] psn\n|upkeep\n|turn|10\n|\n|t:|1701214967\n|switch|p1a: Ivy|Lilligant, F|100\/100\n|move|p2a: Elena Tally|Zen Headbutt|p1a: Ivy\n|-damage|p1a: Ivy|55\/100\n|\n|-damage|p2a: Elena Tally|83\/100 tox|[from] psn\n|upkeep\n|turn|11\n|\n|t:|1701215000\n|move|p1a: Ivy|Sunny Day|p1a: Ivy\n|-weather|SunnyDay\n|move|p2a: Elena Tally|Knock Off|p1a: Ivy\n|-damage|p1a: Ivy|2\/100\n|-enditem|p1a: Ivy|Focus Sash|[from] move: Knock Off|[of] p2a: Elena Tally\n|\n|-weather|SunnyDay|[upkeep]\n|-damage|p2a: Elena Tally|65\/100 tox|[from] psn\n|upkeep\n|turn|12\n|\n|t:|1701215008\n|move|p1a: Ivy|Weather Ball|p2a: Elena Tally\n|-supereffective|p2a: Elena Tally\n|-damage|p2a: Elena Tally|2\/100 tox\n|move|p2a: Elena Tally|Zen Headbutt|p1a: Ivy\n|-damage|p1a: Ivy|0 fnt\n|faint|p1a: Ivy\n|\n|-weather|SunnyDay|[upkeep]\n|-damage|p2a: Elena Tally|0 fnt|[from] psn\n|faint|p2a: Elena Tally\n|upkeep\n|c|\u2606Void280|fffffffffff\n|\n|t:|1701215030\n|switch|p1a: Haurko|Shaymin|73\/100\n|switch|p2a: Hiroku|Toxtricity-Low-Key, M|85\/100\n|turn|13\n|\n|t:|1701215038\n|-terastallize|p2a: Hiroku|Normal\n|move|p2a: Hiroku|Boomburst|p1a: Haurko\n|-damage|p1a: Haurko|19\/100\n|move|p1a: Haurko|Leech Seed|p2a: Hiroku\n|-start|p2a: Hiroku|move: Leech Seed\n|\n|-weather|SunnyDay|[upkeep]\n|-damage|p2a: Hiroku|73\/100|[from] Leech Seed|[of] p1a: Haurko\n|-heal|p1a: Haurko|28\/100|[silent]\n|upkeep\n|turn|14\n|\n|t:|1701215046\n|move|p1a: Haurko|Protect|p1a: Haurko\n|-singleturn|p1a: Haurko|Protect\n|move|p2a: Hiroku|Boomburst|p1a: Haurko\n|-activate|p1a: Haurko|move: Protect\n|\n|-weather|SunnyDay|[upkeep]\n|-damage|p2a: Hiroku|61\/100|[from] Leech Seed|[of] p1a: Haurko\n|-heal|p1a: Haurko|37\/100|[silent]\n|upkeep\n|turn|15\n|\n|t:|1701215060\n|move|p2a: Hiroku|Boomburst|p1a: Haurko\n|-damage|p1a: Haurko|0 fnt\n|faint|p1a: Haurko\n|\n|-weather|none\n|upkeep\n|\n|t:|1701215064\n|switch|p1a: Agnes|Aron, L1, F|100\/100\n|turn|16\n|\n|t:|1701215068\n|move|p2a: Hiroku|Boomburst|p1a: Agnes\n|-resisted|p1a: Agnes\n|-ability|p1a: Agnes|Sturdy\n|-damage|p1a: Agnes|9\/100\n|move|p1a: Agnes|Stealth Rock|p2a: Hiroku\n|-sidestart|p2: xCookieBallx|move: Stealth Rock\n|\n|-damage|p2a: Hiroku|48\/100|[from] Leech Seed|[of] p1a: Agnes\n|-heal|p1a: Agnes|100\/100|[silent]\n|upkeep\n|turn|17\n|\n|t:|1701215082\n|move|p2a: Hiroku|Boomburst|p1a: Agnes\n|-resisted|p1a: Agnes\n|-ability|p1a: Agnes|Sturdy\n|-damage|p1a: Agnes|9\/100\n|move|p1a: Agnes|Endeavor|p2a: Hiroku\n|-damage|p2a: Hiroku|1\/100\n|-heal|p1a: Agnes|100\/100|[from] item: Shell Bell|[of] p2a: Hiroku\n|\n|-damage|p2a: Hiroku|0 fnt|[from] Leech Seed|[of] p1a: Agnes\n|faint|p2a: Hiroku\n|upkeep\n|c|\u2606xCookieBallx|tu\n|c|\u2606xCookieBallx|pon lo que quieras\n|c|\u2606xCookieBallx|Pero\n|c|\u2606xCookieBallx|Giru no le teme a los Pokemon de lvl1\n|\n|t:|1701215097\n|switch|p2a: Giru|Melmetal, shiny|100\/100\n|-damage|p2a: Giru|94\/100|[from] Stealth Rock\n|turn|18\n|c|\u2606Void280|Oh fu-\n|c|\u2606Void280|XD\n|\n|t:|1701215112\n|move|p2a: Giru|Double Iron Bash|p1a: Agnes\n|-ability|p1a: Agnes|Sturdy\n|-damage|p1a: Agnes|9\/100\n|-damage|p1a: Agnes|0 fnt\n|faint|p1a: Agnes\n|-hitcount|p1: Agnes|2\n|\n|upkeep\n|\n|t:|1701215118\n|switch|p1a: Primarina|Primarina, F|100\/100\n|turn|19\n|\n|t:|1701215121\n|move|p1a: Primarina|Perish Song|p1a: Primarina\n|-start|p1a: Primarina|perish3|[silent]\n|-start|p2a: Giru|perish3|[silent]\n|-fieldactivate|move: Perish Song\n|move|p2a: Giru|Double Iron Bash|p1a: Primarina\n|-damage|p1a: Primarina|55\/100\n|-damage|p1a: Primarina|6\/100\n|-hitcount|p1a: Primarina|2\n|\n|-heal|p1a: Primarina|12\/100|[from] item: Leftovers\n|-start|p1a: Primarina|perish3\n|-start|p2a: Giru|perish3\n|upkeep\n|turn|20\n|c|\u2606xCookieBallx|QUERES MORIR?\n|c|\u2606Void280|Si, queria hacerlo bonito, pero veo tu no XD\n|c|\u2606xCookieBallx|Pregunta, vas a usar protecci\u00f3n=\n|c|\u2606xCookieBallx|?\n|c|\u2606xCookieBallx|as\u00ed sinceramente?\n|c|\u2606Void280|Si\n|c|\u2606xCookieBallx|Vale, usa protecci\u00f3n\n|\n|t:|1701215153\n|move|p1a: Primarina|Protect|p1a: Primarina\n|-singleturn|p1a: Primarina|Protect\n|move|p2a: Giru|Double Iron Bash|p1a: Primarina\n|-activate|p1a: Primarina|move: Protect\n|\n|-heal|p1a: Primarina|18\/100|[from] item: Leftovers\n|-start|p1a: Primarina|perish2\n|-start|p2a: Giru|perish2\n|upkeep\n|turn|21\n|c|\u2606xCookieBallx|Hag\u00e1moslo bonito\n|\n|t:|1701215167\n|move|p1a: Primarina|Perish Song||[still]\n|-fail|p1a: Primarina\n|move|p2a: Giru|Self-Destruct|p1a: Primarina\n|-damage|p1a: Primarina|0 fnt\n|faint|p2a: Giru\n|faint|p1a: Primarina\n|\n|win|Void280\n|c|\u2606Void280|XD\n|c|\u2606xCookieBallx|XD\n","uploadtime":1701215182,"views":2,"p1id":"void280","p2id":"xcookieballx","formatid":"gen9nationaldexubers","rating":0,"private":0,"password":""}