{"id":"gen9nationaldexubers-2000528955","p1":"kapithedumdum","p2":"Martian1010","format":"[Gen 9] National Dex Ubers","log":"|j|\u2606kapithedumdum\n|j|\u2606Martian1010\n|t:|1701202532\n|gametype|singles\n|player|p1|kapithedumdum|kieran|1381\n|player|p2|Martian1010|brock-gen1|1457\n|teamsize|p1|6\n|teamsize|p2|6\n|gen|9\n|tier|[Gen 9] National Dex Ubers\n|rated|\n|rule|HP Percentage Mod: HP is shown in percentages\n|rule|Endless Battle Clause: Forcing endless battles is banned\n|rule|OHKO Clause: OHKO moves are banned\n|rule|Evasion Moves Clause: Evasion moves are banned\n|rule|Evasion Items Clause: Evasion items are banned\n|rule|Species Clause: Limit one of each Pok\u00e9mon\n|rule|Sleep Clause Mod: Limit one foe put to sleep\n|rule|Mega Rayquaza Clause: You cannot mega evolve Rayquaza\n|clearpoke\n|poke|p1|Kyogre|\n|poke|p1|Ho-Oh|\n|poke|p1|Ferrothorn, M|\n|poke|p1|Zacian-*|\n|poke|p1|Yveltal|\n|poke|p1|Eternatus|\n|poke|p2|Groudon|\n|poke|p2|Zacian-*|\n|poke|p2|Medicham, F|\n|poke|p2|Xerneas-*|\n|poke|p2|Chien-Pao|\n|poke|p2|Gliscor, F|\n|teampreview\n|inactive|Battle timer is ON: inactive players will automatically lose when time's up. (requested by Martian1010)\n|inactive|kapithedumdum also wants the timer to be on.\n|\n|t:|1701202539\n|start\n|switch|p1a: Eternatus|Eternatus|100\/100\n|switch|p2a: Gliscor|Gliscor, F|100\/100\n|-ability|p1a: Eternatus|Pressure\n|turn|1\n|\n|t:|1701202547\n|switch|p1a: Ferrothorn|Ferrothorn, M|100\/100\n|move|p2a: Gliscor|Earthquake|p1a: Ferrothorn\n|-damage|p1a: Ferrothorn|83\/100\n|\n|-heal|p1a: Ferrothorn|89\/100|[from] item: Leftovers\n|-status|p2a: Gliscor|tox|[from] item: Toxic Orb\n|upkeep\n|turn|2\n|\n|t:|1701202557\n|move|p2a: Gliscor|Earthquake|p1a: Ferrothorn\n|-damage|p1a: Ferrothorn|69\/100\n|move|p1a: Ferrothorn|Leech Seed|p2a: Gliscor\n|-start|p2a: Gliscor|move: Leech Seed\n|\n|-heal|p1a: Ferrothorn|75\/100|[from] item: Leftovers\n|-damage|p2a: Gliscor|88\/100 tox|[from] Leech Seed|[of] p1a: Ferrothorn\n|-heal|p1a: Ferrothorn|88\/100|[silent]\n|-heal|p2a: Gliscor|100\/100 tox|[from] ability: Poison Heal\n|upkeep\n|turn|3\n|\n|t:|1701202565\n|switch|p2a: Medicham|Medicham, F|100\/100\n|move|p1a: Ferrothorn|Gyro Ball|p2a: Medicham\n|-damage|p2a: Medicham|23\/100\n|\n|-heal|p1a: Ferrothorn|94\/100|[from] item: Leftovers\n|upkeep\n|turn|4\n|\n|t:|1701202575\n|switch|p1a: Yveltal|Yveltal|100\/100\n|-ability|p1a: Yveltal|Dark Aura\n|detailschange|p2a: Medicham|Medicham-Mega, F\n|-mega|p2a: Medicham|Medicham|Medichamite\n|move|p2a: Medicham|Fake Out|p1a: Yveltal\n|-damage|p1a: Yveltal|78\/100\n|\n|upkeep\n|turn|5\n|\n|t:|1701202581\n|move|p2a: Medicham|Drain Punch|p1a: Yveltal\n|-damage|p1a: Yveltal|20\/100\n|-heal|p2a: Medicham|68\/100|[from] drain|[of] p1a: Yveltal\n|move|p1a: Yveltal|Oblivion Wing|p2a: Medicham\n|-supereffective|p2a: Medicham\n|-damage|p2a: Medicham|0 fnt\n|-heal|p1a: Yveltal|53\/100|[from] drain|[of] p2a: Medicham\n|faint|p2a: Medicham\n|-damage|p1a: Yveltal|43\/100|[from] item: Life Orb\n|\n|upkeep\n|\n|t:|1701202595\n|switch|p2a: Xerneas|Xerneas|100\/100\n|-ability|p2a: Xerneas|Fairy Aura\n|turn|6\n|\n|t:|1701202600\n|switch|p1a: Zacian|Zacian-Crowned|100\/100\n|-ability|p1a: Zacian|Intrepid Sword|boost\n|-boost|p1a: Zacian|atk|1\n|move|p2a: Xerneas|Geomancy||[still]\n|-prepare|p2a: Xerneas|Geomancy\n|-enditem|p2a: Xerneas|Power Herb\n|-anim|p2a: Xerneas|Geomancy|p2a: Xerneas\n|-boost|p2a: Xerneas|spa|2\n|-boost|p2a: Xerneas|spd|2\n|-boost|p2a: Xerneas|spe|2\n|\n|upkeep\n|turn|7\n|\n|t:|1701202609\n|move|p2a: Xerneas|Hidden Power|p1a: Zacian\n|-supereffective|p1a: Zacian\n|-damage|p1a: Zacian|16\/100\n|move|p1a: Zacian|Behemoth Blade|p2a: Xerneas\n|-supereffective|p2a: Xerneas\n|-damage|p2a: Xerneas|0 fnt\n|faint|p2a: Xerneas\n|\n|upkeep\n|\n|t:|1701202614\n|switch|p2a: Gliscor|Gliscor, F|100\/100 tox\n|turn|8\n|\n|t:|1701202625\n|switch|p1a: Ferrothorn|Ferrothorn, M|94\/100\n|move|p2a: Gliscor|Earthquake|p1a: Ferrothorn\n|-damage|p1a: Ferrothorn|75\/100\n|\n|-heal|p1a: Ferrothorn|81\/100|[from] item: Leftovers\n|upkeep\n|turn|9\n|\n|t:|1701202634\n|move|p2a: Gliscor|Earthquake|p1a: Ferrothorn\n|-crit|p1a: Ferrothorn\n|-damage|p1a: Ferrothorn|51\/100\n|move|p1a: Ferrothorn|Leech Seed|p2a: Gliscor\n|-start|p2a: Gliscor|move: Leech Seed\n|\n|-heal|p1a: Ferrothorn|57\/100|[from] item: Leftovers\n|-damage|p2a: Gliscor|88\/100 tox|[from] Leech Seed|[of] p1a: Ferrothorn\n|-heal|p1a: Ferrothorn|70\/100|[silent]\n|-heal|p2a: Gliscor|100\/100 tox|[from] ability: Poison Heal\n|upkeep\n|turn|10\n|\n|t:|1701202641\n|switch|p2a: Groudon|Groudon, shiny|100\/100\n|detailschange|p2a: Groudon|Groudon-Primal, shiny\n|-primal|p2a: Groudon|Red Orb\n|-weather|DesolateLand|[from] ability: Desolate Land|[of] p2a: Groudon\n|move|p1a: Ferrothorn|Protect||[still]\n|-fail|p1a: Ferrothorn\n|\n|-weather|DesolateLand|[upkeep]\n|-heal|p1a: Ferrothorn|76\/100|[from] item: Leftovers\n|upkeep\n|turn|11\n|\n|t:|1701202653\n|switch|p1a: Kyogre|Kyogre|100\/100\n|detailschange|p1a: Kyogre|Kyogre-Primal\n|-primal|p1a: Kyogre|Blue Orb\n|-weather|PrimordialSea|[from] ability: Primordial Sea|[of] p1a: Kyogre\n|move|p2a: Groudon|Earthquake|p1a: Kyogre\n|-damage|p1a: Kyogre|26\/100\n|\n|-weather|PrimordialSea|[upkeep]\n|upkeep\n|turn|12\n|\n|t:|1701202661\n|move|p1a: Kyogre|Surf|p2a: Groudon\n|-supereffective|p2a: Groudon\n|-damage|p2a: Groudon|0 fnt\n|faint|p2a: Groudon\n|\n|-weather|PrimordialSea|[upkeep]\n|upkeep\n|\n|t:|1701202663\n|switch|p2a: Zacian|Zacian-Crowned, shiny|100\/100\n|-ability|p2a: Zacian|Intrepid Sword|boost\n|-boost|p2a: Zacian|atk|1\n|turn|13\n|\n|t:|1701202672\n|-weather|none\n|switch|p1a: Ho-Oh|Ho-Oh|100\/100\n|move|p2a: Zacian|Sacred Sword|p1a: Ho-Oh\n|-resisted|p1a: Ho-Oh\n|-damage|p1a: Ho-Oh|76\/100\n|\n|upkeep\n|turn|14\n|\n|t:|1701202679\n|switch|p2a: Gliscor|Gliscor, F|100\/100 tox\n|move|p1a: Ho-Oh|Sacred Fire|p2a: Gliscor\n|-damage|p2a: Gliscor|68\/100 tox\n|\n|-heal|p2a: Gliscor|80\/100 tox|[from] ability: Poison Heal\n|upkeep\n|turn|15\n|\n|t:|1701202692\n|switch|p1a: Yveltal|Yveltal|43\/100\n|-ability|p1a: Yveltal|Dark Aura\n|move|p2a: Gliscor|Earthquake|p1a: Yveltal\n|-immune|p1a: Yveltal\n|\n|-heal|p2a: Gliscor|93\/100 tox|[from] ability: Poison Heal\n|upkeep\n|turn|16\n|\n|t:|1701202696\n|move|p1a: Yveltal|Oblivion Wing|p2a: Gliscor\n|-damage|p2a: Gliscor|29\/100 tox\n|-heal|p1a: Yveltal|86\/100|[from] drain|[of] p2a: Gliscor\n|-damage|p1a: Yveltal|76\/100|[from] item: Life Orb\n|move|p2a: Gliscor|Toxic|p1a: Yveltal\n|-status|p1a: Yveltal|tox\n|\n|-damage|p1a: Yveltal|70\/100 tox|[from] psn\n|-heal|p2a: Gliscor|41\/100 tox|[from] ability: Poison Heal\n|upkeep\n|turn|17\n|\n|t:|1701202707\n|switch|p1a: Ferrothorn|Ferrothorn, M|76\/100\n|move|p2a: Gliscor|Protect||[still]\n|-fail|p2a: Gliscor\n|\n|-heal|p1a: Ferrothorn|82\/100|[from] item: Leftovers\n|-heal|p2a: Gliscor|54\/100 tox|[from] ability: Poison Heal\n|upkeep\n|turn|18\n|\n|t:|1701202713\n|move|p2a: Gliscor|Earthquake|p1a: Ferrothorn\n|-damage|p1a: Ferrothorn|63\/100\n|move|p1a: Ferrothorn|Gyro Ball|p2a: Gliscor\n|-damage|p2a: Gliscor|23\/100 tox\n|\n|-heal|p1a: Ferrothorn|70\/100|[from] item: Leftovers\n|-heal|p2a: Gliscor|35\/100 tox|[from] ability: Poison Heal\n|upkeep\n|turn|19\n|\n|t:|1701202717\n|move|p2a: Gliscor|Earthquake|p1a: Ferrothorn\n|-crit|p1a: Ferrothorn\n|-damage|p1a: Ferrothorn|43\/100\n|move|p1a: Ferrothorn|Leech Seed|p2a: Gliscor|[miss]\n|-miss|p1a: Ferrothorn|p2a: Gliscor\n|\n|-heal|p1a: Ferrothorn|49\/100|[from] item: Leftovers\n|-heal|p2a: Gliscor|48\/100 tox|[from] ability: Poison Heal\n|upkeep\n|turn|20\n|\n|t:|1701202727\n|switch|p1a: Yveltal|Yveltal|70\/100 tox\n|-ability|p1a: Yveltal|Dark Aura\n|move|p2a: Gliscor|Earthquake|p1a: Yveltal\n|-immune|p1a: Yveltal\n|\n|-damage|p1a: Yveltal|64\/100 tox|[from] psn\n|-heal|p2a: Gliscor|60\/100 tox|[from] ability: Poison Heal\n|upkeep\n|turn|21\n|\n|t:|1701202735\n|move|p2a: Gliscor|Protect|p2a: Gliscor\n|-singleturn|p2a: Gliscor|Protect\n|move|p1a: Yveltal|Oblivion Wing|p2a: Gliscor\n|-activate|p2a: Gliscor|move: Protect\n|\n|-damage|p1a: Yveltal|52\/100 tox|[from] psn\n|-heal|p2a: Gliscor|73\/100 tox|[from] ability: Poison Heal\n|upkeep\n|turn|22\n|\n|t:|1701202743\n|move|p1a: Yveltal|Oblivion Wing|p2a: Gliscor\n|-damage|p2a: Gliscor|6\/100 tox\n|-heal|p1a: Yveltal|97\/100 tox|[from] drain|[of] p2a: Gliscor\n|-damage|p1a: Yveltal|87\/100 tox|[from] item: Life Orb\n|move|p2a: Gliscor|Dual Wingbeat|p1a: Yveltal\n|-damage|p1a: Yveltal|75\/100 tox\n|-damage|p1a: Yveltal|63\/100 tox\n|-hitcount|p1a: Yveltal|2\n|\n|-damage|p1a: Yveltal|45\/100 tox|[from] psn\n|-heal|p2a: Gliscor|19\/100 tox|[from] ability: Poison Heal\n|upkeep\n|turn|23\n|\n|t:|1701202754\n|switch|p1a: Ferrothorn|Ferrothorn, M|49\/100\n|move|p2a: Gliscor|Protect||[still]\n|-fail|p2a: Gliscor\n|\n|-heal|p1a: Ferrothorn|56\/100|[from] item: Leftovers\n|-heal|p2a: Gliscor|31\/100 tox|[from] ability: Poison Heal\n|upkeep\n|turn|24\n|\n|t:|1701202758\n|move|p2a: Gliscor|Protect|p2a: Gliscor\n|-singleturn|p2a: Gliscor|Protect\n|move|p1a: Ferrothorn|Leech Seed|p2a: Gliscor\n|-activate|p2a: Gliscor|move: Protect\n|\n|-heal|p1a: Ferrothorn|62\/100|[from] item: Leftovers\n|-heal|p2a: Gliscor|43\/100 tox|[from] ability: Poison Heal\n|upkeep\n|turn|25\n|\n|t:|1701202763\n|move|p2a: Gliscor|Earthquake|p1a: Ferrothorn\n|-damage|p1a: Ferrothorn|41\/100\n|move|p1a: Ferrothorn|Leech Seed|p2a: Gliscor\n|-start|p2a: Gliscor|move: Leech Seed\n|\n|-heal|p1a: Ferrothorn|47\/100|[from] item: Leftovers\n|-damage|p2a: Gliscor|31\/100 tox|[from] Leech Seed|[of] p1a: Ferrothorn\n|-heal|p1a: Ferrothorn|60\/100|[silent]\n|-heal|p2a: Gliscor|43\/100 tox|[from] ability: Poison Heal\n|upkeep\n|turn|26\n|\n|t:|1701202771\n|move|p2a: Gliscor|Earthquake|p1a: Ferrothorn\n|-damage|p1a: Ferrothorn|41\/100\n|move|p1a: Ferrothorn|Spikes|p2a: Gliscor\n|-sidestart|p2: Martian1010|Spikes\n|\n|-heal|p1a: Ferrothorn|47\/100|[from] item: Leftovers\n|-damage|p2a: Gliscor|31\/100 tox|[from] Leech Seed|[of] p1a: Ferrothorn\n|-heal|p1a: Ferrothorn|60\/100|[silent]\n|-heal|p2a: Gliscor|43\/100 tox|[from] ability: Poison Heal\n|upkeep\n|turn|27\n|\n|t:|1701202779\n|switch|p2a: Zacian|Zacian-Crowned, shiny|100\/100\n|-damage|p2a: Zacian|88\/100|[from] Spikes\n|move|p1a: Ferrothorn|Protect||[still]\n|-fail|p1a: Ferrothorn\n|\n|-heal|p1a: Ferrothorn|66\/100|[from] item: Leftovers\n|upkeep\n|turn|28\n|\n|t:|1701202785\n|switch|p1a: Ho-Oh|Ho-Oh|100\/100\n|move|p2a: Zacian|Sacred Sword|p1a: Ho-Oh\n|-resisted|p1a: Ho-Oh\n|-damage|p1a: Ho-Oh|86\/100\n|\n|upkeep\n|turn|29\n|\n|t:|1701202798\n|move|p2a: Zacian|Ice Fang|p1a: Ho-Oh\n|-damage|p1a: Ho-Oh|62\/100\n|cant|p1a: Ho-Oh|flinch\n|\n|upkeep\n|turn|30\n|\n|t:|1701202803\n|move|p2a: Zacian|Ice Fang|p1a: Ho-Oh\n|-damage|p1a: Ho-Oh|40\/100\n|move|p1a: Ho-Oh|Sacred Fire|p2a: Zacian\n|-supereffective|p2a: Zacian\n|-damage|p2a: Zacian|0 fnt\n|faint|p2a: Zacian\n|\n|upkeep\n|\n|t:|1701202809\n|switch|p2a: Gliscor|Gliscor, F|43\/100 tox\n|turn|31\n|\n|t:|1701202814\n|switch|p1a: Ferrothorn|Ferrothorn, M|66\/100\n|move|p2a: Gliscor|Dual Wingbeat|p1a: Ferrothorn\n|-damage|p1a: Ferrothorn|58\/100\n|-damage|p2a: Gliscor|31\/100 tox|[from] ability: Iron Barbs|[of] p1a: Ferrothorn\n|-damage|p1a: Ferrothorn|51\/100\n|-damage|p2a: Gliscor|19\/100 tox|[from] ability: Iron Barbs|[of] p1a: Ferrothorn\n|-hitcount|p1a: Ferrothorn|2\n|\n|-heal|p1a: Ferrothorn|57\/100|[from] item: Leftovers\n|-heal|p2a: Gliscor|31\/100 tox|[from] ability: Poison Heal\n|upkeep\n|turn|32\n|\n|t:|1701202820\n|move|p2a: Gliscor|Earthquake|p1a: Ferrothorn\n|-damage|p1a: Ferrothorn|39\/100\n|move|p1a: Ferrothorn|Leech Seed|p2a: Gliscor\n|-start|p2a: Gliscor|move: Leech Seed\n|\n|-heal|p1a: Ferrothorn|46\/100|[from] item: Leftovers\n|-damage|p2a: Gliscor|19\/100 tox|[from] Leech Seed|[of] p1a: Ferrothorn\n|-heal|p1a: Ferrothorn|58\/100|[silent]\n|-heal|p2a: Gliscor|31\/100 tox|[from] ability: Poison Heal\n|upkeep\n|turn|33\n|\n|t:|1701202833\n|move|p2a: Gliscor|Earthquake|p1a: Ferrothorn\n|-damage|p1a: Ferrothorn|40\/100\n|move|p1a: Ferrothorn|Spikes|p2a: Gliscor\n|-sidestart|p2: Martian1010|Spikes\n|\n|-heal|p1a: Ferrothorn|46\/100|[from] item: Leftovers\n|-damage|p2a: Gliscor|19\/100 tox|[from] Leech Seed|[of] p1a: Ferrothorn\n|-heal|p1a: Ferrothorn|59\/100|[silent]\n|-heal|p2a: Gliscor|31\/100 tox|[from] ability: Poison Heal\n|upkeep\n|turn|34\n|\n|t:|1701202835\n|move|p2a: Gliscor|Earthquake|p1a: Ferrothorn\n|-damage|p1a: Ferrothorn|41\/100\n|move|p1a: Ferrothorn|Spikes|p2a: Gliscor\n|-sidestart|p2: Martian1010|Spikes\n|\n|-heal|p1a: Ferrothorn|47\/100|[from] item: Leftovers\n|-damage|p2a: Gliscor|19\/100 tox|[from] Leech Seed|[of] p1a: Ferrothorn\n|-heal|p1a: Ferrothorn|59\/100|[silent]\n|-heal|p2a: Gliscor|31\/100 tox|[from] ability: Poison Heal\n|upkeep\n|turn|35\n|\n|t:|1701202839\n|move|p1a: Ferrothorn|Protect|p1a: Ferrothorn\n|-singleturn|p1a: Ferrothorn|Protect\n|move|p2a: Gliscor|Earthquake|p1a: Ferrothorn\n|-activate|p1a: Ferrothorn|move: Protect\n|\n|-heal|p1a: Ferrothorn|66\/100|[from] item: Leftovers\n|-damage|p2a: Gliscor|19\/100 tox|[from] Leech Seed|[of] p1a: Ferrothorn\n|-heal|p1a: Ferrothorn|78\/100|[silent]\n|-heal|p2a: Gliscor|31\/100 tox|[from] ability: Poison Heal\n|upkeep\n|turn|36\n|\n|t:|1701202844\n|move|p2a: Gliscor|Earthquake|p1a: Ferrothorn\n|-damage|p1a: Ferrothorn|58\/100\n|move|p1a: Ferrothorn|Gyro Ball|p2a: Gliscor\n|-damage|p2a: Gliscor|1\/100 tox\n|\n|-heal|p1a: Ferrothorn|64\/100|[from] item: Leftovers\n|-damage|p2a: Gliscor|0 fnt|[from] Leech Seed|[of] p1a: Ferrothorn\n|-heal|p1a: Ferrothorn|65\/100|[silent]\n|faint|p2a: Gliscor\n|upkeep\n|\n|t:|1701202846\n|switch|p2a: Chien-Pao|Chien-Pao|100\/100\n|-damage|p2a: Chien-Pao|76\/100|[from] Spikes\n|-ability|p2a: Chien-Pao|Sword of Ruin\n|turn|37\n|\n|t:|1701202854\n|-terastallize|p2a: Chien-Pao|Dark\n|move|p2a: Chien-Pao|Sucker Punch||[still]\n|-fail|p2a: Chien-Pao\n|move|p1a: Ferrothorn|Leech Seed|p2a: Chien-Pao\n|-start|p2a: Chien-Pao|move: Leech Seed\n|\n|-heal|p1a: Ferrothorn|71\/100|[from] item: Leftovers\n|-damage|p2a: Chien-Pao|63\/100|[from] Leech Seed|[of] p1a: Ferrothorn\n|-heal|p1a: Ferrothorn|82\/100|[silent]\n|upkeep\n|turn|38\n|\n|t:|1701202862\n|move|p2a: Chien-Pao|Crunch|p1a: Ferrothorn\n|-damage|p1a: Ferrothorn|44\/100\n|-damage|p2a: Chien-Pao|51\/100|[from] ability: Iron Barbs|[of] p1a: Ferrothorn\n|move|p1a: Ferrothorn|Gyro Ball|p2a: Chien-Pao\n|-damage|p2a: Chien-Pao|0 fnt\n|faint|p2a: Chien-Pao\n|\n|win|kapithedumdum\n|raw|kapithedumdum's rating: 1381 &rarr; <strong>1405<\/strong><br \/>(+24 for winning)\n|raw|Martian1010's rating: 1457 &rarr; <strong>1433<\/strong><br \/>(-24 for losing)\n|l|\u2606Martian1010\n|c|\u2606kapithedumdum|gg\n","uploadtime":1701202885,"views":11,"p1id":"kapithedumdum","p2id":"martian1010","formatid":"gen9nationaldexubers","rating":1405,"private":0,"password":""}