{"id":"gen9nationaldexubers-1982790169","p1":"TheSnommunistParty","p2":"Gym leader chops","format":"[Gen 9] National Dex Ubers","log":"|j|\u2606TheSnommunistParty\n|j|\u2606Gym leader chops\n|t:|1699045130\n|gametype|singles\n|player|p1|TheSnommunistParty|sabrina|\n|player|p2|Gym leader chops|flint|\n|teamsize|p1|6\n|teamsize|p2|6\n|gen|9\n|tier|[Gen 9] National Dex Ubers\n|rule|HP Percentage Mod: HP is shown in percentages\n|rule|Endless Battle Clause: Forcing endless battles is banned\n|rule|OHKO Clause: OHKO moves are banned\n|rule|Evasion Moves Clause: Evasion moves are banned\n|rule|Evasion Items Clause: Evasion items are banned\n|rule|Species Clause: Limit one of each Pok\u00e9mon\n|rule|Sleep Clause Mod: Limit one foe put to sleep\n|rule|Mega Rayquaza Clause: You cannot mega evolve Rayquaza\n|clearpoke\n|poke|p1|Gengar, F|\n|poke|p1|Donphan, F|\n|poke|p1|Clefable, F|\n|poke|p1|Glimmora, F|\n|poke|p1|Gholdengo|\n|poke|p1|Drakloak, F|\n|poke|p2|Baxcalibur, M|\n|poke|p2|Walking Wake|\n|poke|p2|Venusaur, F|\n|poke|p2|Torkoal, F|\n|poke|p2|Camerupt, M|\n|poke|p2|Scovillain, F|\n|teampreview\n|j| PorygonTheBot\n|c| PorygonTheBot|I hope I win!\n|\n|t:|1699045173\n|start\n|switch|p1a: Glimmer~|Glimmora, F|100\/100\n|switch|p2a: Torkoal|Torkoal, F|100\/100\n|-weather|SunnyDay|[from] ability: Drought|[of] p2a: Torkoal\n|turn|1\n|\n|t:|1699045185\n|move|p2a: Torkoal|Protect|p2a: Torkoal\n|-singleturn|p2a: Torkoal|Protect\n|move|p1a: Glimmer~|Stealth Rock|p2a: Torkoal\n|-sidestart|p2: Gym leader chops|move: Stealth Rock\n|\n|-weather|SunnyDay|[upkeep]\n|upkeep\n|turn|2\n|\n|t:|1699045202\n|move|p1a: Glimmer~|Spikes|p2a: Torkoal\n|-sidestart|p2: Gym leader chops|Spikes\n|move|p2a: Torkoal|Will-O-Wisp|p1a: Glimmer~\n|-status|p1a: Glimmer~|brn\n|\n|-weather|SunnyDay|[upkeep]\n|-damage|p1a: Glimmer~|94\/100 brn|[from] brn\n|upkeep\n|turn|3\n|\n|t:|1699045213\n|move|p1a: Glimmer~|Spikes|p2a: Torkoal\n|-sidestart|p2: Gym leader chops|Spikes\n|move|p2a: Torkoal|Solar Beam||[still]\n|-prepare|p2a: Torkoal|Solar Beam\n|-anim|p2a: Torkoal|Solar Beam|p1a: Glimmer~\n|-damage|p1a: Glimmer~|65\/100 brn\n|\n|-weather|SunnyDay|[upkeep]\n|-damage|p1a: Glimmer~|59\/100 brn|[from] brn\n|upkeep\n|turn|4\n|\n|t:|1699045225\n|move|p1a: Glimmer~|Spikes|p2a: Torkoal\n|-sidestart|p2: Gym leader chops|Spikes\n|move|p2a: Torkoal|Heat Wave|p1a: Glimmer~\n|-resisted|p1a: Glimmer~\n|-damage|p1a: Glimmer~|33\/100 brn\n|\n|-weather|SunnyDay|[upkeep]\n|-damage|p1a: Glimmer~|27\/100 brn|[from] brn\n|upkeep\n|turn|5\n|\n|t:|1699045246\n|move|p1a: Glimmer~|Mortal Spin|p2a: Torkoal\n|-damage|p2a: Torkoal|99\/100\n|-status|p2a: Torkoal|psn\n|move|p2a: Torkoal|Solar Beam||[still]\n|-prepare|p2a: Torkoal|Solar Beam\n|-anim|p2a: Torkoal|Solar Beam|p1a: Glimmer~\n|-damage|p1a: Glimmer~|0 fnt\n|faint|p1a: Glimmer~\n|\n|-weather|none\n|-heal|p2a: Torkoal|100\/100 psn|[from] item: Leftovers\n|-damage|p2a: Torkoal|88\/100 psn|[from] psn\n|upkeep\n|\n|t:|1699045266\n|switch|p1a: Michelin|Donphan, F|100\/100\n|turn|6\n|\n|t:|1699045274\n|switch|p2a: Venusaur|Venusaur, F|100\/100\n|-damage|p2a: Venusaur|88\/100|[from] Stealth Rock\n|-damage|p2a: Venusaur|63\/100|[from] Spikes\n|move|p1a: Michelin|Earth Power|p2a: Venusaur\n|-damage|p2a: Venusaur|47\/100\n|\n|-heal|p2a: Venusaur|53\/100|[from] item: Leftovers\n|upkeep\n|turn|7\n|\n|t:|1699045288\n|move|p2a: Venusaur|Sunny Day|p2a: Venusaur\n|-weather|SunnyDay\n|move|p1a: Michelin|Bounce||[still]\n|-prepare|p1a: Michelin|Bounce\n|\n|-weather|SunnyDay|[upkeep]\n|-heal|p2a: Venusaur|59\/100|[from] item: Leftovers\n|upkeep\n|turn|8\n|\n|t:|1699045297\n|move|p2a: Venusaur|Sleep Powder|p1a: Michelin|[miss]\n|-miss|p2a: Venusaur|p1a: Michelin\n|move|p1a: Michelin|Bounce|p2a: Venusaur|[from]lockedmove|[miss]\n|-miss|p1a: Michelin|p2a: Venusaur\n|\n|-weather|SunnyDay|[upkeep]\n|-heal|p2a: Venusaur|65\/100|[from] item: Leftovers\n|upkeep\n|turn|9\n|\n|t:|1699045337\n|move|p2a: Venusaur|Solar Beam||[still]\n|-prepare|p2a: Venusaur|Solar Beam\n|-anim|p2a: Venusaur|Solar Beam|p1a: Michelin\n|-supereffective|p1a: Michelin\n|-damage|p1a: Michelin|0 fnt\n|faint|p1a: Michelin\n|\n|-weather|SunnyDay|[upkeep]\n|-heal|p2a: Venusaur|72\/100|[from] item: Leftovers\n|upkeep\n|\n|t:|1699045364\n|switch|p1a: Agatha|Gengar, F|100\/100\n|turn|10\n|\n|t:|1699045368\n|move|p1a: Agatha|Ice Punch|p2a: Venusaur\n|-supereffective|p2a: Venusaur\n|-damage|p2a: Venusaur|43\/100\n|move|p2a: Venusaur|Knock Off|p1a: Agatha\n|-supereffective|p1a: Agatha\n|-damage|p1a: Agatha|18\/100\n|-enditem|p1a: Agatha|Leftovers|[from] move: Knock Off|[of] p2a: Venusaur\n|\n|-weather|SunnyDay|[upkeep]\n|-heal|p2a: Venusaur|49\/100|[from] item: Leftovers\n|upkeep\n|turn|11\n|\n|t:|1699045401\n|switch|p1a: Aesop|Clefable, F|100\/100\n|move|p2a: Venusaur|Knock Off|p1a: Aesop\n|-resisted|p1a: Aesop\n|-damage|p1a: Aesop|90\/100\n|-enditem|p1a: Aesop|Leftovers|[from] move: Knock Off|[of] p2a: Venusaur\n|\n|-weather|none\n|-heal|p2a: Venusaur|55\/100|[from] item: Leftovers\n|upkeep\n|turn|12\n|\n|t:|1699045413\n|move|p2a: Venusaur|Sleep Powder|p1a: Aesop\n|-status|p1a: Aesop|slp|[from] move: Sleep Powder\n|cant|p1a: Aesop|slp\n|\n|-heal|p2a: Venusaur|61\/100|[from] item: Leftovers\n|upkeep\n|turn|13\n|\n|t:|1699045421\n|move|p2a: Venusaur|Sunny Day|p2a: Venusaur\n|-weather|SunnyDay\n|-curestatus|p1a: Aesop|slp|[msg]\n|move|p1a: Aesop|Ice Punch|p2a: Venusaur\n|-supereffective|p2a: Venusaur\n|-damage|p2a: Venusaur|32\/100\n|\n|-weather|SunnyDay|[upkeep]\n|-heal|p2a: Venusaur|38\/100|[from] item: Leftovers\n|upkeep\n|turn|14\n|\n|t:|1699045430\n|move|p2a: Venusaur|Sleep Powder|p1a: Aesop\n|-status|p1a: Aesop|slp|[from] move: Sleep Powder\n|cant|p1a: Aesop|slp\n|\n|-weather|SunnyDay|[upkeep]\n|-heal|p2a: Venusaur|44\/100|[from] item: Leftovers\n|upkeep\n|turn|15\n|\n|t:|1699045440\n|move|p2a: Venusaur|Solar Beam||[still]\n|-prepare|p2a: Venusaur|Solar Beam\n|-anim|p2a: Venusaur|Solar Beam|p1a: Aesop\n|-damage|p1a: Aesop|59\/100 slp\n|cant|p1a: Aesop|slp\n|\n|-weather|SunnyDay|[upkeep]\n|-heal|p2a: Venusaur|50\/100|[from] item: Leftovers\n|upkeep\n|turn|16\n|\n|t:|1699045450\n|move|p2a: Venusaur|Knock Off|p1a: Aesop\n|-resisted|p1a: Aesop\n|-damage|p1a: Aesop|52\/100 slp\n|cant|p1a: Aesop|slp\n|\n|-weather|SunnyDay|[upkeep]\n|-heal|p2a: Venusaur|56\/100|[from] item: Leftovers\n|upkeep\n|turn|17\n|\n|t:|1699045458\n|move|p2a: Venusaur|Solar Beam||[still]\n|-prepare|p2a: Venusaur|Solar Beam\n|-anim|p2a: Venusaur|Solar Beam|p1a: Aesop\n|-damage|p1a: Aesop|19\/100 slp\n|-curestatus|p1a: Aesop|slp|[msg]\n|move|p1a: Aesop|Draining Kiss|p2a: Venusaur\n|-resisted|p2a: Venusaur\n|-damage|p2a: Venusaur|50\/100\n|-heal|p1a: Aesop|23\/100|[from] drain|[of] p2a: Venusaur\n|\n|-weather|none\n|-heal|p2a: Venusaur|56\/100|[from] item: Leftovers\n|upkeep\n|turn|18\n|\n|t:|1699045475\n|move|p2a: Venusaur|Sleep Powder|p1a: Aesop\n|-status|p1a: Aesop|slp|[from] move: Sleep Powder\n|cant|p1a: Aesop|slp\n|\n|-heal|p2a: Venusaur|62\/100|[from] item: Leftovers\n|upkeep\n|turn|19\n|\n|t:|1699045494\n|switch|p1a: Cinna-Mon|Gholdengo|100\/100\n|move|p2a: Venusaur|Sunny Day|p2a: Venusaur\n|-weather|SunnyDay\n|\n|-weather|SunnyDay|[upkeep]\n|-heal|p2a: Venusaur|68\/100|[from] item: Leftovers\n|upkeep\n|turn|20\n|\n|t:|1699045504\n|move|p1a: Cinna-Mon|Sandstorm|p1a: Cinna-Mon\n|-weather|Sandstorm\n|move|p2a: Venusaur|Knock Off|p1a: Cinna-Mon\n|-supereffective|p1a: Cinna-Mon\n|-damage|p1a: Cinna-Mon|56\/100\n|-enditem|p1a: Cinna-Mon|Choice Scarf|[from] move: Knock Off|[of] p2a: Venusaur\n|\n|-weather|Sandstorm|[upkeep]\n|-damage|p2a: Venusaur|62\/100|[from] Sandstorm\n|-heal|p2a: Venusaur|68\/100|[from] item: Leftovers\n|upkeep\n|turn|21\n|\n|t:|1699045523\n|move|p1a: Cinna-Mon|Make It Rain|p2a: Venusaur\n|-damage|p2a: Venusaur|16\/100\n|-unboost|p1a: Cinna-Mon|spa|1\n|move|p2a: Venusaur|Knock Off|p1a: Cinna-Mon\n|-supereffective|p1a: Cinna-Mon\n|-damage|p1a: Cinna-Mon|27\/100\n|\n|-weather|Sandstorm|[upkeep]\n|-damage|p2a: Venusaur|10\/100|[from] Sandstorm\n|-heal|p2a: Venusaur|16\/100|[from] item: Leftovers\n|upkeep\n|turn|22\n|\n|t:|1699045537\n|switch|p2a: Camerupt|Camerupt, M|100\/100\n|-damage|p2a: Camerupt|88\/100|[from] Stealth Rock\n|-damage|p2a: Camerupt|63\/100|[from] Spikes\n|move|p1a: Cinna-Mon|Make It Rain|p2a: Camerupt\n|-resisted|p2a: Camerupt\n|-damage|p2a: Camerupt|32\/100\n|-unboost|p1a: Cinna-Mon|spa|1\n|\n|-weather|Sandstorm|[upkeep]\n|upkeep\n|turn|23\n|\n|t:|1699045564\n|switch|p1a: Galaga|Drakloak, F|100\/100\n|detailschange|p2a: Camerupt|Camerupt-Mega, M\n|-mega|p2a: Camerupt|Camerupt|Cameruptite\n|move|p2a: Camerupt|Roar|p1a: Galaga\n|drag|p1a: Agatha|Gengar, F|18\/100\n|\n|-weather|Sandstorm|[upkeep]\n|-damage|p1a: Agatha|12\/100|[from] Sandstorm\n|upkeep\n|turn|24\n|\n|t:|1699045581\n|move|p1a: Agatha|Foul Play|p2a: Camerupt\n|-damage|p2a: Camerupt|2\/100\n|move|p2a: Camerupt|Stealth Rock|p1a: Agatha\n|-sidestart|p1: TheSnommunistParty|move: Stealth Rock\n|\n|-weather|none\n|upkeep\n|turn|25\n|\n|t:|1699045600\n|move|p1a: Agatha|Foul Play|p2a: Camerupt\n|-damage|p2a: Camerupt|0 fnt\n|faint|p2a: Camerupt\n|\n|upkeep\n|\n|t:|1699045606\n|switch|p2a: Venusaur|Venusaur, F|16\/100\n|-damage|p2a: Venusaur|4\/100|[from] Stealth Rock\n|-damage|p2a: Venusaur|0 fnt|[from] Spikes\n|faint|p2a: Venusaur\n|\n|t:|1699045616\n|switch|p2a: Walking Wake|Walking Wake|100\/100\n|-damage|p2a: Walking Wake|88\/100|[from] Stealth Rock\n|-damage|p2a: Walking Wake|63\/100|[from] Spikes\n|turn|26\n|\n|t:|1699045646\n|move|p1a: Agatha|Foul Play|p2a: Walking Wake\n|-damage|p2a: Walking Wake|48\/100\n|move|p2a: Walking Wake|Hydro Steam|p1a: Agatha\n|-damage|p1a: Agatha|0 fnt\n|faint|p1a: Agatha\n|\n|-heal|p2a: Walking Wake|55\/100|[from] item: Leftovers\n|upkeep\n|\n|t:|1699045655\n|switch|p1a: Galaga|Drakloak, F|100\/100\n|-damage|p1a: Galaga|88\/100|[from] Stealth Rock\n|turn|27\n|\n|t:|1699045665\n|-terastallize|p1a: Galaga|Fairy\n|move|p1a: Galaga|Tera Blast|p2a: Walking Wake|[anim] Tera Blast Fairy\n|-supereffective|p2a: Walking Wake\n|-damage|p2a: Walking Wake|6\/100\n|move|p2a: Walking Wake|Dragon Pulse|p1a: Galaga\n|-immune|p1a: Galaga\n|\n|-heal|p2a: Walking Wake|12\/100|[from] item: Leftovers\n|upkeep\n|turn|28\n|\n|t:|1699045678\n|move|p1a: Galaga|Tera Blast|p2a: Walking Wake|[anim] Tera Blast Fairy\n|-supereffective|p2a: Walking Wake\n|-damage|p2a: Walking Wake|0 fnt\n|faint|p2a: Walking Wake\n|-end|p2a: Walking Wake|Protosynthesis|[silent]\n|\n|upkeep\n|\n|t:|1699045684\n|switch|p2a: Scovillain|Scovillain, F|100\/100\n|-damage|p2a: Scovillain|75\/100|[from] Stealth Rock\n|-damage|p2a: Scovillain|50\/100|[from] Spikes\n|turn|29\n|\n|t:|1699045693\n|move|p1a: Galaga|Dive||[still]\n|-prepare|p1a: Galaga|Dive\n|-enditem|p1a: Galaga|Power Herb\n|-anim|p1a: Galaga|Dive|p2a: Scovillain\n|-damage|p2a: Scovillain|16\/100\n|move|p2a: Scovillain|Sunny Day|p2a: Scovillain\n|-weather|SunnyDay\n|\n|-weather|SunnyDay|[upkeep]\n|upkeep\n|turn|30\n|\n|t:|1699045702\n|move|p2a: Scovillain|Burning Jealousy|p1a: Galaga\n|-damage|p1a: Galaga|0 fnt\n|faint|p1a: Galaga\n|\n|-weather|SunnyDay|[upkeep]\n|upkeep\n|\n|t:|1699045724\n|switch|p1a: Cinna-Mon|Gholdengo|27\/100\n|-damage|p1a: Cinna-Mon|21\/100|[from] Stealth Rock\n|turn|31\n|\n|t:|1699045737\n|move|p2a: Scovillain|Burning Jealousy|p1a: Cinna-Mon\n|-supereffective|p1a: Cinna-Mon\n|-crit|p1a: Cinna-Mon\n|-damage|p1a: Cinna-Mon|0 fnt\n|faint|p1a: Cinna-Mon\n|\n|-weather|SunnyDay|[upkeep]\n|upkeep\n|\n|t:|1699045742\n|switch|p1a: Aesop|Clefable, F|23\/100 slp\n|-damage|p1a: Aesop|11\/100 slp|[from] Stealth Rock\n|turn|32\n|\n|t:|1699045749\n|move|p2a: Scovillain|Spicy Extract|p1a: Aesop\n|-boost|p1a: Aesop|atk|2\n|-unboost|p1a: Aesop|def|2\n|cant|p1a: Aesop|slp\n|\n|-weather|SunnyDay|[upkeep]\n|upkeep\n|turn|33\n|\n|t:|1699045757\n|move|p2a: Scovillain|Burning Jealousy|p1a: Aesop\n|-damage|p1a: Aesop|0 fnt\n|faint|p1a: Aesop\n|\n|win|Gym leader chops\n|l| PorygonTheBot\n|c|\u2606TheSnommunistParty|Gg\n","uploadtime":1699045758,"views":18,"p1id":"thesnommunistparty","p2id":"gymleaderchops","formatid":"gen9nationaldexubers","rating":0,"private":0,"password":""}