{"id":"gen9nationaldexubers-1995964422","p1":"johnkharkiv","p2":"It is I Freddy","format":"[Gen 9] National Dex Ubers","log":"|j|\u2606johnkharkiv\n|j|\u2606It is I Freddy\n|t:|1700622798\n|gametype|singles\n|player|p1|johnkharkiv|swimmerf-gen4|\n|player|p2|It is I Freddy|morty|\n|teamsize|p1|6\n|teamsize|p2|6\n|gen|9\n|tier|[Gen 9] National Dex Ubers\n|rule|HP Percentage Mod: HP is shown in percentages\n|rule|Endless Battle Clause: Forcing endless battles is banned\n|rule|OHKO Clause: OHKO moves are banned\n|rule|Evasion Moves Clause: Evasion moves are banned\n|rule|Evasion Items Clause: Evasion items are banned\n|rule|Species Clause: Limit one of each Pok\u00e9mon\n|rule|Sleep Clause Mod: Limit one foe put to sleep\n|rule|Mega Rayquaza Clause: You cannot mega evolve Rayquaza\n|clearpoke\n|poke|p1|Kleavor, F|\n|poke|p1|Ninetales, M|\n|poke|p1|Gyarados, M|\n|poke|p1|Ogerpon, F|\n|poke|p1|Baxcalibur, F|\n|poke|p1|Typhlosion-Hisui, F|\n|poke|p2|Ceruledge, M|\n|poke|p2|Mandibuzz, F|\n|poke|p2|Espeon, M|\n|poke|p2|Banette, M|\n|poke|p2|Spidops, M|\n|poke|p2|Rotom-Heat|\n|teampreview\n|\n|t:|1700622823\n|start\n|switch|p1a: 69tales|Ninetales, M, shiny|100\/100\n|switch|p2a: Smiley|Banette, M, shiny|100\/100\n|-weather|SunnyDay|[from] ability: Drought|[of] p1a: 69tales\n|turn|1\n|c|\u2606It is I Freddy|glhf! round 2\n|inactive|Battle timer is ON: inactive players will automatically lose when time's up. (requested by It is I Freddy)\n|c|\u2606johnkharkiv|:)\n|\n|t:|1700622842\n|move|p1a: 69tales|Overheat|p2a: Smiley\n|-damage|p2a: Smiley|0 fnt\n|-unboost|p1a: 69tales|spa|2\n|faint|p2a: Smiley\n|\n|-weather|SunnyDay|[upkeep]\n|upkeep\n|\n|t:|1700622853\n|switch|p2a: Special Ops|Spidops, M|100\/100\n|turn|2\n|\n|t:|1700622864\n|switch|p1a: Cerberus|Typhlosion-Hisui, F|100\/100\n|move|p2a: Special Ops|Sticky Web|p1a: Cerberus\n|-sidestart|p1: johnkharkiv|move: Sticky Web\n|\n|-weather|SunnyDay|[upkeep]\n|upkeep\n|turn|3\n|\n|t:|1700622887\n|-terastallize|p2a: Special Ops|Water\n|move|p1a: Cerberus|Shadow Ball|p2a: Special Ops\n|-damage|p2a: Special Ops|51\/100\n|-unboost|p2a: Special Ops|spd|1\n|move|p2a: Special Ops|Knock Off|p1a: Cerberus\n|-supereffective|p1a: Cerberus\n|-damage|p1a: Cerberus|55\/100\n|-enditem|p1a: Cerberus|Choice Scarf|[from] move: Knock Off|[of] p2a: Special Ops\n|\n|-weather|SunnyDay|[upkeep]\n|-heal|p2a: Special Ops|57\/100|[from] item: Leftovers\n|upkeep\n|turn|4\n|inactive|johnkharkiv has 270 seconds left.\n|inactive|It is I Freddy has 270 seconds left.\n|\n|t:|1700622908\n|switch|p1a: Ax Murderer|Kleavor, F|100\/100\n|-activate|p1a: Ax Murderer|move: Sticky Web\n|-unboost|p1a: Ax Murderer|spe|1\n|switch|p2a: Poltergheist|Rotom-Heat|100\/100\n|\n|-weather|SunnyDay|[upkeep]\n|upkeep\n|turn|5\n|inactive|johnkharkiv has 270 seconds left.\n|inactive|It is I Freddy has 270 seconds left.\n|\n|t:|1700622938\n|move|p2a: Poltergheist|Overheat|p1a: Ax Murderer|[miss]\n|-miss|p2a: Poltergheist|p1a: Ax Murderer\n|move|p1a: Ax Murderer|Stone Axe|p2a: Poltergheist\n|-supereffective|p2a: Poltergheist\n|-damage|p2a: Poltergheist|0 fnt\n|-sidestart|p2: It is I Freddy|move: Stealth Rock\n|faint|p2a: Poltergheist\n|\n|-weather|SunnyDay|[upkeep]\n|upkeep\n|inactive|It is I Freddy has 270 seconds left.\n|\n|t:|1700622962\n|switch|p2a: Flame Knight|Ceruledge, M|100\/100\n|-damage|p2a: Flame Knight|76\/100|[from] Stealth Rock\n|turn|6\n|\n|t:|1700622970\n|-terastallize|p1a: Ax Murderer|Rock\n|move|p2a: Flame Knight|Bitter Blade|p1a: Ax Murderer\n|-resisted|p1a: Ax Murderer\n|-damage|p1a: Ax Murderer|64\/100\n|-heal|p2a: Flame Knight|96\/100|[from] drain|[of] p1a: Ax Murderer\n|move|p1a: Ax Murderer|Defog|p2a: Flame Knight\n|-unboost|p2a: Flame Knight|evasion|1\n|-sideend|p2: It is I Freddy|Stealth Rock|[from] move: Defog|[of] p1a: Ax Murderer\n|-sideend|p1: johnkharkiv|Sticky Web|[from] move: Defog|[of] p1a: Ax Murderer\n|\n|-weather|SunnyDay|[upkeep]\n|upkeep\n|turn|7\n|\n|t:|1700622992\n|move|p2a: Flame Knight|Close Combat|p1a: Ax Murderer\n|-supereffective|p1a: Ax Murderer\n|-crit|p1a: Ax Murderer\n|-damage|p1a: Ax Murderer|0 fnt\n|-unboost|p2a: Flame Knight|def|1\n|-unboost|p2a: Flame Knight|spd|1\n|faint|p1a: Ax Murderer\n|\n|-weather|SunnyDay|[upkeep]\n|upkeep\n|inactive|johnkharkiv has 240 seconds left.\n|\n|t:|1700623015\n|switch|p1a: Cerberus|Typhlosion-Hisui, F|55\/100\n|turn|8\n|inactive|johnkharkiv has 240 seconds left.\n|\n|t:|1700623026\n|move|p2a: Flame Knight|Shadow Sneak|p1a: Cerberus\n|-supereffective|p1a: Cerberus\n|-damage|p1a: Cerberus|5\/100\n|move|p1a: Cerberus|Shadow Ball|p2a: Flame Knight\n|-supereffective|p2a: Flame Knight\n|-crit|p2a: Flame Knight\n|-damage|p2a: Flame Knight|0 fnt\n|faint|p2a: Flame Knight\n|\n|-weather|none\n|upkeep\n|\n|t:|1700623048\n|switch|p2a: Special Ops|Spidops, M, tera:Water|57\/100\n|turn|9\n|\n|t:|1700623053\n|move|p1a: Cerberus|Flamethrower|p2a: Special Ops\n|-resisted|p2a: Special Ops\n|-damage|p2a: Special Ops|18\/100\n|move|p2a: Special Ops|Sticky Web|p1a: Cerberus\n|-sidestart|p1: johnkharkiv|move: Sticky Web\n|\n|-heal|p2a: Special Ops|24\/100|[from] item: Leftovers\n|upkeep\n|turn|10\n|\n|t:|1700623071\n|move|p1a: Cerberus|Shadow Ball|p2a: Special Ops\n|-damage|p2a: Special Ops|0 fnt\n|faint|p2a: Special Ops\n|\n|upkeep\n|\n|t:|1700623078\n|switch|p2a: Magician's Cat|Espeon, M|100\/100\n|turn|11\n|\n|t:|1700623090\n|move|p2a: Magician's Cat|Psychic|p1a: Cerberus\n|-damage|p1a: Cerberus|0 fnt\n|faint|p1a: Cerberus\n|\n|upkeep\n|\n|t:|1700623113\n|switch|p1a: Red Terror|Gyarados, M, shiny|100\/100\n|-ability|p1a: Red Terror|Intimidate|boost\n|-unboost|p2a: Magician's Cat|atk|1\n|turn|12\n|\n|t:|1700623123\n|switch|p2a: Undead Vulture|Mandibuzz, F, shiny|100\/100\n|move|p1a: Red Terror|Dragon Dance|p1a: Red Terror\n|-boost|p1a: Red Terror|atk|1\n|-boost|p1a: Red Terror|spe|1\n|\n|upkeep\n|turn|13\n|\n|t:|1700623139\n|detailschange|p1a: Red Terror|Gyarados-Mega, M, shiny\n|-mega|p1a: Red Terror|Gyarados|Gyaradosite\n|-ability|p1a: Red Terror|Mold Breaker\n|move|p1a: Red Terror|Ice Fang|p2a: Undead Vulture|[miss]\n|-miss|p1a: Red Terror|p2a: Undead Vulture\n|move|p2a: Undead Vulture|Toxic|p1a: Red Terror\n|-status|p1a: Red Terror|tox\n|\n|-damage|p1a: Red Terror|94\/100 tox|[from] psn\n|upkeep\n|turn|14\n|\n|t:|1700623149\n|move|p1a: Red Terror|Ice Fang|p2a: Undead Vulture\n|-supereffective|p2a: Undead Vulture\n|-damage|p2a: Undead Vulture|55\/100\n|-damage|p1a: Red Terror|78\/100 tox|[from] item: Rocky Helmet|[of] p2a: Undead Vulture\n|move|p2a: Undead Vulture|Roost|p2a: Undead Vulture\n|-heal|p2a: Undead Vulture|100\/100\n|-singleturn|p2a: Undead Vulture|move: Roost\n|\n|-damage|p1a: Red Terror|65\/100 tox|[from] psn\n|upkeep\n|turn|15\n|\n|t:|1700623159\n|move|p1a: Red Terror|Dragon Dance|p1a: Red Terror\n|-boost|p1a: Red Terror|atk|1\n|-boost|p1a: Red Terror|spe|1\n|move|p2a: Undead Vulture|Roost||[still]\n|-fail|p2a: Undead Vulture|heal\n|\n|-damage|p1a: Red Terror|47\/100 tox|[from] psn\n|upkeep\n|turn|16\n|\n|t:|1700623166\n|move|p1a: Red Terror|Ice Fang|p2a: Undead Vulture\n|-supereffective|p2a: Undead Vulture\n|-damage|p2a: Undead Vulture|31\/100\n|-damage|p1a: Red Terror|30\/100 tox|[from] item: Rocky Helmet|[of] p2a: Undead Vulture\n|move|p2a: Undead Vulture|Foul Play|p1a: Red Terror\n|-resisted|p1a: Red Terror\n|-damage|p1a: Red Terror|0 fnt\n|faint|p1a: Red Terror\n|\n|upkeep\n|inactive|johnkharkiv has 240 seconds left.\n|\n|t:|1700623200\n|switch|p1a: 69tales|Ninetales, M, shiny|100\/100\n|-activate|p1a: 69tales|move: Sticky Web\n|-unboost|p1a: 69tales|spe|1\n|-weather|SunnyDay|[from] ability: Drought|[of] p1a: 69tales\n|turn|17\n|inactive|johnkharkiv has 240 seconds left.\n|\n|t:|1700623212\n|move|p1a: 69tales|Encore|p2a: Undead Vulture\n|-start|p2a: Undead Vulture|Encore\n|move|p2a: Undead Vulture|Foul Play|p1a: 69tales\n|-damage|p1a: 69tales|72\/100\n|\n|-weather|SunnyDay|[upkeep]\n|upkeep\n|turn|18\n|inactive|johnkharkiv has 240 seconds left.\n|\n|t:|1700623219\n|switch|p2a: Magician's Cat|Espeon, M|100\/100\n|move|p1a: 69tales|Toxic|p2a: Magician's Cat\n|move|p2a: Magician's Cat|Toxic|p1a: 69tales|[from]ability: Magic Bounce\n|-status|p1a: 69tales|tox\n|\n|-weather|SunnyDay|[upkeep]\n|-damage|p1a: 69tales|66\/100 tox|[from] psn\n|upkeep\n|turn|19\n|\n|t:|1700623230\n|move|p2a: Magician's Cat|Psychic|p1a: 69tales\n|-damage|p1a: 69tales|0 fnt\n|faint|p1a: 69tales\n|\n|-weather|SunnyDay|[upkeep]\n|upkeep\n|\n|t:|1700623237\n|switch|p1a: TrickOrTreat|Ogerpon, F|100\/100\n|-activate|p1a: TrickOrTreat|move: Sticky Web\n|-unboost|p1a: TrickOrTreat|spe|1\n|-ability|p1a: TrickOrTreat|Defiant|boost\n|-boost|p1a: TrickOrTreat|atk|2\n|turn|20\n|\n|t:|1700623245\n|move|p2a: Magician's Cat|Psychic|p1a: TrickOrTreat\n|-crit|p1a: TrickOrTreat\n|-damage|p1a: TrickOrTreat|0 fnt\n|faint|p1a: TrickOrTreat\n|\n|-weather|SunnyDay|[upkeep]\n|upkeep\n|\n|t:|1700623251\n|switch|p1a: Don\u2019t Ban Me|Baxcalibur, F|100\/100\n|-activate|p1a: Don\u2019t Ban Me|move: Sticky Web\n|-unboost|p1a: Don\u2019t Ban Me|spe|1\n|turn|21\n|\n|t:|1700623265\n|move|p2a: Magician's Cat|Psychic|p1a: Don\u2019t Ban Me\n|-damage|p1a: Don\u2019t Ban Me|35\/100\n|move|p1a: Don\u2019t Ban Me|Icicle Spear|p2a: Magician's Cat\n|-damage|p2a: Magician's Cat|74\/100\n|-damage|p2a: Magician's Cat|47\/100\n|-damage|p2a: Magician's Cat|15\/100\n|-damage|p2a: Magician's Cat|0 fnt\n|faint|p2a: Magician's Cat\n|-hitcount|p2: Magician's Cat|4\n|\n|-weather|SunnyDay|[upkeep]\n|upkeep\n|\n|t:|1700623275\n|switch|p2a: Undead Vulture|Mandibuzz, F, shiny|31\/100\n|turn|22\n|inactive|johnkharkiv has 240 seconds left.\n|inactive|It is I Freddy has 270 seconds left.\n|\n|t:|1700623313\n|move|p1a: Don\u2019t Ban Me|Ice Shard|p2a: Undead Vulture\n|-supereffective|p2a: Undead Vulture\n|-damage|p2a: Undead Vulture|5\/100\n|move|p2a: Undead Vulture|Foul Play|p1a: Don\u2019t Ban Me\n|-damage|p1a: Don\u2019t Ban Me|0 fnt\n|faint|p1a: Don\u2019t Ban Me\n|\n|win|It is I Freddy\n|c|\u2606johnkharkiv|GG\n|c|\u2606It is I Freddy|GG!\n|l|\u2606johnkharkiv\n|j|\u2606johnkharkiv\n|player|p1|johnkharkiv|swimmerf-gen4\n","uploadtime":1700623323,"views":1,"p1id":"johnkharkiv","p2id":"itisifreddy","formatid":"gen9nationaldexubers","rating":0,"private":0,"password":""}