{"id":"gen9nationaldexubers-1984012351","p1":"TheRealDiabeto","p2":"k7eenex","format":"[Gen 9] National Dex Ubers","log":"|j|\u2606TheRealDiabeto\n|j|\u2606k7eenex\n|t:|1699209703\n|gametype|singles\n|player|p1|TheRealDiabeto|youngster-gen4dp|\n|player|p2|k7eenex|hiker-gen4|\n|teamsize|p1|6\n|teamsize|p2|6\n|gen|9\n|tier|[Gen 9] National Dex Ubers\n|rule|HP Percentage Mod: HP is shown in percentages\n|rule|Endless Battle Clause: Forcing endless battles is banned\n|rule|OHKO Clause: OHKO moves are banned\n|rule|Evasion Moves Clause: Evasion moves are banned\n|rule|Evasion Items Clause: Evasion items are banned\n|rule|Species Clause: Limit one of each Pok\u00e9mon\n|rule|Sleep Clause Mod: Limit one foe put to sleep\n|rule|Mega Rayquaza Clause: You cannot mega evolve Rayquaza\n|clearpoke\n|poke|p1|Sneasler, F|\n|poke|p1|Rillaboom, M|\n|poke|p1|Glimmora, M|\n|poke|p1|Ogerpon-Wellspring, F|\n|poke|p1|Great Tusk|\n|poke|p1|Heatran, F|\n|poke|p2|Ogerpon-Cornerstone, F|\n|poke|p2|Coalossal, F|\n|poke|p2|Nihilego|\n|poke|p2|Shuckle, F|\n|poke|p2|Kleavor, F|\n|poke|p2|Diancie|\n|teampreview\n|c|\u2606TheRealDiabeto|so does flame body proc less than 100% of the time?\n|c|\u2606k7eenex|30%\n|j| Pex Hater\n|c|\u2606TheRealDiabeto|i legit thought it was 100\n|\n|t:|1699209762\n|start\n|switch|p1a: Glimmora|Glimmora, M|100\/100\n|switch|p2a: For the GODS!|Shuckle, F|100\/100\n|turn|1\n|\n|t:|1699209770\n|move|p1a: Glimmora|Spikes|p2a: For the GODS!\n|-sidestart|p2: k7eenex|Spikes\n|move|p2a: For the GODS!|Sticky Web|p1a: Glimmora\n|-sidestart|p1: TheRealDiabeto|move: Sticky Web\n|\n|upkeep\n|turn|2\n|\n|t:|1699209776\n|move|p1a: Glimmora|Spikes|p2a: For the GODS!\n|-sidestart|p2: k7eenex|Spikes\n|move|p2a: For the GODS!|Stealth Rock|p1a: Glimmora\n|-sidestart|p1: TheRealDiabeto|move: Stealth Rock\n|\n|upkeep\n|turn|3\n|\n|t:|1699209786\n|move|p1a: Glimmora|Spikes|p2a: For the GODS!\n|-sidestart|p2: k7eenex|Spikes\n|move|p2a: For the GODS!|Encore|p1a: Glimmora\n|-start|p1a: Glimmora|Encore\n|\n|upkeep\n|turn|4\n|\n|t:|1699209800\n|move|p1a: Glimmora|Spikes||[still]\n|-fail|p1a: Glimmora\n|move|p2a: For the GODS!|Final Gambit|p1a: Glimmora\n|-damage|p1a: Glimmora|21\/100\n|faint|p2a: For the GODS!\n|\n|upkeep\n|\n|t:|1699209821\n|switch|p2a: BUFFALO WINGS|Coalossal, F|100\/100\n|turn|5\n|\n|t:|1699209829\n|move|p1a: Glimmora|Spikes||[still]\n|-fail|p1a: Glimmora\n|move|p2a: BUFFALO WINGS|Rapid Spin|p1a: Glimmora\n|-resisted|p1a: Glimmora\n|-damage|p1a: Glimmora|15\/100\n|-boost|p2a: BUFFALO WINGS|spe|1\n|-activate|p1a: Glimmora|ability: Toxic Debris\n|-sidestart|p2: k7eenex|move: Toxic Spikes\n|-sideend|p2: k7eenex|Spikes|[from] move: Rapid Spin|[of] p2a: BUFFALO WINGS\n|-sideend|p2: k7eenex|Toxic Spikes|[from] move: Rapid Spin|[of] p2a: BUFFALO WINGS\n|\n|upkeep\n|turn|6\n|c|\u2606k7eenex|think i made a mistake there\n|c|\u2606TheRealDiabeto|is encore permanent?\n|\n|t:|1699209843\n|move|p1a: Glimmora|Spikes|p2a: BUFFALO WINGS\n|-sidestart|p2: k7eenex|Spikes\n|move|p2a: BUFFALO WINGS|Flamethrower|p1a: Glimmora\n|-resisted|p1a: Glimmora\n|-damage|p1a: Glimmora|0 fnt\n|faint|p1a: Glimmora\n|\n|upkeep\n|c|\u2606k7eenex|no\n|c|\u2606TheRealDiabeto|i was still affected\n|\n|t:|1699209855\n|switch|p1a: Great Tusk|Great Tusk|100\/100\n|turn|7\n|\n|t:|1699209874\n|move|p1a: Great Tusk|Ice Spinner|p2a: BUFFALO WINGS\n|-resisted|p2a: BUFFALO WINGS\n|-damage|p2a: BUFFALO WINGS|93\/100\n|move|p2a: BUFFALO WINGS|Will-O-Wisp|p1a: Great Tusk\n|-status|p1a: Great Tusk|brn\n|\n|-damage|p1a: Great Tusk|94\/100 brn|[from] brn\n|upkeep\n|turn|8\n|c|\u2606TheRealDiabeto|now i'm the one that messed up\n|\n|t:|1699209894\n|switch|p2a: Revolution|Diancie|100\/100\n|-damage|p2a: Revolution|88\/100|[from] Spikes\n|move|p1a: Great Tusk|Rapid Spin|p2a: Revolution\n|-resisted|p2a: Revolution\n|-damage|p2a: Revolution|83\/100\n|-boost|p1a: Great Tusk|spe|1\n|-sideend|p1: TheRealDiabeto|Stealth Rock|[from] move: Rapid Spin|[of] p1a: Great Tusk\n|-sideend|p1: TheRealDiabeto|Sticky Web|[from] move: Rapid Spin|[of] p1a: Great Tusk\n|\n|-damage|p1a: Great Tusk|88\/100 brn|[from] brn\n|upkeep\n|turn|9\n|\n|t:|1699209907\n|-end|p1a: Great Tusk|Protosynthesis|[silent]\n|switch|p1a: Heatran|Heatran, F, shiny|100\/100\n|detailschange|p2a: Revolution|Diancie-Mega\n|-mega|p2a: Revolution|Diancie|Diancite\n|move|p2a: Revolution|Moonblast|p1a: Heatran\n|-resisted|p1a: Heatran\n|-damage|p1a: Heatran|92\/100\n|-unboost|p1a: Heatran|spa|1\n|\n|-heal|p1a: Heatran|98\/100|[from] item: Leftovers\n|upkeep\n|turn|10\n|\n|t:|1699209929\n|move|p2a: Revolution|Earth Power|p1a: Heatran\n|-supereffective|p1a: Heatran\n|-damage|p1a: Heatran|12\/100\n|move|p1a: Heatran|Stealth Rock|p2a: Revolution\n|move|p2a: Revolution|Stealth Rock|p1a: Heatran|[from]ability: Magic Bounce\n|-sidestart|p1: TheRealDiabeto|move: Stealth Rock\n|\n|-heal|p1a: Heatran|18\/100|[from] item: Leftovers\n|upkeep\n|turn|11\n|\n|t:|1699209955\n|switch|p1a: Ogerpon|Ogerpon-Wellspring, F|100\/100\n|-damage|p1a: Ogerpon|88\/100|[from] Stealth Rock\n|move|p2a: Revolution|Earth Power|p1a: Ogerpon\n|-resisted|p1a: Ogerpon\n|-damage|p1a: Ogerpon|69\/100\n|\n|upkeep\n|turn|12\n|\n|t:|1699210003\n|move|p1a: Ogerpon|Ivy Cudgel|p2a: Revolution\n|-supereffective|p2a: Revolution\n|-damage|p2a: Revolution|0 fnt\n|faint|p2a: Revolution\n|\n|upkeep\n|\n|t:|1699210006\n|switch|p2a: WHIP ITS|Kleavor, F|100\/100\n|-damage|p2a: WHIP ITS|88\/100|[from] Spikes\n|turn|13\n|\n|t:|1699210014\n|move|p2a: WHIP ITS|U-turn|p1a: Ogerpon\n|-supereffective|p1a: Ogerpon\n|-damage|p1a: Ogerpon|0 fnt\n|faint|p1a: Ogerpon\n|\n|t:|1699210025\n|switch|p2a: Big Lenny|Nihilego|100\/100|[from] U-turn\n|-damage|p2a: Big Lenny|88\/100|[from] Spikes\n|\n|upkeep\n|c|\u2606TheRealDiabeto|i u-turn prio?\n|\n|t:|1699210038\n|switch|p1a: Great Tusk|Great Tusk|88\/100 brn\n|turn|14\n|\n|t:|1699210044\n|move|p2a: Big Lenny|Grass Knot|p1a: Great Tusk\n|-supereffective|p1a: Great Tusk\n|-crit|p1a: Great Tusk\n|-damage|p1a: Great Tusk|0 fnt\n|faint|p1a: Great Tusk\n|-end|p1a: Great Tusk|Protosynthesis|[silent]\n|-ability|p2a: Big Lenny|Beast Boost|boost\n|-boost|p2a: Big Lenny|spe|1\n|\n|upkeep\n|c|\u2606k7eenex|no\n|c|\u2606k7eenex|if you use my paste you can see my kleavor has scarf\n|\n|t:|1699210106\n|switch|p1a: Sneasler|Sneasler, F|100\/100\n|-damage|p1a: Sneasler|95\/100|[from] Stealth Rock\n|turn|15\n|\n|t:|1699210128\n|move|p2a: Big Lenny|Meteor Beam||[still]\n|-prepare|p2a: Big Lenny|Meteor Beam\n|-boost|p2a: Big Lenny|spa|1\n|-enditem|p2a: Big Lenny|Power Herb\n|-anim|p2a: Big Lenny|Meteor Beam|p1a: Sneasler|[miss]\n|-miss|p2a: Big Lenny|p1a: Sneasler\n|move|p1a: Sneasler|Close Combat|p2a: Big Lenny\n|-damage|p2a: Big Lenny|0 fnt\n|-unboost|p1a: Sneasler|def|1\n|-unboost|p1a: Sneasler|spd|1\n|faint|p2a: Big Lenny\n|\n|upkeep\n|c|\u2606k7eenex|smh\n|\n|t:|1699210159\n|switch|p2a: BUFFALO WINGS|Coalossal, F|93\/100\n|turn|16\n|\n|t:|1699210182\n|switch|p1a: Rillaboom|Rillaboom, M|100\/100\n|-damage|p1a: Rillaboom|88\/100|[from] Stealth Rock\n|-fieldstart|move: Grassy Terrain|[from] ability: Grassy Surge|[of] p1a: Rillaboom\n|move|p2a: BUFFALO WINGS|Rapid Spin|p1a: Rillaboom\n|-damage|p1a: Rillaboom|79\/100\n|-boost|p2a: BUFFALO WINGS|spe|1\n|-sideend|p2: k7eenex|Spikes|[from] move: Rapid Spin|[of] p2a: BUFFALO WINGS\n|\n|-heal|p1a: Rillaboom|85\/100|[from] Grassy Terrain\n|-heal|p2a: BUFFALO WINGS|99\/100|[from] Grassy Terrain\n|upkeep\n|turn|17\n|\n|t:|1699210205\n|move|p1a: Rillaboom|Knock Off|p2a: BUFFALO WINGS\n|-damage|p2a: BUFFALO WINGS|80\/100\n|-status|p1a: Rillaboom|brn|[from] ability: Flame Body|[of] p2a: BUFFALO WINGS\n|-enditem|p2a: BUFFALO WINGS|Heavy-Duty Boots|[from] move: Knock Off|[of] p1a: Rillaboom\n|move|p2a: BUFFALO WINGS|Will-O-Wisp|p1a: Rillaboom\n|-fail|p1a: Rillaboom|brn\n|\n|-heal|p1a: Rillaboom|91\/100 brn|[from] Grassy Terrain\n|-heal|p2a: BUFFALO WINGS|87\/100|[from] Grassy Terrain\n|-damage|p1a: Rillaboom|85\/100 brn|[from] brn\n|upkeep\n|turn|18\n|\n|t:|1699210217\n|move|p1a: Rillaboom|U-turn|p2a: BUFFALO WINGS\n|-resisted|p2a: BUFFALO WINGS\n|-damage|p2a: BUFFALO WINGS|83\/100\n|j| mr giles\n|\n|t:|1699210221\n|switch|p1a: Sneasler|Sneasler, F|95\/100|[from] U-turn\n|-damage|p1a: Sneasler|89\/100|[from] Stealth Rock\n|-enditem|p1a: Sneasler|Grassy Seed\n|-boost|p1a: Sneasler|def|1|[from] item: Grassy Seed\n|move|p2a: BUFFALO WINGS|Flamethrower|p1a: Sneasler\n|-damage|p1a: Sneasler|54\/100\n|\n|-heal|p1a: Sneasler|60\/100|[from] Grassy Terrain\n|-heal|p2a: BUFFALO WINGS|89\/100|[from] Grassy Terrain\n|upkeep\n|turn|19\n|\n|t:|1699210234\n|move|p1a: Sneasler|Close Combat|p2a: BUFFALO WINGS\n|-supereffective|p2a: BUFFALO WINGS\n|-damage|p2a: BUFFALO WINGS|13\/100\n|-unboost|p1a: Sneasler|def|1\n|-unboost|p1a: Sneasler|spd|1\n|move|p2a: BUFFALO WINGS|Will-O-Wisp|p1a: Sneasler\n|-status|p1a: Sneasler|brn\n|\n|-heal|p1a: Sneasler|66\/100 brn|[from] Grassy Terrain\n|-heal|p2a: BUFFALO WINGS|19\/100|[from] Grassy Terrain\n|-damage|p1a: Sneasler|60\/100 brn|[from] brn\n|upkeep\n|turn|20\n|\n|t:|1699210261\n|move|p1a: Sneasler|Close Combat|p2a: BUFFALO WINGS\n|-supereffective|p2a: BUFFALO WINGS\n|-damage|p2a: BUFFALO WINGS|0 fnt\n|-unboost|p1a: Sneasler|def|1\n|-unboost|p1a: Sneasler|spd|1\n|faint|p2a: BUFFALO WINGS\n|\n|-heal|p1a: Sneasler|66\/100 brn|[from] Grassy Terrain\n|-damage|p1a: Sneasler|60\/100 brn|[from] brn\n|upkeep\n|j| Grodziecki\n|\n|t:|1699210305\n|switch|p2a: Dopamine|Ogerpon-Cornerstone, F|100\/100\n|turn|21\n|\n|t:|1699210316\n|switch|p1a: Rillaboom|Rillaboom, M|85\/100 brn\n|-damage|p1a: Rillaboom|72\/100 brn|[from] Stealth Rock\n|move|p2a: Dopamine|Ivy Cudgel|p1a: Rillaboom\n|-damage|p1a: Rillaboom|18\/100 brn\n|\n|-heal|p1a: Rillaboom|24\/100 brn|[from] Grassy Terrain\n|-damage|p1a: Rillaboom|18\/100 brn|[from] brn\n|upkeep\n|turn|22\n|l| mr giles\n|\n|t:|1699210337\n|move|p1a: Rillaboom|Grassy Glide|p2a: Dopamine\n|-damage|p2a: Dopamine|77\/100\n|move|p2a: Dopamine|Ivy Cudgel|p1a: Rillaboom\n|-damage|p1a: Rillaboom|0 fnt\n|faint|p1a: Rillaboom\n|\n|-heal|p2a: Dopamine|83\/100|[from] Grassy Terrain\n|upkeep\n|c|\u2606k7eenex|remember, sneaslers unburden only works once per battle..\n|j| mr giles\n|\n|t:|1699210345\n|switch|p1a: Heatran|Heatran, F, shiny|18\/100\n|-damage|p1a: Heatran|6\/100|[from] Stealth Rock\n|turn|23\n|\n|t:|1699210359\n|move|p1a: Heatran|Protect|p1a: Heatran\n|-singleturn|p1a: Heatran|Protect\n|move|p2a: Dopamine|Ivy Cudgel|p1a: Heatran\n|-activate|p1a: Heatran|move: Protect\n|\n|-heal|p2a: Dopamine|89\/100|[from] Grassy Terrain\n|-heal|p1a: Heatran|12\/100|[from] Grassy Terrain\n|-heal|p1a: Heatran|18\/100|[from] item: Leftovers\n|-fieldend|move: Grassy Terrain\n|upkeep\n|turn|24\n|\n|t:|1699210370\n|move|p2a: Dopamine|Ivy Cudgel|p1a: Heatran\n|-damage|p1a: Heatran|0 fnt\n|faint|p1a: Heatran\n|\n|upkeep\n|\n|t:|1699210375\n|switch|p1a: Sneasler|Sneasler, F|60\/100 brn\n|-damage|p1a: Sneasler|54\/100 brn|[from] Stealth Rock\n|turn|25\n|\n|t:|1699210380\n|move|p2a: Dopamine|Ivy Cudgel|p1a: Sneasler\n|-resisted|p1a: Sneasler\n|-crit|p1a: Sneasler\n|-damage|p1a: Sneasler|0 fnt\n|faint|p1a: Sneasler\n|\n|win|k7eenex\n|c|\u2606k7eenex|gg\n","uploadtime":1699210386,"views":8,"p1id":"therealdiabeto","p2id":"k7eenex","formatid":"gen9nationaldexubers","rating":0,"private":0,"password":""}