{"id":"gen9nationaldexubers-1993563544","p1":"lagrossechaise","p2":"mimitox","format":"[Gen 9] National Dex Ubers","log":"|j|\u2606lagrossechaise\n|j|\u2606mimitox\n|t:|1700332162\n|gametype|singles\n|player|p1|lagrossechaise|170|1091\n|player|p2|mimitox|170|1002\n|teamsize|p1|6\n|teamsize|p2|6\n|gen|9\n|tier|[Gen 9] National Dex Ubers\n|rated|\n|rule|HP Percentage Mod: HP is shown in percentages\n|rule|Endless Battle Clause: Forcing endless battles is banned\n|rule|OHKO Clause: OHKO moves are banned\n|rule|Evasion Moves Clause: Evasion moves are banned\n|rule|Evasion Items Clause: Evasion items are banned\n|rule|Species Clause: Limit one of each Pok\u00e9mon\n|rule|Sleep Clause Mod: Limit one foe put to sleep\n|rule|Mega Rayquaza Clause: You cannot mega evolve Rayquaza\n|clearpoke\n|poke|p1|Sableye, M|\n|poke|p1|Chansey, F|\n|poke|p1|Gliscor, M|\n|poke|p1|Clodsire, M|\n|poke|p1|Arceus-Steel|\n|poke|p1|Kyogre|\n|poke|p2|Lurantis, M|\n|poke|p2|Inteleon, F|\n|poke|p2|Blaziken, F|\n|poke|p2|Landorus-Therian, M|\n|poke|p2|Tinkaton, F|\n|poke|p2|Morpeko, F|\n|teampreview\n|\n|t:|1700332170\n|start\n|switch|p1a: Agachon|Gliscor, M|100\/100\n|switch|p2a: Inteleon|Inteleon, F|100\/100\n|turn|1\n|\n|t:|1700332188\n|-terastallize|p1a: Agachon|Flying\n|move|p2a: Inteleon|Ice Beam|p1a: Agachon\n|-supereffective|p1a: Agachon\n|-damage|p1a: Agachon|0 fnt\n|faint|p1a: Agachon\n|\n|upkeep\n|\n|t:|1700332199\n|switch|p1a: Tarping|Arceus-Steel|100\/100\n|turn|2\n|\n|t:|1700332211\n|switch|p2a: Landorus|Landorus-Therian, M|100\/100\n|-ability|p2a: Landorus|Intimidate|boost\n|-unboost|p1a: Tarping|atk|1\n|move|p1a: Tarping|Thunder|p2a: Landorus\n|-immune|p2a: Landorus\n|\n|upkeep\n|turn|3\n|\n|t:|1700332221\n|move|p2a: Landorus|Earthquake|p1a: Tarping\n|-supereffective|p1a: Tarping\n|-damage|p1a: Tarping|30\/100\n|move|p1a: Tarping|Iron Head|p2a: Landorus\n|-damage|p2a: Landorus|70\/100\n|-damage|p1a: Tarping|13\/100|[from] item: Rocky Helmet|[of] p2a: Landorus\n|\n|upkeep\n|turn|4\n|\n|t:|1700332228\n|move|p2a: Landorus|Earthquake|p1a: Tarping\n|-supereffective|p1a: Tarping\n|-damage|p1a: Tarping|0 fnt\n|faint|p1a: Tarping\n|\n|upkeep\n|\n|t:|1700332233\n|switch|p1a: Chieng|Sableye, M|100\/100\n|turn|5\n|\n|t:|1700332245\n|switch|p2a: Morpeko|Morpeko, F|100\/100\n|detailschange|p1a: Chieng|Sableye-Mega, M\n|-mega|p1a: Chieng|Sableye|Sablenite\n|move|p1a: Chieng|Snarl|p2a: Morpeko\n|-resisted|p2a: Morpeko\n|-damage|p2a: Morpeko|85\/100\n|-unboost|p2a: Morpeko|spa|1\n|\n|-formechange|p2a: Morpeko|Morpeko-Hangry||[from] ability: Hunger Switch\n|upkeep\n|turn|6\n|\n|t:|1700332256\n|move|p2a: Morpeko|Aura Wheel|p1a: Chieng\n|-damage|p1a: Chieng|38\/100\n|-boost|p2a: Morpeko|spe|1\n|move|p1a: Chieng|Calm Mind|p1a: Chieng\n|-boost|p1a: Chieng|spa|1\n|-boost|p1a: Chieng|spd|1\n|\n|-formechange|p2a: Morpeko|Morpeko||[from] ability: Hunger Switch\n|upkeep\n|turn|7\n|\n|t:|1700332265\n|move|p2a: Morpeko|Aura Wheel|p1a: Chieng\n|-damage|p1a: Chieng|0 fnt\n|-boost|p2a: Morpeko|spe|1\n|faint|p1a: Chieng\n|\n|-formechange|p2a: Morpeko|Morpeko-Hangry||[from] ability: Hunger Switch\n|upkeep\n|\n|t:|1700332272\n|switch|p1a: Egg Monster|Chansey, F|100\/100\n|turn|8\n|\n|t:|1700332276\n|move|p2a: Morpeko|Aura Wheel|p1a: Egg Monster\n|-damage|p1a: Egg Monster|59\/100\n|-boost|p2a: Morpeko|spe|1\n|move|p1a: Egg Monster|Seismic Toss|p2a: Morpeko\n|-damage|p2a: Morpeko|46\/100\n|\n|-formechange|p2a: Morpeko|Morpeko||[from] ability: Hunger Switch\n|upkeep\n|turn|9\n|\n|t:|1700332287\n|move|p1a: Egg Monster|Protect|p1a: Egg Monster\n|-singleturn|p1a: Egg Monster|Protect\n|move|p2a: Morpeko|Aura Wheel|p1a: Egg Monster\n|-activate|p1a: Egg Monster|move: Protect\n|\n|-formechange|p2a: Morpeko|Morpeko-Hangry||[from] ability: Hunger Switch\n|upkeep\n|turn|10\n|\n|t:|1700332294\n|move|p2a: Morpeko|Aura Wheel|p1a: Egg Monster\n|-damage|p1a: Egg Monster|16\/100\n|-boost|p2a: Morpeko|spe|1\n|move|p1a: Egg Monster|Seismic Toss|p2a: Morpeko\n|-damage|p2a: Morpeko|8\/100\n|\n|-formechange|p2a: Morpeko|Morpeko||[from] ability: Hunger Switch\n|upkeep\n|turn|11\n|\n|t:|1700332305\n|move|p1a: Egg Monster|Protect|p1a: Egg Monster\n|-singleturn|p1a: Egg Monster|Protect\n|move|p2a: Morpeko|Aura Wheel|p1a: Egg Monster\n|-activate|p1a: Egg Monster|move: Protect\n|\n|-formechange|p2a: Morpeko|Morpeko-Hangry||[from] ability: Hunger Switch\n|upkeep\n|turn|12\n|\n|t:|1700332315\n|move|p2a: Morpeko|Aura Wheel|p1a: Egg Monster\n|-damage|p1a: Egg Monster|0 fnt\n|-boost|p2a: Morpeko|spe|1\n|faint|p1a: Egg Monster\n|\n|-formechange|p2a: Morpeko|Morpeko||[from] ability: Hunger Switch\n|upkeep\n|\n|t:|1700332323\n|switch|p1a: Clodsire|Clodsire, M|100\/100\n|turn|13\n|\n|t:|1700332329\n|switch|p2a: Landorus|Landorus-Therian, M|70\/100\n|-ability|p2a: Landorus|Intimidate|boost\n|-unboost|p1a: Clodsire|atk|1\n|move|p1a: Clodsire|Poison Jab|p2a: Landorus\n|-resisted|p2a: Landorus\n|-damage|p2a: Landorus|62\/100\n|-damage|p1a: Clodsire|84\/100|[from] item: Rocky Helmet|[of] p2a: Landorus\n|\n|upkeep\n|turn|14\n|\n|t:|1700332338\n|move|p2a: Landorus|Earthquake|p1a: Clodsire\n|-supereffective|p1a: Clodsire\n|-damage|p1a: Clodsire|0 fnt\n|faint|p1a: Clodsire\n|\n|upkeep\n|\n|t:|1700332345\n|switch|p1a: Kyogre|Kyogre|100\/100\n|detailschange|p1a: Kyogre|Kyogre-Primal\n|-primal|p1a: Kyogre|Blue Orb\n|-weather|PrimordialSea|[from] ability: Primordial Sea|[of] p1a: Kyogre\n|turn|15\n|\n|t:|1700332353\n|move|p2a: Landorus|U-turn|p1a: Kyogre\n|-damage|p1a: Kyogre|82\/100\n|\n|t:|1700332356\n|switch|p2a: Inteleon|Inteleon, F|100\/100|[from] U-turn\n|move|p1a: Kyogre|Ice Beam|p2a: Inteleon\n|-resisted|p2a: Inteleon\n|-damage|p2a: Inteleon|73\/100\n|\n|-weather|PrimordialSea|[upkeep]\n|upkeep\n|turn|16\n|\n|t:|1700332365\n|move|p2a: Inteleon|Shadow Ball|p1a: Kyogre\n|-damage|p1a: Kyogre|61\/100\n|move|p1a: Kyogre|Scald|p2a: Inteleon\n|-resisted|p2a: Inteleon\n|-damage|p2a: Inteleon|13\/100\n|\n|-weather|PrimordialSea|[upkeep]\n|upkeep\n|turn|17\n|\n|t:|1700332375\n|move|p2a: Inteleon|Shadow Ball|p1a: Kyogre\n|-damage|p1a: Kyogre|36\/100\n|move|p1a: Kyogre|Scald|p2a: Inteleon\n|-resisted|p2a: Inteleon\n|-damage|p2a: Inteleon|0 fnt\n|faint|p2a: Inteleon\n|\n|-weather|PrimordialSea|[upkeep]\n|upkeep\n|\n|t:|1700332377\n|switch|p2a: Morpeko|Morpeko, F|8\/100\n|turn|18\n|\n|t:|1700332384\n|move|p2a: Morpeko|Aura Wheel|p1a: Kyogre\n|-supereffective|p1a: Kyogre\n|-damage|p1a: Kyogre|0 fnt\n|-boost|p2a: Morpeko|spe|1\n|faint|p1a: Kyogre\n|-weather|none\n|\n|win|mimitox\n|raw|lagrossechaise's rating: 1091 &rarr; <strong>1061<\/strong><br \/>(-30 for losing)\n|raw|mimitox's rating: 1002 &rarr; <strong>1052<\/strong><br \/>(+50 for winning)\n|l|\u2606lagrossechaise\n","uploadtime":1700332394,"views":8,"p1id":"lagrossechaise","p2id":"mimitox","formatid":"gen9nationaldexubers","rating":1052,"private":0,"password":""}