{"id":"gen9nationaldexubers-1980051249","p1":"Reality_Check56","p2":"walfire","format":"[Gen 9] National Dex Ubers","log":"|j|\u2606Reality_Check56\n|j|\u2606walfire\n|t:|1698751789\n|gametype|singles\n|player|p1|Reality_Check56|beni-ninja|1081\n|player|p2|walfire|steven|1093\n|teamsize|p1|6\n|teamsize|p2|6\n|gen|9\n|tier|[Gen 9] National Dex Ubers\n|rated|\n|rule|HP Percentage Mod: HP is shown in percentages\n|rule|Endless Battle Clause: Forcing endless battles is banned\n|rule|OHKO Clause: OHKO moves are banned\n|rule|Evasion Moves Clause: Evasion moves are banned\n|rule|Evasion Items Clause: Evasion items are banned\n|rule|Species Clause: Limit one of each Pok\u00e9mon\n|rule|Sleep Clause Mod: Limit one foe put to sleep\n|rule|Mega Rayquaza Clause: You cannot mega evolve Rayquaza\n|clearpoke\n|poke|p1|Necrozma-Dusk-Mane|\n|poke|p1|Zygarde|\n|poke|p1|Groudon|\n|poke|p1|Deoxys-Speed|\n|poke|p1|Kyogre|\n|poke|p1|Yveltal|\n|poke|p2|Blaziken, F|\n|poke|p2|Sceptile, M|\n|poke|p2|Metagross|\n|poke|p2|Salamence, F|\n|poke|p2|Sharpedo, F|\n|poke|p2|Zangoose, F|\n|teampreview\n|inactive|Battle timer is ON: inactive players will automatically lose when time's up. (requested by Reality_Check56)\n|c|\u2606Reality_Check56|glhf\n|\n|t:|1698751797\n|start\n|switch|p1a: Deoxys|Deoxys-Speed|100\/100\n|switch|p2a: Sceptile|Sceptile, M|100\/100\n|-ability|p1a: Deoxys|Pressure\n|turn|1\n|j| Truth N Ideals\n|inactive|Reality_Check56 has 120 seconds left.\n|\n|t:|1698751828\n|move|p1a: Deoxys|Taunt|p2a: Sceptile\n|-start|p2a: Sceptile|move: Taunt\n|cant|p2a: Sceptile|move: Taunt|Swords Dance\n|\n|upkeep\n|turn|2\n|\n|t:|1698751833\n|move|p1a: Deoxys|Stealth Rock|p2a: Sceptile\n|-sidestart|p2: walfire|move: Stealth Rock\n|move|p2a: Sceptile|Scale Shot|p1a: Deoxys\n|-crit|p1a: Deoxys\n|-damage|p1a: Deoxys|88\/100\n|-damage|p1a: Deoxys|78\/100\n|-damage|p1a: Deoxys|69\/100\n|-damage|p1a: Deoxys|60\/100\n|-hitcount|p1a: Deoxys|4\n|-unboost|p2a: Sceptile|def|1\n|-boost|p2a: Sceptile|spe|1\n|\n|upkeep\n|turn|3\n|\n|t:|1698751849\n|move|p2a: Sceptile|Bullet Seed|p1a: Deoxys\n|-damage|p1a: Deoxys|46\/100\n|-damage|p1a: Deoxys|34\/100\n|-damage|p1a: Deoxys|20\/100\n|-damage|p1a: Deoxys|7\/100\n|-damage|p1a: Deoxys|0 fnt\n|faint|p1a: Deoxys\n|-hitcount|p1: Deoxys|5\n|\n|-end|p2a: Sceptile|move: Taunt\n|upkeep\n|inactive|Reality_Check56 has 120 seconds left.\n|\n|t:|1698751877\n|switch|p1a: Groudon|Groudon|100\/100\n|detailschange|p1a: Groudon|Groudon-Primal\n|-primal|p1a: Groudon|Red Orb\n|-weather|DesolateLand|[from] ability: Desolate Land|[of] p1a: Groudon\n|turn|4\n|\n|t:|1698751888\n|move|p2a: Sceptile|Earthquake|p1a: Groudon\n|-supereffective|p1a: Groudon\n|-damage|p1a: Groudon|62\/100\n|move|p1a: Groudon|Rock Polish|p1a: Groudon\n|-boost|p1a: Groudon|spe|2\n|\n|-weather|DesolateLand|[upkeep]\n|upkeep\n|turn|5\n|inactive|Reality_Check56 has 90 seconds left.\n|\n|t:|1698751927\n|move|p1a: Groudon|Swords Dance|p1a: Groudon\n|-boost|p1a: Groudon|atk|2\n|move|p2a: Sceptile|Earthquake|p1a: Groudon\n|-supereffective|p1a: Groudon\n|-damage|p1a: Groudon|23\/100\n|\n|-weather|DesolateLand|[upkeep]\n|upkeep\n|turn|6\n|inactive|Reality_Check56 has 90 seconds left.\n|\n|t:|1698751933\n|move|p1a: Groudon|Precipice Blades|p2a: Sceptile|[miss]\n|-miss|p1a: Groudon|p2a: Sceptile\n|move|p2a: Sceptile|Scale Shot|p1a: Groudon\n|-damage|p1a: Groudon|18\/100\n|-damage|p1a: Groudon|13\/100\n|-damage|p1a: Groudon|8\/100\n|-damage|p1a: Groudon|3\/100\n|-hitcount|p1a: Groudon|4\n|-unboost|p2a: Sceptile|def|1\n|-boost|p2a: Sceptile|spe|1\n|\n|-weather|DesolateLand|[upkeep]\n|upkeep\n|turn|7\n|inactive|Reality_Check56 has 90 seconds left.\n|\n|t:|1698751972\n|move|p2a: Sceptile|Bullet Seed|p1a: Groudon\n|-damage|p1a: Groudon|0 fnt\n|faint|p1a: Groudon\n|-weather|none\n|-hitcount|p1: Groudon|1\n|\n|upkeep\n|\n|t:|1698751977\n|switch|p1a: Necrozma|Necrozma-Dusk-Mane|100\/100\n|turn|8\n|\n|t:|1698751983\n|switch|p1a: Zygarde|Zygarde|100\/100\n|move|p2a: Sceptile|Swords Dance|p2a: Sceptile\n|-boost|p2a: Sceptile|atk|2\n|\n|upkeep\n|turn|9\n|\n|t:|1698751990\n|-terastallize|p1a: Zygarde|Fairy\n|move|p2a: Sceptile|Scale Shot|p1a: Zygarde\n|-immune|p1a: Zygarde\n|move|p1a: Zygarde|Dragon Dance|p1a: Zygarde\n|-boost|p1a: Zygarde|atk|1\n|-boost|p1a: Zygarde|spe|1\n|\n|upkeep\n|turn|10\n|inactive|Reality_Check56 has 90 seconds left.\n|\n|t:|1698751997\n|move|p2a: Sceptile|Bullet Seed|p1a: Zygarde\n|-damage|p1a: Zygarde|87\/100\n|-damage|p1a: Zygarde|73\/100\n|-damage|p1a: Zygarde|58\/100\n|-damage|p1a: Zygarde|45\/100\n|-hitcount|p1a: Zygarde|4\n|move|p1a: Zygarde|Dragon Dance|p1a: Zygarde\n|-boost|p1a: Zygarde|atk|1\n|-boost|p1a: Zygarde|spe|1\n|\n|-heal|p1a: Zygarde|51\/100|[from] item: Leftovers\n|upkeep\n|turn|11\n|inactive|Reality_Check56 has 90 seconds left.\n|\n|t:|1698752009\n|move|p2a: Sceptile|Bullet Seed|p1a: Zygarde\n|-damage|p1a: Zygarde|36\/100\n|-damage|p1a: Zygarde|22\/100\n|-damage|p1a: Zygarde|9\/100\n|-damage|p1a: Zygarde|0 fnt\n|faint|p1a: Zygarde\n|-hitcount|p1: Zygarde|4\n|\n|upkeep\n|inactive|Reality_Check56 has 90 seconds left.\n|\n|t:|1698752019\n|switch|p1a: Kyogre|Kyogre|100\/100\n|detailschange|p1a: Kyogre|Kyogre-Primal\n|-primal|p1a: Kyogre|Blue Orb\n|-weather|PrimordialSea|[from] ability: Primordial Sea|[of] p1a: Kyogre\n|turn|12\n|j| hell20\n|inactive|Reality_Check56 has 90 seconds left.\n|\n|t:|1698752035\n|move|p2a: Sceptile|Bullet Seed|p1a: Kyogre\n|-supereffective|p1a: Kyogre\n|-damage|p1a: Kyogre|55\/100\n|-supereffective|p1a: Kyogre\n|-damage|p1a: Kyogre|11\/100\n|-supereffective|p1a: Kyogre\n|-damage|p1a: Kyogre|0 fnt\n|faint|p1a: Kyogre\n|-weather|none\n|-hitcount|p1: Kyogre|3\n|\n|upkeep\n|inactive|Reality_Check56 has 90 seconds left.\n|\n|t:|1698752060\n|switch|p1a: Yveltal|Yveltal|100\/100\n|-ability|p1a: Yveltal|Dark Aura\n|turn|13\n|c|\u2606Reality_Check56|That Sceptile\n|\n|t:|1698752075\n|move|p2a: Sceptile|Scale Shot|p1a: Yveltal\n|-damage|p1a: Yveltal|87\/100\n|-damage|p1a: Yveltal|74\/100\n|-damage|p1a: Yveltal|62\/100\n|-damage|p1a: Yveltal|48\/100\n|-hitcount|p1a: Yveltal|4\n|-unboost|p2a: Sceptile|def|1\n|-boost|p2a: Sceptile|spe|1\n|move|p1a: Yveltal|Oblivion Wing|p2a: Sceptile\n|-supereffective|p2a: Sceptile\n|-damage|p2a: Sceptile|0 fnt\n|-heal|p1a: Yveltal|100\/100|[from] drain|[of] p2a: Sceptile\n|faint|p2a: Sceptile\n|\n|upkeep\n|c| hell20|Sceptile W\n|c| hell20|nooooooooo\n|inactive|walfire has 120 seconds left.\n|\n|t:|1698752123\n|switch|p2a: Salamence|Salamence, F|100\/100\n|-damage|p2a: Salamence|76\/100|[from] Stealth Rock\n|turn|14\n|\n|t:|1698752134\n|move|p2a: Salamence|Defog|p1a: Yveltal\n|-unboost|p1a: Yveltal|evasion|1\n|-sideend|p2: walfire|Stealth Rock|[from] move: Defog|[of] p2a: Salamence\n|move|p1a: Yveltal|Oblivion Wing|p2a: Salamence\n|-damage|p2a: Salamence|20\/100\n|\n|upkeep\n|turn|15\n|c|\u2606Reality_Check56|ah\n|\n|t:|1698752145\n|move|p2a: Salamence|Defog|p1a: Yveltal\n|-unboost|p1a: Yveltal|evasion|1\n|move|p1a: Yveltal|Defog|p2a: Salamence\n|-unboost|p2a: Salamence|evasion|1\n|\n|upkeep\n|turn|16\n|\n|t:|1698752155\n|move|p2a: Salamence|Defog|p1a: Yveltal\n|-unboost|p1a: Yveltal|evasion|1\n|move|p1a: Yveltal|Oblivion Wing|p2a: Salamence\n|-crit|p2a: Salamence\n|-damage|p2a: Salamence|0 fnt\n|faint|p2a: Salamence\n|\n|upkeep\n|inactive|walfire has 120 seconds left.\n|j| AesirEcho\n|c| hell20|????????\n|c| hell20|????\n|\n|t:|1698752174\n|switch|p2a: Sharpedo|Sharpedo, F|100\/100\n|turn|17\n|c| hell20|why defog spam???\n|\n|t:|1698752180\n|move|p2a: Sharpedo|Protect|p2a: Sharpedo\n|-singleturn|p2a: Sharpedo|Protect\n|move|p1a: Yveltal|Oblivion Wing|p2a: Sharpedo\n|-activate|p2a: Sharpedo|move: Protect\n|\n|-ability|p2a: Sharpedo|Speed Boost|boost\n|-boost|p2a: Sharpedo|spe|1\n|upkeep\n|turn|18\n|c| hell20|wtf\n|c| hell20|Reality_Check56\n|inactive|Reality_Check56 has 90 seconds left.\n|\n|t:|1698752196\n|move|p2a: Sharpedo|Waterfall|p1a: Yveltal\n|-damage|p1a: Yveltal|53\/100\n|-damage|p2a: Sharpedo|91\/100|[from] item: Life Orb\n|move|p1a: Yveltal|Oblivion Wing|p2a: Sharpedo\n|-damage|p2a: Sharpedo|0 fnt\n|-heal|p1a: Yveltal|100\/100|[from] drain|[of] p2a: Sharpedo\n|faint|p2a: Sharpedo\n|\n|upkeep\n|c| hell20|why did they spam defog\n|c|\u2606Reality_Check56|wat\n|c| hell20|do u kno\n|c|\u2606Reality_Check56|idl\n|c|\u2606Reality_Check56|idk\n|\n|t:|1698752206\n|switch|p2a: Metagross|Metagross, shiny|100\/100\n|turn|19\n|c| hell20|beuh\n|\n|t:|1698752212\n|-terastallize|p2a: Metagross|Flying\n|move|p1a: Yveltal|Oblivion Wing|p2a: Metagross\n|-damage|p2a: Metagross|52\/100\n|move|p2a: Metagross|Power-Up Punch|p1a: Yveltal\n|-damage|p1a: Yveltal|83\/100\n|-boost|p2a: Metagross|atk|1\n|-damage|p2a: Metagross|42\/100|[from] item: Life Orb\n|\n|upkeep\n|turn|20\n|inactive|Reality_Check56 has 90 seconds left.\n|c|\u2606Reality_Check56|\u0410\u0429\u041a \u041a\u0413\u042b\u042b\u0428\u0424\n|\n|t:|1698752234\n|move|p1a: Yveltal|Oblivion Wing|p2a: Metagross\n|-damage|p2a: Metagross|0 fnt\n|-heal|p1a: Yveltal|100\/100|[from] drain|[of] p2a: Metagross\n|faint|p2a: Metagross\n|\n|upkeep\n|c| hell20|bro was winning then he lost to some obscure thought process\n|j| greninjas husband\n|c| hell20|bruh bruh\n|\n|t:|1698752242\n|switch|p2a: Zangoose|Zangoose, F|100\/100\n|turn|21\n|c|\u2606Reality_Check56|\u043d\u0443\u0444\n|l| greninjas husband\n|inactive|Reality_Check56 has 90 seconds left.\n|c|\u2606Reality_Check56|\u0410\u0443\u0444\u043a \u041f\u0433\u0448\u0432\u0443\u044b \u0435\u0440\u0443 \u0440\u0443\u0444\u043a\u0435 \u0448\u0442 \u0435\u043a\u0433\u0449\u0438\u0434\u0443 \u0444\u0442\u0432 \u0446\u0440\u0443\u0442 \u0442\u0449\u0435 \u0421\u0449\u0442\u0435\u043a\u0449\u0434\u0443\u0432 \u0434\u0443\u0444\u0432\u044b \u0435\u0449 \u0430\u0444\u0434\u0448\u0433\u043a\u0443\n|\n|t:|1698752272\n|move|p1a: Yveltal|Oblivion Wing|p2a: Zangoose\n|-damage|p2a: Zangoose|30\/100\n|move|p2a: Zangoose|Double-Edge|p1a: Yveltal\n|-damage|p1a: Yveltal|49\/100\n|-damage|p2a: Zangoose|7\/100|[from] Recoil\n|-enditem|p2a: Zangoose|Salac Berry|[eat]\n|-boost|p2a: Zangoose|spe|1|[from] item: Salac Berry\n|\n|upkeep\n|turn|22\n|\n|t:|1698752285\n|move|p2a: Zangoose|Double-Edge|p1a: Yveltal\n|-damage|p1a: Yveltal|0 fnt\n|faint|p1a: Yveltal\n|-damage|p2a: Zangoose|0 fnt|[from] Recoil\n|faint|p2a: Zangoose\n|\n|upkeep\n|inactive|Reality_Check56 has 90 seconds left.\n|\n|t:|1698752293\n|switch|p1a: Necrozma|Necrozma-Dusk-Mane|100\/100\n|switch|p2a: Blaziken|Blaziken, F|100\/100\n|turn|23\n|\n|t:|1698752298\n|detailschange|p2a: Blaziken|Blaziken-Mega, F\n|-mega|p2a: Blaziken|Blaziken|Blazikenite\n|move|p2a: Blaziken|Blaze Kick|p1a: Necrozma\n|-supereffective|p1a: Necrozma\n|-damage|p1a: Necrozma|31\/100\n|-status|p1a: Necrozma|brn\n|move|p1a: Necrozma|Sunsteel Strike|p2a: Blaziken\n|-resisted|p2a: Blaziken\n|-crit|p2a: Blaziken\n|-damage|p2a: Blaziken|67\/100\n|\n|-damage|p1a: Necrozma|25\/100 brn|[from] brn\n|-ability|p2a: Blaziken|Speed Boost|boost\n|-boost|p2a: Blaziken|spe|1\n|upkeep\n|turn|24\n|c| hell20|oh\n|c|\u2606Reality_Check56|\u041f\u043f\n|c| hell20|the turntables\n|\n|t:|1698752311\n|move|p2a: Blaziken|Knock Off|p1a: Necrozma\n|-supereffective|p1a: Necrozma\n|-damage|p1a: Necrozma|0 fnt\n|faint|p1a: Necrozma\n|\n|win|walfire\n|raw|Reality_Check56's rating: 1081 &rarr; <strong>1060<\/strong><br \/>(-21 for losing)\n|raw|walfire's rating: 1093 &rarr; <strong>1118<\/strong><br \/>(+25 for winning)\n|c| hell20|are so intense\n","uploadtime":1698752317,"views":4,"p1id":"realitycheck56","p2id":"walfire","formatid":"gen9nationaldexubers","rating":1060,"private":0,"password":""}