{"id":"gen9nationaldexubers-1978080479","p1":"NeonJolteonWasUsed","p2":"85792195wwww","format":"[Gen 9] National Dex Ubers","log":"|j|\u2606NeonJolteonWasUsed\n|j|\u260685792195wwww\n|t:|1698496404\n|gametype|singles\n|player|p1|NeonJolteonWasUsed|tourist|1742\n|player|p2|85792195wwww|lady|1829\n|teamsize|p1|6\n|teamsize|p2|6\n|gen|9\n|tier|[Gen 9] National Dex Ubers\n|rated|\n|rule|HP Percentage Mod: HP is shown in percentages\n|rule|Endless Battle Clause: Forcing endless battles is banned\n|rule|OHKO Clause: OHKO moves are banned\n|rule|Evasion Moves Clause: Evasion moves are banned\n|rule|Evasion Items Clause: Evasion items are banned\n|rule|Species Clause: Limit one of each Pok\u00e9mon\n|rule|Sleep Clause Mod: Limit one foe put to sleep\n|rule|Mega Rayquaza Clause: You cannot mega evolve Rayquaza\n|clearpoke\n|poke|p1|Kyurem-Black|\n|poke|p1|Xerneas-*|\n|poke|p1|Ho-Oh|\n|poke|p1|Magearna|\n|poke|p1|Groudon|\n|poke|p1|Arceus-Dark|\n|poke|p2|Xerneas-*|\n|poke|p2|Groudon|\n|poke|p2|Calyrex-Ice|\n|poke|p2|Krookodile, M|\n|poke|p2|Zacian-*|\n|poke|p2|Arceus|\n|teampreview\n|inactive|Battle timer is ON: inactive players will automatically lose when time's up. (requested by NeonJolteonWasUsed)\n|\n|t:|1698496419\n|start\n|switch|p1a: Kyurem|Kyurem-Black|100\/100\n|switch|p2a: Krookodile|Krookodile, M|100\/100\n|-ability|p1a: Kyurem|Teravolt\n|-ability|p2a: Krookodile|Intimidate|boost\n|-unboost|p1a: Kyurem|atk|1\n|turn|1\n|\n|t:|1698496428\n|switch|p2a: Calyrex|Calyrex-Ice|100\/100\n|-ability|p2a: Calyrex|As One\n|-ability|p2a: Calyrex|Unnerve\n|move|p1a: Kyurem|Icicle Spear|p2a: Calyrex\n|-resisted|p2a: Calyrex\n|-damage|p2a: Calyrex|96\/100\n|-resisted|p2a: Calyrex\n|-damage|p2a: Calyrex|93\/100\n|-resisted|p2a: Calyrex\n|-damage|p2a: Calyrex|88\/100\n|-resisted|p2a: Calyrex\n|-damage|p2a: Calyrex|84\/100\n|-resisted|p2a: Calyrex\n|-damage|p2a: Calyrex|81\/100\n|-hitcount|p2a: Calyrex|5\n|\n|upkeep\n|turn|2\n|\n|t:|1698496444\n|switch|p1a: Arceus|Arceus-Dark|100\/100\n|switch|p2a: Krookodile|Krookodile, M|100\/100\n|-ability|p2a: Krookodile|Intimidate|boost\n|-unboost|p1a: Arceus|atk|1\n|\n|upkeep\n|turn|3\n|\n|t:|1698496452\n|move|p1a: Arceus|Taunt|p2a: Krookodile\n|-start|p2a: Krookodile|move: Taunt\n|move|p2a: Krookodile|Bulldoze|p1a: Arceus\n|-damage|p1a: Arceus|85\/100\n|-unboost|p1a: Arceus|spe|1\n|\n|upkeep\n|turn|4\n|\n|t:|1698496460\n|switch|p2a: Zacian|Zacian-Crowned|100\/100\n|-ability|p2a: Zacian|Intrepid Sword|boost\n|-boost|p2a: Zacian|atk|1\n|move|p1a: Arceus|Toxic|p2a: Zacian\n|-immune|p2a: Zacian\n|\n|upkeep\n|turn|5\n|\n|t:|1698496468\n|switch|p1a: Groudon|Groudon|100\/100\n|detailschange|p1a: Groudon|Groudon-Primal\n|-primal|p1a: Groudon|Red Orb\n|-weather|DesolateLand|[from] ability: Desolate Land|[of] p1a: Groudon\n|move|p2a: Zacian|Swords Dance|p2a: Zacian\n|-boost|p2a: Zacian|atk|2\n|\n|-weather|DesolateLand|[upkeep]\n|upkeep\n|turn|6\n|\n|t:|1698496477\n|-terastallize|p2a: Zacian|Ground\n|move|p2a: Zacian|Tera Blast|p1a: Groudon|[anim] Tera Blast Ground\n|-supereffective|p1a: Groudon\n|-damage|p1a: Groudon|0 fnt\n|faint|p1a: Groudon\n|-weather|none\n|\n|upkeep\n|\n|t:|1698496483\n|switch|p1a: Ho-Oh|Ho-Oh|100\/100\n|turn|7\n|\n|t:|1698496486\n|move|p2a: Zacian|Behemoth Blade|p1a: Ho-Oh\n|-resisted|p1a: Ho-Oh\n|-damage|p1a: Ho-Oh|31\/100\n|move|p1a: Ho-Oh|Sacred Fire|p2a: Zacian\n|-damage|p2a: Zacian|48\/100\n|-status|p2a: Zacian|brn\n|\n|-damage|p2a: Zacian|41\/100 brn|[from] brn\n|upkeep\n|turn|8\n|\n|t:|1698496497\n|switch|p1a: Arceus|Arceus-Dark|85\/100\n|move|p2a: Zacian|Behemoth Blade|p1a: Arceus\n|-damage|p1a: Arceus|43\/100\n|\n|-damage|p2a: Zacian|35\/100 brn|[from] brn\n|upkeep\n|turn|9\n|j| utsudere\n|j| Baemaxx3\n|\n|t:|1698496506\n|move|p2a: Zacian|Behemoth Blade|p1a: Arceus\n|-damage|p1a: Arceus|3\/100\n|move|p1a: Arceus|Recover|p1a: Arceus\n|-heal|p1a: Arceus|53\/100\n|\n|-damage|p2a: Zacian|29\/100 brn|[from] brn\n|upkeep\n|turn|10\n|l| utsudere\n|\n|t:|1698496517\n|move|p2a: Zacian|Swords Dance|p2a: Zacian\n|-boost|p2a: Zacian|atk|2\n|move|p1a: Arceus|Recover|p1a: Arceus\n|-heal|p1a: Arceus|100\/100\n|\n|-damage|p2a: Zacian|23\/100 brn|[from] brn\n|upkeep\n|turn|11\n|l| Baemaxx3\n|j| utsudere\n|\n|t:|1698496525\n|move|p2a: Zacian|Behemoth Blade|p1a: Arceus\n|-damage|p1a: Arceus|42\/100\n|move|p1a: Arceus|Foul Play|p2a: Zacian\n|-damage|p2a: Zacian|0 fnt\n|faint|p2a: Zacian\n|\n|upkeep\n|l| utsudere\n|\n|t:|1698496540\n|switch|p2a: Xerneas|Xerneas|100\/100\n|-ability|p2a: Xerneas|Fairy Aura\n|turn|12\n|\n|t:|1698496545\n|switch|p1a: Magearna|Magearna|100\/100\n|move|p2a: Xerneas|Moonblast|p1a: Magearna\n|-resisted|p1a: Magearna\n|-damage|p1a: Magearna|77\/100\n|-unboost|p1a: Magearna|spa|1\n|\n|upkeep\n|turn|13\n|\n|t:|1698496554\n|move|p2a: Xerneas|Moonblast|p1a: Magearna\n|-resisted|p1a: Magearna\n|-damage|p1a: Magearna|55\/100\n|move|p1a: Magearna|Spikes|p2a: Xerneas\n|-sidestart|p2: 85792195wwww|Spikes\n|\n|upkeep\n|turn|14\n|\n|t:|1698496564\n|move|p2a: Xerneas|Moonblast|p1a: Magearna\n|-resisted|p1a: Magearna\n|-damage|p1a: Magearna|33\/100\n|move|p1a: Magearna|Volt Switch|p2a: Xerneas\n|-damage|p2a: Xerneas|90\/100\n|\n|t:|1698496567\n|switch|p1a: Ho-Oh|Ho-Oh|64\/100|[from] Volt Switch\n|\n|upkeep\n|turn|15\n|\n|t:|1698496575\n|move|p2a: Xerneas|Hidden Power|p1a: Ho-Oh\n|-supereffective|p1a: Ho-Oh\n|-damage|p1a: Ho-Oh|11\/100\n|move|p1a: Ho-Oh|Brave Bird|p2a: Xerneas\n|-damage|p2a: Xerneas|44\/100\n|-damage|p1a: Ho-Oh|0 fnt|[from] Recoil\n|faint|p1a: Ho-Oh\n|\n|upkeep\n|\n|t:|1698496585\n|switch|p1a: Xerneas|Xerneas|100\/100\n|-ability|p1a: Xerneas|Fairy Aura\n|turn|16\n|\n|t:|1698496591\n|move|p1a: Xerneas|Moonblast|p2a: Xerneas\n|-damage|p2a: Xerneas|0 fnt\n|faint|p2a: Xerneas\n|\n|upkeep\n|\n|t:|1698496599\n|switch|p2a: Groudon|Groudon|100\/100\n|-damage|p2a: Groudon|88\/100|[from] Spikes\n|detailschange|p2a: Groudon|Groudon-Primal\n|-primal|p2a: Groudon|Red Orb\n|-weather|DesolateLand|[from] ability: Desolate Land|[of] p2a: Groudon\n|turn|17\n|\n|t:|1698496606\n|switch|p1a: Magearna|Magearna|33\/100\n|move|p2a: Groudon|Heat Crash|p1a: Magearna\n|-supereffective|p1a: Magearna\n|-damage|p1a: Magearna|0 fnt\n|faint|p1a: Magearna\n|\n|-weather|DesolateLand|[upkeep]\n|upkeep\n|\n|t:|1698496608\n|switch|p1a: Arceus|Arceus-Dark|42\/100\n|turn|18\n|\n|t:|1698496616\n|move|p1a: Arceus|Recover|p1a: Arceus\n|-heal|p1a: Arceus|92\/100\n|move|p2a: Groudon|Heat Crash|p1a: Arceus\n|-damage|p1a: Arceus|44\/100\n|\n|-weather|DesolateLand|[upkeep]\n|upkeep\n|turn|19\n|\n|t:|1698496623\n|move|p1a: Arceus|Recover|p1a: Arceus\n|-heal|p1a: Arceus|94\/100\n|move|p2a: Groudon|Heat Crash|p1a: Arceus\n|-damage|p1a: Arceus|46\/100\n|\n|-weather|DesolateLand|[upkeep]\n|upkeep\n|turn|20\n|\n|t:|1698496629\n|move|p1a: Arceus|Recover|p1a: Arceus\n|-heal|p1a: Arceus|96\/100\n|move|p2a: Groudon|Heat Crash|p1a: Arceus\n|-damage|p1a: Arceus|50\/100\n|\n|-weather|DesolateLand|[upkeep]\n|upkeep\n|turn|21\n|\n|t:|1698496637\n|-weather|none\n|switch|p2a: Krookodile|Krookodile, M|100\/100\n|-damage|p2a: Krookodile|88\/100|[from] Spikes\n|-ability|p2a: Krookodile|Intimidate|boost\n|-unboost|p1a: Arceus|atk|1\n|move|p1a: Arceus|Recover|p1a: Arceus\n|-heal|p1a: Arceus|99\/100\n|\n|upkeep\n|turn|22\n|\n|t:|1698496647\n|move|p1a: Arceus|Taunt|p2a: Krookodile\n|-start|p2a: Krookodile|move: Taunt\n|move|p2a: Krookodile|Bulldoze|p1a: Arceus\n|-damage|p1a: Arceus|82\/100\n|-unboost|p1a: Arceus|spe|1\n|\n|upkeep\n|turn|23\n|\n|t:|1698496656\n|move|p2a: Krookodile|Bulldoze|p1a: Arceus\n|-damage|p1a: Arceus|66\/100\n|-unboost|p1a: Arceus|spe|1\n|move|p1a: Arceus|Foul Play|p2a: Krookodile\n|-resisted|p2a: Krookodile\n|-crit|p2a: Krookodile\n|-damage|p2a: Krookodile|35\/100\n|\n|upkeep\n|turn|24\n|\n|t:|1698496666\n|move|p2a: Krookodile|Bulldoze|p1a: Arceus\n|-damage|p1a: Arceus|51\/100\n|-unboost|p1a: Arceus|spe|1\n|move|p1a: Arceus|Recover|p1a: Arceus\n|-heal|p1a: Arceus|100\/100\n|\n|-end|p2a: Krookodile|move: Taunt\n|upkeep\n|turn|25\n|\n|t:|1698496676\n|move|p2a: Krookodile|Stealth Rock|p1a: Arceus\n|-sidestart|p1: NeonJolteonWasUsed|move: Stealth Rock\n|move|p1a: Arceus|Foul Play|p2a: Krookodile\n|-resisted|p2a: Krookodile\n|-damage|p2a: Krookodile|0 fnt\n|faint|p2a: Krookodile\n|\n|upkeep\n|\n|t:|1698496693\n|switch|p2a: Groudon|Groudon-Primal|88\/100\n|-damage|p2a: Groudon|76\/100|[from] Spikes\n|-weather|DesolateLand|[from] ability: Desolate Land|[of] p2a: Groudon\n|turn|26\n|\n|t:|1698496699\n|move|p2a: Groudon|Heat Crash|p1a: Arceus\n|-damage|p1a: Arceus|54\/100\n|move|p1a: Arceus|Foul Play|p2a: Groudon\n|-damage|p2a: Groudon|22\/100\n|\n|-weather|DesolateLand|[upkeep]\n|upkeep\n|turn|27\n|\n|t:|1698496706\n|move|p2a: Groudon|Heat Crash|p1a: Arceus\n|-damage|p1a: Arceus|5\/100\n|move|p1a: Arceus|Foul Play|p2a: Groudon\n|-damage|p2a: Groudon|0 fnt\n|faint|p2a: Groudon\n|-weather|none\n|\n|upkeep\n|\n|t:|1698496714\n|switch|p2a: Calyrex|Calyrex-Ice|81\/100\n|-ability|p2a: Calyrex|As One\n|-ability|p2a: Calyrex|Unnerve\n|turn|28\n|\n|t:|1698496723\n|move|p2a: Calyrex|Glacial Lance|p1a: Arceus\n|-damage|p1a: Arceus|0 fnt\n|faint|p1a: Arceus\n|-ability|p2a: Calyrex|Chilling Neigh|boost\n|-boost|p2a: Calyrex|atk|1\n|\n|upkeep\n|\n|t:|1698496726\n|switch|p1a: Xerneas|Xerneas|100\/100\n|-damage|p1a: Xerneas|88\/100|[from] Stealth Rock\n|-ability|p1a: Xerneas|Fairy Aura\n|turn|29\n|\n|t:|1698496736\n|-terastallize|p1a: Xerneas|Fairy\n|move|p1a: Xerneas|Moonblast|p2a: Calyrex\n|-damage|p2a: Calyrex|5\/100\n|move|p2a: Calyrex|Glacial Lance|p1a: Xerneas\n|-damage|p1a: Xerneas|0 fnt\n|faint|p1a: Xerneas\n|-ability|p2a: Calyrex|Chilling Neigh|boost\n|-boost|p2a: Calyrex|atk|1\n|\n|upkeep\n|\n|t:|1698496745\n|switch|p1a: Kyurem|Kyurem-Black|100\/100\n|-damage|p1a: Kyurem|76\/100|[from] Stealth Rock\n|-ability|p1a: Kyurem|Teravolt\n|turn|30\n|\n|t:|1698496752\n|move|p1a: Kyurem|Icicle Spear|p2a: Calyrex\n|-resisted|p2a: Calyrex\n|-damage|p2a: Calyrex|0 fnt\n|faint|p2a: Calyrex\n|-hitcount|p2: Calyrex|1\n|\n|upkeep\n|\n|t:|1698496757\n|switch|p2a: Arceus|Arceus|100\/100\n|-damage|p2a: Arceus|88\/100|[from] Spikes\n|turn|31\n|\n|t:|1698496762\n|move|p2a: Arceus|Swords Dance|p2a: Arceus\n|-boost|p2a: Arceus|atk|2\n|move|p1a: Kyurem|Icicle Spear|p2a: Arceus\n|-damage|p2a: Arceus|76\/100\n|-damage|p2a: Arceus|64\/100\n|-crit|p2a: Arceus\n|-damage|p2a: Arceus|45\/100\n|-damage|p2a: Arceus|34\/100\n|-damage|p2a: Arceus|22\/100\n|-hitcount|p2a: Arceus|5\n|\n|upkeep\n|turn|32\n|\n|t:|1698496773\n|move|p2a: Arceus|Extreme Speed|p1a: Kyurem\n|-damage|p1a: Kyurem|0 fnt\n|faint|p1a: Kyurem\n|-damage|p2a: Arceus|12\/100|[from] item: Life Orb\n|\n|win|85792195wwww\n|raw|NeonJolteonWasUsed's rating: 1742 &rarr; <strong>1727<\/strong><br \/>(-15 for losing)\n|raw|85792195wwww's rating: 1829 &rarr; <strong>1844<\/strong><br \/>(+15 for winning)\n|l|\u2606NeonJolteonWasUsed\n|l|\u260685792195wwww\n","uploadtime":1698496781,"views":10,"p1id":"neonjolteonwasused","p2id":"85792195wwww","formatid":"gen9nationaldexubers","rating":1727,"private":0,"password":""}