{"id":"gen9nationaldexubers-1998655382","p1":"ndou\u6389\u5206\u84dd\u67d0\u4fa0996","p2":"if canot","format":"[Gen 9] National Dex Ubers","log":"|j|\u2606ndou\u6389\u5206\u84dd\u67d0\u4fa0996\n|j|\u2606if canot\n|t:|1700968278\n|gametype|singles\n|player|p1|ndou\u6389\u5206\u84dd\u67d0\u4fa0996|hilbert|\n|player|p2|if canot|1|\n|teamsize|p1|6\n|teamsize|p2|6\n|gen|9\n|tier|[Gen 9] National Dex Ubers\n|rule|HP Percentage Mod: HP is shown in percentages\n|rule|Endless Battle Clause: Forcing endless battles is banned\n|rule|OHKO Clause: OHKO moves are banned\n|rule|Evasion Moves Clause: Evasion moves are banned\n|rule|Evasion Items Clause: Evasion items are banned\n|rule|Species Clause: Limit one of each Pok\u00e9mon\n|rule|Sleep Clause Mod: Limit one foe put to sleep\n|rule|Mega Rayquaza Clause: You cannot mega evolve Rayquaza\n|clearpoke\n|poke|p1|Dondozo, M|\n|poke|p1|Clodsire, M|\n|poke|p1|Skeledirge, F|\n|poke|p1|Dragonite, M|\n|poke|p1|Yveltal|\n|poke|p1|Blastoise, M|\n|poke|p2|Hatterene, F|\n|poke|p2|Porygon2|\n|poke|p2|Cresselia, F|\n|poke|p2|Ursaluna-Bloodmoon, M|\n|poke|p2|Melmetal|\n|poke|p2|Hoopa-Unbound|\n|teampreview\n|inactive|Battle timer is ON: inactive players will automatically lose when time's up. (requested by if canot)\n|\n|t:|1700968289\n|start\n|switch|p1a: \u6211\u8981\u5403\u996d|Yveltal|100\/100\n|switch|p2a: Hoopa|Hoopa-Unbound|100\/100\n|-ability|p1a: \u6211\u8981\u5403\u996d|Dark Aura\n|turn|1\n|\n|t:|1700968302\n|switch|p1a: \u80a5\u5927\u597d\u62f3|Dragonite, M|100\/100\n|switch|p2a: Porygon2|Porygon2|100\/100\n|-ability|p2a: Porygon2|Multiscale|[from] ability: Trace|[of] p1a: \u80a5\u5927\u597d\u62f3\n|\n|upkeep\n|turn|2\n|\n|t:|1700968309\n|switch|p1a: \u6211\u8981\u5403\u996d|Yveltal|100\/100\n|-ability|p1a: \u6211\u8981\u5403\u996d|Dark Aura\n|move|p2a: Porygon2|Ice Beam|p1a: \u6211\u8981\u5403\u996d\n|-supereffective|p1a: \u6211\u8981\u5403\u996d\n|-damage|p1a: \u6211\u8981\u5403\u996d|65\/100\n|\n|upkeep\n|turn|3\n|\n|t:|1700968318\n|-terastallize|p1a: \u6211\u8981\u5403\u996d|Dark\n|move|p1a: \u6211\u8981\u5403\u996d|Knock Off|p2a: Porygon2\n|-damage|p2a: Porygon2|77\/100\n|-enditem|p2a: Porygon2|Eviolite|[from] move: Knock Off|[of] p1a: \u6211\u8981\u5403\u996d\n|move|p2a: Porygon2|Ice Beam|p1a: \u6211\u8981\u5403\u996d\n|-damage|p1a: \u6211\u8981\u5403\u996d|48\/100\n|-status|p1a: \u6211\u8981\u5403\u996d|frz\n|\n|upkeep\n|turn|4\n|\n|t:|1700968323\n|switch|p1a: \u80a5\u5927\u597d\u62f3|Dragonite, M|100\/100\n|move|p2a: Porygon2|Trick Room|p2a: Porygon2\n|-fieldstart|move: Trick Room|[of] p2a: Porygon2\n|\n|upkeep\n|turn|5\n|c|\u2606if canot|\u597d\u5175\n|\n|t:|1700968331\n|move|p1a: \u80a5\u5927\u597d\u62f3|Heal Bell|p1a: \u80a5\u5927\u597d\u62f3\n|-activate|p1a: \u80a5\u5927\u597d\u62f3|move: Heal Bell\n|-curestatus|p1: \u6211\u8981\u5403\u996d|frz|[msg]\n|move|p2a: Porygon2|Teleport|p2a: Porygon2\n|\n|t:|1700968338\n|switch|p2a: Ursaluna|Ursaluna-Bloodmoon, M|100\/100|[from] Teleport\n|\n|upkeep\n|turn|6\n|\n|t:|1700968344\n|switch|p1a: \u9f9f\u54aa|Blastoise, M, shiny|100\/100\n|move|p2a: Ursaluna|Calm Mind|p2a: Ursaluna\n|-boost|p2a: Ursaluna|spa|1\n|-boost|p2a: Ursaluna|spd|1\n|\n|upkeep\n|turn|7\n|\n|t:|1700968352\n|detailschange|p1a: \u9f9f\u54aa|Blastoise-Mega, M, shiny\n|-mega|p1a: \u9f9f\u54aa|Blastoise|Blastoisinite\n|-terastallize|p2a: Ursaluna|Normal\n|move|p2a: Ursaluna|Blood Moon|p1a: \u9f9f\u54aa\n|-damage|p1a: \u9f9f\u54aa|0 fnt\n|faint|p1a: \u9f9f\u54aa\n|\n|upkeep\n|\n|t:|1700968356\n|switch|p1a: \u7259?|Clodsire, M|100\/100\n|turn|8\n|\n|t:|1700968365\n|move|p1a: \u7259?|Amnesia|p1a: \u7259?\n|-boost|p1a: \u7259?|spd|2\n|move|p2a: Ursaluna|Taunt|p1a: \u7259?\n|-start|p1a: \u7259?|move: Taunt\n|\n|-fieldend|move: Trick Room\n|upkeep\n|turn|9\n|\n|t:|1700968369\n|move|p2a: Ursaluna|Calm Mind|p2a: Ursaluna\n|-boost|p2a: Ursaluna|spa|1\n|-boost|p2a: Ursaluna|spd|1\n|move|p1a: \u7259?|Earthquake|p2a: Ursaluna\n|-damage|p2a: Ursaluna|83\/100\n|\n|-heal|p2a: Ursaluna|89\/100|[from] item: Leftovers\n|upkeep\n|turn|10\n|\n|t:|1700968378\n|move|p2a: Ursaluna|Earth Power|p1a: \u7259?\n|-supereffective|p1a: \u7259?\n|-damage|p1a: \u7259?|73\/100\n|move|p1a: \u7259?|Earthquake|p2a: Ursaluna\n|-damage|p2a: Ursaluna|72\/100\n|\n|-heal|p2a: Ursaluna|78\/100|[from] item: Leftovers\n|-heal|p1a: \u7259?|79\/100|[from] item: Leftovers\n|upkeep\n|turn|11\n|c|\u2606ndou\u6389\u5206\u84dd\u67d0\u4fa0996|\u7eaf\u6734\u4e3a\u8c01\u800c\u6765\n|\n|t:|1700968387\n|move|p2a: Ursaluna|Earth Power|p1a: \u7259?\n|-supereffective|p1a: \u7259?\n|-damage|p1a: \u7259?|50\/100\n|move|p1a: \u7259?|Earthquake|p2a: Ursaluna\n|-damage|p2a: Ursaluna|61\/100\n|\n|-heal|p2a: Ursaluna|67\/100|[from] item: Leftovers\n|-heal|p1a: \u7259?|57\/100|[from] item: Leftovers\n|-end|p1a: \u7259?|move: Taunt\n|upkeep\n|turn|12\n|\n|t:|1700968405\n|move|p2a: Ursaluna|Taunt|p1a: \u7259?\n|-start|p1a: \u7259?|move: Taunt\n|move|p1a: \u7259?|Earthquake|p2a: Ursaluna\n|-damage|p2a: Ursaluna|49\/100\n|\n|-heal|p2a: Ursaluna|55\/100|[from] item: Leftovers\n|-heal|p1a: \u7259?|63\/100|[from] item: Leftovers\n|upkeep\n|turn|13\n|\n|t:|1700968413\n|switch|p1a: \u80a5\u5927\u597d\u62f3|Dragonite, M|100\/100\n|move|p2a: Ursaluna|Blood Moon|p1a: \u80a5\u5927\u597d\u62f3\n|-damage|p1a: \u80a5\u5927\u597d\u62f3|14\/100\n|\n|-heal|p2a: Ursaluna|61\/100|[from] item: Leftovers\n|upkeep\n|turn|14\n|\n|t:|1700968424\n|move|p1a: \u80a5\u5927\u597d\u62f3|Thunder Wave|p2a: Ursaluna\n|-status|p2a: Ursaluna|par\n|move|p2a: Ursaluna|Calm Mind|p2a: Ursaluna\n|-boost|p2a: Ursaluna|spa|1\n|-boost|p2a: Ursaluna|spd|1\n|\n|-heal|p2a: Ursaluna|67\/100 par|[from] item: Leftovers\n|upkeep\n|turn|15\n|\n|t:|1700968432\n|move|p1a: \u80a5\u5927\u597d\u62f3|Roost|p1a: \u80a5\u5927\u597d\u62f3\n|-heal|p1a: \u80a5\u5927\u597d\u62f3|64\/100\n|-singleturn|p1a: \u80a5\u5927\u597d\u62f3|move: Roost\n|move|p2a: Ursaluna|Blood Moon|p1a: \u80a5\u5927\u597d\u62f3\n|-damage|p1a: \u80a5\u5927\u597d\u62f3|0 fnt\n|faint|p1a: \u80a5\u5927\u597d\u62f3\n|\n|-heal|p2a: Ursaluna|73\/100 par|[from] item: Leftovers\n|upkeep\n|\n|t:|1700968441\n|switch|p1a: \u7259?|Clodsire, M|63\/100\n|turn|16\n|\n|t:|1700968450\n|move|p1a: \u7259?|Recover|p1a: \u7259?\n|-heal|p1a: \u7259?|100\/100\n|move|p2a: Ursaluna|Taunt|p1a: \u7259?\n|-start|p1a: \u7259?|move: Taunt\n|\n|-heal|p2a: Ursaluna|79\/100 par|[from] item: Leftovers\n|upkeep\n|turn|17\n|\n|t:|1700968457\n|move|p1a: \u7259?|Earthquake|p2a: Ursaluna\n|-damage|p2a: Ursaluna|61\/100 par\n|move|p2a: Ursaluna|Blood Moon|p1a: \u7259?\n|-damage|p1a: \u7259?|39\/100\n|\n|-heal|p1a: \u7259?|46\/100|[from] item: Leftovers\n|-heal|p2a: Ursaluna|67\/100 par|[from] item: Leftovers\n|upkeep\n|turn|18\n|\n|t:|1700968466\n|switch|p1a: \u4e11\u9738\u4e0d\u6b7b|Dondozo, M|100\/100\n|move|p2a: Ursaluna|Earth Power|p1a: \u4e11\u9738\u4e0d\u6b7b\n|-damage|p1a: \u4e11\u9738\u4e0d\u6b7b|53\/100\n|-unboost|p1a: \u4e11\u9738\u4e0d\u6b7b|spd|1\n|\n|-heal|p2a: Ursaluna|73\/100 par|[from] item: Leftovers\n|upkeep\n|turn|19\n|\n|t:|1700968473\n|move|p1a: \u4e11\u9738\u4e0d\u6b7b|Liquidation|p2a: Ursaluna\n|-damage|p2a: Ursaluna|52\/100 par\n|-unboost|p2a: Ursaluna|def|1\n|move|p2a: Ursaluna|Blood Moon|p1a: \u4e11\u9738\u4e0d\u6b7b\n|-damage|p1a: \u4e11\u9738\u4e0d\u6b7b|0 fnt\n|faint|p1a: \u4e11\u9738\u4e0d\u6b7b\n|\n|-heal|p2a: Ursaluna|58\/100 par|[from] item: Leftovers\n|upkeep\n|\n|t:|1700968477\n|switch|p1a: \u6211\u8981\u5403\u996d|Yveltal, tera:Dark|48\/100\n|-ability|p1a: \u6211\u8981\u5403\u996d|Dark Aura\n|turn|20\n|\n|t:|1700968497\n|move|p1a: \u6211\u8981\u5403\u996d|Knock Off|p2a: Ursaluna\n|-crit|p2a: Ursaluna\n|-damage|p2a: Ursaluna|0 fnt\n|-enditem|p2a: Ursaluna|Leftovers|[from] move: Knock Off|[of] p1a: \u6211\u8981\u5403\u996d\n|faint|p2a: Ursaluna\n|\n|upkeep\n|\n|t:|1700968505\n|switch|p2a: Porygon2|Porygon2|77\/100\n|-ability|p2a: Porygon2|Dark Aura\n|-ability|p2a: Porygon2|Dark Aura|[from] ability: Trace|[of] p1a: \u6211\u8981\u5403\u996d\n|turn|21\n|\n|t:|1700968509\n|move|p1a: \u6211\u8981\u5403\u996d|Roost|p1a: \u6211\u8981\u5403\u996d\n|-heal|p1a: \u6211\u8981\u5403\u996d|98\/100\n|move|p2a: Porygon2|Trick Room|p2a: Porygon2\n|-fieldstart|move: Trick Room|[of] p2a: Porygon2\n|\n|upkeep\n|turn|22\n|\n|t:|1700968515\n|move|p1a: \u6211\u8981\u5403\u996d|Dual Wingbeat|p2a: Porygon2\n|-crit|p2a: Porygon2\n|-damage|p2a: Porygon2|50\/100\n|-damage|p2a: Porygon2|30\/100\n|-hitcount|p2a: Porygon2|2\n|move|p2a: Porygon2|Teleport|p2a: Porygon2\n|\n|t:|1700968518\n|switch|p2a: Melmetal|Melmetal|100\/100|[from] Teleport\n|\n|upkeep\n|turn|23\n|\n|t:|1700968523\n|switch|p1a: \u7259?|Clodsire, M|46\/100\n|move|p2a: Melmetal|Double Iron Bash|p1a: \u7259?\n|-damage|p1a: \u7259?|0 fnt\n|faint|p1a: \u7259?\n|-hitcount|p1: \u7259?|1\n|\n|upkeep\n|\n|t:|1700968526\n|switch|p1a: \u58ee\u58ee\u5988|Skeledirge, F|100\/100\n|turn|24\n|\n|t:|1700968528\n|move|p2a: Melmetal|Double Iron Bash|p1a: \u58ee\u58ee\u5988\n|-resisted|p1a: \u58ee\u58ee\u5988\n|-damage|p1a: \u58ee\u58ee\u5988|80\/100\n|-resisted|p1a: \u58ee\u58ee\u5988\n|-damage|p1a: \u58ee\u58ee\u5988|61\/100\n|-hitcount|p1a: \u58ee\u58ee\u5988|2\n|cant|p1a: \u58ee\u58ee\u5988|flinch\n|\n|upkeep\n|turn|25\n|\n|t:|1700968535\n|move|p2a: Melmetal|Double Iron Bash|p1a: \u58ee\u58ee\u5988\n|-resisted|p1a: \u58ee\u58ee\u5988\n|-damage|p1a: \u58ee\u58ee\u5988|42\/100\n|-resisted|p1a: \u58ee\u58ee\u5988\n|-damage|p1a: \u58ee\u58ee\u5988|22\/100\n|-hitcount|p1a: \u58ee\u58ee\u5988|2\n|move|p1a: \u58ee\u58ee\u5988|Slack Off|p1a: \u58ee\u58ee\u5988\n|-heal|p1a: \u58ee\u58ee\u5988|72\/100\n|\n|-fieldend|move: Trick Room\n|upkeep\n|turn|26\n|\n|t:|1700968544\n|move|p1a: \u58ee\u58ee\u5988|Will-O-Wisp|p2a: Melmetal\n|-status|p2a: Melmetal|brn\n|move|p2a: Melmetal|Double Iron Bash|p1a: \u58ee\u58ee\u5988\n|-resisted|p1a: \u58ee\u58ee\u5988\n|-damage|p1a: \u58ee\u58ee\u5988|62\/100\n|-resisted|p1a: \u58ee\u58ee\u5988\n|-damage|p1a: \u58ee\u58ee\u5988|51\/100\n|-hitcount|p1a: \u58ee\u58ee\u5988|2\n|\n|-damage|p2a: Melmetal|94\/100 brn|[from] brn\n|upkeep\n|turn|27\n|\n|t:|1700968549\n|switch|p2a: Hoopa|Hoopa-Unbound|100\/100\n|move|p1a: \u58ee\u58ee\u5988|Slack Off|p1a: \u58ee\u58ee\u5988\n|-heal|p1a: \u58ee\u58ee\u5988|100\/100\n|\n|upkeep\n|turn|28\n|\n|t:|1700968556\n|move|p1a: \u58ee\u58ee\u5988|Will-O-Wisp|p2a: Hoopa\n|-status|p2a: Hoopa|brn\n|move|p2a: Hoopa|Dark Pulse|p1a: \u58ee\u58ee\u5988\n|-supereffective|p1a: \u58ee\u58ee\u5988\n|-damage|p1a: \u58ee\u58ee\u5988|0 fnt\n|faint|p1a: \u58ee\u58ee\u5988\n|\n|-damage|p2a: Hoopa|94\/100 brn|[from] brn\n|upkeep\n|\n|t:|1700968560\n|switch|p1a: \u6211\u8981\u5403\u996d|Yveltal, tera:Dark|98\/100\n|-ability|p1a: \u6211\u8981\u5403\u996d|Dark Aura\n|turn|29\n|\n|t:|1700968568\n|move|p1a: \u6211\u8981\u5403\u996d|Knock Off|p2a: Hoopa\n|-damage|p2a: Hoopa|0 fnt\n|faint|p2a: Hoopa\n|\n|upkeep\n|\n|t:|1700968573\n|switch|p2a: Hatterene|Hatterene, F|100\/100\n|turn|30\n|\n|t:|1700968579\n|move|p1a: \u6211\u8981\u5403\u996d|Knock Off|p2a: Hatterene\n|-enditem|p2a: Hatterene|Focus Sash\n|-damage|p2a: Hatterene|1\/100\n|move|p2a: Hatterene|Trick Room|p2a: Hatterene\n|-fieldstart|move: Trick Room|[of] p2a: Hatterene\n|\n|upkeep\n|turn|31\n|\n|t:|1700968582\n|move|p1a: \u6211\u8981\u5403\u996d|Sucker Punch|p2a: Hatterene\n|-damage|p2a: Hatterene|0 fnt\n|faint|p2a: Hatterene\n|\n|upkeep\n|\n|t:|1700968586\n|switch|p2a: Cresselia|Cresselia, F|100\/100\n|turn|32\n|\n|t:|1700968590\n|move|p2a: Cresselia|Toxic|p1a: \u6211\u8981\u5403\u996d\n|-status|p1a: \u6211\u8981\u5403\u996d|tox\n|move|p1a: \u6211\u8981\u5403\u996d|Knock Off|p2a: Cresselia\n|-supereffective|p2a: Cresselia\n|-damage|p2a: Cresselia|4\/100\n|-enditem|p2a: Cresselia|Focus Sash|[from] move: Knock Off|[of] p1a: \u6211\u8981\u5403\u996d\n|\n|-damage|p1a: \u6211\u8981\u5403\u996d|92\/100 tox|[from] psn\n|upkeep\n|turn|33\n|\n|t:|1700968601\n|move|p2a: Cresselia|Lunar Dance|p2a: Cresselia\n|faint|p2a: Cresselia\n|move|p1a: \u6211\u8981\u5403\u996d|Dual Wingbeat|p2: Cresselia|[notarget]\n|-fail|p1a: \u6211\u8981\u5403\u996d\n|\n|-damage|p1a: \u6211\u8981\u5403\u996d|80\/100 tox|[from] psn\n|upkeep\n|\n|t:|1700968603\n|switch|p2a: Melmetal|Melmetal|94\/100 brn\n|-heal|p2a: Melmetal|100\/100|[from] move: Lunar Dance\n|turn|34\n|\n|t:|1700968608\n|move|p2a: Melmetal|Superpower|p1a: \u6211\u8981\u5403\u996d\n|-supereffective|p1a: \u6211\u8981\u5403\u996d\n|-damage|p1a: \u6211\u8981\u5403\u996d|0 fnt\n|-unboost|p2a: Melmetal|atk|1\n|-unboost|p2a: Melmetal|def|1\n|faint|p1a: \u6211\u8981\u5403\u996d\n|\n|win|if canot\n","uploadtime":1700968619,"views":9,"p1id":"ndou996","p2id":"ifcanot","formatid":"gen9nationaldexubers","rating":0,"private":0,"password":""}