{"id":"gen9nationaldexubers-2000639833","p1":"vnappy","p2":"wizardofballs","format":"[Gen 9] National Dex Ubers","log":"|j|\u2606vnappy\n|j|\u2606wizardofballs\n|t:|1701213400\n|gametype|singles\n|player|p1|vnappy|acetrainer-gen4dp|1318\n|player|p2|wizardofballs|170|1429\n|teamsize|p1|6\n|teamsize|p2|6\n|gen|9\n|tier|[Gen 9] National Dex Ubers\n|rated|\n|rule|HP Percentage Mod: HP is shown in percentages\n|rule|Endless Battle Clause: Forcing endless battles is banned\n|rule|OHKO Clause: OHKO moves are banned\n|rule|Evasion Moves Clause: Evasion moves are banned\n|rule|Evasion Items Clause: Evasion items are banned\n|rule|Species Clause: Limit one of each Pok\u00e9mon\n|rule|Sleep Clause Mod: Limit one foe put to sleep\n|rule|Mega Rayquaza Clause: You cannot mega evolve Rayquaza\n|clearpoke\n|poke|p1|Blastoise, F|\n|poke|p1|Tyranitar, F|\n|poke|p1|Rhydon, M|\n|poke|p1|Nidoking, M|\n|poke|p1|Dragonite, M|\n|poke|p1|Baxcalibur, M|\n|poke|p2|Arceus|\n|poke|p2|Kyurem-Black|\n|poke|p2|Xerneas-*|\n|poke|p2|Zamazenta-*|\n|poke|p2|Ho-Oh|\n|poke|p2|Kyogre|\n|teampreview\n|inactive|Battle timer is ON: inactive players will automatically lose when time's up. (requested by vnappy)\n|\n|t:|1701213405\n|start\n|switch|p1a: Nidoking|Nidoking, M|100\/100\n|switch|p2a: Arceus|Arceus|100\/100\n|turn|1\n|\n|t:|1701213413\n|move|p2a: Arceus|Calm Mind|p2a: Arceus\n|-boost|p2a: Arceus|spa|1\n|-boost|p2a: Arceus|spd|1\n|move|p1a: Nidoking|Toxic|p2a: Arceus\n|-status|p2a: Arceus|tox\n|\n|-damage|p2a: Arceus|94\/100 tox|[from] psn\n|upkeep\n|turn|2\n|\n|t:|1701213422\n|switch|p1a: Baxcalibur|Baxcalibur, M|100\/100\n|move|p2a: Arceus|Judgment|p1a: Baxcalibur\n|-crit|p1a: Baxcalibur\n|-damage|p1a: Baxcalibur|9\/100\n|\n|-heal|p2a: Arceus|100\/100 tox|[from] item: Leftovers\n|-damage|p2a: Arceus|88\/100 tox|[from] psn\n|upkeep\n|turn|3\n|\n|t:|1701213433\n|move|p1a: Baxcalibur|Ice Shard|p2a: Arceus\n|-damage|p2a: Arceus|73\/100 tox\n|move|p2a: Arceus|Judgment|p1a: Baxcalibur\n|-damage|p1a: Baxcalibur|0 fnt\n|faint|p1a: Baxcalibur\n|\n|-heal|p2a: Arceus|79\/100 tox|[from] item: Leftovers\n|-damage|p2a: Arceus|61\/100 tox|[from] psn\n|upkeep\n|\n|t:|1701213440\n|switch|p1a: Tyranitar|Tyranitar, F|100\/100\n|-weather|Sandstorm|[from] ability: Sand Stream|[of] p1a: Tyranitar\n|turn|4\n|\n|t:|1701213448\n|move|p2a: Arceus|Will-O-Wisp|p1a: Tyranitar\n|-status|p1a: Tyranitar|brn\n|move|p1a: Tyranitar|Stone Edge|p2a: Arceus|[miss]\n|-miss|p1a: Tyranitar|p2a: Arceus\n|\n|-weather|Sandstorm|[upkeep]\n|-damage|p2a: Arceus|55\/100 tox|[from] Sandstorm\n|-heal|p2a: Arceus|61\/100 tox|[from] item: Leftovers\n|-damage|p2a: Arceus|37\/100 tox|[from] psn\n|-damage|p1a: Tyranitar|94\/100 brn|[from] brn\n|upkeep\n|turn|5\n|\n|t:|1701213461\n|switch|p2a: Xerneas|Xerneas|100\/100\n|-ability|p2a: Xerneas|Fairy Aura\n|move|p1a: Tyranitar|Stone Edge|p2a: Xerneas\n|-damage|p2a: Xerneas|79\/100\n|\n|-weather|Sandstorm|[upkeep]\n|-damage|p2a: Xerneas|73\/100|[from] Sandstorm\n|-damage|p1a: Tyranitar|88\/100 brn|[from] brn\n|upkeep\n|turn|6\n|\n|t:|1701213474\n|move|p2a: Xerneas|Geomancy||[still]\n|-prepare|p2a: Xerneas|Geomancy\n|-enditem|p2a: Xerneas|Power Herb\n|-anim|p2a: Xerneas|Geomancy|p2a: Xerneas\n|-boost|p2a: Xerneas|spa|2\n|-boost|p2a: Xerneas|spd|2\n|-boost|p2a: Xerneas|spe|2\n|move|p1a: Tyranitar|Stone Edge|p2a: Xerneas\n|-damage|p2a: Xerneas|52\/100\n|\n|-weather|Sandstorm|[upkeep]\n|-damage|p2a: Xerneas|46\/100|[from] Sandstorm\n|-damage|p1a: Tyranitar|82\/100 brn|[from] brn\n|upkeep\n|turn|7\n|\n|t:|1701213491\n|move|p2a: Xerneas|Moonblast|p1a: Tyranitar\n|-supereffective|p1a: Tyranitar\n|-damage|p1a: Tyranitar|0 fnt\n|faint|p1a: Tyranitar\n|\n|-weather|Sandstorm|[upkeep]\n|-damage|p2a: Xerneas|40\/100|[from] Sandstorm\n|upkeep\n|\n|t:|1701213497\n|switch|p1a: Nidoking|Nidoking, M|100\/100\n|turn|8\n|\n|t:|1701213505\n|move|p2a: Xerneas|Aromatherapy|p2a: Xerneas\n|-activate|p2a: Xerneas|move: Aromatherapy\n|-curestatus|p2: Arceus|tox|[msg]\n|move|p1a: Nidoking|Toxic|p2a: Xerneas\n|-status|p2a: Xerneas|tox\n|\n|-weather|none\n|-damage|p2a: Xerneas|33\/100 tox|[from] psn\n|upkeep\n|turn|9\n|\n|t:|1701213516\n|move|p2a: Xerneas|Aromatherapy|p2a: Xerneas\n|-activate|p2a: Xerneas|move: Aromatherapy\n|-curestatus|p2a: Xerneas|tox|[msg]\n|move|p1a: Nidoking|Sludge Wave|p2a: Xerneas\n|-supereffective|p2a: Xerneas\n|-damage|p2a: Xerneas|0 fnt\n|faint|p2a: Xerneas\n|\n|upkeep\n|inactive|wizardofballs has 120 seconds left.\n|\n|t:|1701213541\n|switch|p2a: Kyogre|Kyogre|100\/100\n|-weather|RainDance|[from] ability: Drizzle|[of] p2a: Kyogre\n|turn|10\n|\n|t:|1701213547\n|move|p2a: Kyogre|Origin Pulse|p1a: Nidoking\n|-supereffective|p1a: Nidoking\n|-enditem|p1a: Nidoking|Focus Sash\n|-damage|p1a: Nidoking|1\/100\n|move|p1a: Nidoking|Toxic|p2a: Kyogre\n|-status|p2a: Kyogre|tox\n|\n|-weather|RainDance|[upkeep]\n|-damage|p2a: Kyogre|94\/100 tox|[from] psn\n|upkeep\n|turn|11\n|\n|t:|1701213558\n|move|p2a: Kyogre|Origin Pulse|p1a: Nidoking\n|-supereffective|p1a: Nidoking\n|-damage|p1a: Nidoking|0 fnt\n|faint|p1a: Nidoking\n|\n|-weather|RainDance|[upkeep]\n|-damage|p2a: Kyogre|82\/100 tox|[from] psn\n|upkeep\n|\n|t:|1701213560\n|switch|p1a: Blastoise|Blastoise, F|100\/100\n|turn|12\n|\n|t:|1701213572\n|switch|p2a: Arceus|Arceus|37\/100\n|detailschange|p1a: Blastoise|Blastoise-Mega, F\n|-mega|p1a: Blastoise|Blastoise|Blastoisinite\n|move|p1a: Blastoise|Shell Smash|p1a: Blastoise\n|-unboost|p1a: Blastoise|def|1\n|-unboost|p1a: Blastoise|spd|1\n|-boost|p1a: Blastoise|atk|2\n|-boost|p1a: Blastoise|spa|2\n|-boost|p1a: Blastoise|spe|2\n|\n|-weather|RainDance|[upkeep]\n|-heal|p2a: Arceus|43\/100|[from] item: Leftovers\n|upkeep\n|turn|13\n|\n|t:|1701213586\n|move|p1a: Blastoise|Aura Sphere|p2a: Arceus\n|-supereffective|p2a: Arceus\n|-damage|p2a: Arceus|0 fnt\n|faint|p2a: Arceus\n|\n|-weather|RainDance|[upkeep]\n|upkeep\n|inactive|wizardofballs has 120 seconds left.\n|\n|t:|1701213609\n|switch|p2a: Zamazenta|Zamazenta-Crowned|100\/100\n|-ability|p2a: Zamazenta|Dauntless Shield|boost\n|-boost|p2a: Zamazenta|def|1\n|turn|14\n|inactive|wizardofballs has 120 seconds left.\n|\n|t:|1701213616\n|move|p1a: Blastoise|Water Pulse|p2a: Zamazenta\n|-damage|p2a: Zamazenta|0 fnt\n|faint|p2a: Zamazenta\n|\n|-weather|none\n|upkeep\n|inactive|wizardofballs has 120 seconds left.\n|\n|t:|1701213624\n|switch|p2a: Kyogre|Kyogre|82\/100 tox\n|-weather|RainDance|[from] ability: Drizzle|[of] p2a: Kyogre\n|turn|15\n|\n|t:|1701213633\n|-terastallize|p2a: Kyogre|Electric\n|move|p1a: Blastoise|Aura Sphere|p2a: Kyogre\n|-damage|p2a: Kyogre|16\/100 tox\n|move|p2a: Kyogre|Thunder|p1a: Blastoise\n|-supereffective|p1a: Blastoise\n|-damage|p1a: Blastoise|0 fnt\n|faint|p1a: Blastoise\n|\n|-weather|RainDance|[upkeep]\n|-damage|p2a: Kyogre|10\/100 tox|[from] psn\n|upkeep\n|\n|t:|1701213639\n|switch|p1a: Dragonite|Dragonite, M|100\/100\n|turn|16\n|\n|t:|1701213650\n|move|p2a: Kyogre|Thunder|p1a: Dragonite\n|-damage|p1a: Dragonite|48\/100\n|move|p1a: Dragonite|Dragon Dance|p1a: Dragonite\n|-boost|p1a: Dragonite|atk|1\n|-boost|p1a: Dragonite|spe|1\n|\n|-weather|RainDance|[upkeep]\n|-damage|p2a: Kyogre|0 fnt|[from] psn\n|faint|p2a: Kyogre\n|upkeep\n|\n|t:|1701213662\n|switch|p2a: Ho-Oh|Ho-Oh|100\/100\n|turn|17\n|\n|t:|1701213670\n|move|p1a: Dragonite|Outrage|p2a: Ho-Oh\n|-damage|p2a: Ho-Oh|7\/100\n|move|p2a: Ho-Oh|Sacred Fire|p1a: Dragonite\n|-resisted|p1a: Dragonite\n|-damage|p1a: Dragonite|36\/100\n|-status|p1a: Dragonite|brn\n|-enditem|p1a: Dragonite|Lum Berry|[eat]\n|-curestatus|p1a: Dragonite|brn|[msg]\n|\n|-weather|RainDance|[upkeep]\n|upkeep\n|turn|18\n|\n|t:|1701213689\n|switch|p2a: Kyurem|Kyurem-Black|100\/100\n|-ability|p2a: Kyurem|Teravolt\n|move|p1a: Dragonite|Outrage|p2a: Kyurem|[from]lockedmove\n|-supereffective|p2a: Kyurem\n|-damage|p2a: Kyurem|0 fnt\n|faint|p2a: Kyurem\n|-start|p1a: Dragonite|confusion|[fatigue]\n|\n|-weather|RainDance|[upkeep]\n|upkeep\n|inactive|wizardofballs has 120 seconds left.\n|\n|t:|1701213704\n|switch|p2a: Ho-Oh|Ho-Oh|40\/100\n|turn|19\n|\n|t:|1701213710\n|-activate|p1a: Dragonite|confusion\n|-damage|p1a: Dragonite|14\/100|[from] confusion\n|move|p2a: Ho-Oh|Thunder Wave|p1a: Dragonite\n|-status|p1a: Dragonite|par\n|\n|-weather|none\n|upkeep\n|turn|20\n|\n|t:|1701213719\n|move|p2a: Ho-Oh|Recover|p2a: Ho-Oh\n|-heal|p2a: Ho-Oh|91\/100\n|-activate|p1a: Dragonite|confusion\n|-damage|p1a: Dragonite|0 fnt|[from] confusion\n|faint|p1a: Dragonite\n|\n|upkeep\n|\n|t:|1701213721\n|switch|p1a: Rhydon|Rhydon, M|100\/100\n|turn|21\n|\n|t:|1701213734\n|-terastallize|p1a: Rhydon|Ghost\n|move|p2a: Ho-Oh|Sacred Fire|p1a: Rhydon\n|-damage|p1a: Rhydon|82\/100\n|move|p1a: Rhydon|Rock Tomb|p2a: Ho-Oh\n|-supereffective|p2a: Ho-Oh\n|-damage|p2a: Ho-Oh|0 fnt\n|faint|p2a: Ho-Oh\n|\n|win|vnappy\n|raw|vnappy's rating: 1318 &rarr; <strong>1344<\/strong><br \/>(+26 for winning)\n|raw|wizardofballs's rating: 1429 &rarr; <strong>1403<\/strong><br \/>(-26 for losing)\n|c|\u2606vnappy|gg\n|l|\u2606wizardofballs\n","uploadtime":1701213749,"views":15,"p1id":"vnappy","p2id":"wizardofballs","formatid":"gen9nationaldexubers","rating":1344,"private":0,"password":""}