{"id":"gen9nationaldexubers-1999063932","p1":"85792195wwww","p2":"Bartek15615v2","format":"[Gen 9] National Dex Ubers","log":"|j|\u260685792195wwww\n|j|\u2606Bartek15615v2\n|t:|1701029287\n|gametype|singles\n|player|p1|85792195wwww|mira|1688\n|player|p2|Bartek15615v2|cynthia|1592\n|teamsize|p1|6\n|teamsize|p2|6\n|gen|9\n|tier|[Gen 9] National Dex Ubers\n|rated|\n|rule|HP Percentage Mod: HP is shown in percentages\n|rule|Endless Battle Clause: Forcing endless battles is banned\n|rule|OHKO Clause: OHKO moves are banned\n|rule|Evasion Moves Clause: Evasion moves are banned\n|rule|Evasion Items Clause: Evasion items are banned\n|rule|Species Clause: Limit one of each Pok\u00e9mon\n|rule|Sleep Clause Mod: Limit one foe put to sleep\n|rule|Mega Rayquaza Clause: You cannot mega evolve Rayquaza\n|clearpoke\n|poke|p1|Arceus|\n|poke|p1|Zacian-*|\n|poke|p1|Xerneas-*|\n|poke|p1|Kyogre|\n|poke|p1|Groudon|\n|poke|p1|Deoxys-Speed|\n|poke|p2|Necrozma-Dusk-Mane|\n|poke|p2|Arceus|\n|poke|p2|Groudon|\n|poke|p2|Smeargle, M|\n|poke|p2|Eternatus|\n|poke|p2|Zacian-*|\n|teampreview\n|\n|t:|1701029293\n|start\n|switch|p1a: Deoxys|Deoxys-Speed|100\/100\n|switch|p2a: Smeargle|Smeargle, M|100\/100\n|-ability|p1a: Deoxys|Pressure\n|turn|1\n|\n|t:|1701029301\n|move|p1a: Deoxys|Trick|p2a: Smeargle\n|-activate|p1a: Deoxys|move: Trick|[of] p2a: Smeargle\n|-item|p2a: Smeargle|Choice Scarf|[from] move: Trick\n|-item|p1a: Deoxys|Focus Sash|[from] move: Trick\n|move|p2a: Smeargle|Rapid Spin|p1a: Deoxys\n|-damage|p1a: Deoxys|92\/100\n|-boost|p2a: Smeargle|spe|1\n|\n|upkeep\n|turn|2\n|\n|t:|1701029312\n|move|p2a: Smeargle|Rapid Spin|p1a: Deoxys\n|-damage|p1a: Deoxys|83\/100\n|-boost|p2a: Smeargle|spe|1\n|move|p1a: Deoxys|Thunder Wave|p2a: Smeargle\n|-status|p2a: Smeargle|par\n|\n|upkeep\n|turn|3\n|\n|t:|1701029325\n|switch|p1a: Arceus|Arceus|100\/100\n|switch|p2a: Arceus|Arceus|100\/100\n|\n|upkeep\n|turn|4\n|\n|t:|1701029333\n|-terastallize|p2a: Arceus|Ghost\n|move|p1a: Arceus|Will-O-Wisp|p2a: Arceus\n|-status|p2a: Arceus|brn\n|move|p2a: Arceus|Swords Dance|p2a: Arceus\n|-boost|p2a: Arceus|atk|2\n|\n|-damage|p2a: Arceus|94\/100 brn|[from] brn\n|upkeep\n|turn|5\n|\n|t:|1701029344\n|switch|p1a: Zacian|Zacian-Crowned|100\/100\n|-ability|p1a: Zacian|Intrepid Sword|boost\n|-boost|p1a: Zacian|atk|1\n|move|p2a: Arceus|Swords Dance|p2a: Arceus\n|-boost|p2a: Arceus|atk|2\n|\n|-damage|p2a: Arceus|88\/100 brn|[from] brn\n|upkeep\n|turn|6\n|\n|t:|1701029355\n|move|p2a: Arceus|Extreme Speed|p1a: Zacian\n|-resisted|p1a: Zacian\n|-damage|p1a: Zacian|64\/100\n|move|p1a: Zacian|Behemoth Blade|p2a: Arceus\n|-damage|p2a: Arceus|33\/100 brn\n|\n|-damage|p2a: Arceus|27\/100 brn|[from] brn\n|upkeep\n|turn|7\n|\n|t:|1701029365\n|move|p2a: Arceus|Extreme Speed|p1a: Zacian\n|-resisted|p1a: Zacian\n|-damage|p1a: Zacian|26\/100\n|move|p1a: Zacian|Behemoth Blade|p2a: Arceus\n|-damage|p2a: Arceus|0 fnt\n|faint|p2a: Arceus\n|\n|upkeep\n|\n|t:|1701029383\n|switch|p2a: Smeargle|Smeargle, M|100\/100 par\n|turn|8\n|\n|t:|1701029388\n|move|p1a: Zacian|Behemoth Blade|p2a: Smeargle\n|-damage|p2a: Smeargle|0 fnt\n|faint|p2a: Smeargle\n|\n|upkeep\n|\n|t:|1701029404\n|switch|p2a: Necrozma|Necrozma-Dusk-Mane|100\/100\n|turn|9\n|\n|t:|1701029410\n|switch|p1a: Deoxys|Deoxys-Speed|83\/100\n|-ability|p1a: Deoxys|Pressure\n|move|p2a: Necrozma|Photon Geyser|p1a: Deoxys\n|-resisted|p1a: Deoxys\n|-damage|p1a: Deoxys|46\/100\n|\n|upkeep\n|turn|10\n|\n|t:|1701029427\n|detailschange|p2a: Necrozma|Necrozma-Ultra\n|-burst|p2a: Necrozma|Necrozma|Ultranecrozium Z\n|move|p1a: Deoxys|Thunder Wave|p2a: Necrozma\n|-status|p2a: Necrozma|par\n|move|p2a: Necrozma|Photon Geyser|p1a: Deoxys\n|-resisted|p1a: Deoxys\n|-damage|p1a: Deoxys|10\/100\n|\n|upkeep\n|turn|11\n|\n|t:|1701029439\n|move|p1a: Deoxys|Stealth Rock|p2a: Necrozma\n|-sidestart|p2: Bartek15615v2|move: Stealth Rock\n|move|p2a: Necrozma|Earthquake|p1a: Deoxys\n|-damage|p1a: Deoxys|0 fnt\n|faint|p1a: Deoxys\n|\n|upkeep\n|\n|t:|1701029456\n|switch|p1a: Xerneas|Xerneas|100\/100\n|-ability|p1a: Xerneas|Fairy Aura\n|turn|12\n|\n|t:|1701029461\n|move|p1a: Xerneas|Geomancy||[still]\n|-prepare|p1a: Xerneas|Geomancy\n|-enditem|p1a: Xerneas|Power Herb\n|-anim|p1a: Xerneas|Geomancy|p1a: Xerneas\n|-boost|p1a: Xerneas|spa|2\n|-boost|p1a: Xerneas|spd|2\n|-boost|p1a: Xerneas|spe|2\n|-zpower|p2a: Necrozma\n|move|p2a: Necrozma|Light That Burns the Sky|p1a: Xerneas|[zeffect]\n|-damage|p1a: Xerneas|10\/100\n|\n|upkeep\n|turn|13\n|\n|t:|1701029472\n|move|p1a: Xerneas|Moonblast|p2a: Necrozma\n|-supereffective|p2a: Necrozma\n|-damage|p2a: Necrozma|0 fnt\n|faint|p2a: Necrozma\n|\n|upkeep\n|\n|t:|1701029478\n|switch|p2a: Groudon|Groudon|100\/100\n|-damage|p2a: Groudon|94\/100|[from] Stealth Rock\n|detailschange|p2a: Groudon|Groudon-Primal\n|-primal|p2a: Groudon|Red Orb\n|-weather|DesolateLand|[from] ability: Desolate Land|[of] p2a: Groudon\n|turn|14\n|\n|t:|1701029486\n|move|p1a: Xerneas|Moonblast|p2a: Groudon\n|-resisted|p2a: Groudon\n|-damage|p2a: Groudon|27\/100\n|move|p2a: Groudon|Precipice Blades|p1a: Xerneas\n|-damage|p1a: Xerneas|0 fnt\n|faint|p1a: Xerneas\n|\n|-weather|DesolateLand|[upkeep]\n|upkeep\n|\n|t:|1701029494\n|switch|p1a: Kyogre|Kyogre|100\/100\n|detailschange|p1a: Kyogre|Kyogre-Primal\n|-primal|p1a: Kyogre|Blue Orb\n|-weather|PrimordialSea|[from] ability: Primordial Sea|[of] p1a: Kyogre\n|turn|15\n|\n|t:|1701029500\n|move|p2a: Groudon|Precipice Blades|p1a: Kyogre\n|-damage|p1a: Kyogre|24\/100\n|move|p1a: Kyogre|Water Spout|p2a: Groudon\n|-supereffective|p2a: Groudon\n|-damage|p2a: Groudon|0 fnt\n|faint|p2a: Groudon\n|\n|-weather|PrimordialSea|[upkeep]\n|upkeep\n|\n|t:|1701029509\n|switch|p2a: Zacian|Zacian-Crowned|100\/100\n|-damage|p2a: Zacian|94\/100|[from] Stealth Rock\n|-ability|p2a: Zacian|Intrepid Sword|boost\n|-boost|p2a: Zacian|atk|1\n|turn|16\n|\n|t:|1701029518\n|move|p2a: Zacian|Behemoth Blade|p1a: Kyogre\n|-resisted|p1a: Kyogre\n|-damage|p1a: Kyogre|0 fnt\n|faint|p1a: Kyogre\n|-weather|none\n|\n|upkeep\n|\n|t:|1701029525\n|switch|p1a: Groudon|Groudon|100\/100\n|detailschange|p1a: Groudon|Groudon-Primal\n|-primal|p1a: Groudon|Red Orb\n|-weather|DesolateLand|[from] ability: Desolate Land|[of] p1a: Groudon\n|turn|17\n|\n|t:|1701029533\n|move|p2a: Zacian|Behemoth Blade|p1a: Groudon\n|-resisted|p1a: Groudon\n|-damage|p1a: Groudon|76\/100\n|move|p1a: Groudon|Rock Polish|p1a: Groudon\n|-boost|p1a: Groudon|spe|2\n|\n|-weather|DesolateLand|[upkeep]\n|upkeep\n|turn|18\n|\n|t:|1701029544\n|move|p1a: Groudon|Swords Dance|p1a: Groudon\n|-boost|p1a: Groudon|atk|2\n|move|p2a: Zacian|Swords Dance|p2a: Zacian\n|-boost|p2a: Zacian|atk|2\n|\n|-weather|DesolateLand|[upkeep]\n|upkeep\n|turn|19\n|\n|t:|1701029552\n|move|p1a: Groudon|Heat Crash|p2a: Zacian\n|-supereffective|p2a: Zacian\n|-damage|p2a: Zacian|0 fnt\n|faint|p2a: Zacian\n|\n|-weather|DesolateLand|[upkeep]\n|upkeep\n|inactive|Battle timer is ON: inactive players will automatically lose when time's up. (requested by 85792195wwww)\n|inactive|Bartek15615v2 has 120 seconds left.\n|inactive|Bartek15615v2 has 90 seconds left.\n|inactive|Bartek15615v2 has 60 seconds left.\n|inactive|Bartek15615v2 has 30 seconds left.\n|inactive|Bartek15615v2 has 20 seconds left.\n|inactive|Bartek15615v2 has 15 seconds left.\n|inactive|Bartek15615v2 has 10 seconds left.\n|inactive|Bartek15615v2 has 5 seconds left.\n|-message|Bartek15615v2 lost due to inactivity.\n|\n|win|85792195wwww\n|raw|85792195wwww's rating: 1688 &rarr; <strong>1703<\/strong><br \/>(+15 for winning)\n|raw|Bartek15615v2's rating: 1592 &rarr; <strong>1577<\/strong><br \/>(-15 for losing)\n","uploadtime":1701029758,"views":1,"p1id":"85792195wwww","p2id":"bartek15615v2","formatid":"gen9nationaldexubers","rating":1577,"private":0,"password":""}