{"id":"gen9nationaldexubers-1980483735","p1":"Brandis0704","p2":"TheRandomAnt","format":"[Gen 9] National Dex Ubers","log":"|j|\u2606Brandis0704\n|j|\u2606TheRandomAnt\n|t:|1698789269\n|gametype|singles\n|player|p1|Brandis0704|volkner|\n|player|p2|TheRandomAnt|1|\n|teamsize|p1|6\n|teamsize|p2|6\n|gen|9\n|tier|[Gen 9] National Dex Ubers\n|rule|HP Percentage Mod: HP is shown in percentages\n|rule|Endless Battle Clause: Forcing endless battles is banned\n|rule|OHKO Clause: OHKO moves are banned\n|rule|Evasion Moves Clause: Evasion moves are banned\n|rule|Evasion Items Clause: Evasion items are banned\n|rule|Species Clause: Limit one of each Pok\u00e9mon\n|rule|Sleep Clause Mod: Limit one foe put to sleep\n|rule|Mega Rayquaza Clause: You cannot mega evolve Rayquaza\n|clearpoke\n|poke|p1|Empoleon, F|\n|poke|p1|Primarina, M|\n|poke|p1|Tapu Fini|\n|poke|p1|Cloyster, F|\n|poke|p1|Slowking, F|\n|poke|p1|Toxapex, F|\n|poke|p2|Appletun, F|\n|poke|p2|Glimmora, F|\n|poke|p2|Gliscor, F|\n|poke|p2|Ribombee, F|\n|poke|p2|Lokix, F|\n|poke|p2|Garganacl, M|\n|teampreview\n|inactive|Battle timer is ON: inactive players will automatically lose when time's up. (requested by Brandis0704)\n|\n|t:|1698789297\n|start\n|switch|p1a: Phantom|Primarina, M|100\/100\n|switch|p2a: Appletun|Appletun, F|100\/100\n|turn|1\n|\n|t:|1698789307\n|-terastallize|p2a: Appletun|Grass\n|move|p1a: Phantom|Ice Beam|p2a: Appletun\n|-supereffective|p2a: Appletun\n|-damage|p2a: Appletun|44\/100\n|-activate|p2a: Appletun|ability: Ripen\n|-enditem|p2a: Appletun|Sitrus Berry|[eat]\n|-heal|p2a: Appletun|94\/100|[from] item: Sitrus Berry\n|move|p2a: Appletun|Apple Acid|p1a: Phantom\n|-supereffective|p1a: Phantom\n|-damage|p1a: Phantom|58\/100\n|-unboost|p1a: Phantom|spd|1\n|\n|upkeep\n|turn|2\n|\n|t:|1698789328\n|move|p1a: Phantom|Ice Beam|p2a: Appletun\n|-supereffective|p2a: Appletun\n|-damage|p2a: Appletun|37\/100\n|move|p2a: Appletun|Apple Acid|p1a: Phantom\n|-supereffective|p1a: Phantom\n|-damage|p1a: Phantom|2\/100\n|-unboost|p1a: Phantom|spd|1\n|\n|upkeep\n|turn|3\n|inactive|Brandis0704 has 270 seconds left.\n|inactive|TheRandomAnt has 270 seconds left.\n|\n|t:|1698789373\n|switch|p2a: Garganacl|Garganacl, M|100\/100\n|move|p1a: Phantom|Ice Beam|p2a: Garganacl\n|-damage|p2a: Garganacl|70\/100\n|\n|-heal|p2a: Garganacl|76\/100|[from] item: Leftovers\n|upkeep\n|turn|4\n|inactive|Brandis0704 has 270 seconds left.\n|\n|t:|1698789383\n|switch|p2a: Ribombee|Ribombee, F|100\/100\n|move|p1a: Phantom|Hyper Voice|p2a: Ribombee\n|-damage|p2a: Ribombee|20\/100\n|\n|upkeep\n|turn|5\n|inactive|Brandis0704 has 270 seconds left.\n|\n|t:|1698789416\n|switch|p1a: Penguin|Empoleon, F|100\/100\n|move|p2a: Ribombee|Moonblast|p1a: Penguin\n|-resisted|p1a: Penguin\n|-damage|p1a: Penguin|81\/100\n|-unboost|p1a: Penguin|spa|1\n|-ability|p1a: Penguin|Competitive|boost\n|-boost|p1a: Penguin|spa|2\n|\n|upkeep\n|turn|6\n|inactive|TheRandomAnt has 270 seconds left.\n|\n|t:|1698789430\n|move|p2a: Ribombee|Sticky Web|p1a: Penguin\n|-sidestart|p1: Brandis0704|move: Sticky Web\n|move|p1a: Penguin|Surf|p2a: Ribombee\n|-damage|p2a: Ribombee|0 fnt\n|faint|p2a: Ribombee\n|\n|upkeep\n|\n|t:|1698789433\n|switch|p2a: Glimmora|Glimmora, F|100\/100\n|turn|7\n|\n|t:|1698789438\n|move|p2a: Glimmora|Energy Ball|p1a: Penguin\n|-damage|p1a: Penguin|53\/100\n|move|p1a: Penguin|Surf|p2a: Glimmora\n|-supereffective|p2a: Glimmora\n|-enditem|p2a: Glimmora|Focus Sash\n|-damage|p2a: Glimmora|1\/100\n|\n|upkeep\n|turn|8\n|inactive|Brandis0704 has 270 seconds left.\n|\n|t:|1698789447\n|move|p2a: Glimmora|Energy Ball|p1a: Penguin\n|-damage|p1a: Penguin|19\/100\n|move|p1a: Penguin|Surf|p2a: Glimmora\n|-supereffective|p2a: Glimmora\n|-damage|p2a: Glimmora|0 fnt\n|faint|p2a: Glimmora\n|\n|upkeep\n|\n|t:|1698789451\n|switch|p2a: Lokix|Lokix, F|100\/100\n|turn|9\n|inactive|Brandis0704 has 270 seconds left.\n|\n|t:|1698789473\n|switch|p1a: Shell|Tapu Fini, shiny|100\/100\n|-activate|p1a: Shell|move: Sticky Web\n|-unboost|p1a: Shell|spe|1\n|-fieldstart|move: Misty Terrain|[from] ability: Misty Surge|[of] p1a: Shell\n|move|p2a: Lokix|U-turn|p1a: Shell\n|-resisted|p1a: Shell\n|-damage|p1a: Shell|69\/100\n|-damage|p2a: Lokix|91\/100|[from] item: Life Orb\n|\n|t:|1698789481\n|switch|p2a: Appletun|Appletun, F, tera:Grass|37\/100|[from] U-turn\n|\n|-heal|p1a: Shell|75\/100|[from] item: Leftovers\n|upkeep\n|turn|10\n|inactive|Brandis0704 has 270 seconds left.\n|\n|t:|1698789492\n|move|p1a: Shell|Protect|p1a: Shell\n|-singleturn|p1a: Shell|Protect\n|move|p2a: Appletun|Recycle|p2a: Appletun\n|-item|p2a: Appletun|Sitrus Berry|[from] move: Recycle\n|-activate|p2a: Appletun|ability: Ripen\n|-enditem|p2a: Appletun|Sitrus Berry|[eat]\n|-heal|p2a: Appletun|87\/100|[from] item: Sitrus Berry\n|\n|-heal|p1a: Shell|81\/100|[from] item: Leftovers\n|upkeep\n|turn|11\n|\n|t:|1698789501\n|move|p1a: Shell|Toxic|p2a: Appletun\n|-activate|p2a: Appletun|move: Misty Terrain\n|move|p2a: Appletun|Leech Seed|p1a: Shell\n|-start|p1a: Shell|move: Leech Seed\n|\n|-heal|p1a: Shell|87\/100|[from] item: Leftovers\n|-damage|p1a: Shell|75\/100|[from] Leech Seed|[of] p2a: Appletun\n|-heal|p2a: Appletun|97\/100|[silent]\n|upkeep\n|turn|12\n|\n|t:|1698789512\n|move|p1a: Shell|Defog|p2a: Appletun\n|-unboost|p2a: Appletun|evasion|1\n|-sideend|p1: Brandis0704|Sticky Web|[from] move: Defog|[of] p1a: Shell\n|-fieldend|Misty Terrain\n|move|p2a: Appletun|Recycle|p2a: Appletun\n|-item|p2a: Appletun|Sitrus Berry|[from] move: Recycle\n|\n|-heal|p1a: Shell|81\/100|[from] item: Leftovers\n|-damage|p1a: Shell|68\/100|[from] Leech Seed|[of] p2a: Appletun\n|-heal|p2a: Appletun|100\/100|[silent]\n|upkeep\n|turn|13\n|\n|t:|1698789523\n|switch|p2a: Gliscor|Gliscor, F|100\/100\n|move|p1a: Shell|Toxic|p2a: Gliscor\n|-status|p2a: Gliscor|tox\n|\n|-heal|p1a: Shell|74\/100|[from] item: Leftovers\n|-damage|p1a: Shell|62\/100|[from] Leech Seed|[of] p2a: Gliscor\n|upkeep\n|turn|14\n|\n|t:|1698789542\n|switch|p1a: King Shit|Slowking, F|100\/100\n|move|p2a: Gliscor|Spikes|p1a: King Shit\n|-sidestart|p1: Brandis0704|Spikes\n|\n|upkeep\n|turn|15\n|\n|t:|1698789551\n|move|p2a: Gliscor|Toxic|p1a: King Shit\n|-status|p1a: King Shit|tox\n|move|p1a: King Shit|Ice Beam|p2a: Gliscor\n|-supereffective|p2a: Gliscor\n|-damage|p2a: Gliscor|0 fnt\n|faint|p2a: Gliscor\n|\n|-damage|p1a: King Shit|94\/100 tox|[from] psn\n|upkeep\n|\n|t:|1698789557\n|switch|p2a: Lokix|Lokix, F|91\/100\n|turn|16\n|inactive|Brandis0704 has 270 seconds left.\n|\n|t:|1698789586\n|switch|p1a: Bigger Shell|Cloyster, F, shiny|100\/100\n|move|p2a: Lokix|Knock Off|p1a: Bigger Shell\n|-damage|p1a: Bigger Shell|66\/100\n|-enditem|p1a: Bigger Shell|Heavy-Duty Boots|[from] move: Knock Off|[of] p2a: Lokix\n|-damage|p2a: Lokix|81\/100|[from] item: Life Orb\n|\n|upkeep\n|turn|17\n|\n|t:|1698789593\n|move|p2a: Lokix|U-turn|p1a: Bigger Shell\n|-damage|p1a: Bigger Shell|38\/100\n|-damage|p2a: Lokix|71\/100|[from] item: Life Orb\n|\n|t:|1698789595\n|switch|p2a: Garganacl|Garganacl, M|76\/100|[from] U-turn\n|move|p1a: Bigger Shell|Rapid Spin|p2a: Garganacl\n|-resisted|p2a: Garganacl\n|-damage|p2a: Garganacl|72\/100\n|-boost|p1a: Bigger Shell|spe|1\n|-sideend|p1: Brandis0704|Spikes|[from] move: Rapid Spin|[of] p1a: Bigger Shell\n|\n|-heal|p2a: Garganacl|78\/100|[from] item: Leftovers\n|upkeep\n|turn|18\n|\n|t:|1698789608\n|move|p1a: Bigger Shell|Curse|p1a: Bigger Shell\n|-unboost|p1a: Bigger Shell|spe|1\n|-boost|p1a: Bigger Shell|atk|1\n|-boost|p1a: Bigger Shell|def|1\n|move|p2a: Garganacl|Salt Cure|p1a: Bigger Shell\n|-supereffective|p1a: Bigger Shell\n|-damage|p1a: Bigger Shell|25\/100\n|-start|p1a: Bigger Shell|Salt Cure\n|\n|-heal|p2a: Garganacl|85\/100|[from] item: Leftovers\n|-damage|p1a: Bigger Shell|0 fnt|[from] Salt Cure\n|faint|p1a: Bigger Shell\n|upkeep\n|\n|t:|1698789622\n|switch|p1a: King Shit|Slowking, F|94\/100 tox\n|turn|19\n|\n|t:|1698789626\n|move|p2a: Garganacl|Salt Cure|p1a: King Shit\n|-damage|p1a: King Shit|80\/100 tox\n|-start|p1a: King Shit|Salt Cure\n|move|p1a: King Shit|Surf|p2a: Garganacl\n|-supereffective|p2a: Garganacl\n|-damage|p2a: Garganacl|0 fnt\n|faint|p2a: Garganacl\n|\n|-damage|p1a: King Shit|74\/100 tox|[from] psn\n|-damage|p1a: King Shit|49\/100 tox|[from] Salt Cure\n|upkeep\n|\n|t:|1698789630\n|switch|p2a: Lokix|Lokix, F|71\/100\n|turn|20\n|\n|t:|1698789638\n|move|p2a: Lokix|Knock Off|p1a: King Shit\n|-supereffective|p1a: King Shit\n|-damage|p1a: King Shit|0 fnt\n|-enditem|p1a: King Shit|Choice Specs|[from] move: Knock Off|[of] p2a: Lokix\n|faint|p1a: King Shit\n|-damage|p2a: Lokix|61\/100|[from] item: Life Orb\n|\n|upkeep\n|\n|t:|1698789655\n|switch|p1a: Shell|Tapu Fini, shiny|62\/100\n|-fieldstart|move: Misty Terrain|[from] ability: Misty Surge|[of] p1a: Shell\n|turn|21\n|\n|t:|1698789662\n|switch|p2a: Appletun|Appletun, F, tera:Grass|100\/100\n|move|p1a: Shell|Protect||[still]\n|-fail|p1a: Shell\n|\n|-heal|p1a: Shell|68\/100|[from] item: Leftovers\n|upkeep\n|turn|22\n|inactive|Brandis0704 has 270 seconds left.\n|\n|t:|1698789696\n|switch|p1a: Phantom|Primarina, M|2\/100\n|move|p2a: Appletun|Apple Acid|p1a: Phantom\n|-supereffective|p1a: Phantom\n|-damage|p1a: Phantom|0 fnt\n|faint|p1a: Phantom\n|\n|upkeep\n|inactive|Brandis0704 has 270 seconds left.\n|\n|t:|1698789717\n|switch|p1a: Penguin|Empoleon, F|19\/100\n|turn|23\n|\n|t:|1698789727\n|-terastallize|p1a: Penguin|Flying\n|move|p1a: Penguin|Air Slash|p2a: Appletun\n|-supereffective|p2a: Appletun\n|-damage|p2a: Appletun|0 fnt\n|faint|p2a: Appletun\n|\n|upkeep\n|\n|t:|1698789737\n|switch|p2a: Lokix|Lokix, F|61\/100\n|turn|24\n|\n|t:|1698789743\n|switch|p1a: Area 51|Toxapex, F|100\/100\n|move|p2a: Lokix|Knock Off|p1a: Area 51\n|-damage|p1a: Area 51|59\/100\n|-enditem|p1a: Area 51|Leftovers|[from] move: Knock Off|[of] p2a: Lokix\n|-damage|p2a: Lokix|51\/100|[from] item: Life Orb\n|\n|upkeep\n|turn|25\n|\n|t:|1698789751\n|move|p1a: Area 51|Baneful Bunker|p1a: Area 51\n|-singleturn|p1a: Area 51|move: Protect\n|move|p2a: Lokix|Knock Off|p1a: Area 51\n|-activate|p1a: Area 51|move: Protect\n|\n|-fieldend|Misty Terrain\n|upkeep\n|turn|26\n|\n|t:|1698789760\n|move|p1a: Area 51|Baneful Bunker||[still]\n|-fail|p1a: Area 51\n|move|p2a: Lokix|Knock Off|p1a: Area 51\n|-damage|p1a: Area 51|31\/100\n|-damage|p2a: Lokix|41\/100|[from] item: Life Orb\n|\n|upkeep\n|turn|27\n|\n|t:|1698789765\n|move|p1a: Area 51|Baneful Bunker|p1a: Area 51\n|-singleturn|p1a: Area 51|move: Protect\n|move|p2a: Lokix|First Impression||[still]\n|-hint|First Impression only works on your first turn out.\n|-fail|p2a: Lokix\n|\n|upkeep\n|turn|28\n|\n|t:|1698789772\n|move|p2a: Lokix|Knock Off|p1a: Area 51\n|-damage|p1a: Area 51|0 fnt\n|faint|p1a: Area 51\n|-damage|p2a: Lokix|31\/100|[from] item: Life Orb\n|\n|upkeep\n|\n|t:|1698789790\n|switch|p1a: Shell|Tapu Fini, shiny|68\/100\n|-fieldstart|move: Misty Terrain|[from] ability: Misty Surge|[of] p1a: Shell\n|turn|29\n|\n|t:|1698789798\n|move|p2a: Lokix|Knock Off|p1a: Shell\n|-resisted|p1a: Shell\n|-crit|p1a: Shell\n|-damage|p1a: Shell|10\/100\n|-enditem|p1a: Shell|Leftovers|[from] move: Knock Off|[of] p2a: Lokix\n|-damage|p2a: Lokix|22\/100|[from] item: Life Orb\n|move|p1a: Shell|Defog|p2a: Lokix\n|-unboost|p2a: Lokix|evasion|1\n|-fieldend|Misty Terrain\n|\n|upkeep\n|turn|30\n|\n|t:|1698789815\n|move|p1a: Shell|Protect|p1a: Shell\n|-singleturn|p1a: Shell|Protect\n|move|p2a: Lokix|Knock Off|p1a: Shell\n|-activate|p1a: Shell|move: Protect\n|\n|upkeep\n|turn|31\n|\n|t:|1698789822\n|move|p2a: Lokix|Knock Off|p1a: Shell\n|-resisted|p1a: Shell\n|-damage|p1a: Shell|0 fnt\n|faint|p1a: Shell\n|-damage|p2a: Lokix|12\/100|[from] item: Life Orb\n|\n|upkeep\n|\n|t:|1698789827\n|switch|p1a: Penguin|Empoleon, F, tera:Flying|19\/100\n|turn|32\n|\n|t:|1698789830\n|move|p2a: Lokix|Knock Off|p1a: Penguin\n|-damage|p1a: Penguin|0 fnt\n|-enditem|p1a: Penguin|Choice Specs|[from] move: Knock Off|[of] p2a: Lokix\n|faint|p1a: Penguin\n|-damage|p2a: Lokix|2\/100|[from] item: Life Orb\n|\n|win|TheRandomAnt\n|l|\u2606Brandis0704\n","uploadtime":1698789866,"views":6,"p1id":"brandis0704","p2id":"therandomant","formatid":"gen9nationaldexubers","rating":0,"private":0,"password":""}