{"id":"gen9nationaldexubers-1989895698","p1":"Crystal-thunder","p2":"fkfjdjjdj","format":"[Gen 9] National Dex Ubers","log":"|j|\u2606Crystal-thunder\n|j|\u2606fkfjdjjdj\n|t:|1699904715\n|gametype|singles\n|player|p1|Crystal-thunder|102|1186\n|player|p2|fkfjdjjdj|benga|1181\n|teamsize|p1|6\n|teamsize|p2|6\n|gen|9\n|tier|[Gen 9] National Dex Ubers\n|rated|\n|rule|HP Percentage Mod: HP is shown in percentages\n|rule|Endless Battle Clause: Forcing endless battles is banned\n|rule|OHKO Clause: OHKO moves are banned\n|rule|Evasion Moves Clause: Evasion moves are banned\n|rule|Evasion Items Clause: Evasion items are banned\n|rule|Species Clause: Limit one of each Pok\u00e9mon\n|rule|Sleep Clause Mod: Limit one foe put to sleep\n|rule|Mega Rayquaza Clause: You cannot mega evolve Rayquaza\n|clearpoke\n|poke|p1|Mewtwo|\n|poke|p1|Groudon|\n|poke|p1|Bewear, F|\n|poke|p1|Deoxys-Attack|\n|poke|p1|Clawitzer, M|\n|poke|p1|Zekrom|\n|poke|p2|Lucario, F|\n|poke|p2|Durant, M|\n|poke|p2|Aegislash, M|\n|poke|p2|Kingambit, M|\n|poke|p2|Ferrothorn, F|\n|poke|p2|Melmetal|\n|teampreview\n|inactive|Battle timer is ON: inactive players will automatically lose when time's up. (requested by Crystal-thunder)\n|\n|t:|1699904730\n|start\n|switch|p1a: Groudon|Groudon|100\/100\n|switch|p2a: Melmetal|Melmetal|100\/100\n|detailschange|p1a: Groudon|Groudon-Primal\n|-primal|p1a: Groudon|Red Orb\n|-weather|DesolateLand|[from] ability: Desolate Land|[of] p1a: Groudon\n|turn|1\n|\n|t:|1699904736\n|move|p1a: Groudon|Rock Polish|p1a: Groudon\n|-boost|p1a: Groudon|spe|2\n|move|p2a: Melmetal|Earthquake|p1a: Groudon\n|-supereffective|p1a: Groudon\n|-damage|p1a: Groudon|48\/100\n|\n|-weather|DesolateLand|[upkeep]\n|upkeep\n|turn|2\n|\n|t:|1699904747\n|move|p1a: Groudon|Precipice Blades|p2a: Melmetal\n|-supereffective|p2a: Melmetal\n|-damage|p2a: Melmetal|16\/100\n|move|p2a: Melmetal|Earthquake|p1a: Groudon\n|-supereffective|p1a: Groudon\n|-crit|p1a: Groudon\n|-damage|p1a: Groudon|0 fnt\n|faint|p1a: Groudon\n|-weather|none\n|\n|upkeep\n|\n|t:|1699904756\n|switch|p1a: Clawitzer|Clawitzer, M|100\/100\n|turn|3\n|\n|t:|1699904762\n|move|p1a: Clawitzer|Aura Sphere|p2a: Melmetal\n|-supereffective|p2a: Melmetal\n|-damage|p2a: Melmetal|0 fnt\n|faint|p2a: Melmetal\n|\n|upkeep\n|\n|t:|1699904773\n|switch|p2a: Aegislash|Aegislash, M, shiny|100\/100\n|turn|4\n|\n|t:|1699904779\n|move|p1a: Clawitzer|Water Pulse|p2a: Aegislash\n|-damage|p2a: Aegislash|63\/100\n|-start|p2a: Aegislash|confusion\n|-activate|p2a: Aegislash|confusion\n|-formechange|p2a: Aegislash|Aegislash-Blade||[from] ability: Stance Change\n|move|p2a: Aegislash|Sacred Sword|p1a: Clawitzer\n|-damage|p1a: Clawitzer|63\/100\n|\n|-heal|p2a: Aegislash|69\/100|[from] item: Leftovers\n|upkeep\n|turn|5\n|\n|t:|1699904791\n|-activate|p2a: Aegislash|confusion\n|-damage|p2a: Aegislash|44\/100|[from] confusion\n|move|p1a: Clawitzer|Water Pulse|p2a: Aegislash\n|-damage|p2a: Aegislash|0 fnt\n|faint|p2a: Aegislash\n|\n|upkeep\n|\n|t:|1699904803\n|switch|p2a: Lucario|Lucario, F|100\/100\n|turn|6\n|\n|t:|1699904808\n|detailschange|p2a: Lucario|Lucario-Mega, F\n|-mega|p2a: Lucario|Lucario|Lucarionite\n|move|p2a: Lucario|Close Combat|p1a: Clawitzer\n|-damage|p1a: Clawitzer|0 fnt\n|-unboost|p2a: Lucario|def|1\n|-unboost|p2a: Lucario|spd|1\n|faint|p1a: Clawitzer\n|\n|upkeep\n|\n|t:|1699904814\n|switch|p1a: Deoxys|Deoxys-Attack|100\/100\n|-ability|p1a: Deoxys|Pressure\n|turn|7\n|\n|t:|1699904831\n|switch|p2a: Ferrothorn|Ferrothorn, F|100\/100\n|move|p1a: Deoxys|Dark Pulse|p2a: Ferrothorn\n|-damage|p2a: Ferrothorn|77\/100\n|\n|-heal|p2a: Ferrothorn|83\/100|[from] item: Leftovers\n|upkeep\n|turn|8\n|\n|t:|1699904837\n|move|p1a: Deoxys|Nasty Plot|p1a: Deoxys\n|-boost|p1a: Deoxys|spa|2\n|move|p2a: Ferrothorn|Leech Seed|p1a: Deoxys\n|-start|p1a: Deoxys|move: Leech Seed\n|\n|-heal|p2a: Ferrothorn|89\/100|[from] item: Leftovers\n|-damage|p1a: Deoxys|88\/100|[from] Leech Seed|[of] p2a: Ferrothorn\n|-heal|p2a: Ferrothorn|98\/100|[silent]\n|upkeep\n|turn|9\n|\n|t:|1699904847\n|move|p2a: Ferrothorn|Protect|p2a: Ferrothorn\n|-singleturn|p2a: Ferrothorn|Protect\n|move|p1a: Deoxys|Thunderbolt|p2a: Ferrothorn\n|-activate|p2a: Ferrothorn|move: Protect\n|\n|-heal|p2a: Ferrothorn|100\/100|[from] item: Leftovers\n|-damage|p1a: Deoxys|76\/100|[from] Leech Seed|[of] p2a: Ferrothorn\n|upkeep\n|turn|10\n|\n|t:|1699904855\n|move|p1a: Deoxys|Nasty Plot|p1a: Deoxys\n|-boost|p1a: Deoxys|spa|2\n|move|p2a: Ferrothorn|Body Press|p1a: Deoxys\n|-resisted|p1a: Deoxys\n|-damage|p1a: Deoxys|11\/100\n|\n|-damage|p1a: Deoxys|0 fnt|[from] Leech Seed|[of] p2a: Ferrothorn\n|faint|p1a: Deoxys\n|upkeep\n|\n|t:|1699904862\n|switch|p1a: Zekrom|Zekrom, shiny|100\/100\n|-ability|p1a: Zekrom|Teravolt\n|turn|11\n|\n|t:|1699904867\n|move|p1a: Zekrom|Dragon Dance|p1a: Zekrom\n|-boost|p1a: Zekrom|atk|1\n|-boost|p1a: Zekrom|spe|1\n|move|p2a: Ferrothorn|Leech Seed|p1a: Zekrom|[miss]\n|-miss|p2a: Ferrothorn|p1a: Zekrom\n|\n|upkeep\n|turn|12\n|\n|t:|1699904882\n|move|p1a: Zekrom|Crunch|p2a: Ferrothorn\n|-damage|p2a: Ferrothorn|61\/100\n|-damage|p1a: Zekrom|88\/100|[from] ability: Iron Barbs|[of] p2a: Ferrothorn\n|move|p2a: Ferrothorn|Body Press|p1a: Zekrom\n|-damage|p1a: Zekrom|64\/100\n|\n|-heal|p1a: Zekrom|71\/100|[from] item: Leftovers\n|-heal|p2a: Ferrothorn|67\/100|[from] item: Leftovers\n|upkeep\n|turn|13\n|\n|t:|1699904890\n|move|p1a: Zekrom|Dragon Dance|p1a: Zekrom\n|-boost|p1a: Zekrom|atk|1\n|-boost|p1a: Zekrom|spe|1\n|move|p2a: Ferrothorn|Leech Seed|p1a: Zekrom\n|-start|p1a: Zekrom|move: Leech Seed\n|\n|-heal|p1a: Zekrom|77\/100|[from] item: Leftovers\n|-heal|p2a: Ferrothorn|73\/100|[from] item: Leftovers\n|-damage|p1a: Zekrom|64\/100|[from] Leech Seed|[of] p2a: Ferrothorn\n|-heal|p2a: Ferrothorn|86\/100|[silent]\n|upkeep\n|turn|14\n|inactive|Crystal-thunder has 120 seconds left.\n|\n|t:|1699904922\n|move|p1a: Zekrom|Crunch|p2a: Ferrothorn\n|-damage|p2a: Ferrothorn|39\/100\n|-damage|p1a: Zekrom|52\/100|[from] ability: Iron Barbs|[of] p2a: Ferrothorn\n|move|p2a: Ferrothorn|Ingrain|p2a: Ferrothorn\n|-start|p2a: Ferrothorn|move: Ingrain\n|\n|-heal|p1a: Zekrom|58\/100|[from] item: Leftovers\n|-heal|p2a: Ferrothorn|45\/100|[from] item: Leftovers\n|-heal|p2a: Ferrothorn|51\/100|[from] Ingrain\n|-damage|p1a: Zekrom|46\/100|[from] Leech Seed|[of] p2a: Ferrothorn\n|-heal|p2a: Ferrothorn|64\/100|[silent]\n|upkeep\n|turn|15\n|\n|t:|1699904939\n|move|p2a: Ferrothorn|Protect|p2a: Ferrothorn\n|-singleturn|p2a: Ferrothorn|Protect\n|move|p1a: Zekrom|Crunch|p2a: Ferrothorn\n|-activate|p2a: Ferrothorn|move: Protect\n|\n|-heal|p1a: Zekrom|52\/100|[from] item: Leftovers\n|-heal|p2a: Ferrothorn|70\/100|[from] item: Leftovers\n|-heal|p2a: Ferrothorn|76\/100|[from] Ingrain\n|-damage|p1a: Zekrom|40\/100|[from] Leech Seed|[of] p2a: Ferrothorn\n|-heal|p2a: Ferrothorn|89\/100|[silent]\n|upkeep\n|turn|16\n|\n|t:|1699904953\n|move|p1a: Zekrom|Crunch|p2a: Ferrothorn\n|-crit|p2a: Ferrothorn\n|-damage|p2a: Ferrothorn|15\/100\n|-damage|p1a: Zekrom|27\/100|[from] ability: Iron Barbs|[of] p2a: Ferrothorn\n|move|p2a: Ferrothorn|Body Press|p1a: Zekrom\n|-damage|p1a: Zekrom|6\/100\n|\n|-heal|p1a: Zekrom|12\/100|[from] item: Leftovers\n|-heal|p2a: Ferrothorn|22\/100|[from] item: Leftovers\n|-heal|p2a: Ferrothorn|28\/100|[from] Ingrain\n|-damage|p1a: Zekrom|0 fnt|[from] Leech Seed|[of] p2a: Ferrothorn\n|-heal|p2a: Ferrothorn|40\/100|[silent]\n|faint|p1a: Zekrom\n|upkeep\n|\n|t:|1699904966\n|switch|p1a: Mewtwo|Mewtwo|100\/100\n|-ability|p1a: Mewtwo|Pressure\n|turn|17\n|\n|t:|1699904972\n|detailschange|p1a: Mewtwo|Mewtwo-Mega-Y\n|-mega|p1a: Mewtwo|Mewtwo|Mewtwonite Y\n|move|p1a: Mewtwo|Nasty Plot|p1a: Mewtwo\n|-boost|p1a: Mewtwo|spa|2\n|move|p2a: Ferrothorn|Leech Seed|p1a: Mewtwo|[miss]\n|-miss|p2a: Ferrothorn|p1a: Mewtwo\n|\n|-heal|p2a: Ferrothorn|46\/100|[from] item: Leftovers\n|-heal|p2a: Ferrothorn|53\/100|[from] Ingrain\n|upkeep\n|turn|18\n|\n|t:|1699904981\n|move|p1a: Mewtwo|Aura Sphere|p2a: Ferrothorn\n|-supereffective|p2a: Ferrothorn\n|-damage|p2a: Ferrothorn|0 fnt\n|faint|p2a: Ferrothorn\n|\n|upkeep\n|\n|t:|1699904985\n|switch|p2a: Hormiga at\u00f3mica|Durant, M|100\/100\n|turn|19\n|\n|t:|1699904990\n|move|p2a: Hormiga at\u00f3mica|First Impression|p1a: Mewtwo\n|-supereffective|p1a: Mewtwo\n|-damage|p1a: Mewtwo|0 fnt\n|faint|p1a: Mewtwo\n|\n|upkeep\n|\n|t:|1699904993\n|switch|p1a: Bewear|Bewear, F|100\/100\n|turn|20\n|\n|t:|1699905002\n|move|p2a: Hormiga at\u00f3mica|Aerial Ace|p1a: Bewear\n|-supereffective|p1a: Bewear\n|-damage|p1a: Bewear|75\/100\n|move|p1a: Bewear|Hammer Arm|p2a: Hormiga at\u00f3mica\n|-damage|p2a: Hormiga at\u00f3mica|28\/100\n|-unboost|p1a: Bewear|spe|1\n|\n|upkeep\n|turn|21\n|\n|t:|1699905009\n|move|p2a: Hormiga at\u00f3mica|Iron Head|p1a: Bewear|[miss]\n|-miss|p2a: Hormiga at\u00f3mica|p1a: Bewear\n|move|p1a: Bewear|Payback|p2a: Hormiga at\u00f3mica\n|-crit|p2a: Hormiga at\u00f3mica\n|-damage|p2a: Hormiga at\u00f3mica|0 fnt\n|faint|p2a: Hormiga at\u00f3mica\n|\n|upkeep\n|\n|t:|1699905013\n|switch|p2a: Lucario|Lucario-Mega, F|100\/100\n|turn|22\n|\n|t:|1699905019\n|move|p2a: Lucario|Close Combat|p1a: Bewear\n|-supereffective|p1a: Bewear\n|-damage|p1a: Bewear|0 fnt\n|-unboost|p2a: Lucario|def|1\n|-unboost|p2a: Lucario|spd|1\n|faint|p1a: Bewear\n|\n|win|fkfjdjjdj\n|raw|Crystal-thunder's rating: 1186 &rarr; <strong>1161<\/strong><br \/>(-25 for losing)\n|raw|fkfjdjjdj's rating: 1181 &rarr; <strong>1206<\/strong><br \/>(+25 for winning)\n|l|\u2606Crystal-thunder\n","uploadtime":1699905299,"views":20,"p1id":"crystalthunder","p2id":"fkfjdjjdj","formatid":"gen9nationaldexubers","rating":1161,"private":0,"password":""}