{"id":"gen9nationaldexubers-1988784965","p1":"Hud015","p2":"vuvu42","format":"[Gen 9] National Dex Ubers","log":"|j|\u2606Hud015\n|j|\u2606vuvu42\n|t:|1699762813\n|gametype|singles\n|player|p1|Hud015|n|\n|player|p2|vuvu42|byron|\n|teamsize|p1|6\n|teamsize|p2|6\n|gen|9\n|tier|[Gen 9] National Dex Ubers\n|rule|HP Percentage Mod: HP is shown in percentages\n|rule|Endless Battle Clause: Forcing endless battles is banned\n|rule|OHKO Clause: OHKO moves are banned\n|rule|Evasion Moves Clause: Evasion moves are banned\n|rule|Evasion Items Clause: Evasion items are banned\n|rule|Species Clause: Limit one of each Pok\u00e9mon\n|rule|Sleep Clause Mod: Limit one foe put to sleep\n|rule|Mega Rayquaza Clause: You cannot mega evolve Rayquaza\n|clearpoke\n|poke|p1|Latias, F|\n|poke|p1|Heatran, F|\n|poke|p1|Azumarill, M|\n|poke|p1|Buzzwole|\n|poke|p1|Ting-Lu|\n|poke|p1|Scyther, F|\n|poke|p2|Charizard, F|\n|poke|p2|Great Tusk|\n|poke|p2|Slowbro, F|\n|poke|p2|Gholdengo|\n|poke|p2|Serperior, M|\n|poke|p2|Weavile, F|\n|teampreview\n|j| dunsparcedingo\n|c| dunsparcedingo|first to say clumps\n|j| raynee22\n|c| raynee22|second to say clumps\n|\n|t:|1699762881\n|start\n|switch|p1a: Scyther|Scyther, F|100\/100\n|switch|p2a: theninjarpg|Weavile, F|100\/100\n|-ability|p2a: theninjarpg|Pressure\n|turn|1\n|\n|t:|1699762922\n|switch|p1a: Heatran|Heatran, F|100\/100\n|move|p2a: theninjarpg|Knock Off|p1a: Heatran\n|-damage|p1a: Heatran|37\/100\n|-enditem|p1a: Heatran|Leftovers|[from] move: Knock Off|[of] p2a: theninjarpg\n|\n|upkeep\n|turn|2\n|\n|t:|1699762959\n|move|p2a: theninjarpg|Knock Off|p1a: Heatran\n|-damage|p1a: Heatran|0 fnt\n|faint|p1a: Heatran\n|\n|upkeep\n|\n|t:|1699762978\n|switch|p1a: Buzzwole|Buzzwole|100\/100\n|turn|3\n|\n|t:|1699763038\n|switch|p2a: runescape|Gholdengo|100\/100\n|switch|p1a: Azumarill|Azumarill, M|100\/100\n|\n|upkeep\n|turn|4\n|\n|t:|1699763063\n|switch|p2a: pokemon crafter|Slowbro, F|100\/100\n|move|p1a: Azumarill|Knock Off|p2a: pokemon crafter\n|-supereffective|p2a: pokemon crafter\n|-damage|p2a: pokemon crafter|38\/100\n|-enditem|p2a: pokemon crafter|Leftovers|[from] move: Knock Off|[of] p1a: Azumarill\n|\n|upkeep\n|turn|5\n|\n|t:|1699763089\n|switch|p2a: serple haze|Serperior, M|100\/100\n|move|p1a: Azumarill|Knock Off|p2a: serple haze\n|-damage|p2a: serple haze|55\/100\n|-enditem|p2a: serple haze|Leftovers|[from] move: Knock Off|[of] p1a: Azumarill\n|\n|upkeep\n|turn|6\n|\n|t:|1699763108\n|move|p2a: serple haze|Glare|p1a: Azumarill\n|-status|p1a: Azumarill|par\n|move|p1a: Azumarill|Play Rough|p2a: serple haze\n|-damage|p2a: serple haze|0 fnt\n|faint|p2a: serple haze\n|\n|upkeep\n|\n|t:|1699763120\n|switch|p2a: neopets|Charizard, F|100\/100\n|turn|7\n|\n|t:|1699763153\n|detailschange|p2a: neopets|Charizard-Mega-Y, F\n|-mega|p2a: neopets|Charizard|Charizardite Y\n|-weather|SunnyDay|[from] ability: Drought|[of] p2a: neopets\n|move|p2a: neopets|Solar Beam||[still]\n|-prepare|p2a: neopets|Solar Beam\n|-anim|p2a: neopets|Solar Beam|p1a: Azumarill\n|-supereffective|p1a: Azumarill\n|-damage|p1a: Azumarill|34\/100 par\n|move|p1a: Azumarill|Liquidation|p2a: neopets\n|-supereffective|p2a: neopets\n|-damage|p2a: neopets|30\/100\n|\n|-weather|SunnyDay|[upkeep]\n|upkeep\n|turn|8\n|\n|t:|1699763183\n|switch|p2a: runescape|Gholdengo|100\/100\n|move|p1a: Azumarill|Aqua Jet|p2a: runescape\n|-damage|p2a: runescape|91\/100\n|\n|-weather|SunnyDay|[upkeep]\n|-heal|p2a: runescape|97\/100|[from] item: Leftovers\n|upkeep\n|turn|9\n|\n|t:|1699763194\n|move|p2a: runescape|Make It Rain|p1a: Azumarill\n|-damage|p1a: Azumarill|0 fnt\n|-unboost|p2a: runescape|spa|1\n|faint|p1a: Azumarill\n|\n|-weather|SunnyDay|[upkeep]\n|-heal|p2a: runescape|100\/100|[from] item: Leftovers\n|upkeep\n|\n|t:|1699763206\n|switch|p1a: Ting-Lu|Ting-Lu|100\/100\n|-ability|p1a: Ting-Lu|Vessel of Ruin\n|turn|10\n|\n|t:|1699763258\n|switch|p2a: maplestory|Great Tusk|100\/100\n|-activate|p2a: maplestory|ability: Protosynthesis\n|-start|p2a: maplestory|protosynthesisatk\n|move|p1a: Ting-Lu|Stealth Rock|p2a: maplestory\n|-sidestart|p2: vuvu42|move: Stealth Rock\n|\n|-weather|SunnyDay|[upkeep]\n|upkeep\n|turn|11\n|\n|t:|1699763278\n|switch|p1a: Latias|Latias, F|100\/100\n|move|p2a: maplestory|Close Combat|p1a: Latias\n|-resisted|p1a: Latias\n|-damage|p1a: Latias|57\/100\n|-unboost|p2a: maplestory|def|1\n|-unboost|p2a: maplestory|spd|1\n|\n|-weather|none\n|-end|p2a: maplestory|Protosynthesis\n|upkeep\n|turn|12\n|\n|t:|1699763290\n|-end|p2a: maplestory|Protosynthesis|[silent]\n|switch|p2a: runescape|Gholdengo|100\/100\n|-damage|p2a: runescape|94\/100|[from] Stealth Rock\n|detailschange|p1a: Latias|Latias-Mega, F\n|-mega|p1a: Latias|Latias|Latiasite\n|move|p1a: Latias|Psychic|p2a: runescape\n|-resisted|p2a: runescape\n|-damage|p2a: runescape|79\/100\n|\n|-heal|p2a: runescape|85\/100|[from] item: Leftovers\n|upkeep\n|turn|13\n|\n|t:|1699763317\n|switch|p1a: Ting-Lu|Ting-Lu|100\/100\n|-ability|p1a: Ting-Lu|Vessel of Ruin\n|move|p2a: runescape|Nasty Plot|p2a: runescape\n|-boost|p2a: runescape|spa|2\n|\n|-heal|p2a: runescape|91\/100|[from] item: Leftovers\n|upkeep\n|turn|14\n|\n|t:|1699763337\n|move|p2a: runescape|Nasty Plot|p2a: runescape\n|-boost|p2a: runescape|spa|2\n|move|p1a: Ting-Lu|Earthquake|p2a: runescape\n|-supereffective|p2a: runescape\n|-damage|p2a: runescape|24\/100\n|\n|-heal|p2a: runescape|30\/100|[from] item: Leftovers\n|upkeep\n|turn|15\n|\n|t:|1699763353\n|-terastallize|p2a: runescape|Water\n|move|p2a: runescape|Recover|p2a: runescape\n|-heal|p2a: runescape|80\/100\n|move|p1a: Ting-Lu|Earthquake|p2a: runescape\n|-damage|p2a: runescape|48\/100\n|\n|-heal|p2a: runescape|54\/100|[from] item: Leftovers\n|upkeep\n|turn|16\n|\n|t:|1699763362\n|move|p2a: runescape|Recover|p2a: runescape\n|-heal|p2a: runescape|100\/100\n|move|p1a: Ting-Lu|Earthquake|p2a: runescape\n|-damage|p2a: runescape|70\/100\n|\n|-heal|p2a: runescape|76\/100|[from] item: Leftovers\n|upkeep\n|turn|17\n|\n|t:|1699763386\n|move|p2a: runescape|Nasty Plot|p2a: runescape\n|-boost|p2a: runescape|spa|2\n|move|p1a: Ting-Lu|Earthquake|p2a: runescape\n|-damage|p2a: runescape|42\/100\n|\n|-heal|p2a: runescape|48\/100|[from] item: Leftovers\n|upkeep\n|turn|18\n|\n|t:|1699763393\n|move|p2a: runescape|Recover|p2a: runescape\n|-heal|p2a: runescape|98\/100\n|move|p1a: Ting-Lu|Earthquake|p2a: runescape\n|-damage|p2a: runescape|68\/100\n|\n|-heal|p2a: runescape|74\/100|[from] item: Leftovers\n|upkeep\n|turn|19\n|\n|t:|1699763402\n|move|p2a: runescape|Make It Rain|p1a: Ting-Lu\n|-damage|p1a: Ting-Lu|8\/100\n|-unboost|p2a: runescape|spa|1\n|move|p1a: Ting-Lu|Earthquake|p2a: runescape\n|-damage|p2a: runescape|43\/100\n|\n|-heal|p2a: runescape|49\/100|[from] item: Leftovers\n|-heal|p1a: Ting-Lu|14\/100|[from] item: Leftovers\n|upkeep\n|turn|20\n|\n|t:|1699763425\n|move|p2a: runescape|Recover|p2a: runescape\n|-heal|p2a: runescape|99\/100\n|move|p1a: Ting-Lu|Earthquake|p2a: runescape\n|-damage|p2a: runescape|68\/100\n|\n|-heal|p2a: runescape|75\/100|[from] item: Leftovers\n|-heal|p1a: Ting-Lu|21\/100|[from] item: Leftovers\n|upkeep\n|turn|21\n|\n|t:|1699763434\n|move|p2a: runescape|Nasty Plot|p2a: runescape\n|-boost|p2a: runescape|spa|1\n|move|p1a: Ting-Lu|Earthquake|p2a: runescape\n|-crit|p2a: runescape\n|-damage|p2a: runescape|30\/100\n|\n|-heal|p2a: runescape|36\/100|[from] item: Leftovers\n|-heal|p1a: Ting-Lu|27\/100|[from] item: Leftovers\n|upkeep\n|turn|22\n|\n|t:|1699763442\n|move|p2a: runescape|Recover|p2a: runescape\n|-heal|p2a: runescape|86\/100\n|move|p1a: Ting-Lu|Earthquake|p2a: runescape\n|-damage|p2a: runescape|57\/100\n|\n|-heal|p2a: runescape|63\/100|[from] item: Leftovers\n|-heal|p1a: Ting-Lu|33\/100|[from] item: Leftovers\n|upkeep\n|turn|23\n|\n|t:|1699763463\n|move|p2a: runescape|Shadow Ball|p1a: Ting-Lu\n|-resisted|p1a: Ting-Lu\n|-damage|p1a: Ting-Lu|1\/100\n|move|p1a: Ting-Lu|Earthquake|p2a: runescape\n|-crit|p2a: runescape\n|-damage|p2a: runescape|18\/100\n|\n|-heal|p2a: runescape|24\/100|[from] item: Leftovers\n|-heal|p1a: Ting-Lu|8\/100|[from] item: Leftovers\n|upkeep\n|turn|24\n|\n|t:|1699763506\n|move|p2a: runescape|Recover|p2a: runescape\n|-heal|p2a: runescape|74\/100\n|move|p1a: Ting-Lu|Earthquake|p2a: runescape\n|-damage|p2a: runescape|40\/100\n|\n|-heal|p2a: runescape|47\/100|[from] item: Leftovers\n|-heal|p1a: Ting-Lu|14\/100|[from] item: Leftovers\n|upkeep\n|turn|25\n|\n|t:|1699763514\n|move|p2a: runescape|Recover|p2a: runescape\n|-heal|p2a: runescape|97\/100\n|move|p1a: Ting-Lu|Earthquake|p2a: runescape\n|-damage|p2a: runescape|62\/100\n|\n|-heal|p2a: runescape|68\/100|[from] item: Leftovers\n|-heal|p1a: Ting-Lu|20\/100|[from] item: Leftovers\n|upkeep\n|turn|26\n|\n|t:|1699763524\n|move|p2a: runescape|Shadow Ball|p1a: Ting-Lu\n|-resisted|p1a: Ting-Lu\n|-crit|p1a: Ting-Lu\n|-damage|p1a: Ting-Lu|0 fnt\n|faint|p1a: Ting-Lu\n|\n|-heal|p2a: runescape|74\/100|[from] item: Leftovers\n|upkeep\n|c| dunsparcedingo|timer\n|c| dunsparcedingo|user hudson has 60 seconds remaining\n|\n|t:|1699763608\n|switch|p1a: Scyther|Scyther, F|100\/100\n|turn|27\n|\n|t:|1699763633\n|move|p1a: Scyther|Dual Wingbeat|p2a: runescape\n|-damage|p2a: runescape|50\/100\n|-damage|p2a: runescape|27\/100\n|-hitcount|p2a: runescape|2\n|move|p2a: runescape|Shadow Ball|p1a: Scyther\n|-damage|p1a: Scyther|0 fnt\n|faint|p1a: Scyther\n|\n|-heal|p2a: runescape|33\/100|[from] item: Leftovers\n|upkeep\n|\n|t:|1699763647\n|switch|p1a: Latias|Latias-Mega, F|57\/100\n|turn|28\n|\n|t:|1699763676\n|move|p1a: Latias|Psychic|p2a: runescape\n|-crit|p2a: runescape\n|-damage|p2a: runescape|0 fnt\n|faint|p2a: runescape\n|\n|upkeep\n|\n|t:|1699763682\n|switch|p2a: theninjarpg|Weavile, F|100\/100\n|-damage|p2a: theninjarpg|76\/100|[from] Stealth Rock\n|-ability|p2a: theninjarpg|Pressure\n|turn|29\n|\n|t:|1699763698\n|move|p2a: theninjarpg|Pursuit|p1a: Latias\n|-supereffective|p1a: Latias\n|-damage|p1a: Latias|8\/100\n|move|p1a: Latias|Aura Sphere|p2a: theninjarpg\n|-supereffective|p2a: theninjarpg\n|-damage|p2a: theninjarpg|0 fnt\n|faint|p2a: theninjarpg\n|\n|upkeep\n|\n|t:|1699763713\n|switch|p2a: pokemon crafter|Slowbro, F|71\/100\n|-damage|p2a: pokemon crafter|58\/100|[from] Stealth Rock\n|turn|30\n|\n|t:|1699763724\n|move|p1a: Latias|Roost|p1a: Latias\n|-heal|p1a: Latias|58\/100\n|-singleturn|p1a: Latias|move: Roost\n|move|p2a: pokemon crafter|Future Sight|p1a: Latias\n|-start|p2a: pokemon crafter|move: Future Sight\n|\n|upkeep\n|turn|31\n|\n|t:|1699763738\n|move|p1a: Latias|Roost|p1a: Latias\n|-heal|p1a: Latias|100\/100\n|-singleturn|p1a: Latias|move: Roost\n|move|p2a: pokemon crafter|Teleport|p2a: pokemon crafter\n|\n|t:|1699763746\n|switch|p2a: neopets|Charizard-Mega-Y, F|30\/100|[from] Teleport\n|-damage|p2a: neopets|0 fnt|[from] Stealth Rock\n|faint|p2a: neopets\n|\n|upkeep\n|\n|t:|1699763757\n|switch|p2a: maplestory|Great Tusk|100\/100\n|-damage|p2a: maplestory|98\/100|[from] Stealth Rock\n|turn|32\n|\n|t:|1699763767\n|move|p1a: Latias|Psychic|p2a: maplestory\n|-supereffective|p2a: maplestory\n|-damage|p2a: maplestory|0 fnt\n|faint|p2a: maplestory\n|-end|p2a: maplestory|Protosynthesis|[silent]\n|\n|-end|p1a: Latias|move: Future Sight\n|-resisted|p1a: Latias\n|-damage|p1a: Latias|88\/100\n|upkeep\n|\n|t:|1699763774\n|switch|p2a: pokemon crafter|Slowbro, F|92\/100\n|-damage|p2a: pokemon crafter|79\/100|[from] Stealth Rock\n|turn|33\n|\n|t:|1699763785\n|move|p1a: Latias|Psychic|p2a: pokemon crafter\n|-resisted|p2a: pokemon crafter\n|-damage|p2a: pokemon crafter|62\/100\n|move|p2a: pokemon crafter|Scald|p1a: Latias\n|-resisted|p1a: Latias\n|-damage|p1a: Latias|79\/100\n|\n|upkeep\n|turn|34\n|\n|t:|1699763793\n|move|p1a: Latias|Psychic|p2a: pokemon crafter\n|-resisted|p2a: pokemon crafter\n|-damage|p2a: pokemon crafter|47\/100\n|move|p2a: pokemon crafter|Scald|p1a: Latias\n|-resisted|p1a: Latias\n|-damage|p1a: Latias|71\/100\n|\n|upkeep\n|turn|35\n|-message|vuvu42 forfeited.\n|\n|win|Hud015\n|l|\u2606vuvu42\n","uploadtime":1699763811,"views":17,"p1id":"hud015","p2id":"vuvu42","formatid":"gen9nationaldexubers","rating":0,"private":0,"password":""}