{"id":"gen9nationaldexubers-1987973339","p1":"ambatusmurf","p2":"WesHC","format":"[Gen 9] National Dex Ubers","log":"|j|\u2606ambatusmurf\n|j|\u2606WesHC\n|t:|1699654758\n|gametype|singles\n|player|p1|ambatusmurf|rocker-gen3|1094\n|player|p2|WesHC|brock|1205\n|teamsize|p1|6\n|teamsize|p2|6\n|gen|9\n|tier|[Gen 9] National Dex Ubers\n|rated|\n|rule|HP Percentage Mod: HP is shown in percentages\n|rule|Endless Battle Clause: Forcing endless battles is banned\n|rule|OHKO Clause: OHKO moves are banned\n|rule|Evasion Moves Clause: Evasion moves are banned\n|rule|Evasion Items Clause: Evasion items are banned\n|rule|Species Clause: Limit one of each Pok\u00e9mon\n|rule|Sleep Clause Mod: Limit one foe put to sleep\n|rule|Mega Rayquaza Clause: You cannot mega evolve Rayquaza\n|clearpoke\n|poke|p1|Ledyba, M|\n|poke|p1|Diggersby, M|\n|poke|p1|Bisharp, F|\n|poke|p1|Giratina-Origin|\n|poke|p1|Druddigon, M|\n|poke|p1|Salamence, M|\n|poke|p2|Iron Valiant|\n|poke|p2|Grimmsnarl, M|\n|poke|p2|Magearna|\n|poke|p2|Azumarill, M|\n|poke|p2|Gardevoir, F|\n|poke|p2|Weezing-Galar, M|\n|teampreview\n|inactive|Battle timer is ON: inactive players will automatically lose when time's up. (requested by ambatusmurf)\n|\n|t:|1699654771\n|start\n|switch|p1a: bimmy|Ledyba, M|100\/100\n|switch|p2a: Weezing|Weezing-Galar, M|100\/100\n|-fieldstart|move: Misty Terrain|[from] ability: Misty Surge|[of] p2a: Weezing\n|turn|1\n|\n|t:|1699654777\n|move|p2a: Weezing|Misty Explosion|p1a: bimmy\n|-damage|p1a: bimmy|45\/100\n|faint|p2a: Weezing\n|move|p1a: bimmy|Encore|p2: Weezing|[notarget]\n|-fail|p1a: bimmy\n|\n|upkeep\n|\n|t:|1699654782\n|switch|p2a: Azumarill|Azumarill, M|100\/100\n|turn|2\n|\n|t:|1699654789\n|move|p1a: bimmy|Encore||[still]\n|-fail|p1a: bimmy\n|-zpower|p2a: Azumarill\n|move|p2a: Azumarill|Z-Belly Drum|p2a: Azumarill|[anim]Belly Drum\n|-damage|p2a: Azumarill|51\/100\n|-setboost|p2a: Azumarill|atk|6|[from] move: Belly Drum\n|\n|upkeep\n|turn|3\n|\n|t:|1699654796\n|move|p2a: Azumarill|Aqua Jet|p1a: bimmy\n|-damage|p1a: bimmy|0 fnt\n|faint|p1a: bimmy\n|\n|upkeep\n|\n|t:|1699654800\n|switch|p1a: halloweenie|Druddigon, M, shiny|100\/100\n|turn|4\n|\n|t:|1699654808\n|-terastallize|p1a: halloweenie|Poison\n|move|p2a: Azumarill|Play Rough|p1a: halloweenie\n|-resisted|p1a: halloweenie\n|-damage|p1a: halloweenie|23\/100\n|-damage|p2a: Azumarill|38\/100|[from] ability: Rough Skin|[of] p1a: halloweenie\n|-damage|p2a: Azumarill|22\/100|[from] item: Rocky Helmet|[of] p1a: halloweenie\n|move|p1a: halloweenie|Stealth Rock|p2a: Azumarill\n|-sidestart|p2: WesHC|move: Stealth Rock\n|\n|upkeep\n|turn|5\n|\n|t:|1699654824\n|move|p2a: Azumarill|Knock Off|p1a: halloweenie\n|-damage|p1a: halloweenie|0 fnt\n|-damage|p2a: Azumarill|10\/100|[from] ability: Rough Skin|[of] p1a: halloweenie\n|-damage|p2a: Azumarill|0 fnt|[from] item: Rocky Helmet|[of] p1a: halloweenie\n|faint|p1a: halloweenie\n|faint|p2a: Azumarill\n|\n|upkeep\n|\n|t:|1699654831\n|switch|p2a: Grimmsnarl|Grimmsnarl, M|100\/100\n|switch|p1a: super hornio bros|Bisharp, F, shiny|100\/100\n|-ability|p1a: super hornio bros|Pressure\n|-damage|p2a: Grimmsnarl|88\/100|[from] Stealth Rock\n|turn|6\n|\n|t:|1699654838\n|move|p1a: super hornio bros|Mean Look|p2a: Grimmsnarl\n|-activate|p2a: Grimmsnarl|trapped\n|move|p2a: Grimmsnarl|Foul Play|p1a: super hornio bros\n|-resisted|p1a: super hornio bros\n|-damage|p1a: super hornio bros|90\/100\n|\n|upkeep\n|turn|7\n|\n|t:|1699654844\n|move|p2a: Grimmsnarl|Reflect|p2a: Grimmsnarl\n|-sidestart|p2: WesHC|Reflect\n|move|p1a: super hornio bros|Iron Defense|p1a: super hornio bros\n|-boost|p1a: super hornio bros|def|2\n|\n|upkeep\n|turn|8\n|\n|t:|1699654847\n|move|p2a: Grimmsnarl|Light Screen|p2a: Grimmsnarl\n|-sidestart|p2: WesHC|move: Light Screen\n|move|p1a: super hornio bros|Iron Defense|p1a: super hornio bros\n|-boost|p1a: super hornio bros|def|2\n|\n|-fieldend|Misty Terrain\n|upkeep\n|turn|9\n|\n|t:|1699654850\n|move|p1a: super hornio bros|Iron Defense|p1a: super hornio bros\n|-boost|p1a: super hornio bros|def|2\n|move|p2a: Grimmsnarl|Foul Play|p1a: super hornio bros\n|-resisted|p1a: super hornio bros\n|-damage|p1a: super hornio bros|87\/100\n|\n|upkeep\n|turn|10\n|\n|t:|1699654852\n|move|p1a: super hornio bros|Spite|p2a: Grimmsnarl\n|-activate|p2a: Grimmsnarl|move: Spite|Foul Play|4\n|move|p2a: Grimmsnarl|Foul Play|p1a: super hornio bros\n|-resisted|p1a: super hornio bros\n|-damage|p1a: super hornio bros|85\/100\n|\n|upkeep\n|turn|11\n|\n|t:|1699654855\n|move|p1a: super hornio bros|Spite|p2a: Grimmsnarl\n|-activate|p2a: Grimmsnarl|move: Spite|Foul Play|4\n|move|p2a: Grimmsnarl|Foul Play|p1a: super hornio bros\n|-resisted|p1a: super hornio bros\n|-damage|p1a: super hornio bros|82\/100\n|\n|upkeep\n|turn|12\n|\n|t:|1699654858\n|move|p1a: super hornio bros|Spite|p2a: Grimmsnarl\n|-activate|p2a: Grimmsnarl|move: Spite|Foul Play|4\n|move|p2a: Grimmsnarl|Foul Play|p1a: super hornio bros\n|-resisted|p1a: super hornio bros\n|-crit|p1a: super hornio bros\n|-damage|p1a: super hornio bros|67\/100\n|\n|upkeep\n|turn|13\n|\n|t:|1699654860\n|move|p1a: super hornio bros|Spite|p2a: Grimmsnarl\n|-activate|p2a: Grimmsnarl|move: Spite|Foul Play|2\n|cant|p2a: Grimmsnarl|nopp|Foul Play\n|\n|upkeep\n|turn|14\n|\n|t:|1699654864\n|move|p2a: Grimmsnarl|Taunt|p1a: super hornio bros\n|-hint|Since gen 7, Dark is immune to Prankster moves.\n|-immune|p1a: super hornio bros\n|move|p1a: super hornio bros|Iron Defense|p1a: super hornio bros\n|-boost|p1a: super hornio bros|def|0\n|\n|-sideend|p2: WesHC|Reflect\n|upkeep\n|turn|15\n|\n|t:|1699654869\n|move|p2a: Grimmsnarl|Taunt|p1a: super hornio bros\n|-hint|Since gen 7, Dark is immune to Prankster moves.\n|-immune|p1a: super hornio bros\n|move|p1a: super hornio bros|Spite|p2a: Grimmsnarl\n|-activate|p2a: Grimmsnarl|move: Spite|Taunt|4\n|\n|-sideend|p2: WesHC|move: Light Screen\n|upkeep\n|turn|16\n|c|\u2606ambatusmurf|this how you cut a xancake\n|\n|t:|1699654873\n|move|p2a: Grimmsnarl|Reflect|p2a: Grimmsnarl\n|-sidestart|p2: WesHC|Reflect\n|move|p1a: super hornio bros|Spite|p2a: Grimmsnarl\n|-activate|p2a: Grimmsnarl|move: Spite|Reflect|4\n|\n|upkeep\n|turn|17\n|c|\u2606ambatusmurf|caked i fear\n|\n|t:|1699654877\n|move|p2a: Grimmsnarl|Light Screen|p2a: Grimmsnarl\n|-sidestart|p2: WesHC|move: Light Screen\n|move|p1a: super hornio bros|Spite|p2a: Grimmsnarl\n|-activate|p2a: Grimmsnarl|move: Spite|Light Screen|4\n|\n|upkeep\n|turn|18\n|\n|t:|1699654881\n|move|p2a: Grimmsnarl|Taunt|p1a: super hornio bros\n|-hint|Since gen 7, Dark is immune to Prankster moves.\n|-immune|p1a: super hornio bros\n|move|p1a: super hornio bros|Spite|p2a: Grimmsnarl\n|-activate|p2a: Grimmsnarl|move: Spite|Taunt|4\n|\n|upkeep\n|turn|19\n|\n|t:|1699654884\n|move|p2a: Grimmsnarl|Taunt|p1a: super hornio bros\n|-hint|Since gen 7, Dark is immune to Prankster moves.\n|-immune|p1a: super hornio bros\n|move|p1a: super hornio bros|Spite|p2a: Grimmsnarl\n|-activate|p2a: Grimmsnarl|move: Spite|Taunt|4\n|\n|upkeep\n|turn|20\n|\n|t:|1699654887\n|move|p2a: Grimmsnarl|Taunt|p1a: super hornio bros\n|-hint|Since gen 7, Dark is immune to Prankster moves.\n|-immune|p1a: super hornio bros\n|move|p1a: super hornio bros|Spite|p2a: Grimmsnarl\n|-activate|p2a: Grimmsnarl|move: Spite|Taunt|4\n|\n|upkeep\n|turn|21\n|\n|t:|1699654891\n|move|p2a: Grimmsnarl|Taunt|p1a: super hornio bros\n|-hint|Since gen 7, Dark is immune to Prankster moves.\n|-immune|p1a: super hornio bros\n|move|p1a: super hornio bros|Spite|p2a: Grimmsnarl\n|-activate|p2a: Grimmsnarl|move: Spite|Taunt|4\n|\n|upkeep\n|turn|22\n|\n|t:|1699654894\n|move|p2a: Grimmsnarl|Reflect||[still]\n|-fail|p2a: Grimmsnarl\n|move|p1a: super hornio bros|Spite|p2a: Grimmsnarl\n|-activate|p2a: Grimmsnarl|move: Spite|Reflect|4\n|\n|upkeep\n|turn|23\n|\n|t:|1699654896\n|move|p2a: Grimmsnarl|Light Screen||[still]\n|-fail|p2a: Grimmsnarl\n|move|p1a: super hornio bros|Spite|p2a: Grimmsnarl\n|-activate|p2a: Grimmsnarl|move: Spite|Light Screen|4\n|\n|-sideend|p2: WesHC|Reflect\n|upkeep\n|turn|24\n|\n|t:|1699654899\n|move|p2a: Grimmsnarl|Reflect|p2a: Grimmsnarl\n|-sidestart|p2: WesHC|Reflect\n|move|p1a: super hornio bros|Spite|p2a: Grimmsnarl\n|-activate|p2a: Grimmsnarl|move: Spite|Reflect|4\n|\n|-sideend|p2: WesHC|move: Light Screen\n|upkeep\n|turn|25\n|\n|t:|1699654901\n|move|p2a: Grimmsnarl|Light Screen|p2a: Grimmsnarl\n|-sidestart|p2: WesHC|move: Light Screen\n|move|p1a: super hornio bros|Spite|p2a: Grimmsnarl\n|-activate|p2a: Grimmsnarl|move: Spite|Light Screen|4\n|\n|upkeep\n|turn|26\n|\n|t:|1699654903\n|move|p2a: Grimmsnarl|Reflect||[still]\n|-fail|p2a: Grimmsnarl\n|move|p1a: super hornio bros|Spite|p2a: Grimmsnarl\n|-activate|p2a: Grimmsnarl|move: Spite|Reflect|4\n|\n|upkeep\n|turn|27\n|\n|t:|1699654907\n|move|p2a: Grimmsnarl|Light Screen||[still]\n|-fail|p2a: Grimmsnarl\n|move|p1a: super hornio bros|Iron Defense|p1a: super hornio bros\n|-boost|p1a: super hornio bros|def|0\n|\n|upkeep\n|turn|28\n|\n|t:|1699654910\n|move|p2a: Grimmsnarl|Reflect||[still]\n|-fail|p2a: Grimmsnarl\n|move|p1a: super hornio bros|Rest|p1a: super hornio bros\n|-status|p1a: super hornio bros|slp|[from] move: Rest\n|-heal|p1a: super hornio bros|100\/100 slp|[silent]\n|\n|upkeep\n|turn|29\n|\n|t:|1699654913\n|move|p2a: Grimmsnarl|Light Screen||[still]\n|-fail|p2a: Grimmsnarl\n|cant|p1a: super hornio bros|slp\n|\n|upkeep\n|turn|30\n|\n|t:|1699654915\n|move|p2a: Grimmsnarl|Reflect||[still]\n|-fail|p2a: Grimmsnarl\n|cant|p1a: super hornio bros|slp\n|\n|upkeep\n|turn|31\n|\n|t:|1699654919\n|move|p2a: Grimmsnarl|Light Screen||[still]\n|-fail|p2a: Grimmsnarl\n|-curestatus|p1a: super hornio bros|slp|[msg]\n|move|p1a: super hornio bros|Iron Defense|p1a: super hornio bros\n|-boost|p1a: super hornio bros|def|0\n|\n|-sideend|p2: WesHC|Reflect\n|upkeep\n|turn|32\n|\n|t:|1699654924\n|move|p2a: Grimmsnarl|Reflect|p2a: Grimmsnarl\n|-sidestart|p2: WesHC|Reflect\n|move|p1a: super hornio bros|Iron Defense|p1a: super hornio bros\n|-boost|p1a: super hornio bros|def|0\n|\n|-sideend|p2: WesHC|move: Light Screen\n|upkeep\n|turn|33\n|\n|t:|1699654927\n|move|p2a: Grimmsnarl|Light Screen|p2a: Grimmsnarl\n|-sidestart|p2: WesHC|move: Light Screen\n|move|p1a: super hornio bros|Iron Defense|p1a: super hornio bros\n|-boost|p1a: super hornio bros|def|0\n|\n|upkeep\n|turn|34\n|\n|t:|1699654929\n|move|p2a: Grimmsnarl|Reflect||[still]\n|-fail|p2a: Grimmsnarl\n|move|p1a: super hornio bros|Iron Defense|p1a: super hornio bros\n|-boost|p1a: super hornio bros|def|0\n|\n|upkeep\n|turn|35\n|\n|t:|1699654932\n|move|p2a: Grimmsnarl|Light Screen||[still]\n|-fail|p2a: Grimmsnarl\n|move|p1a: super hornio bros|Iron Defense|p1a: super hornio bros\n|-boost|p1a: super hornio bros|def|0\n|\n|upkeep\n|turn|36\n|\n|t:|1699654934\n|move|p2a: Grimmsnarl|Reflect||[still]\n|-fail|p2a: Grimmsnarl\n|move|p1a: super hornio bros|Iron Defense|p1a: super hornio bros\n|-boost|p1a: super hornio bros|def|0\n|\n|upkeep\n|turn|37\n|\n|t:|1699654937\n|move|p2a: Grimmsnarl|Light Screen||[still]\n|-fail|p2a: Grimmsnarl\n|move|p1a: super hornio bros|Iron Defense|p1a: super hornio bros\n|-boost|p1a: super hornio bros|def|0\n|\n|upkeep\n|turn|38\n|\n|t:|1699654939\n|move|p2a: Grimmsnarl|Light Screen||[still]\n|-fail|p2a: Grimmsnarl\n|move|p1a: super hornio bros|Iron Defense|p1a: super hornio bros\n|-boost|p1a: super hornio bros|def|0\n|\n|upkeep\n|turn|39\n|\n|t:|1699654941\n|move|p2a: Grimmsnarl|Light Screen||[still]\n|-fail|p2a: Grimmsnarl\n|move|p1a: super hornio bros|Iron Defense|p1a: super hornio bros\n|-boost|p1a: super hornio bros|def|0\n|\n|-sideend|p2: WesHC|Reflect\n|upkeep\n|turn|40\n|\n|t:|1699654943\n|move|p2a: Grimmsnarl|Light Screen||[still]\n|-fail|p2a: Grimmsnarl\n|move|p1a: super hornio bros|Iron Defense|p1a: super hornio bros\n|-boost|p1a: super hornio bros|def|0\n|\n|-sideend|p2: WesHC|move: Light Screen\n|upkeep\n|turn|41\n|\n|t:|1699654945\n|move|p2a: Grimmsnarl|Light Screen|p2a: Grimmsnarl\n|-sidestart|p2: WesHC|move: Light Screen\n|move|p1a: super hornio bros|Iron Defense|p1a: super hornio bros\n|-boost|p1a: super hornio bros|def|0\n|\n|upkeep\n|turn|42\n|\n|t:|1699654946\n|move|p2a: Grimmsnarl|Light Screen||[still]\n|-fail|p2a: Grimmsnarl\n|move|p1a: super hornio bros|Iron Defense|p1a: super hornio bros\n|-boost|p1a: super hornio bros|def|0\n|\n|upkeep\n|turn|43\n|\n|t:|1699654948\n|move|p2a: Grimmsnarl|Light Screen||[still]\n|-fail|p2a: Grimmsnarl\n|move|p1a: super hornio bros|Iron Defense|p1a: super hornio bros\n|-boost|p1a: super hornio bros|def|0\n|\n|upkeep\n|turn|44\n|\n|t:|1699654950\n|move|p2a: Grimmsnarl|Reflect|p2a: Grimmsnarl\n|-sidestart|p2: WesHC|Reflect\n|move|p1a: super hornio bros|Iron Defense|p1a: super hornio bros\n|-boost|p1a: super hornio bros|def|0\n|\n|upkeep\n|turn|45\n|\n|t:|1699654952\n|move|p2a: Grimmsnarl|Light Screen||[still]\n|-fail|p2a: Grimmsnarl\n|move|p1a: super hornio bros|Iron Defense|p1a: super hornio bros\n|-boost|p1a: super hornio bros|def|0\n|\n|upkeep\n|turn|46\n|\n|t:|1699654954\n|move|p2a: Grimmsnarl|Light Screen||[still]\n|-fail|p2a: Grimmsnarl\n|move|p1a: super hornio bros|Iron Defense|p1a: super hornio bros\n|-boost|p1a: super hornio bros|def|0\n|\n|upkeep\n|turn|47\n|\n|t:|1699654956\n|move|p2a: Grimmsnarl|Light Screen||[still]\n|-fail|p2a: Grimmsnarl\n|move|p1a: super hornio bros|Iron Defense|p1a: super hornio bros\n|-boost|p1a: super hornio bros|def|0\n|\n|upkeep\n|turn|48\n|\n|t:|1699654957\n|move|p2a: Grimmsnarl|Light Screen||[still]\n|-fail|p2a: Grimmsnarl\n|move|p1a: super hornio bros|Iron Defense|p1a: super hornio bros\n|-boost|p1a: super hornio bros|def|0\n|\n|-sideend|p2: WesHC|move: Light Screen\n|upkeep\n|turn|49\n|\n|t:|1699654959\n|move|p2a: Grimmsnarl|Light Screen|p2a: Grimmsnarl\n|-sidestart|p2: WesHC|move: Light Screen\n|move|p1a: super hornio bros|Iron Defense|p1a: super hornio bros\n|-boost|p1a: super hornio bros|def|0\n|\n|upkeep\n|turn|50\n|\n|t:|1699654965\n|switch|p1a: Diggersby|Diggersby, M, shiny|100\/100\n|move|p2a: Grimmsnarl|Light Screen||[still]\n|-fail|p2a: Grimmsnarl\n|\n|upkeep\n|turn|51\n|\n|t:|1699654967\n|move|p2a: Grimmsnarl|Light Screen||[still]\n|-fail|p2a: Grimmsnarl\n|move|p1a: Diggersby|U-turn|p2a: Grimmsnarl\n|-damage|p2a: Grimmsnarl|75\/100\n|\n|t:|1699654969\n|switch|p1a: super hornio bros|Bisharp, F, shiny|100\/100|[from] U-turn\n|-ability|p1a: super hornio bros|Pressure\n|\n|-sideend|p2: WesHC|Reflect\n|upkeep\n|turn|52\n|\n|t:|1699654971\n|move|p2a: Grimmsnarl|Reflect|p2a: Grimmsnarl\n|-sidestart|p2: WesHC|Reflect\n|move|p1a: super hornio bros|Mean Look|p2a: Grimmsnarl\n|-activate|p2a: Grimmsnarl|trapped\n|\n|upkeep\n|turn|53\n|\n|t:|1699654976\n|move|p2a: Grimmsnarl|Light Screen||[still]\n|-fail|p2a: Grimmsnarl\n|move|p1a: super hornio bros|Rest|p1a: super hornio bros\n|-fail|p1a: super hornio bros|heal\n|\n|upkeep\n|turn|54\n|\n|t:|1699654979\n|move|p2a: Grimmsnarl|Light Screen||[still]\n|-fail|p2a: Grimmsnarl\n|move|p1a: super hornio bros|Mean Look||[still]\n|-fail|p1a: super hornio bros\n|\n|upkeep\n|turn|55\n|\n|t:|1699654981\n|move|p2a: Grimmsnarl|Light Screen||[still]\n|-fail|p2a: Grimmsnarl\n|move|p1a: super hornio bros|Rest|p1a: super hornio bros\n|-fail|p1a: super hornio bros|heal\n|\n|upkeep\n|turn|56\n|\n|t:|1699654983\n|move|p2a: Grimmsnarl|Light Screen||[still]\n|-fail|p2a: Grimmsnarl\n|move|p1a: super hornio bros|Mean Look||[still]\n|-fail|p1a: super hornio bros\n|\n|-sideend|p2: WesHC|move: Light Screen\n|upkeep\n|turn|57\n|\n|t:|1699654985\n|move|p2a: Grimmsnarl|Light Screen|p2a: Grimmsnarl\n|-sidestart|p2: WesHC|move: Light Screen\n|move|p1a: super hornio bros|Mean Look||[still]\n|-fail|p1a: super hornio bros\n|\n|upkeep\n|turn|58\n|\n|t:|1699654986\n|move|p2a: Grimmsnarl|Light Screen||[still]\n|-fail|p2a: Grimmsnarl\n|move|p1a: super hornio bros|Rest|p1a: super hornio bros\n|-fail|p1a: super hornio bros|heal\n|\n|upkeep\n|turn|59\n|\n|t:|1699654988\n|move|p2a: Grimmsnarl|Light Screen||[still]\n|-fail|p2a: Grimmsnarl\n|move|p1a: super hornio bros|Rest|p1a: super hornio bros\n|-fail|p1a: super hornio bros|heal\n|\n|-sideend|p2: WesHC|Reflect\n|upkeep\n|turn|60\n|\n|t:|1699654990\n|move|p2a: Grimmsnarl|Light Screen||[still]\n|-fail|p2a: Grimmsnarl\n|move|p1a: super hornio bros|Rest|p1a: super hornio bros\n|-fail|p1a: super hornio bros|heal\n|\n|upkeep\n|turn|61\n|\n|t:|1699654992\n|move|p2a: Grimmsnarl|Light Screen||[still]\n|-fail|p2a: Grimmsnarl\n|move|p1a: super hornio bros|Rest|p1a: super hornio bros\n|-fail|p1a: super hornio bros|heal\n|\n|upkeep\n|turn|62\n|\n|t:|1699654994\n|move|p2a: Grimmsnarl|Reflect|p2a: Grimmsnarl\n|-sidestart|p2: WesHC|Reflect\n|move|p1a: super hornio bros|Rest|p1a: super hornio bros\n|-fail|p1a: super hornio bros|heal\n|\n|upkeep\n|turn|63\n|\n|t:|1699654997\n|move|p2a: Grimmsnarl|Light Screen||[still]\n|-fail|p2a: Grimmsnarl\n|move|p1a: super hornio bros|Mean Look||[still]\n|-fail|p1a: super hornio bros\n|\n|upkeep\n|turn|64\n|\n|t:|1699654998\n|move|p2a: Grimmsnarl|Reflect||[still]\n|-fail|p2a: Grimmsnarl\n|move|p1a: super hornio bros|Mean Look||[still]\n|-fail|p1a: super hornio bros\n|\n|-sideend|p2: WesHC|move: Light Screen\n|upkeep\n|turn|65\n|\n|t:|1699655000\n|move|p2a: Grimmsnarl|Light Screen|p2a: Grimmsnarl\n|-sidestart|p2: WesHC|move: Light Screen\n|move|p1a: super hornio bros|Mean Look||[still]\n|-fail|p1a: super hornio bros\n|\n|upkeep\n|turn|66\n|\n|t:|1699655004\n|move|p2a: Grimmsnarl|Reflect||[still]\n|-fail|p2a: Grimmsnarl\n|-activate|p1a: super hornio bros|move: Struggle\n|move|p1a: super hornio bros|Struggle|p2a: Grimmsnarl\n|-damage|p2a: Grimmsnarl|70\/100\n|-damage|p1a: super hornio bros|75\/100|[from] recoil\n|\n|upkeep\n|turn|67\n|\n|t:|1699655006\n|move|p2a: Grimmsnarl|Light Screen||[still]\n|-fail|p2a: Grimmsnarl\n|-activate|p1a: super hornio bros|move: Struggle\n|move|p1a: super hornio bros|Struggle|p2a: Grimmsnarl\n|-damage|p2a: Grimmsnarl|65\/100\n|-damage|p1a: super hornio bros|50\/100|[from] recoil\n|\n|upkeep\n|turn|68\n|\n|t:|1699655008\n|move|p2a: Grimmsnarl|Reflect||[still]\n|-fail|p2a: Grimmsnarl\n|-activate|p1a: super hornio bros|move: Struggle\n|move|p1a: super hornio bros|Struggle|p2a: Grimmsnarl\n|-damage|p2a: Grimmsnarl|60\/100\n|-damage|p1a: super hornio bros|25\/100|[from] recoil\n|\n|upkeep\n|turn|69\n|\n|t:|1699655010\n|move|p2a: Grimmsnarl|Light Screen||[still]\n|-fail|p2a: Grimmsnarl\n|-activate|p1a: super hornio bros|move: Struggle\n|move|p1a: super hornio bros|Struggle|p2a: Grimmsnarl\n|-damage|p2a: Grimmsnarl|54\/100\n|-damage|p1a: super hornio bros|0 fnt|[from] recoil\n|faint|p1a: super hornio bros\n|\n|-sideend|p2: WesHC|Reflect\n|upkeep\n|\n|t:|1699655013\n|switch|p1a: Salamence|Salamence, M, shiny|100\/100\n|-ability|p1a: Salamence|Intimidate|boost\n|-unboost|p2a: Grimmsnarl|atk|1\n|turn|70\n|\n|t:|1699655018\n|switch|p2a: Magearna|Magearna|100\/100\n|-damage|p2a: Magearna|95\/100|[from] Stealth Rock\n|detailschange|p1a: Salamence|Salamence-Mega, M, shiny\n|-mega|p1a: Salamence|Salamence|Salamencite\n|move|p1a: Salamence|Dragon Dance|p1a: Salamence\n|-boost|p1a: Salamence|atk|1\n|-boost|p1a: Salamence|spe|1\n|\n|upkeep\n|turn|71\n|\n|t:|1699655025\n|move|p1a: Salamence|Earthquake|p2a: Magearna\n|-supereffective|p2a: Magearna\n|-damage|p2a: Magearna|0 fnt\n|faint|p2a: Magearna\n|\n|upkeep\n|\n|t:|1699655029\n|switch|p2a: Grimmsnarl|Grimmsnarl, M|54\/100\n|-damage|p2a: Grimmsnarl|42\/100|[from] Stealth Rock\n|turn|72\n|\n|t:|1699655032\n|move|p1a: Salamence|Dragon Dance|p1a: Salamence\n|-boost|p1a: Salamence|atk|1\n|-boost|p1a: Salamence|spe|1\n|-activate|p2a: Grimmsnarl|move: Struggle\n|move|p2a: Grimmsnarl|Struggle|p1a: Salamence\n|-damage|p1a: Salamence|90\/100\n|-damage|p2a: Grimmsnarl|17\/100|[from] recoil\n|\n|-sideend|p2: WesHC|move: Light Screen\n|upkeep\n|turn|73\n|-message|WesHC forfeited.\n|\n|win|ambatusmurf\n|raw|ambatusmurf's rating: 1094 &rarr; <strong>1128<\/strong><br \/>(+34 for winning)\n|raw|WesHC's rating: 1205 &rarr; <strong>1172<\/strong><br \/>(-33 for losing)\n|l|\u2606WesHC\n","uploadtime":1699655041,"views":6,"p1id":"ambatusmurf","p2id":"weshc","formatid":"gen9nationaldexubers","rating":1128,"private":0,"password":""}