{"id":"gen9nationaldexubers-1999611329","p1":"Gladiator_Kraken","p2":"Ginesect","format":"[Gen 9] National Dex Ubers","log":"|j|\u2606Gladiator_Kraken\n|j|\u2606Ginesect\n|t:|1701101055\n|gametype|singles\n|player|p1|Gladiator_Kraken|rika|\n|player|p2|Ginesect|cynthia|\n|teamsize|p1|6\n|teamsize|p2|6\n|gen|9\n|tier|[Gen 9] National Dex Ubers\n|rule|HP Percentage Mod: HP is shown in percentages\n|rule|Endless Battle Clause: Forcing endless battles is banned\n|rule|OHKO Clause: OHKO moves are banned\n|rule|Evasion Moves Clause: Evasion moves are banned\n|rule|Evasion Items Clause: Evasion items are banned\n|rule|Species Clause: Limit one of each Pok\u00e9mon\n|rule|Sleep Clause Mod: Limit one foe put to sleep\n|rule|Mega Rayquaza Clause: You cannot mega evolve Rayquaza\n|clearpoke\n|poke|p1|Alomomola, F|\n|poke|p1|Landorus-Therian, M|\n|poke|p1|Kyurem|\n|poke|p1|Rillaboom, F|\n|poke|p1|Iron Moth|\n|poke|p1|Scizor, F|\n|poke|p2|Ninetales-Alola, M|\n|poke|p2|Arctozolt|\n|poke|p2|Mamoswine, M|\n|poke|p2|Chien-Pao|\n|poke|p2|Landorus-Therian, M|\n|poke|p2|Articuno|\n|teampreview\n|j| AlolanSandslashOU\n|c| AlolanSandslashOU|Iron moth user\n|c| AlolanSandslashOU|Based\n|c|\u2606Ginesect|Bad luck don't have fun\n|j| Razorgliscor472\n|\n|t:|1701101089\n|start\n|switch|p1a: Scizor|Scizor, F|100\/100\n|switch|p2a: Mamoswine|Mamoswine, M|100\/100\n|turn|1\n|c|\u2606Ginesect|I made a mistake\n|c|\u2606Ginesect|I didn't bring moltres\n|c| AlolanSandslashOU|rip\n|\n|t:|1701101103\n|detailschange|p1a: Scizor|Scizor-Mega, F\n|-mega|p1a: Scizor|Scizor|Scizorite\n|move|p2a: Mamoswine|Knock Off|p1a: Scizor\n|-damage|p1a: Scizor|82\/100\n|move|p1a: Scizor|U-turn|p2a: Mamoswine\n|-damage|p2a: Mamoswine|57\/100\n|c|\u2606Ginesect|Wait\n|c| Razorgliscor472|Rip\n|c|\u2606Ginesect|I fucking hate my fingers\n|c| AlolanSandslashOU|we do knock off\n|c|\u2606Ginesect|\ud83d\udc80\n|c|\u2606Ginesect|bro\n|c| Razorgliscor472|I dont usually cteam people\n|\n|t:|1701101124\n|switch|p1a: Iron Moth|Iron Moth|100\/100|[from] U-turn\n|-item|p1a: Iron Moth|Air Balloon\n|\n|upkeep\n|turn|2\n|c|\u2606Ginesect|I was about to click smth else\n|c|\u2606Ginesect|Fuck me\n|c| AlolanSandslashOU|Balloon moth over\n|\n|t:|1701101136\n|move|p1a: Iron Moth|Agility|p1a: Iron Moth\n|-boost|p1a: Iron Moth|spe|2\n|move|p2a: Mamoswine|Stealth Rock|p1a: Iron Moth\n|-sidestart|p1: Gladiator_Kraken|move: Stealth Rock\n|\n|upkeep\n|turn|3\n|c| AlolanSandslashOU|booster\n|c| AlolanSandslashOU|AGILKTY\n|\n|t:|1701101145\n|move|p1a: Iron Moth|Fiery Dance|p2a: Mamoswine\n|-supereffective|p2a: Mamoswine\n|-damage|p2a: Mamoswine|3\/100\n|move|p2a: Mamoswine|Knock Off|p1a: Iron Moth\n|-damage|p1a: Iron Moth|38\/100\n|-enditem|p1a: Iron Moth|Air Balloon\n|\n|upkeep\n|turn|4\n|\n|t:|1701101150\n|move|p2a: Mamoswine|Ice Shard|p1a: Iron Moth\n|-resisted|p1a: Iron Moth\n|-damage|p1a: Iron Moth|19\/100\n|move|p1a: Iron Moth|Fiery Dance|p2a: Mamoswine\n|-supereffective|p2a: Mamoswine\n|-damage|p2a: Mamoswine|0 fnt\n|-boost|p1a: Iron Moth|spa|1\n|faint|p2a: Mamoswine\n|\n|upkeep\n|\n|t:|1701101162\n|switch|p2a: Chien-Pao|Chien-Pao|100\/100\n|-ability|p2a: Chien-Pao|Sword of Ruin\n|turn|5\n|\n|t:|1701101163\n|move|p2a: Chien-Pao|Sucker Punch|p1a: Iron Moth\n|-damage|p1a: Iron Moth|0 fnt\n|faint|p1a: Iron Moth\n|-end|p1a: Iron Moth|Quark Drive|[silent]\n|\n|upkeep\n|\n|t:|1701101167\n|switch|p1a: Alomomola|Alomomola, F|100\/100\n|-damage|p1a: Alomomola|88\/100|[from] Stealth Rock\n|turn|6\n|\n|t:|1701101171\n|switch|p2a: Articuno|Articuno|100\/100\n|move|p1a: Alomomola|Flip Turn|p2a: Articuno\n|-damage|p2a: Articuno|87\/100\n|\n|t:|1701101177\n|switch|p1a: Kyurem|Kyurem|100\/100|[from] Flip Turn\n|-ability|p1a: Kyurem|Pressure\n|\n|upkeep\n|turn|7\n|c|\u2606Ginesect|Ik I lose this\n|c|\u2606Ginesect|No moltres\n|\n|t:|1701101189\n|move|p1a: Kyurem|Substitute|p1a: Kyurem\n|-start|p1a: Kyurem|Substitute\n|-damage|p1a: Kyurem|75\/100\n|move|p2a: Articuno|U-turn|p1a: Kyurem\n|-activate|p1a: Kyurem|move: Substitute|[damage]\n|c| AlolanSandslashOU|Gin imagine if pao got knock off\n|\n|t:|1701101194\n|switch|p2a: Ninetales|Ninetales-Alola, M|100\/100|[from] U-turn\n|-weather|Snow|[from] ability: Snow Warning|[of] p2a: Ninetales\n|\n|-weather|Snow|[upkeep]\n|upkeep\n|turn|8\n|c| Razorgliscor472|Tbf this is. Good MU\n|c| Razorgliscor472|Also Pao wont get Knock\n|c| Razorgliscor472|Ever\n|\n|t:|1701101203\n|move|p2a: Ninetales|Moonblast|p1a: Kyurem\n|-supereffective|p1a: Kyurem\n|-end|p1a: Kyurem|Substitute\n|move|p1a: Kyurem|Dragon Dance|p1a: Kyurem\n|-boost|p1a: Kyurem|atk|1\n|-boost|p1a: Kyurem|spe|1\n|\n|-weather|Snow|[upkeep]\n|upkeep\n|turn|9\n|c| AlolanSandslashOU|It should\n|\n|t:|1701101211\n|-terastallize|p1a: Kyurem|Steel\n|move|p1a: Kyurem|Substitute|p1a: Kyurem\n|-start|p1a: Kyurem|Substitute\n|-damage|p1a: Kyurem|50\/100\n|move|p2a: Ninetales|Aurora Veil|p2a: Ninetales\n|-sidestart|p2: Ginesect|move: Aurora Veil\n|\n|-weather|Snow|[upkeep]\n|upkeep\n|turn|10\n|c| AlolanSandslashOU|ddance kyurem\n|\n|t:|1701101216\n|move|p1a: Kyurem|Roost|p1a: Kyurem\n|-heal|p1a: Kyurem|100\/100\n|move|p2a: Ninetales|Blizzard|p1a: Kyurem\n|-resisted|p1a: Kyurem\n|-activate|p1a: Kyurem|move: Substitute|[damage]\n|\n|-weather|Snow|[upkeep]\n|upkeep\n|turn|11\n|\n|t:|1701101219\n|move|p1a: Kyurem|Dragon Dance|p1a: Kyurem\n|-boost|p1a: Kyurem|atk|1\n|-boost|p1a: Kyurem|spe|1\n|move|p2a: Ninetales|Blizzard|p1a: Kyurem\n|-resisted|p1a: Kyurem\n|-crit|p1a: Kyurem\n|-end|p1a: Kyurem|Substitute\n|\n|-weather|Snow|[upkeep]\n|upkeep\n|turn|12\n|c|\u2606Ginesect|Fuck u\n|\n|t:|1701101236\n|switch|p2a: Arctozolt|Arctozolt|100\/100\n|move|p1a: Kyurem|Substitute|p1a: Kyurem\n|-start|p1a: Kyurem|Substitute\n|-damage|p1a: Kyurem|75\/100\n|\n|-weather|Snow|[upkeep]\n|upkeep\n|turn|13\n|\n|t:|1701101240\n|move|p1a: Kyurem|Iron Head|p2a: Arctozolt\n|-damage|p2a: Arctozolt|71\/100\n|cant|p2a: Arctozolt|flinch\n|\n|-weather|Snow|[upkeep]\n|-sideend|p2: Ginesect|move: Aurora Veil\n|upkeep\n|turn|14\n|c|\u2606Ginesect|What the fuck\n|\n|t:|1701101254\n|move|p1a: Kyurem|Iron Head|p2a: Arctozolt\n|-damage|p2a: Arctozolt|7\/100\n|move|p2a: Arctozolt|Low Kick|p1a: Kyurem\n|-supereffective|p1a: Kyurem\n|-end|p1a: Kyurem|Substitute\n|-damage|p2a: Arctozolt|0 fnt|[from] item: Life Orb\n|faint|p2a: Arctozolt\n|\n|-weather|none\n|upkeep\n|c| AlolanSandslashOU|what is this kyurem\n|c|\u2606Gladiator_Kraken|cteaming the ice gym\n|c| Razorgliscor472|The Cteam Kyurem\n|c| AlolanSandslashOU|wild\n|c| Razorgliscor472|Kraken is playing this like draft\n|c|\u2606Ginesect|\ud83d\udc80\n|c| AlolanSandslashOU|Bro wants the badge\n|c|\u2606Ginesect|Bro\n|c|\u2606Ginesect|lmao\n|c|\u2606Gladiator_Kraken|Razor you\u2019ve seen what I fucking did in slow draft\n|c|\u2606Ginesect|I didn't even see their team\n|c|\u2606Ginesect|\ud83d\udc80\n|c|\u2606Ginesect|Went in blind\n|c| AlolanSandslashOU|do you have a tera that resists iron head\n|\n|t:|1701101321\n|switch|p2a: Chien-Pao|Chien-Pao|100\/100\n|-ability|p2a: Chien-Pao|Sword of Ruin\n|turn|15\n|\n|t:|1701101328\n|move|p1a: Kyurem|Iron Head|p2a: Chien-Pao\n|-supereffective|p2a: Chien-Pao\n|-damage|p2a: Chien-Pao|0 fnt\n|faint|p2a: Chien-Pao\n|\n|upkeep\n|c|\u2606Ginesect|gg\n|\n|t:|1701101343\n|switch|p2a: Landorus|Landorus-Therian, M|100\/100\n|-ability|p2a: Landorus|Intimidate|boost\n|-unboost|p1a: Kyurem|atk|1\n|turn|16\n|\n|t:|1701101350\n|switch|p2a: Articuno|Articuno|87\/100\n|move|p1a: Kyurem|Iron Head|p2a: Articuno\n|-supereffective|p2a: Articuno\n|-damage|p2a: Articuno|0 fnt\n|faint|p2a: Articuno\n|\n|upkeep\n|\n|t:|1701101352\n|switch|p2a: Landorus|Landorus-Therian, M|100\/100\n|-ability|p2a: Landorus|Intimidate|boost\n|-unboost|p1a: Kyurem|atk|1\n|turn|17\n|\n|t:|1701101358\n|move|p1a: Kyurem|Dragon Dance|p1a: Kyurem\n|-boost|p1a: Kyurem|atk|1\n|-boost|p1a: Kyurem|spe|1\n|move|p2a: Landorus|Earthquake|p1a: Kyurem\n|-supereffective|p1a: Kyurem\n|-damage|p1a: Kyurem|0 fnt\n|faint|p1a: Kyurem\n|\n|upkeep\n|\n|t:|1701101365\n|switch|p1a: Alomomola|Alomomola, F|100\/100\n|-damage|p1a: Alomomola|88\/100|[from] Stealth Rock\n|turn|18\n|\n|t:|1701101368\n|switch|p2a: Ninetales|Ninetales-Alola, M|100\/100\n|-weather|Snow|[from] ability: Snow Warning|[of] p2a: Ninetales\n|move|p1a: Alomomola|Toxic|p2a: Ninetales\n|-status|p2a: Ninetales|tox\n|\n|-weather|Snow|[upkeep]\n|-damage|p2a: Ninetales|94\/100 tox|[from] psn\n|upkeep\n|turn|19\n|\n|t:|1701101375\n|switch|p1a: Scizor|Scizor-Mega, F|82\/100\n|-damage|p1a: Scizor|69\/100|[from] Stealth Rock\n|move|p2a: Ninetales|Aurora Veil|p2a: Ninetales\n|-sidestart|p2: Ginesect|move: Aurora Veil\n|\n|-weather|Snow|[upkeep]\n|-damage|p2a: Ninetales|82\/100 tox|[from] psn\n|upkeep\n|turn|20\n|\n|t:|1701101379\n|switch|p2a: Landorus|Landorus-Therian, M|100\/100\n|-ability|p2a: Landorus|Intimidate|boost\n|-unboost|p1a: Scizor|atk|1\n|move|p1a: Scizor|U-turn|p2a: Landorus\n|-resisted|p2a: Landorus\n|-damage|p2a: Landorus|92\/100\n|\n|t:|1701101381\n|switch|p1a: Alomomola|Alomomola, F|100\/100|[from] U-turn\n|-damage|p1a: Alomomola|88\/100|[from] Stealth Rock\n|\n|-weather|Snow|[upkeep]\n|upkeep\n|turn|21\n|\n|t:|1701101386\n|switch|p2a: Ninetales|Ninetales-Alola, M|82\/100 tox\n|move|p1a: Alomomola|Toxic|p2a: Ninetales\n|-fail|p2a: Ninetales|tox\n|\n|-weather|Snow|[upkeep]\n|-damage|p2a: Ninetales|75\/100 tox|[from] psn\n|upkeep\n|turn|22\n|\n|t:|1701101390\n|move|p2a: Ninetales|Moonblast|p1a: Alomomola\n|-damage|p1a: Alomomola|49\/100\n|move|p1a: Alomomola|Wish|p1a: Alomomola\n|\n|-weather|Snow|[upkeep]\n|-damage|p2a: Ninetales|63\/100 tox|[from] psn\n|upkeep\n|turn|23\n|\n|t:|1701101402\n|switch|p1a: Scizor|Scizor-Mega, F|69\/100\n|-damage|p1a: Scizor|57\/100|[from] Stealth Rock\n|move|p2a: Ninetales|Moonblast|p1a: Scizor\n|-resisted|p1a: Scizor\n|-damage|p1a: Scizor|40\/100\n|-unboost|p1a: Scizor|spa|1\n|\n|-weather|Snow|[upkeep]\n|-heal|p1a: Scizor|100\/100|[from] move: Wish|[wisher] Alomomola\n|-damage|p2a: Ninetales|44\/100 tox|[from] psn\n|-sideend|p2: Ginesect|move: Aurora Veil\n|upkeep\n|turn|24\n|\n|t:|1701101410\n|-terastallize|p2a: Ninetales|Water\n|move|p2a: Ninetales|Aurora Veil|p2a: Ninetales\n|-sidestart|p2: Ginesect|move: Aurora Veil\n|move|p1a: Scizor|U-turn|p2a: Ninetales\n|-crit|p2a: Ninetales\n|-damage|p2a: Ninetales|0 fnt\n|faint|p2a: Ninetales\n|\n|t:|1701101416\n|switch|p1a: Alomomola|Alomomola, F|82\/100|[from] U-turn\n|-damage|p1a: Alomomola|70\/100|[from] Stealth Rock\n|\n|-weather|Snow|[upkeep]\n|upkeep\n|\n|t:|1701101420\n|switch|p2a: Landorus|Landorus-Therian, M|92\/100\n|-ability|p2a: Landorus|Intimidate|boost\n|-unboost|p1a: Alomomola|atk|1\n|turn|25\n|\n|t:|1701101426\n|move|p2a: Landorus|Earthquake|p1a: Alomomola\n|-damage|p1a: Alomomola|35\/100\n|move|p1a: Alomomola|Toxic|p2a: Landorus\n|-status|p2a: Landorus|tox\n|\n|-weather|none\n|-damage|p2a: Landorus|86\/100 tox|[from] psn\n|upkeep\n|turn|26\n|\n|t:|1701101430\n|switch|p1a: Landorus|Landorus-Therian, M|100\/100\n|-damage|p1a: Landorus|88\/100|[from] Stealth Rock\n|-ability|p1a: Landorus|Intimidate|boost\n|-unboost|p2a: Landorus|atk|1\n|move|p2a: Landorus|Earthquake|p1a: Landorus\n|-immune|p1a: Landorus\n|\n|-damage|p2a: Landorus|74\/100 tox|[from] psn\n|upkeep\n|turn|27\n|\n|t:|1701101433\n|move|p2a: Landorus|Earthquake|p1a: Landorus\n|-immune|p1a: Landorus\n|move|p1a: Landorus|U-turn|p2a: Landorus\n|-resisted|p2a: Landorus\n|-damage|p2a: Landorus|65\/100 tox\n|c|\u2606Ginesect|gg\n|\n|t:|1701101435\n|switch|p1a: Alomomola|Alomomola, F|68\/100|[from] U-turn\n|-damage|p1a: Alomomola|56\/100|[from] Stealth Rock\n|\n|-damage|p2a: Landorus|48\/100 tox|[from] psn\n|upkeep\n|turn|28\n|c|\u2606Ginesect|bro think this draft\n|\n|t:|1701101447\n|switch|p1a: Landorus|Landorus-Therian, M|88\/100\n|-damage|p1a: Landorus|76\/100|[from] Stealth Rock\n|-ability|p1a: Landorus|Intimidate|boost\n|-unboost|p2a: Landorus|atk|1\n|move|p2a: Landorus|Earthquake|p1a: Landorus\n|-immune|p1a: Landorus\n|\n|-damage|p2a: Landorus|24\/100 tox|[from] psn\n|-sideend|p2: Ginesect|move: Aurora Veil\n|upkeep\n|turn|29\n|c| AlolanSandslashOU|Scarf eq\n|c| Razorgliscor472|Scarf LandoT is a mon thats used\n|c|\u2606Ginesect|full cteam vs didn't even see their team\n|\n|t:|1701101473\n|move|p2a: Landorus|Earthquake|p1a: Landorus\n|-immune|p1a: Landorus\n|move|p1a: Landorus|Stone Edge|p2a: Landorus|[miss]\n|-miss|p1a: Landorus|p2a: Landorus\n|\n|-damage|p2a: Landorus|0 fnt|[from] psn\n|faint|p2a: Landorus\n|\n|win|Gladiator_Kraken\n|upkeep\n","uploadtime":1701101479,"views":3,"p1id":"gladiatorkraken","p2id":"ginesect","formatid":"gen9nationaldexubers","rating":0,"private":0,"password":""}