{"id":"gen9nationaldexubers-1993131930","p1":"TheVGD","p2":"tuuma","format":"[Gen 9] National Dex Ubers","log":"|j|\u2606TheVGD\n|j|\u2606tuuma\n|t:|1700268529\n|gametype|singles\n|player|p1|TheVGD|n|1328\n|player|p2|tuuma|266|1333\n|teamsize|p1|6\n|teamsize|p2|6\n|gen|9\n|tier|[Gen 9] National Dex Ubers\n|rated|\n|rule|HP Percentage Mod: HP is shown in percentages\n|rule|Endless Battle Clause: Forcing endless battles is banned\n|rule|OHKO Clause: OHKO moves are banned\n|rule|Evasion Moves Clause: Evasion moves are banned\n|rule|Evasion Items Clause: Evasion items are banned\n|rule|Species Clause: Limit one of each Pok\u00e9mon\n|rule|Sleep Clause Mod: Limit one foe put to sleep\n|rule|Mega Rayquaza Clause: You cannot mega evolve Rayquaza\n|clearpoke\n|poke|p1|Heracross, M|\n|poke|p1|Skeledirge, M|\n|poke|p1|Kingambit, M|\n|poke|p1|Serperior, M|\n|poke|p1|Polteageist|\n|poke|p1|Arcanine-Hisui, M|\n|poke|p2|Sandy Shocks|\n|poke|p2|Regieleki|\n|poke|p2|Gholdengo|\n|poke|p2|Kyogre|\n|poke|p2|Iron Bundle|\n|poke|p2|Alakazam, M|\n|teampreview\n|inactive|Battle timer is ON: inactive players will automatically lose when time's up. (requested by tuuma)\n|\n|t:|1700268547\n|start\n|switch|p1a: Heracross|Heracross, M|100\/100\n|switch|p2a: Regieleki|Regieleki|100\/100\n|turn|1\n|\n|t:|1700268552\n|detailschange|p1a: Heracross|Heracross-Mega, M\n|-mega|p1a: Heracross|Heracross|Heracronite\n|move|p2a: Regieleki|Explosion|p1a: Heracross\n|-damage|p1a: Heracross|21\/100\n|faint|p2a: Regieleki\n|move|p1a: Heracross|Trailblaze|p2: Regieleki|[notarget]\n|-fail|p1a: Heracross\n|\n|upkeep\n|\n|t:|1700268565\n|switch|p2a: Kyogre|Kyogre|100\/100\n|-weather|RainDance|[from] ability: Drizzle|[of] p2a: Kyogre\n|turn|2\n|\n|t:|1700268577\n|move|p2a: Kyogre|Water Spout|p1a: Heracross\n|-damage|p1a: Heracross|0 fnt\n|faint|p1a: Heracross\n|\n|-weather|RainDance|[upkeep]\n|upkeep\n|\n|t:|1700268583\n|switch|p1a: Arcanine|Arcanine-Hisui, M|100\/100\n|turn|3\n|\n|t:|1700268585\n|move|p2a: Kyogre|Water Spout|p1a: Arcanine\n|-supereffective|p1a: Arcanine\n|-enditem|p1a: Arcanine|Focus Sash\n|-damage|p1a: Arcanine|1\/100\n|move|p1a: Arcanine|Head Smash|p2a: Kyogre|[miss]\n|-miss|p1a: Arcanine|p2a: Kyogre\n|\n|-weather|RainDance|[upkeep]\n|upkeep\n|turn|4\n|\n|t:|1700268589\n|move|p1a: Arcanine|Extreme Speed|p2a: Kyogre\n|-damage|p2a: Kyogre|69\/100\n|move|p2a: Kyogre|Water Spout|p1a: Arcanine\n|-supereffective|p1a: Arcanine\n|-damage|p1a: Arcanine|0 fnt\n|faint|p1a: Arcanine\n|\n|-weather|RainDance|[upkeep]\n|upkeep\n|\n|t:|1700268596\n|switch|p1a: Serperior|Serperior, M|100\/100\n|turn|5\n|\n|t:|1700268600\n|switch|p2a: Gholdengo|Gholdengo|100\/100\n|move|p1a: Serperior|Leaf Storm|p2a: Gholdengo\n|-resisted|p2a: Gholdengo\n|-damage|p2a: Gholdengo|73\/100\n|-boost|p1a: Serperior|spa|2\n|\n|-weather|RainDance|[upkeep]\n|upkeep\n|turn|6\n|\n|t:|1700268618\n|switch|p1a: Kingambit|Kingambit, M|100\/100\n|-activate|p1a: Kingambit|ability: Supreme Overlord\n|-start|p1a: Kingambit|fallen2|[silent]\n|move|p2a: Gholdengo|Trick|p1a: Kingambit\n|-activate|p2a: Gholdengo|move: Trick|[of] p1a: Kingambit\n|-item|p1a: Kingambit|Choice Scarf|[from] move: Trick\n|-item|p2a: Gholdengo|Leftovers|[from] move: Trick\n|\n|-weather|none\n|-heal|p2a: Gholdengo|79\/100|[from] item: Leftovers\n|upkeep\n|turn|7\n|\n|t:|1700268629\n|move|p1a: Kingambit|Sucker Punch||[still]\n|-fail|p1a: Kingambit\n|move|p2a: Gholdengo|Recover|p2a: Gholdengo\n|-heal|p2a: Gholdengo|100\/100\n|\n|upkeep\n|turn|8\n|\n|t:|1700268638\n|switch|p2a: Alakazam|Alakazam, M|100\/100\n|-end|p1a: Kingambit|fallen2|[silent]\n|switch|p1a: Serperior|Serperior, M|100\/100\n|\n|upkeep\n|turn|9\n|\n|t:|1700268645\n|detailschange|p2a: Alakazam|Alakazam-Mega, M\n|-mega|p2a: Alakazam|Alakazam|Alakazite\n|-ability|p2a: Alakazam|Contrary|[from] ability: Trace|[of] p1a: Serperior\n|move|p2a: Alakazam|Nasty Plot|p2a: Alakazam\n|-unboost|p2a: Alakazam|spa|2\n|move|p1a: Serperior|Glare|p2a: Alakazam\n|-status|p2a: Alakazam|par\n|\n|upkeep\n|turn|10\n|-message|tuuma forfeited.\n|\n|win|TheVGD\n|raw|TheVGD's rating: 1328 &rarr; <strong>1348<\/strong><br \/>(+20 for winning)\n|raw|tuuma's rating: 1333 &rarr; <strong>1313<\/strong><br \/>(-20 for losing)\n|l|\u2606tuuma\n|l|\u2606TheVGD\n|j|\u2606TheVGD\n|player|p1|TheVGD|n\n|l|\u2606TheVGD\n|player|p1|\n|j|\u2606TheVGD\n|player|p1|TheVGD|n\n","uploadtime":1700268676,"views":8,"p1id":"thevgd","p2id":"tuuma","formatid":"gen9nationaldexubers","rating":1313,"private":0,"password":""}