{"id":"gen9nationaldexubers-1990004209","p1":"yzeetgnuy","p2":"ORDINARY-MODE\u25fb\ufe0f","format":"[Gen 9] National Dex Ubers","log":"|j|\u2606yzeetgnuy\n|j|\u2606ORDINARY-MODE\u25fb\ufe0f\n|t:|1699914479\n|gametype|singles\n|player|p1|yzeetgnuy|burglar|1030\n|player|p2|ORDINARY-MODE\u25fb\ufe0f|wicke|1024\n|teamsize|p1|6\n|teamsize|p2|6\n|gen|9\n|tier|[Gen 9] National Dex Ubers\n|rated|\n|rule|HP Percentage Mod: HP is shown in percentages\n|rule|Endless Battle Clause: Forcing endless battles is banned\n|rule|OHKO Clause: OHKO moves are banned\n|rule|Evasion Moves Clause: Evasion moves are banned\n|rule|Evasion Items Clause: Evasion items are banned\n|rule|Species Clause: Limit one of each Pok\u00e9mon\n|rule|Sleep Clause Mod: Limit one foe put to sleep\n|rule|Mega Rayquaza Clause: You cannot mega evolve Rayquaza\n|clearpoke\n|poke|p1|Regigigas|\n|poke|p1|Forretress, F|\n|poke|p1|Lycanroc, F|\n|poke|p1|Arcanine-Hisui, F|\n|poke|p1|Glalie, M|\n|poke|p1|Munkidori, M|\n|poke|p2|Watchog, M|\n|poke|p2|Eevee, F|\n|poke|p2|Drampa, M|\n|poke|p2|Heliolisk, M|\n|poke|p2|Sawsbuck-Winter, F|\n|poke|p2|Pyroar, M|\n|teampreview\n|\n|t:|1699914516\n|start\n|switch|p1a: Forretress|Forretress, F|100\/100\n|switch|p2a: \ud83c\udf1f\u26aa\ufe0fEEVEE\u26aa\ufe0f\ud83c\udf1f|Eevee, F, shiny|100\/100\n|turn|1\n|\n|t:|1699914525\n|-zpower|p2a: \ud83c\udf1f\u26aa\ufe0fEEVEE\u26aa\ufe0f\ud83c\udf1f\n|move|p2a: \ud83c\udf1f\u26aa\ufe0fEEVEE\u26aa\ufe0f\ud83c\udf1f|Extreme Evoboost|p2a: \ud83c\udf1f\u26aa\ufe0fEEVEE\u26aa\ufe0f\ud83c\udf1f\n|-boost|p2a: \ud83c\udf1f\u26aa\ufe0fEEVEE\u26aa\ufe0f\ud83c\udf1f|atk|2\n|-boost|p2a: \ud83c\udf1f\u26aa\ufe0fEEVEE\u26aa\ufe0f\ud83c\udf1f|def|2\n|-boost|p2a: \ud83c\udf1f\u26aa\ufe0fEEVEE\u26aa\ufe0f\ud83c\udf1f|spa|2\n|-boost|p2a: \ud83c\udf1f\u26aa\ufe0fEEVEE\u26aa\ufe0f\ud83c\udf1f|spd|2\n|-boost|p2a: \ud83c\udf1f\u26aa\ufe0fEEVEE\u26aa\ufe0f\ud83c\udf1f|spe|2\n|move|p1a: Forretress|Stealth Rock|p2a: \ud83c\udf1f\u26aa\ufe0fEEVEE\u26aa\ufe0f\ud83c\udf1f\n|-sidestart|p2: ORDINARY-MODE\u25fb\ufe0f|move: Stealth Rock\n|\n|upkeep\n|turn|2\n|\n|t:|1699914539\n|move|p2a: \ud83c\udf1f\u26aa\ufe0fEEVEE\u26aa\ufe0f\ud83c\udf1f|Double-Edge|p1a: Forretress\n|-resisted|p1a: Forretress\n|-damage|p1a: Forretress|76\/100\n|-damage|p2a: \ud83c\udf1f\u26aa\ufe0fEEVEE\u26aa\ufe0f\ud83c\udf1f|84\/100|[from] item: Rocky Helmet|[of] p1a: Forretress\n|-damage|p2a: \ud83c\udf1f\u26aa\ufe0fEEVEE\u26aa\ufe0f\ud83c\udf1f|73\/100|[from] Recoil\n|move|p1a: Forretress|Iron Defense|p1a: Forretress\n|-boost|p1a: Forretress|def|2\n|\n|upkeep\n|turn|3\n|\n|t:|1699914548\n|move|p2a: \ud83c\udf1f\u26aa\ufe0fEEVEE\u26aa\ufe0f\ud83c\udf1f|Hyper Voice|p1a: Forretress\n|-resisted|p1a: Forretress\n|-damage|p1a: Forretress|54\/100\n|move|p1a: Forretress|Spikes|p2a: \ud83c\udf1f\u26aa\ufe0fEEVEE\u26aa\ufe0f\ud83c\udf1f\n|-sidestart|p2: ORDINARY-MODE\u25fb\ufe0f|Spikes\n|\n|upkeep\n|turn|4\n|\n|t:|1699914556\n|move|p2a: \ud83c\udf1f\u26aa\ufe0fEEVEE\u26aa\ufe0f\ud83c\udf1f|Quick Attack|p1a: Forretress\n|-resisted|p1a: Forretress\n|-damage|p1a: Forretress|49\/100\n|-damage|p2a: \ud83c\udf1f\u26aa\ufe0fEEVEE\u26aa\ufe0f\ud83c\udf1f|56\/100|[from] item: Rocky Helmet|[of] p1a: Forretress\n|move|p1a: Forretress|Toxic Spikes|p2a: \ud83c\udf1f\u26aa\ufe0fEEVEE\u26aa\ufe0f\ud83c\udf1f\n|-sidestart|p2: ORDINARY-MODE\u25fb\ufe0f|move: Toxic Spikes\n|\n|upkeep\n|turn|5\n|\n|t:|1699914566\n|move|p2a: \ud83c\udf1f\u26aa\ufe0fEEVEE\u26aa\ufe0f\ud83c\udf1f|Hyper Voice|p1a: Forretress\n|-resisted|p1a: Forretress\n|-damage|p1a: Forretress|29\/100\n|move|p1a: Forretress|Spikes|p2a: \ud83c\udf1f\u26aa\ufe0fEEVEE\u26aa\ufe0f\ud83c\udf1f\n|-sidestart|p2: ORDINARY-MODE\u25fb\ufe0f|Spikes\n|\n|upkeep\n|turn|6\n|\n|t:|1699914573\n|move|p2a: \ud83c\udf1f\u26aa\ufe0fEEVEE\u26aa\ufe0f\ud83c\udf1f|Hyper Voice|p1a: Forretress\n|-resisted|p1a: Forretress\n|-damage|p1a: Forretress|10\/100\n|move|p1a: Forretress|Toxic Spikes|p2a: \ud83c\udf1f\u26aa\ufe0fEEVEE\u26aa\ufe0f\ud83c\udf1f\n|-sidestart|p2: ORDINARY-MODE\u25fb\ufe0f|move: Toxic Spikes\n|\n|upkeep\n|turn|7\n|\n|t:|1699914579\n|move|p2a: \ud83c\udf1f\u26aa\ufe0fEEVEE\u26aa\ufe0f\ud83c\udf1f|Hyper Voice|p1a: Forretress\n|-resisted|p1a: Forretress\n|-damage|p1a: Forretress|0 fnt\n|faint|p1a: Forretress\n|\n|upkeep\n|\n|t:|1699914595\n|switch|p1a: Lycanroc|Lycanroc, F|100\/100\n|turn|8\n|\n|t:|1699914599\n|move|p2a: \ud83c\udf1f\u26aa\ufe0fEEVEE\u26aa\ufe0f\ud83c\udf1f|Last Resort|p1a: Lycanroc\n|-resisted|p1a: Lycanroc\n|-damage|p1a: Lycanroc|33\/100\n|move|p1a: Lycanroc|Bulk Up|p1a: Lycanroc\n|-boost|p1a: Lycanroc|atk|1\n|-boost|p1a: Lycanroc|def|1\n|\n|upkeep\n|turn|9\n|\n|t:|1699914607\n|move|p1a: Lycanroc|Accelerock|p2a: \ud83c\udf1f\u26aa\ufe0fEEVEE\u26aa\ufe0f\ud83c\udf1f\n|-damage|p2a: \ud83c\udf1f\u26aa\ufe0fEEVEE\u26aa\ufe0f\ud83c\udf1f|20\/100\n|-damage|p1a: Lycanroc|24\/100|[from] item: Life Orb\n|move|p2a: \ud83c\udf1f\u26aa\ufe0fEEVEE\u26aa\ufe0f\ud83c\udf1f|Last Resort|p1a: Lycanroc\n|-resisted|p1a: Lycanroc\n|-damage|p1a: Lycanroc|0 fnt\n|faint|p1a: Lycanroc\n|\n|upkeep\n|\n|t:|1699914618\n|switch|p1a: Munkidori|Munkidori, M|100\/100\n|turn|10\n|\n|t:|1699914622\n|move|p1a: Munkidori|Fake Out|p2a: \ud83c\udf1f\u26aa\ufe0fEEVEE\u26aa\ufe0f\ud83c\udf1f\n|-damage|p2a: \ud83c\udf1f\u26aa\ufe0fEEVEE\u26aa\ufe0f\ud83c\udf1f|13\/100\n|cant|p2a: \ud83c\udf1f\u26aa\ufe0fEEVEE\u26aa\ufe0f\ud83c\udf1f|flinch\n|\n|upkeep\n|turn|11\n|\n|t:|1699914628\n|move|p2a: \ud83c\udf1f\u26aa\ufe0fEEVEE\u26aa\ufe0f\ud83c\udf1f|Last Resort|p1a: Munkidori\n|-damage|p1a: Munkidori|0 fnt\n|faint|p1a: Munkidori\n|\n|upkeep\n|\n|t:|1699914636\n|switch|p1a: Regigigas|Regigigas|100\/100\n|-start|p1a: Regigigas|ability: Slow Start\n|turn|12\n|\n|t:|1699914645\n|move|p2a: \ud83c\udf1f\u26aa\ufe0fEEVEE\u26aa\ufe0f\ud83c\udf1f|Last Resort|p1a: Regigigas\n|-damage|p1a: Regigigas|22\/100\n|move|p1a: Regigigas|Substitute|p1a: Regigigas\n|-fail|p1a: Regigigas|move: Substitute|[weak]\n|\n|-heal|p1a: Regigigas|28\/100|[from] item: Leftovers\n|upkeep\n|turn|13\n|\n|t:|1699914654\n|move|p2a: \ud83c\udf1f\u26aa\ufe0fEEVEE\u26aa\ufe0f\ud83c\udf1f|Last Resort|p1a: Regigigas\n|-damage|p1a: Regigigas|0 fnt\n|faint|p1a: Regigigas\n|-end|p1a: Regigigas|Slow Start|[silent]\n|\n|upkeep\n|\n|t:|1699914658\n|switch|p1a: Arcanine|Arcanine-Hisui, F|100\/100\n|-ability|p1a: Arcanine|Intimidate|boost\n|-unboost|p2a: \ud83c\udf1f\u26aa\ufe0fEEVEE\u26aa\ufe0f\ud83c\udf1f|atk|1\n|turn|14\n|\n|t:|1699914666\n|move|p1a: Arcanine|Extreme Speed|p2a: \ud83c\udf1f\u26aa\ufe0fEEVEE\u26aa\ufe0f\ud83c\udf1f\n|-damage|p2a: \ud83c\udf1f\u26aa\ufe0fEEVEE\u26aa\ufe0f\ud83c\udf1f|0 fnt\n|faint|p2a: \ud83c\udf1f\u26aa\ufe0fEEVEE\u26aa\ufe0f\ud83c\udf1f\n|\n|upkeep\n|\n|t:|1699914687\n|switch|p2a: \ud83d\udc32\u26aa\ufe0fDRAMPA\u26aa\ufe0f\ud83d\udc32|Drampa, M, shiny|100\/100\n|-damage|p2a: \ud83d\udc32\u26aa\ufe0fDRAMPA\u26aa\ufe0f\ud83d\udc32|88\/100|[from] Stealth Rock\n|-damage|p2a: \ud83d\udc32\u26aa\ufe0fDRAMPA\u26aa\ufe0f\ud83d\udc32|72\/100|[from] Spikes\n|-status|p2a: \ud83d\udc32\u26aa\ufe0fDRAMPA\u26aa\ufe0f\ud83d\udc32|tox\n|turn|15\n|\n|t:|1699914695\n|move|p1a: Arcanine|Head Smash|p2a: \ud83d\udc32\u26aa\ufe0fDRAMPA\u26aa\ufe0f\ud83d\udc32\n|-damage|p2a: \ud83d\udc32\u26aa\ufe0fDRAMPA\u26aa\ufe0f\ud83d\udc32|0 fnt\n|faint|p2a: \ud83d\udc32\u26aa\ufe0fDRAMPA\u26aa\ufe0f\ud83d\udc32\n|-damage|p1a: Arcanine|68\/100|[from] Recoil\n|\n|upkeep\n|\n|t:|1699914707\n|switch|p2a: \ud83e\udda6\u26aa\ufe0fWATCHOG\u26aa\ufe0f\ud83e\udda6|Watchog, M, shiny|100\/100\n|-damage|p2a: \ud83e\udda6\u26aa\ufe0fWATCHOG\u26aa\ufe0f\ud83e\udda6|88\/100|[from] Stealth Rock\n|-damage|p2a: \ud83e\udda6\u26aa\ufe0fWATCHOG\u26aa\ufe0f\ud83e\udda6|72\/100|[from] Spikes\n|-status|p2a: \ud83e\udda6\u26aa\ufe0fWATCHOG\u26aa\ufe0f\ud83e\udda6|tox\n|turn|16\n|\n|t:|1699914715\n|move|p1a: Arcanine|Head Smash|p2a: \ud83e\udda6\u26aa\ufe0fWATCHOG\u26aa\ufe0f\ud83e\udda6\n|-damage|p2a: \ud83e\udda6\u26aa\ufe0fWATCHOG\u26aa\ufe0f\ud83e\udda6|0 fnt\n|faint|p2a: \ud83e\udda6\u26aa\ufe0fWATCHOG\u26aa\ufe0f\ud83e\udda6\n|-damage|p1a: Arcanine|40\/100|[from] Recoil\n|\n|upkeep\n|\n|t:|1699914727\n|switch|p2a: \ud83e\udd8c\u26aa\ufe0fSAWBUCK\u26aa\ufe0f\ud83e\udd8c|Sawsbuck-Winter, F, shiny|100\/100\n|-damage|p2a: \ud83e\udd8c\u26aa\ufe0fSAWBUCK\u26aa\ufe0f\ud83e\udd8c|88\/100|[from] Stealth Rock\n|-damage|p2a: \ud83e\udd8c\u26aa\ufe0fSAWBUCK\u26aa\ufe0f\ud83e\udd8c|72\/100|[from] Spikes\n|-status|p2a: \ud83e\udd8c\u26aa\ufe0fSAWBUCK\u26aa\ufe0f\ud83e\udd8c|tox\n|turn|17\n|\n|t:|1699914736\n|move|p2a: \ud83e\udd8c\u26aa\ufe0fSAWBUCK\u26aa\ufe0f\ud83e\udd8c|Sunny Day|p2a: \ud83e\udd8c\u26aa\ufe0fSAWBUCK\u26aa\ufe0f\ud83e\udd8c\n|-weather|SunnyDay\n|move|p1a: Arcanine|Flare Blitz|p2a: \ud83e\udd8c\u26aa\ufe0fSAWBUCK\u26aa\ufe0f\ud83e\udd8c\n|-supereffective|p2a: \ud83e\udd8c\u26aa\ufe0fSAWBUCK\u26aa\ufe0f\ud83e\udd8c\n|-damage|p2a: \ud83e\udd8c\u26aa\ufe0fSAWBUCK\u26aa\ufe0f\ud83e\udd8c|0 fnt\n|faint|p2a: \ud83e\udd8c\u26aa\ufe0fSAWBUCK\u26aa\ufe0f\ud83e\udd8c\n|-damage|p1a: Arcanine|19\/100|[from] Recoil\n|\n|-weather|SunnyDay|[upkeep]\n|upkeep\n|\n|t:|1699914747\n|switch|p2a: \u26a1\ufe0f\u26aa\ufe0fHELIOLISK\u26aa\ufe0f\u26a1\ufe0f|Heliolisk, M, shiny|100\/100\n|-damage|p2a: \u26a1\ufe0f\u26aa\ufe0fHELIOLISK\u26aa\ufe0f\u26a1\ufe0f|88\/100|[from] Stealth Rock\n|-damage|p2a: \u26a1\ufe0f\u26aa\ufe0fHELIOLISK\u26aa\ufe0f\u26a1\ufe0f|71\/100|[from] Spikes\n|-status|p2a: \u26a1\ufe0f\u26aa\ufe0fHELIOLISK\u26aa\ufe0f\u26a1\ufe0f|tox\n|turn|18\n|\n|t:|1699914760\n|move|p1a: Arcanine|Extreme Speed|p2a: \u26a1\ufe0f\u26aa\ufe0fHELIOLISK\u26aa\ufe0f\u26a1\ufe0f\n|-damage|p2a: \u26a1\ufe0f\u26aa\ufe0fHELIOLISK\u26aa\ufe0f\u26a1\ufe0f|16\/100 tox\n|move|p2a: \u26a1\ufe0f\u26aa\ufe0fHELIOLISK\u26aa\ufe0f\u26a1\ufe0f|Thunderbolt|p1a: Arcanine\n|-damage|p1a: Arcanine|0 fnt\n|faint|p1a: Arcanine\n|\n|-weather|SunnyDay|[upkeep]\n|-damage|p2a: \u26a1\ufe0f\u26aa\ufe0fHELIOLISK\u26aa\ufe0f\u26a1\ufe0f|3\/100 tox|[from] ability: Solar Power|[of] p2a: \u26a1\ufe0f\u26aa\ufe0fHELIOLISK\u26aa\ufe0f\u26a1\ufe0f\n|-damage|p2a: \u26a1\ufe0f\u26aa\ufe0fHELIOLISK\u26aa\ufe0f\u26a1\ufe0f|0 fnt|[from] psn\n|faint|p2a: \u26a1\ufe0f\u26aa\ufe0fHELIOLISK\u26aa\ufe0f\u26a1\ufe0f\n|upkeep\n|\n|t:|1699914772\n|switch|p2a: \ud83e\udd81\u26aa\ufe0fSIMBA\u26aa\ufe0f\ud83e\udd81|Pyroar, M|100\/100\n|switch|p1a: Glalie|Glalie, M|100\/100\n|-damage|p2a: \ud83e\udd81\u26aa\ufe0fSIMBA\u26aa\ufe0f\ud83e\udd81|76\/100|[from] Stealth Rock\n|-damage|p2a: \ud83e\udd81\u26aa\ufe0fSIMBA\u26aa\ufe0f\ud83e\udd81|59\/100|[from] Spikes\n|-status|p2a: \ud83e\udd81\u26aa\ufe0fSIMBA\u26aa\ufe0f\ud83e\udd81|tox\n|turn|19\n|\n|t:|1699914782\n|move|p2a: \ud83e\udd81\u26aa\ufe0fSIMBA\u26aa\ufe0f\ud83e\udd81|Flare Blitz|p1a: Glalie\n|-supereffective|p1a: Glalie\n|-damage|p1a: Glalie|0 fnt\n|faint|p1a: Glalie\n|-damage|p2a: \ud83e\udd81\u26aa\ufe0fSIMBA\u26aa\ufe0f\ud83e\udd81|27\/100 tox|[from] Recoil\n|\n|win|ORDINARY-MODE\u25fb\ufe0f\n|raw|yzeetgnuy's rating: 1030 &rarr; <strong>1015<\/strong><br \/>(-15 for losing)\n|raw|ORDINARY-MODE\u25fb\ufe0f's rating: 1024 &rarr; <strong>1061<\/strong><br \/>(+37 for winning)\n|c|\u2606yzeetgnuy|gg\n|l|\u2606yzeetgnuy\n","uploadtime":1699914804,"views":6,"p1id":"yzeetgnuy","p2id":"ordinarymode","formatid":"gen9nationaldexubers","rating":1015,"private":0,"password":""}