{"id":"gen9nationaldexubers-1980502111","p1":"EpicGamer069420","p2":"Yoinkie","format":"[Gen 9] National Dex Ubers","log":"|j|\u2606EpicGamer069420\n|j|\u2606Yoinkie\n|t:|1698791119\n|gametype|singles\n|player|p1|EpicGamer069420|lucas|1664\n|player|p2|Yoinkie|101|1591\n|teamsize|p1|6\n|teamsize|p2|6\n|gen|9\n|tier|[Gen 9] National Dex Ubers\n|rated|\n|rule|HP Percentage Mod: HP is shown in percentages\n|rule|Endless Battle Clause: Forcing endless battles is banned\n|rule|OHKO Clause: OHKO moves are banned\n|rule|Evasion Moves Clause: Evasion moves are banned\n|rule|Evasion Items Clause: Evasion items are banned\n|rule|Species Clause: Limit one of each Pok\u00e9mon\n|rule|Sleep Clause Mod: Limit one foe put to sleep\n|rule|Mega Rayquaza Clause: You cannot mega evolve Rayquaza\n|clearpoke\n|poke|p1|Heatran, F|\n|poke|p1|Necrozma-Dusk-Mane|\n|poke|p1|Xerneas-*|\n|poke|p1|Groudon|\n|poke|p1|Lugia|\n|poke|p1|Arceus-Ground|\n|poke|p2|Crawdaunt, F|\n|poke|p2|Groudon|\n|poke|p2|Lunala|\n|poke|p2|Ferrothorn, M|\n|poke|p2|Ho-Oh|\n|poke|p2|Iron Bundle|\n|teampreview\n|inactive|Battle timer is ON: inactive players will automatically lose when time's up. (requested by EpicGamer069420)\n|inactive|EpicGamer069420 has 120 seconds left.\n|\n|t:|1698791161\n|start\n|switch|p1a: Necrozma|Necrozma-Dusk-Mane|100\/100\n|switch|p2a: Iron Bundle|Iron Bundle|100\/100\n|turn|1\n|\n|t:|1698791170\n|move|p2a: Iron Bundle|Taunt|p1a: Necrozma\n|-start|p1a: Necrozma|move: Taunt\n|move|p1a: Necrozma|Knock Off|p2a: Iron Bundle\n|-damage|p2a: Iron Bundle|74\/100\n|\n|upkeep\n|turn|2\n|\n|t:|1698791178\n|switch|p1a: Groudon|Groudon|100\/100\n|detailschange|p1a: Groudon|Groudon-Primal\n|-primal|p1a: Groudon|Red Orb\n|-weather|DesolateLand|[from] ability: Desolate Land|[of] p1a: Groudon\n|move|p2a: Iron Bundle|Hydro Pump||[still]\n|-fail|p2a: Iron Bundle|Hydro Pump|[from] Desolate Land\n|\n|-weather|DesolateLand|[upkeep]\n|upkeep\n|turn|3\n|\n|t:|1698791183\n|-end|p2a: Iron Bundle|Quark Drive|[silent]\n|switch|p2a: Ho-Oh|Ho-Oh|100\/100\n|move|p1a: Groudon|Heat Crash|p2a: Ho-Oh\n|-resisted|p2a: Ho-Oh\n|-damage|p2a: Ho-Oh|53\/100\n|\n|-weather|DesolateLand|[upkeep]\n|upkeep\n|turn|4\n|\n|t:|1698791194\n|-weather|none\n|switch|p1a: Heatran|Heatran, F|100\/100\n|-item|p1a: Heatran|Air Balloon\n|move|p2a: Ho-Oh|Brave Bird|p1a: Heatran\n|-resisted|p1a: Heatran\n|-damage|p1a: Heatran|75\/100\n|-enditem|p1a: Heatran|Air Balloon\n|-damage|p2a: Ho-Oh|46\/100|[from] Recoil\n|\n|upkeep\n|turn|5\n|\n|t:|1698791200\n|move|p2a: Ho-Oh|Recover|p2a: Ho-Oh\n|-heal|p2a: Ho-Oh|96\/100\n|move|p1a: Heatran|Stealth Rock|p2a: Ho-Oh\n|-sidestart|p2: Yoinkie|move: Stealth Rock\n|\n|upkeep\n|turn|6\n|\n|t:|1698791204\n|move|p2a: Ho-Oh|Defog|p1a: Heatran\n|-unboost|p1a: Heatran|evasion|1\n|-sideend|p2: Yoinkie|Stealth Rock|[from] move: Defog|[of] p2a: Ho-Oh\n|move|p1a: Heatran|Toxic|p2a: Ho-Oh\n|-status|p2a: Ho-Oh|tox\n|\n|-damage|p2a: Ho-Oh|90\/100 tox|[from] psn\n|upkeep\n|turn|7\n|\n|t:|1698791208\n|switch|p2a: Groudon|Groudon|100\/100\n|detailschange|p2a: Groudon|Groudon-Primal\n|-primal|p2a: Groudon|Red Orb\n|-weather|DesolateLand|[from] ability: Desolate Land|[of] p2a: Groudon\n|move|p1a: Heatran|Stealth Rock|p2a: Groudon\n|-sidestart|p2: Yoinkie|move: Stealth Rock\n|\n|-weather|DesolateLand|[upkeep]\n|upkeep\n|turn|8\n|\n|t:|1698791223\n|switch|p1a: Arceus|Arceus-Ground|100\/100\n|move|p2a: Groudon|Thunder Wave|p1a: Arceus\n|-immune|p1a: Arceus\n|\n|-weather|DesolateLand|[upkeep]\n|upkeep\n|turn|9\n|\n|t:|1698791232\n|-weather|none\n|switch|p2a: Ho-Oh|Ho-Oh|100\/100 tox\n|move|p1a: Arceus|Judgment|p2a: Ho-Oh\n|-immune|p2a: Ho-Oh\n|\n|-damage|p2a: Ho-Oh|94\/100 tox|[from] psn\n|upkeep\n|turn|10\n|\n|t:|1698791248\n|move|p1a: Arceus|Calm Mind|p1a: Arceus\n|-boost|p1a: Arceus|spa|1\n|-boost|p1a: Arceus|spd|1\n|move|p2a: Ho-Oh|Defog|p1a: Arceus\n|-unboost|p1a: Arceus|evasion|1\n|-sideend|p2: Yoinkie|Stealth Rock|[from] move: Defog|[of] p2a: Ho-Oh\n|\n|-damage|p2a: Ho-Oh|82\/100 tox|[from] psn\n|upkeep\n|turn|11\n|\n|t:|1698791258\n|switch|p2a: Groudon|Groudon-Primal|100\/100\n|-weather|DesolateLand|[from] ability: Desolate Land|[of] p2a: Groudon\n|move|p1a: Arceus|Ice Beam|p2a: Groudon\n|-damage|p2a: Groudon|68\/100\n|\n|-weather|DesolateLand|[upkeep]\n|upkeep\n|turn|12\n|\n|t:|1698791264\n|-weather|none\n|switch|p2a: Ho-Oh|Ho-Oh|100\/100 tox\n|move|p1a: Arceus|Judgment|p2a: Ho-Oh\n|-immune|p2a: Ho-Oh\n|\n|-damage|p2a: Ho-Oh|94\/100 tox|[from] psn\n|upkeep\n|turn|13\n|\n|t:|1698791268\n|move|p1a: Arceus|Calm Mind|p1a: Arceus\n|-boost|p1a: Arceus|spa|1\n|-boost|p1a: Arceus|spd|1\n|move|p2a: Ho-Oh|Sacred Fire|p1a: Arceus\n|-damage|p1a: Arceus|73\/100\n|\n|-damage|p2a: Ho-Oh|82\/100 tox|[from] psn\n|upkeep\n|turn|14\n|\n|t:|1698791271\n|move|p1a: Arceus|Ice Beam|p2a: Ho-Oh\n|-damage|p2a: Ho-Oh|55\/100 tox\n|move|p2a: Ho-Oh|Brave Bird|p1a: Arceus\n|-damage|p1a: Arceus|41\/100\n|-damage|p2a: Ho-Oh|44\/100 tox|[from] Recoil\n|\n|-damage|p2a: Ho-Oh|25\/100 tox|[from] psn\n|upkeep\n|turn|15\n|\n|t:|1698791278\n|switch|p2a: Iron Bundle|Iron Bundle|74\/100\n|move|p1a: Arceus|Recover|p1a: Arceus\n|-heal|p1a: Arceus|91\/100\n|\n|upkeep\n|turn|16\n|\n|t:|1698791283\n|-zpower|p2a: Iron Bundle\n|move|p2a: Iron Bundle|Hydro Vortex|p1a: Arceus|[zeffect]\n|-supereffective|p1a: Arceus\n|-damage|p1a: Arceus|30\/100\n|move|p1a: Arceus|Judgment|p2a: Iron Bundle\n|-damage|p2a: Iron Bundle|0 fnt\n|faint|p2a: Iron Bundle\n|-end|p2a: Iron Bundle|Quark Drive|[silent]\n|\n|upkeep\n|c|\u2606EpicGamer069420|skull\n|\n|t:|1698791295\n|switch|p2a: Crawdaunt|Crawdaunt, F, shiny|100\/100\n|turn|17\n|\n|t:|1698791302\n|switch|p1a: Groudon|Groudon-Primal|100\/100\n|-weather|DesolateLand|[from] ability: Desolate Land|[of] p1a: Groudon\n|move|p2a: Crawdaunt|Aqua Jet||[still]\n|-fail|p2a: Crawdaunt|Aqua Jet|[from] Desolate Land\n|\n|-weather|DesolateLand|[upkeep]\n|upkeep\n|turn|18\n|\n|t:|1698791308\n|switch|p2a: Ho-Oh|Ho-Oh|58\/100 tox\n|move|p1a: Groudon|Rock Polish|p1a: Groudon\n|-boost|p1a: Groudon|spe|2\n|\n|-weather|DesolateLand|[upkeep]\n|-damage|p2a: Ho-Oh|52\/100 tox|[from] psn\n|upkeep\n|turn|19\n|\n|t:|1698791317\n|move|p1a: Groudon|Swords Dance|p1a: Groudon\n|-boost|p1a: Groudon|atk|2\n|move|p2a: Ho-Oh|Brave Bird|p1a: Groudon\n|-damage|p1a: Groudon|63\/100\n|-damage|p2a: Ho-Oh|42\/100 tox|[from] Recoil\n|\n|-weather|DesolateLand|[upkeep]\n|-damage|p2a: Ho-Oh|29\/100 tox|[from] psn\n|upkeep\n|turn|20\n|\n|t:|1698791335\n|move|p1a: Groudon|Heat Crash|p2a: Ho-Oh\n|-resisted|p2a: Ho-Oh\n|-damage|p2a: Ho-Oh|0 fnt\n|faint|p2a: Ho-Oh\n|\n|-weather|DesolateLand|[upkeep]\n|upkeep\n|\n|t:|1698791336\n|switch|p2a: Lunala|Lunala, shiny|100\/100\n|turn|21\n|\n|t:|1698791342\n|move|p1a: Groudon|Heat Crash|p2a: Lunala\n|-damage|p2a: Lunala|0 fnt\n|faint|p2a: Lunala\n|\n|-weather|DesolateLand|[upkeep]\n|upkeep\n|-message|Yoinkie forfeited.\n|\n|win|EpicGamer069420\n|raw|EpicGamer069420's rating: 1664 &rarr; <strong>1680<\/strong><br \/>(+16 for winning)\n|raw|Yoinkie's rating: 1591 &rarr; <strong>1575<\/strong><br \/>(-16 for losing)\n|l|\u2606Yoinkie\n","uploadtime":1698791412,"views":10,"p1id":"epicgamer069420","p2id":"yoinkie","formatid":"gen9nationaldexubers","rating":1575,"private":0,"password":""}