{"id":"gen9nationaldexubers-1987020858","p1":"KJ.nyc","p2":"Ratty263","format":"[Gen 9] National Dex Ubers","log":"|j|\u2606KJ.nyc\n|j|\u2606Ratty263\n|t:|1699549628\n|gametype|singles\n|player|p1|KJ.nyc|hilbert|1096\n|player|p2|Ratty263|2|1070\n|teamsize|p1|6\n|teamsize|p2|6\n|gen|9\n|tier|[Gen 9] National Dex Ubers\n|rated|\n|rule|HP Percentage Mod: HP is shown in percentages\n|rule|Endless Battle Clause: Forcing endless battles is banned\n|rule|OHKO Clause: OHKO moves are banned\n|rule|Evasion Moves Clause: Evasion moves are banned\n|rule|Evasion Items Clause: Evasion items are banned\n|rule|Species Clause: Limit one of each Pok\u00e9mon\n|rule|Sleep Clause Mod: Limit one foe put to sleep\n|rule|Mega Rayquaza Clause: You cannot mega evolve Rayquaza\n|clearpoke\n|poke|p1|Pikachu, M|\n|poke|p1|Dragonite, F|\n|poke|p1|Gengar, M|\n|poke|p1|Lucario, M|\n|poke|p1|Sirfetch\u2019d, M|\n|poke|p1|Dracovish|\n|poke|p2|Charizard, F|\n|poke|p2|Groudon|\n|poke|p2|Incineroar, M|\n|poke|p2|Volcarona, F|\n|poke|p2|Regieleki|\n|poke|p2|Blaziken, M|\n|teampreview\n|inactive|Battle timer is ON: inactive players will automatically lose when time's up. (requested by Ratty263)\n|c|\u2606KJ.nyc|glhf\n|\n|t:|1699549643\n|start\n|switch|p1a: Sirfetch\u2019d|Sirfetch\u2019d, M|100\/100\n|switch|p2a: Volcarona|Volcarona, F|100\/100\n|turn|1\n|\n|t:|1699549650\n|move|p2a: Volcarona|Quiver Dance|p2a: Volcarona\n|-boost|p2a: Volcarona|spa|1\n|-boost|p2a: Volcarona|spd|1\n|-boost|p2a: Volcarona|spe|1\n|move|p1a: Sirfetch\u2019d|Brave Bird|p2a: Volcarona\n|-supereffective|p2a: Volcarona\n|-damage|p2a: Volcarona|0 fnt\n|-status|p1a: Sirfetch\u2019d|brn|[from] ability: Flame Body|[of] p2a: Volcarona\n|faint|p2a: Volcarona\n|-damage|p1a: Sirfetch\u2019d|66\/100 brn|[from] Recoil\n|\n|-damage|p1a: Sirfetch\u2019d|60\/100 brn|[from] brn\n|upkeep\n|\n|t:|1699549662\n|switch|p2a: Regieleki|Regieleki|100\/100\n|turn|2\n|\n|t:|1699549666\n|move|p2a: Regieleki|Reflect|p2a: Regieleki\n|-sidestart|p2: Ratty263|Reflect\n|move|p1a: Sirfetch\u2019d|Close Combat|p2a: Regieleki\n|-crit|p2a: Regieleki\n|-damage|p2a: Regieleki|9\/100\n|-unboost|p1a: Sirfetch\u2019d|def|1\n|-unboost|p1a: Sirfetch\u2019d|spd|1\n|-enditem|p2a: Regieleki|Aguav Berry|[eat]\n|-heal|p2a: Regieleki|42\/100|[from] item: Aguav Berry\n|\n|-damage|p1a: Sirfetch\u2019d|54\/100 brn|[from] brn\n|upkeep\n|turn|3\n|\n|t:|1699549677\n|move|p2a: Regieleki|Thunder Cage|p1a: Sirfetch\u2019d\n|-damage|p1a: Sirfetch\u2019d|0 fnt\n|faint|p1a: Sirfetch\u2019d\n|\n|upkeep\n|\n|t:|1699549693\n|switch|p1a: Gengar|Gengar, M|100\/100\n|turn|4\n|\n|t:|1699549704\n|move|p2a: Regieleki|Light Screen|p2a: Regieleki\n|-sidestart|p2: Ratty263|move: Light Screen\n|move|p1a: Gengar|Sludge Bomb|p2a: Regieleki\n|-damage|p2a: Regieleki|4\/100\n|\n|upkeep\n|turn|5\n|\n|t:|1699549710\n|move|p2a: Regieleki|Thunder Cage|p1a: Gengar\n|-damage|p1a: Gengar|12\/100\n|-activate|p1a: Gengar|move: Thunder Cage|[of] p2a: Regieleki\n|move|p1a: Gengar|Shadow Ball|p2a: Regieleki\n|-damage|p2a: Regieleki|0 fnt\n|faint|p2a: Regieleki\n|\n|-end|p1a: Gengar|Thunder Cage|[partiallytrapped]|[silent]\n|upkeep\n|\n|t:|1699549722\n|switch|p2a: Incineroar|Incineroar, M|100\/100\n|-ability|p2a: Incineroar|Intimidate|boost\n|-unboost|p1a: Gengar|atk|1\n|turn|6\n|\n|t:|1699549730\n|move|p1a: Gengar|Sludge Bomb|p2a: Incineroar\n|-damage|p2a: Incineroar|79\/100\n|move|p2a: Incineroar|Flame Charge|p1a: Gengar\n|-damage|p1a: Gengar|0 fnt\n|-boost|p2a: Incineroar|spe|1\n|-start|p2a: Incineroar|Disable|Flame Charge|[from] ability: Cursed Body|[of] p1a: Gengar\n|faint|p1a: Gengar\n|\n|-heal|p2a: Incineroar|85\/100|[from] item: Leftovers\n|-sideend|p2: Ratty263|Reflect\n|upkeep\n|\n|t:|1699549747\n|switch|p1a: Dragonite|Dragonite, F|100\/100\n|turn|7\n|\n|t:|1699549760\n|move|p2a: Incineroar|Darkest Lariat|p1a: Dragonite\n|-damage|p1a: Dragonite|82\/100\n|move|p1a: Dragonite|Dragon Dance|p1a: Dragonite\n|-boost|p1a: Dragonite|atk|1\n|-boost|p1a: Dragonite|spe|1\n|\n|-heal|p1a: Dragonite|88\/100|[from] item: Leftovers\n|-heal|p2a: Incineroar|91\/100|[from] item: Leftovers\n|upkeep\n|turn|8\n|\n|t:|1699549766\n|switch|p2a: Charizard|Charizard, F, shiny|100\/100\n|move|p1a: Dragonite|Dragon Claw|p2a: Charizard\n|-damage|p2a: Charizard|23\/100\n|\n|-heal|p1a: Dragonite|94\/100|[from] item: Leftovers\n|-sideend|p2: Ratty263|move: Light Screen\n|upkeep\n|turn|9\n|\n|t:|1699549773\n|move|p1a: Dragonite|Dragon Claw|p2a: Charizard\n|-damage|p2a: Charizard|0 fnt\n|faint|p2a: Charizard\n|\n|-heal|p1a: Dragonite|100\/100|[from] item: Leftovers\n|upkeep\n|\n|t:|1699549782\n|switch|p2a: Blaziken|Blaziken, M|100\/100\n|turn|10\n|\n|t:|1699549786\n|move|p2a: Blaziken|Protect|p2a: Blaziken\n|-singleturn|p2a: Blaziken|Protect\n|move|p1a: Dragonite|Hurricane|p2a: Blaziken\n|-activate|p2a: Blaziken|move: Protect\n|\n|-ability|p2a: Blaziken|Speed Boost|boost\n|-boost|p2a: Blaziken|spe|1\n|upkeep\n|turn|11\n|\n|t:|1699549801\n|detailschange|p2a: Blaziken|Blaziken-Mega, M\n|-mega|p2a: Blaziken|Blaziken|Blazikenite\n|move|p2a: Blaziken|Acrobatics|p1a: Dragonite\n|-damage|p1a: Dragonite|88\/100\n|move|p1a: Dragonite|Dragon Claw|p2a: Blaziken\n|-damage|p2a: Blaziken|23\/100\n|\n|-heal|p1a: Dragonite|94\/100|[from] item: Leftovers\n|-ability|p2a: Blaziken|Speed Boost|boost\n|-boost|p2a: Blaziken|spe|1\n|upkeep\n|turn|12\n|\n|t:|1699549810\n|move|p2a: Blaziken|Fire Punch|p1a: Dragonite\n|-resisted|p1a: Dragonite\n|-damage|p1a: Dragonite|68\/100\n|-status|p1a: Dragonite|brn\n|move|p1a: Dragonite|Dragon Claw|p2a: Blaziken\n|-damage|p2a: Blaziken|0 fnt\n|faint|p2a: Blaziken\n|\n|-heal|p1a: Dragonite|74\/100 brn|[from] item: Leftovers\n|-damage|p1a: Dragonite|68\/100 brn|[from] brn\n|upkeep\n|\n|t:|1699549816\n|switch|p2a: Incineroar|Incineroar, M|91\/100\n|-ability|p2a: Incineroar|Intimidate|boost\n|-unboost|p1a: Dragonite|atk|1\n|turn|13\n|\n|t:|1699549822\n|move|p1a: Dragonite|Hurricane|p2a: Incineroar\n|-damage|p2a: Incineroar|59\/100\n|move|p2a: Incineroar|Swords Dance|p2a: Incineroar\n|-boost|p2a: Incineroar|atk|2\n|\n|-heal|p1a: Dragonite|74\/100 brn|[from] item: Leftovers\n|-heal|p2a: Incineroar|65\/100|[from] item: Leftovers\n|-damage|p1a: Dragonite|68\/100 brn|[from] brn\n|upkeep\n|turn|14\n|\n|t:|1699549829\n|move|p1a: Dragonite|Hurricane|p2a: Incineroar\n|-damage|p2a: Incineroar|34\/100\n|move|p2a: Incineroar|Darkest Lariat|p1a: Dragonite\n|-damage|p1a: Dragonite|0 fnt\n|faint|p1a: Dragonite\n|\n|-heal|p2a: Incineroar|40\/100|[from] item: Leftovers\n|upkeep\n|\n|t:|1699549836\n|switch|p1a: Lucario|Lucario, M|100\/100\n|turn|15\n|\n|t:|1699549842\n|move|p1a: Lucario|Aura Sphere|p2a: Incineroar\n|-supereffective|p2a: Incineroar\n|-damage|p2a: Incineroar|0 fnt\n|faint|p2a: Incineroar\n|\n|upkeep\n|\n|t:|1699549846\n|switch|p2a: Groudon|Groudon|100\/100\n|detailschange|p2a: Groudon|Groudon-Primal\n|-primal|p2a: Groudon|Red Orb\n|-weather|DesolateLand|[from] ability: Desolate Land|[of] p2a: Groudon\n|turn|16\n|\n|t:|1699549855\n|detailschange|p1a: Lucario|Lucario-Mega, M\n|-mega|p1a: Lucario|Lucario|Lucarionite\n|move|p1a: Lucario|Aura Sphere|p2a: Groudon\n|-damage|p2a: Groudon|53\/100\n|move|p2a: Groudon|Earthquake|p1a: Lucario\n|-supereffective|p1a: Lucario\n|-damage|p1a: Lucario|0 fnt\n|faint|p1a: Lucario\n|\n|-weather|DesolateLand|[upkeep]\n|upkeep\n|\n|t:|1699549864\n|switch|p1a: Dracovish|Dracovish|100\/100\n|turn|17\n|\n|t:|1699549868\n|move|p1a: Dracovish|Crunch|p2a: Groudon\n|-damage|p2a: Groudon|25\/100\n|move|p2a: Groudon|Earthquake|p1a: Dracovish\n|-damage|p1a: Dracovish|27\/100\n|\n|-weather|DesolateLand|[upkeep]\n|upkeep\n|turn|18\n|\n|t:|1699549875\n|move|p1a: Dracovish|Crunch|p2a: Groudon\n|-damage|p2a: Groudon|0 fnt\n|faint|p2a: Groudon\n|-weather|none\n|\n|win|KJ.nyc\n|raw|KJ.nyc's rating: 1118 &rarr; <strong>1140<\/strong><br \/>(+22 for winning)\n|raw|Ratty263's rating: 1070 &rarr; <strong>1052<\/strong><br \/>(-18 for losing)\n|c|\u2606KJ.nyc|gg\n|l|\u2606Ratty263\n","uploadtime":1699549892,"views":7,"p1id":"kjnyc","p2id":"ratty263","formatid":"gen9nationaldexubers","rating":1052,"private":0,"password":""}