{"id":"gen9nationaldexubers-1990865593","p1":"jertheber03","p2":"leavemygoodsalone","format":"[Gen 9] National Dex Ubers","log":"|j|\u2606jertheber03\n|j|\u2606leavemygoodsalone\n|t:|1700009129\n|gametype|singles\n|player|p1|jertheber03|emmet|1112\n|player|p2|leavemygoodsalone|pokemaniac|1197\n|teamsize|p1|6\n|teamsize|p2|6\n|gen|9\n|tier|[Gen 9] National Dex Ubers\n|rated|\n|rule|HP Percentage Mod: HP is shown in percentages\n|rule|Endless Battle Clause: Forcing endless battles is banned\n|rule|OHKO Clause: OHKO moves are banned\n|rule|Evasion Moves Clause: Evasion moves are banned\n|rule|Evasion Items Clause: Evasion items are banned\n|rule|Species Clause: Limit one of each Pok\u00e9mon\n|rule|Sleep Clause Mod: Limit one foe put to sleep\n|rule|Mega Rayquaza Clause: You cannot mega evolve Rayquaza\n|clearpoke\n|poke|p1|Kyogre|\n|poke|p1|Jirachi|\n|poke|p1|Kingdra, F|\n|poke|p1|Zapdos|\n|poke|p1|Qwilfish-Hisui, M|\n|poke|p1|Kabutops, F|\n|poke|p2|Diancie|\n|poke|p2|Houndstone, M|\n|poke|p2|Maushold|\n|poke|p2|Bellibolt, F|\n|poke|p2|Tyranitar, F|\n|poke|p2|Palafin, M|\n|teampreview\n|\n|t:|1700009136\n|start\n|switch|p1a: Kyogre|Kyogre|100\/100\n|switch|p2a: Diancie|Diancie|100\/100\n|-weather|RainDance|[from] ability: Drizzle|[of] p1a: Kyogre\n|turn|1\n|\n|t:|1700009143\n|detailschange|p2a: Diancie|Diancie-Mega\n|-mega|p2a: Diancie|Diancie|Diancite\n|-terastallize|p1a: Kyogre|Water\n|move|p2a: Diancie|Stealth Rock|p1a: Kyogre\n|-sidestart|p1: jertheber03|move: Stealth Rock\n|move|p1a: Kyogre|Water Spout|p2a: Diancie\n|-supereffective|p2a: Diancie\n|-damage|p2a: Diancie|0 fnt\n|faint|p2a: Diancie\n|\n|-weather|RainDance|[upkeep]\n|upkeep\n|\n|t:|1700009153\n|switch|p2a: Palafin|Palafin, M|100\/100\n|turn|2\n|c|\u2606jertheber03|huge mega stealth rock\n|\n|t:|1700009158\n|detailschange|p2a: Palafin|Palafin-Hero, M\n|switch|p2a: Bellibolt|Bellibolt, F|100\/100\n|move|p1a: Kyogre|Water Spout|p2a: Bellibolt\n|-damage|p2a: Bellibolt|0 fnt\n|faint|p2a: Bellibolt\n|\n|-weather|RainDance|[upkeep]\n|upkeep\n|\n|t:|1700009161\n|switch|p2a: Palafin|Palafin-Hero, M|100\/100\n|-activate|p2a: Palafin|ability: Zero to Hero\n|turn|3\n|\n|t:|1700009168\n|move|p2a: Palafin|Jet Punch|p1a: Kyogre\n|-resisted|p1a: Kyogre\n|-damage|p1a: Kyogre|73\/100\n|move|p1a: Kyogre|Water Spout|p2a: Palafin\n|-resisted|p2a: Palafin\n|-damage|p2a: Palafin|27\/100\n|\n|-weather|RainDance|[upkeep]\n|upkeep\n|turn|4\n|\n|t:|1700009181\n|move|p2a: Palafin|Liquidation|p1a: Kyogre\n|-resisted|p1a: Kyogre\n|-damage|p1a: Kyogre|32\/100\n|-unboost|p1a: Kyogre|def|1\n|move|p1a: Kyogre|Water Spout|p2a: Palafin\n|-resisted|p2a: Palafin\n|-damage|p2a: Palafin|0 fnt\n|faint|p2a: Palafin\n|\n|-weather|RainDance|[upkeep]\n|upkeep\n|\n|t:|1700009184\n|switch|p2a: Maushold|Maushold|100\/100\n|turn|5\n|\n|t:|1700009192\n|move|p2a: Maushold|Population Bomb|p1a: Kyogre\n|-damage|p1a: Kyogre|14\/100\n|-crit|p1a: Kyogre\n|-damage|p1a: Kyogre|0 fnt\n|faint|p1a: Kyogre\n|-hitcount|p1: Kyogre|2\n|\n|-weather|none\n|upkeep\n|\n|t:|1700009201\n|switch|p1a: Jirachi|Jirachi|100\/100\n|-damage|p1a: Jirachi|94\/100|[from] Stealth Rock\n|turn|6\n|\n|t:|1700009214\n|move|p2a: Maushold|Population Bomb|p1a: Jirachi\n|-resisted|p1a: Jirachi\n|-damage|p1a: Jirachi|90\/100\n|-resisted|p1a: Jirachi\n|-damage|p1a: Jirachi|85\/100\n|-resisted|p1a: Jirachi\n|-damage|p1a: Jirachi|80\/100\n|-hitcount|p1a: Jirachi|3\n|cant|p1a: Jirachi|flinch\n|\n|upkeep\n|turn|7\n|\n|t:|1700009226\n|move|p2a: Maushold|Population Bomb|p1a: Jirachi\n|-resisted|p1a: Jirachi\n|-damage|p1a: Jirachi|76\/100\n|-resisted|p1a: Jirachi\n|-damage|p1a: Jirachi|71\/100\n|-resisted|p1a: Jirachi\n|-damage|p1a: Jirachi|66\/100\n|-resisted|p1a: Jirachi\n|-damage|p1a: Jirachi|62\/100\n|-resisted|p1a: Jirachi\n|-damage|p1a: Jirachi|57\/100\n|-resisted|p1a: Jirachi\n|-damage|p1a: Jirachi|53\/100\n|-resisted|p1a: Jirachi\n|-damage|p1a: Jirachi|48\/100\n|-hitcount|p1a: Jirachi|7\n|cant|p1a: Jirachi|flinch\n|\n|upkeep\n|turn|8\n|\n|t:|1700009249\n|move|p2a: Maushold|Population Bomb|p1a: Jirachi\n|-resisted|p1a: Jirachi\n|-damage|p1a: Jirachi|43\/100\n|-resisted|p1a: Jirachi\n|-damage|p1a: Jirachi|38\/100\n|-resisted|p1a: Jirachi\n|-damage|p1a: Jirachi|34\/100\n|-resisted|p1a: Jirachi\n|-damage|p1a: Jirachi|29\/100\n|-resisted|p1a: Jirachi\n|-damage|p1a: Jirachi|24\/100\n|-resisted|p1a: Jirachi\n|-damage|p1a: Jirachi|20\/100\n|-resisted|p1a: Jirachi\n|-damage|p1a: Jirachi|15\/100\n|-resisted|p1a: Jirachi\n|-damage|p1a: Jirachi|11\/100\n|-resisted|p1a: Jirachi\n|-damage|p1a: Jirachi|6\/100\n|-resisted|p1a: Jirachi\n|-damage|p1a: Jirachi|2\/100\n|-hitcount|p1a: Jirachi|10\n|cant|p1a: Jirachi|flinch\n|\n|upkeep\n|turn|9\n|\n|t:|1700009270\n|move|p2a: Maushold|Trailblaze|p1a: Jirachi\n|-resisted|p1a: Jirachi\n|-damage|p1a: Jirachi|0 fnt\n|-boost|p2a: Maushold|spe|1\n|faint|p1a: Jirachi\n|\n|upkeep\n|c|\u2606leavemygoodsalone|huge jirachi\n|\n|t:|1700009283\n|switch|p1a: Zapdos|Zapdos|100\/100\n|-damage|p1a: Zapdos|76\/100|[from] Stealth Rock\n|turn|10\n|\n|t:|1700009288\n|move|p2a: Maushold|Population Bomb|p1a: Zapdos\n|-damage|p1a: Zapdos|63\/100\n|-damage|p1a: Zapdos|51\/100\n|-status|p2a: Maushold|par|[from] ability: Static|[of] p1a: Zapdos\n|-damage|p1a: Zapdos|41\/100\n|-damage|p1a: Zapdos|29\/100\n|-damage|p1a: Zapdos|18\/100\n|-damage|p1a: Zapdos|8\/100\n|-damage|p1a: Zapdos|0 fnt\n|faint|p1a: Zapdos\n|-hitcount|p1: Zapdos|7\n|\n|upkeep\n|\n|t:|1700009306\n|switch|p1a: Kingdra|Kingdra, F|100\/100\n|-damage|p1a: Kingdra|88\/100|[from] Stealth Rock\n|turn|11\n|\n|t:|1700009312\n|move|p1a: Kingdra|Focus Energy|p1a: Kingdra\n|-start|p1a: Kingdra|move: Focus Energy\n|cant|p2a: Maushold|par\n|\n|-heal|p1a: Kingdra|94\/100|[from] item: Leftovers\n|upkeep\n|turn|12\n|\n|t:|1700009324\n|move|p1a: Kingdra|Waterfall|p2a: Maushold\n|-damage|p2a: Maushold|45\/100 par\n|cant|p2a: Maushold|flinch\n|\n|-heal|p1a: Kingdra|100\/100|[from] item: Leftovers\n|upkeep\n|turn|13\n|\n|t:|1700009330\n|move|p1a: Kingdra|Waterfall|p2a: Maushold\n|-damage|p2a: Maushold|0 fnt\n|faint|p2a: Maushold\n|\n|upkeep\n|\n|t:|1700009336\n|switch|p2a: Tyranitar|Tyranitar, F|100\/100\n|-weather|Sandstorm|[from] ability: Sand Stream|[of] p2a: Tyranitar\n|turn|14\n|\n|t:|1700009341\n|move|p1a: Kingdra|Waterfall|p2a: Tyranitar\n|-supereffective|p2a: Tyranitar\n|-damage|p2a: Tyranitar|43\/100\n|move|p2a: Tyranitar|Earthquake|p1a: Kingdra\n|-damage|p1a: Kingdra|50\/100\n|\n|-weather|Sandstorm|[upkeep]\n|-damage|p1a: Kingdra|44\/100|[from] Sandstorm\n|-heal|p1a: Kingdra|50\/100|[from] item: Leftovers\n|upkeep\n|turn|15\n|\n|t:|1700009349\n|move|p1a: Kingdra|Waterfall|p2a: Tyranitar\n|-supereffective|p2a: Tyranitar\n|-crit|p2a: Tyranitar\n|-damage|p2a: Tyranitar|0 fnt\n|faint|p2a: Tyranitar\n|\n|-weather|Sandstorm|[upkeep]\n|-damage|p1a: Kingdra|44\/100|[from] Sandstorm\n|-heal|p1a: Kingdra|50\/100|[from] item: Leftovers\n|upkeep\n|\n|t:|1700009354\n|switch|p2a: Houndstone|Houndstone, M|100\/100\n|turn|16\n|\n|t:|1700009368\n|move|p2a: Houndstone|Last Respects|p1a: Kingdra\n|-damage|p1a: Kingdra|0 fnt\n|faint|p1a: Kingdra\n|\n|-weather|Sandstorm|[upkeep]\n|upkeep\n|\n|t:|1700009376\n|switch|p1a: Qwilfish|Qwilfish-Hisui, M|100\/100\n|-damage|p1a: Qwilfish|88\/100|[from] Stealth Rock\n|turn|17\n|\n|t:|1700009398\n|-terastallize|p2a: Houndstone|Fighting\n|move|p2a: Houndstone|Tera Blast|p1a: Qwilfish|[anim] Tera Blast Fighting\n|-damage|p1a: Qwilfish|31\/100\n|move|p1a: Qwilfish|Barb Barrage|p2a: Houndstone\n|-damage|p2a: Houndstone|68\/100\n|\n|-weather|Sandstorm|[upkeep]\n|-damage|p1a: Qwilfish|26\/100|[from] Sandstorm\n|-heal|p2a: Houndstone|73\/100|[from] item: Leftovers\n|-heal|p1a: Qwilfish|31\/100|[from] item: Leftovers\n|upkeep\n|turn|18\n|\n|t:|1700009425\n|move|p2a: Houndstone|Last Respects|p1a: Qwilfish\n|-resisted|p1a: Qwilfish\n|-damage|p1a: Qwilfish|0 fnt\n|faint|p1a: Qwilfish\n|\n|-weather|Sandstorm|[upkeep]\n|-heal|p2a: Houndstone|79\/100|[from] item: Leftovers\n|upkeep\n|\n|t:|1700009432\n|switch|p1a: Kabutops|Kabutops, F|100\/100\n|-damage|p1a: Kabutops|88\/100|[from] Stealth Rock\n|turn|19\n|\n|t:|1700009446\n|move|p2a: Houndstone|Last Respects|p1a: Kabutops\n|-damage|p1a: Kabutops|0 fnt\n|faint|p1a: Kabutops\n|\n|win|leavemygoodsalone\n|raw|jertheber03's rating: 1112 &rarr; <strong>1093<\/strong><br \/>(-19 for losing)\n|raw|leavemygoodsalone's rating: 1197 &rarr; <strong>1216<\/strong><br \/>(+19 for winning)\n|c|\u2606leavemygoodsalone|gg\n","uploadtime":1700009452,"views":8,"p1id":"jertheber03","p2id":"leavemygoodsalone","formatid":"gen9nationaldexubers","rating":1093,"private":0,"password":""}