{"id":"gen9nationaldexubers-1990584029","p1":"SnakeBunny","p2":"yohisup","format":"[Gen 9] National Dex Ubers","log":"|j|\u2606SnakeBunny\n|j|\u203dyohisup\n|t:|1699983405\n|gametype|singles\n|player|p1|SnakeBunny|n|1167\n|player|p2|yohisup|102|1204\n|teamsize|p1|6\n|teamsize|p2|6\n|gen|9\n|tier|[Gen 9] National Dex Ubers\n|rated|\n|rule|HP Percentage Mod: HP is shown in percentages\n|rule|Endless Battle Clause: Forcing endless battles is banned\n|rule|OHKO Clause: OHKO moves are banned\n|rule|Evasion Moves Clause: Evasion moves are banned\n|rule|Evasion Items Clause: Evasion items are banned\n|rule|Species Clause: Limit one of each Pok\u00e9mon\n|rule|Sleep Clause Mod: Limit one foe put to sleep\n|rule|Mega Rayquaza Clause: You cannot mega evolve Rayquaza\n|clearpoke\n|poke|p1|Scizor, F|\n|poke|p1|Gastrodon, F|\n|poke|p1|Clefable, M|\n|poke|p1|Tsareena, F|\n|poke|p1|Dragonite, M|\n|poke|p1|Urshifu-*, F|\n|poke|p2|Kangaskhan, F|\n|poke|p2|Lunala|\n|poke|p2|Samurott-Hisui, F|\n|poke|p2|Xerneas-*|\n|poke|p2|Aegislash, M|\n|poke|p2|Dragapult, F|\n|teampreview\n|\n|t:|1699983414\n|start\n|switch|p1a: Gastrodon|Gastrodon, F|100\/100\n|switch|p2a: Kangaskhan|Kangaskhan, F|100\/100\n|turn|1\n|\n|t:|1699983421\n|detailschange|p2a: Kangaskhan|Kangaskhan-Mega, F\n|-mega|p2a: Kangaskhan|Kangaskhan|Kangaskhanite\n|move|p2a: Kangaskhan|Fake Out|p1a: Gastrodon\n|-damage|p1a: Gastrodon|84\/100\n|-damage|p1a: Gastrodon|80\/100\n|-hitcount|p1a: Gastrodon|2\n|cant|p1a: Gastrodon|flinch\n|\n|upkeep\n|turn|2\n|\n|t:|1699983432\n|move|p2a: Kangaskhan|Power-Up Punch|p1a: Gastrodon\n|-damage|p1a: Gastrodon|68\/100\n|-boost|p2a: Kangaskhan|atk|1\n|-damage|p1a: Gastrodon|64\/100\n|-boost|p2a: Kangaskhan|atk|1\n|-hitcount|p1a: Gastrodon|2\n|move|p1a: Gastrodon|Yawn|p2a: Kangaskhan\n|-start|p2a: Kangaskhan|move: Yawn|[of] p1a: Gastrodon\n|\n|upkeep\n|turn|3\n|\n|t:|1699983445\n|switch|p2a: Dragapult|Dragapult, F|100\/100\n|move|p1a: Gastrodon|Stealth Rock|p2a: Dragapult\n|-sidestart|p2: yohisup|move: Stealth Rock\n|\n|upkeep\n|turn|4\n|\n|t:|1699983454\n|switch|p1a: Clefable|Clefable, M|100\/100\n|move|p2a: Dragapult|Dragon Darts|p1a: Clefable\n|-immune|p1a: Clefable\n|\n|upkeep\n|turn|5\n|\n|t:|1699983466\n|switch|p2a: Aegislash|Aegislash, M|100\/100\n|-damage|p2a: Aegislash|94\/100|[from] Stealth Rock\n|move|p1a: Clefable|Moonblast|p2a: Aegislash\n|-resisted|p2a: Aegislash\n|-damage|p2a: Aegislash|82\/100\n|\n|upkeep\n|turn|6\n|\n|t:|1699983474\n|move|p1a: Clefable|Protect|p1a: Clefable\n|-singleturn|p1a: Clefable|Protect\n|-formechange|p2a: Aegislash|Aegislash-Blade||[from] ability: Stance Change\n|move|p2a: Aegislash|Iron Head|p1a: Clefable\n|-activate|p1a: Clefable|move: Protect\n|\n|upkeep\n|turn|7\n|inactive|Battle timer is ON: inactive players will automatically lose when time's up. (requested by yohisup)\n|\n|t:|1699983498\n|-terastallize|p1a: Clefable|Steel\n|move|p1a: Clefable|Thunderbolt|p2a: Aegislash\n|-damage|p2a: Aegislash|47\/100\n|move|p2a: Aegislash|Iron Head|p1a: Clefable\n|-resisted|p1a: Clefable\n|-damage|p1a: Clefable|79\/100\n|-damage|p2a: Aegislash|37\/100|[from] item: Life Orb\n|\n|-heal|p1a: Clefable|85\/100|[from] item: Leftovers\n|upkeep\n|turn|8\n|\n|t:|1699983508\n|move|p1a: Clefable|Thunderbolt|p2a: Aegislash\n|-damage|p2a: Aegislash|2\/100\n|move|p2a: Aegislash|Sacred Sword|p1a: Clefable\n|-supereffective|p1a: Clefable\n|-damage|p1a: Clefable|10\/100\n|-damage|p2a: Aegislash|0 fnt|[from] item: Life Orb\n|faint|p2a: Aegislash\n|\n|-heal|p1a: Clefable|16\/100|[from] item: Leftovers\n|upkeep\n|\n|t:|1699983521\n|switch|p2a: Samurott|Samurott-Hisui, F|100\/100\n|-damage|p2a: Samurott|88\/100|[from] Stealth Rock\n|turn|9\n|\n|t:|1699983526\n|move|p2a: Samurott|Ceaseless Edge|p1a: Clefable\n|-damage|p1a: Clefable|0 fnt\n|-sidestart|p1: SnakeBunny|Spikes\n|faint|p1a: Clefable\n|\n|upkeep\n|\n|t:|1699983531\n|switch|p1a: Urshifu|Urshifu-Rapid-Strike, F|100\/100\n|-damage|p1a: Urshifu|88\/100|[from] Spikes\n|turn|10\n|\n|t:|1699983549\n|switch|p2a: Kangaskhan|Kangaskhan-Mega, F|100\/100\n|-damage|p2a: Kangaskhan|88\/100|[from] Stealth Rock\n|move|p1a: Urshifu|Close Combat|p2a: Kangaskhan\n|-supereffective|p2a: Kangaskhan\n|-damage|p2a: Kangaskhan|0 fnt\n|-unboost|p1a: Urshifu|def|1\n|-unboost|p1a: Urshifu|spd|1\n|faint|p2a: Kangaskhan\n|\n|upkeep\n|\n|t:|1699983562\n|switch|p2a: Dragapult|Dragapult, F|100\/100\n|-damage|p2a: Dragapult|88\/100|[from] Stealth Rock\n|turn|11\n|\n|t:|1699983569\n|switch|p1a: Scizor|Scizor, F|100\/100\n|-damage|p1a: Scizor|88\/100|[from] Spikes\n|move|p2a: Dragapult|Psychic Fangs|p1a: Scizor\n|-resisted|p1a: Scizor\n|-damage|p1a: Scizor|67\/100\n|-damage|p2a: Dragapult|78\/100|[from] item: Life Orb\n|\n|upkeep\n|turn|12\n|\n|t:|1699983578\n|detailschange|p1a: Scizor|Scizor-Mega, F\n|-mega|p1a: Scizor|Scizor|Scizorite\n|move|p2a: Dragapult|Phantom Force||[still]\n|-prepare|p2a: Dragapult|Phantom Force\n|move|p1a: Scizor|Roost|p1a: Scizor\n|-heal|p1a: Scizor|100\/100\n|-singleturn|p1a: Scizor|move: Roost\n|\n|upkeep\n|turn|13\n|\n|t:|1699983584\n|move|p1a: Scizor|Bullet Punch|p2a: Dragapult|[miss]\n|-miss|p1a: Scizor|p2a: Dragapult\n|move|p2a: Dragapult|Phantom Force|p1a: Scizor|[from]lockedmove\n|-damage|p1a: Scizor|57\/100\n|-damage|p2a: Dragapult|69\/100|[from] item: Life Orb\n|\n|upkeep\n|turn|14\n|\n|t:|1699983592\n|move|p2a: Dragapult|Dragon Darts|p1a: Scizor\n|-resisted|p1a: Scizor\n|-crit|p1a: Scizor\n|-damage|p1a: Scizor|37\/100\n|-anim|p2a: Dragapult|Dragon Darts|p1a: Scizor\n|-resisted|p1a: Scizor\n|-damage|p1a: Scizor|24\/100\n|-damage|p2a: Dragapult|59\/100|[from] item: Life Orb\n|move|p1a: Scizor|Roost|p1a: Scizor\n|-heal|p1a: Scizor|74\/100\n|-singleturn|p1a: Scizor|move: Roost\n|\n|upkeep\n|turn|15\n|\n|t:|1699983612\n|move|p2a: Dragapult|Phantom Force||[still]\n|-prepare|p2a: Dragapult|Phantom Force\n|move|p1a: Scizor|Roost|p1a: Scizor\n|-heal|p1a: Scizor|100\/100\n|-singleturn|p1a: Scizor|move: Roost\n|\n|upkeep\n|turn|16\n|\n|t:|1699983617\n|move|p2a: Dragapult|Phantom Force|p1a: Scizor|[from]lockedmove\n|-damage|p1a: Scizor|53\/100\n|-damage|p2a: Dragapult|49\/100|[from] item: Life Orb\n|move|p1a: Scizor|Dual Wingbeat|p2a: Dragapult|[miss]\n|-miss|p1a: Scizor|p2a: Dragapult\n|\n|upkeep\n|turn|17\n|\n|t:|1699983625\n|move|p2a: Dragapult|Phantom Force||[still]\n|-prepare|p2a: Dragapult|Phantom Force\n|move|p1a: Scizor|Roost|p1a: Scizor\n|-heal|p1a: Scizor|100\/100\n|-singleturn|p1a: Scizor|move: Roost\n|\n|upkeep\n|turn|18\n|\n|t:|1699983630\n|switch|p1a: Gastrodon|Gastrodon, F|64\/100\n|-damage|p1a: Gastrodon|51\/100|[from] Spikes\n|move|p2a: Dragapult|Phantom Force|p1a: Gastrodon|[from]lockedmove\n|-damage|p1a: Gastrodon|3\/100\n|-enditem|p1a: Gastrodon|Aguav Berry|[eat]\n|-heal|p1a: Gastrodon|36\/100|[from] item: Aguav Berry\n|-damage|p2a: Dragapult|39\/100|[from] item: Life Orb\n|\n|upkeep\n|turn|19\n|\n|t:|1699983640\n|move|p2a: Dragapult|Dragon Darts|p1a: Gastrodon\n|-damage|p1a: Gastrodon|9\/100\n|-anim|p2a: Dragapult|Dragon Darts|p1a: Gastrodon\n|-damage|p1a: Gastrodon|0 fnt\n|faint|p1a: Gastrodon\n|-damage|p2a: Dragapult|30\/100|[from] item: Life Orb\n|\n|upkeep\n|\n|t:|1699983650\n|switch|p1a: Urshifu|Urshifu-Rapid-Strike, F|88\/100\n|-damage|p1a: Urshifu|76\/100|[from] Spikes\n|turn|20\n|\n|t:|1699983657\n|move|p1a: Urshifu|Poison Jab|p2a: Dragapult\n|-resisted|p2a: Dragapult\n|-damage|p2a: Dragapult|10\/100\n|-status|p2a: Dragapult|psn\n|move|p2a: Dragapult|Psychic Fangs|p1a: Urshifu\n|-supereffective|p1a: Urshifu\n|-damage|p1a: Urshifu|0 fnt\n|faint|p1a: Urshifu\n|-damage|p2a: Dragapult|0 fnt|[from] item: Life Orb\n|faint|p2a: Dragapult\n|\n|upkeep\n|\n|t:|1699983675\n|switch|p2a: Samurott|Samurott-Hisui, F|88\/100\n|switch|p1a: Tsareena|Tsareena, F|100\/100\n|-damage|p2a: Samurott|76\/100|[from] Stealth Rock\n|turn|21\n|\n|t:|1699983684\n|switch|p2a: Lunala|Lunala|100\/100\n|-damage|p2a: Lunala|88\/100|[from] Stealth Rock\n|move|p1a: Tsareena|Rapid Spin|p2a: Lunala\n|-immune|p2a: Lunala\n|\n|-heal|p2a: Lunala|94\/100|[from] item: Leftovers\n|upkeep\n|turn|22\n|\n|t:|1699983694\n|move|p2a: Lunala|Moongeist Beam|p1a: Tsareena\n|-damage|p1a: Tsareena|44\/100\n|move|p1a: Tsareena|Triple Axel|p2a: Lunala\n|-damage|p2a: Lunala|87\/100\n|-damage|p2a: Lunala|74\/100\n|-damage|p2a: Lunala|54\/100\n|-hitcount|p2a: Lunala|3\n|\n|-heal|p2a: Lunala|60\/100|[from] item: Leftovers\n|upkeep\n|turn|23\n|\n|t:|1699983707\n|move|p2a: Lunala|Moongeist Beam|p1a: Tsareena\n|-damage|p1a: Tsareena|0 fnt\n|faint|p1a: Tsareena\n|\n|-heal|p2a: Lunala|66\/100|[from] item: Leftovers\n|upkeep\n|\n|t:|1699983710\n|switch|p1a: Dragonite|Dragonite, M|100\/100\n|turn|24\n|\n|t:|1699983717\n|move|p2a: Lunala|Thunderbolt|p1a: Dragonite\n|-crit|p1a: Dragonite\n|-damage|p1a: Dragonite|74\/100\n|move|p1a: Dragonite|Dragon Dance|p1a: Dragonite\n|-boost|p1a: Dragonite|atk|1\n|-boost|p1a: Dragonite|spe|1\n|\n|-heal|p2a: Lunala|72\/100|[from] item: Leftovers\n|upkeep\n|turn|25\n|\n|t:|1699983725\n|move|p1a: Dragonite|Earthquake|p2a: Lunala\n|-damage|p2a: Lunala|22\/100\n|move|p2a: Lunala|Thunderbolt|p1a: Dragonite\n|-crit|p1a: Dragonite\n|-damage|p1a: Dragonite|12\/100\n|\n|-heal|p2a: Lunala|28\/100|[from] item: Leftovers\n|upkeep\n|turn|26\n|\n|t:|1699983731\n|move|p1a: Dragonite|Earthquake|p2a: Lunala\n|-damage|p2a: Lunala|0 fnt\n|faint|p2a: Lunala\n|\n|upkeep\n|\n|t:|1699983738\n|switch|p2a: Xerneas|Xerneas|100\/100\n|-damage|p2a: Xerneas|88\/100|[from] Stealth Rock\n|-ability|p2a: Xerneas|Fairy Aura\n|turn|27\n|\n|t:|1699983745\n|move|p1a: Dragonite|Earthquake|p2a: Xerneas\n|-damage|p2a: Xerneas|39\/100\n|move|p2a: Xerneas|Geomancy||[still]\n|-prepare|p2a: Xerneas|Geomancy\n|-enditem|p2a: Xerneas|Power Herb\n|-anim|p2a: Xerneas|Geomancy|p2a: Xerneas\n|-boost|p2a: Xerneas|spa|2\n|-boost|p2a: Xerneas|spd|2\n|-boost|p2a: Xerneas|spe|2\n|\n|upkeep\n|turn|28\n|\n|t:|1699983755\n|move|p2a: Xerneas|Thunderbolt|p1a: Dragonite\n|-damage|p1a: Dragonite|0 fnt\n|faint|p1a: Dragonite\n|\n|upkeep\n|\n|t:|1699983759\n|switch|p1a: Scizor|Scizor-Mega, F|100\/100\n|-damage|p1a: Scizor|88\/100|[from] Spikes\n|turn|29\n|\n|t:|1699983766\n|-terastallize|p2a: Xerneas|Steel\n|move|p1a: Scizor|Bullet Punch|p2a: Xerneas\n|-resisted|p2a: Xerneas\n|-damage|p2a: Xerneas|25\/100\n|move|p2a: Xerneas|Thunderbolt|p1a: Scizor\n|-damage|p1a: Scizor|40\/100\n|\n|upkeep\n|turn|30\n|\n|t:|1699983774\n|move|p2a: Xerneas|Thunderbolt|p1a: Scizor\n|-damage|p1a: Scizor|0 fnt\n|faint|p1a: Scizor\n|\n|win|yohisup\n|raw|SnakeBunny's rating: 1167 &rarr; <strong>1145<\/strong><br \/>(-22 for losing)\n|raw|yohisup's rating: 1204 &rarr; <strong>1226<\/strong><br \/>(+22 for winning)\n|l|\u2606SnakeBunny\n","uploadtime":1699983783,"views":7,"p1id":"snakebunny","p2id":"yohisup","formatid":"gen9nationaldexubers","rating":1145,"private":0,"password":""}