{"id":"gen9nationaldexubers-1993434114","p1":"PIXIE-MODE\u2665\ufe0f","p2":"Y.V_Mad1","format":"[Gen 9] National Dex Ubers","log":"|j|\u2606PIXIE-MODE\u2665\ufe0f\n|j|\u2606Y.V_Mad1\n|t:|1700317396\n|gametype|singles\n|player|p1|PIXIE-MODE\u2665\ufe0f|valerie|1060\n|player|p2|Y.V_Mad1|gloria-dojo|1153\n|teamsize|p1|6\n|teamsize|p2|6\n|gen|9\n|tier|[Gen 9] National Dex Ubers\n|rated|\n|rule|HP Percentage Mod: HP is shown in percentages\n|rule|Endless Battle Clause: Forcing endless battles is banned\n|rule|OHKO Clause: OHKO moves are banned\n|rule|Evasion Moves Clause: Evasion moves are banned\n|rule|Evasion Items Clause: Evasion items are banned\n|rule|Species Clause: Limit one of each Pok\u00e9mon\n|rule|Sleep Clause Mod: Limit one foe put to sleep\n|rule|Mega Rayquaza Clause: You cannot mega evolve Rayquaza\n|clearpoke\n|poke|p1|Klefki, F|\n|poke|p1|Ribombee, F|\n|poke|p1|Rapidash-Galar, F|\n|poke|p1|Primarina, F|\n|poke|p1|Togekiss, F|\n|poke|p1|Ninetales-Alola, F|\n|poke|p2|Necrozma-Dawn-Wings|\n|poke|p2|Greninja-*, M|\n|poke|p2|Zeraora|\n|poke|p2|Inteleon, M|\n|poke|p2|Victini|\n|poke|p2|Ursaluna-Bloodmoon, M|\n|teampreview\n|inactive|Battle timer is ON: inactive players will automatically lose when time's up. (requested by Y.V_Mad1)\n|\n|t:|1700317407\n|start\n|switch|p1a: \ud83d\udc97KLEKI\ud83d\udc97\ud83d\udc8b|Klefki, F|100\/100\n|switch|p2a: Geb|Greninja, M|100\/100\n|turn|1\n|\n|t:|1700317416\n|move|p1a: \ud83d\udc97KLEKI\ud83d\udc97\ud83d\udc8b|Light Screen|p1a: \ud83d\udc97KLEKI\ud83d\udc97\ud83d\udc8b\n|-sidestart|p1: PIXIE-MODE\u2665\ufe0f|move: Light Screen\n|move|p2a: Geb|Hydro Pump|p1a: \ud83d\udc97KLEKI\ud83d\udc97\ud83d\udc8b\n|-damage|p1a: \ud83d\udc97KLEKI\ud83d\udc97\ud83d\udc8b|73\/100\n|\n|upkeep\n|turn|2\n|\n|t:|1700317423\n|move|p2a: Geb|Hydro Pump|p1a: \ud83d\udc97KLEKI\ud83d\udc97\ud83d\udc8b\n|-damage|p1a: \ud83d\udc97KLEKI\ud83d\udc97\ud83d\udc8b|45\/100\n|move|p1a: \ud83d\udc97KLEKI\ud83d\udc97\ud83d\udc8b|Draining Kiss|p2a: Geb\n|-supereffective|p2a: Geb\n|-damage|p2a: Geb|56\/100\n|-heal|p1a: \ud83d\udc97KLEKI\ud83d\udc97\ud83d\udc8b|81\/100|[from] drain|[of] p2a: Geb\n|\n|upkeep\n|turn|3\n|\n|t:|1700317431\n|switch|p2a: D4C: Love Train|Victini|100\/100\n|move|p1a: \ud83d\udc97KLEKI\ud83d\udc97\ud83d\udc8b|Draining Kiss|p2a: D4C: Love Train\n|-resisted|p2a: D4C: Love Train\n|-damage|p2a: D4C: Love Train|93\/100\n|-heal|p1a: \ud83d\udc97KLEKI\ud83d\udc97\ud83d\udc8b|87\/100|[from] drain|[of] p2a: D4C: Love Train\n|\n|upkeep\n|turn|4\n|\n|t:|1700317439\n|move|p1a: \ud83d\udc97KLEKI\ud83d\udc97\ud83d\udc8b|Reflect|p1a: \ud83d\udc97KLEKI\ud83d\udc97\ud83d\udc8b\n|-sidestart|p1: PIXIE-MODE\u2665\ufe0f|Reflect\n|move|p2a: D4C: Love Train|Blaze Kick|p1a: \ud83d\udc97KLEKI\ud83d\udc97\ud83d\udc8b\n|-supereffective|p1a: \ud83d\udc97KLEKI\ud83d\udc97\ud83d\udc8b\n|-damage|p1a: \ud83d\udc97KLEKI\ud83d\udc97\ud83d\udc8b|42\/100\n|-status|p1a: \ud83d\udc97KLEKI\ud83d\udc97\ud83d\udc8b|brn\n|\n|-damage|p1a: \ud83d\udc97KLEKI\ud83d\udc97\ud83d\udc8b|35\/100 brn|[from] brn\n|upkeep\n|turn|5\n|\n|t:|1700317461\n|move|p1a: \ud83d\udc97KLEKI\ud83d\udc97\ud83d\udc8b|Misty Terrain|p1a: \ud83d\udc97KLEKI\ud83d\udc97\ud83d\udc8b\n|-fieldstart|move: Misty Terrain\n|move|p2a: D4C: Love Train|Blaze Kick|p1a: \ud83d\udc97KLEKI\ud83d\udc97\ud83d\udc8b\n|-supereffective|p1a: \ud83d\udc97KLEKI\ud83d\udc97\ud83d\udc8b\n|-damage|p1a: \ud83d\udc97KLEKI\ud83d\udc97\ud83d\udc8b|0 fnt\n|faint|p1a: \ud83d\udc97KLEKI\ud83d\udc97\ud83d\udc8b\n|\n|upkeep\n|\n|t:|1700317473\n|switch|p1a: \ud83d\udc96RIBOMBEE\ud83d\udc96\ud83e\uddda\u200d\u2640\ufe0f|Ribombee, F, shiny|100\/100\n|turn|6\n|c|\u2606Y.V_Mad1|is bro a gym leader\n|inactive|PIXIE-MODE\u2665\ufe0f has 120 seconds left.\n|\n|t:|1700317492\n|move|p1a: \ud83d\udc96RIBOMBEE\ud83d\udc96\ud83e\uddda\u200d\u2640\ufe0f|Bug Buzz|p2a: D4C: Love Train\n|-damage|p2a: D4C: Love Train|57\/100\n|move|p2a: D4C: Love Train|Blaze Kick|p1a: \ud83d\udc96RIBOMBEE\ud83d\udc96\ud83e\uddda\u200d\u2640\ufe0f\n|-supereffective|p1a: \ud83d\udc96RIBOMBEE\ud83d\udc96\ud83e\uddda\u200d\u2640\ufe0f\n|-damage|p1a: \ud83d\udc96RIBOMBEE\ud83d\udc96\ud83e\uddda\u200d\u2640\ufe0f|27\/100\n|\n|upkeep\n|turn|7\n|\n|t:|1700317500\n|move|p1a: \ud83d\udc96RIBOMBEE\ud83d\udc96\ud83e\uddda\u200d\u2640\ufe0f|Sticky Web|p2a: D4C: Love Train\n|-sidestart|p2: Y.V_Mad1|move: Sticky Web\n|move|p2a: D4C: Love Train|Blaze Kick|p1a: \ud83d\udc96RIBOMBEE\ud83d\udc96\ud83e\uddda\u200d\u2640\ufe0f\n|-supereffective|p1a: \ud83d\udc96RIBOMBEE\ud83d\udc96\ud83e\uddda\u200d\u2640\ufe0f\n|-damage|p1a: \ud83d\udc96RIBOMBEE\ud83d\udc96\ud83e\uddda\u200d\u2640\ufe0f|0 fnt\n|faint|p1a: \ud83d\udc96RIBOMBEE\ud83d\udc96\ud83e\uddda\u200d\u2640\ufe0f\n|\n|upkeep\n|\n|t:|1700317508\n|switch|p1a: \ud83d\udc97THE JUBILEEE\ud83d\udc97\ud83d\udc8b|Togekiss, F, shiny|100\/100\n|turn|8\n|\n|t:|1700317514\n|move|p2a: D4C: Love Train|Bolt Strike|p1a: \ud83d\udc97THE JUBILEEE\ud83d\udc97\ud83d\udc8b\n|-supereffective|p1a: \ud83d\udc97THE JUBILEEE\ud83d\udc97\ud83d\udc8b\n|-damage|p1a: \ud83d\udc97THE JUBILEEE\ud83d\udc97\ud83d\udc8b|58\/100\n|-status|p1a: \ud83d\udc97THE JUBILEEE\ud83d\udc97\ud83d\udc8b|par\n|move|p1a: \ud83d\udc97THE JUBILEEE\ud83d\udc97\ud83d\udc8b|Air Slash|p2a: D4C: Love Train\n|-damage|p2a: D4C: Love Train|22\/100\n|\n|-sideend|p1: PIXIE-MODE\u2665\ufe0f|move: Light Screen\n|upkeep\n|turn|9\n|\n|t:|1700317523\n|move|p2a: D4C: Love Train|Bolt Strike|p1a: \ud83d\udc97THE JUBILEEE\ud83d\udc97\ud83d\udc8b\n|-supereffective|p1a: \ud83d\udc97THE JUBILEEE\ud83d\udc97\ud83d\udc8b\n|-damage|p1a: \ud83d\udc97THE JUBILEEE\ud83d\udc97\ud83d\udc8b|16\/100 par\n|move|p1a: \ud83d\udc97THE JUBILEEE\ud83d\udc97\ud83d\udc8b|Air Slash|p2a: D4C: Love Train\n|-damage|p2a: D4C: Love Train|0 fnt\n|faint|p2a: D4C: Love Train\n|\n|-fieldend|Misty Terrain\n|upkeep\n|\n|t:|1700317534\n|switch|p2a: JB|Inteleon, M|100\/100\n|-activate|p2a: JB|move: Sticky Web\n|-unboost|p2a: JB|spe|1\n|turn|10\n|\n|t:|1700317539\n|move|p2a: JB|Snipe Shot|p1a: \ud83d\udc97THE JUBILEEE\ud83d\udc97\ud83d\udc8b\n|-crit|p1a: \ud83d\udc97THE JUBILEEE\ud83d\udc97\ud83d\udc8b\n|-damage|p1a: \ud83d\udc97THE JUBILEEE\ud83d\udc97\ud83d\udc8b|0 fnt\n|faint|p1a: \ud83d\udc97THE JUBILEEE\ud83d\udc97\ud83d\udc8b\n|\n|upkeep\n|\n|t:|1700317549\n|switch|p1a: \ud83d\udc96PRIMARINA\ud83d\udc97\ud83e\udddc\u200d\u2640\ufe0f|Primarina, F, shiny|100\/100\n|turn|11\n|\n|t:|1700317555\n|move|p2a: JB|Snipe Shot|p1a: \ud83d\udc96PRIMARINA\ud83d\udc97\ud83e\udddc\u200d\u2640\ufe0f\n|-resisted|p1a: \ud83d\udc96PRIMARINA\ud83d\udc97\ud83e\udddc\u200d\u2640\ufe0f\n|-damage|p1a: \ud83d\udc96PRIMARINA\ud83d\udc97\ud83e\udddc\u200d\u2640\ufe0f|78\/100\n|-zpower|p1a: \ud83d\udc96PRIMARINA\ud83d\udc97\ud83e\udddc\u200d\u2640\ufe0f\n|move|p1a: \ud83d\udc96PRIMARINA\ud83d\udc97\ud83e\udddc\u200d\u2640\ufe0f|Twinkle Tackle|p2a: JB|[zeffect]\n|-damage|p2a: JB|0 fnt\n|faint|p2a: JB\n|\n|-sideend|p1: PIXIE-MODE\u2665\ufe0f|Reflect\n|upkeep\n|\n|t:|1700317559\n|switch|p2a: Thundercat|Zeraora|100\/100\n|-activate|p2a: Thundercat|move: Sticky Web\n|-unboost|p2a: Thundercat|spe|1\n|-enditem|p2a: Thundercat|White Herb\n|-clearnegativeboost|p2a: Thundercat|[silent]\n|turn|12\n|\n|t:|1700317572\n|move|p1a: \ud83d\udc96PRIMARINA\ud83d\udc97\ud83e\udddc\u200d\u2640\ufe0f|Baby-Doll Eyes|p2a: Thundercat\n|-unboost|p2a: Thundercat|atk|1\n|move|p2a: Thundercat|Plasma Fists|p1a: \ud83d\udc96PRIMARINA\ud83d\udc97\ud83e\udddc\u200d\u2640\ufe0f\n|-supereffective|p1a: \ud83d\udc96PRIMARINA\ud83d\udc97\ud83e\udddc\u200d\u2640\ufe0f\n|-damage|p1a: \ud83d\udc96PRIMARINA\ud83d\udc97\ud83e\udddc\u200d\u2640\ufe0f|0 fnt\n|-fieldactivate|move: Ion Deluge\n|-hint|Normal-type moves become Electric-type after using Plasma Fists.\n|faint|p1a: \ud83d\udc96PRIMARINA\ud83d\udc97\ud83e\udddc\u200d\u2640\ufe0f\n|\n|upkeep\n|\n|t:|1700317582\n|switch|p1a: \ud83d\udc97MY LIL PONY\ud83d\udc97\ud83d\udc8b|Rapidash-Galar, F|100\/100\n|turn|13\n|\n|t:|1700317587\n|move|p2a: Thundercat|Plasma Fists|p1a: \ud83d\udc97MY LIL PONY\ud83d\udc97\ud83d\udc8b\n|-damage|p1a: \ud83d\udc97MY LIL PONY\ud83d\udc97\ud83d\udc8b|46\/100\n|-fieldactivate|move: Ion Deluge\n|-hint|Normal-type moves become Electric-type after using Plasma Fists.\n|move|p1a: \ud83d\udc97MY LIL PONY\ud83d\udc97\ud83d\udc8b|Play Rough|p2a: Thundercat\n|-damage|p2a: Thundercat|46\/100\n|\n|upkeep\n|turn|14\n|\n|t:|1700317601\n|move|p2a: Thundercat|Plasma Fists|p1a: \ud83d\udc97MY LIL PONY\ud83d\udc97\ud83d\udc8b\n|-damage|p1a: \ud83d\udc97MY LIL PONY\ud83d\udc97\ud83d\udc8b|0 fnt\n|-fieldactivate|move: Ion Deluge\n|-hint|Normal-type moves become Electric-type after using Plasma Fists.\n|faint|p1a: \ud83d\udc97MY LIL PONY\ud83d\udc97\ud83d\udc8b\n|\n|upkeep\n|\n|t:|1700317608\n|switch|p1a: \ud83c\udf19\ud83d\udc97NiNETALES\ud83d\udc97\ud83d\udc8b|Ninetales-Alola, F, shiny|100\/100\n|-weather|Snow|[from] ability: Snow Warning|[of] p1a: \ud83c\udf19\ud83d\udc97NiNETALES\ud83d\udc97\ud83d\udc8b\n|turn|15\n|\n|t:|1700317614\n|move|p2a: Thundercat|Plasma Fists|p1a: \ud83c\udf19\ud83d\udc97NiNETALES\ud83d\udc97\ud83d\udc8b\n|-damage|p1a: \ud83c\udf19\ud83d\udc97NiNETALES\ud83d\udc97\ud83d\udc8b|70\/100\n|-fieldactivate|move: Ion Deluge\n|-hint|Normal-type moves become Electric-type after using Plasma Fists.\n|move|p1a: \ud83c\udf19\ud83d\udc97NiNETALES\ud83d\udc97\ud83d\udc8b|Nasty Plot|p1a: \ud83c\udf19\ud83d\udc97NiNETALES\ud83d\udc97\ud83d\udc8b\n|-boost|p1a: \ud83c\udf19\ud83d\udc97NiNETALES\ud83d\udc97\ud83d\udc8b|spa|2\n|\n|-weather|Snow|[upkeep]\n|upkeep\n|turn|16\n|\n|t:|1700317624\n|move|p2a: Thundercat|Close Combat|p1a: \ud83c\udf19\ud83d\udc97NiNETALES\ud83d\udc97\ud83d\udc8b\n|-damage|p1a: \ud83c\udf19\ud83d\udc97NiNETALES\ud83d\udc97\ud83d\udc8b|45\/100\n|-unboost|p2a: Thundercat|def|1\n|-unboost|p2a: Thundercat|spd|1\n|move|p1a: \ud83c\udf19\ud83d\udc97NiNETALES\ud83d\udc97\ud83d\udc8b|Draining Kiss|p2a: Thundercat\n|-crit|p2a: Thundercat\n|-damage|p2a: Thundercat|0 fnt\n|-heal|p1a: \ud83c\udf19\ud83d\udc97NiNETALES\ud83d\udc97\ud83d\udc8b|82\/100|[from] drain|[of] p2a: Thundercat\n|faint|p2a: Thundercat\n|\n|-weather|Snow|[upkeep]\n|upkeep\n|\n|t:|1700317632\n|switch|p2a: Crystal Meth|Necrozma-Dawn-Wings, shiny|100\/100\n|-activate|p2a: Crystal Meth|move: Sticky Web\n|-unboost|p2a: Crystal Meth|spe|1\n|turn|17\n|\n|t:|1700317640\n|detailschange|p2a: Crystal Meth|Necrozma-Ultra, shiny\n|-burst|p2a: Crystal Meth|Necrozma|Ultranecrozium Z\n|move|p1a: \ud83c\udf19\ud83d\udc97NiNETALES\ud83d\udc97\ud83d\udc8b|Aurora Veil|p1a: \ud83c\udf19\ud83d\udc97NiNETALES\ud83d\udc97\ud83d\udc8b\n|-sidestart|p1: PIXIE-MODE\u2665\ufe0f|move: Aurora Veil\n|move|p2a: Crystal Meth|Moongeist Beam|p1a: \ud83c\udf19\ud83d\udc97NiNETALES\ud83d\udc97\ud83d\udc8b\n|-damage|p1a: \ud83c\udf19\ud83d\udc97NiNETALES\ud83d\udc97\ud83d\udc8b|54\/100\n|\n|-weather|Snow|[upkeep]\n|upkeep\n|turn|18\n|\n|t:|1700317652\n|move|p1a: \ud83c\udf19\ud83d\udc97NiNETALES\ud83d\udc97\ud83d\udc8b|Draining Kiss|p2a: Crystal Meth\n|-supereffective|p2a: Crystal Meth\n|-damage|p2a: Crystal Meth|19\/100\n|-heal|p1a: \ud83c\udf19\ud83d\udc97NiNETALES\ud83d\udc97\ud83d\udc8b|100\/100|[from] drain|[of] p2a: Crystal Meth\n|-zpower|p2a: Crystal Meth\n|move|p2a: Crystal Meth|Light That Burns the Sky|p1a: \ud83c\udf19\ud83d\udc97NiNETALES\ud83d\udc97\ud83d\udc8b|[zeffect]\n|-damage|p1a: \ud83c\udf19\ud83d\udc97NiNETALES\ud83d\udc97\ud83d\udc8b|23\/100\n|\n|-weather|Snow|[upkeep]\n|upkeep\n|turn|19\n|\n|t:|1700317663\n|move|p1a: \ud83c\udf19\ud83d\udc97NiNETALES\ud83d\udc97\ud83d\udc8b|Draining Kiss|p2a: Crystal Meth\n|-supereffective|p2a: Crystal Meth\n|-damage|p2a: Crystal Meth|0 fnt\n|-heal|p1a: \ud83c\udf19\ud83d\udc97NiNETALES\ud83d\udc97\ud83d\udc8b|42\/100|[from] drain|[of] p2a: Crystal Meth\n|faint|p2a: Crystal Meth\n|\n|-weather|none\n|upkeep\n|\n|t:|1700317668\n|switch|p2a: Fredinho|Ursaluna-Bloodmoon, M|100\/100\n|-activate|p2a: Fredinho|move: Sticky Web\n|-unboost|p2a: Fredinho|spe|1\n|turn|20\n|\n|t:|1700317681\n|-terastallize|p1a: \ud83c\udf19\ud83d\udc97NiNETALES\ud83d\udc97\ud83d\udc8b|Fairy\n|-terastallize|p2a: Fredinho|Normal\n|move|p1a: \ud83c\udf19\ud83d\udc97NiNETALES\ud83d\udc97\ud83d\udc8b|Draining Kiss|p2a: Fredinho\n|-damage|p2a: Fredinho|15\/100\n|-heal|p1a: \ud83c\udf19\ud83d\udc97NiNETALES\ud83d\udc97\ud83d\udc8b|100\/100|[from] drain|[of] p2a: Fredinho\n|move|p2a: Fredinho|Blood Moon|p1a: \ud83c\udf19\ud83d\udc97NiNETALES\ud83d\udc97\ud83d\udc8b\n|-damage|p1a: \ud83c\udf19\ud83d\udc97NiNETALES\ud83d\udc97\ud83d\udc8b|55\/100\n|\n|-status|p2a: Fredinho|brn|[from] item: Flame Orb\n|upkeep\n|turn|21\n|\n|t:|1700317696\n|move|p1a: \ud83c\udf19\ud83d\udc97NiNETALES\ud83d\udc97\ud83d\udc8b|Draining Kiss|p2a: Fredinho\n|-damage|p2a: Fredinho|0 fnt\n|-heal|p1a: \ud83c\udf19\ud83d\udc97NiNETALES\ud83d\udc97\ud83d\udc8b|68\/100|[from] drain|[of] p2a: Fredinho\n|faint|p2a: Fredinho\n|\n|-sideend|p1: PIXIE-MODE\u2665\ufe0f|move: Aurora Veil\n|upkeep\n|\n|t:|1700317701\n|switch|p2a: Geb|Greninja, M|56\/100\n|-activate|p2a: Geb|move: Sticky Web\n|-unboost|p2a: Geb|spe|1\n|turn|22\n|\n|t:|1700317707\n|move|p2a: Geb|Water Shuriken|p1a: \ud83c\udf19\ud83d\udc97NiNETALES\ud83d\udc97\ud83d\udc8b\n|-damage|p1a: \ud83c\udf19\ud83d\udc97NiNETALES\ud83d\udc97\ud83d\udc8b|58\/100\n|-damage|p1a: \ud83c\udf19\ud83d\udc97NiNETALES\ud83d\udc97\ud83d\udc8b|49\/100\n|-damage|p1a: \ud83c\udf19\ud83d\udc97NiNETALES\ud83d\udc97\ud83d\udc8b|40\/100\n|-hitcount|p1a: \ud83c\udf19\ud83d\udc97NiNETALES\ud83d\udc97\ud83d\udc8b|3\n|move|p1a: \ud83c\udf19\ud83d\udc97NiNETALES\ud83d\udc97\ud83d\udc8b|Moonblast|p2a: Geb\n|-supereffective|p2a: Geb\n|-damage|p2a: Geb|0 fnt\n|faint|p2a: Geb\n|\n|win|PIXIE-MODE\u2665\ufe0f\n|raw|PIXIE-MODE\u2665\ufe0f's rating: 1060 &rarr; <strong>1099<\/strong><br \/>(+39 for winning)\n|raw|Y.V_Mad1's rating: 1153 &rarr; <strong>1121<\/strong><br \/>(-32 for losing)\n|l|\u2606Y.V_Mad1\n","uploadtime":1700317961,"views":6,"p1id":"pixiemode","p2id":"yvmad1","formatid":"gen9nationaldexubers","rating":1099,"private":0,"password":""}