{"id":"gen9nationaldexubers-1984438881","p1":"subat911","p2":"Chaitanya15","format":"[Gen 9] National Dex Ubers","log":"|j|\u2606subat911\n|j|\u2606Chaitanya15\n|t:|1699263822\n|gametype|singles\n|player|p1|subat911|schoolkidf|1477\n|player|p2|Chaitanya15|265|1514\n|teamsize|p1|6\n|teamsize|p2|6\n|gen|9\n|tier|[Gen 9] National Dex Ubers\n|rated|\n|rule|HP Percentage Mod: HP is shown in percentages\n|rule|Endless Battle Clause: Forcing endless battles is banned\n|rule|OHKO Clause: OHKO moves are banned\n|rule|Evasion Moves Clause: Evasion moves are banned\n|rule|Evasion Items Clause: Evasion items are banned\n|rule|Species Clause: Limit one of each Pok\u00e9mon\n|rule|Sleep Clause Mod: Limit one foe put to sleep\n|rule|Mega Rayquaza Clause: You cannot mega evolve Rayquaza\n|clearpoke\n|poke|p1|Urshifu-*, F|\n|poke|p1|Aggron, F|\n|poke|p1|Kyogre|\n|poke|p1|Blacephalon|\n|poke|p1|Zygarde|\n|poke|p1|Blissey, F|\n|poke|p2|Kingambit, M|\n|poke|p2|Basculegion, M|\n|poke|p2|Pikachu, F|\n|poke|p2|Kyogre|\n|poke|p2|Flutter Mane|\n|poke|p2|Deoxys-Speed|\n|teampreview\n|inactive|Battle timer is ON: inactive players will automatically lose when time's up. (requested by Chaitanya15)\n|\n|t:|1699263830\n|start\n|switch|p1a: Urshifu|Urshifu, F|100\/100\n|switch|p2a: Deoxys|Deoxys-Speed|100\/100\n|-ability|p2a: Deoxys|Pressure\n|turn|1\n|\n|t:|1699263838\n|move|p2a: Deoxys|Stealth Rock|p1a: Urshifu\n|-sidestart|p1: subat911|move: Stealth Rock\n|move|p1a: Urshifu|Wicked Blow|p2a: Deoxys\n|-supereffective|p2a: Deoxys\n|-crit|p2a: Deoxys\n|-enditem|p2a: Deoxys|Focus Sash\n|-damage|p2a: Deoxys|1\/100\n|\n|upkeep\n|turn|2\n|\n|t:|1699263847\n|move|p2a: Deoxys|Spikes|p1a: Urshifu\n|-sidestart|p1: subat911|Spikes\n|move|p1a: Urshifu|Wicked Blow|p2a: Deoxys\n|-supereffective|p2a: Deoxys\n|-crit|p2a: Deoxys\n|-damage|p2a: Deoxys|0 fnt\n|faint|p2a: Deoxys\n|\n|upkeep\n|\n|t:|1699263861\n|switch|p2a: Pikachu|Pikachu, F|100\/100\n|turn|3\n|\n|t:|1699263864\n|move|p2a: Pikachu|Fake Out|p1a: Urshifu\n|-damage|p1a: Urshifu|87\/100\n|cant|p1a: Urshifu|flinch\n|\n|upkeep\n|turn|4\n|\n|t:|1699263871\n|move|p2a: Pikachu|Brick Break|p1a: Urshifu\n|-supereffective|p1a: Urshifu\n|-damage|p1a: Urshifu|32\/100\n|move|p1a: Urshifu|Wicked Blow|p2a: Pikachu\n|-crit|p2a: Pikachu\n|-damage|p2a: Pikachu|0 fnt\n|-status|p1a: Urshifu|par|[from] ability: Static|[of] p2a: Pikachu\n|faint|p2a: Pikachu\n|\n|upkeep\n|\n|t:|1699263880\n|switch|p2a: Flutter Mane|Flutter Mane|100\/100\n|-enditem|p2a: Flutter Mane|Booster Energy\n|-activate|p2a: Flutter Mane|ability: Protosynthesis|[fromitem]\n|-start|p2a: Flutter Mane|protosynthesisspe\n|turn|5\n|\n|t:|1699263886\n|move|p1a: Urshifu|Sucker Punch|p2a: Flutter Mane\n|-damage|p2a: Flutter Mane|14\/100\n|move|p2a: Flutter Mane|Moonblast|p1a: Urshifu\n|-supereffective|p1a: Urshifu\n|-damage|p1a: Urshifu|0 fnt\n|faint|p1a: Urshifu\n|\n|upkeep\n|\n|t:|1699263894\n|switch|p1a: Aggron|Aggron, F|100\/100\n|-damage|p1a: Aggron|94\/100|[from] Stealth Rock\n|-damage|p1a: Aggron|82\/100|[from] Spikes\n|turn|6\n|\n|t:|1699263903\n|switch|p1a: Blissey|Blissey, F|100\/100\n|-damage|p1a: Blissey|88\/100|[from] Stealth Rock\n|-damage|p1a: Blissey|76\/100|[from] Spikes\n|move|p2a: Flutter Mane|Mystical Fire|p1a: Blissey\n|-damage|p1a: Blissey|69\/100\n|-unboost|p1a: Blissey|spa|1\n|\n|-heal|p1a: Blissey|75\/100|[from] item: Leftovers\n|upkeep\n|turn|7\n|\n|t:|1699263917\n|-end|p2a: Flutter Mane|Protosynthesis|[silent]\n|switch|p2a: Kingambit|Kingambit, M|100\/100\n|-activate|p2a: Kingambit|ability: Supreme Overlord\n|-start|p2a: Kingambit|fallen2|[silent]\n|move|p1a: Blissey|Toxic|p2a: Kingambit\n|-immune|p2a: Kingambit\n|\n|-heal|p1a: Blissey|81\/100|[from] item: Leftovers\n|upkeep\n|turn|8\n|\n|t:|1699263926\n|switch|p1a: Zygarde|Zygarde|100\/100\n|-damage|p1a: Zygarde|94\/100|[from] Stealth Rock\n|-damage|p1a: Zygarde|82\/100|[from] Spikes\n|move|p2a: Kingambit|Swords Dance|p2a: Kingambit\n|-boost|p2a: Kingambit|atk|2\n|\n|-heal|p1a: Zygarde|88\/100|[from] item: Leftovers\n|upkeep\n|turn|9\n|\n|t:|1699263937\n|move|p1a: Zygarde|Thousand Arrows|p2a: Kingambit\n|-supereffective|p2a: Kingambit\n|-damage|p2a: Kingambit|43\/100\n|move|p2a: Kingambit|Kowtow Cleave|p1a: Zygarde\n|-damage|p1a: Zygarde|0 fnt\n|faint|p1a: Zygarde\n|-damage|p2a: Kingambit|33\/100|[from] item: Life Orb\n|\n|upkeep\n|\n|t:|1699263945\n|switch|p1a: Blacephalon|Blacephalon|100\/100\n|-damage|p1a: Blacephalon|75\/100|[from] Stealth Rock\n|-damage|p1a: Blacephalon|63\/100|[from] Spikes\n|turn|10\n|\n|t:|1699263951\n|move|p2a: Kingambit|Sucker Punch||[still]\n|-fail|p2a: Kingambit\n|move|p1a: Blacephalon|Trick|p2a: Kingambit\n|-activate|p1a: Blacephalon|move: Trick|[of] p2a: Kingambit\n|-item|p2a: Kingambit|Choice Scarf|[from] move: Trick\n|-item|p1a: Blacephalon|Life Orb|[from] move: Trick\n|\n|upkeep\n|turn|11\n|\n|t:|1699263964\n|move|p1a: Blacephalon|Flamethrower|p2a: Kingambit\n|-supereffective|p2a: Kingambit\n|-damage|p2a: Kingambit|0 fnt\n|faint|p2a: Kingambit\n|-end|p2a: Kingambit|fallen2|[silent]\n|-ability|p1a: Blacephalon|Beast Boost|boost\n|-boost|p1a: Blacephalon|spa|1\n|-damage|p1a: Blacephalon|53\/100|[from] item: Life Orb\n|\n|upkeep\n|\n|t:|1699263975\n|switch|p2a: Flutter Mane|Flutter Mane|14\/100\n|turn|12\n|\n|t:|1699263979\n|move|p2a: Flutter Mane|Shadow Ball|p1a: Blacephalon\n|-supereffective|p1a: Blacephalon\n|-damage|p1a: Blacephalon|0 fnt\n|faint|p1a: Blacephalon\n|\n|upkeep\n|\n|t:|1699263984\n|switch|p1a: Blissey|Blissey, F|81\/100\n|-damage|p1a: Blissey|68\/100|[from] Stealth Rock\n|-damage|p1a: Blissey|56\/100|[from] Spikes\n|turn|13\n|\n|t:|1699263993\n|move|p2a: Flutter Mane|Psyshock|p1a: Blissey\n|-damage|p1a: Blissey|0 fnt\n|faint|p1a: Blissey\n|\n|upkeep\n|\n|t:|1699264001\n|switch|p1a: Aggron|Aggron, F|82\/100\n|-damage|p1a: Aggron|76\/100|[from] Stealth Rock\n|-damage|p1a: Aggron|63\/100|[from] Spikes\n|turn|14\n|-message|subat911 forfeited.\n|\n|win|Chaitanya15\n|raw|subat911's rating: 1477 &rarr; <strong>1459<\/strong><br \/>(-18 for losing)\n|raw|Chaitanya15's rating: 1514 &rarr; <strong>1532<\/strong><br \/>(+18 for winning)\n|l|\u2606subat911\n","uploadtime":1699264014,"views":5,"p1id":"subat911","p2id":"chaitanya15","formatid":"gen9nationaldexubers","rating":1459,"private":0,"password":""}