{"id":"gen9nationaldexubers-1984241684","p1":"gamignfan2","p2":"SnugboatThe2st","format":"[Gen 9] National Dex Ubers","log":"|j|\u2606gamignfan2\n|j|\u2606SnugboatThe2st\n|t:|1699234039\n|gametype|singles\n|player|p1|gamignfan2|1|\n|player|p2|SnugboatThe2st|grimsley|\n|teamsize|p1|6\n|teamsize|p2|6\n|gen|9\n|tier|[Gen 9] National Dex Ubers\n|rule|HP Percentage Mod: HP is shown in percentages\n|rule|Endless Battle Clause: Forcing endless battles is banned\n|rule|OHKO Clause: OHKO moves are banned\n|rule|Evasion Moves Clause: Evasion moves are banned\n|rule|Evasion Items Clause: Evasion items are banned\n|rule|Species Clause: Limit one of each Pok\u00e9mon\n|rule|Sleep Clause Mod: Limit one foe put to sleep\n|rule|Mega Rayquaza Clause: You cannot mega evolve Rayquaza\n|clearpoke\n|poke|p1|Ting-Lu|\n|poke|p1|Whimsicott, M|\n|poke|p1|Heatran, M|\n|poke|p1|Greninja-*, F|\n|poke|p1|Gallade, M|\n|poke|p1|Rillaboom, F|\n|poke|p2|Aegislash, M|\n|poke|p2|Diancie|\n|poke|p2|Noivern, F|\n|poke|p2|Kingambit, F|\n|poke|p2|Maushold-Four|\n|poke|p2|Gliscor, M|\n|teampreview\n|j| AprilMayCry\n|c| AprilMayCry|nobody told him he could breathe underwater\n|\n|t:|1699234089\n|start\n|switch|p1a: RAZOR|Heatran, M|100\/100\n|switch|p2a: Back & Forth|Noivern, F|100\/100\n|turn|1\n|\n|t:|1699234107\n|move|p2a: Back & Forth|U-turn|p1a: RAZOR\n|-resisted|p1a: RAZOR\n|-damage|p1a: RAZOR|98\/100\n|\n|t:|1699234118\n|switch|p2a: A Matter Of Time|Gliscor, M|100\/100|[from] U-turn\n|move|p1a: RAZOR|Flash Cannon|p2a: A Matter Of Time\n|-crit|p2a: A Matter Of Time\n|-damage|p2a: A Matter Of Time|22\/100\n|-unboost|p2a: A Matter Of Time|spd|1\n|\n|-status|p2a: A Matter Of Time|tox|[from] item: Toxic Orb\n|upkeep\n|turn|2\n|j| zSumis\n|c| AprilMayCry|HOLY FUCK\n|\n|t:|1699234144\n|switch|p1a: FREE ME|Rillaboom, F|100\/100\n|-fieldstart|move: Grassy Terrain|[from] ability: Grassy Surge|[of] p1a: FREE ME\n|move|p2a: A Matter Of Time|Earthquake|p1a: FREE ME\n|-resisted|p1a: FREE ME\n|-damage|p1a: FREE ME|92\/100\n|\n|-heal|p1a: FREE ME|99\/100|[from] Grassy Terrain\n|-heal|p2a: A Matter Of Time|35\/100 tox|[from] ability: Poison Heal\n|upkeep\n|turn|3\n|\n|t:|1699234162\n|-terastallize|p1a: FREE ME|Rock\n|move|p2a: A Matter Of Time|Protect|p2a: A Matter Of Time\n|-singleturn|p2a: A Matter Of Time|Protect\n|move|p1a: FREE ME|Tera Blast|p2a: A Matter Of Time|[anim] Tera Blast Rock\n|-activate|p2a: A Matter Of Time|move: Protect\n|\n|-heal|p1a: FREE ME|100\/100|[from] Grassy Terrain\n|-heal|p2a: A Matter Of Time|47\/100 tox|[from] ability: Poison Heal\n|upkeep\n|turn|4\n|\n|t:|1699234206\n|switch|p2a: Bridge Burning|Kingambit, F|100\/100\n|move|p1a: FREE ME|Tera Blast|p2a: Bridge Burning|[anim] Tera Blast Rock\n|-resisted|p2a: Bridge Burning\n|-crit|p2a: Bridge Burning\n|-damage|p2a: Bridge Burning|63\/100\n|\n|-heal|p2a: Bridge Burning|70\/100|[from] Grassy Terrain\n|-heal|p2a: Bridge Burning|76\/100|[from] item: Leftovers\n|upkeep\n|turn|5\n|\n|t:|1699234219\n|switch|p1a: ANOTHER ROUND|Ting-Lu|100\/100\n|-ability|p1a: ANOTHER ROUND|Vessel of Ruin\n|move|p2a: Bridge Burning|Swords Dance|p2a: Bridge Burning\n|-boost|p2a: Bridge Burning|atk|2\n|\n|-heal|p2a: Bridge Burning|82\/100|[from] Grassy Terrain\n|-heal|p2a: Bridge Burning|88\/100|[from] item: Leftovers\n|upkeep\n|turn|6\n|\n|t:|1699234230\n|move|p2a: Bridge Burning|Iron Head|p1a: ANOTHER ROUND\n|-damage|p1a: ANOTHER ROUND|60\/100\n|move|p1a: ANOTHER ROUND|Whirlwind|p2a: Bridge Burning\n|-end|p2a: Bridge Burning|fallenundefined|[silent]\n|drag|p2a: Dear Rosemary|Diancie|100\/100\n|\n|-heal|p1a: ANOTHER ROUND|66\/100|[from] Grassy Terrain\n|-fieldend|move: Grassy Terrain\n|upkeep\n|turn|7\n|\n|t:|1699234243\n|switch|p1a: RAZOR|Heatran, M|98\/100\n|detailschange|p2a: Dear Rosemary|Diancie-Mega\n|-mega|p2a: Dear Rosemary|Diancie|Diancite\n|move|p2a: Dear Rosemary|Moonblast|p1a: RAZOR\n|-resisted|p1a: RAZOR\n|-damage|p1a: RAZOR|89\/100\n|-unboost|p1a: RAZOR|spa|1\n|\n|upkeep\n|turn|8\n|\n|t:|1699234253\n|switch|p1a: FREE ME|Rillaboom, F, tera:Rock|100\/100\n|-fieldstart|move: Grassy Terrain|[from] ability: Grassy Surge|[of] p1a: FREE ME\n|move|p2a: Dear Rosemary|Earth Power|p1a: FREE ME\n|-supereffective|p1a: FREE ME\n|-damage|p1a: FREE ME|20\/100\n|\n|-heal|p1a: FREE ME|26\/100|[from] Grassy Terrain\n|upkeep\n|turn|9\n|\n|t:|1699234289\n|move|p1a: FREE ME|Grassy Glide|p2a: Dear Rosemary\n|-supereffective|p2a: Dear Rosemary\n|-damage|p2a: Dear Rosemary|0 fnt\n|faint|p2a: Dear Rosemary\n|\n|-heal|p1a: FREE ME|32\/100|[from] Grassy Terrain\n|upkeep\n|\n|t:|1699234303\n|switch|p2a: Back & Forth|Noivern, F|100\/100\n|turn|10\n|\n|t:|1699234315\n|move|p1a: FREE ME|Grassy Glide|p2a: Back & Forth\n|-resisted|p2a: Back & Forth\n|-damage|p2a: Back & Forth|79\/100\n|move|p2a: Back & Forth|U-turn|p1a: FREE ME\n|-damage|p1a: FREE ME|23\/100\n|\n|t:|1699234321\n|switch|p2a: Bridge Burning|Kingambit, F|88\/100|[from] U-turn\n|-activate|p2a: Bridge Burning|ability: Supreme Overlord\n|-start|p2a: Bridge Burning|fallen1|[silent]\n|\n|-heal|p1a: FREE ME|29\/100|[from] Grassy Terrain\n|-heal|p2a: Bridge Burning|94\/100|[from] Grassy Terrain\n|-heal|p2a: Bridge Burning|100\/100|[from] item: Leftovers\n|upkeep\n|turn|11\n|\n|t:|1699234332\n|switch|p1a: NO WAY BAcK|Greninja, F|100\/100\n|move|p2a: Bridge Burning|Iron Head|p1a: NO WAY BAcK\n|-resisted|p1a: NO WAY BAcK\n|-damage|p1a: NO WAY BAcK|57\/100\n|\n|-heal|p1a: NO WAY BAcK|64\/100|[from] Grassy Terrain\n|upkeep\n|turn|12\n|\n|t:|1699234345\n|-zpower|p1a: NO WAY BAcK\n|move|p1a: NO WAY BAcK|Z-Happy Hour|p1a: NO WAY BAcK|[anim]Happy Hour\n|-boost|p1a: NO WAY BAcK|atk|1|[zeffect]\n|-boost|p1a: NO WAY BAcK|def|1|[zeffect]\n|-boost|p1a: NO WAY BAcK|spa|1|[zeffect]\n|-boost|p1a: NO WAY BAcK|spd|1|[zeffect]\n|-boost|p1a: NO WAY BAcK|spe|1|[zeffect]\n|move|p2a: Bridge Burning|Iron Head|p1a: NO WAY BAcK\n|-resisted|p1a: NO WAY BAcK\n|-damage|p1a: NO WAY BAcK|36\/100\n|\n|-heal|p1a: NO WAY BAcK|42\/100|[from] Grassy Terrain\n|-fieldend|move: Grassy Terrain\n|upkeep\n|turn|13\n|\n|t:|1699234374\n|-terastallize|p2a: Bridge Burning|Flying\n|move|p1a: NO WAY BAcK|Hydro Pump|p2a: Bridge Burning\n|-damage|p2a: Bridge Burning|31\/100\n|move|p2a: Bridge Burning|Tera Blast|p1a: NO WAY BAcK|[anim] Tera Blast Flying\n|-damage|p1a: NO WAY BAcK|0 fnt\n|faint|p1a: NO WAY BAcK\n|\n|-heal|p2a: Bridge Burning|37\/100|[from] item: Leftovers\n|upkeep\n|\n|t:|1699234387\n|switch|p1a: D.O.A.|Gallade, M|100\/100\n|turn|14\n|\n|t:|1699234393\n|detailschange|p1a: D.O.A.|Gallade-Mega, M\n|-mega|p1a: D.O.A.|Gallade|Galladite\n|move|p1a: D.O.A.|Zen Headbutt|p2a: Bridge Burning\n|-crit|p2a: Bridge Burning\n|-damage|p2a: Bridge Burning|0 fnt\n|faint|p2a: Bridge Burning\n|-end|p2a: Bridge Burning|fallen1|[silent]\n|\n|upkeep\n|\n|t:|1699234402\n|switch|p2a: Back & Forth|Noivern, F|79\/100\n|turn|15\n|\n|t:|1699234408\n|move|p2a: Back & Forth|Air Slash|p1a: D.O.A.\n|-supereffective|p1a: D.O.A.\n|-damage|p1a: D.O.A.|0 fnt\n|faint|p1a: D.O.A.\n|\n|upkeep\n|\n|t:|1699234415\n|switch|p1a: RAZOR|Heatran, M|89\/100\n|turn|16\n|\n|t:|1699234421\n|switch|p2a: A Matter Of Time|Gliscor, M|47\/100 tox\n|move|p1a: RAZOR|Flash Cannon|p2a: A Matter Of Time\n|-crit|p2a: A Matter Of Time\n|-damage|p2a: A Matter Of Time|0 fnt\n|faint|p2a: A Matter Of Time\n|\n|upkeep\n|\n|t:|1699234444\n|switch|p2a: Miss The Misery|Aegislash, M|100\/100\n|turn|17\n|\n|t:|1699234448\n|move|p1a: RAZOR|Lava Plume|p2a: Miss The Misery\n|-supereffective|p2a: Miss The Misery\n|-damage|p2a: Miss The Misery|25\/100\n|-status|p2a: Miss The Misery|brn\n|move|p2a: Miss The Misery|Swords Dance|p2a: Miss The Misery\n|-boost|p2a: Miss The Misery|atk|2\n|\n|-damage|p2a: Miss The Misery|18\/100 brn|[from] brn\n|upkeep\n|turn|18\n|j| Axellion624\n|c| AprilMayCry|sorry we turned on the flash cannon always crits switch\n|\n|t:|1699234460\n|move|p1a: RAZOR|Lava Plume|p2a: Miss The Misery\n|-supereffective|p2a: Miss The Misery\n|-damage|p2a: Miss The Misery|0 fnt\n|faint|p2a: Miss The Misery\n|\n|upkeep\n|\n|t:|1699234466\n|switch|p2a: White Limo|Maushold-Four|100\/100\n|turn|19\n|c| Axellion624|lil guys\n|\n|t:|1699234472\n|move|p2a: White Limo|Tidy Up|p2a: White Limo\n|-boost|p2a: White Limo|atk|1\n|-boost|p2a: White Limo|spe|1\n|move|p1a: RAZOR|Lava Plume|p2a: White Limo\n|-damage|p2a: White Limo|36\/100\n|-status|p2a: White Limo|brn\n|\n|-damage|p2a: White Limo|29\/100 brn|[from] brn\n|upkeep\n|turn|20\n|c| Axellion624|damn\n|c| AprilMayCry|LMFAO\n|c|\u2606SnugboatThe2st|!data Lava Plume\n|raw|<ul class=\"utilichart\"><li class=\"result\"><span class=\"col movenamecol\"><a href=\"https:\/\/dex.pokemonshowdown.com\/moves\/lavaplume\">Lava Plume<\/a><\/span> <span class=\"col typecol\"><img src=\"\/\/play.pokemonshowdown.com\/sprites\/types\/Fire.png\" alt=\"Fire\" width=\"32\" height=\"14\"><img src=\"\/\/play.pokemonshowdown.com\/sprites\/categories\/Special.png\" alt=\"Special\" width=\"32\" height=\"14\"><\/span> <span class=\"col labelcol\"><em>Power<\/em><br>80<\/span> <span class=\"col widelabelcol\"><em>Accuracy<\/em><br>100%<\/span> <span class=\"col pplabelcol\"><em>PP<\/em><br>24<\/span> <span class=\"col movedesccol\">30% chance to burn adjacent Pokemon.<\/span> <\/li><li style=\"clear:both\"><\/li><\/ul>\n\n|\n|t:|1699234488\n|move|p2a: White Limo|Population Bomb|p1a: RAZOR\n|-resisted|p1a: RAZOR\n|-damage|p1a: RAZOR|86\/100\n|-resisted|p1a: RAZOR\n|-damage|p1a: RAZOR|82\/100\n|-resisted|p1a: RAZOR\n|-damage|p1a: RAZOR|79\/100\n|-resisted|p1a: RAZOR\n|-damage|p1a: RAZOR|76\/100\n|-resisted|p1a: RAZOR\n|-damage|p1a: RAZOR|73\/100\n|-resisted|p1a: RAZOR\n|-damage|p1a: RAZOR|69\/100\n|-resisted|p1a: RAZOR\n|-damage|p1a: RAZOR|66\/100\n|-resisted|p1a: RAZOR\n|-damage|p1a: RAZOR|63\/100\n|-resisted|p1a: RAZOR\n|-damage|p1a: RAZOR|60\/100\n|-resisted|p1a: RAZOR\n|-damage|p1a: RAZOR|56\/100\n|-hitcount|p1a: RAZOR|10\n|move|p1a: RAZOR|Lava Plume|p2a: White Limo\n|-damage|p2a: White Limo|0 fnt\n|faint|p2a: White Limo\n|\n|upkeep\n|\n|t:|1699234508\n|switch|p2a: Back & Forth|Noivern, F|79\/100\n|turn|21\n|\n|t:|1699234514\n|move|p2a: Back & Forth|Boomburst|p1a: RAZOR\n|-resisted|p1a: RAZOR\n|-damage|p1a: RAZOR|40\/100\n|move|p1a: RAZOR|Flash Cannon|p2a: Back & Forth\n|-damage|p2a: Back & Forth|16\/100\n|\n|upkeep\n|turn|22\n|\n|t:|1699234520\n|move|p2a: Back & Forth|Boomburst|p1a: RAZOR\n|-resisted|p1a: RAZOR\n|-damage|p1a: RAZOR|25\/100\n|move|p1a: RAZOR|Flash Cannon|p2a: Back & Forth\n|-damage|p2a: Back & Forth|0 fnt\n|faint|p2a: Back & Forth\n|\n|win|gamignfan2\n|l|\u2606gamignfan2\n","uploadtime":1699234533,"views":7,"p1id":"gamignfan2","p2id":"snugboatthe2st","formatid":"gen9nationaldexubers","rating":0,"private":0,"password":""}