{"id":"gen9nationaldexubers-1988293436","p1":"xikeso","p2":"Forever1507","format":"[Gen 9] National Dex Ubers","log":"|j|\u2606xikeso\n|j|\u2606Forever1507\n|t:|1699703252\n|gametype|singles\n|player|p1|xikeso|iono|1452\n|player|p2|Forever1507|170|1477\n|teamsize|p1|6\n|teamsize|p2|6\n|gen|9\n|tier|[Gen 9] National Dex Ubers\n|rated|\n|rule|HP Percentage Mod: HP is shown in percentages\n|rule|Endless Battle Clause: Forcing endless battles is banned\n|rule|OHKO Clause: OHKO moves are banned\n|rule|Evasion Moves Clause: Evasion moves are banned\n|rule|Evasion Items Clause: Evasion items are banned\n|rule|Species Clause: Limit one of each Pok\u00e9mon\n|rule|Sleep Clause Mod: Limit one foe put to sleep\n|rule|Mega Rayquaza Clause: You cannot mega evolve Rayquaza\n|clearpoke\n|poke|p1|Hatterene, F|\n|poke|p1|Groudon|\n|poke|p1|Cresselia, F|\n|poke|p1|Arceus|\n|poke|p1|Melmetal|\n|poke|p1|Calyrex-Ice|\n|poke|p2|Glimmora, M|\n|poke|p2|Giratina-Origin|\n|poke|p2|Xerneas-*|\n|poke|p2|Groudon|\n|poke|p2|Zacian-*|\n|poke|p2|Metagross|\n|teampreview\n|inactive|Battle timer is ON: inactive players will automatically lose when time's up. (requested by xikeso)\n|\n|t:|1699703270\n|start\n|switch|p1a: Hatterene|Hatterene, F|100\/100\n|switch|p2a: Metagross|Metagross|100\/100\n|turn|1\n|\n|t:|1699703278\n|detailschange|p2a: Metagross|Metagross-Mega\n|-mega|p2a: Metagross|Metagross|Metagrossite\n|move|p2a: Metagross|Meteor Mash|p1a: Hatterene\n|-supereffective|p1a: Hatterene\n|-enditem|p1a: Hatterene|Focus Sash\n|-damage|p1a: Hatterene|1\/100\n|move|p1a: Hatterene|Trick Room|p1a: Hatterene\n|-fieldstart|move: Trick Room|[of] p1a: Hatterene\n|\n|upkeep\n|turn|2\n|\n|t:|1699703288\n|move|p2a: Metagross|Bullet Punch|p1a: Hatterene\n|-supereffective|p1a: Hatterene\n|-damage|p1a: Hatterene|0 fnt\n|faint|p1a: Hatterene\n|\n|upkeep\n|\n|t:|1699703296\n|switch|p1a: Groudon|Groudon, shiny|100\/100\n|detailschange|p1a: Groudon|Groudon-Primal, shiny\n|-primal|p1a: Groudon|Red Orb\n|-weather|DesolateLand|[from] ability: Desolate Land|[of] p1a: Groudon\n|turn|3\n|l|\u2606xikeso\n|inactive|xikeso disconnected and has a minute to reconnect!\n|player|p1|\n|l|\u2606Forever1507\n|inactive|Forever1507 disconnected and has a minute to reconnect!\n|player|p2|\n|j|\u2606xikeso\n|inactive|xikeso reconnected and has 110 seconds left.\n|player|p1|xikeso|iono\n|\n|t:|1699703343\n|switch|p2a: Glimmora|Glimmora, M|100\/100\n|move|p1a: Groudon|Eruption|p2a: Glimmora\n|-resisted|p2a: Glimmora\n|-damage|p2a: Glimmora|3\/100\n|\n|-weather|DesolateLand|[upkeep]\n|upkeep\n|turn|4\n|j|\u2606Forever1507\n|inactive|Forever1507 reconnected and has 135 seconds left.\n|player|p2|Forever1507|170\n|inactive|Forever1507 has 120 seconds left.\n|\n|t:|1699703389\n|move|p1a: Groudon|Eruption|p2a: Glimmora\n|-resisted|p2a: Glimmora\n|-damage|p2a: Glimmora|0 fnt\n|faint|p2a: Glimmora\n|\n|-weather|DesolateLand|[upkeep]\n|upkeep\n|\n|t:|1699703392\n|switch|p2a: Groudon|Groudon|100\/100\n|detailschange|p2a: Groudon|Groudon-Primal\n|-primal|p2a: Groudon|Red Orb\n|turn|5\n|\n|t:|1699703399\n|move|p1a: Groudon|Earth Power|p2a: Groudon\n|-supereffective|p2a: Groudon\n|-damage|p2a: Groudon|0 fnt\n|faint|p2a: Groudon\n|\n|-weather|DesolateLand|[upkeep]\n|-fieldend|move: Trick Room\n|upkeep\n|inactive|Forever1507 has 90 seconds left.\n|\n|t:|1699703432\n|switch|p2a: Xerneas|Xerneas, shiny|100\/100\n|-ability|p2a: Xerneas|Fairy Aura\n|turn|6\n|inactive|xikeso has 120 seconds left.\n|\n|t:|1699703449\n|move|p2a: Xerneas|Geomancy||[still]\n|-prepare|p2a: Xerneas|Geomancy\n|-enditem|p2a: Xerneas|Power Herb\n|-anim|p2a: Xerneas|Geomancy|p2a: Xerneas\n|-boost|p2a: Xerneas|spa|2\n|-boost|p2a: Xerneas|spd|2\n|-boost|p2a: Xerneas|spe|2\n|move|p1a: Groudon|Eruption|p2a: Xerneas\n|-damage|p2a: Xerneas|41\/100\n|\n|-weather|DesolateLand|[upkeep]\n|upkeep\n|turn|7\n|inactive|xikeso has 120 seconds left.\n|inactive|Forever1507 has 90 seconds left.\n|\n|t:|1699703478\n|-terastallize|p2a: Xerneas|Fairy\n|move|p2a: Xerneas|Moonblast|p1a: Groudon\n|-resisted|p1a: Groudon\n|-damage|p1a: Groudon|0 fnt\n|faint|p1a: Groudon\n|-weather|none\n|\n|upkeep\n|\n|t:|1699703487\n|switch|p1a: Cresselia|Cresselia, F|100\/100\n|turn|8\n|inactive|xikeso has 120 seconds left.\n|inactive|Forever1507 has 90 seconds left.\n|\n|t:|1699703497\n|move|p2a: Xerneas|Substitute|p2a: Xerneas\n|-start|p2a: Xerneas|Substitute\n|-damage|p2a: Xerneas|16\/100\n|move|p1a: Cresselia|Trick Room|p1a: Cresselia\n|-fieldstart|move: Trick Room|[of] p1a: Cresselia\n|\n|upkeep\n|turn|9\n|\n|t:|1699703504\n|move|p1a: Cresselia|Lunar Dance|p1a: Cresselia\n|faint|p1a: Cresselia\n|move|p2a: Xerneas|Moonblast|p1: Cresselia|[notarget]\n|-fail|p2a: Xerneas\n|\n|upkeep\n|\n|t:|1699703508\n|switch|p1a: \u5854\u7237|Melmetal|100\/100\n|turn|10\n|\n|t:|1699703516\n|move|p1a: \u5854\u7237|Double Iron Bash|p2a: Xerneas\n|-supereffective|p2a: Xerneas\n|-crit|p2a: Xerneas\n|-end|p2a: Xerneas|Substitute\n|-supereffective|p2a: Xerneas\n|-damage|p2a: Xerneas|0 fnt\n|faint|p2a: Xerneas\n|-hitcount|p2: Xerneas|2\n|\n|upkeep\n|\n|t:|1699703522\n|switch|p2a: Metagross|Metagross-Mega|100\/100\n|turn|11\n|\n|t:|1699703534\n|move|p1a: \u5854\u7237|Double Iron Bash|p2a: Metagross\n|-resisted|p2a: Metagross\n|-crit|p2a: Metagross\n|-damage|p2a: Metagross|64\/100\n|-resisted|p2a: Metagross\n|-damage|p2a: Metagross|35\/100\n|-hitcount|p2a: Metagross|2\n|cant|p2a: Metagross|flinch\n|\n|upkeep\n|turn|12\n|inactive|Forever1507 has 120 seconds left.\n|\n|t:|1699703548\n|move|p1a: \u5854\u7237|Double Iron Bash|p2a: Metagross\n|-resisted|p2a: Metagross\n|-damage|p2a: Metagross|10\/100\n|-resisted|p2a: Metagross\n|-damage|p2a: Metagross|0 fnt\n|faint|p2a: Metagross\n|-hitcount|p2: Metagross|2\n|\n|-fieldend|move: Trick Room\n|upkeep\n|j| CNnnnn\n|\n|t:|1699703552\n|switch|p2a: Giratina|Giratina-Origin|100\/100\n|turn|13\n|\n|t:|1699703561\n|switch|p1a: Arceus|Arceus|100\/100\n|move|p2a: Giratina|Will-O-Wisp|p1a: Arceus\n|-status|p1a: Arceus|brn\n|\n|-damage|p1a: Arceus|94\/100 brn|[from] brn\n|upkeep\n|turn|14\n|\n|t:|1699703573\n|move|p2a: Giratina|Roar|p1a: Arceus\n|drag|p1a: Calyrex|Calyrex-Ice|100\/100\n|-ability|p1a: Calyrex|As One\n|-ability|p1a: Calyrex|Unnerve\n|\n|upkeep\n|turn|15\n|\n|t:|1699703582\n|switch|p1a: Arceus|Arceus|94\/100 brn\n|-heal|p1a: Arceus|100\/100|[from] move: Lunar Dance\n|move|p2a: Giratina|Will-O-Wisp|p1a: Arceus\n|-status|p1a: Arceus|brn\n|\n|-damage|p1a: Arceus|94\/100 brn|[from] brn\n|upkeep\n|turn|16\n|\n|t:|1699703602\n|move|p2a: Giratina|Roar|p1a: Arceus\n|drag|p1a: \u5854\u7237|Melmetal|100\/100\n|\n|upkeep\n|turn|17\n|\n|t:|1699703611\n|switch|p1a: Arceus|Arceus|94\/100 brn\n|move|p2a: Giratina|Will-O-Wisp|p1a: Arceus\n|-fail|p1a: Arceus|brn\n|\n|-damage|p1a: Arceus|88\/100 brn|[from] brn\n|upkeep\n|turn|18\n|\n|t:|1699703620\n|move|p1a: Arceus|Roar|p2a: Giratina\n|drag|p2a: Zacian|Zacian-Crowned|100\/100\n|-ability|p2a: Zacian|Intrepid Sword|boost\n|-boost|p2a: Zacian|atk|1\n|\n|-damage|p1a: Arceus|82\/100 brn|[from] brn\n|upkeep\n|turn|19\n|\n|t:|1699703630\n|move|p2a: Zacian|Sacred Sword|p1a: Arceus\n|-supereffective|p1a: Arceus\n|-damage|p1a: Arceus|34\/100 brn\n|move|p1a: Arceus|Trick Room|p1a: Arceus\n|-fieldstart|move: Trick Room|[of] p1a: Arceus\n|\n|-damage|p1a: Arceus|28\/100 brn|[from] brn\n|upkeep\n|turn|20\n|\n|t:|1699703637\n|move|p1a: Arceus|Healing Wish|p1a: Arceus\n|faint|p1a: Arceus\n|move|p2a: Zacian|Sacred Sword|p1: Arceus|[notarget]\n|-fail|p2a: Zacian\n|\n|upkeep\n|\n|t:|1699703642\n|switch|p1a: \u5854\u7237|Melmetal|100\/100\n|turn|21\n|\n|t:|1699703647\n|-terastallize|p1a: \u5854\u7237|Steel\n|move|p1a: \u5854\u7237|Double Iron Bash|p2a: Zacian\n|-damage|p2a: Zacian|15\/100\n|-damage|p2a: Zacian|0 fnt\n|faint|p2a: Zacian\n|-hitcount|p2: Zacian|2\n|\n|upkeep\n|\n|t:|1699703650\n|switch|p2a: Giratina|Giratina-Origin|100\/100\n|turn|22\n|\n|t:|1699703657\n|move|p1a: \u5854\u7237|Double Iron Bash|p2a: Giratina\n|-damage|p2a: Giratina|54\/100\n|-damage|p2a: Giratina|6\/100\n|-hitcount|p2a: Giratina|2\n|cant|p2a: Giratina|flinch\n|\n|upkeep\n|turn|23\n|\n|t:|1699703663\n|move|p2a: Giratina|Shadow Sneak|p1a: \u5854\u7237\n|-crit|p1a: \u5854\u7237\n|-damage|p1a: \u5854\u7237|81\/100\n|move|p1a: \u5854\u7237|Double Iron Bash|p2a: Giratina\n|-damage|p2a: Giratina|0 fnt\n|faint|p2a: Giratina\n|-hitcount|p2: Giratina|1\n|\n|win|xikeso\n|raw|xikeso's rating: 1452 &rarr; <strong>1473<\/strong><br \/>(+21 for winning)\n|raw|Forever1507's rating: 1477 &rarr; <strong>1456<\/strong><br \/>(-21 for losing)\n|l|\u2606Forever1507\n","uploadtime":1699703672,"views":6,"p1id":"xikeso","p2id":"forever1507","formatid":"gen9nationaldexubers","rating":1456,"private":0,"password":""}