{"id":"gen9nationaldexubers-1995629002","p1":"vCreeze","p2":"9Slushy","format":"[Gen 9] National Dex Ubers","log":"|j|\u2606vCreeze\n|j|\u26069Slushy\n|t:|1700588916\n|gametype|singles\n|player|p1|vCreeze|skyla|\n|player|p2|9Slushy|grimsley|\n|teamsize|p1|6\n|teamsize|p2|6\n|gen|9\n|tier|[Gen 9] National Dex Ubers\n|rule|HP Percentage Mod: HP is shown in percentages\n|rule|Endless Battle Clause: Forcing endless battles is banned\n|rule|OHKO Clause: OHKO moves are banned\n|rule|Evasion Moves Clause: Evasion moves are banned\n|rule|Evasion Items Clause: Evasion items are banned\n|rule|Species Clause: Limit one of each Pok\u00e9mon\n|rule|Sleep Clause Mod: Limit one foe put to sleep\n|rule|Mega Rayquaza Clause: You cannot mega evolve Rayquaza\n|clearpoke\n|poke|p1|Cinderace, F|\n|poke|p1|Vanilluxe, M|\n|poke|p1|Conkeldurr, M|\n|poke|p1|Clefable, F|\n|poke|p1|Slowbro, M|\n|poke|p1|Skarmory, M|\n|poke|p2|Empoleon, F|\n|poke|p2|Ting-Lu|\n|poke|p2|Scizor, F|\n|poke|p2|Moltres-Galar|\n|poke|p2|Alcremie, F|\n|poke|p2|Marowak-Alola, M|\n|teampreview\n|j| JonethBee\n|\n|t:|1700588955\n|start\n|switch|p1a: Liberlo|Cinderace, F|100\/100\n|switch|p2a: Auf einmal OU|Empoleon, F|100\/100\n|turn|1\n|\n|t:|1700588999\n|move|p1a: Liberlo|High Jump Kick|p2a: Auf einmal OU\n|-start|p1a: Liberlo|typechange|Fighting|[from] ability: Libero\n|-supereffective|p2a: Auf einmal OU\n|-crit|p2a: Auf einmal OU\n|-damage|p2a: Auf einmal OU|0 fnt\n|faint|p2a: Auf einmal OU\n|\n|upkeep\n|\n|t:|1700589010\n|switch|p2a: Cream\ud83d\udd1bMe|Alcremie, F, shiny|100\/100\n|turn|2\n|\n|t:|1700589022\n|move|p1a: Liberlo|U-turn|p2a: Cream\ud83d\udd1bMe\n|-resisted|p2a: Cream\ud83d\udd1bMe\n|-damage|p2a: Cream\ud83d\udd1bMe|91\/100\n|\n|t:|1700589038\n|switch|p1a: Hurensohn|Vanilluxe, M, shiny|100\/100|[from] U-turn\n|-weather|Snow|[from] ability: Snow Warning|[of] p1a: Hurensohn\n|move|p2a: Cream\ud83d\udd1bMe|Calm Mind|p2a: Cream\ud83d\udd1bMe\n|-boost|p2a: Cream\ud83d\udd1bMe|spa|1\n|-boost|p2a: Cream\ud83d\udd1bMe|spd|1\n|\n|-weather|Snow|[upkeep]\n|-heal|p2a: Cream\ud83d\udd1bMe|97\/100|[from] item: Leftovers\n|upkeep\n|turn|3\n|\n|t:|1700589050\n|move|p1a: Hurensohn|Aurora Veil|p1a: Hurensohn\n|-sidestart|p1: vCreeze|move: Aurora Veil\n|move|p2a: Cream\ud83d\udd1bMe|Dazzling Gleam|p1a: Hurensohn\n|-damage|p1a: Hurensohn|78\/100\n|\n|-weather|Snow|[upkeep]\n|-heal|p2a: Cream\ud83d\udd1bMe|100\/100|[from] item: Leftovers\n|upkeep\n|turn|4\n|\n|t:|1700589060\n|switch|p1a: Skyla|Skarmory, M|100\/100\n|move|p2a: Cream\ud83d\udd1bMe|Calm Mind|p2a: Cream\ud83d\udd1bMe\n|-boost|p2a: Cream\ud83d\udd1bMe|spa|1\n|-boost|p2a: Cream\ud83d\udd1bMe|spd|1\n|\n|-weather|Snow|[upkeep]\n|upkeep\n|turn|5\n|\n|t:|1700589068\n|move|p2a: Cream\ud83d\udd1bMe|Calm Mind|p2a: Cream\ud83d\udd1bMe\n|-boost|p2a: Cream\ud83d\udd1bMe|spa|1\n|-boost|p2a: Cream\ud83d\udd1bMe|spd|1\n|move|p1a: Skyla|Whirlwind|p2a: Cream\ud83d\udd1bMe\n|drag|p2a: Phoenix|Moltres-Galar, shiny|100\/100\n|\n|-weather|Snow|[upkeep]\n|upkeep\n|turn|6\n|j| ShadowFxnn\n|\n|t:|1700589093\n|move|p2a: Phoenix|Agility|p2a: Phoenix\n|-boost|p2a: Phoenix|spe|2\n|move|p1a: Skyla|Whirlwind|p2a: Phoenix\n|drag|p2a: Cream\ud83d\udd1bMe|Alcremie, F, shiny|100\/100\n|\n|-weather|none\n|upkeep\n|turn|7\n|\n|t:|1700589103\n|move|p1a: Skyla|Spikes|p2a: Cream\ud83d\udd1bMe\n|-sidestart|p2: 9Slushy|Spikes\n|move|p2a: Cream\ud83d\udd1bMe|Dazzling Gleam|p1a: Skyla\n|-resisted|p1a: Skyla\n|-damage|p1a: Skyla|90\/100\n|\n|upkeep\n|turn|8\n|\n|t:|1700589119\n|move|p1a: Skyla|Stealth Rock|p2a: Cream\ud83d\udd1bMe\n|-sidestart|p2: 9Slushy|move: Stealth Rock\n|move|p2a: Cream\ud83d\udd1bMe|Dazzling Gleam|p1a: Skyla\n|-resisted|p1a: Skyla\n|-damage|p1a: Skyla|80\/100\n|\n|upkeep\n|turn|9\n|\n|t:|1700589125\n|move|p1a: Skyla|Spikes|p2a: Cream\ud83d\udd1bMe\n|-sidestart|p2: 9Slushy|Spikes\n|move|p2a: Cream\ud83d\udd1bMe|Dazzling Gleam|p1a: Skyla\n|-resisted|p1a: Skyla\n|-damage|p1a: Skyla|70\/100\n|\n|upkeep\n|turn|10\n|\n|t:|1700589141\n|move|p1a: Skyla|Spikes|p2a: Cream\ud83d\udd1bMe\n|-sidestart|p2: 9Slushy|Spikes\n|move|p2a: Cream\ud83d\udd1bMe|Dazzling Gleam|p1a: Skyla\n|-resisted|p1a: Skyla\n|-damage|p1a: Skyla|59\/100\n|\n|-sideend|p1: vCreeze|move: Aurora Veil\n|upkeep\n|turn|11\n|\n|t:|1700589179\n|move|p2a: Cream\ud83d\udd1bMe|Dazzling Gleam|p1a: Skyla\n|-resisted|p1a: Skyla\n|-damage|p1a: Skyla|40\/100\n|move|p1a: Skyla|Whirlwind|p2a: Cream\ud83d\udd1bMe\n|drag|p2a: Der KelchElch|Ting-Lu|100\/100\n|-damage|p2a: Der KelchElch|76\/100|[from] Spikes\n|-damage|p2a: Der KelchElch|69\/100|[from] Stealth Rock\n|-ability|p2a: Der KelchElch|Vessel of Ruin\n|\n|-heal|p2a: Der KelchElch|76\/100|[from] item: Leftovers\n|upkeep\n|turn|12\n|\n|t:|1700589193\n|move|p1a: Skyla|Roost|p1a: Skyla\n|-heal|p1a: Skyla|90\/100\n|-singleturn|p1a: Skyla|move: Roost\n|move|p2a: Der KelchElch|Whirlwind|p1a: Skyla\n|drag|p1a: Hurensohn|Vanilluxe, M, shiny|78\/100\n|-weather|Snow|[from] ability: Snow Warning|[of] p1a: Hurensohn\n|\n|-weather|Snow|[upkeep]\n|-heal|p2a: Der KelchElch|82\/100|[from] item: Leftovers\n|upkeep\n|turn|13\n|\n|t:|1700589204\n|move|p1a: Hurensohn|Blizzard|p2a: Der KelchElch\n|-supereffective|p2a: Der KelchElch\n|-damage|p2a: Der KelchElch|48\/100\n|move|p2a: Der KelchElch|Ruination|p1a: Hurensohn\n|-damage|p1a: Hurensohn|39\/100\n|\n|-weather|Snow|[upkeep]\n|-heal|p2a: Der KelchElch|54\/100|[from] item: Leftovers\n|upkeep\n|turn|14\n|\n|t:|1700589216\n|move|p1a: Hurensohn|Aurora Veil|p1a: Hurensohn\n|-sidestart|p1: vCreeze|move: Aurora Veil\n|move|p2a: Der KelchElch|Stealth Rock|p1a: Hurensohn\n|-sidestart|p1: vCreeze|move: Stealth Rock\n|\n|-weather|Snow|[upkeep]\n|-heal|p2a: Der KelchElch|60\/100|[from] item: Leftovers\n|upkeep\n|turn|15\n|\n|t:|1700589228\n|move|p1a: Hurensohn|Blizzard|p2a: Der KelchElch\n|-supereffective|p2a: Der KelchElch\n|-crit|p2a: Der KelchElch\n|-damage|p2a: Der KelchElch|8\/100\n|move|p2a: Der KelchElch|Whirlwind|p1a: Hurensohn\n|drag|p1a: Pixi|Clefable, F, shiny|100\/100\n|-damage|p1a: Pixi|88\/100|[from] Stealth Rock\n|\n|-weather|Snow|[upkeep]\n|-heal|p1a: Pixi|94\/100|[from] item: Leftovers\n|-heal|p2a: Der KelchElch|14\/100|[from] item: Leftovers\n|upkeep\n|turn|16\n|\n|t:|1700589245\n|move|p1a: Pixi|Moonblast|p2a: Der KelchElch\n|-supereffective|p2a: Der KelchElch\n|-damage|p2a: Der KelchElch|0 fnt\n|faint|p2a: Der KelchElch\n|\n|-weather|none\n|-heal|p1a: Pixi|99\/100|[from] item: Leftovers\n|upkeep\n|\n|t:|1700589251\n|switch|p2a: Kha'Zix|Scizor, F|100\/100\n|-damage|p2a: Kha'Zix|76\/100|[from] Spikes\n|-damage|p2a: Kha'Zix|63\/100|[from] Stealth Rock\n|turn|17\n|\n|t:|1700589257\n|move|p2a: Kha'Zix|Bullet Punch|p1a: Pixi\n|-supereffective|p1a: Pixi\n|-damage|p1a: Pixi|62\/100\n|-damage|p2a: Kha'Zix|53\/100|[from] item: Life Orb\n|move|p1a: Pixi|Fire Blast|p2a: Kha'Zix\n|-supereffective|p2a: Kha'Zix\n|-damage|p2a: Kha'Zix|0 fnt\n|faint|p2a: Kha'Zix\n|\n|-heal|p1a: Pixi|68\/100|[from] item: Leftovers\n|upkeep\n|\n|t:|1700589271\n|switch|p2a: Takyon|Marowak-Alola, M|100\/100\n|-damage|p2a: Takyon|76\/100|[from] Spikes\n|-damage|p2a: Takyon|51\/100|[from] Stealth Rock\n|turn|18\n|\n|t:|1700589314\n|move|p2a: Takyon|Shadow Bone|p1a: Pixi\n|-damage|p1a: Pixi|41\/100\n|move|p1a: Pixi|Thunder Wave|p2a: Takyon\n|-status|p2a: Takyon|par\n|\n|-heal|p1a: Pixi|47\/100|[from] item: Leftovers\n|upkeep\n|turn|19\n|\n|t:|1700589386\n|switch|p1a: Skyla|Skarmory, M|90\/100\n|-damage|p1a: Skyla|77\/100|[from] Stealth Rock\n|move|p2a: Takyon|Flare Blitz|p1a: Skyla\n|-supereffective|p1a: Skyla\n|-damage|p1a: Skyla|21\/100\n|-damage|p2a: Takyon|34\/100 par|[from] item: Rocky Helmet|[of] p1a: Skyla\n|\n|upkeep\n|turn|20\n|\n|t:|1700589415\n|move|p2a: Takyon|Flare Blitz|p1a: Skyla\n|-supereffective|p1a: Skyla\n|-damage|p1a: Skyla|0 fnt\n|-damage|p2a: Takyon|18\/100 par|[from] item: Rocky Helmet|[of] p1a: Skyla\n|faint|p1a: Skyla\n|\n|upkeep\n|\n|t:|1700589585\n|switch|p1a: Liberlo|Cinderace, F|100\/100\n|turn|21\n|\n|t:|1700589599\n|move|p1a: Liberlo|Pyro Ball|p2a: Takyon\n|-resisted|p2a: Takyon\n|-damage|p2a: Takyon|0 fnt\n|faint|p2a: Takyon\n|\n|-sideend|p1: vCreeze|move: Aurora Veil\n|upkeep\n|\n|t:|1700589605\n|switch|p2a: Phoenix|Moltres-Galar, shiny|100\/100\n|-damage|p2a: Phoenix|76\/100|[from] Stealth Rock\n|turn|22\n|\n|t:|1700589658\n|move|p1a: Liberlo|U-turn|p2a: Phoenix\n|-start|p1a: Liberlo|typechange|Bug|[from] ability: Libero\n|-damage|p2a: Phoenix|41\/100\n|-ability|p2a: Phoenix|Berserk|boost\n|-boost|p2a: Phoenix|spa|1\n|inactive|Battle timer is ON: inactive players will automatically lose when time's up. (requested by 9Slushy)\n|\n|t:|1700589844\n|switch|p1a: Flehgmon|Slowbro, M|100\/100|[from] U-turn\n|-damage|p1a: Flehgmon|88\/100|[from] Stealth Rock\n|move|p2a: Phoenix|Agility|p2a: Phoenix\n|-boost|p2a: Phoenix|spe|2\n|\n|upkeep\n|turn|23\n|\n|t:|1700589857\n|move|p2a: Phoenix|Fiery Wrath|p1a: Flehgmon\n|-supereffective|p1a: Flehgmon\n|-damage|p1a: Flehgmon|13\/100\n|cant|p1a: Flehgmon|flinch\n|\n|upkeep\n|turn|24\n|\n|t:|1700589873\n|move|p2a: Phoenix|Fiery Wrath|p1a: Flehgmon\n|-supereffective|p1a: Flehgmon\n|-damage|p1a: Flehgmon|0 fnt\n|faint|p1a: Flehgmon\n|\n|upkeep\n|inactive|vCreeze has 270 seconds left.\n|\n|t:|1700589909\n|switch|p1a: Liberlo|Cinderace, F|100\/100\n|turn|25\n|\n|t:|1700589934\n|move|p2a: Phoenix|Hurricane|p1a: Liberlo|[miss]\n|-miss|p2a: Phoenix|p1a: Liberlo\n|move|p1a: Liberlo|Pyro Ball|p2a: Phoenix\n|-damage|p2a: Phoenix|0 fnt\n|faint|p2a: Phoenix\n|\n|upkeep\n|\n|t:|1700589942\n|switch|p2a: Cream\ud83d\udd1bMe|Alcremie, F, shiny|100\/100\n|-damage|p2a: Cream\ud83d\udd1bMe|76\/100|[from] Spikes\n|-damage|p2a: Cream\ud83d\udd1bMe|63\/100|[from] Stealth Rock\n|turn|26\n|inactive|vCreeze has 270 seconds left.\n|\n|t:|1700589979\n|move|p1a: Liberlo|Pyro Ball|p2a: Cream\ud83d\udd1bMe\n|-damage|p2a: Cream\ud83d\udd1bMe|18\/100\n|move|p2a: Cream\ud83d\udd1bMe|Calm Mind|p2a: Cream\ud83d\udd1bMe\n|-boost|p2a: Cream\ud83d\udd1bMe|spa|1\n|-boost|p2a: Cream\ud83d\udd1bMe|spd|1\n|\n|-heal|p2a: Cream\ud83d\udd1bMe|24\/100|[from] item: Leftovers\n|upkeep\n|turn|27\n|\n|t:|1700589986\n|move|p1a: Liberlo|Pyro Ball|p2a: Cream\ud83d\udd1bMe\n|-damage|p2a: Cream\ud83d\udd1bMe|0 fnt\n|faint|p2a: Cream\ud83d\udd1bMe\n|\n|win|vCreeze\n|l| ShadowFxnn\n|l|\u26069Slushy\n","uploadtime":1700590005,"views":17,"p1id":"vcreeze","p2id":"9slushy","formatid":"gen9nationaldexubers","rating":0,"private":0,"password":""}