{"id":"gen9nationaldexubers-2000680293","p1":"ModestStarmie","p2":"Ifyouseekamos","format":"[Gen 9] National Dex Ubers","log":"|j|\u2606ModestStarmie\n|j|\u2606Ifyouseekamos\n|t:|1701218033\n|gametype|singles\n|player|p1|ModestStarmie|morty|\n|player|p2|Ifyouseekamos|youngn|\n|teamsize|p1|6\n|teamsize|p2|6\n|gen|9\n|tier|[Gen 9] National Dex Ubers\n|rule|HP Percentage Mod: HP is shown in percentages\n|rule|Endless Battle Clause: Forcing endless battles is banned\n|rule|OHKO Clause: OHKO moves are banned\n|rule|Evasion Moves Clause: Evasion moves are banned\n|rule|Evasion Items Clause: Evasion items are banned\n|rule|Species Clause: Limit one of each Pok\u00e9mon\n|rule|Sleep Clause Mod: Limit one foe put to sleep\n|rule|Mega Rayquaza Clause: You cannot mega evolve Rayquaza\n|clearpoke\n|poke|p1|Tinkaton, F|\n|poke|p1|Walking Wake|\n|poke|p1|Whimsicott, M|\n|poke|p1|Charizard, M|\n|poke|p1|Quagsire, M|\n|poke|p1|Noivern, M|\n|poke|p2|Excadrill, M|\n|poke|p2|Dracozolt|\n|poke|p2|Iron Jugulis|\n|poke|p2|Gigalith, F|\n|poke|p2|Umbreon, F|\n|poke|p2|Gyarados, M|\n|teampreview\n|c|\u2606Ifyouseekamos|glhf\n|c|\u2606ModestStarmie|you too!\n|\n|t:|1701218099\n|start\n|switch|p1a: Lava Boy|Charizard, M, shiny|100\/100\n|switch|p2a: Mr. Puppethands|Iron Jugulis, shiny|100\/100\n|turn|1\n|\n|t:|1701218142\n|detailschange|p1a: Lava Boy|Charizard-Mega-Y, M, shiny\n|-mega|p1a: Lava Boy|Charizard|Charizardite Y\n|-weather|SunnyDay|[from] ability: Drought|[of] p1a: Lava Boy\n|move|p1a: Lava Boy|Flamethrower|p2a: Mr. Puppethands\n|-damage|p2a: Mr. Puppethands|0 fnt\n|faint|p2a: Mr. Puppethands\n|-end|p2a: Mr. Puppethands|Quark Drive|[silent]\n|\n|-weather|SunnyDay|[upkeep]\n|upkeep\n|\n|t:|1701218153\n|switch|p2a: Fraggle Rock|Gigalith, F, shiny|100\/100\n|-weather|Sandstorm|[from] ability: Sand Stream|[of] p2a: Fraggle Rock\n|turn|2\n|\n|t:|1701218184\n|switch|p1a: Pan|Whimsicott, M, shiny|100\/100\n|switch|p2a: Big Booty|Dracozolt, shiny|100\/100\n|\n|-weather|Sandstorm|[upkeep]\n|-damage|p1a: Pan|94\/100|[from] Sandstorm\n|upkeep\n|turn|3\n|\n|t:|1701218198\n|move|p1a: Pan|Sunny Day|p1a: Pan\n|-weather|SunnyDay\n|move|p2a: Big Booty|Thunder Wave|p1a: Pan\n|-status|p1a: Pan|par\n|\n|-weather|SunnyDay|[upkeep]\n|upkeep\n|turn|4\n|\n|t:|1701218221\n|switch|p2a: Gary|Gyarados, M, shiny|100\/100\n|-ability|p2a: Gary|Intimidate|boost\n|-unboost|p1a: Pan|atk|1\n|move|p1a: Pan|Tailwind|p1a: Pan\n|-sidestart|p1: ModestStarmie|move: Tailwind\n|\n|-weather|SunnyDay|[upkeep]\n|upkeep\n|turn|5\n|\n|t:|1701218234\n|cant|p1a: Pan|par\n|move|p2a: Gary|Substitute|p2a: Gary\n|-start|p2a: Gary|Substitute\n|-damage|p2a: Gary|76\/100\n|\n|-weather|SunnyDay|[upkeep]\n|upkeep\n|turn|6\n|\n|t:|1701218242\n|move|p1a: Pan|Moonblast|p2a: Gary\n|-activate|p2a: Gary|move: Substitute|[damage]\n|move|p2a: Gary|Dragon Dance|p2a: Gary\n|-boost|p2a: Gary|atk|1\n|-boost|p2a: Gary|spe|1\n|\n|-weather|SunnyDay|[upkeep]\n|upkeep\n|turn|7\n|\n|t:|1701218262\n|move|p2a: Gary|Dragon Dance|p2a: Gary\n|-boost|p2a: Gary|atk|1\n|-boost|p2a: Gary|spe|1\n|cant|p1a: Pan|par\n|\n|-weather|none\n|-sideend|p1: ModestStarmie|move: Tailwind\n|upkeep\n|turn|8\n|\n|t:|1701218272\n|move|p2a: Gary|Dragon Dance|p2a: Gary\n|-boost|p2a: Gary|atk|1\n|-boost|p2a: Gary|spe|1\n|move|p1a: Pan|Moonblast|p2a: Gary\n|-end|p2a: Gary|Substitute\n|\n|upkeep\n|turn|9\n|\n|t:|1701218282\n|switch|p1a: Jughead|Quagsire, M|100\/100\n|move|p2a: Gary|Substitute|p2a: Gary\n|-start|p2a: Gary|Substitute\n|-damage|p2a: Gary|51\/100\n|\n|upkeep\n|turn|10\n|\n|t:|1701218289\n|detailschange|p2a: Gary|Gyarados-Mega, M, shiny\n|-mega|p2a: Gary|Gyarados|Gyaradosite\n|-ability|p2a: Gary|Mold Breaker\n|move|p2a: Gary|Waterfall|p1a: Jughead\n|-damage|p1a: Jughead|25\/100\n|move|p1a: Jughead|Haze|p1a: Jughead\n|-clearallboost\n|\n|-heal|p1a: Jughead|31\/100|[from] item: Leftovers\n|upkeep\n|turn|11\n|\n|t:|1701218305\n|move|p2a: Gary|Dragon Dance|p2a: Gary\n|-boost|p2a: Gary|atk|1\n|-boost|p2a: Gary|spe|1\n|move|p1a: Jughead|Earthquake|p2a: Gary\n|-activate|p2a: Gary|move: Substitute|[damage]\n|\n|-heal|p1a: Jughead|37\/100|[from] item: Leftovers\n|upkeep\n|turn|12\n|\n|t:|1701218319\n|move|p2a: Gary|Waterfall|p1a: Jughead\n|-damage|p1a: Jughead|0 fnt\n|faint|p1a: Jughead\n|\n|upkeep\n|\n|t:|1701218325\n|switch|p1a: Nigel|Noivern, M, shiny|100\/100\n|turn|13\n|\n|t:|1701218338\n|move|p1a: Nigel|Draco Meteor|p2a: Gary\n|-damage|p2a: Gary|15\/100\n|-unboost|p1a: Nigel|spa|2\n|move|p2a: Gary|Bounce||[still]\n|-prepare|p2a: Gary|Bounce\n|\n|upkeep\n|turn|14\n|\n|t:|1701218355\n|switch|p1a: Pan|Whimsicott, M, shiny|94\/100 par\n|move|p2a: Gary|Bounce|p1a: Pan|[from]lockedmove|[miss]\n|-miss|p2a: Gary|p1a: Pan\n|\n|upkeep\n|turn|15\n|\n|t:|1701218367\n|move|p1a: Pan|Tailwind|p1a: Pan\n|-sidestart|p1: ModestStarmie|move: Tailwind\n|move|p2a: Gary|Dragon Dance|p2a: Gary\n|-boost|p2a: Gary|atk|1\n|-boost|p2a: Gary|spe|1\n|\n|upkeep\n|turn|16\n|\n|t:|1701218381\n|move|p2a: Gary|Bounce||[still]\n|-prepare|p2a: Gary|Bounce\n|move|p1a: Pan|Moonblast|p2a: Gary|[miss]\n|-miss|p1a: Pan|p2a: Gary\n|\n|upkeep\n|turn|17\n|\n|t:|1701218390\n|move|p2a: Gary|Bounce|p1a: Pan|[from]lockedmove\n|-supereffective|p1a: Pan\n|-damage|p1a: Pan|6\/100 par\n|move|p1a: Pan|Moonblast|p2a: Gary\n|-supereffective|p2a: Gary\n|-end|p2a: Gary|Substitute\n|\n|upkeep\n|turn|18\n|\n|t:|1701218400\n|move|p2a: Gary|Waterfall|p1a: Pan\n|-resisted|p1a: Pan\n|-damage|p1a: Pan|0 fnt\n|faint|p1a: Pan\n|\n|-sideend|p1: ModestStarmie|move: Tailwind\n|upkeep\n|\n|t:|1701218411\n|switch|p1a: Lava Boy|Charizard-Mega-Y, M, shiny|100\/100\n|-weather|SunnyDay|[from] ability: Drought|[of] p1a: Lava Boy\n|turn|19\n|\n|t:|1701218418\n|move|p2a: Gary|Waterfall|p1a: Lava Boy\n|-supereffective|p1a: Lava Boy\n|-damage|p1a: Lava Boy|0 fnt\n|faint|p1a: Lava Boy\n|\n|-weather|SunnyDay|[upkeep]\n|upkeep\n|\n|t:|1701218427\n|switch|p1a: Shark Girl|Walking Wake|100\/100\n|-activate|p1a: Shark Girl|ability: Protosynthesis\n|-start|p1a: Shark Girl|protosynthesisspe\n|turn|20\n|\n|t:|1701218445\n|move|p1a: Shark Girl|Draco Meteor|p2a: Gary|[miss]\n|-miss|p1a: Shark Girl|p2a: Gary\n|move|p2a: Gary|Bounce||[still]\n|-prepare|p2a: Gary|Bounce\n|\n|-weather|SunnyDay|[upkeep]\n|upkeep\n|turn|21\n|c|\u2606Ifyouseekamos|im sorry that sucks\n|c|\u2606ModestStarmie|the hax.. damn\n|\n|t:|1701218472\n|move|p1a: Shark Girl|Draco Meteor|p2a: Gary|[miss]\n|-miss|p1a: Shark Girl|p2a: Gary\n|move|p2a: Gary|Bounce|p1a: Shark Girl|[from]lockedmove\n|-damage|p1a: Shark Girl|42\/100\n|\n|-weather|SunnyDay|[upkeep]\n|upkeep\n|turn|22\n|\n|t:|1701218481\n|move|p1a: Shark Girl|Draco Meteor|p2a: Gary\n|-damage|p2a: Gary|0 fnt\n|-unboost|p1a: Shark Girl|spa|2\n|faint|p2a: Gary\n|\n|-weather|SunnyDay|[upkeep]\n|upkeep\n|\n|t:|1701218492\n|switch|p2a: Fraggle Rock|Gigalith, F, shiny|100\/100\n|-weather|Sandstorm|[from] ability: Sand Stream|[of] p2a: Fraggle Rock\n|-end|p1a: Shark Girl|Protosynthesis\n|-enditem|p1a: Shark Girl|Booster Energy\n|-activate|p1a: Shark Girl|ability: Protosynthesis|[fromitem]\n|-start|p1a: Shark Girl|protosynthesisspe\n|turn|23\n|\n|t:|1701218508\n|switch|p2a: Sir Drilliam|Excadrill, M, shiny|100\/100\n|move|p1a: Shark Girl|Hydro Steam|p2a: Sir Drilliam\n|-supereffective|p2a: Sir Drilliam\n|-damage|p2a: Sir Drilliam|58\/100\n|\n|-weather|Sandstorm|[upkeep]\n|-damage|p1a: Shark Girl|35\/100|[from] Sandstorm\n|upkeep\n|turn|24\n|\n|t:|1701218518\n|move|p1a: Shark Girl|Hydro Steam|p2a: Sir Drilliam\n|-supereffective|p2a: Sir Drilliam\n|-damage|p2a: Sir Drilliam|10\/100\n|move|p2a: Sir Drilliam|Swords Dance|p2a: Sir Drilliam\n|-boost|p2a: Sir Drilliam|atk|2\n|\n|-weather|Sandstorm|[upkeep]\n|-damage|p1a: Shark Girl|29\/100|[from] Sandstorm\n|upkeep\n|turn|25\n|\n|t:|1701218532\n|move|p1a: Shark Girl|Hydro Steam|p2a: Sir Drilliam\n|-supereffective|p2a: Sir Drilliam\n|-damage|p2a: Sir Drilliam|0 fnt\n|faint|p2a: Sir Drilliam\n|\n|-weather|Sandstorm|[upkeep]\n|-damage|p1a: Shark Girl|23\/100|[from] Sandstorm\n|upkeep\n|\n|t:|1701218539\n|switch|p2a: Big Booty|Dracozolt, shiny|100\/100\n|turn|26\n|\n|t:|1701218546\n|-end|p1a: Shark Girl|Protosynthesis|[silent]\n|switch|p1a: Pixie|Tinkaton, F|100\/100\n|-ability|p1a: Pixie|Mold Breaker\n|move|p2a: Big Booty|Bolt Beak|p1a: Pixie\n|-damage|p1a: Pixie|0 fnt\n|faint|p1a: Pixie\n|\n|-weather|Sandstorm|[upkeep]\n|upkeep\n|\n|t:|1701218585\n|switch|p1a: Nigel|Noivern, M, shiny|100\/100\n|turn|27\n|\n|t:|1701218592\n|switch|p2a: Luna|Umbreon, F, shiny|100\/100\n|-terastallize|p1a: Nigel|Ground\n|move|p1a: Nigel|Tera Blast|p2a: Luna|[anim] Tera Blast Ground\n|-damage|p2a: Luna|81\/100\n|\n|-weather|none\n|-heal|p2a: Luna|87\/100|[from] item: Leftovers\n|upkeep\n|turn|28\n|\n|t:|1701218605\n|switch|p1a: Shark Girl|Walking Wake|23\/100\n|move|p2a: Luna|Toxic|p1a: Shark Girl\n|-status|p1a: Shark Girl|tox\n|\n|-heal|p2a: Luna|93\/100|[from] item: Leftovers\n|-damage|p1a: Shark Girl|17\/100 tox|[from] psn\n|upkeep\n|turn|29\n|\n|t:|1701218617\n|move|p2a: Luna|Protect|p2a: Luna\n|-singleturn|p2a: Luna|Protect\n|move|p1a: Shark Girl|Hydro Steam|p2a: Luna\n|-activate|p2a: Luna|move: Protect\n|\n|-heal|p2a: Luna|99\/100|[from] item: Leftovers\n|-damage|p1a: Shark Girl|5\/100 tox|[from] psn\n|upkeep\n|turn|30\n|\n|t:|1701218628\n|move|p1a: Shark Girl|Hydro Steam|p2a: Luna\n|-damage|p2a: Luna|80\/100\n|move|p2a: Luna|Wish|p2a: Luna\n|\n|-heal|p2a: Luna|86\/100|[from] item: Leftovers\n|-damage|p1a: Shark Girl|0 fnt|[from] psn\n|faint|p1a: Shark Girl\n|-end|p1a: Shark Girl|Protosynthesis|[silent]\n|upkeep\n|\n|t:|1701218637\n|switch|p1a: Nigel|Noivern, M, shiny, tera:Ground|100\/100\n|turn|31\n|\n|t:|1701218648\n|move|p1a: Nigel|Draco Meteor|p2a: Luna\n|-damage|p2a: Luna|55\/100\n|-unboost|p1a: Nigel|spa|2\n|move|p2a: Luna|Toxic|p1a: Nigel\n|-status|p1a: Nigel|tox\n|\n|-heal|p2a: Luna|100\/100|[from] move: Wish|[wisher] Luna\n|-damage|p1a: Nigel|94\/100 tox|[from] psn\n|upkeep\n|turn|32\n|c|\u2606ModestStarmie|gg :)\n|c|\u2606Ifyouseekamos|gg\n|\n|t:|1701218661\n|move|p1a: Nigel|Draco Meteor|p2a: Luna\n|-damage|p2a: Luna|85\/100\n|-unboost|p1a: Nigel|spa|2\n|move|p2a: Luna|Foul Play|p1a: Nigel\n|-damage|p1a: Nigel|68\/100 tox\n|\n|-heal|p2a: Luna|91\/100|[from] item: Leftovers\n|-damage|p1a: Nigel|56\/100 tox|[from] psn\n|upkeep\n|turn|33\n|\n|t:|1701218672\n|move|p1a: Nigel|Draco Meteor|p2a: Luna|[miss]\n|-miss|p1a: Nigel|p2a: Luna\n|move|p2a: Luna|Foul Play|p1a: Nigel\n|-damage|p1a: Nigel|31\/100 tox\n|\n|-heal|p2a: Luna|97\/100|[from] item: Leftovers\n|-damage|p1a: Nigel|13\/100 tox|[from] psn\n|upkeep\n|turn|34\n|\n|t:|1701218682\n|move|p1a: Nigel|Draco Meteor|p2a: Luna\n|-damage|p2a: Luna|87\/100\n|-unboost|p1a: Nigel|spa|2\n|move|p2a: Luna|Foul Play|p1a: Nigel\n|-damage|p1a: Nigel|0 fnt\n|faint|p1a: Nigel\n|\n|win|Ifyouseekamos\n","uploadtime":1701218695,"views":20,"p1id":"modeststarmie","p2id":"ifyouseekamos","formatid":"gen9nationaldexubers","rating":0,"private":0,"password":""}