{"id":"gen9nationaldexubers-1986508930","p1":"hugoo171","p2":"TyroneTheCreator18","format":"[Gen 9] National Dex Ubers","log":"|j|\u2606hugoo171\n|j|\u2606TyroneTheCreator18\n|t:|1699486318\n|gametype|singles\n|player|p1|hugoo171|ltsurge|1419\n|player|p2|TyroneTheCreator18|hoopster|1444\n|teamsize|p1|6\n|teamsize|p2|6\n|gen|9\n|tier|[Gen 9] National Dex Ubers\n|rated|\n|rule|HP Percentage Mod: HP is shown in percentages\n|rule|Endless Battle Clause: Forcing endless battles is banned\n|rule|OHKO Clause: OHKO moves are banned\n|rule|Evasion Moves Clause: Evasion moves are banned\n|rule|Evasion Items Clause: Evasion items are banned\n|rule|Species Clause: Limit one of each Pok\u00e9mon\n|rule|Sleep Clause Mod: Limit one foe put to sleep\n|rule|Mega Rayquaza Clause: You cannot mega evolve Rayquaza\n|clearpoke\n|poke|p1|Spectrier|\n|poke|p1|Houndstone, M|\n|poke|p1|Hippowdon, F|\n|poke|p1|Zacian-*|\n|poke|p1|Diancie|\n|poke|p1|Ho-Oh|\n|poke|p2|Mewtwo|\n|poke|p2|Pheromosa|\n|poke|p2|Slurpuff, M|\n|poke|p2|Zacian-*|\n|poke|p2|Kyogre|\n|poke|p2|Marshadow|\n|teampreview\n|inactive|Battle timer is ON: inactive players will automatically lose when time's up. (requested by hugoo171)\n|\n|t:|1699486325\n|start\n|switch|p1a: Diancie|Diancie|100\/100\n|switch|p2a: Slurpuff|Slurpuff, M|100\/100\n|turn|1\n|\n|t:|1699486332\n|detailschange|p1a: Diancie|Diancie-Mega\n|-mega|p1a: Diancie|Diancie|Diancite\n|move|p2a: Slurpuff|Magic Coat|p2a: Slurpuff\n|-singleturn|p2a: Slurpuff|move: Magic Coat\n|move|p1a: Diancie|Moonblast|p2a: Slurpuff\n|-damage|p2a: Slurpuff|15\/100\n|\n|upkeep\n|turn|2\n|\n|t:|1699486341\n|move|p1a: Diancie|Mystical Fire|p2a: Slurpuff\n|-damage|p2a: Slurpuff|0 fnt\n|faint|p2a: Slurpuff\n|\n|upkeep\n|\n|t:|1699486351\n|switch|p2a: Mewtwo|Mewtwo|100\/100\n|-ability|p2a: Mewtwo|Pressure\n|turn|3\n|\n|t:|1699486356\n|detailschange|p2a: Mewtwo|Mewtwo-Mega-Y\n|-mega|p2a: Mewtwo|Mewtwo|Mewtwonite Y\n|move|p2a: Mewtwo|Psystrike|p1a: Diancie\n|-damage|p1a: Diancie|13\/100\n|move|p1a: Diancie|Mystical Fire|p2a: Mewtwo\n|-damage|p2a: Mewtwo|76\/100\n|-unboost|p2a: Mewtwo|spa|1\n|\n|upkeep\n|turn|4\n|\n|t:|1699486365\n|move|p2a: Mewtwo|Ice Beam|p1a: Diancie\n|-damage|p1a: Diancie|0 fnt\n|faint|p1a: Diancie\n|\n|upkeep\n|\n|t:|1699486371\n|switch|p1a: Zacian|Zacian-Crowned|100\/100\n|-ability|p1a: Zacian|Intrepid Sword|boost\n|-boost|p1a: Zacian|atk|1\n|turn|5\n|\n|t:|1699486387\n|switch|p2a: Pheromosa|Pheromosa|100\/100\n|move|p1a: Zacian|Trailblaze|p2a: Pheromosa\n|-resisted|p2a: Pheromosa\n|-damage|p2a: Pheromosa|66\/100\n|-boost|p1a: Zacian|spe|1\n|\n|upkeep\n|turn|6\n|\n|t:|1699486394\n|move|p1a: Zacian|Behemoth Blade|p2a: Pheromosa\n|-damage|p2a: Pheromosa|0 fnt\n|faint|p2a: Pheromosa\n|\n|upkeep\n|\n|t:|1699486398\n|switch|p2a: Marshadow|Marshadow|100\/100\n|turn|7\n|\n|t:|1699486402\n|move|p1a: Zacian|Play Rough|p2a: Marshadow\n|-supereffective|p2a: Marshadow\n|-enditem|p2a: Marshadow|Focus Sash\n|-damage|p2a: Marshadow|1\/100\n|move|p2a: Marshadow|Spectral Thief||[still]\n|-clearpositiveboost|p1a: Zacian|p2a: Marshadow|move: Spectral Thief\n|-boost|p2a: Marshadow|atk|1\n|-boost|p2a: Marshadow|spe|1\n|-anim|p2a: Marshadow|Spectral Thief|p1a: Zacian\n|-damage|p1a: Zacian|41\/100\n|\n|upkeep\n|turn|8\n|\n|t:|1699486415\n|move|p2a: Marshadow|Spectral Thief|p1a: Zacian\n|-damage|p1a: Zacian|0 fnt\n|faint|p1a: Zacian\n|\n|upkeep\n|\n|t:|1699486421\n|switch|p1a: Spectrier|Spectrier|100\/100\n|turn|9\n|\n|t:|1699486426\n|-terastallize|p2a: Marshadow|Ghost\n|move|p2a: Marshadow|Shadow Sneak|p1a: Spectrier\n|-supereffective|p1a: Spectrier\n|-enditem|p1a: Spectrier|Focus Sash\n|-damage|p1a: Spectrier|1\/100\n|move|p1a: Spectrier|Agility|p1a: Spectrier\n|-boost|p1a: Spectrier|spe|2\n|\n|upkeep\n|turn|10\n|\n|t:|1699486435\n|-terastallize|p1a: Spectrier|Normal\n|move|p2a: Marshadow|Shadow Sneak|p1a: Spectrier\n|-immune|p1a: Spectrier\n|move|p1a: Spectrier|Shadow Ball|p2a: Marshadow\n|-supereffective|p2a: Marshadow\n|-damage|p2a: Marshadow|0 fnt\n|faint|p2a: Marshadow\n|-ability|p1a: Spectrier|Grim Neigh|boost\n|-boost|p1a: Spectrier|spa|1\n|\n|upkeep\n|\n|t:|1699486443\n|switch|p2a: Kyogre|Kyogre|100\/100\n|detailschange|p2a: Kyogre|Kyogre-Primal\n|-primal|p2a: Kyogre|Blue Orb\n|-weather|PrimordialSea|[from] ability: Primordial Sea|[of] p2a: Kyogre\n|turn|11\n|\n|t:|1699486448\n|move|p1a: Spectrier|Shadow Ball|p2a: Kyogre\n|-damage|p2a: Kyogre|59\/100\n|-unboost|p2a: Kyogre|spd|1\n|move|p2a: Kyogre|Thunder|p1a: Spectrier\n|-crit|p1a: Spectrier\n|-damage|p1a: Spectrier|0 fnt\n|faint|p1a: Spectrier\n|\n|-weather|PrimordialSea|[upkeep]\n|upkeep\n|\n|t:|1699486458\n|switch|p1a: Ho-Oh|Ho-Oh|100\/100\n|turn|12\n|\n|t:|1699486463\n|-weather|none\n|switch|p2a: Zacian|Zacian-Crowned|100\/100\n|-ability|p2a: Zacian|Intrepid Sword|boost\n|-boost|p2a: Zacian|atk|1\n|move|p1a: Ho-Oh|Brave Bird|p2a: Zacian\n|-resisted|p2a: Zacian\n|-damage|p2a: Zacian|67\/100\n|-damage|p1a: Ho-Oh|90\/100|[from] Recoil\n|\n|upkeep\n|turn|13\n|\n|t:|1699486472\n|move|p2a: Zacian|Play Rough|p1a: Ho-Oh\n|-resisted|p1a: Ho-Oh\n|-damage|p1a: Ho-Oh|46\/100\n|move|p1a: Ho-Oh|Sacred Fire|p2a: Zacian\n|-supereffective|p2a: Zacian\n|-damage|p2a: Zacian|0 fnt\n|faint|p2a: Zacian\n|\n|upkeep\n|\n|t:|1699486476\n|switch|p2a: Mewtwo|Mewtwo-Mega-Y|76\/100\n|turn|14\n|\n|t:|1699486487\n|move|p2a: Mewtwo|Psystrike|p1a: Ho-Oh\n|-damage|p1a: Ho-Oh|0 fnt\n|faint|p1a: Ho-Oh\n|\n|upkeep\n|\n|t:|1699486492\n|switch|p1a: Hippowdon|Hippowdon, F|100\/100\n|-weather|Sandstorm|[from] ability: Sand Stream|[of] p1a: Hippowdon\n|turn|15\n|\n|t:|1699486498\n|move|p2a: Mewtwo|Ice Beam|p1a: Hippowdon\n|-supereffective|p1a: Hippowdon\n|-damage|p1a: Hippowdon|26\/100\n|move|p1a: Hippowdon|Toxic|p2a: Mewtwo\n|-status|p2a: Mewtwo|tox\n|\n|-weather|Sandstorm|[upkeep]\n|-damage|p2a: Mewtwo|70\/100 tox|[from] Sandstorm\n|-damage|p2a: Mewtwo|64\/100 tox|[from] psn\n|upkeep\n|turn|16\n|\n|t:|1699486507\n|move|p2a: Mewtwo|Psystrike|p1a: Hippowdon\n|-damage|p1a: Hippowdon|0 fnt\n|faint|p1a: Hippowdon\n|\n|-weather|Sandstorm|[upkeep]\n|-damage|p2a: Mewtwo|57\/100 tox|[from] Sandstorm\n|-damage|p2a: Mewtwo|45\/100 tox|[from] psn\n|upkeep\n|\n|t:|1699486513\n|switch|p1a: Houndstone|Houndstone, M|100\/100\n|turn|17\n|\n|t:|1699486516\n|move|p1a: Houndstone|Last Respects|p2a: Mewtwo\n|-supereffective|p2a: Mewtwo\n|-damage|p2a: Mewtwo|0 fnt\n|faint|p2a: Mewtwo\n|\n|-weather|Sandstorm|[upkeep]\n|upkeep\n|\n|t:|1699486517\n|switch|p2a: Kyogre|Kyogre-Primal|59\/100\n|-weather|PrimordialSea|[from] ability: Primordial Sea|[of] p2a: Kyogre\n|turn|18\n|\n|t:|1699486524\n|move|p2a: Kyogre|Origin Pulse|p1a: Houndstone\n|-enditem|p1a: Houndstone|Focus Sash\n|-damage|p1a: Houndstone|1\/100\n|move|p1a: Houndstone|Last Respects|p2a: Kyogre\n|-damage|p2a: Kyogre|0 fnt\n|faint|p2a: Kyogre\n|-weather|none\n|\n|win|hugoo171\n|raw|hugoo171's rating: 1419 &rarr; <strong>1440<\/strong><br \/>(+21 for winning)\n|raw|TyroneTheCreator18's rating: 1444 &rarr; <strong>1423<\/strong><br \/>(-21 for losing)\n|c|\u2606TyroneTheCreator18|Gg\n|l|\u2606TyroneTheCreator18\n|c|\u2606hugoo171|gg\n","uploadtime":1699486547,"views":12,"p1id":"hugoo171","p2id":"tyronethecreator18","formatid":"gen9nationaldexubers","rating":1423,"private":0,"password":""}