{"id":"gen9nationaldexubers-1978326191","p1":"we love offense","p2":"bbq_00","format":"[Gen 9] National Dex Ubers","log":"|j|\u2606we love offense\n|j|\u2606bbq_00\n|t:|1698525412\n|gametype|singles\n|player|p1|we love offense|rocker-gen3|1335\n|player|p2|bbq_00|102|1354\n|teamsize|p1|6\n|teamsize|p2|6\n|gen|9\n|tier|[Gen 9] National Dex Ubers\n|rated|\n|rule|HP Percentage Mod: HP is shown in percentages\n|rule|Endless Battle Clause: Forcing endless battles is banned\n|rule|OHKO Clause: OHKO moves are banned\n|rule|Evasion Moves Clause: Evasion moves are banned\n|rule|Evasion Items Clause: Evasion items are banned\n|rule|Species Clause: Limit one of each Pok\u00e9mon\n|rule|Sleep Clause Mod: Limit one foe put to sleep\n|rule|Mega Rayquaza Clause: You cannot mega evolve Rayquaza\n|clearpoke\n|poke|p1|Giratina|\n|poke|p1|Chansey, F|\n|poke|p1|Gliscor, M|\n|poke|p1|Dondozo, M|\n|poke|p1|Ho-Oh|\n|poke|p1|Groudon|\n|poke|p2|Iron Bundle|\n|poke|p2|Chien-Pao|\n|poke|p2|Marshadow|\n|poke|p2|Shaymin-Sky|\n|poke|p2|Tapu Koko|\n|poke|p2|Lucario, F|\n|teampreview\n|inactive|Battle timer is ON: inactive players will automatically lose when time's up. (requested by we love offense)\n|\n|t:|1698525421\n|start\n|switch|p1a: primal gooner|Groudon, shiny|100\/100\n|switch|p2a: Shaymin|Shaymin-Sky|100\/100\n|detailschange|p1a: primal gooner|Groudon-Primal, shiny\n|-primal|p1a: primal gooner|Red Orb\n|-weather|DesolateLand|[from] ability: Desolate Land|[of] p1a: primal gooner\n|turn|1\n|\n|t:|1698525432\n|-weather|none\n|switch|p1a: shut up|Ho-Oh, shiny|100\/100\n|move|p2a: Shaymin|Air Slash|p1a: shut up\n|-damage|p1a: shut up|84\/100\n|\n|upkeep\n|turn|2\n|\n|t:|1698525447\n|move|p2a: Shaymin|Substitute|p2a: Shaymin\n|-start|p2a: Shaymin|Substitute\n|-damage|p2a: Shaymin|76\/100\n|move|p1a: shut up|Sacred Fire|p2a: Shaymin\n|-supereffective|p2a: Shaymin\n|-end|p2a: Shaymin|Substitute\n|\n|upkeep\n|turn|3\n|\n|t:|1698525455\n|move|p2a: Shaymin|Air Slash|p1a: shut up\n|-damage|p1a: shut up|68\/100\n|move|p1a: shut up|Sacred Fire|p2a: Shaymin\n|-supereffective|p2a: Shaymin\n|-damage|p2a: Shaymin|0 fnt\n|faint|p2a: Shaymin\n|\n|upkeep\n|c|\u2606we love offense|he tried it\n|\n|t:|1698525464\n|switch|p2a: Tapu Koko|Tapu Koko|100\/100\n|-fieldstart|move: Electric Terrain|[from] ability: Electric Surge|[of] p2a: Tapu Koko\n|turn|4\n|\n|t:|1698525469\n|switch|p1a: primal gooner|Groudon-Primal, shiny|100\/100\n|-weather|DesolateLand|[from] ability: Desolate Land|[of] p1a: primal gooner\n|move|p2a: Tapu Koko|Thunderbolt|p1a: primal gooner\n|-immune|p1a: primal gooner\n|\n|-weather|DesolateLand|[upkeep]\n|upkeep\n|turn|5\n|\n|t:|1698525477\n|move|p2a: Tapu Koko|Dazzling Gleam|p1a: primal gooner\n|-resisted|p1a: primal gooner\n|-damage|p1a: primal gooner|86\/100\n|move|p1a: primal gooner|Stealth Rock|p2a: Tapu Koko\n|-sidestart|p2: bbq_00|move: Stealth Rock\n|\n|-weather|DesolateLand|[upkeep]\n|upkeep\n|turn|6\n|\n|t:|1698525483\n|move|p2a: Tapu Koko|Defog|p1a: primal gooner\n|-unboost|p1a: primal gooner|evasion|1\n|-sideend|p2: bbq_00|Stealth Rock|[from] move: Defog|[of] p2a: Tapu Koko\n|-fieldend|move: Electric Terrain\n|move|p1a: primal gooner|Spikes|p2a: Tapu Koko\n|-sidestart|p2: bbq_00|Spikes\n|\n|-weather|DesolateLand|[upkeep]\n|upkeep\n|turn|7\n|\n|t:|1698525490\n|move|p2a: Tapu Koko|Defog|p1a: primal gooner\n|-unboost|p1a: primal gooner|evasion|1\n|-sideend|p2: bbq_00|Spikes|[from] move: Defog|[of] p2a: Tapu Koko\n|move|p1a: primal gooner|Earthquake|p2a: Tapu Koko\n|-supereffective|p2a: Tapu Koko\n|-damage|p2a: Tapu Koko|0 fnt\n|faint|p2a: Tapu Koko\n|\n|-weather|DesolateLand|[upkeep]\n|upkeep\n|c|\u2606we love offense|he tried it\n|\n|t:|1698525500\n|switch|p2a: Chien-Pao|Chien-Pao|100\/100\n|-ability|p2a: Chien-Pao|Sword of Ruin\n|turn|8\n|\n|t:|1698525504\n|move|p2a: Chien-Pao|Swords Dance|p2a: Chien-Pao\n|-boost|p2a: Chien-Pao|atk|2\n|move|p1a: primal gooner|Lava Plume|p2a: Chien-Pao\n|-supereffective|p2a: Chien-Pao\n|-crit|p2a: Chien-Pao\n|-enditem|p2a: Chien-Pao|Focus Sash\n|-damage|p2a: Chien-Pao|1\/100\n|\n|-weather|DesolateLand|[upkeep]\n|upkeep\n|turn|9\n|\n|t:|1698525513\n|-weather|none\n|switch|p1a: big sausage pizza|Dondozo, M, shiny|100\/100\n|move|p2a: Chien-Pao|Ice Spinner|p1a: big sausage pizza\n|-resisted|p1a: big sausage pizza\n|-damage|p1a: big sausage pizza|88\/100\n|-damage|p2a: Chien-Pao|0 fnt|[from] item: Rocky Helmet|[of] p1a: big sausage pizza\n|faint|p2a: Chien-Pao\n|\n|upkeep\n|c|\u2606we love offense|he tried it\n|\n|t:|1698525523\n|switch|p2a: Iron Bundle|Iron Bundle|100\/100\n|-enditem|p2a: Iron Bundle|Booster Energy\n|-activate|p2a: Iron Bundle|ability: Quark Drive|[fromitem]\n|-start|p2a: Iron Bundle|quarkdrivespe\n|turn|10\n|\n|t:|1698525528\n|switch|p1a: incredible gassy|Chansey, F, shiny|100\/100\n|move|p2a: Iron Bundle|Substitute|p2a: Iron Bundle\n|-start|p2a: Iron Bundle|Substitute\n|-damage|p2a: Iron Bundle|76\/100\n|\n|upkeep\n|turn|11\n|\n|t:|1698525535\n|move|p2a: Iron Bundle|Hydro Pump|p1a: incredible gassy\n|-damage|p1a: incredible gassy|83\/100\n|move|p1a: incredible gassy|Seismic Toss|p2a: Iron Bundle\n|-end|p2a: Iron Bundle|Substitute\n|\n|upkeep\n|turn|12\n|\n|t:|1698525543\n|move|p2a: Iron Bundle|Encore|p1a: incredible gassy\n|-start|p1a: incredible gassy|Encore\n|move|p1a: incredible gassy|Seismic Toss|p2a: Iron Bundle\n|-damage|p2a: Iron Bundle|36\/100\n|\n|upkeep\n|turn|13\n|\n|t:|1698525552\n|-end|p2a: Iron Bundle|Quark Drive|[silent]\n|switch|p2a: Marshadow|Marshadow|100\/100\n|switch|p1a: nipplenator|Giratina, shiny|100\/100\n|-ability|p1a: nipplenator|Pressure\n|\n|upkeep\n|turn|14\n|\n|t:|1698525564\n|-terastallize|p2a: Marshadow|Ghost\n|-terastallize|p1a: nipplenator|Poison\n|move|p2a: Marshadow|Spectral Thief|p1a: nipplenator\n|-damage|p1a: nipplenator|61\/100\n|move|p1a: nipplenator|Will-O-Wisp|p2a: Marshadow\n|-status|p2a: Marshadow|brn\n|\n|-heal|p1a: nipplenator|67\/100|[from] item: Leftovers\n|-damage|p2a: Marshadow|94\/100 brn|[from] brn\n|upkeep\n|turn|15\n|c|\u2606we love offense|he tried it\n|-message|bbq_00 forfeited.\n|\n|win|we love offense\n|raw|we love offense's rating: 1335 &rarr; <strong>1356<\/strong><br \/>(+21 for winning)\n|raw|bbq_00's rating: 1354 &rarr; <strong>1333<\/strong><br \/>(-21 for losing)\n|l|\u2606bbq_00\n","uploadtime":1698525579,"views":7,"p1id":"weloveoffense","p2id":"bbq00","formatid":"gen9nationaldexubers","rating":1333,"private":0,"password":""}