{"id":"gen9nationaldexubers-1999043449","p1":"santysas","p2":"Rider072","format":"[Gen 9] National Dex Ubers","log":"|j|\u2606santysas\n|j|\u2606Rider072\n|t:|1701027093\n|gametype|singles\n|player|p1|santysas|raihan|\n|player|p2|Rider072|hilbert-wonderlauncher|\n|teamsize|p1|6\n|teamsize|p2|6\n|gen|9\n|tier|[Gen 9] National Dex Ubers\n|rule|HP Percentage Mod: HP is shown in percentages\n|rule|Endless Battle Clause: Forcing endless battles is banned\n|rule|OHKO Clause: OHKO moves are banned\n|rule|Evasion Moves Clause: Evasion moves are banned\n|rule|Evasion Items Clause: Evasion items are banned\n|rule|Species Clause: Limit one of each Pok\u00e9mon\n|rule|Sleep Clause Mod: Limit one foe put to sleep\n|rule|Mega Rayquaza Clause: You cannot mega evolve Rayquaza\n|clearpoke\n|poke|p1|Thwackey, F|\n|poke|p1|Azumarill, M|\n|poke|p1|Corsola-Galar, M|\n|poke|p1|Iron Treads|\n|poke|p1|Toxtricity, M|\n|poke|p1|Noctowl, F|\n|poke|p2|Scizor, M|\n|poke|p2|Politoed, M|\n|poke|p2|Regieleki|\n|poke|p2|Piloswine, M|\n|poke|p2|Falinks|\n|poke|p2|Drednaw, M|\n|teampreview\n|c|\u2606Rider072|There we go\n|j| Juanjomaster\n|c| Juanjomaster|Alv el noctowl\n|c|\u2606Rider072|No te voy a mentir Santy\n|c|\u2606santysas|No Meganium chale era el que mas me daba miedo\n|c|\u2606Rider072|I'm scared\n|c|\u2606santysas|okno, PERO ES EL MAS CUTE\n|c|\u2606Rider072|ES UNA PERITA SUPER CUTE\n|j| zereffu\n|c|\u2606santysas|dw Rider yo iwal\n|c|\u2606santysas|hay mucha PRESION\n|c| zereffu|No est\u00e1 Meganium, no party\n|j| Sppregaladog01\n|c|\u2606santysas|Pero bueno, al menos vamos a divertirnos sisisi\n|c| zereffu|Aa lo dijiste\n|c| Juanjomaster|Ni calylex\n|c| Juanjomaster|Bullying a los planta\n|c|\u2606santysas|Callyrex fue la mente maestra detras de que lleve 2 eviolite el primer match\n|c|\u2606Rider072|Estoy de acuerdo, la diversi\u00f3n primero\n|c|\u2606santysas|a y 35 le damos si te parece bien\n|c|\u2606Rider072|Vamos a olvidarnos de las PRESIONES de los dem\u00e1s\n|c|\u2606santysas|AHHHH LO DIJISTE\n|c|\u2606santysas|Hay que imaginarse a los pokes en ropa interior y listo\n|c|\u2606santysas|wait\n|c| zereffu|Santy si pierdes ten\u00e9s que entrenar a Kaki\n|c| zereffu|Sin presi\u00f3n\n|j| Lucaslakd\n|c|\u2606santysas|alv a perder entonces\n|\n|t:|1701027297\n|start\n|switch|p1a: Wartortle Verde|Thwackey, F|100\/100\n|switch|p2a: Carrer\u00edn|Regieleki|100\/100\n|-item|p2a: Carrer\u00edn|Air Balloon\n|-fieldstart|move: Grassy Terrain|[from] ability: Grassy Surge|[of] p1a: Wartortle Verde\n|turn|1\n|c|\u2606Rider072|No puedo, Toxticity me esta viendo feo\n|c| Lucaslakd|PUEDO HACER BACKSEAT?\n|c|\u2606santysas|no\n|c| zereffu|No\n|c|\u2606santysas|:C\n|\n|t:|1701027318\n|-terastallize|p1a: Wartortle Verde|Grass\n|move|p1a: Wartortle Verde|Grassy Glide|p2a: Carrer\u00edn\n|-damage|p2a: Carrer\u00edn|27\/100\n|-enditem|p2a: Carrer\u00edn|Air Balloon\n|move|p2a: Carrer\u00edn|Reflect|p2a: Carrer\u00edn\n|-sidestart|p2: Rider072|Reflect\n|\n|-heal|p2a: Carrer\u00edn|33\/100|[from] Grassy Terrain\n|upkeep\n|turn|2\n|c| Lucaslakd|:(\n|c| zereffu|Ay\n|c| zereffu|Doli\u00f3\n|c| Juanjomaster|Potente\n|c| Lucaslakd|Lo que pega el macaco\n|l| Sppregaladog01\n|c| Juanjomaster|Igual me lo imaginaba de otro ter\u00e1\n|c| Lucaslakd|Mucho mejor que el rillaboom\n|\n|t:|1701027366\n|switch|p2a: Bichazo|Scizor, M|100\/100\n|move|p1a: Wartortle Verde|Grassy Glide|p2a: Bichazo\n|-resisted|p2a: Bichazo\n|-damage|p2a: Bichazo|91\/100\n|\n|-heal|p2a: Bichazo|97\/100|[from] Grassy Terrain\n|upkeep\n|turn|3\n|\n|t:|1701027378\n|switch|p1a: Shakira|Noctowl, F, shiny|100\/100\n|detailschange|p2a: Bichazo|Scizor-Mega, M\n|-mega|p2a: Bichazo|Scizor|Scizorite\n|move|p2a: Bichazo|Substitute|p2a: Bichazo\n|-start|p2a: Bichazo|Substitute\n|-damage|p2a: Bichazo|72\/100\n|\n|-heal|p2a: Bichazo|78\/100|[from] Grassy Terrain\n|upkeep\n|turn|4\n|j| SilverKeith\n|c| zereffu|Ojo\n|c|\u2606santysas|aywe\n|c| Lucaslakd|Cocina\n|\n|t:|1701027396\n|move|p2a: Bichazo|Swords Dance|p2a: Bichazo\n|-boost|p2a: Bichazo|atk|2\n|move|p1a: Shakira|Heat Wave|p2a: Bichazo\n|-supereffective|p2a: Bichazo\n|-end|p2a: Bichazo|Substitute\n|\n|-heal|p2a: Bichazo|84\/100|[from] Grassy Terrain\n|upkeep\n|turn|5\n|c| Lucaslakd|Ayayayay\n|c| zereffu|Lo aguanta?\n|j| Mr Graecus\n|c| Lucaslakd|Si (nose)\n|j| Sppregaladog01\n|c| Lucaslakd|Tictoc madafaka\n|\n|t:|1701027482\n|move|p2a: Bichazo|Bullet Punch|p1a: Shakira\n|-damage|p1a: Shakira|14\/100\n|move|p1a: Shakira|Heat Wave|p2a: Bichazo\n|-supereffective|p2a: Bichazo\n|-damage|p2a: Bichazo|0 fnt\n|faint|p2a: Bichazo\n|\n|-sideend|p2: Rider072|Reflect\n|-fieldend|move: Grassy Terrain\n|upkeep\n|c| Lucaslakd|Nooo\n|c| zereffu|Por\n|c|\u2606santysas|LLORO\n|\n|t:|1701027497\n|switch|p2a: Carrer\u00edn|Regieleki|33\/100\n|turn|6\n|c| Sppregaladog01|Noctowl eviolite\n|c|\u2606santysas|Vi mi vida pasar ante mis ojos\n|l| Sppregaladog01\n|c| Lucaslakd|Si era adamant lo mataba sisi\n|c| zereffu|Fijo\n|j| Sppregaladog01\n|c| Lucaslakd|LucasD vino a decir noxtowl eviolite y se fue\n|c|\u2606Rider072|Mi pobre bichazo\n|c| zereffu|Pablo deja de morir\n|\n|t:|1701027529\n|switch|p1a: Better Great Tusk|Iron Treads|100\/100\n|move|p2a: Carrer\u00edn|Ancient Power|p1a: Better Great Tusk\n|-resisted|p1a: Better Great Tusk\n|-damage|p1a: Better Great Tusk|96\/100\n|\n|upkeep\n|turn|7\n|\n|t:|1701027542\n|switch|p2a: Felipe Ferra Gomez|Politoed, M|100\/100\n|-weather|RainDance|[from] ability: Drizzle|[of] p2a: Felipe Ferra Gomez\n|move|p1a: Better Great Tusk|Rapid Spin|p2a: Felipe Ferra Gomez\n|-damage|p2a: Felipe Ferra Gomez|85\/100\n|-boost|p1a: Better Great Tusk|spe|1\n|\n|-weather|RainDance|[upkeep]\n|upkeep\n|turn|8\n|c| SilverKeith|aguanta una banda\n|c| SilverKeith|debe tener eviolite\n|c| Lucaslakd|Esa estrategia de OU\n|\n|t:|1701027560\n|move|p1a: Better Great Tusk|Volt Switch|p2a: Felipe Ferra Gomez\n|-supereffective|p2a: Felipe Ferra Gomez\n|-damage|p2a: Felipe Ferra Gomez|69\/100\n|c| Lucaslakd|No es eviolite para mi(?\n|l| Sppregaladog01\n|\n|t:|1701027585\n|-end|p1a: Better Great Tusk|Quark Drive|[silent]\n|switch|p1a: Bizarrap|Toxtricity, M|100\/100|[from] Volt Switch\n|move|p2a: Felipe Ferra Gomez|Hypnosis|p1a: Bizarrap\n|-status|p1a: Bizarrap|slp|[from] move: Hypnosis\n|\n|-weather|RainDance|[upkeep]\n|upkeep\n|turn|9\n|c|\u2606santysas|JAJAJAJ Aywe\n|c| zereffu|JAJAJA\n|c| Lucaslakd|LO HIZO\n|c| zereffu|No wey\n|c| Lucaslakd|THAT MOTHERFUCKER LO HIZO\n|j| Sppregaladog01\n|\n|t:|1701027607\n|switch|p1a: MERCY'nt|Azumarill, M|100\/100\n|switch|p2a: Wonk Tester|Drednaw, M|100\/100\n|\n|-weather|RainDance|[upkeep]\n|upkeep\n|turn|10\n|c| Mr Graecus|Alto pechofr\u00edo\n|c| zereffu|Oh oh\n|c| Lucaslakd|Ayayayayay\n|\n|t:|1701027657\n|switch|p2a: Felipe Ferra Gomez|Politoed, M|69\/100\n|move|p1a: MERCY'nt|Play Rough|p2a: Felipe Ferra Gomez\n|-damage|p2a: Felipe Ferra Gomez|19\/100\n|-unboost|p2a: Felipe Ferra Gomez|atk|1\n|\n|-weather|RainDance|[upkeep]\n|upkeep\n|turn|11\n|c| zereffu|Hay slz cause?\n|c|\u2606Rider072|Yes\n|c| Lucaslakd|Sii\n|c| zereffu|God\n|c| Lucaslakd|Dale santy juga gil\n|\n|t:|1701027714\n|switch|p2a: Carrer\u00edn|Regieleki|33\/100\n|move|p1a: MERCY'nt|Aqua Jet|p2a: Carrer\u00edn\n|-damage|p2a: Carrer\u00edn|0 fnt\n|faint|p2a: Carrer\u00edn\n|\n|-weather|RainDance|[upkeep]\n|upkeep\n|\n|t:|1701027721\n|switch|p2a: El Peluca|Piloswine, M|100\/100\n|turn|12\n|c| zereffu|Saldr\u00e9\n|c| Lucaslakd|Jugado\n|c| zereffu|Sapeee*\n|c|\u2606santysas|HMMMM\n|l| Sppregaladog01\n|c|\u2606santysas|me da miedo el Peluca\n|c| Lucaslakd|El peluca god\n|c| Lucaslakd|Deber\u00eda\n|\n|t:|1701027771\n|-terastallize|p2a: El Peluca|Grass\n|move|p1a: MERCY'nt|Belly Drum|p1a: MERCY'nt\n|-damage|p1a: MERCY'nt|50\/100\n|-setboost|p1a: MERCY'nt|atk|6|[from] move: Belly Drum\n|-enditem|p1a: MERCY'nt|Sitrus Berry|[eat]\n|-heal|p1a: MERCY'nt|75\/100|[from] item: Sitrus Berry\n|move|p2a: El Peluca|Tera Blast|p1a: MERCY'nt|[anim] Tera Blast Grass\n|-supereffective|p1a: MERCY'nt\n|-damage|p1a: MERCY'nt|0 fnt\n|faint|p1a: MERCY'nt\n|\n|-weather|RainDance|[upkeep]\n|upkeep\n|c|\u2606santysas|yo sabia\n|j| Liza_White\n|c| Lucaslakd|PELUCA GOD\n|c| zereffu|JAJAJA\n|c| zereffu|God\n|\n|t:|1701027796\n|switch|p1a: Corsola-Cancer|Corsola-Galar, M, shiny|100\/100\n|turn|13\n|c| zereffu|Ohno\n|\n|t:|1701027812\n|move|p2a: El Peluca|High Horsepower|p1a: Corsola-Cancer|[miss]\n|-miss|p2a: El Peluca|p1a: Corsola-Cancer\n|move|p1a: Corsola-Cancer|Will-O-Wisp|p2a: El Peluca\n|-status|p2a: El Peluca|brn\n|\n|-weather|RainDance|[upkeep]\n|-damage|p2a: El Peluca|94\/100 brn|[from] brn\n|upkeep\n|turn|14\n|\n|t:|1701027821\n|move|p1a: Corsola-Cancer|Stealth Rock|p2a: El Peluca\n|-sidestart|p2: Rider072|move: Stealth Rock\n|move|p2a: El Peluca|Roar|p1a: Corsola-Cancer\n|drag|p1a: Shakira|Noctowl, F, shiny|14\/100\n|\n|-weather|none\n|-damage|p2a: El Peluca|88\/100 brn|[from] brn\n|upkeep\n|turn|15\n|c| Lucaslakd|Why not eq\n|\n|t:|1701027831\n|move|p1a: Shakira|Roost|p1a: Shakira\n|-heal|p1a: Shakira|64\/100\n|-singleturn|p1a: Shakira|move: Roost\n|move|p2a: El Peluca|Avalanche|p1a: Shakira\n|-damage|p1a: Shakira|48\/100\n|\n|-damage|p2a: El Peluca|82\/100 brn|[from] brn\n|upkeep\n|turn|16\n|\n|t:|1701027846\n|switch|p2a: Felipe Ferra Gomez|Politoed, M|19\/100\n|-damage|p2a: Felipe Ferra Gomez|7\/100|[from] Stealth Rock\n|-weather|RainDance|[from] ability: Drizzle|[of] p2a: Felipe Ferra Gomez\n|move|p1a: Shakira|Roost|p1a: Shakira\n|-heal|p1a: Shakira|98\/100\n|-singleturn|p1a: Shakira|move: Roost\n|\n|-weather|RainDance|[upkeep]\n|upkeep\n|turn|17\n|c| Lucaslakd|Mentira si debe ser eviolite entonces\n|c|\u2606santysas|eq es da\u00f1o reducido en grassy terrain\n|c| zereffu|Eso\n|\n|t:|1701027878\n|move|p1a: Shakira|Calm Mind|p1a: Shakira\n|-boost|p1a: Shakira|spa|1\n|-boost|p1a: Shakira|spd|1\n|move|p2a: Felipe Ferra Gomez|Rest|p2a: Felipe Ferra Gomez\n|-status|p2a: Felipe Ferra Gomez|slp|[from] move: Rest\n|-heal|p2a: Felipe Ferra Gomez|100\/100 slp|[silent]\n|\n|-weather|RainDance|[upkeep]\n|upkeep\n|turn|18\n|c| zereffu|50 en vez de 100\n|c| Lucaslakd|No importa eq es god\n|\n|t:|1701027898\n|switch|p1a: Wartortle Verde|Thwackey, F, tera:Grass|100\/100\n|-fieldstart|move: Grassy Terrain|[from] ability: Grassy Surge|[of] p1a: Wartortle Verde\n|cant|p2a: Felipe Ferra Gomez|slp\n|\n|-weather|RainDance|[upkeep]\n|upkeep\n|turn|19\n|\n|t:|1701027909\n|switch|p2a: El Peluca|Piloswine, M, tera:Grass|82\/100 brn\n|-damage|p2a: El Peluca|70\/100 brn|[from] Stealth Rock\n|move|p1a: Wartortle Verde|Grassy Glide|p2a: El Peluca\n|-resisted|p2a: El Peluca\n|-damage|p2a: El Peluca|47\/100 brn\n|\n|-weather|RainDance|[upkeep]\n|-heal|p2a: El Peluca|53\/100 brn|[from] Grassy Terrain\n|-damage|p2a: El Peluca|47\/100 brn|[from] brn\n|upkeep\n|turn|20\n|c| Lucaslakd|Pelucagod\n|\n|t:|1701027929\n|switch|p1a: Corsola-Cancer|Corsola-Galar, M, shiny|100\/100\n|move|p2a: El Peluca|Avalanche|p1a: Corsola-Cancer\n|-damage|p1a: Corsola-Cancer|94\/100\n|\n|-weather|RainDance|[upkeep]\n|-heal|p2a: El Peluca|53\/100 brn|[from] Grassy Terrain\n|-heal|p1a: Corsola-Cancer|99\/100|[from] Grassy Terrain\n|-damage|p2a: El Peluca|47\/100 brn|[from] brn\n|upkeep\n|turn|21\n|\n|t:|1701027941\n|move|p2a: El Peluca|Tera Blast|p1a: Corsola-Cancer|[anim] Tera Blast Grass\n|-damage|p1a: Corsola-Cancer|88\/100\n|move|p1a: Corsola-Cancer|Hex|p2a: El Peluca\n|-damage|p2a: El Peluca|24\/100 brn\n|\n|-weather|RainDance|[upkeep]\n|-heal|p2a: El Peluca|30\/100 brn|[from] Grassy Terrain\n|-heal|p1a: Corsola-Cancer|94\/100|[from] Grassy Terrain\n|-damage|p2a: El Peluca|24\/100 brn|[from] brn\n|upkeep\n|turn|22\n|c| Lucaslakd|Poderoso 6%\n|\n|t:|1701027956\n|switch|p2a: Felipe Ferra Gomez|Politoed, M|100\/100 slp\n|-damage|p2a: Felipe Ferra Gomez|88\/100 slp|[from] Stealth Rock\n|move|p1a: Corsola-Cancer|Will-O-Wisp||[still]\n|-fail|p1a: Corsola-Cancer\n|\n|-weather|RainDance|[upkeep]\n|-heal|p2a: Felipe Ferra Gomez|94\/100 slp|[from] Grassy Terrain\n|-heal|p1a: Corsola-Cancer|99\/100|[from] Grassy Terrain\n|-fieldend|move: Grassy Terrain\n|upkeep\n|turn|23\n|\n|t:|1701027971\n|cant|p2a: Felipe Ferra Gomez|slp\n|move|p1a: Corsola-Cancer|Hex|p2a: Felipe Ferra Gomez\n|-damage|p2a: Felipe Ferra Gomez|71\/100 slp\n|\n|-weather|none\n|upkeep\n|turn|24\n|\n|t:|1701027979\n|-curestatus|p2a: Felipe Ferra Gomez|slp|[msg]\n|move|p2a: Felipe Ferra Gomez|Scald|p1a: Corsola-Cancer\n|-damage|p1a: Corsola-Cancer|83\/100\n|-start|p2a: Felipe Ferra Gomez|Disable|Scald|[from] ability: Cursed Body|[of] p1a: Corsola-Cancer\n|move|p1a: Corsola-Cancer|Will-O-Wisp|p2a: Felipe Ferra Gomez\n|-status|p2a: Felipe Ferra Gomez|brn\n|\n|-damage|p2a: Felipe Ferra Gomez|65\/100 brn|[from] brn\n|upkeep\n|turn|25\n|c| Lucaslakd|Hax\n|\n|t:|1701027995\n|switch|p1a: Wartortle Verde|Thwackey, F, tera:Grass|100\/100\n|-fieldstart|move: Grassy Terrain|[from] ability: Grassy Surge|[of] p1a: Wartortle Verde\n|move|p2a: Felipe Ferra Gomez|Earth Power|p1a: Wartortle Verde\n|-resisted|p1a: Wartortle Verde\n|-damage|p1a: Wartortle Verde|83\/100\n|\n|-heal|p1a: Wartortle Verde|89\/100|[from] Grassy Terrain\n|-heal|p2a: Felipe Ferra Gomez|71\/100 brn|[from] Grassy Terrain\n|-damage|p2a: Felipe Ferra Gomez|65\/100 brn|[from] brn\n|upkeep\n|turn|26\n|\n|t:|1701028017\n|switch|p2a: El Peluca|Piloswine, M, tera:Grass|24\/100 brn\n|-damage|p2a: El Peluca|11\/100 brn|[from] Stealth Rock\n|move|p1a: Wartortle Verde|Grassy Glide|p2a: El Peluca\n|-resisted|p2a: El Peluca\n|-damage|p2a: El Peluca|0 fnt\n|faint|p2a: El Peluca\n|\n|-heal|p1a: Wartortle Verde|95\/100|[from] Grassy Terrain\n|upkeep\n|\n|t:|1701028026\n|switch|p2a: The Boys|Falinks|100\/100\n|-damage|p2a: The Boys|95\/100|[from] Stealth Rock\n|turn|27\n|c| zereffu|Ojo\n|c| Lucaslakd|FALINKS CUTERE\n|c| Juanjomaster|The boys\n|\n|t:|1701028048\n|switch|p1a: Better Great Tusk|Iron Treads|96\/100\n|move|p2a: The Boys|No Retreat|p2a: The Boys\n|-boost|p2a: The Boys|atk|1\n|-boost|p2a: The Boys|def|1\n|-boost|p2a: The Boys|spa|1\n|-boost|p2a: The Boys|spd|1\n|-boost|p2a: The Boys|spe|1\n|-enditem|p1a: Better Great Tusk|Mirror Herb\n|-boost|p1a: Better Great Tusk|atk|1|[from] item: Mirror Herb\n|-boost|p1a: Better Great Tusk|def|1|[from] item: Mirror Herb\n|-boost|p1a: Better Great Tusk|spa|1|[from] item: Mirror Herb\n|-boost|p1a: Better Great Tusk|spd|1|[from] item: Mirror Herb\n|-boost|p1a: Better Great Tusk|spe|1|[from] item: Mirror Herb\n|-start|p2a: The Boys|move: No Retreat\n|\n|-heal|p1a: Better Great Tusk|100\/100|[from] Grassy Terrain\n|-heal|p2a: The Boys|100\/100|[from] Grassy Terrain\n|upkeep\n|turn|28\n|c| Juanjomaster|Yo conf\u00edo\n|c| Lucaslakd|PICADISIMO\n|c| zereffu|Fullpicado\n|c|\u2606Rider072|AH PERRO\n|c|\u2606santysas|sjsjsjjs GOD\n|c| Lucaslakd|VAMOS FALINKS\n|c| Juanjomaster|Alv\n|\n|t:|1701028080\n|move|p1a: Better Great Tusk|Zen Headbutt|p2a: The Boys\n|-supereffective|p2a: The Boys\n|-damage|p2a: The Boys|33\/100\n|move|p2a: The Boys|Close Combat|p1a: Better Great Tusk\n|-supereffective|p1a: Better Great Tusk\n|-damage|p1a: Better Great Tusk|20\/100\n|-unboost|p2a: The Boys|def|1\n|-unboost|p2a: The Boys|spd|1\n|\n|-heal|p1a: Better Great Tusk|26\/100|[from] Grassy Terrain\n|-heal|p2a: The Boys|39\/100|[from] Grassy Terrain\n|upkeep\n|turn|29\n|c| Lucaslakd|Yo hubiese hecho superpower no retresa era re jugado\n|c| Juanjomaster|Chale\n|c| Lucaslakd|Close combat esoeso\n|\n|t:|1701028138\n|move|p1a: Better Great Tusk|High Horsepower|p2a: The Boys\n|-damage|p2a: The Boys|0 fnt\n|faint|p2a: The Boys\n|\n|-heal|p1a: Better Great Tusk|32\/100|[from] Grassy Terrain\n|-fieldend|move: Grassy Terrain\n|upkeep\n|\n|t:|1701028146\n|switch|p2a: Felipe Ferra Gomez|Politoed, M|65\/100 brn\n|-damage|p2a: Felipe Ferra Gomez|52\/100 brn|[from] Stealth Rock\n|-weather|RainDance|[from] ability: Drizzle|[of] p2a: Felipe Ferra Gomez\n|turn|30\n|c|\u2606santysas|Tenia miedo de que falle y casi hago cambio full cagon\n|j| ric94\n|\n|t:|1701028172\n|move|p1a: Better Great Tusk|High Horsepower|p2a: Felipe Ferra Gomez\n|-damage|p2a: Felipe Ferra Gomez|0 fnt\n|faint|p2a: Felipe Ferra Gomez\n|\n|-weather|RainDance|[upkeep]\n|upkeep\n|c| Lucaslakd|Si no matabas hubiese sido gracioso\n|c|\u2606Rider072|gg\n|\n|t:|1701028182\n|switch|p2a: Wonk Tester|Drednaw, M|100\/100\n|-damage|p2a: Wonk Tester|88\/100|[from] Stealth Rock\n|turn|31\n|c|\u2606santysas|Ahora me sweepea\n|c|\u2606Rider072|Jugu\u00e9 para el arrastre\n|c| Lucaslakd|Sac\u00e1 al monito de \u00faltimo santy quiero ver como aguanta corsola\n|c|\u2606santysas|No canto victoria aun\n|l| ric94\n|\n|t:|1701028224\n|-end|p1a: Better Great Tusk|Quark Drive|[silent]\n|switch|p1a: Corsola-Cancer|Corsola-Galar, M, shiny|83\/100\n|move|p2a: Wonk Tester|Liquidation|p1a: Corsola-Cancer\n|-damage|p1a: Corsola-Cancer|50\/100\n|\n|-weather|RainDance|[upkeep]\n|upkeep\n|turn|32\n|\n|t:|1701028235\n|move|p2a: Wonk Tester|Crunch|p1a: Corsola-Cancer\n|-supereffective|p1a: Corsola-Cancer\n|-damage|p1a: Corsola-Cancer|21\/100\n|move|p1a: Corsola-Cancer|Strength Sap|p2a: Wonk Tester\n|-unboost|p2a: Wonk Tester|atk|1\n|-heal|p1a: Corsola-Cancer|100\/100\n|\n|-weather|RainDance|[upkeep]\n|upkeep\n|turn|33\n|\n|t:|1701028243\n|move|p2a: Wonk Tester|Shell Smash|p2a: Wonk Tester\n|-unboost|p2a: Wonk Tester|def|1\n|-unboost|p2a: Wonk Tester|spd|1\n|-boost|p2a: Wonk Tester|atk|2\n|-boost|p2a: Wonk Tester|spa|2\n|-boost|p2a: Wonk Tester|spe|2\n|move|p1a: Corsola-Cancer|Will-O-Wisp|p2a: Wonk Tester\n|-status|p2a: Wonk Tester|brn\n|\n|-weather|RainDance|[upkeep]\n|-damage|p2a: Wonk Tester|82\/100 brn|[from] brn\n|upkeep\n|turn|34\n|c| Lucaslakd|Le pega m\u00e1s liquidation equisdd\n|l| zereffu\n|\n|t:|1701028258\n|move|p2a: Wonk Tester|Crunch|p1a: Corsola-Cancer\n|-supereffective|p1a: Corsola-Cancer\n|-damage|p1a: Corsola-Cancer|79\/100\n|move|p1a: Corsola-Cancer|Strength Sap|p2a: Wonk Tester\n|-unboost|p2a: Wonk Tester|atk|1\n|-heal|p1a: Corsola-Cancer|100\/100\n|\n|-weather|RainDance|[upkeep]\n|-damage|p2a: Wonk Tester|76\/100 brn|[from] brn\n|upkeep\n|turn|35\n|c|\u2606Rider072|Pudiste terminar mi sufrimiento hace 3 trunos oye unu\n|\n|t:|1701028280\n|move|p2a: Wonk Tester|Crunch|p1a: Corsola-Cancer\n|-supereffective|p1a: Corsola-Cancer\n|-damage|p1a: Corsola-Cancer|87\/100\n|move|p1a: Corsola-Cancer|Hex|p2a: Wonk Tester\n|-damage|p2a: Wonk Tester|1\/100 brn\n|\n|-weather|RainDance|[upkeep]\n|-damage|p2a: Wonk Tester|0 fnt|[from] brn\n|faint|p2a: Wonk Tester\n|\n|win|santysas\n|upkeep\n|c|\u2606santysas|No se si lo mata\n|c|\u2606santysas|En efecto no lo mataba\n|c|\u2606santysas|Ahi si fue justo\n|c|\u2606santysas|gg\n|c| Lucaslakd|Mentira te queria matar con corsola\n|c|\u2606Rider072|Ahora s\u00ed\n|c| SilverKeith|5-0 que picado\n|c|\u2606Rider072|GG\n|c| SilverKeith|gg\n|c| Juanjomaster|gg\n|c| SilverKeith|justo como en las simulaciones (?\n|c| Lucaslakd|Gg graecus siguiente fecha\n|c|\u2606Rider072|Jugaste re bien ese mono con tera planta no me lo vi venir\n|c|\u2606santysas|Fue 5 0 pero la pusiste dificil we, ibas bien preparado y lo note\n|c|\u2606Rider072|Team GOD\n|c| Lucaslakd|Monito >> Gorila\n|c| Lucaslakd|Factos\n|l| Mr Graecus\n|c|\u2606santysas|El mono tera planta oneshoteaba a carrerin si no tenia invest en defensa\n|c|\u2606santysas|Ahi me cagaste buena parte del plan\n|l| Lucaslakd\n|c|\u2606santysas|Y EL SUB EN SCIZOR\n|c|\u2606santysas|ESTABA GRITANDO INTERNAMENTE\n|c|\u2606Rider072|ME BLOQUE\u00c9 RE FEO AH\u00cd\n|c|\u2606Rider072|Deb\u00ed sacar a Felipe para poner lluvia\n|j| Sppregaladog01\n|c|\u2606santysas|Aywe\n|l| Sppregaladog01\n|l| Liza_White\n|c|\u2606Rider072|Y as\u00ed el Bicho si agauntaba pero me la jugu\u00e9 de m\u00e1s\n|c|\u2606santysas|El noctowl tenia poder z fuego para matarlo\n|c|\u2606santysas|pero outspeedeaba porque era Jolly y podia hacer sub y cagarme\n|c|\u2606santysas|:((((\n|c|\u2606Rider072|Bien preparado ibas tambi\u00e9n muy bien jugado yes yes\n|c|\u2606Rider072|Incluso quer\u00eda probar llevar al Regi ofensivo\n|c|\u2606santysas|Seh, como digo creo que el monito era muy mal matchup para ti\n|c|\u2606Rider072|Pero no hubo oportunidad unu\n|c|\u2606santysas|Y el Mirror Herb im so glad que funciono\n|c|\u2606santysas|jsjssjsj\n|c|\u2606Rider072|OH YES\n|c|\u2606santysas|momento cine\n|c|\u2606Rider072|Eso fue GOD\n|c|\u2606Rider072|Era predecible que iba boostearme lo aprovechaste re bien\n|c|\u2606santysas|El Piloswine Tera Planta con el high horsepowe muy bien llevado\n|c|\u2606Rider072|Insisto, buen team Santy\n|c|\u2606Rider072|Oh yes\n|c|\u2606Rider072|El terreno de planta me da pesadillas (???\n|c|\u2606Rider072|Le cambia eq a todo mi equipo JAJAJA\n|c|\u2606santysas|Me veia venir que era planta porque estaba paraa cagar al azumarill\n|c|\u2606santysas|Pero si no lo era con el boost ahi me comia al team y bueno, tenia que probar\n|c|\u2606santysas|Tabas bien preparado asi que chale\n|c|\u2606Rider072|Es re divertido usar Belly Drum yes pero muy vol\u00e1til\n|c|\u2606santysas|Pero GG\n|c|\u2606santysas|seh\n|c|\u2606Rider072|gg Indeed caballero\n|c|\u2606santysas|El azumarill se re aprovechaba de la lluvia que ponias\n|c|\u2606santysas|umu\n|c|\u2606Rider072|O un Thunder del lagarto para tumbar a Felipe\n|c|\u2606Rider072|Lo que si debo decir\n|c|\u2606Rider072|Gracias por no tomarme a la ligera lo aprecio uwu\n|l| Juanjomaster\n|j| Juanjomaster\n|l|\u2606Rider072\n|l| SilverKeith\n","uploadtime":1701028852,"views":22,"p1id":"santysas","p2id":"rider072","formatid":"gen9nationaldexubers","rating":0,"private":0,"password":""}