{"id":"gen9nationaldexubers-1989753393","p1":"jesus' father","p2":"EABL XD","format":"[Gen 9] National Dex Ubers","log":"|j|\u2606jesus' father\n|j|\u2606EABL XD\n|t:|1699892828\n|gametype|singles\n|player|p1|jesus' father|1|1435\n|player|p2|EABL XD|gambler|1311\n|teamsize|p1|6\n|teamsize|p2|6\n|gen|9\n|tier|[Gen 9] National Dex Ubers\n|rated|\n|rule|HP Percentage Mod: HP is shown in percentages\n|rule|Endless Battle Clause: Forcing endless battles is banned\n|rule|OHKO Clause: OHKO moves are banned\n|rule|Evasion Moves Clause: Evasion moves are banned\n|rule|Evasion Items Clause: Evasion items are banned\n|rule|Species Clause: Limit one of each Pok\u00e9mon\n|rule|Sleep Clause Mod: Limit one foe put to sleep\n|rule|Mega Rayquaza Clause: You cannot mega evolve Rayquaza\n|clearpoke\n|poke|p1|Arceus-Ice|\n|poke|p1|Medicham, M|\n|poke|p1|Groudon|\n|poke|p1|Landorus-Therian, M|\n|poke|p1|Kyogre|\n|poke|p1|Zacian-*|\n|poke|p2|Xerneas-*|\n|poke|p2|Lucario, M|\n|poke|p2|Shaymin-Sky|\n|poke|p2|Galvantula, F|\n|poke|p2|Iron Treads|\n|poke|p2|Groudon|\n|teampreview\n|inactive|Battle timer is ON: inactive players will automatically lose when time's up. (requested by jesus' father)\n|\n|t:|1699892837\n|start\n|switch|p1a: devil lizard|Groudon|100\/100\n|switch|p2a: Tula|Galvantula, F|100\/100\n|detailschange|p1a: devil lizard|Groudon-Primal\n|-primal|p1a: devil lizard|Red Orb\n|-weather|DesolateLand|[from] ability: Desolate Land|[of] p1a: devil lizard\n|turn|1\n|\n|t:|1699892862\n|move|p2a: Tula|Sticky Web|p1a: devil lizard\n|-sidestart|p1: jesus' father|move: Sticky Web\n|move|p1a: devil lizard|Stealth Rock|p2a: Tula\n|-sidestart|p2: EABL XD|move: Stealth Rock\n|\n|-weather|DesolateLand|[upkeep]\n|upkeep\n|turn|2\n|\n|t:|1699892867\n|switch|p2a: Don|Groudon, shiny|100\/100\n|-damage|p2a: Don|94\/100|[from] Stealth Rock\n|detailschange|p2a: Don|Groudon-Primal, shiny\n|-primal|p2a: Don|Red Orb\n|move|p1a: devil lizard|Spikes|p2a: Don\n|-sidestart|p2: EABL XD|Spikes\n|\n|-weather|DesolateLand|[upkeep]\n|upkeep\n|turn|3\n|\n|t:|1699892875\n|move|p1a: devil lizard|Earthquake|p2a: Don\n|-supereffective|p2a: Don\n|-damage|p2a: Don|4\/100\n|move|p2a: Don|Earthquake|p1a: devil lizard\n|-supereffective|p1a: devil lizard\n|-damage|p1a: devil lizard|7\/100\n|\n|-weather|DesolateLand|[upkeep]\n|upkeep\n|turn|4\n|\n|t:|1699892882\n|move|p1a: devil lizard|Earthquake|p2a: Don\n|-supereffective|p2a: Don\n|-damage|p2a: Don|0 fnt\n|faint|p2a: Don\n|\n|-weather|DesolateLand|[upkeep]\n|upkeep\n|\n|t:|1699892903\n|switch|p2a: Ferrodada|Iron Treads|100\/100\n|-damage|p2a: Ferrodada|97\/100|[from] Stealth Rock\n|-damage|p2a: Ferrodada|85\/100|[from] Spikes\n|-enditem|p2a: Ferrodada|Booster Energy\n|-activate|p2a: Ferrodada|ability: Quark Drive|[fromitem]\n|-start|p2a: Ferrodada|quarkdriveatk\n|turn|5\n|\n|t:|1699892913\n|move|p2a: Ferrodada|Rapid Spin|p1a: devil lizard\n|-damage|p1a: devil lizard|0 fnt\n|-boost|p2a: Ferrodada|spe|1\n|-sideend|p2: EABL XD|Spikes|[from] move: Rapid Spin|[of] p2a: Ferrodada\n|-sideend|p2: EABL XD|Stealth Rock|[from] move: Rapid Spin|[of] p2a: Ferrodada\n|faint|p1a: devil lizard\n|-weather|none\n|\n|upkeep\n|\n|t:|1699892916\n|switch|p1a: monkey?|Landorus-Therian, M|100\/100\n|-ability|p1a: monkey?|Intimidate|boost\n|-unboost|p2a: Ferrodada|atk|1\n|turn|6\n|\n|t:|1699892922\n|move|p2a: Ferrodada|Ice Spinner|p1a: monkey?\n|-supereffective|p1a: monkey?\n|-damage|p1a: monkey?|0 fnt\n|faint|p1a: monkey?\n|\n|upkeep\n|\n|t:|1699892925\n|switch|p1a: Medicham|Medicham, M|100\/100\n|-activate|p1a: Medicham|move: Sticky Web\n|-unboost|p1a: Medicham|spe|1\n|turn|7\n|\n|t:|1699892930\n|detailschange|p1a: Medicham|Medicham-Mega, M\n|-mega|p1a: Medicham|Medicham|Medichamite\n|move|p1a: Medicham|Fake Out|p2a: Ferrodada\n|-resisted|p2a: Ferrodada\n|-damage|p2a: Ferrodada|73\/100\n|cant|p2a: Ferrodada|flinch\n|\n|upkeep\n|turn|8\n|\n|t:|1699892934\n|move|p2a: Ferrodada|Earthquake|p1a: Medicham\n|-damage|p1a: Medicham|29\/100\n|move|p1a: Medicham|High Jump Kick|p2a: Ferrodada\n|-supereffective|p2a: Ferrodada\n|-damage|p2a: Ferrodada|0 fnt\n|faint|p2a: Ferrodada\n|-end|p2a: Ferrodada|Quark Drive|[silent]\n|\n|upkeep\n|\n|t:|1699892942\n|switch|p2a: Shaymin|Shaymin-Sky|100\/100\n|turn|9\n|\n|t:|1699892945\n|move|p2a: Shaymin|Air Slash|p1a: Medicham\n|-supereffective|p1a: Medicham\n|-crit|p1a: Medicham\n|-damage|p1a: Medicham|0 fnt\n|faint|p1a: Medicham\n|\n|upkeep\n|\n|t:|1699892952\n|switch|p1a: 720 bst no more|Zacian-Crowned|100\/100\n|-activate|p1a: 720 bst no more|move: Sticky Web\n|-unboost|p1a: 720 bst no more|spe|1\n|-ability|p1a: 720 bst no more|Intrepid Sword|boost\n|-boost|p1a: 720 bst no more|atk|1\n|turn|10\n|\n|t:|1699892956\n|move|p2a: Shaymin|Air Slash|p1a: 720 bst no more\n|-resisted|p1a: 720 bst no more\n|-damage|p1a: 720 bst no more|81\/100\n|cant|p1a: 720 bst no more|flinch\n|\n|upkeep\n|turn|11\n|\n|t:|1699892978\n|move|p2a: Shaymin|Air Slash|p1a: 720 bst no more\n|-resisted|p1a: 720 bst no more\n|-damage|p1a: 720 bst no more|61\/100\n|cant|p1a: 720 bst no more|flinch\n|\n|upkeep\n|turn|12\n|\n|t:|1699892984\n|move|p2a: Shaymin|Air Slash|p1a: 720 bst no more\n|-resisted|p1a: 720 bst no more\n|-damage|p1a: 720 bst no more|41\/100\n|cant|p1a: 720 bst no more|flinch\n|\n|upkeep\n|turn|13\n|\n|t:|1699892989\n|move|p2a: Shaymin|Hidden Power|p1a: 720 bst no more\n|-supereffective|p1a: 720 bst no more\n|-damage|p1a: 720 bst no more|0 fnt\n|faint|p1a: 720 bst no more\n|\n|upkeep\n|\n|t:|1699892998\n|switch|p1a: great flooder|Kyogre|100\/100\n|-activate|p1a: great flooder|move: Sticky Web\n|-unboost|p1a: great flooder|spe|1\n|-weather|RainDance|[from] ability: Drizzle|[of] p1a: great flooder\n|turn|14\n|\n|t:|1699893022\n|move|p2a: Shaymin|Air Slash|p1a: great flooder\n|-damage|p1a: great flooder|73\/100\n|cant|p1a: great flooder|flinch\n|\n|-weather|RainDance|[upkeep]\n|upkeep\n|turn|15\n|\n|t:|1699893035\n|move|p2a: Shaymin|Seed Flare|p1a: great flooder\n|-supereffective|p1a: great flooder\n|-damage|p1a: great flooder|0 fnt\n|faint|p1a: great flooder\n|\n|-weather|RainDance|[upkeep]\n|upkeep\n|\n|t:|1699893039\n|switch|p1a: god|Arceus-Ice|100\/100\n|-activate|p1a: god|move: Sticky Web\n|-unboost|p1a: god|spe|1\n|turn|16\n|\n|t:|1699893042\n|move|p2a: Shaymin|Air Slash|p1a: god\n|-damage|p1a: god|67\/100\n|cant|p1a: god|flinch\n|\n|-weather|RainDance|[upkeep]\n|upkeep\n|turn|17\n|\n|t:|1699893048\n|move|p2a: Shaymin|Air Slash|p1a: god\n|-damage|p1a: god|34\/100\n|move|p1a: god|Agility|p1a: god\n|-boost|p1a: god|spe|2\n|\n|-weather|RainDance|[upkeep]\n|upkeep\n|turn|18\n|\n|t:|1699893055\n|move|p1a: god|Judgment|p2a: Shaymin\n|-supereffective|p2a: Shaymin\n|-damage|p2a: Shaymin|0 fnt\n|faint|p2a: Shaymin\n|\n|-weather|none\n|upkeep\n|\n|t:|1699893059\n|switch|p2a: Tula|Galvantula, F|100\/100\n|turn|19\n|\n|t:|1699893064\n|move|p1a: god|Fire Blast|p2a: Tula\n|-supereffective|p2a: Tula\n|-enditem|p2a: Tula|Focus Sash\n|-damage|p2a: Tula|1\/100\n|move|p2a: Tula|Thunder Wave|p1a: god\n|-status|p1a: god|par\n|\n|upkeep\n|turn|20\n|\n|t:|1699893072\n|move|p2a: Tula|Thunder|p1a: god\n|-damage|p1a: god|0 fnt\n|faint|p1a: god\n|\n|win|EABL XD\n|raw|jesus&apos; father's rating: 1435 &rarr; <strong>1408<\/strong><br \/>(-27 for losing)\n|raw|EABL XD's rating: 1311 &rarr; <strong>1338<\/strong><br \/>(+27 for winning)\n","uploadtime":1699893076,"views":4,"p1id":"jesusfather","p2id":"eablxd","formatid":"gen9nationaldexubers","rating":1338,"private":0,"password":""}