{"id":"gen9nationaldexubers-1980777445","p1":"AvatarOfGiratina","p2":"0100100001101001t","format":"[Gen 9] National Dex Ubers","log":"|j|\u2606AvatarOfGiratina\n|j|\u26060100100001101001t\n|t:|1698831226\n|gametype|singles\n|player|p1|AvatarOfGiratina|lance|1079\n|player|p2|0100100001101001t|ninjaboy|1094\n|teamsize|p1|6\n|teamsize|p2|6\n|gen|9\n|tier|[Gen 9] National Dex Ubers\n|rated|\n|rule|HP Percentage Mod: HP is shown in percentages\n|rule|Endless Battle Clause: Forcing endless battles is banned\n|rule|OHKO Clause: OHKO moves are banned\n|rule|Evasion Moves Clause: Evasion moves are banned\n|rule|Evasion Items Clause: Evasion items are banned\n|rule|Species Clause: Limit one of each Pok\u00e9mon\n|rule|Sleep Clause Mod: Limit one foe put to sleep\n|rule|Mega Rayquaza Clause: You cannot mega evolve Rayquaza\n|clearpoke\n|poke|p1|Aron, L1, M|\n|poke|p1|Tropius, M|\n|poke|p1|Chimecho, M|\n|poke|p1|Moltres-Galar|\n|poke|p1|Azumarill, F|\n|poke|p1|Diancie|\n|poke|p2|Salamence, F|\n|poke|p2|Xerneas-*|\n|poke|p2|Ho-Oh|\n|poke|p2|Marshadow|\n|poke|p2|Groudon|\n|poke|p2|Urshifu-*, M|\n|teampreview\n|inactive|Battle timer is ON: inactive players will automatically lose when time's up. (requested by 0100100001101001t)\n|c|\u2606AvatarOfGiratina|glhf\n|\n|t:|1698831251\n|start\n|switch|p1a: Magician|Diancie, shiny|100\/100\n|switch|p2a: Groudon|Groudon|100\/100\n|detailschange|p2a: Groudon|Groudon-Primal\n|-primal|p2a: Groudon|Red Orb\n|-weather|DesolateLand|[from] ability: Desolate Land|[of] p2a: Groudon\n|turn|1\n|c|\u2606AvatarOfGiratina|This is just a gimmick team btw\n|\n|t:|1698831263\n|switch|p1a: Banana|Tropius, M, shiny|100\/100\n|move|p2a: Groudon|Earth Power|p1a: Banana\n|-immune|p1a: Banana\n|\n|-weather|DesolateLand|[upkeep]\n|upkeep\n|turn|2\n|\n|t:|1698831268\n|move|p2a: Groudon|Flamethrower|p1a: Banana\n|-supereffective|p1a: Banana\n|-damage|p1a: Banana|0 fnt\n|faint|p1a: Banana\n|\n|-weather|DesolateLand|[upkeep]\n|upkeep\n|\n|t:|1698831276\n|switch|p1a: Moltres-Kanto|Moltres-Galar, shiny|100\/100\n|turn|3\n|\n|t:|1698831289\n|move|p1a: Moltres-Kanto|Nasty Plot|p1a: Moltres-Kanto\n|-boost|p1a: Moltres-Kanto|spa|2\n|move|p2a: Groudon|Flamethrower|p1a: Moltres-Kanto\n|-damage|p1a: Moltres-Kanto|30\/100\n|-ability|p1a: Moltres-Kanto|Berserk|boost\n|-boost|p1a: Moltres-Kanto|spa|1\n|\n|-weather|DesolateLand|[upkeep]\n|-heal|p1a: Moltres-Kanto|37\/100|[from] item: Leftovers\n|upkeep\n|turn|4\n|\n|t:|1698831297\n|-terastallize|p1a: Moltres-Kanto|Dark\n|move|p1a: Moltres-Kanto|Fiery Wrath|p2a: Groudon\n|-damage|p2a: Groudon|0 fnt\n|faint|p2a: Groudon\n|-weather|none\n|\n|-heal|p1a: Moltres-Kanto|43\/100|[from] item: Leftovers\n|upkeep\n|\n|t:|1698831301\n|switch|p2a: Urshifu|Urshifu, M|100\/100\n|turn|5\n|\n|t:|1698831307\n|move|p2a: Urshifu|Close Combat|p1a: Moltres-Kanto\n|-supereffective|p1a: Moltres-Kanto\n|-damage|p1a: Moltres-Kanto|0 fnt\n|-unboost|p2a: Urshifu|def|1\n|-unboost|p2a: Urshifu|spd|1\n|faint|p1a: Moltres-Kanto\n|\n|upkeep\n|\n|t:|1698831317\n|switch|p1a: Magician|Diancie, shiny|100\/100\n|turn|6\n|\n|t:|1698831327\n|detailschange|p1a: Magician|Diancie-Mega, shiny\n|-mega|p1a: Magician|Diancie|Diancite\n|move|p2a: Urshifu|Close Combat|p1a: Magician\n|-damage|p1a: Magician|0 fnt\n|-unboost|p2a: Urshifu|def|1\n|-unboost|p2a: Urshifu|spd|1\n|faint|p1a: Magician\n|\n|upkeep\n|c|\u2606AvatarOfGiratina|how is he so f*cking fast\n|\n|t:|1698831344\n|switch|p1a: Scary|Aron, L1, M, shiny|100\/100\n|turn|7\n|c|\u26060100100001101001t|scarf\n|\n|t:|1698831350\n|move|p2a: Urshifu|Close Combat|p1a: Scary\n|-supereffective|p1a: Scary\n|-ability|p1a: Scary|Sturdy\n|-damage|p1a: Scary|9\/100\n|-unboost|p2a: Urshifu|def|1\n|-unboost|p2a: Urshifu|spd|1\n|move|p1a: Scary|Endeavor|p2a: Urshifu\n|-damage|p2a: Urshifu|1\/100\n|-heal|p1a: Scary|100\/100|[from] item: Shell Bell|[of] p2a: Urshifu\n|\n|upkeep\n|turn|8\n|c|\u2606AvatarOfGiratina|ah\n|\n|t:|1698831370\n|switch|p2a: Marshadow|Marshadow|100\/100\n|move|p1a: Scary|Reversal|p2a: Marshadow\n|-immune|p2a: Marshadow\n|\n|upkeep\n|turn|9\n|\n|t:|1698831381\n|-activate|p1a: Scary|move: Pursuit\n|move|p2a: Marshadow|Pursuit|p1a: Scary|[from]Pursuit\n|-ability|p1a: Scary|Sturdy\n|-damage|p1a: Scary|9\/100\n|switch|p1a: Strong Boii|Azumarill, F|100\/100\n|\n|upkeep\n|turn|10\n|\n|t:|1698831392\n|switch|p2a: Urshifu|Urshifu, M|1\/100\n|move|p1a: Strong Boii|Belly Drum|p1a: Strong Boii\n|-damage|p1a: Strong Boii|50\/100\n|-setboost|p1a: Strong Boii|atk|6|[from] move: Belly Drum\n|-enditem|p1a: Strong Boii|Sitrus Berry|[eat]\n|-heal|p1a: Strong Boii|75\/100|[from] item: Sitrus Berry\n|\n|upkeep\n|turn|11\n|\n|t:|1698831400\n|move|p1a: Strong Boii|Aqua Jet|p2a: Urshifu\n|-damage|p2a: Urshifu|0 fnt\n|faint|p2a: Urshifu\n|\n|upkeep\n|\n|t:|1698831402\n|switch|p2a: Marshadow|Marshadow|100\/100\n|turn|12\n|\n|t:|1698831409\n|move|p1a: Strong Boii|Aqua Jet|p2a: Marshadow\n|-enditem|p2a: Marshadow|Focus Sash\n|-damage|p2a: Marshadow|1\/100\n|move|p2a: Marshadow|Spectral Thief||[still]\n|-clearpositiveboost|p1a: Strong Boii|p2a: Marshadow|move: Spectral Thief\n|-boost|p2a: Marshadow|atk|6\n|-anim|p2a: Marshadow|Spectral Thief|p1a: Strong Boii\n|-damage|p1a: Strong Boii|0 fnt\n|faint|p1a: Strong Boii\n|\n|upkeep\n|c|\u2606AvatarOfGiratina|you win\n|c|\u2606AvatarOfGiratina|ggs\n|c|\u26060100100001101001t|gg\n|-message|AvatarOfGiratina forfeited.\n|\n|win|0100100001101001t\n|raw|AvatarOfGiratina's rating: 1079 &rarr; <strong>1058<\/strong><br \/>(-21 for losing)\n|raw|0100100001101001t's rating: 1094 &rarr; <strong>1119<\/strong><br \/>(+25 for winning)\n|l|\u2606AvatarOfGiratina\n","uploadtime":1698831435,"views":13,"p1id":"avatarofgiratina","p2id":"0100100001101001t","formatid":"gen9nationaldexubers","rating":1058,"private":0,"password":""}