{"id":"gen9nationaldexubers-1980036045","p1":"09-10a","p2":"Soyeon is a cutie","format":"[Gen 9] National Dex Ubers","log":"|j|\u260609-10a\n|j|\u2606Soyeon is a cutie\n|t:|1698749807\n|gametype|singles\n|player|p1|09-10a|schoolkid-gen4dp|1773\n|player|p2|Soyeon is a cutie|idol|1896\n|teamsize|p1|6\n|teamsize|p2|6\n|gen|9\n|tier|[Gen 9] National Dex Ubers\n|rated|\n|rule|HP Percentage Mod: HP is shown in percentages\n|rule|Endless Battle Clause: Forcing endless battles is banned\n|rule|OHKO Clause: OHKO moves are banned\n|rule|Evasion Moves Clause: Evasion moves are banned\n|rule|Evasion Items Clause: Evasion items are banned\n|rule|Species Clause: Limit one of each Pok\u00e9mon\n|rule|Sleep Clause Mod: Limit one foe put to sleep\n|rule|Mega Rayquaza Clause: You cannot mega evolve Rayquaza\n|clearpoke\n|poke|p1|Eternatus|\n|poke|p1|Arceus-Fairy|\n|poke|p1|Necrozma-Dusk-Mane|\n|poke|p1|Groudon, L99|\n|poke|p1|Marshadow|\n|poke|p1|Zygarde|\n|poke|p2|Arceus-Fairy|\n|poke|p2|Kingambit, M|\n|poke|p2|Ditto|\n|poke|p2|Urshifu-*, F|\n|poke|p2|Lunala|\n|poke|p2|Necrozma-Dusk-Mane|\n|teampreview\n|inactive|Battle timer is ON: inactive players will automatically lose when time's up. (requested by Soyeon is a cutie)\n|inactive|09-10a also wants the timer to be on.\n|j| LordGrimm2524\n|\n|t:|1698749832\n|start\n|switch|p1a: Groudon|Groudon, L99, shiny|100\/100\n|switch|p2a: Necrozma|Necrozma-Dusk-Mane, shiny|100\/100\n|detailschange|p1a: Groudon|Groudon-Primal, L99, shiny\n|-primal|p1a: Groudon|Red Orb\n|-weather|DesolateLand|[from] ability: Desolate Land|[of] p1a: Groudon\n|turn|1\n|\n|t:|1698749840\n|detailschange|p2a: Necrozma|Necrozma-Ultra, shiny\n|-burst|p2a: Necrozma|Necrozma|Ultranecrozium Z\n|move|p2a: Necrozma|Earth Power|p1a: Groudon\n|-supereffective|p1a: Groudon\n|-damage|p1a: Groudon|35\/100\n|-unboost|p1a: Groudon|spd|1\n|move|p1a: Groudon|Precipice Blades|p2a: Necrozma|[miss]\n|-miss|p1a: Groudon|p2a: Necrozma\n|\n|-weather|DesolateLand|[upkeep]\n|upkeep\n|turn|2\n|\n|t:|1698749854\n|-weather|none\n|switch|p1a: Necrozma|Necrozma-Dusk-Mane, shiny|100\/100\n|move|p2a: Necrozma|Photon Geyser|p1a: Necrozma\n|-resisted|p1a: Necrozma\n|-damage|p1a: Necrozma|90\/100\n|\n|upkeep\n|turn|3\n|\n|t:|1698749860\n|switch|p2a: Lunala|Lunala, shiny|100\/100\n|move|p1a: Necrozma|Moonlight|p1a: Necrozma\n|-heal|p1a: Necrozma|100\/100\n|\n|upkeep\n|turn|4\n|\n|t:|1698749868\n|switch|p1a: Eternatus|Eternatus|100\/100\n|-ability|p1a: Eternatus|Pressure\n|move|p2a: Lunala|Moongeist Beam|p1a: Eternatus\n|-damage|p1a: Eternatus|69\/100\n|\n|upkeep\n|turn|5\n|\n|t:|1698749872\n|move|p1a: Eternatus|Toxic Spikes|p2a: Lunala\n|-sidestart|p2: Soyeon is a cutie|move: Toxic Spikes\n|move|p2a: Lunala|Psyshock|p1a: Eternatus\n|-supereffective|p1a: Eternatus\n|-damage|p1a: Eternatus|2\/100\n|\n|upkeep\n|turn|6\n|\n|t:|1698749876\n|switch|p1a: Arceus|Arceus-Fairy|100\/100\n|move|p2a: Lunala|Psyshock|p1a: Arceus\n|-crit|p1a: Arceus\n|-damage|p1a: Arceus|67\/100\n|\n|upkeep\n|turn|7\n|\n|t:|1698749884\n|switch|p2a: Arceus|Arceus-Fairy|100\/100\n|-status|p2a: Arceus|psn\n|move|p1a: Arceus|Recover|p1a: Arceus\n|-heal|p1a: Arceus|100\/100\n|\n|-damage|p2a: Arceus|88\/100 psn|[from] psn\n|upkeep\n|turn|8\n|\n|t:|1698749892\n|switch|p1a: Necrozma|Necrozma-Dusk-Mane, shiny|100\/100\n|move|p2a: Arceus|Judgment|p1a: Necrozma\n|-resisted|p1a: Necrozma\n|-damage|p1a: Necrozma|85\/100\n|\n|-damage|p2a: Arceus|76\/100 psn|[from] psn\n|upkeep\n|turn|9\n|\n|t:|1698749895\n|switch|p2a: Lunala|Lunala, shiny|100\/100\n|move|p1a: Necrozma|Sunsteel Strike|p2a: Lunala\n|-damage|p2a: Lunala|75\/100\n|\n|upkeep\n|turn|10\n|\n|t:|1698749907\n|move|p2a: Lunala|Moongeist Beam|p1a: Necrozma\n|-supereffective|p1a: Necrozma\n|-damage|p1a: Necrozma|29\/100\n|move|p1a: Necrozma|Dragon Dance|p1a: Necrozma\n|-boost|p1a: Necrozma|atk|1\n|-boost|p1a: Necrozma|spe|1\n|\n|upkeep\n|turn|11\n|\n|t:|1698749911\n|move|p1a: Necrozma|Moonlight|p1a: Necrozma\n|-heal|p1a: Necrozma|79\/100\n|move|p2a: Lunala|Moongeist Beam|p1a: Necrozma\n|-supereffective|p1a: Necrozma\n|-damage|p1a: Necrozma|27\/100\n|\n|upkeep\n|turn|12\n|\n|t:|1698749916\n|-zpower|p1a: Necrozma\n|move|p1a: Necrozma|Searing Sunraze Smash|p2a: Lunala|[zeffect]\n|-damage|p2a: Lunala|0 fnt\n|faint|p2a: Lunala\n|\n|upkeep\n|\n|t:|1698749922\n|switch|p2a: Ditto|Ditto, shiny|100\/100\n|-status|p2a: Ditto|psn\n|-transform|p2a: Ditto|p1a: Necrozma|[from] ability: Imposter\n|turn|13\n|j| shamatetuanzhang\n|\n|t:|1698749936\n|move|p2a: Ditto|Sunsteel Strike|p1a: Necrozma\n|-resisted|p1a: Necrozma\n|-crit|p1a: Necrozma\n|-damage|p1a: Necrozma|0 fnt\n|faint|p1a: Necrozma\n|\n|-damage|p2a: Ditto|88\/100 psn|[from] psn\n|upkeep\n|inactive|09-10a has 120 seconds left.\n|inactive|09-10a has 90 seconds left.\n|l| LordGrimm2524\n|\n|t:|1698750011\n|switch|p1a: Groudon|Groudon-Primal, L99, shiny|35\/100\n|-weather|DesolateLand|[from] ability: Desolate Land|[of] p1a: Groudon\n|turn|14\n|\n|t:|1698750013\n|move|p2a: Ditto|Sunsteel Strike|p1a: Groudon\n|-resisted|p1a: Groudon\n|-damage|p1a: Groudon|15\/100\n|move|p1a: Groudon|Precipice Blades|p2a: Ditto\n|-supereffective|p2a: Ditto\n|-damage|p2a: Ditto|1\/100 psn\n|\n|-weather|DesolateLand|[upkeep]\n|-damage|p2a: Ditto|0 fnt|[from] psn\n|faint|p2a: Ditto\n|upkeep\n|\n|t:|1698750025\n|switch|p2a: Arceus|Arceus-Fairy|76\/100 psn\n|turn|15\n|\n|t:|1698750029\n|move|p2a: Arceus|Judgment|p1a: Groudon\n|-resisted|p1a: Groudon\n|-damage|p1a: Groudon|0 fnt\n|faint|p1a: Groudon\n|-weather|none\n|\n|-damage|p2a: Arceus|63\/100 psn|[from] psn\n|upkeep\n|inactive|09-10a has 90 seconds left.\n|\n|t:|1698750040\n|switch|p1a: Arceus|Arceus-Fairy|100\/100\n|turn|16\n|\n|t:|1698750043\n|move|p2a: Arceus|Toxic|p1a: Arceus\n|-status|p1a: Arceus|tox\n|move|p1a: Arceus|Judgment|p2a: Arceus\n|-crit|p2a: Arceus\n|-damage|p2a: Arceus|18\/100 psn\n|\n|-damage|p2a: Arceus|6\/100 psn|[from] psn\n|-damage|p1a: Arceus|94\/100 tox|[from] psn\n|upkeep\n|turn|17\n|\n|t:|1698750047\n|move|p2a: Arceus|Recover|p2a: Arceus\n|-heal|p2a: Arceus|56\/100 psn\n|move|p1a: Arceus|Judgment|p2a: Arceus\n|-damage|p2a: Arceus|25\/100 psn\n|\n|-damage|p2a: Arceus|13\/100 psn|[from] psn\n|-damage|p1a: Arceus|82\/100 tox|[from] psn\n|upkeep\n|turn|18\n|\n|t:|1698750050\n|move|p2a: Arceus|Recover|p2a: Arceus\n|-heal|p2a: Arceus|63\/100 psn\n|move|p1a: Arceus|Judgment|p2a: Arceus\n|-damage|p2a: Arceus|31\/100 psn\n|\n|-damage|p2a: Arceus|18\/100 psn|[from] psn\n|-damage|p1a: Arceus|64\/100 tox|[from] psn\n|upkeep\n|turn|19\n|\n|t:|1698750053\n|move|p2a: Arceus|Recover|p2a: Arceus\n|-heal|p2a: Arceus|68\/100 psn\n|move|p1a: Arceus|Judgment|p2a: Arceus\n|-damage|p2a: Arceus|36\/100 psn\n|\n|-damage|p2a: Arceus|24\/100 psn|[from] psn\n|-damage|p1a: Arceus|40\/100 tox|[from] psn\n|upkeep\n|turn|20\n|l| shamatetuanzhang\n|\n|t:|1698750056\n|move|p2a: Arceus|Recover|p2a: Arceus\n|-heal|p2a: Arceus|74\/100 psn\n|move|p1a: Arceus|Recover|p1a: Arceus\n|-heal|p1a: Arceus|90\/100 tox\n|\n|-damage|p2a: Arceus|62\/100 psn|[from] psn\n|-damage|p1a: Arceus|60\/100 tox|[from] psn\n|upkeep\n|turn|21\n|j| shamatetuanzhang\n|\n|t:|1698750061\n|move|p2a: Arceus|Recover|p2a: Arceus\n|-heal|p2a: Arceus|100\/100 psn\n|move|p1a: Arceus|Recover|p1a: Arceus\n|-heal|p1a: Arceus|100\/100 tox\n|\n|-damage|p2a: Arceus|88\/100 psn|[from] psn\n|-damage|p1a: Arceus|64\/100 tox|[from] psn\n|upkeep\n|turn|22\n|\n|t:|1698750065\n|switch|p1a: Eternatus|Eternatus|2\/100\n|-ability|p1a: Eternatus|Pressure\n|move|p2a: Arceus|Judgment|p1a: Eternatus\n|-damage|p1a: Eternatus|0 fnt\n|faint|p1a: Eternatus\n|\n|-damage|p2a: Arceus|76\/100 psn|[from] psn\n|upkeep\n|\n|t:|1698750068\n|switch|p1a: Marshadow|Marshadow|100\/100\n|turn|23\n|\n|t:|1698750076\n|-terastallize|p1a: Marshadow|Ghost\n|move|p2a: Arceus|Judgment|p1a: Marshadow\n|-crit|p1a: Marshadow\n|-damage|p1a: Marshadow|10\/100\n|move|p1a: Marshadow|Poltergeist|p2a: Arceus|[miss]\n|-miss|p1a: Marshadow|p2a: Arceus\n|\n|-damage|p2a: Arceus|63\/100 psn|[from] psn\n|upkeep\n|turn|24\n|-message|09-10a forfeited.\n|\n|win|Soyeon is a cutie\n|raw|09-10a's rating: 1773 &rarr; <strong>1760<\/strong><br \/>(-13 for losing)\n|raw|Soyeon is a cutie's rating: 1896 &rarr; <strong>1909<\/strong><br \/>(+13 for winning)\n|l|\u260609-10a\n|l|\u2606Soyeon is a cutie\n|l| shamatetuanzhang\n","uploadtime":1698750247,"views":10,"p1id":"0910a","p2id":"soyeonisacutie","formatid":"gen9nationaldexubers","rating":1760,"private":0,"password":""}