{"id":"gen9nationaldexubers-1978302436","p1":"BONG_MASSTER_420","p2":"nkflemdd","format":"[Gen 9] National Dex Ubers","log":"|j|\u2606BONG_MASSTER_420\n|j|\u2606nkflemdd\n|t:|1698522779\n|gametype|singles\n|player|p1|BONG_MASSTER_420|musician|1271\n|player|p2|nkflemdd|1|1250\n|teamsize|p1|6\n|teamsize|p2|6\n|gen|9\n|tier|[Gen 9] National Dex Ubers\n|rated|\n|rule|HP Percentage Mod: HP is shown in percentages\n|rule|Endless Battle Clause: Forcing endless battles is banned\n|rule|OHKO Clause: OHKO moves are banned\n|rule|Evasion Moves Clause: Evasion moves are banned\n|rule|Evasion Items Clause: Evasion items are banned\n|rule|Species Clause: Limit one of each Pok\u00e9mon\n|rule|Sleep Clause Mod: Limit one foe put to sleep\n|rule|Mega Rayquaza Clause: You cannot mega evolve Rayquaza\n|clearpoke\n|poke|p1|Groudon|\n|poke|p1|Mewtwo|\n|poke|p1|Darkrai|\n|poke|p1|Smeargle, F|\n|poke|p1|Dialga-Origin|\n|poke|p1|Shaymin-Sky|\n|poke|p2|Arceus|\n|poke|p2|Smeargle, M|\n|poke|p2|Necrozma-Dawn-Wings|\n|poke|p2|Zacian-*|\n|poke|p2|Groudon|\n|poke|p2|Yveltal|\n|teampreview\n|inactive|Battle timer is ON: inactive players will automatically lose when time's up. (requested by BONG_MASSTER_420)\n|\n|t:|1698522792\n|start\n|switch|p1a: Monkey Spank|Smeargle, F, shiny|100\/100\n|switch|p2a: Smeargle|Smeargle, M|100\/100\n|turn|1\n|\n|t:|1698522804\n|move|p1a: Monkey Spank|Baneful Bunker|p1a: Monkey Spank\n|-singleturn|p1a: Monkey Spank|move: Protect\n|move|p2a: Smeargle|Nuzzle|p1a: Monkey Spank\n|-activate|p1a: Monkey Spank|move: Protect\n|-status|p2a: Smeargle|psn\n|\n|-damage|p2a: Smeargle|88\/100 psn|[from] psn\n|upkeep\n|turn|2\n|\n|t:|1698522810\n|move|p2a: Smeargle|Nuzzle|p1a: Monkey Spank\n|-damage|p1a: Monkey Spank|96\/100\n|-status|p1a: Monkey Spank|par\n|move|p1a: Monkey Spank|Taunt|p2a: Smeargle\n|-start|p2a: Smeargle|move: Taunt\n|\n|-damage|p2a: Smeargle|76\/100 psn|[from] psn\n|upkeep\n|turn|3\n|\n|t:|1698522819\n|move|p2a: Smeargle|Nuzzle|p1a: Monkey Spank\n|-damage|p1a: Monkey Spank|92\/100 par\n|cant|p1a: Monkey Spank|par\n|\n|-damage|p2a: Smeargle|63\/100 psn|[from] psn\n|upkeep\n|turn|4\n|\n|t:|1698522821\n|move|p2a: Smeargle|Nuzzle|p1a: Monkey Spank\n|-damage|p1a: Monkey Spank|88\/100 par\n|move|p1a: Monkey Spank|Sticky Web|p2a: Smeargle\n|-sidestart|p2: nkflemdd|move: Sticky Web\n|\n|-damage|p2a: Smeargle|51\/100 psn|[from] psn\n|upkeep\n|turn|5\n|\n|t:|1698522835\n|move|p2a: Smeargle|Rapid Spin|p1a: Monkey Spank\n|-damage|p1a: Monkey Spank|75\/100 par\n|-boost|p2a: Smeargle|spe|1\n|-sideend|p2: nkflemdd|Sticky Web|[from] move: Rapid Spin|[of] p2a: Smeargle\n|move|p1a: Monkey Spank|Taunt||[still]\n|-fail|p1a: Monkey Spank\n|\n|-damage|p2a: Smeargle|38\/100 psn|[from] psn\n|-end|p2a: Smeargle|move: Taunt\n|upkeep\n|turn|6\n|\n|t:|1698522848\n|move|p1a: Monkey Spank|Baneful Bunker|p1a: Monkey Spank\n|-singleturn|p1a: Monkey Spank|move: Protect\n|move|p2a: Smeargle|Taunt|p1a: Monkey Spank\n|-activate|p1a: Monkey Spank|move: Protect\n|\n|-damage|p2a: Smeargle|26\/100 psn|[from] psn\n|upkeep\n|turn|7\n|\n|t:|1698522872\n|switch|p1a: Annoying|Shaymin-Sky, shiny|100\/100\n|move|p2a: Smeargle|Sticky Web|p1a: Annoying\n|-sidestart|p1: BONG_MASSTER_420|move: Sticky Web\n|\n|-damage|p2a: Smeargle|14\/100 psn|[from] psn\n|upkeep\n|turn|8\n|\n|t:|1698522878\n|move|p2a: Smeargle|Nuzzle|p1a: Annoying\n|-damage|p1a: Annoying|99\/100\n|-status|p1a: Annoying|par\n|move|p1a: Annoying|Substitute|p1a: Annoying\n|-start|p1a: Annoying|Substitute\n|-damage|p1a: Annoying|74\/100 par\n|\n|-heal|p1a: Annoying|80\/100 par|[from] item: Leftovers\n|-damage|p2a: Smeargle|1\/100 psn|[from] psn\n|upkeep\n|turn|9\n|\n|t:|1698522885\n|move|p1a: Annoying|Protect|p1a: Annoying\n|-singleturn|p1a: Annoying|Protect\n|move|p2a: Smeargle|Taunt|p1a: Annoying\n|-activate|p1a: Annoying|move: Protect\n|\n|-heal|p1a: Annoying|86\/100 par|[from] item: Leftovers\n|-damage|p2a: Smeargle|0 fnt|[from] psn\n|faint|p2a: Smeargle\n|upkeep\n|\n|t:|1698522889\n|switch|p2a: Yveltal|Yveltal|100\/100\n|-ability|p2a: Yveltal|Dark Aura\n|turn|10\n|\n|t:|1698522893\n|move|p2a: Yveltal|Oblivion Wing|p1a: Annoying\n|-supereffective|p1a: Annoying\n|-end|p1a: Annoying|Substitute\n|-damage|p2a: Yveltal|91\/100|[from] item: Life Orb\n|cant|p1a: Annoying|par\n|\n|-heal|p1a: Annoying|92\/100 par|[from] item: Leftovers\n|upkeep\n|turn|11\n|\n|t:|1698522903\n|move|p1a: Annoying|Protect|p1a: Annoying\n|-singleturn|p1a: Annoying|Protect\n|move|p2a: Yveltal|Oblivion Wing|p1a: Annoying\n|-activate|p1a: Annoying|move: Protect\n|\n|-heal|p1a: Annoying|99\/100 par|[from] item: Leftovers\n|upkeep\n|turn|12\n|\n|t:|1698522906\n|move|p2a: Yveltal|Oblivion Wing|p1a: Annoying\n|-supereffective|p1a: Annoying\n|-damage|p1a: Annoying|0 fnt\n|-heal|p2a: Yveltal|100\/100|[from] drain|[of] p1a: Annoying\n|faint|p1a: Annoying\n|-damage|p2a: Yveltal|91\/100|[from] item: Life Orb\n|\n|upkeep\n|\n|t:|1698522913\n|switch|p1a: Monkey Spank|Smeargle, F, shiny|75\/100 par\n|-activate|p1a: Monkey Spank|move: Sticky Web\n|-unboost|p1a: Monkey Spank|spe|1\n|turn|13\n|\n|t:|1698522919\n|move|p2a: Yveltal|Dark Pulse|p1a: Monkey Spank\n|-damage|p1a: Monkey Spank|0 fnt\n|faint|p1a: Monkey Spank\n|-damage|p2a: Yveltal|81\/100|[from] item: Life Orb\n|\n|upkeep\n|c|\u2606BONG_MASSTER_420|U suk mothers\n|n|\u2606nkflemdd|nkflemdd\n|inactive|BONG_MASSTER_420 has 120 seconds left.\n|c|\u2606nkflemdd|You did too i assume\n|c|\u2606nkflemdd|When you were a baby\n|c|\u2606nkflemdd|Lol\n|c|\u2606nkflemdd|We all sucked our mothers\n|inactive|BONG_MASSTER_420 has 90 seconds left.\n|inactive|BONG_MASSTER_420 has 60 seconds left.\n|inactive|BONG_MASSTER_420 has 30 seconds left.\n|inactive|BONG_MASSTER_420 has 20 seconds left.\n|inactive|BONG_MASSTER_420 has 15 seconds left.\n|inactive|BONG_MASSTER_420 has 10 seconds left.\n|inactive|BONG_MASSTER_420 has 5 seconds left.\n|-message|BONG_MASSTER_420 lost due to inactivity.\n|\n|win|nkflemdd\n|raw|BONG_MASSTER_420's rating: 1271 &rarr; <strong>1244<\/strong><br \/>(-27 for losing)\n|raw|nkflemdd's rating: 1250 &rarr; <strong>1277<\/strong><br \/>(+27 for winning)\n","uploadtime":1698522925,"views":9,"p1id":"bongmasster420","p2id":"nkflemdd","formatid":"gen9nationaldexubers","rating":1244,"private":0,"password":""}