{"id":"smogtours-gen9nationaldexubers-726863","p1":"Kate","p2":"Skimmythegod","format":"[Gen 9] National Dex Ubers","log":"|inactive|Battle timer is ON: inactive players will automatically lose when time's up.\n|t:|1698467231\n|gametype|singles\n|player|p1|Kate|#kate|\n|player|p2|Skimmythegod|#uplximelmetal|\n|teamsize|p1|6\n|teamsize|p2|6\n|gen|9\n|tier|[Gen 9] National Dex Ubers\n|rule|HP Percentage Mod: HP is shown in percentages\n|rule|Endless Battle Clause: Forcing endless battles is banned\n|rule|OHKO Clause: OHKO moves are banned\n|rule|Evasion Moves Clause: Evasion moves are banned\n|rule|Evasion Items Clause: Evasion items are banned\n|rule|Species Clause: Limit one of each Pok\u00e9mon\n|rule|Sleep Clause Mod: Limit one foe put to sleep\n|rule|Mega Rayquaza Clause: You cannot mega evolve Rayquaza\n|clearpoke\n|poke|p1|Yveltal|\n|poke|p1|Groudon|\n|poke|p1|Necrozma-Dusk-Mane|\n|poke|p1|Arceus-Fairy|\n|poke|p1|Salamence, F|\n|poke|p1|Chien-Pao|\n|poke|p2|Deoxys-Speed|\n|poke|p2|Groudon|\n|poke|p2|Zacian-*|\n|poke|p2|Necrozma-Dusk-Mane|\n|poke|p2|Xerneas-*|\n|poke|p2|Yveltal|\n|teampreview\n|inactive|Skimmythegod also wants the timer to be on.\n|c|\u2606Kate|Hf\n|c|\u2606Skimmythegod|hf\n|inactive|Kate has 270 seconds left.\n|inactive|Skimmythegod has 270 seconds left.\n|inactive|Kate disconnected and has 300 seconds to reconnect!\n|player|p1|\n|inactive|Kate reconnected and has 270 seconds left.\n|player|p1|Kate|#kate\n|inactive|Skimmythegod has 240 seconds left.\n|inactive|Skimmythegod has 210 seconds left.\n|\n|t:|1698467323\n|start\n|switch|p1a: Chien-Pao|Chien-Pao|100\/100\n|switch|p2a: Deoxys|Deoxys-Speed|100\/100\n|-ability|p2a: Deoxys|Pressure\n|-ability|p1a: Chien-Pao|Sword of Ruin\n|turn|1\n|\n|t:|1698467327\n|move|p2a: Deoxys|Stealth Rock|p1a: Chien-Pao\n|-sidestart|p1: Kate|move: Stealth Rock\n|move|p1a: Chien-Pao|Crunch|p2a: Deoxys\n|-supereffective|p2a: Deoxys\n|-enditem|p2a: Deoxys|Focus Sash\n|-damage|p2a: Deoxys|1\/100\n|\n|upkeep\n|turn|2\n|\n|t:|1698467333\n|move|p1a: Chien-Pao|Ice Shard|p2a: Deoxys\n|-damage|p2a: Deoxys|0 fnt\n|faint|p2a: Deoxys\n|\n|upkeep\n|c|+Coalette|cheempow\n|inactive|Skimmythegod has 270 seconds left.\n|inactive|Skimmythegod has 240 seconds left.\n|\n|t:|1698467385\n|switch|p2a: Xerneas|Xerneas|100\/100\n|-ability|p2a: Xerneas|Fairy Aura\n|turn|3\n|\n|t:|1698467393\n|move|p1a: Chien-Pao|Icicle Crash|p2a: Xerneas|[miss]\n|-miss|p1a: Chien-Pao|p2a: Xerneas\n|move|p2a: Xerneas|Geomancy||[still]\n|-prepare|p2a: Xerneas|Geomancy\n|-enditem|p2a: Xerneas|Power Herb\n|-anim|p2a: Xerneas|Geomancy|p2a: Xerneas\n|-boost|p2a: Xerneas|spa|2\n|-boost|p2a: Xerneas|spd|2\n|-boost|p2a: Xerneas|spe|2\n|\n|upkeep\n|turn|4\n|\n|t:|1698467408\n|move|p1a: Chien-Pao|Ice Shard|p2a: Xerneas\n|-damage|p2a: Xerneas|80\/100\n|move|p2a: Xerneas|Moonblast|p1a: Chien-Pao\n|-supereffective|p1a: Chien-Pao\n|-damage|p1a: Chien-Pao|0 fnt\n|faint|p1a: Chien-Pao\n|\n|upkeep\n|\n|t:|1698467411\n|switch|p1a: Groudon|Groudon|100\/100\n|-damage|p1a: Groudon|94\/100|[from] Stealth Rock\n|detailschange|p1a: Groudon|Groudon-Primal\n|-primal|p1a: Groudon|Red Orb\n|-weather|DesolateLand|[from] ability: Desolate Land|[of] p1a: Groudon\n|turn|5\n|\n|t:|1698467415\n|move|p2a: Xerneas|Moonblast|p1a: Groudon\n|-resisted|p1a: Groudon\n|-damage|p1a: Groudon|44\/100\n|-unboost|p1a: Groudon|spa|1\n|move|p1a: Groudon|Roar|p2a: Xerneas\n|drag|p2a: Necrozma|Necrozma-Dusk-Mane|100\/100\n|\n|-weather|DesolateLand|[upkeep]\n|upkeep\n|turn|6\n|inactive|Skimmythegod has 270 seconds left.\n|\n|t:|1698467442\n|move|p2a: Necrozma|Earthquake|p1a: Groudon\n|-supereffective|p1a: Groudon\n|-damage|p1a: Groudon|0 fnt\n|faint|p1a: Groudon\n|-weather|none\n|\n|upkeep\n|\n|t:|1698467447\n|switch|p1a: Yveltal|Yveltal|100\/100\n|-ability|p1a: Yveltal|Dark Aura\n|turn|7\n|\n|t:|1698467453\n|switch|p2a: Xerneas|Xerneas|80\/100\n|-ability|p2a: Xerneas|Fairy Aura\n|move|p1a: Yveltal|Foul Play|p2a: Xerneas\n|-resisted|p2a: Xerneas\n|-damage|p2a: Xerneas|64\/100\n|\n|upkeep\n|turn|8\n|\n|t:|1698467457\n|switch|p1a: Necrozma|Necrozma-Dusk-Mane|100\/100\n|-damage|p1a: Necrozma|94\/100|[from] Stealth Rock\n|move|p2a: Xerneas|Thunder|p1a: Necrozma|[miss]\n|-miss|p2a: Xerneas|p1a: Necrozma\n|\n|upkeep\n|turn|9\n|\n|t:|1698467466\n|switch|p2a: Yveltal|Yveltal|100\/100\n|-ability|p2a: Yveltal|Dark Aura\n|move|p1a: Necrozma|Sunsteel Strike|p2a: Yveltal\n|-damage|p2a: Yveltal|53\/100\n|\n|upkeep\n|turn|10\n|\n|t:|1698467472\n|switch|p1a: Arceus|Arceus-Fairy|100\/100\n|-damage|p1a: Arceus|88\/100|[from] Stealth Rock\n|move|p2a: Yveltal|Oblivion Wing|p1a: Arceus\n|-damage|p1a: Arceus|50\/100\n|-heal|p2a: Yveltal|85\/100|[from] drain|[of] p1a: Arceus\n|-damage|p2a: Yveltal|75\/100|[from] item: Life Orb\n|\n|upkeep\n|turn|11\n|\n|t:|1698467486\n|switch|p2a: Groudon|Groudon|100\/100\n|detailschange|p2a: Groudon|Groudon-Primal\n|-primal|p2a: Groudon|Red Orb\n|-weather|DesolateLand|[from] ability: Desolate Land|[of] p2a: Groudon\n|move|p1a: Arceus|Recover|p1a: Arceus\n|-heal|p1a: Arceus|99\/100\n|\n|-weather|DesolateLand|[upkeep]\n|upkeep\n|turn|12\n|\n|t:|1698467492\n|move|p1a: Arceus|Taunt|p2a: Groudon\n|-start|p2a: Groudon|move: Taunt\n|move|p2a: Groudon|Stone Edge|p1a: Arceus\n|-damage|p1a: Arceus|70\/100\n|\n|-weather|DesolateLand|[upkeep]\n|upkeep\n|turn|13\n|\n|t:|1698467498\n|switch|p1a: Salamence|Salamence, F|100\/100\n|-damage|p1a: Salamence|76\/100|[from] Stealth Rock\n|-ability|p1a: Salamence|Intimidate|boost\n|-unboost|p2a: Groudon|atk|1\n|move|p2a: Groudon|Precipice Blades|p1a: Salamence\n|-immune|p1a: Salamence\n|\n|-weather|DesolateLand|[upkeep]\n|upkeep\n|turn|14\n|\n|t:|1698467504\n|-weather|none\n|switch|p2a: Necrozma|Necrozma-Dusk-Mane|100\/100\n|detailschange|p1a: Salamence|Salamence-Mega, F\n|-mega|p1a: Salamence|Salamence|Salamencite\n|move|p1a: Salamence|Earthquake|p2a: Necrozma\n|-supereffective|p2a: Necrozma\n|-damage|p2a: Necrozma|50\/100\n|\n|upkeep\n|turn|15\n|\n|t:|1698467511\n|detailschange|p2a: Necrozma|Necrozma-Ultra\n|-burst|p2a: Necrozma|Necrozma|Ultranecrozium Z\n|move|p2a: Necrozma|Photon Geyser|p1a: Salamence\n|-damage|p1a: Salamence|17\/100\n|move|p1a: Salamence|Earthquake|p2a: Necrozma\n|-damage|p2a: Necrozma|6\/100\n|\n|upkeep\n|turn|16\n|\n|t:|1698467525\n|switch|p1a: Yveltal|Yveltal|100\/100\n|-ability|p1a: Yveltal|Dark Aura\n|move|p2a: Necrozma|Photon Geyser|p1a: Yveltal\n|-immune|p1a: Yveltal\n|\n|upkeep\n|turn|17\n|\n|t:|1698467528\n|move|p2a: Necrozma|Stone Edge|p1a: Yveltal\n|-supereffective|p1a: Yveltal\n|-crit|p1a: Yveltal\n|-damage|p1a: Yveltal|0 fnt\n|faint|p1a: Yveltal\n|\n|upkeep\n|c|\u2606Kate|Ok\n|c|+spellcaster|good\n|\n|t:|1698467536\n|switch|p1a: Necrozma|Necrozma-Dusk-Mane|94\/100\n|-damage|p1a: Necrozma|88\/100|[from] Stealth Rock\n|turn|18\n|c|+3d|stfu \n|\n|t:|1698467555\n|move|p2a: Necrozma|Dragon Dance|p2a: Necrozma\n|-boost|p2a: Necrozma|atk|1\n|-boost|p2a: Necrozma|spe|1\n|move|p1a: Necrozma|Sunsteel Strike|p2a: Necrozma\n|-damage|p2a: Necrozma|0 fnt\n|faint|p2a: Necrozma\n|\n|upkeep\n|\n|t:|1698467560\n|switch|p2a: Yveltal|Yveltal|75\/100\n|-ability|p2a: Yveltal|Dark Aura\n|turn|19\n|\n|t:|1698467563\n|switch|p1a: Salamence|Salamence-Mega, F|17\/100\n|-damage|p1a: Salamence|0 fnt|[from] Stealth Rock\n|faint|p1a: Salamence\n|move|p2a: Yveltal|Dark Pulse|p1: Salamence|[notarget]\n|-fail|p2a: Yveltal\n|\n|upkeep\n|\n|t:|1698467566\n|switch|p1a: Arceus|Arceus-Fairy|70\/100\n|-damage|p1a: Arceus|57\/100|[from] Stealth Rock\n|turn|20\n|\n|t:|1698467569\n|switch|p2a: Zacian|Zacian-Crowned|100\/100\n|-ability|p2a: Zacian|Intrepid Sword|boost\n|-boost|p2a: Zacian|atk|1\n|move|p1a: Arceus|Recover|p1a: Arceus\n|-heal|p1a: Arceus|100\/100\n|\n|upkeep\n|turn|21\n|\n|t:|1698467578\n|-terastallize|p1a: Arceus|Water\n|move|p2a: Zacian|Swords Dance|p2a: Zacian\n|-boost|p2a: Zacian|atk|2\n|move|p1a: Arceus|Will-O-Wisp|p2a: Zacian|[miss]\n|-miss|p1a: Arceus|p2a: Zacian\n|\n|upkeep\n|turn|22\n|\n|t:|1698467584\n|-terastallize|p2a: Zacian|Fighting\n|move|p2a: Zacian|Close Combat|p1a: Arceus\n|-damage|p1a: Arceus|0 fnt\n|-unboost|p2a: Zacian|def|1\n|-unboost|p2a: Zacian|spd|1\n|faint|p1a: Arceus\n|\n|upkeep\n|c|+Coalette|lol\n|c|\u2606Kate|Ok\n|-message|Kate forfeited.\n|\n|win|Skimmythegod\n|c|+spellcaster|gg\n|c|+Coalette|he sure did win a game of pokemon\n","uploadtime":1698467593,"views":159,"p1id":"kate","p2id":"skimmythegod","formatid":"gen9nationaldexubers","rating":0,"private":0,"password":""}