{"id":"smogtours-gen9nationaldexubers-730865","p1":"Kuhrrohsion","p2":"Lechen","format":"[Gen 9] National Dex Ubers","log":"|inactive|Battle timer is ON: inactive players will automatically lose when time's up.\n|t:|1700177451\n|gametype|singles\n|player|p1|Kuhrrohsion|hapu|\n|player|p2|Lechen|red-masters|\n|teamsize|p1|6\n|teamsize|p2|6\n|gen|9\n|tier|[Gen 9] National Dex Ubers\n|rule|HP Percentage Mod: HP is shown in percentages\n|rule|Endless Battle Clause: Forcing endless battles is banned\n|rule|OHKO Clause: OHKO moves are banned\n|rule|Evasion Moves Clause: Evasion moves are banned\n|rule|Evasion Items Clause: Evasion items are banned\n|rule|Species Clause: Limit one of each Pok\u00e9mon\n|rule|Sleep Clause Mod: Limit one foe put to sleep\n|rule|Mega Rayquaza Clause: You cannot mega evolve Rayquaza\n|clearpoke\n|poke|p1|Scizor, F|\n|poke|p1|Zoroark-Hisui, M|\n|poke|p1|Hoopa-Unbound|\n|poke|p1|Decidueye-Hisui, F|\n|poke|p1|Mandibuzz, F|\n|poke|p1|Carbink|\n|poke|p2|Ceruledge, M|\n|poke|p2|Whimsicott, F|\n|poke|p2|Ambipom, M|\n|poke|p2|Lycanroc-Dusk, F|\n|poke|p2|Great Tusk|\n|poke|p2|Chesnaught, M|\n|teampreview\n|inactive|Kuhrrohsion also wants the timer to be on.\n|inactive|Kuhrrohsion has 270 seconds left.\n|inactive|Lechen has 270 seconds left.\n|\n|t:|1700177505\n|start\n|switch|p1a: Scizor|Scizor, F|100\/100\n|switch|p2a: Sylvain|Ambipom, M|100\/100\n|turn|1\n|\n|t:|1700177534\n|switch|p1a: Carbink|Carbink|100\/100\n|move|p2a: Sylvain|U-turn|p1a: Carbink\n|-resisted|p1a: Carbink\n|-damage|p1a: Carbink|91\/100\n|inactive|Lechen has 270 seconds left.\n|\n|t:|1700177575\n|switch|p2a: Dimitri|Great Tusk|100\/100|[from] U-turn\n|\n|upkeep\n|turn|2\n|\n|t:|1700177596\n|move|p2a: Dimitri|Headlong Rush|p1a: Carbink\n|-supereffective|p1a: Carbink\n|-crit|p1a: Carbink\n|-damage|p1a: Carbink|0 fnt\n|-unboost|p2a: Dimitri|def|1\n|-unboost|p2a: Dimitri|spd|1\n|faint|p1a: Carbink\n|\n|upkeep\n|c|\u2606Kuhrrohsion|boowomp\n|inactive|Kuhrrohsion has 270 seconds left.\n|c|\u2606Kuhrrohsion|that crit mattered\n|\n|t:|1700177611\n|switch|p1a: Hoopa|Hoopa-Unbound|100\/100\n|turn|3\n|inactive|Kuhrrohsion has 270 seconds left.\n|inactive|Lechen has 240 seconds left.\n|\n|t:|1700177648\n|move|p2a: Dimitri|Headlong Rush|p1a: Hoopa\n|-damage|p1a: Hoopa|0 fnt\n|-unboost|p2a: Dimitri|def|1\n|-unboost|p2a: Dimitri|spd|1\n|replace|p1a: Zoroark|Zoroark-Hisui, M\n|-end|p1a: Zoroark|Illusion\n|faint|p1a: Zoroark\n|\n|upkeep\n|\n|t:|1700177653\n|switch|p1a: Mandibuzz|Mandibuzz, F|100\/100\n|turn|4\n|inactive|Lechen has 240 seconds left.\n|\n|t:|1700177664\n|-end|p2a: Dimitri|Protosynthesis|[silent]\n|switch|p2a: Sylvain|Ambipom, M|100\/100\n|move|p1a: Mandibuzz|Tailwind|p1a: Mandibuzz\n|-sidestart|p1: Kuhrrohsion|move: Tailwind\n|\n|upkeep\n|turn|5\n|inactive|Lechen has 240 seconds left.\n|\n|t:|1700177671\n|switch|p1a: Decidueye|Decidueye-Hisui, F|100\/100\n|move|p2a: Sylvain|Tail Slap|p1a: Decidueye\n|-damage|p1a: Decidueye|68\/100\n|-damage|p1a: Decidueye|37\/100\n|-damage|p1a: Decidueye|3\/100\n|-hitcount|p1a: Decidueye|3\n|\n|upkeep\n|turn|6\n|inactive|Lechen has 240 seconds left.\n|\n|t:|1700177684\n|switch|p2a: Felix|Ceruledge, M|100\/100\n|move|p1a: Decidueye|Close Combat|p2a: Felix\n|-immune|p2a: Felix\n|\n|upkeep\n|turn|7\n|\n|t:|1700177691\n|switch|p1a: Mandibuzz|Mandibuzz, F|100\/100\n|move|p2a: Felix|Swords Dance|p2a: Felix\n|-boost|p2a: Felix|atk|2\n|\n|-sideend|p1: Kuhrrohsion|move: Tailwind\n|upkeep\n|turn|8\n|\n|t:|1700177697\n|move|p2a: Felix|Bitter Blade|p1a: Mandibuzz\n|-damage|p1a: Mandibuzz|47\/100\n|move|p1a: Mandibuzz|Foul Play|p2a: Felix\n|-supereffective|p2a: Felix\n|-enditem|p2a: Felix|Focus Sash\n|-damage|p2a: Felix|1\/100\n|-ability|p2a: Felix|Weak Armor|boost\n|-unboost|p2a: Felix|def|1\n|-boost|p2a: Felix|spe|2\n|\n|upkeep\n|turn|9\n|\n|t:|1700177708\n|switch|p1a: Decidueye|Decidueye-Hisui, F|3\/100\n|move|p2a: Felix|Bitter Blade|p1a: Decidueye\n|-supereffective|p1a: Decidueye\n|-damage|p1a: Decidueye|0 fnt\n|-heal|p2a: Felix|3\/100|[from] drain|[of] p1a: Decidueye\n|faint|p1a: Decidueye\n|\n|upkeep\n|\n|t:|1700177710\n|switch|p1a: Scizor|Scizor, F|100\/100\n|turn|10\n|inactive|Lechen has 270 seconds left.\n|\n|t:|1700177715\n|detailschange|p1a: Scizor|Scizor-Mega, F\n|-mega|p1a: Scizor|Scizor|Scizorite\n|move|p1a: Scizor|Bullet Punch|p2a: Felix\n|-resisted|p2a: Felix\n|-damage|p2a: Felix|0 fnt\n|faint|p2a: Felix\n|\n|upkeep\n|inactive|Lechen has 270 seconds left.\n|\n|t:|1700177724\n|switch|p2a: Ingrid|Lycanroc-Dusk, F|100\/100\n|turn|11\n|\n|t:|1700177741\n|move|p2a: Ingrid|Fire Fang|p1a: Scizor\n|-supereffective|p1a: Scizor\n|-damage|p1a: Scizor|20\/100\n|-status|p1a: Scizor|brn\n|move|p1a: Scizor|Roost|p1a: Scizor\n|-heal|p1a: Scizor|70\/100 brn\n|-singleturn|p1a: Scizor|move: Roost\n|\n|-damage|p1a: Scizor|64\/100 brn|[from] brn\n|upkeep\n|turn|12\n|c|\u2606Lechen|i was sash\n|\n|t:|1700177761\n|move|p1a: Scizor|Bullet Punch|p2a: Ingrid\n|-supereffective|p2a: Ingrid\n|-damage|p2a: Ingrid|55\/100\n|move|p2a: Ingrid|Fire Fang|p1a: Scizor\n|-supereffective|p1a: Scizor\n|-damage|p1a: Scizor|0 fnt\n|faint|p1a: Scizor\n|\n|upkeep\n|\n|t:|1700177768\n|switch|p1a: Mandibuzz|Mandibuzz, F|47\/100\n|turn|13\n|\n|t:|1700177775\n|-terastallize|p2a: Ingrid|Fighting\n|move|p2a: Ingrid|Close Combat|p1a: Mandibuzz\n|-damage|p1a: Mandibuzz|3\/100\n|-unboost|p2a: Ingrid|def|1\n|-unboost|p2a: Ingrid|spd|1\n|move|p1a: Mandibuzz|Tailwind|p1a: Mandibuzz\n|-sidestart|p1: Kuhrrohsion|move: Tailwind\n|\n|upkeep\n|turn|14\n|\n|t:|1700177780\n|move|p2a: Ingrid|Accelerock|p1a: Mandibuzz\n|-supereffective|p1a: Mandibuzz\n|-damage|p1a: Mandibuzz|0 fnt\n|faint|p1a: Mandibuzz\n|\n|upkeep\n|\n|t:|1700177783\n|switch|p1a: Hoopa|Hoopa-Unbound|100\/100\n|turn|15\n|\n|t:|1700177792\n|move|p2a: Ingrid|Accelerock|p1a: Hoopa\n|-damage|p1a: Hoopa|54\/100\n|move|p1a: Hoopa|Zen Headbutt|p2a: Ingrid\n|-supereffective|p2a: Ingrid\n|-damage|p2a: Ingrid|0 fnt\n|faint|p2a: Ingrid\n|\n|upkeep\n|\n|t:|1700177796\n|switch|p2a: Dedue|Chesnaught, M|100\/100\n|turn|16\n|\n|t:|1700177800\n|move|p1a: Hoopa|Zen Headbutt|p2a: Dedue\n|-supereffective|p2a: Dedue\n|-damage|p2a: Dedue|0 fnt\n|faint|p2a: Dedue\n|\n|-sideend|p1: Kuhrrohsion|move: Tailwind\n|upkeep\n|\n|t:|1700177803\n|switch|p2a: Dimitri|Great Tusk|100\/100\n|turn|17\n|c|\u2606Lechen|gg\n|c|\u2606Kuhrrohsion|gg\n|c|\u2606Lechen|sry for crit\n|c|\u2606Kuhrrohsion|happens\n|\n|t:|1700177824\n|move|p2a: Dimitri|Headlong Rush|p1a: Hoopa\n|-damage|p1a: Hoopa|0 fnt\n|-unboost|p2a: Dimitri|def|1\n|-unboost|p2a: Dimitri|spd|1\n|faint|p1a: Hoopa\n|\n|win|Lechen\n|player|p1|Kuhrrohsion|hapu\n","uploadtime":1700177825,"views":58,"p1id":"kuhrrohsion","p2id":"lechen","formatid":"gen9nationaldexubers","rating":0,"private":0,"password":""}