{"id":"smogtours-gen9nationaldexubers-727289","p1":"baconeatinassassin","p2":"pichus \u2764","format":"[Gen 9] National Dex Ubers","log":"|inactive|Battle timer is ON: inactive players will automatically lose when time's up.\n|t:|1698577726\n|gametype|singles\n|player|p1|baconeatinassassin|#omplxisolgaleos|\n|player|p2|pichus \u2764|#omplxisolgaleos|\n|teamsize|p1|6\n|teamsize|p2|6\n|gen|9\n|tier|[Gen 9] National Dex Ubers\n|rule|HP Percentage Mod: HP is shown in percentages\n|rule|Endless Battle Clause: Forcing endless battles is banned\n|rule|OHKO Clause: OHKO moves are banned\n|rule|Evasion Moves Clause: Evasion moves are banned\n|rule|Evasion Items Clause: Evasion items are banned\n|rule|Species Clause: Limit one of each Pok\u00e9mon\n|rule|Sleep Clause Mod: Limit one foe put to sleep\n|rule|Mega Rayquaza Clause: You cannot mega evolve Rayquaza\n|clearpoke\n|poke|p1|Eternatus|\n|poke|p1|Zygarde|\n|poke|p1|Arceus-Ground|\n|poke|p1|Yveltal|\n|poke|p1|Groudon|\n|poke|p1|Ho-Oh|\n|poke|p2|Calyrex-Ice|\n|poke|p2|Groudon|\n|poke|p2|Arceus-Ground|\n|poke|p2|Yveltal|\n|poke|p2|Zacian-*|\n|poke|p2|Necrozma-Dusk-Mane|\n|teampreview\n|inactive|pichus \u2764 also wants the timer to be on.\n|c|\u2606baconeatinassassin|hf\n|c|\u2606pichus \u2764|yeah so im seeing\n|c|\u2606pichus \u2764|your team\n|c|\u2606pichus \u2764|on my side\n|c|\u2606pichus \u2764|.\n|c|\u2606baconeatinassassin|.\n|c|\u2606pichus \u2764|is it like that for u\n|c|\u2606pichus \u2764|too\n|c|\u2606baconeatinassassin|no\n|inactive|baconeatinassassin has 270 seconds left.\n|inactive|pichus \u2764 has 270 seconds left.\n|c|+Inder|so good pichus \n|c|\u2606baconeatinassassin|can you make a move\n|c|+Inder|playing with 2 teams \n|c|\u2606pichus \u2764|hey let me think man\n|c|+Inder|at the same time\n|inactive|baconeatinassassin has 240 seconds left.\n|inactive|pichus \u2764 has 240 seconds left.\n|inactive|baconeatinassassin has 210 seconds left.\n|inactive|pichus \u2764 has 210 seconds left.\n|inactive|pichus \u2764 has 180 seconds left.\n|\n|t:|1698577847\n|start\n|switch|p1a: Yveltal|Yveltal|100\/100\n|switch|p2a: Necrozma|Necrozma-Dusk-Mane|100\/100\n|-ability|p1a: Yveltal|Dark Aura\n|turn|1\n|inactive|pichus \u2764 has 240 seconds left.\n|inactive|baconeatinassassin has 240 seconds left.\n|\n|t:|1698577866\n|switch|p2a: Yveltal|Yveltal|100\/100\n|-ability|p2a: Yveltal|Dark Aura\n|move|p1a: Yveltal|Foul Play|p2a: Yveltal\n|-resisted|p2a: Yveltal\n|-damage|p2a: Yveltal|82\/100\n|\n|upkeep\n|turn|2\n|inactive|pichus \u2764 has 240 seconds left.\n|inactive|baconeatinassassin has 240 seconds left.\n|\n|t:|1698577895\n|switch|p1a: Eternatus|Eternatus|100\/100\n|-ability|p1a: Eternatus|Pressure\n|move|p2a: Yveltal|Taunt|p1a: Eternatus\n|-start|p1a: Eternatus|move: Taunt\n|\n|upkeep\n|turn|3\n|inactive|pichus \u2764 has 240 seconds left.\n|inactive|baconeatinassassin has 210 seconds left.\n|inactive|pichus \u2764 has 210 seconds left.\n|\n|t:|1698577946\n|switch|p2a: Zacian|Zacian-Crowned|100\/100\n|-ability|p2a: Zacian|Intrepid Sword|boost\n|-boost|p2a: Zacian|atk|1\n|move|p1a: Eternatus|Dynamax Cannon|p2a: Zacian\n|-immune|p2a: Zacian\n|\n|upkeep\n|turn|4\n|inactive|pichus \u2764 has 210 seconds left.\n|\n|t:|1698577989\n|move|p2a: Zacian|Behemoth Blade|p1a: Eternatus\n|-damage|p1a: Eternatus|33\/100\n|move|p1a: Eternatus|Fire Blast|p2a: Zacian\n|-supereffective|p2a: Zacian\n|-damage|p2a: Zacian|4\/100\n|-damage|p1a: Eternatus|23\/100|[from] item: Life Orb\n|\n|-end|p1a: Eternatus|move: Taunt\n|upkeep\n|turn|5\n|inactive|pichus \u2764 has 180 seconds left.\n|inactive|baconeatinassassin has 180 seconds left.\n|\n|t:|1698578037\n|switch|p1a: Ho-Oh|Ho-Oh|100\/100\n|move|p2a: Zacian|Behemoth Blade|p1a: Ho-Oh\n|-resisted|p1a: Ho-Oh\n|-damage|p1a: Ho-Oh|67\/100\n|\n|upkeep\n|turn|6\n|\n|t:|1698578062\n|switch|p1a: Groudon|Groudon|100\/100\n|detailschange|p1a: Groudon|Groudon-Primal\n|-primal|p1a: Groudon|Red Orb\n|-weather|DesolateLand|[from] ability: Desolate Land|[of] p1a: Groudon\n|move|p2a: Zacian|Close Combat|p1a: Groudon\n|-damage|p1a: Groudon|60\/100\n|-unboost|p2a: Zacian|def|1\n|-unboost|p2a: Zacian|spd|1\n|\n|-weather|DesolateLand|[upkeep]\n|upkeep\n|turn|7\n|inactive|baconeatinassassin has 180 seconds left.\n|inactive|pichus \u2764 has 150 seconds left.\n|\n|t:|1698578094\n|move|p2a: Zacian|Close Combat|p1a: Groudon\n|-damage|p1a: Groudon|18\/100\n|-unboost|p2a: Zacian|def|1\n|-unboost|p2a: Zacian|spd|1\n|move|p1a: Groudon|Precipice Blades|p2a: Zacian|[miss]\n|-miss|p1a: Groudon|p2a: Zacian\n|\n|-weather|DesolateLand|[upkeep]\n|upkeep\n|turn|8\n|c|\u2606pichus \u2764|sorry\n|inactive|baconeatinassassin has 150 seconds left.\n|\n|t:|1698578126\n|-weather|none\n|switch|p1a: Ho-Oh|Ho-Oh|99\/100\n|move|p2a: Zacian|Behemoth Blade|p1a: Ho-Oh\n|-resisted|p1a: Ho-Oh\n|-damage|p1a: Ho-Oh|65\/100\n|\n|upkeep\n|turn|9\n|inactive|baconeatinassassin has 150 seconds left.\n|\n|t:|1698578141\n|switch|p1a: Zygarde|Zygarde|100\/100\n|move|p2a: Zacian|Behemoth Blade|p1a: Zygarde\n|-damage|p1a: Zygarde|54\/100\n|\n|-heal|p1a: Zygarde|60\/100|[from] item: Leftovers\n|upkeep\n|turn|10\n|inactive|baconeatinassassin has 150 seconds left.\n|inactive|pichus \u2764 has 120 seconds left.\n|inactive|pichus \u2764 has 90 seconds left.\n|\n|t:|1698578211\n|move|p2a: Zacian|Wild Charge|p1a: Zygarde\n|-immune|p1a: Zygarde\n|move|p1a: Zygarde|Glare|p2a: Zacian\n|-status|p2a: Zacian|par\n|\n|-heal|p1a: Zygarde|67\/100|[from] item: Leftovers\n|upkeep\n|turn|11\n|inactive|pichus \u2764 has 90 seconds left.\n|\n|t:|1698578223\n|switch|p2a: Yveltal|Yveltal|82\/100\n|-ability|p2a: Yveltal|Dark Aura\n|move|p1a: Zygarde|Thousand Arrows|p2a: Yveltal\n|-damage|p2a: Yveltal|57\/100\n|-start|p2a: Yveltal|Smack Down\n|\n|-heal|p1a: Zygarde|73\/100|[from] item: Leftovers\n|upkeep\n|turn|12\n|inactive|pichus \u2764 has 90 seconds left.\n|\n|t:|1698578238\n|move|p2a: Yveltal|Taunt|p1a: Zygarde\n|-start|p1a: Zygarde|move: Taunt\n|cant|p1a: Zygarde|move: Taunt|Glare\n|\n|-heal|p1a: Zygarde|79\/100|[from] item: Leftovers\n|upkeep\n|turn|13\n|\n|t:|1698578246\n|move|p2a: Yveltal|Foul Play|p1a: Zygarde\n|-damage|p1a: Zygarde|55\/100\n|move|p1a: Zygarde|Thousand Arrows|p2a: Yveltal\n|-damage|p2a: Yveltal|33\/100\n|\n|-heal|p1a: Zygarde|61\/100|[from] item: Leftovers\n|upkeep\n|turn|14\n|\n|t:|1698578256\n|switch|p2a: Calyrex|Calyrex-Ice|100\/100\n|-ability|p2a: Calyrex|As One\n|-ability|p2a: Calyrex|Unnerve\n|switch|p1a: Eternatus|Eternatus|23\/100\n|-ability|p1a: Eternatus|Pressure\n|\n|upkeep\n|turn|15\n|\n|t:|1698578286\n|switch|p2a: Zacian|Zacian-Crowned|4\/100 par\n|move|p1a: Eternatus|Fire Blast|p2a: Zacian\n|-supereffective|p2a: Zacian\n|-damage|p2a: Zacian|0 fnt\n|faint|p2a: Zacian\n|-damage|p1a: Eternatus|13\/100|[from] item: Life Orb\n|\n|upkeep\n|\n|t:|1698578303\n|switch|p2a: Necrozma|Necrozma-Dusk-Mane|100\/100\n|turn|16\n|inactive|baconeatinassassin has 120 seconds left.\n|inactive|pichus \u2764 has 90 seconds left.\n|\n|t:|1698578341\n|detailschange|p2a: Necrozma|Necrozma-Ultra\n|-burst|p2a: Necrozma|Necrozma|Ultranecrozium Z\n|move|p1a: Eternatus|Fire Blast|p2a: Necrozma\n|-resisted|p2a: Necrozma\n|-damage|p2a: Necrozma|70\/100\n|-damage|p1a: Eternatus|3\/100|[from] item: Life Orb\n|move|p2a: Necrozma|Dragon Pulse|p1a: Eternatus\n|-supereffective|p1a: Eternatus\n|-damage|p1a: Eternatus|0 fnt\n|faint|p1a: Eternatus\n|\n|upkeep\n|inactive|baconeatinassassin has 90 seconds left.\n|\n|t:|1698578383\n|switch|p1a: Yveltal|Yveltal|100\/100\n|-ability|p1a: Yveltal|Dark Aura\n|turn|17\n|\n|t:|1698578392\n|switch|p2a: Yveltal|Yveltal|33\/100\n|-ability|p2a: Yveltal|Dark Aura\n|move|p1a: Yveltal|Foul Play|p2a: Yveltal\n|-resisted|p2a: Yveltal\n|-damage|p2a: Yveltal|17\/100\n|\n|upkeep\n|turn|18\n|inactive|baconeatinassassin has 90 seconds left.\n|\n|t:|1698578424\n|move|p2a: Yveltal|Oblivion Wing|p1a: Yveltal\n|-damage|p1a: Yveltal|72\/100\n|-heal|p2a: Yveltal|38\/100|[from] drain|[of] p1a: Yveltal\n|move|p1a: Yveltal|Toxic|p2a: Yveltal|[miss]\n|-miss|p1a: Yveltal|p2a: Yveltal\n|\n|upkeep\n|turn|19\n|\n|t:|1698578438\n|switch|p1a: Ho-Oh|Ho-Oh|98\/100\n|move|p2a: Yveltal|Taunt|p1a: Ho-Oh\n|-start|p1a: Ho-Oh|move: Taunt\n|\n|upkeep\n|turn|20\n|inactive|baconeatinassassin has 60 seconds left.\n|inactive|pichus \u2764 has 90 seconds left.\n|\n|t:|1698578493\n|switch|p1a: Arceus|Arceus-Ground|100\/100\n|move|p2a: Yveltal|Foul Play|p1a: Arceus\n|-damage|p1a: Arceus|73\/100\n|\n|upkeep\n|turn|21\n|inactive|pichus \u2764 has 60 seconds left.\n|\n|t:|1698578530\n|move|p1a: Arceus|Calm Mind|p1a: Arceus\n|-boost|p1a: Arceus|spa|1\n|-boost|p1a: Arceus|spd|1\n|move|p2a: Yveltal|Taunt|p1a: Arceus\n|-start|p1a: Arceus|move: Taunt\n|\n|upkeep\n|turn|22\n|inactive|pichus \u2764 has 30 seconds left.\n|inactive|pichus \u2764 has 20 seconds left.\n|inactive|pichus \u2764 has 15 seconds left.\n|\n|t:|1698578575\n|move|p1a: Arceus|Power Gem|p2a: Yveltal\n|-supereffective|p2a: Yveltal\n|-damage|p2a: Yveltal|0 fnt\n|faint|p2a: Yveltal\n|\n|upkeep\n|inactive|pichus \u2764 has 20 seconds left this turn.\n|\n|t:|1698578580\n|switch|p2a: Calyrex|Calyrex-Ice|100\/100\n|-ability|p2a: Calyrex|As One\n|-ability|p2a: Calyrex|Unnerve\n|turn|23\n|inactive|pichus \u2764 has 30 seconds left this turn.\n|inactive|pichus \u2764 has 20 seconds left.\n|inactive|baconeatinassassin has 30 seconds left.\n|\n|t:|1698578612\n|-terastallize|p1a: Arceus|Steel\n|move|p1a: Arceus|Judgment|p2a: Calyrex\n|-damage|p2a: Calyrex|43\/100\n|move|p2a: Calyrex|Glacial Lance|p1a: Arceus\n|-resisted|p1a: Arceus\n|-damage|p1a: Arceus|45\/100\n|\n|upkeep\n|turn|24\n|inactive|pichus \u2764 has 30 seconds left this turn.\n|inactive|baconeatinassassin has 30 seconds left.\n|inactive|pichus \u2764 has 20 seconds left.\n|inactive|pichus \u2764 has 15 seconds left.\n|inactive|pichus \u2764 has 10 seconds left.\n|\n|t:|1698578635\n|switch|p2a: Necrozma|Necrozma-Ultra|70\/100\n|move|p1a: Arceus|Judgment|p2a: Necrozma\n|-damage|p2a: Necrozma|0 fnt\n|faint|p2a: Necrozma\n|\n|-end|p1a: Arceus|move: Taunt\n|upkeep\n|inactive|pichus \u2764 has 15 seconds left this turn.\n|inactive|pichus \u2764 has 10 seconds left.\n|\n|t:|1698578641\n|switch|p2a: Arceus|Arceus-Ground|100\/100\n|turn|25\n|inactive|pichus \u2764 has 20 seconds left this turn.\n|inactive|baconeatinassassin has 30 seconds left.\n|inactive|baconeatinassassin has 20 seconds left.\n|inactive|baconeatinassassin has 15 seconds left.\n|\n|t:|1698578673\n|move|p2a: Arceus|Calm Mind|p2a: Arceus\n|-boost|p2a: Arceus|spa|1\n|-boost|p2a: Arceus|spd|1\n|move|p1a: Arceus|Judgment|p2a: Arceus\n|-damage|p2a: Arceus|65\/100\n|\n|upkeep\n|turn|26\n|inactive|baconeatinassassin has 25 seconds left this turn.\n|inactive|pichus \u2764 has 30 seconds left this turn.\n|inactive|baconeatinassassin has 20 seconds left.\n|inactive|baconeatinassassin has 15 seconds left.\n|inactive|baconeatinassassin has 10 seconds left.\n|\n|t:|1698578690\n|switch|p1a: Ho-Oh|Ho-Oh|100\/100\n|move|p2a: Arceus|Calm Mind|p2a: Arceus\n|-boost|p2a: Arceus|spa|1\n|-boost|p2a: Arceus|spd|1\n|\n|upkeep\n|turn|27\n|inactive|baconeatinassassin has 20 seconds left this turn.\n|inactive|baconeatinassassin has 15 seconds left.\n|\n|t:|1698578697\n|-terastallize|p2a: Arceus|Poison\n|move|p2a: Arceus|Power Gem|p1a: Ho-Oh\n|-supereffective|p1a: Ho-Oh\n|-damage|p1a: Ho-Oh|20\/100\n|move|p1a: Ho-Oh|Whirlwind|p2a: Arceus\n|drag|p2a: Groudon|Groudon|100\/100\n|detailschange|p2a: Groudon|Groudon-Primal\n|-primal|p2a: Groudon|Red Orb\n|-weather|DesolateLand|[from] ability: Desolate Land|[of] p2a: Groudon\n|\n|-weather|DesolateLand|[upkeep]\n|upkeep\n|turn|28\n|inactive|baconeatinassassin has 25 seconds left this turn.\n|inactive|baconeatinassassin has 20 seconds left.\n|inactive|baconeatinassassin has 15 seconds left.\n|inactive|pichus \u2764 has 30 seconds left.\n|\n|t:|1698578715\n|-weather|none\n|switch|p2a: Calyrex|Calyrex-Ice|43\/100\n|-ability|p2a: Calyrex|As One\n|-ability|p2a: Calyrex|Unnerve\n|move|p1a: Ho-Oh|Toxic|p2a: Calyrex\n|-status|p2a: Calyrex|tox\n|\n|-damage|p2a: Calyrex|37\/100 tox|[from] psn\n|upkeep\n|turn|29\n|inactive|baconeatinassassin has 25 seconds left this turn.\n|inactive|baconeatinassassin has 20 seconds left.\n|inactive|baconeatinassassin has 15 seconds left.\n|inactive|baconeatinassassin has 10 seconds left.\n|inactive|pichus \u2764 has 30 seconds left.\n|\n|t:|1698578737\n|switch|p1a: Groudon|Groudon-Primal|18\/100\n|-weather|DesolateLand|[from] ability: Desolate Land|[of] p1a: Groudon\n|move|p2a: Calyrex|Glacial Lance|p1a: Groudon\n|-damage|p1a: Groudon|0 fnt\n|faint|p1a: Groudon\n|-weather|none\n|-ability|p2a: Calyrex|Chilling Neigh|boost\n|-boost|p2a: Calyrex|atk|1\n|\n|-damage|p2a: Calyrex|24\/100 tox|[from] psn\n|upkeep\n|inactive|baconeatinassassin has 15 seconds left this turn.\n|inactive|baconeatinassassin has 10 seconds left.\n|\n|t:|1698578744\n|switch|p1a: Arceus|Arceus-Ground, tera:Steel|45\/100\n|turn|30\n|inactive|baconeatinassassin has 20 seconds left this turn.\n|\n|t:|1698578748\n|move|p1a: Arceus|Judgment|p2a: Calyrex\n|-damage|p2a: Calyrex|0 fnt\n|faint|p2a: Calyrex\n|\n|upkeep\n|inactive|baconeatinassassin has 25 seconds left this turn.\n|\n|t:|1698578751\n|switch|p2a: Arceus|Arceus-Ground, tera:Poison|65\/100\n|turn|31\n|inactive|baconeatinassassin has 30 seconds left.\n|inactive|pichus \u2764 has 30 seconds left.\n|inactive|pichus \u2764 has 20 seconds left.\n|\n|t:|1698578793\n|switch|p2a: Groudon|Groudon-Primal|100\/100\n|-weather|DesolateLand|[from] ability: Desolate Land|[of] p2a: Groudon\n|switch|p1a: Ho-Oh|Ho-Oh|53\/100\n|\n|-weather|DesolateLand|[upkeep]\n|upkeep\n|turn|32\n|inactive|pichus \u2764 has 30 seconds left this turn.\n|inactive|baconeatinassassin has 30 seconds left.\n|inactive|baconeatinassassin has 20 seconds left.\n|inactive|baconeatinassassin has 15 seconds left.\n|\n|t:|1698578817\n|switch|p1a: Arceus|Arceus-Ground, tera:Steel|45\/100\n|move|p2a: Groudon|Spikes|p1a: Arceus\n|-sidestart|p1: baconeatinassassin|Spikes\n|\n|-weather|DesolateLand|[upkeep]\n|upkeep\n|turn|33\n|inactive|baconeatinassassin has 25 seconds left this turn.\n|\n|t:|1698578823\n|move|p1a: Arceus|Judgment|p2a: Groudon\n|-supereffective|p2a: Groudon\n|-damage|p2a: Groudon|17\/100\n|move|p2a: Groudon|Rock Tomb|p1a: Arceus\n|-resisted|p1a: Arceus\n|-damage|p1a: Arceus|38\/100\n|-unboost|p1a: Arceus|spe|1\n|\n|-weather|DesolateLand|[upkeep]\n|upkeep\n|turn|34\n|inactive|baconeatinassassin has 30 seconds left.\n|\n|t:|1698578835\n|move|p1a: Arceus|Recover|p1a: Arceus\n|-heal|p1a: Arceus|88\/100\n|move|p2a: Groudon|Spikes|p1a: Arceus\n|-sidestart|p1: baconeatinassassin|Spikes\n|\n|-weather|DesolateLand|[upkeep]\n|upkeep\n|turn|35\n|inactive|baconeatinassassin has 30 seconds left.\n|inactive|baconeatinassassin has 20 seconds left.\n|inactive|baconeatinassassin has 15 seconds left.\n|inactive|pichus \u2764 has 30 seconds left.\n|inactive|baconeatinassassin has 10 seconds left.\n|inactive|baconeatinassassin has 5 seconds left.\n|inactive|pichus \u2764 has 20 seconds left.\n|c|+ChrisPBacon|click mate\n|\n|t:|1698578869\n|switch|p1a: Zygarde|Zygarde|61\/100\n|-damage|p1a: Zygarde|44\/100|[from] Spikes\n|move|p2a: Groudon|Roar|p1a: Zygarde\n|drag|p1a: Ho-Oh|Ho-Oh|86\/100\n|\n|-weather|DesolateLand|[upkeep]\n|upkeep\n|turn|36\n|inactive|baconeatinassassin has 15 seconds left this turn.\n|inactive|pichus \u2764 has 30 seconds left this turn.\n|inactive|baconeatinassassin has 10 seconds left.\n|inactive|baconeatinassassin has 5 seconds left.\n|inactive|pichus \u2764 has 20 seconds left.\n|inactive|pichus \u2764 has 15 seconds left.\n|\n|t:|1698578887\n|switch|p1a: Yveltal|Yveltal|72\/100\n|-ability|p1a: Yveltal|Dark Aura\n|move|p2a: Groudon|Precipice Blades|p1a: Yveltal\n|-immune|p1a: Yveltal\n|\n|-weather|DesolateLand|[upkeep]\n|upkeep\n|turn|37\n|inactive|baconeatinassassin has 15 seconds left this turn.\n|inactive|pichus \u2764 has 25 seconds left this turn.\n|inactive|pichus \u2764 has 20 seconds left.\n|\n|t:|1698578893\n|move|p1a: Yveltal|Defog|p2a: Groudon\n|-unboost|p2a: Groudon|evasion|1\n|-sideend|p1: baconeatinassassin|Spikes|[from] move: Defog|[of] p1a: Yveltal\n|move|p2a: Groudon|Precipice Blades|p1a: Yveltal\n|-immune|p1a: Yveltal\n|\n|-weather|DesolateLand|[upkeep]\n|upkeep\n|turn|38\n|inactive|baconeatinassassin has 25 seconds left this turn.\n|inactive|pichus \u2764 has 30 seconds left this turn.\n|\n|t:|1698578902\n|switch|p1a: Zygarde|Zygarde|44\/100\n|move|p2a: Groudon|Spikes|p1a: Zygarde\n|-sidestart|p1: baconeatinassassin|Spikes\n|\n|-weather|DesolateLand|[upkeep]\n|-heal|p1a: Zygarde|51\/100|[from] item: Leftovers\n|upkeep\n|turn|39\n|inactive|pichus \u2764 has 30 seconds left.\n|inactive|pichus \u2764 has 20 seconds left.\n|inactive|pichus \u2764 has 15 seconds left.\n|inactive|pichus \u2764 has 10 seconds left.\n|\n|t:|1698578928\n|move|p1a: Zygarde|Thousand Arrows|p2a: Groudon\n|-supereffective|p2a: Groudon\n|-damage|p2a: Groudon|0 fnt\n|faint|p2a: Groudon\n|-weather|none\n|\n|-heal|p1a: Zygarde|57\/100|[from] item: Leftovers\n|upkeep\n|inactive|pichus \u2764 has 15 seconds left this turn.\n|\n|t:|1698578930\n|switch|p2a: Arceus|Arceus-Ground, tera:Poison|65\/100\n|turn|40\n|inactive|pichus \u2764 has 25 seconds left this turn.\n|inactive|pichus \u2764 has 20 seconds left.\n|c|\u2606pichus \u2764|messed up \n|inactive|pichus \u2764 has 15 seconds left.\n|\n|t:|1698578944\n|move|p2a: Arceus|Calm Mind|p2a: Arceus\n|-boost|p2a: Arceus|spa|1\n|-boost|p2a: Arceus|spd|1\n|move|p1a: Zygarde|Glare|p2a: Arceus\n|-status|p2a: Arceus|par\n|\n|-heal|p1a: Zygarde|63\/100|[from] item: Leftovers\n|upkeep\n|turn|41\n|inactive|pichus \u2764 has 25 seconds left this turn.\n|inactive|pichus \u2764 has 20 seconds left.\n|\n|t:|1698578964\n|move|p1a: Zygarde|Thousand Arrows|p2a: Arceus\n|-supereffective|p2a: Arceus\n|-damage|p2a: Arceus|25\/100 par\n|move|p2a: Arceus|Judgment|p1a: Zygarde\n|-damage|p1a: Zygarde|6\/100\n|\n|-heal|p1a: Zygarde|12\/100|[from] item: Leftovers\n|-activate|p1a: Zygarde|ability: Power Construct\n|detailschange|p1a: Zygarde|Zygarde-Complete\n|-heal|p1a: Zygarde|43\/100|[silent]\n|upkeep\n|turn|42\n|inactive|pichus \u2764 has 30 seconds left this turn.\n|\n|t:|1698578971\n|move|p1a: Zygarde|Thousand Arrows|p2a: Arceus\n|-supereffective|p2a: Arceus\n|-damage|p2a: Arceus|0 fnt\n|faint|p2a: Arceus\n|\n|win|baconeatinassassin\n|c|\u2606pichus \u2764|gg\n|c|\u2606baconeatinassassin|gg\n","uploadtime":1698578972,"views":155,"p1id":"baconeatinassassin","p2id":"pichus","formatid":"gen9nationaldexubers","rating":0,"private":0,"password":""}