{"id":"smogtours-gen9nationaldexubers-729669","p1":"skimmythegod","p2":"baconeatinassassin","format":"[Gen 9] National Dex Ubers","log":"|inactive|Battle timer is ON: inactive players will automatically lose when time's up.\n|t:|1699621508\n|gametype|singles\n|player|p1|skimmythegod|#uplximelmetal|\n|player|p2|baconeatinassassin|#agplvivoryimpalers|\n|teamsize|p1|6\n|teamsize|p2|6\n|gen|9\n|tier|[Gen 9] National Dex Ubers\n|rule|HP Percentage Mod: HP is shown in percentages\n|rule|Endless Battle Clause: Forcing endless battles is banned\n|rule|OHKO Clause: OHKO moves are banned\n|rule|Evasion Moves Clause: Evasion moves are banned\n|rule|Evasion Items Clause: Evasion items are banned\n|rule|Species Clause: Limit one of each Pok\u00e9mon\n|rule|Sleep Clause Mod: Limit one foe put to sleep\n|rule|Mega Rayquaza Clause: You cannot mega evolve Rayquaza\n|clearpoke\n|poke|p1|Kyogre|\n|poke|p1|Groudon|\n|poke|p1|Arceus-Dark|\n|poke|p1|Zygarde|\n|poke|p1|Ho-Oh|\n|poke|p1|Zacian-*|\n|poke|p2|Necrozma-Dusk-Mane|\n|poke|p2|Lunala|\n|poke|p2|Groudon|\n|poke|p2|Yveltal|\n|poke|p2|Marshadow|\n|poke|p2|Arceus-Fairy|\n|teampreview\n|inactive|skimmythegod also wants the timer to be on.\n|c|\u2606baconeatinassassin|hf\n|c|\u2606skimmythegod|hf\n|inactive|skimmythegod has 270 seconds left.\n|inactive|baconeatinassassin has 270 seconds left.\n|inactive|skimmythegod has 240 seconds left.\n|inactive|baconeatinassassin has 240 seconds left.\n|inactive|skimmythegod has 210 seconds left.\n|inactive|baconeatinassassin has 210 seconds left.\n|\n|t:|1699621610\n|start\n|switch|p1a: Ho-Oh|Ho-Oh|100\/100\n|switch|p2a: Yveltal|Yveltal|100\/100\n|-ability|p2a: Yveltal|Dark Aura\n|turn|1\n|inactive|skimmythegod has 270 seconds left.\n|\n|t:|1699621639\n|switch|p1a: Arceus|Arceus-Dark|100\/100\n|move|p2a: Yveltal|Foul Play|p1a: Arceus\n|-resisted|p1a: Arceus\n|-damage|p1a: Arceus|89\/100\n|\n|upkeep\n|turn|2\n|inactive|baconeatinassassin has 240 seconds left.\n|\n|t:|1699621656\n|move|p1a: Arceus|Judgment|p2a: Yveltal\n|-resisted|p2a: Yveltal\n|-damage|p2a: Yveltal|75\/100\n|move|p2a: Yveltal|U-turn|p1a: Arceus\n|-supereffective|p1a: Arceus\n|-damage|p1a: Arceus|68\/100\n|inactive|baconeatinassassin has 240 seconds left.\n|\n|t:|1699621682\n|switch|p2a: Arceus|Arceus-Fairy|100\/100|[from] U-turn\n|\n|upkeep\n|turn|3\n|inactive|skimmythegod has 270 seconds left.\n|\n|t:|1699621699\n|switch|p1a: Ho-Oh|Ho-Oh|100\/100\n|move|p2a: Arceus|Judgment|p1a: Ho-Oh\n|-resisted|p1a: Ho-Oh\n|-damage|p1a: Ho-Oh|87\/100\n|\n|upkeep\n|turn|4\n|\n|t:|1699621705\n|move|p2a: Arceus|Taunt|p1a: Ho-Oh\n|-start|p1a: Ho-Oh|move: Taunt\n|cant|p1a: Ho-Oh|move: Taunt|Toxic\n|\n|upkeep\n|turn|5\n|\n|t:|1699621720\n|move|p2a: Arceus|Judgment|p1a: Ho-Oh\n|-resisted|p1a: Ho-Oh\n|-damage|p1a: Ho-Oh|74\/100\n|move|p1a: Ho-Oh|Sacred Fire|p2a: Arceus\n|-damage|p2a: Arceus|72\/100\n|-status|p2a: Arceus|brn\n|\n|-damage|p2a: Arceus|66\/100 brn|[from] brn\n|upkeep\n|turn|6\n|\n|t:|1699621732\n|switch|p1a: Groudon|Groudon|100\/100\n|detailschange|p1a: Groudon|Groudon-Primal\n|-primal|p1a: Groudon|Red Orb\n|-weather|DesolateLand|[from] ability: Desolate Land|[of] p1a: Groudon\n|move|p2a: Arceus|Recover|p2a: Arceus\n|-heal|p2a: Arceus|100\/100 brn\n|\n|-weather|DesolateLand|[upkeep]\n|-damage|p2a: Arceus|94\/100 brn|[from] brn\n|upkeep\n|turn|7\n|inactive|baconeatinassassin has 210 seconds left.\n|\n|t:|1699621760\n|switch|p2a: Yveltal|Yveltal|75\/100\n|-ability|p2a: Yveltal|Dark Aura\n|move|p1a: Groudon|Stealth Rock|p2a: Yveltal\n|-sidestart|p2: baconeatinassassin|move: Stealth Rock\n|\n|-weather|DesolateLand|[upkeep]\n|upkeep\n|turn|8\n|inactive|skimmythegod has 270 seconds left.\n|\n|t:|1699621795\n|-weather|none\n|switch|p1a: Arceus|Arceus-Dark|68\/100\n|move|p2a: Yveltal|Foul Play|p1a: Arceus\n|-resisted|p1a: Arceus\n|-damage|p1a: Arceus|56\/100\n|\n|upkeep\n|turn|9\n|\n|t:|1699621799\n|move|p1a: Arceus|Recover|p1a: Arceus\n|-heal|p1a: Arceus|100\/100\n|move|p2a: Yveltal|Defog|p1a: Arceus\n|-unboost|p1a: Arceus|evasion|1\n|-sideend|p2: baconeatinassassin|Stealth Rock|[from] move: Defog|[of] p2a: Yveltal\n|\n|upkeep\n|turn|10\n|\n|t:|1699621815\n|move|p1a: Arceus|Judgment|p2a: Yveltal\n|-resisted|p2a: Yveltal\n|-damage|p2a: Yveltal|52\/100\n|move|p2a: Yveltal|U-turn|p1a: Arceus\n|-supereffective|p1a: Arceus\n|-damage|p1a: Arceus|79\/100\n|inactive|baconeatinassassin has 210 seconds left.\n|\n|t:|1699621831\n|switch|p2a: Arceus|Arceus-Fairy|94\/100 brn|[from] U-turn\n|\n|-damage|p2a: Arceus|88\/100 brn|[from] brn\n|upkeep\n|turn|11\n|\n|t:|1699621836\n|switch|p2a: Groudon|Groudon|100\/100\n|detailschange|p2a: Groudon|Groudon-Primal\n|-primal|p2a: Groudon|Red Orb\n|-weather|DesolateLand|[from] ability: Desolate Land|[of] p2a: Groudon\n|switch|p1a: Groudon|Groudon-Primal|100\/100\n|\n|-weather|DesolateLand|[upkeep]\n|upkeep\n|turn|12\n|\n|t:|1699621849\n|switch|p2a: Yveltal|Yveltal|52\/100\n|-ability|p2a: Yveltal|Dark Aura\n|move|p1a: Groudon|Precipice Blades|p2a: Yveltal\n|-immune|p2a: Yveltal\n|\n|-weather|DesolateLand|[upkeep]\n|upkeep\n|turn|13\n|\n|t:|1699621855\n|move|p2a: Yveltal|Foul Play|p1a: Groudon\n|-damage|p1a: Groudon|58\/100\n|move|p1a: Groudon|Rock Tomb|p2a: Yveltal\n|-supereffective|p2a: Yveltal\n|-damage|p2a: Yveltal|24\/100\n|-unboost|p2a: Yveltal|spe|1\n|\n|-weather|DesolateLand|[upkeep]\n|upkeep\n|turn|14\n|\n|t:|1699621863\n|switch|p2a: Lunala|Lunala|100\/100\n|move|p1a: Groudon|Rock Tomb|p2a: Lunala\n|-damage|p2a: Lunala|93\/100\n|-unboost|p2a: Lunala|spe|1\n|\n|-weather|DesolateLand|[upkeep]\n|upkeep\n|turn|15\n|inactive|baconeatinassassin has 210 seconds left.\n|\n|t:|1699621906\n|move|p2a: Lunala|Moonlight|p2a: Lunala\n|-heal|p2a: Lunala|100\/100\n|move|p1a: Groudon|Rock Tomb|p2a: Lunala\n|-damage|p2a: Lunala|91\/100\n|-unboost|p2a: Lunala|spe|1\n|\n|-weather|DesolateLand|[upkeep]\n|upkeep\n|turn|16\n|inactive|baconeatinassassin has 210 seconds left.\n|\n|t:|1699621926\n|move|p1a: Groudon|Overheat|p2a: Lunala\n|-damage|p2a: Lunala|30\/100\n|-unboost|p1a: Groudon|spa|2\n|move|p2a: Lunala|Moonlight|p2a: Lunala\n|-heal|p2a: Lunala|97\/100\n|\n|-weather|DesolateLand|[upkeep]\n|upkeep\n|turn|17\n|\n|t:|1699621934\n|move|p1a: Groudon|Stealth Rock|p2a: Lunala\n|-sidestart|p2: baconeatinassassin|move: Stealth Rock\n|move|p2a: Lunala|Toxic|p1a: Groudon\n|-status|p1a: Groudon|tox\n|\n|-weather|DesolateLand|[upkeep]\n|-damage|p1a: Groudon|52\/100 tox|[from] psn\n|upkeep\n|turn|18\n|\n|t:|1699621941\n|-weather|none\n|switch|p1a: Kyogre|Kyogre|100\/100\n|detailschange|p1a: Kyogre|Kyogre-Primal\n|-primal|p1a: Kyogre|Blue Orb\n|-weather|PrimordialSea|[from] ability: Primordial Sea|[of] p1a: Kyogre\n|move|p2a: Lunala|Toxic|p1a: Kyogre|[miss]\n|-miss|p2a: Lunala|p1a: Kyogre\n|\n|-weather|PrimordialSea|[upkeep]\n|upkeep\n|turn|19\n|inactive|baconeatinassassin has 210 seconds left.\n|inactive|baconeatinassassin has 180 seconds left.\n|\n|t:|1699621982\n|switch|p2a: Groudon|Groudon-Primal|100\/100\n|-damage|p2a: Groudon|88\/100|[from] Stealth Rock\n|-weather|DesolateLand|[from] ability: Desolate Land|[of] p2a: Groudon\n|move|p1a: Kyogre|Origin Pulse||[still]\n|-fail|p1a: Kyogre|Origin Pulse|[from] Desolate Land\n|\n|-weather|DesolateLand|[upkeep]\n|upkeep\n|turn|20\n|inactive|baconeatinassassin has 180 seconds left.\n|\n|t:|1699621998\n|move|p1a: Kyogre|Ice Beam|p2a: Groudon\n|-damage|p2a: Groudon|54\/100\n|move|p2a: Groudon|Toxic|p1a: Kyogre\n|-status|p1a: Kyogre|tox\n|\n|-weather|DesolateLand|[upkeep]\n|-damage|p1a: Kyogre|94\/100 tox|[from] psn\n|upkeep\n|turn|21\n|\n|t:|1699622012\n|move|p1a: Kyogre|Ice Beam|p2a: Groudon\n|-damage|p2a: Groudon|16\/100\n|move|p2a: Groudon|Earthquake|p1a: Kyogre\n|-damage|p1a: Kyogre|40\/100 tox\n|\n|-weather|DesolateLand|[upkeep]\n|-damage|p1a: Kyogre|27\/100 tox|[from] psn\n|upkeep\n|turn|22\n|inactive|baconeatinassassin has 150 seconds left.\n|inactive|baconeatinassassin has 120 seconds left.\n|\n|t:|1699622095\n|switch|p1a: Zygarde|Zygarde|100\/100\n|move|p2a: Groudon|Spikes|p1a: Zygarde\n|-sidestart|p1: skimmythegod|Spikes\n|\n|-weather|DesolateLand|[upkeep]\n|upkeep\n|turn|23\n|\n|t:|1699622106\n|-weather|none\n|switch|p2a: Lunala|Lunala|97\/100\n|move|p1a: Zygarde|Coil|p1a: Zygarde\n|-boost|p1a: Zygarde|atk|1\n|-boost|p1a: Zygarde|def|1\n|-boost|p1a: Zygarde|accuracy|1\n|\n|upkeep\n|turn|24\n|\n|t:|1699622116\n|move|p2a: Lunala|Toxic|p1a: Zygarde\n|-status|p1a: Zygarde|tox\n|move|p1a: Zygarde|Scale Shot|p2a: Lunala\n|-damage|p2a: Lunala|88\/100\n|-damage|p2a: Lunala|79\/100\n|-damage|p2a: Lunala|69\/100\n|-hitcount|p2a: Lunala|3\n|-unboost|p1a: Zygarde|def|1\n|-boost|p1a: Zygarde|spe|1\n|\n|-damage|p1a: Zygarde|94\/100 tox|[from] psn\n|upkeep\n|turn|25\n|\n|t:|1699622131\n|move|p1a: Zygarde|Scale Shot|p2a: Lunala\n|-damage|p2a: Lunala|59\/100\n|-damage|p2a: Lunala|49\/100\n|-hitcount|p2a: Lunala|2\n|-unboost|p1a: Zygarde|def|1\n|-boost|p1a: Zygarde|spe|1\n|move|p2a: Lunala|Moonlight|p2a: Lunala\n|-heal|p2a: Lunala|99\/100\n|\n|-heal|p1a: Zygarde|100\/100 tox|[from] item: Leftovers\n|-damage|p1a: Zygarde|88\/100 tox|[from] psn\n|upkeep\n|turn|26\n|inactive|baconeatinassassin has 120 seconds left.\n|\n|t:|1699622147\n|move|p1a: Zygarde|Rest|p1a: Zygarde\n|-status|p1a: Zygarde|slp|[from] move: Rest\n|-heal|p1a: Zygarde|100\/100 slp|[silent]\n|move|p2a: Lunala|Moonlight|p2a: Lunala\n|-heal|p2a: Lunala|100\/100\n|\n|upkeep\n|turn|27\n|\n|t:|1699622150\n|cant|p1a: Zygarde|slp\n|move|p2a: Lunala|Moongeist Beam|p1a: Zygarde\n|-damage|p1a: Zygarde|64\/100 slp\n|\n|-heal|p1a: Zygarde|70\/100 slp|[from] item: Leftovers\n|upkeep\n|turn|28\n|inactive|baconeatinassassin has 120 seconds left.\n|\n|t:|1699622160\n|cant|p1a: Zygarde|slp\n|move|p2a: Lunala|Roar|p1a: Zygarde\n|drag|p1a: Groudon|Groudon-Primal|52\/100 tox\n|-damage|p1a: Groudon|39\/100 tox|[from] Spikes\n|-weather|DesolateLand|[from] ability: Desolate Land|[of] p1a: Groudon\n|\n|-weather|DesolateLand|[upkeep]\n|-damage|p1a: Groudon|33\/100 tox|[from] psn\n|upkeep\n|turn|29\n|\n|t:|1699622170\n|-weather|none\n|switch|p1a: Ho-Oh|Ho-Oh|100\/100\n|move|p2a: Lunala|Moongeist Beam|p1a: Ho-Oh\n|-damage|p1a: Ho-Oh|77\/100\n|\n|upkeep\n|turn|30\n|inactive|baconeatinassassin has 120 seconds left.\n|\n|t:|1699622188\n|switch|p2a: Arceus|Arceus-Fairy|88\/100 brn\n|-damage|p2a: Arceus|76\/100 brn|[from] Stealth Rock\n|move|p1a: Ho-Oh|Sacred Fire|p2a: Arceus|[miss]\n|-miss|p1a: Ho-Oh|p2a: Arceus\n|\n|-damage|p2a: Arceus|70\/100 brn|[from] brn\n|upkeep\n|turn|31\n|inactive|baconeatinassassin has 120 seconds left.\n|\n|t:|1699622227\n|move|p2a: Arceus|Judgment|p1a: Ho-Oh\n|-resisted|p1a: Ho-Oh\n|-damage|p1a: Ho-Oh|63\/100\n|move|p1a: Ho-Oh|Brave Bird|p2a: Arceus\n|-damage|p2a: Arceus|37\/100 brn\n|-damage|p1a: Ho-Oh|52\/100|[from] Recoil\n|\n|-damage|p2a: Arceus|31\/100 brn|[from] brn\n|upkeep\n|turn|32\n|inactive|skimmythegod has 270 seconds left.\n|\n|t:|1699622253\n|move|p2a: Arceus|Recover|p2a: Arceus\n|-heal|p2a: Arceus|81\/100 brn\n|move|p1a: Ho-Oh|Sacred Fire|p2a: Arceus\n|-damage|p2a: Arceus|51\/100 brn\n|\n|-damage|p2a: Arceus|45\/100 brn|[from] brn\n|upkeep\n|turn|33\n|\n|t:|1699622269\n|move|p2a: Arceus|Recover|p2a: Arceus\n|-heal|p2a: Arceus|95\/100 brn\n|move|p1a: Ho-Oh|Brave Bird|p2a: Arceus\n|-damage|p2a: Arceus|58\/100 brn\n|-damage|p1a: Ho-Oh|39\/100|[from] Recoil\n|\n|-damage|p2a: Arceus|52\/100 brn|[from] brn\n|upkeep\n|turn|34\n|\n|t:|1699622279\n|move|p2a: Arceus|Recover|p2a: Arceus\n|-heal|p2a: Arceus|100\/100 brn\n|move|p1a: Ho-Oh|Sacred Fire|p2a: Arceus\n|-damage|p2a: Arceus|73\/100 brn\n|\n|-damage|p2a: Arceus|67\/100 brn|[from] brn\n|upkeep\n|turn|35\n|\n|t:|1699622286\n|move|p2a: Arceus|Judgment|p1a: Ho-Oh\n|-resisted|p1a: Ho-Oh\n|-damage|p1a: Ho-Oh|26\/100\n|move|p1a: Ho-Oh|Brave Bird|p2a: Arceus\n|-damage|p2a: Arceus|35\/100 brn\n|-damage|p1a: Ho-Oh|14\/100|[from] Recoil\n|\n|-damage|p2a: Arceus|29\/100 brn|[from] brn\n|upkeep\n|turn|36\n|\n|t:|1699622294\n|move|p2a: Arceus|Recover|p2a: Arceus\n|-heal|p2a: Arceus|80\/100 brn\n|move|p1a: Ho-Oh|Sacred Fire|p2a: Arceus\n|-damage|p2a: Arceus|50\/100 brn\n|\n|-damage|p2a: Arceus|44\/100 brn|[from] brn\n|upkeep\n|turn|37\n|inactive|skimmythegod has 270 seconds left.\n|inactive|baconeatinassassin has 90 seconds left.\n|\n|t:|1699622350\n|move|p2a: Arceus|Recover|p2a: Arceus\n|-heal|p2a: Arceus|94\/100 brn\n|move|p1a: Ho-Oh|Sacred Fire|p2a: Arceus\n|-damage|p2a: Arceus|66\/100 brn\n|\n|-damage|p2a: Arceus|60\/100 brn|[from] brn\n|upkeep\n|turn|38\n|\n|t:|1699622354\n|move|p2a: Arceus|Judgment|p1a: Ho-Oh\n|-resisted|p1a: Ho-Oh\n|-damage|p1a: Ho-Oh|1\/100\n|move|p1a: Ho-Oh|Sacred Fire|p2a: Arceus\n|-damage|p2a: Arceus|32\/100 brn\n|\n|-damage|p2a: Arceus|26\/100 brn|[from] brn\n|upkeep\n|turn|39\n|inactive|skimmythegod has 240 seconds left.\n|\n|t:|1699622385\n|switch|p1a: Kyogre|Kyogre-Primal|27\/100 tox\n|-damage|p1a: Kyogre|15\/100 tox|[from] Spikes\n|-weather|PrimordialSea|[from] ability: Primordial Sea|[of] p1a: Kyogre\n|move|p2a: Arceus|Recover|p2a: Arceus\n|-heal|p2a: Arceus|76\/100 brn\n|\n|-weather|PrimordialSea|[upkeep]\n|-damage|p1a: Kyogre|9\/100 tox|[from] psn\n|-damage|p2a: Arceus|70\/100 brn|[from] brn\n|upkeep\n|turn|40\n|inactive|baconeatinassassin has 90 seconds left.\n|\n|t:|1699622390\n|move|p2a: Arceus|Judgment|p1a: Kyogre\n|-damage|p1a: Kyogre|0 fnt\n|faint|p1a: Kyogre\n|-weather|none\n|\n|-damage|p2a: Arceus|64\/100 brn|[from] brn\n|upkeep\n|\n|t:|1699622400\n|switch|p1a: Groudon|Groudon-Primal|33\/100 tox\n|-damage|p1a: Groudon|21\/100 tox|[from] Spikes\n|-weather|DesolateLand|[from] ability: Desolate Land|[of] p1a: Groudon\n|turn|41\n|\n|t:|1699622413\n|switch|p2a: Groudon|Groudon-Primal|16\/100\n|-damage|p2a: Groudon|3\/100|[from] Stealth Rock\n|switch|p1a: Ho-Oh|Ho-Oh|34\/100\n|\n|-weather|DesolateLand|[upkeep]\n|upkeep\n|turn|42\n|\n|t:|1699622426\n|move|p2a: Groudon|Spikes|p1a: Ho-Oh\n|-sidestart|p1: skimmythegod|Spikes\n|move|p1a: Ho-Oh|Brave Bird|p2a: Groudon\n|-damage|p2a: Groudon|0 fnt\n|faint|p2a: Groudon\n|-weather|none\n|-damage|p1a: Ho-Oh|33\/100|[from] Recoil\n|\n|upkeep\n|inactive|baconeatinassassin has 90 seconds left.\n|\n|t:|1699622465\n|switch|p2a: Yveltal|Yveltal|24\/100\n|-ability|p2a: Yveltal|Dark Aura\n|turn|43\n|inactive|skimmythegod has 270 seconds left.\n|\n|t:|1699622476\n|switch|p1a: Arceus|Arceus-Dark|79\/100\n|-damage|p1a: Arceus|62\/100|[from] Spikes\n|move|p2a: Yveltal|Roost|p2a: Yveltal\n|-heal|p2a: Yveltal|74\/100\n|-singleturn|p2a: Yveltal|move: Roost\n|\n|upkeep\n|turn|44\n|\n|t:|1699622483\n|move|p1a: Arceus|Recover|p1a: Arceus\n|-heal|p1a: Arceus|100\/100\n|move|p2a: Yveltal|U-turn|p1a: Arceus\n|-supereffective|p1a: Arceus\n|-damage|p1a: Arceus|78\/100\n|\n|t:|1699622492\n|switch|p2a: Marshadow|Marshadow|100\/100|[from] U-turn\n|-damage|p2a: Marshadow|94\/100|[from] Stealth Rock\n|\n|upkeep\n|turn|45\n|\n|t:|1699622499\n|switch|p1a: Zygarde|Zygarde|70\/100 slp\n|-damage|p1a: Zygarde|53\/100 slp|[from] Spikes\n|move|p2a: Marshadow|Spectral Thief|p1a: Zygarde\n|-damage|p1a: Zygarde|15\/100 slp\n|\n|-heal|p1a: Zygarde|21\/100 slp|[from] item: Leftovers\n|-activate|p1a: Zygarde|ability: Power Construct\n|detailschange|p1a: Zygarde|Zygarde-Complete\n|-heal|p1a: Zygarde|48\/100 slp|[silent]\n|upkeep\n|turn|46\n|inactive|baconeatinassassin has 60 seconds left.\n|\n|t:|1699622534\n|switch|p2a: Lunala|Lunala|100\/100\n|-curestatus|p1a: Zygarde|slp|[msg]\n|move|p1a: Zygarde|Thousand Waves|p2a: Lunala\n|-damage|p2a: Lunala|89\/100\n|\n|-heal|p1a: Zygarde|55\/100|[from] item: Leftovers\n|upkeep\n|turn|47\n|inactive|baconeatinassassin has 60 seconds left.\n|\n|t:|1699622547\n|switch|p1a: Arceus|Arceus-Dark|78\/100\n|-damage|p1a: Arceus|62\/100|[from] Spikes\n|move|p2a: Lunala|Roar|p1a: Arceus\n|drag|p1a: Zygarde|Zygarde-Complete|55\/100\n|-damage|p1a: Zygarde|38\/100|[from] Spikes\n|\n|-heal|p1a: Zygarde|44\/100|[from] item: Leftovers\n|upkeep\n|turn|48\n|inactive|baconeatinassassin has 60 seconds left.\n|\n|t:|1699622574\n|move|p1a: Zygarde|Rest|p1a: Zygarde\n|-status|p1a: Zygarde|slp|[from] move: Rest\n|-heal|p1a: Zygarde|100\/100 slp|[silent]\n|move|p2a: Lunala|Roar|p1a: Zygarde\n|drag|p1a: Ho-Oh|Ho-Oh|67\/100\n|\n|upkeep\n|turn|49\n|\n|t:|1699622579\n|move|p2a: Lunala|Toxic|p1a: Ho-Oh\n|-status|p1a: Ho-Oh|tox\n|move|p1a: Ho-Oh|Toxic|p2a: Lunala\n|-status|p2a: Lunala|tox\n|\n|-damage|p2a: Lunala|83\/100 tox|[from] psn\n|-damage|p1a: Ho-Oh|60\/100 tox|[from] psn\n|upkeep\n|turn|50\n|inactive|baconeatinassassin has 60 seconds left.\n|c|+adem|go skimmy\n|\n|t:|1699622590\n|move|p2a: Lunala|Moongeist Beam|p1a: Ho-Oh\n|-damage|p1a: Ho-Oh|37\/100 tox\n|move|p1a: Ho-Oh|Defog|p2a: Lunala\n|-unboost|p2a: Lunala|evasion|1\n|-sideend|p2: baconeatinassassin|Stealth Rock|[from] move: Defog|[of] p1a: Ho-Oh\n|-sideend|p1: skimmythegod|Spikes|[from] move: Defog|[of] p1a: Ho-Oh\n|\n|-damage|p2a: Lunala|70\/100 tox|[from] psn\n|-damage|p1a: Ho-Oh|25\/100 tox|[from] psn\n|upkeep\n|turn|51\n|inactive|baconeatinassassin has 60 seconds left.\n|\n|t:|1699622602\n|switch|p2a: Arceus|Arceus-Fairy|64\/100 brn\n|switch|p1a: Arceus|Arceus-Dark|62\/100\n|\n|-damage|p2a: Arceus|58\/100 brn|[from] brn\n|upkeep\n|turn|52\n|inactive|baconeatinassassin has 60 seconds left.\n|\n|t:|1699622623\n|switch|p1a: Ho-Oh|Ho-Oh|58\/100 tox\n|move|p2a: Arceus|Judgment|p1a: Ho-Oh\n|-resisted|p1a: Ho-Oh\n|-crit|p1a: Ho-Oh\n|-damage|p1a: Ho-Oh|39\/100 tox\n|\n|-damage|p1a: Ho-Oh|33\/100 tox|[from] psn\n|-damage|p2a: Arceus|52\/100 brn|[from] brn\n|upkeep\n|turn|53\n|inactive|baconeatinassassin has 30 seconds left.\n|\n|t:|1699622666\n|switch|p2a: Yveltal|Yveltal|74\/100\n|-ability|p2a: Yveltal|Dark Aura\n|move|p1a: Ho-Oh|Sacred Fire|p2a: Yveltal\n|-damage|p2a: Yveltal|51\/100\n|-status|p2a: Yveltal|brn\n|\n|-damage|p1a: Ho-Oh|21\/100 tox|[from] psn\n|-damage|p2a: Yveltal|45\/100 brn|[from] brn\n|upkeep\n|turn|54\n|\n|t:|1699622675\n|switch|p1a: Arceus|Arceus-Dark|62\/100\n|move|p2a: Yveltal|U-turn|p1a: Arceus\n|-supereffective|p1a: Arceus\n|-damage|p1a: Arceus|49\/100\n|\n|t:|1699622681\n|switch|p2a: Marshadow|Marshadow|94\/100|[from] U-turn\n|\n|upkeep\n|turn|55\n|inactive|baconeatinassassin has 30 seconds left.\n|\n|t:|1699622701\n|switch|p1a: Zygarde|Zygarde-Complete|100\/100 slp\n|move|p2a: Marshadow|Ice Punch|p1a: Zygarde\n|-supereffective|p1a: Zygarde\n|-damage|p1a: Zygarde|44\/100 slp\n|\n|-heal|p1a: Zygarde|50\/100 slp|[from] item: Leftovers\n|upkeep\n|turn|56\n|inactive|baconeatinassassin has 30 seconds left.\n|\n|t:|1699622711\n|switch|p2a: Necrozma|Necrozma-Dusk-Mane|100\/100\n|switch|p1a: Zacian|Zacian-Crowned|100\/100\n|-ability|p1a: Zacian|Intrepid Sword|boost\n|-boost|p1a: Zacian|atk|1\n|\n|upkeep\n|turn|57\n|inactive|baconeatinassassin has 30 seconds left.\n|inactive|baconeatinassassin has 20 seconds left.\n|\n|t:|1699622740\n|switch|p1a: Ho-Oh|Ho-Oh|54\/100 tox\n|move|p2a: Necrozma|Sunsteel Strike|p1a: Ho-Oh\n|-resisted|p1a: Ho-Oh\n|-damage|p1a: Ho-Oh|35\/100 tox\n|\n|-damage|p1a: Ho-Oh|29\/100 tox|[from] psn\n|upkeep\n|turn|58\n|inactive|baconeatinassassin has 30 seconds left this turn.\n|inactive|baconeatinassassin has 20 seconds left.\n|inactive|baconeatinassassin has 15 seconds left.\n|\n|t:|1699622760\n|switch|p1a: Arceus|Arceus-Dark|49\/100\n|switch|p2a: Yveltal|Yveltal|45\/100 brn\n|-ability|p2a: Yveltal|Dark Aura\n|\n|-damage|p2a: Yveltal|39\/100 brn|[from] brn\n|upkeep\n|turn|59\n|inactive|baconeatinassassin has 25 seconds left this turn.\n|\n|t:|1699622766\n|move|p1a: Arceus|Recover|p1a: Arceus\n|-heal|p1a: Arceus|99\/100\n|move|p2a: Yveltal|Roost|p2a: Yveltal\n|-heal|p2a: Yveltal|89\/100 brn\n|-singleturn|p2a: Yveltal|move: Roost\n|\n|-damage|p2a: Yveltal|83\/100 brn|[from] brn\n|upkeep\n|turn|60\n|\n|t:|1699622771\n|move|p1a: Arceus|Judgment|p2a: Yveltal\n|-resisted|p2a: Yveltal\n|-damage|p2a: Yveltal|59\/100 brn\n|move|p2a: Yveltal|U-turn|p1a: Arceus\n|-supereffective|p1a: Arceus\n|-damage|p1a: Arceus|87\/100\n|\n|t:|1699622773\n|switch|p2a: Marshadow|Marshadow|94\/100|[from] U-turn\n|\n|upkeep\n|turn|61\n|\n|t:|1699622780\n|-terastallize|p1a: Arceus|Poison\n|move|p2a: Marshadow|Low Kick|p1a: Arceus\n|-resisted|p1a: Arceus\n|-damage|p1a: Arceus|62\/100\n|move|p1a: Arceus|Judgment|p2a: Marshadow\n|-damage|p2a: Marshadow|37\/100\n|\n|upkeep\n|turn|62\n|\n|t:|1699622798\n|switch|p2a: Yveltal|Yveltal|59\/100 brn\n|-ability|p2a: Yveltal|Dark Aura\n|move|p1a: Arceus|Judgment|p2a: Yveltal\n|-resisted|p2a: Yveltal\n|-damage|p2a: Yveltal|35\/100 brn\n|\n|-damage|p2a: Yveltal|29\/100 brn|[from] brn\n|upkeep\n|turn|63\n|\n|t:|1699622801\n|move|p1a: Arceus|Taunt|p2a: Yveltal\n|-start|p2a: Yveltal|move: Taunt\n|cant|p2a: Yveltal|move: Taunt|Roost\n|\n|-damage|p2a: Yveltal|23\/100 brn|[from] brn\n|upkeep\n|turn|64\n|\n|t:|1699622805\n|move|p1a: Arceus|Recover|p1a: Arceus\n|-heal|p1a: Arceus|100\/100\n|move|p2a: Yveltal|U-turn|p1a: Arceus\n|-resisted|p1a: Arceus\n|-damage|p1a: Arceus|98\/100\n|inactive|baconeatinassassin has 60 seconds left.\n|inactive|baconeatinassassin has 30 seconds left.\n|inactive|baconeatinassassin has 20 seconds left.\n|\n|t:|1699622852\n|switch|p2a: Arceus|Arceus-Fairy|52\/100 brn|[from] U-turn\n|\n|-damage|p2a: Arceus|46\/100 brn|[from] brn\n|upkeep\n|turn|65\n|inactive|baconeatinassassin has 30 seconds left this turn.\n|inactive|baconeatinassassin has 20 seconds left.\n|\n|t:|1699622866\n|move|p2a: Arceus|Recover|p2a: Arceus\n|-heal|p2a: Arceus|96\/100 brn\n|move|p1a: Arceus|Taunt|p2a: Arceus\n|-start|p2a: Arceus|move: Taunt\n|\n|-damage|p2a: Arceus|90\/100 brn|[from] brn\n|upkeep\n|turn|66\n|inactive|baconeatinassassin has 30 seconds left this turn.\n|\n|t:|1699622869\n|move|p2a: Arceus|Judgment|p1a: Arceus\n|-resisted|p1a: Arceus\n|-damage|p1a: Arceus|83\/100\n|move|p1a: Arceus|Judgment|p2a: Arceus\n|-resisted|p2a: Arceus\n|-damage|p2a: Arceus|75\/100 brn\n|\n|-damage|p2a: Arceus|69\/100 brn|[from] brn\n|upkeep\n|turn|67\n|\n|t:|1699622876\n|move|p2a: Arceus|Judgment|p1a: Arceus\n|-resisted|p1a: Arceus\n|-damage|p1a: Arceus|66\/100\n|move|p1a: Arceus|Judgment|p2a: Arceus\n|-resisted|p2a: Arceus\n|-damage|p2a: Arceus|54\/100 brn\n|\n|-damage|p2a: Arceus|48\/100 brn|[from] brn\n|upkeep\n|turn|68\n|\n|t:|1699622878\n|move|p2a: Arceus|Judgment|p1a: Arceus\n|-resisted|p1a: Arceus\n|-damage|p1a: Arceus|50\/100\n|move|p1a: Arceus|Recover|p1a: Arceus\n|-heal|p1a: Arceus|99\/100\n|\n|-damage|p2a: Arceus|42\/100 brn|[from] brn\n|-end|p2a: Arceus|move: Taunt\n|upkeep\n|turn|69\n|\n|t:|1699622881\n|switch|p1a: Ho-Oh|Ho-Oh|62\/100 tox\n|move|p2a: Arceus|Taunt|p1a: Ho-Oh\n|-start|p1a: Ho-Oh|move: Taunt\n|\n|-damage|p1a: Ho-Oh|56\/100 tox|[from] psn\n|-damage|p2a: Arceus|36\/100 brn|[from] brn\n|upkeep\n|turn|70\n|inactive|baconeatinassassin has 60 seconds left.\n|\n|t:|1699622889\n|switch|p1a: Arceus|Arceus-Dark, tera:Poison|99\/100\n|move|p2a: Arceus|Judgment|p1a: Arceus\n|-resisted|p1a: Arceus\n|-damage|p1a: Arceus|84\/100\n|\n|-damage|p2a: Arceus|30\/100 brn|[from] brn\n|upkeep\n|turn|71\n|\n|t:|1699622895\n|move|p2a: Arceus|Judgment|p1a: Arceus\n|-resisted|p1a: Arceus\n|-damage|p1a: Arceus|68\/100\n|move|p1a: Arceus|Judgment|p2a: Arceus\n|-resisted|p2a: Arceus\n|-damage|p2a: Arceus|13\/100 brn\n|\n|-damage|p2a: Arceus|7\/100 brn|[from] brn\n|upkeep\n|turn|72\n|\n|t:|1699622906\n|switch|p1a: Zacian|Zacian-Crowned|100\/100\n|move|p2a: Arceus|Taunt|p1a: Zacian\n|-start|p1a: Zacian|move: Taunt\n|\n|-damage|p2a: Arceus|1\/100 brn|[from] brn\n|upkeep\n|turn|73\n|\n|t:|1699622910\n|move|p1a: Zacian|Behemoth Blade|p2a: Arceus\n|-supereffective|p2a: Arceus\n|-damage|p2a: Arceus|0 fnt\n|faint|p2a: Arceus\n|\n|upkeep\n|\n|t:|1699622912\n|switch|p2a: Necrozma|Necrozma-Dusk-Mane|100\/100\n|turn|74\n|\n|t:|1699622915\n|move|p1a: Zacian|Close Combat|p2a: Necrozma\n|-damage|p2a: Necrozma|70\/100\n|-unboost|p1a: Zacian|def|1\n|-unboost|p1a: Zacian|spd|1\n|move|p2a: Necrozma|Dragon Dance|p2a: Necrozma\n|-boost|p2a: Necrozma|atk|1\n|-boost|p2a: Necrozma|spe|1\n|\n|-end|p1a: Zacian|move: Taunt\n|upkeep\n|turn|75\n|\n|t:|1699622919\n|switch|p1a: Zygarde|Zygarde-Complete|50\/100 slp\n|move|p2a: Necrozma|Dragon Dance|p2a: Necrozma\n|-boost|p2a: Necrozma|atk|1\n|-boost|p2a: Necrozma|spe|1\n|\n|-heal|p1a: Zygarde|57\/100 slp|[from] item: Leftovers\n|upkeep\n|turn|76\n|\n|t:|1699622936\n|move|p2a: Necrozma|Dragon Dance|p2a: Necrozma\n|-boost|p2a: Necrozma|atk|1\n|-boost|p2a: Necrozma|spe|1\n|cant|p1a: Zygarde|slp\n|\n|-heal|p1a: Zygarde|63\/100 slp|[from] item: Leftovers\n|upkeep\n|turn|77\n|\n|t:|1699622939\n|move|p2a: Necrozma|Sunsteel Strike|p1a: Zygarde\n|-damage|p1a: Zygarde|11\/100 slp\n|cant|p1a: Zygarde|slp\n|\n|-heal|p1a: Zygarde|18\/100 slp|[from] item: Leftovers\n|upkeep\n|turn|78\n|\n|t:|1699622941\n|move|p2a: Necrozma|Sunsteel Strike|p1a: Zygarde\n|-damage|p1a: Zygarde|0 fnt\n|faint|p1a: Zygarde\n|\n|upkeep\n|\n|t:|1699622944\n|switch|p1a: Ho-Oh|Ho-Oh|89\/100 tox\n|turn|79\n|\n|t:|1699622949\n|-zpower|p2a: Necrozma\n|move|p2a: Necrozma|Shattered Psyche|p1a: Ho-Oh|[zeffect]\n|-damage|p1a: Ho-Oh|0 fnt\n|faint|p1a: Ho-Oh\n|\n|upkeep\n|c|\u2606skimmythegod|gg\n|\n|t:|1699622956\n|switch|p1a: Zacian|Zacian-Crowned|100\/100\n|turn|80\n|\n|t:|1699622959\n|move|p2a: Necrozma|Sunsteel Strike|p1a: Zacian\n|-damage|p1a: Zacian|0 fnt\n|faint|p1a: Zacian\n|\n|upkeep\n|c|\u2606baconeatinassassin|gg\n|-message|skimmythegod forfeited.\n|\n|win|baconeatinassassin\n","uploadtime":1699622964,"views":173,"p1id":"skimmythegod","p2id":"baconeatinassassin","formatid":"gen9nationaldexubers","rating":0,"private":0,"password":""}