{"id":"china-gen9anythinggoes-11020086","p1":"ch3cho1117","p2":"Xiao Shi","format":"[Gen 9] Anything Goes","log":"|j|\u2606ch3cho1117\n|j|\u2606Xiao Shi\n|t:|1698242716\n|gametype|singles\n|player|p1|ch3cho1117|169|\n|player|p2|Xiao Shi|169|\n|teamsize|p1|6\n|teamsize|p2|6\n|gen|9\n|tier|[Gen 9] Anything Goes\n|rule|HP Percentage Mod: HP is shown in percentages\n|rule|Endless Battle Clause: Forcing endless battles is banned\n|clearpoke\n|poke|p1|Dondozo, M|\n|poke|p1|Dondozo, F|\n|poke|p1|Dondozo, M|\n|poke|p1|Dondozo, F|\n|poke|p1|Dondozo, M|\n|poke|p1|Dondozo, F|\n|poke|p2|Dondozo, F|\n|poke|p2|Dondozo, F|\n|poke|p2|Dondozo, M|\n|poke|p2|Dondozo, M|\n|poke|p2|Dondozo, M|\n|poke|p2|Dondozo, F|\n|teampreview\n|inactive|Battle timer is ON: inactive players will automatically lose when time's up. (requested by ch3cho1117)\n|\n|t:|1698242729\n|start\n|switch|p1a: \u767e\u53d1\u767e\u4e2d\uff01\uff01|Dondozo, M|100\/100\n|switch|p2a: \u4e00\u4e0b\u4e00\u4e2a|Dondozo, F|100\/100\n|turn|1\n|\n|t:|1698242734\n|move|p1a: \u767e\u53d1\u767e\u4e2d\uff01\uff01|Fissure|p2a: \u4e00\u4e0b\u4e00\u4e2a|[miss]\n|-miss|p1a: \u767e\u53d1\u767e\u4e2d\uff01\uff01|p2a: \u4e00\u4e0b\u4e00\u4e2a\n|move|p2a: \u4e00\u4e0b\u4e00\u4e2a|Fissure|p1a: \u767e\u53d1\u767e\u4e2d\uff01\uff01|[miss]\n|-miss|p2a: \u4e00\u4e0b\u4e00\u4e2a|p1a: \u767e\u53d1\u767e\u4e2d\uff01\uff01\n|\n|upkeep\n|turn|2\n|\n|t:|1698242742\n|move|p2a: \u4e00\u4e0b\u4e00\u4e2a|Fissure|p1a: \u767e\u53d1\u767e\u4e2d\uff01\uff01|[miss]\n|-miss|p2a: \u4e00\u4e0b\u4e00\u4e2a|p1a: \u767e\u53d1\u767e\u4e2d\uff01\uff01\n|move|p1a: \u767e\u53d1\u767e\u4e2d\uff01\uff01|Fissure|p2a: \u4e00\u4e0b\u4e00\u4e2a|[miss]\n|-miss|p1a: \u767e\u53d1\u767e\u4e2d\uff01\uff01|p2a: \u4e00\u4e0b\u4e00\u4e2a\n|\n|upkeep\n|turn|3\n|\n|t:|1698242748\n|move|p2a: \u4e00\u4e0b\u4e00\u4e2a|Fissure|p1a: \u767e\u53d1\u767e\u4e2d\uff01\uff01\n|-damage|p1a: \u767e\u53d1\u767e\u4e2d\uff01\uff01|0 fnt\n|faint|p1a: \u767e\u53d1\u767e\u4e2d\uff01\uff01\n|-ohko\n|\n|upkeep\n|j| Serein531\n|c|\u2606Xiao Shi|nice\n|\n|t:|1698242753\n|switch|p1a: \u600e\u4e48\u6b7b\u4e86|Dondozo, F|100\/100\n|turn|4\n|c|\u2606Xiao Shi|\u4e0d\u6127\u662f\u4f60\n|c|\u2606Xiao Shi|\u4f19\u4f34\n|j| nana2333\n|\n|t:|1698242759\n|move|p1a: \u600e\u4e48\u6b7b\u4e86|Fissure|p2a: \u4e00\u4e0b\u4e00\u4e2a\n|-damage|p2a: \u4e00\u4e0b\u4e00\u4e2a|0 fnt\n|faint|p2a: \u4e00\u4e0b\u4e00\u4e2a\n|-ohko\n|\n|upkeep\n|j| HvLieF\n|c|\u2606ch3cho1117|nice\n|c|\u2606Xiao Shi|\u600e\u4e48\u6b7b\u4e86\u554a\uff01\uff01\uff01\n|c|\u2606Xiao Shi|\u4f19\u4f34\n|c|\u2606ch3cho1117|\u4e0d\u6127\u662f\u4f60\n|\n|t:|1698242770\n|switch|p2a: \u8fd8\u6709\u9ad8\u624b\uff1f|Dondozo, F|100\/100\n|turn|5\n|c|\u2606ch3cho1117|\u4f19\u4f34\n|\n|t:|1698242773\n|move|p1a: \u600e\u4e48\u6b7b\u4e86|Fissure|p2a: \u8fd8\u6709\u9ad8\u624b\uff1f|[miss]\n|-miss|p1a: \u600e\u4e48\u6b7b\u4e86|p2a: \u8fd8\u6709\u9ad8\u624b\uff1f\n|move|p2a: \u8fd8\u6709\u9ad8\u624b\uff1f|Fissure|p1a: \u600e\u4e48\u6b7b\u4e86|[miss]\n|-miss|p2a: \u8fd8\u6709\u9ad8\u624b\uff1f|p1a: \u600e\u4e48\u6b7b\u4e86\n|\n|upkeep\n|turn|6\n|\n|t:|1698242779\n|move|p2a: \u8fd8\u6709\u9ad8\u624b\uff1f|Fissure|p1a: \u600e\u4e48\u6b7b\u4e86|[miss]\n|-miss|p2a: \u8fd8\u6709\u9ad8\u624b\uff1f|p1a: \u600e\u4e48\u6b7b\u4e86\n|move|p1a: \u600e\u4e48\u6b7b\u4e86|Fissure|p2a: \u8fd8\u6709\u9ad8\u624b\uff1f|[miss]\n|-miss|p1a: \u600e\u4e48\u6b7b\u4e86|p2a: \u8fd8\u6709\u9ad8\u624b\uff1f\n|\n|upkeep\n|turn|7\n|\n|t:|1698242785\n|move|p1a: \u600e\u4e48\u6b7b\u4e86|Fissure|p2a: \u8fd8\u6709\u9ad8\u624b\uff1f|[miss]\n|-miss|p1a: \u600e\u4e48\u6b7b\u4e86|p2a: \u8fd8\u6709\u9ad8\u624b\uff1f\n|move|p2a: \u8fd8\u6709\u9ad8\u624b\uff1f|Fissure|p1a: \u600e\u4e48\u6b7b\u4e86|[miss]\n|-miss|p2a: \u8fd8\u6709\u9ad8\u624b\uff1f|p1a: \u600e\u4e48\u6b7b\u4e86\n|\n|upkeep\n|turn|8\n|c|\u2606Xiao Shi|\u4e0a\u554a\uff01\uff01\uff01\u4f19\u4f34\uff01\uff01\uff01\n|\n|t:|1698242795\n|move|p2a: \u8fd8\u6709\u9ad8\u624b\uff1f|Fissure|p1a: \u600e\u4e48\u6b7b\u4e86|[miss]\n|-miss|p2a: \u8fd8\u6709\u9ad8\u624b\uff1f|p1a: \u600e\u4e48\u6b7b\u4e86\n|move|p1a: \u600e\u4e48\u6b7b\u4e86|Fissure|p2a: \u8fd8\u6709\u9ad8\u624b\uff1f|[miss]\n|-miss|p1a: \u600e\u4e48\u6b7b\u4e86|p2a: \u8fd8\u6709\u9ad8\u624b\uff1f\n|\n|upkeep\n|turn|9\n|c|\u2606ch3cho1117|\u4e0a\uff01\uff01\uff01\n|\n|t:|1698242804\n|move|p2a: \u8fd8\u6709\u9ad8\u624b\uff1f|Fissure|p1a: \u600e\u4e48\u6b7b\u4e86|[miss]\n|-miss|p2a: \u8fd8\u6709\u9ad8\u624b\uff1f|p1a: \u600e\u4e48\u6b7b\u4e86\n|move|p1a: \u600e\u4e48\u6b7b\u4e86|Fissure|p2a: \u8fd8\u6709\u9ad8\u624b\uff1f|[miss]\n|-miss|p1a: \u600e\u4e48\u6b7b\u4e86|p2a: \u8fd8\u6709\u9ad8\u624b\uff1f\n|\n|upkeep\n|turn|10\n|\n|t:|1698242809\n|move|p1a: \u600e\u4e48\u6b7b\u4e86|Fissure|p2a: \u8fd8\u6709\u9ad8\u624b\uff1f|[miss]\n|-miss|p1a: \u600e\u4e48\u6b7b\u4e86|p2a: \u8fd8\u6709\u9ad8\u624b\uff1f\n|move|p2a: \u8fd8\u6709\u9ad8\u624b\uff1f|Fissure|p1a: \u600e\u4e48\u6b7b\u4e86\n|-damage|p1a: \u600e\u4e48\u6b7b\u4e86|0 fnt\n|faint|p1a: \u600e\u4e48\u6b7b\u4e86\n|-ohko\n|\n|upkeep\n|c| Serein531|\u300a\u600e\u4e48\u6b7b\u4e86\u300b\n|\n|t:|1698242816\n|switch|p1a: \u5367\u69fd\u600e\u4e48\u53c8\u6b7b\u4e86|Dondozo, M|100\/100\n|turn|11\n|c|\u2606Xiao Shi|\u4f19\u4f34\uff01\uff01\uff01\uff01\n|\n|t:|1698242821\n|move|p1a: \u5367\u69fd\u600e\u4e48\u53c8\u6b7b\u4e86|Fissure|p2a: \u8fd8\u6709\u9ad8\u624b\uff1f\n|-damage|p2a: \u8fd8\u6709\u9ad8\u624b\uff1f|0 fnt\n|faint|p2a: \u8fd8\u6709\u9ad8\u624b\uff1f\n|-ohko\n|\n|upkeep\n|c|\u2606Xiao Shi|\u5367\u69fd\n|\n|t:|1698242827\n|switch|p2a: \u600e\u4e48\u56de\u4e8b\uff1f|Dondozo, M|100\/100\n|turn|12\n|c|\u2606ch3cho1117|\u597d\uff01\n|\n|t:|1698242831\n|move|p2a: \u600e\u4e48\u56de\u4e8b\uff1f|Fissure|p1a: \u5367\u69fd\u600e\u4e48\u53c8\u6b7b\u4e86|[miss]\n|-miss|p2a: \u600e\u4e48\u56de\u4e8b\uff1f|p1a: \u5367\u69fd\u600e\u4e48\u53c8\u6b7b\u4e86\n|move|p1a: \u5367\u69fd\u600e\u4e48\u53c8\u6b7b\u4e86|Fissure|p2a: \u600e\u4e48\u56de\u4e8b\uff1f|[miss]\n|-miss|p1a: \u5367\u69fd\u600e\u4e48\u53c8\u6b7b\u4e86|p2a: \u600e\u4e48\u56de\u4e8b\uff1f\n|\n|upkeep\n|turn|13\n|\n|t:|1698242838\n|move|p1a: \u5367\u69fd\u600e\u4e48\u53c8\u6b7b\u4e86|Fissure|p2a: \u600e\u4e48\u56de\u4e8b\uff1f\n|-damage|p2a: \u600e\u4e48\u56de\u4e8b\uff1f|0 fnt\n|faint|p2a: \u600e\u4e48\u56de\u4e8b\uff1f\n|-ohko\n|\n|upkeep\n|c|\u2606Xiao Shi|\u600e\u4e48\u56de\u4e8b\uff01\uff01\n|\n|t:|1698242845\n|switch|p2a: \u600e\u4e48\u73a9\u9633\u5bff\u7684\u554a|Dondozo, M|100\/100\n|turn|14\n|\n|t:|1698242848\n|move|p1a: \u5367\u69fd\u600e\u4e48\u53c8\u6b7b\u4e86|Fissure|p2a: \u600e\u4e48\u73a9\u9633\u5bff\u7684\u554a\n|-damage|p2a: \u600e\u4e48\u73a9\u9633\u5bff\u7684\u554a|0 fnt\n|faint|p2a: \u600e\u4e48\u73a9\u9633\u5bff\u7684\u554a\n|-ohko\n|\n|upkeep\n|c|\u2606ch3cho1117|\u600e\u4e48\u53c8\u6b7b\u4e86\n|c|\u2606Xiao Shi|\u600e\u4e48\u73a9\u9633\u5bff\u7684\u554a\n|\n|t:|1698242857\n|switch|p2a: \u90a3\u6211\u73a9\u5565|Dondozo, M|100\/100\n|turn|15\n|\n|t:|1698242860\n|move|p2a: \u90a3\u6211\u73a9\u5565|Fissure|p1a: \u5367\u69fd\u600e\u4e48\u53c8\u6b7b\u4e86|[miss]\n|-miss|p2a: \u90a3\u6211\u73a9\u5565|p1a: \u5367\u69fd\u600e\u4e48\u53c8\u6b7b\u4e86\n|move|p1a: \u5367\u69fd\u600e\u4e48\u53c8\u6b7b\u4e86|Fissure|p2a: \u90a3\u6211\u73a9\u5565\n|-damage|p2a: \u90a3\u6211\u73a9\u5565|0 fnt\n|faint|p2a: \u90a3\u6211\u73a9\u5565\n|-ohko\n|\n|upkeep\n|c| Serein531|\u73a9\u5c41\u5462\n|\n|t:|1698242874\n|switch|p2a: \u8981\u53d8\u6210\u5c0f\u840c\u65b0\u4e86|Dondozo, F|100\/100\n|turn|16\n|c|\u2606ch3cho1117|\u600e\u4e48\u53c8\u6b7b\u4e86\n|c| nana2333|\u7b11\u6b7b\n|\n|t:|1698242878\n|move|p1a: \u5367\u69fd\u600e\u4e48\u53c8\u6b7b\u4e86|Fissure|p2a: \u8981\u53d8\u6210\u5c0f\u840c\u65b0\u4e86|[miss]\n|-miss|p1a: \u5367\u69fd\u600e\u4e48\u53c8\u6b7b\u4e86|p2a: \u8981\u53d8\u6210\u5c0f\u840c\u65b0\u4e86\n|move|p2a: \u8981\u53d8\u6210\u5c0f\u840c\u65b0\u4e86|Fissure|p1a: \u5367\u69fd\u600e\u4e48\u53c8\u6b7b\u4e86|[miss]\n|-miss|p2a: \u8981\u53d8\u6210\u5c0f\u840c\u65b0\u4e86|p1a: \u5367\u69fd\u600e\u4e48\u53c8\u6b7b\u4e86\n|\n|upkeep\n|turn|17\n|\n|t:|1698242884\n|move|p1a: \u5367\u69fd\u600e\u4e48\u53c8\u6b7b\u4e86|Fissure|p2a: \u8981\u53d8\u6210\u5c0f\u840c\u65b0\u4e86|[miss]\n|-miss|p1a: \u5367\u69fd\u600e\u4e48\u53c8\u6b7b\u4e86|p2a: \u8981\u53d8\u6210\u5c0f\u840c\u65b0\u4e86\n|move|p2a: \u8981\u53d8\u6210\u5c0f\u840c\u65b0\u4e86|Fissure|p1a: \u5367\u69fd\u600e\u4e48\u53c8\u6b7b\u4e86|[miss]\n|-miss|p2a: \u8981\u53d8\u6210\u5c0f\u840c\u65b0\u4e86|p1a: \u5367\u69fd\u600e\u4e48\u53c8\u6b7b\u4e86\n|\n|upkeep\n|turn|18\n|c|\u2606Xiao Shi|\u5c0f\u840c\u65b0\uff01\uff01\uff01\uff01\n|c|\u2606Xiao Shi|\u52a0\u6cb9\u554a\uff01\uff01\n|\n|t:|1698242890\n|move|p2a: \u8981\u53d8\u6210\u5c0f\u840c\u65b0\u4e86|Fissure|p1a: \u5367\u69fd\u600e\u4e48\u53c8\u6b7b\u4e86|[miss]\n|-miss|p2a: \u8981\u53d8\u6210\u5c0f\u840c\u65b0\u4e86|p1a: \u5367\u69fd\u600e\u4e48\u53c8\u6b7b\u4e86\n|move|p1a: \u5367\u69fd\u600e\u4e48\u53c8\u6b7b\u4e86|Fissure|p2a: \u8981\u53d8\u6210\u5c0f\u840c\u65b0\u4e86\n|-damage|p2a: \u8981\u53d8\u6210\u5c0f\u840c\u65b0\u4e86|0 fnt\n|faint|p2a: \u8981\u53d8\u6210\u5c0f\u840c\u65b0\u4e86\n|-ohko\n|\n|win|ch3cho1117\n|c|\u2606ch3cho1117|\uff01\n|l| Serein531\n|c|\u2606ch3cho1117|\u725b\n","uploadtime":1698242902,"views":8,"p1id":"ch3cho1117","p2id":"xiaoshi","formatid":"gen9anythinggoes","rating":0,"private":0,"password":""}