{"id":"china-gen9anythinggoes-11020060","p1":"zhendejiao\u7af9\u9f99","p2":"fizz123456","format":"[Gen 9] Anything Goes","log":"|j|\u2606zhendejiao\u7af9\u9f99\n|j|\u2606fizz123456\n|t:|1698241900\n|gametype|singles\n|player|p1|zhendejiao\u7af9\u9f99|169|\n|player|p2|fizz123456|hiker-gen4|\n|teamsize|p1|6\n|teamsize|p2|6\n|gen|9\n|tier|[Gen 9] Anything Goes\n|rule|HP Percentage Mod: HP is shown in percentages\n|rule|Endless Battle Clause: Forcing endless battles is banned\n|clearpoke\n|poke|p1|Dondozo, F|\n|poke|p1|Dondozo, M|\n|poke|p1|Dondozo, F|\n|poke|p1|Dondozo, M|\n|poke|p1|Dondozo, M|\n|poke|p1|Dondozo, F|\n|poke|p2|Dondozo, M|\n|poke|p2|Dondozo, F|\n|poke|p2|Dondozo, M|\n|poke|p2|Dondozo, M|\n|poke|p2|Dondozo, M|\n|poke|p2|Dondozo, F|\n|teampreview\n|c|\u2606zhendejiao\u7af9\u9f99|\u53d7\u6b7b\u5427\n|c|\u2606fizz123456|\uff1f\n|\n|t:|1698241913\n|start\n|switch|p1a: \u597d\u8fd0\u6765|Dondozo, F|100\/100\n|switch|p2a: Dondozo|Dondozo, M|100\/100\n|turn|1\n|\n|t:|1698241916\n|move|p1a: \u597d\u8fd0\u6765|Fissure|p2a: Dondozo|[miss]\n|-miss|p1a: \u597d\u8fd0\u6765|p2a: Dondozo\n|move|p2a: Dondozo|Fissure|p1a: \u597d\u8fd0\u6765\n|-damage|p1a: \u597d\u8fd0\u6765|0 fnt\n|faint|p1a: \u597d\u8fd0\u6765\n|-ohko\n|\n|upkeep\n|c|\u2606zhendejiao\u7af9\u9f99|\uff1f\n|c|\u2606fizz123456|xswl\n|\n|t:|1698241940\n|switch|p1a: \u597d\u8fd0\u6765|Dondozo, M|100\/100\n|turn|2\n|\n|t:|1698241943\n|move|p2a: Dondozo|Fissure|p1a: \u597d\u8fd0\u6765|[miss]\n|-miss|p2a: Dondozo|p1a: \u597d\u8fd0\u6765\n|move|p1a: \u597d\u8fd0\u6765|Fissure|p2a: Dondozo\n|-damage|p2a: Dondozo|0 fnt\n|faint|p2a: Dondozo\n|-ohko\n|\n|upkeep\n|\n|t:|1698241946\n|switch|p2a: Dondozo|Dondozo, F|100\/100\n|turn|3\n|c|\u2606fizz123456|\uff1f\n|\n|t:|1698241949\n|move|p2a: Dondozo|Fissure|p1a: \u597d\u8fd0\u6765\n|-damage|p1a: \u597d\u8fd0\u6765|0 fnt\n|faint|p1a: \u597d\u8fd0\u6765\n|-ohko\n|\n|upkeep\n|\n|t:|1698241954\n|switch|p1a: \u597d\u8fd0\u6765|Dondozo, F|100\/100\n|turn|4\n|\n|t:|1698241956\n|move|p2a: Dondozo|Fissure|p1a: \u597d\u8fd0\u6765|[miss]\n|-miss|p2a: Dondozo|p1a: \u597d\u8fd0\u6765\n|move|p1a: \u597d\u8fd0\u6765|Fissure|p2a: Dondozo|[miss]\n|-miss|p1a: \u597d\u8fd0\u6765|p2a: Dondozo\n|\n|upkeep\n|turn|5\n|\n|t:|1698241960\n|move|p2a: Dondozo|Fissure|p1a: \u597d\u8fd0\u6765|[miss]\n|-miss|p2a: Dondozo|p1a: \u597d\u8fd0\u6765\n|move|p1a: \u597d\u8fd0\u6765|Fissure|p2a: Dondozo|[miss]\n|-miss|p1a: \u597d\u8fd0\u6765|p2a: Dondozo\n|\n|upkeep\n|turn|6\n|\n|t:|1698241963\n|move|p2a: Dondozo|Fissure|p1a: \u597d\u8fd0\u6765\n|-damage|p1a: \u597d\u8fd0\u6765|0 fnt\n|faint|p1a: \u597d\u8fd0\u6765\n|-ohko\n|\n|upkeep\n|c|\u2606zhendejiao\u7af9\u9f99|\u8349\u554a\n|\n|t:|1698241969\n|switch|p1a: \u597d\u8fd0\u6765|Dondozo, M|100\/100\n|turn|7\n|\n|t:|1698241972\n|move|p2a: Dondozo|Fissure|p1a: \u597d\u8fd0\u6765|[miss]\n|-miss|p2a: Dondozo|p1a: \u597d\u8fd0\u6765\n|move|p1a: \u597d\u8fd0\u6765|Fissure|p2a: Dondozo|[miss]\n|-miss|p1a: \u597d\u8fd0\u6765|p2a: Dondozo\n|\n|upkeep\n|turn|8\n|\n|t:|1698241974\n|move|p1a: \u597d\u8fd0\u6765|Fissure|p2a: Dondozo|[miss]\n|-miss|p1a: \u597d\u8fd0\u6765|p2a: Dondozo\n|move|p2a: Dondozo|Fissure|p1a: \u597d\u8fd0\u6765|[miss]\n|-miss|p2a: Dondozo|p1a: \u597d\u8fd0\u6765\n|\n|upkeep\n|turn|9\n|\n|t:|1698241976\n|move|p2a: Dondozo|Fissure|p1a: \u597d\u8fd0\u6765|[miss]\n|-miss|p2a: Dondozo|p1a: \u597d\u8fd0\u6765\n|move|p1a: \u597d\u8fd0\u6765|Fissure|p2a: Dondozo|[miss]\n|-miss|p1a: \u597d\u8fd0\u6765|p2a: Dondozo\n|\n|upkeep\n|turn|10\n|\n|t:|1698241979\n|move|p2a: Dondozo|Fissure|p1a: \u597d\u8fd0\u6765|[miss]\n|-miss|p2a: Dondozo|p1a: \u597d\u8fd0\u6765\n|move|p1a: \u597d\u8fd0\u6765|Fissure|p2a: Dondozo|[miss]\n|-miss|p1a: \u597d\u8fd0\u6765|p2a: Dondozo\n|\n|upkeep\n|turn|11\n|\n|t:|1698241983\n|-activate|p2a: Dondozo|move: Struggle\n|move|p2a: Dondozo|Struggle|p1a: \u597d\u8fd0\u6765\n|-damage|p1a: \u597d\u8fd0\u6765|91\/100\n|-damage|p2a: Dondozo|75\/100|[from] recoil\n|move|p1a: \u597d\u8fd0\u6765|Fissure|p2a: Dondozo|[miss]\n|-miss|p1a: \u597d\u8fd0\u6765|p2a: Dondozo\n|\n|upkeep\n|turn|12\n|\n|t:|1698241990\n|switch|p1a: \u597d\u8fd0\u6765|Dondozo, M|100\/100\n|-activate|p2a: Dondozo|move: Struggle\n|move|p2a: Dondozo|Struggle|p1a: \u597d\u8fd0\u6765\n|-damage|p1a: \u597d\u8fd0\u6765|90\/100\n|-damage|p2a: Dondozo|50\/100|[from] recoil\n|\n|upkeep\n|turn|13\n|\n|t:|1698241997\n|switch|p1a: \u597d\u8fd0\u6765|Dondozo, M|91\/100\n|-activate|p2a: Dondozo|move: Struggle\n|move|p2a: Dondozo|Struggle|p1a: \u597d\u8fd0\u6765\n|-damage|p1a: \u597d\u8fd0\u6765|80\/100\n|-damage|p2a: Dondozo|25\/100|[from] recoil\n|\n|upkeep\n|turn|14\n|\n|t:|1698242000\n|switch|p1a: \u597d\u8fd0\u6765|Dondozo, M|90\/100\n|switch|p2a: Dondozo|Dondozo, M|100\/100\n|\n|upkeep\n|turn|15\n|\n|t:|1698242003\n|move|p1a: \u597d\u8fd0\u6765|Fissure|p2a: Dondozo|[miss]\n|-miss|p1a: \u597d\u8fd0\u6765|p2a: Dondozo\n|move|p2a: Dondozo|Fissure|p1a: \u597d\u8fd0\u6765|[miss]\n|-miss|p2a: Dondozo|p1a: \u597d\u8fd0\u6765\n|\n|upkeep\n|turn|16\n|\n|t:|1698242007\n|move|p2a: Dondozo|Fissure|p1a: \u597d\u8fd0\u6765|[miss]\n|-miss|p2a: Dondozo|p1a: \u597d\u8fd0\u6765\n|move|p1a: \u597d\u8fd0\u6765|Fissure|p2a: Dondozo|[miss]\n|-miss|p1a: \u597d\u8fd0\u6765|p2a: Dondozo\n|\n|upkeep\n|turn|17\n|\n|t:|1698242010\n|move|p2a: Dondozo|Fissure|p1a: \u597d\u8fd0\u6765|[miss]\n|-miss|p2a: Dondozo|p1a: \u597d\u8fd0\u6765\n|move|p1a: \u597d\u8fd0\u6765|Fissure|p2a: Dondozo\n|-damage|p2a: Dondozo|0 fnt\n|faint|p2a: Dondozo\n|-ohko\n|\n|upkeep\n|\n|t:|1698242013\n|switch|p2a: Dondozo|Dondozo, M|100\/100\n|turn|18\n|\n|t:|1698242015\n|move|p2a: Dondozo|Fissure|p1a: \u597d\u8fd0\u6765\n|-damage|p1a: \u597d\u8fd0\u6765|0 fnt\n|faint|p1a: \u597d\u8fd0\u6765\n|-ohko\n|\n|upkeep\n|\n|t:|1698242020\n|switch|p1a: \u597d\u8fd0\u6765|Dondozo, M|80\/100\n|turn|19\n|\n|t:|1698242022\n|move|p2a: Dondozo|Fissure|p1a: \u597d\u8fd0\u6765|[miss]\n|-miss|p2a: Dondozo|p1a: \u597d\u8fd0\u6765\n|move|p1a: \u597d\u8fd0\u6765|Fissure|p2a: Dondozo|[miss]\n|-miss|p1a: \u597d\u8fd0\u6765|p2a: Dondozo\n|\n|upkeep\n|turn|20\n|\n|t:|1698242024\n|move|p2a: Dondozo|Fissure|p1a: \u597d\u8fd0\u6765|[miss]\n|-miss|p2a: Dondozo|p1a: \u597d\u8fd0\u6765\n|move|p1a: \u597d\u8fd0\u6765|Fissure|p2a: Dondozo\n|-damage|p2a: Dondozo|0 fnt\n|faint|p2a: Dondozo\n|-ohko\n|\n|upkeep\n|\n|t:|1698242028\n|switch|p2a: Dondozo|Dondozo, M|100\/100\n|turn|21\n|\n|t:|1698242030\n|move|p1a: \u597d\u8fd0\u6765|Fissure|p2a: Dondozo|[miss]\n|-miss|p1a: \u597d\u8fd0\u6765|p2a: Dondozo\n|move|p2a: Dondozo|Fissure|p1a: \u597d\u8fd0\u6765|[miss]\n|-miss|p2a: Dondozo|p1a: \u597d\u8fd0\u6765\n|\n|upkeep\n|turn|22\n|\n|t:|1698242032\n|-activate|p1a: \u597d\u8fd0\u6765|move: Struggle\n|move|p1a: \u597d\u8fd0\u6765|Struggle|p2a: Dondozo\n|-damage|p2a: Dondozo|90\/100\n|-damage|p1a: \u597d\u8fd0\u6765|55\/100|[from] recoil\n|move|p2a: Dondozo|Fissure|p1a: \u597d\u8fd0\u6765|[miss]\n|-miss|p2a: Dondozo|p1a: \u597d\u8fd0\u6765\n|\n|upkeep\n|turn|23\n|\n|t:|1698242039\n|switch|p2a: Dondozo|Dondozo, F|25\/100\n|-activate|p1a: \u597d\u8fd0\u6765|move: Struggle\n|move|p1a: \u597d\u8fd0\u6765|Struggle|p2a: Dondozo\n|-damage|p2a: Dondozo|15\/100\n|-damage|p1a: \u597d\u8fd0\u6765|30\/100|[from] recoil\n|\n|upkeep\n|turn|24\n|\n|t:|1698242043\n|-activate|p2a: Dondozo|move: Struggle\n|move|p2a: Dondozo|Struggle|p1a: \u597d\u8fd0\u6765\n|-damage|p1a: \u597d\u8fd0\u6765|19\/100\n|-damage|p2a: Dondozo|0 fnt|[from] recoil\n|faint|p2a: Dondozo\n|-activate|p1a: \u597d\u8fd0\u6765|move: Struggle\n|move|p1a: \u597d\u8fd0\u6765|Struggle|p2: Dondozo|[notarget]\n|-fail|p1a: \u597d\u8fd0\u6765\n|\n|upkeep\n|\n|t:|1698242048\n|switch|p2a: Dondozo|Dondozo, M|90\/100\n|turn|25\n|\n|t:|1698242050\n|switch|p2a: Dondozo|Dondozo, F|100\/100\n|-activate|p1a: \u597d\u8fd0\u6765|move: Struggle\n|move|p1a: \u597d\u8fd0\u6765|Struggle|p2a: Dondozo\n|-damage|p2a: Dondozo|90\/100\n|-damage|p1a: \u597d\u8fd0\u6765|0 fnt|[from] recoil\n|faint|p1a: \u597d\u8fd0\u6765\n|\n|upkeep\n|\n|t:|1698242052\n|switch|p1a: \u597d\u8fd0\u6765|Dondozo, F|100\/100\n|turn|26\n|\n|t:|1698242054\n|move|p2a: Dondozo|Fissure|p1a: \u597d\u8fd0\u6765|[miss]\n|-miss|p2a: Dondozo|p1a: \u597d\u8fd0\u6765\n|move|p1a: \u597d\u8fd0\u6765|Fissure|p2a: Dondozo|[miss]\n|-miss|p1a: \u597d\u8fd0\u6765|p2a: Dondozo\n|\n|upkeep\n|turn|27\n|\n|t:|1698242056\n|move|p1a: \u597d\u8fd0\u6765|Fissure|p2a: Dondozo\n|-damage|p2a: Dondozo|0 fnt\n|faint|p2a: Dondozo\n|-ohko\n|\n|upkeep\n|\n|t:|1698242059\n|switch|p2a: Dondozo|Dondozo, M|90\/100\n|turn|28\n|c|\u2606zhendejiao\u7af9\u9f99|wow\n|c|\u2606zhendejiao\u7af9\u9f99|\u6765\u4e86\n|\n|t:|1698242063\n|move|p2a: Dondozo|Fissure|p1a: \u597d\u8fd0\u6765\n|-damage|p1a: \u597d\u8fd0\u6765|0 fnt\n|faint|p1a: \u597d\u8fd0\u6765\n|-ohko\n|\n|win|fizz123456\n|c|\u2606zhendejiao\u7af9\u9f99|\uff1f\n|c|\u2606fizz123456|hhh\n|l|\u2606fizz123456\n","uploadtime":1698243246,"views":7,"p1id":"zhendejiao","p2id":"fizz123456","formatid":"gen9anythinggoes","rating":0,"private":0,"password":""}