{"id":"china-gen9anythinggoes-11020032","p1":"Serein531","p2":"Xiao Shi","format":"[Gen 9] Anything Goes","log":"|j|\u2606Serein531\n|j|\u2606Xiao Shi\n|t:|1698241503\n|gametype|singles\n|player|p1|Serein531|nyar202214.png|\n|player|p2|Xiao Shi|169|\n|teamsize|p1|6\n|teamsize|p2|6\n|gen|9\n|tier|[Gen 9] Anything Goes\n|rule|HP Percentage Mod: HP is shown in percentages\n|rule|Endless Battle Clause: Forcing endless battles is banned\n|clearpoke\n|poke|p1|Dondozo, F|\n|poke|p1|Dondozo, M|\n|poke|p1|Dondozo, M|\n|poke|p1|Dondozo, F|\n|poke|p1|Dondozo, M|\n|poke|p1|Dondozo, F|\n|poke|p2|Dondozo, M|\n|poke|p2|Dondozo, M|\n|poke|p2|Dondozo, M|\n|poke|p2|Dondozo, F|\n|poke|p2|Dondozo, M|\n|poke|p2|Dondozo, F|\n|teampreview\n|inactive|Battle timer is ON: inactive players will automatically lose when time's up. (requested by Xiao Shi)\n|inactiveoff|Battle timer is now OFF.\n|\n|t:|1698241522\n|start\n|switch|p1a: yo\u7687\u4e00\u53f7|Dondozo, F|100\/100\n|switch|p2a: \u4e00\u4e0b\u4e00\u4e2a|Dondozo, M|100\/100\n|turn|1\n|\n|t:|1698241542\n|move|p1a: yo\u7687\u4e00\u53f7|Fissure|p2a: \u4e00\u4e0b\u4e00\u4e2a|[miss]\n|-miss|p1a: yo\u7687\u4e00\u53f7|p2a: \u4e00\u4e0b\u4e00\u4e2a\n|move|p2a: \u4e00\u4e0b\u4e00\u4e2a|Fissure|p1a: yo\u7687\u4e00\u53f7|[miss]\n|-miss|p2a: \u4e00\u4e0b\u4e00\u4e2a|p1a: yo\u7687\u4e00\u53f7\n|\n|upkeep\n|turn|2\n|j| zhendejiao\u7af9\u9f99\n|\n|t:|1698241556\n|move|p1a: yo\u7687\u4e00\u53f7|Fissure|p2a: \u4e00\u4e0b\u4e00\u4e2a\n|-damage|p2a: \u4e00\u4e0b\u4e00\u4e2a|0 fnt\n|faint|p2a: \u4e00\u4e0b\u4e00\u4e2a\n|-ohko\n|\n|upkeep\n|\n|t:|1698241558\n|switch|p2a: \u8fd8\u6709\u9ad8\u624b\uff1f|Dondozo, M|100\/100\n|turn|3\n|\n|t:|1698241563\n|move|p1a: yo\u7687\u4e00\u53f7|Fissure|p2a: \u8fd8\u6709\u9ad8\u624b\uff1f|[miss]\n|-miss|p1a: yo\u7687\u4e00\u53f7|p2a: \u8fd8\u6709\u9ad8\u624b\uff1f\n|move|p2a: \u8fd8\u6709\u9ad8\u624b\uff1f|Fissure|p1a: yo\u7687\u4e00\u53f7\n|-damage|p1a: yo\u7687\u4e00\u53f7|0 fnt\n|faint|p1a: yo\u7687\u4e00\u53f7\n|-ohko\n|\n|upkeep\n|c|\u2606Serein531|\u5367\u69fd\uff0c\u8fd8\u6709\u9ad8\u624b\uff1f\n|\n|t:|1698241574\n|switch|p1a: yo\u7687\u4e8c\u53f7|Dondozo, M|100\/100\n|turn|4\n|c| zhendejiao\u7af9\u9f99|\u52bf\u5747\u529b\u654c\u7684\u5bf9\u5c40\n|\n|t:|1698241577\n|move|p1a: yo\u7687\u4e8c\u53f7|Fissure|p2a: \u8fd8\u6709\u9ad8\u624b\uff1f|[miss]\n|-miss|p1a: yo\u7687\u4e8c\u53f7|p2a: \u8fd8\u6709\u9ad8\u624b\uff1f\n|move|p2a: \u8fd8\u6709\u9ad8\u624b\uff1f|Fissure|p1a: yo\u7687\u4e8c\u53f7|[miss]\n|-miss|p2a: \u8fd8\u6709\u9ad8\u624b\uff1f|p1a: yo\u7687\u4e8c\u53f7\n|\n|upkeep\n|turn|5\n|\n|t:|1698241582\n|move|p2a: \u8fd8\u6709\u9ad8\u624b\uff1f|Fissure|p1a: yo\u7687\u4e8c\u53f7|[miss]\n|-miss|p2a: \u8fd8\u6709\u9ad8\u624b\uff1f|p1a: yo\u7687\u4e8c\u53f7\n|move|p1a: yo\u7687\u4e8c\u53f7|Fissure|p2a: \u8fd8\u6709\u9ad8\u624b\uff1f|[miss]\n|-miss|p1a: yo\u7687\u4e8c\u53f7|p2a: \u8fd8\u6709\u9ad8\u624b\uff1f\n|\n|upkeep\n|turn|6\n|\n|t:|1698241597\n|move|p2a: \u8fd8\u6709\u9ad8\u624b\uff1f|Fissure|p1a: yo\u7687\u4e8c\u53f7|[miss]\n|-miss|p2a: \u8fd8\u6709\u9ad8\u624b\uff1f|p1a: yo\u7687\u4e8c\u53f7\n|move|p1a: yo\u7687\u4e8c\u53f7|Fissure|p2a: \u8fd8\u6709\u9ad8\u624b\uff1f|[miss]\n|-miss|p1a: yo\u7687\u4e8c\u53f7|p2a: \u8fd8\u6709\u9ad8\u624b\uff1f\n|\n|upkeep\n|turn|7\n|\n|t:|1698241605\n|move|p2a: \u8fd8\u6709\u9ad8\u624b\uff1f|Fissure|p1a: yo\u7687\u4e8c\u53f7|[miss]\n|-miss|p2a: \u8fd8\u6709\u9ad8\u624b\uff1f|p1a: yo\u7687\u4e8c\u53f7\n|move|p1a: yo\u7687\u4e8c\u53f7|Fissure|p2a: \u8fd8\u6709\u9ad8\u624b\uff1f|[miss]\n|-miss|p1a: yo\u7687\u4e8c\u53f7|p2a: \u8fd8\u6709\u9ad8\u624b\uff1f\n|\n|upkeep\n|turn|8\n|\n|t:|1698241611\n|move|p1a: yo\u7687\u4e8c\u53f7|Fissure|p2a: \u8fd8\u6709\u9ad8\u624b\uff1f|[miss]\n|-miss|p1a: yo\u7687\u4e8c\u53f7|p2a: \u8fd8\u6709\u9ad8\u624b\uff1f\n|move|p2a: \u8fd8\u6709\u9ad8\u624b\uff1f|Fissure|p1a: yo\u7687\u4e8c\u53f7|[miss]\n|-miss|p2a: \u8fd8\u6709\u9ad8\u624b\uff1f|p1a: yo\u7687\u4e8c\u53f7\n|\n|upkeep\n|turn|9\n|\n|t:|1698241616\n|move|p2a: \u8fd8\u6709\u9ad8\u624b\uff1f|Fissure|p1a: yo\u7687\u4e8c\u53f7|[miss]\n|-miss|p2a: \u8fd8\u6709\u9ad8\u624b\uff1f|p1a: yo\u7687\u4e8c\u53f7\n|move|p1a: yo\u7687\u4e8c\u53f7|Fissure|p2a: \u8fd8\u6709\u9ad8\u624b\uff1f|[miss]\n|-miss|p1a: yo\u7687\u4e8c\u53f7|p2a: \u8fd8\u6709\u9ad8\u624b\uff1f\n|\n|upkeep\n|turn|10\n|\n|t:|1698241621\n|move|p1a: yo\u7687\u4e8c\u53f7|Fissure|p2a: \u8fd8\u6709\u9ad8\u624b\uff1f|[miss]\n|-miss|p1a: yo\u7687\u4e8c\u53f7|p2a: \u8fd8\u6709\u9ad8\u624b\uff1f\n|move|p2a: \u8fd8\u6709\u9ad8\u624b\uff1f|Fissure|p1a: yo\u7687\u4e8c\u53f7|[miss]\n|-miss|p2a: \u8fd8\u6709\u9ad8\u624b\uff1f|p1a: yo\u7687\u4e8c\u53f7\n|\n|upkeep\n|turn|11\n|\n|t:|1698241626\n|-activate|p2a: \u8fd8\u6709\u9ad8\u624b\uff1f|move: Struggle\n|move|p2a: \u8fd8\u6709\u9ad8\u624b\uff1f|Struggle|p1a: yo\u7687\u4e8c\u53f7\n|-damage|p1a: yo\u7687\u4e8c\u53f7|93\/100\n|-damage|p2a: \u8fd8\u6709\u9ad8\u624b\uff1f|76\/100|[from] recoil\n|move|p1a: yo\u7687\u4e8c\u53f7|Fissure|p2a: \u8fd8\u6709\u9ad8\u624b\uff1f|[miss]\n|-miss|p1a: yo\u7687\u4e8c\u53f7|p2a: \u8fd8\u6709\u9ad8\u624b\uff1f\n|\n|upkeep\n|turn|12\n|j| HvLieF\n|\n|t:|1698241633\n|-activate|p2a: \u8fd8\u6709\u9ad8\u624b\uff1f|move: Struggle\n|move|p2a: \u8fd8\u6709\u9ad8\u624b\uff1f|Struggle|p1a: yo\u7687\u4e8c\u53f7\n|-damage|p1a: yo\u7687\u4e8c\u53f7|86\/100\n|-damage|p2a: \u8fd8\u6709\u9ad8\u624b\uff1f|51\/100|[from] recoil\n|-activate|p1a: yo\u7687\u4e8c\u53f7|move: Struggle\n|move|p1a: yo\u7687\u4e8c\u53f7|Struggle|p2a: \u8fd8\u6709\u9ad8\u624b\uff1f\n|-crit|p2a: \u8fd8\u6709\u9ad8\u624b\uff1f\n|-damage|p2a: \u8fd8\u6709\u9ad8\u624b\uff1f|40\/100\n|-damage|p1a: yo\u7687\u4e8c\u53f7|61\/100|[from] recoil\n|\n|upkeep\n|turn|13\n|\n|t:|1698241641\n|-activate|p1a: yo\u7687\u4e8c\u53f7|move: Struggle\n|move|p1a: yo\u7687\u4e8c\u53f7|Struggle|p2a: \u8fd8\u6709\u9ad8\u624b\uff1f\n|-damage|p2a: \u8fd8\u6709\u9ad8\u624b\uff1f|32\/100\n|-damage|p1a: yo\u7687\u4e8c\u53f7|36\/100|[from] recoil\n|-activate|p2a: \u8fd8\u6709\u9ad8\u624b\uff1f|move: Struggle\n|move|p2a: \u8fd8\u6709\u9ad8\u624b\uff1f|Struggle|p1a: yo\u7687\u4e8c\u53f7\n|-damage|p1a: yo\u7687\u4e8c\u53f7|28\/100\n|-damage|p2a: \u8fd8\u6709\u9ad8\u624b\uff1f|7\/100|[from] recoil\n|\n|upkeep\n|turn|14\n|c| HvLieF|\u600e\u4e48\u90fd\u5f00\u59cb\u6323\u624e\u4e86\n|\n|t:|1698241649\n|-activate|p1a: yo\u7687\u4e8c\u53f7|move: Struggle\n|move|p1a: yo\u7687\u4e8c\u53f7|Struggle|p2a: \u8fd8\u6709\u9ad8\u624b\uff1f\n|-damage|p2a: \u8fd8\u6709\u9ad8\u624b\uff1f|1\/100\n|-damage|p1a: yo\u7687\u4e8c\u53f7|3\/100|[from] recoil\n|-activate|p2a: \u8fd8\u6709\u9ad8\u624b\uff1f|move: Struggle\n|move|p2a: \u8fd8\u6709\u9ad8\u624b\uff1f|Struggle|p1a: yo\u7687\u4e8c\u53f7\n|-damage|p1a: yo\u7687\u4e8c\u53f7|0 fnt\n|faint|p1a: yo\u7687\u4e8c\u53f7\n|-damage|p2a: \u8fd8\u6709\u9ad8\u624b\uff1f|0 fnt|[from] recoil\n|faint|p2a: \u8fd8\u6709\u9ad8\u624b\uff1f\n|\n|upkeep\n|c|\u2606Serein531|\u8fd9\u8fd8\u80fd\u540c\u5f52\u4e8e\u5c3d\u554a\uff01\n|c| zhendejiao\u7af9\u9f99|\u725b\u903c\n|\n|t:|1698241660\n|switch|p1a: yo\u7687\u4e09\u53f7|Dondozo, M|100\/100\n|switch|p2a: \u600e\u4e48\u56de\u4e8b\uff1f|Dondozo, M|100\/100\n|turn|15\n|\n|t:|1698241664\n|move|p1a: yo\u7687\u4e09\u53f7|Fissure|p2a: \u600e\u4e48\u56de\u4e8b\uff1f\n|-damage|p2a: \u600e\u4e48\u56de\u4e8b\uff1f|0 fnt\n|faint|p2a: \u600e\u4e48\u56de\u4e8b\uff1f\n|-ohko\n|\n|upkeep\n|c| zhendejiao\u7af9\u9f99|\u771f\u662f\u9ad8\u624b\u5bf9\u5c40\n|\n|t:|1698241667\n|switch|p2a: \u600e\u4e48\u73a9\u9633\u5bff\u7684\u554a|Dondozo, F|100\/100\n|turn|16\n|\n|t:|1698241674\n|move|p2a: \u600e\u4e48\u73a9\u9633\u5bff\u7684\u554a|Fissure|p1a: yo\u7687\u4e09\u53f7|[miss]\n|-miss|p2a: \u600e\u4e48\u73a9\u9633\u5bff\u7684\u554a|p1a: yo\u7687\u4e09\u53f7\n|move|p1a: yo\u7687\u4e09\u53f7|Fissure|p2a: \u600e\u4e48\u73a9\u9633\u5bff\u7684\u554a|[miss]\n|-miss|p1a: yo\u7687\u4e09\u53f7|p2a: \u600e\u4e48\u73a9\u9633\u5bff\u7684\u554a\n|\n|upkeep\n|turn|17\n|\n|t:|1698241680\n|move|p1a: yo\u7687\u4e09\u53f7|Fissure|p2a: \u600e\u4e48\u73a9\u9633\u5bff\u7684\u554a|[miss]\n|-miss|p1a: yo\u7687\u4e09\u53f7|p2a: \u600e\u4e48\u73a9\u9633\u5bff\u7684\u554a\n|move|p2a: \u600e\u4e48\u73a9\u9633\u5bff\u7684\u554a|Fissure|p1a: yo\u7687\u4e09\u53f7|[miss]\n|-miss|p2a: \u600e\u4e48\u73a9\u9633\u5bff\u7684\u554a|p1a: yo\u7687\u4e09\u53f7\n|\n|upkeep\n|turn|18\n|\n|t:|1698241685\n|move|p2a: \u600e\u4e48\u73a9\u9633\u5bff\u7684\u554a|Fissure|p1a: yo\u7687\u4e09\u53f7\n|-damage|p1a: yo\u7687\u4e09\u53f7|0 fnt\n|faint|p1a: yo\u7687\u4e09\u53f7\n|-ohko\n|\n|upkeep\n|\n|t:|1698241688\n|switch|p1a: yo\u7687\u56db\u53f7|Dondozo, F|100\/100\n|turn|19\n|\n|t:|1698241692\n|move|p1a: yo\u7687\u56db\u53f7|Fissure|p2a: \u600e\u4e48\u73a9\u9633\u5bff\u7684\u554a|[miss]\n|-miss|p1a: yo\u7687\u56db\u53f7|p2a: \u600e\u4e48\u73a9\u9633\u5bff\u7684\u554a\n|move|p2a: \u600e\u4e48\u73a9\u9633\u5bff\u7684\u554a|Fissure|p1a: yo\u7687\u56db\u53f7|[miss]\n|-miss|p2a: \u600e\u4e48\u73a9\u9633\u5bff\u7684\u554a|p1a: yo\u7687\u56db\u53f7\n|\n|upkeep\n|turn|20\n|\n|t:|1698241697\n|move|p1a: yo\u7687\u56db\u53f7|Fissure|p2a: \u600e\u4e48\u73a9\u9633\u5bff\u7684\u554a|[miss]\n|-miss|p1a: yo\u7687\u56db\u53f7|p2a: \u600e\u4e48\u73a9\u9633\u5bff\u7684\u554a\n|move|p2a: \u600e\u4e48\u73a9\u9633\u5bff\u7684\u554a|Fissure|p1a: yo\u7687\u56db\u53f7|[miss]\n|-miss|p2a: \u600e\u4e48\u73a9\u9633\u5bff\u7684\u554a|p1a: yo\u7687\u56db\u53f7\n|\n|upkeep\n|turn|21\n|\n|t:|1698241702\n|move|p2a: \u600e\u4e48\u73a9\u9633\u5bff\u7684\u554a|Fissure|p1a: yo\u7687\u56db\u53f7\n|-damage|p1a: yo\u7687\u56db\u53f7|0 fnt\n|faint|p1a: yo\u7687\u56db\u53f7\n|-ohko\n|\n|upkeep\n|\n|t:|1698241706\n|switch|p1a: yo\u7687\u4e94\u53f7|Dondozo, M|100\/100\n|turn|22\n|c|\u2606Serein531|\u600e\u4e48\u73a9\u9633\u5bff\u7684\u554a \n|\n|t:|1698241712\n|move|p2a: \u600e\u4e48\u73a9\u9633\u5bff\u7684\u554a|Fissure|p1a: yo\u7687\u4e94\u53f7|[miss]\n|-miss|p2a: \u600e\u4e48\u73a9\u9633\u5bff\u7684\u554a|p1a: yo\u7687\u4e94\u53f7\n|move|p1a: yo\u7687\u4e94\u53f7|Fissure|p2a: \u600e\u4e48\u73a9\u9633\u5bff\u7684\u554a\n|-damage|p2a: \u600e\u4e48\u73a9\u9633\u5bff\u7684\u554a|0 fnt\n|faint|p2a: \u600e\u4e48\u73a9\u9633\u5bff\u7684\u554a\n|-ohko\n|\n|upkeep\n|j| ch3cho1117\n|\n|t:|1698241717\n|switch|p2a: \u90a3\u6211\u73a9\u5565|Dondozo, M|100\/100\n|turn|23\n|\n|t:|1698241720\n|move|p2a: \u90a3\u6211\u73a9\u5565|Fissure|p1a: yo\u7687\u4e94\u53f7|[miss]\n|-miss|p2a: \u90a3\u6211\u73a9\u5565|p1a: yo\u7687\u4e94\u53f7\n|move|p1a: yo\u7687\u4e94\u53f7|Fissure|p2a: \u90a3\u6211\u73a9\u5565|[miss]\n|-miss|p1a: yo\u7687\u4e94\u53f7|p2a: \u90a3\u6211\u73a9\u5565\n|\n|upkeep\n|turn|24\n|c| HvLieF|\u52bf\u5747\u529b\u654c\n|\n|t:|1698241725\n|move|p2a: \u90a3\u6211\u73a9\u5565|Fissure|p1a: yo\u7687\u4e94\u53f7|[miss]\n|-miss|p2a: \u90a3\u6211\u73a9\u5565|p1a: yo\u7687\u4e94\u53f7\n|move|p1a: yo\u7687\u4e94\u53f7|Fissure|p2a: \u90a3\u6211\u73a9\u5565|[miss]\n|-miss|p1a: yo\u7687\u4e94\u53f7|p2a: \u90a3\u6211\u73a9\u5565\n|\n|upkeep\n|turn|25\n|\n|t:|1698241731\n|move|p1a: yo\u7687\u4e94\u53f7|Fissure|p2a: \u90a3\u6211\u73a9\u5565|[miss]\n|-miss|p1a: yo\u7687\u4e94\u53f7|p2a: \u90a3\u6211\u73a9\u5565\n|move|p2a: \u90a3\u6211\u73a9\u5565|Fissure|p1a: yo\u7687\u4e94\u53f7|[miss]\n|-miss|p2a: \u90a3\u6211\u73a9\u5565|p1a: yo\u7687\u4e94\u53f7\n|\n|upkeep\n|turn|26\n|\n|t:|1698241736\n|move|p2a: \u90a3\u6211\u73a9\u5565|Fissure|p1a: yo\u7687\u4e94\u53f7|[miss]\n|-miss|p2a: \u90a3\u6211\u73a9\u5565|p1a: yo\u7687\u4e94\u53f7\n|move|p1a: yo\u7687\u4e94\u53f7|Fissure|p2a: \u90a3\u6211\u73a9\u5565\n|-damage|p2a: \u90a3\u6211\u73a9\u5565|0 fnt\n|faint|p2a: \u90a3\u6211\u73a9\u5565\n|-ohko\n|\n|upkeep\n|c|\u2606Xiao Shi|\u523a\u6fc0\u554a\n|c|\u2606Xiao Shi|\u4e0d\u662f\uff01\uff01\uff01\n|\n|t:|1698241743\n|switch|p2a: \u8981\u53d8\u6210\u5c0f\u840c\u65b0\u4e86|Dondozo, F|100\/100\n|turn|27\n|\n|t:|1698241746\n|move|p1a: yo\u7687\u4e94\u53f7|Fissure|p2a: \u8981\u53d8\u6210\u5c0f\u840c\u65b0\u4e86|[miss]\n|-miss|p1a: yo\u7687\u4e94\u53f7|p2a: \u8981\u53d8\u6210\u5c0f\u840c\u65b0\u4e86\n|move|p2a: \u8981\u53d8\u6210\u5c0f\u840c\u65b0\u4e86|Fissure|p1a: yo\u7687\u4e94\u53f7\n|-damage|p1a: yo\u7687\u4e94\u53f7|0 fnt\n|faint|p1a: yo\u7687\u4e94\u53f7\n|-ohko\n|\n|upkeep\n|\n|t:|1698241752\n|switch|p1a: yo\u7687\u516d\u53f7|Dondozo, F|100\/100\n|turn|28\n|\n|t:|1698241761\n|move|p1a: yo\u7687\u516d\u53f7|Fissure|p2a: \u8981\u53d8\u6210\u5c0f\u840c\u65b0\u4e86|[miss]\n|-miss|p1a: yo\u7687\u516d\u53f7|p2a: \u8981\u53d8\u6210\u5c0f\u840c\u65b0\u4e86\n|move|p2a: \u8981\u53d8\u6210\u5c0f\u840c\u65b0\u4e86|Fissure|p1a: yo\u7687\u516d\u53f7|[miss]\n|-miss|p2a: \u8981\u53d8\u6210\u5c0f\u840c\u65b0\u4e86|p1a: yo\u7687\u516d\u53f7\n|\n|upkeep\n|turn|29\n|\n|t:|1698241770\n|move|p1a: yo\u7687\u516d\u53f7|Fissure|p2a: \u8981\u53d8\u6210\u5c0f\u840c\u65b0\u4e86|[miss]\n|-miss|p1a: yo\u7687\u516d\u53f7|p2a: \u8981\u53d8\u6210\u5c0f\u840c\u65b0\u4e86\n|move|p2a: \u8981\u53d8\u6210\u5c0f\u840c\u65b0\u4e86|Fissure|p1a: yo\u7687\u516d\u53f7|[miss]\n|-miss|p2a: \u8981\u53d8\u6210\u5c0f\u840c\u65b0\u4e86|p1a: yo\u7687\u516d\u53f7\n|\n|upkeep\n|turn|30\n|c| HvLieF|\u60ca\u5fc3\u52a8\u9b44\n|c|\u2606Xiao Shi|\u597d\u523a\u6fc0\u554a\u554a\n|\n|t:|1698241778\n|move|p1a: yo\u7687\u516d\u53f7|Fissure|p2a: \u8981\u53d8\u6210\u5c0f\u840c\u65b0\u4e86\n|-damage|p2a: \u8981\u53d8\u6210\u5c0f\u840c\u65b0\u4e86|0 fnt\n|faint|p2a: \u8981\u53d8\u6210\u5c0f\u840c\u65b0\u4e86\n|-ohko\n|\n|win|Serein531\n|c|\u2606Serein531|\u725b\u903c\uff01\n|c| zhendejiao\u7af9\u9f99|\u54c8\u54c8\u54c8\n|l| ch3cho1117\n|c| zhendejiao\u7af9\u9f99|\u5c0f\u840c\u65b0\u4e0d\u884c\u554a\n|l|\u2606Serein531\n","uploadtime":1698241793,"views":19,"p1id":"serein531","p2id":"xiaoshi","formatid":"gen9anythinggoes","rating":0,"private":0,"password":""}