{"id":"china-gen9anythinggoes-11020162","p1":"HvLieF","p2":"ch3cho1117","format":"[Gen 9] Anything Goes","log":"|j|\u2606HvLieF\n|j|\u2606ch3cho1117\n|t:|1698243611\n|gametype|singles\n|player|p1|HvLieF|170|\n|player|p2|ch3cho1117|169|\n|teamsize|p1|6\n|teamsize|p2|6\n|gen|9\n|tier|[Gen 9] Anything Goes\n|rule|HP Percentage Mod: HP is shown in percentages\n|rule|Endless Battle Clause: Forcing endless battles is banned\n|clearpoke\n|poke|p1|Dondozo, F|\n|poke|p1|Dondozo, F|\n|poke|p1|Dondozo, M|\n|poke|p1|Dondozo, M|\n|poke|p1|Dondozo, F|\n|poke|p1|Dondozo, F|\n|poke|p2|Dondozo, F|\n|poke|p2|Dondozo, M|\n|poke|p2|Dondozo, F|\n|poke|p2|Dondozo, M|\n|poke|p2|Dondozo, M|\n|poke|p2|Dondozo, F|\n|teampreview\n|inactive|Battle timer is ON: inactive players will automatically lose when time's up. (requested by ch3cho1117)\n|\n|t:|1698243620\n|start\n|switch|p1a: \u5c0f\u674e\u6bd4\u591a|Dondozo, F|100\/100\n|switch|p2a: \u767e\u53d1\u767e\u4e2d\uff01\uff01|Dondozo, F|100\/100\n|turn|1\n|j| nana2333\n|c|\u2606ch3cho1117|\u4e00\u4e0a\u6765\u5c31\u6076\u5fc3\u4eba\u4e86\n|\n|t:|1698243633\n|move|p1a: \u5c0f\u674e\u6bd4\u591a|Fissure|p2a: \u767e\u53d1\u767e\u4e2d\uff01\uff01\n|-damage|p2a: \u767e\u53d1\u767e\u4e2d\uff01\uff01|0 fnt\n|faint|p2a: \u767e\u53d1\u767e\u4e2d\uff01\uff01\n|-ohko\n|\n|upkeep\n|j| fizz123456\n|c|\u2606ch3cho1117|\uff1f\n|c|\u2606ch3cho1117|\u5417\u7684\n|c|\u2606HvLieF|\u770b\u6211\u516d\u4e2a\u674e\u6bd4\u591a\u64d2\u62ff\u4e59\u919b\n|\n|t:|1698243643\n|switch|p2a: \u600e\u4e48\u6b7b\u4e86|Dondozo, M|100\/100\n|turn|2\n|j| zhendejiao\u7af9\u9f99\n|\n|t:|1698243646\n|move|p1a: \u5c0f\u674e\u6bd4\u591a|Fissure|p2a: \u600e\u4e48\u6b7b\u4e86|[miss]\n|-miss|p1a: \u5c0f\u674e\u6bd4\u591a|p2a: \u600e\u4e48\u6b7b\u4e86\n|move|p2a: \u600e\u4e48\u6b7b\u4e86|Fissure|p1a: \u5c0f\u674e\u6bd4\u591a\n|-damage|p1a: \u5c0f\u674e\u6bd4\u591a|0 fnt\n|faint|p1a: \u5c0f\u674e\u6bd4\u591a\n|-ohko\n|\n|upkeep\n|\n|t:|1698243651\n|switch|p1a: \u4e2d\u674e\u6bd4\u591a|Dondozo, M|100\/100\n|turn|3\n|c|\u2606ch3cho1117|\u53bb\u53d6\u5c0f\u674e\u5fc5\u8bfb\n|\n|t:|1698243658\n|move|p1a: \u4e2d\u674e\u6bd4\u591a|Fissure|p2a: \u600e\u4e48\u6b7b\u4e86|[miss]\n|-miss|p1a: \u4e2d\u674e\u6bd4\u591a|p2a: \u600e\u4e48\u6b7b\u4e86\n|move|p2a: \u600e\u4e48\u6b7b\u4e86|Fissure|p1a: \u4e2d\u674e\u6bd4\u591a|[miss]\n|-miss|p2a: \u600e\u4e48\u6b7b\u4e86|p1a: \u4e2d\u674e\u6bd4\u591a\n|\n|upkeep\n|turn|4\n|\n|t:|1698243665\n|move|p1a: \u4e2d\u674e\u6bd4\u591a|Fissure|p2a: \u600e\u4e48\u6b7b\u4e86|[miss]\n|-miss|p1a: \u4e2d\u674e\u6bd4\u591a|p2a: \u600e\u4e48\u6b7b\u4e86\n|move|p2a: \u600e\u4e48\u6b7b\u4e86|Fissure|p1a: \u4e2d\u674e\u6bd4\u591a|[miss]\n|-miss|p2a: \u600e\u4e48\u6b7b\u4e86|p1a: \u4e2d\u674e\u6bd4\u591a\n|\n|upkeep\n|turn|5\n|\n|t:|1698243670\n|move|p1a: \u4e2d\u674e\u6bd4\u591a|Fissure|p2a: \u600e\u4e48\u6b7b\u4e86|[miss]\n|-miss|p1a: \u4e2d\u674e\u6bd4\u591a|p2a: \u600e\u4e48\u6b7b\u4e86\n|move|p2a: \u600e\u4e48\u6b7b\u4e86|Fissure|p1a: \u4e2d\u674e\u6bd4\u591a\n|-damage|p1a: \u4e2d\u674e\u6bd4\u591a|0 fnt\n|faint|p1a: \u4e2d\u674e\u6bd4\u591a\n|-ohko\n|\n|upkeep\n|\n|t:|1698243675\n|switch|p1a: \u5927\u674e\u6bd4\u591a|Dondozo, F|100\/100\n|turn|6\n|\n|t:|1698243679\n|move|p2a: \u600e\u4e48\u6b7b\u4e86|Fissure|p1a: \u5927\u674e\u6bd4\u591a|[miss]\n|-miss|p2a: \u600e\u4e48\u6b7b\u4e86|p1a: \u5927\u674e\u6bd4\u591a\n|move|p1a: \u5927\u674e\u6bd4\u591a|Fissure|p2a: \u600e\u4e48\u6b7b\u4e86|[miss]\n|-miss|p1a: \u5927\u674e\u6bd4\u591a|p2a: \u600e\u4e48\u6b7b\u4e86\n|\n|upkeep\n|turn|7\n|\n|t:|1698243689\n|move|p2a: \u600e\u4e48\u6b7b\u4e86|Fissure|p1a: \u5927\u674e\u6bd4\u591a|[miss]\n|-miss|p2a: \u600e\u4e48\u6b7b\u4e86|p1a: \u5927\u674e\u6bd4\u591a\n|move|p1a: \u5927\u674e\u6bd4\u591a|Fissure|p2a: \u600e\u4e48\u6b7b\u4e86|[miss]\n|-miss|p1a: \u5927\u674e\u6bd4\u591a|p2a: \u600e\u4e48\u6b7b\u4e86\n|\n|upkeep\n|turn|8\n|c| zhendejiao\u7af9\u9f99|\u674e\u6bd4\u591a\u5927\u961f\u5c45\u7136\u633a\u8fdb\u4e86\u51b3\u8d5b\n|\n|t:|1698243695\n|move|p2a: \u600e\u4e48\u6b7b\u4e86|Fissure|p1a: \u5927\u674e\u6bd4\u591a|[miss]\n|-miss|p2a: \u600e\u4e48\u6b7b\u4e86|p1a: \u5927\u674e\u6bd4\u591a\n|move|p1a: \u5927\u674e\u6bd4\u591a|Fissure|p2a: \u600e\u4e48\u6b7b\u4e86|[miss]\n|-miss|p1a: \u5927\u674e\u6bd4\u591a|p2a: \u600e\u4e48\u6b7b\u4e86\n|\n|upkeep\n|turn|9\n|\n|t:|1698243700\n|move|p2a: \u600e\u4e48\u6b7b\u4e86|Fissure|p1a: \u5927\u674e\u6bd4\u591a|[miss]\n|-miss|p2a: \u600e\u4e48\u6b7b\u4e86|p1a: \u5927\u674e\u6bd4\u591a\n|move|p1a: \u5927\u674e\u6bd4\u591a|Fissure|p2a: \u600e\u4e48\u6b7b\u4e86|[miss]\n|-miss|p1a: \u5927\u674e\u6bd4\u591a|p2a: \u600e\u4e48\u6b7b\u4e86\n|\n|upkeep\n|turn|10\n|\n|t:|1698243712\n|switch|p2a: \uff1f\uff1f\uff1f|Dondozo, M|100\/100\n|move|p1a: \u5927\u674e\u6bd4\u591a|Fissure|p2a: \uff1f\uff1f\uff1f\n|-damage|p2a: \uff1f\uff1f\uff1f|0 fnt\n|faint|p2a: \uff1f\uff1f\uff1f\n|-ohko\n|\n|upkeep\n|c|\u2606HvLieF|8\u8fde\u7a7a\n|c|\u2606ch3cho1117|\uff1f\n|c| nana2333|\u8fd9\u5927\u674e\u6bd4\u591a\u6740\u4e86\u6211\u597d\u591a\u53ea\n|\n|t:|1698243724\n|switch|p2a: \u5367\u69fd\u600e\u4e48\u53c8\u6b7b\u4e86|Dondozo, F|100\/100\n|turn|11\n|c|\u2606ch3cho1117|\u600e\u4e48\u6362\u4ebajiu1gb\u4e86\n|\n|t:|1698243735\n|move|p1a: \u5927\u674e\u6bd4\u591a|Fissure|p2a: \u5367\u69fd\u600e\u4e48\u53c8\u6b7b\u4e86|[miss]\n|-miss|p1a: \u5927\u674e\u6bd4\u591a|p2a: \u5367\u69fd\u600e\u4e48\u53c8\u6b7b\u4e86\n|move|p2a: \u5367\u69fd\u600e\u4e48\u53c8\u6b7b\u4e86|Fissure|p1a: \u5927\u674e\u6bd4\u591a\n|-damage|p1a: \u5927\u674e\u6bd4\u591a|0 fnt\n|faint|p1a: \u5927\u674e\u6bd4\u591a\n|-ohko\n|\n|upkeep\n|\n|t:|1698243740\n|switch|p1a: \u4e0d\u662f\u674e\u6bd4\u591a|Dondozo, F|100\/100\n|turn|12\n|\n|t:|1698243744\n|move|p2a: \u5367\u69fd\u600e\u4e48\u53c8\u6b7b\u4e86|Fissure|p1a: \u4e0d\u662f\u674e\u6bd4\u591a|[miss]\n|-miss|p2a: \u5367\u69fd\u600e\u4e48\u53c8\u6b7b\u4e86|p1a: \u4e0d\u662f\u674e\u6bd4\u591a\n|move|p1a: \u4e0d\u662f\u674e\u6bd4\u591a|Fissure|p2a: \u5367\u69fd\u600e\u4e48\u53c8\u6b7b\u4e86|[miss]\n|-miss|p1a: \u4e0d\u662f\u674e\u6bd4\u591a|p2a: \u5367\u69fd\u600e\u4e48\u53c8\u6b7b\u4e86\n|\n|upkeep\n|turn|13\n|\n|t:|1698243751\n|move|p1a: \u4e0d\u662f\u674e\u6bd4\u591a|Fissure|p2a: \u5367\u69fd\u600e\u4e48\u53c8\u6b7b\u4e86|[miss]\n|-miss|p1a: \u4e0d\u662f\u674e\u6bd4\u591a|p2a: \u5367\u69fd\u600e\u4e48\u53c8\u6b7b\u4e86\n|move|p2a: \u5367\u69fd\u600e\u4e48\u53c8\u6b7b\u4e86|Fissure|p1a: \u4e0d\u662f\u674e\u6bd4\u591a\n|-damage|p1a: \u4e0d\u662f\u674e\u6bd4\u591a|0 fnt\n|faint|p1a: \u4e0d\u662f\u674e\u6bd4\u591a\n|-ohko\n|\n|upkeep\n|\n|t:|1698243756\n|switch|p1a: \u8ff7\u4f60\u674e\u6bd4\u591a|Dondozo, M|100\/100\n|turn|14\n|c|\u2606HvLieF|\u8981\u5bc4\n|c| zhendejiao\u7af9\u9f99|\u6211\u8d85\n|\n|t:|1698243760\n|move|p1a: \u8ff7\u4f60\u674e\u6bd4\u591a|Fissure|p2a: \u5367\u69fd\u600e\u4e48\u53c8\u6b7b\u4e86|[miss]\n|-miss|p1a: \u8ff7\u4f60\u674e\u6bd4\u591a|p2a: \u5367\u69fd\u600e\u4e48\u53c8\u6b7b\u4e86\n|move|p2a: \u5367\u69fd\u600e\u4e48\u53c8\u6b7b\u4e86|Fissure|p1a: \u8ff7\u4f60\u674e\u6bd4\u591a\n|-damage|p1a: \u8ff7\u4f60\u674e\u6bd4\u591a|0 fnt\n|faint|p1a: \u8ff7\u4f60\u674e\u6bd4\u591a\n|-ohko\n|\n|upkeep\n|c| zhendejiao\u7af9\u9f99|\u919b\n|c|\u2606HvLieF|\uff1f\uff1f\n|\n|t:|1698243768\n|switch|p1a: 8\u4e2d8\u674e\u6bd4\u591a|Dondozo, F|100\/100\n|turn|15\n|c|\u2606ch3cho1117|\u600e\u4e48\u53c8\u6b7b\u4e86\n|c| fizz123456|\u7b11\u6b7b\u6211\u4e86\n|\n|t:|1698243772\n|move|p1a: 8\u4e2d8\u674e\u6bd4\u591a|Fissure|p2a: \u5367\u69fd\u600e\u4e48\u53c8\u6b7b\u4e86|[miss]\n|-miss|p1a: 8\u4e2d8\u674e\u6bd4\u591a|p2a: \u5367\u69fd\u600e\u4e48\u53c8\u6b7b\u4e86\n|move|p2a: \u5367\u69fd\u600e\u4e48\u53c8\u6b7b\u4e86|Fissure|p1a: 8\u4e2d8\u674e\u6bd4\u591a\n|-damage|p1a: 8\u4e2d8\u674e\u6bd4\u591a|0 fnt\n|faint|p1a: 8\u4e2d8\u674e\u6bd4\u591a\n|-ohko\n|\n|win|ch3cho1117\n|c|\u2606HvLieF|\uff1f\uff1f\uff1f\uff1f\uff1f\n|c| nana2333|\u4e59\u919b\uff01\uff01\uff01\n|c| fizz123456|\u963f\uff1f\n|c| zhendejiao\u7af9\u9f99|\u725b\u903c\n|c| nana2333|\u662f\u674e\u6bd4\u591a\u514b\u661f\n|l| fizz123456\n|c|\u2606ch3cho1117|\u725b\u554a\n","uploadtime":1698243863,"views":11,"p1id":"hvlief","p2id":"ch3cho1117","formatid":"gen9anythinggoes","rating":0,"private":0,"password":""}