{"id":"gen9anythinggoes-1988717397","p1":"LingLing007","p2":"Lardman23","format":"[Gen 9] Anything Goes","log":"|j|\u2606LingLing007\n|j|\u2606Lardman23\n|t:|1699754314\n|gametype|singles\n|player|p1|LingLing007|cynthia-masters2|1301\n|player|p2|Lardman23|169|1376\n|teamsize|p1|6\n|teamsize|p2|6\n|gen|9\n|tier|[Gen 9] Anything Goes\n|rated|\n|rule|HP Percentage Mod: HP is shown in percentages\n|rule|Endless Battle Clause: Forcing endless battles is banned\n|clearpoke\n|poke|p1|Roaring Moon|\n|poke|p1|Toxapex, F|\n|poke|p1|Zoroark-Hisui, M|\n|poke|p1|Polteageist-Antique|\n|poke|p1|Great Tusk|\n|poke|p1|Ninetales-Alola, F|\n|poke|p2|Ditto|\n|poke|p2|Zamazenta-*|\n|poke|p2|Enamorus, F|\n|poke|p2|Moltres-Galar|\n|poke|p2|Pawmot, F|\n|poke|p2|Arboliva, M|\n|teampreview\n|inactive|Battle timer is ON: inactive players will automatically lose when time's up. (requested by LingLing007)\n|\n|t:|1699754333\n|start\n|switch|p1a: Ninetales|Ninetales-Alola, F, shiny|100\/100\n|switch|p2a: Enamorus|Enamorus, F|100\/100\n|-weather|Snow|[from] ability: Snow Warning|[of] p1a: Ninetales\n|turn|1\n|\n|t:|1699754343\n|move|p1a: Ninetales|Aurora Veil|p1a: Ninetales\n|-sidestart|p1: LingLing007|move: Aurora Veil\n|move|p2a: Enamorus|Mystical Fire|p1a: Ninetales\n|-supereffective|p1a: Ninetales\n|-damage|p1a: Ninetales|81\/100\n|-unboost|p1a: Ninetales|spa|1\n|\n|-weather|Snow|[upkeep]\n|upkeep\n|turn|2\n|\n|t:|1699754351\n|move|p1a: Ninetales|Encore|p2a: Enamorus\n|-start|p2a: Enamorus|Encore\n|move|p2a: Enamorus|Mystical Fire|p1a: Ninetales\n|-supereffective|p1a: Ninetales\n|-damage|p1a: Ninetales|63\/100\n|-unboost|p1a: Ninetales|spa|1\n|\n|-weather|Snow|[upkeep]\n|upkeep\n|turn|3\n|\n|t:|1699754358\n|switch|p1a: Roaring Moon|Roaring Moon|100\/100\n|-enditem|p1a: Roaring Moon|Booster Energy\n|-activate|p1a: Roaring Moon|ability: Protosynthesis|[fromitem]\n|-start|p1a: Roaring Moon|protosynthesisspe\n|move|p2a: Enamorus|Mystical Fire|p1a: Roaring Moon\n|-resisted|p1a: Roaring Moon\n|-damage|p1a: Roaring Moon|96\/100\n|-unboost|p1a: Roaring Moon|spa|1\n|\n|-weather|Snow|[upkeep]\n|upkeep\n|turn|4\n|\n|t:|1699754371\n|move|p1a: Roaring Moon|Dragon Dance|p1a: Roaring Moon\n|-boost|p1a: Roaring Moon|atk|1\n|-boost|p1a: Roaring Moon|spe|1\n|move|p2a: Enamorus|Mystical Fire|p1a: Roaring Moon\n|-resisted|p1a: Roaring Moon\n|-damage|p1a: Roaring Moon|91\/100\n|-unboost|p1a: Roaring Moon|spa|1\n|\n|-weather|Snow|[upkeep]\n|-end|p2a: Enamorus|Encore\n|upkeep\n|turn|5\n|\n|t:|1699754384\n|-terastallize|p1a: Roaring Moon|Flying\n|move|p1a: Roaring Moon|Dragon Dance|p1a: Roaring Moon\n|-boost|p1a: Roaring Moon|atk|1\n|-boost|p1a: Roaring Moon|spe|1\n|move|p2a: Enamorus|Moonblast|p1a: Roaring Moon\n|-damage|p1a: Roaring Moon|71\/100\n|\n|-weather|none\n|upkeep\n|turn|6\n|\n|t:|1699754398\n|move|p1a: Roaring Moon|Acrobatics|p2a: Enamorus\n|-damage|p2a: Enamorus|0 fnt\n|faint|p2a: Enamorus\n|\n|upkeep\n|\n|t:|1699754406\n|switch|p2a: Ditto|Ditto|100\/100\n|-transform|p2a: Ditto|p1a: Roaring Moon|[from] ability: Imposter\n|-start|p2a: Ditto|typechange|Dragon\/Dark|[silent]\n|turn|7\n|\n|t:|1699754434\n|move|p1a: Roaring Moon|Knock Off|p2a: Ditto\n|-resisted|p2a: Ditto\n|-crit|p2a: Ditto\n|-damage|p2a: Ditto|0 fnt\n|-enditem|p2a: Ditto|Choice Scarf|[from] move: Knock Off|[of] p1a: Roaring Moon\n|faint|p2a: Ditto\n|-end|p2a: Ditto|Protosynthesis|[silent]\n|\n|upkeep\n|\n|t:|1699754444\n|switch|p2a: Pawmot|Pawmot, F|100\/100\n|turn|8\n|\n|t:|1699754449\n|move|p1a: Roaring Moon|Earthquake|p2a: Pawmot\n|-supereffective|p2a: Pawmot\n|-damage|p2a: Pawmot|0 fnt\n|faint|p2a: Pawmot\n|\n|-sideend|p1: LingLing007|move: Aurora Veil\n|upkeep\n|\n|t:|1699754455\n|switch|p2a: Arboliva|Arboliva, M|100\/100\n|turn|9\n|\n|t:|1699754471\n|move|p1a: Roaring Moon|Acrobatics|p2a: Arboliva\n|-supereffective|p2a: Arboliva\n|-damage|p2a: Arboliva|0 fnt\n|-fieldstart|move: Grassy Terrain|[from] ability: Seed Sower|[of] p2a: Arboliva\n|faint|p2a: Arboliva\n|\n|upkeep\n|\n|t:|1699754478\n|switch|p2a: Zamazenta|Zamazenta-Crowned|100\/100\n|-ability|p2a: Zamazenta|Dauntless Shield|boost\n|-boost|p2a: Zamazenta|def|1\n|turn|10\n|inactive|LingLing007 has 120 seconds left.\n|\n|t:|1699754516\n|move|p1a: Roaring Moon|Acrobatics|p2a: Zamazenta\n|-damage|p2a: Zamazenta|49\/100\n|move|p2a: Zamazenta|Behemoth Bash|p1a: Roaring Moon\n|-damage|p1a: Roaring Moon|15\/100\n|\n|-heal|p2a: Zamazenta|55\/100|[from] Grassy Terrain\n|upkeep\n|turn|11\n|inactive|LingLing007 has 120 seconds left.\n|\n|t:|1699754529\n|move|p1a: Roaring Moon|Acrobatics|p2a: Zamazenta\n|-damage|p2a: Zamazenta|1\/100\n|move|p2a: Zamazenta|Behemoth Bash|p1a: Roaring Moon\n|-damage|p1a: Roaring Moon|0 fnt\n|faint|p1a: Roaring Moon\n|-end|p1a: Roaring Moon|Protosynthesis|[silent]\n|\n|-heal|p2a: Zamazenta|7\/100|[from] Grassy Terrain\n|upkeep\n|inactive|LingLing007 has 120 seconds left.\n|\n|t:|1699754539\n|switch|p1a: Ninetales|Ninetales-Alola, F, shiny|100\/100\n|turn|12\n|\n|t:|1699754546\n|move|p2a: Zamazenta|Behemoth Bash|p1a: Ninetales\n|-enditem|p1a: Ninetales|Focus Sash\n|-damage|p1a: Ninetales|1\/100\n|replace|p1a: Zoroark|Zoroark-Hisui, M, shiny\n|-end|p1a: Zoroark|Illusion\n|move|p1a: Zoroark|Flamethrower|p2a: Zamazenta\n|-supereffective|p2a: Zamazenta\n|-damage|p2a: Zamazenta|0 fnt\n|faint|p2a: Zamazenta\n|\n|-heal|p1a: Zoroark|7\/100|[from] Grassy Terrain\n|upkeep\n|\n|t:|1699754557\n|switch|p2a: Moltres|Moltres-Galar|100\/100\n|turn|13\n|\n|t:|1699754564\n|move|p1a: Zoroark|Flamethrower|p2a: Moltres\n|-damage|p2a: Moltres|73\/100\n|move|p2a: Moltres|Agility|p2a: Moltres\n|-boost|p2a: Moltres|spe|2\n|\n|-heal|p1a: Zoroark|13\/100|[from] Grassy Terrain\n|-fieldend|move: Grassy Terrain\n|upkeep\n|turn|14\n|\n|t:|1699754572\n|move|p2a: Moltres|Agility|p2a: Moltres\n|-boost|p2a: Moltres|spe|2\n|move|p1a: Zoroark|Hyper Voice|p2a: Moltres\n|-damage|p2a: Moltres|36\/100\n|-ability|p2a: Moltres|Berserk|boost\n|-boost|p2a: Moltres|spa|1\n|\n|upkeep\n|turn|15\n|\n|t:|1699754583\n|-terastallize|p2a: Moltres|Dark\n|move|p2a: Moltres|Fiery Wrath|p1a: Zoroark\n|-supereffective|p1a: Zoroark\n|-damage|p1a: Zoroark|0 fnt\n|faint|p1a: Zoroark\n|\n|upkeep\n|\n|t:|1699754587\n|switch|p1a: Toxapex|Toxapex, F|100\/100\n|turn|16\n|\n|t:|1699754594\n|move|p2a: Moltres|Fiery Wrath|p1a: Toxapex\n|-damage|p1a: Toxapex|44\/100\n|move|p1a: Toxapex|Haze|p1a: Toxapex\n|-clearallboost\n|\n|upkeep\n|turn|17\n|\n|t:|1699754601\n|move|p2a: Moltres|Fiery Wrath|p1a: Toxapex\n|-damage|p1a: Toxapex|6\/100\n|move|p1a: Toxapex|Toxic|p2a: Moltres\n|-status|p2a: Moltres|tox\n|\n|-damage|p2a: Moltres|30\/100 tox|[from] psn\n|upkeep\n|turn|18\n|\n|t:|1699754608\n|switch|p1a: Ninetales|Ninetales-Alola, F, shiny|63\/100\n|-weather|Snow|[from] ability: Snow Warning|[of] p1a: Ninetales\n|move|p2a: Moltres|Fiery Wrath|p1a: Ninetales\n|-resisted|p1a: Ninetales\n|-damage|p1a: Ninetales|35\/100\n|\n|-weather|Snow|[upkeep]\n|-damage|p2a: Moltres|17\/100 tox|[from] psn\n|upkeep\n|turn|19\n|\n|t:|1699754617\n|move|p1a: Ninetales|Moonblast|p2a: Moltres\n|-supereffective|p2a: Moltres\n|-damage|p2a: Moltres|0 fnt\n|faint|p2a: Moltres\n|\n|win|LingLing007\n|raw|LingLing007's rating: 1301 &rarr; <strong>1325<\/strong><br \/>(+24 for winning)\n|raw|Lardman23's rating: 1376 &rarr; <strong>1352<\/strong><br \/>(-24 for losing)\n|l|\u2606Lardman23\n|c|\u2606LingLing007|gg\n","uploadtime":1699754624,"views":11,"p1id":"lingling007","p2id":"lardman23","formatid":"gen9anythinggoes","rating":1325,"private":0,"password":""}