{"id":"gen9anythinggoes-1981925499","p1":"dddedezss","p2":"Aplegends","format":"[Gen 9] Anything Goes","log":"|j|\u2606dddedezss\n|j|\u203dAplegends\n|t:|1698952190\n|gametype|singles\n|player|p1|dddedezss|volkner|1191\n|player|p2|Aplegends|169|1101\n|teamsize|p1|2\n|teamsize|p2|6\n|gen|9\n|tier|[Gen 9] Anything Goes\n|rated|\n|rule|HP Percentage Mod: HP is shown in percentages\n|rule|Endless Battle Clause: Forcing endless battles is banned\n|clearpoke\n|poke|p1|Maushold|\n|poke|p1|Espathra, F|\n|poke|p2|Krookodile, F|\n|poke|p2|Charizard, M|\n|poke|p2|Grimmsnarl, M|\n|poke|p2|Eelektross, M|\n|poke|p2|Amoonguss, M|\n|poke|p2|Skeledirge, M|\n|teampreview\n|inactive|Battle timer is ON: inactive players will automatically lose when time's up. (requested by Aplegends)\n|\n|t:|1698952199\n|start\n|switch|p1a: Espathra|Espathra, F|100\/100\n|switch|p2a: Krookodile|Krookodile, F, shiny|100\/100\n|-ability|p2a: Krookodile|Intimidate|boost\n|-unboost|p1a: Espathra|atk|1\n|turn|1\n|\n|t:|1698952207\n|move|p1a: Espathra|Substitute|p1a: Espathra\n|-start|p1a: Espathra|Substitute\n|-damage|p1a: Espathra|76\/100\n|move|p2a: Krookodile|Crunch|p1a: Espathra\n|-supereffective|p1a: Espathra\n|-end|p1a: Espathra|Substitute\n|\n|-ability|p1a: Espathra|Speed Boost|boost\n|-boost|p1a: Espathra|spe|1\n|upkeep\n|turn|2\n|\n|t:|1698952223\n|switch|p2a: Grimmsnarl|Grimmsnarl, M|100\/100\n|move|p1a: Espathra|Substitute|p1a: Espathra\n|-start|p1a: Espathra|Substitute\n|-damage|p1a: Espathra|51\/100\n|\n|-ability|p1a: Espathra|Speed Boost|boost\n|-boost|p1a: Espathra|spe|1\n|upkeep\n|turn|3\n|\n|t:|1698952232\n|move|p2a: Grimmsnarl|Reflect|p2a: Grimmsnarl\n|-sidestart|p2: Aplegends|Reflect\n|move|p1a: Espathra|Calm Mind|p1a: Espathra\n|-boost|p1a: Espathra|spa|1\n|-boost|p1a: Espathra|spd|1\n|\n|-ability|p1a: Espathra|Speed Boost|boost\n|-boost|p1a: Espathra|spe|1\n|upkeep\n|turn|4\n|\n|t:|1698952242\n|switch|p2a: Krookodile|Krookodile, F, shiny|100\/100\n|-ability|p2a: Krookodile|Intimidate|boost\n|-immune|p1a: Espathra\n|move|p1a: Espathra|Calm Mind|p1a: Espathra\n|-boost|p1a: Espathra|spa|1\n|-boost|p1a: Espathra|spd|1\n|\n|-ability|p1a: Espathra|Speed Boost|boost\n|-boost|p1a: Espathra|spe|1\n|upkeep\n|turn|5\n|\n|t:|1698952256\n|move|p1a: Espathra|Calm Mind|p1a: Espathra\n|-boost|p1a: Espathra|spa|1\n|-boost|p1a: Espathra|spd|1\n|move|p2a: Krookodile|Crunch|p1a: Espathra\n|-supereffective|p1a: Espathra\n|-end|p1a: Espathra|Substitute\n|\n|-ability|p1a: Espathra|Speed Boost|boost\n|-boost|p1a: Espathra|spe|1\n|upkeep\n|turn|6\n|\n|t:|1698952267\n|move|p1a: Espathra|Baton Pass|p1a: Espathra\n|\n|t:|1698952269\n|switch|p1a: Maushold|Maushold|100\/100|[from] Baton Pass\n|move|p2a: Krookodile|Crunch|p1a: Maushold\n|-damage|p1a: Maushold|0 fnt\n|faint|p1a: Maushold\n|\n|upkeep\n|-message|dddedezss forfeited.\n|\n|win|Aplegends\n|raw|dddedezss's rating: 1191 &rarr; <strong>1160<\/strong><br \/>(-31 for losing)\n|raw|Aplegends's rating: 1101 &rarr; <strong>1132<\/strong><br \/>(+31 for winning)\n|l|\u2606dddedezss\n","uploadtime":1698952285,"views":7,"p1id":"dddedezss","p2id":"aplegends","formatid":"gen9anythinggoes","rating":1132,"private":0,"password":""}