{"id":"gen9anythinggoes-1984380762","p1":"amogus italianus","p2":"Bunnysai","format":"[Gen 9] Anything Goes","log":"|j|\u2606amogus italianus\n|j|\u2606Bunnysai\n|inactive|Battle timer is ON: inactive players will automatically lose when time's up.\n|j|*Lady Monita \u263d\n|t:|1699253110\n|gametype|singles\n|player|p1|amogus italianus|hero-conquest|\n|player|p2|Bunnysai|drayden|\n|teamsize|p1|6\n|teamsize|p2|6\n|gen|9\n|tier|[Gen 9] Anything Goes\n|rated|Tournament battle\n|rule|HP Percentage Mod: HP is shown in percentages\n|rule|Endless Battle Clause: Forcing endless battles is banned\n|rule|Category Swap Mod: All physical moves become special, and vice versa\n|clearpoke\n|poke|p1|Flareon, F|\n|poke|p1|Gholdengo|\n|poke|p1|Ribombee, F|\n|poke|p1|Ogerpon-Wellspring, F|\n|poke|p1|Torkoal, M|\n|poke|p1|Great Tusk|\n|poke|p2|Arceus-Poison|\n|poke|p2|Grimmsnarl, M|\n|poke|p2|Miraidon|\n|poke|p2|Calyrex-Shadow|\n|poke|p2|Arceus|\n|poke|p2|Koraidon|\n|teampreview\n|inactive|Bunnysai also wants the timer to be on.\n|inactive|amogus italianus also wants the timer to be on.\n|c|\u2606amogus italianus|Gli\n|\n|t:|1699253134\n|start\n|switch|p1a: Torkoal|Torkoal, M|100\/100\n|switch|p2a: Miraidon|Miraidon|100\/100\n|-fieldstart|move: Electric Terrain|[from] ability: Hadron Engine|[of] p2a: Miraidon\n|-weather|SunnyDay|[from] ability: Drought|[of] p1a: Torkoal\n|turn|1\n|\n|t:|1699253143\n|move|p2a: Miraidon|Electro Drift|p1a: Torkoal\n|-damage|p1a: Torkoal|60\/100\n|move|p1a: Torkoal|Blazing Torque|p2a: Miraidon\n|-resisted|p2a: Miraidon\n|-damage|p2a: Miraidon|83\/100\n|\n|-weather|SunnyDay|[upkeep]\n|upkeep\n|turn|2\n|\n|t:|1699253154\n|-terastallize|p2a: Miraidon|Electric\n|move|p2a: Miraidon|Electro Drift|p1a: Torkoal\n|-damage|p1a: Torkoal|0 fnt\n|faint|p1a: Torkoal\n|\n|-weather|SunnyDay|[upkeep]\n|upkeep\n|\n|t:|1699253162\n|switch|p1a: Ogerpon|Ogerpon-Wellspring, F|100\/100\n|turn|3\n|\n|t:|1699253169\n|-terastallize|p1a: Ogerpon|Water\n|detailschange|p1a: Ogerpon|Ogerpon-Wellspring-Tera, F, tera:Water\n|-ability|p1a: Ogerpon|Embody Aspect (Wellspring)|boost\n|-boost|p1a: Ogerpon|spd|1\n|move|p2a: Miraidon|Electro Drift|p1a: Ogerpon\n|-supereffective|p1a: Ogerpon\n|-damage|p1a: Ogerpon|0 fnt\n|faint|p1a: Ogerpon\n|\n|-weather|SunnyDay|[upkeep]\n|upkeep\n|\n|t:|1699253182\n|switch|p1a: Ribombee|Ribombee, F|100\/100\n|turn|4\n|\n|t:|1699253190\n|move|p1a: Ribombee|Leech Life|p2a: Miraidon\n|-damage|p2a: Miraidon|54\/100\n|move|p2a: Miraidon|Electro Drift|p1a: Ribombee\n|-enditem|p1a: Ribombee|Focus Sash\n|-damage|p1a: Ribombee|1\/100\n|\n|-weather|SunnyDay|[upkeep]\n|upkeep\n|turn|5\n|\n|t:|1699253196\n|move|p1a: Ribombee|Leech Life|p2a: Miraidon\n|-damage|p2a: Miraidon|24\/100\n|-heal|p1a: Ribombee|20\/100|[from] drain|[of] p2a: Miraidon\n|move|p2a: Miraidon|Electro Drift|p1a: Ribombee\n|-damage|p1a: Ribombee|0 fnt\n|faint|p1a: Ribombee\n|\n|-weather|SunnyDay|[upkeep]\n|-fieldend|move: Electric Terrain\n|upkeep\n|\n|t:|1699253200\n|switch|p1a: Great Tusk|Great Tusk|100\/100\n|-activate|p1a: Great Tusk|ability: Protosynthesis\n|-start|p1a: Great Tusk|protosynthesisdef\n|turn|6\n|c|\u2606amogus italianus|Oh\n|c|\u2606amogus italianus|Fuck, I'm fused by mayhem\n|c|\u2606amogus italianus|I trought It was inverse\n|\n|t:|1699253225\n|switch|p2a: Grimmsnarl|Grimmsnarl, M|100\/100\n|move|p1a: Great Tusk|Earth Power|p2a: Grimmsnarl\n|-damage|p2a: Grimmsnarl|55\/100\n|\n|-weather|SunnyDay|[upkeep]\n|upkeep\n|turn|7\n|inactive|amogus italianus has 120 seconds left.\n|\n|t:|1699253241\n|move|p2a: Grimmsnarl|Reflect|p2a: Grimmsnarl\n|-sidestart|p2: Bunnysai|Reflect\n|move|p1a: Great Tusk|Earth Power|p2a: Grimmsnarl\n|-damage|p2a: Grimmsnarl|34\/100\n|\n|-weather|SunnyDay|[upkeep]\n|upkeep\n|turn|8\n|\n|t:|1699253250\n|-end|p1a: Great Tusk|Protosynthesis|[silent]\n|switch|p1a: Gholdengo|Gholdengo|100\/100\n|move|p2a: Grimmsnarl|Light Screen|p2a: Grimmsnarl\n|-sidestart|p2: Bunnysai|move: Light Screen\n|\n|-weather|none\n|upkeep\n|turn|9\n|\n|t:|1699253257\n|move|p2a: Grimmsnarl|Taunt|p1a: Gholdengo\n|-immune|p1a: Gholdengo|[from] ability: Good as Gold\n|move|p1a: Gholdengo|Behemoth Blade|p2a: Grimmsnarl\n|-supereffective|p2a: Grimmsnarl\n|-damage|p2a: Grimmsnarl|0 fnt\n|faint|p2a: Grimmsnarl\n|\n|upkeep\n|\n|t:|1699253261\n|switch|p2a: Miraidon|Miraidon, tera:Electric|24\/100\n|-fieldstart|move: Electric Terrain|[from] ability: Hadron Engine|[of] p2a: Miraidon\n|turn|10\n|\n|t:|1699253267\n|move|p1a: Gholdengo|Behemoth Blade|p2a: Miraidon\n|-resisted|p2a: Miraidon\n|-damage|p2a: Miraidon|12\/100\n|move|p2a: Miraidon|Crunch|p1a: Gholdengo\n|-supereffective|p1a: Gholdengo\n|-damage|p1a: Gholdengo|29\/100\n|-unboost|p1a: Gholdengo|def|1\n|\n|upkeep\n|turn|11\n|\n|t:|1699253271\n|move|p1a: Gholdengo|Behemoth Blade|p2a: Miraidon\n|-resisted|p2a: Miraidon\n|-damage|p2a: Miraidon|0 fnt\n|faint|p2a: Miraidon\n|\n|upkeep\n|\n|t:|1699253275\n|switch|p2a: Calyrex|Calyrex-Shadow|100\/100\n|-ability|p2a: Calyrex|As One\n|-ability|p2a: Calyrex|Unnerve\n|turn|12\n|\n|t:|1699253279\n|switch|p1a: Great Tusk|Great Tusk|100\/100\n|move|p2a: Calyrex|Astral Barrage|p1a: Great Tusk\n|-damage|p1a: Great Tusk|87\/100\n|\n|upkeep\n|turn|13\n|\n|t:|1699253291\n|switch|p2a: Arceus|Arceus-Poison|100\/100\n|move|p1a: Great Tusk|Earth Power|p2a: Arceus\n|-supereffective|p2a: Arceus\n|-damage|p2a: Arceus|72\/100\n|\n|upkeep\n|turn|14\n|\n|t:|1699253295\n|move|p2a: Arceus|Gunk Shot|p1a: Great Tusk\n|-resisted|p1a: Great Tusk\n|-damage|p1a: Great Tusk|51\/100\n|move|p1a: Great Tusk|Earth Power|p2a: Arceus\n|-supereffective|p2a: Arceus\n|-damage|p2a: Arceus|44\/100\n|\n|-sideend|p2: Bunnysai|Reflect\n|-fieldend|move: Electric Terrain\n|upkeep\n|turn|15\n|\n|t:|1699253300\n|move|p2a: Arceus|Gunk Shot|p1a: Great Tusk\n|-resisted|p1a: Great Tusk\n|-damage|p1a: Great Tusk|17\/100\n|move|p1a: Great Tusk|Earth Power|p2a: Arceus\n|-supereffective|p2a: Arceus\n|-damage|p2a: Arceus|0 fnt\n|faint|p2a: Arceus\n|\n|-sideend|p2: Bunnysai|move: Light Screen\n|upkeep\n|\n|t:|1699253305\n|switch|p2a: Koraidon|Koraidon|100\/100\n|-weather|SunnyDay|[from] ability: Orichalcum Pulse|[of] p2a: Koraidon\n|-activate|p1a: Great Tusk|ability: Protosynthesis\n|-start|p1a: Great Tusk|protosynthesisdef\n|-activate|p2a: Koraidon|Orichalcum Pulse|[source]\n|turn|16\n|\n|t:|1699253312\n|move|p2a: Koraidon|Collision Course|p1a: Great Tusk\n|-damage|p1a: Great Tusk|0 fnt\n|faint|p1a: Great Tusk\n|-end|p1a: Great Tusk|Protosynthesis|[silent]\n|\n|-weather|SunnyDay|[upkeep]\n|upkeep\n|\n|t:|1699253318\n|switch|p1a: Gholdengo|Gholdengo|29\/100\n|turn|17\n|\n|t:|1699253330\n|move|p1a: Gholdengo|Poltergeist|p2a: Koraidon\n|-activate|p2a: Koraidon|move: Poltergeist|Lum Berry\n|-damage|p2a: Koraidon|41\/100\n|move|p2a: Koraidon|Solar Beam||[still]\n|-prepare|p2a: Koraidon|Solar Beam\n|-anim|p2a: Koraidon|Solar Beam|p1a: Gholdengo\n|-resisted|p1a: Gholdengo\n|-damage|p1a: Gholdengo|0 fnt\n|faint|p1a: Gholdengo\n|\n|-weather|SunnyDay|[upkeep]\n|upkeep\n|\n|t:|1699253335\n|switch|p1a: Flareon|Flareon, F|100\/100\n|turn|18\n|\n|t:|1699253345\n|move|p2a: Koraidon|Dragon Claw|p1a: Flareon\n|-damage|p1a: Flareon|76\/100\n|move|p1a: Flareon|Blood Moon|p2a: Koraidon\n|-damage|p2a: Koraidon|1\/100\n|\n|-weather|SunnyDay|[upkeep]\n|-status|p1a: Flareon|tox|[from] item: Toxic Orb\n|upkeep\n|turn|19\n|c|\u2606amogus italianus|No\n|\n|t:|1699253352\n|move|p2a: Koraidon|Collision Course|p1a: Flareon\n|-damage|p1a: Flareon|44\/100 tox\n|move|p1a: Flareon|Boomburst|p2a: Koraidon\n|-damage|p2a: Koraidon|0 fnt\n|faint|p2a: Koraidon\n|\n|-weather|SunnyDay|[upkeep]\n|-damage|p1a: Flareon|38\/100 tox|[from] psn\n|upkeep\n|\n|t:|1699253359\n|switch|p2a: Calyrex|Calyrex-Shadow|100\/100\n|-ability|p2a: Calyrex|As One\n|-ability|p2a: Calyrex|Unnerve\n|turn|20\n|\n|t:|1699253364\n|move|p2a: Calyrex|Astral Barrage|p1a: Flareon\n|-damage|p1a: Flareon|0 fnt\n|faint|p1a: Flareon\n|\n|win|Bunnysai\n|n|\u2606amogus italianus|amogusitalianus\n|n|\u2606Bunnysai|bunnysai\n|n|*Lady Monita \u263d|ladymonita\n","uploadtime":1699253365,"views":4,"p1id":"amogusitalianus","p2id":"bunnysai","formatid":"gen9anythinggoes","rating":0,"private":0,"password":""}