{"id":"gen9anythinggoes-1971416207","p1":"derdansl","p2":"SuperIllaoi","format":"[Gen 9] Anything Goes","log":"|j|\u2606derdansl\n|j|\u2606SuperIllaoi\n|t:|1697736768\n|gametype|singles\n|player|p1|derdansl|riley|\n|player|p2|SuperIllaoi|cyrus|\n|teamsize|p1|6\n|teamsize|p2|6\n|gen|9\n|tier|[Gen 9] Anything Goes\n|rule|HP Percentage Mod: HP is shown in percentages\n|rule|Endless Battle Clause: Forcing endless battles is banned\n|rule|Item Clause: Limit one of each item\n|rule|Evasion Moves Clause: Evasion moves are banned\n|rule|Evasion Abilities Clause: Evasion abilities are banned\n|rule|Swagger Clause: Swagger is banned\n|rule|OHKO Clause: OHKO moves are banned\n|rule|Species Clause: Limit one of each Pok\u00e9mon\n|clearpoke\n|poke|p1|Dragapult, F|\n|poke|p1|Great Tusk|\n|poke|p1|Perrserker, F|\n|poke|p1|Rillaboom, F|\n|poke|p1|Rotom-Heat|\n|poke|p1|Ursaring, F|\n|poke|p2|Volcanion|\n|poke|p2|Forretress, M|\n|poke|p2|Enamorus-Therian, F|\n|poke|p2|Hippowdon, M|\n|poke|p2|Uxie|\n|poke|p2|Zoroark-Hisui, M|\n|teampreview\n|c|\u2606derdansl|gl hf\n|c|\u2606SuperIllaoi|u2\n|inactive|Battle timer is ON: inactive players will automatically lose when time's up. (requested by derdansl)\n|\n|t:|1697736815\n|start\n|switch|p1a: Balthus|Perrserker, F|100\/100\n|switch|p2a: K\u00e4ptn Magma|Volcanion|100\/100\n|turn|1\n|inactive|derdansl has 270 seconds left.\n|\n|t:|1697736847\n|switch|p1a: Dimitri|Ursaring, F|100\/100\n|move|p2a: K\u00e4ptn Magma|Will-O-Wisp|p1a: Dimitri\n|-status|p1a: Dimitri|brn\n|\n|-damage|p1a: Dimitri|94\/100 brn|[from] brn\n|upkeep\n|turn|2\n|c|\u2606SuperIllaoi|hm\n|inactive|derdansl has 270 seconds left.\n|c|\u2606derdansl|danke\n|\n|t:|1697736869\n|switch|p2a: Lucario|Forretress, M|100\/100\n|move|p1a: Dimitri|Crunch|p2a: Lucario\n|-damage|p2a: Lucario|81\/100\n|-damage|p1a: Dimitri|78\/100 brn|[from] item: Rocky Helmet|[of] p2a: Lucario\n|\n|-damage|p1a: Dimitri|72\/100 brn|[from] brn\n|upkeep\n|turn|3\n|inactive|derdansl has 270 seconds left.\n|\n|t:|1697736901\n|switch|p1a: Balthus|Perrserker, F|100\/100\n|move|p2a: Lucario|Stealth Rock|p1a: Balthus\n|-sidestart|p1: derdansl|move: Stealth Rock\n|\n|upkeep\n|turn|4\n|inactive|SuperIllaoi has 270 seconds left.\n|\n|t:|1697736928\n|move|p1a: Balthus|Taunt|p2a: Lucario\n|-start|p2a: Lucario|move: Taunt\n|move|p2a: Lucario|Volt Switch|p1a: Balthus\n|-damage|p1a: Balthus|83\/100\n|inactive|SuperIllaoi has 270 seconds left.\n|\n|t:|1697736944\n|switch|p2a: K\u00e4ptn Magma|Volcanion|100\/100|[from] Volt Switch\n|\n|upkeep\n|turn|5\n|\n|t:|1697736958\n|move|p2a: K\u00e4ptn Magma|Steam Eruption|p1a: Balthus\n|-damage|p1a: Balthus|0 fnt\n|faint|p1a: Balthus\n|\n|upkeep\n|inactive|derdansl has 240 seconds left.\n|\n|t:|1697736985\n|switch|p1a: Edelgard|Great Tusk|100\/100\n|-damage|p1a: Edelgard|98\/100|[from] Stealth Rock\n|turn|6\n|inactive|derdansl has 240 seconds left.\n|inactive|SuperIllaoi has 270 seconds left.\n|\n|t:|1697736998\n|switch|p2a: Love is in the air|Enamorus-Therian, F|100\/100\n|move|p1a: Edelgard|Bulk Up|p1a: Edelgard\n|-boost|p1a: Edelgard|atk|1\n|-boost|p1a: Edelgard|def|1\n|\n|upkeep\n|turn|7\n|inactive|derdansl has 240 seconds left.\n|inactive|SuperIllaoi has 270 seconds left.\n|\n|t:|1697737014\n|move|p2a: Love is in the air|Psychic|p1a: Edelgard\n|-supereffective|p1a: Edelgard\n|-damage|p1a: Edelgard|4\/100\n|move|p1a: Edelgard|Heavy Slam|p2a: Love is in the air\n|-enditem|p2a: Love is in the air|Focus Sash\n|-damage|p2a: Love is in the air|1\/100\n|replace|p2a: Manuel Neuer|Zoroark-Hisui, M\n|-end|p2a: Manuel Neuer|Illusion\n|-damage|p1a: Edelgard|0 fnt|[from] item: Life Orb\n|faint|p1a: Edelgard\n|-end|p1a: Edelgard|Protosynthesis|[silent]\n|\n|upkeep\n|inactive|derdansl has 240 seconds left.\n|inactive|derdansl has 210 seconds left.\n|\n|t:|1697737058\n|switch|p1a: Claude|Dragapult, F, shiny|100\/100\n|-damage|p1a: Claude|88\/100|[from] Stealth Rock\n|turn|8\n|inactive|derdansl has 210 seconds left.\n|inactive|SuperIllaoi has 270 seconds left.\n|\n|t:|1697737095\n|switch|p2a: Lucario|Forretress, M|81\/100\n|move|p1a: Claude|Flamethrower|p2a: Lucario\n|-supereffective|p2a: Lucario\n|-damage|p2a: Lucario|0 fnt\n|faint|p2a: Lucario\n|\n|upkeep\n|\n|t:|1697737103\n|switch|p2a: Love is in the air|Enamorus-Therian, F|100\/100\n|turn|9\n|inactive|derdansl has 210 seconds left.\n|\n|t:|1697737131\n|switch|p1a: Forstellka|Rotom-Heat, shiny|100\/100\n|move|p2a: Love is in the air|Moonblast|p1a: Forstellka\n|-resisted|p1a: Forstellka\n|-damage|p1a: Forstellka|61\/100\n|\n|upkeep\n|turn|10\n|\n|t:|1697737147\n|switch|p2a: Stella|Uxie|100\/100\n|move|p1a: Forstellka|Nasty Plot|p1a: Forstellka\n|-boost|p1a: Forstellka|spa|2\n|\n|upkeep\n|turn|11\n|inactive|derdansl has 180 seconds left.\n|\n|t:|1697737180\n|move|p1a: Forstellka|Discharge|p2a: Stella\n|-damage|p2a: Stella|62\/100\n|move|p2a: Stella|Light Screen|p2a: Stella\n|-sidestart|p2: SuperIllaoi|move: Light Screen\n|\n|upkeep\n|turn|12\n|\n|t:|1697737189\n|move|p1a: Forstellka|Overheat|p2a: Stella\n|-damage|p2a: Stella|30\/100\n|-unboost|p1a: Forstellka|spa|2\n|move|p2a: Stella|Knock Off|p1a: Forstellka\n|-damage|p1a: Forstellka|42\/100\n|-enditem|p1a: Forstellka|Heavy-Duty Boots|[from] move: Knock Off|[of] p2a: Stella\n|\n|upkeep\n|turn|13\n|inactive|derdansl has 180 seconds left.\n|\n|t:|1697737212\n|move|p1a: Forstellka|Discharge|p2a: Stella\n|-damage|p2a: Stella|20\/100\n|-status|p2a: Stella|par\n|move|p2a: Stella|Reflect|p2a: Stella\n|-sidestart|p2: SuperIllaoi|Reflect\n|\n|upkeep\n|turn|14\n|\n|t:|1697737220\n|move|p1a: Forstellka|Nasty Plot|p1a: Forstellka\n|-boost|p1a: Forstellka|spa|2\n|move|p2a: Stella|Psychic|p1a: Forstellka\n|-damage|p1a: Forstellka|12\/100\n|\n|upkeep\n|turn|15\n|inactive|SuperIllaoi has 270 seconds left.\n|\n|t:|1697737230\n|move|p1a: Forstellka|Discharge|p2a: Stella\n|-damage|p2a: Stella|0 fnt\n|faint|p2a: Stella\n|\n|upkeep\n|inactive|SuperIllaoi has 270 seconds left.\n|\n|t:|1697737240\n|switch|p2a: Love is in the air|Enamorus-Therian, F|1\/100\n|turn|16\n|inactive|SuperIllaoi has 270 seconds left.\n|inactive|derdansl has 180 seconds left.\n|\n|t:|1697737263\n|-terastallize|p1a: Forstellka|Fairy\n|move|p2a: Love is in the air|Psychic|p1a: Forstellka\n|-damage|p1a: Forstellka|0 fnt\n|faint|p1a: Forstellka\n|\n|upkeep\n|\n|t:|1697737280\n|switch|p1a: Dimitri|Ursaring, F|72\/100 brn\n|-damage|p1a: Dimitri|60\/100 brn|[from] Stealth Rock\n|turn|17\n|inactive|SuperIllaoi has 270 seconds left.\n|\n|t:|1697737292\n|move|p2a: Love is in the air|Grass Knot|p1a: Dimitri\n|-damage|p1a: Dimitri|38\/100 brn\n|move|p1a: Dimitri|Crunch|p2a: Love is in the air\n|-supereffective|p2a: Love is in the air\n|-damage|p2a: Love is in the air|0 fnt\n|replace|p2a: Manuel Neuer|Zoroark-Hisui, M\n|-end|p2a: Manuel Neuer|Illusion\n|faint|p2a: Manuel Neuer\n|\n|-damage|p1a: Dimitri|32\/100 brn|[from] brn\n|upkeep\n|\n|t:|1697737318\n|switch|p2a: K\u00e4ptn Magma|Volcanion|100\/100\n|turn|18\n|\n|t:|1697737325\n|move|p2a: K\u00e4ptn Magma|Flamethrower|p1a: Dimitri\n|-crit|p1a: Dimitri\n|-damage|p1a: Dimitri|0 fnt\n|faint|p1a: Dimitri\n|\n|-sideend|p2: SuperIllaoi|move: Light Screen\n|upkeep\n|c|\u2606derdansl|alder der hat gemattert\n|inactive|derdansl has 150 seconds left.\n|\n|t:|1697737355\n|switch|p1a: Claude|Dragapult, F, shiny|88\/100\n|-damage|p1a: Claude|76\/100|[from] Stealth Rock\n|turn|19\n|c|\u2606SuperIllaoi|h\u00e4tte der nicht auch so gereicht?\n|inactive|derdansl has 150 seconds left.\n|c|\u2606derdansl|ne war voll spdef\n|c|\u2606SuperIllaoi|oh\n|c|\u2606derdansl|mit evolit\n|\n|t:|1697737388\n|move|p1a: Claude|Thunderbolt|p2a: K\u00e4ptn Magma\n|-supereffective|p2a: K\u00e4ptn Magma\n|-damage|p2a: K\u00e4ptn Magma|16\/100\n|move|p2a: K\u00e4ptn Magma|Steam Eruption|p1a: Claude|[miss]\n|-miss|p2a: K\u00e4ptn Magma|p1a: Claude\n|\n|upkeep\n|turn|20\n|c|\u2606derdansl|ok is fair\n|c|\u2606SuperIllaoi|true\n|\n|t:|1697737402\n|move|p1a: Claude|Thunderbolt|p2a: K\u00e4ptn Magma\n|-supereffective|p2a: K\u00e4ptn Magma\n|-damage|p2a: K\u00e4ptn Magma|0 fnt\n|faint|p2a: K\u00e4ptn Magma\n|\n|-sideend|p2: SuperIllaoi|Reflect\n|upkeep\n|\n|t:|1697737408\n|switch|p2a: Love is in the air|Enamorus-Therian, F|100\/100\n|turn|21\n|\n|t:|1697737414\n|move|p1a: Claude|Thunderbolt|p2a: Love is in the air\n|-supereffective|p2a: Love is in the air\n|-crit|p2a: Love is in the air\n|-damage|p2a: Love is in the air|20\/100\n|move|p2a: Love is in the air|Moonblast|p1a: Claude\n|-supereffective|p1a: Claude\n|-damage|p1a: Claude|0 fnt\n|faint|p1a: Claude\n|\n|upkeep\n|c|\u2606derdansl|oops\n|\n|t:|1697737421\n|switch|p1a: Alois|Rillaboom, F|100\/100\n|-damage|p1a: Alois|88\/100|[from] Stealth Rock\n|-fieldstart|move: Grassy Terrain|[from] ability: Grassy Surge|[of] p1a: Alois\n|turn|22\n|c|\u2606SuperIllaoi|der crit hat auch gemattert xD\n|c|\u2606derdansl|haha\n|inactive|derdansl has 120 seconds left.\n|\n|t:|1697737454\n|move|p1a: Alois|Drum Beating|p2a: Love is in the air\n|-resisted|p2a: Love is in the air\n|-damage|p2a: Love is in the air|1\/100\n|-unboost|p2a: Love is in the air|spe|1\n|move|p2a: Love is in the air|Mystical Fire|p1a: Alois\n|-supereffective|p1a: Alois\n|-damage|p1a: Alois|24\/100\n|-unboost|p1a: Alois|spa|1\n|\n|-heal|p1a: Alois|30\/100|[from] Grassy Terrain\n|-heal|p1a: Alois|37\/100|[from] item: Leftovers\n|upkeep\n|turn|23\n|c|\u2606SuperIllaoi|holy shit\n|inactive|derdansl has 120 seconds left.\n|inactive|SuperIllaoi has 240 seconds left.\n|\n|t:|1697737472\n|move|p1a: Alois|Drum Beating|p2a: Love is in the air\n|-resisted|p2a: Love is in the air\n|-damage|p2a: Love is in the air|0 fnt\n|faint|p2a: Love is in the air\n|\n|-heal|p1a: Alois|43\/100|[from] Grassy Terrain\n|-heal|p1a: Alois|49\/100|[from] item: Leftovers\n|upkeep\n|inactive|SuperIllaoi has 240 seconds left.\n|\n|t:|1697737486\n|switch|p2a: Pampelmuse|Hippowdon, M|100\/100\n|-weather|Sandstorm|[from] ability: Sand Stream|[of] p2a: Pampelmuse\n|turn|24\n|inactive|SuperIllaoi has 240 seconds left.\n|inactive|SuperIllaoi has 210 seconds left.\n|\n|t:|1697737521\n|move|p1a: Alois|Drum Beating|p2a: Pampelmuse\n|-supereffective|p2a: Pampelmuse\n|-damage|p2a: Pampelmuse|53\/100\n|-unboost|p2a: Pampelmuse|spe|1\n|move|p2a: Pampelmuse|Stone Edge|p1a: Alois\n|-damage|p1a: Alois|33\/100\n|\n|-weather|Sandstorm|[upkeep]\n|-damage|p1a: Alois|27\/100|[from] Sandstorm\n|-heal|p1a: Alois|33\/100|[from] Grassy Terrain\n|-heal|p1a: Alois|39\/100|[from] item: Leftovers\n|-heal|p2a: Pampelmuse|59\/100|[from] Grassy Terrain\n|-heal|p2a: Pampelmuse|65\/100|[from] item: Leftovers\n|upkeep\n|turn|25\n|inactive|SuperIllaoi has 210 seconds left.\n|inactive|derdansl has 120 seconds left.\n|\n|t:|1697737540\n|move|p1a: Alois|Swords Dance|p1a: Alois\n|-boost|p1a: Alois|atk|2\n|move|p2a: Pampelmuse|Slack Off|p2a: Pampelmuse\n|-heal|p2a: Pampelmuse|100\/100\n|\n|-weather|Sandstorm|[upkeep]\n|-damage|p1a: Alois|33\/100|[from] Sandstorm\n|-heal|p1a: Alois|39\/100|[from] Grassy Terrain\n|-heal|p1a: Alois|45\/100|[from] item: Leftovers\n|upkeep\n|turn|26\n|inactive|SuperIllaoi has 210 seconds left.\n|inactive|derdansl has 120 seconds left.\n|\n|t:|1697737562\n|move|p1a: Alois|Drum Beating|p2a: Pampelmuse\n|-supereffective|p2a: Pampelmuse\n|-damage|p2a: Pampelmuse|9\/100\n|-unboost|p2a: Pampelmuse|spe|1\n|move|p2a: Pampelmuse|Stone Edge|p1a: Alois\n|-damage|p1a: Alois|29\/100\n|\n|-weather|Sandstorm|[upkeep]\n|-damage|p1a: Alois|23\/100|[from] Sandstorm\n|-heal|p1a: Alois|29\/100|[from] Grassy Terrain\n|-heal|p1a: Alois|36\/100|[from] item: Leftovers\n|-heal|p2a: Pampelmuse|15\/100|[from] Grassy Terrain\n|-heal|p2a: Pampelmuse|21\/100|[from] item: Leftovers\n|-fieldend|move: Grassy Terrain\n|upkeep\n|turn|27\n|c|\u2606SuperIllaoi|gg\n|c|\u2606derdansl|gg\n|inactive|derdansl has 120 seconds left.\n|\n|t:|1697737576\n|move|p1a: Alois|Drum Beating|p2a: Pampelmuse\n|-supereffective|p2a: Pampelmuse\n|-damage|p2a: Pampelmuse|0 fnt\n|faint|p2a: Pampelmuse\n|\n|win|derdansl\n|c|\u2606derdansl|vc?\n|c|\u2606SuperIllaoi|ja\n","uploadtime":1697737598,"views":19,"p1id":"derdansl","p2id":"superillaoi","formatid":"gen9anythinggoes","rating":0,"private":0,"password":""}