{"id":"gen9anythinggoes-1984737000","p1":"HapnAng","p2":"HotDogPots","format":"[Gen 9] Anything Goes","log":"|j|\u2606HapnAng\n|j|\u2606HotDogPots\n|t:|1699294907\n|gametype|singles\n|player|p1|HapnAng|hugh|1000\n|player|p2|HotDogPots|juan|1059\n|teamsize|p1|6\n|teamsize|p2|6\n|gen|9\n|tier|[Gen 9] Anything Goes\n|rated|\n|rule|HP Percentage Mod: HP is shown in percentages\n|rule|Endless Battle Clause: Forcing endless battles is banned\n|clearpoke\n|poke|p1|Greninja-*, M|\n|poke|p1|Gallade, M|\n|poke|p1|Ceruledge, F|\n|poke|p1|Flapple, M|\n|poke|p1|Lycanroc-Dusk, F|\n|poke|p1|Tinkaton, F|\n|poke|p2|Arceus-Bug|\n|poke|p2|Arceus-Ice|\n|poke|p2|Arceus-Rock|\n|poke|p2|Regieleki|\n|poke|p2|Shaymin-Sky|\n|poke|p2|Impidimp, M|\n|teampreview\n|c|\u2606HotDogPots|bad good pokeomn\n|\n|t:|1699294915\n|start\n|switch|p1a: Tinkaton|Tinkaton, F|100\/100\n|switch|p2a: Arceus|Arceus-Bug|100\/100\n|-ability|p1a: Tinkaton|Mold Breaker\n|turn|1\n|inactive|Battle timer is ON: inactive players will automatically lose when time's up. (requested by HotDogPots)\n|\n|t:|1699294926\n|move|p2a: Arceus|Perish Song|p2a: Arceus\n|-start|p1a: Tinkaton|perish3|[silent]\n|-start|p2a: Arceus|perish3|[silent]\n|-fieldactivate|move: Perish Song\n|move|p1a: Tinkaton|Gigaton Hammer|p2a: Arceus\n|-damage|p2a: Arceus|60\/100\n|\n|-start|p2a: Arceus|perish3\n|-start|p1a: Tinkaton|perish3\n|upkeep\n|turn|2\n|\n|t:|1699294936\n|move|p2a: Arceus|Stealth Rock|p1a: Tinkaton\n|-sidestart|p1: HapnAng|move: Stealth Rock\n|move|p1a: Tinkaton|Flash Cannon|p2a: Arceus\n|-damage|p2a: Arceus|46\/100\n|\n|-start|p2a: Arceus|perish2\n|-start|p1a: Tinkaton|perish2\n|upkeep\n|turn|3\n|\n|t:|1699294942\n|move|p1a: Tinkaton|Gigaton Hammer|p2a: Arceus\n|-damage|p2a: Arceus|7\/100\n|move|p2a: Arceus|Roar|p1a: Tinkaton\n|drag|p1a: Flapple|Flapple, M|100\/100\n|-damage|p1a: Flapple|88\/100|[from] Stealth Rock\n|\n|-start|p2a: Arceus|perish1\n|upkeep\n|turn|4\n|\n|t:|1699294951\n|move|p2a: Arceus|Steel Beam|p1a: Flapple\n|-damage|p1a: Flapple|21\/100\n|-damage|p2a: Arceus|0 fnt|[from] steelbeam\n|faint|p2a: Arceus\n|-activate|p1a: Flapple|ability: Ripen\n|-enditem|p1a: Flapple|Aguav Berry|[eat]\n|-heal|p1a: Flapple|88\/100|[from] item: Aguav Berry\n|move|p1a: Flapple|Grav Apple|p2: Arceus|[notarget]\n|-fail|p1a: Flapple\n|\n|upkeep\n|\n|t:|1699294957\n|switch|p2a: Arceus|Arceus-Ice|100\/100\n|turn|5\n|\n|t:|1699294967\n|switch|p1a: Gallade|Gallade, M|100\/100\n|-damage|p1a: Gallade|94\/100|[from] Stealth Rock\n|move|p2a: Arceus|Dragon Dance|p2a: Arceus\n|-boost|p2a: Arceus|atk|1\n|-boost|p2a: Arceus|spe|1\n|\n|upkeep\n|turn|6\n|\n|t:|1699294975\n|move|p2a: Arceus|Ice Beam|p1a: Gallade\n|-damage|p1a: Gallade|42\/100\n|move|p1a: Gallade|Swords Dance|p1a: Gallade\n|-boost|p1a: Gallade|atk|2\n|\n|upkeep\n|turn|7\n|\n|t:|1699294982\n|move|p2a: Arceus|Ice Beam|p1a: Gallade\n|-damage|p1a: Gallade|0 fnt\n|faint|p1a: Gallade\n|\n|upkeep\n|\n|t:|1699294989\n|switch|p1a: Ceruledge|Ceruledge, F|100\/100\n|-damage|p1a: Ceruledge|75\/100|[from] Stealth Rock\n|turn|8\n|\n|t:|1699294995\n|move|p2a: Arceus|Thunderbolt|p1a: Ceruledge\n|-damage|p1a: Ceruledge|42\/100\n|move|p1a: Ceruledge|Bitter Blade|p2a: Arceus\n|-supereffective|p2a: Arceus\n|-crit|p2a: Arceus\n|-damage|p2a: Arceus|0 fnt\n|-heal|p1a: Ceruledge|100\/100|[from] drain|[of] p2a: Arceus\n|faint|p2a: Arceus\n|\n|upkeep\n|\n|t:|1699295000\n|switch|p2a: Arceus|Arceus-Rock|100\/100\n|turn|9\n|\n|t:|1699295007\n|move|p2a: Arceus|Dragon Dance|p2a: Arceus\n|-boost|p2a: Arceus|atk|1\n|-boost|p2a: Arceus|spe|1\n|move|p1a: Ceruledge|Brick Break|p2a: Arceus\n|-supereffective|p2a: Arceus\n|-damage|p2a: Arceus|62\/100\n|\n|upkeep\n|turn|10\n|\n|t:|1699295016\n|switch|p1a: Flapple|Flapple, M|88\/100\n|-damage|p1a: Flapple|75\/100|[from] Stealth Rock\n|move|p2a: Arceus|Dragon Dance|p2a: Arceus\n|-boost|p2a: Arceus|atk|1\n|-boost|p2a: Arceus|spe|1\n|\n|upkeep\n|turn|11\n|\n|t:|1699295026\n|move|p2a: Arceus|Fly||[still]\n|-prepare|p2a: Arceus|Fly\n|move|p1a: Flapple|Grav Apple|p2a: Arceus|[miss]\n|-miss|p1a: Flapple|p2a: Arceus\n|\n|upkeep\n|turn|12\n|\n|t:|1699295037\n|switch|p1a: Lycanroc|Lycanroc-Dusk, F|100\/100\n|-damage|p1a: Lycanroc|88\/100|[from] Stealth Rock\n|move|p2a: Arceus|Fly|p1a: Lycanroc|[from]lockedmove\n|-resisted|p1a: Lycanroc\n|-damage|p1a: Lycanroc|43\/100\n|\n|upkeep\n|turn|13\n|\n|t:|1699295046\n|move|p2a: Arceus|Fly||[still]\n|-prepare|p2a: Arceus|Fly\n|move|p1a: Lycanroc|Drill Run|p2a: Arceus|[miss]\n|-miss|p1a: Lycanroc|p2a: Arceus\n|\n|upkeep\n|turn|14\n|\n|t:|1699295051\n|switch|p1a: Tinkaton|Tinkaton, F|100\/100\n|-damage|p1a: Tinkaton|94\/100|[from] Stealth Rock\n|-ability|p1a: Tinkaton|Mold Breaker\n|move|p2a: Arceus|Fly|p1a: Tinkaton|[from]lockedmove\n|-resisted|p1a: Tinkaton\n|-damage|p1a: Tinkaton|51\/100\n|\n|-heal|p1a: Tinkaton|57\/100|[from] item: Leftovers\n|upkeep\n|turn|15\n|\n|t:|1699295063\n|move|p2a: Arceus|Fly||[still]\n|-prepare|p2a: Arceus|Fly\n|move|p1a: Tinkaton|Gigaton Hammer|p2a: Arceus|[miss]\n|-miss|p1a: Tinkaton|p2a: Arceus\n|\n|-heal|p1a: Tinkaton|63\/100|[from] item: Leftovers\n|upkeep\n|turn|16\n|\n|t:|1699295069\n|move|p2a: Arceus|Fly|p1a: Tinkaton|[from]lockedmove\n|-resisted|p1a: Tinkaton\n|-damage|p1a: Tinkaton|20\/100\n|move|p1a: Tinkaton|Flash Cannon|p2a: Arceus\n|-supereffective|p2a: Arceus\n|-damage|p2a: Arceus|29\/100\n|\n|-heal|p1a: Tinkaton|26\/100|[from] item: Leftovers\n|upkeep\n|turn|17\n|\n|t:|1699295076\n|move|p2a: Arceus|Stone Edge|p1a: Tinkaton\n|-resisted|p1a: Tinkaton\n|-damage|p1a: Tinkaton|0 fnt\n|faint|p1a: Tinkaton\n|\n|upkeep\n|\n|t:|1699295082\n|switch|p1a: Flapple|Flapple, M|75\/100\n|-damage|p1a: Flapple|63\/100|[from] Stealth Rock\n|turn|18\n|\n|t:|1699295085\n|move|p2a: Arceus|Fly||[still]\n|-prepare|p2a: Arceus|Fly\n|move|p1a: Flapple|Grav Apple|p2a: Arceus|[miss]\n|-miss|p1a: Flapple|p2a: Arceus\n|\n|upkeep\n|turn|19\n|\n|t:|1699295092\n|switch|p1a: Ceruledge|Ceruledge, F|100\/100\n|-damage|p1a: Ceruledge|75\/100|[from] Stealth Rock\n|move|p2a: Arceus|Fly|p1a: Ceruledge|[from]lockedmove\n|-crit|p1a: Ceruledge\n|-damage|p1a: Ceruledge|0 fnt\n|faint|p1a: Ceruledge\n|\n|upkeep\n|\n|t:|1699295100\n|switch|p1a: Greninja|Greninja, M|100\/100\n|-damage|p1a: Greninja|88\/100|[from] Stealth Rock\n|turn|20\n|c|\u2606HotDogPots|this is so dumb\n|\n|t:|1699295114\n|move|p2a: Arceus|Fly||[still]\n|-prepare|p2a: Arceus|Fly\n|move|p1a: Greninja|Hydro Pump|p2a: Arceus|[miss]\n|-miss|p1a: Greninja|p2a: Arceus\n|\n|upkeep\n|turn|21\n|\n|t:|1699295119\n|move|p2a: Arceus|Fly|p1a: Greninja|[from]lockedmove\n|-damage|p1a: Greninja|0 fnt\n|faint|p1a: Greninja\n|\n|upkeep\n|\n|t:|1699295124\n|switch|p1a: Flapple|Flapple, M|63\/100\n|-damage|p1a: Flapple|51\/100|[from] Stealth Rock\n|turn|22\n|\n|t:|1699295128\n|move|p2a: Arceus|Fly||[still]\n|-prepare|p2a: Arceus|Fly\n|move|p1a: Flapple|Grav Apple|p2a: Arceus|[miss]\n|-miss|p1a: Flapple|p2a: Arceus\n|\n|upkeep\n|turn|23\n|\n|t:|1699295134\n|switch|p1a: Lycanroc|Lycanroc-Dusk, F|43\/100\n|-damage|p1a: Lycanroc|31\/100|[from] Stealth Rock\n|move|p2a: Arceus|Fly|p1a: Lycanroc|[from]lockedmove\n|-resisted|p1a: Lycanroc\n|-damage|p1a: Lycanroc|0 fnt\n|faint|p1a: Lycanroc\n|\n|upkeep\n|\n|t:|1699295142\n|switch|p1a: Flapple|Flapple, M|51\/100\n|-damage|p1a: Flapple|39\/100|[from] Stealth Rock\n|turn|24\n|\n|t:|1699295155\n|switch|p2a: Impidimp|Impidimp, M|100\/100\n|move|p1a: Flapple|Grav Apple|p2a: Impidimp\n|-damage|p2a: Impidimp|20\/100\n|-unboost|p2a: Impidimp|def|1\n|\n|upkeep\n|turn|25\n|\n|t:|1699295165\n|move|p2a: Impidimp|Endure|p2a: Impidimp\n|-singleturn|p2a: Impidimp|move: Endure\n|move|p1a: Flapple|U-turn|p2a: Impidimp\n|-activate|p2a: Impidimp|move: Endure\n|-damage|p2a: Impidimp|1\/100\n|\n|upkeep\n|turn|26\n|\n|t:|1699295175\n|switch|p2a: Arceus|Arceus-Rock|29\/100\n|move|p1a: Flapple|U-turn|p2a: Arceus\n|-damage|p2a: Arceus|12\/100\n|\n|upkeep\n|turn|27\n|\n|t:|1699295183\n|move|p2a: Arceus|Stone Edge|p1a: Flapple\n|-crit|p1a: Flapple\n|-damage|p1a: Flapple|0 fnt\n|faint|p1a: Flapple\n|\n|win|HotDogPots\n|raw|HapnAng's rating: 1000 &rarr; <strong>1000<\/strong><br \/>(+0 for losing)\n|raw|HotDogPots's rating: 1059 &rarr; <strong>1085<\/strong><br \/>(+26 for winning)\n|l|\u2606HapnAng\n","uploadtime":1699295192,"views":5,"p1id":"hapnang","p2id":"hotdogpots","formatid":"gen9anythinggoes","rating":1000,"private":0,"password":""}