{"id":"gen9anythinggoes-1993227666","p1":"thebluecottonee","p2":"Drake SIV","format":"[Gen 9] Anything Goes","log":"|j|\u2606thebluecottonee\n|j|\u2606Drake SIV\n|t:|1700280866\n|gametype|singles\n|player|p1|thebluecottonee|galacticgruntf|1301\n|player|p2|Drake SIV|2|1404\n|teamsize|p1|6\n|teamsize|p2|6\n|gen|9\n|tier|[Gen 9] Anything Goes\n|rated|\n|rule|HP Percentage Mod: HP is shown in percentages\n|rule|Endless Battle Clause: Forcing endless battles is banned\n|clearpoke\n|poke|p1|Cloyster, M|\n|poke|p1|Espathra, M|\n|poke|p1|Calyrex-Shadow|\n|poke|p1|Regieleki|\n|poke|p1|Garganacl, M|\n|poke|p1|Ogerpon-Cornerstone, F|\n|poke|p2|Cyclizar, M|\n|poke|p2|Vivillon-Monsoon, F|\n|poke|p2|Volbeat, M|\n|poke|p2|Skeledirge, F|\n|poke|p2|Gliscor, F|\n|poke|p2|Volcarona, M|\n|teampreview\n|\n|t:|1700280882\n|start\n|switch|p1a: reg|Regieleki|100\/100\n|switch|p2a: Cyclizar|Cyclizar, M, shiny|100\/100\n|turn|1\n|\n|t:|1700280904\n|switch|p2a: Gliscor|Gliscor, F|100\/100\n|move|p1a: reg|Light Screen|p1a: reg\n|-sidestart|p1: thebluecottonee|move: Light Screen\n|\n|-status|p2a: Gliscor|tox|[from] item: Toxic Orb\n|upkeep\n|turn|2\n|\n|t:|1700280921\n|switch|p1a: support|Cloyster, M|100\/100\n|switch|p2a: Vivillon|Vivillon-Monsoon, F|100\/100\n|\n|upkeep\n|turn|3\n|\n|t:|1700280929\n|move|p2a: Vivillon|Sleep Powder|p1a: support\n|-status|p1a: support|slp|[from] move: Sleep Powder\n|cant|p1a: support|slp\n|\n|upkeep\n|turn|4\n|c|\u2606thebluecottonee|:(\n|c|\u2606Drake SIV|your team scares me\n|c|\u2606Drake SIV|:(\n|c|\u2606thebluecottonee|your team scares me\n|\n|t:|1700280952\n|switch|p2a: Skeledirge|Skeledirge, F|100\/100\n|switch|p1a: psychic|Espathra, M|100\/100\n|\n|upkeep\n|turn|5\n|\n|t:|1700280961\n|switch|p1a: support|Cloyster, M|100\/100 slp\n|move|p2a: Skeledirge|Torch Song|p1a: support\n|-damage|p1a: support|59\/100 slp\n|-boost|p2a: Skeledirge|spa|1\n|\n|upkeep\n|turn|6\n|\n|t:|1700280972\n|-terastallize|p2a: Skeledirge|Fairy\n|cant|p1a: support|slp\n|move|p2a: Skeledirge|Hex|p1a: support\n|-damage|p1a: support|0 fnt\n|faint|p1a: support\n|\n|upkeep\n|c|\u2606thebluecottonee|i need to pray\n|c|\u2606thebluecottonee|damit\n|c|\u2606Drake SIV|lol\n|\n|t:|1700280997\n|switch|p1a: Gary|Garganacl, M|100\/100\n|turn|7\n|c|\u2606Drake SIV|i hate this thing\n|c|\u2606Drake SIV|here we go man\n|\n|t:|1700281010\n|switch|p2a: Volbeat|Volbeat, M|100\/100\n|move|p1a: Gary|Salt Cure|p2a: Volbeat\n|-supereffective|p2a: Volbeat\n|-damage|p2a: Volbeat|64\/100\n|-start|p2a: Volbeat|Salt Cure\n|\n|-damage|p2a: Volbeat|52\/100|[from] Salt Cure\n|upkeep\n|turn|8\n|c|\u2606thebluecottonee|im srry\n|c|\u2606thebluecottonee|bro this my first time in the 1300s\n|\n|t:|1700281026\n|move|p2a: Volbeat|Encore|p1a: Gary\n|-start|p1a: Gary|Encore\n|move|p1a: Gary|Salt Cure|p2a: Volbeat\n|-supereffective|p2a: Volbeat\n|-crit|p2a: Volbeat\n|-damage|p2a: Volbeat|1\/100\n|\n|-damage|p2a: Volbeat|0 fnt|[from] Salt Cure\n|faint|p2a: Volbeat\n|-sideend|p1: thebluecottonee|move: Light Screen\n|upkeep\n|c|\u2606Drake SIV|lollll\n|\n|t:|1700281058\n|switch|p2a: Gliscor|Gliscor, F|100\/100 tox\n|turn|9\n|\n|t:|1700281061\n|move|p2a: Gliscor|Substitute|p2a: Gliscor\n|-start|p2a: Gliscor|Substitute\n|-damage|p2a: Gliscor|75\/100 tox\n|move|p1a: Gary|Salt Cure|p2a: Gliscor\n|-crit|p2a: Gliscor\n|-activate|p2a: Gliscor|move: Substitute|[damage]\n|\n|-heal|p2a: Gliscor|88\/100 tox|[from] ability: Poison Heal\n|upkeep\n|turn|10\n|\n|t:|1700281074\n|switch|p1a: the one|Calyrex-Shadow|100\/100\n|-ability|p1a: the one|As One\n|-ability|p1a: the one|Unnerve\n|move|p2a: Gliscor|Swords Dance|p2a: Gliscor\n|-boost|p2a: Gliscor|atk|2\n|\n|-heal|p2a: Gliscor|100\/100 tox|[from] ability: Poison Heal\n|upkeep\n|turn|11\n|\n|t:|1700281086\n|move|p1a: the one|Dark Pulse|p2a: Gliscor\n|-end|p2a: Gliscor|Substitute\n|move|p2a: Gliscor|Earthquake|p1a: the one\n|-damage|p1a: the one|25\/100\n|\n|upkeep\n|turn|12\n|\n|t:|1700281102\n|move|p1a: the one|Psychic|p2a: Gliscor\n|-damage|p2a: Gliscor|42\/100 tox\n|move|p2a: Gliscor|Earthquake|p1a: the one\n|-damage|p1a: the one|0 fnt\n|faint|p1a: the one\n|\n|-heal|p2a: Gliscor|54\/100 tox|[from] ability: Poison Heal\n|upkeep\n|c|\u2606thebluecottonee|tbh idk what im going to do\n|\n|t:|1700281114\n|switch|p1a: psychic|Espathra, M|100\/100\n|turn|13\n|\n|t:|1700281128\n|move|p1a: psychic|Calm Mind|p1a: psychic\n|-boost|p1a: psychic|spa|1\n|-boost|p1a: psychic|spd|1\n|move|p2a: Gliscor|Substitute|p2a: Gliscor\n|-start|p2a: Gliscor|Substitute\n|-damage|p2a: Gliscor|29\/100 tox\n|\n|-heal|p2a: Gliscor|42\/100 tox|[from] ability: Poison Heal\n|-ability|p1a: psychic|Speed Boost|boost\n|-boost|p1a: psychic|spe|1\n|upkeep\n|turn|14\n|c|\u2606Drake SIV|you have some real hard hitters left tbh\n|c|\u2606Drake SIV|one wrong move and im cooked\n|\n|t:|1700281150\n|move|p1a: psychic|Calm Mind|p1a: psychic\n|-boost|p1a: psychic|spa|1\n|-boost|p1a: psychic|spd|1\n|move|p2a: Gliscor|Earthquake|p1a: psychic\n|-damage|p1a: psychic|5\/100\n|\n|-heal|p1a: psychic|11\/100|[from] item: Leftovers\n|-heal|p2a: Gliscor|54\/100 tox|[from] ability: Poison Heal\n|-ability|p1a: psychic|Speed Boost|boost\n|-boost|p1a: psychic|spe|1\n|upkeep\n|turn|15\n|c|\u2606thebluecottonee|damit\n|c|\u2606thebluecottonee|i got greedy\n|\n|t:|1700281175\n|move|p1a: psychic|Dazzling Gleam|p2a: Gliscor\n|-crit|p2a: Gliscor\n|-end|p2a: Gliscor|Substitute\n|move|p2a: Gliscor|Earthquake|p1a: psychic\n|-damage|p1a: psychic|0 fnt\n|faint|p1a: psychic\n|\n|-heal|p2a: Gliscor|67\/100 tox|[from] ability: Poison Heal\n|upkeep\n|c|\u2606Drake SIV|happens to the best of us lol\n|\n|t:|1700281183\n|switch|p1a: og|Ogerpon-Cornerstone, F|100\/100\n|turn|16\n|\n|t:|1700281207\n|switch|p2a: Cyclizar|Cyclizar, M, shiny|100\/100\n|move|p1a: og|Swords Dance|p1a: og\n|-boost|p1a: og|atk|2\n|\n|upkeep\n|turn|17\n|\n|t:|1700281213\n|move|p1a: og|Low Kick|p2a: Cyclizar\n|-supereffective|p2a: Cyclizar\n|-damage|p2a: Cyclizar|0 fnt\n|faint|p2a: Cyclizar\n|\n|upkeep\n|\n|t:|1700281218\n|switch|p2a: Skeledirge|Skeledirge, F, tera:Fairy|100\/100\n|turn|18\n|c|\u2606thebluecottonee|i shouldve gotten the wellspring\n|c|\u2606Drake SIV|this may kill me\n|\n|t:|1700281244\n|move|p1a: og|Power Whip|p2a: Skeledirge\n|-damage|p2a: Skeledirge|47\/100\n|move|p2a: Skeledirge|Will-O-Wisp|p1a: og\n|-status|p1a: og|brn\n|\n|-damage|p1a: og|95\/100 brn|[from] brn\n|upkeep\n|turn|19\n|c|\u2606Drake SIV|im panicking\n|c|\u2606Drake SIV|jfc\n|c|\u2606thebluecottonee|godamit\n|\n|t:|1700281260\n|move|p1a: og|Swords Dance|p1a: og\n|-boost|p1a: og|atk|2\n|move|p2a: Skeledirge|Slack Off|p2a: Skeledirge\n|-heal|p2a: Skeledirge|97\/100\n|\n|-damage|p1a: og|89\/100 brn|[from] brn\n|upkeep\n|turn|20\n|\n|t:|1700281266\n|move|p1a: og|Swords Dance|p1a: og\n|-boost|p1a: og|atk|2\n|move|p2a: Skeledirge|Torch Song|p1a: og\n|-crit|p1a: og\n|-damage|p1a: og|36\/100 brn\n|-boost|p2a: Skeledirge|spa|1\n|\n|-damage|p1a: og|30\/100 brn|[from] brn\n|upkeep\n|turn|21\n|\n|t:|1700281280\n|move|p1a: og|Ivy Cudgel|p2a: Skeledirge|[anim] Ivy Cudgel Rock\n|-damage|p2a: Skeledirge|73\/100\n|move|p2a: Skeledirge|Torch Song|p1a: og\n|-damage|p1a: og|0 fnt\n|-boost|p2a: Skeledirge|spa|1\n|faint|p1a: og\n|\n|upkeep\n|c|\u2606thebluecottonee|well i screwed up there\n|\n|t:|1700281291\n|switch|p1a: Gary|Garganacl, M|100\/100\n|turn|22\n|c|\u2606Drake SIV|HERES THIS THING MAN\n|\n|t:|1700281305\n|move|p2a: Skeledirge|Torch Song|p1a: Gary\n|-resisted|p1a: Gary\n|-damage|p1a: Gary|82\/100\n|-boost|p2a: Skeledirge|spa|1\n|move|p1a: Gary|Salt Cure|p2a: Skeledirge\n|-damage|p2a: Skeledirge|61\/100\n|-start|p2a: Skeledirge|Salt Cure\n|\n|-heal|p1a: Gary|88\/100|[from] item: Leftovers\n|-damage|p2a: Skeledirge|49\/100|[from] Salt Cure\n|upkeep\n|turn|23\n|c|\u2606thebluecottonee|im praying\n|\n|t:|1700281316\n|move|p2a: Skeledirge|Torch Song|p1a: Gary\n|-resisted|p1a: Gary\n|-damage|p1a: Gary|66\/100\n|-boost|p2a: Skeledirge|spa|1\n|move|p1a: Gary|Iron Defense|p1a: Gary\n|-boost|p1a: Gary|def|2\n|\n|-heal|p1a: Gary|72\/100|[from] item: Leftovers\n|-damage|p2a: Skeledirge|36\/100|[from] Salt Cure\n|upkeep\n|turn|24\n|\n|t:|1700281325\n|move|p1a: Gary|Protect|p1a: Gary\n|-singleturn|p1a: Gary|Protect\n|move|p2a: Skeledirge|Torch Song|p1a: Gary\n|-activate|p1a: Gary|move: Protect\n|\n|-heal|p1a: Gary|78\/100|[from] item: Leftovers\n|-damage|p2a: Skeledirge|24\/100|[from] Salt Cure\n|upkeep\n|turn|25\n|\n|t:|1700281333\n|move|p2a: Skeledirge|Torch Song|p1a: Gary\n|-resisted|p1a: Gary\n|-damage|p1a: Gary|51\/100\n|-boost|p2a: Skeledirge|spa|1\n|move|p1a: Gary|Recover|p1a: Gary\n|-heal|p1a: Gary|100\/100\n|\n|-damage|p2a: Skeledirge|12\/100|[from] Salt Cure\n|upkeep\n|turn|26\n|\n|t:|1700281345\n|move|p1a: Gary|Protect|p1a: Gary\n|-singleturn|p1a: Gary|Protect\n|move|p2a: Skeledirge|Torch Song|p1a: Gary\n|-activate|p1a: Gary|move: Protect\n|\n|-damage|p2a: Skeledirge|0 fnt|[from] Salt Cure\n|faint|p2a: Skeledirge\n|upkeep\n|\n|t:|1700281355\n|switch|p2a: Vivillon|Vivillon-Monsoon, F|100\/100\n|turn|27\n|\n|t:|1700281366\n|move|p2a: Vivillon|Quiver Dance|p2a: Vivillon\n|-boost|p2a: Vivillon|spa|1\n|-boost|p2a: Vivillon|spd|1\n|-boost|p2a: Vivillon|spe|1\n|move|p1a: Gary|Salt Cure|p2a: Vivillon\n|-supereffective|p2a: Vivillon\n|-enditem|p2a: Vivillon|Focus Sash\n|-damage|p2a: Vivillon|1\/100\n|-start|p2a: Vivillon|Salt Cure\n|\n|-damage|p2a: Vivillon|0 fnt|[from] Salt Cure\n|faint|p2a: Vivillon\n|upkeep\n|c|\u2606Drake SIV|good god please\n|c|\u2606Drake SIV|PLEASE\n|\n|t:|1700281380\n|switch|p2a: Gliscor|Gliscor, F|67\/100 tox\n|turn|28\n|c|\u2606thebluecottonee|this would be a huge win for me\n|c|\u2606Drake SIV|def lol\n|c|\u2606thebluecottonee|gary needs to clutch\n|c|\u2606Drake SIV|fun match\n|c|\u2606thebluecottonee|ye\n|\n|t:|1700281397\n|move|p2a: Gliscor|Substitute|p2a: Gliscor\n|-start|p2a: Gliscor|Substitute\n|-damage|p2a: Gliscor|42\/100 tox\n|move|p1a: Gary|Salt Cure|p2a: Gliscor\n|-activate|p2a: Gliscor|move: Substitute|[damage]\n|\n|-heal|p2a: Gliscor|54\/100 tox|[from] ability: Poison Heal\n|upkeep\n|turn|29\n|c|\u2606thebluecottonee|oh no\n|\n|t:|1700281405\n|move|p2a: Gliscor|Swords Dance|p2a: Gliscor\n|-boost|p2a: Gliscor|atk|2\n|move|p1a: Gary|Salt Cure|p2a: Gliscor\n|-activate|p2a: Gliscor|move: Substitute|[damage]\n|\n|-heal|p2a: Gliscor|67\/100 tox|[from] ability: Poison Heal\n|upkeep\n|turn|30\n|c|\u2606thebluecottonee|umm\n|c|\u2606thebluecottonee|i think this is where i lose\n|\n|t:|1700281416\n|move|p2a: Gliscor|Swords Dance|p2a: Gliscor\n|-boost|p2a: Gliscor|atk|2\n|move|p1a: Gary|Salt Cure|p2a: Gliscor\n|-end|p2a: Gliscor|Substitute\n|\n|-heal|p2a: Gliscor|79\/100 tox|[from] ability: Poison Heal\n|upkeep\n|turn|31\n|\n|t:|1700281423\n|move|p2a: Gliscor|Substitute|p2a: Gliscor\n|-start|p2a: Gliscor|Substitute\n|-damage|p2a: Gliscor|54\/100 tox\n|move|p1a: Gary|Salt Cure|p2a: Gliscor\n|-activate|p2a: Gliscor|move: Substitute|[damage]\n|\n|-heal|p2a: Gliscor|67\/100 tox|[from] ability: Poison Heal\n|upkeep\n|turn|32\n|\n|t:|1700281430\n|move|p2a: Gliscor|Swords Dance|p2a: Gliscor\n|-boost|p2a: Gliscor|atk|2\n|move|p1a: Gary|Iron Defense|p1a: Gary\n|-boost|p1a: Gary|def|2\n|\n|-heal|p2a: Gliscor|79\/100 tox|[from] ability: Poison Heal\n|upkeep\n|turn|33\n|\n|t:|1700281437\n|move|p2a: Gliscor|Earthquake|p1a: Gary\n|-supereffective|p1a: Gary\n|-damage|p1a: Gary|47\/100\n|move|p1a: Gary|Salt Cure|p2a: Gliscor\n|-activate|p2a: Gliscor|move: Substitute|[damage]\n|\n|-heal|p1a: Gary|53\/100|[from] item: Leftovers\n|-heal|p2a: Gliscor|92\/100 tox|[from] ability: Poison Heal\n|upkeep\n|turn|34\n|\n|t:|1700281446\n|move|p2a: Gliscor|Earthquake|p1a: Gary\n|-supereffective|p1a: Gary\n|-damage|p1a: Gary|0 fnt\n|faint|p1a: Gary\n|\n|-heal|p2a: Gliscor|100\/100 tox|[from] ability: Poison Heal\n|upkeep\n|c|\u2606thebluecottonee|ye i lose\n|c|\u2606Drake SIV|holy\n|\n|t:|1700281453\n|switch|p1a: reg|Regieleki|100\/100\n|turn|35\n|c|\u2606Drake SIV|jfc\n|c|\u2606Drake SIV|closest game all day\n|\n|t:|1700281459\n|move|p1a: reg|Explosion|p2a: Gliscor\n|-end|p2a: Gliscor|Substitute\n|faint|p1a: reg\n|\n|win|Drake SIV\n|raw|thebluecottonee's rating: 1301 &rarr; <strong>1287<\/strong><br \/>(-14 for losing)\n|raw|Drake SIV's rating: 1404 &rarr; <strong>1418<\/strong><br \/>(+14 for winning)\n|c|\u2606thebluecottonee|gg\n|c|\u2606Drake SIV|gg wp\n","uploadtime":1700281467,"views":4,"p1id":"thebluecottonee","p2id":"drakesiv","formatid":"gen9anythinggoes","rating":1287,"private":0,"password":""}