{"id":"gen9anythinggoes-1984974762","p1":"BIGTTTTTTTTT","p2":"dddedezss","format":"[Gen 9] Anything Goes","log":"|j|\u2606BIGTTTTTTTTT\n|j|\u2606dddedezss\n|t:|1699316562\n|gametype|singles\n|player|p1|BIGTTTTTTTTT|maylene|1085\n|player|p2|dddedezss|volkner|1065\n|teamsize|p1|6\n|teamsize|p2|4\n|gen|9\n|tier|[Gen 9] Anything Goes\n|rated|\n|rule|HP Percentage Mod: HP is shown in percentages\n|rule|Endless Battle Clause: Forcing endless battles is banned\n|clearpoke\n|poke|p1|Clodsire, M|\n|poke|p1|Corviknight, M|\n|poke|p1|Amoonguss, M|\n|poke|p1|Garganacl, M|\n|poke|p1|Weavile, F|\n|poke|p1|Talonflame, M|\n|poke|p2|Maushold|\n|poke|p2|Espathra, M|\n|poke|p2|Cinderace, M|\n|poke|p2|Drifblim, F|\n|teampreview\n|inactive|Battle timer is ON: inactive players will automatically lose when time's up. (requested by dddedezss)\n|\n|t:|1699316576\n|start\n|switch|p1a: Evil cat|Weavile, F|100\/100\n|switch|p2a: Espathra|Espathra, M|100\/100\n|-ability|p1a: Evil cat|Pressure\n|turn|1\n|\n|t:|1699316585\n|move|p2a: Espathra|Protect|p2a: Espathra\n|-singleturn|p2a: Espathra|Protect\n|move|p1a: Evil cat|Swords Dance|p1a: Evil cat\n|-boost|p1a: Evil cat|atk|2\n|\n|-ability|p2a: Espathra|Speed Boost|boost\n|-boost|p2a: Espathra|spe|1\n|upkeep\n|turn|2\n|\n|t:|1699316594\n|move|p2a: Espathra|Substitute|p2a: Espathra\n|-start|p2a: Espathra|Substitute\n|-damage|p2a: Espathra|76\/100\n|move|p1a: Evil cat|Knock Off|p2a: Espathra\n|-supereffective|p2a: Espathra\n|-end|p2a: Espathra|Substitute\n|\n|-ability|p2a: Espathra|Speed Boost|boost\n|-boost|p2a: Espathra|spe|1\n|upkeep\n|turn|3\n|\n|t:|1699316605\n|move|p2a: Espathra|Protect|p2a: Espathra\n|-singleturn|p2a: Espathra|Protect\n|move|p1a: Evil cat|Knock Off|p2a: Espathra\n|-activate|p2a: Espathra|move: Protect\n|\n|-ability|p2a: Espathra|Speed Boost|boost\n|-boost|p2a: Espathra|spe|1\n|upkeep\n|turn|4\n|\n|t:|1699316615\n|-terastallize|p2a: Espathra|Fairy\n|move|p2a: Espathra|Calm Mind|p2a: Espathra\n|-boost|p2a: Espathra|spa|1\n|-boost|p2a: Espathra|spd|1\n|move|p1a: Evil cat|Knock Off|p2a: Espathra\n|-resisted|p2a: Espathra\n|-damage|p2a: Espathra|13\/100\n|-enditem|p2a: Espathra|Chesto Berry|[from] move: Knock Off|[of] p1a: Evil cat\n|\n|-ability|p2a: Espathra|Speed Boost|boost\n|-boost|p2a: Espathra|spe|1\n|upkeep\n|turn|5\n|\n|t:|1699316630\n|move|p1a: Evil cat|Ice Shard|p2a: Espathra\n|-damage|p2a: Espathra|0 fnt\n|faint|p2a: Espathra\n|\n|upkeep\n|-message|dddedezss forfeited.\n|\n|win|BIGTTTTTTTTT\n|raw|BIGTTTTTTTTT's rating: 1085 &rarr; <strong>1111<\/strong><br \/>(+26 for winning)\n|raw|dddedezss's rating: 1065 &rarr; <strong>1046<\/strong><br \/>(-19 for losing)\n|l|\u2606dddedezss\n","uploadtime":1699316819,"views":6,"p1id":"bigttttttttt","p2id":"dddedezss","formatid":"gen9anythinggoes","rating":1046,"private":0,"password":""}