{"id":"gen9anythinggoes-1986131375","p1":"Gizakia","p2":"Wiilyam","format":"[Gen 9] Anything Goes","log":"|j|\u2606Gizakia\n|j|\u2606Wiilyam\n|t:|1699453209\n|gametype|singles\n|player|p1|Gizakia|guitarist|1450\n|player|p2|Wiilyam|ingo|1375\n|teamsize|p1|6\n|teamsize|p2|6\n|gen|9\n|tier|[Gen 9] Anything Goes\n|rated|\n|rule|HP Percentage Mod: HP is shown in percentages\n|rule|Endless Battle Clause: Forcing endless battles is banned\n|clearpoke\n|poke|p1|Sneasler, M|\n|poke|p1|Mandibuzz, F|\n|poke|p1|Kingambit, M|\n|poke|p1|Polteageist|\n|poke|p1|Calyrex-Shadow|\n|poke|p1|Flutter Mane|\n|poke|p2|Calyrex-Ice|\n|poke|p2|Zacian-*|\n|poke|p2|Ditto|\n|poke|p2|Ogerpon-Hearthflame, F|\n|poke|p2|Quaquaval, M|\n|poke|p2|Basculegion, M|\n|teampreview\n|inactive|Battle timer is ON: inactive players will automatically lose when time's up. (requested by Gizakia)\n|\n|t:|1699453217\n|start\n|switch|p1a: Polteageist|Polteageist|100\/100\n|switch|p2a: Quaquaval|Quaquaval, M|100\/100\n|turn|1\n|\n|t:|1699453230\n|move|p2a: Quaquaval|Aqua Step|p1a: Polteageist\n|-damage|p1a: Polteageist|8\/100\n|-boost|p2a: Quaquaval|spe|1\n|move|p1a: Polteageist|Shell Smash|p1a: Polteageist\n|-unboost|p1a: Polteageist|def|1\n|-unboost|p1a: Polteageist|spd|1\n|-boost|p1a: Polteageist|atk|2\n|-boost|p1a: Polteageist|spa|2\n|-boost|p1a: Polteageist|spe|2\n|\n|upkeep\n|turn|2\n|\n|t:|1699453239\n|move|p1a: Polteageist|Giga Drain|p2a: Quaquaval\n|-supereffective|p2a: Quaquaval\n|-damage|p2a: Quaquaval|0 fnt\n|-heal|p1a: Polteageist|68\/100|[from] drain|[of] p2a: Quaquaval\n|faint|p2a: Quaquaval\n|\n|upkeep\n|\n|t:|1699453246\n|switch|p2a: Ditto|Ditto, shiny|100\/100\n|-transform|p2a: Ditto|p1a: Polteageist|[from] ability: Imposter\n|turn|3\n|\n|t:|1699453261\n|move|p2a: Ditto|Baton Pass|p2a: Ditto\n|\n|t:|1699453263\n|switch|p2a: Zacian|Zacian-Crowned, shiny|100\/100|[from] Baton Pass\n|-ability|p2a: Zacian|Intrepid Sword|boost\n|-boost|p2a: Zacian|atk|1\n|move|p1a: Polteageist|Giga Drain|p2a: Zacian\n|-resisted|p2a: Zacian\n|-damage|p2a: Zacian|71\/100\n|-heal|p1a: Polteageist|86\/100|[from] drain|[of] p2a: Zacian\n|\n|upkeep\n|turn|4\n|\n|t:|1699453275\n|move|p2a: Zacian|Behemoth Blade|p1a: Polteageist\n|-damage|p1a: Polteageist|0 fnt\n|-start|p2a: Zacian|Disable|Behemoth Blade|[from] ability: Cursed Body|[of] p1a: Polteageist\n|faint|p1a: Polteageist\n|\n|upkeep\n|c|\u2606Gizakia|so uh\n|c|\u2606Gizakia|thats not good\n|\n|t:|1699453294\n|switch|p1a: Calyrex|Calyrex-Shadow|100\/100\n|-ability|p1a: Calyrex|As One\n|-ability|p1a: Calyrex|Unnerve\n|turn|5\n|inactive|Wiilyam has 120 seconds left.\n|\n|t:|1699453330\n|move|p2a: Zacian|Play Rough|p1a: Calyrex\n|-damage|p1a: Calyrex|0 fnt\n|faint|p1a: Calyrex\n|\n|upkeep\n|inactive|Gizakia has 120 seconds left.\n|c|\u2606Gizakia|yea ok gg\n|c|\u2606Gizakia|lmao cant beat dittos rip\n|\n|t:|1699453358\n|switch|p1a: Sneasler|Sneasler, M|100\/100\n|turn|6\n|inactive|Wiilyam has 120 seconds left.\n|\n|t:|1699453371\n|move|p2a: Zacian|Play Rough|p1a: Sneasler\n|-damage|p1a: Sneasler|0 fnt\n|faint|p1a: Sneasler\n|\n|upkeep\n|\n|t:|1699453376\n|switch|p1a: Kingambit|Kingambit, M|100\/100\n|-activate|p1a: Kingambit|ability: Supreme Overlord\n|-start|p1a: Kingambit|fallen3|[silent]\n|turn|7\n|c|\u2606Wiilyam|I highly recommend a ditto\n|inactive|Wiilyam has 120 seconds left.\n|c|\u2606Wiilyam|but give it choice scarf\n|c|\u2606Gizakia|nah\n|c|\u2606Wiilyam|that way its faster\n|c|\u2606Gizakia|i dont like using ditto\n|c|\u2606Wiilyam|okay\n|\n|t:|1699453402\n|-terastallize|p1a: Kingambit|Dark\n|move|p1a: Kingambit|Sucker Punch|p2a: Zacian\n|-resisted|p2a: Zacian\n|-damage|p2a: Zacian|29\/100\n|move|p2a: Zacian|Sacred Sword|p1a: Kingambit\n|-supereffective|p1a: Kingambit\n|-crit|p1a: Kingambit\n|-damage|p1a: Kingambit|0 fnt\n|faint|p1a: Kingambit\n|-end|p1a: Kingambit|fallen3|[silent]\n|\n|-end|p2a: Zacian|Disable\n|upkeep\n|c|\u2606Gizakia|id rather use my own mons then use my opponents\n|\n|t:|1699453413\n|switch|p1a: Flutter Mane|Flutter Mane|100\/100\n|turn|8\n|-message|Gizakia forfeited.\n|\n|win|Wiilyam\n|raw|Gizakia's rating: 1450 &rarr; <strong>1426<\/strong><br \/>(-24 for losing)\n|raw|Wiilyam's rating: 1375 &rarr; <strong>1399<\/strong><br \/>(+24 for winning)\n|l|\u2606Gizakia\n","uploadtime":1699453433,"views":18,"p1id":"gizakia","p2id":"wiilyam","formatid":"gen9anythinggoes","rating":1399,"private":0,"password":""}