{"id":"gen9anythinggoes-1977170371","p1":"Lilly_Artz","p2":"MrMimeIsMrKetchum","format":"[Gen 9] Anything Goes","log":"|j|\u2606Lilly_Artz\n|j|\u2606MrMimeIsMrKetchum\n|t:|1698380442\n|gametype|singles\n|player|p1|Lilly_Artz|caitlin|1086\n|player|p2|MrMimeIsMrKetchum|swimmerf-gen4|1181\n|teamsize|p1|6\n|teamsize|p2|6\n|gen|9\n|tier|[Gen 9] Anything Goes\n|rated|\n|rule|HP Percentage Mod: HP is shown in percentages\n|rule|Endless Battle Clause: Forcing endless battles is banned\n|clearpoke\n|poke|p1|Sylveon, F|\n|poke|p1|Leafeon, M|\n|poke|p1|Espeon, M|\n|poke|p1|Vaporeon, F|\n|poke|p1|Umbreon, M|\n|poke|p1|Glaceon, F|\n|poke|p2|Hatterene, F|\n|poke|p2|Glimmora, F|\n|poke|p2|Dugtrio, F|\n|poke|p2|Dugtrio, F|\n|poke|p2|Dugtrio, F|\n|poke|p2|Scovillain, F|\n|teampreview\n|inactive|Battle timer is ON: inactive players will automatically lose when time's up. (requested by MrMimeIsMrKetchum)\n|\n|t:|1698380467\n|start\n|switch|p1a: Rin|Umbreon, M|100\/100\n|switch|p2a: Glimmora|Glimmora, F, shiny|100\/100\n|turn|1\n|\n|t:|1698380479\n|switch|p1a: Nova|Espeon, M, shiny|100\/100\n|move|p2a: Glimmora|Toxic Spikes|p1a: Nova\n|-sidestart|p1: Lilly_Artz|move: Toxic Spikes\n|\n|upkeep\n|turn|2\n|\n|t:|1698380487\n|move|p1a: Nova|Psychic|p2a: Glimmora\n|-supereffective|p2a: Glimmora\n|-enditem|p2a: Glimmora|Focus Sash\n|-damage|p2a: Glimmora|1\/100\n|move|p2a: Glimmora|Toxic Spikes|p1a: Nova\n|-sidestart|p1: Lilly_Artz|move: Toxic Spikes\n|\n|upkeep\n|turn|3\n|\n|t:|1698380496\n|switch|p2a: Hatterene|Hatterene, F, shiny|100\/100\n|move|p1a: Nova|Psychic|p2a: Hatterene\n|-resisted|p2a: Hatterene\n|-damage|p2a: Hatterene|67\/100\n|\n|upkeep\n|turn|4\n|\n|t:|1698380520\n|move|p1a: Nova|Psychic|p2a: Hatterene\n|-resisted|p2a: Hatterene\n|-damage|p2a: Hatterene|37\/100\n|move|p2a: Hatterene|Light Screen|p2a: Hatterene\n|-sidestart|p2: MrMimeIsMrKetchum|move: Light Screen\n|\n|upkeep\n|turn|5\n|\n|t:|1698380538\n|move|p1a: Nova|Psychic|p2a: Hatterene\n|-resisted|p2a: Hatterene\n|-damage|p2a: Hatterene|20\/100\n|move|p2a: Hatterene|Nuzzle|p1a: Nova\n|-damage|p1a: Nova|92\/100\n|-status|p1a: Nova|par\n|-activate|p1a: Nova|ability: Synchronize\n|-status|p2a: Hatterene|par\n|\n|upkeep\n|turn|6\n|\n|t:|1698380550\n|cant|p1a: Nova|par\n|move|p2a: Hatterene|Reflect|p2a: Hatterene\n|-sidestart|p2: MrMimeIsMrKetchum|Reflect\n|\n|upkeep\n|turn|7\n|\n|t:|1698380564\n|switch|p2a: Dugtrio|Dugtrio, F, shiny|100\/100\n|cant|p1a: Nova|par\n|\n|upkeep\n|turn|8\n|\n|t:|1698380588\n|move|p2a: Dugtrio|Substitute|p2a: Dugtrio\n|-start|p2a: Dugtrio|Substitute\n|-damage|p2a: Dugtrio|76\/100\n|move|p1a: Nova|Psychic|p2a: Dugtrio\n|-end|p2a: Dugtrio|Substitute\n|\n|-heal|p2a: Dugtrio|82\/100|[from] item: Leftovers\n|upkeep\n|turn|9\n|\n|t:|1698380600\n|move|p2a: Dugtrio|Substitute|p2a: Dugtrio\n|-start|p2a: Dugtrio|Substitute\n|-damage|p2a: Dugtrio|57\/100\n|move|p1a: Nova|Psychic|p2a: Dugtrio\n|-end|p2a: Dugtrio|Substitute\n|\n|-heal|p2a: Dugtrio|63\/100|[from] item: Leftovers\n|upkeep\n|turn|10\n|\n|t:|1698380609\n|move|p2a: Dugtrio|Substitute|p2a: Dugtrio\n|-start|p2a: Dugtrio|Substitute\n|-damage|p2a: Dugtrio|38\/100\n|move|p1a: Nova|Psychic|p2a: Dugtrio\n|-end|p2a: Dugtrio|Substitute\n|\n|-heal|p2a: Dugtrio|45\/100|[from] item: Leftovers\n|upkeep\n|turn|11\n|\n|t:|1698380618\n|move|p2a: Dugtrio|Substitute|p2a: Dugtrio\n|-start|p2a: Dugtrio|Substitute\n|-damage|p2a: Dugtrio|20\/100\n|move|p1a: Nova|Psychic|p2a: Dugtrio\n|-end|p2a: Dugtrio|Substitute\n|\n|-heal|p2a: Dugtrio|26\/100|[from] item: Leftovers\n|-sideend|p2: MrMimeIsMrKetchum|move: Light Screen\n|upkeep\n|turn|12\n|\n|t:|1698380631\n|move|p2a: Dugtrio|Substitute|p2a: Dugtrio\n|-start|p2a: Dugtrio|Substitute\n|-damage|p2a: Dugtrio|1\/100\n|move|p1a: Nova|Psychic|p2a: Dugtrio\n|-end|p2a: Dugtrio|Substitute\n|\n|-heal|p2a: Dugtrio|7\/100|[from] item: Leftovers\n|upkeep\n|turn|13\n|\n|t:|1698380640\n|move|p2a: Dugtrio|Protect|p2a: Dugtrio\n|-singleturn|p2a: Dugtrio|Protect\n|move|p1a: Nova|Psychic|p2a: Dugtrio\n|-activate|p2a: Dugtrio|move: Protect\n|\n|-heal|p2a: Dugtrio|14\/100|[from] item: Leftovers\n|-sideend|p2: MrMimeIsMrKetchum|Reflect\n|upkeep\n|turn|14\n|\n|t:|1698380649\n|move|p2a: Dugtrio|Sand Attack|p1a: Nova\n|-unboost|p1a: Nova|accuracy|1\n|move|p1a: Nova|Psychic|p2a: Dugtrio|[miss]\n|-miss|p1a: Nova|p2a: Dugtrio\n|\n|-heal|p2a: Dugtrio|20\/100|[from] item: Leftovers\n|upkeep\n|turn|15\n|\n|t:|1698380658\n|move|p2a: Dugtrio|Protect|p2a: Dugtrio\n|-singleturn|p2a: Dugtrio|Protect\n|move|p1a: Nova|Psychic|p2a: Dugtrio\n|-activate|p2a: Dugtrio|move: Protect\n|\n|-heal|p2a: Dugtrio|26\/100|[from] item: Leftovers\n|upkeep\n|turn|16\n|\n|t:|1698380672\n|move|p2a: Dugtrio|Substitute|p2a: Dugtrio\n|-start|p2a: Dugtrio|Substitute\n|-damage|p2a: Dugtrio|1\/100\n|cant|p1a: Nova|par\n|\n|-heal|p2a: Dugtrio|7\/100|[from] item: Leftovers\n|upkeep\n|turn|17\n|\n|t:|1698380691\n|move|p2a: Dugtrio|Protect|p2a: Dugtrio\n|-singleturn|p2a: Dugtrio|Protect\n|move|p1a: Nova|Psychic|p2a: Dugtrio\n|-activate|p2a: Dugtrio|move: Protect\n|\n|-heal|p2a: Dugtrio|14\/100|[from] item: Leftovers\n|upkeep\n|turn|18\n|\n|t:|1698380701\n|move|p2a: Dugtrio|Sand Attack|p1a: Nova\n|-unboost|p1a: Nova|accuracy|1\n|move|p1a: Nova|Psychic|p2a: Dugtrio|[miss]\n|-miss|p1a: Nova|p2a: Dugtrio\n|\n|-heal|p2a: Dugtrio|20\/100|[from] item: Leftovers\n|upkeep\n|turn|19\n|\n|t:|1698380710\n|move|p2a: Dugtrio|Protect|p2a: Dugtrio\n|-singleturn|p2a: Dugtrio|Protect\n|move|p1a: Nova|Psychic|p2a: Dugtrio\n|-activate|p2a: Dugtrio|move: Protect\n|\n|-heal|p2a: Dugtrio|26\/100|[from] item: Leftovers\n|upkeep\n|turn|20\n|\n|t:|1698380723\n|move|p2a: Dugtrio|Sand Attack|p1a: Nova\n|-unboost|p1a: Nova|accuracy|1\n|move|p1a: Nova|Psychic|p2a: Dugtrio\n|-end|p2a: Dugtrio|Substitute\n|\n|-heal|p2a: Dugtrio|32\/100|[from] item: Leftovers\n|upkeep\n|turn|21\n|\n|t:|1698380733\n|move|p2a: Dugtrio|Protect|p2a: Dugtrio\n|-singleturn|p2a: Dugtrio|Protect\n|-activate|p1a: Nova|move: Struggle\n|move|p1a: Nova|Struggle|p2a: Dugtrio\n|-activate|p2a: Dugtrio|move: Protect\n|\n|-heal|p2a: Dugtrio|38\/100|[from] item: Leftovers\n|upkeep\n|turn|22\n|\n|t:|1698380751\n|move|p2a: Dugtrio|Sand Attack|p1a: Nova\n|-unboost|p1a: Nova|accuracy|1\n|-activate|p1a: Nova|move: Struggle\n|move|p1a: Nova|Struggle|p2a: Dugtrio\n|-damage|p2a: Dugtrio|27\/100\n|-damage|p1a: Nova|67\/100 par|[from] recoil\n|\n|-heal|p2a: Dugtrio|33\/100|[from] item: Leftovers\n|upkeep\n|turn|23\n|\n|t:|1698380768\n|move|p2a: Dugtrio|Protect|p2a: Dugtrio\n|-singleturn|p2a: Dugtrio|Protect\n|-activate|p1a: Nova|move: Struggle\n|move|p1a: Nova|Struggle|p2a: Dugtrio\n|-activate|p2a: Dugtrio|move: Protect\n|\n|-heal|p2a: Dugtrio|40\/100|[from] item: Leftovers\n|upkeep\n|turn|24\n|\n|t:|1698380783\n|move|p2a: Dugtrio|Sand Attack|p1a: Nova\n|-unboost|p1a: Nova|accuracy|1\n|-activate|p1a: Nova|move: Struggle\n|move|p1a: Nova|Struggle|p2a: Dugtrio\n|-damage|p2a: Dugtrio|29\/100\n|-damage|p1a: Nova|41\/100 par|[from] recoil\n|\n|-heal|p2a: Dugtrio|35\/100|[from] item: Leftovers\n|upkeep\n|turn|25\n|\n|t:|1698380801\n|move|p2a: Dugtrio|Protect|p2a: Dugtrio\n|-singleturn|p2a: Dugtrio|Protect\n|cant|p1a: Nova|par\n|\n|-heal|p2a: Dugtrio|41\/100|[from] item: Leftovers\n|upkeep\n|turn|26\n|inactive|Lilly_Artz has 120 seconds left.\n|inactive|MrMimeIsMrKetchum has 120 seconds left.\n|\n|t:|1698380836\n|move|p2a: Dugtrio|Substitute|p2a: Dugtrio\n|-start|p2a: Dugtrio|Substitute\n|-damage|p2a: Dugtrio|16\/100\n|cant|p1a: Nova|par\n|\n|-heal|p2a: Dugtrio|22\/100|[from] item: Leftovers\n|upkeep\n|turn|27\n|\n|t:|1698380845\n|move|p2a: Dugtrio|Protect|p2a: Dugtrio\n|-singleturn|p2a: Dugtrio|Protect\n|cant|p1a: Nova|par\n|\n|-heal|p2a: Dugtrio|29\/100|[from] item: Leftovers\n|upkeep\n|turn|28\n|\n|t:|1698380853\n|move|p2a: Dugtrio|Sand Attack|p1a: Nova\n|-unboost|p1a: Nova|accuracy|1\n|-activate|p1a: Nova|move: Struggle\n|move|p1a: Nova|Struggle|p2a: Dugtrio\n|-activate|p2a: Dugtrio|move: Substitute|[damage]\n|-damage|p1a: Nova|16\/100 par|[from] recoil\n|\n|-heal|p2a: Dugtrio|35\/100|[from] item: Leftovers\n|upkeep\n|turn|29\n|\n|t:|1698380870\n|move|p2a: Dugtrio|Sand Attack|p1a: Nova\n|-unboost|p1a: Nova|accuracy|0\n|cant|p1a: Nova|par\n|\n|-heal|p2a: Dugtrio|41\/100|[from] item: Leftovers\n|upkeep\n|turn|30\n|inactive|Lilly_Artz has 120 seconds left.\n|inactive|MrMimeIsMrKetchum has 120 seconds left.\n|inactive|MrMimeIsMrKetchum has 90 seconds left.\n|\n|t:|1698380949\n|move|p2a: Dugtrio|Sand Attack|p1a: Nova\n|-unboost|p1a: Nova|accuracy|0\n|-activate|p1a: Nova|move: Struggle\n|move|p1a: Nova|Struggle|p2a: Dugtrio\n|-activate|p2a: Dugtrio|move: Substitute|[damage]\n|-damage|p1a: Nova|0 fnt|[from] recoil\n|faint|p1a: Nova\n|\n|-heal|p2a: Dugtrio|47\/100|[from] item: Leftovers\n|upkeep\n|\n|t:|1698380963\n|switch|p1a: Minka|Vaporeon, F, shiny|100\/100\n|-status|p1a: Minka|tox\n|turn|31\n|\n|t:|1698380973\n|move|p2a: Dugtrio|Protect|p2a: Dugtrio\n|-singleturn|p2a: Dugtrio|Protect\n|move|p1a: Minka|Scald|p2a: Dugtrio\n|-activate|p2a: Dugtrio|move: Protect\n|\n|-heal|p2a: Dugtrio|53\/100|[from] item: Leftovers\n|-damage|p1a: Minka|94\/100 tox|[from] psn\n|upkeep\n|turn|32\n|\n|t:|1698380977\n|move|p2a: Dugtrio|Sand Attack|p1a: Minka\n|-unboost|p1a: Minka|accuracy|1\n|move|p1a: Minka|Scald|p2a: Dugtrio|[miss]\n|-miss|p1a: Minka|p2a: Dugtrio\n|\n|-heal|p2a: Dugtrio|60\/100|[from] item: Leftovers\n|-heal|p1a: Minka|100\/100 tox|[from] item: Leftovers\n|-damage|p1a: Minka|88\/100 tox|[from] psn\n|upkeep\n|turn|33\n|inactive|Lilly_Artz has 120 seconds left.\n|\n|t:|1698380989\n|move|p2a: Dugtrio|Protect|p2a: Dugtrio\n|-singleturn|p2a: Dugtrio|Protect\n|move|p1a: Minka|Scald|p2a: Dugtrio\n|-activate|p2a: Dugtrio|move: Protect\n|\n|-heal|p2a: Dugtrio|66\/100|[from] item: Leftovers\n|-heal|p1a: Minka|94\/100 tox|[from] item: Leftovers\n|-damage|p1a: Minka|75\/100 tox|[from] psn\n|upkeep\n|turn|34\n|\n|t:|1698380994\n|move|p2a: Dugtrio|Sand Attack|p1a: Minka\n|-unboost|p1a: Minka|accuracy|1\n|move|p1a: Minka|Scald|p2a: Dugtrio|[miss]\n|-miss|p1a: Minka|p2a: Dugtrio\n|\n|-heal|p2a: Dugtrio|72\/100|[from] item: Leftovers\n|-heal|p1a: Minka|82\/100 tox|[from] item: Leftovers\n|-damage|p1a: Minka|57\/100 tox|[from] psn\n|upkeep\n|turn|35\n|\n|t:|1698381006\n|move|p2a: Dugtrio|Protect|p2a: Dugtrio\n|-singleturn|p2a: Dugtrio|Protect\n|move|p1a: Minka|Scald|p2a: Dugtrio\n|-activate|p2a: Dugtrio|move: Protect\n|\n|-heal|p2a: Dugtrio|78\/100|[from] item: Leftovers\n|-heal|p1a: Minka|63\/100 tox|[from] item: Leftovers\n|-damage|p1a: Minka|32\/100 tox|[from] psn\n|upkeep\n|turn|36\n|\n|t:|1698381009\n|move|p2a: Dugtrio|Sand Attack|p1a: Minka\n|-unboost|p1a: Minka|accuracy|1\n|move|p1a: Minka|Scald|p2a: Dugtrio|[miss]\n|-miss|p1a: Minka|p2a: Dugtrio\n|\n|-heal|p2a: Dugtrio|84\/100|[from] item: Leftovers\n|-heal|p1a: Minka|38\/100 tox|[from] item: Leftovers\n|-damage|p1a: Minka|0 fnt|[from] psn\n|faint|p1a: Minka\n|upkeep\n|\n|t:|1698381022\n|switch|p1a: Minka|Glaceon, F, shiny|100\/100\n|-status|p1a: Minka|tox\n|turn|37\n|\n|t:|1698381029\n|move|p2a: Dugtrio|Protect|p2a: Dugtrio\n|-singleturn|p2a: Dugtrio|Protect\n|move|p1a: Minka|Shadow Ball|p2a: Dugtrio\n|-activate|p2a: Dugtrio|move: Protect\n|\n|-heal|p2a: Dugtrio|91\/100|[from] item: Leftovers\n|-damage|p1a: Minka|95\/100 tox|[from] psn\n|upkeep\n|turn|38\n|\n|t:|1698381033\n|move|p2a: Dugtrio|Sand Attack|p1a: Minka\n|-unboost|p1a: Minka|accuracy|1\n|move|p1a: Minka|Shadow Ball|p2a: Dugtrio\n|-end|p2a: Dugtrio|Substitute\n|\n|-heal|p2a: Dugtrio|97\/100|[from] item: Leftovers\n|-damage|p1a: Minka|83\/100 tox|[from] psn\n|upkeep\n|turn|39\n|\n|t:|1698381045\n|move|p2a: Dugtrio|Substitute|p2a: Dugtrio\n|-start|p2a: Dugtrio|Substitute\n|-damage|p2a: Dugtrio|72\/100\n|move|p1a: Minka|Shadow Ball|p2a: Dugtrio\n|-crit|p2a: Dugtrio\n|-end|p2a: Dugtrio|Substitute\n|\n|-heal|p2a: Dugtrio|78\/100|[from] item: Leftovers\n|-damage|p1a: Minka|65\/100 tox|[from] psn\n|upkeep\n|turn|40\n|\n|t:|1698381051\n|move|p2a: Dugtrio|Protect|p2a: Dugtrio\n|-singleturn|p2a: Dugtrio|Protect\n|move|p1a: Minka|Shadow Ball|p2a: Dugtrio\n|-activate|p2a: Dugtrio|move: Protect\n|\n|-heal|p2a: Dugtrio|84\/100|[from] item: Leftovers\n|-damage|p1a: Minka|41\/100 tox|[from] psn\n|upkeep\n|turn|41\n|\n|t:|1698381054\n|move|p2a: Dugtrio|Substitute|p2a: Dugtrio\n|-start|p2a: Dugtrio|Substitute\n|-damage|p2a: Dugtrio|60\/100\n|move|p1a: Minka|Shadow Ball|p2a: Dugtrio\n|-end|p2a: Dugtrio|Substitute\n|\n|-heal|p2a: Dugtrio|66\/100|[from] item: Leftovers\n|-damage|p1a: Minka|11\/100 tox|[from] psn\n|upkeep\n|turn|42\n|\n|t:|1698381070\n|move|p2a: Dugtrio|Substitute|p2a: Dugtrio\n|-start|p2a: Dugtrio|Substitute\n|-damage|p2a: Dugtrio|41\/100\n|move|p1a: Minka|Shadow Ball|p2a: Dugtrio\n|-end|p2a: Dugtrio|Substitute\n|\n|-heal|p2a: Dugtrio|47\/100|[from] item: Leftovers\n|-damage|p1a: Minka|0 fnt|[from] psn\n|faint|p1a: Minka\n|upkeep\n|\n|t:|1698381085\n|switch|p1a: Craine|Leafeon, M|100\/100\n|-status|p1a: Craine|tox\n|turn|43\n|\n|t:|1698381093\n|move|p2a: Dugtrio|Protect|p2a: Dugtrio\n|-singleturn|p2a: Dugtrio|Protect\n|move|p1a: Craine|Leaf Blade|p2a: Dugtrio\n|-activate|p2a: Dugtrio|move: Protect\n|\n|-heal|p2a: Dugtrio|53\/100|[from] item: Leftovers\n|-damage|p1a: Craine|95\/100 tox|[from] psn\n|upkeep\n|turn|44\n|\n|t:|1698381109\n|move|p1a: Craine|Dig||[still]\n|-prepare|p1a: Craine|Dig\n|move|p2a: Dugtrio|Substitute|p2a: Dugtrio\n|-start|p2a: Dugtrio|Substitute\n|-damage|p2a: Dugtrio|29\/100\n|\n|-heal|p2a: Dugtrio|35\/100|[from] item: Leftovers\n|-damage|p1a: Craine|83\/100 tox|[from] psn\n|upkeep\n|turn|45\n|\n|t:|1698381121\n|move|p1a: Craine|Dig|p2a: Dugtrio|[from]lockedmove\n|-end|p2a: Dugtrio|Substitute\n|move|p2a: Dugtrio|Sand Attack|p1a: Craine\n|-unboost|p1a: Craine|accuracy|1\n|\n|-heal|p2a: Dugtrio|41\/100|[from] item: Leftovers\n|-damage|p1a: Craine|65\/100 tox|[from] psn\n|upkeep\n|turn|46\n|\n|t:|1698381137\n|move|p1a: Craine|Swords Dance|p1a: Craine\n|-boost|p1a: Craine|atk|2\n|move|p2a: Dugtrio|Substitute|p2a: Dugtrio\n|-start|p2a: Dugtrio|Substitute\n|-damage|p2a: Dugtrio|16\/100\n|\n|-heal|p2a: Dugtrio|22\/100|[from] item: Leftovers\n|-damage|p1a: Craine|41\/100 tox|[from] psn\n|upkeep\n|turn|47\n|\n|t:|1698381147\n|move|p2a: Dugtrio|Protect|p2a: Dugtrio\n|-singleturn|p2a: Dugtrio|Protect\n|move|p1a: Craine|Dig||[still]\n|-prepare|p1a: Craine|Dig\n|\n|-heal|p2a: Dugtrio|29\/100|[from] item: Leftovers\n|-damage|p1a: Craine|12\/100 tox|[from] psn\n|upkeep\n|turn|48\n|\n|t:|1698381157\n|move|p1a: Craine|Dig|p2a: Dugtrio|[from]lockedmove\n|-end|p2a: Dugtrio|Substitute\n|move|p2a: Dugtrio|Substitute|p2a: Dugtrio\n|-start|p2a: Dugtrio|Substitute\n|-damage|p2a: Dugtrio|4\/100\n|\n|-heal|p2a: Dugtrio|10\/100|[from] item: Leftovers\n|-damage|p1a: Craine|0 fnt|[from] psn\n|faint|p1a: Craine\n|upkeep\n|\n|t:|1698381168\n|switch|p1a: Sairie|Sylveon, F, shiny|100\/100\n|-status|p1a: Sairie|tox\n|turn|49\n|inactive|Lilly_Artz has 120 seconds left.\n|\n|t:|1698381207\n|move|p2a: Dugtrio|Sand Attack|p1a: Sairie\n|-unboost|p1a: Sairie|accuracy|1\n|move|p1a: Sairie|Moonblast|p2a: Dugtrio\n|-end|p2a: Dugtrio|Substitute\n|\n|-heal|p2a: Dugtrio|16\/100|[from] item: Leftovers\n|-damage|p1a: Sairie|94\/100 tox|[from] psn\n|upkeep\n|turn|50\n|\n|t:|1698381229\n|move|p2a: Dugtrio|Protect|p2a: Dugtrio\n|-singleturn|p2a: Dugtrio|Protect\n|move|p1a: Sairie|Moonblast|p2a: Dugtrio\n|-activate|p2a: Dugtrio|move: Protect\n|\n|-heal|p2a: Dugtrio|22\/100|[from] item: Leftovers\n|-damage|p1a: Sairie|82\/100 tox|[from] psn\n|upkeep\n|turn|51\n|\n|t:|1698381247\n|move|p2a: Dugtrio|Sand Attack|p1a: Sairie\n|-unboost|p1a: Sairie|accuracy|1\n|move|p1a: Sairie|Shadow Ball|p2a: Dugtrio|[miss]\n|-miss|p1a: Sairie|p2a: Dugtrio\n|\n|-heal|p2a: Dugtrio|29\/100|[from] item: Leftovers\n|-damage|p1a: Sairie|64\/100 tox|[from] psn\n|upkeep\n|turn|52\n|\n|t:|1698381259\n|move|p2a: Dugtrio|Substitute|p2a: Dugtrio\n|-start|p2a: Dugtrio|Substitute\n|-damage|p2a: Dugtrio|4\/100\n|move|p1a: Sairie|Psyshock|p2a: Dugtrio|[miss]\n|-miss|p1a: Sairie|p2a: Dugtrio\n|\n|-heal|p2a: Dugtrio|10\/100|[from] item: Leftovers\n|-damage|p1a: Sairie|40\/100 tox|[from] psn\n|upkeep\n|turn|53\n|\n|t:|1698381270\n|move|p2a: Dugtrio|Sand Attack|p1a: Sairie\n|-unboost|p1a: Sairie|accuracy|1\n|move|p1a: Sairie|Moonblast|p2a: Dugtrio\n|-end|p2a: Dugtrio|Substitute\n|\n|-heal|p2a: Dugtrio|16\/100|[from] item: Leftovers\n|-damage|p1a: Sairie|9\/100 tox|[from] psn\n|upkeep\n|turn|54\n|inactive|Lilly_Artz has 120 seconds left.\n|\n|t:|1698381283\n|move|p2a: Dugtrio|Sand Attack|p1a: Sairie\n|-unboost|p1a: Sairie|accuracy|1\n|move|p1a: Sairie|Shadow Ball|p2a: Dugtrio|[miss]\n|-miss|p1a: Sairie|p2a: Dugtrio\n|\n|-heal|p2a: Dugtrio|22\/100|[from] item: Leftovers\n|-damage|p1a: Sairie|0 fnt|[from] psn\n|faint|p1a: Sairie\n|upkeep\n|inactive|Lilly_Artz has 90 seconds left.\n|inactive|Lilly_Artz has 60 seconds left.\n|\n|t:|1698381347\n|switch|p1a: Rin|Umbreon, M|100\/100\n|-status|p1a: Rin|tox\n|turn|55\n|\n|t:|1698381356\n|move|p2a: Dugtrio|Sand Attack|p1a: Rin\n|-unboost|p1a: Rin|accuracy|1\n|move|p1a: Rin|Dark Pulse|p2a: Dugtrio\n|-damage|p2a: Dugtrio|0 fnt\n|faint|p2a: Dugtrio\n|\n|-damage|p1a: Rin|94\/100 tox|[from] psn\n|upkeep\n|\n|t:|1698381366\n|switch|p2a: Dugtrio|Dugtrio, F, shiny|100\/100\n|turn|56\n|\n|t:|1698381373\n|-terastallize|p1a: Rin|Dark\n|move|p2a: Dugtrio|Protect|p2a: Dugtrio\n|-singleturn|p2a: Dugtrio|Protect\n|move|p1a: Rin|Tera Blast|p2a: Dugtrio|[anim] Tera Blast Dark\n|-activate|p2a: Dugtrio|move: Protect\n|\n|-heal|p1a: Rin|100\/100 tox|[from] item: Leftovers\n|-damage|p1a: Rin|88\/100 tox|[from] psn\n|upkeep\n|turn|57\n|\n|t:|1698381385\n|move|p2a: Dugtrio|Substitute|p2a: Dugtrio\n|-start|p2a: Dugtrio|Substitute\n|-damage|p2a: Dugtrio|76\/100\n|move|p1a: Rin|Tera Blast|p2a: Dugtrio|[anim] Tera Blast Dark\n|-end|p2a: Dugtrio|Substitute\n|\n|-heal|p2a: Dugtrio|82\/100|[from] item: Leftovers\n|-heal|p1a: Rin|94\/100 tox|[from] item: Leftovers\n|-damage|p1a: Rin|76\/100 tox|[from] psn\n|upkeep\n|turn|58\n|\n|t:|1698381398\n|move|p2a: Dugtrio|Protect|p2a: Dugtrio\n|-singleturn|p2a: Dugtrio|Protect\n|move|p1a: Rin|Tera Blast|p2a: Dugtrio|[anim] Tera Blast Dark\n|-activate|p2a: Dugtrio|move: Protect\n|\n|-heal|p2a: Dugtrio|88\/100|[from] item: Leftovers\n|-heal|p1a: Rin|82\/100 tox|[from] item: Leftovers\n|-damage|p1a: Rin|58\/100 tox|[from] psn\n|upkeep\n|turn|59\n|\n|t:|1698381411\n|move|p2a: Dugtrio|Substitute|p2a: Dugtrio\n|-start|p2a: Dugtrio|Substitute\n|-damage|p2a: Dugtrio|63\/100\n|move|p1a: Rin|Dark Pulse|p2a: Dugtrio\n|-end|p2a: Dugtrio|Substitute\n|\n|-heal|p2a: Dugtrio|69\/100|[from] item: Leftovers\n|-heal|p1a: Rin|64\/100 tox|[from] item: Leftovers\n|-damage|p1a: Rin|33\/100 tox|[from] psn\n|upkeep\n|turn|60\n|\n|t:|1698381429\n|move|p2a: Dugtrio|Protect|p2a: Dugtrio\n|-singleturn|p2a: Dugtrio|Protect\n|move|p1a: Rin|Tera Blast|p2a: Dugtrio|[anim] Tera Blast Dark\n|-activate|p2a: Dugtrio|move: Protect\n|\n|-heal|p2a: Dugtrio|76\/100|[from] item: Leftovers\n|-heal|p1a: Rin|40\/100 tox|[from] item: Leftovers\n|-damage|p1a: Rin|3\/100 tox|[from] psn\n|upkeep\n|turn|61\n|\n|t:|1698381443\n|move|p2a: Dugtrio|Substitute|p2a: Dugtrio\n|-start|p2a: Dugtrio|Substitute\n|-damage|p2a: Dugtrio|51\/100\n|move|p1a: Rin|Moonlight|p1a: Rin\n|-heal|p1a: Rin|53\/100 tox\n|\n|-heal|p2a: Dugtrio|57\/100|[from] item: Leftovers\n|-heal|p1a: Rin|59\/100 tox|[from] item: Leftovers\n|-damage|p1a: Rin|16\/100 tox|[from] psn\n|upkeep\n|turn|62\n|\n|t:|1698381456\n|move|p2a: Dugtrio|Sand Attack|p1a: Rin\n|-unboost|p1a: Rin|accuracy|1\n|move|p1a: Rin|Moonlight|p1a: Rin\n|-heal|p1a: Rin|66\/100 tox\n|\n|-heal|p2a: Dugtrio|63\/100|[from] item: Leftovers\n|-heal|p1a: Rin|73\/100 tox|[from] item: Leftovers\n|-damage|p1a: Rin|24\/100 tox|[from] psn\n|upkeep\n|turn|63\n|\n|t:|1698381469\n|move|p2a: Dugtrio|Sand Attack|p1a: Rin\n|-unboost|p1a: Rin|accuracy|1\n|move|p1a: Rin|Moonlight|p1a: Rin\n|-heal|p1a: Rin|74\/100 tox\n|\n|-heal|p2a: Dugtrio|69\/100|[from] item: Leftovers\n|-heal|p1a: Rin|80\/100 tox|[from] item: Leftovers\n|-damage|p1a: Rin|25\/100 tox|[from] psn\n|upkeep\n|turn|64\n|\n|t:|1698381477\n|move|p2a: Dugtrio|Sand Attack|p1a: Rin\n|-unboost|p1a: Rin|accuracy|1\n|move|p1a: Rin|Moonlight|p1a: Rin\n|-heal|p1a: Rin|75\/100 tox\n|\n|-heal|p2a: Dugtrio|76\/100|[from] item: Leftovers\n|-heal|p1a: Rin|81\/100 tox|[from] item: Leftovers\n|-damage|p1a: Rin|20\/100 tox|[from] psn\n|upkeep\n|turn|65\n|\n|t:|1698381490\n|move|p2a: Dugtrio|Sand Attack|p1a: Rin\n|-unboost|p1a: Rin|accuracy|1\n|move|p1a: Rin|Moonlight|p1a: Rin\n|-heal|p1a: Rin|70\/100 tox\n|\n|-heal|p2a: Dugtrio|82\/100|[from] item: Leftovers\n|-heal|p1a: Rin|76\/100 tox|[from] item: Leftovers\n|-damage|p1a: Rin|9\/100 tox|[from] psn\n|upkeep\n|turn|66\n|\n|t:|1698381502\n|move|p2a: Dugtrio|Sand Attack|p1a: Rin\n|-unboost|p1a: Rin|accuracy|1\n|move|p1a: Rin|Moonlight|p1a: Rin\n|-heal|p1a: Rin|59\/100 tox\n|\n|-heal|p2a: Dugtrio|88\/100|[from] item: Leftovers\n|-heal|p1a: Rin|65\/100 tox|[from] item: Leftovers\n|-damage|p1a: Rin|0 fnt|[from] psn\n|faint|p1a: Rin\n|\n|win|MrMimeIsMrKetchum\n|upkeep\n|raw|Lilly_Artz's rating: 1086 &rarr; <strong>1069<\/strong><br \/>(-17 for losing)\n|raw|MrMimeIsMrKetchum's rating: 1181 &rarr; <strong>1199<\/strong><br \/>(+18 for winning)\n|c|\u2606MrMimeIsMrKetchum|gg\n|l|\u2606Lilly_Artz\n","uploadtime":1698381550,"views":8,"p1id":"lillyartz","p2id":"mrmimeismrketchum","formatid":"gen9anythinggoes","rating":1069,"private":0,"password":""}