{"id":"gen9anythinggoes-1999110059","p1":"yeyeyeeyeyey","p2":"MrMimeIsMrKetchum","format":"[Gen 9] Anything Goes","log":"|j|\u2606yeyeyeeyeyey\n|j|\u2606MrMimeIsMrKetchum\n|t:|1701034197\n|gametype|singles\n|player|p1|yeyeyeeyeyey|pokemaniac|1256\n|player|p2|MrMimeIsMrKetchum|swimmerf-gen4|1296\n|teamsize|p1|6\n|teamsize|p2|6\n|gen|9\n|tier|[Gen 9] Anything Goes\n|rated|\n|rule|HP Percentage Mod: HP is shown in percentages\n|rule|Endless Battle Clause: Forcing endless battles is banned\n|clearpoke\n|poke|p1|Chien-Pao|\n|poke|p1|Gholdengo|\n|poke|p1|Tyranitar, F|\n|poke|p1|Quaquaval, M|\n|poke|p1|Toxapex, M|\n|poke|p1|Gliscor, M|\n|poke|p2|Annihilape, M|\n|poke|p2|Blissey, F|\n|poke|p2|Pawmot, M|\n|poke|p2|Rabsca, M|\n|poke|p2|Pelipper, M|\n|poke|p2|Basculegion, M|\n|teampreview\n|inactive|Battle timer is ON: inactive players will automatically lose when time's up. (requested by MrMimeIsMrKetchum)\n|\n|t:|1701034212\n|start\n|switch|p1a: Toxapex|Toxapex, M|100\/100\n|switch|p2a: Annihilape|Annihilape, M, shiny|100\/100\n|turn|1\n|\n|t:|1701034220\n|move|p2a: Annihilape|Final Gambit|p1a: Toxapex\n|-damage|p1a: Toxapex|0 fnt\n|faint|p2a: Annihilape\n|faint|p1a: Toxapex\n|\n|upkeep\n|\n|t:|1701034225\n|switch|p2a: Blissey|Blissey, F, shiny|100\/100\n|switch|p1a: Gliscor|Gliscor, M|100\/100\n|turn|2\n|\n|t:|1701034230\n|move|p2a: Blissey|Copycat|p2a: Blissey\n|move|p2a: Blissey|Final Gambit|p1a: Gliscor|[from]move: Copycat\n|-damage|p1a: Gliscor|0 fnt\n|faint|p2a: Blissey\n|faint|p1a: Gliscor\n|\n|upkeep\n|\n|t:|1701034242\n|switch|p1a: Gholdengo|Gholdengo|100\/100\n|switch|p2a: Pawmot|Pawmot, M, shiny|100\/100\n|turn|3\n|\n|t:|1701034248\n|move|p2a: Pawmot|Revival Blessing|p2a: Pawmot\n|-enditem|p2a: Pawmot|Leppa Berry|[eat]\n|-activate|p2a: Pawmot|item: Leppa Berry|Revival Blessing|[consumed]\n|\n|t:|1701034251\n|-heal|p2: Annihilape|50\/100|[from] move: Revival Blessing\n|move|p1a: Gholdengo|Nasty Plot|p1a: Gholdengo\n|-boost|p1a: Gholdengo|spa|2\n|\n|upkeep\n|turn|4\n|\n|t:|1701034262\n|move|p2a: Pawmot|Revival Blessing|p2a: Pawmot\n|\n|t:|1701034264\n|-heal|p2: Blissey|50\/100|[from] move: Revival Blessing\n|move|p1a: Gholdengo|Make It Rain|p2a: Pawmot\n|-resisted|p2a: Pawmot\n|-crit|p2a: Pawmot\n|-damage|p2a: Pawmot|0 fnt\n|-unboost|p1a: Gholdengo|spa|1\n|faint|p2a: Pawmot\n|\n|upkeep\n|\n|t:|1701034273\n|switch|p2a: Annihilape|Annihilape, M, shiny|50\/100\n|turn|5\n|\n|t:|1701034283\n|move|p2a: Annihilape|Rage Fist|p1a: Gholdengo\n|-supereffective|p1a: Gholdengo\n|-damage|p1a: Gholdengo|62\/100\n|move|p1a: Gholdengo|Shadow Ball|p2a: Annihilape\n|-supereffective|p2a: Annihilape\n|-damage|p2a: Annihilape|0 fnt\n|faint|p2a: Annihilape\n|\n|-heal|p1a: Gholdengo|68\/100|[from] item: Leftovers\n|upkeep\n|\n|t:|1701034292\n|switch|p2a: Blissey|Blissey, F, shiny|50\/100\n|turn|6\n|\n|t:|1701034301\n|move|p2a: Blissey|Flamethrower|p1a: Gholdengo\n|-supereffective|p1a: Gholdengo\n|-damage|p1a: Gholdengo|38\/100\n|move|p1a: Gholdengo|Make It Rain|p2a: Blissey\n|-damage|p2a: Blissey|14\/100\n|-unboost|p1a: Gholdengo|spa|1\n|\n|-heal|p1a: Gholdengo|44\/100|[from] item: Leftovers\n|upkeep\n|turn|7\n|\n|t:|1701034314\n|move|p2a: Blissey|Flamethrower|p1a: Gholdengo\n|-supereffective|p1a: Gholdengo\n|-damage|p1a: Gholdengo|12\/100\n|move|p1a: Gholdengo|Make It Rain|p2a: Blissey\n|-damage|p2a: Blissey|0 fnt\n|-unboost|p1a: Gholdengo|spa|1\n|faint|p2a: Blissey\n|\n|-heal|p1a: Gholdengo|18\/100|[from] item: Leftovers\n|upkeep\n|\n|t:|1701034318\n|switch|p2a: Rabsca|Rabsca, M, shiny|100\/100\n|turn|8\n|\n|t:|1701034326\n|move|p2a: Rabsca|Revival Blessing|p2a: Rabsca\n|-enditem|p2a: Rabsca|Leppa Berry|[eat]\n|-activate|p2a: Rabsca|item: Leppa Berry|Revival Blessing|[consumed]\n|\n|t:|1701034332\n|-heal|p2: Annihilape|50\/100|[from] move: Revival Blessing\n|move|p1a: Gholdengo|Shadow Ball|p2a: Rabsca\n|-supereffective|p2a: Rabsca\n|-damage|p2a: Rabsca|38\/100\n|\n|-heal|p1a: Gholdengo|24\/100|[from] item: Leftovers\n|upkeep\n|turn|9\n|\n|t:|1701034343\n|move|p2a: Rabsca|Revival Blessing|p2a: Rabsca\n|\n|t:|1701034348\n|-heal|p2: Blissey|50\/100|[from] move: Revival Blessing\n|move|p1a: Gholdengo|Recover|p1a: Gholdengo\n|-heal|p1a: Gholdengo|74\/100\n|\n|-heal|p1a: Gholdengo|80\/100|[from] item: Leftovers\n|upkeep\n|turn|10\n|\n|t:|1701034375\n|switch|p2a: Annihilape|Annihilape, M, shiny|50\/100\n|move|p1a: Gholdengo|Nasty Plot|p1a: Gholdengo\n|-boost|p1a: Gholdengo|spa|2\n|\n|-heal|p1a: Gholdengo|86\/100|[from] item: Leftovers\n|upkeep\n|turn|11\n|\n|t:|1701034384\n|move|p2a: Annihilape|Rage Fist|p1a: Gholdengo\n|-supereffective|p1a: Gholdengo\n|-damage|p1a: Gholdengo|6\/100\n|move|p1a: Gholdengo|Shadow Ball|p2a: Annihilape\n|-supereffective|p2a: Annihilape\n|-damage|p2a: Annihilape|0 fnt\n|faint|p2a: Annihilape\n|\n|-heal|p1a: Gholdengo|12\/100|[from] item: Leftovers\n|upkeep\n|\n|t:|1701034391\n|switch|p2a: Blissey|Blissey, F, shiny|50\/100\n|turn|12\n|\n|t:|1701034397\n|move|p2a: Blissey|Flamethrower|p1a: Gholdengo\n|-supereffective|p1a: Gholdengo\n|-damage|p1a: Gholdengo|0 fnt\n|faint|p1a: Gholdengo\n|\n|upkeep\n|\n|t:|1701034402\n|switch|p1a: Quaquaval|Quaquaval, M|100\/100\n|turn|13\n|\n|t:|1701034408\n|move|p2a: Blissey|Flamethrower|p1a: Quaquaval\n|-resisted|p1a: Quaquaval\n|-damage|p1a: Quaquaval|91\/100\n|move|p1a: Quaquaval|Bulk Up|p1a: Quaquaval\n|-boost|p1a: Quaquaval|atk|1\n|-boost|p1a: Quaquaval|def|1\n|\n|upkeep\n|turn|14\n|\n|t:|1701034419\n|move|p2a: Blissey|Flamethrower|p1a: Quaquaval\n|-resisted|p1a: Quaquaval\n|-crit|p1a: Quaquaval\n|-damage|p1a: Quaquaval|76\/100\n|-status|p1a: Quaquaval|brn\n|move|p1a: Quaquaval|Aqua Step|p2a: Blissey\n|-damage|p2a: Blissey|0 fnt\n|-boost|p1a: Quaquaval|spe|1\n|faint|p2a: Blissey\n|-ability|p1a: Quaquaval|Moxie|boost\n|-boost|p1a: Quaquaval|atk|1\n|\n|-damage|p1a: Quaquaval|69\/100 brn|[from] brn\n|upkeep\n|\n|t:|1701034434\n|switch|p2a: Rabsca|Rabsca, M, shiny|38\/100\n|turn|15\n|\n|t:|1701034440\n|move|p1a: Quaquaval|Aqua Step|p2a: Rabsca\n|-damage|p2a: Rabsca|0 fnt\n|-boost|p1a: Quaquaval|spe|1\n|faint|p2a: Rabsca\n|-ability|p1a: Quaquaval|Moxie|boost\n|-boost|p1a: Quaquaval|atk|1\n|\n|-damage|p1a: Quaquaval|63\/100 brn|[from] brn\n|upkeep\n|\n|t:|1701034443\n|switch|p2a: Pelipper|Pelipper, M, shiny|100\/100\n|-weather|RainDance|[from] ability: Drizzle|[of] p2a: Pelipper\n|turn|16\n|\n|t:|1701034452\n|move|p1a: Quaquaval|Aqua Step|p2a: Pelipper\n|-resisted|p2a: Pelipper\n|-damage|p2a: Pelipper|61\/100\n|-boost|p1a: Quaquaval|spe|1\n|move|p2a: Pelipper|Hurricane|p1a: Quaquaval\n|-supereffective|p1a: Quaquaval\n|-damage|p1a: Quaquaval|0 fnt\n|faint|p1a: Quaquaval\n|\n|-weather|RainDance|[upkeep]\n|upkeep\n|\n|t:|1701034466\n|switch|p1a: Tyranitar|Tyranitar, F|100\/100\n|-weather|Sandstorm|[from] ability: Sand Stream|[of] p1a: Tyranitar\n|turn|17\n|\n|t:|1701034482\n|-terastallize|p2a: Pelipper|Ground\n|move|p2a: Pelipper|U-turn|p1a: Tyranitar\n|-supereffective|p1a: Tyranitar\n|-damage|p1a: Tyranitar|87\/100\n|\n|t:|1701034487\n|switch|p2a: Basculegion|Basculegion, M, shiny|100\/100|[from] U-turn\n|move|p1a: Tyranitar|Stone Edge|p2a: Basculegion\n|-damage|p2a: Basculegion|39\/100\n|\n|-weather|Sandstorm|[upkeep]\n|-damage|p2a: Basculegion|33\/100|[from] Sandstorm\n|upkeep\n|turn|18\n|\n|t:|1701034496\n|move|p2a: Basculegion|Flip Turn|p1a: Tyranitar\n|-supereffective|p1a: Tyranitar\n|-damage|p1a: Tyranitar|20\/100\n|\n|t:|1701034500\n|switch|p2a: Pelipper|Pelipper, M, shiny, tera:Ground|61\/100|[from] Flip Turn\n|-weather|RainDance|[from] ability: Drizzle|[of] p2a: Pelipper\n|move|p1a: Tyranitar|Crunch|p2a: Pelipper\n|-damage|p2a: Pelipper|27\/100\n|\n|-weather|RainDance|[upkeep]\n|upkeep\n|turn|19\n|\n|t:|1701034510\n|move|p2a: Pelipper|Surf|p1a: Tyranitar\n|-supereffective|p1a: Tyranitar\n|-damage|p1a: Tyranitar|0 fnt\n|faint|p1a: Tyranitar\n|\n|-weather|RainDance|[upkeep]\n|upkeep\n|\n|t:|1701034515\n|switch|p1a: Chien-Pao|Chien-Pao|100\/100\n|-ability|p1a: Chien-Pao|Sword of Ruin\n|turn|20\n|\n|t:|1701034529\n|move|p1a: Chien-Pao|Sucker Punch|p2a: Pelipper\n|-damage|p2a: Pelipper|0 fnt\n|faint|p2a: Pelipper\n|\n|-weather|RainDance|[upkeep]\n|upkeep\n|\n|t:|1701034532\n|switch|p2a: Basculegion|Basculegion, M, shiny|33\/100\n|turn|21\n|\n|t:|1701034541\n|move|p2a: Basculegion|Aqua Jet|p1a: Chien-Pao\n|-damage|p1a: Chien-Pao|44\/100\n|move|p1a: Chien-Pao|Sucker Punch||[still]\n|-fail|p1a: Chien-Pao\n|\n|-weather|RainDance|[upkeep]\n|upkeep\n|turn|22\n|\n|t:|1701034555\n|move|p2a: Basculegion|Aqua Jet|p1a: Chien-Pao\n|-damage|p1a: Chien-Pao|0 fnt\n|faint|p1a: Chien-Pao\n|\n|win|MrMimeIsMrKetchum\n|raw|yeyeyeeyeyey's rating: 1256 &rarr; <strong>1234<\/strong><br \/>(-22 for losing)\n|raw|MrMimeIsMrKetchum's rating: 1296 &rarr; <strong>1318<\/strong><br \/>(+22 for winning)\n|c|\u2606yeyeyeeyeyey|gg\n|c|\u2606MrMimeIsMrKetchum|gg\n|l|\u2606yeyeyeeyeyey\n","uploadtime":1701034641,"views":0,"p1id":"yeyeyeeyeyey","p2id":"mrmimeismrketchum","formatid":"gen9anythinggoes","rating":1234,"private":0,"password":""}