{"id":"gen9anythinggoes-1982021155","p1":"ChaosCatgamer","p2":"Volothegreat","format":"[Gen 9] Anything Goes","log":"|j|\u2606ChaosCatgamer\n|j|\u2606Volothegreat\n|t:|1698960315\n|gametype|singles\n|player|p1|ChaosCatgamer|169|1046\n|player|p2|Volothegreat|ghetsis|1141\n|teamsize|p1|6\n|teamsize|p2|6\n|gen|9\n|tier|[Gen 9] Anything Goes\n|rated|\n|rule|HP Percentage Mod: HP is shown in percentages\n|rule|Endless Battle Clause: Forcing endless battles is banned\n|clearpoke\n|poke|p1|Vaporeon, F|\n|poke|p1|Umbreon, M|\n|poke|p1|Espeon, M|\n|poke|p1|Flareon, F|\n|poke|p1|Leafeon, M|\n|poke|p1|Sylveon, F|\n|poke|p2|Tinkaton, F|\n|poke|p2|Palafin, F|\n|poke|p2|Garganacl, M|\n|poke|p2|Kommo-o, M|\n|poke|p2|Polteageist-Antique|\n|poke|p2|Baxcalibur, M|\n|teampreview\n|\n|t:|1698960321\n|start\n|switch|p1a: Espeon|Espeon, M|100\/100\n|switch|p2a: Polteageist|Polteageist-Antique|100\/100\n|turn|1\n|\n|t:|1698960333\n|move|p1a: Espeon|Substitute|p1a: Espeon\n|-start|p1a: Espeon|Substitute\n|-damage|p1a: Espeon|76\/100\n|move|p2a: Polteageist|Shell Smash|p2a: Polteageist\n|-unboost|p2a: Polteageist|def|1\n|-unboost|p2a: Polteageist|spd|1\n|-boost|p2a: Polteageist|atk|2\n|-boost|p2a: Polteageist|spa|2\n|-boost|p2a: Polteageist|spe|2\n|-enditem|p2a: Polteageist|White Herb\n|-clearnegativeboost|p2a: Polteageist|[silent]\n|\n|-heal|p1a: Espeon|82\/100|[from] item: Leftovers\n|upkeep\n|turn|2\n|\n|t:|1698960346\n|move|p2a: Polteageist|Shell Smash|p2a: Polteageist\n|-unboost|p2a: Polteageist|def|1\n|-unboost|p2a: Polteageist|spd|1\n|-boost|p2a: Polteageist|atk|2\n|-boost|p2a: Polteageist|spa|2\n|-boost|p2a: Polteageist|spe|2\n|move|p1a: Espeon|Baton Pass|p1a: Espeon\n|\n|t:|1698960353\n|switch|p1a: Umbreon|Umbreon, M|100\/100|[from] Baton Pass\n|\n|upkeep\n|turn|3\n|\n|t:|1698960364\n|move|p2a: Polteageist|Shell Smash|p2a: Polteageist\n|-unboost|p2a: Polteageist|def|1\n|-unboost|p2a: Polteageist|spd|1\n|-boost|p2a: Polteageist|atk|2\n|-boost|p2a: Polteageist|spa|2\n|-boost|p2a: Polteageist|spe|2\n|move|p1a: Umbreon|Dark Pulse|p2a: Polteageist\n|-supereffective|p2a: Polteageist\n|-damage|p2a: Polteageist|13\/100\n|\n|upkeep\n|turn|4\n|\n|t:|1698960377\n|move|p2a: Polteageist|Baton Pass|p2a: Polteageist\n|\n|t:|1698960383\n|switch|p2a: Kommo-o|Kommo-o, M|100\/100|[from] Baton Pass\n|move|p1a: Umbreon|Dark Pulse|p2a: Kommo-o\n|-resisted|p2a: Kommo-o\n|-damage|p2a: Kommo-o|82\/100\n|\n|upkeep\n|turn|5\n|\n|t:|1698960393\n|move|p2a: Kommo-o|Clanging Scales|p1a: Umbreon\n|-damage|p1a: Umbreon|18\/100\n|-unboost|p2a: Kommo-o|def|1\n|move|p1a: Umbreon|Baton Pass|p1a: Umbreon\n|\n|t:|1698960400\n|switch|p1a: Sylveon|Sylveon, F|100\/100|[from] Baton Pass\n|\n|upkeep\n|turn|6\n|\n|t:|1698960411\n|move|p2a: Kommo-o|Clanging Scales|p1a: Sylveon\n|-immune|p1a: Sylveon\n|move|p1a: Sylveon|Hyper Voice|p2a: Kommo-o\n|-immune|p2a: Kommo-o|[from] ability: Soundproof\n|\n|upkeep\n|turn|7\n|\n|t:|1698960420\n|move|p2a: Kommo-o|Close Combat|p1a: Sylveon\n|-resisted|p1a: Sylveon\n|-end|p1a: Sylveon|Substitute\n|-unboost|p2a: Kommo-o|def|1\n|-unboost|p2a: Kommo-o|spd|1\n|move|p1a: Sylveon|Draining Kiss|p2a: Kommo-o\n|-supereffective|p2a: Kommo-o\n|-damage|p2a: Kommo-o|0 fnt\n|faint|p2a: Kommo-o\n|\n|upkeep\n|\n|t:|1698960432\n|switch|p2a: Palafin|Palafin, F|100\/100\n|turn|8\n|\n|t:|1698960436\n|move|p2a: Palafin|Jet Punch|p1a: Sylveon\n|-damage|p1a: Sylveon|71\/100\n|move|p1a: Sylveon|Substitute|p1a: Sylveon\n|-start|p1a: Sylveon|Substitute\n|-damage|p1a: Sylveon|46\/100\n|\n|-heal|p1a: Sylveon|53\/100|[from] item: Leftovers\n|upkeep\n|turn|9\n|\n|t:|1698960445\n|move|p2a: Palafin|Jet Punch|p1a: Sylveon\n|-end|p1a: Sylveon|Substitute\n|move|p1a: Sylveon|Baton Pass|p1a: Sylveon\n|\n|t:|1698960450\n|switch|p1a: Vaporeon|Vaporeon, F|100\/100|[from] Baton Pass\n|\n|upkeep\n|turn|10\n|\n|t:|1698960455\n|move|p2a: Palafin|Jet Punch|p1a: Vaporeon\n|-immune|p1a: Vaporeon|[from] ability: Water Absorb\n|move|p1a: Vaporeon|Acid Armor|p1a: Vaporeon\n|-boost|p1a: Vaporeon|def|2\n|\n|upkeep\n|turn|11\n|\n|t:|1698960462\n|move|p2a: Palafin|Acrobatics|p1a: Vaporeon\n|-damage|p1a: Vaporeon|93\/100\n|move|p1a: Vaporeon|Substitute|p1a: Vaporeon\n|-start|p1a: Vaporeon|Substitute\n|-damage|p1a: Vaporeon|68\/100\n|\n|-heal|p1a: Vaporeon|74\/100|[from] item: Leftovers\n|upkeep\n|turn|12\n|\n|t:|1698960472\n|move|p2a: Palafin|Acrobatics|p1a: Vaporeon\n|-activate|p1a: Vaporeon|move: Substitute|[damage]\n|move|p1a: Vaporeon|Acid Armor|p1a: Vaporeon\n|-boost|p1a: Vaporeon|def|2\n|\n|-heal|p1a: Vaporeon|80\/100|[from] item: Leftovers\n|upkeep\n|turn|13\n|\n|t:|1698960481\n|move|p2a: Palafin|Acrobatics|p1a: Vaporeon\n|-activate|p1a: Vaporeon|move: Substitute|[damage]\n|move|p1a: Vaporeon|Acid Armor|p1a: Vaporeon\n|-boost|p1a: Vaporeon|def|2\n|\n|-heal|p1a: Vaporeon|86\/100|[from] item: Leftovers\n|upkeep\n|turn|14\n|\n|t:|1698960498\n|move|p2a: Palafin|Acrobatics|p1a: Vaporeon\n|-activate|p1a: Vaporeon|move: Substitute|[damage]\n|move|p1a: Vaporeon|Baton Pass|p1a: Vaporeon\n|\n|t:|1698960507\n|switch|p1a: Leafeon|Leafeon, M|100\/100|[from] Baton Pass\n|\n|upkeep\n|turn|15\n|\n|t:|1698960516\n|move|p2a: Palafin|Jet Punch|p1a: Leafeon\n|-resisted|p1a: Leafeon\n|-activate|p1a: Leafeon|move: Substitute|[damage]\n|move|p1a: Leafeon|Swords Dance|p1a: Leafeon\n|-boost|p1a: Leafeon|atk|2\n|\n|upkeep\n|turn|16\n|\n|t:|1698960527\n|detailschange|p2a: Palafin|Palafin-Hero, F\n|switch|p2a: Polteageist|Polteageist-Antique|13\/100\n|move|p1a: Leafeon|Leech Seed|p2a: Polteageist\n|-start|p2a: Polteageist|move: Leech Seed\n|\n|-damage|p2a: Polteageist|1\/100|[from] Leech Seed|[of] p1a: Leafeon\n|upkeep\n|turn|17\n|\n|t:|1698960541\n|move|p2a: Polteageist|Shell Smash|p2a: Polteageist\n|-unboost|p2a: Polteageist|def|1\n|-unboost|p2a: Polteageist|spd|1\n|-boost|p2a: Polteageist|atk|2\n|-boost|p2a: Polteageist|spa|2\n|-boost|p2a: Polteageist|spe|2\n|move|p1a: Leafeon|Swords Dance|p1a: Leafeon\n|-boost|p1a: Leafeon|atk|2\n|\n|-damage|p2a: Polteageist|0 fnt|[from] Leech Seed|[of] p1a: Leafeon\n|faint|p2a: Polteageist\n|upkeep\n|\n|t:|1698960557\n|switch|p2a: Tinkaton|Tinkaton, F|100\/100\n|-ability|p2a: Tinkaton|Mold Breaker\n|turn|18\n|\n|t:|1698960566\n|move|p2a: Tinkaton|Fake Out|p1a: Leafeon\n|-activate|p1a: Leafeon|move: Substitute|[damage]\n|move|p1a: Leafeon|Swords Dance|p1a: Leafeon\n|-boost|p1a: Leafeon|atk|2\n|\n|upkeep\n|turn|19\n|\n|t:|1698960575\n|move|p2a: Tinkaton|Stealth Rock|p1a: Leafeon\n|-sidestart|p1: ChaosCatgamer|move: Stealth Rock\n|move|p1a: Leafeon|Leech Seed|p2a: Tinkaton\n|-start|p2a: Tinkaton|move: Leech Seed\n|\n|-damage|p2a: Tinkaton|88\/100|[from] Leech Seed|[of] p1a: Leafeon\n|upkeep\n|turn|20\n|\n|t:|1698960587\n|move|p2a: Tinkaton|Gigaton Hammer|p1a: Leafeon\n|-end|p1a: Leafeon|Substitute\n|move|p1a: Leafeon|Baton Pass|p1a: Leafeon\n|\n|t:|1698960599\n|switch|p1a: Flareon|Flareon, F|100\/100|[from] Baton Pass\n|-damage|p1a: Flareon|76\/100|[from] Stealth Rock\n|\n|-heal|p1a: Flareon|82\/100|[from] item: Leftovers\n|-damage|p2a: Tinkaton|76\/100|[from] Leech Seed|[of] p1a: Flareon\n|-heal|p1a: Flareon|96\/100|[silent]\n|upkeep\n|turn|21\n|\n|t:|1698960609\n|move|p2a: Tinkaton|Play Rough|p1a: Flareon\n|-resisted|p1a: Flareon\n|-damage|p1a: Flareon|87\/100\n|move|p1a: Flareon|Baton Pass|p1a: Flareon\n|\n|t:|1698960620\n|switch|p1a: Espeon|Espeon, M|82\/100|[from] Baton Pass\n|-damage|p1a: Espeon|69\/100|[from] Stealth Rock\n|\n|-heal|p1a: Espeon|75\/100|[from] item: Leftovers\n|-damage|p2a: Tinkaton|64\/100|[from] Leech Seed|[of] p1a: Espeon\n|-heal|p1a: Espeon|87\/100|[silent]\n|upkeep\n|turn|22\n|\n|t:|1698960630\n|move|p1a: Espeon|Substitute|p1a: Espeon\n|-start|p1a: Espeon|Substitute\n|-damage|p1a: Espeon|62\/100\n|move|p2a: Tinkaton|Gigaton Hammer|p1a: Espeon\n|-activate|p1a: Espeon|move: Substitute|[damage]\n|\n|-heal|p1a: Espeon|68\/100|[from] item: Leftovers\n|-damage|p2a: Tinkaton|52\/100|[from] Leech Seed|[of] p1a: Espeon\n|-heal|p1a: Espeon|79\/100|[silent]\n|upkeep\n|turn|23\n|\n|t:|1698960665\n|move|p1a: Espeon|Calm Mind|p1a: Espeon\n|-boost|p1a: Espeon|spa|1\n|-boost|p1a: Espeon|spd|1\n|move|p2a: Tinkaton|Play Rough|p1a: Espeon\n|-end|p1a: Espeon|Substitute\n|\n|-heal|p1a: Espeon|85\/100|[from] item: Leftovers\n|-damage|p2a: Tinkaton|39\/100|[from] Leech Seed|[of] p1a: Espeon\n|-heal|p1a: Espeon|97\/100|[silent]\n|upkeep\n|turn|24\n|\n|t:|1698960685\n|move|p1a: Espeon|Substitute|p1a: Espeon\n|-start|p1a: Espeon|Substitute\n|-damage|p1a: Espeon|72\/100\n|move|p2a: Tinkaton|Gigaton Hammer|p1a: Espeon\n|-crit|p1a: Espeon\n|-end|p1a: Espeon|Substitute\n|\n|-heal|p1a: Espeon|78\/100|[from] item: Leftovers\n|-damage|p2a: Tinkaton|27\/100|[from] Leech Seed|[of] p1a: Espeon\n|-heal|p1a: Espeon|89\/100|[silent]\n|upkeep\n|turn|25\n|\n|t:|1698960696\n|move|p1a: Espeon|Substitute|p1a: Espeon\n|-start|p1a: Espeon|Substitute\n|-damage|p1a: Espeon|64\/100\n|move|p2a: Tinkaton|Play Rough|p1a: Espeon\n|-activate|p1a: Espeon|move: Substitute|[damage]\n|\n|-heal|p1a: Espeon|70\/100|[from] item: Leftovers\n|-damage|p2a: Tinkaton|15\/100|[from] Leech Seed|[of] p1a: Espeon\n|-heal|p1a: Espeon|82\/100|[silent]\n|upkeep\n|turn|26\n|\n|t:|1698960707\n|move|p1a: Espeon|Calm Mind|p1a: Espeon\n|-boost|p1a: Espeon|spa|1\n|-boost|p1a: Espeon|spd|1\n|move|p2a: Tinkaton|Gigaton Hammer|p1a: Espeon\n|-end|p1a: Espeon|Substitute\n|\n|-heal|p1a: Espeon|88\/100|[from] item: Leftovers\n|-damage|p2a: Tinkaton|3\/100|[from] Leech Seed|[of] p1a: Espeon\n|-heal|p1a: Espeon|99\/100|[silent]\n|upkeep\n|turn|27\n|\n|t:|1698960718\n|move|p1a: Espeon|Substitute|p1a: Espeon\n|-start|p1a: Espeon|Substitute\n|-damage|p1a: Espeon|74\/100\n|move|p2a: Tinkaton|Play Rough|p1a: Espeon\n|-activate|p1a: Espeon|move: Substitute|[damage]\n|\n|-heal|p1a: Espeon|80\/100|[from] item: Leftovers\n|-damage|p2a: Tinkaton|0 fnt|[from] Leech Seed|[of] p1a: Espeon\n|-heal|p1a: Espeon|82\/100|[silent]\n|faint|p2a: Tinkaton\n|upkeep\n|\n|t:|1698960727\n|switch|p2a: Palafin|Palafin-Hero, F|100\/100\n|-activate|p2a: Palafin|ability: Zero to Hero\n|turn|28\n|\n|t:|1698960739\n|move|p1a: Espeon|Calm Mind|p1a: Espeon\n|-boost|p1a: Espeon|spa|1\n|-boost|p1a: Espeon|spd|1\n|move|p2a: Palafin|Bulk Up|p2a: Palafin\n|-boost|p2a: Palafin|atk|1\n|-boost|p2a: Palafin|def|1\n|\n|-heal|p1a: Espeon|88\/100|[from] item: Leftovers\n|upkeep\n|turn|29\n|\n|t:|1698960749\n|move|p1a: Espeon|Calm Mind|p1a: Espeon\n|-boost|p1a: Espeon|spa|1\n|-boost|p1a: Espeon|spd|1\n|move|p2a: Palafin|Bulk Up|p2a: Palafin\n|-boost|p2a: Palafin|atk|1\n|-boost|p2a: Palafin|def|1\n|\n|-heal|p1a: Espeon|94\/100|[from] item: Leftovers\n|upkeep\n|turn|30\n|\n|t:|1698960759\n|move|p1a: Espeon|Calm Mind|p1a: Espeon\n|-boost|p1a: Espeon|spa|1\n|-boost|p1a: Espeon|spd|1\n|move|p2a: Palafin|Bulk Up|p2a: Palafin\n|-boost|p2a: Palafin|atk|1\n|-boost|p2a: Palafin|def|1\n|\n|-heal|p1a: Espeon|99\/100|[from] item: Leftovers\n|upkeep\n|turn|31\n|\n|t:|1698960768\n|move|p1a: Espeon|Calm Mind|p1a: Espeon\n|-boost|p1a: Espeon|spa|1\n|-boost|p1a: Espeon|spd|1\n|move|p2a: Palafin|Bulk Up|p2a: Palafin\n|-boost|p2a: Palafin|atk|1\n|-boost|p2a: Palafin|def|1\n|\n|-heal|p1a: Espeon|100\/100|[from] item: Leftovers\n|upkeep\n|turn|32\n|\n|t:|1698960779\n|move|p2a: Palafin|Jet Punch|p1a: Espeon\n|-end|p1a: Espeon|Substitute\n|move|p1a: Espeon|Stored Power|p2a: Palafin\n|-damage|p2a: Palafin|0 fnt\n|faint|p2a: Palafin\n|\n|upkeep\n|\n|t:|1698960786\n|switch|p2a: Baxcalibur|Baxcalibur, M|100\/100\n|turn|33\n|\n|t:|1698960796\n|move|p1a: Espeon|Stored Power|p2a: Baxcalibur\n|-damage|p2a: Baxcalibur|0 fnt\n|faint|p2a: Baxcalibur\n|\n|upkeep\n|\n|t:|1698960800\n|switch|p2a: Garganacl|Garganacl, M|100\/100\n|turn|34\n|\n|t:|1698960806\n|move|p1a: Espeon|Stored Power|p2a: Garganacl\n|-damage|p2a: Garganacl|0 fnt\n|faint|p2a: Garganacl\n|\n|win|ChaosCatgamer\n|raw|ChaosCatgamer's rating: 1046 &rarr; <strong>1088<\/strong><br \/>(+42 for winning)\n|raw|Volothegreat's rating: 1141 &rarr; <strong>1109<\/strong><br \/>(-32 for losing)\n|l|\u2606Volothegreat\n","uploadtime":1698960818,"views":8,"p1id":"chaoscatgamer","p2id":"volothegreat","formatid":"gen9anythinggoes","rating":1088,"private":0,"password":""}