{"id":"gen9anythinggoes-2000664981","p1":"J_tabe","p2":"MelancholyBill","format":"[Gen 9] Anything Goes","log":"|j|\u2606J_tabe\n|j|\u2606MelancholyBill\n|t:|1701216254\n|gametype|singles\n|player|p1|J_tabe|petrel|1280\n|player|p2|MelancholyBill|benga|1288\n|teamsize|p1|6\n|teamsize|p2|6\n|gen|9\n|tier|[Gen 9] Anything Goes\n|rated|\n|rule|HP Percentage Mod: HP is shown in percentages\n|rule|Endless Battle Clause: Forcing endless battles is banned\n|clearpoke\n|poke|p1|Grafaiai, F|\n|poke|p1|Sableye, M|\n|poke|p1|Forretress, F|\n|poke|p1|Ludicolo, F|\n|poke|p1|Venomoth, F|\n|poke|p1|Empoleon, F|\n|poke|p2|Salamence, M|\n|poke|p2|Quaquaval, M|\n|poke|p2|Vikavolt, M|\n|poke|p2|Ting-Lu|\n|poke|p2|Toxapex, F|\n|poke|p2|Ceruledge, M|\n|teampreview\n|\n|t:|1701216259\n|start\n|switch|p1a: Forretress|Forretress, F, shiny|100\/100\n|switch|p2a: Wammu|Ting-Lu|100\/100\n|-ability|p2a: Wammu|Vessel of Ruin\n|turn|1\n|\n|t:|1701216265\n|move|p2a: Wammu|Stealth Rock|p1a: Forretress\n|-sidestart|p1: J_tabe|move: Stealth Rock\n|move|p1a: Forretress|Reflect|p1a: Forretress\n|-sidestart|p1: J_tabe|Reflect\n|\n|upkeep\n|turn|2\n|\n|t:|1701216269\n|move|p2a: Wammu|Earthquake|p1a: Forretress\n|-damage|p1a: Forretress|91\/100\n|move|p1a: Forretress|Spikes|p2a: Wammu\n|-sidestart|p2: MelancholyBill|Spikes\n|\n|upkeep\n|turn|3\n|\n|t:|1701216273\n|move|p1a: Forretress|Spikes|p2a: Wammu\n|-sidestart|p2: MelancholyBill|Spikes\n|move|p2a: Wammu|Whirlwind|p1a: Forretress\n|drag|p1a: Empoleon|Empoleon, F|100\/100\n|-damage|p1a: Empoleon|94\/100|[from] Stealth Rock\n|\n|-heal|p1a: Empoleon|100\/100|[from] item: Leftovers\n|upkeep\n|turn|4\n|\n|t:|1701216283\n|move|p1a: Empoleon|Yawn|p2a: Wammu\n|-start|p2a: Wammu|move: Yawn|[of] p1a: Empoleon\n|move|p2a: Wammu|Earthquake|p1a: Empoleon\n|-supereffective|p1a: Empoleon\n|-damage|p1a: Empoleon|66\/100\n|\n|-heal|p1a: Empoleon|73\/100|[from] item: Leftovers\n|upkeep\n|turn|5\n|\n|t:|1701216290\n|switch|p2a: Meanie|Toxapex, F, shiny|100\/100\n|-damage|p2a: Meanie|84\/100|[from] Spikes\n|move|p1a: Empoleon|Stealth Rock|p2a: Meanie\n|-sidestart|p2: MelancholyBill|move: Stealth Rock\n|\n|-heal|p1a: Empoleon|79\/100|[from] item: Leftovers\n|upkeep\n|turn|6\n|\n|t:|1701216298\n|move|p2a: Meanie|Toxic Spikes|p1a: Empoleon\n|-sidestart|p1: J_tabe|move: Toxic Spikes\n|move|p1a: Empoleon|Roar|p2a: Meanie\n|drag|p2a: The Hand|Quaquaval, M|100\/100\n|-damage|p2a: The Hand|84\/100|[from] Spikes\n|-damage|p2a: The Hand|78\/100|[from] Stealth Rock\n|\n|-heal|p1a: Empoleon|85\/100|[from] item: Leftovers\n|upkeep\n|turn|7\n|\n|t:|1701216312\n|move|p2a: The Hand|Close Combat|p1a: Empoleon\n|-supereffective|p1a: Empoleon\n|-damage|p1a: Empoleon|20\/100\n|-unboost|p2a: The Hand|def|1\n|-unboost|p2a: The Hand|spd|1\n|move|p1a: Empoleon|Yawn|p2a: The Hand\n|-start|p2a: The Hand|move: Yawn|[of] p1a: Empoleon\n|\n|-heal|p1a: Empoleon|26\/100|[from] item: Leftovers\n|upkeep\n|turn|8\n|\n|t:|1701216341\n|switch|p1a: Forretress|Forretress, F, shiny|91\/100\n|-damage|p1a: Forretress|78\/100|[from] Stealth Rock\n|move|p2a: The Hand|Close Combat|p1a: Forretress\n|-damage|p1a: Forretress|63\/100\n|-unboost|p2a: The Hand|def|1\n|-unboost|p2a: The Hand|spd|1\n|\n|-end|p2a: The Hand|move: Yawn|[silent]\n|-status|p2a: The Hand|slp\n|-sideend|p1: J_tabe|Reflect\n|upkeep\n|turn|9\n|\n|t:|1701216352\n|cant|p2a: The Hand|slp\n|move|p1a: Forretress|Reflect|p1a: Forretress\n|-sidestart|p1: J_tabe|Reflect\n|\n|upkeep\n|turn|10\n|\n|t:|1701216383\n|-curestatus|p2a: The Hand|slp|[msg]\n|move|p2a: The Hand|Close Combat|p1a: Forretress\n|-damage|p1a: Forretress|46\/100\n|-unboost|p2a: The Hand|def|1\n|-unboost|p2a: The Hand|spd|1\n|move|p1a: Forretress|Spikes|p2a: The Hand\n|-sidestart|p2: MelancholyBill|Spikes\n|\n|upkeep\n|turn|11\n|\n|t:|1701216392\n|move|p2a: The Hand|Close Combat|p1a: Forretress\n|-damage|p1a: Forretress|29\/100\n|-unboost|p2a: The Hand|def|1\n|-unboost|p2a: The Hand|spd|1\n|move|p1a: Forretress|Gyro Ball|p2a: The Hand\n|-resisted|p2a: The Hand\n|-damage|p2a: The Hand|17\/100\n|\n|upkeep\n|turn|12\n|\n|t:|1701216405\n|move|p2a: The Hand|Close Combat|p1a: Forretress\n|-damage|p1a: Forretress|12\/100\n|-unboost|p2a: The Hand|def|1\n|-unboost|p2a: The Hand|spd|1\n|move|p1a: Forretress|Gyro Ball|p2a: The Hand\n|-resisted|p2a: The Hand\n|-damage|p2a: The Hand|0 fnt\n|faint|p2a: The Hand\n|\n|upkeep\n|\n|t:|1701216417\n|switch|p2a: Echo Act 2|Vikavolt, M|100\/100\n|-damage|p2a: Echo Act 2|76\/100|[from] Stealth Rock\n|turn|13\n|\n|t:|1701216422\n|move|p2a: Echo Act 2|Sticky Web|p1a: Forretress\n|-sidestart|p1: J_tabe|move: Sticky Web\n|move|p1a: Forretress|Light Screen|p1a: Forretress\n|-sidestart|p1: J_tabe|move: Light Screen\n|\n|upkeep\n|turn|14\n|\n|t:|1701216442\n|switch|p1a: Grafaiai|Grafaiai, F|100\/100\n|-damage|p1a: Grafaiai|88\/100|[from] Stealth Rock\n|-sideend|p1: J_tabe|move: Toxic Spikes|[of] p1a: Grafaiai\n|-activate|p1a: Grafaiai|move: Sticky Web\n|-unboost|p1a: Grafaiai|spe|1\n|move|p2a: Echo Act 2|Thunderbolt|p1a: Grafaiai\n|-damage|p1a: Grafaiai|38\/100\n|\n|upkeep\n|turn|15\n|\n|t:|1701216450\n|move|p1a: Grafaiai|Swagger|p2a: Echo Act 2\n|-boost|p2a: Echo Act 2|atk|2\n|-enditem|p1a: Grafaiai|Mirror Herb\n|-boost|p1a: Grafaiai|atk|2|[from] item: Mirror Herb\n|-start|p2a: Echo Act 2|confusion\n|-activate|p2a: Echo Act 2|confusion\n|-damage|p2a: Echo Act 2|65\/100|[from] confusion\n|\n|upkeep\n|turn|16\n|\n|t:|1701216466\n|-terastallize|p1a: Grafaiai|Flying\n|move|p1a: Grafaiai|Acrobatics|p2a: Echo Act 2\n|-damage|p2a: Echo Act 2|0 fnt\n|faint|p2a: Echo Act 2\n|\n|-sideend|p1: J_tabe|Reflect\n|upkeep\n|\n|t:|1701216473\n|switch|p2a: Wammu|Ting-Lu|100\/100\n|-damage|p2a: Wammu|76\/100|[from] Spikes\n|-damage|p2a: Wammu|69\/100|[from] Stealth Rock\n|-ability|p2a: Wammu|Vessel of Ruin\n|turn|17\n|\n|t:|1701216479\n|move|p1a: Grafaiai|Acrobatics|p2a: Wammu\n|-damage|p2a: Wammu|26\/100\n|move|p2a: Wammu|Spikes|p1a: Grafaiai\n|-sidestart|p1: J_tabe|Spikes\n|\n|-heal|p2a: Wammu|32\/100|[from] item: Leftovers\n|upkeep\n|turn|18\n|\n|t:|1701216485\n|move|p1a: Grafaiai|Acrobatics|p2a: Wammu\n|-damage|p2a: Wammu|0 fnt\n|faint|p2a: Wammu\n|\n|upkeep\n|\n|t:|1701216493\n|switch|p2a: Silver Chariot|Ceruledge, M|100\/100\n|-damage|p2a: Silver Chariot|75\/100|[from] Spikes\n|-damage|p2a: Silver Chariot|50\/100|[from] Stealth Rock\n|turn|19\n|\n|t:|1701216498\n|move|p2a: Silver Chariot|Endure|p2a: Silver Chariot\n|-singleturn|p2a: Silver Chariot|move: Endure\n|move|p1a: Grafaiai|Knock Off|p2a: Silver Chariot\n|-supereffective|p2a: Silver Chariot\n|-activate|p2a: Silver Chariot|move: Endure\n|-damage|p2a: Silver Chariot|1\/100\n|-ability|p2a: Silver Chariot|Weak Armor|boost\n|-unboost|p2a: Silver Chariot|def|1\n|-boost|p2a: Silver Chariot|spe|2\n|-enditem|p2a: Silver Chariot|Weakness Policy\n|-boost|p2a: Silver Chariot|atk|2|[from] item: Weakness Policy\n|-boost|p2a: Silver Chariot|spa|2|[from] item: Weakness Policy\n|\n|upkeep\n|turn|20\n|\n|t:|1701216508\n|move|p2a: Silver Chariot|Bitter Blade|p1a: Grafaiai\n|-damage|p1a: Grafaiai|0 fnt\n|-heal|p2a: Silver Chariot|18\/100|[from] drain|[of] p1a: Grafaiai\n|faint|p1a: Grafaiai\n|\n|-sideend|p1: J_tabe|move: Light Screen\n|upkeep\n|\n|t:|1701216516\n|switch|p1a: Forretress|Forretress, F, shiny|12\/100\n|-damage|p1a: Forretress|0 fnt|[from] Stealth Rock\n|-activate|p1a: Forretress|move: Sticky Web\n|faint|p1a: Forretress\n|\n|t:|1701216522\n|switch|p1a: Sableye|Sableye, M, shiny|100\/100\n|-damage|p1a: Sableye|88\/100|[from] Stealth Rock\n|-activate|p1a: Sableye|move: Sticky Web\n|-unboost|p1a: Sableye|spe|1\n|-damage|p1a: Sableye|75\/100|[from] Spikes\n|turn|21\n|\n|t:|1701216549\n|move|p1a: Sableye|Thunder Wave|p2a: Silver Chariot\n|-status|p2a: Silver Chariot|par\n|cant|p2a: Silver Chariot|par\n|\n|upkeep\n|turn|22\n|\n|t:|1701216556\n|move|p1a: Sableye|Recover|p1a: Sableye\n|-heal|p1a: Sableye|100\/100\n|move|p2a: Silver Chariot|Bitter Blade|p1a: Sableye\n|-damage|p1a: Sableye|6\/100\n|-heal|p2a: Silver Chariot|68\/100 par|[from] drain|[of] p1a: Sableye\n|-damage|p2a: Silver Chariot|51\/100 par|[from] item: Rocky Helmet|[of] p1a: Sableye\n|\n|upkeep\n|turn|23\n|\n|t:|1701216586\n|move|p2a: Silver Chariot|Bitter Blade|p1a: Sableye\n|-damage|p1a: Sableye|0 fnt\n|-heal|p2a: Silver Chariot|54\/100 par|[from] drain|[of] p1a: Sableye\n|-damage|p2a: Silver Chariot|37\/100 par|[from] item: Rocky Helmet|[of] p1a: Sableye\n|faint|p1a: Sableye\n|\n|upkeep\n|\n|t:|1701216595\n|switch|p1a: Empoleon|Empoleon, F|26\/100\n|-damage|p1a: Empoleon|20\/100|[from] Stealth Rock\n|-activate|p1a: Empoleon|move: Sticky Web\n|-unboost|p1a: Empoleon|spe|1\n|-ability|p1a: Empoleon|Competitive|boost\n|-boost|p1a: Empoleon|spa|2\n|-damage|p1a: Empoleon|7\/100|[from] Spikes\n|turn|24\n|\n|t:|1701216630\n|move|p2a: Silver Chariot|Shadow Sneak|p1a: Empoleon\n|-damage|p1a: Empoleon|0 fnt\n|faint|p1a: Empoleon\n|\n|upkeep\n|\n|t:|1701216647\n|switch|p1a: Ludicolo|Ludicolo, F|100\/100\n|-damage|p1a: Ludicolo|88\/100|[from] Stealth Rock\n|-activate|p1a: Ludicolo|move: Sticky Web\n|-unboost|p1a: Ludicolo|spe|1\n|-damage|p1a: Ludicolo|76\/100|[from] Spikes\n|turn|25\n|\n|t:|1701216664\n|move|p2a: Silver Chariot|Bitter Blade|p1a: Ludicolo\n|-damage|p1a: Ludicolo|0 fnt\n|-heal|p2a: Silver Chariot|77\/100 par|[from] drain|[of] p1a: Ludicolo\n|faint|p1a: Ludicolo\n|\n|upkeep\n|\n|t:|1701216668\n|switch|p1a: Venomoth|Venomoth, F|100\/100\n|-damage|p1a: Venomoth|76\/100|[from] Stealth Rock\n|-activate|p1a: Venomoth|move: Sticky Web\n|-unboost|p1a: Venomoth|spe|1\n|-damage|p1a: Venomoth|63\/100|[from] Spikes\n|turn|26\n|\n|t:|1701216675\n|move|p2a: Silver Chariot|Bitter Blade|p1a: Venomoth\n|-supereffective|p1a: Venomoth\n|-damage|p1a: Venomoth|0 fnt\n|-heal|p2a: Silver Chariot|100\/100 par|[from] drain|[of] p1a: Venomoth\n|faint|p1a: Venomoth\n|\n|win|MelancholyBill\n|raw|J_tabe's rating: 1280 &rarr; <strong>1256<\/strong><br \/>(-24 for losing)\n|raw|MelancholyBill's rating: 1288 &rarr; <strong>1312<\/strong><br \/>(+24 for winning)\n|c|\u2606MelancholyBill|Gg\n|c|\u2606J_tabe|gg\n|l|\u2606J_tabe\n|c|\u2606MelancholyBill|Wp\n","uploadtime":1701216698,"views":0,"p1id":"jtabe","p2id":"melancholybill","formatid":"gen9anythinggoes","rating":1256,"private":0,"password":""}