{"id":"gen9anythinggoes-1997697500","p1":"droipus","p2":"Mr Armstead","format":"[Gen 9] Anything Goes","log":"|j|\u2606droipus\n|j|\u2606Mr Armstead\n|t:|1700842959\n|gametype|singles\n|player|p1|droipus|169|1059\n|player|p2|Mr Armstead|170|1075\n|teamsize|p1|6\n|teamsize|p2|6\n|gen|9\n|tier|[Gen 9] Anything Goes\n|rated|\n|rule|HP Percentage Mod: HP is shown in percentages\n|rule|Endless Battle Clause: Forcing endless battles is banned\n|clearpoke\n|poke|p1|Glimmora, F|\n|poke|p1|Annihilape, F|\n|poke|p1|Quaquaval, M|\n|poke|p1|Maushold-Four|\n|poke|p1|Skeledirge, M|\n|poke|p1|Urshifu-*, F|\n|poke|p2|Maushold-Four|\n|poke|p2|Flutter Mane|\n|poke|p2|Miraidon|\n|poke|p2|Rabsca, M|\n|poke|p2|Garganacl, F|\n|poke|p2|Houndstone, M|\n|teampreview\n|inactive|Battle timer is ON: inactive players will automatically lose when time's up. (requested by Mr Armstead)\n|\n|t:|1700842986\n|start\n|switch|p1a: Glimmora|Glimmora, F|100\/100\n|switch|p2a: Maushold|Maushold-Four|100\/100\n|turn|1\n|\n|t:|1700842996\n|switch|p1a: Annihilape|Annihilape, F|100\/100\n|move|p2a: Maushold|Tidy Up|p2a: Maushold\n|-boost|p2a: Maushold|atk|1\n|-boost|p2a: Maushold|spe|1\n|\n|upkeep\n|turn|2\n|\n|t:|1700843004\n|move|p2a: Maushold|Tidy Up|p2a: Maushold\n|-boost|p2a: Maushold|atk|1\n|-boost|p2a: Maushold|spe|1\n|move|p1a: Annihilape|Drain Punch|p2a: Maushold\n|-supereffective|p2a: Maushold\n|-damage|p2a: Maushold|0 fnt\n|faint|p2a: Maushold\n|\n|upkeep\n|\n|t:|1700843010\n|switch|p2a: Flutter Mane|Flutter Mane, shiny|100\/100\n|turn|3\n|\n|t:|1700843040\n|switch|p1a: Quaquaval|Quaquaval, M|100\/100\n|move|p2a: Flutter Mane|Moonblast|p1a: Quaquaval\n|-supereffective|p1a: Quaquaval\n|-damage|p1a: Quaquaval|0 fnt\n|faint|p1a: Quaquaval\n|-damage|p2a: Flutter Mane|91\/100|[from] item: Life Orb\n|\n|upkeep\n|\n|t:|1700843049\n|switch|p1a: Glimmora|Glimmora, F|100\/100\n|turn|4\n|\n|t:|1700843055\n|move|p2a: Flutter Mane|Psyshock|p1a: Glimmora\n|-supereffective|p1a: Glimmora\n|-damage|p1a: Glimmora|29\/100\n|-damage|p2a: Flutter Mane|81\/100|[from] item: Life Orb\n|move|p1a: Glimmora|Stealth Rock|p2a: Flutter Mane\n|-sidestart|p2: Mr Armstead|move: Stealth Rock\n|\n|-heal|p1a: Glimmora|35\/100|[from] item: Black Sludge\n|upkeep\n|turn|5\n|\n|t:|1700843064\n|move|p1a: Glimmora|Spiky Shield|p1a: Glimmora\n|-singleturn|p1a: Glimmora|move: Protect\n|move|p2a: Flutter Mane|Psyshock|p1a: Glimmora\n|-activate|p1a: Glimmora|move: Protect\n|\n|-heal|p1a: Glimmora|41\/100|[from] item: Black Sludge\n|upkeep\n|turn|6\n|\n|t:|1700843073\n|move|p2a: Flutter Mane|Psyshock|p1a: Glimmora\n|-supereffective|p1a: Glimmora\n|-damage|p1a: Glimmora|0 fnt\n|faint|p1a: Glimmora\n|-damage|p2a: Flutter Mane|71\/100|[from] item: Life Orb\n|\n|upkeep\n|\n|t:|1700843080\n|switch|p1a: Maushold|Maushold-Four|100\/100\n|turn|7\n|\n|t:|1700843088\n|move|p2a: Flutter Mane|Moonblast|p1a: Maushold\n|-damage|p1a: Maushold|22\/100\n|-damage|p2a: Flutter Mane|61\/100|[from] item: Life Orb\n|move|p1a: Maushold|Play Rough|p2a: Flutter Mane\n|-damage|p2a: Flutter Mane|18\/100\n|\n|upkeep\n|turn|8\n|\n|t:|1700843099\n|switch|p1a: Urshifu|Urshifu-Rapid-Strike, F|100\/100\n|move|p2a: Flutter Mane|Moonblast|p1a: Urshifu\n|-supereffective|p1a: Urshifu\n|-damage|p1a: Urshifu|0 fnt\n|faint|p1a: Urshifu\n|-damage|p2a: Flutter Mane|8\/100|[from] item: Life Orb\n|\n|upkeep\n|\n|t:|1700843107\n|switch|p1a: Skeledirge|Skeledirge, M|100\/100\n|turn|9\n|\n|t:|1700843115\n|-terastallize|p1a: Skeledirge|Fairy\n|move|p2a: Flutter Mane|Shadow Ball|p1a: Skeledirge\n|-damage|p1a: Skeledirge|52\/100\n|-unboost|p1a: Skeledirge|spd|1\n|-damage|p2a: Flutter Mane|0 fnt|[from] item: Life Orb\n|faint|p2a: Flutter Mane\n|-end|p2a: Flutter Mane|Protosynthesis|[silent]\n|move|p1a: Skeledirge|Torch Song|p2: Flutter Mane|[notarget]\n|-fail|p1a: Skeledirge\n|\n|upkeep\n|\n|t:|1700843120\n|switch|p2a: DeMarco|Miraidon|100\/100\n|-damage|p2a: DeMarco|88\/100|[from] Stealth Rock\n|-fieldstart|move: Electric Terrain|[from] ability: Hadron Engine|[of] p2a: DeMarco\n|turn|10\n|\n|t:|1700843137\n|switch|p1a: Annihilape|Annihilape, F|100\/100\n|move|p2a: DeMarco|Electro Drift|p1a: Annihilape\n|-damage|p1a: Annihilape|10\/100\n|\n|-heal|p1a: Annihilape|16\/100|[from] item: Leftovers\n|upkeep\n|turn|11\n|\n|t:|1700843149\n|move|p2a: DeMarco|Electro Drift|p1a: Annihilape\n|-damage|p1a: Annihilape|0 fnt\n|faint|p1a: Annihilape\n|\n|upkeep\n|\n|t:|1700843155\n|switch|p1a: Skeledirge|Skeledirge, M, tera:Fairy|52\/100\n|turn|12\n|\n|t:|1700843158\n|move|p2a: DeMarco|Electro Drift|p1a: Skeledirge\n|-damage|p1a: Skeledirge|0 fnt\n|faint|p1a: Skeledirge\n|\n|upkeep\n|\n|t:|1700843165\n|switch|p1a: Maushold|Maushold-Four|22\/100\n|turn|13\n|\n|t:|1700843169\n|move|p2a: DeMarco|Electro Drift|p1a: Maushold\n|-damage|p1a: Maushold|0 fnt\n|faint|p1a: Maushold\n|\n|win|Mr Armstead\n|raw|droipus's rating: 1059 &rarr; <strong>1041<\/strong><br \/>(-18 for losing)\n|raw|Mr Armstead's rating: 1075 &rarr; <strong>1102<\/strong><br \/>(+27 for winning)\n","uploadtime":1700843174,"views":2,"p1id":"droipus","p2id":"mrarmstead","formatid":"gen9anythinggoes","rating":1041,"private":0,"password":""}