{"id":"gen9anythinggoes-1992652687","p1":"lilxdust","p2":"Dumbfudge","format":"[Gen 9] Anything Goes","log":"|j|\u2606lilxdust\n|j|\u2606Dumbfudge\n|t:|1700220736\n|gametype|singles\n|player|p1|lilxdust|skier|1223\n|player|p2|Dumbfudge|blackbelt-gen4dp|1257\n|teamsize|p1|6\n|teamsize|p2|6\n|gen|9\n|tier|[Gen 9] Anything Goes\n|rated|\n|rule|HP Percentage Mod: HP is shown in percentages\n|rule|Endless Battle Clause: Forcing endless battles is banned\n|clearpoke\n|poke|p1|Orthworm, F|\n|poke|p1|Breloom, M|\n|poke|p1|Dragapult, M|\n|poke|p1|Garchomp, M|\n|poke|p1|Volcarona, F|\n|poke|p1|Kingambit, F|\n|poke|p2|Espathra, M|\n|poke|p2|Shaymin-Sky|\n|poke|p2|Zacian-*|\n|poke|p2|Breloom, M|\n|poke|p2|Ninetales-Alola, M|\n|poke|p2|Garchomp, M|\n|teampreview\n|inactive|Battle timer is ON: inactive players will automatically lose when time's up. (requested by Dumbfudge)\n|\n|t:|1700220747\n|start\n|switch|p1a: Volcarona|Volcarona, F, shiny|100\/100\n|switch|p2a: Frostbite|Ninetales-Alola, M|100\/100\n|-weather|Snow|[from] ability: Snow Warning|[of] p2a: Frostbite\n|turn|1\n|\n|t:|1700220756\n|move|p2a: Frostbite|Aurora Veil|p2a: Frostbite\n|-sidestart|p2: Dumbfudge|move: Aurora Veil\n|move|p1a: Volcarona|Quiver Dance|p1a: Volcarona\n|-boost|p1a: Volcarona|spa|1\n|-boost|p1a: Volcarona|spd|1\n|-boost|p1a: Volcarona|spe|1\n|\n|-weather|Snow|[upkeep]\n|upkeep\n|turn|2\n|\n|t:|1700220764\n|move|p1a: Volcarona|Heat Wave|p2a: Frostbite\n|-supereffective|p2a: Frostbite\n|-damage|p2a: Frostbite|10\/100\n|move|p2a: Frostbite|Roar|p1a: Volcarona\n|drag|p1a: Garchomp|Garchomp, M, shiny|100\/100\n|\n|-weather|Snow|[upkeep]\n|upkeep\n|turn|3\n|\n|t:|1700220784\n|-terastallize|p1a: Garchomp|Fire\n|move|p2a: Frostbite|Baton Pass|p2a: Frostbite\n|\n|t:|1700220789\n|switch|p2a: Psoriasis|Garchomp, M|100\/100|[from] Baton Pass\n|move|p1a: Garchomp|Iron Head|p2a: Psoriasis\n|-damage|p2a: Psoriasis|87\/100\n|-damage|p1a: Garchomp|88\/100|[from] ability: Rough Skin|[of] p2a: Psoriasis\n|-damage|p1a: Garchomp|72\/100|[from] item: Rocky Helmet|[of] p2a: Psoriasis\n|\n|-weather|Snow|[upkeep]\n|upkeep\n|turn|4\n|\n|t:|1700220811\n|switch|p1a: Orthworm|Orthworm, F, shiny|100\/100\n|move|p2a: Psoriasis|Spikes|p1a: Orthworm\n|-sidestart|p1: lilxdust|Spikes\n|\n|-weather|Snow|[upkeep]\n|upkeep\n|turn|5\n|\n|t:|1700220818\n|move|p2a: Psoriasis|Spikes|p1a: Orthworm\n|-sidestart|p1: lilxdust|Spikes\n|move|p1a: Orthworm|Shed Tail|p1a: Orthworm\n|-start|p1a: Orthworm|Substitute|[from] move: Shed Tail\n|-damage|p1a: Orthworm|50\/100\n|-enditem|p1a: Orthworm|Sitrus Berry|[eat]\n|-heal|p1a: Orthworm|75\/100|[from] item: Sitrus Berry\n|inactive|lilxdust has 120 seconds left.\n|\n|t:|1700220844\n|switch|p1a: Volcarona|Volcarona, F, shiny|100\/100|[from] Shed Tail\n|\n|-weather|none\n|upkeep\n|turn|6\n|inactive|lilxdust has 120 seconds left.\n|\n|t:|1700220852\n|move|p1a: Volcarona|Quiver Dance|p1a: Volcarona\n|-boost|p1a: Volcarona|spa|1\n|-boost|p1a: Volcarona|spd|1\n|-boost|p1a: Volcarona|spe|1\n|move|p2a: Psoriasis|Spikes|p1a: Volcarona\n|-sidestart|p1: lilxdust|Spikes\n|\n|upkeep\n|turn|7\n|\n|t:|1700220859\n|move|p1a: Volcarona|Quiver Dance|p1a: Volcarona\n|-boost|p1a: Volcarona|spa|1\n|-boost|p1a: Volcarona|spd|1\n|-boost|p1a: Volcarona|spe|1\n|move|p2a: Psoriasis|Stealth Rock|p1a: Volcarona\n|-sidestart|p1: lilxdust|move: Stealth Rock\n|\n|upkeep\n|turn|8\n|\n|t:|1700220870\n|move|p1a: Volcarona|Bug Buzz|p2a: Psoriasis\n|-damage|p2a: Psoriasis|48\/100\n|move|p2a: Psoriasis|Earthquake|p1a: Volcarona\n|-end|p1a: Volcarona|Substitute\n|\n|-sideend|p2: Dumbfudge|move: Aurora Veil\n|upkeep\n|turn|9\n|\n|t:|1700220880\n|move|p1a: Volcarona|Bug Buzz|p2a: Psoriasis\n|-damage|p2a: Psoriasis|0 fnt\n|faint|p2a: Psoriasis\n|\n|upkeep\n|\n|t:|1700220891\n|switch|p2a: Whooping cough|Zacian-Crowned|100\/100\n|-ability|p2a: Whooping cough|Intrepid Sword|boost\n|-boost|p2a: Whooping cough|atk|1\n|turn|10\n|\n|t:|1700220897\n|move|p1a: Volcarona|Heat Wave|p2a: Whooping cough|[miss]\n|-miss|p1a: Volcarona|p2a: Whooping cough\n|move|p2a: Whooping cough|Behemoth Blade|p1a: Volcarona\n|-resisted|p1a: Volcarona\n|-damage|p1a: Volcarona|34\/100\n|\n|upkeep\n|turn|11\n|\n|t:|1700220904\n|move|p2a: Whooping cough|Quick Attack|p1a: Volcarona\n|-damage|p1a: Volcarona|0 fnt\n|faint|p1a: Volcarona\n|\n|upkeep\n|c|\u2606lilxdust|f u and ur legenday\n|inactive|lilxdust has 120 seconds left.\n|c|\u2606lilxdust|weak ass\n|\n|t:|1700220949\n|switch|p1a: Orthworm|Orthworm, F, shiny|75\/100\n|-damage|p1a: Orthworm|50\/100|[from] Spikes\n|-damage|p1a: Orthworm|44\/100|[from] Stealth Rock\n|turn|12\n|c|\u2606Dumbfudge|No need to be hostile\n|c|\u2606Dumbfudge|its just a game\n|c|\u2606lilxdust|yes there is\n|c|\u2606lilxdust|u a hoe\n|c|\u2606lilxdust|ur mum a hoe\n|inactive|lilxdust has 90 seconds left.\n|c|\u2606Dumbfudge|Im not what did i do\n|c|\u2606lilxdust|ur dad a hoe too\n|c|\u2606Dumbfudge|Are you just jelly\n|c|\u2606Dumbfudge|its ok\n|c|\u2606Dumbfudge|it happens\n|inactive|lilxdust has 60 seconds left.\n|l|\u2606lilxdust\n|inactive|lilxdust disconnected and has a minute to reconnect!\n|player|p1|\n|inactive|lilxdust has 30 seconds left.\n|j|\u2606lilxdust\n|inactive|lilxdust reconnected and has 25 seconds left.\n|player|p1|lilxdust|skier\n|l|\u2606lilxdust\n|inactive|lilxdust disconnected and has a minute to reconnect!\n|player|p1|\n|inactive|lilxdust has 20 seconds left.\n|inactive|lilxdust has 15 seconds left.\n|inactive|lilxdust has 10 seconds left.\n|inactive|lilxdust has 5 seconds left.\n|-message|lilxdust lost due to inactivity.\n|\n|win|Dumbfudge\n|raw|lilxdust's rating: 1223 &rarr; <strong>1200<\/strong><br \/>(-23 for losing)\n|raw|Dumbfudge's rating: 1257 &rarr; <strong>1280<\/strong><br \/>(+23 for winning)\n","uploadtime":1700220977,"views":8,"p1id":"lilxdust","p2id":"dumbfudge","formatid":"gen9anythinggoes","rating":1200,"private":0,"password":""}