{"id":"gen9anythinggoes-1986958290","p1":"Enderian67","p2":"gengengalixy","format":"[Gen 9] Anything Goes","log":"|j|\u2606Enderian67\n|j|\u2606gengengalixy\n|t:|1699544440\n|gametype|singles\n|player|p1|Enderian67|steven|1140\n|player|p2|gengengalixy|265|1142\n|teamsize|p1|5\n|teamsize|p2|1\n|gen|9\n|tier|[Gen 9] Anything Goes\n|rated|\n|rule|HP Percentage Mod: HP is shown in percentages\n|rule|Endless Battle Clause: Forcing endless battles is banned\n|clearpoke\n|poke|p1|Drifblim, F|\n|poke|p1|Espathra, M|\n|poke|p1|Hatterene, F|\n|poke|p1|Magearna|\n|poke|p1|Calyrex-Shadow|\n|poke|p2|Salamence, F|\n|teampreview\n|\n|t:|1699544443\n|start\n|switch|p1a: Drifblim|Drifblim, F|100\/100\n|switch|p2a: limzrd|Salamence, F|100\/100\n|turn|1\n|c|\u2606gengengalixy|ew drifblim team\n|\n|t:|1699544448\n|move|p2a: limzrd|Dragon Dance|p2a: limzrd\n|-boost|p2a: limzrd|atk|1\n|-boost|p2a: limzrd|spe|1\n|move|p1a: Drifblim|Minimize|p1a: Drifblim\n|-boost|p1a: Drifblim|evasion|2\n|\n|upkeep\n|turn|2\n|c|\u2606Enderian67|srry\n|\n|t:|1699544458\n|move|p2a: limzrd|Dual Wingbeat|p1a: Drifblim\n|-damage|p1a: Drifblim|77\/100\n|-damage|p1a: Drifblim|50\/100\n|-hitcount|p1a: Drifblim|2\n|move|p1a: Drifblim|Substitute|p1a: Drifblim\n|-start|p1a: Drifblim|Substitute\n|-damage|p1a: Drifblim|25\/100\n|\n|upkeep\n|turn|3\n|\n|t:|1699544472\n|move|p2a: limzrd|Dual Wingbeat|p1a: Drifblim\n|-end|p1a: Drifblim|Substitute\n|-damage|p1a: Drifblim|1\/100\n|-hitcount|p1a: Drifblim|2\n|move|p1a: Drifblim|Minimize|p1a: Drifblim\n|-boost|p1a: Drifblim|evasion|2\n|\n|upkeep\n|turn|4\n|\n|t:|1699544479\n|move|p2a: limzrd|Dual Wingbeat|p1a: Drifblim\n|-crit|p1a: Drifblim\n|-damage|p1a: Drifblim|0 fnt\n|-damage|p2a: limzrd|75\/100|[from] ability: Aftermath|[of] p1a: Drifblim\n|faint|p1a: Drifblim\n|-ability|p2a: limzrd|Moxie|boost\n|-boost|p2a: limzrd|atk|1\n|-hitcount|p1: Drifblim|1\n|\n|-heal|p2a: limzrd|82\/100|[from] item: Leftovers\n|upkeep\n|\n|t:|1699544484\n|switch|p1a: Espathra|Espathra, M|100\/100\n|turn|5\n|\n|t:|1699544494\n|move|p2a: limzrd|Substitute|p2a: limzrd\n|-start|p2a: limzrd|Substitute\n|-damage|p2a: limzrd|57\/100\n|move|p1a: Espathra|Substitute|p1a: Espathra\n|-start|p1a: Espathra|Substitute\n|-damage|p1a: Espathra|76\/100\n|\n|-heal|p2a: limzrd|63\/100|[from] item: Leftovers\n|-heal|p1a: Espathra|82\/100|[from] item: Leftovers\n|-ability|p1a: Espathra|Speed Boost|boost\n|-boost|p1a: Espathra|spe|1\n|upkeep\n|turn|6\n|\n|t:|1699544499\n|move|p1a: Espathra|Agility|p1a: Espathra\n|-boost|p1a: Espathra|spe|2\n|move|p2a: limzrd|Dual Wingbeat|p1a: Espathra\n|-end|p1a: Espathra|Substitute\n|-damage|p1a: Espathra|25\/100\n|-hitcount|p1a: Espathra|2\n|\n|-heal|p1a: Espathra|31\/100|[from] item: Leftovers\n|-heal|p2a: limzrd|69\/100|[from] item: Leftovers\n|-ability|p1a: Espathra|Speed Boost|boost\n|-boost|p1a: Espathra|spe|1\n|upkeep\n|turn|7\n|\n|t:|1699544507\n|move|p1a: Espathra|Baton Pass|p1a: Espathra\n|\n|t:|1699544516\n|switch|p1a: Magearna|Magearna|100\/100|[from] Baton Pass\n|move|p2a: limzrd|Dual Wingbeat|p1a: Magearna|[miss]\n|-miss|p2a: limzrd|p1a: Magearna\n|\n|-heal|p2a: limzrd|75\/100|[from] item: Leftovers\n|upkeep\n|turn|8\n|\n|t:|1699544531\n|move|p1a: Magearna|Draining Kiss|p2a: limzrd\n|-supereffective|p2a: limzrd\n|-end|p2a: limzrd|Substitute\n|move|p2a: limzrd|Earthquake|p1a: Magearna\n|-supereffective|p1a: Magearna\n|-damage|p1a: Magearna|0 fnt\n|faint|p1a: Magearna\n|-ability|p2a: limzrd|Moxie|boost\n|-boost|p2a: limzrd|atk|1\n|\n|-heal|p2a: limzrd|81\/100|[from] item: Leftovers\n|upkeep\n|\n|t:|1699544541\n|switch|p1a: Hatterene|Hatterene, F|100\/100\n|turn|9\n|\n|t:|1699544557\n|-terastallize|p2a: limzrd|Ghost\n|move|p2a: limzrd|Substitute|p2a: limzrd\n|-start|p2a: limzrd|Substitute\n|-damage|p2a: limzrd|56\/100\n|move|p1a: Hatterene|Swords Dance|p1a: Hatterene\n|-boost|p1a: Hatterene|atk|2\n|\n|-heal|p2a: limzrd|62\/100|[from] item: Leftovers\n|upkeep\n|turn|10\n|\n|t:|1699544566\n|move|p2a: limzrd|Dual Wingbeat|p1a: Hatterene\n|-damage|p1a: Hatterene|39\/100\n|-damage|p1a: Hatterene|0 fnt\n|faint|p1a: Hatterene\n|-ability|p2a: limzrd|Moxie|boost\n|-boost|p2a: limzrd|atk|1\n|-hitcount|p1: Hatterene|2\n|\n|-heal|p2a: limzrd|68\/100|[from] item: Leftovers\n|upkeep\n|\n|t:|1699544574\n|switch|p1a: Espathra|Espathra, M|31\/100\n|turn|11\n|\n|t:|1699544580\n|move|p2a: limzrd|Earthquake|p1a: Espathra\n|-damage|p1a: Espathra|0 fnt\n|faint|p1a: Espathra\n|-ability|p2a: limzrd|Moxie|boost\n|-boost|p2a: limzrd|atk|1\n|\n|-heal|p2a: limzrd|74\/100|[from] item: Leftovers\n|upkeep\n|\n|t:|1699544582\n|switch|p1a: Calyrex|Calyrex-Shadow|100\/100\n|-ability|p1a: Calyrex|As One\n|-ability|p1a: Calyrex|Unnerve\n|turn|12\n|\n|t:|1699544596\n|-terastallize|p1a: Calyrex|Normal\n|move|p2a: limzrd|Dual Wingbeat|p1a: Calyrex\n|-damage|p1a: Calyrex|18\/100\n|-enditem|p1a: Calyrex|Aguav Berry|[eat]\n|-heal|p1a: Calyrex|51\/100|[from] item: Aguav Berry\n|-damage|p1a: Calyrex|0 fnt\n|faint|p1a: Calyrex\n|-hitcount|p1: Calyrex|2\n|\n|win|gengengalixy\n|raw|Enderian67's rating: 1140 &rarr; <strong>1115<\/strong><br \/>(-25 for losing)\n|raw|gengengalixy's rating: 1142 &rarr; <strong>1167<\/strong><br \/>(+25 for winning)\n|c|\u2606gengengalixy|gg\n|l|\u2606Enderian67\n","uploadtime":1699544608,"views":4,"p1id":"enderian67","p2id":"gengengalixy","formatid":"gen9anythinggoes","rating":1115,"private":0,"password":""}