{"id":"gen9anythinggoes-1992293262","p1":"zooki18","p2":"starimo","format":"[Gen 9] Anything Goes","log":"|j|\u2606zooki18\n|j|\u2606starimo\n|t:|1700171693\n|gametype|singles\n|player|p1|zooki18|lass-gen1rb|1360\n|player|p2|starimo|n|1442\n|teamsize|p1|6\n|teamsize|p2|6\n|gen|9\n|tier|[Gen 9] Anything Goes\n|rated|\n|rule|HP Percentage Mod: HP is shown in percentages\n|rule|Endless Battle Clause: Forcing endless battles is banned\n|clearpoke\n|poke|p1|Ditto|\n|poke|p1|Ditto|\n|poke|p1|Ditto|\n|poke|p1|Calyrex-Shadow|\n|poke|p1|Miraidon|\n|poke|p1|Zacian-*|\n|poke|p2|Koraidon|\n|poke|p2|Zacian-*|\n|poke|p2|Calyrex-Ice|\n|poke|p2|Urshifu-*, M|\n|poke|p2|Arcanine-Hisui, M|\n|poke|p2|Gliscor, M|\n|teampreview\n|\n|t:|1700171712\n|start\n|switch|p1a: mono claw|Ditto|100\/100\n|switch|p2a: Koraidon|Koraidon|100\/100\n|-weather|SunnyDay|[from] ability: Orichalcum Pulse|[of] p2a: Koraidon\n|-activate|p2a: Koraidon|Orichalcum Pulse|[source]\n|-transform|p1a: mono claw|p2a: Koraidon|[from] ability: Imposter\n|-activate|p1a: mono claw|ability: Orichalcum Pulse\n|turn|1\n|\n|t:|1700171723\n|switch|p2a: Zacian|Zacian-Crowned, shiny|100\/100\n|-ability|p2a: Zacian|Intrepid Sword|boost\n|-boost|p2a: Zacian|atk|1\n|switch|p1a: Zacian|Zacian-Crowned|100\/100\n|-ability|p1a: Zacian|Intrepid Sword|boost\n|-boost|p1a: Zacian|atk|1\n|\n|-weather|SunnyDay|[upkeep]\n|upkeep\n|turn|2\n|inactive|Battle timer is ON: inactive players will automatically lose when time's up. (requested by starimo)\n|inactive|zooki18 has 120 seconds left.\n|\n|t:|1700171761\n|move|p1a: Zacian|Behemoth Blade|p2a: Zacian\n|-damage|p2a: Zacian|14\/100\n|move|p2a: Zacian|Behemoth Blade|p1a: Zacian\n|-damage|p1a: Zacian|16\/100\n|\n|-weather|SunnyDay|[upkeep]\n|upkeep\n|turn|3\n|\n|t:|1700171769\n|move|p2a: Zacian|Behemoth Blade|p1a: Zacian\n|-damage|p1a: Zacian|0 fnt\n|faint|p1a: Zacian\n|\n|-weather|SunnyDay|[upkeep]\n|upkeep\n|\n|t:|1700171772\n|switch|p1a: Calyrex|Calyrex-Shadow|100\/100\n|-ability|p1a: Calyrex|As One\n|-ability|p1a: Calyrex|Unnerve\n|turn|4\n|\n|t:|1700171779\n|move|p1a: Calyrex|Astral Barrage|p2a: Zacian\n|-damage|p2a: Zacian|0 fnt\n|faint|p2a: Zacian\n|-ability|p1a: Calyrex|Grim Neigh|boost\n|-boost|p1a: Calyrex|spa|1\n|\n|-weather|SunnyDay|[upkeep]\n|upkeep\n|\n|t:|1700171787\n|switch|p2a: Urshifu|Urshifu, M|100\/100\n|turn|5\n|\n|t:|1700171799\n|-terastallize|p1a: Calyrex|Grass\n|move|p2a: Urshifu|Sucker Punch|p1a: Calyrex\n|-damage|p1a: Calyrex|41\/100\n|-damage|p2a: Urshifu|91\/100|[from] item: Life Orb\n|move|p1a: Calyrex|Grass Knot|p2a: Urshifu\n|-damage|p2a: Urshifu|0 fnt\n|faint|p2a: Urshifu\n|-ability|p1a: Calyrex|Grim Neigh|boost\n|-boost|p1a: Calyrex|spa|1\n|\n|-weather|none\n|upkeep\n|\n|t:|1700171810\n|switch|p2a: Dwag-2|Arcanine-Hisui, M, shiny|100\/100\n|turn|6\n|\n|t:|1700171819\n|move|p2a: Dwag-2|Extreme Speed|p1a: Calyrex\n|-damage|p1a: Calyrex|0 fnt\n|faint|p1a: Calyrex\n|\n|upkeep\n|\n|t:|1700171824\n|switch|p1a: mono claw|Ditto|100\/100\n|-transform|p1a: mono claw|p2a: Dwag-2|[from] ability: Imposter\n|turn|7\n|\n|t:|1700171847\n|move|p2a: Dwag-2|Extreme Speed|p1a: mono claw\n|-resisted|p1a: mono claw\n|-damage|p1a: mono claw|76\/100\n|move|p1a: mono claw|Head Smash|p2a: Dwag-2\n|-supereffective|p2a: Dwag-2\n|-damage|p2a: Dwag-2|0 fnt\n|faint|p2a: Dwag-2\n|\n|upkeep\n|inactive|starimo has 120 seconds left.\n|\n|t:|1700171862\n|switch|p2a: Koraidon|Koraidon|100\/100\n|-weather|SunnyDay|[from] ability: Orichalcum Pulse|[of] p2a: Koraidon\n|-activate|p2a: Koraidon|Orichalcum Pulse|[source]\n|turn|8\n|\n|t:|1700171869\n|switch|p1a: Miraidon|Miraidon|100\/100\n|-fieldstart|move: Electric Terrain|[from] ability: Hadron Engine|[of] p1a: Miraidon\n|move|p2a: Koraidon|Scale Shot|p1a: Miraidon\n|-supereffective|p1a: Miraidon\n|-damage|p1a: Miraidon|65\/100\n|-supereffective|p1a: Miraidon\n|-damage|p1a: Miraidon|30\/100\n|-supereffective|p1a: Miraidon\n|-damage|p1a: Miraidon|0 fnt\n|faint|p1a: Miraidon\n|-hitcount|p1: Miraidon|3\n|-unboost|p2a: Koraidon|def|1\n|-boost|p2a: Koraidon|spe|1\n|\n|-weather|SunnyDay|[upkeep]\n|upkeep\n|\n|t:|1700171873\n|switch|p1a: mono claw|Ditto|100\/100\n|-transform|p1a: mono claw|p2a: Koraidon|[from] ability: Imposter\n|-activate|p1a: mono claw|ability: Orichalcum Pulse\n|turn|9\n|c|\u2606zooki18|miss click\n|\n|t:|1700171889\n|-terastallize|p2a: Koraidon|Fire\n|move|p1a: mono claw|Scale Shot|p2a: Koraidon\n|-damage|p2a: Koraidon|75\/100\n|-damage|p2a: Koraidon|53\/100\n|-hitcount|p2a: Koraidon|2\n|-unboost|p1a: mono claw|def|1\n|-boost|p1a: mono claw|spe|1\n|move|p2a: Koraidon|Scale Shot|p1a: mono claw\n|-supereffective|p1a: mono claw\n|-damage|p1a: mono claw|26\/100\n|-supereffective|p1a: mono claw\n|-damage|p1a: mono claw|0 fnt\n|faint|p1a: mono claw\n|-hitcount|p1: mono claw|2\n|-unboost|p2a: Koraidon|def|1\n|-boost|p2a: Koraidon|spe|1\n|\n|-weather|SunnyDay|[upkeep]\n|upkeep\n|\n|t:|1700171895\n|switch|p1a: mono claw|Ditto|100\/100\n|-transform|p1a: mono claw|p2a: Koraidon|[from] ability: Imposter\n|-activate|p1a: mono claw|ability: Orichalcum Pulse\n|-start|p1a: mono claw|typechange|Fighting\/Dragon|[silent]\n|turn|10\n|\n|t:|1700171909\n|move|p1a: mono claw|Collision Course|p2a: Koraidon\n|-damage|p2a: Koraidon|0 fnt\n|faint|p2a: Koraidon\n|\n|-weather|SunnyDay|[upkeep]\n|upkeep\n|\n|t:|1700171915\n|switch|p2a: Gliscor|Gliscor, M, shiny|100\/100\n|turn|11\n|\n|t:|1700171924\n|switch|p1a: mono claw|Ditto|76\/100\n|-transform|p1a: mono claw|p2a: Gliscor|[from] ability: Imposter\n|move|p2a: Gliscor|Toxic|p1a: mono claw|[miss]\n|-miss|p2a: Gliscor|p1a: mono claw\n|\n|-weather|SunnyDay|[upkeep]\n|-status|p2a: Gliscor|tox|[from] item: Toxic Orb\n|upkeep\n|turn|12\n|\n|t:|1700171945\n|switch|p2a: Calyrex|Calyrex-Ice|100\/100\n|-ability|p2a: Calyrex|As One\n|-ability|p2a: Calyrex|Unnerve\n|move|p1a: mono claw|Toxic|p2a: Calyrex\n|-status|p2a: Calyrex|tox\n|\n|-weather|none\n|-damage|p2a: Calyrex|94\/100 tox|[from] psn\n|-fieldend|move: Electric Terrain\n|upkeep\n|turn|13\n|-activate|p1a: mono claw|item: Quick Claw\n|\n|t:|1700171955\n|move|p1a: mono claw|Protect|p1a: mono claw\n|-singleturn|p1a: mono claw|Protect\n|move|p2a: Calyrex|Trick Room|p2a: Calyrex\n|-fieldstart|move: Trick Room|[of] p2a: Calyrex\n|\n|-damage|p2a: Calyrex|82\/100 tox|[from] psn\n|upkeep\n|turn|14\n|\n|t:|1700171963\n|switch|p1a: mono claw|Ditto|100\/100\n|-transform|p1a: mono claw|p2a: Calyrex|[from] ability: Imposter\n|move|p2a: Calyrex|Glacial Lance|p1a: mono claw\n|-resisted|p1a: mono claw\n|-damage|p1a: mono claw|67\/100\n|\n|-damage|p2a: Calyrex|63\/100 tox|[from] psn\n|upkeep\n|turn|15\n|\n|t:|1700171976\n|move|p2a: Calyrex|High Horsepower|p1a: mono claw\n|-damage|p1a: mono claw|35\/100\n|move|p1a: mono claw|Glacial Lance|p2a: Calyrex\n|-resisted|p2a: Calyrex\n|-damage|p2a: Calyrex|38\/100 tox\n|\n|-damage|p2a: Calyrex|14\/100 tox|[from] psn\n|upkeep\n|turn|16\n|\n|t:|1700171985\n|switch|p1a: mono claw|Ditto|76\/100\n|-transform|p1a: mono claw|p2a: Calyrex|[from] ability: Imposter\n|move|p2a: Calyrex|High Horsepower|p1a: mono claw\n|-damage|p1a: mono claw|41\/100\n|\n|-damage|p2a: Calyrex|0 fnt|[from] psn\n|faint|p2a: Calyrex\n|upkeep\n|\n|t:|1700171999\n|switch|p2a: Gliscor|Gliscor, M, shiny|100\/100 tox\n|turn|17\n|\n|t:|1700172003\n|move|p2a: Gliscor|Protect|p2a: Gliscor\n|-singleturn|p2a: Gliscor|Protect\n|move|p1a: mono claw|Glacial Lance|p2a: Gliscor\n|-activate|p2a: Gliscor|move: Protect\n|\n|-fieldend|move: Trick Room\n|upkeep\n|turn|18\n|\n|t:|1700172012\n|move|p2a: Gliscor|Earthquake|p1a: mono claw\n|-damage|p1a: mono claw|16\/100\n|move|p1a: mono claw|Glacial Lance|p2a: Gliscor\n|-supereffective|p2a: Gliscor\n|-damage|p2a: Gliscor|0 fnt\n|faint|p2a: Gliscor\n|\n|win|zooki18\n|raw|zooki18's rating: 1360 &rarr; <strong>1385<\/strong><br \/>(+25 for winning)\n|raw|starimo's rating: 1442 &rarr; <strong>1417<\/strong><br \/>(-25 for losing)\n|l|\u2606starimo\n","uploadtime":1700172047,"views":8,"p1id":"zooki18","p2id":"starimo","formatid":"gen9anythinggoes","rating":1385,"private":0,"password":""}