{"id":"gen9anythinggoes-1983637746","p1":"Starz4everr","p2":"Icondudelol","format":"[Gen 9] Anything Goes","log":"|j|\u2606Starz4everr\n|j|\u2606Icondudelol\n|t:|1699152404\n|gametype|singles\n|player|p1|Starz4everr|102|\n|player|p2|Icondudelol|169|\n|teamsize|p1|6\n|teamsize|p2|6\n|gen|9\n|tier|[Gen 9] Anything Goes\n|rule|HP Percentage Mod: HP is shown in percentages\n|rule|Endless Battle Clause: Forcing endless battles is banned\n|clearpoke\n|poke|p1|Leafeon, M|\n|poke|p1|Jirachi|\n|poke|p1|Hawlucha, F|\n|poke|p1|Froslass, F|\n|poke|p1|Palkia-Origin|\n|poke|p1|Inteleon, M|\n|poke|p2|Eternatus|\n|poke|p2|Kyogre|\n|poke|p2|Giratina-Origin|\n|poke|p2|Drednaw, M|\n|poke|p2|Garganacl, M|\n|poke|p2|Dialga-Origin|\n|teampreview\n|\n|t:|1699152418\n|start\n|switch|p1a: Froslass|Froslass, F|100\/100\n|switch|p2a: Kyogre|Kyogre|100\/100\n|-weather|RainDance|[from] ability: Drizzle|[of] p2a: Kyogre\n|turn|1\n|\n|t:|1699152429\n|move|p1a: Froslass|Snowscape|p1a: Froslass\n|-weather|Snow\n|move|p2a: Kyogre|Double-Edge|p1a: Froslass\n|-immune|p1a: Froslass\n|\n|-weather|Snow|[upkeep]\n|-damage|p1a: Froslass|88\/100|[from] item: Black Sludge\n|upkeep\n|turn|2\n|\n|t:|1699152440\n|move|p1a: Froslass|Switcheroo|p2a: Kyogre\n|-activate|p1a: Froslass|move: Trick|[of] p2a: Kyogre\n|-item|p2a: Kyogre|Black Sludge|[from] move: Switcheroo\n|-item|p1a: Froslass|Life Orb|[from] move: Switcheroo\n|move|p2a: Kyogre|Hydro Pump|p1a: Froslass\n|-damage|p1a: Froslass|12\/100\n|\n|-weather|Snow|[upkeep]\n|-damage|p2a: Kyogre|88\/100|[from] item: Black Sludge\n|upkeep\n|turn|3\n|\n|t:|1699152452\n|move|p1a: Froslass|Draining Kiss|p2a: Kyogre\n|-damage|p2a: Kyogre|77\/100\n|-heal|p1a: Froslass|24\/100|[from] drain|[of] p2a: Kyogre\n|-damage|p1a: Froslass|14\/100|[from] item: Life Orb\n|move|p2a: Kyogre|Double-Edge|p1a: Froslass\n|-immune|p1a: Froslass\n|\n|-weather|Snow|[upkeep]\n|-damage|p2a: Kyogre|65\/100|[from] item: Black Sludge\n|upkeep\n|turn|4\n|\n|t:|1699152465\n|move|p1a: Froslass|Destiny Bond|p1a: Froslass\n|-singlemove|p1a: Froslass|Destiny Bond\n|move|p2a: Kyogre|Hydro Pump|p1a: Froslass|[miss]\n|-miss|p2a: Kyogre|p1a: Froslass\n|\n|-weather|Snow|[upkeep]\n|-damage|p2a: Kyogre|52\/100|[from] item: Black Sludge\n|upkeep\n|turn|5\n|\n|t:|1699152474\n|move|p2a: Kyogre|Protect|p2a: Kyogre\n|-singleturn|p2a: Kyogre|Protect\n|move|p1a: Froslass|Draining Kiss|p2a: Kyogre\n|-activate|p2a: Kyogre|move: Protect\n|\n|-weather|none\n|-damage|p2a: Kyogre|40\/100|[from] item: Black Sludge\n|upkeep\n|turn|6\n|\n|t:|1699152483\n|move|p1a: Froslass|Snowscape|p1a: Froslass\n|-weather|Snow\n|move|p2a: Kyogre|Hydro Pump|p1a: Froslass\n|-damage|p1a: Froslass|0 fnt\n|faint|p1a: Froslass\n|\n|-weather|Snow|[upkeep]\n|-damage|p2a: Kyogre|27\/100|[from] item: Black Sludge\n|upkeep\n|\n|t:|1699152494\n|switch|p1a: Palkia|Palkia-Origin|100\/100\n|-ability|p1a: Palkia|Pressure\n|turn|7\n|\n|t:|1699152500\n|move|p1a: Palkia|Draco Meteor|p2a: Kyogre\n|-damage|p2a: Kyogre|0 fnt\n|-unboost|p1a: Palkia|spa|2\n|faint|p2a: Kyogre\n|\n|-weather|Snow|[upkeep]\n|upkeep\n|\n|t:|1699152509\n|switch|p2a: Dialga|Dialga-Origin|100\/100\n|-ability|p2a: Dialga|Pressure\n|turn|8\n|\n|t:|1699152520\n|-terastallize|p2a: Dialga|Steel\n|move|p1a: Palkia|Spacial Rend|p2a: Dialga|[miss]\n|-miss|p1a: Palkia|p2a: Dialga\n|move|p2a: Dialga|Draco Meteor|p1a: Palkia\n|-supereffective|p1a: Palkia\n|-damage|p1a: Palkia|0 fnt\n|-unboost|p2a: Dialga|spa|2\n|faint|p1a: Palkia\n|\n|-weather|Snow|[upkeep]\n|upkeep\n|\n|t:|1699152533\n|switch|p1a: Leafeon|Leafeon, M, shiny|100\/100\n|turn|9\n|\n|t:|1699152539\n|move|p1a: Leafeon|Sunny Day|p1a: Leafeon\n|-weather|SunnyDay\n|move|p2a: Dialga|Bulk Up|p2a: Dialga\n|-boost|p2a: Dialga|atk|1\n|-boost|p2a: Dialga|def|1\n|\n|-weather|SunnyDay|[upkeep]\n|upkeep\n|turn|10\n|\n|t:|1699152547\n|move|p1a: Leafeon|Trailblaze|p2a: Dialga\n|-resisted|p2a: Dialga\n|-damage|p2a: Dialga|96\/100\n|-boost|p1a: Leafeon|spe|1\n|move|p2a: Dialga|Draco Meteor|p1a: Leafeon\n|-damage|p1a: Leafeon|51\/100\n|-unboost|p2a: Dialga|spa|2\n|\n|-weather|SunnyDay|[upkeep]\n|-heal|p1a: Leafeon|57\/100|[from] item: Leftovers\n|upkeep\n|turn|11\n|\n|t:|1699152561\n|switch|p1a: Hawlucha|Hawlucha, F|100\/100\n|-ability|p1a: Hawlucha|Mold Breaker\n|move|p2a: Dialga|Dragon Tail|p1a: Hawlucha|[miss]\n|-miss|p2a: Dialga|p1a: Hawlucha\n|\n|-weather|SunnyDay|[upkeep]\n|upkeep\n|turn|12\n|\n|t:|1699152572\n|move|p1a: Hawlucha|Fire Punch|p2a: Dialga\n|-supereffective|p2a: Dialga\n|-damage|p2a: Dialga|74\/100\n|move|p2a: Dialga|Dragon Claw|p1a: Hawlucha\n|-damage|p1a: Hawlucha|19\/100\n|\n|-weather|SunnyDay|[upkeep]\n|-heal|p1a: Hawlucha|25\/100|[from] item: Leftovers\n|upkeep\n|turn|13\n|\n|t:|1699152583\n|move|p1a: Hawlucha|Fire Punch|p2a: Dialga\n|-supereffective|p2a: Dialga\n|-damage|p2a: Dialga|51\/100\n|move|p2a: Dialga|Bulk Up|p2a: Dialga\n|-boost|p2a: Dialga|atk|1\n|-boost|p2a: Dialga|def|1\n|\n|-weather|none\n|-heal|p1a: Hawlucha|31\/100|[from] item: Leftovers\n|upkeep\n|turn|14\n|\n|t:|1699152594\n|move|p1a: Hawlucha|Fire Punch|p2a: Dialga\n|-supereffective|p2a: Dialga\n|-damage|p2a: Dialga|39\/100\n|move|p2a: Dialga|Dragon Claw|p1a: Hawlucha\n|-damage|p1a: Hawlucha|0 fnt\n|faint|p1a: Hawlucha\n|\n|upkeep\n|\n|t:|1699152604\n|switch|p1a: Jirachi|Jirachi|100\/100\n|turn|15\n|\n|t:|1699152609\n|move|p1a: Jirachi|Dazzling Gleam|p2a: Dialga\n|-resisted|p2a: Dialga\n|-damage|p2a: Dialga|32\/100\n|move|p2a: Dialga|Dragon Claw|p1a: Jirachi\n|-resisted|p1a: Jirachi\n|-damage|p1a: Jirachi|63\/100\n|\n|-heal|p1a: Jirachi|69\/100|[from] item: Leftovers\n|upkeep\n|turn|16\n|\n|t:|1699152620\n|move|p1a: Jirachi|Aura Sphere|p2a: Dialga\n|-supereffective|p2a: Dialga\n|-damage|p2a: Dialga|1\/100\n|move|p2a: Dialga|Draco Meteor|p1a: Jirachi\n|-resisted|p1a: Jirachi\n|-crit|p1a: Jirachi\n|-damage|p1a: Jirachi|19\/100\n|-unboost|p2a: Dialga|spa|2\n|\n|-heal|p1a: Jirachi|25\/100|[from] item: Leftovers\n|upkeep\n|turn|17\n|\n|t:|1699152637\n|move|p1a: Jirachi|Drain Punch|p2a: Dialga\n|-supereffective|p2a: Dialga\n|-damage|p2a: Dialga|0 fnt\n|-heal|p1a: Jirachi|26\/100|[from] drain|[of] p2a: Dialga\n|faint|p2a: Dialga\n|\n|-heal|p1a: Jirachi|32\/100|[from] item: Leftovers\n|upkeep\n|\n|t:|1699152646\n|switch|p2a: Garganacl|Garganacl, M|100\/100\n|turn|18\n|\n|t:|1699152651\n|move|p1a: Jirachi|Drain Punch|p2a: Garganacl\n|-supereffective|p2a: Garganacl\n|-damage|p2a: Garganacl|77\/100\n|-heal|p1a: Jirachi|45\/100|[from] drain|[of] p2a: Garganacl\n|move|p2a: Garganacl|Smack Down|p1a: Jirachi\n|-resisted|p1a: Jirachi\n|-damage|p1a: Jirachi|31\/100\n|-damage|p2a: Garganacl|67\/100|[from] item: Life Orb\n|\n|-heal|p1a: Jirachi|38\/100|[from] item: Leftovers\n|upkeep\n|turn|19\n|\n|t:|1699152663\n|switch|p1a: Inteleon|Inteleon, M|100\/100\n|move|p2a: Garganacl|Earthquake|p1a: Inteleon\n|-damage|p1a: Inteleon|31\/100\n|-damage|p2a: Garganacl|57\/100|[from] item: Life Orb\n|\n|upkeep\n|turn|20\n|\n|t:|1699152672\n|move|p1a: Inteleon|Snipe Shot|p2a: Garganacl\n|-supereffective|p2a: Garganacl\n|-damage|p2a: Garganacl|0 fnt\n|faint|p2a: Garganacl\n|\n|upkeep\n|\n|t:|1699152679\n|switch|p2a: Drednaw|Drednaw, M|100\/100\n|turn|21\n|\n|t:|1699152684\n|move|p1a: Inteleon|Ice Beam|p2a: Drednaw\n|-resisted|p2a: Drednaw\n|-damage|p2a: Drednaw|83\/100\n|-status|p2a: Drednaw|frz\n|cant|p2a: Drednaw|frz\n|\n|upkeep\n|turn|22\n|\n|t:|1699152694\n|move|p1a: Inteleon|Dark Pulse|p2a: Drednaw\n|-damage|p2a: Drednaw|48\/100 frz\n|cant|p2a: Drednaw|frz\n|\n|upkeep\n|turn|23\n|\n|t:|1699152703\n|switch|p2a: Eternatus|Eternatus|100\/100\n|-ability|p2a: Eternatus|Pressure\n|move|p1a: Inteleon|Dark Pulse|p2a: Eternatus\n|-damage|p2a: Eternatus|79\/100\n|\n|upkeep\n|turn|24\n|\n|t:|1699152720\n|move|p1a: Inteleon|Ice Beam|p2a: Eternatus\n|-supereffective|p2a: Eternatus\n|-damage|p2a: Eternatus|32\/100\n|move|p2a: Eternatus|Dynamax Cannon|p1a: Inteleon\n|-damage|p1a: Inteleon|0 fnt\n|faint|p1a: Inteleon\n|\n|upkeep\n|\n|t:|1699152728\n|switch|p1a: Jirachi|Jirachi|38\/100\n|turn|25\n|\n|t:|1699152733\n|move|p1a: Jirachi|Drain Punch|p2a: Eternatus\n|-resisted|p2a: Eternatus\n|-damage|p2a: Eternatus|26\/100\n|-heal|p1a: Jirachi|42\/100|[from] drain|[of] p2a: Eternatus\n|move|p2a: Eternatus|Draco Meteor|p1a: Jirachi\n|-resisted|p1a: Jirachi\n|-crit|p1a: Jirachi\n|-damage|p1a: Jirachi|4\/100\n|-unboost|p2a: Eternatus|spa|2\n|\n|-heal|p1a: Jirachi|11\/100|[from] item: Leftovers\n|upkeep\n|turn|26\n|\n|t:|1699152746\n|move|p1a: Jirachi|Dazzling Gleam|p2a: Eternatus\n|-damage|p2a: Eternatus|10\/100\n|move|p2a: Eternatus|Draco Meteor|p1a: Jirachi\n|-resisted|p1a: Jirachi\n|-damage|p1a: Jirachi|0 fnt\n|-unboost|p2a: Eternatus|spa|2\n|faint|p1a: Jirachi\n|\n|upkeep\n|\n|t:|1699152755\n|switch|p1a: Leafeon|Leafeon, M, shiny|57\/100\n|turn|27\n|\n|t:|1699152760\n|move|p2a: Eternatus|Dynamax Cannon|p1a: Leafeon\n|-damage|p1a: Leafeon|35\/100\n|move|p1a: Leafeon|Trailblaze|p2a: Eternatus\n|-resisted|p2a: Eternatus\n|-crit|p2a: Eternatus\n|-damage|p2a: Eternatus|6\/100\n|-boost|p1a: Leafeon|spe|1\n|\n|-heal|p1a: Leafeon|41\/100|[from] item: Leftovers\n|upkeep\n|turn|28\n|\n|t:|1699152773\n|move|p1a: Leafeon|Knock Off|p2a: Eternatus\n|-damage|p2a: Eternatus|0 fnt\n|-enditem|p2a: Eternatus|Eviolite|[from] move: Knock Off|[of] p1a: Leafeon\n|faint|p2a: Eternatus\n|\n|-heal|p1a: Leafeon|47\/100|[from] item: Leftovers\n|upkeep\n|\n|t:|1699152782\n|switch|p2a: Giratina|Giratina-Origin|100\/100\n|turn|29\n|\n|t:|1699152794\n|move|p1a: Leafeon|Knock Off|p2a: Giratina\n|-supereffective|p2a: Giratina\n|-damage|p2a: Giratina|80\/100\n|move|p2a: Giratina|Draco Meteor|p1a: Leafeon\n|-damage|p1a: Leafeon|0 fnt\n|-unboost|p2a: Giratina|spa|2\n|faint|p1a: Leafeon\n|\n|win|Icondudelol\n|l|\u2606Starz4everr\n","uploadtime":1699152830,"views":5,"p1id":"starz4everr","p2id":"icondudelol","formatid":"gen9anythinggoes","rating":0,"private":0,"password":""}