{"id":"gen9anythinggoes-1985126287","p1":"butts_MCgee7","p2":"Dumbfudge","format":"[Gen 9] Anything Goes","log":"|j|\u2606butts_MCgee7\n|j|\u2606Dumbfudge\n|t:|1699334656\n|gametype|singles\n|player|p1|butts_MCgee7|170|1235\n|player|p2|Dumbfudge|blackbelt-gen4dp|1389\n|teamsize|p1|6\n|teamsize|p2|6\n|gen|9\n|tier|[Gen 9] Anything Goes\n|rated|\n|rule|HP Percentage Mod: HP is shown in percentages\n|rule|Endless Battle Clause: Forcing endless battles is banned\n|clearpoke\n|poke|p1|Magcargo, M|\n|poke|p1|Munkidori, M|\n|poke|p1|Regidrago|\n|poke|p1|Palafin, M|\n|poke|p1|Ambipom, M|\n|poke|p1|Bronzong|\n|poke|p2|Espathra, M|\n|poke|p2|Giratina|\n|poke|p2|Shaymin-Sky|\n|poke|p2|Zacian-*|\n|poke|p2|Ditto|\n|poke|p2|Breloom, M|\n|teampreview\n|\n|t:|1699334664\n|start\n|switch|p1a: Regidrago|Regidrago|100\/100\n|switch|p2a: Cancer|Shaymin-Sky|100\/100\n|turn|1\n|inactive|Battle timer is ON: inactive players will automatically lose when time's up. (requested by Dumbfudge)\n|c|\u2606Dumbfudge|Glhf\n|\n|t:|1699334675\n|move|p2a: Cancer|Air Slash|p1a: Regidrago\n|-damage|p1a: Regidrago|61\/100\n|cant|p1a: Regidrago|flinch\n|\n|upkeep\n|turn|2\n|c|\u2606butts_MCgee7|you too\n|\n|t:|1699334689\n|move|p2a: Cancer|Air Slash|p1a: Regidrago\n|-damage|p1a: Regidrago|19\/100\n|cant|p1a: Regidrago|flinch\n|\n|upkeep\n|turn|3\n|\n|t:|1699334701\n|move|p2a: Cancer|Air Slash|p1a: Regidrago\n|-damage|p1a: Regidrago|0 fnt\n|faint|p1a: Regidrago\n|\n|upkeep\n|\n|t:|1699334706\n|switch|p1a: scummonkey|Ambipom, M|100\/100\n|turn|4\n|\n|t:|1699334710\n|move|p1a: scummonkey|Fake Out|p2a: Cancer\n|-damage|p2a: Cancer|69\/100\n|cant|p2a: Cancer|flinch\n|\n|upkeep\n|turn|5\n|\n|t:|1699334717\n|move|p2a: Cancer|Air Slash|p1a: scummonkey\n|-damage|p1a: scummonkey|40\/100\n|move|p1a: scummonkey|Fury Swipes|p2a: Cancer\n|-damage|p2a: Cancer|52\/100\n|-damage|p2a: Cancer|37\/100\n|-hitcount|p2a: Cancer|2\n|\n|upkeep\n|turn|6\n|\n|t:|1699334725\n|move|p2a: Cancer|Air Slash|p1a: scummonkey\n|-damage|p1a: scummonkey|0 fnt\n|faint|p1a: scummonkey\n|\n|upkeep\n|\n|t:|1699334729\n|switch|p1a: Bronzong|Bronzong|100\/100\n|turn|7\n|\n|t:|1699334732\n|move|p2a: Cancer|Air Slash|p1a: Bronzong\n|-resisted|p1a: Bronzong\n|-damage|p1a: Bronzong|89\/100\n|cant|p1a: Bronzong|flinch\n|\n|-damage|p1a: Bronzong|77\/100|[from] item: Black Sludge\n|upkeep\n|turn|8\n|\n|t:|1699334740\n|move|p2a: Cancer|Air Slash|p1a: Bronzong\n|-resisted|p1a: Bronzong\n|-damage|p1a: Bronzong|64\/100\n|cant|p1a: Bronzong|flinch\n|\n|-damage|p1a: Bronzong|51\/100|[from] item: Black Sludge\n|upkeep\n|turn|9\n|\n|t:|1699334747\n|move|p2a: Cancer|Air Slash|p1a: Bronzong\n|-resisted|p1a: Bronzong\n|-damage|p1a: Bronzong|39\/100\n|move|p1a: Bronzong|Trick|p2a: Cancer\n|-activate|p1a: Bronzong|move: Trick|[of] p2a: Cancer\n|-item|p2a: Cancer|Black Sludge|[from] move: Trick\n|-item|p1a: Bronzong|Choice Scarf|[from] move: Trick\n|\n|-damage|p2a: Cancer|25\/100|[from] item: Black Sludge\n|upkeep\n|turn|10\n|\n|t:|1699334770\n|move|p2a: Cancer|Leech Seed|p1a: Bronzong\n|-start|p1a: Bronzong|move: Leech Seed\n|move|p1a: Bronzong|Psychic|p2a: Cancer\n|-damage|p2a: Cancer|0 fnt\n|faint|p2a: Cancer\n|\n|upkeep\n|\n|t:|1699334777\n|switch|p2a: Whooping cough|Zacian-Crowned|100\/100\n|-ability|p2a: Whooping cough|Intrepid Sword|boost\n|-boost|p2a: Whooping cough|atk|1\n|turn|11\n|\n|t:|1699334782\n|-terastallize|p2a: Whooping cough|Steel\n|move|p2a: Whooping cough|Behemoth Blade|p1a: Bronzong\n|-resisted|p1a: Bronzong\n|-damage|p1a: Bronzong|0 fnt\n|faint|p1a: Bronzong\n|\n|upkeep\n|\n|t:|1699334788\n|switch|p1a: Greninja|Magcargo, M, shiny|100\/100\n|turn|12\n|\n|t:|1699334794\n|-terastallize|p1a: Greninja|Steel\n|move|p2a: Whooping cough|Behemoth Blade|p1a: Greninja\n|-resisted|p1a: Greninja\n|-damage|p1a: Greninja|48\/100\n|move|p1a: Greninja|Flare Blitz|p2a: Whooping cough\n|-supereffective|p2a: Whooping cough\n|-damage|p2a: Whooping cough|25\/100\n|-damage|p1a: Greninja|23\/100|[from] Recoil\n|\n|upkeep\n|turn|13\n|\n|t:|1699334804\n|move|p2a: Whooping cough|Behemoth Blade|p1a: Greninja\n|-resisted|p1a: Greninja\n|-damage|p1a: Greninja|0 fnt\n|-status|p2a: Whooping cough|brn|[from] ability: Flame Body|[of] p1a: Greninja\n|faint|p1a: Greninja\n|\n|-damage|p2a: Whooping cough|19\/100 brn|[from] brn\n|upkeep\n|\n|t:|1699334814\n|switch|p1a: Palafin|Palafin, M|100\/100\n|turn|14\n|\n|t:|1699334822\n|move|p2a: Whooping cough|Behemoth Blade|p1a: Palafin\n|-resisted|p1a: Palafin\n|-damage|p1a: Palafin|65\/100\n|move|p1a: Palafin|Flip Turn|p2a: Whooping cough\n|-damage|p2a: Whooping cough|2\/100 brn\n|\n|t:|1699334828\n|detailschange|p1a: Palafin|Palafin-Hero, M\n|switch|p1a: Munkidori|Munkidori, M|100\/100|[from] Flip Turn\n|\n|-damage|p2a: Whooping cough|0 fnt|[from] brn\n|faint|p2a: Whooping cough\n|upkeep\n|\n|t:|1699334836\n|switch|p2a: Chickenpox|Espathra, M|100\/100\n|turn|15\n|\n|t:|1699334844\n|move|p2a: Chickenpox|Protect|p2a: Chickenpox\n|-singleturn|p2a: Chickenpox|Protect\n|move|p1a: Munkidori|Future Sight|p2a: Chickenpox\n|-start|p1a: Munkidori|move: Future Sight\n|\n|-ability|p2a: Chickenpox|Speed Boost|boost\n|-boost|p2a: Chickenpox|spe|1\n|upkeep\n|turn|16\n|\n|t:|1699334851\n|move|p2a: Chickenpox|Substitute|p2a: Chickenpox\n|-start|p2a: Chickenpox|Substitute\n|-damage|p2a: Chickenpox|76\/100\n|move|p1a: Munkidori|Calm Mind|p1a: Munkidori\n|-boost|p1a: Munkidori|spa|1\n|-boost|p1a: Munkidori|spd|1\n|\n|-ability|p2a: Chickenpox|Speed Boost|boost\n|-boost|p2a: Chickenpox|spe|1\n|upkeep\n|turn|17\n|\n|t:|1699334860\n|move|p2a: Chickenpox|Hypnosis|p1a: Munkidori\n|-status|p1a: Munkidori|slp|[from] move: Hypnosis\n|cant|p1a: Munkidori|slp\n|\n|-end|p2a: Chickenpox|move: Future Sight\n|-resisted|p2a: Chickenpox\n|-end|p2a: Chickenpox|Substitute\n|-ability|p2a: Chickenpox|Speed Boost|boost\n|-boost|p2a: Chickenpox|spe|1\n|upkeep\n|turn|18\n|\n|t:|1699334871\n|move|p2a: Chickenpox|Baton Pass|p2a: Chickenpox\n|\n|t:|1699334874\n|switch|p2a: Flat out AIDS|Breloom, M|100\/100|[from] Baton Pass\n|-curestatus|p1a: Munkidori|slp|[msg]\n|move|p1a: Munkidori|Sludge Wave|p2a: Flat out AIDS\n|-supereffective|p2a: Flat out AIDS\n|-damage|p2a: Flat out AIDS|0 fnt\n|faint|p2a: Flat out AIDS\n|\n|upkeep\n|\n|t:|1699334889\n|switch|p2a: Schizoid|Ditto|100\/100\n|-transform|p2a: Schizoid|p1a: Munkidori|[from] ability: Imposter\n|turn|19\n|\n|t:|1699334897\n|move|p2a: Schizoid|Sludge Wave|p1a: Munkidori\n|-resisted|p1a: Munkidori\n|-damage|p1a: Munkidori|74\/100\n|move|p1a: Munkidori|Future Sight|p2a: Schizoid\n|-start|p1a: Munkidori|move: Future Sight\n|\n|upkeep\n|turn|20\n|\n|t:|1699334902\n|move|p2a: Schizoid|Sludge Wave|p1a: Munkidori\n|-resisted|p1a: Munkidori\n|-damage|p1a: Munkidori|42\/100\n|move|p1a: Munkidori|Night Shade|p2a: Schizoid\n|-damage|p2a: Schizoid|67\/100\n|\n|upkeep\n|turn|21\n|c|\u2606butts_MCgee7|having fun? lol\n|\n|t:|1699334915\n|move|p2a: Schizoid|Sludge Wave|p1a: Munkidori\n|-resisted|p1a: Munkidori\n|-damage|p1a: Munkidori|14\/100\n|-enditem|p1a: Munkidori|Salac Berry|[eat]\n|-boost|p1a: Munkidori|spe|1|[from] item: Salac Berry\n|move|p1a: Munkidori|Night Shade|p2a: Schizoid\n|-damage|p2a: Schizoid|34\/100\n|\n|-end|p2a: Schizoid|move: Future Sight\n|-damage|p2a: Schizoid|0 fnt\n|faint|p2a: Schizoid\n|upkeep\n|\n|t:|1699334926\n|switch|p2a: Chickenpox|Espathra, M|76\/100\n|turn|22\n|\n|t:|1699334934\n|move|p1a: Munkidori|Future Sight|p2a: Chickenpox\n|-start|p1a: Munkidori|move: Future Sight\n|move|p2a: Chickenpox|Hypnosis|p1a: Munkidori\n|-status|p1a: Munkidori|slp|[from] move: Hypnosis\n|\n|-ability|p2a: Chickenpox|Speed Boost|boost\n|-boost|p2a: Chickenpox|spe|1\n|upkeep\n|turn|23\n|\n|t:|1699334942\n|cant|p1a: Munkidori|slp\n|move|p2a: Chickenpox|Substitute|p2a: Chickenpox\n|-start|p2a: Chickenpox|Substitute\n|-damage|p2a: Chickenpox|51\/100\n|\n|-ability|p2a: Chickenpox|Speed Boost|boost\n|-boost|p2a: Chickenpox|spe|1\n|upkeep\n|turn|24\n|\n|t:|1699334949\n|move|p2a: Chickenpox|Baton Pass|p2a: Chickenpox\n|\n|t:|1699334952\n|switch|p2a: Lice|Giratina|100\/100|[from] Baton Pass\n|-ability|p2a: Lice|Pressure\n|-curestatus|p1a: Munkidori|slp|[msg]\n|move|p1a: Munkidori|Sludge Wave|p2a: Lice\n|-resisted|p2a: Lice\n|-activate|p2a: Lice|move: Substitute|[damage]\n|\n|-end|p2a: Lice|move: Future Sight\n|-end|p2a: Lice|Substitute\n|upkeep\n|turn|25\n|\n|t:|1699334968\n|move|p2a: Lice|Shadow Sneak|p1a: Munkidori\n|-supereffective|p1a: Munkidori\n|-damage|p1a: Munkidori|0 fnt\n|faint|p1a: Munkidori\n|\n|upkeep\n|\n|t:|1699334972\n|switch|p1a: Palafin|Palafin-Hero, M|65\/100\n|-activate|p1a: Palafin|ability: Zero to Hero\n|turn|26\n|\n|t:|1699334977\n|move|p2a: Lice|Outrage|p1a: Palafin\n|-damage|p1a: Palafin|9\/100\n|move|p1a: Palafin|Ice Punch|p2a: Lice\n|-supereffective|p2a: Lice\n|-damage|p2a: Lice|56\/100\n|\n|upkeep\n|turn|27\n|\n|t:|1699334985\n|move|p2a: Lice|Outrage|p1a: Palafin|[from]lockedmove\n|-damage|p1a: Palafin|0 fnt\n|faint|p1a: Palafin\n|\n|win|Dumbfudge\n|raw|butts_MCgee7's rating: 1235 &rarr; <strong>1220<\/strong><br \/>(-15 for losing)\n|raw|Dumbfudge's rating: 1389 &rarr; <strong>1401<\/strong><br \/>(+12 for winning)\n|c|\u2606butts_MCgee7|gg\n|c|\u2606Dumbfudge|Gg\n|l|\u2606butts_MCgee7\n","uploadtime":1699335001,"views":7,"p1id":"buttsmcgee7","p2id":"dumbfudge","formatid":"gen9anythinggoes","rating":1220,"private":0,"password":""}