{"id":"gen9anythinggoes-1984959421","p1":"Exploke","p2":"BemusedOstrich","format":"[Gen 9] Anything Goes","log":"|j|\u2606Exploke\n|j|\u2606BemusedOstrich\n|t:|1699314937\n|gametype|singles\n|player|p1|Exploke|rocketgrunt|\n|player|p2|BemusedOstrich|pokemonbreederf-gen4|\n|teamsize|p1|6\n|teamsize|p2|6\n|gen|9\n|tier|[Gen 9] Anything Goes\n|rule|HP Percentage Mod: HP is shown in percentages\n|rule|Endless Battle Clause: Forcing endless battles is banned\n|clearpoke\n|poke|p1|Baxcalibur, F|\n|poke|p1|Gengar, M|\n|poke|p1|Slowking, F|\n|poke|p1|Gliscor, M|\n|poke|p1|Clefable, M|\n|poke|p1|Rotom-Fan|\n|poke|p2|Kingambit, F|\n|poke|p2|Tinkaton, F|\n|poke|p2|Glimmora, F|\n|poke|p2|Salamence, M|\n|poke|p2|Landorus-Therian, M|\n|poke|p2|Espathra, M|\n|teampreview\n|\n|t:|1699314952\n|start\n|switch|p1a: Gengar|Gengar, M, shiny|100\/100\n|switch|p2a: Salamence|Salamence, M|100\/100\n|turn|1\n|\n|t:|1699314988\n|switch|p1a: Clefable|Clefable, M, shiny|100\/100\n|move|p2a: Salamence|Dragon Dance|p2a: Salamence\n|-boost|p2a: Salamence|atk|1\n|-boost|p2a: Salamence|spe|1\n|\n|upkeep\n|turn|2\n|\n|t:|1699314997\n|move|p2a: Salamence|Iron Head|p1a: Clefable\n|-supereffective|p1a: Clefable\n|-damage|p1a: Clefable|0 fnt\n|faint|p1a: Clefable\n|-ability|p2a: Salamence|Moxie|boost\n|-boost|p2a: Salamence|atk|1\n|-damage|p2a: Salamence|91\/100|[from] item: Life Orb\n|\n|upkeep\n|\n|t:|1699315012\n|switch|p1a: Baxcalibur|Baxcalibur, F, shiny|100\/100\n|turn|3\n|\n|t:|1699315025\n|move|p2a: Salamence|Dragon Claw|p1a: Baxcalibur\n|-supereffective|p1a: Baxcalibur\n|-damage|p1a: Baxcalibur|0 fnt\n|faint|p1a: Baxcalibur\n|-ability|p2a: Salamence|Moxie|boost\n|-boost|p2a: Salamence|atk|1\n|-damage|p2a: Salamence|81\/100|[from] item: Life Orb\n|\n|upkeep\n|\n|t:|1699315082\n|switch|p1a: Gliscor|Gliscor, M, shiny|100\/100\n|turn|4\n|\n|t:|1699315091\n|move|p2a: Salamence|Dragon Claw|p1a: Gliscor\n|-damage|p1a: Gliscor|6\/100\n|-damage|p2a: Salamence|71\/100|[from] item: Life Orb\n|move|p1a: Gliscor|Toxic|p2a: Salamence\n|-status|p2a: Salamence|tox\n|\n|-damage|p2a: Salamence|65\/100 tox|[from] psn\n|-status|p1a: Gliscor|tox|[from] item: Toxic Orb\n|upkeep\n|turn|5\n|\n|t:|1699315106\n|move|p1a: Gliscor|Protect|p1a: Gliscor\n|-singleturn|p1a: Gliscor|Protect\n|move|p2a: Salamence|Dragon Claw|p1a: Gliscor\n|-activate|p1a: Gliscor|move: Protect\n|\n|-damage|p2a: Salamence|53\/100 tox|[from] psn\n|-heal|p1a: Gliscor|19\/100 tox|[from] ability: Poison Heal\n|upkeep\n|turn|6\n|\n|t:|1699315118\n|move|p1a: Gliscor|Protect||[still]\n|-fail|p1a: Gliscor\n|move|p2a: Salamence|Dragon Claw|p1a: Gliscor\n|-damage|p1a: Gliscor|0 fnt\n|faint|p1a: Gliscor\n|-ability|p2a: Salamence|Moxie|boost\n|-boost|p2a: Salamence|atk|1\n|-damage|p2a: Salamence|43\/100 tox|[from] item: Life Orb\n|\n|-damage|p2a: Salamence|25\/100 tox|[from] psn\n|upkeep\n|\n|t:|1699315156\n|switch|p1a: Slowking|Slowking, F, shiny|100\/100\n|turn|7\n|\n|t:|1699315164\n|move|p2a: Salamence|Dragon Claw|p1a: Slowking\n|-damage|p1a: Slowking|0 fnt\n|faint|p1a: Slowking\n|-ability|p2a: Salamence|Moxie|boost\n|-boost|p2a: Salamence|atk|1\n|-damage|p2a: Salamence|15\/100 tox|[from] item: Life Orb\n|\n|-damage|p2a: Salamence|0 fnt|[from] psn\n|faint|p2a: Salamence\n|upkeep\n|\n|t:|1699315189\n|switch|p2a: Landorus|Landorus-Therian, M|100\/100\n|switch|p1a: Gengar|Gengar, M, shiny|100\/100\n|-ability|p2a: Landorus|Intimidate|boost\n|-unboost|p1a: Gengar|atk|1\n|turn|8\n|\n|t:|1699315207\n|move|p1a: Gengar|Sludge Bomb|p2a: Landorus\n|-resisted|p2a: Landorus\n|-damage|p2a: Landorus|71\/100\n|move|p2a: Landorus|Earthquake|p1a: Gengar\n|-supereffective|p1a: Gengar\n|-damage|p1a: Gengar|0 fnt\n|faint|p1a: Gengar\n|\n|-heal|p2a: Landorus|77\/100|[from] item: Leftovers\n|upkeep\n|\n|t:|1699315219\n|switch|p1a: Rotom|Rotom-Fan, shiny|100\/100\n|turn|9\n|\n|t:|1699315226\n|-terastallize|p1a: Rotom|Electric\n|move|p1a: Rotom|Thunderbolt|p2a: Landorus\n|-immune|p2a: Landorus\n|move|p2a: Landorus|Stone Edge|p1a: Rotom\n|-damage|p1a: Rotom|46\/100\n|\n|-heal|p1a: Rotom|52\/100|[from] item: Leftovers\n|-heal|p2a: Landorus|83\/100|[from] item: Leftovers\n|upkeep\n|turn|10\n|\n|t:|1699315238\n|move|p1a: Rotom|Shadow Ball|p2a: Landorus\n|-damage|p2a: Landorus|50\/100\n|-unboost|p2a: Landorus|spd|1\n|move|p2a: Landorus|Stone Edge|p1a: Rotom\n|-damage|p1a: Rotom|0 fnt\n|faint|p1a: Rotom\n|\n|win|BemusedOstrich\n|c|\u2606BemusedOstrich|gg!\n|c|\u2606Exploke|GG\n","uploadtime":1699315302,"views":19,"p1id":"exploke","p2id":"bemusedostrich","formatid":"gen9anythinggoes","rating":0,"private":0,"password":""}