{"id":"gen9anythinggoes-1976213229","p1":"zjjzjddndnd","p2":"YoungsterJoey_LOL","format":"[Gen 9] Anything Goes","log":"|j|\u2606zjjzjddndnd\n|j|\u2606YoungsterJoey_LOL\n|t:|1698274424\n|gametype|singles\n|player|p1|zjjzjddndnd|red|1000\n|player|p2|YoungsterJoey_LOL|blue|1088\n|teamsize|p1|6\n|teamsize|p2|6\n|gen|9\n|tier|[Gen 9] Anything Goes\n|rated|\n|rule|HP Percentage Mod: HP is shown in percentages\n|rule|Endless Battle Clause: Forcing endless battles is banned\n|clearpoke\n|poke|p1|Gyarados, F|\n|poke|p1|Cloyster, M|\n|poke|p1|Toxapex, M|\n|poke|p1|Samurott-Hisui, F|\n|poke|p1|Urshifu-*, M|\n|poke|p1|Gastrodon, M|\n|poke|p2|Espathra, M|\n|poke|p2|Scream Tail|\n|poke|p2|Maushold-Four|\n|poke|p2|Kingambit, M|\n|poke|p2|Urshifu-*, M|\n|poke|p2|Dudunsparce-*, M|\n|teampreview\n|inactive|Battle timer is ON: inactive players will automatically lose when time's up. (requested by YoungsterJoey_LOL)\n|c|\u2606YoungsterJoey_LOL|Ello\n|\n|t:|1698274439\n|start\n|switch|p1a: Urshifu|Urshifu-Rapid-Strike, M|100\/100\n|switch|p2a: I Am Speed|Espathra, M, shiny|100\/100\n|turn|1\n|c|\u2606YoungsterJoey_LOL|Water mono?\n|\n|t:|1698274446\n|move|p2a: I Am Speed|Substitute|p2a: I Am Speed\n|-start|p2a: I Am Speed|Substitute\n|-damage|p2a: I Am Speed|76\/100\n|move|p1a: Urshifu|Thunder Punch|p2a: I Am Speed\n|-end|p2a: I Am Speed|Substitute\n|\n|-ability|p2a: I Am Speed|Speed Boost|boost\n|-boost|p2a: I Am Speed|spe|1\n|upkeep\n|turn|2\n|\n|t:|1698274454\n|move|p2a: I Am Speed|Calm Mind|p2a: I Am Speed\n|-boost|p2a: I Am Speed|spa|1\n|-boost|p2a: I Am Speed|spd|1\n|move|p1a: Urshifu|Thunder Punch|p2a: I Am Speed\n|-damage|p2a: I Am Speed|37\/100\n|\n|-ability|p2a: I Am Speed|Speed Boost|boost\n|-boost|p2a: I Am Speed|spe|1\n|upkeep\n|turn|3\n|\n|t:|1698274462\n|move|p2a: I Am Speed|Substitute|p2a: I Am Speed\n|-start|p2a: I Am Speed|Substitute\n|-damage|p2a: I Am Speed|12\/100\n|move|p1a: Urshifu|Thunder Punch|p2a: I Am Speed\n|-end|p2a: I Am Speed|Substitute\n|\n|-ability|p2a: I Am Speed|Speed Boost|boost\n|-boost|p2a: I Am Speed|spe|1\n|upkeep\n|turn|4\n|\n|t:|1698274470\n|move|p2a: I Am Speed|Baton Pass|p2a: I Am Speed\n|\n|t:|1698274472\n|switch|p2a: Fat Drill|Dudunsparce-Three-Segment, M, shiny|100\/100|[from] Baton Pass\n|move|p1a: Urshifu|Thunder Punch|p2a: Fat Drill\n|-damage|p2a: Fat Drill|70\/100\n|\n|upkeep\n|turn|5\n|\n|t:|1698274480\n|move|p2a: Fat Drill|Baton Pass|p2a: Fat Drill\n|\n|t:|1698274482\n|switch|p2a: REEEEEEEEEEEEE|Scream Tail, shiny|100\/100|[from] Baton Pass\n|-enditem|p2a: REEEEEEEEEEEEE|Booster Energy\n|-activate|p2a: REEEEEEEEEEEEE|ability: Protosynthesis|[fromitem]\n|-start|p2a: REEEEEEEEEEEEE|protosynthesisspe\n|move|p1a: Urshifu|Drain Punch|p2a: REEEEEEEEEEEEE\n|-resisted|p2a: REEEEEEEEEEEEE\n|-damage|p2a: REEEEEEEEEEEEE|91\/100\n|\n|upkeep\n|turn|6\n|\n|t:|1698274492\n|move|p2a: REEEEEEEEEEEEE|Bulk Up|p2a: REEEEEEEEEEEEE\n|-boost|p2a: REEEEEEEEEEEEE|atk|1\n|-boost|p2a: REEEEEEEEEEEEE|def|1\n|move|p1a: Urshifu|Thunder Punch|p2a: REEEEEEEEEEEEE\n|-damage|p2a: REEEEEEEEEEEEE|74\/100\n|\n|upkeep\n|turn|7\n|\n|t:|1698274505\n|move|p2a: REEEEEEEEEEEEE|Bulk Up|p2a: REEEEEEEEEEEEE\n|-boost|p2a: REEEEEEEEEEEEE|atk|1\n|-boost|p2a: REEEEEEEEEEEEE|def|1\n|move|p1a: Urshifu|Thunder Punch|p2a: REEEEEEEEEEEEE\n|-damage|p2a: REEEEEEEEEEEEE|61\/100\n|\n|upkeep\n|turn|8\n|\n|t:|1698274511\n|switch|p1a: Toxapex|Toxapex, M|100\/100\n|move|p2a: REEEEEEEEEEEEE|Bulk Up|p2a: REEEEEEEEEEEEE\n|-boost|p2a: REEEEEEEEEEEEE|atk|1\n|-boost|p2a: REEEEEEEEEEEEE|def|1\n|\n|upkeep\n|turn|9\n|\n|t:|1698274517\n|move|p2a: REEEEEEEEEEEEE|Baton Pass|p2a: REEEEEEEEEEEEE\n|\n|t:|1698274519\n|-end|p2a: REEEEEEEEEEEEE|Protosynthesis|[silent]\n|switch|p2a: Fat Drill|Dudunsparce-Three-Segment, M, shiny|70\/100|[from] Baton Pass\n|move|p1a: Toxapex|Toxic|p2a: Fat Drill\n|-status|p2a: Fat Drill|tox\n|\n|-damage|p2a: Fat Drill|63\/100 tox|[from] psn\n|upkeep\n|turn|10\n|\n|t:|1698274527\n|move|p2a: Fat Drill|Coil|p2a: Fat Drill\n|-boost|p2a: Fat Drill|atk|1\n|-boost|p2a: Fat Drill|def|1\n|-boost|p2a: Fat Drill|accuracy|1\n|move|p1a: Toxapex|Infestation|p2a: Fat Drill\n|-damage|p2a: Fat Drill|62\/100 tox\n|-activate|p2a: Fat Drill|move: Infestation|[of] p1a: Toxapex\n|-ability|p2a: Fat Drill|Rattled|boost\n|-boost|p2a: Fat Drill|spe|1\n|\n|-damage|p2a: Fat Drill|50\/100 tox|[from] psn\n|-damage|p2a: Fat Drill|38\/100 tox|[from] move: Infestation|[partiallytrapped]\n|upkeep\n|turn|11\n|c|\u2606YoungsterJoey_LOL|Hee hee\n|\n|t:|1698274537\n|move|p2a: Fat Drill|Coil|p2a: Fat Drill\n|-boost|p2a: Fat Drill|atk|1\n|-boost|p2a: Fat Drill|def|1\n|-boost|p2a: Fat Drill|accuracy|1\n|move|p1a: Toxapex|Toxic Spikes|p2a: Fat Drill\n|-sidestart|p2: YoungsterJoey_LOL|move: Toxic Spikes\n|\n|-damage|p2a: Fat Drill|19\/100 tox|[from] psn\n|-damage|p2a: Fat Drill|7\/100 tox|[from] move: Infestation|[partiallytrapped]\n|upkeep\n|-enditem|p2a: Fat Drill|Aguav Berry|[eat]\n|-heal|p2a: Fat Drill|40\/100 tox|[from] item: Aguav Berry\n|turn|12\n|\n|t:|1698274548\n|move|p2a: Fat Drill|Baton Pass|p2a: Fat Drill\n|\n|t:|1698274555\n|switch|p2a: Happy Family|Maushold-Four, shiny|100\/100|[from] Baton Pass\n|-status|p2a: Happy Family|psn\n|move|p1a: Toxapex|Toxic Spikes|p2a: Happy Family\n|-sidestart|p2: YoungsterJoey_LOL|move: Toxic Spikes\n|\n|-damage|p2a: Happy Family|88\/100 psn|[from] psn\n|-damage|p2a: Happy Family|76\/100 psn|[from] move: Infestation|[partiallytrapped]\n|upkeep\n|turn|13\n|\n|t:|1698274569\n|move|p1a: Toxapex|Baneful Bunker|p1a: Toxapex\n|-singleturn|p1a: Toxapex|move: Protect\n|move|p2a: Happy Family|Agility|p2a: Happy Family\n|-boost|p2a: Happy Family|spe|2\n|\n|-damage|p2a: Happy Family|63\/100 psn|[from] psn\n|-damage|p2a: Happy Family|51\/100 psn|[from] move: Infestation|[partiallytrapped]\n|upkeep\n|turn|14\n|\n|t:|1698274580\n|move|p1a: Toxapex|Baneful Bunker||[still]\n|-fail|p1a: Toxapex\n|move|p2a: Happy Family|Population Bomb|p1a: Toxapex\n|-damage|p1a: Toxapex|69\/100\n|-damage|p1a: Toxapex|36\/100\n|-damage|p1a: Toxapex|3\/100\n|-damage|p1a: Toxapex|0 fnt\n|faint|p1a: Toxapex\n|-hitcount|p1: Toxapex|4\n|\n|-damage|p2a: Happy Family|38\/100 psn|[from] psn\n|-end|p2a: Happy Family|Infestation|[partiallytrapped]\n|upkeep\n|c|\u2606YoungsterJoey_LOL|BONK\n|\n|t:|1698274594\n|switch|p1a: Gyarados|Gyarados, F|100\/100\n|turn|15\n|\n|t:|1698274597\n|move|p2a: Happy Family|Population Bomb|p1a: Gyarados\n|-damage|p1a: Gyarados|48\/100\n|-damage|p1a: Gyarados|0 fnt\n|faint|p1a: Gyarados\n|-hitcount|p1: Gyarados|2\n|\n|-damage|p2a: Happy Family|26\/100 psn|[from] psn\n|upkeep\n|\n|t:|1698274601\n|switch|p1a: Gastrodon|Gastrodon, M|100\/100\n|turn|16\n|\n|t:|1698274606\n|move|p1a: Gastrodon|Protect|p1a: Gastrodon\n|-singleturn|p1a: Gastrodon|Protect\n|move|p2a: Happy Family|Baton Pass|p2a: Happy Family\n|\n|t:|1698274610\n|switch|p2a: Kung Fu Panda|Urshifu, M|100\/100|[from] Baton Pass\n|-status|p2a: Kung Fu Panda|tox\n|\n|-damage|p2a: Kung Fu Panda|94\/100 tox|[from] psn\n|upkeep\n|turn|17\n|\n|t:|1698274623\n|move|p2a: Kung Fu Panda|Drain Punch|p1a: Gastrodon\n|-damage|p1a: Gastrodon|0 fnt\n|-heal|p2a: Kung Fu Panda|100\/100 tox|[from] drain|[of] p1a: Gastrodon\n|faint|p1a: Gastrodon\n|\n|-damage|p2a: Kung Fu Panda|88\/100 tox|[from] psn\n|upkeep\n|c|\u2606YoungsterJoey_LOL|BONK\n|\n|t:|1698274628\n|switch|p1a: Urshifu|Urshifu-Rapid-Strike, M|100\/100\n|turn|18\n|\n|t:|1698274633\n|move|p2a: Kung Fu Panda|Drain Punch|p1a: Urshifu\n|-damage|p1a: Urshifu|0 fnt\n|-heal|p2a: Kung Fu Panda|100\/100 tox|[from] drain|[of] p1a: Urshifu\n|faint|p1a: Urshifu\n|\n|-damage|p2a: Kung Fu Panda|82\/100 tox|[from] psn\n|upkeep\n|\n|t:|1698274636\n|switch|p1a: Samurott|Samurott-Hisui, F|100\/100\n|turn|19\n|c|\u2606YoungsterJoey_LOL|BONK\n|\n|t:|1698274643\n|-terastallize|p1a: Samurott|Water\n|move|p2a: Kung Fu Panda|Drain Punch|p1a: Samurott\n|-damage|p1a: Samurott|0 fnt\n|-heal|p2a: Kung Fu Panda|100\/100 tox|[from] drain|[of] p1a: Samurott\n|faint|p1a: Samurott\n|\n|-damage|p2a: Kung Fu Panda|76\/100 tox|[from] psn\n|upkeep\n|\n|t:|1698274645\n|switch|p1a: Cloyster|Cloyster, M|100\/100\n|turn|20\n|c|\u2606YoungsterJoey_LOL|BONK\n|\n|t:|1698274653\n|move|p2a: Kung Fu Panda|Drain Punch|p1a: Cloyster\n|-supereffective|p1a: Cloyster\n|-damage|p1a: Cloyster|0 fnt\n|-heal|p2a: Kung Fu Panda|100\/100 tox|[from] drain|[of] p1a: Cloyster\n|faint|p1a: Cloyster\n|\n|win|YoungsterJoey_LOL\n|raw|zjjzjddndnd's rating: 1000 &rarr; <strong>1000<\/strong><br \/>(+0 for losing)\n|raw|YoungsterJoey_LOL's rating: 1088 &rarr; <strong>1108<\/strong><br \/>(+20 for winning)\n|l|\u2606zjjzjddndnd\n|c|\u2606YoungsterJoey_LOL|BONK\n","uploadtime":1698274661,"views":8,"p1id":"zjjzjddndnd","p2id":"youngsterjoeylol","formatid":"gen9anythinggoes","rating":1000,"private":0,"password":""}