{"id":"gen9anythinggoes-1971624045","p1":"Yurabeach","p2":"FlameDrake345","format":"[Gen 9] Anything Goes","log":"|j|\u2606Yurabeach\n|j|\u2606FlameDrake345\n|t:|1697754505\n|gametype|singles\n|player|p1|Yurabeach|backpacker|1226\n|player|p2|FlameDrake345|maxie-gen6|1121\n|teamsize|p1|6\n|teamsize|p2|6\n|gen|9\n|tier|[Gen 9] Anything Goes\n|rated|\n|rule|HP Percentage Mod: HP is shown in percentages\n|rule|Endless Battle Clause: Forcing endless battles is banned\n|clearpoke\n|poke|p1|Orthworm, F|\n|poke|p1|Clodsire, F|\n|poke|p1|Glimmora, M|\n|poke|p1|Garganacl, M|\n|poke|p1|Kingambit, M|\n|poke|p1|Ceruledge, F|\n|poke|p2|Decidueye, F|\n|poke|p2|Decidueye-Hisui, M|\n|poke|p2|Lilligant, F|\n|poke|p2|Lilligant-Hisui, F|\n|poke|p2|Zoroark, F|\n|poke|p2|Zoroark-Hisui, F|\n|teampreview\n|inactive|Battle timer is ON: inactive players will automatically lose when time's up. (requested by Yurabeach)\n|inactive|FlameDrake345 has 120 seconds left.\n|\n|t:|1697754550\n|start\n|switch|p1a: Ceruledge|Ceruledge, F, shiny|100\/100\n|switch|p2a: Decidueye|Decidueye-Hisui, M|100\/100\n|turn|1\n|\n|t:|1697754557\n|move|p2a: Decidueye|Night Daze|p1a: Ceruledge\n|-supereffective|p1a: Ceruledge\n|-damage|p1a: Ceruledge|13\/100\n|-unboost|p1a: Ceruledge|accuracy|1\n|move|p1a: Ceruledge|Bitter Blade|p2a: Decidueye|[miss]\n|-miss|p1a: Ceruledge|p2a: Decidueye\n|\n|upkeep\n|turn|2\n|\n|t:|1697754565\n|switch|p1a: Garganacl|Garganacl, M, shiny|100\/100\n|move|p2a: Decidueye|Night Daze|p1a: Garganacl\n|-damage|p1a: Garganacl|64\/100\n|\n|upkeep\n|turn|3\n|\n|t:|1697754579\n|-terastallize|p1a: Garganacl|Flying\n|move|p2a: Decidueye|Extrasensory|p1a: Garganacl\n|-damage|p1a: Garganacl|42\/100\n|move|p1a: Garganacl|Iron Defense|p1a: Garganacl\n|-boost|p1a: Garganacl|def|2\n|\n|upkeep\n|turn|4\n|\n|t:|1697754590\n|move|p2a: Decidueye|Night Daze|p1a: Garganacl\n|-damage|p1a: Garganacl|5\/100\n|move|p1a: Garganacl|Recover|p1a: Garganacl\n|-heal|p1a: Garganacl|55\/100\n|\n|upkeep\n|turn|5\n|\n|t:|1697754596\n|move|p2a: Decidueye|Extrasensory|p1a: Garganacl\n|-damage|p1a: Garganacl|31\/100\n|move|p1a: Garganacl|Salt Cure|p2a: Decidueye\n|-damage|p2a: Decidueye|74\/100\n|-start|p2a: Decidueye|Salt Cure\n|replace|p2a: Zoroark|Zoroark, F\n|-end|p2a: Zoroark|Illusion\n|\n|-damage|p2a: Zoroark|61\/100|[from] Salt Cure\n|upkeep\n|turn|6\n|\n|t:|1697754607\n|move|p2a: Zoroark|Night Daze|p1a: Garganacl\n|-damage|p1a: Garganacl|0 fnt\n|faint|p1a: Garganacl\n|\n|-damage|p2a: Zoroark|49\/100|[from] Salt Cure\n|upkeep\n|\n|t:|1697754611\n|switch|p1a: Ceruledge|Ceruledge, F, shiny|13\/100\n|turn|7\n|\n|t:|1697754624\n|switch|p1a: Clodsire|Clodsire, F, shiny|100\/100\n|move|p2a: Zoroark|Night Daze|p1a: Clodsire\n|-damage|p1a: Clodsire|73\/100\n|-unboost|p1a: Clodsire|accuracy|1\n|\n|-damage|p2a: Zoroark|37\/100|[from] Salt Cure\n|upkeep\n|turn|8\n|\n|t:|1697754643\n|move|p2a: Zoroark|Extrasensory|p1a: Clodsire\n|-supereffective|p1a: Clodsire\n|-damage|p1a: Clodsire|37\/100\n|move|p1a: Clodsire|Amnesia|p1a: Clodsire\n|-boost|p1a: Clodsire|spd|2\n|\n|-damage|p2a: Zoroark|25\/100|[from] Salt Cure\n|upkeep\n|turn|9\n|\n|t:|1697754652\n|move|p2a: Zoroark|Extrasensory|p1a: Clodsire\n|-supereffective|p1a: Clodsire\n|-damage|p1a: Clodsire|20\/100\n|move|p1a: Clodsire|Recover|p1a: Clodsire\n|-heal|p1a: Clodsire|70\/100\n|\n|-damage|p2a: Zoroark|12\/100|[from] Salt Cure\n|upkeep\n|turn|10\n|\n|t:|1697754659\n|move|p2a: Zoroark|Extrasensory|p1a: Clodsire\n|-supereffective|p1a: Clodsire\n|-damage|p1a: Clodsire|51\/100\n|move|p1a: Clodsire|Amnesia|p1a: Clodsire\n|-boost|p1a: Clodsire|spd|2\n|\n|-damage|p2a: Zoroark|0 fnt|[from] Salt Cure\n|faint|p2a: Zoroark\n|upkeep\n|\n|t:|1697754675\n|switch|p2a: Decidueye|Decidueye, F|100\/100\n|turn|11\n|\n|t:|1697754682\n|switch|p1a: Orthworm|Orthworm, F, shiny|100\/100\n|move|p2a: Decidueye|Leaf Blade|p1a: Orthworm\n|-resisted|p1a: Orthworm\n|-damage|p1a: Orthworm|86\/100\n|\n|-heal|p1a: Orthworm|92\/100|[from] item: Leftovers\n|upkeep\n|turn|12\n|\n|t:|1697754692\n|move|p2a: Decidueye|Spirit Shackle|p1a: Orthworm\n|-damage|p1a: Orthworm|63\/100\n|-activate|p1a: Orthworm|trapped\n|move|p1a: Orthworm|Coil|p1a: Orthworm\n|-boost|p1a: Orthworm|atk|1\n|-boost|p1a: Orthworm|def|1\n|-boost|p1a: Orthworm|accuracy|1\n|\n|-heal|p1a: Orthworm|69\/100|[from] item: Leftovers\n|upkeep\n|turn|13\n|\n|t:|1697754700\n|move|p2a: Decidueye|Swords Dance|p2a: Decidueye\n|-boost|p2a: Decidueye|atk|2\n|move|p1a: Orthworm|Iron Tail|p2a: Decidueye\n|-damage|p2a: Decidueye|33\/100\n|-unboost|p2a: Decidueye|def|1\n|\n|-heal|p1a: Orthworm|75\/100|[from] item: Leftovers\n|upkeep\n|turn|14\n|\n|t:|1697754709\n|move|p2a: Decidueye|Spirit Shackle|p1a: Orthworm\n|-damage|p1a: Orthworm|32\/100\n|move|p1a: Orthworm|Iron Tail|p2a: Decidueye\n|-damage|p2a: Decidueye|0 fnt\n|faint|p2a: Decidueye\n|\n|-heal|p1a: Orthworm|38\/100|[from] item: Leftovers\n|upkeep\n|\n|t:|1697754719\n|switch|p2a: Decidueye|Decidueye-Hisui, M|100\/100\n|turn|15\n|\n|t:|1697754724\n|move|p1a: Orthworm|Protect|p1a: Orthworm\n|-singleturn|p1a: Orthworm|Protect\n|move|p2a: Decidueye|Swords Dance|p2a: Decidueye\n|-boost|p2a: Decidueye|atk|2\n|\n|-heal|p1a: Orthworm|44\/100|[from] item: Leftovers\n|upkeep\n|turn|16\n|\n|t:|1697754731\n|move|p1a: Orthworm|Wrap|p2a: Decidueye\n|-damage|p2a: Decidueye|94\/100\n|-activate|p2a: Decidueye|move: Wrap|[of] p1a: Orthworm\n|move|p2a: Decidueye|Triple Arrows|p1a: Orthworm\n|-supereffective|p1a: Orthworm\n|-damage|p1a: Orthworm|0 fnt\n|faint|p1a: Orthworm\n|\n|-end|p2a: Decidueye|Wrap|[partiallytrapped]|[silent]\n|upkeep\n|\n|t:|1697754741\n|switch|p1a: Ceruledge|Ceruledge, F, shiny|13\/100\n|turn|17\n|\n|t:|1697754751\n|move|p1a: Ceruledge|Bitter Blade|p2a: Decidueye\n|-supereffective|p2a: Decidueye\n|-damage|p2a: Decidueye|0 fnt\n|-heal|p1a: Ceruledge|74\/100|[from] drain|[of] p2a: Decidueye\n|faint|p2a: Decidueye\n|\n|upkeep\n|\n|t:|1697754757\n|switch|p2a: Lilligant|Lilligant-Hisui, F|100\/100\n|turn|18\n|\n|t:|1697754761\n|move|p2a: Lilligant|Bitter Malice|p1a: Ceruledge\n|-supereffective|p1a: Ceruledge\n|-damage|p1a: Ceruledge|0 fnt\n|faint|p1a: Ceruledge\n|\n|upkeep\n|\n|t:|1697754769\n|switch|p1a: Clodsire|Clodsire, F, shiny|51\/100\n|turn|19\n|\n|t:|1697754775\n|move|p2a: Lilligant|Hyper Voice|p1a: Clodsire\n|-damage|p1a: Clodsire|19\/100\n|move|p1a: Clodsire|Recover|p1a: Clodsire\n|-heal|p1a: Clodsire|69\/100\n|\n|upkeep\n|turn|20\n|\n|t:|1697754781\n|move|p2a: Lilligant|Bitter Malice|p1a: Clodsire\n|-damage|p1a: Clodsire|42\/100\n|-unboost|p1a: Clodsire|atk|1\n|move|p1a: Clodsire|Amnesia|p1a: Clodsire\n|-boost|p1a: Clodsire|spd|2\n|\n|upkeep\n|turn|21\n|\n|t:|1697754799\n|switch|p2a: Lilligant|Lilligant-Hisui, F|100\/100\n|move|p1a: Clodsire|Toxic|p2a: Lilligant\n|-status|p2a: Lilligant|tox\n|\n|-damage|p2a: Lilligant|94\/100 tox|[from] psn\n|upkeep\n|turn|22\n|\n|t:|1697754807\n|move|p2a: Lilligant|Victory Dance|p2a: Lilligant\n|-boost|p2a: Lilligant|atk|1\n|-boost|p2a: Lilligant|def|1\n|-boost|p2a: Lilligant|spe|1\n|move|p1a: Clodsire|Recover|p1a: Clodsire\n|-heal|p1a: Clodsire|92\/100\n|\n|-heal|p2a: Lilligant|100\/100 tox|[from] item: Leftovers\n|-damage|p2a: Lilligant|88\/100 tox|[from] psn\n|upkeep\n|turn|23\n|\n|t:|1697754817\n|move|p2a: Lilligant|Ice Spinner|p1a: Clodsire\n|-supereffective|p1a: Clodsire\n|-damage|p1a: Clodsire|0 fnt\n|-damage|p2a: Lilligant|72\/100 tox|[from] item: Rocky Helmet|[of] p1a: Clodsire\n|faint|p1a: Clodsire\n|\n|-heal|p2a: Lilligant|78\/100 tox|[from] item: Leftovers\n|-damage|p2a: Lilligant|60\/100 tox|[from] psn\n|upkeep\n|\n|t:|1697754820\n|switch|p1a: Glimmora|Glimmora, M, shiny|100\/100\n|turn|24\n|\n|t:|1697754833\n|-terastallize|p2a: Lilligant|Grass\n|move|p1a: Glimmora|Spiky Shield|p1a: Glimmora\n|-singleturn|p1a: Glimmora|move: Protect\n|move|p2a: Lilligant|Seed Bomb|p1a: Glimmora\n|-activate|p1a: Glimmora|move: Protect\n|\n|-heal|p2a: Lilligant|66\/100 tox|[from] item: Leftovers\n|-damage|p2a: Lilligant|42\/100 tox|[from] psn\n|upkeep\n|turn|25\n|\n|t:|1697754847\n|move|p2a: Lilligant|Seed Bomb|p1a: Glimmora\n|-damage|p1a: Glimmora|0 fnt\n|-activate|p1a: Glimmora|ability: Toxic Debris\n|-sidestart|p2: FlameDrake345|move: Toxic Spikes\n|faint|p1a: Glimmora\n|\n|-heal|p2a: Lilligant|48\/100 tox|[from] item: Leftovers\n|-damage|p2a: Lilligant|18\/100 tox|[from] psn\n|upkeep\n|\n|t:|1697754850\n|switch|p1a: Kingambit|Kingambit, M, shiny|100\/100\n|-activate|p1a: Kingambit|ability: Supreme Overlord\n|-start|p1a: Kingambit|fallen5|[silent]\n|turn|26\n|\n|t:|1697754858\n|move|p1a: Kingambit|Sucker Punch|p2a: Lilligant\n|-damage|p2a: Lilligant|0 fnt\n|faint|p2a: Lilligant\n|\n|upkeep\n|\n|t:|1697754869\n|switch|p2a: Lilligant|Lilligant, F|100\/100\n|-status|p2a: Lilligant|psn\n|turn|27\n|\n|t:|1697754875\n|move|p2a: Lilligant|Quiver Dance|p2a: Lilligant\n|-boost|p2a: Lilligant|spa|1\n|-boost|p2a: Lilligant|spd|1\n|-boost|p2a: Lilligant|spe|1\n|move|p1a: Kingambit|Metal Burst||[still]\n|-fail|p1a: Kingambit\n|\n|-damage|p2a: Lilligant|88\/100 psn|[from] psn\n|upkeep\n|turn|28\n|\n|t:|1697754882\n|move|p2a: Lilligant|Quiver Dance|p2a: Lilligant\n|-boost|p2a: Lilligant|spa|1\n|-boost|p2a: Lilligant|spd|1\n|-boost|p2a: Lilligant|spe|1\n|move|p1a: Kingambit|Metal Burst||[still]\n|-fail|p1a: Kingambit\n|\n|-damage|p2a: Lilligant|76\/100 psn|[from] psn\n|upkeep\n|turn|29\n|\n|t:|1697754889\n|move|p2a: Lilligant|Quiver Dance|p2a: Lilligant\n|-boost|p2a: Lilligant|spa|1\n|-boost|p2a: Lilligant|spd|1\n|-boost|p2a: Lilligant|spe|1\n|move|p1a: Kingambit|Kowtow Cleave|p2a: Lilligant\n|-damage|p2a: Lilligant|0 fnt\n|faint|p2a: Lilligant\n|\n|upkeep\n|\n|t:|1697754896\n|switch|p2a: Zoroark|Zoroark-Hisui, F|100\/100\n|-status|p2a: Zoroark|psn\n|turn|30\n|\n|t:|1697754903\n|move|p1a: Kingambit|Sucker Punch|p2a: Zoroark\n|-supereffective|p2a: Zoroark\n|-enditem|p2a: Zoroark|Focus Sash\n|-damage|p2a: Zoroark|1\/100 psn\n|move|p2a: Zoroark|Flamethrower|p1a: Kingambit\n|-supereffective|p1a: Kingambit\n|-damage|p1a: Kingambit|58\/100\n|\n|-damage|p2a: Zoroark|0 fnt|[from] psn\n|faint|p2a: Zoroark\n|\n|win|Yurabeach\n|upkeep\n|raw|Yurabeach's rating: 1226 &rarr; <strong>1244<\/strong><br \/>(+18 for winning)\n|raw|FlameDrake345's rating: 1121 &rarr; <strong>1103<\/strong><br \/>(-18 for losing)\n|l|\u2606FlameDrake345\n","uploadtime":1697754915,"views":6,"p1id":"yurabeach","p2id":"flamedrake345","formatid":"gen9anythinggoes","rating":1103,"private":0,"password":""}