{"id":"gen9anythinggoes-1984023759","p1":"BemusedOstrich","p2":"kaizer1120","format":"[Gen 9] Anything Goes","log":"|j|\u2606BemusedOstrich\n|j|\u2606kaizer1120\n|t:|1699210856\n|gametype|singles\n|player|p1|BemusedOstrich|pokemonbreederf-gen4|\n|player|p2|kaizer1120|169|\n|teamsize|p1|6\n|teamsize|p2|6\n|gen|9\n|tier|[Gen 9] Anything Goes\n|rule|HP Percentage Mod: HP is shown in percentages\n|rule|Endless Battle Clause: Forcing endless battles is banned\n|clearpoke\n|poke|p1|Kingambit, M|\n|poke|p1|Tinkaton, F|\n|poke|p1|Glimmora, F|\n|poke|p1|Salamence, M|\n|poke|p1|Ditto|\n|poke|p1|Landorus-Therian, M|\n|poke|p2|Gholdengo|\n|poke|p2|Garchomp, F|\n|poke|p2|Meowscarada, F|\n|poke|p2|Azumarill, M|\n|poke|p2|Regieleki|\n|poke|p2|Espeon, M|\n|teampreview\n|\n|t:|1699210900\n|start\n|switch|p1a: Landorus|Landorus-Therian, M|100\/100\n|switch|p2a: Garchomp|Garchomp, F|100\/100\n|-ability|p1a: Landorus|Intimidate|boost\n|-unboost|p2a: Garchomp|atk|1\n|turn|1\n|\n|t:|1699210918\n|move|p2a: Garchomp|Surf|p1a: Landorus\n|-supereffective|p1a: Landorus\n|-damage|p1a: Landorus|49\/100\n|move|p1a: Landorus|Taunt|p2a: Garchomp\n|-start|p2a: Garchomp|move: Taunt\n|\n|-heal|p1a: Landorus|55\/100|[from] item: Leftovers\n|upkeep\n|turn|2\n|\n|t:|1699210972\n|switch|p1a: Salamence|Salamence, M|100\/100\n|move|p2a: Garchomp|Surf|p1a: Salamence\n|-resisted|p1a: Salamence\n|-damage|p1a: Salamence|84\/100\n|\n|upkeep\n|turn|3\n|\n|t:|1699211038\n|switch|p2a: Gholdengo|Gholdengo|100\/100\n|move|p1a: Salamence|Outrage|p2a: Gholdengo\n|-resisted|p2a: Gholdengo\n|-damage|p2a: Gholdengo|67\/100\n|\n|-heal|p2a: Gholdengo|73\/100|[from] item: Leftovers\n|upkeep\n|turn|4\n|\n|t:|1699211051\n|move|p1a: Salamence|Outrage|p2a: Gholdengo|[from]lockedmove\n|-resisted|p2a: Gholdengo\n|-damage|p2a: Gholdengo|37\/100\n|-start|p1a: Salamence|confusion|[fatigue]\n|move|p2a: Gholdengo|Nasty Plot|p2a: Gholdengo\n|-boost|p2a: Gholdengo|spa|2\n|\n|-heal|p2a: Gholdengo|43\/100|[from] item: Leftovers\n|upkeep\n|turn|5\n|\n|t:|1699211117\n|switch|p1a: Landorus|Landorus-Therian, M|55\/100\n|-ability|p1a: Landorus|Intimidate|boost\n|-unboost|p2a: Gholdengo|atk|1\n|move|p2a: Gholdengo|Recover|p2a: Gholdengo\n|-heal|p2a: Gholdengo|93\/100\n|\n|-heal|p1a: Landorus|61\/100|[from] item: Leftovers\n|-heal|p2a: Gholdengo|99\/100|[from] item: Leftovers\n|upkeep\n|turn|6\n|\n|t:|1699211161\n|switch|p2a: Meowscarada|Meowscarada, F|100\/100\n|move|p1a: Landorus|Earthquake|p2a: Meowscarada\n|-resisted|p2a: Meowscarada\n|-damage|p2a: Meowscarada|55\/100\n|\n|-heal|p1a: Landorus|67\/100|[from] item: Leftovers\n|upkeep\n|turn|7\n|\n|t:|1699211210\n|move|p2a: Meowscarada|U-turn|p1a: Landorus\n|-start|p2a: Meowscarada|typechange|Bug|[from] ability: Protean\n|-resisted|p1a: Landorus\n|-damage|p1a: Landorus|39\/100\n|\n|t:|1699211221\n|switch|p2a: Garchomp|Garchomp, F|100\/100|[from] U-turn\n|move|p1a: Landorus|U-turn|p2a: Garchomp\n|-damage|p2a: Garchomp|72\/100\n|-damage|p1a: Landorus|27\/100|[from] ability: Rough Skin|[of] p2a: Garchomp\n|\n|t:|1699211229\n|switch|p1a: Salamence|Salamence, M|84\/100|[from] U-turn\n|\n|upkeep\n|turn|8\n|\n|t:|1699211277\n|switch|p2a: Gholdengo|Gholdengo|99\/100\n|move|p1a: Salamence|Outrage|p2a: Gholdengo\n|-resisted|p2a: Gholdengo\n|-damage|p2a: Gholdengo|65\/100\n|\n|-heal|p2a: Gholdengo|71\/100|[from] item: Leftovers\n|upkeep\n|turn|9\n|\n|t:|1699211304\n|move|p1a: Salamence|Outrage|p2a: Gholdengo|[from]lockedmove\n|-resisted|p2a: Gholdengo\n|-damage|p2a: Gholdengo|38\/100\n|move|p2a: Gholdengo|Nasty Plot|p2a: Gholdengo\n|-boost|p2a: Gholdengo|spa|2\n|\n|-heal|p2a: Gholdengo|44\/100|[from] item: Leftovers\n|upkeep\n|turn|10\n|\n|t:|1699211324\n|move|p1a: Salamence|Outrage|p2a: Gholdengo|[from]lockedmove\n|-resisted|p2a: Gholdengo\n|-damage|p2a: Gholdengo|12\/100\n|-start|p1a: Salamence|confusion|[fatigue]\n|move|p2a: Gholdengo|Recover|p2a: Gholdengo\n|-heal|p2a: Gholdengo|62\/100\n|\n|-heal|p2a: Gholdengo|68\/100|[from] item: Leftovers\n|upkeep\n|turn|11\n|\n|t:|1699211372\n|switch|p1a: Landorus|Landorus-Therian, M|27\/100\n|-ability|p1a: Landorus|Intimidate|boost\n|-unboost|p2a: Gholdengo|atk|1\n|move|p2a: Gholdengo|Shadow Ball|p1a: Landorus\n|-damage|p1a: Landorus|0 fnt\n|faint|p1a: Landorus\n|\n|-heal|p2a: Gholdengo|75\/100|[from] item: Leftovers\n|upkeep\n|\n|t:|1699211381\n|switch|p1a: Ditto|Ditto|100\/100\n|-transform|p1a: Ditto|p2a: Gholdengo|[from] ability: Imposter\n|turn|12\n|\n|t:|1699211527\n|switch|p2a: Garchomp|Garchomp, F|72\/100\n|move|p1a: Ditto|Shadow Ball|p2a: Garchomp\n|-damage|p2a: Garchomp|0 fnt\n|faint|p2a: Garchomp\n|\n|upkeep\n|\n|t:|1699211547\n|switch|p2a: Espeon|Espeon, M|100\/100\n|turn|13\n|\n|t:|1699211569\n|-terastallize|p2a: Espeon|Fire\n|move|p2a: Espeon|Tera Blast|p1a: Ditto|[anim] Tera Blast Fire\n|-supereffective|p1a: Ditto\n|-damage|p1a: Ditto|0 fnt\n|faint|p1a: Ditto\n|\n|upkeep\n|\n|t:|1699211609\n|switch|p1a: Salamence|Salamence, M|84\/100\n|turn|14\n|\n|t:|1699211672\n|move|p1a: Salamence|Earthquake|p2a: Espeon\n|-supereffective|p2a: Espeon\n|-damage|p2a: Espeon|0 fnt\n|faint|p2a: Espeon\n|-ability|p1a: Salamence|Moxie|boost\n|-boost|p1a: Salamence|atk|1\n|\n|upkeep\n|\n|t:|1699211711\n|switch|p2a: Azumarill|Azumarill, M|100\/100\n|turn|15\n|\n|t:|1699211715\n|move|p1a: Salamence|Earthquake|p2a: Azumarill\n|-damage|p2a: Azumarill|45\/100\n|move|p2a: Azumarill|Play Rough|p1a: Salamence\n|-supereffective|p1a: Salamence\n|-damage|p1a: Salamence|0 fnt\n|faint|p1a: Salamence\n|\n|upkeep\n|\n|t:|1699211792\n|switch|p1a: Glimmora|Glimmora, F|100\/100\n|turn|16\n|\n|t:|1699211831\n|move|p2a: Azumarill|Aqua Jet|p1a: Glimmora\n|-supereffective|p1a: Glimmora\n|-damage|p1a: Glimmora|41\/100\n|-activate|p1a: Glimmora|ability: Toxic Debris\n|-sidestart|p2: kaizer1120|move: Toxic Spikes\n|move|p1a: Glimmora|Sludge Wave|p2a: Azumarill\n|-supereffective|p2a: Azumarill\n|-damage|p2a: Azumarill|0 fnt\n|faint|p2a: Azumarill\n|\n|upkeep\n|\n|t:|1699211841\n|switch|p2a: Gholdengo|Gholdengo|75\/100\n|turn|17\n|\n|t:|1699211954\n|move|p1a: Glimmora|Stealth Rock|p2a: Gholdengo\n|-sidestart|p2: kaizer1120|move: Stealth Rock\n|move|p2a: Gholdengo|Nasty Plot|p2a: Gholdengo\n|-boost|p2a: Gholdengo|spa|2\n|\n|-heal|p2a: Gholdengo|81\/100|[from] item: Leftovers\n|upkeep\n|turn|18\n|\n|t:|1699211999\n|move|p1a: Glimmora|Power Gem|p2a: Gholdengo\n|-resisted|p2a: Gholdengo\n|-damage|p2a: Gholdengo|60\/100\n|move|p2a: Gholdengo|Make It Rain|p1a: Glimmora\n|-supereffective|p1a: Glimmora\n|-damage|p1a: Glimmora|0 fnt\n|-unboost|p2a: Gholdengo|spa|1\n|faint|p1a: Glimmora\n|\n|-heal|p2a: Gholdengo|66\/100|[from] item: Leftovers\n|upkeep\n|\n|t:|1699212107\n|switch|p1a: Kingambit|Kingambit, M|100\/100\n|-activate|p1a: Kingambit|ability: Supreme Overlord\n|-start|p1a: Kingambit|fallen4|[silent]\n|turn|19\n|\n|t:|1699212128\n|switch|p2a: Regieleki|Regieleki|100\/100\n|-status|p2a: Regieleki|psn\n|-damage|p2a: Regieleki|88\/100 psn|[from] Stealth Rock\n|move|p1a: Kingambit|Kowtow Cleave|p2a: Regieleki\n|-crit|p2a: Regieleki\n|-damage|p2a: Regieleki|0 fnt\n|faint|p2a: Regieleki\n|\n|upkeep\n|\n|t:|1699212154\n|switch|p2a: Meowscarada|Meowscarada, F|55\/100\n|-status|p2a: Meowscarada|psn\n|-damage|p2a: Meowscarada|42\/100 psn|[from] Stealth Rock\n|turn|20\n|\n|t:|1699212224\n|move|p1a: Kingambit|Sucker Punch|p2a: Meowscarada\n|-resisted|p2a: Meowscarada\n|-damage|p2a: Meowscarada|0 fnt\n|faint|p2a: Meowscarada\n|\n|upkeep\n|\n|t:|1699212228\n|switch|p2a: Gholdengo|Gholdengo|66\/100\n|-damage|p2a: Gholdengo|60\/100|[from] Stealth Rock\n|turn|21\n|\n|t:|1699212238\n|move|p2a: Gholdengo|Recover|p2a: Gholdengo\n|-heal|p2a: Gholdengo|100\/100\n|move|p1a: Kingambit|Kowtow Cleave|p2a: Gholdengo\n|-supereffective|p2a: Gholdengo\n|-damage|p2a: Gholdengo|0 fnt\n|faint|p2a: Gholdengo\n|\n|win|BemusedOstrich\n|c|\u2606BemusedOstrich|gg\n|c|\u2606kaizer1120|gg\n","uploadtime":1699212257,"views":15,"p1id":"bemusedostrich","p2id":"kaizer1120","formatid":"gen9anythinggoes","rating":0,"private":0,"password":""}