{"id":"gen9anythinggoes-1982725921","p1":"Tedtosterone","p2":"Rinumaki","format":"[Gen 9] Anything Goes","log":"|j|\u2606Tedtosterone\n|j|\u2606Rinumaki\n|t:|1699039182\n|gametype|singles\n|player|p1|Tedtosterone|ghetsis-gen5bw|\n|player|p2|Rinumaki|n|\n|teamsize|p1|6\n|teamsize|p2|6\n|gen|9\n|tier|[Gen 9] Anything Goes\n|rule|HP Percentage Mod: HP is shown in percentages\n|rule|Endless Battle Clause: Forcing endless battles is banned\n|clearpoke\n|poke|p1|Samurott-Hisui, M|\n|poke|p1|Rabsca, M|\n|poke|p1|Baxcalibur, M|\n|poke|p1|Mimikyu, F|\n|poke|p1|Slowking-Galar, M|\n|poke|p1|Arcanine-Hisui, F|\n|poke|p2|Milotic, M|\n|poke|p2|Garchomp, M|\n|poke|p2|Hawlucha, F|\n|poke|p2|Lucario, F|\n|poke|p2|Ogerpon-Wellspring, F|\n|poke|p2|Typhlosion-Hisui, F|\n|teampreview\n|j| caligulahar\n|inactive|Battle timer is ON: inactive players will automatically lose when time's up. (requested by Tedtosterone)\n|\n|t:|1699039199\n|start\n|switch|p1a: Jin|Samurott-Hisui, M, shiny|100\/100\n|switch|p2a: Rey Mysterio|Hawlucha, F, shiny|100\/100\n|turn|1\n|\n|t:|1699039203\n|move|p2a: Rey Mysterio|Sky Attack||[still]\n|-prepare|p2a: Rey Mysterio|Sky Attack\n|-enditem|p2a: Rey Mysterio|Power Herb\n|-anim|p2a: Rey Mysterio|Sky Attack|p1a: Jin\n|-damage|p1a: Jin|21\/100\n|cant|p1a: Jin|flinch\n|\n|upkeep\n|turn|2\n|\n|t:|1699039211\n|move|p1a: Jin|Aqua Jet|p2a: Rey Mysterio\n|-damage|p2a: Rey Mysterio|74\/100\n|move|p2a: Rey Mysterio|Acrobatics|p1a: Jin\n|-damage|p1a: Jin|0 fnt\n|faint|p1a: Jin\n|\n|upkeep\n|\n|t:|1699039228\n|switch|p1a: Gooner|Mimikyu, F|100\/100\n|turn|3\n|\n|t:|1699039242\n|move|p2a: Rey Mysterio|Acrobatics|p1a: Gooner\n|-activate|p1a: Gooner|ability: Disguise\n|-damage|p1a: Gooner|100\/100\n|detailschange|p1a: Gooner|Mimikyu-Busted, F\n|-damage|p1a: Gooner|88\/100|[from] pokemon: Mimikyu-Busted\n|move|p1a: Gooner|Swords Dance|p1a: Gooner\n|-boost|p1a: Gooner|atk|2\n|\n|upkeep\n|turn|4\n|\n|t:|1699039251\n|move|p2a: Rey Mysterio|High Jump Kick|p1a: Gooner\n|-immune|p1a: Gooner\n|-damage|p2a: Rey Mysterio|24\/100|[from] highjumpkick\n|move|p1a: Gooner|Play Rough|p2a: Rey Mysterio\n|-supereffective|p2a: Rey Mysterio\n|-damage|p2a: Rey Mysterio|0 fnt\n|faint|p2a: Rey Mysterio\n|-damage|p1a: Gooner|78\/100|[from] item: Life Orb\n|\n|upkeep\n|\n|t:|1699039269\n|switch|p2a: Luke From SF6|Lucario, F|100\/100\n|turn|5\n|\n|t:|1699039273\n|move|p2a: Luke From SF6|Extreme Speed|p1a: Gooner\n|-immune|p1a: Gooner\n|move|p1a: Gooner|Shadow Sneak|p2a: Luke From SF6\n|-damage|p2a: Luke From SF6|35\/100\n|-damage|p1a: Gooner|68\/100|[from] item: Life Orb\n|\n|upkeep\n|turn|6\n|inactive|Rinumaki has 270 seconds left.\n|\n|t:|1699039319\n|move|p1a: Gooner|Shadow Sneak|p2a: Luke From SF6\n|-damage|p2a: Luke From SF6|0 fnt\n|faint|p2a: Luke From SF6\n|-damage|p1a: Gooner|58\/100|[from] item: Life Orb\n|\n|upkeep\n|\n|t:|1699039332\n|switch|p2a: Fading Bomb|Typhlosion-Hisui, F, shiny|100\/100\n|turn|7\n|\n|t:|1699039335\n|move|p1a: Gooner|Shadow Sneak|p2a: Fading Bomb\n|-supereffective|p2a: Fading Bomb\n|-enditem|p2a: Fading Bomb|Focus Sash\n|-damage|p2a: Fading Bomb|1\/100\n|-damage|p1a: Gooner|48\/100|[from] item: Life Orb\n|move|p2a: Fading Bomb|Infernal Parade|p1a: Gooner\n|-supereffective|p1a: Gooner\n|-damage|p1a: Gooner|0 fnt\n|faint|p1a: Gooner\n|\n|upkeep\n|inactive|Tedtosterone has 270 seconds left.\n|\n|t:|1699039366\n|switch|p1a: Rabsca|Rabsca, M|100\/100\n|turn|8\n|inactive|Rinumaki has 270 seconds left.\n|\n|t:|1699039400\n|switch|p2a: Believe Da Hype|Ogerpon-Wellspring, F|100\/100\n|move|p1a: Rabsca|Revival Blessing|p1a: Rabsca\n|-enditem|p1a: Rabsca|Leppa Berry|[eat]\n|-activate|p1a: Rabsca|item: Leppa Berry|Revival Blessing|[consumed]\n|\n|t:|1699039405\n|-heal|p1: Gooner|50\/100|[from] move: Revival Blessing\n|\n|upkeep\n|turn|9\n|\n|t:|1699039423\n|-terastallize|p1a: Rabsca|Psychic\n|move|p2a: Believe Da Hype|Ivy Cudgel|p1a: Rabsca\n|-damage|p1a: Rabsca|52\/100\n|move|p1a: Rabsca|Psychic|p2a: Believe Da Hype\n|-damage|p2a: Believe Da Hype|56\/100\n|\n|upkeep\n|turn|10\n|\n|t:|1699039434\n|move|p2a: Believe Da Hype|Spiky Shield|p2a: Believe Da Hype\n|-singleturn|p2a: Believe Da Hype|move: Protect\n|move|p1a: Rabsca|Bug Buzz|p2a: Believe Da Hype\n|-activate|p2a: Believe Da Hype|move: Protect\n|\n|upkeep\n|turn|11\n|\n|t:|1699039440\n|move|p2a: Believe Da Hype|Ivy Cudgel|p1a: Rabsca\n|-damage|p1a: Rabsca|8\/100\n|move|p1a: Rabsca|Bug Buzz|p2a: Believe Da Hype\n|-supereffective|p2a: Believe Da Hype\n|-damage|p2a: Believe Da Hype|0 fnt\n|faint|p2a: Believe Da Hype\n|\n|upkeep\n|\n|t:|1699039450\n|switch|p2a: Fading Bomb|Typhlosion-Hisui, F, shiny|1\/100\n|turn|12\n|\n|t:|1699039457\n|move|p2a: Fading Bomb|Flamethrower|p1a: Rabsca\n|-damage|p1a: Rabsca|0 fnt\n|faint|p1a: Rabsca\n|\n|upkeep\n|\n|t:|1699039483\n|switch|p1a: Gooner|Mimikyu-Busted, F|50\/100\n|turn|13\n|\n|t:|1699039488\n|move|p1a: Gooner|Shadow Sneak|p2a: Fading Bomb\n|-supereffective|p2a: Fading Bomb\n|-damage|p2a: Fading Bomb|0 fnt\n|faint|p2a: Fading Bomb\n|-damage|p1a: Gooner|40\/100|[from] item: Life Orb\n|\n|upkeep\n|\n|t:|1699039497\n|switch|p2a: Vergil|Garchomp, M, shiny|100\/100\n|turn|14\n|\n|t:|1699039508\n|move|p2a: Vergil|Iron Head|p1a: Gooner\n|-supereffective|p1a: Gooner\n|-damage|p1a: Gooner|0 fnt\n|faint|p1a: Gooner\n|\n|upkeep\n|\n|t:|1699039518\n|switch|p1a: Arcanine|Arcanine-Hisui, F, shiny|100\/100\n|turn|15\n|inactive|Tedtosterone has 270 seconds left.\n|inactive|Rinumaki has 270 seconds left.\n|\n|t:|1699039562\n|move|p1a: Arcanine|Close Combat|p2a: Vergil\n|-damage|p2a: Vergil|63\/100\n|-unboost|p1a: Arcanine|def|1\n|-unboost|p1a: Arcanine|spd|1\n|move|p2a: Vergil|Earthquake|p1a: Arcanine\n|-supereffective|p1a: Arcanine\n|-damage|p1a: Arcanine|0 fnt\n|faint|p1a: Arcanine\n|\n|upkeep\n|\n|t:|1699039570\n|switch|p1a: Duke|Slowking-Galar, M|100\/100\n|turn|16\n|\n|t:|1699039574\n|move|p2a: Vergil|Swords Dance|p2a: Vergil\n|-boost|p2a: Vergil|atk|2\n|move|p1a: Duke|Chilly Reception|p1a: Duke\n|-weather|Snow\n|\n|t:|1699039579\n|switch|p1a: Joe|Baxcalibur, M|100\/100|[from] Chilly Reception\n|\n|-weather|Snow|[upkeep]\n|upkeep\n|turn|17\n|\n|t:|1699039586\n|move|p2a: Vergil|Swords Dance|p2a: Vergil\n|-boost|p2a: Vergil|atk|2\n|move|p1a: Joe|Icicle Spear|p2a: Vergil\n|-supereffective|p2a: Vergil\n|-damage|p2a: Vergil|2\/100\n|-supereffective|p2a: Vergil\n|-damage|p2a: Vergil|0 fnt\n|faint|p2a: Vergil\n|-hitcount|p2: Vergil|2\n|\n|-weather|Snow|[upkeep]\n|upkeep\n|\n|t:|1699039603\n|switch|p2a: It Don't Go Down|Milotic, M|100\/100\n|turn|18\n|\n|t:|1699039633\n|move|p1a: Joe|Earthquake|p2a: It Don't Go Down\n|-damage|p2a: It Don't Go Down|72\/100\n|move|p2a: It Don't Go Down|Scald|p1a: Joe\n|-resisted|p1a: Joe\n|-damage|p1a: Joe|87\/100\n|\n|-weather|Snow|[upkeep]\n|-status|p2a: It Don't Go Down|brn|[from] item: Flame Orb\n|upkeep\n|turn|19\n|\n|t:|1699039649\n|move|p1a: Joe|Earthquake|p2a: It Don't Go Down\n|-damage|p2a: It Don't Go Down|53\/100 brn\n|move|p2a: It Don't Go Down|Scald|p1a: Joe\n|-resisted|p1a: Joe\n|-damage|p1a: Joe|73\/100\n|\n|-weather|Snow|[upkeep]\n|-damage|p2a: It Don't Go Down|46\/100 brn|[from] brn\n|upkeep\n|turn|20\n|\n|t:|1699039659\n|move|p1a: Joe|Dragon Dance|p1a: Joe\n|-boost|p1a: Joe|atk|1\n|-boost|p1a: Joe|spe|1\n|move|p2a: It Don't Go Down|Haze|p2a: It Don't Go Down\n|-clearallboost\n|\n|-weather|none\n|-damage|p2a: It Don't Go Down|40\/100 brn|[from] brn\n|upkeep\n|turn|21\n|\n|t:|1699039670\n|move|p1a: Joe|Earthquake|p2a: It Don't Go Down\n|-damage|p2a: It Don't Go Down|22\/100 brn\n|move|p2a: It Don't Go Down|Recover|p2a: It Don't Go Down\n|-heal|p2a: It Don't Go Down|72\/100 brn\n|\n|-damage|p2a: It Don't Go Down|66\/100 brn|[from] brn\n|upkeep\n|turn|22\n|\n|t:|1699039678\n|move|p1a: Joe|Earthquake|p2a: It Don't Go Down\n|-damage|p2a: It Don't Go Down|47\/100 brn\n|move|p2a: It Don't Go Down|Scald|p1a: Joe\n|-resisted|p1a: Joe\n|-crit|p1a: Joe\n|-damage|p1a: Joe|50\/100\n|\n|-damage|p2a: It Don't Go Down|41\/100 brn|[from] brn\n|upkeep\n|turn|23\n|\n|t:|1699039691\n|move|p1a: Joe|Glaive Rush|p2a: It Don't Go Down\n|-damage|p2a: It Don't Go Down|7\/100 brn\n|-singlemove|p1a: Joe|Glaive Rush|[silent]\n|move|p2a: It Don't Go Down|Scald|p1a: Joe\n|-resisted|p1a: Joe\n|-damage|p1a: Joe|21\/100\n|\n|-damage|p2a: It Don't Go Down|1\/100 brn|[from] brn\n|upkeep\n|turn|24\n|\n|t:|1699039700\n|move|p1a: Joe|Earthquake|p2a: It Don't Go Down\n|-damage|p2a: It Don't Go Down|0 fnt\n|faint|p2a: It Don't Go Down\n|\n|win|Tedtosterone\n|l|\u2606Tedtosterone\n|l|\u2606Rinumaki\n","uploadtime":1699039721,"views":5,"p1id":"tedtosterone","p2id":"rinumaki","formatid":"gen9anythinggoes","rating":0,"private":0,"password":""}