{"id":"gen9anythinggoes-2000012242","p1":"GildedSapphire","p2":"Inf_-_Phil","format":"[Gen 9] Anything Goes","log":"|j|\u2606GildedSapphire\n|j|\u2606Inf_-_Phil\n|t:|1701141041\n|gametype|singles\n|player|p1|GildedSapphire|wallace|1191\n|player|p2|Inf_-_Phil|volkner|1089\n|teamsize|p1|6\n|teamsize|p2|6\n|gen|9\n|tier|[Gen 9] Anything Goes\n|rated|\n|rule|HP Percentage Mod: HP is shown in percentages\n|rule|Endless Battle Clause: Forcing endless battles is banned\n|clearpoke\n|poke|p1|Houndstone, M|\n|poke|p1|Tyranitar, F|\n|poke|p1|Flutter Mane|\n|poke|p1|Glimmora, M|\n|poke|p1|Zoroark-Hisui, M|\n|poke|p1|Drifblim, F|\n|poke|p2|Dragonite, M|\n|poke|p2|Miraidon|\n|poke|p2|Hydreigon, F|\n|poke|p2|Gyarados, M|\n|poke|p2|Koraidon|\n|poke|p2|Flapple, M|\n|teampreview\n|inactive|Battle timer is ON: inactive players will automatically lose when time's up. (requested by GildedSapphire)\n|\n|t:|1701141046\n|start\n|switch|p1a: Glimmora|Glimmora, M|100\/100\n|switch|p2a: Dragonite|Dragonite, M|100\/100\n|turn|1\n|\n|t:|1701141054\n|move|p1a: Glimmora|Sludge Wave|p2a: Dragonite\n|-damage|p2a: Dragonite|75\/100\n|move|p2a: Dragonite|Dragon Dance|p2a: Dragonite\n|-boost|p2a: Dragonite|atk|1\n|-boost|p2a: Dragonite|spe|1\n|\n|-heal|p2a: Dragonite|81\/100|[from] item: Leftovers\n|upkeep\n|turn|2\n|\n|t:|1701141063\n|move|p2a: Dragonite|Earthquake|p1a: Glimmora\n|-supereffective|p1a: Glimmora\n|-damage|p1a: Glimmora|0 fnt\n|-activate|p1a: Glimmora|ability: Toxic Debris\n|-sidestart|p2: Inf_-_Phil|move: Toxic Spikes\n|faint|p1a: Glimmora\n|\n|-heal|p2a: Dragonite|87\/100|[from] item: Leftovers\n|upkeep\n|\n|t:|1701141072\n|switch|p1a: Flutter Mane|Flutter Mane|100\/100\n|-enditem|p1a: Flutter Mane|Booster Energy\n|-activate|p1a: Flutter Mane|ability: Protosynthesis|[fromitem]\n|-start|p1a: Flutter Mane|protosynthesisspe\n|turn|3\n|\n|t:|1701141078\n|move|p1a: Flutter Mane|Moonblast|p2a: Dragonite\n|-supereffective|p2a: Dragonite\n|-damage|p2a: Dragonite|0 fnt\n|faint|p2a: Dragonite\n|\n|upkeep\n|\n|t:|1701141083\n|switch|p2a: Flapple|Flapple, M|100\/100\n|-status|p2a: Flapple|psn\n|turn|4\n|\n|t:|1701141090\n|move|p1a: Flutter Mane|Moonblast|p2a: Flapple\n|-supereffective|p2a: Flapple\n|-damage|p2a: Flapple|0 fnt\n|faint|p2a: Flapple\n|\n|upkeep\n|\n|t:|1701141100\n|switch|p2a: Miraidon|Miraidon|100\/100\n|-status|p2a: Miraidon|psn\n|-fieldstart|move: Electric Terrain|[from] ability: Hadron Engine|[of] p2a: Miraidon\n|turn|5\n|c|\u2606GildedSapphire|5 dragon types is crazy\n|c|\u2606GildedSapphire|and bad synergy\n|\n|t:|1701141117\n|move|p1a: Flutter Mane|Moonblast|p2a: Miraidon\n|-supereffective|p2a: Miraidon\n|-crit|p2a: Miraidon\n|-damage|p2a: Miraidon|0 fnt\n|faint|p2a: Miraidon\n|\n|upkeep\n|\n|t:|1701141127\n|switch|p2a: Hydreigon|Hydreigon, F|100\/100\n|turn|6\n|\n|t:|1701141132\n|move|p1a: Flutter Mane|Moonblast|p2a: Hydreigon\n|-supereffective|p2a: Hydreigon\n|-damage|p2a: Hydreigon|0 fnt\n|faint|p2a: Hydreigon\n|\n|upkeep\n|\n|t:|1701141141\n|switch|p2a: Gyarados|Gyarados, M|100\/100\n|turn|7\n|\n|t:|1701141148\n|move|p1a: Flutter Mane|Shadow Ball|p2a: Gyarados\n|-damage|p2a: Gyarados|56\/100\n|move|p2a: Gyarados|Earthquake|p1a: Flutter Mane\n|-damage|p1a: Flutter Mane|43\/100\n|\n|-heal|p2a: Gyarados|62\/100|[from] item: Leftovers\n|upkeep\n|turn|8\n|\n|t:|1701141159\n|move|p1a: Flutter Mane|Moonblast|p2a: Gyarados\n|-damage|p2a: Gyarados|8\/100\n|-unboost|p2a: Gyarados|spa|1\n|move|p2a: Gyarados|Dragon Pulse|p1a: Flutter Mane\n|-immune|p1a: Flutter Mane\n|\n|-heal|p2a: Gyarados|14\/100|[from] item: Leftovers\n|upkeep\n|turn|9\n|c|\u2606GildedSapphire|????????????????????????????????\n|c|\u2606GildedSapphire|ghost\/fairy hello?????\n|\n|t:|1701141179\n|move|p1a: Flutter Mane|Psyshock|p2a: Gyarados\n|-damage|p2a: Gyarados|0 fnt\n|faint|p2a: Gyarados\n|\n|-fieldend|move: Electric Terrain\n|upkeep\n|c|\u2606GildedSapphire|yikes\n|\n|t:|1701141186\n|switch|p2a: Koraidon|Koraidon|100\/100\n|-status|p2a: Koraidon|psn\n|-weather|SunnyDay|[from] ability: Orichalcum Pulse|[of] p2a: Koraidon\n|-activate|p2a: Koraidon|Orichalcum Pulse|[source]\n|turn|10\n|\n|t:|1701141195\n|move|p1a: Flutter Mane|Moonblast|p2a: Koraidon\n|-supereffective|p2a: Koraidon\n|-damage|p2a: Koraidon|0 fnt\n|faint|p2a: Koraidon\n|\n|win|GildedSapphire\n|raw|GildedSapphire's rating: 1191 &rarr; <strong>1209<\/strong><br \/>(+18 for winning)\n|raw|Inf_-_Phil's rating: 1089 &rarr; <strong>1072<\/strong><br \/>(-17 for losing)\n|l|\u2606Inf_-_Phil\n","uploadtime":1701141210,"views":0,"p1id":"gildedsapphire","p2id":"infphil","formatid":"gen9anythinggoes","rating":1072,"private":0,"password":""}