{"id":"gen9anythinggoes-1994323253","p1":"bingo brunch","p2":"FemboyPlayer","format":"[Gen 9] Anything Goes","log":"|j|\u2606bingo brunch\n|j|\u2606FemboyPlayer\n|t:|1700431062\n|gametype|singles\n|player|p1|bingo brunch|170|1000\n|player|p2|FemboyPlayer|elesa|1065\n|teamsize|p1|6\n|teamsize|p2|6\n|gen|9\n|tier|[Gen 9] Anything Goes\n|rated|\n|rule|HP Percentage Mod: HP is shown in percentages\n|rule|Endless Battle Clause: Forcing endless battles is banned\n|clearpoke\n|poke|p1|Miraidon|\n|poke|p1|Miraidon|\n|poke|p1|Maushold-Four|\n|poke|p1|Sableye, F|\n|poke|p1|Pawmot, F|\n|poke|p1|Mewtwo|\n|poke|p2|Espeon, F|\n|poke|p2|Zoroark, M|\n|poke|p2|Zoroark-Hisui, F|\n|poke|p2|Ninetales, M|\n|poke|p2|Ninetales-Alola, M|\n|poke|p2|Delphox, F|\n|teampreview\n|\n|t:|1700431074\n|start\n|switch|p1a: Mewtwo|Mewtwo, shiny|100\/100\n|switch|p2a: Mewthree|Espeon, F|100\/100\n|-ability|p1a: Mewtwo|Unnerve\n|turn|1\n|\n|t:|1700431080\n|move|p1a: Mewtwo|Dark Pulse|p2a: Mewthree\n|-supereffective|p2a: Mewthree\n|-damage|p2a: Mewthree|16\/100\n|move|p2a: Mewthree|Thunder Wave|p1a: Mewtwo\n|-status|p1a: Mewtwo|par\n|\n|upkeep\n|turn|2\n|\n|t:|1700431087\n|move|p2a: Mewthree|Psychic|p1a: Mewtwo\n|-resisted|p1a: Mewtwo\n|-damage|p1a: Mewtwo|76\/100 par\n|cant|p1a: Mewtwo|par\n|\n|upkeep\n|turn|3\n|\n|t:|1700431091\n|cant|p1a: Mewtwo|par\n|move|p2a: Mewthree|Roar|p1a: Mewtwo\n|drag|p1a: Chad|Miraidon|100\/100\n|-fieldstart|move: Electric Terrain|[from] ability: Hadron Engine|[of] p1a: Chad\n|\n|upkeep\n|turn|4\n|\n|t:|1700431099\n|move|p1a: Chad|Electro Drift|p2a: Mewthree\n|-damage|p2a: Mewthree|0 fnt\n|faint|p2a: Mewthree\n|\n|upkeep\n|\n|t:|1700431103\n|switch|p2a: Multifluff|Ninetales-Alola, M, shiny|100\/100\n|-weather|Snow|[from] ability: Snow Warning|[of] p2a: Multifluff\n|turn|5\n|\n|t:|1700431112\n|-terastallize|p2a: Multifluff|Ground\n|move|p1a: Chad|Electro Drift|p2a: Multifluff\n|-immune|p2a: Multifluff\n|move|p2a: Multifluff|Blizzard|p1a: Chad\n|-supereffective|p1a: Chad\n|-damage|p1a: Chad|34\/100\n|-status|p1a: Chad|frz\n|\n|-weather|Snow|[upkeep]\n|upkeep\n|turn|6\n|\n|t:|1700431118\n|cant|p1a: Chad|frz\n|move|p2a: Multifluff|Blizzard|p1a: Chad\n|-supereffective|p1a: Chad\n|-damage|p1a: Chad|0 fnt\n|faint|p1a: Chad\n|\n|-weather|Snow|[upkeep]\n|upkeep\n|\n|t:|1700431125\n|switch|p1a: Kyle|Maushold-Four|100\/100\n|turn|7\n|\n|t:|1700431128\n|move|p1a: Kyle|Population Bomb|p2a: Multifluff\n|-damage|p2a: Multifluff|86\/100\n|-crit|p2a: Multifluff\n|-damage|p2a: Multifluff|62\/100\n|-damage|p2a: Multifluff|47\/100\n|-damage|p2a: Multifluff|30\/100\n|-damage|p2a: Multifluff|13\/100\n|-damage|p2a: Multifluff|0 fnt\n|faint|p2a: Multifluff\n|-hitcount|p2: Multifluff|6\n|\n|-weather|Snow|[upkeep]\n|-fieldend|move: Electric Terrain\n|upkeep\n|\n|t:|1700431134\n|switch|p2a: Kitsune|Delphox, F, shiny|100\/100\n|turn|8\n|\n|t:|1700431141\n|move|p1a: Kyle|Play Rough|p2a: Kitsune\n|-damage|p2a: Kitsune|56\/100\n|replace|p2a: Lycanrock-Twilight|Zoroark-Hisui, F, shiny\n|-end|p2a: Lycanrock-Twilight|Illusion\n|move|p2a: Lycanrock-Twilight|Psychic|p1a: Kyle\n|-damage|p1a: Kyle|58\/100\n|\n|-weather|Snow|[upkeep]\n|upkeep\n|turn|9\n|\n|t:|1700431151\n|move|p1a: Kyle|Tidy Up|p1a: Kyle\n|-boost|p1a: Kyle|atk|1\n|-boost|p1a: Kyle|spe|1\n|move|p2a: Lycanrock-Twilight|Sludge Bomb|p1a: Kyle\n|-damage|p1a: Kyle|13\/100\n|-status|p1a: Kyle|psn\n|\n|-weather|none\n|-damage|p1a: Kyle|0 fnt|[from] psn\n|faint|p1a: Kyle\n|upkeep\n|\n|t:|1700431155\n|switch|p1a: Tyler|Pawmot, F|100\/100\n|turn|10\n|\n|t:|1700431165\n|switch|p1a: Steven|Sableye, F|100\/100\n|move|p2a: Lycanrock-Twilight|Flamethrower|p1a: Steven\n|-damage|p1a: Steven|49\/100\n|-status|p1a: Steven|brn\n|\n|-damage|p1a: Steven|43\/100 brn|[from] brn\n|upkeep\n|turn|11\n|\n|t:|1700431173\n|move|p1a: Steven|Disable|p2a: Lycanrock-Twilight\n|-start|p2a: Lycanrock-Twilight|Disable|Flamethrower\n|cant|p2a: Lycanrock-Twilight|Disable|Flamethrower\n|\n|-damage|p1a: Steven|37\/100 brn|[from] brn\n|upkeep\n|turn|12\n|\n|t:|1700431180\n|move|p1a: Steven|Encore|p2a: Lycanrock-Twilight\n|-start|p2a: Lycanrock-Twilight|Encore\n|cant|p2a: Lycanrock-Twilight|Disable|Flamethrower\n|\n|-damage|p1a: Steven|31\/100 brn|[from] brn\n|upkeep\n|turn|13\n|\n|t:|1700431182\n|move|p1a: Steven|Recover|p1a: Steven\n|-heal|p1a: Steven|81\/100 brn\n|-activate|p2a: Lycanrock-Twilight|move: Struggle\n|move|p2a: Lycanrock-Twilight|Struggle|p1a: Steven\n|-damage|p1a: Steven|72\/100 brn\n|-damage|p2a: Lycanrock-Twilight|31\/100|[from] recoil\n|\n|-damage|p1a: Steven|67\/100 brn|[from] brn\n|upkeep\n|turn|14\n|\n|t:|1700431186\n|switch|p2a: Kitsune|Delphox, F, shiny|100\/100\n|move|p1a: Steven|Thunder Wave|p2a: Kitsune\n|-immune|p2a: Kitsune\n|\n|-damage|p1a: Steven|61\/100 brn|[from] brn\n|upkeep\n|turn|15\n|\n|t:|1700431203\n|move|p1a: Steven|Recover|p1a: Steven\n|-heal|p1a: Steven|100\/100 brn\n|move|p2a: Kitsune|Dark Pulse|p1a: Steven\n|-damage|p1a: Steven|41\/100 brn\n|\n|-damage|p1a: Steven|35\/100 brn|[from] brn\n|upkeep\n|turn|16\n|\n|t:|1700431209\n|switch|p1a: Mewtwo|Mewtwo, shiny|76\/100 par\n|-ability|p1a: Mewtwo|Unnerve\n|move|p2a: Kitsune|Dark Pulse|p1a: Mewtwo\n|-supereffective|p1a: Mewtwo\n|-damage|p1a: Mewtwo|0 fnt\n|faint|p1a: Mewtwo\n|\n|upkeep\n|\n|t:|1700431217\n|switch|p1a: Tyler|Pawmot, F|100\/100\n|turn|17\n|\n|t:|1700431225\n|move|p2a: Kitsune|Confuse Ray|p1a: Tyler\n|-start|p1a: Tyler|confusion\n|-activate|p1a: Tyler|confusion\n|move|p1a: Tyler|Revival Blessing|p1a: Tyler\n|-enditem|p1a: Tyler|Leppa Berry|[eat]\n|-activate|p1a: Tyler|item: Leppa Berry|Revival Blessing|[consumed]\n|\n|t:|1700431233\n|-heal|p1: Mewtwo|50\/100|[from] move: Revival Blessing\n|\n|upkeep\n|turn|18\n|\n|t:|1700431237\n|move|p2a: Kitsune|Copycat|p2a: Kitsune\n|move|p2a: Kitsune|Revival Blessing|p2a: Kitsune|[from]move: Copycat\n|\n|t:|1700431243\n|-heal|p2: Multifluff|50\/100|[from] move: Revival Blessing\n|-activate|p1a: Tyler|confusion\n|move|p1a: Tyler|Revival Blessing|p1a: Tyler\n|\n|t:|1700431253\n|-heal|p1: Chad|50\/100|[from] move: Revival Blessing\n|\n|upkeep\n|turn|19\n|\n|t:|1700431260\n|move|p2a: Kitsune|Copycat|p2a: Kitsune\n|move|p2a: Kitsune|Revival Blessing|p2a: Kitsune|[from]move: Copycat\n|\n|t:|1700431263\n|-heal|p2: Mewthree|50\/100|[from] move: Revival Blessing\n|-activate|p1a: Tyler|confusion\n|move|p1a: Tyler|Volt Switch|p2a: Kitsune\n|-damage|p2a: Kitsune|46\/100\n|replace|p2a: Lucari\u03bf-Hisui|Zoroark, M, shiny\n|-end|p2a: Lucari\u03bf-Hisui|Illusion\n|\n|t:|1700431275\n|switch|p1a: Steven|Sableye, F|35\/100 brn|[from] Volt Switch\n|\n|-damage|p1a: Steven|29\/100 brn|[from] brn\n|upkeep\n|turn|20\n|\n|t:|1700431283\n|move|p1a: Steven|Recover|p1a: Steven\n|-heal|p1a: Steven|79\/100 brn\n|move|p2a: Lucari\u03bf-Hisui|Dark Pulse|p1a: Steven\n|-damage|p1a: Steven|12\/100 brn\n|\n|-damage|p1a: Steven|6\/100 brn|[from] brn\n|upkeep\n|turn|21\n|\n|t:|1700431289\n|move|p1a: Steven|Disable|p2a: Lucari\u03bf-Hisui\n|-hint|Since gen 7, Dark is immune to Prankster moves.\n|-immune|p2a: Lucari\u03bf-Hisui\n|move|p2a: Lucari\u03bf-Hisui|Dark Pulse|p1a: Steven\n|-damage|p1a: Steven|0 fnt\n|faint|p1a: Steven\n|\n|upkeep\n|\n|t:|1700431292\n|switch|p1a: Brad|Miraidon|100\/100\n|-fieldstart|move: Electric Terrain|[from] ability: Hadron Engine|[of] p1a: Brad\n|turn|22\n|\n|t:|1700431306\n|switch|p2a: Multifluff|Ninetales-Alola, M, shiny|50\/100\n|-weather|Snow|[from] ability: Snow Warning|[of] p2a: Multifluff\n|move|p1a: Brad|Dazzling Gleam|p2a: Multifluff\n|-crit|p2a: Multifluff\n|-damage|p2a: Multifluff|0 fnt\n|faint|p2a: Multifluff\n|\n|-weather|Snow|[upkeep]\n|upkeep\n|\n|t:|1700431332\n|switch|p2a: Kitsune|Delphox, F, shiny|31\/100\n|turn|23\n|\n|t:|1700431339\n|move|p1a: Brad|Electro Drift|p2a: Kitsune\n|-damage|p2a: Kitsune|0 fnt\n|replace|p2a: Lycanrock-Twilight|Zoroark-Hisui, F, shiny\n|-end|p2a: Lycanrock-Twilight|Illusion\n|faint|p2a: Lycanrock-Twilight\n|\n|-weather|Snow|[upkeep]\n|upkeep\n|c|\u2606FemboyPlayer|im done\n|c|\u2606bingo brunch|Lol\n|c|\u2606FemboyPlayer|theres no way to beat that\n|c|\u2606bingo brunch|You were from the start\n|c|\u2606bingo brunch|Your team is so mid\n|c|\u2606FemboyPlayer|u_u\n|c|\u2606FemboyPlayer|I know\n|c|\u2606FemboyPlayer|but I like them\n|c|\u2606bingo brunch|Its Ag\n|c|\u2606bingo brunch|Gotta toss out your likes\n|c|\u2606FemboyPlayer|Anything trolls\n|c|\u2606FemboyPlayer|never >:\/\n|c|\u2606bingo brunch|Yeah i hate my 2 miraidons\n|c|\u2606bingo brunch|The rest of the team is chill\n|c|\u2606bingo brunch|But these gen 9s are INSANE\n|\n|t:|1700431421\n|switch|p2a: Kitsune|Delphox, F, shiny|100\/100\n|turn|24\n|\n|t:|1700431427\n|move|p1a: Brad|Electro Drift|p2a: Kitsune\n|-enditem|p2a: Kitsune|Focus Sash\n|-damage|p2a: Kitsune|1\/100\n|move|p2a: Kitsune|Flamethrower|p1a: Brad\n|-resisted|p1a: Brad\n|-damage|p1a: Brad|74\/100\n|\n|-weather|Snow|[upkeep]\n|upkeep\n|turn|25\n|\n|t:|1700431436\n|move|p1a: Brad|Tera Blast|p2a: Kitsune\n|-damage|p2a: Kitsune|0 fnt\n|faint|p2a: Kitsune\n|\n|-weather|Snow|[upkeep]\n|upkeep\n|c|\u2606FemboyPlayer|yeah\n|c|\u2606FemboyPlayer|press w to win\n|c|\u2606bingo brunch|L\n|\n|t:|1700431457\n|switch|p2a: Mewthree|Espeon, F|46\/100\n|turn|26\n|c|\u2606bingo brunch|Here have the win bro\n|-message|bingo brunch forfeited.\n|\n|win|FemboyPlayer\n|raw|bingo brunch's rating: 1000 &rarr; <strong>1000<\/strong><br \/>(+0 for losing)\n|raw|FemboyPlayer's rating: 1065 &rarr; <strong>1090<\/strong><br \/>(+25 for winning)\n|c|\u2606FemboyPlayer|:O\n|c|\u2606FemboyPlayer|not\n|c|\u2606bingo brunch|<3\n|c|\u2606FemboyPlayer|=_=\n|c|\u2606FemboyPlayer|boi\n|c|\u2606bingo brunch|Ily\n","uploadtime":1700431489,"views":1,"p1id":"bingobrunch","p2id":"femboyplayer","formatid":"gen9anythinggoes","rating":1000,"private":0,"password":""}