{"id":"gen9anythinggoes-1978931935","p1":"Query mania","p2":"Louisgeorge12","format":"[Gen 9] Anything Goes","log":"|j|\u2606Query mania\n|j|\u2606Louisgeorge12\n|t:|1698611675\n|gametype|singles\n|player|p1|Query mania|266|1166\n|player|p2|Louisgeorge12|misty|1150\n|teamsize|p1|6\n|teamsize|p2|6\n|gen|9\n|tier|[Gen 9] Anything Goes\n|rated|\n|rule|HP Percentage Mod: HP is shown in percentages\n|rule|Endless Battle Clause: Forcing endless battles is banned\n|clearpoke\n|poke|p1|Kyogre|\n|poke|p1|Rayquaza|\n|poke|p1|Groudon|\n|poke|p1|Zacian-*|\n|poke|p1|Calyrex-Shadow|\n|poke|p1|Miraidon|\n|poke|p2|Toxapex, M|\n|poke|p2|Darkrai|\n|poke|p2|Great Tusk|\n|poke|p2|Zacian-*|\n|poke|p2|Kyogre|\n|poke|p2|Calyrex-Shadow|\n|teampreview\n|inactive|Battle timer is ON: inactive players will automatically lose when time's up. (requested by Louisgeorge12)\n|\n|t:|1698611684\n|start\n|switch|p1a: Groudon|Groudon|100\/100\n|switch|p2a: Toxapex|Toxapex, M, shiny|100\/100\n|-weather|SunnyDay|[from] ability: Drought|[of] p1a: Groudon\n|turn|1\n|\n|t:|1698611690\n|switch|p2a: Kyogre|Kyogre|100\/100\n|-weather|RainDance|[from] ability: Drizzle|[of] p2a: Kyogre\n|move|p1a: Groudon|Stealth Rock|p2a: Kyogre\n|-sidestart|p2: Louisgeorge12|move: Stealth Rock\n|\n|-weather|RainDance|[upkeep]\n|upkeep\n|turn|2\n|\n|t:|1698611703\n|move|p2a: Kyogre|Aqua Ring|p2a: Kyogre\n|-start|p2a: Kyogre|Aqua Ring\n|move|p1a: Groudon|Earthquake|p2a: Kyogre\n|-damage|p2a: Kyogre|50\/100\n|\n|-weather|RainDance|[upkeep]\n|-heal|p2a: Kyogre|57\/100|[from] Aqua Ring\n|upkeep\n|turn|3\n|\n|t:|1698611712\n|move|p2a: Kyogre|Origin Pulse|p1a: Groudon\n|-supereffective|p1a: Groudon\n|-damage|p1a: Groudon|0 fnt\n|faint|p1a: Groudon\n|\n|-weather|RainDance|[upkeep]\n|-heal|p2a: Kyogre|63\/100|[from] Aqua Ring\n|upkeep\n|\n|t:|1698611727\n|switch|p1a: Miraidon|Miraidon|100\/100\n|-fieldstart|move: Electric Terrain|[from] ability: Hadron Engine|[of] p1a: Miraidon\n|turn|4\n|\n|t:|1698611739\n|switch|p2a: Great Tusk|Great Tusk|100\/100\n|move|p1a: Miraidon|Electro Drift|p2a: Great Tusk\n|-immune|p2a: Great Tusk\n|\n|-weather|RainDance|[upkeep]\n|upkeep\n|turn|5\n|\n|t:|1698611750\n|move|p1a: Miraidon|Tera Blast|p2a: Great Tusk\n|-damage|p2a: Great Tusk|29\/100\n|-damage|p1a: Miraidon|91\/100|[from] item: Life Orb\n|move|p2a: Great Tusk|Rapid Spin|p1a: Miraidon\n|-damage|p1a: Miraidon|74\/100\n|-boost|p2a: Great Tusk|spe|1\n|-sideend|p2: Louisgeorge12|Stealth Rock|[from] move: Rapid Spin|[of] p2a: Great Tusk\n|\n|-weather|none\n|upkeep\n|turn|6\n|\n|t:|1698611760\n|move|p2a: Great Tusk|Earthquake|p1a: Miraidon\n|-supereffective|p1a: Miraidon\n|-crit|p1a: Miraidon\n|-damage|p1a: Miraidon|0 fnt\n|faint|p1a: Miraidon\n|\n|upkeep\n|\n|t:|1698611766\n|switch|p1a: Kyogre|Kyogre|100\/100\n|-weather|RainDance|[from] ability: Drizzle|[of] p1a: Kyogre\n|turn|7\n|\n|t:|1698611772\n|move|p2a: Great Tusk|Stealth Rock|p1a: Kyogre\n|-sidestart|p1: Query mania|move: Stealth Rock\n|move|p1a: Kyogre|Origin Pulse|p2a: Great Tusk\n|-supereffective|p2a: Great Tusk\n|-damage|p2a: Great Tusk|0 fnt\n|faint|p2a: Great Tusk\n|-end|p2a: Great Tusk|Protosynthesis|[silent]\n|\n|-weather|RainDance|[upkeep]\n|upkeep\n|\n|t:|1698611780\n|switch|p2a: Kyogre|Kyogre|63\/100\n|turn|8\n|\n|t:|1698611786\n|move|p1a: Kyogre|Origin Pulse|p2a: Kyogre\n|-resisted|p2a: Kyogre\n|-damage|p2a: Kyogre|21\/100\n|move|p2a: Kyogre|Thunder|p1a: Kyogre\n|-supereffective|p1a: Kyogre\n|-crit|p1a: Kyogre\n|-damage|p1a: Kyogre|0 fnt\n|faint|p1a: Kyogre\n|\n|-weather|RainDance|[upkeep]\n|-fieldend|move: Electric Terrain\n|upkeep\n|\n|t:|1698611795\n|switch|p1a: Zacian|Zacian-Crowned|100\/100\n|-damage|p1a: Zacian|94\/100|[from] Stealth Rock\n|-ability|p1a: Zacian|Intrepid Sword|boost\n|-boost|p1a: Zacian|atk|1\n|turn|9\n|\n|t:|1698611804\n|move|p2a: Kyogre|Protect|p2a: Kyogre\n|-singleturn|p2a: Kyogre|Protect\n|move|p1a: Zacian|Wild Charge|p2a: Kyogre\n|-activate|p2a: Kyogre|move: Protect\n|\n|-weather|RainDance|[upkeep]\n|upkeep\n|turn|10\n|\n|t:|1698611815\n|move|p1a: Zacian|Wild Charge|p2a: Kyogre\n|-supereffective|p2a: Kyogre\n|-crit|p2a: Kyogre\n|-damage|p2a: Kyogre|0 fnt\n|faint|p2a: Kyogre\n|-damage|p1a: Zacian|89\/100|[from] Recoil\n|\n|-weather|RainDance|[upkeep]\n|upkeep\n|\n|t:|1698611823\n|switch|p2a: Toxapex|Toxapex, M, shiny|100\/100\n|turn|11\n|\n|t:|1698611833\n|move|p2a: Toxapex|Baneful Bunker|p2a: Toxapex\n|-singleturn|p2a: Toxapex|move: Protect\n|move|p1a: Zacian|Wild Charge|p2a: Toxapex\n|-activate|p2a: Toxapex|move: Protect\n|\n|-weather|none\n|upkeep\n|turn|12\n|\n|t:|1698611844\n|switch|p2a: Zacian|Zacian-Crowned, shiny|100\/100\n|-ability|p2a: Zacian|Intrepid Sword|boost\n|-boost|p2a: Zacian|atk|1\n|move|p1a: Zacian|Wild Charge|p2a: Zacian\n|-damage|p2a: Zacian|54\/100\n|-damage|p1a: Zacian|78\/100|[from] Recoil\n|\n|upkeep\n|turn|13\n|inactive|Query mania has 120 seconds left.\n|\n|t:|1698611874\n|-terastallize|p2a: Zacian|Fairy\n|move|p2a: Zacian|Behemoth Blade|p1a: Zacian\n|-damage|p1a: Zacian|21\/100\n|move|p1a: Zacian|Behemoth Blade|p2a: Zacian\n|-supereffective|p2a: Zacian\n|-damage|p2a: Zacian|0 fnt\n|faint|p2a: Zacian\n|\n|upkeep\n|\n|t:|1698611883\n|switch|p2a: Calyrex|Calyrex-Shadow|100\/100\n|-ability|p2a: Calyrex|As One\n|-ability|p2a: Calyrex|Unnerve\n|turn|14\n|\n|t:|1698611892\n|move|p2a: Calyrex|Astral Barrage|p1a: Zacian\n|-damage|p1a: Zacian|0 fnt\n|faint|p1a: Zacian\n|-ability|p2a: Calyrex|Grim Neigh|boost\n|-boost|p2a: Calyrex|spa|1\n|\n|upkeep\n|\n|t:|1698611899\n|switch|p1a: Rayquaza|Rayquaza|100\/100\n|-damage|p1a: Rayquaza|76\/100|[from] Stealth Rock\n|-ability|p1a: Rayquaza|Air Lock\n|turn|15\n|\n|t:|1698611908\n|move|p2a: Calyrex|Draining Kiss|p1a: Rayquaza\n|-supereffective|p1a: Rayquaza\n|-damage|p1a: Rayquaza|18\/100\n|move|p1a: Rayquaza|Dragon Dance|p1a: Rayquaza\n|-boost|p1a: Rayquaza|atk|1\n|-boost|p1a: Rayquaza|spe|1\n|\n|upkeep\n|turn|16\n|\n|t:|1698611921\n|move|p2a: Calyrex|Taunt|p1a: Rayquaza\n|-start|p1a: Rayquaza|move: Taunt\n|move|p1a: Rayquaza|Dragon Ascent|p2a: Calyrex\n|-damage|p2a: Calyrex|0 fnt\n|-unboost|p1a: Rayquaza|def|1\n|-unboost|p1a: Rayquaza|spd|1\n|faint|p2a: Calyrex\n|\n|upkeep\n|\n|t:|1698611930\n|switch|p2a: Toxapex|Toxapex, M, shiny|100\/100\n|turn|17\n|\n|t:|1698611940\n|move|p2a: Toxapex|Baneful Bunker|p2a: Toxapex\n|-singleturn|p2a: Toxapex|move: Protect\n|move|p1a: Rayquaza|Earthquake|p2a: Toxapex\n|-activate|p2a: Toxapex|move: Protect\n|\n|upkeep\n|turn|18\n|\n|t:|1698611958\n|move|p1a: Rayquaza|Earthquake|p2a: Toxapex\n|-supereffective|p2a: Toxapex\n|-damage|p2a: Toxapex|25\/100\n|move|p2a: Toxapex|Poison Jab|p1a: Rayquaza\n|-damage|p1a: Rayquaza|0 fnt\n|faint|p1a: Rayquaza\n|\n|-heal|p2a: Toxapex|32\/100|[from] item: Black Sludge\n|upkeep\n|\n|t:|1698611961\n|switch|p1a: Calyrex|Calyrex-Shadow|100\/100\n|-ability|p1a: Calyrex|As One\n|-ability|p1a: Calyrex|Unnerve\n|-damage|p1a: Calyrex|88\/100|[from] Stealth Rock\n|turn|19\n|\n|t:|1698611977\n|-terastallize|p1a: Calyrex|Ghost\n|move|p1a: Calyrex|Substitute|p1a: Calyrex\n|-start|p1a: Calyrex|Substitute\n|-damage|p1a: Calyrex|63\/100\n|move|p2a: Toxapex|Poison Jab|p1a: Calyrex\n|-resisted|p1a: Calyrex\n|-activate|p1a: Calyrex|move: Substitute|[damage]\n|\n|-heal|p1a: Calyrex|70\/100|[from] item: Leftovers\n|-heal|p2a: Toxapex|38\/100|[from] item: Black Sludge\n|upkeep\n|turn|20\n|\n|t:|1698611991\n|move|p1a: Calyrex|Leech Seed|p2a: Toxapex\n|-start|p2a: Toxapex|move: Leech Seed\n|move|p2a: Toxapex|Poison Jab|p1a: Calyrex\n|-resisted|p1a: Calyrex\n|-activate|p1a: Calyrex|move: Substitute|[damage]\n|\n|-heal|p1a: Calyrex|76\/100|[from] item: Leftovers\n|-heal|p2a: Toxapex|44\/100|[from] item: Black Sludge\n|-damage|p2a: Toxapex|32\/100|[from] Leech Seed|[of] p1a: Calyrex\n|-heal|p1a: Calyrex|87\/100|[silent]\n|upkeep\n|turn|21\n|-message|Louisgeorge12 forfeited.\n|\n|win|Query mania\n|raw|Query mania's rating: 1166 &rarr; <strong>1190<\/strong><br \/>(+24 for winning)\n|raw|Louisgeorge12's rating: 1150 &rarr; <strong>1126<\/strong><br \/>(-24 for losing)\n|l|\u2606Louisgeorge12\n","uploadtime":1698612019,"views":6,"p1id":"querymania","p2id":"louisgeorge12","formatid":"gen9anythinggoes","rating":1126,"private":0,"password":""}