{"id":"gen9anythinggoes-1978064071","p1":"DA BOYZ5","p2":"DA BOYZ 6","format":"[Gen 9] Anything Goes","log":"|j|\u2606DA BOYZ5\n|j|\u2606DA BOYZ 6\n|t:|1698493793\n|gametype|singles\n|player|p1|DA BOYZ5|swimmer-gen4dp|\n|player|p2|DA BOYZ 6|swimmerf|\n|teamsize|p1|6\n|teamsize|p2|6\n|gen|9\n|tier|[Gen 9] Anything Goes\n|rule|HP Percentage Mod: HP is shown in percentages\n|rule|Endless Battle Clause: Forcing endless battles is banned\n|clearpoke\n|poke|p1|Bisharp, F|\n|poke|p1|Skeledirge, M|\n|poke|p1|Palafin, M|\n|poke|p1|Rayquaza|\n|poke|p1|Annihilape, F|\n|poke|p1|Regieleki|\n|poke|p2|Iron Valiant|\n|poke|p2|Palafin, F|\n|poke|p2|Glimmora, M|\n|poke|p2|Gholdengo|\n|poke|p2|Espathra, F|\n|poke|p2|Chi-Yu|\n|teampreview\n|\n|t:|1698493795\n|start\n|switch|p1a: Skeledirge|Skeledirge, M|100\/100\n|switch|p2a: Espathra|Espathra, F|100\/100\n|turn|1\n|\n|t:|1698493802\n|-terastallize|p1a: Skeledirge|Fire\n|move|p2a: Espathra|Calm Mind|p2a: Espathra\n|-boost|p2a: Espathra|spa|1\n|-boost|p2a: Espathra|spd|1\n|move|p1a: Skeledirge|Torch Song|p2a: Espathra\n|-damage|p2a: Espathra|47\/100\n|-boost|p1a: Skeledirge|spa|1\n|\n|-heal|p2a: Espathra|53\/100|[from] item: Leftovers\n|-ability|p2a: Espathra|Speed Boost|boost\n|-boost|p2a: Espathra|spe|1\n|upkeep\n|turn|2\n|\n|t:|1698493812\n|move|p2a: Espathra|Protect|p2a: Espathra\n|-singleturn|p2a: Espathra|Protect\n|move|p1a: Skeledirge|Torch Song|p2a: Espathra\n|-activate|p2a: Espathra|move: Protect\n|\n|-heal|p2a: Espathra|59\/100|[from] item: Leftovers\n|-ability|p2a: Espathra|Speed Boost|boost\n|-boost|p2a: Espathra|spe|1\n|upkeep\n|turn|3\n|\n|t:|1698493822\n|move|p2a: Espathra|Baton Pass|p2a: Espathra\n|j| jayperth\n|\n|t:|1698493824\n|switch|p2a: Palafin|Palafin, F|100\/100|[from] Baton Pass\n|move|p1a: Skeledirge|Torch Song|p2a: Palafin\n|-resisted|p2a: Palafin\n|-damage|p2a: Palafin|60\/100\n|-boost|p1a: Skeledirge|spa|1\n|\n|upkeep\n|turn|4\n|\n|t:|1698493836\n|switch|p1a: Annihilape|Annihilape, F|100\/100\n|move|p2a: Palafin|Bulk Up|p2a: Palafin\n|-boost|p2a: Palafin|atk|1\n|-boost|p2a: Palafin|def|1\n|\n|upkeep\n|turn|5\n|\n|t:|1698493843\n|move|p2a: Palafin|Drain Punch|p1a: Annihilape\n|-immune|p1a: Annihilape\n|move|p1a: Annihilape|Bulk Up|p1a: Annihilape\n|-boost|p1a: Annihilape|atk|1\n|-boost|p1a: Annihilape|def|1\n|\n|upkeep\n|turn|6\n|\n|t:|1698493852\n|move|p2a: Palafin|Jet Punch|p1a: Annihilape\n|-damage|p1a: Annihilape|76\/100\n|move|p1a: Annihilape|Bulk Up|p1a: Annihilape\n|-boost|p1a: Annihilape|atk|1\n|-boost|p1a: Annihilape|def|1\n|\n|upkeep\n|turn|7\n|\n|t:|1698493861\n|detailschange|p2a: Palafin|Palafin-Hero, F\n|switch|p2a: Iron Valiant|Iron Valiant|100\/100\n|move|p1a: Annihilape|Rage Fist|p2a: Iron Valiant\n|-damage|p2a: Iron Valiant|0 fnt\n|faint|p2a: Iron Valiant\n|-end|p2a: Iron Valiant|Quark Drive|[silent]\n|\n|upkeep\n|-message|DA BOYZ 6 forfeited.\n|\n|win|DA BOYZ5\n|l|\u2606DA BOYZ 6\n","uploadtime":1698493877,"views":11,"p1id":"daboyz5","p2id":"daboyz6","formatid":"gen9anythinggoes","rating":0,"private":0,"password":""}