{"id":"gen9anythinggoes-1974769274","p1":"LiquidPlazmid77","p2":"GLIZZYGOBBLER212","format":"[Gen 9] Anything Goes","log":"|j|\u2606LiquidPlazmid77\n|j|\u2606GLIZZYGOBBLER212\n|t:|1698119970\n|gametype|singles\n|player|p1|LiquidPlazmid77|nate|\n|player|p2|GLIZZYGOBBLER212|2|\n|teamsize|p1|6\n|teamsize|p2|6\n|gen|9\n|tier|[Gen 9] Anything Goes\n|rule|HP Percentage Mod: HP is shown in percentages\n|rule|Endless Battle Clause: Forcing endless battles is banned\n|clearpoke\n|poke|p1|Iron Bundle|\n|poke|p1|Ogerpon-Hearthflame, F|\n|poke|p1|Sylveon, F|\n|poke|p1|Walking Wake|\n|poke|p1|Sandy Shocks|\n|poke|p1|Donphan, M|\n|poke|p2|Garchomp, F|\n|poke|p2|Kommo-o, F|\n|poke|p2|Gengar, F|\n|poke|p2|Arcanine, F|\n|poke|p2|Thundurus, M|\n|poke|p2|Diancie|\n|teampreview\n|\n|t:|1698119990\n|start\n|switch|p1a: Hey Ya!|Iron Bundle, shiny|100\/100\n|switch|p2a: Gengar|Gengar, F|100\/100\n|turn|1\n|j| Keyloada\n|\n|t:|1698120008\n|move|p1a: Hey Ya!|Ice Beam|p2a: Gengar\n|-damage|p2a: Gengar|31\/100\n|-start|p1a: Hey Ya!|Disable|Ice Beam|[from] ability: Cursed Body|[of] p2a: Gengar\n|move|p2a: Gengar|Brick Break|p1a: Hey Ya!\n|-supereffective|p1a: Hey Ya!\n|-crit|p1a: Hey Ya!\n|-damage|p1a: Hey Ya!|59\/100\n|\n|upkeep\n|turn|2\n|j| NotJumeee\n|\n|t:|1698120029\n|-singleturn|p2a: Gengar|move: Focus Punch\n|move|p1a: Hey Ya!|Freeze-Dry|p2a: Gengar\n|-crit|p2a: Gengar\n|-damage|p2a: Gengar|0 fnt\n|faint|p2a: Gengar\n|\n|upkeep\n|\n|t:|1698120038\n|switch|p2a: Garchomp|Garchomp, F|100\/100\n|turn|3\n|\n|t:|1698120042\n|move|p1a: Hey Ya!|Freeze-Dry|p2a: Garchomp\n|-supereffective|p2a: Garchomp\n|-damage|p2a: Garchomp|0 fnt\n|faint|p2a: Garchomp\n|\n|upkeep\n|\n|t:|1698120047\n|switch|p2a: Thundurus|Thundurus, M|100\/100\n|turn|4\n|\n|t:|1698120053\n|move|p1a: Hey Ya!|Freeze-Dry|p2a: Thundurus\n|-supereffective|p2a: Thundurus\n|-damage|p2a: Thundurus|0 fnt\n|faint|p2a: Thundurus\n|\n|-end|p1a: Hey Ya!|Disable\n|upkeep\n|\n|t:|1698120061\n|switch|p2a: Arcanine|Arcanine, F|100\/100\n|turn|5\n|\n|t:|1698120081\n|-end|p1a: Hey Ya!|Quark Drive|[silent]\n|switch|p1a: Scary Monsters|Walking Wake|100\/100\n|-enditem|p1a: Scary Monsters|Booster Energy\n|-activate|p1a: Scary Monsters|ability: Protosynthesis|[fromitem]\n|-start|p1a: Scary Monsters|protosynthesisspe\n|move|p2a: Arcanine|Fire Fang|p1a: Scary Monsters\n|-resisted|p1a: Scary Monsters\n|-damage|p1a: Scary Monsters|89\/100\n|\n|upkeep\n|turn|6\n|\n|t:|1698120094\n|switch|p2a: Kommo-o|Kommo-o, F|100\/100\n|move|p1a: Scary Monsters|Hydro Steam|p2a: Kommo-o\n|-resisted|p2a: Kommo-o\n|-damage|p2a: Kommo-o|82\/100\n|\n|upkeep\n|turn|7\n|\n|t:|1698120103\n|move|p1a: Scary Monsters|Dragon Pulse|p2a: Kommo-o\n|-supereffective|p2a: Kommo-o\n|-damage|p2a: Kommo-o|0 fnt\n|faint|p2a: Kommo-o\n|\n|upkeep\n|\n|t:|1698120108\n|switch|p2a: Arcanine|Arcanine, F|100\/100\n|turn|8\n|\n|t:|1698120117\n|-end|p1a: Scary Monsters|Protosynthesis|[silent]\n|switch|p1a: Tusk|Donphan, M|100\/100\n|move|p2a: Arcanine|Hyper Voice|p1a: Tusk\n|-damage|p1a: Tusk|73\/100\n|\n|upkeep\n|turn|9\n|\n|t:|1698120127\n|-terastallize|p2a: Arcanine|Fire\n|move|p2a: Arcanine|Hyper Voice|p1a: Tusk\n|-damage|p1a: Tusk|43\/100\n|move|p1a: Tusk|Earthquake|p2a: Arcanine\n|-supereffective|p2a: Arcanine\n|-damage|p2a: Arcanine|0 fnt\n|faint|p2a: Arcanine\n|\n|upkeep\n|\n|t:|1698120136\n|switch|p2a: Diancie|Diancie|100\/100\n|turn|10\n|\n|t:|1698120143\n|switch|p1a: Scary Monsters|Walking Wake|89\/100\n|move|p2a: Diancie|Draining Kiss|p1a: Scary Monsters\n|-supereffective|p1a: Scary Monsters\n|-damage|p1a: Scary Monsters|45\/100\n|\n|upkeep\n|turn|11\n|j| twinbear\n|\n|t:|1698120152\n|move|p1a: Scary Monsters|Hydro Steam|p2a: Diancie\n|-supereffective|p2a: Diancie\n|-crit|p2a: Diancie\n|-damage|p2a: Diancie|0 fnt\n|faint|p2a: Diancie\n|\n|win|LiquidPlazmid77\n|l|\u2606GLIZZYGOBBLER212\n|l| NotJumeee\n|l| twinbear\n","uploadtime":1698120180,"views":17,"p1id":"liquidplazmid77","p2id":"glizzygobbler212","formatid":"gen9anythinggoes","rating":0,"private":0,"password":""}