{"id":"gen9anythinggoes-1975452293","p1":"VexingDeathToday","p2":"Ziyays","format":"[Gen 9] Anything Goes","log":"|j|\u2606VexingDeathToday\n|j|\u2606Ziyays\n|t:|1698192848\n|gametype|singles\n|player|p1|VexingDeathToday|n|1092\n|player|p2|Ziyays|265|1107\n|teamsize|p1|6\n|teamsize|p2|6\n|gen|9\n|tier|[Gen 9] Anything Goes\n|rated|\n|rule|HP Percentage Mod: HP is shown in percentages\n|rule|Endless Battle Clause: Forcing endless battles is banned\n|clearpoke\n|poke|p1|Electrode-Hisui|\n|poke|p1|Electrode-Hisui|\n|poke|p1|Electrode-Hisui|\n|poke|p1|Electrode-Hisui|\n|poke|p1|Tyranitar, F|\n|poke|p1|Houndstone, F|\n|poke|p2|Koraidon|\n|poke|p2|Gliscor, M|\n|poke|p2|Lucario, M|\n|poke|p2|Kingambit, M|\n|poke|p2|Urshifu-*, M|\n|poke|p2|Klefki, M|\n|teampreview\n|inactive|Battle timer is ON: inactive players will automatically lose when time's up. (requested by VexingDeathToday)\n|\n|t:|1698192854\n|start\n|switch|p1a: NUKE|Electrode-Hisui|100\/100\n|switch|p2a: Gliscor|Gliscor, M|100\/100\n|turn|1\n|\n|t:|1698192862\n|-terastallize|p2a: Gliscor|Ground\n|move|p1a: NUKE|Explosion|p2a: Gliscor\n|-damage|p2a: Gliscor|60\/100\n|faint|p1a: NUKE\n|move|p2a: Gliscor|Swords Dance|p2a: Gliscor\n|-boost|p2a: Gliscor|atk|2\n|\n|upkeep\n|c|\u2606VexingDeathToday|Gl\n|\n|t:|1698192874\n|switch|p1a: NUKE|Electrode-Hisui|100\/100\n|turn|2\n|\n|t:|1698192878\n|move|p1a: NUKE|Chloroblast|p2a: Gliscor\n|-supereffective|p2a: Gliscor\n|-damage|p2a: Gliscor|0 fnt\n|faint|p2a: Gliscor\n|-damage|p1a: NUKE|50\/100|[from] Recoil\n|\n|upkeep\n|\n|t:|1698192886\n|switch|p2a: Koraidon|Koraidon|100\/100\n|-weather|SunnyDay|[from] ability: Orichalcum Pulse|[of] p2a: Koraidon\n|-activate|p2a: Koraidon|Orichalcum Pulse|[source]\n|turn|3\n|c|\u2606VexingDeathToday|Bye bye ground tera\n|\n|t:|1698192897\n|move|p1a: NUKE|Chloroblast|p2a: Koraidon\n|-resisted|p2a: Koraidon\n|-crit|p2a: Koraidon\n|-damage|p2a: Koraidon|71\/100\n|-damage|p1a: NUKE|0 fnt|[from] Recoil\n|faint|p1a: NUKE\n|move|p2a: Koraidon|Collision Course|p1: NUKE|[notarget]\n|-fail|p2a: Koraidon\n|\n|-weather|SunnyDay|[upkeep]\n|upkeep\n|\n|t:|1698192907\n|switch|p1a: NUKE|Electrode-Hisui|100\/100\n|turn|4\n|\n|t:|1698192915\n|move|p1a: NUKE|Explosion|p2a: Koraidon\n|-damage|p2a: Koraidon|29\/100\n|faint|p1a: NUKE\n|move|p2a: Koraidon|Acrobatics|p1: NUKE|[notarget]\n|-fail|p2a: Koraidon\n|\n|-weather|SunnyDay|[upkeep]\n|upkeep\n|\n|t:|1698192925\n|switch|p1a: NUKE|Electrode-Hisui|100\/100\n|turn|5\n|\n|t:|1698192929\n|move|p1a: NUKE|Explosion|p2a: Koraidon\n|-damage|p2a: Koraidon|0 fnt\n|faint|p1a: NUKE\n|faint|p2a: Koraidon\n|\n|-weather|SunnyDay|[upkeep]\n|upkeep\n|c|\u2606VexingDeathToday|Bye bye korai\n|\n|t:|1698192942\n|switch|p1a: JHfor sand|Tyranitar, F, shiny|100\/100\n|switch|p2a: Urshifu|Urshifu, M|100\/100\n|-ability|p1a: JHfor sand|Unnerve\n|turn|6\n|\n|t:|1698192950\n|move|p2a: Urshifu|Close Combat|p1a: JHfor sand\n|-supereffective|p1a: JHfor sand\n|-damage|p1a: JHfor sand|0 fnt\n|-unboost|p2a: Urshifu|def|1\n|-unboost|p2a: Urshifu|spd|1\n|faint|p1a: JHfor sand\n|\n|-weather|SunnyDay|[upkeep]\n|upkeep\n|\n|t:|1698192959\n|switch|p1a: Nuclear Dog|Houndstone, F|100\/100\n|turn|7\n|c|\u2606VexingDeathToday|Gl with dis\n|\n|t:|1698192970\n|switch|p2a: Kingambit|Kingambit, M|100\/100\n|-activate|p2a: Kingambit|ability: Supreme Overlord\n|-start|p2a: Kingambit|fallen2|[silent]\n|-terastallize|p1a: Nuclear Dog|Ghost\n|move|p1a: Nuclear Dog|Last Respects|p2a: Kingambit\n|-resisted|p2a: Kingambit\n|-crit|p2a: Kingambit\n|-damage|p2a: Kingambit|0 fnt\n|faint|p2a: Kingambit\n|-end|p2a: Kingambit|fallen2|[silent]\n|\n|-weather|none\n|upkeep\n|\n|t:|1698192981\n|switch|p2a: Lucario|Lucario, M|100\/100\n|turn|8\n|\n|t:|1698192985\n|move|p1a: Nuclear Dog|Last Respects|p2a: Lucario\n|-damage|p2a: Lucario|0 fnt\n|faint|p2a: Lucario\n|\n|upkeep\n|\n|t:|1698192991\n|switch|p2a: Klefki|Klefki, M|100\/100\n|turn|9\n|c|\u2606VexingDeathToday|Lucario trash and so r u\n|\n|t:|1698193000\n|move|p1a: Nuclear Dog|Last Respects|p2a: Klefki\n|-crit|p2a: Klefki\n|-enditem|p2a: Klefki|Focus Sash\n|-damage|p2a: Klefki|1\/100\n|move|p2a: Klefki|Trick Room|p2a: Klefki\n|-fieldstart|move: Trick Room|[of] p2a: Klefki\n|\n|upkeep\n|turn|10\n|\n|t:|1698193008\n|move|p2a: Klefki|Light Screen|p2a: Klefki\n|-sidestart|p2: Ziyays|move: Light Screen\n|move|p1a: Nuclear Dog|Last Respects|p2a: Klefki\n|-damage|p2a: Klefki|0 fnt\n|faint|p2a: Klefki\n|\n|upkeep\n|\n|t:|1698193014\n|switch|p2a: Urshifu|Urshifu, M|100\/100\n|turn|11\n|c|\u2606VexingDeathToday|Fuck fuck fuck\n|\n|t:|1698193023\n|move|p2a: Urshifu|Acrobatics|p1a: Nuclear Dog\n|-damage|p1a: Nuclear Dog|65\/100\n|move|p1a: Nuclear Dog|Last Respects|p2a: Urshifu\n|-resisted|p2a: Urshifu\n|-damage|p2a: Urshifu|6\/100\n|\n|upkeep\n|turn|12\n|\n|t:|1698193034\n|move|p2a: Urshifu|Acrobatics|p1a: Nuclear Dog\n|-damage|p1a: Nuclear Dog|30\/100\n|move|p1a: Nuclear Dog|Last Respects|p2a: Urshifu\n|-resisted|p2a: Urshifu\n|-damage|p2a: Urshifu|0 fnt\n|faint|p2a: Urshifu\n|\n|win|VexingDeathToday\n|raw|VexingDeathToday's rating: 1092 &rarr; <strong>1119<\/strong><br \/>(+27 for winning)\n|raw|Ziyays's rating: 1107 &rarr; <strong>1081<\/strong><br \/>(-26 for losing)\n","uploadtime":1698193021,"views":9,"p1id":"vexingdeathtoday","p2id":"ziyays","formatid":"gen9anythinggoes","rating":1081,"private":0,"password":""}