{"id":"gen9anythinggoes-1977193417","p1":"deadlyfungus15","p2":"tbone5309","format":"[Gen 9] Anything Goes","log":"|j|\u2606deadlyfungus15\n|j|\u2606tbone5309\n|t:|1698384173\n|gametype|singles\n|player|p1|deadlyfungus15|pokekid|1203\n|player|p2|tbone5309|policeman-gen4|1163\n|teamsize|p1|6\n|teamsize|p2|6\n|gen|9\n|tier|[Gen 9] Anything Goes\n|rated|\n|rule|HP Percentage Mod: HP is shown in percentages\n|rule|Endless Battle Clause: Forcing endless battles is banned\n|clearpoke\n|poke|p1|Dugtrio, F|\n|poke|p1|Dugtrio, M|\n|poke|p1|Dugtrio, M|\n|poke|p1|Dugtrio, M|\n|poke|p1|Dugtrio, M|\n|poke|p1|Gothitelle, F|\n|poke|p2|Jumpluff, M|\n|poke|p2|Calyrex-Shadow|\n|poke|p2|Oricorio-Pom-Pom, M|\n|poke|p2|Cyclizar, F|\n|poke|p2|Torkoal, M|\n|poke|p2|Mewtwo|\n|teampreview\n|inactive|Battle timer is ON: inactive players will automatically lose when time's up. (requested by deadlyfungus15)\n|\n|t:|1698384198\n|start\n|switch|p1a: Dugtrio|Dugtrio, F|100\/100\n|switch|p2a: Torkoal|Torkoal, M|100\/100\n|-weather|SunnyDay|[from] ability: Drought|[of] p2a: Torkoal\n|turn|1\n|\n|t:|1698384209\n|move|p1a: Dugtrio|Stealth Rock|p2a: Torkoal\n|-sidestart|p2: tbone5309|move: Stealth Rock\n|move|p2a: Torkoal|Yawn|p1a: Dugtrio\n|-start|p1a: Dugtrio|move: Yawn|[of] p2a: Torkoal\n|\n|-weather|SunnyDay|[upkeep]\n|upkeep\n|turn|2\n|\n|t:|1698384221\n|move|p1a: Dugtrio|Memento|p2a: Torkoal\n|-unboost|p2a: Torkoal|atk|2\n|-unboost|p2a: Torkoal|spa|2\n|faint|p1a: Dugtrio\n|move|p2a: Torkoal|Clear Smog|p1: Dugtrio|[notarget]\n|-fail|p2a: Torkoal\n|\n|-weather|SunnyDay|[upkeep]\n|upkeep\n|\n|t:|1698384233\n|switch|p1a: Dugtrio|Dugtrio, M|100\/100\n|turn|3\n|\n|t:|1698384242\n|move|p1a: Dugtrio|Earthquake|p2a: Torkoal\n|-supereffective|p2a: Torkoal\n|-damage|p2a: Torkoal|45\/100\n|move|p2a: Torkoal|Yawn|p1a: Dugtrio\n|-start|p1a: Dugtrio|move: Yawn|[of] p2a: Torkoal\n|\n|-weather|SunnyDay|[upkeep]\n|upkeep\n|turn|4\n|\n|t:|1698384250\n|move|p1a: Dugtrio|Memento|p2a: Torkoal\n|-unboost|p2a: Torkoal|atk|2\n|-unboost|p2a: Torkoal|spa|2\n|faint|p1a: Dugtrio\n|move|p2a: Torkoal|Eruption|p1: Dugtrio|[notarget]\n|-fail|p2a: Torkoal\n|\n|-weather|SunnyDay|[upkeep]\n|upkeep\n|\n|t:|1698384263\n|switch|p1a: Dugtrio|Dugtrio, M|100\/100\n|turn|5\n|\n|t:|1698384270\n|move|p1a: Dugtrio|Earthquake|p2a: Torkoal\n|-supereffective|p2a: Torkoal\n|-damage|p2a: Torkoal|0 fnt\n|faint|p2a: Torkoal\n|\n|-weather|SunnyDay|[upkeep]\n|upkeep\n|\n|t:|1698384300\n|switch|p2a: Calyrex|Calyrex-Shadow|100\/100\n|-ability|p2a: Calyrex|As One\n|-ability|p2a: Calyrex|Unnerve\n|-damage|p2a: Calyrex|88\/100|[from] Stealth Rock\n|turn|6\n|\n|t:|1698384309\n|move|p2a: Calyrex|Growth|p2a: Calyrex\n|-boost|p2a: Calyrex|atk|2\n|-boost|p2a: Calyrex|spa|2\n|move|p1a: Dugtrio|Night Slash|p2a: Calyrex\n|-supereffective|p2a: Calyrex\n|-damage|p2a: Calyrex|3\/100\n|-enditem|p2a: Calyrex|Aguav Berry|[eat]\n|-heal|p2a: Calyrex|36\/100|[from] item: Aguav Berry\n|\n|-weather|SunnyDay|[upkeep]\n|upkeep\n|turn|7\n|\n|t:|1698384319\n|move|p2a: Calyrex|Giga Drain|p1a: Dugtrio\n|-supereffective|p1a: Dugtrio\n|-damage|p1a: Dugtrio|0 fnt\n|-heal|p2a: Calyrex|62\/100|[from] drain|[of] p1a: Dugtrio\n|faint|p1a: Dugtrio\n|-ability|p2a: Calyrex|Grim Neigh|boost\n|-boost|p2a: Calyrex|spa|1\n|\n|-weather|SunnyDay|[upkeep]\n|upkeep\n|-message|deadlyfungus15 forfeited.\n|\n|win|tbone5309\n|raw|deadlyfungus15's rating: 1203 &rarr; <strong>1175<\/strong><br \/>(-28 for losing)\n|raw|tbone5309's rating: 1163 &rarr; <strong>1191<\/strong><br \/>(+28 for winning)\n|l|\u2606deadlyfungus15\n","uploadtime":1698384356,"views":14,"p1id":"deadlyfungus15","p2id":"tbone5309","formatid":"gen9anythinggoes","rating":1175,"private":0,"password":""}