{"id":"gen9anythinggoes-1996920239","p1":"zealo","p2":"arafatr871","format":"[Gen 9] Anything Goes","log":"|j|\u2606zealo\n|j|\u2606arafatr871\n|t:|1700744945\n|gametype|singles\n|player|p1|zealo|zirco-unite|1570\n|player|p2|arafatr871|ingo|1669\n|teamsize|p1|6\n|teamsize|p2|6\n|gen|9\n|tier|[Gen 9] Anything Goes\n|rated|\n|rule|HP Percentage Mod: HP is shown in percentages\n|rule|Endless Battle Clause: Forcing endless battles is banned\n|clearpoke\n|poke|p1|Koraidon|\n|poke|p1|Ribombee, M|\n|poke|p1|Ditto|\n|poke|p1|Arceus|\n|poke|p1|Zacian-*|\n|poke|p1|Calyrex-Shadow|\n|poke|p2|Calyrex-Shadow|\n|poke|p2|Chansey, F|\n|poke|p2|Clodsire, F|\n|poke|p2|Koraidon|\n|poke|p2|Arceus-Dark|\n|poke|p2|Kyogre|\n|teampreview\n|inactive|Battle timer is ON: inactive players will automatically lose when time's up. (requested by arafatr871)\n|inactive|arafatr871 has 120 seconds left.\n|\n|t:|1700744985\n|start\n|switch|p1a: Ribombee|Ribombee, M|100\/100\n|switch|p2a: Koraidon|Koraidon|100\/100\n|-weather|SunnyDay|[from] ability: Orichalcum Pulse|[of] p2a: Koraidon\n|-activate|p2a: Koraidon|Orichalcum Pulse|[source]\n|turn|1\n|j| Yang_jl\n|inactive|zealo has 120 seconds left.\n|l| Yang_jl\n|\n|t:|1700745033\n|move|p2a: Koraidon|Flame Charge|p1a: Ribombee\n|-supereffective|p1a: Ribombee\n|-enditem|p1a: Ribombee|Focus Sash\n|-damage|p1a: Ribombee|1\/100\n|-boost|p2a: Koraidon|spe|1\n|move|p1a: Ribombee|Sticky Web|p2a: Koraidon\n|-sidestart|p2: arafatr871|move: Sticky Web\n|\n|-weather|SunnyDay|[upkeep]\n|upkeep\n|turn|2\n|\n|t:|1700745043\n|move|p2a: Koraidon|Flame Charge|p1a: Ribombee\n|-supereffective|p1a: Ribombee\n|-damage|p1a: Ribombee|0 fnt\n|-boost|p2a: Koraidon|spe|1\n|faint|p1a: Ribombee\n|\n|-weather|SunnyDay|[upkeep]\n|upkeep\n|\n|t:|1700745045\n|switch|p1a: Ditto|Ditto|100\/100\n|-transform|p1a: Ditto|p2a: Koraidon|[from] ability: Imposter\n|-activate|p1a: Ditto|ability: Orichalcum Pulse\n|turn|3\n|\n|t:|1700745052\n|-terastallize|p2a: Koraidon|Fire\n|move|p1a: Ditto|Scale Shot|p2a: Koraidon\n|-damage|p2a: Koraidon|84\/100\n|-damage|p2a: Koraidon|69\/100\n|-hitcount|p2a: Koraidon|2\n|-unboost|p1a: Ditto|def|1\n|-boost|p1a: Ditto|spe|1\n|move|p2a: Koraidon|Scale Shot|p1a: Ditto\n|-supereffective|p1a: Ditto\n|-damage|p1a: Ditto|44\/100\n|-supereffective|p1a: Ditto\n|-damage|p1a: Ditto|0 fnt\n|faint|p1a: Ditto\n|-hitcount|p1: Ditto|2\n|-unboost|p2a: Koraidon|def|1\n|-boost|p2a: Koraidon|spe|1\n|\n|-weather|SunnyDay|[upkeep]\n|upkeep\n|inactive|zealo has 120 seconds left.\n|\n|t:|1700745068\n|switch|p1a: Zacian|Zacian-Crowned|100\/100\n|-ability|p1a: Zacian|Intrepid Sword|boost\n|-boost|p1a: Zacian|atk|1\n|turn|4\n|inactive|zealo has 120 seconds left.\n|\n|t:|1700745073\n|move|p2a: Koraidon|Flame Charge|p1a: Zacian\n|-supereffective|p1a: Zacian\n|-damage|p1a: Zacian|0 fnt\n|-boost|p2a: Koraidon|spe|1\n|faint|p1a: Zacian\n|\n|-weather|SunnyDay|[upkeep]\n|upkeep\n|inactive|zealo has 120 seconds left.\n|\n|t:|1700745080\n|switch|p1a: Calyrex|Calyrex-Shadow|100\/100\n|-ability|p1a: Calyrex|As One\n|-ability|p1a: Calyrex|Unnerve\n|turn|5\n|\n|t:|1700745086\n|move|p2a: Koraidon|Scale Shot|p1a: Calyrex\n|-damage|p1a: Calyrex|82\/100\n|-damage|p1a: Calyrex|64\/100\n|-damage|p1a: Calyrex|48\/100\n|-damage|p1a: Calyrex|30\/100\n|-damage|p1a: Calyrex|14\/100\n|-hitcount|p1a: Calyrex|5\n|-unboost|p2a: Koraidon|def|1\n|-boost|p2a: Koraidon|spe|1\n|move|p1a: Calyrex|Astral Barrage|p2a: Koraidon\n|-damage|p2a: Koraidon|3\/100\n|\n|-weather|none\n|upkeep\n|turn|6\n|\n|t:|1700745099\n|-terastallize|p1a: Calyrex|Fairy\n|move|p2a: Koraidon|Flame Charge|p1a: Calyrex\n|-damage|p1a: Calyrex|0 fnt\n|-boost|p2a: Koraidon|spe|1\n|faint|p1a: Calyrex\n|\n|upkeep\n|\n|t:|1700745104\n|switch|p1a: Arceus|Arceus|100\/100\n|turn|7\n|\n|t:|1700745108\n|move|p1a: Arceus|Extreme Speed|p2a: Koraidon\n|-damage|p2a: Koraidon|0 fnt\n|faint|p2a: Koraidon\n|\n|upkeep\n|\n|t:|1700745118\n|switch|p2a: Arceus|Arceus-Dark|100\/100\n|-activate|p2a: Arceus|move: Sticky Web\n|-unboost|p2a: Arceus|spe|1\n|turn|8\n|\n|t:|1700745123\n|move|p1a: Arceus|Dragon Dance|p1a: Arceus\n|-boost|p1a: Arceus|atk|1\n|-boost|p1a: Arceus|spe|1\n|move|p2a: Arceus|Will-O-Wisp|p1a: Arceus\n|-status|p1a: Arceus|brn\n|\n|-damage|p1a: Arceus|94\/100 brn|[from] brn\n|upkeep\n|turn|9\n|\n|t:|1700745127\n|move|p1a: Arceus|Dragon Dance|p1a: Arceus\n|-boost|p1a: Arceus|atk|1\n|-boost|p1a: Arceus|spe|1\n|move|p2a: Arceus|Taunt|p1a: Arceus\n|-start|p1a: Arceus|move: Taunt\n|\n|-damage|p1a: Arceus|88\/100 brn|[from] brn\n|upkeep\n|turn|10\n|\n|t:|1700745130\n|move|p1a: Arceus|Extreme Speed|p2a: Arceus\n|-damage|p2a: Arceus|65\/100\n|move|p2a: Arceus|Judgment|p1a: Arceus\n|-crit|p1a: Arceus\n|-damage|p1a: Arceus|29\/100 brn\n|\n|-damage|p1a: Arceus|23\/100 brn|[from] brn\n|upkeep\n|turn|11\n|\n|t:|1700745135\n|move|p1a: Arceus|Extreme Speed|p2a: Arceus\n|-damage|p2a: Arceus|28\/100\n|move|p2a: Arceus|Judgment|p1a: Arceus\n|-damage|p1a: Arceus|0 fnt\n|faint|p1a: Arceus\n|\n|upkeep\n|\n|t:|1700745138\n|switch|p1a: Koraidon|Koraidon|100\/100\n|-weather|SunnyDay|[from] ability: Orichalcum Pulse|[of] p1a: Koraidon\n|-activate|p1a: Koraidon|Orichalcum Pulse|[source]\n|turn|12\n|\n|t:|1700745141\n|move|p1a: Koraidon|Scale Shot|p2a: Arceus\n|-damage|p2a: Arceus|14\/100\n|-damage|p2a: Arceus|2\/100\n|-damage|p2a: Arceus|0 fnt\n|faint|p2a: Arceus\n|-hitcount|p2: Arceus|3\n|-unboost|p1a: Koraidon|def|1\n|-boost|p1a: Koraidon|spe|1\n|\n|-weather|SunnyDay|[upkeep]\n|upkeep\n|\n|t:|1700745153\n|switch|p2a: Chansey|Chansey, F, shiny|100\/100\n|-activate|p2a: Chansey|move: Sticky Web\n|-unboost|p2a: Chansey|spe|1\n|turn|13\n|\n|t:|1700745161\n|move|p1a: Koraidon|Swords Dance|p1a: Koraidon\n|-boost|p1a: Koraidon|atk|2\n|move|p2a: Chansey|Thunder Wave|p1a: Koraidon\n|-status|p1a: Koraidon|par\n|\n|-weather|SunnyDay|[upkeep]\n|upkeep\n|turn|14\n|\n|t:|1700745165\n|move|p1a: Koraidon|Scale Shot|p2a: Chansey\n|-damage|p2a: Chansey|76\/100\n|-damage|p2a: Chansey|51\/100\n|-damage|p2a: Chansey|24\/100\n|-damage|p2a: Chansey|0 fnt\n|faint|p2a: Chansey\n|-hitcount|p2: Chansey|4\n|-unboost|p1a: Koraidon|def|1\n|-boost|p1a: Koraidon|spe|1\n|\n|-weather|SunnyDay|[upkeep]\n|upkeep\n|\n|t:|1700745180\n|switch|p2a: Kyogre|Kyogre, shiny|100\/100\n|-activate|p2a: Kyogre|move: Sticky Web\n|-unboost|p2a: Kyogre|spe|1\n|-weather|RainDance|[from] ability: Drizzle|[of] p2a: Kyogre\n|turn|15\n|\n|t:|1700745183\n|move|p1a: Koraidon|Scale Shot|p2a: Kyogre\n|-damage|p2a: Kyogre|65\/100\n|-damage|p2a: Kyogre|35\/100\n|-damage|p2a: Kyogre|4\/100\n|-damage|p2a: Kyogre|0 fnt\n|faint|p2a: Kyogre\n|-hitcount|p2: Kyogre|4\n|-unboost|p1a: Koraidon|def|1\n|-boost|p1a: Koraidon|spe|1\n|\n|-weather|RainDance|[upkeep]\n|upkeep\n|\n|t:|1700745190\n|switch|p2a: Calyrex|Calyrex-Shadow|100\/100\n|-ability|p2a: Calyrex|As One\n|-ability|p2a: Calyrex|Unnerve\n|-activate|p2a: Calyrex|move: Sticky Web\n|-unboost|p2a: Calyrex|spe|1\n|turn|16\n|\n|t:|1700745194\n|move|p1a: Koraidon|Scale Shot|p2a: Calyrex\n|-damage|p2a: Calyrex|65\/100\n|-damage|p2a: Calyrex|30\/100\n|-damage|p2a: Calyrex|0 fnt\n|faint|p2a: Calyrex\n|-hitcount|p2: Calyrex|3\n|-unboost|p1a: Koraidon|def|1\n|-boost|p1a: Koraidon|spe|1\n|\n|-weather|RainDance|[upkeep]\n|upkeep\n|\n|t:|1700745201\n|switch|p2a: Clodsire|Clodsire, F, shiny|100\/100\n|-activate|p2a: Clodsire|move: Sticky Web\n|-unboost|p2a: Clodsire|spe|1\n|turn|17\n|\n|t:|1700745204\n|move|p1a: Koraidon|Scale Shot|p2a: Clodsire\n|-damage|p2a: Clodsire|84\/100\n|-crit|p2a: Clodsire\n|-damage|p2a: Clodsire|60\/100\n|-damage|p2a: Clodsire|44\/100\n|-damage|p2a: Clodsire|28\/100\n|-hitcount|p2a: Clodsire|4\n|-unboost|p1a: Koraidon|def|1\n|-boost|p1a: Koraidon|spe|1\n|move|p2a: Clodsire|Earthquake|p1a: Koraidon\n|-damage|p1a: Koraidon|76\/100 par\n|\n|-weather|RainDance|[upkeep]\n|-heal|p2a: Clodsire|34\/100|[from] item: Leftovers\n|upkeep\n|turn|18\n|\n|t:|1700745211\n|move|p1a: Koraidon|Scale Shot|p2a: Clodsire\n|-damage|p2a: Clodsire|17\/100\n|-damage|p2a: Clodsire|1\/100\n|-damage|p2a: Clodsire|0 fnt\n|faint|p2a: Clodsire\n|-hitcount|p2: Clodsire|3\n|\n|win|zealo\n|raw|zealo's rating: 1570 &rarr; <strong>1596<\/strong><br \/>(+26 for winning)\n|raw|arafatr871's rating: 1669 &rarr; <strong>1643<\/strong><br \/>(-26 for losing)\n|c|\u2606zealo|comeback\n|c|\u2606zealo|COMEBACK\n|c|\u2606zealo|gg man\n|c|\u2606zealo|sory\n|l|\u2606arafatr871\n|j| laprasplayer\n|l|\u2606zealo\n|j|\u2606zealo\n|player|p1|zealo|zirco-unite\n|l|\u2606zealo\n|player|p1|\n|j| dasort\n|j| PrimalKyogre555\n|j| eavo\n|l| PrimalKyogre555\n|j| HeavenBurningLight\n|j| PrimalKyogre555\n|l| PrimalKyogre555\n","uploadtime":1700745679,"views":0,"p1id":"zealo","p2id":"arafatr871","formatid":"gen9anythinggoes","rating":1596,"private":0,"password":""}