{"id":"gen9anythinggoes-1980101887","p1":"Wildfiree","p2":"hoenn militian","format":"[Gen 9] Anything Goes","log":"|j|\u2606Wildfiree\n|j|\u2606hoenn militian\n|t:|1698757384\n|gametype|singles\n|player|p1|Wildfiree|carmine-festival|1694\n|player|p2|hoenn militian|101|1817\n|teamsize|p1|6\n|teamsize|p2|6\n|gen|9\n|tier|[Gen 9] Anything Goes\n|rated|\n|rule|HP Percentage Mod: HP is shown in percentages\n|rule|Endless Battle Clause: Forcing endless battles is banned\n|clearpoke\n|poke|p1|Ursaluna-Bloodmoon, M|\n|poke|p1|Koraidon|\n|poke|p1|Calyrex-Ice|\n|poke|p1|Rayquaza|\n|poke|p1|Arceus-Fairy|\n|poke|p1|Arceus|\n|poke|p2|Miraidon|\n|poke|p2|Grimmsnarl, M|\n|poke|p2|Skeledirge, M|\n|poke|p2|Blissey, F|\n|poke|p2|Moltres|\n|poke|p2|Calyrex-Ice|\n|teampreview\n|inactive|Battle timer is ON: inactive players will automatically lose when time's up. (requested by Wildfiree)\n|\n|t:|1698757408\n|start\n|switch|p1a: Quetzalcoatl|Rayquaza|100\/100\n|switch|p2a: Moltres|Moltres|100\/100\n|-ability|p1a: Quetzalcoatl|Air Lock\n|turn|1\n|\n|t:|1698757417\n|move|p1a: Quetzalcoatl|Stealth Rock|p2a: Moltres\n|-sidestart|p2: hoenn militian|move: Stealth Rock\n|move|p2a: Moltres|Will-O-Wisp|p1a: Quetzalcoatl\n|-status|p1a: Quetzalcoatl|brn\n|\n|-damage|p1a: Quetzalcoatl|95\/100 brn|[from] brn\n|upkeep\n|turn|2\n|\n|t:|1698757433\n|move|p1a: Quetzalcoatl|Dragon Ascent|p2a: Moltres\n|-damage|p2a: Moltres|73\/100\n|-unboost|p1a: Quetzalcoatl|def|1\n|-unboost|p1a: Quetzalcoatl|spd|1\n|move|p2a: Moltres|Will-O-Wisp|p1a: Quetzalcoatl|[miss]\n|-miss|p2a: Moltres|p1a: Quetzalcoatl\n|\n|-damage|p1a: Quetzalcoatl|89\/100 brn|[from] brn\n|upkeep\n|turn|3\n|\n|t:|1698757441\n|move|p1a: Quetzalcoatl|Dragon Ascent|p2a: Moltres\n|-damage|p2a: Moltres|45\/100\n|-unboost|p1a: Quetzalcoatl|def|1\n|-unboost|p1a: Quetzalcoatl|spd|1\n|move|p2a: Moltres|Roost|p2a: Moltres\n|-heal|p2a: Moltres|95\/100\n|-singleturn|p2a: Moltres|move: Roost\n|\n|-damage|p1a: Quetzalcoatl|83\/100 brn|[from] brn\n|upkeep\n|turn|4\n|\n|t:|1698757455\n|switch|p1a: Yahweh|Arceus-Fairy|100\/100\n|move|p2a: Moltres|Burning Jealousy|p1a: Yahweh\n|-damage|p1a: Yahweh|87\/100\n|\n|upkeep\n|turn|5\n|\n|t:|1698757461\n|move|p2a: Moltres|Will-O-Wisp|p1a: Yahweh|[miss]\n|-miss|p2a: Moltres|p1a: Yahweh\n|move|p1a: Yahweh|Trick Room|p1a: Yahweh\n|-fieldstart|move: Trick Room|[of] p1a: Yahweh\n|\n|upkeep\n|turn|6\n|\n|t:|1698757469\n|move|p2a: Moltres|U-turn|p1a: Yahweh\n|-resisted|p1a: Yahweh\n|-damage|p1a: Yahweh|82\/100\n|\n|t:|1698757472\n|switch|p2a: Miraidon|Miraidon|100\/100|[from] U-turn\n|-fieldstart|move: Electric Terrain|[from] ability: Hadron Engine|[of] p2a: Miraidon\n|move|p1a: Yahweh|Healing Wish|p1a: Yahweh\n|faint|p1a: Yahweh\n|\n|upkeep\n|\n|t:|1698757476\n|switch|p1a: Siegfried|Calyrex-Ice|100\/100\n|-ability|p1a: Siegfried|As One\n|-ability|p1a: Siegfried|Unnerve\n|turn|7\n|\n|t:|1698757483\n|move|p2a: Miraidon|Protect|p2a: Miraidon\n|-singleturn|p2a: Miraidon|Protect\n|move|p1a: Siegfried|Trick|p2a: Miraidon\n|-activate|p2a: Miraidon|move: Protect\n|\n|upkeep\n|turn|8\n|inactive|hoenn militian has 120 seconds left.\n|\n|t:|1698757516\n|switch|p1a: Quetzalcoatl|Rayquaza|83\/100 brn\n|-heal|p1a: Quetzalcoatl|100\/100|[from] move: Healing Wish\n|-ability|p1a: Quetzalcoatl|Air Lock\n|move|p2a: Miraidon|U-turn|p1a: Quetzalcoatl\n|-resisted|p1a: Quetzalcoatl\n|-crit|p1a: Quetzalcoatl\n|-damage|p1a: Quetzalcoatl|91\/100\n|inactive|hoenn militian has 120 seconds left.\n|\n|t:|1698757524\n|switch|p2a: Moltres|Moltres|95\/100|[from] U-turn\n|\n|upkeep\n|turn|9\n|\n|t:|1698757531\n|switch|p1a: ```Laser Bear|Ursaluna-Bloodmoon, M|100\/100\n|move|p2a: Moltres|Will-O-Wisp|p1a: ```Laser Bear\n|-status|p1a: ```Laser Bear|brn\n|\n|-damage|p1a: ```Laser Bear|94\/100 brn|[from] brn\n|-fieldend|move: Trick Room\n|upkeep\n|turn|10\n|\n|t:|1698757541\n|move|p2a: Moltres|U-turn|p1a: ```Laser Bear\n|-damage|p1a: ```Laser Bear|85\/100 brn\n|\n|t:|1698757544\n|switch|p2a: Calyrex|Calyrex-Ice|100\/100|[from] U-turn\n|-ability|p2a: Calyrex|As One\n|-ability|p2a: Calyrex|Unnerve\n|move|p1a: ```Laser Bear|Calm Mind|p1a: ```Laser Bear\n|-boost|p1a: ```Laser Bear|spa|1\n|-boost|p1a: ```Laser Bear|spd|1\n|\n|-damage|p1a: ```Laser Bear|79\/100 brn|[from] brn\n|-fieldend|move: Electric Terrain\n|upkeep\n|turn|11\n|\n|t:|1698757559\n|-terastallize|p1a: ```Laser Bear|Normal\n|move|p2a: Calyrex|Glacial Lance|p1a: ```Laser Bear\n|-damage|p1a: ```Laser Bear|28\/100 brn\n|move|p1a: ```Laser Bear|Blood Moon|p2a: Calyrex\n|-damage|p2a: Calyrex|0 fnt\n|faint|p2a: Calyrex\n|-damage|p1a: ```Laser Bear|18\/100 brn|[from] item: Life Orb\n|\n|-damage|p1a: ```Laser Bear|12\/100 brn|[from] brn\n|upkeep\n|\n|t:|1698757570\n|switch|p2a: Miraidon|Miraidon|100\/100\n|-fieldstart|move: Electric Terrain|[from] ability: Hadron Engine|[of] p2a: Miraidon\n|turn|12\n|\n|t:|1698757577\n|move|p2a: Miraidon|Dragon Pulse|p1a: ```Laser Bear\n|-damage|p1a: ```Laser Bear|0 fnt\n|faint|p1a: ```Laser Bear\n|\n|upkeep\n|inactive|Wildfiree has 120 seconds left.\n|inactive|Wildfiree has 90 seconds left.\n|inactive|Wildfiree has 60 seconds left.\n|\n|t:|1698757679\n|switch|p1a: Cretaceous King|Koraidon|100\/100\n|-weather|SunnyDay|[from] ability: Orichalcum Pulse|[of] p1a: Cretaceous King\n|-activate|p1a: Cretaceous King|Orichalcum Pulse|[source]\n|turn|13\n|\n|t:|1698757684\n|move|p2a: Miraidon|Protect|p2a: Miraidon\n|-singleturn|p2a: Miraidon|Protect\n|move|p1a: Cretaceous King|U-turn|p2a: Miraidon\n|-activate|p2a: Miraidon|move: Protect\n|\n|-weather|SunnyDay|[upkeep]\n|upkeep\n|turn|14\n|inactive|Wildfiree has 60 seconds left.\n|\n|t:|1698757701\n|move|p1a: Cretaceous King|U-turn|p2a: Miraidon\n|-damage|p2a: Miraidon|66\/100\n|\n|t:|1698757707\n|switch|p1a: Zeus|Arceus|100\/100|[from] U-turn\n|move|p2a: Miraidon|Electro Drift|p1a: Zeus\n|-damage|p1a: Zeus|36\/100\n|\n|-weather|SunnyDay|[upkeep]\n|upkeep\n|turn|15\n|inactive|Wildfiree has 60 seconds left.\n|\n|t:|1698757716\n|switch|p1a: Quetzalcoatl|Rayquaza|91\/100\n|-ability|p1a: Quetzalcoatl|Air Lock\n|move|p2a: Miraidon|Electro Drift|p1a: Quetzalcoatl\n|-damage|p1a: Quetzalcoatl|0 fnt\n|faint|p1a: Quetzalcoatl\n|\n|-weather|SunnyDay|[upkeep]\n|upkeep\n|\n|t:|1698757719\n|switch|p1a: Cretaceous King|Koraidon|100\/100\n|-activate|p1a: Cretaceous King|ability: Orichalcum Pulse\n|turn|16\n|\n|t:|1698757728\n|move|p2a: Miraidon|Protect|p2a: Miraidon\n|-singleturn|p2a: Miraidon|Protect\n|move|p1a: Cretaceous King|Low Kick|p2a: Miraidon\n|-activate|p2a: Miraidon|move: Protect\n|\n|-weather|SunnyDay|[upkeep]\n|-fieldend|move: Electric Terrain\n|upkeep\n|turn|17\n|\n|t:|1698757735\n|switch|p1a: Zeus|Arceus|36\/100\n|switch|p2a: Skeledirge|Skeledirge, M|100\/100\n|\n|-weather|none\n|upkeep\n|turn|18\n|\n|t:|1698757750\n|switch|p2a: Miraidon|Miraidon|66\/100\n|-fieldstart|move: Electric Terrain|[from] ability: Hadron Engine|[of] p2a: Miraidon\n|move|p1a: Zeus|Trick Room|p1a: Zeus\n|-fieldstart|move: Trick Room|[of] p1a: Zeus\n|\n|upkeep\n|turn|19\n|\n|t:|1698757758\n|move|p1a: Zeus|Extreme Speed|p2a: Miraidon\n|-damage|p2a: Miraidon|34\/100\n|move|p2a: Miraidon|U-turn|p1a: Zeus\n|-damage|p1a: Zeus|29\/100\n|\n|t:|1698757766\n|switch|p2a: Moltres|Moltres|95\/100|[from] U-turn\n|\n|upkeep\n|turn|20\n|\n|t:|1698757770\n|switch|p2a: Grimmsnarl|Grimmsnarl, M|100\/100\n|move|p1a: Zeus|Healing Wish|p1a: Zeus\n|faint|p1a: Zeus\n|\n|upkeep\n|\n|t:|1698757772\n|switch|p1a: Siegfried|Calyrex-Ice|100\/100\n|-ability|p1a: Siegfried|As One\n|-ability|p1a: Siegfried|Unnerve\n|turn|21\n|\n|t:|1698757783\n|move|p2a: Grimmsnarl|Parting Shot|p1a: Siegfried\n|-unboost|p1a: Siegfried|atk|1\n|-unboost|p1a: Siegfried|spa|1\n|\n|t:|1698757786\n|switch|p2a: Moltres|Moltres|95\/100|[from] Parting Shot\n|move|p1a: Siegfried|Trick|p2a: Moltres\n|-activate|p1a: Siegfried|move: Trick|[of] p2a: Moltres\n|-item|p2a: Moltres|Choice Band|[from] move: Trick\n|-item|p1a: Siegfried|Heavy-Duty Boots|[from] move: Trick\n|\n|upkeep\n|turn|22\n|\n|t:|1698757800\n|switch|p1a: Cretaceous King|Koraidon|100\/100\n|-weather|SunnyDay|[from] ability: Orichalcum Pulse|[of] p1a: Cretaceous King\n|-activate|p1a: Cretaceous King|Orichalcum Pulse|[source]\n|move|p2a: Moltres|Will-O-Wisp|p1a: Cretaceous King|[miss]\n|-miss|p2a: Moltres|p1a: Cretaceous King\n|\n|-weather|SunnyDay|[upkeep]\n|-fieldend|move: Trick Room\n|-fieldend|move: Electric Terrain\n|upkeep\n|turn|23\n|\n|t:|1698757808\n|move|p1a: Cretaceous King|Outrage|p2a: Moltres\n|-damage|p2a: Moltres|31\/100\n|move|p2a: Moltres|Will-O-Wisp|p1a: Cretaceous King\n|-status|p1a: Cretaceous King|brn\n|\n|-weather|SunnyDay|[upkeep]\n|-damage|p1a: Cretaceous King|94\/100 brn|[from] brn\n|upkeep\n|turn|24\n|-message|Wildfiree forfeited.\n|\n|win|hoenn militian\n|raw|Wildfiree's rating: 1694 &rarr; <strong>1681<\/strong><br \/>(-13 for losing)\n|raw|hoenn militian's rating: 1817 &rarr; <strong>1830<\/strong><br \/>(+13 for winning)\n|l|\u2606Wildfiree\n","uploadtime":1698757876,"views":7,"p1id":"wildfiree","p2id":"hoennmilitian","formatid":"gen9anythinggoes","rating":1681,"private":0,"password":""}