{"id":"gen9anythinggoes-1987900541","p1":"bobby jwi","p2":"ieatchalk","format":"[Gen 9] Anything Goes","log":"|j|\u2606bobby jwi\n|j|\u2606ieatchalk\n|t:|1699647319\n|gametype|singles\n|player|p1|bobby jwi|101|\n|player|p2|ieatchalk|steven|\n|teamsize|p1|6\n|teamsize|p2|6\n|gen|9\n|tier|[Gen 9] Anything Goes\n|rule|HP Percentage Mod: HP is shown in percentages\n|rule|Endless Battle Clause: Forcing endless battles is banned\n|clearpoke\n|poke|p1|Heatran, M|\n|poke|p1|Azelf|\n|poke|p1|Murkrow, F|\n|poke|p1|Quagsire, M|\n|poke|p1|Appletun, F|\n|poke|p1|Iron Valiant|\n|poke|p2|Cinderace, F|\n|poke|p2|Okidogi, M|\n|poke|p2|Baxcalibur, M|\n|poke|p2|Hatterene, F|\n|poke|p2|Polteageist-Antique|\n|poke|p2|Lilligant-Hisui, F|\n|teampreview\n|\n|t:|1699647367\n|start\n|switch|p1a: Heatran|Heatran, M|100\/100\n|switch|p2a: Hatterene|Hatterene, F|100\/100\n|turn|1\n|\n|t:|1699647391\n|move|p1a: Heatran|Magma Storm|p2a: Hatterene\n|-damage|p2a: Hatterene|52\/100\n|-activate|p2a: Hatterene|move: Magma Storm|[of] p1a: Heatran\n|move|p2a: Hatterene|Psychic|p1a: Heatran\n|-resisted|p1a: Heatran\n|-damage|p1a: Heatran|64\/100\n|\n|-heal|p1a: Heatran|70\/100|[from] item: Leftovers\n|-damage|p2a: Hatterene|40\/100|[from] move: Magma Storm|[partiallytrapped]\n|upkeep\n|turn|2\n|\n|t:|1699647397\n|move|p1a: Heatran|Protect|p1a: Heatran\n|-singleturn|p1a: Heatran|Protect\n|move|p2a: Hatterene|Psychic|p1a: Heatran\n|-activate|p1a: Heatran|move: Protect\n|\n|-heal|p1a: Heatran|76\/100|[from] item: Leftovers\n|-damage|p2a: Hatterene|28\/100|[from] move: Magma Storm|[partiallytrapped]\n|upkeep\n|turn|3\n|\n|t:|1699647402\n|move|p1a: Heatran|Flash Cannon|p2a: Hatterene\n|-supereffective|p2a: Hatterene\n|-damage|p2a: Hatterene|0 fnt\n|faint|p2a: Hatterene\n|\n|-heal|p1a: Heatran|83\/100|[from] item: Leftovers\n|upkeep\n|\n|t:|1699647404\n|switch|p2a: Okidogi|Okidogi, M|100\/100\n|-item|p2a: Okidogi|Air Balloon\n|turn|4\n|\n|t:|1699647458\n|switch|p1a: Quagsire|Quagsire, M|100\/100\n|move|p2a: Okidogi|Bulk Up|p2a: Okidogi\n|-boost|p2a: Okidogi|atk|1\n|-boost|p2a: Okidogi|def|1\n|\n|upkeep\n|turn|5\n|\n|t:|1699647498\n|move|p2a: Okidogi|Drain Punch|p1a: Quagsire\n|-damage|p1a: Quagsire|72\/100\n|-status|p1a: Quagsire|tox|[from] ability: Toxic Chain|[of] p2a: Okidogi\n|move|p1a: Quagsire|Yawn|p2a: Okidogi\n|-start|p2a: Okidogi|move: Yawn|[of] p1a: Quagsire\n|\n|-heal|p1a: Quagsire|78\/100 tox|[from] item: Leftovers\n|-damage|p1a: Quagsire|72\/100 tox|[from] psn\n|upkeep\n|turn|6\n|\n|t:|1699647519\n|switch|p2a: Lilligant|Lilligant-Hisui, F, shiny|100\/100\n|move|p1a: Quagsire|Tera Blast|p2a: Lilligant\n|-damage|p2a: Lilligant|82\/100\n|\n|-heal|p1a: Quagsire|78\/100 tox|[from] item: Leftovers\n|-damage|p1a: Quagsire|66\/100 tox|[from] psn\n|upkeep\n|turn|7\n|\n|t:|1699647609\n|switch|p1a: Azelf|Azelf|100\/100\n|move|p2a: Lilligant|Victory Dance|p2a: Lilligant\n|-boost|p2a: Lilligant|atk|1\n|-boost|p2a: Lilligant|def|1\n|-boost|p2a: Lilligant|spe|1\n|\n|upkeep\n|turn|8\n|\n|t:|1699647652\n|switch|p1a: Appletun|Appletun, F|100\/100\n|move|p2a: Lilligant|Leaf Blade|p1a: Appletun|[miss]\n|-miss|p2a: Lilligant|p1a: Appletun\n|\n|upkeep\n|turn|9\n|\n|t:|1699647667\n|-terastallize|p1a: Appletun|Fairy\n|move|p2a: Lilligant|Ice Spinner|p1a: Appletun|[miss]\n|-miss|p2a: Lilligant|p1a: Appletun\n|move|p1a: Appletun|Tera Blast|p2a: Lilligant|[anim] Tera Blast Fairy\n|-supereffective|p2a: Lilligant\n|-damage|p2a: Lilligant|2\/100\n|\n|upkeep\n|turn|10\n|\n|t:|1699647673\n|move|p2a: Lilligant|Leaf Blade|p1a: Appletun|[miss]\n|-miss|p2a: Lilligant|p1a: Appletun\n|move|p1a: Appletun|Tera Blast|p2a: Lilligant|[anim] Tera Blast Fairy\n|-supereffective|p2a: Lilligant\n|-damage|p2a: Lilligant|0 fnt\n|faint|p2a: Lilligant\n|\n|upkeep\n|c|\u2606bobby jwi|EDO\n|c|\u2606bobby jwi|BRO\n|\n|t:|1699647681\n|switch|p2a: Okidogi|Okidogi, M|100\/100\n|-item|p2a: Okidogi|Air Balloon\n|turn|11\n|c|\u2606ieatchalk|Nahhh\n|c|\u2606bobby jwi|that hustle not working out for you\n|c|\u2606ieatchalk|aint no way I miss 88 twice\n|c|\u2606ieatchalk|I even gave it wide lens\n|\n|t:|1699647738\n|switch|p1a: Azelf|Azelf|100\/100\n|move|p2a: Okidogi|Bulk Up|p2a: Okidogi\n|-boost|p2a: Okidogi|atk|1\n|-boost|p2a: Okidogi|def|1\n|\n|upkeep\n|turn|12\n|c|\u2606bobby jwi|how much does widelens increase acc by\n|\n|t:|1699647775\n|switch|p2a: Polteageist|Polteageist-Antique, shiny|100\/100\n|move|p1a: Azelf|U-turn|p2a: Polteageist\n|-resisted|p2a: Polteageist\n|-damage|p2a: Polteageist|84\/100\n|c|\u2606ieatchalk|Q.q\n|c|\u2606ieatchalk|1.1\n|\n|t:|1699647782\n|switch|p1a: Murkrow|Murkrow, F|100\/100|[from] U-turn\n|\n|upkeep\n|turn|13\n|\n|t:|1699647804\n|move|p1a: Murkrow|Thunder Wave|p2a: Polteageist|[miss]\n|-miss|p1a: Murkrow|p2a: Polteageist\n|move|p2a: Polteageist|Shell Smash|p2a: Polteageist\n|-unboost|p2a: Polteageist|def|1\n|-unboost|p2a: Polteageist|spd|1\n|-boost|p2a: Polteageist|atk|2\n|-boost|p2a: Polteageist|spa|2\n|-boost|p2a: Polteageist|spe|2\n|-enditem|p2a: Polteageist|White Herb\n|-clearnegativeboost|p2a: Polteageist|[silent]\n|\n|upkeep\n|turn|14\n|c|\u2606bobby jwi|its happeneing to me now\n|c|\u2606bobby jwi|wtf\n|\n|t:|1699647814\n|move|p1a: Murkrow|Haze|p1a: Murkrow\n|-clearallboost\n|move|p2a: Polteageist|Baton Pass|p2a: Polteageist\n|\n|t:|1699647817\n|switch|p2a: Baxcalibur|Baxcalibur, M|100\/100|[from] Baton Pass\n|\n|upkeep\n|turn|15\n|c|\u2606bobby jwi|HEY\n|c|\u2606bobby jwi|THAT WAS ILLEGLA\n|c|\u2606ieatchalk|Oh shit\n|c|\u2606ieatchalk|my b\n|c|\u2606bobby jwi|I SAVED YOU\n|c|\u2606ieatchalk|True\n|\n|t:|1699647847\n|switch|p1a: Appletun|Appletun, F, tera:Fairy|100\/100\n|move|p2a: Baxcalibur|Freeze-Dry|p1a: Appletun\n|-damage|p1a: Appletun|93\/100\n|\n|-heal|p1a: Appletun|99\/100|[from] item: Leftovers\n|upkeep\n|turn|16\n|\n|t:|1699647854\n|switch|p2a: Okidogi|Okidogi, M|100\/100\n|-item|p2a: Okidogi|Air Balloon\n|move|p1a: Appletun|Leech Seed|p2a: Okidogi\n|-start|p2a: Okidogi|move: Leech Seed\n|\n|-heal|p1a: Appletun|100\/100|[from] item: Leftovers\n|-damage|p2a: Okidogi|88\/100|[from] Leech Seed|[of] p1a: Appletun\n|upkeep\n|turn|17\n|\n|t:|1699647864\n|switch|p1a: Azelf|Azelf|100\/100\n|move|p2a: Okidogi|Poison Jab|p1a: Azelf\n|-damage|p1a: Azelf|38\/100\n|\n|-damage|p2a: Okidogi|76\/100|[from] Leech Seed|[of] p1a: Azelf\n|-heal|p1a: Azelf|54\/100|[silent]\n|upkeep\n|turn|18\n|\n|t:|1699647874\n|switch|p2a: Baxcalibur|Baxcalibur, M|100\/100\n|move|p1a: Azelf|Psychic|p2a: Baxcalibur\n|-crit|p2a: Baxcalibur\n|-damage|p2a: Baxcalibur|18\/100\n|\n|upkeep\n|turn|19\n|\n|t:|1699647879\n|move|p1a: Azelf|Psychic|p2a: Baxcalibur\n|-crit|p2a: Baxcalibur\n|-damage|p2a: Baxcalibur|0 fnt\n|faint|p2a: Baxcalibur\n|\n|upkeep\n|c|\u2606bobby jwi|WAIT\n|c|\u2606bobby jwi|WTF\n|\n|t:|1699647885\n|switch|p2a: Cinderace|Cinderace, F|100\/100\n|turn|20\n|\n|t:|1699647891\n|switch|p1a: Heatran|Heatran, M|83\/100\n|move|p2a: Cinderace|U-turn|p1a: Heatran\n|-start|p2a: Cinderace|typechange|Bug|[from] ability: Libero\n|-resisted|p1a: Heatran\n|-damage|p1a: Heatran|77\/100\n|\n|t:|1699647893\n|switch|p2a: Okidogi|Okidogi, M|76\/100|[from] U-turn\n|-item|p2a: Okidogi|Air Balloon\n|\n|-heal|p1a: Heatran|83\/100|[from] item: Leftovers\n|upkeep\n|turn|21\n|\n|t:|1699647905\n|move|p2a: Okidogi|Bulk Up|p2a: Okidogi\n|-boost|p2a: Okidogi|atk|1\n|-boost|p2a: Okidogi|def|1\n|move|p1a: Heatran|Magma Storm|p2a: Okidogi\n|-damage|p2a: Okidogi|30\/100\n|-activate|p2a: Okidogi|move: Magma Storm|[of] p1a: Heatran\n|-enditem|p2a: Okidogi|Air Balloon\n|\n|-heal|p1a: Heatran|90\/100|[from] item: Leftovers\n|-damage|p2a: Okidogi|17\/100|[from] move: Magma Storm|[partiallytrapped]\n|upkeep\n|turn|22\n|\n|t:|1699647911\n|move|p1a: Heatran|Protect|p1a: Heatran\n|-singleturn|p1a: Heatran|Protect\n|move|p2a: Okidogi|Drain Punch|p1a: Heatran\n|-activate|p1a: Heatran|move: Protect\n|\n|-heal|p1a: Heatran|96\/100|[from] item: Leftovers\n|-damage|p2a: Okidogi|5\/100|[from] move: Magma Storm|[partiallytrapped]\n|upkeep\n|turn|23\n|\n|t:|1699647919\n|move|p2a: Okidogi|Drain Punch|p1a: Heatran\n|-supereffective|p1a: Heatran\n|-damage|p1a: Heatran|7\/100\n|-heal|p2a: Okidogi|50\/100|[from] drain|[of] p1a: Heatran\n|-status|p2a: Okidogi|brn|[from] ability: Flame Body|[of] p1a: Heatran\n|move|p1a: Heatran|Earth Power|p2a: Okidogi\n|-supereffective|p2a: Okidogi\n|-damage|p2a: Okidogi|0 fnt\n|faint|p2a: Okidogi\n|\n|-heal|p1a: Heatran|13\/100|[from] item: Leftovers\n|upkeep\n|\n|t:|1699647924\n|switch|p2a: Polteageist|Polteageist-Antique, shiny|84\/100\n|turn|24\n|\n|t:|1699647932\n|switch|p1a: Murkrow|Murkrow, F|100\/100\n|move|p2a: Polteageist|Shadow Ball|p1a: Murkrow\n|-resisted|p1a: Murkrow\n|-damage|p1a: Murkrow|81\/100\n|-unboost|p1a: Murkrow|spd|1\n|\n|upkeep\n|turn|25\n|\n|t:|1699647939\n|switch|p2a: Cinderace|Cinderace, F|100\/100\n|move|p1a: Murkrow|Tailwind|p1a: Murkrow\n|-sidestart|p1: bobby jwi|move: Tailwind\n|\n|upkeep\n|turn|26\n|\n|t:|1699647945\n|move|p1a: Murkrow|U-turn|p2a: Cinderace\n|-resisted|p2a: Cinderace\n|-damage|p2a: Cinderace|91\/100\n|\n|t:|1699647949\n|switch|p1a: Appletun|Appletun, F, tera:Fairy|100\/100|[from] U-turn\n|move|p2a: Cinderace|Court Change|p2a: Cinderace\n|-start|p2a: Cinderace|typechange|Normal|[from] ability: Libero\n|-swapsideconditions\n|-activate|p2a: Cinderace|move: Court Change\n|\n|upkeep\n|turn|27\n|\n|t:|1699647959\n|move|p2a: Cinderace|Pyro Ball|p1a: Appletun\n|-crit|p1a: Appletun\n|-damage|p1a: Appletun|79\/100\n|move|p1a: Appletun|Leech Seed|p2a: Cinderace\n|-start|p2a: Cinderace|move: Leech Seed\n|\n|-heal|p1a: Appletun|85\/100|[from] item: Leftovers\n|-damage|p2a: Cinderace|79\/100|[from] Leech Seed|[of] p1a: Appletun\n|-heal|p1a: Appletun|94\/100|[silent]\n|upkeep\n|turn|28\n|\n|t:|1699647964\n|switch|p1a: Iron Valiant|Iron Valiant|100\/100\n|-enditem|p1a: Iron Valiant|Booster Energy\n|-activate|p1a: Iron Valiant|ability: Quark Drive|[fromitem]\n|-start|p1a: Iron Valiant|quarkdrivespe\n|move|p2a: Cinderace|U-turn|p1a: Iron Valiant\n|-resisted|p1a: Iron Valiant\n|-damage|p1a: Iron Valiant|93\/100\n|\n|t:|1699647966\n|switch|p2a: Polteageist|Polteageist-Antique, shiny|84\/100|[from] U-turn\n|\n|-sideend|p2: ieatchalk|move: Tailwind\n|upkeep\n|turn|29\n|\n|t:|1699647977\n|move|p1a: Iron Valiant|Swords Dance|p1a: Iron Valiant\n|-boost|p1a: Iron Valiant|atk|2\n|move|p2a: Polteageist|Shell Smash|p2a: Polteageist\n|-unboost|p2a: Polteageist|def|1\n|-unboost|p2a: Polteageist|spd|1\n|-boost|p2a: Polteageist|atk|2\n|-boost|p2a: Polteageist|spa|2\n|-boost|p2a: Polteageist|spe|2\n|\n|upkeep\n|turn|30\n|\n|t:|1699647982\n|move|p1a: Iron Valiant|Knock Off|p2a: Polteageist\n|-supereffective|p2a: Polteageist\n|-damage|p2a: Polteageist|0 fnt\n|faint|p2a: Polteageist\n|\n|upkeep\n|\n|t:|1699647984\n|switch|p2a: Cinderace|Cinderace, F|79\/100\n|turn|31\n|\n|t:|1699647988\n|move|p1a: Iron Valiant|Close Combat|p2a: Cinderace\n|-damage|p2a: Cinderace|0 fnt\n|-unboost|p1a: Iron Valiant|def|1\n|-unboost|p1a: Iron Valiant|spd|1\n|faint|p2a: Cinderace\n|\n|win|bobby jwi\n|c|\u2606ieatchalk|Gg\n|c|\u2606bobby jwi|gG\n|c|\u2606bobby jwi|unlucky\n|c|\u2606ieatchalk|3 misses ain\u2019t real\n|c|\u2606bobby jwi|i cant lie\n|c|\u2606bobby jwi|and double psychic crit\n","uploadtime":1699648005,"views":22,"p1id":"bobbyjwi","p2id":"ieatchalk","formatid":"gen9anythinggoes","rating":0,"private":0,"password":""}