{"id":"gen9anythinggoes-1977684084","p1":"DarthAdenious","p2":"winna360","format":"[Gen 9] Anything Goes","log":"|j|\u2606DarthAdenious\n|j|\u2606winna360\n|t:|1698438421\n|gametype|singles\n|player|p1|DarthAdenious|hugh|1000\n|player|p2|winna360|erika|1000\n|teamsize|p1|2\n|teamsize|p2|6\n|gen|9\n|tier|[Gen 9] Anything Goes\n|rated|\n|rule|HP Percentage Mod: HP is shown in percentages\n|rule|Endless Battle Clause: Forcing endless battles is banned\n|clearpoke\n|poke|p1|Clefable, M|\n|poke|p1|Umbreon, M|\n|poke|p2|Rayquaza|\n|poke|p2|Zacian-*|\n|poke|p2|Kyogre|\n|poke|p2|Magearna|\n|poke|p2|Miraidon|\n|poke|p2|Mewtwo|\n|teampreview\n|\n|t:|1698438425\n|start\n|switch|p1a: Clefable|Clefable, M|100\/100\n|switch|p2a: Magearna|Magearna|100\/100\n|turn|1\n|\n|t:|1698438434\n|-terastallize|p2a: Magearna|Steel\n|move|p2a: Magearna|Iron Defense|p2a: Magearna\n|-boost|p2a: Magearna|def|2\n|move|p1a: Clefable|Cosmic Power|p1a: Clefable\n|-boost|p1a: Clefable|def|1\n|-boost|p1a: Clefable|spd|1\n|\n|upkeep\n|turn|2\n|\n|t:|1698438442\n|move|p2a: Magearna|Iron Defense|p2a: Magearna\n|-boost|p2a: Magearna|def|2\n|move|p1a: Clefable|Substitute|p1a: Clefable\n|-start|p1a: Clefable|Substitute\n|-damage|p1a: Clefable|76\/100\n|\n|upkeep\n|turn|3\n|\n|t:|1698438449\n|move|p2a: Magearna|Protect|p2a: Magearna\n|-singleturn|p2a: Magearna|Protect\n|move|p1a: Clefable|Cosmic Power|p1a: Clefable\n|-boost|p1a: Clefable|def|1\n|-boost|p1a: Clefable|spd|1\n|\n|upkeep\n|turn|4\n|\n|t:|1698438458\n|move|p2a: Magearna|Iron Defense|p2a: Magearna\n|-boost|p2a: Magearna|def|2\n|move|p1a: Clefable|Cosmic Power|p1a: Clefable\n|-boost|p1a: Clefable|def|1\n|-boost|p1a: Clefable|spd|1\n|\n|upkeep\n|turn|5\n|\n|t:|1698438467\n|move|p2a: Magearna|Iron Defense|p2a: Magearna\n|-boost|p2a: Magearna|def|0\n|move|p1a: Clefable|Cosmic Power|p1a: Clefable\n|-boost|p1a: Clefable|def|1\n|-boost|p1a: Clefable|spd|1\n|\n|upkeep\n|turn|6\n|\n|t:|1698438476\n|move|p2a: Magearna|Dazzling Gleam|p1a: Clefable\n|-activate|p1a: Clefable|move: Substitute|[damage]\n|move|p1a: Clefable|Wish|p1a: Clefable\n|\n|upkeep\n|turn|7\n|\n|t:|1698438483\n|move|p2a: Magearna|Energy Ball|p1a: Clefable\n|-activate|p1a: Clefable|move: Substitute|[damage]\n|move|p1a: Clefable|Cosmic Power|p1a: Clefable\n|-boost|p1a: Clefable|def|1\n|-boost|p1a: Clefable|spd|1\n|\n|-heal|p1a: Clefable|100\/100|[from] move: Wish|[wisher] Clefable\n|upkeep\n|turn|8\n|\n|t:|1698438494\n|move|p2a: Magearna|Energy Ball|p1a: Clefable\n|-activate|p1a: Clefable|move: Substitute|[damage]\n|move|p1a: Clefable|Cosmic Power|p1a: Clefable\n|-boost|p1a: Clefable|def|1\n|-boost|p1a: Clefable|spd|1\n|\n|upkeep\n|turn|9\n|\n|t:|1698438502\n|move|p2a: Magearna|Energy Ball|p1a: Clefable\n|-end|p1a: Clefable|Substitute\n|move|p1a: Clefable|Cosmic Power|p1a: Clefable\n|-boost|p1a: Clefable|def|0\n|-boost|p1a: Clefable|spd|0\n|\n|upkeep\n|turn|10\n|\n|t:|1698438510\n|move|p2a: Magearna|Dazzling Gleam|p1a: Clefable\n|-damage|p1a: Clefable|93\/100\n|move|p1a: Clefable|Substitute|p1a: Clefable\n|-start|p1a: Clefable|Substitute\n|-damage|p1a: Clefable|69\/100\n|\n|upkeep\n|turn|11\n|\n|t:|1698438520\n|move|p2a: Magearna|Dazzling Gleam|p1a: Clefable\n|-activate|p1a: Clefable|move: Substitute|[damage]\n|move|p1a: Clefable|Baton Pass|p1a: Clefable\n|\n|t:|1698438525\n|switch|p1a: Umbreon|Umbreon, M|100\/100|[from] Baton Pass\n|\n|upkeep\n|turn|12\n|\n|t:|1698438533\n|move|p2a: Magearna|Protect|p2a: Magearna\n|-singleturn|p2a: Magearna|Protect\n|move|p1a: Umbreon|Taunt|p2a: Magearna\n|-activate|p2a: Magearna|move: Protect\n|\n|upkeep\n|turn|13\n|\n|t:|1698438542\n|move|p2a: Magearna|Protect|p2a: Magearna\n|-singleturn|p2a: Magearna|Protect\n|move|p1a: Umbreon|Taunt|p2a: Magearna\n|-activate|p2a: Magearna|move: Protect\n|\n|upkeep\n|turn|14\n|\n|t:|1698438551\n|move|p2a: Magearna|Energy Ball|p1a: Umbreon\n|-crit|p1a: Umbreon\n|-end|p1a: Umbreon|Substitute\n|move|p1a: Umbreon|Taunt|p2a: Magearna\n|-start|p2a: Magearna|move: Taunt\n|\n|upkeep\n|turn|15\n|\n|t:|1698438559\n|move|p2a: Magearna|Energy Ball|p1a: Umbreon\n|-damage|p1a: Umbreon|95\/100\n|move|p1a: Umbreon|Dark Pulse|p2a: Magearna\n|-damage|p2a: Magearna|73\/100\n|\n|upkeep\n|turn|16\n|\n|t:|1698438568\n|-terastallize|p1a: Umbreon|Dark\n|move|p2a: Magearna|Energy Ball|p1a: Umbreon\n|-damage|p1a: Umbreon|90\/100\n|move|p1a: Umbreon|Dark Pulse|p2a: Magearna\n|-damage|p2a: Magearna|34\/100\n|\n|upkeep\n|turn|17\n|\n|t:|1698438577\n|move|p2a: Magearna|Dazzling Gleam|p1a: Umbreon\n|-supereffective|p1a: Umbreon\n|-damage|p1a: Umbreon|75\/100\n|move|p1a: Umbreon|Dark Pulse|p2a: Magearna\n|-damage|p2a: Magearna|0 fnt\n|faint|p2a: Magearna\n|\n|upkeep\n|\n|t:|1698438588\n|switch|p2a: Kyogre|Kyogre|100\/100\n|-weather|RainDance|[from] ability: Drizzle|[of] p2a: Kyogre\n|turn|18\n|\n|t:|1698438595\n|move|p2a: Kyogre|Hydro Pump|p1a: Umbreon\n|-damage|p1a: Umbreon|58\/100\n|move|p1a: Umbreon|Stored Power|p2a: Kyogre\n|-damage|p2a: Kyogre|74\/100\n|\n|-weather|RainDance|[upkeep]\n|upkeep\n|turn|19\n|\n|t:|1698438603\n|move|p2a: Kyogre|Chilling Water|p1a: Umbreon\n|-damage|p1a: Umbreon|50\/100\n|-unboost|p1a: Umbreon|atk|1\n|move|p1a: Umbreon|Taunt|p2a: Kyogre\n|-start|p2a: Kyogre|move: Taunt\n|\n|-weather|RainDance|[upkeep]\n|upkeep\n|turn|20\n|\n|t:|1698438614\n|move|p2a: Kyogre|Body Slam|p1a: Umbreon\n|-crit|p1a: Umbreon\n|-damage|p1a: Umbreon|26\/100\n|-status|p1a: Umbreon|par\n|-damage|p2a: Kyogre|57\/100|[from] item: Rocky Helmet|[of] p1a: Umbreon\n|move|p1a: Umbreon|Moonlight|p1a: Umbreon\n|-heal|p1a: Umbreon|51\/100 par\n|\n|-weather|RainDance|[upkeep]\n|upkeep\n|turn|21\n|\n|t:|1698438624\n|move|p2a: Kyogre|Body Slam|p1a: Umbreon\n|-damage|p1a: Umbreon|47\/100 par\n|-damage|p2a: Kyogre|41\/100|[from] item: Rocky Helmet|[of] p1a: Umbreon\n|move|p1a: Umbreon|Moonlight|p1a: Umbreon\n|-heal|p1a: Umbreon|72\/100 par\n|\n|-weather|RainDance|[upkeep]\n|upkeep\n|turn|22\n|\n|t:|1698438634\n|move|p2a: Kyogre|Chilling Water|p1a: Umbreon\n|-damage|p1a: Umbreon|65\/100 par\n|-unboost|p1a: Umbreon|atk|1\n|move|p1a: Umbreon|Dark Pulse|p2a: Kyogre\n|-damage|p2a: Kyogre|26\/100\n|\n|-weather|none\n|-end|p2a: Kyogre|move: Taunt\n|upkeep\n|turn|23\n|\n|t:|1698438644\n|move|p2a: Kyogre|Chilling Water|p1a: Umbreon\n|-damage|p1a: Umbreon|60\/100 par\n|-unboost|p1a: Umbreon|atk|1\n|move|p1a: Umbreon|Stored Power|p2a: Kyogre\n|-damage|p2a: Kyogre|0 fnt\n|faint|p2a: Kyogre\n|\n|upkeep\n|\n|t:|1698438653\n|switch|p2a: Zacian|Zacian|100\/100\n|-ability|p2a: Zacian|Intrepid Sword|boost\n|-boost|p2a: Zacian|atk|1\n|turn|24\n|\n|t:|1698438661\n|move|p2a: Zacian|Steel Beam|p1a: Umbreon\n|-damage|p1a: Umbreon|53\/100 par\n|-damage|p2a: Zacian|50\/100|[from] steelbeam\n|move|p1a: Umbreon|Moonlight|p1a: Umbreon\n|-heal|p1a: Umbreon|100\/100 par\n|\n|upkeep\n|turn|25\n|\n|t:|1698438672\n|move|p2a: Zacian|Close Combat|p1a: Umbreon\n|-supereffective|p1a: Umbreon\n|-damage|p1a: Umbreon|79\/100 par\n|-unboost|p2a: Zacian|def|1\n|-unboost|p2a: Zacian|spd|1\n|-damage|p2a: Zacian|34\/100|[from] item: Rocky Helmet|[of] p1a: Umbreon\n|move|p1a: Umbreon|Stored Power|p2a: Zacian\n|-damage|p2a: Zacian|0 fnt\n|faint|p2a: Zacian\n|\n|upkeep\n|\n|t:|1698438684\n|switch|p2a: Miraidon|Miraidon|100\/100\n|-fieldstart|move: Electric Terrain|[from] ability: Hadron Engine|[of] p2a: Miraidon\n|turn|26\n|\n|t:|1698438690\n|move|p2a: Miraidon|U-turn|p1a: Umbreon\n|-supereffective|p1a: Umbreon\n|-damage|p1a: Umbreon|71\/100 par\n|-damage|p2a: Miraidon|84\/100|[from] item: Rocky Helmet|[of] p1a: Umbreon\n|-damage|p2a: Miraidon|74\/100|[from] item: Life Orb\n|\n|t:|1698438695\n|switch|p2a: Mewtwo|Mewtwo|100\/100|[from] U-turn\n|-ability|p2a: Mewtwo|Unnerve\n|move|p1a: Umbreon|Taunt|p2a: Mewtwo\n|-start|p2a: Mewtwo|move: Taunt\n|\n|upkeep\n|turn|27\n|\n|t:|1698438705\n|move|p2a: Mewtwo|Thunderbolt|p1a: Umbreon\n|-damage|p1a: Umbreon|62\/100 par\n|move|p1a: Umbreon|Dark Pulse|p2a: Mewtwo\n|-supereffective|p2a: Mewtwo\n|-damage|p2a: Mewtwo|28\/100\n|\n|upkeep\n|turn|28\n|\n|t:|1698438712\n|move|p2a: Mewtwo|Thunderbolt|p1a: Umbreon\n|-damage|p1a: Umbreon|53\/100 par\n|move|p1a: Umbreon|Dark Pulse|p2a: Mewtwo\n|-supereffective|p2a: Mewtwo\n|-damage|p2a: Mewtwo|0 fnt\n|faint|p2a: Mewtwo\n|\n|upkeep\n|\n|t:|1698438720\n|switch|p2a: Miraidon|Miraidon|74\/100\n|-activate|p2a: Miraidon|ability: Hadron Engine\n|turn|29\n|inactive|Battle timer is ON: inactive players will automatically lose when time's up. (requested by winna360)\n|\n|t:|1698438728\n|move|p2a: Miraidon|Outrage|p1a: Umbreon\n|-damage|p1a: Umbreon|43\/100 par\n|-damage|p2a: Miraidon|58\/100|[from] item: Rocky Helmet|[of] p1a: Umbreon\n|-damage|p2a: Miraidon|48\/100|[from] item: Life Orb\n|cant|p1a: Umbreon|par\n|\n|upkeep\n|turn|30\n|\n|t:|1698438738\n|move|p2a: Miraidon|Outrage|p1a: Umbreon|[from]lockedmove\n|-damage|p1a: Umbreon|34\/100 par\n|-damage|p2a: Miraidon|31\/100|[from] item: Rocky Helmet|[of] p1a: Umbreon\n|-damage|p2a: Miraidon|21\/100|[from] item: Life Orb\n|move|p1a: Umbreon|Moonlight|p1a: Umbreon\n|-heal|p1a: Umbreon|84\/100 par\n|\n|-fieldend|move: Electric Terrain\n|upkeep\n|turn|31\n|\n|t:|1698438752\n|move|p2a: Miraidon|Outrage|p1a: Umbreon|[from]lockedmove\n|-damage|p1a: Umbreon|74\/100 par\n|-damage|p2a: Miraidon|5\/100|[from] item: Rocky Helmet|[of] p1a: Umbreon\n|-damage|p2a: Miraidon|0 fnt|[from] item: Life Orb\n|faint|p2a: Miraidon\n|move|p1a: Umbreon|Dark Pulse|p2: Miraidon|[notarget]\n|-fail|p1a: Umbreon\n|\n|upkeep\n|\n|t:|1698438763\n|switch|p2a: Rayquaza|Rayquaza|100\/100\n|-ability|p2a: Rayquaza|Air Lock\n|turn|32\n|\n|t:|1698438772\n|move|p2a: Rayquaza|Extreme Speed|p1a: Umbreon\n|-crit|p1a: Umbreon\n|-damage|p1a: Umbreon|45\/100 par\n|-damage|p2a: Rayquaza|84\/100|[from] item: Rocky Helmet|[of] p1a: Umbreon\n|cant|p1a: Umbreon|par\n|\n|upkeep\n|turn|33\n|\n|t:|1698438779\n|move|p2a: Rayquaza|Air Slash|p1a: Umbreon\n|-damage|p1a: Umbreon|37\/100 par\n|move|p1a: Umbreon|Moonlight|p1a: Umbreon\n|-heal|p1a: Umbreon|87\/100 par\n|\n|upkeep\n|turn|34\n|\n|t:|1698438791\n|move|p2a: Rayquaza|Fire Blast|p1a: Umbreon\n|-damage|p1a: Umbreon|79\/100 par\n|move|p1a: Umbreon|Stored Power|p2a: Rayquaza\n|-damage|p2a: Rayquaza|27\/100\n|\n|upkeep\n|turn|35\n|c|\u2606DarthAdenious|Gg bro\n|\n|t:|1698438808\n|move|p2a: Rayquaza|Extreme Speed|p1a: Umbreon\n|-damage|p1a: Umbreon|74\/100 par\n|-damage|p2a: Rayquaza|11\/100|[from] item: Rocky Helmet|[of] p1a: Umbreon\n|cant|p1a: Umbreon|par\n|\n|upkeep\n|turn|36\n|\n|t:|1698438817\n|move|p2a: Rayquaza|Dragon Claw|p1a: Umbreon\n|-damage|p1a: Umbreon|65\/100 par\n|-damage|p2a: Rayquaza|0 fnt|[from] item: Rocky Helmet|[of] p1a: Umbreon\n|faint|p2a: Rayquaza\n|\n|win|DarthAdenious\n|raw|DarthAdenious's rating: 1000 &rarr; <strong>1040<\/strong><br \/>(+40 for winning)\n|raw|winna360's rating: 1000 &rarr; <strong>1000<\/strong><br \/>(+0 for losing)\n|l|\u2606winna360\n","uploadtime":1698438846,"views":17,"p1id":"darthadenious","p2id":"winna360","formatid":"gen9anythinggoes","rating":1000,"private":0,"password":""}