{"id":"gen9anythinggoes-1986122018","p1":"LachBoyJB","p2":"EPIC555","format":"[Gen 9] Anything Goes","log":"|j|\u2606LachBoyJB\n|j|\u2606EPIC555\n|t:|1699452309\n|gametype|singles\n|player|p1|LachBoyJB|red|1263\n|player|p2|EPIC555|102|1116\n|teamsize|p1|6\n|teamsize|p2|6\n|gen|9\n|tier|[Gen 9] Anything Goes\n|rated|\n|rule|HP Percentage Mod: HP is shown in percentages\n|rule|Endless Battle Clause: Forcing endless battles is banned\n|clearpoke\n|poke|p1|Palafin, M|\n|poke|p1|Baxcalibur, M|\n|poke|p1|Ogerpon-Hearthflame, F|\n|poke|p1|Annihilape, M|\n|poke|p1|Avalugg-Hisui, F|\n|poke|p1|Houndstone, M|\n|poke|p2|Rayquaza|\n|poke|p2|Sylveon, M|\n|poke|p2|Drifblim, M|\n|poke|p2|Mewtwo|\n|poke|p2|Koraidon|\n|poke|p2|Regieleki|\n|teampreview\n|inactive|Battle timer is ON: inactive players will automatically lose when time's up. (requested by LachBoyJB)\n|\n|t:|1699452314\n|start\n|switch|p1a: Palafin|Palafin, M, shiny|100\/100\n|switch|p2a: Drifblim|Drifblim, M|100\/100\n|turn|1\n|\n|t:|1699452319\n|move|p1a: Palafin|Flip Turn|p2a: Drifblim\n|-damage|p2a: Drifblim|61\/100\n|-damage|p1a: Palafin|91\/100|[from] item: Life Orb\n|\n|t:|1699452324\n|detailschange|p1a: Palafin|Palafin-Hero, M, shiny\n|switch|p1a: Baxcalibur|Baxcalibur, M, shiny|100\/100|[from] Flip Turn\n|move|p2a: Drifblim|Minimize|p2a: Drifblim\n|-boost|p2a: Drifblim|evasion|2\n|\n|upkeep\n|turn|2\n|\n|t:|1699452333\n|move|p1a: Baxcalibur|Dragon Dance|p1a: Baxcalibur\n|-boost|p1a: Baxcalibur|atk|1\n|-boost|p1a: Baxcalibur|spe|1\n|move|p2a: Drifblim|Minimize|p2a: Drifblim\n|-boost|p2a: Drifblim|evasion|2\n|\n|upkeep\n|turn|3\n|\n|t:|1699452339\n|move|p1a: Baxcalibur|Icicle Spear|p2a: Drifblim|[miss]\n|-miss|p1a: Baxcalibur|p2a: Drifblim\n|move|p2a: Drifblim|Minimize|p2a: Drifblim\n|-boost|p2a: Drifblim|evasion|2\n|\n|upkeep\n|turn|4\n|\n|t:|1699452345\n|move|p1a: Baxcalibur|Icicle Spear|p2a: Drifblim|[miss]\n|-miss|p1a: Baxcalibur|p2a: Drifblim\n|move|p2a: Drifblim|Baton Pass|p2a: Drifblim\n|\n|t:|1699452351\n|switch|p2a: Mewtwo|Mewtwo|100\/100|[from] Baton Pass\n|-ability|p2a: Mewtwo|Pressure\n|\n|upkeep\n|turn|5\n|\n|t:|1699452364\n|move|p1a: Baxcalibur|Icicle Spear|p2a: Mewtwo|[miss]\n|-miss|p1a: Baxcalibur|p2a: Mewtwo\n|move|p2a: Mewtwo|Substitute|p2a: Mewtwo\n|-start|p2a: Mewtwo|Substitute\n|-damage|p2a: Mewtwo|76\/100\n|\n|upkeep\n|turn|6\n|\n|t:|1699452374\n|move|p1a: Baxcalibur|Icicle Spear|p2a: Mewtwo|[miss]\n|-miss|p1a: Baxcalibur|p2a: Mewtwo\n|move|p2a: Mewtwo|Calm Mind|p2a: Mewtwo\n|-boost|p2a: Mewtwo|spa|1\n|-boost|p2a: Mewtwo|spd|1\n|\n|upkeep\n|turn|7\n|\n|t:|1699452382\n|move|p1a: Baxcalibur|Icicle Spear|p2a: Mewtwo|[miss]\n|-miss|p1a: Baxcalibur|p2a: Mewtwo\n|move|p2a: Mewtwo|Calm Mind|p2a: Mewtwo\n|-boost|p2a: Mewtwo|spa|1\n|-boost|p2a: Mewtwo|spd|1\n|\n|upkeep\n|turn|8\n|\n|t:|1699452393\n|move|p1a: Baxcalibur|Icicle Spear|p2a: Mewtwo|[miss]\n|-miss|p1a: Baxcalibur|p2a: Mewtwo\n|move|p2a: Mewtwo|Psychic|p1a: Baxcalibur\n|-crit|p1a: Baxcalibur\n|-damage|p1a: Baxcalibur|0 fnt\n|faint|p1a: Baxcalibur\n|\n|upkeep\n|c|\u2606EPIC555|Lol luck\n|\n|t:|1699452408\n|switch|p1a: Palafin|Palafin-Hero, M, shiny|91\/100\n|-activate|p1a: Palafin|ability: Zero to Hero\n|turn|9\n|\n|t:|1699452418\n|move|p2a: Mewtwo|Calm Mind|p2a: Mewtwo\n|-boost|p2a: Mewtwo|spa|1\n|-boost|p2a: Mewtwo|spd|1\n|move|p1a: Palafin|Liquidation|p2a: Mewtwo\n|-end|p2a: Mewtwo|Substitute\n|-damage|p1a: Palafin|81\/100|[from] item: Life Orb\n|\n|upkeep\n|turn|10\n|\n|t:|1699452426\n|move|p2a: Mewtwo|Psychic|p1a: Palafin\n|-damage|p1a: Palafin|0 fnt\n|faint|p1a: Palafin\n|\n|upkeep\n|\n|t:|1699452432\n|switch|p1a: Ogerpon|Ogerpon-Hearthflame, F|100\/100\n|-ability|p1a: Ogerpon|Mold Breaker\n|turn|11\n|\n|t:|1699452437\n|move|p2a: Mewtwo|Psychic|p1a: Ogerpon\n|-damage|p1a: Ogerpon|0 fnt\n|faint|p1a: Ogerpon\n|\n|upkeep\n|-message|LachBoyJB forfeited.\n|\n|win|EPIC555\n|raw|LachBoyJB's rating: 1263 &rarr; <strong>1228<\/strong><br \/>(-35 for losing)\n|raw|EPIC555's rating: 1116 &rarr; <strong>1151<\/strong><br \/>(+35 for winning)\n|l|\u2606LachBoyJB\n","uploadtime":1699452448,"views":4,"p1id":"lachboyjb","p2id":"epic555","formatid":"gen9anythinggoes","rating":1151,"private":0,"password":""}