{"id":"gen9anythinggoes-1974113015","p1":"veganballs445","p2":"Jon12than","format":"[Gen 9] Anything Goes","log":"|j|\u2606veganballs445\n|j|\u2606Jon12than\n|t:|1698057632\n|gametype|singles\n|player|p1|veganballs445|blackbelt-gen4dp|1097\n|player|p2|Jon12than|steven|1018\n|teamsize|p1|6\n|teamsize|p2|2\n|gen|9\n|tier|[Gen 9] Anything Goes\n|rated|\n|rule|HP Percentage Mod: HP is shown in percentages\n|rule|Endless Battle Clause: Forcing endless battles is banned\n|clearpoke\n|poke|p1|Arceus-Fighting|\n|poke|p1|Arceus-Electric|\n|poke|p1|Groudon|\n|poke|p1|Rayquaza|\n|poke|p1|Kyogre|\n|poke|p1|Glimmora, F|\n|poke|p2|Kricketune, M|\n|poke|p2|Donphan, F|\n|teampreview\n|inactive|Battle timer is ON: inactive players will automatically lose when time's up. (requested by Jon12than)\n|\n|t:|1698057635\n|start\n|switch|p1a: HAZARD GOD|Glimmora, F, shiny|100\/100\n|switch|p2a: Donphan|Donphan, F|100\/100\n|-item|p1a: HAZARD GOD|Air Balloon\n|turn|1\n|c|\u2606Jon12than|ouuu the vivilon hater\n|\n|t:|1698057662\n|move|p1a: HAZARD GOD|Toxic Spikes|p2a: Donphan\n|-sidestart|p2: Jon12than|move: Toxic Spikes\n|move|p2a: Donphan|Stealth Rock|p1a: HAZARD GOD\n|-sidestart|p1: veganballs445|move: Stealth Rock\n|\n|upkeep\n|turn|2\n|c|\u2606veganballs445|bitch\n|\n|t:|1698057673\n|move|p1a: HAZARD GOD|Spikes|p2a: Donphan\n|-sidestart|p2: Jon12than|Spikes\n|move|p2a: Donphan|Encore|p1a: HAZARD GOD\n|-start|p1a: HAZARD GOD|Encore\n|\n|upkeep\n|turn|3\n|\n|t:|1698057681\n|switch|p2a: Kricketune|Kricketune, M|100\/100\n|-status|p2a: Kricketune|psn\n|-damage|p2a: Kricketune|88\/100 psn|[from] Spikes\n|move|p1a: HAZARD GOD|Spikes|p2a: Kricketune\n|-sidestart|p2: Jon12than|Spikes\n|\n|-damage|p2a: Kricketune|75\/100 psn|[from] psn\n|upkeep\n|turn|4\n|inactive|veganballs445 has 120 seconds left.\n|c|\u2606veganballs445|delelelelelewhoom yourself off a building bitch\n|c|\u2606Jon12than|well, i think  u will win that\n|\n|t:|1698057711\n|move|p1a: HAZARD GOD|Spikes|p2a: Kricketune\n|-sidestart|p2: Jon12than|Spikes\n|move|p2a: Kricketune|Trailblaze|p1a: HAZARD GOD\n|-damage|p1a: HAZARD GOD|79\/100\n|-boost|p2a: Kricketune|spe|1\n|-enditem|p1a: HAZARD GOD|Air Balloon\n|\n|-damage|p2a: Kricketune|63\/100 psn|[from] psn\n|upkeep\n|turn|5\n|inactive|veganballs445 has 120 seconds left.\n|\n|t:|1698057720\n|move|p2a: Kricketune|Trailblaze|p1a: HAZARD GOD\n|-damage|p1a: HAZARD GOD|56\/100\n|-boost|p2a: Kricketune|spe|1\n|move|p1a: HAZARD GOD|Spikes||[still]\n|-fail|p1a: HAZARD GOD\n|\n|-damage|p2a: Kricketune|50\/100 psn|[from] psn\n|-end|p1a: HAZARD GOD|Encore\n|upkeep\n|turn|6\n|inactive|veganballs445 has 120 seconds left.\n|\n|t:|1698057731\n|move|p2a: Kricketune|Trailblaze|p1a: HAZARD GOD\n|-damage|p1a: HAZARD GOD|33\/100\n|-boost|p2a: Kricketune|spe|1\n|move|p1a: HAZARD GOD|Toxic Spikes|p2a: Kricketune\n|-sidestart|p2: Jon12than|move: Toxic Spikes\n|\n|-damage|p2a: Kricketune|38\/100 psn|[from] psn\n|upkeep\n|turn|7\n|\n|t:|1698057739\n|move|p2a: Kricketune|Trailblaze|p1a: HAZARD GOD\n|-damage|p1a: HAZARD GOD|11\/100\n|-boost|p2a: Kricketune|spe|1\n|move|p1a: HAZARD GOD|Stealth Rock|p2a: Kricketune\n|-sidestart|p2: Jon12than|move: Stealth Rock\n|\n|-damage|p2a: Kricketune|25\/100 psn|[from] psn\n|upkeep\n|turn|8\n|\n|t:|1698057747\n|move|p2a: Kricketune|Fell Stinger|p1a: HAZARD GOD\n|-resisted|p1a: HAZARD GOD\n|-damage|p1a: HAZARD GOD|0 fnt\n|faint|p1a: HAZARD GOD\n|-boost|p2a: Kricketune|atk|3\n|\n|-damage|p2a: Kricketune|13\/100 psn|[from] psn\n|upkeep\n|inactive|veganballs445 has 120 seconds left.\n|\n|t:|1698057772\n|switch|p1a: Rayquaza|Rayquaza, shiny|100\/100\n|-damage|p1a: Rayquaza|76\/100|[from] Stealth Rock\n|-ability|p1a: Rayquaza|Air Lock\n|turn|9\n|inactive|veganballs445 has 120 seconds left.\n|\n|t:|1698057801\n|move|p2a: Kricketune|Aerial Ace|p1a: Rayquaza\n|-crit|p1a: Rayquaza\n|-damage|p1a: Rayquaza|0 fnt\n|faint|p1a: Rayquaza\n|\n|-damage|p2a: Kricketune|0 fnt|[from] psn\n|faint|p2a: Kricketune\n|upkeep\n|c|\u2606Jon12than|gg\n|-message|Jon12than forfeited.\n|\n|win|veganballs445\n|raw|veganballs445's rating: 1097 &rarr; <strong>1117<\/strong><br \/>(+20 for winning)\n|raw|Jon12than's rating: 1018 &rarr; <strong>1008<\/strong><br \/>(-10 for losing)\n","uploadtime":1698057707,"views":10,"p1id":"veganballs445","p2id":"jon12than","formatid":"gen9anythinggoes","rating":1008,"private":0,"password":""}