{"id":"gen9anythinggoes-1999344436","p1":"Hitoshiba","p2":"MrMimeIsMrKetchum","format":"[Gen 9] Anything Goes","log":"|j|\u2606Hitoshiba\n|j|\u2606MrMimeIsMrKetchum\n|t:|1701063723\n|gametype|singles\n|player|p1|Hitoshiba|geeta|1135\n|player|p2|MrMimeIsMrKetchum|swimmerf-gen4|1234\n|teamsize|p1|6\n|teamsize|p2|6\n|gen|9\n|tier|[Gen 9] Anything Goes\n|rated|\n|rule|HP Percentage Mod: HP is shown in percentages\n|rule|Endless Battle Clause: Forcing endless battles is banned\n|clearpoke\n|poke|p1|Glimmora, M|\n|poke|p1|Espathra, M|\n|poke|p1|Kingambit, M|\n|poke|p1|Flamigo, F|\n|poke|p1|Annihilape, M|\n|poke|p1|Baxcalibur, M|\n|poke|p2|Annihilape, M|\n|poke|p2|Blissey, F|\n|poke|p2|Pawmot, M|\n|poke|p2|Rabsca, M|\n|poke|p2|Pelipper, M|\n|poke|p2|Basculegion, M|\n|teampreview\n|inactive|Battle timer is ON: inactive players will automatically lose when time's up. (requested by MrMimeIsMrKetchum)\n|\n|t:|1701063731\n|start\n|switch|p1a: Copper(II) sulfate|Glimmora, M|100\/100\n|switch|p2a: Annihilape|Annihilape, M, shiny|100\/100\n|turn|1\n|\n|t:|1701063736\n|move|p2a: Annihilape|Final Gambit|p1a: Copper(II) sulfate\n|-enditem|p1a: Copper(II) sulfate|Focus Sash\n|-damage|p1a: Copper(II) sulfate|1\/100\n|faint|p2a: Annihilape\n|move|p1a: Copper(II) sulfate|Toxic|p2: Annihilape|[notarget]\n|-fail|p1a: Copper(II) sulfate\n|\n|upkeep\n|\n|t:|1701063739\n|switch|p2a: Pawmot|Pawmot, M, shiny|100\/100\n|turn|2\n|\n|t:|1701063746\n|move|p2a: Pawmot|Volt Switch|p1a: Copper(II) sulfate\n|-damage|p1a: Copper(II) sulfate|0 fnt\n|faint|p1a: Copper(II) sulfate\n|\n|t:|1701063753\n|switch|p2a: Rabsca|Rabsca, M, shiny|100\/100|[from] Volt Switch\n|\n|upkeep\n|\n|t:|1701063757\n|switch|p1a: Cleopatra|Espathra, M, shiny|100\/100\n|turn|3\n|\n|t:|1701063765\n|move|p1a: Cleopatra|Psychic|p2a: Rabsca\n|-resisted|p2a: Rabsca\n|-damage|p2a: Rabsca|70\/100\n|-unboost|p2a: Rabsca|spd|1\n|move|p2a: Rabsca|Bug Buzz|p1a: Cleopatra\n|-supereffective|p1a: Cleopatra\n|-damage|p1a: Cleopatra|0 fnt\n|faint|p1a: Cleopatra\n|\n|upkeep\n|\n|t:|1701063775\n|switch|p1a: Ostrich|Flamigo, F|100\/100\n|turn|4\n|\n|t:|1701063781\n|move|p1a: Ostrich|U-turn|p2a: Rabsca\n|-supereffective|p2a: Rabsca\n|-damage|p2a: Rabsca|0 fnt\n|faint|p2a: Rabsca\n|\n|t:|1701063786\n|switch|p1a: Primeape's|Annihilape, M|100\/100|[from] U-turn\n|\n|upkeep\n|\n|t:|1701063792\n|switch|p2a: Pawmot|Pawmot, M, shiny|100\/100\n|turn|5\n|\n|t:|1701063797\n|move|p2a: Pawmot|Revival Blessing|p2a: Pawmot\n|-enditem|p2a: Pawmot|Leppa Berry|[eat]\n|-activate|p2a: Pawmot|item: Leppa Berry|Revival Blessing|[consumed]\n|\n|t:|1701063801\n|-heal|p2: Annihilape|50\/100|[from] move: Revival Blessing\n|move|p1a: Primeape's|Drain Punch|p2a: Pawmot\n|-damage|p2a: Pawmot|40\/100\n|\n|upkeep\n|turn|6\n|\n|t:|1701063807\n|move|p2a: Pawmot|Revival Blessing|p2a: Pawmot\n|\n|t:|1701063809\n|-heal|p2: Rabsca|50\/100|[from] move: Revival Blessing\n|move|p1a: Primeape's|Rage Fist|p2a: Pawmot\n|-damage|p2a: Pawmot|1\/100\n|\n|upkeep\n|turn|7\n|\n|t:|1701063815\n|move|p2a: Pawmot|Volt Switch|p1a: Primeape's\n|-damage|p1a: Primeape's|86\/100\n|c|\u2606Hitoshiba|revival blessing?? wow\n|\n|t:|1701063836\n|switch|p2a: Annihilape|Annihilape, M, shiny|50\/100|[from] Volt Switch\n|move|p1a: Primeape's|Fire Punch|p2a: Annihilape\n|-damage|p2a: Annihilape|23\/100\n|\n|upkeep\n|turn|8\n|inactive|MrMimeIsMrKetchum has 120 seconds left.\n|\n|t:|1701063862\n|move|p2a: Annihilape|Rage Fist|p1a: Primeape's\n|-supereffective|p1a: Primeape's\n|-damage|p1a: Primeape's|11\/100\n|move|p1a: Primeape's|Rage Fist|p2a: Annihilape\n|-supereffective|p2a: Annihilape\n|-damage|p2a: Annihilape|0 fnt\n|faint|p2a: Annihilape\n|\n|upkeep\n|\n|t:|1701063878\n|switch|p2a: Blissey|Blissey, F, shiny|100\/100\n|turn|9\n|\n|t:|1701063886\n|move|p2a: Blissey|Flamethrower|p1a: Primeape's\n|-damage|p1a: Primeape's|0 fnt\n|faint|p1a: Primeape's\n|\n|upkeep\n|\n|t:|1701063891\n|switch|p1a: kitten meow kawaii|Baxcalibur, M|100\/100\n|turn|10\n|inactive|MrMimeIsMrKetchum has 120 seconds left.\n|\n|t:|1701063909\n|switch|p2a: Pawmot|Pawmot, M, shiny|1\/100\n|move|p1a: kitten meow kawaii|Icicle Spear|p2a: Pawmot\n|-damage|p2a: Pawmot|0 fnt\n|faint|p2a: Pawmot\n|-hitcount|p2: Pawmot|1\n|\n|upkeep\n|\n|t:|1701063912\n|switch|p2a: Rabsca|Rabsca, M, shiny|50\/100\n|turn|11\n|\n|t:|1701063920\n|-terastallize|p1a: kitten meow kawaii|Ground\n|move|p1a: kitten meow kawaii|Glaive Rush|p2a: Rabsca\n|-damage|p2a: Rabsca|0 fnt\n|-singlemove|p1a: kitten meow kawaii|Glaive Rush|[silent]\n|faint|p2a: Rabsca\n|\n|upkeep\n|\n|t:|1701063927\n|switch|p2a: Pelipper|Pelipper, M, shiny|100\/100\n|-weather|RainDance|[from] ability: Drizzle|[of] p2a: Pelipper\n|turn|12\n|\n|t:|1701063934\n|move|p1a: kitten meow kawaii|Icicle Spear|p2a: Pelipper\n|-damage|p2a: Pelipper|85\/100\n|-damage|p2a: Pelipper|69\/100\n|-damage|p2a: Pelipper|54\/100\n|-damage|p2a: Pelipper|40\/100\n|-hitcount|p2a: Pelipper|4\n|move|p2a: Pelipper|Surf|p1a: kitten meow kawaii\n|-supereffective|p1a: kitten meow kawaii\n|-damage|p1a: kitten meow kawaii|6\/100\n|\n|-weather|RainDance|[upkeep]\n|upkeep\n|turn|13\n|\n|t:|1701063944\n|switch|p2a: Blissey|Blissey, F, shiny|100\/100\n|move|p1a: kitten meow kawaii|Icicle Spear|p2a: Blissey\n|-damage|p2a: Blissey|72\/100\n|-damage|p2a: Blissey|43\/100\n|-damage|p2a: Blissey|15\/100\n|-damage|p2a: Blissey|0 fnt\n|faint|p2a: Blissey\n|-hitcount|p2: Blissey|4\n|\n|-weather|RainDance|[upkeep]\n|upkeep\n|\n|t:|1701063947\n|switch|p2a: Basculegion|Basculegion, M, shiny|100\/100\n|turn|14\n|\n|t:|1701063967\n|move|p2a: Basculegion|Flip Turn|p1a: kitten meow kawaii\n|-supereffective|p1a: kitten meow kawaii\n|-damage|p1a: kitten meow kawaii|0 fnt\n|faint|p1a: kitten meow kawaii\n|\n|t:|1701063970\n|switch|p2a: Pelipper|Pelipper, M, shiny|40\/100|[from] Flip Turn\n|\n|-weather|RainDance|[upkeep]\n|upkeep\n|\n|t:|1701063975\n|switch|p1a: Ostrich|Flamigo, F|100\/100\n|turn|15\n|\n|t:|1701063981\n|move|p1a: Ostrich|Brave Bird|p2a: Pelipper\n|-damage|p2a: Pelipper|0 fnt\n|faint|p2a: Pelipper\n|-damage|p1a: Ostrich|86\/100|[from] Recoil\n|\n|-weather|RainDance|[upkeep]\n|upkeep\n|\n|t:|1701063984\n|switch|p2a: Basculegion|Basculegion, M, shiny|100\/100\n|turn|16\n|\n|t:|1701063989\n|move|p2a: Basculegion|Last Respects|p1a: Ostrich\n|-damage|p1a: Ostrich|0 fnt\n|faint|p1a: Ostrich\n|\n|-weather|RainDance|[upkeep]\n|upkeep\n|\n|t:|1701063995\n|switch|p1a: Samurai|Kingambit, M|100\/100\n|-activate|p1a: Samurai|ability: Supreme Overlord\n|-start|p1a: Samurai|fallen5|[silent]\n|turn|17\n|\n|t:|1701063999\n|-terastallize|p2a: Basculegion|Fighting\n|move|p1a: Samurai|Sucker Punch|p2a: Basculegion\n|-resisted|p2a: Basculegion\n|-damage|p2a: Basculegion|55\/100\n|move|p2a: Basculegion|Last Respects|p1a: Samurai\n|-resisted|p1a: Samurai\n|-crit|p1a: Samurai\n|-damage|p1a: Samurai|0 fnt\n|faint|p1a: Samurai\n|-end|p1a: Samurai|fallen5|[silent]\n|\n|win|MrMimeIsMrKetchum\n|raw|Hitoshiba's rating: 1135 &rarr; <strong>1117<\/strong><br \/>(-18 for losing)\n|raw|MrMimeIsMrKetchum's rating: 1234 &rarr; <strong>1252<\/strong><br \/>(+18 for winning)\n|c|\u2606MrMimeIsMrKetchum|gg\n|c|\u2606Hitoshiba|gg\n|l|\u2606Hitoshiba\n","uploadtime":1701064026,"views":0,"p1id":"hitoshiba","p2id":"mrmimeismrketchum","formatid":"gen9anythinggoes","rating":1117,"private":0,"password":""}