{"id":"gen9anythinggoes-1999144991","p1":"Whshdhqhd","p2":"Mr Lakewood","format":"[Gen 9] Anything Goes","log":"|j|\u2606Whshdhqhd\n|j|\u2606Mr Lakewood\n|t:|1701038064\n|gametype|singles\n|player|p1|Whshdhqhd|1|1170\n|player|p2|Mr Lakewood|169|1219\n|teamsize|p1|6\n|teamsize|p2|6\n|gen|9\n|tier|[Gen 9] Anything Goes\n|rated|\n|rule|HP Percentage Mod: HP is shown in percentages\n|rule|Endless Battle Clause: Forcing endless battles is banned\n|clearpoke\n|poke|p1|Eternatus|\n|poke|p1|Ceruledge, M|\n|poke|p1|Clefable, F|\n|poke|p1|Mewtwo|\n|poke|p1|Roaring Moon|\n|poke|p1|Gliscor, M|\n|poke|p2|Maushold-Four|\n|poke|p2|Flutter Mane|\n|poke|p2|Miraidon|\n|poke|p2|Rabsca, M|\n|poke|p2|Garganacl, F|\n|poke|p2|Houndstone, M|\n|teampreview\n|\n|t:|1701038081\n|start\n|switch|p1a: Clefable|Clefable, F|100\/100\n|switch|p2a: Maushold|Maushold-Four|100\/100\n|turn|1\n|\n|t:|1701038084\n|move|p2a: Maushold|Population Bomb|p1a: Clefable\n|-damage|p1a: Clefable|86\/100\n|-hitcount|p1a: Clefable|1\n|move|p1a: Clefable|Stealth Rock|p2a: Maushold\n|-sidestart|p2: Mr Lakewood|move: Stealth Rock\n|\n|-heal|p1a: Clefable|92\/100|[from] item: Leftovers\n|upkeep\n|turn|2\n|\n|t:|1701038099\n|move|p2a: Maushold|Encore|p1a: Clefable\n|-start|p1a: Clefable|Encore\n|move|p1a: Clefable|Stealth Rock||[still]\n|-fail|p1a: Clefable\n|\n|-heal|p1a: Clefable|98\/100|[from] item: Leftovers\n|upkeep\n|turn|3\n|inactive|Battle timer is ON: inactive players will automatically lose when time's up. (requested by Mr Lakewood)\n|\n|t:|1701038115\n|switch|p1a: Ceruledge|Ceruledge, M|100\/100\n|move|p2a: Maushold|Tidy Up|p2a: Maushold\n|-sideend|p2: Mr Lakewood|Stealth Rock\n|-activate|p2a: Maushold|move: Tidy Up\n|-boost|p2a: Maushold|atk|1\n|-boost|p2a: Maushold|spe|1\n|\n|upkeep\n|turn|4\n|\n|t:|1701038123\n|move|p2a: Maushold|Baton Pass|p2a: Maushold\n|\n|t:|1701038126\n|switch|p2a: Flutter Mane|Flutter Mane, shiny|100\/100|[from] Baton Pass\n|move|p1a: Ceruledge|Swords Dance|p1a: Ceruledge\n|-boost|p1a: Ceruledge|atk|2\n|\n|upkeep\n|turn|5\n|\n|t:|1701038133\n|move|p1a: Ceruledge|Shadow Sneak|p2a: Flutter Mane\n|-supereffective|p2a: Flutter Mane\n|-damage|p2a: Flutter Mane|0 fnt\n|faint|p2a: Flutter Mane\n|-end|p2a: Flutter Mane|Protosynthesis|[silent]\n|\n|upkeep\n|\n|t:|1701038137\n|switch|p2a: Maushold|Maushold-Four|100\/100\n|turn|6\n|\n|t:|1701038140\n|move|p2a: Maushold|Encore|p1a: Ceruledge\n|-start|p1a: Ceruledge|Encore\n|move|p1a: Ceruledge|Shadow Sneak|p2a: Maushold\n|-immune|p2a: Maushold\n|\n|upkeep\n|turn|7\n|\n|t:|1701038145\n|switch|p1a: Gliscor|Gliscor, M|100\/100\n|move|p2a: Maushold|Tidy Up|p2a: Maushold\n|-boost|p2a: Maushold|atk|1\n|-boost|p2a: Maushold|spe|1\n|\n|-status|p1a: Gliscor|tox|[from] item: Toxic Orb\n|upkeep\n|turn|8\n|\n|t:|1701038162\n|move|p2a: Maushold|Population Bomb|p1a: Gliscor\n|-damage|p1a: Gliscor|86\/100 tox\n|-hitcount|p1a: Gliscor|1\n|move|p1a: Gliscor|Earthquake|p2a: Maushold\n|-damage|p2a: Maushold|34\/100\n|\n|-heal|p1a: Gliscor|98\/100 tox|[from] ability: Poison Heal\n|upkeep\n|turn|9\n|\n|t:|1701038172\n|move|p2a: Maushold|Baton Pass|p2a: Maushold\n|\n|t:|1701038174\n|switch|p2a: SSSReplacement|Garganacl, F, shiny|100\/100|[from] Baton Pass\n|move|p1a: Gliscor|Earthquake|p2a: SSSReplacement\n|-supereffective|p2a: SSSReplacement\n|-crit|p2a: SSSReplacement\n|-damage|p2a: SSSReplacement|14\/100\n|\n|-heal|p2a: SSSReplacement|21\/100|[from] item: Leftovers\n|-heal|p1a: Gliscor|100\/100 tox|[from] ability: Poison Heal\n|upkeep\n|turn|10\n|inactive|Mr Lakewood has 120 seconds left.\n|\n|t:|1701038208\n|move|p1a: Gliscor|Earthquake|p2a: SSSReplacement\n|-supereffective|p2a: SSSReplacement\n|-damage|p2a: SSSReplacement|0 fnt\n|faint|p2a: SSSReplacement\n|\n|upkeep\n|\n|t:|1701038211\n|switch|p2a: Maushold|Maushold-Four|34\/100\n|turn|11\n|\n|t:|1701038218\n|move|p2a: Maushold|Population Bomb|p1a: Gliscor\n|-damage|p1a: Gliscor|89\/100 tox\n|-damage|p1a: Gliscor|79\/100 tox\n|-damage|p1a: Gliscor|68\/100 tox\n|-crit|p1a: Gliscor\n|-damage|p1a: Gliscor|51\/100 tox\n|-damage|p1a: Gliscor|40\/100 tox\n|-damage|p1a: Gliscor|30\/100 tox\n|-damage|p1a: Gliscor|18\/100 tox\n|-damage|p1a: Gliscor|8\/100 tox\n|-damage|p1a: Gliscor|0 fnt\n|faint|p1a: Gliscor\n|-hitcount|p1: Gliscor|9\n|\n|upkeep\n|\n|t:|1701038222\n|switch|p1a: Ceruledge|Ceruledge, M|100\/100\n|turn|12\n|\n|t:|1701038225\n|move|p2a: Maushold|Tidy Up|p2a: Maushold\n|-boost|p2a: Maushold|atk|1\n|-boost|p2a: Maushold|spe|1\n|move|p1a: Ceruledge|Bitter Blade|p2a: Maushold\n|-damage|p2a: Maushold|0 fnt\n|faint|p2a: Maushold\n|\n|upkeep\n|\n|t:|1701038230\n|switch|p2a: DeMarco|Miraidon|100\/100\n|-fieldstart|move: Electric Terrain|[from] ability: Hadron Engine|[of] p2a: DeMarco\n|turn|13\n|\n|t:|1701038237\n|-terastallize|p2a: DeMarco|Electric\n|move|p2a: DeMarco|Electro Drift|p1a: Ceruledge\n|-damage|p1a: Ceruledge|0 fnt\n|faint|p1a: Ceruledge\n|\n|upkeep\n|\n|t:|1701038246\n|switch|p1a: Mewtwo|Mewtwo|100\/100\n|-ability|p1a: Mewtwo|Pressure\n|turn|14\n|\n|t:|1701038252\n|move|p2a: DeMarco|Electro Drift|p1a: Mewtwo\n|-damage|p1a: Mewtwo|0 fnt\n|faint|p1a: Mewtwo\n|\n|upkeep\n|\n|t:|1701038257\n|switch|p1a: Roaring Moon|Roaring Moon|100\/100\n|-enditem|p1a: Roaring Moon|Booster Energy\n|-activate|p1a: Roaring Moon|ability: Protosynthesis|[fromitem]\n|-start|p1a: Roaring Moon|protosynthesisatk\n|turn|15\n|\n|t:|1701038262\n|-terastallize|p1a: Roaring Moon|Ground\n|move|p2a: DeMarco|Dragon Pulse|p1a: Roaring Moon\n|-damage|p1a: Roaring Moon|40\/100\n|move|p1a: Roaring Moon|Earthquake|p2a: DeMarco\n|-supereffective|p2a: DeMarco\n|-damage|p2a: DeMarco|0 fnt\n|faint|p2a: DeMarco\n|\n|upkeep\n|\n|t:|1701038269\n|switch|p2a: Houndstone|Houndstone, M|100\/100\n|turn|16\n|\n|t:|1701038279\n|move|p1a: Roaring Moon|Earthquake|p2a: Houndstone\n|-damage|p2a: Houndstone|25\/100\n|move|p2a: Houndstone|Last Respects|p1a: Roaring Moon\n|-damage|p1a: Roaring Moon|0 fnt\n|faint|p1a: Roaring Moon\n|-end|p1a: Roaring Moon|Protosynthesis|[silent]\n|\n|upkeep\n|\n|t:|1701038282\n|switch|p1a: Eternatus|Eternatus|100\/100\n|-ability|p1a: Eternatus|Pressure\n|turn|17\n|\n|t:|1701038286\n|move|p1a: Eternatus|Dynamax Cannon|p2a: Houndstone\n|-damage|p2a: Houndstone|0 fnt\n|faint|p2a: Houndstone\n|-damage|p1a: Eternatus|91\/100|[from] item: Life Orb\n|\n|-fieldend|move: Electric Terrain\n|upkeep\n|\n|t:|1701038288\n|switch|p2a: Rabsca|Rabsca, M, shiny|100\/100\n|turn|18\n|\n|t:|1701038290\n|move|p1a: Eternatus|Flamethrower|p2a: Rabsca\n|-supereffective|p2a: Rabsca\n|-crit|p2a: Rabsca\n|-damage|p2a: Rabsca|0 fnt\n|faint|p2a: Rabsca\n|-damage|p1a: Eternatus|81\/100|[from] item: Life Orb\n|\n|win|Whshdhqhd\n|raw|Whshdhqhd's rating: 1170 &rarr; <strong>1199<\/strong><br \/>(+29 for winning)\n|raw|Mr Lakewood's rating: 1219 &rarr; <strong>1190<\/strong><br \/>(-29 for losing)\n|l|\u2606Whshdhqhd\n","uploadtime":1701038295,"views":1,"p1id":"whshdhqhd","p2id":"mrlakewood","formatid":"gen9anythinggoes","rating":1190,"private":0,"password":""}