{"id":"gen9anythinggoes-1999186682","p1":"Mr Honey Brew","p2":"kadu0000","format":"[Gen 9] Anything Goes","log":"|j|\u2606Mr Honey Brew\n|j|\u2606kadu0000\n|t:|1701042942\n|gametype|singles\n|player|p1|Mr Honey Brew|102|1214\n|player|p2|kadu0000|ghetsis-gen5bw|1089\n|teamsize|p1|6\n|teamsize|p2|6\n|gen|9\n|tier|[Gen 9] Anything Goes\n|rated|\n|rule|HP Percentage Mod: HP is shown in percentages\n|rule|Endless Battle Clause: Forcing endless battles is banned\n|clearpoke\n|poke|p1|Maushold-Four|\n|poke|p1|Flutter Mane|\n|poke|p1|Miraidon|\n|poke|p1|Rabsca, M|\n|poke|p1|Garganacl, F|\n|poke|p1|Houndstone, M|\n|poke|p2|Annihilape, F|\n|poke|p2|Annihilape, F|\n|poke|p2|Annihilape, F|\n|poke|p2|Annihilape, F|\n|poke|p2|Annihilape, F|\n|poke|p2|Kingambit, M|\n|teampreview\n|\n|t:|1701042949\n|start\n|switch|p1a: Flutter Mane|Flutter Mane, shiny|100\/100\n|switch|p2a: Annihilape|Annihilape, F, shiny|100\/100\n|turn|1\n|inactive|Battle timer is ON: inactive players will automatically lose when time's up. (requested by Mr Honey Brew)\n|\n|t:|1701042956\n|move|p2a: Annihilape|Rage Fist|p1a: Flutter Mane\n|-supereffective|p1a: Flutter Mane\n|-damage|p1a: Flutter Mane|9\/100\n|move|p1a: Flutter Mane|Moonblast|p2a: Annihilape\n|-supereffective|p2a: Annihilape\n|-damage|p2a: Annihilape|0 fnt\n|faint|p2a: Annihilape\n|-damage|p1a: Flutter Mane|0 fnt|[from] item: Life Orb\n|faint|p1a: Flutter Mane\n|-end|p1a: Flutter Mane|Protosynthesis|[silent]\n|\n|upkeep\n|\n|t:|1701042966\n|switch|p1a: DeMarco|Miraidon|100\/100\n|switch|p2a: Annihilape|Annihilape, F|100\/100\n|-fieldstart|move: Electric Terrain|[from] ability: Hadron Engine|[of] p1a: DeMarco\n|turn|2\n|\n|t:|1701042975\n|-terastallize|p1a: DeMarco|Electric\n|move|p2a: Annihilape|Final Gambit|p1a: DeMarco\n|-damage|p1a: DeMarco|0 fnt\n|faint|p2a: Annihilape\n|faint|p1a: DeMarco\n|\n|upkeep\n|\n|t:|1701042984\n|switch|p1a: Maushold|Maushold-Four|100\/100\n|switch|p2a: Annihilape|Annihilape, F, shiny|100\/100\n|turn|3\n|\n|t:|1701043004\n|switch|p1a: Houndstone|Houndstone, M|100\/100\n|move|p2a: Annihilape|Final Gambit|p1a: Houndstone\n|-immune|p1a: Houndstone\n|\n|upkeep\n|turn|4\n|\n|t:|1701043011\n|switch|p2a: Annihilape|Annihilape, F, shiny|100\/100\n|move|p1a: Houndstone|Last Respects|p2a: Annihilape\n|-supereffective|p2a: Annihilape\n|-damage|p2a: Annihilape|0 fnt\n|faint|p2a: Annihilape\n|\n|upkeep\n|\n|t:|1701043018\n|switch|p2a: Annihilape|Annihilape, F, shiny|100\/100\n|turn|5\n|\n|t:|1701043022\n|switch|p1a: Maushold|Maushold-Four|100\/100\n|move|p2a: Annihilape|Rage Fist|p1a: Maushold\n|-immune|p1a: Maushold\n|\n|upkeep\n|turn|6\n|\n|t:|1701043030\n|move|p2a: Annihilape|Rage Fist|p1a: Maushold\n|-immune|p1a: Maushold\n|move|p1a: Maushold|Tidy Up|p1a: Maushold\n|-boost|p1a: Maushold|atk|1\n|-boost|p1a: Maushold|spe|1\n|\n|-fieldend|move: Electric Terrain\n|upkeep\n|turn|7\n|\n|t:|1701043043\n|move|p1a: Maushold|Tidy Up|p1a: Maushold\n|-boost|p1a: Maushold|atk|1\n|-boost|p1a: Maushold|spe|1\n|move|p2a: Annihilape|Rage Fist|p1a: Maushold\n|-immune|p1a: Maushold\n|\n|upkeep\n|turn|8\n|\n|t:|1701043058\n|switch|p2a: Annihilape|Annihilape, F, shiny|100\/100\n|move|p1a: Maushold|Baton Pass|p1a: Maushold\n|\n|t:|1701043061\n|switch|p1a: SSSReplacement|Garganacl, F, shiny|100\/100|[from] Baton Pass\n|\n|upkeep\n|turn|9\n|\n|t:|1701043068\n|move|p2a: Annihilape|Final Gambit|p1a: SSSReplacement\n|-damage|p1a: SSSReplacement|0 fnt\n|faint|p2a: Annihilape\n|faint|p1a: SSSReplacement\n|\n|upkeep\n|\n|t:|1701043075\n|switch|p2a: Kingambit|Kingambit, M|100\/100\n|switch|p1a: Houndstone|Houndstone, M|100\/100\n|-activate|p2a: Kingambit|ability: Supreme Overlord\n|-start|p2a: Kingambit|fallen4|[silent]\n|turn|10\n|\n|t:|1701043090\n|-end|p2a: Kingambit|fallen4|[silent]\n|switch|p2a: Annihilape|Annihilape, F, shiny|100\/100\n|move|p1a: Houndstone|Last Respects|p2a: Annihilape\n|-supereffective|p2a: Annihilape\n|-damage|p2a: Annihilape|0 fnt\n|faint|p2a: Annihilape\n|\n|upkeep\n|\n|t:|1701043097\n|switch|p2a: Kingambit|Kingambit, M|100\/100\n|-activate|p2a: Kingambit|ability: Supreme Overlord\n|-start|p2a: Kingambit|fallen5|[silent]\n|turn|11\n|\n|t:|1701043102\n|move|p2a: Kingambit|Sucker Punch|p1a: Houndstone\n|-supereffective|p1a: Houndstone\n|-damage|p1a: Houndstone|32\/100\n|move|p1a: Houndstone|Last Respects|p2a: Kingambit\n|-resisted|p2a: Kingambit\n|-damage|p2a: Kingambit|60\/100\n|\n|upkeep\n|turn|12\n|\n|t:|1701043109\n|move|p1a: Houndstone|Shadow Sneak|p2a: Kingambit\n|-resisted|p2a: Kingambit\n|-damage|p2a: Kingambit|52\/100\n|move|p2a: Kingambit|Kowtow Cleave|p1a: Houndstone\n|-supereffective|p1a: Houndstone\n|-damage|p1a: Houndstone|0 fnt\n|faint|p1a: Houndstone\n|\n|upkeep\n|\n|t:|1701043118\n|switch|p1a: Maushold|Maushold-Four|100\/100\n|turn|13\n|\n|t:|1701043133\n|move|p2a: Kingambit|Sucker Punch||[still]\n|-fail|p2a: Kingambit\n|move|p1a: Maushold|Tidy Up|p1a: Maushold\n|-boost|p1a: Maushold|atk|1\n|-boost|p1a: Maushold|spe|1\n|\n|upkeep\n|turn|14\n|\n|t:|1701043143\n|move|p1a: Maushold|Encore|p2a: Kingambit\n|-start|p2a: Kingambit|Encore\n|move|p2a: Kingambit|Sucker Punch||[still]\n|-fail|p2a: Kingambit\n|\n|upkeep\n|turn|15\n|inactive|Mr Honey Brew has 120 seconds left.\n|\n|t:|1701043181\n|switch|p1a: Rabsca|Rabsca, M, shiny|100\/100\n|move|p2a: Kingambit|Sucker Punch||[still]\n|-fail|p2a: Kingambit\n|\n|upkeep\n|turn|16\n|\n|t:|1701043188\n|move|p2a: Kingambit|Sucker Punch||[still]\n|-fail|p2a: Kingambit\n|move|p1a: Rabsca|Revival Blessing|p1a: Rabsca\n|-enditem|p1a: Rabsca|Leppa Berry|[eat]\n|-activate|p1a: Rabsca|item: Leppa Berry|Revival Blessing|[consumed]\n|\n|t:|1701043194\n|-heal|p1: SSSReplacement|50\/100|[from] move: Revival Blessing\n|\n|-end|p2a: Kingambit|Encore\n|upkeep\n|turn|17\n|\n|t:|1701043202\n|move|p2a: Kingambit|Swords Dance|p2a: Kingambit\n|-boost|p2a: Kingambit|atk|2\n|move|p1a: Rabsca|Memento|p2a: Kingambit\n|-unboost|p2a: Kingambit|atk|2\n|-unboost|p2a: Kingambit|spa|2\n|faint|p1a: Rabsca\n|\n|upkeep\n|\n|t:|1701043209\n|switch|p1a: Maushold|Maushold-Four|100\/100\n|turn|18\n|\n|t:|1701043213\n|move|p1a: Maushold|Encore|p2a: Kingambit\n|-start|p2a: Kingambit|Encore\n|move|p2a: Kingambit|Swords Dance|p2a: Kingambit\n|-boost|p2a: Kingambit|atk|2\n|\n|upkeep\n|turn|19\n|\n|t:|1701043221\n|move|p1a: Maushold|Tidy Up|p1a: Maushold\n|-boost|p1a: Maushold|atk|1\n|-boost|p1a: Maushold|spe|1\n|move|p2a: Kingambit|Swords Dance|p2a: Kingambit\n|-boost|p2a: Kingambit|atk|2\n|\n|upkeep\n|turn|20\n|\n|t:|1701043230\n|move|p1a: Maushold|Population Bomb|p2a: Kingambit\n|-resisted|p2a: Kingambit\n|-damage|p2a: Kingambit|45\/100\n|-resisted|p2a: Kingambit\n|-damage|p2a: Kingambit|38\/100\n|-resisted|p2a: Kingambit\n|-damage|p2a: Kingambit|31\/100\n|-resisted|p2a: Kingambit\n|-damage|p2a: Kingambit|23\/100\n|-resisted|p2a: Kingambit\n|-damage|p2a: Kingambit|17\/100\n|-resisted|p2a: Kingambit\n|-damage|p2a: Kingambit|10\/100\n|-resisted|p2a: Kingambit\n|-damage|p2a: Kingambit|3\/100\n|-resisted|p2a: Kingambit\n|-damage|p2a: Kingambit|0 fnt\n|faint|p2a: Kingambit\n|-end|p2a: Kingambit|fallen5|[silent]\n|-hitcount|p2: Kingambit|8\n|\n|win|Mr Honey Brew\n|raw|Mr Honey Brew's rating: 1214 &rarr; <strong>1230<\/strong><br \/>(+16 for winning)\n|raw|kadu0000's rating: 1089 &rarr; <strong>1074<\/strong><br \/>(-15 for losing)\n|l|\u2606kadu0000\n","uploadtime":1701043267,"views":0,"p1id":"mrhoneybrew","p2id":"kadu0000","formatid":"gen9anythinggoes","rating":1074,"private":0,"password":""}