{"id":"gen9anythinggoes-1977356281","p1":"OhHiItsNotMe","p2":"Coolbroes","format":"[Gen 9] Anything Goes","log":"|j|\u2606OhHiItsNotMe\n|j|\u2606Coolbroes\n|t:|1698409174\n|gametype|singles\n|player|p1|OhHiItsNotMe|lucas|1397\n|player|p2|Coolbroes|2|1512\n|teamsize|p1|6\n|teamsize|p2|6\n|gen|9\n|tier|[Gen 9] Anything Goes\n|rated|\n|rule|HP Percentage Mod: HP is shown in percentages\n|rule|Endless Battle Clause: Forcing endless battles is banned\n|clearpoke\n|poke|p1|Garchomp, F|\n|poke|p1|Kingambit, M|\n|poke|p1|Iron Bundle|\n|poke|p1|Iron Valiant|\n|poke|p1|Zacian-*|\n|poke|p1|Drifblim, M|\n|poke|p2|Calyrex-Shadow|\n|poke|p2|Zacian-*|\n|poke|p2|Arceus|\n|poke|p2|Miraidon|\n|poke|p2|Basculegion, M|\n|poke|p2|Iron Bundle|\n|teampreview\n|\n|t:|1698409183\n|start\n|switch|p1a: Drifblim|Drifblim, M, shiny|100\/100\n|switch|p2a: Miraidon|Miraidon|100\/100\n|-fieldstart|move: Electric Terrain|[from] ability: Hadron Engine|[of] p2a: Miraidon\n|turn|1\n|\n|t:|1698409191\n|move|p2a: Miraidon|Volt Switch|p1a: Drifblim\n|-supereffective|p1a: Drifblim\n|-damage|p1a: Drifblim|0 fnt\n|faint|p1a: Drifblim\n|\n|t:|1698409204\n|switch|p2a: Basculegion|Basculegion, M|100\/100|[from] Volt Switch\n|\n|upkeep\n|\n|t:|1698409209\n|switch|p1a: Zacian|Zacian-Crowned, shiny|100\/100\n|-ability|p1a: Zacian|Intrepid Sword|boost\n|-boost|p1a: Zacian|atk|1\n|turn|2\n|\n|t:|1698409222\n|move|p1a: Zacian|Crunch|p2a: Basculegion\n|-supereffective|p2a: Basculegion\n|-damage|p2a: Basculegion|0 fnt\n|faint|p2a: Basculegion\n|\n|upkeep\n|\n|t:|1698409231\n|switch|p2a: Miraidon|Miraidon|100\/100\n|-activate|p2a: Miraidon|ability: Hadron Engine\n|turn|3\n|\n|t:|1698409236\n|-terastallize|p2a: Miraidon|Grass\n|move|p1a: Zacian|Play Rough|p2a: Miraidon\n|-damage|p2a: Miraidon|23\/100\n|move|p2a: Miraidon|Electro Drift|p1a: Zacian\n|-damage|p1a: Zacian|0 fnt\n|faint|p1a: Zacian\n|\n|upkeep\n|\n|t:|1698409246\n|switch|p1a: Iron Valiant|Iron Valiant, shiny|100\/100\n|-activate|p1a: Iron Valiant|ability: Quark Drive\n|-start|p1a: Iron Valiant|quarkdrivespe\n|turn|4\n|\n|t:|1698409255\n|switch|p2a: Calyrex|Calyrex-Shadow|100\/100\n|-ability|p2a: Calyrex|As One\n|-ability|p2a: Calyrex|Unnerve\n|move|p1a: Iron Valiant|Spirit Break|p2a: Calyrex\n|-damage|p2a: Calyrex|56\/100\n|-unboost|p2a: Calyrex|spa|1\n|\n|upkeep\n|turn|5\n|\n|t:|1698409270\n|switch|p2a: Arceus|Arceus|100\/100\n|move|p1a: Iron Valiant|Knock Off|p2a: Arceus\n|-damage|p2a: Arceus|78\/100\n|-enditem|p2a: Arceus|Silk Scarf|[from] move: Knock Off|[of] p1a: Iron Valiant\n|\n|-fieldend|move: Electric Terrain\n|-end|p1a: Iron Valiant|Quark Drive\n|upkeep\n|-enditem|p1a: Iron Valiant|Booster Energy\n|-activate|p1a: Iron Valiant|ability: Quark Drive|[fromitem]\n|-start|p1a: Iron Valiant|quarkdrivespe\n|turn|6\n|\n|t:|1698409281\n|move|p2a: Arceus|Extreme Speed|p1a: Iron Valiant\n|-damage|p1a: Iron Valiant|42\/100\n|move|p1a: Iron Valiant|Close Combat|p2a: Arceus\n|-supereffective|p2a: Arceus\n|-damage|p2a: Arceus|0 fnt\n|-unboost|p1a: Iron Valiant|def|1\n|-unboost|p1a: Iron Valiant|spd|1\n|faint|p2a: Arceus\n|\n|upkeep\n|\n|t:|1698409291\n|switch|p2a: Calyrex|Calyrex-Shadow|56\/100\n|-ability|p2a: Calyrex|As One\n|-ability|p2a: Calyrex|Unnerve\n|turn|7\n|\n|t:|1698409297\n|move|p2a: Calyrex|Astral Barrage|p1a: Iron Valiant\n|-damage|p1a: Iron Valiant|0 fnt\n|faint|p1a: Iron Valiant\n|-end|p1a: Iron Valiant|Quark Drive|[silent]\n|-ability|p2a: Calyrex|Grim Neigh|boost\n|-boost|p2a: Calyrex|spa|1\n|\n|upkeep\n|\n|t:|1698409306\n|switch|p1a: Lil stabba|Kingambit, M, shiny|100\/100\n|-activate|p1a: Lil stabba|ability: Supreme Overlord\n|-start|p1a: Lil stabba|fallen3|[silent]\n|turn|8\n|\n|t:|1698409310\n|switch|p2a: Zacian|Zacian-Crowned|100\/100\n|-ability|p2a: Zacian|Intrepid Sword|boost\n|-boost|p2a: Zacian|atk|1\n|move|p1a: Lil stabba|Sucker Punch||[still]\n|-fail|p1a: Lil stabba\n|\n|upkeep\n|turn|9\n|\n|t:|1698409343\n|-end|p1a: Lil stabba|fallen3|[silent]\n|switch|p1a: Chomps|Garchomp, F, shiny|100\/100\n|move|p2a: Zacian|Behemoth Blade|p1a: Chomps\n|-damage|p1a: Chomps|11\/100\n|-damage|p2a: Zacian|88\/100|[from] ability: Rough Skin|[of] p1a: Chomps\n|-damage|p2a: Zacian|72\/100|[from] item: Rocky Helmet|[of] p1a: Chomps\n|\n|upkeep\n|turn|10\n|\n|t:|1698409355\n|move|p2a: Zacian|Behemoth Blade|p1a: Chomps\n|-damage|p1a: Chomps|0 fnt\n|-damage|p2a: Zacian|59\/100|[from] ability: Rough Skin|[of] p1a: Chomps\n|-damage|p2a: Zacian|43\/100|[from] item: Rocky Helmet|[of] p1a: Chomps\n|faint|p1a: Chomps\n|\n|upkeep\n|\n|t:|1698409362\n|switch|p1a: Iron Bundle|Iron Bundle, shiny|100\/100\n|turn|11\n|\n|t:|1698409367\n|move|p2a: Zacian|Behemoth Blade|p1a: Iron Bundle\n|-damage|p1a: Iron Bundle|0 fnt\n|faint|p1a: Iron Bundle\n|-end|p1a: Iron Bundle|Quark Drive|[silent]\n|\n|upkeep\n|\n|t:|1698409371\n|switch|p1a: Lil stabba|Kingambit, M, shiny|100\/100\n|-activate|p1a: Lil stabba|ability: Supreme Overlord\n|-start|p1a: Lil stabba|fallen5|[silent]\n|turn|12\n|\n|t:|1698409375\n|-terastallize|p1a: Lil stabba|Dark\n|move|p1a: Lil stabba|Sucker Punch|p2a: Zacian\n|-resisted|p2a: Zacian\n|-damage|p2a: Zacian|0 fnt\n|faint|p2a: Zacian\n|\n|upkeep\n|\n|t:|1698409382\n|switch|p2a: Iron Bundle|Iron Bundle, shiny|100\/100\n|turn|13\n|\n|t:|1698409390\n|move|p2a: Iron Bundle|Hydro Pump|p1a: Lil stabba\n|-damage|p1a: Lil stabba|8\/100\n|move|p1a: Lil stabba|Swords Dance|p1a: Lil stabba\n|-boost|p1a: Lil stabba|atk|2\n|\n|upkeep\n|turn|14\n|\n|t:|1698409398\n|-end|p2a: Iron Bundle|Quark Drive|[silent]\n|switch|p2a: Calyrex|Calyrex-Shadow|56\/100\n|-ability|p2a: Calyrex|As One\n|-ability|p2a: Calyrex|Unnerve\n|move|p1a: Lil stabba|Sucker Punch||[still]\n|-fail|p1a: Lil stabba\n|\n|upkeep\n|turn|15\n|\n|t:|1698409406\n|switch|p2a: Miraidon|Miraidon, tera:Grass|23\/100\n|-fieldstart|move: Electric Terrain|[from] ability: Hadron Engine|[of] p2a: Miraidon\n|move|p1a: Lil stabba|Sucker Punch||[still]\n|-fail|p1a: Lil stabba\n|\n|upkeep\n|turn|16\n|\n|t:|1698409416\n|switch|p2a: Calyrex|Calyrex-Shadow|56\/100\n|-ability|p2a: Calyrex|As One\n|-ability|p2a: Calyrex|Unnerve\n|move|p1a: Lil stabba|Sucker Punch||[still]\n|-fail|p1a: Lil stabba\n|\n|upkeep\n|turn|17\n|\n|t:|1698409425\n|move|p2a: Calyrex|Astral Barrage|p1a: Lil stabba\n|-resisted|p1a: Lil stabba\n|-damage|p1a: Lil stabba|0 fnt\n|faint|p1a: Lil stabba\n|-end|p1a: Lil stabba|fallen5|[silent]\n|\n|win|Coolbroes\n|raw|OhHiItsNotMe's rating: 1397 &rarr; <strong>1383<\/strong><br \/>(-14 for losing)\n|raw|Coolbroes's rating: 1512 &rarr; <strong>1526<\/strong><br \/>(+14 for winning)\n|l|\u2606OhHiItsNotMe\n","uploadtime":1698409445,"views":16,"p1id":"ohhiitsnotme","p2id":"coolbroes","formatid":"gen9anythinggoes","rating":1383,"private":0,"password":""}