{"id":"gen9anythinggoes-1997614588","p1":"Fred64303","p2":"shadowCG","format":"[Gen 9] Anything Goes","log":"|j|\u2606Fred64303\n|j|\u2606shadowCG\n|t:|1700833204\n|gametype|singles\n|player|p1|Fred64303|lucas|1333\n|player|p2|shadowCG|winona|1298\n|teamsize|p1|6\n|teamsize|p2|6\n|gen|9\n|tier|[Gen 9] Anything Goes\n|rated|\n|rule|HP Percentage Mod: HP is shown in percentages\n|rule|Endless Battle Clause: Forcing endless battles is banned\n|clearpoke\n|poke|p1|Talonflame, M|\n|poke|p1|Koraidon|\n|poke|p1|Calyrex-Shadow|\n|poke|p1|Scizor, F|\n|poke|p1|Miraidon|\n|poke|p1|Meowscarada, F|\n|poke|p2|Meowscarada, M|\n|poke|p2|Dragapult, M|\n|poke|p2|Eternatus|\n|poke|p2|Dialga-Origin|\n|poke|p2|Zacian-*|\n|poke|p2|Glastrier|\n|teampreview\n|inactive|Battle timer is ON: inactive players will automatically lose when time's up. (requested by Fred64303)\n|inactive|shadowCG also wants the timer to be on.\n|\n|t:|1700833208\n|start\n|switch|p1a: Talonflame|Talonflame, M, shiny|100\/100\n|switch|p2a: Meowscarada|Meowscarada, M|100\/100\n|turn|1\n|\n|t:|1700833219\n|switch|p2a: Eternatus|Eternatus|100\/100\n|-ability|p2a: Eternatus|Pressure\n|move|p1a: Talonflame|Dual Wingbeat|p2a: Eternatus\n|-damage|p2a: Eternatus|83\/100\n|-damage|p2a: Eternatus|64\/100\n|-hitcount|p2a: Eternatus|2\n|\n|upkeep\n|turn|2\n|\n|t:|1700833241\n|switch|p1a: Meowscarada|Meowscarada, F|100\/100\n|move|p2a: Eternatus|Dynamax Cannon|p1a: Meowscarada\n|-damage|p1a: Meowscarada|0 fnt\n|faint|p1a: Meowscarada\n|\n|upkeep\n|inactive|Fred64303 has 120 seconds left.\n|\n|t:|1700833258\n|switch|p1a: Miraidon|Miraidon|100\/100\n|-fieldstart|move: Electric Terrain|[from] ability: Hadron Engine|[of] p1a: Miraidon\n|turn|3\n|\n|t:|1700833269\n|-terastallize|p1a: Miraidon|Ice\n|move|p1a: Miraidon|Tera Blast|p2a: Eternatus|[anim] Tera Blast Ice\n|-supereffective|p2a: Eternatus\n|-damage|p2a: Eternatus|0 fnt\n|faint|p2a: Eternatus\n|\n|upkeep\n|\n|t:|1700833273\n|switch|p2a: Glastrier|Glastrier|100\/100\n|turn|4\n|\n|t:|1700833282\n|-terastallize|p2a: Glastrier|Ice\n|move|p1a: Miraidon|Volt Switch|p2a: Glastrier\n|-crit|p2a: Glastrier\n|-damage|p2a: Glastrier|8\/100\n|-enditem|p2a: Glastrier|Aguav Berry|[eat]\n|-heal|p2a: Glastrier|41\/100|[from] item: Aguav Berry\n|\n|t:|1700833291\n|switch|p1a: Scizor|Scizor, F|100\/100|[from] Volt Switch\n|move|p2a: Glastrier|Smart Strike|p1a: Scizor\n|-resisted|p1a: Scizor\n|-damage|p1a: Scizor|84\/100\n|\n|upkeep\n|turn|5\n|\n|t:|1700833313\n|switch|p2a: Zacian|Zacian-Crowned|100\/100\n|-ability|p2a: Zacian|Intrepid Sword|boost\n|-boost|p2a: Zacian|atk|1\n|move|p1a: Scizor|Bullet Punch|p2a: Zacian\n|-damage|p2a: Zacian|56\/100\n|\n|upkeep\n|turn|6\n|\n|t:|1700833324\n|move|p1a: Scizor|Bullet Punch|p2a: Zacian\n|-damage|p2a: Zacian|3\/100\n|move|p2a: Zacian|Behemoth Blade|p1a: Scizor\n|-resisted|p1a: Scizor\n|-damage|p1a: Scizor|36\/100\n|\n|upkeep\n|turn|7\n|\n|t:|1700833333\n|move|p1a: Scizor|Bullet Punch|p2a: Zacian\n|-damage|p2a: Zacian|0 fnt\n|faint|p2a: Zacian\n|\n|-fieldend|move: Electric Terrain\n|upkeep\n|\n|t:|1700833336\n|switch|p2a: Dialga|Dialga-Origin|100\/100\n|-ability|p2a: Dialga|Pressure\n|turn|8\n|\n|t:|1700833344\n|move|p1a: Scizor|Bullet Punch|p2a: Dialga\n|-resisted|p2a: Dialga\n|-damage|p2a: Dialga|80\/100\n|move|p2a: Dialga|Fire Blast|p1a: Scizor\n|-supereffective|p1a: Scizor\n|-damage|p1a: Scizor|0 fnt\n|faint|p1a: Scizor\n|\n|upkeep\n|\n|t:|1700833354\n|switch|p1a: Calyrex|Calyrex-Shadow|100\/100\n|-ability|p1a: Calyrex|As One\n|-ability|p1a: Calyrex|Unnerve\n|turn|9\n|\n|t:|1700833377\n|move|p1a: Calyrex|Astral Barrage|p2a: Dialga\n|-damage|p2a: Dialga|6\/100\n|move|p2a: Dialga|Roar of Time|p1a: Calyrex\n|-damage|p1a: Calyrex|0 fnt\n|-mustrecharge|p2a: Dialga\n|faint|p1a: Calyrex\n|\n|upkeep\n|\n|t:|1700833391\n|switch|p1a: Miraidon|Miraidon, tera:Ice|100\/100\n|-fieldstart|move: Electric Terrain|[from] ability: Hadron Engine|[of] p1a: Miraidon\n|turn|10\n|\n|t:|1700833400\n|move|p1a: Miraidon|Electro Drift|p2a: Dialga\n|-resisted|p2a: Dialga\n|-damage|p2a: Dialga|0 fnt\n|faint|p2a: Dialga\n|\n|upkeep\n|\n|t:|1700833404\n|switch|p2a: Dragapult|Dragapult, M|100\/100\n|turn|11\n|\n|t:|1700833409\n|move|p2a: Dragapult|Dragon Darts|p1a: Miraidon\n|-damage|p1a: Miraidon|79\/100\n|-anim|p2a: Dragapult|Dragon Darts|p1a: Miraidon\n|-damage|p1a: Miraidon|57\/100\n|move|p1a: Miraidon|Tera Blast|p2a: Dragapult|[anim] Tera Blast Ice\n|-supereffective|p2a: Dragapult\n|-damage|p2a: Dragapult|6\/100\n|\n|upkeep\n|turn|12\n|\n|t:|1700833430\n|move|p2a: Dragapult|Fire Blast|p1a: Miraidon\n|-supereffective|p1a: Miraidon\n|-damage|p1a: Miraidon|6\/100\n|move|p1a: Miraidon|Tera Blast|p2a: Dragapult|[anim] Tera Blast Ice\n|-supereffective|p2a: Dragapult\n|-damage|p2a: Dragapult|0 fnt\n|faint|p2a: Dragapult\n|\n|upkeep\n|inactive|shadowCG has 120 seconds left.\n|\n|t:|1700833450\n|switch|p2a: Meowscarada|Meowscarada, M|100\/100\n|turn|13\n|\n|t:|1700833454\n|switch|p2a: Glastrier|Glastrier, tera:Ice|41\/100\n|move|p1a: Miraidon|Tera Blast|p2a: Glastrier|[anim] Tera Blast Ice\n|-resisted|p2a: Glastrier\n|-damage|p2a: Glastrier|20\/100\n|\n|upkeep\n|turn|14\n|\n|t:|1700833463\n|move|p1a: Miraidon|Electro Drift|p2a: Glastrier\n|-damage|p2a: Glastrier|0 fnt\n|faint|p2a: Glastrier\n|\n|-fieldend|move: Electric Terrain\n|upkeep\n|\n|t:|1700833476\n|switch|p2a: Meowscarada|Meowscarada, M|100\/100\n|turn|15\n|\n|t:|1700833480\n|move|p2a: Meowscarada|Power Gem|p1a: Miraidon\n|-start|p2a: Meowscarada|typechange|Rock|[from] ability: Protean\n|-supereffective|p1a: Miraidon\n|-damage|p1a: Miraidon|0 fnt\n|faint|p1a: Miraidon\n|\n|upkeep\n|\n|t:|1700833488\n|switch|p1a: Koraidon|Koraidon|100\/100\n|-weather|SunnyDay|[from] ability: Orichalcum Pulse|[of] p1a: Koraidon\n|-activate|p1a: Koraidon|Orichalcum Pulse|[source]\n|turn|16\n|\n|t:|1700833503\n|move|p2a: Meowscarada|Flower Trick|p1a: Koraidon\n|-resisted|p1a: Koraidon\n|-crit|p1a: Koraidon\n|-damage|p1a: Koraidon|87\/100\n|move|p1a: Koraidon|Close Combat|p2a: Meowscarada\n|-supereffective|p2a: Meowscarada\n|-damage|p2a: Meowscarada|0 fnt\n|-unboost|p1a: Koraidon|def|1\n|-unboost|p1a: Koraidon|spd|1\n|faint|p2a: Meowscarada\n|\n|win|Fred64303\n|raw|Fred64303's rating: 1333 &rarr; <strong>1351<\/strong><br \/>(+18 for winning)\n|raw|shadowCG's rating: 1298 &rarr; <strong>1276<\/strong><br \/>(-22 for losing)\n|l|\u2606shadowCG\n","uploadtime":1700833517,"views":9,"p1id":"fred64303","p2id":"shadowcg","formatid":"gen9anythinggoes","rating":1276,"private":0,"password":""}