{"id":"gen9anythinggoes-1993491182","p1":"Mouspi le goat","p2":"Calvocoptero","format":"[Gen 9] Anything Goes","log":"|j|\u2606Mouspi le goat\n|j|\u2606Calvocoptero\n|t:|1700324227\n|gametype|singles\n|player|p1|Mouspi le goat|red|1107\n|player|p2|Calvocoptero|hiker-gen4|1239\n|teamsize|p1|6\n|teamsize|p2|6\n|gen|9\n|tier|[Gen 9] Anything Goes\n|rated|\n|rule|HP Percentage Mod: HP is shown in percentages\n|rule|Endless Battle Clause: Forcing endless battles is banned\n|clearpoke\n|poke|p1|Breloom, M|\n|poke|p1|Espathra, F|\n|poke|p1|Calyrex-Shadow|\n|poke|p1|Toxapex, F|\n|poke|p1|Ninetales-Alola, F|\n|poke|p1|Dugtrio, M|\n|poke|p2|Ditto|\n|poke|p2|Ditto|\n|poke|p2|Ditto|\n|poke|p2|Ditto|\n|poke|p2|Ditto|\n|poke|p2|Chien-Pao|\n|teampreview\n|inactive|Battle timer is ON: inactive players will automatically lose when time's up. (requested by Calvocoptero)\n|\n|t:|1700324236\n|start\n|switch|p1a: Toxapex|Toxapex, F, shiny|100\/100\n|switch|p2a: Rayquaze|Ditto|100\/100\n|-transform|p2a: Rayquaze|p1a: Toxapex|[from] ability: Imposter\n|turn|1\n|c|\u2606Calvocoptero|>:D\n|c|\u2606Mouspi le goat|:)\n|\n|t:|1700324260\n|switch|p1a: Dugtrio|Dugtrio, M, shiny|100\/100\n|move|p2a: Rayquaze|Toxic Spikes|p1a: Dugtrio\n|-sidestart|p1: Mouspi le goat|move: Toxic Spikes\n|\n|upkeep\n|turn|2\n|\n|t:|1700324275\n|move|p1a: Dugtrio|Hone Claws|p1a: Dugtrio\n|-boost|p1a: Dugtrio|atk|1\n|-boost|p1a: Dugtrio|accuracy|1\n|move|p2a: Rayquaze|Toxic Spikes|p1a: Dugtrio\n|-sidestart|p1: Mouspi le goat|move: Toxic Spikes\n|\n|upkeep\n|turn|3\n|\n|t:|1700324292\n|move|p1a: Dugtrio|Hone Claws|p1a: Dugtrio\n|-boost|p1a: Dugtrio|atk|1\n|-boost|p1a: Dugtrio|accuracy|1\n|move|p2a: Rayquaze|Toxic Spikes||[still]\n|-fail|p2a: Rayquaze\n|\n|upkeep\n|turn|4\n|\n|t:|1700324300\n|move|p1a: Dugtrio|Earthquake|p2a: Rayquaze\n|-supereffective|p2a: Rayquaze\n|-damage|p2a: Rayquaze|0 fnt\n|faint|p2a: Rayquaze\n|\n|upkeep\n|c|\u2606Calvocoptero|:(\n|\n|t:|1700324309\n|switch|p2a: Lucasrio|Ditto|100\/100\n|-transform|p2a: Lucasrio|p1a: Dugtrio|[from] ability: Imposter\n|turn|5\n|c|\u2606Mouspi le goat|:(\n|\n|t:|1700324322\n|-terastallize|p2a: Lucasrio|Normal\n|move|p2a: Lucasrio|Stone Edge|p1a: Dugtrio\n|-resisted|p1a: Dugtrio\n|-damage|p1a: Dugtrio|13\/100\n|move|p1a: Dugtrio|Earthquake|p2a: Lucasrio\n|-damage|p2a: Lucasrio|0 fnt\n|faint|p2a: Lucasrio\n|\n|upkeep\n|\n|t:|1700324330\n|switch|p2a: Tiranitar|Ditto, shiny|100\/100\n|-transform|p2a: Tiranitar|p1a: Dugtrio|[from] ability: Imposter\n|turn|6\n|inactive|Mouspi le goat has 120 seconds left.\n|\n|t:|1700324368\n|move|p1a: Dugtrio|Sucker Punch|p2a: Tiranitar\n|-damage|p2a: Tiranitar|24\/100\n|move|p2a: Tiranitar|Sucker Punch||[still]\n|-fail|p2a: Tiranitar\n|\n|upkeep\n|turn|7\n|c|\u2606Calvocoptero|NOw I have a shiny ditto\n|\n|t:|1700324378\n|move|p2a: Tiranitar|Sucker Punch||[still]\n|-fail|p2a: Tiranitar\n|move|p1a: Dugtrio|Hone Claws|p1a: Dugtrio\n|-boost|p1a: Dugtrio|atk|1\n|-boost|p1a: Dugtrio|accuracy|1\n|\n|upkeep\n|turn|8\n|\n|t:|1700324383\n|move|p2a: Tiranitar|Sucker Punch||[still]\n|-fail|p2a: Tiranitar\n|move|p1a: Dugtrio|Hone Claws|p1a: Dugtrio\n|-boost|p1a: Dugtrio|atk|1\n|-boost|p1a: Dugtrio|accuracy|1\n|\n|upkeep\n|turn|9\n|\n|t:|1700324393\n|move|p2a: Tiranitar|Sucker Punch||[still]\n|-fail|p2a: Tiranitar\n|move|p1a: Dugtrio|Hone Claws|p1a: Dugtrio\n|-boost|p1a: Dugtrio|atk|1\n|-boost|p1a: Dugtrio|accuracy|1\n|\n|upkeep\n|turn|10\n|\n|t:|1700324400\n|move|p2a: Tiranitar|Sucker Punch||[still]\n|-fail|p2a: Tiranitar\n|move|p1a: Dugtrio|Hone Claws|p1a: Dugtrio\n|-boost|p1a: Dugtrio|atk|1\n|-boost|p1a: Dugtrio|accuracy|1\n|\n|upkeep\n|turn|11\n|\n|t:|1700324414\n|move|p1a: Dugtrio|Sucker Punch|p2a: Tiranitar\n|-damage|p2a: Tiranitar|0 fnt\n|faint|p2a: Tiranitar\n|\n|upkeep\n|\n|t:|1700324422\n|switch|p2a: Arseus|Ditto|100\/100\n|-transform|p2a: Arseus|p1a: Dugtrio|[from] ability: Imposter\n|turn|12\n|\n|t:|1700324440\n|move|p2a: Arseus|Sucker Punch|p1a: Dugtrio\n|-damage|p1a: Dugtrio|0 fnt\n|faint|p1a: Dugtrio\n|\n|upkeep\n|\n|t:|1700324446\n|switch|p1a: Toxapex|Toxapex, F, shiny|100\/100\n|-sideend|p1: Mouspi le goat|move: Toxic Spikes|[of] p1a: Toxapex\n|turn|13\n|c|\u2606Calvocoptero|Lets see you do you be agai\n|c|\u2606Calvocoptero|nst my arceus\n|\n|t:|1700324468\n|move|p2a: Arseus|Sucker Punch||[still]\n|-fail|p2a: Arseus\n|move|p1a: Toxapex|Toxic Spikes|p2a: Arseus\n|-sidestart|p2: Calvocoptero|move: Toxic Spikes\n|\n|upkeep\n|turn|14\n|c|\u2606Mouspi le goat|*arseus\n|\n|t:|1700324482\n|move|p2a: Arseus|Sucker Punch||[still]\n|-fail|p2a: Arseus\n|move|p1a: Toxapex|Toxic Spikes|p2a: Arseus\n|-sidestart|p2: Calvocoptero|move: Toxic Spikes\n|\n|upkeep\n|turn|15\n|c|\u2606Calvocoptero|It doesnt matter\n|\n|t:|1700324494\n|move|p2a: Arseus|Sucker Punch|p1a: Toxapex\n|-damage|p1a: Toxapex|50\/100\n|move|p1a: Toxapex|Liquidation|p2a: Arseus\n|-supereffective|p2a: Arseus\n|-damage|p2a: Arseus|26\/100\n|-unboost|p2a: Arseus|def|1\n|\n|-heal|p1a: Toxapex|56\/100|[from] item: Black Sludge\n|upkeep\n|turn|16\n|c|\u2606Mouspi le goat|sorry\n|\n|t:|1700324503\n|move|p2a: Arseus|Sucker Punch||[still]\n|-fail|p2a: Arseus\n|move|p1a: Toxapex|Recover|p1a: Toxapex\n|-heal|p1a: Toxapex|100\/100\n|\n|upkeep\n|turn|17\n|\n|t:|1700324510\n|-activate|p2a: Arseus|move: Struggle\n|move|p2a: Arseus|Struggle|p1a: Toxapex\n|-damage|p1a: Toxapex|64\/100\n|-damage|p2a: Arseus|1\/100|[from] recoil\n|move|p1a: Toxapex|Liquidation|p2a: Arseus\n|-supereffective|p2a: Arseus\n|-damage|p2a: Arseus|0 fnt\n|faint|p2a: Arseus\n|\n|-heal|p1a: Toxapex|70\/100|[from] item: Black Sludge\n|upkeep\n|\n|t:|1700324525\n|switch|p2a: Chien-Pao|Chien-Pao|100\/100\n|-status|p2a: Chien-Pao|tox\n|-ability|p2a: Chien-Pao|Sword of Ruin\n|turn|18\n|\n|t:|1700324537\n|move|p2a: Chien-Pao|Icicle Crash|p1a: Toxapex\n|-resisted|p1a: Toxapex\n|-damage|p1a: Toxapex|45\/100\n|move|p1a: Toxapex|Recover|p1a: Toxapex\n|-heal|p1a: Toxapex|95\/100\n|\n|-heal|p1a: Toxapex|100\/100|[from] item: Black Sludge\n|-damage|p2a: Chien-Pao|95\/100 tox|[from] psn\n|upkeep\n|turn|19\n|\n|t:|1700324554\n|move|p2a: Chien-Pao|Icicle Crash|p1a: Toxapex\n|-resisted|p1a: Toxapex\n|-damage|p1a: Toxapex|74\/100\n|move|p1a: Toxapex|Recover|p1a: Toxapex\n|-heal|p1a: Toxapex|100\/100\n|\n|-damage|p2a: Chien-Pao|83\/100 tox|[from] psn\n|upkeep\n|turn|20\n|\n|t:|1700324562\n|move|p2a: Chien-Pao|Icicle Crash|p1a: Toxapex\n|-resisted|p1a: Toxapex\n|-damage|p1a: Toxapex|74\/100\n|move|p1a: Toxapex|Liquidation|p2a: Chien-Pao\n|-damage|p2a: Chien-Pao|57\/100 tox\n|\n|-heal|p1a: Toxapex|80\/100|[from] item: Black Sludge\n|-damage|p2a: Chien-Pao|39\/100 tox|[from] psn\n|upkeep\n|turn|21\n|c|\u2606Calvocoptero|:l\n|\n|t:|1700324571\n|move|p2a: Chien-Pao|Icicle Crash|p1a: Toxapex\n|-resisted|p1a: Toxapex\n|-damage|p1a: Toxapex|55\/100\n|cant|p1a: Toxapex|flinch\n|\n|-heal|p1a: Toxapex|61\/100|[from] item: Black Sludge\n|-damage|p2a: Chien-Pao|15\/100 tox|[from] psn\n|upkeep\n|turn|22\n|c|\u2606Mouspi le goat|:)\n|\n|t:|1700324584\n|move|p2a: Chien-Pao|Icicle Crash|p1a: Toxapex\n|-resisted|p1a: Toxapex\n|-damage|p1a: Toxapex|38\/100\n|move|p1a: Toxapex|Recover|p1a: Toxapex\n|-heal|p1a: Toxapex|88\/100\n|\n|-heal|p1a: Toxapex|94\/100|[from] item: Black Sludge\n|-damage|p2a: Chien-Pao|0 fnt|[from] psn\n|faint|p2a: Chien-Pao\n|upkeep\n|c|\u2606Calvocoptero|Why\n|\n|t:|1700324597\n|switch|p2a: \u201cMewtwo\u201d|Ditto|100\/100\n|-status|p2a: \u201cMewtwo\u201d|tox\n|-transform|p2a: \u201cMewtwo\u201d|p1a: Toxapex|[from] ability: Imposter\n|turn|23\n|c|\u2606Mouspi le goat|OMG\n|c|\u2606Mouspi le goat|MEWTWO\n|\n|t:|1700324616\n|switch|p1a: Ninetales|Ninetales-Alola, F, shiny|100\/100\n|-weather|Snow|[from] ability: Snow Warning|[of] p1a: Ninetales\n|move|p2a: \u201cMewtwo\u201d|Haze|p2a: \u201cMewtwo\u201d\n|-clearallboost\n|\n|-weather|Snow|[upkeep]\n|-damage|p2a: \u201cMewtwo\u201d|94\/100 tox|[from] psn\n|upkeep\n|turn|24\n|c|\u2606Calvocoptero|Xd\n|\n|t:|1700324626\n|-terastallize|p1a: Ninetales|Ice\n|move|p1a: Ninetales|Freeze-Dry|p2a: \u201cMewtwo\u201d\n|-supereffective|p2a: \u201cMewtwo\u201d\n|-damage|p2a: \u201cMewtwo\u201d|38\/100 tox\n|move|p2a: \u201cMewtwo\u201d|Haze|p2a: \u201cMewtwo\u201d\n|-clearallboost\n|\n|-weather|Snow|[upkeep]\n|-damage|p2a: \u201cMewtwo\u201d|26\/100 tox|[from] psn\n|upkeep\n|turn|25\n|\n|t:|1700324642\n|move|p1a: Ninetales|Encore|p2a: \u201cMewtwo\u201d\n|-start|p2a: \u201cMewtwo\u201d|Encore\n|move|p2a: \u201cMewtwo\u201d|Haze|p2a: \u201cMewtwo\u201d\n|-clearallboost\n|\n|-weather|Snow|[upkeep]\n|-damage|p2a: \u201cMewtwo\u201d|8\/100 tox|[from] psn\n|upkeep\n|turn|26\n|\n|t:|1700324659\n|move|p1a: Ninetales|Moonblast|p2a: \u201cMewtwo\u201d\n|-resisted|p2a: \u201cMewtwo\u201d\n|-damage|p2a: \u201cMewtwo\u201d|0 fnt\n|faint|p2a: \u201cMewtwo\u201d\n|\n|win|Mouspi le goat\n|raw|Mouspi le goat's rating: 1107 &rarr; <strong>1141<\/strong><br \/>(+34 for winning)\n|raw|Calvocoptero's rating: 1239 &rarr; <strong>1205<\/strong><br \/>(-34 for losing)\n|c|\u2606Mouspi le goat|GG\n|c|\u2606Mouspi le goat|That was funny\n|c|\u2606Calvocoptero|Noooooo\n|c|\u2606Calvocoptero|BYe\n|c|\u2606Mouspi le goat|bye\n|l|\u2606Calvocoptero\n","uploadtime":1700324704,"views":3,"p1id":"mouspilegoat","p2id":"calvocoptero","formatid":"gen9anythinggoes","rating":1141,"private":0,"password":""}