{"id":"gen9anythinggoes-1981038718","p1":"Ai is good","p2":"Feraligators","format":"[Gen 9] Anything Goes","log":"|j|\u2606Ai is good\n|j|\u2606Feraligators\n|t:|1698858749\n|gametype|singles\n|player|p1|Ai is good|lillie-masters|1499\n|player|p2|Feraligators|hooligans|1752\n|teamsize|p1|6\n|teamsize|p2|6\n|gen|9\n|tier|[Gen 9] Anything Goes\n|rated|\n|rule|HP Percentage Mod: HP is shown in percentages\n|rule|Endless Battle Clause: Forcing endless battles is banned\n|clearpoke\n|poke|p1|Ribombee, M|\n|poke|p1|Calyrex-Shadow|\n|poke|p1|Koraidon|\n|poke|p1|Vivillon, F|\n|poke|p1|Arceus|\n|poke|p1|Landorus-Therian, M|\n|poke|p2|Calyrex-Shadow|\n|poke|p2|Arceus|\n|poke|p2|Koraidon|\n|poke|p2|Ditto|\n|poke|p2|Ting-Lu|\n|poke|p2|Miraidon|\n|teampreview\n|\n|t:|1698858760\n|start\n|switch|p1a: Ribombee|Ribombee, M|100\/100\n|switch|p2a: Moose Of Ruin|Ting-Lu|100\/100\n|-ability|p2a: Moose Of Ruin|Vessel of Ruin\n|turn|1\n|\n|t:|1698858806\n|move|p1a: Ribombee|Sticky Web|p2a: Moose Of Ruin\n|-sidestart|p2: Feraligators|move: Sticky Web\n|move|p2a: Moose Of Ruin|Spikes|p1a: Ribombee\n|-sidestart|p1: Ai is good|Spikes\n|\n|upkeep\n|turn|2\n|\n|t:|1698858849\n|switch|p1a: Landorus|Landorus-Therian, M|100\/100\n|-ability|p1a: Landorus|Intimidate|boost\n|-unboost|p2a: Moose Of Ruin|atk|1\n|move|p2a: Moose Of Ruin|Spikes|p1a: Landorus\n|-sidestart|p1: Ai is good|Spikes\n|\n|upkeep\n|turn|3\n|\n|t:|1698858876\n|move|p1a: Landorus|Taunt|p2a: Moose Of Ruin\n|-start|p2a: Moose Of Ruin|move: Taunt\n|cant|p2a: Moose Of Ruin|move: Taunt|Spikes\n|\n|upkeep\n|turn|4\n|\n|t:|1698858886\n|move|p1a: Landorus|Stealth Rock|p2a: Moose Of Ruin\n|-sidestart|p2: Feraligators|move: Stealth Rock\n|move|p2a: Moose Of Ruin|Ruination|p1a: Landorus\n|-damage|p1a: Landorus|50\/100\n|\n|upkeep\n|turn|5\n|\n|t:|1698858895\n|move|p1a: Landorus|Earthquake|p2a: Moose Of Ruin\n|-damage|p2a: Moose Of Ruin|75\/100\n|move|p2a: Moose Of Ruin|Ruination|p1a: Landorus\n|-damage|p1a: Landorus|26\/100\n|\n|-heal|p2a: Moose Of Ruin|82\/100|[from] item: Leftovers\n|-end|p2a: Moose Of Ruin|move: Taunt\n|upkeep\n|turn|6\n|\n|t:|1698858899\n|move|p1a: Landorus|Taunt|p2a: Moose Of Ruin\n|-start|p2a: Moose Of Ruin|move: Taunt\n|move|p2a: Moose Of Ruin|Ruination|p1a: Landorus\n|-damage|p1a: Landorus|13\/100\n|\n|-heal|p2a: Moose Of Ruin|88\/100|[from] item: Leftovers\n|upkeep\n|turn|7\n|\n|t:|1698858901\n|move|p1a: Landorus|Earthquake|p2a: Moose Of Ruin\n|-damage|p2a: Moose Of Ruin|63\/100\n|move|p2a: Moose Of Ruin|Ruination|p1a: Landorus\n|-damage|p1a: Landorus|7\/100\n|\n|-heal|p2a: Moose Of Ruin|70\/100|[from] item: Leftovers\n|upkeep\n|turn|8\n|\n|t:|1698858904\n|move|p1a: Landorus|U-turn|p2a: Moose Of Ruin\n|-supereffective|p2a: Moose Of Ruin\n|-damage|p2a: Moose Of Ruin|46\/100\n|\n|t:|1698858906\n|switch|p1a: Vivillon|Vivillon, F|100\/100|[from] U-turn\n|move|p2a: Moose Of Ruin|Ruination|p1a: Vivillon\n|-damage|p1a: Vivillon|51\/100\n|\n|-heal|p2a: Moose Of Ruin|52\/100|[from] item: Leftovers\n|-end|p2a: Moose Of Ruin|move: Taunt\n|upkeep\n|turn|9\n|\n|t:|1698858908\n|move|p1a: Vivillon|Sleep Powder|p2a: Moose Of Ruin\n|-status|p2a: Moose Of Ruin|slp|[from] move: Sleep Powder\n|cant|p2a: Moose Of Ruin|slp\n|\n|-heal|p2a: Moose Of Ruin|58\/100 slp|[from] item: Leftovers\n|upkeep\n|turn|10\n|\n|t:|1698858910\n|move|p1a: Vivillon|Quiver Dance|p1a: Vivillon\n|-boost|p1a: Vivillon|spa|1\n|-boost|p1a: Vivillon|spd|1\n|-boost|p1a: Vivillon|spe|1\n|cant|p2a: Moose Of Ruin|slp\n|\n|-heal|p2a: Moose Of Ruin|65\/100 slp|[from] item: Leftovers\n|upkeep\n|turn|11\n|\n|t:|1698858913\n|move|p1a: Vivillon|Quiver Dance|p1a: Vivillon\n|-boost|p1a: Vivillon|spa|1\n|-boost|p1a: Vivillon|spd|1\n|-boost|p1a: Vivillon|spe|1\n|-curestatus|p2a: Moose Of Ruin|slp|[msg]\n|move|p2a: Moose Of Ruin|Spikes|p1a: Vivillon\n|-sidestart|p1: Ai is good|Spikes\n|\n|-heal|p2a: Moose Of Ruin|71\/100|[from] item: Leftovers\n|upkeep\n|turn|12\n|\n|t:|1698858915\n|move|p1a: Vivillon|Sleep Powder|p2a: Moose Of Ruin\n|-status|p2a: Moose Of Ruin|slp|[from] move: Sleep Powder\n|cant|p2a: Moose Of Ruin|slp\n|\n|-heal|p2a: Moose Of Ruin|77\/100 slp|[from] item: Leftovers\n|upkeep\n|turn|13\n|\n|t:|1698858917\n|move|p1a: Vivillon|Hurricane|p2a: Moose Of Ruin\n|-damage|p2a: Moose Of Ruin|42\/100 slp\n|cant|p2a: Moose Of Ruin|slp\n|\n|-heal|p2a: Moose Of Ruin|48\/100 slp|[from] item: Leftovers\n|upkeep\n|turn|14\n|\n|t:|1698858920\n|move|p1a: Vivillon|Hurricane|p2a: Moose Of Ruin\n|-damage|p2a: Moose Of Ruin|14\/100 slp\n|-start|p2a: Moose Of Ruin|confusion\n|-curestatus|p2a: Moose Of Ruin|slp|[msg]\n|-activate|p2a: Moose Of Ruin|confusion\n|move|p2a: Moose Of Ruin|Whirlwind|p1a: Vivillon\n|drag|p1a: Arceus|Arceus|100\/100\n|\n|-heal|p2a: Moose Of Ruin|20\/100|[from] item: Leftovers\n|upkeep\n|turn|15\n|\n|t:|1698858925\n|move|p1a: Arceus|Bulk Up|p1a: Arceus\n|-boost|p1a: Arceus|atk|1\n|-boost|p1a: Arceus|def|1\n|-activate|p2a: Moose Of Ruin|confusion\n|move|p2a: Moose Of Ruin|Ruination|p1a: Arceus\n|-damage|p1a: Arceus|51\/100\n|\n|-heal|p2a: Moose Of Ruin|26\/100|[from] item: Leftovers\n|upkeep\n|turn|16\n|\n|t:|1698858927\n|move|p1a: Arceus|Extreme Speed|p2a: Moose Of Ruin\n|-damage|p2a: Moose Of Ruin|0 fnt\n|faint|p2a: Moose Of Ruin\n|\n|upkeep\n|\n|t:|1698858934\n|switch|p2a: Dreadful Destroyer|Koraidon|100\/100\n|-activate|p2a: Dreadful Destroyer|move: Sticky Web\n|-unboost|p2a: Dreadful Destroyer|spe|1\n|-damage|p2a: Dreadful Destroyer|94\/100|[from] Stealth Rock\n|-weather|SunnyDay|[from] ability: Orichalcum Pulse|[of] p2a: Dreadful Destroyer\n|-activate|p2a: Dreadful Destroyer|Orichalcum Pulse|[source]\n|turn|17\n|\n|t:|1698858948\n|move|p1a: Arceus|Extreme Speed|p2a: Dreadful Destroyer\n|-damage|p2a: Dreadful Destroyer|49\/100\n|move|p2a: Dreadful Destroyer|Scale Shot|p1a: Arceus\n|-damage|p1a: Arceus|41\/100\n|-damage|p1a: Arceus|32\/100\n|-damage|p1a: Arceus|23\/100\n|-damage|p1a: Arceus|13\/100\n|-hitcount|p1a: Arceus|4\n|-unboost|p2a: Dreadful Destroyer|def|1\n|-boost|p2a: Dreadful Destroyer|spe|1\n|\n|-weather|SunnyDay|[upkeep]\n|upkeep\n|turn|18\n|\n|t:|1698858955\n|switch|p2a: Shadow Knight|Calyrex-Shadow|100\/100\n|-ability|p2a: Shadow Knight|As One\n|-ability|p2a: Shadow Knight|Unnerve\n|-activate|p2a: Shadow Knight|move: Sticky Web\n|-unboost|p2a: Shadow Knight|spe|1\n|-damage|p2a: Shadow Knight|88\/100|[from] Stealth Rock\n|move|p1a: Arceus|Extreme Speed|p2a: Shadow Knight\n|-immune|p2a: Shadow Knight\n|\n|-weather|SunnyDay|[upkeep]\n|upkeep\n|turn|19\n|\n|t:|1698858969\n|move|p2a: Shadow Knight|Grass Knot|p1a: Arceus\n|-damage|p1a: Arceus|0 fnt\n|faint|p1a: Arceus\n|-ability|p2a: Shadow Knight|Grim Neigh|boost\n|-boost|p2a: Shadow Knight|spa|1\n|\n|-weather|SunnyDay|[upkeep]\n|upkeep\n|\n|t:|1698858974\n|switch|p1a: Calyrex|Calyrex-Shadow|100\/100\n|-ability|p1a: Calyrex|As One\n|-ability|p1a: Calyrex|Unnerve\n|-damage|p1a: Calyrex|76\/100|[from] Spikes\n|turn|20\n|\n|t:|1698858979\n|switch|p2a: Light of Hope|Arceus|100\/100\n|-activate|p2a: Light of Hope|move: Sticky Web\n|-unboost|p2a: Light of Hope|spe|1\n|-damage|p2a: Light of Hope|88\/100|[from] Stealth Rock\n|move|p1a: Calyrex|Astral Barrage|p2a: Light of Hope\n|-immune|p2a: Light of Hope\n|\n|-weather|SunnyDay|[upkeep]\n|-heal|p2a: Light of Hope|94\/100|[from] item: Leftovers\n|upkeep\n|turn|21\n|\n|t:|1698858999\n|switch|p1a: Landorus|Landorus-Therian, M|7\/100\n|-ability|p1a: Landorus|Intimidate|boost\n|-unboost|p2a: Light of Hope|atk|1\n|move|p2a: Light of Hope|Swords Dance|p2a: Light of Hope\n|-boost|p2a: Light of Hope|atk|2\n|\n|-weather|none\n|-heal|p2a: Light of Hope|99\/100|[from] item: Leftovers\n|upkeep\n|turn|22\n|inactive|Battle timer is ON: inactive players will automatically lose when time's up. (requested by Ai is good)\n|\n|t:|1698859034\n|move|p2a: Light of Hope|Extreme Speed|p1a: Landorus\n|-damage|p1a: Landorus|0 fnt\n|-damage|p2a: Light of Hope|84\/100|[from] item: Rocky Helmet|[of] p1a: Landorus\n|faint|p1a: Landorus\n|\n|-heal|p2a: Light of Hope|90\/100|[from] item: Leftovers\n|upkeep\n|\n|t:|1698859052\n|switch|p1a: Vivillon|Vivillon, F|51\/100\n|turn|23\n|\n|t:|1698859074\n|-terastallize|p1a: Vivillon|Ghost\n|move|p2a: Light of Hope|Extreme Speed|p1a: Vivillon\n|-immune|p1a: Vivillon\n|move|p1a: Vivillon|Sleep Powder|p2a: Light of Hope\n|-status|p2a: Light of Hope|slp|[from] move: Sleep Powder\n|\n|-heal|p2a: Light of Hope|96\/100 slp|[from] item: Leftovers\n|upkeep\n|turn|24\n|\n|t:|1698859093\n|move|p1a: Vivillon|Substitute|p1a: Vivillon\n|-start|p1a: Vivillon|Substitute\n|-damage|p1a: Vivillon|26\/100\n|cant|p2a: Light of Hope|slp\n|\n|-heal|p2a: Light of Hope|100\/100 slp|[from] item: Leftovers\n|upkeep\n|turn|25\n|\n|t:|1698859110\n|move|p1a: Vivillon|Quiver Dance|p1a: Vivillon\n|-boost|p1a: Vivillon|spa|1\n|-boost|p1a: Vivillon|spd|1\n|-boost|p1a: Vivillon|spe|1\n|cant|p2a: Light of Hope|slp\n|\n|upkeep\n|turn|26\n|\n|t:|1698859112\n|move|p1a: Vivillon|Hurricane|p2a: Light of Hope\n|-damage|p2a: Light of Hope|54\/100 slp\n|cant|p2a: Light of Hope|slp\n|\n|-heal|p2a: Light of Hope|60\/100 slp|[from] item: Leftovers\n|upkeep\n|turn|27\n|\n|t:|1698859115\n|move|p1a: Vivillon|Hurricane|p2a: Light of Hope\n|-damage|p2a: Light of Hope|16\/100 slp\n|-start|p2a: Light of Hope|confusion\n|-curestatus|p2a: Light of Hope|slp|[msg]\n|-activate|p2a: Light of Hope|confusion\n|move|p2a: Light of Hope|Shadow Claw|p1a: Vivillon\n|-supereffective|p1a: Vivillon\n|-crit|p1a: Vivillon\n|-end|p1a: Vivillon|Substitute\n|\n|-heal|p2a: Light of Hope|23\/100|[from] item: Leftovers\n|upkeep\n|turn|28\n|\n|t:|1698859121\n|move|p1a: Vivillon|Sleep Powder|p2a: Light of Hope\n|-status|p2a: Light of Hope|slp|[from] move: Sleep Powder\n|cant|p2a: Light of Hope|slp\n|\n|-heal|p2a: Light of Hope|29\/100 slp|[from] item: Leftovers\n|upkeep\n|turn|29\n|\n|t:|1698859123\n|move|p1a: Vivillon|Substitute|p1a: Vivillon\n|-start|p1a: Vivillon|Substitute\n|-damage|p1a: Vivillon|1\/100\n|-curestatus|p2a: Light of Hope|slp|[msg]\n|-end|p2a: Light of Hope|confusion\n|move|p2a: Light of Hope|Shadow Claw|p1a: Vivillon\n|-supereffective|p1a: Vivillon\n|-end|p1a: Vivillon|Substitute\n|\n|-heal|p2a: Light of Hope|35\/100|[from] item: Leftovers\n|upkeep\n|turn|30\n|\n|t:|1698859126\n|move|p1a: Vivillon|Sleep Powder|p2a: Light of Hope\n|-status|p2a: Light of Hope|slp|[from] move: Sleep Powder\n|cant|p2a: Light of Hope|slp\n|\n|-heal|p2a: Light of Hope|41\/100 slp|[from] item: Leftovers\n|upkeep\n|turn|31\n|\n|t:|1698859128\n|move|p1a: Vivillon|Quiver Dance|p1a: Vivillon\n|-boost|p1a: Vivillon|spa|1\n|-boost|p1a: Vivillon|spd|1\n|-boost|p1a: Vivillon|spe|1\n|cant|p2a: Light of Hope|slp\n|\n|-heal|p2a: Light of Hope|47\/100 slp|[from] item: Leftovers\n|upkeep\n|turn|32\n|\n|t:|1698859130\n|move|p1a: Vivillon|Hurricane|p2a: Light of Hope\n|-damage|p2a: Light of Hope|0 fnt\n|faint|p2a: Light of Hope\n|\n|upkeep\n|\n|t:|1698859133\n|switch|p2a: Disguise Da Limit|Ditto, shiny|100\/100\n|-activate|p2a: Disguise Da Limit|move: Sticky Web\n|-unboost|p2a: Disguise Da Limit|spe|1\n|-damage|p2a: Disguise Da Limit|88\/100|[from] Stealth Rock\n|-transform|p2a: Disguise Da Limit|p1a: Vivillon|[from] ability: Imposter\n|-start|p2a: Disguise Da Limit|typechange|Bug\/Flying|[silent]\n|turn|33\n|\n|t:|1698859150\n|move|p2a: Disguise Da Limit|Hurricane|p1a: Vivillon\n|-damage|p1a: Vivillon|0 fnt\n|faint|p1a: Vivillon\n|\n|upkeep\n|\n|t:|1698859153\n|switch|p1a: Koraidon|Koraidon|100\/100\n|-damage|p1a: Koraidon|76\/100|[from] Spikes\n|-weather|SunnyDay|[from] ability: Orichalcum Pulse|[of] p1a: Koraidon\n|-activate|p1a: Koraidon|Orichalcum Pulse|[source]\n|turn|34\n|c|\u2606Feraligators|Your looking preeettty ded\n|\n|t:|1698859158\n|move|p2a: Disguise Da Limit|Hurricane|p1a: Koraidon|[miss]\n|-miss|p2a: Disguise Da Limit|p1a: Koraidon\n|move|p1a: Koraidon|Scale Shot|p2a: Disguise Da Limit\n|-damage|p2a: Disguise Da Limit|53\/100\n|-crit|p2a: Disguise Da Limit\n|-damage|p2a: Disguise Da Limit|3\/100\n|-damage|p2a: Disguise Da Limit|0 fnt\n|faint|p2a: Disguise Da Limit\n|-hitcount|p2: Disguise Da Limit|3\n|-unboost|p1a: Koraidon|def|1\n|-boost|p1a: Koraidon|spe|1\n|\n|-weather|SunnyDay|[upkeep]\n|upkeep\n|\n|t:|1698859165\n|switch|p2a: Shadow Knight|Calyrex-Shadow|88\/100\n|-ability|p2a: Shadow Knight|As One\n|-ability|p2a: Shadow Knight|Unnerve\n|-activate|p2a: Shadow Knight|move: Sticky Web\n|-unboost|p2a: Shadow Knight|spe|1\n|-damage|p2a: Shadow Knight|76\/100|[from] Stealth Rock\n|turn|35\n|\n|t:|1698859175\n|move|p1a: Koraidon|Flare Blitz|p2a: Shadow Knight\n|-damage|p2a: Shadow Knight|0 fnt\n|faint|p2a: Shadow Knight\n|-damage|p1a: Koraidon|51\/100|[from] Recoil\n|\n|-weather|SunnyDay|[upkeep]\n|upkeep\n|\n|t:|1698859185\n|switch|p2a: Miraidon|Miraidon|100\/100\n|-activate|p2a: Miraidon|move: Sticky Web\n|-unboost|p2a: Miraidon|spe|1\n|-damage|p2a: Miraidon|88\/100|[from] Stealth Rock\n|-fieldstart|move: Electric Terrain|[from] ability: Hadron Engine|[of] p2a: Miraidon\n|turn|36\n|\n|t:|1698859192\n|-terastallize|p2a: Miraidon|Fairy\n|move|p1a: Koraidon|Scale Shot|p2a: Miraidon\n|-immune|p2a: Miraidon\n|move|p2a: Miraidon|Electro Drift|p1a: Koraidon\n|-resisted|p1a: Koraidon\n|-damage|p1a: Koraidon|6\/100\n|\n|-weather|SunnyDay|[upkeep]\n|upkeep\n|turn|37\n|\n|t:|1698859196\n|move|p1a: Koraidon|Flare Blitz|p2a: Miraidon\n|-crit|p2a: Miraidon\n|-damage|p2a: Miraidon|0 fnt\n|faint|p2a: Miraidon\n|-damage|p1a: Koraidon|0 fnt|[from] Recoil\n|faint|p1a: Koraidon\n|\n|-weather|SunnyDay|[upkeep]\n|upkeep\n|\n|t:|1698859199\n|switch|p2a: Dreadful Destroyer|Koraidon|49\/100\n|switch|p1a: Calyrex|Calyrex-Shadow|76\/100\n|-ability|p1a: Calyrex|As One\n|-ability|p1a: Calyrex|Unnerve\n|-damage|p1a: Calyrex|51\/100|[from] Spikes\n|-activate|p2a: Dreadful Destroyer|move: Sticky Web\n|-unboost|p2a: Dreadful Destroyer|spe|1\n|-damage|p2a: Dreadful Destroyer|43\/100|[from] Stealth Rock\n|-activate|p2a: Dreadful Destroyer|ability: Orichalcum Pulse\n|turn|38\n|\n|t:|1698859202\n|move|p1a: Calyrex|Psyshock|p2a: Dreadful Destroyer\n|-supereffective|p2a: Dreadful Destroyer\n|-damage|p2a: Dreadful Destroyer|0 fnt\n|faint|p2a: Dreadful Destroyer\n|-damage|p1a: Calyrex|41\/100|[from] item: Life Orb\n|\n|win|Ai is good\n|raw|Ai is good's rating: 1511 &rarr; <strong>1543<\/strong><br \/>(+32 for winning)\n|raw|Feraligators's rating: 1752 &rarr; <strong>1720<\/strong><br \/>(-32 for losing)\n|l|\u2606Ai is good\n|c|\u2606Feraligators|Gg\n|l|\u2606Feraligators\n","uploadtime":1698859218,"views":5,"p1id":"aiisgood","p2id":"feraligators","formatid":"gen9anythinggoes","rating":1543,"private":0,"password":""}