{"id":"gen9anythinggoes-1991020173","p1":"Kayleb1718","p2":"nidoking445","format":"[Gen 9] Anything Goes","log":"|j|\u2606Kayleb1718\n|j|\u2606nidoking445\n|t:|1700029184\n|gametype|singles\n|player|p1|Kayleb1718|lucas-gen4pt|1431\n|player|p2|nidoking445|fisherman|1474\n|teamsize|p1|6\n|teamsize|p2|6\n|gen|9\n|tier|[Gen 9] Anything Goes\n|rated|\n|rule|HP Percentage Mod: HP is shown in percentages\n|rule|Endless Battle Clause: Forcing endless battles is banned\n|clearpoke\n|poke|p1|Zacian-*|\n|poke|p1|Calyrex-Shadow|\n|poke|p1|Urshifu-*, M|\n|poke|p1|Kingambit, M|\n|poke|p1|Miraidon|\n|poke|p1|Iron Treads|\n|poke|p2|Weavile, F|\n|poke|p2|Gholdengo|\n|poke|p2|Glimmora, M|\n|poke|p2|Palafin, F|\n|poke|p2|Dragonite, F|\n|poke|p2|Ting-Lu|\n|teampreview\n|inactive|Battle timer is ON: inactive players will automatically lose when time's up. (requested by nidoking445)\n|\n|t:|1700029213\n|start\n|switch|p1a: Iron Treads|Iron Treads|100\/100\n|switch|p2a: Glimmora|Glimmora, M|100\/100\n|turn|1\n|\n|t:|1700029222\n|switch|p2a: Ting-Lu|Ting-Lu|100\/100\n|-ability|p2a: Ting-Lu|Vessel of Ruin\n|move|p1a: Iron Treads|Stealth Rock|p2a: Ting-Lu\n|-sidestart|p2: nidoking445|move: Stealth Rock\n|\n|upkeep\n|turn|2\n|\n|t:|1700029235\n|-end|p1a: Iron Treads|Quark Drive|[silent]\n|switch|p1a: Urshifu|Urshifu-Rapid-Strike, M|100\/100\n|move|p2a: Ting-Lu|Ruination|p1a: Urshifu\n|-damage|p1a: Urshifu|51\/100\n|\n|-heal|p1a: Urshifu|57\/100|[from] item: Leftovers\n|upkeep\n|turn|3\n|\n|t:|1700029249\n|move|p1a: Urshifu|Drain Punch|p2a: Ting-Lu\n|-supereffective|p2a: Ting-Lu\n|-damage|p2a: Ting-Lu|55\/100\n|-heal|p1a: Urshifu|91\/100|[from] drain|[of] p2a: Ting-Lu\n|move|p2a: Ting-Lu|Spikes|p1a: Urshifu\n|-sidestart|p1: Kayleb1718|Spikes\n|\n|-heal|p1a: Urshifu|98\/100|[from] item: Leftovers\n|-heal|p2a: Ting-Lu|61\/100|[from] item: Leftovers\n|upkeep\n|turn|4\n|\n|t:|1700029262\n|move|p1a: Urshifu|Surging Strikes|p2a: Ting-Lu\n|-supereffective|p2a: Ting-Lu\n|-crit|p2a: Ting-Lu\n|-damage|p2a: Ting-Lu|39\/100\n|-supereffective|p2a: Ting-Lu\n|-crit|p2a: Ting-Lu\n|-damage|p2a: Ting-Lu|18\/100\n|-supereffective|p2a: Ting-Lu\n|-crit|p2a: Ting-Lu\n|-damage|p2a: Ting-Lu|0 fnt\n|faint|p2a: Ting-Lu\n|-hitcount|p2: Ting-Lu|3\n|\n|-heal|p1a: Urshifu|100\/100|[from] item: Leftovers\n|upkeep\n|\n|t:|1700029278\n|switch|p2a: Glimmora|Glimmora, M|100\/100\n|-damage|p2a: Glimmora|88\/100|[from] Stealth Rock\n|turn|5\n|\n|t:|1700029287\n|move|p2a: Glimmora|Stealth Rock|p1a: Urshifu\n|-sidestart|p1: Kayleb1718|move: Stealth Rock\n|move|p1a: Urshifu|Surging Strikes|p2a: Glimmora\n|-supereffective|p2a: Glimmora\n|-crit|p2a: Glimmora\n|-damage|p2a: Glimmora|39\/100\n|-activate|p2a: Glimmora|ability: Toxic Debris\n|-sidestart|p1: Kayleb1718|move: Toxic Spikes\n|-supereffective|p2a: Glimmora\n|-crit|p2a: Glimmora\n|-damage|p2a: Glimmora|0 fnt\n|-activate|p2a: Glimmora|ability: Toxic Debris\n|-sidestart|p1: Kayleb1718|move: Toxic Spikes\n|faint|p2a: Glimmora\n|-hitcount|p2: Glimmora|2\n|\n|upkeep\n|\n|t:|1700029304\n|switch|p2a: Gholdengo|Gholdengo|100\/100\n|-damage|p2a: Gholdengo|94\/100|[from] Stealth Rock\n|turn|6\n|\n|t:|1700029310\n|move|p1a: Urshifu|Surging Strikes|p2a: Gholdengo\n|-crit|p2a: Gholdengo\n|-damage|p2a: Gholdengo|71\/100\n|-crit|p2a: Gholdengo\n|-damage|p2a: Gholdengo|50\/100\n|-crit|p2a: Gholdengo\n|-damage|p2a: Gholdengo|29\/100\n|-hitcount|p2a: Gholdengo|3\n|move|p2a: Gholdengo|Thunderbolt|p1a: Urshifu\n|-supereffective|p1a: Urshifu\n|-damage|p1a: Urshifu|0 fnt\n|faint|p1a: Urshifu\n|\n|upkeep\n|\n|t:|1700029320\n|switch|p1a: Iron Treads|Iron Treads|100\/100\n|-damage|p1a: Iron Treads|88\/100|[from] Spikes\n|-damage|p1a: Iron Treads|85\/100|[from] Stealth Rock\n|turn|7\n|\n|t:|1700029331\n|move|p1a: Iron Treads|Earthquake|p2a: Gholdengo\n|-supereffective|p2a: Gholdengo\n|-damage|p2a: Gholdengo|0 fnt\n|faint|p2a: Gholdengo\n|\n|-heal|p1a: Iron Treads|91\/100|[from] item: Leftovers\n|upkeep\n|\n|t:|1700029340\n|switch|p2a: Palafin|Palafin, F|100\/100\n|-damage|p2a: Palafin|88\/100|[from] Stealth Rock\n|turn|8\n|\n|t:|1700029344\n|move|p1a: Iron Treads|Rapid Spin|p2a: Palafin\n|-damage|p2a: Palafin|70\/100\n|-boost|p1a: Iron Treads|spe|1\n|-sideend|p1: Kayleb1718|Spikes|[from] move: Rapid Spin|[of] p1a: Iron Treads\n|-sideend|p1: Kayleb1718|Toxic Spikes|[from] move: Rapid Spin|[of] p1a: Iron Treads\n|-sideend|p1: Kayleb1718|Stealth Rock|[from] move: Rapid Spin|[of] p1a: Iron Treads\n|move|p2a: Palafin|Wave Crash|p1a: Iron Treads\n|-supereffective|p1a: Iron Treads\n|-damage|p1a: Iron Treads|0 fnt\n|faint|p1a: Iron Treads\n|-end|p1a: Iron Treads|Quark Drive|[silent]\n|-damage|p2a: Palafin|39\/100|[from] Recoil\n|\n|upkeep\n|-message|nidoking445 forfeited.\n|\n|win|Kayleb1718\n|raw|Kayleb1718's rating: 1431 &rarr; <strong>1453<\/strong><br \/>(+22 for winning)\n|raw|nidoking445's rating: 1474 &rarr; <strong>1452<\/strong><br \/>(-22 for losing)\n","uploadtime":1700029366,"views":5,"p1id":"kayleb1718","p2id":"nidoking445","formatid":"gen9anythinggoes","rating":1452,"private":0,"password":""}