{"id":"gen9anythinggoes-1992385153","p1":"gobling_a_a_a","p2":"DR4N","format":"[Gen 9] Anything Goes","log":"|j|\u2606gobling_a_a_a\n|j|\u2606DR4N\n|t:|1700181451\n|gametype|singles\n|player|p1|gobling_a_a_a|102|1071\n|player|p2|DR4N|lucas-gen4pt|1081\n|teamsize|p1|6\n|teamsize|p2|6\n|gen|9\n|tier|[Gen 9] Anything Goes\n|rated|\n|rule|HP Percentage Mod: HP is shown in percentages\n|rule|Endless Battle Clause: Forcing endless battles is banned\n|clearpoke\n|poke|p1|Drifblim, M|\n|poke|p1|Wigglytuff, F|\n|poke|p1|Furret, F|\n|poke|p1|Rotom-Wash|\n|poke|p1|Iron Bundle|\n|poke|p1|Crawdaunt, F|\n|poke|p2|Umbreon, M|\n|poke|p2|Lycanroc-Dusk, M|\n|poke|p2|Pawmot, F|\n|poke|p2|Clodsire, M|\n|poke|p2|Gogoat, M|\n|poke|p2|Arcanine, M|\n|teampreview\n|\n|t:|1700181459\n|start\n|switch|p1a: DODGE|Drifblim, M, shiny|100\/100\n|switch|p2a: Sonic|Lycanroc-Dusk, M, shiny|100\/100\n|turn|1\n|\n|t:|1700181465\n|move|p2a: Sonic|Accelerock|p1a: DODGE\n|-supereffective|p1a: DODGE\n|-damage|p1a: DODGE|48\/100\n|-damage|p2a: Sonic|91\/100|[from] item: Life Orb\n|move|p1a: DODGE|Minimize|p1a: DODGE\n|-boost|p1a: DODGE|evasion|2\n|\n|upkeep\n|turn|2\n|\n|t:|1700181472\n|move|p2a: Sonic|Accelerock|p1a: DODGE\n|-supereffective|p1a: DODGE\n|-damage|p1a: DODGE|0 fnt\n|-damage|p2a: Sonic|66\/100|[from] ability: Aftermath|[of] p1a: DODGE\n|faint|p1a: DODGE\n|-damage|p2a: Sonic|56\/100|[from] item: Life Orb\n|\n|upkeep\n|\n|t:|1700181478\n|switch|p1a: Blimp|Wigglytuff, F|100\/100\n|turn|3\n|\n|t:|1700181483\n|move|p2a: Sonic|Iron Head|p1a: Blimp\n|-supereffective|p1a: Blimp\n|-damage|p1a: Blimp|0 fnt\n|faint|p1a: Blimp\n|-damage|p2a: Sonic|46\/100|[from] item: Life Orb\n|\n|upkeep\n|\n|t:|1700181489\n|switch|p1a: krabb|Crawdaunt, F, shiny|100\/100\n|turn|4\n|\n|t:|1700181494\n|-terastallize|p2a: Sonic|Fighting\n|move|p2a: Sonic|Close Combat|p1a: krabb\n|-supereffective|p1a: krabb\n|-damage|p1a: krabb|0 fnt\n|-unboost|p2a: Sonic|def|1\n|-unboost|p2a: Sonic|spd|1\n|faint|p1a: krabb\n|-damage|p2a: Sonic|36\/100|[from] item: Life Orb\n|\n|upkeep\n|\n|t:|1700181504\n|switch|p1a: santa|Iron Bundle|100\/100\n|turn|5\n|\n|t:|1700181509\n|move|p1a: santa|Ice Beam|p2a: Sonic\n|-damage|p2a: Sonic|0 fnt\n|faint|p2a: Sonic\n|\n|upkeep\n|\n|t:|1700181514\n|switch|p2a: Mallow|Pawmot, F, shiny|100\/100\n|turn|6\n|\n|t:|1700181522\n|-terastallize|p1a: santa|Psychic\n|move|p1a: santa|Tera Blast|p2a: Mallow|[anim] Tera Blast Psychic\n|-supereffective|p2a: Mallow\n|-enditem|p2a: Mallow|Focus Sash\n|-damage|p2a: Mallow|1\/100\n|move|p2a: Mallow|Nuzzle|p1a: santa\n|-crit|p1a: santa\n|-damage|p1a: santa|86\/100\n|-status|p1a: santa|par\n|\n|upkeep\n|turn|7\n|\n|t:|1700181533\n|switch|p2a: Hilal|Umbreon, M, shiny|100\/100\n|move|p1a: santa|Freeze-Dry|p2a: Hilal\n|-damage|p2a: Hilal|75\/100\n|\n|upkeep\n|turn|8\n|\n|t:|1700181542\n|-end|p1a: santa|Quark Drive|[silent]\n|switch|p1a: zeus|Rotom-Wash, shiny|100\/100\n|move|p2a: Hilal|Wish|p2a: Hilal\n|\n|upkeep\n|turn|9\n|\n|t:|1700181550\n|move|p2a: Hilal|Protect|p2a: Hilal\n|-singleturn|p2a: Hilal|Protect\n|move|p1a: zeus|Hydro Pump|p2a: Hilal\n|-activate|p2a: Hilal|move: Protect\n|\n|-heal|p2a: Hilal|100\/100|[from] move: Wish|[wisher] Hilal\n|upkeep\n|turn|10\n|\n|t:|1700181558\n|move|p1a: zeus|Rain Dance|p1a: zeus\n|-weather|RainDance\n|move|p2a: Hilal|Reflect|p2a: Hilal\n|-sidestart|p2: DR4N|Reflect\n|\n|-weather|RainDance|[upkeep]\n|upkeep\n|turn|11\n|\n|t:|1700181567\n|move|p1a: zeus|Thunder|p2a: Hilal\n|-damage|p2a: Hilal|64\/100\n|move|p2a: Hilal|Wish|p2a: Hilal\n|\n|-weather|RainDance|[upkeep]\n|upkeep\n|turn|12\n|-activate|p1a: zeus|item: Quick Claw\n|\n|t:|1700181573\n|switch|p2a: Bobby|Clodsire, M, shiny|100\/100\n|move|p1a: zeus|Thunder|p2a: Bobby\n|-immune|p2a: Bobby\n|\n|-weather|RainDance|[upkeep]\n|upkeep\n|turn|13\n|\n|t:|1700181583\n|move|p1a: zeus|Hydro Pump|p2a: Bobby\n|-supereffective|p2a: Bobby\n|-damage|p2a: Bobby|15\/100\n|move|p2a: Bobby|Stealth Rock|p1a: zeus\n|-sidestart|p1: gobling_a_a_a|move: Stealth Rock\n|\n|-weather|RainDance|[upkeep]\n|-heal|p2a: Bobby|21\/100|[from] item: Leftovers\n|upkeep\n|turn|14\n|-activate|p1a: zeus|item: Quick Claw\n|\n|t:|1700181591\n|switch|p2a: Billy|Gogoat, M, shiny|100\/100\n|move|p1a: zeus|Hydro Pump|p2a: Billy\n|-resisted|p2a: Billy\n|-damage|p2a: Billy|65\/100\n|\n|-weather|none\n|-sideend|p2: DR4N|Reflect\n|upkeep\n|turn|15\n|\n|t:|1700181599\n|move|p1a: zeus|Rain Dance|p1a: zeus\n|-weather|RainDance\n|move|p2a: Billy|Horn Leech|p1a: zeus\n|-supereffective|p1a: zeus\n|-damage|p1a: zeus|1\/100\n|-heal|p2a: Billy|92\/100|[from] drain|[of] p1a: zeus\n|\n|-weather|RainDance|[upkeep]\n|upkeep\n|turn|16\n|-activate|p1a: zeus|item: Quick Claw\n|\n|t:|1700181607\n|move|p1a: zeus|Thunder|p2a: Billy\n|-resisted|p2a: Billy\n|-damage|p2a: Billy|68\/100\n|move|p2a: Billy|Horn Leech|p1a: zeus\n|-supereffective|p1a: zeus\n|-damage|p1a: zeus|0 fnt\n|-heal|p2a: Billy|68\/100|[from] drain|[of] p1a: zeus\n|faint|p1a: zeus\n|\n|-weather|RainDance|[upkeep]\n|upkeep\n|\n|t:|1700181620\n|switch|p1a: walc|Furret, F, shiny|100\/100\n|-damage|p1a: walc|88\/100|[from] Stealth Rock\n|-item|p2a: Billy|Rocky Helmet|[from] ability: Frisk|[of] p1a: walc|[identify]\n|turn|17\n|\n|t:|1700181629\n|move|p1a: walc|Agility|p1a: walc\n|-boost|p1a: walc|spe|2\n|move|p2a: Billy|Leech Seed|p1a: walc\n|-start|p1a: walc|move: Leech Seed\n|\n|-weather|RainDance|[upkeep]\n|-damage|p1a: walc|76\/100|[from] Leech Seed|[of] p2a: Billy\n|-heal|p2a: Billy|78\/100|[silent]\n|upkeep\n|turn|18\n|\n|t:|1700181636\n|move|p1a: walc|Agility|p1a: walc\n|-boost|p1a: walc|spe|2\n|move|p2a: Billy|Play Rough|p1a: walc\n|-damage|p1a: walc|36\/100\n|\n|-weather|RainDance|[upkeep]\n|-damage|p1a: walc|23\/100|[from] Leech Seed|[of] p2a: Billy\n|-heal|p2a: Billy|88\/100|[silent]\n|upkeep\n|turn|19\n|\n|t:|1700181648\n|move|p1a: walc|Baton Pass|p1a: walc\n|\n|t:|1700181651\n|switch|p1a: santa|Iron Bundle, tera:Psychic|86\/100 par|[from] Baton Pass\n|-damage|p1a: santa|74\/100 par|[from] Stealth Rock\n|move|p2a: Billy|Play Rough|p1a: santa\n|-damage|p1a: santa|42\/100 par\n|\n|-weather|none\n|-damage|p1a: santa|30\/100 par|[from] Leech Seed|[of] p2a: Billy\n|-heal|p2a: Billy|95\/100|[silent]\n|upkeep\n|turn|20\n|\n|t:|1700181666\n|move|p1a: santa|Ice Beam|p2a: Billy\n|-supereffective|p2a: Billy\n|-damage|p2a: Billy|17\/100\n|move|p2a: Billy|Milk Drink|p2a: Billy\n|-heal|p2a: Billy|67\/100\n|\n|-damage|p1a: santa|17\/100 par|[from] Leech Seed|[of] p2a: Billy\n|-heal|p2a: Billy|74\/100|[silent]\n|upkeep\n|turn|21\n|\n|t:|1700181676\n|move|p1a: santa|Ice Beam|p2a: Billy\n|-supereffective|p2a: Billy\n|-damage|p2a: Billy|0 fnt\n|faint|p2a: Billy\n|\n|upkeep\n|\n|t:|1700181683\n|switch|p2a: Hilal|Umbreon, M, shiny|64\/100\n|turn|22\n|\n|t:|1700181703\n|move|p2a: Hilal|Protect|p2a: Hilal\n|-singleturn|p2a: Hilal|Protect\n|move|p1a: santa|Hydro Pump|p2a: Hilal\n|-activate|p2a: Hilal|move: Protect\n|\n|-damage|p1a: santa|5\/100 par|[from] Leech Seed|[of] p2a: Hilal\n|-heal|p2a: Hilal|72\/100|[silent]\n|upkeep\n|turn|23\n|\n|t:|1700181717\n|move|p1a: santa|Ice Beam|p2a: Hilal\n|-damage|p2a: Hilal|42\/100\n|move|p2a: Hilal|Wish|p2a: Hilal\n|\n|-damage|p1a: santa|0 fnt|[from] Leech Seed|[of] p2a: Hilal\n|-heal|p2a: Hilal|45\/100|[silent]\n|faint|p1a: santa\n|-end|p1a: santa|Quark Drive|[silent]\n|upkeep\n|\n|t:|1700181724\n|switch|p1a: walc|Furret, F, shiny|23\/100\n|-damage|p1a: walc|11\/100|[from] Stealth Rock\n|-item|p2a: Hilal|Mental Herb|[from] ability: Frisk|[of] p1a: walc|[identify]\n|turn|24\n|c|\u2606gobling_a_a_a|gg\n|\n|t:|1700181732\n|move|p1a: walc|Ice Beam|p2a: Hilal\n|-damage|p2a: Hilal|36\/100\n|move|p2a: Hilal|Foul Play|p1a: walc\n|-damage|p1a: walc|0 fnt\n|faint|p1a: walc\n|\n|win|DR4N\n|raw|gobling_a_a_a's rating: 1071 &rarr; <strong>1051<\/strong><br \/>(-20 for losing)\n|raw|DR4N's rating: 1081 &rarr; <strong>1108<\/strong><br \/>(+27 for winning)\n|c|\u2606DR4N|Gg\n|l|\u2606gobling_a_a_a\n","uploadtime":1700181748,"views":4,"p1id":"goblingaaa","p2id":"dr4n","formatid":"gen9anythinggoes","rating":1051,"private":0,"password":""}