{"id":"gen9anythinggoes-1973807925","p1":"CloudyStab","p2":"Rowan_Rocket","format":"[Gen 9] Anything Goes","log":"|j|\u2606CloudyStab\n|j|\u2606Rowan_Rocket\n|t:|1698015653\n|gametype|singles\n|player|p1|CloudyStab|bugsy|1145\n|player|p2|Rowan_Rocket|rocketgrunt|1109\n|teamsize|p1|6\n|teamsize|p2|6\n|gen|9\n|tier|[Gen 9] Anything Goes\n|rated|\n|rule|HP Percentage Mod: HP is shown in percentages\n|rule|Endless Battle Clause: Forcing endless battles is banned\n|clearpoke\n|poke|p1|Espeon, F|\n|poke|p1|Garchomp, M|\n|poke|p1|Vaporeon, M|\n|poke|p1|Breloom, F|\n|poke|p1|Luxray, M|\n|poke|p1|Zoroark-Hisui, F|\n|poke|p2|Farigiraf, M|\n|poke|p2|Wyrdeer, M|\n|poke|p2|Ursaluna, M|\n|poke|p2|Grafaiai, F|\n|poke|p2|Zoroark-Hisui, F|\n|poke|p2|Ambipom, M|\n|teampreview\n|inactive|Battle timer is ON: inactive players will automatically lose when time's up. (requested by CloudyStab)\n|\n|t:|1698015664\n|start\n|switch|p1a: Emerald|Espeon, F, shiny|100\/100\n|switch|p2a: Grafaiai|Grafaiai, F|100\/100\n|turn|1\n|\n|t:|1698015683\n|switch|p2a: Ambipom|Ambipom, M|100\/100\n|move|p1a: Emerald|Psychic|p2a: Ambipom\n|-damage|p2a: Ambipom|24\/100\n|\n|upkeep\n|turn|2\n|\n|t:|1698015695\n|move|p2a: Ambipom|Fake Out|p1a: Emerald\n|-enditem|p2a: Ambipom|Normal Gem|[from] gem\n|-damage|p1a: Emerald|41\/100\n|cant|p1a: Emerald|flinch\n|\n|upkeep\n|turn|3\n|\n|t:|1698015702\n|move|p2a: Ambipom|Knock Off|p1a: Emerald\n|-supereffective|p1a: Emerald\n|-damage|p1a: Emerald|0 fnt\n|-enditem|p1a: Emerald|Pixie Plate|[from] move: Knock Off|[of] p2a: Ambipom\n|faint|p1a: Emerald\n|\n|upkeep\n|\n|t:|1698015717\n|switch|p1a: Gumball|Vaporeon, M, shiny|100\/100\n|turn|4\n|\n|t:|1698015726\n|move|p2a: Ambipom|U-turn|p1a: Gumball\n|-resisted|p1a: Gumball\n|-damage|p1a: Gumball|78\/100\n|replace|p1a: Shwoop|Zoroark-Hisui, F, shiny\n|-end|p1a: Shwoop|Illusion\n|\n|t:|1698015745\n|switch|p2a: Farigiraf|Farigiraf, M|100\/100|[from] U-turn\n|move|p1a: Shwoop|Psychic|p2a: Farigiraf\n|-resisted|p2a: Farigiraf\n|-damage|p2a: Farigiraf|86\/100\n|\n|upkeep\n|turn|5\n|\n|t:|1698015753\n|move|p1a: Shwoop|Dark Pulse|p2a: Farigiraf|[miss]\n|-miss|p1a: Shwoop|p2a: Farigiraf\n|move|p2a: Farigiraf|Calm Mind|p2a: Farigiraf\n|-boost|p2a: Farigiraf|spa|1\n|-boost|p2a: Farigiraf|spd|1\n|\n|upkeep\n|turn|6\n|\n|t:|1698015766\n|move|p1a: Shwoop|Dark Pulse|p2a: Farigiraf\n|-supereffective|p2a: Farigiraf\n|-damage|p2a: Farigiraf|50\/100\n|move|p2a: Farigiraf|Baton Pass|p2a: Farigiraf\n|\n|t:|1698015771\n|switch|p2a: Ursaluna|Ursaluna, M|100\/100|[from] Baton Pass\n|\n|-status|p2a: Ursaluna|brn|[from] item: Flame Orb\n|upkeep\n|turn|7\n|\n|t:|1698015785\n|move|p1a: Shwoop|Hyper Voice|p2a: Ursaluna\n|-damage|p2a: Ursaluna|77\/100 brn\n|move|p2a: Ursaluna|Trailblaze|p1a: Shwoop\n|-damage|p1a: Shwoop|16\/100\n|-boost|p2a: Ursaluna|spe|1\n|\n|-damage|p2a: Ursaluna|71\/100 brn|[from] brn\n|upkeep\n|turn|8\n|\n|t:|1698015796\n|move|p1a: Shwoop|Dark Pulse|p2a: Ursaluna\n|-damage|p2a: Ursaluna|56\/100 brn\n|move|p2a: Ursaluna|Trailblaze|p1a: Shwoop\n|-damage|p1a: Shwoop|0 fnt\n|-boost|p2a: Ursaluna|spe|1\n|faint|p1a: Shwoop\n|\n|-damage|p2a: Ursaluna|50\/100 brn|[from] brn\n|upkeep\n|\n|t:|1698015813\n|switch|p1a: Blitz|Luxray, M, shiny|100\/100\n|-item|p1a: Blitz|Air Balloon\n|turn|9\n|\n|t:|1698015819\n|move|p2a: Ursaluna|Drain Punch|p1a: Blitz\n|-damage|p1a: Blitz|47\/100\n|-heal|p2a: Ursaluna|74\/100 brn|[from] drain|[of] p1a: Blitz\n|-enditem|p1a: Blitz|Air Balloon\n|move|p1a: Blitz|Ice Fang|p2a: Ursaluna|[miss]\n|-miss|p1a: Blitz|p2a: Ursaluna\n|\n|-damage|p2a: Ursaluna|68\/100 brn|[from] brn\n|upkeep\n|turn|10\n|\n|t:|1698015830\n|move|p2a: Ursaluna|Drain Punch|p1a: Blitz\n|-damage|p1a: Blitz|0 fnt\n|-heal|p2a: Ursaluna|90\/100 brn|[from] drain|[of] p1a: Blitz\n|faint|p1a: Blitz\n|\n|-damage|p2a: Ursaluna|83\/100 brn|[from] brn\n|upkeep\n|\n|t:|1698015839\n|switch|p1a: Gumball|Vaporeon, M, shiny|100\/100\n|turn|11\n|\n|t:|1698015844\n|move|p2a: Ursaluna|Facade|p1a: Gumball\n|-damage|p1a: Gumball|0 fnt\n|faint|p1a: Gumball\n|\n|-damage|p2a: Ursaluna|77\/100 brn|[from] brn\n|upkeep\n|\n|t:|1698015852\n|switch|p1a: e g g|Breloom, F, shiny|100\/100\n|turn|12\n|\n|t:|1698015859\n|move|p2a: Ursaluna|Facade|p1a: e g g\n|-damage|p1a: e g g|0 fnt\n|faint|p1a: e g g\n|\n|-damage|p2a: Ursaluna|71\/100 brn|[from] brn\n|upkeep\n|\n|t:|1698015867\n|switch|p1a: Chomper|Garchomp, M, shiny|100\/100\n|turn|13\n|\n|t:|1698015874\n|move|p1a: Chomper|Earthquake|p2a: Ursaluna\n|-damage|p2a: Ursaluna|26\/100 brn\n|move|p2a: Ursaluna|Facade|p1a: Chomper\n|-damage|p1a: Chomper|0 fnt\n|-damage|p2a: Ursaluna|14\/100 brn|[from] ability: Rough Skin|[of] p1a: Chomper\n|faint|p1a: Chomper\n|\n|win|Rowan_Rocket\n|raw|CloudyStab's rating: 1145 &rarr; <strong>1117<\/strong><br \/>(-28 for losing)\n|raw|Rowan_Rocket's rating: 1109 &rarr; <strong>1137<\/strong><br \/>(+28 for winning)\n|l|\u2606CloudyStab\n","uploadtime":1698015890,"views":13,"p1id":"cloudystab","p2id":"rowanrocket","formatid":"gen9anythinggoes","rating":1117,"private":0,"password":""}