{"id":"gen9anythinggoes-1975285422","p1":"000Epsilon","p2":"Beaste115","format":"[Gen 9] Anything Goes","log":"|j|\u2606000Epsilon\n|j|\u2606Beaste115\n|t:|1698176551\n|gametype|singles\n|player|p1|000Epsilon|nate|1340\n|player|p2|Beaste115|101|1240\n|teamsize|p1|6\n|teamsize|p2|6\n|gen|9\n|tier|[Gen 9] Anything Goes\n|rated|\n|rule|HP Percentage Mod: HP is shown in percentages\n|rule|Endless Battle Clause: Forcing endless battles is banned\n|clearpoke\n|poke|p1|Ribombee, M|\n|poke|p1|Gliscor, F|\n|poke|p1|Gholdengo|\n|poke|p1|Ting-Lu|\n|poke|p1|Clodsire, M|\n|poke|p1|Glimmora, M|\n|poke|p2|Dugtrio, M|\n|poke|p2|Drifblim, M|\n|poke|p2|Espathra, F|\n|poke|p2|Mewtwo|\n|poke|p2|Roaring Moon|\n|poke|p2|Ceruledge, F|\n|teampreview\n|inactive|Battle timer is ON: inactive players will automatically lose when time's up. (requested by Beaste115)\n|\n|t:|1698176555\n|start\n|switch|p1a: Ribombee|Ribombee, M|100\/100\n|switch|p2a: Dugtrio|Dugtrio, M|100\/100\n|turn|1\n|\n|t:|1698176563\n|move|p1a: Ribombee|Sticky Web|p2a: Dugtrio\n|-sidestart|p2: Beaste115|move: Sticky Web\n|move|p2a: Dugtrio|Sand Attack|p1a: Ribombee\n|-unboost|p1a: Ribombee|accuracy|1\n|\n|upkeep\n|turn|2\n|\n|t:|1698176569\n|move|p1a: Ribombee|U-turn|p2a: Dugtrio\n|-damage|p2a: Dugtrio|69\/100\n|\n|t:|1698176572\n|switch|p1a: Glimmora|Glimmora, M|100\/100|[from] U-turn\n|move|p2a: Dugtrio|Sand Attack|p1a: Glimmora\n|-unboost|p1a: Glimmora|accuracy|1\n|\n|upkeep\n|turn|3\n|\n|t:|1698176578\n|move|p2a: Dugtrio|Sand Attack|p1a: Glimmora\n|-unboost|p1a: Glimmora|accuracy|1\n|move|p1a: Glimmora|Stealth Rock|p2a: Dugtrio\n|-sidestart|p2: Beaste115|move: Stealth Rock\n|\n|upkeep\n|turn|4\n|\n|t:|1698176586\n|move|p2a: Dugtrio|Sand Attack|p1a: Glimmora\n|-unboost|p1a: Glimmora|accuracy|1\n|move|p1a: Glimmora|Toxic|p2a: Dugtrio\n|-status|p2a: Dugtrio|tox\n|\n|-damage|p2a: Dugtrio|63\/100 tox|[from] psn\n|upkeep\n|turn|5\n|\n|t:|1698176597\n|move|p2a: Dugtrio|Stealth Rock|p1a: Glimmora\n|-sidestart|p1: 000Epsilon|move: Stealth Rock\n|move|p1a: Glimmora|Energy Ball|p2a: Dugtrio|[miss]\n|-miss|p1a: Glimmora|p2a: Dugtrio\n|\n|-damage|p2a: Dugtrio|50\/100 tox|[from] psn\n|upkeep\n|turn|6\n|\n|t:|1698176604\n|move|p2a: Dugtrio|Sand Attack|p1a: Glimmora\n|-unboost|p1a: Glimmora|accuracy|1\n|move|p1a: Glimmora|Mortal Spin|p2a: Dugtrio|[miss]\n|-miss|p1a: Glimmora|p2a: Dugtrio\n|\n|-damage|p2a: Dugtrio|32\/100 tox|[from] psn\n|upkeep\n|turn|7\n|\n|t:|1698176612\n|switch|p2a: Drifblim|Drifblim, M|100\/100\n|-damage|p2a: Drifblim|76\/100|[from] Stealth Rock\n|move|p1a: Glimmora|Mortal Spin|p2a: Drifblim\n|-resisted|p2a: Drifblim\n|-damage|p2a: Drifblim|73\/100\n|-status|p2a: Drifblim|psn\n|-sideend|p1: 000Epsilon|Stealth Rock|[from] move: Mortal Spin|[of] p1a: Glimmora\n|\n|-damage|p2a: Drifblim|61\/100 psn|[from] psn\n|upkeep\n|turn|8\n|\n|t:|1698176624\n|switch|p1a: Gholdengo|Gholdengo|100\/100\n|-item|p1a: Gholdengo|Air Balloon\n|move|p2a: Drifblim|Minimize|p2a: Drifblim\n|-boost|p2a: Drifblim|evasion|2\n|\n|-damage|p2a: Drifblim|48\/100 psn|[from] psn\n|upkeep\n|turn|9\n|\n|t:|1698176632\n|move|p1a: Gholdengo|Shadow Ball|p2a: Drifblim\n|-supereffective|p2a: Drifblim\n|-damage|p2a: Drifblim|0 fnt\n|faint|p2a: Drifblim\n|\n|upkeep\n|\n|t:|1698176637\n|switch|p2a: Dugtrio|Dugtrio, M|32\/100 tox\n|-activate|p2a: Dugtrio|move: Sticky Web\n|-unboost|p2a: Dugtrio|spe|1\n|-damage|p2a: Dugtrio|25\/100 tox|[from] Stealth Rock\n|turn|10\n|\n|t:|1698176642\n|move|p1a: Gholdengo|Shadow Ball|p2a: Dugtrio\n|-damage|p2a: Dugtrio|0 fnt\n|faint|p2a: Dugtrio\n|\n|upkeep\n|\n|t:|1698176646\n|switch|p2a: Espathra|Espathra, F|100\/100\n|-activate|p2a: Espathra|move: Sticky Web\n|-unboost|p2a: Espathra|spe|1\n|-damage|p2a: Espathra|88\/100|[from] Stealth Rock\n|turn|11\n|\n|t:|1698176651\n|move|p2a: Espathra|Protect|p2a: Espathra\n|-singleturn|p2a: Espathra|Protect\n|move|p1a: Gholdengo|Shadow Ball|p2a: Espathra\n|-activate|p2a: Espathra|move: Protect\n|\n|-ability|p2a: Espathra|Speed Boost|boost\n|-boost|p2a: Espathra|spe|1\n|upkeep\n|turn|12\n|\n|t:|1698176659\n|switch|p1a: Clodsire|Clodsire, M|100\/100\n|move|p2a: Espathra|Substitute|p2a: Espathra\n|-start|p2a: Espathra|Substitute\n|-damage|p2a: Espathra|63\/100\n|\n|-ability|p2a: Espathra|Speed Boost|boost\n|-boost|p2a: Espathra|spe|1\n|upkeep\n|turn|13\n|\n|t:|1698176667\n|move|p2a: Espathra|Baton Pass|p2a: Espathra\n|\n|t:|1698176669\n|switch|p2a: Mewtwo|Mewtwo|100\/100|[from] Baton Pass\n|-ability|p2a: Mewtwo|Unnerve\n|-activate|p2a: Mewtwo|move: Sticky Web\n|-unboost|p2a: Mewtwo|spe|1\n|-damage|p2a: Mewtwo|88\/100|[from] Stealth Rock\n|move|p1a: Clodsire|Spikes|p2a: Mewtwo\n|-sidestart|p2: Beaste115|Spikes\n|\n|upkeep\n|turn|14\n|\n|t:|1698176678\n|move|p2a: Mewtwo|Psychic|p1a: Clodsire\n|-supereffective|p1a: Clodsire\n|-damage|p1a: Clodsire|44\/100\n|-enditem|p1a: Clodsire|Red Card|[of] p2a: Mewtwo\n|drag|p2a: Ceruledge|Ceruledge, F|100\/100\n|-activate|p2a: Ceruledge|move: Sticky Web\n|-unboost|p2a: Ceruledge|spe|1\n|-damage|p2a: Ceruledge|76\/100|[from] Stealth Rock\n|-damage|p2a: Ceruledge|63\/100|[from] Spikes\n|move|p1a: Clodsire|Spikes|p2a: Ceruledge\n|-sidestart|p2: Beaste115|Spikes\n|\n|upkeep\n|turn|15\n|\n|t:|1698176688\n|switch|p1a: Ting-Lu|Ting-Lu|100\/100\n|-ability|p1a: Ting-Lu|Vessel of Ruin\n|move|p2a: Ceruledge|Swords Dance|p2a: Ceruledge\n|-boost|p2a: Ceruledge|atk|2\n|\n|upkeep\n|turn|16\n|\n|t:|1698176695\n|move|p2a: Ceruledge|X-Scissor|p1a: Ting-Lu\n|-supereffective|p1a: Ting-Lu\n|-damage|p1a: Ting-Lu|54\/100\n|-enditem|p1a: Ting-Lu|Red Card|[of] p2a: Ceruledge\n|drag|p2a: Mewtwo|Mewtwo|88\/100\n|-ability|p2a: Mewtwo|Unnerve\n|-activate|p2a: Mewtwo|move: Sticky Web\n|-unboost|p2a: Mewtwo|spe|1\n|-damage|p2a: Mewtwo|76\/100|[from] Stealth Rock\n|-damage|p2a: Mewtwo|59\/100|[from] Spikes\n|move|p1a: Ting-Lu|Whirlwind|p2a: Mewtwo\n|drag|p2a: Roaring Moon|Roaring Moon|100\/100\n|-activate|p2a: Roaring Moon|move: Sticky Web\n|-unboost|p2a: Roaring Moon|spe|1\n|-damage|p2a: Roaring Moon|88\/100|[from] Stealth Rock\n|-damage|p2a: Roaring Moon|72\/100|[from] Spikes\n|-enditem|p2a: Roaring Moon|Booster Energy\n|-activate|p2a: Roaring Moon|ability: Protosynthesis|[fromitem]\n|-start|p2a: Roaring Moon|protosynthesisatk\n|\n|upkeep\n|turn|17\n|\n|t:|1698176715\n|move|p2a: Roaring Moon|Dragon Dance|p2a: Roaring Moon\n|-boost|p2a: Roaring Moon|atk|1\n|-boost|p2a: Roaring Moon|spe|1\n|move|p1a: Ting-Lu|Whirlwind|p2a: Roaring Moon\n|-end|p2a: Roaring Moon|Protosynthesis|[silent]\n|drag|p2a: Mewtwo|Mewtwo|59\/100\n|-ability|p2a: Mewtwo|Unnerve\n|-activate|p2a: Mewtwo|move: Sticky Web\n|-unboost|p2a: Mewtwo|spe|1\n|-damage|p2a: Mewtwo|47\/100|[from] Stealth Rock\n|-damage|p2a: Mewtwo|30\/100|[from] Spikes\n|\n|upkeep\n|turn|18\n|\n|t:|1698176726\n|move|p2a: Mewtwo|Ice Beam|p1a: Ting-Lu\n|-supereffective|p1a: Ting-Lu\n|-damage|p1a: Ting-Lu|9\/100\n|-status|p1a: Ting-Lu|frz\n|cant|p1a: Ting-Lu|frz\n|\n|upkeep\n|turn|19\n|\n|t:|1698176736\n|switch|p2a: Espathra|Espathra, F|63\/100\n|-activate|p2a: Espathra|move: Sticky Web\n|-unboost|p2a: Espathra|spe|1\n|-damage|p2a: Espathra|51\/100|[from] Stealth Rock\n|-damage|p2a: Espathra|34\/100|[from] Spikes\n|switch|p1a: Glimmora|Glimmora, M|100\/100\n|\n|upkeep\n|turn|20\n|\n|t:|1698176747\n|move|p1a: Glimmora|Toxic|p2a: Espathra\n|-status|p2a: Espathra|tox\n|move|p2a: Espathra|Calm Mind|p2a: Espathra\n|-boost|p2a: Espathra|spa|1\n|-boost|p2a: Espathra|spd|1\n|\n|-damage|p2a: Espathra|28\/100 tox|[from] psn\n|-ability|p2a: Espathra|Speed Boost|boost\n|-boost|p2a: Espathra|spe|1\n|upkeep\n|turn|21\n|\n|t:|1698176755\n|move|p1a: Glimmora|Energy Ball|p2a: Espathra\n|-damage|p2a: Espathra|5\/100 tox\n|move|p2a: Espathra|Calm Mind|p2a: Espathra\n|-boost|p2a: Espathra|spa|1\n|-boost|p2a: Espathra|spd|1\n|\n|-damage|p2a: Espathra|0 fnt|[from] psn\n|faint|p2a: Espathra\n|upkeep\n|\n|t:|1698176759\n|switch|p2a: Ceruledge|Ceruledge, F|63\/100\n|-activate|p2a: Ceruledge|move: Sticky Web\n|-unboost|p2a: Ceruledge|spe|1\n|-damage|p2a: Ceruledge|39\/100|[from] Stealth Rock\n|-damage|p2a: Ceruledge|22\/100|[from] Spikes\n|turn|22\n|\n|t:|1698176772\n|move|p1a: Glimmora|Toxic|p2a: Ceruledge\n|-status|p2a: Ceruledge|tox\n|move|p2a: Ceruledge|Bitter Blade|p1a: Glimmora\n|-resisted|p1a: Glimmora\n|-damage|p1a: Glimmora|78\/100\n|-heal|p2a: Ceruledge|37\/100 tox|[from] drain|[of] p1a: Glimmora\n|-activate|p1a: Glimmora|ability: Toxic Debris\n|-sidestart|p2: Beaste115|move: Toxic Spikes\n|-enditem|p1a: Glimmora|Red Card|[of] p2a: Ceruledge\n|drag|p2a: Roaring Moon|Roaring Moon|72\/100\n|-activate|p2a: Roaring Moon|move: Sticky Web\n|-unboost|p2a: Roaring Moon|spe|1\n|-damage|p2a: Roaring Moon|59\/100|[from] Stealth Rock\n|-damage|p2a: Roaring Moon|43\/100|[from] Spikes\n|-status|p2a: Roaring Moon|psn\n|\n|-damage|p2a: Roaring Moon|31\/100 psn|[from] psn\n|upkeep\n|turn|23\n|\n|t:|1698176790\n|move|p1a: Glimmora|Energy Ball|p2a: Roaring Moon\n|-resisted|p2a: Roaring Moon\n|-damage|p2a: Roaring Moon|19\/100 psn\n|move|p2a: Roaring Moon|Earthquake|p1a: Glimmora\n|-supereffective|p1a: Glimmora\n|-damage|p1a: Glimmora|0 fnt\n|-activate|p1a: Glimmora|ability: Toxic Debris\n|-sidestart|p2: Beaste115|move: Toxic Spikes\n|faint|p1a: Glimmora\n|\n|-damage|p2a: Roaring Moon|7\/100 psn|[from] psn\n|upkeep\n|\n|t:|1698176801\n|switch|p1a: Gliscor|Gliscor, F|100\/100\n|turn|24\n|\n|t:|1698176807\n|move|p1a: Gliscor|Spikes|p2a: Roaring Moon\n|-sidestart|p2: Beaste115|Spikes\n|move|p2a: Roaring Moon|Dragon Claw|p1a: Gliscor\n|-damage|p1a: Gliscor|69\/100\n|\n|-damage|p2a: Roaring Moon|0 fnt|[from] psn\n|faint|p2a: Roaring Moon\n|-end|p2a: Roaring Moon|Protosynthesis|[silent]\n|-status|p1a: Gliscor|tox|[from] item: Toxic Orb\n|upkeep\n|\n|t:|1698176811\n|switch|p2a: Mewtwo|Mewtwo|30\/100\n|-ability|p2a: Mewtwo|Unnerve\n|-activate|p2a: Mewtwo|move: Sticky Web\n|-unboost|p2a: Mewtwo|spe|1\n|-damage|p2a: Mewtwo|18\/100|[from] Stealth Rock\n|-damage|p2a: Mewtwo|0 fnt|[from] Spikes\n|faint|p2a: Mewtwo\n|\n|t:|1698176812\n|switch|p2a: Ceruledge|Ceruledge, F|37\/100 tox\n|-activate|p2a: Ceruledge|move: Sticky Web\n|-unboost|p2a: Ceruledge|spe|1\n|-damage|p2a: Ceruledge|12\/100 tox|[from] Stealth Rock\n|-damage|p2a: Ceruledge|0 fnt|[from] Spikes\n|faint|p2a: Ceruledge\n|\n|win|000Epsilon\n|raw|000Epsilon's rating: 1340 &rarr; <strong>1354<\/strong><br \/>(+14 for winning)\n|raw|Beaste115's rating: 1240 &rarr; <strong>1222<\/strong><br \/>(-18 for losing)\n|l|\u2606Beaste115\n","uploadtime":1698176832,"views":15,"p1id":"000epsilon","p2id":"beaste115","formatid":"gen9anythinggoes","rating":1222,"private":0,"password":""}