{"id":"gen9anythinggoes-1981249756","p1":"CartierJr","p2":"PyPixel","format":"[Gen 9] Anything Goes","log":"|j|\u2606CartierJr\n|j|\u2606PyPixel\n|t:|1698876323\n|gametype|singles\n|player|p1|CartierJr|pokemonbreeder-gen4|1255\n|player|p2|PyPixel|170|1326\n|teamsize|p1|6\n|teamsize|p2|6\n|gen|9\n|tier|[Gen 9] Anything Goes\n|rated|\n|rule|HP Percentage Mod: HP is shown in percentages\n|rule|Endless Battle Clause: Forcing endless battles is banned\n|clearpoke\n|poke|p1|Ursaluna, M|\n|poke|p1|Maushold-Four|\n|poke|p1|Arboliva, F|\n|poke|p1|Staraptor, M|\n|poke|p1|Wyrdeer, M|\n|poke|p1|Ditto|\n|poke|p2|Glimmora, F|\n|poke|p2|Calyrex-Shadow|\n|poke|p2|Dragapult, M|\n|poke|p2|Zacian-*|\n|poke|p2|Zamazenta-*|\n|poke|p2|Breloom, M|\n|teampreview\n|inactive|Battle timer is ON: inactive players will automatically lose when time's up. (requested by PyPixel)\n|\n|t:|1698876333\n|start\n|switch|p1a: Maushold|Maushold-Four, shiny|100\/100\n|switch|p2a: Breloom|Breloom, M|100\/100\n|turn|1\n|\n|t:|1698876339\n|move|p1a: Maushold|Tidy Up|p1a: Maushold\n|-boost|p1a: Maushold|atk|1\n|-boost|p1a: Maushold|spe|1\n|move|p2a: Breloom|Spore|p1a: Maushold\n|-status|p1a: Maushold|slp|[from] move: Spore\n|\n|-status|p2a: Breloom|tox|[from] item: Toxic Orb\n|upkeep\n|turn|2\n|\n|t:|1698876348\n|cant|p1a: Maushold|slp\n|move|p2a: Breloom|Leech Seed|p1a: Maushold|[miss]\n|-miss|p2a: Breloom|p1a: Maushold\n|\n|upkeep\n|turn|3\n|\n|t:|1698876353\n|cant|p1a: Maushold|slp\n|move|p2a: Breloom|Leech Seed|p1a: Maushold\n|-start|p1a: Maushold|move: Leech Seed\n|\n|-damage|p1a: Maushold|88\/100 slp|[from] Leech Seed|[of] p2a: Breloom\n|upkeep\n|turn|4\n|\n|t:|1698876359\n|cant|p1a: Maushold|slp\n|move|p2a: Breloom|Substitute|p2a: Breloom\n|-start|p2a: Breloom|Substitute\n|-damage|p2a: Breloom|76\/100 tox\n|\n|-damage|p1a: Maushold|76\/100 slp|[from] Leech Seed|[of] p2a: Breloom\n|-heal|p2a: Breloom|89\/100 tox|[silent]\n|-heal|p2a: Breloom|100\/100 tox|[from] ability: Poison Heal\n|upkeep\n|turn|5\n|\n|t:|1698876370\n|move|p2a: Breloom|Protect|p2a: Breloom\n|-singleturn|p2a: Breloom|Protect\n|-curestatus|p1a: Maushold|slp|[msg]\n|move|p1a: Maushold|Population Bomb|p2a: Breloom\n|-activate|p2a: Breloom|move: Protect\n|\n|-damage|p1a: Maushold|63\/100|[from] Leech Seed|[of] p2a: Breloom\n|upkeep\n|turn|6\n|\n|t:|1698876379\n|move|p1a: Maushold|Population Bomb|p2a: Breloom\n|-activate|p2a: Breloom|move: Substitute|[damage]\n|-end|p2a: Breloom|Substitute\n|-damage|p2a: Breloom|79\/100 tox\n|-damage|p2a: Breloom|58\/100 tox\n|-crit|p2a: Breloom\n|-damage|p2a: Breloom|30\/100 tox\n|-damage|p2a: Breloom|12\/100 tox\n|-damage|p2a: Breloom|0 fnt\n|faint|p2a: Breloom\n|-hitcount|p2: Breloom|7\n|\n|upkeep\n|\n|t:|1698876391\n|switch|p2a: Pawn|Glimmora, F|100\/100\n|turn|7\n|\n|t:|1698876397\n|move|p1a: Maushold|Population Bomb|p2a: Pawn\n|-resisted|p2a: Pawn\n|-damage|p2a: Pawn|92\/100\n|-activate|p2a: Pawn|ability: Toxic Debris\n|-sidestart|p1: CartierJr|move: Toxic Spikes\n|-resisted|p2a: Pawn\n|-damage|p2a: Pawn|84\/100\n|-activate|p2a: Pawn|ability: Toxic Debris\n|-sidestart|p1: CartierJr|move: Toxic Spikes\n|-resisted|p2a: Pawn\n|-damage|p2a: Pawn|75\/100\n|-resisted|p2a: Pawn\n|-damage|p2a: Pawn|67\/100\n|-resisted|p2a: Pawn\n|-damage|p2a: Pawn|58\/100\n|-resisted|p2a: Pawn\n|-damage|p2a: Pawn|50\/100\n|-hitcount|p2a: Pawn|6\n|move|p2a: Pawn|Stealth Rock|p1a: Maushold\n|-sidestart|p1: CartierJr|move: Stealth Rock\n|\n|-damage|p1a: Maushold|51\/100|[from] Leech Seed|[of] p2a: Pawn\n|-heal|p2a: Pawn|59\/100|[silent]\n|upkeep\n|turn|8\n|\n|t:|1698876417\n|move|p1a: Maushold|Tidy Up|p1a: Maushold\n|-sideend|p1: CartierJr|Toxic Spikes\n|-sideend|p1: CartierJr|Stealth Rock\n|-activate|p1a: Maushold|move: Tidy Up\n|-boost|p1a: Maushold|atk|1\n|-boost|p1a: Maushold|spe|1\n|move|p2a: Pawn|Mortal Spin|p1a: Maushold\n|-damage|p1a: Maushold|41\/100\n|-status|p1a: Maushold|psn\n|\n|-damage|p1a: Maushold|29\/100 psn|[from] Leech Seed|[of] p2a: Pawn\n|-heal|p2a: Pawn|69\/100|[silent]\n|-damage|p1a: Maushold|16\/100 psn|[from] psn\n|upkeep\n|turn|9\n|\n|t:|1698876430\n|move|p1a: Maushold|Population Bomb|p2a: Pawn\n|-resisted|p2a: Pawn\n|-damage|p2a: Pawn|58\/100\n|-activate|p2a: Pawn|ability: Toxic Debris\n|-sidestart|p1: CartierJr|move: Toxic Spikes\n|-resisted|p2a: Pawn\n|-damage|p2a: Pawn|47\/100\n|-activate|p2a: Pawn|ability: Toxic Debris\n|-sidestart|p1: CartierJr|move: Toxic Spikes\n|-resisted|p2a: Pawn\n|-damage|p2a: Pawn|36\/100\n|-resisted|p2a: Pawn\n|-damage|p2a: Pawn|25\/100\n|-resisted|p2a: Pawn\n|-damage|p2a: Pawn|14\/100\n|-resisted|p2a: Pawn\n|-damage|p2a: Pawn|3\/100\n|-resisted|p2a: Pawn\n|-damage|p2a: Pawn|0 fnt\n|faint|p2a: Pawn\n|-hitcount|p2: Pawn|7\n|\n|-damage|p1a: Maushold|4\/100 psn|[from] psn\n|upkeep\n|inactive|PyPixel has 120 seconds left.\n|\n|t:|1698876449\n|switch|p2a: Queen|Zamazenta-Crowned|100\/100\n|-ability|p2a: Queen|Dauntless Shield|boost\n|-boost|p2a: Queen|def|1\n|turn|10\n|\n|t:|1698876453\n|move|p2a: Queen|Quick Attack|p1a: Maushold\n|-damage|p1a: Maushold|0 fnt\n|faint|p1a: Maushold\n|\n|upkeep\n|\n|t:|1698876466\n|switch|p1a: Staraptor|Staraptor, M|100\/100\n|turn|11\n|\n|t:|1698876473\n|move|p1a: Staraptor|Close Combat|p2a: Queen\n|-supereffective|p2a: Queen\n|-damage|p2a: Queen|61\/100\n|-unboost|p1a: Staraptor|def|1\n|-unboost|p1a: Staraptor|spd|1\n|move|p2a: Queen|Roar|p1a: Staraptor\n|drag|p1a: Ditto|Ditto, shiny|100\/100\n|-status|p1a: Ditto|tox\n|-transform|p1a: Ditto|p2a: Queen|[from] ability: Imposter\n|-ability|p1a: Ditto|Dauntless Shield|boost\n|-boost|p1a: Ditto|def|1\n|\n|-damage|p1a: Ditto|94\/100 tox|[from] psn\n|upkeep\n|turn|12\n|\n|t:|1698876496\n|-terastallize|p1a: Ditto|Fairy\n|move|p1a: Ditto|Brick Break|p2a: Queen\n|-supereffective|p2a: Queen\n|-damage|p2a: Queen|30\/100\n|move|p2a: Queen|Roar|p1a: Ditto\n|drag|p1a: Wyrdeer|Wyrdeer, M|100\/100\n|-status|p1a: Wyrdeer|tox\n|-ability|p1a: Wyrdeer|Intimidate|boost\n|-unboost|p2a: Queen|atk|1\n|\n|-damage|p1a: Wyrdeer|94\/100 tox|[from] psn\n|upkeep\n|turn|13\n|\n|t:|1698876510\n|move|p2a: Queen|Behemoth Bash|p1a: Wyrdeer\n|-damage|p1a: Wyrdeer|66\/100 tox\n|move|p1a: Wyrdeer|Earth Power|p2a: Queen\n|-supereffective|p2a: Queen\n|-damage|p2a: Queen|0 fnt\n|faint|p2a: Queen\n|\n|-damage|p1a: Wyrdeer|53\/100 tox|[from] psn\n|upkeep\n|\n|t:|1698876521\n|switch|p2a: Decoy|Calyrex-Shadow|100\/100\n|-ability|p2a: Decoy|As One\n|-ability|p2a: Decoy|Unnerve\n|turn|14\n|\n|t:|1698876528\n|move|p2a: Decoy|Leech Seed|p1a: Wyrdeer\n|-start|p1a: Wyrdeer|move: Leech Seed\n|move|p1a: Wyrdeer|Calm Mind|p1a: Wyrdeer\n|-boost|p1a: Wyrdeer|spa|1\n|-boost|p1a: Wyrdeer|spd|1\n|\n|-damage|p1a: Wyrdeer|41\/100 tox|[from] Leech Seed|[of] p2a: Decoy\n|-damage|p1a: Wyrdeer|23\/100 tox|[from] psn\n|upkeep\n|turn|15\n|\n|t:|1698876546\n|move|p2a: Decoy|Encore|p1a: Wyrdeer\n|-start|p1a: Wyrdeer|Encore\n|move|p1a: Wyrdeer|Calm Mind|p1a: Wyrdeer\n|-boost|p1a: Wyrdeer|spa|1\n|-boost|p1a: Wyrdeer|spd|1\n|\n|-damage|p1a: Wyrdeer|10\/100 tox|[from] Leech Seed|[of] p2a: Decoy\n|-damage|p1a: Wyrdeer|0 fnt|[from] psn\n|faint|p1a: Wyrdeer\n|upkeep\n|inactive|CartierJr has 120 seconds left.\n|\n|t:|1698876573\n|switch|p1a: Ursaluna|Ursaluna, M, shiny|100\/100\n|-status|p1a: Ursaluna|tox\n|turn|16\n|inactive|CartierJr has 120 seconds left.\n|inactive|PyPixel has 120 seconds left.\n|\n|t:|1698876615\n|move|p2a: Decoy|Leech Seed|p1a: Ursaluna\n|-start|p1a: Ursaluna|move: Leech Seed\n|move|p1a: Ursaluna|Earthquake|p2a: Decoy\n|-damage|p2a: Decoy|0 fnt\n|faint|p2a: Decoy\n|\n|-damage|p1a: Ursaluna|94\/100 tox|[from] psn\n|upkeep\n|\n|t:|1698876623\n|switch|p2a: Rook|Dragapult, M|100\/100\n|turn|17\n|inactive|CartierJr has 120 seconds left.\n|\n|t:|1698876629\n|move|p2a: Rook|Dragon Darts|p1a: Ursaluna\n|-damage|p1a: Ursaluna|78\/100 tox\n|-anim|p2a: Rook|Dragon Darts|p1a: Ursaluna\n|-damage|p1a: Ursaluna|60\/100 tox\n|move|p1a: Ursaluna|Earthquake|p2a: Rook\n|-damage|p2a: Rook|0 fnt\n|faint|p2a: Rook\n|\n|-damage|p1a: Ursaluna|47\/100 tox|[from] psn\n|upkeep\n|\n|t:|1698876638\n|switch|p2a: King|Zacian-Crowned|100\/100\n|-ability|p2a: King|Intrepid Sword|boost\n|-boost|p2a: King|atk|1\n|turn|18\n|\n|t:|1698876644\n|move|p2a: King|Behemoth Blade|p1a: Ursaluna\n|-crit|p1a: Ursaluna\n|-damage|p1a: Ursaluna|0 fnt\n|faint|p1a: Ursaluna\n|\n|upkeep\n|\n|t:|1698876652\n|switch|p1a: Arboliva|Arboliva, F|100\/100\n|-status|p1a: Arboliva|tox\n|turn|19\n|\n|t:|1698876660\n|move|p2a: King|Behemoth Blade|p1a: Arboliva\n|-damage|p1a: Arboliva|34\/100 tox\n|-fieldstart|move: Grassy Terrain|[from] ability: Seed Sower|[of] p1a: Arboliva\n|move|p1a: Arboliva|Strength Sap|p2a: King\n|-unboost|p2a: King|atk|1\n|-heal|p1a: Arboliva|100\/100 tox\n|\n|-damage|p1a: Arboliva|94\/100 tox|[from] psn\n|upkeep\n|turn|20\n|\n|t:|1698876671\n|move|p2a: King|Behemoth Blade|p1a: Arboliva\n|-damage|p1a: Arboliva|50\/100 tox\n|move|p1a: Arboliva|Leech Seed|p2a: King\n|-start|p2a: King|move: Leech Seed\n|\n|-heal|p1a: Arboliva|56\/100 tox|[from] Grassy Terrain\n|-heal|p1a: Arboliva|62\/100 tox|[from] item: Leftovers\n|-damage|p2a: King|88\/100|[from] Leech Seed|[of] p1a: Arboliva\n|-heal|p1a: Arboliva|74\/100 tox|[silent]\n|-damage|p1a: Arboliva|61\/100 tox|[from] psn\n|upkeep\n|turn|21\n|\n|t:|1698876682\n|move|p1a: Arboliva|Protect|p1a: Arboliva\n|-singleturn|p1a: Arboliva|Protect\n|move|p2a: King|Behemoth Blade|p1a: Arboliva\n|-activate|p1a: Arboliva|move: Protect\n|\n|-heal|p2a: King|94\/100|[from] Grassy Terrain\n|-heal|p1a: Arboliva|67\/100 tox|[from] Grassy Terrain\n|-heal|p1a: Arboliva|74\/100 tox|[from] item: Leftovers\n|-damage|p2a: King|82\/100|[from] Leech Seed|[of] p1a: Arboliva\n|-heal|p1a: Arboliva|85\/100 tox|[silent]\n|-damage|p1a: Arboliva|66\/100 tox|[from] psn\n|upkeep\n|turn|22\n|\n|t:|1698876695\n|move|p2a: King|Behemoth Blade|p1a: Arboliva\n|-damage|p1a: Arboliva|27\/100 tox\n|move|p1a: Arboliva|Strength Sap|p2a: King\n|-unboost|p2a: King|atk|1\n|-heal|p1a: Arboliva|100\/100 tox\n|\n|-heal|p2a: King|88\/100|[from] Grassy Terrain\n|-damage|p2a: King|76\/100|[from] Leech Seed|[of] p1a: Arboliva\n|-damage|p1a: Arboliva|76\/100 tox|[from] psn\n|upkeep\n|turn|23\n|inactive|PyPixel has 120 seconds left.\n|\n|t:|1698876733\n|move|p2a: King|Behemoth Blade|p1a: Arboliva\n|-damage|p1a: Arboliva|47\/100 tox\n|move|p1a: Arboliva|Earth Power|p2a: King\n|-supereffective|p2a: King\n|-damage|p2a: King|31\/100\n|\n|-heal|p2a: King|37\/100|[from] Grassy Terrain\n|-heal|p1a: Arboliva|54\/100 tox|[from] Grassy Terrain\n|-heal|p1a: Arboliva|60\/100 tox|[from] item: Leftovers\n|-damage|p2a: King|25\/100|[from] Leech Seed|[of] p1a: Arboliva\n|-heal|p1a: Arboliva|71\/100 tox|[silent]\n|-damage|p1a: Arboliva|40\/100 tox|[from] psn\n|-fieldend|move: Grassy Terrain\n|upkeep\n|turn|24\n|-message|PyPixel forfeited.\n|\n|win|CartierJr\n|raw|CartierJr's rating: 1255 &rarr; <strong>1285<\/strong><br \/>(+30 for winning)\n|raw|PyPixel's rating: 1326 &rarr; <strong>1302<\/strong><br \/>(-24 for losing)\n|l|\u2606PyPixel\n","uploadtime":1698876756,"views":6,"p1id":"cartierjr","p2id":"pypixel","formatid":"gen9anythinggoes","rating":1285,"private":0,"password":""}