{"id":"gen9anythinggoes-1999062028","p1":"phi1osoph0s","p2":"pat2bennett","format":"[Gen 9] Anything Goes","log":"|j|\u2606phi1osoph0s\n|j|\u2606pat2bennett\n|t:|1701029081\n|gametype|singles\n|player|p1|phi1osoph0s|blackbelt-gen4dp|\n|player|p2|pat2bennett|rocketgrunt|\n|teamsize|p1|6\n|teamsize|p2|6\n|gen|9\n|tier|[Gen 9] Anything Goes\n|rule|HP Percentage Mod: HP is shown in percentages\n|rule|Endless Battle Clause: Forcing endless battles is banned\n|clearpoke\n|poke|p1|Toxapex, F|\n|poke|p1|Sneasler, F|\n|poke|p1|Cinderace, M|\n|poke|p1|Gardevoir, F|\n|poke|p1|Jolteon, M|\n|poke|p1|Hydreigon, F|\n|poke|p2|Baxcalibur, F|\n|poke|p2|Corviknight, M|\n|poke|p2|Rillaboom, M|\n|poke|p2|Weezing, F|\n|poke|p2|Cloyster, M|\n|poke|p2|Hatterene, F|\n|teampreview\n|\n|t:|1701029105\n|start\n|switch|p1a: Toxapex|Toxapex, F|100\/100\n|switch|p2a: Rillaboom|Rillaboom, M|100\/100\n|-fieldstart|move: Grassy Terrain|[from] ability: Grassy Surge|[of] p2a: Rillaboom\n|turn|1\n|\n|t:|1701029137\n|move|p2a: Rillaboom|U-turn|p1a: Toxapex\n|-resisted|p1a: Toxapex\n|-damage|p1a: Toxapex|92\/100\n|\n|t:|1701029155\n|switch|p2a: Baxcalibur|Baxcalibur, F|100\/100|[from] U-turn\n|move|p1a: Toxapex|Toxic|p2a: Baxcalibur\n|-status|p2a: Baxcalibur|tox\n|\n|-heal|p1a: Toxapex|99\/100|[from] Grassy Terrain\n|-heal|p1a: Toxapex|100\/100|[from] item: Leftovers\n|-damage|p2a: Baxcalibur|94\/100 tox|[from] psn\n|upkeep\n|turn|2\n|\n|t:|1701029177\n|move|p1a: Toxapex|Protect|p1a: Toxapex\n|-singleturn|p1a: Toxapex|Protect\n|move|p2a: Baxcalibur|Earthquake|p1a: Toxapex\n|-activate|p1a: Toxapex|move: Protect\n|\n|-heal|p2a: Baxcalibur|100\/100 tox|[from] Grassy Terrain\n|-damage|p2a: Baxcalibur|88\/100 tox|[from] psn\n|upkeep\n|turn|3\n|\n|t:|1701029197\n|move|p2a: Baxcalibur|Earthquake|p1a: Toxapex\n|-supereffective|p1a: Toxapex\n|-damage|p1a: Toxapex|74\/100\n|move|p1a: Toxapex|Surf|p2a: Baxcalibur\n|-resisted|p2a: Baxcalibur\n|-crit|p2a: Baxcalibur\n|-damage|p2a: Baxcalibur|74\/100 tox\n|\n|-heal|p2a: Baxcalibur|80\/100 tox|[from] Grassy Terrain\n|-heal|p1a: Toxapex|80\/100|[from] Grassy Terrain\n|-heal|p1a: Toxapex|86\/100|[from] item: Leftovers\n|-damage|p2a: Baxcalibur|61\/100 tox|[from] psn\n|upkeep\n|turn|4\n|\n|t:|1701029239\n|switch|p1a: Hydreigon|Hydreigon, F|100\/100\n|move|p2a: Baxcalibur|Earthquake|p1a: Hydreigon\n|-immune|p1a: Hydreigon|[from] ability: Levitate\n|\n|-heal|p2a: Baxcalibur|67\/100 tox|[from] Grassy Terrain\n|-damage|p2a: Baxcalibur|43\/100 tox|[from] psn\n|upkeep\n|turn|5\n|\n|t:|1701029268\n|move|p1a: Hydreigon|Draco Meteor|p2a: Baxcalibur\n|-supereffective|p2a: Baxcalibur\n|-damage|p2a: Baxcalibur|0 fnt\n|-unboost|p1a: Hydreigon|spa|2\n|faint|p2a: Baxcalibur\n|\n|upkeep\n|\n|t:|1701029277\n|switch|p2a: Hatterene|Hatterene, F|100\/100\n|turn|6\n|\n|t:|1701029316\n|switch|p1a: Toxapex|Toxapex, F|100\/100\n|move|p2a: Hatterene|Psyshock|p1a: Toxapex\n|-supereffective|p1a: Toxapex\n|-damage|p1a: Toxapex|43\/100\n|-damage|p2a: Hatterene|91\/100|[from] item: Life Orb\n|\n|-heal|p1a: Toxapex|50\/100|[from] Grassy Terrain\n|-heal|p1a: Toxapex|56\/100|[from] item: Leftovers\n|-heal|p2a: Hatterene|97\/100|[from] Grassy Terrain\n|upkeep\n|turn|7\n|\n|t:|1701029345\n|switch|p1a: Gardevoir|Gardevoir, F|100\/100\n|switch|p2a: Weezing|Weezing, F|100\/100\n|\n|upkeep\n|turn|8\n|\n|t:|1701029402\n|-terastallize|p2a: Weezing|Fire\n|move|p1a: Gardevoir|Mystical Fire|p2a: Weezing\n|-resisted|p2a: Weezing\n|-damage|p2a: Weezing|82\/100\n|-unboost|p2a: Weezing|spa|1\n|move|p2a: Weezing|Toxic|p1a: Gardevoir\n|-status|p1a: Gardevoir|tox\n|-activate|p1a: Gardevoir|ability: Synchronize\n|-status|p2a: Weezing|tox\n|\n|-damage|p2a: Weezing|70\/100 tox|[from] item: Black Sludge\n|-damage|p1a: Gardevoir|94\/100 tox|[from] psn\n|-damage|p2a: Weezing|64\/100 tox|[from] psn\n|-fieldend|move: Grassy Terrain\n|upkeep\n|turn|9\n|\n|t:|1701029440\n|switch|p1a: Cinderace|Cinderace, M|100\/100\n|move|p2a: Weezing|Sludge Bomb|p1a: Cinderace\n|-damage|p1a: Cinderace|75\/100\n|-status|p1a: Cinderace|psn\n|\n|-damage|p2a: Weezing|52\/100 tox|[from] item: Black Sludge\n|-damage|p1a: Cinderace|62\/100 psn|[from] psn\n|-damage|p2a: Weezing|40\/100 tox|[from] psn\n|upkeep\n|turn|10\n|\n|t:|1701029457\n|move|p1a: Cinderace|Sucker Punch||[still]\n|-fail|p1a: Cinderace\n|move|p2a: Weezing|Pain Split|p1a: Cinderace\n|-sethp|p1a: Cinderace|53\/100 psn|[from] move: Pain Split|[silent]\n|-sethp|p2a: Weezing|48\/100 tox|[from] move: Pain Split\n|\n|-damage|p2a: Weezing|36\/100 tox|[from] item: Black Sludge\n|-damage|p1a: Cinderace|41\/100 psn|[from] psn\n|-damage|p2a: Weezing|18\/100 tox|[from] psn\n|upkeep\n|turn|11\n|j| Midnightz_Trace\n|l| Midnightz_Trace\n|\n|t:|1701029469\n|move|p1a: Cinderace|U-turn|p2a: Weezing\n|-start|p1a: Cinderace|typechange|Bug|[from] ability: Libero\n|-resisted|p2a: Weezing\n|-damage|p2a: Weezing|3\/100 tox\n|\n|t:|1701029477\n|switch|p1a: Toxapex|Toxapex, F|89\/100|[from] U-turn\n|move|p2a: Weezing|Pain Split|p1a: Toxapex\n|-sethp|p1a: Toxapex|46\/100|[from] move: Pain Split|[silent]\n|-sethp|p2a: Weezing|42\/100 tox|[from] move: Pain Split\n|\n|-damage|p2a: Weezing|30\/100 tox|[from] item: Black Sludge\n|-heal|p1a: Toxapex|52\/100|[from] item: Leftovers\n|-damage|p2a: Weezing|6\/100 tox|[from] psn\n|upkeep\n|turn|12\n|\n|t:|1701029492\n|move|p2a: Weezing|Pain Split|p1a: Toxapex\n|-sethp|p1a: Toxapex|29\/100|[from] move: Pain Split|[silent]\n|-sethp|p2a: Weezing|27\/100 tox|[from] move: Pain Split\n|move|p1a: Toxapex|Recover|p1a: Toxapex\n|-heal|p1a: Toxapex|79\/100\n|\n|-damage|p2a: Weezing|15\/100 tox|[from] item: Black Sludge\n|-heal|p1a: Toxapex|86\/100|[from] item: Leftovers\n|-damage|p2a: Weezing|0 fnt|[from] psn\n|faint|p2a: Weezing\n|upkeep\n|\n|t:|1701029514\n|switch|p2a: Hatterene|Hatterene, F|97\/100\n|turn|13\n|\n|t:|1701029527\n|switch|p1a: Gardevoir|Gardevoir, F|94\/100 tox\n|move|p2a: Hatterene|Psyshock|p1a: Gardevoir\n|-resisted|p1a: Gardevoir\n|-damage|p1a: Gardevoir|52\/100 tox\n|-damage|p2a: Hatterene|87\/100|[from] item: Life Orb\n|\n|-damage|p1a: Gardevoir|46\/100 tox|[from] psn\n|upkeep\n|turn|14\n|\n|t:|1701029543\n|move|p1a: Gardevoir|Mystical Fire|p2a: Hatterene\n|-crit|p2a: Hatterene\n|-damage|p2a: Hatterene|46\/100\n|-unboost|p2a: Hatterene|spa|1\n|move|p2a: Hatterene|Draining Kiss|p1a: Gardevoir\n|-damage|p1a: Gardevoir|25\/100 tox\n|-heal|p2a: Hatterene|60\/100|[from] drain|[of] p1a: Gardevoir\n|-damage|p2a: Hatterene|50\/100|[from] item: Life Orb\n|\n|-damage|p1a: Gardevoir|12\/100 tox|[from] psn\n|upkeep\n|turn|15\n|\n|t:|1701029578\n|switch|p1a: Sneasler|Sneasler, F|100\/100\n|-item|p1a: Sneasler|Air Balloon\n|switch|p2a: Cloyster|Cloyster, M|100\/100\n|\n|upkeep\n|turn|16\n|\n|t:|1701029599\n|move|p1a: Sneasler|Swords Dance|p1a: Sneasler\n|-boost|p1a: Sneasler|atk|2\n|move|p2a: Cloyster|Shell Smash|p2a: Cloyster\n|-unboost|p2a: Cloyster|def|1\n|-unboost|p2a: Cloyster|spd|1\n|-boost|p2a: Cloyster|atk|2\n|-boost|p2a: Cloyster|spa|2\n|-boost|p2a: Cloyster|spe|2\n|-enditem|p2a: Cloyster|White Herb\n|-clearnegativeboost|p2a: Cloyster|[silent]\n|\n|upkeep\n|turn|17\n|\n|t:|1701029622\n|move|p2a: Cloyster|Icicle Spear|p1a: Sneasler\n|-damage|p1a: Sneasler|62\/100\n|-enditem|p1a: Sneasler|Air Balloon\n|-damage|p1a: Sneasler|20\/100\n|-damage|p1a: Sneasler|0 fnt\n|faint|p1a: Sneasler\n|-hitcount|p1: Sneasler|3\n|\n|upkeep\n|c|\u2606phi1osoph0s|oh damn, didn't expect that lol\n|\n|t:|1701029650\n|switch|p1a: Cinderace|Cinderace, M|41\/100 psn\n|turn|18\n|c|\u2606pat2bennett|I'll take what I can get haha\n|\n|t:|1701029661\n|move|p2a: Cloyster|Liquidation|p1a: Cinderace\n|-supereffective|p1a: Cinderace\n|-damage|p1a: Cinderace|0 fnt\n|faint|p1a: Cinderace\n|\n|upkeep\n|\n|t:|1701029673\n|switch|p1a: Toxapex|Toxapex, F|100\/100\n|turn|19\n|\n|t:|1701029683\n|move|p2a: Cloyster|Rock Blast|p1a: Toxapex\n|-damage|p1a: Toxapex|90\/100\n|-damage|p1a: Toxapex|80\/100\n|-damage|p1a: Toxapex|71\/100\n|-damage|p1a: Toxapex|60\/100\n|-damage|p1a: Toxapex|50\/100\n|-hitcount|p1a: Toxapex|5\n|move|p1a: Toxapex|Toxic|p2a: Cloyster\n|-status|p2a: Cloyster|tox\n|\n|-heal|p1a: Toxapex|57\/100|[from] item: Leftovers\n|-damage|p2a: Cloyster|94\/100 tox|[from] psn\n|upkeep\n|turn|20\n|\n|t:|1701029703\n|move|p1a: Toxapex|Protect|p1a: Toxapex\n|-singleturn|p1a: Toxapex|Protect\n|move|p2a: Cloyster|Rock Blast|p1a: Toxapex\n|-activate|p1a: Toxapex|move: Protect\n|\n|-heal|p1a: Toxapex|63\/100|[from] item: Leftovers\n|-damage|p2a: Cloyster|82\/100 tox|[from] psn\n|upkeep\n|turn|21\n|\n|t:|1701029717\n|move|p2a: Cloyster|Rock Blast|p1a: Toxapex\n|-damage|p1a: Toxapex|53\/100\n|-damage|p1a: Toxapex|44\/100\n|-damage|p1a: Toxapex|34\/100\n|-damage|p1a: Toxapex|25\/100\n|-damage|p1a: Toxapex|14\/100\n|-hitcount|p1a: Toxapex|5\n|move|p1a: Toxapex|Recover|p1a: Toxapex\n|-heal|p1a: Toxapex|64\/100\n|\n|-heal|p1a: Toxapex|70\/100|[from] item: Leftovers\n|-damage|p2a: Cloyster|63\/100 tox|[from] psn\n|upkeep\n|turn|22\n|\n|t:|1701029734\n|move|p1a: Toxapex|Protect|p1a: Toxapex\n|-singleturn|p1a: Toxapex|Protect\n|move|p2a: Cloyster|Rock Blast|p1a: Toxapex\n|-activate|p1a: Toxapex|move: Protect\n|\n|-heal|p1a: Toxapex|76\/100|[from] item: Leftovers\n|-damage|p2a: Cloyster|38\/100 tox|[from] psn\n|upkeep\n|turn|23\n|c|\u2606pat2bennett|dang didn't think you'd get it off\n|c|\u2606phi1osoph0s|you kinda have me on my back foot, I don't have much of an option to play-- wasn't expecting a Cloyster to end up a sweeper haha\n|\n|t:|1701029804\n|move|p2a: Cloyster|Rock Blast|p1a: Toxapex\n|-damage|p1a: Toxapex|66\/100\n|-damage|p1a: Toxapex|56\/100\n|-damage|p1a: Toxapex|47\/100\n|-damage|p1a: Toxapex|38\/100\n|-damage|p1a: Toxapex|28\/100\n|-hitcount|p1a: Toxapex|5\n|move|p1a: Toxapex|Recover|p1a: Toxapex\n|-heal|p1a: Toxapex|78\/100\n|\n|-heal|p1a: Toxapex|84\/100|[from] item: Leftovers\n|-damage|p2a: Cloyster|7\/100 tox|[from] psn\n|upkeep\n|turn|24\n|\n|t:|1701029823\n|switch|p2a: Hatterene|Hatterene, F|50\/100\n|move|p1a: Toxapex|Protect||[still]\n|-fail|p1a: Toxapex\n|\n|-heal|p1a: Toxapex|90\/100|[from] item: Leftovers\n|upkeep\n|turn|25\n|\n|t:|1701029849\n|move|p1a: Toxapex|Toxic|p2a: Hatterene\n|move|p2a: Hatterene|Toxic|p1a: Toxapex|[from]ability: Magic Bounce\n|-immune|p1a: Toxapex\n|move|p2a: Hatterene|Psyshock|p1a: Toxapex\n|-supereffective|p1a: Toxapex\n|-damage|p1a: Toxapex|34\/100\n|-damage|p2a: Hatterene|41\/100|[from] item: Life Orb\n|\n|-heal|p1a: Toxapex|40\/100|[from] item: Leftovers\n|upkeep\n|turn|26\n|\n|t:|1701029877\n|move|p1a: Toxapex|Protect|p1a: Toxapex\n|-singleturn|p1a: Toxapex|Protect\n|move|p2a: Hatterene|Draining Kiss|p1a: Toxapex\n|-activate|p1a: Toxapex|move: Protect\n|\n|-heal|p1a: Toxapex|46\/100|[from] item: Leftovers\n|upkeep\n|turn|27\n|c|\u2606pat2bennett|Your toxapex is brutal\n|\n|t:|1701029916\n|switch|p1a: Jolteon|Jolteon, M|100\/100\n|move|p2a: Hatterene|Draining Kiss|p1a: Jolteon\n|-damage|p1a: Jolteon|64\/100\n|-heal|p2a: Hatterene|64\/100|[from] drain|[of] p1a: Jolteon\n|-damage|p2a: Hatterene|54\/100|[from] item: Life Orb\n|\n|upkeep\n|turn|28\n|\n|t:|1701029946\n|move|p1a: Jolteon|Calm Mind|p1a: Jolteon\n|-boost|p1a: Jolteon|spa|1\n|-boost|p1a: Jolteon|spd|1\n|move|p2a: Hatterene|Psyshock|p1a: Jolteon\n|-damage|p1a: Jolteon|0 fnt\n|faint|p1a: Jolteon\n|-damage|p2a: Hatterene|45\/100|[from] item: Life Orb\n|\n|upkeep\n|\n|t:|1701029971\n|switch|p1a: Gardevoir|Gardevoir, F|12\/100 tox\n|turn|29\n|\n|t:|1701029985\n|move|p1a: Gardevoir|Mystical Fire|p2a: Hatterene\n|-damage|p2a: Hatterene|16\/100\n|-unboost|p2a: Hatterene|spa|1\n|move|p2a: Hatterene|Calm Mind|p2a: Hatterene\n|-boost|p2a: Hatterene|spa|1\n|-boost|p2a: Hatterene|spd|1\n|\n|-damage|p1a: Gardevoir|6\/100 tox|[from] psn\n|upkeep\n|turn|30\n|\n|t:|1701029995\n|move|p1a: Gardevoir|Mystical Fire|p2a: Hatterene\n|-damage|p2a: Hatterene|0 fnt\n|faint|p2a: Hatterene\n|\n|-damage|p1a: Gardevoir|0 fnt|[from] psn\n|faint|p1a: Gardevoir\n|upkeep\n|c|\u2606pat2bennett|dang\n|\n|t:|1701030019\n|switch|p1a: Hydreigon|Hydreigon, F|100\/100\n|switch|p2a: Cloyster|Cloyster, M|7\/100 tox\n|turn|31\n|\n|t:|1701030027\n|move|p1a: Hydreigon|U-turn|p2a: Cloyster\n|-damage|p2a: Cloyster|0 fnt\n|faint|p2a: Cloyster\n|\n|t:|1701030030\n|switch|p1a: Toxapex|Toxapex, F|79\/100|[from] U-turn\n|\n|-heal|p1a: Toxapex|86\/100|[from] item: Leftovers\n|upkeep\n|\n|t:|1701030048\n|switch|p2a: Rillaboom|Rillaboom, M|100\/100\n|-fieldstart|move: Grassy Terrain|[from] ability: Grassy Surge|[of] p2a: Rillaboom\n|turn|32\n|\n|t:|1701030056\n|move|p2a: Rillaboom|Grassy Glide|p1a: Toxapex\n|-damage|p1a: Toxapex|62\/100\n|move|p1a: Toxapex|Toxic|p2a: Rillaboom\n|-status|p2a: Rillaboom|tox\n|\n|-heal|p1a: Toxapex|68\/100|[from] Grassy Terrain\n|-heal|p1a: Toxapex|74\/100|[from] item: Leftovers\n|-damage|p2a: Rillaboom|94\/100 tox|[from] psn\n|upkeep\n|turn|33\n|\n|t:|1701030071\n|move|p1a: Toxapex|Protect|p1a: Toxapex\n|-singleturn|p1a: Toxapex|Protect\n|move|p2a: Rillaboom|Knock Off|p1a: Toxapex\n|-activate|p1a: Toxapex|move: Protect\n|\n|-heal|p2a: Rillaboom|100\/100 tox|[from] Grassy Terrain\n|-heal|p1a: Toxapex|80\/100|[from] Grassy Terrain\n|-heal|p1a: Toxapex|87\/100|[from] item: Leftovers\n|-damage|p2a: Rillaboom|88\/100 tox|[from] psn\n|upkeep\n|turn|34\n|\n|t:|1701030088\n|switch|p1a: Hydreigon|Hydreigon, F|100\/100\n|move|p2a: Rillaboom|Knock Off|p1a: Hydreigon\n|-resisted|p1a: Hydreigon\n|-damage|p1a: Hydreigon|81\/100\n|-enditem|p1a: Hydreigon|Choice Specs|[from] move: Knock Off|[of] p2a: Rillaboom\n|\n|-heal|p2a: Rillaboom|94\/100 tox|[from] Grassy Terrain\n|-damage|p2a: Rillaboom|76\/100 tox|[from] psn\n|upkeep\n|turn|35\n|\n|t:|1701030105\n|move|p2a: Rillaboom|Grassy Glide|p1a: Hydreigon\n|-resisted|p1a: Hydreigon\n|-damage|p1a: Hydreigon|56\/100\n|move|p1a: Hydreigon|Flamethrower|p2a: Rillaboom\n|-supereffective|p2a: Rillaboom\n|-damage|p2a: Rillaboom|10\/100 tox\n|\n|-heal|p2a: Rillaboom|16\/100 tox|[from] Grassy Terrain\n|-damage|p2a: Rillaboom|0 fnt|[from] psn\n|faint|p2a: Rillaboom\n|upkeep\n|\n|t:|1701030116\n|switch|p2a: Corviknight|Corviknight, M|100\/100\n|-ability|p2a: Corviknight|Pressure\n|turn|36\n|\n|t:|1701030137\n|move|p1a: Hydreigon|Flamethrower|p2a: Corviknight\n|-supereffective|p2a: Corviknight\n|-damage|p2a: Corviknight|45\/100\n|move|p2a: Corviknight|Brave Bird|p1a: Hydreigon\n|-damage|p1a: Hydreigon|11\/100\n|-damage|p2a: Corviknight|33\/100|[from] Recoil\n|\n|-heal|p2a: Corviknight|39\/100|[from] item: Leftovers\n|upkeep\n|turn|37\n|\n|t:|1701030157\n|move|p1a: Hydreigon|Flamethrower|p2a: Corviknight\n|-supereffective|p2a: Corviknight\n|-damage|p2a: Corviknight|0 fnt\n|faint|p2a: Corviknight\n|\n|win|phi1osoph0s\n|c|\u2606pat2bennett|gg\n|c|\u2606phi1osoph0s|whew, gg\n|c|\u2606phi1osoph0s|you had me on the back foot, wasn't going to be able to stall if just with toxapex haha\n","uploadtime":1701030181,"views":32,"p1id":"phi1osoph0s","p2id":"pat2bennett","formatid":"gen9anythinggoes","rating":0,"private":0,"password":""}