{"id":"gen9anythinggoes-1984251079","p1":"Tricerophocles","p2":"Infinitepi","format":"[Gen 9] Anything Goes","log":"|j|\u2606Tricerophocles\n|j|\u2606Infinitepi\n|t:|1699235089\n|gametype|singles\n|player|p1|Tricerophocles|guitarist-gen4|\n|player|p2|Infinitepi|265|\n|teamsize|p1|6\n|teamsize|p2|6\n|gen|9\n|tier|[Gen 9] Anything Goes\n|rule|HP Percentage Mod: HP is shown in percentages\n|rule|Endless Battle Clause: Forcing endless battles is banned\n|clearpoke\n|poke|p1|Drednaw, M|\n|poke|p1|Ogerpon-Cornerstone, F|\n|poke|p1|Glimmora, F|\n|poke|p1|Tyranitar, M|\n|poke|p1|Garganacl, M|\n|poke|p1|Coalossal, M|\n|poke|p2|Indeedee, M|\n|poke|p2|Gengar, M|\n|poke|p2|Scizor, M|\n|poke|p2|Iron Bundle|\n|poke|p2|Stonjourner, M|\n|poke|p2|Flapple, F|\n|teampreview\n|\n|t:|1699235154\n|start\n|switch|p1a: Ogerpon|Ogerpon-Cornerstone, F|100\/100\n|switch|p2a: Indeedee|Indeedee, M|100\/100\n|-fieldstart|move: Psychic Terrain|[from] ability: Psychic Surge|[of] p2a: Indeedee\n|turn|1\n|\n|t:|1699235180\n|switch|p2a: Scizor|Scizor, M|100\/100\n|move|p1a: Ogerpon|Taunt|p2a: Scizor\n|-start|p2a: Scizor|move: Taunt\n|\n|upkeep\n|turn|2\n|\n|t:|1699235189\n|switch|p1a: Coalossal|Coalossal, M, shiny|100\/100\n|move|p2a: Scizor|U-turn|p1a: Coalossal\n|-resisted|p1a: Coalossal\n|-damage|p1a: Coalossal|89\/100\n|\n|t:|1699235201\n|switch|p2a: Indeedee|Indeedee, M|100\/100|[from] U-turn\n|\n|upkeep\n|turn|3\n|\n|t:|1699235206\n|move|p2a: Indeedee|Gravity|p2a: Indeedee\n|-fieldstart|move: Gravity\n|move|p1a: Coalossal|Spikes|p2a: Indeedee\n|-sidestart|p2: Infinitepi|Spikes\n|\n|upkeep\n|turn|4\n|\n|t:|1699235218\n|switch|p2a: Flapple|Flapple, F|100\/100\n|-damage|p2a: Flapple|88\/100|[from] Spikes\n|move|p1a: Coalossal|Spikes|p2a: Flapple\n|-sidestart|p2: Infinitepi|Spikes\n|\n|upkeep\n|turn|5\n|\n|t:|1699235252\n|switch|p1a: Drednaw|Drednaw, M, shiny|100\/100\n|move|p2a: Flapple|Grav Apple|p1a: Drednaw\n|-supereffective|p1a: Drednaw\n|-enditem|p1a: Drednaw|Focus Sash\n|-damage|p1a: Drednaw|1\/100\n|-unboost|p1a: Drednaw|def|1\n|\n|-fieldend|move: Psychic Terrain\n|upkeep\n|turn|6\n|\n|t:|1699235268\n|move|p2a: Flapple|Grav Apple|p1a: Drednaw\n|-supereffective|p1a: Drednaw\n|-damage|p1a: Drednaw|0 fnt\n|faint|p1a: Drednaw\n|\n|upkeep\n|\n|t:|1699235281\n|switch|p1a: Glimmora|Glimmora, F|100\/100\n|turn|7\n|\n|t:|1699235287\n|-terastallize|p1a: Glimmora|Grass\n|move|p2a: Flapple|Grav Apple|p1a: Glimmora\n|-resisted|p1a: Glimmora\n|-damage|p1a: Glimmora|35\/100\n|-unboost|p1a: Glimmora|def|1\n|-activate|p1a: Glimmora|ability: Toxic Debris\n|-sidestart|p2: Infinitepi|move: Toxic Spikes\n|move|p1a: Glimmora|Sludge Bomb|p2a: Flapple\n|-supereffective|p2a: Flapple\n|-damage|p2a: Flapple|0 fnt\n|faint|p2a: Flapple\n|\n|-fieldend|move: Gravity\n|upkeep\n|\n|t:|1699235299\n|switch|p2a: Scizor|Scizor, M|100\/100\n|-damage|p2a: Scizor|84\/100|[from] Spikes\n|turn|8\n|\n|t:|1699235315\n|switch|p1a: Garganacl|Garganacl, M, shiny|100\/100\n|move|p2a: Scizor|Defog|p1a: Garganacl\n|-unboost|p1a: Garganacl|evasion|1\n|-sideend|p2: Infinitepi|Spikes|[from] move: Defog|[of] p2a: Scizor\n|-sideend|p2: Infinitepi|Toxic Spikes|[from] move: Defog|[of] p2a: Scizor\n|\n|-heal|p2a: Scizor|90\/100|[from] item: Leftovers\n|upkeep\n|turn|9\n|\n|t:|1699235329\n|move|p2a: Scizor|Knock Off|p1a: Garganacl\n|-damage|p1a: Garganacl|81\/100\n|-enditem|p1a: Garganacl|Leftovers|[from] move: Knock Off|[of] p2a: Scizor\n|move|p1a: Garganacl|Salt Cure|p2a: Scizor\n|-damage|p2a: Scizor|77\/100\n|-start|p2a: Scizor|Salt Cure\n|\n|-heal|p2a: Scizor|83\/100|[from] item: Leftovers\n|-damage|p2a: Scizor|58\/100|[from] Salt Cure\n|upkeep\n|turn|10\n|\n|t:|1699235352\n|move|p2a: Scizor|U-turn|p1a: Garganacl\n|-damage|p1a: Garganacl|59\/100\n|\n|t:|1699235357\n|switch|p2a: Stonjourner|Stonjourner, M|100\/100|[from] U-turn\n|move|p1a: Garganacl|Iron Defense|p1a: Garganacl\n|-boost|p1a: Garganacl|def|2\n|\n|upkeep\n|turn|11\n|\n|t:|1699235366\n|move|p2a: Stonjourner|Stone Edge|p1a: Garganacl\n|-damage|p1a: Garganacl|45\/100\n|move|p1a: Garganacl|Recover|p1a: Garganacl\n|-heal|p1a: Garganacl|95\/100\n|\n|upkeep\n|turn|12\n|\n|t:|1699235372\n|move|p2a: Stonjourner|Gravity|p2a: Stonjourner\n|-fieldstart|move: Gravity\n|move|p1a: Garganacl|Body Press|p2a: Stonjourner\n|-supereffective|p2a: Stonjourner\n|-damage|p2a: Stonjourner|26\/100\n|\n|upkeep\n|turn|13\n|\n|t:|1699235378\n|move|p2a: Stonjourner|Stone Edge|p1a: Garganacl\n|-crit|p1a: Garganacl\n|-damage|p1a: Garganacl|47\/100\n|move|p1a: Garganacl|Body Press|p2a: Stonjourner\n|-supereffective|p2a: Stonjourner\n|-crit|p2a: Stonjourner\n|-damage|p2a: Stonjourner|0 fnt\n|faint|p2a: Stonjourner\n|\n|upkeep\n|\n|t:|1699235395\n|switch|p2a: Gengar|Gengar, M|100\/100\n|turn|14\n|\n|t:|1699235398\n|move|p2a: Gengar|Focus Blast|p1a: Garganacl\n|-supereffective|p1a: Garganacl\n|-damage|p1a: Garganacl|0 fnt\n|faint|p1a: Garganacl\n|\n|upkeep\n|\n|t:|1699235403\n|switch|p1a: Tyranitar|Tyranitar, M|100\/100\n|-weather|Sandstorm|[from] ability: Sand Stream|[of] p1a: Tyranitar\n|turn|15\n|\n|t:|1699235415\n|move|p2a: Gengar|Focus Blast|p1a: Tyranitar\n|-supereffective|p1a: Tyranitar\n|-damage|p1a: Tyranitar|0 fnt\n|faint|p1a: Tyranitar\n|\n|-weather|Sandstorm|[upkeep]\n|-damage|p2a: Gengar|94\/100|[from] Sandstorm\n|upkeep\n|\n|t:|1699235422\n|switch|p1a: Ogerpon|Ogerpon-Cornerstone, F|100\/100\n|turn|16\n|\n|t:|1699235429\n|move|p2a: Gengar|Focus Blast|p1a: Ogerpon\n|-supereffective|p1a: Ogerpon\n|-crit|p1a: Ogerpon\n|-ability|p1a: Ogerpon|Sturdy\n|-damage|p1a: Ogerpon|1\/100\n|move|p1a: Ogerpon|Trailblaze|p2a: Gengar\n|-resisted|p2a: Gengar\n|-damage|p2a: Gengar|64\/100\n|-boost|p1a: Ogerpon|spe|1\n|\n|-weather|Sandstorm|[upkeep]\n|-damage|p2a: Gengar|58\/100|[from] Sandstorm\n|-fieldend|move: Gravity\n|upkeep\n|turn|17\n|\n|t:|1699235449\n|move|p1a: Ogerpon|Ivy Cudgel|p2a: Gengar\n|-crit|p2a: Gengar\n|-damage|p2a: Gengar|0 fnt\n|faint|p2a: Gengar\n|\n|-weather|Sandstorm|[upkeep]\n|upkeep\n|\n|t:|1699235452\n|switch|p2a: Scizor|Scizor, M|58\/100\n|turn|18\n|\n|t:|1699235457\n|switch|p1a: Coalossal|Coalossal, M, shiny|89\/100\n|move|p2a: Scizor|Bullet Punch|p1a: Coalossal\n|-damage|p1a: Coalossal|68\/100\n|-status|p2a: Scizor|brn|[from] ability: Flame Body|[of] p1a: Coalossal\n|\n|-weather|Sandstorm|[upkeep]\n|-heal|p2a: Scizor|64\/100 brn|[from] item: Leftovers\n|-damage|p2a: Scizor|58\/100 brn|[from] brn\n|upkeep\n|turn|19\n|\n|t:|1699235473\n|move|p2a: Scizor|U-turn|p1a: Coalossal\n|-resisted|p1a: Coalossal\n|-damage|p1a: Coalossal|63\/100\n|\n|t:|1699235482\n|switch|p2a: Indeedee|Indeedee, M|100\/100|[from] U-turn\n|-fieldstart|move: Psychic Terrain|[from] ability: Psychic Surge|[of] p2a: Indeedee\n|move|p1a: Coalossal|Flamethrower|p2a: Indeedee\n|-damage|p2a: Indeedee|52\/100\n|-enditem|p2a: Indeedee|Eject Button\n|\n|t:|1699235496\n|switch|p2a: Iron Bundle|Iron Bundle|100\/100\n|\n|-weather|none\n|upkeep\n|turn|20\n|\n|t:|1699235505\n|switch|p1a: Glimmora|Glimmora, F, tera:Grass|35\/100\n|move|p2a: Iron Bundle|Hydro Pump|p1a: Glimmora\n|-resisted|p1a: Glimmora\n|-damage|p1a: Glimmora|15\/100\n|\n|upkeep\n|turn|21\n|\n|t:|1699235511\n|move|p2a: Iron Bundle|Freeze-Dry|p1a: Glimmora\n|-supereffective|p1a: Glimmora\n|-damage|p1a: Glimmora|0 fnt\n|faint|p1a: Glimmora\n|\n|upkeep\n|\n|t:|1699235515\n|switch|p1a: Ogerpon|Ogerpon-Cornerstone, F|1\/100\n|turn|22\n|\n|t:|1699235521\n|move|p2a: Iron Bundle|U-turn|p1a: Ogerpon\n|-supereffective|p1a: Ogerpon\n|-damage|p1a: Ogerpon|0 fnt\n|faint|p1a: Ogerpon\n|\n|t:|1699235529\n|-end|p2a: Iron Bundle|Quark Drive|[silent]\n|switch|p2a: Indeedee|Indeedee, M|52\/100|[from] U-turn\n|\n|upkeep\n|\n|t:|1699235533\n|switch|p1a: Coalossal|Coalossal, M, shiny|63\/100\n|turn|23\n|\n|t:|1699235536\n|move|p2a: Indeedee|Psyshock|p1a: Coalossal\n|-crit|p1a: Coalossal\n|-damage|p1a: Coalossal|20\/100\n|move|p1a: Coalossal|Scald|p2a: Indeedee\n|-damage|p2a: Indeedee|26\/100\n|-status|p2a: Indeedee|brn\n|\n|-damage|p2a: Indeedee|20\/100 brn|[from] brn\n|-fieldend|move: Psychic Terrain\n|upkeep\n|turn|24\n|\n|t:|1699235545\n|move|p2a: Indeedee|Psyshock|p1a: Coalossal\n|-damage|p1a: Coalossal|0 fnt\n|faint|p1a: Coalossal\n|\n|win|Infinitepi\n|l|\u2606Tricerophocles\n|j|\u2606Tricerophocles\n|player|p1|Tricerophocles|guitarist-gen4\n","uploadtime":1699236112,"views":7,"p1id":"tricerophocles","p2id":"infinitepi","formatid":"gen9anythinggoes","rating":0,"private":0,"password":""}