{"id":"gen9anythinggoes-1997188120","p1":"fx_chuva do dia","p2":"Mr Linganore","format":"[Gen 9] Anything Goes","log":"|j|\u2606fx_chuva do dia\n|j|\u2606Mr Linganore\n|t:|1700773564\n|gametype|singles\n|player|p1|fx_chuva do dia|emmet|1035\n|player|p2|Mr Linganore|266|1217\n|teamsize|p1|5\n|teamsize|p2|6\n|gen|9\n|tier|[Gen 9] Anything Goes\n|rated|\n|rule|HP Percentage Mod: HP is shown in percentages\n|rule|Endless Battle Clause: Forcing endless battles is banned\n|clearpoke\n|poke|p1|Palkia-Origin|\n|poke|p1|Espathra, M|\n|poke|p1|Kleavor, F|\n|poke|p1|Baxcalibur, F|\n|poke|p1|Shaymin-Sky|\n|poke|p2|Maushold-Four|\n|poke|p2|Flutter Mane|\n|poke|p2|Miraidon|\n|poke|p2|Rabsca, M|\n|poke|p2|Garganacl, F|\n|poke|p2|Houndstone, M|\n|teampreview\n|inactive|Battle timer is ON: inactive players will automatically lose when time's up. (requested by fx_chuva do dia)\n|\n|t:|1700773593\n|start\n|switch|p1a: Kleavor|Kleavor, F|100\/100\n|switch|p2a: Maushold|Maushold-Four|100\/100\n|turn|1\n|\n|t:|1700773599\n|move|p2a: Maushold|Population Bomb|p1a: Kleavor\n|-resisted|p1a: Kleavor\n|-damage|p1a: Kleavor|93\/100\n|-resisted|p1a: Kleavor\n|-damage|p1a: Kleavor|87\/100\n|-resisted|p1a: Kleavor\n|-damage|p1a: Kleavor|80\/100\n|-resisted|p1a: Kleavor\n|-damage|p1a: Kleavor|72\/100\n|-resisted|p1a: Kleavor\n|-damage|p1a: Kleavor|65\/100\n|-resisted|p1a: Kleavor\n|-damage|p1a: Kleavor|59\/100\n|-resisted|p1a: Kleavor\n|-damage|p1a: Kleavor|52\/100\n|-resisted|p1a: Kleavor\n|-damage|p1a: Kleavor|46\/100\n|-resisted|p1a: Kleavor\n|-damage|p1a: Kleavor|39\/100\n|-resisted|p1a: Kleavor\n|-damage|p1a: Kleavor|32\/100\n|-hitcount|p1a: Kleavor|10\n|cant|p1a: Kleavor|flinch\n|\n|upkeep\n|turn|2\n|j| justyouaveragenoob\n|\n|t:|1700773623\n|move|p2a: Maushold|Population Bomb|p1a: Kleavor\n|-resisted|p1a: Kleavor\n|-damage|p1a: Kleavor|25\/100\n|-resisted|p1a: Kleavor\n|-damage|p1a: Kleavor|19\/100\n|-resisted|p1a: Kleavor\n|-damage|p1a: Kleavor|13\/100\n|-resisted|p1a: Kleavor\n|-damage|p1a: Kleavor|5\/100\n|-resisted|p1a: Kleavor\n|-damage|p1a: Kleavor|0 fnt\n|faint|p1a: Kleavor\n|-hitcount|p1: Kleavor|5\n|\n|upkeep\n|\n|t:|1700773640\n|switch|p1a: Baxcalibur|Baxcalibur, F|100\/100\n|turn|3\n|inactive|Mr Linganore has 120 seconds left.\n|\n|t:|1700773682\n|move|p2a: Maushold|Population Bomb|p1a: Baxcalibur\n|-damage|p1a: Baxcalibur|89\/100\n|-damage|p2a: Maushold|84\/100|[from] item: Rocky Helmet|[of] p1a: Baxcalibur\n|-damage|p1a: Baxcalibur|79\/100\n|-damage|p2a: Maushold|67\/100|[from] item: Rocky Helmet|[of] p1a: Baxcalibur\n|-damage|p1a: Baxcalibur|69\/100\n|-damage|p2a: Maushold|51\/100|[from] item: Rocky Helmet|[of] p1a: Baxcalibur\n|-damage|p1a: Baxcalibur|58\/100\n|-damage|p2a: Maushold|34\/100|[from] item: Rocky Helmet|[of] p1a: Baxcalibur\n|-damage|p1a: Baxcalibur|48\/100\n|-damage|p2a: Maushold|18\/100|[from] item: Rocky Helmet|[of] p1a: Baxcalibur\n|-hitcount|p1a: Baxcalibur|5\n|move|p1a: Baxcalibur|Glaive Rush|p2a: Maushold\n|-damage|p2a: Maushold|0 fnt\n|-singlemove|p1a: Baxcalibur|Glaive Rush|[silent]\n|faint|p2a: Maushold\n|\n|upkeep\n|l| justyouaveragenoob\n|inactive|Mr Linganore has 90 seconds left.\n|\n|t:|1700773712\n|switch|p2a: Flutter Mane|Flutter Mane, shiny|100\/100\n|turn|4\n|\n|t:|1700773717\n|move|p1a: Baxcalibur|Ice Shard|p2a: Flutter Mane\n|-damage|p2a: Flutter Mane|48\/100\n|move|p2a: Flutter Mane|Moonblast|p1a: Baxcalibur\n|-supereffective|p1a: Baxcalibur\n|-damage|p1a: Baxcalibur|0 fnt\n|faint|p1a: Baxcalibur\n|-damage|p2a: Flutter Mane|38\/100|[from] item: Life Orb\n|\n|upkeep\n|\n|t:|1700773725\n|switch|p1a: Espathra|Espathra, M|100\/100\n|turn|5\n|\n|t:|1700773728\n|move|p1a: Espathra|Protect|p1a: Espathra\n|-singleturn|p1a: Espathra|Protect\n|move|p2a: Flutter Mane|Shadow Ball|p1a: Espathra\n|-activate|p1a: Espathra|move: Protect\n|\n|-ability|p1a: Espathra|Speed Boost|boost\n|-boost|p1a: Espathra|spe|1\n|upkeep\n|turn|6\n|\n|t:|1700773734\n|move|p1a: Espathra|Dazzling Gleam|p2a: Flutter Mane\n|-damage|p2a: Flutter Mane|10\/100\n|move|p2a: Flutter Mane|Shadow Ball|p1a: Espathra\n|-supereffective|p1a: Espathra\n|-enditem|p1a: Espathra|Focus Sash\n|-damage|p1a: Espathra|1\/100\n|-unboost|p1a: Espathra|spd|1\n|-damage|p2a: Flutter Mane|0 fnt|[from] item: Life Orb\n|faint|p2a: Flutter Mane\n|-end|p2a: Flutter Mane|Protosynthesis|[silent]\n|\n|-ability|p1a: Espathra|Speed Boost|boost\n|-boost|p1a: Espathra|spe|1\n|upkeep\n|inactive|Mr Linganore has 120 seconds left.\n|\n|t:|1700773751\n|switch|p2a: Rabsca|Rabsca, M, shiny|100\/100\n|turn|7\n|\n|t:|1700773756\n|move|p1a: Espathra|Protect|p1a: Espathra\n|-singleturn|p1a: Espathra|Protect\n|move|p2a: Rabsca|Trick Room|p2a: Rabsca\n|-fieldstart|move: Trick Room|[of] p2a: Rabsca\n|\n|-ability|p1a: Espathra|Speed Boost|boost\n|-boost|p1a: Espathra|spe|1\n|upkeep\n|turn|8\n|\n|t:|1700773761\n|move|p2a: Rabsca|Revival Blessing|p2a: Rabsca\n|-enditem|p2a: Rabsca|Leppa Berry|[eat]\n|-activate|p2a: Rabsca|item: Leppa Berry|Revival Blessing|[consumed]\n|\n|t:|1700773764\n|-heal|p2: Flutter Mane|50\/100|[from] move: Revival Blessing\n|move|p1a: Espathra|Stored Power|p2a: Rabsca\n|-resisted|p2a: Rabsca\n|-damage|p2a: Rabsca|82\/100\n|\n|-ability|p1a: Espathra|Speed Boost|boost\n|-boost|p1a: Espathra|spe|1\n|upkeep\n|turn|9\n|\n|t:|1700773771\n|move|p1a: Espathra|Protect|p1a: Espathra\n|-singleturn|p1a: Espathra|Protect\n|move|p2a: Rabsca|Revival Blessing|p2a: Rabsca\n|\n|t:|1700773775\n|-heal|p2: Maushold|50\/100|[from] move: Revival Blessing\n|\n|-ability|p1a: Espathra|Speed Boost|boost\n|-boost|p1a: Espathra|spe|1\n|upkeep\n|turn|10\n|\n|t:|1700773789\n|move|p2a: Rabsca|Memento|p1a: Espathra\n|-unboost|p1a: Espathra|atk|2\n|-unboost|p1a: Espathra|spa|2\n|faint|p2a: Rabsca\n|move|p1a: Espathra|Dazzling Gleam|p2: Rabsca|[notarget]\n|-fail|p1a: Espathra\n|\n|-ability|p1a: Espathra|Speed Boost|boost\n|-boost|p1a: Espathra|spe|1\n|upkeep\n|\n|t:|1700773798\n|switch|p2a: Houndstone|Houndstone, M|100\/100\n|turn|11\n|\n|t:|1700773808\n|move|p1a: Espathra|Protect|p1a: Espathra\n|-singleturn|p1a: Espathra|Protect\n|move|p2a: Houndstone|Last Respects|p1a: Espathra\n|-activate|p1a: Espathra|move: Protect\n|\n|-fieldend|move: Trick Room\n|upkeep\n|turn|12\n|\n|t:|1700773816\n|move|p2a: Houndstone|Shadow Sneak|p1a: Espathra\n|-supereffective|p1a: Espathra\n|-damage|p1a: Espathra|0 fnt\n|faint|p1a: Espathra\n|\n|upkeep\n|\n|t:|1700773822\n|switch|p1a: Shaymin|Shaymin-Sky|100\/100\n|turn|13\n|\n|t:|1700773827\n|move|p1a: Shaymin|Air Slash|p2a: Houndstone\n|-damage|p2a: Houndstone|75\/100\n|move|p2a: Houndstone|Last Respects|p1a: Shaymin\n|-crit|p1a: Shaymin\n|-enditem|p1a: Shaymin|Focus Sash\n|-damage|p1a: Shaymin|1\/100\n|\n|upkeep\n|turn|14\n|\n|t:|1700773836\n|move|p2a: Houndstone|Shadow Sneak|p1a: Shaymin\n|-damage|p1a: Shaymin|0 fnt\n|faint|p1a: Shaymin\n|\n|upkeep\n|\n|t:|1700773838\n|switch|p1a: Palkia|Palkia-Origin|100\/100\n|-ability|p1a: Palkia|Pressure\n|turn|15\n|\n|t:|1700773843\n|move|p1a: Palkia|Spacial Rend|p2a: Houndstone\n|-damage|p2a: Houndstone|32\/100\n|move|p2a: Houndstone|Last Respects|p1a: Palkia\n|-damage|p1a: Palkia|0 fnt\n|faint|p1a: Palkia\n|\n|win|Mr Linganore\n|raw|fx_chuva do dia's rating: 1035 &rarr; <strong>1027<\/strong><br \/>(-8 for losing)\n|raw|Mr Linganore's rating: 1217 &rarr; <strong>1230<\/strong><br \/>(+13 for winning)\n|l|\u2606fx_chuva do dia\n","uploadtime":1700773856,"views":0,"p1id":"fxchuvadodia","p2id":"mrlinganore","formatid":"gen9anythinggoes","rating":1027,"private":0,"password":""}