{"id":"gen9anythinggoes-2000255970","p1":"lilbdayguy","p2":"HansWolp","format":"[Gen 9] Anything Goes","log":"|j|\u2606lilbdayguy\n|j|\u2606HansWolp\n|t:|1701178206\n|gametype|singles\n|player|p1|lilbdayguy|169|1090\n|player|p2|HansWolp|blackbelt-gen4dp|1198\n|teamsize|p1|6\n|teamsize|p2|6\n|gen|9\n|tier|[Gen 9] Anything Goes\n|rated|\n|rule|HP Percentage Mod: HP is shown in percentages\n|rule|Endless Battle Clause: Forcing endless battles is banned\n|clearpoke\n|poke|p1|Maushold-Four|\n|poke|p1|Maushold-Four|\n|poke|p1|Maushold-Four|\n|poke|p1|Maushold-Four|\n|poke|p1|Maushold-Four|\n|poke|p1|Maushold-Four|\n|poke|p2|Snorlax, M|\n|poke|p2|Volcarona, F|\n|poke|p2|Toxapex, F|\n|poke|p2|Zamazenta-*|\n|poke|p2|Garganacl, F|\n|poke|p2|Iron Hands|\n|teampreview\n|\n|t:|1701178209\n|start\n|switch|p1a: Maushold|Maushold-Four|100\/100\n|switch|p2a: Snorlax|Snorlax, M|100\/100\n|turn|1\n|\n|t:|1701178222\n|move|p1a: Maushold|Population Bomb|p2a: Snorlax\n|-damage|p2a: Snorlax|93\/100\n|-damage|p2a: Snorlax|85\/100\n|-damage|p2a: Snorlax|76\/100\n|-damage|p2a: Snorlax|68\/100\n|-damage|p2a: Snorlax|60\/100\n|-damage|p2a: Snorlax|53\/100\n|-damage|p2a: Snorlax|45\/100\n|-enditem|p2a: Snorlax|Iapapa Berry|[eat]\n|-heal|p2a: Snorlax|78\/100|[from] item: Iapapa Berry\n|-damage|p2a: Snorlax|70\/100\n|-damage|p2a: Snorlax|62\/100\n|-damage|p2a: Snorlax|55\/100\n|-hitcount|p2a: Snorlax|10\n|move|p2a: Snorlax|Stockpile|p2a: Snorlax\n|-start|p2a: Snorlax|stockpile1\n|-boost|p2a: Snorlax|def|1\n|-boost|p2a: Snorlax|spd|1\n|\n|upkeep\n|turn|2\n|\n|t:|1701178243\n|move|p1a: Maushold|Population Bomb|p2a: Snorlax\n|-damage|p2a: Snorlax|50\/100\n|-damage|p2a: Snorlax|45\/100\n|-damage|p2a: Snorlax|40\/100\n|-damage|p2a: Snorlax|35\/100\n|-damage|p2a: Snorlax|30\/100\n|-damage|p2a: Snorlax|25\/100\n|-damage|p2a: Snorlax|20\/100\n|-damage|p2a: Snorlax|14\/100\n|-damage|p2a: Snorlax|9\/100\n|-damage|p2a: Snorlax|3\/100\n|-hitcount|p2a: Snorlax|10\n|move|p2a: Snorlax|Stockpile|p2a: Snorlax\n|-start|p2a: Snorlax|stockpile2\n|-boost|p2a: Snorlax|def|1\n|-boost|p2a: Snorlax|spd|1\n|\n|upkeep\n|turn|3\n|\n|t:|1701178262\n|move|p1a: Maushold|Aerial Ace|p2a: Snorlax\n|-damage|p2a: Snorlax|0 fnt\n|faint|p2a: Snorlax\n|\n|upkeep\n|\n|t:|1701178268\n|switch|p2a: Toxapex|Toxapex, F|100\/100\n|turn|4\n|\n|t:|1701178272\n|move|p2a: Toxapex|Baneful Bunker|p2a: Toxapex\n|-singleturn|p2a: Toxapex|move: Protect\n|move|p1a: Maushold|Population Bomb|p2a: Toxapex\n|-activate|p2a: Toxapex|move: Protect\n|-status|p1a: Maushold|psn\n|\n|-damage|p1a: Maushold|88\/100 psn|[from] psn\n|upkeep\n|turn|5\n|\n|t:|1701178287\n|move|p1a: Maushold|Population Bomb|p2a: Toxapex\n|-damage|p2a: Toxapex|92\/100\n|-damage|p2a: Toxapex|84\/100\n|-damage|p2a: Toxapex|75\/100\n|-damage|p2a: Toxapex|67\/100\n|-damage|p2a: Toxapex|58\/100\n|-damage|p2a: Toxapex|50\/100\n|-damage|p2a: Toxapex|41\/100\n|-damage|p2a: Toxapex|32\/100\n|-crit|p2a: Toxapex\n|-damage|p2a: Toxapex|20\/100\n|-damage|p2a: Toxapex|12\/100\n|-hitcount|p2a: Toxapex|10\n|move|p2a: Toxapex|Ice Beam|p1a: Maushold\n|-crit|p1a: Maushold\n|-damage|p1a: Maushold|58\/100 psn\n|\n|-heal|p2a: Toxapex|18\/100|[from] item: Black Sludge\n|-damage|p1a: Maushold|45\/100 psn|[from] psn\n|upkeep\n|turn|6\n|\n|t:|1701178307\n|move|p2a: Toxapex|Baneful Bunker|p2a: Toxapex\n|-singleturn|p2a: Toxapex|move: Protect\n|move|p1a: Maushold|Population Bomb|p2a: Toxapex\n|-activate|p2a: Toxapex|move: Protect\n|\n|-heal|p2a: Toxapex|25\/100|[from] item: Black Sludge\n|-damage|p1a: Maushold|33\/100 psn|[from] psn\n|upkeep\n|turn|7\n|\n|t:|1701178317\n|move|p2a: Toxapex|Baneful Bunker||[still]\n|-fail|p2a: Toxapex\n|move|p1a: Maushold|Population Bomb|p2a: Toxapex\n|-damage|p2a: Toxapex|16\/100\n|-damage|p2a: Toxapex|6\/100\n|-damage|p2a: Toxapex|0 fnt\n|faint|p2a: Toxapex\n|-hitcount|p2: Toxapex|3\n|\n|-damage|p1a: Maushold|20\/100 psn|[from] psn\n|upkeep\n|\n|t:|1701178330\n|switch|p2a: Zamazenta|Zamazenta-Crowned|100\/100\n|-ability|p2a: Zamazenta|Dauntless Shield|boost\n|-boost|p2a: Zamazenta|def|1\n|turn|8\n|\n|t:|1701178338\n|move|p2a: Zamazenta|Focus Blast|p1a: Maushold|[miss]\n|-miss|p2a: Zamazenta|p1a: Maushold\n|move|p1a: Maushold|Population Bomb|p2a: Zamazenta\n|-resisted|p2a: Zamazenta\n|-damage|p2a: Zamazenta|98\/100\n|-resisted|p2a: Zamazenta\n|-damage|p2a: Zamazenta|95\/100\n|-resisted|p2a: Zamazenta\n|-damage|p2a: Zamazenta|92\/100\n|-resisted|p2a: Zamazenta\n|-damage|p2a: Zamazenta|89\/100\n|-resisted|p2a: Zamazenta\n|-damage|p2a: Zamazenta|86\/100\n|-resisted|p2a: Zamazenta\n|-crit|p2a: Zamazenta\n|-damage|p2a: Zamazenta|80\/100\n|-resisted|p2a: Zamazenta\n|-damage|p2a: Zamazenta|76\/100\n|-resisted|p2a: Zamazenta\n|-damage|p2a: Zamazenta|74\/100\n|-resisted|p2a: Zamazenta\n|-damage|p2a: Zamazenta|71\/100\n|-resisted|p2a: Zamazenta\n|-damage|p2a: Zamazenta|68\/100\n|-hitcount|p2a: Zamazenta|10\n|\n|-damage|p1a: Maushold|8\/100 psn|[from] psn\n|upkeep\n|turn|9\n|\n|t:|1701178361\n|move|p2a: Zamazenta|Behemoth Bash|p1a: Maushold\n|-damage|p1a: Maushold|0 fnt\n|faint|p1a: Maushold\n|\n|upkeep\n|\n|t:|1701178366\n|switch|p1a: Maushold|Maushold-Four|100\/100\n|turn|10\n|\n|t:|1701178373\n|-terastallize|p2a: Zamazenta|Ghost\n|move|p2a: Zamazenta|Focus Blast|p1a: Maushold|[miss]\n|-miss|p2a: Zamazenta|p1a: Maushold\n|move|p1a: Maushold|Aerial Ace|p2a: Zamazenta\n|-damage|p2a: Zamazenta|56\/100\n|\n|upkeep\n|turn|11\n|\n|t:|1701178387\n|-terastallize|p1a: Maushold|Ghost\n|move|p2a: Zamazenta|Behemoth Bash|p1a: Maushold\n|-damage|p1a: Maushold|23\/100\n|move|p1a: Maushold|Crunch|p2a: Zamazenta\n|-supereffective|p2a: Zamazenta\n|-crit|p2a: Zamazenta\n|-damage|p2a: Zamazenta|11\/100\n|\n|upkeep\n|turn|12\n|\n|t:|1701178396\n|move|p2a: Zamazenta|Behemoth Bash|p1a: Maushold\n|-damage|p1a: Maushold|0 fnt\n|faint|p1a: Maushold\n|\n|upkeep\n|\n|t:|1701178401\n|switch|p1a: Maushold|Maushold-Four|100\/100\n|turn|13\n|\n|t:|1701178404\n|move|p2a: Zamazenta|Behemoth Bash|p1a: Maushold\n|-damage|p1a: Maushold|17\/100\n|move|p1a: Maushold|Crunch|p2a: Zamazenta\n|-supereffective|p2a: Zamazenta\n|-damage|p2a: Zamazenta|0 fnt\n|faint|p2a: Zamazenta\n|\n|upkeep\n|\n|t:|1701178415\n|switch|p2a: Volcarona|Volcarona, F|100\/100\n|turn|14\n|\n|t:|1701178418\n|move|p2a: Volcarona|Fiery Dance|p1a: Maushold\n|-damage|p1a: Maushold|0 fnt\n|-boost|p2a: Volcarona|spa|1\n|faint|p1a: Maushold\n|\n|upkeep\n|\n|t:|1701178423\n|switch|p1a: Maushold|Maushold-Four|100\/100\n|turn|15\n|\n|t:|1701178427\n|move|p2a: Volcarona|Fiery Dance|p1a: Maushold\n|-damage|p1a: Maushold|22\/100\n|move|p1a: Maushold|Population Bomb|p2a: Volcarona\n|-damage|p2a: Volcarona|87\/100\n|-damage|p2a: Volcarona|73\/100\n|-damage|p2a: Volcarona|60\/100\n|-damage|p2a: Volcarona|48\/100\n|-damage|p2a: Volcarona|34\/100\n|-hitcount|p2a: Volcarona|5\n|\n|upkeep\n|turn|16\n|\n|t:|1701178439\n|move|p2a: Volcarona|Fiery Dance|p1a: Maushold\n|-damage|p1a: Maushold|0 fnt\n|faint|p1a: Maushold\n|\n|upkeep\n|\n|t:|1701178443\n|switch|p1a: Maushold|Maushold-Four|100\/100\n|turn|17\n|\n|t:|1701178447\n|move|p2a: Volcarona|Fiery Dance|p1a: Maushold\n|-damage|p1a: Maushold|23\/100\n|-boost|p2a: Volcarona|spa|1\n|move|p1a: Maushold|Population Bomb|p2a: Volcarona\n|-damage|p2a: Volcarona|20\/100\n|-damage|p2a: Volcarona|7\/100\n|-status|p1a: Maushold|brn|[from] ability: Flame Body|[of] p2a: Volcarona\n|-damage|p2a: Volcarona|1\/100\n|-damage|p2a: Volcarona|0 fnt\n|faint|p2a: Volcarona\n|-hitcount|p2: Volcarona|4\n|\n|-damage|p1a: Maushold|17\/100 brn|[from] brn\n|upkeep\n|\n|t:|1701178465\n|switch|p2a: Garganacl|Garganacl, F|100\/100\n|turn|18\n|\n|t:|1701178471\n|move|p1a: Maushold|Dig||[still]\n|-prepare|p1a: Maushold|Dig\n|move|p2a: Garganacl|Salt Cure|p1a: Maushold|[miss]\n|-miss|p2a: Garganacl|p1a: Maushold\n|\n|-damage|p1a: Maushold|10\/100 brn|[from] brn\n|upkeep\n|turn|19\n|\n|t:|1701178482\n|move|p1a: Maushold|Dig|p2a: Garganacl|[from]lockedmove\n|-supereffective|p2a: Garganacl\n|-damage|p2a: Garganacl|88\/100\n|move|p2a: Garganacl|Salt Cure|p1a: Maushold\n|-damage|p1a: Maushold|0 fnt\n|faint|p1a: Maushold\n|\n|-heal|p2a: Garganacl|94\/100|[from] item: Leftovers\n|upkeep\n|\n|t:|1701178490\n|switch|p1a: Maushold|Maushold-Four|100\/100\n|turn|20\n|\n|t:|1701178495\n|move|p1a: Maushold|Dig||[still]\n|-prepare|p1a: Maushold|Dig\n|move|p2a: Garganacl|Salt Cure|p1a: Maushold|[miss]\n|-miss|p2a: Garganacl|p1a: Maushold\n|\n|-heal|p2a: Garganacl|99\/100|[from] item: Leftovers\n|upkeep\n|turn|21\n|\n|t:|1701178502\n|move|p1a: Maushold|Dig|p2a: Garganacl|[from]lockedmove\n|-supereffective|p2a: Garganacl\n|-damage|p2a: Garganacl|71\/100\n|move|p2a: Garganacl|Salt Cure|p1a: Maushold\n|-damage|p1a: Maushold|78\/100\n|-start|p1a: Maushold|Salt Cure\n|\n|-heal|p2a: Garganacl|77\/100|[from] item: Leftovers\n|-damage|p1a: Maushold|66\/100|[from] Salt Cure\n|upkeep\n|turn|22\n|\n|t:|1701178519\n|move|p1a: Maushold|Dig||[still]\n|-prepare|p1a: Maushold|Dig\n|move|p2a: Garganacl|Thunder Punch|p1a: Maushold|[miss]\n|-miss|p2a: Garganacl|p1a: Maushold\n|\n|-heal|p2a: Garganacl|83\/100|[from] item: Leftovers\n|-damage|p1a: Maushold|54\/100|[from] Salt Cure\n|upkeep\n|turn|23\n|\n|t:|1701178530\n|move|p1a: Maushold|Dig|p2a: Garganacl|[from]lockedmove\n|-supereffective|p2a: Garganacl\n|-damage|p2a: Garganacl|56\/100\n|move|p2a: Garganacl|Thunder Punch|p1a: Maushold\n|-damage|p1a: Maushold|25\/100\n|\n|-heal|p2a: Garganacl|62\/100|[from] item: Leftovers\n|-damage|p1a: Maushold|13\/100|[from] Salt Cure\n|upkeep\n|turn|24\n|\n|t:|1701178541\n|move|p1a: Maushold|Population Bomb|p2a: Garganacl\n|-resisted|p2a: Garganacl\n|-crit|p2a: Garganacl\n|-damage|p2a: Garganacl|56\/100\n|-resisted|p2a: Garganacl\n|-damage|p2a: Garganacl|52\/100\n|-resisted|p2a: Garganacl\n|-damage|p2a: Garganacl|48\/100\n|-resisted|p2a: Garganacl\n|-damage|p2a: Garganacl|44\/100\n|-resisted|p2a: Garganacl\n|-damage|p2a: Garganacl|40\/100\n|-resisted|p2a: Garganacl\n|-damage|p2a: Garganacl|36\/100\n|-resisted|p2a: Garganacl\n|-damage|p2a: Garganacl|32\/100\n|-resisted|p2a: Garganacl\n|-damage|p2a: Garganacl|28\/100\n|-resisted|p2a: Garganacl\n|-damage|p2a: Garganacl|24\/100\n|-resisted|p2a: Garganacl\n|-damage|p2a: Garganacl|20\/100\n|-hitcount|p2a: Garganacl|10\n|move|p2a: Garganacl|Thunder Punch|p1a: Maushold\n|-damage|p1a: Maushold|0 fnt\n|faint|p1a: Maushold\n|\n|win|HansWolp\n|raw|lilbdayguy's rating: 1090 &rarr; <strong>1074<\/strong><br \/>(-16 for losing)\n|raw|HansWolp's rating: 1198 &rarr; <strong>1215<\/strong><br \/>(+17 for winning)\n|c|\u2606lilbdayguy|gg\n|l|\u2606lilbdayguy\n","uploadtime":1701178567,"views":9,"p1id":"lilbdayguy","p2id":"hanswolp","formatid":"gen9anythinggoes","rating":1074,"private":0,"password":""}