{"id":"gen9anythinggoes-1993067204","p1":"Cofri","p2":"SonicSpeedKaleb","format":"[Gen 9] Anything Goes","log":"|j|\u2606Cofri\n|j|\u2606SonicSpeedKaleb\n|t:|1700261039\n|gametype|singles\n|player|p1|Cofri|cheren-gen5bw2|1141\n|player|p2|SonicSpeedKaleb|265|1236\n|teamsize|p1|6\n|teamsize|p2|6\n|gen|9\n|tier|[Gen 9] Anything Goes\n|rated|\n|rule|HP Percentage Mod: HP is shown in percentages\n|rule|Endless Battle Clause: Forcing endless battles is banned\n|clearpoke\n|poke|p1|Ralts, M|\n|poke|p1|Drifblim, M|\n|poke|p1|Espathra, M|\n|poke|p1|Glalie, F|\n|poke|p1|Alomomola, F|\n|poke|p1|Vaporeon, M|\n|poke|p2|Skeledirge, M|\n|poke|p2|Pawmot, M|\n|poke|p2|Gardevoir, F|\n|poke|p2|Staraptor, M|\n|poke|p2|Lycanroc, M|\n|poke|p2|Baxcalibur, F|\n|teampreview\n|inactive|Battle timer is ON: inactive players will automatically lose when time's up. (requested by Cofri)\n|c|\u2606SonicSpeedKaleb|Let's rock!\n|\n|t:|1700261055\n|start\n|switch|p1a: Ralts|Ralts, M|100\/100\n|switch|p2a: Pawmot|Pawmot, M|100\/100\n|turn|1\n|\n|t:|1700261059\n|move|p2a: Pawmot|Agility|p2a: Pawmot\n|-boost|p2a: Pawmot|spe|2\n|move|p1a: Ralts|Misty Terrain|p1a: Ralts\n|-fieldstart|move: Misty Terrain\n|\n|upkeep\n|turn|2\n|\n|t:|1700261064\n|move|p2a: Pawmot|Agility|p2a: Pawmot\n|-boost|p2a: Pawmot|spe|2\n|move|p1a: Ralts|Memento|p2a: Pawmot\n|-unboost|p2a: Pawmot|atk|2\n|-unboost|p2a: Pawmot|spa|2\n|faint|p1a: Ralts\n|\n|upkeep\n|\n|t:|1700261067\n|switch|p1a: Drifblim|Drifblim, M|100\/100\n|-enditem|p1a: Drifblim|Misty Seed\n|-boost|p1a: Drifblim|spd|1|[from] item: Misty Seed\n|turn|3\n|\n|t:|1700261075\n|-terastallize|p1a: Drifblim|Steel\n|move|p2a: Pawmot|Thunder Punch|p1a: Drifblim\n|-damage|p1a: Drifblim|72\/100\n|move|p1a: Drifblim|Minimize|p1a: Drifblim\n|-boost|p1a: Drifblim|evasion|2\n|\n|upkeep\n|turn|4\n|\n|t:|1700261081\n|move|p2a: Pawmot|Baton Pass|p2a: Pawmot\n|\n|t:|1700261084\n|switch|p2a: Skeledirge|Skeledirge, M|100\/100|[from] Baton Pass\n|move|p1a: Drifblim|Substitute|p1a: Drifblim\n|-start|p1a: Drifblim|Substitute\n|-damage|p1a: Drifblim|47\/100\n|\n|upkeep\n|turn|5\n|\n|t:|1700261090\n|move|p1a: Drifblim|Minimize|p1a: Drifblim\n|-boost|p1a: Drifblim|evasion|2\n|move|p2a: Skeledirge|Torch Song|p1a: Drifblim\n|-supereffective|p1a: Drifblim\n|-damage|p1a: Drifblim|15\/100\n|-boost|p2a: Skeledirge|spa|1\n|\n|-fieldend|Misty Terrain\n|upkeep\n|turn|6\n|\n|t:|1700261097\n|move|p1a: Drifblim|Minimize|p1a: Drifblim\n|-boost|p1a: Drifblim|evasion|2\n|move|p2a: Skeledirge|Torch Song|p1a: Drifblim|[miss]\n|-miss|p2a: Skeledirge|p1a: Drifblim\n|\n|upkeep\n|turn|7\n|\n|t:|1700261103\n|move|p1a: Drifblim|Baton Pass|p1a: Drifblim\n|\n|t:|1700261106\n|switch|p1a: Vaporeon|Vaporeon, M|100\/100|[from] Baton Pass\n|move|p2a: Skeledirge|Torch Song|p1a: Vaporeon|[miss]\n|-miss|p2a: Skeledirge|p1a: Vaporeon\n|\n|upkeep\n|turn|8\n|c|\u2606SonicSpeedKaleb|Your strats be lame.\n|\n|t:|1700261114\n|move|p2a: Skeledirge|Torch Song|p1a: Vaporeon\n|-resisted|p1a: Vaporeon\n|-damage|p1a: Vaporeon|96\/100\n|-boost|p2a: Skeledirge|spa|1\n|move|p1a: Vaporeon|Aqua Ring|p1a: Vaporeon\n|-start|p1a: Vaporeon|Aqua Ring\n|\n|-heal|p1a: Vaporeon|100\/100|[from] item: Leftovers\n|upkeep\n|turn|9\n|c|\u2606Cofri|Alternitve you can spam legis. i really dont like this tier\n|\n|t:|1700261142\n|move|p2a: Skeledirge|Torch Song|p1a: Vaporeon|[miss]\n|-miss|p2a: Skeledirge|p1a: Vaporeon\n|move|p1a: Vaporeon|Acid Armor|p1a: Vaporeon\n|-boost|p1a: Vaporeon|def|2\n|\n|upkeep\n|turn|10\n|\n|t:|1700261147\n|move|p2a: Skeledirge|Torch Song|p1a: Vaporeon|[miss]\n|-miss|p2a: Skeledirge|p1a: Vaporeon\n|move|p1a: Vaporeon|Acid Armor|p1a: Vaporeon\n|-boost|p1a: Vaporeon|def|2\n|\n|upkeep\n|turn|11\n|-activate|p2a: Skeledirge|item: Quick Claw\n|\n|t:|1700261150\n|move|p2a: Skeledirge|Torch Song|p1a: Vaporeon\n|-resisted|p1a: Vaporeon\n|-damage|p1a: Vaporeon|93\/100\n|-boost|p2a: Skeledirge|spa|1\n|move|p1a: Vaporeon|Acid Armor|p1a: Vaporeon\n|-boost|p1a: Vaporeon|def|2\n|\n|-heal|p1a: Vaporeon|99\/100|[from] item: Leftovers\n|-heal|p1a: Vaporeon|100\/100|[from] Aqua Ring\n|upkeep\n|turn|12\n|c|\u2606SonicSpeedKaleb|Finally he's done missing.\n|\n|t:|1700261163\n|move|p2a: Skeledirge|Torch Song|p1a: Vaporeon\n|-resisted|p1a: Vaporeon\n|-damage|p1a: Vaporeon|89\/100\n|-boost|p2a: Skeledirge|spa|1\n|move|p1a: Vaporeon|Baton Pass|p1a: Vaporeon\n|c|\u2606Cofri|about That...\n|\n|t:|1700261171\n|switch|p1a: Alomomola|Alomomola, F|100\/100|[from] Baton Pass\n|\n|upkeep\n|turn|13\n|\n|t:|1700261177\n|move|p2a: Skeledirge|Shadow Ball|p1a: Alomomola|[miss]\n|-miss|p2a: Skeledirge|p1a: Alomomola\n|move|p1a: Alomomola|Calm Mind|p1a: Alomomola\n|-boost|p1a: Alomomola|spa|1\n|-boost|p1a: Alomomola|spd|1\n|\n|upkeep\n|turn|14\n|c|\u2606SonicSpeedKaleb|No Skeledirge! HITTO!\n|-activate|p2a: Skeledirge|item: Quick Claw\n|\n|t:|1700261184\n|move|p2a: Skeledirge|Shadow Ball|p1a: Alomomola|[miss]\n|-miss|p2a: Skeledirge|p1a: Alomomola\n|move|p1a: Alomomola|Calm Mind|p1a: Alomomola\n|-boost|p1a: Alomomola|spa|1\n|-boost|p1a: Alomomola|spd|1\n|\n|upkeep\n|turn|15\n|\n|t:|1700261191\n|move|p2a: Skeledirge|Shadow Ball|p1a: Alomomola|[miss]\n|-miss|p2a: Skeledirge|p1a: Alomomola\n|move|p1a: Alomomola|Calm Mind|p1a: Alomomola\n|-boost|p1a: Alomomola|spa|1\n|-boost|p1a: Alomomola|spd|1\n|\n|upkeep\n|turn|16\n|\n|t:|1700261197\n|move|p2a: Skeledirge|Shadow Ball|p1a: Alomomola|[miss]\n|-miss|p2a: Skeledirge|p1a: Alomomola\n|move|p1a: Alomomola|Calm Mind|p1a: Alomomola\n|-boost|p1a: Alomomola|spa|1\n|-boost|p1a: Alomomola|spd|1\n|\n|upkeep\n|turn|17\n|c|\u2606SonicSpeedKaleb|Stall fart hole!\n|c|\u2606Cofri|besides you use bp to\n|\n|t:|1700261207\n|move|p2a: Skeledirge|Shadow Ball|p1a: Alomomola\n|-end|p1a: Alomomola|Substitute\n|move|p1a: Alomomola|Calm Mind|p1a: Alomomola\n|-boost|p1a: Alomomola|spa|1\n|-boost|p1a: Alomomola|spd|1\n|\n|upkeep\n|turn|18\n|\n|t:|1700261213\n|move|p2a: Skeledirge|Torch Song|p1a: Alomomola|[miss]\n|-miss|p2a: Skeledirge|p1a: Alomomola\n|move|p1a: Alomomola|Substitute|p1a: Alomomola\n|-start|p1a: Alomomola|Substitute\n|-damage|p1a: Alomomola|76\/100\n|\n|-heal|p1a: Alomomola|82\/100|[from] item: Leftovers\n|-heal|p1a: Alomomola|88\/100|[from] Aqua Ring\n|upkeep\n|turn|19\n|-activate|p2a: Skeledirge|item: Quick Claw\n|\n|t:|1700261216\n|move|p2a: Skeledirge|Torch Song|p1a: Alomomola|[miss]\n|-miss|p2a: Skeledirge|p1a: Alomomola\n|move|p1a: Alomomola|Baton Pass|p1a: Alomomola\n|\n|t:|1700261218\n|switch|p1a: Espathra|Espathra, M|100\/100|[from] Baton Pass\n|\n|upkeep\n|turn|20\n|\n|t:|1700261222\n|move|p2a: Skeledirge|Shadow Ball|p1a: Espathra|[miss]\n|-miss|p2a: Skeledirge|p1a: Espathra\n|move|p1a: Espathra|Stored Power|p2a: Skeledirge\n|-damage|p2a: Skeledirge|0 fnt\n|faint|p2a: Skeledirge\n|\n|-ability|p1a: Espathra|Speed Boost|boost\n|-boost|p1a: Espathra|spe|1\n|upkeep\n|c|\u2606Cofri|gg\n|n|!SonicSpeedKaleb|sonicspeedkaleb\n|-message|SonicSpeedKaleb forfeited.\n|\n|win|Cofri\n|raw|Cofri's rating: 1141 &rarr; <strong>1173<\/strong><br \/>(+32 for winning)\n|raw|SonicSpeedKaleb's rating: 1236 &rarr; <strong>1204<\/strong><br \/>(-32 for losing)\n|l|!SonicSpeedKaleb\n","uploadtime":1700261228,"views":5,"p1id":"cofri","p2id":"sonicspeedkaleb","formatid":"gen9anythinggoes","rating":1173,"private":0,"password":""}