{"id":"gen9anythinggoes-1984306058","p1":"Pokemachewy29","p2":"ValidJohnSmith","format":"[Gen 9] Anything Goes","log":"|j|\u2606Pokemachewy29\n|j|\u2606ValidJohnSmith\n|t:|1699241498\n|gametype|singles\n|player|p1|Pokemachewy29|102|\n|player|p2|ValidJohnSmith|n|\n|teamsize|p1|6\n|teamsize|p2|6\n|gen|9\n|tier|[Gen 9] Anything Goes\n|rule|HP Percentage Mod: HP is shown in percentages\n|rule|Endless Battle Clause: Forcing endless battles is banned\n|clearpoke\n|poke|p1|Kingambit, F|\n|poke|p1|Goodra, M|\n|poke|p1|Oricorio-Sensu, M|\n|poke|p1|Ursaluna, F|\n|poke|p1|Spidops, M|\n|poke|p1|Iron Bundle|\n|poke|p2|Great Tusk|\n|poke|p2|Gholdengo|\n|poke|p2|Samurott-Hisui, F|\n|poke|p2|Slowbro-Galar, F|\n|poke|p2|Dudunsparce-*, F|\n|poke|p2|Quagsire, F|\n|teampreview\n|\n|t:|1699241505\n|start\n|switch|p1a: Spidops|Spidops, M|100\/100\n|switch|p2a: Slowbro|Slowbro-Galar, F|100\/100\n|turn|1\n|\n|t:|1699241512\n|move|p1a: Spidops|Knock Off|p2a: Slowbro\n|-supereffective|p2a: Slowbro\n|-damage|p2a: Slowbro|65\/100\n|-enditem|p2a: Slowbro|Quick Claw|[from] move: Knock Off|[of] p1a: Spidops\n|move|p2a: Slowbro|Flamethrower|p1a: Spidops\n|-supereffective|p1a: Spidops\n|-damage|p1a: Spidops|36\/100\n|\n|upkeep\n|turn|2\n|-activate|p2a: Slowbro|ability: Quick Draw\n|\n|t:|1699241527\n|move|p2a: Slowbro|Shell Side Arm|p1a: Spidops|[anim] Shell Side Arm Special\n|-damage|p1a: Spidops|0 fnt\n|-hint|Special Shell Side Arm\n|faint|p1a: Spidops\n|\n|upkeep\n|\n|t:|1699241552\n|switch|p1a: Ursaluna|Ursaluna, F|100\/100\n|turn|3\n|\n|t:|1699241557\n|move|p1a: Ursaluna|Earthquake|p2a: Slowbro\n|-supereffective|p2a: Slowbro\n|-damage|p2a: Slowbro|0 fnt\n|faint|p2a: Slowbro\n|\n|-status|p1a: Ursaluna|brn|[from] item: Flame Orb\n|upkeep\n|\n|t:|1699241573\n|switch|p2a: Samurott|Samurott-Hisui, F|100\/100\n|turn|4\n|\n|t:|1699241586\n|move|p2a: Samurott|Aqua Cutter|p1a: Ursaluna\n|-supereffective|p1a: Ursaluna\n|-damage|p1a: Ursaluna|20\/100 brn\n|move|p1a: Ursaluna|Drain Punch|p2a: Samurott\n|-supereffective|p2a: Samurott\n|-enditem|p2a: Samurott|Focus Sash\n|-damage|p2a: Samurott|1\/100\n|-heal|p1a: Ursaluna|60\/100 brn|[from] drain|[of] p2a: Samurott\n|\n|-damage|p1a: Ursaluna|53\/100 brn|[from] brn\n|upkeep\n|turn|5\n|\n|t:|1699241597\n|move|p2a: Samurott|Aqua Cutter|p1a: Ursaluna\n|-supereffective|p1a: Ursaluna\n|-damage|p1a: Ursaluna|0 fnt\n|faint|p1a: Ursaluna\n|\n|upkeep\n|\n|t:|1699241607\n|switch|p1a: Iron Bundle|Iron Bundle|100\/100\n|turn|6\n|\n|t:|1699241614\n|move|p1a: Iron Bundle|Ice Beam|p2a: Samurott\n|-resisted|p2a: Samurott\n|-damage|p2a: Samurott|0 fnt\n|faint|p2a: Samurott\n|\n|upkeep\n|\n|t:|1699241641\n|switch|p2a: Gholdengo|Gholdengo|100\/100\n|turn|7\n|\n|t:|1699241646\n|-end|p1a: Iron Bundle|Quark Drive|[silent]\n|switch|p1a: Goodra|Goodra, M|100\/100\n|move|p2a: Gholdengo|Make It Rain|p1a: Goodra\n|-damage|p1a: Goodra|62\/100\n|-unboost|p2a: Gholdengo|spa|1\n|\n|upkeep\n|turn|8\n|\n|t:|1699241678\n|switch|p2a: Dudunsparce|Dudunsparce-Three-Segment, F|100\/100\n|move|p1a: Goodra|Knock Off|p2a: Dudunsparce\n|-damage|p2a: Dudunsparce|82\/100\n|-enditem|p2a: Dudunsparce|Leftovers|[from] move: Knock Off|[of] p1a: Goodra\n|\n|upkeep\n|turn|9\n|\n|t:|1699241688\n|move|p1a: Goodra|Ice Beam|p2a: Dudunsparce\n|-damage|p2a: Dudunsparce|51\/100\n|move|p2a: Dudunsparce|Glare|p1a: Goodra\n|-status|p1a: Goodra|par\n|\n|upkeep\n|turn|10\n|\n|t:|1699241694\n|move|p2a: Dudunsparce|Coil|p2a: Dudunsparce\n|-boost|p2a: Dudunsparce|atk|1\n|-boost|p2a: Dudunsparce|def|1\n|-boost|p2a: Dudunsparce|accuracy|1\n|cant|p1a: Goodra|par\n|\n|upkeep\n|turn|11\n|\n|t:|1699241700\n|move|p2a: Dudunsparce|Headbutt|p1a: Goodra\n|-damage|p1a: Goodra|3\/100 par\n|cant|p1a: Goodra|flinch\n|\n|upkeep\n|turn|12\n|\n|t:|1699241704\n|move|p2a: Dudunsparce|Headbutt|p1a: Goodra\n|-damage|p1a: Goodra|0 fnt\n|faint|p1a: Goodra\n|\n|upkeep\n|\n|t:|1699241707\n|switch|p1a: Iron Bundle|Iron Bundle|100\/100\n|turn|13\n|\n|t:|1699241715\n|move|p1a: Iron Bundle|Ice Beam|p2a: Dudunsparce\n|-damage|p2a: Dudunsparce|0 fnt\n|faint|p2a: Dudunsparce\n|\n|upkeep\n|\n|t:|1699241733\n|switch|p2a: Gholdengo|Gholdengo|100\/100\n|turn|14\n|\n|t:|1699241739\n|-end|p1a: Iron Bundle|Quark Drive|[silent]\n|switch|p1a: Kingambit|Kingambit, F|100\/100\n|-activate|p1a: Kingambit|ability: Supreme Overlord\n|-start|p1a: Kingambit|fallen3|[silent]\n|move|p2a: Gholdengo|Make It Rain|p1a: Kingambit\n|-resisted|p1a: Kingambit\n|-damage|p1a: Kingambit|52\/100\n|-unboost|p2a: Gholdengo|spa|1\n|\n|upkeep\n|turn|15\n|\n|t:|1699241756\n|switch|p2a: Quagsire|Quagsire, F|100\/100\n|move|p1a: Kingambit|Kowtow Cleave|p2a: Quagsire\n|-damage|p2a: Quagsire|47\/100\n|-damage|p1a: Kingambit|35\/100|[from] item: Rocky Helmet|[of] p2a: Quagsire\n|\n|upkeep\n|turn|16\n|\n|t:|1699241763\n|move|p1a: Kingambit|Kowtow Cleave|p2a: Quagsire\n|-damage|p2a: Quagsire|0 fnt\n|-damage|p1a: Kingambit|19\/100|[from] item: Rocky Helmet|[of] p2a: Quagsire\n|faint|p2a: Quagsire\n|\n|upkeep\n|\n|t:|1699241776\n|switch|p2a: Great Tusk|Great Tusk|100\/100\n|-enditem|p2a: Great Tusk|Booster Energy\n|-activate|p2a: Great Tusk|ability: Protosynthesis|[fromitem]\n|-start|p2a: Great Tusk|protosynthesisatk\n|turn|17\n|\n|t:|1699241797\n|move|p2a: Great Tusk|Close Combat|p1a: Kingambit\n|-supereffective|p1a: Kingambit\n|-damage|p1a: Kingambit|0 fnt\n|-unboost|p2a: Great Tusk|def|1\n|-unboost|p2a: Great Tusk|spd|1\n|faint|p1a: Kingambit\n|-end|p1a: Kingambit|fallen3|[silent]\n|\n|upkeep\n|\n|t:|1699241802\n|switch|p1a: Iron Bundle|Iron Bundle|100\/100\n|turn|18\n|j| BillTheThrill42\n|\n|t:|1699241829\n|move|p1a: Iron Bundle|Ice Beam|p2a: Great Tusk\n|-supereffective|p2a: Great Tusk\n|-damage|p2a: Great Tusk|0 fnt\n|faint|p2a: Great Tusk\n|-end|p2a: Great Tusk|Protosynthesis|[silent]\n|\n|upkeep\n|\n|t:|1699241834\n|switch|p2a: Gholdengo|Gholdengo|100\/100\n|turn|19\n|\n|t:|1699241837\n|move|p1a: Iron Bundle|Ice Beam|p2a: Gholdengo\n|-resisted|p2a: Gholdengo\n|-damage|p2a: Gholdengo|64\/100\n|-status|p2a: Gholdengo|frz\n|cant|p2a: Gholdengo|frz\n|\n|upkeep\n|turn|20\n|c|\u2606ValidJohnSmith|no way\n|\n|t:|1699241849\n|move|p1a: Iron Bundle|Ice Beam|p2a: Gholdengo\n|-resisted|p2a: Gholdengo\n|-damage|p2a: Gholdengo|23\/100 frz\n|cant|p2a: Gholdengo|frz\n|\n|upkeep\n|turn|21\n|\n|t:|1699241855\n|move|p1a: Iron Bundle|Ice Beam|p2a: Gholdengo\n|-resisted|p2a: Gholdengo\n|-damage|p2a: Gholdengo|0 fnt\n|faint|p2a: Gholdengo\n|\n|win|Pokemachewy29\n|l|\u2606Pokemachewy29\n","uploadtime":1699241864,"views":3,"p1id":"pokemachewy29","p2id":"validjohnsmith","formatid":"gen9anythinggoes","rating":0,"private":0,"password":""}