{"id":"gen9anythinggoes-1972570672","p1":"YoungEsq","p2":"mesanoob","format":"[Gen 9] Anything Goes","log":"|j|\u2606YoungEsq\n|j|\u2606mesanoob\n|t:|1697858438\n|gametype|singles\n|player|p1|YoungEsq|169|1327\n|player|p2|mesanoob|lady|1298\n|teamsize|p1|6\n|teamsize|p2|6\n|gen|9\n|tier|[Gen 9] Anything Goes\n|rated|\n|rule|HP Percentage Mod: HP is shown in percentages\n|rule|Endless Battle Clause: Forcing endless battles is banned\n|clearpoke\n|poke|p1|Ting-Lu|\n|poke|p1|Gholdengo|\n|poke|p1|Roaring Moon|\n|poke|p1|Chi-Yu|\n|poke|p1|Samurott-Hisui, F|\n|poke|p1|Mandibuzz, F|\n|poke|p2|Toxapex, M|\n|poke|p2|Blissey, F|\n|poke|p2|Politoed, M|\n|poke|p2|Breloom, M|\n|poke|p2|Talonflame, M|\n|poke|p2|Zoroark, F|\n|teampreview\n|inactive|Battle timer is ON: inactive players will automatically lose when time's up. (requested by YoungEsq)\n|\n|t:|1697858451\n|start\n|switch|p1a: Ting-Lu|Ting-Lu|100\/100\n|switch|p2a: Talonflame|Talonflame, M|100\/100\n|-ability|p1a: Ting-Lu|Vessel of Ruin\n|turn|1\n|\n|t:|1697858459\n|move|p2a: Talonflame|Swords Dance|p2a: Talonflame\n|-boost|p2a: Talonflame|atk|2\n|move|p1a: Ting-Lu|Whirlwind|p2a: Talonflame\n|drag|p2a: Breloom|Breloom, M|100\/100\n|\n|upkeep\n|turn|2\n|\n|t:|1697858471\n|move|p2a: Breloom|U-turn|p1a: Ting-Lu\n|-supereffective|p1a: Ting-Lu\n|-damage|p1a: Ting-Lu|76\/100\n|\n|t:|1697858475\n|switch|p2a: Talonflame|Talonflame, M|100\/100|[from] U-turn\n|move|p1a: Ting-Lu|Stealth Rock|p2a: Talonflame\n|-sidestart|p2: mesanoob|move: Stealth Rock\n|\n|-heal|p1a: Ting-Lu|82\/100|[from] item: Leftovers\n|upkeep\n|turn|3\n|\n|t:|1697858489\n|move|p2a: Talonflame|Brave Bird|p1a: Ting-Lu\n|-damage|p1a: Ting-Lu|58\/100\n|-damage|p2a: Talonflame|86\/100|[from] Recoil\n|move|p1a: Ting-Lu|Whirlwind|p2a: Talonflame\n|drag|p2a: Breloom|Breloom, M|100\/100\n|-damage|p2a: Breloom|94\/100|[from] Stealth Rock\n|\n|-heal|p1a: Ting-Lu|64\/100|[from] item: Leftovers\n|upkeep\n|turn|4\n|\n|t:|1697858500\n|move|p2a: Breloom|Swords Dance|p2a: Breloom\n|-boost|p2a: Breloom|atk|2\n|move|p1a: Ting-Lu|Ruination|p2a: Breloom\n|-damage|p2a: Breloom|48\/100\n|\n|-heal|p1a: Ting-Lu|70\/100|[from] item: Leftovers\n|upkeep\n|turn|5\n|\n|t:|1697858508\n|move|p2a: Breloom|Bullet Seed|p1a: Ting-Lu\n|-supereffective|p1a: Ting-Lu\n|-crit|p1a: Ting-Lu\n|-damage|p1a: Ting-Lu|9\/100\n|-supereffective|p1a: Ting-Lu\n|-damage|p1a: Ting-Lu|0 fnt\n|faint|p1a: Ting-Lu\n|-hitcount|p1: Ting-Lu|2\n|\n|upkeep\n|\n|t:|1697858513\n|switch|p1a: Chi-Yu|Chi-Yu|100\/100\n|-ability|p1a: Chi-Yu|Beads of Ruin\n|turn|6\n|\n|t:|1697858528\n|-terastallize|p1a: Chi-Yu|Poison\n|move|p2a: Breloom|Mach Punch|p1a: Chi-Yu\n|-resisted|p1a: Chi-Yu\n|-damage|p1a: Chi-Yu|46\/100\n|move|p1a: Chi-Yu|Flamethrower|p2a: Breloom\n|-supereffective|p2a: Breloom\n|-damage|p2a: Breloom|0 fnt\n|faint|p2a: Breloom\n|\n|upkeep\n|\n|t:|1697858540\n|switch|p2a: Toxapex|Toxapex, M|100\/100\n|-damage|p2a: Toxapex|88\/100|[from] Stealth Rock\n|turn|7\n|\n|t:|1697858546\n|switch|p1a: Samurott|Samurott-Hisui, F|100\/100\n|move|p2a: Toxapex|Toxic Spikes|p1a: Samurott\n|-sidestart|p1: YoungEsq|move: Toxic Spikes\n|\n|-heal|p2a: Toxapex|94\/100|[from] item: Black Sludge\n|upkeep\n|turn|8\n|\n|t:|1697858569\n|move|p1a: Samurott|Ceaseless Edge|p2a: Toxapex\n|-damage|p2a: Toxapex|58\/100\n|-sidestart|p2: mesanoob|Spikes\n|move|p2a: Toxapex|Toxic Spikes|p1a: Samurott\n|-sidestart|p1: YoungEsq|move: Toxic Spikes\n|\n|-heal|p2a: Toxapex|64\/100|[from] item: Black Sludge\n|upkeep\n|turn|9\n|\n|t:|1697858583\n|move|p1a: Samurott|Ceaseless Edge|p2a: Toxapex\n|-damage|p2a: Toxapex|29\/100\n|-sidestart|p2: mesanoob|Spikes\n|move|p2a: Toxapex|Gunk Shot|p1a: Samurott\n|-damage|p1a: Samurott|50\/100\n|-status|p1a: Samurott|psn\n|\n|-heal|p2a: Toxapex|34\/100|[from] item: Black Sludge\n|-damage|p1a: Samurott|38\/100 psn|[from] psn\n|upkeep\n|turn|10\n|\n|t:|1697858595\n|move|p1a: Samurott|Ceaseless Edge|p2a: Toxapex\n|-damage|p2a: Toxapex|1\/100\n|-sidestart|p2: mesanoob|Spikes\n|move|p2a: Toxapex|Ice Spinner|p1a: Samurott\n|-resisted|p1a: Samurott\n|-crit|p1a: Samurott\n|-damage|p1a: Samurott|21\/100 psn\n|\n|-heal|p2a: Toxapex|7\/100|[from] item: Black Sludge\n|-damage|p1a: Samurott|8\/100 psn|[from] psn\n|upkeep\n|turn|11\n|\n|t:|1697858605\n|move|p1a: Samurott|Razor Shell|p2a: Toxapex\n|-resisted|p2a: Toxapex\n|-damage|p2a: Toxapex|0 fnt\n|faint|p2a: Toxapex\n|\n|-damage|p1a: Samurott|0 fnt|[from] psn\n|faint|p1a: Samurott\n|upkeep\n|\n|t:|1697858621\n|switch|p1a: Chi-Yu|Chi-Yu, tera:Poison|46\/100\n|switch|p2a: Politoed|Politoed, M|100\/100\n|-sideend|p1: YoungEsq|move: Toxic Spikes|[of] p1a: Chi-Yu\n|-ability|p1a: Chi-Yu|Beads of Ruin\n|-damage|p2a: Politoed|88\/100|[from] Stealth Rock\n|-damage|p2a: Politoed|63\/100|[from] Spikes\n|-weather|RainDance|[from] ability: Drizzle|[of] p2a: Politoed\n|turn|12\n|\n|t:|1697858633\n|move|p1a: Chi-Yu|Dark Pulse|p2a: Politoed\n|-damage|p2a: Politoed|13\/100\n|cant|p2a: Politoed|flinch\n|\n|-weather|RainDance|[upkeep]\n|upkeep\n|turn|13\n|c|\u2606mesanoob|that flinch is gg\n|\n|t:|1697858649\n|move|p1a: Chi-Yu|Dark Pulse|p2a: Politoed\n|-damage|p2a: Politoed|0 fnt\n|faint|p2a: Politoed\n|\n|-weather|RainDance|[upkeep]\n|upkeep\n|\n|t:|1697858657\n|switch|p2a: Blissey|Blissey, F|100\/100\n|-damage|p2a: Blissey|88\/100|[from] Stealth Rock\n|-damage|p2a: Blissey|63\/100|[from] Spikes\n|turn|14\n|\n|t:|1697858665\n|switch|p1a: Gholdengo|Gholdengo|100\/100\n|-item|p1a: Gholdengo|Air Balloon\n|move|p2a: Blissey|Psychic|p1a: Gholdengo\n|-resisted|p1a: Gholdengo\n|-damage|p1a: Gholdengo|87\/100\n|-enditem|p1a: Gholdengo|Air Balloon\n|\n|-weather|RainDance|[upkeep]\n|upkeep\n|turn|15\n|\n|t:|1697858678\n|move|p1a: Gholdengo|Nasty Plot|p1a: Gholdengo\n|-boost|p1a: Gholdengo|spa|2\n|move|p2a: Blissey|Flamethrower|p1a: Gholdengo\n|-supereffective|p1a: Gholdengo\n|-damage|p1a: Gholdengo|59\/100\n|-status|p1a: Gholdengo|brn\n|\n|-weather|RainDance|[upkeep]\n|-damage|p1a: Gholdengo|53\/100 brn|[from] brn\n|upkeep\n|turn|16\n|\n|t:|1697858690\n|move|p1a: Gholdengo|Recover|p1a: Gholdengo\n|-heal|p1a: Gholdengo|100\/100 brn\n|move|p2a: Blissey|Thunder|p1a: Gholdengo\n|-damage|p1a: Gholdengo|63\/100 brn\n|\n|-weather|RainDance|[upkeep]\n|-damage|p1a: Gholdengo|57\/100 brn|[from] brn\n|upkeep\n|turn|17\n|\n|t:|1697858699\n|move|p1a: Gholdengo|Recover|p1a: Gholdengo\n|-heal|p1a: Gholdengo|100\/100 brn\n|move|p2a: Blissey|Thunder|p1a: Gholdengo\n|-damage|p1a: Gholdengo|68\/100 brn\n|\n|-weather|RainDance|[upkeep]\n|-damage|p1a: Gholdengo|62\/100 brn|[from] brn\n|upkeep\n|turn|18\n|\n|t:|1697858706\n|move|p1a: Gholdengo|Nasty Plot|p1a: Gholdengo\n|-boost|p1a: Gholdengo|spa|2\n|move|p2a: Blissey|Thunder|p1a: Gholdengo\n|-damage|p1a: Gholdengo|30\/100 brn\n|\n|-weather|RainDance|[upkeep]\n|-damage|p1a: Gholdengo|24\/100 brn|[from] brn\n|upkeep\n|turn|19\n|\n|t:|1697858716\n|move|p1a: Gholdengo|Recover|p1a: Gholdengo\n|-heal|p1a: Gholdengo|74\/100 brn\n|move|p2a: Blissey|Thunder|p1a: Gholdengo\n|-damage|p1a: Gholdengo|43\/100 brn\n|\n|-weather|none\n|-damage|p1a: Gholdengo|37\/100 brn|[from] brn\n|upkeep\n|turn|20\n|\n|t:|1697858724\n|move|p1a: Gholdengo|Recover|p1a: Gholdengo\n|-heal|p1a: Gholdengo|87\/100 brn\n|move|p2a: Blissey|Flamethrower|p1a: Gholdengo\n|-supereffective|p1a: Gholdengo\n|-damage|p1a: Gholdengo|35\/100 brn\n|\n|-damage|p1a: Gholdengo|29\/100 brn|[from] brn\n|upkeep\n|turn|21\n|\n|t:|1697858731\n|move|p1a: Gholdengo|Make It Rain|p2a: Blissey\n|-damage|p2a: Blissey|18\/100\n|-unboost|p1a: Gholdengo|spa|1\n|move|p2a: Blissey|Flamethrower|p1a: Gholdengo\n|-supereffective|p1a: Gholdengo\n|-damage|p1a: Gholdengo|0 fnt\n|faint|p1a: Gholdengo\n|\n|upkeep\n|\n|t:|1697858744\n|switch|p1a: Roaring Moon|Roaring Moon|100\/100\n|-enditem|p1a: Roaring Moon|Booster Energy\n|-activate|p1a: Roaring Moon|ability: Protosynthesis|[fromitem]\n|-start|p1a: Roaring Moon|protosynthesisatk\n|turn|22\n|\n|t:|1697858750\n|move|p1a: Roaring Moon|Dragon Dance|p1a: Roaring Moon\n|-boost|p1a: Roaring Moon|atk|1\n|-boost|p1a: Roaring Moon|spe|1\n|move|p2a: Blissey|Dazzling Gleam|p1a: Roaring Moon\n|-supereffective|p1a: Roaring Moon\n|-damage|p1a: Roaring Moon|21\/100\n|\n|upkeep\n|turn|23\n|\n|t:|1697858757\n|move|p1a: Roaring Moon|Iron Head|p2a: Blissey\n|-damage|p2a: Blissey|0 fnt\n|faint|p2a: Blissey\n|\n|upkeep\n|\n|t:|1697858778\n|switch|p2a: Talonflame|Talonflame, M|86\/100\n|turn|24\n|\n|t:|1697858793\n|move|p1a: Roaring Moon|Dragon Claw|p2a: Talonflame\n|-damage|p2a: Talonflame|0 fnt\n|faint|p2a: Talonflame\n|\n|upkeep\n|\n|t:|1697858797\n|switch|p2a: Zoroark|Zoroark, F|100\/100\n|-damage|p2a: Zoroark|88\/100|[from] Stealth Rock\n|-damage|p2a: Zoroark|63\/100|[from] Spikes\n|turn|25\n|\n|t:|1697858804\n|move|p2a: Zoroark|Sucker Punch|p1a: Roaring Moon\n|-resisted|p1a: Roaring Moon\n|-damage|p1a: Roaring Moon|0 fnt\n|faint|p1a: Roaring Moon\n|-end|p1a: Roaring Moon|Protosynthesis|[silent]\n|\n|upkeep\n|\n|t:|1697858808\n|switch|p1a: Mandibuzz|Mandibuzz, F|100\/100\n|turn|26\n|\n|t:|1697858813\n|move|p2a: Zoroark|Swords Dance|p2a: Zoroark\n|-boost|p2a: Zoroark|atk|2\n|move|p1a: Mandibuzz|Toxic|p2a: Zoroark\n|-status|p2a: Zoroark|tox\n|\n|-damage|p2a: Zoroark|57\/100 tox|[from] psn\n|upkeep\n|turn|27\n|\n|t:|1697858820\n|move|p2a: Zoroark|Knock Off|p1a: Mandibuzz\n|-resisted|p1a: Mandibuzz\n|-damage|p1a: Mandibuzz|68\/100\n|-enditem|p1a: Mandibuzz|Heavy-Duty Boots|[from] move: Knock Off|[of] p2a: Zoroark\n|move|p1a: Mandibuzz|Foul Play|p2a: Zoroark\n|-resisted|p2a: Zoroark\n|-damage|p2a: Zoroark|0 fnt\n|faint|p2a: Zoroark\n|\n|win|YoungEsq\n|raw|YoungEsq's rating: 1327 &rarr; <strong>1345<\/strong><br \/>(+18 for winning)\n|raw|mesanoob's rating: 1298 &rarr; <strong>1275<\/strong><br \/>(-23 for losing)\n","uploadtime":1697858824,"views":9,"p1id":"youngesq","p2id":"mesanoob","formatid":"gen9anythinggoes","rating":1275,"private":0,"password":""}