{"id":"gen9anythinggoes-1985612485","p1":"genisu x org","p2":"Rusty sss8","format":"[Gen 9] Anything Goes","log":"|j|\u203dgenisu x org\n|j|\u2606Rusty sss8\n|t:|1699389020\n|gametype|singles\n|player|p1|genisu x org|1|1321\n|player|p2|Rusty sss8|swimmerf-gen4dp|1376\n|teamsize|p1|6\n|teamsize|p2|6\n|gen|9\n|tier|[Gen 9] Anything Goes\n|rated|\n|rule|HP Percentage Mod: HP is shown in percentages\n|rule|Endless Battle Clause: Forcing endless battles is banned\n|clearpoke\n|poke|p1|Ursaluna-Bloodmoon, M|\n|poke|p1|Koraidon|\n|poke|p1|Calyrex-Ice|\n|poke|p1|Rayquaza|\n|poke|p1|Arceus-Fairy|\n|poke|p1|Arceus|\n|poke|p2|Weavile, F|\n|poke|p2|Murkrow, F|\n|poke|p2|Yanmega, M|\n|poke|p2|Azelf|\n|poke|p2|Heracross, M|\n|poke|p2|Magneton|\n|teampreview\n|inactive|Battle timer is ON: inactive players will automatically lose when time's up. (requested by Rusty sss8)\n|\n|t:|1699389030\n|start\n|switch|p1a: Rayquaza|Rayquaza|100\/100\n|switch|p2a: Pink Floyd|Azelf|100\/100\n|-ability|p1a: Rayquaza|Air Lock\n|turn|1\n|\n|t:|1699389034\n|move|p2a: Pink Floyd|Explosion|p1a: Rayquaza\n|-damage|p1a: Rayquaza|6\/100\n|faint|p2a: Pink Floyd\n|move|p1a: Rayquaza|Stealth Rock|p2: Pink Floyd\n|-sidestart|p2: Rusty sss8|move: Stealth Rock\n|\n|upkeep\n|\n|t:|1699389045\n|switch|p2a: Tally Hall|Heracross, M|100\/100\n|-damage|p2a: Tally Hall|88\/100|[from] Stealth Rock\n|turn|2\n|\n|t:|1699389052\n|move|p1a: Rayquaza|Extreme Speed|p2a: Tally Hall\n|-damage|p2a: Tally Hall|38\/100\n|move|p2a: Tally Hall|Knock Off|p1a: Rayquaza\n|-damage|p1a: Rayquaza|0 fnt\n|-enditem|p1a: Rayquaza|Focus Sash|[from] move: Knock Off|[of] p2a: Tally Hall\n|faint|p1a: Rayquaza\n|-ability|p2a: Tally Hall|Moxie|boost\n|-boost|p2a: Tally Hall|atk|1\n|\n|upkeep\n|\n|t:|1699389077\n|switch|p1a: Arceus|Arceus-Fairy|100\/100\n|turn|3\n|\n|t:|1699389079\n|move|p2a: Tally Hall|Knock Off|p1a: Arceus\n|-resisted|p1a: Arceus\n|-damage|p1a: Arceus|89\/100\n|move|p1a: Arceus|Trick Room|p1a: Arceus\n|-fieldstart|move: Trick Room|[of] p1a: Arceus\n|\n|upkeep\n|turn|4\n|\n|t:|1699389084\n|move|p1a: Arceus|Judgment|p2a: Tally Hall\n|-supereffective|p2a: Tally Hall\n|-damage|p2a: Tally Hall|0 fnt\n|faint|p2a: Tally Hall\n|\n|upkeep\n|\n|t:|1699389087\n|switch|p2a: The Happy Fits|Magneton|100\/100\n|-damage|p2a: The Happy Fits|94\/100|[from] Stealth Rock\n|turn|5\n|\n|t:|1699389092\n|move|p2a: The Happy Fits|Flash Cannon|p1a: Arceus\n|-supereffective|p1a: Arceus\n|-damage|p1a: Arceus|54\/100\n|move|p1a: Arceus|Healing Wish|p1a: Arceus\n|faint|p1a: Arceus\n|\n|upkeep\n|\n|t:|1699389100\n|switch|p1a: Ursaluna|Ursaluna-Bloodmoon, M|100\/100\n|turn|6\n|\n|t:|1699389105\n|-terastallize|p2a: The Happy Fits|Water\n|move|p1a: Ursaluna|Earth Power|p2a: The Happy Fits\n|-damage|p2a: The Happy Fits|31\/100\n|-damage|p1a: Ursaluna|90\/100|[from] item: Life Orb\n|move|p2a: The Happy Fits|Tera Blast|p1a: Ursaluna|[anim] Tera Blast Water\n|-supereffective|p1a: Ursaluna\n|-damage|p1a: Ursaluna|0 fnt\n|faint|p1a: Ursaluna\n|\n|upkeep\n|\n|t:|1699389113\n|switch|p1a: Calyrex|Calyrex-Ice|100\/100\n|-ability|p1a: Calyrex|As One\n|-ability|p1a: Calyrex|Unnerve\n|turn|7\n|\n|t:|1699389116\n|move|p1a: Calyrex|Glacial Lance|p2a: The Happy Fits\n|-resisted|p2a: The Happy Fits\n|-damage|p2a: The Happy Fits|0 fnt\n|faint|p2a: The Happy Fits\n|-ability|p1a: Calyrex|Chilling Neigh|boost\n|-boost|p1a: Calyrex|atk|1\n|\n|-fieldend|move: Trick Room\n|upkeep\n|\n|t:|1699389123\n|switch|p2a: Wallows|Murkrow, F|100\/100\n|-damage|p2a: Wallows|76\/100|[from] Stealth Rock\n|turn|8\n|\n|t:|1699389128\n|move|p2a: Wallows|Thunder Wave|p1a: Calyrex\n|-status|p1a: Calyrex|par\n|cant|p1a: Calyrex|par\n|\n|upkeep\n|turn|9\n|\n|t:|1699389131\n|move|p2a: Wallows|Foul Play|p1a: Calyrex\n|-supereffective|p1a: Calyrex\n|-damage|p1a: Calyrex|0 fnt\n|faint|p1a: Calyrex\n|\n|upkeep\n|\n|t:|1699389138\n|switch|p1a: Koraidon|Koraidon|100\/100\n|-weather|SunnyDay|[from] ability: Orichalcum Pulse|[of] p1a: Koraidon\n|-activate|p1a: Koraidon|Orichalcum Pulse|[source]\n|turn|10\n|\n|t:|1699389146\n|move|p2a: Wallows|Thunder Wave|p1a: Koraidon\n|-status|p1a: Koraidon|par\n|move|p1a: Koraidon|Flare Blitz|p2a: Wallows\n|-damage|p2a: Wallows|0 fnt\n|faint|p2a: Wallows\n|-damage|p1a: Koraidon|81\/100 par|[from] Recoil\n|\n|-weather|SunnyDay|[upkeep]\n|upkeep\n|\n|t:|1699389149\n|switch|p2a: MGMT|Yanmega, M|100\/100\n|-damage|p2a: MGMT|51\/100|[from] Stealth Rock\n|turn|11\n|\n|t:|1699389158\n|move|p2a: MGMT|Protect|p2a: MGMT\n|-singleturn|p2a: MGMT|Protect\n|cant|p1a: Koraidon|par\n|\n|-weather|SunnyDay|[upkeep]\n|-ability|p2a: MGMT|Speed Boost|boost\n|-boost|p2a: MGMT|spe|1\n|upkeep\n|turn|12\n|\n|t:|1699389161\n|move|p2a: MGMT|Air Slash|p1a: Koraidon\n|-supereffective|p1a: Koraidon\n|-damage|p1a: Koraidon|0 fnt\n|faint|p1a: Koraidon\n|-damage|p2a: MGMT|41\/100|[from] item: Life Orb\n|\n|-weather|SunnyDay|[upkeep]\n|-ability|p2a: MGMT|Speed Boost|boost\n|-boost|p2a: MGMT|spe|1\n|upkeep\n|\n|t:|1699389163\n|switch|p1a: Arceus|Arceus|100\/100\n|turn|13\n|inactive|genisu x org has 120 seconds left.\n|\n|t:|1699389200\n|-terastallize|p1a: Arceus|Electric\n|move|p2a: MGMT|Air Slash|p1a: Arceus\n|-resisted|p1a: Arceus\n|-damage|p1a: Arceus|84\/100\n|-damage|p2a: MGMT|31\/100|[from] item: Life Orb\n|cant|p1a: Arceus|flinch\n|\n|-weather|SunnyDay|[upkeep]\n|-ability|p2a: MGMT|Speed Boost|boost\n|-boost|p2a: MGMT|spe|1\n|upkeep\n|turn|14\n|inactive|genisu x org has 120 seconds left.\n|\n|t:|1699389207\n|move|p2a: MGMT|Bug Buzz|p1a: Arceus\n|-damage|p1a: Arceus|45\/100\n|-damage|p2a: MGMT|21\/100|[from] item: Life Orb\n|move|p1a: Arceus|Trick Room|p1a: Arceus\n|-fieldstart|move: Trick Room|[of] p1a: Arceus\n|\n|-weather|none\n|-ability|p2a: MGMT|Speed Boost|boost\n|-boost|p2a: MGMT|spe|1\n|upkeep\n|turn|15\n|\n|t:|1699389213\n|move|p1a: Arceus|Extreme Speed|p2a: MGMT\n|-damage|p2a: MGMT|0 fnt\n|faint|p2a: MGMT\n|\n|upkeep\n|\n|t:|1699389215\n|switch|p2a: The Strokes|Weavile, F|100\/100\n|-damage|p2a: The Strokes|76\/100|[from] Stealth Rock\n|turn|16\n|\n|t:|1699389224\n|move|p1a: Arceus|Extreme Speed|p2a: The Strokes\n|-damage|p2a: The Strokes|17\/100\n|move|p2a: The Strokes|Icicle Crash|p1a: Arceus|[miss]\n|-miss|p2a: The Strokes|p1a: Arceus\n|\n|upkeep\n|turn|17\n|\n|t:|1699389229\n|move|p1a: Arceus|Extreme Speed|p2a: The Strokes\n|-damage|p2a: The Strokes|0 fnt\n|faint|p2a: The Strokes\n|\n|win|genisu x org\n|raw|genisu x org's rating: 1321 &rarr; <strong>1344<\/strong><br \/>(+23 for winning)\n|raw|Rusty sss8's rating: 1376 &rarr; <strong>1353<\/strong><br \/>(-23 for losing)\n|l|\u2606Rusty sss8\n","uploadtime":1699389240,"views":4,"p1id":"genisuxorg","p2id":"rustysss8","formatid":"gen9anythinggoes","rating":1344,"private":0,"password":""}