{"id":"gen9anythinggoes-1989191246","p1":"Erenicko.","p2":"setofleischer","format":"[Gen 9] Anything Goes","log":"|j|\u2606Erenicko.\n|j|\u2606setofleischer\n|t:|1699821788\n|gametype|singles\n|player|p1|Erenicko.|lillie-masters2|\n|player|p2|setofleischer|169|\n|teamsize|p1|6\n|teamsize|p2|6\n|gen|9\n|tier|[Gen 9] Anything Goes\n|rule|HP Percentage Mod: HP is shown in percentages\n|rule|Endless Battle Clause: Forcing endless battles is banned\n|clearpoke\n|poke|p1|Infernape, M|\n|poke|p1|Slowking, F|\n|poke|p1|Enamorus-Therian, F|\n|poke|p1|Revavroom, M|\n|poke|p1|Grafaiai, M|\n|poke|p1|Oricorio-Sensu, M|\n|poke|p2|Urshifu-*, F|\n|poke|p2|Gengar, F|\n|poke|p2|Amoonguss, F|\n|poke|p2|Weavile, F|\n|poke|p2|Morpeko, M|\n|poke|p2|Milotic, F|\n|teampreview\n|c|\u2606Erenicko.|hf\n|j| Dennis wa\n|j| Batikan17\n|c| Batikan17|Hf jungs\n|c|\u2606setofleischer|hf\n|j| Horuskoria\n|\n|t:|1699821978\n|start\n|switch|p1a: Grafaiai|Grafaiai, M|100\/100\n|switch|p2a: Urshifu|Urshifu-Rapid-Strike, F|100\/100\n|turn|1\n|\n|t:|1699821987\n|switch|p1a: Slowking|Slowking, F|100\/100\n|move|p2a: Urshifu|U-turn|p1a: Slowking\n|-supereffective|p1a: Slowking\n|-damage|p1a: Slowking|62\/100\n|\n|t:|1699822000\n|switch|p2a: Gengar|Gengar, F|100\/100|[from] U-turn\n|\n|upkeep\n|turn|2\n|\n|t:|1699822007\n|switch|p1a: Grafaiai|Grafaiai, M|100\/100\n|move|p2a: Gengar|Shadow Ball|p1a: Grafaiai\n|-immune|p1a: Grafaiai\n|\n|upkeep\n|turn|3\n|\n|t:|1699822015\n|switch|p2a: Amoonguss|Amoonguss, F|100\/100\n|move|p1a: Grafaiai|Knock Off|p2a: Amoonguss\n|-damage|p2a: Amoonguss|79\/100\n|-enditem|p2a: Amoonguss|Black Sludge|[from] move: Knock Off|[of] p1a: Grafaiai\n|\n|upkeep\n|turn|4\n|\n|t:|1699822031\n|move|p1a: Grafaiai|Taunt|p2a: Amoonguss\n|-start|p2a: Amoonguss|move: Taunt\n|move|p2a: Amoonguss|Sludge Bomb|p1a: Grafaiai\n|-resisted|p1a: Grafaiai\n|-damage|p1a: Grafaiai|82\/100\n|\n|-heal|p1a: Grafaiai|88\/100|[from] item: Black Sludge\n|upkeep\n|turn|5\n|\n|t:|1699822049\n|switch|p2a: Morpeko|Morpeko, M|100\/100\n|move|p1a: Grafaiai|Parting Shot|p2a: Morpeko\n|-unboost|p2a: Morpeko|atk|1\n|-unboost|p2a: Morpeko|spa|1\n|\n|t:|1699822052\n|switch|p1a: Infernape|Infernape, M|100\/100|[from] Parting Shot\n|\n|-formechange|p2a: Morpeko|Morpeko-Hangry||[from] ability: Hunger Switch\n|upkeep\n|turn|6\n|\n|t:|1699822068\n|switch|p2a: Urshifu|Urshifu-Rapid-Strike, F|100\/100\n|move|p1a: Infernape|Stealth Rock|p2a: Urshifu\n|-sidestart|p2: setofleischer|move: Stealth Rock\n|\n|upkeep\n|turn|7\n|\n|t:|1699822077\n|switch|p1a: Slowking|Slowking, F|96\/100\n|move|p2a: Urshifu|U-turn|p1a: Slowking\n|-supereffective|p1a: Slowking\n|-damage|p1a: Slowking|60\/100\n|\n|t:|1699822083\n|switch|p2a: Morpeko|Morpeko, M|100\/100|[from] U-turn\n|\n|-formechange|p2a: Morpeko|Morpeko-Hangry||[from] ability: Hunger Switch\n|upkeep\n|turn|8\n|\n|t:|1699822094\n|switch|p1a: Infernape|Infernape, M|100\/100\n|move|p2a: Morpeko|Knock Off|p1a: Infernape\n|-resisted|p1a: Infernape\n|-crit|p1a: Infernape\n|-damage|p1a: Infernape|67\/100\n|-damage|p2a: Morpeko|84\/100|[from] item: Rocky Helmet|[of] p1a: Infernape\n|-enditem|p1a: Infernape|Rocky Helmet|[from] move: Knock Off|[of] p2a: Morpeko\n|\n|-formechange|p2a: Morpeko|Morpeko||[from] ability: Hunger Switch\n|upkeep\n|turn|9\n|\n|t:|1699822112\n|switch|p2a: Milotic|Milotic, F|100\/100\n|-damage|p2a: Milotic|88\/100|[from] Stealth Rock\n|move|p1a: Infernape|Slack Off|p1a: Infernape\n|-heal|p1a: Infernape|100\/100\n|\n|-status|p2a: Milotic|brn|[from] item: Flame Orb\n|upkeep\n|turn|10\n|\n|t:|1699822120\n|move|p1a: Infernape|U-turn|p2a: Milotic\n|-damage|p2a: Milotic|81\/100 brn\n|\n|t:|1699822122\n|switch|p1a: Slowking|Slowking, F|93\/100|[from] U-turn\n|move|p2a: Milotic|Flip Turn|p1a: Slowking\n|-resisted|p1a: Slowking\n|-damage|p1a: Slowking|91\/100\n|\n|t:|1699822128\n|switch|p2a: Morpeko|Morpeko, M|84\/100|[from] Flip Turn\n|\n|-formechange|p2a: Morpeko|Morpeko-Hangry||[from] ability: Hunger Switch\n|upkeep\n|turn|11\n|\n|t:|1699822155\n|switch|p1a: Infernape|Infernape, M|100\/100\n|move|p2a: Morpeko|Aura Wheel|p1a: Infernape\n|-resisted|p1a: Infernape\n|-damage|p1a: Infernape|78\/100\n|-boost|p2a: Morpeko|spe|1\n|\n|-formechange|p2a: Morpeko|Morpeko||[from] ability: Hunger Switch\n|upkeep\n|turn|12\n|\n|t:|1699822166\n|switch|p2a: Milotic|Milotic, F|81\/100 brn\n|-damage|p2a: Milotic|69\/100 brn|[from] Stealth Rock\n|move|p1a: Infernape|Slack Off|p1a: Infernape\n|-heal|p1a: Infernape|100\/100\n|\n|-damage|p2a: Milotic|62\/100 brn|[from] brn\n|upkeep\n|turn|13\n|\n|t:|1699822176\n|move|p1a: Infernape|U-turn|p2a: Milotic\n|-damage|p2a: Milotic|56\/100 brn\n|\n|t:|1699822179\n|switch|p1a: Slowking|Slowking, F|100\/100|[from] U-turn\n|move|p2a: Milotic|Flip Turn|p1a: Slowking\n|-resisted|p1a: Slowking\n|-damage|p1a: Slowking|98\/100\n|\n|t:|1699822187\n|switch|p2a: Morpeko|Morpeko, M|84\/100|[from] Flip Turn\n|\n|-formechange|p2a: Morpeko|Morpeko-Hangry||[from] ability: Hunger Switch\n|upkeep\n|turn|14\n|\n|t:|1699822196\n|switch|p1a: Infernape|Infernape, M|100\/100\n|move|p2a: Morpeko|Rapid Spin|p1a: Infernape\n|-damage|p1a: Infernape|85\/100\n|-boost|p2a: Morpeko|spe|1\n|-sideend|p2: setofleischer|Stealth Rock|[from] move: Rapid Spin|[of] p2a: Morpeko\n|\n|-formechange|p2a: Morpeko|Morpeko||[from] ability: Hunger Switch\n|upkeep\n|turn|15\n|j| michpanta\n|\n|t:|1699822205\n|move|p2a: Morpeko|Parting Shot|p1a: Infernape\n|-unboost|p1a: Infernape|atk|1\n|-unboost|p1a: Infernape|spa|1\n|\n|t:|1699822209\n|switch|p2a: Milotic|Milotic, F|56\/100 brn|[from] Parting Shot\n|move|p1a: Infernape|Slack Off|p1a: Infernape\n|-heal|p1a: Infernape|100\/100\n|\n|-damage|p2a: Milotic|49\/100 brn|[from] brn\n|upkeep\n|turn|16\n|\n|t:|1699822216\n|move|p1a: Infernape|Stealth Rock|p2a: Milotic\n|-sidestart|p2: setofleischer|move: Stealth Rock\n|move|p2a: Milotic|Recover|p2a: Milotic\n|-heal|p2a: Milotic|99\/100 brn\n|\n|-damage|p2a: Milotic|93\/100 brn|[from] brn\n|upkeep\n|turn|17\n|\n|t:|1699822222\n|move|p1a: Infernape|U-turn|p2a: Milotic\n|-damage|p2a: Milotic|89\/100 brn\n|\n|t:|1699822225\n|switch|p1a: Slowking|Slowking, F|100\/100|[from] U-turn\n|move|p2a: Milotic|Flip Turn|p1a: Slowking\n|-resisted|p1a: Slowking\n|-damage|p1a: Slowking|98\/100\n|\n|t:|1699822234\n|switch|p2a: Weavile|Weavile, F|100\/100|[from] Flip Turn\n|-ability|p2a: Weavile|Pressure\n|\n|upkeep\n|turn|18\n|\n|t:|1699822282\n|move|p2a: Weavile|Knock Off|p1a: Slowking\n|-supereffective|p1a: Slowking\n|-damage|p1a: Slowking|23\/100\n|-enditem|p1a: Slowking|Wacan Berry|[from] move: Knock Off|[of] p2a: Weavile\n|move|p1a: Slowking|Thunder Wave|p2a: Weavile\n|-status|p2a: Weavile|par\n|\n|upkeep\n|turn|19\n|\n|t:|1699822294\n|switch|p2a: Milotic|Milotic, F|89\/100 brn\n|-damage|p2a: Milotic|76\/100 brn|[from] Stealth Rock\n|switch|p1a: Infernape|Infernape, M|100\/100\n|\n|-damage|p2a: Milotic|70\/100 brn|[from] brn\n|upkeep\n|turn|20\n|\n|t:|1699822303\n|move|p1a: Infernape|U-turn|p2a: Milotic\n|-damage|p2a: Milotic|63\/100 brn\n|\n|t:|1699822305\n|switch|p1a: Slowking|Slowking, F|56\/100|[from] U-turn\n|move|p2a: Milotic|Flip Turn|p1a: Slowking\n|-resisted|p1a: Slowking\n|-damage|p1a: Slowking|53\/100\n|\n|t:|1699822351\n|switch|p2a: Urshifu|Urshifu-Rapid-Strike, F|100\/100|[from] Flip Turn\n|-damage|p2a: Urshifu|94\/100|[from] Stealth Rock\n|\n|upkeep\n|turn|21\n|\n|t:|1699822359\n|switch|p1a: Enamorus|Enamorus-Therian, F|100\/100\n|move|p2a: Urshifu|Thunder Punch|p1a: Enamorus\n|-supereffective|p1a: Enamorus\n|-damage|p1a: Enamorus|48\/100\n|\n|-heal|p1a: Enamorus|53\/100|[from] item: Leftovers\n|upkeep\n|turn|22\n|\n|t:|1699822444\n|move|p2a: Urshifu|U-turn|p1a: Enamorus\n|-resisted|p1a: Enamorus\n|-damage|p1a: Enamorus|48\/100\n|\n|t:|1699822449\n|switch|p2a: Amoonguss|Amoonguss, F|100\/100|[from] U-turn\n|-damage|p2a: Amoonguss|88\/100|[from] Stealth Rock\n|move|p1a: Enamorus|Moonblast|p2a: Amoonguss\n|-resisted|p2a: Amoonguss\n|-damage|p2a: Amoonguss|73\/100\n|\n|-heal|p1a: Enamorus|54\/100|[from] item: Leftovers\n|upkeep\n|turn|23\n|\n|t:|1699822468\n|switch|p1a: Oricorio|Oricorio-Sensu, M|100\/100\n|switch|p2a: Morpeko|Morpeko, M|84\/100\n|\n|-formechange|p2a: Morpeko|Morpeko-Hangry||[from] ability: Hunger Switch\n|upkeep\n|turn|24\n|\n|t:|1699822483\n|switch|p1a: Infernape|Infernape, M|100\/100\n|move|p2a: Morpeko|Aura Wheel|p1a: Infernape\n|-resisted|p1a: Infernape\n|-damage|p1a: Infernape|75\/100\n|-boost|p2a: Morpeko|spe|1\n|\n|-formechange|p2a: Morpeko|Morpeko||[from] ability: Hunger Switch\n|upkeep\n|turn|25\n|\n|t:|1699822495\n|switch|p2a: Milotic|Milotic, F|63\/100 brn\n|-damage|p2a: Milotic|50\/100 brn|[from] Stealth Rock\n|move|p1a: Infernape|Flamethrower|p2a: Milotic\n|-resisted|p2a: Milotic\n|-damage|p2a: Milotic|37\/100 brn\n|\n|-damage|p2a: Milotic|31\/100 brn|[from] brn\n|upkeep\n|turn|26\n|\n|t:|1699822505\n|move|p1a: Infernape|U-turn|p2a: Milotic\n|-damage|p2a: Milotic|24\/100 brn\n|\n|t:|1699822510\n|switch|p1a: Revavroom|Revavroom, M|100\/100|[from] U-turn\n|move|p2a: Milotic|Recover|p2a: Milotic\n|-heal|p2a: Milotic|74\/100 brn\n|\n|-damage|p2a: Milotic|68\/100 brn|[from] brn\n|upkeep\n|turn|27\n|\n|t:|1699822518\n|-terastallize|p1a: Revavroom|Grass\n|move|p1a: Revavroom|Shift Gear|p1a: Revavroom\n|-boost|p1a: Revavroom|spe|2\n|-boost|p1a: Revavroom|atk|1\n|move|p2a: Milotic|Dragon Tail|p1a: Revavroom\n|-damage|p1a: Revavroom|95\/100\n|drag|p1a: Enamorus|Enamorus-Therian, F|54\/100\n|\n|-heal|p1a: Enamorus|60\/100|[from] item: Leftovers\n|-damage|p2a: Milotic|61\/100 brn|[from] brn\n|upkeep\n|turn|28\n|\n|t:|1699822544\n|move|p2a: Milotic|Flip Turn|p1a: Enamorus\n|-crit|p1a: Enamorus\n|-damage|p1a: Enamorus|52\/100\n|\n|t:|1699822550\n|switch|p2a: Amoonguss|Amoonguss, F|100\/100|[from] Flip Turn\n|-damage|p2a: Amoonguss|88\/100|[from] Stealth Rock\n|move|p1a: Enamorus|Earth Power|p2a: Amoonguss\n|-damage|p2a: Amoonguss|67\/100\n|\n|-heal|p1a: Enamorus|58\/100|[from] item: Leftovers\n|upkeep\n|turn|29\n|\n|t:|1699822570\n|switch|p1a: Oricorio|Oricorio-Sensu, M|100\/100\n|move|p2a: Amoonguss|Toxic|p1a: Oricorio\n|-status|p1a: Oricorio|tox\n|\n|-damage|p1a: Oricorio|94\/100 tox|[from] psn\n|upkeep\n|turn|30\n|\n|t:|1699822585\n|move|p1a: Oricorio|U-turn|p2a: Amoonguss\n|-damage|p2a: Amoonguss|56\/100\n|\n|t:|1699822587\n|switch|p1a: Grafaiai|Grafaiai, M|88\/100|[from] U-turn\n|move|p2a: Amoonguss|Sludge Bomb|p1a: Grafaiai\n|-resisted|p1a: Grafaiai\n|-damage|p1a: Grafaiai|69\/100\n|\n|-heal|p1a: Grafaiai|75\/100|[from] item: Black Sludge\n|upkeep\n|turn|31\n|\n|t:|1699822595\n|switch|p2a: Milotic|Milotic, F|61\/100 brn\n|-damage|p2a: Milotic|49\/100 brn|[from] Stealth Rock\n|move|p1a: Grafaiai|Parting Shot|p2a: Milotic\n|-unboost|p2a: Milotic|atk|1\n|-unboost|p2a: Milotic|spa|1\n|\n|t:|1699822598\n|switch|p1a: Revavroom|Revavroom, M, tera:Grass|95\/100|[from] Parting Shot\n|\n|-damage|p2a: Milotic|43\/100 brn|[from] brn\n|upkeep\n|turn|32\n|\n|t:|1699822605\n|move|p1a: Revavroom|Tera Blast|p2a: Milotic|[anim] Tera Blast Grass\n|-supereffective|p2a: Milotic\n|-damage|p2a: Milotic|0 fnt\n|faint|p2a: Milotic\n|-damage|p1a: Revavroom|86\/100|[from] item: Life Orb\n|\n|upkeep\n|\n|t:|1699822622\n|switch|p2a: Gengar|Gengar, F|100\/100\n|-damage|p2a: Gengar|88\/100|[from] Stealth Rock\n|turn|33\n|\n|t:|1699822629\n|switch|p1a: Grafaiai|Grafaiai, M|75\/100\n|move|p2a: Gengar|Sludge Bomb|p1a: Grafaiai\n|-resisted|p1a: Grafaiai\n|-damage|p1a: Grafaiai|34\/100\n|\n|-heal|p1a: Grafaiai|40\/100|[from] item: Black Sludge\n|upkeep\n|turn|34\n|\n|t:|1699822640\n|move|p1a: Grafaiai|Knock Off|p2a: Gengar\n|-supereffective|p2a: Gengar\n|-damage|p2a: Gengar|32\/100\n|-enditem|p2a: Gengar|Choice Specs|[from] move: Knock Off|[of] p1a: Grafaiai\n|move|p2a: Gengar|Sludge Bomb|p1a: Grafaiai\n|-resisted|p1a: Grafaiai\n|-damage|p1a: Grafaiai|11\/100\n|\n|-heal|p1a: Grafaiai|17\/100|[from] item: Black Sludge\n|upkeep\n|turn|35\n|\n|t:|1699822678\n|switch|p2a: Amoonguss|Amoonguss, F|89\/100\n|-damage|p2a: Amoonguss|77\/100|[from] Stealth Rock\n|move|p1a: Grafaiai|Knock Off|p2a: Amoonguss\n|-damage|p2a: Amoonguss|60\/100\n|\n|-heal|p1a: Grafaiai|23\/100|[from] item: Black Sludge\n|upkeep\n|turn|36\n|\n|t:|1699822691\n|move|p1a: Grafaiai|Parting Shot|p2a: Amoonguss\n|-unboost|p2a: Amoonguss|atk|1\n|-unboost|p2a: Amoonguss|spa|1\n|\n|t:|1699822696\n|switch|p1a: Oricorio|Oricorio-Sensu, M|94\/100 tox|[from] Parting Shot\n|move|p2a: Amoonguss|Foul Play|p1a: Oricorio\n|-supereffective|p1a: Oricorio\n|-damage|p1a: Oricorio|59\/100 tox\n|\n|-damage|p1a: Oricorio|52\/100 tox|[from] psn\n|upkeep\n|turn|37\n|\n|t:|1699822705\n|move|p1a: Oricorio|Roost|p1a: Oricorio\n|-heal|p1a: Oricorio|100\/100 tox\n|-singleturn|p1a: Oricorio|move: Roost\n|move|p2a: Amoonguss|Foul Play|p1a: Oricorio\n|-supereffective|p1a: Oricorio\n|-damage|p1a: Oricorio|64\/100 tox\n|\n|-damage|p1a: Oricorio|51\/100 tox|[from] psn\n|upkeep\n|turn|38\n|\n|t:|1699822714\n|move|p1a: Oricorio|U-turn|p2a: Amoonguss\n|-damage|p2a: Amoonguss|49\/100\n|\n|t:|1699822719\n|switch|p1a: Infernape|Infernape, M|75\/100|[from] U-turn\n|move|p2a: Amoonguss|Foul Play|p1a: Infernape\n|-resisted|p1a: Infernape\n|-damage|p1a: Infernape|63\/100\n|\n|upkeep\n|turn|39\n|\n|t:|1699822727\n|switch|p2a: Urshifu|Urshifu-Rapid-Strike, F|94\/100\n|-damage|p2a: Urshifu|88\/100|[from] Stealth Rock\n|move|p1a: Infernape|U-turn|p2a: Urshifu\n|-resisted|p2a: Urshifu\n|-damage|p2a: Urshifu|82\/100\n|\n|t:|1699822729\n|switch|p1a: Slowking|Slowking, F|87\/100|[from] U-turn\n|\n|upkeep\n|turn|40\n|\n|t:|1699822750\n|move|p2a: Urshifu|U-turn|p1a: Slowking\n|-supereffective|p1a: Slowking\n|-damage|p1a: Slowking|49\/100\n|\n|t:|1699822759\n|switch|p2a: Amoonguss|Amoonguss, F|82\/100|[from] U-turn\n|-damage|p2a: Amoonguss|69\/100|[from] Stealth Rock\n|move|p1a: Slowking|Psychic|p2a: Amoonguss\n|-supereffective|p2a: Amoonguss\n|-damage|p2a: Amoonguss|25\/100\n|\n|upkeep\n|turn|41\n|\n|t:|1699822768\n|switch|p1a: Oricorio|Oricorio-Sensu, M|51\/100 tox\n|switch|p2a: Weavile|Weavile, F|100\/100 par\n|-ability|p2a: Weavile|Pressure\n|\n|-damage|p1a: Oricorio|45\/100 tox|[from] psn\n|upkeep\n|turn|42\n|\n|t:|1699822777\n|switch|p1a: Infernape|Infernape, M|63\/100\n|move|p2a: Weavile|Substitute|p2a: Weavile\n|-start|p2a: Weavile|Substitute\n|-damage|p2a: Weavile|76\/100 par\n|\n|upkeep\n|turn|43\n|\n|t:|1699822784\n|move|p1a: Infernape|Flamethrower|p2a: Weavile\n|-supereffective|p2a: Weavile\n|-end|p2a: Weavile|Substitute\n|move|p2a: Weavile|Swords Dance|p2a: Weavile\n|-boost|p2a: Weavile|atk|2\n|\n|upkeep\n|turn|44\n|\n|t:|1699822808\n|switch|p2a: Urshifu|Urshifu-Rapid-Strike, F|82\/100\n|-damage|p2a: Urshifu|75\/100|[from] Stealth Rock\n|move|p1a: Infernape|Slack Off|p1a: Infernape\n|-heal|p1a: Infernape|100\/100\n|\n|upkeep\n|turn|45\n|\n|t:|1699822834\n|switch|p1a: Slowking|Slowking, F|82\/100\n|move|p2a: Urshifu|Surging Strikes|p1a: Slowking\n|-resisted|p1a: Slowking\n|-crit|p1a: Slowking\n|-damage|p1a: Slowking|74\/100\n|-resisted|p1a: Slowking\n|-crit|p1a: Slowking\n|-damage|p1a: Slowking|65\/100\n|-resisted|p1a: Slowking\n|-crit|p1a: Slowking\n|-damage|p1a: Slowking|56\/100\n|-hitcount|p1a: Slowking|3\n|\n|upkeep\n|turn|46\n|\n|t:|1699822852\n|move|p2a: Urshifu|U-turn|p1a: Slowking\n|-supereffective|p1a: Slowking\n|-damage|p1a: Slowking|16\/100\n|\n|t:|1699822856\n|switch|p2a: Weavile|Weavile, F|76\/100 par|[from] U-turn\n|-ability|p2a: Weavile|Pressure\n|move|p1a: Slowking|Chilly Reception|p1a: Slowking\n|-weather|Snow\n|\n|t:|1699822873\n|switch|p1a: Infernape|Infernape, M|100\/100|[from] Chilly Reception\n|\n|-weather|Snow|[upkeep]\n|upkeep\n|turn|47\n|\n|t:|1699822887\n|move|p1a: Infernape|Flamethrower|p2a: Weavile\n|-supereffective|p2a: Weavile\n|-damage|p2a: Weavile|0 fnt\n|faint|p2a: Weavile\n|\n|-weather|Snow|[upkeep]\n|upkeep\n|\n|t:|1699822899\n|switch|p2a: Morpeko|Morpeko, M|84\/100\n|turn|48\n|\n|t:|1699822905\n|move|p2a: Morpeko|Rapid Spin|p1a: Infernape\n|-damage|p1a: Infernape|85\/100\n|-boost|p2a: Morpeko|spe|1\n|-sideend|p2: setofleischer|Stealth Rock|[from] move: Rapid Spin|[of] p2a: Morpeko\n|move|p1a: Infernape|Flamethrower|p2a: Morpeko\n|-damage|p2a: Morpeko|14\/100\n|\n|-weather|Snow|[upkeep]\n|-formechange|p2a: Morpeko|Morpeko-Hangry||[from] ability: Hunger Switch\n|upkeep\n|turn|49\n|\n|t:|1699822968\n|move|p2a: Morpeko|Aura Wheel|p1a: Infernape\n|-resisted|p1a: Infernape\n|-damage|p1a: Infernape|61\/100\n|-boost|p2a: Morpeko|spe|1\n|move|p1a: Infernape|U-turn|p2a: Morpeko\n|-supereffective|p2a: Morpeko\n|-damage|p2a: Morpeko|0 fnt\n|faint|p2a: Morpeko\n|\n|t:|1699822975\n|switch|p1a: Slowking|Slowking, F|49\/100|[from] U-turn\n|\n|-weather|Snow|[upkeep]\n|upkeep\n|\n|t:|1699822983\n|switch|p2a: Urshifu|Urshifu-Rapid-Strike, F|75\/100\n|turn|50\n|\n|t:|1699822987\n|switch|p1a: Infernape|Infernape, M|61\/100\n|move|p2a: Urshifu|Thunder Punch|p1a: Infernape\n|-damage|p1a: Infernape|28\/100\n|\n|-weather|none\n|upkeep\n|turn|51\n|\n|t:|1699822999\n|switch|p1a: Revavroom|Revavroom, M, tera:Grass|86\/100\n|move|p2a: Urshifu|Surging Strikes|p1a: Revavroom\n|-resisted|p1a: Revavroom\n|-crit|p1a: Revavroom\n|-damage|p1a: Revavroom|73\/100\n|-resisted|p1a: Revavroom\n|-crit|p1a: Revavroom\n|-damage|p1a: Revavroom|58\/100\n|-resisted|p1a: Revavroom\n|-crit|p1a: Revavroom\n|-damage|p1a: Revavroom|43\/100\n|-hitcount|p1a: Revavroom|3\n|\n|upkeep\n|turn|52\n|\n|t:|1699823090\n|switch|p1a: Slowking|Slowking, F|83\/100\n|move|p2a: Urshifu|U-turn|p1a: Slowking\n|-supereffective|p1a: Slowking\n|-damage|p1a: Slowking|47\/100\n|\n|t:|1699823095\n|switch|p2a: Gengar|Gengar, F|32\/100|[from] U-turn\n|\n|upkeep\n|turn|53\n|\n|t:|1699823103\n|switch|p1a: Oricorio|Oricorio-Sensu, M|45\/100 tox\n|move|p2a: Gengar|Shadow Ball|p1a: Oricorio\n|-supereffective|p1a: Oricorio\n|-damage|p1a: Oricorio|0 fnt\n|faint|p1a: Oricorio\n|\n|upkeep\n|\n|t:|1699823107\n|switch|p1a: Grafaiai|Grafaiai, M|23\/100\n|turn|54\n|\n|t:|1699823112\n|switch|p2a: Amoonguss|Amoonguss, F|58\/100\n|move|p1a: Grafaiai|Knock Off|p2a: Amoonguss\n|-damage|p2a: Amoonguss|43\/100\n|\n|-heal|p1a: Grafaiai|29\/100|[from] item: Black Sludge\n|upkeep\n|turn|55\n|\n|t:|1699823122\n|move|p1a: Grafaiai|Parting Shot|p2a: Amoonguss\n|-unboost|p2a: Amoonguss|atk|1\n|-unboost|p2a: Amoonguss|spa|1\n|\n|t:|1699823128\n|switch|p1a: Infernape|Infernape, M|28\/100|[from] Parting Shot\n|move|p2a: Amoonguss|Sludge Bomb|p1a: Infernape\n|-damage|p1a: Infernape|3\/100\n|\n|upkeep\n|turn|56\n|\n|t:|1699823146\n|switch|p2a: Urshifu|Urshifu-Rapid-Strike, F|75\/100\n|move|p1a: Infernape|Flamethrower|p2a: Urshifu\n|-resisted|p2a: Urshifu\n|-damage|p2a: Urshifu|45\/100\n|\n|upkeep\n|turn|57\n|\n|t:|1699823166\n|switch|p1a: Enamorus|Enamorus-Therian, F|58\/100\n|move|p2a: Urshifu|Surging Strikes|p1a: Enamorus\n|-crit|p1a: Enamorus\n|-damage|p1a: Enamorus|38\/100\n|-crit|p1a: Enamorus\n|-damage|p1a: Enamorus|18\/100\n|-crit|p1a: Enamorus\n|-damage|p1a: Enamorus|0 fnt\n|faint|p1a: Enamorus\n|-hitcount|p1: Enamorus|3\n|\n|upkeep\n|\n|t:|1699823171\n|switch|p1a: Slowking|Slowking, F|80\/100\n|turn|58\n|\n|t:|1699823179\n|move|p2a: Urshifu|U-turn|p1a: Slowking\n|-supereffective|p1a: Slowking\n|-damage|p1a: Slowking|43\/100\n|\n|t:|1699823185\n|switch|p2a: Gengar|Gengar, F|32\/100|[from] U-turn\n|move|p1a: Slowking|Psychic|p2a: Gengar\n|-supereffective|p2a: Gengar\n|-damage|p2a: Gengar|0 fnt\n|-start|p1a: Slowking|Disable|Psychic|[from] ability: Cursed Body|[of] p2a: Gengar\n|faint|p2a: Gengar\n|\n|upkeep\n|\n|t:|1699823192\n|switch|p2a: Urshifu|Urshifu-Rapid-Strike, F|45\/100\n|turn|59\n|\n|t:|1699823202\n|switch|p1a: Grafaiai|Grafaiai, M|29\/100\n|move|p2a: Urshifu|Thunder Punch|p1a: Grafaiai\n|-damage|p1a: Grafaiai|0 fnt\n|faint|p1a: Grafaiai\n|\n|upkeep\n|\n|t:|1699823206\n|switch|p1a: Slowking|Slowking, F|76\/100\n|turn|60\n|\n|t:|1699823211\n|move|p2a: Urshifu|U-turn|p1a: Slowking\n|-supereffective|p1a: Slowking\n|-crit|p1a: Slowking\n|-damage|p1a: Slowking|22\/100\n|\n|t:|1699823214\n|switch|p2a: Amoonguss|Amoonguss, F|76\/100|[from] U-turn\n|move|p1a: Slowking|Psychic|p2a: Amoonguss\n|-supereffective|p2a: Amoonguss\n|-damage|p2a: Amoonguss|35\/100\n|\n|upkeep\n|turn|61\n|l| Dennis wa\n|\n|t:|1699823288\n|move|p1a: Slowking|Psychic|p2a: Amoonguss\n|-supereffective|p2a: Amoonguss\n|-damage|p2a: Amoonguss|0 fnt\n|faint|p2a: Amoonguss\n|\n|upkeep\n|\n|t:|1699823292\n|switch|p2a: Urshifu|Urshifu-Rapid-Strike, F|45\/100\n|turn|62\n|\n|t:|1699823303\n|switch|p1a: Infernape|Infernape, M|3\/100\n|move|p2a: Urshifu|Surging Strikes|p1a: Infernape\n|-supereffective|p1a: Infernape\n|-crit|p1a: Infernape\n|-damage|p1a: Infernape|0 fnt\n|faint|p1a: Infernape\n|-hitcount|p1: Infernape|1\n|\n|upkeep\n|\n|t:|1699823307\n|switch|p1a: Slowking|Slowking, F|55\/100\n|turn|63\n|\n|t:|1699823350\n|switch|p1a: Revavroom|Revavroom, M, tera:Grass|43\/100\n|move|p2a: Urshifu|Thunder Punch|p1a: Revavroom\n|-resisted|p1a: Revavroom\n|-damage|p1a: Revavroom|25\/100\n|\n|upkeep\n|turn|64\n|\n|t:|1699823364\n|move|p1a: Revavroom|Tera Blast|p2a: Urshifu|[anim] Tera Blast Grass\n|-supereffective|p2a: Urshifu\n|-damage|p2a: Urshifu|0 fnt\n|faint|p2a: Urshifu\n|-damage|p1a: Revavroom|15\/100|[from] item: Life Orb\n|\n|win|Erenicko.\n|c|\u2606Erenicko.|gg\n","uploadtime":1699823369,"views":31,"p1id":"erenicko","p2id":"setofleischer","formatid":"gen9anythinggoes","rating":0,"private":0,"password":""}