{"id":"gen9anythinggoes-1974130607","p1":"pointedrebel1358","p2":"UltraDJames","format":"[Gen 9] Anything Goes","log":"|j|\u2606pointedrebel1358\n|j|\u2606UltraDJames\n|t:|1698060015\n|gametype|singles\n|player|p1|pointedrebel1358|cynthia-gen4|1519\n|player|p2|UltraDJames|falkner|1388\n|teamsize|p1|6\n|teamsize|p2|6\n|gen|9\n|tier|[Gen 9] Anything Goes\n|rated|\n|rule|HP Percentage Mod: HP is shown in percentages\n|rule|Endless Battle Clause: Forcing endless battles is banned\n|clearpoke\n|poke|p1|Koraidon|\n|poke|p1|Calyrex-Shadow|\n|poke|p1|Dragapult, F|\n|poke|p1|Arceus|\n|poke|p1|Zacian-*|\n|poke|p1|Ribombee, F|\n|poke|p2|Miraidon|\n|poke|p2|Quagsire, M|\n|poke|p2|Espeon, M|\n|poke|p2|Corviknight, F|\n|poke|p2|Sneasler, M|\n|poke|p2|Calyrex-Shadow|\n|teampreview\n|inactive|Battle timer is ON: inactive players will automatically lose when time's up. (requested by UltraDJames)\n|inactive|pointedrebel1358 also wants the timer to be on.\n|c|\u2606UltraDJames|gl\n|\n|t:|1698060024\n|start\n|switch|p1a: Ribombee|Ribombee, F, shiny|100\/100\n|switch|p2a: Miraidon|Miraidon|100\/100\n|-fieldstart|move: Electric Terrain|[from] ability: Hadron Engine|[of] p2a: Miraidon\n|turn|1\n|\n|t:|1698060026\n|move|p2a: Miraidon|Taunt|p1a: Ribombee\n|-start|p1a: Ribombee|move: Taunt\n|cant|p1a: Ribombee|move: Taunt|Sticky Web\n|\n|upkeep\n|turn|2\n|\n|t:|1698060033\n|move|p2a: Miraidon|Light Screen|p2a: Miraidon\n|-sidestart|p2: UltraDJames|move: Light Screen\n|move|p1a: Ribombee|Dazzling Gleam|p2a: Miraidon\n|-supereffective|p2a: Miraidon\n|-damage|p2a: Miraidon|80\/100\n|\n|upkeep\n|turn|3\n|\n|t:|1698060036\n|switch|p1a: Arceus|Arceus|100\/100\n|move|p2a: Miraidon|Reflect|p2a: Miraidon\n|-sidestart|p2: UltraDJames|Reflect\n|\n|upkeep\n|turn|4\n|\n|t:|1698060039\n|move|p2a: Miraidon|Taunt|p1a: Arceus\n|-start|p1a: Arceus|move: Taunt\n|cant|p1a: Arceus|move: Taunt|Swords Dance\n|\n|upkeep\n|turn|5\n|\n|t:|1698060041\n|move|p2a: Miraidon|Volt Switch|p1a: Arceus\n|-damage|p1a: Arceus|60\/100\n|\n|t:|1698060045\n|switch|p2a: Calyrex|Calyrex-Shadow|100\/100|[from] Volt Switch\n|-ability|p2a: Calyrex|As One\n|-ability|p2a: Calyrex|Unnerve\n|move|p1a: Arceus|Earthquake|p2a: Calyrex\n|-damage|p2a: Calyrex|83\/100\n|\n|-heal|p2a: Calyrex|89\/100|[from] item: Leftovers\n|-fieldend|move: Electric Terrain\n|upkeep\n|turn|6\n|\n|t:|1698060050\n|move|p2a: Calyrex|Substitute|p2a: Calyrex\n|-start|p2a: Calyrex|Substitute\n|-damage|p2a: Calyrex|64\/100\n|move|p1a: Arceus|Shadow Claw|p2a: Calyrex\n|-supereffective|p2a: Calyrex\n|-end|p2a: Calyrex|Substitute\n|\n|-heal|p2a: Calyrex|70\/100|[from] item: Leftovers\n|-end|p1a: Arceus|move: Taunt\n|upkeep\n|turn|7\n|\n|t:|1698060056\n|move|p2a: Calyrex|Protect|p2a: Calyrex\n|-singleturn|p2a: Calyrex|Protect\n|move|p1a: Arceus|Shadow Claw|p2a: Calyrex\n|-activate|p2a: Calyrex|move: Protect\n|\n|-heal|p2a: Calyrex|76\/100|[from] item: Leftovers\n|upkeep\n|turn|8\n|\n|t:|1698060065\n|switch|p2a: Corviknight|Corviknight, F|100\/100\n|move|p1a: Arceus|Shadow Claw|p2a: Corviknight\n|-damage|p2a: Corviknight|90\/100\n|\n|-heal|p2a: Corviknight|96\/100|[from] item: Leftovers\n|upkeep\n|turn|9\n|\n|t:|1698060073\n|move|p1a: Arceus|Swords Dance|p1a: Arceus\n|-boost|p1a: Arceus|atk|2\n|move|p2a: Corviknight|Agility|p2a: Corviknight\n|-boost|p2a: Corviknight|spe|2\n|\n|-heal|p2a: Corviknight|100\/100|[from] item: Leftovers\n|-sideend|p2: UltraDJames|move: Light Screen\n|upkeep\n|turn|10\n|\n|t:|1698060074\n|move|p2a: Corviknight|Bulk Up|p2a: Corviknight\n|-boost|p2a: Corviknight|atk|1\n|-boost|p2a: Corviknight|def|1\n|move|p1a: Arceus|Swords Dance|p1a: Arceus\n|-boost|p1a: Arceus|atk|2\n|\n|-sideend|p2: UltraDJames|Reflect\n|upkeep\n|turn|11\n|\n|t:|1698060077\n|move|p2a: Corviknight|Bulk Up|p2a: Corviknight\n|-boost|p2a: Corviknight|atk|1\n|-boost|p2a: Corviknight|def|1\n|move|p1a: Arceus|Shadow Claw|p2a: Corviknight\n|-damage|p2a: Corviknight|71\/100\n|\n|-heal|p2a: Corviknight|77\/100|[from] item: Leftovers\n|upkeep\n|turn|12\n|\n|t:|1698060084\n|move|p2a: Corviknight|Bulk Up|p2a: Corviknight\n|-boost|p2a: Corviknight|atk|1\n|-boost|p2a: Corviknight|def|1\n|move|p1a: Arceus|Shadow Claw|p2a: Corviknight\n|-damage|p2a: Corviknight|52\/100\n|\n|-heal|p2a: Corviknight|58\/100|[from] item: Leftovers\n|upkeep\n|turn|13\n|\n|t:|1698060095\n|move|p2a: Corviknight|Agility|p2a: Corviknight\n|-boost|p2a: Corviknight|spe|2\n|move|p1a: Arceus|Swords Dance|p1a: Arceus\n|-boost|p1a: Arceus|atk|2\n|\n|-heal|p2a: Corviknight|64\/100|[from] item: Leftovers\n|upkeep\n|turn|14\n|\n|t:|1698060098\n|move|p2a: Corviknight|Power Trip|p1a: Arceus\n|-damage|p1a: Arceus|0 fnt\n|faint|p1a: Arceus\n|\n|-heal|p2a: Corviknight|71\/100|[from] item: Leftovers\n|upkeep\n|\n|t:|1698060102\n|switch|p1a: Koraidon|Koraidon|100\/100\n|-weather|SunnyDay|[from] ability: Orichalcum Pulse|[of] p1a: Koraidon\n|-activate|p1a: Koraidon|Orichalcum Pulse|[source]\n|turn|15\n|\n|t:|1698060111\n|-terastallize|p2a: Corviknight|Flying\n|move|p2a: Corviknight|Power Trip|p1a: Koraidon\n|-resisted|p1a: Koraidon\n|-damage|p1a: Koraidon|54\/100\n|move|p1a: Koraidon|Flame Charge|p2a: Corviknight\n|-damage|p2a: Corviknight|58\/100\n|-boost|p1a: Koraidon|spe|1\n|\n|-weather|SunnyDay|[upkeep]\n|-heal|p2a: Corviknight|65\/100|[from] item: Leftovers\n|upkeep\n|turn|16\n|\n|t:|1698060119\n|move|p1a: Koraidon|Flame Charge|p2a: Corviknight\n|-damage|p2a: Corviknight|51\/100\n|-boost|p1a: Koraidon|spe|1\n|move|p2a: Corviknight|Bulk Up|p2a: Corviknight\n|-boost|p2a: Corviknight|atk|1\n|-boost|p2a: Corviknight|def|1\n|\n|-weather|SunnyDay|[upkeep]\n|-heal|p2a: Corviknight|57\/100|[from] item: Leftovers\n|upkeep\n|turn|17\n|\n|t:|1698060129\n|move|p1a: Koraidon|Swords Dance|p1a: Koraidon\n|-boost|p1a: Koraidon|atk|2\n|move|p2a: Corviknight|Roost|p2a: Corviknight\n|-heal|p2a: Corviknight|100\/100\n|-hint|If a Flying Terastallized Pokemon uses Roost, it remains Flying-type.\n|\n|-weather|SunnyDay|[upkeep]\n|upkeep\n|turn|18\n|\n|t:|1698060132\n|move|p1a: Koraidon|Swords Dance|p1a: Koraidon\n|-boost|p1a: Koraidon|atk|2\n|move|p2a: Corviknight|Power Trip|p1a: Koraidon\n|-resisted|p1a: Koraidon\n|-damage|p1a: Koraidon|0 fnt\n|faint|p1a: Koraidon\n|\n|-weather|SunnyDay|[upkeep]\n|upkeep\n|\n|t:|1698060134\n|switch|p1a: Ribombee|Ribombee, F, shiny|100\/100\n|turn|19\n|\n|t:|1698060140\n|move|p2a: Corviknight|Power Trip|p1a: Ribombee\n|-resisted|p1a: Ribombee\n|-enditem|p1a: Ribombee|Focus Sash\n|-damage|p1a: Ribombee|1\/100\n|move|p1a: Ribombee|Sticky Web|p2a: Corviknight\n|-sidestart|p2: UltraDJames|move: Sticky Web\n|\n|-weather|none\n|upkeep\n|turn|20\n|\n|t:|1698060149\n|move|p2a: Corviknight|Bulk Up|p2a: Corviknight\n|-boost|p2a: Corviknight|atk|1\n|-boost|p2a: Corviknight|def|1\n|move|p1a: Ribombee|Dazzling Gleam|p2a: Corviknight\n|-damage|p2a: Corviknight|82\/100\n|\n|-heal|p2a: Corviknight|89\/100|[from] item: Leftovers\n|upkeep\n|turn|21\n|\n|t:|1698060151\n|move|p2a: Corviknight|Bulk Up|p2a: Corviknight\n|-boost|p2a: Corviknight|atk|1\n|-boost|p2a: Corviknight|def|1\n|move|p1a: Ribombee|Dazzling Gleam|p2a: Corviknight\n|-damage|p2a: Corviknight|71\/100\n|\n|-heal|p2a: Corviknight|77\/100|[from] item: Leftovers\n|upkeep\n|turn|22\n|\n|t:|1698060154\n|move|p2a: Corviknight|Agility|p2a: Corviknight\n|-boost|p2a: Corviknight|spe|2\n|move|p1a: Ribombee|Dazzling Gleam|p2a: Corviknight\n|-damage|p2a: Corviknight|60\/100\n|\n|-heal|p2a: Corviknight|66\/100|[from] item: Leftovers\n|upkeep\n|turn|23\n|\n|t:|1698060156\n|move|p2a: Corviknight|Roost|p2a: Corviknight\n|-heal|p2a: Corviknight|100\/100\n|-hint|If a Flying Terastallized Pokemon uses Roost, it remains Flying-type.\n|move|p1a: Ribombee|Dazzling Gleam|p2a: Corviknight\n|-damage|p2a: Corviknight|82\/100\n|\n|-heal|p2a: Corviknight|88\/100|[from] item: Leftovers\n|upkeep\n|turn|24\n|\n|t:|1698060158\n|move|p2a: Corviknight|Power Trip|p1a: Ribombee\n|-resisted|p1a: Ribombee\n|-damage|p1a: Ribombee|0 fnt\n|faint|p1a: Ribombee\n|\n|-heal|p2a: Corviknight|94\/100|[from] item: Leftovers\n|upkeep\n|\n|t:|1698060160\n|switch|p1a: Calyrex|Calyrex-Shadow|100\/100\n|-ability|p1a: Calyrex|As One\n|-ability|p1a: Calyrex|Unnerve\n|turn|25\n|\n|t:|1698060162\n|move|p2a: Corviknight|Power Trip|p1a: Calyrex\n|-supereffective|p1a: Calyrex\n|-enditem|p1a: Calyrex|Focus Sash\n|-damage|p1a: Calyrex|1\/100\n|move|p1a: Calyrex|Astral Barrage|p2a: Corviknight\n|-damage|p2a: Corviknight|48\/100\n|\n|-heal|p2a: Corviknight|55\/100|[from] item: Leftovers\n|upkeep\n|turn|26\n|\n|t:|1698060166\n|move|p2a: Corviknight|Power Trip|p1a: Calyrex\n|-supereffective|p1a: Calyrex\n|-damage|p1a: Calyrex|0 fnt\n|faint|p1a: Calyrex\n|\n|-heal|p2a: Corviknight|61\/100|[from] item: Leftovers\n|upkeep\n|-message|pointedrebel1358 forfeited.\n|\n|win|UltraDJames\n|raw|pointedrebel1358's rating: 1519 &rarr; <strong>1492<\/strong><br \/>(-27 for losing)\n|raw|UltraDJames's rating: 1388 &rarr; <strong>1415<\/strong><br \/>(+27 for winning)\n|l|\u2606pointedrebel1358\n|c|\u2606UltraDJames|hot damn\n|c|\u2606UltraDJames|ggs\n","uploadtime":1698060181,"views":10,"p1id":"pointedrebel1358","p2id":"ultradjames","formatid":"gen9anythinggoes","rating":1415,"private":0,"password":""}