{"id":"gen9anythinggoes-1979419797","p1":"GottaCachThemAll","p2":"LingLing007","format":"[Gen 9] Anything Goes","log":"|j|\u2606GottaCachThemAll\n|j|\u2606LingLing007\n|t:|1698681199\n|gametype|singles\n|player|p1|GottaCachThemAll|169|1165\n|player|p2|LingLing007|proton|1378\n|teamsize|p1|4\n|teamsize|p2|6\n|gen|9\n|tier|[Gen 9] Anything Goes\n|rated|\n|rule|HP Percentage Mod: HP is shown in percentages\n|rule|Endless Battle Clause: Forcing endless battles is banned\n|clearpoke\n|poke|p1|Giratina-Origin|\n|poke|p1|Zacian-*|\n|poke|p1|Regidrago|\n|poke|p1|Calyrex-Shadow|\n|poke|p2|Roaring Moon|\n|poke|p2|Toxapex, F|\n|poke|p2|Zoroark-Hisui, M|\n|poke|p2|Polteageist-Antique|\n|poke|p2|Great Tusk|\n|poke|p2|Ninetales-Alola, F|\n|teampreview\n|\n|t:|1698681206\n|start\n|switch|p1a: Horwsey|Calyrex-Shadow|100\/100\n|switch|p2a: Ninetales|Ninetales-Alola, F, shiny|100\/100\n|-ability|p1a: Horwsey|As One\n|-ability|p1a: Horwsey|Unnerve\n|-weather|Snow|[from] ability: Snow Warning|[of] p2a: Ninetales\n|turn|1\n|inactive|Battle timer is ON: inactive players will automatically lose when time's up. (requested by LingLing007)\n|\n|t:|1698681215\n|-terastallize|p1a: Horwsey|Ghost\n|move|p1a: Horwsey|Astral Barrage|p2a: Ninetales\n|-damage|p2a: Ninetales|8\/100\n|move|p2a: Ninetales|Aurora Veil|p2a: Ninetales\n|-sidestart|p2: LingLing007|move: Aurora Veil\n|\n|-weather|Snow|[upkeep]\n|upkeep\n|turn|2\n|\n|t:|1698681227\n|move|p2a: Ninetales|Ice Shard|p1a: Horwsey\n|-damage|p1a: Horwsey|90\/100\n|move|p1a: Horwsey|Astral Barrage|p2a: Ninetales\n|-damage|p2a: Ninetales|0 fnt\n|faint|p2a: Ninetales\n|-ability|p1a: Horwsey|Grim Neigh|boost\n|-boost|p1a: Horwsey|spa|1\n|\n|-weather|Snow|[upkeep]\n|upkeep\n|\n|t:|1698681233\n|switch|p2a: Great Tusk|Great Tusk|100\/100\n|turn|3\n|\n|t:|1698681244\n|move|p1a: Horwsey|Astral Barrage|p2a: Great Tusk\n|-immune|p2a: Great Tusk\n|move|p2a: Great Tusk|Nasty Plot|p2a: Great Tusk\n|-boost|p2a: Great Tusk|spa|2\n|\n|-weather|Snow|[upkeep]\n|upkeep\n|turn|4\n|\n|t:|1698681252\n|switch|p1a: Doggie|Zacian-Crowned|100\/100\n|-ability|p1a: Doggie|Intrepid Sword|boost\n|-boost|p1a: Doggie|atk|1\n|move|p2a: Great Tusk|Shadow Ball|p1a: Doggie\n|-damage|p1a: Doggie|20\/100\n|\n|-weather|Snow|[upkeep]\n|upkeep\n|turn|5\n|\n|t:|1698681259\n|switch|p2a: Toxapex|Toxapex, F|100\/100\n|move|p1a: Doggie|Behemoth Blade|p2a: Toxapex\n|-resisted|p2a: Toxapex\n|-damage|p2a: Toxapex|85\/100\n|-damage|p1a: Doggie|4\/100|[from] item: Rocky Helmet|[of] p2a: Toxapex\n|\n|-weather|none\n|upkeep\n|turn|6\n|c|\u2606GottaCachThemAll|uh oh\n|\n|t:|1698681274\n|switch|p1a: Dwagon|Giratina-Origin|100\/100\n|move|p2a: Toxapex|Haze|p2a: Toxapex\n|-clearallboost\n|\n|upkeep\n|turn|7\n|\n|t:|1698681281\n|move|p1a: Dwagon|Draco Meteor|p2a: Toxapex\n|-damage|p2a: Toxapex|65\/100\n|-unboost|p1a: Dwagon|spa|2\n|move|p2a: Toxapex|Toxic|p1a: Dwagon\n|-status|p1a: Dwagon|tox\n|\n|-damage|p1a: Dwagon|94\/100 tox|[from] psn\n|upkeep\n|turn|8\n|\n|t:|1698681290\n|move|p1a: Dwagon|Draco Meteor|p2a: Toxapex\n|-damage|p2a: Toxapex|55\/100\n|-unboost|p1a: Dwagon|spa|2\n|move|p2a: Toxapex|Recover|p2a: Toxapex\n|-heal|p2a: Toxapex|100\/100\n|\n|-damage|p1a: Dwagon|82\/100 tox|[from] psn\n|-sideend|p2: LingLing007|move: Aurora Veil\n|upkeep\n|turn|9\n|\n|t:|1698681299\n|switch|p2a: Great Tusk|Great Tusk|100\/100\n|move|p1a: Dwagon|Earthquake|p2a: Great Tusk\n|-damage|p2a: Great Tusk|82\/100\n|\n|-damage|p1a: Dwagon|64\/100 tox|[from] psn\n|upkeep\n|turn|10\n|\n|t:|1698681307\n|switch|p1a: Doggie|Zacian-Crowned|4\/100\n|move|p2a: Great Tusk|Stealth Rock|p1a: Doggie\n|-sidestart|p1: GottaCachThemAll|move: Stealth Rock\n|\n|upkeep\n|turn|11\n|\n|t:|1698681313\n|-end|p2a: Great Tusk|Protosynthesis|[silent]\n|switch|p2a: Toxapex|Toxapex, F|100\/100\n|move|p1a: Doggie|Behemoth Blade|p2a: Toxapex\n|-resisted|p2a: Toxapex\n|-damage|p2a: Toxapex|79\/100\n|-damage|p1a: Doggie|0 fnt|[from] item: Rocky Helmet|[of] p2a: Toxapex\n|faint|p1a: Doggie\n|\n|upkeep\n|\n|t:|1698681322\n|switch|p1a: Spooky Boi|Regidrago|100\/100\n|-damage|p1a: Spooky Boi|88\/100|[from] Stealth Rock\n|turn|12\n|\n|t:|1698681348\n|move|p1a: Spooky Boi|Dragon Energy|p2a: Toxapex\n|-damage|p2a: Toxapex|28\/100\n|move|p2a: Toxapex|Toxic|p1a: Spooky Boi\n|-status|p1a: Spooky Boi|tox\n|\n|-damage|p1a: Spooky Boi|82\/100 tox|[from] psn\n|upkeep\n|turn|13\n|\n|t:|1698681360\n|switch|p2a: Great Tusk|Great Tusk|82\/100\n|move|p1a: Spooky Boi|Dragon Energy|p2a: Great Tusk\n|-damage|p2a: Great Tusk|0 fnt\n|faint|p2a: Great Tusk\n|-end|p2a: Great Tusk|Protosynthesis|[silent]\n|\n|-damage|p1a: Spooky Boi|70\/100 tox|[from] psn\n|upkeep\n|\n|t:|1698681368\n|switch|p2a: Roaring Moon|Roaring Moon|100\/100\n|-enditem|p2a: Roaring Moon|Booster Energy\n|-activate|p2a: Roaring Moon|ability: Protosynthesis|[fromitem]\n|-start|p2a: Roaring Moon|protosynthesisspe\n|turn|14\n|\n|t:|1698681375\n|-terastallize|p2a: Roaring Moon|Flying\n|move|p2a: Roaring Moon|Dragon Dance|p2a: Roaring Moon\n|-boost|p2a: Roaring Moon|atk|1\n|-boost|p2a: Roaring Moon|spe|1\n|move|p1a: Spooky Boi|Dragon Energy|p2a: Roaring Moon\n|-damage|p2a: Roaring Moon|36\/100\n|\n|-damage|p1a: Spooky Boi|52\/100 tox|[from] psn\n|upkeep\n|turn|15\n|\n|t:|1698681385\n|move|p2a: Roaring Moon|Knock Off|p1a: Spooky Boi\n|-damage|p1a: Spooky Boi|0 fnt\n|-enditem|p1a: Spooky Boi|Draco Plate|[from] move: Knock Off|[of] p2a: Roaring Moon\n|faint|p1a: Spooky Boi\n|\n|upkeep\n|\n|t:|1698681391\n|switch|p1a: Horwsey|Calyrex-Shadow, tera:Ghost|90\/100\n|-ability|p1a: Horwsey|As One\n|-ability|p1a: Horwsey|Unnerve\n|-damage|p1a: Horwsey|77\/100|[from] Stealth Rock\n|turn|16\n|\n|t:|1698681397\n|move|p2a: Roaring Moon|Knock Off|p1a: Horwsey\n|-supereffective|p1a: Horwsey\n|-damage|p1a: Horwsey|0 fnt\n|-enditem|p1a: Horwsey|Spooky Plate|[from] move: Knock Off|[of] p2a: Roaring Moon\n|faint|p1a: Horwsey\n|\n|upkeep\n|c|\u2606GottaCachThemAll|DAMN\n|\n|t:|1698681405\n|switch|p1a: Dwagon|Giratina-Origin|64\/100 tox\n|-damage|p1a: Dwagon|51\/100 tox|[from] Stealth Rock\n|turn|17\n|c|\u2606LingLing007|gg\n|c|\u2606GottaCachThemAll|ggs\n|\n|t:|1698681420\n|move|p2a: Roaring Moon|Knock Off|p1a: Dwagon\n|-supereffective|p1a: Dwagon\n|-damage|p1a: Dwagon|0 fnt\n|faint|p1a: Dwagon\n|\n|win|LingLing007\n|raw|GottaCachThemAll's rating: 1165 &rarr; <strong>1154<\/strong><br \/>(-11 for losing)\n|raw|LingLing007's rating: 1378 &rarr; <strong>1387<\/strong><br \/>(+9 for winning)\n|l|\u2606GottaCachThemAll\n|l|\u2606LingLing007\n|j|\u2606LingLing007\n|player|p2|LingLing007|hilbert-masters2\n","uploadtime":1698681893,"views":10,"p1id":"gottacachthemall","p2id":"lingling007","formatid":"gen9anythinggoes","rating":1154,"private":0,"password":""}