{"id":"gen9anythinggoes-1987585071","p1":"yeahaightthen","p2":"tienlay","format":"[Gen 9] Anything Goes","log":"|j|\u203dyeahaightthen\n|j|\u2606tienlay\n|t:|1699615798\n|gametype|singles\n|player|p1|yeahaightthen|roxie|1300\n|player|p2|tienlay|nessa-masters|1396\n|teamsize|p1|6\n|teamsize|p2|6\n|gen|9\n|tier|[Gen 9] Anything Goes\n|rated|\n|rule|HP Percentage Mod: HP is shown in percentages\n|rule|Endless Battle Clause: Forcing endless battles is banned\n|clearpoke\n|poke|p1|Mimikyu, M|\n|poke|p1|Mimikyu, M|\n|poke|p1|Mimikyu, M|\n|poke|p1|Mimikyu, F|\n|poke|p1|Mimikyu, F|\n|poke|p1|Mimikyu, M|\n|poke|p2|Basculegion, M|\n|poke|p2|Ditto|\n|poke|p2|Iron Moth|\n|poke|p2|Kyogre|\n|poke|p2|Heatran, F|\n|poke|p2|Iron Treads|\n|teampreview\n|inactive|Battle timer is ON: inactive players will automatically lose when time's up. (requested by yeahaightthen)\n|inactive|tienlay also wants the timer to be on.\n|\n|t:|1699615816\n|start\n|switch|p1a: Mimikyu|Mimikyu, M|100\/100\n|switch|p2a: Heatran|Heatran, F|100\/100\n|turn|1\n|\n|t:|1699615819\n|move|p1a: Mimikyu|Curse|p2a: Heatran\n|-start|p2a: Heatran|Curse|[of] p1a: Mimikyu\n|-damage|p1a: Mimikyu|50\/100\n|move|p2a: Heatran|Stealth Rock|p1a: Mimikyu\n|-sidestart|p1: yeahaightthen|move: Stealth Rock\n|\n|-heal|p1a: Mimikyu|57\/100|[from] item: Leftovers\n|-damage|p2a: Heatran|76\/100|[from] Curse\n|upkeep\n|turn|2\n|\n|t:|1699615824\n|move|p1a: Mimikyu|Double Team|p1a: Mimikyu\n|-boost|p1a: Mimikyu|evasion|1\n|move|p2a: Heatran|Iron Head|p1a: Mimikyu\n|-activate|p1a: Mimikyu|ability: Disguise\n|-damage|p1a: Mimikyu|57\/100\n|detailschange|p1a: Mimikyu|Mimikyu-Busted, M\n|-damage|p1a: Mimikyu|44\/100|[from] pokemon: Mimikyu-Busted\n|\n|-heal|p1a: Mimikyu|50\/100|[from] item: Leftovers\n|-damage|p2a: Heatran|51\/100|[from] Curse\n|upkeep\n|turn|3\n|\n|t:|1699615827\n|move|p1a: Mimikyu|Double Team|p1a: Mimikyu\n|-boost|p1a: Mimikyu|evasion|1\n|move|p2a: Heatran|Iron Head|p1a: Mimikyu\n|-supereffective|p1a: Mimikyu\n|-damage|p1a: Mimikyu|0 fnt\n|faint|p1a: Mimikyu\n|\n|-damage|p2a: Heatran|26\/100|[from] Curse\n|upkeep\n|\n|t:|1699615833\n|switch|p1a: Mimikyu|Mimikyu, F|100\/100\n|-damage|p1a: Mimikyu|88\/100|[from] Stealth Rock\n|turn|4\n|\n|t:|1699615838\n|move|p1a: Mimikyu|Trailblaze|p2a: Heatran\n|-resisted|p2a: Heatran\n|-damage|p2a: Heatran|23\/100\n|-boost|p1a: Mimikyu|spe|1\n|move|p2a: Heatran|Iron Head|p1a: Mimikyu\n|-activate|p1a: Mimikyu|ability: Disguise\n|-damage|p1a: Mimikyu|88\/100\n|detailschange|p1a: Mimikyu|Mimikyu-Busted, F\n|-damage|p1a: Mimikyu|76\/100|[from] pokemon: Mimikyu-Busted\n|\n|-damage|p2a: Heatran|0 fnt|[from] Curse\n|faint|p2a: Heatran\n|upkeep\n|\n|t:|1699615849\n|switch|p2a: Basculegion|Basculegion, M|100\/100\n|turn|5\n|\n|t:|1699615854\n|move|p1a: Mimikyu|Wood Hammer|p2a: Basculegion\n|-supereffective|p2a: Basculegion\n|-damage|p2a: Basculegion|21\/100\n|-damage|p1a: Mimikyu|36\/100|[from] Recoil\n|move|p2a: Basculegion|Last Respects|p1a: Mimikyu\n|-supereffective|p1a: Mimikyu\n|-damage|p1a: Mimikyu|0 fnt\n|faint|p1a: Mimikyu\n|\n|upkeep\n|\n|t:|1699615858\n|switch|p1a: Mimikyu|Mimikyu, M|100\/100\n|-damage|p1a: Mimikyu|88\/100|[from] Stealth Rock\n|turn|6\n|\n|t:|1699615868\n|move|p1a: Mimikyu|Shadow Ball|p2a: Basculegion\n|-supereffective|p2a: Basculegion\n|-damage|p2a: Basculegion|0 fnt\n|faint|p2a: Basculegion\n|\n|upkeep\n|\n|t:|1699615875\n|switch|p2a: Ditto|Ditto|100\/100\n|-transform|p2a: Ditto|p1a: Mimikyu|[from] ability: Imposter\n|turn|7\n|\n|t:|1699615882\n|move|p2a: Ditto|Shadow Ball|p1a: Mimikyu\n|-activate|p1a: Mimikyu|ability: Disguise\n|-damage|p1a: Mimikyu|88\/100\n|detailschange|p1a: Mimikyu|Mimikyu-Busted, M\n|-damage|p1a: Mimikyu|76\/100|[from] pokemon: Mimikyu-Busted\n|move|p1a: Mimikyu|Shadow Ball|p2a: Ditto\n|-supereffective|p2a: Ditto\n|-damage|p2a: Ditto|28\/100\n|\n|upkeep\n|turn|8\n|\n|t:|1699615890\n|move|p2a: Ditto|Shadow Ball|p1a: Mimikyu\n|-supereffective|p1a: Mimikyu\n|-damage|p1a: Mimikyu|15\/100\n|-unboost|p1a: Mimikyu|spd|1\n|move|p1a: Mimikyu|Shadow Ball|p2a: Ditto\n|-supereffective|p2a: Ditto\n|-damage|p2a: Ditto|0 fnt\n|faint|p2a: Ditto\n|\n|upkeep\n|\n|t:|1699615897\n|switch|p2a: Iron Moth|Iron Moth|100\/100\n|turn|9\n|\n|t:|1699615899\n|move|p2a: Iron Moth|Fiery Dance|p1a: Mimikyu\n|-damage|p1a: Mimikyu|0 fnt\n|faint|p1a: Mimikyu\n|-damage|p2a: Iron Moth|91\/100|[from] item: Life Orb\n|\n|upkeep\n|\n|t:|1699615904\n|switch|p1a: Mimikyu|Mimikyu, M|100\/100\n|-damage|p1a: Mimikyu|88\/100|[from] Stealth Rock\n|turn|10\n|\n|t:|1699615931\n|move|p2a: Iron Moth|Fiery Dance|p1a: Mimikyu\n|-activate|p1a: Mimikyu|ability: Disguise\n|-damage|p1a: Mimikyu|88\/100\n|-boost|p2a: Iron Moth|spa|1\n|detailschange|p1a: Mimikyu|Mimikyu-Busted, M\n|-damage|p1a: Mimikyu|76\/100|[from] pokemon: Mimikyu-Busted\n|-damage|p2a: Iron Moth|81\/100|[from] item: Life Orb\n|move|p1a: Mimikyu|Thunder Wave|p2a: Iron Moth\n|-status|p2a: Iron Moth|par\n|\n|-heal|p1a: Mimikyu|82\/100|[from] item: Leftovers\n|upkeep\n|turn|11\n|\n|t:|1699615942\n|move|p1a: Mimikyu|Night Shade|p2a: Iron Moth\n|-damage|p2a: Iron Moth|47\/100 par\n|move|p2a: Iron Moth|Fiery Dance|p1a: Mimikyu\n|-damage|p1a: Mimikyu|7\/100\n|-damage|p2a: Iron Moth|37\/100 par|[from] item: Life Orb\n|\n|-heal|p1a: Mimikyu|13\/100|[from] item: Leftovers\n|upkeep\n|turn|12\n|\n|t:|1699615949\n|move|p1a: Mimikyu|Pain Split|p2a: Iron Moth\n|-sethp|p2a: Iron Moth|25\/100 par|[from] move: Pain Split|[silent]\n|-sethp|p1a: Mimikyu|24\/100|[from] move: Pain Split\n|cant|p2a: Iron Moth|par\n|\n|-heal|p1a: Mimikyu|30\/100|[from] item: Leftovers\n|upkeep\n|turn|13\n|\n|t:|1699615954\n|move|p1a: Mimikyu|Night Shade|p2a: Iron Moth\n|-damage|p2a: Iron Moth|0 fnt\n|faint|p2a: Iron Moth\n|-end|p2a: Iron Moth|Quark Drive|[silent]\n|\n|-heal|p1a: Mimikyu|36\/100|[from] item: Leftovers\n|upkeep\n|\n|t:|1699615957\n|switch|p2a: Iron Treads|Iron Treads|100\/100\n|turn|14\n|\n|t:|1699615960\n|move|p2a: Iron Treads|Iron Head|p1a: Mimikyu\n|-supereffective|p1a: Mimikyu\n|-damage|p1a: Mimikyu|0 fnt\n|faint|p1a: Mimikyu\n|\n|upkeep\n|\n|t:|1699615965\n|switch|p1a: Mimikyu|Mimikyu, F|100\/100\n|-damage|p1a: Mimikyu|88\/100|[from] Stealth Rock\n|turn|15\n|\n|t:|1699615979\n|-terastallize|p1a: Mimikyu|Fighting\n|move|p2a: Iron Treads|Iron Head|p1a: Mimikyu\n|-activate|p1a: Mimikyu|ability: Disguise\n|-damage|p1a: Mimikyu|88\/100\n|detailschange|p1a: Mimikyu|Mimikyu-Busted, F, tera:Fighting\n|-damage|p1a: Mimikyu|76\/100|[from] pokemon: Mimikyu-Busted\n|move|p1a: Mimikyu|Bulk Up|p1a: Mimikyu\n|-boost|p1a: Mimikyu|atk|1\n|-boost|p1a: Mimikyu|def|1\n|\n|upkeep\n|turn|16\n|\n|t:|1699615989\n|move|p2a: Iron Treads|Rapid Spin|p1a: Mimikyu\n|-damage|p1a: Mimikyu|58\/100\n|-boost|p2a: Iron Treads|spe|1\n|move|p1a: Mimikyu|Drain Punch|p2a: Iron Treads\n|-supereffective|p2a: Iron Treads\n|-crit|p2a: Iron Treads\n|-damage|p2a: Iron Treads|0 fnt\n|-heal|p1a: Mimikyu|100\/100|[from] drain|[of] p2a: Iron Treads\n|faint|p2a: Iron Treads\n|-end|p2a: Iron Treads|Quark Drive|[silent]\n|-damage|p1a: Mimikyu|91\/100|[from] item: Life Orb\n|\n|upkeep\n|\n|t:|1699615996\n|switch|p2a: Kyogre|Kyogre|100\/100\n|-weather|RainDance|[from] ability: Drizzle|[of] p2a: Kyogre\n|turn|17\n|\n|t:|1699615999\n|-terastallize|p2a: Kyogre|Water\n|move|p1a: Mimikyu|Drain Punch|p2a: Kyogre\n|-damage|p2a: Kyogre|35\/100\n|-heal|p1a: Mimikyu|100\/100|[from] drain|[of] p2a: Kyogre\n|-damage|p1a: Mimikyu|91\/100|[from] item: Life Orb\n|move|p2a: Kyogre|Water Spout|p1a: Mimikyu\n|-damage|p1a: Mimikyu|11\/100\n|\n|-weather|RainDance|[upkeep]\n|-heal|p2a: Kyogre|41\/100|[from] item: Leftovers\n|upkeep\n|turn|18\n|-message|tienlay forfeited.\n|\n|win|yeahaightthen\n|raw|yeahaightthen's rating: 1300 &rarr; <strong>1332<\/strong><br \/>(+32 for winning)\n|raw|tienlay's rating: 1396 &rarr; <strong>1371<\/strong><br \/>(-25 for losing)\n|l|\u2606tienlay\n","uploadtime":1699616013,"views":7,"p1id":"yeahaightthen","p2id":"tienlay","formatid":"gen9anythinggoes","rating":1332,"private":0,"password":""}