{"id":"gen9anythinggoes-1991966990","p1":"SporisBoris","p2":"TXEBXXGEYMXN","format":"[Gen 9] Anything Goes","log":"|j|\u2606SporisBoris\n|j|\u2606TXEBXXGEYMXN\n|t:|1700143432\n|gametype|singles\n|player|p1|SporisBoris|riley|1204\n|player|p2|TXEBXXGEYMXN|2|1277\n|teamsize|p1|6\n|teamsize|p2|6\n|gen|9\n|tier|[Gen 9] Anything Goes\n|rated|\n|rule|HP Percentage Mod: HP is shown in percentages\n|rule|Endless Battle Clause: Forcing endless battles is banned\n|clearpoke\n|poke|p1|Maushold-Four|\n|poke|p1|Flutter Mane|\n|poke|p1|Miraidon|\n|poke|p1|Rabsca, M|\n|poke|p1|Garganacl, F|\n|poke|p1|Houndstone, M|\n|poke|p2|Flutter Mane|\n|poke|p2|Darkrai|\n|poke|p2|Ogerpon-Hearthflame, F|\n|poke|p2|Regieleki|\n|poke|p2|Glimmora, M|\n|poke|p2|Baxcalibur, F|\n|teampreview\n|\n|t:|1700143443\n|start\n|switch|p1a: Maushold|Maushold-Four|100\/100\n|switch|p2a: Glimmora|Glimmora, M, shiny|100\/100\n|turn|1\n|\n|t:|1700143450\n|move|p1a: Maushold|Tidy Up|p1a: Maushold\n|-boost|p1a: Maushold|atk|1\n|-boost|p1a: Maushold|spe|1\n|move|p2a: Glimmora|Acid Armor|p2a: Glimmora\n|-boost|p2a: Glimmora|def|2\n|\n|upkeep\n|turn|2\n|\n|t:|1700143457\n|move|p1a: Maushold|Encore|p2a: Glimmora\n|-start|p2a: Glimmora|Encore\n|move|p2a: Glimmora|Acid Armor|p2a: Glimmora\n|-boost|p2a: Glimmora|def|2\n|\n|upkeep\n|turn|3\n|\n|t:|1700143462\n|move|p1a: Maushold|Tidy Up|p1a: Maushold\n|-boost|p1a: Maushold|atk|1\n|-boost|p1a: Maushold|spe|1\n|move|p2a: Glimmora|Acid Armor|p2a: Glimmora\n|-boost|p2a: Glimmora|def|2\n|\n|upkeep\n|turn|4\n|\n|t:|1700143471\n|move|p1a: Maushold|Tidy Up|p1a: Maushold\n|-boost|p1a: Maushold|atk|1\n|-boost|p1a: Maushold|spe|1\n|move|p2a: Glimmora|Acid Armor|p2a: Glimmora\n|-boost|p2a: Glimmora|def|0\n|\n|-end|p2a: Glimmora|Encore\n|upkeep\n|turn|5\n|\n|t:|1700143479\n|move|p1a: Maushold|Encore|p2a: Glimmora\n|-start|p2a: Glimmora|Encore\n|move|p2a: Glimmora|Acid Armor|p2a: Glimmora\n|-boost|p2a: Glimmora|def|0\n|\n|upkeep\n|turn|6\n|\n|t:|1700143485\n|move|p1a: Maushold|Tidy Up|p1a: Maushold\n|-boost|p1a: Maushold|atk|1\n|-boost|p1a: Maushold|spe|1\n|move|p2a: Glimmora|Acid Armor|p2a: Glimmora\n|-boost|p2a: Glimmora|def|0\n|\n|upkeep\n|turn|7\n|\n|t:|1700143492\n|move|p1a: Maushold|Tidy Up|p1a: Maushold\n|-boost|p1a: Maushold|atk|1\n|-boost|p1a: Maushold|spe|1\n|move|p2a: Glimmora|Acid Armor|p2a: Glimmora\n|-boost|p2a: Glimmora|def|0\n|\n|-end|p2a: Glimmora|Encore\n|upkeep\n|turn|8\n|\n|t:|1700143499\n|move|p1a: Maushold|Encore|p2a: Glimmora\n|-start|p2a: Glimmora|Encore\n|move|p2a: Glimmora|Acid Armor|p2a: Glimmora\n|-boost|p2a: Glimmora|def|0\n|\n|upkeep\n|turn|9\n|-message|TXEBXXGEYMXN forfeited.\n|\n|win|SporisBoris\n|raw|SporisBoris's rating: 1204 &rarr; <strong>1234<\/strong><br \/>(+30 for winning)\n|raw|TXEBXXGEYMXN's rating: 1277 &rarr; <strong>1247<\/strong><br \/>(-30 for losing)\n|l|\u2606TXEBXXGEYMXN\n","uploadtime":1700143505,"views":3,"p1id":"sporisboris","p2id":"txebxxgeymxn","formatid":"gen9anythinggoes","rating":1234,"private":0,"password":""}