{"id":"gen9anythinggoes-1982202772","p1":"What to do in Gen9","p2":"LordeQuazzy","format":"[Gen 9] Anything Goes","log":"|j|\u2606What to do in Gen9\n|j|\u2606LordeQuazzy\n|t:|1698978728\n|gametype|singles\n|player|p1|What to do in Gen9|preschooler|1479\n|player|p2|LordeQuazzy|blackbelt-gen4dp|1520\n|teamsize|p1|6\n|teamsize|p2|6\n|gen|9\n|tier|[Gen 9] Anything Goes\n|rated|\n|rule|HP Percentage Mod: HP is shown in percentages\n|rule|Endless Battle Clause: Forcing endless battles is banned\n|clearpoke\n|poke|p1|Forretress, F|\n|poke|p1|Blissey, F|\n|poke|p1|Dondozo, F|\n|poke|p1|Clodsire, M|\n|poke|p1|Toxapex, M|\n|poke|p1|Skeledirge, M|\n|poke|p2|Groudon|\n|poke|p2|Calyrex-Shadow|\n|poke|p2|Koraidon|\n|poke|p2|Maushold-Four|\n|poke|p2|Great Tusk|\n|poke|p2|Flutter Mane|\n|teampreview\n|inactive|Battle timer is ON: inactive players will automatically lose when time's up. (requested by LordeQuazzy)\n|inactive|What to do in Gen9 also wants the timer to be on.\n|c|\u2606LordeQuazzy|gl hf!\n|c|\u2606LordeQuazzy|wow that's a hyperdefensive team\n|c|\u2606LordeQuazzy|with Unaware\n|inactive|LordeQuazzy has 120 seconds left.\n|c|\u2606LordeQuazzy|oh boy\n|c|\u2606LordeQuazzy|I really need to learn how to break through that stuff\n|\n|t:|1698978769\n|start\n|switch|p1a: Skeledirge|Skeledirge, M|100\/100\n|switch|p2a: Kyogre|Groudon|100\/100\n|-weather|SunnyDay|[from] ability: Drought|[of] p2a: Kyogre\n|turn|1\n|c|\u2606LordeQuazzy|it's just so specialized that it's not really in my area of purview\n|\n|t:|1698978792\n|switch|p2a: Misdreavus|Flutter Mane|100\/100\n|-activate|p2a: Misdreavus|ability: Protosynthesis\n|-start|p2a: Misdreavus|protosynthesisspa\n|switch|p1a: Dondozo|Dondozo, F|100\/100\n|\n|-weather|SunnyDay|[upkeep]\n|upkeep\n|turn|2\n|\n|t:|1698978803\n|switch|p1a: Clodsire|Clodsire, M|100\/100\n|move|p2a: Misdreavus|Energy Ball|p1a: Clodsire\n|-damage|p1a: Clodsire|77\/100\n|\n|-weather|SunnyDay|[upkeep]\n|upkeep\n|turn|3\n|\n|t:|1698978819\n|-end|p2a: Misdreavus|Protosynthesis|[silent]\n|switch|p2a: Kyogre|Groudon|100\/100\n|move|p1a: Clodsire|Toxic|p2a: Kyogre\n|-status|p2a: Kyogre|tox\n|\n|-weather|SunnyDay|[upkeep]\n|-damage|p2a: Kyogre|94\/100 tox|[from] psn\n|upkeep\n|turn|4\n|\n|t:|1698978828\n|switch|p1a: Dondozo|Dondozo, F|100\/100\n|move|p2a: Kyogre|Stealth Rock|p1a: Dondozo\n|-sidestart|p1: What to do in Gen9|move: Stealth Rock\n|\n|-weather|SunnyDay|[upkeep]\n|-damage|p2a: Kyogre|82\/100 tox|[from] psn\n|upkeep\n|turn|5\n|\n|t:|1698978840\n|switch|p2a: Misdreavus|Flutter Mane|100\/100\n|-activate|p2a: Misdreavus|ability: Protosynthesis\n|-start|p2a: Misdreavus|protosynthesisspa\n|move|p1a: Dondozo|Waterfall|p2a: Misdreavus\n|-damage|p2a: Misdreavus|71\/100\n|\n|-weather|SunnyDay|[upkeep]\n|upkeep\n|turn|6\n|\n|t:|1698978850\n|switch|p1a: Clodsire|Clodsire, M|77\/100\n|move|p2a: Misdreavus|Energy Ball|p1a: Clodsire\n|-damage|p1a: Clodsire|54\/100\n|\n|-weather|SunnyDay|[upkeep]\n|upkeep\n|turn|7\n|\n|t:|1698978860\n|move|p2a: Misdreavus|Shadow Ball|p1a: Clodsire\n|-damage|p1a: Clodsire|22\/100\n|move|p1a: Clodsire|Recover|p1a: Clodsire\n|-heal|p1a: Clodsire|72\/100\n|\n|-weather|SunnyDay|[upkeep]\n|upkeep\n|turn|8\n|\n|t:|1698978876\n|-end|p2a: Misdreavus|Protosynthesis|[silent]\n|switch|p2a: Kyogre|Groudon|82\/100 tox\n|move|p1a: Clodsire|Spikes|p2a: Kyogre\n|-sidestart|p2: LordeQuazzy|Spikes\n|\n|-weather|none\n|-damage|p2a: Kyogre|76\/100 tox|[from] psn\n|upkeep\n|turn|9\n|\n|t:|1698978884\n|switch|p1a: Dondozo|Dondozo, F|100\/100\n|move|p2a: Kyogre|Earthquake|p1a: Dondozo\n|-damage|p1a: Dondozo|73\/100\n|\n|-damage|p2a: Kyogre|64\/100 tox|[from] psn\n|upkeep\n|turn|10\n|\n|t:|1698978892\n|switch|p2a: Miraidon|Koraidon|100\/100\n|-damage|p2a: Miraidon|88\/100|[from] Spikes\n|-weather|SunnyDay|[from] ability: Orichalcum Pulse|[of] p2a: Miraidon\n|-activate|p2a: Miraidon|Orichalcum Pulse|[source]\n|move|p1a: Dondozo|Waterfall|p2a: Miraidon\n|-resisted|p2a: Miraidon\n|-damage|p2a: Miraidon|82\/100\n|\n|-weather|SunnyDay|[upkeep]\n|upkeep\n|turn|11\n|c|\u2606LordeQuazzy|you're gonna win this\n|c|\u2606LordeQuazzy|not for another thousand moves\n|c|\u2606LordeQuazzy|but you're gonna win this\n|\n|t:|1698978909\n|switch|p1a: Skeledirge|Skeledirge, M|100\/100\n|move|p2a: Miraidon|Collision Course|p1a: Skeledirge\n|-immune|p1a: Skeledirge\n|\n|-weather|SunnyDay|[upkeep]\n|upkeep\n|turn|12\n|c|\u2606What to do in Gen9|idk man but in class\n|c|\u2606What to do in Gen9|hahahahahah\n|c|\u2606LordeQuazzy|lol\n|\n|t:|1698978922\n|move|p2a: Miraidon|Scale Shot|p1a: Skeledirge\n|-crit|p1a: Skeledirge\n|-damage|p1a: Skeledirge|84\/100\n|-damage|p1a: Skeledirge|71\/100\n|-damage|p1a: Skeledirge|60\/100\n|-damage|p1a: Skeledirge|48\/100\n|-hitcount|p1a: Skeledirge|4\n|-unboost|p2a: Miraidon|def|1\n|-boost|p2a: Miraidon|spe|1\n|move|p1a: Skeledirge|Will-O-Wisp|p2a: Miraidon\n|-status|p2a: Miraidon|brn\n|\n|-weather|SunnyDay|[upkeep]\n|-damage|p2a: Miraidon|76\/100 brn|[from] brn\n|upkeep\n|turn|13\n|c|\u2606LordeQuazzy|I guess I'll just have to survive for long enough that you have to go\n|c|\u2606LordeQuazzy|that's my win condition\n|\n|t:|1698978939\n|move|p2a: Miraidon|Scale Shot|p1a: Skeledirge\n|-damage|p1a: Skeledirge|42\/100\n|-damage|p1a: Skeledirge|36\/100\n|-hitcount|p1a: Skeledirge|2\n|-unboost|p2a: Miraidon|def|1\n|-boost|p2a: Miraidon|spe|1\n|move|p1a: Skeledirge|Slack Off|p1a: Skeledirge\n|-heal|p1a: Skeledirge|86\/100\n|\n|-weather|SunnyDay|[upkeep]\n|-damage|p2a: Miraidon|70\/100 brn|[from] brn\n|upkeep\n|turn|14\n|c|\u2606What to do in Gen9|its 5-\/50\n|\n|t:|1698978952\n|switch|p2a: MausMausMausMaus|Maushold-Four|100\/100\n|-damage|p2a: MausMausMausMaus|88\/100|[from] Spikes\n|move|p1a: Skeledirge|Hex|p2a: MausMausMausMaus\n|-immune|p2a: MausMausMausMaus\n|\n|-weather|SunnyDay|[upkeep]\n|upkeep\n|turn|15\n|\n|t:|1698978961\n|move|p2a: MausMausMausMaus|Beat Up|p1a: Skeledirge\n|-supereffective|p1a: Skeledirge\n|-damage|p1a: Skeledirge|80\/100\n|-supereffective|p1a: Skeledirge\n|-damage|p1a: Skeledirge|73\/100\n|-supereffective|p1a: Skeledirge\n|-damage|p1a: Skeledirge|64\/100\n|-supereffective|p1a: Skeledirge\n|-damage|p1a: Skeledirge|58\/100\n|-hitcount|p1a: Skeledirge|4\n|move|p1a: Skeledirge|Will-O-Wisp|p2a: MausMausMausMaus\n|-status|p2a: MausMausMausMaus|brn\n|\n|-weather|SunnyDay|[upkeep]\n|-damage|p2a: MausMausMausMaus|82\/100 brn|[from] brn\n|upkeep\n|turn|16\n|\n|t:|1698978975\n|move|p2a: MausMausMausMaus|Encore|p1a: Skeledirge\n|-start|p1a: Skeledirge|Encore\n|move|p1a: Skeledirge|Will-O-Wisp|p2a: MausMausMausMaus\n|-fail|p2a: MausMausMausMaus|brn\n|\n|-weather|SunnyDay|[upkeep]\n|-damage|p2a: MausMausMausMaus|76\/100 brn|[from] brn\n|upkeep\n|turn|17\n|\n|t:|1698978984\n|switch|p1a: Forretress|Forretress, F|100\/100\n|-damage|p1a: Forretress|88\/100|[from] Stealth Rock\n|move|p2a: MausMausMausMaus|Population Bomb|p1a: Forretress\n|-resisted|p1a: Forretress\n|-damage|p1a: Forretress|86\/100\n|-resisted|p1a: Forretress\n|-damage|p1a: Forretress|85\/100\n|-resisted|p1a: Forretress\n|-crit|p1a: Forretress\n|-damage|p1a: Forretress|82\/100\n|-resisted|p1a: Forretress\n|-damage|p1a: Forretress|81\/100\n|-resisted|p1a: Forretress\n|-damage|p1a: Forretress|79\/100\n|-resisted|p1a: Forretress\n|-damage|p1a: Forretress|78\/100\n|-resisted|p1a: Forretress\n|-damage|p1a: Forretress|76\/100\n|-resisted|p1a: Forretress\n|-damage|p1a: Forretress|75\/100\n|-resisted|p1a: Forretress\n|-damage|p1a: Forretress|73\/100\n|-resisted|p1a: Forretress\n|-crit|p1a: Forretress\n|-damage|p1a: Forretress|71\/100\n|-hitcount|p1a: Forretress|10\n|\n|-weather|none\n|-damage|p2a: MausMausMausMaus|69\/100 brn|[from] brn\n|upkeep\n|turn|18\n|\n|t:|1698978996\n|switch|p2a: Kyogre|Groudon|64\/100 tox\n|-damage|p2a: Kyogre|51\/100 tox|[from] Spikes\n|-weather|SunnyDay|[from] ability: Drought|[of] p2a: Kyogre\n|move|p1a: Forretress|Stealth Rock|p2a: Kyogre\n|-sidestart|p2: LordeQuazzy|move: Stealth Rock\n|\n|-weather|SunnyDay|[upkeep]\n|-damage|p2a: Kyogre|45\/100 tox|[from] psn\n|upkeep\n|turn|19\n|\n|t:|1698979003\n|switch|p1a: Dondozo|Dondozo, F|73\/100\n|move|p2a: Kyogre|Fire Punch|p1a: Dondozo\n|-resisted|p1a: Dondozo\n|-damage|p1a: Dondozo|64\/100\n|\n|-weather|SunnyDay|[upkeep]\n|-damage|p2a: Kyogre|33\/100 tox|[from] psn\n|upkeep\n|turn|20\n|\n|t:|1698979010\n|move|p1a: Dondozo|Waterfall|p2a: Kyogre\n|-supereffective|p2a: Kyogre\n|-damage|p2a: Kyogre|12\/100 tox\n|move|p2a: Kyogre|Roar|p1a: Dondozo\n|drag|p1a: Forretress|Forretress, F|71\/100\n|-damage|p1a: Forretress|58\/100|[from] Stealth Rock\n|\n|-weather|SunnyDay|[upkeep]\n|-damage|p2a: Kyogre|0 fnt|[from] psn\n|faint|p2a: Kyogre\n|upkeep\n|\n|t:|1698979024\n|switch|p2a: Misdreavus|Flutter Mane|71\/100\n|-damage|p2a: Misdreavus|58\/100|[from] Spikes\n|-damage|p2a: Misdreavus|46\/100|[from] Stealth Rock\n|-activate|p2a: Misdreavus|ability: Protosynthesis\n|-start|p2a: Misdreavus|protosynthesisspa\n|turn|21\n|c|\u2606LordeQuazzy|...mind if I steal this team?\n|\n|t:|1698979036\n|switch|p1a: Clodsire|Clodsire, M|72\/100\n|move|p2a: Misdreavus|Mystical Fire|p1a: Clodsire\n|-damage|p1a: Clodsire|42\/100\n|-unboost|p1a: Clodsire|spa|1\n|\n|-weather|SunnyDay|[upkeep]\n|upkeep\n|turn|22\n|c|\u2606What to do in Gen9|i dont mind\n|c|\u2606LordeQuazzy|thanks!\n|c|\u2606What to do in Gen9|just testing this stuff\n|\n|t:|1698979051\n|move|p2a: Misdreavus|Shadow Ball|p1a: Clodsire\n|-damage|p1a: Clodsire|9\/100\n|move|p1a: Clodsire|Recover|p1a: Clodsire\n|-heal|p1a: Clodsire|59\/100\n|\n|-weather|SunnyDay|[upkeep]\n|upkeep\n|turn|23\n|c|\u2606LordeQuazzy|well, it's a pretty damn effective starting spot\n|\n|t:|1698979063\n|move|p2a: Misdreavus|Shadow Ball|p1a: Clodsire\n|-damage|p1a: Clodsire|24\/100\n|move|p1a: Clodsire|Recover|p1a: Clodsire\n|-heal|p1a: Clodsire|74\/100\n|\n|-weather|SunnyDay|[upkeep]\n|upkeep\n|turn|24\n|c|\u2606What to do in Gen9|like immune to stored power\n|\n|t:|1698979071\n|move|p2a: Misdreavus|Shadow Ball|p1a: Clodsire\n|-damage|p1a: Clodsire|42\/100\n|move|p1a: Clodsire|Recover|p1a: Clodsire\n|-heal|p1a: Clodsire|92\/100\n|\n|-weather|SunnyDay|[upkeep]\n|upkeep\n|turn|25\n|\n|t:|1698979079\n|move|p2a: Misdreavus|Shadow Ball|p1a: Clodsire\n|-damage|p1a: Clodsire|58\/100\n|move|p1a: Clodsire|Spikes|p2a: Misdreavus\n|-sidestart|p2: LordeQuazzy|Spikes\n|\n|-weather|none\n|-end|p2a: Misdreavus|Protosynthesis\n|upkeep\n|turn|26\n|c|\u2606LordeQuazzy|yeah, keeping a dark poke around for that's gotta be important\n|c|\u2606What to do in Gen9|ye but moonblast\n|\n|t:|1698979107\n|-end|p2a: Misdreavus|Protosynthesis|[silent]\n|switch|p2a: Iron Treads|Great Tusk|100\/100\n|-damage|p2a: Iron Treads|84\/100|[from] Spikes\n|-damage|p2a: Iron Treads|81\/100|[from] Stealth Rock\n|move|p1a: Clodsire|Recover|p1a: Clodsire\n|-heal|p1a: Clodsire|100\/100\n|\n|upkeep\n|turn|27\n|\n|t:|1698979115\n|switch|p1a: Skeledirge|Skeledirge, M|58\/100\n|move|p2a: Iron Treads|Rapid Spin|p1a: Skeledirge\n|-immune|p1a: Skeledirge\n|\n|upkeep\n|turn|28\n|\n|t:|1698979123\n|move|p2a: Iron Treads|Headlong Rush|p1a: Skeledirge\n|-supereffective|p1a: Skeledirge\n|-crit|p1a: Skeledirge\n|-damage|p1a: Skeledirge|0 fnt\n|-unboost|p2a: Iron Treads|def|1\n|-unboost|p2a: Iron Treads|spd|1\n|faint|p1a: Skeledirge\n|\n|upkeep\n|\n|t:|1698979128\n|switch|p1a: Dondozo|Dondozo, F|64\/100\n|turn|29\n|c|\u2606LordeQuazzy|on the \"bright\" side, I don't need to worry about sunlight at all\n|c|\u2606LordeQuazzy|SINCE IT DOESN'T DO ANYTHING\n|\n|t:|1698979145\n|move|p2a: Iron Treads|Rapid Spin|p1a: Dondozo\n|-damage|p1a: Dondozo|56\/100\n|-boost|p2a: Iron Treads|spe|1\n|-sideend|p2: LordeQuazzy|Spikes|[from] move: Rapid Spin|[of] p2a: Iron Treads\n|-sideend|p2: LordeQuazzy|Stealth Rock|[from] move: Rapid Spin|[of] p2a: Iron Treads\n|move|p1a: Dondozo|Waterfall|p2a: Iron Treads\n|-supereffective|p2a: Iron Treads\n|-damage|p2a: Iron Treads|41\/100\n|\n|upkeep\n|turn|30\n|c|\u2606LordeQuazzy|unaware works with me here, at least\n|\n|t:|1698979161\n|move|p2a: Iron Treads|Headlong Rush|p1a: Dondozo\n|-damage|p1a: Dondozo|30\/100\n|-unboost|p2a: Iron Treads|def|1\n|-unboost|p2a: Iron Treads|spd|1\n|move|p1a: Dondozo|Rest|p1a: Dondozo\n|-status|p1a: Dondozo|slp|[from] move: Rest\n|-heal|p1a: Dondozo|100\/100 slp|[silent]\n|\n|upkeep\n|turn|31\n|\n|t:|1698979173\n|move|p2a: Iron Treads|Headlong Rush|p1a: Dondozo\n|-damage|p1a: Dondozo|75\/100 slp\n|-unboost|p2a: Iron Treads|def|1\n|-unboost|p2a: Iron Treads|spd|1\n|cant|p1a: Dondozo|slp\n|\n|upkeep\n|turn|32\n|\n|t:|1698979180\n|move|p2a: Iron Treads|Headlong Rush|p1a: Dondozo\n|-damage|p1a: Dondozo|51\/100 slp\n|-unboost|p2a: Iron Treads|def|1\n|-unboost|p2a: Iron Treads|spd|1\n|cant|p1a: Dondozo|slp\n|\n|upkeep\n|turn|33\n|\n|t:|1698979188\n|move|p2a: Iron Treads|Headlong Rush|p1a: Dondozo\n|-damage|p1a: Dondozo|26\/100 slp\n|-unboost|p2a: Iron Treads|def|1\n|-unboost|p2a: Iron Treads|spd|1\n|-curestatus|p1a: Dondozo|slp|[msg]\n|move|p1a: Dondozo|Waterfall|p2a: Iron Treads\n|-supereffective|p2a: Iron Treads\n|-damage|p2a: Iron Treads|5\/100\n|\n|upkeep\n|turn|34\n|c|\u2606LordeQuazzy|yeah, you win this circuit\n|c|\u2606LordeQuazzy|rip\n|\n|t:|1698979200\n|move|p2a: Iron Treads|Close Combat|p1a: Dondozo\n|-damage|p1a: Dondozo|1\/100\n|-unboost|p2a: Iron Treads|def|1\n|-unboost|p2a: Iron Treads|spd|1\n|move|p1a: Dondozo|Rest|p1a: Dondozo\n|-status|p1a: Dondozo|slp|[from] move: Rest\n|-heal|p1a: Dondozo|100\/100 slp|[silent]\n|\n|upkeep\n|turn|35\n|c|\u2606LordeQuazzy|oh so close\n|c|\u2606LordeQuazzy|and yet so far away\n|\n|t:|1698979211\n|-end|p2a: Iron Treads|Protosynthesis|[silent]\n|switch|p2a: Misdreavus|Flutter Mane|46\/100\n|cant|p1a: Dondozo|slp\n|\n|upkeep\n|turn|36\n|\n|t:|1698979219\n|switch|p1a: Clodsire|Clodsire, M|100\/100\n|move|p2a: Misdreavus|Energy Ball|p1a: Clodsire\n|-damage|p1a: Clodsire|80\/100\n|\n|upkeep\n|turn|37\n|\n|t:|1698979225\n|-end|p2a: Misdreavus|Protosynthesis|[silent]\n|switch|p2a: Iron Treads|Great Tusk|5\/100\n|move|p1a: Clodsire|Spikes|p2a: Iron Treads\n|-sidestart|p2: LordeQuazzy|Spikes\n|\n|upkeep\n|turn|38\n|\n|t:|1698979237\n|switch|p1a: Toxapex|Toxapex, M|100\/100\n|-damage|p1a: Toxapex|88\/100|[from] Stealth Rock\n|move|p2a: Iron Treads|Rapid Spin|p1a: Toxapex\n|-damage|p1a: Toxapex|77\/100\n|-boost|p2a: Iron Treads|spe|1\n|-sideend|p2: LordeQuazzy|Spikes|[from] move: Rapid Spin|[of] p2a: Iron Treads\n|\n|-heal|p1a: Toxapex|84\/100|[from] item: Leftovers\n|upkeep\n|turn|39\n|\n|t:|1698979249\n|move|p1a: Toxapex|Baneful Bunker|p1a: Toxapex\n|-singleturn|p1a: Toxapex|move: Protect\n|move|p2a: Iron Treads|Headlong Rush|p1a: Toxapex\n|-activate|p1a: Toxapex|move: Protect\n|-status|p2a: Iron Treads|psn\n|\n|-heal|p1a: Toxapex|90\/100|[from] item: Leftovers\n|-damage|p2a: Iron Treads|0 fnt|[from] psn\n|faint|p2a: Iron Treads\n|-end|p2a: Iron Treads|Protosynthesis|[silent]\n|upkeep\n|c|\u2606LordeQuazzy|figured\n|c|\u2606LordeQuazzy|didn't have any other moves tho\n|c|\u2606LordeQuazzy|...guess I shoulda swapped\n|\n|t:|1698979269\n|switch|p2a: Mudsdale|Calyrex-Shadow|100\/100\n|-ability|p2a: Mudsdale|As One\n|-ability|p2a: Mudsdale|Unnerve\n|turn|40\n|\n|t:|1698979277\n|switch|p1a: Blissey|Blissey, F|100\/100\n|move|p2a: Mudsdale|Psychic|p1a: Blissey\n|-damage|p1a: Blissey|78\/100\n|\n|upkeep\n|turn|41\n|\n|t:|1698979284\n|switch|p2a: Miraidon|Koraidon|70\/100 brn\n|-weather|SunnyDay|[from] ability: Orichalcum Pulse|[of] p2a: Miraidon\n|-activate|p2a: Miraidon|Orichalcum Pulse|[source]\n|move|p1a: Blissey|Protect||[still]\n|-fail|p1a: Blissey\n|\n|-weather|SunnyDay|[upkeep]\n|-damage|p2a: Miraidon|64\/100 brn|[from] brn\n|upkeep\n|turn|42\n|\n|t:|1698979293\n|move|p1a: Blissey|Protect|p1a: Blissey\n|-singleturn|p1a: Blissey|Protect\n|move|p2a: Miraidon|Swords Dance|p2a: Miraidon\n|-boost|p2a: Miraidon|atk|2\n|\n|-weather|SunnyDay|[upkeep]\n|-damage|p2a: Miraidon|58\/100 brn|[from] brn\n|upkeep\n|turn|43\n|\n|t:|1698979298\n|switch|p1a: Dondozo|Dondozo, F|100\/100 slp\n|move|p2a: Miraidon|Collision Course|p1a: Dondozo\n|-damage|p1a: Dondozo|85\/100 slp\n|\n|-weather|SunnyDay|[upkeep]\n|-damage|p2a: Miraidon|51\/100 brn|[from] brn\n|upkeep\n|turn|44\n|c|\u2606LordeQuazzy|ohhhh\n|c|\u2606LordeQuazzy|unaware does take burn into account\n|c|\u2606LordeQuazzy|since it's pwr and not a stat stage\n|c|\u2606LordeQuazzy|damn\n|c|\u2606LordeQuazzy|nice combo\n|inactive|LordeQuazzy has 120 seconds left.\n|\n|t:|1698979329\n|switch|p2a: Misdreavus|Flutter Mane|46\/100\n|-activate|p2a: Misdreavus|ability: Protosynthesis\n|-start|p2a: Misdreavus|protosynthesisspa\n|cant|p1a: Dondozo|slp\n|\n|-weather|SunnyDay|[upkeep]\n|upkeep\n|turn|45\n|\n|t:|1698979337\n|switch|p1a: Clodsire|Clodsire, M|80\/100\n|move|p2a: Misdreavus|Shadow Ball|p1a: Clodsire\n|-damage|p1a: Clodsire|47\/100\n|-unboost|p1a: Clodsire|spd|1\n|\n|-weather|SunnyDay|[upkeep]\n|upkeep\n|turn|46\n|\n|t:|1698979349\n|switch|p1a: Blissey|Blissey, F|78\/100\n|move|p2a: Misdreavus|Shadow Ball|p1a: Blissey\n|-immune|p1a: Blissey\n|\n|-weather|SunnyDay|[upkeep]\n|upkeep\n|turn|47\n|c|\u2606LordeQuazzy|!dt unaware\n|raw|<ul class=\"utilichart\"><li class=\"result\"><span class=\"col namecol\"><a href=\"https:\/\/dex.pokemonshowdown.com\/abilities\/unaware\">Unaware<\/a><\/span> <span class=\"col abilitydesccol\">This Pokemon ignores other Pokemon's stat stages when taking or doing damage.<\/span> <\/li><li style=\"clear:both\"><\/li><\/ul>\n|raw|<font size=\"1\"><font color=\"#686868\">Gen:<\/font> 4&nbsp;|&ThickSpace;&#10003; Ignored by Mold Breaker<\/font>\n\n|c|\u2606LordeQuazzy|but it does track its own\n|c|\u2606LordeQuazzy|neat\n|inactive|LordeQuazzy has 120 seconds left.\n|\n|t:|1698979371\n|move|p1a: Blissey|Protect|p1a: Blissey\n|-singleturn|p1a: Blissey|Protect\n|move|p2a: Misdreavus|Moonblast|p1a: Blissey\n|-activate|p1a: Blissey|move: Protect\n|\n|-weather|SunnyDay|[upkeep]\n|upkeep\n|turn|48\n|inactive|What to do in Gen9 has 120 seconds left.\n|\n|t:|1698979405\n|move|p2a: Misdreavus|Moonblast|p1a: Blissey\n|-damage|p1a: Blissey|50\/100\n|move|p1a: Blissey|Seismic Toss|p2a: Misdreavus\n|-immune|p2a: Misdreavus\n|\n|-weather|none\n|-end|p2a: Misdreavus|Protosynthesis\n|upkeep\n|turn|49\n|\n|t:|1698979415\n|move|p2a: Misdreavus|Moonblast|p1a: Blissey\n|-damage|p1a: Blissey|28\/100\n|move|p1a: Blissey|Soft-Boiled|p1a: Blissey\n|-heal|p1a: Blissey|78\/100\n|\n|upkeep\n|turn|50\n|\n|t:|1698979421\n|move|p2a: Misdreavus|Moonblast|p1a: Blissey\n|-damage|p1a: Blissey|56\/100\n|move|p1a: Blissey|Soft-Boiled|p1a: Blissey\n|-heal|p1a: Blissey|100\/100\n|\n|upkeep\n|turn|51\n|\n|t:|1698979440\n|switch|p1a: Toxapex|Toxapex, M|100\/100\n|-damage|p1a: Toxapex|88\/100|[from] Stealth Rock\n|move|p2a: Misdreavus|Energy Ball|p1a: Toxapex\n|-damage|p1a: Toxapex|58\/100\n|\n|-heal|p1a: Toxapex|64\/100|[from] item: Leftovers\n|upkeep\n|turn|52\n|c|\u2606LordeQuazzy|bit of a stalemate, eh?\n|\n|t:|1698979452\n|-end|p2a: Misdreavus|Protosynthesis|[silent]\n|switch|p2a: Mudsdale|Calyrex-Shadow|100\/100\n|-ability|p2a: Mudsdale|As One\n|-ability|p2a: Mudsdale|Unnerve\n|-terastallize|p1a: Toxapex|Grass\n|move|p1a: Toxapex|Toxic|p2a: Mudsdale\n|-status|p2a: Mudsdale|tox\n|\n|-heal|p1a: Toxapex|71\/100|[from] item: Leftovers\n|-damage|p2a: Mudsdale|94\/100 tox|[from] psn\n|upkeep\n|turn|53\n|\n|t:|1698979466\n|switch|p2a: Miraidon|Koraidon|51\/100 brn\n|-weather|SunnyDay|[from] ability: Orichalcum Pulse|[of] p2a: Miraidon\n|-activate|p2a: Miraidon|Orichalcum Pulse|[source]\n|switch|p1a: Blissey|Blissey, F|100\/100\n|\n|-weather|SunnyDay|[upkeep]\n|-damage|p2a: Miraidon|45\/100 brn|[from] brn\n|upkeep\n|turn|54\n|\n|t:|1698979476\n|switch|p1a: Dondozo|Dondozo, F|85\/100 slp\n|move|p2a: Miraidon|Collision Course|p1a: Dondozo\n|-damage|p1a: Dondozo|68\/100 slp\n|\n|-weather|SunnyDay|[upkeep]\n|-damage|p2a: Miraidon|39\/100 brn|[from] brn\n|upkeep\n|turn|55\n|\n|t:|1698979480\n|move|p2a: Miraidon|Scale Shot|p1a: Dondozo\n|-damage|p1a: Dondozo|64\/100 slp\n|-damage|p1a: Dondozo|60\/100 slp\n|-damage|p1a: Dondozo|57\/100 slp\n|-hitcount|p1a: Dondozo|3\n|-unboost|p2a: Miraidon|def|1\n|-boost|p2a: Miraidon|spe|1\n|-curestatus|p1a: Dondozo|slp|[msg]\n|move|p1a: Dondozo|Waterfall|p2a: Miraidon\n|-resisted|p2a: Miraidon\n|-damage|p2a: Miraidon|33\/100 brn\n|\n|-weather|SunnyDay|[upkeep]\n|-damage|p2a: Miraidon|27\/100 brn|[from] brn\n|upkeep\n|turn|56\n|\n|t:|1698979484\n|move|p2a: Miraidon|Collision Course|p1a: Dondozo\n|-damage|p1a: Dondozo|42\/100\n|move|p1a: Dondozo|Rest|p1a: Dondozo\n|-status|p1a: Dondozo|slp|[from] move: Rest\n|-heal|p1a: Dondozo|100\/100 slp|[silent]\n|\n|-weather|SunnyDay|[upkeep]\n|-damage|p2a: Miraidon|21\/100 brn|[from] brn\n|upkeep\n|turn|57\n|c|\u2606LordeQuazzy|I can predict ya, but I can't do anything about it\n|c|\u2606LordeQuazzy|I suppose this is a sign that I need a wall\n|c|\u2606LordeQuazzy|of my own\n|\n|t:|1698979503\n|switch|p2a: MausMausMausMaus|Maushold-Four|69\/100 brn\n|switch|p1a: Toxapex|Toxapex, M, tera:Grass|100\/100\n|-damage|p1a: Toxapex|88\/100|[from] Stealth Rock\n|\n|-weather|SunnyDay|[upkeep]\n|-heal|p1a: Toxapex|94\/100|[from] item: Leftovers\n|-damage|p2a: MausMausMausMaus|63\/100 brn|[from] brn\n|upkeep\n|turn|58\n|\n|t:|1698979514\n|move|p2a: MausMausMausMaus|Population Bomb|p1a: Toxapex\n|-damage|p1a: Toxapex|91\/100\n|-damage|p1a: Toxapex|87\/100\n|-damage|p1a: Toxapex|84\/100\n|-damage|p1a: Toxapex|80\/100\n|-damage|p1a: Toxapex|76\/100\n|-damage|p1a: Toxapex|72\/100\n|-damage|p1a: Toxapex|68\/100\n|-damage|p1a: Toxapex|65\/100\n|-damage|p1a: Toxapex|62\/100\n|-damage|p1a: Toxapex|58\/100\n|-hitcount|p1a: Toxapex|10\n|move|p1a: Toxapex|Toxic Spikes|p2a: MausMausMausMaus\n|-sidestart|p2: LordeQuazzy|move: Toxic Spikes\n|\n|-weather|SunnyDay|[upkeep]\n|-heal|p1a: Toxapex|64\/100|[from] item: Leftovers\n|-damage|p2a: MausMausMausMaus|57\/100 brn|[from] brn\n|upkeep\n|turn|59\n|\n|t:|1698979528\n|move|p2a: MausMausMausMaus|Population Bomb|p1a: Toxapex\n|-damage|p1a: Toxapex|61\/100\n|-damage|p1a: Toxapex|57\/100\n|-damage|p1a: Toxapex|53\/100\n|-damage|p1a: Toxapex|49\/100\n|-damage|p1a: Toxapex|45\/100\n|-damage|p1a: Toxapex|41\/100\n|-damage|p1a: Toxapex|38\/100\n|-damage|p1a: Toxapex|35\/100\n|-damage|p1a: Toxapex|31\/100\n|-damage|p1a: Toxapex|28\/100\n|-hitcount|p1a: Toxapex|10\n|move|p1a: Toxapex|Toxic Spikes|p2a: MausMausMausMaus\n|-sidestart|p2: LordeQuazzy|move: Toxic Spikes\n|\n|-weather|SunnyDay|[upkeep]\n|-heal|p1a: Toxapex|34\/100|[from] item: Leftovers\n|-damage|p2a: MausMausMausMaus|51\/100 brn|[from] brn\n|upkeep\n|turn|60\n|\n|t:|1698979542\n|switch|p1a: Forretress|Forretress, F|58\/100\n|-damage|p1a: Forretress|46\/100|[from] Stealth Rock\n|move|p2a: MausMausMausMaus|Population Bomb|p1a: Forretress\n|-resisted|p1a: Forretress\n|-damage|p1a: Forretress|45\/100\n|-resisted|p1a: Forretress\n|-damage|p1a: Forretress|43\/100\n|-resisted|p1a: Forretress\n|-damage|p1a: Forretress|41\/100\n|-resisted|p1a: Forretress\n|-damage|p1a: Forretress|39\/100\n|-resisted|p1a: Forretress\n|-damage|p1a: Forretress|38\/100\n|-resisted|p1a: Forretress\n|-damage|p1a: Forretress|36\/100\n|-resisted|p1a: Forretress\n|-damage|p1a: Forretress|35\/100\n|-resisted|p1a: Forretress\n|-damage|p1a: Forretress|33\/100\n|-resisted|p1a: Forretress\n|-damage|p1a: Forretress|31\/100\n|-resisted|p1a: Forretress\n|-damage|p1a: Forretress|30\/100\n|-hitcount|p1a: Forretress|10\n|\n|-weather|none\n|-damage|p2a: MausMausMausMaus|45\/100 brn|[from] brn\n|upkeep\n|turn|61\n|\n|t:|1698979550\n|move|p2a: MausMausMausMaus|Tidy Up|p2a: MausMausMausMaus\n|-sideend|p2: LordeQuazzy|Toxic Spikes\n|-sideend|p1: What to do in Gen9|Stealth Rock\n|-activate|p2a: MausMausMausMaus|move: Tidy Up\n|-boost|p2a: MausMausMausMaus|atk|1\n|-boost|p2a: MausMausMausMaus|spe|1\n|move|p1a: Forretress|Rest|p1a: Forretress\n|-status|p1a: Forretress|slp|[from] move: Rest\n|-heal|p1a: Forretress|100\/100 slp|[silent]\n|-enditem|p1a: Forretress|Chesto Berry|[eat]\n|-curestatus|p1a: Forretress|slp|[msg]\n|\n|-damage|p2a: MausMausMausMaus|38\/100 brn|[from] brn\n|upkeep\n|turn|62\n|\n|t:|1698979561\n|move|p2a: MausMausMausMaus|Tidy Up|p2a: MausMausMausMaus\n|-boost|p2a: MausMausMausMaus|atk|1\n|-boost|p2a: MausMausMausMaus|spe|1\n|move|p1a: Forretress|Rapid Spin|p2a: MausMausMausMaus\n|-damage|p2a: MausMausMausMaus|24\/100 brn\n|-boost|p1a: Forretress|spe|1\n|\n|-damage|p2a: MausMausMausMaus|18\/100 brn|[from] brn\n|upkeep\n|turn|63\n|\n|t:|1698979568\n|move|p2a: MausMausMausMaus|Population Bomb|p1a: Forretress\n|-resisted|p1a: Forretress\n|-damage|p1a: Forretress|97\/100\n|-resisted|p1a: Forretress\n|-damage|p1a: Forretress|94\/100\n|-resisted|p1a: Forretress\n|-damage|p1a: Forretress|90\/100\n|-resisted|p1a: Forretress\n|-damage|p1a: Forretress|87\/100\n|-resisted|p1a: Forretress\n|-damage|p1a: Forretress|83\/100\n|-resisted|p1a: Forretress\n|-damage|p1a: Forretress|80\/100\n|-resisted|p1a: Forretress\n|-damage|p1a: Forretress|76\/100\n|-resisted|p1a: Forretress\n|-damage|p1a: Forretress|73\/100\n|-resisted|p1a: Forretress\n|-crit|p1a: Forretress\n|-damage|p1a: Forretress|68\/100\n|-resisted|p1a: Forretress\n|-damage|p1a: Forretress|65\/100\n|-hitcount|p1a: Forretress|10\n|move|p1a: Forretress|Rapid Spin|p2a: MausMausMausMaus\n|-damage|p2a: MausMausMausMaus|3\/100 brn\n|-boost|p1a: Forretress|spe|1\n|\n|-damage|p2a: MausMausMausMaus|0 fnt|[from] brn\n|faint|p2a: MausMausMausMaus\n|upkeep\n|\n|t:|1698979575\n|switch|p2a: Misdreavus|Flutter Mane|46\/100\n|turn|64\n|\n|t:|1698979580\n|move|p2a: Misdreavus|Energy Ball|p1a: Forretress\n|-resisted|p1a: Forretress\n|-damage|p1a: Forretress|51\/100\n|move|p1a: Forretress|Stealth Rock|p2a: Misdreavus\n|-sidestart|p2: LordeQuazzy|move: Stealth Rock\n|\n|upkeep\n|turn|65\n|c|\u2606LordeQuazzy|...\n|c|\u2606LordeQuazzy|I was expecting a swap\n|\n|t:|1698979595\n|move|p2a: Misdreavus|Energy Ball|p1a: Forretress\n|-resisted|p1a: Forretress\n|-damage|p1a: Forretress|37\/100\n|move|p1a: Forretress|Rest|p1a: Forretress\n|-status|p1a: Forretress|slp|[from] move: Rest\n|-heal|p1a: Forretress|100\/100 slp|[silent]\n|\n|upkeep\n|turn|66\n|c|\u2606LordeQuazzy|...I was expecting a swap again\n|\n|t:|1698979602\n|move|p2a: Misdreavus|Mystical Fire|p1a: Forretress\n|-supereffective|p1a: Forretress\n|-damage|p1a: Forretress|0 fnt\n|faint|p1a: Forretress\n|\n|upkeep\n|\n|t:|1698979604\n|switch|p1a: Clodsire|Clodsire, M|47\/100\n|turn|67\n|\n|t:|1698979614\n|move|p2a: Misdreavus|Energy Ball|p1a: Clodsire\n|-damage|p1a: Clodsire|29\/100\n|move|p1a: Clodsire|Recover|p1a: Clodsire\n|-heal|p1a: Clodsire|79\/100\n|\n|upkeep\n|turn|68\n|\n|t:|1698979620\n|move|p2a: Misdreavus|Energy Ball|p1a: Clodsire\n|-damage|p1a: Clodsire|61\/100\n|move|p1a: Clodsire|Toxic|p2a: Misdreavus\n|-status|p2a: Misdreavus|tox\n|\n|-damage|p2a: Misdreavus|40\/100 tox|[from] psn\n|upkeep\n|turn|69\n|\n|t:|1698979627\n|move|p2a: Misdreavus|Shadow Ball|p1a: Clodsire\n|-damage|p1a: Clodsire|35\/100\n|move|p1a: Clodsire|Recover|p1a: Clodsire\n|-heal|p1a: Clodsire|85\/100\n|\n|-damage|p2a: Misdreavus|28\/100 tox|[from] psn\n|upkeep\n|turn|70\n|\n|t:|1698979634\n|move|p2a: Misdreavus|Shadow Ball|p1a: Clodsire\n|-damage|p1a: Clodsire|61\/100\n|move|p1a: Clodsire|Spikes|p2a: Misdreavus\n|-sidestart|p2: LordeQuazzy|Spikes\n|\n|-damage|p2a: Misdreavus|10\/100 tox|[from] psn\n|upkeep\n|turn|71\n|\n|t:|1698979641\n|move|p2a: Misdreavus|Shadow Ball|p1a: Clodsire\n|-damage|p1a: Clodsire|35\/100\n|move|p1a: Clodsire|Recover|p1a: Clodsire\n|-heal|p1a: Clodsire|85\/100\n|\n|-damage|p2a: Misdreavus|0 fnt|[from] psn\n|faint|p2a: Misdreavus\n|-end|p2a: Misdreavus|Protosynthesis|[silent]\n|upkeep\n|\n|t:|1698979657\n|switch|p2a: Mudsdale|Calyrex-Shadow|94\/100 tox\n|-ability|p2a: Mudsdale|As One\n|-ability|p2a: Mudsdale|Unnerve\n|-damage|p2a: Mudsdale|82\/100 tox|[from] Stealth Rock\n|-damage|p2a: Mudsdale|70\/100 tox|[from] Spikes\n|turn|72\n|\n|t:|1698979668\n|switch|p1a: Blissey|Blissey, F|100\/100\n|move|p2a: Mudsdale|Psychic|p1a: Blissey\n|-damage|p1a: Blissey|80\/100\n|\n|-damage|p2a: Mudsdale|64\/100 tox|[from] psn\n|upkeep\n|turn|73\n|\n|t:|1698979672\n|move|p1a: Blissey|Protect|p1a: Blissey\n|-singleturn|p1a: Blissey|Protect\n|move|p2a: Mudsdale|Psychic|p1a: Blissey\n|-activate|p1a: Blissey|move: Protect\n|\n|-damage|p2a: Mudsdale|51\/100 tox|[from] psn\n|upkeep\n|turn|74\n|\n|t:|1698979676\n|move|p2a: Mudsdale|Psychic|p1a: Blissey\n|-damage|p1a: Blissey|59\/100\n|move|p1a: Blissey|Soft-Boiled|p1a: Blissey\n|-heal|p1a: Blissey|100\/100\n|\n|-damage|p2a: Mudsdale|33\/100 tox|[from] psn\n|upkeep\n|turn|75\n|\n|t:|1698979681\n|move|p1a: Blissey|Protect|p1a: Blissey\n|-singleturn|p1a: Blissey|Protect\n|move|p2a: Mudsdale|Psychic|p1a: Blissey\n|-activate|p1a: Blissey|move: Protect\n|\n|-damage|p2a: Mudsdale|8\/100 tox|[from] psn\n|upkeep\n|turn|76\n|\n|t:|1698979687\n|move|p2a: Mudsdale|Psychic|p1a: Blissey\n|-damage|p1a: Blissey|79\/100\n|-unboost|p1a: Blissey|spd|1\n|move|p1a: Blissey|Seismic Toss|p2a: Mudsdale\n|-immune|p2a: Mudsdale\n|\n|-damage|p2a: Mudsdale|0 fnt|[from] psn\n|faint|p2a: Mudsdale\n|upkeep\n|c|\u2606LordeQuazzy|tt\n|c|\u2606LordeQuazzy|*gg\n|c|\u2606LordeQuazzy|points for style\n|\n|t:|1698979701\n|switch|p2a: Miraidon|Koraidon|21\/100 brn\n|-damage|p2a: Miraidon|15\/100 brn|[from] Stealth Rock\n|-damage|p2a: Miraidon|2\/100 brn|[from] Spikes\n|-weather|SunnyDay|[from] ability: Orichalcum Pulse|[of] p2a: Miraidon\n|-activate|p2a: Miraidon|Orichalcum Pulse|[source]\n|turn|77\n|c|\u2606What to do in Gen9|ggs\n|\n|t:|1698979711\n|move|p2a: Miraidon|Collision Course|p1a: Blissey\n|-supereffective|p1a: Blissey\n|-damage|p1a: Blissey|0 fnt\n|faint|p1a: Blissey\n|\n|-weather|SunnyDay|[upkeep]\n|-damage|p2a: Miraidon|0 fnt|[from] brn\n|faint|p2a: Miraidon\n|\n|win|What to do in Gen9\n|upkeep\n|raw|What to do in Gen9's rating: 1479 &rarr; <strong>1501<\/strong><br \/>(+22 for winning)\n|raw|LordeQuazzy's rating: 1520 &rarr; <strong>1498<\/strong><br \/>(-22 for losing)\n|l|\u2606What to do in Gen9\n|c|\u2606LordeQuazzy|thank you for letting me get that one last kill\n|l|\u2606LordeQuazzy\n","uploadtime":1698979720,"views":4,"p1id":"whattodoingen9","p2id":"lordequazzy","formatid":"gen9anythinggoes","rating":1498,"private":0,"password":""}