{"id":"gen9anythinggoes-1985196507","p1":"Madhavv","p2":"jobey","format":"[Gen 9] Anything Goes","log":"|j|\u2606Madhavv\n|j|\u2606jobey\n|inactive|Battle timer is ON: inactive players will automatically lose when time's up.\n|t:|1699346965\n|gametype|singles\n|player|p1|Madhavv|steven|\n|player|p2|jobey|170|\n|teamsize|p1|6\n|teamsize|p2|6\n|gen|9\n|tier|[Gen 9] Anything Goes\n|rated|Tournament battle\n|rule|HP Percentage Mod: HP is shown in percentages\n|rule|Endless Battle Clause: Forcing endless battles is banned\n|clearpoke\n|poke|p1|Tyranitar, M|\n|poke|p1|Houndstone, F|\n|poke|p1|Iron Treads|\n|poke|p1|Pawmot, M|\n|poke|p1|Iron Bundle|\n|poke|p1|Miraidon|\n|poke|p2|Arceus-Poison|\n|poke|p2|Grimmsnarl, M|\n|poke|p2|Kyogre|\n|poke|p2|Calyrex-Shadow|\n|poke|p2|Arceus|\n|poke|p2|Koraidon|\n|teampreview\n|j|*Lady Monita \u263d\n|inactive|Madhavv has 120 seconds left.\n|\n|t:|1699347000\n|start\n|switch|p1a: Tyranitar|Tyranitar, M|100\/100\n|switch|p2a: Kyogre|Kyogre|100\/100\n|-weather|RainDance|[from] ability: Drizzle|[of] p2a: Kyogre\n|-weather|Sandstorm|[from] ability: Sand Stream|[of] p1a: Tyranitar\n|turn|1\n|\n|t:|1699347023\n|move|p2a: Kyogre|Origin Pulse|p1a: Tyranitar\n|-supereffective|p1a: Tyranitar\n|-damage|p1a: Tyranitar|34\/100\n|move|p1a: Tyranitar|Thunder Wave|p2a: Kyogre|[miss]\n|-miss|p1a: Tyranitar|p2a: Kyogre\n|\n|-weather|Sandstorm|[upkeep]\n|-damage|p2a: Kyogre|94\/100|[from] Sandstorm\n|upkeep\n|turn|2\n|\n|t:|1699347034\n|move|p2a: Kyogre|Origin Pulse|p1a: Tyranitar\n|-supereffective|p1a: Tyranitar\n|-damage|p1a: Tyranitar|0 fnt\n|faint|p1a: Tyranitar\n|\n|-weather|Sandstorm|[upkeep]\n|-damage|p2a: Kyogre|88\/100|[from] Sandstorm\n|upkeep\n|\n|t:|1699347040\n|switch|p1a: Pawmot|Pawmot, M|100\/100\n|turn|3\n|\n|t:|1699347052\n|switch|p2a: Grimmsnarl|Grimmsnarl, M|100\/100\n|move|p1a: Pawmot|Revival Blessing|p1a: Pawmot\n|-enditem|p1a: Pawmot|Leppa Berry|[eat]\n|-activate|p1a: Pawmot|item: Leppa Berry|Revival Blessing|[consumed]\n|inactive|Madhavv has 120 seconds left.\n|\n|t:|1699347076\n|-heal|p1: Tyranitar|50\/100|[from] move: Revival Blessing\n|\n|-weather|Sandstorm|[upkeep]\n|-damage|p1a: Pawmot|94\/100|[from] Sandstorm\n|-damage|p2a: Grimmsnarl|94\/100|[from] Sandstorm\n|upkeep\n|turn|4\n|inactive|Madhavv has 120 seconds left.\n|\n|t:|1699347089\n|switch|p1a: Iron Treads|Iron Treads|100\/100\n|move|p2a: Grimmsnarl|Reflect|p2a: Grimmsnarl\n|-sidestart|p2: jobey|Reflect\n|\n|-weather|Sandstorm|[upkeep]\n|-damage|p2a: Grimmsnarl|88\/100|[from] Sandstorm\n|upkeep\n|turn|5\n|\n|t:|1699347102\n|move|p2a: Grimmsnarl|Light Screen|p2a: Grimmsnarl\n|-sidestart|p2: jobey|move: Light Screen\n|move|p1a: Iron Treads|Iron Head|p2a: Grimmsnarl\n|-supereffective|p2a: Grimmsnarl\n|-damage|p2a: Grimmsnarl|50\/100\n|\n|-weather|Sandstorm|[upkeep]\n|-damage|p2a: Grimmsnarl|44\/100|[from] Sandstorm\n|upkeep\n|turn|6\n|inactive|Madhavv has 120 seconds left.\n|inactive|Madhavv has 90 seconds left.\n|\n|t:|1699347160\n|switch|p2a: Kyogre|Kyogre|88\/100\n|-weather|RainDance|[from] ability: Drizzle|[of] p2a: Kyogre\n|move|p1a: Iron Treads|Iron Head|p2a: Kyogre\n|-resisted|p2a: Kyogre\n|-damage|p2a: Kyogre|80\/100\n|\n|-weather|RainDance|[upkeep]\n|upkeep\n|turn|7\n|\n|t:|1699347177\n|-end|p1a: Iron Treads|Quark Drive|[silent]\n|switch|p1a: Pawmot|Pawmot, M|94\/100\n|move|p2a: Kyogre|Origin Pulse|p1a: Pawmot\n|-damage|p1a: Pawmot|0 fnt\n|faint|p1a: Pawmot\n|\n|-weather|RainDance|[upkeep]\n|upkeep\n|\n|t:|1699347184\n|switch|p1a: Iron Bundle|Iron Bundle|100\/100\n|turn|8\n|\n|t:|1699347193\n|-end|p1a: Iron Bundle|Quark Drive|[silent]\n|switch|p1a: Miraidon|Miraidon|100\/100\n|-fieldstart|move: Electric Terrain|[from] ability: Hadron Engine|[of] p1a: Miraidon\n|move|p2a: Kyogre|Thunder|p1a: Miraidon\n|-resisted|p1a: Miraidon\n|-damage|p1a: Miraidon|87\/100\n|\n|-weather|RainDance|[upkeep]\n|upkeep\n|turn|9\n|\n|t:|1699347213\n|switch|p2a: Arceus|Arceus-Poison|100\/100\n|move|p1a: Miraidon|Volt Switch|p2a: Arceus\n|-damage|p2a: Arceus|66\/100\n|-damage|p1a: Miraidon|77\/100|[from] item: Life Orb\n|j| Lilac2\n|\n|t:|1699347226\n|switch|p1a: Iron Treads|Iron Treads|100\/100|[from] Volt Switch\n|-activate|p1a: Iron Treads|ability: Quark Drive\n|-start|p1a: Iron Treads|quarkdrivespe\n|\n|-weather|RainDance|[upkeep]\n|upkeep\n|turn|10\n|\n|t:|1699347234\n|move|p1a: Iron Treads|Earthquake|p2a: Arceus\n|-supereffective|p2a: Arceus\n|-damage|p2a: Arceus|28\/100\n|move|p2a: Arceus|Dragon Dance|p2a: Arceus\n|-boost|p2a: Arceus|atk|1\n|-boost|p2a: Arceus|spe|1\n|\n|-weather|none\n|upkeep\n|turn|11\n|\n|t:|1699347244\n|move|p1a: Iron Treads|Earthquake|p2a: Arceus\n|-supereffective|p2a: Arceus\n|-damage|p2a: Arceus|0 fnt\n|faint|p2a: Arceus\n|\n|-sideend|p2: jobey|Reflect\n|upkeep\n|\n|t:|1699347252\n|switch|p2a: Koraidon|Koraidon|100\/100\n|-weather|SunnyDay|[from] ability: Orichalcum Pulse|[of] p2a: Koraidon\n|-activate|p2a: Koraidon|Orichalcum Pulse|[source]\n|turn|12\n|inactive|Madhavv has 90 seconds left.\n|\n|t:|1699347289\n|-end|p1a: Iron Treads|Quark Drive|[silent]\n|switch|p1a: Houndstone|Houndstone, F|100\/100\n|move|p2a: Koraidon|Dragon Dance|p2a: Koraidon\n|-boost|p2a: Koraidon|atk|1\n|-boost|p2a: Koraidon|spe|1\n|\n|-weather|SunnyDay|[upkeep]\n|-sideend|p2: jobey|move: Light Screen\n|-fieldend|move: Electric Terrain\n|upkeep\n|turn|13\n|\n|t:|1699347303\n|-terastallize|p1a: Houndstone|Fairy\n|move|p2a: Koraidon|Dragon Claw|p1a: Houndstone\n|-immune|p1a: Houndstone\n|move|p1a: Houndstone|Play Rough|p2a: Koraidon\n|-supereffective|p2a: Koraidon\n|-damage|p2a: Koraidon|0 fnt\n|faint|p2a: Koraidon\n|-damage|p1a: Houndstone|91\/100|[from] item: Life Orb\n|\n|-weather|SunnyDay|[upkeep]\n|upkeep\n|\n|t:|1699347320\n|switch|p2a: Calyrex|Calyrex-Shadow|100\/100\n|-ability|p2a: Calyrex|As One\n|-ability|p2a: Calyrex|Unnerve\n|turn|14\n|inactive|Madhavv has 60 seconds left.\n|inactive|Madhavv has 30 seconds left.\n|inactive|Madhavv has 20 seconds left.\n|inactive|Madhavv has 15 seconds left.\n|inactive|Madhavv has 10 seconds left.\n|\n|t:|1699347396\n|move|p1a: Houndstone|Shadow Sneak|p2a: Calyrex\n|-supereffective|p2a: Calyrex\n|-enditem|p2a: Calyrex|Focus Sash\n|-damage|p2a: Calyrex|1\/100\n|-damage|p1a: Houndstone|81\/100|[from] item: Life Orb\n|move|p2a: Calyrex|Astral Barrage|p1a: Houndstone\n|-damage|p1a: Houndstone|0 fnt\n|faint|p1a: Houndstone\n|-ability|p2a: Calyrex|Grim Neigh|boost\n|-boost|p2a: Calyrex|spa|1\n|\n|-weather|SunnyDay|[upkeep]\n|upkeep\n|inactive|Madhavv has 15 seconds left this turn.\n|inactive|Madhavv has 10 seconds left.\n|inactive|Madhavv has 5 seconds left.\n|\n|t:|1699347408\n|switch|p1a: Miraidon|Miraidon|77\/100\n|-fieldstart|move: Electric Terrain|[from] ability: Hadron Engine|[of] p1a: Miraidon\n|turn|15\n|inactive|Madhavv has 15 seconds left this turn.\n|\n|t:|1699347415\n|move|p2a: Calyrex|Astral Barrage|p1a: Miraidon\n|-damage|p1a: Miraidon|0 fnt\n|faint|p1a: Miraidon\n|-ability|p2a: Calyrex|Grim Neigh|boost\n|-boost|p2a: Calyrex|spa|1\n|\n|-weather|SunnyDay|[upkeep]\n|upkeep\n|inactive|Madhavv has 20 seconds left this turn.\n|inactive|Madhavv has 15 seconds left.\n|\n|t:|1699347423\n|switch|p1a: Tyranitar|Tyranitar, M|50\/100\n|-weather|Sandstorm|[from] ability: Sand Stream|[of] p1a: Tyranitar\n|turn|16\n|inactive|Madhavv has 25 seconds left this turn.\n|inactive|Madhavv has 20 seconds left.\n|\n|t:|1699347432\n|-terastallize|p2a: Calyrex|Fighting\n|move|p2a: Calyrex|Tera Blast|p1a: Tyranitar|[anim] Tera Blast Fighting\n|-supereffective|p1a: Tyranitar\n|-damage|p1a: Tyranitar|0 fnt\n|faint|p1a: Tyranitar\n|-ability|p2a: Calyrex|Grim Neigh|boost\n|-boost|p2a: Calyrex|spa|1\n|\n|-weather|Sandstorm|[upkeep]\n|-damage|p2a: Calyrex|0 fnt|[from] Sandstorm\n|faint|p2a: Calyrex\n|upkeep\n|inactive|Madhavv has 30 seconds left this turn.\n|inactive|Madhavv has 20 seconds left.\n|\n|t:|1699347443\n|switch|p2a: Kyogre|Kyogre|80\/100\n|switch|p1a: Iron Treads|Iron Treads|100\/100\n|-activate|p1a: Iron Treads|ability: Quark Drive\n|-start|p1a: Iron Treads|quarkdrivespe\n|-weather|RainDance|[from] ability: Drizzle|[of] p2a: Kyogre\n|turn|17\n|inactive|Madhavv has 30 seconds left this turn.\n|\n|t:|1699347451\n|-end|p1a: Iron Treads|Quark Drive|[silent]\n|switch|p1a: Iron Bundle|Iron Bundle|100\/100\n|-activate|p1a: Iron Bundle|ability: Quark Drive\n|-start|p1a: Iron Bundle|quarkdrivespe\n|move|p2a: Kyogre|Origin Pulse|p1a: Iron Bundle\n|-resisted|p1a: Iron Bundle\n|-damage|p1a: Iron Bundle|0 fnt\n|faint|p1a: Iron Bundle\n|-end|p1a: Iron Bundle|Quark Drive|[silent]\n|\n|-weather|RainDance|[upkeep]\n|upkeep\n|inactive|Madhavv has 30 seconds left this turn.\n|\n|t:|1699347460\n|switch|p1a: Iron Treads|Iron Treads|100\/100\n|-activate|p1a: Iron Treads|ability: Quark Drive\n|-start|p1a: Iron Treads|quarkdrivespe\n|turn|18\n|inactive|Madhavv has 30 seconds left.\n|\n|t:|1699347469\n|move|p1a: Iron Treads|Knock Off|p2a: Kyogre\n|-damage|p2a: Kyogre|52\/100\n|-enditem|p2a: Kyogre|Mystic Water|[from] move: Knock Off|[of] p1a: Iron Treads\n|move|p2a: Kyogre|Origin Pulse|p1a: Iron Treads\n|-supereffective|p1a: Iron Treads\n|-damage|p1a: Iron Treads|0 fnt\n|faint|p1a: Iron Treads\n|-end|p1a: Iron Treads|Quark Drive|[silent]\n|\n|win|jobey\n|n|\u2606Madhavv|madhavv\n|n|\u2606jobey|jobey\n|n|*Lady Monita \u263d|ladymonita\n|n| Lilac2|lilac2\n","uploadtime":1699347470,"views":4,"p1id":"madhavv","p2id":"jobey","formatid":"gen9anythinggoes","rating":0,"private":0,"password":""}