{"id":"gen9anythinggoes-1992485998","p1":"lilsip","p2":"Agustin jedi","format":"[Gen 9] Anything Goes","log":"|j|\u2606lilsip\n|j|\u2606Agustin jedi\n|t:|1700193591\n|gametype|singles\n|player|p1|lilsip|169|1111\n|player|p2|Agustin jedi|selene|1053\n|teamsize|p1|6\n|teamsize|p2|6\n|gen|9\n|tier|[Gen 9] Anything Goes\n|rated|\n|rule|HP Percentage Mod: HP is shown in percentages\n|rule|Endless Battle Clause: Forcing endless battles is banned\n|clearpoke\n|poke|p1|Ceruledge, F|\n|poke|p1|Gogoat, F|\n|poke|p1|Cinderace, M|\n|poke|p1|Iron Valiant|\n|poke|p1|Palafin, F|\n|poke|p1|Rillaboom, M|\n|poke|p2|Stonjourner, F|\n|poke|p2|Stonjourner, M|\n|poke|p2|Stonjourner, F|\n|poke|p2|Stonjourner, F|\n|poke|p2|Stonjourner, F|\n|poke|p2|Stonjourner, M|\n|teampreview\n|c|\u2606lilsip|oh god\n|inactive|Battle timer is ON: inactive players will automatically lose when time's up. (requested by Agustin jedi)\n|\n|t:|1700193603\n|start\n|switch|p1a: Toriel|Gogoat, F, shiny|100\/100\n|switch|p2a: \u0e40\u0e2d\u0e47\u0e19\u0e08\u0e34\u0e19|Stonjourner, F|100\/100\n|turn|1\n|\n|t:|1700193609\n|move|p2a: \u0e40\u0e2d\u0e47\u0e19\u0e08\u0e34\u0e19|Heat Crash|p1a: Toriel\n|-supereffective|p1a: Toriel\n|-damage|p1a: Toriel|5\/100\n|move|p1a: Toriel|Leech Seed|p2a: \u0e40\u0e2d\u0e47\u0e19\u0e08\u0e34\u0e19\n|-start|p2a: \u0e40\u0e2d\u0e47\u0e19\u0e08\u0e34\u0e19|move: Leech Seed\n|\n|-damage|p2a: \u0e40\u0e2d\u0e47\u0e19\u0e08\u0e34\u0e19|88\/100|[from] Leech Seed|[of] p1a: Toriel\n|-heal|p1a: Toriel|16\/100|[silent]\n|upkeep\n|turn|2\n|\n|t:|1700193614\n|move|p1a: Toriel|Protect|p1a: Toriel\n|-singleturn|p1a: Toriel|Protect\n|move|p2a: \u0e40\u0e2d\u0e47\u0e19\u0e08\u0e34\u0e19|Heat Crash|p1a: Toriel\n|-activate|p1a: Toriel|move: Protect\n|\n|-damage|p2a: \u0e40\u0e2d\u0e47\u0e19\u0e08\u0e34\u0e19|76\/100|[from] Leech Seed|[of] p1a: Toriel\n|-heal|p1a: Toriel|27\/100|[silent]\n|upkeep\n|turn|3\n|\n|t:|1700193618\n|move|p2a: \u0e40\u0e2d\u0e47\u0e19\u0e08\u0e34\u0e19|Heat Crash|p1a: Toriel\n|-supereffective|p1a: Toriel\n|-damage|p1a: Toriel|0 fnt\n|faint|p1a: Toriel\n|\n|upkeep\n|\n|t:|1700193621\n|switch|p1a: Asgore|Rillaboom, M, shiny|100\/100\n|turn|4\n|\n|t:|1700193624\n|move|p2a: \u0e40\u0e2d\u0e47\u0e19\u0e08\u0e34\u0e19|Heat Crash|p1a: Asgore\n|-supereffective|p1a: Asgore\n|-damage|p1a: Asgore|20\/100\n|move|p1a: Asgore|Drum Beating|p2a: \u0e40\u0e2d\u0e47\u0e19\u0e08\u0e34\u0e19\n|-supereffective|p2a: \u0e40\u0e2d\u0e47\u0e19\u0e08\u0e34\u0e19\n|-damage|p2a: \u0e40\u0e2d\u0e47\u0e19\u0e08\u0e34\u0e19|0 fnt\n|faint|p2a: \u0e40\u0e2d\u0e47\u0e19\u0e08\u0e34\u0e19\n|\n|-heal|p1a: Asgore|26\/100|[from] item: Leftovers\n|upkeep\n|\n|t:|1700193627\n|switch|p2a: \u0e40\u0e2d\u0e47\u0e19\u0e08\u0e34\u0e19|Stonjourner, F|100\/100\n|turn|5\n|\n|t:|1700193635\n|move|p2a: \u0e40\u0e2d\u0e47\u0e19\u0e08\u0e34\u0e19|Heat Crash|p1a: Asgore\n|-supereffective|p1a: Asgore\n|-damage|p1a: Asgore|0 fnt\n|faint|p1a: Asgore\n|\n|upkeep\n|\n|t:|1700193639\n|switch|p1a: Undyne|Palafin, F|100\/100\n|turn|6\n|\n|t:|1700193644\n|move|p1a: Undyne|Liquidation|p2a: \u0e40\u0e2d\u0e47\u0e19\u0e08\u0e34\u0e19\n|-supereffective|p2a: \u0e40\u0e2d\u0e47\u0e19\u0e08\u0e34\u0e19\n|-damage|p2a: \u0e40\u0e2d\u0e47\u0e19\u0e08\u0e34\u0e19|59\/100\n|move|p2a: \u0e40\u0e2d\u0e47\u0e19\u0e08\u0e34\u0e19|Rock Slide|p1a: Undyne\n|-damage|p1a: Undyne|54\/100\n|\n|-heal|p1a: Undyne|60\/100|[from] item: Leftovers\n|upkeep\n|turn|7\n|\n|t:|1700193650\n|move|p1a: Undyne|Waterfall|p2a: \u0e40\u0e2d\u0e47\u0e19\u0e08\u0e34\u0e19\n|-supereffective|p2a: \u0e40\u0e2d\u0e47\u0e19\u0e08\u0e34\u0e19\n|-damage|p2a: \u0e40\u0e2d\u0e47\u0e19\u0e08\u0e34\u0e19|15\/100\n|-enditem|p2a: \u0e40\u0e2d\u0e47\u0e19\u0e08\u0e34\u0e19|Salac Berry|[eat]\n|-boost|p2a: \u0e40\u0e2d\u0e47\u0e19\u0e08\u0e34\u0e19|spe|1|[from] item: Salac Berry\n|move|p2a: \u0e40\u0e2d\u0e47\u0e19\u0e08\u0e34\u0e19|Rock Slide|p1a: Undyne\n|-damage|p1a: Undyne|17\/100\n|\n|-heal|p1a: Undyne|23\/100|[from] item: Leftovers\n|upkeep\n|turn|8\n|\n|t:|1700193659\n|move|p2a: \u0e40\u0e2d\u0e47\u0e19\u0e08\u0e34\u0e19|Rock Slide|p1a: Undyne\n|-damage|p1a: Undyne|0 fnt\n|faint|p1a: Undyne\n|\n|upkeep\n|\n|t:|1700193663\n|switch|p1a: Papyrus|Cinderace, M|100\/100\n|turn|9\n|\n|t:|1700193666\n|move|p2a: \u0e40\u0e2d\u0e47\u0e19\u0e08\u0e34\u0e19|Rock Slide|p1a: Papyrus\n|-supereffective|p1a: Papyrus\n|-damage|p1a: Papyrus|5\/100\n|move|p1a: Papyrus|Counter|p2a: \u0e40\u0e2d\u0e47\u0e19\u0e08\u0e34\u0e19\n|-damage|p2a: \u0e40\u0e2d\u0e47\u0e19\u0e08\u0e34\u0e19|0 fnt\n|faint|p2a: \u0e40\u0e2d\u0e47\u0e19\u0e08\u0e34\u0e19\n|\n|upkeep\n|\n|t:|1700193669\n|switch|p2a: \u0e40\u0e2d\u0e47\u0e19\u0e08\u0e34\u0e19|Stonjourner, M|100\/100\n|turn|10\n|\n|t:|1700193676\n|move|p1a: Papyrus|Acrobatics|p2a: \u0e40\u0e2d\u0e47\u0e19\u0e08\u0e34\u0e19\n|-resisted|p2a: \u0e40\u0e2d\u0e47\u0e19\u0e08\u0e34\u0e19\n|-damage|p2a: \u0e40\u0e2d\u0e47\u0e19\u0e08\u0e34\u0e19|89\/100\n|move|p2a: \u0e40\u0e2d\u0e47\u0e19\u0e08\u0e34\u0e19|Rock Slide|p1a: Papyrus\n|-supereffective|p1a: Papyrus\n|-damage|p1a: Papyrus|0 fnt\n|faint|p1a: Papyrus\n|\n|upkeep\n|\n|t:|1700193680\n|switch|p1a: Chara|Ceruledge, F, shiny|100\/100\n|turn|11\n|\n|t:|1700193684\n|move|p2a: \u0e40\u0e2d\u0e47\u0e19\u0e08\u0e34\u0e19|Earthquake|p1a: Chara\n|-supereffective|p1a: Chara\n|-damage|p1a: Chara|0 fnt\n|faint|p1a: Chara\n|\n|upkeep\n|\n|t:|1700193687\n|switch|p1a: Sans|Iron Valiant|100\/100\n|turn|12\n|\n|t:|1700193690\n|move|p1a: Sans|Focus Blast|p2a: \u0e40\u0e2d\u0e47\u0e19\u0e08\u0e34\u0e19|[miss]\n|-miss|p1a: Sans|p2a: \u0e40\u0e2d\u0e47\u0e19\u0e08\u0e34\u0e19\n|move|p2a: \u0e40\u0e2d\u0e47\u0e19\u0e08\u0e34\u0e19|Heavy Slam|p1a: Sans\n|-supereffective|p1a: Sans\n|-damage|p1a: Sans|0 fnt\n|faint|p1a: Sans\n|-end|p1a: Sans|Quark Drive|[silent]\n|\n|win|Agustin jedi\n|raw|lilsip's rating: 1111 &rarr; <strong>1082<\/strong><br \/>(-29 for losing)\n|raw|Agustin jedi's rating: 1053 &rarr; <strong>1090<\/strong><br \/>(+37 for winning)\n","uploadtime":1700193694,"views":16,"p1id":"lilsip","p2id":"agustinjedi","formatid":"gen9anythinggoes","rating":1082,"private":0,"password":""}