{"id":"gen9anythinggoes-1980182533","p1":"FlappleFan33","p2":"123umut","format":"[Gen 9] Anything Goes","log":"|j|\u2606FlappleFan33\n|j|\u2606123umut\n|t:|1698764368\n|gametype|singles\n|player|p1|FlappleFan33|camper|1215\n|player|p2|123umut|101|1234\n|teamsize|p1|6\n|teamsize|p2|6\n|gen|9\n|tier|[Gen 9] Anything Goes\n|rated|\n|rule|HP Percentage Mod: HP is shown in percentages\n|rule|Endless Battle Clause: Forcing endless battles is banned\n|clearpoke\n|poke|p1|Flapple, M|\n|poke|p1|Tyranitar, F|\n|poke|p1|Ninetales-Alola, M|\n|poke|p1|Froslass, F|\n|poke|p1|Corviknight, M|\n|poke|p1|Torkoal, M|\n|poke|p2|Glimmora, M|\n|poke|p2|Dudunsparce-*, F|\n|poke|p2|Ditto|\n|poke|p2|Maushold|\n|poke|p2|Annihilape, M|\n|poke|p2|Scovillain, F|\n|teampreview\n|c|\u2606123umut|glhf\n|\n|t:|1698764379\n|start\n|switch|p1a: Flapple|Flapple, M, shiny|100\/100\n|switch|p2a: Glimmora|Glimmora, M|100\/100\n|turn|1\n|\n|t:|1698764386\n|move|p2a: Glimmora|Mortal Spin|p1a: Flapple\n|-supereffective|p1a: Flapple\n|-damage|p1a: Flapple|84\/100\n|-status|p1a: Flapple|psn\n|move|p1a: Flapple|Substitute|p1a: Flapple\n|-start|p1a: Flapple|Substitute\n|-damage|p1a: Flapple|59\/100 psn\n|\n|-damage|p1a: Flapple|46\/100 psn|[from] psn\n|upkeep\n|turn|2\n|\n|t:|1698764395\n|move|p2a: Glimmora|Stealth Rock|p1a: Flapple\n|-sidestart|p1: FlappleFan33|move: Stealth Rock\n|move|p1a: Flapple|Grav Apple|p2a: Glimmora\n|-damage|p2a: Glimmora|61\/100\n|-unboost|p2a: Glimmora|def|1\n|-activate|p2a: Glimmora|ability: Toxic Debris\n|-sidestart|p1: FlappleFan33|move: Toxic Spikes\n|\n|-damage|p1a: Flapple|34\/100 psn|[from] psn\n|upkeep\n|turn|3\n|\n|t:|1698764405\n|move|p2a: Glimmora|Spikes|p1a: Flapple\n|-sidestart|p1: FlappleFan33|Spikes\n|move|p1a: Flapple|Outrage|p2a: Glimmora\n|-damage|p2a: Glimmora|0 fnt\n|-activate|p2a: Glimmora|ability: Toxic Debris\n|-sidestart|p1: FlappleFan33|move: Toxic Spikes\n|faint|p2a: Glimmora\n|\n|-damage|p1a: Flapple|21\/100 psn|[from] psn\n|upkeep\n|-activate|p1a: Flapple|ability: Ripen\n|-enditem|p1a: Flapple|Liechi Berry|[eat]\n|-boost|p1a: Flapple|atk|2|[from] item: Liechi Berry\n|\n|t:|1698764440\n|switch|p2a: Maushold|Maushold|100\/100\n|turn|4\n|\n|t:|1698764444\n|move|p2a: Maushold|Population Bomb|p1a: Flapple\n|-activate|p1a: Flapple|move: Substitute|[damage]\n|-activate|p1a: Flapple|move: Substitute|[damage]\n|-end|p1a: Flapple|Substitute\n|-damage|p1a: Flapple|11\/100 psn\n|-damage|p1a: Flapple|0 fnt\n|faint|p1a: Flapple\n|-hitcount|p1: Flapple|5\n|\n|upkeep\n|\n|t:|1698764454\n|switch|p1a: Corviknight|Corviknight, M|100\/100\n|-damage|p1a: Corviknight|88\/100|[from] Stealth Rock\n|turn|5\n|\n|t:|1698764464\n|move|p2a: Maushold|Population Bomb|p1a: Corviknight\n|-resisted|p1a: Corviknight\n|-damage|p1a: Corviknight|85\/100\n|-resisted|p1a: Corviknight\n|-damage|p1a: Corviknight|82\/100\n|-resisted|p1a: Corviknight\n|-damage|p1a: Corviknight|79\/100\n|-resisted|p1a: Corviknight\n|-damage|p1a: Corviknight|76\/100\n|-resisted|p1a: Corviknight\n|-damage|p1a: Corviknight|72\/100\n|-resisted|p1a: Corviknight\n|-damage|p1a: Corviknight|69\/100\n|-resisted|p1a: Corviknight\n|-damage|p1a: Corviknight|66\/100\n|-hitcount|p1a: Corviknight|7\n|move|p1a: Corviknight|Body Press|p2a: Maushold\n|-supereffective|p2a: Maushold\n|-damage|p2a: Maushold|39\/100\n|\n|-heal|p1a: Corviknight|72\/100|[from] item: Leftovers\n|upkeep\n|turn|6\n|\n|t:|1698764482\n|move|p2a: Maushold|Substitute|p2a: Maushold\n|-start|p2a: Maushold|Substitute\n|-damage|p2a: Maushold|14\/100\n|move|p1a: Corviknight|Bulk Up|p1a: Corviknight\n|-boost|p1a: Corviknight|atk|1\n|-boost|p1a: Corviknight|def|1\n|\n|-heal|p1a: Corviknight|78\/100|[from] item: Leftovers\n|upkeep\n|turn|7\n|\n|t:|1698764491\n|move|p2a: Maushold|Beat Up|p1a: Corviknight\n|-damage|p1a: Corviknight|76\/100\n|-crit|p1a: Corviknight\n|-damage|p1a: Corviknight|71\/100\n|-damage|p1a: Corviknight|70\/100\n|-damage|p1a: Corviknight|67\/100\n|-damage|p1a: Corviknight|65\/100\n|-hitcount|p1a: Corviknight|5\n|cant|p1a: Corviknight|flinch\n|\n|-heal|p1a: Corviknight|71\/100|[from] item: Leftovers\n|upkeep\n|turn|8\n|\n|t:|1698764503\n|move|p2a: Maushold|Beat Up|p1a: Corviknight\n|-crit|p1a: Corviknight\n|-damage|p1a: Corviknight|66\/100\n|-damage|p1a: Corviknight|64\/100\n|-damage|p1a: Corviknight|63\/100\n|-damage|p1a: Corviknight|60\/100\n|-damage|p1a: Corviknight|57\/100\n|-hitcount|p1a: Corviknight|5\n|cant|p1a: Corviknight|flinch\n|\n|-heal|p1a: Corviknight|64\/100|[from] item: Leftovers\n|upkeep\n|turn|9\n|\n|t:|1698764517\n|move|p2a: Maushold|Beat Up|p1a: Corviknight\n|-damage|p1a: Corviknight|62\/100\n|-damage|p1a: Corviknight|59\/100\n|-damage|p1a: Corviknight|57\/100\n|-damage|p1a: Corviknight|55\/100\n|-damage|p1a: Corviknight|53\/100\n|-hitcount|p1a: Corviknight|5\n|move|p1a: Corviknight|Bulk Up|p1a: Corviknight\n|-boost|p1a: Corviknight|atk|1\n|-boost|p1a: Corviknight|def|1\n|\n|-heal|p1a: Corviknight|59\/100|[from] item: Leftovers\n|upkeep\n|turn|10\n|\n|t:|1698764529\n|move|p2a: Maushold|Beat Up|p1a: Corviknight\n|-damage|p1a: Corviknight|57\/100\n|-damage|p1a: Corviknight|56\/100\n|-damage|p1a: Corviknight|55\/100\n|-crit|p1a: Corviknight\n|-damage|p1a: Corviknight|49\/100\n|-damage|p1a: Corviknight|47\/100\n|-hitcount|p1a: Corviknight|5\n|move|p1a: Corviknight|Roost|p1a: Corviknight\n|-heal|p1a: Corviknight|97\/100\n|-singleturn|p1a: Corviknight|move: Roost\n|\n|-heal|p1a: Corviknight|100\/100|[from] item: Leftovers\n|upkeep\n|turn|11\n|\n|t:|1698764542\n|move|p2a: Maushold|Beat Up|p1a: Corviknight\n|-damage|p1a: Corviknight|99\/100\n|-damage|p1a: Corviknight|97\/100\n|-damage|p1a: Corviknight|96\/100\n|-damage|p1a: Corviknight|94\/100\n|-damage|p1a: Corviknight|92\/100\n|-hitcount|p1a: Corviknight|5\n|move|p1a: Corviknight|Bulk Up|p1a: Corviknight\n|-boost|p1a: Corviknight|atk|1\n|-boost|p1a: Corviknight|def|1\n|\n|-heal|p1a: Corviknight|98\/100|[from] item: Leftovers\n|upkeep\n|turn|12\n|\n|t:|1698764554\n|move|p2a: Maushold|Beat Up|p1a: Corviknight\n|-damage|p1a: Corviknight|97\/100\n|-damage|p1a: Corviknight|95\/100\n|-damage|p1a: Corviknight|95\/100\n|-damage|p1a: Corviknight|93\/100\n|-damage|p1a: Corviknight|92\/100\n|-hitcount|p1a: Corviknight|5\n|cant|p1a: Corviknight|flinch\n|\n|-heal|p1a: Corviknight|98\/100|[from] item: Leftovers\n|upkeep\n|turn|13\n|\n|t:|1698764566\n|move|p2a: Maushold|Beat Up|p1a: Corviknight\n|-damage|p1a: Corviknight|97\/100\n|-damage|p1a: Corviknight|95\/100\n|-damage|p1a: Corviknight|94\/100\n|-damage|p1a: Corviknight|93\/100\n|-damage|p1a: Corviknight|91\/100\n|-hitcount|p1a: Corviknight|5\n|move|p1a: Corviknight|Bulk Up|p1a: Corviknight\n|-boost|p1a: Corviknight|atk|1\n|-boost|p1a: Corviknight|def|1\n|\n|-heal|p1a: Corviknight|98\/100|[from] item: Leftovers\n|upkeep\n|turn|14\n|\n|t:|1698764578\n|move|p2a: Maushold|Population Bomb|p1a: Corviknight|[miss]\n|-miss|p2a: Maushold|p1a: Corviknight\n|move|p1a: Corviknight|Body Press|p2a: Maushold\n|-supereffective|p2a: Maushold\n|-end|p2a: Maushold|Substitute\n|\n|-heal|p1a: Corviknight|100\/100|[from] item: Leftovers\n|upkeep\n|turn|15\n|\n|t:|1698764588\n|move|p2a: Maushold|Population Bomb|p1a: Corviknight\n|-resisted|p1a: Corviknight\n|-damage|p1a: Corviknight|99\/100\n|-resisted|p1a: Corviknight\n|-damage|p1a: Corviknight|98\/100\n|-resisted|p1a: Corviknight\n|-damage|p1a: Corviknight|97\/100\n|-resisted|p1a: Corviknight\n|-damage|p1a: Corviknight|96\/100\n|-resisted|p1a: Corviknight\n|-damage|p1a: Corviknight|95\/100\n|-hitcount|p1a: Corviknight|5\n|move|p1a: Corviknight|Body Press|p2a: Maushold\n|-supereffective|p2a: Maushold\n|-damage|p2a: Maushold|0 fnt\n|faint|p2a: Maushold\n|\n|-heal|p1a: Corviknight|100\/100|[from] item: Leftovers\n|upkeep\n|\n|t:|1698764602\n|switch|p2a: Ditto|Ditto|100\/100\n|-transform|p2a: Ditto|p1a: Corviknight|[from] ability: Imposter\n|turn|16\n|\n|t:|1698764613\n|move|p2a: Ditto|Brave Bird|p1a: Corviknight\n|-resisted|p1a: Corviknight\n|-damage|p1a: Corviknight|85\/100\n|-damage|p2a: Ditto|95\/100|[from] Recoil\n|move|p1a: Corviknight|Body Press|p2a: Ditto\n|-damage|p2a: Ditto|75\/100\n|\n|-heal|p1a: Corviknight|91\/100|[from] item: Leftovers\n|upkeep\n|turn|17\n|\n|t:|1698764626\n|switch|p2a: Dudunsparce|Dudunsparce, F|100\/100\n|move|p1a: Corviknight|Body Press|p2a: Dudunsparce\n|-supereffective|p2a: Dudunsparce\n|-damage|p2a: Dudunsparce|0 fnt\n|faint|p2a: Dudunsparce\n|\n|-heal|p1a: Corviknight|98\/100|[from] item: Leftovers\n|upkeep\n|\n|t:|1698764629\n|switch|p2a: Ditto|Ditto|75\/100\n|-transform|p2a: Ditto|p1a: Corviknight|[from] ability: Imposter\n|turn|18\n|\n|t:|1698764638\n|move|p2a: Ditto|Body Press|p1a: Corviknight\n|-damage|p1a: Corviknight|78\/100\n|move|p1a: Corviknight|Body Press|p2a: Ditto\n|-damage|p2a: Ditto|52\/100\n|\n|-heal|p1a: Corviknight|84\/100|[from] item: Leftovers\n|upkeep\n|turn|19\n|\n|t:|1698764646\n|move|p2a: Ditto|Body Press|p1a: Corviknight\n|-damage|p1a: Corviknight|66\/100\n|move|p1a: Corviknight|Body Press|p2a: Ditto\n|-damage|p2a: Ditto|31\/100\n|\n|-heal|p1a: Corviknight|72\/100|[from] item: Leftovers\n|upkeep\n|turn|20\n|\n|t:|1698764656\n|move|p2a: Ditto|Body Press|p1a: Corviknight\n|-damage|p1a: Corviknight|55\/100\n|move|p1a: Corviknight|Body Press|p2a: Ditto\n|-damage|p2a: Ditto|10\/100\n|\n|-heal|p1a: Corviknight|61\/100|[from] item: Leftovers\n|upkeep\n|turn|21\n|\n|t:|1698764664\n|move|p2a: Ditto|Body Press|p1a: Corviknight\n|-damage|p1a: Corviknight|41\/100\n|move|p1a: Corviknight|Body Press|p2a: Ditto\n|-damage|p2a: Ditto|0 fnt\n|faint|p2a: Ditto\n|\n|-heal|p1a: Corviknight|48\/100|[from] item: Leftovers\n|upkeep\n|\n|t:|1698764669\n|switch|p2a: Annihilape|Annihilape, M|100\/100\n|turn|22\n|\n|t:|1698764676\n|move|p2a: Annihilape|Rage Fist|p1a: Corviknight\n|-damage|p1a: Corviknight|42\/100\n|move|p1a: Corviknight|Brave Bird|p2a: Annihilape\n|-supereffective|p2a: Annihilape\n|-damage|p2a: Annihilape|0 fnt\n|faint|p2a: Annihilape\n|-damage|p1a: Corviknight|1\/100|[from] Recoil\n|\n|-heal|p1a: Corviknight|7\/100|[from] item: Leftovers\n|upkeep\n|\n|t:|1698764681\n|switch|p2a: Scovillain|Scovillain, F|100\/100\n|turn|23\n|\n|t:|1698764687\n|move|p2a: Scovillain|Substitute|p2a: Scovillain\n|-start|p2a: Scovillain|Substitute\n|-damage|p2a: Scovillain|76\/100\n|move|p1a: Corviknight|Brave Bird|p2a: Scovillain\n|-supereffective|p2a: Scovillain\n|-end|p2a: Scovillain|Substitute\n|-damage|p1a: Corviknight|0 fnt|[from] Recoil|[of] p2a: Scovillain\n|faint|p1a: Corviknight\n|\n|-heal|p2a: Scovillain|82\/100|[from] item: Leftovers\n|-ability|p2a: Scovillain|Moody|boost\n|-boost|p2a: Scovillain|def|2\n|-unboost|p2a: Scovillain|spd|1\n|upkeep\n|\n|t:|1698764698\n|switch|p1a: Torkoal|Torkoal, M|100\/100\n|-damage|p1a: Torkoal|76\/100|[from] Stealth Rock\n|-status|p1a: Torkoal|tox\n|-damage|p1a: Torkoal|64\/100 tox|[from] Spikes\n|-weather|SunnyDay|[from] ability: Drought|[of] p1a: Torkoal\n|turn|24\n|\n|t:|1698764708\n|move|p2a: Scovillain|Substitute|p2a: Scovillain\n|-start|p2a: Scovillain|Substitute\n|-damage|p2a: Scovillain|57\/100\n|move|p1a: Torkoal|Flamethrower|p2a: Scovillain\n|-end|p2a: Scovillain|Substitute\n|\n|-weather|SunnyDay|[upkeep]\n|-heal|p2a: Scovillain|63\/100|[from] item: Leftovers\n|-heal|p1a: Torkoal|69\/100 tox|[from] item: Leftovers\n|-damage|p1a: Torkoal|64\/100 tox|[from] psn\n|-ability|p2a: Scovillain|Moody|boost\n|-boost|p2a: Scovillain|atk|2\n|-unboost|p2a: Scovillain|spd|1\n|upkeep\n|turn|25\n|\n|t:|1698764722\n|move|p2a: Scovillain|Protect|p2a: Scovillain\n|-singleturn|p2a: Scovillain|Protect\n|move|p1a: Torkoal|Flamethrower|p2a: Scovillain\n|-activate|p2a: Scovillain|move: Protect\n|\n|-weather|SunnyDay|[upkeep]\n|-heal|p2a: Scovillain|69\/100|[from] item: Leftovers\n|-heal|p1a: Torkoal|69\/100 tox|[from] item: Leftovers\n|-damage|p1a: Torkoal|58\/100 tox|[from] psn\n|-ability|p2a: Scovillain|Moody|boost\n|-boost|p2a: Scovillain|spe|2\n|-unboost|p2a: Scovillain|spd|1\n|upkeep\n|turn|26\n|\n|t:|1698764735\n|move|p2a: Scovillain|Substitute|p2a: Scovillain\n|-start|p2a: Scovillain|Substitute\n|-damage|p2a: Scovillain|44\/100\n|move|p1a: Torkoal|Flamethrower|p2a: Scovillain\n|-end|p2a: Scovillain|Substitute\n|\n|-weather|SunnyDay|[upkeep]\n|-heal|p2a: Scovillain|50\/100|[from] item: Leftovers\n|-heal|p1a: Torkoal|64\/100 tox|[from] item: Leftovers\n|-damage|p1a: Torkoal|46\/100 tox|[from] psn\n|-ability|p2a: Scovillain|Moody|boost\n|-boost|p2a: Scovillain|atk|2\n|-unboost|p2a: Scovillain|def|1\n|upkeep\n|turn|27\n|\n|t:|1698764749\n|move|p2a: Scovillain|Protect|p2a: Scovillain\n|-singleturn|p2a: Scovillain|Protect\n|move|p1a: Torkoal|Flamethrower|p2a: Scovillain\n|-activate|p2a: Scovillain|move: Protect\n|\n|-weather|SunnyDay|[upkeep]\n|-heal|p2a: Scovillain|56\/100|[from] item: Leftovers\n|-heal|p1a: Torkoal|52\/100 tox|[from] item: Leftovers\n|-damage|p1a: Torkoal|28\/100 tox|[from] psn\n|-ability|p2a: Scovillain|Moody|boost\n|-boost|p2a: Scovillain|spa|2\n|-unboost|p2a: Scovillain|def|1\n|upkeep\n|turn|28\n|\n|t:|1698764761\n|move|p2a: Scovillain|Flamethrower|p1a: Torkoal\n|-resisted|p1a: Torkoal\n|-damage|p1a: Torkoal|0 fnt\n|faint|p1a: Torkoal\n|\n|-weather|none\n|-heal|p2a: Scovillain|62\/100|[from] item: Leftovers\n|-ability|p2a: Scovillain|Moody|boost\n|-boost|p2a: Scovillain|spe|2\n|-unboost|p2a: Scovillain|atk|1\n|upkeep\n|\n|t:|1698764770\n|switch|p1a: Tyranitar|Tyranitar, F, shiny|100\/100\n|-damage|p1a: Tyranitar|88\/100|[from] Stealth Rock\n|-status|p1a: Tyranitar|tox\n|-damage|p1a: Tyranitar|76\/100 tox|[from] Spikes\n|-weather|Sandstorm|[from] ability: Sand Stream|[of] p1a: Tyranitar\n|turn|29\n|\n|t:|1698764779\n|-terastallize|p2a: Scovillain|Water\n|-terastallize|p1a: Tyranitar|Ghost\n|move|p2a: Scovillain|Substitute|p2a: Scovillain\n|-start|p2a: Scovillain|Substitute\n|-damage|p2a: Scovillain|37\/100\n|move|p1a: Tyranitar|Earthquake|p2a: Scovillain\n|-end|p2a: Scovillain|Substitute\n|\n|-weather|Sandstorm|[upkeep]\n|-damage|p2a: Scovillain|31\/100|[from] Sandstorm\n|-damage|p1a: Tyranitar|70\/100 tox|[from] Sandstorm\n|-heal|p2a: Scovillain|37\/100|[from] item: Leftovers\n|-heal|p1a: Tyranitar|76\/100 tox|[from] item: Leftovers\n|-damage|p1a: Tyranitar|70\/100 tox|[from] psn\n|-ability|p2a: Scovillain|Moody|boost\n|-boost|p2a: Scovillain|spd|2\n|-unboost|p2a: Scovillain|atk|1\n|upkeep\n|turn|30\n|\n|t:|1698764796\n|move|p2a: Scovillain|Protect|p2a: Scovillain\n|-singleturn|p2a: Scovillain|Protect\n|move|p1a: Tyranitar|Earthquake|p2a: Scovillain\n|-activate|p2a: Scovillain|move: Protect\n|\n|-weather|Sandstorm|[upkeep]\n|-damage|p2a: Scovillain|31\/100|[from] Sandstorm\n|-damage|p1a: Tyranitar|64\/100 tox|[from] Sandstorm\n|-heal|p2a: Scovillain|37\/100|[from] item: Leftovers\n|-heal|p1a: Tyranitar|70\/100 tox|[from] item: Leftovers\n|-damage|p1a: Tyranitar|57\/100 tox|[from] psn\n|-ability|p2a: Scovillain|Moody|boost\n|-boost|p2a: Scovillain|atk|2\n|-unboost|p2a: Scovillain|spa|1\n|upkeep\n|turn|31\n|\n|t:|1698764813\n|move|p2a: Scovillain|Substitute|p2a: Scovillain\n|-start|p2a: Scovillain|Substitute\n|-damage|p2a: Scovillain|12\/100\n|move|p1a: Tyranitar|Earthquake|p2a: Scovillain\n|-end|p2a: Scovillain|Substitute\n|\n|-weather|Sandstorm|[upkeep]\n|-damage|p2a: Scovillain|6\/100|[from] Sandstorm\n|-damage|p1a: Tyranitar|51\/100 tox|[from] Sandstorm\n|-heal|p2a: Scovillain|12\/100|[from] item: Leftovers\n|-heal|p1a: Tyranitar|57\/100 tox|[from] item: Leftovers\n|-damage|p1a: Tyranitar|39\/100 tox|[from] psn\n|-ability|p2a: Scovillain|Moody|boost\n|-boost|p2a: Scovillain|spd|2\n|-unboost|p2a: Scovillain|spa|1\n|upkeep\n|turn|32\n|\n|t:|1698764828\n|move|p2a: Scovillain|Protect|p2a: Scovillain\n|-singleturn|p2a: Scovillain|Protect\n|move|p1a: Tyranitar|Earthquake|p2a: Scovillain\n|-activate|p2a: Scovillain|move: Protect\n|\n|-weather|Sandstorm|[upkeep]\n|-damage|p2a: Scovillain|6\/100|[from] Sandstorm\n|-damage|p1a: Tyranitar|33\/100 tox|[from] Sandstorm\n|-heal|p2a: Scovillain|12\/100|[from] item: Leftovers\n|-heal|p1a: Tyranitar|39\/100 tox|[from] item: Leftovers\n|-damage|p1a: Tyranitar|14\/100 tox|[from] psn\n|-ability|p2a: Scovillain|Moody|boost\n|-boost|p2a: Scovillain|def|2\n|-unboost|p2a: Scovillain|atk|1\n|upkeep\n|turn|33\n|\n|t:|1698764846\n|move|p2a: Scovillain|Flamethrower|p1a: Tyranitar\n|-damage|p1a: Tyranitar|0 fnt\n|faint|p1a: Tyranitar\n|\n|-weather|none\n|-heal|p2a: Scovillain|18\/100|[from] item: Leftovers\n|-ability|p2a: Scovillain|Moody|boost\n|-boost|p2a: Scovillain|spa|2\n|-unboost|p2a: Scovillain|spe|1\n|upkeep\n|\n|t:|1698764854\n|switch|p1a: Ninetales|Ninetales-Alola, M|100\/100\n|-damage|p1a: Ninetales|76\/100|[from] Stealth Rock\n|-status|p1a: Ninetales|tox\n|-damage|p1a: Ninetales|63\/100 tox|[from] Spikes\n|-weather|Snow|[from] ability: Snow Warning|[of] p1a: Ninetales\n|turn|34\n|\n|t:|1698764864\n|move|p2a: Scovillain|Flamethrower|p1a: Ninetales\n|-supereffective|p1a: Ninetales\n|-damage|p1a: Ninetales|0 fnt\n|faint|p1a: Ninetales\n|\n|-weather|Snow|[upkeep]\n|-heal|p2a: Scovillain|24\/100|[from] item: Leftovers\n|-ability|p2a: Scovillain|Moody|boost\n|-boost|p2a: Scovillain|spa|2\n|-unboost|p2a: Scovillain|spd|1\n|upkeep\n|\n|t:|1698764872\n|switch|p1a: Froslass|Froslass, F, shiny|100\/100\n|-damage|p1a: Froslass|76\/100|[from] Stealth Rock\n|-status|p1a: Froslass|tox\n|-damage|p1a: Froslass|63\/100 tox|[from] Spikes\n|turn|35\n|\n|t:|1698764881\n|move|p2a: Scovillain|Flamethrower|p1a: Froslass\n|-supereffective|p1a: Froslass\n|-damage|p1a: Froslass|0 fnt\n|faint|p1a: Froslass\n|\n|win|123umut\n|raw|FlappleFan33's rating: 1215 &rarr; <strong>1191<\/strong><br \/>(-24 for losing)\n|raw|123umut's rating: 1234 &rarr; <strong>1258<\/strong><br \/>(+24 for winning)\n|c|\u2606123umut|wining with 1 mon\n|c|\u2606123umut|xd\n","uploadtime":1698764891,"views":11,"p1id":"flapplefan33","p2id":"123umut","formatid":"gen9anythinggoes","rating":1191,"private":0,"password":""}