{"id":"gen9anythinggoes-1999895579","p1":"Murilomax795","p2":"ChaoticallyNuetral","format":"[Gen 9] Anything Goes","log":"|j|\u2606Murilomax795\n|j|\u2606ChaoticallyNuetral\n|t:|1701127394\n|gametype|singles\n|player|p1|Murilomax795|hilbert|1040\n|player|p2|ChaoticallyNuetral|backpacker|1098\n|teamsize|p1|6\n|teamsize|p2|6\n|gen|9\n|tier|[Gen 9] Anything Goes\n|rated|\n|rule|HP Percentage Mod: HP is shown in percentages\n|rule|Endless Battle Clause: Forcing endless battles is banned\n|clearpoke\n|poke|p1|Charizard, M|\n|poke|p1|Zoroark-Hisui, M|\n|poke|p1|Goodra-Hisui, M|\n|poke|p1|Gardevoir, F|\n|poke|p1|Decidueye-Hisui, M|\n|poke|p1|Greninja-*, M|\n|poke|p2|Okidogi, M|\n|poke|p2|Vikavolt, F|\n|poke|p2|Morpeko, F|\n|poke|p2|Gastrodon, F|\n|poke|p2|Delphox, F|\n|poke|p2|Probopass, M|\n|teampreview\n|inactive|Battle timer is ON: inactive players will automatically lose when time's up. (requested by ChaoticallyNuetral)\n|\n|t:|1701127433\n|start\n|switch|p1a: Goodra|Goodra-Hisui, M|100\/100\n|switch|p2a: Morpeko|Morpeko, F, shiny|100\/100\n|turn|1\n|\n|t:|1701127446\n|move|p2a: Morpeko|Taunt|p1a: Goodra\n|-start|p1a: Goodra|move: Taunt\n|move|p1a: Goodra|Earthquake|p2a: Morpeko\n|-supereffective|p2a: Morpeko\n|-damage|p2a: Morpeko|0 fnt\n|faint|p2a: Morpeko\n|\n|upkeep\n|\n|t:|1701127460\n|switch|p2a: Delphox|Delphox, F, shiny|100\/100\n|turn|2\n|\n|t:|1701127467\n|move|p2a: Delphox|Fire Blast|p1a: Goodra\n|-damage|p1a: Goodra|64\/100\n|move|p1a: Goodra|Earthquake|p2a: Delphox\n|-supereffective|p2a: Delphox\n|-damage|p2a: Delphox|20\/100\n|\n|upkeep\n|turn|3\n|\n|t:|1701127476\n|switch|p2a: Vikavolt|Vikavolt, F, shiny|100\/100\n|move|p1a: Goodra|Earthquake|p2a: Vikavolt\n|-immune|p2a: Vikavolt|[from] ability: Levitate\n|\n|-end|p1a: Goodra|move: Taunt\n|upkeep\n|turn|4\n|\n|t:|1701127487\n|-terastallize|p2a: Vikavolt|Ice\n|move|p1a: Goodra|Draco Meteor|p2a: Vikavolt\n|-damage|p2a: Vikavolt|42\/100\n|-unboost|p1a: Goodra|spa|2\n|move|p2a: Vikavolt|Tera Blast|p1a: Goodra|[anim] Tera Blast Ice\n|-damage|p1a: Goodra|28\/100\n|\n|upkeep\n|turn|5\n|\n|t:|1701127498\n|move|p1a: Goodra|Draco Meteor|p2a: Vikavolt|[miss]\n|-miss|p1a: Goodra|p2a: Vikavolt\n|-enditem|p1a: Goodra|Blunder Policy\n|-boost|p1a: Goodra|spe|2\n|move|p2a: Vikavolt|Tera Blast|p1a: Goodra|[anim] Tera Blast Ice\n|-damage|p1a: Goodra|0 fnt\n|faint|p1a: Goodra\n|\n|upkeep\n|\n|t:|1701127514\n|switch|p1a: Charizard|Charizard, M, shiny|100\/100\n|turn|6\n|\n|t:|1701127521\n|switch|p2a: Gastrodon|Gastrodon, F|100\/100\n|move|p1a: Charizard|Flamethrower|p2a: Gastrodon\n|-resisted|p2a: Gastrodon\n|-damage|p2a: Gastrodon|88\/100\n|\n|-heal|p2a: Gastrodon|94\/100|[from] item: Leftovers\n|upkeep\n|turn|7\n|\n|t:|1701127534\n|switch|p1a: Greninja|Greninja, M|100\/100\n|move|p2a: Gastrodon|Yawn|p1a: Greninja\n|-start|p1a: Greninja|move: Yawn|[of] p2a: Gastrodon\n|\n|-heal|p2a: Gastrodon|99\/100|[from] item: Leftovers\n|upkeep\n|turn|8\n|\n|t:|1701127546\n|switch|p1a: Decidueye|Decidueye-Hisui, M|100\/100\n|move|p2a: Gastrodon|Recover|p2a: Gastrodon\n|-heal|p2a: Gastrodon|100\/100\n|\n|upkeep\n|turn|9\n|\n|t:|1701127556\n|move|p1a: Decidueye|Leaf Storm|p2a: Gastrodon\n|-supereffective|p2a: Gastrodon\n|-damage|p2a: Gastrodon|0 fnt\n|-unboost|p1a: Decidueye|spa|2\n|faint|p2a: Gastrodon\n|\n|upkeep\n|\n|t:|1701127565\n|switch|p2a: Delphox|Delphox, F, shiny|20\/100\n|turn|10\n|\n|t:|1701127571\n|move|p2a: Delphox|Psyshock|p1a: Decidueye\n|-supereffective|p1a: Decidueye\n|-damage|p1a: Decidueye|22\/100\n|move|p1a: Decidueye|Aura Sphere|p2a: Delphox\n|-resisted|p2a: Delphox\n|-damage|p2a: Delphox|12\/100\n|\n|upkeep\n|turn|11\n|\n|t:|1701127590\n|switch|p1a: Greninja|Greninja, M|100\/100\n|move|p2a: Delphox|Psyshock|p1a: Greninja\n|-immune|p1a: Greninja\n|\n|upkeep\n|turn|12\n|\n|t:|1701127605\n|switch|p2a: Okidogi|Okidogi, M|100\/100\n|move|p1a: Greninja|Dark Pulse|p2a: Okidogi\n|-resisted|p2a: Okidogi\n|-damage|p2a: Okidogi|82\/100\n|\n|upkeep\n|turn|13\n|\n|t:|1701127614\n|move|p1a: Greninja|Hydro Pump|p2a: Okidogi\n|-damage|p2a: Okidogi|37\/100\n|move|p2a: Okidogi|Ice Punch|p1a: Greninja\n|-resisted|p1a: Greninja\n|-damage|p1a: Greninja|75\/100\n|-status|p1a: Greninja|tox|[from] ability: Toxic Chain|[of] p2a: Okidogi\n|-damage|p2a: Okidogi|27\/100|[from] item: Life Orb\n|\n|-damage|p1a: Greninja|69\/100 tox|[from] psn\n|upkeep\n|turn|14\n|\n|t:|1701127627\n|switch|p2a: Probopass|Probopass, M|100\/100\n|move|p1a: Greninja|Hydro Pump|p2a: Probopass\n|-supereffective|p2a: Probopass\n|-damage|p2a: Probopass|32\/100\n|\n|-heal|p2a: Probopass|38\/100|[from] item: Leftovers\n|-damage|p1a: Greninja|57\/100 tox|[from] psn\n|upkeep\n|turn|15\n|\n|t:|1701127639\n|switch|p2a: Vikavolt|Vikavolt, F, shiny, tera:Ice|42\/100\n|move|p1a: Greninja|Hydro Pump|p2a: Vikavolt\n|-damage|p2a: Vikavolt|0 fnt\n|faint|p2a: Vikavolt\n|-ability|p1a: Greninja|Battle Bond|boost\n|-boost|p1a: Greninja|atk|1\n|-boost|p1a: Greninja|spa|1\n|-boost|p1a: Greninja|spe|1\n|-activate|p1a: Greninja|ability: Battle Bond\n|\n|-damage|p1a: Greninja|39\/100 tox|[from] psn\n|upkeep\n|\n|t:|1701127650\n|switch|p2a: Okidogi|Okidogi, M|27\/100\n|turn|16\n|\n|t:|1701127657\n|move|p1a: Greninja|Hydro Pump|p2a: Okidogi\n|-damage|p2a: Okidogi|0 fnt\n|faint|p2a: Okidogi\n|\n|-damage|p1a: Greninja|15\/100 tox|[from] psn\n|upkeep\n|\n|t:|1701127665\n|switch|p2a: Delphox|Delphox, F, shiny|12\/100\n|turn|17\n|\n|t:|1701127670\n|move|p1a: Greninja|Hydro Pump|p2a: Delphox\n|-supereffective|p2a: Delphox\n|-damage|p2a: Delphox|0 fnt\n|faint|p2a: Delphox\n|\n|-damage|p1a: Greninja|0 fnt|[from] psn\n|faint|p1a: Greninja\n|upkeep\n|\n|t:|1701127680\n|switch|p2a: Probopass|Probopass, M|38\/100\n|switch|p1a: Gardevoir|Gardevoir, F|100\/100\n|turn|18\n|\n|t:|1701127692\n|move|p1a: Gardevoir|Hex|p2a: Probopass\n|-damage|p2a: Probopass|15\/100\n|move|p2a: Probopass|Thunder Wave|p1a: Gardevoir\n|-status|p1a: Gardevoir|par\n|\n|-heal|p2a: Probopass|21\/100|[from] item: Leftovers\n|upkeep\n|turn|19\n|\n|t:|1701127702\n|move|p1a: Gardevoir|Hex|p2a: Probopass\n|-damage|p2a: Probopass|0 fnt\n|faint|p2a: Probopass\n|\n|win|Murilomax795\n|raw|Murilomax795's rating: 1040 &rarr; <strong>1080<\/strong><br \/>(+40 for winning)\n|raw|ChaoticallyNuetral's rating: 1098 &rarr; <strong>1069<\/strong><br \/>(-29 for losing)\n|l|\u2606ChaoticallyNuetral\n","uploadtime":1701127723,"views":14,"p1id":"murilomax795","p2id":"chaoticallynuetral","formatid":"gen9anythinggoes","rating":1069,"private":0,"password":""}