{"id":"gen9anythinggoes-1991796516","p1":"scu dooch","p2":"Ashclone3","format":"[Gen 9] Anything Goes","log":"|j|\u2606scu dooch\n|j|\u2606Ashclone3\n|t:|1700119026\n|gametype|singles\n|player|p1|scu dooch|plasmagrunt-gen5bw|1070\n|player|p2|Ashclone3|swimmer-gen4dp|1000\n|teamsize|p1|6\n|teamsize|p2|6\n|gen|9\n|tier|[Gen 9] Anything Goes\n|rated|\n|rule|HP Percentage Mod: HP is shown in percentages\n|rule|Endless Battle Clause: Forcing endless battles is banned\n|clearpoke\n|poke|p1|Regieleki|\n|poke|p1|Greninja-*, M|\n|poke|p1|Ceruledge, M|\n|poke|p1|Dragapult, M|\n|poke|p1|Great Tusk|\n|poke|p1|Palafin, M|\n|poke|p2|Ribombee, F|\n|poke|p2|Ogerpon, F|\n|poke|p2|Arcanine-Hisui, M|\n|poke|p2|Clodsire, F|\n|poke|p2|Tinkaton, F|\n|poke|p2|Scizor, F|\n|teampreview\n|\n|t:|1700119029\n|start\n|switch|p1a: Palafin|Palafin, M, shiny|100\/100\n|switch|p2a: What the|Ribombee, F|100\/100\n|turn|1\n|\n|t:|1700119038\n|detailschange|p1a: Palafin|Palafin-Hero, M, shiny\n|switch|p1a: Ceruledge|Ceruledge, M|100\/100\n|move|p2a: What the|Sticky Web|p1a: Ceruledge\n|-sidestart|p1: scu dooch|move: Sticky Web\n|\n|upkeep\n|turn|2\n|\n|t:|1700119043\n|move|p2a: What the|Reflect|p2a: What the\n|-sidestart|p2: Ashclone3|Reflect\n|move|p1a: Ceruledge|Fire Blast|p2a: What the\n|-supereffective|p2a: What the\n|-damage|p2a: What the|29\/100\n|\n|upkeep\n|turn|3\n|\n|t:|1700119051\n|move|p2a: What the|Light Screen|p2a: What the\n|-sidestart|p2: Ashclone3|move: Light Screen\n|move|p1a: Ceruledge|Fire Blast|p2a: What the\n|-supereffective|p2a: What the\n|-damage|p2a: What the|0 fnt\n|faint|p2a: What the\n|\n|upkeep\n|\n|t:|1700119060\n|switch|p2a: Dog!!!!|Arcanine-Hisui, M|100\/100\n|turn|4\n|\n|t:|1700119066\n|switch|p1a: Dragapult|Dragapult, M, shiny|100\/100\n|-activate|p1a: Dragapult|move: Sticky Web\n|-unboost|p1a: Dragapult|spe|1\n|move|p2a: Dog!!!!|Head Smash|p1a: Dragapult\n|-damage|p1a: Dragapult|0 fnt\n|faint|p1a: Dragapult\n|\n|upkeep\n|\n|t:|1700119075\n|switch|p1a: Greninja|Greninja, M, shiny|100\/100\n|-activate|p1a: Greninja|move: Sticky Web\n|-unboost|p1a: Greninja|spe|1\n|turn|5\n|\n|t:|1700119086\n|switch|p2a: ?|Scizor, F|100\/100\n|move|p1a: Greninja|Water Shuriken|p2a: ?\n|-damage|p2a: ?|95\/100\n|-damage|p2a: ?|90\/100\n|-damage|p2a: ?|85\/100\n|-damage|p2a: ?|80\/100\n|-hitcount|p2a: ?|4\n|\n|upkeep\n|turn|6\n|\n|t:|1700119097\n|move|p1a: Greninja|Low Kick|p2a: ?\n|-damage|p2a: ?|72\/100\n|move|p2a: ?|Swords Dance|p2a: ?\n|-boost|p2a: ?|atk|2\n|\n|-sideend|p2: Ashclone3|Reflect\n|upkeep\n|turn|7\n|\n|t:|1700119105\n|move|p1a: Greninja|Gunk Shot|p2a: ?\n|-immune|p2a: ?\n|move|p2a: ?|Baton Pass|p2a: ?\n|\n|t:|1700119110\n|switch|p2a: HAMMER!!!!|Tinkaton, F|100\/100|[from] Baton Pass\n|-ability|p2a: HAMMER!!!!|Mold Breaker\n|\n|-sideend|p2: Ashclone3|move: Light Screen\n|upkeep\n|turn|8\n|\n|t:|1700119116\n|move|p2a: HAMMER!!!!|Gigaton Hammer|p1a: Greninja\n|-resisted|p1a: Greninja\n|-damage|p1a: Greninja|0 fnt\n|faint|p1a: Greninja\n|\n|upkeep\n|\n|t:|1700119125\n|switch|p1a: Ceruledge|Ceruledge, M|100\/100\n|-activate|p1a: Ceruledge|move: Sticky Web\n|-fail|p1a: Ceruledge|unboost|[from] item: Clear Amulet|[of] p1a: Ceruledge\n|turn|9\n|\n|t:|1700119135\n|move|p2a: HAMMER!!!!|Knock Off|p1a: Ceruledge\n|-supereffective|p1a: Ceruledge\n|-damage|p1a: Ceruledge|0 fnt\n|-enditem|p1a: Ceruledge|Clear Amulet|[from] move: Knock Off|[of] p2a: HAMMER!!!!\n|faint|p1a: Ceruledge\n|\n|upkeep\n|\n|t:|1700119141\n|switch|p1a: Great Tusk|Great Tusk, shiny|100\/100\n|-item|p1a: Great Tusk|Air Balloon\n|turn|10\n|\n|t:|1700119146\n|move|p1a: Great Tusk|Protect|p1a: Great Tusk\n|-singleturn|p1a: Great Tusk|Protect\n|move|p2a: HAMMER!!!!|Gigaton Hammer|p1a: Great Tusk\n|-activate|p1a: Great Tusk|move: Protect\n|\n|upkeep\n|turn|11\n|\n|t:|1700119159\n|move|p2a: HAMMER!!!!|Protect|p2a: HAMMER!!!!\n|-singleturn|p2a: HAMMER!!!!|Protect\n|move|p1a: Great Tusk|Sunny Day|p1a: Great Tusk\n|-weather|SunnyDay\n|-activate|p1a: Great Tusk|ability: Protosynthesis\n|-start|p1a: Great Tusk|protosynthesisatk\n|\n|-weather|SunnyDay|[upkeep]\n|upkeep\n|turn|12\n|\n|t:|1700119172\n|move|p1a: Great Tusk|Protect|p1a: Great Tusk\n|-singleturn|p1a: Great Tusk|Protect\n|move|p2a: HAMMER!!!!|Substitute|p2a: HAMMER!!!!\n|-start|p2a: HAMMER!!!!|Substitute\n|-damage|p2a: HAMMER!!!!|76\/100\n|\n|-weather|SunnyDay|[upkeep]\n|-heal|p2a: HAMMER!!!!|82\/100|[from] item: Leftovers\n|upkeep\n|turn|13\n|\n|t:|1700119180\n|move|p2a: HAMMER!!!!|Gigaton Hammer|p1a: Great Tusk\n|-damage|p1a: Great Tusk|37\/100\n|-enditem|p1a: Great Tusk|Air Balloon\n|move|p1a: Great Tusk|Earthquake|p2a: HAMMER!!!!\n|-supereffective|p2a: HAMMER!!!!\n|-end|p2a: HAMMER!!!!|Substitute\n|\n|-weather|SunnyDay|[upkeep]\n|-heal|p2a: HAMMER!!!!|88\/100|[from] item: Leftovers\n|upkeep\n|turn|14\n|\n|t:|1700119192\n|move|p2a: HAMMER!!!!|Knock Off|p1a: Great Tusk\n|-resisted|p1a: Great Tusk\n|-damage|p1a: Great Tusk|27\/100\n|move|p1a: Great Tusk|Body Slam|p2a: HAMMER!!!!\n|-resisted|p2a: HAMMER!!!!\n|-damage|p2a: HAMMER!!!!|60\/100\n|\n|-weather|SunnyDay|[upkeep]\n|-heal|p2a: HAMMER!!!!|66\/100|[from] item: Leftovers\n|upkeep\n|turn|15\n|\n|t:|1700119200\n|move|p2a: HAMMER!!!!|Gigaton Hammer|p1a: Great Tusk\n|-crit|p1a: Great Tusk\n|-damage|p1a: Great Tusk|0 fnt\n|faint|p1a: Great Tusk\n|-end|p1a: Great Tusk|Protosynthesis|[silent]\n|\n|-weather|none\n|-heal|p2a: HAMMER!!!!|72\/100|[from] item: Leftovers\n|upkeep\n|\n|t:|1700119206\n|switch|p1a: Regieleki|Regieleki|100\/100\n|-activate|p1a: Regieleki|move: Sticky Web\n|-unboost|p1a: Regieleki|spe|1\n|turn|16\n|\n|t:|1700119212\n|move|p2a: HAMMER!!!!|Protect|p2a: HAMMER!!!!\n|-singleturn|p2a: HAMMER!!!!|Protect\n|move|p1a: Regieleki|Rain Dance|p1a: Regieleki\n|-weather|RainDance\n|\n|-weather|RainDance|[upkeep]\n|-heal|p2a: HAMMER!!!!|78\/100|[from] item: Leftovers\n|upkeep\n|turn|17\n|\n|t:|1700119218\n|move|p1a: Regieleki|Thunder|p2a: HAMMER!!!!\n|-damage|p2a: HAMMER!!!!|16\/100\n|-status|p2a: HAMMER!!!!|par\n|move|p2a: HAMMER!!!!|Gigaton Hammer|p1a: Regieleki\n|-resisted|p1a: Regieleki\n|-enditem|p1a: Regieleki|Focus Sash\n|-damage|p1a: Regieleki|1\/100\n|\n|-weather|RainDance|[upkeep]\n|-heal|p2a: HAMMER!!!!|22\/100 par|[from] item: Leftovers\n|upkeep\n|turn|18\n|\n|t:|1700119230\n|move|p2a: HAMMER!!!!|Protect|p2a: HAMMER!!!!\n|-singleturn|p2a: HAMMER!!!!|Protect\n|move|p1a: Regieleki|Thunder|p2a: HAMMER!!!!\n|-activate|p2a: HAMMER!!!!|move: Protect\n|\n|-weather|RainDance|[upkeep]\n|-heal|p2a: HAMMER!!!!|28\/100 par|[from] item: Leftovers\n|upkeep\n|turn|19\n|\n|t:|1700119238\n|move|p1a: Regieleki|Thunder|p2a: HAMMER!!!!\n|-damage|p2a: HAMMER!!!!|0 fnt\n|faint|p2a: HAMMER!!!!\n|\n|-weather|RainDance|[upkeep]\n|upkeep\n|\n|t:|1700119245\n|switch|p2a: Dog!!!!|Arcanine-Hisui, M|100\/100\n|turn|20\n|\n|t:|1700119250\n|move|p1a: Regieleki|Protect|p1a: Regieleki\n|-singleturn|p1a: Regieleki|Protect\n|move|p2a: Dog!!!!|Head Smash|p1a: Regieleki\n|-activate|p1a: Regieleki|move: Protect\n|\n|-weather|none\n|upkeep\n|turn|21\n|\n|t:|1700119257\n|move|p1a: Regieleki|Rain Dance|p1a: Regieleki\n|-weather|RainDance\n|move|p2a: Dog!!!!|Head Smash|p1a: Regieleki\n|-damage|p1a: Regieleki|0 fnt\n|faint|p1a: Regieleki\n|\n|-weather|RainDance|[upkeep]\n|upkeep\n|\n|t:|1700119263\n|switch|p1a: Palafin|Palafin-Hero, M, shiny|100\/100\n|-activate|p1a: Palafin|move: Sticky Web\n|-unboost|p1a: Palafin|spe|1\n|-activate|p1a: Palafin|ability: Zero to Hero\n|turn|22\n|\n|t:|1700119269\n|move|p2a: Dog!!!!|Head Smash|p1a: Palafin|[miss]\n|-miss|p2a: Dog!!!!|p1a: Palafin\n|move|p1a: Palafin|Counter||[still]\n|-fail|p1a: Palafin\n|\n|-weather|RainDance|[upkeep]\n|upkeep\n|turn|23\n|\n|t:|1700119275\n|move|p2a: Dog!!!!|Head Smash|p1a: Palafin|[miss]\n|-miss|p2a: Dog!!!!|p1a: Palafin\n|move|p1a: Palafin|Counter||[still]\n|-fail|p1a: Palafin\n|\n|-weather|RainDance|[upkeep]\n|upkeep\n|turn|24\n|\n|t:|1700119280\n|move|p2a: Dog!!!!|Head Smash|p1a: Palafin\n|-crit|p1a: Palafin\n|-damage|p1a: Palafin|0 fnt\n|faint|p1a: Palafin\n|\n|win|Ashclone3\n|raw|scu dooch's rating: 1070 &rarr; <strong>1045<\/strong><br \/>(-25 for losing)\n|raw|Ashclone3's rating: 1000 &rarr; <strong>1048<\/strong><br \/>(+48 for winning)\n|c|\u2606Ashclone3|gg\n|l|\u2606scu dooch\n","uploadtime":1700119290,"views":12,"p1id":"scudooch","p2id":"ashclone3","formatid":"gen9anythinggoes","rating":1045,"private":0,"password":""}