{"id":"gen9anythinggoes-1990042909","p1":"Zapdos Zappers","p2":"Skeetlesquad","format":"[Gen 9] Anything Goes","log":"|j|\u2606Zapdos Zappers\n|j|\u2606Skeetlesquad\n|t:|1699918401\n|gametype|singles\n|player|p1|Zapdos Zappers|265|\n|player|p2|Skeetlesquad|harlequin|\n|teamsize|p1|6\n|teamsize|p2|6\n|gen|9\n|tier|[Gen 9] Anything Goes\n|rule|HP Percentage Mod: HP is shown in percentages\n|rule|Endless Battle Clause: Forcing endless battles is banned\n|clearpoke\n|poke|p1|Garchomp, M|\n|poke|p1|Scream Tail|\n|poke|p1|Volcanion|\n|poke|p1|Iron Hands|\n|poke|p1|Whiscash, F|\n|poke|p1|Kommo-o, M|\n|poke|p2|Meowscarada, M|\n|poke|p2|Mimikyu, M|\n|poke|p2|Golem-Alola, F|\n|poke|p2|Urshifu-*, M|\n|poke|p2|Eiscue, F|\n|poke|p2|Roaring Moon|\n|teampreview\n|c|\u2606Skeetlesquad|Hello!\n|c|\u2606Zapdos Zappers|hey!\n|c|\u2606Zapdos Zappers|want to get going or wait for mike?\n|c|\u2606Skeetlesquad|Up to you! I am good to go whenever\n|c|\u2606Zapdos Zappers|k lets go, he'll join lol\n|c|\u2606Zapdos Zappers|good luck!\n|\n|t:|1699918513\n|start\n|switch|p1a: Scream Tail|Scream Tail, shiny|100\/100\n|switch|p2a: Mimikyu|Mimikyu, M, shiny|100\/100\n|turn|1\n|c|\u2606Skeetlesquad|GL!\n|\n|t:|1699918528\n|move|p1a: Scream Tail|Bulk Up|p1a: Scream Tail\n|-boost|p1a: Scream Tail|atk|1\n|-boost|p1a: Scream Tail|def|1\n|move|p2a: Mimikyu|Swords Dance|p2a: Mimikyu\n|-boost|p2a: Mimikyu|atk|2\n|\n|upkeep\n|turn|2\n|\n|t:|1699918538\n|move|p1a: Scream Tail|Bulk Up|p1a: Scream Tail\n|-boost|p1a: Scream Tail|atk|1\n|-boost|p1a: Scream Tail|def|1\n|move|p2a: Mimikyu|Shadow Ball|p1a: Scream Tail\n|-supereffective|p1a: Scream Tail\n|-crit|p1a: Scream Tail\n|-damage|p1a: Scream Tail|62\/100\n|-damage|p2a: Mimikyu|91\/100|[from] item: Life Orb\n|\n|upkeep\n|turn|3\n|\n|t:|1699918549\n|move|p1a: Scream Tail|Baton Pass|p1a: Scream Tail\n|\n|t:|1699918551\n|-end|p1a: Scream Tail|Protosynthesis|[silent]\n|switch|p1a: Iron Hands|Iron Hands, shiny|100\/100|[from] Baton Pass\n|-item|p1a: Iron Hands|Air Balloon\n|move|p2a: Mimikyu|Shadow Ball|p1a: Iron Hands\n|-damage|p1a: Iron Hands|84\/100\n|-enditem|p1a: Iron Hands|Air Balloon\n|-damage|p2a: Mimikyu|81\/100|[from] item: Life Orb\n|\n|upkeep\n|turn|4\n|j| Talonflameredwings\n|c| Talonflameredwings|best of luck gents\n|\n|t:|1699918582\n|move|p2a: Mimikyu|Play Rough|p1a: Iron Hands\n|-supereffective|p1a: Iron Hands\n|-damage|p1a: Iron Hands|17\/100\n|-damage|p2a: Mimikyu|71\/100|[from] item: Life Orb\n|move|p1a: Iron Hands|Earthquake|p2a: Mimikyu\n|-activate|p2a: Mimikyu|ability: Disguise\n|-damage|p2a: Mimikyu|71\/100\n|detailschange|p2a: Mimikyu|Mimikyu-Busted, M, shiny\n|-damage|p2a: Mimikyu|58\/100|[from] pokemon: Mimikyu-Busted\n|\n|upkeep\n|turn|5\n|\n|t:|1699918607\n|-end|p1a: Iron Hands|Quark Drive|[silent]\n|switch|p1a: Scream Tail|Scream Tail, shiny|62\/100\n|move|p2a: Mimikyu|Play Rough|p1a: Scream Tail\n|-damage|p1a: Scream Tail|0 fnt\n|faint|p1a: Scream Tail\n|-end|p1a: Scream Tail|Protosynthesis|[silent]\n|-damage|p2a: Mimikyu|48\/100|[from] item: Life Orb\n|\n|upkeep\n|\n|t:|1699918650\n|switch|p1a: Volcanion|Volcanion|100\/100\n|turn|6\n|\n|t:|1699918676\n|move|p2a: Mimikyu|Wood Hammer|p1a: Volcanion\n|-damage|p1a: Volcanion|27\/100\n|-damage|p2a: Mimikyu|14\/100|[from] Recoil\n|-damage|p2a: Mimikyu|4\/100|[from] item: Life Orb\n|move|p1a: Volcanion|Steam Eruption|p2a: Mimikyu\n|-damage|p2a: Mimikyu|0 fnt\n|faint|p2a: Mimikyu\n|\n|upkeep\n|\n|t:|1699918718\n|switch|p2a: Golem|Golem-Alola, F|100\/100\n|turn|7\n|\n|t:|1699918743\n|-terastallize|p2a: Golem|Water\n|move|p2a: Golem|Earthquake|p1a: Volcanion\n|-supereffective|p1a: Volcanion\n|-damage|p1a: Volcanion|0 fnt\n|faint|p1a: Volcanion\n|\n|upkeep\n|\n|t:|1699918765\n|switch|p1a: Garchomp|Garchomp, M|100\/100\n|turn|8\n|\n|t:|1699918800\n|move|p1a: Garchomp|Swords Dance|p1a: Garchomp\n|-boost|p1a: Garchomp|atk|2\n|move|p2a: Golem|Earthquake|p1a: Garchomp\n|-damage|p1a: Garchomp|73\/100\n|\n|-heal|p1a: Garchomp|79\/100|[from] item: Leftovers\n|upkeep\n|turn|9\n|\n|t:|1699918832\n|move|p1a: Garchomp|Thunder Fang|p2a: Golem|[miss]\n|-miss|p1a: Garchomp|p2a: Golem\n|move|p2a: Golem|Stealth Rock|p1a: Garchomp\n|-sidestart|p1: Zapdos Zappers|move: Stealth Rock\n|\n|-heal|p1a: Garchomp|85\/100|[from] item: Leftovers\n|upkeep\n|turn|10\n|\n|t:|1699918845\n|switch|p2a: Urshifu|Urshifu-Rapid-Strike, M|100\/100\n|move|p1a: Garchomp|Thunder Fang|p2a: Urshifu\n|-supereffective|p2a: Urshifu\n|-damage|p2a: Urshifu|0 fnt\n|faint|p2a: Urshifu\n|\n|-heal|p1a: Garchomp|91\/100|[from] item: Leftovers\n|upkeep\n|\n|t:|1699918857\n|switch|p2a: Eiscue|Eiscue, F|100\/100\n|turn|11\n|\n|t:|1699918878\n|move|p1a: Garchomp|Earthquake|p2a: Eiscue\n|-activate|p2a: Eiscue|ability: Ice Face\n|-damage|p2a: Eiscue|100\/100\n|detailschange|p2a: Eiscue|Eiscue-Noice, F\n|move|p2a: Eiscue|Belly Drum|p2a: Eiscue\n|-damage|p2a: Eiscue|51\/100\n|-setboost|p2a: Eiscue|atk|6|[from] move: Belly Drum\n|\n|-heal|p1a: Garchomp|97\/100|[from] item: Leftovers\n|upkeep\n|turn|12\n|\n|t:|1699918889\n|move|p2a: Eiscue|Icicle Spear|p1a: Garchomp\n|-supereffective|p1a: Garchomp\n|-damage|p1a: Garchomp|0 fnt\n|faint|p1a: Garchomp\n|-hitcount|p1: Garchomp|1\n|\n|upkeep\n|\n|t:|1699918903\n|switch|p1a: Whiscash|Whiscash, F, shiny|100\/100\n|-damage|p1a: Whiscash|94\/100|[from] Stealth Rock\n|turn|13\n|\n|t:|1699918927\n|move|p2a: Eiscue|Icicle Spear|p1a: Whiscash\n|-damage|p1a: Whiscash|58\/100\n|-damage|p1a: Whiscash|21\/100\n|-damage|p1a: Whiscash|0 fnt\n|faint|p1a: Whiscash\n|-hitcount|p1: Whiscash|3\n|\n|upkeep\n|\n|t:|1699918942\n|switch|p1a: Iron Hands|Iron Hands, shiny|17\/100\n|-damage|p1a: Iron Hands|10\/100|[from] Stealth Rock\n|turn|14\n|\n|t:|1699918966\n|move|p2a: Eiscue|Icicle Spear|p1a: Iron Hands\n|-damage|p1a: Iron Hands|0 fnt\n|faint|p1a: Iron Hands\n|-end|p1a: Iron Hands|Quark Drive|[silent]\n|-hitcount|p1: Iron Hands|1\n|\n|upkeep\n|\n|t:|1699918981\n|switch|p1a: Kommo-o|Kommo-o, M|100\/100\n|-damage|p1a: Kommo-o|94\/100|[from] Stealth Rock\n|turn|15\n|\n|t:|1699918985\n|move|p2a: Eiscue|Icicle Spear|p1a: Kommo-o\n|-supereffective|p1a: Kommo-o\n|-crit|p1a: Kommo-o\n|-damage|p1a: Kommo-o|0 fnt\n|faint|p1a: Kommo-o\n|-hitcount|p1: Kommo-o|1\n|\n|win|Skeetlesquad\n|c|\u2606Zapdos Zappers|gg\n|c|\u2606Skeetlesquad|GG!\n|c| Talonflameredwings|gg!\n|c|\u2606Zapdos Zappers|friggin penguin\n|c| Talonflameredwings|ol belly drum!\n|c|\u2606Skeetlesquad|lol\n|c|\u2606Zapdos Zappers|yeah i forgot about the speed!\n|c|\u2606Skeetlesquad|That little blue head\n|c|\u2606Skeetlesquad|Noice\n|c|\u2606Zapdos Zappers|Noice and speedy lol\n|c|\u2606Skeetlesquad|lol good game though\n|c|\u2606Zapdos Zappers|lol yes sir\n|c|\u2606Zapdos Zappers|have a good evening folks!\n|l|\u2606Zapdos Zappers\n","uploadtime":1699919014,"views":15,"p1id":"zapdoszappers","p2id":"skeetlesquad","formatid":"gen9anythinggoes","rating":0,"private":0,"password":""}