{"id":"gen9anythinggoes-1986788651","p1":"giallupoyo","p2":"GacyDC","format":"[Gen 9] Anything Goes","log":"|j|\u2606giallupoyo\n|j|\u2606GacyDC\n|t:|1699525416\n|gametype|singles\n|player|p1|giallupoyo|2|1079\n|player|p2|GacyDC|266|1115\n|teamsize|p1|6\n|teamsize|p2|6\n|gen|9\n|tier|[Gen 9] Anything Goes\n|rated|\n|rule|HP Percentage Mod: HP is shown in percentages\n|rule|Endless Battle Clause: Forcing endless battles is banned\n|clearpoke\n|poke|p1|Drifblim, F|\n|poke|p1|Mew|\n|poke|p1|Mienshao, M|\n|poke|p1|Lechonk, F|\n|poke|p1|Clefable, M|\n|poke|p1|Magearna|\n|poke|p2|Maushold|\n|poke|p2|Mudsdale, M|\n|poke|p2|Glimmora, F|\n|poke|p2|Arcanine-Hisui, M|\n|poke|p2|Ditto|\n|poke|p2|Zapdos|\n|teampreview\n|\n|t:|1699525421\n|start\n|switch|p1a: Drifblim|Drifblim, F|100\/100\n|switch|p2a: Big_Bad_Maus|Maushold, shiny|100\/100\n|turn|1\n|\n|t:|1699525432\n|-terastallize|p2a: Big_Bad_Maus|Normal\n|move|p2a: Big_Bad_Maus|Tidy Up|p2a: Big_Bad_Maus\n|-boost|p2a: Big_Bad_Maus|atk|1\n|-boost|p2a: Big_Bad_Maus|spe|1\n|move|p1a: Drifblim|Minimize|p1a: Drifblim\n|-boost|p1a: Drifblim|evasion|2\n|\n|upkeep\n|turn|2\n|\n|t:|1699525441\n|move|p2a: Big_Bad_Maus|Tidy Up|p2a: Big_Bad_Maus\n|-boost|p2a: Big_Bad_Maus|atk|1\n|-boost|p2a: Big_Bad_Maus|spe|1\n|move|p1a: Drifblim|Minimize|p1a: Drifblim\n|-boost|p1a: Drifblim|evasion|2\n|\n|upkeep\n|turn|3\n|\n|t:|1699525448\n|move|p2a: Big_Bad_Maus|Population Bomb|p1a: Drifblim\n|-immune|p1a: Drifblim\n|move|p1a: Drifblim|Substitute|p1a: Drifblim\n|-start|p1a: Drifblim|Substitute\n|-damage|p1a: Drifblim|75\/100\n|\n|-heal|p1a: Drifblim|82\/100|[from] item: Leftovers\n|upkeep\n|turn|4\n|\n|t:|1699525458\n|move|p2a: Big_Bad_Maus|Beat Up|p1a: Drifblim|[miss]\n|-miss|p2a: Big_Bad_Maus|p1a: Drifblim\n|move|p1a: Drifblim|Minimize|p1a: Drifblim\n|-boost|p1a: Drifblim|evasion|2\n|\n|-heal|p1a: Drifblim|88\/100|[from] item: Leftovers\n|upkeep\n|turn|5\n|\n|t:|1699525467\n|switch|p1a: Mienshao|Mienshao, M|100\/100\n|move|p2a: Big_Bad_Maus|Beat Up|p1a: Mienshao\n|-resisted|p1a: Mienshao\n|-damage|p1a: Mienshao|96\/100\n|-resisted|p1a: Mienshao\n|-damage|p1a: Mienshao|90\/100\n|-resisted|p1a: Mienshao\n|-damage|p1a: Mienshao|86\/100\n|-resisted|p1a: Mienshao\n|-damage|p1a: Mienshao|80\/100\n|-resisted|p1a: Mienshao\n|-damage|p1a: Mienshao|77\/100\n|-resisted|p1a: Mienshao\n|-damage|p1a: Mienshao|72\/100\n|-hitcount|p1a: Mienshao|6\n|\n|-heal|p1a: Mienshao|78\/100|[from] item: Leftovers\n|upkeep\n|turn|6\n|\n|t:|1699525483\n|switch|p1a: Drifblim|Drifblim, F|88\/100\n|move|p2a: Big_Bad_Maus|Population Bomb|p1a: Drifblim\n|-immune|p1a: Drifblim\n|\n|-heal|p1a: Drifblim|94\/100|[from] item: Leftovers\n|upkeep\n|turn|7\n|\n|t:|1699525491\n|move|p2a: Big_Bad_Maus|Beat Up|p1a: Drifblim\n|-supereffective|p1a: Drifblim\n|-crit|p1a: Drifblim\n|-damage|p1a: Drifblim|60\/100\n|-supereffective|p1a: Drifblim\n|-damage|p1a: Drifblim|27\/100\n|-supereffective|p1a: Drifblim\n|-damage|p1a: Drifblim|9\/100\n|-supereffective|p1a: Drifblim\n|-crit|p1a: Drifblim\n|-damage|p1a: Drifblim|0 fnt\n|faint|p1a: Drifblim\n|-hitcount|p1: Drifblim|4\n|\n|upkeep\n|-message|giallupoyo forfeited.\n|\n|win|GacyDC\n|raw|giallupoyo's rating: 1079 &rarr; <strong>1059<\/strong><br \/>(-20 for losing)\n|raw|GacyDC's rating: 1115 &rarr; <strong>1137<\/strong><br \/>(+22 for winning)\n|l|\u2606giallupoyo\n","uploadtime":1699525516,"views":5,"p1id":"giallupoyo","p2id":"gacydc","formatid":"gen9anythinggoes","rating":1059,"private":0,"password":""}