{"id":"gen9anythinggoes-1973479481","p1":"Hzozv","p2":"luppy43l","format":"[Gen 9] Anything Goes","log":"|j|\u2606Hzozv\n|j|\u2606luppy43l\n|t:|1697981623\n|gametype|singles\n|player|p1|Hzozv|lusamine-nihilego|1326\n|player|p2|luppy43l|unknown|1337\n|teamsize|p1|6\n|teamsize|p2|6\n|gen|9\n|tier|[Gen 9] Anything Goes\n|rated|\n|rule|HP Percentage Mod: HP is shown in percentages\n|rule|Endless Battle Clause: Forcing endless battles is banned\n|clearpoke\n|poke|p1|Glimmora, M|\n|poke|p1|Miraidon|\n|poke|p1|Koraidon|\n|poke|p1|Iron Bundle|\n|poke|p1|Great Tusk|\n|poke|p1|Ditto|\n|poke|p2|Regieleki|\n|poke|p2|Toxapex, F|\n|poke|p2|Zacian-*|\n|poke|p2|Rayquaza|\n|poke|p2|Ogerpon-Hearthflame, F|\n|poke|p2|Calyrex-Shadow|\n|teampreview\n|inactive|Battle timer is ON: inactive players will automatically lose when time's up. (requested by Hzozv)\n|\n|t:|1697981636\n|start\n|switch|p1a: Glimmora|Glimmora, M|100\/100\n|switch|p2a: Toxapex|Toxapex, F|100\/100\n|turn|1\n|\n|t:|1697981644\n|move|p1a: Glimmora|Earth Power|p2a: Toxapex\n|-supereffective|p2a: Toxapex\n|-crit|p2a: Toxapex\n|-damage|p2a: Toxapex|21\/100\n|move|p2a: Toxapex|Infestation|p1a: Glimmora\n|-resisted|p1a: Glimmora\n|-crit|p1a: Glimmora\n|-damage|p1a: Glimmora|97\/100\n|-activate|p1a: Glimmora|move: Infestation|[of] p2a: Toxapex\n|-enditem|p1a: Glimmora|Red Card|[of] p2a: Toxapex\n|drag|p2a: Regieleki|Regieleki|100\/100\n|\n|-end|p1a: Glimmora|Infestation|[partiallytrapped]|[silent]\n|upkeep\n|turn|2\n|\n|t:|1697981656\n|switch|p2a: Rayquaza|Rayquaza|100\/100\n|-ability|p2a: Rayquaza|Air Lock\n|move|p1a: Glimmora|Stealth Rock|p2a: Rayquaza\n|-sidestart|p2: luppy43l|move: Stealth Rock\n|\n|upkeep\n|turn|3\n|\n|t:|1697981666\n|move|p1a: Glimmora|Dazzling Gleam|p2a: Rayquaza\n|-supereffective|p2a: Rayquaza\n|-damage|p2a: Rayquaza|38\/100\n|move|p2a: Rayquaza|Earthquake|p1a: Glimmora\n|-supereffective|p1a: Glimmora\n|-crit|p1a: Glimmora\n|-damage|p1a: Glimmora|0 fnt\n|-activate|p1a: Glimmora|ability: Toxic Debris\n|-sidestart|p2: luppy43l|move: Toxic Spikes\n|faint|p1a: Glimmora\n|-damage|p2a: Rayquaza|28\/100|[from] item: Life Orb\n|\n|upkeep\n|\n|t:|1697981677\n|switch|p1a: Miraidon|Miraidon|100\/100\n|-fieldstart|move: Electric Terrain|[from] ability: Hadron Engine|[of] p1a: Miraidon\n|turn|4\n|\n|t:|1697981692\n|-terastallize|p1a: Miraidon|Electric\n|move|p2a: Rayquaza|Extreme Speed|p1a: Miraidon\n|-damage|p1a: Miraidon|53\/100\n|-damage|p2a: Rayquaza|18\/100|[from] item: Life Orb\n|move|p1a: Miraidon|Volt Switch|p2a: Rayquaza\n|-damage|p2a: Rayquaza|0 fnt\n|faint|p2a: Rayquaza\n|\n|t:|1697981702\n|switch|p1a: Iron Bundle|Iron Bundle|100\/100|[from] Volt Switch\n|-activate|p1a: Iron Bundle|ability: Quark Drive\n|-start|p1a: Iron Bundle|quarkdrivespe\n|\n|upkeep\n|\n|t:|1697981707\n|switch|p2a: Toxapex|Toxapex, F|54\/100\n|-damage|p2a: Toxapex|42\/100|[from] Stealth Rock\n|-sideend|p2: luppy43l|move: Toxic Spikes|[of] p2a: Toxapex\n|turn|5\n|\n|t:|1697981719\n|move|p1a: Iron Bundle|Freeze-Dry|p2a: Toxapex\n|-supereffective|p2a: Toxapex\n|-damage|p2a: Toxapex|0 fnt\n|faint|p2a: Toxapex\n|-damage|p1a: Iron Bundle|91\/100|[from] item: Life Orb\n|\n|upkeep\n|\n|t:|1697981726\n|switch|p2a: Regieleki|Regieleki|100\/100\n|-damage|p2a: Regieleki|88\/100|[from] Stealth Rock\n|turn|6\n|\n|t:|1697981736\n|move|p1a: Iron Bundle|Hydro Pump|p2a: Regieleki\n|-damage|p2a: Regieleki|0 fnt\n|faint|p2a: Regieleki\n|-damage|p1a: Iron Bundle|81\/100|[from] item: Life Orb\n|\n|upkeep\n|\n|t:|1697981743\n|switch|p2a: Calyrex|Calyrex-Shadow|100\/100\n|-ability|p2a: Calyrex|As One\n|-ability|p2a: Calyrex|Unnerve\n|-damage|p2a: Calyrex|88\/100|[from] Stealth Rock\n|turn|7\n|\n|t:|1697981752\n|move|p1a: Iron Bundle|Ice Beam|p2a: Calyrex\n|-damage|p2a: Calyrex|32\/100\n|-damage|p1a: Iron Bundle|71\/100|[from] item: Life Orb\n|move|p2a: Calyrex|Astral Barrage|p1a: Iron Bundle\n|-damage|p1a: Iron Bundle|0 fnt\n|faint|p1a: Iron Bundle\n|-end|p1a: Iron Bundle|Quark Drive|[silent]\n|-ability|p2a: Calyrex|Grim Neigh|boost\n|-boost|p2a: Calyrex|spa|1\n|\n|upkeep\n|\n|t:|1697981762\n|switch|p1a: Ditto|Ditto|100\/100\n|-transform|p1a: Ditto|p2a: Calyrex|[from] ability: Imposter\n|turn|8\n|\n|t:|1697981768\n|move|p1a: Ditto|Astral Barrage|p2a: Calyrex\n|-supereffective|p2a: Calyrex\n|-damage|p2a: Calyrex|0 fnt\n|faint|p2a: Calyrex\n|-ability|p1a: Ditto|Grim Neigh|boost\n|-boost|p1a: Ditto|spa|1\n|\n|-fieldend|move: Electric Terrain\n|upkeep\n|\n|t:|1697981776\n|switch|p2a: Zacian|Zacian-Crowned|100\/100\n|-damage|p2a: Zacian|94\/100|[from] Stealth Rock\n|-ability|p2a: Zacian|Intrepid Sword|boost\n|-boost|p2a: Zacian|atk|1\n|turn|9\n|\n|t:|1697981783\n|-terastallize|p2a: Zacian|Fire\n|move|p1a: Ditto|Astral Barrage|p2a: Zacian\n|-damage|p2a: Zacian|0 fnt\n|faint|p2a: Zacian\n|-ability|p1a: Ditto|Grim Neigh|boost\n|-boost|p1a: Ditto|spa|1\n|\n|upkeep\n|\n|t:|1697981790\n|switch|p2a: Ogerpon|Ogerpon-Hearthflame, F|100\/100\n|-damage|p2a: Ogerpon|76\/100|[from] Stealth Rock\n|-ability|p2a: Ogerpon|Mold Breaker\n|turn|10\n|\n|t:|1697981796\n|move|p1a: Ditto|Astral Barrage|p2a: Ogerpon\n|-damage|p2a: Ogerpon|0 fnt\n|faint|p2a: Ogerpon\n|\n|win|Hzozv\n|raw|Hzozv's rating: 1326 &rarr; <strong>1347<\/strong><br \/>(+21 for winning)\n|raw|luppy43l's rating: 1337 &rarr; <strong>1316<\/strong><br \/>(-21 for losing)\n|l|\u2606luppy43l\n","uploadtime":1697981804,"views":11,"p1id":"hzozv","p2id":"luppy43l","formatid":"gen9anythinggoes","rating":1316,"private":0,"password":""}