{"id":"gen9anythinggoes-1998882988","p1":"Plobistinator","p2":"TietAsnee","format":"[Gen 9] Anything Goes","log":"|j|\u2606Plobistinator\n|j|\u2606TietAsnee\n|t:|1701008169\n|gametype|singles\n|player|p1|Plobistinator|baker|\n|player|p2|TietAsnee|skyla|\n|teamsize|p1|6\n|teamsize|p2|6\n|gen|9\n|tier|[Gen 9] Anything Goes\n|rule|HP Percentage Mod: HP is shown in percentages\n|rule|Endless Battle Clause: Forcing endless battles is banned\n|clearpoke\n|poke|p1|Forretress, M|\n|poke|p1|Infernape, M|\n|poke|p1|Bellibolt, M|\n|poke|p1|Gliscor, F|\n|poke|p1|Ambipom, F|\n|poke|p1|Blissey, F|\n|poke|p2|Clefable, F|\n|poke|p2|Basculin-Blue-Striped, F|\n|poke|p2|Greninja-*, M|\n|poke|p2|Manaphy|\n|poke|p2|Sableye, F|\n|poke|p2|Garchomp, M|\n|teampreview\n|j| El Rey Primo\n|\n|t:|1701008203\n|start\n|switch|p1a: HereWeGoonBullshit|Blissey, F|100\/100\n|switch|p2a: Manaphy|Manaphy|100\/100\n|turn|1\n|\n|t:|1701008219\n|move|p2a: Manaphy|Scald|p1a: HereWeGoonBullshit\n|-damage|p1a: HereWeGoonBullshit|89\/100\n|-status|p1a: HereWeGoonBullshit|brn\n|move|p1a: HereWeGoonBullshit|Trick|p2a: Manaphy\n|-activate|p1a: HereWeGoonBullshit|move: Trick|[of] p2a: Manaphy\n|-item|p2a: Manaphy|Lagging Tail|[from] move: Trick\n|-item|p1a: HereWeGoonBullshit|Leftovers|[from] move: Trick\n|\n|-heal|p1a: HereWeGoonBullshit|95\/100 brn|[from] item: Leftovers\n|-damage|p1a: HereWeGoonBullshit|89\/100 brn|[from] brn\n|upkeep\n|turn|2\n|\n|t:|1701008235\n|move|p1a: HereWeGoonBullshit|Thunderbolt|p2a: Manaphy\n|-supereffective|p2a: Manaphy\n|-damage|p2a: Manaphy|56\/100\n|move|p2a: Manaphy|Calm Mind|p2a: Manaphy\n|-boost|p2a: Manaphy|spa|1\n|-boost|p2a: Manaphy|spd|1\n|\n|-heal|p1a: HereWeGoonBullshit|95\/100 brn|[from] item: Leftovers\n|-damage|p1a: HereWeGoonBullshit|89\/100 brn|[from] brn\n|upkeep\n|turn|3\n|\n|t:|1701008252\n|move|p1a: HereWeGoonBullshit|Thunderbolt|p2a: Manaphy\n|-supereffective|p2a: Manaphy\n|-damage|p2a: Manaphy|21\/100\n|move|p2a: Manaphy|Psychic|p1a: HereWeGoonBullshit\n|-damage|p1a: HereWeGoonBullshit|74\/100 brn\n|\n|-heal|p1a: HereWeGoonBullshit|81\/100 brn|[from] item: Leftovers\n|-damage|p1a: HereWeGoonBullshit|74\/100 brn|[from] brn\n|upkeep\n|turn|4\n|\n|t:|1701008300\n|switch|p2a: Greninja|Greninja, M|100\/100\n|move|p1a: HereWeGoonBullshit|Dazzling Gleam|p2a: Greninja\n|-supereffective|p2a: Greninja\n|-damage|p2a: Greninja|35\/100\n|\n|-heal|p1a: HereWeGoonBullshit|81\/100 brn|[from] item: Leftovers\n|-damage|p1a: HereWeGoonBullshit|74\/100 brn|[from] brn\n|upkeep\n|turn|5\n|\n|t:|1701008340\n|move|p2a: Greninja|U-turn|p1a: HereWeGoonBullshit\n|-damage|p1a: HereWeGoonBullshit|34\/100 brn\n|-damage|p2a: Greninja|25\/100|[from] item: Life Orb\n|\n|t:|1701008344\n|switch|p2a: Garchomp|Garchomp, M|100\/100|[from] U-turn\n|move|p1a: HereWeGoonBullshit|Thunderbolt|p2a: Garchomp\n|-immune|p2a: Garchomp\n|\n|-heal|p1a: HereWeGoonBullshit|40\/100 brn|[from] item: Leftovers\n|-damage|p1a: HereWeGoonBullshit|34\/100 brn|[from] brn\n|upkeep\n|turn|6\n|\n|t:|1701008359\n|-curestatus|p1a: HereWeGoonBullshit|brn|[from] ability: Natural Cure\n|switch|p1a: Divine Blandstorm|Forretress, M|100\/100\n|move|p2a: Garchomp|Earthquake|p1a: Divine Blandstorm\n|-damage|p1a: Divine Blandstorm|57\/100\n|\n|-heal|p1a: Divine Blandstorm|63\/100|[from] item: Leftovers\n|upkeep\n|turn|7\n|\n|t:|1701008372\n|-terastallize|p1a: Divine Blandstorm|Water\n|move|p2a: Garchomp|Fire Fang|p1a: Divine Blandstorm\n|-resisted|p1a: Divine Blandstorm\n|-damage|p1a: Divine Blandstorm|53\/100\n|move|p1a: Divine Blandstorm|Iron Defense|p1a: Divine Blandstorm\n|-boost|p1a: Divine Blandstorm|def|2\n|\n|-heal|p1a: Divine Blandstorm|60\/100|[from] item: Leftovers\n|upkeep\n|turn|8\n|\n|t:|1701008420\n|move|p2a: Garchomp|Scale Shot|p1a: Divine Blandstorm\n|-damage|p1a: Divine Blandstorm|54\/100\n|-damage|p1a: Divine Blandstorm|48\/100\n|-damage|p1a: Divine Blandstorm|43\/100\n|-damage|p1a: Divine Blandstorm|38\/100\n|-damage|p1a: Divine Blandstorm|32\/100\n|-hitcount|p1a: Divine Blandstorm|5\n|-unboost|p2a: Garchomp|def|1\n|-boost|p2a: Garchomp|spe|1\n|move|p1a: Divine Blandstorm|Iron Defense|p1a: Divine Blandstorm\n|-boost|p1a: Divine Blandstorm|def|2\n|\n|-heal|p1a: Divine Blandstorm|38\/100|[from] item: Leftovers\n|upkeep\n|turn|9\n|\n|t:|1701008497\n|move|p2a: Garchomp|Earthquake|p1a: Divine Blandstorm\n|-damage|p1a: Divine Blandstorm|23\/100\n|move|p1a: Divine Blandstorm|Body Press|p2a: Garchomp\n|-damage|p2a: Garchomp|0 fnt\n|-damage|p1a: Divine Blandstorm|11\/100|[from] ability: Rough Skin|[of] p2a: Garchomp\n|faint|p2a: Garchomp\n|\n|-heal|p1a: Divine Blandstorm|17\/100|[from] item: Leftovers\n|upkeep\n|\n|t:|1701008507\n|switch|p2a: Clefable|Clefable, F|100\/100\n|turn|10\n|\n|t:|1701008520\n|switch|p1a: HereWeGoonBullshit|Blissey, F|34\/100\n|move|p2a: Clefable|Thunder Wave|p1a: HereWeGoonBullshit\n|-status|p1a: HereWeGoonBullshit|par\n|\n|-heal|p1a: HereWeGoonBullshit|40\/100 par|[from] item: Leftovers\n|upkeep\n|turn|11\n|\n|t:|1701008536\n|-curestatus|p1a: HereWeGoonBullshit|par|[from] ability: Natural Cure\n|switch|p1a: Grab Driver#34226|Gliscor, F|100\/100\n|move|p2a: Clefable|Moonblast|p1a: Grab Driver#34226\n|-damage|p1a: Grab Driver#34226|41\/100\n|\n|-status|p1a: Grab Driver#34226|tox|[from] item: Toxic Orb\n|upkeep\n|turn|12\n|\n|t:|1701008545\n|switch|p2a: Sableye|Sableye, F|100\/100\n|move|p1a: Grab Driver#34226|Gunk Shot|p2a: Sableye|[miss]\n|-miss|p1a: Grab Driver#34226|p2a: Sableye\n|\n|-heal|p1a: Grab Driver#34226|53\/100 tox|[from] ability: Poison Heal\n|upkeep\n|turn|13\n|\n|t:|1701008553\n|move|p1a: Grab Driver#34226|Taunt|p2a: Sableye\n|-start|p2a: Sableye|move: Taunt\n|move|p2a: Sableye|Poltergeist|p1a: Grab Driver#34226\n|-activate|p1a: Grab Driver#34226|move: Poltergeist|Toxic Orb\n|-damage|p1a: Grab Driver#34226|24\/100 tox\n|\n|-heal|p1a: Grab Driver#34226|37\/100 tox|[from] ability: Poison Heal\n|upkeep\n|turn|14\n|\n|t:|1701008570\n|move|p1a: Grab Driver#34226|Knock Off|p2a: Sableye\n|-damage|p2a: Sableye|57\/100\n|-enditem|p2a: Sableye|Leftovers|[from] move: Knock Off|[of] p1a: Grab Driver#34226\n|move|p2a: Sableye|Poltergeist|p1a: Grab Driver#34226\n|-activate|p1a: Grab Driver#34226|move: Poltergeist|Toxic Orb\n|-damage|p1a: Grab Driver#34226|10\/100 tox\n|\n|-heal|p1a: Grab Driver#34226|22\/100 tox|[from] ability: Poison Heal\n|upkeep\n|turn|15\n|\n|t:|1701008585\n|move|p1a: Grab Driver#34226|Earthquake|p2a: Sableye\n|-damage|p2a: Sableye|0 fnt\n|faint|p2a: Sableye\n|\n|-heal|p1a: Grab Driver#34226|35\/100 tox|[from] ability: Poison Heal\n|upkeep\n|\n|t:|1701008602\n|switch|p2a: Clefable|Clefable, F|100\/100\n|turn|16\n|\n|t:|1701008627\n|switch|p2a: Basculin|Basculin-Blue-Striped, F|100\/100\n|move|p1a: Grab Driver#34226|Gunk Shot|p2a: Basculin\n|-damage|p2a: Basculin|69\/100\n|\n|-heal|p1a: Grab Driver#34226|47\/100 tox|[from] ability: Poison Heal\n|upkeep\n|turn|17\n|\n|t:|1701008640\n|switch|p1a: Divine Blandstorm|Forretress, M, tera:Water|17\/100\n|move|p2a: Basculin|Wave Crash|p1a: Divine Blandstorm\n|-resisted|p1a: Divine Blandstorm\n|-damage|p1a: Divine Blandstorm|2\/100\n|\n|-heal|p1a: Divine Blandstorm|8\/100|[from] item: Leftovers\n|upkeep\n|turn|18\n|\n|t:|1701008647\n|move|p2a: Basculin|Aqua Jet|p1a: Divine Blandstorm\n|-resisted|p1a: Divine Blandstorm\n|-damage|p1a: Divine Blandstorm|3\/100\n|move|p1a: Divine Blandstorm|Rapid Spin|p2a: Basculin\n|-damage|p2a: Basculin|59\/100\n|-boost|p1a: Divine Blandstorm|spe|1\n|\n|-heal|p1a: Divine Blandstorm|9\/100|[from] item: Leftovers\n|upkeep\n|turn|19\n|\n|t:|1701008655\n|move|p2a: Basculin|Wave Crash|p1a: Divine Blandstorm\n|-resisted|p1a: Divine Blandstorm\n|-damage|p1a: Divine Blandstorm|0 fnt\n|faint|p1a: Divine Blandstorm\n|\n|upkeep\n|\n|t:|1701008659\n|switch|p1a: NTRampage|Ambipom, F|100\/100\n|turn|20\n|\n|t:|1701008677\n|move|p1a: NTRampage|Fake Out|p2a: Basculin\n|-damage|p2a: Basculin|31\/100\n|cant|p2a: Basculin|flinch\n|\n|upkeep\n|turn|21\n|\n|t:|1701008691\n|switch|p2a: Manaphy|Manaphy|21\/100\n|move|p1a: NTRampage|Knock Off|p2a: Manaphy\n|-damage|p2a: Manaphy|0 fnt\n|-enditem|p2a: Manaphy|Lagging Tail|[from] move: Knock Off|[of] p1a: NTRampage\n|faint|p2a: Manaphy\n|\n|upkeep\n|\n|t:|1701008698\n|switch|p2a: Clefable|Clefable, F|100\/100\n|turn|22\n|\n|t:|1701008708\n|move|p1a: NTRampage|Double Hit|p2a: Clefable\n|-damage|p2a: Clefable|69\/100\n|-damage|p2a: Clefable|38\/100\n|-hitcount|p2a: Clefable|2\n|move|p2a: Clefable|Moonblast|p1a: NTRampage\n|-damage|p1a: NTRampage|5\/100\n|\n|upkeep\n|turn|23\n|\n|t:|1701008725\n|move|p1a: NTRampage|Double Hit|p2a: Clefable\n|-damage|p2a: Clefable|7\/100\n|-damage|p2a: Clefable|0 fnt\n|faint|p2a: Clefable\n|-hitcount|p2: Clefable|2\n|\n|upkeep\n|\n|t:|1701008733\n|switch|p2a: Basculin|Basculin-Blue-Striped, F|31\/100\n|turn|24\n|\n|t:|1701008739\n|switch|p1a: HereWeGoonBullshit|Blissey, F|40\/100\n|move|p2a: Basculin|Aqua Jet|p1a: HereWeGoonBullshit\n|-damage|p1a: HereWeGoonBullshit|15\/100\n|\n|-heal|p1a: HereWeGoonBullshit|21\/100|[from] item: Leftovers\n|upkeep\n|turn|25\n|\n|t:|1701008746\n|move|p2a: Basculin|Aqua Jet|p1a: HereWeGoonBullshit\n|-damage|p1a: HereWeGoonBullshit|0 fnt\n|faint|p1a: HereWeGoonBullshit\n|\n|upkeep\n|\n|t:|1701008749\n|switch|p1a: Ped Xing Boy|Bellibolt, M|100\/100\n|turn|26\n|\n|t:|1701008761\n|move|p2a: Basculin|Wave Crash|p1a: Ped Xing Boy\n|-damage|p1a: Ped Xing Boy|78\/100\n|-start|p1a: Ped Xing Boy|Charge|Wave Crash|[from] ability: Electromorphosis\n|move|p1a: Ped Xing Boy|Parabolic Charge|p2a: Basculin\n|-supereffective|p2a: Basculin\n|-damage|p2a: Basculin|0 fnt\n|-heal|p1a: Ped Xing Boy|90\/100|[from] drain|[of] p2a: Basculin\n|faint|p2a: Basculin\n|-end|p1a: Ped Xing Boy|Charge|[silent]\n|\n|-heal|p1a: Ped Xing Boy|96\/100|[from] item: Leftovers\n|upkeep\n|\n|t:|1701008771\n|switch|p2a: Greninja|Greninja, M|25\/100\n|turn|27\n|\n|t:|1701008778\n|move|p2a: Greninja|Hydro Pump|p1a: Ped Xing Boy\n|-damage|p1a: Ped Xing Boy|27\/100\n|-start|p1a: Ped Xing Boy|Charge|Hydro Pump|[from] ability: Electromorphosis\n|-damage|p2a: Greninja|16\/100|[from] item: Life Orb\n|move|p1a: Ped Xing Boy|Parabolic Charge|p2a: Greninja\n|-supereffective|p2a: Greninja\n|-damage|p2a: Greninja|0 fnt\n|-heal|p1a: Ped Xing Boy|32\/100|[from] drain|[of] p2a: Greninja\n|faint|p2a: Greninja\n|-end|p1a: Ped Xing Boy|Charge|[silent]\n|\n|win|Plobistinator\n|l|\u2606TietAsnee\n|l|\u2606Plobistinator\n|l| El Rey Primo\n|j|\u2606Plobistinator\n|player|p1|Plobistinator|baker\n","uploadtime":1701009328,"views":13,"p1id":"plobistinator","p2id":"tietasnee","formatid":"gen9anythinggoes","rating":0,"private":0,"password":""}