{"id":"gen9anythinggoes-1988704968","p1":"Efcfcd","p2":"LingLing007","format":"[Gen 9] Anything Goes","log":"|j|\u2606Efcfcd\n|j|\u2606LingLing007\n|t:|1699752840\n|gametype|singles\n|player|p1|Efcfcd|flannery|1219\n|player|p2|LingLing007|cynthia-masters2|1310\n|teamsize|p1|6\n|teamsize|p2|6\n|gen|9\n|tier|[Gen 9] Anything Goes\n|rated|\n|rule|HP Percentage Mod: HP is shown in percentages\n|rule|Endless Battle Clause: Forcing endless battles is banned\n|clearpoke\n|poke|p1|Mismagius, F|\n|poke|p1|Charizard, M|\n|poke|p1|Kommo-o, M|\n|poke|p1|Chesnaught, M|\n|poke|p1|Iron Bundle|\n|poke|p1|Espeon, F|\n|poke|p2|Scream Tail|\n|poke|p2|Slither Wing|\n|poke|p2|Sandy Shocks|\n|poke|p2|Brute Bonnet|\n|poke|p2|Roaring Moon|\n|poke|p2|Flutter Mane|\n|teampreview\n|inactive|Battle timer is ON: inactive players will automatically lose when time's up. (requested by LingLing007)\n|\n|t:|1699752846\n|start\n|switch|p1a: Espaty|Espeon, F, shiny|100\/100\n|switch|p2a: Sandy Shocks|Sandy Shocks|100\/100\n|-enditem|p2a: Sandy Shocks|Booster Energy\n|-activate|p2a: Sandy Shocks|ability: Protosynthesis|[fromitem]\n|-start|p2a: Sandy Shocks|protosynthesisspa\n|turn|1\n|\n|t:|1699752852\n|move|p1a: Espaty|Calm Mind|p1a: Espaty\n|-boost|p1a: Espaty|spa|1\n|-boost|p1a: Espaty|spd|1\n|move|p2a: Sandy Shocks|Earthquake|p1a: Espaty\n|-damage|p1a: Espaty|46\/100\n|\n|upkeep\n|turn|2\n|\n|t:|1699752860\n|move|p1a: Espaty|Substitute|p1a: Espaty\n|-start|p1a: Espaty|Substitute\n|-damage|p1a: Espaty|21\/100\n|move|p2a: Sandy Shocks|Earthquake|p1a: Espaty\n|-end|p1a: Espaty|Substitute\n|\n|upkeep\n|turn|3\n|\n|t:|1699752866\n|move|p1a: Espaty|Shadow Ball|p2a: Sandy Shocks\n|-damage|p2a: Sandy Shocks|18\/100\n|-damage|p1a: Espaty|11\/100|[from] item: Life Orb\n|move|p2a: Sandy Shocks|Earthquake|p1a: Espaty\n|-damage|p1a: Espaty|0 fnt\n|faint|p1a: Espaty\n|\n|upkeep\n|\n|t:|1699752882\n|switch|p1a: Chesdel|Chesnaught, M|100\/100\n|turn|4\n|\n|t:|1699752906\n|move|p2a: Sandy Shocks|Discharge|p1a: Chesdel\n|-resisted|p1a: Chesdel\n|-damage|p1a: Chesdel|72\/100\n|move|p1a: Chesdel|Iron Defense|p1a: Chesdel\n|-boost|p1a: Chesdel|def|2\n|\n|-heal|p1a: Chesdel|78\/100|[from] item: Leftovers\n|upkeep\n|turn|5\n|\n|t:|1699752914\n|move|p2a: Sandy Shocks|Screech|p1a: Chesdel\n|-unboost|p1a: Chesdel|def|2\n|move|p1a: Chesdel|Bulk Up|p1a: Chesdel\n|-boost|p1a: Chesdel|atk|1\n|-boost|p1a: Chesdel|def|1\n|\n|-heal|p1a: Chesdel|84\/100|[from] item: Leftovers\n|upkeep\n|turn|6\n|\n|t:|1699752921\n|move|p2a: Sandy Shocks|Screech|p1a: Chesdel\n|-unboost|p1a: Chesdel|def|2\n|move|p1a: Chesdel|Trailblaze|p2a: Sandy Shocks\n|-supereffective|p2a: Sandy Shocks\n|-damage|p2a: Sandy Shocks|0 fnt\n|-boost|p1a: Chesdel|spe|1\n|faint|p2a: Sandy Shocks\n|-end|p2a: Sandy Shocks|Protosynthesis|[silent]\n|\n|-heal|p1a: Chesdel|90\/100|[from] item: Leftovers\n|upkeep\n|\n|t:|1699752931\n|switch|p2a: Slither Wing|Slither Wing|100\/100\n|-enditem|p2a: Slither Wing|Booster Energy\n|-activate|p2a: Slither Wing|ability: Protosynthesis|[fromitem]\n|-start|p2a: Slither Wing|protosynthesisatk\n|turn|7\n|\n|t:|1699752935\n|move|p2a: Slither Wing|First Impression|p1a: Chesdel\n|-damage|p1a: Chesdel|15\/100\n|move|p1a: Chesdel|Iron Defense|p1a: Chesdel\n|-boost|p1a: Chesdel|def|2\n|\n|-heal|p1a: Chesdel|21\/100|[from] item: Leftovers\n|upkeep\n|turn|8\n|\n|t:|1699752944\n|-terastallize|p1a: Chesdel|Fighting\n|move|p2a: Slither Wing|Acrobatics|p1a: Chesdel\n|-supereffective|p1a: Chesdel\n|-damage|p1a: Chesdel|0 fnt\n|faint|p1a: Chesdel\n|\n|upkeep\n|\n|t:|1699752956\n|switch|p1a: Charbriel|Charizard, M|100\/100\n|turn|9\n|\n|t:|1699752962\n|move|p1a: Charbriel|Belly Drum|p1a: Charbriel\n|-damage|p1a: Charbriel|50\/100\n|-setboost|p1a: Charbriel|atk|6|[from] move: Belly Drum\n|-enditem|p1a: Charbriel|Sitrus Berry|[eat]\n|-heal|p1a: Charbriel|75\/100|[from] item: Sitrus Berry\n|move|p2a: Slither Wing|Wild Charge|p1a: Charbriel\n|-supereffective|p1a: Charbriel\n|-damage|p1a: Charbriel|0 fnt\n|faint|p1a: Charbriel\n|-damage|p2a: Slither Wing|82\/100|[from] Recoil\n|\n|upkeep\n|\n|t:|1699752973\n|switch|p1a: Calbundle|Iron Bundle|100\/100\n|turn|10\n|\n|t:|1699752978\n|move|p1a: Calbundle|Air Cutter|p2a: Slither Wing\n|-supereffective|p2a: Slither Wing\n|-damage|p2a: Slither Wing|0 fnt\n|faint|p2a: Slither Wing\n|-end|p2a: Slither Wing|Protosynthesis|[silent]\n|\n|upkeep\n|\n|t:|1699752988\n|switch|p2a: Brute Bonnet|Brute Bonnet|100\/100\n|turn|11\n|\n|t:|1699752992\n|move|p1a: Calbundle|Air Cutter|p2a: Brute Bonnet\n|-supereffective|p2a: Brute Bonnet\n|-crit|p2a: Brute Bonnet\n|-damage|p2a: Brute Bonnet|11\/100\n|move|p2a: Brute Bonnet|Spore|p1a: Calbundle\n|-status|p1a: Calbundle|slp|[from] move: Spore\n|\n|upkeep\n|turn|12\n|\n|t:|1699752999\n|-end|p1a: Calbundle|Quark Drive|[silent]\n|switch|p1a: Masmo-o|Kommo-o, M, shiny|100\/100\n|move|p2a: Brute Bonnet|Trailblaze|p1a: Masmo-o\n|-resisted|p1a: Masmo-o\n|-damage|p1a: Masmo-o|89\/100\n|-boost|p2a: Brute Bonnet|spe|1\n|-damage|p2a: Brute Bonnet|0 fnt|[from] item: Rocky Helmet|[of] p1a: Masmo-o\n|faint|p2a: Brute Bonnet\n|-end|p2a: Brute Bonnet|Protosynthesis|[silent]\n|\n|upkeep\n|\n|t:|1699753007\n|switch|p2a: Flutter Mane|Flutter Mane|100\/100\n|-enditem|p2a: Flutter Mane|Booster Energy\n|-activate|p2a: Flutter Mane|ability: Protosynthesis|[fromitem]\n|-start|p2a: Flutter Mane|protosynthesisspe\n|turn|13\n|\n|t:|1699753014\n|move|p2a: Flutter Mane|Moonblast|p1a: Masmo-o\n|-supereffective|p1a: Masmo-o\n|-damage|p1a: Masmo-o|0 fnt\n|faint|p1a: Masmo-o\n|\n|upkeep\n|\n|t:|1699753019\n|switch|p1a: Moriah|Mismagius, F|100\/100\n|turn|14\n|\n|t:|1699753023\n|-terastallize|p2a: Flutter Mane|Normal\n|move|p2a: Flutter Mane|Dark Pulse|p1a: Moriah\n|-supereffective|p1a: Moriah\n|-damage|p1a: Moriah|29\/100\n|move|p1a: Moriah|Shadow Ball|p2a: Flutter Mane\n|-immune|p2a: Flutter Mane\n|\n|upkeep\n|turn|15\n|-message|Efcfcd forfeited.\n|\n|win|LingLing007\n|raw|Efcfcd's rating: 1219 &rarr; <strong>1200<\/strong><br \/>(-19 for losing)\n|raw|LingLing007's rating: 1310 &rarr; <strong>1325<\/strong><br \/>(+15 for winning)\n|l|\u2606Efcfcd\n|c|\u2606LingLing007|heehee\n","uploadtime":1699753036,"views":12,"p1id":"efcfcd","p2id":"lingling007","formatid":"gen9anythinggoes","rating":1200,"private":0,"password":""}