{"id":"gen9anythinggoes-1971466516","p1":"akejdokasu","p2":"Eris7266","format":"[Gen 9] Anything Goes","log":"|j|\u2606akejdokasu\n|j|\u2606Eris7266\n|t:|1697740717\n|gametype|singles\n|player|p1|akejdokasu|fisherman-gen4|\n|player|p2|Eris7266|iris-gen5bw2|\n|teamsize|p1|6\n|teamsize|p2|6\n|gen|9\n|tier|[Gen 9] Anything Goes\n|rule|HP Percentage Mod: HP is shown in percentages\n|rule|Endless Battle Clause: Forcing endless battles is banned\n|clearpoke\n|poke|p1|Basculegion, M|\n|poke|p1|Urshifu-*, F|\n|poke|p1|Iron Hands|\n|poke|p1|Kingambit, M|\n|poke|p1|Kommo-o, M|\n|poke|p1|Samurott-Hisui, F|\n|poke|p2|Dondozo, M|\n|poke|p2|Ceruledge, F|\n|poke|p2|Ninetales-Alola, M|\n|poke|p2|Arceus-Grass|\n|poke|p2|Garchomp, M|\n|poke|p2|Regieleki|\n|teampreview\n|\n|t:|1697740737\n|start\n|switch|p1a: Samurai jack|Samurott-Hisui, F|100\/100\n|switch|p2a: Regieleki|Regieleki|100\/100\n|turn|1\n|\n|t:|1697740752\n|switch|p1a: Him|Kommo-o, M|100\/100\n|move|p2a: Regieleki|Volt Switch|p1a: Him\n|-resisted|p1a: Him\n|-damage|p1a: Him|83\/100\n|\n|t:|1697740777\n|switch|p2a: Arceus|Arceus-Grass|100\/100|[from] Volt Switch\n|\n|upkeep\n|turn|2\n|\n|t:|1697740783\n|move|p2a: Arceus|Calm Mind|p2a: Arceus\n|-boost|p2a: Arceus|spa|1\n|-boost|p2a: Arceus|spd|1\n|move|p1a: Him|Bulk Up|p1a: Him\n|-boost|p1a: Him|atk|1\n|-boost|p1a: Him|def|1\n|\n|upkeep\n|turn|3\n|\n|t:|1697740801\n|move|p2a: Arceus|Ice Beam|p1a: Him\n|-supereffective|p1a: Him\n|-damage|p1a: Him|0 fnt\n|faint|p1a: Him\n|\n|upkeep\n|\n|t:|1697740811\n|switch|p1a: Iron Hands|Iron Hands|100\/100\n|turn|4\n|\n|t:|1697740823\n|move|p2a: Arceus|Giga Drain|p1a: Iron Hands\n|-damage|p1a: Iron Hands|46\/100\n|move|p1a: Iron Hands|Close Combat|p2a: Arceus\n|-damage|p2a: Arceus|58\/100\n|-unboost|p1a: Iron Hands|def|1\n|-unboost|p1a: Iron Hands|spd|1\n|\n|upkeep\n|turn|5\n|\n|t:|1697740857\n|move|p2a: Arceus|Giga Drain|p1a: Iron Hands\n|-damage|p1a: Iron Hands|0 fnt\n|-heal|p2a: Arceus|81\/100|[from] drain|[of] p1a: Iron Hands\n|faint|p1a: Iron Hands\n|-end|p1a: Iron Hands|Quark Drive|[silent]\n|\n|upkeep\n|\n|t:|1697740865\n|switch|p1a: Old geezer|Kingambit, M|100\/100\n|turn|6\n|\n|t:|1697740874\n|move|p2a: Arceus|Ice Beam|p1a: Old geezer\n|-resisted|p1a: Old geezer\n|-damage|p1a: Old geezer|75\/100\n|-enditem|p1a: Old geezer|Red Card|[of] p2a: Arceus\n|drag|p2a: Dondozo|Dondozo, M|100\/100\n|move|p1a: Old geezer|Thunder Wave|p2a: Dondozo\n|-status|p2a: Dondozo|par\n|\n|upkeep\n|turn|7\n|\n|t:|1697740892\n|switch|p1a: Hippi|Urshifu-Rapid-Strike, F|100\/100\n|move|p2a: Dondozo|Yawn|p1a: Hippi\n|-start|p1a: Hippi|move: Yawn|[of] p2a: Dondozo\n|\n|upkeep\n|turn|8\n|\n|t:|1697740913\n|switch|p2a: Regieleki|Regieleki|100\/100\n|move|p1a: Hippi|Bulk Up|p1a: Hippi\n|-boost|p1a: Hippi|atk|1\n|-boost|p1a: Hippi|def|1\n|\n|-end|p1a: Hippi|move: Yawn|[silent]\n|-status|p1a: Hippi|slp\n|upkeep\n|turn|9\n|\n|t:|1697740926\n|move|p2a: Regieleki|Electro Ball|p1a: Hippi\n|-supereffective|p1a: Hippi\n|-damage|p1a: Hippi|0 fnt\n|faint|p1a: Hippi\n|\n|upkeep\n|\n|t:|1697740933\n|switch|p1a: Old geezer|Kingambit, M|75\/100\n|turn|10\n|\n|t:|1697740946\n|move|p2a: Regieleki|Volt Switch|p1a: Old geezer\n|-damage|p1a: Old geezer|28\/100\n|\n|t:|1697740951\n|switch|p2a: Garchomp|Garchomp, M|100\/100|[from] Volt Switch\n|move|p1a: Old geezer|Steel Beam|p2a: Garchomp\n|-crit|p2a: Garchomp\n|-damage|p2a: Garchomp|28\/100\n|-damage|p1a: Old geezer|0 fnt|[from] steelbeam\n|faint|p1a: Old geezer\n|\n|upkeep\n|\n|t:|1697740961\n|switch|p1a: Big angry fish|Basculegion, M|100\/100\n|-ability|p1a: Big angry fish|Mold Breaker\n|turn|11\n|\n|t:|1697740989\n|switch|p2a: Arceus|Arceus-Grass|81\/100\n|move|p1a: Big angry fish|Ice Beam|p2a: Arceus\n|-supereffective|p2a: Arceus\n|-damage|p2a: Arceus|54\/100\n|-damage|p1a: Big angry fish|91\/100|[from] item: Life Orb\n|\n|upkeep\n|turn|12\n|\n|t:|1697740999\n|move|p2a: Arceus|Giga Drain|p1a: Big angry fish\n|-supereffective|p1a: Big angry fish\n|-damage|p1a: Big angry fish|0 fnt\n|-heal|p2a: Arceus|92\/100|[from] drain|[of] p1a: Big angry fish\n|faint|p1a: Big angry fish\n|\n|upkeep\n|\n|t:|1697741006\n|switch|p1a: Samurai jack|Samurott-Hisui, F|100\/100\n|turn|13\n|\n|t:|1697741013\n|-terastallize|p1a: Samurai jack|Water\n|move|p2a: Arceus|Giga Drain|p1a: Samurai jack\n|-supereffective|p1a: Samurai jack\n|-damage|p1a: Samurai jack|0 fnt\n|-heal|p2a: Arceus|100\/100|[from] drain|[of] p1a: Samurai jack\n|faint|p1a: Samurai jack\n|\n|win|Eris7266\n|l|\u2606akejdokasu\n|player|p2|Eris7266|iris-gen5bw2\n","uploadtime":1697741287,"views":8,"p1id":"akejdokasu","p2id":"eris7266","formatid":"gen9anythinggoes","rating":0,"private":0,"password":""}