{"id":"gen9anythinggoes-1977959634","p1":"Key253","p2":"BananaBusCrew3","format":"[Gen 9] Anything Goes","log":"|j|\u2606Key253\n|j|\u2606BananaBusCrew3\n|t:|1698473387\n|gametype|singles\n|player|p1|Key253|hooligans|1153\n|player|p2|BananaBusCrew3|101|1000\n|teamsize|p1|6\n|teamsize|p2|6\n|gen|9\n|tier|[Gen 9] Anything Goes\n|rated|\n|rule|HP Percentage Mod: HP is shown in percentages\n|rule|Endless Battle Clause: Forcing endless battles is banned\n|clearpoke\n|poke|p1|Ting-Lu|\n|poke|p1|Palafin, M|\n|poke|p1|Maushold|\n|poke|p1|Skeledirge, M|\n|poke|p1|Breloom, M|\n|poke|p1|Dragonite, F|\n|poke|p2|Decidueye-Hisui, M|\n|poke|p2|Braviary, M|\n|poke|p2|Greninja-*, M|\n|poke|p2|Iron Treads|\n|poke|p2|Klawf, M|\n|poke|p2|Skeledirge, M|\n|teampreview\n|\n|t:|1698473423\n|start\n|switch|p1a: Dragonite|Dragonite, F|100\/100\n|switch|p2a: BasicallyIDoWrk|Greninja, M, shiny|100\/100\n|turn|1\n|inactive|Battle timer is ON: inactive players will automatically lose when time's up. (requested by Key253)\n|\n|t:|1698473430\n|move|p2a: BasicallyIDoWrk|Ice Beam|p1a: Dragonite\n|-start|p2a: BasicallyIDoWrk|typechange|Ice|[from] ability: Protean\n|-supereffective|p1a: Dragonite\n|-damage|p1a: Dragonite|0 fnt\n|faint|p1a: Dragonite\n|\n|upkeep\n|\n|t:|1698473438\n|switch|p1a: Breloom|Breloom, M|100\/100\n|turn|2\n|\n|t:|1698473443\n|switch|p2a: VanossGaming|Decidueye-Hisui, M, shiny|100\/100\n|move|p1a: Breloom|Spore|p2a: VanossGaming\n|-immune|p2a: VanossGaming\n|\n|-status|p1a: Breloom|tox|[from] item: Toxic Orb\n|upkeep\n|turn|3\n|\n|t:|1698473452\n|move|p1a: Breloom|Substitute|p1a: Breloom\n|-start|p1a: Breloom|Substitute\n|-damage|p1a: Breloom|75\/100 tox\n|move|p2a: VanossGaming|Triple Arrows|p1a: Breloom\n|-end|p1a: Breloom|Substitute\n|\n|-heal|p1a: Breloom|88\/100 tox|[from] ability: Poison Heal\n|upkeep\n|turn|4\n|\n|t:|1698473465\n|switch|p1a: Skeledirge|Skeledirge, M|100\/100\n|move|p2a: VanossGaming|Triple Arrows|p1a: Skeledirge\n|-crit|p1a: Skeledirge\n|-damage|p1a: Skeledirge|59\/100\n|\n|upkeep\n|turn|5\n|\n|t:|1698473475\n|switch|p2a: BasicallyIDoWrk|Greninja, M, shiny|100\/100\n|move|p1a: Skeledirge|Will-O-Wisp|p2a: BasicallyIDoWrk\n|-status|p2a: BasicallyIDoWrk|brn\n|\n|-damage|p2a: BasicallyIDoWrk|95\/100 brn|[from] brn\n|upkeep\n|turn|6\n|\n|t:|1698473489\n|switch|p1a: Maushold|Maushold|100\/100\n|move|p2a: BasicallyIDoWrk|Dark Pulse|p1a: Maushold\n|-start|p2a: BasicallyIDoWrk|typechange|Dark|[from] ability: Protean\n|-damage|p1a: Maushold|27\/100\n|\n|-damage|p2a: BasicallyIDoWrk|89\/100 brn|[from] brn\n|upkeep\n|turn|7\n|\n|t:|1698473502\n|switch|p2a: SilentDroid|Skeledirge, M, shiny|100\/100\n|move|p1a: Maushold|Population Bomb|p2a: SilentDroid\n|-immune|p2a: SilentDroid\n|\n|upkeep\n|turn|8\n|\n|t:|1698473510\n|switch|p1a: Breloom|Breloom, M|88\/100 tox\n|move|p2a: SilentDroid|Torch Song|p1a: Breloom\n|-supereffective|p1a: Breloom\n|-damage|p1a: Breloom|24\/100 tox\n|-boost|p2a: SilentDroid|spa|1\n|\n|-heal|p1a: Breloom|36\/100 tox|[from] ability: Poison Heal\n|upkeep\n|turn|9\n|\n|t:|1698473519\n|switch|p2a: VanossGaming|Decidueye-Hisui, M, shiny|100\/100\n|move|p1a: Breloom|Spore|p2a: VanossGaming\n|-immune|p2a: VanossGaming\n|\n|-heal|p1a: Breloom|49\/100 tox|[from] ability: Poison Heal\n|upkeep\n|turn|10\n|\n|t:|1698473528\n|switch|p1a: Ting-Lu|Ting-Lu|100\/100\n|-ability|p1a: Ting-Lu|Vessel of Ruin\n|move|p2a: VanossGaming|Triple Arrows|p1a: Ting-Lu\n|-supereffective|p1a: Ting-Lu\n|-crit|p1a: Ting-Lu\n|-damage|p1a: Ting-Lu|21\/100\n|\n|-heal|p1a: Ting-Lu|27\/100|[from] item: Leftovers\n|upkeep\n|turn|11\n|\n|t:|1698473541\n|move|p2a: VanossGaming|Triple Arrows|p1a: Ting-Lu\n|-supereffective|p1a: Ting-Lu\n|-crit|p1a: Ting-Lu\n|-damage|p1a: Ting-Lu|0 fnt\n|faint|p1a: Ting-Lu\n|\n|upkeep\n|\n|t:|1698473551\n|switch|p1a: Maushold|Maushold|27\/100\n|turn|12\n|\n|t:|1698473555\n|move|p2a: VanossGaming|Sucker Punch|p1a: Maushold\n|-damage|p1a: Maushold|0 fnt\n|faint|p1a: Maushold\n|\n|upkeep\n|\n|t:|1698473559\n|switch|p1a: All Might|Palafin, M|100\/100\n|turn|13\n|\n|t:|1698473563\n|detailschange|p1a: All Might|Palafin-Hero, M\n|switch|p1a: Skeledirge|Skeledirge, M|59\/100\n|move|p2a: VanossGaming|Triple Arrows|p1a: Skeledirge\n|-crit|p1a: Skeledirge\n|-damage|p1a: Skeledirge|18\/100\n|\n|upkeep\n|turn|14\n|\n|t:|1698473578\n|switch|p2a: BasicallyIDoWrk|Greninja, M, shiny|89\/100 brn\n|move|p1a: Skeledirge|Torch Song|p2a: BasicallyIDoWrk\n|-resisted|p2a: BasicallyIDoWrk\n|-damage|p2a: BasicallyIDoWrk|66\/100 brn\n|-boost|p1a: Skeledirge|spa|1\n|\n|-damage|p2a: BasicallyIDoWrk|60\/100 brn|[from] brn\n|upkeep\n|turn|15\n|\n|t:|1698473593\n|switch|p1a: Breloom|Breloom, M|49\/100 tox\n|move|p2a: BasicallyIDoWrk|Grass Knot|p1a: Breloom\n|-start|p2a: BasicallyIDoWrk|typechange|Grass|[from] ability: Protean\n|-resisted|p1a: Breloom\n|-damage|p1a: Breloom|27\/100 tox\n|\n|-heal|p1a: Breloom|40\/100 tox|[from] ability: Poison Heal\n|-damage|p2a: BasicallyIDoWrk|54\/100 brn|[from] brn\n|upkeep\n|turn|16\n|\n|t:|1698473604\n|move|p2a: BasicallyIDoWrk|Grass Knot|p1a: Breloom\n|-resisted|p1a: Breloom\n|-damage|p1a: Breloom|16\/100 tox\n|move|p1a: Breloom|Substitute|p1a: Breloom\n|-fail|p1a: Breloom|move: Substitute|[weak]\n|\n|-heal|p1a: Breloom|29\/100 tox|[from] ability: Poison Heal\n|-damage|p2a: BasicallyIDoWrk|48\/100 brn|[from] brn\n|upkeep\n|turn|17\n|\n|t:|1698473615\n|move|p2a: BasicallyIDoWrk|Grass Knot|p1a: Breloom\n|-resisted|p1a: Breloom\n|-damage|p1a: Breloom|6\/100 tox\n|move|p1a: Breloom|Leech Seed|p2a: BasicallyIDoWrk\n|-immune|p2a: BasicallyIDoWrk\n|\n|-heal|p1a: Breloom|19\/100 tox|[from] ability: Poison Heal\n|-damage|p2a: BasicallyIDoWrk|42\/100 brn|[from] brn\n|upkeep\n|turn|18\n|\n|t:|1698473624\n|switch|p1a: Skeledirge|Skeledirge, M|18\/100\n|move|p2a: BasicallyIDoWrk|Grass Knot|p1a: Skeledirge\n|-resisted|p1a: Skeledirge\n|-damage|p1a: Skeledirge|0 fnt\n|faint|p1a: Skeledirge\n|\n|-damage|p2a: BasicallyIDoWrk|36\/100 brn|[from] brn\n|upkeep\n|\n|t:|1698473632\n|switch|p1a: All Might|Palafin-Hero, M|100\/100\n|-activate|p1a: All Might|ability: Zero to Hero\n|turn|19\n|\n|t:|1698473639\n|move|p2a: BasicallyIDoWrk|Grass Knot|p1a: All Might\n|-supereffective|p1a: All Might\n|-damage|p1a: All Might|3\/100\n|move|p1a: All Might|Drain Punch|p2a: BasicallyIDoWrk\n|-damage|p2a: BasicallyIDoWrk|0 fnt\n|-heal|p1a: All Might|15\/100|[from] drain|[of] p2a: BasicallyIDoWrk\n|faint|p2a: BasicallyIDoWrk\n|\n|-heal|p1a: All Might|22\/100|[from] item: Leftovers\n|upkeep\n|\n|t:|1698473649\n|switch|p2a: SilentDroid|Skeledirge, M, shiny|100\/100\n|turn|20\n|\n|t:|1698473652\n|-terastallize|p1a: All Might|Water\n|move|p1a: All Might|Jet Punch|p2a: SilentDroid\n|-supereffective|p2a: SilentDroid\n|-damage|p2a: SilentDroid|31\/100\n|move|p2a: SilentDroid|Will-O-Wisp|p1a: All Might\n|-status|p1a: All Might|brn\n|\n|-heal|p1a: All Might|28\/100 brn|[from] item: Leftovers\n|-heal|p2a: SilentDroid|37\/100|[from] item: Leftovers\n|-damage|p1a: All Might|22\/100 brn|[from] brn\n|upkeep\n|turn|21\n|\n|t:|1698473665\n|move|p1a: All Might|Jet Punch|p2a: SilentDroid\n|-supereffective|p2a: SilentDroid\n|-damage|p2a: SilentDroid|3\/100\n|move|p2a: SilentDroid|Slack Off|p2a: SilentDroid\n|-heal|p2a: SilentDroid|53\/100\n|\n|-heal|p1a: All Might|28\/100 brn|[from] item: Leftovers\n|-heal|p2a: SilentDroid|59\/100|[from] item: Leftovers\n|-damage|p1a: All Might|22\/100 brn|[from] brn\n|upkeep\n|turn|22\n|\n|t:|1698473677\n|move|p1a: All Might|Jet Punch|p2a: SilentDroid\n|-supereffective|p2a: SilentDroid\n|-damage|p2a: SilentDroid|26\/100\n|move|p2a: SilentDroid|Earth Power|p1a: All Might\n|-damage|p1a: All Might|2\/100 brn\n|\n|-heal|p1a: All Might|8\/100 brn|[from] item: Leftovers\n|-heal|p2a: SilentDroid|32\/100|[from] item: Leftovers\n|-damage|p1a: All Might|2\/100 brn|[from] brn\n|upkeep\n|turn|23\n|\n|t:|1698473685\n|move|p1a: All Might|Jet Punch|p2a: SilentDroid\n|-supereffective|p2a: SilentDroid\n|-damage|p2a: SilentDroid|0 fnt\n|faint|p2a: SilentDroid\n|\n|-heal|p1a: All Might|8\/100 brn|[from] item: Leftovers\n|-damage|p1a: All Might|2\/100 brn|[from] brn\n|upkeep\n|\n|t:|1698473689\n|switch|p2a: VanossGaming|Decidueye-Hisui, M, shiny|100\/100\n|turn|24\n|\n|t:|1698473694\n|move|p1a: All Might|Jet Punch|p2a: VanossGaming\n|-resisted|p2a: VanossGaming\n|-damage|p2a: VanossGaming|85\/100\n|move|p2a: VanossGaming|Sucker Punch||[still]\n|-fail|p2a: VanossGaming\n|\n|-heal|p1a: All Might|8\/100 brn|[from] item: Leftovers\n|-damage|p1a: All Might|2\/100 brn|[from] brn\n|upkeep\n|turn|25\n|\n|t:|1698473704\n|move|p1a: All Might|Jet Punch|p2a: VanossGaming\n|-resisted|p2a: VanossGaming\n|-damage|p2a: VanossGaming|70\/100\n|move|p2a: VanossGaming|Leaf Blade|p1a: All Might\n|-supereffective|p1a: All Might\n|-crit|p1a: All Might\n|-damage|p1a: All Might|0 fnt\n|faint|p1a: All Might\n|\n|upkeep\n|\n|t:|1698473712\n|switch|p1a: Breloom|Breloom, M|19\/100 tox\n|turn|26\n|\n|t:|1698473715\n|-singleturn|p1a: Breloom|move: Focus Punch\n|move|p2a: VanossGaming|Triple Arrows|p1a: Breloom\n|-damage|p1a: Breloom|0 fnt\n|faint|p1a: Breloom\n|\n|win|BananaBusCrew3\n|raw|Key253's rating: 1153 &rarr; <strong>1118<\/strong><br \/>(-35 for losing)\n|raw|BananaBusCrew3's rating: 1000 &rarr; <strong>1057<\/strong><br \/>(+57 for winning)\n","uploadtime":1698473724,"views":12,"p1id":"key253","p2id":"bananabuscrew3","formatid":"gen9anythinggoes","rating":1057,"private":0,"password":""}