{"id":"gen9anythinggoes-1979578647","p1":"fhsgjgfpe0ega","p2":"setharonishiny","format":"[Gen 9] Anything Goes","log":"|j|\u2606fhsgjgfpe0ega\n|j|\u2606setharonishiny\n|t:|1698693847\n|gametype|singles\n|player|p1|fhsgjgfpe0ega|irida|1000\n|player|p2|setharonishiny|salvatore|1092\n|teamsize|p1|6\n|teamsize|p2|6\n|gen|9\n|tier|[Gen 9] Anything Goes\n|rated|\n|rule|HP Percentage Mod: HP is shown in percentages\n|rule|Endless Battle Clause: Forcing endless battles is banned\n|clearpoke\n|poke|p1|Espathra, F|\n|poke|p1|Flutter Mane|\n|poke|p1|Chien-Pao|\n|poke|p1|Hatterene, F|\n|poke|p1|Miraidon|\n|poke|p1|Koraidon|\n|poke|p2|Magcargo, F|\n|poke|p2|Noivern, F|\n|poke|p2|Kilowattrel, F|\n|poke|p2|Dusknoir, F|\n|poke|p2|Arbok, F|\n|poke|p2|Houndoom, F|\n|teampreview\n|inactive|Battle timer is ON: inactive players will automatically lose when time's up. (requested by setharonishiny)\n|inactive|fhsgjgfpe0ega also wants the timer to be on.\n|inactive|fhsgjgfpe0ega has 120 seconds left.\n|\n|t:|1698693887\n|start\n|switch|p1a: Koraidon|Koraidon|100\/100\n|switch|p2a: Magcargo|Magcargo, F, shiny|100\/100\n|-weather|SunnyDay|[from] ability: Orichalcum Pulse|[of] p1a: Koraidon\n|-activate|p1a: Koraidon|Orichalcum Pulse|[source]\n|turn|1\n|\n|t:|1698693908\n|move|p1a: Koraidon|Swords Dance|p1a: Koraidon\n|-boost|p1a: Koraidon|atk|2\n|move|p2a: Magcargo|Shell Smash|p2a: Magcargo\n|-unboost|p2a: Magcargo|def|1\n|-unboost|p2a: Magcargo|spd|1\n|-boost|p2a: Magcargo|atk|2\n|-boost|p2a: Magcargo|spa|2\n|-boost|p2a: Magcargo|spe|2\n|-enditem|p2a: Magcargo|White Herb\n|-clearnegativeboost|p2a: Magcargo|[silent]\n|\n|-weather|SunnyDay|[upkeep]\n|upkeep\n|turn|2\n|\n|t:|1698693920\n|move|p1a: Koraidon|Collision Course|p2a: Magcargo\n|-supereffective|p2a: Magcargo\n|-damage|p2a: Magcargo|0 fnt\n|faint|p2a: Magcargo\n|\n|-weather|SunnyDay|[upkeep]\n|upkeep\n|\n|t:|1698693931\n|switch|p2a: Dusknoir|Dusknoir, F, shiny|100\/100\n|-ability|p2a: Dusknoir|Pressure\n|turn|3\n|\n|t:|1698693955\n|move|p1a: Koraidon|Dragon Claw|p2a: Dusknoir\n|-damage|p2a: Dusknoir|0 fnt\n|faint|p2a: Dusknoir\n|\n|-weather|SunnyDay|[upkeep]\n|upkeep\n|\n|t:|1698693963\n|switch|p2a: Noivern|Noivern, F, shiny|100\/100\n|turn|4\n|\n|t:|1698693976\n|move|p1a: Koraidon|Dragon Claw|p2a: Noivern\n|-supereffective|p2a: Noivern\n|-damage|p2a: Noivern|0 fnt\n|faint|p2a: Noivern\n|\n|-weather|SunnyDay|[upkeep]\n|upkeep\n|\n|t:|1698693982\n|switch|p2a: Kilowattrel|Kilowattrel, F, shiny|100\/100\n|turn|5\n|\n|t:|1698693991\n|move|p1a: Koraidon|Dragon Claw|p2a: Kilowattrel\n|-damage|p2a: Kilowattrel|0 fnt\n|faint|p2a: Kilowattrel\n|\n|-weather|none\n|upkeep\n|\n|t:|1698694001\n|switch|p2a: Arbok|Arbok, F, shiny|100\/100\n|-ability|p2a: Arbok|Unnerve\n|turn|6\n|\n|t:|1698694012\n|move|p2a: Arbok|Sucker Punch|p1a: Koraidon\n|-resisted|p1a: Koraidon\n|-damage|p1a: Koraidon|94\/100\n|move|p1a: Koraidon|Dragon Claw|p2a: Arbok\n|-damage|p2a: Arbok|0 fnt\n|faint|p2a: Arbok\n|\n|-heal|p1a: Koraidon|99\/100|[from] item: Leftovers\n|upkeep\n|\n|t:|1698694019\n|switch|p2a: Houndoom|Houndoom, F, shiny|100\/100\n|turn|7\n|\n|t:|1698694025\n|-terastallize|p2a: Houndoom|Ice\n|move|p1a: Koraidon|Collision Course|p2a: Houndoom\n|-supereffective|p2a: Houndoom\n|-damage|p2a: Houndoom|0 fnt\n|faint|p2a: Houndoom\n|\n|win|fhsgjgfpe0ega\n|raw|fhsgjgfpe0ega's rating: 1000 &rarr; <strong>1050<\/strong><br \/>(+50 for winning)\n|raw|setharonishiny's rating: 1092 &rarr; <strong>1062<\/strong><br \/>(-30 for losing)\n|c|\u2606setharonishiny|WHY\n|l|\u2606setharonishiny\n","uploadtime":1698694043,"views":31,"p1id":"fhsgjgfpe0ega","p2id":"setharonishiny","formatid":"gen9anythinggoes","rating":1050,"private":0,"password":""}