{"id":"gen9anythinggoes-1983571008","p1":"Blue Sharpie 06","p2":"Sgamertv","format":"[Gen 9] Anything Goes","log":"|j|\u2606Blue Sharpie 06\n|j|\u2606Sgamertv\n|t:|1699144646\n|gametype|singles\n|player|p1|Blue Sharpie 06|giovanni|1492\n|player|p2|Sgamertv|cynthia|1448\n|teamsize|p1|6\n|teamsize|p2|6\n|gen|9\n|tier|[Gen 9] Anything Goes\n|rated|\n|rule|HP Percentage Mod: HP is shown in percentages\n|rule|Endless Battle Clause: Forcing endless battles is banned\n|clearpoke\n|poke|p1|Calyrex-Shadow|\n|poke|p1|Cyclizar, F|\n|poke|p1|Alomomola, F|\n|poke|p1|Annihilape, F|\n|poke|p1|Volcarona, F|\n|poke|p1|Arceus|\n|poke|p2|Torkoal, M|\n|poke|p2|Sandy Shocks|\n|poke|p2|Roaring Moon|\n|poke|p2|Dragonite, F|\n|poke|p2|Annihilape, M|\n|poke|p2|Walking Wake|\n|teampreview\n|inactive|Battle timer is ON: inactive players will automatically lose when time's up. (requested by Blue Sharpie 06)\n|c|\u2606Blue Sharpie 06|Hf\n|\n|t:|1699144667\n|start\n|switch|p1a: Cyclizar|Cyclizar, F, shiny|100\/100\n|switch|p2a: Torkoal|Torkoal, M|100\/100\n|-weather|SunnyDay|[from] ability: Drought|[of] p2a: Torkoal\n|turn|1\n|\n|t:|1699144685\n|move|p1a: Cyclizar|Shed Tail|p1a: Cyclizar\n|-start|p1a: Cyclizar|Substitute|[from] move: Shed Tail\n|-damage|p1a: Cyclizar|50\/100\n|\n|t:|1699144693\n|switch|p1a: Volcarona|Volcarona, F, shiny|100\/100|[from] Shed Tail\n|move|p2a: Torkoal|Stealth Rock|p1a: Volcarona\n|-sidestart|p1: Blue Sharpie 06|move: Stealth Rock\n|\n|-weather|SunnyDay|[upkeep]\n|upkeep\n|turn|2\n|\n|t:|1699144703\n|move|p1a: Volcarona|Quiver Dance|p1a: Volcarona\n|-boost|p1a: Volcarona|spa|1\n|-boost|p1a: Volcarona|spd|1\n|-boost|p1a: Volcarona|spe|1\n|move|p2a: Torkoal|Body Press|p1a: Volcarona\n|-resisted|p1a: Volcarona\n|-end|p1a: Volcarona|Substitute\n|\n|-weather|SunnyDay|[upkeep]\n|upkeep\n|turn|3\n|\n|t:|1699144722\n|move|p1a: Volcarona|Quiver Dance|p1a: Volcarona\n|-boost|p1a: Volcarona|spa|1\n|-boost|p1a: Volcarona|spd|1\n|-boost|p1a: Volcarona|spe|1\n|move|p2a: Torkoal|Body Press|p1a: Volcarona\n|-resisted|p1a: Volcarona\n|-damage|p1a: Volcarona|77\/100\n|\n|-weather|SunnyDay|[upkeep]\n|-heal|p1a: Volcarona|83\/100|[from] item: Leftovers\n|upkeep\n|turn|4\n|\n|t:|1699144734\n|move|p1a: Volcarona|Quiver Dance|p1a: Volcarona\n|-boost|p1a: Volcarona|spa|1\n|-boost|p1a: Volcarona|spd|1\n|-boost|p1a: Volcarona|spe|1\n|move|p2a: Torkoal|Body Press|p1a: Volcarona\n|-resisted|p1a: Volcarona\n|-damage|p1a: Volcarona|59\/100\n|\n|-weather|SunnyDay|[upkeep]\n|-heal|p1a: Volcarona|65\/100|[from] item: Leftovers\n|upkeep\n|turn|5\n|\n|t:|1699144746\n|move|p1a: Volcarona|Bug Buzz|p2a: Torkoal\n|-resisted|p2a: Torkoal\n|-damage|p2a: Torkoal|18\/100\n|move|p2a: Torkoal|Body Press|p1a: Volcarona\n|-resisted|p1a: Volcarona\n|-damage|p1a: Volcarona|41\/100\n|\n|-weather|SunnyDay|[upkeep]\n|-heal|p1a: Volcarona|47\/100|[from] item: Leftovers\n|upkeep\n|turn|6\n|\n|t:|1699144754\n|move|p1a: Volcarona|Fiery Dance|p2a: Torkoal\n|-resisted|p2a: Torkoal\n|-damage|p2a: Torkoal|0 fnt\n|-boost|p1a: Volcarona|spa|1\n|faint|p2a: Torkoal\n|\n|-weather|SunnyDay|[upkeep]\n|-heal|p1a: Volcarona|53\/100|[from] item: Leftovers\n|upkeep\n|\n|t:|1699144758\n|switch|p2a: Dragonite|Dragonite, F|100\/100\n|turn|7\n|\n|t:|1699144770\n|-terastallize|p2a: Dragonite|Normal\n|move|p2a: Dragonite|Extreme Speed|p1a: Volcarona\n|-damage|p1a: Volcarona|0 fnt\n|faint|p1a: Volcarona\n|\n|-weather|SunnyDay|[upkeep]\n|upkeep\n|\n|t:|1699144782\n|switch|p1a: Annihilape|Annihilape, F, shiny|100\/100\n|-damage|p1a: Annihilape|94\/100|[from] Stealth Rock\n|turn|8\n|\n|t:|1699144794\n|switch|p2a: Walking Wake|Walking Wake|100\/100\n|-activate|p2a: Walking Wake|ability: Protosynthesis\n|-start|p2a: Walking Wake|protosynthesisspa\n|move|p1a: Annihilape|Substitute|p1a: Annihilape\n|-start|p1a: Annihilape|Substitute\n|-damage|p1a: Annihilape|70\/100\n|\n|-weather|none\n|-end|p2a: Walking Wake|Protosynthesis\n|-heal|p1a: Annihilape|76\/100|[from] item: Leftovers\n|upkeep\n|turn|9\n|\n|t:|1699144803\n|move|p2a: Walking Wake|Hydro Steam|p1a: Annihilape\n|-end|p1a: Annihilape|Substitute\n|move|p1a: Annihilape|Bulk Up|p1a: Annihilape\n|-boost|p1a: Annihilape|atk|1\n|-boost|p1a: Annihilape|def|1\n|\n|-heal|p1a: Annihilape|82\/100|[from] item: Leftovers\n|upkeep\n|turn|10\n|\n|t:|1699144813\n|move|p2a: Walking Wake|Hydro Steam|p1a: Annihilape\n|-damage|p1a: Annihilape|22\/100\n|move|p1a: Annihilape|Close Combat|p2a: Walking Wake\n|-damage|p2a: Walking Wake|0 fnt\n|-unboost|p1a: Annihilape|def|1\n|-unboost|p1a: Annihilape|spd|1\n|faint|p2a: Walking Wake\n|-end|p2a: Walking Wake|Protosynthesis|[silent]\n|\n|-heal|p1a: Annihilape|28\/100|[from] item: Leftovers\n|upkeep\n|\n|t:|1699144820\n|switch|p2a: Sandy Shocks|Sandy Shocks|100\/100\n|turn|11\n|\n|t:|1699144828\n|move|p2a: Sandy Shocks|Thunderbolt|p1a: Annihilape\n|-damage|p1a: Annihilape|0 fnt\n|faint|p1a: Annihilape\n|\n|upkeep\n|\n|t:|1699144831\n|switch|p1a: Cyclizar|Cyclizar, F, shiny|83\/100\n|-damage|p1a: Cyclizar|71\/100|[from] Stealth Rock\n|turn|12\n|\n|t:|1699144836\n|move|p1a: Cyclizar|Shed Tail|p1a: Cyclizar\n|-start|p1a: Cyclizar|Substitute|[from] move: Shed Tail\n|-damage|p1a: Cyclizar|21\/100\n|\n|t:|1699144839\n|switch|p1a: Calyrex|Calyrex-Shadow|100\/100|[from] Shed Tail\n|-ability|p1a: Calyrex|As One\n|-ability|p1a: Calyrex|Unnerve\n|-damage|p1a: Calyrex|88\/100|[from] Stealth Rock\n|move|p2a: Sandy Shocks|Thunderbolt|p1a: Calyrex\n|-crit|p1a: Calyrex\n|-end|p1a: Calyrex|Substitute\n|\n|-heal|p1a: Calyrex|94\/100|[from] item: Leftovers\n|upkeep\n|turn|13\n|\n|t:|1699144865\n|-end|p2a: Sandy Shocks|Protosynthesis|[silent]\n|switch|p2a: Dragonite|Dragonite, F, tera:Normal|100\/100\n|move|p1a: Calyrex|Astral Barrage|p2a: Dragonite\n|-immune|p2a: Dragonite\n|\n|-heal|p1a: Calyrex|100\/100|[from] item: Leftovers\n|upkeep\n|turn|14\n|\n|t:|1699144872\n|switch|p1a: Alomomola|Alomomola, F, shiny|100\/100\n|-damage|p1a: Alomomola|88\/100|[from] Stealth Rock\n|move|p2a: Dragonite|Dragon Dance|p2a: Dragonite\n|-boost|p2a: Dragonite|atk|1\n|-boost|p2a: Dragonite|spe|1\n|\n|-heal|p1a: Alomomola|94\/100|[from] item: Leftovers\n|upkeep\n|turn|15\n|\n|t:|1699144883\n|move|p2a: Dragonite|Extreme Speed|p1a: Alomomola\n|-damage|p1a: Alomomola|58\/100\n|move|p1a: Alomomola|Scald|p2a: Dragonite\n|-damage|p2a: Dragonite|94\/100\n|\n|-heal|p1a: Alomomola|65\/100|[from] item: Leftovers\n|upkeep\n|turn|16\n|\n|t:|1699144891\n|switch|p2a: Sandy Shocks|Sandy Shocks|100\/100\n|move|p1a: Alomomola|Wish|p1a: Alomomola\n|\n|-heal|p1a: Alomomola|71\/100|[from] item: Leftovers\n|upkeep\n|turn|17\n|\n|t:|1699144897\n|switch|p1a: Cyclizar|Cyclizar, F, shiny|54\/100\n|-damage|p1a: Cyclizar|41\/100|[from] Stealth Rock\n|move|p2a: Sandy Shocks|Volt Switch|p1a: Cyclizar\n|-resisted|p1a: Cyclizar\n|-damage|p1a: Cyclizar|13\/100\n|\n|t:|1699144909\n|-end|p2a: Sandy Shocks|Protosynthesis|[silent]\n|switch|p2a: Dragonite|Dragonite, F, tera:Normal|94\/100|[from] Volt Switch\n|\n|-heal|p1a: Cyclizar|100\/100|[from] move: Wish|[wisher] Alomomola\n|upkeep\n|turn|18\n|\n|t:|1699144919\n|switch|p1a: Alomomola|Alomomola, F, shiny|100\/100\n|-damage|p1a: Alomomola|88\/100|[from] Stealth Rock\n|move|p2a: Dragonite|Dragon Dance|p2a: Dragonite\n|-boost|p2a: Dragonite|atk|1\n|-boost|p2a: Dragonite|spe|1\n|\n|-heal|p1a: Alomomola|94\/100|[from] item: Leftovers\n|upkeep\n|turn|19\n|\n|t:|1699144927\n|switch|p2a: Annihilape|Annihilape, M|100\/100\n|move|p1a: Alomomola|Scald|p2a: Annihilape\n|-damage|p2a: Annihilape|92\/100\n|\n|-heal|p1a: Alomomola|100\/100|[from] item: Leftovers\n|upkeep\n|turn|20\n|\n|t:|1699144939\n|move|p2a: Annihilape|Bulk Up|p2a: Annihilape\n|-boost|p2a: Annihilape|atk|1\n|-boost|p2a: Annihilape|def|1\n|move|p1a: Alomomola|Flip Turn|p2a: Annihilape\n|-crit|p2a: Annihilape\n|-damage|p2a: Annihilape|69\/100\n|\n|t:|1699144948\n|switch|p1a: Cyclizar|Cyclizar, F, shiny|100\/100|[from] Flip Turn\n|-damage|p1a: Cyclizar|88\/100|[from] Stealth Rock\n|\n|upkeep\n|turn|21\n|\n|t:|1699144954\n|move|p1a: Cyclizar|Shed Tail|p1a: Cyclizar\n|-start|p1a: Cyclizar|Substitute|[from] move: Shed Tail\n|-damage|p1a: Cyclizar|38\/100\n|\n|t:|1699144956\n|switch|p1a: Calyrex|Calyrex-Shadow|100\/100|[from] Shed Tail\n|-ability|p1a: Calyrex|As One\n|-ability|p1a: Calyrex|Unnerve\n|-damage|p1a: Calyrex|88\/100|[from] Stealth Rock\n|move|p2a: Annihilape|Drain Punch|p1a: Calyrex\n|-immune|p1a: Calyrex\n|\n|-heal|p1a: Calyrex|94\/100|[from] item: Leftovers\n|upkeep\n|turn|22\n|\n|t:|1699144968\n|switch|p2a: Roaring Moon|Roaring Moon|100\/100\n|move|p1a: Calyrex|Astral Barrage|p2a: Roaring Moon\n|-resisted|p2a: Roaring Moon\n|-damage|p2a: Roaring Moon|66\/100\n|\n|-heal|p1a: Calyrex|100\/100|[from] item: Leftovers\n|upkeep\n|turn|23\n|\n|t:|1699144977\n|move|p1a: Calyrex|Draining Kiss|p2a: Roaring Moon\n|-supereffective|p2a: Roaring Moon\n|-damage|p2a: Roaring Moon|0 fnt\n|faint|p2a: Roaring Moon\n|-end|p2a: Roaring Moon|Protosynthesis|[silent]\n|-ability|p1a: Calyrex|Grim Neigh|boost\n|-boost|p1a: Calyrex|spa|1\n|\n|upkeep\n|\n|t:|1699144993\n|switch|p2a: Dragonite|Dragonite, F, tera:Normal|94\/100\n|turn|24\n|\n|t:|1699145001\n|-terastallize|p1a: Calyrex|Fighting\n|move|p1a: Calyrex|Tera Blast|p2a: Dragonite|[anim] Tera Blast Fighting\n|-supereffective|p2a: Dragonite\n|-damage|p2a: Dragonite|0 fnt\n|faint|p2a: Dragonite\n|-ability|p1a: Calyrex|Grim Neigh|boost\n|-boost|p1a: Calyrex|spa|1\n|\n|upkeep\n|\n|t:|1699145008\n|switch|p2a: Annihilape|Annihilape, M|69\/100\n|turn|25\n|\n|t:|1699145011\n|move|p1a: Calyrex|Astral Barrage|p2a: Annihilape\n|-supereffective|p2a: Annihilape\n|-damage|p2a: Annihilape|0 fnt\n|faint|p2a: Annihilape\n|-ability|p1a: Calyrex|Grim Neigh|boost\n|-boost|p1a: Calyrex|spa|1\n|\n|upkeep\n|\n|t:|1699145016\n|switch|p2a: Sandy Shocks|Sandy Shocks|100\/100\n|turn|26\n|\n|t:|1699145021\n|move|p2a: Sandy Shocks|Flash Cannon|p1a: Calyrex\n|-end|p1a: Calyrex|Substitute\n|move|p1a: Calyrex|Astral Barrage|p2a: Sandy Shocks\n|-damage|p2a: Sandy Shocks|0 fnt\n|faint|p2a: Sandy Shocks\n|-end|p2a: Sandy Shocks|Protosynthesis|[silent]\n|\n|win|Blue Sharpie 06\n|raw|Blue Sharpie 06's rating: 1492 &rarr; <strong>1509<\/strong><br \/>(+17 for winning)\n|raw|Sgamertv's rating: 1448 &rarr; <strong>1431<\/strong><br \/>(-17 for losing)\n|c|\u2606Sgamertv|gg\n|c|\u2606Blue Sharpie 06|Gg\n|l|\u2606Sgamertv\n","uploadtime":1699145037,"views":16,"p1id":"bluesharpie06","p2id":"sgamertv","formatid":"gen9anythinggoes","rating":1431,"private":0,"password":""}