{"id":"gen9anythinggoes-1993586157","p1":"tinytoonlink97","p2":"Nrox","format":"[Gen 9] Anything Goes","log":"|j|\u2606tinytoonlink97\n|j|\u2606Nrox\n|t:|1700334619\n|gametype|singles\n|player|p1|tinytoonlink97|ethan|\n|player|p2|Nrox|n|\n|teamsize|p1|6\n|teamsize|p2|6\n|gen|9\n|tier|[Gen 9] Anything Goes\n|rule|HP Percentage Mod: HP is shown in percentages\n|rule|Endless Battle Clause: Forcing endless battles is banned\n|clearpoke\n|poke|p1|Manaphy|\n|poke|p1|Mandibuzz, F|\n|poke|p1|Eelektross, M|\n|poke|p1|Conkeldurr, M|\n|poke|p1|Lurantis, F|\n|poke|p1|Revavroom, M|\n|poke|p2|Clefable, F|\n|poke|p2|Pikachu, F|\n|poke|p2|Volcanion|\n|poke|p2|Zapdos|\n|poke|p2|Hariyama, M|\n|poke|p2|Donphan, M|\n|teampreview\n|c|\u2606Nrox|gl hf\n|c|\u2606tinytoonlink97|gl hf\n|\n|t:|1700334734\n|start\n|switch|p1a: Wade|Eelektross, M, shiny|100\/100\n|switch|p2a: Pikachu|Pikachu, F|100\/100\n|turn|1\n|\n|t:|1700334744\n|move|p2a: Pikachu|Reflect|p2a: Pikachu\n|-sidestart|p2: Nrox|Reflect\n|move|p1a: Wade|Acid Spray|p2a: Pikachu\n|-damage|p2a: Pikachu|76\/100\n|-unboost|p2a: Pikachu|spd|2\n|\n|upkeep\n|turn|2\n|\n|t:|1700334763\n|move|p2a: Pikachu|Light Screen|p2a: Pikachu\n|-sidestart|p2: Nrox|move: Light Screen\n|move|p1a: Wade|Giga Drain|p2a: Pikachu\n|-damage|p2a: Pikachu|31\/100\n|\n|upkeep\n|turn|3\n|\n|t:|1700334785\n|move|p2a: Pikachu|Wish|p2a: Pikachu\n|move|p1a: Wade|Acid Spray|p2a: Pikachu\n|-damage|p2a: Pikachu|5\/100\n|-unboost|p2a: Pikachu|spd|2\n|\n|upkeep\n|turn|4\n|\n|t:|1700334833\n|move|p2a: Pikachu|Wish||[still]\n|-fail|p2a: Pikachu\n|move|p1a: Wade|Acid Spray|p2a: Pikachu\n|-damage|p2a: Pikachu|0 fnt\n|faint|p2a: Pikachu\n|\n|upkeep\n|\n|t:|1700334839\n|switch|p2a: Hariyama|Hariyama, M|100\/100\n|turn|5\n|\n|t:|1700334852\n|switch|p1a: Drakken|Revavroom, M|100\/100\n|-terastallize|p2a: Hariyama|Steel\n|move|p2a: Hariyama|Belly Drum|p2a: Hariyama\n|-damage|p2a: Hariyama|50\/100\n|-setboost|p2a: Hariyama|atk|6|[from] move: Belly Drum\n|\n|-status|p2a: Hariyama|brn|[from] item: Flame Orb\n|upkeep\n|turn|6\n|\n|t:|1700335013\n|move|p1a: Drakken|Haze|p1a: Drakken\n|-clearallboost\n|move|p2a: Hariyama|Drain Punch|p1a: Drakken\n|-damage|p1a: Drakken|51\/100\n|-heal|p2a: Hariyama|66\/100 brn|[from] drain|[of] p1a: Drakken\n|\n|-damage|p2a: Hariyama|60\/100 brn|[from] brn\n|upkeep\n|turn|7\n|\n|t:|1700335075\n|move|p1a: Drakken|High Horsepower|p2a: Hariyama\n|-supereffective|p2a: Hariyama\n|-damage|p2a: Hariyama|30\/100 brn\n|move|p2a: Hariyama|Drain Punch|p1a: Drakken\n|-damage|p1a: Drakken|1\/100\n|-heal|p2a: Hariyama|45\/100 brn|[from] drain|[of] p1a: Drakken\n|\n|-damage|p2a: Hariyama|39\/100 brn|[from] brn\n|upkeep\n|turn|8\n|\n|t:|1700335102\n|move|p2a: Hariyama|Bullet Punch|p1a: Drakken\n|-resisted|p1a: Drakken\n|-damage|p1a: Drakken|0 fnt\n|faint|p1a: Drakken\n|\n|-damage|p2a: Hariyama|33\/100 brn|[from] brn\n|-sideend|p2: Nrox|Reflect\n|upkeep\n|\n|t:|1700335135\n|switch|p1a: Monkey Fist|Conkeldurr, M, shiny|100\/100\n|turn|9\n|\n|t:|1700335141\n|move|p2a: Hariyama|Knock Off|p1a: Monkey Fist\n|-resisted|p1a: Monkey Fist\n|-damage|p1a: Monkey Fist|83\/100\n|-damage|p2a: Hariyama|16\/100 brn|[from] item: Rocky Helmet|[of] p1a: Monkey Fist\n|-enditem|p1a: Monkey Fist|Rocky Helmet|[from] move: Knock Off|[of] p2a: Hariyama\n|move|p1a: Monkey Fist|Drain Punch|p2a: Hariyama\n|-supereffective|p2a: Hariyama\n|-damage|p2a: Hariyama|0 fnt\n|-heal|p1a: Monkey Fist|93\/100|[from] drain|[of] p2a: Hariyama\n|faint|p2a: Hariyama\n|\n|-sideend|p2: Nrox|move: Light Screen\n|upkeep\n|\n|t:|1700335264\n|switch|p2a: Clefable|Clefable, F|100\/100\n|turn|10\n|\n|t:|1700335270\n|switch|p1a: Wade|Eelektross, M, shiny|100\/100\n|move|p2a: Clefable|Calm Mind|p2a: Clefable\n|-boost|p2a: Clefable|spa|1\n|-boost|p2a: Clefable|spd|1\n|\n|upkeep\n|turn|11\n|\n|t:|1700335281\n|move|p2a: Clefable|Calm Mind|p2a: Clefable\n|-boost|p2a: Clefable|spa|1\n|-boost|p2a: Clefable|spd|1\n|move|p1a: Wade|Acid Spray|p2a: Clefable\n|-supereffective|p2a: Clefable\n|-damage|p2a: Clefable|89\/100\n|-unboost|p2a: Clefable|spd|2\n|\n|upkeep\n|turn|12\n|\n|t:|1700335294\n|move|p2a: Clefable|Calm Mind|p2a: Clefable\n|-boost|p2a: Clefable|spa|1\n|-boost|p2a: Clefable|spd|1\n|move|p1a: Wade|Acid Spray|p2a: Clefable\n|-supereffective|p2a: Clefable\n|-damage|p2a: Clefable|75\/100\n|-unboost|p2a: Clefable|spd|2\n|\n|upkeep\n|turn|13\n|\n|t:|1700335648\n|move|p2a: Clefable|Calm Mind|p2a: Clefable\n|-boost|p2a: Clefable|spa|1\n|-boost|p2a: Clefable|spd|1\n|move|p1a: Wade|Acid Spray|p2a: Clefable\n|-supereffective|p2a: Clefable\n|-damage|p2a: Clefable|51\/100\n|-unboost|p2a: Clefable|spd|2\n|\n|upkeep\n|turn|14\n|\n|t:|1700335669\n|switch|p1a: Kim|Manaphy|100\/100\n|move|p2a: Clefable|Stored Power|p1a: Kim\n|-damage|p1a: Kim|38\/100\n|\n|upkeep\n|turn|15\n|\n|t:|1700335759\n|switch|p2a: Volcanion|Volcanion|100\/100\n|move|p1a: Kim|Hydro Pump|p2a: Volcanion\n|-immune|p2a: Volcanion|[from] ability: Water Absorb\n|\n|upkeep\n|turn|16\n|\n|t:|1700335781\n|move|p1a: Kim|U-turn|p2a: Volcanion\n|-resisted|p2a: Volcanion\n|-damage|p2a: Volcanion|95\/100\n|\n|t:|1700335784\n|switch|p1a: Wade|Eelektross, M, shiny|100\/100|[from] U-turn\n|move|p2a: Volcanion|Sludge Bomb|p1a: Wade\n|-damage|p1a: Wade|85\/100\n|\n|upkeep\n|turn|17\n|\n|t:|1700335810\n|move|p2a: Volcanion|Steam Eruption|p1a: Wade\n|-damage|p1a: Wade|55\/100\n|move|p1a: Wade|Acid Spray|p2a: Volcanion\n|-crit|p2a: Volcanion\n|-damage|p2a: Volcanion|86\/100\n|-unboost|p2a: Volcanion|spd|2\n|\n|upkeep\n|turn|18\n|\n|t:|1700335829\n|move|p2a: Volcanion|Steam Eruption|p1a: Wade\n|-damage|p1a: Wade|28\/100\n|move|p1a: Wade|Giga Drain|p2a: Volcanion\n|-damage|p2a: Volcanion|65\/100\n|-heal|p1a: Wade|40\/100|[from] drain|[of] p2a: Volcanion\n|\n|upkeep\n|turn|19\n|\n|t:|1700335864\n|move|p2a: Volcanion|Steam Eruption|p1a: Wade\n|-damage|p1a: Wade|13\/100\n|-status|p1a: Wade|brn\n|move|p1a: Wade|Thunderbolt|p2a: Volcanion\n|-supereffective|p2a: Volcanion\n|-damage|p2a: Volcanion|0 fnt\n|faint|p2a: Volcanion\n|\n|-damage|p1a: Wade|7\/100 brn|[from] brn\n|upkeep\n|\n|t:|1700335905\n|switch|p2a: Zapdos|Zapdos|100\/100\n|turn|20\n|\n|t:|1700335963\n|switch|p1a: Kim|Manaphy|38\/100\n|move|p2a: Zapdos|Thunderbolt|p1a: Kim\n|-supereffective|p1a: Kim\n|-damage|p1a: Kim|0 fnt\n|faint|p1a: Kim\n|\n|upkeep\n|\n|t:|1700335970\n|switch|p1a: Shego|Mandibuzz, F|100\/100\n|turn|21\n|\n|t:|1700335977\n|move|p2a: Zapdos|Thunderbolt|p1a: Shego\n|-supereffective|p1a: Shego\n|-damage|p1a: Shego|42\/100\n|move|p1a: Shego|Knock Off|p2a: Zapdos\n|-damage|p2a: Zapdos|84\/100\n|-enditem|p2a: Zapdos|Heavy-Duty Boots|[from] move: Knock Off|[of] p1a: Shego\n|\n|upkeep\n|turn|22\n|\n|t:|1700335987\n|switch|p1a: Monique|Lurantis, F|100\/100\n|move|p2a: Zapdos|Thunderbolt|p1a: Monique\n|-resisted|p1a: Monique\n|-damage|p1a: Monique|80\/100\n|-status|p1a: Monique|par\n|\n|-heal|p1a: Monique|87\/100 par|[from] item: Leftovers\n|upkeep\n|turn|23\n|\n|t:|1700336011\n|switch|p1a: Shego|Mandibuzz, F|42\/100\n|move|p2a: Zapdos|Heat Wave|p1a: Shego\n|-damage|p1a: Shego|21\/100\n|-status|p1a: Shego|brn\n|\n|-damage|p1a: Shego|14\/100 brn|[from] brn\n|upkeep\n|turn|24\n|\n|t:|1700336035\n|move|p2a: Zapdos|Thunderbolt|p1a: Shego\n|-supereffective|p1a: Shego\n|-damage|p1a: Shego|0 fnt\n|faint|p1a: Shego\n|\n|upkeep\n|\n|t:|1700336045\n|switch|p1a: Monkey Fist|Conkeldurr, M, shiny|93\/100\n|turn|25\n|\n|t:|1700336059\n|switch|p2a: Clefable|Clefable, F|51\/100\n|move|p1a: Monkey Fist|Ice Punch|p2a: Clefable\n|-damage|p2a: Clefable|30\/100\n|-enditem|p2a: Clefable|Kee Berry|[eat]\n|-boost|p2a: Clefable|def|1|[from] item: Kee Berry\n|\n|upkeep\n|turn|26\n|\n|t:|1700336099\n|switch|p1a: Monique|Lurantis, F|87\/100 par\n|move|p2a: Clefable|Moonlight|p2a: Clefable\n|-heal|p2a: Clefable|80\/100\n|\n|-heal|p1a: Monique|93\/100 par|[from] item: Leftovers\n|upkeep\n|turn|27\n|\n|t:|1700336151\n|switch|p2a: Donphan|Donphan, M, shiny|100\/100\n|cant|p1a: Monique|par\n|\n|-heal|p1a: Monique|99\/100 par|[from] item: Leftovers\n|upkeep\n|turn|28\n|\n|t:|1700336159\n|move|p2a: Donphan|Stealth Rock|p1a: Monique\n|-sidestart|p1: tinytoonlink97|move: Stealth Rock\n|move|p1a: Monique|Superpower|p2a: Donphan\n|-damage|p2a: Donphan|85\/100\n|-boost|p1a: Monique|atk|1\n|-boost|p1a: Monique|def|1\n|-damage|p1a: Monique|82\/100 par|[from] item: Rocky Helmet|[of] p2a: Donphan\n|\n|-heal|p1a: Monique|88\/100 par|[from] item: Leftovers\n|upkeep\n|turn|29\n|\n|t:|1700336196\n|switch|p2a: Clefable|Clefable, F|80\/100\n|move|p1a: Monique|Leaf Blade|p2a: Clefable\n|-damage|p2a: Clefable|56\/100\n|\n|-heal|p1a: Monique|94\/100 par|[from] item: Leftovers\n|upkeep\n|turn|30\n|\n|t:|1700336228\n|move|p2a: Clefable|Moonlight|p2a: Clefable\n|-heal|p2a: Clefable|100\/100\n|cant|p1a: Monique|par\n|\n|-heal|p1a: Monique|100\/100 par|[from] item: Leftovers\n|upkeep\n|turn|31\n|\n|t:|1700336237\n|move|p2a: Clefable|Calm Mind|p2a: Clefable\n|-boost|p2a: Clefable|spa|1\n|-boost|p2a: Clefable|spd|1\n|move|p1a: Monique|Leaf Blade|p2a: Clefable\n|-damage|p2a: Clefable|75\/100\n|\n|upkeep\n|turn|32\n|\n|t:|1700336245\n|move|p2a: Clefable|Calm Mind|p2a: Clefable\n|-boost|p2a: Clefable|spa|1\n|-boost|p2a: Clefable|spd|1\n|cant|p1a: Monique|par\n|\n|upkeep\n|turn|33\n|\n|t:|1700336251\n|move|p2a: Clefable|Calm Mind|p2a: Clefable\n|-boost|p2a: Clefable|spa|1\n|-boost|p2a: Clefable|spd|1\n|move|p1a: Monique|Leaf Blade|p2a: Clefable\n|-damage|p2a: Clefable|52\/100\n|\n|upkeep\n|turn|34\n|\n|t:|1700336261\n|move|p2a: Clefable|Moonlight|p2a: Clefable\n|-heal|p2a: Clefable|100\/100\n|move|p1a: Monique|Leaf Blade|p2a: Clefable\n|-damage|p2a: Clefable|75\/100\n|\n|upkeep\n|turn|35\n|\n|t:|1700336268\n|move|p2a: Clefable|Moonlight|p2a: Clefable\n|-heal|p2a: Clefable|100\/100\n|move|p1a: Monique|Leaf Blade|p2a: Clefable\n|-damage|p2a: Clefable|77\/100\n|\n|upkeep\n|turn|36\n|\n|t:|1700336277\n|move|p2a: Clefable|Stored Power|p1a: Monique\n|-damage|p1a: Monique|17\/100 par\n|cant|p1a: Monique|par\n|\n|-heal|p1a: Monique|23\/100 par|[from] item: Leftovers\n|upkeep\n|turn|37\n|\n|t:|1700336291\n|switch|p1a: Wade|Eelektross, M, shiny|7\/100 brn\n|-damage|p1a: Wade|0 fnt|[from] Stealth Rock\n|faint|p1a: Wade\n|move|p2a: Clefable|Stored Power|p1: Wade|[notarget]\n|-fail|p2a: Clefable\n|\n|upkeep\n|\n|t:|1700336298\n|switch|p1a: Monkey Fist|Conkeldurr, M, shiny|93\/100\n|-damage|p1a: Monkey Fist|86\/100|[from] Stealth Rock\n|turn|38\n|\n|t:|1700336304\n|move|p2a: Clefable|Stored Power|p1a: Monkey Fist\n|-supereffective|p1a: Monkey Fist\n|-damage|p1a: Monkey Fist|0 fnt\n|faint|p1a: Monkey Fist\n|\n|upkeep\n|\n|t:|1700336308\n|switch|p1a: Monique|Lurantis, F|23\/100 par\n|-damage|p1a: Monique|11\/100 par|[from] Stealth Rock\n|turn|39\n|\n|t:|1700336314\n|move|p2a: Clefable|Stored Power|p1a: Monique\n|-damage|p1a: Monique|0 fnt\n|faint|p1a: Monique\n|\n|win|Nrox\n|c|\u2606Nrox|gg\n|c|\u2606tinytoonlink97|gg\n","uploadtime":1700336329,"views":45,"p1id":"tinytoonlink97","p2id":"nrox","formatid":"gen9anythinggoes","rating":0,"private":0,"password":""}