{"id":"gen9anythinggoes-1976715793","p1":"MichaeltheMink","p2":"The_beastgod12","format":"[Gen 9] Anything Goes","log":"|j|\u2606MichaeltheMink\n|j|\u203dThe_beastgod12\n|t:|1698335664\n|gametype|singles\n|player|p1|MichaeltheMink|266|\n|player|p2|The_beastgod12|hilbert|\n|teamsize|p1|6\n|teamsize|p2|6\n|gen|9\n|tier|[Gen 9] Anything Goes\n|rule|HP Percentage Mod: HP is shown in percentages\n|rule|Endless Battle Clause: Forcing endless battles is banned\n|clearpoke\n|poke|p1|Orthworm, M|\n|poke|p1|Slither Wing|\n|poke|p1|Azumarill, M|\n|poke|p1|Donphan, M|\n|poke|p1|Garchomp, M|\n|poke|p1|Muk-Alola, M|\n|poke|p2|Gardevoir, M|\n|poke|p2|Zapdos-Galar|\n|poke|p2|Kleavor, M|\n|poke|p2|Ceruledge, M|\n|poke|p2|Landorus-Therian, M|\n|poke|p2|Zoroark-Hisui, M|\n|teampreview\n|\n|t:|1698335672\n|start\n|switch|p1a: Muk|Muk-Alola, M|100\/100\n|switch|p2a: Landorus|Landorus-Therian, M|100\/100\n|-ability|p2a: Landorus|Intimidate|boost\n|-unboost|p1a: Muk|atk|1\n|turn|1\n|\n|t:|1698335702\n|move|p2a: Landorus|Bulk Up|p2a: Landorus\n|-boost|p2a: Landorus|atk|1\n|-boost|p2a: Landorus|def|1\n|move|p1a: Muk|Drain Punch|p2a: Landorus\n|-resisted|p2a: Landorus\n|-damage|p2a: Landorus|96\/100\n|-damage|p1a: Muk|84\/100|[from] item: Rocky Helmet|[of] p2a: Landorus\n|-status|p2a: Landorus|psn|[from] ability: Poison Touch|[of] p1a: Muk\n|\n|-heal|p1a: Muk|90\/100|[from] item: Black Sludge\n|-damage|p2a: Landorus|83\/100 psn|[from] psn\n|upkeep\n|turn|2\n|\n|t:|1698335730\n|move|p2a: Landorus|Earthquake|p1a: Muk\n|-supereffective|p1a: Muk\n|-damage|p1a: Muk|0 fnt\n|faint|p1a: Muk\n|\n|-damage|p2a: Landorus|71\/100 psn|[from] psn\n|upkeep\n|\n|t:|1698335760\n|switch|p1a: Slither Wing|Slither Wing|100\/100\n|turn|3\n|\n|t:|1698335787\n|move|p1a: Slither Wing|U-turn|p2a: Landorus\n|-resisted|p2a: Landorus\n|-damage|p2a: Landorus|59\/100 psn\n|-damage|p1a: Slither Wing|84\/100|[from] item: Rocky Helmet|[of] p2a: Landorus\n|\n|t:|1698335792\n|-end|p1a: Slither Wing|Protosynthesis|[silent]\n|switch|p1a: Orthworm|Orthworm, M|100\/100|[from] U-turn\n|move|p2a: Landorus|Earthquake|p1a: Orthworm\n|-immune|p1a: Orthworm|[from] ability: Earth Eater\n|\n|-damage|p2a: Landorus|47\/100 psn|[from] psn\n|upkeep\n|turn|4\n|\n|t:|1698335804\n|move|p2a: Landorus|Hammer Arm|p1a: Orthworm\n|-supereffective|p1a: Orthworm\n|-damage|p1a: Orthworm|35\/100\n|-unboost|p2a: Landorus|spe|1\n|move|p1a: Orthworm|Shed Tail|p1a: Orthworm\n|-fail|p1a: Orthworm|move: Shed Tail|[weak]\n|\n|-heal|p1a: Orthworm|41\/100|[from] item: Leftovers\n|-damage|p2a: Landorus|35\/100 psn|[from] psn\n|upkeep\n|turn|5\n|\n|t:|1698335819\n|switch|p1a: Garchomp|Garchomp, M|100\/100\n|move|p2a: Landorus|Hammer Arm|p1a: Garchomp\n|-damage|p1a: Garchomp|44\/100\n|-unboost|p2a: Landorus|spe|1\n|-damage|p2a: Landorus|22\/100 psn|[from] ability: Rough Skin|[of] p1a: Garchomp\n|\n|-damage|p2a: Landorus|10\/100 psn|[from] psn\n|upkeep\n|turn|6\n|\n|t:|1698335836\n|switch|p1a: Slither Wing|Slither Wing|84\/100\n|move|p2a: Landorus|Outrage|p1a: Slither Wing\n|-damage|p1a: Slither Wing|13\/100\n|\n|-damage|p2a: Landorus|0 fnt|[from] psn\n|faint|p2a: Landorus\n|upkeep\n|\n|t:|1698335845\n|switch|p2a: Ceruledge|Ceruledge, M, shiny|100\/100\n|turn|7\n|\n|t:|1698335850\n|move|p1a: Slither Wing|Close Combat|p2a: Ceruledge\n|-immune|p2a: Ceruledge\n|move|p2a: Ceruledge|Swords Dance|p2a: Ceruledge\n|-boost|p2a: Ceruledge|atk|2\n|\n|upkeep\n|turn|8\n|\n|t:|1698335882\n|-end|p1a: Slither Wing|Protosynthesis|[silent]\n|switch|p1a: Orthworm|Orthworm, M|41\/100\n|move|p2a: Ceruledge|Swords Dance|p2a: Ceruledge\n|-boost|p2a: Ceruledge|atk|2\n|\n|-heal|p1a: Orthworm|47\/100|[from] item: Leftovers\n|upkeep\n|turn|9\n|\n|t:|1698335889\n|move|p2a: Ceruledge|Bitter Blade|p1a: Orthworm\n|-supereffective|p1a: Orthworm\n|-damage|p1a: Orthworm|0 fnt\n|faint|p1a: Orthworm\n|\n|upkeep\n|\n|t:|1698335894\n|switch|p1a: Azumarill|Azumarill, M|100\/100\n|turn|10\n|\n|t:|1698335897\n|-terastallize|p2a: Ceruledge|Fire\n|move|p1a: Azumarill|Aqua Jet|p2a: Ceruledge\n|-supereffective|p2a: Ceruledge\n|-damage|p2a: Ceruledge|32\/100\n|-ability|p2a: Ceruledge|Weak Armor|boost\n|-unboost|p2a: Ceruledge|def|1\n|-boost|p2a: Ceruledge|spe|2\n|move|p2a: Ceruledge|Bitter Blade|p1a: Azumarill\n|-resisted|p1a: Azumarill\n|-damage|p1a: Azumarill|3\/100\n|-heal|p2a: Ceruledge|99\/100|[from] drain|[of] p1a: Azumarill\n|-enditem|p1a: Azumarill|Sitrus Berry|[eat]\n|-heal|p1a: Azumarill|28\/100|[from] item: Sitrus Berry\n|\n|upkeep\n|turn|11\n|\n|t:|1698335917\n|move|p1a: Azumarill|Aqua Jet|p2a: Ceruledge\n|-supereffective|p2a: Ceruledge\n|-damage|p2a: Ceruledge|0 fnt\n|faint|p2a: Ceruledge\n|\n|upkeep\n|\n|t:|1698335939\n|switch|p2a: Gardevoir|Gardevoir, M, shiny|100\/100\n|turn|12\n|\n|t:|1698335959\n|move|p2a: Gardevoir|Nasty Plot|p2a: Gardevoir\n|-boost|p2a: Gardevoir|spa|2\n|move|p1a: Azumarill|Belly Drum||[still]\n|-fail|p1a: Azumarill\n|\n|upkeep\n|turn|13\n|\n|t:|1698335966\n|move|p1a: Azumarill|Aqua Jet|p2a: Gardevoir\n|-damage|p2a: Gardevoir|44\/100\n|replace|p2a: Zoroark|Zoroark-Hisui, M, shiny\n|-end|p2a: Zoroark|Illusion\n|move|p2a: Zoroark|Bitter Malice|p1a: Azumarill\n|-damage|p1a: Azumarill|0 fnt\n|faint|p1a: Azumarill\n|\n|upkeep\n|\n|t:|1698335975\n|switch|p1a: Donphan|Donphan, M|100\/100\n|turn|14\n|\n|t:|1698335981\n|move|p2a: Zoroark|Grass Knot|p1a: Donphan\n|-supereffective|p1a: Donphan\n|-ability|p1a: Donphan|Sturdy\n|-damage|p1a: Donphan|1\/100\n|move|p1a: Donphan|Knock Off|p2a: Zoroark\n|-supereffective|p2a: Zoroark\n|-damage|p2a: Zoroark|0 fnt\n|-enditem|p2a: Zoroark|Focus Sash|[from] move: Knock Off|[of] p1a: Donphan\n|faint|p2a: Zoroark\n|\n|upkeep\n|\n|t:|1698335990\n|switch|p2a: Kleavor|Kleavor, M, shiny|100\/100\n|turn|15\n|\n|t:|1698335998\n|move|p2a: Kleavor|Quick Attack|p1a: Donphan\n|-damage|p1a: Donphan|0 fnt\n|faint|p1a: Donphan\n|\n|upkeep\n|\n|t:|1698336005\n|switch|p1a: Garchomp|Garchomp, M|44\/100\n|turn|16\n|\n|t:|1698336013\n|move|p1a: Garchomp|Liquidation|p2a: Kleavor\n|-supereffective|p2a: Kleavor\n|-damage|p2a: Kleavor|20\/100\n|-unboost|p2a: Kleavor|def|1\n|-damage|p1a: Garchomp|34\/100|[from] item: Life Orb\n|move|p2a: Kleavor|Stone Axe|p1a: Garchomp\n|-resisted|p1a: Garchomp\n|-damage|p1a: Garchomp|9\/100\n|-damage|p2a: Kleavor|8\/100|[from] ability: Rough Skin|[of] p1a: Garchomp\n|-sidestart|p1: MichaeltheMink|move: Stealth Rock\n|\n|upkeep\n|turn|17\n|\n|t:|1698336026\n|move|p2a: Kleavor|Quick Attack|p1a: Garchomp\n|-damage|p1a: Garchomp|0 fnt\n|-damage|p2a: Kleavor|0 fnt|[from] ability: Rough Skin|[of] p1a: Garchomp\n|faint|p1a: Garchomp\n|faint|p2a: Kleavor\n|\n|upkeep\n|\n|t:|1698336032\n|switch|p1a: Slither Wing|Slither Wing|13\/100\n|switch|p2a: Zapdos|Zapdos-Galar, shiny|100\/100\n|-damage|p1a: Slither Wing|0 fnt|[from] Stealth Rock\n|faint|p1a: Slither Wing\n|-end|p1a: Slither Wing|Protosynthesis|[silent]\n|\n|win|The_beastgod12\n|c|\u2606MichaeltheMink|gg game 1\n","uploadtime":1698336048,"views":25,"p1id":"michaelthemink","p2id":"thebeastgod12","formatid":"gen9anythinggoes","rating":0,"private":0,"password":""}