{"id":"gen9anythinggoes-1987070369","p1":"DaPEEPEEz3.0","p2":"MelancholyBill","format":"[Gen 9] Anything Goes","log":"|j|\u2606DaPEEPEEz3.0\n|j|\u2606MelancholyBill\n|t:|1699553645\n|gametype|singles\n|player|p1|DaPEEPEEz3.0|dawn|1233\n|player|p2|MelancholyBill|benga|1329\n|teamsize|p1|6\n|teamsize|p2|6\n|gen|9\n|tier|[Gen 9] Anything Goes\n|rated|\n|rule|HP Percentage Mod: HP is shown in percentages\n|rule|Endless Battle Clause: Forcing endless battles is banned\n|clearpoke\n|poke|p1|Darkrai|\n|poke|p1|Clodsire, M|\n|poke|p1|Cloyster, M|\n|poke|p1|Torterra, F|\n|poke|p1|Dondozo, F|\n|poke|p1|Corviknight, M|\n|poke|p2|Salamence, M|\n|poke|p2|Quaquaval, M|\n|poke|p2|Vikavolt, M|\n|poke|p2|Ting-Lu|\n|poke|p2|Toxapex, F|\n|poke|p2|Ceruledge, M|\n|teampreview\n|inactive|Battle timer is ON: inactive players will automatically lose when time's up. (requested by DaPEEPEEz3.0)\n|\n|t:|1699553651\n|start\n|switch|p1a: Torterra|Torterra, F|100\/100\n|switch|p2a: Wammu|Ting-Lu|100\/100\n|-ability|p2a: Wammu|Vessel of Ruin\n|turn|1\n|\n|t:|1699553657\n|switch|p1a: Corviknight|Corviknight, M|100\/100\n|-ability|p1a: Corviknight|Pressure\n|move|p2a: Wammu|Stealth Rock|p1a: Corviknight\n|-sidestart|p1: DaPEEPEEz3.0|move: Stealth Rock\n|\n|upkeep\n|turn|2\n|\n|t:|1699553664\n|move|p1a: Corviknight|Taunt|p2a: Wammu\n|-start|p2a: Wammu|move: Taunt\n|cant|p2a: Wammu|move: Taunt|Whirlwind\n|\n|upkeep\n|turn|3\n|\n|t:|1699553670\n|switch|p2a: Echo Act 2|Vikavolt, M|100\/100\n|move|p1a: Corviknight|Defog|p2a: Echo Act 2\n|-unboost|p2a: Echo Act 2|evasion|1\n|-sideend|p1: DaPEEPEEz3.0|Stealth Rock|[from] move: Defog|[of] p1a: Corviknight\n|\n|upkeep\n|turn|4\n|\n|t:|1699553683\n|switch|p1a: Clodsire|Clodsire, M|100\/100\n|move|p2a: Echo Act 2|Sticky Web|p1a: Clodsire\n|-sidestart|p1: DaPEEPEEz3.0|move: Sticky Web\n|\n|upkeep\n|turn|5\n|\n|t:|1699553689\n|switch|p2a: Wammu|Ting-Lu|100\/100\n|-ability|p2a: Wammu|Vessel of Ruin\n|move|p1a: Clodsire|Yawn|p2a: Wammu\n|-start|p2a: Wammu|move: Yawn|[of] p1a: Clodsire\n|\n|upkeep\n|turn|6\n|\n|t:|1699553696\n|switch|p2a: Echo Act 2|Vikavolt, M|100\/100\n|switch|p1a: Corviknight|Corviknight, M|100\/100\n|-ability|p1a: Corviknight|Pressure\n|\n|upkeep\n|turn|7\n|\n|t:|1699553702\n|-terastallize|p1a: Corviknight|Poison\n|move|p1a: Corviknight|Taunt|p2a: Echo Act 2\n|-start|p2a: Echo Act 2|move: Taunt\n|move|p2a: Echo Act 2|Thunderbolt|p1a: Corviknight\n|-damage|p1a: Corviknight|62\/100\n|\n|-heal|p1a: Corviknight|68\/100|[from] item: Leftovers\n|upkeep\n|turn|8\n|\n|t:|1699553712\n|switch|p2a: Wammu|Ting-Lu|100\/100\n|-ability|p2a: Wammu|Vessel of Ruin\n|move|p1a: Corviknight|Defog|p2a: Wammu\n|-unboost|p2a: Wammu|evasion|1\n|-sideend|p1: DaPEEPEEz3.0|Sticky Web|[from] move: Defog|[of] p1a: Corviknight\n|\n|-heal|p1a: Corviknight|74\/100|[from] item: Leftovers\n|upkeep\n|turn|9\n|\n|t:|1699553718\n|move|p1a: Corviknight|Taunt|p2a: Wammu\n|-start|p2a: Wammu|move: Taunt\n|move|p2a: Wammu|Earthquake|p1a: Corviknight\n|-supereffective|p1a: Corviknight\n|-damage|p1a: Corviknight|14\/100\n|\n|-heal|p1a: Corviknight|20\/100|[from] item: Leftovers\n|upkeep\n|turn|10\n|\n|t:|1699553735\n|switch|p1a: Darkrai|Darkrai|100\/100\n|move|p2a: Wammu|Earthquake|p1a: Darkrai\n|-damage|p1a: Darkrai|53\/100\n|\n|upkeep\n|turn|11\n|\n|t:|1699553741\n|move|p1a: Darkrai|Hypnosis|p2a: Wammu\n|-status|p2a: Wammu|slp|[from] move: Hypnosis\n|cant|p2a: Wammu|slp\n|\n|-end|p2a: Wammu|move: Taunt\n|-damage|p2a: Wammu|88\/100 slp|[from] ability: Bad Dreams|[of] p1a: Darkrai\n|upkeep\n|turn|12\n|\n|t:|1699553744\n|move|p1a: Darkrai|Confuse Ray|p2a: Wammu\n|-start|p2a: Wammu|confusion\n|-curestatus|p2a: Wammu|slp|[msg]\n|-activate|p2a: Wammu|confusion\n|move|p2a: Wammu|Earthquake|p1a: Darkrai\n|-damage|p1a: Darkrai|6\/100\n|\n|-heal|p2a: Wammu|94\/100|[from] item: Leftovers\n|upkeep\n|turn|13\n|\n|t:|1699553750\n|move|p1a: Darkrai|Hypnosis|p2a: Wammu\n|-status|p2a: Wammu|slp|[from] move: Hypnosis\n|cant|p2a: Wammu|slp\n|\n|-heal|p2a: Wammu|100\/100 slp|[from] item: Leftovers\n|-damage|p2a: Wammu|88\/100 slp|[from] ability: Bad Dreams|[of] p1a: Darkrai\n|upkeep\n|turn|14\n|\n|t:|1699553753\n|move|p1a: Darkrai|Hex|p2a: Wammu\n|-resisted|p2a: Wammu\n|-damage|p2a: Wammu|75\/100 slp\n|cant|p2a: Wammu|slp\n|\n|-heal|p2a: Wammu|81\/100 slp|[from] item: Leftovers\n|-damage|p2a: Wammu|69\/100 slp|[from] ability: Bad Dreams|[of] p1a: Darkrai\n|upkeep\n|turn|15\n|\n|t:|1699553761\n|switch|p1a: Dondozo|Dondozo, F|100\/100\n|cant|p2a: Wammu|slp\n|\n|-heal|p2a: Wammu|75\/100 slp|[from] item: Leftovers\n|upkeep\n|turn|16\n|\n|t:|1699553776\n|-curestatus|p2a: Wammu|slp|[msg]\n|-activate|p2a: Wammu|confusion\n|move|p2a: Wammu|Spikes|p1a: Dondozo\n|-sidestart|p1: DaPEEPEEz3.0|Spikes\n|move|p1a: Dondozo|Liquidation|p2a: Wammu\n|-supereffective|p2a: Wammu\n|-damage|p2a: Wammu|36\/100\n|-unboost|p2a: Wammu|def|1\n|\n|-heal|p2a: Wammu|43\/100|[from] item: Leftovers\n|upkeep\n|turn|17\n|\n|t:|1699553782\n|-activate|p2a: Wammu|confusion\n|move|p2a: Wammu|Stealth Rock|p1a: Dondozo\n|-sidestart|p1: DaPEEPEEz3.0|move: Stealth Rock\n|move|p1a: Dondozo|Yawn|p2a: Wammu\n|-start|p2a: Wammu|move: Yawn|[of] p1a: Dondozo\n|\n|-heal|p2a: Wammu|49\/100|[from] item: Leftovers\n|upkeep\n|turn|18\n|\n|t:|1699553788\n|switch|p2a: Meanie|Toxapex, F, shiny|100\/100\n|move|p1a: Dondozo|Curse|p1a: Dondozo\n|-unboost|p1a: Dondozo|spe|1\n|-boost|p1a: Dondozo|atk|1\n|-boost|p1a: Dondozo|def|1\n|\n|upkeep\n|turn|19\n|\n|t:|1699553796\n|move|p2a: Meanie|Toxic Spikes|p1a: Dondozo\n|-sidestart|p1: DaPEEPEEz3.0|move: Toxic Spikes\n|move|p1a: Dondozo|Earthquake|p2a: Meanie\n|-supereffective|p2a: Meanie\n|-damage|p2a: Meanie|41\/100\n|\n|upkeep\n|turn|20\n|\n|t:|1699553800\n|switch|p2a: Wammu|Ting-Lu|49\/100\n|-ability|p2a: Wammu|Vessel of Ruin\n|move|p1a: Dondozo|Earthquake|p2a: Wammu\n|-damage|p2a: Wammu|29\/100\n|\n|-heal|p2a: Wammu|35\/100|[from] item: Leftovers\n|upkeep\n|turn|21\n|\n|t:|1699553809\n|move|p1a: Dondozo|Liquidation|p2a: Wammu\n|-supereffective|p2a: Wammu\n|-damage|p2a: Wammu|0 fnt\n|faint|p2a: Wammu\n|\n|upkeep\n|\n|t:|1699553812\n|switch|p2a: Echo Act 2|Vikavolt, M|100\/100\n|turn|22\n|\n|t:|1699553820\n|move|p2a: Echo Act 2|Thunder Wave|p1a: Dondozo\n|-status|p1a: Dondozo|par\n|cant|p1a: Dondozo|par\n|\n|upkeep\n|turn|23\n|\n|t:|1699553829\n|move|p2a: Echo Act 2|Thunderbolt|p1a: Dondozo\n|-supereffective|p1a: Dondozo\n|-damage|p1a: Dondozo|0 fnt\n|faint|p1a: Dondozo\n|\n|upkeep\n|\n|t:|1699553832\n|switch|p1a: Corviknight|Corviknight, M, tera:Poison|20\/100\n|-damage|p1a: Corviknight|8\/100|[from] Spikes\n|-damage|p1a: Corviknight|0 fnt|[from] Stealth Rock\n|-sideend|p1: DaPEEPEEz3.0|move: Toxic Spikes|[of] p1a: Corviknight\n|faint|p1a: Corviknight\n|\n|t:|1699553838\n|switch|p1a: Clodsire|Clodsire, M|100\/100\n|-damage|p1a: Clodsire|88\/100|[from] Spikes\n|-damage|p1a: Clodsire|82\/100|[from] Stealth Rock\n|turn|24\n|-message|DaPEEPEEz3.0 forfeited.\n|\n|win|MelancholyBill\n|raw|DaPEEPEEz3.0's rating: 1233 &rarr; <strong>1215<\/strong><br \/>(-18 for losing)\n|raw|MelancholyBill's rating: 1329 &rarr; <strong>1344<\/strong><br \/>(+15 for winning)\n|l|\u2606DaPEEPEEz3.0\n","uploadtime":1699553845,"views":3,"p1id":"dapeepeez30","p2id":"melancholybill","formatid":"gen9anythinggoes","rating":1215,"private":0,"password":""}