{"id":"gen9anythinggoes-1981533986","p1":"Da1ba Nana","p2":"BaconV5062","format":"[Gen 9] Anything Goes","log":"|j|\u2606Da1ba Nana\n|j|\u2606BaconV5062\n|t:|1698913909\n|gametype|singles\n|player|p1|Da1ba Nana|baker|1085\n|player|p2|BaconV5062|101|1000\n|teamsize|p1|6\n|teamsize|p2|6\n|gen|9\n|tier|[Gen 9] Anything Goes\n|rated|\n|rule|HP Percentage Mod: HP is shown in percentages\n|rule|Endless Battle Clause: Forcing endless battles is banned\n|clearpoke\n|poke|p1|Heracross, M|\n|poke|p1|Blissey, F|\n|poke|p1|Bellibolt, F|\n|poke|p1|Vigoroth, F|\n|poke|p1|Infernape, M|\n|poke|p1|Sandslash-Alola, M|\n|poke|p2|Whiscash, F|\n|poke|p2|Dusknoir, F|\n|poke|p2|Garganacl, F|\n|poke|p2|Meowscarada, F|\n|poke|p2|Magnezone|\n|poke|p2|Breloom, F|\n|teampreview\n|\n|t:|1698913924\n|start\n|switch|p1a: Sandslash|Sandslash-Alola, M|100\/100\n|switch|p2a: Whiscash|Whiscash, F|100\/100\n|turn|1\n|\n|t:|1698913935\n|move|p1a: Sandslash|Rapid Spin|p2a: Whiscash\n|-damage|p2a: Whiscash|84\/100\n|-boost|p1a: Sandslash|spe|1\n|move|p2a: Whiscash|Mud-Slap|p1a: Sandslash\n|-supereffective|p1a: Sandslash\n|-damage|p1a: Sandslash|83\/100\n|-unboost|p1a: Sandslash|accuracy|1\n|\n|-heal|p2a: Whiscash|90\/100|[from] item: Leftovers\n|upkeep\n|turn|2\n|\n|t:|1698913945\n|move|p1a: Sandslash|Icicle Spear|p2a: Whiscash\n|-damage|p2a: Whiscash|79\/100\n|-damage|p2a: Whiscash|66\/100\n|-damage|p2a: Whiscash|54\/100\n|-damage|p2a: Whiscash|42\/100\n|-damage|p2a: Whiscash|30\/100\n|-hitcount|p2a: Whiscash|5\n|move|p2a: Whiscash|Mud-Slap|p1a: Sandslash\n|-supereffective|p1a: Sandslash\n|-damage|p1a: Sandslash|65\/100\n|-unboost|p1a: Sandslash|accuracy|1\n|\n|-heal|p2a: Whiscash|36\/100|[from] item: Leftovers\n|upkeep\n|turn|3\n|\n|t:|1698913959\n|switch|p1a: Blissey|Blissey, F|100\/100\n|move|p2a: Whiscash|Protect||[still]\n|-fail|p2a: Whiscash\n|\n|-heal|p2a: Whiscash|42\/100|[from] item: Leftovers\n|upkeep\n|turn|4\n|\n|t:|1698913965\n|move|p2a: Whiscash|Mud-Slap|p1a: Blissey\n|-damage|p1a: Blissey|98\/100\n|-unboost|p1a: Blissey|accuracy|1\n|move|p1a: Blissey|Stealth Rock|p2a: Whiscash\n|-sidestart|p2: BaconV5062|move: Stealth Rock\n|\n|-heal|p2a: Whiscash|48\/100|[from] item: Leftovers\n|-heal|p1a: Blissey|100\/100|[from] item: Leftovers\n|upkeep\n|turn|5\n|\n|t:|1698913974\n|move|p2a: Whiscash|Spikes|p1a: Blissey\n|-sidestart|p1: Da1ba Nana|Spikes\n|move|p1a: Blissey|Seismic Toss|p2a: Whiscash|[miss]\n|-miss|p1a: Blissey|p2a: Whiscash\n|\n|-heal|p2a: Whiscash|55\/100|[from] item: Leftovers\n|upkeep\n|turn|6\n|\n|t:|1698913983\n|move|p2a: Whiscash|Spikes|p1a: Blissey\n|-sidestart|p1: Da1ba Nana|Spikes\n|move|p1a: Blissey|Seismic Toss|p2a: Whiscash\n|-damage|p2a: Whiscash|29\/100\n|\n|-heal|p2a: Whiscash|35\/100|[from] item: Leftovers\n|upkeep\n|turn|7\n|\n|t:|1698913989\n|switch|p1a: Heracross|Heracross, M|100\/100\n|-damage|p1a: Heracross|84\/100|[from] Spikes\n|move|p2a: Whiscash|Spikes|p1a: Heracross\n|-sidestart|p1: Da1ba Nana|Spikes\n|\n|-heal|p2a: Whiscash|41\/100|[from] item: Leftovers\n|upkeep\n|turn|8\n|\n|t:|1698913997\n|move|p2a: Whiscash|Protect|p2a: Whiscash\n|-singleturn|p2a: Whiscash|Protect\n|move|p1a: Heracross|Close Combat|p2a: Whiscash\n|-activate|p2a: Whiscash|move: Protect\n|\n|-heal|p2a: Whiscash|47\/100|[from] item: Leftovers\n|upkeep\n|turn|9\n|\n|t:|1698914004\n|move|p1a: Heracross|Close Combat|p2a: Whiscash\n|-damage|p2a: Whiscash|0 fnt\n|-unboost|p1a: Heracross|def|1\n|-unboost|p1a: Heracross|spd|1\n|faint|p2a: Whiscash\n|-ability|p1a: Heracross|Moxie|boost\n|-boost|p1a: Heracross|atk|1\n|\n|upkeep\n|\n|t:|1698914021\n|switch|p2a: Meowscarada|Meowscarada, F|100\/100\n|-damage|p2a: Meowscarada|88\/100|[from] Stealth Rock\n|turn|10\n|\n|t:|1698914032\n|move|p1a: Heracross|Close Combat|p2a: Meowscarada\n|-supereffective|p2a: Meowscarada\n|-damage|p2a: Meowscarada|0 fnt\n|-unboost|p1a: Heracross|def|1\n|-unboost|p1a: Heracross|spd|1\n|faint|p2a: Meowscarada\n|-ability|p1a: Heracross|Moxie|boost\n|-boost|p1a: Heracross|atk|1\n|\n|upkeep\n|\n|t:|1698914046\n|switch|p2a: Magnezone|Magnezone|100\/100\n|-damage|p2a: Magnezone|94\/100|[from] Stealth Rock\n|turn|11\n|\n|t:|1698914054\n|move|p2a: Magnezone|Protect|p2a: Magnezone\n|-singleturn|p2a: Magnezone|Protect\n|move|p1a: Heracross|Close Combat|p2a: Magnezone\n|-activate|p2a: Magnezone|move: Protect\n|\n|-heal|p2a: Magnezone|100\/100|[from] item: Leftovers\n|upkeep\n|turn|12\n|\n|t:|1698914063\n|move|p1a: Heracross|Close Combat|p2a: Magnezone\n|-supereffective|p2a: Magnezone\n|-ability|p2a: Magnezone|Sturdy\n|-damage|p2a: Magnezone|1\/100\n|-unboost|p1a: Heracross|def|1\n|-unboost|p1a: Heracross|spd|1\n|move|p2a: Magnezone|Thunder Wave|p1a: Heracross\n|-status|p1a: Heracross|par\n|\n|-heal|p2a: Magnezone|7\/100|[from] item: Leftovers\n|upkeep\n|turn|13\n|\n|t:|1698914076\n|move|p2a: Magnezone|Protect|p2a: Magnezone\n|-singleturn|p2a: Magnezone|Protect\n|move|p1a: Heracross|Close Combat|p2a: Magnezone\n|-activate|p2a: Magnezone|move: Protect\n|\n|-heal|p2a: Magnezone|13\/100|[from] item: Leftovers\n|upkeep\n|turn|14\n|\n|t:|1698914088\n|switch|p1a: Bellibolt|Bellibolt, F|100\/100\n|-damage|p1a: Bellibolt|76\/100|[from] Spikes\n|switch|p2a: Garganacl|Garganacl, F|100\/100\n|-damage|p2a: Garganacl|88\/100|[from] Stealth Rock\n|\n|-heal|p1a: Bellibolt|82\/100|[from] item: Leftovers\n|upkeep\n|turn|15\n|\n|t:|1698914101\n|move|p1a: Bellibolt|Acid Spray|p2a: Garganacl\n|-resisted|p2a: Garganacl\n|-damage|p2a: Garganacl|85\/100\n|move|p2a: Garganacl|Rock Blast|p1a: Bellibolt\n|-damage|p1a: Bellibolt|75\/100\n|-start|p1a: Bellibolt|Charge|Rock Blast|[from] ability: Electromorphosis\n|-damage|p1a: Bellibolt|68\/100\n|-start|p1a: Bellibolt|Charge|Rock Blast|[from] ability: Electromorphosis\n|-damage|p1a: Bellibolt|62\/100\n|-start|p1a: Bellibolt|Charge|Rock Blast|[from] ability: Electromorphosis\n|-hitcount|p1a: Bellibolt|3\n|\n|-heal|p1a: Bellibolt|68\/100|[from] item: Leftovers\n|upkeep\n|turn|16\n|\n|t:|1698914114\n|move|p1a: Bellibolt|Thunderbolt|p2a: Garganacl\n|-damage|p2a: Garganacl|53\/100\n|-end|p1a: Bellibolt|Charge|[silent]\n|move|p2a: Garganacl|Rock Blast|p1a: Bellibolt\n|-damage|p1a: Bellibolt|61\/100\n|-start|p1a: Bellibolt|Charge|Rock Blast|[from] ability: Electromorphosis\n|-damage|p1a: Bellibolt|55\/100\n|-start|p1a: Bellibolt|Charge|Rock Blast|[from] ability: Electromorphosis\n|-hitcount|p1a: Bellibolt|2\n|\n|-heal|p1a: Bellibolt|61\/100|[from] item: Leftovers\n|upkeep\n|turn|17\n|\n|t:|1698914128\n|move|p1a: Bellibolt|Slack Off|p1a: Bellibolt\n|-heal|p1a: Bellibolt|100\/100\n|move|p2a: Garganacl|Body Press|p1a: Bellibolt\n|-damage|p1a: Bellibolt|85\/100\n|-start|p1a: Bellibolt|Charge|Body Press|[from] ability: Electromorphosis\n|\n|-heal|p1a: Bellibolt|91\/100|[from] item: Leftovers\n|upkeep\n|turn|18\n|\n|t:|1698914136\n|move|p1a: Bellibolt|Thunderbolt|p2a: Garganacl\n|-damage|p2a: Garganacl|18\/100\n|-end|p1a: Bellibolt|Charge|[silent]\n|move|p2a: Garganacl|Rock Blast|p1a: Bellibolt\n|-damage|p1a: Bellibolt|85\/100\n|-start|p1a: Bellibolt|Charge|Rock Blast|[from] ability: Electromorphosis\n|-damage|p1a: Bellibolt|78\/100\n|-start|p1a: Bellibolt|Charge|Rock Blast|[from] ability: Electromorphosis\n|-damage|p1a: Bellibolt|72\/100\n|-start|p1a: Bellibolt|Charge|Rock Blast|[from] ability: Electromorphosis\n|-damage|p1a: Bellibolt|64\/100\n|-start|p1a: Bellibolt|Charge|Rock Blast|[from] ability: Electromorphosis\n|-damage|p1a: Bellibolt|57\/100\n|-start|p1a: Bellibolt|Charge|Rock Blast|[from] ability: Electromorphosis\n|-hitcount|p1a: Bellibolt|5\n|\n|-heal|p1a: Bellibolt|63\/100|[from] item: Leftovers\n|upkeep\n|turn|19\n|\n|t:|1698914153\n|move|p1a: Bellibolt|Thunderbolt|p2a: Garganacl\n|-damage|p2a: Garganacl|0 fnt\n|faint|p2a: Garganacl\n|-end|p1a: Bellibolt|Charge|[silent]\n|\n|-heal|p1a: Bellibolt|69\/100|[from] item: Leftovers\n|upkeep\n|\n|t:|1698914162\n|switch|p2a: Magnezone|Magnezone|13\/100\n|-damage|p2a: Magnezone|7\/100|[from] Stealth Rock\n|turn|20\n|\n|t:|1698914171\n|move|p2a: Magnezone|Volt Switch|p1a: Bellibolt\n|-resisted|p1a: Bellibolt\n|-damage|p1a: Bellibolt|51\/100\n|-start|p1a: Bellibolt|Charge|Volt Switch|[from] ability: Electromorphosis\n|\n|t:|1698914177\n|switch|p2a: Breloom|Breloom, F|100\/100|[from] Volt Switch\n|-damage|p2a: Breloom|94\/100|[from] Stealth Rock\n|move|p1a: Bellibolt|Slack Off|p1a: Bellibolt\n|-heal|p1a: Bellibolt|100\/100\n|\n|upkeep\n|turn|21\n|\n|t:|1698914184\n|move|p2a: Breloom|Spore|p1a: Bellibolt\n|-status|p1a: Bellibolt|slp|[from] move: Spore\n|cant|p1a: Bellibolt|slp\n|-end|p1a: Bellibolt|Charge|[silent]\n|\n|upkeep\n|turn|22\n|\n|t:|1698914191\n|switch|p1a: Vigoroth|Vigoroth, F|100\/100\n|-damage|p1a: Vigoroth|75\/100|[from] Spikes\n|move|p2a: Breloom|Bullet Seed|p1a: Vigoroth\n|-damage|p1a: Vigoroth|64\/100\n|-damage|p1a: Vigoroth|54\/100\n|-hitcount|p1a: Vigoroth|2\n|\n|upkeep\n|turn|23\n|\n|t:|1698914198\n|-terastallize|p1a: Vigoroth|Ghost\n|move|p2a: Breloom|Bullet Seed|p1a: Vigoroth\n|-damage|p1a: Vigoroth|43\/100\n|-damage|p1a: Vigoroth|31\/100\n|-damage|p1a: Vigoroth|19\/100\n|-damage|p1a: Vigoroth|7\/100\n|-damage|p1a: Vigoroth|0 fnt\n|faint|p1a: Vigoroth\n|-hitcount|p1: Vigoroth|5\n|\n|upkeep\n|\n|t:|1698914203\n|switch|p1a: Infernape|Infernape, M|100\/100\n|-damage|p1a: Infernape|76\/100|[from] Spikes\n|turn|24\n|\n|t:|1698914213\n|move|p1a: Infernape|Fire Punch|p2a: Breloom\n|-supereffective|p2a: Breloom\n|-damage|p2a: Breloom|0 fnt\n|faint|p2a: Breloom\n|\n|upkeep\n|\n|t:|1698914218\n|switch|p2a: Dusknoir|Dusknoir, F|100\/100\n|-damage|p2a: Dusknoir|88\/100|[from] Stealth Rock\n|-item|p1a: Infernape|Punching Glove|[from] ability: Frisk|[of] p2a: Dusknoir|[identify]\n|turn|25\n|\n|t:|1698914228\n|move|p1a: Infernape|Swords Dance|p1a: Infernape\n|-boost|p1a: Infernape|atk|2\n|move|p2a: Dusknoir|Pain Split|p1a: Infernape\n|-sethp|p1a: Infernape|82\/100|[from] move: Pain Split|[silent]\n|-sethp|p2a: Dusknoir|82\/100|[from] move: Pain Split\n|\n|-heal|p2a: Dusknoir|88\/100|[from] item: Leftovers\n|upkeep\n|turn|26\n|\n|t:|1698914235\n|move|p1a: Infernape|Swords Dance|p1a: Infernape\n|-boost|p1a: Infernape|atk|2\n|move|p2a: Dusknoir|Night Shade|p1a: Infernape\n|-damage|p1a: Infernape|48\/100\n|\n|-heal|p2a: Dusknoir|94\/100|[from] item: Leftovers\n|upkeep\n|turn|27\n|\n|t:|1698914245\n|move|p1a: Infernape|Fire Punch|p2a: Dusknoir\n|-damage|p2a: Dusknoir|4\/100\n|-status|p2a: Dusknoir|brn\n|move|p2a: Dusknoir|Night Shade|p1a: Infernape\n|-damage|p1a: Infernape|14\/100\n|\n|-heal|p2a: Dusknoir|10\/100 brn|[from] item: Leftovers\n|-damage|p2a: Dusknoir|4\/100 brn|[from] brn\n|upkeep\n|turn|28\n|\n|t:|1698914254\n|move|p1a: Infernape|Fire Punch|p2a: Dusknoir\n|-damage|p2a: Dusknoir|0 fnt\n|faint|p2a: Dusknoir\n|\n|upkeep\n|\n|t:|1698914259\n|switch|p2a: Magnezone|Magnezone|7\/100\n|-damage|p2a: Magnezone|1\/100|[from] Stealth Rock\n|turn|29\n|\n|t:|1698914263\n|move|p1a: Infernape|Fire Punch|p2a: Magnezone\n|-supereffective|p2a: Magnezone\n|-damage|p2a: Magnezone|0 fnt\n|faint|p2a: Magnezone\n|\n|win|Da1ba Nana\n|raw|Da1ba Nana's rating: 1085 &rarr; <strong>1106<\/strong><br \/>(+21 for winning)\n|raw|BaconV5062's rating: 1000 &rarr; <strong>1000<\/strong><br \/>(+0 for losing)\n","uploadtime":1698914271,"views":9,"p1id":"da1banana","p2id":"baconv5062","formatid":"gen9anythinggoes","rating":1000,"private":0,"password":""}