{"id":"gen9anythinggoes-1983656983","p1":"Purplepuppy100","p2":"imabeatyouupmate","format":"[Gen 9] Anything Goes","log":"|j|\u2606Purplepuppy100\n|j|\u2606imabeatyouupmate\n|t:|1699154820\n|gametype|singles\n|player|p1|Purplepuppy100|1|1084\n|player|p2|imabeatyouupmate|giovanni|1000\n|teamsize|p1|6\n|teamsize|p2|6\n|gen|9\n|tier|[Gen 9] Anything Goes\n|rated|\n|rule|HP Percentage Mod: HP is shown in percentages\n|rule|Endless Battle Clause: Forcing endless battles is banned\n|clearpoke\n|poke|p1|Garganacl, F|\n|poke|p1|Gastrodon, M|\n|poke|p1|Revavroom, M|\n|poke|p1|Sawsbuck-Summer, F|\n|poke|p1|Bombirdier, F|\n|poke|p1|Kingambit, M|\n|poke|p2|Maushold-Four|\n|poke|p2|Maushold-Four|\n|poke|p2|Maushold-Four|\n|poke|p2|Maushold-Four|\n|poke|p2|Maushold-Four|\n|poke|p2|Maushold-Four|\n|teampreview\n|\n|t:|1699154826\n|start\n|switch|p1a: Garganacl|Garganacl, F|100\/100\n|switch|p2a: Maushold|Maushold-Four|100\/100\n|turn|1\n|\n|t:|1699154834\n|move|p2a: Maushold|Population Bomb|p1a: Garganacl\n|-resisted|p1a: Garganacl\n|-damage|p1a: Garganacl|99\/100\n|-resisted|p1a: Garganacl\n|-damage|p1a: Garganacl|97\/100\n|-resisted|p1a: Garganacl\n|-damage|p1a: Garganacl|95\/100\n|-hitcount|p1a: Garganacl|3\n|move|p1a: Garganacl|Salt Cure|p2a: Maushold\n|-damage|p2a: Maushold|82\/100\n|-start|p2a: Maushold|Salt Cure\n|\n|-heal|p1a: Garganacl|100\/100|[from] item: Leftovers\n|-damage|p2a: Maushold|70\/100|[from] Salt Cure\n|upkeep\n|turn|2\n|\n|t:|1699154851\n|move|p2a: Maushold|Play Rough|p1a: Garganacl\n|-damage|p1a: Garganacl|89\/100\n|move|p1a: Garganacl|Stealth Rock|p2a: Maushold\n|-sidestart|p2: imabeatyouupmate|move: Stealth Rock\n|\n|-heal|p1a: Garganacl|95\/100|[from] item: Leftovers\n|-damage|p2a: Maushold|57\/100|[from] Salt Cure\n|upkeep\n|turn|3\n|\n|t:|1699154863\n|move|p2a: Maushold|Play Rough|p1a: Garganacl\n|-damage|p1a: Garganacl|83\/100\n|move|p1a: Garganacl|Salt Cure|p2a: Maushold\n|-damage|p2a: Maushold|39\/100\n|\n|-heal|p1a: Garganacl|90\/100|[from] item: Leftovers\n|-damage|p2a: Maushold|26\/100|[from] Salt Cure\n|upkeep\n|turn|4\n|\n|t:|1699154876\n|move|p2a: Maushold|Play Rough|p1a: Garganacl\n|-damage|p1a: Garganacl|78\/100\n|move|p1a: Garganacl|Salt Cure|p2a: Maushold\n|-crit|p2a: Maushold\n|-damage|p2a: Maushold|0 fnt\n|faint|p2a: Maushold\n|\n|-heal|p1a: Garganacl|84\/100|[from] item: Leftovers\n|upkeep\n|\n|t:|1699154886\n|switch|p2a: Maushold|Maushold-Four|100\/100\n|-damage|p2a: Maushold|88\/100|[from] Stealth Rock\n|turn|5\n|\n|t:|1699154896\n|move|p2a: Maushold|Play Rough|p1a: Garganacl\n|-damage|p1a: Garganacl|73\/100\n|move|p1a: Garganacl|Salt Cure|p2a: Maushold\n|-damage|p2a: Maushold|72\/100\n|-start|p2a: Maushold|Salt Cure\n|\n|-heal|p1a: Garganacl|79\/100|[from] item: Leftovers\n|-damage|p2a: Maushold|59\/100|[from] Salt Cure\n|upkeep\n|turn|6\n|\n|t:|1699154907\n|move|p2a: Maushold|Play Rough|p1a: Garganacl\n|-damage|p1a: Garganacl|67\/100\n|-unboost|p1a: Garganacl|atk|1\n|move|p1a: Garganacl|Recover|p1a: Garganacl\n|-heal|p1a: Garganacl|100\/100\n|\n|-damage|p2a: Maushold|47\/100|[from] Salt Cure\n|upkeep\n|turn|7\n|c|\u2606imabeatyouupmate|PLAY ROUGH\n|c|\u2606imabeatyouupmate|PLAY TOUGH\n|n|!imabeatyouupmate|imabeatyouupmate\n|-message|imabeatyouupmate forfeited.\n|\n|win|Purplepuppy100\n|raw|Purplepuppy100's rating: 1084 &rarr; <strong>1105<\/strong><br \/>(+21 for winning)\n|raw|imabeatyouupmate's rating: 1000 &rarr; <strong>1000<\/strong><br \/>(+0 for losing)\n|l|!imabeatyouupmate\n","uploadtime":1699154916,"views":6,"p1id":"purplepuppy100","p2id":"imabeatyouupmate","formatid":"gen9anythinggoes","rating":1000,"private":0,"password":""}