{"id":"gen9anythinggoes-1979115390","p1":"Xionicdemon","p2":"ReportThisName","format":"[Gen 9] Anything Goes","log":"|j|\u2606Xionicdemon\n|j|\u2606ReportThisName\n|t:|1698634243\n|gametype|singles\n|player|p1|Xionicdemon|hugh|1163\n|player|p2|ReportThisName|ghetsis|1210\n|teamsize|p1|6\n|teamsize|p2|6\n|gen|9\n|tier|[Gen 9] Anything Goes\n|rated|\n|rule|HP Percentage Mod: HP is shown in percentages\n|rule|Endless Battle Clause: Forcing endless battles is banned\n|clearpoke\n|poke|p1|Charizard, F|\n|poke|p1|Urshifu-*, F|\n|poke|p1|Jolteon, F|\n|poke|p1|Zoroark-Hisui, M|\n|poke|p1|Baxcalibur, F|\n|poke|p1|Mewtwo|\n|poke|p2|Espathra, F|\n|poke|p2|Clefable, M|\n|poke|p2|Ursaluna-Bloodmoon, M|\n|poke|p2|Volcarona, M|\n|poke|p2|Kommo-o, F|\n|poke|p2|Glimmora, F|\n|teampreview\n|inactive|Battle timer is ON: inactive players will automatically lose when time's up. (requested by ReportThisName)\n|\n|t:|1698634268\n|start\n|switch|p1a: Baxcalibur|Baxcalibur, F|100\/100\n|switch|p2a: Espathra|Espathra, F|100\/100\n|turn|1\n|\n|t:|1698634291\n|move|p1a: Baxcalibur|Glaive Rush|p2a: Espathra\n|-damage|p2a: Espathra|27\/100\n|-singlemove|p1a: Baxcalibur|Glaive Rush|[silent]\n|move|p2a: Espathra|Lumina Crash|p1a: Baxcalibur\n|-damage|p1a: Baxcalibur|32\/100\n|-unboost|p1a: Baxcalibur|spd|2\n|\n|upkeep\n|turn|2\n|\n|t:|1698634304\n|move|p1a: Baxcalibur|Ice Fang|p2a: Espathra\n|-damage|p2a: Espathra|0 fnt\n|faint|p2a: Espathra\n|\n|upkeep\n|\n|t:|1698634314\n|switch|p2a: Glimmora|Glimmora, F|100\/100\n|turn|3\n|\n|t:|1698634321\n|move|p1a: Baxcalibur|Aqua Tail|p2a: Glimmora\n|-supereffective|p2a: Glimmora\n|-damage|p2a: Glimmora|39\/100\n|-activate|p2a: Glimmora|ability: Toxic Debris\n|-sidestart|p1: Xionicdemon|move: Toxic Spikes\n|move|p2a: Glimmora|Stealth Rock|p1a: Baxcalibur\n|-sidestart|p1: Xionicdemon|move: Stealth Rock\n|\n|-heal|p2a: Glimmora|46\/100|[from] item: Black Sludge\n|upkeep\n|turn|4\n|\n|t:|1698634329\n|move|p2a: Glimmora|Spiky Shield|p2a: Glimmora\n|-singleturn|p2a: Glimmora|move: Protect\n|move|p1a: Baxcalibur|Aqua Tail|p2a: Glimmora\n|-activate|p2a: Glimmora|move: Protect\n|-damage|p1a: Baxcalibur|20\/100|[from] Spiky Shield|[of] p2a: Glimmora\n|-enditem|p1a: Baxcalibur|Salac Berry|[eat]\n|-boost|p1a: Baxcalibur|spe|1|[from] item: Salac Berry\n|\n|-heal|p2a: Glimmora|52\/100|[from] item: Black Sludge\n|upkeep\n|turn|5\n|\n|t:|1698634342\n|move|p1a: Baxcalibur|Aqua Tail|p2a: Glimmora\n|-supereffective|p2a: Glimmora\n|-damage|p2a: Glimmora|0 fnt\n|-activate|p2a: Glimmora|ability: Toxic Debris\n|-sidestart|p1: Xionicdemon|move: Toxic Spikes\n|faint|p2a: Glimmora\n|\n|upkeep\n|\n|t:|1698634347\n|switch|p2a: Clefable|Clefable, M|100\/100\n|turn|6\n|\n|t:|1698634357\n|move|p1a: Baxcalibur|Icicle Spear|p2a: Clefable\n|-damage|p2a: Clefable|87\/100\n|-damage|p2a: Clefable|71\/100\n|-hitcount|p2a: Clefable|2\n|move|p2a: Clefable|Thunder Punch|p1a: Baxcalibur\n|-resisted|p1a: Baxcalibur\n|-damage|p1a: Baxcalibur|6\/100\n|\n|upkeep\n|turn|7\n|\n|t:|1698634367\n|move|p1a: Baxcalibur|Icicle Spear|p2a: Clefable\n|-damage|p2a: Clefable|56\/100\n|-damage|p2a: Clefable|42\/100\n|-damage|p2a: Clefable|28\/100\n|-crit|p2a: Clefable\n|-damage|p2a: Clefable|5\/100\n|-damage|p2a: Clefable|0 fnt\n|faint|p2a: Clefable\n|-hitcount|p2: Clefable|5\n|\n|upkeep\n|\n|t:|1698634379\n|switch|p2a: Volcarona|Volcarona, M|100\/100\n|turn|8\n|\n|t:|1698634396\n|move|p1a: Baxcalibur|Glaive Rush|p2a: Volcarona\n|-damage|p2a: Volcarona|25\/100\n|-singlemove|p1a: Baxcalibur|Glaive Rush|[silent]\n|move|p2a: Volcarona|Quiver Dance|p2a: Volcarona\n|-boost|p2a: Volcarona|spa|1\n|-boost|p2a: Volcarona|spd|1\n|-boost|p2a: Volcarona|spe|1\n|\n|-heal|p2a: Volcarona|31\/100|[from] item: Leftovers\n|upkeep\n|turn|9\n|\n|t:|1698634413\n|move|p1a: Baxcalibur|Aqua Tail|p2a: Volcarona\n|-supereffective|p2a: Volcarona\n|-crit|p2a: Volcarona\n|-damage|p2a: Volcarona|0 fnt\n|faint|p2a: Volcarona\n|\n|upkeep\n|\n|t:|1698634419\n|switch|p2a: Kommo-o|Kommo-o, F|100\/100\n|turn|10\n|\n|t:|1698634426\n|move|p1a: Baxcalibur|Glaive Rush|p2a: Kommo-o\n|-supereffective|p2a: Kommo-o\n|-damage|p2a: Kommo-o|0 fnt\n|-singlemove|p1a: Baxcalibur|Glaive Rush|[silent]\n|faint|p2a: Kommo-o\n|\n|upkeep\n|\n|t:|1698634432\n|switch|p2a: Cuddle Bunny|Ursaluna-Bloodmoon, M|100\/100\n|turn|11\n|\n|t:|1698634452\n|-terastallize|p2a: Cuddle Bunny|Fairy\n|move|p1a: Baxcalibur|Ice Fang|p2a: Cuddle Bunny\n|-damage|p2a: Cuddle Bunny|76\/100\n|move|p2a: Cuddle Bunny|Calm Mind|p2a: Cuddle Bunny\n|-boost|p2a: Cuddle Bunny|spa|1\n|-boost|p2a: Cuddle Bunny|spd|1\n|\n|-heal|p2a: Cuddle Bunny|82\/100|[from] item: Leftovers\n|upkeep\n|turn|12\n|\n|t:|1698634462\n|move|p1a: Baxcalibur|Icicle Spear|p2a: Cuddle Bunny\n|-damage|p2a: Cuddle Bunny|72\/100\n|-damage|p2a: Cuddle Bunny|62\/100\n|-hitcount|p2a: Cuddle Bunny|2\n|move|p2a: Cuddle Bunny|Moonblast|p1a: Baxcalibur\n|-supereffective|p1a: Baxcalibur\n|-crit|p1a: Baxcalibur\n|-damage|p1a: Baxcalibur|0 fnt\n|faint|p1a: Baxcalibur\n|\n|-heal|p2a: Cuddle Bunny|69\/100|[from] item: Leftovers\n|upkeep\n|inactive|Xionicdemon has 120 seconds left.\n|\n|t:|1698634489\n|switch|p1a: Charizard|Charizard, F|100\/100\n|turn|13\n|inactive|Xionicdemon has 120 seconds left.\n|\n|t:|1698634502\n|-terastallize|p1a: Charizard|Fire\n|move|p1a: Charizard|Fire Blast|p2a: Cuddle Bunny\n|-crit|p2a: Cuddle Bunny\n|-damage|p2a: Cuddle Bunny|0 fnt\n|faint|p2a: Cuddle Bunny\n|\n|win|Xionicdemon\n|raw|Xionicdemon's rating: 1163 &rarr; <strong>1191<\/strong><br \/>(+28 for winning)\n|raw|ReportThisName's rating: 1210 &rarr; <strong>1182<\/strong><br \/>(-28 for losing)\n|l|\u2606ReportThisName\n","uploadtime":1698634547,"views":9,"p1id":"xionicdemon","p2id":"reportthisname","formatid":"gen9anythinggoes","rating":1182,"private":0,"password":""}