{"id":"gen9anythinggoes-1982249594","p1":"OmarHenryKasOscar","p2":"Ankun4","format":"[Gen 9] Anything Goes","log":"|j|\u2606OmarHenryKasOscar\n|j|\u2606Ankun4\n|t:|1698984402\n|gametype|singles\n|player|p1|OmarHenryKasOscar|artist|1094\n|player|p2|Ankun4|170|1035\n|teamsize|p1|6\n|teamsize|p2|6\n|gen|9\n|tier|[Gen 9] Anything Goes\n|rated|\n|rule|HP Percentage Mod: HP is shown in percentages\n|rule|Endless Battle Clause: Forcing endless battles is banned\n|clearpoke\n|poke|p1|Kyogre|\n|poke|p1|Groudon|\n|poke|p1|Haxorus, F|\n|poke|p1|Articuno|\n|poke|p1|Crawdaunt, F|\n|poke|p1|Landorus-Therian, M|\n|poke|p2|Magnezone|\n|poke|p2|Torterra, M|\n|poke|p2|Empoleon, M|\n|poke|p2|Gardevoir, M|\n|poke|p2|Heatran, F|\n|poke|p2|Umbreon, F|\n|teampreview\n|c|\u2606OmarHenryKasOscar|GLHF\n|\n|t:|1698984421\n|start\n|switch|p1a: Haxorus|Haxorus, F|100\/100\n|switch|p2a: Gardevoir|Gardevoir, M|100\/100\n|-ability|p1a: Haxorus|Mold Breaker\n|-ability|p2a: Gardevoir|Mold Breaker\n|-ability|p2a: Gardevoir|Mold Breaker|[from] ability: Trace|[of] p1a: Haxorus\n|turn|1\n|\n|t:|1698984430\n|move|p1a: Haxorus|Guillotine|p2a: Gardevoir|[miss]\n|-miss|p1a: Haxorus|p2a: Gardevoir\n|move|p2a: Gardevoir|Moonblast|p1a: Haxorus\n|-supereffective|p1a: Haxorus\n|-enditem|p1a: Haxorus|Focus Sash\n|-damage|p1a: Haxorus|1\/100\n|-unboost|p1a: Haxorus|spa|1\n|\n|upkeep\n|turn|2\n|\n|t:|1698984441\n|move|p1a: Haxorus|Guillotine|p2a: Gardevoir\n|-damage|p2a: Gardevoir|0 fnt\n|faint|p2a: Gardevoir\n|-ohko\n|\n|upkeep\n|\n|t:|1698984454\n|switch|p2a: Torterra|Torterra, M|100\/100\n|turn|3\n|\n|t:|1698984459\n|move|p1a: Haxorus|Taunt|p2a: Torterra\n|-start|p2a: Torterra|move: Taunt\n|cant|p2a: Torterra|move: Taunt|Stealth Rock\n|\n|upkeep\n|turn|4\n|\n|t:|1698984464\n|move|p1a: Haxorus|Guillotine|p2a: Torterra|[miss]\n|-miss|p1a: Haxorus|p2a: Torterra\n|move|p2a: Torterra|Earthquake|p1a: Haxorus\n|-damage|p1a: Haxorus|0 fnt\n|faint|p1a: Haxorus\n|\n|upkeep\n|\n|t:|1698984475\n|switch|p1a: Groudon|Groudon|100\/100\n|-weather|SunnyDay|[from] ability: Drought|[of] p1a: Groudon\n|turn|5\n|\n|t:|1698984481\n|move|p1a: Groudon|Spikes|p2a: Torterra\n|-sidestart|p2: Ankun4|Spikes\n|move|p2a: Torterra|Wood Hammer|p1a: Groudon\n|-supereffective|p1a: Groudon\n|-damage|p1a: Groudon|40\/100\n|-damage|p2a: Torterra|80\/100|[from] Recoil\n|\n|-weather|SunnyDay|[upkeep]\n|-heal|p1a: Groudon|47\/100|[from] item: Leftovers\n|-heal|p2a: Torterra|86\/100|[from] item: Leftovers\n|-end|p2a: Torterra|move: Taunt\n|upkeep\n|turn|6\n|\n|t:|1698984493\n|move|p1a: Groudon|Stealth Rock|p2a: Torterra\n|-sidestart|p2: Ankun4|move: Stealth Rock\n|move|p2a: Torterra|Stealth Rock|p1a: Groudon\n|-sidestart|p1: OmarHenryKasOscar|move: Stealth Rock\n|\n|-weather|SunnyDay|[upkeep]\n|-heal|p1a: Groudon|53\/100|[from] item: Leftovers\n|-heal|p2a: Torterra|92\/100|[from] item: Leftovers\n|upkeep\n|turn|7\n|\n|t:|1698984499\n|move|p1a: Groudon|Spikes|p2a: Torterra\n|-sidestart|p2: Ankun4|Spikes\n|move|p2a: Torterra|Wood Hammer|p1a: Groudon\n|-supereffective|p1a: Groudon\n|-damage|p1a: Groudon|0 fnt\n|faint|p1a: Groudon\n|-damage|p2a: Torterra|75\/100|[from] Recoil\n|\n|-weather|SunnyDay|[upkeep]\n|-heal|p2a: Torterra|81\/100|[from] item: Leftovers\n|upkeep\n|\n|t:|1698984508\n|switch|p1a: Articuno|Articuno|100\/100\n|-ability|p1a: Articuno|Pressure\n|turn|8\n|\n|t:|1698984516\n|switch|p2a: Magnezone|Magnezone|100\/100\n|-damage|p2a: Magnezone|84\/100|[from] Spikes\n|-damage|p2a: Magnezone|78\/100|[from] Stealth Rock\n|move|p1a: Articuno|Substitute|p1a: Articuno\n|-start|p1a: Articuno|Substitute\n|-damage|p1a: Articuno|76\/100\n|\n|-weather|SunnyDay|[upkeep]\n|upkeep\n|turn|9\n|\n|t:|1698984524\n|move|p1a: Articuno|Sheer Cold|p2a: Magnezone\n|-immune|p2a: Magnezone|[from] ability: Sturdy\n|move|p2a: Magnezone|Thunderbolt|p1a: Articuno\n|-supereffective|p1a: Articuno\n|-end|p1a: Articuno|Substitute\n|\n|-weather|none\n|upkeep\n|turn|10\n|\n|t:|1698984536\n|switch|p1a: Landorus|Landorus-Therian, M|100\/100\n|-damage|p1a: Landorus|88\/100|[from] Stealth Rock\n|-ability|p1a: Landorus|Intimidate|boost\n|-unboost|p2a: Magnezone|atk|1\n|move|p2a: Magnezone|Thunderbolt|p1a: Landorus\n|-immune|p1a: Landorus\n|\n|-heal|p1a: Landorus|94\/100|[from] item: Leftovers\n|upkeep\n|turn|11\n|\n|t:|1698984552\n|switch|p2a: Umbreon|Umbreon, F|100\/100\n|-damage|p2a: Umbreon|84\/100|[from] Spikes\n|-damage|p2a: Umbreon|72\/100|[from] Stealth Rock\n|move|p1a: Landorus|Block|p2a: Umbreon\n|-activate|p2a: Umbreon|trapped\n|\n|-heal|p1a: Landorus|99\/100|[from] item: Leftovers\n|-heal|p2a: Umbreon|78\/100|[from] item: Leftovers\n|upkeep\n|turn|12\n|\n|t:|1698984561\n|move|p1a: Landorus|Taunt|p2a: Umbreon\n|-start|p2a: Umbreon|move: Taunt\n|cant|p2a: Umbreon|move: Taunt|Confuse Ray\n|\n|-heal|p1a: Landorus|100\/100|[from] item: Leftovers\n|-heal|p2a: Umbreon|84\/100|[from] item: Leftovers\n|upkeep\n|turn|13\n|\n|t:|1698984569\n|move|p1a: Landorus|Fissure|p2a: Umbreon|[miss]\n|-miss|p1a: Landorus|p2a: Umbreon\n|move|p2a: Umbreon|Foul Play|p1a: Landorus\n|-damage|p1a: Landorus|66\/100\n|\n|-heal|p1a: Landorus|72\/100|[from] item: Leftovers\n|-heal|p2a: Umbreon|90\/100|[from] item: Leftovers\n|upkeep\n|turn|14\n|\n|t:|1698984576\n|move|p1a: Landorus|Fissure|p2a: Umbreon|[miss]\n|-miss|p1a: Landorus|p2a: Umbreon\n|move|p2a: Umbreon|Foul Play|p1a: Landorus\n|-crit|p1a: Landorus\n|-damage|p1a: Landorus|22\/100\n|\n|-heal|p1a: Landorus|28\/100|[from] item: Leftovers\n|-heal|p2a: Umbreon|96\/100|[from] item: Leftovers\n|-end|p2a: Umbreon|move: Taunt\n|upkeep\n|turn|15\n|\n|t:|1698984592\n|move|p1a: Landorus|Fissure|p2a: Umbreon\n|-damage|p2a: Umbreon|0 fnt\n|faint|p2a: Umbreon\n|-ohko\n|\n|-heal|p1a: Landorus|34\/100|[from] item: Leftovers\n|upkeep\n|\n|t:|1698984603\n|switch|p2a: Torterra|Torterra, M|81\/100\n|-damage|p2a: Torterra|64\/100|[from] Spikes\n|-damage|p2a: Torterra|58\/100|[from] Stealth Rock\n|turn|16\n|\n|t:|1698984616\n|move|p1a: Landorus|Fissure|p2a: Torterra|[miss]\n|-miss|p1a: Landorus|p2a: Torterra\n|move|p2a: Torterra|Wood Hammer|p1a: Landorus\n|-damage|p1a: Landorus|0 fnt\n|faint|p1a: Landorus\n|-damage|p2a: Torterra|47\/100|[from] Recoil\n|\n|-heal|p2a: Torterra|54\/100|[from] item: Leftovers\n|upkeep\n|\n|t:|1698984622\n|switch|p1a: Articuno|Articuno|76\/100\n|-ability|p1a: Articuno|Pressure\n|turn|17\n|\n|t:|1698984633\n|switch|p2a: Heatran|Heatran, F|100\/100\n|-damage|p2a: Heatran|84\/100|[from] Spikes\n|-damage|p2a: Heatran|71\/100|[from] Stealth Rock\n|move|p1a: Articuno|Substitute|p1a: Articuno\n|-start|p1a: Articuno|Substitute\n|-damage|p1a: Articuno|51\/100\n|\n|-heal|p2a: Heatran|78\/100|[from] item: Leftovers\n|upkeep\n|turn|18\n|\n|t:|1698984651\n|move|p1a: Articuno|Roost|p1a: Articuno\n|-heal|p1a: Articuno|100\/100\n|-singleturn|p1a: Articuno|move: Roost\n|move|p2a: Heatran|Earth Power|p1a: Articuno\n|-end|p1a: Articuno|Substitute\n|\n|-heal|p2a: Heatran|84\/100|[from] item: Leftovers\n|upkeep\n|turn|19\n|\n|t:|1698984659\n|move|p1a: Articuno|Substitute|p1a: Articuno\n|-start|p1a: Articuno|Substitute\n|-damage|p1a: Articuno|76\/100\n|move|p2a: Heatran|Magma Storm|p1a: Articuno\n|-supereffective|p1a: Articuno\n|-end|p1a: Articuno|Substitute\n|\n|-heal|p2a: Heatran|90\/100|[from] item: Leftovers\n|upkeep\n|turn|20\n|\n|t:|1698984668\n|move|p1a: Articuno|Substitute|p1a: Articuno\n|-start|p1a: Articuno|Substitute\n|-damage|p1a: Articuno|51\/100\n|move|p2a: Heatran|Body Press|p1a: Articuno\n|-activate|p1a: Articuno|move: Substitute|[damage]\n|\n|-heal|p2a: Heatran|96\/100|[from] item: Leftovers\n|upkeep\n|turn|21\n|\n|t:|1698984678\n|move|p1a: Articuno|Sheer Cold|p2a: Heatran|[miss]\n|-miss|p1a: Articuno|p2a: Heatran\n|move|p2a: Heatran|Body Press|p1a: Articuno\n|-end|p1a: Articuno|Substitute\n|\n|-heal|p2a: Heatran|100\/100|[from] item: Leftovers\n|upkeep\n|turn|22\n|\n|t:|1698984691\n|move|p1a: Articuno|Roost|p1a: Articuno\n|-heal|p1a: Articuno|100\/100\n|-singleturn|p1a: Articuno|move: Roost\n|move|p2a: Heatran|Magma Storm|p1a: Articuno|[miss]\n|-miss|p2a: Heatran|p1a: Articuno\n|\n|upkeep\n|turn|23\n|\n|t:|1698984701\n|move|p1a: Articuno|Substitute|p1a: Articuno\n|-start|p1a: Articuno|Substitute\n|-damage|p1a: Articuno|76\/100\n|move|p2a: Heatran|Earth Power|p1a: Articuno\n|-immune|p1a: Articuno\n|\n|upkeep\n|turn|24\n|\n|t:|1698984712\n|switch|p2a: Magnezone|Magnezone|78\/100\n|-damage|p2a: Magnezone|61\/100|[from] Spikes\n|-damage|p2a: Magnezone|55\/100|[from] Stealth Rock\n|move|p1a: Articuno|Sheer Cold|p2a: Magnezone\n|-immune|p2a: Magnezone|[from] ability: Sturdy\n|\n|upkeep\n|turn|25\n|\n|t:|1698984725\n|move|p1a: Articuno|Haze|p1a: Articuno\n|-clearallboost\n|move|p2a: Magnezone|Thunderbolt|p1a: Articuno\n|-supereffective|p1a: Articuno\n|-end|p1a: Articuno|Substitute\n|\n|upkeep\n|turn|26\n|\n|t:|1698984731\n|move|p1a: Articuno|Substitute|p1a: Articuno\n|-start|p1a: Articuno|Substitute\n|-damage|p1a: Articuno|51\/100\n|move|p2a: Magnezone|Thunderbolt|p1a: Articuno\n|-supereffective|p1a: Articuno\n|-end|p1a: Articuno|Substitute\n|\n|upkeep\n|turn|27\n|\n|t:|1698984737\n|move|p1a: Articuno|Roost|p1a: Articuno\n|-heal|p1a: Articuno|100\/100\n|-singleturn|p1a: Articuno|move: Roost\n|move|p2a: Magnezone|Thunderbolt|p1a: Articuno\n|-damage|p1a: Articuno|42\/100\n|\n|upkeep\n|turn|28\n|\n|t:|1698984746\n|switch|p1a: Crawdaunt|Crawdaunt, F|100\/100\n|-damage|p1a: Crawdaunt|88\/100|[from] Stealth Rock\n|move|p2a: Magnezone|Thunderbolt|p1a: Crawdaunt\n|-supereffective|p1a: Crawdaunt\n|-damage|p1a: Crawdaunt|0 fnt\n|faint|p1a: Crawdaunt\n|\n|upkeep\n|\n|t:|1698984749\n|switch|p1a: Kyogre|Kyogre|100\/100\n|-damage|p1a: Kyogre|88\/100|[from] Stealth Rock\n|-weather|RainDance|[from] ability: Drizzle|[of] p1a: Kyogre\n|turn|29\n|\n|t:|1698984757\n|move|p2a: Magnezone|Thunderbolt|p1a: Kyogre\n|-supereffective|p1a: Kyogre\n|-damage|p1a: Kyogre|9\/100\n|move|p1a: Kyogre|Roar|p2a: Magnezone\n|drag|p2a: Empoleon|Empoleon, M|100\/100\n|-damage|p2a: Empoleon|84\/100|[from] Spikes\n|-damage|p2a: Empoleon|78\/100|[from] Stealth Rock\n|\n|-weather|RainDance|[upkeep]\n|-heal|p1a: Kyogre|15\/100|[from] item: Leftovers\n|upkeep\n|turn|30\n|\n|t:|1698984772\n|move|p1a: Kyogre|Rest|p1a: Kyogre\n|-status|p1a: Kyogre|slp|[from] move: Rest\n|-heal|p1a: Kyogre|100\/100 slp|[silent]\n|move|p2a: Empoleon|Knock Off|p1a: Kyogre\n|-damage|p1a: Kyogre|78\/100 slp\n|-enditem|p1a: Kyogre|Leftovers|[from] move: Knock Off|[of] p2a: Empoleon\n|\n|-weather|RainDance|[upkeep]\n|upkeep\n|turn|31\n|\n|t:|1698984782\n|cant|p1a: Kyogre|slp\n|move|p1a: Kyogre|Sleep Talk|p1a: Kyogre\n|move|p1a: Kyogre|Sheer Cold|p2a: Empoleon|[from]move: Sleep Talk\n|-damage|p2a: Empoleon|0 fnt\n|faint|p2a: Empoleon\n|-ohko\n|\n|-weather|RainDance|[upkeep]\n|upkeep\n|\n|t:|1698984789\n|switch|p2a: Magnezone|Magnezone|55\/100\n|-damage|p2a: Magnezone|38\/100|[from] Spikes\n|-damage|p2a: Magnezone|32\/100|[from] Stealth Rock\n|turn|32\n|\n|t:|1698984794\n|cant|p1a: Kyogre|slp\n|move|p1a: Kyogre|Sleep Talk|p1a: Kyogre\n|move|p1a: Kyogre|Sheer Cold|p2a: Magnezone|[from]move: Sleep Talk\n|-immune|p2a: Magnezone|[from] ability: Sturdy\n|move|p2a: Magnezone|Thunderbolt|p1a: Kyogre\n|-supereffective|p1a: Kyogre\n|-damage|p1a: Kyogre|0 fnt\n|faint|p1a: Kyogre\n|\n|-weather|RainDance|[upkeep]\n|upkeep\n|\n|t:|1698984798\n|switch|p1a: Articuno|Articuno|42\/100\n|-ability|p1a: Articuno|Pressure\n|turn|33\n|\n|t:|1698984805\n|move|p1a: Articuno|Roost|p1a: Articuno\n|-heal|p1a: Articuno|92\/100\n|-singleturn|p1a: Articuno|move: Roost\n|move|p2a: Magnezone|Thunderbolt|p1a: Articuno\n|-damage|p1a: Articuno|37\/100\n|\n|-weather|none\n|upkeep\n|turn|34\n|\n|t:|1698984812\n|move|p1a: Articuno|Roost|p1a: Articuno\n|-heal|p1a: Articuno|87\/100\n|-singleturn|p1a: Articuno|move: Roost\n|move|p2a: Magnezone|Thunderbolt|p1a: Articuno\n|-damage|p1a: Articuno|33\/100\n|\n|upkeep\n|turn|35\n|\n|t:|1698984821\n|move|p1a: Articuno|Roost|p1a: Articuno\n|-heal|p1a: Articuno|83\/100\n|-singleturn|p1a: Articuno|move: Roost\n|move|p2a: Magnezone|Thunderbolt|p1a: Articuno\n|-damage|p1a: Articuno|24\/100\n|\n|upkeep\n|turn|36\n|\n|t:|1698984827\n|move|p1a: Articuno|Roost|p1a: Articuno\n|-heal|p1a: Articuno|74\/100\n|-singleturn|p1a: Articuno|move: Roost\n|move|p2a: Magnezone|Thunderbolt|p1a: Articuno\n|-crit|p1a: Articuno\n|-damage|p1a: Articuno|0 fnt\n|faint|p1a: Articuno\n|\n|win|Ankun4\n|raw|OmarHenryKasOscar's rating: 1094 &rarr; <strong>1066<\/strong><br \/>(-28 for losing)\n|raw|Ankun4's rating: 1035 &rarr; <strong>1076<\/strong><br \/>(+41 for winning)\n|c|\u2606OmarHenryKasOscar|GG to you\n","uploadtime":1698984842,"views":14,"p1id":"omarhenrykasoscar","p2id":"ankun4","formatid":"gen9anythinggoes","rating":1066,"private":0,"password":""}