{"id":"gen9anythinggoes-1979929636","p1":"Prime 40z","p2":"Dumbfudge","format":"[Gen 9] Anything Goes","log":"|j|\u2606Prime 40z\n|j|\u2606Dumbfudge\n|t:|1698731301\n|gametype|singles\n|player|p1|Prime 40z|170|1197\n|player|p2|Dumbfudge|blackbelt-gen4dp|1217\n|teamsize|p1|6\n|teamsize|p2|6\n|gen|9\n|tier|[Gen 9] Anything Goes\n|rated|\n|rule|HP Percentage Mod: HP is shown in percentages\n|rule|Endless Battle Clause: Forcing endless battles is banned\n|clearpoke\n|poke|p1|Gholdengo|\n|poke|p1|Gothitelle, F|\n|poke|p1|Glalie, M|\n|poke|p1|Ursaluna-Bloodmoon, M|\n|poke|p1|Ogerpon-Wellspring, F|\n|poke|p1|Cinderace, F|\n|poke|p2|Zacian-*|\n|poke|p2|Calyrex-Shadow|\n|poke|p2|Breloom, F|\n|poke|p2|Espathra, F|\n|poke|p2|Regieleki|\n|poke|p2|Dudunsparce-*, F|\n|teampreview\n|inactive|Battle timer is ON: inactive players will automatically lose when time's up. (requested by Dumbfudge)\n|\n|t:|1698731308\n|start\n|switch|p1a: Gholdengo|Gholdengo|100\/100\n|switch|p2a: Whooping cough|Zacian-Crowned|100\/100\n|-ability|p2a: Whooping cough|Intrepid Sword|boost\n|-boost|p2a: Whooping cough|atk|1\n|turn|1\n|\n|t:|1698731318\n|-terastallize|p2a: Whooping cough|Steel\n|move|p1a: Gholdengo|Dazzling Gleam|p2a: Whooping cough\n|-resisted|p2a: Whooping cough\n|-damage|p2a: Whooping cough|87\/100\n|move|p2a: Whooping cough|Behemoth Blade|p1a: Gholdengo\n|-resisted|p1a: Gholdengo\n|-damage|p1a: Gholdengo|39\/100\n|\n|upkeep\n|turn|2\n|\n|t:|1698731336\n|switch|p1a: Gothitelle|Gothitelle, F|100\/100\n|move|p2a: Whooping cough|Behemoth Blade|p1a: Gothitelle\n|-damage|p1a: Gothitelle|0 fnt\n|faint|p1a: Gothitelle\n|\n|upkeep\n|\n|t:|1698731352\n|switch|p1a: Cinderace|Cinderace, F|100\/100\n|turn|3\n|\n|t:|1698731355\n|switch|p2a: Dudunsparce|Dudunsparce, F|100\/100\n|move|p1a: Cinderace|Pyro Ball|p2a: Dudunsparce\n|-damage|p2a: Dudunsparce|55\/100\n|\n|upkeep\n|turn|4\n|\n|t:|1698731368\n|switch|p1a: Gholdengo|Gholdengo|39\/100\n|move|p2a: Dudunsparce|Roost|p2a: Dudunsparce\n|-heal|p2a: Dudunsparce|100\/100\n|-singleturn|p2a: Dudunsparce|move: Roost\n|\n|upkeep\n|turn|5\n|\n|t:|1698731375\n|move|p1a: Gholdengo|Make It Rain|p2a: Dudunsparce\n|-damage|p2a: Dudunsparce|49\/100\n|-unboost|p1a: Gholdengo|spa|1\n|move|p2a: Dudunsparce|Coil|p2a: Dudunsparce\n|-boost|p2a: Dudunsparce|atk|1\n|-boost|p2a: Dudunsparce|def|1\n|-boost|p2a: Dudunsparce|accuracy|1\n|\n|upkeep\n|turn|6\n|\n|t:|1698731384\n|move|p1a: Gholdengo|Make It Rain|p2a: Dudunsparce\n|-crit|p2a: Dudunsparce\n|-damage|p2a: Dudunsparce|0 fnt\n|-unboost|p1a: Gholdengo|spa|1\n|faint|p2a: Dudunsparce\n|\n|upkeep\n|\n|t:|1698731392\n|switch|p2a: Regieleki|Regieleki|100\/100\n|turn|7\n|\n|t:|1698731398\n|switch|p1a: Ursaluna|Ursaluna-Bloodmoon, M|100\/100\n|move|p2a: Regieleki|Thunder Cage|p1a: Ursaluna\n|-immune|p1a: Ursaluna\n|\n|upkeep\n|turn|8\n|\n|t:|1698731415\n|switch|p2a: Breloom|Breloom, F|100\/100\n|move|p1a: Ursaluna|Blood Moon|p2a: Breloom\n|-damage|p2a: Breloom|0 fnt\n|faint|p2a: Breloom\n|\n|upkeep\n|\n|t:|1698731427\n|switch|p2a: Whooping cough|Zacian-Crowned, tera:Steel|87\/100\n|turn|9\n|\n|t:|1698731432\n|move|p2a: Whooping cough|Behemoth Blade|p1a: Ursaluna\n|-damage|p1a: Ursaluna|43\/100\n|move|p1a: Ursaluna|Earth Power|p2a: Whooping cough\n|-supereffective|p2a: Whooping cough\n|-damage|p2a: Whooping cough|0 fnt\n|faint|p2a: Whooping cough\n|\n|upkeep\n|\n|t:|1698731440\n|switch|p2a: Calyrex|Calyrex-Shadow|100\/100\n|-ability|p2a: Calyrex|As One\n|-ability|p2a: Calyrex|Unnerve\n|turn|10\n|\n|t:|1698731447\n|move|p2a: Calyrex|Giga Drain|p1a: Ursaluna\n|-supereffective|p1a: Ursaluna\n|-damage|p1a: Ursaluna|0 fnt\n|faint|p1a: Ursaluna\n|-ability|p2a: Calyrex|Grim Neigh|boost\n|-boost|p2a: Calyrex|spa|1\n|\n|upkeep\n|\n|t:|1698731455\n|switch|p1a: Gholdengo|Gholdengo|39\/100\n|turn|11\n|\n|t:|1698731463\n|move|p1a: Gholdengo|Night Shade|p2a: Calyrex\n|-damage|p2a: Calyrex|71\/100\n|move|p2a: Calyrex|Astral Barrage|p1a: Gholdengo\n|-supereffective|p1a: Gholdengo\n|-damage|p1a: Gholdengo|0 fnt\n|faint|p1a: Gholdengo\n|-ability|p2a: Calyrex|Grim Neigh|boost\n|-boost|p2a: Calyrex|spa|1\n|\n|upkeep\n|\n|t:|1698731474\n|switch|p1a: Ogerpon|Ogerpon-Wellspring, F|100\/100\n|turn|12\n|\n|t:|1698731481\n|-terastallize|p1a: Ogerpon|Water\n|detailschange|p1a: Ogerpon|Ogerpon-Wellspring-Tera, F, tera:Water\n|-ability|p1a: Ogerpon|Embody Aspect (Wellspring)|boost\n|-boost|p1a: Ogerpon|spd|1\n|move|p2a: Calyrex|Astral Barrage|p1a: Ogerpon\n|-damage|p1a: Ogerpon|0 fnt\n|faint|p1a: Ogerpon\n|-ability|p2a: Calyrex|Grim Neigh|boost\n|-boost|p2a: Calyrex|spa|1\n|\n|upkeep\n|\n|t:|1698731495\n|switch|p1a: Glalie|Glalie, M|100\/100\n|turn|13\n|\n|t:|1698731498\n|move|p1a: Glalie|Protect|p1a: Glalie\n|-singleturn|p1a: Glalie|Protect\n|move|p2a: Calyrex|Astral Barrage|p1a: Glalie\n|-activate|p1a: Glalie|move: Protect\n|\n|-ability|p1a: Glalie|Moody|boost\n|-boost|p1a: Glalie|atk|2\n|-unboost|p1a: Glalie|spa|1\n|upkeep\n|turn|14\n|\n|t:|1698731510\n|switch|p1a: Cinderace|Cinderace, F|100\/100\n|move|p2a: Calyrex|Astral Barrage|p1a: Cinderace\n|-damage|p1a: Cinderace|0 fnt\n|faint|p1a: Cinderace\n|-ability|p2a: Calyrex|Grim Neigh|boost\n|-boost|p2a: Calyrex|spa|1\n|\n|upkeep\n|\n|t:|1698731517\n|switch|p1a: Glalie|Glalie, M|100\/100\n|turn|15\n|\n|t:|1698731523\n|move|p1a: Glalie|Protect|p1a: Glalie\n|-singleturn|p1a: Glalie|Protect\n|move|p2a: Calyrex|Giga Drain|p1a: Glalie\n|-activate|p1a: Glalie|move: Protect\n|\n|-ability|p1a: Glalie|Moody|boost\n|-boost|p1a: Glalie|spa|2\n|-unboost|p1a: Glalie|atk|1\n|upkeep\n|turn|16\n|\n|t:|1698731532\n|move|p1a: Glalie|Protect|p1a: Glalie\n|-singleturn|p1a: Glalie|Protect\n|move|p2a: Calyrex|Astral Barrage|p1a: Glalie\n|-activate|p1a: Glalie|move: Protect\n|\n|-ability|p1a: Glalie|Moody|boost\n|-boost|p1a: Glalie|spd|2\n|-unboost|p1a: Glalie|atk|1\n|upkeep\n|turn|17\n|\n|t:|1698731542\n|move|p1a: Glalie|Protect||[still]\n|-fail|p1a: Glalie\n|move|p2a: Calyrex|Giga Drain|p1a: Glalie\n|-damage|p1a: Glalie|17\/100\n|-heal|p2a: Calyrex|100\/100|[from] drain|[of] p1a: Glalie\n|\n|-heal|p1a: Glalie|23\/100|[from] item: Leftovers\n|-ability|p1a: Glalie|Moody|boost\n|-boost|p1a: Glalie|spa|2\n|-unboost|p1a: Glalie|spd|1\n|upkeep\n|turn|18\n|\n|t:|1698731554\n|move|p1a: Glalie|Protect|p1a: Glalie\n|-singleturn|p1a: Glalie|Protect\n|move|p2a: Calyrex|Astral Barrage|p1a: Glalie\n|-activate|p1a: Glalie|move: Protect\n|\n|-heal|p1a: Glalie|29\/100|[from] item: Leftovers\n|-ability|p1a: Glalie|Moody|boost\n|-boost|p1a: Glalie|spe|2\n|-unboost|p1a: Glalie|def|1\n|upkeep\n|turn|19\n|\n|t:|1698731565\n|move|p1a: Glalie|Substitute|p1a: Glalie\n|-start|p1a: Glalie|Substitute\n|-damage|p1a: Glalie|4\/100\n|move|p2a: Calyrex|Astral Barrage|p1a: Glalie\n|-end|p1a: Glalie|Substitute\n|\n|-heal|p1a: Glalie|10\/100|[from] item: Leftovers\n|-ability|p1a: Glalie|Moody|boost\n|-boost|p1a: Glalie|def|2\n|-unboost|p1a: Glalie|spd|1\n|upkeep\n|turn|20\n|\n|t:|1698731578\n|move|p1a: Glalie|Protect|p1a: Glalie\n|-singleturn|p1a: Glalie|Protect\n|move|p2a: Calyrex|Giga Drain|p1a: Glalie\n|-activate|p1a: Glalie|move: Protect\n|\n|-heal|p1a: Glalie|16\/100|[from] item: Leftovers\n|-ability|p1a: Glalie|Moody|boost\n|-boost|p1a: Glalie|spd|2\n|-unboost|p1a: Glalie|spe|1\n|upkeep\n|turn|21\n|\n|t:|1698731588\n|move|p1a: Glalie|Ice Beam|p2a: Calyrex\n|-damage|p2a: Calyrex|9\/100\n|move|p2a: Calyrex|Giga Drain|p1a: Glalie\n|-damage|p1a: Glalie|0 fnt\n|-heal|p2a: Calyrex|16\/100|[from] drain|[of] p1a: Glalie\n|faint|p1a: Glalie\n|\n|win|Dumbfudge\n|raw|Prime 40z's rating: 1197 &rarr; <strong>1173<\/strong><br \/>(-24 for losing)\n|raw|Dumbfudge's rating: 1217 &rarr; <strong>1241<\/strong><br \/>(+24 for winning)\n|l|\u2606Prime 40z\n","uploadtime":1698731605,"views":9,"p1id":"prime40z","p2id":"dumbfudge","formatid":"gen9anythinggoes","rating":1173,"private":0,"password":""}