{"id":"gen9anythinggoes-1996688285","p1":"Nuke9Plays","p2":"JR4ptor","format":"[Gen 9] Anything Goes","log":"|j|\u2606Nuke9Plays\n|j|\u2606JR4ptor\n|t:|1700709905\n|gametype|singles\n|player|p1|Nuke9Plays|silver|1237\n|player|p2|JR4ptor|hilbert|1127\n|teamsize|p1|6\n|teamsize|p2|6\n|gen|9\n|tier|[Gen 9] Anything Goes\n|rated|\n|rule|HP Percentage Mod: HP is shown in percentages\n|rule|Endless Battle Clause: Forcing endless battles is banned\n|clearpoke\n|poke|p1|Palafin, M|\n|poke|p1|Roaring Moon|\n|poke|p1|Volcarona, M|\n|poke|p1|Ceruledge, M|\n|poke|p1|Garganacl, M|\n|poke|p1|Annihilape, F|\n|poke|p2|Meowscarada, F|\n|poke|p2|Kilowattrel, M|\n|poke|p2|Cyclizar, F|\n|poke|p2|Palafin, M|\n|poke|p2|Ceruledge, F|\n|poke|p2|Farigiraf, F|\n|teampreview\n|inactive|Battle timer is ON: inactive players will automatically lose when time's up. (requested by JR4ptor)\n|\n|t:|1700709917\n|start\n|switch|p1a: Documents|Ceruledge, M|100\/100\n|switch|p2a: Farigiraf|Farigiraf, F|100\/100\n|turn|1\n|\n|t:|1700709924\n|move|p1a: Documents|Iron Head|p2a: Farigiraf\n|-damage|p2a: Farigiraf|71\/100\n|move|p2a: Farigiraf|Light Screen|p2a: Farigiraf\n|-sidestart|p2: JR4ptor|move: Light Screen\n|\n|upkeep\n|turn|2\n|\n|t:|1700709933\n|switch|p2a: Palafin|Palafin, M|100\/100\n|-terastallize|p1a: Documents|Fire\n|move|p1a: Documents|Bitter Blade|p2a: Palafin\n|-resisted|p2a: Palafin\n|-damage|p2a: Palafin|60\/100\n|\n|upkeep\n|turn|3\n|\n|t:|1700709958\n|detailschange|p2a: Palafin|Palafin-Hero, M\n|switch|p2a: Kilowattrel|Kilowattrel, M|100\/100\n|move|p1a: Documents|Close Combat|p2a: Kilowattrel\n|-resisted|p2a: Kilowattrel\n|-damage|p2a: Kilowattrel|64\/100\n|-unboost|p1a: Documents|def|1\n|-unboost|p1a: Documents|spd|1\n|\n|upkeep\n|turn|4\n|\n|t:|1700709969\n|move|p2a: Kilowattrel|Thunder Wave|p1a: Documents\n|-status|p1a: Documents|par\n|move|p1a: Documents|Iron Head|p2a: Kilowattrel\n|-resisted|p2a: Kilowattrel\n|-damage|p2a: Kilowattrel|39\/100\n|\n|upkeep\n|turn|5\n|\n|t:|1700709975\n|move|p2a: Kilowattrel|Roost|p2a: Kilowattrel\n|-heal|p2a: Kilowattrel|89\/100\n|-singleturn|p2a: Kilowattrel|move: Roost\n|cant|p1a: Documents|par\n|\n|-sideend|p2: JR4ptor|move: Light Screen\n|upkeep\n|turn|6\n|\n|t:|1700709989\n|switch|p2a: Palafin|Palafin-Hero, M|60\/100\n|-activate|p2a: Palafin|ability: Zero to Hero\n|move|p1a: Documents|Bitter Blade|p2a: Palafin\n|-resisted|p2a: Palafin\n|-damage|p2a: Palafin|30\/100\n|\n|upkeep\n|turn|7\n|\n|t:|1700709998\n|move|p2a: Palafin|Liquidation|p1a: Documents\n|-supereffective|p1a: Documents\n|-damage|p1a: Documents|0 fnt\n|-damage|p2a: Palafin|13\/100|[from] item: Rocky Helmet|[of] p1a: Documents\n|faint|p1a: Documents\n|\n|upkeep\n|\n|t:|1700710006\n|switch|p1a: Web|Volcarona, M|100\/100\n|turn|8\n|\n|t:|1700710012\n|move|p2a: Palafin|Aqua Jet|p1a: Web\n|-supereffective|p1a: Web\n|-damage|p1a: Web|31\/100\n|-damage|p2a: Palafin|0 fnt|[from] item: Rocky Helmet|[of] p1a: Web\n|faint|p2a: Palafin\n|move|p1a: Web|Giga Drain|p2: Palafin|[notarget]\n|-fail|p1a: Web\n|\n|upkeep\n|\n|t:|1700710019\n|switch|p2a: Kilowattrel|Kilowattrel, M|89\/100\n|turn|9\n|\n|t:|1700710025\n|move|p2a: Kilowattrel|Air Slash|p1a: Web\n|-supereffective|p1a: Web\n|-damage|p1a: Web|0 fnt\n|faint|p1a: Web\n|\n|upkeep\n|\n|t:|1700710034\n|switch|p1a: Megamix|Annihilape, F|100\/100\n|turn|10\n|\n|t:|1700710045\n|move|p2a: Kilowattrel|Air Slash|p1a: Megamix\n|-supereffective|p1a: Megamix\n|-damage|p1a: Megamix|61\/100\n|move|p1a: Megamix|Rest|p1a: Megamix\n|-fail|p1a: Megamix|[from] ability: Vital Spirit|[of] p1a: Megamix\n|\n|-heal|p1a: Megamix|67\/100|[from] item: Leftovers\n|upkeep\n|turn|11\n|\n|t:|1700710054\n|move|p2a: Kilowattrel|Thunder Wave|p1a: Megamix\n|-status|p1a: Megamix|par\n|move|p1a: Megamix|Encore|p2a: Kilowattrel\n|-start|p2a: Kilowattrel|Encore\n|\n|-heal|p1a: Megamix|73\/100 par|[from] item: Leftovers\n|upkeep\n|turn|12\n|\n|t:|1700710062\n|switch|p1a: Music|Garganacl, M|100\/100\n|move|p2a: Kilowattrel|Thunder Wave|p1a: Music\n|-immune|p1a: Music|[from] ability: Purifying Salt\n|\n|upkeep\n|turn|13\n|\n|t:|1700710072\n|switch|p2a: Meowscarada|Meowscarada, F|100\/100\n|move|p1a: Music|Rock Slide|p2a: Meowscarada\n|-damage|p2a: Meowscarada|62\/100\n|\n|-heal|p2a: Meowscarada|68\/100|[from] item: Leftovers\n|upkeep\n|turn|14\n|\n|t:|1700710082\n|move|p2a: Meowscarada|Grassy Terrain|p2a: Meowscarada\n|-fieldstart|move: Grassy Terrain\n|move|p1a: Music|Brick Break|p2a: Meowscarada\n|-supereffective|p2a: Meowscarada\n|-damage|p2a: Meowscarada|14\/100\n|\n|-heal|p2a: Meowscarada|20\/100|[from] Grassy Terrain\n|-heal|p2a: Meowscarada|26\/100|[from] item: Leftovers\n|upkeep\n|turn|15\n|\n|t:|1700710090\n|move|p2a: Meowscarada|Flower Trick|p1a: Music\n|-supereffective|p1a: Music\n|-crit|p1a: Music\n|-damage|p1a: Music|8\/100\n|move|p1a: Music|Brick Break|p2a: Meowscarada\n|-supereffective|p2a: Meowscarada\n|-damage|p2a: Meowscarada|0 fnt\n|faint|p2a: Meowscarada\n|\n|-heal|p1a: Music|14\/100|[from] Grassy Terrain\n|upkeep\n|\n|t:|1700710104\n|switch|p2a: Farigiraf|Farigiraf, F|71\/100\n|turn|16\n|\n|t:|1700710109\n|move|p2a: Farigiraf|Double Kick|p1a: Music\n|-supereffective|p1a: Music\n|-damage|p1a: Music|6\/100\n|-supereffective|p1a: Music\n|-damage|p1a: Music|0 fnt\n|faint|p1a: Music\n|-hitcount|p1: Music|2\n|\n|-heal|p2a: Farigiraf|77\/100|[from] Grassy Terrain\n|upkeep\n|\n|t:|1700710122\n|switch|p1a: Apps|Roaring Moon|100\/100\n|-enditem|p1a: Apps|Booster Energy\n|-activate|p1a: Apps|ability: Protosynthesis|[fromitem]\n|-start|p1a: Apps|protosynthesisatk\n|turn|17\n|\n|t:|1700710128\n|move|p1a: Apps|Crunch|p2a: Farigiraf\n|-supereffective|p2a: Farigiraf\n|-damage|p2a: Farigiraf|0 fnt\n|faint|p2a: Farigiraf\n|\n|upkeep\n|\n|t:|1700710145\n|switch|p2a: Cyclizar|Cyclizar, F|100\/100\n|turn|18\n|\n|t:|1700710151\n|move|p1a: Apps|Brick Break|p2a: Cyclizar\n|-supereffective|p2a: Cyclizar\n|-damage|p2a: Cyclizar|0 fnt\n|faint|p2a: Cyclizar\n|\n|-fieldend|move: Grassy Terrain\n|upkeep\n|\n|t:|1700710159\n|switch|p2a: Kilowattrel|Kilowattrel, M|89\/100\n|turn|19\n|\n|t:|1700710168\n|move|p2a: Kilowattrel|Thunder Wave|p1a: Apps\n|-status|p1a: Apps|par\n|move|p1a: Apps|Dragon Claw|p2a: Kilowattrel\n|-crit|p2a: Kilowattrel\n|-damage|p2a: Kilowattrel|0 fnt\n|faint|p2a: Kilowattrel\n|\n|upkeep\n|\n|t:|1700710175\n|switch|p2a: Ceruledge|Ceruledge, F|100\/100\n|turn|20\n|\n|t:|1700710180\n|move|p2a: Ceruledge|Swords Dance|p2a: Ceruledge\n|-boost|p2a: Ceruledge|atk|2\n|move|p1a: Apps|Earthquake|p2a: Ceruledge\n|-supereffective|p2a: Ceruledge\n|-damage|p2a: Ceruledge|0 fnt\n|faint|p2a: Ceruledge\n|\n|win|Nuke9Plays\n|raw|Nuke9Plays's rating: 1237 &rarr; <strong>1254<\/strong><br \/>(+17 for winning)\n|raw|JR4ptor's rating: 1127 &rarr; <strong>1110<\/strong><br \/>(-17 for losing)\n|c|\u2606JR4ptor|gg\n|l|\u2606JR4ptor\n","uploadtime":1700710467,"views":11,"p1id":"nuke9plays","p2id":"jr4ptor","formatid":"gen9anythinggoes","rating":1110,"private":0,"password":""}