{"id":"gen9anythinggoes-1976262003","p1":"Kaiokaner","p2":"Sigtrick","format":"[Gen 9] Anything Goes","log":"|j|\u2606Kaiokaner\n|j|\u2606Sigtrick\n|t:|1698279761\n|gametype|singles\n|player|p1|Kaiokaner|siebold|\n|player|p2|Sigtrick|colress|\n|teamsize|p1|6\n|teamsize|p2|6\n|gen|9\n|tier|[Gen 9] Anything Goes\n|rule|HP Percentage Mod: HP is shown in percentages\n|rule|Endless Battle Clause: Forcing endless battles is banned\n|clearpoke\n|poke|p1|Chi-Yu|\n|poke|p1|Torkoal, M|\n|poke|p1|Jolteon, M|\n|poke|p1|Grimmsnarl, M|\n|poke|p1|Lilligant-Hisui, F|\n|poke|p1|Slither Wing|\n|poke|p2|Roaring Moon|\n|poke|p2|Donphan, F|\n|poke|p2|Slowking-Galar, M|\n|poke|p2|Rotom-Wash|\n|poke|p2|Zapdos-Galar|\n|poke|p2|Zoroark-Hisui, M|\n|teampreview\n|j| Da_Tall_One\n|j| dlcing\n|j| SacredTomba\n|c| dlcing|good luck gentlemen\n|c|\u2606Sigtrick|I forgot how to porybot\n|j| PorygonTheBot\n|c| PorygonTheBot|You got this!\n|c|\u2606Sigtrick|thought it was \/link\n|c|\u2606Sigtrick|ah\n|c|\u2606Sigtrick|join\n|c|\u2606Kaiokaner|there we go\n|c|\u2606Sigtrick|good luck sir\n|c|\u2606Kaiokaner|glhf\n|c|\u2606Sigtrick|3 seasons in the waiting\n|j| Glistering Aeon\n|c|\u2606Kaiokaner|we uhhhh somehow skipped last seasons semis playoff match lmao\n|c|\u2606Kaiokaner|Glitch regen messed up the scheduling hard for me\n|\n|t:|1698279852\n|start\n|switch|p1a: Grimmsnarl|Grimmsnarl, M|100\/100\n|switch|p2a: Zapdos|Zapdos-Galar|100\/100\n|turn|1\n|c| dlcing|the storyline goes crazy\n|\n|t:|1698279866\n|move|p1a: Grimmsnarl|Taunt|p2a: Zapdos\n|-start|p2a: Zapdos|move: Taunt\n|move|p2a: Zapdos|Sludge Bomb|p1a: Grimmsnarl\n|-supereffective|p1a: Grimmsnarl\n|-damage|p1a: Grimmsnarl|37\/100\n|\n|upkeep\n|turn|2\n|c| Glistering Aeon|The first battle of two friends\n|c| Glistering Aeon|In the semis\n|\n|t:|1698279901\n|switch|p2a: Rotom|Rotom-Wash|100\/100\n|move|p1a: Grimmsnarl|Spirit Break|p2a: Rotom\n|-damage|p2a: Rotom|67\/100\n|-unboost|p2a: Rotom|spa|1\n|\n|upkeep\n|turn|3\n|\n|t:|1698279939\n|move|p1a: Grimmsnarl|Spirit Break|p2a: Rotom\n|-damage|p2a: Rotom|34\/100\n|-unboost|p2a: Rotom|spa|1\n|move|p2a: Rotom|Volt Switch|p1a: Grimmsnarl\n|-damage|p1a: Grimmsnarl|25\/100\n|\n|t:|1698279961\n|switch|p2a: Zapdos|Zapdos-Galar|100\/100|[from] Volt Switch\n|\n|upkeep\n|turn|4\n|\n|t:|1698279967\n|move|p1a: Grimmsnarl|Thunder Wave|p2a: Zapdos\n|-status|p2a: Zapdos|par\n|cant|p2a: Zapdos|par\n|\n|upkeep\n|turn|5\n|\n|t:|1698279979\n|cant|p2a: Zapdos|par\n|move|p1a: Grimmsnarl|Spirit Break|p2a: Zapdos\n|-damage|p2a: Zapdos|26\/100 par\n|-unboost|p2a: Zapdos|spa|1\n|replace|p2a: Zoroark|Zoroark-Hisui, M\n|-end|p2a: Zoroark|Illusion\n|\n|upkeep\n|turn|6\n|c| SacredTomba|Oof\n|\n|t:|1698280025\n|switch|p1a: Chi-Yu|Chi-Yu|100\/100\n|-ability|p1a: Chi-Yu|Beads of Ruin\n|move|p2a: Zoroark|Sludge Bomb|p1a: Chi-Yu\n|-damage|p1a: Chi-Yu|74\/100\n|-status|p1a: Chi-Yu|psn\n|\n|-damage|p1a: Chi-Yu|62\/100 psn|[from] psn\n|upkeep\n|turn|7\n|\n|t:|1698280041\n|switch|p2a: Roaring Moon|Roaring Moon|100\/100\n|move|p1a: Chi-Yu|Overheat|p2a: Roaring Moon\n|-resisted|p2a: Roaring Moon\n|-damage|p2a: Roaring Moon|59\/100\n|-unboost|p1a: Chi-Yu|spa|2\n|\n|-heal|p2a: Roaring Moon|65\/100|[from] item: Leftovers\n|-damage|p1a: Chi-Yu|50\/100 psn|[from] psn\n|upkeep\n|turn|8\n|\n|t:|1698280055\n|switch|p1a: Torkoal|Torkoal, M|100\/100\n|-weather|SunnyDay|[from] ability: Drought|[of] p1a: Torkoal\n|-activate|p2a: Roaring Moon|ability: Protosynthesis\n|-start|p2a: Roaring Moon|protosynthesisatk\n|move|p2a: Roaring Moon|Roost|p2a: Roaring Moon\n|-heal|p2a: Roaring Moon|100\/100\n|-singleturn|p2a: Roaring Moon|move: Roost\n|\n|-weather|SunnyDay|[upkeep]\n|upkeep\n|turn|9\n|\n|t:|1698280078\n|move|p2a: Roaring Moon|U-turn|p1a: Torkoal\n|-resisted|p1a: Torkoal\n|-damage|p1a: Torkoal|89\/100\n|-damage|p2a: Roaring Moon|84\/100|[from] item: Rocky Helmet|[of] p1a: Torkoal\n|\n|t:|1698280102\n|-end|p2a: Roaring Moon|Protosynthesis|[silent]\n|switch|p2a: Slowking|Slowking-Galar, M|100\/100|[from] U-turn\n|move|p1a: Torkoal|Will-O-Wisp|p2a: Slowking\n|-status|p2a: Slowking|brn\n|\n|-weather|SunnyDay|[upkeep]\n|-damage|p2a: Slowking|94\/100 brn|[from] brn\n|upkeep\n|turn|10\n|\n|t:|1698280130\n|move|p1a: Torkoal|Stealth Rock|p2a: Slowking\n|-sidestart|p2: Sigtrick|move: Stealth Rock\n|move|p2a: Slowking|Toxic|p1a: Torkoal\n|-status|p1a: Torkoal|tox\n|\n|-weather|SunnyDay|[upkeep]\n|-heal|p2a: Slowking|100\/100 brn|[from] item: Black Sludge\n|-damage|p1a: Torkoal|83\/100 tox|[from] psn\n|-damage|p2a: Slowking|94\/100 brn|[from] brn\n|upkeep\n|turn|11\n|\n|t:|1698280154\n|switch|p1a: Grimmsnarl|Grimmsnarl, M|25\/100\n|move|p2a: Slowking|Sludge Bomb|p1a: Grimmsnarl\n|-supereffective|p1a: Grimmsnarl\n|-damage|p1a: Grimmsnarl|0 fnt\n|faint|p1a: Grimmsnarl\n|\n|-weather|SunnyDay|[upkeep]\n|-heal|p2a: Slowking|100\/100 brn|[from] item: Black Sludge\n|-damage|p2a: Slowking|94\/100 brn|[from] brn\n|upkeep\n|\n|t:|1698280177\n|switch|p1a: Chi-Yu|Chi-Yu|50\/100 psn\n|-ability|p1a: Chi-Yu|Beads of Ruin\n|turn|12\n|\n|t:|1698280204\n|switch|p2a: Roaring Moon|Roaring Moon|84\/100\n|-damage|p2a: Roaring Moon|72\/100|[from] Stealth Rock\n|-activate|p2a: Roaring Moon|ability: Protosynthesis\n|-start|p2a: Roaring Moon|protosynthesisatk\n|move|p1a: Chi-Yu|Dark Pulse|p2a: Roaring Moon\n|-resisted|p2a: Roaring Moon\n|-damage|p2a: Roaring Moon|45\/100\n|\n|-weather|none\n|-end|p2a: Roaring Moon|Protosynthesis\n|-heal|p2a: Roaring Moon|51\/100|[from] item: Leftovers\n|-damage|p1a: Chi-Yu|37\/100 psn|[from] psn\n|upkeep\n|turn|13\n|\n|t:|1698280230\n|switch|p1a: Jolteon|Jolteon, M|100\/100\n|move|p2a: Roaring Moon|Roost|p2a: Roaring Moon\n|-heal|p2a: Roaring Moon|100\/100\n|-singleturn|p2a: Roaring Moon|move: Roost\n|\n|-status|p1a: Jolteon|brn|[from] item: Flame Orb\n|upkeep\n|turn|14\n|\n|t:|1698280270\n|-end|p2a: Roaring Moon|Protosynthesis|[silent]\n|switch|p2a: Slowking|Slowking-Galar, M|100\/100 brn\n|-damage|p2a: Slowking|88\/100 brn|[from] Stealth Rock\n|move|p1a: Jolteon|Tera Blast|p2a: Slowking\n|-damage|p2a: Slowking|67\/100 brn\n|\n|-heal|p2a: Slowking|73\/100 brn|[from] item: Black Sludge\n|-damage|p1a: Jolteon|95\/100 brn|[from] brn\n|-damage|p2a: Slowking|67\/100 brn|[from] brn\n|upkeep\n|turn|15\n|\n|t:|1698280282\n|move|p1a: Jolteon|Thunderbolt|p2a: Slowking\n|-damage|p2a: Slowking|36\/100 brn\n|move|p2a: Slowking|Chilly Reception|p2a: Slowking\n|-weather|Snow\n|\n|t:|1698280315\n|switch|p2a: Donphan|Donphan, F|100\/100|[from] Chilly Reception\n|\n|-weather|Snow|[upkeep]\n|-damage|p1a: Jolteon|89\/100 brn|[from] brn\n|upkeep\n|turn|16\n|\n|t:|1698280364\n|switch|p1a: Torkoal|Torkoal, M|83\/100 tox\n|-weather|SunnyDay|[from] ability: Drought|[of] p1a: Torkoal\n|move|p2a: Donphan|Earthquake|p1a: Torkoal\n|-supereffective|p1a: Torkoal\n|-damage|p1a: Torkoal|21\/100 tox\n|\n|-weather|SunnyDay|[upkeep]\n|-damage|p1a: Torkoal|14\/100 tox|[from] psn\n|upkeep\n|turn|17\n|\n|t:|1698280380\n|switch|p1a: Lilligant|Lilligant-Hisui, F|100\/100\n|move|p2a: Donphan|Stealth Rock|p1a: Lilligant\n|-sidestart|p1: Kaiokaner|move: Stealth Rock\n|\n|-weather|SunnyDay|[upkeep]\n|upkeep\n|turn|18\n|\n|t:|1698280448\n|move|p1a: Lilligant|Ice Spinner|p2a: Donphan\n|-supereffective|p2a: Donphan\n|-damage|p2a: Donphan|59\/100\n|move|p2a: Donphan|Rapid Spin|p1a: Lilligant\n|-damage|p1a: Lilligant|71\/100\n|-boost|p2a: Donphan|spe|1\n|-sideend|p2: Sigtrick|Stealth Rock|[from] move: Rapid Spin|[of] p2a: Donphan\n|\n|-weather|SunnyDay|[upkeep]\n|upkeep\n|turn|19\n|\n|t:|1698280469\n|switch|p2a: Slowking|Slowking-Galar, M|70\/100 brn\n|move|p1a: Lilligant|Victory Dance|p1a: Lilligant\n|-boost|p1a: Lilligant|atk|1\n|-boost|p1a: Lilligant|def|1\n|-boost|p1a: Lilligant|spe|1\n|\n|-weather|SunnyDay|[upkeep]\n|-heal|p2a: Slowking|76\/100 brn|[from] item: Black Sludge\n|-damage|p2a: Slowking|70\/100 brn|[from] brn\n|upkeep\n|turn|20\n|\n|t:|1698280484\n|move|p1a: Lilligant|Ice Spinner|p2a: Slowking\n|-damage|p2a: Slowking|44\/100 brn\n|move|p2a: Slowking|Sludge Bomb|p1a: Lilligant\n|-supereffective|p1a: Lilligant\n|-damage|p1a: Lilligant|0 fnt\n|faint|p1a: Lilligant\n|\n|-weather|none\n|-heal|p2a: Slowking|50\/100 brn|[from] item: Black Sludge\n|-damage|p2a: Slowking|44\/100 brn|[from] brn\n|upkeep\n|\n|t:|1698280493\n|switch|p1a: Slither Wing|Slither Wing|100\/100\n|-damage|p1a: Slither Wing|88\/100|[from] Stealth Rock\n|turn|21\n|\n|t:|1698280512\n|switch|p2a: Rotom|Rotom-Wash|34\/100\n|move|p1a: Slither Wing|U-turn|p2a: Rotom\n|-damage|p2a: Rotom|0 fnt\n|faint|p2a: Rotom\n|\n|t:|1698280521\n|-end|p1a: Slither Wing|Protosynthesis|[silent]\n|switch|p1a: Torkoal|Torkoal, M|14\/100 tox|[from] U-turn\n|-damage|p1a: Torkoal|0 fnt|[from] Stealth Rock\n|faint|p1a: Torkoal\n|\n|upkeep\n|\n|t:|1698280569\n|switch|p2a: Zapdos|Zapdos-Galar|26\/100 par\n|switch|p1a: Jolteon|Jolteon, M|89\/100 brn\n|-damage|p1a: Jolteon|77\/100 brn|[from] Stealth Rock\n|turn|22\n|\n|t:|1698280577\n|-terastallize|p1a: Jolteon|Ice\n|move|p2a: Zapdos|Shadow Sneak|p1a: Jolteon\n|-damage|p1a: Jolteon|51\/100 brn\n|move|p1a: Jolteon|Tera Blast|p2a: Zapdos|[anim] Tera Blast Ice\n|-damage|p2a: Zapdos|0 fnt\n|replace|p2a: Zoroark|Zoroark-Hisui, M\n|-end|p2a: Zoroark|Illusion\n|faint|p2a: Zoroark\n|\n|-damage|p1a: Jolteon|45\/100 brn|[from] brn\n|upkeep\n|\n|t:|1698280587\n|switch|p2a: Slowking|Slowking-Galar, M|77\/100 brn\n|turn|23\n|\n|t:|1698280591\n|move|p1a: Jolteon|Volt Switch|p2a: Slowking\n|-damage|p2a: Slowking|51\/100 brn\n|\n|t:|1698280601\n|switch|p1a: Chi-Yu|Chi-Yu|37\/100 psn|[from] Volt Switch\n|-damage|p1a: Chi-Yu|12\/100 psn|[from] Stealth Rock\n|-ability|p1a: Chi-Yu|Beads of Ruin\n|move|p2a: Slowking|Sludge Bomb|p1a: Chi-Yu\n|-damage|p1a: Chi-Yu|0 fnt\n|faint|p1a: Chi-Yu\n|\n|-heal|p2a: Slowking|57\/100 brn|[from] item: Black Sludge\n|-damage|p2a: Slowking|51\/100 brn|[from] brn\n|upkeep\n|\n|t:|1698280612\n|switch|p1a: Slither Wing|Slither Wing|88\/100\n|-damage|p1a: Slither Wing|75\/100|[from] Stealth Rock\n|turn|24\n|\n|t:|1698280657\n|switch|p2a: Donphan|Donphan, F|59\/100\n|move|p1a: Slither Wing|U-turn|p2a: Donphan\n|-damage|p2a: Donphan|12\/100\n|\n|t:|1698280661\n|-end|p1a: Slither Wing|Protosynthesis|[silent]\n|switch|p1a: Jolteon|Jolteon, M, tera:Ice|45\/100 brn|[from] U-turn\n|-damage|p1a: Jolteon|20\/100 brn|[from] Stealth Rock\n|\n|-damage|p1a: Jolteon|14\/100 brn|[from] brn\n|upkeep\n|turn|25\n|\n|t:|1698280690\n|move|p1a: Jolteon|Tera Blast|p2a: Donphan|[anim] Tera Blast Ice\n|-supereffective|p2a: Donphan\n|-damage|p2a: Donphan|0 fnt\n|faint|p2a: Donphan\n|\n|-damage|p1a: Jolteon|8\/100 brn|[from] brn\n|upkeep\n|\n|t:|1698280701\n|switch|p2a: Slowking|Slowking-Galar, M|85\/100 brn\n|turn|26\n|\n|t:|1698280710\n|move|p1a: Jolteon|Tera Blast|p2a: Slowking|[anim] Tera Blast Ice\n|-damage|p2a: Slowking|53\/100 brn\n|move|p2a: Slowking|Sludge Bomb|p1a: Jolteon\n|-damage|p1a: Jolteon|0 fnt\n|faint|p1a: Jolteon\n|\n|-heal|p2a: Slowking|59\/100 brn|[from] item: Black Sludge\n|-damage|p2a: Slowking|53\/100 brn|[from] brn\n|upkeep\n|c| dlcing|that was a good game\n|\n|t:|1698280718\n|switch|p1a: Slither Wing|Slither Wing|75\/100\n|-damage|p1a: Slither Wing|63\/100|[from] Stealth Rock\n|turn|27\n|\n|t:|1698280729\n|move|p1a: Slither Wing|Close Combat|p2a: Slowking\n|-resisted|p2a: Slowking\n|-damage|p2a: Slowking|33\/100 brn\n|-unboost|p1a: Slither Wing|def|1\n|-unboost|p1a: Slither Wing|spd|1\n|move|p2a: Slowking|Sludge Bomb|p1a: Slither Wing\n|-damage|p1a: Slither Wing|15\/100\n|\n|-heal|p2a: Slowking|39\/100 brn|[from] item: Black Sludge\n|-damage|p2a: Slowking|33\/100 brn|[from] brn\n|upkeep\n|turn|28\n|\n|t:|1698280740\n|move|p1a: Slither Wing|Close Combat|p2a: Slowking\n|-resisted|p2a: Slowking\n|-damage|p2a: Slowking|13\/100 brn\n|-unboost|p1a: Slither Wing|def|1\n|-unboost|p1a: Slither Wing|spd|1\n|move|p2a: Slowking|Sludge Bomb|p1a: Slither Wing\n|-damage|p1a: Slither Wing|0 fnt\n|faint|p1a: Slither Wing\n|-end|p1a: Slither Wing|Protosynthesis|[silent]\n|\n|win|Sigtrick\n","uploadtime":1698280741,"views":46,"p1id":"kaiokaner","p2id":"sigtrick","formatid":"gen9anythinggoes","rating":0,"private":0,"password":null}