{"id":"gen9anythinggoes-1993071724","p1":"brennan123123","p2":"Vonrien","format":"[Gen 9] Anything Goes","log":"|j|\u2606brennan123123\n|j|\u2606Vonrien\n|t:|1700261530\n|gametype|singles\n|player|p1|brennan123123|170|1155\n|player|p2|Vonrien|hilbert|1267\n|teamsize|p1|6\n|teamsize|p2|6\n|gen|9\n|tier|[Gen 9] Anything Goes\n|rated|\n|rule|HP Percentage Mod: HP is shown in percentages\n|rule|Endless Battle Clause: Forcing endless battles is banned\n|clearpoke\n|poke|p1|Darkrai|\n|poke|p1|Froslass, F|\n|poke|p1|Ninetales-Alola, F|\n|poke|p1|Calyrex-Ice|\n|poke|p1|Baxcalibur, F|\n|poke|p1|Chien-Pao|\n|poke|p2|Darkrai|\n|poke|p2|Gastrodon, F|\n|poke|p2|Dragonite, F|\n|poke|p2|Chandelure, F|\n|poke|p2|Sneasler, M|\n|poke|p2|Decidueye, M|\n|teampreview\n|\n|t:|1700261540\n|start\n|switch|p1a: Baxcalibur|Baxcalibur, F|100\/100\n|switch|p2a: Nilo|Sneasler, M|100\/100\n|turn|1\n|\n|t:|1700261556\n|move|p2a: Nilo|Close Combat|p1a: Baxcalibur\n|-supereffective|p1a: Baxcalibur\n|-damage|p1a: Baxcalibur|0 fnt\n|-unboost|p2a: Nilo|def|1\n|-unboost|p2a: Nilo|spd|1\n|-enditem|p2a: Nilo|White Herb\n|-clearnegativeboost|p2a: Nilo|[silent]\n|faint|p1a: Baxcalibur\n|\n|upkeep\n|\n|t:|1700261564\n|switch|p1a: Calyrex|Calyrex-Ice|100\/100\n|-ability|p1a: Calyrex|As One\n|-ability|p1a: Calyrex|Unnerve\n|turn|2\n|\n|t:|1700261569\n|move|p2a: Nilo|Close Combat|p1a: Calyrex\n|-damage|p1a: Calyrex|63\/100\n|-unboost|p2a: Nilo|def|1\n|-unboost|p2a: Nilo|spd|1\n|move|p1a: Calyrex|High Horsepower|p2a: Nilo\n|-supereffective|p2a: Nilo\n|-damage|p2a: Nilo|0 fnt\n|faint|p2a: Nilo\n|-ability|p1a: Calyrex|Chilling Neigh|boost\n|-boost|p1a: Calyrex|atk|1\n|\n|upkeep\n|\n|t:|1700261579\n|switch|p2a: Shin|Chandelure, F, shiny|100\/100\n|turn|3\n|\n|t:|1700261592\n|move|p2a: Shin|Fire Blast|p1a: Calyrex\n|-supereffective|p1a: Calyrex\n|-crit|p1a: Calyrex\n|-damage|p1a: Calyrex|0 fnt\n|faint|p1a: Calyrex\n|\n|upkeep\n|\n|t:|1700261597\n|switch|p1a: worst nightmare|Darkrai, shiny|100\/100\n|turn|4\n|\n|t:|1700261608\n|switch|p2a: Lala|Gastrodon, F|100\/100\n|move|p1a: worst nightmare|Dark Void|p2a: Lala\n|-status|p2a: Lala|slp|[from] move: Dark Void\n|\n|-damage|p2a: Lala|88\/100 slp|[from] ability: Bad Dreams|[of] p1a: worst nightmare\n|upkeep\n|turn|5\n|\n|t:|1700261617\n|move|p1a: worst nightmare|Dark Pulse|p2a: Lala\n|-damage|p2a: Lala|47\/100 slp\n|cant|p2a: Lala|slp\n|\n|-heal|p2a: Lala|53\/100 slp|[from] item: Leftovers\n|-damage|p2a: Lala|41\/100 slp|[from] ability: Bad Dreams|[of] p1a: worst nightmare\n|upkeep\n|turn|6\n|\n|t:|1700261625\n|move|p1a: worst nightmare|Dark Pulse|p2a: Lala\n|-damage|p2a: Lala|0 fnt\n|faint|p2a: Lala\n|\n|upkeep\n|\n|t:|1700261630\n|switch|p2a: Rita|Dragonite, F|100\/100\n|turn|7\n|\n|t:|1700261637\n|move|p2a: Rita|Extreme Speed|p1a: worst nightmare\n|-damage|p1a: worst nightmare|43\/100\n|-damage|p2a: Rita|91\/100|[from] item: Life Orb\n|move|p1a: worst nightmare|Hypnosis|p2a: Rita\n|-status|p2a: Rita|slp|[from] move: Hypnosis\n|\n|-damage|p2a: Rita|78\/100 slp|[from] ability: Bad Dreams|[of] p1a: worst nightmare\n|upkeep\n|turn|8\n|\n|t:|1700261647\n|cant|p2a: Rita|slp\n|move|p1a: worst nightmare|Dark Pulse|p2a: Rita\n|-damage|p2a: Rita|38\/100 slp\n|\n|-damage|p2a: Rita|26\/100 slp|[from] ability: Bad Dreams|[of] p1a: worst nightmare\n|upkeep\n|turn|9\n|\n|t:|1700261653\n|cant|p2a: Rita|slp\n|move|p1a: worst nightmare|Dark Pulse|p2a: Rita\n|-damage|p2a: Rita|0 fnt\n|faint|p2a: Rita\n|\n|upkeep\n|\n|t:|1700261662\n|switch|p2a: Fin|Decidueye, M|100\/100\n|turn|10\n|\n|t:|1700261674\n|move|p1a: worst nightmare|Dark Void|p2a: Fin\n|-status|p2a: Fin|slp|[from] move: Dark Void\n|cant|p2a: Fin|slp\n|\n|-damage|p2a: Fin|88\/100 slp|[from] ability: Bad Dreams|[of] p1a: worst nightmare\n|upkeep\n|turn|11\n|\n|t:|1700261683\n|move|p1a: worst nightmare|Dark Pulse|p2a: Fin\n|-supereffective|p2a: Fin\n|-damage|p2a: Fin|17\/100 slp\n|-curestatus|p2a: Fin|slp|[msg]\n|move|p2a: Fin|Leaf Blade|p1a: worst nightmare\n|-damage|p1a: worst nightmare|0 fnt\n|faint|p1a: worst nightmare\n|\n|upkeep\n|\n|t:|1700261694\n|switch|p1a: Ninetales|Ninetales-Alola, F, shiny|100\/100\n|-weather|Snow|[from] ability: Snow Warning|[of] p1a: Ninetales\n|turn|12\n|\n|t:|1700261703\n|move|p2a: Fin|Sucker Punch|p1a: Ninetales\n|-resisted|p1a: Ninetales\n|-damage|p1a: Ninetales|89\/100\n|move|p1a: Ninetales|Dazzling Gleam|p2a: Fin\n|-damage|p2a: Fin|0 fnt\n|faint|p2a: Fin\n|\n|-weather|Snow|[upkeep]\n|upkeep\n|\n|t:|1700261714\n|switch|p2a: Shin|Chandelure, F, shiny|100\/100\n|turn|13\n|\n|t:|1700261720\n|-terastallize|p2a: Shin|Fire\n|move|p2a: Shin|Fire Blast|p1a: Ninetales\n|-supereffective|p1a: Ninetales\n|-damage|p1a: Ninetales|0 fnt\n|faint|p1a: Ninetales\n|\n|-weather|Snow|[upkeep]\n|upkeep\n|\n|t:|1700261724\n|switch|p1a: Froslass|Froslass, F, shiny|100\/100\n|turn|14\n|\n|t:|1700261729\n|move|p2a: Shin|Fire Blast|p1a: Froslass\n|-supereffective|p1a: Froslass\n|-crit|p1a: Froslass\n|-damage|p1a: Froslass|0 fnt\n|faint|p1a: Froslass\n|\n|-weather|Snow|[upkeep]\n|upkeep\n|\n|t:|1700261735\n|switch|p1a: Chien-Pao|Chien-Pao|100\/100\n|-ability|p1a: Chien-Pao|Sword of Ruin\n|turn|15\n|\n|t:|1700261742\n|move|p1a: Chien-Pao|Ice Shard|p2a: Shin\n|-resisted|p2a: Shin\n|-damage|p2a: Shin|83\/100\n|move|p2a: Shin|Fire Blast|p1a: Chien-Pao\n|-supereffective|p1a: Chien-Pao\n|-damage|p1a: Chien-Pao|0 fnt\n|faint|p1a: Chien-Pao\n|\n|win|Vonrien\n|raw|brennan123123's rating: 1155 &rarr; <strong>1138<\/strong><br \/>(-17 for losing)\n|raw|Vonrien's rating: 1267 &rarr; <strong>1284<\/strong><br \/>(+17 for winning)\n|l|\u2606brennan123123\n","uploadtime":1700261763,"views":15,"p1id":"brennan123123","p2id":"vonrien","formatid":"gen9anythinggoes","rating":1138,"private":0,"password":""}