{"id":"gen9anythinggoes-1998027598","p1":"Mr Pinehurst","p2":"welpweep","format":"[Gen 9] Anything Goes","log":"|j|\u2606Mr Pinehurst\n|j|\u2606welpweep\n|t:|1700880789\n|gametype|singles\n|player|p1|Mr Pinehurst|266|1199\n|player|p2|welpweep|170|1107\n|teamsize|p1|6\n|teamsize|p2|6\n|gen|9\n|tier|[Gen 9] Anything Goes\n|rated|\n|rule|HP Percentage Mod: HP is shown in percentages\n|rule|Endless Battle Clause: Forcing endless battles is banned\n|clearpoke\n|poke|p1|Maushold-Four|\n|poke|p1|Flutter Mane|\n|poke|p1|Miraidon|\n|poke|p1|Rabsca, M|\n|poke|p1|Garganacl, F|\n|poke|p1|Houndstone, M|\n|poke|p2|Maushold-Four|\n|poke|p2|Maushold-Four|\n|poke|p2|Maushold-Four|\n|poke|p2|Maushold-Four|\n|poke|p2|Maushold-Four|\n|poke|p2|Kingambit, F|\n|teampreview\n|inactive|Battle timer is ON: inactive players will automatically lose when time's up. (requested by Mr Pinehurst)\n|\n|t:|1700880813\n|start\n|switch|p1a: Maushold|Maushold-Four|100\/100\n|switch|p2a: Maushold|Maushold-Four|100\/100\n|turn|1\n|\n|t:|1700880819\n|move|p2a: Maushold|Tidy Up|p2a: Maushold\n|-boost|p2a: Maushold|atk|1\n|-boost|p2a: Maushold|spe|1\n|move|p1a: Maushold|Population Bomb|p2a: Maushold\n|-damage|p2a: Maushold|85\/100\n|-hitcount|p2a: Maushold|1\n|\n|upkeep\n|turn|2\n|\n|t:|1700880826\n|move|p2a: Maushold|Population Bomb|p1a: Maushold\n|-damage|p1a: Maushold|81\/100\n|-damage|p1a: Maushold|61\/100\n|-damage|p1a: Maushold|39\/100\n|-damage|p1a: Maushold|19\/100\n|-damage|p1a: Maushold|0 fnt\n|faint|p1a: Maushold\n|-hitcount|p1: Maushold|5\n|\n|upkeep\n|\n|t:|1700880829\n|switch|p1a: Flutter Mane|Flutter Mane, shiny|100\/100\n|turn|3\n|\n|t:|1700880844\n|move|p2a: Maushold|Tidy Up|p2a: Maushold\n|-boost|p2a: Maushold|atk|1\n|-boost|p2a: Maushold|spe|1\n|move|p1a: Flutter Mane|Moonblast|p2a: Maushold\n|-damage|p2a: Maushold|6\/100\n|-damage|p1a: Flutter Mane|91\/100|[from] item: Life Orb\n|\n|upkeep\n|turn|4\n|\n|t:|1700880855\n|move|p2a: Maushold|Baton Pass|p2a: Maushold\n|\n|t:|1700880860\n|switch|p2a: Maushold|Maushold-Four|100\/100|[from] Baton Pass\n|move|p1a: Flutter Mane|Moonblast|p2a: Maushold\n|-damage|p2a: Maushold|25\/100\n|-damage|p1a: Flutter Mane|81\/100|[from] item: Life Orb\n|\n|upkeep\n|turn|5\n|\n|t:|1700880878\n|move|p2a: Maushold|Population Bomb|p1a: Flutter Mane\n|-immune|p1a: Flutter Mane\n|move|p1a: Flutter Mane|Moonblast|p2a: Maushold\n|-damage|p2a: Maushold|0 fnt\n|faint|p2a: Maushold\n|-damage|p1a: Flutter Mane|71\/100|[from] item: Life Orb\n|\n|upkeep\n|\n|t:|1700880886\n|switch|p2a: Kingambit|Kingambit, F|100\/100\n|-activate|p2a: Kingambit|ability: Supreme Overlord\n|-start|p2a: Kingambit|fallen1|[silent]\n|turn|6\n|\n|t:|1700880894\n|-end|p1a: Flutter Mane|Protosynthesis|[silent]\n|switch|p1a: DeMarco|Miraidon|100\/100\n|-fieldstart|move: Electric Terrain|[from] ability: Hadron Engine|[of] p1a: DeMarco\n|move|p2a: Kingambit|Stone Edge|p1a: DeMarco|[miss]\n|-miss|p2a: Kingambit|p1a: DeMarco\n|\n|upkeep\n|turn|7\n|inactive|welpweep has 120 seconds left.\n|\n|t:|1700880927\n|-end|p2a: Kingambit|fallen1|[silent]\n|switch|p2a: Maushold|Maushold-Four|100\/100\n|-terastallize|p1a: DeMarco|Electric\n|move|p1a: DeMarco|Electro Drift|p2a: Maushold\n|-damage|p2a: Maushold|0 fnt\n|faint|p2a: Maushold\n|\n|upkeep\n|inactive|welpweep has 120 seconds left.\n|\n|t:|1700880937\n|switch|p2a: Maushold|Maushold-Four|100\/100\n|turn|8\n|inactive|welpweep has 120 seconds left.\n|\n|t:|1700880948\n|move|p1a: DeMarco|Electro Drift|p2a: Maushold\n|-damage|p2a: Maushold|0 fnt\n|faint|p2a: Maushold\n|\n|upkeep\n|inactive|welpweep has 120 seconds left.\n|\n|t:|1700880954\n|switch|p2a: Maushold|Maushold-Four|100\/100\n|turn|9\n|\n|t:|1700880961\n|move|p1a: DeMarco|Electro Drift|p2a: Maushold\n|-damage|p2a: Maushold|0 fnt\n|faint|p2a: Maushold\n|\n|upkeep\n|\n|t:|1700880967\n|switch|p2a: Kingambit|Kingambit, F|100\/100\n|-activate|p2a: Kingambit|ability: Supreme Overlord\n|-start|p2a: Kingambit|fallen4|[silent]\n|turn|10\n|inactive|welpweep has 120 seconds left.\n|\n|t:|1700880987\n|move|p1a: DeMarco|Electro Drift|p2a: Kingambit\n|-damage|p2a: Kingambit|2\/100\n|move|p2a: Kingambit|Low Kick|p1a: DeMarco\n|-crit|p1a: DeMarco\n|-damage|p1a: DeMarco|14\/100\n|\n|-fieldend|move: Electric Terrain\n|upkeep\n|turn|11\n|inactive|welpweep has 120 seconds left.\n|\n|t:|1700881002\n|move|p1a: DeMarco|Dragon Pulse|p2a: Kingambit\n|-resisted|p2a: Kingambit\n|-damage|p2a: Kingambit|0 fnt\n|faint|p2a: Kingambit\n|-end|p2a: Kingambit|fallen4|[silent]\n|\n|upkeep\n|\n|t:|1700881006\n|switch|p2a: Maushold|Maushold-Four|6\/100\n|turn|12\n|\n|t:|1700881009\n|move|p1a: DeMarco|Electro Drift|p2a: Maushold\n|-damage|p2a: Maushold|0 fnt\n|faint|p2a: Maushold\n|\n|win|Mr Pinehurst\n|raw|Mr Pinehurst's rating: 1199 &rarr; <strong>1218<\/strong><br \/>(+19 for winning)\n|raw|welpweep's rating: 1107 &rarr; <strong>1088<\/strong><br \/>(-19 for losing)\n","uploadtime":1700881012,"views":1,"p1id":"mrpinehurst","p2id":"welpweep","formatid":"gen9anythinggoes","rating":1088,"private":0,"password":""}