{"id":"gen9anythinggoes-1993938074","p1":"trotman","p2":"jerin123","format":"[Gen 9] Anything Goes","log":"|j|\u2606trotman\n|j|\u2606jerin123\n|t:|1700378867\n|gametype|singles\n|player|p1|trotman|brycenman|1217\n|player|p2|jerin123|ghetsis|1191\n|teamsize|p1|6\n|teamsize|p2|6\n|gen|9\n|tier|[Gen 9] Anything Goes\n|rated|\n|rule|HP Percentage Mod: HP is shown in percentages\n|rule|Endless Battle Clause: Forcing endless battles is banned\n|clearpoke\n|poke|p1|Ogerpon, F|\n|poke|p1|Landorus-Therian, M|\n|poke|p1|Sneasler, M|\n|poke|p1|Greninja-*, M|\n|poke|p1|Gholdengo|\n|poke|p1|Skeledirge, M|\n|poke|p2|Koraidon|\n|poke|p2|Iron Moth|\n|poke|p2|Cloyster, M|\n|poke|p2|Great Tusk|\n|poke|p2|Chien-Pao|\n|poke|p2|Miraidon|\n|teampreview\n|inactive|Battle timer is ON: inactive players will automatically lose when time's up. (requested by trotman)\n|\n|t:|1700378943\n|start\n|switch|p1a: Landorus|Landorus-Therian, M, shiny|100\/100\n|switch|p2a: Cloyster|Cloyster, M|100\/100\n|-ability|p1a: Landorus|Intimidate|boost\n|-unboost|p2a: Cloyster|atk|1\n|turn|1\n|\n|t:|1700378961\n|move|p2a: Cloyster|Shell Smash|p2a: Cloyster\n|-unboost|p2a: Cloyster|def|1\n|-unboost|p2a: Cloyster|spd|1\n|-boost|p2a: Cloyster|atk|2\n|-boost|p2a: Cloyster|spa|2\n|-boost|p2a: Cloyster|spe|2\n|move|p1a: Landorus|U-turn|p2a: Cloyster\n|-damage|p2a: Cloyster|71\/100\n|\n|t:|1700378972\n|switch|p1a: Gholdengo|Gholdengo, shiny|100\/100|[from] U-turn\n|\n|upkeep\n|turn|2\n|\n|t:|1700378976\n|move|p2a: Cloyster|Icicle Spear|p1a: Gholdengo\n|-resisted|p1a: Gholdengo\n|-damage|p1a: Gholdengo|90\/100\n|-resisted|p1a: Gholdengo\n|-damage|p1a: Gholdengo|80\/100\n|-resisted|p1a: Gholdengo\n|-damage|p1a: Gholdengo|70\/100\n|-resisted|p1a: Gholdengo\n|-damage|p1a: Gholdengo|60\/100\n|-resisted|p1a: Gholdengo\n|-damage|p1a: Gholdengo|50\/100\n|-hitcount|p1a: Gholdengo|5\n|move|p1a: Gholdengo|Shadow Ball|p2a: Cloyster\n|-damage|p2a: Cloyster|0 fnt\n|faint|p2a: Cloyster\n|\n|upkeep\n|\n|t:|1700378984\n|switch|p2a: Great Tusk|Great Tusk|100\/100\n|turn|3\n|\n|t:|1700379000\n|switch|p1a: Landorus|Landorus-Therian, M, shiny|100\/100\n|-ability|p1a: Landorus|Intimidate|boost\n|-unboost|p2a: Great Tusk|atk|1\n|move|p2a: Great Tusk|Headlong Rush|p1a: Landorus\n|-immune|p1a: Landorus\n|\n|upkeep\n|turn|4\n|\n|t:|1700379009\n|-end|p2a: Great Tusk|Protosynthesis|[silent]\n|switch|p2a: Chien-Pao|Chien-Pao|100\/100\n|-ability|p2a: Chien-Pao|Sword of Ruin\n|move|p1a: Landorus|Stealth Rock|p2a: Chien-Pao\n|-sidestart|p2: jerin123|move: Stealth Rock\n|\n|upkeep\n|turn|5\n|\n|t:|1700379028\n|switch|p1a: Gholdengo|Gholdengo, shiny|50\/100\n|move|p2a: Chien-Pao|Ice Spinner|p1a: Gholdengo\n|-resisted|p1a: Gholdengo\n|-damage|p1a: Gholdengo|6\/100\n|\n|upkeep\n|turn|6\n|\n|t:|1700379033\n|move|p1a: Gholdengo|Make It Rain|p2a: Chien-Pao\n|-supereffective|p2a: Chien-Pao\n|-damage|p2a: Chien-Pao|0 fnt\n|-unboost|p1a: Gholdengo|spa|1\n|faint|p2a: Chien-Pao\n|\n|upkeep\n|\n|t:|1700379046\n|switch|p2a: Great Tusk|Great Tusk|100\/100\n|-damage|p2a: Great Tusk|98\/100|[from] Stealth Rock\n|turn|7\n|\n|t:|1700379050\n|move|p2a: Great Tusk|Knock Off|p1a: Gholdengo\n|-supereffective|p1a: Gholdengo\n|-damage|p1a: Gholdengo|0 fnt\n|-enditem|p1a: Gholdengo|Choice Scarf|[from] move: Knock Off|[of] p2a: Great Tusk\n|faint|p1a: Gholdengo\n|\n|upkeep\n|\n|t:|1700379068\n|switch|p1a: Greninja|Greninja, M, shiny|100\/100\n|turn|8\n|\n|t:|1700379095\n|move|p2a: Great Tusk|Knock Off|p1a: Greninja\n|-resisted|p1a: Greninja\n|-damage|p1a: Greninja|75\/100\n|-enditem|p1a: Greninja|Life Orb|[from] move: Knock Off|[of] p2a: Great Tusk\n|move|p1a: Greninja|Ice Beam|p2a: Great Tusk\n|-start|p1a: Greninja|typechange|Ice|[from] ability: Protean\n|-supereffective|p2a: Great Tusk\n|-damage|p2a: Great Tusk|0 fnt\n|faint|p2a: Great Tusk\n|-end|p2a: Great Tusk|Protosynthesis|[silent]\n|\n|upkeep\n|inactive|jerin123 has 120 seconds left.\n|\n|t:|1700379106\n|switch|p2a: Koraidon|Koraidon|100\/100\n|-damage|p2a: Koraidon|94\/100|[from] Stealth Rock\n|-weather|SunnyDay|[from] ability: Orichalcum Pulse|[of] p2a: Koraidon\n|-activate|p2a: Koraidon|Orichalcum Pulse|[source]\n|turn|9\n|\n|t:|1700379112\n|move|p2a: Koraidon|Flame Charge|p1a: Greninja\n|-supereffective|p1a: Greninja\n|-damage|p1a: Greninja|0 fnt\n|-boost|p2a: Koraidon|spe|1\n|faint|p1a: Greninja\n|\n|-weather|SunnyDay|[upkeep]\n|upkeep\n|\n|t:|1700379120\n|switch|p1a: Skeledirge|Skeledirge, M, shiny|100\/100\n|turn|10\n|inactive|jerin123 has 120 seconds left.\n|\n|t:|1700379145\n|move|p2a: Koraidon|Flame Charge|p1a: Skeledirge\n|-resisted|p1a: Skeledirge\n|-damage|p1a: Skeledirge|76\/100\n|-boost|p2a: Koraidon|spe|1\n|move|p1a: Skeledirge|Yawn|p2a: Koraidon\n|-start|p2a: Koraidon|move: Yawn|[of] p1a: Skeledirge\n|\n|-weather|SunnyDay|[upkeep]\n|upkeep\n|turn|11\n|\n|t:|1700379156\n|switch|p2a: Iron Moth|Iron Moth|100\/100\n|-damage|p2a: Iron Moth|76\/100|[from] Stealth Rock\n|-enditem|p2a: Iron Moth|Booster Energy\n|-activate|p2a: Iron Moth|ability: Quark Drive|[fromitem]\n|-start|p2a: Iron Moth|quarkdrivespa\n|move|p1a: Skeledirge|Torch Song|p2a: Iron Moth\n|-resisted|p2a: Iron Moth\n|-crit|p2a: Iron Moth\n|-damage|p2a: Iron Moth|38\/100\n|-boost|p1a: Skeledirge|spa|1\n|\n|-weather|SunnyDay|[upkeep]\n|upkeep\n|turn|12\n|\n|t:|1700379168\n|move|p2a: Iron Moth|Dazzling Gleam|p1a: Skeledirge\n|-resisted|p1a: Skeledirge\n|-damage|p1a: Skeledirge|61\/100\n|move|p1a: Skeledirge|Yawn|p2a: Iron Moth\n|-start|p2a: Iron Moth|move: Yawn|[of] p1a: Skeledirge\n|\n|-weather|SunnyDay|[upkeep]\n|upkeep\n|turn|13\n|\n|t:|1700379174\n|move|p2a: Iron Moth|Psychic|p1a: Skeledirge\n|-damage|p1a: Skeledirge|26\/100\n|move|p1a: Skeledirge|Slack Off|p1a: Skeledirge\n|-heal|p1a: Skeledirge|76\/100\n|\n|-weather|none\n|-end|p2a: Iron Moth|move: Yawn|[silent]\n|-status|p2a: Iron Moth|slp\n|upkeep\n|turn|14\n|inactive|jerin123 has 120 seconds left.\n|\n|t:|1700379210\n|cant|p2a: Iron Moth|slp\n|move|p1a: Skeledirge|Slack Off|p1a: Skeledirge\n|-heal|p1a: Skeledirge|100\/100\n|\n|upkeep\n|turn|15\n|\n|t:|1700379215\n|cant|p2a: Iron Moth|slp\n|move|p1a: Skeledirge|Torch Song|p2a: Iron Moth\n|-resisted|p2a: Iron Moth\n|-damage|p2a: Iron Moth|16\/100 slp\n|-boost|p1a: Skeledirge|spa|1\n|\n|upkeep\n|turn|16\n|\n|t:|1700379227\n|-curestatus|p2a: Iron Moth|slp|[msg]\n|move|p2a: Iron Moth|Psychic|p1a: Skeledirge\n|-damage|p1a: Skeledirge|64\/100\n|move|p1a: Skeledirge|Torch Song|p2a: Iron Moth\n|-resisted|p2a: Iron Moth\n|-damage|p2a: Iron Moth|0 fnt\n|-boost|p1a: Skeledirge|spa|1\n|faint|p2a: Iron Moth\n|-end|p2a: Iron Moth|Quark Drive|[silent]\n|\n|upkeep\n|\n|t:|1700379233\n|switch|p2a: Koraidon|Koraidon|94\/100\n|-damage|p2a: Koraidon|88\/100|[from] Stealth Rock\n|-weather|SunnyDay|[from] ability: Orichalcum Pulse|[of] p2a: Koraidon\n|-activate|p2a: Koraidon|Orichalcum Pulse|[source]\n|turn|17\n|\n|t:|1700379240\n|move|p2a: Koraidon|Outrage|p1a: Skeledirge\n|-damage|p1a: Skeledirge|0 fnt\n|faint|p1a: Skeledirge\n|\n|-weather|SunnyDay|[upkeep]\n|upkeep\n|\n|t:|1700379246\n|switch|p1a: Landorus|Landorus-Therian, M, shiny|100\/100\n|-ability|p1a: Landorus|Intimidate|boost\n|-unboost|p2a: Koraidon|atk|1\n|turn|18\n|\n|t:|1700379266\n|move|p2a: Koraidon|Outrage|p1a: Landorus|[from]lockedmove\n|-damage|p1a: Landorus|27\/100\n|move|p1a: Landorus|Earthquake|p2a: Koraidon\n|-damage|p2a: Koraidon|46\/100\n|\n|-weather|SunnyDay|[upkeep]\n|-heal|p1a: Landorus|33\/100|[from] item: Leftovers\n|upkeep\n|turn|19\n|\n|t:|1700379274\n|move|p2a: Koraidon|Outrage|p1a: Landorus|[from]lockedmove\n|-damage|p1a: Landorus|0 fnt\n|faint|p1a: Landorus\n|-start|p2a: Koraidon|confusion|[fatigue]\n|\n|-weather|SunnyDay|[upkeep]\n|upkeep\n|\n|t:|1700379280\n|switch|p1a: Sneasler|Sneasler, M, shiny|100\/100\n|turn|20\n|\n|t:|1700379299\n|move|p1a: Sneasler|Fake Out|p2a: Koraidon\n|-enditem|p1a: Sneasler|Normal Gem|[from] gem\n|-damage|p2a: Koraidon|28\/100\n|cant|p2a: Koraidon|flinch\n|\n|-weather|SunnyDay|[upkeep]\n|upkeep\n|turn|21\n|\n|t:|1700379305\n|move|p1a: Sneasler|Acrobatics|p2a: Koraidon\n|-supereffective|p2a: Koraidon\n|-damage|p2a: Koraidon|0 fnt\n|faint|p2a: Koraidon\n|\n|-weather|none\n|upkeep\n|\n|t:|1700379309\n|switch|p2a: Miraidon|Miraidon|100\/100\n|-damage|p2a: Miraidon|88\/100|[from] Stealth Rock\n|-fieldstart|move: Electric Terrain|[from] ability: Hadron Engine|[of] p2a: Miraidon\n|turn|22\n|\n|t:|1700379320\n|move|p1a: Sneasler|Dire Claw|p2a: Miraidon\n|-damage|p2a: Miraidon|46\/100\n|move|p2a: Miraidon|Parabolic Charge|p1a: Sneasler\n|-damage|p1a: Sneasler|0 fnt\n|-heal|p2a: Miraidon|91\/100|[from] drain|[of] p1a: Sneasler\n|faint|p1a: Sneasler\n|\n|upkeep\n|\n|t:|1700379328\n|switch|p1a: Ogerpon|Ogerpon, F|100\/100\n|turn|23\n|\n|t:|1700379335\n|move|p2a: Miraidon|Parabolic Charge|p1a: Ogerpon\n|-resisted|p1a: Ogerpon\n|-damage|p1a: Ogerpon|56\/100\n|-heal|p2a: Miraidon|100\/100|[from] drain|[of] p1a: Ogerpon\n|move|p1a: Ogerpon|Swords Dance|p1a: Ogerpon\n|-boost|p1a: Ogerpon|atk|2\n|\n|upkeep\n|turn|24\n|c|\u2606jerin123|gg\n|c|\u2606trotman|gg\n|\n|t:|1700379347\n|-terastallize|p1a: Ogerpon|Grass\n|detailschange|p1a: Ogerpon|Ogerpon-Teal-Tera, F, tera:Grass\n|-ability|p1a: Ogerpon|Embody Aspect (Teal)|boost\n|-boost|p1a: Ogerpon|spe|1\n|move|p1a: Ogerpon|Stomping Tantrum|p2a: Miraidon\n|-supereffective|p2a: Miraidon\n|-damage|p2a: Miraidon|0 fnt\n|faint|p2a: Miraidon\n|-damage|p1a: Ogerpon|46\/100|[from] item: Life Orb\n|\n|win|trotman\n|raw|trotman's rating: 1217 &rarr; <strong>1240<\/strong><br \/>(+23 for winning)\n|raw|jerin123's rating: 1191 &rarr; <strong>1168<\/strong><br \/>(-23 for losing)\n|c|\u2606jerin123|wp\n|c|\u2606trotman|thnx\n","uploadtime":1700379375,"views":2,"p1id":"trotman","p2id":"jerin123","formatid":"gen9anythinggoes","rating":1168,"private":0,"password":""}