{"id":"gen9anythinggoes-1983258767","p1":"SuperJabroniBros","p2":"Pert0011","format":"[Gen 9] Anything Goes","log":"|j|\u2606SuperJabroniBros\n|j|\u2606Pert0011\n|t:|1699111363\n|gametype|singles\n|player|p1|SuperJabroniBros|plasmagrunt|1476\n|player|p2|Pert0011|steven|1383\n|teamsize|p1|6\n|teamsize|p2|6\n|gen|9\n|tier|[Gen 9] Anything Goes\n|rated|\n|rule|HP Percentage Mod: HP is shown in percentages\n|rule|Endless Battle Clause: Forcing endless battles is banned\n|clearpoke\n|poke|p1|Calyrex-Shadow|\n|poke|p1|Koraidon|\n|poke|p1|Zamazenta-*|\n|poke|p1|Arceus-Fairy|\n|poke|p1|Kyogre|\n|poke|p1|Grimmsnarl, M|\n|poke|p2|Calyrex-Shadow|\n|poke|p2|Zacian-*|\n|poke|p2|Miraidon|\n|poke|p2|Baxcalibur, M|\n|poke|p2|Arceus-Ground|\n|poke|p2|Dondozo, F|\n|teampreview\n|inactive|Battle timer is ON: inactive players will automatically lose when time's up. (requested by Pert0011)\n|inactive|SuperJabroniBros also wants the timer to be on.\n|\n|t:|1699111371\n|start\n|switch|p1a: Grimmsnarl|Grimmsnarl, M|100\/100\n|switch|p2a: Calyrex|Calyrex-Shadow|100\/100\n|-ability|p2a: Calyrex|As One\n|-ability|p2a: Calyrex|Unnerve\n|turn|1\n|\n|t:|1699111391\n|move|p1a: Grimmsnarl|Light Screen|p1a: Grimmsnarl\n|-sidestart|p1: SuperJabroniBros|move: Light Screen\n|move|p2a: Calyrex|Draining Kiss|p1a: Grimmsnarl\n|-supereffective|p1a: Grimmsnarl\n|-damage|p1a: Grimmsnarl|85\/100\n|\n|-heal|p1a: Grimmsnarl|91\/100|[from] item: Leftovers\n|upkeep\n|turn|2\n|\n|t:|1699111402\n|switch|p2a: Miraidon|Miraidon|100\/100\n|-fieldstart|move: Electric Terrain|[from] ability: Hadron Engine|[of] p2a: Miraidon\n|move|p1a: Grimmsnarl|Sucker Punch||[still]\n|-fail|p1a: Grimmsnarl\n|\n|-heal|p1a: Grimmsnarl|97\/100|[from] item: Leftovers\n|upkeep\n|turn|3\n|\n|t:|1699111407\n|move|p2a: Miraidon|Flash Cannon|p1a: Grimmsnarl\n|-supereffective|p1a: Grimmsnarl\n|-damage|p1a: Grimmsnarl|71\/100\n|move|p1a: Grimmsnarl|Spirit Break|p2a: Miraidon\n|-supereffective|p2a: Miraidon\n|-damage|p2a: Miraidon|38\/100\n|-unboost|p2a: Miraidon|spa|1\n|\n|-heal|p2a: Miraidon|44\/100|[from] item: Leftovers\n|-heal|p1a: Grimmsnarl|77\/100|[from] item: Leftovers\n|upkeep\n|turn|4\n|\n|t:|1699111413\n|move|p2a: Miraidon|Electro Drift|p1a: Grimmsnarl\n|-damage|p1a: Grimmsnarl|52\/100\n|move|p1a: Grimmsnarl|Spirit Break|p2a: Miraidon\n|-supereffective|p2a: Miraidon\n|-damage|p2a: Miraidon|0 fnt\n|faint|p2a: Miraidon\n|\n|-heal|p1a: Grimmsnarl|58\/100|[from] item: Leftovers\n|upkeep\n|\n|t:|1699111420\n|switch|p2a: Zacian|Zacian-Crowned, shiny|100\/100\n|-ability|p2a: Zacian|Intrepid Sword|boost\n|-boost|p2a: Zacian|atk|1\n|turn|5\n|\n|t:|1699111425\n|move|p1a: Grimmsnarl|Parting Shot|p2a: Zacian\n|-unboost|p2a: Zacian|atk|1\n|-unboost|p2a: Zacian|spa|1\n|\n|t:|1699111429\n|switch|p1a: Calyrex|Calyrex-Shadow|100\/100|[from] Parting Shot\n|-ability|p1a: Calyrex|As One\n|-ability|p1a: Calyrex|Unnerve\n|move|p2a: Zacian|Sacred Sword|p1a: Calyrex\n|-immune|p1a: Calyrex\n|\n|-sideend|p1: SuperJabroniBros|move: Light Screen\n|upkeep\n|turn|6\n|\n|t:|1699111436\n|move|p1a: Calyrex|Encore|p2a: Zacian\n|-start|p2a: Zacian|Encore\n|move|p2a: Zacian|Sacred Sword|p1a: Calyrex\n|-immune|p1a: Calyrex\n|\n|-fieldend|move: Electric Terrain\n|upkeep\n|turn|7\n|\n|t:|1699111439\n|switch|p2a: Calyrex|Calyrex-Shadow|100\/100\n|-ability|p2a: Calyrex|As One\n|-ability|p2a: Calyrex|Unnerve\n|move|p1a: Calyrex|Astral Barrage|p2a: Calyrex\n|-supereffective|p2a: Calyrex\n|-damage|p2a: Calyrex|0 fnt\n|faint|p2a: Calyrex\n|-ability|p1a: Calyrex|Grim Neigh|boost\n|-boost|p1a: Calyrex|spa|1\n|\n|upkeep\n|\n|t:|1699111445\n|switch|p2a: Zacian|Zacian-Crowned, shiny|100\/100\n|turn|8\n|\n|t:|1699111450\n|move|p1a: Calyrex|Astral Barrage|p2a: Zacian\n|-damage|p2a: Zacian|0 fnt\n|faint|p2a: Zacian\n|-ability|p1a: Calyrex|Grim Neigh|boost\n|-boost|p1a: Calyrex|spa|1\n|\n|upkeep\n|-message|Pert0011 forfeited.\n|\n|win|SuperJabroniBros\n|raw|SuperJabroniBros's rating: 1476 &rarr; <strong>1491<\/strong><br \/>(+15 for winning)\n|raw|Pert0011's rating: 1383 &rarr; <strong>1368<\/strong><br \/>(-15 for losing)\n","uploadtime":1699111470,"views":8,"p1id":"superjabronibros","p2id":"pert0011","formatid":"gen9anythinggoes","rating":1368,"private":0,"password":""}