{"id":"gen9anythinggoes-2000518729","p1":"CrownedAegislash","p2":"Spartan-912","format":"[Gen 9] Anything Goes","log":"|j|\u2606CrownedAegislash\n|j|\u2606Spartan-912\n|t:|1701201603\n|gametype|singles\n|player|p1|CrownedAegislash|dawn|\n|player|p2|Spartan-912|skyla|\n|teamsize|p1|6\n|teamsize|p2|6\n|gen|9\n|tier|[Gen 9] Anything Goes\n|rule|HP Percentage Mod: HP is shown in percentages\n|rule|Endless Battle Clause: Forcing endless battles is banned\n|clearpoke\n|poke|p1|Calyrex-Shadow|\n|poke|p1|Annihilape, F|\n|poke|p1|Azumarill, M|\n|poke|p1|Maushold-Four|\n|poke|p1|Miraidon|\n|poke|p1|Zacian-*|\n|poke|p2|Iron Moth|\n|poke|p2|Iron Valiant|\n|poke|p2|Ceruledge, M|\n|poke|p2|Great Tusk|\n|poke|p2|Dragonite, M|\n|poke|p2|Dragapult, M|\n|teampreview\n|j| lerac\n|inactive|Battle timer is ON: inactive players will automatically lose when time's up. (requested by CrownedAegislash)\n|\n|t:|1701201623\n|start\n|switch|p1a: Azumarill|Azumarill, M|100\/100\n|switch|p2a: Dragonite|Dragonite, M|100\/100\n|turn|1\n|\n|t:|1701201652\n|-terastallize|p1a: Azumarill|Water\n|move|p2a: Dragonite|Earthquake|p1a: Azumarill\n|-damage|p1a: Azumarill|57\/100\n|move|p1a: Azumarill|Play Rough|p2a: Dragonite\n|-supereffective|p2a: Dragonite\n|-damage|p2a: Dragonite|35\/100\n|\n|upkeep\n|turn|2\n|inactive|Spartan-912 has 270 seconds left.\n|\n|t:|1701201676\n|move|p2a: Dragonite|Extreme Speed|p1a: Azumarill\n|-damage|p1a: Azumarill|21\/100\n|-enditem|p1a: Azumarill|Sitrus Berry|[eat]\n|-heal|p1a: Azumarill|46\/100|[from] item: Sitrus Berry\n|move|p1a: Azumarill|Belly Drum||[still]\n|-fail|p1a: Azumarill\n|\n|upkeep\n|turn|3\n|inactive|Spartan-912 has 270 seconds left.\n|\n|t:|1701201689\n|move|p2a: Dragonite|Extreme Speed|p1a: Azumarill\n|-damage|p1a: Azumarill|10\/100\n|move|p1a: Azumarill|Play Rough|p2a: Dragonite|[miss]\n|-miss|p1a: Azumarill|p2a: Dragonite\n|\n|upkeep\n|turn|4\n|inactive|Spartan-912 has 270 seconds left.\n|l|\u2606Spartan-912\n|inactive|Spartan-912 disconnected and has 300 seconds to reconnect!\n|player|p2|\n|inactive|Spartan-912 has 270 seconds to reconnect!\n|inactive|Spartan-912 has 240 seconds to reconnect!\n|inactive|Spartan-912 has 210 seconds to reconnect!\n|j|\u2606Spartan-912\n|inactive|Spartan-912 reconnected and has 270 seconds left.\n|player|p2|Spartan-912|skyla\n|\n|t:|1701201799\n|switch|p1a: Annihilape|Annihilape, F|100\/100\n|move|p2a: Dragonite|Extreme Speed|p1a: Annihilape\n|-immune|p1a: Annihilape\n|\n|upkeep\n|turn|5\n|inactive|Spartan-912 has 270 seconds left.\n|\n|t:|1701201810\n|move|p2a: Dragonite|Earthquake|p1a: Annihilape\n|-damage|p1a: Annihilape|59\/100\n|move|p1a: Annihilape|Bulk Up|p1a: Annihilape\n|-boost|p1a: Annihilape|atk|1\n|-boost|p1a: Annihilape|def|1\n|\n|-heal|p1a: Annihilape|65\/100|[from] item: Leftovers\n|upkeep\n|turn|6\n|inactive|Spartan-912 has 270 seconds left.\n|\n|t:|1701201849\n|move|p2a: Dragonite|Fire Punch|p1a: Annihilape\n|-damage|p1a: Annihilape|46\/100\n|move|p1a: Annihilape|Rage Fist|p2a: Dragonite\n|-damage|p2a: Dragonite|0 fnt\n|faint|p2a: Dragonite\n|\n|-heal|p1a: Annihilape|52\/100|[from] item: Leftovers\n|upkeep\n|inactive|Spartan-912 has 240 seconds left.\n|\n|t:|1701201865\n|switch|p2a: Iron Moth|Iron Moth|100\/100\n|-enditem|p2a: Iron Moth|Booster Energy\n|-activate|p2a: Iron Moth|ability: Quark Drive|[fromitem]\n|-start|p2a: Iron Moth|quarkdrivespe\n|turn|7\n|inactive|Spartan-912 has 240 seconds left.\n|\n|t:|1701201874\n|move|p2a: Iron Moth|Psychic|p1a: Annihilape\n|-supereffective|p1a: Annihilape\n|-damage|p1a: Annihilape|12\/100\n|move|p1a: Annihilape|Rage Fist|p2a: Iron Moth\n|-damage|p2a: Iron Moth|0 fnt\n|faint|p2a: Iron Moth\n|-end|p2a: Iron Moth|Quark Drive|[silent]\n|\n|-heal|p1a: Annihilape|18\/100|[from] item: Leftovers\n|upkeep\n|inactive|Spartan-912 has 240 seconds left.\n|\n|t:|1701201900\n|switch|p2a: Great Tusk|Great Tusk|100\/100\n|-enditem|p2a: Great Tusk|Booster Energy\n|-activate|p2a: Great Tusk|ability: Protosynthesis|[fromitem]\n|-start|p2a: Great Tusk|protosynthesisatk\n|turn|8\n|\n|t:|1701201914\n|move|p2a: Great Tusk|Iron Head|p1a: Annihilape\n|-damage|p1a: Annihilape|0 fnt\n|faint|p1a: Annihilape\n|\n|upkeep\n|\n|t:|1701201919\n|switch|p1a: Calvary|Calyrex-Shadow|100\/100\n|-ability|p1a: Calvary|As One\n|-ability|p1a: Calvary|Unnerve\n|turn|9\n|\n|t:|1701201939\n|move|p1a: Calvary|Astral Barrage|p2a: Great Tusk\n|-damage|p2a: Great Tusk|0 fnt\n|faint|p2a: Great Tusk\n|-end|p2a: Great Tusk|Protosynthesis|[silent]\n|-ability|p1a: Calvary|Grim Neigh|boost\n|-boost|p1a: Calvary|spa|1\n|\n|upkeep\n|\n|t:|1701201947\n|switch|p2a: Ceruledge|Ceruledge, M|100\/100\n|turn|10\n|\n|t:|1701201952\n|move|p1a: Calvary|Astral Barrage|p2a: Ceruledge\n|-supereffective|p2a: Ceruledge\n|-damage|p2a: Ceruledge|0 fnt\n|faint|p2a: Ceruledge\n|-ability|p1a: Calvary|Grim Neigh|boost\n|-boost|p1a: Calvary|spa|1\n|\n|upkeep\n|\n|t:|1701201962\n|switch|p2a: Dragapult|Dragapult, M|100\/100\n|turn|11\n|\n|t:|1701201971\n|move|p1a: Calvary|Astral Barrage|p2a: Dragapult\n|-supereffective|p2a: Dragapult\n|-damage|p2a: Dragapult|0 fnt\n|faint|p2a: Dragapult\n|-ability|p1a: Calvary|Grim Neigh|boost\n|-boost|p1a: Calvary|spa|1\n|\n|upkeep\n|\n|t:|1701201978\n|switch|p2a: Iron Valiant|Iron Valiant|100\/100\n|-enditem|p2a: Iron Valiant|Booster Energy\n|-activate|p2a: Iron Valiant|ability: Quark Drive|[fromitem]\n|-start|p2a: Iron Valiant|quarkdrivespe\n|turn|12\n|\n|t:|1701201989\n|move|p2a: Iron Valiant|Knock Off|p1a: Calvary\n|-supereffective|p1a: Calvary\n|-damage|p1a: Calvary|0 fnt\n|-enditem|p1a: Calvary|Choice Specs|[from] move: Knock Off|[of] p2a: Iron Valiant\n|faint|p1a: Calvary\n|\n|upkeep\n|\n|t:|1701202002\n|switch|p1a: Zacian|Zacian-Crowned|100\/100\n|-ability|p1a: Zacian|Intrepid Sword|boost\n|-boost|p1a: Zacian|atk|1\n|turn|13\n|\n|t:|1701202008\n|move|p2a: Iron Valiant|Close Combat|p1a: Zacian\n|-damage|p1a: Zacian|46\/100\n|-unboost|p2a: Iron Valiant|def|1\n|-unboost|p2a: Iron Valiant|spd|1\n|move|p1a: Zacian|Behemoth Blade|p2a: Iron Valiant\n|-supereffective|p2a: Iron Valiant\n|-damage|p2a: Iron Valiant|0 fnt\n|faint|p2a: Iron Valiant\n|-end|p2a: Iron Valiant|Quark Drive|[silent]\n|\n|win|CrownedAegislash\n|l|\u2606Spartan-912\n","uploadtime":1701202039,"views":8,"p1id":"crownedaegislash","p2id":"spartan912","formatid":"gen9anythinggoes","rating":0,"private":0,"password":""}