{"id":"gen9anythinggoes-1989792865","p1":"LPtiDim","p2":"MR.Jay 3817","format":"[Gen 9] Anything Goes","log":"|j|\u2606LPtiDim\n|j|\u2606MR.Jay 3817\n|t:|1699896183\n|gametype|singles\n|player|p1|LPtiDim|alder|1123\n|player|p2|MR.Jay 3817|169|1149\n|teamsize|p1|6\n|teamsize|p2|6\n|gen|9\n|tier|[Gen 9] Anything Goes\n|rated|\n|rule|HP Percentage Mod: HP is shown in percentages\n|rule|Endless Battle Clause: Forcing endless battles is banned\n|clearpoke\n|poke|p1|Landorus-Therian, M|\n|poke|p1|Volcarona, F|\n|poke|p1|Gliscor, M|\n|poke|p1|Dragapult, M|\n|poke|p1|Great Tusk|\n|poke|p1|Garganacl, M|\n|poke|p2|Dragapult, M|\n|poke|p2|Garchomp, F|\n|poke|p2|Flutter Mane|\n|poke|p2|Clodsire, F|\n|poke|p2|Urshifu-*, F|\n|poke|p2|Cinderace, M|\n|teampreview\n|\n|t:|1699896190\n|start\n|switch|p1a: Dragapult|Dragapult, M, shiny|100\/100\n|switch|p2a: Clodsire|Clodsire, F, shiny|100\/100\n|turn|1\n|\n|t:|1699896219\n|move|p1a: Dragapult|Dragon Dance|p1a: Dragapult\n|-boost|p1a: Dragapult|atk|1\n|-boost|p1a: Dragapult|spe|1\n|move|p2a: Clodsire|Spikes|p1a: Dragapult\n|-sidestart|p1: LPtiDim|Spikes\n|\n|upkeep\n|turn|2\n|\n|t:|1699896236\n|move|p1a: Dragapult|Dragon Dance|p1a: Dragapult\n|-boost|p1a: Dragapult|atk|1\n|-boost|p1a: Dragapult|spe|1\n|move|p2a: Clodsire|Toxic Spikes|p1a: Dragapult\n|-sidestart|p1: LPtiDim|move: Toxic Spikes\n|\n|upkeep\n|turn|3\n|inactive|Battle timer is ON: inactive players will automatically lose when time's up. (requested by LPtiDim)\n|\n|t:|1699896296\n|move|p1a: Dragapult|Dragon Darts|p2a: Clodsire\n|-crit|p2a: Clodsire\n|-damage|p2a: Clodsire|22\/100\n|-anim|p1a: Dragapult|Dragon Darts|p2a: Clodsire\n|-damage|p2a: Clodsire|0 fnt\n|faint|p2a: Clodsire\n|-damage|p1a: Dragapult|91\/100|[from] item: Life Orb\n|\n|upkeep\n|\n|t:|1699896309\n|switch|p2a: Flutter Mane|Flutter Mane|100\/100\n|turn|4\n|\n|t:|1699896322\n|move|p1a: Dragapult|Phantom Force||[still]\n|-prepare|p1a: Dragapult|Phantom Force\n|move|p2a: Flutter Mane|Moonblast|p1a: Dragapult|[miss]\n|-miss|p2a: Flutter Mane|p1a: Dragapult\n|\n|upkeep\n|turn|5\n|\n|t:|1699896339\n|-end|p2a: Flutter Mane|Protosynthesis|[silent]\n|switch|p2a: Urshifu|Urshifu-Rapid-Strike, F|100\/100\n|move|p1a: Dragapult|Phantom Force|p2a: Urshifu|[from]lockedmove\n|-damage|p2a: Urshifu|0 fnt\n|faint|p2a: Urshifu\n|-damage|p1a: Dragapult|81\/100|[from] item: Life Orb\n|\n|upkeep\n|\n|t:|1699896347\n|switch|p2a: Flutter Mane|Flutter Mane|100\/100\n|turn|6\n|\n|t:|1699896353\n|move|p1a: Dragapult|Phantom Force||[still]\n|-prepare|p1a: Dragapult|Phantom Force\n|move|p2a: Flutter Mane|Calm Mind|p2a: Flutter Mane\n|-boost|p2a: Flutter Mane|spa|1\n|-boost|p2a: Flutter Mane|spd|1\n|\n|upkeep\n|turn|7\n|\n|t:|1699896361\n|move|p1a: Dragapult|Phantom Force|p2a: Flutter Mane|[from]lockedmove\n|-supereffective|p2a: Flutter Mane\n|-damage|p2a: Flutter Mane|0 fnt\n|faint|p2a: Flutter Mane\n|-end|p2a: Flutter Mane|Protosynthesis|[silent]\n|-damage|p1a: Dragapult|71\/100|[from] item: Life Orb\n|\n|upkeep\n|\n|t:|1699896369\n|switch|p2a: Dragapult|Dragapult, M|100\/100\n|turn|8\n|\n|t:|1699896376\n|move|p1a: Dragapult|Dragon Darts|p2a: Dragapult\n|-supereffective|p2a: Dragapult\n|-damage|p2a: Dragapult|0 fnt\n|faint|p2a: Dragapult\n|-damage|p1a: Dragapult|61\/100|[from] item: Life Orb\n|\n|upkeep\n|\n|t:|1699896382\n|switch|p2a: Cinderace|Cinderace, M|100\/100\n|turn|9\n|\n|t:|1699896388\n|move|p2a: Cinderace|Sucker Punch|p1a: Dragapult\n|-supereffective|p1a: Dragapult\n|-damage|p1a: Dragapult|5\/100\n|-damage|p2a: Cinderace|91\/100|[from] item: Life Orb\n|move|p1a: Dragapult|Phantom Force||[still]\n|-prepare|p1a: Dragapult|Phantom Force\n|\n|upkeep\n|turn|10\n|\n|t:|1699896400\n|move|p1a: Dragapult|Phantom Force|p2a: Cinderace|[from]lockedmove\n|-crit|p2a: Cinderace\n|-damage|p2a: Cinderace|0 fnt\n|faint|p2a: Cinderace\n|-damage|p1a: Dragapult|0 fnt|[from] item: Life Orb\n|faint|p1a: Dragapult\n|\n|upkeep\n|\n|t:|1699896417\n|switch|p2a: Garchomp|Garchomp, F, shiny|100\/100\n|switch|p1a: Great Tusk|Great Tusk|100\/100\n|turn|11\n|\n|t:|1699896425\n|move|p2a: Garchomp|Dragon Claw|p1a: Great Tusk\n|-damage|p1a: Great Tusk|71\/100\n|move|p1a: Great Tusk|Ice Spinner|p2a: Garchomp\n|-supereffective|p2a: Garchomp\n|-damage|p2a: Garchomp|3\/100\n|\n|upkeep\n|turn|12\n|\n|t:|1699896437\n|move|p2a: Garchomp|Flamethrower|p1a: Great Tusk\n|-damage|p1a: Great Tusk|53\/100\n|move|p1a: Great Tusk|Rapid Spin|p2a: Garchomp\n|-damage|p2a: Garchomp|0 fnt\n|-boost|p1a: Great Tusk|spe|1\n|-sideend|p1: LPtiDim|Spikes|[from] move: Rapid Spin|[of] p1a: Great Tusk\n|-sideend|p1: LPtiDim|Toxic Spikes|[from] move: Rapid Spin|[of] p1a: Great Tusk\n|faint|p2a: Garchomp\n|\n|win|LPtiDim\n|raw|LPtiDim's rating: 1123 &rarr; <strong>1150<\/strong><br \/>(+27 for winning)\n|raw|MR.Jay 3817's rating: 1149 &rarr; <strong>1122<\/strong><br \/>(-27 for losing)\n|l|\u2606MR.Jay 3817\n","uploadtime":1699896451,"views":12,"p1id":"lptidim","p2id":"mrjay3817","formatid":"gen9anythinggoes","rating":1122,"private":0,"password":""}