{"id":"gen9anythinggoes-1973091810","p1":"wccknd","p2":"Shinkki_Sann","format":"[Gen 9] Anything Goes","log":"|j|\u2606wccknd\n|j|\u2606Shinkki_Sann\n|t:|1697926670\n|gametype|singles\n|player|p1|wccknd|pokemaniac|1189\n|player|p2|Shinkki_Sann|1|1132\n|teamsize|p1|6\n|teamsize|p2|6\n|gen|9\n|tier|[Gen 9] Anything Goes\n|rated|\n|rule|HP Percentage Mod: HP is shown in percentages\n|rule|Endless Battle Clause: Forcing endless battles is banned\n|clearpoke\n|poke|p1|Charjabug, M|\n|poke|p1|Vaporeon, F|\n|poke|p1|Urshifu-*, F|\n|poke|p1|Espeon, M|\n|poke|p1|Scizor, F|\n|poke|p1|Gholdengo|\n|poke|p2|Spidops, M|\n|poke|p2|Flutter Mane|\n|poke|p2|Skuntank, M|\n|poke|p2|Skeledirge, F|\n|poke|p2|Wyrdeer, F|\n|poke|p2|Samurott-Hisui, F|\n|teampreview\n|\n|t:|1697926678\n|start\n|switch|p1a: Charjabug|Charjabug, M|100\/100\n|switch|p2a: Spidops|Spidops, M|100\/100\n|turn|1\n|\n|t:|1697926684\n|switch|p1a: Espeon|Espeon, M|100\/100\n|move|p2a: Spidops|Silk Trap||[still]\n|-fail|p2a: Spidops\n|\n|upkeep\n|turn|2\n|\n|t:|1697926711\n|move|p1a: Espeon|Shadow Ball|p2a: Spidops\n|-damage|p2a: Spidops|76\/100\n|move|p2a: Spidops|Sticky Web|p1a: Espeon\n|move|p1a: Espeon|Sticky Web|p2a: Spidops|[from]ability: Magic Bounce\n|-sidestart|p2: Shinkki_Sann|move: Sticky Web\n|\n|upkeep\n|turn|3\n|c|\u2606Shinkki_Sann|Oh thats good actually\n|\n|t:|1697926731\n|move|p1a: Espeon|Wish|p1a: Espeon\n|move|p2a: Spidops|Knock Off|p1a: Espeon\n|-supereffective|p1a: Espeon\n|-damage|p1a: Espeon|47\/100\n|-enditem|p1a: Espeon|Leftovers|[from] move: Knock Off|[of] p2a: Spidops\n|\n|upkeep\n|turn|4\n|\n|t:|1697926758\n|switch|p1a: Vaporeon|Vaporeon, F|100\/100\n|move|p2a: Spidops|Knock Off|p1a: Vaporeon\n|-damage|p1a: Vaporeon|59\/100\n|-enditem|p1a: Vaporeon|Leftovers|[from] move: Knock Off|[of] p2a: Spidops\n|\n|-heal|p1a: Vaporeon|95\/100|[from] move: Wish|[wisher] Espeon\n|upkeep\n|turn|5\n|\n|t:|1697926766\n|move|p1a: Vaporeon|Yawn|p2a: Spidops\n|-start|p2a: Spidops|move: Yawn|[of] p1a: Vaporeon\n|move|p2a: Spidops|Sticky Web|p1a: Vaporeon\n|-sidestart|p1: wccknd|move: Sticky Web\n|\n|upkeep\n|turn|6\n|\n|t:|1697926771\n|switch|p1a: Gholdengo|Gholdengo|100\/100\n|-item|p1a: Gholdengo|Air Balloon\n|move|p2a: Spidops|U-turn|p1a: Gholdengo\n|-resisted|p1a: Gholdengo\n|-damage|p1a: Gholdengo|91\/100\n|-enditem|p1a: Gholdengo|Air Balloon\n|\n|t:|1697926784\n|switch|p2a: Wyrdeer|Wyrdeer, F|100\/100|[from] U-turn\n|-activate|p2a: Wyrdeer|move: Sticky Web\n|-unboost|p2a: Wyrdeer|spe|1\n|-ability|p2a: Wyrdeer|Intimidate|boost\n|-unboost|p1a: Gholdengo|atk|1\n|\n|upkeep\n|turn|7\n|\n|t:|1697926793\n|-terastallize|p1a: Gholdengo|Steel\n|move|p1a: Gholdengo|Nasty Plot|p1a: Gholdengo\n|-boost|p1a: Gholdengo|spa|2\n|move|p2a: Wyrdeer|Trick Room|p2a: Wyrdeer\n|-fieldstart|move: Trick Room|[of] p2a: Wyrdeer\n|\n|upkeep\n|turn|8\n|\n|t:|1697926811\n|switch|p1a: Charjabug|Charjabug, M|100\/100\n|-activate|p1a: Charjabug|move: Sticky Web\n|-unboost|p1a: Charjabug|spe|1\n|move|p2a: Wyrdeer|High Horsepower|p1a: Charjabug\n|-damage|p1a: Charjabug|83\/100\n|\n|upkeep\n|turn|9\n|\n|t:|1697926826\n|switch|p2a: Samurott|Samurott-Hisui, F|100\/100\n|-activate|p2a: Samurott|move: Sticky Web\n|-unboost|p2a: Samurott|spe|1\n|move|p1a: Charjabug|Thunder Wave|p2a: Samurott\n|-status|p2a: Samurott|par\n|\n|upkeep\n|turn|10\n|\n|t:|1697926835\n|move|p1a: Charjabug|Lunge|p2a: Samurott\n|-supereffective|p2a: Samurott\n|-damage|p2a: Samurott|38\/100 par\n|-unboost|p2a: Samurott|atk|1\n|move|p2a: Samurott|Ceaseless Edge|p1a: Charjabug\n|-damage|p1a: Charjabug|67\/100\n|-sidestart|p1: wccknd|Spikes\n|\n|upkeep\n|turn|11\n|\n|t:|1697926846\n|move|p1a: Charjabug|Lunge|p2a: Samurott\n|-supereffective|p2a: Samurott\n|-damage|p2a: Samurott|0 fnt\n|faint|p2a: Samurott\n|\n|-fieldend|move: Trick Room\n|upkeep\n|\n|t:|1697926849\n|switch|p2a: Skuntank|Skuntank, M|100\/100\n|-activate|p2a: Skuntank|move: Sticky Web\n|-unboost|p2a: Skuntank|spe|1\n|turn|12\n|inactive|Battle timer is ON: inactive players will automatically lose when time's up. (requested by Shinkki_Sann)\n|\n|t:|1697926865\n|move|p2a: Skuntank|Fire Spin|p1a: Charjabug\n|-supereffective|p1a: Charjabug\n|-damage|p1a: Charjabug|56\/100\n|-activate|p1a: Charjabug|move: Fire Spin|[of] p2a: Skuntank\n|move|p1a: Charjabug|Thunder Wave|p2a: Skuntank\n|-status|p2a: Skuntank|par\n|\n|-damage|p1a: Charjabug|44\/100|[from] move: Fire Spin|[partiallytrapped]\n|upkeep\n|turn|13\n|\n|t:|1697926875\n|move|p1a: Charjabug|Lunge|p2a: Skuntank\n|-damage|p2a: Skuntank|81\/100 par\n|-unboost|p2a: Skuntank|atk|1\n|-damage|p1a: Charjabug|27\/100|[from] item: Rocky Helmet|[of] p2a: Skuntank\n|move|p2a: Skuntank|Haze|p2a: Skuntank\n|-clearallboost\n|\n|-damage|p1a: Charjabug|15\/100|[from] move: Fire Spin|[partiallytrapped]\n|upkeep\n|turn|14\n|\n|t:|1697926885\n|move|p1a: Charjabug|Lunge|p2a: Skuntank\n|-damage|p2a: Skuntank|61\/100 par\n|-unboost|p2a: Skuntank|atk|1\n|-damage|p1a: Charjabug|0 fnt|[from] item: Rocky Helmet|[of] p2a: Skuntank\n|faint|p1a: Charjabug\n|move|p2a: Skuntank|Toxic Spikes|p1: Charjabug\n|-sidestart|p1: wccknd|move: Toxic Spikes\n|\n|upkeep\n|\n|t:|1697926893\n|switch|p1a: Scizor|Scizor, F|100\/100\n|-activate|p1a: Scizor|move: Sticky Web\n|-unboost|p1a: Scizor|spe|1\n|-damage|p1a: Scizor|88\/100|[from] Spikes\n|turn|15\n|\n|t:|1697926898\n|move|p1a: Scizor|Swords Dance|p1a: Scizor\n|-boost|p1a: Scizor|atk|2\n|move|p2a: Skuntank|Fire Spin|p1a: Scizor\n|-supereffective|p1a: Scizor\n|-enditem|p1a: Scizor|Occa Berry|[eat]\n|-enditem|p1a: Scizor|Occa Berry|[weaken]\n|-damage|p1a: Scizor|74\/100\n|-activate|p1a: Scizor|move: Fire Spin|[of] p2a: Skuntank\n|\n|-damage|p1a: Scizor|62\/100|[from] move: Fire Spin|[partiallytrapped]\n|upkeep\n|turn|16\n|\n|t:|1697926908\n|move|p1a: Scizor|Trailblaze|p2a: Skuntank\n|-resisted|p2a: Skuntank\n|-damage|p2a: Skuntank|37\/100 par\n|-boost|p1a: Scizor|spe|1\n|-damage|p1a: Scizor|45\/100|[from] item: Rocky Helmet|[of] p2a: Skuntank\n|move|p2a: Skuntank|Fire Spin|p1a: Scizor\n|-supereffective|p1a: Scizor\n|-damage|p1a: Scizor|19\/100\n|\n|-damage|p1a: Scizor|6\/100|[from] move: Fire Spin|[partiallytrapped]\n|upkeep\n|turn|17\n|\n|t:|1697926913\n|move|p1a: Scizor|Trailblaze|p2a: Skuntank\n|-resisted|p2a: Skuntank\n|-damage|p2a: Skuntank|10\/100 par\n|-boost|p1a: Scizor|spe|1\n|-damage|p1a: Scizor|0 fnt|[from] item: Rocky Helmet|[of] p2a: Skuntank\n|faint|p1a: Scizor\n|move|p2a: Skuntank|Fire Spin|p1: Scizor|[notarget]\n|-fail|p2a: Skuntank\n|\n|upkeep\n|\n|t:|1697926917\n|switch|p1a: Gholdengo|Gholdengo, tera:Steel|91\/100\n|-activate|p1a: Gholdengo|move: Sticky Web\n|-unboost|p1a: Gholdengo|spe|1\n|-damage|p1a: Gholdengo|79\/100|[from] Spikes\n|turn|18\n|\n|t:|1697926924\n|move|p1a: Gholdengo|Shadow Ball|p2a: Skuntank\n|-resisted|p2a: Skuntank\n|-damage|p2a: Skuntank|0 fnt\n|faint|p2a: Skuntank\n|\n|upkeep\n|\n|t:|1697926930\n|switch|p2a: Spidops|Spidops, M|76\/100\n|-activate|p2a: Spidops|move: Sticky Web\n|-unboost|p2a: Spidops|spe|1\n|turn|19\n|\n|t:|1697926939\n|move|p2a: Spidops|Silk Trap|p2a: Spidops\n|-singleturn|p2a: Spidops|Protect\n|move|p1a: Gholdengo|Nasty Plot|p1a: Gholdengo\n|-boost|p1a: Gholdengo|spa|2\n|\n|upkeep\n|turn|20\n|\n|t:|1697926946\n|move|p1a: Gholdengo|Make It Rain|p2a: Spidops\n|-damage|p2a: Spidops|0 fnt\n|-unboost|p1a: Gholdengo|spa|1\n|faint|p2a: Spidops\n|\n|upkeep\n|\n|t:|1697926951\n|switch|p2a: Wyrdeer|Wyrdeer, F|100\/100\n|-activate|p2a: Wyrdeer|move: Sticky Web\n|-unboost|p2a: Wyrdeer|spe|1\n|-ability|p2a: Wyrdeer|Intimidate|boost\n|-unboost|p1a: Gholdengo|atk|1\n|turn|21\n|\n|t:|1697926965\n|-terastallize|p2a: Wyrdeer|Normal\n|move|p1a: Gholdengo|Nasty Plot|p1a: Gholdengo\n|-boost|p1a: Gholdengo|spa|2\n|move|p2a: Wyrdeer|Trick Room|p2a: Wyrdeer\n|-fieldstart|move: Trick Room|[of] p2a: Wyrdeer\n|\n|upkeep\n|turn|22\n|\n|t:|1697926976\n|move|p2a: Wyrdeer|Psyshield Bash|p1a: Gholdengo\n|-resisted|p1a: Gholdengo\n|-damage|p1a: Gholdengo|62\/100\n|-boost|p2a: Wyrdeer|def|1\n|move|p1a: Gholdengo|Make It Rain|p2a: Wyrdeer\n|-damage|p2a: Wyrdeer|0 fnt\n|-unboost|p1a: Gholdengo|spa|1\n|faint|p2a: Wyrdeer\n|\n|upkeep\n|\n|t:|1697926981\n|switch|p2a: Skeledirge|Skeledirge, F|100\/100\n|-activate|p2a: Skeledirge|move: Sticky Web\n|-unboost|p2a: Skeledirge|spe|1\n|turn|23\n|\n|t:|1697926992\n|switch|p1a: Vaporeon|Vaporeon, F|95\/100\n|-activate|p1a: Vaporeon|move: Sticky Web\n|-unboost|p1a: Vaporeon|spe|1\n|-damage|p1a: Vaporeon|83\/100|[from] Spikes\n|-status|p1a: Vaporeon|psn\n|move|p2a: Skeledirge|Will-O-Wisp||[still]\n|-fail|p2a: Skeledirge\n|\n|-damage|p1a: Vaporeon|70\/100 psn|[from] psn\n|upkeep\n|turn|24\n|\n|t:|1697927000\n|move|p1a: Vaporeon|Yawn|p2a: Skeledirge\n|-start|p2a: Skeledirge|move: Yawn|[of] p1a: Vaporeon\n|move|p2a: Skeledirge|Hex|p1a: Vaporeon\n|-crit|p1a: Vaporeon\n|-damage|p1a: Vaporeon|16\/100 psn\n|\n|-damage|p1a: Vaporeon|3\/100 psn|[from] psn\n|upkeep\n|turn|25\n|\n|t:|1697927010\n|switch|p2a: Flutter Mane|Flutter Mane|100\/100\n|-activate|p2a: Flutter Mane|move: Sticky Web\n|-unboost|p2a: Flutter Mane|spe|1\n|move|p1a: Vaporeon|Scald|p2a: Flutter Mane\n|-damage|p2a: Flutter Mane|60\/100\n|\n|-damage|p1a: Vaporeon|0 fnt|[from] psn\n|faint|p1a: Vaporeon\n|-fieldend|move: Trick Room\n|upkeep\n|\n|t:|1697927020\n|switch|p1a: Urshifu|Urshifu, F|100\/100\n|-activate|p1a: Urshifu|move: Sticky Web\n|-unboost|p1a: Urshifu|spe|1\n|-damage|p1a: Urshifu|88\/100|[from] Spikes\n|-status|p1a: Urshifu|psn\n|turn|26\n|\n|t:|1697927029\n|move|p2a: Flutter Mane|Moonblast|p1a: Urshifu\n|-supereffective|p1a: Urshifu\n|-damage|p1a: Urshifu|0 fnt\n|faint|p1a: Urshifu\n|\n|upkeep\n|\n|t:|1697927042\n|switch|p1a: Gholdengo|Gholdengo, tera:Steel|62\/100\n|-activate|p1a: Gholdengo|move: Sticky Web\n|-unboost|p1a: Gholdengo|spe|1\n|-damage|p1a: Gholdengo|49\/100|[from] Spikes\n|turn|27\n|\n|t:|1697927048\n|-end|p2a: Flutter Mane|Protosynthesis|[silent]\n|switch|p2a: Skeledirge|Skeledirge, F|100\/100\n|-activate|p2a: Skeledirge|move: Sticky Web\n|-unboost|p2a: Skeledirge|spe|1\n|move|p1a: Gholdengo|Recover|p1a: Gholdengo\n|-heal|p1a: Gholdengo|99\/100\n|\n|upkeep\n|turn|28\n|\n|t:|1697927060\n|move|p1a: Gholdengo|Shadow Ball|p2a: Skeledirge\n|-supereffective|p2a: Skeledirge\n|-damage|p2a: Skeledirge|7\/100\n|move|p2a: Skeledirge|Encore|p1a: Gholdengo\n|-immune|p1a: Gholdengo|[from] ability: Good as Gold\n|\n|upkeep\n|turn|29\n|\n|t:|1697927066\n|move|p1a: Gholdengo|Shadow Ball|p2a: Skeledirge\n|-supereffective|p2a: Skeledirge\n|-damage|p2a: Skeledirge|0 fnt\n|faint|p2a: Skeledirge\n|\n|upkeep\n|\n|t:|1697927069\n|switch|p2a: Flutter Mane|Flutter Mane|60\/100\n|-activate|p2a: Flutter Mane|move: Sticky Web\n|-unboost|p2a: Flutter Mane|spe|1\n|turn|30\n|\n|t:|1697927072\n|move|p2a: Flutter Mane|Mystical Fire|p1a: Gholdengo\n|-supereffective|p1a: Gholdengo\n|-crit|p1a: Gholdengo\n|-damage|p1a: Gholdengo|0 fnt\n|faint|p1a: Gholdengo\n|\n|upkeep\n|\n|t:|1697927075\n|switch|p1a: Espeon|Espeon, M|47\/100\n|-activate|p1a: Espeon|move: Sticky Web\n|-unboost|p1a: Espeon|spe|1\n|-damage|p1a: Espeon|34\/100|[from] Spikes\n|-status|p1a: Espeon|psn\n|turn|31\n|c|\u2606Shinkki_Sann|This crit manter\n|\n|t:|1697927082\n|move|p2a: Flutter Mane|Mystical Fire|p1a: Espeon\n|-damage|p1a: Espeon|0 fnt\n|faint|p1a: Espeon\n|\n|win|Shinkki_Sann\n|raw|wccknd's rating: 1189 &rarr; <strong>1160<\/strong><br \/>(-29 for losing)\n|raw|Shinkki_Sann's rating: 1132 &rarr; <strong>1161<\/strong><br \/>(+29 for winning)\n|l|\u2606wccknd\n|c|\u2606Shinkki_Sann|Manter*\n|c|\u2606Shinkki_Sann|MATTER\n","uploadtime":1697927107,"views":9,"p1id":"wccknd","p2id":"shinkkisann","formatid":"gen9anythinggoes","rating":1160,"private":0,"password":""}