{"id":"gen9anythinggoes-1992607275","p1":"shinytanktank","p2":"DrontDoDugs","format":"[Gen 9] Anything Goes","log":"|j|\u2606shinytanktank\n|j|\u2606DrontDoDugs\n|t:|1700213830\n|gametype|singles\n|player|p1|shinytanktank|102|1313\n|player|p2|DrontDoDugs|shadowtriad|1452\n|teamsize|p1|6\n|teamsize|p2|6\n|gen|9\n|tier|[Gen 9] Anything Goes\n|rated|\n|rule|HP Percentage Mod: HP is shown in percentages\n|rule|Endless Battle Clause: Forcing endless battles is banned\n|clearpoke\n|poke|p1|Polteageist-Antique|\n|poke|p1|Maushold-Four|\n|poke|p1|Ditto|\n|poke|p1|Glimmora, F|\n|poke|p1|Basculegion, M|\n|poke|p1|Kingambit, F|\n|poke|p2|Magearna|\n|poke|p2|Blissey, F|\n|poke|p2|Eternatus|\n|poke|p2|Jirachi|\n|poke|p2|Giratina|\n|poke|p2|Magearna|\n|teampreview\n|inactive|Battle timer is ON: inactive players will automatically lose when time's up. (requested by DrontDoDugs)\n|inactive|shinytanktank also wants the timer to be on.\n|\n|t:|1700213852\n|start\n|switch|p1a: First Impression|Polteageist-Antique|100\/100\n|switch|p2a: Jirachi|Jirachi|100\/100\n|turn|1\n|\n|t:|1700213857\n|move|p1a: First Impression|Shell Smash|p1a: First Impression\n|-unboost|p1a: First Impression|def|1\n|-unboost|p1a: First Impression|spd|1\n|-boost|p1a: First Impression|atk|2\n|-boost|p1a: First Impression|spa|2\n|-boost|p1a: First Impression|spe|2\n|move|p2a: Jirachi|Cosmic Power|p2a: Jirachi\n|-boost|p2a: Jirachi|def|1\n|-boost|p2a: Jirachi|spd|1\n|\n|upkeep\n|turn|2\n|\n|t:|1700213862\n|move|p1a: First Impression|Shell Smash|p1a: First Impression\n|-unboost|p1a: First Impression|def|1\n|-unboost|p1a: First Impression|spd|1\n|-boost|p1a: First Impression|atk|2\n|-boost|p1a: First Impression|spa|2\n|-boost|p1a: First Impression|spe|2\n|move|p2a: Jirachi|Cosmic Power|p2a: Jirachi\n|-boost|p2a: Jirachi|def|1\n|-boost|p2a: Jirachi|spd|1\n|\n|upkeep\n|turn|3\n|\n|t:|1700213868\n|move|p1a: First Impression|Stored Power|p2a: Jirachi\n|-resisted|p2a: Jirachi\n|-damage|p2a: Jirachi|81\/100\n|move|p2a: Jirachi|Cosmic Power|p2a: Jirachi\n|-boost|p2a: Jirachi|def|1\n|-boost|p2a: Jirachi|spd|1\n|\n|-heal|p2a: Jirachi|87\/100|[from] item: Leftovers\n|upkeep\n|turn|4\n|\n|t:|1700213871\n|move|p1a: First Impression|Shell Smash|p1a: First Impression\n|-unboost|p1a: First Impression|def|1\n|-unboost|p1a: First Impression|spd|1\n|-boost|p1a: First Impression|atk|2\n|-boost|p1a: First Impression|spa|2\n|-boost|p1a: First Impression|spe|2\n|move|p2a: Jirachi|Cosmic Power|p2a: Jirachi\n|-boost|p2a: Jirachi|def|1\n|-boost|p2a: Jirachi|spd|1\n|\n|-heal|p2a: Jirachi|93\/100|[from] item: Leftovers\n|upkeep\n|turn|5\n|\n|t:|1700213873\n|move|p1a: First Impression|Stored Power|p2a: Jirachi\n|-resisted|p2a: Jirachi\n|-damage|p2a: Jirachi|68\/100\n|move|p2a: Jirachi|Cosmic Power|p2a: Jirachi\n|-boost|p2a: Jirachi|def|1\n|-boost|p2a: Jirachi|spd|1\n|\n|-heal|p2a: Jirachi|74\/100|[from] item: Leftovers\n|upkeep\n|turn|6\n|\n|t:|1700213876\n|move|p1a: First Impression|Stored Power|p2a: Jirachi\n|-resisted|p2a: Jirachi\n|-damage|p2a: Jirachi|49\/100\n|move|p2a: Jirachi|Cosmic Power|p2a: Jirachi\n|-boost|p2a: Jirachi|def|1\n|-boost|p2a: Jirachi|spd|1\n|\n|-heal|p2a: Jirachi|55\/100|[from] item: Leftovers\n|upkeep\n|turn|7\n|\n|t:|1700213878\n|move|p1a: First Impression|Stored Power|p2a: Jirachi\n|-resisted|p2a: Jirachi\n|-damage|p2a: Jirachi|35\/100\n|move|p2a: Jirachi|Wish|p2a: Jirachi\n|\n|-heal|p2a: Jirachi|41\/100|[from] item: Leftovers\n|upkeep\n|turn|8\n|\n|t:|1700213884\n|move|p1a: First Impression|Stored Power|p2a: Jirachi\n|-resisted|p2a: Jirachi\n|-damage|p2a: Jirachi|20\/100\n|move|p2a: Jirachi|Baton Pass|p2a: Jirachi\n|\n|t:|1700213891\n|switch|p2a: Magearna|Magearna|100\/100|[from] Baton Pass\n|\n|upkeep\n|turn|9\n|\n|t:|1700213898\n|-terastallize|p1a: First Impression|Fighting\n|move|p1a: First Impression|Tera Blast|p2a: Magearna|[anim] Tera Blast Fighting\n|-damage|p2a: Magearna|75\/100\n|move|p2a: Magearna|Substitute|p2a: Magearna\n|-start|p2a: Magearna|Substitute\n|-damage|p2a: Magearna|50\/100\n|\n|-heal|p2a: Magearna|56\/100|[from] item: Leftovers\n|upkeep\n|turn|10\n|\n|t:|1700213903\n|move|p1a: First Impression|Tera Blast|p2a: Magearna|[anim] Tera Blast Fighting\n|-end|p2a: Magearna|Substitute\n|move|p2a: Magearna|Shift Gear|p2a: Magearna\n|-boost|p2a: Magearna|spe|2\n|-boost|p2a: Magearna|atk|1\n|\n|-heal|p2a: Magearna|62\/100|[from] item: Leftovers\n|upkeep\n|turn|11\n|\n|t:|1700213911\n|move|p1a: First Impression|Tera Blast|p2a: Magearna|[anim] Tera Blast Fighting\n|-damage|p2a: Magearna|35\/100\n|move|p2a: Magearna|Shift Gear|p2a: Magearna\n|-boost|p2a: Magearna|spe|2\n|-boost|p2a: Magearna|atk|1\n|\n|-heal|p2a: Magearna|42\/100|[from] item: Leftovers\n|upkeep\n|turn|12\n|\n|t:|1700213923\n|move|p1a: First Impression|Tera Blast|p2a: Magearna|[anim] Tera Blast Fighting\n|-damage|p2a: Magearna|13\/100\n|move|p2a: Magearna|Stored Power|p1a: First Impression\n|-supereffective|p1a: First Impression\n|-enditem|p1a: First Impression|Focus Sash\n|-damage|p1a: First Impression|1\/100\n|\n|-heal|p2a: Magearna|20\/100|[from] item: Leftovers\n|upkeep\n|turn|13\n|\n|t:|1700213938\n|move|p1a: First Impression|Tera Blast|p2a: Magearna|[anim] Tera Blast Fighting\n|-damage|p2a: Magearna|0 fnt\n|faint|p2a: Magearna\n|\n|upkeep\n|\n|t:|1700213943\n|switch|p2a: Giratina|Giratina|100\/100\n|-ability|p2a: Giratina|Pressure\n|turn|14\n|\n|t:|1700213947\n|move|p2a: Giratina|Shadow Sneak|p1a: First Impression\n|-damage|p1a: First Impression|0 fnt\n|faint|p1a: First Impression\n|\n|upkeep\n|\n|t:|1700213953\n|switch|p1a: Trap Card|Glimmora, F|100\/100\n|turn|15\n|\n|t:|1700213957\n|switch|p2a: Jirachi|Jirachi|20\/100\n|move|p1a: Trap Card|Stealth Rock|p2a: Jirachi\n|-sidestart|p2: DrontDoDugs|move: Stealth Rock\n|\n|-heal|p2a: Jirachi|26\/100|[from] item: Leftovers\n|upkeep\n|turn|16\n|\n|t:|1700213962\n|move|p2a: Jirachi|Cosmic Power|p2a: Jirachi\n|-boost|p2a: Jirachi|def|1\n|-boost|p2a: Jirachi|spd|1\n|move|p1a: Trap Card|Dazzling Gleam|p2a: Jirachi\n|-resisted|p2a: Jirachi\n|-damage|p2a: Jirachi|21\/100\n|\n|-heal|p2a: Jirachi|27\/100|[from] item: Leftovers\n|upkeep\n|turn|17\n|\n|t:|1700213970\n|move|p2a: Jirachi|Wish|p2a: Jirachi\n|move|p1a: Trap Card|Spikes|p2a: Jirachi\n|-sidestart|p2: DrontDoDugs|Spikes\n|\n|-heal|p2a: Jirachi|33\/100|[from] item: Leftovers\n|upkeep\n|turn|18\n|\n|t:|1700213973\n|move|p2a: Jirachi|Cosmic Power|p2a: Jirachi\n|-boost|p2a: Jirachi|def|1\n|-boost|p2a: Jirachi|spd|1\n|move|p1a: Trap Card|Spikes|p2a: Jirachi\n|-sidestart|p2: DrontDoDugs|Spikes\n|\n|-heal|p2a: Jirachi|83\/100|[from] move: Wish|[wisher] Jirachi\n|-heal|p2a: Jirachi|89\/100|[from] item: Leftovers\n|upkeep\n|turn|19\n|\n|t:|1700213978\n|move|p2a: Jirachi|Cosmic Power|p2a: Jirachi\n|-boost|p2a: Jirachi|def|1\n|-boost|p2a: Jirachi|spd|1\n|move|p1a: Trap Card|Spikes|p2a: Jirachi\n|-sidestart|p2: DrontDoDugs|Spikes\n|\n|-heal|p2a: Jirachi|96\/100|[from] item: Leftovers\n|upkeep\n|turn|20\n|\n|t:|1700213988\n|move|p2a: Jirachi|Cosmic Power|p2a: Jirachi\n|-boost|p2a: Jirachi|def|1\n|-boost|p2a: Jirachi|spd|1\n|move|p1a: Trap Card|Mortal Spin|p2a: Jirachi\n|-immune|p2a: Jirachi\n|\n|-heal|p2a: Jirachi|100\/100|[from] item: Leftovers\n|upkeep\n|turn|21\n|\n|t:|1700213996\n|move|p2a: Jirachi|Cosmic Power|p2a: Jirachi\n|-boost|p2a: Jirachi|def|1\n|-boost|p2a: Jirachi|spd|1\n|move|p1a: Trap Card|Mortal Spin|p2a: Jirachi\n|-immune|p2a: Jirachi\n|\n|upkeep\n|turn|22\n|\n|t:|1700214007\n|move|p2a: Jirachi|Cosmic Power|p2a: Jirachi\n|-boost|p2a: Jirachi|def|1\n|-boost|p2a: Jirachi|spd|1\n|move|p1a: Trap Card|Mortal Spin|p2a: Jirachi\n|-immune|p2a: Jirachi\n|\n|upkeep\n|turn|23\n|\n|t:|1700214013\n|move|p2a: Jirachi|Baton Pass|p2a: Jirachi\n|\n|t:|1700214015\n|switch|p2a: Magearna|Magearna|100\/100|[from] Baton Pass\n|-damage|p2a: Magearna|94\/100|[from] Stealth Rock\n|-damage|p2a: Magearna|70\/100|[from] Spikes\n|move|p1a: Trap Card|Mortal Spin|p2a: Magearna\n|-immune|p2a: Magearna\n|\n|-heal|p2a: Magearna|76\/100|[from] item: Leftovers\n|upkeep\n|turn|24\n|\n|t:|1700214025\n|move|p1a: Trap Card|Dazzling Gleam|p2a: Magearna\n|-resisted|p2a: Magearna\n|-damage|p2a: Magearna|73\/100\n|move|p2a: Magearna|Shift Gear|p2a: Magearna\n|-boost|p2a: Magearna|spe|2\n|-boost|p2a: Magearna|atk|1\n|\n|-heal|p2a: Magearna|79\/100|[from] item: Leftovers\n|upkeep\n|turn|25\n|\n|t:|1700214029\n|move|p2a: Magearna|Shift Gear|p2a: Magearna\n|-boost|p2a: Magearna|spe|2\n|-boost|p2a: Magearna|atk|1\n|move|p1a: Trap Card|Dazzling Gleam|p2a: Magearna\n|-resisted|p2a: Magearna\n|-damage|p2a: Magearna|77\/100\n|\n|-heal|p2a: Magearna|83\/100|[from] item: Leftovers\n|upkeep\n|turn|26\n|\n|t:|1700214031\n|move|p2a: Magearna|Shift Gear|p2a: Magearna\n|-boost|p2a: Magearna|spe|2\n|-boost|p2a: Magearna|atk|1\n|move|p1a: Trap Card|Dazzling Gleam|p2a: Magearna\n|-resisted|p2a: Magearna\n|-damage|p2a: Magearna|80\/100\n|\n|-heal|p2a: Magearna|86\/100|[from] item: Leftovers\n|upkeep\n|turn|27\n|\n|t:|1700214039\n|move|p2a: Magearna|Shift Gear|p2a: Magearna\n|-boost|p2a: Magearna|spe|0\n|-boost|p2a: Magearna|atk|1\n|move|p1a: Trap Card|Dazzling Gleam|p2a: Magearna\n|-resisted|p2a: Magearna\n|-damage|p2a: Magearna|83\/100\n|\n|-heal|p2a: Magearna|89\/100|[from] item: Leftovers\n|upkeep\n|turn|28\n|\n|t:|1700214054\n|move|p2a: Magearna|Shift Gear|p2a: Magearna\n|-boost|p2a: Magearna|spe|0\n|-boost|p2a: Magearna|atk|1\n|move|p1a: Trap Card|Dazzling Gleam|p2a: Magearna\n|-resisted|p2a: Magearna\n|-damage|p2a: Magearna|87\/100\n|\n|-heal|p2a: Magearna|93\/100|[from] item: Leftovers\n|upkeep\n|turn|29\n|\n|t:|1700214057\n|move|p2a: Magearna|Shift Gear|p2a: Magearna\n|-boost|p2a: Magearna|spe|0\n|-boost|p2a: Magearna|atk|1\n|move|p1a: Trap Card|Dazzling Gleam|p2a: Magearna\n|-resisted|p2a: Magearna\n|-damage|p2a: Magearna|90\/100\n|\n|-heal|p2a: Magearna|96\/100|[from] item: Leftovers\n|upkeep\n|turn|30\n|\n|t:|1700214061\n|move|p2a: Magearna|Stored Power|p1a: Trap Card\n|-supereffective|p1a: Trap Card\n|-damage|p1a: Trap Card|0 fnt\n|faint|p1a: Trap Card\n|-ability|p2a: Magearna|Soul-Heart|boost\n|-boost|p2a: Magearna|spa|1\n|\n|-heal|p2a: Magearna|100\/100|[from] item: Leftovers\n|upkeep\n|\n|t:|1700214066\n|switch|p1a: Uno-Reverse|Ditto|100\/100\n|-transform|p1a: Uno-Reverse|p2a: Magearna|[from] ability: Imposter\n|turn|31\n|\n|t:|1700214077\n|move|p1a: Uno-Reverse|Stored Power|p2a: Magearna\n|-resisted|p2a: Magearna\n|-damage|p2a: Magearna|75\/100\n|move|p2a: Magearna|Stored Power|p1a: Uno-Reverse\n|-resisted|p1a: Uno-Reverse\n|-damage|p1a: Uno-Reverse|65\/100\n|\n|-heal|p2a: Magearna|81\/100|[from] item: Leftovers\n|upkeep\n|turn|32\n|\n|t:|1700214084\n|move|p1a: Uno-Reverse|Stored Power|p2a: Magearna\n|-resisted|p2a: Magearna\n|-damage|p2a: Magearna|57\/100\n|move|p2a: Magearna|Stored Power|p1a: Uno-Reverse\n|-resisted|p1a: Uno-Reverse\n|-damage|p1a: Uno-Reverse|26\/100\n|\n|-heal|p2a: Magearna|63\/100|[from] item: Leftovers\n|upkeep\n|turn|33\n|\n|t:|1700214087\n|move|p1a: Uno-Reverse|Stored Power|p2a: Magearna\n|-resisted|p2a: Magearna\n|-damage|p2a: Magearna|39\/100\n|move|p2a: Magearna|Stored Power|p1a: Uno-Reverse\n|-resisted|p1a: Uno-Reverse\n|-damage|p1a: Uno-Reverse|0 fnt\n|faint|p1a: Uno-Reverse\n|-ability|p2a: Magearna|Soul-Heart|boost\n|-boost|p2a: Magearna|spa|1\n|\n|-heal|p2a: Magearna|45\/100|[from] item: Leftovers\n|upkeep\n|\n|t:|1700214091\n|switch|p1a: Small Dealbreaker|Maushold-Four|100\/100\n|turn|34\n|\n|t:|1700214096\n|move|p2a: Magearna|Stored Power|p1a: Small Dealbreaker\n|-damage|p1a: Small Dealbreaker|0 fnt\n|faint|p1a: Small Dealbreaker\n|-ability|p2a: Magearna|Soul-Heart|boost\n|-boost|p2a: Magearna|spa|1\n|\n|-heal|p2a: Magearna|51\/100|[from] item: Leftovers\n|upkeep\n|\n|t:|1700214099\n|switch|p1a: Exodia|Basculegion, M|100\/100\n|turn|35\n|\n|t:|1700214110\n|move|p2a: Magearna|Stored Power|p1a: Exodia\n|-damage|p1a: Exodia|0 fnt\n|faint|p1a: Exodia\n|-ability|p2a: Magearna|Soul-Heart|boost\n|-boost|p2a: Magearna|spa|1\n|\n|-heal|p2a: Magearna|57\/100|[from] item: Leftovers\n|upkeep\n|\n|t:|1700214112\n|switch|p1a: Private Bouncer|Kingambit, F|100\/100\n|-activate|p1a: Private Bouncer|ability: Supreme Overlord\n|-start|p1a: Private Bouncer|fallen5|[silent]\n|turn|36\n|inactive|DrontDoDugs has 120 seconds left.\n|\n|t:|1700214144\n|move|p1a: Private Bouncer|Sucker Punch|p2a: Magearna\n|-resisted|p2a: Magearna\n|-damage|p2a: Magearna|51\/100\n|-damage|p1a: Private Bouncer|91\/100|[from] item: Life Orb\n|move|p2a: Magearna|Dazzling Gleam|p1a: Private Bouncer\n|-damage|p1a: Private Bouncer|0 fnt\n|faint|p1a: Private Bouncer\n|-end|p1a: Private Bouncer|fallen5|[silent]\n|\n|win|DrontDoDugs\n|raw|shinytanktank's rating: 1313 &rarr; <strong>1301<\/strong><br \/>(-12 for losing)\n|raw|DrontDoDugs's rating: 1452 &rarr; <strong>1464<\/strong><br \/>(+12 for winning)\n|l|\u2606DrontDoDugs\n|l|\u2606shinytanktank\n","uploadtime":1700214205,"views":6,"p1id":"shinytanktank","p2id":"drontdodugs","formatid":"gen9anythinggoes","rating":1301,"private":0,"password":""}