{"id":"gen9anythinggoes-1984772973","p1":"k1ng0r","p2":"Jodsalz","format":"[Gen 9] Anything Goes","log":"|j|\u2606k1ng0r\n|j|\u2606Jodsalz\n|t:|1699297822\n|gametype|singles\n|player|p1|k1ng0r|1|\n|player|p2|Jodsalz|170|\n|teamsize|p1|6\n|teamsize|p2|6\n|gen|9\n|tier|[Gen 9] Anything Goes\n|rule|HP Percentage Mod: HP is shown in percentages\n|rule|Endless Battle Clause: Forcing endless battles is banned\n|clearpoke\n|poke|p1|Muk-Alola, M|\n|poke|p1|Ninetales-Alola, F|\n|poke|p1|Gastrodon, F|\n|poke|p1|Iron Moth|\n|poke|p1|Salamence, M|\n|poke|p1|Grafaiai, M|\n|poke|p2|Magcargo, M|\n|poke|p2|Manaphy|\n|poke|p2|Iron Hands|\n|poke|p2|Arboliva, M|\n|poke|p2|Froslass, F|\n|poke|p2|Haxorus, M|\n|teampreview\n|c|\u2606Jodsalz|Ohne timer dann\n|c|\u2606k1ng0r|Viel erfolg :)\n|c|\u2606k1ng0r|Ja\n|c|\u2606Jodsalz|Dir auch kannst du nachher posten?\n|\n|t:|1699297857\n|start\n|switch|p1a: 500|Grafaiai, M|100\/100\n|switch|p2a: Clap ya hands|Iron Hands|100\/100\n|turn|1\n|\n|t:|1699297871\n|move|p1a: 500|Parting Shot|p2a: Clap ya hands\n|-unboost|p2a: Clap ya hands|atk|1\n|-unboost|p2a: Clap ya hands|spa|1\n|\n|t:|1699297875\n|switch|p1a: 1000|Gastrodon, F|100\/100|[from] Parting Shot\n|move|p2a: Clap ya hands|Volt Switch|p1a: 1000\n|-immune|p1a: 1000\n|\n|upkeep\n|turn|2\n|\n|t:|1699297885\n|-end|p2a: Clap ya hands|Quark Drive|[silent]\n|switch|p2a: Azeda|Arboliva, M|100\/100\n|move|p1a: 1000|Stealth Rock|p2a: Azeda\n|-sidestart|p2: Jodsalz|move: Stealth Rock\n|\n|upkeep\n|turn|3\n|c|\u2606k1ng0r|Ja mach ich\n|\n|t:|1699297903\n|switch|p1a: 1000|Muk-Alola, M|100\/100\n|switch|p2a: Clap ya hands|Iron Hands|100\/100\n|-damage|p2a: Clap ya hands|94\/100|[from] Stealth Rock\n|\n|upkeep\n|turn|4\n|\n|t:|1699297923\n|move|p2a: Clap ya hands|Drain Punch|p1a: 1000\n|-damage|p1a: 1000|67\/100\n|-heal|p2a: Clap ya hands|100\/100|[from] drain|[of] p1a: 1000\n|move|p1a: 1000|Knock Off|p2a: Clap ya hands\n|-resisted|p2a: Clap ya hands\n|-damage|p2a: Clap ya hands|89\/100\n|-enditem|p2a: Clap ya hands|Assault Vest|[from] move: Knock Off|[of] p1a: 1000\n|\n|upkeep\n|turn|5\n|\n|t:|1699297941\n|move|p2a: Clap ya hands|Heavy Slam|p1a: 1000\n|-damage|p1a: 1000|34\/100\n|move|p1a: 1000|Gunk Shot|p2a: Clap ya hands\n|-damage|p2a: Clap ya hands|62\/100\n|-status|p2a: Clap ya hands|psn\n|\n|-damage|p2a: Clap ya hands|49\/100 psn|[from] psn\n|upkeep\n|turn|6\n|\n|t:|1699297965\n|switch|p1a: 1000|Gastrodon, F|100\/100\n|move|p2a: Clap ya hands|Ice Punch|p1a: 1000\n|-damage|p1a: 1000|78\/100\n|\n|-heal|p1a: 1000|84\/100|[from] item: Leftovers\n|-damage|p2a: Clap ya hands|37\/100 psn|[from] psn\n|upkeep\n|turn|7\n|\n|t:|1699297985\n|move|p2a: Clap ya hands|Drain Punch|p1a: 1000\n|-damage|p1a: 1000|46\/100\n|-heal|p2a: Clap ya hands|53\/100 psn|[from] drain|[of] p1a: 1000\n|move|p1a: 1000|Recover|p1a: 1000\n|-heal|p1a: 1000|96\/100\n|\n|-heal|p1a: 1000|100\/100|[from] item: Leftovers\n|-damage|p2a: Clap ya hands|41\/100 psn|[from] psn\n|upkeep\n|turn|8\n|\n|t:|1699297998\n|-end|p2a: Clap ya hands|Quark Drive|[silent]\n|switch|p2a: Azeda|Arboliva, M|100\/100\n|-damage|p2a: Azeda|88\/100|[from] Stealth Rock\n|move|p1a: 1000|Earth Power|p2a: Azeda\n|-resisted|p2a: Azeda\n|-damage|p2a: Azeda|75\/100\n|-fieldstart|move: Grassy Terrain|[from] ability: Seed Sower|[of] p2a: Azeda\n|\n|-heal|p2a: Azeda|81\/100|[from] Grassy Terrain\n|upkeep\n|turn|9\n|\n|t:|1699298012\n|switch|p1a: 1000|Muk-Alola, M|34\/100\n|move|p2a: Azeda|Hyper Voice|p1a: 1000\n|-damage|p1a: 1000|8\/100\n|\n|-heal|p1a: 1000|14\/100|[from] Grassy Terrain\n|-heal|p2a: Azeda|87\/100|[from] Grassy Terrain\n|upkeep\n|turn|10\n|\n|t:|1699298030\n|move|p1a: 1000|Drain Punch|p2a: Azeda\n|-supereffective|p2a: Azeda\n|-damage|p2a: Azeda|51\/100\n|-heal|p1a: 1000|30\/100|[from] drain|[of] p2a: Azeda\n|-damage|p1a: 1000|13\/100|[from] item: Rocky Helmet|[of] p2a: Azeda\n|move|p2a: Azeda|Hyper Voice|p1a: 1000\n|-damage|p1a: 1000|0 fnt\n|faint|p1a: 1000\n|\n|-heal|p2a: Azeda|57\/100|[from] Grassy Terrain\n|upkeep\n|\n|t:|1699298056\n|switch|p1a: 1000|Ninetales-Alola, F|100\/100\n|-weather|Snow|[from] ability: Snow Warning|[of] p1a: 1000\n|turn|11\n|\n|t:|1699298067\n|move|p1a: 1000|Aurora Veil|p1a: 1000\n|-sidestart|p1: k1ng0r|move: Aurora Veil\n|move|p2a: Azeda|Hyper Voice|p1a: 1000\n|-damage|p1a: 1000|77\/100\n|\n|-weather|Snow|[upkeep]\n|-heal|p1a: 1000|83\/100|[from] Grassy Terrain\n|-heal|p2a: Azeda|64\/100|[from] Grassy Terrain\n|upkeep\n|turn|12\n|\n|t:|1699298089\n|switch|p2a: Mrs unfortune|Froslass, F|100\/100\n|-damage|p2a: Mrs unfortune|76\/100|[from] Stealth Rock\n|move|p1a: 1000|Baton Pass|p1a: 1000\n|\n|t:|1699298096\n|switch|p1a: 1750|Iron Moth|100\/100|[from] Baton Pass\n|-enditem|p1a: 1750|Booster Energy\n|-activate|p1a: 1750|ability: Quark Drive|[fromitem]\n|-start|p1a: 1750|quarkdrivespa\n|\n|-weather|Snow|[upkeep]\n|-heal|p2a: Mrs unfortune|82\/100|[from] Grassy Terrain\n|-fieldend|move: Grassy Terrain\n|upkeep\n|turn|13\n|\n|t:|1699298108\n|move|p2a: Mrs unfortune|Poltergeist||[still]\n|-fail|p2a: Mrs unfortune\n|move|p1a: 1750|Agility|p1a: 1750\n|-boost|p1a: 1750|spe|2\n|\n|-weather|Snow|[upkeep]\n|upkeep\n|turn|14\n|c|\u2606Jodsalz|Dachte booster is band lol\n|\n|t:|1699298127\n|move|p1a: 1750|Fiery Dance|p2a: Mrs unfortune\n|-supereffective|p2a: Mrs unfortune\n|-damage|p2a: Mrs unfortune|0 fnt\n|faint|p2a: Mrs unfortune\n|\n|-weather|Snow|[upkeep]\n|upkeep\n|c|\u2606k1ng0r|Oh ehrlich?\n|\n|t:|1699298142\n|switch|p2a: Axt im Walde|Haxorus, M|100\/100\n|-damage|p2a: Axt im Walde|88\/100|[from] Stealth Rock\n|-ability|p2a: Axt im Walde|Mold Breaker\n|turn|15\n|c|\u2606Jodsalz|Ka\n|\n|t:|1699298184\n|move|p1a: 1750|Fiery Dance|p2a: Axt im Walde\n|-resisted|p2a: Axt im Walde\n|-damage|p2a: Axt im Walde|37\/100\n|-boost|p1a: 1750|spa|1\n|move|p2a: Axt im Walde|Earthquake|p1a: 1750\n|-supereffective|p1a: 1750\n|-damage|p1a: 1750|0 fnt\n|faint|p1a: 1750\n|-end|p1a: 1750|Quark Drive|[silent]\n|\n|-weather|none\n|upkeep\n|\n|t:|1699298203\n|switch|p1a: 1000|Ninetales-Alola, F|83\/100\n|-weather|Snow|[from] ability: Snow Warning|[of] p1a: 1000\n|turn|16\n|\n|t:|1699298215\n|switch|p2a: Azeda|Arboliva, M|64\/100\n|-damage|p2a: Azeda|51\/100|[from] Stealth Rock\n|move|p1a: 1000|Moonblast|p2a: Azeda\n|-damage|p2a: Azeda|25\/100\n|-fieldstart|move: Grassy Terrain|[from] ability: Seed Sower|[of] p2a: Azeda\n|\n|-weather|Snow|[upkeep]\n|-heal|p1a: 1000|89\/100|[from] Grassy Terrain\n|-heal|p2a: Azeda|31\/100|[from] Grassy Terrain\n|upkeep\n|turn|17\n|\n|t:|1699298229\n|move|p1a: 1000|Blizzard|p2a: Azeda\n|-supereffective|p2a: Azeda\n|-damage|p2a: Azeda|0 fnt\n|faint|p2a: Azeda\n|\n|-weather|Snow|[upkeep]\n|-heal|p1a: 1000|95\/100|[from] Grassy Terrain\n|upkeep\n|\n|t:|1699298237\n|switch|p2a: Clap ya hands|Iron Hands|41\/100 psn\n|-damage|p2a: Clap ya hands|35\/100 psn|[from] Stealth Rock\n|turn|18\n|\n|t:|1699298245\n|move|p1a: 1000|Moonblast|p2a: Clap ya hands\n|-supereffective|p2a: Clap ya hands\n|-damage|p2a: Clap ya hands|0 fnt\n|faint|p2a: Clap ya hands\n|-end|p2a: Clap ya hands|Quark Drive|[silent]\n|\n|-weather|Snow|[upkeep]\n|-heal|p1a: 1000|100\/100|[from] Grassy Terrain\n|-sideend|p1: k1ng0r|move: Aurora Veil\n|upkeep\n|\n|t:|1699298265\n|switch|p2a: Manifique|Manaphy|100\/100\n|-damage|p2a: Manifique|88\/100|[from] Stealth Rock\n|turn|19\n|c|\u2606Jodsalz|Is gg\n|\n|t:|1699298283\n|switch|p1a: 500|Grafaiai, M|100\/100\n|move|p2a: Manifique|Take Heart|p2a: Manifique\n|-boost|p2a: Manifique|spa|1\n|-boost|p2a: Manifique|spd|1\n|\n|-weather|Snow|[upkeep]\n|-heal|p2a: Manifique|94\/100|[from] Grassy Terrain\n|-heal|p2a: Manifique|100\/100|[from] item: Leftovers\n|upkeep\n|turn|20\n|c|\u2606Jodsalz|Av tant nit lol\n|\n|t:|1699298293\n|move|p1a: 500|Encore|p2a: Manifique\n|-start|p2a: Manifique|Encore\n|move|p2a: Manifique|Take Heart|p2a: Manifique\n|-boost|p2a: Manifique|spa|1\n|-boost|p2a: Manifique|spd|1\n|\n|-weather|none\n|-fieldend|move: Grassy Terrain\n|upkeep\n|turn|21\n|\n|t:|1699298303\n|move|p1a: 500|Poison Jab|p2a: Manifique\n|-damage|p2a: Manifique|74\/100\n|move|p2a: Manifique|Take Heart|p2a: Manifique\n|-boost|p2a: Manifique|spa|1\n|-boost|p2a: Manifique|spd|1\n|\n|-heal|p2a: Manifique|80\/100|[from] item: Leftovers\n|upkeep\n|turn|22\n|\n|t:|1699298315\n|move|p1a: 500|Poison Jab|p2a: Manifique\n|-damage|p2a: Manifique|52\/100\n|move|p2a: Manifique|Take Heart|p2a: Manifique\n|-boost|p2a: Manifique|spa|1\n|-boost|p2a: Manifique|spd|1\n|\n|-heal|p2a: Manifique|58\/100|[from] item: Leftovers\n|-end|p2a: Manifique|Encore\n|upkeep\n|turn|23\n|\n|t:|1699298326\n|switch|p2a: Axt im Walde|Haxorus, M|37\/100\n|-damage|p2a: Axt im Walde|25\/100|[from] Stealth Rock\n|-ability|p2a: Axt im Walde|Mold Breaker\n|move|p1a: 500|Encore||[still]\n|-fail|p1a: 500\n|\n|upkeep\n|turn|24\n|\n|t:|1699298342\n|move|p1a: 500|Parting Shot|p2a: Axt im Walde\n|-unboost|p2a: Axt im Walde|atk|1\n|-unboost|p2a: Axt im Walde|spa|1\n|\n|t:|1699298348\n|switch|p1a: 1000|Gastrodon, F|100\/100|[from] Parting Shot\n|move|p2a: Axt im Walde|Scale Shot|p1a: 1000\n|-damage|p1a: 1000|92\/100\n|-damage|p1a: 1000|85\/100\n|-damage|p1a: 1000|77\/100\n|-damage|p1a: 1000|69\/100\n|-damage|p1a: 1000|62\/100\n|-hitcount|p1a: 1000|5\n|-unboost|p2a: Axt im Walde|def|1\n|-boost|p2a: Axt im Walde|spe|1\n|\n|-heal|p1a: 1000|68\/100|[from] item: Leftovers\n|upkeep\n|turn|25\n|\n|t:|1699298364\n|move|p2a: Axt im Walde|Swords Dance|p2a: Axt im Walde\n|-boost|p2a: Axt im Walde|atk|2\n|move|p1a: 1000|Ice Beam|p2a: Axt im Walde\n|-supereffective|p2a: Axt im Walde\n|-damage|p2a: Axt im Walde|0 fnt\n|faint|p2a: Axt im Walde\n|\n|-heal|p1a: 1000|74\/100|[from] item: Leftovers\n|upkeep\n|\n|t:|1699298375\n|switch|p2a: Manifique|Manaphy|58\/100\n|-damage|p2a: Manifique|46\/100|[from] Stealth Rock\n|turn|26\n|\n|t:|1699298381\n|move|p2a: Manifique|Take Heart|p2a: Manifique\n|-boost|p2a: Manifique|spa|1\n|-boost|p2a: Manifique|spd|1\n|move|p1a: 1000|Earth Power|p2a: Manifique\n|-damage|p2a: Manifique|28\/100\n|\n|-heal|p2a: Manifique|34\/100|[from] item: Leftovers\n|-heal|p1a: 1000|80\/100|[from] item: Leftovers\n|upkeep\n|turn|27\n|\n|t:|1699298436\n|move|p2a: Manifique|Stored Power|p1a: 1000\n|-damage|p1a: 1000|59\/100\n|move|p1a: 1000|Earth Power|p2a: Manifique\n|-damage|p2a: Manifique|14\/100\n|\n|-heal|p2a: Manifique|20\/100|[from] item: Leftovers\n|-heal|p1a: 1000|65\/100|[from] item: Leftovers\n|upkeep\n|turn|28\n|\n|t:|1699298446\n|move|p2a: Manifique|Take Heart|p2a: Manifique\n|-boost|p2a: Manifique|spa|1\n|-boost|p2a: Manifique|spd|1\n|move|p1a: 1000|Earth Power|p2a: Manifique\n|-damage|p2a: Manifique|6\/100\n|\n|-heal|p2a: Manifique|12\/100|[from] item: Leftovers\n|-heal|p1a: 1000|71\/100|[from] item: Leftovers\n|upkeep\n|turn|29\n|\n|t:|1699298457\n|move|p2a: Manifique|Stored Power|p1a: 1000\n|-damage|p1a: 1000|24\/100\n|move|p1a: 1000|Earth Power|p2a: Manifique\n|-damage|p2a: Manifique|0 fnt\n|faint|p2a: Manifique\n|\n|-heal|p1a: 1000|30\/100|[from] item: Leftovers\n|upkeep\n|\n|t:|1699298466\n|switch|p2a: Marco|Magcargo, M|100\/100\n|turn|30\n|\n|t:|1699298474\n|switch|p1a: 500|Grafaiai, M|100\/100\n|move|p2a: Marco|Power Gem|p1a: 500\n|-damage|p1a: 500|54\/100\n|\n|-heal|p1a: 500|60\/100|[from] item: Black Sludge\n|upkeep\n|turn|31\n|\n|t:|1699298483\n|move|p1a: 500|Parting Shot|p2a: Marco\n|-unboost|p2a: Marco|atk|1\n|-unboost|p2a: Marco|spa|1\n|\n|t:|1699298489\n|switch|p1a: 1000|Gastrodon, F|30\/100|[from] Parting Shot\n|move|p2a: Marco|Earth Power|p1a: 1000\n|-damage|p1a: 1000|16\/100\n|\n|-heal|p1a: 1000|22\/100|[from] item: Leftovers\n|upkeep\n|turn|32\n|\n|t:|1699298499\n|move|p2a: Marco|Power Gem|p1a: 1000\n|-resisted|p1a: 1000\n|-damage|p1a: 1000|13\/100\n|move|p1a: 1000|Recover|p1a: 1000\n|-heal|p1a: 1000|63\/100\n|\n|-heal|p1a: 1000|69\/100|[from] item: Leftovers\n|upkeep\n|turn|33\n|\n|t:|1699298508\n|move|p2a: Marco|Shell Smash|p2a: Marco\n|-unboost|p2a: Marco|def|1\n|-unboost|p2a: Marco|spd|1\n|-boost|p2a: Marco|atk|2\n|-boost|p2a: Marco|spa|2\n|-boost|p2a: Marco|spe|2\n|move|p1a: 1000|Earth Power|p2a: Marco\n|-supereffective|p2a: Marco\n|-damage|p2a: Marco|0 fnt\n|faint|p2a: Marco\n|\n|win|k1ng0r\n|c|\u2606k1ng0r|Gg\n","uploadtime":1699298522,"views":25,"p1id":"k1ng0r","p2id":"jodsalz","formatid":"gen9anythinggoes","rating":0,"private":0,"password":""}