{"id":"gen9anythinggoes-1982905611","p1":"Superior Ja","p2":"ABC_choco12~","format":"[Gen 9] Anything Goes","log":"|j|\u2606Superior Ja\n|j|\u2606ABC_choco12~\n|t:|1699057095\n|gametype|singles\n|player|p1|Superior Ja|silver|1000\n|player|p2|ABC_choco12~|102|1000\n|teamsize|p1|6\n|teamsize|p2|6\n|gen|9\n|tier|[Gen 9] Anything Goes\n|rated|\n|rule|HP Percentage Mod: HP is shown in percentages\n|rule|Endless Battle Clause: Forcing endless battles is banned\n|clearpoke\n|poke|p1|Glimmora, M|\n|poke|p1|Garganacl, M|\n|poke|p1|Garganacl, F|\n|poke|p1|Garganacl, F|\n|poke|p1|Garganacl, F|\n|poke|p1|Garganacl, F|\n|poke|p2|Ambipom, M|\n|poke|p2|Iron Bundle|\n|poke|p2|Scizor, M|\n|poke|p2|Kingambit, M|\n|poke|p2|Cramorant, M|\n|poke|p2|Sylveon, F|\n|teampreview\n|\n|t:|1699057105\n|start\n|switch|p1a: Glimmora|Glimmora, M|100\/100\n|switch|p2a: \ub354\ube14\uc719 \ub418\ucc3e\uc740 \uc640\uc0ac\ube44|Scizor, M, shiny|100\/100\n|turn|1\n|\n|t:|1699057113\n|move|p2a: \ub354\ube14\uc719 \ub418\ucc3e\uc740 \uc640\uc0ac\ube44|Bullet Punch|p1a: Glimmora\n|-supereffective|p1a: Glimmora\n|-damage|p1a: Glimmora|43\/100\n|-activate|p1a: Glimmora|ability: Toxic Debris\n|-sidestart|p2: ABC_choco12~|move: Toxic Spikes\n|move|p1a: Glimmora|Spikes|p2a: \ub354\ube14\uc719 \ub418\ucc3e\uc740 \uc640\uc0ac\ube44\n|-sidestart|p2: ABC_choco12~|Spikes\n|\n|upkeep\n|turn|2\n|\n|t:|1699057121\n|move|p2a: \ub354\ube14\uc719 \ub418\ucc3e\uc740 \uc640\uc0ac\ube44|Bullet Punch|p1a: Glimmora\n|-supereffective|p1a: Glimmora\n|-damage|p1a: Glimmora|0 fnt\n|-activate|p1a: Glimmora|ability: Toxic Debris\n|-sidestart|p2: ABC_choco12~|move: Toxic Spikes\n|faint|p1a: Glimmora\n|\n|upkeep\n|\n|t:|1699057126\n|switch|p1a: Garganacl|Garganacl, M|100\/100\n|turn|3\n|\n|t:|1699057138\n|move|p2a: \ub354\ube14\uc719 \ub418\ucc3e\uc740 \uc640\uc0ac\ube44|Dual Wingbeat|p1a: Garganacl\n|-resisted|p1a: Garganacl\n|-damage|p1a: Garganacl|95\/100\n|-resisted|p1a: Garganacl\n|-damage|p1a: Garganacl|89\/100\n|-hitcount|p1a: Garganacl|2\n|move|p1a: Garganacl|Salt Cure|p2a: \ub354\ube14\uc719 \ub418\ucc3e\uc740 \uc640\uc0ac\ube44\n|-damage|p2a: \ub354\ube14\uc719 \ub418\ucc3e\uc740 \uc640\uc0ac\ube44|87\/100\n|-start|p2a: \ub354\ube14\uc719 \ub418\ucc3e\uc740 \uc640\uc0ac\ube44|Salt Cure\n|\n|-heal|p1a: Garganacl|95\/100|[from] item: Leftovers\n|-damage|p2a: \ub354\ube14\uc719 \ub418\ucc3e\uc740 \uc640\uc0ac\ube44|62\/100|[from] Salt Cure\n|upkeep\n|turn|4\n|inactive|Battle timer is ON: inactive players will automatically lose when time's up. (requested by Superior Ja)\n|\n|t:|1699057166\n|move|p2a: \ub354\ube14\uc719 \ub418\ucc3e\uc740 \uc640\uc0ac\ube44|Bullet Punch|p1a: Garganacl\n|-supereffective|p1a: Garganacl\n|-damage|p1a: Garganacl|62\/100\n|move|p1a: Garganacl|Iron Defense|p1a: Garganacl\n|-boost|p1a: Garganacl|def|2\n|\n|-heal|p1a: Garganacl|68\/100|[from] item: Leftovers\n|-damage|p2a: \ub354\ube14\uc719 \ub418\ucc3e\uc740 \uc640\uc0ac\ube44|37\/100|[from] Salt Cure\n|upkeep\n|-enditem|p2a: \ub354\ube14\uc719 \ub418\ucc3e\uc740 \uc640\uc0ac\ube44|Sitrus Berry|[eat]\n|-heal|p2a: \ub354\ube14\uc719 \ub418\ucc3e\uc740 \uc640\uc0ac\ube44|62\/100|[from] item: Sitrus Berry\n|turn|5\n|\n|t:|1699057178\n|move|p2a: \ub354\ube14\uc719 \ub418\ucc3e\uc740 \uc640\uc0ac\ube44|Bullet Punch|p1a: Garganacl\n|-supereffective|p1a: Garganacl\n|-damage|p1a: Garganacl|50\/100\n|move|p1a: Garganacl|Iron Defense|p1a: Garganacl\n|-boost|p1a: Garganacl|def|2\n|\n|-heal|p1a: Garganacl|56\/100|[from] item: Leftovers\n|-damage|p2a: \ub354\ube14\uc719 \ub418\ucc3e\uc740 \uc640\uc0ac\ube44|37\/100|[from] Salt Cure\n|upkeep\n|turn|6\n|\n|t:|1699057188\n|move|p2a: \ub354\ube14\uc719 \ub418\ucc3e\uc740 \uc640\uc0ac\ube44|Bullet Punch|p1a: Garganacl\n|-supereffective|p1a: Garganacl\n|-crit|p1a: Garganacl\n|-damage|p1a: Garganacl|0 fnt\n|faint|p1a: Garganacl\n|\n|-damage|p2a: \ub354\ube14\uc719 \ub418\ucc3e\uc740 \uc640\uc0ac\ube44|12\/100|[from] Salt Cure\n|upkeep\n|\n|t:|1699057194\n|switch|p1a: Garganacl|Garganacl, F|100\/100\n|turn|7\n|\n|t:|1699057199\n|move|p2a: \ub354\ube14\uc719 \ub418\ucc3e\uc740 \uc640\uc0ac\ube44|Bullet Punch|p1a: Garganacl\n|-supereffective|p1a: Garganacl\n|-damage|p1a: Garganacl|65\/100\n|move|p1a: Garganacl|Iron Defense|p1a: Garganacl\n|-boost|p1a: Garganacl|def|2\n|\n|-heal|p1a: Garganacl|71\/100|[from] item: Leftovers\n|-damage|p2a: \ub354\ube14\uc719 \ub418\ucc3e\uc740 \uc640\uc0ac\ube44|0 fnt|[from] Salt Cure\n|faint|p2a: \ub354\ube14\uc719 \ub418\ucc3e\uc740 \uc640\uc0ac\ube44\n|upkeep\n|\n|t:|1699057211\n|switch|p2a: \uce60\uc0c9\uc870|Cramorant, M, shiny|100\/100\n|turn|8\n|\n|t:|1699057219\n|move|p2a: \uce60\uc0c9\uc870|Surf|p1a: Garganacl\n|-formechange|p2a: \uce60\uc0c9\uc870|Cramorant-Gulping|\n|-supereffective|p1a: Garganacl\n|-damage|p1a: Garganacl|0 fnt\n|faint|p1a: Garganacl\n|\n|upkeep\n|\n|t:|1699057223\n|switch|p1a: Garganacl|Garganacl, F|100\/100\n|turn|9\n|\n|t:|1699057227\n|-terastallize|p1a: Garganacl|Water\n|move|p2a: \uce60\uc0c9\uc870|Surf|p1a: Garganacl\n|-resisted|p1a: Garganacl\n|-damage|p1a: Garganacl|81\/100\n|move|p1a: Garganacl|Salt Cure|p2a: \uce60\uc0c9\uc870\n|-supereffective|p2a: \uce60\uc0c9\uc870\n|-damage|p2a: \uce60\uc0c9\uc870|56\/100\n|-start|p2a: \uce60\uc0c9\uc870|Salt Cure\n|-damage|p1a: Garganacl|56\/100|[from] ability: Gulp Missile|[of] p2a: \uce60\uc0c9\uc870\n|-unboost|p1a: Garganacl|def|1\n|-formechange|p2a: \uce60\uc0c9\uc870|Cramorant|\n|\n|-heal|p1a: Garganacl|62\/100|[from] item: Leftovers\n|-damage|p2a: \uce60\uc0c9\uc870|31\/100|[from] Salt Cure\n|upkeep\n|turn|10\n|inactive|ABC_choco12~ has 120 seconds left.\n|\n|t:|1699057264\n|switch|p2a: \ud638\uc2dc\ub178\uc544\uc774|Sylveon, F, shiny|100\/100\n|-status|p2a: \ud638\uc2dc\ub178\uc544\uc774|tox\n|-damage|p2a: \ud638\uc2dc\ub178\uc544\uc774|88\/100 tox|[from] Spikes\n|move|p1a: Garganacl|Iron Defense|p1a: Garganacl\n|-boost|p1a: Garganacl|def|2\n|\n|-heal|p1a: Garganacl|69\/100|[from] item: Leftovers\n|-damage|p2a: \ud638\uc2dc\ub178\uc544\uc774|82\/100 tox|[from] psn\n|upkeep\n|turn|11\n|inactive|ABC_choco12~ has 120 seconds left.\n|\n|t:|1699057277\n|move|p2a: \ud638\uc2dc\ub178\uc544\uc774|Trailblaze|p1a: Garganacl\n|-supereffective|p1a: Garganacl\n|-damage|p1a: Garganacl|57\/100\n|-boost|p2a: \ud638\uc2dc\ub178\uc544\uc774|spe|1\n|-damage|p2a: \ud638\uc2dc\ub178\uc544\uc774|72\/100 tox|[from] item: Life Orb\n|move|p1a: Garganacl|Salt Cure|p2a: \ud638\uc2dc\ub178\uc544\uc774\n|-damage|p2a: \ud638\uc2dc\ub178\uc544\uc774|54\/100 tox\n|-start|p2a: \ud638\uc2dc\ub178\uc544\uc774|Salt Cure\n|\n|-heal|p1a: Garganacl|63\/100|[from] item: Leftovers\n|-damage|p2a: \ud638\uc2dc\ub178\uc544\uc774|42\/100 tox|[from] psn\n|-damage|p2a: \ud638\uc2dc\ub178\uc544\uc774|30\/100 tox|[from] Salt Cure\n|upkeep\n|turn|12\n|inactive|ABC_choco12~ has 120 seconds left.\n|\n|t:|1699057292\n|move|p2a: \ud638\uc2dc\ub178\uc544\uc774|Last Resort|p1a: Garganacl\n|-damage|p1a: Garganacl|38\/100\n|-damage|p2a: \ud638\uc2dc\ub178\uc544\uc774|20\/100 tox|[from] item: Life Orb\n|move|p1a: Garganacl|Iron Defense|p1a: Garganacl\n|-boost|p1a: Garganacl|def|2\n|\n|-heal|p1a: Garganacl|44\/100|[from] item: Leftovers\n|-damage|p2a: \ud638\uc2dc\ub178\uc544\uc774|2\/100 tox|[from] psn\n|-damage|p2a: \ud638\uc2dc\ub178\uc544\uc774|0 fnt|[from] Salt Cure\n|faint|p2a: \ud638\uc2dc\ub178\uc544\uc774\n|upkeep\n|\n|t:|1699057306\n|switch|p2a: \ubabb\ub54c\ub9ac\uc96c~\u314b\u314b\ub8e8|Ambipom, M, shiny|100\/100\n|-status|p2a: \ubabb\ub54c\ub9ac\uc96c~\u314b\u314b\ub8e8|tox\n|-damage|p2a: \ubabb\ub54c\ub9ac\uc96c~\u314b\u314b\ub8e8|88\/100 tox|[from] Spikes\n|turn|13\n|\n|t:|1699057312\n|move|p2a: \ubabb\ub54c\ub9ac\uc96c~\u314b\u314b\ub8e8|Fake Out|p1a: Garganacl\n|-damage|p1a: Garganacl|38\/100\n|cant|p1a: Garganacl|flinch\n|\n|-heal|p1a: Garganacl|45\/100|[from] item: Leftovers\n|-damage|p2a: \ubabb\ub54c\ub9ac\uc96c~\u314b\u314b\ub8e8|82\/100 tox|[from] psn\n|upkeep\n|turn|14\n|\n|t:|1699057321\n|move|p2a: \ubabb\ub54c\ub9ac\uc96c~\u314b\u314b\ub8e8|Fling|p1a: Garganacl\n|-damage|p1a: Garganacl|42\/100\n|-enditem|p2a: \ubabb\ub54c\ub9ac\uc96c~\u314b\u314b\ub8e8|King's Rock|[from] move: Fling\n|cant|p1a: Garganacl|flinch\n|\n|-heal|p1a: Garganacl|48\/100|[from] item: Leftovers\n|-damage|p2a: \ubabb\ub54c\ub9ac\uc96c~\u314b\u314b\ub8e8|70\/100 tox|[from] psn\n|upkeep\n|turn|15\n|inactive|ABC_choco12~ has 120 seconds left.\n|\n|t:|1699057330\n|move|p2a: \ubabb\ub54c\ub9ac\uc96c~\u314b\u314b\ub8e8|Covet|p1a: Garganacl\n|-damage|p1a: Garganacl|40\/100\n|-item|p2a: \ubabb\ub54c\ub9ac\uc96c~\u314b\u314b\ub8e8|Leftovers|[from] move: Covet|[of] p1a: Garganacl\n|move|p1a: Garganacl|Recover|p1a: Garganacl\n|-heal|p1a: Garganacl|90\/100\n|\n|-heal|p2a: \ubabb\ub54c\ub9ac\uc96c~\u314b\u314b\ub8e8|76\/100 tox|[from] item: Leftovers\n|-damage|p2a: \ubabb\ub54c\ub9ac\uc96c~\u314b\u314b\ub8e8|57\/100 tox|[from] psn\n|upkeep\n|turn|16\n|inactive|ABC_choco12~ has 120 seconds left.\n|\n|t:|1699057342\n|move|p2a: \ubabb\ub54c\ub9ac\uc96c~\u314b\u314b\ub8e8|U-turn|p1a: Garganacl\n|-crit|p1a: Garganacl\n|-damage|p1a: Garganacl|75\/100\n|inactive|ABC_choco12~ has 120 seconds left.\n|\n|t:|1699057349\n|switch|p2a: \ud53c\uc5b4\ub098! \ub108 \ub0b4 \ub3c4\ub3c4\ub3c5\uac01\ucc38|Kingambit, M, shiny|100\/100|[from] U-turn\n|-damage|p2a: \ud53c\uc5b4\ub098! \ub108 \ub0b4 \ub3c4\ub3c4\ub3c5\uac01\ucc38|88\/100|[from] Spikes\n|-activate|p2a: \ud53c\uc5b4\ub098! \ub108 \ub0b4 \ub3c4\ub3c4\ub3c5\uac01\ucc38|ability: Supreme Overlord\n|-start|p2a: \ud53c\uc5b4\ub098! \ub108 \ub0b4 \ub3c4\ub3c4\ub3c5\uac01\ucc38|fallen2|[silent]\n|move|p1a: Garganacl|Salt Cure|p2a: \ud53c\uc5b4\ub098! \ub108 \ub0b4 \ub3c4\ub3c4\ub3c5\uac01\ucc38\n|-resisted|p2a: \ud53c\uc5b4\ub098! \ub108 \ub0b4 \ub3c4\ub3c4\ub3c5\uac01\ucc38\n|-damage|p2a: \ud53c\uc5b4\ub098! \ub108 \ub0b4 \ub3c4\ub3c4\ub3c5\uac01\ucc38|84\/100\n|-start|p2a: \ud53c\uc5b4\ub098! \ub108 \ub0b4 \ub3c4\ub3c4\ub3c5\uac01\ucc38|Salt Cure\n|\n|-damage|p2a: \ud53c\uc5b4\ub098! \ub108 \ub0b4 \ub3c4\ub3c4\ub3c5\uac01\ucc38|59\/100|[from] Salt Cure\n|upkeep\n|turn|17\n|inactive|ABC_choco12~ has 120 seconds left.\n|\n|t:|1699057363\n|move|p2a: \ud53c\uc5b4\ub098! \ub108 \ub0b4 \ub3c4\ub3c4\ub3c5\uac01\ucc38|Kowtow Cleave|p1a: Garganacl\n|-damage|p1a: Garganacl|63\/100\n|move|p1a: Garganacl|Iron Defense|p1a: Garganacl\n|-boost|p1a: Garganacl|def|2\n|\n|-damage|p2a: \ud53c\uc5b4\ub098! \ub108 \ub0b4 \ub3c4\ub3c4\ub3c5\uac01\ucc38|34\/100|[from] Salt Cure\n|upkeep\n|turn|18\n|inactive|ABC_choco12~ has 120 seconds left.\n|\n|t:|1699057375\n|move|p2a: \ud53c\uc5b4\ub098! \ub108 \ub0b4 \ub3c4\ub3c4\ub3c5\uac01\ucc38|Iron Head|p1a: Garganacl\n|-resisted|p1a: Garganacl\n|-damage|p1a: Garganacl|59\/100\n|move|p1a: Garganacl|Recover|p1a: Garganacl\n|-heal|p1a: Garganacl|100\/100\n|\n|-damage|p2a: \ud53c\uc5b4\ub098! \ub108 \ub0b4 \ub3c4\ub3c4\ub3c5\uac01\ucc38|9\/100|[from] Salt Cure\n|upkeep\n|turn|19\n|inactive|ABC_choco12~ has 120 seconds left.\n|\n|t:|1699057390\n|move|p2a: \ud53c\uc5b4\ub098! \ub108 \ub0b4 \ub3c4\ub3c4\ub3c5\uac01\ucc38|Brick Break|p1a: Garganacl\n|-damage|p1a: Garganacl|95\/100\n|move|p1a: Garganacl|Iron Defense|p1a: Garganacl\n|-boost|p1a: Garganacl|def|1\n|\n|-damage|p2a: \ud53c\uc5b4\ub098! \ub108 \ub0b4 \ub3c4\ub3c4\ub3c5\uac01\ucc38|0 fnt|[from] Salt Cure\n|faint|p2a: \ud53c\uc5b4\ub098! \ub108 \ub0b4 \ub3c4\ub3c4\ub3c5\uac01\ucc38\n|-end|p2a: \ud53c\uc5b4\ub098! \ub108 \ub0b4 \ub3c4\ub3c4\ub3c5\uac01\ucc38|fallen2|[silent]\n|upkeep\n|c|\u2606Superior Ja|salt cure go brrrr\n|\n|t:|1699057402\n|switch|p2a: \uce60\uc0c9\uc870|Cramorant, M, shiny|31\/100\n|turn|20\n|\n|t:|1699057425\n|move|p2a: \uce60\uc0c9\uc870|Air Slash|p1a: Garganacl\n|-damage|p1a: Garganacl|64\/100\n|cant|p1a: Garganacl|flinch\n|\n|upkeep\n|turn|21\n|\n|t:|1699057431\n|move|p2a: \uce60\uc0c9\uc870|Air Slash|p1a: Garganacl\n|-damage|p1a: Garganacl|32\/100\n|move|p1a: Garganacl|Salt Cure|p2a: \uce60\uc0c9\uc870\n|-supereffective|p2a: \uce60\uc0c9\uc870\n|-damage|p2a: \uce60\uc0c9\uc870|0 fnt\n|faint|p2a: \uce60\uc0c9\uc870\n|\n|upkeep\n|\n|t:|1699057439\n|switch|p2a: \ubb34\uc1e0\ubf40\ub85c\ub85c|Iron Bundle, shiny|100\/100\n|-status|p2a: \ubb34\uc1e0\ubf40\ub85c\ub85c|tox\n|-damage|p2a: \ubb34\uc1e0\ubf40\ub85c\ub85c|88\/100 tox|[from] Spikes\n|-enditem|p2a: \ubb34\uc1e0\ubf40\ub85c\ub85c|Booster Energy\n|-activate|p2a: \ubb34\uc1e0\ubf40\ub85c\ub85c|ability: Quark Drive|[fromitem]\n|-start|p2a: \ubb34\uc1e0\ubf40\ub85c\ub85c|quarkdrivespa\n|turn|22\n|\n|t:|1699057449\n|move|p2a: \ubb34\uc1e0\ubf40\ub85c\ub85c|Freeze-Dry|p1a: Garganacl\n|-supereffective|p1a: Garganacl\n|-damage|p1a: Garganacl|0 fnt\n|faint|p1a: Garganacl\n|\n|-damage|p2a: \ubb34\uc1e0\ubf40\ub85c\ub85c|82\/100 tox|[from] psn\n|upkeep\n|\n|t:|1699057455\n|switch|p1a: Garganacl|Garganacl, F|100\/100\n|turn|23\n|inactive|ABC_choco12~ has 120 seconds left.\n|\n|t:|1699057464\n|move|p2a: \ubb34\uc1e0\ubf40\ub85c\ub85c|Hydro Pump|p1a: Garganacl\n|-supereffective|p1a: Garganacl\n|-damage|p1a: Garganacl|0 fnt\n|faint|p1a: Garganacl\n|\n|-damage|p2a: \ubb34\uc1e0\ubf40\ub85c\ub85c|70\/100 tox|[from] psn\n|upkeep\n|\n|t:|1699057471\n|switch|p1a: Garganacl|Garganacl, F|100\/100\n|turn|24\n|\n|t:|1699057477\n|move|p2a: \ubb34\uc1e0\ubf40\ub85c\ub85c|Hydro Pump|p1a: Garganacl|[miss]\n|-miss|p2a: \ubb34\uc1e0\ubf40\ub85c\ub85c|p1a: Garganacl\n|move|p1a: Garganacl|Iron Defense|p1a: Garganacl\n|-boost|p1a: Garganacl|def|2\n|\n|-damage|p2a: \ubb34\uc1e0\ubf40\ub85c\ub85c|53\/100 tox|[from] psn\n|upkeep\n|turn|25\n|\n|t:|1699057485\n|move|p2a: \ubb34\uc1e0\ubf40\ub85c\ub85c|Hydro Pump|p1a: Garganacl\n|-supereffective|p1a: Garganacl\n|-damage|p1a: Garganacl|0 fnt\n|faint|p1a: Garganacl\n|\n|win|ABC_choco12~\n|raw|Superior Ja's rating: 1000 &rarr; <strong>1000<\/strong><br \/>(+0 for losing)\n|raw|ABC_choco12~'s rating: 1000 &rarr; <strong>1040<\/strong><br \/>(+40 for winning)\n|l|\u2606Superior Ja\n","uploadtime":1699057510,"views":3,"p1id":"superiorja","p2id":"abcchoco12","formatid":"gen9anythinggoes","rating":1000,"private":0,"password":""}