{"id":"gen9anythinggoes-1977980265","p1":"Captain Carbs","p2":"Tamu 8432227","format":"[Gen 9] Anything Goes","log":"|j|\u2606Captain Carbs\n|j|\u2606Tamu 8432227\n|t:|1698477641\n|gametype|singles\n|player|p1|Captain Carbs|hiker-gen4|1315\n|player|p2|Tamu 8432227|hilbert-wonderlauncher|1366\n|teamsize|p1|6\n|teamsize|p2|6\n|gen|9\n|tier|[Gen 9] Anything Goes\n|rated|\n|rule|HP Percentage Mod: HP is shown in percentages\n|rule|Endless Battle Clause: Forcing endless battles is banned\n|clearpoke\n|poke|p1|Shaymin-Sky|\n|poke|p1|Mewtwo|\n|poke|p1|Gyarados, F|\n|poke|p1|Scovillain, F|\n|poke|p1|Scizor, F|\n|poke|p1|Calyrex-Shadow|\n|poke|p2|Sneasler, F|\n|poke|p2|Sneasler, F|\n|poke|p2|Calyrex-Shadow|\n|poke|p2|Vivillon-Monsoon, F|\n|poke|p2|Ribombee, F|\n|poke|p2|Scovillain, F|\n|teampreview\n|inactive|Battle timer is ON: inactive players will automatically lose when time's up. (requested by Captain Carbs)\n|\n|t:|1698477666\n|start\n|switch|p1a: Red Mantis Lady|Scizor, F|100\/100\n|switch|p2a: Scovillain|Scovillain, F|100\/100\n|turn|1\n|inactive|Captain Carbs has 120 seconds left.\n|inactive|Captain Carbs has 90 seconds left.\n|inactive|Captain Carbs has 60 seconds left.\n|\n|t:|1698477759\n|move|p2a: Scovillain|Protect|p2a: Scovillain\n|-singleturn|p2a: Scovillain|Protect\n|move|p1a: Red Mantis Lady|Acrobatics|p2a: Scovillain\n|-activate|p2a: Scovillain|move: Protect\n|\n|-ability|p2a: Scovillain|Moody|boost\n|-boost|p2a: Scovillain|def|2\n|-unboost|p2a: Scovillain|spd|1\n|upkeep\n|turn|2\n|\n|t:|1698477773\n|move|p1a: Red Mantis Lady|Double Team|p1a: Red Mantis Lady\n|-boost|p1a: Red Mantis Lady|evasion|1\n|move|p2a: Scovillain|Leech Seed|p1a: Red Mantis Lady\n|-start|p1a: Red Mantis Lady|move: Leech Seed\n|\n|-damage|p1a: Red Mantis Lady|88\/100|[from] Leech Seed|[of] p2a: Scovillain\n|-ability|p2a: Scovillain|Moody|boost\n|-boost|p2a: Scovillain|spd|2\n|-unboost|p2a: Scovillain|def|1\n|upkeep\n|turn|3\n|\n|t:|1698477778\n|switch|p1a: Moody Leftovers|Scovillain, F|100\/100\n|move|p2a: Scovillain|Substitute|p2a: Scovillain\n|-start|p2a: Scovillain|Substitute\n|-damage|p2a: Scovillain|76\/100\n|\n|-heal|p2a: Scovillain|82\/100|[from] item: Leftovers\n|-ability|p1a: Moody Leftovers|Moody|boost\n|-boost|p1a: Moody Leftovers|spe|2\n|-unboost|p1a: Moody Leftovers|def|1\n|-ability|p2a: Scovillain|Moody|boost\n|-boost|p2a: Scovillain|spe|2\n|-unboost|p2a: Scovillain|spd|1\n|upkeep\n|turn|4\n|\n|t:|1698477789\n|-terastallize|p1a: Moody Leftovers|Water\n|move|p1a: Moody Leftovers|Substitute|p1a: Moody Leftovers\n|-start|p1a: Moody Leftovers|Substitute\n|-damage|p1a: Moody Leftovers|76\/100\n|move|p2a: Scovillain|Leech Seed||[still]\n|-fail|p2a: Scovillain\n|\n|-heal|p1a: Moody Leftovers|82\/100|[from] item: Leftovers\n|-heal|p2a: Scovillain|88\/100|[from] item: Leftovers\n|-ability|p1a: Moody Leftovers|Moody|boost\n|-boost|p1a: Moody Leftovers|spe|2\n|-unboost|p1a: Moody Leftovers|def|1\n|-ability|p2a: Scovillain|Moody|boost\n|-boost|p2a: Scovillain|atk|2\n|-unboost|p2a: Scovillain|spe|1\n|upkeep\n|turn|5\n|\n|t:|1698477806\n|move|p2a: Scovillain|Protect|p2a: Scovillain\n|-singleturn|p2a: Scovillain|Protect\n|move|p1a: Moody Leftovers|Bite|p2a: Scovillain\n|-activate|p2a: Scovillain|move: Protect\n|\n|-heal|p1a: Moody Leftovers|88\/100|[from] item: Leftovers\n|-heal|p2a: Scovillain|94\/100|[from] item: Leftovers\n|-ability|p1a: Moody Leftovers|Moody|boost\n|-boost|p1a: Moody Leftovers|atk|2\n|-unboost|p1a: Moody Leftovers|spd|1\n|-ability|p2a: Scovillain|Moody|boost\n|-boost|p2a: Scovillain|spd|2\n|-unboost|p2a: Scovillain|atk|1\n|upkeep\n|turn|6\n|\n|t:|1698477814\n|move|p1a: Moody Leftovers|Bite|p2a: Scovillain\n|-activate|p2a: Scovillain|move: Substitute|[damage]\n|move|p2a: Scovillain|Substitute|p2a: Scovillain\n|-fail|p2a: Scovillain|move: Substitute\n|\n|-heal|p1a: Moody Leftovers|94\/100|[from] item: Leftovers\n|-heal|p2a: Scovillain|99\/100|[from] item: Leftovers\n|-ability|p1a: Moody Leftovers|Moody|boost\n|-boost|p1a: Moody Leftovers|spd|2\n|-unboost|p1a: Moody Leftovers|spe|1\n|-ability|p2a: Scovillain|Moody|boost\n|-boost|p2a: Scovillain|spa|2\n|-unboost|p2a: Scovillain|spd|1\n|upkeep\n|turn|7\n|\n|t:|1698477821\n|move|p2a: Scovillain|Protect|p2a: Scovillain\n|-singleturn|p2a: Scovillain|Protect\n|move|p1a: Moody Leftovers|Bite|p2a: Scovillain\n|-activate|p2a: Scovillain|move: Protect\n|\n|-heal|p1a: Moody Leftovers|99\/100|[from] item: Leftovers\n|-heal|p2a: Scovillain|100\/100|[from] item: Leftovers\n|-ability|p1a: Moody Leftovers|Moody|boost\n|-boost|p1a: Moody Leftovers|spa|2\n|-unboost|p1a: Moody Leftovers|def|1\n|-ability|p2a: Scovillain|Moody|boost\n|-boost|p2a: Scovillain|atk|2\n|-unboost|p2a: Scovillain|spd|1\n|upkeep\n|turn|8\n|\n|t:|1698477839\n|move|p1a: Moody Leftovers|Bite|p2a: Scovillain\n|-end|p2a: Scovillain|Substitute\n|move|p2a: Scovillain|Substitute|p2a: Scovillain\n|-start|p2a: Scovillain|Substitute\n|-damage|p2a: Scovillain|76\/100\n|\n|-heal|p1a: Moody Leftovers|100\/100|[from] item: Leftovers\n|-heal|p2a: Scovillain|82\/100|[from] item: Leftovers\n|-ability|p1a: Moody Leftovers|Moody|boost\n|-boost|p1a: Moody Leftovers|spe|2\n|-unboost|p1a: Moody Leftovers|def|1\n|-ability|p2a: Scovillain|Moody|boost\n|-boost|p2a: Scovillain|spd|2\n|-unboost|p2a: Scovillain|def|1\n|upkeep\n|turn|9\n|\n|t:|1698477845\n|move|p2a: Scovillain|Protect|p2a: Scovillain\n|-singleturn|p2a: Scovillain|Protect\n|move|p1a: Moody Leftovers|Bite|p2a: Scovillain\n|-activate|p2a: Scovillain|move: Protect\n|\n|-heal|p2a: Scovillain|88\/100|[from] item: Leftovers\n|-ability|p1a: Moody Leftovers|Moody|boost\n|-boost|p1a: Moody Leftovers|spe|1\n|-unboost|p1a: Moody Leftovers|def|1\n|-ability|p2a: Scovillain|Moody|boost\n|-boost|p2a: Scovillain|def|2\n|-unboost|p2a: Scovillain|spd|1\n|upkeep\n|turn|10\n|\n|t:|1698477869\n|move|p1a: Moody Leftovers|Bite|p2a: Scovillain\n|-activate|p2a: Scovillain|move: Substitute|[damage]\n|move|p2a: Scovillain|Substitute|p2a: Scovillain\n|-fail|p2a: Scovillain|move: Substitute\n|\n|-heal|p2a: Scovillain|94\/100|[from] item: Leftovers\n|-ability|p1a: Moody Leftovers|Moody|boost\n|-boost|p1a: Moody Leftovers|atk|2\n|-unboost|p1a: Moody Leftovers|spa|1\n|-ability|p2a: Scovillain|Moody|boost\n|-boost|p2a: Scovillain|spd|2\n|-unboost|p2a: Scovillain|atk|1\n|upkeep\n|turn|11\n|\n|t:|1698477874\n|move|p2a: Scovillain|Protect|p2a: Scovillain\n|-singleturn|p2a: Scovillain|Protect\n|move|p1a: Moody Leftovers|Bite|p2a: Scovillain\n|-activate|p2a: Scovillain|move: Protect\n|\n|-heal|p2a: Scovillain|99\/100|[from] item: Leftovers\n|-ability|p1a: Moody Leftovers|Moody|boost\n|-boost|p1a: Moody Leftovers|spd|2\n|-unboost|p1a: Moody Leftovers|spa|1\n|-ability|p2a: Scovillain|Moody|boost\n|-boost|p2a: Scovillain|def|2\n|-unboost|p2a: Scovillain|spd|1\n|upkeep\n|turn|12\n|\n|t:|1698477884\n|move|p1a: Moody Leftovers|Leech Seed|p2a: Scovillain\n|-immune|p2a: Scovillain\n|move|p2a: Scovillain|Substitute|p2a: Scovillain\n|-fail|p2a: Scovillain|move: Substitute\n|\n|-heal|p2a: Scovillain|100\/100|[from] item: Leftovers\n|-ability|p1a: Moody Leftovers|Moody|boost\n|-boost|p1a: Moody Leftovers|def|2\n|-unboost|p1a: Moody Leftovers|spe|1\n|-ability|p2a: Scovillain|Moody|boost\n|-boost|p2a: Scovillain|spa|2\n|-unboost|p2a: Scovillain|def|1\n|upkeep\n|turn|13\n|\n|t:|1698477891\n|move|p2a: Scovillain|Protect|p2a: Scovillain\n|-singleturn|p2a: Scovillain|Protect\n|move|p1a: Moody Leftovers|Leech Seed|p2a: Scovillain\n|-activate|p2a: Scovillain|move: Protect\n|\n|-ability|p1a: Moody Leftovers|Moody|boost\n|-boost|p1a: Moody Leftovers|def|2\n|-unboost|p1a: Moody Leftovers|spe|1\n|-ability|p2a: Scovillain|Moody|boost\n|-boost|p2a: Scovillain|atk|2\n|-unboost|p2a: Scovillain|spe|1\n|upkeep\n|turn|14\n|\n|t:|1698477898\n|move|p1a: Moody Leftovers|Leech Seed|p2a: Scovillain\n|-immune|p2a: Scovillain\n|move|p2a: Scovillain|Flamethrower|p1a: Moody Leftovers\n|-resisted|p1a: Moody Leftovers\n|-activate|p1a: Moody Leftovers|move: Substitute|[damage]\n|\n|-ability|p1a: Moody Leftovers|Moody|boost\n|-boost|p1a: Moody Leftovers|atk|2\n|-unboost|p1a: Moody Leftovers|spa|1\n|-ability|p2a: Scovillain|Moody|boost\n|-boost|p2a: Scovillain|spe|2\n|-unboost|p2a: Scovillain|spa|1\n|upkeep\n|turn|15\n|\n|t:|1698477903\n|move|p1a: Moody Leftovers|Bite|p2a: Scovillain\n|-end|p2a: Scovillain|Substitute\n|move|p2a: Scovillain|Flamethrower|p1a: Moody Leftovers\n|-resisted|p1a: Moody Leftovers\n|-end|p1a: Moody Leftovers|Substitute\n|\n|-ability|p1a: Moody Leftovers|Moody|boost\n|-boost|p1a: Moody Leftovers|def|2\n|-unboost|p1a: Moody Leftovers|spe|1\n|-ability|p2a: Scovillain|Moody|boost\n|-boost|p2a: Scovillain|atk|2\n|-unboost|p2a: Scovillain|spe|1\n|upkeep\n|turn|16\n|\n|t:|1698477913\n|move|p1a: Moody Leftovers|Bite|p2a: Scovillain\n|-damage|p2a: Scovillain|75\/100\n|move|p2a: Scovillain|Substitute|p2a: Scovillain\n|-start|p2a: Scovillain|Substitute\n|-damage|p2a: Scovillain|50\/100\n|\n|-heal|p2a: Scovillain|56\/100|[from] item: Leftovers\n|-ability|p1a: Moody Leftovers|Moody|boost\n|-boost|p1a: Moody Leftovers|spe|2\n|-unboost|p1a: Moody Leftovers|atk|1\n|-ability|p2a: Scovillain|Moody|boost\n|-boost|p2a: Scovillain|spd|2\n|-unboost|p2a: Scovillain|def|1\n|upkeep\n|turn|17\n|\n|t:|1698477917\n|move|p1a: Moody Leftovers|Substitute|p1a: Moody Leftovers\n|-start|p1a: Moody Leftovers|Substitute\n|-damage|p1a: Moody Leftovers|76\/100\n|move|p2a: Scovillain|Leech Seed||[still]\n|-fail|p2a: Scovillain\n|\n|-heal|p1a: Moody Leftovers|82\/100|[from] item: Leftovers\n|-heal|p2a: Scovillain|62\/100|[from] item: Leftovers\n|-ability|p1a: Moody Leftovers|Moody|boost\n|-boost|p1a: Moody Leftovers|spe|1\n|-unboost|p1a: Moody Leftovers|spd|1\n|-ability|p2a: Scovillain|Moody|boost\n|-boost|p2a: Scovillain|spd|2\n|-unboost|p2a: Scovillain|def|1\n|upkeep\n|turn|18\n|\n|t:|1698477936\n|move|p2a: Scovillain|Protect|p2a: Scovillain\n|-singleturn|p2a: Scovillain|Protect\n|move|p1a: Moody Leftovers|Leech Seed|p2a: Scovillain\n|-activate|p2a: Scovillain|move: Protect\n|\n|-heal|p1a: Moody Leftovers|88\/100|[from] item: Leftovers\n|-heal|p2a: Scovillain|68\/100|[from] item: Leftovers\n|-ability|p1a: Moody Leftovers|Moody|boost\n|-boost|p1a: Moody Leftovers|spa|2\n|-unboost|p1a: Moody Leftovers|def|1\n|-ability|p2a: Scovillain|Moody|boost\n|-boost|p2a: Scovillain|def|2\n|-unboost|p2a: Scovillain|atk|1\n|upkeep\n|turn|19\n|\n|t:|1698477941\n|move|p1a: Moody Leftovers|Bite|p2a: Scovillain\n|-activate|p2a: Scovillain|move: Substitute|[damage]\n|move|p2a: Scovillain|Flamethrower|p1a: Moody Leftovers\n|-resisted|p1a: Moody Leftovers\n|-end|p1a: Moody Leftovers|Substitute\n|\n|-heal|p1a: Moody Leftovers|94\/100|[from] item: Leftovers\n|-heal|p2a: Scovillain|74\/100|[from] item: Leftovers\n|-ability|p1a: Moody Leftovers|Moody|boost\n|-boost|p1a: Moody Leftovers|def|2\n|-unboost|p1a: Moody Leftovers|spe|1\n|-ability|p2a: Scovillain|Moody|boost\n|-boost|p2a: Scovillain|def|2\n|-unboost|p2a: Scovillain|spd|1\n|upkeep\n|turn|20\n|\n|t:|1698477949\n|move|p1a: Moody Leftovers|Protect|p1a: Moody Leftovers\n|-singleturn|p1a: Moody Leftovers|Protect\n|move|p2a: Scovillain|Flamethrower|p1a: Moody Leftovers\n|-activate|p1a: Moody Leftovers|move: Protect\n|\n|-heal|p1a: Moody Leftovers|99\/100|[from] item: Leftovers\n|-heal|p2a: Scovillain|80\/100|[from] item: Leftovers\n|-ability|p1a: Moody Leftovers|Moody|boost\n|-boost|p1a: Moody Leftovers|def|2\n|-unboost|p1a: Moody Leftovers|spe|1\n|-ability|p2a: Scovillain|Moody|boost\n|-boost|p2a: Scovillain|atk|1\n|-unboost|p2a: Scovillain|spe|1\n|upkeep\n|turn|21\n|\n|t:|1698477956\n|move|p1a: Moody Leftovers|Substitute|p1a: Moody Leftovers\n|-start|p1a: Moody Leftovers|Substitute\n|-damage|p1a: Moody Leftovers|75\/100\n|move|p2a: Scovillain|Flamethrower|p1a: Moody Leftovers\n|-resisted|p1a: Moody Leftovers\n|-end|p1a: Moody Leftovers|Substitute\n|\n|-heal|p1a: Moody Leftovers|81\/100|[from] item: Leftovers\n|-heal|p2a: Scovillain|86\/100|[from] item: Leftovers\n|-ability|p1a: Moody Leftovers|Moody|boost\n|-boost|p1a: Moody Leftovers|atk|1\n|-unboost|p1a: Moody Leftovers|spa|1\n|-ability|p2a: Scovillain|Moody|boost\n|-boost|p2a: Scovillain|spe|2\n|-unboost|p2a: Scovillain|spa|1\n|upkeep\n|turn|22\n|\n|t:|1698477972\n|move|p1a: Moody Leftovers|Protect|p1a: Moody Leftovers\n|-singleturn|p1a: Moody Leftovers|Protect\n|move|p2a: Scovillain|Flamethrower|p1a: Moody Leftovers\n|-activate|p1a: Moody Leftovers|move: Protect\n|\n|-heal|p1a: Moody Leftovers|87\/100|[from] item: Leftovers\n|-heal|p2a: Scovillain|92\/100|[from] item: Leftovers\n|-ability|p1a: Moody Leftovers|Moody|boost\n|-boost|p1a: Moody Leftovers|spe|2\n|-unboost|p1a: Moody Leftovers|atk|1\n|-ability|p2a: Scovillain|Moody|boost\n|-boost|p2a: Scovillain|def|1\n|-unboost|p2a: Scovillain|spa|1\n|upkeep\n|turn|23\n|\n|t:|1698477979\n|move|p1a: Moody Leftovers|Substitute|p1a: Moody Leftovers\n|-start|p1a: Moody Leftovers|Substitute\n|-damage|p1a: Moody Leftovers|62\/100\n|move|p2a: Scovillain|Flamethrower|p1a: Moody Leftovers\n|-resisted|p1a: Moody Leftovers\n|-activate|p1a: Moody Leftovers|move: Substitute|[damage]\n|\n|-heal|p1a: Moody Leftovers|68\/100|[from] item: Leftovers\n|-heal|p2a: Scovillain|98\/100|[from] item: Leftovers\n|-ability|p1a: Moody Leftovers|Moody|boost\n|-boost|p1a: Moody Leftovers|spd|2\n|-unboost|p1a: Moody Leftovers|atk|1\n|-ability|p2a: Scovillain|Moody|boost\n|-boost|p2a: Scovillain|spd|1\n|-unboost|p2a: Scovillain|spa|1\n|upkeep\n|turn|24\n|\n|t:|1698477991\n|move|p1a: Moody Leftovers|Protect|p1a: Moody Leftovers\n|-singleturn|p1a: Moody Leftovers|Protect\n|move|p2a: Scovillain|Protect||[still]\n|-fail|p2a: Scovillain\n|\n|-heal|p1a: Moody Leftovers|74\/100|[from] item: Leftovers\n|-heal|p2a: Scovillain|100\/100|[from] item: Leftovers\n|-ability|p1a: Moody Leftovers|Moody|boost\n|-boost|p1a: Moody Leftovers|def|2\n|-unboost|p1a: Moody Leftovers|spd|1\n|-ability|p2a: Scovillain|Moody|boost\n|-boost|p2a: Scovillain|spe|2\n|-unboost|p2a: Scovillain|atk|1\n|upkeep\n|turn|25\n|\n|t:|1698477997\n|move|p1a: Moody Leftovers|Bite|p2a: Scovillain\n|-end|p2a: Scovillain|Substitute\n|move|p2a: Scovillain|Flamethrower|p1a: Moody Leftovers\n|-resisted|p1a: Moody Leftovers\n|-activate|p1a: Moody Leftovers|move: Substitute|[damage]\n|\n|-heal|p1a: Moody Leftovers|80\/100|[from] item: Leftovers\n|-ability|p1a: Moody Leftovers|Moody|boost\n|-boost|p1a: Moody Leftovers|atk|2\n|-unboost|p1a: Moody Leftovers|def|1\n|-ability|p2a: Scovillain|Moody|boost\n|-boost|p2a: Scovillain|atk|1\n|-unboost|p2a: Scovillain|spa|1\n|upkeep\n|turn|26\n|\n|t:|1698478012\n|move|p2a: Scovillain|Protect|p2a: Scovillain\n|-singleturn|p2a: Scovillain|Protect\n|move|p1a: Moody Leftovers|Bite|p2a: Scovillain\n|-activate|p2a: Scovillain|move: Protect\n|\n|-heal|p1a: Moody Leftovers|86\/100|[from] item: Leftovers\n|-ability|p1a: Moody Leftovers|Moody|boost\n|-boost|p1a: Moody Leftovers|def|1\n|-unboost|p1a: Moody Leftovers|spa|1\n|-ability|p2a: Scovillain|Moody|boost\n|-boost|p2a: Scovillain|spe|2\n|-unboost|p2a: Scovillain|def|1\n|upkeep\n|turn|27\n|\n|t:|1698478019\n|move|p1a: Moody Leftovers|Bite|p2a: Scovillain\n|-damage|p2a: Scovillain|83\/100\n|cant|p2a: Scovillain|flinch\n|\n|-heal|p1a: Moody Leftovers|92\/100|[from] item: Leftovers\n|-heal|p2a: Scovillain|89\/100|[from] item: Leftovers\n|-ability|p1a: Moody Leftovers|Moody|boost\n|-boost|p1a: Moody Leftovers|spa|2\n|-unboost|p1a: Moody Leftovers|spd|1\n|-ability|p2a: Scovillain|Moody|boost\n|-boost|p2a: Scovillain|def|1\n|-unboost|p2a: Scovillain|spe|1\n|upkeep\n|turn|28\n|\n|t:|1698478027\n|move|p1a: Moody Leftovers|Bite|p2a: Scovillain\n|-damage|p2a: Scovillain|75\/100\n|move|p2a: Scovillain|Substitute|p2a: Scovillain\n|-start|p2a: Scovillain|Substitute\n|-damage|p2a: Scovillain|50\/100\n|\n|-heal|p1a: Moody Leftovers|98\/100|[from] item: Leftovers\n|-heal|p2a: Scovillain|56\/100|[from] item: Leftovers\n|-ability|p1a: Moody Leftovers|Moody|boost\n|-boost|p1a: Moody Leftovers|spd|2\n|-unboost|p1a: Moody Leftovers|def|1\n|-ability|p2a: Scovillain|Moody|boost\n|-boost|p2a: Scovillain|spe|1\n|-unboost|p2a: Scovillain|spa|1\n|upkeep\n|turn|29\n|\n|t:|1698478048\n|move|p2a: Scovillain|Protect|p2a: Scovillain\n|-singleturn|p2a: Scovillain|Protect\n|move|p1a: Moody Leftovers|Bite|p2a: Scovillain\n|-activate|p2a: Scovillain|move: Protect\n|\n|-heal|p1a: Moody Leftovers|100\/100|[from] item: Leftovers\n|-heal|p2a: Scovillain|62\/100|[from] item: Leftovers\n|-ability|p1a: Moody Leftovers|Moody|boost\n|-boost|p1a: Moody Leftovers|spa|2\n|-unboost|p1a: Moody Leftovers|spd|1\n|-ability|p2a: Scovillain|Moody|boost\n|-boost|p2a: Scovillain|spa|2\n|-unboost|p2a: Scovillain|spe|1\n|upkeep\n|turn|30\n|\n|t:|1698478063\n|move|p1a: Moody Leftovers|Leech Seed|p2a: Scovillain\n|-immune|p2a: Scovillain\n|move|p2a: Scovillain|Flamethrower|p1a: Moody Leftovers\n|-resisted|p1a: Moody Leftovers\n|-end|p1a: Moody Leftovers|Substitute\n|\n|-heal|p2a: Scovillain|68\/100|[from] item: Leftovers\n|-ability|p1a: Moody Leftovers|Moody|boost\n|-boost|p1a: Moody Leftovers|def|1\n|-unboost|p1a: Moody Leftovers|atk|1\n|-ability|p2a: Scovillain|Moody|boost\n|-boost|p2a: Scovillain|spe|1\n|-unboost|p2a: Scovillain|spa|1\n|upkeep\n|turn|31\n|\n|t:|1698478088\n|move|p1a: Moody Leftovers|Leech Seed|p2a: Scovillain\n|-immune|p2a: Scovillain\n|move|p2a: Scovillain|Flamethrower|p1a: Moody Leftovers\n|-resisted|p1a: Moody Leftovers\n|-damage|p1a: Moody Leftovers|95\/100\n|\n|-heal|p1a: Moody Leftovers|100\/100|[from] item: Leftovers\n|-heal|p2a: Scovillain|74\/100|[from] item: Leftovers\n|-ability|p1a: Moody Leftovers|Moody|boost\n|-boost|p1a: Moody Leftovers|spd|2\n|-unboost|p1a: Moody Leftovers|spa|1\n|-ability|p2a: Scovillain|Moody|boost\n|-boost|p2a: Scovillain|spa|2\n|-unboost|p2a: Scovillain|spd|1\n|upkeep\n|turn|32\n|\n|t:|1698478097\n|move|p1a: Moody Leftovers|Protect|p1a: Moody Leftovers\n|-singleturn|p1a: Moody Leftovers|Protect\n|move|p2a: Scovillain|Leech Seed|p1a: Moody Leftovers\n|-activate|p1a: Moody Leftovers|move: Protect\n|\n|-heal|p2a: Scovillain|80\/100|[from] item: Leftovers\n|-ability|p1a: Moody Leftovers|Moody|boost\n|-boost|p1a: Moody Leftovers|spa|2\n|-unboost|p1a: Moody Leftovers|atk|1\n|-ability|p2a: Scovillain|Moody|boost\n|-boost|p2a: Scovillain|spa|2\n|-unboost|p2a: Scovillain|spe|1\n|upkeep\n|turn|33\n|\n|t:|1698478117\n|move|p1a: Moody Leftovers|Substitute|p1a: Moody Leftovers\n|-start|p1a: Moody Leftovers|Substitute\n|-damage|p1a: Moody Leftovers|76\/100\n|move|p2a: Scovillain|Leech Seed||[still]\n|-fail|p2a: Scovillain\n|\n|-heal|p1a: Moody Leftovers|82\/100|[from] item: Leftovers\n|-heal|p2a: Scovillain|86\/100|[from] item: Leftovers\n|-ability|p1a: Moody Leftovers|Moody|boost\n|-boost|p1a: Moody Leftovers|spd|1\n|-unboost|p1a: Moody Leftovers|spa|1\n|-ability|p2a: Scovillain|Moody|boost\n|-boost|p2a: Scovillain|spa|2\n|-unboost|p2a: Scovillain|spd|1\n|upkeep\n|turn|34\n|\n|t:|1698478127\n|move|p1a: Moody Leftovers|Bite|p2a: Scovillain\n|-activate|p2a: Scovillain|move: Substitute|[damage]\n|move|p2a: Scovillain|Substitute|p2a: Scovillain\n|-fail|p2a: Scovillain|move: Substitute\n|\n|-heal|p1a: Moody Leftovers|88\/100|[from] item: Leftovers\n|-heal|p2a: Scovillain|92\/100|[from] item: Leftovers\n|-ability|p1a: Moody Leftovers|Moody|boost\n|-boost|p1a: Moody Leftovers|spa|2\n|-unboost|p1a: Moody Leftovers|spd|1\n|-ability|p2a: Scovillain|Moody|boost\n|-boost|p2a: Scovillain|spa|1\n|-unboost|p2a: Scovillain|def|1\n|upkeep\n|turn|35\n|c|\u2606Captain Carbs|I have more pp than you\n|\n|t:|1698478136\n|move|p1a: Moody Leftovers|Bite|p2a: Scovillain\n|-end|p2a: Scovillain|Substitute\n|move|p2a: Scovillain|Flamethrower|p1a: Moody Leftovers\n|-resisted|p1a: Moody Leftovers\n|-activate|p1a: Moody Leftovers|move: Substitute|[damage]\n|\n|-heal|p1a: Moody Leftovers|94\/100|[from] item: Leftovers\n|-heal|p2a: Scovillain|98\/100|[from] item: Leftovers\n|-ability|p1a: Moody Leftovers|Moody|boost\n|-boost|p1a: Moody Leftovers|spd|1\n|-unboost|p1a: Moody Leftovers|atk|1\n|-ability|p2a: Scovillain|Moody|boost\n|-boost|p2a: Scovillain|def|1\n|-unboost|p2a: Scovillain|spe|1\n|upkeep\n|turn|36\n|\n|t:|1698478157\n|move|p2a: Scovillain|Protect|p2a: Scovillain\n|-singleturn|p2a: Scovillain|Protect\n|move|p1a: Moody Leftovers|Leech Seed|p2a: Scovillain\n|-activate|p2a: Scovillain|move: Protect\n|\n|-heal|p1a: Moody Leftovers|99\/100|[from] item: Leftovers\n|-heal|p2a: Scovillain|100\/100|[from] item: Leftovers\n|-ability|p1a: Moody Leftovers|Moody|boost\n|-boost|p1a: Moody Leftovers|atk|2\n|-unboost|p1a: Moody Leftovers|spa|1\n|-ability|p2a: Scovillain|Moody|boost\n|-boost|p2a: Scovillain|spe|2\n|-unboost|p2a: Scovillain|def|1\n|upkeep\n|turn|37\n|\n|t:|1698478164\n|move|p1a: Moody Leftovers|Leech Seed|p2a: Scovillain\n|-immune|p2a: Scovillain\n|move|p2a: Scovillain|Flamethrower|p1a: Moody Leftovers\n|-resisted|p1a: Moody Leftovers\n|-end|p1a: Moody Leftovers|Substitute\n|\n|-heal|p1a: Moody Leftovers|100\/100|[from] item: Leftovers\n|-ability|p1a: Moody Leftovers|Moody|boost\n|-boost|p1a: Moody Leftovers|spa|2\n|-unboost|p1a: Moody Leftovers|def|1\n|-ability|p2a: Scovillain|Moody|boost\n|-boost|p2a: Scovillain|def|1\n|-unboost|p2a: Scovillain|spd|1\n|upkeep\n|turn|38\n|\n|t:|1698478174\n|move|p1a: Moody Leftovers|Substitute|p1a: Moody Leftovers\n|-start|p1a: Moody Leftovers|Substitute\n|-damage|p1a: Moody Leftovers|76\/100\n|move|p2a: Scovillain|Flamethrower|p1a: Moody Leftovers\n|-resisted|p1a: Moody Leftovers\n|-activate|p1a: Moody Leftovers|move: Substitute|[damage]\n|\n|-heal|p1a: Moody Leftovers|82\/100|[from] item: Leftovers\n|-ability|p1a: Moody Leftovers|Moody|boost\n|-boost|p1a: Moody Leftovers|def|1\n|-unboost|p1a: Moody Leftovers|spd|1\n|-ability|p2a: Scovillain|Moody|boost\n|-boost|p2a: Scovillain|spd|2\n|-unboost|p2a: Scovillain|def|1\n|upkeep\n|turn|39\n|\n|t:|1698478185\n|move|p1a: Moody Leftovers|Protect|p1a: Moody Leftovers\n|-singleturn|p1a: Moody Leftovers|Protect\n|move|p2a: Scovillain|Substitute|p2a: Scovillain\n|-start|p2a: Scovillain|Substitute\n|-damage|p2a: Scovillain|76\/100\n|\n|-heal|p1a: Moody Leftovers|88\/100|[from] item: Leftovers\n|-heal|p2a: Scovillain|82\/100|[from] item: Leftovers\n|-ability|p1a: Moody Leftovers|Moody|boost\n|-boost|p1a: Moody Leftovers|atk|1\n|-unboost|p1a: Moody Leftovers|spd|1\n|-ability|p2a: Scovillain|Moody|boost\n|-boost|p2a: Scovillain|spd|1\n|-unboost|p2a: Scovillain|spa|1\n|upkeep\n|turn|40\n|\n|t:|1698478190\n|move|p1a: Moody Leftovers|Bite|p2a: Scovillain\n|-activate|p2a: Scovillain|move: Substitute|[damage]\n|move|p2a: Scovillain|Leech Seed||[still]\n|-fail|p2a: Scovillain\n|\n|-heal|p1a: Moody Leftovers|94\/100|[from] item: Leftovers\n|-heal|p2a: Scovillain|88\/100|[from] item: Leftovers\n|-ability|p1a: Moody Leftovers|Moody|boost\n|-boost|p1a: Moody Leftovers|spd|2\n|-unboost|p1a: Moody Leftovers|spa|1\n|-ability|p2a: Scovillain|Moody|boost\n|-boost|p2a: Scovillain|def|1\n|-unboost|p2a: Scovillain|atk|1\n|upkeep\n|turn|41\n|\n|t:|1698478198\n|move|p1a: Moody Leftovers|Bite|p2a: Scovillain\n|-end|p2a: Scovillain|Substitute\n|move|p2a: Scovillain|Substitute|p2a: Scovillain\n|-start|p2a: Scovillain|Substitute\n|-damage|p2a: Scovillain|63\/100\n|\n|-heal|p1a: Moody Leftovers|99\/100|[from] item: Leftovers\n|-heal|p2a: Scovillain|69\/100|[from] item: Leftovers\n|-ability|p1a: Moody Leftovers|Moody|boost\n|-boost|p1a: Moody Leftovers|spa|1\n|-unboost|p1a: Moody Leftovers|spd|1\n|-ability|p2a: Scovillain|Moody|boost\n|-boost|p2a: Scovillain|spa|1\n|-unboost|p2a: Scovillain|atk|1\n|upkeep\n|turn|42\n|\n|t:|1698478208\n|move|p1a: Moody Leftovers|Bite|p2a: Scovillain\n|-activate|p2a: Scovillain|move: Substitute|[damage]\n|move|p2a: Scovillain|Flamethrower|p1a: Moody Leftovers\n|-resisted|p1a: Moody Leftovers\n|-end|p1a: Moody Leftovers|Substitute\n|\n|-heal|p1a: Moody Leftovers|100\/100|[from] item: Leftovers\n|-heal|p2a: Scovillain|75\/100|[from] item: Leftovers\n|-ability|p1a: Moody Leftovers|Moody|boost\n|-boost|p1a: Moody Leftovers|spd|1\n|-unboost|p1a: Moody Leftovers|def|1\n|-ability|p2a: Scovillain|Moody|boost\n|-boost|p2a: Scovillain|atk|2\n|-unboost|p2a: Scovillain|spd|1\n|upkeep\n|turn|43\n|\n|t:|1698478227\n|move|p1a: Moody Leftovers|Protect|p1a: Moody Leftovers\n|-singleturn|p1a: Moody Leftovers|Protect\n|move|p2a: Scovillain|Leech Seed|p1a: Moody Leftovers\n|-activate|p1a: Moody Leftovers|move: Protect\n|\n|-heal|p2a: Scovillain|81\/100|[from] item: Leftovers\n|-ability|p1a: Moody Leftovers|Moody|boost\n|-boost|p1a: Moody Leftovers|def|1\n|-unboost|p1a: Moody Leftovers|spa|1\n|-ability|p2a: Scovillain|Moody|boost\n|-boost|p2a: Scovillain|spd|1\n|-unboost|p2a: Scovillain|atk|1\n|upkeep\n|turn|44\n|\n|t:|1698478233\n|move|p1a: Moody Leftovers|Substitute|p1a: Moody Leftovers\n|-start|p1a: Moody Leftovers|Substitute\n|-damage|p1a: Moody Leftovers|76\/100\n|move|p2a: Scovillain|Leech Seed||[still]\n|-fail|p2a: Scovillain\n|\n|-heal|p1a: Moody Leftovers|82\/100|[from] item: Leftovers\n|-heal|p2a: Scovillain|87\/100|[from] item: Leftovers\n|-ability|p1a: Moody Leftovers|Moody|boost\n|-boost|p1a: Moody Leftovers|spa|1\n|-unboost|p1a: Moody Leftovers|atk|1\n|-ability|p2a: Scovillain|Moody|boost\n|-boost|p2a: Scovillain|atk|1\n|-unboost|p2a: Scovillain|spa|1\n|upkeep\n|turn|45\n|\n|t:|1698478250\n|move|p1a: Moody Leftovers|Bite|p2a: Scovillain\n|-end|p2a: Scovillain|Substitute\n|move|p2a: Scovillain|Flamethrower|p1a: Moody Leftovers\n|-resisted|p1a: Moody Leftovers\n|-activate|p1a: Moody Leftovers|move: Substitute|[damage]\n|\n|-heal|p1a: Moody Leftovers|88\/100|[from] item: Leftovers\n|-heal|p2a: Scovillain|93\/100|[from] item: Leftovers\n|-ability|p1a: Moody Leftovers|Moody|boost\n|-boost|p1a: Moody Leftovers|atk|1\n|-unboost|p1a: Moody Leftovers|spd|1\n|-ability|p2a: Scovillain|Moody|boost\n|-boost|p2a: Scovillain|spa|1\n|-unboost|p2a: Scovillain|atk|1\n|upkeep\n|turn|46\n|\n|t:|1698478256\n|move|p1a: Moody Leftovers|Bite|p2a: Scovillain\n|-crit|p2a: Scovillain\n|-damage|p2a: Scovillain|0 fnt\n|faint|p2a: Scovillain\n|\n|-heal|p1a: Moody Leftovers|94\/100|[from] item: Leftovers\n|-ability|p1a: Moody Leftovers|Moody|boost\n|-boost|p1a: Moody Leftovers|spd|1\n|-unboost|p1a: Moody Leftovers|spe|1\n|upkeep\n|c|\u2606Captain Carbs|yep\n|-message|Tamu 8432227 forfeited.\n|\n|win|Captain Carbs\n|raw|Captain Carbs's rating: 1315 &rarr; <strong>1338<\/strong><br \/>(+23 for winning)\n|raw|Tamu 8432227's rating: 1366 &rarr; <strong>1343<\/strong><br \/>(-23 for losing)\n|l|\u2606Tamu 8432227\n|c|\u2606Captain Carbs|gg\n","uploadtime":1698478270,"views":17,"p1id":"captaincarbs","p2id":"tamu8432227","formatid":"gen9anythinggoes","rating":1338,"private":0,"password":""}