{"id":"gen9anythinggoes-1983837806","p1":"Glaire","p2":"Senor Wooley","format":"[Gen 9] Anything Goes","log":"|j|\u2606Glaire\n|j|\u2606Senor Wooley\n|t:|1699189804\n|gametype|singles\n|player|p1|Glaire|backersf|1165\n|player|p2|Senor Wooley|clair|1124\n|teamsize|p1|6\n|teamsize|p2|6\n|gen|9\n|tier|[Gen 9] Anything Goes\n|rated|\n|rule|HP Percentage Mod: HP is shown in percentages\n|rule|Endless Battle Clause: Forcing endless battles is banned\n|clearpoke\n|poke|p1|Yanmega, M|\n|poke|p1|Brute Bonnet|\n|poke|p1|Dudunsparce-*, M|\n|poke|p1|Arcanine, M|\n|poke|p1|Bronzong|\n|poke|p1|Mandibuzz, F|\n|poke|p2|Annihilape, F|\n|poke|p2|Uxie|\n|poke|p2|Komala, M|\n|poke|p2|Iron Thorns|\n|poke|p2|Salamence, F|\n|poke|p2|Hatterene, F|\n|teampreview\n|inactive|Battle timer is ON: inactive players will automatically lose when time's up. (requested by Glaire)\n|\n|t:|1699189823\n|start\n|switch|p1a: Brute Bonnet|Brute Bonnet|100\/100\n|switch|p2a: uuuuuuuuu|Uxie|100\/100\n|turn|1\n|\n|t:|1699189828\n|move|p2a: uuuuuuuuu|Thunder Wave|p1a: Brute Bonnet\n|-status|p1a: Brute Bonnet|par\n|move|p1a: Brute Bonnet|Spore|p2a: uuuuuuuuu\n|-status|p2a: uuuuuuuuu|slp|[from] move: Spore\n|\n|upkeep\n|turn|2\n|\n|t:|1699189835\n|switch|p2a: eepy|Komala, M, shiny|100\/100\n|-ability|p2a: eepy|Comatose\n|-end|p1a: Brute Bonnet|Protosynthesis|[silent]\n|switch|p1a: Dudunsparce|Dudunsparce, M|100\/100\n|\n|upkeep\n|turn|3\n|\n|t:|1699189840\n|move|p2a: eepy|Body Slam|p1a: Dudunsparce\n|-damage|p1a: Dudunsparce|67\/100\n|move|p1a: Dudunsparce|Agility|p1a: Dudunsparce\n|-boost|p1a: Dudunsparce|spe|2\n|\n|upkeep\n|turn|4\n|\n|t:|1699189848\n|-terastallize|p1a: Dudunsparce|Ghost\n|move|p1a: Dudunsparce|Roost|p1a: Dudunsparce\n|-heal|p1a: Dudunsparce|100\/100\n|move|p2a: eepy|Body Slam|p1a: Dudunsparce\n|-immune|p1a: Dudunsparce\n|\n|upkeep\n|turn|5\n|\n|t:|1699189857\n|move|p1a: Dudunsparce|Shadow Ball|p2a: eepy\n|-immune|p2a: eepy\n|move|p2a: eepy|Iron Head|p1a: Dudunsparce\n|-damage|p1a: Dudunsparce|79\/100\n|\n|upkeep\n|turn|6\n|\n|t:|1699189864\n|move|p1a: Dudunsparce|Boomburst|p2a: eepy\n|-damage|p2a: eepy|63\/100\n|move|p2a: eepy|Iron Head|p1a: Dudunsparce\n|-damage|p1a: Dudunsparce|60\/100\n|\n|upkeep\n|turn|7\n|\n|t:|1699189870\n|move|p1a: Dudunsparce|Roost|p1a: Dudunsparce\n|-heal|p1a: Dudunsparce|100\/100\n|move|p2a: eepy|Iron Head|p1a: Dudunsparce\n|-damage|p1a: Dudunsparce|78\/100\n|\n|upkeep\n|turn|8\n|\n|t:|1699189876\n|move|p2a: eepy|Sucker Punch|p1a: Dudunsparce\n|-supereffective|p1a: Dudunsparce\n|-damage|p1a: Dudunsparce|37\/100\n|-ability|p1a: Dudunsparce|Rattled|boost\n|-boost|p1a: Dudunsparce|spe|1\n|-enditem|p1a: Dudunsparce|Weakness Policy\n|-boost|p1a: Dudunsparce|atk|2|[from] item: Weakness Policy\n|-boost|p1a: Dudunsparce|spa|2|[from] item: Weakness Policy\n|move|p1a: Dudunsparce|Boomburst|p2a: eepy\n|-damage|p2a: eepy|0 fnt\n|faint|p2a: eepy\n|\n|upkeep\n|\n|t:|1699189891\n|switch|p2a: uuuuuuuuu|Uxie|100\/100 slp\n|turn|9\n|\n|t:|1699189896\n|switch|p2a: Drake|Salamence, F|100\/100\n|-ability|p2a: Drake|Intimidate|boost\n|-unboost|p1a: Dudunsparce|atk|1\n|-ability|p1a: Dudunsparce|Rattled|boost\n|-boost|p1a: Dudunsparce|spe|1\n|move|p1a: Dudunsparce|Shadow Ball|p2a: Drake\n|-damage|p2a: Drake|34\/100\n|\n|upkeep\n|turn|10\n|\n|t:|1699189907\n|move|p1a: Dudunsparce|Shadow Ball|p2a: Drake\n|-damage|p2a: Drake|0 fnt\n|faint|p2a: Drake\n|\n|upkeep\n|\n|t:|1699189912\n|switch|p2a: Hatt-Lady|Hatterene, F|100\/100\n|turn|11\n|\n|t:|1699189917\n|-terastallize|p2a: Hatt-Lady|Fire\n|move|p1a: Dudunsparce|Roost|p1a: Dudunsparce\n|-heal|p1a: Dudunsparce|87\/100\n|move|p2a: Hatt-Lady|Trick Room|p2a: Hatt-Lady\n|-fieldstart|move: Trick Room|[of] p2a: Hatt-Lady\n|\n|upkeep\n|turn|12\n|\n|t:|1699189923\n|move|p2a: Hatt-Lady|Mystical Fire|p1a: Dudunsparce\n|-crit|p1a: Dudunsparce\n|-damage|p1a: Dudunsparce|23\/100\n|-unboost|p1a: Dudunsparce|spa|1\n|move|p1a: Dudunsparce|Shadow Ball|p2a: Hatt-Lady\n|-damage|p2a: Hatt-Lady|54\/100\n|\n|upkeep\n|turn|13\n|\n|t:|1699189929\n|move|p2a: Hatt-Lady|Dark Pulse|p1a: Dudunsparce\n|-supereffective|p1a: Dudunsparce\n|-damage|p1a: Dudunsparce|0 fnt\n|faint|p1a: Dudunsparce\n|\n|upkeep\n|\n|t:|1699189948\n|switch|p1a: Bronzong|Bronzong|100\/100\n|turn|14\n|\n|t:|1699189953\n|move|p2a: Hatt-Lady|Mystical Fire|p1a: Bronzong\n|-supereffective|p1a: Bronzong\n|-damage|p1a: Bronzong|14\/100\n|-unboost|p1a: Bronzong|spa|1\n|move|p1a: Bronzong|Earthquake|p2a: Hatt-Lady\n|-supereffective|p2a: Hatt-Lady\n|-damage|p2a: Hatt-Lady|0 fnt\n|faint|p2a: Hatt-Lady\n|\n|upkeep\n|\n|t:|1699189962\n|switch|p2a: Dom-inator|Iron Thorns, shiny|100\/100\n|-item|p2a: Dom-inator|Air Balloon\n|turn|15\n|\n|t:|1699189976\n|move|p1a: Bronzong|Body Press|p2a: Dom-inator\n|-supereffective|p2a: Dom-inator\n|-damage|p2a: Dom-inator|64\/100\n|-enditem|p2a: Dom-inator|Air Balloon\n|move|p2a: Dom-inator|Dragon Dance|p2a: Dom-inator\n|-boost|p2a: Dom-inator|atk|1\n|-boost|p2a: Dom-inator|spe|1\n|\n|-fieldend|move: Trick Room\n|upkeep\n|turn|16\n|\n|t:|1699189986\n|move|p2a: Dom-inator|Ice Punch|p1a: Bronzong\n|-resisted|p1a: Bronzong\n|-damage|p1a: Bronzong|0 fnt\n|-damage|p2a: Dom-inator|48\/100|[from] item: Rocky Helmet|[of] p1a: Bronzong\n|faint|p1a: Bronzong\n|\n|upkeep\n|inactive|Glaire has 120 seconds left.\n|\n|t:|1699190017\n|switch|p1a: Mandibuzz|Mandibuzz, F|100\/100\n|turn|17\n|\n|t:|1699190022\n|move|p2a: Dom-inator|Stone Edge|p1a: Mandibuzz|[miss]\n|-miss|p2a: Dom-inator|p1a: Mandibuzz\n|move|p1a: Mandibuzz|Knock Off|p2a: Dom-inator\n|-crit|p2a: Dom-inator\n|-damage|p2a: Dom-inator|28\/100\n|\n|upkeep\n|turn|18\n|\n|t:|1699190032\n|move|p2a: Dom-inator|Stone Edge|p1a: Mandibuzz|[miss]\n|-miss|p2a: Dom-inator|p1a: Mandibuzz\n|move|p1a: Mandibuzz|Knock Off|p2a: Dom-inator\n|-crit|p2a: Dom-inator\n|-damage|p2a: Dom-inator|9\/100\n|\n|upkeep\n|turn|19\n|\n|t:|1699190045\n|move|p2a: Dom-inator|Stone Edge|p1a: Mandibuzz\n|-supereffective|p1a: Mandibuzz\n|-damage|p1a: Mandibuzz|0 fnt\n|faint|p1a: Mandibuzz\n|\n|upkeep\n|\n|t:|1699190051\n|switch|p1a: Brute Bonnet|Brute Bonnet|100\/100 par\n|turn|20\n|\n|t:|1699190054\n|move|p1a: Brute Bonnet|Sucker Punch|p2a: Dom-inator\n|-damage|p2a: Dom-inator|0 fnt\n|faint|p2a: Dom-inator\n|-end|p2a: Dom-inator|Quark Drive|[silent]\n|\n|upkeep\n|\n|t:|1699190058\n|switch|p2a: uuuuuuuuu|Uxie|100\/100 slp\n|turn|21\n|\n|t:|1699190062\n|-end|p1a: Brute Bonnet|Protosynthesis|[silent]\n|switch|p1a: Yanmega|Yanmega, M|100\/100\n|cant|p2a: uuuuuuuuu|slp\n|\n|upkeep\n|turn|22\n|\n|t:|1699190068\n|move|p1a: Yanmega|Bug Buzz|p2a: uuuuuuuuu\n|-supereffective|p2a: uuuuuuuuu\n|-damage|p2a: uuuuuuuuu|19\/100 slp\n|-damage|p1a: Yanmega|91\/100|[from] item: Life Orb\n|-curestatus|p2a: uuuuuuuuu|slp|[msg]\n|move|p2a: uuuuuuuuu|Light Screen|p2a: uuuuuuuuu\n|-sidestart|p2: Senor Wooley|move: Light Screen\n|\n|upkeep\n|turn|23\n|\n|t:|1699190080\n|move|p1a: Yanmega|Bug Buzz|p2a: uuuuuuuuu\n|-supereffective|p2a: uuuuuuuuu\n|-damage|p2a: uuuuuuuuu|0 fnt\n|faint|p2a: uuuuuuuuu\n|-damage|p1a: Yanmega|81\/100|[from] item: Life Orb\n|\n|upkeep\n|\n|t:|1699190083\n|switch|p2a: Monstro|Annihilape, F|100\/100\n|turn|24\n|\n|t:|1699190089\n|move|p1a: Yanmega|Air Slash|p2a: Monstro\n|-supereffective|p2a: Monstro\n|-damage|p2a: Monstro|54\/100\n|-damage|p1a: Yanmega|71\/100|[from] item: Life Orb\n|move|p2a: Monstro|Bulk Up|p2a: Monstro\n|-boost|p2a: Monstro|atk|1\n|-boost|p2a: Monstro|def|1\n|\n|upkeep\n|turn|25\n|\n|t:|1699190095\n|move|p1a: Yanmega|Air Slash|p2a: Monstro\n|-supereffective|p2a: Monstro\n|-damage|p2a: Monstro|6\/100\n|-damage|p1a: Yanmega|62\/100|[from] item: Life Orb\n|move|p2a: Monstro|Rage Fist|p1a: Yanmega\n|-damage|p1a: Yanmega|0 fnt\n|faint|p1a: Yanmega\n|\n|upkeep\n|\n|t:|1699190104\n|switch|p1a: Arcanine|Arcanine, M|100\/100\n|-ability|p1a: Arcanine|Intimidate|boost\n|-unboost|p2a: Monstro|atk|1\n|-ability|p2a: Monstro|Defiant|boost\n|-boost|p2a: Monstro|atk|2\n|turn|26\n|\n|t:|1699190109\n|move|p2a: Monstro|Drain Punch|p1a: Arcanine\n|-damage|p1a: Arcanine|9\/100\n|-heal|p2a: Monstro|54\/100|[from] drain|[of] p1a: Arcanine\n|move|p1a: Arcanine|Flare Blitz|p2a: Monstro\n|-damage|p2a: Monstro|3\/100\n|-damage|p1a: Arcanine|0 fnt|[from] Recoil\n|faint|p1a: Arcanine\n|\n|upkeep\n|\n|t:|1699190114\n|switch|p1a: Brute Bonnet|Brute Bonnet|100\/100 par\n|turn|27\n|\n|t:|1699190116\n|move|p1a: Brute Bonnet|Sucker Punch|p2a: Monstro\n|-damage|p2a: Monstro|0 fnt\n|faint|p2a: Monstro\n|\n|win|Glaire\n|raw|Glaire's rating: 1165 &rarr; <strong>1187<\/strong><br \/>(+22 for winning)\n|raw|Senor Wooley's rating: 1124 &rarr; <strong>1102<\/strong><br \/>(-22 for losing)\n|c|\u2606Glaire|gg\n|l|\u2606Senor Wooley\n","uploadtime":1699190124,"views":4,"p1id":"glaire","p2id":"senorwooley","formatid":"gen9anythinggoes","rating":1102,"private":0,"password":""}