{"id":"gen9anythinggoes-1999068924","p1":"sendfreegifttome","p2":"Testingnewstratfr","format":"[Gen 9] Anything Goes","log":"|j|\u2606sendfreegifttome\n|j|\u2606Testingnewstratfr\n|t:|1701029829\n|gametype|singles\n|player|p1|sendfreegifttome|nate|\n|player|p2|Testingnewstratfr|janitor|\n|teamsize|p1|6\n|teamsize|p2|6\n|gen|9\n|tier|[Gen 9] Anything Goes\n|rule|HP Percentage Mod: HP is shown in percentages\n|rule|Endless Battle Clause: Forcing endless battles is banned\n|clearpoke\n|poke|p1|Ditto|\n|poke|p1|Ditto|\n|poke|p1|Ditto|\n|poke|p1|Ditto|\n|poke|p1|Calyrex-Shadow|\n|poke|p1|Houndstone, M|\n|poke|p2|Breloom, F|\n|poke|p2|Espathra, F|\n|poke|p2|Calyrex-Shadow|\n|poke|p2|Ogerpon-Hearthflame, F|\n|poke|p2|Mandibuzz, F|\n|poke|p2|Clodsire, M|\n|teampreview\n|inactive|Battle timer is ON: inactive players will automatically lose when time's up. (requested by sendfreegifttome)\n|inactive|Testingnewstratfr also wants the timer to be on.\n|\n|t:|1701029849\n|start\n|switch|p1a: Ditto|Ditto|100\/100\n|switch|p2a: Breloom|Breloom, F|100\/100\n|-transform|p1a: Ditto|p2a: Breloom|[from] ability: Imposter\n|turn|1\n|\n|t:|1701029855\n|-terastallize|p2a: Breloom|Ghost\n|move|p1a: Ditto|Spore|p2a: Breloom\n|-status|p2a: Breloom|slp|[from] move: Spore\n|cant|p2a: Breloom|slp\n|\n|upkeep\n|turn|2\n|\n|t:|1701029865\n|switch|p1a: Ditto|Ditto|100\/100\n|-transform|p1a: Ditto|p2a: Breloom|[from] ability: Imposter\n|switch|p2a: Ogerpon|Ogerpon-Hearthflame, F|100\/100\n|-ability|p2a: Ogerpon|Mold Breaker\n|\n|upkeep\n|-start|p1a: Ditto|typechange|Grass\/Fighting|[silent]\n|turn|3\n|\n|t:|1701029873\n|-singleturn|p1a: Ditto|move: Focus Punch\n|move|p2a: Ogerpon|Ivy Cudgel|p1a: Ditto|[anim] Ivy Cudgel Fire\n|-supereffective|p1a: Ditto\n|-damage|p1a: Ditto|0 fnt\n|faint|p1a: Ditto\n|\n|upkeep\n|\n|t:|1701029878\n|switch|p1a: Ditto|Ditto|100\/100\n|-transform|p1a: Ditto|p2a: Ogerpon|[from] ability: Imposter\n|-ability|p1a: Ditto|Mold Breaker\n|turn|4\n|\n|t:|1701029885\n|switch|p2a: Mandibuzz|Mandibuzz, F|100\/100\n|move|p1a: Ditto|Ivy Cudgel|p2a: Mandibuzz|[anim] Ivy Cudgel Fire\n|-damage|p2a: Mandibuzz|60\/100\n|\n|upkeep\n|turn|5\n|\n|t:|1701029890\n|move|p1a: Ditto|Ivy Cudgel|p2a: Mandibuzz|[anim] Ivy Cudgel Fire\n|-damage|p2a: Mandibuzz|22\/100\n|move|p2a: Mandibuzz|Roost|p2a: Mandibuzz\n|-heal|p2a: Mandibuzz|72\/100\n|-singleturn|p2a: Mandibuzz|move: Roost\n|\n|upkeep\n|turn|6\n|\n|t:|1701029897\n|move|p1a: Ditto|Ivy Cudgel|p2a: Mandibuzz|[anim] Ivy Cudgel Fire\n|-damage|p2a: Mandibuzz|35\/100\n|move|p2a: Mandibuzz|Roost|p2a: Mandibuzz\n|-heal|p2a: Mandibuzz|85\/100\n|-singleturn|p2a: Mandibuzz|move: Roost\n|\n|upkeep\n|turn|7\n|\n|t:|1701029901\n|move|p1a: Ditto|Ivy Cudgel|p2a: Mandibuzz|[anim] Ivy Cudgel Fire\n|-damage|p2a: Mandibuzz|44\/100\n|move|p2a: Mandibuzz|Roost|p2a: Mandibuzz\n|-heal|p2a: Mandibuzz|94\/100\n|-singleturn|p2a: Mandibuzz|move: Roost\n|\n|upkeep\n|turn|8\n|\n|t:|1701029906\n|move|p1a: Ditto|Ivy Cudgel|p2a: Mandibuzz|[anim] Ivy Cudgel Fire\n|-damage|p2a: Mandibuzz|56\/100\n|move|p2a: Mandibuzz|Roost|p2a: Mandibuzz\n|-heal|p2a: Mandibuzz|100\/100\n|-singleturn|p2a: Mandibuzz|move: Roost\n|\n|upkeep\n|turn|9\n|\n|t:|1701029911\n|-activate|p1a: Ditto|move: Struggle\n|move|p1a: Ditto|Struggle|p2a: Mandibuzz\n|-damage|p2a: Mandibuzz|88\/100\n|-damage|p1a: Ditto|75\/100|[from] recoil\n|move|p2a: Mandibuzz|U-turn|p1a: Ditto\n|-damage|p1a: Ditto|62\/100\n|\n|t:|1701029914\n|switch|p2a: Breloom|Breloom, F, tera:Ghost|100\/100 slp|[from] U-turn\n|\n|upkeep\n|turn|10\n|\n|t:|1701029919\n|-activate|p1a: Ditto|move: Struggle\n|move|p1a: Ditto|Struggle|p2a: Breloom\n|-damage|p2a: Breloom|75\/100 slp\n|-damage|p1a: Ditto|37\/100|[from] recoil\n|cant|p2a: Breloom|slp\n|\n|upkeep\n|turn|11\n|\n|t:|1701029925\n|switch|p1a: Calyrex|Calyrex-Shadow|100\/100\n|-ability|p1a: Calyrex|As One\n|-ability|p1a: Calyrex|Unnerve\n|-curestatus|p2a: Breloom|slp|[msg]\n|move|p2a: Breloom|Substitute|p2a: Breloom\n|-start|p2a: Breloom|Substitute\n|-damage|p2a: Breloom|50\/100\n|\n|-status|p2a: Breloom|tox|[from] item: Toxic Orb\n|upkeep\n|turn|12\n|\n|t:|1701029933\n|move|p1a: Calyrex|Nasty Plot|p1a: Calyrex\n|-boost|p1a: Calyrex|spa|2\n|move|p2a: Breloom|Spore|p1a: Calyrex\n|-status|p1a: Calyrex|slp|[from] move: Spore\n|\n|-heal|p2a: Breloom|62\/100 tox|[from] ability: Poison Heal\n|upkeep\n|turn|13\n|\n|t:|1701029939\n|cant|p1a: Calyrex|slp\n|move|p2a: Breloom|Bullet Seed|p1a: Calyrex\n|-damage|p1a: Calyrex|83\/100 slp\n|-damage|p1a: Calyrex|67\/100 slp\n|-damage|p1a: Calyrex|52\/100 slp\n|-damage|p1a: Calyrex|36\/100 slp\n|-damage|p1a: Calyrex|20\/100 slp\n|-hitcount|p1a: Calyrex|5\n|\n|-heal|p2a: Breloom|75\/100 tox|[from] ability: Poison Heal\n|upkeep\n|turn|14\n|\n|t:|1701029946\n|-curestatus|p1a: Calyrex|slp|[msg]\n|move|p1a: Calyrex|Astral Barrage|p2a: Breloom\n|-supereffective|p2a: Breloom\n|-end|p2a: Breloom|Substitute\n|move|p2a: Breloom|Bullet Seed|p1a: Calyrex\n|-damage|p1a: Calyrex|4\/100\n|-damage|p1a: Calyrex|0 fnt\n|faint|p1a: Calyrex\n|-hitcount|p1: Calyrex|2\n|\n|-heal|p2a: Breloom|87\/100 tox|[from] ability: Poison Heal\n|upkeep\n|\n|t:|1701029951\n|switch|p1a: Houndstone|Houndstone, M|100\/100\n|turn|15\n|\n|t:|1701029963\n|-terastallize|p1a: Houndstone|Ghost\n|move|p1a: Houndstone|Shadow Sneak|p2a: Breloom\n|-supereffective|p2a: Breloom\n|-damage|p2a: Breloom|0 fnt\n|faint|p2a: Breloom\n|\n|upkeep\n|\n|t:|1701029973\n|switch|p2a: Mandibuzz|Mandibuzz, F|88\/100\n|turn|16\n|\n|t:|1701029978\n|switch|p1a: Ditto|Ditto|37\/100\n|-transform|p1a: Ditto|p2a: Mandibuzz|[from] ability: Imposter\n|move|p2a: Mandibuzz|Knock Off|p1a: Ditto\n|-resisted|p1a: Ditto\n|-damage|p1a: Ditto|24\/100\n|-enditem|p1a: Ditto|Choice Scarf|[from] move: Knock Off|[of] p2a: Mandibuzz\n|\n|upkeep\n|turn|17\n|\n|t:|1701029986\n|move|p1a: Ditto|Roost|p1a: Ditto\n|-heal|p1a: Ditto|74\/100\n|-singleturn|p1a: Ditto|move: Roost\n|move|p2a: Mandibuzz|U-turn|p1a: Ditto\n|-supereffective|p1a: Ditto\n|-damage|p1a: Ditto|50\/100\n|\n|t:|1701029991\n|switch|p2a: Calyrex|Calyrex-Shadow|100\/100|[from] U-turn\n|-ability|p2a: Calyrex|As One\n|-ability|p2a: Calyrex|Unnerve\n|\n|upkeep\n|turn|18\n|\n|t:|1701030000\n|switch|p2a: Ogerpon|Ogerpon-Hearthflame, F|100\/100\n|-ability|p2a: Ogerpon|Mold Breaker\n|move|p1a: Ditto|Knock Off|p2a: Ogerpon\n|-damage|p2a: Ogerpon|81\/100\n|\n|upkeep\n|turn|19\n|\n|t:|1701030009\n|move|p2a: Ogerpon|Ivy Cudgel|p1a: Ditto|[anim] Ivy Cudgel Fire\n|-damage|p1a: Ditto|0 fnt\n|faint|p1a: Ditto\n|\n|upkeep\n|\n|t:|1701030012\n|switch|p1a: Ditto|Ditto|100\/100\n|-transform|p1a: Ditto|p2a: Ogerpon|[from] ability: Imposter\n|-ability|p1a: Ditto|Mold Breaker\n|turn|20\n|\n|t:|1701030019\n|switch|p2a: Clodsire|Clodsire, M|100\/100\n|move|p1a: Ditto|Ivy Cudgel|p2a: Clodsire|[anim] Ivy Cudgel Fire\n|-damage|p2a: Clodsire|50\/100\n|\n|-heal|p2a: Clodsire|56\/100|[from] item: Leftovers\n|upkeep\n|turn|21\n|\n|t:|1701030025\n|move|p1a: Ditto|Ivy Cudgel|p2a: Clodsire|[anim] Ivy Cudgel Fire\n|-damage|p2a: Clodsire|6\/100\n|move|p2a: Clodsire|Toxic|p1a: Ditto\n|-status|p1a: Ditto|tox\n|\n|-heal|p2a: Clodsire|12\/100|[from] item: Leftovers\n|-damage|p1a: Ditto|94\/100 tox|[from] psn\n|upkeep\n|turn|22\n|\n|t:|1701030030\n|move|p1a: Ditto|Ivy Cudgel|p2a: Clodsire|[anim] Ivy Cudgel Fire\n|-crit|p2a: Clodsire\n|-damage|p2a: Clodsire|0 fnt\n|faint|p2a: Clodsire\n|\n|-damage|p1a: Ditto|82\/100 tox|[from] psn\n|upkeep\n|\n|t:|1701030037\n|switch|p2a: Espathra|Espathra, F|100\/100\n|turn|23\n|\n|t:|1701030040\n|switch|p1a: Ditto|Ditto|100\/100\n|-transform|p1a: Ditto|p2a: Espathra|[from] ability: Imposter\n|move|p2a: Espathra|Protect||[still]\n|-fail|p2a: Espathra\n|\n|-ability|p2a: Espathra|Speed Boost|boost\n|-boost|p2a: Espathra|spe|1\n|upkeep\n|turn|24\n|\n|t:|1701030052\n|move|p1a: Ditto|Protect|p1a: Ditto\n|-singleturn|p1a: Ditto|Protect\n|move|p2a: Espathra|Protect||[still]\n|-fail|p2a: Espathra\n|\n|-ability|p1a: Ditto|Speed Boost|boost\n|-boost|p1a: Ditto|spe|1\n|-ability|p2a: Espathra|Speed Boost|boost\n|-boost|p2a: Espathra|spe|1\n|upkeep\n|turn|25\n|\n|t:|1701030059\n|switch|p1a: Houndstone|Houndstone, M, tera:Ghost|100\/100\n|move|p2a: Espathra|Calm Mind|p2a: Espathra\n|-boost|p2a: Espathra|spa|1\n|-boost|p2a: Espathra|spd|1\n|\n|-ability|p2a: Espathra|Speed Boost|boost\n|-boost|p2a: Espathra|spe|1\n|upkeep\n|turn|26\n|\n|t:|1701030064\n|move|p2a: Espathra|Protect|p2a: Espathra\n|-singleturn|p2a: Espathra|Protect\n|move|p1a: Houndstone|Shadow Sneak|p2a: Espathra\n|-activate|p2a: Espathra|move: Protect\n|\n|-ability|p2a: Espathra|Speed Boost|boost\n|-boost|p2a: Espathra|spe|1\n|upkeep\n|turn|27\n|\n|t:|1701030069\n|switch|p2a: Mandibuzz|Mandibuzz, F|88\/100\n|move|p1a: Houndstone|Shadow Sneak|p2a: Mandibuzz\n|-resisted|p2a: Mandibuzz\n|-damage|p2a: Mandibuzz|74\/100\n|\n|upkeep\n|turn|28\n|\n|t:|1701030074\n|switch|p1a: Ditto|Ditto|82\/100 tox\n|-transform|p1a: Ditto|p2a: Mandibuzz|[from] ability: Imposter\n|move|p2a: Mandibuzz|U-turn|p1a: Ditto\n|-damage|p1a: Ditto|70\/100 tox\n|\n|t:|1701030079\n|switch|p2a: Ogerpon|Ogerpon-Hearthflame, F|81\/100|[from] U-turn\n|-ability|p2a: Ogerpon|Mold Breaker\n|\n|-damage|p1a: Ditto|64\/100 tox|[from] psn\n|upkeep\n|turn|29\n|\n|t:|1701030084\n|move|p2a: Ogerpon|Ivy Cudgel|p1a: Ditto|[anim] Ivy Cudgel Fire\n|-crit|p1a: Ditto\n|-damage|p1a: Ditto|0 fnt\n|faint|p1a: Ditto\n|\n|upkeep\n|\n|t:|1701030087\n|switch|p1a: Ditto|Ditto|100\/100\n|-transform|p1a: Ditto|p2a: Ogerpon|[from] ability: Imposter\n|-ability|p1a: Ditto|Mold Breaker\n|turn|30\n|\n|t:|1701030093\n|switch|p2a: Calyrex|Calyrex-Shadow|100\/100\n|-ability|p2a: Calyrex|As One\n|-ability|p2a: Calyrex|Unnerve\n|move|p1a: Ditto|Ivy Cudgel|p2a: Calyrex|[anim] Ivy Cudgel Fire\n|-damage|p2a: Calyrex|40\/100\n|\n|upkeep\n|turn|31\n|\n|t:|1701030098\n|move|p1a: Ditto|Ivy Cudgel|p2a: Calyrex|[anim] Ivy Cudgel Fire\n|-damage|p2a: Calyrex|0 fnt\n|faint|p2a: Calyrex\n|\n|upkeep\n|\n|t:|1701030113\n|switch|p2a: Espathra|Espathra, F|100\/100\n|turn|32\n|\n|t:|1701030117\n|move|p2a: Espathra|Protect|p2a: Espathra\n|-singleturn|p2a: Espathra|Protect\n|move|p1a: Ditto|Ivy Cudgel|p2a: Espathra|[anim] Ivy Cudgel Fire\n|-activate|p2a: Espathra|move: Protect\n|\n|-ability|p2a: Espathra|Speed Boost|boost\n|-boost|p2a: Espathra|spe|1\n|upkeep\n|turn|33\n|\n|t:|1701030119\n|move|p1a: Ditto|Ivy Cudgel|p2a: Espathra|[anim] Ivy Cudgel Fire\n|-damage|p2a: Espathra|62\/100\n|move|p2a: Espathra|Calm Mind|p2a: Espathra\n|-boost|p2a: Espathra|spa|1\n|-boost|p2a: Espathra|spd|1\n|\n|-ability|p2a: Espathra|Speed Boost|boost\n|-boost|p2a: Espathra|spe|1\n|upkeep\n|turn|34\n|\n|t:|1701030124\n|switch|p1a: Houndstone|Houndstone, M, tera:Ghost|100\/100\n|move|p2a: Espathra|Protect||[still]\n|-fail|p2a: Espathra\n|\n|-ability|p2a: Espathra|Speed Boost|boost\n|-boost|p2a: Espathra|spe|1\n|upkeep\n|turn|35\n|\n|t:|1701030131\n|switch|p2a: Mandibuzz|Mandibuzz, F|74\/100\n|move|p1a: Houndstone|Last Respects|p2a: Mandibuzz\n|-resisted|p2a: Mandibuzz\n|-damage|p2a: Mandibuzz|0 fnt\n|faint|p2a: Mandibuzz\n|\n|upkeep\n|\n|t:|1701030140\n|switch|p2a: Ogerpon|Ogerpon-Hearthflame, F|81\/100\n|-ability|p2a: Ogerpon|Mold Breaker\n|turn|36\n|\n|t:|1701030142\n|move|p2a: Ogerpon|Ivy Cudgel|p1a: Houndstone|[anim] Ivy Cudgel Fire\n|-crit|p1a: Houndstone\n|-damage|p1a: Houndstone|0 fnt\n|faint|p1a: Houndstone\n|\n|upkeep\n|\n|t:|1701030146\n|switch|p1a: Ditto|Ditto|100\/100\n|-transform|p1a: Ditto|p2a: Ogerpon|[from] ability: Imposter\n|-ability|p1a: Ditto|Mold Breaker\n|turn|37\n|\n|t:|1701030150\n|move|p1a: Ditto|Ivy Cudgel|p2a: Ogerpon|[anim] Ivy Cudgel Fire\n|-damage|p2a: Ogerpon|14\/100\n|move|p2a: Ogerpon|Ivy Cudgel|p1a: Ditto|[anim] Ivy Cudgel Fire\n|-damage|p1a: Ditto|20\/100\n|\n|upkeep\n|turn|38\n|\n|t:|1701030155\n|move|p1a: Ditto|Ivy Cudgel|p2a: Ogerpon|[anim] Ivy Cudgel Fire\n|-damage|p2a: Ogerpon|0 fnt\n|faint|p2a: Ogerpon\n|\n|upkeep\n|\n|t:|1701030157\n|switch|p2a: Espathra|Espathra, F|62\/100\n|turn|39\n|\n|t:|1701030159\n|move|p2a: Espathra|Protect|p2a: Espathra\n|-singleturn|p2a: Espathra|Protect\n|move|p1a: Ditto|Ivy Cudgel|p2a: Espathra|[anim] Ivy Cudgel Fire\n|-activate|p2a: Espathra|move: Protect\n|\n|-ability|p2a: Espathra|Speed Boost|boost\n|-boost|p2a: Espathra|spe|1\n|upkeep\n|turn|40\n|\n|t:|1701030162\n|move|p1a: Ditto|Ivy Cudgel|p2a: Espathra|[anim] Ivy Cudgel Fire\n|-damage|p2a: Espathra|17\/100\n|move|p2a: Espathra|Stored Power|p1a: Ditto\n|-crit|p1a: Ditto\n|-damage|p1a: Ditto|0 fnt\n|faint|p1a: Ditto\n|\n|win|Testingnewstratfr\n","uploadtime":1701030173,"views":2,"p1id":"sendfreegifttome","p2id":"testingnewstratfr","formatid":"gen9anythinggoes","rating":0,"private":0,"password":""}