{"id":"gen9anythinggoes-1990334294","p1":"imp9024","p2":"Wahib BH","format":"[Gen 9] Anything Goes","log":"|j|\u2606imp9024\n|j|\u2606Wahib BH\n|t:|1699958355\n|gametype|singles\n|player|p1|imp9024|lass-gen4dp|1292\n|player|p2|Wahib BH|1|1280\n|teamsize|p1|6\n|teamsize|p2|6\n|gen|9\n|tier|[Gen 9] Anything Goes\n|rated|\n|rule|HP Percentage Mod: HP is shown in percentages\n|rule|Endless Battle Clause: Forcing endless battles is banned\n|clearpoke\n|poke|p1|Glimmora, F|\n|poke|p1|Arceus|\n|poke|p1|Arceus|\n|poke|p1|Arboliva, F|\n|poke|p1|Chien-Pao|\n|poke|p1|Rayquaza|\n|poke|p2|Gyarados, M|\n|poke|p2|Calyrex-Shadow|\n|poke|p2|Ting-Lu|\n|poke|p2|Dragapult, M|\n|poke|p2|Iron Moth|\n|poke|p2|Zapdos|\n|teampreview\n|c|\u2606imp9024|have fun\n|\n|t:|1699958367\n|start\n|switch|p1a: im gonna die|Glimmora, F|100\/100\n|switch|p2a: Gyarados|Gyarados, M, shiny|100\/100\n|turn|1\n|\n|t:|1699958372\n|-terastallize|p2a: Gyarados|Ground\n|move|p1a: im gonna die|Stealth Rock|p2a: Gyarados\n|-sidestart|p2: Wahib BH|move: Stealth Rock\n|move|p2a: Gyarados|Dragon Dance|p2a: Gyarados\n|-boost|p2a: Gyarados|atk|1\n|-boost|p2a: Gyarados|spe|1\n|\n|upkeep\n|turn|2\n|\n|t:|1699958385\n|move|p2a: Gyarados|Earthquake|p1a: im gonna die\n|-supereffective|p1a: im gonna die\n|-enditem|p1a: im gonna die|Focus Sash\n|-damage|p1a: im gonna die|1\/100\n|-activate|p1a: im gonna die|ability: Toxic Debris\n|-sidestart|p2: Wahib BH|move: Toxic Spikes\n|move|p1a: im gonna die|Spikes|p2a: Gyarados\n|-sidestart|p2: Wahib BH|Spikes\n|\n|upkeep\n|turn|3\n|\n|t:|1699958402\n|move|p2a: Gyarados|Dragon Dance|p2a: Gyarados\n|-boost|p2a: Gyarados|atk|1\n|-boost|p2a: Gyarados|spe|1\n|move|p1a: im gonna die|Spikes|p2a: Gyarados\n|-sidestart|p2: Wahib BH|Spikes\n|\n|upkeep\n|turn|4\n|\n|t:|1699958410\n|move|p2a: Gyarados|Iron Head|p1a: im gonna die\n|-supereffective|p1a: im gonna die\n|-damage|p1a: im gonna die|0 fnt\n|-activate|p1a: im gonna die|ability: Toxic Debris\n|-sidestart|p2: Wahib BH|move: Toxic Spikes\n|faint|p1a: im gonna die\n|-ability|p2a: Gyarados|Moxie|boost\n|-boost|p2a: Gyarados|atk|1\n|\n|upkeep\n|\n|t:|1699958417\n|switch|p1a: pls stop|Rayquaza|100\/100\n|-ability|p1a: pls stop|Air Lock\n|turn|5\n|\n|t:|1699958423\n|-terastallize|p1a: pls stop|Normal\n|move|p1a: pls stop|Extreme Speed|p2a: Gyarados\n|-damage|p2a: Gyarados|0 fnt\n|faint|p2a: Gyarados\n|\n|upkeep\n|\n|t:|1699958431\n|switch|p2a: Iron Moth|Iron Moth, shiny|100\/100\n|-sideend|p2: Wahib BH|move: Toxic Spikes|[of] p2a: Iron Moth\n|turn|6\n|\n|t:|1699958438\n|move|p1a: pls stop|Extreme Speed|p2a: Iron Moth\n|-damage|p2a: Iron Moth|0 fnt\n|faint|p2a: Iron Moth\n|-end|p2a: Iron Moth|Quark Drive|[silent]\n|\n|upkeep\n|\n|t:|1699958442\n|switch|p2a: Calyrex|Calyrex-Shadow|100\/100\n|-ability|p2a: Calyrex|As One\n|-ability|p2a: Calyrex|Unnerve\n|-damage|p2a: Calyrex|88\/100|[from] Stealth Rock\n|-damage|p2a: Calyrex|72\/100|[from] Spikes\n|turn|7\n|\n|t:|1699958449\n|switch|p1a: stop|Chien-Pao|100\/100\n|-ability|p1a: stop|Sword of Ruin\n|move|p2a: Calyrex|Psychic|p1a: stop\n|-immune|p1a: stop\n|\n|upkeep\n|turn|8\n|\n|t:|1699958456\n|move|p1a: stop|Sucker Punch|p2a: Calyrex\n|-supereffective|p2a: Calyrex\n|-damage|p2a: Calyrex|0 fnt\n|faint|p2a: Calyrex\n|\n|upkeep\n|l|\u2606Wahib BH\n|player|p2|\n|inactive|Battle timer is ON: inactive players will automatically lose when time's up. (requested by imp9024)\n|inactive|Wahib BH has 30 seconds to reconnect!\n|inactive|Wahib BH has 20 seconds to reconnect!\n|inactive|Wahib BH has 15 seconds to reconnect!\n|inactive|Wahib BH has 10 seconds to reconnect!\n|inactive|Wahib BH has 5 seconds to reconnect!\n|-message|Wahib BH lost due to inactivity.\n|\n|win|imp9024\n|raw|imp9024's rating: 1292 &rarr; <strong>1316<\/strong><br \/>(+24 for winning)\n|raw|Wahib BH's rating: 1280 &rarr; <strong>1256<\/strong><br \/>(-24 for losing)\n","uploadtime":1699958543,"views":9,"p1id":"imp9024","p2id":"wahibbh","formatid":"gen9anythinggoes","rating":1256,"private":0,"password":""}