{"id":"gen9anythinggoes-1986765013","p1":"KiwiFlorauna","p2":"Captain Carbs","format":"[Gen 9] Anything Goes","log":"|j|\u2606KiwiFlorauna\n|j|\u2606Captain Carbs\n|t:|1699521621\n|gametype|singles\n|player|p1|KiwiFlorauna|102|1108\n|player|p2|Captain Carbs|hiker-gen4|1188\n|teamsize|p1|6\n|teamsize|p2|6\n|gen|9\n|tier|[Gen 9] Anything Goes\n|rated|\n|rule|HP Percentage Mod: HP is shown in percentages\n|rule|Endless Battle Clause: Forcing endless battles is banned\n|clearpoke\n|poke|p1|Volcarona, F|\n|poke|p1|Clefable, M|\n|poke|p1|Mimikyu, M|\n|poke|p1|Kingambit, F|\n|poke|p1|Espathra, F|\n|poke|p1|Vivillon, M|\n|poke|p2|Shaymin-Sky|\n|poke|p2|Mewtwo|\n|poke|p2|Gyarados, F|\n|poke|p2|Scovillain, F|\n|poke|p2|Scizor, F|\n|poke|p2|Calyrex-Shadow|\n|teampreview\n|inactive|Battle timer is ON: inactive players will automatically lose when time's up. (requested by Captain Carbs)\n|\n|t:|1699521630\n|start\n|switch|p1a: Vivillon|Vivillon, M|100\/100\n|switch|p2a: Nip Nip :D :D|Scovillain, F|100\/100\n|turn|1\n|\n|t:|1699521639\n|move|p1a: Vivillon|Hurricane|p2a: Nip Nip :D :D\n|-supereffective|p2a: Nip Nip :D :D\n|-damage|p2a: Nip Nip :D :D|0 fnt\n|faint|p2a: Nip Nip :D :D\n|\n|upkeep\n|\n|t:|1699521644\n|switch|p2a: Shaniqua From HR|Gyarados, F|100\/100\n|turn|2\n|\n|t:|1699521661\n|move|p2a: Shaniqua From HR|Dragon Dance|p2a: Shaniqua From HR\n|-boost|p2a: Shaniqua From HR|atk|1\n|-boost|p2a: Shaniqua From HR|spe|1\n|move|p1a: Vivillon|Sleep Powder|p2a: Shaniqua From HR\n|-status|p2a: Shaniqua From HR|slp|[from] move: Sleep Powder\n|-enditem|p2a: Shaniqua From HR|Lum Berry|[eat]\n|-curestatus|p2a: Shaniqua From HR|slp|[msg]\n|\n|upkeep\n|turn|3\n|\n|t:|1699521668\n|move|p2a: Shaniqua From HR|Iron Head|p1a: Vivillon\n|-damage|p1a: Vivillon|23\/100\n|move|p1a: Vivillon|Sleep Powder|p2a: Shaniqua From HR\n|-status|p2a: Shaniqua From HR|slp|[from] move: Sleep Powder\n|\n|upkeep\n|turn|4\n|\n|t:|1699521674\n|cant|p2a: Shaniqua From HR|slp\n|move|p1a: Vivillon|Quiver Dance|p1a: Vivillon\n|-boost|p1a: Vivillon|spa|1\n|-boost|p1a: Vivillon|spd|1\n|-boost|p1a: Vivillon|spe|1\n|\n|upkeep\n|turn|5\n|inactive|Captain Carbs has 120 seconds left.\n|inactive|Captain Carbs has 90 seconds left.\n|\n|t:|1699521744\n|cant|p2a: Shaniqua From HR|slp\n|move|p1a: Vivillon|Hurricane|p2a: Shaniqua From HR\n|-damage|p2a: Shaniqua From HR|32\/100 slp\n|\n|upkeep\n|turn|6\n|\n|t:|1699521751\n|cant|p2a: Shaniqua From HR|slp\n|move|p1a: Vivillon|Hurricane|p2a: Shaniqua From HR\n|-damage|p2a: Shaniqua From HR|0 fnt\n|faint|p2a: Shaniqua From HR\n|\n|upkeep\n|\n|t:|1699521757\n|switch|p2a: Fed Mantis|Scizor, F|100\/100\n|turn|7\n|\n|t:|1699521768\n|move|p2a: Fed Mantis|Bullet Punch|p1a: Vivillon\n|-damage|p1a: Vivillon|0 fnt\n|faint|p1a: Vivillon\n|\n|upkeep\n|\n|t:|1699521778\n|switch|p1a: Rosa|Volcarona, F|100\/100\n|turn|8\n|\n|t:|1699521783\n|move|p1a: Rosa|Quiver Dance|p1a: Rosa\n|-boost|p1a: Rosa|spa|1\n|-boost|p1a: Rosa|spd|1\n|-boost|p1a: Rosa|spe|1\n|move|p2a: Fed Mantis|Double Team|p2a: Fed Mantis\n|-boost|p2a: Fed Mantis|evasion|1\n|\n|upkeep\n|turn|9\n|\n|t:|1699521788\n|move|p1a: Rosa|Fiery Dance|p2a: Fed Mantis\n|-supereffective|p2a: Fed Mantis\n|-damage|p2a: Fed Mantis|0 fnt\n|faint|p2a: Fed Mantis\n|\n|upkeep\n|\n|t:|1699521791\n|switch|p2a: Juicero\u2122 Juicer|Mewtwo|100\/100\n|-ability|p2a: Juicero\u2122 Juicer|Pressure\n|turn|10\n|\n|t:|1699521803\n|-terastallize|p2a: Juicero\u2122 Juicer|Poison\n|move|p1a: Rosa|Bug Buzz|p2a: Juicero\u2122 Juicer\n|-resisted|p2a: Juicero\u2122 Juicer\n|-crit|p2a: Juicero\u2122 Juicer\n|-damage|p2a: Juicero\u2122 Juicer|65\/100\n|move|p2a: Juicero\u2122 Juicer|Disable|p1a: Rosa\n|-start|p1a: Rosa|Disable|Bug Buzz\n|\n|-heal|p2a: Juicero\u2122 Juicer|71\/100|[from] item: Leftovers\n|upkeep\n|turn|11\n|\n|t:|1699521813\n|move|p1a: Rosa|Quiver Dance|p1a: Rosa\n|-boost|p1a: Rosa|spa|1\n|-boost|p1a: Rosa|spd|1\n|-boost|p1a: Rosa|spe|1\n|move|p2a: Juicero\u2122 Juicer|Spite|p1a: Rosa\n|-activate|p1a: Rosa|move: Spite|Quiver Dance|4\n|\n|-heal|p2a: Juicero\u2122 Juicer|77\/100|[from] item: Leftovers\n|upkeep\n|turn|12\n|\n|t:|1699521820\n|move|p1a: Rosa|Quiver Dance|p1a: Rosa\n|-boost|p1a: Rosa|spa|1\n|-boost|p1a: Rosa|spd|1\n|-boost|p1a: Rosa|spe|1\n|move|p2a: Juicero\u2122 Juicer|Spite|p1a: Rosa\n|-activate|p1a: Rosa|move: Spite|Quiver Dance|4\n|\n|-heal|p2a: Juicero\u2122 Juicer|83\/100|[from] item: Leftovers\n|upkeep\n|turn|13\n|\n|t:|1699521828\n|move|p1a: Rosa|Quiver Dance|p1a: Rosa\n|-boost|p1a: Rosa|spa|1\n|-boost|p1a: Rosa|spd|1\n|-boost|p1a: Rosa|spe|1\n|move|p2a: Juicero\u2122 Juicer|Substitute|p2a: Juicero\u2122 Juicer\n|-start|p2a: Juicero\u2122 Juicer|Substitute\n|-damage|p2a: Juicero\u2122 Juicer|59\/100\n|\n|-heal|p2a: Juicero\u2122 Juicer|65\/100|[from] item: Leftovers\n|upkeep\n|turn|14\n|\n|t:|1699521835\n|move|p2a: Juicero\u2122 Juicer|Protect|p2a: Juicero\u2122 Juicer\n|-singleturn|p2a: Juicero\u2122 Juicer|Protect\n|move|p1a: Rosa|Giga Drain|p2a: Juicero\u2122 Juicer\n|-activate|p2a: Juicero\u2122 Juicer|move: Protect\n|\n|-heal|p2a: Juicero\u2122 Juicer|71\/100|[from] item: Leftovers\n|-end|p1a: Rosa|Disable\n|upkeep\n|turn|15\n|\n|t:|1699521842\n|move|p1a: Rosa|Giga Drain|p2a: Juicero\u2122 Juicer\n|-resisted|p2a: Juicero\u2122 Juicer\n|-end|p2a: Juicero\u2122 Juicer|Substitute\n|move|p2a: Juicero\u2122 Juicer|Disable|p1a: Rosa\n|-start|p1a: Rosa|Disable|Giga Drain\n|\n|-heal|p2a: Juicero\u2122 Juicer|77\/100|[from] item: Leftovers\n|upkeep\n|turn|16\n|\n|t:|1699521848\n|move|p1a: Rosa|Bug Buzz|p2a: Juicero\u2122 Juicer\n|-resisted|p2a: Juicero\u2122 Juicer\n|-crit|p2a: Juicero\u2122 Juicer\n|-damage|p2a: Juicero\u2122 Juicer|2\/100\n|move|p2a: Juicero\u2122 Juicer|Spite|p1a: Rosa\n|-activate|p1a: Rosa|move: Spite|Bug Buzz|4\n|\n|-heal|p2a: Juicero\u2122 Juicer|8\/100|[from] item: Leftovers\n|upkeep\n|turn|17\n|\n|t:|1699521858\n|move|p2a: Juicero\u2122 Juicer|Protect|p2a: Juicero\u2122 Juicer\n|-singleturn|p2a: Juicero\u2122 Juicer|Protect\n|move|p1a: Rosa|Fiery Dance|p2a: Juicero\u2122 Juicer\n|-activate|p2a: Juicero\u2122 Juicer|move: Protect\n|\n|-heal|p2a: Juicero\u2122 Juicer|14\/100|[from] item: Leftovers\n|upkeep\n|turn|18\n|\n|t:|1699521862\n|move|p2a: Juicero\u2122 Juicer|Protect||[still]\n|-fail|p2a: Juicero\u2122 Juicer\n|move|p1a: Rosa|Fiery Dance|p2a: Juicero\u2122 Juicer\n|-damage|p2a: Juicero\u2122 Juicer|0 fnt\n|-boost|p1a: Rosa|spa|1\n|faint|p2a: Juicero\u2122 Juicer\n|\n|upkeep\n|\n|t:|1699521867\n|switch|p2a: Stop Flinching!|Shaymin-Sky, shiny|100\/100\n|turn|19\n|\n|t:|1699521870\n|move|p1a: Rosa|Fiery Dance|p2a: Stop Flinching!\n|-supereffective|p2a: Stop Flinching!\n|-damage|p2a: Stop Flinching!|0 fnt\n|-boost|p1a: Rosa|spa|1\n|faint|p2a: Stop Flinching!\n|\n|-end|p1a: Rosa|Disable\n|upkeep\n|\n|t:|1699521874\n|switch|p2a:  |Calyrex-Shadow|100\/100\n|-ability|p2a:  |As One\n|-ability|p2a:  |Unnerve\n|turn|20\n|\n|t:|1699521882\n|move|p1a: Rosa|Bug Buzz|p2a:  \n|-damage|p2a:  |0 fnt\n|faint|p2a:  \n|\n|win|KiwiFlorauna\n|raw|KiwiFlorauna's rating: 1108 &rarr; <strong>1139<\/strong><br \/>(+31 for winning)\n|raw|Captain Carbs's rating: 1188 &rarr; <strong>1157<\/strong><br \/>(-31 for losing)\n|l|\u2606Captain Carbs\n|c|\u2606KiwiFlorauna|gg\n","uploadtime":1699522113,"views":26,"p1id":"kiwiflorauna","p2id":"captaincarbs","formatid":"gen9anythinggoes","rating":1139,"private":0,"password":""}