{"id":"gen9anythinggoes-1994157417","p1":"Chigusta Aalinks","p2":"Dilon878","format":"[Gen 9] Anything Goes","log":"|j|\u2606Chigusta Aalinks\n|j|\u2606Dilon878\n|t:|1700413541\n|gametype|singles\n|player|p1|Chigusta Aalinks|tulip|\n|player|p2|Dilon878|fisherman-gen4|\n|teamsize|p1|6\n|teamsize|p2|6\n|gen|9\n|tier|[Gen 9] Anything Goes\n|rule|HP Percentage Mod: HP is shown in percentages\n|rule|Endless Battle Clause: Forcing endless battles is banned\n|clearpoke\n|poke|p1|Zangoose, M|\n|poke|p1|Hoopa-Unbound|\n|poke|p1|Mamoswine, M|\n|poke|p1|Gyarados, M|\n|poke|p1|Gholdengo|\n|poke|p1|Greninja-*, F|\n|poke|p2|Chi-Yu|\n|poke|p2|Rotom-Wash|\n|poke|p2|Grimmsnarl, M|\n|poke|p2|Regidrago|\n|poke|p2|Breloom, M|\n|poke|p2|Vikavolt, M|\n|teampreview\n|c|\u2606Chigusta Aalinks|glhf!\n|c|\u2606Dilon878|you too!\n|j| dancingnightmare\n|j| FLOOR IT\n|j| Ryno5311\n|c| FLOOR IT|Get him Ace_bear\n|c|\u2606Chigusta Aalinks|xD\n|l|\u2606Dilon878\n|player|p2|\n|j|\u2606Dilon878\n|player|p2|Dilon878|fisherman-gen4\n|l| dancingnightmare\n|j| TheJoeyGuy\n|j| dancingnightmare\n|\n|t:|1700413641\n|start\n|switch|p1a: Ryans Car|Mamoswine, M|100\/100\n|switch|p2a: Vikavolt|Vikavolt, M|100\/100\n|turn|1\n|c| FLOOR IT|You drive a mamoswine Ace? Or is the food truck shaped like one?\n|c|\u2606Chigusta Aalinks|We used to ride these babies for miles\n|l|\u2606Dilon878\n|player|p2|\n|j|\u2606Dilon878\n|player|p2|Dilon878|fisherman-gen4\n|c| Ryno5311|Its not a boulder\n|\n|t:|1700413739\n|move|p1a: Ryans Car|Trailblaze|p2a: Vikavolt\n|-resisted|p2a: Vikavolt\n|-damage|p2a: Vikavolt|94\/100\n|-boost|p1a: Ryans Car|spe|1\n|move|p2a: Vikavolt|Sticky Web|p1a: Ryans Car\n|-sidestart|p1: Chigusta Aalinks|move: Sticky Web\n|\n|upkeep\n|turn|2\n|c| FLOOR IT|Its a rock\n|\n|t:|1700413769\n|switch|p2a: Rotom|Rotom-Wash|100\/100\n|move|p1a: Ryans Car|Smack Down|p2a: Rotom\n|-damage|p2a: Rotom|78\/100\n|-start|p2a: Rotom|Smack Down\n|\n|-heal|p2a: Rotom|84\/100|[from] item: Leftovers\n|upkeep\n|turn|3\n|\n|t:|1700413788\n|switch|p2a: Vikavolt|Vikavolt, M|94\/100\n|move|p1a: Ryans Car|Earthquake|p2a: Vikavolt\n|-immune|p2a: Vikavolt|[from] ability: Levitate\n|\n|upkeep\n|turn|4\n|c| Ryno5311|Like a book\n|\n|t:|1700413806\n|switch|p2a: Regidrago|Regidrago, shiny|100\/100\n|move|p1a: Ryans Car|Smack Down|p2a: Regidrago\n|-damage|p2a: Regidrago|81\/100\n|\n|upkeep\n|turn|5\n|\n|t:|1700413814\n|move|p1a: Ryans Car|Icicle Crash|p2a: Regidrago|[miss]\n|-miss|p1a: Ryans Car|p2a: Regidrago\n|move|p2a: Regidrago|Substitute|p2a: Regidrago\n|-start|p2a: Regidrago|Substitute\n|-damage|p2a: Regidrago|56\/100\n|\n|upkeep\n|turn|6\n|c| FLOOR IT|Unfort\n|\n|t:|1700413833\n|move|p1a: Ryans Car|Earthquake|p2a: Regidrago\n|-end|p2a: Regidrago|Substitute\n|move|p2a: Regidrago|Dragon Energy|p1a: Ryans Car\n|-damage|p1a: Ryans Car|0 fnt\n|faint|p1a: Ryans Car\n|-damage|p2a: Regidrago|46\/100|[from] item: Life Orb\n|\n|upkeep\n|\n|t:|1700413868\n|switch|p1a: Ryans Plane|Gyarados, M|100\/100\n|-ability|p1a: Ryans Plane|Intimidate|boost\n|-unboost|p2a: Regidrago|atk|1\n|turn|7\n|\n|t:|1700413892\n|switch|p2a: Grimmsnarl|Grimmsnarl, M|100\/100\n|-terastallize|p1a: Ryans Plane|Fairy\n|move|p1a: Ryans Plane|Scale Shot|p2a: Grimmsnarl\n|-immune|p2a: Grimmsnarl\n|\n|upkeep\n|turn|8\n|c| Ryno5311|My favorite plane company\n|l| dancingnightmare\n|c| Ryno5311|airados\n|j| dancingnightmare\n|c| FLOOR IT|Does it have good airplane food?\n|\n|t:|1700413929\n|move|p1a: Ryans Plane|Iron Head|p2a: Grimmsnarl\n|-supereffective|p2a: Grimmsnarl\n|-damage|p2a: Grimmsnarl|44\/100\n|move|p2a: Grimmsnarl|Spirit Break|p1a: Ryans Plane\n|-damage|p1a: Ryans Plane|34\/100\n|-unboost|p1a: Ryans Plane|spa|1\n|-enditem|p1a: Ryans Plane|Eject Button\n|c| Ryno5311|No\n|c| Ryno5311|But its ok cause i get sick when i g\n|\n|t:|1700413952\n|switch|p1a: High On Life|Greninja, F|100\/100\n|-activate|p1a: High On Life|move: Sticky Web\n|-unboost|p1a: High On Life|spe|1\n|\n|upkeep\n|turn|9\n|c| Ryno5311|Fly\n|c| FLOOR IT|Where's the Ryan themed nickname\n|c| Ryno5311|Not to be confused with my favorite opera company, ariados\n|c| Ryno5311|Stop complaining on twitter about your sets ryan\n|c|\u2606Chigusta Aalinks|lol\n|\n|t:|1700414019\n|move|p1a: High On Life|Ice Beam|p2a: Grimmsnarl\n|-start|p1a: High On Life|typechange|Ice|[from] ability: Protean\n|-damage|p2a: Grimmsnarl|0 fnt\n|faint|p2a: Grimmsnarl\n|\n|upkeep\n|c|\u2606Chigusta Aalinks|he really likes them i promise\n|\n|t:|1700414033\n|switch|p2a: Breloom|Breloom, M|100\/100\n|turn|10\n|c| FLOOR IT|Pinkie promise?\n|\n|t:|1700414042\n|move|p1a: High On Life|Endure|p1a: High On Life\n|-singleturn|p1a: High On Life|move: Endure\n|move|p2a: Breloom|Spore|p1a: High On Life\n|-status|p1a: High On Life|slp|[from] move: Spore\n|\n|upkeep\n|turn|11\n|\n|t:|1700414087\n|switch|p1a: Moldy Cheese|Gholdengo|100\/100\n|-activate|p1a: Moldy Cheese|move: Sticky Web\n|-unboost|p1a: Moldy Cheese|spe|1\n|move|p2a: Breloom|Swords Dance|p2a: Breloom\n|-boost|p2a: Breloom|atk|2\n|\n|upkeep\n|turn|12\n|\n|t:|1700414101\n|move|p2a: Breloom|Bullet Seed|p1a: Moldy Cheese\n|-resisted|p1a: Moldy Cheese\n|-damage|p1a: Moldy Cheese|88\/100\n|-resisted|p1a: Moldy Cheese\n|-damage|p1a: Moldy Cheese|75\/100\n|-resisted|p1a: Moldy Cheese\n|-damage|p1a: Moldy Cheese|62\/100\n|-resisted|p1a: Moldy Cheese\n|-damage|p1a: Moldy Cheese|50\/100\n|-resisted|p1a: Moldy Cheese\n|-damage|p1a: Moldy Cheese|36\/100\n|-hitcount|p1a: Moldy Cheese|5\n|move|p1a: Moldy Cheese|Reflect|p1a: Moldy Cheese\n|-sidestart|p1: Chigusta Aalinks|Reflect\n|\n|upkeep\n|turn|13\n|\n|t:|1700414157\n|move|p2a: Breloom|Bullet Seed|p1a: Moldy Cheese\n|-resisted|p1a: Moldy Cheese\n|-damage|p1a: Moldy Cheese|30\/100\n|-resisted|p1a: Moldy Cheese\n|-damage|p1a: Moldy Cheese|24\/100\n|-resisted|p1a: Moldy Cheese\n|-damage|p1a: Moldy Cheese|17\/100\n|-resisted|p1a: Moldy Cheese\n|-damage|p1a: Moldy Cheese|10\/100\n|-hitcount|p1a: Moldy Cheese|4\n|move|p1a: Moldy Cheese|Shadow Ball|p2a: Breloom\n|-damage|p2a: Breloom|33\/100\n|\n|upkeep\n|turn|14\n|\n|t:|1700414173\n|move|p2a: Breloom|Bullet Seed|p1a: Moldy Cheese\n|-resisted|p1a: Moldy Cheese\n|-damage|p1a: Moldy Cheese|4\/100\n|-resisted|p1a: Moldy Cheese\n|-damage|p1a: Moldy Cheese|0 fnt\n|faint|p1a: Moldy Cheese\n|-hitcount|p1: Moldy Cheese|2\n|\n|upkeep\n|\n|t:|1700414193\n|switch|p1a: Ryans Plane|Gyarados, M, tera:Fairy|34\/100\n|-activate|p1a: Ryans Plane|move: Sticky Web\n|-unboost|p1a: Ryans Plane|spe|1\n|-ability|p1a: Ryans Plane|Intimidate|boost\n|-unboost|p2a: Breloom|atk|1\n|turn|15\n|\n|t:|1700414226\n|move|p2a: Breloom|Mach Punch|p1a: Ryans Plane\n|-resisted|p1a: Ryans Plane\n|-damage|p1a: Ryans Plane|22\/100\n|move|p1a: Ryans Plane|Scale Shot|p2a: Breloom\n|-damage|p2a: Breloom|22\/100\n|-crit|p2a: Breloom\n|-damage|p2a: Breloom|6\/100\n|-damage|p2a: Breloom|0 fnt\n|faint|p2a: Breloom\n|-hitcount|p2: Breloom|3\n|-unboost|p1a: Ryans Plane|def|1\n|-boost|p1a: Ryans Plane|spe|1\n|\n|upkeep\n|c| TheJoeyGuy|Rip Misclick?\n|\n|t:|1700414265\n|switch|p2a: Vikavolt|Vikavolt, M|94\/100\n|turn|16\n|\n|t:|1700414321\n|move|p1a: Ryans Plane|Waterfall|p2a: Vikavolt\n|-damage|p2a: Vikavolt|68\/100\n|cant|p2a: Vikavolt|flinch\n|\n|upkeep\n|turn|17\n|c|\u2606Chigusta Aalinks|ah my win con\n|c| FLOOR IT|Flinch to the win\n|\n|t:|1700414365\n|move|p1a: Ryans Plane|Scale Shot|p2a: Vikavolt\n|-damage|p2a: Vikavolt|63\/100\n|-damage|p2a: Vikavolt|58\/100\n|-damage|p2a: Vikavolt|53\/100\n|-damage|p2a: Vikavolt|47\/100\n|-damage|p2a: Vikavolt|42\/100\n|-hitcount|p2a: Vikavolt|5\n|-unboost|p1a: Ryans Plane|def|1\n|-boost|p1a: Ryans Plane|spe|1\n|move|p2a: Vikavolt|Thunderbolt|p1a: Ryans Plane\n|-damage|p1a: Ryans Plane|0 fnt\n|faint|p1a: Ryans Plane\n|\n|upkeep\n|\n|t:|1700414400\n|switch|p1a: Steering Wheel|Hoopa-Unbound|100\/100\n|-activate|p1a: Steering Wheel|move: Sticky Web\n|-unboost|p1a: Steering Wheel|spe|1\n|turn|18\n|\n|t:|1700414438\n|move|p1a: Steering Wheel|Hyperspace Fury|p2a: Vikavolt\n|-damage|p2a: Vikavolt|0 fnt\n|-unboost|p1a: Steering Wheel|def|1\n|faint|p2a: Vikavolt\n|\n|upkeep\n|\n|t:|1700414458\n|switch|p2a: Chi-Yu|Chi-Yu|100\/100\n|-ability|p2a: Chi-Yu|Beads of Ruin\n|turn|19\n|\n|t:|1700414478\n|move|p2a: Chi-Yu|Dark Pulse|p1a: Steering Wheel\n|-damage|p1a: Steering Wheel|22\/100\n|move|p1a: Steering Wheel|Destiny Bond|p1a: Steering Wheel\n|-singlemove|p1a: Steering Wheel|Destiny Bond\n|\n|-sideend|p1: Chigusta Aalinks|Reflect\n|upkeep\n|turn|20\n|\n|t:|1700414492\n|switch|p2a: Rotom|Rotom-Wash|84\/100\n|move|p1a: Steering Wheel|Drain Punch|p2a: Rotom\n|-damage|p2a: Rotom|46\/100\n|-heal|p1a: Steering Wheel|37\/100|[from] drain|[of] p2a: Rotom\n|\n|-heal|p2a: Rotom|52\/100|[from] item: Leftovers\n|upkeep\n|turn|21\n|\n|t:|1700414542\n|move|p2a: Rotom|Thunderbolt|p1a: Steering Wheel\n|-damage|p1a: Steering Wheel|0 fnt\n|faint|p1a: Steering Wheel\n|\n|-heal|p2a: Rotom|58\/100|[from] item: Leftovers\n|upkeep\n|\n|t:|1700414549\n|switch|p1a: Baton Pass?!?!?|Zangoose, M|100\/100\n|-activate|p1a: Baton Pass?!?!?|move: Sticky Web\n|-unboost|p1a: Baton Pass?!?!?|spe|1\n|turn|22\n|\n|t:|1700414566\n|move|p2a: Rotom|Hydro Pump|p1a: Baton Pass?!?!?|[miss]\n|-miss|p2a: Rotom|p1a: Baton Pass?!?!?\n|move|p1a: Baton Pass?!?!?|Belly Drum|p1a: Baton Pass?!?!?\n|-damage|p1a: Baton Pass?!?!?|50\/100\n|-setboost|p1a: Baton Pass?!?!?|atk|6|[from] move: Belly Drum\n|\n|-heal|p2a: Rotom|64\/100|[from] item: Leftovers\n|upkeep\n|turn|23\n|c| Ryno5311|Oh my god\n|c| FLOOR IT|Belly baton pass incoming\n|\n|t:|1700414582\n|move|p1a: Baton Pass?!?!?|Quick Attack|p2a: Rotom\n|-damage|p2a: Rotom|0 fnt\n|faint|p2a: Rotom\n|\n|upkeep\n|\n|t:|1700414590\n|switch|p2a: Regidrago|Regidrago, shiny|46\/100\n|turn|24\n|c|\u2606Chigusta Aalinks|ain't no way\n|c|\u2606Chigusta Aalinks|crazy\n|\n|t:|1700414603\n|move|p1a: Baton Pass?!?!?|Quick Attack|p2a: Regidrago\n|-damage|p2a: Regidrago|0 fnt\n|faint|p2a: Regidrago\n|\n|upkeep\n|\n|t:|1700414608\n|switch|p2a: Chi-Yu|Chi-Yu|100\/100\n|-ability|p2a: Chi-Yu|Beads of Ruin\n|turn|25\n|c| TheJoeyGuy|Yet another game deciding miss\n|\n|t:|1700414617\n|move|p1a: Baton Pass?!?!?|Quick Attack|p2a: Chi-Yu\n|-damage|p2a: Chi-Yu|0 fnt\n|faint|p2a: Chi-Yu\n|\n|win|Chigusta Aalinks\n|c|\u2606Dilon878|gg!\n|c|\u2606Chigusta Aalinks|gg!\n|l|\u2606Dilon878\n|l| Ryno5311\n|l| FLOOR IT\n|l| dancingnightmare\n|c|\u2606Chigusta Aalinks|lol we aren't winless anymore off a pump miss\n","uploadtime":1700414624,"views":47,"p1id":"chigustaaalinks","p2id":"dilon878","formatid":"gen9anythinggoes","rating":0,"private":0,"password":""}