{"id":"gen9anythinggoes-2000558056","p1":"Jeffreylol1","p2":"shwami","format":"[Gen 9] Anything Goes","log":"|j|\u2606Jeffreylol1\n|j|\u2606shwami\n|t:|1701205169\n|gametype|singles\n|player|p1|Jeffreylol1|lucas|1356\n|player|p2|shwami|2|1353\n|teamsize|p1|6\n|teamsize|p2|6\n|gen|9\n|tier|[Gen 9] Anything Goes\n|rated|\n|rule|HP Percentage Mod: HP is shown in percentages\n|rule|Endless Battle Clause: Forcing endless battles is banned\n|clearpoke\n|poke|p1|Clefable, F|\n|poke|p1|Drifblim, M|\n|poke|p1|Dragonite, F|\n|poke|p1|Clawitzer, F|\n|poke|p1|Calyrex-Shadow|\n|poke|p1|Chien-Pao|\n|poke|p2|Espathra, F|\n|poke|p2|Garchomp, F|\n|poke|p2|Maushold|\n|poke|p2|Goodra-Hisui, F|\n|poke|p2|Grimmsnarl, M|\n|poke|p2|Zoroark-Hisui, F|\n|teampreview\n|inactive|Battle timer is ON: inactive players will automatically lose when time's up. (requested by Jeffreylol1)\n|\n|t:|1701205174\n|start\n|switch|p1a: Drifblim|Drifblim, M|100\/100\n|switch|p2a: Espathra|Espathra, F|100\/100\n|turn|1\n|\n|t:|1701205180\n|move|p2a: Espathra|Hypnosis|p1a: Drifblim\n|-status|p1a: Drifblim|slp|[from] move: Hypnosis\n|cant|p1a: Drifblim|slp\n|\n|-ability|p2a: Espathra|Speed Boost|boost\n|-boost|p2a: Espathra|spe|1\n|upkeep\n|turn|2\n|\n|t:|1701205188\n|move|p2a: Espathra|Calm Mind|p2a: Espathra\n|-boost|p2a: Espathra|spa|1\n|-boost|p2a: Espathra|spd|1\n|-curestatus|p1a: Drifblim|slp|[msg]\n|move|p1a: Drifblim|Minimize|p1a: Drifblim\n|-boost|p1a: Drifblim|evasion|2\n|\n|-ability|p2a: Espathra|Speed Boost|boost\n|-boost|p2a: Espathra|spe|1\n|upkeep\n|turn|3\n|\n|t:|1701205197\n|move|p2a: Espathra|Stored Power|p1a: Drifblim|[miss]\n|-miss|p2a: Espathra|p1a: Drifblim\n|-enditem|p2a: Espathra|Blunder Policy\n|-boost|p2a: Espathra|spe|2\n|move|p1a: Drifblim|Minimize|p1a: Drifblim\n|-boost|p1a: Drifblim|evasion|2\n|\n|-ability|p2a: Espathra|Speed Boost|boost\n|-boost|p2a: Espathra|spe|1\n|upkeep\n|turn|4\n|\n|t:|1701205206\n|move|p2a: Espathra|Stored Power|p1a: Drifblim|[miss]\n|-miss|p2a: Espathra|p1a: Drifblim\n|move|p1a: Drifblim|Minimize|p1a: Drifblim\n|-boost|p1a: Drifblim|evasion|2\n|\n|-ability|p2a: Espathra|Speed Boost|boost\n|-boost|p2a: Espathra|spe|1\n|upkeep\n|turn|5\n|\n|t:|1701205215\n|move|p2a: Espathra|Stored Power|p1a: Drifblim|[miss]\n|-miss|p2a: Espathra|p1a: Drifblim\n|move|p1a: Drifblim|Baton Pass|p1a: Drifblim\n|\n|t:|1701205219\n|switch|p1a: Clefable|Clefable, F, shiny|100\/100|[from] Baton Pass\n|\n|upkeep\n|turn|6\n|\n|t:|1701205224\n|move|p2a: Espathra|Stored Power|p1a: Clefable|[miss]\n|-miss|p2a: Espathra|p1a: Clefable\n|move|p1a: Clefable|Substitute|p1a: Clefable\n|-start|p1a: Clefable|Substitute\n|-damage|p1a: Clefable|76\/100\n|\n|upkeep\n|turn|7\n|\n|t:|1701205232\n|move|p2a: Espathra|Stored Power|p1a: Clefable|[miss]\n|-miss|p2a: Espathra|p1a: Clefable\n|move|p1a: Clefable|Wish|p1a: Clefable\n|\n|upkeep\n|turn|8\n|\n|t:|1701205239\n|move|p2a: Espathra|Stored Power|p1a: Clefable\n|-crit|p1a: Clefable\n|-end|p1a: Clefable|Substitute\n|move|p1a: Clefable|Calm Mind|p1a: Clefable\n|-boost|p1a: Clefable|spa|1\n|-boost|p1a: Clefable|spd|1\n|\n|-heal|p1a: Clefable|100\/100|[from] move: Wish|[wisher] Clefable\n|upkeep\n|turn|9\n|\n|t:|1701205247\n|move|p2a: Espathra|Stored Power|p1a: Clefable\n|-damage|p1a: Clefable|35\/100\n|move|p1a: Clefable|Wish|p1a: Clefable\n|\n|upkeep\n|turn|10\n|\n|t:|1701205251\n|move|p2a: Espathra|Stored Power|p1a: Clefable|[miss]\n|-miss|p2a: Espathra|p1a: Clefable\n|move|p1a: Clefable|Substitute|p1a: Clefable\n|-start|p1a: Clefable|Substitute\n|-damage|p1a: Clefable|10\/100\n|\n|-heal|p1a: Clefable|60\/100|[from] move: Wish|[wisher] Clefable\n|upkeep\n|turn|11\n|\n|t:|1701205259\n|move|p2a: Espathra|Stored Power|p1a: Clefable\n|-end|p1a: Clefable|Substitute\n|move|p1a: Clefable|Wish|p1a: Clefable\n|\n|upkeep\n|turn|12\n|\n|t:|1701205265\n|move|p2a: Espathra|Stored Power|p1a: Clefable|[miss]\n|-miss|p2a: Espathra|p1a: Clefable\n|move|p1a: Clefable|Baton Pass|p1a: Clefable\n|\n|t:|1701205275\n|switch|p1a: Chinchow|Chien-Pao|100\/100|[from] Baton Pass\n|-ability|p1a: Chinchow|Sword of Ruin\n|\n|upkeep\n|turn|13\n|\n|t:|1701205282\n|-terastallize|p1a: Chinchow|Electric\n|move|p2a: Espathra|Stored Power|p1a: Chinchow|[miss]\n|-miss|p2a: Espathra|p1a: Chinchow\n|move|p1a: Chinchow|Icicle Crash|p2a: Espathra\n|-damage|p2a: Espathra|19\/100\n|\n|upkeep\n|turn|14\n|\n|t:|1701205291\n|-terastallize|p2a: Espathra|Psychic\n|move|p2a: Espathra|Stored Power|p1a: Chinchow|[miss]\n|-miss|p2a: Espathra|p1a: Chinchow\n|move|p1a: Chinchow|Icicle Crash|p2a: Espathra\n|-damage|p2a: Espathra|0 fnt\n|faint|p2a: Espathra\n|\n|upkeep\n|c|\u2606shwami|i hope u die\n|-message|shwami forfeited.\n|\n|win|Jeffreylol1\n|raw|Jeffreylol1's rating: 1356 &rarr; <strong>1376<\/strong><br \/>(+20 for winning)\n|raw|shwami's rating: 1353 &rarr; <strong>1333<\/strong><br \/>(-20 for losing)\n|l|\u2606shwami\n","uploadtime":1701205303,"views":0,"p1id":"jeffreylol1","p2id":"shwami","formatid":"gen9anythinggoes","rating":1333,"private":0,"password":""}