{"id":"gen9anythinggoes-1991720286","p1":"Xblackoutx007","p2":"Ccet","format":"[Gen 9] Anything Goes","log":"|j|\u2606Xblackoutx007\n|j|\u2606Ccet\n|t:|1700106735\n|gametype|singles\n|player|p1|Xblackoutx007|266|1035\n|player|p2|Ccet|102|1096\n|teamsize|p1|6\n|teamsize|p2|6\n|gen|9\n|tier|[Gen 9] Anything Goes\n|rated|\n|rule|HP Percentage Mod: HP is shown in percentages\n|rule|Endless Battle Clause: Forcing endless battles is banned\n|clearpoke\n|poke|p1|Gliscor, M|\n|poke|p1|Iron Bundle|\n|poke|p1|Volcanion|\n|poke|p1|Bellibolt, M|\n|poke|p1|Goodra-Hisui, M|\n|poke|p1|Maushold-Four|\n|poke|p2|Urshifu-*, M|\n|poke|p2|Golem-Alola, F|\n|poke|p2|Volbeat, M|\n|poke|p2|Decidueye-Hisui, M|\n|poke|p2|Tyranitar, F|\n|poke|p2|Oinkologne-F, F|\n|teampreview\n|\n|t:|1700106739\n|start\n|switch|p1a: Gliscor|Gliscor, M|100\/100\n|switch|p2a: Urshifu|Urshifu-Rapid-Strike, M|100\/100\n|turn|1\n|\n|t:|1700106746\n|move|p1a: Gliscor|Stealth Rock|p2a: Urshifu\n|-sidestart|p2: Ccet|move: Stealth Rock\n|move|p2a: Urshifu|Surging Strikes|p1a: Gliscor\n|-supereffective|p1a: Gliscor\n|-crit|p1a: Gliscor\n|-damage|p1a: Gliscor|69\/100\n|-enditem|p1a: Gliscor|Absorb Bulb\n|-boost|p1a: Gliscor|spa|1|[from] item: Absorb Bulb\n|-supereffective|p1a: Gliscor\n|-crit|p1a: Gliscor\n|-damage|p1a: Gliscor|38\/100\n|-supereffective|p1a: Gliscor\n|-crit|p1a: Gliscor\n|-damage|p1a: Gliscor|8\/100\n|-hitcount|p1a: Gliscor|3\n|\n|upkeep\n|turn|2\n|\n|t:|1700106770\n|move|p2a: Urshifu|Aqua Jet|p1a: Gliscor\n|-supereffective|p1a: Gliscor\n|-damage|p1a: Gliscor|0 fnt\n|faint|p1a: Gliscor\n|\n|upkeep\n|\n|t:|1700106774\n|switch|p1a: Iron Bundle|Iron Bundle|100\/100\n|turn|3\n|\n|t:|1700106781\n|-terastallize|p2a: Urshifu|Water\n|move|p1a: Iron Bundle|Freeze-Dry|p2a: Urshifu\n|-supereffective|p2a: Urshifu\n|-crit|p2a: Urshifu\n|-damage|p2a: Urshifu|2\/100\n|-enditem|p2a: Urshifu|Liechi Berry|[eat]\n|-boost|p2a: Urshifu|atk|1|[from] item: Liechi Berry\n|move|p2a: Urshifu|Swords Dance|p2a: Urshifu\n|-boost|p2a: Urshifu|atk|2\n|\n|upkeep\n|turn|4\n|\n|t:|1700106794\n|move|p2a: Urshifu|Aqua Jet|p1a: Iron Bundle\n|-resisted|p1a: Iron Bundle\n|-damage|p1a: Iron Bundle|61\/100\n|move|p1a: Iron Bundle|Freeze-Dry|p2a: Urshifu\n|-supereffective|p2a: Urshifu\n|-damage|p2a: Urshifu|0 fnt\n|faint|p2a: Urshifu\n|\n|upkeep\n|\n|t:|1700106804\n|switch|p2a: Golem|Golem-Alola, F, shiny|100\/100\n|-damage|p2a: Golem|88\/100|[from] Stealth Rock\n|turn|5\n|\n|t:|1700106813\n|move|p1a: Iron Bundle|Freeze-Dry|p2a: Golem\n|-damage|p2a: Golem|60\/100\n|move|p2a: Golem|Explosion|p1a: Iron Bundle\n|-supereffective|p1a: Iron Bundle\n|-damage|p1a: Iron Bundle|0 fnt\n|faint|p2a: Golem\n|faint|p1a: Iron Bundle\n|-end|p1a: Iron Bundle|Quark Drive|[silent]\n|\n|upkeep\n|\n|t:|1700106828\n|switch|p1a: Maushold|Maushold-Four|100\/100\n|switch|p2a: Volbeat|Volbeat, M, shiny|100\/100\n|-damage|p2a: Volbeat|76\/100|[from] Stealth Rock\n|turn|6\n|\n|t:|1700106834\n|move|p2a: Volbeat|Thunder Wave|p1a: Maushold\n|-status|p1a: Maushold|par\n|move|p1a: Maushold|Population Bomb|p2a: Volbeat\n|-damage|p2a: Volbeat|58\/100\n|-damage|p2a: Volbeat|42\/100\n|-damage|p2a: Volbeat|25\/100\n|-damage|p2a: Volbeat|9\/100\n|-damage|p2a: Volbeat|0 fnt\n|faint|p2a: Volbeat\n|-hitcount|p2: Volbeat|5\n|\n|upkeep\n|\n|t:|1700106847\n|switch|p2a: Oinkologne|Oinkologne-F, F|100\/100\n|-damage|p2a: Oinkologne|88\/100|[from] Stealth Rock\n|turn|7\n|\n|t:|1700106851\n|move|p1a: Maushold|Population Bomb|p2a: Oinkologne\n|-damage|p2a: Oinkologne|75\/100\n|-damage|p2a: Oinkologne|62\/100\n|-damage|p2a: Oinkologne|49\/100\n|-damage|p2a: Oinkologne|35\/100\n|-hitcount|p2a: Oinkologne|4\n|move|p2a: Oinkologne|Stuff Cheeks|p2a: Oinkologne\n|-boost|p2a: Oinkologne|def|2\n|-enditem|p2a: Oinkologne|Liechi Berry|[eat]\n|-boost|p2a: Oinkologne|atk|1|[from] item: Liechi Berry\n|\n|upkeep\n|turn|8\n|\n|t:|1700106870\n|move|p1a: Maushold|Population Bomb|p2a: Oinkologne\n|-damage|p2a: Oinkologne|28\/100\n|-damage|p2a: Oinkologne|21\/100\n|-hitcount|p2a: Oinkologne|2\n|move|p2a: Oinkologne|Endeavor|p1a: Maushold\n|-damage|p1a: Maushold|32\/100 par\n|\n|upkeep\n|turn|9\n|\n|t:|1700106883\n|move|p1a: Maushold|Population Bomb|p2a: Oinkologne\n|-damage|p2a: Oinkologne|15\/100\n|-hitcount|p2a: Oinkologne|1\n|move|p2a: Oinkologne|Body Slam|p1a: Maushold\n|-damage|p1a: Maushold|0 fnt\n|faint|p1a: Maushold\n|\n|upkeep\n|\n|t:|1700106906\n|switch|p1a: Bellibolt|Bellibolt, M|100\/100\n|-item|p1a: Bellibolt|Air Balloon\n|turn|10\n|\n|t:|1700106927\n|move|p1a: Bellibolt|Sucker Punch|p2a: Oinkologne\n|-damage|p2a: Oinkologne|9\/100\n|move|p2a: Oinkologne|Endeavor|p1a: Bellibolt\n|-damage|p1a: Bellibolt|11\/100\n|-start|p1a: Bellibolt|Charge|Endeavor|[from] ability: Electromorphosis\n|-enditem|p1a: Bellibolt|Air Balloon\n|\n|upkeep\n|turn|11\n|\n|t:|1700106944\n|move|p1a: Bellibolt|Sucker Punch|p2a: Oinkologne\n|-damage|p2a: Oinkologne|3\/100\n|move|p2a: Oinkologne|Body Slam|p1a: Bellibolt\n|-damage|p1a: Bellibolt|0 fnt\n|faint|p1a: Bellibolt\n|\n|upkeep\n|\n|t:|1700106953\n|switch|p1a: Volcanion|Volcanion|100\/100\n|turn|12\n|\n|t:|1700106958\n|move|p1a: Volcanion|Flame Charge|p2a: Oinkologne\n|-damage|p2a: Oinkologne|0 fnt\n|-boost|p1a: Volcanion|spe|1\n|faint|p2a: Oinkologne\n|\n|upkeep\n|\n|t:|1700106967\n|switch|p2a: Tyranitar|Tyranitar, F|100\/100\n|-damage|p2a: Tyranitar|88\/100|[from] Stealth Rock\n|-weather|Sandstorm|[from] ability: Sand Stream|[of] p2a: Tyranitar\n|turn|13\n|\n|t:|1700106973\n|move|p1a: Volcanion|Steam Eruption|p2a: Tyranitar\n|-supereffective|p2a: Tyranitar\n|-damage|p2a: Tyranitar|45\/100\n|-enditem|p2a: Tyranitar|Weakness Policy\n|-boost|p2a: Tyranitar|atk|2|[from] item: Weakness Policy\n|-boost|p2a: Tyranitar|spa|2|[from] item: Weakness Policy\n|move|p2a: Tyranitar|Dragon Dance|p2a: Tyranitar\n|-boost|p2a: Tyranitar|atk|1\n|-boost|p2a: Tyranitar|spe|1\n|\n|-weather|Sandstorm|[upkeep]\n|-damage|p1a: Volcanion|95\/100|[from] Sandstorm\n|upkeep\n|turn|14\n|\n|t:|1700106990\n|move|p1a: Volcanion|Flame Charge|p2a: Tyranitar\n|-resisted|p2a: Tyranitar\n|-damage|p2a: Tyranitar|38\/100\n|-boost|p1a: Volcanion|spe|1\n|move|p2a: Tyranitar|Crunch|p1a: Volcanion\n|-damage|p1a: Volcanion|0 fnt\n|faint|p1a: Volcanion\n|\n|-weather|Sandstorm|[upkeep]\n|upkeep\n|\n|t:|1700106997\n|switch|p1a: Goodra|Goodra-Hisui, M|100\/100\n|turn|15\n|\n|t:|1700107005\n|move|p2a: Tyranitar|Earthquake|p1a: Goodra\n|-supereffective|p1a: Goodra\n|-damage|p1a: Goodra|0 fnt\n|faint|p1a: Goodra\n|\n|win|Ccet\n|raw|Xblackoutx007's rating: 1035 &rarr; <strong>1022<\/strong><br \/>(-13 for losing)\n|raw|Ccet's rating: 1096 &rarr; <strong>1117<\/strong><br \/>(+21 for winning)\n","uploadtime":1700107018,"views":11,"p1id":"xblackoutx007","p2id":"ccet","formatid":"gen9anythinggoes","rating":1022,"private":0,"password":""}