{"id":"gen9anythinggoes-1994459064","p1":"CitrineSHOWDOWN","p2":"Player6206","format":"[Gen 9] Anything Goes","log":"|j|\u2606CitrineSHOWDOWN\n|j|\u2606Player6206\n|t:|1700446307\n|gametype|singles\n|player|p1|CitrineSHOWDOWN|ash|1066\n|player|p2|Player6206|hilbert|1123\n|teamsize|p1|6\n|teamsize|p2|6\n|gen|9\n|tier|[Gen 9] Anything Goes\n|rated|\n|rule|HP Percentage Mod: HP is shown in percentages\n|rule|Endless Battle Clause: Forcing endless battles is banned\n|clearpoke\n|poke|p1|Pincurchin, M|\n|poke|p1|Kyogre|\n|poke|p1|Kyogre|\n|poke|p1|Kyogre|\n|poke|p1|Kyogre|\n|poke|p1|Kyogre|\n|poke|p2|Kommo-o, M|\n|poke|p2|Salamence, M|\n|poke|p2|Mimikyu, F|\n|poke|p2|Darkrai|\n|poke|p2|Cinderace, M|\n|poke|p2|Magearna|\n|teampreview\n|inactive|Battle timer is ON: inactive players will automatically lose when time's up. (requested by Player6206)\n|c|\u2606Player6206|well\n|\n|t:|1700446318\n|start\n|switch|p1a: Pincurchin|Pincurchin, M, shiny|100\/100\n|switch|p2a: Darkrai|Darkrai|100\/100\n|-fieldstart|move: Electric Terrain|[from] ability: Electric Surge|[of] p1a: Pincurchin\n|turn|1\n|c|\u2606CitrineSHOWDOWN|pincurchin\n|\n|t:|1700446327\n|switch|p1a: Kyogre|Kyogre|100\/100\n|-weather|RainDance|[from] ability: Drizzle|[of] p1a: Kyogre\n|move|p2a: Darkrai|Dark Pulse|p1a: Kyogre\n|-damage|p1a: Kyogre|66\/100\n|\n|-weather|RainDance|[upkeep]\n|upkeep\n|turn|2\n|c|\u2606Player6206|darkrai\n|\n|t:|1700446337\n|-terastallize|p1a: Kyogre|Electric\n|move|p2a: Darkrai|Hypnosis|p1a: Kyogre\n|-activate|p1a: Kyogre|move: Electric Terrain\n|move|p1a: Kyogre|Thunder|p2a: Darkrai\n|-damage|p2a: Darkrai|0 fnt\n|faint|p2a: Darkrai\n|\n|-weather|RainDance|[upkeep]\n|upkeep\n|c|\u2606Player6206|oh right\n|\n|t:|1700446353\n|switch|p2a: Kommo-o|Kommo-o, M|100\/100\n|turn|3\n|\n|t:|1700446360\n|-terastallize|p2a: Kommo-o|Fairy\n|move|p2a: Kommo-o|Clangorous Soul|p2a: Kommo-o\n|-boost|p2a: Kommo-o|atk|1\n|-boost|p2a: Kommo-o|def|1\n|-boost|p2a: Kommo-o|spa|1\n|-boost|p2a: Kommo-o|spd|1\n|-boost|p2a: Kommo-o|spe|1\n|-damage|p2a: Kommo-o|68\/100\n|move|p1a: Kyogre|Thunder|p2a: Kommo-o\n|-damage|p2a: Kommo-o|3\/100\n|\n|-weather|RainDance|[upkeep]\n|upkeep\n|turn|4\n|\n|t:|1700446373\n|move|p2a: Kommo-o|Boomburst|p1a: Kyogre\n|-damage|p1a: Kyogre|22\/100\n|move|p1a: Kyogre|Thunderbolt|p2a: Kommo-o\n|-damage|p2a: Kommo-o|0 fnt\n|faint|p2a: Kommo-o\n|\n|-weather|RainDance|[upkeep]\n|upkeep\n|\n|t:|1700446381\n|switch|p2a: Mimikyu|Mimikyu, F|100\/100\n|turn|5\n|\n|t:|1700446389\n|move|p2a: Mimikyu|Shadow Sneak|p1a: Kyogre\n|-damage|p1a: Kyogre|0 fnt\n|faint|p1a: Kyogre\n|\n|-weather|RainDance|[upkeep]\n|-fieldend|move: Electric Terrain\n|upkeep\n|\n|t:|1700446391\n|switch|p1a: Kyogre|Kyogre|100\/100\n|turn|6\n|\n|t:|1700446397\n|switch|p2a: Salamence|Salamence, M|100\/100\n|move|p1a: Kyogre|Thunder|p2a: Salamence\n|-damage|p2a: Salamence|46\/100\n|\n|-weather|RainDance|[upkeep]\n|upkeep\n|turn|7\n|\n|t:|1700446405\n|move|p2a: Salamence|Dual Wingbeat|p1a: Kyogre\n|-damage|p1a: Kyogre|75\/100\n|-damage|p1a: Kyogre|50\/100\n|-hitcount|p1a: Kyogre|2\n|move|p1a: Kyogre|Thunder|p2a: Salamence\n|-damage|p2a: Salamence|0 fnt\n|faint|p2a: Salamence\n|\n|-weather|RainDance|[upkeep]\n|upkeep\n|\n|t:|1700446414\n|switch|p2a: Magearna|Magearna|100\/100\n|turn|8\n|\n|t:|1700446416\n|move|p1a: Kyogre|Thunder|p2a: Magearna\n|-damage|p2a: Magearna|64\/100\n|move|p2a: Magearna|Shift Gear|p2a: Magearna\n|-boost|p2a: Magearna|spe|2\n|-boost|p2a: Magearna|atk|1\n|\n|-weather|none\n|upkeep\n|turn|9\n|\n|t:|1700446423\n|move|p2a: Magearna|Iron Defense|p2a: Magearna\n|-boost|p2a: Magearna|def|2\n|move|p1a: Kyogre|Thunder|p2a: Magearna|[miss]\n|-miss|p1a: Kyogre|p2a: Magearna\n|\n|upkeep\n|turn|10\n|\n|t:|1700446431\n|switch|p1a: Pincurchin|Pincurchin, M, shiny|100\/100\n|-fieldstart|move: Electric Terrain|[from] ability: Electric Surge|[of] p1a: Pincurchin\n|move|p2a: Magearna|Calm Mind|p2a: Magearna\n|-boost|p2a: Magearna|spa|1\n|-boost|p2a: Magearna|spd|1\n|\n|upkeep\n|turn|11\n|\n|t:|1700446437\n|switch|p1a: Kyogre|Kyogre|100\/100\n|-weather|RainDance|[from] ability: Drizzle|[of] p1a: Kyogre\n|move|p2a: Magearna|Shift Gear|p2a: Magearna\n|-boost|p2a: Magearna|spe|2\n|-boost|p2a: Magearna|atk|1\n|\n|-weather|RainDance|[upkeep]\n|upkeep\n|turn|12\n|\n|t:|1700446445\n|move|p2a: Magearna|Baton Pass|p2a: Magearna\n|\n|t:|1700446447\n|switch|p2a: Mimikyu|Mimikyu, F|100\/100|[from] Baton Pass\n|move|p1a: Kyogre|Thunder|p2a: Mimikyu\n|-activate|p2a: Mimikyu|ability: Disguise\n|-damage|p2a: Mimikyu|100\/100\n|detailschange|p2a: Mimikyu|Mimikyu-Busted, F\n|-damage|p2a: Mimikyu|88\/100|[from] pokemon: Mimikyu-Busted\n|\n|-weather|RainDance|[upkeep]\n|upkeep\n|turn|13\n|\n|t:|1700446456\n|move|p2a: Mimikyu|Shadow Sneak|p1a: Kyogre\n|-damage|p1a: Kyogre|61\/100\n|move|p1a: Kyogre|Thunder|p2a: Mimikyu\n|-damage|p2a: Mimikyu|43\/100\n|\n|-weather|RainDance|[upkeep]\n|upkeep\n|turn|14\n|\n|t:|1700446462\n|move|p2a: Mimikyu|Drain Punch|p1a: Kyogre\n|-damage|p1a: Kyogre|20\/100\n|-heal|p2a: Mimikyu|71\/100|[from] drain|[of] p1a: Kyogre\n|move|p1a: Kyogre|Thunder|p2a: Mimikyu\n|-damage|p2a: Mimikyu|23\/100\n|\n|-weather|RainDance|[upkeep]\n|-fieldend|move: Electric Terrain\n|upkeep\n|turn|15\n|\n|t:|1700446473\n|move|p2a: Mimikyu|Drain Punch|p1a: Kyogre\n|-damage|p1a: Kyogre|0 fnt\n|-heal|p2a: Mimikyu|36\/100|[from] drain|[of] p1a: Kyogre\n|faint|p1a: Kyogre\n|\n|-weather|RainDance|[upkeep]\n|upkeep\n|\n|t:|1700446475\n|switch|p1a: Pincurchin|Pincurchin, M, shiny|100\/100\n|-fieldstart|move: Electric Terrain|[from] ability: Electric Surge|[of] p1a: Pincurchin\n|turn|16\n|\n|t:|1700446482\n|move|p2a: Mimikyu|Drain Punch|p1a: Pincurchin\n|-damage|p1a: Pincurchin|52\/100\n|-heal|p2a: Mimikyu|59\/100|[from] drain|[of] p1a: Pincurchin\n|move|p1a: Pincurchin|Thunder|p2a: Mimikyu\n|-damage|p2a: Mimikyu|18\/100\n|\n|-weather|RainDance|[upkeep]\n|upkeep\n|turn|17\n|\n|t:|1700446492\n|move|p1a: Pincurchin|Endure|p1a: Pincurchin\n|-singleturn|p1a: Pincurchin|move: Endure\n|move|p2a: Mimikyu|Drain Punch|p1a: Pincurchin\n|-damage|p1a: Pincurchin|5\/100\n|-heal|p2a: Mimikyu|41\/100|[from] drain|[of] p1a: Pincurchin\n|\n|-weather|RainDance|[upkeep]\n|upkeep\n|turn|18\n|\n|t:|1700446499\n|move|p2a: Mimikyu|Drain Punch|p1a: Pincurchin\n|-damage|p1a: Pincurchin|0 fnt\n|-heal|p2a: Mimikyu|43\/100|[from] drain|[of] p1a: Pincurchin\n|faint|p1a: Pincurchin\n|\n|-weather|none\n|upkeep\n|\n|t:|1700446504\n|switch|p1a: Kyogre|Kyogre|100\/100\n|-weather|RainDance|[from] ability: Drizzle|[of] p1a: Kyogre\n|turn|19\n|\n|t:|1700446513\n|move|p2a: Mimikyu|Drain Punch|p1a: Kyogre\n|-damage|p1a: Kyogre|53\/100\n|-heal|p2a: Mimikyu|75\/100|[from] drain|[of] p1a: Kyogre\n|move|p1a: Kyogre|Thunder|p2a: Mimikyu\n|-damage|p2a: Mimikyu|29\/100\n|\n|-weather|RainDance|[upkeep]\n|upkeep\n|turn|20\n|c|\u2606CitrineSHOWDOWN|was that the drain punch of 87\n|\n|t:|1700446524\n|move|p2a: Mimikyu|Drain Punch|p1a: Kyogre\n|-damage|p1a: Kyogre|12\/100\n|-heal|p2a: Mimikyu|57\/100|[from] drain|[of] p1a: Kyogre\n|move|p1a: Kyogre|Thunder|p2a: Mimikyu\n|-crit|p2a: Mimikyu\n|-damage|p2a: Mimikyu|0 fnt\n|faint|p2a: Mimikyu\n|\n|-weather|RainDance|[upkeep]\n|-fieldend|move: Electric Terrain\n|upkeep\n|\n|t:|1700446533\n|switch|p2a: Cinderace|Cinderace, M|100\/100\n|turn|21\n|\n|t:|1700446538\n|move|p2a: Cinderace|Sucker Punch|p1a: Kyogre\n|-start|p2a: Cinderace|typechange|Dark|[from] ability: Libero\n|-damage|p1a: Kyogre|0 fnt\n|faint|p1a: Kyogre\n|\n|-weather|RainDance|[upkeep]\n|upkeep\n|\n|t:|1700446543\n|switch|p1a: Kyogre|Kyogre|100\/100\n|turn|22\n|c|\u2606Player6206|that one crit ruined my strat\n|\n|t:|1700446555\n|move|p2a: Cinderace|Iron Head|p1a: Kyogre\n|-resisted|p1a: Kyogre\n|-damage|p1a: Kyogre|86\/100\n|cant|p1a: Kyogre|flinch\n|\n|-weather|RainDance|[upkeep]\n|upkeep\n|turn|23\n|\n|t:|1700446563\n|move|p2a: Cinderace|High Jump Kick|p1a: Kyogre\n|-crit|p1a: Kyogre\n|-damage|p1a: Kyogre|23\/100\n|move|p1a: Kyogre|Thunder|p2a: Cinderace\n|-damage|p2a: Cinderace|42\/100\n|\n|-weather|RainDance|[upkeep]\n|upkeep\n|turn|24\n|\n|t:|1700446572\n|move|p2a: Cinderace|High Jump Kick|p1a: Kyogre\n|-damage|p1a: Kyogre|0 fnt\n|faint|p1a: Kyogre\n|\n|-weather|RainDance|[upkeep]\n|upkeep\n|\n|t:|1700446575\n|switch|p1a: Kyogre|Kyogre|50\/100\n|turn|25\n|\n|t:|1700446580\n|move|p2a: Cinderace|High Jump Kick|p1a: Kyogre\n|-damage|p1a: Kyogre|6\/100\n|move|p1a: Kyogre|Thunder|p2a: Cinderace\n|-damage|p2a: Cinderace|0 fnt\n|faint|p2a: Cinderace\n|\n|-weather|RainDance|[upkeep]\n|upkeep\n|\n|t:|1700446588\n|switch|p2a: Magearna|Magearna|64\/100\n|turn|26\n|\n|t:|1700446602\n|move|p1a: Kyogre|Thunder|p2a: Magearna\n|-damage|p2a: Magearna|26\/100\n|move|p2a: Magearna|Shift Gear|p2a: Magearna\n|-boost|p2a: Magearna|spe|2\n|-boost|p2a: Magearna|atk|1\n|\n|-weather|none\n|upkeep\n|turn|27\n|\n|t:|1700446608\n|move|p2a: Magearna|Iron Defense|p2a: Magearna\n|-boost|p2a: Magearna|def|2\n|move|p1a: Kyogre|Thunder|p2a: Magearna\n|-damage|p2a: Magearna|0 fnt\n|faint|p2a: Magearna\n|\n|win|CitrineSHOWDOWN\n|raw|CitrineSHOWDOWN's rating: 1066 &rarr; <strong>1101<\/strong><br \/>(+35 for winning)\n|raw|Player6206's rating: 1123 &rarr; <strong>1094<\/strong><br \/>(-29 for losing)\n|l|\u2606Player6206\n|c|\u2606CitrineSHOWDOWN|gg my slime\n","uploadtime":1700446635,"views":4,"p1id":"citrineshowdown","p2id":"player6206","formatid":"gen9anythinggoes","rating":1094,"private":0,"password":""}