{"id":"gen9anythinggoes-1986954843","p1":"SexySunday","p2":"Lieutenant Firesaw","format":"[Gen 9] Anything Goes","log":"|j|\u2606SexySunday\n|j|\u203dLieutenant Firesaw\n|t:|1699544149\n|gametype|singles\n|player|p1|SexySunday|waitress|1441\n|player|p2|Lieutenant Firesaw|ghetsis|1389\n|teamsize|p1|6\n|teamsize|p2|6\n|gen|9\n|tier|[Gen 9] Anything Goes\n|rated|\n|rule|HP Percentage Mod: HP is shown in percentages\n|rule|Endless Battle Clause: Forcing endless battles is banned\n|clearpoke\n|poke|p1|Calyrex-Shadow|\n|poke|p1|Gliscor, F|\n|poke|p1|Baxcalibur, F|\n|poke|p1|Zacian-*|\n|poke|p1|Iron Moth|\n|poke|p1|Kyogre|\n|poke|p2|Zacian-*|\n|poke|p2|Calyrex-Shadow|\n|poke|p2|Groudon|\n|poke|p2|Regieleki|\n|poke|p2|Urshifu-*, M|\n|poke|p2|Ditto|\n|teampreview\n|inactive|Battle timer is ON: inactive players will automatically lose when time's up. (requested by Lieutenant Firesaw)\n|\n|t:|1699544159\n|start\n|switch|p1a: Kyogre|Kyogre|100\/100\n|switch|p2a: Regieleki|Regieleki|100\/100\n|-weather|RainDance|[from] ability: Drizzle|[of] p1a: Kyogre\n|turn|1\n|\n|t:|1699544167\n|-terastallize|p1a: Kyogre|Ground\n|move|p2a: Regieleki|Volt Switch|p1a: Kyogre\n|-immune|p1a: Kyogre\n|move|p1a: Kyogre|Tera Blast|p2a: Regieleki|[anim] Tera Blast Ground\n|-supereffective|p2a: Regieleki\n|-damage|p2a: Regieleki|0 fnt\n|faint|p2a: Regieleki\n|\n|-weather|RainDance|[upkeep]\n|upkeep\n|\n|t:|1699544170\n|switch|p2a: Urshifu|Urshifu-Rapid-Strike, M|100\/100\n|turn|2\n|\n|t:|1699544190\n|switch|p1a: Calyrex|Calyrex-Shadow|100\/100\n|-ability|p1a: Calyrex|As One\n|-ability|p1a: Calyrex|Unnerve\n|move|p2a: Urshifu|Surging Strikes|p1a: Calyrex\n|-crit|p1a: Calyrex\n|-damage|p1a: Calyrex|64\/100\n|-crit|p1a: Calyrex\n|-damage|p1a: Calyrex|29\/100\n|-crit|p1a: Calyrex\n|-damage|p1a: Calyrex|0 fnt\n|faint|p1a: Calyrex\n|-hitcount|p1: Calyrex|3\n|\n|-weather|RainDance|[upkeep]\n|upkeep\n|\n|t:|1699544203\n|switch|p1a: Zacian|Zacian-Crowned, shiny|100\/100\n|-ability|p1a: Zacian|Intrepid Sword|boost\n|-boost|p1a: Zacian|atk|1\n|turn|3\n|\n|t:|1699544207\n|move|p1a: Zacian|Behemoth Blade|p2a: Urshifu\n|-resisted|p2a: Urshifu\n|-damage|p2a: Urshifu|57\/100\n|move|p2a: Urshifu|Surging Strikes|p1a: Zacian\n|-crit|p1a: Zacian\n|-damage|p1a: Zacian|70\/100\n|-crit|p1a: Zacian\n|-damage|p1a: Zacian|39\/100\n|-crit|p1a: Zacian\n|-damage|p1a: Zacian|12\/100\n|-hitcount|p1a: Zacian|3\n|\n|-weather|RainDance|[upkeep]\n|upkeep\n|turn|4\n|\n|t:|1699544217\n|move|p2a: Urshifu|Aqua Jet|p1a: Zacian\n|-damage|p1a: Zacian|0 fnt\n|faint|p1a: Zacian\n|\n|-weather|RainDance|[upkeep]\n|upkeep\n|\n|t:|1699544222\n|switch|p1a: Baxcalibur|Baxcalibur, F|100\/100\n|turn|5\n|\n|t:|1699544226\n|move|p2a: Urshifu|Drain Punch|p1a: Baxcalibur\n|-supereffective|p1a: Baxcalibur\n|-damage|p1a: Baxcalibur|21\/100\n|-heal|p2a: Urshifu|100\/100|[from] drain|[of] p1a: Baxcalibur\n|move|p1a: Baxcalibur|Scale Shot|p2a: Urshifu\n|-damage|p2a: Urshifu|84\/100\n|-damage|p2a: Urshifu|67\/100\n|-damage|p2a: Urshifu|51\/100\n|-damage|p2a: Urshifu|36\/100\n|-hitcount|p2a: Urshifu|4\n|-unboost|p1a: Baxcalibur|def|1\n|-boost|p1a: Baxcalibur|spe|1\n|\n|-weather|none\n|upkeep\n|turn|6\n|\n|t:|1699544242\n|move|p1a: Baxcalibur|Ice Shard|p2a: Urshifu\n|-resisted|p2a: Urshifu\n|-damage|p2a: Urshifu|23\/100\n|move|p2a: Urshifu|Aqua Jet|p1a: Baxcalibur\n|-resisted|p1a: Baxcalibur\n|-damage|p1a: Baxcalibur|6\/100\n|\n|upkeep\n|turn|7\n|\n|t:|1699544249\n|move|p1a: Baxcalibur|Ice Shard|p2a: Urshifu\n|-resisted|p2a: Urshifu\n|-damage|p2a: Urshifu|11\/100\n|move|p2a: Urshifu|Aqua Jet|p1a: Baxcalibur\n|-resisted|p1a: Baxcalibur\n|-damage|p1a: Baxcalibur|0 fnt\n|faint|p1a: Baxcalibur\n|\n|upkeep\n|\n|t:|1699544256\n|switch|p1a: Kyogre|Kyogre, tera:Ground|100\/100\n|-weather|RainDance|[from] ability: Drizzle|[of] p1a: Kyogre\n|turn|8\n|\n|t:|1699544261\n|move|p2a: Urshifu|Surging Strikes|p1a: Kyogre\n|-supereffective|p1a: Kyogre\n|-crit|p1a: Kyogre\n|-damage|p1a: Kyogre|41\/100\n|-supereffective|p1a: Kyogre\n|-crit|p1a: Kyogre\n|-damage|p1a: Kyogre|0 fnt\n|faint|p1a: Kyogre\n|-hitcount|p1: Kyogre|2\n|\n|-weather|RainDance|[upkeep]\n|upkeep\n|\n|t:|1699544269\n|switch|p1a: Gliscor|Gliscor, F|100\/100\n|turn|9\n|\n|t:|1699544272\n|move|p1a: Gliscor|Protect|p1a: Gliscor\n|-singleturn|p1a: Gliscor|Protect\n|move|p2a: Urshifu|Surging Strikes|p1a: Gliscor\n|-supereffective|p1a: Gliscor\n|-crit|p1a: Gliscor\n|-damage|p1a: Gliscor|51\/100\n|-supereffective|p1a: Gliscor\n|-crit|p1a: Gliscor\n|-damage|p1a: Gliscor|6\/100\n|-supereffective|p1a: Gliscor\n|-crit|p1a: Gliscor\n|-damage|p1a: Gliscor|0 fnt\n|faint|p1a: Gliscor\n|-hitcount|p1: Gliscor|3\n|\n|-weather|RainDance|[upkeep]\n|upkeep\n|-message|SexySunday forfeited.\n|\n|win|Lieutenant Firesaw\n|raw|SexySunday's rating: 1441 &rarr; <strong>1418<\/strong><br \/>(-23 for losing)\n|raw|Lieutenant Firesaw's rating: 1389 &rarr; <strong>1412<\/strong><br \/>(+23 for winning)\n|l|\u2606SexySunday\n","uploadtime":1699544289,"views":12,"p1id":"sexysunday","p2id":"lieutenantfiresaw","formatid":"gen9anythinggoes","rating":1412,"private":0,"password":""}