{"id":"gen9anythinggoes-1996309665","p1":"Christmasfishmage","p2":"YIPPEEEEEEEE","format":"[Gen 9] Anything Goes","log":"|j|\u2606Christmasfishmage\n|j|\u2606YIPPEEEEEEEE\n|t:|1700669852\n|gametype|singles\n|player|p1|Christmasfishmage|fisherman|1166\n|player|p2|YIPPEEEEEEEE|brycenman|1212\n|teamsize|p1|6\n|teamsize|p2|6\n|gen|9\n|tier|[Gen 9] Anything Goes\n|rated|\n|rule|HP Percentage Mod: HP is shown in percentages\n|rule|Endless Battle Clause: Forcing endless battles is banned\n|clearpoke\n|poke|p1|Cramorant, M|\n|poke|p1|Chesnaught, M|\n|poke|p1|Dondozo, M|\n|poke|p1|Sandslash, M|\n|poke|p1|Enamorus, F|\n|poke|p1|Salamence, F|\n|poke|p2|Ursaluna, M|\n|poke|p2|Eternatus|\n|poke|p2|Arcanine-Hisui, M|\n|poke|p2|Walking Wake|\n|poke|p2|Cresselia, F|\n|poke|p2|Espathra, M|\n|teampreview\n|\n|t:|1700669857\n|start\n|switch|p1a: Hedgehog|Sandslash, M|100\/100\n|switch|p2a: Eternatus|Eternatus|100\/100\n|-ability|p2a: Eternatus|Pressure\n|turn|1\n|\n|t:|1700669866\n|switch|p2a: Walking Wake|Walking Wake|100\/100\n|-enditem|p2a: Walking Wake|Booster Energy\n|-activate|p2a: Walking Wake|ability: Protosynthesis|[fromitem]\n|-start|p2a: Walking Wake|protosynthesisspa\n|move|p1a: Hedgehog|Drill Run|p2a: Walking Wake\n|-crit|p2a: Walking Wake\n|-damage|p2a: Walking Wake|35\/100\n|\n|upkeep\n|turn|2\n|\n|t:|1700669883\n|-terastallize|p2a: Walking Wake|Water\n|move|p2a: Walking Wake|Hydro Steam|p1a: Hedgehog\n|-supereffective|p1a: Hedgehog\n|-damage|p1a: Hedgehog|0 fnt\n|faint|p1a: Hedgehog\n|\n|upkeep\n|\n|t:|1700669885\n|switch|p1a: Juggernaut|Chesnaught, M|100\/100\n|turn|3\n|\n|t:|1700669892\n|-end|p2a: Walking Wake|Protosynthesis|[silent]\n|switch|p2a: Arcanine|Arcanine-Hisui, M, shiny|100\/100\n|move|p1a: Juggernaut|Bullet Seed|p2a: Arcanine\n|-damage|p2a: Arcanine|84\/100\n|-damage|p2a: Arcanine|69\/100\n|-damage|p2a: Arcanine|53\/100\n|-damage|p2a: Arcanine|36\/100\n|-damage|p2a: Arcanine|21\/100\n|-hitcount|p2a: Arcanine|5\n|\n|upkeep\n|turn|4\n|\n|t:|1700669903\n|move|p2a: Arcanine|Close Combat|p1a: Juggernaut\n|-damage|p1a: Juggernaut|56\/100\n|-unboost|p2a: Arcanine|def|1\n|-unboost|p2a: Arcanine|spd|1\n|move|p1a: Juggernaut|High Horsepower|p2a: Arcanine\n|-supereffective|p2a: Arcanine\n|-damage|p2a: Arcanine|0 fnt\n|faint|p2a: Arcanine\n|\n|upkeep\n|\n|t:|1700669913\n|switch|p2a: Eternatus|Eternatus|100\/100\n|-ability|p2a: Eternatus|Pressure\n|turn|5\n|\n|t:|1700669919\n|move|p2a: Eternatus|Sludge Bomb|p1a: Juggernaut\n|-immune|p1a: Juggernaut|[from] ability: Bulletproof\n|move|p1a: Juggernaut|High Horsepower|p2a: Eternatus\n|-supereffective|p2a: Eternatus\n|-damage|p2a: Eternatus|41\/100\n|\n|upkeep\n|turn|6\n|\n|t:|1700669929\n|switch|p2a: Walking Wake|Walking Wake, tera:Water|35\/100\n|move|p1a: Juggernaut|High Horsepower|p2a: Walking Wake\n|-damage|p2a: Walking Wake|0 fnt\n|faint|p2a: Walking Wake\n|-end|p2a: Walking Wake|Protosynthesis|[silent]\n|\n|upkeep\n|\n|t:|1700669937\n|switch|p2a: Ursaluna|Ursaluna, M, shiny|100\/100\n|turn|7\n|\n|t:|1700669943\n|move|p1a: Juggernaut|Bullet Seed|p2a: Ursaluna\n|-supereffective|p2a: Ursaluna\n|-damage|p2a: Ursaluna|81\/100\n|-supereffective|p2a: Ursaluna\n|-damage|p2a: Ursaluna|62\/100\n|-supereffective|p2a: Ursaluna\n|-damage|p2a: Ursaluna|42\/100\n|-supereffective|p2a: Ursaluna\n|-damage|p2a: Ursaluna|25\/100\n|-supereffective|p2a: Ursaluna\n|-damage|p2a: Ursaluna|7\/100\n|-hitcount|p2a: Ursaluna|5\n|move|p2a: Ursaluna|Headlong Rush|p1a: Juggernaut\n|-resisted|p1a: Juggernaut\n|-damage|p1a: Juggernaut|32\/100\n|-unboost|p2a: Ursaluna|def|1\n|-unboost|p2a: Ursaluna|spd|1\n|\n|-status|p2a: Ursaluna|brn|[from] item: Flame Orb\n|upkeep\n|turn|8\n|n|!YIPPEEEEEEEE|yippeeeeeeee\n|-message|YIPPEEEEEEEE forfeited.\n|\n|win|Christmasfishmage\n|raw|Christmasfishmage's rating: 1166 &rarr; <strong>1194<\/strong><br \/>(+28 for winning)\n|raw|YIPPEEEEEEEE's rating: 1212 &rarr; <strong>1184<\/strong><br \/>(-28 for losing)\n|l|!YIPPEEEEEEEE\n","uploadtime":1700669962,"views":0,"p1id":"christmasfishmage","p2id":"yippeeeeeeee","formatid":"gen9anythinggoes","rating":1184,"private":0,"password":""}