{"id":"gen9anythinggoes-1990632128","p1":"Larry111","p2":"Howard_YouTube GB","format":"[Gen 9] Anything Goes","log":"|j|\u2606Larry111\n|j|\u2606Howard_YouTube GB\n|t:|1699987274\n|gametype|singles\n|player|p1|Larry111|2|1081\n|player|p2|Howard_YouTube GB|265|1072\n|teamsize|p1|6\n|teamsize|p2|6\n|gen|9\n|tier|[Gen 9] Anything Goes\n|rated|\n|rule|HP Percentage Mod: HP is shown in percentages\n|rule|Endless Battle Clause: Forcing endless battles is banned\n|clearpoke\n|poke|p1|Gholdengo|\n|poke|p1|Gastrodon-East, F|\n|poke|p1|Krookodile, M|\n|poke|p1|Toxtricity-Low-Key, M|\n|poke|p1|Kingambit, M|\n|poke|p1|Tyranitar, M|\n|poke|p2|Gyarados, M|\n|poke|p2|Krookodile, F|\n|poke|p2|Quaquaval, M|\n|poke|p2|Heracross, F|\n|poke|p2|Mightyena, M|\n|poke|p2|Salamence, M|\n|teampreview\n|\n|t:|1699987278\n|start\n|switch|p1a: Tyranitar|Tyranitar, M|100\/100\n|switch|p2a: Quaquaval|Quaquaval, M|100\/100\n|-weather|Sandstorm|[from] ability: Sand Stream|[of] p1a: Tyranitar\n|turn|1\n|c|\u2606Howard_YouTube GB|gl hf\n|\n|t:|1699987284\n|move|p2a: Quaquaval|Aqua Step|p1a: Tyranitar\n|-supereffective|p1a: Tyranitar\n|-damage|p1a: Tyranitar|41\/100\n|-boost|p2a: Quaquaval|spe|1\n|move|p1a: Tyranitar|Stealth Rock|p2a: Quaquaval\n|-sidestart|p2: Howard_YouTube GB|move: Stealth Rock\n|\n|-weather|Sandstorm|[upkeep]\n|-damage|p2a: Quaquaval|94\/100|[from] Sandstorm\n|upkeep\n|turn|2\n|\n|t:|1699987292\n|move|p2a: Quaquaval|Aqua Step|p1a: Tyranitar\n|-supereffective|p1a: Tyranitar\n|-damage|p1a: Tyranitar|0 fnt\n|-boost|p2a: Quaquaval|spe|1\n|faint|p1a: Tyranitar\n|-ability|p2a: Quaquaval|Moxie|boost\n|-boost|p2a: Quaquaval|atk|1\n|\n|-weather|Sandstorm|[upkeep]\n|-damage|p2a: Quaquaval|88\/100|[from] Sandstorm\n|upkeep\n|c|\u2606Larry111|u2\n|\n|t:|1699987302\n|switch|p1a: Gastrodon|Gastrodon-East, F|100\/100\n|turn|3\n|\n|t:|1699987307\n|move|p2a: Quaquaval|Ice Spinner|p1a: Gastrodon\n|-damage|p1a: Gastrodon|73\/100\n|move|p1a: Gastrodon|Yawn|p2a: Quaquaval\n|-start|p2a: Quaquaval|move: Yawn|[of] p1a: Gastrodon\n|\n|-weather|Sandstorm|[upkeep]\n|-damage|p2a: Quaquaval|82\/100|[from] Sandstorm\n|-heal|p1a: Gastrodon|79\/100|[from] item: Leftovers\n|upkeep\n|turn|4\n|\n|t:|1699987315\n|switch|p2a: Gyarados|Gyarados, M|100\/100\n|-damage|p2a: Gyarados|76\/100|[from] Stealth Rock\n|move|p1a: Gastrodon|Earth Power|p2a: Gyarados\n|-immune|p2a: Gyarados\n|\n|-weather|Sandstorm|[upkeep]\n|-damage|p2a: Gyarados|69\/100|[from] Sandstorm\n|-heal|p1a: Gastrodon|85\/100|[from] item: Leftovers\n|upkeep\n|turn|5\n|\n|t:|1699987325\n|move|p2a: Gyarados|Thunderbolt|p1a: Gastrodon\n|-immune|p1a: Gastrodon\n|move|p1a: Gastrodon|Yawn|p2a: Gyarados\n|-start|p2a: Gyarados|move: Yawn|[of] p1a: Gastrodon\n|\n|-weather|Sandstorm|[upkeep]\n|-damage|p2a: Gyarados|63\/100|[from] Sandstorm\n|-heal|p1a: Gastrodon|91\/100|[from] item: Leftovers\n|upkeep\n|turn|6\n|c|\u2606Larry111|silly goose\n|\n|t:|1699987334\n|switch|p2a: Heracross|Heracross, F|100\/100\n|-damage|p2a: Heracross|88\/100|[from] Stealth Rock\n|move|p1a: Gastrodon|Ice Beam|p2a: Heracross\n|-damage|p2a: Heracross|69\/100\n|\n|-weather|Sandstorm|[upkeep]\n|-damage|p2a: Heracross|63\/100|[from] Sandstorm\n|-heal|p1a: Gastrodon|97\/100|[from] item: Leftovers\n|upkeep\n|turn|7\n|c|\u2606Howard_YouTube GB|shut up\n|\n|t:|1699987346\n|move|p2a: Heracross|Trailblaze|p1a: Gastrodon\n|-supereffective|p1a: Gastrodon\n|-damage|p1a: Gastrodon|50\/100\n|-boost|p2a: Heracross|spe|1\n|move|p1a: Gastrodon|Yawn|p2a: Heracross\n|-start|p2a: Heracross|move: Yawn|[of] p1a: Gastrodon\n|\n|-weather|Sandstorm|[upkeep]\n|-damage|p2a: Heracross|57\/100|[from] Sandstorm\n|-heal|p1a: Gastrodon|57\/100|[from] item: Leftovers\n|upkeep\n|turn|8\n|c|\u2606Howard_YouTube GB|ha\n|\n|t:|1699987356\n|move|p2a: Heracross|Trailblaze|p1a: Gastrodon\n|-supereffective|p1a: Gastrodon\n|-damage|p1a: Gastrodon|11\/100\n|-boost|p2a: Heracross|spe|1\n|move|p1a: Gastrodon|Earth Power|p2a: Heracross\n|-resisted|p2a: Heracross\n|-damage|p2a: Heracross|40\/100\n|\n|-weather|none\n|-heal|p1a: Gastrodon|17\/100|[from] item: Leftovers\n|-end|p2a: Heracross|move: Yawn|[silent]\n|-status|p2a: Heracross|slp\n|upkeep\n|turn|9\n|c|\u2606Larry111|hehehaha\n|c|\u2606Howard_YouTube GB|shut up noob\n|c|\u2606Larry111|yo mama\n|c|\u2606Howard_YouTube GB|using yawn\n|c|\u2606Howard_YouTube GB|funny innit\n|\n|t:|1699987378\n|switch|p2a: Salamence|Salamence, M|100\/100\n|-damage|p2a: Salamence|75\/100|[from] Stealth Rock\n|move|p1a: Gastrodon|Earth Power|p2a: Salamence\n|-immune|p2a: Salamence\n|\n|-heal|p1a: Gastrodon|23\/100|[from] item: Leftovers\n|upkeep\n|turn|10\n|c|\u2606Howard_YouTube GB|ur so dead\n|\n|t:|1699987386\n|move|p2a: Salamence|Dual Wingbeat|p1a: Gastrodon|[miss]\n|-miss|p2a: Salamence|p1a: Gastrodon\n|move|p1a: Gastrodon|Ice Beam|p2a: Salamence\n|-supereffective|p2a: Salamence\n|-damage|p2a: Salamence|0 fnt\n|faint|p2a: Salamence\n|\n|-heal|p1a: Gastrodon|29\/100|[from] item: Leftovers\n|upkeep\n|c|\u2606Howard_YouTube GB|wanna see this\n|c|\u2606Larry111|hit ur shots bro\n|\n|t:|1699987396\n|switch|p2a: Mightyena|Mightyena, M|100\/100\n|-damage|p2a: Mightyena|88\/100|[from] Stealth Rock\n|turn|11\n|\n|t:|1699987402\n|move|p2a: Mightyena|Sucker Punch||[still]\n|-fail|p2a: Mightyena\n|move|p1a: Gastrodon|Yawn|p2a: Mightyena\n|-start|p2a: Mightyena|move: Yawn|[of] p1a: Gastrodon\n|\n|-heal|p1a: Gastrodon|35\/100|[from] item: Leftovers\n|upkeep\n|turn|12\n|l|\u2606Howard_YouTube GB\n|player|p2|\n|c|\u2606Larry111|bro im tired\n|inactive|Battle timer is ON: inactive players will automatically lose when time's up. (requested by Larry111)\n|inactive|Howard_YouTube GB has 30 seconds to reconnect!\n|inactive|Howard_YouTube GB has 20 seconds to reconnect!\n|inactive|Howard_YouTube GB has 15 seconds to reconnect!\n|inactive|Howard_YouTube GB has 10 seconds to reconnect!\n|inactive|Howard_YouTube GB has 5 seconds to reconnect!\n|-message|Howard_YouTube GB lost due to inactivity.\n|\n|win|Larry111\n|raw|Larry111's rating: 1081 &rarr; <strong>1108<\/strong><br \/>(+27 for winning)\n|raw|Howard_YouTube GB's rating: 1072 &rarr; <strong>1052<\/strong><br \/>(-20 for losing)\n","uploadtime":1699987503,"views":3,"p1id":"larry111","p2id":"howardyoutubegb","formatid":"gen9anythinggoes","rating":1052,"private":0,"password":""}