{"id":"gen9anythinggoes-1989070514","p1":"Andelepirate7","p2":"Alka1d","format":"[Gen 9] Anything Goes","log":"|j|\u2606Andelepirate7\n|j|\u2606Alka1d\n|t:|1699808937\n|gametype|singles\n|player|p1|Andelepirate7|gentleman-gen4dp|1242\n|player|p2|Alka1d|cynthia-gen7|1198\n|teamsize|p1|6\n|teamsize|p2|6\n|gen|9\n|tier|[Gen 9] Anything Goes\n|rated|\n|rule|HP Percentage Mod: HP is shown in percentages\n|rule|Endless Battle Clause: Forcing endless battles is banned\n|clearpoke\n|poke|p1|Breloom, F|\n|poke|p1|Trevenant, F|\n|poke|p1|Tropius, F|\n|poke|p1|Amoonguss, M|\n|poke|p1|Arboliva, M|\n|poke|p1|Torterra, F|\n|poke|p2|Banette, F|\n|poke|p2|Overqwil, F|\n|poke|p2|Umbreon, F|\n|poke|p2|Murkrow, M|\n|poke|p2|Giratina-Origin|\n|poke|p2|Kingambit, M|\n|teampreview\n|inactive|Battle timer is ON: inactive players will automatically lose when time's up. (requested by Alka1d)\n|\n|t:|1699808956\n|start\n|switch|p1a: Breloom|Breloom, F|100\/100\n|switch|p2a: Russell|Murkrow, M|100\/100\n|turn|1\n|\n|t:|1699808961\n|move|p2a: Russell|Taunt|p1a: Breloom\n|-start|p1a: Breloom|move: Taunt\n|cant|p1a: Breloom|move: Taunt|Spore\n|\n|-status|p1a: Breloom|tox|[from] item: Toxic Orb\n|upkeep\n|turn|2\n|\n|t:|1699808969\n|switch|p1a: Torterra|Torterra, F|100\/100\n|move|p2a: Russell|Tailwind|p2a: Russell\n|-sidestart|p2: Alka1d|move: Tailwind\n|\n|upkeep\n|turn|3\n|\n|t:|1699808977\n|move|p2a: Russell|Taunt|p1a: Torterra\n|-start|p1a: Torterra|move: Taunt\n|cant|p1a: Torterra|move: Taunt|Shell Smash\n|\n|upkeep\n|turn|4\n|\n|t:|1699808985\n|switch|p2a: Pluto|Overqwil, F|100\/100\n|-ability|p2a: Pluto|Intimidate|boost\n|-unboost|p1a: Torterra|atk|1\n|-enditem|p1a: Torterra|White Herb\n|-clearnegativeboost|p1a: Torterra|[silent]\n|move|p1a: Torterra|Stone Edge|p2a: Pluto\n|-damage|p2a: Pluto|66\/100\n|\n|upkeep\n|turn|5\n|\n|t:|1699809005\n|switch|p1a: Breloom|Breloom, F|100\/100 tox\n|-terastallize|p2a: Pluto|Flying\n|move|p2a: Pluto|Toxic Spikes|p1a: Breloom\n|-sidestart|p1: Andelepirate7|move: Toxic Spikes\n|\n|-sideend|p2: Alka1d|move: Tailwind\n|upkeep\n|turn|6\n|\n|t:|1699809013\n|move|p2a: Pluto|Barb Barrage|p1a: Breloom\n|-supereffective|p1a: Breloom\n|-damage|p1a: Breloom|13\/100 tox\n|move|p1a: Breloom|Spore|p2a: Pluto\n|-status|p2a: Pluto|slp|[from] move: Spore\n|\n|-heal|p1a: Breloom|26\/100 tox|[from] ability: Poison Heal\n|upkeep\n|turn|7\n|\n|t:|1699809027\n|switch|p2a: Noodle|Banette, F|100\/100\n|-item|p1a: Breloom|Toxic Orb|[from] ability: Frisk|[of] p2a: Noodle|[identify]\n|move|p1a: Breloom|Leech Seed|p2a: Noodle|[miss]\n|-miss|p1a: Breloom|p2a: Noodle\n|\n|-heal|p1a: Breloom|38\/100 tox|[from] ability: Poison Heal\n|upkeep\n|turn|8\n|\n|t:|1699809040\n|move|p1a: Breloom|Protect|p1a: Breloom\n|-singleturn|p1a: Breloom|Protect\n|move|p2a: Noodle|Knock Off|p1a: Breloom\n|-activate|p1a: Breloom|move: Protect\n|\n|-heal|p1a: Breloom|50\/100 tox|[from] ability: Poison Heal\n|upkeep\n|turn|9\n|\n|t:|1699809047\n|move|p2a: Noodle|Shadow Claw|p1a: Breloom\n|-crit|p1a: Breloom\n|-damage|p1a: Breloom|0 fnt\n|faint|p1a: Breloom\n|-damage|p2a: Noodle|91\/100|[from] item: Life Orb\n|\n|upkeep\n|\n|t:|1699809053\n|switch|p1a: Amoonguss|Amoonguss, M|100\/100\n|-sideend|p1: Andelepirate7|move: Toxic Spikes|[of] p1a: Amoonguss\n|turn|10\n|\n|t:|1699809069\n|move|p2a: Noodle|Knock Off|p1a: Amoonguss\n|-damage|p1a: Amoonguss|59\/100\n|-enditem|p1a: Amoonguss|Leftovers|[from] move: Knock Off|[of] p2a: Noodle\n|-damage|p2a: Noodle|81\/100|[from] item: Life Orb\n|move|p1a: Amoonguss|Spore|p2a: Noodle\n|-status|p2a: Noodle|slp|[from] move: Spore\n|\n|upkeep\n|turn|11\n|\n|t:|1699809078\n|switch|p2a: Russell|Murkrow, M|100\/100\n|switch|p1a: Torterra|Torterra, F|100\/100\n|\n|upkeep\n|turn|12\n|\n|t:|1699809084\n|move|p2a: Russell|Tailwind|p2a: Russell\n|-sidestart|p2: Alka1d|move: Tailwind\n|move|p1a: Torterra|Superpower|p2a: Russell\n|-damage|p2a: Russell|59\/100\n|-unboost|p1a: Torterra|atk|1\n|-unboost|p1a: Torterra|def|1\n|\n|upkeep\n|turn|13\n|\n|t:|1699809096\n|switch|p1a: Amoonguss|Amoonguss, M|59\/100\n|move|p2a: Russell|Foul Play|p1a: Amoonguss\n|-damage|p1a: Amoonguss|34\/100\n|\n|upkeep\n|turn|14\n|\n|t:|1699809102\n|move|p2a: Russell|Taunt|p1a: Amoonguss\n|-start|p1a: Amoonguss|move: Taunt\n|cant|p1a: Amoonguss|move: Taunt|Synthesis\n|\n|upkeep\n|turn|15\n|\n|t:|1699809110\n|switch|p1a: Torterra|Torterra, F|100\/100\n|move|p2a: Russell|Foul Play|p1a: Torterra\n|-damage|p1a: Torterra|55\/100\n|\n|-sideend|p2: Alka1d|move: Tailwind\n|upkeep\n|turn|16\n|\n|t:|1699809122\n|move|p2a: Russell|Tailwind|p2a: Russell\n|-sidestart|p2: Alka1d|move: Tailwind\n|move|p1a: Torterra|Stone Edge|p2a: Russell\n|-supereffective|p2a: Russell\n|-crit|p2a: Russell\n|-damage|p2a: Russell|0 fnt\n|faint|p2a: Russell\n|\n|upkeep\n|\n|t:|1699809128\n|switch|p2a: Pluto|Overqwil, F, tera:Flying|66\/100 slp\n|-ability|p2a: Pluto|Intimidate|boost\n|-unboost|p1a: Torterra|atk|1\n|turn|17\n|\n|t:|1699809136\n|switch|p2a: Lucy|Giratina-Origin|100\/100\n|move|p1a: Torterra|Shell Smash|p1a: Torterra\n|-unboost|p1a: Torterra|def|1\n|-unboost|p1a: Torterra|spd|1\n|-boost|p1a: Torterra|atk|2\n|-boost|p1a: Torterra|spa|2\n|-boost|p1a: Torterra|spe|2\n|\n|upkeep\n|turn|18\n|\n|t:|1699809153\n|move|p1a: Torterra|Headlong Rush|p2a: Lucy\n|-immune|p2a: Lucy|[from] ability: Levitate\n|move|p2a: Lucy|Dragon Claw|p1a: Torterra\n|-damage|p1a: Torterra|0 fnt\n|faint|p1a: Torterra\n|\n|upkeep\n|\n|t:|1699809165\n|switch|p1a: Amoonguss|Amoonguss, M|34\/100\n|turn|19\n|\n|t:|1699809177\n|move|p2a: Lucy|Dragon Claw|p1a: Amoonguss\n|-damage|p1a: Amoonguss|0 fnt\n|faint|p1a: Amoonguss\n|\n|-sideend|p2: Alka1d|move: Tailwind\n|upkeep\n|\n|t:|1699809182\n|switch|p1a: Tropius|Tropius, F|100\/100\n|turn|20\n|\n|t:|1699809201\n|move|p2a: Lucy|Draco Meteor|p1a: Tropius\n|-damage|p1a: Tropius|50\/100\n|-unboost|p2a: Lucy|spa|2\n|-enditem|p1a: Tropius|Sitrus Berry|[eat]\n|-heal|p1a: Tropius|75\/100|[from] item: Sitrus Berry\n|move|p1a: Tropius|Leech Seed|p2a: Lucy\n|-start|p2a: Lucy|move: Leech Seed\n|\n|-damage|p2a: Lucy|88\/100|[from] Leech Seed|[of] p1a: Tropius\n|-heal|p1a: Tropius|89\/100|[silent]\n|-item|p1a: Tropius|Sitrus Berry|[from] ability: Harvest\n|upkeep\n|turn|21\n|\n|t:|1699809212\n|switch|p2a: Ellie|Umbreon, F, shiny|100\/100\n|move|p1a: Tropius|Protect||[still]\n|-fail|p1a: Tropius\n|\n|upkeep\n|turn|22\n|\n|t:|1699809217\n|move|p2a: Ellie|Wish|p2a: Ellie\n|move|p1a: Tropius|Substitute|p1a: Tropius\n|-start|p1a: Tropius|Substitute\n|-damage|p1a: Tropius|64\/100\n|\n|upkeep\n|turn|23\n|\n|t:|1699809222\n|move|p2a: Ellie|Foul Play|p1a: Tropius\n|-activate|p1a: Tropius|move: Substitute|[damage]\n|move|p1a: Tropius|Leech Seed|p2a: Ellie\n|-start|p2a: Ellie|move: Leech Seed\n|\n|-damage|p2a: Ellie|88\/100|[from] Leech Seed|[of] p1a: Tropius\n|-heal|p1a: Tropius|76\/100|[silent]\n|upkeep\n|turn|24\n|\n|t:|1699809240\n|switch|p2a: Pluto|Overqwil, F, tera:Flying|66\/100 slp\n|-ability|p2a: Pluto|Intimidate|boost\n|-immune|p1a: Tropius\n|move|p1a: Tropius|Protect||[still]\n|-fail|p1a: Tropius\n|\n|upkeep\n|turn|25\n|\n|t:|1699809246\n|cant|p2a: Pluto|slp\n|move|p1a: Tropius|Leech Seed|p2a: Pluto\n|-start|p2a: Pluto|move: Leech Seed\n|\n|-damage|p2a: Pluto|54\/100 slp|[from] Leech Seed|[of] p1a: Tropius\n|-heal|p1a: Tropius|86\/100|[silent]\n|upkeep\n|turn|26\n|\n|t:|1699809251\n|cant|p2a: Pluto|slp\n|move|p1a: Tropius|Air Slash|p2a: Pluto\n|-damage|p2a: Pluto|23\/100 slp\n|\n|-damage|p2a: Pluto|11\/100 slp|[from] Leech Seed|[of] p1a: Tropius\n|-heal|p1a: Tropius|95\/100|[silent]\n|upkeep\n|turn|27\n|\n|t:|1699809267\n|move|p1a: Tropius|Protect|p1a: Tropius\n|-singleturn|p1a: Tropius|Protect\n|cant|p2a: Pluto|slp\n|\n|-damage|p2a: Pluto|0 fnt|[from] Leech Seed|[of] p1a: Tropius\n|-heal|p1a: Tropius|100\/100|[silent]\n|faint|p2a: Pluto\n|upkeep\n|\n|t:|1699809273\n|switch|p2a: Lucy|Giratina-Origin|88\/100\n|turn|28\n|\n|t:|1699809277\n|move|p2a: Lucy|Dragon Claw|p1a: Tropius\n|-end|p1a: Tropius|Substitute\n|move|p1a: Tropius|Leech Seed|p2a: Lucy\n|-start|p2a: Lucy|move: Leech Seed\n|\n|-damage|p2a: Lucy|76\/100|[from] Leech Seed|[of] p1a: Tropius\n|upkeep\n|turn|29\n|\n|t:|1699809287\n|move|p2a: Lucy|Dragon Claw|p1a: Tropius\n|-damage|p1a: Tropius|57\/100\n|move|p1a: Tropius|Substitute|p1a: Tropius\n|-start|p1a: Tropius|Substitute\n|-damage|p1a: Tropius|32\/100\n|-enditem|p1a: Tropius|Sitrus Berry|[eat]\n|-heal|p1a: Tropius|57\/100|[from] item: Sitrus Berry\n|\n|-damage|p2a: Lucy|63\/100|[from] Leech Seed|[of] p1a: Tropius\n|-heal|p1a: Tropius|71\/100|[silent]\n|upkeep\n|turn|30\n|\n|t:|1699809297\n|move|p1a: Tropius|Protect|p1a: Tropius\n|-singleturn|p1a: Tropius|Protect\n|move|p2a: Lucy|Dragon Claw|p1a: Tropius\n|-activate|p1a: Tropius|move: Protect\n|\n|-damage|p2a: Lucy|51\/100|[from] Leech Seed|[of] p1a: Tropius\n|-heal|p1a: Tropius|85\/100|[silent]\n|upkeep\n|turn|31\n|\n|t:|1699809305\n|move|p2a: Lucy|Destiny Bond|p2a: Lucy\n|-singlemove|p2a: Lucy|Destiny Bond\n|move|p1a: Tropius|Substitute|p1a: Tropius\n|-fail|p1a: Tropius|move: Substitute\n|\n|-damage|p2a: Lucy|38\/100|[from] Leech Seed|[of] p1a: Tropius\n|-heal|p1a: Tropius|99\/100|[silent]\n|-item|p1a: Tropius|Sitrus Berry|[from] ability: Harvest\n|upkeep\n|turn|32\n|\n|t:|1699809313\n|move|p1a: Tropius|Protect|p1a: Tropius\n|-singleturn|p1a: Tropius|Protect\n|move|p2a: Lucy|Dragon Claw|p1a: Tropius\n|-activate|p1a: Tropius|move: Protect\n|\n|-damage|p2a: Lucy|26\/100|[from] Leech Seed|[of] p1a: Tropius\n|-heal|p1a: Tropius|100\/100|[silent]\n|upkeep\n|turn|33\n|\n|t:|1699809323\n|move|p2a: Lucy|Dragon Claw|p1a: Tropius\n|-end|p1a: Tropius|Substitute\n|move|p1a: Tropius|Substitute|p1a: Tropius\n|-start|p1a: Tropius|Substitute\n|-damage|p1a: Tropius|75\/100\n|\n|-damage|p2a: Lucy|13\/100|[from] Leech Seed|[of] p1a: Tropius\n|-heal|p1a: Tropius|89\/100|[silent]\n|upkeep\n|turn|34\n|\n|t:|1699809339\n|switch|p2a: Ellie|Umbreon, F, shiny|88\/100\n|move|p1a: Tropius|Protect||[still]\n|-fail|p1a: Tropius\n|\n|-heal|p2a: Ellie|94\/100|[from] item: Leftovers\n|upkeep\n|turn|35\n|\n|t:|1699809345\n|move|p2a: Ellie|Wish|p2a: Ellie\n|move|p1a: Tropius|Leech Seed|p2a: Ellie|[miss]\n|-miss|p1a: Tropius|p2a: Ellie\n|\n|-heal|p2a: Ellie|99\/100|[from] item: Leftovers\n|upkeep\n|turn|36\n|\n|t:|1699809374\n|switch|p2a: Lucy|Giratina-Origin|13\/100\n|move|p1a: Tropius|Leech Seed|p2a: Lucy\n|-start|p2a: Lucy|move: Leech Seed\n|\n|-heal|p2a: Lucy|58\/100|[from] move: Wish|[wisher] Ellie\n|-damage|p2a: Lucy|45\/100|[from] Leech Seed|[of] p1a: Tropius\n|-heal|p1a: Tropius|100\/100|[silent]\n|upkeep\n|turn|37\n|\n|t:|1699809384\n|switch|p2a: Noodle|Banette, F|81\/100 slp\n|-item|p1a: Tropius|Sitrus Berry|[from] ability: Frisk|[of] p2a: Noodle|[identify]\n|move|p1a: Tropius|Air Slash|p2a: Noodle\n|-damage|p2a: Noodle|47\/100 slp\n|\n|upkeep\n|turn|38\n|\n|t:|1699809391\n|cant|p2a: Noodle|slp\n|move|p1a: Tropius|Leech Seed|p2a: Noodle\n|-start|p2a: Noodle|move: Leech Seed\n|\n|-damage|p2a: Noodle|34\/100 slp|[from] Leech Seed|[of] p1a: Tropius\n|upkeep\n|turn|39\n|\n|t:|1699809398\n|switch|p2a: Lucy|Giratina-Origin|45\/100\n|move|p1a: Tropius|Air Slash|p2a: Lucy\n|-damage|p2a: Lucy|32\/100\n|\n|upkeep\n|turn|40\n|\n|t:|1699809404\n|switch|p2a: Ellie|Umbreon, F, shiny|99\/100\n|move|p1a: Tropius|Leech Seed|p2a: Ellie|[miss]\n|-miss|p1a: Tropius|p2a: Ellie\n|\n|-heal|p2a: Ellie|100\/100|[from] item: Leftovers\n|upkeep\n|turn|41\n|\n|t:|1699809411\n|move|p2a: Ellie|Protect|p2a: Ellie\n|-singleturn|p2a: Ellie|Protect\n|move|p1a: Tropius|Leech Seed|p2a: Ellie\n|-activate|p2a: Ellie|move: Protect\n|\n|upkeep\n|turn|42\n|inactive|Alka1d has 120 seconds left.\n|\n|t:|1699809446\n|switch|p2a: Noodle|Banette, F|34\/100 slp\n|-item|p1a: Tropius|Sitrus Berry|[from] ability: Frisk|[of] p2a: Noodle|[identify]\n|move|p1a: Tropius|Leech Seed|p2a: Noodle\n|-start|p2a: Noodle|move: Leech Seed\n|\n|-damage|p2a: Noodle|22\/100 slp|[from] Leech Seed|[of] p1a: Tropius\n|upkeep\n|turn|43\n|\n|t:|1699809454\n|switch|p2a: Ellie|Umbreon, F, shiny|100\/100\n|move|p1a: Tropius|Air Slash|p2a: Ellie\n|-damage|p2a: Ellie|89\/100\n|\n|-heal|p2a: Ellie|95\/100|[from] item: Leftovers\n|upkeep\n|turn|44\n|\n|t:|1699809461\n|move|p2a: Ellie|Protect|p2a: Ellie\n|-singleturn|p2a: Ellie|Protect\n|move|p1a: Tropius|Leech Seed|p2a: Ellie\n|-activate|p2a: Ellie|move: Protect\n|\n|-heal|p2a: Ellie|100\/100|[from] item: Leftovers\n|upkeep\n|turn|45\n|\n|t:|1699809470\n|switch|p2a: Lucy|Giratina-Origin|32\/100\n|move|p1a: Tropius|Leech Seed|p2a: Lucy\n|-start|p2a: Lucy|move: Leech Seed\n|\n|-damage|p2a: Lucy|20\/100|[from] Leech Seed|[of] p1a: Tropius\n|upkeep\n|turn|46\n|\n|t:|1699809477\n|switch|p2a: Ellie|Umbreon, F, shiny|100\/100\n|move|p1a: Tropius|Air Slash|p2a: Ellie\n|-damage|p2a: Ellie|88\/100\n|\n|-heal|p2a: Ellie|94\/100|[from] item: Leftovers\n|upkeep\n|turn|47\n|\n|t:|1699809485\n|move|p2a: Ellie|Wish|p2a: Ellie\n|move|p1a: Tropius|Air Slash|p2a: Ellie\n|-damage|p2a: Ellie|82\/100\n|\n|-heal|p2a: Ellie|88\/100|[from] item: Leftovers\n|upkeep\n|turn|48\n|\n|t:|1699809490\n|switch|p2a: Lucy|Giratina-Origin|20\/100\n|move|p1a: Tropius|Leech Seed|p2a: Lucy|[miss]\n|-miss|p1a: Tropius|p2a: Lucy\n|\n|-heal|p2a: Lucy|65\/100|[from] move: Wish|[wisher] Ellie\n|upkeep\n|turn|49\n|\n|t:|1699809497\n|switch|p2a: Ellie|Umbreon, F, shiny|88\/100\n|move|p1a: Tropius|Leech Seed|p2a: Ellie\n|-start|p2a: Ellie|move: Leech Seed\n|\n|-heal|p2a: Ellie|94\/100|[from] item: Leftovers\n|-damage|p2a: Ellie|82\/100|[from] Leech Seed|[of] p1a: Tropius\n|upkeep\n|turn|50\n|\n|t:|1699809504\n|move|p2a: Ellie|Wish|p2a: Ellie\n|move|p1a: Tropius|Air Slash|p2a: Ellie\n|-damage|p2a: Ellie|70\/100\n|\n|-heal|p2a: Ellie|76\/100|[from] item: Leftovers\n|-damage|p2a: Ellie|64\/100|[from] Leech Seed|[of] p1a: Tropius\n|upkeep\n|turn|51\n|\n|t:|1699809512\n|move|p2a: Ellie|Protect|p2a: Ellie\n|-singleturn|p2a: Ellie|Protect\n|move|p1a: Tropius|Leech Seed|p2a: Ellie\n|-activate|p2a: Ellie|move: Protect\n|\n|-heal|p2a: Ellie|100\/100|[from] move: Wish|[wisher] Ellie\n|-damage|p2a: Ellie|88\/100|[from] Leech Seed|[of] p1a: Tropius\n|upkeep\n|turn|52\n|\n|t:|1699809520\n|switch|p2a: Lucy|Giratina-Origin|65\/100\n|move|p1a: Tropius|Air Slash|p2a: Lucy\n|-damage|p2a: Lucy|50\/100\n|\n|upkeep\n|turn|53\n|\n|t:|1699809530\n|move|p2a: Lucy|Dragon Claw|p1a: Tropius\n|-end|p1a: Tropius|Substitute\n|move|p1a: Tropius|Leech Seed|p2a: Lucy\n|-start|p2a: Lucy|move: Leech Seed\n|\n|-damage|p2a: Lucy|38\/100|[from] Leech Seed|[of] p1a: Tropius\n|upkeep\n|turn|54\n|\n|t:|1699809538\n|switch|p2a: Ellie|Umbreon, F, shiny|88\/100\n|move|p1a: Tropius|Substitute|p1a: Tropius\n|-start|p1a: Tropius|Substitute\n|-damage|p1a: Tropius|75\/100\n|\n|-heal|p2a: Ellie|94\/100|[from] item: Leftovers\n|upkeep\n|turn|55\n|\n|t:|1699809546\n|move|p2a: Ellie|Wish|p2a: Ellie\n|move|p1a: Tropius|Air Slash|p2a: Ellie\n|-damage|p2a: Ellie|81\/100\n|\n|-heal|p2a: Ellie|87\/100|[from] item: Leftovers\n|upkeep\n|turn|56\n|\n|t:|1699809555\n|switch|p2a: Lucy|Giratina-Origin|38\/100\n|switch|p1a: Trevenant|Trevenant, F|100\/100\n|\n|-heal|p2a: Lucy|83\/100|[from] move: Wish|[wisher] Ellie\n|upkeep\n|turn|57\n|\n|t:|1699809565\n|-terastallize|p1a: Trevenant|Normal\n|move|p2a: Lucy|Shadow Claw|p1a: Trevenant\n|-immune|p1a: Trevenant\n|move|p1a: Trevenant|Substitute|p1a: Trevenant\n|-start|p1a: Trevenant|Substitute\n|-damage|p1a: Trevenant|75\/100\n|\n|upkeep\n|turn|58\n|\n|t:|1699809574\n|move|p2a: Lucy|Dragon Claw|p1a: Trevenant\n|-end|p1a: Trevenant|Substitute\n|move|p1a: Trevenant|Leech Seed|p2a: Lucy|[miss]\n|-miss|p1a: Trevenant|p2a: Lucy\n|\n|upkeep\n|turn|59\n|\n|t:|1699809581\n|move|p2a: Lucy|Dragon Claw|p1a: Trevenant\n|-damage|p1a: Trevenant|25\/100\n|-enditem|p1a: Trevenant|Sitrus Berry|[eat]\n|-heal|p1a: Trevenant|50\/100|[from] item: Sitrus Berry\n|move|p1a: Trevenant|Leech Seed|p2a: Lucy\n|-start|p2a: Lucy|move: Leech Seed\n|\n|-damage|p2a: Lucy|70\/100|[from] Leech Seed|[of] p1a: Trevenant\n|-heal|p1a: Trevenant|64\/100|[silent]\n|upkeep\n|turn|60\n|\n|t:|1699809589\n|move|p1a: Trevenant|Protect|p1a: Trevenant\n|-singleturn|p1a: Trevenant|Protect\n|move|p2a: Lucy|Dragon Claw|p1a: Trevenant\n|-activate|p1a: Trevenant|move: Protect\n|\n|-damage|p2a: Lucy|58\/100|[from] Leech Seed|[of] p1a: Trevenant\n|-heal|p1a: Trevenant|79\/100|[silent]\n|upkeep\n|turn|61\n|\n|t:|1699809605\n|move|p2a: Lucy|Draco Meteor|p1a: Trevenant\n|-damage|p1a: Trevenant|26\/100\n|-unboost|p2a: Lucy|spa|2\n|move|p1a: Trevenant|Substitute|p1a: Trevenant\n|-start|p1a: Trevenant|Substitute\n|-damage|p1a: Trevenant|1\/100\n|\n|-damage|p2a: Lucy|45\/100|[from] Leech Seed|[of] p1a: Trevenant\n|-heal|p1a: Trevenant|16\/100|[silent]\n|-item|p1a: Trevenant|Sitrus Berry|[from] ability: Harvest\n|upkeep\n|-enditem|p1a: Trevenant|Sitrus Berry|[eat]\n|-heal|p1a: Trevenant|41\/100|[from] item: Sitrus Berry\n|turn|62\n|\n|t:|1699809617\n|switch|p2a: Ellie|Umbreon, F, shiny|87\/100\n|move|p1a: Trevenant|Protect||[still]\n|-fail|p1a: Trevenant\n|\n|-heal|p2a: Ellie|93\/100|[from] item: Leftovers\n|upkeep\n|turn|63\n|c|\u2606Alka1d|this sucks ass\n|\n|t:|1699809623\n|move|p2a: Ellie|Wish|p2a: Ellie\n|move|p1a: Trevenant|Toxic|p2a: Ellie\n|-status|p2a: Ellie|tox\n|-activate|p2a: Ellie|ability: Synchronize\n|-status|p1a: Trevenant|tox\n|\n|-heal|p2a: Ellie|99\/100 tox|[from] item: Leftovers\n|-damage|p2a: Ellie|93\/100 tox|[from] psn\n|-damage|p1a: Trevenant|34\/100 tox|[from] psn\n|-item|p1a: Trevenant|Sitrus Berry|[from] ability: Harvest\n|upkeep\n|-enditem|p1a: Trevenant|Sitrus Berry|[eat]\n|-heal|p1a: Trevenant|59\/100 tox|[from] item: Sitrus Berry\n|turn|64\n|c|\u2606Alka1d|lmao\n|\n|t:|1699809637\n|switch|p2a: Noodle|Banette, F|22\/100 slp\n|move|p1a: Trevenant|Leech Seed|p2a: Noodle\n|-start|p2a: Noodle|move: Leech Seed\n|\n|-heal|p2a: Noodle|95\/100 slp|[from] move: Wish|[wisher] Ellie\n|-damage|p2a: Noodle|83\/100 slp|[from] Leech Seed|[of] p1a: Trevenant\n|-heal|p1a: Trevenant|68\/100 tox|[silent]\n|-damage|p1a: Trevenant|56\/100 tox|[from] psn\n|upkeep\n|turn|65\n|\n|t:|1699809649\n|switch|p2a: Ellie|Umbreon, F, shiny|93\/100 tox\n|move|p1a: Trevenant|Leech Seed|p2a: Ellie\n|-start|p2a: Ellie|move: Leech Seed\n|\n|-heal|p2a: Ellie|99\/100 tox|[from] item: Leftovers\n|-damage|p2a: Ellie|87\/100 tox|[from] Leech Seed|[of] p1a: Trevenant\n|-heal|p1a: Trevenant|69\/100 tox|[silent]\n|-damage|p2a: Ellie|81\/100 tox|[from] psn\n|-damage|p1a: Trevenant|50\/100 tox|[from] psn\n|upkeep\n|turn|66\n|\n|t:|1699809662\n|move|p2a: Ellie|Foul Play|p1a: Trevenant\n|-end|p1a: Trevenant|Substitute\n|move|p1a: Trevenant|Leech Seed||[still]\n|-fail|p1a: Trevenant\n|\n|-heal|p2a: Ellie|87\/100 tox|[from] item: Leftovers\n|-damage|p2a: Ellie|74\/100 tox|[from] Leech Seed|[of] p1a: Trevenant\n|-heal|p1a: Trevenant|64\/100 tox|[silent]\n|-damage|p2a: Ellie|62\/100 tox|[from] psn\n|-damage|p1a: Trevenant|39\/100 tox|[from] psn\n|-item|p1a: Trevenant|Sitrus Berry|[from] ability: Harvest\n|upkeep\n|-enditem|p1a: Trevenant|Sitrus Berry|[eat]\n|-heal|p1a: Trevenant|64\/100 tox|[from] item: Sitrus Berry\n|turn|67\n|\n|t:|1699809677\n|switch|p1a: Tropius|Tropius, F|75\/100\n|move|p2a: Ellie|Wish|p2a: Ellie\n|\n|-heal|p2a: Ellie|68\/100 tox|[from] item: Leftovers\n|-damage|p2a: Ellie|56\/100 tox|[from] Leech Seed|[of] p1a: Tropius\n|-heal|p1a: Tropius|88\/100|[silent]\n|-damage|p2a: Ellie|38\/100 tox|[from] psn\n|upkeep\n|turn|68\n|\n|t:|1699809684\n|move|p2a: Ellie|Thunder Wave|p1a: Tropius\n|-status|p1a: Tropius|par\n|move|p1a: Tropius|Air Slash|p2a: Ellie\n|-damage|p2a: Ellie|25\/100 tox\n|\n|-heal|p2a: Ellie|75\/100 tox|[from] move: Wish|[wisher] Ellie\n|-heal|p2a: Ellie|81\/100 tox|[from] item: Leftovers\n|-damage|p2a: Ellie|68\/100 tox|[from] Leech Seed|[of] p1a: Tropius\n|-heal|p1a: Tropius|99\/100 par|[silent]\n|-damage|p2a: Ellie|44\/100 tox|[from] psn\n|upkeep\n|turn|69\n|\n|t:|1699809695\n|switch|p2a: Noodle|Banette, F|83\/100 slp\n|-item|p1a: Tropius|Sitrus Berry|[from] ability: Frisk|[of] p2a: Noodle|[identify]\n|cant|p1a: Tropius|par\n|\n|upkeep\n|turn|70\n|\n|t:|1699809705\n|switch|p1a: Arboliva|Arboliva, M|100\/100\n|-curestatus|p2a: Noodle|slp|[msg]\n|move|p2a: Noodle|Knock Off|p1a: Arboliva\n|-damage|p1a: Arboliva|61\/100\n|-enditem|p1a: Arboliva|Sitrus Berry|[from] move: Knock Off|[of] p2a: Noodle\n|-damage|p2a: Noodle|73\/100|[from] item: Life Orb\n|\n|upkeep\n|turn|71\n|\n|t:|1699809715\n|move|p2a: Noodle|Knock Off|p1a: Arboliva\n|-damage|p1a: Arboliva|32\/100\n|-damage|p2a: Noodle|64\/100|[from] item: Life Orb\n|move|p1a: Arboliva|Leech Seed|p2a: Noodle\n|-start|p2a: Noodle|move: Leech Seed\n|\n|-damage|p2a: Noodle|51\/100|[from] Leech Seed|[of] p1a: Arboliva\n|-heal|p1a: Arboliva|41\/100|[silent]\n|upkeep\n|turn|72\n|\n|t:|1699809728\n|move|p1a: Arboliva|Protect|p1a: Arboliva\n|-singleturn|p1a: Arboliva|Protect\n|move|p2a: Noodle|Knock Off|p1a: Arboliva\n|-activate|p1a: Arboliva|move: Protect\n|\n|-damage|p2a: Noodle|39\/100|[from] Leech Seed|[of] p1a: Arboliva\n|-heal|p1a: Arboliva|50\/100|[silent]\n|upkeep\n|turn|73\n|\n|t:|1699809738\n|switch|p2a: Ellie|Umbreon, F, shiny|44\/100 tox\n|move|p1a: Arboliva|Strength Sap|p2a: Ellie\n|-unboost|p2a: Ellie|atk|1\n|-heal|p1a: Arboliva|84\/100\n|\n|-heal|p2a: Ellie|50\/100 tox|[from] item: Leftovers\n|-damage|p2a: Ellie|44\/100 tox|[from] psn\n|upkeep\n|turn|74\n|\n|t:|1699809747\n|move|p2a: Ellie|Thunder Wave|p1a: Arboliva\n|-status|p1a: Arboliva|par\n|move|p1a: Arboliva|Substitute|p1a: Arboliva\n|-start|p1a: Arboliva|Substitute\n|-damage|p1a: Arboliva|59\/100 par\n|\n|-heal|p2a: Ellie|50\/100 tox|[from] item: Leftovers\n|-damage|p2a: Ellie|38\/100 tox|[from] psn\n|upkeep\n|turn|75\n|\n|t:|1699809756\n|move|p2a: Ellie|Wish|p2a: Ellie\n|cant|p1a: Arboliva|par\n|\n|-heal|p2a: Ellie|44\/100 tox|[from] item: Leftovers\n|-damage|p2a: Ellie|26\/100 tox|[from] psn\n|upkeep\n|turn|76\n|\n|t:|1699809762\n|move|p2a: Ellie|Protect|p2a: Ellie\n|-singleturn|p2a: Ellie|Protect\n|move|p1a: Arboliva|Leech Seed|p2a: Ellie\n|-activate|p2a: Ellie|move: Protect\n|\n|-heal|p2a: Ellie|76\/100 tox|[from] move: Wish|[wisher] Ellie\n|-heal|p2a: Ellie|82\/100 tox|[from] item: Leftovers\n|-damage|p2a: Ellie|57\/100 tox|[from] psn\n|upkeep\n|turn|77\n|\n|t:|1699809771\n|move|p2a: Ellie|Wish|p2a: Ellie\n|cant|p1a: Arboliva|par\n|\n|-heal|p2a: Ellie|63\/100 tox|[from] item: Leftovers\n|-damage|p2a: Ellie|33\/100 tox|[from] psn\n|upkeep\n|turn|78\n|\n|t:|1699809777\n|switch|p2a: Noodle|Banette, F|39\/100\n|move|p1a: Arboliva|Leech Seed|p2a: Noodle\n|-start|p2a: Noodle|move: Leech Seed\n|\n|-heal|p2a: Noodle|100\/100|[from] move: Wish|[wisher] Ellie\n|-damage|p2a: Noodle|88\/100|[from] Leech Seed|[of] p1a: Arboliva\n|-heal|p1a: Arboliva|68\/100 par|[silent]\n|upkeep\n|turn|79\n|inactive|Alka1d has 120 seconds left.\n|\n|t:|1699809808\n|switch|p2a: Lucy|Giratina-Origin|45\/100\n|move|p1a: Arboliva|Strength Sap|p2a: Lucy\n|-unboost|p2a: Lucy|atk|1\n|-heal|p1a: Arboliva|100\/100 par\n|\n|upkeep\n|turn|80\n|\n|t:|1699809817\n|move|p2a: Lucy|Draco Meteor|p1a: Arboliva\n|-end|p1a: Arboliva|Substitute\n|-unboost|p2a: Lucy|spa|2\n|cant|p1a: Arboliva|par\n|\n|upkeep\n|turn|81\n|\n|t:|1699809831\n|switch|p2a: Noodle|Banette, F|88\/100\n|cant|p1a: Arboliva|par\n|\n|upkeep\n|turn|82\n|\n|t:|1699809837\n|move|p2a: Noodle|Swords Dance|p2a: Noodle\n|-boost|p2a: Noodle|atk|2\n|cant|p1a: Arboliva|par\n|\n|upkeep\n|turn|83\n|\n|t:|1699809842\n|move|p2a: Noodle|Knock Off|p1a: Arboliva\n|-damage|p1a: Arboliva|44\/100 par\n|-damage|p2a: Noodle|79\/100|[from] item: Life Orb\n|move|p1a: Arboliva|Strength Sap|p2a: Noodle\n|-unboost|p2a: Noodle|atk|1\n|-heal|p1a: Arboliva|100\/100 par\n|\n|upkeep\n|turn|84\n|\n|t:|1699809854\n|move|p2a: Noodle|Knock Off|p1a: Arboliva\n|-damage|p1a: Arboliva|60\/100 par\n|-damage|p2a: Noodle|69\/100|[from] item: Life Orb\n|move|p1a: Arboliva|Strength Sap|p2a: Noodle\n|-unboost|p2a: Noodle|atk|1\n|-heal|p1a: Arboliva|100\/100 par\n|\n|upkeep\n|turn|85\n|\n|t:|1699809864\n|switch|p2a: Ellie|Umbreon, F, shiny|33\/100 tox\n|move|p1a: Arboliva|Leech Seed|p2a: Ellie\n|-start|p2a: Ellie|move: Leech Seed\n|\n|-heal|p2a: Ellie|39\/100 tox|[from] item: Leftovers\n|-damage|p2a: Ellie|27\/100 tox|[from] Leech Seed|[of] p1a: Arboliva\n|-damage|p2a: Ellie|21\/100 tox|[from] psn\n|upkeep\n|turn|86\n|\n|t:|1699809873\n|move|p2a: Ellie|Wish|p2a: Ellie\n|cant|p1a: Arboliva|par\n|\n|-heal|p2a: Ellie|27\/100 tox|[from] item: Leftovers\n|-damage|p2a: Ellie|14\/100 tox|[from] Leech Seed|[of] p1a: Arboliva\n|-damage|p2a: Ellie|2\/100 tox|[from] psn\n|upkeep\n|turn|87\n|\n|t:|1699809884\n|switch|p2a: Lucy|Giratina-Origin|45\/100\n|cant|p1a: Arboliva|par\n|\n|-heal|p2a: Lucy|90\/100|[from] move: Wish|[wisher] Ellie\n|upkeep\n|turn|88\n|\n|t:|1699809899\n|move|p2a: Lucy|Dragon Claw|p1a: Arboliva\n|-damage|p1a: Arboliva|56\/100 par\n|move|p1a: Arboliva|Substitute|p1a: Arboliva\n|-start|p1a: Arboliva|Substitute\n|-damage|p1a: Arboliva|31\/100 par\n|\n|upkeep\n|turn|89\n|\n|t:|1699809905\n|move|p2a: Lucy|Dragon Claw|p1a: Arboliva\n|-end|p1a: Arboliva|Substitute\n|move|p1a: Arboliva|Strength Sap|p2a: Lucy\n|-unboost|p2a: Lucy|atk|1\n|-heal|p1a: Arboliva|100\/100 par\n|\n|upkeep\n|turn|90\n|\n|t:|1699809916\n|move|p2a: Lucy|Dragon Claw|p1a: Arboliva\n|-damage|p1a: Arboliva|72\/100 par\n|cant|p1a: Arboliva|par\n|\n|upkeep\n|turn|91\n|\n|t:|1699809922\n|move|p2a: Lucy|Draco Meteor|p1a: Arboliva\n|-damage|p1a: Arboliva|29\/100 par\n|-unboost|p2a: Lucy|spa|2\n|cant|p1a: Arboliva|par\n|\n|upkeep\n|turn|92\n|\n|t:|1699809930\n|move|p2a: Lucy|Dragon Claw|p1a: Arboliva\n|-damage|p1a: Arboliva|1\/100 par\n|move|p1a: Arboliva|Strength Sap|p2a: Lucy\n|-unboost|p2a: Lucy|atk|1\n|-heal|p1a: Arboliva|60\/100 par\n|\n|upkeep\n|turn|93\n|\n|t:|1699809937\n|switch|p2a: Noodle|Banette, F|69\/100\n|move|p1a: Arboliva|Strength Sap|p2a: Noodle\n|-unboost|p2a: Noodle|atk|1\n|-heal|p1a: Arboliva|100\/100 par\n|\n|upkeep\n|turn|94\n|\n|t:|1699809947\n|move|p2a: Noodle|Swords Dance|p2a: Noodle\n|-boost|p2a: Noodle|atk|2\n|cant|p1a: Arboliva|par\n|\n|upkeep\n|turn|95\n|\n|t:|1699809953\n|move|p2a: Noodle|Swords Dance|p2a: Noodle\n|-boost|p2a: Noodle|atk|2\n|move|p1a: Arboliva|Strength Sap|p2a: Noodle\n|-unboost|p2a: Noodle|atk|1\n|\n|upkeep\n|turn|96\n|\n|t:|1699809959\n|move|p2a: Noodle|Swords Dance|p2a: Noodle\n|-boost|p2a: Noodle|atk|2\n|move|p1a: Arboliva|Leech Seed|p2a: Noodle\n|-start|p2a: Noodle|move: Leech Seed\n|\n|-damage|p2a: Noodle|57\/100|[from] Leech Seed|[of] p1a: Arboliva\n|upkeep\n|turn|97\n|\n|t:|1699809970\n|move|p2a: Noodle|Knock Off|p1a: Arboliva\n|-damage|p1a: Arboliva|19\/100 par\n|-damage|p2a: Noodle|47\/100|[from] item: Life Orb\n|cant|p1a: Arboliva|par\n|\n|-damage|p2a: Noodle|35\/100|[from] Leech Seed|[of] p1a: Arboliva\n|-heal|p1a: Arboliva|28\/100 par|[silent]\n|upkeep\n|turn|98\n|\n|t:|1699809979\n|move|p1a: Arboliva|Protect|p1a: Arboliva\n|-singleturn|p1a: Arboliva|Protect\n|move|p2a: Noodle|Knock Off|p1a: Arboliva\n|-activate|p1a: Arboliva|move: Protect\n|\n|-damage|p2a: Noodle|22\/100|[from] Leech Seed|[of] p1a: Arboliva\n|-heal|p1a: Arboliva|37\/100 par|[silent]\n|upkeep\n|turn|99\n|\n|t:|1699809986\n|move|p2a: Noodle|Knock Off|p1a: Arboliva\n|-damage|p1a: Arboliva|0 fnt\n|faint|p1a: Arboliva\n|-damage|p2a: Noodle|13\/100|[from] item: Life Orb\n|\n|upkeep\n|\n|t:|1699809994\n|switch|p1a: Tropius|Tropius, F|99\/100 par\n|turn|100\n|\n|t:|1699809998\n|switch|p2a: Lucy|Giratina-Origin|90\/100\n|move|p1a: Tropius|Protect||[still]\n|-fail|p1a: Tropius\n|\n|upkeep\n|turn|101\n|\n|t:|1699810008\n|switch|p1a: Trevenant|Trevenant, F, tera:Normal|64\/100 tox\n|move|p2a: Lucy|Dragon Claw|p1a: Trevenant\n|-damage|p1a: Trevenant|12\/100 tox\n|\n|-damage|p1a: Trevenant|6\/100 tox|[from] psn\n|upkeep\n|turn|102\n|\n|t:|1699810015\n|move|p2a: Lucy|Dragon Claw|p1a: Trevenant\n|-damage|p1a: Trevenant|0 fnt\n|faint|p1a: Trevenant\n|\n|upkeep\n|-message|Andelepirate7 forfeited.\n|\n|win|Alka1d\n|raw|Andelepirate7's rating: 1242 &rarr; <strong>1214<\/strong><br \/>(-28 for losing)\n|raw|Alka1d's rating: 1198 &rarr; <strong>1226<\/strong><br \/>(+28 for winning)\n|l|\u2606Andelepirate7\n","uploadtime":1699810029,"views":9,"p1id":"andelepirate7","p2id":"alka1d","formatid":"gen9anythinggoes","rating":1214,"private":0,"password":""}