{"id":"gen9anythinggoes-1978916868","p1":"Tinen","p2":"Kromydas","format":"[Gen 9] Anything Goes","log":"|j|\u2606Tinen\n|j|\u203dKromydas\n|t:|1698609965\n|gametype|singles\n|player|p1|Tinen|dancer|1012\n|player|p2|Kromydas|rancher|1105\n|teamsize|p1|6\n|teamsize|p2|6\n|gen|9\n|tier|[Gen 9] Anything Goes\n|rated|\n|rule|HP Percentage Mod: HP is shown in percentages\n|rule|Endless Battle Clause: Forcing endless battles is banned\n|clearpoke\n|poke|p1|Slowbro-Galar, F|\n|poke|p1|Slowbro, M|\n|poke|p1|Slowbro-Galar, F|\n|poke|p1|Slowbro, F|\n|poke|p1|Slowbro-Galar, F|\n|poke|p1|Slowbro, M|\n|poke|p2|Calyrex-Shadow|\n|poke|p2|Flittle, F|\n|poke|p2|Scyther, F|\n|poke|p2|Gardevoir, M|\n|poke|p2|Grumpig, M|\n|poke|p2|Azelf|\n|teampreview\n|\n|t:|1698609983\n|start\n|switch|p1a: Mano Lombra|Slowbro-Galar, F, shiny|100\/100\n|switch|p2a: Grumpig|Grumpig, M|100\/100\n|turn|1\n|\n|t:|1698609987\n|move|p2a: Grumpig|Simple Beam|p1a: Mano Lombra\n|-endability|p1a: Mano Lombra|Quick Draw|[from] move: Simple Beam\n|-ability|p1a: Mano Lombra|Simple|[from] move: Simple Beam\n|move|p1a: Mano Lombra|Yawn|p2a: Grumpig\n|-start|p2a: Grumpig|move: Yawn|[of] p1a: Mano Lombra\n|\n|upkeep\n|turn|2\n|\n|t:|1698609995\n|move|p2a: Grumpig|Metronome|p2a: Grumpig\n|move|p2a: Grumpig|Thunder|p1a: Mano Lombra|[from]move: Metronome\n|-damage|p1a: Mano Lombra|76\/100\n|move|p1a: Mano Lombra|Calm Mind|p1a: Mano Lombra\n|-boost|p1a: Mano Lombra|spa|2\n|-boost|p1a: Mano Lombra|spd|2\n|\n|-end|p2a: Grumpig|move: Yawn|[silent]\n|-status|p2a: Grumpig|slp\n|upkeep\n|turn|3\n|\n|t:|1698610003\n|switch|p2a: Gardevoir|Gardevoir, M|100\/100\n|-ability|p2a: Gardevoir|Simple|[from] ability: Trace|[of] p1a: Mano Lombra\n|move|p1a: Mano Lombra|Calm Mind|p1a: Mano Lombra\n|-boost|p1a: Mano Lombra|spa|2\n|-boost|p1a: Mano Lombra|spd|2\n|\n|upkeep\n|turn|4\n|\n|t:|1698610016\n|-terastallize|p2a: Gardevoir|Fire\n|move|p2a: Gardevoir|Double Team|p2a: Gardevoir\n|-boost|p2a: Gardevoir|evasion|2\n|move|p1a: Mano Lombra|Stored Power|p2a: Gardevoir|[miss]\n|-miss|p1a: Mano Lombra|p2a: Gardevoir\n|\n|upkeep\n|turn|5\n|\n|t:|1698610022\n|move|p2a: Gardevoir|Double Team|p2a: Gardevoir\n|-boost|p2a: Gardevoir|evasion|2\n|move|p1a: Mano Lombra|Calm Mind|p1a: Mano Lombra\n|-boost|p1a: Mano Lombra|spa|2\n|-boost|p1a: Mano Lombra|spd|2\n|\n|upkeep\n|turn|6\n|\n|t:|1698610027\n|move|p2a: Gardevoir|Double Team|p2a: Gardevoir\n|-boost|p2a: Gardevoir|evasion|2\n|move|p1a: Mano Lombra|Stored Power|p2a: Gardevoir|[miss]\n|-miss|p1a: Mano Lombra|p2a: Gardevoir\n|\n|upkeep\n|turn|7\n|\n|t:|1698610032\n|move|p2a: Gardevoir|Calm Mind|p2a: Gardevoir\n|-boost|p2a: Gardevoir|spa|2\n|-boost|p2a: Gardevoir|spd|2\n|move|p1a: Mano Lombra|Stored Power|p2a: Gardevoir\n|-damage|p2a: Gardevoir|0 fnt\n|faint|p2a: Gardevoir\n|\n|upkeep\n|\n|t:|1698610041\n|switch|p2a: Azelf|Azelf|100\/100\n|turn|8\n|\n|t:|1698610069\n|-terastallize|p1a: Mano Lombra|Bug\n|move|p2a: Azelf|Explosion|p1a: Mano Lombra\n|-damage|p1a: Mano Lombra|34\/100\n|faint|p2a: Azelf\n|move|p1a: Mano Lombra|Tera Blast|p2: Azelf|[notarget]\n|-fail|p1a: Mano Lombra\n|\n|upkeep\n|\n|t:|1698610076\n|switch|p2a: Calyrex|Calyrex-Shadow|100\/100\n|-ability|p2a: Calyrex|As One\n|-ability|p2a: Calyrex|Unnerve\n|turn|9\n|\n|t:|1698610082\n|move|p2a: Calyrex|Astral Barrage|p1a: Mano Lombra\n|-damage|p1a: Mano Lombra|11\/100\n|move|p1a: Mano Lombra|Stored Power|p2a: Calyrex\n|-resisted|p2a: Calyrex\n|-damage|p2a: Calyrex|0 fnt\n|faint|p2a: Calyrex\n|\n|upkeep\n|-message|Kromydas forfeited.\n|\n|win|Tinen\n|raw|Tinen's rating: 1012 &rarr; <strong>1060<\/strong><br \/>(+48 for winning)\n|raw|Kromydas's rating: 1105 &rarr; <strong>1073<\/strong><br \/>(-32 for losing)\n|l|\u203dKromydas\n","uploadtime":1698610097,"views":11,"p1id":"tinen","p2id":"kromydas","formatid":"gen9anythinggoes","rating":1060,"private":0,"password":""}