{"id":"gen9anythinggoes-1978823173","p1":"The King Dorko","p2":"Fergder","format":"[Gen 9] Anything Goes","log":"|j|\u2606The King Dorko\n|j|\u2606Fergder\n|t:|1698599442\n|gametype|singles\n|player|p1|The King Dorko|giovanni|\n|player|p2|Fergder|265|\n|teamsize|p1|6\n|teamsize|p2|6\n|gen|9\n|tier|[Gen 9] Anything Goes\n|rule|HP Percentage Mod: HP is shown in percentages\n|rule|Endless Battle Clause: Forcing endless battles is banned\n|clearpoke\n|poke|p1|Ambipom, F|\n|poke|p1|Typhlosion-Hisui, M|\n|poke|p1|Leavanny, F|\n|poke|p1|Donphan, M|\n|poke|p1|Palkia-Origin|\n|poke|p1|Kilowattrel, F|\n|poke|p2|Shaymin-Sky|\n|poke|p2|Sandaconda, F|\n|poke|p2|Brambleghast, M|\n|poke|p2|Illumise, F|\n|poke|p2|Hoopa-Unbound|\n|poke|p2|Arcanine-Hisui, F|\n|teampreview\n|inactive|Battle timer is ON: inactive players will automatically lose when time's up. (requested by The King Dorko)\n|\n|t:|1698599471\n|start\n|switch|p1a: Ambipom|Ambipom, F, shiny|100\/100\n|switch|p2a: Illumise|Illumise, F|100\/100\n|turn|1\n|\n|t:|1698599477\n|move|p1a: Ambipom|Fake Out|p2a: Illumise\n|-enditem|p1a: Ambipom|Normal Gem|[from] gem\n|-damage|p2a: Illumise|54\/100\n|-enditem|p2a: Illumise|Red Card|[of] p1a: Ambipom\n|drag|p1a: Typhlosion|Typhlosion-Hisui, M, shiny|100\/100\n|cant|p2a: Illumise|flinch\n|\n|upkeep\n|turn|2\n|\n|t:|1698599493\n|move|p2a: Illumise|Tailwind|p2a: Illumise\n|-sidestart|p2: Fergder|move: Tailwind\n|move|p1a: Typhlosion|Eruption|p2a: Illumise\n|-supereffective|p2a: Illumise\n|-damage|p2a: Illumise|0 fnt\n|faint|p2a: Illumise\n|\n|upkeep\n|\n|t:|1698599501\n|switch|p2a: Sandaconda|Sandaconda, F|100\/100\n|turn|3\n|\n|t:|1698599514\n|switch|p1a: Kilowattrel|Kilowattrel, F, shiny|100\/100\n|move|p2a: Sandaconda|Coil|p2a: Sandaconda\n|-boost|p2a: Sandaconda|atk|1\n|-boost|p2a: Sandaconda|def|1\n|-boost|p2a: Sandaconda|accuracy|1\n|\n|upkeep\n|turn|4\n|\n|t:|1698599524\n|move|p2a: Sandaconda|Rock Blast|p1a: Kilowattrel\n|-supereffective|p1a: Kilowattrel\n|-damage|p1a: Kilowattrel|56\/100\n|-supereffective|p1a: Kilowattrel\n|-damage|p1a: Kilowattrel|10\/100\n|-supereffective|p1a: Kilowattrel\n|-damage|p1a: Kilowattrel|0 fnt\n|faint|p1a: Kilowattrel\n|-hitcount|p1: Kilowattrel|3\n|\n|upkeep\n|\n|t:|1698599539\n|switch|p1a: Ambipom|Ambipom, F, shiny|100\/100\n|turn|5\n|\n|t:|1698599541\n|move|p1a: Ambipom|Fake Out|p2a: Sandaconda\n|-damage|p2a: Sandaconda|86\/100\n|cant|p2a: Sandaconda|flinch\n|\n|-sideend|p2: Fergder|move: Tailwind\n|upkeep\n|turn|6\n|\n|t:|1698599546\n|move|p1a: Ambipom|Ice Punch|p2a: Sandaconda\n|-supereffective|p2a: Sandaconda\n|-damage|p2a: Sandaconda|64\/100\n|move|p2a: Sandaconda|Scale Shot|p1a: Ambipom\n|-damage|p1a: Ambipom|80\/100\n|-crit|p1a: Ambipom\n|-damage|p1a: Ambipom|49\/100\n|-damage|p1a: Ambipom|27\/100\n|-damage|p1a: Ambipom|7\/100\n|-hitcount|p1a: Ambipom|4\n|-unboost|p2a: Sandaconda|def|1\n|-boost|p2a: Sandaconda|spe|1\n|\n|upkeep\n|turn|7\n|\n|t:|1698599558\n|move|p1a: Ambipom|Ice Punch|p2a: Sandaconda\n|-supereffective|p2a: Sandaconda\n|-damage|p2a: Sandaconda|27\/100\n|move|p2a: Sandaconda|Rock Blast|p1a: Ambipom\n|-damage|p1a: Ambipom|0 fnt\n|faint|p1a: Ambipom\n|-hitcount|p1: Ambipom|1\n|\n|upkeep\n|\n|t:|1698599571\n|switch|p1a: Typhlosion|Typhlosion-Hisui, M, shiny|100\/100\n|turn|8\n|\n|t:|1698599573\n|move|p1a: Typhlosion|Eruption|p2a: Sandaconda\n|-damage|p2a: Sandaconda|0 fnt\n|faint|p2a: Sandaconda\n|\n|upkeep\n|\n|t:|1698599578\n|switch|p2a: Hoopa|Hoopa-Unbound|100\/100\n|turn|9\n|\n|t:|1698599587\n|move|p1a: Typhlosion|Eruption|p2a: Hoopa\n|-damage|p2a: Hoopa|56\/100\n|move|p2a: Hoopa|Hyperspace Fury|p1a: Typhlosion\n|-supereffective|p1a: Typhlosion\n|-damage|p1a: Typhlosion|0 fnt\n|-unboost|p2a: Hoopa|def|1\n|faint|p1a: Typhlosion\n|\n|upkeep\n|\n|t:|1698599595\n|switch|p1a: Leavanny|Leavanny, F, shiny|100\/100\n|turn|10\n|\n|t:|1698599602\n|move|p1a: Leavanny|Lunge|p2a: Hoopa\n|-supereffective|p2a: Hoopa\n|-damage|p2a: Hoopa|0 fnt\n|faint|p2a: Hoopa\n|\n|upkeep\n|\n|t:|1698599609\n|switch|p2a: Arcanine|Arcanine-Hisui, F|100\/100\n|turn|11\n|\n|t:|1698599622\n|move|p1a: Leavanny|Leaf Blade|p2a: Arcanine\n|-damage|p2a: Arcanine|60\/100\n|move|p2a: Arcanine|Flare Blitz|p1a: Leavanny\n|-supereffective|p1a: Leavanny\n|-enditem|p1a: Leavanny|Focus Sash\n|-damage|p1a: Leavanny|1\/100\n|\n|upkeep\n|turn|12\n|\n|t:|1698599635\n|move|p1a: Leavanny|Leaf Blade|p2a: Arcanine\n|-damage|p2a: Arcanine|15\/100\n|move|p2a: Arcanine|Morning Sun|p2a: Arcanine\n|-heal|p2a: Arcanine|65\/100\n|\n|upkeep\n|turn|13\n|\n|t:|1698599639\n|move|p1a: Leavanny|Leaf Blade|p2a: Arcanine\n|-damage|p2a: Arcanine|23\/100\n|move|p2a: Arcanine|Head Smash|p1a: Leavanny\n|-supereffective|p1a: Leavanny\n|-damage|p1a: Leavanny|0 fnt\n|faint|p1a: Leavanny\n|\n|upkeep\n|\n|t:|1698599648\n|switch|p1a: Donphan|Donphan, M, shiny|100\/100\n|turn|14\n|\n|t:|1698599657\n|move|p1a: Donphan|Rapid Spin|p2a: Arcanine\n|-resisted|p2a: Arcanine\n|-damage|p2a: Arcanine|15\/100\n|-boost|p1a: Donphan|spe|1\n|move|p2a: Arcanine|Flare Blitz|p1a: Donphan\n|-damage|p1a: Donphan|53\/100\n|\n|upkeep\n|turn|15\n|\n|t:|1698599674\n|move|p1a: Donphan|Earthquake|p2a: Arcanine\n|-supereffective|p2a: Arcanine\n|-damage|p2a: Arcanine|0 fnt\n|faint|p2a: Arcanine\n|\n|upkeep\n|\n|t:|1698599676\n|switch|p2a: Shaymin|Shaymin-Sky|100\/100\n|turn|16\n|\n|t:|1698599690\n|-terastallize|p1a: Donphan|Ghost\n|move|p1a: Donphan|Ice Shard|p2a: Shaymin\n|-supereffective|p2a: Shaymin\n|-damage|p2a: Shaymin|35\/100\n|move|p2a: Shaymin|Seed Flare|p1a: Donphan\n|-crit|p1a: Donphan\n|-damage|p1a: Donphan|0 fnt\n|faint|p1a: Donphan\n|\n|upkeep\n|\n|t:|1698599698\n|switch|p1a: Palkia|Palkia-Origin, shiny|100\/100\n|-ability|p1a: Palkia|Pressure\n|turn|17\n|\n|t:|1698599706\n|move|p2a: Shaymin|Seed Flare|p1a: Palkia\n|-damage|p1a: Palkia|48\/100\n|move|p1a: Palkia|Ice Beam|p2a: Shaymin\n|-supereffective|p2a: Shaymin\n|-damage|p2a: Shaymin|0 fnt\n|faint|p2a: Shaymin\n|\n|upkeep\n|j| LordRevan22\n|\n|t:|1698599708\n|switch|p2a: Brambleghast|Brambleghast, M|100\/100\n|turn|18\n|\n|t:|1698599715\n|move|p1a: Palkia|Ice Beam|p2a: Brambleghast\n|-supereffective|p2a: Brambleghast\n|-damage|p2a: Brambleghast|0 fnt\n|faint|p2a: Brambleghast\n|\n|win|The King Dorko\n|c|\u2606Fergder|Gg\n|l| LordRevan22\n|l|\u2606Fergder\n|j|\u2606Fergder\n|player|p2|Fergder|265\n","uploadtime":1698599722,"views":45,"p1id":"thekingdorko","p2id":"fergder","formatid":"gen9anythinggoes","rating":0,"private":0,"password":""}