{"id":"gen9anythinggoes-1993736808","p1":"Macacazx12","p2":"ValterCDS","format":"[Gen 9] Anything Goes","log":"|j|\u2606Macacazx12\n|j|\u2606ValterCDS\n|t:|1700351215\n|gametype|singles\n|player|p1|Macacazx12|2|\n|player|p2|ValterCDS|169|\n|teamsize|p1|6\n|teamsize|p2|6\n|gen|9\n|tier|[Gen 9] Anything Goes\n|rule|HP Percentage Mod: HP is shown in percentages\n|rule|Endless Battle Clause: Forcing endless battles is banned\n|clearpoke\n|poke|p1|Darkrai|\n|poke|p1|Rayquaza|\n|poke|p1|Gengar, M|\n|poke|p1|Lucario, F|\n|poke|p1|Hydreigon, F|\n|poke|p1|Lycanroc-Midnight, F|\n|poke|p2|Mamoswine, F|\n|poke|p2|Pelipper, M|\n|poke|p2|Jirachi|\n|poke|p2|Garchomp, F|\n|poke|p2|Ludicolo, F|\n|poke|p2|Infernape, F|\n|teampreview\n|\n|t:|1700351237\n|start\n|switch|p1a: Gengar|Gengar, M|100\/100\n|switch|p2a: lima mei|Garchomp, F|100\/100\n|turn|1\n|\n|t:|1700351257\n|move|p2a: lima mei|Stealth Rock|p1a: Gengar\n|-sidestart|p1: Macacazx12|move: Stealth Rock\n|move|p1a: Gengar|Foul Play|p2a: lima mei\n|-damage|p2a: lima mei|70\/100\n|-damage|p1a: Gengar|88\/100|[from] ability: Rough Skin|[of] p2a: lima mei\n|\n|upkeep\n|turn|2\n|\n|t:|1700351265\n|move|p2a: lima mei|Stone Edge|p1a: Gengar\n|-damage|p1a: Gengar|2\/100\n|-damage|p2a: lima mei|60\/100|[from] item: Life Orb\n|move|p1a: Gengar|Sunny Day|p1a: Gengar\n|-weather|SunnyDay\n|\n|-weather|SunnyDay|[upkeep]\n|upkeep\n|turn|3\n|\n|t:|1700351274\n|move|p2a: lima mei|Stone Edge|p1a: Gengar\n|-damage|p1a: Gengar|0 fnt\n|faint|p1a: Gengar\n|-damage|p2a: lima mei|51\/100|[from] item: Life Orb\n|\n|-weather|SunnyDay|[upkeep]\n|upkeep\n|\n|t:|1700351286\n|switch|p1a: Rayquaza|Rayquaza, shiny|100\/100\n|-damage|p1a: Rayquaza|76\/100|[from] Stealth Rock\n|-ability|p1a: Rayquaza|Air Lock\n|turn|4\n|\n|t:|1700351295\n|move|p2a: lima mei|Stone Edge|p1a: Rayquaza\n|-supereffective|p1a: Rayquaza\n|-damage|p1a: Rayquaza|0 fnt\n|faint|p1a: Rayquaza\n|-damage|p2a: lima mei|41\/100|[from] item: Life Orb\n|\n|-weather|SunnyDay|[upkeep]\n|upkeep\n|\n|t:|1700351301\n|switch|p1a: Hydreigon|Hydreigon, F|100\/100\n|-damage|p1a: Hydreigon|88\/100|[from] Stealth Rock\n|turn|5\n|\n|t:|1700351306\n|move|p2a: lima mei|Stone Edge|p1a: Hydreigon|[miss]\n|-miss|p2a: lima mei|p1a: Hydreigon\n|move|p1a: Hydreigon|U-turn|p2a: lima mei\n|-damage|p2a: lima mei|22\/100\n|-damage|p1a: Hydreigon|75\/100|[from] ability: Rough Skin|[of] p2a: lima mei\n|\n|t:|1700351315\n|switch|p1a: Lycanroc|Lycanroc-Midnight, F|100\/100|[from] U-turn\n|-damage|p1a: Lycanroc|88\/100|[from] Stealth Rock\n|\n|-weather|SunnyDay|[upkeep]\n|upkeep\n|turn|6\n|\n|t:|1700351323\n|move|p2a: lima mei|Earthquake|p1a: Lycanroc\n|-supereffective|p1a: Lycanroc\n|-damage|p1a: Lycanroc|0 fnt\n|faint|p1a: Lycanroc\n|-damage|p2a: lima mei|13\/100|[from] item: Life Orb\n|\n|-weather|none\n|upkeep\n|\n|t:|1700351329\n|switch|p1a: Hydreigon|Hydreigon, F|75\/100\n|-damage|p1a: Hydreigon|63\/100|[from] Stealth Rock\n|turn|7\n|\n|t:|1700351333\n|move|p2a: lima mei|Stone Edge|p1a: Hydreigon\n|-crit|p1a: Hydreigon\n|-damage|p1a: Hydreigon|0 fnt\n|faint|p1a: Hydreigon\n|-damage|p2a: lima mei|3\/100|[from] item: Life Orb\n|\n|upkeep\n|\n|t:|1700351339\n|switch|p1a: Darkrai|Darkrai, shiny|100\/100\n|-damage|p1a: Darkrai|88\/100|[from] Stealth Rock\n|turn|8\n|\n|t:|1700351344\n|move|p2a: lima mei|Stone Edge|p1a: Darkrai|[miss]\n|-miss|p2a: lima mei|p1a: Darkrai\n|move|p1a: Darkrai|Hypnosis|p2a: lima mei\n|-status|p2a: lima mei|slp|[from] move: Hypnosis\n|\n|-damage|p2a: lima mei|0 fnt|[from] ability: Bad Dreams|[of] p1a: Darkrai\n|faint|p2a: lima mei\n|upkeep\n|\n|t:|1700351360\n|switch|p2a: Jirachi|Jirachi|100\/100\n|turn|9\n|\n|t:|1700351364\n|move|p2a: Jirachi|U-turn|p1a: Darkrai\n|-supereffective|p1a: Darkrai\n|-damage|p1a: Darkrai|46\/100\n|\n|t:|1700351370\n|switch|p2a: ticomia|Ludicolo, F|100\/100|[from] U-turn\n|move|p1a: Darkrai|Hypnosis|p2a: ticomia\n|-status|p2a: ticomia|slp|[from] move: Hypnosis\n|\n|-damage|p2a: ticomia|88\/100 slp|[from] ability: Bad Dreams|[of] p1a: Darkrai\n|upkeep\n|turn|10\n|\n|t:|1700351378\n|switch|p2a: Jirachi|Jirachi|100\/100\n|move|p1a: Darkrai|Calm Mind|p1a: Darkrai\n|-boost|p1a: Darkrai|spa|1\n|-boost|p1a: Darkrai|spd|1\n|\n|upkeep\n|turn|11\n|\n|t:|1700351386\n|move|p2a: Jirachi|U-turn|p1a: Darkrai\n|-supereffective|p1a: Darkrai\n|-damage|p1a: Darkrai|0 fnt\n|faint|p1a: Darkrai\n|\n|t:|1700351390\n|switch|p2a: Shu passeios|Mamoswine, F|100\/100|[from] U-turn\n|\n|upkeep\n|\n|t:|1700351394\n|switch|p1a: Lucario|Lucario, F, shiny|100\/100\n|-damage|p1a: Lucario|98\/100|[from] Stealth Rock\n|turn|12\n|\n|t:|1700351400\n|-terastallize|p1a: Lucario|Fighting\n|move|p1a: Lucario|Swords Dance|p1a: Lucario\n|-boost|p1a: Lucario|atk|2\n|move|p2a: Shu passeios|Icicle Crash|p1a: Lucario\n|-crit|p1a: Lucario\n|-damage|p1a: Lucario|0 fnt\n|faint|p1a: Lucario\n|-damage|p2a: Shu passeios|91\/100|[from] item: Life Orb\n|\n|win|ValterCDS\n","uploadtime":1700351409,"views":18,"p1id":"macacazx12","p2id":"valtercds","formatid":"gen9anythinggoes","rating":0,"private":0,"password":""}