{"id":"gen9anythinggoes-1989205432","p1":"Oxygon","p2":"LordSriracha","format":"[Gen 9] Anything Goes","log":"|j|\u2606Oxygon\n|j|\u2606LordSriracha\n|t:|1699823253\n|gametype|singles\n|player|p1|Oxygon|aaron|\n|player|p2|LordSriracha|gentleman-gen4dp|\n|teamsize|p1|6\n|teamsize|p2|6\n|gen|9\n|tier|[Gen 9] Anything Goes\n|rule|HP Percentage Mod: HP is shown in percentages\n|rule|Endless Battle Clause: Forcing endless battles is banned\n|clearpoke\n|poke|p1|Thwackey, M|\n|poke|p1|Sneasler, F|\n|poke|p1|Dudunsparce-*, M|\n|poke|p1|Manaphy|\n|poke|p1|Goodra-Hisui, F|\n|poke|p1|Weezing-Galar, F|\n|poke|p2|Sandslash-Alola, M|\n|poke|p2|Zarude|\n|poke|p2|Azumarill, F|\n|poke|p2|Gliscor, F|\n|poke|p2|Slowking-Galar, F|\n|poke|p2|Forretress, F|\n|teampreview\n|\n|t:|1699823272\n|start\n|switch|p1a: Cranky Kong|Dudunsparce, M|100\/100\n|switch|p2a: Magellan|Slowking-Galar, F|100\/100\n|turn|1\n|\n|t:|1699823279\n|move|p1a: Cranky Kong|Boomburst|p2a: Magellan\n|-damage|p2a: Magellan|58\/100\n|move|p2a: Magellan|Trick|p1a: Cranky Kong\n|-activate|p2a: Magellan|move: Trick|[of] p1a: Cranky Kong\n|-item|p1a: Cranky Kong|Black Sludge|[from] move: Trick\n|-item|p2a: Magellan|Choice Specs|[from] move: Trick\n|\n|-damage|p1a: Cranky Kong|88\/100|[from] item: Black Sludge\n|upkeep\n|turn|2\n|\n|t:|1699823307\n|switch|p2a: Jozu|Forretress, F|100\/100\n|move|p1a: Cranky Kong|Glare|p2a: Jozu\n|-status|p2a: Jozu|par\n|\n|-damage|p1a: Cranky Kong|76\/100|[from] item: Black Sludge\n|upkeep\n|turn|3\n|\n|t:|1699823322\n|move|p1a: Cranky Kong|Flamethrower|p2a: Jozu\n|-supereffective|p2a: Jozu\n|-damage|p2a: Jozu|44\/100 par\n|move|p2a: Jozu|Heavy Slam|p1a: Cranky Kong\n|-damage|p1a: Cranky Kong|51\/100\n|\n|-damage|p1a: Cranky Kong|39\/100|[from] item: Black Sludge\n|upkeep\n|turn|4\n|\n|t:|1699823370\n|switch|p2a: Magellan|Slowking-Galar, F|92\/100\n|move|p1a: Cranky Kong|Flamethrower|p2a: Magellan\n|-damage|p2a: Magellan|80\/100\n|\n|-damage|p1a: Cranky Kong|27\/100|[from] item: Black Sludge\n|upkeep\n|turn|5\n|\n|t:|1699823392\n|move|p1a: Cranky Kong|Glare|p2a: Magellan\n|-status|p2a: Magellan|par\n|move|p2a: Magellan|Chilly Reception|p2a: Magellan\n|-weather|Snow\n|\n|t:|1699823414\n|switch|p2a: Ryokugyu|Zarude|100\/100|[from] Chilly Reception\n|\n|-weather|Snow|[upkeep]\n|-damage|p1a: Cranky Kong|14\/100|[from] item: Black Sludge\n|upkeep\n|turn|6\n|\n|t:|1699823426\n|switch|p1a: Bluster Kong|Weezing-Galar, F|100\/100\n|-ability|p1a: Bluster Kong|Neutralizing Gas\n|move|p2a: Ryokugyu|Close Combat|p1a: Bluster Kong\n|-resisted|p1a: Bluster Kong\n|-damage|p1a: Bluster Kong|95\/100\n|-unboost|p2a: Ryokugyu|def|1\n|-unboost|p2a: Ryokugyu|spd|1\n|-damage|p2a: Ryokugyu|84\/100|[from] item: Rocky Helmet|[of] p1a: Bluster Kong\n|\n|-weather|Snow|[upkeep]\n|upkeep\n|turn|7\n|\n|t:|1699823469\n|switch|p2a: Magellan|Slowking-Galar, F|100\/100 par\n|move|p1a: Bluster Kong|Strange Steam|p2a: Magellan\n|-resisted|p2a: Magellan\n|-damage|p2a: Magellan|93\/100 par\n|\n|-weather|Snow|[upkeep]\n|upkeep\n|turn|8\n|\n|t:|1699823507\n|-end|p1a: Bluster Kong|ability: Neutralizing Gas\n|switch|p1a: Funky Kong|Goodra-Hisui, F, shiny|100\/100\n|switch|p2a: Ryokugyu|Zarude|84\/100\n|\n|-weather|Snow|[upkeep]\n|upkeep\n|turn|9\n|\n|t:|1699823528\n|switch|p1a: Bluster Kong|Weezing-Galar, F|95\/100\n|-ability|p1a: Bluster Kong|Neutralizing Gas\n|move|p2a: Ryokugyu|Knock Off|p1a: Bluster Kong\n|-resisted|p1a: Bluster Kong\n|-damage|p1a: Bluster Kong|81\/100\n|-damage|p2a: Ryokugyu|67\/100|[from] item: Rocky Helmet|[of] p1a: Bluster Kong\n|-enditem|p1a: Bluster Kong|Rocky Helmet|[from] move: Knock Off|[of] p2a: Ryokugyu\n|\n|-weather|none\n|upkeep\n|turn|10\n|\n|t:|1699823574\n|switch|p2a: Jozu|Forretress, F|44\/100 par\n|-end|p1a: Bluster Kong|ability: Neutralizing Gas\n|switch|p1a: Funky Kong|Goodra-Hisui, F, shiny|100\/100\n|\n|upkeep\n|turn|11\n|\n|t:|1699823601\n|move|p1a: Funky Kong|Knock Off|p2a: Jozu\n|-damage|p2a: Jozu|28\/100 par\n|-enditem|p2a: Jozu|Assault Vest|[from] move: Knock Off|[of] p1a: Funky Kong\n|move|p2a: Jozu|Volt Switch|p1a: Funky Kong\n|-resisted|p1a: Funky Kong\n|-damage|p1a: Funky Kong|98\/100\n|\n|t:|1699823619\n|switch|p2a: Ryokugyu|Zarude|67\/100|[from] Volt Switch\n|\n|upkeep\n|turn|12\n|\n|t:|1699823629\n|move|p2a: Ryokugyu|Taunt|p1a: Funky Kong\n|-start|p1a: Funky Kong|move: Taunt\n|move|p1a: Funky Kong|Ice Beam|p2a: Ryokugyu\n|-supereffective|p2a: Ryokugyu\n|-damage|p2a: Ryokugyu|14\/100\n|\n|upkeep\n|turn|13\n|\n|t:|1699823660\n|switch|p1a: Bluster Kong|Weezing-Galar, F|81\/100\n|-ability|p1a: Bluster Kong|Neutralizing Gas\n|move|p2a: Ryokugyu|Knock Off|p1a: Bluster Kong\n|-resisted|p1a: Bluster Kong\n|-damage|p1a: Bluster Kong|71\/100\n|\n|upkeep\n|turn|14\n|\n|t:|1699823825\n|switch|p2a: Jozu|Forretress, F|28\/100 par\n|-end|p1a: Bluster Kong|ability: Neutralizing Gas\n|switch|p1a: Funky Kong|Goodra-Hisui, F, shiny|98\/100\n|\n|upkeep\n|turn|15\n|\n|t:|1699823853\n|move|p1a: Funky Kong|Flash Cannon|p2a: Jozu\n|-resisted|p2a: Jozu\n|-damage|p2a: Jozu|10\/100 par\n|move|p2a: Jozu|Body Press|p1a: Funky Kong\n|-supereffective|p1a: Funky Kong\n|-damage|p1a: Funky Kong|60\/100\n|-ability|p1a: Funky Kong|Gooey\n|-unboost|p2a: Jozu|spe|1\n|\n|upkeep\n|turn|16\n|\n|t:|1699823875\n|move|p1a: Funky Kong|Flash Cannon|p2a: Jozu\n|-resisted|p2a: Jozu\n|-damage|p2a: Jozu|0 fnt\n|faint|p2a: Jozu\n|\n|upkeep\n|\n|t:|1699823891\n|switch|p2a: Aokiji|Sandslash-Alola, M|100\/100\n|turn|17\n|\n|t:|1699823914\n|switch|p1a: Cranky Kong|Dudunsparce, M|14\/100\n|-terastallize|p2a: Aokiji|Electric\n|move|p2a: Aokiji|Low Kick|p1a: Cranky Kong\n|-supereffective|p1a: Cranky Kong\n|-damage|p1a: Cranky Kong|0 fnt\n|faint|p1a: Cranky Kong\n|-damage|p2a: Aokiji|91\/100|[from] item: Life Orb\n|\n|upkeep\n|\n|t:|1699823933\n|switch|p1a: Lanky Kong|Sneasler, F|100\/100\n|turn|18\n|\n|t:|1699823944\n|switch|p2a: Marco|Gliscor, F, shiny|100\/100\n|move|p1a: Lanky Kong|Bulk Up|p1a: Lanky Kong\n|-boost|p1a: Lanky Kong|atk|1\n|-boost|p1a: Lanky Kong|def|1\n|\n|-status|p2a: Marco|tox|[from] item: Toxic Orb\n|upkeep\n|turn|19\n|\n|t:|1699823966\n|move|p1a: Lanky Kong|Bulk Up|p1a: Lanky Kong\n|-boost|p1a: Lanky Kong|atk|1\n|-boost|p1a: Lanky Kong|def|1\n|move|p2a: Marco|Swords Dance|p2a: Marco\n|-boost|p2a: Marco|atk|2\n|\n|upkeep\n|turn|20\n|\n|t:|1699823996\n|move|p1a: Lanky Kong|Bulk Up|p1a: Lanky Kong\n|-boost|p1a: Lanky Kong|atk|1\n|-boost|p1a: Lanky Kong|def|1\n|move|p2a: Marco|Facade|p1a: Lanky Kong\n|-damage|p1a: Lanky Kong|68\/100\n|\n|upkeep\n|turn|21\n|\n|t:|1699824017\n|move|p1a: Lanky Kong|Bulk Up|p1a: Lanky Kong\n|-boost|p1a: Lanky Kong|atk|1\n|-boost|p1a: Lanky Kong|def|1\n|move|p2a: Marco|Swords Dance|p2a: Marco\n|-boost|p2a: Marco|atk|2\n|\n|upkeep\n|turn|22\n|\n|t:|1699824049\n|move|p1a: Lanky Kong|Bulk Up|p1a: Lanky Kong\n|-boost|p1a: Lanky Kong|atk|1\n|-boost|p1a: Lanky Kong|def|1\n|move|p2a: Marco|Agility|p2a: Marco\n|-boost|p2a: Marco|spe|2\n|\n|upkeep\n|turn|23\n|\n|t:|1699824066\n|move|p2a: Marco|Facade|p1a: Lanky Kong\n|-damage|p1a: Lanky Kong|35\/100\n|move|p1a: Lanky Kong|Acrobatics|p2a: Marco\n|-damage|p2a: Marco|50\/100 tox\n|\n|-heal|p2a: Marco|62\/100 tox|[from] ability: Poison Heal\n|upkeep\n|turn|24\n|\n|t:|1699824080\n|move|p1a: Lanky Kong|Endure|p1a: Lanky Kong\n|-singleturn|p1a: Lanky Kong|move: Endure\n|move|p2a: Marco|High Horsepower|p1a: Lanky Kong\n|-supereffective|p1a: Lanky Kong\n|-activate|p1a: Lanky Kong|move: Endure\n|-damage|p1a: Lanky Kong|1\/100\n|-enditem|p1a: Lanky Kong|Weakness Policy\n|-boost|p1a: Lanky Kong|atk|1|[from] item: Weakness Policy\n|-boost|p1a: Lanky Kong|spa|2|[from] item: Weakness Policy\n|\n|-heal|p2a: Marco|75\/100 tox|[from] ability: Poison Heal\n|upkeep\n|turn|25\n|\n|t:|1699824107\n|switch|p2a: Ryokugyu|Zarude|14\/100\n|move|p1a: Lanky Kong|Reversal|p2a: Ryokugyu\n|-supereffective|p2a: Ryokugyu\n|-damage|p2a: Ryokugyu|0 fnt\n|faint|p2a: Ryokugyu\n|\n|upkeep\n|\n|t:|1699824125\n|switch|p2a: Fujitora|Azumarill, F|100\/100\n|turn|26\n|\n|t:|1699824130\n|move|p1a: Lanky Kong|Endure|p1a: Lanky Kong\n|-singleturn|p1a: Lanky Kong|move: Endure\n|move|p2a: Fujitora|Aqua Jet|p1a: Lanky Kong\n|-activate|p1a: Lanky Kong|move: Endure\n|-damage|p1a: Lanky Kong|1\/100\n|\n|upkeep\n|turn|27\n|\n|t:|1699824151\n|switch|p1a: Diddy Kong|Thwackey, M|100\/100\n|-fieldstart|move: Grassy Terrain|[from] ability: Grassy Surge|[of] p1a: Diddy Kong\n|move|p2a: Fujitora|Aqua Jet|p1a: Diddy Kong\n|-resisted|p1a: Diddy Kong\n|-damage|p1a: Diddy Kong|91\/100\n|\n|-heal|p1a: Diddy Kong|97\/100|[from] Grassy Terrain\n|upkeep\n|turn|28\n|\n|t:|1699824183\n|switch|p2a: Magellan|Slowking-Galar, F|100\/100 par\n|move|p1a: Diddy Kong|Swords Dance|p1a: Diddy Kong\n|-boost|p1a: Diddy Kong|atk|2\n|\n|-heal|p1a: Diddy Kong|100\/100|[from] Grassy Terrain\n|upkeep\n|turn|29\n|\n|t:|1699824220\n|move|p1a: Diddy Kong|Knock Off|p2a: Magellan\n|-supereffective|p2a: Magellan\n|-damage|p2a: Magellan|8\/100 par\n|-enditem|p2a: Magellan|Choice Specs|[from] move: Knock Off|[of] p1a: Diddy Kong\n|cant|p2a: Magellan|par\n|\n|-heal|p2a: Magellan|14\/100 par|[from] Grassy Terrain\n|upkeep\n|turn|30\n|\n|t:|1699824234\n|move|p1a: Diddy Kong|Knock Off|p2a: Magellan\n|-supereffective|p2a: Magellan\n|-damage|p2a: Magellan|0 fnt\n|faint|p2a: Magellan\n|\n|upkeep\n|\n|t:|1699824262\n|switch|p2a: Aokiji|Sandslash-Alola, M, tera:Electric|91\/100\n|turn|31\n|\n|t:|1699824271\n|-terastallize|p1a: Diddy Kong|Steel\n|move|p1a: Diddy Kong|Grassy Glide|p2a: Aokiji\n|-damage|p2a: Aokiji|32\/100\n|move|p2a: Aokiji|Ice Spinner|p1a: Diddy Kong\n|-resisted|p1a: Diddy Kong\n|-damage|p1a: Diddy Kong|78\/100\n|-fieldend|move: Grassy Terrain\n|-damage|p2a: Aokiji|22\/100|[from] item: Life Orb\n|\n|upkeep\n|turn|32\n|\n|t:|1699824298\n|move|p1a: Diddy Kong|Grassy Glide|p2a: Aokiji\n|-damage|p2a: Aokiji|0 fnt\n|faint|p2a: Aokiji\n|\n|upkeep\n|\n|t:|1699824311\n|switch|p2a: Marco|Gliscor, F, shiny|75\/100 tox\n|turn|33\n|\n|t:|1699824333\n|switch|p1a: Tiny Kong|Manaphy|100\/100\n|move|p2a: Marco|High Horsepower|p1a: Tiny Kong|[miss]\n|-miss|p2a: Marco|p1a: Tiny Kong\n|\n|-heal|p2a: Marco|87\/100 tox|[from] ability: Poison Heal\n|upkeep\n|turn|34\n|\n|t:|1699824356\n|switch|p2a: Fujitora|Azumarill, F|100\/100\n|move|p1a: Tiny Kong|Tail Glow|p1a: Tiny Kong\n|-boost|p1a: Tiny Kong|spa|3\n|\n|upkeep\n|turn|35\n|\n|t:|1699824363\n|move|p1a: Tiny Kong|Energy Ball|p2a: Fujitora\n|-supereffective|p2a: Fujitora\n|-damage|p2a: Fujitora|34\/100\n|move|p2a: Fujitora|Knock Off|p1a: Tiny Kong\n|-damage|p1a: Tiny Kong|74\/100\n|-enditem|p1a: Tiny Kong|Rindo Berry|[from] move: Knock Off|[of] p2a: Fujitora\n|\n|upkeep\n|turn|36\n|\n|t:|1699824375\n|move|p1a: Tiny Kong|Energy Ball|p2a: Fujitora\n|-supereffective|p2a: Fujitora\n|-damage|p2a: Fujitora|0 fnt\n|faint|p2a: Fujitora\n|\n|upkeep\n|\n|t:|1699824383\n|switch|p2a: Marco|Gliscor, F, shiny|87\/100 tox\n|turn|37\n|\n|t:|1699824392\n|move|p1a: Tiny Kong|Scald|p2a: Marco\n|-supereffective|p2a: Marco\n|-damage|p2a: Marco|0 fnt\n|faint|p2a: Marco\n|\n|win|Oxygon\n|c|\u2606Oxygon|GG man that Gliscor was dangerous\n|c|\u2606LordSriracha|Yeah it would have crazy swept.\n|c|\u2606LordSriracha|Gg dude. Ill get you in the playoffs.\n|c|\u2606Oxygon|It'll be rematch of the century\n|c|\u2606LordSriracha|Lol\n|c|\u2606LordSriracha|Fucking thwacky dude\n|c|\u2606Oxygon|Yeah trading Sneasel for it like 3 weeks ago was so clutch\n|c|\u2606LordSriracha|Literally.\n|c|\u2606LordSriracha|Anyways gg. Im gonna go eat ice cream and cry\n|c|\u2606Oxygon|I will also do that but for unrelated reasons and also laughing\n","uploadtime":1699824555,"views":6,"p1id":"oxygon","p2id":"lordsriracha","formatid":"gen9anythinggoes","rating":0,"private":0,"password":""}