{"id":"gen9anythinggoes-1989877920","p1":"hghyhg","p2":"AiryHfjOne","format":"[Gen 9] Anything Goes","log":"|j|\u2606hghyhg\n|j|\u2606AiryHfjOne\n|t:|1699903233\n|gametype|singles\n|player|p1|hghyhg|101|1028\n|player|p2|AiryHfjOne|alec-anime|1117\n|teamsize|p1|4\n|teamsize|p2|6\n|gen|9\n|tier|[Gen 9] Anything Goes\n|rated|\n|rule|HP Percentage Mod: HP is shown in percentages\n|rule|Endless Battle Clause: Forcing endless battles is banned\n|clearpoke\n|poke|p1|Cloyster, F|\n|poke|p1|Hoopa-Unbound|\n|poke|p1|Darkrai|\n|poke|p1|Giratina-Origin|\n|poke|p2|Tatsugiri-Droopy, M|\n|poke|p2|Dachsbun, F|\n|poke|p2|Farigiraf, F|\n|poke|p2|Clodsire, M|\n|poke|p2|Skeledirge, F|\n|poke|p2|Corviknight, M|\n|teampreview\n|\n|t:|1699903243\n|start\n|switch|p1a: Darkrai|Darkrai|100\/100\n|switch|p2a: Farigiraf|Farigiraf, F, shiny|100\/100\n|turn|1\n|inactive|Battle timer is ON: inactive players will automatically lose when time's up. (requested by hghyhg)\n|\n|t:|1699903253\n|-terastallize|p1a: Darkrai|Dark\n|move|p1a: Darkrai|Dark Pulse|p2a: Farigiraf\n|-supereffective|p2a: Farigiraf\n|-crit|p2a: Farigiraf\n|-damage|p2a: Farigiraf|0 fnt\n|faint|p2a: Farigiraf\n|\n|upkeep\n|\n|t:|1699903264\n|switch|p2a: Tatsugiri|Tatsugiri-Droopy, M|100\/100\n|turn|2\n|\n|t:|1699903270\n|-terastallize|p2a: Tatsugiri|Fairy\n|move|p1a: Darkrai|Hypnosis|p2a: Tatsugiri\n|-status|p2a: Tatsugiri|slp|[from] move: Hypnosis\n|cant|p2a: Tatsugiri|slp\n|\n|-damage|p2a: Tatsugiri|88\/100 slp|[from] ability: Bad Dreams|[of] p1a: Darkrai\n|upkeep\n|turn|3\n|\n|t:|1699903280\n|move|p1a: Darkrai|Calm Mind|p1a: Darkrai\n|-boost|p1a: Darkrai|spa|1\n|-boost|p1a: Darkrai|spd|1\n|cant|p2a: Tatsugiri|slp\n|\n|-damage|p2a: Tatsugiri|76\/100 slp|[from] ability: Bad Dreams|[of] p1a: Darkrai\n|upkeep\n|turn|4\n|\n|t:|1699903286\n|move|p1a: Darkrai|Calm Mind|p1a: Darkrai\n|-boost|p1a: Darkrai|spa|1\n|-boost|p1a: Darkrai|spd|1\n|-curestatus|p2a: Tatsugiri|slp|[msg]\n|move|p2a: Tatsugiri|Surf|p1a: Darkrai\n|-damage|p1a: Darkrai|76\/100\n|\n|upkeep\n|turn|5\n|\n|t:|1699903295\n|move|p1a: Darkrai|Dark Pulse|p2a: Tatsugiri\n|-resisted|p2a: Tatsugiri\n|-damage|p2a: Tatsugiri|30\/100\n|move|p2a: Tatsugiri|Mirror Coat|p1a: Darkrai\n|-immune|p1a: Darkrai\n|\n|upkeep\n|turn|6\n|c|\u2606AiryHfjOne|oh right\n|c|\u2606AiryHfjOne|I thought that said fighting idk why i thought it said tera fighting it's fucking black\n|inactive|AiryHfjOne has 120 seconds left.\n|\n|t:|1699903330\n|move|p1a: Darkrai|Ice Beam|p2a: Tatsugiri\n|-damage|p2a: Tatsugiri|0 fnt\n|faint|p2a: Tatsugiri\n|\n|upkeep\n|inactive|AiryHfjOne has 120 seconds left.\n|\n|t:|1699903336\n|switch|p2a: Dachsbun|Dachsbun, F, shiny|100\/100\n|turn|7\n|\n|t:|1699903343\n|move|p1a: Darkrai|Hypnosis|p2a: Dachsbun\n|-status|p2a: Dachsbun|slp|[from] move: Hypnosis\n|cant|p2a: Dachsbun|slp\n|\n|-damage|p2a: Dachsbun|88\/100 slp|[from] ability: Bad Dreams|[of] p1a: Darkrai\n|upkeep\n|turn|8\n|\n|t:|1699903349\n|move|p1a: Darkrai|Ice Beam|p2a: Dachsbun\n|-damage|p2a: Dachsbun|6\/100 slp\n|-curestatus|p2a: Dachsbun|slp|[msg]\n|move|p2a: Dachsbun|Body Press|p1a: Darkrai\n|-supereffective|p1a: Darkrai\n|-damage|p1a: Darkrai|0 fnt\n|faint|p1a: Darkrai\n|\n|upkeep\n|\n|t:|1699903356\n|switch|p1a: Hoopa|Hoopa-Unbound|100\/100\n|turn|9\n|\n|t:|1699903363\n|move|p2a: Dachsbun|Protect|p2a: Dachsbun\n|-singleturn|p2a: Dachsbun|Protect\n|move|p1a: Hoopa|Ice Punch|p2a: Dachsbun\n|-activate|p2a: Dachsbun|move: Protect\n|\n|upkeep\n|turn|10\n|\n|t:|1699903377\n|move|p1a: Hoopa|Ice Punch|p2a: Dachsbun\n|-damage|p2a: Dachsbun|0 fnt\n|-damage|p1a: Hoopa|84\/100|[from] item: Rocky Helmet|[of] p2a: Dachsbun\n|faint|p2a: Dachsbun\n|\n|upkeep\n|\n|t:|1699903384\n|switch|p2a: Corviknight|Corviknight, M, shiny|100\/100\n|-ability|p2a: Corviknight|Pressure\n|turn|11\n|\n|t:|1699903389\n|move|p1a: Hoopa|Fire Punch|p2a: Corviknight\n|-supereffective|p2a: Corviknight\n|-damage|p2a: Corviknight|61\/100\n|-damage|p1a: Hoopa|67\/100|[from] item: Rocky Helmet|[of] p2a: Corviknight\n|move|p2a: Corviknight|Brave Bird|p1a: Hoopa\n|-damage|p1a: Hoopa|0 fnt\n|faint|p1a: Hoopa\n|-damage|p2a: Corviknight|45\/100|[from] Recoil\n|\n|upkeep\n|\n|t:|1699903395\n|switch|p1a: Giratina|Giratina-Origin|100\/100\n|turn|12\n|\n|t:|1699903402\n|move|p1a: Giratina|Shadow Force||[still]\n|-prepare|p1a: Giratina|Shadow Force\n|move|p2a: Corviknight|Roost|p2a: Corviknight\n|-heal|p2a: Corviknight|95\/100\n|-singleturn|p2a: Corviknight|move: Roost\n|\n|upkeep\n|turn|13\n|\n|t:|1699903414\n|move|p1a: Giratina|Shadow Force|p2a: Corviknight|[from]lockedmove\n|-damage|p2a: Corviknight|59\/100\n|-damage|p1a: Giratina|84\/100|[from] item: Rocky Helmet|[of] p2a: Corviknight\n|move|p2a: Corviknight|Brave Bird|p1a: Giratina\n|-damage|p1a: Giratina|59\/100\n|-damage|p2a: Corviknight|48\/100|[from] Recoil\n|\n|upkeep\n|turn|14\n|\n|t:|1699903427\n|move|p1a: Giratina|Shadow Force||[still]\n|-prepare|p1a: Giratina|Shadow Force\n|move|p2a: Corviknight|Roost|p2a: Corviknight\n|-heal|p2a: Corviknight|98\/100\n|-singleturn|p2a: Corviknight|move: Roost\n|\n|upkeep\n|turn|15\n|\n|t:|1699903437\n|move|p1a: Giratina|Shadow Force|p2a: Corviknight|[from]lockedmove\n|-damage|p2a: Corviknight|64\/100\n|-damage|p1a: Giratina|42\/100|[from] item: Rocky Helmet|[of] p2a: Corviknight\n|move|p2a: Corviknight|Brave Bird|p1a: Giratina\n|-damage|p1a: Giratina|17\/100\n|-damage|p2a: Corviknight|54\/100|[from] Recoil\n|\n|upkeep\n|turn|16\n|\n|t:|1699903445\n|move|p1a: Giratina|Dragon Pulse|p2a: Corviknight\n|-resisted|p2a: Corviknight\n|-damage|p2a: Corviknight|27\/100\n|move|p2a: Corviknight|Roost|p2a: Corviknight\n|-heal|p2a: Corviknight|77\/100\n|-singleturn|p2a: Corviknight|move: Roost\n|\n|upkeep\n|turn|17\n|\n|t:|1699903450\n|move|p1a: Giratina|Shadow Force||[still]\n|-prepare|p1a: Giratina|Shadow Force\n|move|p2a: Corviknight|Roost|p2a: Corviknight\n|-heal|p2a: Corviknight|100\/100\n|-singleturn|p2a: Corviknight|move: Roost\n|\n|upkeep\n|turn|18\n|\n|t:|1699903456\n|move|p1a: Giratina|Shadow Force|p2a: Corviknight|[from]lockedmove\n|-damage|p2a: Corviknight|66\/100\n|-damage|p1a: Giratina|0 fnt|[from] item: Rocky Helmet|[of] p2a: Corviknight\n|faint|p1a: Giratina\n|move|p2a: Corviknight|Brave Bird|p1: Giratina|[notarget]\n|-fail|p2a: Corviknight\n|\n|upkeep\n|\n|t:|1699903460\n|switch|p1a: Cloyster|Cloyster, F|100\/100\n|turn|19\n|\n|t:|1699903464\n|move|p1a: Cloyster|Shell Smash|p1a: Cloyster\n|-unboost|p1a: Cloyster|def|1\n|-unboost|p1a: Cloyster|spd|1\n|-boost|p1a: Cloyster|atk|2\n|-boost|p1a: Cloyster|spa|2\n|-boost|p1a: Cloyster|spe|2\n|move|p2a: Corviknight|Brave Bird|p1a: Cloyster\n|-damage|p1a: Cloyster|54\/100\n|-damage|p2a: Corviknight|56\/100|[from] Recoil\n|\n|upkeep\n|turn|20\n|\n|t:|1699903474\n|move|p1a: Cloyster|Liquidation|p2a: Corviknight\n|-damage|p2a: Corviknight|13\/100\n|-damage|p1a: Cloyster|38\/100|[from] item: Rocky Helmet|[of] p2a: Corviknight\n|move|p2a: Corviknight|Roost|p2a: Corviknight\n|-heal|p2a: Corviknight|63\/100\n|-singleturn|p2a: Corviknight|move: Roost\n|\n|upkeep\n|turn|21\n|\n|t:|1699903480\n|move|p1a: Cloyster|Icicle Spear|p2a: Corviknight\n|-damage|p2a: Corviknight|47\/100\n|-damage|p2a: Corviknight|33\/100\n|-damage|p2a: Corviknight|19\/100\n|-damage|p2a: Corviknight|4\/100\n|-damage|p2a: Corviknight|0 fnt\n|faint|p2a: Corviknight\n|-hitcount|p2: Corviknight|5\n|\n|upkeep\n|\n|t:|1699903483\n|switch|p2a: Clodsire|Clodsire, M|100\/100\n|turn|22\n|\n|t:|1699903496\n|move|p1a: Cloyster|Liquidation|p2a: Clodsire\n|-immune|p2a: Clodsire|[from] ability: Water Absorb\n|move|p2a: Clodsire|Toxic|p1a: Cloyster\n|-status|p1a: Cloyster|tox\n|\n|-damage|p1a: Cloyster|32\/100 tox|[from] psn\n|upkeep\n|turn|23\n|\n|t:|1699903503\n|move|p1a: Cloyster|Icicle Spear|p2a: Clodsire\n|-supereffective|p2a: Clodsire\n|-damage|p2a: Clodsire|53\/100\n|-supereffective|p2a: Clodsire\n|-damage|p2a: Clodsire|5\/100\n|-supereffective|p2a: Clodsire\n|-damage|p2a: Clodsire|0 fnt\n|faint|p2a: Clodsire\n|-hitcount|p2: Clodsire|3\n|\n|-damage|p1a: Cloyster|19\/100 tox|[from] psn\n|upkeep\n|\n|t:|1699903506\n|switch|p2a: Skeledirge|Skeledirge, F, shiny|100\/100\n|turn|24\n|\n|t:|1699903510\n|move|p1a: Cloyster|Rock Blast|p2a: Skeledirge\n|-supereffective|p2a: Skeledirge\n|-damage|p2a: Skeledirge|88\/100\n|-supereffective|p2a: Skeledirge\n|-damage|p2a: Skeledirge|75\/100\n|-supereffective|p2a: Skeledirge\n|-damage|p2a: Skeledirge|62\/100\n|-supereffective|p2a: Skeledirge\n|-damage|p2a: Skeledirge|51\/100\n|-supereffective|p2a: Skeledirge\n|-damage|p2a: Skeledirge|37\/100\n|-hitcount|p2a: Skeledirge|5\n|move|p2a: Skeledirge|Slack Off|p2a: Skeledirge\n|-heal|p2a: Skeledirge|88\/100\n|\n|-damage|p1a: Cloyster|0 fnt|[from] psn\n|faint|p1a: Cloyster\n|\n|win|AiryHfjOne\n|upkeep\n|raw|hghyhg's rating: 1028 &rarr; <strong>1017<\/strong><br \/>(-11 for losing)\n|raw|AiryHfjOne's rating: 1117 &rarr; <strong>1136<\/strong><br \/>(+19 for winning)\n|l|\u2606hghyhg\n|l|\u2606AiryHfjOne\n|j|\u2606AiryHfjOne\n|player|p2|AiryHfjOne|alec-anime\n","uploadtime":1699903324,"views":4,"p1id":"hghyhg","p2id":"airyhfjone","formatid":"gen9anythinggoes","rating":1017,"private":0,"password":""}