{"id":"gen9anythinggoes-1992361179","p1":"kareki26","p2":"pshion","format":"[Gen 9] Anything Goes","log":"|j|\u2606kareki26\n|j|\u2606pshion\n|t:|1700178720\n|gametype|singles\n|player|p1|kareki26|palmer|\n|player|p2|pshion|2|\n|teamsize|p1|6\n|teamsize|p2|6\n|gen|9\n|tier|[Gen 9] Anything Goes\n|rule|HP Percentage Mod: HP is shown in percentages\n|rule|Endless Battle Clause: Forcing endless battles is banned\n|clearpoke\n|poke|p1|Clefable, F|\n|poke|p1|Clefable, F|\n|poke|p1|Clefable, M|\n|poke|p1|Clefable, M|\n|poke|p1|Clefable, M|\n|poke|p1|Clefable, M|\n|poke|p2|Clefable, M|\n|poke|p2|Clefable, F|\n|poke|p2|Clefable, F|\n|poke|p2|Clefable, M|\n|poke|p2|Clefable, M|\n|poke|p2|Clefable, F|\n|teampreview\n|inactive|Battle timer is ON: inactive players will automatically lose when time's up. (requested by pshion)\n|\n|t:|1700178735\n|start\n|switch|p1a: Clefable|Clefable, M|100\/100\n|switch|p2a: Clefable|Clefable, M, shiny|100\/100\n|turn|1\n|\n|t:|1700178751\n|move|p2a: Clefable|Metronome|p2a: Clefable\n|move|p2a: Clefable|Reflect|p2a: Clefable|[from]move: Metronome\n|-sidestart|p2: pshion|Reflect\n|move|p1a: Clefable|Metronome|p1a: Clefable\n|move|p1a: Clefable|Pain Split|p2a: Clefable|[from]move: Metronome\n|-sethp|p2a: Clefable|100\/100|[from] move: Pain Split|[silent]\n|-sethp|p1a: Clefable|100\/100|[from] move: Pain Split\n|\n|upkeep\n|turn|2\n|\n|t:|1700178759\n|move|p2a: Clefable|Metronome|p2a: Clefable\n|move|p2a: Clefable|Wave Crash|p1a: Clefable|[from]move: Metronome\n|-damage|p1a: Clefable|79\/100\n|move|p1a: Clefable|Metronome|p1a: Clefable\n|move|p1a: Clefable|Nasty Plot|p1a: Clefable|[from]move: Metronome\n|-boost|p1a: Clefable|spa|2\n|\n|upkeep\n|turn|3\n|\n|t:|1700178766\n|move|p1a: Clefable|Metronome|p1a: Clefable\n|move|p1a: Clefable|Cross Chop|p2a: Clefable|[from]move: Metronome\n|-resisted|p2a: Clefable\n|-damage|p2a: Clefable|95\/100\n|move|p2a: Clefable|Metronome|p2a: Clefable\n|move|p2a: Clefable|Heal Pulse|p1a: Clefable|[from]move: Metronome\n|-heal|p1a: Clefable|100\/100\n|\n|upkeep\n|turn|4\n|\n|t:|1700178773\n|move|p2a: Clefable|Metronome|p2a: Clefable\n|move|p2a: Clefable|Zen Headbutt|p1a: Clefable|[from]move: Metronome\n|-damage|p1a: Clefable|85\/100\n|move|p1a: Clefable|Metronome|p1a: Clefable\n|move|p1a: Clefable|Endeavor|p2a: Clefable|[from]move: Metronome\n|-damage|p2a: Clefable|85\/100\n|\n|upkeep\n|turn|5\n|\n|t:|1700178796\n|move|p1a: Clefable|Metronome|p1a: Clefable\n|move|p1a: Clefable|Heal Pulse|p2a: Clefable|[from]move: Metronome\n|-heal|p2a: Clefable|100\/100\n|move|p2a: Clefable|Metronome|p2a: Clefable\n|move|p2a: Clefable|Calm Mind|p2a: Clefable|[from]move: Metronome\n|-boost|p2a: Clefable|spa|1\n|-boost|p2a: Clefable|spd|1\n|\n|-sideend|p2: pshion|Reflect\n|upkeep\n|turn|6\n|\n|t:|1700178804\n|move|p1a: Clefable|Metronome|p1a: Clefable\n|move|p1a: Clefable|Mist|p1a: Clefable|[from]move: Metronome\n|-sidestart|p1: kareki26|Mist\n|move|p2a: Clefable|Metronome|p2a: Clefable\n|move|p2a: Clefable|Withdraw|p2a: Clefable|[from]move: Metronome\n|-boost|p2a: Clefable|def|1\n|\n|upkeep\n|turn|7\n|\n|t:|1700178810\n|move|p2a: Clefable|Metronome|p2a: Clefable\n|move|p2a: Clefable|Nuzzle|p1a: Clefable|[from]move: Metronome\n|-damage|p1a: Clefable|80\/100\n|-status|p1a: Clefable|par\n|move|p1a: Clefable|Metronome|p1a: Clefable\n|move|p1a: Clefable|Volt Switch|p2a: Clefable|[from]move: Metronome\n|-damage|p2a: Clefable|81\/100\n|\n|t:|1700178819\n|switch|p1a: Clefable|Clefable, M|100\/100|[from] Volt Switch\n|\n|upkeep\n|turn|8\n|\n|t:|1700178831\n|move|p2a: Clefable|Metronome|p2a: Clefable\n|move|p2a: Clefable|Hone Claws|p2a: Clefable|[from]move: Metronome\n|-boost|p2a: Clefable|atk|1\n|-boost|p2a: Clefable|accuracy|1\n|move|p1a: Clefable|Metronome|p1a: Clefable\n|move|p1a: Clefable|Brine|p2a: Clefable|[from]move: Metronome\n|-damage|p2a: Clefable|71\/100\n|\n|upkeep\n|turn|9\n|\n|t:|1700178840\n|move|p1a: Clefable|Metronome|p1a: Clefable\n|move|p1a: Clefable|Burn Up||[from]move: Metronome|[still]\n|-fail|p1a: Clefable|move: Burn Up\n|move|p2a: Clefable|Metronome|p2a: Clefable\n|move|p2a: Clefable|Tearful Look|p1a: Clefable|[from]move: Metronome\n|-activate|p1a: Clefable|move: Mist\n|\n|upkeep\n|turn|10\n|\n|t:|1700178848\n|move|p1a: Clefable|Metronome|p1a: Clefable\n|move|p1a: Clefable|Scald|p2a: Clefable|[from]move: Metronome\n|-damage|p2a: Clefable|59\/100\n|move|p2a: Clefable|Metronome|p2a: Clefable\n|move|p2a: Clefable|Darkest Lariat|p1a: Clefable|[from]move: Metronome\n|-resisted|p1a: Clefable\n|-damage|p1a: Clefable|89\/100\n|\n|-sideend|p1: kareki26|Mist\n|upkeep\n|turn|11\n|\n|t:|1700178867\n|move|p1a: Clefable|Metronome|p1a: Clefable\n|move|p1a: Clefable|Aqua Step|p2a: Clefable|[from]move: Metronome\n|-crit|p2a: Clefable\n|-damage|p2a: Clefable|38\/100\n|-boost|p1a: Clefable|spe|1\n|move|p2a: Clefable|Metronome|p2a: Clefable\n|move|p2a: Clefable|Drill Peck|p1a: Clefable|[from]move: Metronome\n|-damage|p1a: Clefable|65\/100\n|\n|upkeep\n|turn|12\n|\n|t:|1700178875\n|move|p1a: Clefable|Metronome|p1a: Clefable\n|move|p1a: Clefable|Brutal Swing|p2a: Clefable|[from]move: Metronome\n|-resisted|p2a: Clefable\n|-damage|p2a: Clefable|34\/100\n|move|p2a: Clefable|Metronome|p2a: Clefable\n|move|p2a: Clefable|Feather Dance|p1a: Clefable|[from]move: Metronome\n|-unboost|p1a: Clefable|atk|2\n|\n|upkeep\n|turn|13\n|\n|t:|1700178886\n|move|p1a: Clefable|Metronome|p1a: Clefable\n|move|p1a: Clefable|Flower Trick|p2a: Clefable|[from]move: Metronome\n|-crit|p2a: Clefable\n|-damage|p2a: Clefable|13\/100\n|move|p2a: Clefable|Metronome|p2a: Clefable\n|move|p2a: Clefable|Triple Dive|p1a: Clefable|[from]move: Metronome\n|-damage|p1a: Clefable|57\/100\n|-damage|p1a: Clefable|47\/100\n|-damage|p1a: Clefable|39\/100\n|-hitcount|p1a: Clefable|3\n|\n|upkeep\n|turn|14\n|\n|t:|1700178899\n|move|p1a: Clefable|Metronome|p1a: Clefable\n|move|p1a: Clefable|Fairy Lock|p1a: Clefable|[from]move: Metronome\n|-fieldactivate|move: Fairy Lock\n|move|p2a: Clefable|Metronome|p2a: Clefable\n|move|p2a: Clefable|Blaze Kick|p1a: Clefable|[from]move: Metronome\n|-damage|p1a: Clefable|14\/100\n|\n|upkeep\n|turn|15\n|\n|t:|1700178905\n|move|p1a: Clefable|Metronome|p1a: Clefable\n|move|p1a: Clefable|Aqua Jet|p2a: Clefable|[from]move: Metronome\n|-damage|p2a: Clefable|10\/100\n|move|p2a: Clefable|Metronome|p2a: Clefable\n|move|p2a: Clefable|Round|p1a: Clefable|[from]move: Metronome\n|-damage|p1a: Clefable|0 fnt\n|faint|p1a: Clefable\n|\n|upkeep\n|\n|t:|1700178914\n|switch|p1a: Clefable|Clefable, M|80\/100 par\n|turn|16\n|\n|t:|1700178917\n|move|p2a: Clefable|Metronome|p2a: Clefable\n|move|p2a: Clefable|Sandstorm|p2a: Clefable|[from]move: Metronome\n|-weather|Sandstorm\n|-enditem|p2a: Clefable|Leppa Berry|[eat]\n|-activate|p2a: Clefable|item: Leppa Berry|Metronome|[consumed]\n|move|p1a: Clefable|Metronome|p1a: Clefable\n|move|p1a: Clefable|Stone Axe|p2a: Clefable|[from]move: Metronome\n|-damage|p2a: Clefable|1\/100\n|-sidestart|p2: pshion|move: Stealth Rock\n|\n|-weather|Sandstorm|[upkeep]\n|upkeep\n|turn|17\n|\n|t:|1700178925\n|move|p2a: Clefable|Metronome|p2a: Clefable\n|move|p2a: Clefable|Swift|p1a: Clefable|[from]move: Metronome\n|-damage|p1a: Clefable|62\/100 par\n|move|p1a: Clefable|Metronome|p1a: Clefable\n|move|p1a: Clefable|Slam|p2a: Clefable|[from]move: Metronome|[miss]\n|-miss|p1a: Clefable|p2a: Clefable\n|\n|-weather|Sandstorm|[upkeep]\n|upkeep\n|turn|18\n|\n|t:|1700178932\n|move|p2a: Clefable|Metronome|p2a: Clefable\n|move|p2a: Clefable|Block|p1a: Clefable|[from]move: Metronome\n|-activate|p1a: Clefable|trapped\n|cant|p1a: Clefable|par\n|\n|-weather|Sandstorm|[upkeep]\n|upkeep\n|turn|19\n|\n|t:|1700178937\n|move|p2a: Clefable|Metronome|p2a: Clefable\n|move|p2a: Clefable|Torment|p1a: Clefable|[from]move: Metronome\n|-start|p1a: Clefable|Torment\n|cant|p1a: Clefable|par\n|\n|-weather|Sandstorm|[upkeep]\n|upkeep\n|turn|20\n|\n|t:|1700178943\n|move|p2a: Clefable|Metronome|p2a: Clefable\n|move|p2a: Clefable|Coaching|null|[from]move: Metronome|[notarget]\n|-fail|p2a: Clefable\n|cant|p1a: Clefable|par\n|\n|-weather|none\n|upkeep\n|turn|21\n|\n|t:|1700178948\n|move|p2a: Clefable|Metronome|p2a: Clefable\n|move|p2a: Clefable|Powder Snow|p1a: Clefable|[from]move: Metronome\n|-damage|p1a: Clefable|50\/100 par\n|-activate|p1a: Clefable|move: Struggle\n|move|p1a: Clefable|Struggle|p2a: Clefable\n|-damage|p2a: Clefable|0 fnt\n|faint|p2a: Clefable\n|-damage|p1a: Clefable|25\/100 par|[from] recoil\n|\n|upkeep\n|\n|t:|1700178957\n|switch|p2a: Clefable|Clefable, F, shiny|100\/100\n|turn|22\n|\n|t:|1700178960\n|move|p2a: Clefable|Metronome|p2a: Clefable\n|move|p2a: Clefable|Psyblade|p1a: Clefable|[from]move: Metronome\n|-damage|p1a: Clefable|9\/100 par\n|move|p1a: Clefable|Metronome|p1a: Clefable\n|move|p1a: Clefable|Bind|p2a: Clefable|[from]move: Metronome\n|-damage|p2a: Clefable|97\/100\n|-activate|p2a: Clefable|move: Bind|[of] p1a: Clefable\n|\n|upkeep\n|turn|23\n|\n|t:|1700178967\n|move|p2a: Clefable|Metronome|p2a: Clefable\n|move|p2a: Clefable|Flash Cannon|p1a: Clefable|[from]move: Metronome\n|-supereffective|p1a: Clefable\n|-damage|p1a: Clefable|0 fnt\n|faint|p1a: Clefable\n|\n|-end|p2a: Clefable|Bind|[partiallytrapped]|[silent]\n|upkeep\n|\n|t:|1700178971\n|switch|p1a: Clefable|Clefable, M|100\/100\n|turn|24\n|\n|t:|1700178977\n|move|p2a: Clefable|Metronome|p2a: Clefable\n|move|p2a: Clefable|Nasty Plot|p2a: Clefable|[from]move: Metronome\n|-boost|p2a: Clefable|spa|2\n|move|p1a: Clefable|Metronome|p1a: Clefable\n|move|p1a: Clefable|Spacial Rend|p2a: Clefable|[from]move: Metronome\n|-immune|p2a: Clefable\n|\n|upkeep\n|turn|25\n|\n|t:|1700178984\n|move|p2a: Clefable|Metronome|p2a: Clefable\n|move|p2a: Clefable|Heat Crash|p1a: Clefable|[from]move: Metronome\n|-damage|p1a: Clefable|93\/100\n|move|p1a: Clefable|Metronome|p1a: Clefable\n|move|p1a: Clefable|Quick Attack|p2a: Clefable|[from]move: Metronome\n|-crit|p2a: Clefable\n|-damage|p2a: Clefable|86\/100\n|\n|upkeep\n|turn|26\n|\n|t:|1700178990\n|move|p1a: Clefable|Metronome|p1a: Clefable\n|move|p1a: Clefable|Head Smash|p2a: Clefable|[from]move: Metronome\n|-damage|p2a: Clefable|57\/100\n|move|p2a: Clefable|Metronome|p2a: Clefable\n|move|p2a: Clefable|Head Smash|p1a: Clefable|[from]move: Metronome\n|-damage|p1a: Clefable|64\/100\n|\n|upkeep\n|turn|27\n|\n|t:|1700179005\n|move|p2a: Clefable|Metronome|p2a: Clefable\n|move|p2a: Clefable|Dark Void|p1a: Clefable|[from]move: Metronome\n|-fail|p2a: Clefable|move: Dark Void\n|-hint|Only a Pokemon whose form is Darkrai can use this move.\n|move|p1a: Clefable|Metronome|p1a: Clefable\n|move|p1a: Clefable|Heal Bell||[from]move: Metronome|[still]\n|-activate|p1a: Clefable|move: Heal Bell\n|-fail|p1a: Clefable\n|\n|upkeep\n|turn|28\n|\n|t:|1700179014\n|move|p2a: Clefable|Metronome|p2a: Clefable\n|move|p2a: Clefable|Torment|p1a: Clefable|[from]move: Metronome\n|-start|p1a: Clefable|Torment\n|move|p1a: Clefable|Metronome|p1a: Clefable\n|move|p1a: Clefable|Stone Edge|p2a: Clefable|[from]move: Metronome|[miss]\n|-miss|p1a: Clefable|p2a: Clefable\n|\n|upkeep\n|turn|29\n|\n|t:|1700179023\n|switch|p1a: Clefable|Clefable, M|100\/100\n|move|p2a: Clefable|Metronome|p2a: Clefable\n|move|p2a: Clefable|Stone Axe|p1a: Clefable|[from]move: Metronome\n|-damage|p1a: Clefable|89\/100\n|-sidestart|p1: kareki26|move: Stealth Rock\n|\n|upkeep\n|turn|30\n|\n|t:|1700179040\n|move|p2a: Clefable|Metronome|p2a: Clefable\n|move|p2a: Clefable|Brick Break|p1a: Clefable|[from]move: Metronome\n|-resisted|p1a: Clefable\n|-damage|p1a: Clefable|81\/100\n|move|p1a: Clefable|Metronome|p1a: Clefable\n|move|p1a: Clefable|Energy Ball|p2a: Clefable|[from]move: Metronome\n|-damage|p2a: Clefable|37\/100\n|\n|upkeep\n|turn|31\n|\n|t:|1700179048\n|move|p2a: Clefable|Metronome|p2a: Clefable\n|move|p2a: Clefable|Muddy Water|p1a: Clefable|[from]move: Metronome\n|-damage|p1a: Clefable|44\/100\n|move|p1a: Clefable|Metronome|p1a: Clefable\n|move|p1a: Clefable|Aqua Tail|p2a: Clefable|[from]move: Metronome\n|-damage|p2a: Clefable|21\/100\n|\n|upkeep\n|turn|32\n|\n|t:|1700179055\n|move|p1a: Clefable|Metronome|p1a: Clefable\n|move|p1a: Clefable|Toxic Spikes|p2a: Clefable|[from]move: Metronome\n|-sidestart|p2: pshion|move: Toxic Spikes\n|move|p2a: Clefable|Metronome|p2a: Clefable\n|move|p2a: Clefable|Sacred Sword|p1a: Clefable|[from]move: Metronome\n|-resisted|p1a: Clefable\n|-damage|p1a: Clefable|36\/100\n|\n|upkeep\n|turn|33\n|\n|t:|1700179063\n|move|p1a: Clefable|Metronome|p1a: Clefable\n|move|p1a: Clefable|Soak|p2a: Clefable|[from]move: Metronome\n|-start|p2a: Clefable|typechange|Water\n|move|p2a: Clefable|Metronome|p2a: Clefable\n|move|p2a: Clefable|Taunt|p1a: Clefable|[from]move: Metronome\n|-start|p1a: Clefable|move: Taunt\n|\n|upkeep\n|turn|34\n|\n|t:|1700179081\n|move|p2a: Clefable|Metronome|p2a: Clefable\n|move|p2a: Clefable|Haze|p2a: Clefable|[from]move: Metronome\n|-clearallboost\n|-activate|p1a: Clefable|move: Struggle\n|move|p1a: Clefable|Struggle|p2a: Clefable\n|-damage|p2a: Clefable|11\/100\n|-damage|p1a: Clefable|10\/100|[from] recoil\n|\n|upkeep\n|turn|35\n|\n|t:|1700179088\n|-activate|p1a: Clefable|move: Struggle\n|move|p1a: Clefable|Struggle|p2a: Clefable\n|-damage|p2a: Clefable|2\/100\n|-damage|p1a: Clefable|0 fnt|[from] recoil\n|faint|p1a: Clefable\n|move|p2a: Clefable|Metronome|p2a: Clefable\n|move|p2a: Clefable|Steel Wing|p1: Clefable|[from]move: Metronome|[notarget]\n|-fail|p2a: Clefable\n|\n|upkeep\n|\n|t:|1700179097\n|switch|p1a: Clefable|Clefable, M|64\/100\n|turn|36\n|\n|t:|1700179099\n|move|p1a: Clefable|Metronome|p1a: Clefable\n|move|p1a: Clefable|Rock Blast|p2a: Clefable|[from]move: Metronome\n|-damage|p2a: Clefable|0 fnt\n|faint|p2a: Clefable\n|-hitcount|p2: Clefable|1\n|\n|upkeep\n|\n|t:|1700179105\n|switch|p2a: Clefable|Clefable, F, shiny|100\/100\n|-status|p2a: Clefable|psn\n|turn|37\n|\n|t:|1700179108\n|move|p1a: Clefable|Metronome|p1a: Clefable\n|move|p1a: Clefable|Synthesis|p1a: Clefable|[from]move: Metronome\n|-heal|p1a: Clefable|100\/100\n|move|p2a: Clefable|Metronome|p2a: Clefable\n|move|p2a: Clefable|Rock Slide|p1a: Clefable|[from]move: Metronome|[miss]\n|-miss|p2a: Clefable|p1a: Clefable\n|\n|upkeep\n|turn|38\n|\n|t:|1700179117\n|move|p1a: Clefable|Metronome|p1a: Clefable\n|move|p1a: Clefable|Ember|p2a: Clefable|[from]move: Metronome\n|-damage|p2a: Clefable|92\/100 psn\n|move|p2a: Clefable|Metronome|p2a: Clefable\n|move|p2a: Clefable|Razor Leaf|p1a: Clefable|[from]move: Metronome\n|-damage|p1a: Clefable|90\/100\n|\n|upkeep\n|turn|39\n|\n|t:|1700179124\n|move|p2a: Clefable|Metronome|p2a: Clefable\n|move|p2a: Clefable|Reflect Type|p1a: Clefable|[from]move: Metronome\n|-start|p2a: Clefable|typechange|[from] move: Reflect Type|[of] p1a: Clefable\n|move|p1a: Clefable|Metronome|p1a: Clefable\n|move|p1a: Clefable|Drill Run|p2a: Clefable|[from]move: Metronome\n|-damage|p2a: Clefable|76\/100 psn\n|\n|upkeep\n|turn|40\n|\n|t:|1700179130\n|move|p1a: Clefable|Metronome|p1a: Clefable\n|move|p1a: Clefable|Nasty Plot|p1a: Clefable|[from]move: Metronome\n|-boost|p1a: Clefable|spa|2\n|move|p2a: Clefable|Metronome|p2a: Clefable\n|move|p2a: Clefable|Guard Swap|p1a: Clefable|[from]move: Metronome\n|-swapboost|p2a: Clefable|p1a: Clefable|def, spd|[from] move: Guard Swap\n|\n|upkeep\n|turn|41\n|\n|t:|1700179137\n|move|p2a: Clefable|Metronome|p2a: Clefable\n|move|p2a: Clefable|Sacred Sword|p1a: Clefable|[from]move: Metronome\n|-resisted|p1a: Clefable\n|-damage|p1a: Clefable|82\/100\n|move|p1a: Clefable|Metronome|p1a: Clefable\n|move|p1a: Clefable|Disable|p2a: Clefable|[from]move: Metronome\n|-start|p2a: Clefable|Disable|Metronome\n|\n|upkeep\n|turn|42\n|\n|t:|1700179145\n|-activate|p2a: Clefable|move: Struggle\n|move|p2a: Clefable|Struggle|p1a: Clefable\n|-damage|p1a: Clefable|72\/100\n|-damage|p2a: Clefable|51\/100 psn|[from] recoil\n|move|p1a: Clefable|Metronome|p1a: Clefable\n|move|p1a: Clefable|Disable||[from]move: Metronome|[still]\n|-fail|p1a: Clefable\n|\n|upkeep\n|turn|43\n|inactive|pshion has 270 seconds left.\n|\n|t:|1700179186\n|move|p1a: Clefable|Metronome|p1a: Clefable\n|move|p1a: Clefable|Night Slash|p2a: Clefable|[from]move: Metronome\n|-resisted|p2a: Clefable\n|-damage|p2a: Clefable|45\/100 psn\n|-activate|p2a: Clefable|move: Struggle\n|move|p2a: Clefable|Struggle|p1a: Clefable\n|-damage|p1a: Clefable|62\/100\n|-damage|p2a: Clefable|20\/100 psn|[from] recoil\n|\n|upkeep\n|turn|44\n|\n|t:|1700179196\n|-activate|p2a: Clefable|move: Struggle\n|move|p2a: Clefable|Struggle|p1a: Clefable\n|-damage|p1a: Clefable|52\/100\n|-damage|p2a: Clefable|0 fnt|[from] recoil\n|faint|p2a: Clefable\n|move|p1a: Clefable|Metronome|p1a: Clefable\n|move|p1a: Clefable|Accelerock|p2: Clefable|[from]move: Metronome|[notarget]\n|-fail|p1a: Clefable\n|\n|upkeep\n|\n|t:|1700179203\n|switch|p2a: Clefable|Clefable, M, shiny|100\/100\n|-status|p2a: Clefable|psn\n|turn|45\n|\n|t:|1700179207\n|move|p1a: Clefable|Metronome|p1a: Clefable\n|move|p1a: Clefable|Poison Fang|p2a: Clefable|[from]move: Metronome\n|-supereffective|p2a: Clefable\n|-damage|p2a: Clefable|82\/100 psn\n|move|p2a: Clefable|Metronome|p2a: Clefable\n|move|p2a: Clefable|Avalanche|p1a: Clefable|[from]move: Metronome\n|-damage|p1a: Clefable|30\/100\n|\n|upkeep\n|turn|46\n|\n|t:|1700179214\n|move|p1a: Clefable|Metronome|p1a: Clefable\n|move|p1a: Clefable|Bulk Up|p1a: Clefable|[from]move: Metronome\n|-boost|p1a: Clefable|atk|1\n|-boost|p1a: Clefable|def|1\n|-enditem|p1a: Clefable|Leppa Berry|[eat]\n|-activate|p1a: Clefable|item: Leppa Berry|Metronome|[consumed]\n|move|p2a: Clefable|Metronome|p2a: Clefable\n|move|p2a: Clefable|Cosmic Power|p2a: Clefable|[from]move: Metronome\n|-boost|p2a: Clefable|def|1\n|-boost|p2a: Clefable|spd|1\n|\n|upkeep\n|turn|47\n|\n|t:|1700179223\n|move|p1a: Clefable|Metronome|p1a: Clefable\n|move|p1a: Clefable|Body Slam|p2a: Clefable|[from]move: Metronome\n|-damage|p2a: Clefable|66\/100 psn\n|move|p2a: Clefable|Metronome|p2a: Clefable\n|move|p2a: Clefable|Substitute|p2a: Clefable|[from]move: Metronome\n|-start|p2a: Clefable|Substitute\n|-damage|p2a: Clefable|41\/100 psn\n|\n|upkeep\n|turn|48\n|\n|t:|1700179230\n|move|p1a: Clefable|Metronome|p1a: Clefable\n|move|p1a: Clefable|Water Shuriken|p2a: Clefable|[from]move: Metronome\n|-crit|p2a: Clefable\n|-activate|p2a: Clefable|move: Substitute|[damage]\n|-activate|p2a: Clefable|move: Substitute|[damage]\n|-activate|p2a: Clefable|move: Substitute|[damage]\n|-hitcount|p2a: Clefable|3\n|move|p2a: Clefable|Metronome|p2a: Clefable\n|move|p2a: Clefable|Clanging Scales|p1a: Clefable|[from]move: Metronome\n|-immune|p1a: Clefable\n|\n|upkeep\n|turn|49\n|\n|t:|1700179241\n|move|p2a: Clefable|Metronome|p2a: Clefable\n|move|p2a: Clefable|Will-O-Wisp|p1a: Clefable|[from]move: Metronome\n|-status|p1a: Clefable|brn\n|move|p1a: Clefable|Metronome|p1a: Clefable\n|move|p1a: Clefable|Rising Voltage|p2a: Clefable|[from]move: Metronome\n|-end|p2a: Clefable|Substitute\n|\n|upkeep\n|turn|50\n|\n|t:|1700179249\n|move|p1a: Clefable|Metronome|p1a: Clefable\n|move|p1a: Clefable|Razor Shell|p2a: Clefable|[from]move: Metronome\n|-damage|p2a: Clefable|35\/100 psn\n|-unboost|p2a: Clefable|def|1\n|move|p2a: Clefable|Metronome|p2a: Clefable\n|move|p2a: Clefable|Dynamic Punch|p1a: Clefable|[from]move: Metronome\n|-resisted|p1a: Clefable\n|-damage|p1a: Clefable|24\/100 brn\n|-start|p1a: Clefable|confusion\n|\n|upkeep\n|turn|51\n|\n|t:|1700179259\n|move|p2a: Clefable|Metronome|p2a: Clefable\n|move|p2a: Clefable|Coil|p2a: Clefable|[from]move: Metronome\n|-boost|p2a: Clefable|atk|1\n|-boost|p2a: Clefable|def|1\n|-boost|p2a: Clefable|accuracy|1\n|-activate|p1a: Clefable|confusion\n|-damage|p1a: Clefable|16\/100 brn|[from] confusion\n|\n|upkeep\n|turn|52\n|\n|t:|1700179266\n|-end|p1a: Clefable|confusion\n|move|p1a: Clefable|Metronome|p1a: Clefable\n|move|p1a: Clefable|Focus Blast|p2a: Clefable|[from]move: Metronome|[miss]\n|-miss|p1a: Clefable|p2a: Clefable\n|move|p2a: Clefable|Metronome|p2a: Clefable\n|move|p2a: Clefable|Solar Blade||[from]move: Metronome|[still]\n|-prepare|p2a: Clefable|Solar Blade\n|\n|upkeep\n|turn|53\n|\n|t:|1700179273\n|move|p1a: Clefable|Metronome|p1a: Clefable\n|move|p1a: Clefable|Ivy Cudgel|p2a: Clefable|[from]move: Metronome\n|-damage|p2a: Clefable|25\/100 psn\n|move|p2a: Clefable|Solar Blade|p1a: Clefable|[from]lockedmove\n|-damage|p1a: Clefable|0 fnt\n|faint|p1a: Clefable\n|\n|upkeep\n|\n|t:|1700179279\n|switch|p1a: itachi|Clefable, F, shiny|100\/100\n|turn|54\n|\n|t:|1700179282\n|move|p1a: itachi|Metronome|p1a: itachi\n|move|p1a: itachi|Final Gambit|p2a: Clefable|[from]move: Metronome\n|-damage|p2a: Clefable|0 fnt\n|faint|p1a: itachi\n|faint|p2a: Clefable\n|\n|upkeep\n|\n|t:|1700179310\n|switch|p1a: dieu|Clefable, F|100\/100\n|switch|p2a: Clefable|Clefable, M, shiny|100\/100\n|-status|p2a: Clefable|psn\n|turn|55\n|\n|t:|1700179317\n|-terastallize|p1a: dieu|Fairy\n|move|p2a: Clefable|Metronome|p2a: Clefable\n|move|p2a: Clefable|Night Shade|p1a: dieu|[from]move: Metronome\n|-damage|p1a: dieu|75\/100\n|move|p1a: dieu|Metronome|p1a: dieu\n|move|p1a: dieu|Shock Wave|p2a: Clefable|[from]move: Metronome\n|-damage|p2a: Clefable|89\/100 psn\n|\n|upkeep\n|turn|56\n|\n|t:|1700179326\n|-terastallize|p2a: Clefable|Fairy\n|move|p2a: Clefable|Metronome|p2a: Clefable\n|move|p2a: Clefable|Zing Zap|p1a: dieu|[from]move: Metronome\n|-damage|p1a: dieu|60\/100\n|move|p1a: dieu|Metronome|p1a: dieu\n|move|p1a: dieu|Acid Spray|p2a: Clefable|[from]move: Metronome\n|-supereffective|p2a: Clefable\n|-damage|p2a: Clefable|70\/100 psn\n|-unboost|p2a: Clefable|spd|2\n|\n|upkeep\n|turn|57\n|\n|t:|1700179335\n|move|p1a: dieu|Metronome|p1a: dieu\n|move|p1a: dieu|Stockpile|p1a: dieu|[from]move: Metronome\n|-start|p1a: dieu|stockpile1\n|-boost|p1a: dieu|def|1\n|-boost|p1a: dieu|spd|1\n|move|p2a: Clefable|Metronome|p2a: Clefable\n|move|p2a: Clefable|Fury Cutter|p1a: dieu|[from]move: Metronome|[miss]\n|-miss|p2a: Clefable|p1a: dieu\n|\n|upkeep\n|turn|58\n|\n|t:|1700179343\n|move|p2a: Clefable|Metronome|p2a: Clefable\n|move|p2a: Clefable|Rest|p2a: Clefable|[from]move: Metronome\n|-status|p2a: Clefable|slp|[from] move: Rest\n|-heal|p2a: Clefable|100\/100 slp|[silent]\n|move|p1a: dieu|Metronome|p1a: dieu\n|move|p1a: dieu|Perish Song|p1a: dieu|[from]move: Metronome\n|-start|p1a: dieu|perish3|[silent]\n|-start|p2a: Clefable|perish3|[silent]\n|-fieldactivate|move: Perish Song\n|\n|-start|p1a: dieu|perish3\n|-start|p2a: Clefable|perish3\n|upkeep\n|turn|59\n|\n|t:|1700179360\n|cant|p2a: Clefable|slp\n|move|p1a: dieu|Metronome|p1a: dieu\n|move|p1a: dieu|Tickle|p2a: Clefable|[from]move: Metronome\n|-unboost|p2a: Clefable|atk|1\n|-unboost|p2a: Clefable|def|1\n|\n|-start|p2a: Clefable|perish2\n|-start|p1a: dieu|perish2\n|upkeep\n|turn|60\n|\n|t:|1700179368\n|cant|p2a: Clefable|slp\n|move|p1a: dieu|Metronome|p1a: dieu\n|move|p1a: dieu|Shadow Sneak|p2a: Clefable|[from]move: Metronome\n|-damage|p2a: Clefable|89\/100 slp\n|\n|-start|p1a: dieu|perish1\n|-start|p2a: Clefable|perish1\n|upkeep\n|turn|61\n|inactive|kareki26 has 270 seconds left.\n|inactive|kareki26 has 240 seconds left.\n|inactive|kareki26 has 210 seconds left.\n|inactive|kareki26 has 180 seconds left.\n|inactive|kareki26 has 150 seconds left.\n|inactive|kareki26 has 120 seconds left.\n|inactive|kareki26 has 90 seconds left.\n|inactiveoff|Battle timer is now OFF.\n|inactive|Battle timer is ON: inactive players will automatically lose when time's up. (requested by kareki26)\n|inactive|kareki26 has 90 seconds left.\n|inactive|kareki26 has 60 seconds left.\n|inactive|kareki26 has 30 seconds left.\n|inactive|kareki26 has 20 seconds left.\n|inactive|kareki26 has 15 seconds left.\n|inactive|kareki26 has 10 seconds left.\n|inactive|kareki26 has 5 seconds left.\n|-message|kareki26 lost due to inactivity.\n|\n|win|pshion\n","uploadtime":1700179728,"views":4,"p1id":"kareki26","p2id":"pshion","formatid":"gen9anythinggoes","rating":0,"private":0,"password":""}