{"id":"gen9anythinggoes-1977057877","p1":"PrettyMan","p2":"Plozz","format":"[Gen 9] Anything Goes","log":"|j|\u2606PrettyMan\n|j|\u2606Plozz\n|t:|1698366796\n|gametype|singles\n|player|p1|PrettyMan|brycenman|\n|player|p2|Plozz|palmer|\n|teamsize|p1|6\n|teamsize|p2|6\n|gen|9\n|tier|[Gen 9] Anything Goes\n|rule|HP Percentage Mod: HP is shown in percentages\n|rule|Endless Battle Clause: Forcing endless battles is banned\n|clearpoke\n|poke|p1|Dondozo, M|\n|poke|p1|Chansey, F|\n|poke|p1|Dragapult, M|\n|poke|p1|Slither Wing|\n|poke|p1|Ogerpon-Hearthflame, F|\n|poke|p1|Sandy Shocks|\n|poke|p2|Roaring Moon|\n|poke|p2|Mamoswine, F|\n|poke|p2|Iron Moth|\n|poke|p2|Ting-Lu|\n|poke|p2|Corviknight, F|\n|poke|p2|Ditto|\n|teampreview\n|c|\u2606PrettyMan|gl hf\n|j| Fidget2000\n|\n|t:|1698366909\n|start\n|switch|p1a: Anakin|Sandy Shocks|100\/100\n|switch|p2a: Primigenius|Mamoswine, F|100\/100\n|turn|1\n|c| Fidget2000|good name miles\n|c|\u2606PrettyMan|ty king\n|\n|t:|1698366957\n|-end|p1a: Anakin|Protosynthesis|[silent]\n|switch|p1a: Sashimi|Dondozo, M|100\/100\n|move|p2a: Primigenius|Trailblaze|p1a: Sashimi\n|-supereffective|p1a: Sashimi\n|-damage|p1a: Sashimi|84\/100\n|-boost|p2a: Primigenius|spe|1\n|\n|-heal|p1a: Sashimi|90\/100|[from] item: Leftovers\n|upkeep\n|turn|2\n|\n|t:|1698366982\n|switch|p2a: MorDeKAisEr|Corviknight, F|100\/100\n|-ability|p2a: MorDeKAisEr|Pressure\n|move|p1a: Sashimi|Liquidation|p2a: MorDeKAisEr\n|-damage|p2a: MorDeKAisEr|84\/100\n|\n|-heal|p1a: Sashimi|96\/100|[from] item: Leftovers\n|upkeep\n|turn|3\n|\n|t:|1698367002\n|switch|p1a: Anakin|Sandy Shocks|100\/100\n|move|p2a: MorDeKAisEr|Brave Bird|p1a: Anakin\n|-resisted|p1a: Anakin\n|-damage|p1a: Anakin|84\/100\n|-damage|p2a: MorDeKAisEr|79\/100|[from] Recoil\n|\n|-heal|p1a: Anakin|91\/100|[from] item: Leftovers\n|upkeep\n|turn|4\n|\n|t:|1698367017\n|switch|p2a: Big Shaq|Ting-Lu|100\/100\n|-ability|p2a: Big Shaq|Vessel of Ruin\n|move|p1a: Anakin|Spikes|p2a: Big Shaq\n|-sidestart|p2: Plozz|Spikes\n|\n|-heal|p1a: Anakin|97\/100|[from] item: Leftovers\n|upkeep\n|turn|5\n|\n|t:|1698367027\n|-end|p1a: Anakin|Protosynthesis|[silent]\n|switch|p1a: Meganeura|Slither Wing|100\/100\n|move|p2a: Big Shaq|Stealth Rock|p1a: Meganeura\n|-sidestart|p1: PrettyMan|move: Stealth Rock\n|\n|upkeep\n|turn|6\n|\n|t:|1698367060\n|move|p1a: Meganeura|U-turn|p2a: Big Shaq\n|-supereffective|p2a: Big Shaq\n|-damage|p2a: Big Shaq|43\/100\n|\n|t:|1698367143\n|-end|p1a: Meganeura|Protosynthesis|[silent]\n|switch|p1a: Hestia|Ogerpon-Hearthflame, F|100\/100|[from] U-turn\n|-damage|p1a: Hestia|76\/100|[from] Stealth Rock\n|-ability|p1a: Hestia|Mold Breaker\n|move|p2a: Big Shaq|Whirlwind|p1a: Hestia\n|drag|p1a: Sashimi|Dondozo, M|96\/100\n|-damage|p1a: Sashimi|84\/100|[from] Stealth Rock\n|\n|-heal|p1a: Sashimi|90\/100|[from] item: Leftovers\n|upkeep\n|turn|7\n|\n|t:|1698367163\n|switch|p2a: MorDeKAisEr|Corviknight, F|79\/100\n|-ability|p2a: MorDeKAisEr|Pressure\n|move|p1a: Sashimi|Liquidation|p2a: MorDeKAisEr\n|-damage|p2a: MorDeKAisEr|63\/100\n|\n|-heal|p1a: Sashimi|96\/100|[from] item: Leftovers\n|upkeep\n|turn|8\n|\n|t:|1698367184\n|move|p2a: MorDeKAisEr|Roost|p2a: MorDeKAisEr\n|-heal|p2a: MorDeKAisEr|100\/100\n|-singleturn|p2a: MorDeKAisEr|move: Roost\n|move|p1a: Sashimi|Liquidation|p2a: MorDeKAisEr\n|-damage|p2a: MorDeKAisEr|83\/100\n|\n|-heal|p1a: Sashimi|100\/100|[from] item: Leftovers\n|upkeep\n|turn|9\n|\n|t:|1698367203\n|move|p2a: MorDeKAisEr|Brave Bird|p1a: Sashimi\n|-damage|p1a: Sashimi|84\/100\n|-damage|p2a: MorDeKAisEr|76\/100|[from] Recoil\n|move|p1a: Sashimi|Liquidation|p2a: MorDeKAisEr\n|-damage|p2a: MorDeKAisEr|60\/100\n|\n|-heal|p1a: Sashimi|90\/100|[from] item: Leftovers\n|upkeep\n|turn|10\n|\n|t:|1698367209\n|switch|p1a: Anakin|Sandy Shocks|97\/100\n|-damage|p1a: Anakin|91\/100|[from] Stealth Rock\n|move|p2a: MorDeKAisEr|Roost|p2a: MorDeKAisEr\n|-heal|p2a: MorDeKAisEr|100\/100\n|-singleturn|p2a: MorDeKAisEr|move: Roost\n|\n|-heal|p1a: Anakin|97\/100|[from] item: Leftovers\n|upkeep\n|turn|11\n|\n|t:|1698367220\n|move|p1a: Anakin|Spikes|p2a: MorDeKAisEr\n|-sidestart|p2: Plozz|Spikes\n|move|p2a: MorDeKAisEr|U-turn|p1a: Anakin\n|-damage|p1a: Anakin|83\/100\n|l|\u2606PrettyMan\n|player|p1|\n|j|\u2606PrettyMan\n|player|p1|PrettyMan|brycenman\n|\n|t:|1698367312\n|switch|p2a: Big Shaq|Ting-Lu|43\/100|[from] U-turn\n|-damage|p2a: Big Shaq|27\/100|[from] Spikes\n|-ability|p2a: Big Shaq|Vessel of Ruin\n|\n|-heal|p1a: Anakin|90\/100|[from] item: Leftovers\n|upkeep\n|turn|12\n|\n|t:|1698367400\n|move|p1a: Anakin|Earth Power|p2a: Big Shaq\n|-damage|p2a: Big Shaq|11\/100\n|move|p2a: Big Shaq|Whirlwind|p1a: Anakin\n|-end|p1a: Anakin|Protosynthesis|[silent]\n|drag|p1a: Sashimi|Dondozo, M|90\/100\n|-damage|p1a: Sashimi|78\/100|[from] Stealth Rock\n|\n|-heal|p1a: Sashimi|84\/100|[from] item: Leftovers\n|upkeep\n|turn|13\n|\n|t:|1698367420\n|switch|p2a: MorDeKAisEr|Corviknight, F|100\/100\n|-ability|p2a: MorDeKAisEr|Pressure\n|move|p1a: Sashimi|Liquidation|p2a: MorDeKAisEr\n|-damage|p2a: MorDeKAisEr|83\/100\n|\n|-heal|p1a: Sashimi|90\/100|[from] item: Leftovers\n|upkeep\n|turn|14\n|\n|t:|1698367427\n|switch|p1a: Anakin|Sandy Shocks|90\/100\n|-damage|p1a: Anakin|83\/100|[from] Stealth Rock\n|move|p2a: MorDeKAisEr|Defog|p1a: Anakin\n|-unboost|p1a: Anakin|evasion|1\n|-sideend|p1: PrettyMan|Stealth Rock|[from] move: Defog|[of] p2a: MorDeKAisEr\n|-sideend|p2: Plozz|Spikes|[from] move: Defog|[of] p2a: MorDeKAisEr\n|\n|-heal|p1a: Anakin|90\/100|[from] item: Leftovers\n|upkeep\n|turn|15\n|\n|t:|1698367439\n|move|p1a: Anakin|Spikes|p2a: MorDeKAisEr\n|-sidestart|p2: Plozz|Spikes\n|move|p2a: MorDeKAisEr|U-turn|p1a: Anakin\n|-damage|p1a: Anakin|77\/100\n|\n|t:|1698367462\n|switch|p2a: Primigenius|Mamoswine, F|100\/100|[from] U-turn\n|-damage|p2a: Primigenius|88\/100|[from] Spikes\n|\n|-heal|p1a: Anakin|83\/100|[from] item: Leftovers\n|upkeep\n|turn|16\n|\n|t:|1698367485\n|switch|p2a: Population I|Iron Moth|100\/100\n|-damage|p2a: Population I|88\/100|[from] Spikes\n|-enditem|p2a: Population I|Booster Energy\n|-activate|p2a: Population I|ability: Quark Drive|[fromitem]\n|-start|p2a: Population I|quarkdrivespa\n|-end|p1a: Anakin|Protosynthesis|[silent]\n|switch|p1a: Sashimi|Dondozo, M|90\/100\n|\n|-heal|p1a: Sashimi|96\/100|[from] item: Leftovers\n|upkeep\n|turn|17\n|\n|t:|1698367584\n|move|p2a: Population I|Energy Ball|p1a: Sashimi\n|-supereffective|p1a: Sashimi\n|-damage|p1a: Sashimi|13\/100\n|move|p1a: Sashimi|Liquidation|p2a: Population I\n|-supereffective|p2a: Population I\n|-damage|p2a: Population I|0 fnt\n|faint|p2a: Population I\n|-end|p2a: Population I|Quark Drive|[silent]\n|\n|-heal|p1a: Sashimi|20\/100|[from] item: Leftovers\n|upkeep\n|\n|t:|1698367600\n|switch|p2a: Ernst|Roaring Moon|100\/100\n|-damage|p2a: Ernst|88\/100|[from] Spikes\n|-enditem|p2a: Ernst|Booster Energy\n|-activate|p2a: Ernst|ability: Protosynthesis|[fromitem]\n|-start|p2a: Ernst|protosynthesisatk\n|turn|18\n|\n|t:|1698367620\n|move|p2a: Ernst|Dragon Dance|p2a: Ernst\n|-boost|p2a: Ernst|atk|1\n|-boost|p2a: Ernst|spe|1\n|move|p1a: Sashimi|Body Press|p2a: Ernst\n|-supereffective|p2a: Ernst\n|-damage|p2a: Ernst|22\/100\n|\n|-heal|p1a: Sashimi|26\/100|[from] item: Leftovers\n|upkeep\n|turn|19\n|\n|t:|1698367651\n|switch|p1a: Joy|Chansey, F|100\/100\n|move|p2a: Ernst|Knock Off|p1a: Joy\n|-damage|p1a: Joy|29\/100\n|-enditem|p1a: Joy|Eviolite|[from] move: Knock Off|[of] p2a: Ernst\n|\n|upkeep\n|turn|20\n|\n|t:|1698367661\n|move|p2a: Ernst|Acrobatics|p1a: Joy\n|-damage|p1a: Joy|0 fnt\n|faint|p1a: Joy\n|\n|upkeep\n|\n|t:|1698367697\n|switch|p1a: Meganeura|Slither Wing|100\/100\n|turn|21\n|\n|t:|1698367701\n|move|p1a: Meganeura|First Impression|p2a: Ernst\n|-supereffective|p2a: Ernst\n|-damage|p2a: Ernst|0 fnt\n|faint|p2a: Ernst\n|-end|p2a: Ernst|Protosynthesis|[silent]\n|\n|upkeep\n|\n|t:|1698367709\n|switch|p2a: MorDeKAisEr|Corviknight, F|83\/100\n|-ability|p2a: MorDeKAisEr|Pressure\n|turn|22\n|\n|t:|1698367717\n|-end|p1a: Meganeura|Protosynthesis|[silent]\n|switch|p1a: Anakin|Sandy Shocks|83\/100\n|move|p2a: MorDeKAisEr|Brave Bird|p1a: Anakin\n|-resisted|p1a: Anakin\n|-damage|p1a: Anakin|65\/100\n|-damage|p2a: MorDeKAisEr|78\/100|[from] Recoil\n|\n|-heal|p1a: Anakin|72\/100|[from] item: Leftovers\n|upkeep\n|turn|23\n|\n|t:|1698367732\n|move|p1a: Anakin|Flash Cannon|p2a: MorDeKAisEr\n|-resisted|p2a: MorDeKAisEr\n|-damage|p2a: MorDeKAisEr|66\/100\n|move|p2a: MorDeKAisEr|Brave Bird|p1a: Anakin\n|-resisted|p1a: Anakin\n|-damage|p1a: Anakin|56\/100\n|-damage|p2a: MorDeKAisEr|61\/100|[from] Recoil\n|\n|-heal|p1a: Anakin|62\/100|[from] item: Leftovers\n|upkeep\n|turn|24\n|\n|t:|1698367739\n|move|p1a: Anakin|Spikes|p2a: MorDeKAisEr\n|-sidestart|p2: Plozz|Spikes\n|move|p2a: MorDeKAisEr|Brave Bird|p1a: Anakin\n|-resisted|p1a: Anakin\n|-damage|p1a: Anakin|44\/100\n|-damage|p2a: MorDeKAisEr|56\/100|[from] Recoil\n|\n|-heal|p1a: Anakin|50\/100|[from] item: Leftovers\n|upkeep\n|turn|25\n|\n|t:|1698367745\n|move|p1a: Anakin|Spikes|p2a: MorDeKAisEr\n|-sidestart|p2: Plozz|Spikes\n|move|p2a: MorDeKAisEr|Roost|p2a: MorDeKAisEr\n|-heal|p2a: MorDeKAisEr|100\/100\n|-singleturn|p2a: MorDeKAisEr|move: Roost\n|\n|-heal|p1a: Anakin|56\/100|[from] item: Leftovers\n|upkeep\n|turn|26\n|\n|t:|1698367769\n|move|p1a: Anakin|Volt Switch|p2a: MorDeKAisEr\n|-supereffective|p2a: MorDeKAisEr\n|-crit|p2a: MorDeKAisEr\n|-damage|p2a: MorDeKAisEr|24\/100\n|\n|t:|1698367776\n|-end|p1a: Anakin|Protosynthesis|[silent]\n|switch|p1a: Sashimi|Dondozo, M|26\/100|[from] Volt Switch\n|move|p2a: MorDeKAisEr|Brave Bird|p1a: Sashimi\n|-damage|p1a: Sashimi|8\/100\n|-damage|p2a: MorDeKAisEr|16\/100|[from] Recoil\n|\n|-heal|p1a: Sashimi|14\/100|[from] item: Leftovers\n|upkeep\n|turn|27\n|\n|t:|1698367798\n|move|p2a: MorDeKAisEr|Roost|p2a: MorDeKAisEr\n|-heal|p2a: MorDeKAisEr|66\/100\n|-singleturn|p2a: MorDeKAisEr|move: Roost\n|move|p1a: Sashimi|Rest|p1a: Sashimi\n|-status|p1a: Sashimi|slp|[from] move: Rest\n|-heal|p1a: Sashimi|100\/100 slp|[silent]\n|\n|upkeep\n|turn|28\n|\n|t:|1698367813\n|switch|p1a: Anakin|Sandy Shocks|56\/100\n|move|p2a: MorDeKAisEr|Defog|p1a: Anakin\n|-unboost|p1a: Anakin|evasion|1\n|-sideend|p2: Plozz|Spikes|[from] move: Defog|[of] p2a: MorDeKAisEr\n|\n|-heal|p1a: Anakin|62\/100|[from] item: Leftovers\n|upkeep\n|turn|29\n|\n|t:|1698367820\n|move|p1a: Anakin|Spikes|p2a: MorDeKAisEr\n|-sidestart|p2: Plozz|Spikes\n|move|p2a: MorDeKAisEr|Roost|p2a: MorDeKAisEr\n|-heal|p2a: MorDeKAisEr|100\/100\n|-singleturn|p2a: MorDeKAisEr|move: Roost\n|\n|-heal|p1a: Anakin|68\/100|[from] item: Leftovers\n|upkeep\n|turn|30\n|\n|t:|1698367827\n|move|p1a: Anakin|Spikes|p2a: MorDeKAisEr\n|-sidestart|p2: Plozz|Spikes\n|move|p2a: MorDeKAisEr|Brave Bird|p1a: Anakin\n|-resisted|p1a: Anakin\n|-crit|p1a: Anakin\n|-damage|p1a: Anakin|41\/100\n|-damage|p2a: MorDeKAisEr|92\/100|[from] Recoil\n|\n|-heal|p1a: Anakin|47\/100|[from] item: Leftovers\n|upkeep\n|turn|31\n|\n|t:|1698367833\n|move|p1a: Anakin|Volt Switch|p2a: MorDeKAisEr\n|-supereffective|p2a: MorDeKAisEr\n|-damage|p2a: MorDeKAisEr|33\/100\n|\n|t:|1698367839\n|-end|p1a: Anakin|Protosynthesis|[silent]\n|switch|p1a: SR-71|Dragapult, M|100\/100|[from] Volt Switch\n|move|p2a: MorDeKAisEr|Defog|p1a: SR-71\n|-fail|p1a: SR-71|unboost|[from] ability: Clear Body|[of] p1a: SR-71\n|-sideend|p2: Plozz|Spikes|[from] move: Defog|[of] p2a: MorDeKAisEr\n|\n|upkeep\n|turn|32\n|\n|t:|1698367859\n|move|p1a: SR-71|U-turn|p2a: MorDeKAisEr\n|-resisted|p2a: MorDeKAisEr\n|-damage|p2a: MorDeKAisEr|31\/100\n|\n|t:|1698367861\n|switch|p1a: Anakin|Sandy Shocks|47\/100|[from] U-turn\n|move|p2a: MorDeKAisEr|Brave Bird|p1a: Anakin\n|-resisted|p1a: Anakin\n|-damage|p1a: Anakin|31\/100\n|-damage|p2a: MorDeKAisEr|26\/100|[from] Recoil\n|\n|-heal|p1a: Anakin|37\/100|[from] item: Leftovers\n|upkeep\n|turn|33\n|\n|t:|1698367884\n|move|p1a: Anakin|Volt Switch|p2a: MorDeKAisEr\n|-supereffective|p2a: MorDeKAisEr\n|-damage|p2a: MorDeKAisEr|0 fnt\n|faint|p2a: MorDeKAisEr\n|\n|t:|1698367904\n|-end|p1a: Anakin|Protosynthesis|[silent]\n|switch|p1a: Sashimi|Dondozo, M|100\/100 slp|[from] Volt Switch\n|\n|upkeep\n|\n|t:|1698367919\n|switch|p2a: Primigenius|Mamoswine, F|88\/100\n|turn|34\n|\n|t:|1698367924\n|move|p2a: Primigenius|Trailblaze|p1a: Sashimi\n|-supereffective|p1a: Sashimi\n|-damage|p1a: Sashimi|86\/100 slp\n|-boost|p2a: Primigenius|spe|1\n|cant|p1a: Sashimi|slp\n|move|p1a: Sashimi|Sleep Talk|p1a: Sashimi\n|move|p1a: Sashimi|Rest||[from]move: Sleep Talk|[still]\n|-fail|p1a: Sashimi\n|\n|-heal|p1a: Sashimi|92\/100 slp|[from] item: Leftovers\n|upkeep\n|turn|35\n|\n|t:|1698367934\n|move|p2a: Primigenius|Earthquake|p1a: Sashimi\n|-damage|p1a: Sashimi|67\/100 slp\n|cant|p1a: Sashimi|slp\n|move|p1a: Sashimi|Sleep Talk|p1a: Sashimi\n|move|p1a: Sashimi|Rest||[from]move: Sleep Talk|[still]\n|-fail|p1a: Sashimi\n|\n|-heal|p1a: Sashimi|73\/100 slp|[from] item: Leftovers\n|upkeep\n|turn|36\n|\n|t:|1698367945\n|move|p2a: Primigenius|Earthquake|p1a: Sashimi\n|-damage|p1a: Sashimi|48\/100 slp\n|-curestatus|p1a: Sashimi|slp|[msg]\n|move|p1a: Sashimi|Body Press|p2a: Primigenius\n|-supereffective|p2a: Primigenius\n|-crit|p2a: Primigenius\n|-damage|p2a: Primigenius|0 fnt\n|faint|p2a: Primigenius\n|\n|-heal|p1a: Sashimi|54\/100|[from] item: Leftovers\n|upkeep\n|\n|t:|1698367953\n|switch|p2a: Big Shaq|Ting-Lu|11\/100\n|-ability|p2a: Big Shaq|Vessel of Ruin\n|turn|37\n|\n|t:|1698367978\n|move|p2a: Big Shaq|Stone Edge|p1a: Sashimi\n|-damage|p1a: Sashimi|43\/100\n|move|p1a: Sashimi|Body Press|p2a: Big Shaq\n|-supereffective|p2a: Big Shaq\n|-damage|p2a: Big Shaq|0 fnt\n|faint|p2a: Big Shaq\n|\n|-heal|p1a: Sashimi|49\/100|[from] item: Leftovers\n|upkeep\n|\n|t:|1698367983\n|switch|p2a: Ego|Ditto|100\/100\n|-transform|p2a: Ego|p1a: Sashimi|[from] ability: Imposter\n|turn|38\n|\n|t:|1698368000\n|move|p2a: Ego|Liquidation|p1a: Sashimi\n|-resisted|p1a: Sashimi\n|-damage|p1a: Sashimi|43\/100\n|move|p1a: Sashimi|Body Press|p2a: Ego\n|-damage|p2a: Ego|79\/100\n|\n|-heal|p1a: Sashimi|49\/100|[from] item: Leftovers\n|upkeep\n|turn|39\n|\n|t:|1698368006\n|move|p2a: Ego|Liquidation|p1a: Sashimi\n|-resisted|p1a: Sashimi\n|-damage|p1a: Sashimi|43\/100\n|move|p1a: Sashimi|Rest|p1a: Sashimi\n|-status|p1a: Sashimi|slp|[from] move: Rest\n|-heal|p1a: Sashimi|100\/100 slp|[silent]\n|\n|upkeep\n|turn|40\n|\n|t:|1698368010\n|move|p2a: Ego|Liquidation|p1a: Sashimi\n|-resisted|p1a: Sashimi\n|-damage|p1a: Sashimi|95\/100 slp\n|cant|p1a: Sashimi|slp\n|move|p1a: Sashimi|Sleep Talk|p1a: Sashimi\n|move|p1a: Sashimi|Rest||[from]move: Sleep Talk|[still]\n|-fail|p1a: Sashimi\n|\n|-heal|p1a: Sashimi|100\/100 slp|[from] item: Leftovers\n|upkeep\n|turn|41\n|\n|t:|1698368017\n|move|p2a: Ego|Liquidation|p1a: Sashimi\n|-resisted|p1a: Sashimi\n|-damage|p1a: Sashimi|94\/100 slp\n|cant|p1a: Sashimi|slp\n|move|p1a: Sashimi|Sleep Talk|p1a: Sashimi\n|move|p1a: Sashimi|Liquidation|p2a: Ego|[from]move: Sleep Talk\n|-resisted|p2a: Ego\n|-crit|p2a: Ego\n|-damage|p2a: Ego|61\/100\n|\n|-heal|p1a: Sashimi|100\/100 slp|[from] item: Leftovers\n|upkeep\n|turn|42\n|\n|t:|1698368028\n|move|p2a: Ego|Liquidation|p1a: Sashimi\n|-resisted|p1a: Sashimi\n|-damage|p1a: Sashimi|94\/100 slp\n|-curestatus|p1a: Sashimi|slp|[msg]\n|move|p1a: Sashimi|Body Press|p2a: Ego\n|-damage|p2a: Ego|39\/100\n|\n|-heal|p1a: Sashimi|99\/100|[from] item: Leftovers\n|upkeep\n|turn|43\n|\n|t:|1698368034\n|-activate|p2a: Ego|move: Struggle\n|move|p2a: Ego|Struggle|p1a: Sashimi\n|-damage|p1a: Sashimi|95\/100\n|-damage|p2a: Ego|15\/100|[from] recoil\n|move|p1a: Sashimi|Body Press|p2a: Ego\n|-damage|p2a: Ego|0 fnt\n|faint|p2a: Ego\n|\n|win|PrettyMan\n|c|\u2606PrettyMan|gg\n","uploadtime":1698368087,"views":21,"p1id":"prettyman","p2id":"plozz","formatid":"gen9anythinggoes","rating":0,"private":0,"password":""}