{"id":"gen9anythinggoes-1999147326","p1":"Exllevi","p2":"NachoDestroyer37","format":"[Gen 9] Anything Goes","log":"|j|\u2606Exllevi\n|j|\u2606NachoDestroyer37\n|t:|1701038323\n|gametype|singles\n|player|p1|Exllevi|lance|\n|player|p2|NachoDestroyer37|n|\n|teamsize|p1|6\n|teamsize|p2|6\n|gen|9\n|tier|[Gen 9] Anything Goes\n|rule|HP Percentage Mod: HP is shown in percentages\n|rule|Endless Battle Clause: Forcing endless battles is banned\n|clearpoke\n|poke|p1|Torkoal, M|\n|poke|p1|Clodsire, M|\n|poke|p1|Manaphy|\n|poke|p1|Vikavolt, M|\n|poke|p1|Ambipom, F|\n|poke|p1|Gholdengo|\n|poke|p2|Slowking-Galar, F|\n|poke|p2|Maushold-Four|\n|poke|p2|Florges-Yellow, F|\n|poke|p2|Volcanion|\n|poke|p2|Gliscor, M|\n|poke|p2|Kingambit, F|\n|teampreview\n|c|\u2606NachoDestroyer37|sin timer no?\n|c|\u2606Exllevi|Si plis\n|c|\u2606NachoDestroyer37|perfecto, lo prefiero tambien\n|\n|t:|1701038411\n|start\n|switch|p1a: El coletas|Ambipom, F|100\/100\n|switch|p2a: Naiara M\u00fasica|Volcanion|100\/100\n|turn|1\n|\n|t:|1701038441\n|move|p1a: El coletas|Fake Out|p2a: Naiara M\u00fasica\n|-damage|p2a: Naiara M\u00fasica|68\/100\n|cant|p2a: Naiara M\u00fasica|flinch\n|\n|upkeep\n|turn|2\n|\n|t:|1701038496\n|move|p2a: Naiara M\u00fasica|Earth Power|p1a: El coletas\n|-damage|p1a: El coletas|51\/100\n|-unboost|p1a: El coletas|spd|1\n|move|p1a: El coletas|U-turn|p2a: Naiara M\u00fasica\n|-resisted|p2a: Naiara M\u00fasica\n|-damage|p2a: Naiara M\u00fasica|58\/100\n|\n|t:|1701038516\n|switch|p1a: Moco|Vikavolt, M|100\/100|[from] U-turn\n|\n|upkeep\n|turn|3\n|\n|t:|1701038536\n|switch|p2a: Folagor putero|Gliscor, M|100\/100\n|move|p1a: Moco|Sticky Web|p2a: Folagor putero\n|-sidestart|p2: NachoDestroyer37|move: Sticky Web\n|\n|-status|p2a: Folagor putero|tox|[from] item: Toxic Orb\n|upkeep\n|turn|4\n|\n|t:|1701038562\n|-terastallize|p1a: Moco|Water\n|move|p2a: Folagor putero|Knock Off|p1a: Moco\n|-damage|p1a: Moco|78\/100\n|-enditem|p1a: Moco|Heavy-Duty Boots|[from] move: Knock Off|[of] p2a: Folagor putero\n|move|p1a: Moco|Tera Blast|p2a: Folagor putero|[anim] Tera Blast Water\n|-supereffective|p2a: Folagor putero\n|-damage|p2a: Folagor putero|0 fnt\n|faint|p2a: Folagor putero\n|\n|upkeep\n|\n|t:|1701038588\n|switch|p2a: 3 papele|Florges-Yellow, F|100\/100\n|-activate|p2a: 3 papele|move: Sticky Web\n|-unboost|p2a: 3 papele|spe|1\n|turn|5\n|\n|t:|1701038595\n|move|p2a: 3 papele|Wish|p2a: 3 papele\n|move|p1a: Moco|Volt Switch|p2a: 3 papele\n|-damage|p2a: 3 papele|78\/100\n|\n|t:|1701038617\n|switch|p1a: Im Fine|Clodsire, M|100\/100|[from] Volt Switch\n|\n|-heal|p2a: 3 papele|84\/100|[from] item: Leftovers\n|upkeep\n|turn|6\n|\n|t:|1701038656\n|switch|p2a: \u00d1engo flow mola|Slowking-Galar, F|100\/100\n|-activate|p2a: \u00d1engo flow mola|move: Sticky Web\n|-unboost|p2a: \u00d1engo flow mola|spe|1\n|move|p1a: Im Fine|Earthquake|p2a: \u00d1engo flow mola\n|-supereffective|p2a: \u00d1engo flow mola\n|-damage|p2a: \u00d1engo flow mola|44\/100\n|\n|-heal|p2a: \u00d1engo flow mola|89\/100|[from] move: Wish|[wisher] 3 papele\n|upkeep\n|turn|7\n|\n|t:|1701038684\n|move|p1a: Im Fine|Earthquake|p2a: \u00d1engo flow mola\n|-supereffective|p2a: \u00d1engo flow mola\n|-damage|p2a: \u00d1engo flow mola|34\/100\n|move|p2a: \u00d1engo flow mola|Psychic|p1a: Im Fine\n|-supereffective|p1a: Im Fine\n|-damage|p1a: Im Fine|66\/100\n|\n|-heal|p1a: Im Fine|72\/100|[from] item: Black Sludge\n|upkeep\n|turn|8\n|\n|t:|1701038714\n|switch|p2a: 3 papele|Florges-Yellow, F|84\/100\n|-activate|p2a: 3 papele|move: Sticky Web\n|-unboost|p2a: 3 papele|spe|1\n|move|p1a: Im Fine|Earthquake|p2a: 3 papele\n|-damage|p2a: 3 papele|46\/100\n|\n|-heal|p2a: 3 papele|52\/100|[from] item: Leftovers\n|-heal|p1a: Im Fine|78\/100|[from] item: Black Sludge\n|upkeep\n|turn|9\n|\n|t:|1701038730\n|move|p2a: 3 papele|Wish|p2a: 3 papele\n|move|p1a: Im Fine|Toxic|p2a: 3 papele\n|-status|p2a: 3 papele|tox\n|\n|-heal|p2a: 3 papele|58\/100 tox|[from] item: Leftovers\n|-heal|p1a: Im Fine|84\/100|[from] item: Black Sludge\n|-damage|p2a: 3 papele|52\/100 tox|[from] psn\n|upkeep\n|turn|10\n|\n|t:|1701038738\n|move|p2a: 3 papele|Calm Mind|p2a: 3 papele\n|-boost|p2a: 3 papele|spa|1\n|-boost|p2a: 3 papele|spd|1\n|move|p1a: Im Fine|Earthquake|p2a: 3 papele\n|-damage|p2a: 3 papele|14\/100 tox\n|\n|-heal|p2a: 3 papele|64\/100 tox|[from] move: Wish|[wisher] 3 papele\n|-heal|p2a: 3 papele|70\/100 tox|[from] item: Leftovers\n|-heal|p1a: Im Fine|91\/100|[from] item: Black Sludge\n|-damage|p2a: 3 papele|58\/100 tox|[from] psn\n|upkeep\n|turn|11\n|\n|t:|1701038752\n|move|p2a: 3 papele|Giga Drain|p1a: Im Fine\n|-damage|p1a: Im Fine|81\/100\n|-heal|p2a: 3 papele|64\/100 tox|[from] drain|[of] p1a: Im Fine\n|move|p1a: Im Fine|Haze|p1a: Im Fine\n|-clearallboost\n|\n|-heal|p2a: 3 papele|70\/100 tox|[from] item: Leftovers\n|-heal|p1a: Im Fine|87\/100|[from] item: Black Sludge\n|-damage|p2a: 3 papele|52\/100 tox|[from] psn\n|upkeep\n|turn|12\n|\n|t:|1701038822\n|switch|p2a: Naiara M\u00fasica|Volcanion|58\/100\n|-activate|p2a: Naiara M\u00fasica|move: Sticky Web\n|-unboost|p2a: Naiara M\u00fasica|spe|1\n|move|p1a: Im Fine|Earthquake|p2a: Naiara M\u00fasica\n|-supereffective|p2a: Naiara M\u00fasica\n|-damage|p2a: Naiara M\u00fasica|2\/100\n|\n|-heal|p1a: Im Fine|93\/100|[from] item: Black Sludge\n|upkeep\n|turn|13\n|\n|t:|1701038875\n|move|p2a: Naiara M\u00fasica|Earth Power|p1a: Im Fine\n|-supereffective|p1a: Im Fine\n|-damage|p1a: Im Fine|61\/100\n|move|p1a: Im Fine|Earthquake|p2a: Naiara M\u00fasica\n|-supereffective|p2a: Naiara M\u00fasica\n|-damage|p2a: Naiara M\u00fasica|0 fnt\n|faint|p2a: Naiara M\u00fasica\n|\n|-heal|p1a: Im Fine|68\/100|[from] item: Black Sludge\n|upkeep\n|\n|t:|1701038889\n|switch|p2a: Y somos amigos|Maushold-Four|100\/100\n|-activate|p2a: Y somos amigos|move: Sticky Web\n|-unboost|p2a: Y somos amigos|spe|1\n|turn|14\n|\n|t:|1701038925\n|switch|p1a: Gol D. Poller|Gholdengo|100\/100\n|move|p2a: Y somos amigos|Tidy Up|p2a: Y somos amigos\n|-sideend|p2: NachoDestroyer37|Sticky Web\n|-activate|p2a: Y somos amigos|move: Tidy Up\n|-boost|p2a: Y somos amigos|atk|1\n|-boost|p2a: Y somos amigos|spe|1\n|\n|upkeep\n|turn|15\n|\n|t:|1701038935\n|switch|p2a: NoMeSentaoEnTolDia|Kingambit, F|100\/100\n|-activate|p2a: NoMeSentaoEnTolDia|ability: Supreme Overlord\n|-start|p2a: NoMeSentaoEnTolDia|fallen2|[silent]\n|move|p1a: Gol D. Poller|Make It Rain|p2a: NoMeSentaoEnTolDia\n|-resisted|p2a: NoMeSentaoEnTolDia\n|-damage|p2a: NoMeSentaoEnTolDia|62\/100\n|-unboost|p1a: Gol D. Poller|spa|1\n|\n|upkeep\n|turn|16\n|\n|t:|1701038949\n|switch|p1a: Totuga|Torkoal, M|100\/100\n|-weather|SunnyDay|[from] ability: Drought|[of] p1a: Totuga\n|move|p2a: NoMeSentaoEnTolDia|Swords Dance|p2a: NoMeSentaoEnTolDia\n|-boost|p2a: NoMeSentaoEnTolDia|atk|2\n|\n|-weather|SunnyDay|[upkeep]\n|upkeep\n|turn|17\n|\n|t:|1701038961\n|-end|p2a: NoMeSentaoEnTolDia|fallen2|[silent]\n|switch|p2a: \u00d1engo flow mola|Slowking-Galar, F|67\/100\n|move|p1a: Totuga|Body Press|p2a: \u00d1engo flow mola\n|-resisted|p2a: \u00d1engo flow mola\n|-damage|p2a: \u00d1engo flow mola|59\/100\n|\n|-weather|SunnyDay|[upkeep]\n|upkeep\n|turn|18\n|\n|t:|1701038986\n|switch|p1a: Moco|Vikavolt, M, tera:Water|78\/100\n|move|p2a: \u00d1engo flow mola|Sludge Bomb|p1a: Moco\n|-damage|p1a: Moco|36\/100\n|\n|-weather|SunnyDay|[upkeep]\n|upkeep\n|turn|19\n|\n|t:|1701039002\n|switch|p2a: 3 papele|Florges-Yellow, F|52\/100 tox\n|move|p1a: Moco|Sticky Web|p2a: 3 papele\n|-sidestart|p2: NachoDestroyer37|move: Sticky Web\n|\n|-weather|SunnyDay|[upkeep]\n|-heal|p2a: 3 papele|58\/100 tox|[from] item: Leftovers\n|-damage|p2a: 3 papele|52\/100 tox|[from] psn\n|upkeep\n|turn|20\n|\n|t:|1701039014\n|move|p2a: 3 papele|Wish|p2a: 3 papele\n|move|p1a: Moco|Volt Switch|p2a: 3 papele\n|-damage|p2a: 3 papele|31\/100 tox\n|\n|t:|1701039038\n|switch|p1a: Gol D. Poller|Gholdengo|100\/100|[from] Volt Switch\n|\n|-weather|none\n|-heal|p2a: 3 papele|37\/100 tox|[from] item: Leftovers\n|-damage|p2a: 3 papele|25\/100 tox|[from] psn\n|upkeep\n|turn|21\n|\n|t:|1701039065\n|move|p1a: Gol D. Poller|Make It Rain|p2a: 3 papele\n|-supereffective|p2a: 3 papele\n|-damage|p2a: 3 papele|0 fnt\n|-unboost|p1a: Gol D. Poller|spa|1\n|faint|p2a: 3 papele\n|\n|upkeep\n|\n|t:|1701039076\n|switch|p2a: NoMeSentaoEnTolDia|Kingambit, F|62\/100\n|-activate|p2a: NoMeSentaoEnTolDia|move: Sticky Web\n|-unboost|p2a: NoMeSentaoEnTolDia|spe|1\n|-activate|p2a: NoMeSentaoEnTolDia|ability: Supreme Overlord\n|-start|p2a: NoMeSentaoEnTolDia|fallen3|[silent]\n|turn|22\n|\n|t:|1701039086\n|switch|p1a: Totuga|Torkoal, M|100\/100\n|-weather|SunnyDay|[from] ability: Drought|[of] p1a: Totuga\n|move|p2a: NoMeSentaoEnTolDia|Kowtow Cleave|p1a: Totuga\n|-damage|p1a: Totuga|54\/100\n|\n|-weather|SunnyDay|[upkeep]\n|upkeep\n|turn|23\n|\n|t:|1701039096\n|-end|p2a: NoMeSentaoEnTolDia|fallen3|[silent]\n|switch|p2a: \u00d1engo flow mola|Slowking-Galar, F|92\/100\n|-activate|p2a: \u00d1engo flow mola|move: Sticky Web\n|-unboost|p2a: \u00d1engo flow mola|spe|1\n|move|p1a: Totuga|Body Press|p2a: \u00d1engo flow mola\n|-resisted|p2a: \u00d1engo flow mola\n|-damage|p2a: \u00d1engo flow mola|83\/100\n|\n|-weather|SunnyDay|[upkeep]\n|upkeep\n|turn|24\n|\n|t:|1701039122\n|switch|p1a: Moco|Vikavolt, M, tera:Water|36\/100\n|move|p2a: \u00d1engo flow mola|Flamethrower|p1a: Moco\n|-resisted|p1a: Moco\n|-damage|p1a: Moco|17\/100\n|-status|p1a: Moco|brn\n|\n|-weather|SunnyDay|[upkeep]\n|-damage|p1a: Moco|11\/100 brn|[from] brn\n|upkeep\n|turn|25\n|\n|t:|1701039136\n|move|p1a: Moco|Thunderbolt|p2a: \u00d1engo flow mola\n|-damage|p2a: \u00d1engo flow mola|61\/100\n|move|p2a: \u00d1engo flow mola|Sludge Bomb|p1a: Moco\n|-damage|p1a: Moco|0 fnt\n|faint|p1a: Moco\n|\n|-weather|SunnyDay|[upkeep]\n|upkeep\n|\n|t:|1701039143\n|switch|p1a: Im Fine|Clodsire, M|68\/100\n|turn|26\n|\n|t:|1701039150\n|move|p1a: Im Fine|Earthquake|p2a: \u00d1engo flow mola\n|-supereffective|p2a: \u00d1engo flow mola\n|-damage|p2a: \u00d1engo flow mola|4\/100\n|move|p2a: \u00d1engo flow mola|Psychic|p1a: Im Fine\n|-supereffective|p1a: Im Fine\n|-damage|p1a: Im Fine|30\/100\n|-unboost|p1a: Im Fine|spd|1\n|\n|-weather|none\n|-heal|p1a: Im Fine|36\/100|[from] item: Black Sludge\n|upkeep\n|turn|27\n|\n|t:|1701039160\n|switch|p2a: Y somos amigos|Maushold-Four|100\/100\n|-activate|p2a: Y somos amigos|move: Sticky Web\n|-unboost|p2a: Y somos amigos|spe|1\n|move|p1a: Im Fine|Earthquake|p2a: Y somos amigos\n|-damage|p2a: Y somos amigos|56\/100\n|\n|-heal|p1a: Im Fine|42\/100|[from] item: Black Sludge\n|upkeep\n|turn|28\n|\n|t:|1701039175\n|move|p2a: Y somos amigos|Tidy Up|p2a: Y somos amigos\n|-sideend|p2: NachoDestroyer37|Sticky Web\n|-activate|p2a: Y somos amigos|move: Tidy Up\n|-boost|p2a: Y somos amigos|atk|1\n|-boost|p2a: Y somos amigos|spe|1\n|move|p1a: Im Fine|Earthquake|p2a: Y somos amigos\n|-damage|p2a: Y somos amigos|12\/100\n|\n|-heal|p1a: Im Fine|48\/100|[from] item: Black Sludge\n|upkeep\n|turn|29\n|\n|t:|1701039196\n|move|p2a: Y somos amigos|Bite|p1a: Im Fine\n|-damage|p1a: Im Fine|23\/100\n|move|p1a: Im Fine|Earthquake|p2a: Y somos amigos\n|-damage|p2a: Y somos amigos|0 fnt\n|faint|p2a: Y somos amigos\n|\n|-heal|p1a: Im Fine|29\/100|[from] item: Black Sludge\n|upkeep\n|\n|t:|1701039203\n|switch|p2a: NoMeSentaoEnTolDia|Kingambit, F|62\/100\n|-activate|p2a: NoMeSentaoEnTolDia|ability: Supreme Overlord\n|-start|p2a: NoMeSentaoEnTolDia|fallen4|[silent]\n|turn|30\n|\n|t:|1701039215\n|move|p2a: NoMeSentaoEnTolDia|Kowtow Cleave|p1a: Im Fine\n|-damage|p1a: Im Fine|0 fnt\n|faint|p1a: Im Fine\n|\n|upkeep\n|\n|t:|1701039220\n|switch|p1a: Totuga|Torkoal, M|54\/100\n|-weather|SunnyDay|[from] ability: Drought|[of] p1a: Totuga\n|turn|31\n|\n|t:|1701039227\n|-end|p2a: NoMeSentaoEnTolDia|fallen4|[silent]\n|switch|p2a: \u00d1engo flow mola|Slowking-Galar, F|38\/100\n|move|p1a: Totuga|Body Press|p2a: \u00d1engo flow mola\n|-resisted|p2a: \u00d1engo flow mola\n|-damage|p2a: \u00d1engo flow mola|29\/100\n|\n|-weather|SunnyDay|[upkeep]\n|upkeep\n|turn|32\n|\n|t:|1701039253\n|switch|p1a: Mi ni\u00f1e|Manaphy|100\/100\n|move|p2a: \u00d1engo flow mola|Sludge Bomb|p1a: Mi ni\u00f1e\n|-damage|p1a: Mi ni\u00f1e|69\/100\n|\n|-weather|SunnyDay|[upkeep]\n|upkeep\n|turn|33\n|\n|t:|1701039264\n|move|p1a: Mi ni\u00f1e|Substitute|p1a: Mi ni\u00f1e\n|-start|p1a: Mi ni\u00f1e|Substitute\n|-damage|p1a: Mi ni\u00f1e|44\/100\n|move|p2a: \u00d1engo flow mola|Sludge Bomb|p1a: Mi ni\u00f1e\n|-end|p1a: Mi ni\u00f1e|Substitute\n|\n|-weather|SunnyDay|[upkeep]\n|upkeep\n|turn|34\n|\n|t:|1701039282\n|move|p1a: Mi ni\u00f1e|Surf|p2a: \u00d1engo flow mola\n|-damage|p2a: \u00d1engo flow mola|22\/100\n|move|p2a: \u00d1engo flow mola|Sludge Bomb|p1a: Mi ni\u00f1e\n|-damage|p1a: Mi ni\u00f1e|9\/100\n|\n|-weather|SunnyDay|[upkeep]\n|upkeep\n|turn|35\n|\n|t:|1701039292\n|switch|p1a: Gol D. Poller|Gholdengo|100\/100\n|move|p2a: \u00d1engo flow mola|Sludge Bomb|p1a: Gol D. Poller\n|-immune|p1a: Gol D. Poller\n|\n|-weather|none\n|upkeep\n|turn|36\n|\n|t:|1701039338\n|switch|p2a: NoMeSentaoEnTolDia|Kingambit, F|62\/100\n|-activate|p2a: NoMeSentaoEnTolDia|ability: Supreme Overlord\n|-start|p2a: NoMeSentaoEnTolDia|fallen4|[silent]\n|move|p1a: Gol D. Poller|Shadow Ball|p2a: NoMeSentaoEnTolDia\n|-resisted|p2a: NoMeSentaoEnTolDia\n|-damage|p2a: NoMeSentaoEnTolDia|36\/100\n|\n|upkeep\n|turn|37\n|\n|t:|1701039396\n|move|p1a: Gol D. Poller|Shadow Ball|p2a: NoMeSentaoEnTolDia\n|-resisted|p2a: NoMeSentaoEnTolDia\n|-damage|p2a: NoMeSentaoEnTolDia|8\/100\n|move|p2a: NoMeSentaoEnTolDia|Kowtow Cleave|p1a: Gol D. Poller\n|-supereffective|p1a: Gol D. Poller\n|-damage|p1a: Gol D. Poller|0 fnt\n|faint|p1a: Gol D. Poller\n|\n|upkeep\n|\n|t:|1701039404\n|switch|p1a: El coletas|Ambipom, F|51\/100\n|turn|38\n|\n|t:|1701039549\n|-end|p2a: NoMeSentaoEnTolDia|fallen4|[silent]\n|switch|p2a: \u00d1engo flow mola|Slowking-Galar, F|55\/100\n|move|p1a: El coletas|Fake Out|p2a: \u00d1engo flow mola\n|-damage|p2a: \u00d1engo flow mola|22\/100\n|\n|upkeep\n|turn|39\n|\n|t:|1701039558\n|switch|p2a: NoMeSentaoEnTolDia|Kingambit, F|8\/100\n|-activate|p2a: NoMeSentaoEnTolDia|ability: Supreme Overlord\n|-start|p2a: NoMeSentaoEnTolDia|fallen4|[silent]\n|move|p1a: El coletas|Double Hit|p2a: NoMeSentaoEnTolDia\n|-resisted|p2a: NoMeSentaoEnTolDia\n|-damage|p2a: NoMeSentaoEnTolDia|0 fnt\n|faint|p2a: NoMeSentaoEnTolDia\n|-end|p2a: NoMeSentaoEnTolDia|fallen4|[silent]\n|-hitcount|p2: NoMeSentaoEnTolDia|1\n|\n|upkeep\n|\n|t:|1701039566\n|switch|p2a: \u00d1engo flow mola|Slowking-Galar, F|55\/100\n|turn|40\n|\n|t:|1701039583\n|switch|p1a: Mi ni\u00f1e|Manaphy|9\/100\n|move|p2a: \u00d1engo flow mola|Sludge Bomb|p1a: Mi ni\u00f1e\n|-damage|p1a: Mi ni\u00f1e|0 fnt\n|faint|p1a: Mi ni\u00f1e\n|\n|upkeep\n|\n|t:|1701039591\n|switch|p1a: Totuga|Torkoal, M|54\/100\n|-weather|SunnyDay|[from] ability: Drought|[of] p1a: Totuga\n|turn|41\n|\n|t:|1701039598\n|move|p2a: \u00d1engo flow mola|Sludge Bomb|p1a: Totuga\n|-damage|p1a: Totuga|10\/100\n|-status|p1a: Totuga|psn\n|-enditem|p1a: Totuga|Sitrus Berry|[eat]\n|-heal|p1a: Totuga|35\/100 psn|[from] item: Sitrus Berry\n|move|p1a: Totuga|Yawn|p2a: \u00d1engo flow mola\n|-start|p2a: \u00d1engo flow mola|move: Yawn|[of] p1a: Totuga\n|\n|-weather|SunnyDay|[upkeep]\n|-damage|p1a: Totuga|22\/100 psn|[from] psn\n|upkeep\n|turn|42\n|\n|t:|1701039609\n|move|p2a: \u00d1engo flow mola|Sludge Bomb|p1a: Totuga\n|-damage|p1a: Totuga|0 fnt\n|faint|p1a: Totuga\n|\n|-weather|SunnyDay|[upkeep]\n|-end|p2a: \u00d1engo flow mola|move: Yawn|[silent]\n|-status|p2a: \u00d1engo flow mola|slp\n|upkeep\n|\n|t:|1701039615\n|switch|p1a: El coletas|Ambipom, F|51\/100\n|turn|43\n|c|\u2606NachoDestroyer37|que asco jajajaja\n|\n|t:|1701039621\n|move|p1a: El coletas|Double Hit|p2a: \u00d1engo flow mola\n|-damage|p2a: \u00d1engo flow mola|27\/100 slp\n|-damage|p2a: \u00d1engo flow mola|1\/100 slp\n|-hitcount|p2a: \u00d1engo flow mola|2\n|cant|p2a: \u00d1engo flow mola|slp\n|\n|-weather|SunnyDay|[upkeep]\n|upkeep\n|turn|44\n|\n|t:|1701039629\n|move|p1a: El coletas|U-turn|p2a: \u00d1engo flow mola\n|-damage|p2a: \u00d1engo flow mola|0 fnt\n|faint|p2a: \u00d1engo flow mola\n|\n|win|Exllevi\n|c|\u2606NachoDestroyer37|gg\n","uploadtime":1701039643,"views":33,"p1id":"exllevi","p2id":"nachodestroyer37","formatid":"gen9anythinggoes","rating":0,"private":0,"password":""}