{"id":"gen9anythinggoes-1976709107","p1":"QWERTYUIOPOUYTREWQ","p2":"big ben1400","format":"[Gen 9] Anything Goes","log":"|j|\u2606QWERTYUIOPOUYTREWQ\n|j|\u2606big ben1400\n|t:|1698335147\n|gametype|singles\n|player|p1|QWERTYUIOPOUYTREWQ|101|1083\n|player|p2|big ben1400|101|1031\n|teamsize|p1|6\n|teamsize|p2|6\n|gen|9\n|tier|[Gen 9] Anything Goes\n|rated|\n|rule|HP Percentage Mod: HP is shown in percentages\n|rule|Endless Battle Clause: Forcing endless battles is banned\n|clearpoke\n|poke|p1|Darkrai|\n|poke|p1|Kyogre|\n|poke|p1|Arceus-Fairy|\n|poke|p1|Miraidon|\n|poke|p1|Delphox, F|\n|poke|p1|Annihilape, F|\n|poke|p2|Hydreigon, M|\n|poke|p2|Moltres-Galar|\n|poke|p2|Annihilape, F|\n|poke|p2|Basculegion, M|\n|poke|p2|Arceus-Bug|\n|poke|p2|Calyrex-Shadow|\n|teampreview\n|\n|t:|1698335157\n|start\n|switch|p1a: Miraidon|Miraidon|100\/100\n|switch|p2a: Hydreigon|Hydreigon, M|100\/100\n|-fieldstart|move: Electric Terrain|[from] ability: Hadron Engine|[of] p1a: Miraidon\n|turn|1\n|\n|t:|1698335165\n|-terastallize|p1a: Miraidon|Electric\n|-terastallize|p2a: Hydreigon|Dark\n|move|p1a: Miraidon|Electro Drift|p2a: Hydreigon\n|-damage|p2a: Hydreigon|0 fnt\n|faint|p2a: Hydreigon\n|\n|upkeep\n|\n|t:|1698335175\n|switch|p2a: Moltres|Moltres-Galar|100\/100\n|turn|2\n|\n|t:|1698335180\n|move|p1a: Miraidon|Electro Drift|p2a: Moltres\n|-supereffective|p2a: Moltres\n|-damage|p2a: Moltres|0 fnt\n|faint|p2a: Moltres\n|\n|upkeep\n|\n|t:|1698335186\n|switch|p2a: Calyrex|Calyrex-Shadow|100\/100\n|-ability|p2a: Calyrex|As One\n|-ability|p2a: Calyrex|Unnerve\n|turn|3\n|\n|t:|1698335192\n|move|p2a: Calyrex|Astral Barrage|p1a: Miraidon\n|-damage|p1a: Miraidon|52\/100\n|move|p1a: Miraidon|Electro Drift|p2a: Calyrex\n|-damage|p2a: Calyrex|0 fnt\n|faint|p2a: Calyrex\n|\n|upkeep\n|\n|t:|1698335201\n|switch|p2a: Arceus|Arceus-Bug|100\/100\n|turn|4\n|\n|t:|1698335215\n|move|p1a: Miraidon|Electro Drift|p2a: Arceus\n|-damage|p2a: Arceus|3\/100\n|move|p2a: Arceus|Iron Defense|p2a: Arceus\n|-boost|p2a: Arceus|def|2\n|\n|upkeep\n|turn|5\n|\n|t:|1698335223\n|move|p1a: Miraidon|Facade|p2a: Arceus\n|-damage|p2a: Arceus|0 fnt\n|faint|p2a: Arceus\n|\n|-fieldend|move: Electric Terrain\n|upkeep\n|\n|t:|1698335228\n|switch|p2a: Annihilape|Annihilape, F|100\/100\n|turn|6\n|\n|t:|1698335242\n|move|p1a: Miraidon|Electro Drift|p2a: Annihilape\n|-damage|p2a: Annihilape|45\/100\n|move|p2a: Annihilape|Outrage|p1a: Miraidon\n|-damage|p1a: Miraidon|10\/100\n|\n|upkeep\n|turn|7\n|\n|t:|1698335249\n|move|p1a: Miraidon|Electro Drift|p2a: Annihilape\n|-damage|p2a: Annihilape|0 fnt\n|faint|p2a: Annihilape\n|\n|upkeep\n|\n|t:|1698335255\n|switch|p2a: Basculegion|Basculegion, M|100\/100\n|turn|8\n|\n|t:|1698335260\n|move|p1a: Miraidon|Electro Drift|p2a: Basculegion\n|-supereffective|p2a: Basculegion\n|-damage|p2a: Basculegion|0 fnt\n|faint|p2a: Basculegion\n|\n|win|QWERTYUIOPOUYTREWQ\n|raw|QWERTYUIOPOUYTREWQ's rating: 1083 &rarr; <strong>1106<\/strong><br \/>(+23 for winning)\n|raw|big ben1400's rating: 1031 &rarr; <strong>1019<\/strong><br \/>(-12 for losing)\n|c|\u2606QWERTYUIOPOUYTREWQ|how\n|c|\u2606QWERTYUIOPOUYTREWQ|with 1 pokemon\n|c|\u2606QWERTYUIOPOUYTREWQ|smh\n","uploadtime":1698335293,"views":9,"p1id":"qwertyuiopouytrewq","p2id":"bigben1400","formatid":"gen9anythinggoes","rating":1019,"private":0,"password":""}