{"id":"gen9anythinggoes-1977554289","p1":"vexsff","p2":"tbarker7612","format":"[Gen 9] Anything Goes","log":"|j|\u2606vexsff\n|j|\u2606tbarker7612\n|t:|1698426864\n|gametype|singles\n|player|p1|vexsff|clown|1135\n|player|p2|tbarker7612|169|1055\n|teamsize|p1|6\n|teamsize|p2|6\n|gen|9\n|tier|[Gen 9] Anything Goes\n|rated|\n|rule|HP Percentage Mod: HP is shown in percentages\n|rule|Endless Battle Clause: Forcing endless battles is banned\n|clearpoke\n|poke|p1|Gastly, F|\n|poke|p1|Calyrex-Shadow|\n|poke|p1|Haunter, M|\n|poke|p1|Gengar, M|\n|poke|p1|Sableye, F|\n|poke|p1|Drifblim, M|\n|poke|p2|Cinderace, F|\n|poke|p2|Palkia-Origin|\n|poke|p2|Dialga-Origin|\n|poke|p2|Sylveon, F|\n|poke|p2|Hawlucha, F|\n|poke|p2|Uxie|\n|teampreview\n|c|\u2606vexsff|the spooky one\n|\n|t:|1698426875\n|start\n|switch|p1a: Gastly|Gastly, F|100\/100\n|switch|p2a: Cherry|Sylveon, F|100\/100\n|turn|1\n|\n|t:|1698426884\n|move|p1a: Gastly|Disable||[still]\n|-fail|p1a: Gastly\n|move|p2a: Cherry|Shadow Ball|p1a: Gastly\n|-supereffective|p1a: Gastly\n|-damage|p1a: Gastly|0 fnt\n|faint|p1a: Gastly\n|\n|upkeep\n|\n|t:|1698426892\n|switch|p1a: Haunter|Haunter, M|100\/100\n|turn|2\n|\n|t:|1698426898\n|move|p1a: Haunter|Poltergeist|p2a: Cherry\n|-activate|p2a: Cherry|move: Poltergeist|Weakness Policy\n|-damage|p2a: Cherry|68\/100\n|move|p2a: Cherry|Psychic|p1a: Haunter\n|-supereffective|p1a: Haunter\n|-damage|p1a: Haunter|0 fnt\n|faint|p1a: Haunter\n|\n|upkeep\n|c|\u2606vexsff|ow\n|\n|t:|1698426914\n|switch|p1a: Drifblim|Drifblim, M|100\/100\n|turn|3\n|\n|t:|1698426919\n|move|p1a: Drifblim|Disable|p2a: Cherry\n|-start|p2a: Cherry|Disable|Psychic\n|move|p2a: Cherry|Draining Kiss|p1a: Drifblim\n|-damage|p1a: Drifblim|77\/100\n|-heal|p2a: Cherry|96\/100|[from] drain|[of] p1a: Drifblim\n|\n|-heal|p1a: Drifblim|83\/100|[from] item: Leftovers\n|upkeep\n|turn|4\n|\n|t:|1698426930\n|-terastallize|p2a: Cherry|Fairy\n|move|p1a: Drifblim|Air Slash|p2a: Cherry\n|-damage|p2a: Cherry|78\/100\n|cant|p2a: Cherry|flinch\n|\n|-heal|p1a: Drifblim|89\/100|[from] item: Leftovers\n|upkeep\n|turn|5\n|\n|t:|1698426939\n|move|p1a: Drifblim|Body Slam|p2a: Cherry\n|-damage|p2a: Cherry|55\/100\n|-start|p1a: Drifblim|Attract|[from] ability: Cute Charm|[of] p2a: Cherry\n|move|p2a: Cherry|Draining Kiss|p1a: Drifblim\n|-damage|p1a: Drifblim|52\/100\n|-heal|p2a: Cherry|98\/100|[from] drain|[of] p1a: Drifblim\n|\n|-heal|p1a: Drifblim|58\/100|[from] item: Leftovers\n|upkeep\n|turn|6\n|\n|t:|1698426951\n|-activate|p1a: Drifblim|move: Attract|[of] p2a: Cherry\n|cant|p1a: Drifblim|Attract\n|move|p2a: Cherry|Moonblast|p1a: Drifblim\n|-crit|p1a: Drifblim\n|-damage|p1a: Drifblim|0 fnt\n|faint|p1a: Drifblim\n|\n|-end|p2a: Cherry|Disable\n|upkeep\n|c|\u2606vexsff|aaaaaaaaaaaaaaaaaaaaaa\n|\n|t:|1698426961\n|switch|p1a: Sableye|Sableye, F|100\/100\n|turn|7\n|\n|t:|1698426967\n|move|p1a: Sableye|Fake Out|p2a: Cherry\n|-damage|p2a: Cherry|83\/100\n|cant|p2a: Cherry|flinch\n|\n|upkeep\n|turn|8\n|\n|t:|1698426972\n|move|p2a: Cherry|Draining Kiss|p1a: Sableye\n|-supereffective|p1a: Sableye\n|-damage|p1a: Sableye|0 fnt\n|-heal|p2a: Cherry|100\/100|[from] drain|[of] p1a: Sableye\n|faint|p1a: Sableye\n|\n|upkeep\n|c|\u2606vexsff|AAAAAAAAA\n|\n|t:|1698426980\n|switch|p1a: Calyrex|Calyrex-Shadow|100\/100\n|-ability|p1a: Calyrex|As One\n|-ability|p1a: Calyrex|Unnerve\n|-item|p1a: Calyrex|Air Balloon\n|turn|9\n|\n|t:|1698426988\n|move|p1a: Calyrex|Astral Barrage|p2a: Cherry\n|-damage|p2a: Cherry|52\/100\n|move|p2a: Cherry|Shadow Ball|p1a: Calyrex\n|-supereffective|p1a: Calyrex\n|-damage|p1a: Calyrex|15\/100\n|-unboost|p1a: Calyrex|spd|1\n|-enditem|p1a: Calyrex|Air Balloon\n|\n|upkeep\n|turn|10\n|\n|t:|1698426999\n|move|p1a: Calyrex|Astral Barrage|p2a: Cherry\n|-damage|p2a: Cherry|0 fnt\n|faint|p2a: Cherry\n|-ability|p1a: Calyrex|Grim Neigh|boost\n|-boost|p1a: Calyrex|spa|1\n|\n|upkeep\n|\n|t:|1698427009\n|switch|p2a: Cinderace|Cinderace, F|100\/100\n|turn|11\n|\n|t:|1698427013\n|move|p2a: Cinderace|Pyro Ball|p1a: Calyrex\n|-damage|p1a: Calyrex|0 fnt\n|faint|p1a: Calyrex\n|\n|upkeep\n|\n|t:|1698427019\n|switch|p1a: Gengar|Gengar, M|100\/100\n|turn|12\n|\n|t:|1698427025\n|move|p2a: Cinderace|Pyro Ball|p1a: Gengar\n|-damage|p1a: Gengar|7\/100\n|move|p1a: Gengar|Curse|p2a: Cinderace\n|-start|p2a: Cinderace|Curse|[of] p1a: Gengar\n|-damage|p1a: Gengar|0 fnt\n|faint|p1a: Gengar\n|\n|win|tbarker7612\n|raw|vexsff's rating: 1157 &rarr; <strong>1125<\/strong><br \/>(-32 for losing)\n|raw|tbarker7612's rating: 1055 &rarr; <strong>1096<\/strong><br \/>(+41 for winning)\n|c|\u2606tbarker7612|gg\n","uploadtime":1698427043,"views":12,"p1id":"vexsff","p2id":"tbarker7612","formatid":"gen9anythinggoes","rating":1096,"private":0,"password":""}