{"id":"gen9anythinggoes-1985905804","p1":"WorldChampionStall","p2":"isurmomcuteaf","format":"[Gen 9] Anything Goes","log":"|j|\u2606WorldChampionStall\n|j|\u203disurmomcuteaf\n|t:|1699420499\n|gametype|singles\n|player|p1|WorldChampionStall|blue|1386\n|player|p2|isurmomcuteaf|101|1365\n|teamsize|p1|6\n|teamsize|p2|6\n|gen|9\n|tier|[Gen 9] Anything Goes\n|rated|\n|rule|HP Percentage Mod: HP is shown in percentages\n|rule|Endless Battle Clause: Forcing endless battles is banned\n|clearpoke\n|poke|p1|Koraidon|\n|poke|p1|Calyrex-Shadow|\n|poke|p1|Kyogre|\n|poke|p1|Miraidon|\n|poke|p1|Ribombee, F|\n|poke|p1|Annihilape, F|\n|poke|p2|Lycanroc-Dusk, F|\n|poke|p2|Dragapult, F|\n|poke|p2|Calyrex-Shadow|\n|poke|p2|Arceus|\n|poke|p2|Regieleki|\n|poke|p2|Zacian-*|\n|teampreview\n|inactive|Battle timer is ON: inactive players will automatically lose when time's up. (requested by isurmomcuteaf)\n|inactive|WorldChampionStall also wants the timer to be on.\n|\n|t:|1699420519\n|start\n|switch|p1a: Akumu \"Nightmare\"|Miraidon|100\/100\n|switch|p2a: Lycanroc|Lycanroc-Dusk, F|100\/100\n|-fieldstart|move: Electric Terrain|[from] ability: Hadron Engine|[of] p1a: Akumu \"Nightmare\"\n|turn|1\n|\n|t:|1699420536\n|move|p2a: Lycanroc|Stealth Rock|p1a: Akumu \"Nightmare\"\n|-sidestart|p1: WorldChampionStall|move: Stealth Rock\n|move|p1a: Akumu \"Nightmare\"|Electro Drift|p2a: Lycanroc\n|-enditem|p2a: Lycanroc|Focus Sash\n|-damage|p2a: Lycanroc|1\/100\n|\n|upkeep\n|turn|2\n|\n|t:|1699420542\n|move|p2a: Lycanroc|Close Combat|p1a: Akumu \"Nightmare\"\n|-damage|p1a: Akumu \"Nightmare\"|58\/100\n|-unboost|p2a: Lycanroc|def|1\n|-unboost|p2a: Lycanroc|spd|1\n|move|p1a: Akumu \"Nightmare\"|Electro Drift|p2a: Lycanroc\n|-damage|p2a: Lycanroc|0 fnt\n|faint|p2a: Lycanroc\n|\n|upkeep\n|\n|t:|1699420548\n|switch|p2a: Dragapult|Dragapult, F|100\/100\n|turn|3\n|\n|t:|1699420553\n|move|p2a: Dragapult|Dragon Darts|p1a: Akumu \"Nightmare\"\n|-supereffective|p1a: Akumu \"Nightmare\"\n|-damage|p1a: Akumu \"Nightmare\"|0 fnt\n|faint|p1a: Akumu \"Nightmare\"\n|-damage|p2a: Dragapult|91\/100|[from] item: Life Orb\n|\n|upkeep\n|\n|t:|1699420568\n|switch|p1a: Tsunamicide|Kyogre, shiny|100\/100\n|-damage|p1a: Tsunamicide|88\/100|[from] Stealth Rock\n|-weather|RainDance|[from] ability: Drizzle|[of] p1a: Tsunamicide\n|turn|4\n|\n|t:|1699420573\n|move|p1a: Tsunamicide|Water Spout|p2a: Dragapult\n|-resisted|p2a: Dragapult\n|-damage|p2a: Dragapult|9\/100\n|move|p2a: Dragapult|U-turn|p1a: Tsunamicide\n|-damage|p1a: Tsunamicide|53\/100\n|-damage|p2a: Dragapult|0 fnt|[from] item: Life Orb\n|faint|p2a: Dragapult\n|\n|-weather|RainDance|[upkeep]\n|upkeep\n|\n|t:|1699420580\n|switch|p2a: Regieleki|Regieleki|100\/100\n|turn|5\n|\n|t:|1699420599\n|switch|p1a: Oath Sworn Shield|Koraidon|100\/100\n|-damage|p1a: Oath Sworn Shield|94\/100|[from] Stealth Rock\n|-weather|SunnyDay|[from] ability: Orichalcum Pulse|[of] p1a: Oath Sworn Shield\n|-activate|p1a: Oath Sworn Shield|Orichalcum Pulse|[source]\n|move|p2a: Regieleki|Thunderbolt|p1a: Oath Sworn Shield\n|-resisted|p1a: Oath Sworn Shield\n|-damage|p1a: Oath Sworn Shield|57\/100\n|\n|-weather|SunnyDay|[upkeep]\n|-fieldend|move: Electric Terrain\n|upkeep\n|turn|6\n|l|\u2606WorldChampionStall\n|inactive|WorldChampionStall disconnected and has a minute to reconnect!\n|player|p1|\n|inactive|WorldChampionStall has 30 seconds to reconnect!\n|inactive|WorldChampionStall has 20 seconds to reconnect!\n|inactive|WorldChampionStall has 15 seconds to reconnect!\n|inactive|WorldChampionStall has 10 seconds to reconnect!\n|j|\u2606WorldChampionStall\n|inactive|WorldChampionStall reconnected and has 85 seconds left.\n|player|p1|WorldChampionStall|blue\n|\n|t:|1699420680\n|move|p2a: Regieleki|Volt Switch|p1a: Oath Sworn Shield\n|-resisted|p1a: Oath Sworn Shield\n|-damage|p1a: Oath Sworn Shield|35\/100\n|\n|t:|1699420684\n|switch|p2a: Arceus|Arceus|100\/100|[from] Volt Switch\n|move|p1a: Oath Sworn Shield|Flare Blitz|p2a: Arceus\n|-damage|p2a: Arceus|40\/100\n|-damage|p1a: Oath Sworn Shield|10\/100|[from] Recoil\n|\n|-weather|SunnyDay|[upkeep]\n|upkeep\n|turn|7\n|\n|t:|1699420695\n|move|p2a: Arceus|Extreme Speed|p1a: Oath Sworn Shield\n|-damage|p1a: Oath Sworn Shield|0 fnt\n|faint|p1a: Oath Sworn Shield\n|\n|-weather|SunnyDay|[upkeep]\n|upkeep\n|\n|t:|1699420704\n|switch|p1a: The Humble Knight|Calyrex-Shadow|100\/100\n|-ability|p1a: The Humble Knight|As One\n|-ability|p1a: The Humble Knight|Unnerve\n|-damage|p1a: The Humble Knight|88\/100|[from] Stealth Rock\n|turn|8\n|\n|t:|1699420723\n|move|p1a: The Humble Knight|Draining Kiss|p2a: Arceus\n|-damage|p2a: Arceus|26\/100\n|-heal|p1a: The Humble Knight|100\/100|[from] drain|[of] p2a: Arceus\n|move|p2a: Arceus|Earthquake|p1a: The Humble Knight\n|-damage|p1a: The Humble Knight|58\/100\n|\n|-weather|SunnyDay|[upkeep]\n|upkeep\n|turn|9\n|l|\u2606WorldChampionStall\n|inactive|WorldChampionStall disconnected and has a minute to reconnect!\n|player|p1|\n|inactive|WorldChampionStall has 30 seconds to reconnect!\n|inactive|WorldChampionStall has 20 seconds to reconnect!\n|inactive|WorldChampionStall has 15 seconds to reconnect!\n|inactive|WorldChampionStall has 10 seconds to reconnect!\n|inactive|WorldChampionStall has 5 seconds to reconnect!\n|-message|WorldChampionStall lost due to inactivity.\n|\n|win|isurmomcuteaf\n|raw|WorldChampionStall's rating: 1386 &rarr; <strong>1365<\/strong><br \/>(-21 for losing)\n|raw|isurmomcuteaf's rating: 1365 &rarr; <strong>1386<\/strong><br \/>(+21 for winning)\n","uploadtime":1699420790,"views":5,"p1id":"worldchampionstall","p2id":"isurmomcuteaf","formatid":"gen9anythinggoes","rating":1365,"private":0,"password":""}