{"id":"gen9anythinggoes-1994947027","p1":"grass knot zygarde","p2":"BeedrillKingMaster","format":"[Gen 9] Anything Goes","log":"|j|\u2606grass knot zygarde\n|j|\u2606BeedrillKingMaster\n|t:|1700507123\n|gametype|singles\n|player|p1|grass knot zygarde|harlequin|1335\n|player|p2|BeedrillKingMaster|youngster-gen4dp|1268\n|teamsize|p1|6\n|teamsize|p2|6\n|gen|9\n|tier|[Gen 9] Anything Goes\n|rated|\n|rule|HP Percentage Mod: HP is shown in percentages\n|rule|Endless Battle Clause: Forcing endless battles is banned\n|clearpoke\n|poke|p1|Ursaluna-Bloodmoon, M|\n|poke|p1|Calyrex-Ice|\n|poke|p1|Arceus|\n|poke|p1|Arceus-Grass|\n|poke|p1|Koraidon|\n|poke|p1|Rayquaza|\n|poke|p2|Scream Tail|\n|poke|p2|Iron Valiant|\n|poke|p2|Tinkaton, F|\n|poke|p2|Azumarill, F|\n|poke|p2|Dedenne, F|\n|poke|p2|Mimikyu, F|\n|teampreview\n|inactive|Battle timer is ON: inactive players will automatically lose when time's up. (requested by grass knot zygarde)\n|c|\u2606BeedrillKingMaster|wow just like the last guy\n|j| ss_wobblewok\n|\n|t:|1700507147\n|start\n|switch|p1a: Rayquaza|Rayquaza|100\/100\n|switch|p2a: Dedenne|Dedenne, F, shiny|100\/100\n|-ability|p1a: Rayquaza|Air Lock\n|turn|1\n|c|\u2606grass knot zygarde|yerp.\n|\n|t:|1700507161\n|move|p2a: Dedenne|Dazzling Gleam|p1a: Rayquaza\n|-supereffective|p1a: Rayquaza\n|-damage|p1a: Rayquaza|30\/100\n|move|p1a: Rayquaza|Earthquake|p2a: Dedenne\n|-supereffective|p2a: Dedenne\n|-crit|p2a: Dedenne\n|-damage|p2a: Dedenne|0 fnt\n|faint|p2a: Dedenne\n|\n|upkeep\n|\n|t:|1700507169\n|switch|p2a: Azumarill|Azumarill, F, shiny|100\/100\n|turn|2\n|\n|t:|1700507176\n|move|p1a: Rayquaza|Stealth Rock|p2a: Azumarill\n|-sidestart|p2: BeedrillKingMaster|move: Stealth Rock\n|move|p2a: Azumarill|Play Rough|p1a: Rayquaza\n|-supereffective|p1a: Rayquaza\n|-damage|p1a: Rayquaza|0 fnt\n|faint|p1a: Rayquaza\n|\n|upkeep\n|\n|t:|1700507184\n|switch|p1a: Arceus|Arceus-Grass|100\/100\n|turn|3\n|\n|t:|1700507189\n|switch|p2a: Scream Tail|Scream Tail, shiny|100\/100\n|-damage|p2a: Scream Tail|88\/100|[from] Stealth Rock\n|move|p1a: Arceus|Taunt|p2a: Scream Tail\n|-start|p2a: Scream Tail|move: Taunt\n|\n|upkeep\n|turn|4\n|\n|t:|1700507199\n|-end|p2a: Scream Tail|Protosynthesis|[silent]\n|switch|p2a: Azumarill|Azumarill, F, shiny|100\/100\n|-damage|p2a: Azumarill|88\/100|[from] Stealth Rock\n|move|p1a: Arceus|Trick Room|p1a: Arceus\n|-fieldstart|move: Trick Room|[of] p1a: Arceus\n|\n|upkeep\n|turn|5\n|\n|t:|1700507208\n|switch|p2a: Tinkaton|Tinkaton, F, shiny|100\/100\n|-damage|p2a: Tinkaton|94\/100|[from] Stealth Rock\n|-ability|p2a: Tinkaton|Mold Breaker\n|move|p1a: Arceus|Judgment|p2a: Tinkaton\n|-resisted|p2a: Tinkaton\n|-damage|p2a: Tinkaton|71\/100\n|\n|-heal|p2a: Tinkaton|77\/100|[from] item: Leftovers\n|upkeep\n|turn|6\n|\n|t:|1700507212\n|move|p1a: Arceus|Healing Wish|p1a: Arceus\n|faint|p1a: Arceus\n|move|p2a: Tinkaton|Encore|p1: Arceus|[notarget]\n|-fail|p2a: Tinkaton\n|\n|-heal|p2a: Tinkaton|83\/100|[from] item: Leftovers\n|upkeep\n|\n|t:|1700507221\n|switch|p1a: Ursaluna|Ursaluna-Bloodmoon, M|100\/100\n|turn|7\n|\n|t:|1700507226\n|switch|p2a: Azumarill|Azumarill, F, shiny|88\/100\n|-damage|p2a: Azumarill|76\/100|[from] Stealth Rock\n|move|p1a: Ursaluna|Earth Power|p2a: Azumarill\n|-damage|p2a: Azumarill|18\/100\n|\n|upkeep\n|turn|8\n|\n|t:|1700507235\n|-terastallize|p2a: Azumarill|Water\n|move|p1a: Ursaluna|Earth Power|p2a: Azumarill\n|-damage|p2a: Azumarill|0 fnt\n|faint|p2a: Azumarill\n|\n|-fieldend|move: Trick Room\n|upkeep\n|\n|t:|1700507246\n|switch|p2a: Scream Tail|Scream Tail, shiny|88\/100\n|-damage|p2a: Scream Tail|76\/100|[from] Stealth Rock\n|turn|9\n|\n|t:|1700507253\n|move|p2a: Scream Tail|Reflect|p2a: Scream Tail\n|-sidestart|p2: BeedrillKingMaster|Reflect\n|move|p1a: Ursaluna|Blood Moon|p2a: Scream Tail\n|-damage|p2a: Scream Tail|7\/100\n|\n|upkeep\n|turn|10\n|\n|t:|1700507263\n|move|p2a: Scream Tail|Light Screen|p2a: Scream Tail\n|-sidestart|p2: BeedrillKingMaster|move: Light Screen\n|move|p1a: Ursaluna|Hyper Voice|p2a: Scream Tail\n|-crit|p2a: Scream Tail\n|-damage|p2a: Scream Tail|0 fnt\n|faint|p2a: Scream Tail\n|-end|p2a: Scream Tail|Protosynthesis|[silent]\n|\n|upkeep\n|c| ss_wobblewok|reflect against ursa bloodmoon\n|c| ss_wobblewok|AMAZING KING\n|c|\u2606BeedrillKingMaster|bruh i just want this battle to be over with\n|inactive|BeedrillKingMaster has 120 seconds left.\n|c|\u2606grass knot zygarde|me too buddy\n|\n|t:|1700507300\n|switch|p2a: Iron Valiant|Iron Valiant, shiny|100\/100\n|-damage|p2a: Iron Valiant|94\/100|[from] Stealth Rock\n|turn|11\n|inactive|BeedrillKingMaster has 120 seconds left.\n|c|\u2606grass knot zygarde|this journey has been rough\n|c| ss_wobblewok|the ff in question:\n|\n|t:|1700507318\n|move|p2a: Iron Valiant|Psyshock|p1a: Ursaluna\n|-crit|p1a: Ursaluna\n|-damage|p1a: Ursaluna|59\/100\n|move|p1a: Ursaluna|Blood Moon|p2a: Iron Valiant\n|-damage|p2a: Iron Valiant|2\/100\n|\n|upkeep\n|turn|12\n|c| ss_wobblewok|why didnt you use focus blast\n|\n|t:|1700507332\n|switch|p1a: Arceus|Arceus|100\/100\n|move|p2a: Iron Valiant|Psyshock|p1a: Arceus\n|-damage|p1a: Arceus|82\/100\n|\n|upkeep\n|turn|13\n|c|\u2606BeedrillKingMaster|i dont\n|inactive|BeedrillKingMaster has 120 seconds left.\n|c|\u2606BeedrillKingMaster|hjave it\n|\n|t:|1700507352\n|-end|p2a: Iron Valiant|Quark Drive|[silent]\n|switch|p2a: Tinkaton|Tinkaton, F, shiny|83\/100\n|-damage|p2a: Tinkaton|77\/100|[from] Stealth Rock\n|-ability|p2a: Tinkaton|Mold Breaker\n|move|p1a: Arceus|Extreme Speed|p2a: Tinkaton\n|-resisted|p2a: Tinkaton\n|-damage|p2a: Tinkaton|65\/100\n|\n|-heal|p2a: Tinkaton|71\/100|[from] item: Leftovers\n|upkeep\n|turn|14\n|inactive|BeedrillKingMaster has 120 seconds left.\n|c|\u2606BeedrillKingMaster|thats not the set\n|c| ss_wobblewok|what are you even running then.\n|c|\u2606grass knot zygarde|i dont think he has it\n|\n|t:|1700507367\n|move|p2a: Tinkaton|Encore|p1a: Arceus\n|-start|p1a: Arceus|Encore\n|move|p1a: Arceus|Extreme Speed|p2a: Tinkaton\n|-resisted|p2a: Tinkaton\n|-damage|p2a: Tinkaton|61\/100\n|\n|-heal|p2a: Tinkaton|67\/100|[from] item: Leftovers\n|upkeep\n|turn|15\n|inactive|BeedrillKingMaster has 120 seconds left.\n|\n|t:|1700507383\n|switch|p1a: Koraidon|Koraidon|100\/100\n|-weather|SunnyDay|[from] ability: Orichalcum Pulse|[of] p1a: Koraidon\n|-activate|p1a: Koraidon|Orichalcum Pulse|[source]\n|move|p2a: Tinkaton|Swords Dance|p2a: Tinkaton\n|-boost|p2a: Tinkaton|atk|2\n|\n|-weather|SunnyDay|[upkeep]\n|-heal|p2a: Tinkaton|73\/100|[from] item: Leftovers\n|upkeep\n|turn|16\n|c|\u2606BeedrillKingMaster|why should i tell u\n|\n|t:|1700507400\n|move|p1a: Koraidon|Flare Blitz|p2a: Tinkaton\n|-supereffective|p2a: Tinkaton\n|-damage|p2a: Tinkaton|0 fnt\n|faint|p2a: Tinkaton\n|-damage|p1a: Koraidon|79\/100|[from] Recoil\n|\n|-weather|SunnyDay|[upkeep]\n|-sideend|p2: BeedrillKingMaster|Reflect\n|upkeep\n|c| ss_wobblewok|so you dont look like an idiot\n|\n|t:|1700507404\n|switch|p2a: Iron Valiant|Iron Valiant, shiny|2\/100\n|-damage|p2a: Iron Valiant|0 fnt|[from] Stealth Rock\n|faint|p2a: Iron Valiant\n|-end|p2a: Iron Valiant|Quark Drive|[silent]\n|c| ss_wobblewok|for running a bad set\n|\n|t:|1700507408\n|switch|p2a: Mimikyu|Mimikyu, F, shiny|100\/100\n|-damage|p2a: Mimikyu|88\/100|[from] Stealth Rock\n|turn|17\n|c| ss_wobblewok|lawl\n|inactive|BeedrillKingMaster has 120 seconds left.\n|c|\u2606BeedrillKingMaster|thats crazy\n|\n|t:|1700507425\n|move|p1a: Koraidon|Flare Blitz|p2a: Mimikyu\n|-activate|p2a: Mimikyu|ability: Disguise\n|-damage|p2a: Mimikyu|88\/100\n|detailschange|p2a: Mimikyu|Mimikyu-Busted, F, shiny\n|-damage|p2a: Mimikyu|76\/100|[from] pokemon: Mimikyu-Busted\n|move|p2a: Mimikyu|Play Rough|p1a: Koraidon\n|-supereffective|p1a: Koraidon\n|-damage|p1a: Koraidon|0 fnt\n|faint|p1a: Koraidon\n|-damage|p2a: Mimikyu|66\/100|[from] item: Life Orb\n|\n|-weather|SunnyDay|[upkeep]\n|-sideend|p2: BeedrillKingMaster|move: Light Screen\n|upkeep\n|\n|t:|1700507434\n|switch|p1a: Calyrex|Calyrex-Ice|100\/100\n|-ability|p1a: Calyrex|As One\n|-ability|p1a: Calyrex|Unnerve\n|turn|18\n|inactive|BeedrillKingMaster has 120 seconds left.\n|c|\u2606BeedrillKingMaster|how is ot bad tell me\n|c| ss_wobblewok|idk if its bad\n|\n|t:|1700507450\n|-terastallize|p1a: Calyrex|Ice\n|move|p2a: Mimikyu|Shadow Claw|p1a: Calyrex\n|-damage|p1a: Calyrex|76\/100\n|-damage|p2a: Mimikyu|56\/100|[from] item: Life Orb\n|move|p1a: Calyrex|Glacial Lance|p2a: Mimikyu\n|-damage|p2a: Mimikyu|0 fnt\n|faint|p2a: Mimikyu\n|\n|win|grass knot zygarde\n|raw|grass knot zygarde's rating: 1335 &rarr; <strong>1351<\/strong><br \/>(+16 for winning)\n|raw|BeedrillKingMaster's rating: 1268 &rarr; <strong>1248<\/strong><br \/>(-20 for losing)\n|c| ss_wobblewok|thats why im tryna see the set\n|c|\u2606BeedrillKingMaster|exactly\n|c| ss_wobblewok|so i can tell you if it is\n|j| MisonoGYATTka\n|c|\u2606BeedrillKingMaster|nope bye\n|l|\u2606BeedrillKingMaster\n|c| ss_wobblewok|total baka...\n|c| MisonoGYATTka|kinad sugoi no?\n|c|\u2606grass knot zygarde|very cool\n|l| ss_wobblewok\n","uploadtime":1700507481,"views":0,"p1id":"grassknotzygarde","p2id":"beedrillkingmaster","formatid":"gen9anythinggoes","rating":1248,"private":0,"password":""}