{"id":"gen9anythinggoes-1982423622","p1":"INeverLoseIditos","p2":"eurybie","format":"[Gen 9] Anything Goes","log":"|j|\u2606INeverLoseIditos\n|j|\u2606eurybie\n|t:|1699012988\n|gametype|singles\n|player|p1|INeverLoseIditos|blackbelt-gen4dp|1632\n|player|p2|eurybie|2|1832\n|teamsize|p1|6\n|teamsize|p2|6\n|gen|9\n|tier|[Gen 9] Anything Goes\n|rated|\n|rule|HP Percentage Mod: HP is shown in percentages\n|rule|Endless Battle Clause: Forcing endless battles is banned\n|clearpoke\n|poke|p1|Arceus|\n|poke|p1|Ditto|\n|poke|p1|Cinderace, M|\n|poke|p1|Miraidon|\n|poke|p1|Calyrex-Shadow|\n|poke|p1|Dondozo, M|\n|poke|p2|Miraidon|\n|poke|p2|Grimmsnarl, M|\n|poke|p2|Skeledirge, M|\n|poke|p2|Blissey, F|\n|poke|p2|Moltres|\n|poke|p2|Calyrex-Ice|\n|teampreview\n|inactive|Battle timer is ON: inactive players will automatically lose when time's up. (requested by INeverLoseIditos)\n|\n|t:|1699013015\n|start\n|switch|p1a: Ditto|Ditto|100\/100\n|switch|p2a: Miraidon|Miraidon|100\/100\n|-fieldstart|move: Electric Terrain|[from] ability: Hadron Engine|[of] p2a: Miraidon\n|-transform|p1a: Ditto|p2a: Miraidon|[from] ability: Imposter\n|-activate|p1a: Ditto|ability: Hadron Engine\n|turn|1\n|c|\u2606INeverLoseIditos|Hurry\n|\n|t:|1699013026\n|move|p1a: Ditto|Protect|p1a: Ditto\n|-singleturn|p1a: Ditto|Protect\n|move|p2a: Miraidon|Protect||[still]\n|-fail|p2a: Miraidon\n|\n|upkeep\n|turn|2\n|\n|t:|1699013033\n|switch|p2a: Blissey|Blissey, F|100\/100\n|move|p1a: Ditto|Dragon Pulse|p2a: Blissey\n|-damage|p2a: Blissey|83\/100\n|\n|upkeep\n|turn|3\n|\n|t:|1699013040\n|move|p1a: Ditto|U-turn|p2a: Blissey\n|-damage|p2a: Blissey|59\/100\n|\n|t:|1699013044\n|switch|p1a: Dondozo|Dondozo, M|100\/100|[from] U-turn\n|move|p2a: Blissey|Stealth Rock|p1a: Dondozo\n|-sidestart|p1: INeverLoseIditos|move: Stealth Rock\n|\n|upkeep\n|turn|4\n|\n|t:|1699013050\n|switch|p2a: Moltres|Moltres|100\/100\n|move|p1a: Dondozo|Bulldoze|p2a: Moltres\n|-immune|p2a: Moltres\n|\n|upkeep\n|turn|5\n|\n|t:|1699013056\n|move|p2a: Moltres|U-turn|p1a: Dondozo\n|-damage|p1a: Dondozo|91\/100\n|\n|t:|1699013066\n|switch|p2a: Miraidon|Miraidon|100\/100|[from] U-turn\n|-activate|p2a: Miraidon|ability: Hadron Engine\n|move|p1a: Dondozo|Wave Crash|p2a: Miraidon\n|-resisted|p2a: Miraidon\n|-crit|p2a: Miraidon\n|-damage|p2a: Miraidon|58\/100\n|-damage|p1a: Dondozo|82\/100|[from] Recoil\n|\n|-heal|p1a: Dondozo|88\/100|[from] item: Leftovers\n|-fieldend|move: Electric Terrain\n|upkeep\n|turn|6\n|\n|t:|1699013076\n|-terastallize|p1a: Dondozo|Electric\n|move|p2a: Miraidon|U-turn|p1a: Dondozo\n|-damage|p1a: Dondozo|81\/100\n|j| teamtester48\n|\n|t:|1699013080\n|switch|p2a: Moltres|Moltres|100\/100|[from] U-turn\n|move|p1a: Dondozo|Bulldoze|p2a: Moltres\n|-immune|p2a: Moltres\n|\n|-heal|p1a: Dondozo|87\/100|[from] item: Leftovers\n|upkeep\n|turn|7\n|\n|t:|1699013088\n|move|p2a: Moltres|Will-O-Wisp|p1a: Dondozo|[miss]\n|-miss|p2a: Moltres|p1a: Dondozo\n|move|p1a: Dondozo|Order Up|p2a: Moltres\n|-damage|p2a: Moltres|84\/100\n|\n|-heal|p1a: Dondozo|93\/100|[from] item: Leftovers\n|upkeep\n|turn|8\n|\n|t:|1699013095\n|switch|p1a: Ditto|Ditto|100\/100\n|-damage|p1a: Ditto|88\/100|[from] Stealth Rock\n|-transform|p1a: Ditto|p2a: Moltres|[from] ability: Imposter\n|move|p2a: Moltres|Will-O-Wisp|p1a: Ditto\n|-immune|p1a: Ditto\n|\n|upkeep\n|turn|9\n|\n|t:|1699013106\n|move|p1a: Ditto|Roost|p1a: Ditto\n|-heal|p1a: Ditto|100\/100\n|-singleturn|p1a: Ditto|move: Roost\n|move|p2a: Moltres|U-turn|p1a: Ditto\n|-resisted|p1a: Ditto\n|-damage|p1a: Ditto|93\/100\n|\n|t:|1699013115\n|switch|p2a: Miraidon|Miraidon|58\/100|[from] U-turn\n|-fieldstart|move: Electric Terrain|[from] ability: Hadron Engine|[of] p2a: Miraidon\n|\n|upkeep\n|turn|10\n|\n|t:|1699013122\n|switch|p1a: Dondozo|Dondozo, M, tera:Electric|93\/100\n|-damage|p1a: Dondozo|80\/100|[from] Stealth Rock\n|move|p2a: Miraidon|Electro Drift|p1a: Dondozo\n|-resisted|p1a: Dondozo\n|-damage|p1a: Dondozo|37\/100\n|\n|-heal|p1a: Dondozo|44\/100|[from] item: Leftovers\n|upkeep\n|turn|11\n|\n|t:|1699013131\n|move|p2a: Miraidon|Dragon Pulse|p1a: Dondozo\n|-damage|p1a: Dondozo|0 fnt\n|faint|p1a: Dondozo\n|\n|upkeep\n|\n|t:|1699013140\n|switch|p1a: Arceus|Arceus|100\/100\n|-damage|p1a: Arceus|88\/100|[from] Stealth Rock\n|turn|12\n|\n|t:|1699013144\n|switch|p2a: Skeledirge|Skeledirge, M|100\/100\n|move|p1a: Arceus|Dragon Dance|p1a: Arceus\n|-boost|p1a: Arceus|atk|1\n|-boost|p1a: Arceus|spe|1\n|\n|upkeep\n|turn|13\n|\n|t:|1699013151\n|move|p1a: Arceus|Thunder Wave|p2a: Skeledirge\n|-status|p2a: Skeledirge|par\n|cant|p2a: Skeledirge|par\n|\n|-fieldend|move: Electric Terrain\n|upkeep\n|turn|14\n|\n|t:|1699013158\n|switch|p1a: Ditto|Ditto|93\/100\n|-damage|p1a: Ditto|81\/100|[from] Stealth Rock\n|-transform|p1a: Ditto|p2a: Skeledirge|[from] ability: Imposter\n|move|p2a: Skeledirge|Will-O-Wisp|p1a: Ditto\n|-immune|p1a: Ditto\n|\n|upkeep\n|turn|15\n|\n|t:|1699013167\n|switch|p2a: Blissey|Blissey, F|59\/100\n|move|p1a: Ditto|Slack Off|p1a: Ditto\n|-heal|p1a: Ditto|100\/100\n|\n|upkeep\n|turn|16\n|\n|t:|1699013173\n|move|p1a: Ditto|Will-O-Wisp|p2a: Blissey\n|-status|p2a: Blissey|brn\n|move|p2a: Blissey|Heal Bell|p2a: Blissey\n|-activate|p2a: Blissey|move: Heal Bell\n|-curestatus|p2a: Blissey|brn|[msg]\n|-curestatus|p2: Skeledirge|par|[msg]\n|\n|upkeep\n|turn|17\n|\n|t:|1699013190\n|switch|p1a: Arceus|Arceus|88\/100\n|-damage|p1a: Arceus|76\/100|[from] Stealth Rock\n|switch|p2a: Miraidon|Miraidon|58\/100\n|-fieldstart|move: Electric Terrain|[from] ability: Hadron Engine|[of] p2a: Miraidon\n|\n|upkeep\n|turn|18\n|\n|t:|1699013203\n|switch|p2a: Moltres|Moltres|84\/100\n|move|p1a: Arceus|Dragon Dance|p1a: Arceus\n|-boost|p1a: Arceus|atk|1\n|-boost|p1a: Arceus|spe|1\n|\n|upkeep\n|turn|19\n|\n|t:|1699013213\n|switch|p1a: Ditto|Ditto|100\/100\n|-damage|p1a: Ditto|88\/100|[from] Stealth Rock\n|-transform|p1a: Ditto|p2a: Moltres|[from] ability: Imposter\n|move|p2a: Moltres|Will-O-Wisp|p1a: Ditto\n|-immune|p1a: Ditto\n|\n|upkeep\n|turn|20\n|\n|t:|1699013222\n|move|p1a: Ditto|Roost|p1a: Ditto\n|-heal|p1a: Ditto|100\/100\n|-singleturn|p1a: Ditto|move: Roost\n|move|p2a: Moltres|U-turn|p1a: Ditto\n|-resisted|p1a: Ditto\n|-damage|p1a: Ditto|93\/100\n|\n|t:|1699013229\n|switch|p2a: Miraidon|Miraidon|58\/100|[from] U-turn\n|-activate|p2a: Miraidon|ability: Hadron Engine\n|\n|upkeep\n|turn|21\n|\n|t:|1699013242\n|switch|p1a: Arceus|Arceus|76\/100\n|-damage|p1a: Arceus|63\/100|[from] Stealth Rock\n|move|p2a: Miraidon|Dragon Pulse|p1a: Arceus\n|-damage|p1a: Arceus|20\/100\n|\n|-fieldend|move: Electric Terrain\n|upkeep\n|turn|22\n|\n|t:|1699013249\n|move|p1a: Arceus|Extreme Speed|p2a: Miraidon\n|-damage|p2a: Miraidon|18\/100\n|move|p2a: Miraidon|Dragon Pulse|p1a: Arceus\n|-damage|p1a: Arceus|0 fnt\n|faint|p1a: Arceus\n|\n|upkeep\n|\n|t:|1699013261\n|switch|p1a: Miraidon|Miraidon|100\/100\n|-damage|p1a: Miraidon|88\/100|[from] Stealth Rock\n|-fieldstart|move: Electric Terrain|[from] ability: Hadron Engine|[of] p1a: Miraidon\n|turn|23\n|\n|t:|1699013267\n|move|p2a: Miraidon|Protect|p2a: Miraidon\n|-singleturn|p2a: Miraidon|Protect\n|move|p1a: Miraidon|Dazzling Gleam|p2a: Miraidon\n|-activate|p2a: Miraidon|move: Protect\n|\n|upkeep\n|turn|24\n|\n|t:|1699013272\n|switch|p2a: Blissey|Blissey, F|59\/100\n|move|p1a: Miraidon|Dazzling Gleam|p2a: Blissey\n|-damage|p2a: Blissey|49\/100\n|\n|upkeep\n|turn|25\n|\n|t:|1699013278\n|switch|p1a: Cinderace|Cinderace, M|100\/100\n|-damage|p1a: Cinderace|76\/100|[from] Stealth Rock\n|move|p2a: Blissey|Soft-Boiled|p2a: Blissey\n|-heal|p2a: Blissey|99\/100\n|\n|upkeep\n|turn|26\n|c|\u2606INeverLoseIditos|Thank you so much\n|\n|t:|1699013288\n|move|p1a: Cinderace|Court Change|p1a: Cinderace\n|-start|p1a: Cinderace|typechange|Normal|[from] ability: Libero\n|-swapsideconditions\n|-activate|p1a: Cinderace|move: Court Change\n|move|p2a: Blissey|Stealth Rock|p1a: Cinderace\n|-sidestart|p1: INeverLoseIditos|move: Stealth Rock\n|\n|upkeep\n|turn|27\n|c|\u2606eurybie|your welcome\n|\n|t:|1699013302\n|switch|p2a: Skeledirge|Skeledirge, M|100\/100\n|move|p1a: Cinderace|Swords Dance|p1a: Cinderace\n|-boost|p1a: Cinderace|atk|2\n|\n|-fieldend|move: Electric Terrain\n|upkeep\n|turn|28\n|\n|t:|1699013308\n|move|p1a: Cinderace|Pyro Ball|p2a: Skeledirge|[miss]\n|-miss|p1a: Cinderace|p2a: Skeledirge\n|move|p2a: Skeledirge|Will-O-Wisp|p1a: Cinderace\n|-status|p1a: Cinderace|brn\n|\n|-damage|p1a: Cinderace|70\/100 brn|[from] brn\n|upkeep\n|turn|29\n|c|\u2606INeverLoseIditos|So Lucky\n|\n|t:|1699013321\n|move|p1a: Cinderace|Pyro Ball|p2a: Skeledirge\n|-resisted|p2a: Skeledirge\n|-damage|p2a: Skeledirge|95\/100\n|move|p2a: Skeledirge|Hex|p1a: Cinderace\n|-immune|p1a: Cinderace\n|\n|-damage|p1a: Cinderace|64\/100 brn|[from] brn\n|upkeep\n|turn|30\n|\n|t:|1699013330\n|move|p1a: Cinderace|Pyro Ball|p2a: Skeledirge\n|-resisted|p2a: Skeledirge\n|-damage|p2a: Skeledirge|89\/100\n|move|p2a: Skeledirge|Torch Song|p1a: Cinderace\n|-damage|p1a: Cinderace|19\/100 brn\n|-boost|p2a: Skeledirge|spa|1\n|\n|-damage|p1a: Cinderace|13\/100 brn|[from] brn\n|upkeep\n|turn|31\n|\n|t:|1699013338\n|move|p1a: Cinderace|Sucker Punch|p2a: Skeledirge\n|-supereffective|p2a: Skeledirge\n|-damage|p2a: Skeledirge|76\/100\n|move|p2a: Skeledirge|Torch Song|p1a: Cinderace\n|-damage|p1a: Cinderace|0 fnt\n|-boost|p2a: Skeledirge|spa|1\n|faint|p1a: Cinderace\n|\n|upkeep\n|\n|t:|1699013343\n|switch|p1a: Ditto|Ditto|93\/100\n|-damage|p1a: Ditto|81\/100|[from] Stealth Rock\n|-transform|p1a: Ditto|p2a: Skeledirge|[from] ability: Imposter\n|turn|32\n|\n|t:|1699013351\n|move|p1a: Ditto|Slack Off|p1a: Ditto\n|-heal|p1a: Ditto|100\/100\n|move|p2a: Skeledirge|Hex|p1a: Ditto\n|-supereffective|p1a: Ditto\n|-damage|p1a: Ditto|30\/100\n|\n|upkeep\n|turn|33\n|\n|t:|1699013357\n|move|p1a: Ditto|Hex|p2a: Skeledirge\n|-supereffective|p2a: Skeledirge\n|-damage|p2a: Skeledirge|25\/100\n|move|p2a: Skeledirge|Hex|p1a: Ditto\n|-supereffective|p1a: Ditto\n|-damage|p1a: Ditto|0 fnt\n|faint|p1a: Ditto\n|\n|upkeep\n|\n|t:|1699013361\n|switch|p1a: Calyrex|Calyrex-Shadow|100\/100\n|-ability|p1a: Calyrex|As One\n|-ability|p1a: Calyrex|Unnerve\n|-damage|p1a: Calyrex|88\/100|[from] Stealth Rock\n|turn|34\n|\n|t:|1699013370\n|switch|p2a: Grimmsnarl|Grimmsnarl, M|100\/100\n|move|p1a: Calyrex|Astral Barrage|p2a: Grimmsnarl\n|-resisted|p2a: Grimmsnarl\n|-crit|p2a: Grimmsnarl\n|-damage|p2a: Grimmsnarl|57\/100\n|\n|upkeep\n|turn|35\n|\n|t:|1699013377\n|move|p1a: Calyrex|Pollen Puff|p2a: Grimmsnarl\n|-damage|p2a: Grimmsnarl|29\/100\n|move|p2a: Grimmsnarl|Spirit Break|p1a: Calyrex\n|-damage|p1a: Calyrex|49\/100\n|-unboost|p1a: Calyrex|spa|1\n|\n|upkeep\n|turn|36\n|\n|t:|1699013390\n|move|p2a: Grimmsnarl|Sucker Punch|p1a: Calyrex\n|-supereffective|p1a: Calyrex\n|-damage|p1a: Calyrex|0 fnt\n|faint|p1a: Calyrex\n|\n|upkeep\n|\n|t:|1699013392\n|switch|p1a: Miraidon|Miraidon|88\/100\n|-damage|p1a: Miraidon|76\/100|[from] Stealth Rock\n|-fieldstart|move: Electric Terrain|[from] ability: Hadron Engine|[of] p1a: Miraidon\n|turn|37\n|c|\u2606eurybie|hurry\n|\n|t:|1699013401\n|move|p2a: Grimmsnarl|Parting Shot|p1a: Miraidon\n|-unboost|p1a: Miraidon|atk|1\n|-unboost|p1a: Miraidon|spa|1\n|c|\u2606INeverLoseIditos|I am\n|\n|t:|1699013407\n|switch|p2a: Blissey|Blissey, F|99\/100|[from] Parting Shot\n|move|p1a: Miraidon|Electro Drift|p2a: Blissey\n|-damage|p2a: Blissey|80\/100\n|\n|upkeep\n|turn|38\n|\n|t:|1699013414\n|move|p1a: Miraidon|Electro Drift|p2a: Blissey\n|-damage|p2a: Blissey|62\/100\n|move|p2a: Blissey|Seismic Toss|p1a: Miraidon\n|-damage|p1a: Miraidon|47\/100\n|\n|upkeep\n|turn|39\n|c|\u2606INeverLoseIditos|This is my fake team btw\n|\n|t:|1699013430\n|move|p1a: Miraidon|Electro Drift|p2a: Blissey\n|-damage|p2a: Blissey|44\/100\n|move|p2a: Blissey|Soft-Boiled|p2a: Blissey\n|-heal|p2a: Blissey|94\/100\n|\n|upkeep\n|turn|40\n|c|\u2606eurybie|nice\n|\n|t:|1699013442\n|move|p1a: Miraidon|Electro Drift|p2a: Blissey\n|-damage|p2a: Blissey|78\/100\n|move|p2a: Blissey|Seismic Toss|p1a: Miraidon\n|-damage|p1a: Miraidon|17\/100\n|\n|upkeep\n|turn|41\n|c|\u2606INeverLoseIditos|I will get my real one\n|c|\u2606eurybie|fine\n|\n|t:|1699013457\n|move|p1a: Miraidon|Electro Drift|p2a: Blissey\n|-damage|p2a: Blissey|61\/100\n|move|p2a: Blissey|Seismic Toss|p1a: Miraidon\n|-damage|p1a: Miraidon|0 fnt\n|faint|p1a: Miraidon\n|\n|win|eurybie\n|raw|INeverLoseIditos's rating: 1632 &rarr; <strong>1622<\/strong><br \/>(-10 for losing)\n|raw|eurybie's rating: 1832 &rarr; <strong>1842<\/strong><br \/>(+10 for winning)\n|c|\u2606INeverLoseIditos|Brb\n","uploadtime":1699013478,"views":13,"p1id":"ineverloseiditos","p2id":"eurybie","formatid":"gen9anythinggoes","rating":1622,"private":0,"password":""}