{"id":"gen9anythinggoes-1998071195","p1":"Mr Abingdon","p2":"Casual_323","format":"[Gen 9] Anything Goes","log":"|j|\u2606Mr Abingdon\n|j|\u2606Casual_323\n|t:|1700886761\n|gametype|singles\n|player|p1|Mr Abingdon|266|1228\n|player|p2|Casual_323|youngster-gen4dp|1076\n|teamsize|p1|6\n|teamsize|p2|6\n|gen|9\n|tier|[Gen 9] Anything Goes\n|rated|\n|rule|HP Percentage Mod: HP is shown in percentages\n|rule|Endless Battle Clause: Forcing endless battles is banned\n|clearpoke\n|poke|p1|Maushold-Four|\n|poke|p1|Flutter Mane|\n|poke|p1|Miraidon|\n|poke|p1|Rabsca, M|\n|poke|p1|Garganacl, F|\n|poke|p1|Houndstone, M|\n|poke|p2|Arcanine-Hisui, F|\n|poke|p2|Ting-Lu|\n|poke|p2|Articuno|\n|poke|p2|Bisharp, M|\n|poke|p2|Landorus-Therian, M|\n|poke|p2|Beartic, M|\n|teampreview\n|inactive|Battle timer is ON: inactive players will automatically lose when time's up. (requested by Casual_323)\n|\n|t:|1700886772\n|start\n|switch|p1a: DeMarco|Miraidon|100\/100\n|switch|p2a: Arcanine|Arcanine-Hisui, F|100\/100\n|-fieldstart|move: Electric Terrain|[from] ability: Hadron Engine|[of] p1a: DeMarco\n|turn|1\n|\n|t:|1700886782\n|move|p1a: DeMarco|Dragon Pulse|p2a: Arcanine\n|-damage|p2a: Arcanine|28\/100\n|move|p2a: Arcanine|Howl|p2a: Arcanine\n|-boost|p2a: Arcanine|atk|1\n|\n|upkeep\n|turn|2\n|\n|t:|1700886797\n|move|p2a: Arcanine|Extreme Speed|p1a: DeMarco\n|-damage|p1a: DeMarco|65\/100\n|move|p1a: DeMarco|Power Gem|p2a: Arcanine\n|-supereffective|p2a: Arcanine\n|-damage|p2a: Arcanine|0 fnt\n|faint|p2a: Arcanine\n|\n|upkeep\n|\n|t:|1700886805\n|switch|p2a: Ting-Lu|Ting-Lu|100\/100\n|-ability|p2a: Ting-Lu|Vessel of Ruin\n|turn|3\n|\n|t:|1700886815\n|switch|p1a: Maushold|Maushold-Four|100\/100\n|move|p2a: Ting-Lu|Fissure|p1a: Maushold|[miss]\n|-miss|p2a: Ting-Lu|p1a: Maushold\n|\n|upkeep\n|turn|4\n|\n|t:|1700886828\n|move|p1a: Maushold|Encore|p2a: Ting-Lu\n|-start|p2a: Ting-Lu|Encore\n|move|p2a: Ting-Lu|Fissure|p1a: Maushold|[miss]\n|-miss|p2a: Ting-Lu|p1a: Maushold\n|\n|upkeep\n|turn|5\n|\n|t:|1700886835\n|move|p1a: Maushold|Population Bomb|p2a: Ting-Lu\n|-damage|p2a: Ting-Lu|96\/100\n|-crit|p2a: Ting-Lu\n|-damage|p2a: Ting-Lu|88\/100\n|-crit|p2a: Ting-Lu\n|-damage|p2a: Ting-Lu|81\/100\n|-damage|p2a: Ting-Lu|77\/100\n|-damage|p2a: Ting-Lu|72\/100\n|-damage|p2a: Ting-Lu|67\/100\n|-damage|p2a: Ting-Lu|62\/100\n|-crit|p2a: Ting-Lu\n|-damage|p2a: Ting-Lu|55\/100\n|-damage|p2a: Ting-Lu|51\/100\n|-damage|p2a: Ting-Lu|46\/100\n|-hitcount|p2a: Ting-Lu|10\n|cant|p2a: Ting-Lu|flinch\n|\n|-heal|p2a: Ting-Lu|53\/100|[from] item: Leftovers\n|-fieldend|move: Electric Terrain\n|upkeep\n|turn|6\n|\n|t:|1700886853\n|move|p1a: Maushold|Population Bomb|p2a: Ting-Lu\n|-damage|p2a: Ting-Lu|48\/100\n|-damage|p2a: Ting-Lu|44\/100\n|-damage|p2a: Ting-Lu|39\/100\n|-damage|p2a: Ting-Lu|34\/100\n|-damage|p2a: Ting-Lu|30\/100\n|-damage|p2a: Ting-Lu|25\/100\n|-damage|p2a: Ting-Lu|21\/100\n|-damage|p2a: Ting-Lu|16\/100\n|-damage|p2a: Ting-Lu|12\/100\n|-damage|p2a: Ting-Lu|7\/100\n|-hitcount|p2a: Ting-Lu|10\n|cant|p2a: Ting-Lu|flinch\n|\n|-heal|p2a: Ting-Lu|14\/100|[from] item: Leftovers\n|-end|p2a: Ting-Lu|Encore\n|upkeep\n|turn|7\n|\n|t:|1700886871\n|move|p1a: Maushold|Encore|p2a: Ting-Lu\n|-start|p2a: Ting-Lu|Encore\n|move|p2a: Ting-Lu|Fissure|p1a: Maushold|[miss]\n|-miss|p2a: Ting-Lu|p1a: Maushold\n|\n|-heal|p2a: Ting-Lu|20\/100|[from] item: Leftovers\n|upkeep\n|turn|8\n|\n|t:|1700886879\n|move|p1a: Maushold|Population Bomb|p2a: Ting-Lu\n|-damage|p2a: Ting-Lu|15\/100\n|-damage|p2a: Ting-Lu|10\/100\n|-hitcount|p2a: Ting-Lu|2\n|move|p2a: Ting-Lu|Fissure|p1a: Maushold|[miss]\n|-miss|p2a: Ting-Lu|p1a: Maushold\n|\n|-heal|p2a: Ting-Lu|16\/100|[from] item: Leftovers\n|upkeep\n|turn|9\n|\n|t:|1700886891\n|move|p1a: Maushold|Population Bomb|p2a: Ting-Lu\n|-damage|p2a: Ting-Lu|12\/100\n|-damage|p2a: Ting-Lu|7\/100\n|-damage|p2a: Ting-Lu|2\/100\n|-hitcount|p2a: Ting-Lu|3\n|cant|p2a: Ting-Lu|flinch\n|\n|-heal|p2a: Ting-Lu|8\/100|[from] item: Leftovers\n|-end|p2a: Ting-Lu|Encore\n|upkeep\n|turn|10\n|\n|t:|1700886901\n|move|p1a: Maushold|Population Bomb|p2a: Ting-Lu\n|-damage|p2a: Ting-Lu|3\/100\n|-crit|p2a: Ting-Lu\n|-damage|p2a: Ting-Lu|0 fnt\n|faint|p2a: Ting-Lu\n|-hitcount|p2: Ting-Lu|2\n|\n|upkeep\n|\n|t:|1700886908\n|switch|p2a: Bisharp|Bisharp, M|100\/100\n|turn|11\n|\n|t:|1700886914\n|switch|p1a: SSSReplacement|Garganacl, F, shiny|100\/100\n|move|p2a: Bisharp|Taunt|p1a: SSSReplacement\n|-start|p1a: SSSReplacement|move: Taunt\n|\n|upkeep\n|turn|12\n|\n|t:|1700886924\n|switch|p2a: Landorus|Landorus-Therian, M|100\/100\n|-ability|p2a: Landorus|Intimidate|boost\n|-unboost|p1a: SSSReplacement|atk|1\n|move|p1a: SSSReplacement|Body Press|p2a: Landorus\n|-resisted|p2a: Landorus\n|-damage|p2a: Landorus|89\/100\n|\n|upkeep\n|turn|13\n|\n|t:|1700886935\n|move|p2a: Landorus|Fissure|p1a: SSSReplacement|[miss]\n|-miss|p2a: Landorus|p1a: SSSReplacement\n|move|p1a: SSSReplacement|Salt Cure|p2a: Landorus\n|-damage|p2a: Landorus|81\/100\n|-start|p2a: Landorus|Salt Cure\n|\n|-damage|p2a: Landorus|69\/100|[from] Salt Cure\n|-end|p1a: SSSReplacement|move: Taunt\n|upkeep\n|turn|14\n|\n|t:|1700886945\n|switch|p1a: Maushold|Maushold-Four|100\/100\n|move|p2a: Landorus|Fissure|p1a: Maushold|[miss]\n|-miss|p2a: Landorus|p1a: Maushold\n|\n|-damage|p2a: Landorus|57\/100|[from] Salt Cure\n|upkeep\n|turn|15\n|\n|t:|1700886953\n|move|p1a: Maushold|Population Bomb|p2a: Landorus\n|-damage|p2a: Landorus|46\/100\n|-damage|p2a: Landorus|36\/100\n|-damage|p2a: Landorus|26\/100\n|-damage|p2a: Landorus|16\/100\n|-damage|p2a: Landorus|6\/100\n|-damage|p2a: Landorus|0 fnt\n|faint|p2a: Landorus\n|-hitcount|p2: Landorus|6\n|\n|upkeep\n|\n|t:|1700886963\n|switch|p2a: Bisharp|Bisharp, M|100\/100\n|turn|16\n|\n|t:|1700886969\n|move|p1a: Maushold|Population Bomb|p2a: Bisharp\n|-resisted|p2a: Bisharp\n|-damage|p2a: Bisharp|96\/100\n|-resisted|p2a: Bisharp\n|-damage|p2a: Bisharp|92\/100\n|-resisted|p2a: Bisharp\n|-damage|p2a: Bisharp|88\/100\n|-resisted|p2a: Bisharp\n|-damage|p2a: Bisharp|83\/100\n|-resisted|p2a: Bisharp\n|-damage|p2a: Bisharp|79\/100\n|-resisted|p2a: Bisharp\n|-damage|p2a: Bisharp|75\/100\n|-resisted|p2a: Bisharp\n|-crit|p2a: Bisharp\n|-damage|p2a: Bisharp|68\/100\n|-resisted|p2a: Bisharp\n|-damage|p2a: Bisharp|64\/100\n|-resisted|p2a: Bisharp\n|-damage|p2a: Bisharp|60\/100\n|-resisted|p2a: Bisharp\n|-damage|p2a: Bisharp|56\/100\n|-hitcount|p2a: Bisharp|10\n|move|p2a: Bisharp|Thunder Wave|p1a: Maushold|[miss]\n|-miss|p2a: Bisharp|p1a: Maushold\n|\n|upkeep\n|turn|17\n|\n|t:|1700886990\n|switch|p1a: SSSReplacement|Garganacl, F, shiny|100\/100\n|-terastallize|p2a: Bisharp|Ghost\n|move|p2a: Bisharp|Thunder Wave|p1a: SSSReplacement\n|-immune|p1a: SSSReplacement|[from] ability: Purifying Salt\n|\n|upkeep\n|turn|18\n|\n|t:|1700887000\n|move|p2a: Bisharp|Guillotine|p1a: SSSReplacement|[miss]\n|-miss|p2a: Bisharp|p1a: SSSReplacement\n|move|p1a: SSSReplacement|Salt Cure|p2a: Bisharp\n|-damage|p2a: Bisharp|45\/100\n|-start|p2a: Bisharp|Salt Cure\n|\n|-damage|p2a: Bisharp|33\/100|[from] Salt Cure\n|upkeep\n|turn|19\n|\n|t:|1700887012\n|switch|p1a: Maushold|Maushold-Four|100\/100\n|move|p2a: Bisharp|Guillotine|p1a: Maushold|[miss]\n|-miss|p2a: Bisharp|p1a: Maushold\n|\n|-damage|p2a: Bisharp|20\/100|[from] Salt Cure\n|upkeep\n|turn|20\n|inactive|Mr Abingdon has 120 seconds left.\n|\n|t:|1700887052\n|switch|p1a: SSSReplacement|Garganacl, F, shiny|100\/100\n|switch|p2a: Articuno|Articuno|100\/100\n|\n|upkeep\n|turn|21\n|\n|t:|1700887060\n|move|p2a: Articuno|Snowscape|p2a: Articuno\n|-weather|Snow\n|move|p1a: SSSReplacement|Salt Cure|p2a: Articuno\n|-supereffective|p2a: Articuno\n|-damage|p2a: Articuno|68\/100\n|-start|p2a: Articuno|Salt Cure\n|\n|-weather|Snow|[upkeep]\n|-damage|p2a: Articuno|56\/100|[from] Salt Cure\n|upkeep\n|turn|22\n|inactive|Mr Abingdon has 120 seconds left.\n|\n|t:|1700887080\n|move|p2a: Articuno|Tailwind|p2a: Articuno\n|-sidestart|p2: Casual_323|move: Tailwind\n|move|p1a: SSSReplacement|Salt Cure|p2a: Articuno\n|-supereffective|p2a: Articuno\n|-damage|p2a: Articuno|21\/100\n|\n|-weather|Snow|[upkeep]\n|-damage|p2a: Articuno|9\/100|[from] Salt Cure\n|upkeep\n|turn|23\n|inactive|Mr Abingdon has 120 seconds left.\n|\n|t:|1700887103\n|move|p2a: Articuno|Sheer Cold|p1a: SSSReplacement|[miss]\n|-miss|p2a: Articuno|p1a: SSSReplacement\n|move|p1a: SSSReplacement|Salt Cure|p2a: Articuno|[miss]\n|-miss|p1a: SSSReplacement|p2a: Articuno\n|\n|-weather|Snow|[upkeep]\n|-damage|p2a: Articuno|0 fnt|[from] Salt Cure\n|faint|p2a: Articuno\n|upkeep\n|\n|t:|1700887111\n|switch|p2a: Beartic|Beartic, M|100\/100\n|turn|24\n|\n|t:|1700887130\n|move|p2a: Beartic|Yawn|p1a: SSSReplacement\n|-immune|p1a: SSSReplacement|[from] ability: Purifying Salt\n|move|p1a: SSSReplacement|Body Press|p2a: Beartic|[miss]\n|-miss|p1a: SSSReplacement|p2a: Beartic\n|\n|-weather|Snow|[upkeep]\n|upkeep\n|turn|25\n|\n|t:|1700887140\n|move|p2a: Beartic|Sheer Cold|p1a: SSSReplacement|[miss]\n|-miss|p2a: Beartic|p1a: SSSReplacement\n|move|p1a: SSSReplacement|Salt Cure|p2a: Beartic|[miss]\n|-miss|p1a: SSSReplacement|p2a: Beartic\n|\n|-weather|Snow|[upkeep]\n|-sideend|p2: Casual_323|move: Tailwind\n|upkeep\n|turn|26\n|inactive|Mr Abingdon has 120 seconds left.\n|\n|t:|1700887149\n|switch|p2a: Bisharp|Bisharp, M, tera:Ghost|20\/100\n|move|p1a: SSSReplacement|Salt Cure|p2a: Bisharp\n|-damage|p2a: Bisharp|10\/100\n|-start|p2a: Bisharp|Salt Cure\n|\n|-weather|Snow|[upkeep]\n|-damage|p2a: Bisharp|0 fnt|[from] Salt Cure\n|faint|p2a: Bisharp\n|upkeep\n|\n|t:|1700887157\n|switch|p2a: Beartic|Beartic, M|100\/100\n|turn|27\n|\n|t:|1700887164\n|move|p2a: Beartic|Sheer Cold|p1a: SSSReplacement|[miss]\n|-miss|p2a: Beartic|p1a: SSSReplacement\n|move|p1a: SSSReplacement|Body Press|p2a: Beartic\n|-supereffective|p2a: Beartic\n|-damage|p2a: Beartic|74\/100\n|\n|-weather|Snow|[upkeep]\n|upkeep\n|turn|28\n|\n|t:|1700887172\n|move|p2a: Beartic|Sheer Cold|p1a: SSSReplacement|[miss]\n|-miss|p2a: Beartic|p1a: SSSReplacement\n|move|p1a: SSSReplacement|Salt Cure|p2a: Beartic|[miss]\n|-miss|p1a: SSSReplacement|p2a: Beartic\n|\n|-weather|none\n|upkeep\n|turn|29\n|\n|t:|1700887180\n|move|p2a: Beartic|Snowscape|p2a: Beartic\n|-weather|Snow\n|move|p1a: SSSReplacement|Salt Cure|p2a: Beartic\n|-supereffective|p2a: Beartic\n|-damage|p2a: Beartic|55\/100\n|-start|p2a: Beartic|Salt Cure\n|\n|-weather|Snow|[upkeep]\n|-damage|p2a: Beartic|43\/100|[from] Salt Cure\n|upkeep\n|turn|30\n|\n|t:|1700887187\n|move|p2a: Beartic|Sheer Cold|p1a: SSSReplacement|[miss]\n|-miss|p2a: Beartic|p1a: SSSReplacement\n|move|p1a: SSSReplacement|Body Press|p2a: Beartic\n|-supereffective|p2a: Beartic\n|-damage|p2a: Beartic|17\/100\n|\n|-weather|Snow|[upkeep]\n|-damage|p2a: Beartic|5\/100|[from] Salt Cure\n|upkeep\n|turn|31\n|\n|t:|1700887195\n|move|p2a: Beartic|Sheer Cold|p1a: SSSReplacement|[miss]\n|-miss|p2a: Beartic|p1a: SSSReplacement\n|move|p1a: SSSReplacement|Salt Cure|p2a: Beartic\n|-supereffective|p2a: Beartic\n|-damage|p2a: Beartic|0 fnt\n|faint|p2a: Beartic\n|\n|win|Mr Abingdon\n|raw|Mr Abingdon's rating: 1228 &rarr; <strong>1243<\/strong><br \/>(+15 for winning)\n|raw|Casual_323's rating: 1076 &rarr; <strong>1063<\/strong><br \/>(-13 for losing)\n|l|\u2606Casual_323\n","uploadtime":1700887200,"views":0,"p1id":"mrabingdon","p2id":"casual323","formatid":"gen9anythinggoes","rating":1063,"private":0,"password":""}