{"id":"gen9anythinggoes-1972507610","p1":"doomking90","p2":"natural233","format":"[Gen 9] Anything Goes","log":"|j|\u2606doomking90\n|j|\u2606natural233\n|t:|1697850796\n|gametype|singles\n|player|p1|doomking90|iris|1182\n|player|p2|natural233|giovanni|1246\n|teamsize|p1|6\n|teamsize|p2|6\n|gen|9\n|tier|[Gen 9] Anything Goes\n|rated|\n|rule|HP Percentage Mod: HP is shown in percentages\n|rule|Endless Battle Clause: Forcing endless battles is banned\n|clearpoke\n|poke|p1|Empoleon, F|\n|poke|p1|Zacian-*|\n|poke|p1|Kingambit, F|\n|poke|p1|Gholdengo|\n|poke|p1|Heatran, F|\n|poke|p1|Goodra-Hisui, M|\n|poke|p2|Scizor, F|\n|poke|p2|Houndstone, M|\n|poke|p2|Glimmora, M|\n|poke|p2|Dialga-Origin|\n|poke|p2|Tyranitar, M|\n|poke|p2|Great Tusk|\n|teampreview\n|\n|t:|1697850826\n|start\n|switch|p1a: Posideon|Empoleon, F|100\/100\n|switch|p2a: Tyranitar|Tyranitar, M|100\/100\n|-weather|Sandstorm|[from] ability: Sand Stream|[of] p2a: Tyranitar\n|turn|1\n|inactive|Battle timer is ON: inactive players will automatically lose when time's up. (requested by natural233)\n|\n|t:|1697850833\n|move|p1a: Posideon|Grass Knot|p2a: Tyranitar\n|-supereffective|p2a: Tyranitar\n|-damage|p2a: Tyranitar|67\/100\n|move|p2a: Tyranitar|Earth Power|p1a: Posideon\n|-supereffective|p1a: Posideon\n|-damage|p1a: Posideon|45\/100\n|-unboost|p1a: Posideon|spd|1\n|-ability|p1a: Posideon|Competitive|boost\n|-boost|p1a: Posideon|spa|2\n|\n|-weather|Sandstorm|[upkeep]\n|upkeep\n|turn|2\n|\n|t:|1697850843\n|-terastallize|p1a: Posideon|Water\n|move|p1a: Posideon|Surf|p2a: Tyranitar\n|-supereffective|p2a: Tyranitar\n|-damage|p2a: Tyranitar|0 fnt\n|faint|p2a: Tyranitar\n|\n|-weather|Sandstorm|[upkeep]\n|-damage|p1a: Posideon|38\/100|[from] Sandstorm\n|upkeep\n|\n|t:|1697850851\n|switch|p2a: Glimmora|Glimmora, M|100\/100\n|turn|3\n|\n|t:|1697850858\n|move|p2a: Glimmora|Dazzling Gleam|p1a: Posideon\n|-damage|p1a: Posideon|0 fnt\n|faint|p1a: Posideon\n|\n|-weather|Sandstorm|[upkeep]\n|upkeep\n|\n|t:|1697850864\n|switch|p1a: Heatran|Heatran, F|100\/100\n|-item|p1a: Heatran|Air Balloon\n|turn|4\n|\n|t:|1697850869\n|move|p2a: Glimmora|Stealth Rock|p1a: Heatran\n|-sidestart|p1: doomking90|move: Stealth Rock\n|move|p1a: Heatran|Stealth Rock|p2a: Glimmora\n|-sidestart|p2: natural233|move: Stealth Rock\n|\n|-weather|Sandstorm|[upkeep]\n|upkeep\n|turn|5\n|\n|t:|1697850876\n|switch|p2a: Great Tusk|Great Tusk|100\/100\n|-damage|p2a: Great Tusk|98\/100|[from] Stealth Rock\n|move|p1a: Heatran|Heavy Slam|p2a: Great Tusk\n|-damage|p2a: Great Tusk|88\/100\n|-damage|p1a: Heatran|84\/100|[from] item: Rocky Helmet|[of] p2a: Great Tusk\n|\n|-weather|none\n|upkeep\n|turn|6\n|\n|t:|1697850888\n|move|p2a: Great Tusk|Rapid Spin|p1a: Heatran\n|-resisted|p1a: Heatran\n|-damage|p1a: Heatran|76\/100\n|-boost|p2a: Great Tusk|spe|1\n|-enditem|p1a: Heatran|Air Balloon\n|-sideend|p2: natural233|Stealth Rock|[from] move: Rapid Spin|[of] p2a: Great Tusk\n|move|p1a: Heatran|Body Slam|p2a: Great Tusk\n|-damage|p2a: Great Tusk|74\/100\n|-damage|p1a: Heatran|60\/100|[from] item: Rocky Helmet|[of] p2a: Great Tusk\n|\n|upkeep\n|turn|7\n|\n|t:|1697850908\n|switch|p1a: Zacian|Zacian-Crowned|100\/100\n|-damage|p1a: Zacian|94\/100|[from] Stealth Rock\n|-ability|p1a: Zacian|Intrepid Sword|boost\n|-boost|p1a: Zacian|atk|1\n|move|p2a: Great Tusk|Earthquake|p1a: Zacian\n|-supereffective|p1a: Zacian\n|-damage|p1a: Zacian|0 fnt\n|faint|p1a: Zacian\n|\n|upkeep\n|inactive|doomking90 has 120 seconds left.\n|\n|t:|1697850924\n|switch|p1a: Gholdengo|Gholdengo|100\/100\n|-damage|p1a: Gholdengo|94\/100|[from] Stealth Rock\n|turn|8\n|\n|t:|1697850929\n|move|p2a: Great Tusk|Earthquake|p1a: Gholdengo\n|-supereffective|p1a: Gholdengo\n|-crit|p1a: Gholdengo\n|-damage|p1a: Gholdengo|0 fnt\n|faint|p1a: Gholdengo\n|\n|upkeep\n|\n|t:|1697850935\n|switch|p1a: Goodra|Goodra-Hisui, M|100\/100\n|-damage|p1a: Goodra|94\/100|[from] Stealth Rock\n|turn|9\n|\n|t:|1697850939\n|move|p2a: Great Tusk|Earthquake|p1a: Goodra\n|-supereffective|p1a: Goodra\n|-damage|p1a: Goodra|0 fnt\n|faint|p1a: Goodra\n|\n|upkeep\n|\n|t:|1697850943\n|switch|p1a: Shogun|Kingambit, F|100\/100\n|-damage|p1a: Shogun|94\/100|[from] Stealth Rock\n|-activate|p1a: Shogun|ability: Supreme Overlord\n|-start|p1a: Shogun|fallen4|[silent]\n|turn|10\n|\n|t:|1697850948\n|move|p1a: Shogun|Sucker Punch||[still]\n|-fail|p1a: Shogun\n|move|p2a: Great Tusk|Bulk Up|p2a: Great Tusk\n|-boost|p2a: Great Tusk|atk|1\n|-boost|p2a: Great Tusk|def|1\n|\n|upkeep\n|turn|11\n|\n|t:|1697850953\n|move|p2a: Great Tusk|Body Press|p1a: Shogun\n|-supereffective|p1a: Shogun\n|-crit|p1a: Shogun\n|-enditem|p1a: Shogun|Chople Berry|[eat]\n|-enditem|p1a: Shogun|Chople Berry|[weaken]\n|-damage|p1a: Shogun|0 fnt\n|faint|p1a: Shogun\n|-end|p1a: Shogun|fallen4|[silent]\n|\n|upkeep\n|\n|t:|1697850959\n|switch|p1a: Heatran|Heatran, F|60\/100\n|-damage|p1a: Heatran|47\/100|[from] Stealth Rock\n|turn|12\n|\n|t:|1697850964\n|move|p2a: Great Tusk|Earthquake|p1a: Heatran\n|-supereffective|p1a: Heatran\n|-damage|p1a: Heatran|0 fnt\n|faint|p1a: Heatran\n|\n|win|natural233\n|raw|doomking90's rating: 1182 &rarr; <strong>1162<\/strong><br \/>(-20 for losing)\n|raw|natural233's rating: 1246 &rarr; <strong>1266<\/strong><br \/>(+20 for winning)\n|l|\u2606doomking90\n","uploadtime":1697850974,"views":5,"p1id":"doomking90","p2id":"natural233","formatid":"gen9anythinggoes","rating":1162,"private":0,"password":""}