{"id":"gen9anythinggoes-1980172624","p1":"GigaBytes7","p2":"PrimalKyogre555","format":"[Gen 9] Anything Goes","log":"|j|\u2606GigaBytes7\n|j|\u2606PrimalKyogre555\n|inactive|Battle timer is ON: inactive players will automatically lose when time's up.\n|t:|1698763571\n|gametype|singles\n|player|p1|GigaBytes7|elaine|\n|player|p2|PrimalKyogre555|265|\n|teamsize|p1|6\n|teamsize|p2|6\n|gen|9\n|tier|[Gen 9] Anything Goes\n|rated|Tournament battle\n|rule|HP Percentage Mod: HP is shown in percentages\n|rule|Endless Battle Clause: Forcing endless battles is banned\n|clearpoke\n|poke|p1|Koraidon|\n|poke|p1|Miraidon|\n|poke|p1|Ting-Lu|\n|poke|p1|Calyrex-Shadow|\n|poke|p1|Arceus|\n|poke|p1|Arceus-Water|\n|poke|p2|Ting-Lu|\n|poke|p2|Arceus-Ground|\n|poke|p2|Giratina-Origin|\n|poke|p2|Arceus|\n|poke|p2|Koraidon|\n|poke|p2|Landorus-Therian, M|\n|teampreview\n|inactive|GigaBytes7 also wants the timer to be on.\n|\n|t:|1698763581\n|start\n|switch|p1a: Miraidon|Miraidon|100\/100\n|switch|p2a: Landorus|Landorus-Therian, M|100\/100\n|-fieldstart|move: Electric Terrain|[from] ability: Hadron Engine|[of] p1a: Miraidon\n|-ability|p2a: Landorus|Intimidate|boost\n|-unboost|p1a: Miraidon|atk|1\n|turn|1\n|\n|t:|1698763588\n|switch|p2a: Ting-Lu|Ting-Lu|100\/100\n|-ability|p2a: Ting-Lu|Vessel of Ruin\n|move|p1a: Miraidon|Draco Meteor|p2a: Ting-Lu\n|-damage|p2a: Ting-Lu|35\/100\n|-unboost|p1a: Miraidon|spa|2\n|\n|-heal|p2a: Ting-Lu|41\/100|[from] item: Leftovers\n|upkeep\n|turn|2\n|\n|t:|1698763592\n|switch|p1a: Calyrex|Calyrex-Shadow|100\/100\n|-ability|p1a: Calyrex|As One\n|-ability|p1a: Calyrex|Unnerve\n|move|p2a: Ting-Lu|Spikes|p1a: Calyrex\n|-sidestart|p1: GigaBytes7|Spikes\n|\n|-heal|p2a: Ting-Lu|47\/100|[from] item: Leftovers\n|upkeep\n|turn|3\n|\n|t:|1698763597\n|move|p1a: Calyrex|Grass Knot|p2a: Ting-Lu\n|-supereffective|p2a: Ting-Lu\n|-damage|p2a: Ting-Lu|0 fnt\n|faint|p2a: Ting-Lu\n|-ability|p1a: Calyrex|Grim Neigh|boost\n|-boost|p1a: Calyrex|spa|1\n|\n|upkeep\n|\n|t:|1698763600\n|switch|p2a: Koraidon|Koraidon|100\/100\n|-weather|SunnyDay|[from] ability: Orichalcum Pulse|[of] p2a: Koraidon\n|-activate|p2a: Koraidon|Orichalcum Pulse|[source]\n|turn|4\n|j|#Frozoid\n|\n|t:|1698763615\n|switch|p1a: Arceus|Arceus-Water|100\/100\n|-damage|p1a: Arceus|88\/100|[from] Spikes\n|move|p2a: Koraidon|U-turn|p1a: Arceus\n|-damage|p1a: Arceus|70\/100\n|\n|t:|1698763619\n|switch|p2a: Arceus|Arceus-Ground|100\/100|[from] U-turn\n|\n|-weather|SunnyDay|[upkeep]\n|upkeep\n|turn|5\n|\n|t:|1698763627\n|move|p2a: Arceus|Calm Mind|p2a: Arceus\n|-boost|p2a: Arceus|spa|1\n|-boost|p2a: Arceus|spd|1\n|move|p1a: Arceus|Will-O-Wisp|p2a: Arceus\n|-status|p2a: Arceus|brn\n|\n|-weather|SunnyDay|[upkeep]\n|-damage|p2a: Arceus|94\/100 brn|[from] brn\n|-fieldend|move: Electric Terrain\n|upkeep\n|turn|6\n|\n|t:|1698763630\n|switch|p1a: Ting-Lu|Ting-Lu|100\/100\n|-damage|p1a: Ting-Lu|88\/100|[from] Spikes\n|-ability|p1a: Ting-Lu|Vessel of Ruin\n|move|p2a: Arceus|Judgment|p1a: Ting-Lu\n|-damage|p1a: Ting-Lu|52\/100\n|\n|-weather|SunnyDay|[upkeep]\n|-heal|p1a: Ting-Lu|58\/100|[from] item: Leftovers\n|-damage|p2a: Arceus|88\/100 brn|[from] brn\n|upkeep\n|turn|7\n|\n|t:|1698763636\n|move|p2a: Arceus|Judgment|p1a: Ting-Lu\n|-damage|p1a: Ting-Lu|24\/100\n|move|p1a: Ting-Lu|Whirlwind|p2a: Arceus\n|drag|p2a: Arceus|Arceus|100\/100\n|\n|-weather|SunnyDay|[upkeep]\n|-heal|p1a: Ting-Lu|31\/100|[from] item: Leftovers\n|upkeep\n|turn|8\n|j| eavo\n|\n|t:|1698763644\n|switch|p1a: Arceus|Arceus-Water|70\/100\n|-damage|p1a: Arceus|58\/100|[from] Spikes\n|move|p2a: Arceus|Extreme Speed|p1a: Arceus\n|-damage|p1a: Arceus|35\/100\n|\n|-weather|none\n|upkeep\n|turn|9\n|\n|t:|1698763650\n|switch|p2a: Arceus|Arceus-Ground|88\/100 brn\n|move|p1a: Arceus|Recover|p1a: Arceus\n|-heal|p1a: Arceus|85\/100\n|\n|-damage|p2a: Arceus|82\/100 brn|[from] brn\n|upkeep\n|turn|10\n|c| eavo|:WHAT:\n|\n|t:|1698763652\n|move|p2a: Arceus|Calm Mind|p2a: Arceus\n|-boost|p2a: Arceus|spa|1\n|-boost|p2a: Arceus|spd|1\n|move|p1a: Arceus|Judgment|p2a: Arceus\n|-supereffective|p2a: Arceus\n|-damage|p2a: Arceus|36\/100 brn\n|\n|-damage|p2a: Arceus|30\/100 brn|[from] brn\n|upkeep\n|turn|11\n|\n|t:|1698763660\n|switch|p1a: Ting-Lu|Ting-Lu|31\/100\n|-damage|p1a: Ting-Lu|18\/100|[from] Spikes\n|-ability|p1a: Ting-Lu|Vessel of Ruin\n|move|p2a: Arceus|Recover|p2a: Arceus\n|-heal|p2a: Arceus|80\/100 brn\n|\n|-heal|p1a: Ting-Lu|24\/100|[from] item: Leftovers\n|-damage|p2a: Arceus|74\/100 brn|[from] brn\n|upkeep\n|turn|12\n|\n|t:|1698763663\n|move|p2a: Arceus|Judgment|p1a: Ting-Lu\n|-damage|p1a: Ting-Lu|0 fnt\n|faint|p1a: Ting-Lu\n|\n|-damage|p2a: Arceus|68\/100 brn|[from] brn\n|upkeep\n|\n|t:|1698763671\n|switch|p1a: Koraidon|Koraidon|100\/100\n|-damage|p1a: Koraidon|88\/100|[from] Spikes\n|-weather|SunnyDay|[from] ability: Orichalcum Pulse|[of] p1a: Koraidon\n|-activate|p1a: Koraidon|Orichalcum Pulse|[source]\n|turn|13\n|\n|t:|1698763676\n|switch|p2a: Landorus|Landorus-Therian, M|100\/100\n|-ability|p2a: Landorus|Intimidate|boost\n|-unboost|p1a: Koraidon|atk|1\n|move|p1a: Koraidon|U-turn|p2a: Landorus\n|-resisted|p2a: Landorus\n|-damage|p2a: Landorus|93\/100\n|-damage|p1a: Koraidon|72\/100|[from] item: Rocky Helmet|[of] p2a: Landorus\n|\n|t:|1698763678\n|switch|p1a: Miraidon|Miraidon|100\/100|[from] U-turn\n|-damage|p1a: Miraidon|88\/100|[from] Spikes\n|-fieldstart|move: Electric Terrain|[from] ability: Hadron Engine|[of] p1a: Miraidon\n|\n|-weather|SunnyDay|[upkeep]\n|upkeep\n|turn|14\n|\n|t:|1698763704\n|-terastallize|p2a: Landorus|Fairy\n|move|p1a: Miraidon|Draco Meteor|p2a: Landorus\n|-immune|p2a: Landorus\n|move|p2a: Landorus|Earthquake|p1a: Miraidon\n|-supereffective|p1a: Miraidon\n|-damage|p1a: Miraidon|0 fnt\n|faint|p1a: Miraidon\n|\n|-weather|SunnyDay|[upkeep]\n|upkeep\n|c|\u2606GigaBytes7|oh\n|\n|t:|1698763720\n|switch|p1a: Arceus|Arceus|100\/100\n|turn|15\n|c|\u2606GigaBytes7|yeah i threw\n|\n|t:|1698763737\n|move|p1a: Arceus|Swords Dance|p1a: Arceus\n|-boost|p1a: Arceus|atk|2\n|move|p2a: Landorus|U-turn|p1a: Arceus\n|-damage|p1a: Arceus|85\/100\n|inactive|PrimalKyogre555 has 120 seconds left.\n|\n|t:|1698763752\n|switch|p2a: Koraidon|Koraidon|100\/100|[from] U-turn\n|-activate|p2a: Koraidon|ability: Orichalcum Pulse\n|\n|-weather|SunnyDay|[upkeep]\n|upkeep\n|turn|16\n|inactive|PrimalKyogre555 has 120 seconds left.\n|\n|t:|1698763760\n|-terastallize|p1a: Arceus|Ghost\n|move|p2a: Koraidon|Low Kick|p1a: Arceus\n|-immune|p1a: Arceus\n|move|p1a: Arceus|Swords Dance|p1a: Arceus\n|-boost|p1a: Arceus|atk|2\n|\n|-weather|SunnyDay|[upkeep]\n|upkeep\n|turn|17\n|\n|t:|1698763764\n|switch|p2a: Landorus|Landorus-Therian, M, tera:Fairy|93\/100\n|-ability|p2a: Landorus|Intimidate|boost\n|-unboost|p1a: Arceus|atk|1\n|move|p1a: Arceus|Shadow Claw|p2a: Landorus\n|-damage|p2a: Landorus|29\/100\n|-damage|p1a: Arceus|69\/100|[from] item: Rocky Helmet|[of] p2a: Landorus\n|\n|-weather|none\n|-fieldend|move: Electric Terrain\n|upkeep\n|turn|18\n|\n|t:|1698763767\n|move|p1a: Arceus|Swords Dance|p1a: Arceus\n|-boost|p1a: Arceus|atk|2\n|move|p2a: Landorus|Earthquake|p1a: Arceus\n|-damage|p1a: Arceus|37\/100\n|\n|upkeep\n|turn|19\n|\n|t:|1698763769\n|move|p1a: Arceus|Recover|p1a: Arceus\n|-heal|p1a: Arceus|87\/100\n|move|p2a: Landorus|U-turn|p1a: Arceus\n|-resisted|p1a: Arceus\n|-damage|p1a: Arceus|80\/100\n|\n|t:|1698763773\n|switch|p2a: Giratina|Giratina-Origin|100\/100|[from] U-turn\n|\n|upkeep\n|turn|20\n|\n|t:|1698763775\n|move|p1a: Arceus|Shadow Claw|p2a: Giratina\n|-supereffective|p2a: Giratina\n|-damage|p2a: Giratina|0 fnt\n|faint|p2a: Giratina\n|\n|upkeep\n|-message|PrimalKyogre555 forfeited.\n|\n|win|GigaBytes7\n|n|\u2606GigaBytes7|gigabytes7\n|n|\u2606PrimalKyogre555|primalkyogre555\n|n|+Frozoid|frozoid\n|n| eavo|eavo\n|l|\u2606PrimalKyogre555\n|c|\u2606GigaBytes7|or not\n|c|\u2606GigaBytes7|gg\n|l|\u2606GigaBytes7\n|l|+Frozoid\n|j| Laprasplayer\n|j|+Wrathoftheleopard\n|l|+Wrathoftheleopard\n|j| pokeauraburst$-&\n|l| eavo\n|l| pokeauraburst$-&\n","uploadtime":1698763784,"views":17,"p1id":"gigabytes7","p2id":"primalkyogre555","formatid":"gen9anythinggoes","rating":0,"private":0,"password":""}