{"id":"gen9anythinggoes-1992854682","p1":"MelonBalls2010","p2":"Ababhha","format":"[Gen 9] Anything Goes","log":"|j|\u2606MelonBalls2010\n|j|\u2606Ababhha\n|t:|1700241235\n|gametype|singles\n|player|p1|MelonBalls2010|cynthia-gen4|1102\n|player|p2|Ababhha|170|1000\n|teamsize|p1|6\n|teamsize|p2|6\n|gen|9\n|tier|[Gen 9] Anything Goes\n|rated|\n|rule|HP Percentage Mod: HP is shown in percentages\n|rule|Endless Battle Clause: Forcing endless battles is banned\n|clearpoke\n|poke|p1|Greninja-*, M|\n|poke|p1|Greninja-*, M|\n|poke|p1|Greninja-*, M|\n|poke|p1|Greninja-*, M|\n|poke|p1|Greninja-*, M|\n|poke|p1|Greninja-*, M|\n|poke|p2|Donphan, L1, F|\n|poke|p2|Donphan, L1, F|\n|poke|p2|Donphan, L1, F|\n|poke|p2|Donphan, L1, M|\n|poke|p2|Mew|\n|poke|p2|Dragalge, M|\n|teampreview\n|inactive|Battle timer is ON: inactive players will automatically lose when time's up. (requested by MelonBalls2010)\n|\n|t:|1700241247\n|start\n|switch|p1a: 1|Greninja, M|100\/100\n|switch|p2a: non toxic|Dragalge, M|100\/100\n|turn|1\n|c|\u2606MelonBalls2010|what is this\n|c|\u2606MelonBalls2010|im scared\n|c|\u2606Ababhha|what is urs lol\n|c|\u2606Ababhha|im scared\n|c|\u2606Ababhha|T_T\n|c|\u2606MelonBalls2010|have a guess\n|c|\u2606MelonBalls2010|big fat physical sweeper\n|inactive|Ababhha has 120 seconds left.\n|c|\u2606Ababhha|nah its level 1\n|c|\u2606Ababhha|or smn\n|\n|t:|1700241287\n|move|p1a: 1|Swords Dance|p1a: 1\n|-boost|p1a: 1|atk|2\n|move|p2a: non toxic|Toxic Spikes|p1a: 1\n|-sidestart|p1: MelonBalls2010|move: Toxic Spikes\n|\n|upkeep\n|turn|2\n|\n|t:|1700241298\n|move|p1a: 1|Ice Punch|p2a: non toxic\n|-supereffective|p2a: non toxic\n|-damage|p2a: non toxic|0 fnt\n|faint|p2a: non toxic\n|-ability|p1a: 1|Battle Bond|boost\n|-boost|p1a: 1|atk|1\n|-boost|p1a: 1|spa|1\n|-boost|p1a: 1|spe|1\n|-activate|p1a: 1|ability: Battle Bond\n|\n|upkeep\n|c|\u2606Ababhha|oh thats it\n|c|\u2606Ababhha|;-;\n|c|\u2606Ababhha|well im dead\n|\n|t:|1700241315\n|switch|p2a: HP?|Donphan, L1, F|100\/100\n|turn|3\n|c|\u2606MelonBalls2010|battle bond goes crazy\n|\n|t:|1700241323\n|move|p1a: 1|Liquidation|p2a: HP?\n|-supereffective|p2a: HP?\n|-ability|p2a: HP?|Sturdy\n|-damage|p2a: HP?|9\/100\n|move|p2a: HP?|Endeavor|p1a: 1\n|-damage|p1a: 1|1\/100\n|-heal|p2a: HP?|100\/100|[from] item: Shell Bell|[of] p1a: 1\n|\n|upkeep\n|turn|4\n|\n|t:|1700241334\n|move|p2a: HP?|Protect|p2a: HP?\n|-singleturn|p2a: HP?|Protect\n|move|p1a: 1|Liquidation|p2a: HP?\n|-activate|p2a: HP?|move: Protect\n|\n|upkeep\n|turn|5\n|c|\u2606MelonBalls2010|that is filthy\n|c|\u2606Ababhha|lol\n|\n|t:|1700241353\n|move|p1a: 1|Liquidation|p2a: HP?\n|-supereffective|p2a: HP?\n|-ability|p2a: HP?|Sturdy\n|-damage|p2a: HP?|9\/100\n|move|p2a: HP?|Gunk Shot|p1a: 1\n|-damage|p1a: 1|0 fnt\n|faint|p1a: 1\n|-heal|p2a: HP?|17\/100|[from] item: Shell Bell|[of] p1: 1\n|\n|upkeep\n|c|\u2606Ababhha|LEST SGO\n|\n|t:|1700241363\n|switch|p1a: 2|Greninja, M|100\/100\n|-status|p1a: 2|psn\n|turn|6\n|c|\u2606Ababhha|YESS\n|inactive|Ababhha has 120 seconds left.\n|\n|t:|1700241373\n|move|p1a: 2|Liquidation|p2a: HP?\n|-supereffective|p2a: HP?\n|-damage|p2a: HP?|0 fnt\n|faint|p2a: HP?\n|-ability|p1a: 2|Battle Bond|boost\n|-boost|p1a: 2|atk|1\n|-boost|p1a: 2|spa|1\n|-boost|p1a: 2|spe|1\n|-activate|p1a: 2|ability: Battle Bond\n|\n|-damage|p1a: 2|88\/100 psn|[from] psn\n|upkeep\n|inactive|Ababhha has 120 seconds left.\n|\n|t:|1700241382\n|switch|p2a: HP?|Donphan, L1, F|100\/100\n|turn|7\n|c|\u2606MelonBalls2010|whats your favoeite pokemon\n|c|\u2606Ababhha|aegislash probably\n|c|\u2606MelonBalls2010|u can never guess mine\n|c|\u2606MelonBalls2010|in 100 years\n|\n|t:|1700241398\n|move|p1a: 2|Liquidation|p2a: HP?\n|-supereffective|p2a: HP?\n|-ability|p2a: HP?|Sturdy\n|-damage|p2a: HP?|9\/100\n|move|p2a: HP?|Endeavor|p1a: 2\n|-damage|p1a: 2|1\/100 psn\n|-heal|p2a: HP?|100\/100|[from] item: Shell Bell|[of] p1a: 2\n|\n|-damage|p1a: 2|0 fnt|[from] psn\n|faint|p1a: 2\n|upkeep\n|c|\u2606MelonBalls2010|aegislash is nice\n|c|\u2606Ababhha|urs is\n|\n|t:|1700241410\n|switch|p1a: 3|Greninja, M|100\/100\n|-status|p1a: 3|psn\n|turn|8\n|c|\u2606Ababhha|not greninja\n|\n|t:|1700241416\n|move|p1a: 3|Liquidation|p2a: HP?\n|-supereffective|p2a: HP?\n|-ability|p2a: HP?|Sturdy\n|-damage|p2a: HP?|9\/100\n|-unboost|p2a: HP?|def|1\n|move|p2a: HP?|Endeavor|p1a: 3\n|-damage|p1a: 3|1\/100 psn\n|-heal|p2a: HP?|100\/100|[from] item: Shell Bell|[of] p1a: 3\n|\n|-damage|p1a: 3|0 fnt|[from] psn\n|faint|p1a: 3\n|upkeep\n|\n|t:|1700241427\n|switch|p1a: 4|Greninja, M|100\/100\n|-status|p1a: 4|psn\n|turn|9\n|c|\u2606MelonBalls2010|gg\n|c|\u2606Ababhha|well\n|c|\u2606Ababhha|gg\n|\n|t:|1700241438\n|-terastallize|p1a: 4|Dragon\n|move|p1a: 4|Liquidation|p2a: HP?\n|-supereffective|p2a: HP?\n|-ability|p2a: HP?|Sturdy\n|-damage|p2a: HP?|9\/100\n|-unboost|p2a: HP?|def|1\n|move|p2a: HP?|Endeavor|p1a: 4\n|-damage|p1a: 4|1\/100 psn\n|-heal|p2a: HP?|100\/100|[from] item: Shell Bell|[of] p1a: 4\n|\n|-damage|p1a: 4|0 fnt|[from] psn\n|faint|p1a: 4\n|upkeep\n|inactive|MelonBalls2010 has 120 seconds left.\n|-message|MelonBalls2010 forfeited.\n|\n|win|Ababhha\n|raw|MelonBalls2010's rating: 1102 &rarr; <strong>1070<\/strong><br \/>(-32 for losing)\n|raw|Ababhha's rating: 1000 &rarr; <strong>1051<\/strong><br \/>(+51 for winning)\n|l|\u2606MelonBalls2010\n","uploadtime":1700241512,"views":8,"p1id":"melonballs2010","p2id":"ababhha","formatid":"gen9anythinggoes","rating":1051,"private":0,"password":""}