{"id":"gen9anythinggoes-1972125607","p1":"BlargleBlargington","p2":"catomic756","format":"[Gen 9] Anything Goes","log":"|j|\u2606BlargleBlargington\n|j|\u2606catomic756\n|t:|1697814938\n|gametype|singles\n|player|p1|BlargleBlargington|marlon|1230\n|player|p2|catomic756|cynthia-gen4|1529\n|teamsize|p1|6\n|teamsize|p2|6\n|gen|9\n|tier|[Gen 9] Anything Goes\n|rated|\n|rule|HP Percentage Mod: HP is shown in percentages\n|rule|Endless Battle Clause: Forcing endless battles is banned\n|clearpoke\n|poke|p1|Koraidon|\n|poke|p1|Zacian-*|\n|poke|p1|Zacian-*|\n|poke|p1|Zacian-*|\n|poke|p1|Miraidon|\n|poke|p1|Eternatus|\n|poke|p2|Calyrex-Shadow|\n|poke|p2|Regieleki|\n|poke|p2|Arceus-Ground|\n|poke|p2|Miraidon|\n|poke|p2|Ogerpon-Hearthflame, F|\n|poke|p2|Zacian-*|\n|teampreview\n|inactive|Battle timer is ON: inactive players will automatically lose when time's up. (requested by BlargleBlargington)\n|\n|t:|1697814956\n|start\n|switch|p1a: little timmy|Zacian-Crowned|100\/100\n|switch|p2a: Miraidon|Miraidon|100\/100\n|-ability|p1a: little timmy|Intrepid Sword|boost\n|-boost|p1a: little timmy|atk|1\n|-fieldstart|move: Electric Terrain|[from] ability: Hadron Engine|[of] p2a: Miraidon\n|turn|1\n|\n|t:|1697814967\n|move|p1a: little timmy|Play Rough|p2a: Miraidon|[miss]\n|-miss|p1a: little timmy|p2a: Miraidon\n|move|p2a: Miraidon|Electro Drift|p1a: little timmy\n|-damage|p1a: little timmy|2\/100\n|\n|upkeep\n|turn|2\n|\n|t:|1697814975\n|switch|p2a: Zacian|Zacian-Crowned|100\/100\n|-ability|p2a: Zacian|Intrepid Sword|boost\n|-boost|p2a: Zacian|atk|1\n|move|p1a: little timmy|Play Rough|p2a: Zacian\n|-resisted|p2a: Zacian\n|-damage|p2a: Zacian|65\/100\n|\n|upkeep\n|turn|3\n|\n|t:|1697814983\n|move|p1a: little timmy|Behemoth Blade|p2a: Zacian\n|-damage|p2a: Zacian|0 fnt\n|faint|p2a: Zacian\n|\n|upkeep\n|\n|t:|1697814986\n|switch|p2a: Calyrex|Calyrex-Shadow|100\/100\n|-ability|p2a: Calyrex|As One\n|-ability|p2a: Calyrex|Unnerve\n|turn|4\n|\n|t:|1697814996\n|move|p2a: Calyrex|Astral Barrage|p1a: little timmy\n|-damage|p1a: little timmy|0 fnt\n|faint|p1a: little timmy\n|-ability|p2a: Calyrex|Grim Neigh|boost\n|-boost|p2a: Calyrex|spa|1\n|\n|upkeep\n|\n|t:|1697815011\n|switch|p1a: papa richard|Eternatus|100\/100\n|-ability|p1a: papa richard|Pressure\n|turn|5\n|\n|t:|1697815025\n|-terastallize|p1a: papa richard|Dark\n|move|p2a: Calyrex|Psyshock|p1a: papa richard\n|-immune|p1a: papa richard\n|move|p1a: papa richard|Substitute|p1a: papa richard\n|-start|p1a: papa richard|Substitute\n|-damage|p1a: papa richard|76\/100\n|\n|-heal|p1a: papa richard|82\/100|[from] item: Leftovers\n|-fieldend|move: Electric Terrain\n|upkeep\n|turn|6\n|\n|t:|1697815030\n|move|p2a: Calyrex|Draining Kiss|p1a: papa richard\n|-supereffective|p1a: papa richard\n|-end|p1a: papa richard|Substitute\n|move|p1a: papa richard|Cosmic Power|p1a: papa richard\n|-boost|p1a: papa richard|def|1\n|-boost|p1a: papa richard|spd|1\n|\n|-heal|p1a: papa richard|88\/100|[from] item: Leftovers\n|upkeep\n|turn|7\n|\n|t:|1697815042\n|move|p2a: Calyrex|Draining Kiss|p1a: papa richard\n|-supereffective|p1a: papa richard\n|-damage|p1a: papa richard|64\/100\n|move|p1a: papa richard|Cosmic Power|p1a: papa richard\n|-boost|p1a: papa richard|def|1\n|-boost|p1a: papa richard|spd|1\n|\n|-heal|p1a: papa richard|70\/100|[from] item: Leftovers\n|upkeep\n|turn|8\n|\n|t:|1697815047\n|move|p2a: Calyrex|Draining Kiss|p1a: papa richard\n|-supereffective|p1a: papa richard\n|-damage|p1a: papa richard|52\/100\n|move|p1a: papa richard|Substitute|p1a: papa richard\n|-start|p1a: papa richard|Substitute\n|-damage|p1a: papa richard|27\/100\n|\n|-heal|p1a: papa richard|33\/100|[from] item: Leftovers\n|upkeep\n|turn|9\n|\n|t:|1697815050\n|move|p2a: Calyrex|Draining Kiss|p1a: papa richard\n|-supereffective|p1a: papa richard\n|-activate|p1a: papa richard|move: Substitute|[damage]\n|move|p1a: papa richard|Recover|p1a: papa richard\n|-heal|p1a: papa richard|83\/100\n|\n|-heal|p1a: papa richard|89\/100|[from] item: Leftovers\n|upkeep\n|turn|10\n|\n|t:|1697815053\n|move|p2a: Calyrex|Draining Kiss|p1a: papa richard\n|-supereffective|p1a: papa richard\n|-end|p1a: papa richard|Substitute\n|move|p1a: papa richard|Cosmic Power|p1a: papa richard\n|-boost|p1a: papa richard|def|1\n|-boost|p1a: papa richard|spd|1\n|\n|-heal|p1a: papa richard|96\/100|[from] item: Leftovers\n|upkeep\n|turn|11\n|\n|t:|1697815060\n|move|p2a: Calyrex|Nasty Plot|p2a: Calyrex\n|-boost|p2a: Calyrex|spa|2\n|move|p1a: papa richard|Toxic|p2a: Calyrex|[miss]\n|-miss|p1a: papa richard|p2a: Calyrex\n|\n|-heal|p1a: papa richard|100\/100|[from] item: Leftovers\n|upkeep\n|turn|12\n|\n|t:|1697815071\n|-terastallize|p2a: Calyrex|Fairy\n|move|p2a: Calyrex|Draining Kiss|p1a: papa richard\n|-supereffective|p1a: papa richard\n|-damage|p1a: papa richard|55\/100\n|move|p1a: papa richard|Toxic|p2a: Calyrex\n|-status|p2a: Calyrex|tox\n|\n|-heal|p1a: papa richard|62\/100|[from] item: Leftovers\n|-damage|p2a: Calyrex|94\/100 tox|[from] psn\n|upkeep\n|turn|13\n|\n|t:|1697815084\n|move|p2a: Calyrex|Draining Kiss|p1a: papa richard\n|-supereffective|p1a: papa richard\n|-damage|p1a: papa richard|15\/100\n|-heal|p2a: Calyrex|100\/100 tox|[from] drain|[of] p1a: papa richard\n|move|p1a: papa richard|Recover|p1a: papa richard\n|-heal|p1a: papa richard|65\/100\n|\n|-heal|p1a: papa richard|72\/100|[from] item: Leftovers\n|-damage|p2a: Calyrex|88\/100 tox|[from] psn\n|upkeep\n|turn|14\n|\n|t:|1697815091\n|move|p2a: Calyrex|Draining Kiss|p1a: papa richard\n|-supereffective|p1a: papa richard\n|-damage|p1a: papa richard|23\/100\n|-heal|p2a: Calyrex|100\/100 tox|[from] drain|[of] p1a: papa richard\n|move|p1a: papa richard|Recover|p1a: papa richard\n|-heal|p1a: papa richard|73\/100\n|\n|-heal|p1a: papa richard|79\/100|[from] item: Leftovers\n|-damage|p2a: Calyrex|82\/100 tox|[from] psn\n|upkeep\n|turn|15\n|\n|t:|1697815110\n|switch|p2a: Arceus|Arceus-Ground|100\/100\n|move|p1a: papa richard|Substitute|p1a: papa richard\n|-start|p1a: papa richard|Substitute\n|-damage|p1a: papa richard|54\/100\n|\n|-heal|p1a: papa richard|60\/100|[from] item: Leftovers\n|upkeep\n|turn|16\n|\n|t:|1697815119\n|move|p2a: Arceus|Dragon Dance|p2a: Arceus\n|-boost|p2a: Arceus|atk|1\n|-boost|p2a: Arceus|spe|1\n|move|p1a: papa richard|Cosmic Power|p1a: papa richard\n|-boost|p1a: papa richard|def|1\n|-boost|p1a: papa richard|spd|1\n|\n|-heal|p1a: papa richard|67\/100|[from] item: Leftovers\n|upkeep\n|turn|17\n|\n|t:|1697815123\n|move|p2a: Arceus|Dragon Dance|p2a: Arceus\n|-boost|p2a: Arceus|atk|1\n|-boost|p2a: Arceus|spe|1\n|move|p1a: papa richard|Toxic|p2a: Arceus|[miss]\n|-miss|p1a: papa richard|p2a: Arceus\n|\n|-heal|p1a: papa richard|73\/100|[from] item: Leftovers\n|upkeep\n|turn|18\n|\n|t:|1697815127\n|move|p2a: Arceus|Dragon Dance|p2a: Arceus\n|-boost|p2a: Arceus|atk|1\n|-boost|p2a: Arceus|spe|1\n|move|p1a: papa richard|Cosmic Power|p1a: papa richard\n|-boost|p1a: papa richard|def|1\n|-boost|p1a: papa richard|spd|1\n|\n|-heal|p1a: papa richard|79\/100|[from] item: Leftovers\n|upkeep\n|turn|19\n|\n|t:|1697815130\n|move|p2a: Arceus|Dragon Dance|p2a: Arceus\n|-boost|p2a: Arceus|atk|1\n|-boost|p2a: Arceus|spe|1\n|move|p1a: papa richard|Toxic|p2a: Arceus\n|-status|p2a: Arceus|tox\n|\n|-heal|p1a: papa richard|85\/100|[from] item: Leftovers\n|-damage|p2a: Arceus|94\/100 tox|[from] psn\n|upkeep\n|turn|20\n|\n|t:|1697815133\n|move|p2a: Arceus|Earthquake|p1a: papa richard\n|-end|p1a: papa richard|Substitute\n|move|p1a: papa richard|Cosmic Power|p1a: papa richard\n|-boost|p1a: papa richard|def|1\n|-boost|p1a: papa richard|spd|1\n|\n|-heal|p1a: papa richard|91\/100|[from] item: Leftovers\n|-damage|p2a: Arceus|82\/100 tox|[from] psn\n|upkeep\n|turn|21\n|\n|t:|1697815141\n|move|p2a: Arceus|Earthquake|p1a: papa richard\n|-damage|p1a: papa richard|61\/100\n|move|p1a: papa richard|Substitute|p1a: papa richard\n|-start|p1a: papa richard|Substitute\n|-damage|p1a: papa richard|36\/100\n|\n|-heal|p1a: papa richard|42\/100|[from] item: Leftovers\n|-damage|p2a: Arceus|64\/100 tox|[from] psn\n|upkeep\n|turn|22\n|\n|t:|1697815147\n|move|p2a: Arceus|Dragon Dance|p2a: Arceus\n|-boost|p2a: Arceus|atk|1\n|-boost|p2a: Arceus|spe|1\n|move|p1a: papa richard|Recover|p1a: papa richard\n|-heal|p1a: papa richard|92\/100\n|\n|-heal|p1a: papa richard|99\/100|[from] item: Leftovers\n|-damage|p2a: Arceus|40\/100 tox|[from] psn\n|upkeep\n|turn|23\n|\n|t:|1697815151\n|move|p2a: Arceus|Earthquake|p1a: papa richard\n|-end|p1a: papa richard|Substitute\n|move|p1a: papa richard|Substitute|p1a: papa richard\n|-start|p1a: papa richard|Substitute\n|-damage|p1a: papa richard|74\/100\n|\n|-heal|p1a: papa richard|80\/100|[from] item: Leftovers\n|-damage|p2a: Arceus|10\/100 tox|[from] psn\n|upkeep\n|turn|24\n|\n|t:|1697815158\n|move|p2a: Arceus|Earthquake|p1a: papa richard\n|-end|p1a: papa richard|Substitute\n|move|p1a: papa richard|Substitute|p1a: papa richard\n|-start|p1a: papa richard|Substitute\n|-damage|p1a: papa richard|55\/100\n|\n|-heal|p1a: papa richard|61\/100|[from] item: Leftovers\n|-damage|p2a: Arceus|0 fnt|[from] psn\n|faint|p2a: Arceus\n|upkeep\n|\n|t:|1697815163\n|switch|p2a: Miraidon|Miraidon|100\/100\n|-fieldstart|move: Electric Terrain|[from] ability: Hadron Engine|[of] p2a: Miraidon\n|turn|25\n|\n|t:|1697815168\n|move|p2a: Miraidon|Electro Drift|p1a: papa richard\n|-activate|p1a: papa richard|move: Substitute|[damage]\n|move|p1a: papa richard|Toxic|p2a: Miraidon\n|-status|p2a: Miraidon|tox\n|\n|-heal|p1a: papa richard|68\/100|[from] item: Leftovers\n|-damage|p2a: Miraidon|94\/100 tox|[from] psn\n|upkeep\n|turn|26\n|\n|t:|1697815175\n|move|p2a: Miraidon|Electro Drift|p1a: papa richard\n|-end|p1a: papa richard|Substitute\n|move|p1a: papa richard|Substitute|p1a: papa richard\n|-start|p1a: papa richard|Substitute\n|-damage|p1a: papa richard|43\/100\n|\n|-heal|p1a: papa richard|49\/100|[from] item: Leftovers\n|-damage|p2a: Miraidon|82\/100 tox|[from] psn\n|upkeep\n|turn|27\n|\n|t:|1697815186\n|move|p2a: Miraidon|Electro Drift|p1a: papa richard\n|-activate|p1a: papa richard|move: Substitute|[damage]\n|move|p1a: papa richard|Substitute|p1a: papa richard\n|-fail|p1a: papa richard|move: Substitute\n|\n|-heal|p1a: papa richard|55\/100|[from] item: Leftovers\n|-damage|p2a: Miraidon|64\/100 tox|[from] psn\n|upkeep\n|turn|28\n|\n|t:|1697815191\n|move|p2a: Miraidon|Electro Drift|p1a: papa richard\n|-end|p1a: papa richard|Substitute\n|move|p1a: papa richard|Substitute|p1a: papa richard\n|-start|p1a: papa richard|Substitute\n|-damage|p1a: papa richard|30\/100\n|\n|-heal|p1a: papa richard|37\/100|[from] item: Leftovers\n|-damage|p2a: Miraidon|39\/100 tox|[from] psn\n|upkeep\n|turn|29\n|c|\u2606catomic756|darn stall\n|c|\u2606BlargleBlargington|sry\n|c|\u2606catomic756|I was gonna make the leader board :(\n|\n|t:|1697815209\n|move|p2a: Miraidon|Dragon Pulse|p1a: papa richard\n|-activate|p1a: papa richard|move: Substitute|[damage]\n|move|p1a: papa richard|Recover|p1a: papa richard\n|-heal|p1a: papa richard|87\/100\n|\n|-heal|p1a: papa richard|93\/100|[from] item: Leftovers\n|-damage|p2a: Miraidon|8\/100 tox|[from] psn\n|-fieldend|move: Electric Terrain\n|upkeep\n|turn|30\n|c|\u2606catomic756|gg ig\n|-message|catomic756 forfeited.\n|\n|win|BlargleBlargington\n|raw|BlargleBlargington's rating: 1230 &rarr; <strong>1272<\/strong><br \/>(+42 for winning)\n|raw|catomic756's rating: 1529 &rarr; <strong>1495<\/strong><br \/>(-34 for losing)\n|c|\u2606BlargleBlargington|gg\n|l|\u2606catomic756\n","uploadtime":1697815236,"views":10,"p1id":"blargleblargington","p2id":"catomic756","formatid":"gen9anythinggoes","rating":1272,"private":0,"password":""}