{"id":"gen9anythinggoes-1984018392","p1":"fayth_dreemurr","p2":"YoungEsq","format":"[Gen 9] Anything Goes","log":"|j|\u2606fayth_dreemurr\n|j|\u2606YoungEsq\n|t:|1699210305\n|gametype|singles\n|player|p1|fayth_dreemurr|cynthia|1127\n|player|p2|YoungEsq|102|1295\n|teamsize|p1|6\n|teamsize|p2|6\n|gen|9\n|tier|[Gen 9] Anything Goes\n|rated|\n|rule|HP Percentage Mod: HP is shown in percentages\n|rule|Endless Battle Clause: Forcing endless battles is banned\n|clearpoke\n|poke|p1|Iron Valiant|\n|poke|p1|Meowscarada, F|\n|poke|p1|Ceruledge, F|\n|poke|p1|Tinkaton, F|\n|poke|p1|Arboliva, F|\n|poke|p1|Ogerpon-Hearthflame, F|\n|poke|p2|Ting-Lu|\n|poke|p2|Gholdengo|\n|poke|p2|Roaring Moon|\n|poke|p2|Chi-Yu|\n|poke|p2|Samurott-Hisui, M|\n|poke|p2|Mandibuzz, F|\n|teampreview\n|inactive|Battle timer is ON: inactive players will automatically lose when time's up. (requested by YoungEsq)\n|\n|t:|1699210323\n|start\n|switch|p1a: Smol|Arboliva, F|100\/100\n|switch|p2a: Ting-Lu|Ting-Lu|100\/100\n|-ability|p2a: Ting-Lu|Vessel of Ruin\n|turn|1\n|\n|t:|1699210330\n|move|p1a: Smol|Giga Drain|p2a: Ting-Lu\n|-supereffective|p2a: Ting-Lu\n|-damage|p2a: Ting-Lu|69\/100\n|move|p2a: Ting-Lu|Whirlwind|p1a: Smol\n|drag|p1a: Tink|Tinkaton, F, shiny|100\/100\n|\n|-heal|p2a: Ting-Lu|75\/100|[from] item: Leftovers\n|upkeep\n|turn|2\n|\n|t:|1699210341\n|move|p1a: Tink|Draining Kiss|p2a: Ting-Lu\n|-supereffective|p2a: Ting-Lu\n|-damage|p2a: Ting-Lu|64\/100\n|move|p2a: Ting-Lu|Stealth Rock|p1a: Tink\n|-sidestart|p1: fayth_dreemurr|move: Stealth Rock\n|\n|-heal|p2a: Ting-Lu|70\/100|[from] item: Leftovers\n|upkeep\n|turn|3\n|\n|t:|1699210346\n|move|p1a: Tink|Draining Kiss|p2a: Ting-Lu\n|-supereffective|p2a: Ting-Lu\n|-damage|p2a: Ting-Lu|60\/100\n|move|p2a: Ting-Lu|Earthquake|p1a: Tink\n|-supereffective|p1a: Tink\n|-damage|p1a: Tink|0 fnt\n|faint|p1a: Tink\n|\n|-heal|p2a: Ting-Lu|66\/100|[from] item: Leftovers\n|upkeep\n|\n|t:|1699210348\n|switch|p1a: Smol|Arboliva, F|100\/100\n|-damage|p1a: Smol|88\/100|[from] Stealth Rock\n|turn|4\n|\n|t:|1699210353\n|move|p1a: Smol|Leech Seed|p2a: Ting-Lu\n|-start|p2a: Ting-Lu|move: Leech Seed\n|move|p2a: Ting-Lu|Whirlwind|p1a: Smol\n|drag|p1a: Spriga|Meowscarada, F|100\/100\n|-damage|p1a: Spriga|88\/100|[from] Stealth Rock\n|\n|-heal|p2a: Ting-Lu|72\/100|[from] item: Leftovers\n|-damage|p2a: Ting-Lu|60\/100|[from] Leech Seed|[of] p1a: Spriga\n|-heal|p1a: Spriga|100\/100|[silent]\n|upkeep\n|turn|5\n|\n|t:|1699210357\n|switch|p2a: Mandibuzz|Mandibuzz, F|100\/100\n|move|p1a: Spriga|Flower Trick|p2a: Mandibuzz\n|-resisted|p2a: Mandibuzz\n|-crit|p2a: Mandibuzz\n|-damage|p2a: Mandibuzz|81\/100\n|\n|upkeep\n|turn|6\n|\n|t:|1699210366\n|move|p1a: Spriga|Bite|p2a: Mandibuzz\n|-resisted|p2a: Mandibuzz\n|-damage|p2a: Mandibuzz|70\/100\n|move|p2a: Mandibuzz|Toxic|p1a: Spriga\n|-status|p1a: Spriga|tox\n|\n|-damage|p1a: Spriga|94\/100 tox|[from] psn\n|upkeep\n|turn|7\n|\n|t:|1699210374\n|move|p1a: Spriga|Night Slash|p2a: Mandibuzz\n|-resisted|p2a: Mandibuzz\n|-crit|p2a: Mandibuzz\n|-damage|p2a: Mandibuzz|50\/100\n|move|p2a: Mandibuzz|Roost|p2a: Mandibuzz\n|-heal|p2a: Mandibuzz|99\/100\n|-singleturn|p2a: Mandibuzz|move: Roost\n|\n|-damage|p1a: Spriga|82\/100 tox|[from] psn\n|upkeep\n|turn|8\n|\n|t:|1699210386\n|move|p1a: Spriga|Flower Trick|p2a: Mandibuzz\n|-resisted|p2a: Mandibuzz\n|-crit|p2a: Mandibuzz\n|-damage|p2a: Mandibuzz|81\/100\n|move|p2a: Mandibuzz|Foul Play|p1a: Spriga\n|-resisted|p1a: Spriga\n|-crit|p1a: Spriga\n|-damage|p1a: Spriga|22\/100 tox\n|\n|-damage|p1a: Spriga|4\/100 tox|[from] psn\n|upkeep\n|turn|9\n|\n|t:|1699210396\n|move|p1a: Spriga|Night Slash|p2a: Mandibuzz\n|-resisted|p2a: Mandibuzz\n|-damage|p2a: Mandibuzz|69\/100\n|move|p2a: Mandibuzz|Roost|p2a: Mandibuzz\n|-heal|p2a: Mandibuzz|100\/100\n|-singleturn|p2a: Mandibuzz|move: Roost\n|\n|-damage|p1a: Spriga|0 fnt|[from] psn\n|faint|p1a: Spriga\n|upkeep\n|\n|t:|1699210408\n|switch|p1a: Smol|Arboliva, F|88\/100\n|-damage|p1a: Smol|76\/100|[from] Stealth Rock\n|turn|10\n|\n|t:|1699210413\n|move|p2a: Mandibuzz|Toxic|p1a: Smol\n|-status|p1a: Smol|tox\n|move|p1a: Smol|Giga Drain|p2a: Mandibuzz\n|-resisted|p2a: Mandibuzz\n|-damage|p2a: Mandibuzz|88\/100\n|-heal|p1a: Smol|83\/100 tox|[from] drain|[of] p2a: Mandibuzz\n|\n|-damage|p1a: Smol|77\/100 tox|[from] psn\n|upkeep\n|turn|11\n|\n|t:|1699210425\n|switch|p2a: Ting-Lu|Ting-Lu|60\/100\n|-ability|p2a: Ting-Lu|Vessel of Ruin\n|move|p1a: Smol|Petal Dance|p2a: Ting-Lu\n|-supereffective|p2a: Ting-Lu\n|-damage|p2a: Ting-Lu|0 fnt\n|faint|p2a: Ting-Lu\n|\n|-damage|p1a: Smol|65\/100 tox|[from] psn\n|upkeep\n|\n|t:|1699210435\n|switch|p2a: Samurott|Samurott-Hisui, M|100\/100\n|turn|12\n|\n|t:|1699210457\n|move|p2a: Samurott|Ceaseless Edge|p1a: Smol\n|-crit|p1a: Smol\n|-damage|p1a: Smol|0 fnt\n|-fieldstart|move: Grassy Terrain|[from] ability: Seed Sower|[of] p1a: Smol\n|-sidestart|p1: fayth_dreemurr|Spikes\n|faint|p1a: Smol\n|\n|upkeep\n|\n|t:|1699210461\n|switch|p1a: Ace|Iron Valiant|100\/100\n|-damage|p1a: Ace|94\/100|[from] Stealth Rock\n|-damage|p1a: Ace|82\/100|[from] Spikes\n|-enditem|p1a: Ace|Booster Energy\n|-activate|p1a: Ace|ability: Quark Drive|[fromitem]\n|-start|p1a: Ace|quarkdriveatk\n|turn|13\n|\n|t:|1699210467\n|move|p1a: Ace|Spirit Break|p2a: Samurott\n|-supereffective|p2a: Samurott\n|-enditem|p2a: Samurott|Roseli Berry|[eat]\n|-enditem|p2a: Samurott|Roseli Berry|[weaken]\n|-damage|p2a: Samurott|44\/100\n|-unboost|p2a: Samurott|spa|1\n|move|p2a: Samurott|Ceaseless Edge|p1a: Ace\n|-resisted|p1a: Ace\n|-damage|p1a: Ace|72\/100\n|-sidestart|p1: fayth_dreemurr|Spikes\n|\n|-heal|p1a: Ace|78\/100|[from] Grassy Terrain\n|-heal|p2a: Samurott|50\/100|[from] Grassy Terrain\n|upkeep\n|turn|14\n|\n|t:|1699210480\n|move|p2a: Samurott|Aqua Jet|p1a: Ace\n|-damage|p1a: Ace|60\/100\n|move|p1a: Ace|Spirit Break|p2a: Samurott\n|-supereffective|p2a: Samurott\n|-damage|p2a: Samurott|0 fnt\n|faint|p2a: Samurott\n|\n|-heal|p1a: Ace|66\/100|[from] Grassy Terrain\n|upkeep\n|\n|t:|1699210498\n|switch|p2a: Chi-Yu|Chi-Yu|100\/100\n|-ability|p2a: Chi-Yu|Beads of Ruin\n|turn|15\n|\n|t:|1699210506\n|move|p2a: Chi-Yu|Psychic|p1a: Ace\n|-supereffective|p1a: Ace\n|-damage|p1a: Ace|0 fnt\n|faint|p1a: Ace\n|-end|p1a: Ace|Quark Drive|[silent]\n|\n|upkeep\n|\n|t:|1699210508\n|switch|p1a: Char|Ceruledge, F, shiny|100\/100\n|-damage|p1a: Char|76\/100|[from] Stealth Rock\n|-damage|p1a: Char|59\/100|[from] Spikes\n|turn|16\n|\n|t:|1699210515\n|switch|p2a: Mandibuzz|Mandibuzz, F|88\/100\n|move|p1a: Char|Psycho Cut|p2a: Mandibuzz\n|-immune|p2a: Mandibuzz\n|\n|-heal|p1a: Char|65\/100|[from] Grassy Terrain\n|-fieldend|move: Grassy Terrain\n|upkeep\n|turn|17\n|\n|t:|1699210524\n|move|p1a: Char|Bitter Blade|p2a: Mandibuzz\n|-damage|p2a: Mandibuzz|54\/100\n|-heal|p1a: Char|91\/100|[from] drain|[of] p2a: Mandibuzz\n|move|p2a: Mandibuzz|Foul Play|p1a: Char\n|-supereffective|p1a: Char\n|-damage|p1a: Char|0 fnt\n|faint|p1a: Char\n|\n|upkeep\n|\n|t:|1699210528\n|switch|p1a: Ponketsu|Ogerpon-Hearthflame, F|100\/100\n|-damage|p1a: Ponketsu|76\/100|[from] Stealth Rock\n|-damage|p1a: Ponketsu|59\/100|[from] Spikes\n|-ability|p1a: Ponketsu|Mold Breaker\n|turn|18\n|\n|t:|1699210537\n|move|p1a: Ponketsu|Trailblaze|p2a: Mandibuzz\n|-resisted|p2a: Mandibuzz\n|-damage|p2a: Mandibuzz|42\/100\n|-boost|p1a: Ponketsu|spe|1\n|move|p2a: Mandibuzz|Toxic|p1a: Ponketsu\n|-status|p1a: Ponketsu|tox\n|\n|-damage|p1a: Ponketsu|53\/100 tox|[from] psn\n|upkeep\n|turn|19\n|\n|t:|1699210542\n|-terastallize|p1a: Ponketsu|Fire\n|detailschange|p1a: Ponketsu|Ogerpon-Hearthflame-Tera, F, tera:Fire\n|-ability|p1a: Ponketsu|Embody Aspect (Hearthflame)|boost\n|-boost|p1a: Ponketsu|atk|1\n|move|p1a: Ponketsu|Ivy Cudgel|p2a: Mandibuzz\n|-damage|p2a: Mandibuzz|0 fnt\n|faint|p2a: Mandibuzz\n|\n|-damage|p1a: Ponketsu|41\/100 tox|[from] psn\n|upkeep\n|\n|t:|1699210564\n|switch|p2a: Roaring Moon|Roaring Moon|100\/100\n|-enditem|p2a: Roaring Moon|Booster Energy\n|-activate|p2a: Roaring Moon|ability: Protosynthesis|[fromitem]\n|-start|p2a: Roaring Moon|protosynthesisatk\n|turn|20\n|\n|t:|1699210577\n|-terastallize|p2a: Roaring Moon|Flying\n|move|p1a: Ponketsu|Ivy Cudgel|p2a: Roaring Moon\n|-damage|p2a: Roaring Moon|0 fnt\n|faint|p2a: Roaring Moon\n|-end|p2a: Roaring Moon|Protosynthesis|[silent]\n|\n|-damage|p1a: Ponketsu|23\/100 tox|[from] psn\n|upkeep\n|\n|t:|1699210585\n|switch|p2a: Gholdengo|Gholdengo|100\/100\n|-item|p2a: Gholdengo|Air Balloon\n|turn|21\n|inactive|YoungEsq has 120 seconds left.\n|\n|t:|1699210615\n|switch|p2a: Chi-Yu|Chi-Yu|100\/100\n|-ability|p2a: Chi-Yu|Beads of Ruin\n|move|p1a: Ponketsu|Ivy Cudgel|p2a: Chi-Yu\n|-resisted|p2a: Chi-Yu\n|-damage|p2a: Chi-Yu|12\/100\n|\n|-damage|p1a: Ponketsu|0 fnt|[from] psn\n|faint|p1a: Ponketsu\n|\n|win|YoungEsq\n|upkeep\n|raw|fayth_dreemurr's rating: 1127 &rarr; <strong>1113<\/strong><br \/>(-14 for losing)\n|raw|YoungEsq's rating: 1295 &rarr; <strong>1309<\/strong><br \/>(+14 for winning)\n","uploadtime":1699210626,"views":3,"p1id":"faythdreemurr","p2id":"youngesq","formatid":"gen9anythinggoes","rating":1113,"private":0,"password":""}