{"id":"gen9anythinggoes-1975030683","p1":"ClodsireTheKing","p2":"Hitmedaddyoh","format":"[Gen 9] Anything Goes","log":"|j|\u2606ClodsireTheKing\n|j|\u2606Hitmedaddyoh\n|t:|1698156402\n|gametype|singles\n|player|p1|ClodsireTheKing|lucas-gen4pt|1097\n|player|p2|Hitmedaddyoh|backpacker|1000\n|teamsize|p1|6\n|teamsize|p2|6\n|gen|9\n|tier|[Gen 9] Anything Goes\n|rated|\n|rule|HP Percentage Mod: HP is shown in percentages\n|rule|Endless Battle Clause: Forcing endless battles is banned\n|clearpoke\n|poke|p1|Inteleon, M|\n|poke|p1|Decidueye, M|\n|poke|p1|Slowbro-Galar, M|\n|poke|p1|Ceruledge, M|\n|poke|p1|Zamazenta-*|\n|poke|p1|Dragapult, F|\n|poke|p2|Orthworm, F|\n|poke|p2|Clodsire, M|\n|poke|p2|Glimmora, F|\n|poke|p2|Garganacl, M|\n|poke|p2|Kingambit, F|\n|poke|p2|Ceruledge, F|\n|teampreview\n|\n|t:|1698156409\n|start\n|switch|p1a: The Sniper|Inteleon, M, shiny|100\/100\n|switch|p2a: Ceruledge|Ceruledge, F, shiny|100\/100\n|turn|1\n|\n|t:|1698156418\n|switch|p2a: Clodsire|Clodsire, M, shiny|100\/100\n|move|p1a: The Sniper|Snipe Shot|p2a: Clodsire\n|-immune|p2a: Clodsire|[from] ability: Water Absorb\n|\n|upkeep\n|turn|2\n|inactive|Battle timer is ON: inactive players will automatically lose when time's up. (requested by ClodsireTheKing)\n|\n|t:|1698156426\n|switch|p1a: The Cannon|Slowbro-Galar, M, shiny|100\/100\n|move|p2a: Clodsire|Toxic|p1a: The Cannon\n|-immune|p1a: The Cannon\n|\n|upkeep\n|turn|3\n|\n|t:|1698156439\n|move|p1a: The Cannon|Earthquake|p2a: Clodsire\n|-supereffective|p2a: Clodsire\n|-damage|p2a: Clodsire|48\/100\n|move|p2a: Clodsire|Earthquake|p1a: The Cannon\n|-supereffective|p1a: The Cannon\n|-damage|p1a: The Cannon|44\/100\n|\n|-heal|p1a: The Cannon|50\/100|[from] item: Leftovers\n|upkeep\n|turn|4\n|-activate|p1a: The Cannon|ability: Quick Draw\n|\n|t:|1698156449\n|switch|p2a: Orthworm|Orthworm, F, shiny|100\/100\n|move|p1a: The Cannon|Earthquake|p2a: Orthworm\n|-immune|p2a: Orthworm|[from] ability: Earth Eater\n|\n|-heal|p1a: The Cannon|56\/100|[from] item: Leftovers\n|upkeep\n|turn|5\n|-activate|p1a: The Cannon|ability: Quick Draw\n|\n|t:|1698156461\n|move|p1a: The Cannon|Flamethrower|p2a: Orthworm\n|-supereffective|p2a: Orthworm\n|-crit|p2a: Orthworm\n|-damage|p2a: Orthworm|0 fnt\n|faint|p2a: Orthworm\n|\n|-heal|p1a: The Cannon|62\/100|[from] item: Leftovers\n|upkeep\n|\n|t:|1698156469\n|switch|p2a: Ceruledge|Ceruledge, F, shiny|100\/100\n|turn|6\n|\n|t:|1698156475\n|-terastallize|p2a: Ceruledge|Grass\n|move|p2a: Ceruledge|Swords Dance|p2a: Ceruledge\n|-boost|p2a: Ceruledge|atk|2\n|move|p1a: The Cannon|Earthquake|p2a: Ceruledge\n|-resisted|p2a: Ceruledge\n|-damage|p2a: Ceruledge|84\/100\n|-ability|p2a: Ceruledge|Weak Armor|boost\n|-unboost|p2a: Ceruledge|def|1\n|-boost|p2a: Ceruledge|spe|2\n|\n|-heal|p1a: The Cannon|68\/100|[from] item: Leftovers\n|upkeep\n|turn|7\n|-activate|p1a: The Cannon|ability: Quick Draw\n|\n|t:|1698156491\n|-terastallize|p1a: The Cannon|Poison\n|move|p2a: Ceruledge|Shadow Sneak|p1a: The Cannon\n|-damage|p1a: The Cannon|28\/100\n|move|p1a: The Cannon|Shell Side Arm|p2a: Ceruledge|[anim] Shell Side Arm Physical\n|-supereffective|p2a: Ceruledge\n|-damage|p2a: Ceruledge|0 fnt\n|-hint|Physical Shell Side Arm\n|faint|p2a: Ceruledge\n|\n|-heal|p1a: The Cannon|35\/100|[from] item: Leftovers\n|upkeep\n|\n|t:|1698156507\n|switch|p2a: Glimmora|Glimmora, F, shiny|100\/100\n|turn|8\n|\n|t:|1698156512\n|move|p2a: Glimmora|Stealth Rock|p1a: The Cannon\n|-sidestart|p1: ClodsireTheKing|move: Stealth Rock\n|move|p1a: The Cannon|Earthquake|p2a: Glimmora\n|-supereffective|p2a: Glimmora\n|-damage|p2a: Glimmora|16\/100\n|-activate|p2a: Glimmora|ability: Toxic Debris\n|-sidestart|p1: ClodsireTheKing|move: Toxic Spikes\n|\n|-heal|p2a: Glimmora|22\/100|[from] item: Black Sludge\n|-heal|p1a: The Cannon|41\/100|[from] item: Leftovers\n|upkeep\n|turn|9\n|\n|t:|1698156524\n|move|p2a: Glimmora|Spiky Shield|p2a: Glimmora\n|-singleturn|p2a: Glimmora|move: Protect\n|move|p1a: The Cannon|Psychic|p2a: Glimmora\n|-activate|p2a: Glimmora|move: Protect\n|\n|-heal|p2a: Glimmora|28\/100|[from] item: Black Sludge\n|-heal|p1a: The Cannon|47\/100|[from] item: Leftovers\n|upkeep\n|turn|10\n|\n|t:|1698156538\n|move|p2a: Glimmora|Power Gem|p1a: The Cannon\n|-damage|p1a: The Cannon|0 fnt\n|faint|p1a: The Cannon\n|\n|-heal|p2a: Glimmora|34\/100|[from] item: Black Sludge\n|upkeep\n|\n|t:|1698156550\n|switch|p1a: The Sniper|Inteleon, M, shiny|100\/100\n|-damage|p1a: The Sniper|88\/100|[from] Stealth Rock\n|-status|p1a: The Sniper|psn\n|turn|11\n|\n|t:|1698156556\n|move|p2a: Glimmora|Spiky Shield|p2a: Glimmora\n|-singleturn|p2a: Glimmora|move: Protect\n|move|p1a: The Sniper|Sucker Punch||[still]\n|-fail|p1a: The Sniper\n|\n|-heal|p2a: Glimmora|41\/100|[from] item: Black Sludge\n|-damage|p1a: The Sniper|76\/100 psn|[from] psn\n|upkeep\n|turn|12\n|\n|t:|1698156568\n|switch|p2a: Clodsire|Clodsire, M, shiny|48\/100\n|move|p1a: The Sniper|Snipe Shot|p2a: Clodsire\n|-heal|p2a: Clodsire|73\/100|[from] ability: Water Absorb|[of] p1a: The Sniper\n|\n|-damage|p1a: The Sniper|63\/100 psn|[from] psn\n|upkeep\n|turn|13\n|\n|t:|1698156578\n|move|p1a: The Sniper|Sucker Punch|p2a: Clodsire\n|-damage|p2a: Clodsire|53\/100\n|-damage|p1a: The Sniper|47\/100 psn|[from] item: Rocky Helmet|[of] p2a: Clodsire\n|-damage|p1a: The Sniper|37\/100 psn|[from] item: Life Orb\n|move|p2a: Clodsire|Earthquake|p1a: The Sniper\n|-damage|p1a: The Sniper|0 fnt\n|faint|p1a: The Sniper\n|\n|upkeep\n|\n|t:|1698156588\n|switch|p1a: The Air Support|Dragapult, F, shiny|100\/100\n|-damage|p1a: The Air Support|88\/100|[from] Stealth Rock\n|-status|p1a: The Air Support|psn\n|turn|14\n|\n|t:|1698156597\n|switch|p2a: Glimmora|Glimmora, F, shiny|41\/100\n|move|p1a: The Air Support|Phantom Force||[still]\n|-prepare|p1a: The Air Support|Phantom Force\n|\n|-heal|p2a: Glimmora|47\/100|[from] item: Black Sludge\n|-damage|p1a: The Air Support|76\/100 psn|[from] psn\n|upkeep\n|turn|15\n|\n|t:|1698156604\n|switch|p2a: Clodsire|Clodsire, M, shiny|53\/100\n|move|p1a: The Air Support|Phantom Force|p2a: Clodsire|[from]lockedmove\n|-damage|p2a: Clodsire|0 fnt\n|-damage|p1a: The Air Support|59\/100 psn|[from] item: Rocky Helmet|[of] p2a: Clodsire\n|faint|p2a: Clodsire\n|\n|-damage|p1a: The Air Support|47\/100 psn|[from] psn\n|upkeep\n|\n|t:|1698156621\n|switch|p2a: Glimmora|Glimmora, F, shiny|47\/100\n|turn|16\n|\n|t:|1698156628\n|move|p1a: The Air Support|Phantom Force||[still]\n|-prepare|p1a: The Air Support|Phantom Force\n|move|p2a: Glimmora|Acid Armor|p2a: Glimmora\n|-boost|p2a: Glimmora|def|2\n|\n|-heal|p2a: Glimmora|53\/100|[from] item: Black Sludge\n|-damage|p1a: The Air Support|35\/100 psn|[from] psn\n|upkeep\n|turn|17\n|\n|t:|1698156640\n|move|p1a: The Air Support|Phantom Force|p2a: Glimmora|[from]lockedmove\n|-damage|p2a: Glimmora|29\/100\n|-activate|p2a: Glimmora|ability: Toxic Debris\n|-sidestart|p1: ClodsireTheKing|move: Toxic Spikes\n|move|p2a: Glimmora|Acid Armor|p2a: Glimmora\n|-boost|p2a: Glimmora|def|2\n|\n|-heal|p2a: Glimmora|35\/100|[from] item: Black Sludge\n|-damage|p1a: The Air Support|23\/100 psn|[from] psn\n|upkeep\n|turn|18\n|\n|t:|1698156651\n|move|p1a: The Air Support|Dragon Claw|p2a: Glimmora\n|-damage|p2a: Glimmora|20\/100\n|move|p2a: Glimmora|Power Gem|p1a: The Air Support\n|-damage|p1a: The Air Support|0 fnt\n|faint|p1a: The Air Support\n|\n|-heal|p2a: Glimmora|26\/100|[from] item: Black Sludge\n|upkeep\n|\n|t:|1698156661\n|switch|p1a: The Shield|Zamazenta-Crowned, shiny|100\/100\n|-damage|p1a: The Shield|97\/100|[from] Stealth Rock\n|-ability|p1a: The Shield|Dauntless Shield|boost\n|-boost|p1a: The Shield|def|1\n|turn|19\n|\n|t:|1698156669\n|move|p2a: Glimmora|Spiky Shield|p2a: Glimmora\n|-singleturn|p2a: Glimmora|move: Protect\n|move|p1a: The Shield|Brick Break|p2a: Glimmora\n|-activate|p2a: Glimmora|move: Protect\n|-damage|p1a: The Shield|85\/100|[from] Spiky Shield|[of] p2a: Glimmora\n|\n|-heal|p2a: Glimmora|32\/100|[from] item: Black Sludge\n|upkeep\n|turn|20\n|\n|t:|1698156681\n|move|p1a: The Shield|Behemoth Bash|p2a: Glimmora\n|-supereffective|p2a: Glimmora\n|-damage|p2a: Glimmora|2\/100\n|move|p2a: Glimmora|Power Gem|p1a: The Shield\n|-resisted|p1a: The Shield\n|-damage|p1a: The Shield|77\/100\n|\n|-heal|p2a: Glimmora|9\/100|[from] item: Black Sludge\n|upkeep\n|turn|21\n|\n|t:|1698156692\n|move|p1a: The Shield|Protect|p1a: The Shield\n|-singleturn|p1a: The Shield|Protect\n|move|p2a: Glimmora|Spiky Shield||[still]\n|-fail|p2a: Glimmora\n|\n|-heal|p2a: Glimmora|15\/100|[from] item: Black Sludge\n|upkeep\n|turn|22\n|\n|t:|1698156700\n|move|p2a: Glimmora|Spiky Shield|p2a: Glimmora\n|-singleturn|p2a: Glimmora|move: Protect\n|move|p1a: The Shield|Brick Break|p2a: Glimmora\n|-activate|p2a: Glimmora|move: Protect\n|-damage|p1a: The Shield|65\/100|[from] Spiky Shield|[of] p2a: Glimmora\n|\n|-heal|p2a: Glimmora|21\/100|[from] item: Black Sludge\n|upkeep\n|turn|23\n|\n|t:|1698156711\n|move|p1a: The Shield|Brick Break|p2a: Glimmora\n|-damage|p2a: Glimmora|9\/100\n|move|p2a: Glimmora|Power Gem|p1a: The Shield\n|-resisted|p1a: The Shield\n|-crit|p1a: The Shield\n|-damage|p1a: The Shield|54\/100\n|\n|-heal|p2a: Glimmora|15\/100|[from] item: Black Sludge\n|upkeep\n|turn|24\n|\n|t:|1698156720\n|move|p2a: Glimmora|Spiky Shield|p2a: Glimmora\n|-singleturn|p2a: Glimmora|move: Protect\n|move|p1a: The Shield|Moonblast|p2a: Glimmora\n|-activate|p2a: Glimmora|move: Protect\n|\n|-heal|p2a: Glimmora|21\/100|[from] item: Black Sludge\n|upkeep\n|turn|25\n|\n|t:|1698156729\n|move|p1a: The Shield|Behemoth Bash|p2a: Glimmora\n|-supereffective|p2a: Glimmora\n|-damage|p2a: Glimmora|0 fnt\n|faint|p2a: Glimmora\n|\n|upkeep\n|\n|t:|1698156741\n|switch|p2a: Garganacl|Garganacl, M, shiny|100\/100\n|turn|26\n|\n|t:|1698156745\n|move|p1a: The Shield|Behemoth Bash|p2a: Garganacl\n|-supereffective|p2a: Garganacl\n|-damage|p2a: Garganacl|42\/100\n|move|p2a: Garganacl|Salt Cure|p1a: The Shield\n|-resisted|p1a: The Shield\n|-damage|p1a: The Shield|52\/100\n|-start|p1a: The Shield|Salt Cure\n|\n|-damage|p1a: The Shield|27\/100|[from] Salt Cure\n|upkeep\n|turn|27\n|\n|t:|1698156755\n|move|p1a: The Shield|Behemoth Bash|p2a: Garganacl\n|-supereffective|p2a: Garganacl\n|-damage|p2a: Garganacl|0 fnt\n|faint|p2a: Garganacl\n|\n|-damage|p1a: The Shield|2\/100|[from] Salt Cure\n|upkeep\n|\n|t:|1698156763\n|switch|p2a: Kingambit|Kingambit, F, shiny|100\/100\n|-activate|p2a: Kingambit|ability: Supreme Overlord\n|-start|p2a: Kingambit|fallen5|[silent]\n|turn|28\n|\n|t:|1698156768\n|move|p2a: Kingambit|Sucker Punch|p1a: The Shield\n|-resisted|p1a: The Shield\n|-damage|p1a: The Shield|0 fnt\n|faint|p1a: The Shield\n|\n|upkeep\n|\n|t:|1698156774\n|switch|p1a: The Archer|Decidueye, M, shiny|100\/100\n|-damage|p1a: The Archer|88\/100|[from] Stealth Rock\n|-status|p1a: The Archer|tox\n|turn|29\n|\n|t:|1698156780\n|move|p1a: The Archer|Spirit Shackle|p2a: Kingambit\n|-resisted|p2a: Kingambit\n|-damage|p2a: Kingambit|88\/100\n|-activate|p2a: Kingambit|trapped\n|move|p2a: Kingambit|Kowtow Cleave|p1a: The Archer\n|-supereffective|p1a: The Archer\n|-damage|p1a: The Archer|0 fnt\n|faint|p1a: The Archer\n|\n|upkeep\n|\n|t:|1698156789\n|switch|p1a: The Sword|Ceruledge, M, shiny|100\/100\n|-damage|p1a: The Sword|76\/100|[from] Stealth Rock\n|-status|p1a: The Sword|tox\n|turn|30\n|\n|t:|1698156797\n|move|p1a: The Sword|Bitter Blade|p2a: Kingambit\n|-supereffective|p2a: Kingambit\n|-damage|p2a: Kingambit|22\/100\n|-heal|p1a: The Sword|100\/100 tox|[from] drain|[of] p2a: Kingambit\n|move|p2a: Kingambit|Kowtow Cleave|p1a: The Sword\n|-supereffective|p1a: The Sword\n|-damage|p1a: The Sword|0 fnt\n|faint|p1a: The Sword\n|\n|win|Hitmedaddyoh\n|raw|ClodsireTheKing's rating: 1097 &rarr; <strong>1066<\/strong><br \/>(-31 for losing)\n|raw|Hitmedaddyoh's rating: 1000 &rarr; <strong>1051<\/strong><br \/>(+51 for winning)\n|l|\u2606ClodsireTheKing\n","uploadtime":1698156819,"views":12,"p1id":"clodsiretheking","p2id":"hitmedaddyoh","formatid":"gen9anythinggoes","rating":1051,"private":0,"password":""}