{"id":"gen9anythinggoes-1973934973","p1":"ValidJohnSmith","p2":"BillTheThrill42","format":"[Gen 9] Anything Goes","log":"|j|\u2606ValidJohnSmith\n|j|\u2606BillTheThrill42\n|t:|1698029966\n|gametype|singles\n|player|p1|ValidJohnSmith|n|\n|player|p2|BillTheThrill42|red|\n|teamsize|p1|6\n|teamsize|p2|6\n|gen|9\n|tier|[Gen 9] Anything Goes\n|rule|HP Percentage Mod: HP is shown in percentages\n|rule|Endless Battle Clause: Forcing endless battles is banned\n|clearpoke\n|poke|p1|Great Tusk|\n|poke|p1|Gholdengo|\n|poke|p1|Samurott-Hisui, M|\n|poke|p1|Quagsire, M|\n|poke|p1|Slowbro-Galar, F|\n|poke|p1|Dudunsparce-*, M|\n|poke|p2|Iron Valiant|\n|poke|p2|Palafin, M|\n|poke|p2|Pelipper, F|\n|poke|p2|Overqwil, M|\n|poke|p2|Donphan, M|\n|poke|p2|Perrserker, M|\n|teampreview\n|\n|t:|1698030004\n|start\n|switch|p1a: Samurott|Samurott-Hisui, M, shiny|100\/100\n|switch|p2a: Delfender|Palafin, M|100\/100\n|turn|1\n|\n|t:|1698030021\n|move|p2a: Delfender|Flip Turn|p1a: Samurott\n|-resisted|p1a: Samurott\n|-damage|p1a: Samurott|77\/100\n|\n|t:|1698030025\n|detailschange|p2a: Delfender|Palafin-Hero, M\n|switch|p2a: Phyllis|Pelipper, F|100\/100|[from] Flip Turn\n|-weather|RainDance|[from] ability: Drizzle|[of] p2a: Phyllis\n|move|p1a: Samurott|Ceaseless Edge|p2a: Phyllis\n|-damage|p2a: Phyllis|68\/100\n|-sidestart|p2: BillTheThrill42|Spikes\n|\n|-weather|RainDance|[upkeep]\n|upkeep\n|turn|2\n|\n|t:|1698030049\n|move|p1a: Samurott|Ceaseless Edge|p2a: Phyllis\n|-damage|p2a: Phyllis|34\/100\n|-sidestart|p2: BillTheThrill42|Spikes\n|move|p2a: Phyllis|U-turn|p1a: Samurott\n|-supereffective|p1a: Samurott\n|-damage|p1a: Samurott|56\/100\n|j| Jojospicydong\n|\n|t:|1698030056\n|switch|p2a: Delfender|Palafin-Hero, M|100\/100|[from] U-turn\n|-damage|p2a: Delfender|84\/100|[from] Spikes\n|-activate|p2a: Delfender|ability: Zero to Hero\n|\n|-weather|RainDance|[upkeep]\n|upkeep\n|turn|3\n|\n|t:|1698030068\n|move|p1a: Samurott|Sucker Punch|p2a: Delfender\n|-damage|p2a: Delfender|53\/100\n|move|p2a: Delfender|Drain Punch|p1a: Samurott\n|-supereffective|p1a: Samurott\n|-damage|p1a: Samurott|0 fnt\n|-heal|p2a: Delfender|79\/100|[from] drain|[of] p1a: Samurott\n|faint|p1a: Samurott\n|\n|-weather|RainDance|[upkeep]\n|upkeep\n|\n|t:|1698030105\n|switch|p1a: Quagsire|Quagsire, M, shiny|100\/100\n|turn|4\n|\n|t:|1698030131\n|switch|p2a: Radobaan|Donphan, M, shiny|100\/100\n|move|p1a: Quagsire|Yawn|p2a: Radobaan\n|-start|p2a: Radobaan|move: Yawn|[of] p1a: Quagsire\n|\n|-weather|RainDance|[upkeep]\n|upkeep\n|turn|5\n|\n|t:|1698030148\n|switch|p2a: Fiora|Iron Valiant, shiny|100\/100\n|-damage|p2a: Fiora|84\/100|[from] Spikes\n|switch|p1a: Gholdengo|Gholdengo|100\/100\n|-item|p1a: Gholdengo|Air Balloon\n|\n|-weather|RainDance|[upkeep]\n|upkeep\n|turn|6\n|\n|t:|1698030164\n|-end|p2a: Fiora|Quark Drive|[silent]\n|switch|p2a: Delfender|Palafin-Hero, M|79\/100\n|-damage|p2a: Delfender|63\/100|[from] Spikes\n|move|p1a: Gholdengo|Make It Rain|p2a: Delfender\n|-resisted|p2a: Delfender\n|-damage|p2a: Delfender|28\/100\n|-unboost|p1a: Gholdengo|spa|1\n|\n|-weather|RainDance|[upkeep]\n|upkeep\n|turn|7\n|\n|t:|1698030183\n|move|p2a: Delfender|Flip Turn|p1a: Gholdengo\n|-damage|p1a: Gholdengo|3\/100\n|-enditem|p1a: Gholdengo|Air Balloon\n|\n|t:|1698030191\n|switch|p2a: Hertz|Overqwil, M|100\/100|[from] Flip Turn\n|-damage|p2a: Hertz|84\/100|[from] Spikes\n|move|p1a: Gholdengo|Thunderbolt|p2a: Hertz\n|-damage|p2a: Hertz|53\/100\n|\n|-weather|RainDance|[upkeep]\n|upkeep\n|turn|8\n|\n|t:|1698030207\n|move|p2a: Hertz|Crunch|p1a: Gholdengo\n|-supereffective|p1a: Gholdengo\n|-damage|p1a: Gholdengo|0 fnt\n|faint|p1a: Gholdengo\n|-damage|p2a: Hertz|43\/100|[from] item: Life Orb\n|\n|-weather|none\n|upkeep\n|\n|t:|1698030225\n|switch|p1a: Dudunsparce|Dudunsparce-Three-Segment, M, shiny|100\/100\n|turn|9\n|\n|t:|1698030234\n|switch|p2a: Radobaan|Donphan, M, shiny|100\/100\n|move|p1a: Dudunsparce|Glare|p2a: Radobaan\n|-status|p2a: Radobaan|par\n|\n|upkeep\n|turn|10\n|\n|t:|1698030242\n|move|p1a: Dudunsparce|Coil|p1a: Dudunsparce\n|-boost|p1a: Dudunsparce|atk|1\n|-boost|p1a: Dudunsparce|def|1\n|-boost|p1a: Dudunsparce|accuracy|1\n|move|p2a: Radobaan|Rapid Spin|p1a: Dudunsparce\n|-damage|p1a: Dudunsparce|90\/100\n|-boost|p2a: Radobaan|spe|1\n|-sideend|p2: BillTheThrill42|Spikes|[from] move: Rapid Spin|[of] p2a: Radobaan\n|\n|-heal|p1a: Dudunsparce|97\/100|[from] item: Leftovers\n|upkeep\n|turn|11\n|\n|t:|1698030253\n|move|p1a: Dudunsparce|Coil|p1a: Dudunsparce\n|-boost|p1a: Dudunsparce|atk|1\n|-boost|p1a: Dudunsparce|def|1\n|-boost|p1a: Dudunsparce|accuracy|1\n|move|p2a: Radobaan|Earthquake|p1a: Dudunsparce\n|-damage|p1a: Dudunsparce|77\/100\n|\n|-heal|p1a: Dudunsparce|83\/100|[from] item: Leftovers\n|upkeep\n|turn|12\n|\n|t:|1698030263\n|switch|p2a: Phyllis|Pelipper, F|34\/100\n|-weather|RainDance|[from] ability: Drizzle|[of] p2a: Phyllis\n|move|p1a: Dudunsparce|Headbutt|p2a: Phyllis\n|-damage|p2a: Phyllis|0 fnt\n|faint|p2a: Phyllis\n|\n|-weather|RainDance|[upkeep]\n|-heal|p1a: Dudunsparce|89\/100|[from] item: Leftovers\n|upkeep\n|\n|t:|1698030281\n|switch|p2a: Delfender|Palafin-Hero, M|28\/100\n|turn|13\n|\n|t:|1698030286\n|move|p2a: Delfender|Drain Punch|p1a: Dudunsparce\n|-supereffective|p1a: Dudunsparce\n|-damage|p1a: Dudunsparce|48\/100\n|-heal|p2a: Delfender|56\/100|[from] drain|[of] p1a: Dudunsparce\n|move|p1a: Dudunsparce|Headbutt|p2a: Delfender\n|-damage|p2a: Delfender|0 fnt\n|faint|p2a: Delfender\n|\n|-weather|RainDance|[upkeep]\n|-heal|p1a: Dudunsparce|54\/100|[from] item: Leftovers\n|upkeep\n|\n|t:|1698030296\n|switch|p2a: Fiora|Iron Valiant, shiny|84\/100\n|turn|14\n|\n|t:|1698030325\n|move|p2a: Fiora|Close Combat|p1a: Dudunsparce\n|-supereffective|p1a: Dudunsparce\n|-damage|p1a: Dudunsparce|0 fnt\n|-unboost|p2a: Fiora|def|1\n|-unboost|p2a: Fiora|spd|1\n|faint|p1a: Dudunsparce\n|\n|-weather|RainDance|[upkeep]\n|upkeep\n|\n|t:|1698030343\n|switch|p1a: Quagsire|Quagsire, M, shiny|100\/100\n|turn|15\n|\n|t:|1698030348\n|move|p2a: Fiora|Leaf Blade|p1a: Quagsire\n|-supereffective|p1a: Quagsire\n|-damage|p1a: Quagsire|0 fnt\n|faint|p1a: Quagsire\n|\n|-weather|RainDance|[upkeep]\n|upkeep\n|\n|t:|1698030363\n|switch|p1a: Slowbro|Slowbro-Galar, F, shiny|100\/100\n|turn|16\n|\n|t:|1698030372\n|-end|p2a: Fiora|Quark Drive|[silent]\n|switch|p2a: Hardrada|Perrserker, M|100\/100\n|switch|p1a: Great Tusk|Great Tusk|100\/100\n|-enditem|p1a: Great Tusk|Booster Energy\n|-activate|p1a: Great Tusk|ability: Protosynthesis|[fromitem]\n|-start|p1a: Great Tusk|protosynthesisatk\n|\n|-weather|RainDance|[upkeep]\n|upkeep\n|turn|17\n|\n|t:|1698030386\n|move|p2a: Hardrada|Fake Out|p1a: Great Tusk\n|-damage|p1a: Great Tusk|88\/100\n|cant|p1a: Great Tusk|flinch\n|\n|-weather|RainDance|[upkeep]\n|upkeep\n|turn|18\n|\n|t:|1698030402\n|move|p1a: Great Tusk|Earthquake|p2a: Hardrada\n|-supereffective|p2a: Hardrada\n|-damage|p2a: Hardrada|0 fnt\n|faint|p2a: Hardrada\n|\n|-weather|RainDance|[upkeep]\n|upkeep\n|l| Jojospicydong\n|\n|t:|1698030407\n|switch|p2a: Hertz|Overqwil, M|43\/100\n|turn|19\n|j| Jojospicydong\n|\n|t:|1698030415\n|move|p2a: Hertz|Waterfall|p1a: Great Tusk\n|-supereffective|p1a: Great Tusk\n|-damage|p1a: Great Tusk|2\/100\n|-damage|p2a: Hertz|33\/100|[from] item: Life Orb\n|move|p1a: Great Tusk|Earthquake|p2a: Hertz\n|-supereffective|p2a: Hertz\n|-damage|p2a: Hertz|0 fnt\n|faint|p2a: Hertz\n|\n|-weather|none\n|upkeep\n|\n|t:|1698030433\n|switch|p2a: Fiora|Iron Valiant, shiny|84\/100\n|turn|20\n|\n|t:|1698030446\n|move|p2a: Fiora|Shadow Sneak|p1a: Great Tusk\n|-damage|p1a: Great Tusk|0 fnt\n|faint|p1a: Great Tusk\n|-end|p1a: Great Tusk|Protosynthesis|[silent]\n|\n|upkeep\n|\n|t:|1698030451\n|switch|p1a: Slowbro|Slowbro-Galar, F, shiny|100\/100\n|turn|21\n|\n|t:|1698030455\n|move|p2a: Fiora|Shadow Sneak|p1a: Slowbro\n|-supereffective|p1a: Slowbro\n|-damage|p1a: Slowbro|73\/100\n|move|p1a: Slowbro|Shell Side Arm|p2a: Fiora|[anim] Shell Side Arm Special\n|-supereffective|p2a: Fiora\n|-damage|p2a: Fiora|0 fnt\n|-hint|Special Shell Side Arm\n|faint|p2a: Fiora\n|-end|p2a: Fiora|Quark Drive|[silent]\n|\n|upkeep\n|\n|t:|1698030462\n|switch|p2a: Radobaan|Donphan, M, shiny|100\/100 par\n|turn|22\n|-activate|p1a: Slowbro|ability: Quick Draw\n|\n|t:|1698030479\n|move|p1a: Slowbro|Surf|p2a: Radobaan\n|-supereffective|p2a: Radobaan\n|-damage|p2a: Radobaan|35\/100 par\n|move|p2a: Radobaan|Earthquake|p1a: Slowbro\n|-supereffective|p1a: Slowbro\n|-damage|p1a: Slowbro|0 fnt\n|faint|p1a: Slowbro\n|\n|win|BillTheThrill42\n|c|\u2606BillTheThrill42|Gg\n|c|\u2606ValidJohnSmith|Gg\n|l| Jojospicydong\n|l|\u2606ValidJohnSmith\n","uploadtime":1698030491,"views":8,"p1id":"validjohnsmith","p2id":"billthethrill42","formatid":"gen9anythinggoes","rating":0,"private":0,"password":""}