{"id":"gen9anythinggoes-1995332798","p1":"KrissyWasTaken","p2":"oosugsagnjkd","format":"[Gen 9] Anything Goes","log":"|j|\u2606KrissyWasTaken\n|j|\u2606oosugsagnjkd\n|t:|1700555226\n|gametype|singles\n|player|p1|KrissyWasTaken|cheryl|1483\n|player|p2|oosugsagnjkd|pokemonrangerf|1466\n|teamsize|p1|6\n|teamsize|p2|6\n|gen|9\n|tier|[Gen 9] Anything Goes\n|rated|\n|rule|HP Percentage Mod: HP is shown in percentages\n|rule|Endless Battle Clause: Forcing endless battles is banned\n|clearpoke\n|poke|p1|Arceus|\n|poke|p1|Arceus-Ground|\n|poke|p1|Arceus|\n|poke|p1|Grimmsnarl, M|\n|poke|p1|Calyrex-Shadow|\n|poke|p1|Eternatus|\n|poke|p2|Gholdengo|\n|poke|p2|Scovillain, F|\n|poke|p2|Toxapex, F|\n|poke|p2|Gliscor, F|\n|poke|p2|Ditto|\n|poke|p2|Blissey, F|\n|teampreview\n|inactive|Battle timer is ON: inactive players will automatically lose when time's up. (requested by oosugsagnjkd)\n|\n|t:|1700555241\n|start\n|switch|p1a: land are us|Arceus-Ground|100\/100\n|switch|p2a: The Fortress|Toxapex, F|100\/100\n|turn|1\n|\n|t:|1700555249\n|move|p2a: The Fortress|Baneful Bunker|p2a: The Fortress\n|-singleturn|p2a: The Fortress|move: Protect\n|move|p1a: land are us|Taunt|p2a: The Fortress\n|-activate|p2a: The Fortress|move: Protect\n|\n|upkeep\n|turn|2\n|\n|t:|1700555255\n|move|p1a: land are us|Taunt|p2a: The Fortress\n|-start|p2a: The Fortress|move: Taunt\n|move|p2a: The Fortress|Infestation|p1a: land are us\n|-damage|p1a: land are us|98\/100\n|-activate|p1a: land are us|move: Infestation|[of] p2a: The Fortress\n|\n|-damage|p1a: land are us|86\/100|[from] move: Infestation|[partiallytrapped]\n|upkeep\n|turn|3\n|\n|t:|1700555259\n|switch|p2a: Gliscor|Gliscor, F|100\/100\n|move|p1a: land are us|Judgment|p2a: Gliscor\n|-immune|p2a: Gliscor\n|\n|-end|p1a: land are us|Infestation|[partiallytrapped]|[silent]\n|-status|p2a: Gliscor|tox|[from] item: Toxic Orb\n|upkeep\n|turn|4\n|\n|t:|1700555267\n|move|p1a: land are us|Ice Beam|p2a: Gliscor\n|-supereffective|p2a: Gliscor\n|-damage|p2a: Gliscor|0 fnt\n|faint|p2a: Gliscor\n|\n|upkeep\n|\n|t:|1700555271\n|switch|p2a: The Frustration|Blissey, F|100\/100\n|turn|5\n|\n|t:|1700555274\n|move|p1a: land are us|Taunt|p2a: The Frustration\n|-start|p2a: The Frustration|move: Taunt\n|cant|p2a: The Frustration|move: Taunt|Copycat\n|\n|upkeep\n|turn|6\n|\n|t:|1700555279\n|move|p1a: land are us|Stealth Rock|p2a: The Frustration\n|-sidestart|p2: oosugsagnjkd|move: Stealth Rock\n|move|p2a: The Frustration|Ice Beam|p1a: land are us\n|-supereffective|p1a: land are us\n|-damage|p1a: land are us|55\/100\n|\n|upkeep\n|turn|7\n|\n|t:|1700555287\n|switch|p1a: gawd|Arceus|100\/100\n|move|p2a: The Frustration|Ice Beam|p1a: gawd\n|-damage|p1a: gawd|88\/100\n|-status|p1a: gawd|frz\n|\n|-end|p2a: The Frustration|move: Taunt\n|upkeep\n|turn|8\n|\n|t:|1700555296\n|switch|p2a: The Fortress|Toxapex, F|100\/100\n|-damage|p2a: The Fortress|88\/100|[from] Stealth Rock\n|cant|p1a: gawd|frz\n|\n|-heal|p2a: The Fortress|94\/100|[from] item: Leftovers\n|upkeep\n|turn|9\n|\n|t:|1700555301\n|cant|p1a: gawd|frz\n|move|p2a: The Fortress|Infestation|p1a: gawd\n|-damage|p1a: gawd|85\/100 frz\n|-activate|p1a: gawd|move: Infestation|[of] p2a: The Fortress\n|\n|-heal|p2a: The Fortress|99\/100|[from] item: Leftovers\n|-damage|p1a: gawd|73\/100 frz|[from] move: Infestation|[partiallytrapped]\n|upkeep\n|turn|10\n|\n|t:|1700555305\n|cant|p1a: gawd|frz\n|move|p2a: The Fortress|Toxic Spikes|p1a: gawd\n|-sidestart|p1: KrissyWasTaken|move: Toxic Spikes\n|\n|-heal|p2a: The Fortress|100\/100|[from] item: Leftovers\n|-damage|p1a: gawd|61\/100 frz|[from] move: Infestation|[partiallytrapped]\n|upkeep\n|turn|11\n|\n|t:|1700555308\n|cant|p1a: gawd|frz\n|move|p2a: The Fortress|Toxic Spikes|p1a: gawd\n|-sidestart|p1: KrissyWasTaken|move: Toxic Spikes\n|\n|-damage|p1a: gawd|48\/100 frz|[from] move: Infestation|[partiallytrapped]\n|upkeep\n|turn|12\n|\n|t:|1700555311\n|switch|p2a: Gholdengo|Gholdengo|100\/100\n|-damage|p2a: Gholdengo|94\/100|[from] Stealth Rock\n|cant|p1a: gawd|frz\n|\n|-end|p1a: gawd|Infestation|[partiallytrapped]|[silent]\n|upkeep\n|turn|13\n|\n|t:|1700555320\n|cant|p1a: gawd|frz\n|move|p2a: Gholdengo|Nasty Plot|p2a: Gholdengo\n|-boost|p2a: Gholdengo|spa|2\n|\n|upkeep\n|turn|14\n|\n|t:|1700555327\n|switch|p2a: The Frustration|Blissey, F|100\/100\n|-damage|p2a: The Frustration|88\/100|[from] Stealth Rock\n|cant|p1a: gawd|frz\n|\n|-heal|p2a: The Frustration|94\/100|[from] item: Leftovers\n|upkeep\n|turn|15\n|\n|t:|1700555335\n|cant|p1a: gawd|frz\n|move|p2a: The Frustration|Ice Beam|p1a: gawd\n|-damage|p1a: gawd|34\/100 frz\n|\n|-heal|p2a: The Frustration|99\/100|[from] item: Leftovers\n|upkeep\n|turn|16\n|\n|t:|1700555338\n|cant|p1a: gawd|frz\n|move|p2a: The Frustration|Ice Beam|p1a: gawd\n|-damage|p1a: gawd|20\/100 frz\n|\n|-heal|p2a: The Frustration|100\/100|[from] item: Leftovers\n|upkeep\n|turn|17\n|\n|t:|1700555340\n|-curestatus|p1a: gawd|frz|[msg]\n|move|p1a: gawd|Extreme Speed|p2a: The Frustration\n|-damage|p2a: The Frustration|0 fnt\n|faint|p2a: The Frustration\n|-damage|p1a: gawd|10\/100|[from] item: Life Orb\n|\n|upkeep\n|\n|t:|1700555343\n|switch|p2a: Gholdengo|Gholdengo|94\/100\n|-damage|p2a: Gholdengo|88\/100|[from] Stealth Rock\n|turn|18\n|\n|t:|1700555349\n|move|p1a: gawd|Shadow Claw|p2a: Gholdengo\n|-supereffective|p2a: Gholdengo\n|-damage|p2a: Gholdengo|22\/100\n|-damage|p1a: gawd|0 fnt|[from] item: Life Orb\n|faint|p1a: gawd\n|move|p2a: Gholdengo|Make It Rain|p1: gawd|[notarget]\n|-fail|p2a: Gholdengo\n|\n|upkeep\n|\n|t:|1700555358\n|switch|p1a: thund are us|Grimmsnarl, M|100\/100\n|-status|p1a: thund are us|tox\n|turn|19\n|\n|t:|1700555363\n|move|p1a: thund are us|Light Screen|p1a: thund are us\n|-sidestart|p1: KrissyWasTaken|move: Light Screen\n|move|p2a: Gholdengo|Make It Rain|p1a: thund are us\n|-supereffective|p1a: thund are us\n|-damage|p1a: thund are us|37\/100 tox\n|-unboost|p2a: Gholdengo|spa|1\n|\n|-damage|p1a: thund are us|30\/100 tox|[from] psn\n|upkeep\n|turn|20\n|\n|t:|1700555368\n|move|p1a: thund are us|Reflect|p1a: thund are us\n|-sidestart|p1: KrissyWasTaken|Reflect\n|move|p2a: Gholdengo|Make It Rain|p1a: thund are us\n|-supereffective|p1a: thund are us\n|-damage|p1a: thund are us|0 fnt\n|-unboost|p2a: Gholdengo|spa|1\n|faint|p1a: thund are us\n|\n|upkeep\n|\n|t:|1700555373\n|switch|p1a: Zachian|Eternatus|100\/100\n|-sideend|p1: KrissyWasTaken|move: Toxic Spikes|[of] p1a: Zachian\n|-ability|p1a: Zachian|Pressure\n|turn|21\n|\n|t:|1700555378\n|switch|p2a: The Fortress|Toxapex, F|100\/100\n|-damage|p2a: The Fortress|88\/100|[from] Stealth Rock\n|move|p1a: Zachian|Dynamax Cannon|p2a: The Fortress\n|-damage|p2a: The Fortress|36\/100\n|-damage|p1a: Zachian|91\/100|[from] item: Life Orb\n|\n|-heal|p2a: The Fortress|42\/100|[from] item: Leftovers\n|upkeep\n|turn|22\n|\n|t:|1700555384\n|move|p2a: The Fortress|Baneful Bunker|p2a: The Fortress\n|-singleturn|p2a: The Fortress|move: Protect\n|move|p1a: Zachian|Dynamax Cannon|p2a: The Fortress\n|-activate|p2a: The Fortress|move: Protect\n|\n|-heal|p2a: The Fortress|48\/100|[from] item: Leftovers\n|upkeep\n|turn|23\n|\n|t:|1700555396\n|switch|p2a: Gholdengo|Gholdengo|22\/100\n|-damage|p2a: Gholdengo|16\/100|[from] Stealth Rock\n|move|p1a: Zachian|Dynamax Cannon|p2a: Gholdengo\n|-resisted|p2a: Gholdengo\n|-damage|p2a: Gholdengo|0 fnt\n|faint|p2a: Gholdengo\n|-damage|p1a: Zachian|81\/100|[from] item: Life Orb\n|\n|upkeep\n|\n|t:|1700555403\n|switch|p2a: The Fortress|Toxapex, F|82\/100\n|-damage|p2a: The Fortress|69\/100|[from] Stealth Rock\n|turn|24\n|\n|t:|1700555409\n|move|p1a: Zachian|Recover|p1a: Zachian\n|-heal|p1a: Zachian|100\/100\n|move|p2a: The Fortress|Infestation|p1a: Zachian\n|-resisted|p1a: Zachian\n|-damage|p1a: Zachian|99\/100\n|-activate|p1a: Zachian|move: Infestation|[of] p2a: The Fortress\n|\n|-heal|p2a: The Fortress|75\/100|[from] item: Leftovers\n|-damage|p1a: Zachian|88\/100|[from] move: Infestation|[partiallytrapped]\n|upkeep\n|turn|25\n|\n|t:|1700555415\n|move|p1a: Zachian|Dynamax Cannon|p2a: The Fortress\n|-damage|p2a: The Fortress|26\/100\n|-damage|p1a: Zachian|78\/100|[from] item: Life Orb\n|move|p2a: The Fortress|Toxic Spikes|p1a: Zachian\n|-sidestart|p1: KrissyWasTaken|move: Toxic Spikes\n|\n|-heal|p2a: The Fortress|32\/100|[from] item: Leftovers\n|-damage|p1a: Zachian|65\/100|[from] move: Infestation|[partiallytrapped]\n|upkeep\n|turn|26\n|\n|t:|1700555420\n|move|p2a: The Fortress|Baneful Bunker|p2a: The Fortress\n|-singleturn|p2a: The Fortress|move: Protect\n|move|p1a: Zachian|Recover|p1a: Zachian\n|-heal|p1a: Zachian|100\/100\n|\n|-heal|p2a: The Fortress|38\/100|[from] item: Leftovers\n|-damage|p1a: Zachian|88\/100|[from] move: Infestation|[partiallytrapped]\n|-sideend|p1: KrissyWasTaken|move: Light Screen\n|upkeep\n|turn|27\n|\n|t:|1700555427\n|switch|p2a: Thats you|Ditto|100\/100\n|-damage|p2a: Thats you|88\/100|[from] Stealth Rock\n|-transform|p2a: Thats you|p1a: Zachian|[from] ability: Imposter\n|-ability|p2a: Thats you|Pressure\n|move|p1a: Zachian|Dynamax Cannon|p2a: Thats you\n|-supereffective|p2a: Thats you\n|-damage|p2a: Thats you|0 fnt\n|faint|p2a: Thats you\n|-damage|p1a: Zachian|78\/100|[from] item: Life Orb\n|\n|-end|p1a: Zachian|Infestation|[partiallytrapped]|[silent]\n|-sideend|p1: KrissyWasTaken|Reflect\n|upkeep\n|\n|t:|1700555434\n|switch|p2a: The Villain|Scovillain, F|100\/100\n|-damage|p2a: The Villain|76\/100|[from] Stealth Rock\n|turn|28\n|\n|t:|1700555437\n|move|p1a: Zachian|Sludge Bomb|p2a: The Villain\n|-supereffective|p2a: The Villain\n|-damage|p2a: The Villain|0 fnt\n|faint|p2a: The Villain\n|-damage|p1a: Zachian|68\/100|[from] item: Life Orb\n|\n|upkeep\n|\n|t:|1700555439\n|switch|p2a: The Fortress|Toxapex, F|71\/100\n|-damage|p2a: The Fortress|59\/100|[from] Stealth Rock\n|turn|29\n|-message|oosugsagnjkd forfeited.\n|\n|win|KrissyWasTaken\n|raw|KrissyWasTaken's rating: 1483 &rarr; <strong>1502<\/strong><br \/>(+19 for winning)\n|raw|oosugsagnjkd's rating: 1466 &rarr; <strong>1447<\/strong><br \/>(-19 for losing)\n|l|\u2606oosugsagnjkd\n|c|\u2606KrissyWasTaken|gg\n|l|\u2606KrissyWasTaken\n","uploadtime":1700555512,"views":1,"p1id":"krissywastaken","p2id":"oosugsagnjkd","formatid":"gen9anythinggoes","rating":1447,"private":0,"password":""}