{"id":"gen9anythinggoes-1978465904","p1":"Azrael_Meowscarada","p2":"Sheep Liver","format":"[Gen 9] Anything Goes","log":"|j|\u2606Azrael_Meowscarada\n|j|\u2606Sheep Liver\n|t:|1698542554\n|gametype|singles\n|player|p1|Azrael_Meowscarada|turo-ai|\n|player|p2|Sheep Liver|sonia-masters|\n|teamsize|p1|6\n|teamsize|p2|6\n|gen|9\n|tier|[Gen 9] Anything Goes\n|rule|HP Percentage Mod: HP is shown in percentages\n|rule|Endless Battle Clause: Forcing endless battles is banned\n|clearpoke\n|poke|p1|Calyrex-Shadow|\n|poke|p1|Zacian-*|\n|poke|p1|Ogerpon-Hearthflame, F|\n|poke|p1|Arceus-Dark|\n|poke|p1|Miraidon|\n|poke|p1|Tornadus, M|\n|poke|p2|Calyrex-Shadow|\n|poke|p2|Chien-Pao|\n|poke|p2|Zacian-*|\n|poke|p2|Volcarona, F|\n|poke|p2|Miraidon|\n|poke|p2|Annihilape, F|\n|teampreview\n|inactive|Battle timer is ON: inactive players will automatically lose when time's up. (requested by Sheep Liver)\n|inactive|Sheep Liver has 270 seconds left.\n|\n|t:|1698542595\n|start\n|switch|p1a: Tornadus|Tornadus, M|100\/100\n|switch|p2a: Zacian|Zacian-Crowned|100\/100\n|-ability|p2a: Zacian|Intrepid Sword|boost\n|-boost|p2a: Zacian|atk|1\n|turn|1\n|\n|t:|1698542623\n|move|p1a: Tornadus|Tailwind|p1a: Tornadus\n|-sidestart|p1: Azrael_Meowscarada|move: Tailwind\n|move|p2a: Zacian|Play Rough|p1a: Tornadus\n|-damage|p1a: Tornadus|0 fnt\n|faint|p1a: Tornadus\n|\n|upkeep\n|inactive|Azrael_Meowscarada has 270 seconds left.\n|\n|t:|1698542670\n|switch|p1a: Hestia|Ogerpon-Hearthflame, F|100\/100\n|-ability|p1a: Hestia|Mold Breaker\n|turn|2\n|\n|t:|1698542678\n|-terastallize|p1a: Hestia|Fire\n|detailschange|p1a: Hestia|Ogerpon-Hearthflame-Tera, F, tera:Fire\n|-ability|p1a: Hestia|Embody Aspect (Hearthflame)|boost\n|-boost|p1a: Hestia|atk|1\n|move|p1a: Hestia|Ivy Cudgel|p2a: Zacian\n|-supereffective|p2a: Zacian\n|-damage|p2a: Zacian|0 fnt\n|faint|p2a: Zacian\n|\n|upkeep\n|c|\u2606Sheep Liver|whuht\n|inactive|Sheep Liver has 270 seconds left.\n|\n|t:|1698542719\n|switch|p2a: Calyrex|Calyrex-Shadow|100\/100\n|-ability|p2a: Calyrex|As One\n|-ability|p2a: Calyrex|Unnerve\n|turn|3\n|inactive|Sheep Liver has 240 seconds left.\n|\n|t:|1698542746\n|-terastallize|p2a: Calyrex|Ghost\n|move|p1a: Hestia|Ivy Cudgel|p2a: Calyrex\n|-enditem|p2a: Calyrex|Focus Sash\n|-damage|p2a: Calyrex|1\/100\n|move|p2a: Calyrex|Astral Barrage|p1a: Hestia\n|-damage|p1a: Hestia|0 fnt\n|faint|p1a: Hestia\n|-ability|p2a: Calyrex|Grim Neigh|boost\n|-boost|p2a: Calyrex|spa|1\n|\n|upkeep\n|c|\u2606Sheep Liver|oh.\n|c|\u2606Sheep Liver|tailwind.\n|inactive|Azrael_Meowscarada has 270 seconds left.\n|\n|t:|1698542761\n|switch|p1a: Apocalypse|Calyrex-Shadow|100\/100\n|-ability|p1a: Apocalypse|As One\n|-ability|p1a: Apocalypse|Unnerve\n|turn|4\n|\n|t:|1698542771\n|move|p1a: Apocalypse|Psyshock|p2a: Calyrex\n|-damage|p2a: Calyrex|0 fnt\n|faint|p2a: Calyrex\n|-ability|p1a: Apocalypse|Grim Neigh|boost\n|-boost|p1a: Apocalypse|spa|1\n|\n|-sideend|p1: Azrael_Meowscarada|move: Tailwind\n|upkeep\n|\n|t:|1698542778\n|switch|p2a: Miraidon|Miraidon|100\/100\n|-fieldstart|move: Electric Terrain|[from] ability: Hadron Engine|[of] p2a: Miraidon\n|turn|5\n|\n|t:|1698542783\n|move|p2a: Miraidon|Electro Drift|p1a: Apocalypse\n|-damage|p1a: Apocalypse|22\/100\n|move|p1a: Apocalypse|Astral Barrage|p2a: Miraidon\n|-damage|p2a: Miraidon|0 fnt\n|faint|p2a: Miraidon\n|-ability|p1a: Apocalypse|Grim Neigh|boost\n|-boost|p1a: Apocalypse|spa|1\n|\n|upkeep\n|\n|t:|1698542790\n|switch|p2a: Chien-Pao|Chien-Pao|100\/100\n|-ability|p2a: Chien-Pao|Sword of Ruin\n|turn|6\n|\n|t:|1698542796\n|move|p2a: Chien-Pao|Swords Dance|p2a: Chien-Pao\n|-boost|p2a: Chien-Pao|atk|2\n|move|p1a: Apocalypse|Astral Barrage|p2a: Chien-Pao\n|-resisted|p2a: Chien-Pao\n|-damage|p2a: Chien-Pao|0 fnt\n|faint|p2a: Chien-Pao\n|-ability|p1a: Apocalypse|Grim Neigh|boost\n|-boost|p1a: Apocalypse|spa|1\n|\n|upkeep\n|c|\u2606Sheep Liver|oh\n|\n|t:|1698542802\n|switch|p2a: Annihilape|Annihilape, F|100\/100\n|turn|7\n|c|\u2606Sheep Liver|shit\n|\n|t:|1698542806\n|move|p2a: Annihilape|Protect|p2a: Annihilape\n|-singleturn|p2a: Annihilape|Protect\n|move|p1a: Apocalypse|Astral Barrage|p2a: Annihilape\n|-activate|p2a: Annihilape|move: Protect\n|\n|upkeep\n|turn|8\n|c|\u2606Sheep Liver|ggs\n|\n|t:|1698542816\n|move|p1a: Apocalypse|Astral Barrage|p2a: Annihilape\n|-supereffective|p2a: Annihilape\n|-damage|p2a: Annihilape|0 fnt\n|faint|p2a: Annihilape\n|-ability|p1a: Apocalypse|Grim Neigh|boost\n|-boost|p1a: Apocalypse|spa|1\n|\n|upkeep\n|\n|t:|1698542819\n|switch|p2a: Volcarona|Volcarona, F|100\/100\n|turn|9\n|\n|t:|1698542824\n|move|p1a: Apocalypse|Astral Barrage|p2a: Volcarona\n|-damage|p2a: Volcarona|0 fnt\n|faint|p2a: Volcarona\n|\n|win|Azrael_Meowscarada\n|c|\u2606Azrael_Meowscarada|Gg\n","uploadtime":1698542897,"views":9,"p1id":"azraelmeowscarada","p2id":"sheepliver","formatid":"gen9anythinggoes","rating":0,"private":0,"password":""}