{"id":"gen9anythinggoes-1988050347","p1":"Mr.simplover","p2":"Finn_underscore","format":"[Gen 9] Anything Goes","log":"|j|\u2606Mr.simplover\n|j|\u2606Finn_underscore\n|t:|1699663449\n|gametype|singles\n|player|p1|Mr.simplover|cynthia|\n|player|p2|Finn_underscore|pokemaniac|\n|teamsize|p1|6\n|teamsize|p2|6\n|gen|9\n|tier|[Gen 9] Anything Goes\n|rule|HP Percentage Mod: HP is shown in percentages\n|rule|Endless Battle Clause: Forcing endless battles is banned\n|clearpoke\n|poke|p1|Glimmora, M|\n|poke|p1|Drednaw, F|\n|poke|p1|Pelipper, F|\n|poke|p1|Iron Valiant|\n|poke|p1|Roaring Moon|\n|poke|p1|Gastrodon, F|\n|poke|p2|Baxcalibur, M|\n|poke|p2|Rabsca, F|\n|poke|p2|Iron Hands|\n|poke|p2|Azumarill, F|\n|poke|p2|Camerupt, F|\n|poke|p2|Dudunsparce-*, F|\n|teampreview\n|\n|t:|1699663479\n|start\n|switch|p1a: Glimmora|Glimmora, M|100\/100\n|switch|p2a: patty cake|Iron Hands|100\/100\n|-enditem|p2a: patty cake|Booster Energy\n|-activate|p2a: patty cake|ability: Quark Drive|[fromitem]\n|-start|p2a: patty cake|quarkdriveatk\n|turn|1\n|\n|t:|1699663491\n|switch|p1a: Pelipper|Pelipper, F|100\/100\n|-weather|RainDance|[from] ability: Drizzle|[of] p1a: Pelipper\n|move|p2a: patty cake|Close Combat|p1a: Pelipper\n|-resisted|p1a: Pelipper\n|-damage|p1a: Pelipper|51\/100\n|-unboost|p2a: patty cake|def|1\n|-unboost|p2a: patty cake|spd|1\n|\n|-weather|RainDance|[upkeep]\n|upkeep\n|turn|2\n|\n|t:|1699663504\n|move|p1a: Pelipper|Weather Ball|p2a: patty cake\n|-damage|p2a: patty cake|12\/100\n|move|p2a: patty cake|Thunder Punch|p1a: Pelipper\n|-supereffective|p1a: Pelipper\n|-enditem|p1a: Pelipper|Wacan Berry|[eat]\n|-enditem|p1a: Pelipper|Wacan Berry|[weaken]\n|-damage|p1a: Pelipper|0 fnt\n|faint|p1a: Pelipper\n|\n|-weather|RainDance|[upkeep]\n|upkeep\n|\n|t:|1699663508\n|switch|p1a: Gastrodon|Gastrodon, F|100\/100\n|turn|3\n|\n|t:|1699663538\n|move|p2a: patty cake|Close Combat|p1a: Gastrodon\n|-damage|p1a: Gastrodon|0 fnt\n|-unboost|p2a: patty cake|def|1\n|-unboost|p2a: patty cake|spd|1\n|faint|p1a: Gastrodon\n|\n|-weather|RainDance|[upkeep]\n|upkeep\n|\n|t:|1699663541\n|switch|p1a: Glimmora|Glimmora, M|100\/100\n|turn|4\n|\n|t:|1699663552\n|move|p1a: Glimmora|Dazzling Gleam|p2a: patty cake\n|-supereffective|p2a: patty cake\n|-damage|p2a: patty cake|0 fnt\n|faint|p2a: patty cake\n|-end|p2a: patty cake|Quark Drive|[silent]\n|\n|-weather|RainDance|[upkeep]\n|upkeep\n|\n|t:|1699663564\n|switch|p2a: *explosion sfx*|Camerupt, F|100\/100\n|turn|5\n|\n|t:|1699663578\n|move|p1a: Glimmora|Spiky Shield|p1a: Glimmora\n|-singleturn|p1a: Glimmora|move: Protect\n|move|p2a: *explosion sfx*|Earth Power|p1a: Glimmora\n|-activate|p1a: Glimmora|move: Protect\n|\n|-weather|none\n|upkeep\n|turn|6\n|\n|t:|1699663587\n|switch|p1a: Drednaw|Drednaw, F|100\/100\n|move|p2a: *explosion sfx*|Earth Power|p1a: Drednaw\n|-supereffective|p1a: Drednaw\n|-damage|p1a: Drednaw|0 fnt\n|faint|p1a: Drednaw\n|\n|upkeep\n|\n|t:|1699663589\n|switch|p1a: Glimmora|Glimmora, M|100\/100\n|turn|7\n|\n|t:|1699663597\n|move|p1a: Glimmora|Sludge Wave|p2a: *explosion sfx*\n|-resisted|p2a: *explosion sfx*\n|-damage|p2a: *explosion sfx*|78\/100\n|move|p2a: *explosion sfx*|Earth Power|p1a: Glimmora\n|-supereffective|p1a: Glimmora\n|-damage|p1a: Glimmora|0 fnt\n|faint|p1a: Glimmora\n|\n|upkeep\n|\n|t:|1699663600\n|switch|p1a: Iron Valiant|Iron Valiant|100\/100\n|turn|8\n|\n|t:|1699663618\n|move|p1a: Iron Valiant|Brick Break|p2a: *explosion sfx*\n|-damage|p2a: *explosion sfx*|3\/100\n|move|p2a: *explosion sfx*|Earth Power|p1a: Iron Valiant\n|-damage|p1a: Iron Valiant|18\/100\n|\n|upkeep\n|turn|9\n|\n|t:|1699663636\n|move|p1a: Iron Valiant|Brick Break|p2a: *explosion sfx*\n|-damage|p2a: *explosion sfx*|0 fnt\n|faint|p2a: *explosion sfx*\n|\n|upkeep\n|\n|t:|1699663654\n|switch|p2a: w\u0153rm|Dudunsparce, F, shiny|100\/100\n|turn|10\n|\n|t:|1699663661\n|-terastallize|p2a: w\u0153rm|Poison\n|move|p1a: Iron Valiant|Brick Break|p2a: w\u0153rm\n|-resisted|p2a: w\u0153rm\n|-damage|p2a: w\u0153rm|74\/100\n|move|p2a: w\u0153rm|Poison Jab|p1a: Iron Valiant\n|-supereffective|p1a: Iron Valiant\n|-damage|p1a: Iron Valiant|0 fnt\n|faint|p1a: Iron Valiant\n|-end|p1a: Iron Valiant|Quark Drive|[silent]\n|\n|-heal|p2a: w\u0153rm|80\/100|[from] item: Leftovers\n|upkeep\n|\n|t:|1699663665\n|switch|p1a: Roaring Moon|Roaring Moon|100\/100\n|-enditem|p1a: Roaring Moon|Booster Energy\n|-activate|p1a: Roaring Moon|ability: Protosynthesis|[fromitem]\n|-start|p1a: Roaring Moon|protosynthesisatk\n|turn|11\n|\n|t:|1699663682\n|move|p1a: Roaring Moon|Earthquake|p2a: w\u0153rm\n|-supereffective|p2a: w\u0153rm\n|-damage|p2a: w\u0153rm|0 fnt\n|faint|p2a: w\u0153rm\n|\n|upkeep\n|\n|t:|1699663695\n|switch|p2a: Jack|Baxcalibur, M|100\/100\n|turn|12\n|\n|t:|1699663701\n|move|p1a: Roaring Moon|Dragon Claw|p2a: Jack\n|-supereffective|p2a: Jack\n|-crit|p2a: Jack\n|-damage|p2a: Jack|0 fnt\n|faint|p2a: Jack\n|\n|upkeep\n|\n|t:|1699663711\n|switch|p2a: roach|Rabsca, F|100\/100\n|turn|13\n|\n|t:|1699663719\n|move|p1a: Roaring Moon|Acrobatics|p2a: roach\n|-supereffective|p2a: roach\n|-enditem|p2a: roach|Focus Sash\n|-damage|p2a: roach|1\/100\n|move|p2a: roach|Revival Blessing|p2a: roach\n|inactive|Battle timer is ON: inactive players will automatically lose when time's up. (requested by Mr.simplover)\n|\n|t:|1699663779\n|-heal|p2: Jack|50\/100|[from] move: Revival Blessing\n|\n|upkeep\n|turn|14\n|\n|t:|1699663786\n|move|p1a: Roaring Moon|Acrobatics|p2a: roach\n|-supereffective|p2a: roach\n|-damage|p2a: roach|0 fnt\n|faint|p2a: roach\n|\n|upkeep\n|\n|t:|1699663792\n|switch|p2a: Mizu|Azumarill, F|100\/100\n|turn|15\n|\n|t:|1699663802\n|move|p1a: Roaring Moon|Acrobatics|p2a: Mizu\n|-damage|p2a: Mizu|43\/100\n|move|p2a: Mizu|Play Rough|p1a: Roaring Moon|[miss]\n|-miss|p2a: Mizu|p1a: Roaring Moon\n|\n|-heal|p2a: Mizu|49\/100|[from] item: Leftovers\n|upkeep\n|turn|16\n|\n|t:|1699663818\n|move|p1a: Roaring Moon|Acrobatics|p2a: Mizu\n|-damage|p2a: Mizu|0 fnt\n|faint|p2a: Mizu\n|\n|upkeep\n|\n|t:|1699663823\n|switch|p2a: Jack|Baxcalibur, M|50\/100\n|turn|17\n|\n|t:|1699663834\n|move|p1a: Roaring Moon|Dragon Claw|p2a: Jack\n|-supereffective|p2a: Jack\n|-damage|p2a: Jack|0 fnt\n|faint|p2a: Jack\n|\n|win|Mr.simplover\n|l|\u2606Mr.simplover\n|l|\u2606Finn_underscore\n|j|\u2606Finn_underscore\n|player|p2|Finn_underscore|pokemaniac\n","uploadtime":1699663870,"views":36,"p1id":"mrsimplover","p2id":"finnunderscore","formatid":"gen9anythinggoes","rating":0,"private":0,"password":""}