{"id":"gen9anythinggoes-1997347175","p1":"jeff8675309","p2":"YIPPEEEEEEEE","format":"[Gen 9] Anything Goes","log":"|j|\u2606jeff8675309\n|j|\u203dYIPPEEEEEEEE\n|t:|1700792377\n|gametype|singles\n|player|p1|jeff8675309|rosa|1149\n|player|p2|YIPPEEEEEEEE|cynthia|1215\n|teamsize|p1|6\n|teamsize|p2|6\n|gen|9\n|tier|[Gen 9] Anything Goes\n|rated|\n|rule|HP Percentage Mod: HP is shown in percentages\n|rule|Endless Battle Clause: Forcing endless battles is banned\n|clearpoke\n|poke|p1|Samurott-Hisui, M|\n|poke|p1|Vikavolt, F|\n|poke|p1|Skeledirge, F|\n|poke|p1|Torkoal, F|\n|poke|p1|Roaring Moon|\n|poke|p1|Ogerpon-Hearthflame, F|\n|poke|p2|Eternatus|\n|poke|p2|Arcanine-Hisui, M|\n|poke|p2|Regieleki|\n|poke|p2|Walking Wake|\n|poke|p2|Gholdengo|\n|poke|p2|Roaring Moon|\n|teampreview\n|\n|t:|1700792385\n|start\n|switch|p1a: Samurott|Samurott-Hisui, M|100\/100\n|switch|p2a: Regieleki|Regieleki|100\/100\n|turn|1\n|\n|t:|1700792397\n|switch|p1a: Vikavolt|Vikavolt, F|100\/100\n|-terastallize|p2a: Regieleki|Electric\n|move|p2a: Regieleki|Thunder Cage|p1a: Vikavolt\n|-resisted|p1a: Vikavolt\n|-damage|p1a: Vikavolt|53\/100\n|-activate|p1a: Vikavolt|move: Thunder Cage|[of] p2a: Regieleki\n|-damage|p2a: Regieleki|91\/100|[from] item: Life Orb\n|\n|-damage|p1a: Vikavolt|40\/100|[from] move: Thunder Cage|[partiallytrapped]\n|upkeep\n|turn|2\n|\n|t:|1700792411\n|move|p2a: Regieleki|Volt Switch|p1a: Vikavolt\n|-resisted|p1a: Vikavolt\n|-damage|p1a: Vikavolt|3\/100\n|-enditem|p1a: Vikavolt|Aguav Berry|[eat]\n|-heal|p1a: Vikavolt|37\/100|[from] item: Aguav Berry\n|-damage|p2a: Regieleki|81\/100|[from] item: Life Orb\n|\n|t:|1700792419\n|switch|p2a: Arcanine|Arcanine-Hisui, M, shiny|100\/100|[from] Volt Switch\n|move|p1a: Vikavolt|Sticky Web|p2a: Arcanine\n|-sidestart|p2: YIPPEEEEEEEE|move: Sticky Web\n|\n|-end|p1a: Vikavolt|Thunder Cage|[partiallytrapped]|[silent]\n|upkeep\n|turn|3\n|\n|t:|1700792427\n|move|p1a: Vikavolt|Protect|p1a: Vikavolt\n|-singleturn|p1a: Vikavolt|Protect\n|move|p2a: Arcanine|Flare Blitz|p1a: Vikavolt\n|-activate|p1a: Vikavolt|move: Protect\n|\n|upkeep\n|turn|4\n|\n|t:|1700792434\n|move|p2a: Arcanine|Flare Blitz|p1a: Vikavolt\n|-supereffective|p1a: Vikavolt\n|-damage|p1a: Vikavolt|0 fnt\n|faint|p1a: Vikavolt\n|\n|upkeep\n|\n|t:|1700792439\n|switch|p1a: Samurott|Samurott-Hisui, M|100\/100\n|turn|5\n|\n|t:|1700792445\n|move|p1a: Samurott|Aqua Cutter|p2a: Arcanine\n|-supereffective|p2a: Arcanine\n|-crit|p2a: Arcanine\n|-damage|p2a: Arcanine|0 fnt\n|faint|p2a: Arcanine\n|\n|upkeep\n|\n|t:|1700792451\n|switch|p2a: Regieleki|Regieleki, tera:Electric|81\/100\n|-activate|p2a: Regieleki|move: Sticky Web\n|-unboost|p2a: Regieleki|spe|1\n|turn|6\n|\n|t:|1700792459\n|switch|p1a: Torkoal|Torkoal, F|100\/100\n|-weather|SunnyDay|[from] ability: Drought|[of] p1a: Torkoal\n|move|p2a: Regieleki|Thunderbolt|p1a: Torkoal\n|-damage|p1a: Torkoal|0 fnt\n|faint|p1a: Torkoal\n|-damage|p2a: Regieleki|71\/100|[from] item: Life Orb\n|\n|-weather|SunnyDay|[upkeep]\n|upkeep\n|n|\u2606YIPPEEEEEEEE|yippeeeeeeee\n|\n|t:|1700792469\n|switch|p1a: Ogerpon|Ogerpon-Hearthflame, F|100\/100\n|-ability|p1a: Ogerpon|Mold Breaker\n|turn|7\n|\n|t:|1700792475\n|move|p2a: Regieleki|Volt Switch|p1a: Ogerpon\n|-resisted|p1a: Ogerpon\n|-damage|p1a: Ogerpon|66\/100\n|-damage|p2a: Regieleki|61\/100|[from] item: Life Orb\n|\n|t:|1700792482\n|switch|p2a: Gholdengo|Gholdengo|100\/100|[from] Volt Switch\n|-activate|p2a: Gholdengo|move: Sticky Web\n|-unboost|p2a: Gholdengo|spe|1\n|move|p1a: Ogerpon|Ivy Cudgel|p2a: Gholdengo|[anim] Ivy Cudgel Fire\n|-supereffective|p2a: Gholdengo\n|-damage|p2a: Gholdengo|0 fnt\n|faint|p2a: Gholdengo\n|\n|-weather|SunnyDay|[upkeep]\n|upkeep\n|inactive|Battle timer is ON: inactive players will automatically lose when time's up. (requested by jeff8675309)\n|\n|t:|1700792494\n|switch|p2a: Walking Wake|Walking Wake|100\/100\n|-activate|p2a: Walking Wake|move: Sticky Web\n|-unboost|p2a: Walking Wake|spe|1\n|-activate|p2a: Walking Wake|ability: Protosynthesis\n|-start|p2a: Walking Wake|protosynthesisspa\n|turn|8\n|\n|t:|1700792502\n|move|p1a: Ogerpon|Horn Leech|p2a: Walking Wake\n|-damage|p2a: Walking Wake|58\/100\n|-heal|p1a: Ogerpon|88\/100|[from] drain|[of] p2a: Walking Wake\n|move|p2a: Walking Wake|Dragon Pulse|p1a: Ogerpon\n|-damage|p1a: Ogerpon|34\/100\n|\n|-weather|SunnyDay|[upkeep]\n|upkeep\n|turn|9\n|\n|t:|1700792512\n|move|p1a: Ogerpon|Horn Leech|p2a: Walking Wake\n|-damage|p2a: Walking Wake|8\/100\n|-heal|p1a: Ogerpon|60\/100|[from] drain|[of] p2a: Walking Wake\n|move|p2a: Walking Wake|Dragon Pulse|p1a: Ogerpon\n|-damage|p1a: Ogerpon|8\/100\n|\n|-weather|SunnyDay|[upkeep]\n|upkeep\n|turn|10\n|\n|t:|1700792521\n|move|p1a: Ogerpon|Horn Leech|p2a: Walking Wake\n|-crit|p2a: Walking Wake\n|-damage|p2a: Walking Wake|0 fnt\n|-heal|p1a: Ogerpon|12\/100|[from] drain|[of] p2a: Walking Wake\n|faint|p2a: Walking Wake\n|-end|p2a: Walking Wake|Protosynthesis|[silent]\n|\n|-weather|SunnyDay|[upkeep]\n|upkeep\n|\n|t:|1700792530\n|switch|p2a: Regieleki|Regieleki, tera:Electric|61\/100\n|-activate|p2a: Regieleki|move: Sticky Web\n|-unboost|p2a: Regieleki|spe|1\n|turn|11\n|\n|t:|1700792540\n|move|p1a: Ogerpon|Spiky Shield|p1a: Ogerpon\n|-singleturn|p1a: Ogerpon|move: Protect\n|move|p2a: Regieleki|Thunder Cage|p1a: Ogerpon\n|-activate|p1a: Ogerpon|move: Protect\n|\n|-weather|SunnyDay|[upkeep]\n|upkeep\n|turn|12\n|\n|t:|1700792552\n|move|p2a: Regieleki|Thunder Cage|p1a: Ogerpon\n|-resisted|p1a: Ogerpon\n|-damage|p1a: Ogerpon|0 fnt\n|faint|p1a: Ogerpon\n|-damage|p2a: Regieleki|51\/100|[from] item: Life Orb\n|\n|-weather|SunnyDay|[upkeep]\n|upkeep\n|\n|t:|1700792576\n|switch|p1a: Roaring Moon|Roaring Moon|100\/100\n|-activate|p1a: Roaring Moon|ability: Protosynthesis\n|-start|p1a: Roaring Moon|protosynthesisatk\n|turn|13\n|\n|t:|1700792586\n|move|p2a: Regieleki|Thunderbolt|p1a: Roaring Moon\n|-resisted|p1a: Roaring Moon\n|-damage|p1a: Roaring Moon|65\/100\n|-damage|p2a: Regieleki|41\/100|[from] item: Life Orb\n|move|p1a: Roaring Moon|Dragon Claw|p2a: Regieleki\n|-damage|p2a: Regieleki|0 fnt\n|faint|p2a: Regieleki\n|\n|-weather|none\n|-end|p1a: Roaring Moon|Protosynthesis\n|upkeep\n|-enditem|p1a: Roaring Moon|Booster Energy\n|-activate|p1a: Roaring Moon|ability: Protosynthesis|[fromitem]\n|-start|p1a: Roaring Moon|protosynthesisatk\n|\n|t:|1700792599\n|switch|p2a: Eternatus|Eternatus|100\/100\n|-activate|p2a: Eternatus|move: Sticky Web\n|-unboost|p2a: Eternatus|spe|1\n|-ability|p2a: Eternatus|Pressure\n|turn|14\n|\n|t:|1700792607\n|move|p1a: Roaring Moon|Dragon Claw|p2a: Eternatus\n|-supereffective|p2a: Eternatus\n|-damage|p2a: Eternatus|0 fnt\n|faint|p2a: Eternatus\n|\n|upkeep\n|inactive|YIPPEEEEEEEE has 120 seconds left.\n|c|\u2606YIPPEEEEEEEE|Go to hell stupid ass raoring moon of yours fucking one shotting everything i fucking have\n|c|\u2606YIPPEEEEEEEE|*roaring\n|c|\u2606YIPPEEEEEEEE|Bitch\n|-message|YIPPEEEEEEEE forfeited.\n|\n|win|jeff8675309\n|raw|jeff8675309's rating: 1149 &rarr; <strong>1179<\/strong><br \/>(+30 for winning)\n|raw|YIPPEEEEEEEE's rating: 1215 &rarr; <strong>1185<\/strong><br \/>(-30 for losing)\n|l|\u2606YIPPEEEEEEEE\n","uploadtime":1700792642,"views":0,"p1id":"jeff8675309","p2id":"yippeeeeeeee","formatid":"gen9anythinggoes","rating":1179,"private":0,"password":""}