{"id":"gen9anythinggoes-1973261915","p1":"Shinkki_Sann","p2":"MAFIA_JOKER","format":"[Gen 9] Anything Goes","log":"|j|\u2606Shinkki_Sann\n|j|\u2606MAFIA_JOKER\n|t:|1697945761\n|gametype|singles\n|player|p1|Shinkki_Sann|1|1139\n|player|p2|MAFIA_JOKER|170|1143\n|teamsize|p1|6\n|teamsize|p2|6\n|gen|9\n|tier|[Gen 9] Anything Goes\n|rated|\n|rule|HP Percentage Mod: HP is shown in percentages\n|rule|Endless Battle Clause: Forcing endless battles is banned\n|clearpoke\n|poke|p1|Lokix, F|\n|poke|p1|Flutter Mane|\n|poke|p1|Skuntank, F|\n|poke|p1|Skeledirge, F|\n|poke|p1|Hatterene, F|\n|poke|p1|Samurott-Hisui, M|\n|poke|p2|Dialga-Origin|\n|poke|p2|Palkia|\n|poke|p2|Rayquaza|\n|poke|p2|Giratina-Origin|\n|poke|p2|Miraidon|\n|poke|p2|Koraidon|\n|teampreview\n|c|\u2606Shinkki_Sann|Sigh\n|\n|t:|1697945772\n|start\n|switch|p1a: Kamen Rider|Lokix, F|100\/100\n|switch|p2a: Palkia|Palkia|100\/100\n|-ability|p2a: Palkia|Pressure\n|turn|1\n|\n|t:|1697945783\n|move|p1a: Kamen Rider|First Impression|p2a: Palkia\n|-damage|p2a: Palkia|70\/100\n|move|p2a: Palkia|Dragon Pulse|p1a: Kamen Rider\n|-damage|p1a: Kamen Rider|3\/100\n|\n|upkeep\n|turn|2\n|inactive|Battle timer is ON: inactive players will automatically lose when time's up. (requested by Shinkki_Sann)\n|\n|t:|1697945791\n|move|p1a: Kamen Rider|U-turn|p2a: Palkia\n|-damage|p2a: Palkia|36\/100\n|\n|t:|1697945798\n|switch|p1a: Hatterene|Hatterene, F|100\/100|[from] U-turn\n|move|p2a: Palkia|Dragon Pulse|p1a: Hatterene\n|-immune|p1a: Hatterene\n|\n|upkeep\n|turn|3\n|\n|t:|1697945805\n|move|p2a: Palkia|Waterfall|p1a: Hatterene\n|-damage|p1a: Hatterene|56\/100\n|move|p1a: Hatterene|Nuzzle|p2a: Palkia\n|-damage|p2a: Palkia|33\/100\n|-status|p2a: Palkia|par\n|\n|-heal|p1a: Hatterene|62\/100|[from] item: Leftovers\n|upkeep\n|turn|4\n|\n|t:|1697945816\n|move|p2a: Palkia|Dragon Pulse|p1a: Hatterene\n|-immune|p1a: Hatterene\n|move|p1a: Hatterene|Calm Mind|p1a: Hatterene\n|-boost|p1a: Hatterene|spa|1\n|-boost|p1a: Hatterene|spd|1\n|\n|-heal|p1a: Hatterene|69\/100|[from] item: Leftovers\n|upkeep\n|turn|5\n|\n|t:|1697945826\n|cant|p2a: Palkia|par\n|move|p1a: Hatterene|Calm Mind|p1a: Hatterene\n|-boost|p1a: Hatterene|spa|1\n|-boost|p1a: Hatterene|spd|1\n|\n|-heal|p1a: Hatterene|75\/100|[from] item: Leftovers\n|upkeep\n|turn|6\n|\n|t:|1697945835\n|move|p2a: Palkia|Draco Meteor|p1a: Hatterene\n|-immune|p1a: Hatterene\n|move|p1a: Hatterene|Calm Mind|p1a: Hatterene\n|-boost|p1a: Hatterene|spa|1\n|-boost|p1a: Hatterene|spd|1\n|\n|-heal|p1a: Hatterene|81\/100|[from] item: Leftovers\n|upkeep\n|turn|7\n|\n|t:|1697945850\n|switch|p2a: Giratina|Giratina-Origin|100\/100\n|move|p1a: Hatterene|Calm Mind|p1a: Hatterene\n|-boost|p1a: Hatterene|spa|1\n|-boost|p1a: Hatterene|spd|1\n|\n|-heal|p1a: Hatterene|87\/100|[from] item: Leftovers\n|upkeep\n|turn|8\n|\n|t:|1697945860\n|move|p2a: Giratina|Shadow Force||[still]\n|-prepare|p2a: Giratina|Shadow Force\n|move|p1a: Hatterene|Nuzzle|p2a: Giratina|[miss]\n|-miss|p1a: Hatterene|p2a: Giratina\n|\n|-heal|p1a: Hatterene|93\/100|[from] item: Leftovers\n|upkeep\n|turn|9\n|\n|t:|1697945868\n|move|p2a: Giratina|Shadow Force|p1a: Hatterene|[from]lockedmove\n|-supereffective|p1a: Hatterene\n|-damage|p1a: Hatterene|0 fnt\n|faint|p1a: Hatterene\n|\n|upkeep\n|c|\u2606Shinkki_Sann|Cool\n|\n|t:|1697945875\n|switch|p1a: Samurott|Samurott-Hisui, M|100\/100\n|turn|10\n|\n|t:|1697945880\n|move|p1a: Samurott|Knock Off|p2a: Giratina\n|-supereffective|p2a: Giratina\n|-damage|p2a: Giratina|58\/100\n|move|p2a: Giratina|Shadow Force||[still]\n|-prepare|p2a: Giratina|Shadow Force\n|\n|upkeep\n|turn|11\n|\n|t:|1697945893\n|switch|p1a: Skuntank|Skuntank, F|100\/100\n|move|p2a: Giratina|Shadow Force|p1a: Skuntank|[from]lockedmove\n|-resisted|p1a: Skuntank\n|-damage|p1a: Skuntank|74\/100\n|-damage|p2a: Giratina|42\/100|[from] item: Rocky Helmet|[of] p1a: Skuntank\n|\n|upkeep\n|turn|12\n|\n|t:|1697945907\n|switch|p2a: Palkia|Palkia|33\/100 par\n|-ability|p2a: Palkia|Pressure\n|move|p1a: Skuntank|Toxic Spikes|p2a: Palkia\n|-sidestart|p2: MAFIA_JOKER|move: Toxic Spikes\n|\n|upkeep\n|turn|13\n|\n|t:|1697945915\n|move|p1a: Skuntank|Toxic Spikes|p2a: Palkia\n|-sidestart|p2: MAFIA_JOKER|move: Toxic Spikes\n|move|p2a: Palkia|Dragon Pulse|p1a: Skuntank\n|-damage|p1a: Skuntank|21\/100\n|\n|upkeep\n|turn|14\n|\n|t:|1697945922\n|move|p1a: Skuntank|Poison Jab|p2a: Palkia\n|-damage|p2a: Palkia|15\/100 par\n|cant|p2a: Palkia|par\n|\n|upkeep\n|turn|15\n|\n|t:|1697945929\n|move|p1a: Skuntank|Poison Jab|p2a: Palkia\n|-damage|p2a: Palkia|0 fnt\n|faint|p2a: Palkia\n|\n|upkeep\n|\n|t:|1697945936\n|switch|p2a: Rayquaza|Rayquaza|100\/100\n|-ability|p2a: Rayquaza|Air Lock\n|turn|16\n|\n|t:|1697945947\n|move|p2a: Rayquaza|Dragon Pulse|p1a: Skuntank\n|-damage|p1a: Skuntank|0 fnt\n|faint|p1a: Skuntank\n|\n|upkeep\n|\n|t:|1697945953\n|switch|p1a: Flutter Mane|Flutter Mane|100\/100\n|turn|17\n|\n|t:|1697945958\n|move|p1a: Flutter Mane|Moonblast|p2a: Rayquaza\n|-supereffective|p2a: Rayquaza\n|-damage|p2a: Rayquaza|0 fnt\n|faint|p2a: Rayquaza\n|\n|upkeep\n|\n|t:|1697945967\n|switch|p2a: Dialga|Dialga-Origin|100\/100\n|-ability|p2a: Dialga|Pressure\n|turn|18\n|\n|t:|1697945977\n|-end|p1a: Flutter Mane|Protosynthesis|[silent]\n|switch|p1a: Samurott|Samurott-Hisui, M|100\/100\n|move|p2a: Dialga|Roar of Time|p1a: Samurott|[miss]\n|-miss|p2a: Dialga|p1a: Samurott\n|\n|upkeep\n|turn|19\n|\n|t:|1697945987\n|move|p1a: Samurott|Ceaseless Edge|p2a: Dialga|[miss]\n|-miss|p1a: Samurott|p2a: Dialga\n|move|p2a: Dialga|Roar of Time|p1a: Samurott\n|-enditem|p1a: Samurott|Focus Sash\n|-damage|p1a: Samurott|1\/100\n|-mustrecharge|p2a: Dialga\n|\n|upkeep\n|turn|20\n|\n|t:|1697945999\n|move|p1a: Samurott|Ceaseless Edge|p2a: Dialga\n|-damage|p2a: Dialga|70\/100\n|-sidestart|p2: MAFIA_JOKER|Spikes\n|cant|p2a: Dialga|recharge\n|\n|upkeep\n|turn|21\n|\n|t:|1697946008\n|move|p1a: Samurott|Ceaseless Edge|p2a: Dialga\n|-damage|p2a: Dialga|37\/100\n|-sidestart|p2: MAFIA_JOKER|Spikes\n|move|p2a: Dialga|Dragon Pulse|p1a: Samurott\n|-damage|p1a: Samurott|0 fnt\n|faint|p1a: Samurott\n|\n|upkeep\n|\n|t:|1697946014\n|switch|p1a: Skeledirge|Skeledirge, F|100\/100\n|turn|22\n|\n|t:|1697946021\n|move|p2a: Dialga|Roar of Time|p1a: Skeledirge|[miss]\n|-miss|p2a: Dialga|p1a: Skeledirge\n|move|p1a: Skeledirge|Earth Power|p2a: Dialga\n|-supereffective|p2a: Dialga\n|-damage|p2a: Dialga|4\/100\n|\n|upkeep\n|turn|23\n|\n|t:|1697946030\n|move|p2a: Dialga|Roar of Time|p1a: Skeledirge|[miss]\n|-miss|p2a: Dialga|p1a: Skeledirge\n|move|p1a: Skeledirge|Earth Power|p2a: Dialga\n|-supereffective|p2a: Dialga\n|-damage|p2a: Dialga|0 fnt\n|faint|p2a: Dialga\n|\n|upkeep\n|c|\u2606Shinkki_Sann|Why Bro\n|\n|t:|1697946041\n|switch|p2a: Giratina|Giratina-Origin|42\/100\n|turn|24\n|\n|t:|1697946047\n|move|p2a: Giratina|Shadow Force||[still]\n|-prepare|p2a: Giratina|Shadow Force\n|move|p1a: Skeledirge|Hex|p2a: Giratina|[miss]\n|-miss|p1a: Skeledirge|p2a: Giratina\n|\n|upkeep\n|turn|25\n|\n|t:|1697946054\n|switch|p1a: Kamen Rider|Lokix, F|3\/100\n|move|p2a: Giratina|Shadow Force|p1a: Kamen Rider|[from]lockedmove\n|-resisted|p1a: Kamen Rider\n|-damage|p1a: Kamen Rider|0 fnt\n|faint|p1a: Kamen Rider\n|\n|upkeep\n|\n|t:|1697946056\n|switch|p1a: Skeledirge|Skeledirge, F|100\/100\n|turn|26\n|\n|t:|1697946065\n|move|p2a: Giratina|Shadow Force||[still]\n|-prepare|p2a: Giratina|Shadow Force\n|move|p1a: Skeledirge|Will-O-Wisp|p2a: Giratina|[miss]\n|-miss|p1a: Skeledirge|p2a: Giratina\n|\n|upkeep\n|turn|27\n|\n|t:|1697946072\n|-terastallize|p1a: Skeledirge|Fire\n|move|p2a: Giratina|Shadow Force|p1a: Skeledirge|[from]lockedmove\n|-damage|p1a: Skeledirge|59\/100\n|move|p1a: Skeledirge|Will-O-Wisp|p2a: Giratina\n|-status|p2a: Giratina|brn\n|\n|-damage|p2a: Giratina|36\/100 brn|[from] brn\n|upkeep\n|turn|28\n|\n|t:|1697946084\n|move|p2a: Giratina|Shadow Force||[still]\n|-prepare|p2a: Giratina|Shadow Force\n|move|p1a: Skeledirge|Torch Song|p2a: Giratina|[miss]\n|-miss|p1a: Skeledirge|p2a: Giratina\n|\n|-damage|p2a: Giratina|30\/100 brn|[from] brn\n|upkeep\n|turn|29\n|\n|t:|1697946092\n|move|p2a: Giratina|Shadow Force|p1a: Skeledirge|[from]lockedmove\n|-damage|p1a: Skeledirge|39\/100\n|move|p1a: Skeledirge|Torch Song|p2a: Giratina\n|-resisted|p2a: Giratina\n|-damage|p2a: Giratina|16\/100 brn\n|-boost|p1a: Skeledirge|spa|1\n|\n|-damage|p2a: Giratina|10\/100 brn|[from] brn\n|upkeep\n|turn|30\n|\n|t:|1697946105\n|move|p2a: Giratina|Shadow Ball|p1a: Skeledirge\n|-damage|p1a: Skeledirge|0 fnt\n|faint|p1a: Skeledirge\n|\n|-damage|p2a: Giratina|3\/100 brn|[from] brn\n|upkeep\n|\n|t:|1697946107\n|switch|p1a: Flutter Mane|Flutter Mane|100\/100\n|turn|31\n|\n|t:|1697946115\n|move|p1a: Flutter Mane|Moonblast|p2a: Giratina\n|-supereffective|p2a: Giratina\n|-damage|p2a: Giratina|0 fnt\n|faint|p2a: Giratina\n|\n|upkeep\n|\n|t:|1697946122\n|switch|p2a: Koraidon|Koraidon|100\/100\n|-status|p2a: Koraidon|tox\n|-damage|p2a: Koraidon|84\/100 tox|[from] Spikes\n|-weather|SunnyDay|[from] ability: Orichalcum Pulse|[of] p2a: Koraidon\n|-activate|p1a: Flutter Mane|ability: Protosynthesis\n|-start|p1a: Flutter Mane|protosynthesisspa\n|-activate|p2a: Koraidon|Orichalcum Pulse|[source]\n|turn|32\n|\n|t:|1697946132\n|move|p1a: Flutter Mane|Moonblast|p2a: Koraidon\n|-supereffective|p2a: Koraidon\n|-damage|p2a: Koraidon|0 fnt\n|faint|p2a: Koraidon\n|\n|-weather|SunnyDay|[upkeep]\n|upkeep\n|\n|t:|1697946142\n|switch|p2a: Miraidon|Miraidon|100\/100\n|-status|p2a: Miraidon|tox\n|-damage|p2a: Miraidon|84\/100 tox|[from] Spikes\n|-fieldstart|move: Electric Terrain|[from] ability: Hadron Engine|[of] p2a: Miraidon\n|turn|33\n|c|\u2606Shinkki_Sann|Gave me the most powerful being there\n|\n|t:|1697946152\n|-terastallize|p2a: Miraidon|Electric\n|move|p1a: Flutter Mane|Moonblast|p2a: Miraidon\n|-damage|p2a: Miraidon|23\/100 tox\n|-unboost|p2a: Miraidon|spa|1\n|move|p2a: Miraidon|Electro Drift|p1a: Flutter Mane\n|-crit|p1a: Flutter Mane\n|-damage|p1a: Flutter Mane|0 fnt\n|faint|p1a: Flutter Mane\n|-end|p1a: Flutter Mane|Protosynthesis|[silent]\n|\n|win|MAFIA_JOKER\n|raw|Shinkki_Sann's rating: 1139 &rarr; <strong>1114<\/strong><br \/>(-25 for losing)\n|raw|MAFIA_JOKER's rating: 1143 &rarr; <strong>1168<\/strong><br \/>(+25 for winning)\n","uploadtime":1697946169,"views":9,"p1id":"shinkkisann","p2id":"mafiajoker","formatid":"gen9anythinggoes","rating":1114,"private":0,"password":""}