{"id":"gen9anythinggoes-1980306465","p1":"Nobody5063","p2":"Kalos Baroness","format":"[Gen 9] Anything Goes","log":"|j|\u2606Nobody5063\n|j|\u2606Kalos Baroness\n|t:|1698773993\n|gametype|singles\n|player|p1|Nobody5063|red|1369\n|player|p2|Kalos Baroness|evelyn|1489\n|teamsize|p1|6\n|teamsize|p2|6\n|gen|9\n|tier|[Gen 9] Anything Goes\n|rated|\n|rule|HP Percentage Mod: HP is shown in percentages\n|rule|Endless Battle Clause: Forcing endless battles is banned\n|clearpoke\n|poke|p1|Dondozo, M|\n|poke|p1|Great Tusk|\n|poke|p1|Dragapult, M|\n|poke|p1|Zacian-*|\n|poke|p1|Sneasler, M|\n|poke|p1|Cyclizar, F|\n|poke|p2|Ditto|\n|poke|p2|Wooper-Paldea, M|\n|poke|p2|Clodsire, M|\n|poke|p2|Arceus|\n|poke|p2|Eternatus|\n|poke|p2|Calyrex-Shadow|\n|teampreview\n|inactive|Battle timer is ON: inactive players will automatically lose when time's up. (requested by Nobody5063)\n|\n|t:|1698774002\n|start\n|switch|p1a: Dragapult|Dragapult, M|100\/100\n|switch|p2a: Gooper|Wooper-Paldea, M, shiny|100\/100\n|turn|1\n|\n|t:|1698774012\n|move|p1a: Dragapult|Dragon Dance|p1a: Dragapult\n|-boost|p1a: Dragapult|atk|1\n|-boost|p1a: Dragapult|spe|1\n|move|p2a: Gooper|Spikes|p1a: Dragapult\n|-sidestart|p1: Nobody5063|Spikes\n|\n|upkeep\n|turn|2\n|\n|t:|1698774018\n|move|p1a: Dragapult|Dragon Dance|p1a: Dragapult\n|-boost|p1a: Dragapult|atk|1\n|-boost|p1a: Dragapult|spe|1\n|move|p2a: Gooper|Yawn|p1a: Dragapult\n|-start|p1a: Dragapult|move: Yawn|[of] p2a: Gooper\n|\n|upkeep\n|turn|3\n|\n|t:|1698774024\n|move|p1a: Dragapult|Dragon Dance|p1a: Dragapult\n|-boost|p1a: Dragapult|atk|1\n|-boost|p1a: Dragapult|spe|1\n|move|p2a: Gooper|Spikes|p1a: Dragapult\n|-sidestart|p1: Nobody5063|Spikes\n|\n|-end|p1a: Dragapult|move: Yawn|[silent]\n|-status|p1a: Dragapult|slp\n|upkeep\n|turn|4\n|\n|t:|1698774033\n|cant|p1a: Dragapult|slp\n|move|p2a: Gooper|Spikes|p1a: Dragapult\n|-sidestart|p1: Nobody5063|Spikes\n|\n|upkeep\n|turn|5\n|\n|t:|1698774038\n|switch|p2a: Clod|Clodsire, M, shiny|100\/100\n|-curestatus|p1a: Dragapult|slp|[msg]\n|move|p1a: Dragapult|Dragon Darts|p2a: Clod\n|-damage|p2a: Clod|79\/100\n|-anim|p1a: Dragapult|Dragon Darts|p2a: Clod\n|-damage|p2a: Clod|57\/100\n|\n|-heal|p2a: Clod|63\/100|[from] item: Leftovers\n|upkeep\n|turn|6\n|\n|t:|1698774048\n|move|p1a: Dragapult|Phantom Force||[still]\n|-prepare|p1a: Dragapult|Phantom Force\n|move|p2a: Clod|Recover|p2a: Clod\n|-heal|p2a: Clod|100\/100\n|\n|upkeep\n|turn|7\n|\n|t:|1698774056\n|move|p1a: Dragapult|Phantom Force|p2a: Clod|[from]lockedmove\n|-damage|p2a: Clod|66\/100\n|move|p2a: Clod|Yawn|p1a: Dragapult\n|-start|p1a: Dragapult|move: Yawn|[of] p2a: Clod\n|\n|-heal|p2a: Clod|72\/100|[from] item: Leftovers\n|upkeep\n|turn|8\n|\n|t:|1698774064\n|move|p1a: Dragapult|Dragon Darts|p2a: Clod\n|-damage|p2a: Clod|49\/100\n|-anim|p1a: Dragapult|Dragon Darts|p2a: Clod\n|-damage|p2a: Clod|28\/100\n|move|p2a: Clod|Stealth Rock|p1a: Dragapult\n|-sidestart|p1: Nobody5063|move: Stealth Rock\n|\n|-heal|p2a: Clod|34\/100|[from] item: Leftovers\n|-end|p1a: Dragapult|move: Yawn|[silent]\n|-status|p1a: Dragapult|slp\n|upkeep\n|turn|9\n|\n|t:|1698774073\n|cant|p1a: Dragapult|slp\n|move|p2a: Clod|Earthquake|p1a: Dragapult\n|-damage|p1a: Dragapult|62\/100 slp\n|\n|-heal|p2a: Clod|40\/100|[from] item: Leftovers\n|upkeep\n|turn|10\n|\n|t:|1698774081\n|cant|p1a: Dragapult|slp\n|move|p2a: Clod|Recover|p2a: Clod\n|-heal|p2a: Clod|90\/100\n|\n|-heal|p2a: Clod|96\/100|[from] item: Leftovers\n|upkeep\n|turn|11\n|\n|t:|1698774088\n|-curestatus|p1a: Dragapult|slp|[msg]\n|move|p1a: Dragapult|Dragon Darts|p2a: Clod\n|-damage|p2a: Clod|76\/100\n|-anim|p1a: Dragapult|Dragon Darts|p2a: Clod\n|-crit|p2a: Clod\n|-damage|p2a: Clod|43\/100\n|move|p2a: Clod|Yawn|p1a: Dragapult\n|-start|p1a: Dragapult|move: Yawn|[of] p2a: Clod\n|\n|-heal|p2a: Clod|49\/100|[from] item: Leftovers\n|upkeep\n|turn|12\n|\n|t:|1698774100\n|move|p1a: Dragapult|Dragon Darts|p2a: Clod\n|-damage|p2a: Clod|25\/100\n|-anim|p1a: Dragapult|Dragon Darts|p2a: Clod\n|-crit|p2a: Clod\n|-damage|p2a: Clod|0 fnt\n|faint|p2a: Clod\n|\n|-end|p1a: Dragapult|move: Yawn|[silent]\n|-status|p1a: Dragapult|slp\n|upkeep\n|\n|t:|1698774110\n|switch|p2a: Death|Calyrex-Shadow|100\/100\n|-ability|p2a: Death|As One\n|-ability|p2a: Death|Unnerve\n|turn|13\n|\n|t:|1698774117\n|cant|p1a: Dragapult|slp\n|move|p2a: Death|Nasty Plot|p2a: Death\n|-boost|p2a: Death|spa|2\n|\n|upkeep\n|turn|14\n|\n|t:|1698774123\n|cant|p1a: Dragapult|slp\n|move|p2a: Death|Astral Barrage|p1a: Dragapult\n|-supereffective|p1a: Dragapult\n|-damage|p1a: Dragapult|0 fnt\n|faint|p1a: Dragapult\n|-ability|p2a: Death|Grim Neigh|boost\n|-boost|p2a: Death|spa|1\n|\n|upkeep\n|\n|t:|1698774126\n|switch|p1a: Dondozo|Dondozo, M|100\/100\n|-damage|p1a: Dondozo|76\/100|[from] Spikes\n|-damage|p1a: Dondozo|63\/100|[from] Stealth Rock\n|turn|15\n|\n|t:|1698774136\n|move|p2a: Death|Astral Barrage|p1a: Dondozo\n|-damage|p1a: Dondozo|4\/100\n|move|p1a: Dondozo|Yawn|p2a: Death\n|-start|p2a: Death|move: Yawn|[of] p1a: Dondozo\n|\n|-heal|p1a: Dondozo|10\/100|[from] item: Leftovers\n|upkeep\n|turn|16\n|\n|t:|1698774148\n|switch|p2a: Gooper|Wooper-Paldea, M, shiny|100\/100\n|move|p1a: Dondozo|Waterfall|p2a: Gooper\n|-immune|p2a: Gooper|[from] ability: Water Absorb\n|\n|-heal|p1a: Dondozo|16\/100|[from] item: Leftovers\n|upkeep\n|turn|17\n|\n|t:|1698774155\n|move|p1a: Dondozo|Yawn|p2a: Gooper\n|-start|p2a: Gooper|move: Yawn|[of] p1a: Dondozo\n|move|p2a: Gooper|Yawn|p1a: Dondozo\n|-start|p1a: Dondozo|move: Yawn|[of] p2a: Gooper\n|\n|-heal|p1a: Dondozo|22\/100|[from] item: Leftovers\n|upkeep\n|turn|18\n|\n|t:|1698774163\n|switch|p2a: Death|Calyrex-Shadow|100\/100\n|-ability|p2a: Death|As One\n|-ability|p2a: Death|Unnerve\n|move|p1a: Dondozo|Rest|p1a: Dondozo\n|-status|p1a: Dondozo|slp|[from] move: Rest\n|-heal|p1a: Dondozo|100\/100 slp|[silent]\n|\n|-end|p1a: Dondozo|move: Yawn|[silent]\n|upkeep\n|turn|19\n|\n|t:|1698774175\n|move|p2a: Death|Astral Barrage|p1a: Dondozo\n|-damage|p1a: Dondozo|41\/100 slp\n|cant|p1a: Dondozo|slp\n|\n|-heal|p1a: Dondozo|47\/100 slp|[from] item: Leftovers\n|upkeep\n|turn|20\n|\n|t:|1698774182\n|move|p2a: Death|Astral Barrage|p1a: Dondozo\n|-damage|p1a: Dondozo|0 fnt\n|faint|p1a: Dondozo\n|-ability|p2a: Death|Grim Neigh|boost\n|-boost|p2a: Death|spa|1\n|\n|upkeep\n|\n|t:|1698774189\n|switch|p1a: Zacian|Zacian-Crowned|100\/100\n|-damage|p1a: Zacian|76\/100|[from] Spikes\n|-damage|p1a: Zacian|69\/100|[from] Stealth Rock\n|-ability|p1a: Zacian|Intrepid Sword|boost\n|-boost|p1a: Zacian|atk|1\n|turn|21\n|\n|t:|1698774196\n|move|p2a: Death|Astral Barrage|p1a: Zacian\n|-damage|p1a: Zacian|0 fnt\n|faint|p1a: Zacian\n|-ability|p2a: Death|Grim Neigh|boost\n|-boost|p2a: Death|spa|1\n|\n|upkeep\n|\n|t:|1698774204\n|switch|p1a: Cyclizar|Cyclizar, F|100\/100\n|-damage|p1a: Cyclizar|76\/100|[from] Spikes\n|-damage|p1a: Cyclizar|63\/100|[from] Stealth Rock\n|turn|22\n|\n|t:|1698774209\n|move|p2a: Death|Psyshock|p1a: Cyclizar\n|-damage|p1a: Cyclizar|0 fnt\n|faint|p1a: Cyclizar\n|-ability|p2a: Death|Grim Neigh|boost\n|-boost|p2a: Death|spa|1\n|\n|upkeep\n|\n|t:|1698774212\n|switch|p1a: Great Tusk|Great Tusk|100\/100\n|-damage|p1a: Great Tusk|76\/100|[from] Spikes\n|-damage|p1a: Great Tusk|73\/100|[from] Stealth Rock\n|-enditem|p1a: Great Tusk|Booster Energy\n|-activate|p1a: Great Tusk|ability: Protosynthesis|[fromitem]\n|-start|p1a: Great Tusk|protosynthesisatk\n|turn|23\n|\n|t:|1698774220\n|move|p2a: Death|Psyshock|p1a: Great Tusk\n|-supereffective|p1a: Great Tusk\n|-damage|p1a: Great Tusk|0 fnt\n|faint|p1a: Great Tusk\n|-end|p1a: Great Tusk|Protosynthesis|[silent]\n|-ability|p2a: Death|Grim Neigh|boost\n|-boost|p2a: Death|spa|1\n|\n|upkeep\n|\n|t:|1698774222\n|switch|p1a: Sneasler|Sneasler, M|100\/100\n|-damage|p1a: Sneasler|76\/100|[from] Spikes\n|-damage|p1a: Sneasler|70\/100|[from] Stealth Rock\n|turn|24\n|\n|t:|1698774230\n|move|p1a: Sneasler|Fake Out|p2a: Death\n|-immune|p2a: Death\n|move|p2a: Death|Astral Barrage|p1a: Sneasler\n|-damage|p1a: Sneasler|0 fnt\n|faint|p1a: Sneasler\n|\n|win|Kalos Baroness\n|raw|Nobody5063's rating: 1369 &rarr; <strong>1356<\/strong><br \/>(-13 for losing)\n|raw|Kalos Baroness's rating: 1489 &rarr; <strong>1502<\/strong><br \/>(+13 for winning)\n|l|\u2606Nobody5063\n","uploadtime":1698774240,"views":5,"p1id":"nobody5063","p2id":"kalosbaroness","formatid":"gen9anythinggoes","rating":1356,"private":0,"password":""}