{"id":"gen9anythinggoes-1985336965","p1":"Squirtle Soldier","p2":"Emors","format":"[Gen 9] Anything Goes","log":"|j|\u2606Squirtle Soldier\n|j|\u2606Emors\n|t:|1699365843\n|gametype|singles\n|player|p1|Squirtle Soldier|2|1164\n|player|p2|Emors|firebreather|1188\n|teamsize|p1|6\n|teamsize|p2|6\n|gen|9\n|tier|[Gen 9] Anything Goes\n|rated|\n|rule|HP Percentage Mod: HP is shown in percentages\n|rule|Endless Battle Clause: Forcing endless battles is banned\n|clearpoke\n|poke|p1|Snorlax, F|\n|poke|p1|Grimmsnarl, M|\n|poke|p1|Slowbro-Galar, M|\n|poke|p1|Gengar, F|\n|poke|p1|Clefable, M|\n|poke|p1|Hatterene, F|\n|poke|p2|Ditto|\n|poke|p2|Ditto|\n|poke|p2|Ditto|\n|poke|p2|Ditto|\n|poke|p2|Ditto|\n|poke|p2|Ditto|\n|teampreview\n|inactive|Battle timer is ON: inactive players will automatically lose when time's up. (requested by Squirtle Soldier)\n|\n|t:|1699365851\n|start\n|switch|p1a: Grimmsnarl|Grimmsnarl, M|100\/100\n|switch|p2a: fortnite|Ditto|100\/100\n|-transform|p2a: fortnite|p1a: Grimmsnarl|[from] ability: Imposter\n|turn|1\n|c|\u2606Squirtle Soldier|LMAOOOO\n|\n|t:|1699365861\n|move|p1a: Grimmsnarl|Metronome|p1a: Grimmsnarl\n|move|p1a: Grimmsnarl|Blast Burn|p2a: fortnite|[from]move: Metronome\n|-hint|Since gen 7, Dark is immune to Prankster moves.\n|-immune|p2a: fortnite\n|move|p2a: fortnite|Metronome|p2a: fortnite\n|move|p2a: fortnite|Bitter Malice|p1a: Grimmsnarl|[from]move: Metronome\n|-hint|Since gen 7, Dark is immune to Prankster moves.\n|-immune|p1a: Grimmsnarl\n|\n|upkeep\n|turn|2\n|c|\u2606Squirtle Soldier|May the odds be ever in your favor\n|c|\u2606Emors|yup xdd\n|\n|t:|1699365885\n|move|p2a: fortnite|Metronome|p2a: fortnite\n|move|p2a: fortnite|Discharge|p1a: Grimmsnarl|[from]move: Metronome\n|-hint|Since gen 7, Dark is immune to Prankster moves.\n|-immune|p1a: Grimmsnarl\n|move|p1a: Grimmsnarl|Metronome|p1a: Grimmsnarl\n|move|p1a: Grimmsnarl|Rising Voltage|p2a: fortnite|[from]move: Metronome\n|-hint|Since gen 7, Dark is immune to Prankster moves.\n|-immune|p2a: fortnite\n|\n|upkeep\n|turn|3\n|c|\u2606Emors|this alr looks like fun xdd\n|\n|t:|1699365904\n|switch|p1a: Hatterene|Hatterene, F|100\/100\n|move|p2a: fortnite|Metronome|p2a: fortnite\n|move|p2a: fortnite|Last Resort||[from]move: Metronome|[still]\n|-fail|p2a: fortnite\n|\n|upkeep\n|turn|4\n|\n|t:|1699365912\n|move|p2a: fortnite|Metronome|p2a: fortnite\n|move|p2a: fortnite|Hyper Beam|p1a: Hatterene|[from]move: Metronome|[miss]\n|-miss|p2a: fortnite|p1a: Hatterene\n|move|p1a: Hatterene|Metronome|p1a: Hatterene\n|move|p1a: Hatterene|Mud Shot|p2a: fortnite|[from]move: Metronome\n|-damage|p2a: fortnite|78\/100\n|-unboost|p2a: fortnite|spe|1\n|\n|-heal|p2a: fortnite|84\/100|[from] item: Leftovers\n|upkeep\n|turn|5\n|\n|t:|1699365922\n|move|p2a: fortnite|Metronome|p2a: fortnite\n|move|p2a: fortnite|Soak|p1a: Hatterene|[from]move: Metronome\n|move|p1a: Hatterene|Soak|p2a: fortnite|[from]ability: Magic Bounce\n|-start|p2a: fortnite|typechange|Water\n|move|p1a: Hatterene|Metronome|p1a: Hatterene\n|move|p1a: Hatterene|Facade|p2a: fortnite|[from]move: Metronome\n|-damage|p2a: fortnite|49\/100\n|\n|-heal|p2a: fortnite|55\/100|[from] item: Leftovers\n|upkeep\n|turn|6\n|c|\u2606Squirtle Soldier|I\u2019m sure it\u2019ll be a ball of a time xD\n|\n|t:|1699365943\n|-activate|p2a: fortnite|move: Struggle\n|move|p2a: fortnite|Struggle|p1a: Hatterene\n|-damage|p1a: Hatterene|83\/100\n|-damage|p2a: fortnite|30\/100|[from] recoil\n|move|p1a: Hatterene|Metronome|p1a: Hatterene\n|move|p1a: Hatterene|Moonlight|p1a: Hatterene|[from]move: Metronome\n|-heal|p1a: Hatterene|100\/100\n|\n|-heal|p2a: fortnite|36\/100|[from] item: Leftovers\n|upkeep\n|turn|7\n|\n|t:|1699365953\n|-activate|p2a: fortnite|move: Struggle\n|move|p2a: fortnite|Struggle|p1a: Hatterene\n|-damage|p1a: Hatterene|84\/100\n|-damage|p2a: fortnite|11\/100|[from] recoil\n|move|p1a: Hatterene|Metronome|p1a: Hatterene\n|move|p1a: Hatterene|Syrup Bomb|p2a: fortnite|[from]move: Metronome\n|-supereffective|p2a: fortnite\n|-crit|p2a: fortnite\n|-damage|p2a: fortnite|0 fnt\n|faint|p2a: fortnite\n|\n|upkeep\n|\n|t:|1699365962\n|switch|p2a: battlepass|Ditto|100\/100\n|-transform|p2a: battlepass|p1a: Hatterene|[from] ability: Imposter\n|turn|8\n|\n|t:|1699365967\n|move|p1a: Hatterene|Metronome|p1a: Hatterene\n|move|p1a: Hatterene|Tailwind|p1a: Hatterene|[from]move: Metronome\n|-sidestart|p1: Squirtle Soldier|move: Tailwind\n|move|p2a: battlepass|Metronome|p2a: battlepass\n|move|p2a: battlepass|Shelter|p2a: battlepass|[from]move: Metronome\n|-boost|p2a: battlepass|def|2\n|\n|upkeep\n|turn|9\n|\n|t:|1699365974\n|move|p1a: Hatterene|Metronome|p1a: Hatterene\n|move|p1a: Hatterene|Parting Shot|p2a: battlepass|[from]move: Metronome\n|move|p2a: battlepass|Parting Shot|p1a: Hatterene|[from]ability: Magic Bounce\n|-unboost|p1a: Hatterene|atk|1\n|-unboost|p1a: Hatterene|spa|1\n|c|\u2606Emors|i love gamba\n|\n|t:|1699365983\n|switch|p2a: paul|Ditto|100\/100|[from] Parting Shot\n|-transform|p2a: paul|p1a: Hatterene|[from] ability: Imposter\n|\n|upkeep\n|turn|10\n|c|\u2606Squirtle Soldier|Wtf \ud83d\ude02\ud83d\ude02\n|\n|t:|1699366009\n|move|p1a: Hatterene|Metronome|p1a: Hatterene\n|move|p1a: Hatterene|Iron Defense|p1a: Hatterene|[from]move: Metronome\n|-boost|p1a: Hatterene|def|2\n|move|p2a: paul|Metronome|p2a: paul\n|move|p2a: paul|Phantom Force||[from]move: Metronome|[still]\n|-prepare|p2a: paul|Phantom Force\n|\n|upkeep\n|turn|11\n|\n|t:|1699366017\n|move|p1a: Hatterene|Metronome|p1a: Hatterene\n|move|p1a: Hatterene|Overheat|p2a: paul|[from]move: Metronome|[miss]\n|-miss|p1a: Hatterene|p2a: paul\n|move|p2a: paul|Phantom Force|p1a: Hatterene|[from]lockedmove\n|-supereffective|p1a: Hatterene\n|-damage|p1a: Hatterene|63\/100\n|\n|-sideend|p1: Squirtle Soldier|move: Tailwind\n|upkeep\n|turn|12\n|\n|t:|1699366026\n|move|p1a: Hatterene|Metronome|p1a: Hatterene\n|move|p1a: Hatterene|Growl|p2a: paul|[from]move: Metronome\n|move|p2a: paul|Growl|p1a: Hatterene|[from]ability: Magic Bounce\n|-unboost|p1a: Hatterene|atk|1\n|move|p2a: paul|Metronome|p2a: paul\n|move|p2a: paul|Wrap|p1a: Hatterene|[from]move: Metronome\n|-damage|p1a: Hatterene|61\/100\n|-activate|p1a: Hatterene|move: Wrap|[of] p2a: paul\n|\n|-damage|p1a: Hatterene|49\/100|[from] move: Wrap|[partiallytrapped]\n|upkeep\n|turn|13\n|\n|t:|1699366040\n|move|p2a: paul|Metronome|p2a: paul\n|move|p2a: paul|Ice Hammer|p1a: Hatterene|[from]move: Metronome\n|-damage|p1a: Hatterene|37\/100\n|-unboost|p2a: paul|spe|1\n|move|p1a: Hatterene|Metronome|p1a: Hatterene\n|move|p1a: Hatterene|Zing Zap|p2a: paul|[from]move: Metronome\n|-crit|p2a: paul\n|-damage|p2a: paul|54\/100\n|\n|-heal|p2a: paul|60\/100|[from] item: Leftovers\n|-damage|p1a: Hatterene|25\/100|[from] move: Wrap|[partiallytrapped]\n|upkeep\n|turn|14\n|\n|t:|1699366051\n|move|p1a: Hatterene|Metronome|p1a: Hatterene\n|move|p1a: Hatterene|Bubble Beam|p2a: paul|[from]move: Metronome\n|-damage|p2a: paul|45\/100\n|move|p2a: paul|Metronome|p2a: paul\n|move|p2a: paul|Bug Bite|p1a: Hatterene|[from]move: Metronome\n|-damage|p1a: Hatterene|18\/100\n|\n|-heal|p2a: paul|51\/100|[from] item: Leftovers\n|-damage|p1a: Hatterene|6\/100|[from] move: Wrap|[partiallytrapped]\n|upkeep\n|turn|15\n|\n|t:|1699366063\n|move|p1a: Hatterene|Metronome|p1a: Hatterene\n|move|p1a: Hatterene|Overheat|p2a: paul|[from]move: Metronome\n|-damage|p2a: paul|23\/100\n|-unboost|p1a: Hatterene|spa|2\n|move|p2a: paul|Metronome|p2a: paul\n|move|p2a: paul|Eruption|p1a: Hatterene|[from]move: Metronome\n|-damage|p1a: Hatterene|0 fnt\n|faint|p1a: Hatterene\n|\n|-heal|p2a: paul|29\/100|[from] item: Leftovers\n|upkeep\n|\n|t:|1699366074\n|switch|p1a: Clefable|Clefable, M|100\/100\n|turn|16\n|\n|t:|1699366081\n|switch|p2a: fred|Ditto|100\/100\n|-transform|p2a: fred|p1a: Clefable|[from] ability: Imposter\n|move|p1a: Clefable|Metronome|p1a: Clefable\n|move|p1a: Clefable|Mega Punch|p2a: fred|[from]move: Metronome\n|-damage|p2a: fred|84\/100\n|\n|-heal|p2a: fred|90\/100|[from] item: Leftovers\n|upkeep\n|turn|17\n|\n|t:|1699366091\n|move|p1a: Clefable|Metronome|p1a: Clefable\n|move|p1a: Clefable|Night Slash|p2a: fred|[from]move: Metronome\n|-resisted|p2a: fred\n|-damage|p2a: fred|83\/100\n|move|p2a: fred|Metronome|p2a: fred\n|move|p2a: fred|Horn Attack|p1a: Clefable|[from]move: Metronome\n|-damage|p1a: Clefable|92\/100\n|\n|-heal|p2a: fred|89\/100|[from] item: Leftovers\n|upkeep\n|turn|18\n|\n|t:|1699366100\n|move|p2a: fred|Metronome|p2a: fred\n|move|p2a: fred|Horn Attack|p1a: Clefable|[from]move: Metronome\n|-damage|p1a: Clefable|84\/100\n|move|p1a: Clefable|Metronome|p1a: Clefable\n|move|p1a: Clefable|Tail Whip|p2a: fred|[from]move: Metronome\n|-unboost|p2a: fred|def|1\n|\n|-heal|p2a: fred|95\/100|[from] item: Leftovers\n|upkeep\n|turn|19\n|\n|t:|1699366109\n|move|p1a: Clefable|Metronome|p1a: Clefable\n|move|p1a: Clefable|Vine Whip|p2a: fred|[from]move: Metronome\n|-damage|p2a: fred|81\/100\n|move|p2a: fred|Metronome|p2a: fred\n|move|p2a: fred|Stone Edge|p1a: Clefable|[from]move: Metronome\n|-damage|p1a: Clefable|72\/100\n|\n|-heal|p2a: fred|87\/100|[from] item: Leftovers\n|upkeep\n|turn|20\n|\n|t:|1699366118\n|move|p2a: fred|Metronome|p2a: fred\n|move|p2a: fred|Attract|p1a: Clefable|[from]move: Metronome\n|-immune|p1a: Clefable\n|move|p1a: Clefable|Metronome|p1a: Clefable\n|move|p1a: Clefable|Poison Gas|p2a: fred|[from]move: Metronome\n|-status|p2a: fred|psn\n|\n|-heal|p2a: fred|93\/100 psn|[from] item: Leftovers\n|upkeep\n|turn|21\n|\n|t:|1699366126\n|move|p1a: Clefable|Metronome|p1a: Clefable\n|move|p1a: Clefable|Tearful Look|p2a: fred|[from]move: Metronome\n|-unboost|p2a: fred|atk|1\n|-unboost|p2a: fred|spa|1\n|move|p2a: fred|Metronome|p2a: fred\n|move|p2a: fred|Magma Storm|p1a: Clefable|[from]move: Metronome\n|-damage|p1a: Clefable|57\/100\n|-activate|p1a: Clefable|move: Magma Storm|[of] p2a: fred\n|\n|-heal|p2a: fred|99\/100 psn|[from] item: Leftovers\n|upkeep\n|turn|22\n|\n|t:|1699366136\n|-activate|p2a: fred|move: Struggle\n|move|p2a: fred|Struggle|p1a: Clefable\n|-damage|p1a: Clefable|53\/100\n|-damage|p2a: fred|74\/100 psn|[from] recoil\n|move|p1a: Clefable|Metronome|p1a: Clefable\n|move|p1a: Clefable|Future Sight|p2a: fred|[from]move: Metronome\n|-start|p1a: Clefable|move: Future Sight\n|\n|-heal|p2a: fred|80\/100 psn|[from] item: Leftovers\n|upkeep\n|turn|23\n|\n|t:|1699366146\n|switch|p2a: battlepass|Ditto|100\/100\n|-transform|p2a: battlepass|p1a: Clefable|[from] ability: Imposter\n|move|p1a: Clefable|Metronome|p1a: Clefable\n|move|p1a: Clefable|Withdraw|p1a: Clefable|[from]move: Metronome\n|-boost|p1a: Clefable|def|1\n|\n|-end|p1a: Clefable|Magma Storm|[partiallytrapped]|[silent]\n|upkeep\n|turn|24\n|\n|t:|1699366156\n|move|p1a: Clefable|Metronome|p1a: Clefable\n|move|p1a: Clefable|Ice Spinner|p2a: battlepass|[from]move: Metronome\n|-damage|p2a: battlepass|85\/100\n|move|p2a: battlepass|Metronome|p2a: battlepass\n|move|p2a: battlepass|Ice Shard|p1a: Clefable|[from]move: Metronome\n|-damage|p1a: Clefable|49\/100\n|\n|-end|p2a: battlepass|move: Future Sight\n|-damage|p2a: battlepass|40\/100\n|-heal|p2a: battlepass|46\/100|[from] item: Leftovers\n|upkeep\n|turn|25\n|\n|t:|1699366166\n|move|p1a: Clefable|Metronome|p1a: Clefable\n|move|p1a: Clefable|Sand Attack|p2a: battlepass|[from]move: Metronome\n|-unboost|p2a: battlepass|accuracy|1\n|move|p2a: battlepass|Metronome|p2a: battlepass\n|move|p2a: battlepass|Bounce||[from]move: Metronome|[still]\n|-prepare|p2a: battlepass|Bounce\n|\n|-heal|p2a: battlepass|52\/100|[from] item: Leftovers\n|upkeep\n|turn|26\n|\n|t:|1699366175\n|switch|p1a: Gengar|Gengar, F|100\/100\n|move|p2a: battlepass|Bounce|p1a: Gengar|[from]lockedmove|[miss]\n|-miss|p2a: battlepass|p1a: Gengar\n|\n|-heal|p2a: battlepass|58\/100|[from] item: Leftovers\n|upkeep\n|turn|27\n|\n|t:|1699366182\n|move|p1a: Gengar|Metronome|p1a: Gengar\n|move|p1a: Gengar|Air Cutter|p2a: battlepass|[from]move: Metronome\n|-crit|p2a: battlepass\n|-damage|p2a: battlepass|15\/100\n|move|p2a: battlepass|Metronome|p2a: battlepass\n|move|p2a: battlepass|Torch Song|p1a: Gengar|[from]move: Metronome|[miss]\n|-miss|p2a: battlepass|p1a: Gengar\n|\n|-heal|p2a: battlepass|20\/100|[from] item: Leftovers\n|upkeep\n|turn|28\n|\n|t:|1699366191\n|move|p1a: Gengar|Metronome|p1a: Gengar\n|move|p1a: Gengar|Seed Bomb|p2a: battlepass|[from]move: Metronome\n|-damage|p2a: battlepass|8\/100\n|move|p2a: battlepass|Metronome|p2a: battlepass\n|move|p2a: battlepass|Low Sweep|p1a: Gengar|[from]move: Metronome\n|-immune|p1a: Gengar\n|\n|-heal|p2a: battlepass|15\/100|[from] item: Leftovers\n|upkeep\n|turn|29\n|\n|t:|1699366199\n|move|p1a: Gengar|Metronome|p1a: Gengar\n|move|p1a: Gengar|Thunder Wave|p2a: battlepass|[from]move: Metronome\n|-status|p2a: battlepass|par\n|cant|p2a: battlepass|par\n|\n|-heal|p2a: battlepass|20\/100 par|[from] item: Leftovers\n|upkeep\n|turn|30\n|\n|t:|1699366207\n|move|p1a: Gengar|Metronome|p1a: Gengar\n|move|p1a: Gengar|Inferno|p2a: battlepass|[from]move: Metronome\n|-damage|p2a: battlepass|0 fnt\n|faint|p2a: battlepass\n|\n|upkeep\n|\n|t:|1699366212\n|switch|p2a: paul|Ditto|29\/100\n|-transform|p2a: paul|p1a: Gengar|[from] ability: Imposter\n|turn|31\n|\n|t:|1699366217\n|move|p1a: Gengar|Metronome|p1a: Gengar\n|move|p1a: Gengar|Night Shade|p2a: paul|[from]move: Metronome\n|-damage|p2a: paul|0 fnt\n|faint|p2a: paul\n|\n|upkeep\n|\n|t:|1699366222\n|switch|p2a: fred|Ditto|80\/100 psn\n|-transform|p2a: fred|p1a: Gengar|[from] ability: Imposter\n|turn|32\n|c|\u2606Squirtle Soldier|What luck\n|\n|t:|1699366230\n|move|p2a: fred|Metronome|p2a: fred\n|move|p2a: fred|Hold Back|p1a: Gengar|[from]move: Metronome\n|-immune|p1a: Gengar\n|move|p1a: Gengar|Metronome|p1a: Gengar\n|move|p1a: Gengar|Speed Swap|p2a: fred|[from]move: Metronome\n|-activate|p1a: Gengar|move: Speed Swap|[of] p2a: fred\n|\n|-heal|p2a: fred|86\/100 psn|[from] item: Leftovers\n|-damage|p2a: fred|74\/100 psn|[from] psn\n|upkeep\n|turn|33\n|\n|t:|1699366242\n|move|p1a: Gengar|Metronome|p1a: Gengar\n|move|p1a: Gengar|Seed Bomb|p2a: fred|[from]move: Metronome\n|-resisted|p2a: fred\n|-damage|p2a: fred|64\/100 psn\n|move|p2a: fred|Metronome|p2a: fred\n|move|p2a: fred|Hypnosis|p1a: Gengar|[from]move: Metronome\n|-status|p1a: Gengar|slp|[from] move: Hypnosis\n|\n|-heal|p2a: fred|70\/100 psn|[from] item: Leftovers\n|-damage|p2a: fred|58\/100 psn|[from] psn\n|upkeep\n|turn|34\n|c|\u2606Emors|we love rng\n|\n|t:|1699366252\n|cant|p1a: Gengar|slp\n|move|p2a: fred|Metronome|p2a: fred\n|move|p2a: fred|Dragon Dance|p2a: fred|[from]move: Metronome\n|-boost|p2a: fred|atk|1\n|-boost|p2a: fred|spe|1\n|\n|-heal|p2a: fred|64\/100 psn|[from] item: Leftovers\n|-damage|p2a: fred|51\/100 psn|[from] psn\n|upkeep\n|turn|35\n|\n|t:|1699366261\n|move|p2a: fred|Metronome|p2a: fred\n|move|p2a: fred|Electric Terrain|p2a: fred|[from]move: Metronome\n|-fieldstart|move: Electric Terrain\n|cant|p1a: Gengar|slp\n|\n|-heal|p2a: fred|57\/100 psn|[from] item: Leftovers\n|-damage|p2a: fred|45\/100 psn|[from] psn\n|upkeep\n|turn|36\n|\n|t:|1699366269\n|move|p2a: fred|Metronome|p2a: fred\n|move|p2a: fred|Pay Day|p1a: Gengar|[from]move: Metronome\n|-immune|p1a: Gengar\n|-curestatus|p1a: Gengar|slp|[msg]\n|move|p1a: Gengar|Metronome|p1a: Gengar\n|move|p1a: Gengar|Vine Whip|p2a: fred|[from]move: Metronome\n|-resisted|p2a: fred\n|-damage|p2a: fred|39\/100 psn\n|\n|-heal|p2a: fred|45\/100 psn|[from] item: Leftovers\n|-damage|p2a: fred|33\/100 psn|[from] psn\n|upkeep\n|turn|37\n|\n|t:|1699366281\n|-activate|p2a: fred|move: Struggle\n|move|p2a: fred|Struggle|p1a: Gengar\n|-damage|p1a: Gengar|83\/100\n|-damage|p2a: fred|16\/100 psn|[from] item: Rocky Helmet|[of] p1a: Gengar\n|-damage|p2a: fred|0 fnt|[from] recoil\n|faint|p2a: fred\n|move|p1a: Gengar|Metronome|p1a: Gengar\n|move|p1a: Gengar|Skill Swap|p2: fred|[from]move: Metronome|[notarget]\n|-fail|p1a: Gengar\n|\n|upkeep\n|\n|t:|1699366289\n|switch|p2a: drake|Ditto|100\/100\n|-transform|p2a: drake|p1a: Gengar|[from] ability: Imposter\n|turn|38\n|\n|t:|1699366294\n|move|p2a: drake|Metronome|p2a: drake\n|move|p2a: drake|Electric Terrain||[from]move: Metronome|[still]\n|-fail|p2a: drake\n|move|p1a: Gengar|Metronome|p1a: Gengar\n|move|p1a: Gengar|Psyshield Bash|p2a: drake|[from]move: Metronome\n|-supereffective|p2a: drake\n|-damage|p2a: drake|63\/100\n|-boost|p1a: Gengar|def|1\n|\n|-heal|p2a: drake|69\/100|[from] item: Leftovers\n|upkeep\n|turn|39\n|\n|t:|1699366305\n|move|p1a: Gengar|Metronome|p1a: Gengar\n|move|p1a: Gengar|Payback|p2a: drake|[from]move: Metronome\n|-supereffective|p2a: drake\n|-damage|p2a: drake|44\/100\n|move|p2a: drake|Metronome|p2a: drake\n|move|p2a: drake|Bullet Punch|p1a: Gengar|[from]move: Metronome\n|-damage|p1a: Gengar|77\/100\n|-damage|p2a: drake|27\/100|[from] item: Rocky Helmet|[of] p1a: Gengar\n|-start|p2a: drake|Disable|Metronome|[from] ability: Cursed Body|[of] p1a: Gengar\n|\n|-heal|p2a: drake|33\/100|[from] item: Leftovers\n|-fieldend|move: Electric Terrain\n|upkeep\n|turn|40\n|\n|t:|1699366319\n|move|p1a: Gengar|Metronome|p1a: Gengar\n|move|p1a: Gengar|Round|p2a: drake|[from]move: Metronome\n|-immune|p2a: drake\n|-activate|p2a: drake|move: Struggle\n|move|p2a: drake|Struggle|p1a: Gengar\n|-damage|p1a: Gengar|68\/100\n|-damage|p2a: drake|16\/100|[from] item: Rocky Helmet|[of] p1a: Gengar\n|-damage|p2a: drake|0 fnt|[from] recoil\n|faint|p2a: drake\n|\n|upkeep\n|\n|t:|1699366327\n|switch|p2a: vance|Ditto|100\/100\n|-transform|p2a: vance|p1a: Gengar|[from] ability: Imposter\n|turn|41\n|c|\u2606Emors|ggs\n|\n|t:|1699366332\n|move|p2a: vance|Metronome|p2a: vance\n|move|p2a: vance|Hydro Steam|p1a: Gengar|[from]move: Metronome\n|-damage|p1a: Gengar|25\/100\n|move|p1a: Gengar|Metronome|p1a: Gengar\n|move|p1a: Gengar|Speed Swap|p2a: vance|[from]move: Metronome\n|-activate|p1a: Gengar|move: Speed Swap|[of] p2a: vance\n|\n|upkeep\n|turn|42\n|\n|t:|1699366340\n|move|p1a: Gengar|Metronome|p1a: Gengar\n|move|p1a: Gengar|Fly||[from]move: Metronome|[still]\n|-prepare|p1a: Gengar|Fly\n|move|p2a: vance|Metronome|p2a: vance\n|move|p2a: vance|Psycho Cut|p1a: Gengar|[from]move: Metronome|[miss]\n|-miss|p2a: vance|p1a: Gengar\n|\n|upkeep\n|turn|43\n|\n|t:|1699366347\n|move|p1a: Gengar|Fly|p2a: vance|[from]lockedmove\n|-damage|p2a: vance|85\/100\n|move|p2a: vance|Metronome|p2a: vance\n|move|p2a: vance|Solar Beam||[from]move: Metronome|[still]\n|-prepare|p2a: vance|Solar Beam\n|\n|-heal|p2a: vance|91\/100|[from] item: Leftovers\n|upkeep\n|turn|44\n|\n|t:|1699366357\n|switch|p1a: Slowbro|Slowbro-Galar, M|100\/100\n|move|p2a: vance|Solar Beam|p1a: Slowbro|[from]lockedmove\n|-resisted|p1a: Slowbro\n|-damage|p1a: Slowbro|73\/100\n|\n|-heal|p2a: vance|97\/100|[from] item: Leftovers\n|-heal|p1a: Slowbro|79\/100|[from] item: Black Sludge\n|upkeep\n|turn|45\n|\n|t:|1699366365\n|move|p2a: vance|Metronome|p2a: vance\n|move|p2a: vance|Shell Smash|p2a: vance|[from]move: Metronome\n|-unboost|p2a: vance|def|1\n|-unboost|p2a: vance|spd|1\n|-boost|p2a: vance|atk|2\n|-boost|p2a: vance|spa|2\n|-boost|p2a: vance|spe|2\n|move|p1a: Slowbro|Metronome|p1a: Slowbro\n|move|p1a: Slowbro|Seed Bomb|p2a: vance|[from]move: Metronome\n|-resisted|p2a: vance\n|-damage|p2a: vance|78\/100\n|-start|p1a: Slowbro|Disable|Metronome|[from] ability: Cursed Body|[of] p2a: vance\n|\n|-heal|p2a: vance|84\/100|[from] item: Leftovers\n|-heal|p1a: Slowbro|85\/100|[from] item: Black Sludge\n|upkeep\n|turn|46\n|\n|t:|1699366384\n|switch|p1a: Snorlax|Snorlax, F|100\/100\n|move|p2a: vance|Metronome|p2a: vance\n|move|p2a: vance|Extrasensory|p1a: Snorlax|[from]move: Metronome\n|-damage|p1a: Snorlax|62\/100\n|\n|-heal|p2a: vance|90\/100|[from] item: Leftovers\n|-heal|p1a: Snorlax|68\/100|[from] item: Leftovers\n|upkeep\n|turn|47\n|\n|t:|1699366393\n|switch|p1a: Gengar|Gengar, F|25\/100\n|-activate|p2a: vance|move: Struggle\n|move|p2a: vance|Struggle|p1a: Gengar\n|-damage|p1a: Gengar|2\/100\n|-damage|p2a: vance|73\/100|[from] item: Rocky Helmet|[of] p1a: Gengar\n|-damage|p2a: vance|48\/100|[from] recoil\n|\n|-heal|p2a: vance|54\/100|[from] item: Leftovers\n|upkeep\n|turn|48\n|\n|t:|1699366402\n|-activate|p2a: vance|move: Struggle\n|move|p2a: vance|Struggle|p1a: Gengar\n|-damage|p1a: Gengar|0 fnt\n|-damage|p2a: vance|38\/100|[from] item: Rocky Helmet|[of] p1a: Gengar\n|faint|p1a: Gengar\n|-damage|p2a: vance|13\/100|[from] recoil\n|\n|-heal|p2a: vance|19\/100|[from] item: Leftovers\n|upkeep\n|\n|t:|1699366411\n|switch|p1a: Grimmsnarl|Grimmsnarl, M|100\/100\n|turn|49\n|\n|t:|1699366414\n|move|p1a: Grimmsnarl|Metronome|p1a: Grimmsnarl\n|move|p1a: Grimmsnarl|Psych Up|p2a: vance|[from]move: Metronome\n|-copyboost|p1a: Grimmsnarl|p2a: vance|[from] move: Psych Up\n|-activate|p2a: vance|move: Struggle\n|move|p2a: vance|Struggle|p1a: Grimmsnarl\n|-damage|p1a: Grimmsnarl|83\/100\n|-damage|p2a: vance|0 fnt|[from] recoil\n|faint|p2a: vance\n|\n|win|Squirtle Soldier\n|raw|Squirtle Soldier's rating: 1164 &rarr; <strong>1191<\/strong><br \/>(+27 for winning)\n|raw|Emors's rating: 1188 &rarr; <strong>1161<\/strong><br \/>(-27 for losing)\n|c|\u2606Emors|that was amazing ty\n|c|\u2606Emors|ggs again\n|l|\u2606Emors\n|c|\u2606Squirtle Soldier|Gg, you\u2019re so welcome xD\n","uploadtime":1699366445,"views":4,"p1id":"squirtlesoldier","p2id":"emors","formatid":"gen9anythinggoes","rating":1161,"private":0,"password":""}