{"id":"gen9anythinggoes-1978834064","p1":"tinytoonlink97","p2":"Dave1200","format":"[Gen 9] Anything Goes","log":"|j|\u2606tinytoonlink97\n|j|\u2606Dave1200\n|t:|1698600720\n|gametype|singles\n|player|p1|tinytoonlink97|ethan|\n|player|p2|Dave1200|cyrus|\n|teamsize|p1|6\n|teamsize|p2|6\n|gen|9\n|tier|[Gen 9] Anything Goes\n|rule|HP Percentage Mod: HP is shown in percentages\n|rule|Endless Battle Clause: Forcing endless battles is banned\n|clearpoke\n|poke|p1|Komala, M|\n|poke|p1|Empoleon, M|\n|poke|p1|Mandibuzz, F|\n|poke|p1|Conkeldurr, M|\n|poke|p1|Ribombee, F|\n|poke|p1|Mamoswine, M|\n|poke|p2|Infernape, M|\n|poke|p2|Gardevoir, M|\n|poke|p2|Weezing, F|\n|poke|p2|Iron Treads|\n|poke|p2|Greninja-*, M|\n|poke|p2|Goodra, F|\n|teampreview\n|c|\u2606tinytoonlink97|gl hf\n|c|\u2606Dave1200|hf\n|\n|t:|1698600835\n|start\n|switch|p1a: Monkey Fist|Conkeldurr, M, shiny|100\/100\n|switch|p2a: Iron Treads|Iron Treads|100\/100\n|turn|1\n|\n|t:|1698600843\n|move|p2a: Iron Treads|Knock Off|p1a: Monkey Fist\n|-resisted|p1a: Monkey Fist\n|-damage|p1a: Monkey Fist|90\/100\n|-enditem|p1a: Monkey Fist|Ability Shield|[from] move: Knock Off|[of] p2a: Iron Treads\n|move|p1a: Monkey Fist|Knock Off|p2a: Iron Treads\n|-damage|p2a: Iron Treads|76\/100\n|-enditem|p2a: Iron Treads|Weakness Policy|[from] move: Knock Off|[of] p1a: Monkey Fist\n|\n|upkeep\n|turn|2\n|\n|t:|1698600869\n|-end|p2a: Iron Treads|Quark Drive|[silent]\n|switch|p2a: Weezing|Weezing, F, shiny|100\/100\n|move|p1a: Monkey Fist|Knock Off|p2a: Weezing\n|-damage|p2a: Weezing|75\/100\n|-enditem|p2a: Weezing|Black Sludge|[from] move: Knock Off|[of] p1a: Monkey Fist\n|\n|upkeep\n|turn|3\n|\n|t:|1698600884\n|switch|p1a: Rufus|Komala, M|100\/100\n|-ability|p1a: Rufus|Comatose\n|move|p2a: Weezing|Sludge Bomb|p1a: Rufus\n|-damage|p1a: Rufus|80\/100\n|\n|upkeep\n|turn|4\n|\n|t:|1698600894\n|move|p1a: Rufus|U-turn|p2a: Weezing\n|-resisted|p2a: Weezing\n|-damage|p2a: Weezing|67\/100\n|\n|t:|1698600917\n|switch|p1a: Killigan|Mamoswine, M|100\/100|[from] U-turn\n|move|p2a: Weezing|Taunt|p1a: Killigan\n|-start|p1a: Killigan|move: Taunt\n|\n|upkeep\n|turn|5\n|\n|t:|1698600930\n|switch|p1a: Bonnie|Ribombee, F, shiny|100\/100\n|move|p2a: Weezing|Toxic|p1a: Bonnie\n|-status|p1a: Bonnie|tox\n|-enditem|p1a: Bonnie|Lum Berry|[eat]\n|-curestatus|p1a: Bonnie|tox|[msg]\n|\n|upkeep\n|turn|6\n|\n|t:|1698600953\n|switch|p2a: Iron Treads|Iron Treads|76\/100\n|-terastallize|p1a: Bonnie|Fighting\n|move|p1a: Bonnie|Psychic|p2a: Iron Treads\n|-resisted|p2a: Iron Treads\n|-damage|p2a: Iron Treads|60\/100\n|\n|upkeep\n|turn|7\n|\n|t:|1698601017\n|move|p1a: Bonnie|Tera Blast|p2a: Iron Treads|[anim] Tera Blast Fighting\n|-supereffective|p2a: Iron Treads\n|-damage|p2a: Iron Treads|0 fnt\n|faint|p2a: Iron Treads\n|-end|p2a: Iron Treads|Quark Drive|[silent]\n|\n|upkeep\n|\n|t:|1698601035\n|switch|p2a: Gardevoir|Gardevoir, M|100\/100\n|-ability|p2a: Gardevoir|Shield Dust|[from] ability: Trace|[of] p1a: Bonnie\n|turn|8\n|\n|t:|1698601074\n|switch|p1a: Ron|Empoleon, M|100\/100\n|move|p2a: Gardevoir|Moonblast|p1a: Ron\n|-resisted|p1a: Ron\n|-crit|p1a: Ron\n|-damage|p1a: Ron|72\/100\n|\n|-heal|p1a: Ron|78\/100|[from] item: Leftovers\n|upkeep\n|turn|9\n|\n|t:|1698601136\n|switch|p2a: Goodra|Goodra, F|100\/100\n|move|p1a: Ron|Flip Turn|p2a: Goodra\n|-resisted|p2a: Goodra\n|-damage|p2a: Goodra|90\/100\n|\n|t:|1698601142\n|switch|p1a: Rufus|Komala, M|80\/100|[from] Flip Turn\n|-ability|p1a: Rufus|Comatose\n|\n|upkeep\n|turn|10\n|\n|t:|1698601159\n|-terastallize|p2a: Goodra|Water\n|move|p2a: Goodra|Draco Meteor|p1a: Rufus\n|-damage|p1a: Rufus|34\/100\n|-unboost|p2a: Goodra|spa|2\n|move|p1a: Rufus|Knock Off|p2a: Goodra\n|-damage|p2a: Goodra|47\/100\n|-enditem|p2a: Goodra|Assault Vest|[from] move: Knock Off|[of] p1a: Rufus\n|\n|upkeep\n|turn|11\n|\n|t:|1698601234\n|switch|p2a: Weezing|Weezing, F, shiny|67\/100\n|move|p1a: Rufus|Body Slam|p2a: Weezing\n|-damage|p2a: Weezing|39\/100\n|-status|p2a: Weezing|par\n|\n|upkeep\n|turn|12\n|\n|t:|1698601281\n|move|p1a: Rufus|Body Slam|p2a: Weezing\n|-damage|p2a: Weezing|11\/100 par\n|move|p2a: Weezing|Sludge Bomb|p1a: Rufus\n|-damage|p1a: Rufus|16\/100\n|\n|upkeep\n|turn|13\n|\n|t:|1698601306\n|switch|p2a: Infernape|Infernape, M|100\/100\n|move|p1a: Rufus|Body Slam|p2a: Infernape\n|-damage|p2a: Infernape|30\/100\n|\n|upkeep\n|turn|14\n|\n|t:|1698601314\n|switch|p1a: Shego|Mandibuzz, F|100\/100\n|move|p2a: Infernape|Drain Punch|p1a: Shego\n|-damage|p1a: Shego|77\/100\n|-heal|p2a: Infernape|47\/100|[from] drain|[of] p1a: Shego\n|\n|upkeep\n|turn|15\n|\n|t:|1698601334\n|switch|p2a: Greninja|Greninja, M|100\/100\n|move|p1a: Shego|Roost|p1a: Shego\n|-heal|p1a: Shego|100\/100\n|-singleturn|p1a: Shego|move: Roost\n|\n|upkeep\n|turn|16\n|\n|t:|1698601343\n|switch|p1a: Ron|Empoleon, M|78\/100\n|move|p2a: Greninja|Ice Beam|p1a: Ron\n|-resisted|p1a: Ron\n|-damage|p1a: Ron|73\/100\n|-status|p1a: Ron|frz\n|\n|-heal|p1a: Ron|79\/100 frz|[from] item: Leftovers\n|upkeep\n|turn|17\n|\n|t:|1698601355\n|move|p2a: Greninja|Dark Pulse|p1a: Ron\n|-damage|p1a: Ron|53\/100 frz\n|-curestatus|p1a: Ron|frz|[msg]\n|cant|p1a: Ron|flinch\n|\n|-heal|p1a: Ron|59\/100|[from] item: Leftovers\n|upkeep\n|turn|18\n|\n|t:|1698601368\n|move|p2a: Greninja|Dark Pulse|p1a: Ron\n|-damage|p1a: Ron|30\/100\n|move|p1a: Ron|Grass Knot|p2a: Greninja\n|-supereffective|p2a: Greninja\n|-damage|p2a: Greninja|49\/100\n|\n|-heal|p1a: Ron|37\/100|[from] item: Leftovers\n|upkeep\n|turn|19\n|\n|t:|1698601381\n|switch|p2a: Goodra|Goodra, F, tera:Water|47\/100\n|move|p1a: Ron|Flip Turn|p2a: Goodra\n|-resisted|p2a: Goodra\n|-crit|p2a: Goodra\n|-damage|p2a: Goodra|33\/100\n|\n|t:|1698601394\n|switch|p1a: Killigan|Mamoswine, M|100\/100|[from] Flip Turn\n|\n|upkeep\n|turn|20\n|\n|t:|1698601442\n|move|p1a: Killigan|Earthquake|p2a: Goodra\n|-damage|p2a: Goodra|0 fnt\n|faint|p2a: Goodra\n|\n|upkeep\n|\n|t:|1698601449\n|switch|p2a: Gardevoir|Gardevoir, M|100\/100\n|-ability|p2a: Gardevoir|Thick Fat|[from] ability: Trace|[of] p1a: Killigan\n|turn|21\n|\n|t:|1698601460\n|switch|p1a: Rufus|Komala, M|16\/100\n|-ability|p1a: Rufus|Comatose\n|move|p2a: Gardevoir|Mystical Fire|p1a: Rufus\n|-damage|p1a: Rufus|0 fnt\n|faint|p1a: Rufus\n|\n|upkeep\n|\n|t:|1698601479\n|switch|p1a: Bonnie|Ribombee, F, shiny, tera:Fighting|100\/100\n|turn|22\n|\n|t:|1698601483\n|move|p1a: Bonnie|Quiver Dance|p1a: Bonnie\n|-boost|p1a: Bonnie|spa|1\n|-boost|p1a: Bonnie|spd|1\n|-boost|p1a: Bonnie|spe|1\n|move|p2a: Gardevoir|Mystical Fire|p1a: Bonnie\n|-damage|p1a: Bonnie|69\/100\n|\n|upkeep\n|turn|23\n|\n|t:|1698601578\n|move|p1a: Bonnie|Moonblast|p2a: Gardevoir\n|-damage|p2a: Gardevoir|37\/100\n|move|p2a: Gardevoir|Mystical Fire|p1a: Bonnie\n|-damage|p1a: Bonnie|38\/100\n|\n|upkeep\n|turn|24\n|\n|t:|1698601586\n|switch|p2a: Weezing|Weezing, F, shiny|11\/100 par\n|move|p1a: Bonnie|Moonblast|p2a: Weezing\n|-resisted|p2a: Weezing\n|-crit|p2a: Weezing\n|-damage|p2a: Weezing|0 fnt\n|faint|p2a: Weezing\n|\n|upkeep\n|\n|t:|1698601594\n|switch|p2a: Infernape|Infernape, M|47\/100\n|turn|25\n|\n|t:|1698601599\n|switch|p1a: Shego|Mandibuzz, F|100\/100\n|move|p2a: Infernape|Mach Punch|p1a: Shego\n|-damage|p1a: Shego|87\/100\n|\n|upkeep\n|turn|26\n|\n|t:|1698601614\n|switch|p2a: Greninja|Greninja, M|49\/100\n|move|p1a: Shego|Dual Wingbeat|p2a: Greninja\n|-damage|p2a: Greninja|32\/100\n|-damage|p2a: Greninja|15\/100\n|-hitcount|p2a: Greninja|2\n|\n|upkeep\n|turn|27\n|\n|t:|1698601624\n|move|p2a: Greninja|Ice Beam|p1a: Shego\n|-supereffective|p1a: Shego\n|-damage|p1a: Shego|37\/100\n|move|p1a: Shego|Dual Wingbeat|p2a: Greninja|[miss]\n|-miss|p1a: Shego|p2a: Greninja\n|\n|upkeep\n|turn|28\n|\n|t:|1698601633\n|switch|p1a: Ron|Empoleon, M|37\/100\n|move|p2a: Greninja|Ice Beam|p1a: Ron\n|-resisted|p1a: Ron\n|-damage|p1a: Ron|31\/100\n|\n|-heal|p1a: Ron|37\/100|[from] item: Leftovers\n|upkeep\n|turn|29\n|\n|t:|1698601665\n|move|p2a: Greninja|Dark Pulse|p1a: Ron\n|-damage|p1a: Ron|9\/100\n|move|p1a: Ron|Grass Knot|p2a: Greninja\n|-supereffective|p2a: Greninja\n|-damage|p2a: Greninja|0 fnt\n|faint|p2a: Greninja\n|\n|-heal|p1a: Ron|15\/100|[from] item: Leftovers\n|upkeep\n|\n|t:|1698601677\n|switch|p2a: Gardevoir|Gardevoir, M|37\/100\n|-ability|p2a: Gardevoir|Competitive|[from] ability: Trace|[of] p1a: Ron\n|turn|30\n|\n|t:|1698601708\n|move|p2a: Gardevoir|Moonblast|p1a: Ron\n|-resisted|p1a: Ron\n|-damage|p1a: Ron|0 fnt\n|faint|p1a: Ron\n|\n|upkeep\n|\n|t:|1698601718\n|switch|p1a: Bonnie|Ribombee, F, shiny, tera:Fighting|38\/100\n|turn|31\n|\n|t:|1698601721\n|move|p1a: Bonnie|Moonblast|p2a: Gardevoir\n|-damage|p2a: Gardevoir|0 fnt\n|faint|p2a: Gardevoir\n|\n|upkeep\n|\n|t:|1698601726\n|switch|p2a: Infernape|Infernape, M|47\/100\n|turn|32\n|\n|t:|1698601772\n|move|p2a: Infernape|Mach Punch|p1a: Bonnie\n|-damage|p1a: Bonnie|0 fnt\n|faint|p1a: Bonnie\n|\n|upkeep\n|\n|t:|1698601777\n|switch|p1a: Monkey Fist|Conkeldurr, M, shiny|90\/100\n|turn|33\n|\n|t:|1698601781\n|move|p2a: Infernape|Drain Punch|p1a: Monkey Fist\n|-damage|p1a: Monkey Fist|51\/100\n|-heal|p2a: Infernape|70\/100|[from] drain|[of] p1a: Monkey Fist\n|move|p1a: Monkey Fist|Earthquake|p2a: Infernape\n|-supereffective|p2a: Infernape\n|-damage|p2a: Infernape|0 fnt\n|faint|p2a: Infernape\n|\n|win|tinytoonlink97\n|c|\u2606Dave1200|gg\n|c|\u2606tinytoonlink97|gg\n|c|\u2606Dave1200|gg\n|c|\u2606Dave1200|gg\n|c|\u2606Dave1200|gg\n","uploadtime":1698601819,"views":21,"p1id":"tinytoonlink97","p2id":"dave1200","formatid":"gen9anythinggoes","rating":0,"private":0,"password":""}