{"id":"gen9anythinggoes-1976872197","p1":"Raythel","p2":"Lucasoduncu","format":"[Gen 9] Anything Goes","log":"|j|\u2606Raythel\n|j|\u2606Lucasoduncu\n|t:|1698348268\n|gametype|singles\n|player|p1|Raythel|169|1122\n|player|p2|Lucasoduncu|cameraman|1050\n|teamsize|p1|6\n|teamsize|p2|4\n|gen|9\n|tier|[Gen 9] Anything Goes\n|rated|\n|rule|HP Percentage Mod: HP is shown in percentages\n|rule|Endless Battle Clause: Forcing endless battles is banned\n|clearpoke\n|poke|p1|Annihilape, M|\n|poke|p1|Ceruledge, M|\n|poke|p1|Zoroark-Hisui, M|\n|poke|p1|Palossand, F|\n|poke|p1|Houndstone, F|\n|poke|p1|Dragapult, M|\n|poke|p2|Cyndaquil, M|\n|poke|p2|Quilava, M|\n|poke|p2|Typhlosion, F|\n|poke|p2|Typhlosion-Hisui, F|\n|teampreview\n|\n|t:|1698348276\n|start\n|switch|p1a: Houndstone|Houndstone, F, shiny|100\/100\n|switch|p2a: Quilava|Quilava, M, shiny|100\/100\n|turn|1\n|\n|t:|1698348280\n|move|p1a: Houndstone|Nasty Plot|p1a: Houndstone\n|-boost|p1a: Houndstone|spa|2\n|move|p2a: Quilava|Smokescreen|p1a: Houndstone\n|-unboost|p1a: Houndstone|accuracy|1\n|\n|upkeep\n|turn|2\n|\n|t:|1698348284\n|move|p1a: Houndstone|Agility|p1a: Houndstone\n|-boost|p1a: Houndstone|spe|2\n|move|p2a: Quilava|Defense Curl|p2a: Quilava\n|-boost|p2a: Quilava|def|1\n|\n|upkeep\n|turn|3\n|\n|t:|1698348290\n|move|p1a: Houndstone|Hyper Voice|p2a: Quilava|[miss]\n|-miss|p1a: Houndstone|p2a: Quilava\n|move|p2a: Quilava|Rollout|p1a: Houndstone|[miss]\n|-miss|p2a: Quilava|p1a: Houndstone\n|\n|upkeep\n|turn|4\n|\n|t:|1698348293\n|move|p1a: Houndstone|Hyper Voice|p2a: Quilava\n|-damage|p2a: Quilava|0 fnt\n|faint|p2a: Quilava\n|-enditem|p1a: Houndstone|Throat Spray\n|-boost|p1a: Houndstone|spa|1|[from] item: Throat Spray\n|\n|upkeep\n|\n|t:|1698348296\n|switch|p2a: Cyndaquil|Cyndaquil, M, shiny|100\/100\n|turn|5\n|\n|t:|1698348299\n|move|p1a: Houndstone|Hyper Voice|p2a: Cyndaquil|[miss]\n|-miss|p1a: Houndstone|p2a: Cyndaquil\n|move|p2a: Cyndaquil|Flame Charge|p1a: Houndstone\n|-damage|p1a: Houndstone|66\/100\n|-boost|p2a: Cyndaquil|spe|1\n|replace|p1a: Stake|Zoroark-Hisui, M, shiny\n|-end|p1a: Stake|Illusion\n|\n|upkeep\n|turn|6\n|\n|t:|1698348303\n|move|p1a: Stake|Hyper Voice|p2a: Cyndaquil|[miss]\n|-miss|p1a: Stake|p2a: Cyndaquil\n|move|p2a: Cyndaquil|Iron Head|p1a: Stake\n|-damage|p1a: Stake|31\/100\n|\n|upkeep\n|turn|7\n|\n|t:|1698348307\n|move|p1a: Stake|Hyper Voice|p2a: Cyndaquil\n|-damage|p2a: Cyndaquil|0 fnt\n|faint|p2a: Cyndaquil\n|\n|upkeep\n|\n|t:|1698348312\n|switch|p2a: Typhlosion|Typhlosion-Hisui, F, shiny|100\/100\n|turn|8\n|\n|t:|1698348315\n|move|p1a: Stake|Shadow Ball|p2a: Typhlosion|[miss]\n|-miss|p1a: Stake|p2a: Typhlosion\n|move|p2a: Typhlosion|Lava Plume|p1a: Stake\n|-damage|p1a: Stake|0 fnt\n|faint|p1a: Stake\n|\n|upkeep\n|\n|t:|1698348319\n|switch|p1a: Chicken|Ceruledge, M, shiny|100\/100\n|turn|9\n|\n|t:|1698348322\n|switch|p2a: Typhlosion|Typhlosion, F, shiny|100\/100\n|move|p1a: Chicken|Swords Dance|p1a: Chicken\n|-boost|p1a: Chicken|atk|2\n|\n|upkeep\n|turn|10\n|\n|t:|1698348329\n|move|p1a: Chicken|Poltergeist|p2a: Typhlosion\n|-activate|p2a: Typhlosion|move: Poltergeist|Leftovers\n|-damage|p2a: Typhlosion|0 fnt\n|faint|p2a: Typhlosion\n|\n|upkeep\n|\n|t:|1698348332\n|switch|p2a: Typhlosion|Typhlosion-Hisui, F, shiny|100\/100\n|-item|p1a: Chicken|Heavy-Duty Boots|[from] ability: Frisk|[of] p2a: Typhlosion|[identify]\n|turn|11\n|\n|t:|1698348336\n|-terastallize|p2a: Typhlosion|Ghost\n|move|p2a: Typhlosion|Infernal Parade|p1a: Chicken\n|-supereffective|p1a: Chicken\n|-damage|p1a: Chicken|7\/100\n|move|p1a: Chicken|Poltergeist|p2a: Typhlosion|[miss]\n|-miss|p1a: Chicken|p2a: Typhlosion\n|\n|upkeep\n|turn|12\n|\n|t:|1698348348\n|move|p2a: Typhlosion|Extrasensory|p1a: Chicken\n|-damage|p1a: Chicken|0 fnt\n|faint|p1a: Chicken\n|\n|upkeep\n|inactive|Battle timer is ON: inactive players will automatically lose when time's up. (requested by Lucasoduncu)\n|\n|t:|1698348351\n|switch|p1a: Big Boi|Annihilape, M, shiny|100\/100\n|turn|13\n|\n|t:|1698348357\n|move|p2a: Typhlosion|Lava Plume|p1a: Big Boi\n|-damage|p1a: Big Boi|64\/100\n|move|p1a: Big Boi|Drain Punch|p2a: Typhlosion\n|-immune|p2a: Typhlosion\n|\n|-heal|p1a: Big Boi|70\/100|[from] item: Leftovers\n|upkeep\n|turn|14\n|\n|t:|1698348364\n|move|p2a: Typhlosion|Infernal Parade|p1a: Big Boi\n|-supereffective|p1a: Big Boi\n|-damage|p1a: Big Boi|0 fnt\n|faint|p1a: Big Boi\n|\n|upkeep\n|\n|t:|1698348368\n|switch|p1a: Dragapult|Dragapult, M, shiny|100\/100\n|turn|15\n|\n|t:|1698348372\n|move|p1a: Dragapult|Phantom Force||[still]\n|-prepare|p1a: Dragapult|Phantom Force\n|move|p2a: Typhlosion|Infernal Parade|p1a: Dragapult|[miss]\n|-miss|p2a: Typhlosion|p1a: Dragapult\n|\n|upkeep\n|turn|16\n|\n|t:|1698348375\n|move|p1a: Dragapult|Phantom Force|p2a: Typhlosion|[from]lockedmove\n|-supereffective|p2a: Typhlosion\n|-damage|p2a: Typhlosion|0 fnt\n|faint|p2a: Typhlosion\n|\n|win|Raythel\n|raw|Raythel's rating: 1122 &rarr; <strong>1142<\/strong><br \/>(+20 for winning)\n|raw|Lucasoduncu's rating: 1050 &rarr; <strong>1036<\/strong><br \/>(-14 for losing)\n|l|\u2606Raythel\n","uploadtime":1698348382,"views":7,"p1id":"raythel","p2id":"lucasoduncu","formatid":"gen9anythinggoes","rating":1036,"private":0,"password":""}