{"id":"gen9anythinggoes-1991996513","p1":"NormalU?","p2":"Lostmyacc72","format":"[Gen 9] Anything Goes","log":"|j|\u2606NormalU?\n|j|\u2606Lostmyacc72\n|t:|1700146217\n|gametype|singles\n|player|p1|NormalU?|courtney|1261\n|player|p2|Lostmyacc72|cyclist-gen4|1330\n|teamsize|p1|6\n|teamsize|p2|6\n|gen|9\n|tier|[Gen 9] Anything Goes\n|rated|\n|rule|HP Percentage Mod: HP is shown in percentages\n|rule|Endless Battle Clause: Forcing endless battles is banned\n|clearpoke\n|poke|p1|Yanmega, M|\n|poke|p1|Conkeldurr, M|\n|poke|p1|Yanmega, M|\n|poke|p1|Yanmega, M|\n|poke|p1|Yanmega, M|\n|poke|p1|Yanmega, F|\n|poke|p2|Arceus|\n|poke|p2|Koraidon|\n|poke|p2|Ting-Lu|\n|poke|p2|Calyrex-Shadow|\n|poke|p2|Arceus-Ground|\n|poke|p2|Landorus-Therian, M|\n|teampreview\n|inactive|Battle timer is ON: inactive players will automatically lose when time's up. (requested by NormalU?)\n|\n|t:|1700146228\n|start\n|switch|p1a: Yanmega|Yanmega, F|100\/100\n|switch|p2a: Koraidon|Koraidon|100\/100\n|-item|p2a: Koraidon|Loaded Dice|[from] ability: Frisk|[of] p1a: Yanmega|[identify]\n|-weather|SunnyDay|[from] ability: Orichalcum Pulse|[of] p2a: Koraidon\n|-activate|p2a: Koraidon|Orichalcum Pulse|[source]\n|turn|1\n|\n|t:|1700146234\n|move|p1a: Yanmega|Air Slash|p2a: Koraidon\n|-supereffective|p2a: Koraidon\n|-damage|p2a: Koraidon|39\/100\n|cant|p2a: Koraidon|flinch\n|\n|-weather|SunnyDay|[upkeep]\n|upkeep\n|turn|2\n|\n|t:|1700146240\n|move|p1a: Yanmega|Air Slash|p2a: Koraidon\n|-supereffective|p2a: Koraidon\n|-damage|p2a: Koraidon|0 fnt\n|faint|p2a: Koraidon\n|\n|-weather|SunnyDay|[upkeep]\n|upkeep\n|\n|t:|1700146243\n|switch|p2a: Calyrex|Calyrex-Shadow|100\/100\n|-ability|p2a: Calyrex|As One\n|-ability|p2a: Calyrex|Unnerve\n|turn|3\n|\n|t:|1700146246\n|move|p2a: Calyrex|Astral Barrage|p1a: Yanmega\n|-damage|p1a: Yanmega|0 fnt\n|faint|p1a: Yanmega\n|-ability|p2a: Calyrex|Grim Neigh|boost\n|-boost|p2a: Calyrex|spa|1\n|\n|-weather|SunnyDay|[upkeep]\n|upkeep\n|\n|t:|1700146260\n|switch|p1a: Yanmega|Yanmega, M|100\/100\n|turn|4\n|\n|t:|1700146266\n|move|p2a: Calyrex|Astral Barrage|p1a: Yanmega\n|-enditem|p1a: Yanmega|Focus Sash\n|-damage|p1a: Yanmega|1\/100\n|move|p1a: Yanmega|Bug Buzz|p2a: Calyrex\n|-damage|p2a: Calyrex|61\/100\n|\n|-weather|SunnyDay|[upkeep]\n|-ability|p1a: Yanmega|Speed Boost|boost\n|-boost|p1a: Yanmega|spe|1\n|upkeep\n|turn|5\n|\n|t:|1700146270\n|move|p1a: Yanmega|Protect|p1a: Yanmega\n|-singleturn|p1a: Yanmega|Protect\n|move|p2a: Calyrex|Astral Barrage|p1a: Yanmega\n|-activate|p1a: Yanmega|move: Protect\n|\n|-weather|none\n|-ability|p1a: Yanmega|Speed Boost|boost\n|-boost|p1a: Yanmega|spe|1\n|upkeep\n|turn|6\n|\n|t:|1700146277\n|move|p2a: Calyrex|Astral Barrage|p1a: Yanmega\n|-damage|p1a: Yanmega|0 fnt\n|faint|p1a: Yanmega\n|-ability|p2a: Calyrex|Grim Neigh|boost\n|-boost|p2a: Calyrex|spa|1\n|\n|upkeep\n|\n|t:|1700146279\n|switch|p1a: Yanmega|Yanmega, M|100\/100\n|turn|7\n|\n|t:|1700146282\n|move|p2a: Calyrex|Astral Barrage|p1a: Yanmega\n|-enditem|p1a: Yanmega|Focus Sash\n|-damage|p1a: Yanmega|1\/100\n|move|p1a: Yanmega|Crunch|p2a: Calyrex\n|-supereffective|p2a: Calyrex\n|-damage|p2a: Calyrex|0 fnt\n|faint|p2a: Calyrex\n|\n|-ability|p1a: Yanmega|Speed Boost|boost\n|-boost|p1a: Yanmega|spe|1\n|upkeep\n|\n|t:|1700146288\n|switch|p2a: Arceus|Arceus|100\/100\n|turn|8\n|\n|t:|1700146291\n|-terastallize|p1a: Yanmega|Ghost\n|move|p2a: Arceus|Extreme Speed|p1a: Yanmega\n|-immune|p1a: Yanmega\n|move|p1a: Yanmega|Swords Dance|p1a: Yanmega\n|-boost|p1a: Yanmega|atk|2\n|\n|-ability|p1a: Yanmega|Speed Boost|boost\n|-boost|p1a: Yanmega|spe|1\n|upkeep\n|turn|9\n|\n|t:|1700146298\n|move|p1a: Yanmega|Protect|p1a: Yanmega\n|-singleturn|p1a: Yanmega|Protect\n|move|p2a: Arceus|Shadow Claw|p1a: Yanmega\n|-activate|p1a: Yanmega|move: Protect\n|\n|-ability|p1a: Yanmega|Speed Boost|boost\n|-boost|p1a: Yanmega|spe|1\n|upkeep\n|turn|10\n|\n|t:|1700146301\n|move|p1a: Yanmega|Reversal|p2a: Arceus\n|-supereffective|p2a: Arceus\n|-damage|p2a: Arceus|0 fnt\n|faint|p2a: Arceus\n|\n|-ability|p1a: Yanmega|Speed Boost|boost\n|-boost|p1a: Yanmega|spe|1\n|upkeep\n|\n|t:|1700146304\n|switch|p2a: Arceus|Arceus-Ground|100\/100\n|turn|11\n|\n|t:|1700146308\n|move|p1a: Yanmega|Protect|p1a: Yanmega\n|-singleturn|p1a: Yanmega|Protect\n|move|p2a: Arceus|Judgment|p1a: Yanmega\n|-activate|p1a: Yanmega|move: Protect\n|\n|-ability|p1a: Yanmega|Speed Boost|boost\n|-boost|p1a: Yanmega|spe|1\n|upkeep\n|turn|12\n|-message|Lostmyacc72 forfeited.\n|\n|win|NormalU?\n|raw|NormalU?'s rating: 1261 &rarr; <strong>1291<\/strong><br \/>(+30 for winning)\n|raw|Lostmyacc72's rating: 1330 &rarr; <strong>1306<\/strong><br \/>(-24 for losing)\n|l|\u2606Lostmyacc72\n","uploadtime":1700146315,"views":11,"p1id":"normalu","p2id":"lostmyacc72","formatid":"gen9anythinggoes","rating":1291,"private":0,"password":""}