{"id":"gen9anythinggoes-1973208698","p1":"papitas64000","p2":"Mattattac","format":"[Gen 9] Anything Goes","log":"|j|\u2606papitas64000\n|j|\u2606Mattattac\n|t:|1697939639\n|gametype|singles\n|player|p1|papitas64000|pokemaniac|1074\n|player|p2|Mattattac|nate|1090\n|teamsize|p1|6\n|teamsize|p2|1\n|gen|9\n|tier|[Gen 9] Anything Goes\n|rated|\n|rule|HP Percentage Mod: HP is shown in percentages\n|rule|Endless Battle Clause: Forcing endless battles is banned\n|clearpoke\n|poke|p1|Mew|\n|poke|p1|Urshifu-*, F|\n|poke|p1|Avalugg-Hisui, F|\n|poke|p1|Calyrex-Ice|\n|poke|p1|Palafin, F|\n|poke|p1|Zacian-*|\n|poke|p2|Ogerpon-Hearthflame, F|\n|teampreview\n|c|\u2606Mattattac|ogerpon\n|inactive|Battle timer is ON: inactive players will automatically lose when time's up. (requested by Mattattac)\n|\n|t:|1697939648\n|start\n|switch|p1a: Palafin|Palafin, F|100\/100\n|switch|p2a: Ogerpon|Ogerpon-Hearthflame, F|100\/100\n|-ability|p2a: Ogerpon|Mold Breaker\n|turn|1\n|c|\u2606papitas64000|ogerpon\n|\n|t:|1697939666\n|move|p2a: Ogerpon|Swords Dance|p2a: Ogerpon\n|-boost|p2a: Ogerpon|atk|2\n|move|p1a: Palafin|Flip Turn|p2a: Ogerpon\n|-damage|p2a: Ogerpon|68\/100\n|\n|t:|1697939674\n|detailschange|p1a: Palafin|Palafin-Hero, F\n|switch|p1a: Mew|Mew|100\/100|[from] Flip Turn\n|\n|upkeep\n|turn|2\n|\n|t:|1697939678\n|-terastallize|p2a: Ogerpon|Fire\n|detailschange|p2a: Ogerpon|Ogerpon-Hearthflame-Tera, F, tera:Fire\n|-ability|p2a: Ogerpon|Embody Aspect (Hearthflame)|boost\n|-boost|p2a: Ogerpon|atk|1\n|-enditem|p1a: Mew|Mirror Herb\n|-boost|p1a: Mew|atk|1|[from] item: Mirror Herb\n|move|p2a: Ogerpon|Trailblaze|p1a: Mew\n|-damage|p1a: Mew|20\/100\n|-boost|p2a: Ogerpon|spe|1\n|move|p1a: Mew|Dragon Dance|p1a: Mew\n|-boost|p1a: Mew|atk|1\n|-boost|p1a: Mew|spe|1\n|\n|upkeep\n|turn|3\n|\n|t:|1697939691\n|move|p2a: Ogerpon|Ivy Cudgel|p1a: Mew\n|-crit|p1a: Mew\n|-damage|p1a: Mew|0 fnt\n|faint|p1a: Mew\n|\n|upkeep\n|\n|t:|1697939697\n|switch|p1a: Zacian|Zacian-Crowned|100\/100\n|-ability|p1a: Zacian|Intrepid Sword|boost\n|-boost|p1a: Zacian|atk|1\n|turn|4\n|\n|t:|1697939703\n|move|p2a: Ogerpon|Ivy Cudgel|p1a: Zacian\n|-supereffective|p1a: Zacian\n|-damage|p1a: Zacian|0 fnt\n|faint|p1a: Zacian\n|\n|upkeep\n|\n|t:|1697939707\n|switch|p1a: Avalugg|Avalugg-Hisui, F|100\/100\n|turn|5\n|\n|t:|1697939712\n|move|p2a: Ogerpon|Brick Break|p1a: Avalugg\n|-supereffective|p1a: Avalugg\n|-damage|p1a: Avalugg|0 fnt\n|faint|p1a: Avalugg\n|\n|upkeep\n|\n|t:|1697939716\n|switch|p1a: Palafin|Palafin-Hero, F|100\/100\n|-activate|p1a: Palafin|ability: Zero to Hero\n|turn|6\n|\n|t:|1697939722\n|move|p1a: Palafin|Jet Punch|p2a: Ogerpon\n|-supereffective|p2a: Ogerpon\n|-damage|p2a: Ogerpon|0 fnt\n|faint|p2a: Ogerpon\n|\n|win|papitas64000\n|raw|papitas64000's rating: 1074 &rarr; <strong>1104<\/strong><br \/>(+30 for winning)\n|raw|Mattattac's rating: 1090 &rarr; <strong>1065<\/strong><br \/>(-25 for losing)\n|l|\u2606papitas64000\n|c|\u2606Mattattac|ogerpon :(\n","uploadtime":1697939735,"views":10,"p1id":"papitas64000","p2id":"mattattac","formatid":"gen9anythinggoes","rating":1065,"private":0,"password":""}