{"id":"gen9anythinggoes-1988984611","p1":"savagewolf98420","p2":"ramgoat","format":"[Gen 9] Anything Goes","log":"|j|\u2606savagewolf98420\n|j|\u2606ramgoat\n|t:|1699798414\n|gametype|singles\n|player|p1|savagewolf98420|koga|1259\n|player|p2|ramgoat|palmer|1139\n|teamsize|p1|6\n|teamsize|p2|6\n|gen|9\n|tier|[Gen 9] Anything Goes\n|rated|\n|rule|HP Percentage Mod: HP is shown in percentages\n|rule|Endless Battle Clause: Forcing endless battles is banned\n|clearpoke\n|poke|p1|Koraidon|\n|poke|p1|Lilligant-Hisui, F|\n|poke|p1|Toxapex, F|\n|poke|p1|Jirachi|\n|poke|p1|Arcanine-Hisui, M|\n|poke|p1|Eternatus|\n|poke|p2|Eternatus|\n|poke|p2|Miraidon|\n|poke|p2|Calyrex-Shadow|\n|poke|p2|Ninetales-Alola, F|\n|poke|p2|Groudon|\n|poke|p2|Zacian-*|\n|teampreview\n|\n|t:|1699798427\n|start\n|switch|p1a: Arcanine|Arcanine-Hisui, M, shiny|100\/100\n|switch|p2a: Groudon|Groudon|100\/100\n|-weather|SunnyDay|[from] ability: Drought|[of] p2a: Groudon\n|turn|1\n|inactive|Battle timer is ON: inactive players will automatically lose when time's up. (requested by savagewolf98420)\n|c|\u2606savagewolf98420|Hello\n|\n|t:|1699798450\n|-terastallize|p2a: Groudon|Ground\n|move|p1a: Arcanine|Double-Edge|p2a: Groudon\n|-damage|p2a: Groudon|77\/100\n|move|p2a: Groudon|Precipice Blades|p1a: Arcanine\n|-supereffective|p1a: Arcanine\n|-enditem|p1a: Arcanine|Focus Sash\n|-damage|p1a: Arcanine|1\/100\n|\n|-weather|SunnyDay|[upkeep]\n|upkeep\n|turn|2\n|inactive|savagewolf98420 has 120 seconds left.\n|\n|t:|1699798489\n|move|p1a: Arcanine|Double-Edge|p2a: Groudon\n|-damage|p2a: Groudon|54\/100\n|move|p2a: Groudon|Earthquake|p1a: Arcanine\n|-supereffective|p1a: Arcanine\n|-damage|p1a: Arcanine|0 fnt\n|faint|p1a: Arcanine\n|\n|-weather|SunnyDay|[upkeep]\n|upkeep\n|\n|t:|1699798500\n|switch|p1a: Lilligant|Lilligant-Hisui, F|100\/100\n|turn|3\n|\n|t:|1699798505\n|move|p1a: Lilligant|Sleep Powder|p2a: Groudon\n|-status|p2a: Groudon|slp|[from] move: Sleep Powder\n|cant|p2a: Groudon|slp\n|\n|-weather|SunnyDay|[upkeep]\n|upkeep\n|turn|4\n|\n|t:|1699798512\n|move|p1a: Lilligant|Victory Dance|p1a: Lilligant\n|-boost|p1a: Lilligant|atk|1\n|-boost|p1a: Lilligant|def|1\n|-boost|p1a: Lilligant|spe|1\n|cant|p2a: Groudon|slp\n|\n|-weather|SunnyDay|[upkeep]\n|upkeep\n|turn|5\n|\n|t:|1699798525\n|move|p1a: Lilligant|Victory Dance|p1a: Lilligant\n|-boost|p1a: Lilligant|atk|1\n|-boost|p1a: Lilligant|def|1\n|-boost|p1a: Lilligant|spe|1\n|-curestatus|p2a: Groudon|slp|[msg]\n|move|p2a: Groudon|Dragon Pulse|p1a: Lilligant\n|-damage|p1a: Lilligant|72\/100\n|\n|-weather|SunnyDay|[upkeep]\n|upkeep\n|turn|6\n|\n|t:|1699798535\n|move|p1a: Lilligant|Solar Blade||[still]\n|-prepare|p1a: Lilligant|Solar Blade\n|-anim|p1a: Lilligant|Solar Blade|p2a: Groudon\n|-supereffective|p2a: Groudon\n|-damage|p2a: Groudon|0 fnt\n|faint|p2a: Groudon\n|\n|-weather|SunnyDay|[upkeep]\n|upkeep\n|\n|t:|1699798544\n|switch|p2a: Zacian|Zacian-Crowned, shiny|100\/100\n|-ability|p2a: Zacian|Intrepid Sword|boost\n|-boost|p2a: Zacian|atk|1\n|turn|7\n|\n|t:|1699798559\n|move|p1a: Lilligant|Axe Kick|p2a: Zacian\n|-damage|p2a: Zacian|12\/100\n|move|p2a: Zacian|Behemoth Blade|p1a: Lilligant\n|-damage|p1a: Lilligant|8\/100\n|\n|-weather|SunnyDay|[upkeep]\n|upkeep\n|turn|8\n|\n|t:|1699798568\n|move|p2a: Zacian|Protect|p2a: Zacian\n|-singleturn|p2a: Zacian|Protect\n|move|p1a: Lilligant|Solar Blade||[still]\n|-prepare|p1a: Lilligant|Solar Blade\n|-anim|p1a: Lilligant|Solar Blade|p2a: Zacian\n|-activate|p2a: Zacian|move: Protect\n|\n|-weather|none\n|upkeep\n|turn|9\n|\n|t:|1699798579\n|move|p1a: Lilligant|Axe Kick|p2a: Zacian\n|-damage|p2a: Zacian|0 fnt\n|faint|p2a: Zacian\n|\n|upkeep\n|\n|t:|1699798590\n|switch|p2a: Ninetales|Ninetales-Alola, F, shiny|100\/100\n|-weather|Snow|[from] ability: Snow Warning|[of] p2a: Ninetales\n|turn|10\n|\n|t:|1699798601\n|move|p1a: Lilligant|Sleep Powder|p2a: Ninetales\n|-status|p2a: Ninetales|slp|[from] move: Sleep Powder\n|cant|p2a: Ninetales|slp\n|\n|-weather|Snow|[upkeep]\n|upkeep\n|turn|11\n|\n|t:|1699798612\n|move|p1a: Lilligant|Axe Kick|p2a: Ninetales\n|-damage|p2a: Ninetales|0 fnt\n|faint|p2a: Ninetales\n|\n|-weather|Snow|[upkeep]\n|upkeep\n|\n|t:|1699798617\n|switch|p2a: Calyrex|Calyrex-Shadow|100\/100\n|-ability|p2a: Calyrex|As One\n|-ability|p2a: Calyrex|Unnerve\n|turn|12\n|\n|t:|1699798631\n|move|p1a: Lilligant|Sleep Powder|p2a: Calyrex|[miss]\n|-miss|p1a: Lilligant|p2a: Calyrex\n|move|p2a: Calyrex|Astral Barrage|p1a: Lilligant\n|-damage|p1a: Lilligant|0 fnt\n|faint|p1a: Lilligant\n|-ability|p2a: Calyrex|Grim Neigh|boost\n|-boost|p2a: Calyrex|spa|1\n|\n|-weather|Snow|[upkeep]\n|upkeep\n|\n|t:|1699798648\n|switch|p1a: Koraidon|Koraidon|100\/100\n|-weather|SunnyDay|[from] ability: Orichalcum Pulse|[of] p1a: Koraidon\n|-activate|p1a: Koraidon|Orichalcum Pulse|[source]\n|turn|13\n|\n|t:|1699798654\n|move|p1a: Koraidon|Flare Blitz|p2a: Calyrex\n|-damage|p2a: Calyrex|0 fnt\n|faint|p2a: Calyrex\n|-damage|p1a: Koraidon|65\/100|[from] Recoil\n|\n|-weather|SunnyDay|[upkeep]\n|upkeep\n|\n|t:|1699798661\n|switch|p2a: Miraidon|Miraidon|100\/100\n|-fieldstart|move: Electric Terrain|[from] ability: Hadron Engine|[of] p2a: Miraidon\n|turn|14\n|\n|t:|1699798666\n|move|p1a: Koraidon|Flare Blitz|p2a: Miraidon\n|-resisted|p2a: Miraidon\n|-damage|p2a: Miraidon|61\/100\n|-damage|p1a: Koraidon|51\/100|[from] Recoil\n|move|p2a: Miraidon|Electro Drift|p1a: Koraidon\n|-resisted|p1a: Koraidon\n|-damage|p1a: Koraidon|12\/100\n|\n|-weather|SunnyDay|[upkeep]\n|upkeep\n|turn|15\n|\n|t:|1699798689\n|switch|p1a: Jirachi|Jirachi|100\/100\n|move|p2a: Miraidon|Electro Drift|p1a: Jirachi\n|-damage|p1a: Jirachi|25\/100\n|\n|-weather|SunnyDay|[upkeep]\n|upkeep\n|turn|16\n|-message|ramgoat forfeited.\n|\n|win|savagewolf98420\n|raw|savagewolf98420's rating: 1259 &rarr; <strong>1276<\/strong><br \/>(+17 for winning)\n|raw|ramgoat's rating: 1139 &rarr; <strong>1122<\/strong><br \/>(-17 for losing)\n|l|\u2606ramgoat\n","uploadtime":1699798702,"views":5,"p1id":"savagewolf98420","p2id":"ramgoat","formatid":"gen9anythinggoes","rating":1122,"private":0,"password":""}