{"id":"gen9anythinggoes-1995654944","p1":"sonoco123","p2":"shearow","format":"[Gen 9] Anything Goes","log":"|j|\u2606sonoco123\n|j|\u2606shearow\n|t:|1700591188\n|gametype|singles\n|player|p1|sonoco123|steven|1149\n|player|p2|shearow|170|1071\n|teamsize|p1|6\n|teamsize|p2|6\n|gen|9\n|tier|[Gen 9] Anything Goes\n|rated|\n|rule|HP Percentage Mod: HP is shown in percentages\n|rule|Endless Battle Clause: Forcing endless battles is banned\n|clearpoke\n|poke|p1|Skeledirge, M|\n|poke|p1|Grimmsnarl, M|\n|poke|p1|Corviknight, M|\n|poke|p1|Garchomp, M|\n|poke|p1|Polteageist-Antique|\n|poke|p1|Golem-Alola, M|\n|poke|p2|Baxcalibur, F|\n|poke|p2|Cetitan, F|\n|poke|p2|Ninetales-Alola, F|\n|poke|p2|Typhlosion, M|\n|poke|p2|Falinks|\n|poke|p2|Glimmora, F|\n|teampreview\n|inactive|Battle timer is ON: inactive players will automatically lose when time's up. (requested by sonoco123)\n|inactive|shearow also wants the timer to be on.\n|inactive|sonoco123 has 120 seconds left.\n|\n|t:|1700591226\n|start\n|switch|p1a: Polteageist|Polteageist-Antique|100\/100\n|switch|p2a: Ninetales|Ninetales-Alola, F|100\/100\n|-weather|Snow|[from] ability: Snow Warning|[of] p2a: Ninetales\n|turn|1\n|\n|t:|1700591235\n|move|p2a: Ninetales|Aurora Veil|p2a: Ninetales\n|-sidestart|p2: shearow|move: Aurora Veil\n|move|p1a: Polteageist|Shell Smash|p1a: Polteageist\n|-unboost|p1a: Polteageist|def|1\n|-unboost|p1a: Polteageist|spd|1\n|-boost|p1a: Polteageist|atk|2\n|-boost|p1a: Polteageist|spa|2\n|-boost|p1a: Polteageist|spe|2\n|\n|-weather|Snow|[upkeep]\n|upkeep\n|turn|2\n|\n|t:|1700591247\n|move|p1a: Polteageist|Shell Smash|p1a: Polteageist\n|-unboost|p1a: Polteageist|def|1\n|-unboost|p1a: Polteageist|spd|1\n|-boost|p1a: Polteageist|atk|2\n|-boost|p1a: Polteageist|spa|2\n|-boost|p1a: Polteageist|spe|2\n|move|p2a: Ninetales|Blizzard|p1a: Polteageist\n|-damage|p1a: Polteageist|25\/100\n|\n|-weather|Snow|[upkeep]\n|upkeep\n|turn|3\n|\n|t:|1700591258\n|move|p1a: Polteageist|Stored Power|p2a: Ninetales\n|-damage|p2a: Ninetales|0 fnt\n|faint|p2a: Ninetales\n|\n|-weather|Snow|[upkeep]\n|upkeep\n|\n|t:|1700591266\n|switch|p2a: Glimmora|Glimmora, F|100\/100\n|turn|4\n|\n|t:|1700591277\n|move|p1a: Polteageist|Stored Power|p2a: Glimmora\n|-supereffective|p2a: Glimmora\n|-enditem|p2a: Glimmora|Focus Sash\n|-damage|p2a: Glimmora|1\/100\n|move|p2a: Glimmora|Mortal Spin|p1a: Polteageist\n|-resisted|p1a: Polteageist\n|-damage|p1a: Polteageist|13\/100\n|-status|p1a: Polteageist|psn\n|-ability|p1a: Polteageist|Weak Armor|boost\n|-unboost|p1a: Polteageist|def|1\n|-boost|p1a: Polteageist|spe|2\n|\n|-weather|Snow|[upkeep]\n|-damage|p1a: Polteageist|1\/100 psn|[from] psn\n|upkeep\n|turn|5\n|\n|t:|1700591294\n|move|p1a: Polteageist|Giga Drain|p2a: Glimmora\n|-damage|p2a: Glimmora|0 fnt\n|-heal|p1a: Polteageist|2\/100 psn|[from] drain|[of] p2a: Glimmora\n|faint|p2a: Glimmora\n|\n|-weather|Snow|[upkeep]\n|-damage|p1a: Polteageist|0 fnt|[from] psn\n|faint|p1a: Polteageist\n|-sideend|p2: shearow|move: Aurora Veil\n|upkeep\n|\n|t:|1700591307\n|switch|p2a: Baxcalibur|Baxcalibur, F|100\/100\n|switch|p1a: Skeledirge|Skeledirge, M|100\/100\n|turn|6\n|\n|t:|1700591318\n|move|p2a: Baxcalibur|Dragon Dance|p2a: Baxcalibur\n|-boost|p2a: Baxcalibur|atk|1\n|-boost|p2a: Baxcalibur|spe|1\n|move|p1a: Skeledirge|Earth Power|p2a: Baxcalibur\n|-damage|p2a: Baxcalibur|76\/100\n|\n|-weather|Snow|[upkeep]\n|upkeep\n|turn|7\n|l|\u2606shearow\n|inactive|shearow disconnected and has a minute to reconnect!\n|player|p2|\n|j|\u2606shearow\n|inactive|shearow reconnected and has 140 seconds left.\n|player|p2|shearow|170\n|c|\u2606shearow|Whoops\n|\n|t:|1700591345\n|move|p2a: Baxcalibur|Earthquake|p1a: Skeledirge\n|-supereffective|p1a: Skeledirge\n|-damage|p1a: Skeledirge|43\/100\n|move|p1a: Skeledirge|Earth Power|p2a: Baxcalibur\n|-damage|p2a: Baxcalibur|51\/100\n|-unboost|p2a: Baxcalibur|spd|1\n|\n|-weather|Snow|[upkeep]\n|upkeep\n|turn|8\n|\n|t:|1700591355\n|move|p2a: Baxcalibur|Earthquake|p1a: Skeledirge\n|-supereffective|p1a: Skeledirge\n|-damage|p1a: Skeledirge|0 fnt\n|faint|p1a: Skeledirge\n|\n|-weather|none\n|upkeep\n|\n|t:|1700591362\n|switch|p1a: Garchomp|Garchomp, M, shiny|100\/100\n|turn|9\n|\n|t:|1700591371\n|-terastallize|p1a: Garchomp|Steel\n|move|p2a: Baxcalibur|Icicle Spear|p1a: Garchomp\n|-resisted|p1a: Garchomp\n|-damage|p1a: Garchomp|90\/100\n|-resisted|p1a: Garchomp\n|-damage|p1a: Garchomp|80\/100\n|-resisted|p1a: Garchomp\n|-damage|p1a: Garchomp|69\/100\n|-resisted|p1a: Garchomp\n|-damage|p1a: Garchomp|57\/100\n|-hitcount|p1a: Garchomp|4\n|move|p1a: Garchomp|Scale Shot|p2a: Baxcalibur\n|-supereffective|p2a: Baxcalibur\n|-damage|p2a: Baxcalibur|26\/100\n|-supereffective|p2a: Baxcalibur\n|-damage|p2a: Baxcalibur|0 fnt\n|faint|p2a: Baxcalibur\n|-hitcount|p2: Baxcalibur|2\n|-unboost|p1a: Garchomp|def|1\n|-boost|p1a: Garchomp|spe|1\n|\n|upkeep\n|\n|t:|1700591396\n|switch|p2a: Cetitan|Cetitan, F, shiny|100\/100\n|turn|10\n|\n|t:|1700591405\n|move|p1a: Garchomp|Swords Dance|p1a: Garchomp\n|-boost|p1a: Garchomp|atk|2\n|move|p2a: Cetitan|Earthquake|p1a: Garchomp\n|-supereffective|p1a: Garchomp\n|-damage|p1a: Garchomp|0 fnt\n|faint|p1a: Garchomp\n|\n|upkeep\n|\n|t:|1700591414\n|switch|p1a: Corviknight|Corviknight, M|100\/100\n|turn|11\n|\n|t:|1700591428\n|move|p2a: Cetitan|Belly Drum|p2a: Cetitan\n|-damage|p2a: Cetitan|50\/100\n|-setboost|p2a: Cetitan|atk|6|[from] move: Belly Drum\n|-enditem|p2a: Cetitan|Sitrus Berry|[eat]\n|-heal|p2a: Cetitan|75\/100|[from] item: Sitrus Berry\n|move|p1a: Corviknight|Bulk Up|p1a: Corviknight\n|-boost|p1a: Corviknight|atk|1\n|-boost|p1a: Corviknight|def|1\n|\n|upkeep\n|turn|12\n|\n|t:|1700591445\n|move|p2a: Cetitan|Ice Spinner|p1a: Corviknight\n|-damage|p1a: Corviknight|10\/100\n|move|p1a: Corviknight|Bulk Up|p1a: Corviknight\n|-boost|p1a: Corviknight|atk|1\n|-boost|p1a: Corviknight|def|1\n|\n|-heal|p1a: Corviknight|16\/100|[from] item: Leftovers\n|upkeep\n|turn|13\n|-message|sonoco123 forfeited.\n|\n|win|shearow\n|raw|sonoco123's rating: 1149 &rarr; <strong>1118<\/strong><br \/>(-31 for losing)\n|raw|shearow's rating: 1071 &rarr; <strong>1107<\/strong><br \/>(+36 for winning)\n|l|\u2606sonoco123\n","uploadtime":1700591482,"views":6,"p1id":"sonoco123","p2id":"shearow","formatid":"gen9anythinggoes","rating":1107,"private":0,"password":""}