{"id":"gen9anythinggoes-1980999622","p1":"LingLing007","p2":"MyNameIsArgos_8391","format":"[Gen 9] Anything Goes","log":"|j|\u2606LingLing007\n|j|\u2606MyNameIsArgos_8391\n|t:|1698855671\n|gametype|singles\n|player|p1|LingLing007|proton|1359\n|player|p2|MyNameIsArgos_8391|pokemaniac|1318\n|teamsize|p1|6\n|teamsize|p2|6\n|gen|9\n|tier|[Gen 9] Anything Goes\n|rated|\n|rule|HP Percentage Mod: HP is shown in percentages\n|rule|Endless Battle Clause: Forcing endless battles is banned\n|clearpoke\n|poke|p1|Roaring Moon|\n|poke|p1|Toxapex, F|\n|poke|p1|Zoroark-Hisui, M|\n|poke|p1|Polteageist-Antique|\n|poke|p1|Great Tusk|\n|poke|p1|Ninetales-Alola, F|\n|poke|p2|Cinderace, F|\n|poke|p2|Ogerpon-Cornerstone, F|\n|poke|p2|Ursaluna-Bloodmoon, M|\n|poke|p2|Empoleon, M|\n|poke|p2|Calyrex-Shadow|\n|poke|p2|Iron Valiant|\n|teampreview\n|inactive|Battle timer is ON: inactive players will automatically lose when time's up. (requested by MyNameIsArgos_8391)\n|\n|t:|1698855677\n|start\n|switch|p1a: Ninetales|Ninetales-Alola, F, shiny|100\/100\n|switch|p2a: Ogerpon|Ogerpon-Cornerstone, F|100\/100\n|-weather|Snow|[from] ability: Snow Warning|[of] p1a: Ninetales\n|turn|1\n|inactive|LingLing007 has 120 seconds left.\n|\n|t:|1698855708\n|move|p1a: Ninetales|Aurora Veil|p1a: Ninetales\n|-sidestart|p1: LingLing007|move: Aurora Veil\n|move|p2a: Ogerpon|Ivy Cudgel|p1a: Ninetales\n|-supereffective|p1a: Ninetales\n|-damage|p1a: Ninetales|64\/100\n|\n|-weather|Snow|[upkeep]\n|upkeep\n|turn|2\n|inactive|LingLing007 has 120 seconds left.\n|\n|t:|1698855723\n|switch|p1a: Great Tusk|Great Tusk|100\/100\n|move|p2a: Ogerpon|Leech Seed|p1a: Great Tusk\n|-start|p1a: Great Tusk|move: Leech Seed\n|\n|-weather|Snow|[upkeep]\n|-damage|p1a: Great Tusk|88\/100|[from] Leech Seed|[of] p2a: Ogerpon\n|upkeep\n|turn|3\n|\n|t:|1698855732\n|move|p1a: Great Tusk|Earthquake|p2a: Ogerpon\n|-damage|p2a: Ogerpon|68\/100\n|move|p2a: Ogerpon|Spikes|p1a: Great Tusk\n|-sidestart|p1: LingLing007|Spikes\n|\n|-weather|Snow|[upkeep]\n|-damage|p1a: Great Tusk|76\/100|[from] Leech Seed|[of] p2a: Ogerpon\n|-heal|p2a: Ogerpon|82\/100|[silent]\n|upkeep\n|turn|4\n|\n|t:|1698855739\n|move|p1a: Great Tusk|Rapid Spin|p2a: Ogerpon\n|-resisted|p2a: Ogerpon\n|-damage|p2a: Ogerpon|77\/100\n|-boost|p1a: Great Tusk|spe|1\n|-end|p1a: Great Tusk|Leech Seed|[from] move: Rapid Spin|[of] p1a: Great Tusk\n|-sideend|p1: LingLing007|Spikes|[from] move: Rapid Spin|[of] p1a: Great Tusk\n|move|p2a: Ogerpon|Spikes|p1a: Great Tusk\n|-sidestart|p1: LingLing007|Spikes\n|\n|-weather|Snow|[upkeep]\n|upkeep\n|turn|5\n|\n|t:|1698855747\n|move|p1a: Great Tusk|Rapid Spin|p2a: Ogerpon\n|-resisted|p2a: Ogerpon\n|-damage|p2a: Ogerpon|72\/100\n|-boost|p1a: Great Tusk|spe|1\n|-sideend|p1: LingLing007|Spikes|[from] move: Rapid Spin|[of] p1a: Great Tusk\n|move|p2a: Ogerpon|Ivy Cudgel|p1a: Great Tusk\n|-resisted|p1a: Great Tusk\n|-damage|p1a: Great Tusk|72\/100\n|\n|-weather|none\n|upkeep\n|turn|6\n|\n|t:|1698855765\n|move|p1a: Great Tusk|Stealth Rock|p2a: Ogerpon\n|-sidestart|p2: MyNameIsArgos_8391|move: Stealth Rock\n|move|p2a: Ogerpon|Ivy Cudgel|p1a: Great Tusk\n|-resisted|p1a: Great Tusk\n|-crit|p1a: Great Tusk\n|-damage|p1a: Great Tusk|60\/100\n|\n|upkeep\n|turn|7\n|\n|t:|1698855775\n|move|p1a: Great Tusk|Knock Off|p2a: Ogerpon\n|-crit|p2a: Ogerpon\n|-damage|p2a: Ogerpon|49\/100\n|move|p2a: Ogerpon|Ivy Cudgel|p1a: Great Tusk\n|-resisted|p1a: Great Tusk\n|-damage|p1a: Great Tusk|56\/100\n|\n|upkeep\n|turn|8\n|\n|t:|1698855783\n|move|p1a: Great Tusk|Earthquake|p2a: Ogerpon\n|-damage|p2a: Ogerpon|17\/100\n|move|p2a: Ogerpon|Ivy Cudgel|p1a: Great Tusk\n|-resisted|p1a: Great Tusk\n|-damage|p1a: Great Tusk|52\/100\n|\n|-sideend|p1: LingLing007|move: Aurora Veil\n|upkeep\n|turn|9\n|\n|t:|1698855790\n|move|p1a: Great Tusk|Earthquake|p2a: Ogerpon\n|-damage|p2a: Ogerpon|0 fnt\n|faint|p2a: Ogerpon\n|\n|upkeep\n|\n|t:|1698855799\n|switch|p2a: Cinderace|Cinderace, F|100\/100\n|-damage|p2a: Cinderace|76\/100|[from] Stealth Rock\n|turn|10\n|\n|t:|1698855813\n|move|p1a: Great Tusk|Earthquake|p2a: Cinderace\n|-supereffective|p2a: Cinderace\n|-damage|p2a: Cinderace|0 fnt\n|faint|p2a: Cinderace\n|\n|upkeep\n|\n|t:|1698855821\n|switch|p2a: Iron Valiant|Iron Valiant|100\/100\n|-damage|p2a: Iron Valiant|94\/100|[from] Stealth Rock\n|turn|11\n|\n|t:|1698855830\n|move|p1a: Great Tusk|Knock Off|p2a: Iron Valiant\n|-resisted|p2a: Iron Valiant\n|-damage|p2a: Iron Valiant|85\/100\n|-enditem|p2a: Iron Valiant|Choice Specs|[from] move: Knock Off|[of] p1a: Great Tusk\n|move|p2a: Iron Valiant|Moonblast|p1a: Great Tusk\n|-supereffective|p1a: Great Tusk\n|-damage|p1a: Great Tusk|0 fnt\n|faint|p1a: Great Tusk\n|-end|p1a: Great Tusk|Protosynthesis|[silent]\n|\n|upkeep\n|\n|t:|1698855838\n|switch|p1a: Polteageist|Polteageist-Antique|100\/100\n|turn|12\n|\n|t:|1698855846\n|move|p2a: Iron Valiant|Moonblast|p1a: Polteageist\n|-damage|p1a: Polteageist|46\/100\n|-start|p2a: Iron Valiant|Disable|Moonblast|[from] ability: Cursed Body|[of] p1a: Polteageist\n|move|p1a: Polteageist|Shell Smash|p1a: Polteageist\n|-unboost|p1a: Polteageist|def|1\n|-unboost|p1a: Polteageist|spd|1\n|-boost|p1a: Polteageist|atk|2\n|-boost|p1a: Polteageist|spa|2\n|-boost|p1a: Polteageist|spe|2\n|\n|upkeep\n|turn|13\n|\n|t:|1698855855\n|move|p1a: Polteageist|Stored Power|p2a: Iron Valiant\n|-supereffective|p2a: Iron Valiant\n|-damage|p2a: Iron Valiant|0 fnt\n|faint|p2a: Iron Valiant\n|-end|p2a: Iron Valiant|Quark Drive|[silent]\n|\n|upkeep\n|\n|t:|1698855864\n|switch|p2a: Calyrex|Calyrex-Shadow|100\/100\n|-ability|p2a: Calyrex|As One\n|-ability|p2a: Calyrex|Unnerve\n|-damage|p2a: Calyrex|88\/100|[from] Stealth Rock\n|turn|14\n|\n|t:|1698855875\n|move|p1a: Polteageist|Dark Pulse|p2a: Calyrex\n|-supereffective|p2a: Calyrex\n|-damage|p2a: Calyrex|0 fnt\n|faint|p2a: Calyrex\n|\n|upkeep\n|\n|t:|1698855882\n|switch|p2a: Empoleon|Empoleon, M|100\/100\n|-damage|p2a: Empoleon|94\/100|[from] Stealth Rock\n|turn|15\n|\n|t:|1698855887\n|move|p1a: Polteageist|Giga Drain|p2a: Empoleon\n|-damage|p2a: Empoleon|56\/100\n|-heal|p1a: Polteageist|74\/100|[from] drain|[of] p2a: Empoleon\n|move|p2a: Empoleon|Ice Beam|p1a: Polteageist\n|-damage|p1a: Polteageist|19\/100\n|-status|p1a: Polteageist|frz\n|\n|upkeep\n|turn|16\n|\n|t:|1698855904\n|cant|p1a: Polteageist|frz\n|move|p2a: Empoleon|Ice Beam|p1a: Polteageist\n|-damage|p1a: Polteageist|0 fnt\n|-start|p2a: Empoleon|Disable|Ice Beam|[from] ability: Cursed Body|[of] p1a: Polteageist\n|faint|p1a: Polteageist\n|\n|upkeep\n|\n|t:|1698855917\n|switch|p1a: Ninetales|Ninetales-Alola, F, shiny|64\/100\n|-weather|Snow|[from] ability: Snow Warning|[of] p1a: Ninetales\n|turn|17\n|\n|t:|1698855921\n|switch|p1a: Toxapex|Toxapex, F|100\/100\n|move|p2a: Empoleon|Steel Beam|p1a: Toxapex\n|-resisted|p1a: Toxapex\n|-damage|p1a: Toxapex|77\/100\n|-damage|p2a: Empoleon|6\/100|[from] steelbeam\n|\n|-weather|Snow|[upkeep]\n|upkeep\n|turn|18\n|\n|t:|1698855930\n|move|p2a: Empoleon|Hydro Pump|p1a: Toxapex\n|-resisted|p1a: Toxapex\n|-damage|p1a: Toxapex|59\/100\n|move|p1a: Toxapex|Liquidation|p2a: Empoleon\n|-resisted|p2a: Empoleon\n|-damage|p2a: Empoleon|0 fnt\n|faint|p2a: Empoleon\n|\n|-weather|Snow|[upkeep]\n|upkeep\n|\n|t:|1698855938\n|switch|p2a: Ursaluna|Ursaluna-Bloodmoon, M|100\/100\n|-damage|p2a: Ursaluna|94\/100|[from] Stealth Rock\n|turn|19\n|\n|t:|1698855942\n|move|p2a: Ursaluna|Earth Power|p1a: Toxapex\n|-supereffective|p1a: Toxapex\n|-damage|p1a: Toxapex|0 fnt\n|faint|p1a: Toxapex\n|\n|-weather|Snow|[upkeep]\n|upkeep\n|\n|t:|1698855950\n|switch|p1a: Ninetales|Ninetales-Alola, F, shiny|64\/100\n|turn|20\n|\n|t:|1698855954\n|move|p1a: Ninetales|Aurora Veil|p1a: Ninetales\n|-sidestart|p1: LingLing007|move: Aurora Veil\n|move|p2a: Ursaluna|Blood Moon|p1a: Ninetales\n|-damage|p1a: Ninetales|23\/100\n|\n|-weather|Snow|[upkeep]\n|upkeep\n|turn|21\n|\n|t:|1698855962\n|move|p2a: Ursaluna|Vacuum Wave|p1a: Ninetales\n|-damage|p1a: Ninetales|14\/100\n|move|p1a: Ninetales|Encore|p2a: Ursaluna\n|-start|p2a: Ursaluna|Encore\n|\n|-weather|none\n|upkeep\n|turn|22\n|\n|t:|1698855968\n|switch|p1a: Roaring Moon|Roaring Moon|100\/100\n|move|p2a: Ursaluna|Vacuum Wave|p1a: Roaring Moon\n|-supereffective|p1a: Roaring Moon\n|-damage|p1a: Roaring Moon|63\/100\n|replace|p1a: Zoroark|Zoroark-Hisui, M, shiny\n|-end|p1a: Zoroark|Illusion\n|\n|upkeep\n|turn|23\n|\n|t:|1698855974\n|move|p2a: Ursaluna|Vacuum Wave|p1a: Zoroark\n|-supereffective|p1a: Zoroark\n|-damage|p1a: Zoroark|28\/100\n|move|p1a: Zoroark|Flamethrower|p2a: Ursaluna\n|-damage|p2a: Ursaluna|61\/100\n|\n|upkeep\n|turn|24\n|\n|t:|1698855980\n|move|p2a: Ursaluna|Vacuum Wave|p1a: Zoroark\n|-supereffective|p1a: Zoroark\n|-crit|p1a: Zoroark\n|-damage|p1a: Zoroark|0 fnt\n|faint|p1a: Zoroark\n|\n|-end|p2a: Ursaluna|Encore\n|upkeep\n|\n|t:|1698855982\n|switch|p1a: Roaring Moon|Roaring Moon|100\/100\n|-enditem|p1a: Roaring Moon|Booster Energy\n|-activate|p1a: Roaring Moon|ability: Protosynthesis|[fromitem]\n|-start|p1a: Roaring Moon|protosynthesisspe\n|turn|25\n|\n|t:|1698855994\n|-terastallize|p1a: Roaring Moon|Flying\n|move|p1a: Roaring Moon|Dragon Dance|p1a: Roaring Moon\n|-boost|p1a: Roaring Moon|atk|1\n|-boost|p1a: Roaring Moon|spe|1\n|move|p2a: Ursaluna|Blood Moon|p1a: Roaring Moon\n|-damage|p1a: Roaring Moon|60\/100\n|\n|upkeep\n|turn|26\n|\n|t:|1698856001\n|move|p1a: Roaring Moon|Knock Off|p2a: Ursaluna\n|-damage|p2a: Ursaluna|3\/100\n|-enditem|p2a: Ursaluna|Wise Glasses|[from] move: Knock Off|[of] p1a: Roaring Moon\n|move|p2a: Ursaluna|Earth Power|p1a: Roaring Moon\n|-immune|p1a: Roaring Moon\n|\n|upkeep\n|turn|27\n|\n|t:|1698856009\n|move|p1a: Roaring Moon|Acrobatics|p2a: Ursaluna\n|-damage|p2a: Ursaluna|0 fnt\n|faint|p2a: Ursaluna\n|\n|win|LingLing007\n|raw|LingLing007's rating: 1359 &rarr; <strong>1377<\/strong><br \/>(+18 for winning)\n|raw|MyNameIsArgos_8391's rating: 1318 &rarr; <strong>1300<\/strong><br \/>(-18 for losing)\n|c|\u2606LingLing007|gg\n","uploadtime":1698856016,"views":11,"p1id":"lingling007","p2id":"mynameisargos8391","formatid":"gen9anythinggoes","rating":1300,"private":0,"password":""}