{"id":"gen9anythinggoes-2000373344","p1":"GildedSapphire","p2":"Cheesee813","format":"[Gen 9] Anything Goes","log":"|j|\u2606GildedSapphire\n|j|\u2606Cheesee813\n|t:|1701189358\n|gametype|singles\n|player|p1|GildedSapphire|wallace|1310\n|player|p2|Cheesee813|boarder|1423\n|teamsize|p1|6\n|teamsize|p2|6\n|gen|9\n|tier|[Gen 9] Anything Goes\n|rated|\n|rule|HP Percentage Mod: HP is shown in percentages\n|rule|Endless Battle Clause: Forcing endless battles is banned\n|clearpoke\n|poke|p1|Espathra, F|\n|poke|p1|Koraidon|\n|poke|p1|Ogerpon-Hearthflame, F|\n|poke|p1|Miraidon|\n|poke|p1|Iron Bundle|\n|poke|p1|Drifblim, M|\n|poke|p2|Cinderace, M|\n|poke|p2|Volcarona, F|\n|poke|p2|Sneasler, M|\n|poke|p2|Chien-Pao|\n|poke|p2|Palafin, M|\n|poke|p2|Flutter Mane|\n|teampreview\n|inactive|Battle timer is ON: inactive players will automatically lose when time's up. (requested by GildedSapphire)\n|\n|t:|1701189360\n|start\n|switch|p1a: Drifblim|Drifblim, M|100\/100\n|switch|p2a: Palafin|Palafin, M|100\/100\n|turn|1\n|\n|t:|1701189379\n|move|p2a: Palafin|Flip Turn|p1a: Drifblim\n|-damage|p1a: Drifblim|64\/100\n|\n|t:|1701189390\n|detailschange|p2a: Palafin|Palafin-Hero, M\n|switch|p2a: Flutter Mane|Flutter Mane|100\/100|[from] Flip Turn\n|-enditem|p2a: Flutter Mane|Booster Energy\n|-activate|p2a: Flutter Mane|ability: Protosynthesis|[fromitem]\n|-start|p2a: Flutter Mane|protosynthesisspe\n|move|p1a: Drifblim|Minimize|p1a: Drifblim\n|-boost|p1a: Drifblim|evasion|2\n|\n|-heal|p1a: Drifblim|70\/100|[from] item: Leftovers\n|upkeep\n|turn|2\n|\n|t:|1701189400\n|move|p2a: Flutter Mane|Dark Pulse|p1a: Drifblim\n|-supereffective|p1a: Drifblim\n|-damage|p1a: Drifblim|33\/100\n|cant|p1a: Drifblim|flinch\n|\n|-heal|p1a: Drifblim|39\/100|[from] item: Leftovers\n|upkeep\n|turn|3\n|\n|t:|1701189408\n|move|p2a: Flutter Mane|Dark Pulse|p1a: Drifblim\n|-supereffective|p1a: Drifblim\n|-damage|p1a: Drifblim|3\/100\n|cant|p1a: Drifblim|flinch\n|\n|-heal|p1a: Drifblim|9\/100|[from] item: Leftovers\n|upkeep\n|turn|4\n|\n|t:|1701189415\n|move|p2a: Flutter Mane|Dark Pulse|p1a: Drifblim|[miss]\n|-miss|p2a: Flutter Mane|p1a: Drifblim\n|move|p1a: Drifblim|Baton Pass|p1a: Drifblim\n|\n|t:|1701189425\n|switch|p1a: Espathra|Espathra, F|100\/100|[from] Baton Pass\n|\n|upkeep\n|turn|5\n|\n|t:|1701189430\n|move|p1a: Espathra|Protect|p1a: Espathra\n|-singleturn|p1a: Espathra|Protect\n|move|p2a: Flutter Mane|Dark Pulse|p1a: Espathra\n|-activate|p1a: Espathra|move: Protect\n|\n|-ability|p1a: Espathra|Speed Boost|boost\n|-boost|p1a: Espathra|spe|1\n|upkeep\n|turn|6\n|\n|t:|1701189437\n|move|p2a: Flutter Mane|Dark Pulse|p1a: Espathra\n|-supereffective|p1a: Espathra\n|-damage|p1a: Espathra|32\/100\n|move|p1a: Espathra|Lumina Crash|p2a: Flutter Mane\n|-damage|p2a: Flutter Mane|73\/100\n|-unboost|p2a: Flutter Mane|spd|2\n|\n|-heal|p1a: Espathra|39\/100|[from] item: Leftovers\n|-ability|p1a: Espathra|Speed Boost|boost\n|-boost|p1a: Espathra|spe|1\n|upkeep\n|turn|7\n|\n|t:|1701189449\n|move|p1a: Espathra|Roost|p1a: Espathra\n|-heal|p1a: Espathra|89\/100\n|-singleturn|p1a: Espathra|move: Roost\n|move|p2a: Flutter Mane|Dark Pulse|p1a: Espathra|[miss]\n|-miss|p2a: Flutter Mane|p1a: Espathra\n|\n|-heal|p1a: Espathra|95\/100|[from] item: Leftovers\n|-ability|p1a: Espathra|Speed Boost|boost\n|-boost|p1a: Espathra|spe|1\n|upkeep\n|turn|8\n|\n|t:|1701189465\n|move|p1a: Espathra|Protect|p1a: Espathra\n|-singleturn|p1a: Espathra|Protect\n|move|p2a: Flutter Mane|Dark Pulse|p1a: Espathra\n|-activate|p1a: Espathra|move: Protect\n|\n|-heal|p1a: Espathra|100\/100|[from] item: Leftovers\n|-ability|p1a: Espathra|Speed Boost|boost\n|-boost|p1a: Espathra|spe|1\n|upkeep\n|turn|9\n|\n|t:|1701189473\n|move|p1a: Espathra|Lumina Crash|p2a: Flutter Mane\n|-damage|p2a: Flutter Mane|19\/100\n|-unboost|p2a: Flutter Mane|spd|2\n|move|p2a: Flutter Mane|Dark Pulse|p1a: Espathra|[miss]\n|-miss|p2a: Flutter Mane|p1a: Espathra\n|\n|-ability|p1a: Espathra|Speed Boost|boost\n|-boost|p1a: Espathra|spe|1\n|upkeep\n|turn|10\n|\n|t:|1701189481\n|move|p1a: Espathra|Lumina Crash|p2a: Flutter Mane\n|-damage|p2a: Flutter Mane|0 fnt\n|faint|p2a: Flutter Mane\n|-end|p2a: Flutter Mane|Protosynthesis|[silent]\n|\n|-ability|p1a: Espathra|Speed Boost|boost\n|-boost|p1a: Espathra|spe|1\n|upkeep\n|\n|t:|1701189483\n|switch|p2a: Chien-Pao|Chien-Pao|100\/100\n|-ability|p2a: Chien-Pao|Sword of Ruin\n|turn|11\n|\n|t:|1701189491\n|move|p1a: Espathra|Baton Pass|p1a: Espathra\n|\n|t:|1701189495\n|switch|p1a: Miraidon|Miraidon|100\/100|[from] Baton Pass\n|-fieldstart|move: Electric Terrain|[from] ability: Hadron Engine|[of] p1a: Miraidon\n|move|p2a: Chien-Pao|Crunch|p1a: Miraidon|[miss]\n|-miss|p2a: Chien-Pao|p1a: Miraidon\n|\n|upkeep\n|turn|12\n|\n|t:|1701189503\n|-terastallize|p1a: Miraidon|Electric\n|move|p1a: Miraidon|Dazzling Gleam|p2a: Chien-Pao\n|-supereffective|p2a: Chien-Pao\n|-enditem|p2a: Chien-Pao|Focus Sash\n|-damage|p2a: Chien-Pao|1\/100\n|move|p2a: Chien-Pao|Ice Spinner|p1a: Miraidon|[miss]\n|-miss|p2a: Chien-Pao|p1a: Miraidon\n|\n|upkeep\n|turn|13\n|\n|t:|1701189511\n|move|p2a: Chien-Pao|Sucker Punch|p1a: Miraidon|[miss]\n|-miss|p2a: Chien-Pao|p1a: Miraidon\n|move|p1a: Miraidon|Discharge|p2a: Chien-Pao\n|-damage|p2a: Chien-Pao|0 fnt\n|faint|p2a: Chien-Pao\n|\n|upkeep\n|-message|Cheesee813 forfeited.\n|\n|win|GildedSapphire\n|raw|GildedSapphire's rating: 1310 &rarr; <strong>1336<\/strong><br \/>(+26 for winning)\n|raw|Cheesee813's rating: 1423 &rarr; <strong>1397<\/strong><br \/>(-26 for losing)\n|l|\u2606Cheesee813\n","uploadtime":1701189534,"views":0,"p1id":"gildedsapphire","p2id":"cheesee813","formatid":"gen9anythinggoes","rating":1336,"private":0,"password":""}