{"id":"gen9anythinggoes-1976427780","p1":"rikyxpro","p2":"babytray","format":"[Gen 9] Anything Goes","log":"|j|\u2606rikyxpro\n|j|\u2606babytray\n|t:|1698301607\n|gametype|singles\n|player|p1|rikyxpro|169|1024\n|player|p2|babytray|169|1114\n|teamsize|p1|6\n|teamsize|p2|6\n|gen|9\n|tier|[Gen 9] Anything Goes\n|rated|\n|rule|HP Percentage Mod: HP is shown in percentages\n|rule|Endless Battle Clause: Forcing endless battles is banned\n|clearpoke\n|poke|p1|Garchomp, M|\n|poke|p1|Dialga-Origin|\n|poke|p1|Greninja-*, M|\n|poke|p1|Corviknight, F|\n|poke|p1|Rayquaza|\n|poke|p1|Darkrai|\n|poke|p2|Ninetales, F|\n|poke|p2|Gliscor, F|\n|poke|p2|Iron Hands|\n|poke|p2|Hatterene, F|\n|poke|p2|Glimmora, F|\n|poke|p2|Blissey, F|\n|teampreview\n|\n|t:|1698301616\n|start\n|switch|p1a: Dialga|Dialga-Origin|100\/100\n|switch|p2a: Hatterene|Hatterene, F, shiny|100\/100\n|-ability|p1a: Dialga|Pressure\n|turn|1\n|\n|t:|1698301650\n|switch|p1a: Darkrai|Darkrai|100\/100\n|move|p2a: Hatterene|Light Screen|p2a: Hatterene\n|-sidestart|p2: babytray|move: Light Screen\n|\n|upkeep\n|turn|2\n|\n|t:|1698301670\n|switch|p2a: Glimmora|Glimmora, F, shiny|100\/100\n|move|p1a: Darkrai|Hypnosis|p2a: Glimmora\n|-status|p2a: Glimmora|slp|[from] move: Hypnosis\n|\n|-damage|p2a: Glimmora|88\/100 slp|[from] ability: Bad Dreams|[of] p1a: Darkrai\n|upkeep\n|turn|3\n|\n|t:|1698301681\n|cant|p2a: Glimmora|slp\n|move|p1a: Darkrai|Blizzard|p2a: Glimmora|[miss]\n|-miss|p1a: Darkrai|p2a: Glimmora\n|\n|-damage|p2a: Glimmora|76\/100 slp|[from] ability: Bad Dreams|[of] p1a: Darkrai\n|upkeep\n|turn|4\n|inactive|Battle timer is ON: inactive players will automatically lose when time's up. (requested by rikyxpro)\n|\n|t:|1698301697\n|cant|p2a: Glimmora|slp\n|move|p1a: Darkrai|Blizzard|p2a: Glimmora\n|-damage|p2a: Glimmora|48\/100 slp\n|\n|-damage|p2a: Glimmora|36\/100 slp|[from] ability: Bad Dreams|[of] p1a: Darkrai\n|upkeep\n|turn|5\n|\n|t:|1698301705\n|-curestatus|p2a: Glimmora|slp|[msg]\n|move|p2a: Glimmora|Mortal Spin|p1a: Darkrai\n|-damage|p1a: Darkrai|90\/100\n|-status|p1a: Darkrai|psn\n|-damage|p2a: Glimmora|26\/100|[from] item: Life Orb\n|move|p1a: Darkrai|Blizzard|p2a: Glimmora\n|-damage|p2a: Glimmora|1\/100\n|\n|-heal|p1a: Darkrai|97\/100 psn|[from] item: Leftovers\n|-damage|p1a: Darkrai|84\/100 psn|[from] psn\n|-sideend|p2: babytray|move: Light Screen\n|upkeep\n|turn|6\n|\n|t:|1698301719\n|move|p2a: Glimmora|Energy Ball|p1a: Darkrai\n|-damage|p1a: Darkrai|42\/100 psn\n|-damage|p2a: Glimmora|0 fnt|[from] item: Life Orb\n|faint|p2a: Glimmora\n|move|p1a: Darkrai|Blizzard|p2: Glimmora|[notarget]\n|-fail|p1a: Darkrai\n|\n|-heal|p1a: Darkrai|48\/100 psn|[from] item: Leftovers\n|-damage|p1a: Darkrai|36\/100 psn|[from] psn\n|upkeep\n|inactive|babytray has 120 seconds left.\n|\n|t:|1698301744\n|switch|p2a: Gliscor|Gliscor, F, shiny|100\/100\n|turn|7\n|\n|t:|1698301769\n|switch|p1a: Garchomp|Garchomp, M|100\/100\n|move|p2a: Gliscor|Bulldoze|p1a: Garchomp\n|-damage|p1a: Garchomp|78\/100\n|-unboost|p1a: Garchomp|spe|1\n|\n|-heal|p1a: Garchomp|84\/100|[from] item: Leftovers\n|-status|p2a: Gliscor|tox|[from] item: Toxic Orb\n|upkeep\n|turn|8\n|\n|t:|1698301789\n|move|p2a: Gliscor|Cross Poison|p1a: Garchomp\n|-resisted|p1a: Garchomp\n|-damage|p1a: Garchomp|76\/100\n|move|p1a: Garchomp|Double-Edge|p2a: Gliscor\n|-damage|p2a: Gliscor|65\/100 tox\n|-damage|p1a: Garchomp|67\/100|[from] Recoil\n|\n|-heal|p1a: Garchomp|73\/100|[from] item: Leftovers\n|-heal|p2a: Gliscor|78\/100 tox|[from] ability: Poison Heal\n|upkeep\n|turn|9\n|inactive|rikyxpro has 120 seconds left.\n|inactive|babytray has 120 seconds left.\n|\n|t:|1698301806\n|-terastallize|p1a: Garchomp|Dragon\n|move|p2a: Gliscor|Cross Poison|p1a: Garchomp\n|-damage|p1a: Garchomp|56\/100\n|move|p1a: Garchomp|Double-Edge|p2a: Gliscor\n|-damage|p2a: Gliscor|44\/100 tox\n|-damage|p1a: Garchomp|48\/100|[from] Recoil\n|\n|-heal|p1a: Garchomp|54\/100|[from] item: Leftovers\n|-heal|p2a: Gliscor|57\/100 tox|[from] ability: Poison Heal\n|upkeep\n|turn|10\n|inactive|rikyxpro has 120 seconds left.\n|inactive|babytray has 120 seconds left.\n|\n|t:|1698301819\n|move|p2a: Gliscor|Bulldoze|p1a: Garchomp\n|-damage|p1a: Garchomp|32\/100\n|-unboost|p1a: Garchomp|spe|1\n|move|p1a: Garchomp|Double-Edge|p2a: Gliscor\n|-damage|p2a: Gliscor|20\/100 tox\n|-damage|p1a: Garchomp|22\/100|[from] Recoil\n|\n|-heal|p1a: Garchomp|29\/100|[from] item: Leftovers\n|-heal|p2a: Gliscor|33\/100 tox|[from] ability: Poison Heal\n|upkeep\n|turn|11\n|inactive|rikyxpro has 120 seconds left.\n|inactive|babytray has 120 seconds left.\n|\n|t:|1698301831\n|move|p2a: Gliscor|Dual Wingbeat|p1a: Garchomp\n|-damage|p1a: Garchomp|14\/100\n|-damage|p1a: Garchomp|0 fnt\n|faint|p1a: Garchomp\n|-hitcount|p1: Garchomp|2\n|\n|-heal|p2a: Gliscor|45\/100 tox|[from] ability: Poison Heal\n|upkeep\n|inactive|rikyxpro has 120 seconds left.\n|\n|t:|1698301842\n|switch|p1a: Dialga|Dialga-Origin|100\/100\n|-ability|p1a: Dialga|Pressure\n|turn|12\n|inactive|rikyxpro has 120 seconds left.\n|\n|t:|1698301850\n|move|p2a: Gliscor|Bulldoze|p1a: Dialga\n|-supereffective|p1a: Dialga\n|-damage|p1a: Dialga|62\/100\n|-unboost|p1a: Dialga|spe|1\n|move|p1a: Dialga|Blizzard|p2a: Gliscor|[miss]\n|-miss|p1a: Dialga|p2a: Gliscor\n|\n|-heal|p2a: Gliscor|58\/100 tox|[from] ability: Poison Heal\n|upkeep\n|turn|13\n|\n|t:|1698301861\n|move|p2a: Gliscor|Bulldoze|p1a: Dialga\n|-supereffective|p1a: Dialga\n|-damage|p1a: Dialga|21\/100\n|-unboost|p1a: Dialga|spe|1\n|move|p1a: Dialga|Dragon Pulse|p2a: Gliscor\n|-damage|p2a: Gliscor|0 fnt\n|faint|p2a: Gliscor\n|\n|upkeep\n|\n|t:|1698301870\n|switch|p2a: Hatterene|Hatterene, F, shiny|100\/100\n|turn|14\n|\n|t:|1698301875\n|switch|p1a: Corviknight|Corviknight, F|100\/100\n|-ability|p1a: Corviknight|Pressure\n|move|p2a: Hatterene|Light Screen|p2a: Hatterene\n|-sidestart|p2: babytray|move: Light Screen\n|\n|upkeep\n|turn|15\n|\n|t:|1698301883\n|switch|p2a: Iron Hands|Iron Hands, shiny|100\/100\n|move|p1a: Corviknight|Iron Head|p2a: Iron Hands\n|-resisted|p2a: Iron Hands\n|-damage|p2a: Iron Hands|91\/100\n|\n|-heal|p2a: Iron Hands|97\/100|[from] item: Leftovers\n|upkeep\n|turn|16\n|\n|t:|1698301900\n|switch|p1a: Rayquaza|Rayquaza|100\/100\n|-ability|p1a: Rayquaza|Air Lock\n|move|p2a: Iron Hands|Drain Punch|p1a: Rayquaza\n|-resisted|p1a: Rayquaza\n|-damage|p1a: Rayquaza|85\/100\n|-heal|p2a: Iron Hands|100\/100|[from] drain|[of] p1a: Rayquaza\n|\n|-heal|p1a: Rayquaza|91\/100|[from] item: Leftovers\n|upkeep\n|turn|17\n|\n|t:|1698301919\n|-end|p2a: Iron Hands|Quark Drive|[silent]\n|switch|p2a: Hatterene|Hatterene, F, shiny|100\/100\n|move|p1a: Rayquaza|Air Slash|p2a: Hatterene\n|-damage|p2a: Hatterene|81\/100\n|\n|-heal|p1a: Rayquaza|98\/100|[from] item: Leftovers\n|upkeep\n|turn|18\n|\n|t:|1698301930\n|switch|p1a: Corviknight|Corviknight, F|100\/100\n|-ability|p1a: Corviknight|Pressure\n|move|p2a: Hatterene|Play Rough|p1a: Corviknight\n|-resisted|p1a: Corviknight\n|-damage|p1a: Corviknight|84\/100\n|\n|-heal|p1a: Corviknight|90\/100|[from] item: Leftovers\n|-sideend|p2: babytray|move: Light Screen\n|upkeep\n|turn|19\n|\n|t:|1698301941\n|switch|p2a: Iron Hands|Iron Hands, shiny|100\/100\n|move|p1a: Corviknight|Iron Head|p2a: Iron Hands\n|-resisted|p2a: Iron Hands\n|-damage|p2a: Iron Hands|92\/100\n|\n|-heal|p1a: Corviknight|96\/100|[from] item: Leftovers\n|-heal|p2a: Iron Hands|99\/100|[from] item: Leftovers\n|upkeep\n|turn|20\n|\n|t:|1698301953\n|switch|p1a: Rayquaza|Rayquaza|98\/100\n|-ability|p1a: Rayquaza|Air Lock\n|move|p2a: Iron Hands|Thunderbolt|p1a: Rayquaza\n|-damage|p1a: Rayquaza|81\/100\n|\n|-heal|p1a: Rayquaza|87\/100|[from] item: Leftovers\n|-heal|p2a: Iron Hands|100\/100|[from] item: Leftovers\n|upkeep\n|turn|21\n|\n|t:|1698301966\n|move|p1a: Rayquaza|Air Slash|p2a: Iron Hands\n|-damage|p2a: Iron Hands|77\/100\n|cant|p2a: Iron Hands|flinch\n|\n|-heal|p1a: Rayquaza|93\/100|[from] item: Leftovers\n|-heal|p2a: Iron Hands|83\/100|[from] item: Leftovers\n|upkeep\n|turn|22\n|\n|t:|1698301977\n|-end|p2a: Iron Hands|Quark Drive|[silent]\n|switch|p2a: Hatterene|Hatterene, F, shiny|81\/100\n|move|p1a: Rayquaza|Brick Break|p2a: Hatterene\n|-resisted|p2a: Hatterene\n|-damage|p2a: Hatterene|74\/100\n|\n|-heal|p1a: Rayquaza|99\/100|[from] item: Leftovers\n|upkeep\n|turn|23\n|\n|t:|1698301985\n|switch|p1a: Corviknight|Corviknight, F|96\/100\n|-ability|p1a: Corviknight|Pressure\n|move|p2a: Hatterene|Draining Kiss|p1a: Corviknight\n|-resisted|p1a: Corviknight\n|-damage|p1a: Corviknight|86\/100\n|-heal|p2a: Hatterene|83\/100|[from] drain|[of] p1a: Corviknight\n|\n|-heal|p1a: Corviknight|92\/100|[from] item: Leftovers\n|upkeep\n|turn|24\n|\n|t:|1698301999\n|switch|p2a: Blissey|Blissey, F, shiny|100\/100\n|move|p1a: Corviknight|Iron Head|p2a: Blissey\n|-damage|p2a: Blissey|77\/100\n|\n|-heal|p1a: Corviknight|98\/100|[from] item: Leftovers\n|upkeep\n|turn|25\n|inactive|rikyxpro has 120 seconds left.\n|\n|t:|1698302035\n|move|p1a: Corviknight|Iron Head|p2a: Blissey\n|-damage|p2a: Blissey|55\/100\n|move|p2a: Blissey|Thunder Wave|p1a: Corviknight\n|-status|p1a: Corviknight|par\n|\n|-heal|p1a: Corviknight|100\/100 par|[from] item: Leftovers\n|upkeep\n|turn|26\n|inactive|rikyxpro has 120 seconds left.\n|\n|t:|1698302044\n|move|p2a: Blissey|Ice Beam|p1a: Corviknight\n|-damage|p1a: Corviknight|85\/100 par\n|move|p1a: Corviknight|Roost|p1a: Corviknight\n|-heal|p1a: Corviknight|100\/100 par\n|-singleturn|p1a: Corviknight|move: Roost\n|\n|upkeep\n|turn|27\n|\n|t:|1698302051\n|move|p2a: Blissey|Chilling Water|p1a: Corviknight\n|-damage|p1a: Corviknight|90\/100 par\n|-unboost|p1a: Corviknight|atk|1\n|cant|p1a: Corviknight|par\n|\n|-heal|p1a: Corviknight|96\/100 par|[from] item: Leftovers\n|upkeep\n|turn|28\n|\n|t:|1698302058\n|move|p2a: Blissey|Chilling Water|p1a: Corviknight\n|-damage|p1a: Corviknight|86\/100 par\n|-unboost|p1a: Corviknight|atk|1\n|move|p1a: Corviknight|Iron Head|p2a: Blissey\n|-damage|p2a: Blissey|43\/100\n|\n|-heal|p1a: Corviknight|92\/100 par|[from] item: Leftovers\n|upkeep\n|turn|29\n|\n|t:|1698302065\n|move|p2a: Blissey|Chilling Water|p1a: Corviknight\n|-damage|p1a: Corviknight|83\/100 par\n|-unboost|p1a: Corviknight|atk|1\n|cant|p1a: Corviknight|par\n|\n|-heal|p1a: Corviknight|89\/100 par|[from] item: Leftovers\n|upkeep\n|turn|30\n|\n|t:|1698302074\n|move|p2a: Blissey|Ice Beam|p1a: Corviknight\n|-damage|p1a: Corviknight|74\/100 par\n|move|p1a: Corviknight|Iron Head|p2a: Blissey\n|-damage|p2a: Blissey|33\/100\n|\n|-heal|p1a: Corviknight|80\/100 par|[from] item: Leftovers\n|upkeep\n|turn|31\n|\n|t:|1698302084\n|move|p2a: Blissey|Ice Beam|p1a: Corviknight\n|-damage|p1a: Corviknight|64\/100 par\n|move|p1a: Corviknight|Iron Head|p2a: Blissey\n|-damage|p2a: Blissey|24\/100\n|\n|-heal|p1a: Corviknight|70\/100 par|[from] item: Leftovers\n|upkeep\n|turn|32\n|\n|t:|1698302091\n|move|p2a: Blissey|Chilling Water|p1a: Corviknight\n|-damage|p1a: Corviknight|60\/100 par\n|-unboost|p1a: Corviknight|atk|1\n|cant|p1a: Corviknight|par\n|\n|-heal|p1a: Corviknight|66\/100 par|[from] item: Leftovers\n|upkeep\n|turn|33\n|\n|t:|1698302098\n|move|p2a: Blissey|Ice Beam|p1a: Corviknight\n|-damage|p1a: Corviknight|50\/100 par\n|move|p1a: Corviknight|Roost|p1a: Corviknight\n|-heal|p1a: Corviknight|100\/100 par\n|-singleturn|p1a: Corviknight|move: Roost\n|\n|upkeep\n|turn|34\n|\n|t:|1698302105\n|switch|p2a: Iron Hands|Iron Hands, shiny|83\/100\n|move|p1a: Corviknight|Iron Head|p2a: Iron Hands\n|-resisted|p2a: Iron Hands\n|-damage|p2a: Iron Hands|81\/100\n|\n|-heal|p2a: Iron Hands|87\/100|[from] item: Leftovers\n|upkeep\n|turn|35\n|\n|t:|1698302113\n|switch|p1a: Rayquaza|Rayquaza|99\/100\n|-ability|p1a: Rayquaza|Air Lock\n|move|p2a: Iron Hands|Drain Punch|p1a: Rayquaza\n|-resisted|p1a: Rayquaza\n|-damage|p1a: Rayquaza|84\/100\n|-heal|p2a: Iron Hands|93\/100|[from] drain|[of] p1a: Rayquaza\n|\n|-heal|p1a: Rayquaza|90\/100|[from] item: Leftovers\n|-heal|p2a: Iron Hands|99\/100|[from] item: Leftovers\n|upkeep\n|turn|36\n|\n|t:|1698302143\n|-end|p2a: Iron Hands|Quark Drive|[silent]\n|switch|p2a: Hatterene|Hatterene, F, shiny|83\/100\n|move|p1a: Rayquaza|Air Slash|p2a: Hatterene\n|-damage|p2a: Hatterene|40\/100\n|\n|-heal|p1a: Rayquaza|96\/100|[from] item: Leftovers\n|upkeep\n|turn|37\n|\n|t:|1698302155\n|move|p1a: Rayquaza|Air Slash|p2a: Hatterene\n|-damage|p2a: Hatterene|0 fnt\n|faint|p2a: Hatterene\n|\n|-heal|p1a: Rayquaza|100\/100|[from] item: Leftovers\n|upkeep\n|\n|t:|1698302158\n|switch|p2a: Blissey|Blissey, F, shiny|24\/100\n|turn|38\n|\n|t:|1698302169\n|move|p1a: Rayquaza|Air Slash|p2a: Blissey\n|-damage|p2a: Blissey|9\/100\n|move|p2a: Blissey|Thunder Wave|p1a: Rayquaza\n|-status|p1a: Rayquaza|par\n|\n|upkeep\n|turn|39\n|\n|t:|1698302176\n|move|p2a: Blissey|Chilling Water|p1a: Rayquaza\n|-resisted|p1a: Rayquaza\n|-damage|p1a: Rayquaza|95\/100 par\n|-unboost|p1a: Rayquaza|atk|1\n|cant|p1a: Rayquaza|par\n|\n|-heal|p1a: Rayquaza|100\/100 par|[from] item: Leftovers\n|upkeep\n|turn|40\n|\n|t:|1698302182\n|move|p2a: Blissey|Chilling Water|p1a: Rayquaza\n|-resisted|p1a: Rayquaza\n|-damage|p1a: Rayquaza|96\/100 par\n|-unboost|p1a: Rayquaza|atk|1\n|move|p1a: Rayquaza|Brick Break|p2a: Blissey\n|-supereffective|p2a: Blissey\n|-damage|p2a: Blissey|0 fnt\n|faint|p2a: Blissey\n|\n|-heal|p1a: Rayquaza|100\/100 par|[from] item: Leftovers\n|upkeep\n|\n|t:|1698302195\n|switch|p2a: Ninetales|Ninetales, F, shiny|100\/100\n|-weather|SunnyDay|[from] ability: Drought|[of] p2a: Ninetales\n|turn|41\n|\n|t:|1698302201\n|switch|p1a: Greninja|Greninja, M|100\/100\n|move|p2a: Ninetales|Extrasensory|p1a: Greninja\n|-immune|p1a: Greninja\n|\n|-weather|SunnyDay|[upkeep]\n|upkeep\n|turn|42\n|\n|t:|1698302208\n|switch|p2a: Iron Hands|Iron Hands, shiny|99\/100\n|move|p1a: Greninja|Grass Knot|p2a: Iron Hands\n|-damage|p2a: Iron Hands|79\/100\n|\n|-weather|SunnyDay|[upkeep]\n|-heal|p2a: Iron Hands|85\/100|[from] item: Leftovers\n|upkeep\n|turn|43\n|\n|t:|1698302215\n|switch|p1a: Dialga|Dialga-Origin|21\/100\n|-ability|p1a: Dialga|Pressure\n|move|p2a: Iron Hands|Iron Defense|p2a: Iron Hands\n|-boost|p2a: Iron Hands|def|2\n|\n|-weather|SunnyDay|[upkeep]\n|-heal|p2a: Iron Hands|92\/100|[from] item: Leftovers\n|upkeep\n|turn|44\n|\n|t:|1698302228\n|move|p1a: Dialga|Draco Meteor|p2a: Iron Hands\n|-damage|p2a: Iron Hands|46\/100\n|-unboost|p1a: Dialga|spa|2\n|move|p2a: Iron Hands|Drain Punch|p1a: Dialga\n|-supereffective|p1a: Dialga\n|-damage|p1a: Dialga|0 fnt\n|-heal|p2a: Iron Hands|53\/100|[from] drain|[of] p1a: Dialga\n|faint|p1a: Dialga\n|\n|-weather|SunnyDay|[upkeep]\n|-heal|p2a: Iron Hands|59\/100|[from] item: Leftovers\n|upkeep\n|\n|t:|1698302239\n|switch|p1a: Darkrai|Darkrai|36\/100 psn\n|turn|45\n|\n|t:|1698302245\n|move|p1a: Darkrai|Hypnosis|p2a: Iron Hands|[miss]\n|-miss|p1a: Darkrai|p2a: Iron Hands\n|move|p2a: Iron Hands|Brick Break|p1a: Darkrai\n|-supereffective|p1a: Darkrai\n|-damage|p1a: Darkrai|0 fnt\n|faint|p1a: Darkrai\n|\n|-weather|none\n|-heal|p2a: Iron Hands|66\/100|[from] item: Leftovers\n|upkeep\n|\n|t:|1698302259\n|switch|p1a: Rayquaza|Rayquaza|100\/100 par\n|-ability|p1a: Rayquaza|Air Lock\n|turn|46\n|\n|t:|1698302270\n|-end|p2a: Iron Hands|Quark Drive|[silent]\n|switch|p2a: Ninetales|Ninetales, F, shiny|100\/100\n|-weather|SunnyDay|[from] ability: Drought|[of] p2a: Ninetales\n|cant|p1a: Rayquaza|par\n|\n|-weather|SunnyDay|[upkeep]\n|upkeep\n|turn|47\n|\n|t:|1698302278\n|switch|p1a: Greninja|Greninja, M|100\/100\n|move|p2a: Ninetales|Dark Pulse|p1a: Greninja\n|-resisted|p1a: Greninja\n|-damage|p1a: Greninja|86\/100\n|\n|-weather|SunnyDay|[upkeep]\n|-heal|p1a: Greninja|92\/100|[from] item: Leftovers\n|upkeep\n|turn|48\n|\n|t:|1698302293\n|switch|p2a: Iron Hands|Iron Hands, shiny|66\/100\n|move|p1a: Greninja|Grass Knot|p2a: Iron Hands\n|-damage|p2a: Iron Hands|47\/100\n|\n|-weather|SunnyDay|[upkeep]\n|-heal|p1a: Greninja|99\/100|[from] item: Leftovers\n|-heal|p2a: Iron Hands|53\/100|[from] item: Leftovers\n|upkeep\n|turn|49\n|\n|t:|1698302302\n|switch|p1a: Rayquaza|Rayquaza|100\/100 par\n|-ability|p1a: Rayquaza|Air Lock\n|move|p2a: Iron Hands|Thunderbolt|p1a: Rayquaza\n|-damage|p1a: Rayquaza|84\/100 par\n|\n|-weather|SunnyDay|[upkeep]\n|-heal|p2a: Iron Hands|59\/100|[from] item: Leftovers\n|-heal|p1a: Rayquaza|90\/100 par|[from] item: Leftovers\n|upkeep\n|turn|50\n|\n|t:|1698302315\n|-terastallize|p2a: Iron Hands|Fighting\n|move|p2a: Iron Hands|Drain Punch|p1a: Rayquaza\n|-resisted|p1a: Rayquaza\n|-damage|p1a: Rayquaza|70\/100 par\n|-heal|p2a: Iron Hands|67\/100|[from] drain|[of] p1a: Rayquaza\n|move|p1a: Rayquaza|Brick Break|p2a: Iron Hands\n|-damage|p2a: Iron Hands|51\/100\n|\n|-weather|none\n|-heal|p2a: Iron Hands|58\/100|[from] item: Leftovers\n|-heal|p1a: Rayquaza|77\/100 par|[from] item: Leftovers\n|upkeep\n|turn|51\n|\n|t:|1698302335\n|-end|p2a: Iron Hands|Quark Drive|[silent]\n|switch|p2a: Ninetales|Ninetales, F, shiny|100\/100\n|-weather|SunnyDay|[from] ability: Drought|[of] p2a: Ninetales\n|cant|p1a: Rayquaza|par\n|\n|-weather|SunnyDay|[upkeep]\n|-heal|p1a: Rayquaza|83\/100 par|[from] item: Leftovers\n|upkeep\n|turn|52\n|\n|t:|1698302354\n|switch|p1a: Greninja|Greninja, M|99\/100\n|move|p2a: Ninetales|Dark Pulse|p1a: Greninja\n|-resisted|p1a: Greninja\n|-crit|p1a: Greninja\n|-damage|p1a: Greninja|79\/100\n|\n|-weather|SunnyDay|[upkeep]\n|-heal|p1a: Greninja|85\/100|[from] item: Leftovers\n|upkeep\n|turn|53\n|\n|t:|1698302368\n|switch|p2a: Iron Hands|Iron Hands, shiny, tera:Fighting|58\/100\n|move|p1a: Greninja|Hydro Pump|p2a: Iron Hands\n|-damage|p2a: Iron Hands|46\/100\n|\n|-weather|SunnyDay|[upkeep]\n|-heal|p1a: Greninja|91\/100|[from] item: Leftovers\n|-heal|p2a: Iron Hands|52\/100|[from] item: Leftovers\n|upkeep\n|turn|54\n|\n|t:|1698302375\n|move|p1a: Greninja|Blizzard|p2a: Iron Hands\n|-damage|p2a: Iron Hands|34\/100\n|move|p2a: Iron Hands|Iron Defense|p2a: Iron Hands\n|-boost|p2a: Iron Hands|def|2\n|\n|-weather|SunnyDay|[upkeep]\n|-heal|p1a: Greninja|97\/100|[from] item: Leftovers\n|-heal|p2a: Iron Hands|41\/100|[from] item: Leftovers\n|upkeep\n|turn|55\n|\n|t:|1698302383\n|switch|p1a: Rayquaza|Rayquaza|83\/100 par\n|-ability|p1a: Rayquaza|Air Lock\n|move|p2a: Iron Hands|Thunderbolt|p1a: Rayquaza\n|-damage|p1a: Rayquaza|68\/100 par\n|\n|-weather|none\n|-heal|p2a: Iron Hands|47\/100|[from] item: Leftovers\n|-heal|p1a: Rayquaza|74\/100 par|[from] item: Leftovers\n|upkeep\n|turn|56\n|\n|t:|1698302396\n|move|p2a: Iron Hands|Drain Punch|p1a: Rayquaza\n|-resisted|p1a: Rayquaza\n|-damage|p1a: Rayquaza|55\/100 par\n|-heal|p2a: Iron Hands|54\/100|[from] drain|[of] p1a: Rayquaza\n|cant|p1a: Rayquaza|par\n|\n|-heal|p2a: Iron Hands|60\/100|[from] item: Leftovers\n|-heal|p1a: Rayquaza|61\/100 par|[from] item: Leftovers\n|upkeep\n|turn|57\n|\n|t:|1698302407\n|move|p2a: Iron Hands|Drain Punch|p1a: Rayquaza\n|-resisted|p1a: Rayquaza\n|-damage|p1a: Rayquaza|41\/100 par\n|-heal|p2a: Iron Hands|68\/100|[from] drain|[of] p1a: Rayquaza\n|move|p1a: Rayquaza|Blizzard|p2a: Iron Hands\n|-damage|p2a: Iron Hands|46\/100\n|\n|-heal|p2a: Iron Hands|52\/100|[from] item: Leftovers\n|-heal|p1a: Rayquaza|48\/100 par|[from] item: Leftovers\n|upkeep\n|turn|58\n|\n|t:|1698302416\n|move|p2a: Iron Hands|Brick Break|p1a: Rayquaza\n|-resisted|p1a: Rayquaza\n|-damage|p1a: Rayquaza|28\/100 par\n|move|p1a: Rayquaza|Blizzard|p2a: Iron Hands\n|-crit|p2a: Iron Hands\n|-damage|p2a: Iron Hands|15\/100\n|-status|p2a: Iron Hands|frz\n|\n|-heal|p2a: Iron Hands|21\/100 frz|[from] item: Leftovers\n|-heal|p1a: Rayquaza|34\/100 par|[from] item: Leftovers\n|upkeep\n|turn|59\n|\n|t:|1698302425\n|cant|p2a: Iron Hands|frz\n|move|p1a: Rayquaza|Blizzard|p2a: Iron Hands\n|-damage|p2a: Iron Hands|0 fnt\n|faint|p2a: Iron Hands\n|-end|p2a: Iron Hands|Quark Drive|[silent]\n|\n|-heal|p1a: Rayquaza|40\/100 par|[from] item: Leftovers\n|upkeep\n|\n|t:|1698302434\n|switch|p2a: Ninetales|Ninetales, F, shiny|100\/100\n|-weather|SunnyDay|[from] ability: Drought|[of] p2a: Ninetales\n|turn|60\n|\n|t:|1698302439\n|switch|p1a: Greninja|Greninja, M|97\/100\n|move|p2a: Ninetales|Flame Charge|p1a: Greninja\n|-resisted|p1a: Greninja\n|-damage|p1a: Greninja|81\/100\n|-boost|p2a: Ninetales|spe|1\n|\n|-weather|SunnyDay|[upkeep]\n|-heal|p1a: Greninja|87\/100|[from] item: Leftovers\n|upkeep\n|turn|61\n|\n|t:|1698302457\n|move|p2a: Ninetales|Dark Pulse|p1a: Greninja\n|-resisted|p1a: Greninja\n|-damage|p1a: Greninja|73\/100\n|move|p1a: Greninja|Hydro Pump|p2a: Ninetales\n|-supereffective|p2a: Ninetales\n|-damage|p2a: Ninetales|48\/100\n|\n|-weather|SunnyDay|[upkeep]\n|-heal|p1a: Greninja|79\/100|[from] item: Leftovers\n|upkeep\n|turn|62\n|\n|t:|1698302466\n|move|p2a: Ninetales|Dark Pulse|p1a: Greninja\n|-resisted|p1a: Greninja\n|-damage|p1a: Greninja|67\/100\n|cant|p1a: Greninja|flinch\n|\n|-weather|SunnyDay|[upkeep]\n|-heal|p1a: Greninja|73\/100|[from] item: Leftovers\n|upkeep\n|turn|63\n|-message|babytray forfeited.\n|\n|win|rikyxpro\n|raw|rikyxpro's rating: 1024 &rarr; <strong>1070<\/strong><br \/>(+46 for winning)\n|raw|babytray's rating: 1114 &rarr; <strong>1083<\/strong><br \/>(-31 for losing)\n|l|\u2606babytray\n|j| Troutinspace\n|l| Troutinspace\n","uploadtime":1698302480,"views":7,"p1id":"rikyxpro","p2id":"babytray","formatid":"gen9anythinggoes","rating":1070,"private":0,"password":""}