{"id":"gen9anythinggoes-1980154801","p1":"TaxFraud094","p2":"Kiwibeast65","format":"[Gen 9] Anything Goes","log":"|j|\u2606TaxFraud094\n|j|\u2606Kiwibeast65\n|inactive|Battle timer is ON: inactive players will automatically lose when time's up.\n|t:|1698762107\n|gametype|singles\n|player|p1|TaxFraud094|acetrainerf-gen4|\n|player|p2|Kiwibeast65|lucas|\n|teamsize|p1|6\n|teamsize|p2|6\n|gen|9\n|tier|[Gen 9] Anything Goes\n|rated|Tournament battle\n|rule|Tera Type Preview: Tera Types are shown at Team Preview\n|rule|HP Percentage Mod: HP is shown in percentages\n|rule|Endless Battle Clause: Forcing endless battles is banned\n|rule|Bonus Type Mod: Pok\u00e9mon have their Tera Type added onto their current ones.\n|rule|Species Clause: Limit one of each Pok\u00e9mon\n|rule|OHKO Clause: OHKO moves are banned\n|rule|Evasion Moves Clause: Evasion moves are banned\n|rule|Sleep Moves Clause: Sleep-inducing moves are banned\n|rule|Evasion Clause: Evasion abilities, items, and moves are banned\n|rule|Evasion Abilities Clause: Evasion abilities are banned\n|rule|Evasion Items Clause: Evasion items are banned\n|rule|Terastal Clause: You cannot Terastallize\n|clearpoke\n|poke|p1|Ninetales-Alola, M|\n|poke|p1|Baxcalibur, M|\n|poke|p1|Kingambit, F|\n|poke|p1|Volcarona, F|\n|poke|p1|Ursaluna, F|\n|poke|p1|Iron Valiant|\n|poke|p2|Kommo-o, F|\n|poke|p2|Quaquaval, F|\n|poke|p2|Sinistcha-Masterpiece|\n|poke|p2|Kingambit, F|\n|poke|p2|Walking Wake|\n|poke|p2|Samurott-Hisui, F|\n|teampreview\n|raw|TaxFraud094's Tera Types:<br \/><psicon pokemon=\"ninetalesalola\" \/><psicon type=\"Water\" \/> \/ <psicon pokemon=\"baxcalibur\" \/><psicon type=\"Ground\" \/> \/ <psicon pokemon=\"kingambit\" \/><psicon type=\"Ghost\" \/> \/ <psicon pokemon=\"volcarona\" \/><psicon type=\"Grass\" \/> \/ <psicon pokemon=\"ursaluna\" \/><psicon type=\"Ghost\" \/> \/ <psicon pokemon=\"ironvaliant\" \/><psicon type=\"Ghost\" \/>\n|raw|Kiwibeast65's Tera Types:<br \/><psicon pokemon=\"kommoo\" \/><psicon type=\"Steel\" \/> \/ <psicon pokemon=\"quaquaval\" \/><psicon type=\"Flying\" \/> \/ <psicon pokemon=\"sinistchamasterpiece\" \/><psicon type=\"Fire\" \/> \/ <psicon pokemon=\"kingambit\" \/><psicon type=\"Bug\" \/> \/ <psicon pokemon=\"walkingwake\" \/><psicon type=\"Fire\" \/> \/ <psicon pokemon=\"samurotthisui\" \/><psicon type=\"Bug\" \/>\n|inactive|TaxFraud094 also wants the timer to be on.\n|\n|t:|1698762114\n|start\n|switch|p1a: Ninetales|Ninetales-Alola, M, shiny|100\/100\n|switch|p2a: Samurott|Samurott-Hisui, F, shiny|100\/100\n|-start|p1a: Ninetales|typechange|Ice\/Fairy\/Water|[silent]\n|-weather|Snow|[from] ability: Snow Warning|[of] p1a: Ninetales\n|-start|p2a: Samurott|typechange|Water\/Dark\/Bug|[silent]\n|-start|p1a: Ninetales|typechange|Ice\/Fairy\/Water|[silent]\n|-start|p2a: Samurott|typechange|Water\/Dark\/Bug|[silent]\n|turn|1\n|j|%Gimlaf\n|j|@kenn\n|\n|t:|1698762123\n|move|p1a: Ninetales|Aurora Veil|p1a: Ninetales\n|-sidestart|p1: TaxFraud094|move: Aurora Veil\n|move|p2a: Samurott|Ceaseless Edge|p1a: Ninetales\n|-resisted|p1a: Ninetales\n|-damage|p1a: Ninetales|91\/100\n|-sidestart|p1: TaxFraud094|Spikes\n|\n|-weather|Snow|[upkeep]\n|upkeep\n|turn|2\n|\n|t:|1698762130\n|move|p1a: Ninetales|Freeze-Dry|p2a: Samurott\n|-supereffective|p2a: Samurott\n|-damage|p2a: Samurott|38\/100\n|move|p2a: Samurott|Ceaseless Edge|p1a: Ninetales\n|-resisted|p1a: Ninetales\n|-damage|p1a: Ninetales|82\/100\n|-sidestart|p1: TaxFraud094|Spikes\n|\n|-weather|Snow|[upkeep]\n|-heal|p2a: Samurott|44\/100|[from] item: Leftovers\n|upkeep\n|turn|3\n|\n|t:|1698762143\n|move|p1a: Ninetales|Moonblast|p2a: Samurott\n|-supereffective|p2a: Samurott\n|-damage|p2a: Samurott|0 fnt\n|faint|p2a: Samurott\n|\n|-weather|Snow|[upkeep]\n|upkeep\n|\n|t:|1698762153\n|switch|p2a: Kommo-o|Kommo-o, F, shiny|100\/100\n|-start|p2a: Kommo-o|typechange|Dragon\/Fighting\/Steel|[silent]\n|-start|p2a: Kommo-o|typechange|Dragon\/Fighting\/Steel|[silent]\n|turn|4\n|\n|t:|1698762157\n|move|p1a: Ninetales|Moonblast|p2a: Kommo-o\n|-supereffective|p2a: Kommo-o\n|-damage|p2a: Kommo-o|54\/100\n|-unboost|p2a: Kommo-o|spa|1\n|move|p2a: Kommo-o|Iron Head|p1a: Ninetales\n|-supereffective|p1a: Ninetales\n|-damage|p1a: Ninetales|51\/100\n|\n|-weather|Snow|[upkeep]\n|-heal|p2a: Kommo-o|61\/100|[from] item: Leftovers\n|upkeep\n|turn|5\n|\n|t:|1698762185\n|switch|p2a: Kingambit|Kingambit, F, shiny|100\/100\n|-start|p2a: Kingambit|typechange|Dark\/Steel\/Bug|[silent]\n|-activate|p2a: Kingambit|ability: Supreme Overlord\n|-start|p2a: Kingambit|fallen1|[silent]\n|move|p1a: Ninetales|Encore||[still]\n|-fail|p1a: Ninetales\n|\n|-weather|none\n|upkeep\n|-start|p2a: Kingambit|typechange|Dark\/Steel\/Bug|[silent]\n|turn|6\n|\n|t:|1698762194\n|switch|p1a: Volcarona|Volcarona, F|100\/100\n|-start|p1a: Volcarona|typechange|Bug\/Fire\/Grass|[silent]\n|move|p2a: Kingambit|Iron Head|p1a: Volcarona\n|-resisted|p1a: Volcarona\n|-damage|p1a: Volcarona|79\/100\n|\n|upkeep\n|-start|p1a: Volcarona|typechange|Bug\/Fire\/Grass|[silent]\n|turn|7\n|\n|t:|1698762201\n|-end|p2a: Kingambit|fallen1|[silent]\n|switch|p2a: Quaquaval|Quaquaval, F, shiny|100\/100\n|-start|p2a: Quaquaval|typechange|Water\/Fighting\/Flying|[silent]\n|move|p1a: Volcarona|Quiver Dance|p1a: Volcarona\n|-boost|p1a: Volcarona|spa|1\n|-boost|p1a: Volcarona|spd|1\n|-boost|p1a: Volcarona|spe|1\n|\n|upkeep\n|-start|p2a: Quaquaval|typechange|Water\/Fighting\/Flying|[silent]\n|turn|8\n|\n|t:|1698762211\n|move|p1a: Volcarona|Giga Drain|p2a: Quaquaval\n|-damage|p2a: Quaquaval|18\/100\n|-heal|p1a: Volcarona|100\/100|[from] drain|[of] p2a: Quaquaval\n|move|p2a: Quaquaval|Acrobatics|p1a: Volcarona\n|-supereffective|p1a: Volcarona\n|-damage|p1a: Volcarona|21\/100\n|\n|-sideend|p1: TaxFraud094|move: Aurora Veil\n|upkeep\n|turn|9\n|\n|t:|1698762221\n|move|p1a: Volcarona|Flamethrower|p2a: Quaquaval\n|-resisted|p2a: Quaquaval\n|-damage|p2a: Quaquaval|0 fnt\n|faint|p2a: Quaquaval\n|\n|upkeep\n|\n|t:|1698762228\n|switch|p2a: Sinistcha|Sinistcha-Masterpiece, shiny|100\/100\n|-start|p2a: Sinistcha|typechange|Grass\/Ghost\/Fire|[silent]\n|-start|p2a: Sinistcha|typechange|Grass\/Ghost\/Fire|[silent]\n|turn|10\n|\n|t:|1698762235\n|move|p1a: Volcarona|Flamethrower|p2a: Sinistcha\n|-damage|p2a: Sinistcha|54\/100\n|move|p2a: Sinistcha|Scald|p1a: Volcarona\n|-damage|p1a: Volcarona|0 fnt\n|faint|p1a: Volcarona\n|\n|-heal|p2a: Sinistcha|60\/100|[from] item: Leftovers\n|upkeep\n|\n|t:|1698762250\n|switch|p1a: Iron Valiant|Iron Valiant|100\/100\n|-start|p1a: Iron Valiant|typechange|Fairy\/Fighting\/Ghost|[silent]\n|-damage|p1a: Iron Valiant|84\/100|[from] Spikes\n|-enditem|p1a: Iron Valiant|Booster Energy\n|-activate|p1a: Iron Valiant|ability: Quark Drive|[fromitem]\n|-start|p1a: Iron Valiant|quarkdrivespe\n|-start|p1a: Iron Valiant|typechange|Fairy\/Fighting\/Ghost|[silent]\n|turn|11\n|j| zombeas\n|\n|t:|1698762256\n|move|p1a: Iron Valiant|Shadow Ball|p2a: Sinistcha\n|-supereffective|p2a: Sinistcha\n|-damage|p2a: Sinistcha|0 fnt\n|faint|p2a: Sinistcha\n|\n|upkeep\n|\n|t:|1698762264\n|switch|p2a: Kingambit|Kingambit, F, shiny|100\/100\n|-start|p2a: Kingambit|typechange|Dark\/Steel\/Bug|[silent]\n|-activate|p2a: Kingambit|ability: Supreme Overlord\n|-start|p2a: Kingambit|fallen3|[silent]\n|-start|p2a: Kingambit|typechange|Dark\/Steel\/Bug|[silent]\n|turn|12\n|\n|t:|1698762275\n|move|p1a: Iron Valiant|Moonblast|p2a: Kingambit\n|-damage|p2a: Kingambit|51\/100\n|move|p2a: Kingambit|Zen Headbutt|p1a: Iron Valiant\n|-supereffective|p1a: Iron Valiant\n|-damage|p1a: Iron Valiant|0 fnt\n|faint|p1a: Iron Valiant\n|-end|p1a: Iron Valiant|Quark Drive|[silent]\n|\n|-heal|p2a: Kingambit|58\/100|[from] item: Leftovers\n|upkeep\n|\n|t:|1698762284\n|switch|p1a: Kingambit|Kingambit, F|100\/100\n|-start|p1a: Kingambit|typechange|Dark\/Steel\/Ghost|[silent]\n|-activate|p1a: Kingambit|ability: Supreme Overlord\n|-start|p1a: Kingambit|fallen2|[silent]\n|-item|p1a: Kingambit|Air Balloon\n|-start|p1a: Kingambit|typechange|Dark\/Steel\/Ghost|[silent]\n|turn|13\n|\n|t:|1698762295\n|move|p2a: Kingambit|Sucker Punch||[still]\n|-fail|p2a: Kingambit\n|move|p1a: Kingambit|Swords Dance|p1a: Kingambit\n|-boost|p1a: Kingambit|atk|2\n|\n|-heal|p2a: Kingambit|64\/100|[from] item: Leftovers\n|upkeep\n|turn|14\n|\n|t:|1698762303\n|move|p2a: Kingambit|Sucker Punch|p1a: Kingambit\n|-damage|p1a: Kingambit|52\/100\n|-enditem|p1a: Kingambit|Air Balloon\n|move|p1a: Kingambit|Low Kick|p2a: Kingambit\n|-supereffective|p2a: Kingambit\n|-damage|p2a: Kingambit|0 fnt\n|faint|p2a: Kingambit\n|-end|p2a: Kingambit|fallen3|[silent]\n|\n|upkeep\n|\n|t:|1698762312\n|switch|p2a: Walking Wake|Walking Wake|100\/100\n|-start|p2a: Walking Wake|typechange|Water\/Dragon\/Fire|[silent]\n|-start|p2a: Walking Wake|typechange|Water\/Dragon\/Fire|[silent]\n|turn|15\n|\n|t:|1698762316\n|move|p1a: Kingambit|Sucker Punch|p2a: Walking Wake\n|-damage|p2a: Walking Wake|3\/100\n|move|p2a: Walking Wake|Flamethrower|p1a: Kingambit\n|-supereffective|p1a: Kingambit\n|-damage|p1a: Kingambit|0 fnt\n|faint|p1a: Kingambit\n|-end|p1a: Kingambit|fallen2|[silent]\n|-damage|p2a: Walking Wake|0 fnt|[from] item: Life Orb\n|faint|p2a: Walking Wake\n|-end|p2a: Walking Wake|Protosynthesis|[silent]\n|\n|upkeep\n|\n|t:|1698762326\n|switch|p2a: Kommo-o|Kommo-o, F, shiny|61\/100\n|switch|p1a: Baxcalibur|Baxcalibur, M|100\/100\n|-start|p1a: Baxcalibur|typechange|Dragon\/Ice\/Ground|[silent]\n|-damage|p1a: Baxcalibur|84\/100|[from] Spikes\n|-start|p2a: Kommo-o|typechange|Dragon\/Fighting\/Steel|[silent]\n|-start|p1a: Baxcalibur|typechange|Dragon\/Ice\/Ground|[silent]\n|-start|p2a: Kommo-o|typechange|Dragon\/Fighting\/Steel|[silent]\n|turn|16\n|c|\u2606TaxFraud094|gg\n|\n|t:|1698762337\n|move|p1a: Baxcalibur|Earthquake|p2a: Kommo-o\n|-supereffective|p2a: Kommo-o\n|-damage|p2a: Kommo-o|0 fnt\n|faint|p2a: Kommo-o\n|\n|win|TaxFraud094\n|n|\u2606TaxFraud094|taxfraud094\n|n|\u2606Kiwibeast65|kiwibeast65\n|n| Gimlaf|gimlaf\n|n|@kenn|kenn\n|n| zombeas|zombeas\n","uploadtime":1698762338,"views":8,"p1id":"taxfraud094","p2id":"kiwibeast65","formatid":"gen9anythinggoes","rating":0,"private":0,"password":""}