{"id":"gen9anythinggoes-1973912396","p1":"Sundude1000","p2":"theluckyone26","format":"[Gen 9] Anything Goes","log":"|j|\u2606Sundude1000\n|j|\u2606theluckyone26\n|t:|1698027309\n|gametype|singles\n|player|p1|Sundude1000|dragontamer|1480\n|player|p2|theluckyone26|265|1412\n|teamsize|p1|6\n|teamsize|p2|6\n|gen|9\n|tier|[Gen 9] Anything Goes\n|rated|\n|rule|HP Percentage Mod: HP is shown in percentages\n|rule|Endless Battle Clause: Forcing endless battles is banned\n|clearpoke\n|poke|p1|Darkrai|\n|poke|p1|Clodsire, F|\n|poke|p1|Scovillain, M|\n|poke|p1|Koraidon|\n|poke|p1|Magearna|\n|poke|p1|Gliscor, F|\n|poke|p2|Iron Bundle|\n|poke|p2|Scovillain, F|\n|poke|p2|Calyrex-Shadow|\n|poke|p2|Sneasler, F|\n|poke|p2|Urshifu-*, F|\n|poke|p2|Ditto|\n|teampreview\n|c|\u2606Sundude1000|not ditto\n|\n|t:|1698027320\n|start\n|switch|p1a: Koraidon|Koraidon|100\/100\n|switch|p2a: Iron Bundle|Iron Bundle, shiny|100\/100\n|-weather|SunnyDay|[from] ability: Orichalcum Pulse|[of] p1a: Koraidon\n|-activate|p1a: Koraidon|Orichalcum Pulse|[source]\n|-enditem|p2a: Iron Bundle|Booster Energy\n|-activate|p2a: Iron Bundle|ability: Quark Drive|[fromitem]\n|-start|p2a: Iron Bundle|quarkdrivespe\n|turn|1\n|inactive|Battle timer is ON: inactive players will automatically lose when time's up. (requested by theluckyone26)\n|\n|t:|1698027324\n|-terastallize|p1a: Koraidon|Fire\n|move|p2a: Iron Bundle|Freeze-Dry|p1a: Koraidon\n|-resisted|p1a: Koraidon\n|-damage|p1a: Koraidon|89\/100\n|move|p1a: Koraidon|Flame Charge|p2a: Iron Bundle\n|-damage|p2a: Iron Bundle|17\/100\n|-boost|p1a: Koraidon|spe|1\n|\n|-weather|SunnyDay|[upkeep]\n|upkeep\n|turn|2\n|\n|t:|1698027332\n|move|p2a: Iron Bundle|Hydro Pump|p1a: Koraidon\n|-supereffective|p1a: Koraidon\n|-damage|p1a: Koraidon|57\/100\n|move|p1a: Koraidon|Flame Charge|p2a: Iron Bundle\n|-damage|p2a: Iron Bundle|0 fnt\n|-boost|p1a: Koraidon|spe|1\n|faint|p2a: Iron Bundle\n|-end|p2a: Iron Bundle|Quark Drive|[silent]\n|\n|-weather|SunnyDay|[upkeep]\n|upkeep\n|\n|t:|1698027337\n|switch|p2a: Ditto|Ditto|100\/100\n|-transform|p2a: Ditto|p1a: Koraidon|[from] ability: Imposter\n|-activate|p2a: Ditto|ability: Orichalcum Pulse\n|-start|p2a: Ditto|typechange|Fighting\/Dragon|[silent]\n|turn|3\n|\n|t:|1698027344\n|move|p2a: Ditto|Collision Course|p1a: Koraidon\n|-damage|p1a: Koraidon|0 fnt\n|faint|p1a: Koraidon\n|\n|-weather|SunnyDay|[upkeep]\n|upkeep\n|\n|t:|1698027349\n|switch|p1a: Gliscor|Gliscor, F|100\/100\n|turn|4\n|\n|t:|1698027362\n|move|p2a: Ditto|Collision Course|p1a: Gliscor\n|-resisted|p1a: Gliscor\n|-damage|p1a: Gliscor|77\/100\n|move|p1a: Gliscor|Swords Dance|p1a: Gliscor\n|-boost|p1a: Gliscor|atk|2\n|\n|-weather|SunnyDay|[upkeep]\n|-status|p1a: Gliscor|tox|[from] item: Toxic Orb\n|upkeep\n|turn|5\n|\n|t:|1698027367\n|switch|p2a: Urshifu|Urshifu-Rapid-Strike, F|100\/100\n|move|p1a: Gliscor|Dual Wingbeat|p2a: Urshifu\n|-supereffective|p2a: Urshifu\n|-damage|p2a: Urshifu|46\/100\n|-supereffective|p2a: Urshifu\n|-damage|p2a: Urshifu|0 fnt\n|faint|p2a: Urshifu\n|-hitcount|p2: Urshifu|2\n|\n|-weather|none\n|-heal|p1a: Gliscor|89\/100 tox|[from] ability: Poison Heal\n|upkeep\n|\n|t:|1698027370\n|switch|p2a: Ditto|Ditto|100\/100\n|-transform|p2a: Ditto|p1a: Gliscor|[from] ability: Imposter\n|turn|6\n|n|!Sundude1000|sundude1000\n|\n|t:|1698027387\n|move|p1a: Gliscor|Protect|p1a: Gliscor\n|-singleturn|p1a: Gliscor|Protect\n|move|p2a: Ditto|Dual Wingbeat|p1a: Gliscor\n|-activate|p1a: Gliscor|move: Protect\n|\n|-heal|p1a: Gliscor|100\/100 tox|[from] ability: Poison Heal\n|upkeep\n|turn|7\n|\n|t:|1698027406\n|switch|p1a: Magearna|Magearna|100\/100\n|move|p2a: Ditto|Dual Wingbeat|p1a: Magearna\n|-resisted|p1a: Magearna\n|-crit|p1a: Magearna\n|-damage|p1a: Magearna|87\/100\n|-resisted|p1a: Magearna\n|-damage|p1a: Magearna|78\/100\n|-hitcount|p1a: Magearna|2\n|\n|upkeep\n|turn|8\n|\n|t:|1698027413\n|switch|p2a: Scovillain|Scovillain, F|100\/100\n|move|p1a: Magearna|Calm Mind|p1a: Magearna\n|-boost|p1a: Magearna|spa|1\n|-boost|p1a: Magearna|spd|1\n|\n|-ability|p2a: Scovillain|Moody|boost\n|-boost|p2a: Scovillain|spe|2\n|-unboost|p2a: Scovillain|def|1\n|upkeep\n|turn|9\n|\n|t:|1698027421\n|move|p2a: Scovillain|Leech Seed|p1a: Magearna\n|-start|p1a: Magearna|move: Leech Seed\n|move|p1a: Magearna|Psyshock|p2a: Scovillain\n|-damage|p2a: Scovillain|24\/100\n|\n|-heal|p2a: Scovillain|30\/100|[from] item: Leftovers\n|-damage|p1a: Magearna|66\/100|[from] Leech Seed|[of] p2a: Scovillain\n|-heal|p2a: Scovillain|42\/100|[silent]\n|-ability|p2a: Scovillain|Moody|boost\n|-boost|p2a: Scovillain|spd|2\n|-unboost|p2a: Scovillain|spa|1\n|upkeep\n|turn|10\n|\n|t:|1698027427\n|move|p2a: Scovillain|Protect|p2a: Scovillain\n|-singleturn|p2a: Scovillain|Protect\n|move|p1a: Magearna|Psyshock|p2a: Scovillain\n|-activate|p2a: Scovillain|move: Protect\n|\n|-heal|p2a: Scovillain|48\/100|[from] item: Leftovers\n|-damage|p1a: Magearna|54\/100|[from] Leech Seed|[of] p2a: Scovillain\n|-heal|p2a: Scovillain|61\/100|[silent]\n|-ability|p2a: Scovillain|Moody|boost\n|-boost|p2a: Scovillain|spa|2\n|-unboost|p2a: Scovillain|def|1\n|upkeep\n|turn|11\n|\n|t:|1698027436\n|switch|p1a: Scovillain|Scovillain, M|100\/100\n|move|p2a: Scovillain|Substitute|p2a: Scovillain\n|-start|p2a: Scovillain|Substitute\n|-damage|p2a: Scovillain|36\/100\n|\n|-heal|p2a: Scovillain|42\/100|[from] item: Leftovers\n|-ability|p2a: Scovillain|Moody|boost\n|-boost|p2a: Scovillain|spa|2\n|-unboost|p2a: Scovillain|def|1\n|-ability|p1a: Scovillain|Moody|boost\n|-boost|p1a: Scovillain|atk|2\n|-unboost|p1a: Scovillain|spa|1\n|upkeep\n|turn|12\n|\n|t:|1698027442\n|move|p2a: Scovillain|Flamethrower|p1a: Scovillain\n|-damage|p1a: Scovillain|5\/100\n|move|p1a: Scovillain|Flamethrower|p2a: Scovillain\n|-activate|p2a: Scovillain|move: Substitute|[damage]\n|\n|-heal|p2a: Scovillain|48\/100|[from] item: Leftovers\n|-heal|p1a: Scovillain|12\/100|[from] item: Leftovers\n|-ability|p2a: Scovillain|Moody|boost\n|-boost|p2a: Scovillain|spd|2\n|-unboost|p2a: Scovillain|def|1\n|-ability|p1a: Scovillain|Moody|boost\n|-boost|p1a: Scovillain|spa|2\n|-unboost|p1a: Scovillain|atk|1\n|upkeep\n|turn|13\n|\n|t:|1698027450\n|move|p1a: Scovillain|Protect|p1a: Scovillain\n|-singleturn|p1a: Scovillain|Protect\n|move|p2a: Scovillain|Flamethrower|p1a: Scovillain\n|-activate|p1a: Scovillain|move: Protect\n|\n|-heal|p2a: Scovillain|54\/100|[from] item: Leftovers\n|-heal|p1a: Scovillain|18\/100|[from] item: Leftovers\n|-ability|p2a: Scovillain|Moody|boost\n|-boost|p2a: Scovillain|def|2\n|-unboost|p2a: Scovillain|spd|1\n|-ability|p1a: Scovillain|Moody|boost\n|-boost|p1a: Scovillain|spa|2\n|-unboost|p1a: Scovillain|atk|1\n|upkeep\n|turn|14\n|\n|t:|1698027454\n|move|p2a: Scovillain|Flamethrower|p1a: Scovillain\n|-damage|p1a: Scovillain|0 fnt\n|faint|p1a: Scovillain\n|\n|-heal|p2a: Scovillain|60\/100|[from] item: Leftovers\n|-ability|p2a: Scovillain|Moody|boost\n|-boost|p2a: Scovillain|spd|2\n|-unboost|p2a: Scovillain|atk|1\n|upkeep\n|\n|t:|1698027462\n|switch|p1a: Clodsire|Clodsire, F, shiny|100\/100\n|turn|15\n|\n|t:|1698027465\n|move|p2a: Scovillain|Leech Seed|p1a: Clodsire\n|-start|p1a: Clodsire|move: Leech Seed\n|move|p1a: Clodsire|Earthquake|p2a: Scovillain\n|-end|p2a: Scovillain|Substitute\n|\n|-heal|p2a: Scovillain|66\/100|[from] item: Leftovers\n|-damage|p1a: Clodsire|88\/100|[from] Leech Seed|[of] p2a: Scovillain\n|-heal|p2a: Scovillain|83\/100|[silent]\n|-ability|p2a: Scovillain|Moody|boost\n|-boost|p2a: Scovillain|def|2\n|-unboost|p2a: Scovillain|spd|1\n|upkeep\n|turn|16\n|\n|t:|1698027473\n|switch|p1a: Darkrai|Darkrai|100\/100\n|move|p2a: Scovillain|Substitute|p2a: Scovillain\n|-start|p2a: Scovillain|Substitute\n|-damage|p2a: Scovillain|58\/100\n|\n|-heal|p2a: Scovillain|64\/100|[from] item: Leftovers\n|-ability|p2a: Scovillain|Moody|boost\n|-boost|p2a: Scovillain|def|2\n|-unboost|p2a: Scovillain|spe|1\n|upkeep\n|turn|17\n|\n|t:|1698027476\n|move|p2a: Scovillain|Flamethrower|p1a: Darkrai\n|-damage|p1a: Darkrai|0 fnt\n|faint|p1a: Darkrai\n|\n|-heal|p2a: Scovillain|70\/100|[from] item: Leftovers\n|-ability|p2a: Scovillain|Moody|boost\n|-boost|p2a: Scovillain|spe|2\n|-unboost|p2a: Scovillain|spd|1\n|upkeep\n|\n|t:|1698027486\n|switch|p1a: Clodsire|Clodsire, F, shiny|88\/100\n|turn|18\n|\n|t:|1698027490\n|move|p2a: Scovillain|Leech Seed|p1a: Clodsire\n|-start|p1a: Clodsire|move: Leech Seed\n|move|p1a: Clodsire|Earthquake|p2a: Scovillain\n|-end|p2a: Scovillain|Substitute\n|\n|-heal|p2a: Scovillain|76\/100|[from] item: Leftovers\n|-heal|p1a: Clodsire|94\/100|[from] item: Leftovers\n|-damage|p1a: Clodsire|82\/100|[from] Leech Seed|[of] p2a: Scovillain\n|-heal|p2a: Scovillain|92\/100|[silent]\n|-ability|p2a: Scovillain|Moody|boost\n|-boost|p2a: Scovillain|spe|2\n|-unboost|p2a: Scovillain|spd|1\n|upkeep\n|turn|19\n|\n|t:|1698027496\n|move|p2a: Scovillain|Protect|p2a: Scovillain\n|-singleturn|p2a: Scovillain|Protect\n|move|p1a: Clodsire|Earthquake|p2a: Scovillain\n|-activate|p2a: Scovillain|move: Protect\n|\n|-heal|p2a: Scovillain|98\/100|[from] item: Leftovers\n|-heal|p1a: Clodsire|88\/100|[from] item: Leftovers\n|-damage|p1a: Clodsire|75\/100|[from] Leech Seed|[of] p2a: Scovillain\n|-heal|p2a: Scovillain|100\/100|[silent]\n|-ability|p2a: Scovillain|Moody|boost\n|-boost|p2a: Scovillain|def|2\n|-unboost|p2a: Scovillain|atk|1\n|upkeep\n|turn|20\n|\n|t:|1698027501\n|move|p2a: Scovillain|Substitute|p2a: Scovillain\n|-start|p2a: Scovillain|Substitute\n|-damage|p2a: Scovillain|76\/100\n|move|p1a: Clodsire|Earthquake|p2a: Scovillain\n|-end|p2a: Scovillain|Substitute\n|\n|-heal|p2a: Scovillain|82\/100|[from] item: Leftovers\n|-heal|p1a: Clodsire|81\/100|[from] item: Leftovers\n|-damage|p1a: Clodsire|69\/100|[from] Leech Seed|[of] p2a: Scovillain\n|-heal|p2a: Scovillain|98\/100|[silent]\n|-ability|p2a: Scovillain|Moody|boost\n|-boost|p2a: Scovillain|spd|2\n|-unboost|p2a: Scovillain|spa|1\n|upkeep\n|turn|21\n|\n|t:|1698027507\n|move|p2a: Scovillain|Substitute|p2a: Scovillain\n|-start|p2a: Scovillain|Substitute\n|-damage|p2a: Scovillain|73\/100\n|move|p1a: Clodsire|Recover|p1a: Clodsire\n|-heal|p1a: Clodsire|100\/100\n|\n|-heal|p2a: Scovillain|79\/100|[from] item: Leftovers\n|-damage|p1a: Clodsire|88\/100|[from] Leech Seed|[of] p2a: Scovillain\n|-heal|p2a: Scovillain|96\/100|[silent]\n|-ability|p2a: Scovillain|Moody|boost\n|-boost|p2a: Scovillain|spe|1\n|-unboost|p2a: Scovillain|spd|1\n|upkeep\n|turn|22\n|\n|t:|1698027516\n|move|p2a: Scovillain|Protect|p2a: Scovillain\n|-singleturn|p2a: Scovillain|Protect\n|move|p1a: Clodsire|Earthquake|p2a: Scovillain\n|-activate|p2a: Scovillain|move: Protect\n|\n|-heal|p2a: Scovillain|100\/100|[from] item: Leftovers\n|-heal|p1a: Clodsire|94\/100|[from] item: Leftovers\n|-damage|p1a: Clodsire|82\/100|[from] Leech Seed|[of] p2a: Scovillain\n|-ability|p2a: Scovillain|Moody|boost\n|-boost|p2a: Scovillain|spd|2\n|-unboost|p2a: Scovillain|atk|1\n|upkeep\n|turn|23\n|\n|t:|1698027527\n|move|p2a: Scovillain|Flamethrower|p1a: Clodsire\n|-damage|p1a: Clodsire|61\/100\n|move|p1a: Clodsire|Earthquake|p2a: Scovillain\n|-end|p2a: Scovillain|Substitute\n|\n|-heal|p1a: Clodsire|67\/100|[from] item: Leftovers\n|-damage|p1a: Clodsire|54\/100|[from] Leech Seed|[of] p2a: Scovillain\n|-ability|p2a: Scovillain|Moody|boost\n|-boost|p2a: Scovillain|spd|1\n|-unboost|p2a: Scovillain|atk|1\n|upkeep\n|turn|24\n|\n|t:|1698027543\n|switch|p1a: Gliscor|Gliscor, F|100\/100 tox\n|move|p2a: Scovillain|Substitute|p2a: Scovillain\n|-start|p2a: Scovillain|Substitute\n|-damage|p2a: Scovillain|76\/100\n|\n|-heal|p2a: Scovillain|82\/100|[from] item: Leftovers\n|-ability|p2a: Scovillain|Moody|boost\n|-boost|p2a: Scovillain|atk|2\n|-unboost|p2a: Scovillain|spa|1\n|upkeep\n|turn|25\n|\n|t:|1698027547\n|move|p2a: Scovillain|Flamethrower|p1a: Gliscor\n|-damage|p1a: Gliscor|48\/100 tox\n|move|p1a: Gliscor|Dual Wingbeat|p2a: Scovillain\n|-supereffective|p2a: Scovillain\n|-activate|p2a: Scovillain|move: Substitute|[damage]\n|-supereffective|p2a: Scovillain\n|-end|p2a: Scovillain|Substitute\n|-hitcount|p2a: Scovillain|2\n|\n|-heal|p2a: Scovillain|88\/100|[from] item: Leftovers\n|-heal|p1a: Gliscor|60\/100 tox|[from] ability: Poison Heal\n|-ability|p2a: Scovillain|Moody|boost\n|-boost|p2a: Scovillain|def|2\n|-unboost|p2a: Scovillain|spa|1\n|upkeep\n|turn|26\n|\n|t:|1698027558\n|move|p1a: Gliscor|Protect|p1a: Gliscor\n|-singleturn|p1a: Gliscor|Protect\n|move|p2a: Scovillain|Flamethrower|p1a: Gliscor\n|-activate|p1a: Gliscor|move: Protect\n|\n|-heal|p2a: Scovillain|94\/100|[from] item: Leftovers\n|-heal|p1a: Gliscor|72\/100 tox|[from] ability: Poison Heal\n|-ability|p2a: Scovillain|Moody|boost\n|-boost|p2a: Scovillain|spa|2\n|-unboost|p2a: Scovillain|spe|1\n|upkeep\n|turn|27\n|\n|t:|1698027568\n|move|p2a: Scovillain|Substitute|p2a: Scovillain\n|-start|p2a: Scovillain|Substitute\n|-damage|p2a: Scovillain|69\/100\n|move|p1a: Gliscor|Dual Wingbeat|p2a: Scovillain\n|-supereffective|p2a: Scovillain\n|-activate|p2a: Scovillain|move: Substitute|[damage]\n|-supereffective|p2a: Scovillain\n|-activate|p2a: Scovillain|move: Substitute|[damage]\n|-hitcount|p2a: Scovillain|2\n|\n|-heal|p2a: Scovillain|75\/100|[from] item: Leftovers\n|-heal|p1a: Gliscor|84\/100 tox|[from] ability: Poison Heal\n|-ability|p2a: Scovillain|Moody|boost\n|-boost|p2a: Scovillain|atk|2\n|-unboost|p2a: Scovillain|spd|1\n|upkeep\n|turn|28\n|\n|t:|1698027573\n|move|p1a: Gliscor|Protect|p1a: Gliscor\n|-singleturn|p1a: Gliscor|Protect\n|move|p2a: Scovillain|Flamethrower|p1a: Gliscor\n|-activate|p1a: Gliscor|move: Protect\n|\n|-heal|p2a: Scovillain|81\/100|[from] item: Leftovers\n|-heal|p1a: Gliscor|96\/100 tox|[from] ability: Poison Heal\n|-ability|p2a: Scovillain|Moody|boost\n|-boost|p2a: Scovillain|atk|2\n|-unboost|p2a: Scovillain|spe|1\n|upkeep\n|turn|29\n|\n|t:|1698027578\n|move|p2a: Scovillain|Leech Seed|p1a: Gliscor\n|-start|p1a: Gliscor|move: Leech Seed\n|move|p1a: Gliscor|Dual Wingbeat|p2a: Scovillain\n|-supereffective|p2a: Scovillain\n|-end|p2a: Scovillain|Substitute\n|-supereffective|p2a: Scovillain\n|-damage|p2a: Scovillain|71\/100\n|-hitcount|p2a: Scovillain|2\n|\n|-heal|p2a: Scovillain|77\/100|[from] item: Leftovers\n|-damage|p1a: Gliscor|84\/100 tox|[from] Leech Seed|[of] p2a: Scovillain\n|-heal|p2a: Scovillain|89\/100|[silent]\n|-heal|p1a: Gliscor|96\/100 tox|[from] ability: Poison Heal\n|-ability|p2a: Scovillain|Moody|boost\n|-boost|p2a: Scovillain|atk|2\n|-unboost|p2a: Scovillain|spa|1\n|upkeep\n|turn|30\n|\n|t:|1698027590\n|move|p2a: Scovillain|Substitute|p2a: Scovillain\n|-start|p2a: Scovillain|Substitute\n|-damage|p2a: Scovillain|64\/100\n|move|p1a: Gliscor|Dual Wingbeat|p2a: Scovillain\n|-supereffective|p2a: Scovillain\n|-activate|p2a: Scovillain|move: Substitute|[damage]\n|-supereffective|p2a: Scovillain\n|-activate|p2a: Scovillain|move: Substitute|[damage]\n|-hitcount|p2a: Scovillain|2\n|\n|-heal|p2a: Scovillain|70\/100|[from] item: Leftovers\n|-damage|p1a: Gliscor|84\/100 tox|[from] Leech Seed|[of] p2a: Scovillain\n|-heal|p2a: Scovillain|82\/100|[silent]\n|-heal|p1a: Gliscor|96\/100 tox|[from] ability: Poison Heal\n|-ability|p2a: Scovillain|Moody|boost\n|-boost|p2a: Scovillain|spa|2\n|-unboost|p2a: Scovillain|spd|1\n|upkeep\n|turn|31\n|\n|t:|1698027599\n|move|p2a: Scovillain|Protect|p2a: Scovillain\n|-singleturn|p2a: Scovillain|Protect\n|move|p1a: Gliscor|Dual Wingbeat|p2a: Scovillain\n|-activate|p2a: Scovillain|move: Protect\n|\n|-heal|p2a: Scovillain|88\/100|[from] item: Leftovers\n|-damage|p1a: Gliscor|84\/100 tox|[from] Leech Seed|[of] p2a: Scovillain\n|-heal|p2a: Scovillain|99\/100|[silent]\n|-heal|p1a: Gliscor|96\/100 tox|[from] ability: Poison Heal\n|-ability|p2a: Scovillain|Moody|boost\n|-boost|p2a: Scovillain|spe|2\n|-unboost|p2a: Scovillain|spd|1\n|upkeep\n|turn|32\n|\n|t:|1698027608\n|move|p2a: Scovillain|Flamethrower|p1a: Gliscor\n|-damage|p1a: Gliscor|8\/100 tox\n|move|p1a: Gliscor|Dual Wingbeat|p2a: Scovillain\n|-supereffective|p2a: Scovillain\n|-end|p2a: Scovillain|Substitute\n|-supereffective|p2a: Scovillain\n|-damage|p2a: Scovillain|90\/100\n|-hitcount|p2a: Scovillain|2\n|\n|-heal|p2a: Scovillain|96\/100|[from] item: Leftovers\n|-damage|p1a: Gliscor|0 fnt|[from] Leech Seed|[of] p2a: Scovillain\n|-heal|p2a: Scovillain|100\/100|[silent]\n|faint|p1a: Gliscor\n|-ability|p2a: Scovillain|Moody|boost\n|-boost|p2a: Scovillain|spa|2\n|-unboost|p2a: Scovillain|def|1\n|upkeep\n|\n|t:|1698027617\n|switch|p1a: Clodsire|Clodsire, F, shiny|54\/100\n|turn|33\n|\n|t:|1698027622\n|move|p2a: Scovillain|Leech Seed|p1a: Clodsire|[miss]\n|-miss|p2a: Scovillain|p1a: Clodsire\n|move|p1a: Clodsire|Toxic|p2a: Scovillain\n|-status|p2a: Scovillain|tox\n|\n|-heal|p1a: Clodsire|60\/100|[from] item: Leftovers\n|-damage|p2a: Scovillain|95\/100 tox|[from] psn\n|-ability|p2a: Scovillain|Moody|boost\n|-boost|p2a: Scovillain|atk|2\n|-unboost|p2a: Scovillain|def|1\n|upkeep\n|turn|34\n|\n|t:|1698027628\n|move|p2a: Scovillain|Flamethrower|p1a: Clodsire\n|-damage|p1a: Clodsire|43\/100\n|move|p1a: Clodsire|Recover|p1a: Clodsire\n|-heal|p1a: Clodsire|93\/100\n|\n|-heal|p2a: Scovillain|100\/100 tox|[from] item: Leftovers\n|-heal|p1a: Clodsire|99\/100|[from] item: Leftovers\n|-damage|p2a: Scovillain|89\/100 tox|[from] psn\n|-ability|p2a: Scovillain|Moody|boost\n|-boost|p2a: Scovillain|spa|1\n|-unboost|p2a: Scovillain|spe|1\n|upkeep\n|turn|35\n|\n|t:|1698027634\n|move|p2a: Scovillain|Flamethrower|p1a: Clodsire\n|-damage|p1a: Clodsire|79\/100\n|-status|p1a: Clodsire|brn\n|move|p1a: Clodsire|Curse|p1a: Clodsire\n|-unboost|p1a: Clodsire|spe|1\n|-boost|p1a: Clodsire|atk|1\n|-boost|p1a: Clodsire|def|1\n|\n|-heal|p2a: Scovillain|95\/100 tox|[from] item: Leftovers\n|-heal|p1a: Clodsire|85\/100 brn|[from] item: Leftovers\n|-damage|p2a: Scovillain|77\/100 tox|[from] psn\n|-damage|p1a: Clodsire|79\/100 brn|[from] brn\n|-ability|p2a: Scovillain|Moody|boost\n|-boost|p2a: Scovillain|spd|2\n|-unboost|p2a: Scovillain|spa|1\n|upkeep\n|turn|36\n|\n|t:|1698027639\n|move|p2a: Scovillain|Substitute|p2a: Scovillain\n|-start|p2a: Scovillain|Substitute\n|-damage|p2a: Scovillain|52\/100 tox\n|move|p1a: Clodsire|Curse|p1a: Clodsire\n|-unboost|p1a: Clodsire|spe|1\n|-boost|p1a: Clodsire|atk|1\n|-boost|p1a: Clodsire|def|1\n|\n|-heal|p2a: Scovillain|58\/100 tox|[from] item: Leftovers\n|-heal|p1a: Clodsire|85\/100 brn|[from] item: Leftovers\n|-damage|p2a: Scovillain|34\/100 tox|[from] psn\n|-damage|p1a: Clodsire|79\/100 brn|[from] brn\n|-ability|p2a: Scovillain|Moody|boost\n|-boost|p2a: Scovillain|spe|1\n|-unboost|p2a: Scovillain|def|1\n|upkeep\n|turn|37\n|\n|t:|1698027645\n|move|p2a: Scovillain|Leech Seed|p1a: Clodsire\n|-start|p1a: Clodsire|move: Leech Seed\n|move|p1a: Clodsire|Recover|p1a: Clodsire\n|-heal|p1a: Clodsire|100\/100 brn\n|\n|-heal|p2a: Scovillain|40\/100 tox|[from] item: Leftovers\n|-damage|p1a: Clodsire|88\/100 brn|[from] Leech Seed|[of] p2a: Scovillain\n|-heal|p2a: Scovillain|56\/100 tox|[silent]\n|-damage|p2a: Scovillain|26\/100 tox|[from] psn\n|-damage|p1a: Clodsire|82\/100 brn|[from] brn\n|-ability|p2a: Scovillain|Moody|boost\n|-boost|p2a: Scovillain|spa|1\n|-unboost|p2a: Scovillain|spd|1\n|upkeep\n|turn|38\n|\n|t:|1698027649\n|move|p2a: Scovillain|Protect|p2a: Scovillain\n|-singleturn|p2a: Scovillain|Protect\n|move|p1a: Clodsire|Recover|p1a: Clodsire\n|-heal|p1a: Clodsire|100\/100 brn\n|\n|-heal|p2a: Scovillain|32\/100 tox|[from] item: Leftovers\n|-damage|p1a: Clodsire|88\/100 brn|[from] Leech Seed|[of] p2a: Scovillain\n|-heal|p2a: Scovillain|49\/100 tox|[silent]\n|-damage|p2a: Scovillain|13\/100 tox|[from] psn\n|-damage|p1a: Clodsire|82\/100 brn|[from] brn\n|-ability|p2a: Scovillain|Moody|boost\n|-boost|p2a: Scovillain|def|2\n|-unboost|p2a: Scovillain|spd|1\n|upkeep\n|turn|39\n|\n|t:|1698027658\n|switch|p2a: Sneasler|Sneasler, F, shiny|100\/100\n|move|p1a: Clodsire|Recover|p1a: Clodsire\n|-heal|p1a: Clodsire|100\/100 brn\n|\n|-damage|p1a: Clodsire|88\/100 brn|[from] Leech Seed|[of] p2a: Sneasler\n|-damage|p1a: Clodsire|82\/100 brn|[from] brn\n|upkeep\n|turn|40\n|\n|t:|1698027664\n|move|p2a: Sneasler|Fake Out|p1a: Clodsire\n|-damage|p1a: Clodsire|75\/100 brn\n|cant|p1a: Clodsire|flinch\n|\n|-heal|p1a: Clodsire|81\/100 brn|[from] item: Leftovers\n|-damage|p1a: Clodsire|68\/100 brn|[from] Leech Seed|[of] p2a: Sneasler\n|-damage|p1a: Clodsire|62\/100 brn|[from] brn\n|upkeep\n|turn|41\n|\n|t:|1698027670\n|move|p2a: Sneasler|Close Combat|p1a: Clodsire\n|-resisted|p1a: Clodsire\n|-damage|p1a: Clodsire|47\/100 brn\n|-unboost|p2a: Sneasler|def|1\n|-unboost|p2a: Sneasler|spd|1\n|move|p1a: Clodsire|Earthquake|p2a: Sneasler\n|-supereffective|p2a: Sneasler\n|-crit|p2a: Sneasler\n|-enditem|p2a: Sneasler|Focus Sash\n|-damage|p2a: Sneasler|1\/100\n|\n|-heal|p1a: Clodsire|53\/100 brn|[from] item: Leftovers\n|-damage|p1a: Clodsire|41\/100 brn|[from] Leech Seed|[of] p2a: Sneasler\n|-heal|p2a: Sneasler|19\/100|[silent]\n|-damage|p1a: Clodsire|35\/100 brn|[from] brn\n|upkeep\n|turn|42\n|\n|t:|1698027675\n|move|p2a: Sneasler|Close Combat|p1a: Clodsire\n|-resisted|p1a: Clodsire\n|-damage|p1a: Clodsire|21\/100 brn\n|-unboost|p2a: Sneasler|def|1\n|-unboost|p2a: Sneasler|spd|1\n|move|p1a: Clodsire|Earthquake|p2a: Sneasler\n|-supereffective|p2a: Sneasler\n|-damage|p2a: Sneasler|0 fnt\n|faint|p2a: Sneasler\n|\n|-heal|p1a: Clodsire|27\/100 brn|[from] item: Leftovers\n|-damage|p1a: Clodsire|21\/100 brn|[from] brn\n|upkeep\n|\n|t:|1698027678\n|switch|p2a: Ditto|Ditto|100\/100\n|-transform|p2a: Ditto|p1a: Clodsire|[from] ability: Imposter\n|turn|43\n|\n|t:|1698027685\n|move|p2a: Ditto|Earthquake|p1a: Clodsire\n|-supereffective|p1a: Clodsire\n|-damage|p1a: Clodsire|0 fnt\n|faint|p1a: Clodsire\n|\n|upkeep\n|\n|t:|1698027688\n|switch|p1a: Magearna|Magearna|54\/100\n|turn|44\n|\n|t:|1698027693\n|switch|p2a: Scovillain|Scovillain, F|13\/100 tox\n|move|p1a: Magearna|Psyshock|p2a: Scovillain\n|-damage|p2a: Scovillain|0 fnt\n|faint|p2a: Scovillain\n|-ability|p1a: Magearna|Soul-Heart|boost\n|-boost|p1a: Magearna|spa|1\n|\n|upkeep\n|\n|t:|1698027697\n|switch|p2a: Ditto|Ditto|100\/100\n|-transform|p2a: Ditto|p1a: Magearna|[from] ability: Imposter\n|turn|45\n|\n|t:|1698027707\n|move|p2a: Ditto|Psyshock|p1a: Magearna\n|-resisted|p1a: Magearna\n|-damage|p1a: Magearna|42\/100\n|-enditem|p1a: Magearna|Sitrus Berry|[eat]\n|-heal|p1a: Magearna|67\/100|[from] item: Sitrus Berry\n|move|p1a: Magearna|Calm Mind|p1a: Magearna\n|-boost|p1a: Magearna|spa|1\n|-boost|p1a: Magearna|spd|1\n|\n|upkeep\n|turn|46\n|\n|t:|1698027712\n|switch|p2a: Calyrex|Calyrex-Shadow|100\/100\n|-ability|p2a: Calyrex|As One\n|-ability|p2a: Calyrex|Unnerve\n|move|p1a: Magearna|Calm Mind|p1a: Magearna\n|-boost|p1a: Magearna|spa|1\n|-boost|p1a: Magearna|spd|1\n|\n|upkeep\n|turn|47\n|\n|t:|1698027717\n|move|p2a: Calyrex|Astral Barrage|p1a: Magearna\n|-damage|p1a: Magearna|40\/100\n|move|p1a: Magearna|Draining Kiss|p2a: Calyrex\n|-damage|p2a: Calyrex|46\/100\n|-heal|p1a: Magearna|80\/100|[from] drain|[of] p2a: Calyrex\n|\n|upkeep\n|turn|48\n|\n|t:|1698027731\n|move|p2a: Calyrex|Astral Barrage|p1a: Magearna\n|-damage|p1a: Magearna|52\/100\n|move|p1a: Magearna|Draining Kiss|p2a: Calyrex\n|-crit|p2a: Calyrex\n|-damage|p2a: Calyrex|0 fnt\n|-heal|p1a: Magearna|86\/100|[from] drain|[of] p2a: Calyrex\n|faint|p2a: Calyrex\n|-ability|p1a: Magearna|Soul-Heart|boost\n|-boost|p1a: Magearna|spa|1\n|\n|upkeep\n|\n|t:|1698027735\n|switch|p2a: Ditto|Ditto|100\/100\n|-transform|p2a: Ditto|p1a: Magearna|[from] ability: Imposter\n|turn|49\n|\n|t:|1698027742\n|move|p2a: Ditto|Draining Kiss|p1a: Magearna\n|-resisted|p1a: Magearna\n|-damage|p1a: Magearna|74\/100\n|move|p1a: Magearna|Flash Cannon|p2a: Ditto\n|-damage|p2a: Ditto|57\/100\n|\n|upkeep\n|turn|50\n|\n|t:|1698027747\n|move|p2a: Ditto|Draining Kiss|p1a: Magearna\n|-resisted|p1a: Magearna\n|-damage|p1a: Magearna|61\/100\n|-heal|p2a: Ditto|68\/100|[from] drain|[of] p1a: Magearna\n|move|p1a: Magearna|Flash Cannon|p2a: Ditto\n|-damage|p2a: Ditto|18\/100\n|-unboost|p2a: Ditto|spd|1\n|\n|upkeep\n|turn|51\n|\n|t:|1698027750\n|-terastallize|p2a: Ditto|Normal\n|move|p2a: Ditto|Draining Kiss|p1a: Magearna\n|-resisted|p1a: Magearna\n|-damage|p1a: Magearna|49\/100\n|-heal|p2a: Ditto|28\/100|[from] drain|[of] p1a: Magearna\n|move|p1a: Magearna|Flash Cannon|p2a: Ditto\n|-damage|p2a: Ditto|0 fnt\n|faint|p2a: Ditto\n|\n|win|Sundude1000\n|raw|Sundude1000's rating: 1480 &rarr; <strong>1496<\/strong><br \/>(+16 for winning)\n|raw|theluckyone26's rating: 1412 &rarr; <strong>1396<\/strong><br \/>(-16 for losing)\n","uploadtime":1698027382,"views":3,"p1id":"sundude1000","p2id":"theluckyone26","formatid":"gen9anythinggoes","rating":1396,"private":0,"password":""}