{"id":"gen9anythinggoes-1973436360","p1":"komisan21","p2":"AgiPro77","format":"[Gen 9] Anything Goes","log":"|j|\u2606komisan21\n|j|\u2606AgiPro77\n|t:|1697975302\n|gametype|singles\n|player|p1|komisan21|2|1109\n|player|p2|AgiPro77|brycen|1302\n|teamsize|p1|6\n|teamsize|p2|6\n|gen|9\n|tier|[Gen 9] Anything Goes\n|rated|\n|rule|HP Percentage Mod: HP is shown in percentages\n|rule|Endless Battle Clause: Forcing endless battles is banned\n|clearpoke\n|poke|p1|Pawmot, F|\n|poke|p1|Urshifu-*, M|\n|poke|p1|Kingambit, M|\n|poke|p1|Ogerpon-Cornerstone, F|\n|poke|p1|Iron Valiant|\n|poke|p1|Miraidon|\n|poke|p2|Urshifu-*, M|\n|poke|p2|Zacian-*|\n|poke|p2|Calyrex-Shadow|\n|poke|p2|Arceus|\n|poke|p2|Urshifu-*, M|\n|poke|p2|Glimmora, F|\n|teampreview\n|c|\u2606komisan21|ah yes\n|c|\u2606komisan21|very noice\n|inactive|Battle timer is ON: inactive players will automatically lose when time's up. (requested by AgiPro77)\n|\n|t:|1697975327\n|start\n|switch|p1a: Ogerpon|Ogerpon-Cornerstone, F|100\/100\n|switch|p2a: Zacian|Zacian-Crowned|100\/100\n|-ability|p2a: Zacian|Intrepid Sword|boost\n|-boost|p2a: Zacian|atk|1\n|turn|1\n|\n|t:|1697975335\n|move|p2a: Zacian|Behemoth Blade|p1a: Ogerpon\n|-supereffective|p1a: Ogerpon\n|-ability|p1a: Ogerpon|Sturdy\n|-damage|p1a: Ogerpon|1\/100\n|move|p1a: Ogerpon|Ivy Cudgel|p2a: Zacian\n|-resisted|p2a: Zacian\n|-damage|p2a: Zacian|71\/100\n|\n|upkeep\n|turn|2\n|\n|t:|1697975351\n|move|p1a: Ogerpon|Spiky Shield|p1a: Ogerpon\n|-singleturn|p1a: Ogerpon|move: Protect\n|move|p2a: Zacian|Sacred Sword|p1a: Ogerpon\n|-activate|p1a: Ogerpon|move: Protect\n|-damage|p2a: Zacian|58\/100|[from] Spiky Shield|[of] p1a: Ogerpon\n|\n|upkeep\n|turn|3\n|\n|t:|1697975360\n|move|p2a: Zacian|Sacred Sword|p1a: Ogerpon\n|-supereffective|p1a: Ogerpon\n|-damage|p1a: Ogerpon|0 fnt\n|faint|p1a: Ogerpon\n|\n|upkeep\n|\n|t:|1697975369\n|switch|p1a: Miraidon|Miraidon|100\/100\n|-fieldstart|move: Electric Terrain|[from] ability: Hadron Engine|[of] p1a: Miraidon\n|-item|p1a: Miraidon|Air Balloon\n|turn|4\n|\n|t:|1697975376\n|-terastallize|p1a: Miraidon|Electric\n|move|p2a: Zacian|Play Rough|p1a: Miraidon|[miss]\n|-miss|p2a: Zacian|p1a: Miraidon\n|move|p1a: Miraidon|Electro Drift|p2a: Zacian\n|-damage|p2a: Zacian|0 fnt\n|faint|p2a: Zacian\n|\n|upkeep\n|\n|t:|1697975395\n|switch|p2a: Calyrex|Calyrex-Shadow|100\/100\n|-ability|p2a: Calyrex|As One\n|-ability|p2a: Calyrex|Unnerve\n|turn|5\n|\n|t:|1697975404\n|move|p2a: Calyrex|Astral Barrage|p1a: Miraidon\n|-damage|p1a: Miraidon|33\/100\n|-enditem|p1a: Miraidon|Air Balloon\n|move|p1a: Miraidon|Electro Drift|p2a: Calyrex\n|-enditem|p2a: Calyrex|Focus Sash\n|-damage|p2a: Calyrex|1\/100\n|\n|upkeep\n|turn|6\n|\n|t:|1697975432\n|move|p1a: Miraidon|Protect|p1a: Miraidon\n|-singleturn|p1a: Miraidon|Protect\n|move|p2a: Calyrex|Astral Barrage|p1a: Miraidon\n|-activate|p1a: Miraidon|move: Protect\n|\n|upkeep\n|turn|7\n|\n|t:|1697975447\n|move|p2a: Calyrex|Astral Barrage|p1a: Miraidon\n|-crit|p1a: Miraidon\n|-damage|p1a: Miraidon|0 fnt\n|faint|p1a: Miraidon\n|-ability|p2a: Calyrex|Grim Neigh|boost\n|-boost|p2a: Calyrex|spa|1\n|\n|upkeep\n|\n|t:|1697975456\n|switch|p1a: Iron Valiant|Iron Valiant|100\/100\n|-activate|p1a: Iron Valiant|ability: Quark Drive\n|-start|p1a: Iron Valiant|quarkdrivespe\n|turn|8\n|\n|t:|1697975463\n|move|p1a: Iron Valiant|Psycho Cut|p2a: Calyrex\n|-resisted|p2a: Calyrex\n|-damage|p2a: Calyrex|0 fnt\n|faint|p2a: Calyrex\n|\n|-fieldend|move: Electric Terrain\n|-end|p1a: Iron Valiant|Quark Drive\n|upkeep\n|\n|t:|1697975475\n|switch|p2a: Urshifu|Urshifu-Rapid-Strike, M|100\/100\n|turn|9\n|\n|t:|1697975484\n|-terastallize|p2a: Urshifu|Water\n|move|p1a: Iron Valiant|Protect|p1a: Iron Valiant\n|-singleturn|p1a: Iron Valiant|Protect\n|move|p2a: Urshifu|Surging Strikes|p1a: Iron Valiant\n|-crit|p1a: Iron Valiant\n|-damage|p1a: Iron Valiant|66\/100\n|-crit|p1a: Iron Valiant\n|-damage|p1a: Iron Valiant|34\/100\n|-crit|p1a: Iron Valiant\n|-damage|p1a: Iron Valiant|3\/100\n|-hitcount|p1a: Iron Valiant|3\n|\n|upkeep\n|turn|10\n|\n|t:|1697975497\n|move|p2a: Urshifu|Surging Strikes|p1a: Iron Valiant\n|-crit|p1a: Iron Valiant\n|-damage|p1a: Iron Valiant|0 fnt\n|faint|p1a: Iron Valiant\n|-end|p1a: Iron Valiant|Quark Drive|[silent]\n|-hitcount|p1: Iron Valiant|1\n|\n|upkeep\n|\n|t:|1697975503\n|switch|p1a: Pawmot|Pawmot, F|100\/100\n|turn|11\n|c|\u2606AgiPro77|Unseen Fist\n|\n|t:|1697975513\n|move|p1a: Pawmot|Revival Blessing|p1a: Pawmot\n|\n|t:|1697975526\n|-heal|p1: Ogerpon|50\/100|[from] move: Revival Blessing\n|move|p2a: Urshifu|Surging Strikes|p1a: Pawmot\n|-crit|p1a: Pawmot\n|-damage|p1a: Pawmot|59\/100\n|-crit|p1a: Pawmot\n|-damage|p1a: Pawmot|15\/100\n|-crit|p1a: Pawmot\n|-damage|p1a: Pawmot|0 fnt\n|faint|p1a: Pawmot\n|-hitcount|p1: Pawmot|3\n|\n|upkeep\n|\n|t:|1697975537\n|switch|p1a: Ogerpon|Ogerpon-Cornerstone, F|50\/100\n|turn|12\n|\n|t:|1697975542\n|move|p2a: Urshifu|Surging Strikes|p1a: Ogerpon\n|-crit|p1a: Ogerpon\n|-damage|p1a: Ogerpon|18\/100\n|-crit|p1a: Ogerpon\n|-damage|p1a: Ogerpon|0 fnt\n|faint|p1a: Ogerpon\n|-hitcount|p1: Ogerpon|2\n|\n|upkeep\n|\n|t:|1697975549\n|switch|p1a: Urshifu|Urshifu-Rapid-Strike, M|100\/100\n|turn|13\n|\n|t:|1697975553\n|move|p2a: Urshifu|Surging Strikes|p1a: Urshifu\n|-resisted|p1a: Urshifu\n|-crit|p1a: Urshifu\n|-damage|p1a: Urshifu|88\/100\n|-resisted|p1a: Urshifu\n|-crit|p1a: Urshifu\n|-damage|p1a: Urshifu|76\/100\n|-resisted|p1a: Urshifu\n|-crit|p1a: Urshifu\n|-damage|p1a: Urshifu|61\/100\n|-hitcount|p1a: Urshifu|3\n|move|p1a: Urshifu|Poison Jab|p2a: Urshifu\n|-damage|p2a: Urshifu|70\/100\n|-status|p2a: Urshifu|psn\n|\n|-damage|p2a: Urshifu|58\/100 psn|[from] psn\n|upkeep\n|turn|14\n|\n|t:|1697975568\n|switch|p2a: Urshifu|Urshifu, M|100\/100\n|move|p1a: Urshifu|Surging Strikes|p2a: Urshifu\n|-crit|p2a: Urshifu\n|-damage|p2a: Urshifu|80\/100\n|-crit|p2a: Urshifu\n|-damage|p2a: Urshifu|59\/100\n|-crit|p2a: Urshifu\n|-damage|p2a: Urshifu|36\/100\n|-hitcount|p2a: Urshifu|3\n|\n|upkeep\n|turn|15\n|\n|t:|1697975578\n|move|p1a: Urshifu|Protect|p1a: Urshifu\n|-singleturn|p1a: Urshifu|Protect\n|move|p2a: Urshifu|Close Combat|p1a: Urshifu\n|-damage|p1a: Urshifu|0 fnt\n|-unboost|p2a: Urshifu|def|1\n|-unboost|p2a: Urshifu|spd|1\n|faint|p1a: Urshifu\n|\n|upkeep\n|\n|t:|1697975586\n|switch|p1a: Kingambit|Kingambit, M|100\/100\n|turn|16\n|\n|t:|1697975590\n|move|p1a: Kingambit|Sucker Punch|p2a: Urshifu\n|-resisted|p2a: Urshifu\n|-damage|p2a: Urshifu|21\/100\n|move|p2a: Urshifu|Close Combat|p1a: Kingambit\n|-supereffective|p1a: Kingambit\n|-damage|p1a: Kingambit|0 fnt\n|-unboost|p2a: Urshifu|def|1\n|-unboost|p2a: Urshifu|spd|1\n|faint|p1a: Kingambit\n|\n|win|AgiPro77\n|raw|komisan21's rating: 1109 &rarr; <strong>1097<\/strong><br \/>(-12 for losing)\n|raw|AgiPro77's rating: 1302 &rarr; <strong>1312<\/strong><br \/>(+10 for winning)\n|c|\u2606AgiPro77|Unseen Fist\n|l|\u2606komisan21\n","uploadtime":1697975607,"views":13,"p1id":"komisan21","p2id":"agipro77","formatid":"gen9anythinggoes","rating":1097,"private":0,"password":""}