{"id":"gen9anythinggoes-1984742646","p1":"sub to ty998","p2":"gabbybabbyishawt","format":"[Gen 9] Anything Goes","log":"|j|\u2606sub to ty998\n|j|\u2606gabbybabbyishawt\n|t:|1699295357\n|gametype|singles\n|player|p1|sub to ty998|1|1066\n|player|p2|gabbybabbyishawt|266|1055\n|teamsize|p1|6\n|teamsize|p2|6\n|gen|9\n|tier|[Gen 9] Anything Goes\n|rated|\n|rule|HP Percentage Mod: HP is shown in percentages\n|rule|Endless Battle Clause: Forcing endless battles is banned\n|clearpoke\n|poke|p1|Cinderace, M|\n|poke|p1|Ceruledge, M|\n|poke|p1|Decidueye-Hisui, M|\n|poke|p1|Rayquaza|\n|poke|p1|Zacian-*|\n|poke|p1|Regieleki|\n|poke|p2|Tinkaton, F|\n|poke|p2|Mimikyu, F|\n|poke|p2|Chien-Pao|\n|poke|p2|Iron Hands|\n|poke|p2|Gholdengo|\n|poke|p2|Quaquaval, F|\n|teampreview\n|\n|t:|1699295368\n|start\n|switch|p1a: Rayquaza|Rayquaza, shiny|100\/100\n|switch|p2a: Gholdengo|Gholdengo|100\/100\n|-ability|p1a: Rayquaza|Air Lock\n|turn|1\n|\n|t:|1699295376\n|move|p2a: Gholdengo|Dazzling Gleam|p1a: Rayquaza\n|-supereffective|p1a: Rayquaza\n|-damage|p1a: Rayquaza|31\/100\n|-damage|p2a: Gholdengo|91\/100|[from] item: Life Orb\n|move|p1a: Rayquaza|Dragon Ascent|p2a: Gholdengo\n|-resisted|p2a: Gholdengo\n|-damage|p2a: Gholdengo|60\/100\n|-unboost|p1a: Rayquaza|def|1\n|-unboost|p1a: Rayquaza|spd|1\n|\n|upkeep\n|turn|2\n|\n|t:|1699295387\n|move|p2a: Gholdengo|Dazzling Gleam|p1a: Rayquaza\n|-supereffective|p1a: Rayquaza\n|-damage|p1a: Rayquaza|0 fnt\n|faint|p1a: Rayquaza\n|-damage|p2a: Gholdengo|50\/100|[from] item: Life Orb\n|\n|upkeep\n|\n|t:|1699295394\n|switch|p1a: Cinderace|Cinderace, M|100\/100\n|turn|3\n|\n|t:|1699295398\n|move|p2a: Gholdengo|Recover|p2a: Gholdengo\n|-heal|p2a: Gholdengo|99\/100\n|move|p1a: Cinderace|Pyro Ball|p2a: Gholdengo\n|-supereffective|p2a: Gholdengo\n|-damage|p2a: Gholdengo|0 fnt\n|faint|p2a: Gholdengo\n|\n|upkeep\n|\n|t:|1699295403\n|switch|p2a: Quaquaval|Quaquaval, F|100\/100\n|turn|4\n|\n|t:|1699295409\n|switch|p1a: Decidueye|Decidueye-Hisui, M, shiny|100\/100\n|move|p2a: Quaquaval|Aqua Step|p1a: Decidueye\n|-resisted|p1a: Decidueye\n|-damage|p1a: Decidueye|83\/100\n|-boost|p2a: Quaquaval|spe|1\n|\n|upkeep\n|turn|5\n|\n|t:|1699295418\n|move|p2a: Quaquaval|Close Combat|p1a: Decidueye\n|-damage|p1a: Decidueye|31\/100\n|-unboost|p2a: Quaquaval|def|1\n|-unboost|p2a: Quaquaval|spd|1\n|move|p1a: Decidueye|Leaf Storm|p2a: Quaquaval\n|-supereffective|p2a: Quaquaval\n|-damage|p2a: Quaquaval|0 fnt\n|-unboost|p1a: Decidueye|spa|2\n|faint|p2a: Quaquaval\n|\n|upkeep\n|\n|t:|1699295421\n|switch|p2a: Chien-Pao|Chien-Pao|100\/100\n|-ability|p2a: Chien-Pao|Sword of Ruin\n|turn|6\n|\n|t:|1699295434\n|move|p2a: Chien-Pao|Sacred Sword|p1a: Decidueye\n|-damage|p1a: Decidueye|0 fnt\n|faint|p1a: Decidueye\n|\n|upkeep\n|\n|t:|1699295440\n|switch|p1a: Cinderace|Cinderace, M|100\/100\n|turn|7\n|c|\u2606gabbybabbyishawt|!weak cinderace\n|c| gabbybabbyishawt|\/raw <div class=\"infobox\">Cinderace (ignoring abilities):<br \/><span class=\"message-effect-weak\">Weaknesses<\/span>: Ground, Rock, Water<br \/><span class=\"message-effect-resist\">Resistances<\/span>: Bug, Fairy, Fire, Grass, Ice, Steel<br \/><span class=\"message-effect-immune\">Immunities<\/span>: Burn<\/div>\n|\n|t:|1699295458\n|move|p2a: Chien-Pao|Sacred Sword|p1a: Cinderace\n|-damage|p1a: Cinderace|47\/100\n|move|p1a: Cinderace|Pyro Ball|p2a: Chien-Pao\n|-supereffective|p2a: Chien-Pao\n|-damage|p2a: Chien-Pao|0 fnt\n|faint|p2a: Chien-Pao\n|\n|upkeep\n|\n|t:|1699295463\n|switch|p2a: Tinkaton|Tinkaton, F|100\/100\n|turn|8\n|\n|t:|1699295470\n|move|p2a: Tinkaton|Knock Off|p1a: Cinderace\n|-damage|p1a: Cinderace|15\/100\n|-enditem|p1a: Cinderace|Flame Plate|[from] move: Knock Off|[of] p2a: Tinkaton\n|move|p1a: Cinderace|Pyro Ball|p2a: Tinkaton\n|-supereffective|p2a: Tinkaton\n|-damage|p2a: Tinkaton|0 fnt\n|faint|p2a: Tinkaton\n|\n|upkeep\n|\n|t:|1699295473\n|switch|p2a: Mimikyu|Mimikyu, F|100\/100\n|turn|9\n|\n|t:|1699295483\n|move|p2a: Mimikyu|Bulk Up|p2a: Mimikyu\n|-boost|p2a: Mimikyu|atk|1\n|-boost|p2a: Mimikyu|def|1\n|move|p1a: Cinderace|Pyro Ball|p2a: Mimikyu\n|-activate|p2a: Mimikyu|ability: Disguise\n|-damage|p2a: Mimikyu|100\/100\n|detailschange|p2a: Mimikyu|Mimikyu-Busted, F\n|-damage|p2a: Mimikyu|88\/100|[from] pokemon: Mimikyu-Busted\n|\n|upkeep\n|turn|10\n|\n|t:|1699295493\n|move|p2a: Mimikyu|Shadow Claw|p1a: Cinderace\n|-crit|p1a: Cinderace\n|-damage|p1a: Cinderace|0 fnt\n|faint|p1a: Cinderace\n|\n|upkeep\n|\n|t:|1699295503\n|switch|p1a: Zacian|Zacian-Crowned|100\/100\n|-ability|p1a: Zacian|Intrepid Sword|boost\n|-boost|p1a: Zacian|atk|1\n|turn|11\n|c|\u2606gabbybabbyishawt|!weak zacian\n|c| gabbybabbyishawt|\/raw <div class=\"infobox\">Zacian (ignoring abilities):<br \/><span class=\"message-effect-weak\">Weaknesses<\/span>: Poison, Steel<br \/><span class=\"message-effect-resist\">Resistances<\/span>: Bug, Dark, Fighting<br \/><span class=\"message-effect-immune\">Immunities<\/span>: Dragon<\/div>\n|\n|t:|1699295522\n|move|p1a: Zacian|Dazzling Gleam|p2a: Mimikyu\n|-damage|p2a: Mimikyu|56\/100\n|move|p2a: Mimikyu|Shadow Claw|p1a: Zacian\n|-crit|p1a: Zacian\n|-damage|p1a: Zacian|55\/100\n|\n|upkeep\n|turn|12\n|\n|t:|1699295536\n|move|p1a: Zacian|Behemoth Blade|p2a: Mimikyu\n|-supereffective|p2a: Mimikyu\n|-damage|p2a: Mimikyu|0 fnt\n|faint|p2a: Mimikyu\n|\n|upkeep\n|\n|t:|1699295541\n|switch|p2a: Iron Hands|Iron Hands|100\/100\n|turn|13\n|\n|t:|1699295565\n|move|p1a: Zacian|Close Combat|p2a: Iron Hands\n|-damage|p2a: Iron Hands|59\/100\n|-unboost|p1a: Zacian|def|1\n|-unboost|p1a: Zacian|spd|1\n|move|p2a: Iron Hands|Thunder Punch|p1a: Zacian\n|-damage|p1a: Zacian|2\/100\n|\n|upkeep\n|turn|14\n|\n|t:|1699295578\n|move|p1a: Zacian|Close Combat|p2a: Iron Hands\n|-damage|p2a: Iron Hands|22\/100\n|-unboost|p1a: Zacian|def|1\n|-unboost|p1a: Zacian|spd|1\n|move|p2a: Iron Hands|Thunder Punch|p1a: Zacian\n|-damage|p1a: Zacian|0 fnt\n|faint|p1a: Zacian\n|\n|upkeep\n|\n|t:|1699295587\n|switch|p1a: Ceruledge|Ceruledge, M|100\/100\n|turn|15\n|\n|t:|1699295593\n|move|p1a: Ceruledge|Bitter Blade|p2a: Iron Hands\n|-damage|p2a: Iron Hands|0 fnt\n|faint|p2a: Iron Hands\n|-end|p2a: Iron Hands|Quark Drive|[silent]\n|\n|win|sub to ty998\n|raw|sub to ty998's rating: 1066 &rarr; <strong>1095<\/strong><br \/>(+29 for winning)\n|raw|gabbybabbyishawt's rating: 1055 &rarr; <strong>1037<\/strong><br \/>(-18 for losing)\n|l|\u2606gabbybabbyishawt\n","uploadtime":1699295601,"views":6,"p1id":"subtoty998","p2id":"gabbybabbyishawt","formatid":"gen9anythinggoes","rating":1037,"private":0,"password":""}