{"id":"gen9anythinggoes-1992203127","p1":"ghosthead88","p2":"Shadowkipz13","format":"[Gen 9] Anything Goes","log":"|j|\u2606ghosthead88\n|j|\u2606Shadowkipz13\n|t:|1700163557\n|gametype|singles\n|player|p1|ghosthead88|pokefan|1297\n|player|p2|Shadowkipz13|petrel|1262\n|teamsize|p1|6\n|teamsize|p2|6\n|gen|9\n|tier|[Gen 9] Anything Goes\n|rated|\n|rule|HP Percentage Mod: HP is shown in percentages\n|rule|Endless Battle Clause: Forcing endless battles is banned\n|clearpoke\n|poke|p1|Quaquaval, M|\n|poke|p1|Flapple, F|\n|poke|p1|Ceruledge, M|\n|poke|p1|Clodsire, F|\n|poke|p1|Dragapult, F|\n|poke|p1|Chien-Pao|\n|poke|p2|Skeledirge, M|\n|poke|p2|Ogerpon-Wellspring, F|\n|poke|p2|Gliscor, F|\n|poke|p2|Ribombee, F|\n|poke|p2|Tyranitar, F|\n|poke|p2|Clefable, M|\n|teampreview\n|inactive|Battle timer is ON: inactive players will automatically lose when time's up. (requested by ghosthead88)\n|\n|t:|1700163567\n|start\n|switch|p1a: Goldy|Flapple, F, shiny|100\/100\n|switch|p2a: Faye|Ribombee, F|100\/100\n|turn|1\n|\n|t:|1700163571\n|move|p1a: Goldy|U-turn|p2a: Faye\n|-resisted|p2a: Faye\n|-damage|p2a: Faye|73\/100\n|\n|t:|1700163575\n|switch|p1a: Ceruledge|Ceruledge, M, shiny|100\/100|[from] U-turn\n|move|p2a: Faye|Sticky Web|p1a: Ceruledge\n|-sidestart|p1: ghosthead88|move: Sticky Web\n|\n|upkeep\n|turn|2\n|\n|t:|1700163580\n|move|p2a: Faye|Quiver Dance|p2a: Faye\n|-boost|p2a: Faye|spa|1\n|-boost|p2a: Faye|spd|1\n|-boost|p2a: Faye|spe|1\n|move|p1a: Ceruledge|Taunt|p2a: Faye\n|-start|p2a: Faye|move: Taunt\n|\n|upkeep\n|turn|3\n|\n|t:|1700163588\n|move|p2a: Faye|Stored Power|p1a: Ceruledge\n|-damage|p1a: Ceruledge|80\/100\n|move|p1a: Ceruledge|Bitter Blade|p2a: Faye\n|-supereffective|p2a: Faye\n|-damage|p2a: Faye|0 fnt\n|-heal|p1a: Ceruledge|100\/100|[from] drain|[of] p2a: Faye\n|faint|p2a: Faye\n|\n|upkeep\n|c|\u2606ghosthead88|glhf\n|\n|t:|1700163608\n|switch|p2a: Majora's Bonk|Ogerpon-Wellspring, F|100\/100\n|turn|4\n|\n|t:|1700163615\n|move|p1a: Ceruledge|Shadow Sneak|p2a: Majora's Bonk\n|-damage|p2a: Majora's Bonk|77\/100\n|move|p2a: Majora's Bonk|Ivy Cudgel|p1a: Ceruledge|[anim] Ivy Cudgel Water\n|-supereffective|p1a: Ceruledge\n|-enditem|p1a: Ceruledge|Focus Sash\n|-damage|p1a: Ceruledge|1\/100\n|\n|upkeep\n|turn|5\n|\n|t:|1700163620\n|move|p2a: Majora's Bonk|Horn Leech|p1a: Ceruledge\n|-resisted|p1a: Ceruledge\n|-damage|p1a: Ceruledge|0 fnt\n|-heal|p2a: Majora's Bonk|77\/100|[from] drain|[of] p1a: Ceruledge\n|faint|p1a: Ceruledge\n|\n|upkeep\n|\n|t:|1700163624\n|switch|p1a: toxi|Clodsire, F|100\/100\n|-activate|p1a: toxi|move: Sticky Web\n|-unboost|p1a: toxi|spe|1\n|turn|6\n|c|\u2606Shadowkipz13|Have fun, amigo\n|\n|t:|1700163640\n|switch|p2a: Annoying|Clefable, M|100\/100\n|-terastallize|p1a: toxi|Poison\n|move|p1a: toxi|Toxic|p2a: Annoying\n|-status|p2a: Annoying|tox\n|\n|-damage|p2a: Annoying|94\/100 tox|[from] psn\n|upkeep\n|turn|7\n|\n|t:|1700163650\n|move|p2a: Annoying|Stealth Rock|p1a: toxi\n|-sidestart|p1: ghosthead88|move: Stealth Rock\n|move|p1a: toxi|Spikes|p2a: Annoying\n|-sidestart|p2: Shadowkipz13|Spikes\n|\n|-heal|p2a: Annoying|100\/100 tox|[from] item: Leftovers\n|-damage|p2a: Annoying|88\/100 tox|[from] psn\n|upkeep\n|turn|8\n|\n|t:|1700163656\n|move|p2a: Annoying|Calm Mind|p2a: Annoying\n|-boost|p2a: Annoying|spa|1\n|-boost|p2a: Annoying|spd|1\n|move|p1a: toxi|Spikes|p2a: Annoying\n|-sidestart|p2: Shadowkipz13|Spikes\n|\n|-heal|p2a: Annoying|94\/100 tox|[from] item: Leftovers\n|-damage|p2a: Annoying|76\/100 tox|[from] psn\n|upkeep\n|turn|9\n|\n|t:|1700163664\n|move|p2a: Annoying|Calm Mind|p2a: Annoying\n|-boost|p2a: Annoying|spa|1\n|-boost|p2a: Annoying|spd|1\n|move|p1a: toxi|Spikes|p2a: Annoying\n|-sidestart|p2: Shadowkipz13|Spikes\n|\n|-heal|p2a: Annoying|82\/100 tox|[from] item: Leftovers\n|-damage|p2a: Annoying|58\/100 tox|[from] psn\n|upkeep\n|turn|10\n|\n|t:|1700163669\n|move|p2a: Annoying|Stored Power|p1a: toxi\n|-supereffective|p1a: toxi\n|-damage|p1a: toxi|53\/100\n|move|p1a: toxi|Earthquake|p2a: Annoying\n|-damage|p2a: Annoying|33\/100 tox\n|\n|-heal|p2a: Annoying|39\/100 tox|[from] item: Leftovers\n|-heal|p1a: toxi|59\/100|[from] item: Black Sludge\n|-damage|p2a: Annoying|9\/100 tox|[from] psn\n|upkeep\n|turn|11\n|c|\u2606Shadowkipz13|Ow\n|\n|t:|1700163676\n|move|p2a: Annoying|Baton Pass|p2a: Annoying\n|\n|t:|1700163682\n|switch|p2a: King K.Rool|Skeledirge, M|100\/100|[from] Baton Pass\n|move|p1a: toxi|Earthquake|p2a: King K.Rool\n|-supereffective|p2a: King K.Rool\n|-damage|p2a: King K.Rool|61\/100\n|\n|-heal|p1a: toxi|65\/100|[from] item: Black Sludge\n|upkeep\n|turn|12\n|\n|t:|1700163689\n|move|p2a: King K.Rool|Shadow Ball|p1a: toxi\n|-damage|p1a: toxi|26\/100\n|move|p1a: toxi|Toxic|p2a: King K.Rool\n|-status|p2a: King K.Rool|tox\n|\n|-heal|p1a: toxi|33\/100|[from] item: Black Sludge\n|-damage|p2a: King K.Rool|55\/100 tox|[from] psn\n|upkeep\n|turn|13\n|\n|t:|1700163692\n|move|p2a: King K.Rool|Slack Off|p2a: King K.Rool\n|-heal|p2a: King K.Rool|100\/100 tox\n|move|p1a: toxi|Recover|p1a: toxi\n|-heal|p1a: toxi|83\/100\n|\n|-heal|p1a: toxi|89\/100|[from] item: Black Sludge\n|-damage|p2a: King K.Rool|88\/100 tox|[from] psn\n|upkeep\n|turn|14\n|\n|t:|1700163697\n|move|p2a: King K.Rool|Shadow Ball|p1a: toxi\n|-damage|p1a: toxi|46\/100\n|move|p1a: toxi|Earthquake|p2a: King K.Rool\n|-supereffective|p2a: King K.Rool\n|-damage|p2a: King K.Rool|50\/100 tox\n|\n|-heal|p1a: toxi|52\/100|[from] item: Black Sludge\n|-damage|p2a: King K.Rool|32\/100 tox|[from] psn\n|upkeep\n|turn|15\n|\n|t:|1700163700\n|move|p2a: King K.Rool|Shadow Ball|p1a: toxi\n|-damage|p1a: toxi|10\/100\n|move|p1a: toxi|Recover|p1a: toxi\n|-heal|p1a: toxi|60\/100\n|\n|-heal|p1a: toxi|66\/100|[from] item: Black Sludge\n|-damage|p2a: King K.Rool|8\/100 tox|[from] psn\n|upkeep\n|turn|16\n|\n|t:|1700163703\n|move|p2a: King K.Rool|Torch Song|p1a: toxi\n|-damage|p1a: toxi|26\/100\n|-boost|p2a: King K.Rool|spa|1\n|move|p1a: toxi|Recover|p1a: toxi\n|-heal|p1a: toxi|76\/100\n|\n|-heal|p1a: toxi|82\/100|[from] item: Black Sludge\n|-damage|p2a: King K.Rool|0 fnt|[from] psn\n|faint|p2a: King K.Rool\n|upkeep\n|\n|t:|1700163710\n|switch|p2a: Kha'zix|Gliscor, F|100\/100\n|turn|17\n|\n|t:|1700163718\n|switch|p1a: wakes|Quaquaval, M|100\/100\n|-activate|p1a: wakes|move: Sticky Web\n|-unboost|p1a: wakes|spe|1\n|-damage|p1a: wakes|94\/100|[from] Stealth Rock\n|move|p2a: Kha'zix|Swords Dance|p2a: Kha'zix\n|-boost|p2a: Kha'zix|atk|2\n|\n|-status|p2a: Kha'zix|tox|[from] item: Toxic Orb\n|upkeep\n|turn|18\n|\n|t:|1700163723\n|-terastallize|p2a: Kha'zix|Flying\n|move|p2a: Kha'zix|Dual Wingbeat|p1a: wakes\n|-supereffective|p1a: wakes\n|-damage|p1a: wakes|0 fnt\n|faint|p1a: wakes\n|-hitcount|p1: wakes|1\n|\n|upkeep\n|\n|t:|1700163730\n|switch|p1a: edge|Chien-Pao|100\/100\n|-activate|p1a: edge|move: Sticky Web\n|-unboost|p1a: edge|spe|1\n|-damage|p1a: edge|76\/100|[from] Stealth Rock\n|-ability|p1a: edge|Sword of Ruin\n|turn|19\n|\n|t:|1700163742\n|move|p1a: edge|Ice Shard|p2a: Kha'zix\n|-supereffective|p2a: Kha'zix\n|-damage|p2a: Kha'zix|26\/100 tox\n|move|p2a: Kha'zix|Earthquake|p1a: edge\n|-damage|p1a: edge|0 fnt\n|faint|p1a: edge\n|\n|-heal|p2a: Kha'zix|39\/100 tox|[from] ability: Poison Heal\n|upkeep\n|\n|t:|1700163747\n|switch|p1a: Goldy|Flapple, F, shiny|100\/100\n|-activate|p1a: Goldy|move: Sticky Web\n|-unboost|p1a: Goldy|spe|1\n|-damage|p1a: Goldy|88\/100|[from] Stealth Rock\n|turn|20\n|\n|t:|1700163751\n|move|p1a: Goldy|Sucker Punch|p2a: Kha'zix\n|-damage|p2a: Kha'zix|13\/100 tox\n|move|p2a: Kha'zix|Dual Wingbeat|p1a: Goldy\n|-supereffective|p1a: Goldy\n|-damage|p1a: Goldy|0 fnt\n|faint|p1a: Goldy\n|-hitcount|p1: Goldy|1\n|\n|-heal|p2a: Kha'zix|26\/100 tox|[from] ability: Poison Heal\n|upkeep\n|\n|t:|1700163757\n|switch|p1a: toxi|Clodsire, F, tera:Poison|82\/100\n|-activate|p1a: toxi|move: Sticky Web\n|-unboost|p1a: toxi|spe|1\n|-damage|p1a: toxi|69\/100|[from] Stealth Rock\n|turn|21\n|c|\u2606ghosthead88|gg\n|\n|t:|1700163769\n|move|p2a: Kha'zix|Swords Dance|p2a: Kha'zix\n|-boost|p2a: Kha'zix|atk|2\n|move|p1a: toxi|Recover|p1a: toxi\n|-heal|p1a: toxi|100\/100\n|\n|-heal|p2a: Kha'zix|38\/100 tox|[from] ability: Poison Heal\n|upkeep\n|turn|22\n|-message|ghosthead88 forfeited.\n|\n|win|Shadowkipz13\n|raw|ghosthead88's rating: 1297 &rarr; <strong>1269<\/strong><br \/>(-28 for losing)\n|raw|Shadowkipz13's rating: 1262 &rarr; <strong>1290<\/strong><br \/>(+28 for winning)\n|l|\u2606ghosthead88\n","uploadtime":1700163781,"views":4,"p1id":"ghosthead88","p2id":"shadowkipz13","formatid":"gen9anythinggoes","rating":1269,"private":0,"password":""}