{"id":"gen9anythinggoes-1985046247","p1":"papahue","p2":"realtree crocs","format":"[Gen 9] Anything Goes","log":"|j|\u2606papahue\n|j|\u2606realtree crocs\n|t:|1699324307\n|gametype|singles\n|player|p1|papahue|2|1330\n|player|p2|realtree crocs|psychic|1406\n|teamsize|p1|6\n|teamsize|p2|6\n|gen|9\n|tier|[Gen 9] Anything Goes\n|rated|\n|rule|HP Percentage Mod: HP is shown in percentages\n|rule|Endless Battle Clause: Forcing endless battles is banned\n|clearpoke\n|poke|p1|Espathra, F|\n|poke|p1|Braixen, F|\n|poke|p1|Grimmsnarl, M|\n|poke|p1|Torkoal, M|\n|poke|p1|Vaporeon, F|\n|poke|p1|Meowscarada, F|\n|poke|p2|Calyrex-Shadow|\n|poke|p2|Glimmora, M|\n|poke|p2|Kingambit, F|\n|poke|p2|Annihilape, M|\n|poke|p2|Clodsire, M|\n|poke|p2|Dondozo, M|\n|teampreview\n|inactive|Battle timer is ON: inactive players will automatically lose when time's up. (requested by realtree crocs)\n|\n|t:|1699324320\n|start\n|switch|p1a: Salacia|Vaporeon, F|100\/100\n|switch|p2a: muk|Glimmora, M, shiny|100\/100\n|turn|1\n|\n|t:|1699324335\n|move|p2a: muk|Mortal Spin|p1a: Salacia\n|-damage|p1a: Salacia|95\/100\n|-status|p1a: Salacia|psn\n|move|p1a: Salacia|Hydro Pump|p2a: muk\n|-supereffective|p2a: muk\n|-enditem|p2a: muk|Focus Sash\n|-damage|p2a: muk|1\/100\n|\n|-heal|p1a: Salacia|100\/100 psn|[from] item: Leftovers\n|-damage|p1a: Salacia|88\/100 psn|[from] psn\n|upkeep\n|turn|2\n|\n|t:|1699324347\n|move|p2a: muk|Stealth Rock|p1a: Salacia\n|-sidestart|p1: papahue|move: Stealth Rock\n|move|p1a: Salacia|Ice Beam|p2a: muk\n|-crit|p2a: muk\n|-damage|p2a: muk|0 fnt\n|faint|p2a: muk\n|\n|-heal|p1a: Salacia|94\/100 psn|[from] item: Leftovers\n|-damage|p1a: Salacia|82\/100 psn|[from] psn\n|upkeep\n|\n|t:|1699324358\n|switch|p2a: dugtrio|Clodsire, M|100\/100\n|turn|3\n|\n|t:|1699324363\n|move|p1a: Salacia|Ice Beam|p2a: dugtrio\n|-supereffective|p2a: dugtrio\n|-damage|p2a: dugtrio|72\/100\n|move|p2a: dugtrio|Spikes|p1a: Salacia\n|-sidestart|p1: papahue|Spikes\n|\n|-heal|p1a: Salacia|88\/100 psn|[from] item: Leftovers\n|-heal|p2a: dugtrio|78\/100|[from] item: Leftovers\n|-damage|p1a: Salacia|75\/100 psn|[from] psn\n|upkeep\n|turn|4\n|\n|t:|1699324373\n|move|p1a: Salacia|Substitute|p1a: Salacia\n|-start|p1a: Salacia|Substitute\n|-damage|p1a: Salacia|50\/100 psn\n|move|p2a: dugtrio|Spikes|p1a: Salacia\n|-sidestart|p1: papahue|Spikes\n|\n|-heal|p1a: Salacia|57\/100 psn|[from] item: Leftovers\n|-heal|p2a: dugtrio|85\/100|[from] item: Leftovers\n|-damage|p1a: Salacia|44\/100 psn|[from] psn\n|upkeep\n|turn|5\n|\n|t:|1699324383\n|move|p1a: Salacia|Ice Beam|p2a: dugtrio\n|-supereffective|p2a: dugtrio\n|-damage|p2a: dugtrio|58\/100\n|move|p2a: dugtrio|Spikes|p1a: Salacia\n|-sidestart|p1: papahue|Spikes\n|\n|-heal|p1a: Salacia|50\/100 psn|[from] item: Leftovers\n|-heal|p2a: dugtrio|65\/100|[from] item: Leftovers\n|-damage|p1a: Salacia|38\/100 psn|[from] psn\n|upkeep\n|turn|6\n|\n|t:|1699324394\n|move|p1a: Salacia|Ice Beam|p2a: dugtrio\n|-supereffective|p2a: dugtrio\n|-damage|p2a: dugtrio|36\/100\n|move|p2a: dugtrio|Earthquake|p1a: Salacia\n|-end|p1a: Salacia|Substitute\n|\n|-heal|p1a: Salacia|44\/100 psn|[from] item: Leftovers\n|-heal|p2a: dugtrio|43\/100|[from] item: Leftovers\n|-damage|p1a: Salacia|32\/100 psn|[from] psn\n|upkeep\n|turn|7\n|\n|t:|1699324405\n|move|p1a: Salacia|Ice Beam|p2a: dugtrio\n|-supereffective|p2a: dugtrio\n|-damage|p2a: dugtrio|13\/100\n|move|p2a: dugtrio|Recover|p2a: dugtrio\n|-heal|p2a: dugtrio|63\/100\n|\n|-heal|p1a: Salacia|38\/100 psn|[from] item: Leftovers\n|-heal|p2a: dugtrio|69\/100|[from] item: Leftovers\n|-damage|p1a: Salacia|25\/100 psn|[from] psn\n|upkeep\n|turn|8\n|\n|t:|1699324416\n|move|p1a: Salacia|Ice Beam|p2a: dugtrio\n|-supereffective|p2a: dugtrio\n|-damage|p2a: dugtrio|43\/100\n|move|p2a: dugtrio|Recover|p2a: dugtrio\n|-heal|p2a: dugtrio|93\/100\n|\n|-heal|p1a: Salacia|32\/100 psn|[from] item: Leftovers\n|-heal|p2a: dugtrio|99\/100|[from] item: Leftovers\n|-damage|p1a: Salacia|19\/100 psn|[from] psn\n|upkeep\n|turn|9\n|\n|t:|1699324432\n|switch|p2a: alakazam|Kingambit, F|100\/100\n|-activate|p2a: alakazam|ability: Supreme Overlord\n|-start|p2a: alakazam|fallen1|[silent]\n|move|p1a: Salacia|Hydro Pump|p2a: alakazam\n|-damage|p2a: alakazam|53\/100\n|\n|-heal|p1a: Salacia|25\/100 psn|[from] item: Leftovers\n|-heal|p2a: alakazam|59\/100|[from] item: Leftovers\n|-damage|p1a: Salacia|13\/100 psn|[from] psn\n|upkeep\n|turn|10\n|\n|t:|1699324445\n|move|p1a: Salacia|Hydro Pump|p2a: alakazam\n|-damage|p2a: alakazam|9\/100\n|move|p2a: alakazam|Swords Dance|p2a: alakazam\n|-boost|p2a: alakazam|atk|2\n|\n|-heal|p1a: Salacia|19\/100 psn|[from] item: Leftovers\n|-heal|p2a: alakazam|15\/100|[from] item: Leftovers\n|-damage|p1a: Salacia|7\/100 psn|[from] psn\n|upkeep\n|turn|11\n|\n|t:|1699324456\n|move|p2a: alakazam|Sucker Punch|p1a: Salacia\n|-damage|p1a: Salacia|0 fnt\n|faint|p1a: Salacia\n|\n|-heal|p2a: alakazam|21\/100|[from] item: Leftovers\n|upkeep\n|\n|t:|1699324458\n|switch|p1a: Oog|Torkoal, M|100\/100\n|-weather|SunnyDay|[from] ability: Drought|[of] p1a: Oog\n|turn|12\n|\n|t:|1699324467\n|move|p2a: alakazam|Kowtow Cleave|p1a: Oog\n|-damage|p1a: Oog|32\/100\n|move|p1a: Oog|Rapid Spin|p2a: alakazam\n|-resisted|p2a: alakazam\n|-damage|p2a: alakazam|18\/100\n|-boost|p1a: Oog|spe|1\n|-sideend|p1: papahue|Spikes|[from] move: Rapid Spin|[of] p1a: Oog\n|-sideend|p1: papahue|Stealth Rock|[from] move: Rapid Spin|[of] p1a: Oog\n|\n|-weather|SunnyDay|[upkeep]\n|-heal|p2a: alakazam|24\/100|[from] item: Leftovers\n|upkeep\n|turn|13\n|\n|t:|1699324478\n|move|p2a: alakazam|Sucker Punch||[still]\n|-fail|p2a: alakazam\n|move|p1a: Oog|Stealth Rock|p2a: alakazam\n|-sidestart|p2: realtree crocs|move: Stealth Rock\n|\n|-weather|SunnyDay|[upkeep]\n|-heal|p2a: alakazam|30\/100|[from] item: Leftovers\n|upkeep\n|turn|14\n|\n|t:|1699324482\n|move|p2a: alakazam|Sucker Punch|p1a: Oog\n|-damage|p1a: Oog|0 fnt\n|faint|p1a: Oog\n|\n|-weather|SunnyDay|[upkeep]\n|-heal|p2a: alakazam|37\/100|[from] item: Leftovers\n|upkeep\n|\n|t:|1699324485\n|switch|p1a: Flora|Meowscarada, F|100\/100\n|turn|15\n|\n|t:|1699324491\n|move|p1a: Flora|Low Kick|p2a: alakazam\n|-supereffective|p2a: alakazam\n|-damage|p2a: alakazam|0 fnt\n|faint|p2a: alakazam\n|-end|p2a: alakazam|fallen1|[silent]\n|-damage|p1a: Flora|91\/100|[from] item: Life Orb\n|\n|-weather|SunnyDay|[upkeep]\n|upkeep\n|\n|t:|1699324499\n|switch|p2a: dugtrio|Clodsire, M|99\/100\n|-damage|p2a: dugtrio|93\/100|[from] Stealth Rock\n|turn|16\n|\n|t:|1699324506\n|move|p1a: Flora|Flower Trick|p2a: dugtrio\n|-crit|p2a: dugtrio\n|-damage|p2a: dugtrio|31\/100\n|-damage|p1a: Flora|81\/100|[from] item: Life Orb\n|move|p2a: dugtrio|Toxic|p1a: Flora\n|-status|p1a: Flora|tox\n|\n|-weather|none\n|-heal|p2a: dugtrio|38\/100|[from] item: Leftovers\n|-damage|p1a: Flora|75\/100 tox|[from] psn\n|upkeep\n|turn|17\n|\n|t:|1699324520\n|switch|p2a: gengar|Calyrex-Shadow|100\/100\n|-ability|p2a: gengar|As One\n|-ability|p2a: gengar|Unnerve\n|-damage|p2a: gengar|88\/100|[from] Stealth Rock\n|move|p1a: Flora|Flower Trick|p2a: gengar\n|-crit|p2a: gengar\n|-damage|p2a: gengar|15\/100\n|-damage|p1a: Flora|65\/100 tox|[from] item: Life Orb\n|\n|-damage|p1a: Flora|52\/100 tox|[from] psn\n|upkeep\n|turn|18\n|\n|t:|1699324535\n|-terastallize|p2a: gengar|Fairy\n|move|p1a: Flora|Sucker Punch|p2a: gengar\n|-resisted|p2a: gengar\n|-damage|p2a: gengar|0 fnt\n|faint|p2a: gengar\n|-damage|p1a: Flora|42\/100 tox|[from] item: Life Orb\n|\n|-damage|p1a: Flora|24\/100 tox|[from] psn\n|upkeep\n|\n|t:|1699324541\n|switch|p2a: regular primeape|Annihilape, M|100\/100\n|-damage|p2a: regular primeape|94\/100|[from] Stealth Rock\n|turn|19\n|\n|t:|1699324546\n|move|p1a: Flora|Knock Off|p2a: regular primeape\n|-damage|p2a: regular primeape|36\/100\n|-enditem|p2a: regular primeape|Leftovers|[from] move: Knock Off|[of] p1a: Flora\n|-damage|p1a: Flora|14\/100 tox|[from] item: Life Orb\n|move|p2a: regular primeape|Drain Punch|p1a: Flora\n|-supereffective|p1a: Flora\n|-damage|p1a: Flora|0 fnt\n|-heal|p2a: regular primeape|40\/100|[from] drain|[of] p1a: Flora\n|faint|p1a: Flora\n|\n|upkeep\n|\n|t:|1699324552\n|switch|p1a: Ronald G. Snarls|Grimmsnarl, M|100\/100\n|turn|20\n|\n|t:|1699324559\n|move|p1a: Ronald G. Snarls|Reflect|p1a: Ronald G. Snarls\n|-sidestart|p1: papahue|Reflect\n|move|p2a: regular primeape|Taunt|p1a: Ronald G. Snarls\n|-start|p1a: Ronald G. Snarls|move: Taunt\n|\n|upkeep\n|turn|21\n|\n|t:|1699324571\n|switch|p1a: Anat|Espathra, F|100\/100\n|move|p2a: regular primeape|Bulk Up|p2a: regular primeape\n|-boost|p2a: regular primeape|atk|1\n|-boost|p2a: regular primeape|def|1\n|\n|upkeep\n|turn|22\n|\n|t:|1699324576\n|move|p1a: Anat|Calm Mind|p1a: Anat\n|-boost|p1a: Anat|spa|1\n|-boost|p1a: Anat|spd|1\n|move|p2a: regular primeape|Rage Fist|p1a: Anat\n|-supereffective|p1a: Anat\n|-damage|p1a: Anat|35\/100\n|-enditem|p1a: Anat|Weakness Policy\n|-boost|p1a: Anat|atk|2|[from] item: Weakness Policy\n|-boost|p1a: Anat|spa|2|[from] item: Weakness Policy\n|\n|-ability|p1a: Anat|Speed Boost|boost\n|-boost|p1a: Anat|spe|1\n|upkeep\n|turn|23\n|\n|t:|1699324587\n|move|p1a: Anat|Protect|p1a: Anat\n|-singleturn|p1a: Anat|Protect\n|move|p2a: regular primeape|Rage Fist|p1a: Anat\n|-activate|p1a: Anat|move: Protect\n|\n|-ability|p1a: Anat|Speed Boost|boost\n|-boost|p1a: Anat|spe|1\n|upkeep\n|turn|24\n|\n|t:|1699324591\n|move|p1a: Anat|Baton Pass|p1a: Anat\n|\n|t:|1699324593\n|switch|p1a: Circe|Braixen, F|100\/100|[from] Baton Pass\n|move|p2a: regular primeape|Rage Fist|p1a: Circe\n|-damage|p1a: Circe|68\/100\n|\n|upkeep\n|turn|25\n|\n|t:|1699324602\n|move|p1a: Circe|Flamethrower|p2a: regular primeape\n|-damage|p2a: regular primeape|0 fnt\n|faint|p2a: regular primeape\n|\n|upkeep\n|\n|t:|1699324605\n|switch|p2a: snorlax|Dondozo, M|100\/100\n|-damage|p2a: snorlax|88\/100|[from] Stealth Rock\n|turn|26\n|\n|t:|1699324608\n|-terastallize|p1a: Circe|Fairy\n|move|p1a: Circe|Grass Knot|p2a: snorlax\n|-supereffective|p2a: snorlax\n|-damage|p2a: snorlax|19\/100\n|move|p2a: snorlax|Curse|p2a: snorlax\n|-unboost|p2a: snorlax|spe|1\n|-boost|p2a: snorlax|atk|1\n|-boost|p2a: snorlax|def|1\n|\n|-heal|p2a: snorlax|25\/100|[from] item: Leftovers\n|upkeep\n|turn|27\n|\n|t:|1699324614\n|move|p1a: Circe|Stored Power|p2a: snorlax\n|-damage|p2a: snorlax|0 fnt\n|faint|p2a: snorlax\n|\n|-sideend|p1: papahue|Reflect\n|upkeep\n|c|\u2606realtree crocs|gg\n|c|\u2606papahue|Gg\n|-message|realtree crocs forfeited.\n|\n|win|papahue\n|raw|papahue's rating: 1330 &rarr; <strong>1354<\/strong><br \/>(+24 for winning)\n|raw|realtree crocs's rating: 1406 &rarr; <strong>1382<\/strong><br \/>(-24 for losing)\n|l|\u2606realtree crocs\n","uploadtime":1699325305,"views":5,"p1id":"papahue","p2id":"realtreecrocs","formatid":"gen9anythinggoes","rating":1354,"private":0,"password":""}