{"id":"gen9anythinggoes-1986140837","p1":"Notaspectre","p2":"Smurfcatrocks","format":"[Gen 9] Anything Goes","log":"|j|\u2606Notaspectre\n|j|\u2606Smurfcatrocks\n|t:|1699454098\n|gametype|singles\n|player|p1|Notaspectre|psychic-gen4|1146\n|player|p2|Smurfcatrocks|n|1080\n|teamsize|p1|6\n|teamsize|p2|6\n|gen|9\n|tier|[Gen 9] Anything Goes\n|rated|\n|rule|HP Percentage Mod: HP is shown in percentages\n|rule|Endless Battle Clause: Forcing endless battles is banned\n|clearpoke\n|poke|p1|Eiscue, M|\n|poke|p1|Dragapult, F|\n|poke|p1|Espathra, F|\n|poke|p1|Landorus, M|\n|poke|p1|Grafaiai, M|\n|poke|p1|Breloom, M|\n|poke|p2|Quaquaval, F|\n|poke|p2|Kingambit, M|\n|poke|p2|Giratina|\n|poke|p2|Clefable, F|\n|poke|p2|Delphox, F|\n|poke|p2|Shaymin-Sky|\n|teampreview\n|inactive|Battle timer is ON: inactive players will automatically lose when time's up. (requested by Notaspectre)\n|\n|t:|1699454121\n|start\n|switch|p1a: Monke|Grafaiai, M|100\/100\n|switch|p2a: Clefable|Clefable, F, shiny|100\/100\n|turn|1\n|\n|t:|1699454133\n|move|p1a: Monke|Toxic|p2a: Clefable\n|-status|p2a: Clefable|tox\n|move|p2a: Clefable|Cosmic Power|p2a: Clefable\n|-boost|p2a: Clefable|def|1\n|-boost|p2a: Clefable|spd|1\n|\n|upkeep\n|turn|2\n|\n|t:|1699454142\n|move|p1a: Monke|Taunt|p2a: Clefable\n|-start|p2a: Clefable|move: Taunt\n|cant|p2a: Clefable|move: Taunt|Cosmic Power\n|\n|upkeep\n|turn|3\n|\n|t:|1699454158\n|-terastallize|p2a: Clefable|Fairy\n|move|p1a: Monke|Encore|p2a: Clefable\n|-start|p2a: Clefable|Encore\n|cant|p2a: Clefable|move: Taunt|Cosmic Power\n|\n|upkeep\n|turn|4\n|\n|t:|1699454167\n|move|p1a: Monke|Poison Fang|p2a: Clefable\n|-supereffective|p2a: Clefable\n|-damage|p2a: Clefable|76\/100 tox\n|-activate|p2a: Clefable|move: Struggle\n|move|p2a: Clefable|Struggle|p1a: Monke\n|-damage|p1a: Monke|90\/100\n|-damage|p2a: Clefable|50\/100 tox|[from] recoil\n|\n|-heal|p2a: Clefable|57\/100 tox|[from] item: Leftovers\n|-end|p2a: Clefable|move: Taunt\n|upkeep\n|turn|5\n|\n|t:|1699454179\n|move|p1a: Monke|Poison Fang|p2a: Clefable\n|-supereffective|p2a: Clefable\n|-crit|p2a: Clefable\n|-damage|p2a: Clefable|4\/100 tox\n|move|p2a: Clefable|Cosmic Power|p2a: Clefable\n|-boost|p2a: Clefable|def|1\n|-boost|p2a: Clefable|spd|1\n|\n|-heal|p2a: Clefable|10\/100 tox|[from] item: Leftovers\n|-end|p2a: Clefable|Encore\n|upkeep\n|turn|6\n|\n|t:|1699454193\n|move|p1a: Monke|Poison Fang|p2a: Clefable\n|-supereffective|p2a: Clefable\n|-damage|p2a: Clefable|0 fnt\n|faint|p2a: Clefable\n|\n|upkeep\n|\n|t:|1699454203\n|switch|p2a: Shaymin|Shaymin-Sky, shiny|100\/100\n|turn|7\n|\n|t:|1699454213\n|move|p1a: Monke|Toxic|p2a: Shaymin\n|-status|p2a: Shaymin|tox\n|move|p2a: Shaymin|Earth Power|p1a: Monke\n|-supereffective|p1a: Monke\n|-damage|p1a: Monke|9\/100\n|\n|-damage|p2a: Shaymin|94\/100 tox|[from] psn\n|upkeep\n|turn|8\n|\n|t:|1699454222\n|move|p1a: Monke|Encore|p2a: Shaymin\n|-start|p2a: Shaymin|Encore\n|move|p2a: Shaymin|Earth Power|p1a: Monke\n|-supereffective|p1a: Monke\n|-crit|p1a: Monke\n|-damage|p1a: Monke|0 fnt\n|faint|p1a: Monke\n|\n|-damage|p2a: Shaymin|82\/100 tox|[from] psn\n|upkeep\n|\n|t:|1699454233\n|switch|p1a: Landorus|Landorus, M|100\/100\n|turn|9\n|\n|t:|1699454237\n|move|p2a: Shaymin|Earth Power|p1a: Landorus\n|-immune|p1a: Landorus\n|move|p1a: Landorus|Rain Dance|p1a: Landorus\n|-weather|RainDance\n|\n|-weather|RainDance|[upkeep]\n|-damage|p2a: Shaymin|64\/100 tox|[from] psn\n|upkeep\n|turn|10\n|\n|t:|1699454248\n|move|p2a: Shaymin|Earth Power|p1a: Landorus\n|-immune|p1a: Landorus\n|move|p1a: Landorus|Sludge Bomb|p2a: Shaymin\n|-supereffective|p2a: Shaymin\n|-damage|p2a: Shaymin|0 fnt\n|faint|p2a: Shaymin\n|\n|-weather|RainDance|[upkeep]\n|upkeep\n|\n|t:|1699454262\n|switch|p2a: Quaquaval|Quaquaval, F, shiny|100\/100\n|turn|11\n|\n|t:|1699454270\n|move|p2a: Quaquaval|Bulk Up|p2a: Quaquaval\n|-boost|p2a: Quaquaval|atk|1\n|-boost|p2a: Quaquaval|def|1\n|move|p1a: Landorus|Extrasensory|p2a: Quaquaval\n|-supereffective|p2a: Quaquaval\n|-damage|p2a: Quaquaval|21\/100\n|\n|-weather|RainDance|[upkeep]\n|-heal|p2a: Quaquaval|27\/100|[from] item: Leftovers\n|upkeep\n|turn|12\n|\n|t:|1699454287\n|move|p2a: Quaquaval|Aqua Step|p1a: Landorus\n|-supereffective|p1a: Landorus\n|-damage|p1a: Landorus|0 fnt\n|-boost|p2a: Quaquaval|spe|1\n|faint|p1a: Landorus\n|-ability|p2a: Quaquaval|Moxie|boost\n|-boost|p2a: Quaquaval|atk|1\n|\n|-weather|RainDance|[upkeep]\n|-heal|p2a: Quaquaval|33\/100|[from] item: Leftovers\n|upkeep\n|\n|t:|1699454314\n|switch|p1a: Onion|Breloom, M|100\/100\n|turn|13\n|\n|t:|1699454340\n|move|p2a: Quaquaval|Aqua Cutter|p1a: Onion\n|-resisted|p1a: Onion\n|-damage|p1a: Onion|36\/100\n|move|p1a: Onion|Bulk Up|p1a: Onion\n|-boost|p1a: Onion|atk|1\n|-boost|p1a: Onion|def|1\n|\n|-weather|none\n|-heal|p2a: Quaquaval|39\/100|[from] item: Leftovers\n|-status|p1a: Onion|tox|[from] item: Toxic Orb\n|upkeep\n|turn|14\n|\n|t:|1699454354\n|move|p2a: Quaquaval|Aqua Step|p1a: Onion\n|-resisted|p1a: Onion\n|-damage|p1a: Onion|3\/100 tox\n|-boost|p2a: Quaquaval|spe|1\n|move|p1a: Onion|Seed Bomb|p2a: Quaquaval\n|-supereffective|p2a: Quaquaval\n|-damage|p2a: Quaquaval|0 fnt\n|faint|p2a: Quaquaval\n|\n|-heal|p1a: Onion|15\/100 tox|[from] ability: Poison Heal\n|upkeep\n|inactive|Smurfcatrocks has 120 seconds left.\n|\n|t:|1699454368\n|switch|p2a: Delphox|Delphox, F, shiny|100\/100\n|turn|15\n|\n|t:|1699454377\n|move|p2a: Delphox|Encore|p1a: Onion\n|-start|p1a: Onion|Encore\n|move|p1a: Onion|Seed Bomb|p2a: Delphox\n|-resisted|p2a: Delphox\n|-damage|p2a: Delphox|43\/100\n|\n|-heal|p1a: Onion|28\/100 tox|[from] ability: Poison Heal\n|upkeep\n|turn|16\n|\n|t:|1699454388\n|move|p2a: Delphox|Flamethrower|p1a: Onion\n|-supereffective|p1a: Onion\n|-damage|p1a: Onion|0 fnt\n|faint|p1a: Onion\n|\n|upkeep\n|\n|t:|1699454406\n|switch|p1a: Roommates|Dragapult, F|100\/100\n|turn|17\n|\n|t:|1699454414\n|move|p2a: Delphox|Psychic|p1a: Roommates\n|-damage|p1a: Roommates|51\/100\n|-unboost|p1a: Roommates|spd|1\n|-item|p2a: Delphox|Leftovers|[from] ability: Magician|[of] p1a: Roommates\n|move|p1a: Roommates|Dragon Dance|p1a: Roommates\n|-boost|p1a: Roommates|atk|1\n|-boost|p1a: Roommates|spe|1\n|\n|-heal|p2a: Delphox|50\/100|[from] item: Leftovers\n|upkeep\n|turn|18\n|\n|t:|1699454429\n|move|p1a: Roommates|Bite|p2a: Delphox\n|-supereffective|p2a: Delphox\n|-damage|p2a: Delphox|0 fnt\n|faint|p2a: Delphox\n|\n|upkeep\n|\n|t:|1699454444\n|switch|p2a: Kingambit|Kingambit, M, shiny|100\/100\n|-activate|p2a: Kingambit|ability: Supreme Overlord\n|-start|p2a: Kingambit|fallen4|[silent]\n|turn|19\n|\n|t:|1699454451\n|move|p1a: Roommates|Bite|p2a: Kingambit\n|-resisted|p2a: Kingambit\n|-damage|p2a: Kingambit|90\/100\n|cant|p2a: Kingambit|flinch\n|\n|upkeep\n|turn|20\n|inactive|Notaspectre has 120 seconds left.\n|\n|t:|1699454492\n|move|p1a: Roommates|Bite|p2a: Kingambit\n|-resisted|p2a: Kingambit\n|-damage|p2a: Kingambit|78\/100\n|move|p2a: Kingambit|Kowtow Cleave|p1a: Roommates\n|-supereffective|p1a: Roommates\n|-damage|p1a: Roommates|0 fnt\n|faint|p1a: Roommates\n|\n|upkeep\n|\n|t:|1699454516\n|switch|p1a: Noot Noot|Eiscue, M|100\/100\n|turn|21\n|-activate|p2a: Kingambit|item: Quick Claw\n|\n|t:|1699454520\n|move|p2a: Kingambit|Thunder Wave|p1a: Noot Noot\n|-status|p1a: Noot Noot|par\n|move|p1a: Noot Noot|Belly Drum|p1a: Noot Noot\n|-damage|p1a: Noot Noot|50\/100 par\n|-setboost|p1a: Noot Noot|atk|6|[from] move: Belly Drum\n|\n|-heal|p1a: Noot Noot|57\/100 par|[from] item: Leftovers\n|upkeep\n|turn|22\n|\n|t:|1699454534\n|move|p2a: Kingambit|Kowtow Cleave|p1a: Noot Noot\n|-activate|p1a: Noot Noot|ability: Ice Face\n|-damage|p1a: Noot Noot|57\/100 par\n|detailschange|p1a: Noot Noot|Eiscue-Noice, M\n|move|p1a: Noot Noot|Body Slam|p2a: Kingambit\n|-resisted|p2a: Kingambit\n|-damage|p2a: Kingambit|44\/100\n|\n|-heal|p1a: Noot Noot|63\/100 par|[from] item: Leftovers\n|upkeep\n|turn|23\n|-activate|p2a: Kingambit|item: Quick Claw\n|\n|t:|1699454546\n|move|p2a: Kingambit|Stone Edge|p1a: Noot Noot\n|-supereffective|p1a: Noot Noot\n|-damage|p1a: Noot Noot|0 fnt\n|faint|p1a: Noot Noot\n|\n|upkeep\n|inactive|Notaspectre has 90 seconds left.\n|inactive|Notaspectre has 60 seconds left.\n|\n|t:|1699454599\n|switch|p1a: It is Wednesday|Espathra, F|100\/100\n|turn|24\n|inactive|Notaspectre has 60 seconds left.\n|\n|t:|1699454610\n|move|p1a: It is Wednesday|Protect|p1a: It is Wednesday\n|-singleturn|p1a: It is Wednesday|Protect\n|move|p2a: Kingambit|Kowtow Cleave|p1a: It is Wednesday\n|-activate|p1a: It is Wednesday|move: Protect\n|\n|-ability|p1a: It is Wednesday|Speed Boost|boost\n|-boost|p1a: It is Wednesday|spe|1\n|upkeep\n|turn|25\n|-activate|p2a: Kingambit|item: Quick Claw\n|\n|t:|1699454619\n|move|p2a: Kingambit|Thunder Wave|p1a: It is Wednesday\n|-status|p1a: It is Wednesday|par\n|cant|p1a: It is Wednesday|par\n|\n|-ability|p1a: It is Wednesday|Speed Boost|boost\n|-boost|p1a: It is Wednesday|spe|1\n|upkeep\n|turn|26\n|\n|t:|1699454630\n|cant|p1a: It is Wednesday|par\n|move|p2a: Kingambit|Kowtow Cleave|p1a: It is Wednesday\n|-supereffective|p1a: It is Wednesday\n|-enditem|p1a: It is Wednesday|Colbur Berry|[eat]\n|-enditem|p1a: It is Wednesday|Colbur Berry|[weaken]\n|-damage|p1a: It is Wednesday|16\/100 par\n|\n|-ability|p1a: It is Wednesday|Speed Boost|boost\n|-boost|p1a: It is Wednesday|spe|1\n|upkeep\n|turn|27\n|\n|t:|1699454644\n|cant|p1a: It is Wednesday|par\n|move|p2a: Kingambit|Kowtow Cleave|p1a: It is Wednesday\n|-supereffective|p1a: It is Wednesday\n|-damage|p1a: It is Wednesday|0 fnt\n|faint|p1a: It is Wednesday\n|\n|win|Smurfcatrocks\n|raw|Notaspectre's rating: 1146 &rarr; <strong>1116<\/strong><br \/>(-30 for losing)\n|raw|Smurfcatrocks's rating: 1080 &rarr; <strong>1113<\/strong><br \/>(+33 for winning)\n","uploadtime":1699454658,"views":11,"p1id":"notaspectre","p2id":"smurfcatrocks","formatid":"gen9anythinggoes","rating":1113,"private":0,"password":""}