{"id":"gen9anythinggoes-1976725539","p1":"MichaeltheMink","p2":"The_beastgod12","format":"[Gen 9] Anything Goes","log":"|j|\u2606MichaeltheMink\n|j|\u203dThe_beastgod12\n|t:|1698336438\n|gametype|singles\n|player|p1|MichaeltheMink|266|\n|player|p2|The_beastgod12|hilbert|\n|teamsize|p1|6\n|teamsize|p2|6\n|gen|9\n|tier|[Gen 9] Anything Goes\n|rule|HP Percentage Mod: HP is shown in percentages\n|rule|Endless Battle Clause: Forcing endless battles is banned\n|clearpoke\n|poke|p1|Orthworm, M|\n|poke|p1|Slither Wing|\n|poke|p1|Azumarill, F|\n|poke|p1|Donphan, F|\n|poke|p1|Gyarados, M|\n|poke|p1|Muk-Alola, M|\n|poke|p2|Gardevoir, F|\n|poke|p2|Zapdos-Galar|\n|poke|p2|Kleavor, M|\n|poke|p2|Ceruledge, M|\n|poke|p2|Landorus-Therian, M|\n|poke|p2|Zoroark-Hisui, M|\n|teampreview\n|\n|t:|1698336457\n|start\n|switch|p1a: Gyarados|Gyarados, M|100\/100\n|switch|p2a: Ceruledge|Ceruledge, M, shiny|100\/100\n|-ability|p1a: Gyarados|Intimidate|boost\n|-unboost|p2a: Ceruledge|atk|1\n|turn|1\n|\n|t:|1698336478\n|switch|p2a: Gardevoir|Gardevoir, F, shiny|100\/100\n|-ability|p2a: Gardevoir|Intimidate|boost\n|-unboost|p1a: Gyarados|atk|1\n|-ability|p2a: Gardevoir|Intimidate|[from] ability: Trace|[of] p1a: Gyarados\n|move|p1a: Gyarados|Waterfall|p2a: Gardevoir\n|-damage|p2a: Gardevoir|44\/100\n|-damage|p1a: Gyarados|91\/100|[from] item: Life Orb\n|\n|-heal|p2a: Gardevoir|50\/100|[from] item: Leftovers\n|upkeep\n|turn|2\n|\n|t:|1698336496\n|-terastallize|p2a: Gardevoir|Water\n|move|p1a: Gyarados|Waterfall|p2a: Gardevoir\n|-resisted|p2a: Gardevoir\n|-damage|p2a: Gardevoir|21\/100\n|-damage|p1a: Gyarados|81\/100|[from] item: Life Orb\n|cant|p2a: Gardevoir|flinch\n|\n|-heal|p2a: Gardevoir|27\/100|[from] item: Leftovers\n|upkeep\n|turn|3\n|\n|t:|1698336518\n|-terastallize|p1a: Gyarados|Flying\n|move|p1a: Gyarados|Tera Blast|p2a: Gardevoir|[anim] Tera Blast Flying\n|-damage|p2a: Gardevoir|0 fnt\n|faint|p2a: Gardevoir\n|-damage|p1a: Gyarados|71\/100|[from] item: Life Orb\n|\n|upkeep\n|\n|t:|1698336531\n|switch|p2a: Zapdos|Zapdos-Galar, shiny|100\/100\n|turn|4\n|\n|t:|1698336538\n|move|p2a: Zapdos|Knock Off|p1a: Gyarados\n|-damage|p1a: Gyarados|31\/100\n|-enditem|p1a: Gyarados|Life Orb|[from] move: Knock Off|[of] p2a: Zapdos\n|move|p1a: Gyarados|Waterfall|p2a: Zapdos\n|-damage|p2a: Zapdos|68\/100\n|\n|upkeep\n|turn|5\n|\n|t:|1698336553\n|switch|p2a: Zapdos|Zapdos-Galar, shiny|100\/100\n|switch|p1a: Slither Wing|Slither Wing|100\/100\n|\n|upkeep\n|turn|6\n|\n|t:|1698336566\n|move|p1a: Slither Wing|Will-O-Wisp|p2a: Zapdos\n|-status|p2a: Zapdos|brn\n|move|p2a: Zapdos|Nasty Plot|p2a: Zapdos\n|-boost|p2a: Zapdos|spa|2\n|\n|-damage|p2a: Zapdos|95\/100 brn|[from] brn\n|upkeep\n|turn|7\n|\n|t:|1698336577\n|-end|p1a: Slither Wing|Protosynthesis|[silent]\n|switch|p1a: Gyarados|Gyarados, M, tera:Flying|31\/100\n|-ability|p1a: Gyarados|Intimidate|boost\n|-unboost|p2a: Zapdos|atk|1\n|move|p2a: Zapdos|Hyper Voice|p1a: Gyarados\n|-damage|p1a: Gyarados|0 fnt\n|faint|p1a: Gyarados\n|\n|-damage|p2a: Zapdos|89\/100 brn|[from] brn\n|upkeep\n|\n|t:|1698336590\n|switch|p1a: Muk|Muk-Alola, M|100\/100\n|turn|8\n|\n|t:|1698336604\n|move|p2a: Zapdos|Hyper Voice|p1a: Muk\n|-damage|p1a: Muk|22\/100\n|move|p1a: Muk|Knock Off|p2a: Zapdos\n|-supereffective|p2a: Zapdos\n|-damage|p2a: Zapdos|0 fnt\n|replace|p2a: Zoroark|Zoroark-Hisui, M, shiny\n|-end|p2a: Zoroark|Illusion\n|-enditem|p2a: Zoroark|Focus Sash|[from] move: Knock Off|[of] p1a: Muk\n|faint|p2a: Zoroark\n|\n|-heal|p1a: Muk|28\/100|[from] item: Black Sludge\n|upkeep\n|\n|t:|1698336617\n|switch|p2a: Landorus|Landorus-Therian, M|100\/100\n|-ability|p2a: Landorus|Intimidate|boost\n|-unboost|p1a: Muk|atk|1\n|turn|9\n|\n|t:|1698336634\n|move|p2a: Landorus|Bulk Up|p2a: Landorus\n|-boost|p2a: Landorus|atk|1\n|-boost|p2a: Landorus|def|1\n|move|p1a: Muk|Poison Jab|p2a: Landorus\n|-resisted|p2a: Landorus\n|-damage|p2a: Landorus|93\/100\n|-damage|p1a: Muk|12\/100|[from] item: Rocky Helmet|[of] p2a: Landorus\n|-status|p2a: Landorus|psn|[from] ability: Poison Touch|[of] p1a: Muk\n|\n|-heal|p1a: Muk|18\/100|[from] item: Black Sludge\n|-damage|p2a: Landorus|81\/100 psn|[from] psn\n|upkeep\n|turn|10\n|\n|t:|1698336647\n|move|p1a: Muk|Protect|p1a: Muk\n|-singleturn|p1a: Muk|Protect\n|move|p2a: Landorus|Hammer Arm|p1a: Muk\n|-activate|p1a: Muk|move: Protect\n|\n|-heal|p1a: Muk|24\/100|[from] item: Black Sludge\n|-damage|p2a: Landorus|69\/100 psn|[from] psn\n|upkeep\n|turn|11\n|\n|t:|1698336659\n|switch|p1a: Slither Wing|Slither Wing|100\/100\n|move|p2a: Landorus|Hammer Arm|p1a: Slither Wing\n|-resisted|p1a: Slither Wing\n|-damage|p1a: Slither Wing|70\/100\n|-unboost|p2a: Landorus|spe|1\n|\n|-damage|p2a: Landorus|57\/100 psn|[from] psn\n|upkeep\n|turn|12\n|\n|t:|1698336671\n|move|p1a: Slither Wing|Morning Sun|p1a: Slither Wing\n|-heal|p1a: Slither Wing|100\/100\n|move|p2a: Landorus|Earthquake|p1a: Slither Wing\n|-resisted|p1a: Slither Wing\n|-crit|p1a: Slither Wing\n|-damage|p1a: Slither Wing|33\/100\n|\n|-damage|p2a: Landorus|44\/100 psn|[from] psn\n|upkeep\n|turn|13\n|\n|t:|1698336685\n|move|p1a: Slither Wing|Morning Sun|p1a: Slither Wing\n|-heal|p1a: Slither Wing|83\/100\n|move|p2a: Landorus|Outrage|p1a: Slither Wing\n|-damage|p1a: Slither Wing|14\/100\n|\n|-damage|p2a: Landorus|32\/100 psn|[from] psn\n|upkeep\n|turn|14\n|\n|t:|1698336694\n|move|p1a: Slither Wing|Morning Sun|p1a: Slither Wing\n|-heal|p1a: Slither Wing|64\/100\n|move|p2a: Landorus|Outrage|p1a: Slither Wing|[from]lockedmove\n|-damage|p1a: Slither Wing|0 fnt\n|faint|p1a: Slither Wing\n|-end|p1a: Slither Wing|Protosynthesis|[silent]\n|-start|p2a: Landorus|confusion|[fatigue]\n|\n|-damage|p2a: Landorus|20\/100 psn|[from] psn\n|upkeep\n|\n|t:|1698336705\n|switch|p1a: Orthworm|Orthworm, M|100\/100\n|turn|15\n|\n|t:|1698336708\n|move|p1a: Orthworm|Shed Tail|p1a: Orthworm\n|-start|p1a: Orthworm|Substitute|[from] move: Shed Tail\n|-damage|p1a: Orthworm|50\/100\n|\n|t:|1698336711\n|switch|p1a: Azumarill|Azumarill, F|100\/100|[from] Shed Tail\n|-activate|p2a: Landorus|confusion\n|move|p2a: Landorus|Hammer Arm|p1a: Azumarill\n|-resisted|p1a: Azumarill\n|-end|p1a: Azumarill|Substitute\n|-unboost|p2a: Landorus|spe|1\n|\n|-damage|p2a: Landorus|7\/100 psn|[from] psn\n|upkeep\n|turn|16\n|l|\u203dThe_beastgod12\n|player|p2|\n|\n|t:|1698336731\n|move|p1a: Azumarill|Belly Drum|p1a: Azumarill\n|-damage|p1a: Azumarill|51\/100\n|-setboost|p1a: Azumarill|atk|6|[from] move: Belly Drum\n|-end|p2a: Landorus|confusion\n|move|p2a: Landorus|Earthquake|p1a: Azumarill\n|-damage|p1a: Azumarill|0 fnt\n|faint|p1a: Azumarill\n|\n|-damage|p2a: Landorus|0 fnt|[from] psn\n|faint|p2a: Landorus\n|upkeep\n|j|\u203dThe_beastgod12\n|player|p2|The_beastgod12|hilbert\n|n|\u203dThe_beastgod12|thebeastgod12\n|\n|t:|1698336761\n|switch|p2a: Zapdos|Zapdos-Galar, shiny|68\/100\n|switch|p1a: Muk|Muk-Alola, M|24\/100\n|turn|17\n|\n|t:|1698336770\n|move|p2a: Zapdos|Thunderous Kick|p1a: Muk\n|-damage|p1a: Muk|0 fnt\n|faint|p1a: Muk\n|\n|upkeep\n|\n|t:|1698336775\n|switch|p1a: Donphan|Donphan, F|100\/100\n|turn|18\n|\n|t:|1698336780\n|move|p2a: Zapdos|Thunderous Kick|p1a: Donphan\n|-damage|p1a: Donphan|68\/100\n|-unboost|p1a: Donphan|def|1\n|move|p1a: Donphan|Ice Spinner|p2a: Zapdos\n|-supereffective|p2a: Zapdos\n|-damage|p2a: Zapdos|13\/100\n|\n|upkeep\n|turn|19\n|\n|t:|1698336789\n|move|p2a: Zapdos|Thunderous Kick|p1a: Donphan\n|-damage|p1a: Donphan|18\/100\n|-unboost|p1a: Donphan|def|1\n|move|p1a: Donphan|Knock Off|p2a: Zapdos\n|-resisted|p2a: Zapdos\n|-damage|p2a: Zapdos|0 fnt\n|-enditem|p2a: Zapdos|Choice Scarf|[from] move: Knock Off|[of] p1a: Donphan\n|faint|p2a: Zapdos\n|\n|upkeep\n|\n|t:|1698336795\n|switch|p2a: Ceruledge|Ceruledge, M, shiny|100\/100\n|turn|20\n|\n|t:|1698336801\n|move|p2a: Ceruledge|Swords Dance|p2a: Ceruledge\n|-boost|p2a: Ceruledge|atk|2\n|move|p1a: Donphan|Earthquake|p2a: Ceruledge\n|-supereffective|p2a: Ceruledge\n|-enditem|p2a: Ceruledge|Focus Sash\n|-damage|p2a: Ceruledge|1\/100\n|-ability|p2a: Ceruledge|Weak Armor|boost\n|-unboost|p2a: Ceruledge|def|1\n|-boost|p2a: Ceruledge|spe|2\n|\n|upkeep\n|turn|21\n|\n|t:|1698336812\n|move|p2a: Ceruledge|Bitter Blade|p1a: Donphan\n|-damage|p1a: Donphan|0 fnt\n|-heal|p2a: Ceruledge|13\/100|[from] drain|[of] p1a: Donphan\n|faint|p1a: Donphan\n|\n|upkeep\n|c|\u2606MichaeltheMink|gg g3\\\n|\n|t:|1698336821\n|switch|p1a: Orthworm|Orthworm, M|50\/100\n|turn|22\n|\n|t:|1698336825\n|move|p2a: Ceruledge|Bitter Blade|p1a: Orthworm\n|-supereffective|p1a: Orthworm\n|-damage|p1a: Orthworm|0 fnt\n|-heal|p2a: Ceruledge|42\/100|[from] drain|[of] p1a: Orthworm\n|faint|p1a: Orthworm\n|\n|win|The_beastgod12\n|l|\u2606MichaeltheMink\n","uploadtime":1698336857,"views":15,"p1id":"michaelthemink","p2id":"thebeastgod12","formatid":"gen9anythinggoes","rating":0,"private":0,"password":""}