{"id":"gen9anythinggoes-1973785894","p1":"T90n","p2":"ZStayne","format":"[Gen 9] Anything Goes","log":"|j|\u2606T90n\n|j|\u2606ZStayne\n|t:|1698013275\n|gametype|singles\n|player|p1|T90n|102|\n|player|p2|ZStayne|169|\n|teamsize|p1|6\n|teamsize|p2|6\n|gen|9\n|tier|[Gen 9] Anything Goes\n|rule|HP Percentage Mod: HP is shown in percentages\n|rule|Endless Battle Clause: Forcing endless battles is banned\n|clearpoke\n|poke|p1|Ogerpon, F|\n|poke|p1|Jirachi|\n|poke|p1|Tyranitar, M|\n|poke|p1|Lucario, F|\n|poke|p1|Articuno|\n|poke|p1|Vikavolt, F|\n|poke|p2|Volcanion|\n|poke|p2|Jumpluff, M|\n|poke|p2|Goodra-Hisui, M|\n|poke|p2|Chesnaught, M|\n|poke|p2|Greninja-*, M|\n|poke|p2|Ursaluna-Bloodmoon, M|\n|teampreview\n|\n|t:|1698013289\n|start\n|switch|p1a: Jirachi|Jirachi|100\/100\n|switch|p2a: Fuzzy Balls|Jumpluff, M|100\/100\n|turn|1\n|\n|t:|1698013299\n|move|p1a: Jirachi|Thunderbolt|p2a: Fuzzy Balls\n|-damage|p2a: Fuzzy Balls|82\/100\n|move|p2a: Fuzzy Balls|Light Screen|p2a: Fuzzy Balls\n|-sidestart|p2: ZStayne|move: Light Screen\n|\n|upkeep\n|turn|2\n|\n|t:|1698013318\n|switch|p1a: Articuno|Articuno|100\/100\n|-ability|p1a: Articuno|Pressure\n|move|p2a: Fuzzy Balls|Reflect|p2a: Fuzzy Balls\n|-sidestart|p2: ZStayne|Reflect\n|\n|upkeep\n|turn|3\n|\n|t:|1698013331\n|move|p2a: Fuzzy Balls|U-turn|p1a: Articuno\n|-resisted|p1a: Articuno\n|-damage|p1a: Articuno|96\/100\n|\n|t:|1698013360\n|switch|p2a: Hot Balls|Volcanion|100\/100|[from] U-turn\n|move|p1a: Articuno|Freeze-Dry|p2a: Hot Balls\n|-damage|p2a: Hot Balls|88\/100\n|\n|-heal|p2a: Hot Balls|94\/100|[from] item: Leftovers\n|upkeep\n|turn|4\n|\n|t:|1698013408\n|switch|p1a: Tyranitar|Tyranitar, M|100\/100\n|-weather|Sandstorm|[from] ability: Sand Stream|[of] p1a: Tyranitar\n|move|p2a: Hot Balls|Steam Eruption|p1a: Tyranitar\n|-supereffective|p1a: Tyranitar\n|-damage|p1a: Tyranitar|14\/100\n|-status|p1a: Tyranitar|brn\n|\n|-weather|Sandstorm|[upkeep]\n|-damage|p2a: Hot Balls|88\/100|[from] Sandstorm\n|-heal|p2a: Hot Balls|94\/100|[from] item: Leftovers\n|-damage|p1a: Tyranitar|8\/100 brn|[from] brn\n|upkeep\n|turn|5\n|\n|t:|1698013464\n|move|p1a: Tyranitar|Earthquake|p2a: Hot Balls\n|-supereffective|p2a: Hot Balls\n|-damage|p2a: Hot Balls|78\/100\n|move|p2a: Hot Balls|Earth Power|p1a: Tyranitar\n|-supereffective|p1a: Tyranitar\n|-damage|p1a: Tyranitar|0 fnt\n|faint|p1a: Tyranitar\n|\n|-weather|Sandstorm|[upkeep]\n|-damage|p2a: Hot Balls|72\/100|[from] Sandstorm\n|-heal|p2a: Hot Balls|78\/100|[from] item: Leftovers\n|upkeep\n|\n|t:|1698013484\n|switch|p1a: Jirachi|Jirachi|100\/100\n|turn|6\n|\n|t:|1698013490\n|move|p1a: Jirachi|Thunderbolt|p2a: Hot Balls\n|-supereffective|p2a: Hot Balls\n|-damage|p2a: Hot Balls|60\/100\n|-status|p2a: Hot Balls|par\n|move|p2a: Hot Balls|Fire Blast|p1a: Jirachi\n|-supereffective|p1a: Jirachi\n|-damage|p1a: Jirachi|0 fnt\n|faint|p1a: Jirachi\n|\n|-weather|Sandstorm|[upkeep]\n|-damage|p2a: Hot Balls|54\/100 par|[from] Sandstorm\n|-heal|p2a: Hot Balls|60\/100 par|[from] item: Leftovers\n|upkeep\n|\n|t:|1698013501\n|switch|p1a: Vikavolt|Vikavolt, F|100\/100\n|turn|7\n|\n|t:|1698013529\n|move|p1a: Vikavolt|Thunderbolt|p2a: Hot Balls\n|-supereffective|p2a: Hot Balls\n|-damage|p2a: Hot Balls|1\/100 par\n|move|p2a: Hot Balls|Fire Blast|p1a: Vikavolt|[miss]\n|-miss|p2a: Hot Balls|p1a: Vikavolt\n|\n|-weather|Sandstorm|[upkeep]\n|-damage|p1a: Vikavolt|94\/100|[from] Sandstorm\n|-damage|p2a: Hot Balls|0 fnt|[from] Sandstorm\n|faint|p2a: Hot Balls\n|upkeep\n|\n|t:|1698013546\n|switch|p2a: Sticky Balls|Goodra-Hisui, M|100\/100\n|turn|8\n|\n|t:|1698013572\n|switch|p1a: Lucario|Lucario, F|100\/100\n|move|p2a: Sticky Balls|Flamethrower|p1a: Lucario\n|-supereffective|p1a: Lucario\n|-damage|p1a: Lucario|0 fnt\n|faint|p1a: Lucario\n|\n|-weather|none\n|-sideend|p2: ZStayne|move: Light Screen\n|upkeep\n|\n|t:|1698013583\n|switch|p1a: Vikavolt|Vikavolt, F|94\/100\n|turn|9\n|\n|t:|1698013595\n|move|p1a: Vikavolt|Thunderbolt|p2a: Sticky Balls\n|-resisted|p2a: Sticky Balls\n|-damage|p2a: Sticky Balls|87\/100\n|move|p2a: Sticky Balls|Flamethrower|p1a: Vikavolt\n|-supereffective|p1a: Vikavolt\n|-damage|p1a: Vikavolt|15\/100\n|\n|-sideend|p2: ZStayne|Reflect\n|upkeep\n|turn|10\n|\n|t:|1698013607\n|switch|p1a: Ogerpon|Ogerpon, F|100\/100\n|move|p2a: Sticky Balls|Flamethrower|p1a: Ogerpon\n|-supereffective|p1a: Ogerpon\n|-damage|p1a: Ogerpon|38\/100\n|\n|upkeep\n|turn|11\n|\n|t:|1698013627\n|move|p1a: Ogerpon|Play Rough|p2a: Sticky Balls\n|-damage|p2a: Sticky Balls|63\/100\n|-ability|p2a: Sticky Balls|Gooey\n|-unboost|p1a: Ogerpon|spe|1\n|-ability|p1a: Ogerpon|Defiant|boost\n|-boost|p1a: Ogerpon|atk|2\n|move|p2a: Sticky Balls|Flamethrower|p1a: Ogerpon\n|-supereffective|p1a: Ogerpon\n|-damage|p1a: Ogerpon|0 fnt\n|faint|p1a: Ogerpon\n|\n|upkeep\n|\n|t:|1698013637\n|switch|p1a: Articuno|Articuno|96\/100\n|-ability|p1a: Articuno|Pressure\n|turn|12\n|\n|t:|1698013647\n|move|p1a: Articuno|Hurricane|p2a: Sticky Balls\n|-resisted|p2a: Sticky Balls\n|-damage|p2a: Sticky Balls|54\/100\n|move|p2a: Sticky Balls|Flamethrower|p1a: Articuno\n|-supereffective|p1a: Articuno\n|-damage|p1a: Articuno|65\/100\n|\n|upkeep\n|turn|13\n|\n|t:|1698013670\n|move|p1a: Articuno|U-turn|p2a: Sticky Balls\n|-resisted|p2a: Sticky Balls\n|-damage|p2a: Sticky Balls|49\/100\n|-ability|p2a: Sticky Balls|Gooey\n|-unboost|p1a: Articuno|spe|1\n|\n|t:|1698013680\n|switch|p1a: Vikavolt|Vikavolt, F|15\/100|[from] U-turn\n|move|p2a: Sticky Balls|Flash Cannon|p1a: Vikavolt\n|-resisted|p1a: Vikavolt\n|-damage|p1a: Vikavolt|0 fnt\n|faint|p1a: Vikavolt\n|\n|upkeep\n|\n|t:|1698013697\n|switch|p1a: Articuno|Articuno|65\/100\n|-ability|p1a: Articuno|Pressure\n|turn|14\n|\n|t:|1698013704\n|move|p1a: Articuno|Roost|p1a: Articuno\n|-heal|p1a: Articuno|100\/100\n|-singleturn|p1a: Articuno|move: Roost\n|move|p2a: Sticky Balls|Flash Cannon|p1a: Articuno\n|-supereffective|p1a: Articuno\n|-damage|p1a: Articuno|58\/100\n|\n|upkeep\n|turn|15\n|\n|t:|1698013713\n|move|p1a: Articuno|Freeze-Dry|p2a: Sticky Balls\n|-damage|p2a: Sticky Balls|39\/100\n|move|p2a: Sticky Balls|Flash Cannon|p1a: Articuno\n|-supereffective|p1a: Articuno\n|-damage|p1a: Articuno|11\/100\n|\n|upkeep\n|turn|16\n|\n|t:|1698013720\n|move|p1a: Articuno|Roost|p1a: Articuno\n|-heal|p1a: Articuno|61\/100\n|-singleturn|p1a: Articuno|move: Roost\n|move|p2a: Sticky Balls|Flash Cannon|p1a: Articuno\n|-supereffective|p1a: Articuno\n|-damage|p1a: Articuno|16\/100\n|\n|upkeep\n|turn|17\n|\n|t:|1698013736\n|move|p1a: Articuno|Roost|p1a: Articuno\n|-heal|p1a: Articuno|66\/100\n|-singleturn|p1a: Articuno|move: Roost\n|move|p2a: Sticky Balls|Flash Cannon|p1a: Articuno\n|-supereffective|p1a: Articuno\n|-damage|p1a: Articuno|22\/100\n|\n|upkeep\n|turn|18\n|\n|t:|1698013744\n|move|p1a: Articuno|Hurricane|p2a: Sticky Balls\n|-resisted|p2a: Sticky Balls\n|-damage|p2a: Sticky Balls|31\/100\n|move|p2a: Sticky Balls|Flamethrower|p1a: Articuno\n|-supereffective|p1a: Articuno\n|-damage|p1a: Articuno|0 fnt\n|faint|p1a: Articuno\n|\n|win|ZStayne\n|c|\u2606T90n|gg\n","uploadtime":1698013755,"views":12,"p1id":"t90n","p2id":"zstayne","formatid":"gen9anythinggoes","rating":0,"private":0,"password":""}