{"id":"gen9anythinggoes-1984144590","p1":"0-9p8p9p7","p2":"Jsumi","format":"[Gen 9] Anything Goes","log":"|j|\u26060-9p8p9p7\n|j|\u2606Jsumi\n|t:|1699223333\n|gametype|singles\n|player|p1|0-9p8p9p7|1|1049\n|player|p2|Jsumi|266|1173\n|teamsize|p1|6\n|teamsize|p2|6\n|gen|9\n|tier|[Gen 9] Anything Goes\n|rated|\n|rule|HP Percentage Mod: HP is shown in percentages\n|rule|Endless Battle Clause: Forcing endless battles is banned\n|clearpoke\n|poke|p1|Azurill, F|\n|poke|p1|Snom, F|\n|poke|p1|Kirlia, M|\n|poke|p1|Noctowl, F|\n|poke|p1|Vulpix, M|\n|poke|p1|Leavanny, M|\n|poke|p2|Darkrai|\n|poke|p2|Greninja-*, M|\n|poke|p2|Ting-Lu|\n|poke|p2|Hoopa-Unbound|\n|poke|p2|Bisharp, M|\n|poke|p2|Meowscarada, F|\n|teampreview\n|\n|t:|1699223342\n|start\n|switch|p1a: Vulpix|Vulpix, M|100\/100\n|switch|p2a: Hoopa|Hoopa-Unbound|100\/100\n|-weather|SunnyDay|[from] ability: Drought|[of] p1a: Vulpix\n|turn|1\n|\n|t:|1699223351\n|move|p2a: Hoopa|Gravity|p2a: Hoopa\n|-fieldstart|move: Gravity\n|move|p1a: Vulpix|Weather Ball|p2a: Hoopa\n|-damage|p2a: Hoopa|63\/100\n|\n|-weather|SunnyDay|[upkeep]\n|upkeep\n|turn|2\n|\n|t:|1699223360\n|switch|p2a: Darkrai|Darkrai|100\/100\n|move|p1a: Vulpix|Will-O-Wisp|p2a: Darkrai\n|-status|p2a: Darkrai|brn\n|\n|-weather|SunnyDay|[upkeep]\n|-damage|p2a: Darkrai|94\/100 brn|[from] brn\n|upkeep\n|turn|3\n|\n|t:|1699223374\n|move|p2a: Darkrai|Dark Void|p1a: Vulpix\n|-status|p1a: Vulpix|slp|[from] move: Dark Void\n|cant|p1a: Vulpix|slp\n|\n|-weather|SunnyDay|[upkeep]\n|-damage|p2a: Darkrai|88\/100 brn|[from] brn\n|-damage|p1a: Vulpix|88\/100 slp|[from] ability: Bad Dreams|[of] p2a: Darkrai\n|upkeep\n|turn|4\n|\n|t:|1699223378\n|switch|p1a: nom|Snom, F|100\/100\n|move|p2a: Darkrai|Dream Eater|p1a: nom\n|-immune|p1a: nom\n|\n|-weather|SunnyDay|[upkeep]\n|-damage|p2a: Darkrai|82\/100 brn|[from] brn\n|upkeep\n|turn|5\n|\n|t:|1699223386\n|switch|p1a: Vulpix|Vulpix, M|88\/100 slp\n|move|p2a: Darkrai|Dark Void|p1a: Vulpix\n|-fail|p1a: Vulpix|slp\n|\n|-weather|none\n|-damage|p2a: Darkrai|76\/100 brn|[from] brn\n|-fieldend|move: Gravity\n|-damage|p1a: Vulpix|76\/100 slp|[from] ability: Bad Dreams|[of] p2a: Darkrai\n|upkeep\n|turn|6\n|\n|t:|1699223402\n|move|p2a: Darkrai|Dark Pulse|p1a: Vulpix\n|-damage|p1a: Vulpix|2\/100 slp\n|cant|p1a: Vulpix|slp\n|\n|-damage|p2a: Darkrai|70\/100 brn|[from] brn\n|-damage|p1a: Vulpix|0 fnt|[from] ability: Bad Dreams|[of] p2a: Darkrai\n|faint|p1a: Vulpix\n|upkeep\n|\n|t:|1699223416\n|switch|p1a: Leavanny|Leavanny, M|100\/100\n|turn|7\n|\n|t:|1699223422\n|move|p2a: Darkrai|Dark Void|p1a: Leavanny|[miss]\n|-miss|p2a: Darkrai|p1a: Leavanny\n|move|p1a: Leavanny|Sticky Web|p2a: Darkrai\n|-sidestart|p2: Jsumi|move: Sticky Web\n|\n|-damage|p2a: Darkrai|64\/100 brn|[from] brn\n|upkeep\n|turn|8\n|\n|t:|1699223431\n|move|p2a: Darkrai|Dark Void|p1a: Leavanny|[miss]\n|-miss|p2a: Darkrai|p1a: Leavanny\n|move|p1a: Leavanny|Leaf Blade|p2a: Darkrai\n|-damage|p2a: Darkrai|10\/100 brn\n|\n|-damage|p2a: Darkrai|4\/100 brn|[from] brn\n|upkeep\n|turn|9\n|-message|Jsumi forfeited.\n|\n|win|0-9p8p9p7\n|raw|0-9p8p9p7's rating: 1049 &rarr; <strong>1093<\/strong><br \/>(+44 for winning)\n|raw|Jsumi's rating: 1173 &rarr; <strong>1139<\/strong><br \/>(-34 for losing)\n|l|\u2606Jsumi\n|j| Sheep Liver\n|c| Sheep Liver|hacks\n|c| Sheep Liver|what a god damn hacker\n|c|\u26060-9p8p9p7|skill issure\n|c|\u26060-9p8p9p7|issue*\n","uploadtime":1699223624,"views":2,"p1id":"09p8p9p7","p2id":"jsumi","formatid":"gen9anythinggoes","rating":1093,"private":0,"password":""}