{"id":"gen9anythinggoes-1992653805","p1":"Ninobixio063","p2":"BeginnerForReal","format":"[Gen 9] Anything Goes","log":"|j|\u2606Ninobixio063\n|j|\u2606BeginnerForReal\n|t:|1700220892\n|gametype|singles\n|player|p1|Ninobixio063|koga|1040\n|player|p2|BeginnerForReal|102|1044\n|teamsize|p1|6\n|teamsize|p2|3\n|gen|9\n|tier|[Gen 9] Anything Goes\n|rated|\n|rule|HP Percentage Mod: HP is shown in percentages\n|rule|Endless Battle Clause: Forcing endless battles is banned\n|clearpoke\n|poke|p1|Hatterene, F|\n|poke|p1|Calyrex-Shadow|\n|poke|p1|Quaquaval, F|\n|poke|p1|Amoonguss, M|\n|poke|p1|Maushold-Four|\n|poke|p1|Dondozo, F|\n|poke|p2|Espeon, F|\n|poke|p2|Skeledirge, F|\n|poke|p2|Espathra, M|\n|teampreview\n|inactive|Battle timer is ON: inactive players will automatically lose when time's up. (requested by Ninobixio063)\n|\n|t:|1700220895\n|start\n|switch|p1a: Maushold|Maushold-Four, shiny|100\/100\n|switch|p2a: Espeon|Espeon, F|100\/100\n|turn|1\n|\n|t:|1700220904\n|move|p1a: Maushold|Population Bomb|p2a: Espeon|[miss]\n|-miss|p1a: Maushold|p2a: Espeon\n|move|p2a: Espeon|Reflect|p2a: Espeon\n|-sidestart|p2: BeginnerForReal|Reflect\n|\n|upkeep\n|turn|2\n|\n|t:|1700220911\n|move|p1a: Maushold|Population Bomb|p2a: Espeon\n|-damage|p2a: Espeon|92\/100\n|-damage|p2a: Espeon|82\/100\n|-damage|p2a: Espeon|73\/100\n|-damage|p2a: Espeon|65\/100\n|-damage|p2a: Espeon|57\/100\n|-damage|p2a: Espeon|48\/100\n|-damage|p2a: Espeon|40\/100\n|-damage|p2a: Espeon|31\/100\n|-damage|p2a: Espeon|23\/100\n|-damage|p2a: Espeon|15\/100\n|-hitcount|p2a: Espeon|10\n|cant|p2a: Espeon|flinch\n|\n|upkeep\n|turn|3\n|\n|t:|1700220926\n|move|p1a: Maushold|Bullet Seed|p2a: Espeon\n|-damage|p2a: Espeon|8\/100\n|-damage|p2a: Espeon|2\/100\n|-damage|p2a: Espeon|0 fnt\n|faint|p2a: Espeon\n|-hitcount|p2: Espeon|3\n|\n|upkeep\n|\n|t:|1700220934\n|switch|p2a: Skeledirge|Skeledirge, F|100\/100\n|turn|4\n|\n|t:|1700220939\n|move|p1a: Maushold|Bullet Seed|p2a: Skeledirge\n|-resisted|p2a: Skeledirge\n|-damage|p2a: Skeledirge|98\/100\n|-resisted|p2a: Skeledirge\n|-damage|p2a: Skeledirge|96\/100\n|-hitcount|p2a: Skeledirge|2\n|move|p2a: Skeledirge|Sing|p1a: Maushold\n|-status|p1a: Maushold|slp|[from] move: Sing\n|\n|upkeep\n|turn|5\n|\n|t:|1700220949\n|cant|p1a: Maushold|slp\n|move|p2a: Skeledirge|Torch Song|p1a: Maushold\n|-damage|p1a: Maushold|49\/100 slp\n|-boost|p2a: Skeledirge|spa|1\n|\n|-sideend|p2: BeginnerForReal|Reflect\n|upkeep\n|turn|6\n|\n|t:|1700220958\n|-curestatus|p1a: Maushold|slp|[msg]\n|move|p1a: Maushold|Thunder Wave|p2a: Skeledirge|[miss]\n|-miss|p1a: Maushold|p2a: Skeledirge\n|move|p2a: Skeledirge|Torch Song|p1a: Maushold\n|-damage|p1a: Maushold|0 fnt\n|-boost|p2a: Skeledirge|spa|1\n|faint|p1a: Maushold\n|\n|upkeep\n|\n|t:|1700220969\n|switch|p1a: Quaquaval|Quaquaval, F|100\/100\n|turn|7\n|j| isrrael120\n|\n|t:|1700220976\n|move|p1a: Quaquaval|Aqua Cutter|p2a: Skeledirge\n|-supereffective|p2a: Skeledirge\n|-damage|p2a: Skeledirge|33\/100\n|move|p2a: Skeledirge|Sing|p1a: Quaquaval|[miss]\n|-miss|p2a: Skeledirge|p1a: Quaquaval\n|-enditem|p2a: Skeledirge|Blunder Policy\n|-boost|p2a: Skeledirge|spe|2\n|\n|upkeep\n|turn|8\n|\n|t:|1700220985\n|move|p2a: Skeledirge|Slack Off|p2a: Skeledirge\n|-heal|p2a: Skeledirge|83\/100\n|move|p1a: Quaquaval|Aqua Cutter|p2a: Skeledirge\n|-supereffective|p2a: Skeledirge\n|-damage|p2a: Skeledirge|16\/100\n|\n|upkeep\n|turn|9\n|\n|t:|1700220992\n|move|p2a: Skeledirge|Sing|p1a: Quaquaval|[miss]\n|-miss|p2a: Skeledirge|p1a: Quaquaval\n|move|p1a: Quaquaval|Aqua Step|p2a: Skeledirge\n|-supereffective|p2a: Skeledirge\n|-damage|p2a: Skeledirge|0 fnt\n|-boost|p1a: Quaquaval|spe|1\n|faint|p2a: Skeledirge\n|-ability|p1a: Quaquaval|Moxie|boost\n|-boost|p1a: Quaquaval|atk|1\n|\n|upkeep\n|\n|t:|1700221002\n|switch|p2a: Espathra|Espathra, M|100\/100\n|turn|10\n|\n|t:|1700221007\n|-terastallize|p1a: Quaquaval|Ice\n|move|p1a: Quaquaval|Ice Spinner|p2a: Espathra\n|-damage|p2a: Espathra|28\/100\n|move|p2a: Espathra|Agility|p2a: Espathra\n|-boost|p2a: Espathra|spe|2\n|\n|-ability|p2a: Espathra|Speed Boost|boost\n|-boost|p2a: Espathra|spe|1\n|upkeep\n|turn|11\n|\n|t:|1700221019\n|move|p2a: Espathra|Agility|p2a: Espathra\n|-boost|p2a: Espathra|spe|2\n|move|p1a: Quaquaval|Ice Spinner|p2a: Espathra\n|-damage|p2a: Espathra|0 fnt\n|faint|p2a: Espathra\n|\n|win|Ninobixio063\n|raw|Ninobixio063's rating: 1040 &rarr; <strong>1074<\/strong><br \/>(+34 for winning)\n|raw|BeginnerForReal's rating: 1044 &rarr; <strong>1027<\/strong><br \/>(-17 for losing)\n|l|\u2606BeginnerForReal\n|c|\u2606Ninobixio063|gg\n|l|\u2606Ninobixio063\n","uploadtime":1700222871,"views":3,"p1id":"ninobixio063","p2id":"beginnerforreal","formatid":"gen9anythinggoes","rating":1027,"private":0,"password":""}