{"id":"gen9anythinggoes-1988955465","p1":"savagewolf98420","p2":"K1only","format":"[Gen 9] Anything Goes","log":"|j|\u2606savagewolf98420\n|j|\u2606K1only\n|t:|1699794102\n|gametype|singles\n|player|p1|savagewolf98420|koga|1236\n|player|p2|K1only|169|1203\n|teamsize|p1|6\n|teamsize|p2|6\n|gen|9\n|tier|[Gen 9] Anything Goes\n|rated|\n|rule|HP Percentage Mod: HP is shown in percentages\n|rule|Endless Battle Clause: Forcing endless battles is banned\n|clearpoke\n|poke|p1|Koraidon|\n|poke|p1|Lilligant-Hisui, F|\n|poke|p1|Toxapex, M|\n|poke|p1|Jirachi|\n|poke|p1|Arcanine-Hisui, M|\n|poke|p1|Eternatus|\n|poke|p2|Toxicroak, F|\n|poke|p2|Bombirdier, M|\n|poke|p2|Drednaw, M|\n|poke|p2|Rotom-Heat|\n|poke|p2|Flapple, F|\n|poke|p2|Dialga-Origin|\n|teampreview\n|inactive|Battle timer is ON: inactive players will automatically lose when time's up. (requested by savagewolf98420)\n|\n|t:|1699794112\n|start\n|switch|p1a: Jirachi|Jirachi|100\/100\n|switch|p2a: Bombirdier|Bombirdier, M|100\/100\n|turn|1\n|\n|t:|1699794126\n|move|p1a: Jirachi|Ice Punch|p2a: Bombirdier\n|-supereffective|p2a: Bombirdier\n|-damage|p2a: Bombirdier|36\/100\n|move|p2a: Bombirdier|Tailwind|p2a: Bombirdier\n|-sidestart|p2: K1only|move: Tailwind\n|\n|upkeep\n|turn|2\n|\n|t:|1699794139\n|-terastallize|p1a: Jirachi|Steel\n|move|p2a: Bombirdier|Knock Off|p1a: Jirachi\n|-damage|p1a: Jirachi|51\/100\n|-enditem|p1a: Jirachi|Choice Scarf|[from] move: Knock Off|[of] p2a: Bombirdier\n|move|p1a: Jirachi|Ice Punch|p2a: Bombirdier\n|-supereffective|p2a: Bombirdier\n|-crit|p2a: Bombirdier\n|-damage|p2a: Bombirdier|0 fnt\n|faint|p2a: Bombirdier\n|\n|upkeep\n|\n|t:|1699794156\n|switch|p2a: Drednaw|Drednaw, M|100\/100\n|turn|3\n|\n|t:|1699794161\n|move|p2a: Drednaw|Earthquake|p1a: Jirachi\n|-supereffective|p1a: Jirachi\n|-damage|p1a: Jirachi|0 fnt\n|faint|p1a: Jirachi\n|\n|upkeep\n|\n|t:|1699794172\n|switch|p1a: Koraidon|Koraidon|100\/100\n|-weather|SunnyDay|[from] ability: Orichalcum Pulse|[of] p1a: Koraidon\n|-activate|p1a: Koraidon|Orichalcum Pulse|[source]\n|turn|4\n|\n|t:|1699794190\n|move|p1a: Koraidon|Drain Punch|p2a: Drednaw\n|-supereffective|p2a: Drednaw\n|-damage|p2a: Drednaw|0 fnt\n|faint|p2a: Drednaw\n|\n|-weather|SunnyDay|[upkeep]\n|-sideend|p2: K1only|move: Tailwind\n|upkeep\n|\n|t:|1699794202\n|switch|p2a: Toxicroak|Toxicroak, F|100\/100\n|turn|5\n|\n|t:|1699794215\n|switch|p1a: Toxapex|Toxapex, M|100\/100\n|move|p2a: Toxicroak|Poison Jab|p1a: Toxapex\n|-resisted|p1a: Toxapex\n|-damage|p1a: Toxapex|90\/100\n|\n|-weather|SunnyDay|[upkeep]\n|-heal|p1a: Toxapex|96\/100|[from] item: Leftovers\n|upkeep\n|turn|6\n|\n|t:|1699794230\n|switch|p2a: Dialga|Dialga-Origin|100\/100\n|-ability|p2a: Dialga|Pressure\n|move|p1a: Toxapex|Baneful Bunker||[still]\n|-fail|p1a: Toxapex\n|\n|-weather|SunnyDay|[upkeep]\n|-heal|p1a: Toxapex|100\/100|[from] item: Leftovers\n|upkeep\n|turn|7\n|\n|t:|1699794241\n|move|p2a: Dialga|Thunderbolt|p1a: Toxapex\n|-supereffective|p1a: Toxapex\n|-damage|p1a: Toxapex|40\/100\n|move|p1a: Toxapex|Liquidation|p2a: Dialga\n|-resisted|p2a: Dialga\n|-damage|p2a: Dialga|96\/100\n|\n|-weather|SunnyDay|[upkeep]\n|-heal|p1a: Toxapex|46\/100|[from] item: Leftovers\n|upkeep\n|turn|8\n|\n|t:|1699794260\n|switch|p1a: Arcanine|Arcanine-Hisui, M, shiny|100\/100\n|move|p2a: Dialga|Thunderbolt|p1a: Arcanine\n|-damage|p1a: Arcanine|54\/100\n|-status|p1a: Arcanine|par\n|\n|-weather|none\n|upkeep\n|turn|9\n|\n|t:|1699794271\n|move|p2a: Dialga|Flash Cannon|p1a: Arcanine\n|-damage|p1a: Arcanine|0 fnt\n|faint|p1a: Arcanine\n|\n|upkeep\n|\n|t:|1699794278\n|switch|p1a: Koraidon|Koraidon|100\/100\n|-weather|SunnyDay|[from] ability: Orichalcum Pulse|[of] p1a: Koraidon\n|-activate|p1a: Koraidon|Orichalcum Pulse|[source]\n|turn|10\n|\n|t:|1699794285\n|switch|p2a: Toxicroak|Toxicroak, F|100\/100\n|move|p1a: Koraidon|Flare Blitz|p2a: Toxicroak\n|-damage|p2a: Toxicroak|0 fnt\n|faint|p2a: Toxicroak\n|-damage|p1a: Koraidon|71\/100|[from] Recoil\n|\n|-weather|SunnyDay|[upkeep]\n|upkeep\n|\n|t:|1699794304\n|switch|p2a: Dialga|Dialga-Origin|96\/100\n|-ability|p2a: Dialga|Pressure\n|turn|11\n|\n|t:|1699794311\n|move|p1a: Koraidon|Flare Blitz|p2a: Dialga\n|-damage|p2a: Dialga|26\/100\n|-damage|p1a: Koraidon|47\/100|[from] Recoil\n|move|p2a: Dialga|Roar of Time|p1a: Koraidon\n|-supereffective|p1a: Koraidon\n|-crit|p1a: Koraidon\n|-damage|p1a: Koraidon|0 fnt\n|-mustrecharge|p2a: Dialga\n|faint|p1a: Koraidon\n|\n|-weather|SunnyDay|[upkeep]\n|upkeep\n|\n|t:|1699794326\n|switch|p1a: Lilligant|Lilligant-Hisui, F|100\/100\n|turn|12\n|\n|t:|1699794330\n|move|p1a: Lilligant|Axe Kick|p2a: Dialga\n|-supereffective|p2a: Dialga\n|-crit|p2a: Dialga\n|-damage|p2a: Dialga|0 fnt\n|faint|p2a: Dialga\n|\n|-weather|SunnyDay|[upkeep]\n|upkeep\n|\n|t:|1699794348\n|switch|p2a: Rotom|Rotom-Heat|100\/100\n|turn|13\n|\n|t:|1699794353\n|move|p1a: Lilligant|Sleep Powder|p2a: Rotom\n|-status|p2a: Rotom|slp|[from] move: Sleep Powder\n|cant|p2a: Rotom|slp\n|\n|-weather|SunnyDay|[upkeep]\n|upkeep\n|turn|14\n|\n|t:|1699794360\n|move|p1a: Lilligant|Victory Dance|p1a: Lilligant\n|-boost|p1a: Lilligant|atk|1\n|-boost|p1a: Lilligant|def|1\n|-boost|p1a: Lilligant|spe|1\n|-curestatus|p2a: Rotom|slp|[msg]\n|move|p2a: Rotom|Overheat|p1a: Lilligant|[miss]\n|-miss|p2a: Rotom|p1a: Lilligant\n|\n|-weather|none\n|upkeep\n|turn|15\n|\n|t:|1699794375\n|move|p1a: Lilligant|Axe Kick|p2a: Rotom\n|-damage|p2a: Rotom|0 fnt\n|faint|p2a: Rotom\n|\n|upkeep\n|\n|t:|1699794380\n|switch|p2a: Flapple|Flapple, F|100\/100\n|turn|16\n|\n|t:|1699794393\n|-terastallize|p2a: Flapple|Fire\n|move|p1a: Lilligant|Axe Kick|p2a: Flapple\n|-damage|p2a: Flapple|0 fnt\n|faint|p2a: Flapple\n|\n|win|savagewolf98420\n|raw|savagewolf98420's rating: 1236 &rarr; <strong>1259<\/strong><br \/>(+23 for winning)\n|raw|K1only's rating: 1203 &rarr; <strong>1180<\/strong><br \/>(-23 for losing)\n|l|\u2606K1only\n","uploadtime":1699794404,"views":4,"p1id":"savagewolf98420","p2id":"k1only","formatid":"gen9anythinggoes","rating":1180,"private":0,"password":""}