{"id":"gen9anythinggoes-1979605827","p1":"ghosthead88","p2":"Jrmoore896","format":"[Gen 9] Anything Goes","log":"|j|\u2606ghosthead88\n|j|\u2606Jrmoore896\n|t:|1698696088\n|gametype|singles\n|player|p1|ghosthead88|pokefan|1279\n|player|p2|Jrmoore896|lucas-gen4pt|1373\n|teamsize|p1|6\n|teamsize|p2|6\n|gen|9\n|tier|[Gen 9] Anything Goes\n|rated|\n|rule|HP Percentage Mod: HP is shown in percentages\n|rule|Endless Battle Clause: Forcing endless battles is banned\n|clearpoke\n|poke|p1|Baxcalibur, M|\n|poke|p1|Volcarona, F|\n|poke|p1|Golduck, F|\n|poke|p1|Altaria, F|\n|poke|p1|Meowscarada, M|\n|poke|p1|Ting-Lu|\n|poke|p2|Calyrex-Shadow|\n|poke|p2|Mewtwo|\n|poke|p2|Espathra, M|\n|poke|p2|Hatterene, F|\n|poke|p2|Jirachi|\n|poke|p2|Cresselia, F|\n|teampreview\n|inactive|Battle timer is ON: inactive players will automatically lose when time's up. (requested by ghosthead88)\n|\n|t:|1698696100\n|start\n|switch|p1a: Meowscarada|Meowscarada, M|100\/100\n|switch|p2a: Espathra|Espathra, M|100\/100\n|turn|1\n|\n|t:|1698696115\n|switch|p2a: Jirachi|Jirachi|100\/100\n|move|p1a: Meowscarada|Knock Off|p2a: Jirachi\n|-start|p1a: Meowscarada|typechange|Dark|[from] ability: Protean\n|-supereffective|p2a: Jirachi\n|-damage|p2a: Jirachi|16\/100\n|-enditem|p2a: Jirachi|Choice Scarf|[from] move: Knock Off|[of] p1a: Meowscarada\n|\n|upkeep\n|turn|2\n|c|\u2606ghosthead88|glhf.\n|\n|t:|1698696125\n|move|p1a: Meowscarada|Knock Off|p2a: Jirachi\n|-supereffective|p2a: Jirachi\n|-damage|p2a: Jirachi|0 fnt\n|faint|p2a: Jirachi\n|\n|upkeep\n|\n|t:|1698696131\n|switch|p2a: Hatterene|Hatterene, F, shiny|100\/100\n|turn|3\n|\n|t:|1698696136\n|switch|p1a: Volcarona|Volcarona, F|100\/100\n|move|p2a: Hatterene|Nuzzle|p1a: Volcarona\n|-damage|p1a: Volcarona|96\/100\n|-status|p1a: Volcarona|par\n|\n|upkeep\n|turn|4\n|\n|t:|1698696145\n|move|p1a: Volcarona|Quiver Dance|p1a: Volcarona\n|-boost|p1a: Volcarona|spa|1\n|-boost|p1a: Volcarona|spd|1\n|-boost|p1a: Volcarona|spe|1\n|move|p2a: Hatterene|Calm Mind|p2a: Hatterene\n|-boost|p2a: Hatterene|spa|1\n|-boost|p2a: Hatterene|spd|1\n|\n|upkeep\n|turn|5\n|\n|t:|1698696156\n|move|p1a: Volcarona|Bug Buzz|p2a: Hatterene\n|-crit|p2a: Hatterene\n|-damage|p2a: Hatterene|15\/100\n|move|p2a: Hatterene|Calm Mind|p2a: Hatterene\n|-boost|p2a: Hatterene|spa|1\n|-boost|p2a: Hatterene|spd|1\n|\n|-heal|p2a: Hatterene|21\/100|[from] item: Leftovers\n|upkeep\n|turn|6\n|\n|t:|1698696169\n|cant|p1a: Volcarona|par\n|move|p2a: Hatterene|Stored Power|p1a: Volcarona\n|-damage|p1a: Volcarona|34\/100 par\n|\n|-heal|p2a: Hatterene|27\/100|[from] item: Leftovers\n|upkeep\n|turn|7\n|\n|t:|1698696179\n|move|p1a: Volcarona|Bug Buzz|p2a: Hatterene\n|-damage|p2a: Hatterene|0 fnt\n|faint|p2a: Hatterene\n|\n|upkeep\n|\n|t:|1698696186\n|switch|p2a: Espathra|Espathra, M|100\/100\n|turn|8\n|\n|t:|1698696197\n|move|p2a: Espathra|Calm Mind|p2a: Espathra\n|-boost|p2a: Espathra|spa|1\n|-boost|p2a: Espathra|spd|1\n|move|p1a: Volcarona|Bug Buzz|p2a: Espathra\n|-supereffective|p2a: Espathra\n|-damage|p2a: Espathra|0 fnt\n|faint|p2a: Espathra\n|\n|upkeep\n|\n|t:|1698696206\n|switch|p2a: Calyrex|Calyrex-Shadow|100\/100\n|-ability|p2a: Calyrex|As One\n|-ability|p2a: Calyrex|Unnerve\n|turn|9\n|\n|t:|1698696226\n|move|p2a: Calyrex|Astral Barrage|p1a: Volcarona\n|-damage|p1a: Volcarona|0 fnt\n|faint|p1a: Volcarona\n|-ability|p2a: Calyrex|Grim Neigh|boost\n|-boost|p2a: Calyrex|spa|1\n|\n|upkeep\n|\n|t:|1698696230\n|switch|p1a: Meowscarada|Meowscarada, M|100\/100\n|turn|10\n|\n|t:|1698696241\n|-terastallize|p2a: Calyrex|Fighting\n|move|p1a: Meowscarada|Knock Off|p2a: Calyrex\n|-start|p1a: Meowscarada|typechange|Dark|[from] ability: Protean\n|-resisted|p2a: Calyrex\n|-damage|p2a: Calyrex|75\/100\n|-enditem|p2a: Calyrex|Leftovers|[from] move: Knock Off|[of] p1a: Meowscarada\n|move|p2a: Calyrex|Tera Blast|p1a: Meowscarada|[anim] Tera Blast Fighting\n|-supereffective|p1a: Meowscarada\n|-damage|p1a: Meowscarada|0 fnt\n|faint|p1a: Meowscarada\n|-ability|p2a: Calyrex|Grim Neigh|boost\n|-boost|p2a: Calyrex|spa|1\n|\n|upkeep\n|\n|t:|1698696257\n|switch|p1a: Golduck|Golduck, F|100\/100\n|-ability|p1a: Golduck|Cloud Nine\n|turn|11\n|\n|t:|1698696268\n|move|p2a: Calyrex|Astral Barrage|p1a: Golduck\n|-damage|p1a: Golduck|0 fnt\n|faint|p1a: Golduck\n|-ability|p2a: Calyrex|Grim Neigh|boost\n|-boost|p2a: Calyrex|spa|1\n|\n|upkeep\n|\n|t:|1698696272\n|switch|p1a: Ting-Lu|Ting-Lu|100\/100\n|-ability|p1a: Ting-Lu|Vessel of Ruin\n|turn|12\n|\n|t:|1698696284\n|-terastallize|p1a: Ting-Lu|Ghost\n|move|p2a: Calyrex|Tera Blast|p1a: Ting-Lu|[anim] Tera Blast Fighting\n|-immune|p1a: Ting-Lu\n|move|p1a: Ting-Lu|Stomping Tantrum|p2a: Calyrex\n|-damage|p2a: Calyrex|35\/100\n|\n|upkeep\n|turn|13\n|\n|t:|1698696296\n|move|p2a: Calyrex|Astral Barrage|p1a: Ting-Lu\n|-supereffective|p1a: Ting-Lu\n|-damage|p1a: Ting-Lu|0 fnt\n|faint|p1a: Ting-Lu\n|-ability|p2a: Calyrex|Grim Neigh|boost\n|-boost|p2a: Calyrex|spa|1\n|\n|upkeep\n|\n|t:|1698696301\n|switch|p1a: Altaria|Altaria, F|100\/100\n|turn|14\n|\n|t:|1698696313\n|move|p2a: Calyrex|Astral Barrage|p1a: Altaria\n|-damage|p1a: Altaria|0 fnt\n|faint|p1a: Altaria\n|-ability|p2a: Calyrex|Grim Neigh|boost\n|-boost|p2a: Calyrex|spa|1\n|\n|upkeep\n|\n|t:|1698696317\n|switch|p1a: Baxcalibur|Baxcalibur, M|100\/100\n|turn|15\n|\n|t:|1698696323\n|move|p1a: Baxcalibur|Ice Shard|p2a: Calyrex\n|-damage|p2a: Calyrex|8\/100\n|move|p2a: Calyrex|Psychic Terrain|p2a: Calyrex\n|-fieldstart|move: Psychic Terrain\n|\n|upkeep\n|turn|16\n|\n|t:|1698696332\n|move|p2a: Calyrex|Tera Blast|p1a: Baxcalibur|[anim] Tera Blast Fighting\n|-supereffective|p1a: Baxcalibur\n|-damage|p1a: Baxcalibur|0 fnt\n|faint|p1a: Baxcalibur\n|\n|win|Jrmoore896\n|raw|ghosthead88's rating: 1279 &rarr; <strong>1258<\/strong><br \/>(-21 for losing)\n|raw|Jrmoore896's rating: 1342 &rarr; <strong>1358<\/strong><br \/>(+16 for winning)\n|l|\u2606ghosthead88\n|l|\u2606Jrmoore896\n|j|\u2606Jrmoore896\n|player|p2|Jrmoore896|lucas-gen4pt\n","uploadtime":1698696351,"views":10,"p1id":"ghosthead88","p2id":"jrmoore896","formatid":"gen9anythinggoes","rating":1258,"private":0,"password":""}