{"id":"gen9anythinggoes-1979337675","p1":"sumitvs138","p2":"hoenn militian","format":"[Gen 9] Anything Goes","log":"|j|\u2606sumitvs138\n|j|\u2606hoenn militian\n|t:|1698672791\n|gametype|singles\n|player|p1|sumitvs138|blackbelt-gen4dp|1517\n|player|p2|hoenn militian|rei|1720\n|teamsize|p1|6\n|teamsize|p2|6\n|gen|9\n|tier|[Gen 9] Anything Goes\n|rated|\n|rule|HP Percentage Mod: HP is shown in percentages\n|rule|Endless Battle Clause: Forcing endless battles is banned\n|clearpoke\n|poke|p1|Arceus|\n|poke|p1|Calyrex-Shadow|\n|poke|p1|Basculegion, M|\n|poke|p1|Volcarona, F|\n|poke|p1|Toxapex, F|\n|poke|p1|Forretress, M|\n|poke|p2|Miraidon|\n|poke|p2|Grimmsnarl, M|\n|poke|p2|Skeledirge, F|\n|poke|p2|Blissey, F|\n|poke|p2|Moltres|\n|poke|p2|Calyrex-Ice|\n|teampreview\n|\n|t:|1698672816\n|start\n|switch|p1a: Forretress|Forretress, M|100\/100\n|switch|p2a: Moltres|Moltres|100\/100\n|turn|1\n|\n|t:|1698672824\n|move|p2a: Moltres|Burning Jealousy|p1a: Forretress\n|-supereffective|p1a: Forretress\n|-ability|p1a: Forretress|Sturdy\n|-damage|p1a: Forretress|1\/100\n|move|p1a: Forretress|Toxic Spikes|p2a: Moltres\n|-sidestart|p2: hoenn militian|move: Toxic Spikes\n|\n|-heal|p1a: Forretress|7\/100|[from] item: Leftovers\n|upkeep\n|turn|2\n|\n|t:|1698672835\n|move|p2a: Moltres|Burning Jealousy|p1a: Forretress\n|-supereffective|p1a: Forretress\n|-damage|p1a: Forretress|0 fnt\n|faint|p1a: Forretress\n|\n|upkeep\n|\n|t:|1698672840\n|switch|p1a: Toxapex|Toxapex, F|100\/100\n|turn|3\n|\n|t:|1698672850\n|move|p2a: Moltres|Will-O-Wisp|p1a: Toxapex\n|-status|p1a: Toxapex|brn\n|move|p1a: Toxapex|Toxic|p2a: Moltres\n|-status|p2a: Moltres|tox\n|\n|-damage|p2a: Moltres|94\/100 tox|[from] psn\n|-damage|p1a: Toxapex|94\/100 brn|[from] brn\n|upkeep\n|turn|4\n|\n|t:|1698672860\n|move|p2a: Moltres|U-turn|p1a: Toxapex\n|-resisted|p1a: Toxapex\n|-damage|p1a: Toxapex|89\/100 brn\n|\n|t:|1698672864\n|switch|p2a: Miraidon|Miraidon|100\/100|[from] U-turn\n|-fieldstart|move: Electric Terrain|[from] ability: Hadron Engine|[of] p2a: Miraidon\n|move|p1a: Toxapex|Venoshock|p2a: Miraidon\n|-damage|p2a: Miraidon|89\/100\n|\n|-heal|p1a: Toxapex|95\/100 brn|[from] item: Leftovers\n|-damage|p1a: Toxapex|89\/100 brn|[from] brn\n|upkeep\n|turn|5\n|\n|t:|1698672886\n|-terastallize|p1a: Toxapex|Poison\n|move|p2a: Miraidon|Electro Drift|p1a: Toxapex\n|-damage|p1a: Toxapex|13\/100 brn\n|move|p1a: Toxapex|Toxic|p2a: Miraidon\n|-status|p2a: Miraidon|tox\n|\n|-heal|p1a: Toxapex|19\/100 brn|[from] item: Leftovers\n|-damage|p2a: Miraidon|83\/100 tox|[from] psn\n|-damage|p1a: Toxapex|13\/100 brn|[from] brn\n|upkeep\n|turn|6\n|\n|t:|1698672900\n|switch|p2a: Blissey|Blissey, F|100\/100\n|move|p1a: Toxapex|Baneful Bunker||[still]\n|-fail|p1a: Toxapex\n|\n|-heal|p1a: Toxapex|19\/100 brn|[from] item: Leftovers\n|-damage|p1a: Toxapex|13\/100 brn|[from] brn\n|upkeep\n|turn|7\n|\n|t:|1698672910\n|move|p2a: Blissey|Heal Bell|p2a: Blissey\n|-activate|p2a: Blissey|move: Heal Bell\n|-curestatus|p2: Miraidon|tox|[msg]\n|-curestatus|p2: Moltres|tox|[msg]\n|move|p1a: Toxapex|Toxic|p2a: Blissey\n|-status|p2a: Blissey|tox\n|\n|-heal|p1a: Toxapex|19\/100 brn|[from] item: Leftovers\n|-damage|p2a: Blissey|94\/100 tox|[from] psn\n|-damage|p1a: Toxapex|13\/100 brn|[from] brn\n|upkeep\n|turn|8\n|\n|t:|1698672923\n|switch|p1a: Arceus|Arceus|100\/100\n|move|p2a: Blissey|Stealth Rock|p1a: Arceus\n|-sidestart|p1: sumitvs138|move: Stealth Rock\n|\n|-damage|p2a: Blissey|82\/100 tox|[from] psn\n|-fieldend|move: Electric Terrain\n|upkeep\n|turn|9\n|\n|t:|1698672930\n|-curestatus|p2a: Blissey|tox|[from] ability: Natural Cure\n|switch|p2a: Skeledirge|Skeledirge, F|100\/100\n|move|p1a: Arceus|Swords Dance|p1a: Arceus\n|-boost|p1a: Arceus|atk|2\n|\n|upkeep\n|turn|10\n|\n|t:|1698672938\n|move|p1a: Arceus|Shadow Claw|p2a: Skeledirge\n|-supereffective|p2a: Skeledirge\n|-damage|p2a: Skeledirge|74\/100\n|move|p2a: Skeledirge|Will-O-Wisp|p1a: Arceus\n|-status|p1a: Arceus|brn\n|\n|-damage|p1a: Arceus|94\/100 brn|[from] brn\n|upkeep\n|turn|11\n|\n|t:|1698672950\n|switch|p1a: Toxapex|Toxapex, F, tera:Poison|46\/100 brn\n|-damage|p1a: Toxapex|34\/100 brn|[from] Stealth Rock\n|move|p2a: Skeledirge|Torch Song|p1a: Toxapex\n|-damage|p1a: Toxapex|9\/100 brn\n|-boost|p2a: Skeledirge|spa|1\n|\n|-heal|p1a: Toxapex|15\/100 brn|[from] item: Leftovers\n|-damage|p1a: Toxapex|9\/100 brn|[from] brn\n|upkeep\n|turn|12\n|\n|t:|1698672962\n|move|p2a: Skeledirge|Torch Song|p1a: Toxapex\n|-damage|p1a: Toxapex|0 fnt\n|-boost|p2a: Skeledirge|spa|1\n|faint|p1a: Toxapex\n|\n|upkeep\n|\n|t:|1698672969\n|switch|p1a: Calyrex|Calyrex-Shadow|100\/100\n|-ability|p1a: Calyrex|As One\n|-ability|p1a: Calyrex|Unnerve\n|-damage|p1a: Calyrex|88\/100|[from] Stealth Rock\n|turn|13\n|\n|t:|1698672976\n|switch|p2a: Grimmsnarl|Grimmsnarl, M|100\/100\n|move|p1a: Calyrex|Astral Barrage|p2a: Grimmsnarl\n|-resisted|p2a: Grimmsnarl\n|-damage|p2a: Grimmsnarl|62\/100\n|-damage|p1a: Calyrex|78\/100|[from] item: Life Orb\n|\n|upkeep\n|turn|14\n|\n|t:|1698672992\n|switch|p1a: Volcarona|Volcarona, F|100\/100\n|-damage|p1a: Volcarona|50\/100|[from] Stealth Rock\n|move|p2a: Grimmsnarl|Sucker Punch||[still]\n|-fail|p2a: Grimmsnarl\n|\n|upkeep\n|turn|15\n|\n|t:|1698673000\n|move|p2a: Grimmsnarl|Parting Shot|p1a: Volcarona\n|-unboost|p1a: Volcarona|atk|1\n|-unboost|p1a: Volcarona|spa|1\n|\n|t:|1698673007\n|switch|p2a: Miraidon|Miraidon|83\/100|[from] Parting Shot\n|-fieldstart|move: Electric Terrain|[from] ability: Hadron Engine|[of] p2a: Miraidon\n|move|p1a: Volcarona|Quiver Dance|p1a: Volcarona\n|-boost|p1a: Volcarona|spa|1\n|-boost|p1a: Volcarona|spd|1\n|-boost|p1a: Volcarona|spe|1\n|\n|upkeep\n|turn|16\n|\n|t:|1698673019\n|move|p1a: Volcarona|Bug Buzz|p2a: Miraidon\n|-damage|p2a: Miraidon|38\/100\n|move|p2a: Miraidon|Electro Drift|p1a: Volcarona\n|-damage|p1a: Volcarona|0 fnt\n|faint|p1a: Volcarona\n|\n|upkeep\n|\n|t:|1698673036\n|switch|p1a: Calyrex|Calyrex-Shadow|78\/100\n|-ability|p1a: Calyrex|As One\n|-ability|p1a: Calyrex|Unnerve\n|-damage|p1a: Calyrex|66\/100|[from] Stealth Rock\n|turn|17\n|\n|t:|1698673044\n|switch|p2a: Blissey|Blissey, F|82\/100\n|move|p1a: Calyrex|Astral Barrage|p2a: Blissey\n|-immune|p2a: Blissey\n|\n|upkeep\n|turn|18\n|\n|t:|1698673051\n|switch|p2a: Grimmsnarl|Grimmsnarl, M|62\/100\n|move|p1a: Calyrex|Psyshock|p2a: Grimmsnarl\n|-immune|p2a: Grimmsnarl\n|\n|upkeep\n|turn|19\n|\n|t:|1698673059\n|move|p1a: Calyrex|Future Sight|p2a: Grimmsnarl\n|-start|p1a: Calyrex|move: Future Sight\n|move|p2a: Grimmsnarl|Foul Play|p1a: Calyrex\n|-supereffective|p1a: Calyrex\n|-damage|p1a: Calyrex|0 fnt\n|faint|p1a: Calyrex\n|\n|-fieldend|move: Electric Terrain\n|upkeep\n|\n|t:|1698673067\n|switch|p1a: Arceus|Arceus|94\/100 brn\n|-damage|p1a: Arceus|82\/100 brn|[from] Stealth Rock\n|turn|20\n|\n|t:|1698673073\n|move|p2a: Grimmsnarl|Parting Shot|p1a: Arceus\n|-unboost|p1a: Arceus|atk|1\n|-unboost|p1a: Arceus|spa|1\n|\n|t:|1698673077\n|switch|p2a: Calyrex|Calyrex-Ice|100\/100|[from] Parting Shot\n|-ability|p2a: Calyrex|As One\n|-ability|p2a: Calyrex|Unnerve\n|move|p1a: Arceus|Swords Dance|p1a: Arceus\n|-boost|p1a: Arceus|atk|2\n|\n|-damage|p1a: Arceus|76\/100 brn|[from] brn\n|upkeep\n|turn|21\n|\n|t:|1698673090\n|move|p1a: Arceus|Swords Dance|p1a: Arceus\n|-boost|p1a: Arceus|atk|2\n|move|p2a: Calyrex|Glacial Lance|p1a: Arceus\n|-damage|p1a: Arceus|9\/100 brn\n|\n|-end|p2a: Calyrex|move: Future Sight\n|-resisted|p2a: Calyrex\n|-damage|p2a: Calyrex|75\/100\n|-damage|p1a: Arceus|3\/100 brn|[from] brn\n|upkeep\n|turn|22\n|\n|t:|1698673107\n|move|p1a: Arceus|Extreme Speed|p2a: Calyrex\n|-damage|p2a: Calyrex|37\/100\n|move|p2a: Calyrex|Tera Blast|p1a: Arceus\n|-damage|p1a: Arceus|0 fnt\n|faint|p1a: Arceus\n|-ability|p2a: Calyrex|Chilling Neigh|boost\n|-boost|p2a: Calyrex|atk|1\n|\n|upkeep\n|\n|t:|1698673125\n|switch|p1a: Basculegion|Basculegion, M|100\/100\n|-damage|p1a: Basculegion|88\/100|[from] Stealth Rock\n|turn|23\n|\n|t:|1698673134\n|move|p1a: Basculegion|Last Respects|p2a: Calyrex\n|-supereffective|p2a: Calyrex\n|-damage|p2a: Calyrex|0 fnt\n|faint|p2a: Calyrex\n|\n|upkeep\n|\n|t:|1698673144\n|switch|p2a: Miraidon|Miraidon|38\/100\n|-fieldstart|move: Electric Terrain|[from] ability: Hadron Engine|[of] p2a: Miraidon\n|turn|24\n|\n|t:|1698673148\n|move|p2a: Miraidon|Protect|p2a: Miraidon\n|-singleturn|p2a: Miraidon|Protect\n|move|p1a: Basculegion|Last Respects|p2a: Miraidon\n|-activate|p2a: Miraidon|move: Protect\n|\n|upkeep\n|turn|25\n|\n|t:|1698673156\n|switch|p2a: Blissey|Blissey, F|82\/100\n|move|p1a: Basculegion|Last Respects|p2a: Blissey\n|-immune|p2a: Blissey\n|\n|upkeep\n|turn|26\n|\n|t:|1698673166\n|move|p1a: Basculegion|Last Respects|p2a: Blissey\n|-immune|p2a: Blissey\n|move|p2a: Blissey|Seismic Toss|p1a: Basculegion\n|-immune|p1a: Basculegion\n|\n|upkeep\n|turn|27\n|\n|t:|1698673177\n|move|p1a: Basculegion|Last Respects|p2a: Blissey\n|-immune|p2a: Blissey\n|move|p2a: Blissey|Seismic Toss|p1a: Basculegion\n|-immune|p1a: Basculegion\n|\n|upkeep\n|turn|28\n|\n|t:|1698673198\n|move|p1a: Basculegion|Last Respects|p2a: Blissey\n|-immune|p2a: Blissey\n|move|p2a: Blissey|Seismic Toss|p1a: Basculegion\n|-immune|p1a: Basculegion\n|\n|-fieldend|move: Electric Terrain\n|upkeep\n|turn|29\n|\n|t:|1698673233\n|move|p1a: Basculegion|Last Respects|p2a: Blissey\n|-immune|p2a: Blissey\n|move|p2a: Blissey|Seismic Toss|p1a: Basculegion\n|-immune|p1a: Basculegion\n|\n|upkeep\n|turn|30\n|\n|t:|1698673249\n|move|p1a: Basculegion|Last Respects|p2a: Blissey\n|-immune|p2a: Blissey\n|move|p2a: Blissey|Seismic Toss|p1a: Basculegion\n|-immune|p1a: Basculegion\n|\n|upkeep\n|turn|31\n|\n|t:|1698673258\n|move|p1a: Basculegion|Last Respects|p2a: Blissey\n|-immune|p2a: Blissey\n|move|p2a: Blissey|Seismic Toss|p1a: Basculegion\n|-immune|p1a: Basculegion\n|\n|upkeep\n|turn|32\n|\n|t:|1698673267\n|move|p1a: Basculegion|Last Respects|p2a: Blissey\n|-immune|p2a: Blissey\n|move|p2a: Blissey|Seismic Toss|p1a: Basculegion\n|-immune|p1a: Basculegion\n|\n|upkeep\n|turn|33\n|\n|t:|1698673274\n|move|p1a: Basculegion|Last Respects|p2a: Blissey\n|-immune|p2a: Blissey\n|move|p2a: Blissey|Seismic Toss|p1a: Basculegion\n|-immune|p1a: Basculegion\n|\n|upkeep\n|turn|34\n|\n|t:|1698673282\n|move|p1a: Basculegion|Last Respects|p2a: Blissey\n|-immune|p2a: Blissey\n|move|p2a: Blissey|Seismic Toss|p1a: Basculegion\n|-immune|p1a: Basculegion\n|\n|upkeep\n|turn|35\n|\n|t:|1698673290\n|move|p1a: Basculegion|Last Respects|p2a: Blissey\n|-immune|p2a: Blissey\n|move|p2a: Blissey|Seismic Toss|p1a: Basculegion\n|-immune|p1a: Basculegion\n|\n|upkeep\n|turn|36\n|\n|t:|1698673297\n|move|p1a: Basculegion|Last Respects|p2a: Blissey\n|-immune|p2a: Blissey\n|move|p2a: Blissey|Stealth Rock||[still]\n|-fail|p2a: Blissey\n|\n|upkeep\n|turn|37\n|\n|t:|1698673304\n|move|p1a: Basculegion|Last Respects|p2a: Blissey\n|-immune|p2a: Blissey\n|move|p2a: Blissey|Stealth Rock||[still]\n|-fail|p2a: Blissey\n|\n|upkeep\n|turn|38\n|\n|t:|1698673312\n|move|p1a: Basculegion|Last Respects|p2a: Blissey\n|-immune|p2a: Blissey\n|move|p2a: Blissey|Stealth Rock||[still]\n|-fail|p2a: Blissey\n|\n|upkeep\n|turn|39\n|\n|t:|1698673319\n|switch|p2a: Moltres|Moltres|94\/100\n|-activate|p1a: Basculegion|move: Struggle\n|move|p1a: Basculegion|Struggle|p2a: Moltres\n|-damage|p2a: Moltres|84\/100\n|-damage|p1a: Basculegion|63\/100|[from] recoil\n|\n|upkeep\n|turn|40\n|\n|t:|1698673338\n|-activate|p1a: Basculegion|move: Struggle\n|move|p1a: Basculegion|Struggle|p2a: Moltres\n|-damage|p2a: Moltres|72\/100\n|-damage|p1a: Basculegion|38\/100|[from] recoil\n|move|p2a: Moltres|Roost|p2a: Moltres\n|-heal|p2a: Moltres|100\/100\n|-singleturn|p2a: Moltres|move: Roost\n|\n|upkeep\n|turn|41\n|\n|t:|1698673364\n|-activate|p1a: Basculegion|move: Struggle\n|move|p1a: Basculegion|Struggle|p2a: Moltres\n|-damage|p2a: Moltres|90\/100\n|-status|p1a: Basculegion|brn|[from] ability: Flame Body|[of] p2a: Moltres\n|-damage|p1a: Basculegion|13\/100 brn|[from] recoil\n|move|p2a: Moltres|Roost|p2a: Moltres\n|-heal|p2a: Moltres|100\/100\n|-singleturn|p2a: Moltres|move: Roost\n|\n|-damage|p1a: Basculegion|7\/100 brn|[from] brn\n|upkeep\n|turn|42\n|\n|t:|1698673376\n|-activate|p1a: Basculegion|move: Struggle\n|move|p1a: Basculegion|Struggle|p2a: Moltres\n|-damage|p2a: Moltres|95\/100\n|-damage|p1a: Basculegion|0 fnt|[from] recoil\n|faint|p1a: Basculegion\n|\n|win|hoenn militian\n|raw|sumitvs138's rating: 1517 &rarr; <strong>1508<\/strong><br \/>(-9 for losing)\n|raw|hoenn militian's rating: 1720 &rarr; <strong>1729<\/strong><br \/>(+9 for winning)\n|l|\u2606sumitvs138\n","uploadtime":1698673392,"views":6,"p1id":"sumitvs138","p2id":"hoennmilitian","formatid":"gen9anythinggoes","rating":1508,"private":0,"password":""}