{"id":"gen9anythinggoes-1983608746","p1":"Sakuta24","p2":"bailongzhenshuai","format":"[Gen 9] Anything Goes","log":"|j|\u2606Sakuta24\n|j|\u2606bailongzhenshuai\n|t:|1699148970\n|gametype|singles\n|player|p1|Sakuta24|rosa|1573\n|player|p2|bailongzhenshuai|roxie|1746\n|teamsize|p1|6\n|teamsize|p2|6\n|gen|9\n|tier|[Gen 9] Anything Goes\n|rated|\n|rule|HP Percentage Mod: HP is shown in percentages\n|rule|Endless Battle Clause: Forcing endless battles is banned\n|clearpoke\n|poke|p1|Calyrex-Shadow|\n|poke|p1|Regieleki|\n|poke|p1|Zacian-*|\n|poke|p1|Shaymin-Sky|\n|poke|p1|Ting-Lu|\n|poke|p1|Drifblim, M|\n|poke|p2|Calyrex-Shadow|\n|poke|p2|Wo-Chien|\n|poke|p2|Kyogre|\n|poke|p2|Zacian-*|\n|poke|p2|Arceus-Fairy|\n|poke|p2|Koraidon|\n|teampreview\n|inactive|Battle timer is ON: inactive players will automatically lose when time's up. (requested by Sakuta24)\n|inactive|bailongzhenshuai also wants the timer to be on.\n|\n|t:|1699148975\n|start\n|switch|p1a: Spectrier|Calyrex-Shadow|100\/100\n|switch|p2a: Arceus|Arceus-Fairy|100\/100\n|-ability|p1a: Spectrier|As One\n|-ability|p1a: Spectrier|Unnerve\n|turn|1\n|\n|t:|1699148982\n|move|p1a: Spectrier|Astral Barrage|p2a: Arceus\n|-damage|p2a: Arceus|52\/100\n|move|p2a: Arceus|Thunder Wave|p1a: Spectrier\n|-status|p1a: Spectrier|par\n|\n|upkeep\n|turn|2\n|\n|t:|1699148989\n|move|p2a: Arceus|Stealth Rock|p1a: Spectrier\n|-sidestart|p1: Sakuta24|move: Stealth Rock\n|move|p1a: Spectrier|Astral Barrage|p2a: Arceus\n|-damage|p2a: Arceus|0 fnt\n|faint|p2a: Arceus\n|-ability|p1a: Spectrier|Grim Neigh|boost\n|-boost|p1a: Spectrier|spa|1\n|\n|upkeep\n|\n|t:|1699148996\n|switch|p2a: Wo-Chien|Wo-Chien|100\/100\n|-ability|p2a: Wo-Chien|Tablets of Ruin\n|turn|3\n|\n|t:|1699149006\n|switch|p1a: Big dog|Zacian-Crowned|100\/100\n|-damage|p1a: Big dog|94\/100|[from] Stealth Rock\n|-ability|p1a: Big dog|Intrepid Sword|boost\n|-boost|p1a: Big dog|atk|1\n|move|p2a: Wo-Chien|Knock Off|p1a: Big dog\n|-resisted|p1a: Big dog\n|-crit|p1a: Big dog\n|-damage|p1a: Big dog|81\/100\n|\n|upkeep\n|turn|4\n|\n|t:|1699149014\n|switch|p2a: Kyogre|Kyogre|100\/100\n|-weather|RainDance|[from] ability: Drizzle|[of] p2a: Kyogre\n|move|p1a: Big dog|Play Rough|p2a: Kyogre\n|-damage|p2a: Kyogre|50\/100\n|\n|-weather|RainDance|[upkeep]\n|-heal|p2a: Kyogre|57\/100|[from] item: Leftovers\n|upkeep\n|turn|5\n|\n|t:|1699149023\n|move|p1a: Big dog|Wild Charge|p2a: Kyogre\n|-supereffective|p2a: Kyogre\n|-damage|p2a: Kyogre|0 fnt\n|faint|p2a: Kyogre\n|-damage|p1a: Big dog|64\/100|[from] Recoil\n|\n|-weather|RainDance|[upkeep]\n|upkeep\n|\n|t:|1699149027\n|switch|p2a: Calyrex|Calyrex-Shadow|100\/100\n|-ability|p2a: Calyrex|As One\n|-ability|p2a: Calyrex|Unnerve\n|turn|6\n|\n|t:|1699149034\n|switch|p1a: antimiradon action|Ting-Lu|100\/100\n|-damage|p1a: antimiradon action|94\/100|[from] Stealth Rock\n|-ability|p1a: antimiradon action|Vessel of Ruin\n|move|p2a: Calyrex|Astral Barrage|p1a: antimiradon action\n|-resisted|p1a: antimiradon action\n|-damage|p1a: antimiradon action|79\/100\n|\n|-weather|RainDance|[upkeep]\n|-heal|p1a: antimiradon action|85\/100|[from] item: Leftovers\n|upkeep\n|turn|7\n|inactive|bailongzhenshuai has 120 seconds left.\n|\n|t:|1699149081\n|move|p2a: Calyrex|Taunt|p1a: antimiradon action\n|-start|p1a: antimiradon action|move: Taunt\n|cant|p1a: antimiradon action|move: Taunt|Stealth Rock\n|\n|-weather|RainDance|[upkeep]\n|-heal|p1a: antimiradon action|91\/100|[from] item: Leftovers\n|upkeep\n|turn|8\n|\n|t:|1699149086\n|switch|p2a: Koraidon|Koraidon|100\/100\n|-weather|SunnyDay|[from] ability: Orichalcum Pulse|[of] p2a: Koraidon\n|-activate|p2a: Koraidon|Orichalcum Pulse|[source]\n|move|p1a: antimiradon action|Payback|p2a: Koraidon\n|-resisted|p2a: Koraidon\n|-damage|p2a: Koraidon|92\/100\n|\n|-weather|SunnyDay|[upkeep]\n|-heal|p1a: antimiradon action|97\/100|[from] item: Leftovers\n|upkeep\n|turn|9\n|\n|t:|1699149099\n|switch|p1a: Spectrier|Calyrex-Shadow|100\/100 par\n|-ability|p1a: Spectrier|As One\n|-ability|p1a: Spectrier|Unnerve\n|-damage|p1a: Spectrier|88\/100 par|[from] Stealth Rock\n|move|p2a: Koraidon|U-turn|p1a: Spectrier\n|-damage|p1a: Spectrier|45\/100 par\n|\n|t:|1699149103\n|switch|p2a: Calyrex|Calyrex-Shadow|100\/100|[from] U-turn\n|-ability|p2a: Calyrex|As One\n|-ability|p2a: Calyrex|Unnerve\n|\n|-weather|SunnyDay|[upkeep]\n|upkeep\n|turn|10\n|\n|t:|1699149110\n|move|p2a: Calyrex|Astral Barrage|p1a: Spectrier\n|-supereffective|p1a: Spectrier\n|-crit|p1a: Spectrier\n|-damage|p1a: Spectrier|0 fnt\n|faint|p1a: Spectrier\n|-ability|p2a: Calyrex|Grim Neigh|boost\n|-boost|p2a: Calyrex|spa|1\n|\n|-weather|SunnyDay|[upkeep]\n|upkeep\n|\n|t:|1699149115\n|switch|p1a: antimiradon action|Ting-Lu|97\/100\n|-damage|p1a: antimiradon action|91\/100|[from] Stealth Rock\n|-ability|p1a: antimiradon action|Vessel of Ruin\n|turn|11\n|\n|t:|1699149117\n|move|p2a: Calyrex|Taunt|p1a: antimiradon action\n|-start|p1a: antimiradon action|move: Taunt\n|move|p1a: antimiradon action|Payback|p2a: Calyrex\n|-supereffective|p2a: Calyrex\n|-enditem|p2a: Calyrex|Focus Sash\n|-damage|p2a: Calyrex|1\/100\n|\n|-weather|SunnyDay|[upkeep]\n|-heal|p1a: antimiradon action|97\/100|[from] item: Leftovers\n|upkeep\n|turn|12\n|\n|t:|1699149134\n|switch|p2a: Koraidon|Koraidon|92\/100\n|-activate|p2a: Koraidon|ability: Orichalcum Pulse\n|move|p1a: antimiradon action|Earthquake|p2a: Koraidon\n|-damage|p2a: Koraidon|58\/100\n|\n|-weather|none\n|-heal|p1a: antimiradon action|100\/100|[from] item: Leftovers\n|upkeep\n|turn|13\n|\n|t:|1699149144\n|move|p2a: Koraidon|U-turn|p1a: antimiradon action\n|-supereffective|p1a: antimiradon action\n|-damage|p1a: antimiradon action|74\/100\n|\n|t:|1699149147\n|switch|p2a: Wo-Chien|Wo-Chien|100\/100|[from] U-turn\n|-ability|p2a: Wo-Chien|Tablets of Ruin\n|move|p1a: antimiradon action|Earthquake|p2a: Wo-Chien\n|-resisted|p2a: Wo-Chien\n|-damage|p2a: Wo-Chien|88\/100\n|\n|-heal|p2a: Wo-Chien|94\/100|[from] item: Leftovers\n|-heal|p1a: antimiradon action|80\/100|[from] item: Leftovers\n|-end|p1a: antimiradon action|move: Taunt\n|upkeep\n|turn|14\n|\n|t:|1699149151\n|move|p2a: Wo-Chien|Knock Off|p1a: antimiradon action\n|-resisted|p1a: antimiradon action\n|-damage|p1a: antimiradon action|72\/100\n|-enditem|p1a: antimiradon action|Leftovers|[from] move: Knock Off|[of] p2a: Wo-Chien\n|move|p1a: antimiradon action|Stealth Rock|p2a: Wo-Chien\n|-sidestart|p2: bailongzhenshuai|move: Stealth Rock\n|\n|-heal|p2a: Wo-Chien|99\/100|[from] item: Leftovers\n|upkeep\n|turn|15\n|\n|t:|1699149156\n|move|p2a: Wo-Chien|Leech Seed|p1a: antimiradon action\n|-start|p1a: antimiradon action|move: Leech Seed\n|move|p1a: antimiradon action|Whirlwind|p2a: Wo-Chien\n|drag|p2a: Zacian|Zacian-Crowned|100\/100\n|-damage|p2a: Zacian|94\/100|[from] Stealth Rock\n|-ability|p2a: Zacian|Intrepid Sword|boost\n|-boost|p2a: Zacian|atk|1\n|\n|-damage|p1a: antimiradon action|60\/100|[from] Leech Seed|[of] p2a: Zacian\n|-heal|p2a: Zacian|100\/100|[silent]\n|upkeep\n|turn|16\n|\n|t:|1699149160\n|move|p2a: Zacian|Close Combat|p1a: antimiradon action\n|-supereffective|p1a: antimiradon action\n|-damage|p1a: antimiradon action|0 fnt\n|-unboost|p2a: Zacian|def|1\n|-unboost|p2a: Zacian|spd|1\n|faint|p1a: antimiradon action\n|\n|upkeep\n|\n|t:|1699149165\n|switch|p1a: Fastest thing n AG|Regieleki, shiny|100\/100\n|-damage|p1a: Fastest thing n AG|88\/100|[from] Stealth Rock\n|turn|17\n|\n|t:|1699149173\n|switch|p2a: Calyrex|Calyrex-Shadow|1\/100\n|-ability|p2a: Calyrex|As One\n|-ability|p2a: Calyrex|Unnerve\n|-damage|p2a: Calyrex|0 fnt|[from] Stealth Rock\n|faint|p2a: Calyrex\n|move|p1a: Fastest thing n AG|Rapid Spin|p2: Calyrex|[notarget]\n|-fail|p1a: Fastest thing n AG\n|\n|upkeep\n|\n|t:|1699149178\n|switch|p2a: Koraidon|Koraidon|58\/100\n|-damage|p2a: Koraidon|52\/100|[from] Stealth Rock\n|-weather|SunnyDay|[from] ability: Orichalcum Pulse|[of] p2a: Koraidon\n|-activate|p2a: Koraidon|Orichalcum Pulse|[source]\n|turn|18\n|c|\u2606Sakuta24|Eerm\n|\n|t:|1699149182\n|move|p2a: Koraidon|Close Combat|p1a: Fastest thing n AG\n|-damage|p1a: Fastest thing n AG|0 fnt\n|-unboost|p2a: Koraidon|def|1\n|-unboost|p2a: Koraidon|spd|1\n|faint|p1a: Fastest thing n AG\n|\n|-weather|SunnyDay|[upkeep]\n|upkeep\n|\n|t:|1699149189\n|switch|p1a: im sorry|Drifblim, M, shiny|100\/100\n|-damage|p1a: im sorry|75\/100|[from] Stealth Rock\n|turn|19\n|\n|t:|1699149192\n|switch|p2a: Wo-Chien|Wo-Chien|99\/100\n|-damage|p2a: Wo-Chien|88\/100|[from] Stealth Rock\n|-ability|p2a: Wo-Chien|Tablets of Ruin\n|move|p1a: im sorry|Minimize|p1a: im sorry\n|-boost|p1a: im sorry|evasion|2\n|\n|-weather|SunnyDay|[upkeep]\n|-heal|p2a: Wo-Chien|94\/100|[from] item: Leftovers\n|upkeep\n|turn|20\n|\n|t:|1699149198\n|move|p1a: im sorry|Substitute|p1a: im sorry\n|-start|p1a: im sorry|Substitute\n|-damage|p1a: im sorry|50\/100\n|-enditem|p1a: im sorry|Sitrus Berry|[eat]\n|-heal|p1a: im sorry|75\/100|[from] item: Sitrus Berry\n|move|p2a: Wo-Chien|Knock Off|p1a: im sorry|[miss]\n|-miss|p2a: Wo-Chien|p1a: im sorry\n|\n|-weather|SunnyDay|[upkeep]\n|-heal|p2a: Wo-Chien|99\/100|[from] item: Leftovers\n|upkeep\n|turn|21\n|\n|t:|1699149204\n|move|p1a: im sorry|Minimize|p1a: im sorry\n|-boost|p1a: im sorry|evasion|2\n|move|p2a: Wo-Chien|Knock Off|p1a: im sorry|[miss]\n|-miss|p2a: Wo-Chien|p1a: im sorry\n|\n|-weather|SunnyDay|[upkeep]\n|-heal|p2a: Wo-Chien|100\/100|[from] item: Leftovers\n|upkeep\n|turn|22\n|\n|t:|1699149211\n|switch|p2a: Zacian|Zacian-Crowned|100\/100\n|-damage|p2a: Zacian|94\/100|[from] Stealth Rock\n|move|p1a: im sorry|Minimize|p1a: im sorry\n|-boost|p1a: im sorry|evasion|2\n|\n|-weather|none\n|upkeep\n|turn|23\n|\n|t:|1699149226\n|move|p2a: Zacian|Behemoth Blade|p1a: im sorry|[miss]\n|-miss|p2a: Zacian|p1a: im sorry\n|move|p1a: im sorry|Baton Pass|p1a: im sorry\n|inactive|Sakuta24 has 120 seconds left.\n|\n|t:|1699149267\n|switch|p1a: Big dog|Zacian-Crowned|64\/100|[from] Baton Pass\n|-damage|p1a: Big dog|58\/100|[from] Stealth Rock\n|\n|upkeep\n|turn|24\n|\n|t:|1699149273\n|move|p2a: Zacian|Behemoth Blade|p1a: Big dog\n|-end|p1a: Big dog|Substitute\n|move|p1a: Big dog|Behemoth Blade|p2a: Zacian\n|-damage|p2a: Zacian|44\/100\n|\n|upkeep\n|turn|25\n|inactive|Sakuta24 has 120 seconds left.\n|\n|t:|1699149279\n|move|p1a: Big dog|Behemoth Blade|p2a: Zacian\n|-damage|p2a: Zacian|0 fnt\n|faint|p2a: Zacian\n|\n|upkeep\n|\n|t:|1699149296\n|switch|p2a: Koraidon|Koraidon|52\/100\n|-damage|p2a: Koraidon|46\/100|[from] Stealth Rock\n|-weather|SunnyDay|[from] ability: Orichalcum Pulse|[of] p2a: Koraidon\n|-activate|p2a: Koraidon|Orichalcum Pulse|[source]\n|turn|26\n|\n|t:|1699149307\n|-terastallize|p1a: Big dog|Fairy\n|move|p2a: Koraidon|Close Combat|p1a: Big dog\n|-resisted|p1a: Big dog\n|-damage|p1a: Big dog|19\/100\n|-unboost|p2a: Koraidon|def|1\n|-unboost|p2a: Koraidon|spd|1\n|move|p1a: Big dog|Play Rough|p2a: Koraidon\n|-supereffective|p2a: Koraidon\n|-damage|p2a: Koraidon|0 fnt\n|faint|p2a: Koraidon\n|\n|-weather|SunnyDay|[upkeep]\n|upkeep\n|-message|bailongzhenshuai forfeited.\n|\n|win|Sakuta24\n|raw|Sakuta24's rating: 1573 &rarr; <strong>1602<\/strong><br \/>(+29 for winning)\n|raw|bailongzhenshuai's rating: 1746 &rarr; <strong>1717<\/strong><br \/>(-29 for losing)\n|l|\u2606bailongzhenshuai\n","uploadtime":1699149323,"views":6,"p1id":"sakuta24","p2id":"bailongzhenshuai","formatid":"gen9anythinggoes","rating":1602,"private":0,"password":""}