{"id":"gen9anythinggoes-1974563345","p1":"justamagicarp","p2":"Jorge-052","format":"[Gen 9] Anything Goes","log":"|j|\u2606justamagicarp\n|j|\u2606Jorge-052\n|t:|1698097676\n|gametype|singles\n|player|p1|justamagicarp|flannery|1040\n|player|p2|Jorge-052|acetrainerf-gen4|1028\n|teamsize|p1|6\n|teamsize|p2|6\n|gen|9\n|tier|[Gen 9] Anything Goes\n|rated|\n|rule|HP Percentage Mod: HP is shown in percentages\n|rule|Endless Battle Clause: Forcing endless battles is banned\n|clearpoke\n|poke|p1|Samurott-Hisui, M|\n|poke|p1|Iron Valiant|\n|poke|p1|Ceruledge, M|\n|poke|p1|Zacian-*|\n|poke|p1|Kingambit, F|\n|poke|p1|Chien-Pao|\n|poke|p2|Gengar, M|\n|poke|p2|Luxray, M|\n|poke|p2|Staraptor, M|\n|poke|p2|Arcanine, F|\n|poke|p2|Garchomp, F|\n|poke|p2|Floatzel, M|\n|teampreview\n|\n|t:|1698097685\n|start\n|switch|p1a: Samurott|Samurott-Hisui, M, shiny|100\/100\n|switch|p2a: Luxray|Luxray, M|100\/100\n|turn|1\n|\n|t:|1698097730\n|switch|p1a: Iron Valiant|Iron Valiant|100\/100\n|-enditem|p1a: Iron Valiant|Booster Energy\n|-activate|p1a: Iron Valiant|ability: Quark Drive|[fromitem]\n|-start|p1a: Iron Valiant|quarkdrivespe\n|move|p2a: Luxray|Thunderbolt|p1a: Iron Valiant\n|-damage|p1a: Iron Valiant|47\/100\n|\n|upkeep\n|turn|2\n|\n|t:|1698097744\n|move|p1a: Iron Valiant|Close Combat|p2a: Luxray\n|-damage|p2a: Luxray|32\/100\n|-unboost|p1a: Iron Valiant|def|1\n|-unboost|p1a: Iron Valiant|spd|1\n|move|p2a: Luxray|Thunderbolt|p1a: Iron Valiant\n|-damage|p1a: Iron Valiant|0 fnt\n|faint|p1a: Iron Valiant\n|-end|p1a: Iron Valiant|Quark Drive|[silent]\n|\n|upkeep\n|\n|t:|1698097760\n|switch|p1a: Chien-Pao|Chien-Pao|100\/100\n|-ability|p1a: Chien-Pao|Sword of Ruin\n|turn|3\n|\n|t:|1698097777\n|move|p2a: Luxray|Quick Attack|p1a: Chien-Pao\n|-damage|p1a: Chien-Pao|78\/100\n|move|p1a: Chien-Pao|Ice Spinner|p2a: Luxray\n|-damage|p2a: Luxray|0 fnt\n|faint|p2a: Luxray\n|\n|upkeep\n|\n|t:|1698097791\n|switch|p2a: Garchomp|Garchomp, F|100\/100\n|turn|4\n|\n|t:|1698097817\n|move|p2a: Garchomp|Earthquake|p1a: Chien-Pao\n|-damage|p1a: Chien-Pao|6\/100\n|move|p1a: Chien-Pao|Ice Spinner|p2a: Garchomp\n|-supereffective|p2a: Garchomp\n|-damage|p2a: Garchomp|0 fnt\n|-damage|p1a: Chien-Pao|0 fnt|[from] ability: Rough Skin|[of] p2a: Garchomp\n|faint|p2a: Garchomp\n|faint|p1a: Chien-Pao\n|\n|upkeep\n|\n|t:|1698097829\n|switch|p1a: Samurott|Samurott-Hisui, M, shiny|100\/100\n|switch|p2a: Arcanine|Arcanine, F|100\/100\n|-ability|p2a: Arcanine|Intimidate|boost\n|-unboost|p1a: Samurott|atk|1\n|turn|5\n|\n|t:|1698097852\n|switch|p2a: Staraptor|Staraptor, M|100\/100\n|-ability|p2a: Staraptor|Intimidate|boost\n|-unboost|p1a: Samurott|atk|1\n|move|p1a: Samurott|Razor Shell|p2a: Staraptor\n|-damage|p2a: Staraptor|64\/100\n|-unboost|p2a: Staraptor|def|1\n|\n|-heal|p2a: Staraptor|70\/100|[from] item: Leftovers\n|upkeep\n|turn|6\n|\n|t:|1698097879\n|move|p2a: Staraptor|Close Combat|p1a: Samurott\n|-supereffective|p1a: Samurott\n|-enditem|p1a: Samurott|Focus Sash\n|-damage|p1a: Samurott|1\/100\n|-unboost|p2a: Staraptor|def|1\n|-unboost|p2a: Staraptor|spd|1\n|move|p1a: Samurott|Ceaseless Edge|p2a: Staraptor\n|-damage|p2a: Staraptor|0 fnt\n|-sidestart|p2: Jorge-052|Spikes\n|faint|p2a: Staraptor\n|\n|upkeep\n|\n|t:|1698097889\n|switch|p2a: Arcanine|Arcanine, F|100\/100\n|-damage|p2a: Arcanine|88\/100|[from] Spikes\n|-ability|p2a: Arcanine|Intimidate|boost\n|-unboost|p1a: Samurott|atk|1\n|turn|7\n|\n|t:|1698097909\n|-terastallize|p1a: Samurott|Ghost\n|move|p2a: Arcanine|Extreme Speed|p1a: Samurott\n|-immune|p1a: Samurott\n|move|p1a: Samurott|Razor Shell|p2a: Arcanine\n|-supereffective|p2a: Arcanine\n|-damage|p2a: Arcanine|39\/100\n|-unboost|p2a: Arcanine|def|1\n|\n|upkeep\n|turn|8\n|\n|t:|1698097919\n|move|p2a: Arcanine|Crunch|p1a: Samurott\n|-supereffective|p1a: Samurott\n|-damage|p1a: Samurott|0 fnt\n|faint|p1a: Samurott\n|\n|upkeep\n|\n|t:|1698097928\n|switch|p1a: Kingambit|Kingambit, F|100\/100\n|-activate|p1a: Kingambit|ability: Supreme Overlord\n|-start|p1a: Kingambit|fallen3|[silent]\n|turn|9\n|\n|t:|1698097940\n|move|p1a: Kingambit|Sucker Punch|p2a: Arcanine\n|-damage|p2a: Arcanine|0 fnt\n|faint|p2a: Arcanine\n|\n|upkeep\n|\n|t:|1698097947\n|switch|p2a: Floatzel|Floatzel, M|100\/100\n|-damage|p2a: Floatzel|88\/100|[from] Spikes\n|turn|10\n|\n|t:|1698097964\n|move|p2a: Floatzel|Wave Crash|p1a: Kingambit\n|-damage|p1a: Kingambit|51\/100\n|-damage|p2a: Floatzel|70\/100|[from] Recoil\n|move|p1a: Kingambit|Kowtow Cleave|p2a: Floatzel\n|-damage|p2a: Floatzel|0 fnt\n|faint|p2a: Floatzel\n|\n|upkeep\n|\n|t:|1698097972\n|switch|p2a: Gengar|Gengar, M|100\/100\n|-damage|p2a: Gengar|88\/100|[from] Spikes\n|turn|11\n|\n|t:|1698097983\n|move|p2a: Gengar|Shadow Ball|p1a: Kingambit\n|-resisted|p1a: Kingambit\n|-damage|p1a: Kingambit|29\/100\n|move|p1a: Kingambit|Kowtow Cleave|p2a: Gengar\n|-supereffective|p2a: Gengar\n|-damage|p2a: Gengar|0 fnt\n|-start|p1a: Kingambit|Disable|Kowtow Cleave|[from] ability: Cursed Body|[of] p2a: Gengar\n|faint|p2a: Gengar\n|\n|win|justamagicarp\n|raw|justamagicarp's rating: 1040 &rarr; <strong>1073<\/strong><br \/>(+33 for winning)\n|raw|Jorge-052's rating: 1028 &rarr; <strong>1014<\/strong><br \/>(-14 for losing)\n|l|\u2606Jorge-052\n","uploadtime":1698097995,"views":6,"p1id":"justamagicarp","p2id":"jorge052","formatid":"gen9anythinggoes","rating":1014,"private":0,"password":""}