{"id":"gen9anythinggoes-1990367427","p1":"Zephyr_Kimir","p2":"r0nn13","format":"[Gen 9] Anything Goes","log":"|j|\u2606Zephyr_Kimir\n|j|\u2606r0nn13\n|t:|1699962991\n|gametype|singles\n|player|p1|Zephyr_Kimir|cheren-gen5bw2|1064\n|player|p2|r0nn13|266|1168\n|teamsize|p1|6\n|teamsize|p2|6\n|gen|9\n|tier|[Gen 9] Anything Goes\n|rated|\n|rule|HP Percentage Mod: HP is shown in percentages\n|rule|Endless Battle Clause: Forcing endless battles is banned\n|clearpoke\n|poke|p1|Iron Treads|\n|poke|p1|Volcanion|\n|poke|p1|Slowking-Galar, M|\n|poke|p1|Cyclizar, F|\n|poke|p1|Talonflame, M|\n|poke|p1|Miraidon|\n|poke|p2|Slowbro-Galar, M|\n|poke|p2|Urshifu-*, F|\n|poke|p2|Flutter Mane|\n|poke|p2|Klawf, M|\n|poke|p2|Gliscor, F|\n|poke|p2|Kingambit, M|\n|teampreview\n|inactive|Battle timer is ON: inactive players will automatically lose when time's up. (requested by r0nn13)\n|c|\u2606r0nn13|finally, a real team\n|\n|t:|1699963015\n|start\n|switch|p1a: Talonflame|Talonflame, M|100\/100\n|switch|p2a: Slowbro|Slowbro-Galar, M|100\/100\n|turn|1\n|\n|t:|1699963026\n|move|p1a: Talonflame|Swords Dance|p1a: Talonflame\n|-boost|p1a: Talonflame|atk|2\n|move|p2a: Slowbro|Psychic|p1a: Talonflame\n|-damage|p1a: Talonflame|37\/100\n|-unboost|p1a: Talonflame|spd|1\n|\n|upkeep\n|turn|2\n|\n|t:|1699963034\n|move|p1a: Talonflame|Acrobatics|p2a: Slowbro\n|-damage|p2a: Slowbro|21\/100\n|move|p2a: Slowbro|Psychic|p1a: Talonflame\n|-damage|p1a: Talonflame|0 fnt\n|faint|p1a: Talonflame\n|\n|upkeep\n|\n|t:|1699963041\n|switch|p1a: Iron Treads|Iron Treads|100\/100\n|turn|3\n|-activate|p2a: Slowbro|ability: Quick Draw\n|\n|t:|1699963050\n|move|p2a: Slowbro|Fire Blast|p1a: Iron Treads|[miss]\n|-miss|p2a: Slowbro|p1a: Iron Treads\n|move|p1a: Iron Treads|Knock Off|p2a: Slowbro\n|-supereffective|p2a: Slowbro\n|-damage|p2a: Slowbro|0 fnt\n|-enditem|p2a: Slowbro|Quick Claw|[from] move: Knock Off|[of] p1a: Iron Treads\n|faint|p2a: Slowbro\n|\n|upkeep\n|\n|t:|1699963064\n|switch|p2a: Urshifu|Urshifu-Rapid-Strike, F|100\/100\n|turn|4\n|c|\u2606Zephyr_Kimir|I hate quick draw quick claw\n|c|\u2606r0nn13|lol\n|\n|t:|1699963079\n|-end|p1a: Iron Treads|Quark Drive|[silent]\n|switch|p1a: Volcanion|Volcanion|100\/100\n|move|p2a: Urshifu|Surging Strikes|p1a: Volcanion\n|-immune|p1a: Volcanion|[from] ability: Water Absorb\n|\n|upkeep\n|turn|5\n|c|\u2606r0nn13|FUCK\n|\n|t:|1699963100\n|move|p2a: Urshifu|Rock Slide|p1a: Volcanion|[miss]\n|-miss|p2a: Urshifu|p1a: Volcanion\n|move|p1a: Volcanion|Will-O-Wisp|p2a: Urshifu\n|-status|p2a: Urshifu|brn\n|\n|-damage|p2a: Urshifu|94\/100 brn|[from] brn\n|upkeep\n|turn|6\n|c|\u2606r0nn13|MOTHER FUCKER\n|inactive|Zephyr_Kimir has 120 seconds left.\n|\n|t:|1699963133\n|switch|p1a: Iron Treads|Iron Treads|100\/100\n|move|p2a: Urshifu|Rock Slide|p1a: Iron Treads\n|-resisted|p1a: Iron Treads\n|-damage|p1a: Iron Treads|97\/100\n|\n|-damage|p2a: Urshifu|88\/100 brn|[from] brn\n|upkeep\n|turn|7\n|\n|t:|1699963146\n|-end|p1a: Iron Treads|Quark Drive|[silent]\n|switch|p1a: Volcanion|Volcanion|100\/100\n|move|p2a: Urshifu|Surging Strikes|p1a: Volcanion\n|-immune|p1a: Volcanion|[from] ability: Water Absorb\n|\n|-damage|p2a: Urshifu|82\/100 brn|[from] brn\n|upkeep\n|turn|8\n|c|\u2606r0nn13|your rude\n|\n|t:|1699963156\n|move|p2a: Urshifu|Close Combat|p1a: Volcanion\n|-damage|p1a: Volcanion|75\/100\n|-unboost|p2a: Urshifu|def|1\n|-unboost|p2a: Urshifu|spd|1\n|move|p1a: Volcanion|Steam Eruption|p2a: Urshifu\n|-resisted|p2a: Urshifu\n|-damage|p2a: Urshifu|43\/100 brn\n|\n|-damage|p2a: Urshifu|37\/100 brn|[from] brn\n|upkeep\n|turn|9\n|\n|t:|1699963175\n|switch|p2a: Gliscor|Gliscor, F|100\/100\n|move|p1a: Volcanion|Steam Eruption|p2a: Gliscor\n|-supereffective|p2a: Gliscor\n|-damage|p2a: Gliscor|0 fnt\n|faint|p2a: Gliscor\n|\n|upkeep\n|\n|t:|1699963182\n|switch|p2a: Flutter Mane|Flutter Mane|100\/100\n|-enditem|p2a: Flutter Mane|Booster Energy\n|-activate|p2a: Flutter Mane|ability: Protosynthesis|[fromitem]\n|-start|p2a: Flutter Mane|protosynthesisspd\n|turn|10\n|c|\u2606Zephyr_Kimir|wild\n|c|\u2606r0nn13|crazy\n|\n|t:|1699963202\n|move|p2a: Flutter Mane|Taunt|p1a: Volcanion\n|-start|p1a: Volcanion|move: Taunt\n|move|p1a: Volcanion|Fire Blast|p2a: Flutter Mane\n|-damage|p2a: Flutter Mane|76\/100\n|-status|p2a: Flutter Mane|brn\n|\n|-damage|p2a: Flutter Mane|70\/100 brn|[from] brn\n|upkeep\n|turn|11\n|c|\u2606r0nn13|crazy? i was crazy once\n|c|\u2606Zephyr_Kimir|LMAO\n|c|\u2606r0nn13|HOW DO YOU KEEP BURNING ME\n|c|\u2606r0nn13|FUCK\n|\n|t:|1699963219\n|move|p2a: Flutter Mane|Thunder Wave|p1a: Volcanion|[miss]\n|-miss|p2a: Flutter Mane|p1a: Volcanion\n|move|p1a: Volcanion|Steam Eruption|p2a: Flutter Mane\n|-damage|p2a: Flutter Mane|46\/100 brn\n|\n|-damage|p2a: Flutter Mane|40\/100 brn|[from] brn\n|upkeep\n|turn|12\n|c|\u2606r0nn13|BRO\n|c|\u2606r0nn13|WHAT IS THIS\n|c|\u2606Zephyr_Kimir|First burn was from willowisp\n|\n|t:|1699963232\n|switch|p1a: Iron Treads|Iron Treads|97\/100\n|move|p2a: Flutter Mane|Thunder Wave|p1a: Iron Treads\n|-immune|p1a: Iron Treads\n|\n|-damage|p2a: Flutter Mane|34\/100 brn|[from] brn\n|upkeep\n|turn|13\n|n|!r0nn13|r0nn13\n|\n|t:|1699963240\n|move|p1a: Iron Treads|Iron Head|p2a: Flutter Mane\n|-supereffective|p2a: Flutter Mane\n|-damage|p2a: Flutter Mane|0 fnt\n|faint|p2a: Flutter Mane\n|-end|p2a: Flutter Mane|Protosynthesis|[silent]\n|\n|upkeep\n|-message|r0nn13 forfeited.\n|\n|win|Zephyr_Kimir\n|raw|Zephyr_Kimir's rating: 1064 &rarr; <strong>1103<\/strong><br \/>(+39 for winning)\n|raw|r0nn13's rating: 1168 &rarr; <strong>1136<\/strong><br \/>(-32 for losing)\n|l|!r0nn13\n","uploadtime":1699963239,"views":4,"p1id":"zephyrkimir","p2id":"r0nn13","formatid":"gen9anythinggoes","rating":1103,"private":0,"password":""}