{"id":"gen9anythinggoes-1998803869","p1":"Glaire","p2":"NotYourTypePaapi","format":"[Gen 9] Anything Goes","log":"|j|\u2606Glaire\n|j|\u2606NotYourTypePaapi\n|t:|1700994281\n|gametype|singles\n|player|p1|Glaire|rosa-masters|1292\n|player|p2|NotYourTypePaapi|anabel|1610\n|teamsize|p1|6\n|teamsize|p2|6\n|gen|9\n|tier|[Gen 9] Anything Goes\n|rated|\n|rule|HP Percentage Mod: HP is shown in percentages\n|rule|Endless Battle Clause: Forcing endless battles is banned\n|clearpoke\n|poke|p1|Cinderace, M|\n|poke|p1|Dragonite, F|\n|poke|p1|Brute Bonnet|\n|poke|p1|Cramorant, F|\n|poke|p1|Clefable, M|\n|poke|p1|Kingambit, M|\n|poke|p2|Calyrex-Shadow|\n|poke|p2|Zacian-*|\n|poke|p2|Landorus-Therian, M|\n|poke|p2|Ting-Lu|\n|poke|p2|Koraidon|\n|poke|p2|Arceus|\n|teampreview\n|inactive|Battle timer is ON: inactive players will automatically lose when time's up. (requested by NotYourTypePaapi)\n|j| Primordiallite\n|\n|t:|1700994289\n|start\n|switch|p1a: Cinderace|Cinderace, M|100\/100\n|switch|p2a: Landorus|Landorus-Therian, M|100\/100\n|-ability|p2a: Landorus|Intimidate|boost\n|-unboost|p1a: Cinderace|atk|1\n|turn|1\n|\n|t:|1700994294\n|move|p1a: Cinderace|U-turn|p2a: Landorus\n|-start|p1a: Cinderace|typechange|Bug|[from] ability: Libero\n|-resisted|p2a: Landorus\n|-damage|p2a: Landorus|91\/100\n|-damage|p1a: Cinderace|84\/100|[from] item: Rocky Helmet|[of] p2a: Landorus\n|l| Primordiallite\n|\n|t:|1700994304\n|switch|p1a: Cramorant|Cramorant, F|100\/100|[from] U-turn\n|move|p2a: Landorus|Earthquake|p1a: Cramorant\n|-immune|p1a: Cramorant\n|\n|upkeep\n|turn|2\n|\n|t:|1700994316\n|switch|p2a: Zacian|Zacian-Crowned|100\/100\n|-ability|p2a: Zacian|Intrepid Sword|boost\n|-boost|p2a: Zacian|atk|1\n|move|p1a: Cramorant|Surf|p2a: Zacian\n|-formechange|p1a: Cramorant|Cramorant-Gulping|\n|-damage|p2a: Zacian|74\/100\n|\n|upkeep\n|turn|3\n|\n|t:|1700994341\n|move|p1a: Cramorant|Endure|p1a: Cramorant\n|-singleturn|p1a: Cramorant|move: Endure\n|move|p2a: Zacian|Swords Dance|p2a: Zacian\n|-boost|p2a: Zacian|atk|2\n|\n|upkeep\n|turn|4\n|\n|t:|1700994346\n|move|p2a: Zacian|Wild Charge|p1a: Cramorant\n|-supereffective|p1a: Cramorant\n|-damage|p1a: Cramorant|0 fnt\n|-damage|p2a: Zacian|57\/100|[from] item: Rocky Helmet|[of] p1a: Cramorant\n|-damage|p2a: Zacian|32\/100|[from] ability: Gulp Missile|[of] p1a: Cramorant\n|-unboost|p2a: Zacian|def|1\n|-formechange|p1a: Cramorant|Cramorant|\n|faint|p1a: Cramorant\n|-damage|p2a: Zacian|8\/100|[from] Recoil\n|\n|upkeep\n|\n|t:|1700994356\n|switch|p1a: Dragonite|Dragonite, F|100\/100\n|turn|5\n|\n|t:|1700994360\n|switch|p2a: Landorus|Landorus-Therian, M|91\/100\n|-ability|p2a: Landorus|Intimidate|boost\n|-unboost|p1a: Dragonite|atk|1\n|move|p1a: Dragonite|Extreme Speed|p2a: Landorus\n|-damage|p2a: Landorus|78\/100\n|-damage|p1a: Dragonite|84\/100|[from] item: Rocky Helmet|[of] p2a: Landorus\n|\n|-heal|p1a: Dragonite|90\/100|[from] item: Leftovers\n|upkeep\n|turn|6\n|\n|t:|1700994377\n|switch|p1a: Clefable|Clefable, M|100\/100\n|move|p2a: Landorus|Stealth Rock|p1a: Clefable\n|-sidestart|p1: Glaire|move: Stealth Rock\n|\n|upkeep\n|turn|7\n|\n|t:|1700994394\n|move|p2a: Landorus|Taunt|p1a: Clefable\n|-start|p1a: Clefable|move: Taunt\n|move|p1a: Clefable|Moonblast|p2a: Landorus\n|-crit|p2a: Landorus\n|-damage|p2a: Landorus|13\/100\n|\n|upkeep\n|turn|8\n|\n|t:|1700994409\n|move|p2a: Landorus|Earthquake|p1a: Clefable\n|-damage|p1a: Clefable|42\/100\n|move|p1a: Clefable|Moonblast|p2a: Landorus\n|-damage|p2a: Landorus|0 fnt\n|faint|p2a: Landorus\n|\n|-heal|p1a: Clefable|48\/100|[from] item: Leftovers\n|upkeep\n|\n|t:|1700994413\n|switch|p2a: Zacian|Zacian-Crowned|8\/100\n|turn|9\n|\n|t:|1700994421\n|move|p2a: Zacian|Behemoth Blade|p1a: Clefable\n|-supereffective|p1a: Clefable\n|-damage|p1a: Clefable|0 fnt\n|faint|p1a: Clefable\n|\n|upkeep\n|\n|t:|1700994431\n|switch|p1a: Dragonite|Dragonite, F|90\/100\n|-damage|p1a: Dragonite|65\/100|[from] Stealth Rock\n|turn|10\n|\n|t:|1700994446\n|-terastallize|p1a: Dragonite|Normal\n|move|p1a: Dragonite|Extreme Speed|p2a: Zacian\n|-resisted|p2a: Zacian\n|-damage|p2a: Zacian|0 fnt\n|faint|p2a: Zacian\n|\n|-heal|p1a: Dragonite|71\/100|[from] item: Leftovers\n|upkeep\n|\n|t:|1700994456\n|switch|p2a: Koraidon|Koraidon|100\/100\n|-weather|SunnyDay|[from] ability: Orichalcum Pulse|[of] p2a: Koraidon\n|-activate|p2a: Koraidon|Orichalcum Pulse|[source]\n|turn|11\n|\n|t:|1700994466\n|switch|p1a: Kingambit|Kingambit, M|100\/100\n|-damage|p1a: Kingambit|94\/100|[from] Stealth Rock\n|-activate|p1a: Kingambit|ability: Supreme Overlord\n|-start|p1a: Kingambit|fallen2|[silent]\n|move|p2a: Koraidon|Scale Shot|p1a: Kingambit\n|-resisted|p1a: Kingambit\n|-damage|p1a: Kingambit|87\/100\n|-resisted|p1a: Kingambit\n|-damage|p1a: Kingambit|80\/100\n|-resisted|p1a: Kingambit\n|-damage|p1a: Kingambit|72\/100\n|-resisted|p1a: Kingambit\n|-damage|p1a: Kingambit|64\/100\n|-resisted|p1a: Kingambit\n|-damage|p1a: Kingambit|56\/100\n|-hitcount|p1a: Kingambit|5\n|-unboost|p2a: Koraidon|def|1\n|-boost|p2a: Koraidon|spe|1\n|\n|-weather|SunnyDay|[upkeep]\n|upkeep\n|turn|12\n|\n|t:|1700994474\n|move|p2a: Koraidon|Flare Blitz|p1a: Kingambit\n|-supereffective|p1a: Kingambit\n|-damage|p1a: Kingambit|0 fnt\n|faint|p1a: Kingambit\n|-end|p1a: Kingambit|fallen2|[silent]\n|-damage|p2a: Koraidon|82\/100|[from] Recoil\n|\n|-weather|SunnyDay|[upkeep]\n|upkeep\n|\n|t:|1700994496\n|switch|p1a: Dragonite|Dragonite, F, tera:Normal|71\/100\n|-damage|p1a: Dragonite|59\/100|[from] Stealth Rock\n|turn|13\n|\n|t:|1700994503\n|move|p1a: Dragonite|Extreme Speed|p2a: Koraidon\n|-damage|p2a: Koraidon|21\/100\n|move|p2a: Koraidon|Scale Shot|p1a: Dragonite\n|-damage|p1a: Dragonite|38\/100\n|-damage|p1a: Dragonite|19\/100\n|-damage|p1a: Dragonite|1\/100\n|-damage|p1a: Dragonite|0 fnt\n|faint|p1a: Dragonite\n|-hitcount|p1: Dragonite|4\n|-unboost|p2a: Koraidon|def|1\n|-boost|p2a: Koraidon|spe|1\n|\n|-weather|SunnyDay|[upkeep]\n|upkeep\n|\n|t:|1700994510\n|switch|p1a: Brute Bonnet|Brute Bonnet|100\/100\n|-damage|p1a: Brute Bonnet|88\/100|[from] Stealth Rock\n|-activate|p1a: Brute Bonnet|ability: Protosynthesis\n|-start|p1a: Brute Bonnet|protosynthesisatk\n|turn|14\n|\n|t:|1700994521\n|move|p1a: Brute Bonnet|Sucker Punch|p2a: Koraidon\n|-resisted|p2a: Koraidon\n|-damage|p2a: Koraidon|0 fnt\n|faint|p2a: Koraidon\n|\n|-weather|SunnyDay|[upkeep]\n|upkeep\n|\n|t:|1700994528\n|switch|p2a: Ting-Lu|Ting-Lu|100\/100\n|-ability|p2a: Ting-Lu|Vessel of Ruin\n|turn|15\n|\n|t:|1700994539\n|move|p1a: Brute Bonnet|Spore|p2a: Ting-Lu\n|-status|p2a: Ting-Lu|slp|[from] move: Spore\n|cant|p2a: Ting-Lu|slp\n|\n|-weather|none\n|-end|p1a: Brute Bonnet|Protosynthesis\n|upkeep\n|-enditem|p1a: Brute Bonnet|Booster Energy\n|-activate|p1a: Brute Bonnet|ability: Protosynthesis|[fromitem]\n|-start|p1a: Brute Bonnet|protosynthesisatk\n|turn|16\n|\n|t:|1700994546\n|move|p1a: Brute Bonnet|Seed Bomb|p2a: Ting-Lu\n|-supereffective|p2a: Ting-Lu\n|-damage|p2a: Ting-Lu|36\/100 slp\n|cant|p2a: Ting-Lu|slp\n|\n|-heal|p2a: Ting-Lu|42\/100 slp|[from] item: Leftovers\n|upkeep\n|turn|17\n|\n|t:|1700994552\n|move|p1a: Brute Bonnet|Seed Bomb|p2a: Ting-Lu\n|-supereffective|p2a: Ting-Lu\n|-damage|p2a: Ting-Lu|0 fnt\n|faint|p2a: Ting-Lu\n|\n|upkeep\n|\n|t:|1700994555\n|switch|p2a: Arceus|Arceus|100\/100\n|turn|18\n|\n|t:|1700994562\n|move|p2a: Arceus|Extreme Speed|p1a: Brute Bonnet\n|-damage|p1a: Brute Bonnet|53\/100\n|move|p1a: Brute Bonnet|Spore|p2a: Arceus\n|-status|p2a: Arceus|slp|[from] move: Spore\n|\n|upkeep\n|turn|19\n|\n|t:|1700994566\n|cant|p2a: Arceus|slp\n|move|p1a: Brute Bonnet|Close Combat|p2a: Arceus\n|-supereffective|p2a: Arceus\n|-damage|p2a: Arceus|18\/100 slp\n|-unboost|p1a: Brute Bonnet|def|1\n|-unboost|p1a: Brute Bonnet|spd|1\n|\n|upkeep\n|turn|20\n|\n|t:|1700994579\n|-curestatus|p2a: Arceus|slp|[msg]\n|move|p2a: Arceus|Extreme Speed|p1a: Brute Bonnet\n|-damage|p1a: Brute Bonnet|1\/100\n|move|p1a: Brute Bonnet|Seed Bomb|p2a: Arceus\n|-damage|p2a: Arceus|0 fnt\n|faint|p2a: Arceus\n|\n|upkeep\n|\n|t:|1700994581\n|switch|p2a: Calyrex|Calyrex-Shadow|100\/100\n|-ability|p2a: Calyrex|As One\n|-ability|p2a: Calyrex|Unnerve\n|turn|21\n|\n|t:|1700994592\n|-terastallize|p2a: Calyrex|Grass\n|move|p1a: Brute Bonnet|Sucker Punch|p2a: Calyrex\n|-crit|p2a: Calyrex\n|-damage|p2a: Calyrex|0 fnt\n|faint|p2a: Calyrex\n|\n|win|Glaire\n|raw|Glaire's rating: 1292 &rarr; <strong>1334<\/strong><br \/>(+42 for winning)\n|raw|NotYourTypePaapi's rating: 1592 &rarr; <strong>1558<\/strong><br \/>(-34 for losing)\n|c|\u2606Glaire|gg crit\n","uploadtime":1700994602,"views":11,"p1id":"glaire","p2id":"notyourtypepaapi","formatid":"gen9anythinggoes","rating":1334,"private":0,"password":""}