{"id":"gen9anythinggoes-1989273321","p1":"LingLing007","p2":"dcurb","format":"[Gen 9] Anything Goes","log":"|j|\u2606LingLing007\n|j|\u2606dcurb\n|t:|1699830530\n|gametype|singles\n|player|p1|LingLing007|hilbert-masters2|1358\n|player|p2|dcurb|blue|1214\n|teamsize|p1|6\n|teamsize|p2|6\n|gen|9\n|tier|[Gen 9] Anything Goes\n|rated|\n|rule|HP Percentage Mod: HP is shown in percentages\n|rule|Endless Battle Clause: Forcing endless battles is banned\n|clearpoke\n|poke|p1|Gholdengo|\n|poke|p1|Gengar, M|\n|poke|p1|Skeledirge, M|\n|poke|p1|Sinistcha-Masterpiece|\n|poke|p1|Annihilape, M|\n|poke|p1|Roaring Moon|\n|poke|p2|Annihilape, F|\n|poke|p2|Gengar, M|\n|poke|p2|Volcarona, F|\n|poke|p2|Vaporeon, M|\n|poke|p2|Dialga|\n|poke|p2|Kilowattrel, M|\n|teampreview\n|inactive|Battle timer is ON: inactive players will automatically lose when time's up. (requested by LingLing007)\n|\n|t:|1699830541\n|start\n|switch|p1a: Gengar|Gengar, M|100\/100\n|switch|p2a: Gengar|Gengar, M|100\/100\n|turn|1\n|\n|t:|1699830547\n|move|p1a: Gengar|Mean Look||[still]\n|-fail|p1a: Gengar\n|move|p2a: Gengar|Shadow Ball|p1a: Gengar\n|-supereffective|p1a: Gengar\n|-damage|p1a: Gengar|5\/100\n|-start|p2a: Gengar|Disable|Shadow Ball|[from] ability: Cursed Body|[of] p1a: Gengar\n|\n|upkeep\n|turn|2\n|\n|t:|1699830557\n|move|p1a: Gengar|Destiny Bond|p1a: Gengar\n|-singlemove|p1a: Gengar|Destiny Bond\n|move|p2a: Gengar|Sludge Bomb|p1a: Gengar\n|-resisted|p1a: Gengar\n|-damage|p1a: Gengar|0 fnt\n|faint|p1a: Gengar\n|-activate|p1a: Gengar|move: Destiny Bond\n|faint|p2a: Gengar\n|\n|upkeep\n|\n|t:|1699830574\n|switch|p1a: Annihilape|Annihilape, M|100\/100\n|switch|p2a: Vaporeon|Vaporeon, M|100\/100\n|turn|3\n|\n|t:|1699830583\n|move|p1a: Annihilape|Bulk Up|p1a: Annihilape\n|-boost|p1a: Annihilape|atk|1\n|-boost|p1a: Annihilape|def|1\n|move|p2a: Vaporeon|Calm Mind|p2a: Vaporeon\n|-boost|p2a: Vaporeon|spa|1\n|-boost|p2a: Vaporeon|spd|1\n|\n|upkeep\n|turn|4\n|\n|t:|1699830591\n|move|p1a: Annihilape|Bulk Up|p1a: Annihilape\n|-boost|p1a: Annihilape|atk|1\n|-boost|p1a: Annihilape|def|1\n|move|p2a: Vaporeon|Scald|p1a: Annihilape\n|-damage|p1a: Annihilape|52\/100\n|\n|upkeep\n|turn|5\n|\n|t:|1699830597\n|move|p1a: Annihilape|Rage Fist|p2a: Vaporeon\n|-damage|p2a: Vaporeon|0 fnt\n|faint|p2a: Vaporeon\n|\n|upkeep\n|\n|t:|1699830601\n|switch|p2a: Kilowattrel|Kilowattrel, M|100\/100\n|turn|6\n|\n|t:|1699830605\n|move|p2a: Kilowattrel|Air Slash|p1a: Annihilape\n|-supereffective|p1a: Annihilape\n|-damage|p1a: Annihilape|0 fnt\n|faint|p1a: Annihilape\n|\n|upkeep\n|\n|t:|1699830611\n|switch|p1a: Skeledirge|Skeledirge, M|100\/100\n|turn|7\n|\n|t:|1699830616\n|move|p2a: Kilowattrel|Discharge|p1a: Skeledirge\n|-damage|p1a: Skeledirge|79\/100\n|move|p1a: Skeledirge|Torch Song|p2a: Kilowattrel\n|-damage|p2a: Kilowattrel|72\/100\n|-boost|p1a: Skeledirge|spa|1\n|\n|-heal|p1a: Skeledirge|85\/100|[from] item: Leftovers\n|upkeep\n|turn|8\n|\n|t:|1699830626\n|move|p2a: Kilowattrel|Hurricane|p1a: Skeledirge\n|-damage|p1a: Skeledirge|51\/100\n|-start|p1a: Skeledirge|confusion\n|-activate|p1a: Skeledirge|confusion\n|move|p1a: Skeledirge|Will-O-Wisp|p2a: Kilowattrel\n|-status|p2a: Kilowattrel|brn\n|\n|-heal|p1a: Skeledirge|57\/100|[from] item: Leftovers\n|-damage|p2a: Kilowattrel|66\/100 brn|[from] brn\n|upkeep\n|turn|9\n|\n|t:|1699830636\n|move|p2a: Kilowattrel|Electro Ball|p1a: Skeledirge\n|-damage|p1a: Skeledirge|40\/100\n|-activate|p1a: Skeledirge|confusion\n|move|p1a: Skeledirge|Slack Off|p1a: Skeledirge\n|-heal|p1a: Skeledirge|90\/100\n|\n|-heal|p1a: Skeledirge|96\/100|[from] item: Leftovers\n|-damage|p2a: Kilowattrel|59\/100 brn|[from] brn\n|upkeep\n|turn|10\n|\n|t:|1699830646\n|move|p2a: Kilowattrel|Hurricane|p1a: Skeledirge\n|-damage|p1a: Skeledirge|67\/100\n|-end|p1a: Skeledirge|confusion\n|move|p1a: Skeledirge|Hex|p2a: Kilowattrel\n|-damage|p2a: Kilowattrel|0 fnt\n|faint|p2a: Kilowattrel\n|\n|-heal|p1a: Skeledirge|73\/100|[from] item: Leftovers\n|upkeep\n|\n|t:|1699830655\n|switch|p2a: Annihilape|Annihilape, F|100\/100\n|turn|11\n|\n|t:|1699830659\n|move|p2a: Annihilape|Rage Fist|p1a: Skeledirge\n|-supereffective|p1a: Skeledirge\n|-damage|p1a: Skeledirge|41\/100\n|move|p1a: Skeledirge|Will-O-Wisp|p2a: Annihilape\n|-status|p2a: Annihilape|brn\n|\n|-heal|p1a: Skeledirge|47\/100|[from] item: Leftovers\n|-damage|p2a: Annihilape|94\/100 brn|[from] brn\n|upkeep\n|turn|12\n|\n|t:|1699830672\n|move|p2a: Annihilape|Outrage|p1a: Skeledirge\n|-crit|p1a: Skeledirge\n|-damage|p1a: Skeledirge|26\/100\n|move|p1a: Skeledirge|Slack Off|p1a: Skeledirge\n|-heal|p1a: Skeledirge|76\/100\n|\n|-heal|p1a: Skeledirge|83\/100|[from] item: Leftovers\n|-damage|p2a: Annihilape|88\/100 brn|[from] brn\n|upkeep\n|turn|13\n|\n|t:|1699830680\n|move|p2a: Annihilape|Outrage|p1a: Skeledirge|[from]lockedmove\n|-damage|p1a: Skeledirge|69\/100\n|-start|p2a: Annihilape|confusion|[fatigue]\n|move|p1a: Skeledirge|Torch Song|p2a: Annihilape\n|-damage|p2a: Annihilape|60\/100 brn\n|-boost|p1a: Skeledirge|spa|1\n|\n|-heal|p1a: Skeledirge|75\/100|[from] item: Leftovers\n|-damage|p2a: Annihilape|54\/100 brn|[from] brn\n|upkeep\n|turn|14\n|\n|t:|1699830692\n|-activate|p2a: Annihilape|confusion\n|-damage|p2a: Annihilape|44\/100 brn|[from] confusion\n|move|p1a: Skeledirge|Hex|p2a: Annihilape\n|-supereffective|p2a: Annihilape\n|-damage|p2a: Annihilape|0 fnt\n|faint|p2a: Annihilape\n|\n|-heal|p1a: Skeledirge|81\/100|[from] item: Leftovers\n|upkeep\n|\n|t:|1699830699\n|switch|p2a: Dialga|Dialga|100\/100\n|-ability|p2a: Dialga|Pressure\n|turn|15\n|\n|t:|1699830705\n|move|p2a: Dialga|Earth Power|p1a: Skeledirge\n|-supereffective|p1a: Skeledirge\n|-damage|p1a: Skeledirge|37\/100\n|-unboost|p1a: Skeledirge|spd|1\n|move|p1a: Skeledirge|Will-O-Wisp|p2a: Dialga\n|-status|p2a: Dialga|brn\n|\n|-heal|p1a: Skeledirge|43\/100|[from] item: Leftovers\n|-damage|p2a: Dialga|94\/100 brn|[from] brn\n|upkeep\n|turn|16\n|\n|t:|1699830715\n|move|p2a: Dialga|Roar of Time|p1a: Skeledirge\n|-damage|p1a: Skeledirge|0 fnt\n|-mustrecharge|p2a: Dialga\n|faint|p1a: Skeledirge\n|\n|-damage|p2a: Dialga|88\/100 brn|[from] brn\n|upkeep\n|\n|t:|1699830725\n|switch|p1a: Roaring Moon|Roaring Moon|100\/100\n|-enditem|p1a: Roaring Moon|Booster Energy\n|-activate|p1a: Roaring Moon|ability: Protosynthesis|[fromitem]\n|-start|p1a: Roaring Moon|protosynthesisspe\n|turn|17\n|\n|t:|1699830732\n|move|p1a: Roaring Moon|Dragon Dance|p1a: Roaring Moon\n|-boost|p1a: Roaring Moon|atk|1\n|-boost|p1a: Roaring Moon|spe|1\n|cant|p2a: Dialga|recharge\n|\n|-damage|p2a: Dialga|82\/100 brn|[from] brn\n|upkeep\n|turn|18\n|\n|t:|1699830740\n|move|p1a: Roaring Moon|Knock Off|p2a: Dialga\n|-damage|p2a: Dialga|27\/100 brn\n|-enditem|p2a: Dialga|Adamant Orb|[from] move: Knock Off|[of] p1a: Roaring Moon\n|move|p2a: Dialga|Roar of Time|p1a: Roaring Moon|[miss]\n|-miss|p2a: Dialga|p1a: Roaring Moon\n|\n|-damage|p2a: Dialga|21\/100 brn|[from] brn\n|upkeep\n|turn|19\n|\n|t:|1699830749\n|-terastallize|p1a: Roaring Moon|Ghost\n|move|p1a: Roaring Moon|Earthquake|p2a: Dialga\n|-supereffective|p2a: Dialga\n|-damage|p2a: Dialga|0 fnt\n|faint|p2a: Dialga\n|\n|upkeep\n|\n|t:|1699830754\n|switch|p2a: Volcarona|Volcarona, F|100\/100\n|turn|20\n|\n|t:|1699830759\n|move|p1a: Roaring Moon|Acrobatics|p2a: Volcarona\n|-supereffective|p2a: Volcarona\n|-crit|p2a: Volcarona\n|-damage|p2a: Volcarona|0 fnt\n|faint|p2a: Volcarona\n|\n|win|LingLing007\n|raw|LingLing007's rating: 1358 &rarr; <strong>1370<\/strong><br \/>(+12 for winning)\n|raw|dcurb's rating: 1214 &rarr; <strong>1199<\/strong><br \/>(-15 for losing)\n|l|\u2606dcurb\n|c|\u2606LingLing007|gg\n","uploadtime":1699830764,"views":4,"p1id":"lingling007","p2id":"dcurb","formatid":"gen9anythinggoes","rating":1199,"private":0,"password":""}