{"id":"gen9anythinggoes-1994880722","p1":"Danepass","p2":"Pablo331","format":"[Gen 9] Anything Goes","log":"|j|\u2606Danepass\n|j|\u2606Pablo331\n|t:|1700501236\n|gametype|singles\n|player|p1|Danepass|depotagent|\n|player|p2|Pablo331|wally|\n|teamsize|p1|6\n|teamsize|p2|6\n|gen|9\n|tier|[Gen 9] Anything Goes\n|rule|HP Percentage Mod: HP is shown in percentages\n|rule|Endless Battle Clause: Forcing endless battles is banned\n|clearpoke\n|poke|p1|Enamorus, F|\n|poke|p1|Garchomp, M|\n|poke|p1|Ogerpon-Hearthflame, F|\n|poke|p1|Samurott, M|\n|poke|p1|Espathra, F|\n|poke|p1|Muk, M|\n|poke|p2|Torkoal, M|\n|poke|p2|Lilligant-Hisui, F|\n|poke|p2|Glimmora, F|\n|poke|p2|Braviary, M|\n|poke|p2|Sandy Shocks|\n|poke|p2|Goodra, M|\n|teampreview\n|c|\u2606Danepass|Buena suerte\n|\n|t:|1700501249\n|start\n|switch|p1a: Lady Gaga|Espathra, F, shiny|100\/100\n|switch|p2a: Snoop Dog|Torkoal, M, shiny|100\/100\n|-weather|SunnyDay|[from] ability: Drought|[of] p2a: Snoop Dog\n|turn|1\n|\n|t:|1700501262\n|move|p1a: Lady Gaga|Calm Mind|p1a: Lady Gaga\n|-boost|p1a: Lady Gaga|spa|1\n|-boost|p1a: Lady Gaga|spd|1\n|move|p2a: Snoop Dog|Will-O-Wisp|p1a: Lady Gaga\n|-status|p1a: Lady Gaga|brn\n|\n|-weather|SunnyDay|[upkeep]\n|-damage|p1a: Lady Gaga|94\/100 brn|[from] brn\n|-ability|p1a: Lady Gaga|Speed Boost|boost\n|-boost|p1a: Lady Gaga|spe|1\n|upkeep\n|turn|2\n|\n|t:|1700501279\n|move|p1a: Lady Gaga|Calm Mind|p1a: Lady Gaga\n|-boost|p1a: Lady Gaga|spa|1\n|-boost|p1a: Lady Gaga|spd|1\n|move|p2a: Snoop Dog|Clear Smog|p1a: Lady Gaga\n|-damage|p1a: Lady Gaga|86\/100 brn\n|-clearboost|p1a: Lady Gaga\n|\n|-weather|SunnyDay|[upkeep]\n|-damage|p1a: Lady Gaga|80\/100 brn|[from] brn\n|-ability|p1a: Lady Gaga|Speed Boost|boost\n|-boost|p1a: Lady Gaga|spe|1\n|upkeep\n|turn|3\n|\n|t:|1700501307\n|switch|p2a: Revali|Braviary, M, shiny|100\/100\n|move|p1a: Lady Gaga|Calm Mind|p1a: Lady Gaga\n|-boost|p1a: Lady Gaga|spa|1\n|-boost|p1a: Lady Gaga|spd|1\n|\n|-weather|SunnyDay|[upkeep]\n|-damage|p1a: Lady Gaga|74\/100 brn|[from] brn\n|-ability|p1a: Lady Gaga|Speed Boost|boost\n|-boost|p1a: Lady Gaga|spe|1\n|upkeep\n|turn|4\n|\n|t:|1700501318\n|-terastallize|p2a: Revali|Flying\n|move|p1a: Lady Gaga|Protect|p1a: Lady Gaga\n|-singleturn|p1a: Lady Gaga|Protect\n|move|p2a: Revali|Brave Bird|p1a: Lady Gaga\n|-activate|p1a: Lady Gaga|move: Protect\n|\n|-weather|SunnyDay|[upkeep]\n|-damage|p1a: Lady Gaga|68\/100 brn|[from] brn\n|-ability|p1a: Lady Gaga|Speed Boost|boost\n|-boost|p1a: Lady Gaga|spe|1\n|upkeep\n|turn|5\n|\n|t:|1700501330\n|move|p1a: Lady Gaga|Stored Power|p2a: Revali\n|-damage|p2a: Revali|4\/100\n|move|p2a: Revali|Brave Bird|p1a: Lady Gaga\n|-crit|p1a: Lady Gaga\n|-damage|p1a: Lady Gaga|0 fnt\n|faint|p1a: Lady Gaga\n|-damage|p2a: Revali|0 fnt|[from] Recoil\n|faint|p2a: Revali\n|\n|-weather|SunnyDay|[upkeep]\n|upkeep\n|\n|t:|1700501350\n|switch|p1a: Jolyne Cujoh|Enamorus, F|100\/100\n|switch|p2a: Amapola|Lilligant-Hisui, F, shiny|100\/100\n|turn|6\n|\n|t:|1700501360\n|switch|p2a: Petunia|Glimmora, F, shiny|100\/100\n|move|p1a: Jolyne Cujoh|Moonblast|p2a: Petunia\n|-resisted|p2a: Petunia\n|-damage|p2a: Petunia|66\/100\n|-unboost|p2a: Petunia|spa|1\n|\n|-weather|SunnyDay|[upkeep]\n|upkeep\n|turn|7\n|\n|t:|1700501372\n|move|p1a: Jolyne Cujoh|Psychic|p2a: Petunia\n|-supereffective|p2a: Petunia\n|-damage|p2a: Petunia|0 fnt\n|faint|p2a: Petunia\n|\n|-weather|SunnyDay|[upkeep]\n|upkeep\n|\n|t:|1700501384\n|switch|p2a: Metallica|Sandy Shocks|100\/100\n|-activate|p2a: Metallica|ability: Protosynthesis\n|-start|p2a: Metallica|protosynthesisspe\n|turn|8\n|\n|t:|1700501394\n|switch|p1a: Shogun|Samurott, M, shiny|100\/100\n|move|p2a: Metallica|Thunderbolt|p1a: Shogun\n|-supereffective|p1a: Shogun\n|-damage|p1a: Shogun|0 fnt\n|faint|p1a: Shogun\n|-damage|p2a: Metallica|91\/100|[from] item: Life Orb\n|\n|-weather|none\n|-end|p2a: Metallica|Protosynthesis\n|upkeep\n|\n|t:|1700501403\n|switch|p1a: Street Shark|Garchomp, M|100\/100\n|turn|9\n|\n|t:|1700501409\n|-end|p2a: Metallica|Protosynthesis|[silent]\n|switch|p2a: Snoop Dog|Torkoal, M, shiny|100\/100\n|-weather|SunnyDay|[from] ability: Drought|[of] p2a: Snoop Dog\n|move|p1a: Street Shark|Stealth Rock|p2a: Snoop Dog\n|-sidestart|p2: Pablo331|move: Stealth Rock\n|\n|-weather|SunnyDay|[upkeep]\n|upkeep\n|turn|10\n|\n|t:|1700501419\n|switch|p1a: Holocausto|Ogerpon-Hearthflame, F|100\/100\n|-ability|p1a: Holocausto|Mold Breaker\n|move|p2a: Snoop Dog|Will-O-Wisp|p1a: Holocausto|[miss]\n|-miss|p2a: Snoop Dog|p1a: Holocausto\n|\n|-weather|SunnyDay|[upkeep]\n|upkeep\n|turn|11\n|\n|t:|1700501436\n|move|p1a: Holocausto|Stomping Tantrum|p2a: Snoop Dog\n|-supereffective|p2a: Snoop Dog\n|-damage|p2a: Snoop Dog|55\/100\n|move|p2a: Snoop Dog|Clear Smog|p1a: Holocausto\n|-supereffective|p1a: Holocausto\n|-damage|p1a: Holocausto|74\/100\n|-clearboost|p1a: Holocausto\n|\n|-weather|SunnyDay|[upkeep]\n|upkeep\n|turn|12\n|\n|t:|1700501452\n|switch|p2a: Best Pseudo|Goodra, M, shiny|100\/100\n|-damage|p2a: Best Pseudo|88\/100|[from] Stealth Rock\n|move|p1a: Holocausto|Stomping Tantrum|p2a: Best Pseudo\n|-damage|p2a: Best Pseudo|62\/100\n|\n|-weather|SunnyDay|[upkeep]\n|upkeep\n|turn|13\n|\n|t:|1700501471\n|move|p1a: Holocausto|U-turn|p2a: Best Pseudo\n|-damage|p2a: Best Pseudo|40\/100\n|\n|t:|1700501479\n|switch|p1a: Pal\u00edndromo|Muk, M, shiny|100\/100|[from] U-turn\n|move|p2a: Best Pseudo|Scald|p1a: Pal\u00edndromo\n|-damage|p1a: Pal\u00edndromo|93\/100\n|\n|-weather|SunnyDay|[upkeep]\n|upkeep\n|turn|14\n|\n|t:|1700501495\n|move|p2a: Best Pseudo|Knock Off|p1a: Pal\u00edndromo\n|-damage|p1a: Pal\u00edndromo|72\/100\n|-activate|p1a: Pal\u00edndromo|ability: Sticky Hold\n|move|p1a: Pal\u00edndromo|Poison Jab|p2a: Best Pseudo\n|-damage|p2a: Best Pseudo|0 fnt\n|faint|p2a: Best Pseudo\n|\n|-weather|SunnyDay|[upkeep]\n|upkeep\n|\n|t:|1700501506\n|switch|p2a: Amapola|Lilligant-Hisui, F, shiny|100\/100\n|-damage|p2a: Amapola|94\/100|[from] Stealth Rock\n|turn|15\n|\n|t:|1700501511\n|move|p2a: Amapola|Victory Dance|p2a: Amapola\n|-boost|p2a: Amapola|atk|1\n|-boost|p2a: Amapola|def|1\n|-boost|p2a: Amapola|spe|1\n|move|p1a: Pal\u00edndromo|Poison Jab|p2a: Amapola\n|-supereffective|p2a: Amapola\n|-damage|p2a: Amapola|0 fnt\n|faint|p2a: Amapola\n|\n|-weather|SunnyDay|[upkeep]\n|upkeep\n|\n|t:|1700501522\n|switch|p2a: Metallica|Sandy Shocks|91\/100\n|-damage|p2a: Metallica|84\/100|[from] Stealth Rock\n|-activate|p2a: Metallica|ability: Protosynthesis\n|-start|p2a: Metallica|protosynthesisspe\n|turn|16\n|\n|t:|1700501529\n|move|p2a: Metallica|Earth Power|p1a: Pal\u00edndromo\n|-supereffective|p1a: Pal\u00edndromo\n|-damage|p1a: Pal\u00edndromo|0 fnt\n|faint|p1a: Pal\u00edndromo\n|-damage|p2a: Metallica|74\/100|[from] item: Life Orb\n|\n|-weather|none\n|-end|p2a: Metallica|Protosynthesis\n|upkeep\n|\n|t:|1700501541\n|switch|p1a: Street Shark|Garchomp, M|100\/100\n|turn|17\n|\n|t:|1700501547\n|-end|p2a: Metallica|Protosynthesis|[silent]\n|switch|p2a: Snoop Dog|Torkoal, M, shiny|55\/100\n|-damage|p2a: Snoop Dog|30\/100|[from] Stealth Rock\n|-weather|SunnyDay|[from] ability: Drought|[of] p2a: Snoop Dog\n|move|p1a: Street Shark|Earthquake|p2a: Snoop Dog\n|-supereffective|p2a: Snoop Dog\n|-damage|p2a: Snoop Dog|0 fnt\n|faint|p2a: Snoop Dog\n|-damage|p1a: Street Shark|91\/100|[from] item: Life Orb\n|\n|-weather|SunnyDay|[upkeep]\n|upkeep\n|\n|t:|1700501559\n|switch|p2a: Metallica|Sandy Shocks|74\/100\n|-damage|p2a: Metallica|68\/100|[from] Stealth Rock\n|-activate|p2a: Metallica|ability: Protosynthesis\n|-start|p2a: Metallica|protosynthesisspe\n|turn|18\n|\n|t:|1700501570\n|move|p2a: Metallica|Earth Power|p1a: Street Shark\n|-damage|p1a: Street Shark|33\/100\n|-damage|p2a: Metallica|58\/100|[from] item: Life Orb\n|move|p1a: Street Shark|Earthquake|p2a: Metallica\n|-supereffective|p2a: Metallica\n|-damage|p2a: Metallica|0 fnt\n|faint|p2a: Metallica\n|-end|p2a: Metallica|Protosynthesis|[silent]\n|-damage|p1a: Street Shark|23\/100|[from] item: Life Orb\n|\n|win|Danepass\n|c|\u2606Pablo331|Gg\n|c|\u2606Danepass|gg\n|c|\u2606Pablo331|lo pasas tu?\n|c|\u2606Danepass|Compartes tu o yo?\n|c|\u2606Danepass|Ok\n|c|\u2606Danepass|Lo hago yo\n","uploadtime":1700501587,"views":20,"p1id":"danepass","p2id":"pablo331","formatid":"gen9anythinggoes","rating":0,"private":0,"password":""}