{"id":"gen9anythinggoes-1978938281","p1":"Terra_Spectrum8293","p2":"RESPEN","format":"[Gen 9] Anything Goes","log":"|j|\u2606Terra_Spectrum8293\n|j|\u2606RESPEN\n|t:|1698612378\n|gametype|singles\n|player|p1|Terra_Spectrum8293|nessa|1238\n|player|p2|RESPEN|hilbert|1204\n|teamsize|p1|6\n|teamsize|p2|6\n|gen|9\n|tier|[Gen 9] Anything Goes\n|rated|\n|rule|HP Percentage Mod: HP is shown in percentages\n|rule|Endless Battle Clause: Forcing endless battles is banned\n|clearpoke\n|poke|p1|Mew|\n|poke|p1|Haxorus, F|\n|poke|p1|Polteageist|\n|poke|p1|Flapple, F|\n|poke|p1|Scream Tail|\n|poke|p1|Zacian-*|\n|poke|p2|Calyrex-Shadow|\n|poke|p2|Oricorio-Sensu, F|\n|poke|p2|Dialga-Origin|\n|poke|p2|Ogerpon-Hearthflame, F|\n|poke|p2|Ursaluna-Bloodmoon, M|\n|poke|p2|Chien-Pao|\n|teampreview\n|inactive|Battle timer is ON: inactive players will automatically lose when time's up. (requested by Terra_Spectrum8293)\n|\n|t:|1698612382\n|start\n|switch|p1a: Bubblegum|Mew|100\/100\n|switch|p2a: Oricorio|Oricorio-Sensu, F|100\/100\n|turn|1\n|\n|t:|1698612389\n|move|p2a: Oricorio|Quiver Dance|p2a: Oricorio\n|-boost|p2a: Oricorio|spa|1\n|-boost|p2a: Oricorio|spd|1\n|-boost|p2a: Oricorio|spe|1\n|move|p1a: Bubblegum|Stealth Rock|p2a: Oricorio\n|-sidestart|p2: RESPEN|move: Stealth Rock\n|\n|upkeep\n|turn|2\n|\n|t:|1698612400\n|move|p2a: Oricorio|Swords Dance|p2a: Oricorio\n|-boost|p2a: Oricorio|atk|2\n|move|p1a: Bubblegum|Toxic Spikes|p2a: Oricorio\n|-sidestart|p2: RESPEN|move: Toxic Spikes\n|\n|upkeep\n|turn|3\n|\n|t:|1698612408\n|move|p2a: Oricorio|Baton Pass|p2a: Oricorio\n|\n|t:|1698612410\n|switch|p2a: Dialga|Dialga-Origin|100\/100|[from] Baton Pass\n|-damage|p2a: Dialga|94\/100|[from] Stealth Rock\n|-ability|p2a: Dialga|Pressure\n|move|p1a: Bubblegum|Toxic Spikes|p2a: Dialga\n|-sidestart|p2: RESPEN|move: Toxic Spikes\n|\n|upkeep\n|turn|4\n|\n|t:|1698612421\n|move|p2a: Dialga|Flash Cannon|p1a: Bubblegum\n|-damage|p1a: Bubblegum|48\/100\n|move|p1a: Bubblegum|Spikes|p2a: Dialga\n|-sidestart|p2: RESPEN|Spikes\n|\n|upkeep\n|turn|5\n|\n|t:|1698612429\n|move|p2a: Dialga|Flash Cannon|p1a: Bubblegum\n|-damage|p1a: Bubblegum|0 fnt\n|faint|p1a: Bubblegum\n|\n|upkeep\n|\n|t:|1698612434\n|switch|p1a: Allosaurus|Haxorus, F, shiny|100\/100\n|-ability|p1a: Allosaurus|Mold Breaker\n|turn|6\n|\n|t:|1698612441\n|-terastallize|p2a: Dialga|Steel\n|move|p2a: Dialga|Dragon Pulse|p1a: Allosaurus\n|-supereffective|p1a: Allosaurus\n|-damage|p1a: Allosaurus|0 fnt\n|faint|p1a: Allosaurus\n|\n|upkeep\n|\n|t:|1698612448\n|switch|p1a: Slurp|Polteageist|100\/100\n|turn|7\n|\n|t:|1698612454\n|move|p2a: Dialga|Dragon Pulse|p1a: Slurp\n|-damage|p1a: Slurp|4\/100\n|move|p1a: Slurp|Shell Smash|p1a: Slurp\n|-unboost|p1a: Slurp|def|1\n|-unboost|p1a: Slurp|spd|1\n|-boost|p1a: Slurp|atk|2\n|-boost|p1a: Slurp|spa|2\n|-boost|p1a: Slurp|spe|2\n|-enditem|p1a: Slurp|White Herb\n|-clearnegativeboost|p1a: Slurp|[silent]\n|\n|upkeep\n|turn|8\n|\n|t:|1698612465\n|move|p1a: Slurp|Baton Pass|p1a: Slurp\n|\n|t:|1698612470\n|switch|p1a: Sakura|Zacian-Crowned|100\/100|[from] Baton Pass\n|-ability|p1a: Sakura|Intrepid Sword|boost\n|-boost|p1a: Sakura|atk|1\n|move|p2a: Dialga|Dragon Pulse|p1a: Sakura\n|-immune|p1a: Sakura\n|\n|upkeep\n|turn|9\n|\n|t:|1698612479\n|move|p1a: Sakura|Close Combat|p2a: Dialga\n|-supereffective|p2a: Dialga\n|-damage|p2a: Dialga|0 fnt\n|-unboost|p1a: Sakura|def|1\n|-unboost|p1a: Sakura|spd|1\n|faint|p2a: Dialga\n|\n|upkeep\n|\n|t:|1698612490\n|switch|p2a: Ogerpon|Ogerpon-Hearthflame, F|100\/100\n|-damage|p2a: Ogerpon|76\/100|[from] Stealth Rock\n|-status|p2a: Ogerpon|tox\n|-damage|p2a: Ogerpon|63\/100 tox|[from] Spikes\n|-ability|p2a: Ogerpon|Mold Breaker\n|turn|10\n|\n|t:|1698612505\n|-terastallize|p1a: Sakura|Fighting\n|move|p1a: Sakura|Close Combat|p2a: Ogerpon\n|-damage|p2a: Ogerpon|0 fnt\n|-unboost|p1a: Sakura|def|1\n|-unboost|p1a: Sakura|spd|1\n|faint|p2a: Ogerpon\n|\n|upkeep\n|\n|t:|1698612515\n|switch|p2a: Calyrex|Calyrex-Shadow|100\/100\n|-ability|p2a: Calyrex|As One\n|-ability|p2a: Calyrex|Unnerve\n|-damage|p2a: Calyrex|88\/100|[from] Stealth Rock\n|-status|p2a: Calyrex|tox\n|-damage|p2a: Calyrex|76\/100 tox|[from] Spikes\n|turn|11\n|\n|t:|1698612528\n|move|p1a: Sakura|Behemoth Blade|p2a: Calyrex\n|-damage|p2a: Calyrex|0 fnt\n|faint|p2a: Calyrex\n|\n|upkeep\n|\n|t:|1698612534\n|switch|p2a: Ursaluna|Ursaluna-Bloodmoon, M|100\/100\n|-damage|p2a: Ursaluna|94\/100|[from] Stealth Rock\n|-status|p2a: Ursaluna|tox\n|-damage|p2a: Ursaluna|82\/100 tox|[from] Spikes\n|turn|12\n|\n|t:|1698612543\n|move|p1a: Sakura|Close Combat|p2a: Ursaluna\n|-supereffective|p2a: Ursaluna\n|-damage|p2a: Ursaluna|0 fnt\n|-unboost|p1a: Sakura|def|1\n|-unboost|p1a: Sakura|spd|1\n|faint|p2a: Ursaluna\n|\n|upkeep\n|\n|t:|1698612553\n|switch|p2a: Oricorio|Oricorio-Sensu, F|100\/100\n|-damage|p2a: Oricorio|76\/100|[from] Stealth Rock\n|turn|13\n|\n|t:|1698612565\n|move|p1a: Sakura|Behemoth Blade|p2a: Oricorio\n|-damage|p2a: Oricorio|0 fnt\n|faint|p2a: Oricorio\n|\n|upkeep\n|\n|t:|1698612571\n|switch|p2a: Chien-Pao|Chien-Pao|100\/100\n|-damage|p2a: Chien-Pao|76\/100|[from] Stealth Rock\n|-status|p2a: Chien-Pao|tox\n|-damage|p2a: Chien-Pao|63\/100 tox|[from] Spikes\n|-ability|p2a: Chien-Pao|Sword of Ruin\n|turn|14\n|\n|t:|1698612590\n|move|p1a: Sakura|Behemoth Blade|p2a: Chien-Pao\n|-supereffective|p2a: Chien-Pao\n|-damage|p2a: Chien-Pao|0 fnt\n|faint|p2a: Chien-Pao\n|\n|win|Terra_Spectrum8293\n|raw|Terra_Spectrum8293's rating: 1238 &rarr; <strong>1261<\/strong><br \/>(+23 for winning)\n|raw|RESPEN's rating: 1204 &rarr; <strong>1181<\/strong><br \/>(-23 for losing)\n|l|\u2606RESPEN\n","uploadtime":1698612623,"views":7,"p1id":"terraspectrum8293","p2id":"respen","formatid":"gen9anythinggoes","rating":1181,"private":0,"password":""}