{"id":"gen9anythinggoes-1976146673","p1":"TheJesterJames","p2":"NigerianWater","format":"[Gen 9] Anything Goes","log":"|j|\u2606TheJesterJames\n|j|\u2606NigerianWater\n|t:|1698267799\n|gametype|singles\n|player|p1|TheJesterJames|clown|1160\n|player|p2|NigerianWater|102|1089\n|teamsize|p1|6\n|teamsize|p2|6\n|gen|9\n|tier|[Gen 9] Anything Goes\n|rated|\n|rule|HP Percentage Mod: HP is shown in percentages\n|rule|Endless Battle Clause: Forcing endless battles is banned\n|clearpoke\n|poke|p1|Espathra, F|\n|poke|p1|Ursaluna, M|\n|poke|p1|Cinderace, M|\n|poke|p1|Krookodile, M|\n|poke|p1|Calyrex-Shadow|\n|poke|p1|Zacian-*|\n|poke|p2|Weavile, F|\n|poke|p2|Greninja-*, M|\n|poke|p2|Zoroark, M|\n|poke|p2|Sableye, M|\n|poke|p2|Overqwil, M|\n|poke|p2|Samurott-Hisui, M|\n|teampreview\n|c|\u2606NigerianWater|I steal\n|c|\u2606NigerianWater|I throw\n|\n|t:|1698267827\n|start\n|switch|p1a: Monty|Krookodile, M|100\/100\n|switch|p2a: Samurott|Samurott-Hisui, M, shiny|100\/100\n|-ability|p1a: Monty|Intimidate|boost\n|-unboost|p2a: Samurott|atk|1\n|turn|1\n|\n|t:|1698267837\n|move|p1a: Monty|Scale Shot|p2a: Samurott\n|-damage|p2a: Samurott|91\/100\n|-damage|p2a: Samurott|81\/100\n|-hitcount|p2a: Samurott|2\n|-unboost|p1a: Monty|def|1\n|-boost|p1a: Monty|spe|1\n|move|p2a: Samurott|Razor Shell|p1a: Monty\n|-supereffective|p1a: Monty\n|-damage|p1a: Monty|0 fnt\n|-damage|p2a: Samurott|64\/100|[from] item: Rocky Helmet|[of] p1a: Monty\n|faint|p1a: Monty\n|\n|upkeep\n|\n|t:|1698267849\n|switch|p1a: Chica|Espathra, F|100\/100\n|turn|2\n|\n|t:|1698267856\n|switch|p1a: Purple Guy|Calyrex-Shadow|100\/100\n|-ability|p1a: Purple Guy|As One\n|-ability|p1a: Purple Guy|Unnerve\n|move|p2a: Samurott|Ceaseless Edge|p1a: Purple Guy\n|-supereffective|p1a: Purple Guy\n|-damage|p1a: Purple Guy|0 fnt\n|-sidestart|p1: TheJesterJames|Spikes\n|faint|p1a: Purple Guy\n|\n|upkeep\n|\n|t:|1698267866\n|switch|p1a: Foxy|Zacian-Crowned|100\/100\n|-damage|p1a: Foxy|88\/100|[from] Spikes\n|-ability|p1a: Foxy|Intrepid Sword|boost\n|-boost|p1a: Foxy|atk|1\n|turn|3\n|\n|t:|1698267880\n|move|p1a: Foxy|Swords Dance|p1a: Foxy\n|-boost|p1a: Foxy|atk|2\n|move|p2a: Samurott|Razor Shell|p1a: Foxy\n|-damage|p1a: Foxy|53\/100\n|\n|upkeep\n|turn|4\n|\n|t:|1698267896\n|move|p1a: Foxy|Behemoth Blade|p2a: Samurott\n|-resisted|p2a: Samurott\n|-damage|p2a: Samurott|0 fnt\n|faint|p2a: Samurott\n|\n|upkeep\n|\n|t:|1698267905\n|switch|p2a: Steve|Greninja, M|100\/100\n|turn|5\n|\n|t:|1698267911\n|move|p1a: Foxy|Sacred Sword|p2a: Steve\n|-supereffective|p2a: Steve\n|-damage|p2a: Steve|0 fnt\n|faint|p2a: Steve\n|\n|upkeep\n|\n|t:|1698267919\n|switch|p2a: Overqwil|Overqwil, M, shiny|100\/100\n|turn|6\n|\n|t:|1698267927\n|-terastallize|p1a: Foxy|Fairy\n|move|p2a: Overqwil|Aqua Jet|p1a: Foxy\n|-damage|p1a: Foxy|40\/100\n|move|p1a: Foxy|Play Rough|p2a: Overqwil\n|-crit|p2a: Overqwil\n|-damage|p2a: Overqwil|0 fnt\n|faint|p2a: Overqwil\n|\n|upkeep\n|\n|t:|1698267939\n|switch|p2a: Sableye|Sableye, M|100\/100\n|turn|7\n|\n|t:|1698267944\n|move|p1a: Foxy|Behemoth Blade|p2a: Sableye\n|-damage|p2a: Sableye|0 fnt\n|replace|p2a: Zoroark|Zoroark, M\n|-end|p2a: Zoroark|Illusion\n|faint|p2a: Zoroark\n|\n|upkeep\n|-message|NigerianWater forfeited.\n|\n|win|TheJesterJames\n|raw|TheJesterJames's rating: 1160 &rarr; <strong>1180<\/strong><br \/>(+20 for winning)\n|raw|NigerianWater's rating: 1089 &rarr; <strong>1070<\/strong><br \/>(-19 for losing)\n|l|\u2606NigerianWater\n","uploadtime":1698268267,"views":12,"p1id":"thejesterjames","p2id":"nigerianwater","formatid":"gen9anythinggoes","rating":1070,"private":0,"password":""}