{"id":"gen9anythinggoes-1983206073","p1":"ZowwyCafe\u2764","p2":"Primordiallite","format":"[Gen 9] Anything Goes","log":"|j|\u2606ZowwyCafe\u2764\n|j|\u2606Primordiallite\n|inactive|Battle timer is ON: inactive players will automatically lose when time's up.\n|t:|1699105034\n|gametype|singles\n|player|p1|ZowwyCafe\u2764|marnie|\n|player|p2|Primordiallite|boarder|\n|teamsize|p1|6\n|teamsize|p2|6\n|gen|9\n|tier|[Gen 9] Anything Goes\n|rated|Tournament battle\n|rule|HP Percentage Mod: HP is shown in percentages\n|rule|Endless Battle Clause: Forcing endless battles is banned\n|clearpoke\n|poke|p1|Ribombee, F|\n|poke|p1|Calyrex-Shadow|\n|poke|p1|Arceus-Ground|\n|poke|p1|Koraidon|\n|poke|p1|Zacian-*|\n|poke|p1|Arceus|\n|poke|p2|Koraidon|\n|poke|p2|Vikavolt, M|\n|poke|p2|Arboliva, F|\n|poke|p2|Calyrex-Ice|\n|poke|p2|Hatterene, F|\n|poke|p2|Weezing-Galar, F|\n|teampreview\n|inactive|ZowwyCafe\u2764 also wants the timer to be on.\n|c|\u2606ZowwyCafe\u2764|omg\n|c|\u2606Primordiallite|hf\n|inactive|ZowwyCafe\u2764 has 120 seconds left.\n|inactive|Primordiallite has 120 seconds left.\n|\n|t:|1699105076\n|start\n|switch|p1a: Arceus|Arceus-Ground|100\/100\n|switch|p2a: Vikavolt|Vikavolt, M|100\/100\n|turn|1\n|j| eavo\n|c| eavo|ayooooooooooooooo\n|\n|t:|1699105095\n|move|p1a: Arceus|Ice Beam|p2a: Vikavolt\n|-damage|p2a: Vikavolt|64\/100\n|move|p2a: Vikavolt|Sticky Web|p1a: Arceus\n|-sidestart|p1: ZowwyCafe\u2764|move: Sticky Web\n|\n|upkeep\n|turn|2\n|c|\u2606ZowwyCafe\u2764|sussy\n|inactive|Primordiallite has 120 seconds left.\n|\n|t:|1699105131\n|switch|p2a: Calyrex|Calyrex-Ice|100\/100\n|-ability|p2a: Calyrex|As One\n|-ability|p2a: Calyrex|Unnerve\n|move|p1a: Arceus|Ice Beam|p2a: Calyrex\n|-resisted|p2a: Calyrex\n|-crit|p2a: Calyrex\n|-damage|p2a: Calyrex|82\/100\n|\n|upkeep\n|turn|3\n|inactive|Primordiallite has 120 seconds left.\n|c|\u2606Primordiallite|CRIT\n|c|\u2606Primordiallite|HAX\n|inactive|ZowwyCafe\u2764 has 120 seconds left.\n|c|\u2606ZowwyCafe\u2764|\u00af\\_(\u30c4)_\/\u00af\n|\n|t:|1699105173\n|move|p1a: Arceus|Stealth Rock|p2a: Calyrex\n|-sidestart|p2: Primordiallite|move: Stealth Rock\n|move|p2a: Calyrex|Glacial Lance|p1a: Arceus\n|-supereffective|p1a: Arceus\n|-damage|p1a: Arceus|0 fnt\n|faint|p1a: Arceus\n|-ability|p2a: Calyrex|Chilling Neigh|boost\n|-boost|p2a: Calyrex|atk|1\n|\n|upkeep\n|\n|t:|1699105180\n|switch|p1a: Ribombee|Ribombee, F|100\/100\n|-activate|p1a: Ribombee|move: Sticky Web\n|-unboost|p1a: Ribombee|spe|1\n|turn|4\n|\n|t:|1699105184\n|switch|p2a: too heat|Hatterene, F|100\/100\n|-damage|p2a: too heat|88\/100|[from] Stealth Rock\n|move|p1a: Ribombee|Tailwind|p1a: Ribombee\n|-sidestart|p1: ZowwyCafe\u2764|move: Tailwind\n|\n|-heal|p2a: too heat|94\/100|[from] item: Leftovers\n|upkeep\n|turn|5\n|\n|t:|1699105195\n|move|p1a: Ribombee|U-turn|p2a: too heat\n|-damage|p2a: too heat|82\/100\n|\n|t:|1699105196\n|switch|p1a: Calyrex|Calyrex-Shadow|100\/100|[from] U-turn\n|-ability|p1a: Calyrex|As One\n|-ability|p1a: Calyrex|Unnerve\n|-activate|p1a: Calyrex|move: Sticky Web\n|-unboost|p1a: Calyrex|spe|1\n|move|p2a: too heat|Calm Mind|p2a: too heat\n|-boost|p2a: too heat|spa|1\n|-boost|p2a: too heat|spd|1\n|\n|-heal|p2a: too heat|88\/100|[from] item: Leftovers\n|upkeep\n|turn|6\n|\n|t:|1699105217\n|-terastallize|p2a: too heat|Water\n|move|p1a: Calyrex|Astral Barrage|p2a: too heat\n|-damage|p2a: too heat|24\/100\n|-damage|p1a: Calyrex|91\/100|[from] item: Life Orb\n|move|p2a: too heat|Calm Mind|p2a: too heat\n|-boost|p2a: too heat|spa|1\n|-boost|p2a: too heat|spd|1\n|\n|-heal|p2a: too heat|30\/100|[from] item: Leftovers\n|upkeep\n|turn|7\n|c|\u2606Primordiallite|._.\n|c|\u2606ZowwyCafe\u2764|nice tera\n|c|\u2606ZowwyCafe\u2764|:>\n|\n|t:|1699105230\n|switch|p2a: Arboliva|Arboliva, F|100\/100\n|-damage|p2a: Arboliva|88\/100|[from] Stealth Rock\n|move|p1a: Calyrex|Astral Barrage|p2a: Arboliva\n|-immune|p2a: Arboliva\n|\n|-sideend|p1: ZowwyCafe\u2764|move: Tailwind\n|upkeep\n|turn|8\n|\n|t:|1699105236\n|move|p1a: Calyrex|Taunt|p2a: Arboliva\n|-start|p2a: Arboliva|move: Taunt\n|cant|p2a: Arboliva|move: Taunt|Substitute\n|\n|upkeep\n|turn|9\n|\n|t:|1699105240\n|switch|p1a: Zacian|Zacian-Crowned|100\/100\n|-activate|p1a: Zacian|move: Sticky Web\n|-unboost|p1a: Zacian|spe|1\n|-ability|p1a: Zacian|Intrepid Sword|boost\n|-boost|p1a: Zacian|atk|1\n|move|p2a: Arboliva|Grass Knot|p1a: Zacian\n|-resisted|p1a: Zacian\n|-damage|p1a: Zacian|79\/100\n|\n|upkeep\n|turn|10\n|\n|t:|1699105255\n|switch|p2a: too heat|Hatterene, F, tera:Water|30\/100\n|-damage|p2a: too heat|17\/100|[from] Stealth Rock\n|move|p1a: Zacian|Substitute|p1a: Zacian\n|-start|p1a: Zacian|Substitute\n|-damage|p1a: Zacian|55\/100\n|\n|-heal|p2a: too heat|23\/100|[from] item: Leftovers\n|upkeep\n|turn|11\n|\n|t:|1699105266\n|move|p1a: Zacian|Wild Charge|p2a: too heat\n|-supereffective|p2a: too heat\n|-damage|p2a: too heat|0 fnt\n|faint|p2a: too heat\n|-damage|p1a: Zacian|50\/100|[from] Recoil\n|\n|upkeep\n|j| laprasplayer\n|c| laprasplayer|best matchup in the tour\n|inactive|Primordiallite has 120 seconds left.\n|\n|t:|1699105298\n|switch|p2a: Weezing|Weezing-Galar, F, shiny|100\/100\n|-damage|p2a: Weezing|88\/100|[from] Stealth Rock\n|-fieldstart|move: Misty Terrain|[from] ability: Misty Surge|[of] p2a: Weezing\n|turn|12\n|inactive|Primordiallite has 120 seconds left.\n|\n|t:|1699105311\n|move|p1a: Zacian|Behemoth Blade|p2a: Weezing\n|-supereffective|p2a: Weezing\n|-damage|p2a: Weezing|0 fnt\n|faint|p2a: Weezing\n|\n|upkeep\n|inactive|Primordiallite has 120 seconds left.\n|\n|t:|1699105322\n|switch|p2a: Koraidon|Koraidon|100\/100\n|-damage|p2a: Koraidon|94\/100|[from] Stealth Rock\n|-weather|SunnyDay|[from] ability: Orichalcum Pulse|[of] p2a: Koraidon\n|-activate|p2a: Koraidon|Orichalcum Pulse|[source]\n|turn|13\n|\n|t:|1699105332\n|move|p2a: Koraidon|Flare Blitz|p1a: Zacian\n|-supereffective|p1a: Zacian\n|-end|p1a: Zacian|Substitute\n|-damage|p2a: Koraidon|86\/100|[from] Recoil|[of] p1a: Zacian\n|move|p1a: Zacian|Behemoth Blade|p2a: Koraidon\n|-damage|p2a: Koraidon|6\/100\n|\n|-weather|SunnyDay|[upkeep]\n|upkeep\n|turn|14\n|\n|t:|1699105341\n|switch|p1a: Koraidon|Koraidon|100\/100\n|-activate|p1a: Koraidon|move: Sticky Web\n|-unboost|p1a: Koraidon|spe|1\n|-activate|p1a: Koraidon|ability: Orichalcum Pulse\n|move|p2a: Koraidon|Low Kick|p1a: Koraidon\n|-crit|p1a: Koraidon\n|-damage|p1a: Koraidon|0 fnt\n|faint|p1a: Koraidon\n|\n|-weather|SunnyDay|[upkeep]\n|upkeep\n|c|\u2606ZowwyCafe\u2764|qwq\n|\n|t:|1699105348\n|switch|p1a: Ribombee|Ribombee, F|100\/100\n|-activate|p1a: Ribombee|move: Sticky Web\n|-unboost|p1a: Ribombee|spe|1\n|turn|15\n|\n|t:|1699105363\n|move|p2a: Koraidon|Flare Blitz|p1a: Ribombee\n|-supereffective|p1a: Ribombee\n|-enditem|p1a: Ribombee|Focus Sash\n|-damage|p1a: Ribombee|1\/100\n|-damage|p2a: Koraidon|0 fnt|[from] Recoil\n|faint|p2a: Koraidon\n|move|p1a: Ribombee|Tailwind|p1a: Ribombee\n|-sidestart|p1: ZowwyCafe\u2764|move: Tailwind\n|\n|-weather|SunnyDay|[upkeep]\n|upkeep\n|\n|t:|1699105367\n|switch|p2a: Arboliva|Arboliva, F|88\/100\n|-damage|p2a: Arboliva|75\/100|[from] Stealth Rock\n|turn|16\n|\n|t:|1699105375\n|move|p1a: Ribombee|Sticky Web|p2a: Arboliva\n|-sidestart|p2: Primordiallite|move: Sticky Web\n|move|p2a: Arboliva|Substitute|p2a: Arboliva\n|-start|p2a: Arboliva|Substitute\n|-damage|p2a: Arboliva|50\/100\n|-enditem|p2a: Arboliva|Sitrus Berry|[eat]\n|-heal|p2a: Arboliva|75\/100|[from] item: Sitrus Berry\n|\n|-weather|SunnyDay|[upkeep]\n|-fieldend|Misty Terrain\n|-item|p2a: Arboliva|Sitrus Berry|[from] ability: Harvest\n|upkeep\n|turn|17\n|\n|t:|1699105379\n|move|p1a: Ribombee|Moonblast|p2a: Arboliva\n|-activate|p2a: Arboliva|move: Substitute|[damage]\n|move|p2a: Arboliva|Leech Seed|p1a: Ribombee\n|-start|p1a: Ribombee|move: Leech Seed\n|\n|-weather|none\n|-damage|p1a: Ribombee|0 fnt|[from] Leech Seed|[of] p2a: Arboliva\n|-heal|p2a: Arboliva|76\/100|[silent]\n|faint|p1a: Ribombee\n|upkeep\n|j| s3rp3rior\n|\n|t:|1699105392\n|switch|p1a: Calyrex|Calyrex-Shadow|91\/100\n|-ability|p1a: Calyrex|As One\n|-ability|p1a: Calyrex|Unnerve\n|-activate|p1a: Calyrex|move: Sticky Web\n|-unboost|p1a: Calyrex|spe|1\n|turn|18\n|\n|t:|1699105401\n|-terastallize|p1a: Calyrex|Grass\n|move|p2a: Arboliva|Protect|p2a: Arboliva\n|-singleturn|p2a: Arboliva|Protect\n|move|p1a: Calyrex|Grass Knot|p2a: Arboliva\n|-activate|p2a: Arboliva|move: Protect\n|\n|-sideend|p1: ZowwyCafe\u2764|move: Tailwind\n|upkeep\n|turn|19\n|j|+PrimalKyogre555\n|c|+PrimalKyogre555|OML\n|c|+PrimalKyogre555|he is cooking\n|c|\u2606Primordiallite|More like\n|c|\u2606Primordiallite|He is losing\n|inactive|Primordiallite has 120 seconds left.\n|c|\u2606Primordiallite|;-;\n|c|+PrimalKyogre555|true\n|\n|t:|1699105438\n|move|p1a: Calyrex|Taunt|p2a: Arboliva\n|-start|p2a: Arboliva|move: Taunt\n|cant|p2a: Arboliva|move: Taunt|Substitute\n|\n|upkeep\n|turn|20\n|\n|t:|1699105443\n|move|p1a: Calyrex|Grass Knot|p2a: Arboliva\n|-resisted|p2a: Arboliva\n|-end|p2a: Arboliva|Substitute\n|-damage|p1a: Calyrex|81\/100|[from] item: Life Orb\n|move|p2a: Arboliva|Grass Knot|p1a: Calyrex\n|-resisted|p1a: Calyrex\n|-damage|p1a: Calyrex|65\/100\n|\n|upkeep\n|turn|21\n|\n|t:|1699105457\n|switch|p1a: Zacian|Zacian-Crowned|50\/100\n|-activate|p1a: Zacian|move: Sticky Web\n|-unboost|p1a: Zacian|spe|1\n|move|p2a: Arboliva|Grass Knot|p1a: Zacian\n|-resisted|p1a: Zacian\n|-damage|p1a: Zacian|27\/100\n|\n|-end|p2a: Arboliva|move: Taunt\n|upkeep\n|turn|22\n|\n|t:|1699105471\n|move|p1a: Zacian|Behemoth Blade|p2a: Arboliva\n|-damage|p2a: Arboliva|13\/100\n|-enditem|p2a: Arboliva|Sitrus Berry|[eat]\n|-heal|p2a: Arboliva|38\/100|[from] item: Sitrus Berry\n|move|p2a: Arboliva|Grass Knot|p1a: Zacian\n|-resisted|p1a: Zacian\n|-damage|p1a: Zacian|5\/100\n|\n|-item|p2a: Arboliva|Sitrus Berry|[from] ability: Harvest\n|upkeep\n|-enditem|p2a: Arboliva|Sitrus Berry|[eat]\n|-heal|p2a: Arboliva|63\/100|[from] item: Sitrus Berry\n|turn|23\n|\n|t:|1699105479\n|move|p2a: Arboliva|Protect|p2a: Arboliva\n|-singleturn|p2a: Arboliva|Protect\n|move|p1a: Zacian|Behemoth Blade|p2a: Arboliva\n|-activate|p2a: Arboliva|move: Protect\n|\n|upkeep\n|turn|24\n|\n|t:|1699105499\n|switch|p2a: Calyrex|Calyrex-Ice|82\/100\n|-ability|p2a: Calyrex|As One\n|-ability|p2a: Calyrex|Unnerve\n|-damage|p2a: Calyrex|57\/100|[from] Stealth Rock\n|-activate|p2a: Calyrex|move: Sticky Web\n|-unboost|p2a: Calyrex|spe|1\n|move|p1a: Zacian|Behemoth Blade|p2a: Calyrex\n|-supereffective|p2a: Calyrex\n|-damage|p2a: Calyrex|0 fnt\n|faint|p2a: Calyrex\n|\n|upkeep\n|\n|t:|1699105502\n|switch|p2a: Vikavolt|Vikavolt, M|64\/100\n|-damage|p2a: Vikavolt|39\/100|[from] Stealth Rock\n|turn|25\n|\n|t:|1699105508\n|move|p1a: Zacian|Behemoth Blade|p2a: Vikavolt\n|-resisted|p2a: Vikavolt\n|-damage|p2a: Vikavolt|6\/100\n|move|p2a: Vikavolt|Thunder|p1a: Zacian\n|-damage|p1a: Zacian|0 fnt\n|faint|p1a: Zacian\n|\n|upkeep\n|\n|t:|1699105517\n|switch|p1a: Calyrex|Calyrex-Shadow, tera:Grass|65\/100\n|-ability|p1a: Calyrex|As One\n|-ability|p1a: Calyrex|Unnerve\n|-activate|p1a: Calyrex|move: Sticky Web\n|-unboost|p1a: Calyrex|spe|1\n|turn|26\n|\n|t:|1699105522\n|move|p1a: Calyrex|Grass Knot|p2a: Vikavolt\n|-resisted|p2a: Vikavolt\n|-damage|p2a: Vikavolt|0 fnt\n|faint|p2a: Vikavolt\n|-ability|p1a: Calyrex|Grim Neigh|boost\n|-boost|p1a: Calyrex|spa|1\n|-damage|p1a: Calyrex|55\/100|[from] item: Life Orb\n|\n|upkeep\n|\n|t:|1699105524\n|switch|p2a: Arboliva|Arboliva, F|63\/100\n|-damage|p2a: Arboliva|50\/100|[from] Stealth Rock\n|-activate|p2a: Arboliva|move: Sticky Web\n|-unboost|p2a: Arboliva|spe|1\n|turn|27\n|\n|t:|1699105527\n|move|p2a: Arboliva|Protect|p2a: Arboliva\n|-singleturn|p2a: Arboliva|Protect\n|move|p1a: Calyrex|Taunt|p2a: Arboliva\n|-activate|p2a: Arboliva|move: Protect\n|\n|-item|p2a: Arboliva|Sitrus Berry|[from] ability: Harvest\n|upkeep\n|turn|28\n|\n|t:|1699105530\n|move|p1a: Calyrex|Taunt|p2a: Arboliva\n|-start|p2a: Arboliva|move: Taunt\n|move|p2a: Arboliva|Grass Knot|p1a: Calyrex\n|-resisted|p1a: Calyrex\n|-damage|p1a: Calyrex|37\/100\n|\n|upkeep\n|turn|29\n|\n|t:|1699105534\n|move|p1a: Calyrex|Grass Knot|p2a: Arboliva\n|-resisted|p2a: Arboliva\n|-damage|p2a: Arboliva|25\/100\n|-damage|p1a: Calyrex|27\/100|[from] item: Life Orb\n|move|p2a: Arboliva|Grass Knot|p1a: Calyrex\n|-resisted|p1a: Calyrex\n|-damage|p1a: Calyrex|10\/100\n|\n|upkeep\n|turn|30\n|\n|t:|1699105539\n|move|p1a: Calyrex|Grass Knot|p2a: Arboliva\n|-resisted|p2a: Arboliva\n|-damage|p2a: Arboliva|1\/100\n|-damage|p1a: Calyrex|0 fnt|[from] item: Life Orb\n|faint|p1a: Calyrex\n|-enditem|p2a: Arboliva|Sitrus Berry|[eat]\n|-heal|p2a: Arboliva|26\/100|[from] item: Sitrus Berry\n|move|p2a: Arboliva|Grass Knot|p1: Calyrex|[notarget]\n|-fail|p2a: Arboliva\n|\n|-end|p2a: Arboliva|move: Taunt\n|upkeep\n|\n|t:|1699105542\n|switch|p1a: Arceus|Arceus|100\/100\n|-activate|p1a: Arceus|move: Sticky Web\n|-unboost|p1a: Arceus|spe|1\n|turn|31\n|\n|t:|1699105546\n|move|p1a: Arceus|Extreme Speed|p2a: Arboliva\n|-damage|p2a: Arboliva|0 fnt\n|faint|p2a: Arboliva\n|-damage|p1a: Arceus|91\/100|[from] item: Life Orb\n|\n|win|ZowwyCafe\u2764\n|n|\u2606ZowwyCafe\u2764|zowwycafe\n|n|\u2606Primordiallite|primordiallite\n|n| eavo|eavo\n|n| laprasplayer|laprasplayer\n|n| s3rp3rior|s3rp3rior\n|n| PrimalKyogre555|primalkyogre555\n|c|\u2606ZowwyCafe\u2764|gege\n","uploadtime":1699105551,"views":19,"p1id":"zowwycafe","p2id":"primordiallite","formatid":"gen9anythinggoes","rating":0,"private":0,"password":""}