{"id":"gen9anythinggoes-1972853110","p1":"epicowl10","p2":"moit05","format":"[Gen 9] Anything Goes","log":"|j|\u2606epicowl10\n|j|\u2606moit05\n|t:|1697902359\n|gametype|singles\n|player|p1|epicowl10|backers|\n|player|p2|moit05|clair|\n|teamsize|p1|6\n|teamsize|p2|6\n|gen|9\n|tier|[Gen 9] Anything Goes\n|rule|HP Percentage Mod: HP is shown in percentages\n|rule|Endless Battle Clause: Forcing endless battles is banned\n|clearpoke\n|poke|p1|Meowscarada, F|\n|poke|p1|Landorus-Therian, M|\n|poke|p1|Dugtrio, F|\n|poke|p1|Magnezone|\n|poke|p1|Ditto|\n|poke|p1|Regieleki|\n|poke|p2|Baxcalibur, F|\n|poke|p2|Glaceon, M|\n|poke|p2|Chi-Yu|\n|poke|p2|Ninetales-Alola, M|\n|poke|p2|Corviknight, M|\n|poke|p2|Annihilape, M|\n|teampreview\n|\n|t:|1697902377\n|start\n|switch|p1a: Magnezone|Magnezone|100\/100\n|switch|p2a: Ninetales|Ninetales-Alola, M, shiny|100\/100\n|-weather|Snow|[from] ability: Snow Warning|[of] p2a: Ninetales\n|-item|p1a: Magnezone|Air Balloon\n|turn|1\n|\n|t:|1697902393\n|move|p2a: Ninetales|Aurora Veil|p2a: Ninetales\n|-sidestart|p2: moit05|move: Aurora Veil\n|move|p1a: Magnezone|Flash Cannon|p2a: Ninetales\n|-supereffective|p2a: Ninetales\n|-damage|p2a: Ninetales|10\/100\n|\n|-weather|Snow|[upkeep]\n|upkeep\n|turn|2\n|\n|t:|1697902403\n|move|p2a: Ninetales|Baton Pass|p2a: Ninetales\n|\n|t:|1697902412\n|switch|p2a: Annihilape|Annihilape, M|100\/100|[from] Baton Pass\n|move|p1a: Magnezone|Volt Switch|p2a: Annihilape\n|-damage|p2a: Annihilape|83\/100\n|\n|t:|1697902430\n|switch|p1a: Landorus|Landorus-Therian, M|100\/100|[from] Volt Switch\n|-ability|p1a: Landorus|Intimidate|boost\n|-unboost|p2a: Annihilape|atk|1\n|-ability|p2a: Annihilape|Defiant|boost\n|-boost|p2a: Annihilape|atk|2\n|\n|-weather|Snow|[upkeep]\n|-heal|p2a: Annihilape|89\/100|[from] item: Leftovers\n|upkeep\n|turn|3\n|\n|t:|1697902469\n|move|p1a: Landorus|U-turn|p2a: Annihilape\n|-resisted|p2a: Annihilape\n|-damage|p2a: Annihilape|86\/100\n|\n|t:|1697902471\n|switch|p1a: Meowscarada|Meowscarada, F|100\/100|[from] U-turn\n|move|p2a: Annihilape|Bulk Up|p2a: Annihilape\n|-boost|p2a: Annihilape|atk|1\n|-boost|p2a: Annihilape|def|1\n|\n|-weather|Snow|[upkeep]\n|-heal|p2a: Annihilape|92\/100|[from] item: Leftovers\n|upkeep\n|turn|4\n|\n|t:|1697902490\n|move|p1a: Meowscarada|Taunt|p2a: Annihilape\n|-start|p2a: Annihilape|move: Taunt\n|cant|p2a: Annihilape|move: Taunt|Bulk Up\n|\n|-weather|Snow|[upkeep]\n|-heal|p2a: Annihilape|98\/100|[from] item: Leftovers\n|upkeep\n|turn|5\n|\n|t:|1697902504\n|move|p1a: Meowscarada|Knock Off|p2a: Annihilape\n|-damage|p2a: Annihilape|86\/100\n|-enditem|p2a: Annihilape|Leftovers|[from] move: Knock Off|[of] p1a: Meowscarada\n|move|p2a: Annihilape|Rage Fist|p1a: Meowscarada\n|-resisted|p1a: Meowscarada\n|-enditem|p1a: Meowscarada|Focus Sash\n|-damage|p1a: Meowscarada|1\/100\n|\n|-weather|none\n|upkeep\n|turn|6\n|\n|t:|1697902519\n|move|p1a: Meowscarada|Spikes|p2a: Annihilape\n|-sidestart|p2: moit05|Spikes\n|move|p2a: Annihilape|Drain Punch|p1a: Meowscarada\n|-supereffective|p1a: Meowscarada\n|-damage|p1a: Meowscarada|0 fnt\n|-heal|p2a: Annihilape|87\/100|[from] drain|[of] p1a: Meowscarada\n|faint|p1a: Meowscarada\n|\n|-end|p2a: Annihilape|move: Taunt\n|upkeep\n|\n|t:|1697902570\n|switch|p1a: Dugtrio|Dugtrio, F|100\/100\n|turn|7\n|\n|t:|1697902593\n|move|p1a: Dugtrio|Stealth Rock|p2a: Annihilape\n|-sidestart|p2: moit05|move: Stealth Rock\n|move|p2a: Annihilape|Drain Punch|p1a: Dugtrio\n|-enditem|p1a: Dugtrio|Focus Sash\n|-damage|p1a: Dugtrio|1\/100\n|-heal|p2a: Annihilape|100\/100|[from] drain|[of] p1a: Dugtrio\n|\n|upkeep\n|turn|8\n|\n|t:|1697902603\n|move|p1a: Dugtrio|Earthquake|p2a: Annihilape\n|-damage|p2a: Annihilape|86\/100\n|move|p2a: Annihilape|Drain Punch|p1a: Dugtrio\n|-crit|p1a: Dugtrio\n|-damage|p1a: Dugtrio|0 fnt\n|-heal|p2a: Annihilape|86\/100|[from] drain|[of] p1a: Dugtrio\n|faint|p1a: Dugtrio\n|\n|-sideend|p2: moit05|move: Aurora Veil\n|upkeep\n|\n|t:|1697902607\n|switch|p1a: Ditto|Ditto|100\/100\n|-transform|p1a: Ditto|p2a: Annihilape|[from] ability: Imposter\n|turn|9\n|\n|t:|1697902623\n|move|p1a: Ditto|Rage Fist|p2a: Annihilape\n|-supereffective|p2a: Annihilape\n|-damage|p2a: Annihilape|0 fnt\n|faint|p2a: Annihilape\n|\n|upkeep\n|\n|t:|1697902630\n|switch|p2a: Corviknight|Corviknight, M|100\/100\n|-damage|p2a: Corviknight|88\/100|[from] Stealth Rock\n|-ability|p2a: Corviknight|Pressure\n|turn|10\n|\n|t:|1697902635\n|switch|p1a: Magnezone|Magnezone|100\/100\n|-item|p1a: Magnezone|Air Balloon\n|move|p2a: Corviknight|Defog|p1a: Magnezone\n|-unboost|p1a: Magnezone|evasion|1\n|-sideend|p2: moit05|Spikes|[from] move: Defog|[of] p2a: Corviknight\n|-sideend|p2: moit05|Stealth Rock|[from] move: Defog|[of] p2a: Corviknight\n|\n|upkeep\n|turn|11\n|\n|t:|1697902675\n|move|p1a: Magnezone|Volt Switch|p2a: Corviknight\n|-supereffective|p2a: Corviknight\n|-damage|p2a: Corviknight|5\/100\n|\n|t:|1697902679\n|switch|p1a: Landorus|Landorus-Therian, M|100\/100|[from] Volt Switch\n|-ability|p1a: Landorus|Intimidate|boost\n|-unboost|p2a: Corviknight|atk|1\n|move|p2a: Corviknight|U-turn|p1a: Landorus\n|-resisted|p1a: Landorus\n|-damage|p1a: Landorus|95\/100\n|\n|t:|1697902686\n|switch|p2a: Ninetales|Ninetales-Alola, M, shiny|10\/100|[from] U-turn\n|-weather|Snow|[from] ability: Snow Warning|[of] p2a: Ninetales\n|\n|-weather|Snow|[upkeep]\n|upkeep\n|turn|12\n|\n|t:|1697902709\n|move|p1a: Landorus|Earthquake|p2a: Ninetales\n|-damage|p2a: Ninetales|0 fnt\n|faint|p2a: Ninetales\n|\n|-weather|Snow|[upkeep]\n|upkeep\n|\n|t:|1697902715\n|switch|p2a: Baxcalibur|Baxcalibur, F|100\/100\n|turn|13\n|\n|t:|1697902723\n|switch|p1a: Magnezone|Magnezone|100\/100\n|-item|p1a: Magnezone|Air Balloon\n|move|p2a: Baxcalibur|Swords Dance|p2a: Baxcalibur\n|-boost|p2a: Baxcalibur|atk|2\n|\n|-weather|Snow|[upkeep]\n|upkeep\n|turn|14\n|\n|t:|1697902742\n|move|p2a: Baxcalibur|Icicle Spear|p1a: Magnezone\n|-resisted|p1a: Magnezone\n|-damage|p1a: Magnezone|84\/100\n|-enditem|p1a: Magnezone|Air Balloon\n|-resisted|p1a: Magnezone\n|-damage|p1a: Magnezone|70\/100\n|-resisted|p1a: Magnezone\n|-damage|p1a: Magnezone|54\/100\n|-resisted|p1a: Magnezone\n|-damage|p1a: Magnezone|38\/100\n|-resisted|p1a: Magnezone\n|-damage|p1a: Magnezone|24\/100\n|-hitcount|p1a: Magnezone|5\n|move|p1a: Magnezone|Flash Cannon|p2a: Baxcalibur\n|-supereffective|p2a: Baxcalibur\n|-damage|p2a: Baxcalibur|0 fnt\n|faint|p2a: Baxcalibur\n|\n|-weather|Snow|[upkeep]\n|upkeep\n|\n|t:|1697902786\n|switch|p2a: Corviknight|Corviknight, M|5\/100\n|-ability|p2a: Corviknight|Pressure\n|turn|15\n|\n|t:|1697902807\n|move|p1a: Magnezone|Thunderbolt|p2a: Corviknight\n|-supereffective|p2a: Corviknight\n|-damage|p2a: Corviknight|0 fnt\n|faint|p2a: Corviknight\n|\n|-weather|none\n|upkeep\n|\n|t:|1697902817\n|switch|p2a: Chi-Yu|Chi-Yu|100\/100\n|-ability|p2a: Chi-Yu|Beads of Ruin\n|turn|16\n|\n|t:|1697902828\n|move|p2a: Chi-Yu|Flamethrower|p1a: Magnezone\n|-supereffective|p1a: Magnezone\n|-damage|p1a: Magnezone|0 fnt\n|faint|p1a: Magnezone\n|-damage|p2a: Chi-Yu|91\/100|[from] item: Life Orb\n|\n|upkeep\n|\n|t:|1697902834\n|switch|p1a: Landorus|Landorus-Therian, M|95\/100\n|-ability|p1a: Landorus|Intimidate|boost\n|-unboost|p2a: Chi-Yu|atk|1\n|turn|17\n|\n|t:|1697902851\n|switch|p2a: Glaceon|Glaceon, M, shiny|100\/100\n|move|p1a: Landorus|Earthquake|p2a: Glaceon\n|-damage|p2a: Glaceon|49\/100\n|\n|upkeep\n|turn|18\n|\n|t:|1697902884\n|move|p1a: Landorus|Earthquake|p2a: Glaceon\n|-damage|p2a: Glaceon|0 fnt\n|faint|p2a: Glaceon\n|\n|upkeep\n|\n|t:|1697902888\n|switch|p2a: Chi-Yu|Chi-Yu|91\/100\n|-ability|p2a: Chi-Yu|Beads of Ruin\n|turn|19\n|c|\u2606epicowl10|gg\n|\n|t:|1697902898\n|move|p1a: Landorus|Earthquake|p2a: Chi-Yu\n|-supereffective|p2a: Chi-Yu\n|-damage|p2a: Chi-Yu|0 fnt\n|faint|p2a: Chi-Yu\n|\n|win|epicowl10\n","uploadtime":1697902905,"views":32,"p1id":"epicowl10","p2id":"moit05","formatid":"gen9anythinggoes","rating":0,"private":0,"password":""}