{"id":"gen9anythinggoes-1982451124","p1":"qjffp","p2":"AnimeZZZZ5","format":"[Gen 9] Anything Goes","log":"|j|\u2606qjffp\n|j|\u2606AnimeZZZZ5\n|t:|1699016021\n|gametype|singles\n|player|p1|qjffp|crasherwake|1760\n|player|p2|AnimeZZZZ5|101|1919\n|teamsize|p1|6\n|teamsize|p2|6\n|gen|9\n|tier|[Gen 9] Anything Goes\n|rated|\n|rule|HP Percentage Mod: HP is shown in percentages\n|rule|Endless Battle Clause: Forcing endless battles is banned\n|clearpoke\n|poke|p1|Corviknight, F|\n|poke|p1|Toxapex, F|\n|poke|p1|Clodsire, F|\n|poke|p1|Ting-Lu|\n|poke|p1|Arceus|\n|poke|p1|Calyrex-Shadow|\n|poke|p2|Rayquaza|\n|poke|p2|Ditto|\n|poke|p2|Miraidon|\n|poke|p2|Glimmora, F|\n|poke|p2|Ogerpon-Hearthflame, F|\n|poke|p2|Arceus|\n|teampreview\n|inactive|Battle timer is ON: inactive players will automatically lose when time's up. (requested by qjffp)\n|\n|t:|1699016047\n|start\n|switch|p1a: Clodsire|Clodsire, F, shiny|100\/100\n|switch|p2a: Arceus|Arceus|100\/100\n|turn|1\n|\n|t:|1699016056\n|switch|p1a: Corviknight|Corviknight, F, shiny|100\/100\n|-ability|p1a: Corviknight|Pressure\n|move|p2a: Arceus|Taunt|p1a: Corviknight\n|-start|p1a: Corviknight|move: Taunt\n|\n|upkeep\n|turn|2\n|\n|t:|1699016063\n|move|p2a: Arceus|Will-O-Wisp|p1a: Corviknight\n|-status|p1a: Corviknight|brn\n|move|p1a: Corviknight|Body Press|p2a: Arceus\n|-supereffective|p2a: Arceus\n|-damage|p2a: Arceus|87\/100\n|\n|-heal|p2a: Arceus|93\/100|[from] item: Leftovers\n|-damage|p1a: Corviknight|94\/100 brn|[from] brn\n|upkeep\n|turn|3\n|\n|t:|1699016090\n|move|p2a: Arceus|Foul Play|p1a: Corviknight\n|-damage|p1a: Corviknight|83\/100 brn\n|-damage|p2a: Arceus|76\/100|[from] item: Rocky Helmet|[of] p1a: Corviknight\n|move|p1a: Corviknight|U-turn|p2a: Arceus\n|-damage|p2a: Arceus|72\/100\n|\n|t:|1699016097\n|switch|p1a: Ting-Lu|Ting-Lu|100\/100|[from] U-turn\n|-ability|p1a: Ting-Lu|Vessel of Ruin\n|\n|-heal|p2a: Arceus|78\/100|[from] item: Leftovers\n|upkeep\n|turn|4\n|\n|t:|1699016100\n|switch|p1a: Corviknight|Corviknight, F, shiny|83\/100 brn\n|-ability|p1a: Corviknight|Pressure\n|move|p2a: Arceus|Taunt|p1a: Corviknight\n|-start|p1a: Corviknight|move: Taunt\n|\n|-heal|p2a: Arceus|84\/100|[from] item: Leftovers\n|-damage|p1a: Corviknight|77\/100 brn|[from] brn\n|upkeep\n|turn|5\n|\n|t:|1699016106\n|move|p2a: Arceus|Foul Play|p1a: Corviknight\n|-damage|p1a: Corviknight|65\/100 brn\n|-damage|p2a: Arceus|68\/100|[from] item: Rocky Helmet|[of] p1a: Corviknight\n|move|p1a: Corviknight|Body Press|p2a: Arceus\n|-supereffective|p2a: Arceus\n|-damage|p2a: Arceus|52\/100\n|\n|-heal|p2a: Arceus|58\/100|[from] item: Leftovers\n|-damage|p1a: Corviknight|58\/100 brn|[from] brn\n|upkeep\n|turn|6\n|\n|t:|1699016115\n|move|p2a: Arceus|Recover|p2a: Arceus\n|-heal|p2a: Arceus|100\/100\n|move|p1a: Corviknight|Body Press|p2a: Arceus\n|-supereffective|p2a: Arceus\n|-crit|p2a: Arceus\n|-damage|p2a: Arceus|80\/100\n|\n|-heal|p2a: Arceus|86\/100|[from] item: Leftovers\n|-damage|p1a: Corviknight|52\/100 brn|[from] brn\n|-end|p1a: Corviknight|move: Taunt\n|upkeep\n|turn|7\n|\n|t:|1699016129\n|move|p2a: Arceus|Taunt|p1a: Corviknight\n|-start|p1a: Corviknight|move: Taunt\n|move|p1a: Corviknight|Body Press|p2a: Arceus\n|-supereffective|p2a: Arceus\n|-damage|p2a: Arceus|71\/100\n|\n|-heal|p2a: Arceus|77\/100|[from] item: Leftovers\n|-damage|p1a: Corviknight|46\/100 brn|[from] brn\n|upkeep\n|turn|8\n|\n|t:|1699016146\n|switch|p1a: Toxapex|Toxapex, F, shiny|100\/100\n|move|p2a: Arceus|Foul Play|p1a: Toxapex\n|-damage|p1a: Toxapex|94\/100\n|\n|-heal|p2a: Arceus|83\/100|[from] item: Leftovers\n|-heal|p1a: Toxapex|99\/100|[from] item: Leftovers\n|upkeep\n|turn|9\n|\n|t:|1699016148\n|move|p2a: Arceus|Taunt|p1a: Toxapex\n|-start|p1a: Toxapex|move: Taunt\n|move|p1a: Toxapex|Infestation|p2a: Arceus\n|-damage|p2a: Arceus|81\/100\n|-activate|p2a: Arceus|move: Infestation|[of] p1a: Toxapex\n|\n|-heal|p2a: Arceus|87\/100|[from] item: Leftovers\n|-heal|p1a: Toxapex|100\/100|[from] item: Leftovers\n|-damage|p2a: Arceus|75\/100|[from] move: Infestation|[partiallytrapped]\n|upkeep\n|turn|10\n|\n|t:|1699016162\n|move|p2a: Arceus|Will-O-Wisp|p1a: Toxapex|[miss]\n|-miss|p2a: Arceus|p1a: Toxapex\n|move|p1a: Toxapex|Infestation|p2a: Arceus\n|-damage|p2a: Arceus|73\/100\n|\n|-heal|p2a: Arceus|79\/100|[from] item: Leftovers\n|-damage|p2a: Arceus|66\/100|[from] move: Infestation|[partiallytrapped]\n|upkeep\n|turn|11\n|\n|t:|1699016172\n|move|p2a: Arceus|Will-O-Wisp|p1a: Toxapex\n|-status|p1a: Toxapex|brn\n|move|p1a: Toxapex|Infestation|p2a: Arceus\n|-damage|p2a: Arceus|65\/100\n|\n|-heal|p2a: Arceus|71\/100|[from] item: Leftovers\n|-damage|p1a: Toxapex|94\/100 brn|[from] brn\n|-damage|p2a: Arceus|59\/100|[from] move: Infestation|[partiallytrapped]\n|-end|p1a: Toxapex|move: Taunt\n|upkeep\n|turn|12\n|\n|t:|1699016186\n|switch|p1a: Corviknight|Corviknight, F, shiny|46\/100 brn\n|-ability|p1a: Corviknight|Pressure\n|move|p2a: Arceus|Taunt|p1a: Corviknight\n|-start|p1a: Corviknight|move: Taunt\n|\n|-heal|p2a: Arceus|65\/100|[from] item: Leftovers\n|-damage|p1a: Corviknight|40\/100 brn|[from] brn\n|-end|p2a: Arceus|Infestation|[partiallytrapped]|[silent]\n|upkeep\n|turn|13\n|inactive|AnimeZZZZ5 has 120 seconds left.\n|\n|t:|1699016226\n|move|p2a: Arceus|Foul Play|p1a: Corviknight\n|-damage|p1a: Corviknight|29\/100 brn\n|-damage|p2a: Arceus|48\/100|[from] item: Rocky Helmet|[of] p1a: Corviknight\n|move|p1a: Corviknight|U-turn|p2a: Arceus\n|-damage|p2a: Arceus|44\/100\n|\n|t:|1699016233\n|switch|p1a: Toxapex|Toxapex, F, shiny|100\/100 brn|[from] U-turn\n|\n|-heal|p2a: Arceus|50\/100|[from] item: Leftovers\n|-damage|p1a: Toxapex|94\/100 brn|[from] brn\n|upkeep\n|turn|14\n|\n|t:|1699016236\n|move|p2a: Arceus|Taunt|p1a: Toxapex\n|-start|p1a: Toxapex|move: Taunt\n|move|p1a: Toxapex|Infestation|p2a: Arceus\n|-damage|p2a: Arceus|49\/100\n|-activate|p2a: Arceus|move: Infestation|[of] p1a: Toxapex\n|\n|-heal|p2a: Arceus|55\/100|[from] item: Leftovers\n|-heal|p1a: Toxapex|100\/100 brn|[from] item: Leftovers\n|-damage|p1a: Toxapex|94\/100 brn|[from] brn\n|-damage|p2a: Arceus|43\/100|[from] move: Infestation|[partiallytrapped]\n|upkeep\n|turn|15\n|\n|t:|1699016239\n|move|p2a: Arceus|Recover|p2a: Arceus\n|-heal|p2a: Arceus|93\/100\n|move|p1a: Toxapex|Infestation|p2a: Arceus\n|-damage|p2a: Arceus|91\/100\n|\n|-heal|p2a: Arceus|97\/100|[from] item: Leftovers\n|-heal|p1a: Toxapex|100\/100 brn|[from] item: Leftovers\n|-damage|p1a: Toxapex|94\/100 brn|[from] brn\n|-damage|p2a: Arceus|85\/100|[from] move: Infestation|[partiallytrapped]\n|upkeep\n|turn|16\n|\n|t:|1699016259\n|move|p2a: Arceus|Foul Play|p1a: Toxapex\n|-damage|p1a: Toxapex|87\/100 brn\n|move|p1a: Toxapex|Infestation|p2a: Arceus\n|-damage|p2a: Arceus|83\/100\n|\n|-heal|p2a: Arceus|89\/100|[from] item: Leftovers\n|-heal|p1a: Toxapex|94\/100 brn|[from] item: Leftovers\n|-damage|p1a: Toxapex|87\/100 brn|[from] brn\n|-damage|p2a: Arceus|77\/100|[from] move: Infestation|[partiallytrapped]\n|-end|p1a: Toxapex|move: Taunt\n|upkeep\n|turn|17\n|\n|t:|1699016276\n|switch|p1a: Corviknight|Corviknight, F, shiny|29\/100 brn\n|-ability|p1a: Corviknight|Pressure\n|move|p2a: Arceus|Foul Play|p1a: Corviknight\n|-damage|p1a: Corviknight|18\/100 brn\n|-damage|p2a: Arceus|60\/100|[from] item: Rocky Helmet|[of] p1a: Corviknight\n|\n|-heal|p2a: Arceus|66\/100|[from] item: Leftovers\n|-damage|p1a: Corviknight|12\/100 brn|[from] brn\n|-end|p2a: Arceus|Infestation|[partiallytrapped]|[silent]\n|upkeep\n|turn|18\n|\n|t:|1699016289\n|move|p2a: Arceus|Taunt|p1a: Corviknight\n|-start|p1a: Corviknight|move: Taunt\n|cant|p1a: Corviknight|move: Taunt|Roost\n|\n|-heal|p2a: Arceus|72\/100|[from] item: Leftovers\n|-damage|p1a: Corviknight|5\/100 brn|[from] brn\n|upkeep\n|turn|19\n|\n|t:|1699016296\n|move|p2a: Arceus|Foul Play|p1a: Corviknight\n|-damage|p1a: Corviknight|0 fnt\n|-damage|p2a: Arceus|55\/100|[from] item: Rocky Helmet|[of] p1a: Corviknight\n|faint|p1a: Corviknight\n|\n|-heal|p2a: Arceus|62\/100|[from] item: Leftovers\n|upkeep\n|\n|t:|1699016307\n|switch|p1a: Calyrex|Calyrex-Shadow|100\/100\n|-ability|p1a: Calyrex|As One\n|-ability|p1a: Calyrex|Unnerve\n|turn|20\n|\n|t:|1699016325\n|move|p1a: Calyrex|Taunt|p2a: Arceus\n|-start|p2a: Arceus|move: Taunt\n|move|p2a: Arceus|Foul Play|p1a: Calyrex\n|-supereffective|p1a: Calyrex\n|-damage|p1a: Calyrex|34\/100\n|\n|-heal|p2a: Arceus|68\/100|[from] item: Leftovers\n|upkeep\n|turn|21\n|\n|t:|1699016332\n|switch|p1a: Ting-Lu|Ting-Lu|100\/100\n|-ability|p1a: Ting-Lu|Vessel of Ruin\n|move|p2a: Arceus|Foul Play|p1a: Ting-Lu\n|-resisted|p1a: Ting-Lu\n|-damage|p1a: Ting-Lu|94\/100\n|\n|-heal|p2a: Arceus|74\/100|[from] item: Leftovers\n|-heal|p1a: Ting-Lu|99\/100|[from] item: Leftovers\n|upkeep\n|turn|22\n|\n|t:|1699016335\n|switch|p2a: Glimmora|Glimmora, F|100\/100\n|move|p1a: Ting-Lu|Stealth Rock|p2a: Glimmora\n|-sidestart|p2: AnimeZZZZ5|move: Stealth Rock\n|\n|-heal|p1a: Ting-Lu|100\/100|[from] item: Leftovers\n|upkeep\n|turn|23\n|\n|t:|1699016341\n|move|p2a: Glimmora|Mortal Spin|p1a: Ting-Lu\n|-resisted|p1a: Ting-Lu\n|-damage|p1a: Ting-Lu|99\/100\n|-status|p1a: Ting-Lu|psn\n|-sideend|p2: AnimeZZZZ5|Stealth Rock|[from] move: Mortal Spin|[of] p2a: Glimmora\n|move|p1a: Ting-Lu|Earthquake|p2a: Glimmora\n|-supereffective|p2a: Glimmora\n|-enditem|p2a: Glimmora|Focus Sash\n|-damage|p2a: Glimmora|1\/100\n|-activate|p2a: Glimmora|ability: Toxic Debris\n|-sidestart|p1: qjffp|move: Toxic Spikes\n|\n|-heal|p1a: Ting-Lu|100\/100 psn|[from] item: Leftovers\n|-damage|p1a: Ting-Lu|88\/100 psn|[from] psn\n|upkeep\n|turn|24\n|\n|t:|1699016345\n|move|p2a: Glimmora|Stealth Rock|p1a: Ting-Lu\n|-sidestart|p1: qjffp|move: Stealth Rock\n|move|p1a: Ting-Lu|Earthquake|p2a: Glimmora\n|-supereffective|p2a: Glimmora\n|-damage|p2a: Glimmora|0 fnt\n|-activate|p2a: Glimmora|ability: Toxic Debris\n|-sidestart|p1: qjffp|move: Toxic Spikes\n|faint|p2a: Glimmora\n|\n|-heal|p1a: Ting-Lu|94\/100 psn|[from] item: Leftovers\n|-damage|p1a: Ting-Lu|82\/100 psn|[from] psn\n|upkeep\n|\n|t:|1699016352\n|switch|p2a: Ogerpon|Ogerpon-Hearthflame, F|100\/100\n|-ability|p2a: Ogerpon|Mold Breaker\n|turn|25\n|\n|t:|1699016364\n|-terastallize|p2a: Ogerpon|Fire\n|detailschange|p2a: Ogerpon|Ogerpon-Hearthflame-Tera, F, tera:Fire\n|-ability|p2a: Ogerpon|Embody Aspect (Hearthflame)|boost\n|-boost|p2a: Ogerpon|atk|1\n|move|p2a: Ogerpon|Trailblaze|p1a: Ting-Lu\n|-supereffective|p1a: Ting-Lu\n|-damage|p1a: Ting-Lu|32\/100 psn\n|-boost|p2a: Ogerpon|spe|1\n|move|p1a: Ting-Lu|Stealth Rock|p2a: Ogerpon\n|-sidestart|p2: AnimeZZZZ5|move: Stealth Rock\n|\n|-heal|p1a: Ting-Lu|39\/100 psn|[from] item: Leftovers\n|-damage|p1a: Ting-Lu|26\/100 psn|[from] psn\n|upkeep\n|turn|26\n|\n|t:|1699016372\n|move|p2a: Ogerpon|Trailblaze|p1a: Ting-Lu\n|-supereffective|p1a: Ting-Lu\n|-damage|p1a: Ting-Lu|0 fnt\n|-boost|p2a: Ogerpon|spe|1\n|faint|p1a: Ting-Lu\n|\n|upkeep\n|\n|t:|1699016378\n|switch|p1a: Toxapex|Toxapex, F, shiny|100\/100 brn\n|-sideend|p1: qjffp|move: Toxic Spikes|[of] p1a: Toxapex\n|-damage|p1a: Toxapex|88\/100 brn|[from] Stealth Rock\n|turn|27\n|\n|t:|1699016382\n|move|p2a: Ogerpon|Stomping Tantrum|p1a: Toxapex\n|-supereffective|p1a: Toxapex\n|-damage|p1a: Toxapex|25\/100 brn\n|move|p1a: Toxapex|Toxic|p2a: Ogerpon\n|-status|p2a: Ogerpon|tox\n|\n|-heal|p1a: Toxapex|31\/100 brn|[from] item: Leftovers\n|-damage|p2a: Ogerpon|95\/100 tox|[from] psn\n|-damage|p1a: Toxapex|25\/100 brn|[from] brn\n|upkeep\n|turn|28\n|\n|t:|1699016393\n|switch|p1a: Arceus|Arceus, shiny|100\/100\n|-damage|p1a: Arceus|88\/100|[from] Stealth Rock\n|move|p2a: Ogerpon|Ivy Cudgel|p1a: Arceus\n|-damage|p1a: Arceus|0 fnt\n|faint|p1a: Arceus\n|\n|-damage|p2a: Ogerpon|83\/100 tox|[from] psn\n|upkeep\n|\n|t:|1699016400\n|switch|p1a: Clodsire|Clodsire, F, shiny|100\/100\n|-damage|p1a: Clodsire|94\/100|[from] Stealth Rock\n|turn|29\n|\n|t:|1699016406\n|switch|p1a: Toxapex|Toxapex, F, shiny|58\/100 brn\n|-damage|p1a: Toxapex|46\/100 brn|[from] Stealth Rock\n|move|p2a: Ogerpon|Ivy Cudgel|p1a: Toxapex\n|-resisted|p1a: Toxapex\n|-damage|p1a: Toxapex|9\/100 brn\n|\n|-heal|p1a: Toxapex|16\/100 brn|[from] item: Leftovers\n|-damage|p2a: Ogerpon|65\/100 tox|[from] psn\n|-damage|p1a: Toxapex|9\/100 brn|[from] brn\n|upkeep\n|turn|30\n|\n|t:|1699016409\n|move|p2a: Ogerpon|Ivy Cudgel|p1a: Toxapex\n|-resisted|p1a: Toxapex\n|-damage|p1a: Toxapex|0 fnt\n|faint|p1a: Toxapex\n|\n|-damage|p2a: Ogerpon|41\/100 tox|[from] psn\n|upkeep\n|-message|qjffp forfeited.\n|\n|win|AnimeZZZZ5\n|raw|qjffp's rating: 1766 &rarr; <strong>1754<\/strong><br \/>(-12 for losing)\n|raw|AnimeZZZZ5's rating: 1919 &rarr; <strong>1931<\/strong><br \/>(+12 for winning)\n|l|\u2606qjffp\n|j|\u2606qjffp\n|player|p1|qjffp|crasherwake\n","uploadtime":1699016436,"views":10,"p1id":"qjffp","p2id":"animezzzz5","formatid":"gen9anythinggoes","rating":1754,"private":0,"password":""}