{"id":"gen9anythinggoes-1980845252","p1":"12345678nd\u7259\u5723","p2":"3 others","format":"[Gen 9] Anything Goes","log":"|j|\u260612345678nd\u7259\u5723\n|j|\u26063 others\n|t:|1698841592\n|gametype|singles\n|player|p1|12345678nd\u7259\u5723|marley|1285\n|player|p2|3 others|ultraforestkartenvoy|1193\n|teamsize|p1|6\n|teamsize|p2|6\n|gen|9\n|tier|[Gen 9] Anything Goes\n|rated|\n|rule|HP Percentage Mod: HP is shown in percentages\n|rule|Endless Battle Clause: Forcing endless battles is banned\n|clearpoke\n|poke|p1|Calyrex-Shadow|\n|poke|p1|Koraidon|\n|poke|p1|Kyogre|\n|poke|p1|Arceus-Fairy|\n|poke|p1|Zacian-*|\n|poke|p1|Wo-Chien|\n|poke|p2|Ribombee, M|\n|poke|p2|Zacian-*|\n|poke|p2|Arceus-Ground|\n|poke|p2|Koraidon|\n|poke|p2|Arceus|\n|poke|p2|Calyrex-Shadow|\n|teampreview\n|inactive|Battle timer is ON: inactive players will automatically lose when time's up. (requested by 12345678nd\u7259\u5723)\n|\n|t:|1698841612\n|start\n|switch|p1a: Arceus|Arceus-Fairy|100\/100\n|switch|p2a: Ribombee|Ribombee, M|100\/100\n|turn|1\n|\n|t:|1698841618\n|move|p2a: Ribombee|Stun Spore|p1a: Arceus\n|-status|p1a: Arceus|par\n|move|p1a: Arceus|Thunder Wave|p2a: Ribombee\n|-status|p2a: Ribombee|par\n|\n|upkeep\n|turn|2\n|\n|t:|1698841622\n|cant|p2a: Ribombee|par\n|cant|p1a: Arceus|par\n|\n|upkeep\n|turn|3\n|\n|t:|1698841625\n|move|p2a: Ribombee|Sticky Web|p1a: Arceus\n|-sidestart|p1: 12345678nd\u7259\u5723|move: Sticky Web\n|move|p1a: Arceus|Taunt|p2a: Ribombee\n|-start|p2a: Ribombee|move: Taunt\n|\n|upkeep\n|turn|4\n|\n|t:|1698841631\n|move|p2a: Ribombee|Moonblast|p1a: Arceus\n|-damage|p1a: Arceus|76\/100 par\n|move|p1a: Arceus|Judgment|p2a: Ribombee\n|-damage|p2a: Ribombee|18\/100 par\n|\n|upkeep\n|turn|5\n|\n|t:|1698841637\n|switch|p1a: Kyogre|Kyogre|100\/100\n|-activate|p1a: Kyogre|move: Sticky Web\n|-unboost|p1a: Kyogre|spe|1\n|-weather|RainDance|[from] ability: Drizzle|[of] p1a: Kyogre\n|move|p2a: Ribombee|Moonblast|p1a: Kyogre\n|-damage|p1a: Kyogre|76\/100\n|-unboost|p1a: Kyogre|spa|1\n|\n|-weather|RainDance|[upkeep]\n|-heal|p1a: Kyogre|82\/100|[from] item: Leftovers\n|upkeep\n|turn|6\n|\n|t:|1698841644\n|move|p2a: Ribombee|Moonblast|p1a: Kyogre\n|-damage|p1a: Kyogre|57\/100\n|-unboost|p1a: Kyogre|spa|1\n|move|p1a: Kyogre|Calm Mind|p1a: Kyogre\n|-boost|p1a: Kyogre|spa|1\n|-boost|p1a: Kyogre|spd|1\n|\n|-weather|RainDance|[upkeep]\n|-heal|p1a: Kyogre|63\/100|[from] item: Leftovers\n|-end|p2a: Ribombee|move: Taunt\n|upkeep\n|turn|7\n|\n|t:|1698841654\n|move|p2a: Ribombee|Stun Spore|p1a: Kyogre\n|-status|p1a: Kyogre|par\n|cant|p1a: Kyogre|par\n|\n|-weather|RainDance|[upkeep]\n|-heal|p1a: Kyogre|70\/100 par|[from] item: Leftovers\n|upkeep\n|turn|8\n|\n|t:|1698841658\n|cant|p2a: Ribombee|par\n|move|p1a: Kyogre|Ice Beam|p2a: Ribombee\n|-damage|p2a: Ribombee|0 fnt\n|faint|p2a: Ribombee\n|\n|-weather|RainDance|[upkeep]\n|-heal|p1a: Kyogre|76\/100 par|[from] item: Leftovers\n|upkeep\n|\n|t:|1698841676\n|switch|p2a: Koraidon|Koraidon|100\/100\n|-weather|SunnyDay|[from] ability: Orichalcum Pulse|[of] p2a: Koraidon\n|-activate|p2a: Koraidon|Orichalcum Pulse|[source]\n|turn|9\n|j| D3322\n|inactive|12345678nd\u7259\u5723 has 120 seconds left.\n|\n|t:|1698841712\n|move|p2a: Koraidon|Swords Dance|p2a: Koraidon\n|-boost|p2a: Koraidon|atk|2\n|move|p1a: Kyogre|Ice Beam|p2a: Koraidon\n|-supereffective|p2a: Koraidon\n|-damage|p2a: Koraidon|61\/100\n|\n|-weather|SunnyDay|[upkeep]\n|-heal|p1a: Kyogre|82\/100 par|[from] item: Leftovers\n|upkeep\n|turn|10\n|inactive|12345678nd\u7259\u5723 has 120 seconds left.\n|\n|t:|1698841717\n|move|p2a: Koraidon|Scale Shot|p1a: Kyogre\n|-damage|p1a: Kyogre|56\/100 par\n|-damage|p1a: Kyogre|30\/100 par\n|-damage|p1a: Kyogre|7\/100 par\n|-damage|p1a: Kyogre|0 fnt\n|faint|p1a: Kyogre\n|-hitcount|p1: Kyogre|4\n|-unboost|p2a: Koraidon|def|1\n|-boost|p2a: Koraidon|spe|1\n|\n|-weather|SunnyDay|[upkeep]\n|upkeep\n|inactive|12345678nd\u7259\u5723 has 120 seconds left.\n|\n|t:|1698841724\n|switch|p1a: Wo-Chien|Wo-Chien|100\/100\n|-activate|p1a: Wo-Chien|move: Sticky Web\n|-unboost|p1a: Wo-Chien|spe|1\n|-ability|p1a: Wo-Chien|Tablets of Ruin\n|turn|11\n|\n|t:|1698841747\n|-terastallize|p1a: Wo-Chien|Poison\n|move|p2a: Koraidon|Flare Blitz|p1a: Wo-Chien\n|-damage|p1a: Wo-Chien|0 fnt\n|faint|p1a: Wo-Chien\n|-damage|p2a: Koraidon|25\/100|[from] Recoil\n|\n|-weather|SunnyDay|[upkeep]\n|upkeep\n|c| D3322|\u4e0dt\u5996\n|inactive|12345678nd\u7259\u5723 has 120 seconds left.\n|-message|12345678nd\u7259\u5723 forfeited.\n|\n|win|3 others\n|raw|12345678nd\u7259\u5723's rating: 1285 &rarr; <strong>1254<\/strong><br \/>(-31 for losing)\n|raw|3 others's rating: 1193 &rarr; <strong>1224<\/strong><br \/>(+31 for winning)\n|l|\u260612345678nd\u7259\u5723\n|c| D3322|\u5510\n|l| D3322\n|c|\u26063 others|gesundheit\n","uploadtime":1698841789,"views":11,"p1id":"12345678nd","p2id":"3others","formatid":"gen9anythinggoes","rating":1224,"private":0,"password":""}