{"id":"gen9anythinggoes-1979039345","p1":"RedAlicorn","p2":"red1998poke","format":"[Gen 9] Anything Goes","log":"|j|\u2606RedAlicorn\n|j|\u2606red1998poke\n|t:|1698624430\n|gametype|singles\n|player|p1|RedAlicorn|unknownf|1139\n|player|p2|red1998poke|265|1045\n|teamsize|p1|6\n|teamsize|p2|6\n|gen|9\n|tier|[Gen 9] Anything Goes\n|rated|\n|rule|HP Percentage Mod: HP is shown in percentages\n|rule|Endless Battle Clause: Forcing endless battles is banned\n|clearpoke\n|poke|p1|Noivern, M|\n|poke|p1|Meowscarada, F|\n|poke|p1|Cinderace, F|\n|poke|p1|Annihilape, F|\n|poke|p1|Kyogre|\n|poke|p1|Zacian-*|\n|poke|p2|Drifblim, F|\n|poke|p2|Drifloon, M|\n|poke|p2|Cyclizar, M|\n|poke|p2|Magikarp, M|\n|poke|p2|Cinderace, F|\n|poke|p2|Jirachi|\n|teampreview\n|j| the dapper\n|\n|t:|1698624436\n|start\n|switch|p1a: Noivern|Noivern, M|100\/100\n|switch|p2a: Cyclizar|Cyclizar, M|100\/100\n|-item|p2a: Cyclizar|Choice Scarf|[from] ability: Frisk|[of] p1a: Noivern|[identify]\n|turn|1\n|\n|t:|1698624444\n|move|p2a: Cyclizar|Shed Tail|p2a: Cyclizar\n|-start|p2a: Cyclizar|Substitute|[from] move: Shed Tail\n|-damage|p2a: Cyclizar|50\/100\n|\n|t:|1698624451\n|switch|p2a: Drifloon|Drifloon, M|100\/100|[from] Shed Tail\n|move|p1a: Noivern|Dragon Pulse|p2a: Drifloon\n|-end|p2a: Drifloon|Substitute\n|\n|upkeep\n|turn|2\n|\n|t:|1698624462\n|move|p1a: Noivern|Flamethrower|p2a: Drifloon\n|-damage|p2a: Drifloon|45\/100\n|move|p2a: Drifloon|Destiny Bond|p2a: Drifloon\n|-singlemove|p2a: Drifloon|Destiny Bond\n|\n|upkeep\n|turn|3\n|\n|t:|1698624471\n|switch|p1a: Annihilape|Annihilape, F|100\/100\n|move|p2a: Drifloon|Minimize|p2a: Drifloon\n|-boost|p2a: Drifloon|evasion|2\n|\n|upkeep\n|turn|4\n|\n|t:|1698624494\n|move|p1a: Annihilape|Rage Fist|p2a: Drifloon|[miss]\n|-miss|p1a: Annihilape|p2a: Drifloon\n|move|p2a: Drifloon|Minimize|p2a: Drifloon\n|-boost|p2a: Drifloon|evasion|2\n|\n|upkeep\n|turn|5\n|\n|t:|1698624509\n|move|p1a: Annihilape|Acrobatics|p2a: Drifloon|[miss]\n|-miss|p1a: Annihilape|p2a: Drifloon\n|move|p2a: Drifloon|Baton Pass|p2a: Drifloon\n|\n|t:|1698624528\n|switch|p2a: Jirachi|Jirachi|100\/100|[from] Baton Pass\n|\n|upkeep\n|turn|6\n|\n|t:|1698624538\n|move|p2a: Jirachi|Iron Defense|p2a: Jirachi\n|-boost|p2a: Jirachi|def|2\n|move|p1a: Annihilape|Rage Fist|p2a: Jirachi|[miss]\n|-miss|p1a: Annihilape|p2a: Jirachi\n|\n|upkeep\n|turn|7\n|\n|t:|1698624547\n|move|p2a: Jirachi|Substitute|p2a: Jirachi\n|-start|p2a: Jirachi|Substitute\n|-damage|p2a: Jirachi|75\/100\n|move|p1a: Annihilape|Rage Fist|p2a: Jirachi|[miss]\n|-miss|p1a: Annihilape|p2a: Jirachi\n|\n|-heal|p2a: Jirachi|82\/100|[from] item: Leftovers\n|upkeep\n|turn|8\n|\n|t:|1698624556\n|move|p2a: Jirachi|Iron Defense|p2a: Jirachi\n|-boost|p2a: Jirachi|def|2\n|move|p1a: Annihilape|Rage Fist|p2a: Jirachi|[miss]\n|-miss|p1a: Annihilape|p2a: Jirachi\n|\n|-heal|p2a: Jirachi|88\/100|[from] item: Leftovers\n|upkeep\n|turn|9\n|\n|t:|1698624565\n|move|p2a: Jirachi|Iron Defense|p2a: Jirachi\n|-boost|p2a: Jirachi|def|2\n|move|p1a: Annihilape|Rage Fist|p2a: Jirachi\n|-supereffective|p2a: Jirachi\n|-activate|p2a: Jirachi|move: Substitute|[damage]\n|\n|-heal|p2a: Jirachi|94\/100|[from] item: Leftovers\n|upkeep\n|turn|10\n|\n|t:|1698624574\n|move|p2a: Jirachi|Amnesia|p2a: Jirachi\n|-boost|p2a: Jirachi|spd|2\n|move|p1a: Annihilape|Rage Fist|p2a: Jirachi|[miss]\n|-miss|p1a: Annihilape|p2a: Jirachi\n|\n|-heal|p2a: Jirachi|99\/100|[from] item: Leftovers\n|upkeep\n|turn|11\n|\n|t:|1698624583\n|move|p2a: Jirachi|Amnesia|p2a: Jirachi\n|-boost|p2a: Jirachi|spd|2\n|move|p1a: Annihilape|Rage Fist|p2a: Jirachi\n|-supereffective|p2a: Jirachi\n|-activate|p2a: Jirachi|move: Substitute|[damage]\n|\n|-heal|p2a: Jirachi|100\/100|[from] item: Leftovers\n|upkeep\n|turn|12\n|\n|t:|1698624592\n|move|p2a: Jirachi|Amnesia|p2a: Jirachi\n|-boost|p2a: Jirachi|spd|2\n|move|p1a: Annihilape|Rage Fist|p2a: Jirachi\n|-supereffective|p2a: Jirachi\n|-end|p2a: Jirachi|Substitute\n|\n|upkeep\n|turn|13\n|\n|t:|1698624603\n|move|p2a: Jirachi|Substitute|p2a: Jirachi\n|-start|p2a: Jirachi|Substitute\n|-damage|p2a: Jirachi|75\/100\n|move|p1a: Annihilape|Rage Fist|p2a: Jirachi|[miss]\n|-miss|p1a: Annihilape|p2a: Jirachi\n|\n|-heal|p2a: Jirachi|82\/100|[from] item: Leftovers\n|upkeep\n|turn|14\n|\n|t:|1698624615\n|move|p2a: Jirachi|Baton Pass|p2a: Jirachi\n|\n|t:|1698624619\n|switch|p2a: Drifblim|Drifblim, F|100\/100|[from] Baton Pass\n|move|p1a: Annihilape|Rage Fist|p2a: Drifblim|[miss]\n|-miss|p1a: Annihilape|p2a: Drifblim\n|\n|upkeep\n|turn|15\n|\n|t:|1698624628\n|move|p2a: Drifblim|Minimize|p2a: Drifblim\n|-boost|p2a: Drifblim|evasion|2\n|move|p1a: Annihilape|Rage Fist|p2a: Drifblim|[miss]\n|-miss|p1a: Annihilape|p2a: Drifblim\n|\n|upkeep\n|turn|16\n|\n|t:|1698624640\n|move|p2a: Drifblim|Baton Pass|p2a: Drifblim\n|\n|t:|1698624644\n|switch|p2a: Cinderace|Cinderace, F|100\/100|[from] Baton Pass\n|move|p1a: Annihilape|Rage Fist|p2a: Cinderace|[miss]\n|-miss|p1a: Annihilape|p2a: Cinderace\n|\n|upkeep\n|turn|17\n|\n|t:|1698624654\n|move|p2a: Cinderace|Agility|p2a: Cinderace\n|-start|p2a: Cinderace|typechange|Psychic|[from] ability: Libero\n|-boost|p2a: Cinderace|spe|2\n|move|p1a: Annihilape|Acrobatics|p2a: Cinderace|[miss]\n|-miss|p1a: Annihilape|p2a: Cinderace\n|\n|upkeep\n|turn|18\n|\n|t:|1698624666\n|move|p2a: Cinderace|Agility|p2a: Cinderace\n|-boost|p2a: Cinderace|spe|2\n|move|p1a: Annihilape|Acrobatics|p2a: Cinderace\n|-activate|p2a: Cinderace|move: Substitute|[damage]\n|\n|upkeep\n|turn|19\n|\n|t:|1698624674\n|move|p2a: Cinderace|Agility|p2a: Cinderace\n|-boost|p2a: Cinderace|spe|2\n|move|p1a: Annihilape|Rage Fist|p2a: Cinderace|[miss]\n|-miss|p1a: Annihilape|p2a: Cinderace\n|\n|upkeep\n|turn|20\n|\n|t:|1698624683\n|move|p2a: Cinderace|Swords Dance|p2a: Cinderace\n|-boost|p2a: Cinderace|atk|2\n|move|p1a: Annihilape|Rage Fist|p2a: Cinderace|[miss]\n|-miss|p1a: Annihilape|p2a: Cinderace\n|\n|upkeep\n|turn|21\n|\n|t:|1698624692\n|move|p2a: Cinderace|Swords Dance|p2a: Cinderace\n|-boost|p2a: Cinderace|atk|2\n|move|p1a: Annihilape|Rage Fist|p2a: Cinderace|[miss]\n|-miss|p1a: Annihilape|p2a: Cinderace\n|\n|upkeep\n|turn|22\n|\n|t:|1698624701\n|move|p2a: Cinderace|Swords Dance|p2a: Cinderace\n|-boost|p2a: Cinderace|atk|2\n|move|p1a: Annihilape|Rage Fist|p2a: Cinderace|[miss]\n|-miss|p1a: Annihilape|p2a: Cinderace\n|\n|upkeep\n|turn|23\n|\n|t:|1698624711\n|move|p2a: Cinderace|Swords Dance|p2a: Cinderace\n|-boost|p2a: Cinderace|atk|0\n|move|p1a: Annihilape|Acrobatics|p2a: Cinderace|[miss]\n|-miss|p1a: Annihilape|p2a: Cinderace\n|\n|upkeep\n|turn|24\n|\n|t:|1698624722\n|move|p2a: Cinderace|Swords Dance|p2a: Cinderace\n|-boost|p2a: Cinderace|atk|0\n|move|p1a: Annihilape|Acrobatics|p2a: Cinderace|[miss]\n|-miss|p1a: Annihilape|p2a: Cinderace\n|\n|upkeep\n|turn|25\n|\n|t:|1698624733\n|move|p2a: Cinderace|Swords Dance|p2a: Cinderace\n|-boost|p2a: Cinderace|atk|0\n|move|p1a: Annihilape|Acrobatics|p2a: Cinderace|[miss]\n|-miss|p1a: Annihilape|p2a: Cinderace\n|\n|upkeep\n|turn|26\n|\n|t:|1698624750\n|move|p2a: Cinderace|Swords Dance|p2a: Cinderace\n|-boost|p2a: Cinderace|atk|0\n|move|p1a: Annihilape|Acrobatics|p2a: Cinderace\n|-activate|p2a: Cinderace|move: Substitute|[damage]\n|\n|upkeep\n|turn|27\n|\n|t:|1698624760\n|move|p2a: Cinderace|Swords Dance|p2a: Cinderace\n|-boost|p2a: Cinderace|atk|0\n|move|p1a: Annihilape|Drain Punch|p2a: Cinderace|[miss]\n|-miss|p1a: Annihilape|p2a: Cinderace\n|\n|upkeep\n|turn|28\n|\n|t:|1698624769\n|move|p2a: Cinderace|Swords Dance|p2a: Cinderace\n|-boost|p2a: Cinderace|atk|0\n|move|p1a: Annihilape|Acrobatics|p2a: Cinderace\n|-end|p2a: Cinderace|Substitute\n|\n|upkeep\n|turn|29\n|\n|t:|1698624778\n|move|p2a: Cinderace|Swords Dance|p2a: Cinderace\n|-boost|p2a: Cinderace|atk|0\n|move|p1a: Annihilape|Acrobatics|p2a: Cinderace\n|-damage|p2a: Cinderace|89\/100\n|\n|-heal|p2a: Cinderace|95\/100|[from] item: Leftovers\n|upkeep\n|turn|30\n|\n|t:|1698624787\n|move|p2a: Cinderace|Substitute|p2a: Cinderace\n|-start|p2a: Cinderace|Substitute\n|-damage|p2a: Cinderace|70\/100\n|move|p1a: Annihilape|Acrobatics|p2a: Cinderace|[miss]\n|-miss|p1a: Annihilape|p2a: Cinderace\n|\n|-heal|p2a: Cinderace|76\/100|[from] item: Leftovers\n|upkeep\n|turn|31\n|\n|t:|1698624796\n|move|p2a: Cinderace|Swords Dance|p2a: Cinderace\n|-boost|p2a: Cinderace|atk|0\n|move|p1a: Annihilape|Acrobatics|p2a: Cinderace|[miss]\n|-miss|p1a: Annihilape|p2a: Cinderace\n|\n|-heal|p2a: Cinderace|82\/100|[from] item: Leftovers\n|upkeep\n|turn|32\n|\n|t:|1698624806\n|move|p2a: Cinderace|Swords Dance|p2a: Cinderace\n|-boost|p2a: Cinderace|atk|0\n|move|p1a: Annihilape|Acrobatics|p2a: Cinderace\n|-activate|p2a: Cinderace|move: Substitute|[damage]\n|\n|-heal|p2a: Cinderace|88\/100|[from] item: Leftovers\n|upkeep\n|turn|33\n|l|\u2606red1998poke\n|player|p2|\n|l| the dapper\n|j|\u2606red1998poke\n|player|p2|red1998poke|265\n|\n|t:|1698624915\n|move|p2a: Cinderace|Swords Dance|p2a: Cinderace\n|-boost|p2a: Cinderace|atk|0\n|move|p1a: Annihilape|Acrobatics|p2a: Cinderace|[miss]\n|-miss|p1a: Annihilape|p2a: Cinderace\n|\n|-heal|p2a: Cinderace|94\/100|[from] item: Leftovers\n|upkeep\n|turn|34\n|l|\u2606red1998poke\n|player|p2|\n|j|\u2606red1998poke\n|player|p2|red1998poke|265\n|n|\u2606red1998poke|red1998poke\n|inactive|Battle timer is ON: inactive players will automatically lose when time's up. (requested by red1998poke)\n|inactive|RedAlicorn has 120 seconds left.\n|\n|t:|1698625066\n|move|p2a: Cinderace|Swords Dance|p2a: Cinderace\n|-boost|p2a: Cinderace|atk|0\n|move|p1a: Annihilape|Poison Jab|p2a: Cinderace|[miss]\n|-miss|p1a: Annihilape|p2a: Cinderace\n|\n|-heal|p2a: Cinderace|99\/100|[from] item: Leftovers\n|upkeep\n|turn|35\n|\n|t:|1698625085\n|switch|p1a: Meowscarada|Meowscarada, F|100\/100\n|move|p2a: Cinderace|Swords Dance|p2a: Cinderace\n|-boost|p2a: Cinderace|atk|0\n|\n|-heal|p2a: Cinderace|100\/100|[from] item: Leftovers\n|upkeep\n|turn|36\n|\n|t:|1698625094\n|move|p2a: Cinderace|Swords Dance|p2a: Cinderace\n|-boost|p2a: Cinderace|atk|0\n|move|p1a: Meowscarada|Knock Off|p2a: Cinderace|[miss]\n|-start|p1a: Meowscarada|typechange|Dark|[from] ability: Protean\n|-miss|p1a: Meowscarada|p2a: Cinderace\n|\n|upkeep\n|turn|37\n|\n|t:|1698625107\n|move|p2a: Cinderace|Swords Dance|p2a: Cinderace\n|-boost|p2a: Cinderace|atk|0\n|move|p1a: Meowscarada|Knock Off|p2a: Cinderace|[miss]\n|-miss|p1a: Meowscarada|p2a: Cinderace\n|\n|upkeep\n|turn|38\n|\n|t:|1698625117\n|move|p2a: Cinderace|Swords Dance|p2a: Cinderace\n|-boost|p2a: Cinderace|atk|0\n|move|p1a: Meowscarada|Knock Off|p2a: Cinderace|[miss]\n|-miss|p1a: Meowscarada|p2a: Cinderace\n|\n|upkeep\n|turn|39\n|\n|t:|1698625127\n|move|p2a: Cinderace|Baton Pass|p2a: Cinderace\n|\n|t:|1698625136\n|switch|p2a: Drifblim|Drifblim, F|100\/100|[from] Baton Pass\n|move|p1a: Meowscarada|Knock Off|p2a: Drifblim|[miss]\n|-miss|p1a: Meowscarada|p2a: Drifblim\n|\n|upkeep\n|turn|40\n|\n|t:|1698625146\n|move|p2a: Drifblim|Baton Pass|p2a: Drifblim\n|\n|t:|1698625151\n|switch|p2a: Cinderace|Cinderace, F|100\/100|[from] Baton Pass\n|move|p1a: Meowscarada|Knock Off|p2a: Cinderace\n|-end|p2a: Cinderace|Substitute\n|\n|upkeep\n|turn|41\n|\n|t:|1698625180\n|move|p2a: Cinderace|Substitute|p2a: Cinderace\n|-start|p2a: Cinderace|typechange|Normal|[from] ability: Libero\n|-start|p2a: Cinderace|Substitute\n|-damage|p2a: Cinderace|75\/100\n|move|p1a: Meowscarada|Knock Off|p2a: Cinderace|[miss]\n|-miss|p1a: Meowscarada|p2a: Cinderace\n|\n|-heal|p2a: Cinderace|82\/100|[from] item: Leftovers\n|upkeep\n|turn|42\n|\n|t:|1698625193\n|move|p2a: Cinderace|Swords Dance|p2a: Cinderace\n|-boost|p2a: Cinderace|atk|0\n|move|p1a: Meowscarada|Brick Break|p2a: Cinderace|[miss]\n|-miss|p1a: Meowscarada|p2a: Cinderace\n|\n|-heal|p2a: Cinderace|88\/100|[from] item: Leftovers\n|upkeep\n|turn|43\n|\n|t:|1698625202\n|move|p2a: Cinderace|Swords Dance|p2a: Cinderace\n|-boost|p2a: Cinderace|atk|0\n|move|p1a: Meowscarada|Brick Break|p2a: Cinderace\n|-supereffective|p2a: Cinderace\n|-activate|p2a: Cinderace|move: Substitute|[damage]\n|\n|-heal|p2a: Cinderace|94\/100|[from] item: Leftovers\n|upkeep\n|turn|44\n|\n|t:|1698625211\n|move|p2a: Cinderace|Swords Dance|p2a: Cinderace\n|-boost|p2a: Cinderace|atk|0\n|move|p1a: Meowscarada|Brick Break|p2a: Cinderace|[miss]\n|-miss|p1a: Meowscarada|p2a: Cinderace\n|\n|-heal|p2a: Cinderace|99\/100|[from] item: Leftovers\n|upkeep\n|turn|45\n|\n|t:|1698625229\n|move|p2a: Cinderace|Swords Dance|p2a: Cinderace\n|-boost|p2a: Cinderace|atk|0\n|move|p1a: Meowscarada|Brick Break|p2a: Cinderace|[miss]\n|-miss|p1a: Meowscarada|p2a: Cinderace\n|\n|-heal|p2a: Cinderace|100\/100|[from] item: Leftovers\n|upkeep\n|turn|46\n|\n|t:|1698625238\n|move|p2a: Cinderace|Swords Dance|p2a: Cinderace\n|-boost|p2a: Cinderace|atk|0\n|move|p1a: Meowscarada|Brick Break|p2a: Cinderace|[miss]\n|-miss|p1a: Meowscarada|p2a: Cinderace\n|\n|upkeep\n|turn|47\n|\n|t:|1698625247\n|move|p2a: Cinderace|Swords Dance|p2a: Cinderace\n|-boost|p2a: Cinderace|atk|0\n|move|p1a: Meowscarada|Brick Break|p2a: Cinderace|[miss]\n|-miss|p1a: Meowscarada|p2a: Cinderace\n|\n|upkeep\n|turn|48\n|\n|t:|1698625255\n|move|p2a: Cinderace|Swords Dance|p2a: Cinderace\n|-boost|p2a: Cinderace|atk|0\n|move|p1a: Meowscarada|Brick Break|p2a: Cinderace|[miss]\n|-miss|p1a: Meowscarada|p2a: Cinderace\n|\n|upkeep\n|turn|49\n|\n|t:|1698625265\n|move|p2a: Cinderace|Swords Dance|p2a: Cinderace\n|-boost|p2a: Cinderace|atk|0\n|move|p1a: Meowscarada|Brick Break|p2a: Cinderace\n|-supereffective|p2a: Cinderace\n|-end|p2a: Cinderace|Substitute\n|\n|upkeep\n|turn|50\n|\n|t:|1698625282\n|move|p2a: Cinderace|Swords Dance|p2a: Cinderace\n|-boost|p2a: Cinderace|atk|0\n|move|p1a: Meowscarada|Brick Break|p2a: Cinderace|[miss]\n|-miss|p1a: Meowscarada|p2a: Cinderace\n|\n|upkeep\n|turn|51\n|\n|t:|1698625289\n|move|p2a: Cinderace|Substitute|p2a: Cinderace\n|-start|p2a: Cinderace|Substitute\n|-damage|p2a: Cinderace|75\/100\n|move|p1a: Meowscarada|Brick Break|p2a: Cinderace|[miss]\n|-miss|p1a: Meowscarada|p2a: Cinderace\n|\n|-heal|p2a: Cinderace|82\/100|[from] item: Leftovers\n|upkeep\n|turn|52\n|\n|t:|1698625300\n|move|p2a: Cinderace|Swords Dance|p2a: Cinderace\n|-boost|p2a: Cinderace|atk|0\n|move|p1a: Meowscarada|Brick Break|p2a: Cinderace|[miss]\n|-miss|p1a: Meowscarada|p2a: Cinderace\n|\n|-heal|p2a: Cinderace|88\/100|[from] item: Leftovers\n|upkeep\n|turn|53\n|\n|t:|1698625321\n|move|p2a: Cinderace|Baton Pass|p2a: Cinderace\n|\n|t:|1698625330\n|switch|p2a: Drifblim|Drifblim, F|100\/100|[from] Baton Pass\n|move|p1a: Meowscarada|Brick Break|p2a: Drifblim\n|-immune|p2a: Drifblim\n|\n|upkeep\n|turn|54\n|\n|t:|1698625345\n|move|p2a: Drifblim|Baton Pass|p2a: Drifblim\n|\n|t:|1698625347\n|switch|p2a: Cinderace|Cinderace, F|88\/100|[from] Baton Pass\n|move|p1a: Meowscarada|Knock Off|p2a: Cinderace|[miss]\n|-miss|p1a: Meowscarada|p2a: Cinderace\n|\n|-heal|p2a: Cinderace|94\/100|[from] item: Leftovers\n|upkeep\n|turn|55\n|\n|t:|1698625359\n|move|p2a: Cinderace|Swords Dance|p2a: Cinderace\n|-start|p2a: Cinderace|typechange|Normal|[from] ability: Libero\n|-boost|p2a: Cinderace|atk|0\n|move|p1a: Meowscarada|Knock Off|p2a: Cinderace|[miss]\n|-miss|p1a: Meowscarada|p2a: Cinderace\n|\n|-heal|p2a: Cinderace|99\/100|[from] item: Leftovers\n|upkeep\n|turn|56\n|\n|t:|1698625370\n|move|p2a: Cinderace|Baton Pass|p2a: Cinderace\n|\n|t:|1698625375\n|switch|p2a: Drifloon|Drifloon, M|45\/100|[from] Baton Pass\n|move|p1a: Meowscarada|Brick Break|p2a: Drifloon\n|-immune|p2a: Drifloon\n|\n|upkeep\n|turn|57\n|\n|t:|1698625388\n|move|p2a: Drifloon|Destiny Bond|p2a: Drifloon\n|-singlemove|p2a: Drifloon|Destiny Bond\n|move|p1a: Meowscarada|Brick Break|p2a: Drifloon\n|-immune|p2a: Drifloon\n|\n|upkeep\n|turn|58\n|\n|t:|1698625397\n|move|p2a: Drifloon|Amnesia|p2a: Drifloon\n|-boost|p2a: Drifloon|spd|0\n|move|p1a: Meowscarada|Knock Off|p2a: Drifloon\n|-supereffective|p2a: Drifloon\n|-end|p2a: Drifloon|Substitute\n|\n|upkeep\n|turn|59\n|\n|t:|1698625409\n|move|p2a: Drifloon|Baton Pass|p2a: Drifloon\n|\n|t:|1698625415\n|switch|p2a: Cinderace|Cinderace, F|99\/100|[from] Baton Pass\n|move|p1a: Meowscarada|Brick Break|p2a: Cinderace|[miss]\n|-miss|p1a: Meowscarada|p2a: Cinderace\n|\n|-heal|p2a: Cinderace|100\/100|[from] item: Leftovers\n|upkeep\n|turn|60\n|\n|t:|1698625427\n|move|p2a: Cinderace|Swords Dance|p2a: Cinderace\n|-start|p2a: Cinderace|typechange|Normal|[from] ability: Libero\n|-boost|p2a: Cinderace|atk|0\n|move|p1a: Meowscarada|Brick Break|p2a: Cinderace|[miss]\n|-miss|p1a: Meowscarada|p2a: Cinderace\n|\n|upkeep\n|turn|61\n|\n|t:|1698625449\n|move|p2a: Cinderace|Substitute|p2a: Cinderace\n|-start|p2a: Cinderace|Substitute\n|-damage|p2a: Cinderace|75\/100\n|move|p1a: Meowscarada|Brick Break|p2a: Cinderace\n|-supereffective|p2a: Cinderace\n|-activate|p2a: Cinderace|move: Substitute|[damage]\n|\n|-heal|p2a: Cinderace|82\/100|[from] item: Leftovers\n|upkeep\n|turn|62\n|\n|t:|1698625457\n|move|p2a: Cinderace|Baton Pass|p2a: Cinderace\n|\n|t:|1698625460\n|switch|p2a: Drifloon|Drifloon, M|45\/100|[from] Baton Pass\n|move|p1a: Meowscarada|Brick Break|p2a: Drifloon\n|-immune|p2a: Drifloon\n|\n|upkeep\n|turn|63\n|\n|t:|1698625471\n|move|p2a: Drifloon|Destiny Bond|p2a: Drifloon\n|-singlemove|p2a: Drifloon|Destiny Bond\n|move|p1a: Meowscarada|Brick Break|p2a: Drifloon\n|-immune|p2a: Drifloon\n|\n|upkeep\n|turn|64\n|\n|t:|1698625477\n|move|p2a: Drifloon|Amnesia|p2a: Drifloon\n|-boost|p2a: Drifloon|spd|0\n|move|p1a: Meowscarada|Knock Off|p2a: Drifloon|[miss]\n|-miss|p1a: Meowscarada|p2a: Drifloon\n|\n|upkeep\n|turn|65\n|\n|t:|1698625484\n|move|p2a: Drifloon|Baton Pass|p2a: Drifloon\n|\n|t:|1698625486\n|switch|p2a: Cinderace|Cinderace, F|82\/100|[from] Baton Pass\n|move|p1a: Meowscarada|Knock Off|p2a: Cinderace|[miss]\n|-miss|p1a: Meowscarada|p2a: Cinderace\n|\n|-heal|p2a: Cinderace|88\/100|[from] item: Leftovers\n|upkeep\n|turn|66\n|\n|t:|1698625496\n|move|p2a: Cinderace|Swords Dance|p2a: Cinderace\n|-start|p2a: Cinderace|typechange|Normal|[from] ability: Libero\n|-boost|p2a: Cinderace|atk|0\n|move|p1a: Meowscarada|Knock Off|p2a: Cinderace|[miss]\n|-miss|p1a: Meowscarada|p2a: Cinderace\n|\n|-heal|p2a: Cinderace|94\/100|[from] item: Leftovers\n|upkeep\n|turn|67\n|\n|t:|1698625507\n|move|p2a: Cinderace|Swords Dance|p2a: Cinderace\n|-boost|p2a: Cinderace|atk|0\n|move|p1a: Meowscarada|Knock Off|p2a: Cinderace\n|-end|p2a: Cinderace|Substitute\n|\n|-heal|p2a: Cinderace|99\/100|[from] item: Leftovers\n|upkeep\n|turn|68\n|\n|t:|1698625516\n|move|p2a: Cinderace|Agility|p2a: Cinderace\n|-boost|p2a: Cinderace|spe|0\n|move|p1a: Meowscarada|Knock Off|p2a: Cinderace|[miss]\n|-miss|p1a: Meowscarada|p2a: Cinderace\n|\n|-heal|p2a: Cinderace|100\/100|[from] item: Leftovers\n|upkeep\n|turn|69\n|\n|t:|1698625525\n|move|p2a: Cinderace|Substitute|p2a: Cinderace\n|-start|p2a: Cinderace|Substitute\n|-damage|p2a: Cinderace|75\/100\n|move|p1a: Meowscarada|Brick Break|p2a: Cinderace|[miss]\n|-miss|p1a: Meowscarada|p2a: Cinderace\n|\n|-heal|p2a: Cinderace|82\/100|[from] item: Leftovers\n|upkeep\n|turn|70\n|\n|t:|1698625535\n|move|p2a: Cinderace|Agility|p2a: Cinderace\n|-boost|p2a: Cinderace|spe|0\n|move|p1a: Meowscarada|Brick Break|p2a: Cinderace\n|-supereffective|p2a: Cinderace\n|-activate|p2a: Cinderace|move: Substitute|[damage]\n|\n|-heal|p2a: Cinderace|88\/100|[from] item: Leftovers\n|upkeep\n|turn|71\n|\n|t:|1698625548\n|move|p2a: Cinderace|Agility|p2a: Cinderace\n|-boost|p2a: Cinderace|spe|0\n|move|p1a: Meowscarada|Brick Break|p2a: Cinderace|[miss]\n|-miss|p1a: Meowscarada|p2a: Cinderace\n|\n|-heal|p2a: Cinderace|94\/100|[from] item: Leftovers\n|upkeep\n|turn|72\n|\n|t:|1698625557\n|move|p2a: Cinderace|Agility|p2a: Cinderace\n|-boost|p2a: Cinderace|spe|0\n|move|p1a: Meowscarada|Brick Break|p2a: Cinderace|[miss]\n|-miss|p1a: Meowscarada|p2a: Cinderace\n|\n|-heal|p2a: Cinderace|99\/100|[from] item: Leftovers\n|upkeep\n|turn|73\n|\n|t:|1698625567\n|move|p2a: Cinderace|Agility|p2a: Cinderace\n|-boost|p2a: Cinderace|spe|0\n|move|p1a: Meowscarada|Brick Break|p2a: Cinderace|[miss]\n|-miss|p1a: Meowscarada|p2a: Cinderace\n|\n|-heal|p2a: Cinderace|100\/100|[from] item: Leftovers\n|upkeep\n|turn|74\n|\n|t:|1698625580\n|move|p2a: Cinderace|Agility|p2a: Cinderace\n|-boost|p2a: Cinderace|spe|0\n|move|p1a: Meowscarada|Play Rough|p2a: Cinderace|[miss]\n|-miss|p1a: Meowscarada|p2a: Cinderace\n|\n|upkeep\n|turn|75\n|\n|t:|1698625588\n|move|p2a: Cinderace|Agility|p2a: Cinderace\n|-boost|p2a: Cinderace|spe|0\n|move|p1a: Meowscarada|Play Rough|p2a: Cinderace|[miss]\n|-miss|p1a: Meowscarada|p2a: Cinderace\n|\n|upkeep\n|turn|76\n|\n|t:|1698625596\n|move|p2a: Cinderace|Agility|p2a: Cinderace\n|-boost|p2a: Cinderace|spe|0\n|move|p1a: Meowscarada|Play Rough|p2a: Cinderace|[miss]\n|-miss|p1a: Meowscarada|p2a: Cinderace\n|\n|upkeep\n|turn|77\n|\n|t:|1698625610\n|move|p2a: Cinderace|Agility|p2a: Cinderace\n|-boost|p2a: Cinderace|spe|0\n|move|p1a: Meowscarada|Play Rough|p2a: Cinderace\n|-end|p2a: Cinderace|Substitute\n|\n|upkeep\n|turn|78\n|\n|t:|1698625620\n|move|p2a: Cinderace|Substitute|p2a: Cinderace\n|-start|p2a: Cinderace|Substitute\n|-damage|p2a: Cinderace|75\/100\n|move|p1a: Meowscarada|Play Rough|p2a: Cinderace|[miss]\n|-miss|p1a: Meowscarada|p2a: Cinderace\n|\n|-heal|p2a: Cinderace|82\/100|[from] item: Leftovers\n|upkeep\n|turn|79\n|\n|t:|1698625631\n|move|p2a: Cinderace|Agility|p2a: Cinderace\n|-boost|p2a: Cinderace|spe|0\n|move|p1a: Meowscarada|Play Rough|p2a: Cinderace|[miss]\n|-miss|p1a: Meowscarada|p2a: Cinderace\n|\n|-heal|p2a: Cinderace|88\/100|[from] item: Leftovers\n|upkeep\n|turn|80\n|\n|t:|1698625642\n|move|p2a: Cinderace|Agility|p2a: Cinderace\n|-boost|p2a: Cinderace|spe|0\n|move|p1a: Meowscarada|Play Rough|p2a: Cinderace\n|-crit|p2a: Cinderace\n|-end|p2a: Cinderace|Substitute\n|\n|-heal|p2a: Cinderace|94\/100|[from] item: Leftovers\n|upkeep\n|turn|81\n|\n|t:|1698625658\n|move|p2a: Cinderace|Substitute|p2a: Cinderace\n|-start|p2a: Cinderace|Substitute\n|-damage|p2a: Cinderace|69\/100\n|move|p1a: Meowscarada|Play Rough|p2a: Cinderace|[miss]\n|-miss|p1a: Meowscarada|p2a: Cinderace\n|\n|-heal|p2a: Cinderace|75\/100|[from] item: Leftovers\n|upkeep\n|turn|82\n|\n|t:|1698625668\n|move|p2a: Cinderace|Agility|p2a: Cinderace\n|-boost|p2a: Cinderace|spe|0\n|move|p1a: Meowscarada|Play Rough|p2a: Cinderace|[miss]\n|-miss|p1a: Meowscarada|p2a: Cinderace\n|\n|-heal|p2a: Cinderace|81\/100|[from] item: Leftovers\n|upkeep\n|turn|83\n|\n|t:|1698625684\n|move|p2a: Cinderace|Agility|p2a: Cinderace\n|-boost|p2a: Cinderace|spe|0\n|move|p1a: Meowscarada|Play Rough|p2a: Cinderace|[miss]\n|-miss|p1a: Meowscarada|p2a: Cinderace\n|\n|-heal|p2a: Cinderace|87\/100|[from] item: Leftovers\n|upkeep\n|turn|84\n|\n|t:|1698625696\n|move|p2a: Cinderace|Agility|p2a: Cinderace\n|-boost|p2a: Cinderace|spe|0\n|move|p1a: Meowscarada|Flower Trick|p2a: Cinderace\n|-crit|p2a: Cinderace\n|-end|p2a: Cinderace|Substitute\n|\n|-heal|p2a: Cinderace|93\/100|[from] item: Leftovers\n|upkeep\n|turn|85\n|\n|t:|1698625715\n|move|p2a: Cinderace|Substitute|p2a: Cinderace\n|-start|p2a: Cinderace|Substitute\n|-damage|p2a: Cinderace|68\/100\n|move|p1a: Meowscarada|Flower Trick|p2a: Cinderace\n|-crit|p2a: Cinderace\n|-end|p2a: Cinderace|Substitute\n|\n|-heal|p2a: Cinderace|74\/100|[from] item: Leftovers\n|upkeep\n|turn|86\n|\n|t:|1698625727\n|move|p2a: Cinderace|Substitute|p2a: Cinderace\n|-start|p2a: Cinderace|Substitute\n|-damage|p2a: Cinderace|49\/100\n|move|p1a: Meowscarada|Play Rough|p2a: Cinderace|[miss]\n|-miss|p1a: Meowscarada|p2a: Cinderace\n|\n|-heal|p2a: Cinderace|55\/100|[from] item: Leftovers\n|upkeep\n|turn|87\n|\n|t:|1698625736\n|move|p2a: Cinderace|Baton Pass|p2a: Cinderace\n|\n|t:|1698625739\n|switch|p2a: Drifblim|Drifblim, F|100\/100|[from] Baton Pass\n|move|p1a: Meowscarada|Play Rough|p2a: Drifblim|[miss]\n|-miss|p1a: Meowscarada|p2a: Drifblim\n|\n|upkeep\n|turn|88\n|\n|t:|1698625748\n|move|p2a: Drifblim|Minimize|p2a: Drifblim\n|-boost|p2a: Drifblim|evasion|0\n|move|p1a: Meowscarada|Knock Off|p2a: Drifblim|[miss]\n|-miss|p1a: Meowscarada|p2a: Drifblim\n|\n|upkeep\n|turn|89\n|\n|t:|1698625759\n|move|p2a: Drifblim|Amnesia|p2a: Drifblim\n|-boost|p2a: Drifblim|spd|0\n|move|p1a: Meowscarada|Knock Off|p2a: Drifblim|[miss]\n|-miss|p1a: Meowscarada|p2a: Drifblim\n|\n|upkeep\n|turn|90\n|inactive|red1998poke has 120 seconds left.\n|\n|t:|1698625808\n|move|p2a: Drifblim|Minimize|p2a: Drifblim\n|-boost|p2a: Drifblim|evasion|0\n|move|p1a: Meowscarada|Knock Off|p2a: Drifblim\n|-supereffective|p2a: Drifblim\n|-end|p2a: Drifblim|Substitute\n|\n|upkeep\n|turn|91\n|\n|t:|1698625818\n|move|p2a: Drifblim|Substitute|p2a: Drifblim\n|-start|p2a: Drifblim|Substitute\n|-damage|p2a: Drifblim|75\/100\n|move|p1a: Meowscarada|Flower Trick|p2a: Drifblim\n|-resisted|p2a: Drifblim\n|-crit|p2a: Drifblim\n|-activate|p2a: Drifblim|move: Substitute|[damage]\n|\n|upkeep\n|turn|92\n|\n|t:|1698625836\n|move|p2a: Drifblim|Minimize|p2a: Drifblim\n|-boost|p2a: Drifblim|evasion|0\n|move|p1a: Meowscarada|Flower Trick|p2a: Drifblim\n|-resisted|p2a: Drifblim\n|-crit|p2a: Drifblim\n|-end|p2a: Drifblim|Substitute\n|\n|upkeep\n|turn|93\n|\n|t:|1698625845\n|move|p2a: Drifblim|Substitute|p2a: Drifblim\n|-start|p2a: Drifblim|Substitute\n|-damage|p2a: Drifblim|50\/100\n|move|p1a: Meowscarada|Knock Off|p2a: Drifblim|[miss]\n|-miss|p1a: Meowscarada|p2a: Drifblim\n|\n|upkeep\n|turn|94\n|\n|t:|1698625855\n|move|p2a: Drifblim|Amnesia|p2a: Drifblim\n|-boost|p2a: Drifblim|spd|0\n|move|p1a: Meowscarada|Knock Off|p2a: Drifblim|[miss]\n|-miss|p1a: Meowscarada|p2a: Drifblim\n|\n|upkeep\n|turn|95\n|\n|t:|1698625864\n|move|p2a: Drifblim|Amnesia|p2a: Drifblim\n|-boost|p2a: Drifblim|spd|0\n|move|p1a: Meowscarada|Knock Off|p2a: Drifblim\n|-supereffective|p2a: Drifblim\n|-end|p2a: Drifblim|Substitute\n|\n|upkeep\n|turn|96\n|inactive|RedAlicorn has 120 seconds left.\n|\n|t:|1698625875\n|move|p2a: Drifblim|Substitute|p2a: Drifblim\n|-start|p2a: Drifblim|Substitute\n|-damage|p2a: Drifblim|25\/100\n|move|p1a: Meowscarada|Knock Off|p2a: Drifblim|[miss]\n|-miss|p1a: Meowscarada|p2a: Drifblim\n|\n|upkeep\n|turn|97\n|inactive|RedAlicorn has 120 seconds left.\n|\n|t:|1698625884\n|move|p2a: Drifblim|Amnesia|p2a: Drifblim\n|-boost|p2a: Drifblim|spd|0\n|move|p1a: Meowscarada|Knock Off|p2a: Drifblim\n|-supereffective|p2a: Drifblim\n|-end|p2a: Drifblim|Substitute\n|\n|upkeep\n|turn|98\n|inactive|RedAlicorn has 120 seconds left.\n|\n|t:|1698625892\n|move|p2a: Drifblim|Substitute|p2a: Drifblim\n|-fail|p2a: Drifblim|move: Substitute|[weak]\n|move|p1a: Meowscarada|Knock Off|p2a: Drifblim\n|-supereffective|p2a: Drifblim\n|-damage|p2a: Drifblim|0 fnt\n|-enditem|p2a: Drifblim|Red Card|[from] move: Knock Off|[of] p1a: Meowscarada\n|faint|p2a: Drifblim\n|\n|upkeep\n|-message|red1998poke forfeited.\n|\n|win|RedAlicorn\n|raw|RedAlicorn's rating: 1139 &rarr; <strong>1157<\/strong><br \/>(+18 for winning)\n|raw|red1998poke's rating: 1045 &rarr; <strong>1033<\/strong><br \/>(-12 for losing)\n|l|\u2606red1998poke\n","uploadtime":1698625907,"views":22,"p1id":"redalicorn","p2id":"red1998poke","formatid":"gen9anythinggoes","rating":1033,"private":0,"password":""}