{"id":"gen9anythinggoes-1999851177","p1":"HansWolp","p2":"LyraCherry99","format":"[Gen 9] Anything Goes","log":"|j|\u2606HansWolp\n|j|\u2606LyraCherry99\n|t:|1701122734\n|gametype|singles\n|player|p1|HansWolp|blackbelt-gen4dp|1133\n|player|p2|LyraCherry99|266|1000\n|teamsize|p1|6\n|teamsize|p2|6\n|gen|9\n|tier|[Gen 9] Anything Goes\n|rated|\n|rule|HP Percentage Mod: HP is shown in percentages\n|rule|Endless Battle Clause: Forcing endless battles is banned\n|clearpoke\n|poke|p1|Snorlax, F|\n|poke|p1|Volcarona, M|\n|poke|p1|Toxapex, M|\n|poke|p1|Zamazenta-*|\n|poke|p1|Garganacl, F|\n|poke|p1|Iron Hands|\n|poke|p2|Frosmoth, F|\n|poke|p2|Gastrodon-East, F|\n|poke|p2|Pawmot, F|\n|poke|p2|Jirachi|\n|poke|p2|Dragonite, M|\n|poke|p2|Gengar, F|\n|teampreview\n|\n|t:|1701122770\n|start\n|switch|p1a: Zamazenta|Zamazenta-Crowned|100\/100\n|switch|p2a: Frosnom|Frosmoth, F|100\/100\n|-ability|p1a: Zamazenta|Dauntless Shield|boost\n|-boost|p1a: Zamazenta|def|1\n|turn|1\n|\n|t:|1701122792\n|move|p1a: Zamazenta|Behemoth Bash|p2a: Frosnom\n|-supereffective|p2a: Frosnom\n|-damage|p2a: Frosnom|0 fnt\n|faint|p2a: Frosnom\n|\n|upkeep\n|\n|t:|1701122809\n|switch|p2a: Gastrodon|Gastrodon-East, F|100\/100\n|turn|2\n|\n|t:|1701122816\n|move|p1a: Zamazenta|Behemoth Bash|p2a: Gastrodon\n|-resisted|p2a: Gastrodon\n|-damage|p2a: Gastrodon|73\/100\n|move|p2a: Gastrodon|Earth Power|p1a: Zamazenta\n|-supereffective|p1a: Zamazenta\n|-damage|p1a: Zamazenta|39\/100\n|\n|-heal|p2a: Gastrodon|79\/100|[from] item: Leftovers\n|upkeep\n|turn|3\n|\n|t:|1701122831\n|switch|p1a: Snorlax|Snorlax, F|100\/100\n|move|p2a: Gastrodon|Earth Power|p1a: Snorlax\n|-damage|p1a: Snorlax|79\/100\n|-unboost|p1a: Snorlax|spd|1\n|\n|-heal|p2a: Gastrodon|85\/100|[from] item: Leftovers\n|upkeep\n|turn|4\n|\n|t:|1701122855\n|move|p2a: Gastrodon|Earth Power|p1a: Snorlax\n|-damage|p1a: Snorlax|51\/100\n|move|p1a: Snorlax|Stockpile|p1a: Snorlax\n|-start|p1a: Snorlax|stockpile1\n|-boost|p1a: Snorlax|def|1\n|-boost|p1a: Snorlax|spd|1\n|\n|-heal|p2a: Gastrodon|91\/100|[from] item: Leftovers\n|upkeep\n|turn|5\n|\n|t:|1701122865\n|move|p2a: Gastrodon|Earth Power|p1a: Snorlax\n|-damage|p1a: Snorlax|30\/100\n|-enditem|p1a: Snorlax|Iapapa Berry|[eat]\n|-heal|p1a: Snorlax|63\/100|[from] item: Iapapa Berry\n|move|p1a: Snorlax|Stockpile|p1a: Snorlax\n|-start|p1a: Snorlax|stockpile2\n|-boost|p1a: Snorlax|def|1\n|-boost|p1a: Snorlax|spd|1\n|\n|-heal|p2a: Gastrodon|97\/100|[from] item: Leftovers\n|upkeep\n|turn|6\n|\n|t:|1701122877\n|move|p2a: Gastrodon|Ancient Power|p1a: Snorlax\n|-damage|p1a: Snorlax|56\/100\n|move|p1a: Snorlax|Stockpile|p1a: Snorlax\n|-start|p1a: Snorlax|stockpile3\n|-boost|p1a: Snorlax|def|1\n|-boost|p1a: Snorlax|spd|1\n|\n|-heal|p2a: Gastrodon|100\/100|[from] item: Leftovers\n|upkeep\n|turn|7\n|\n|t:|1701122895\n|switch|p2a: Pawmot|Pawmot, F|100\/100\n|move|p1a: Snorlax|Recycle|p1a: Snorlax\n|-item|p1a: Snorlax|Iapapa Berry|[from] move: Recycle\n|\n|upkeep\n|turn|8\n|\n|t:|1701122902\n|move|p2a: Pawmot|Close Combat|p1a: Snorlax\n|-supereffective|p1a: Snorlax\n|-damage|p1a: Snorlax|21\/100\n|-unboost|p2a: Pawmot|def|1\n|-unboost|p2a: Pawmot|spd|1\n|-enditem|p1a: Snorlax|Iapapa Berry|[eat]\n|-heal|p1a: Snorlax|54\/100|[from] item: Iapapa Berry\n|move|p1a: Snorlax|Gunk Shot|p2a: Pawmot\n|-damage|p2a: Pawmot|33\/100\n|-status|p2a: Pawmot|psn\n|\n|-damage|p2a: Pawmot|20\/100 psn|[from] psn\n|upkeep\n|turn|9\n|\n|t:|1701122919\n|switch|p1a: Toxapex|Toxapex, M|100\/100\n|move|p2a: Pawmot|Close Combat|p1a: Toxapex\n|-resisted|p1a: Toxapex\n|-damage|p1a: Toxapex|79\/100\n|-unboost|p2a: Pawmot|def|1\n|-unboost|p2a: Pawmot|spd|1\n|\n|-heal|p1a: Toxapex|86\/100|[from] item: Black Sludge\n|-damage|p2a: Pawmot|8\/100 psn|[from] psn\n|upkeep\n|turn|10\n|\n|t:|1701122962\n|move|p1a: Toxapex|Baneful Bunker|p1a: Toxapex\n|-singleturn|p1a: Toxapex|move: Protect\n|move|p2a: Pawmot|Double Shock|p1a: Toxapex\n|-activate|p1a: Toxapex|move: Protect\n|\n|-heal|p1a: Toxapex|92\/100|[from] item: Black Sludge\n|-damage|p2a: Pawmot|0 fnt|[from] psn\n|faint|p2a: Pawmot\n|upkeep\n|\n|t:|1701122981\n|switch|p2a: Gastrodon|Gastrodon-East, F|100\/100\n|turn|11\n|\n|t:|1701122990\n|move|p1a: Toxapex|Baneful Bunker|p1a: Toxapex\n|-singleturn|p1a: Toxapex|move: Protect\n|move|p2a: Gastrodon|Hydro Pump|p1a: Toxapex\n|-activate|p1a: Toxapex|move: Protect\n|\n|-heal|p1a: Toxapex|98\/100|[from] item: Black Sludge\n|upkeep\n|turn|12\n|\n|t:|1701123000\n|move|p2a: Gastrodon|Hydro Pump|p1a: Toxapex\n|-resisted|p1a: Toxapex\n|-damage|p1a: Toxapex|82\/100\n|move|p1a: Toxapex|Gunk Shot|p2a: Gastrodon\n|-resisted|p2a: Gastrodon\n|-damage|p2a: Gastrodon|88\/100\n|\n|-heal|p2a: Gastrodon|94\/100|[from] item: Leftovers\n|-heal|p1a: Toxapex|88\/100|[from] item: Black Sludge\n|upkeep\n|turn|13\n|\n|t:|1701123017\n|switch|p1a: Snorlax|Snorlax, F|54\/100\n|move|p2a: Gastrodon|Hydro Pump|p1a: Snorlax\n|-damage|p1a: Snorlax|27\/100\n|\n|-heal|p2a: Gastrodon|99\/100|[from] item: Leftovers\n|upkeep\n|turn|14\n|\n|t:|1701123028\n|switch|p2a: Dragonite|Dragonite, M|100\/100\n|move|p1a: Snorlax|Recycle|p1a: Snorlax\n|-item|p1a: Snorlax|Iapapa Berry|[from] move: Recycle\n|-enditem|p1a: Snorlax|Iapapa Berry|[eat]\n|-heal|p1a: Snorlax|61\/100|[from] item: Iapapa Berry\n|\n|upkeep\n|turn|15\n|\n|t:|1701123038\n|-singleturn|p2a: Dragonite|move: Focus Punch\n|move|p1a: Snorlax|Recycle|p1a: Snorlax\n|-item|p1a: Snorlax|Iapapa Berry|[from] move: Recycle\n|move|p2a: Dragonite|Focus Punch|p1a: Snorlax\n|-supereffective|p1a: Snorlax\n|-damage|p1a: Snorlax|0 fnt\n|faint|p1a: Snorlax\n|\n|upkeep\n|\n|t:|1701123051\n|switch|p1a: Toxapex|Toxapex, M|88\/100\n|turn|16\n|\n|t:|1701123056\n|-singleturn|p2a: Dragonite|move: Focus Punch\n|move|p1a: Toxapex|Baneful Bunker|p1a: Toxapex\n|-singleturn|p1a: Toxapex|move: Protect\n|move|p2a: Dragonite|Focus Punch|p1a: Toxapex\n|-activate|p1a: Toxapex|move: Protect\n|-status|p2a: Dragonite|psn\n|\n|-heal|p1a: Toxapex|94\/100|[from] item: Black Sludge\n|-damage|p2a: Dragonite|88\/100 psn|[from] psn\n|upkeep\n|turn|17\n|\n|t:|1701123070\n|move|p2a: Dragonite|Draco Meteor|p1a: Toxapex\n|-damage|p1a: Toxapex|62\/100\n|-unboost|p2a: Dragonite|spa|2\n|move|p1a: Toxapex|Ice Beam|p2a: Dragonite\n|-supereffective|p2a: Dragonite\n|-crit|p2a: Dragonite\n|-damage|p2a: Dragonite|5\/100 psn\n|\n|-heal|p1a: Toxapex|69\/100|[from] item: Black Sludge\n|-damage|p2a: Dragonite|0 fnt|[from] psn\n|faint|p2a: Dragonite\n|upkeep\n|\n|t:|1701123081\n|switch|p2a: Gastrodon|Gastrodon-East, F|99\/100\n|turn|18\n|\n|t:|1701123087\n|move|p2a: Gastrodon|Hydro Pump|p1a: Toxapex\n|-resisted|p1a: Toxapex\n|-damage|p1a: Toxapex|54\/100\n|move|p1a: Toxapex|Ice Beam|p2a: Gastrodon\n|-damage|p2a: Gastrodon|88\/100\n|\n|-heal|p2a: Gastrodon|94\/100|[from] item: Leftovers\n|-heal|p1a: Toxapex|60\/100|[from] item: Black Sludge\n|upkeep\n|turn|19\n|\n|t:|1701123097\n|move|p2a: Gastrodon|Hydro Pump|p1a: Toxapex\n|-resisted|p1a: Toxapex\n|-damage|p1a: Toxapex|46\/100\n|move|p1a: Toxapex|Gunk Shot|p2a: Gastrodon\n|-resisted|p2a: Gastrodon\n|-damage|p2a: Gastrodon|80\/100\n|\n|-heal|p2a: Gastrodon|86\/100|[from] item: Leftovers\n|-heal|p1a: Toxapex|52\/100|[from] item: Black Sludge\n|upkeep\n|turn|20\n|\n|t:|1701123107\n|move|p1a: Toxapex|Baneful Bunker|p1a: Toxapex\n|-singleturn|p1a: Toxapex|move: Protect\n|move|p2a: Gastrodon|Hydro Pump|p1a: Toxapex\n|-activate|p1a: Toxapex|move: Protect\n|\n|-heal|p2a: Gastrodon|92\/100|[from] item: Leftovers\n|-heal|p1a: Toxapex|59\/100|[from] item: Black Sludge\n|upkeep\n|turn|21\n|\n|t:|1701123117\n|move|p2a: Gastrodon|Hydro Pump|p1a: Toxapex|[miss]\n|-miss|p2a: Gastrodon|p1a: Toxapex\n|move|p1a: Toxapex|Gunk Shot|p2a: Gastrodon\n|-resisted|p2a: Gastrodon\n|-damage|p2a: Gastrodon|78\/100\n|-status|p2a: Gastrodon|psn\n|\n|-heal|p2a: Gastrodon|84\/100 psn|[from] item: Leftovers\n|-heal|p1a: Toxapex|65\/100|[from] item: Black Sludge\n|-damage|p2a: Gastrodon|72\/100 psn|[from] psn\n|upkeep\n|turn|22\n|\n|t:|1701123133\n|move|p2a: Gastrodon|Hyper Beam|p1a: Toxapex\n|-damage|p1a: Toxapex|38\/100\n|-mustrecharge|p2a: Gastrodon\n|move|p1a: Toxapex|Ice Beam|p2a: Gastrodon\n|-crit|p2a: Gastrodon\n|-damage|p2a: Gastrodon|53\/100 psn\n|\n|-heal|p2a: Gastrodon|59\/100 psn|[from] item: Leftovers\n|-heal|p1a: Toxapex|45\/100|[from] item: Black Sludge\n|-damage|p2a: Gastrodon|47\/100 psn|[from] psn\n|upkeep\n|turn|23\n|\n|t:|1701123155\n|cant|p2a: Gastrodon|recharge\n|move|p1a: Toxapex|Ice Beam|p2a: Gastrodon\n|-crit|p2a: Gastrodon\n|-damage|p2a: Gastrodon|29\/100 psn\n|\n|-heal|p2a: Gastrodon|35\/100 psn|[from] item: Leftovers\n|-heal|p1a: Toxapex|51\/100|[from] item: Black Sludge\n|-damage|p2a: Gastrodon|23\/100 psn|[from] psn\n|upkeep\n|turn|24\n|\n|t:|1701123165\n|move|p1a: Toxapex|Baneful Bunker|p1a: Toxapex\n|-singleturn|p1a: Toxapex|move: Protect\n|move|p2a: Gastrodon|Hyper Beam|p1a: Toxapex\n|-activate|p1a: Toxapex|move: Protect\n|\n|-heal|p2a: Gastrodon|29\/100 psn|[from] item: Leftovers\n|-heal|p1a: Toxapex|57\/100|[from] item: Black Sludge\n|-damage|p2a: Gastrodon|16\/100 psn|[from] psn\n|upkeep\n|turn|25\n|\n|t:|1701123176\n|move|p2a: Gastrodon|Hyper Beam|p1a: Toxapex\n|-damage|p1a: Toxapex|29\/100\n|-mustrecharge|p2a: Gastrodon\n|move|p1a: Toxapex|Ice Beam|p2a: Gastrodon\n|-crit|p2a: Gastrodon\n|-damage|p2a: Gastrodon|0 fnt\n|faint|p2a: Gastrodon\n|\n|-heal|p1a: Toxapex|35\/100|[from] item: Black Sludge\n|upkeep\n|\n|t:|1701123184\n|switch|p2a: Jirachi|Jirachi|100\/100\n|turn|26\n|\n|t:|1701123190\n|move|p1a: Toxapex|Baneful Bunker|p1a: Toxapex\n|-singleturn|p1a: Toxapex|move: Protect\n|move|p2a: Jirachi|Thunder Punch|p1a: Toxapex\n|-activate|p1a: Toxapex|move: Protect\n|\n|-heal|p1a: Toxapex|41\/100|[from] item: Black Sludge\n|upkeep\n|turn|27\n|\n|t:|1701123202\n|switch|p1a: Volcarona|Volcarona, M|100\/100\n|move|p2a: Jirachi|Zen Headbutt|p1a: Volcarona\n|-damage|p1a: Volcarona|59\/100\n|\n|upkeep\n|turn|28\n|\n|t:|1701123209\n|move|p1a: Volcarona|Fiery Dance|p2a: Jirachi\n|-supereffective|p2a: Jirachi\n|-damage|p2a: Jirachi|23\/100\n|-boost|p1a: Volcarona|spa|1\n|move|p2a: Jirachi|Zen Headbutt|p1a: Volcarona|[miss]\n|-miss|p2a: Jirachi|p1a: Volcarona\n|\n|upkeep\n|turn|29\n|\n|t:|1701123217\n|switch|p2a: Gengar|Gengar, F|100\/100\n|move|p1a: Volcarona|Fiery Dance|p2a: Gengar\n|-damage|p2a: Gengar|11\/100\n|-boost|p1a: Volcarona|spa|1\n|-start|p1a: Volcarona|Disable|Fiery Dance|[from] ability: Cursed Body|[of] p2a: Gengar\n|\n|upkeep\n|turn|30\n|\n|t:|1701123233\n|move|p1a: Volcarona|Lunge|p2a: Gengar\n|-resisted|p2a: Gengar\n|-damage|p2a: Gengar|2\/100\n|-unboost|p2a: Gengar|atk|1\n|move|p2a: Gengar|Hypnosis|p1a: Volcarona\n|-status|p1a: Volcarona|slp|[from] move: Hypnosis\n|\n|upkeep\n|turn|31\n|\n|t:|1701123242\n|cant|p1a: Volcarona|slp\n|move|p2a: Gengar|Dream Eater|p1a: Volcarona\n|-damage|p1a: Volcarona|26\/100 slp\n|-heal|p2a: Gengar|24\/100|[from] drain|[of] p1a: Volcarona\n|\n|upkeep\n|turn|32\n|\n|t:|1701123252\n|switch|p1a: Toxapex|Toxapex, M|41\/100\n|move|p2a: Gengar|Dream Eater|p1a: Toxapex\n|-immune|p1a: Toxapex\n|\n|-heal|p1a: Toxapex|48\/100|[from] item: Black Sludge\n|upkeep\n|turn|33\n|\n|t:|1701123265\n|move|p1a: Toxapex|Baneful Bunker|p1a: Toxapex\n|-singleturn|p1a: Toxapex|move: Protect\n|move|p2a: Gengar|Hypnosis|p1a: Toxapex\n|-activate|p1a: Toxapex|move: Protect\n|\n|-heal|p1a: Toxapex|54\/100|[from] item: Black Sludge\n|upkeep\n|turn|34\n|\n|t:|1701123275\n|move|p2a: Gengar|Hypnosis|p1a: Toxapex\n|-status|p1a: Toxapex|slp|[from] move: Hypnosis\n|cant|p1a: Toxapex|slp\n|\n|-heal|p1a: Toxapex|60\/100 slp|[from] item: Black Sludge\n|upkeep\n|turn|35\n|\n|t:|1701123286\n|switch|p1a: Zamazenta|Zamazenta-Crowned|39\/100\n|move|p2a: Gengar|Hypnosis|p1a: Zamazenta\n|-status|p1a: Zamazenta|slp|[from] move: Hypnosis\n|\n|upkeep\n|turn|36\n|\n|t:|1701123294\n|cant|p1a: Zamazenta|slp\n|move|p2a: Gengar|Hypnosis|p1a: Zamazenta|[miss]\n|-miss|p2a: Gengar|p1a: Zamazenta\n|\n|upkeep\n|turn|37\n|\n|t:|1701123300\n|cant|p1a: Zamazenta|slp\n|move|p2a: Gengar|Dream Eater|p1a: Zamazenta\n|-damage|p1a: Zamazenta|11\/100 slp\n|-heal|p2a: Gengar|41\/100|[from] drain|[of] p1a: Zamazenta\n|\n|upkeep\n|turn|38\n|\n|t:|1701123308\n|-curestatus|p1a: Zamazenta|slp|[msg]\n|move|p1a: Zamazenta|Behemoth Bash|p2a: Gengar\n|-damage|p2a: Gengar|0 fnt\n|faint|p2a: Gengar\n|\n|upkeep\n|\n|t:|1701123314\n|switch|p2a: Jirachi|Jirachi|23\/100\n|turn|39\n|\n|t:|1701123321\n|move|p1a: Zamazenta|Focus Blast|p2a: Jirachi|[miss]\n|-miss|p1a: Zamazenta|p2a: Jirachi\n|move|p2a: Jirachi|Zen Headbutt|p1a: Zamazenta\n|-damage|p1a: Zamazenta|0 fnt\n|faint|p1a: Zamazenta\n|\n|upkeep\n|\n|t:|1701123329\n|switch|p1a: Volcarona|Volcarona, M|26\/100 slp\n|turn|40\n|\n|t:|1701123332\n|-curestatus|p1a: Volcarona|slp|[msg]\n|move|p1a: Volcarona|Fiery Dance|p2a: Jirachi\n|-supereffective|p2a: Jirachi\n|-damage|p2a: Jirachi|0 fnt\n|-boost|p1a: Volcarona|spa|1\n|faint|p2a: Jirachi\n|\n|win|HansWolp\n|raw|HansWolp's rating: 1133 &rarr; <strong>1149<\/strong><br \/>(+16 for winning)\n|raw|LyraCherry99's rating: 1000 &rarr; <strong>1000<\/strong><br \/>(+0 for losing)\n|l|\u2606LyraCherry99\n","uploadtime":1701123345,"views":0,"p1id":"hanswolp","p2id":"lyracherry99","formatid":"gen9anythinggoes","rating":1000,"private":0,"password":""}