{"id":"gen9anythinggoes-1996561508","p1":"Pure Hackmons","p2":"1hfkqhwhrelk%\u25d5\u203f\u203f\u25d5%","format":"[Gen 9] Anything Goes","log":"|j|\u2606Pure Hackmons\n|j|\u26061hfkqhwhrelk%\u25d5\u203f\u203f\u25d5%\n|t:|1700694503\n|gametype|singles\n|player|p1|Pure Hackmons|ethan|\n|player|p2|1hfkqhwhrelk%\u25d5\u203f\u203f\u25d5%|lusamine-nihilego|\n|teamsize|p1|6\n|teamsize|p2|2\n|gen|9\n|tier|[Gen 9] Anything Goes\n|rated|Tournament battle\n|rule|HP Percentage Mod: HP is shown in percentages\n|rule|Endless Battle Clause: Forcing endless battles is banned\n|rule|Species Clause: Limit one of each Pok\u00e9mon\n|rule|OHKO Clause: OHKO moves are banned\n|rule|Evasion Moves Clause: Evasion moves are banned\n|rule|Sleep Moves Clause: Sleep-inducing moves are banned\n|rule|1 Ability Clause: Limit 1 of each ability\n|rule|Terastal Clause: You cannot Terastallize\n|clearpoke\n|poke|p1|Hoopa-Unbound|\n|poke|p1|Corviknight, F|\n|poke|p1|Miraidon|\n|poke|p1|Dialga|\n|poke|p1|Groudon|\n|poke|p1|Arceus-Fighting|\n|poke|p2|Arceus-Psychic|\n|poke|p2|Iron Bundle|\n|teampreview\n|j|%Iolanthe\n|c|\u2606Pure Hackmons|Well Then .\n|\n|t:|1700694513\n|start\n|switch|p1a: Hoopa|Hoopa-Unbound|100\/100\n|switch|p2a: Iron Bundle|Iron Bundle, shiny|100\/100\n|-weather|Snow|[from] ability: Snow Warning|[of] p2a: Iron Bundle\n|-ability|p1a: Hoopa|Sword of Ruin\n|turn|1\n|l|%Iolanthe\n|c|\u26061hfkqhwhrelk%\u25d5\u203f\u203f\u25d5%|well\n|c|\u26061hfkqhwhrelk%\u25d5\u203f\u203f\u25d5%|this kinda just kills me\n|c|\u26061hfkqhwhrelk%\u25d5\u203f\u203f\u25d5%|\u2026unless?\n|\n|t:|1700694528\n|switch|p1a: Corviknight|Corviknight, F|100\/100\n|move|p2a: Iron Bundle|Aurora Veil|p2a: Iron Bundle\n|-sidestart|p2: 1hfkqhwhrelk%\u25d5\u203f\u203f\u25d5%|move: Aurora Veil\n|\n|-weather|Snow|[upkeep]\n|upkeep\n|turn|2\n|\n|t:|1700694532\n|move|p2a: Iron Bundle|Flip Turn|p1a: Corviknight\n|-damage|p1a: Corviknight|90\/100\n|\n|t:|1700694534\n|switch|p2a: Arceus|Arceus-Psychic, shiny|100\/100|[from] Flip Turn\n|move|p1a: Corviknight|Defog|p2a: Arceus\n|move|p2a: Arceus|Defog|p1a: Corviknight|[from]ability: Magic Bounce\n|-unboost|p1a: Corviknight|evasion|1\n|\n|-weather|Snow|[upkeep]\n|-heal|p1a: Corviknight|97\/100|[from] item: Leftovers\n|upkeep\n|turn|3\n|\n|t:|1700694541\n|move|p2a: Arceus|Cosmic Power|p2a: Arceus\n|-boost|p2a: Arceus|def|1\n|-boost|p2a: Arceus|spd|1\n|move|p1a: Corviknight|U-turn|p2a: Arceus\n|-supereffective|p2a: Arceus\n|-damage|p2a: Arceus|92\/100\n|\n|t:|1700694543\n|switch|p1a: Hoopa|Hoopa-Unbound|100\/100|[from] U-turn\n|-ability|p1a: Hoopa|Sword of Ruin\n|\n|-weather|Snow|[upkeep]\n|-heal|p2a: Arceus|98\/100|[from] item: Leftovers\n|upkeep\n|turn|4\n|\n|t:|1700694549\n|move|p1a: Hoopa|Hyperspace Fury|p2a: Arceus\n|-supereffective|p2a: Arceus\n|-damage|p2a: Arceus|49\/100\n|-unboost|p1a: Hoopa|def|1\n|move|p2a: Arceus|Body Press|p1a: Hoopa\n|-damage|p1a: Hoopa|0 fnt\n|faint|p1a: Hoopa\n|\n|-weather|Snow|[upkeep]\n|-heal|p2a: Arceus|55\/100|[from] item: Leftovers\n|upkeep\n|c|\u26061hfkqhwhrelk%\u25d5\u203f\u203f\u25d5%|woo\n|\n|t:|1700694556\n|switch|p1a: Miraidon|Miraidon|100\/100\n|-fieldstart|move: Electric Terrain|[from] ability: Hadron Engine|[of] p1a: Miraidon\n|turn|5\n|c|\u2606Pure Hackmons|moment\n|\n|t:|1700694562\n|move|p1a: Miraidon|Electro Drift|p2a: Arceus\n|-damage|p2a: Arceus|25\/100\n|move|p2a: Arceus|Recover|p2a: Arceus\n|-heal|p2a: Arceus|75\/100\n|\n|-weather|none\n|-heal|p2a: Arceus|81\/100|[from] item: Leftovers\n|upkeep\n|turn|6\n|\n|t:|1700694565\n|move|p1a: Miraidon|Electro Drift|p2a: Arceus\n|-damage|p2a: Arceus|49\/100\n|move|p2a: Arceus|Cosmic Power|p2a: Arceus\n|-boost|p2a: Arceus|def|1\n|-boost|p2a: Arceus|spd|1\n|\n|-heal|p2a: Arceus|55\/100|[from] item: Leftovers\n|upkeep\n|turn|7\n|\n|t:|1700694569\n|move|p1a: Miraidon|Electro Drift|p2a: Arceus\n|-damage|p2a: Arceus|34\/100\n|move|p2a: Arceus|Recover|p2a: Arceus\n|-heal|p2a: Arceus|84\/100\n|\n|-heal|p2a: Arceus|90\/100|[from] item: Leftovers\n|upkeep\n|turn|8\n|\n|t:|1700694570\n|move|p1a: Miraidon|Electro Drift|p2a: Arceus\n|-crit|p2a: Arceus\n|-damage|p2a: Arceus|0 fnt\n|faint|p2a: Arceus\n|\n|-sideend|p2: 1hfkqhwhrelk%\u25d5\u203f\u203f\u25d5%|move: Aurora Veil\n|upkeep\n|c|\u2606Pure Hackmons|GG.\n|c|\u26061hfkqhwhrelk%\u25d5\u203f\u203f\u25d5%|bruh.\n|-message|1hfkqhwhrelk%\u25d5\u203f\u203f\u25d5% forfeited.\n|\n|win|Pure Hackmons\n|n|\u2606Pure Hackmons|purehackmons\n|n|\u26061hfkqhwhrelk%\u25d5\u203f\u203f\u25d5%|1hfkqhwhrelk\n","uploadtime":1700694576,"views":0,"p1id":"purehackmons","p2id":"1hfkqhwhrelk","formatid":"gen9anythinggoes","rating":0,"private":0,"password":""}