{"id":"gen9anythinggoes-1983808058","p1":"I Crit My Panties","p2":"mid ladder memes","format":"[Gen 9] Anything Goes","log":"|j|\u2606I Crit My Panties\n|j|\u2606mid ladder memes\n|t:|1699184929\n|gametype|singles\n|player|p1|I Crit My Panties|169|1764\n|player|p2|mid ladder memes|saguaro|1825\n|teamsize|p1|6\n|teamsize|p2|6\n|gen|9\n|tier|[Gen 9] Anything Goes\n|rated|\n|rule|HP Percentage Mod: HP is shown in percentages\n|rule|Endless Battle Clause: Forcing endless battles is banned\n|clearpoke\n|poke|p1|Rayquaza|\n|poke|p1|Ting-Lu|\n|poke|p1|Calyrex-Shadow|\n|poke|p1|Giratina-Origin|\n|poke|p1|Arceus|\n|poke|p1|Skeledirge, F|\n|poke|p2|Calyrex-Shadow|\n|poke|p2|Umbreon, M|\n|poke|p2|Alomomola, M|\n|poke|p2|Koraidon|\n|poke|p2|Arceus-Poison|\n|poke|p2|Ting-Lu|\n|teampreview\n|inactive|Battle timer is ON: inactive players will automatically lose when time's up. (requested by I Crit My Panties)\n|\n|t:|1699184941\n|start\n|switch|p1a: Ting-Lu|Ting-Lu|100\/100\n|switch|p2a: king of seas|Alomomola, M|100\/100\n|-ability|p1a: Ting-Lu|Vessel of Ruin\n|turn|1\n|\n|t:|1699184944\n|move|p1a: Ting-Lu|Stealth Rock|p2a: king of seas\n|-sidestart|p2: mid ladder memes|move: Stealth Rock\n|move|p2a: king of seas|Flip Turn|p1a: Ting-Lu\n|-supereffective|p1a: Ting-Lu\n|-damage|p1a: Ting-Lu|82\/100\n|\n|t:|1699184948\n|switch|p2a: king of rising sun|Koraidon|100\/100|[from] Flip Turn\n|-damage|p2a: king of rising sun|94\/100|[from] Stealth Rock\n|-weather|SunnyDay|[from] ability: Orichalcum Pulse|[of] p2a: king of rising sun\n|-activate|p2a: king of rising sun|Orichalcum Pulse|[source]\n|\n|-weather|SunnyDay|[upkeep]\n|-heal|p1a: Ting-Lu|88\/100|[from] item: Leftovers\n|upkeep\n|turn|2\n|\n|t:|1699184951\n|switch|p1a: Skeledirge|Skeledirge, F|100\/100\n|move|p2a: king of rising sun|U-turn|p1a: Skeledirge\n|-resisted|p1a: Skeledirge\n|-damage|p1a: Skeledirge|96\/100\n|\n|t:|1699184956\n|switch|p2a: king of horses|Calyrex-Shadow|100\/100|[from] U-turn\n|-ability|p2a: king of horses|As One\n|-ability|p2a: king of horses|Unnerve\n|-damage|p2a: king of horses|88\/100|[from] Stealth Rock\n|\n|-weather|SunnyDay|[upkeep]\n|upkeep\n|turn|3\n|\n|t:|1699184960\n|switch|p1a: Arceus|Arceus|100\/100\n|move|p2a: king of horses|Grass Knot|p1a: Arceus\n|-damage|p1a: Arceus|48\/100\n|\n|-weather|SunnyDay|[upkeep]\n|upkeep\n|turn|4\n|\n|t:|1699184972\n|switch|p1a: Rayquaza|Rayquaza|100\/100\n|-ability|p1a: Rayquaza|Air Lock\n|move|p2a: king of horses|Grass Knot|p1a: Rayquaza\n|-resisted|p1a: Rayquaza\n|-damage|p1a: Rayquaza|82\/100\n|\n|-weather|SunnyDay|[upkeep]\n|upkeep\n|turn|5\n|\n|t:|1699184990\n|switch|p2a: king of seas|Alomomola, M|100\/100\n|-damage|p2a: king of seas|88\/100|[from] Stealth Rock\n|move|p1a: Rayquaza|U-turn|p2a: king of seas\n|-damage|p2a: king of seas|68\/100\n|-damage|p1a: Rayquaza|66\/100|[from] item: Rocky Helmet|[of] p2a: king of seas\n|\n|t:|1699184995\n|switch|p1a: Arceus|Arceus|48\/100|[from] U-turn\n|\n|-weather|none\n|upkeep\n|turn|6\n|\n|t:|1699184998\n|move|p1a: Arceus|Recover|p1a: Arceus\n|-heal|p1a: Arceus|98\/100\n|move|p2a: king of seas|Flip Turn|p1a: Arceus\n|-damage|p1a: Arceus|86\/100\n|\n|t:|1699185006\n|switch|p2a: king of night|Umbreon, M|100\/100|[from] Flip Turn\n|-damage|p2a: king of night|88\/100|[from] Stealth Rock\n|\n|-heal|p2a: king of night|94\/100|[from] item: Leftovers\n|upkeep\n|turn|7\n|\n|t:|1699185010\n|switch|p1a: Ting-Lu|Ting-Lu|88\/100\n|-ability|p1a: Ting-Lu|Vessel of Ruin\n|move|p2a: king of night|Toxic|p1a: Ting-Lu\n|-status|p1a: Ting-Lu|tox\n|\n|-heal|p2a: king of night|99\/100|[from] item: Leftovers\n|-heal|p1a: Ting-Lu|94\/100 tox|[from] item: Leftovers\n|-damage|p1a: Ting-Lu|88\/100 tox|[from] psn\n|upkeep\n|turn|8\n|\n|t:|1699185016\n|switch|p2a: king of rising sun|Koraidon|94\/100\n|-damage|p2a: king of rising sun|88\/100|[from] Stealth Rock\n|-weather|SunnyDay|[from] ability: Orichalcum Pulse|[of] p2a: king of rising sun\n|-activate|p2a: king of rising sun|Orichalcum Pulse|[source]\n|move|p1a: Ting-Lu|Spikes|p2a: king of rising sun\n|-sidestart|p2: mid ladder memes|Spikes\n|\n|-weather|SunnyDay|[upkeep]\n|-heal|p1a: Ting-Lu|94\/100 tox|[from] item: Leftovers\n|-damage|p1a: Ting-Lu|82\/100 tox|[from] psn\n|upkeep\n|turn|9\n|\n|t:|1699185019\n|switch|p1a: Skeledirge|Skeledirge, F|96\/100\n|move|p2a: king of rising sun|U-turn|p1a: Skeledirge\n|-resisted|p1a: Skeledirge\n|-damage|p1a: Skeledirge|90\/100\n|\n|t:|1699185036\n|switch|p2a: king of disease|Ting-Lu|100\/100|[from] U-turn\n|-damage|p2a: king of disease|94\/100|[from] Stealth Rock\n|-damage|p2a: king of disease|82\/100|[from] Spikes\n|-ability|p2a: king of disease|Vessel of Ruin\n|\n|-weather|SunnyDay|[upkeep]\n|-heal|p2a: king of disease|88\/100|[from] item: Leftovers\n|upkeep\n|turn|10\n|\n|t:|1699185041\n|switch|p1a: Rayquaza|Rayquaza|66\/100\n|-ability|p1a: Rayquaza|Air Lock\n|move|p2a: king of disease|Spikes|p1a: Rayquaza\n|-sidestart|p1: I Crit My Panties|Spikes\n|\n|-weather|SunnyDay|[upkeep]\n|-heal|p2a: king of disease|94\/100|[from] item: Leftovers\n|upkeep\n|turn|11\n|\n|t:|1699185049\n|switch|p2a: king of seas|Alomomola, M|100\/100\n|-damage|p2a: king of seas|88\/100|[from] Stealth Rock\n|-damage|p2a: king of seas|76\/100|[from] Spikes\n|move|p1a: Rayquaza|Dragon Ascent|p2a: king of seas\n|-damage|p2a: king of seas|21\/100\n|-unboost|p1a: Rayquaza|def|1\n|-unboost|p1a: Rayquaza|spd|1\n|-damage|p1a: Rayquaza|49\/100|[from] item: Rocky Helmet|[of] p2a: king of seas\n|\n|-weather|SunnyDay|[upkeep]\n|upkeep\n|turn|12\n|\n|t:|1699185060\n|move|p1a: Rayquaza|Dragon Ascent|p2a: king of seas\n|-damage|p2a: king of seas|0 fnt\n|-unboost|p1a: Rayquaza|def|1\n|-unboost|p1a: Rayquaza|spd|1\n|-damage|p1a: Rayquaza|33\/100|[from] item: Rocky Helmet|[of] p2a: king of seas\n|faint|p2a: king of seas\n|\n|-weather|none\n|upkeep\n|\n|t:|1699185067\n|switch|p2a: king of horses|Calyrex-Shadow|88\/100\n|-ability|p2a: king of horses|As One\n|-ability|p2a: king of horses|Unnerve\n|-damage|p2a: king of horses|76\/100|[from] Stealth Rock\n|-damage|p2a: king of horses|64\/100|[from] Spikes\n|turn|13\n|\n|t:|1699185073\n|switch|p1a: Ting-Lu|Ting-Lu|82\/100 tox\n|-damage|p1a: Ting-Lu|69\/100 tox|[from] Spikes\n|-ability|p1a: Ting-Lu|Vessel of Ruin\n|move|p2a: king of horses|Grass Knot|p1a: Ting-Lu\n|-supereffective|p1a: Ting-Lu\n|-damage|p1a: Ting-Lu|1\/100 tox\n|\n|-heal|p1a: Ting-Lu|8\/100 tox|[from] item: Leftovers\n|-damage|p1a: Ting-Lu|1\/100 tox|[from] psn\n|upkeep\n|turn|14\n|\n|t:|1699185080\n|switch|p1a: Giratina|Giratina-Origin|100\/100\n|move|p2a: king of horses|Grass Knot|p1a: Giratina\n|-resisted|p1a: Giratina\n|-damage|p1a: Giratina|76\/100\n|\n|upkeep\n|turn|15\n|\n|t:|1699185085\n|switch|p2a: king of night|Umbreon, M|99\/100\n|-damage|p2a: king of night|88\/100|[from] Stealth Rock\n|-damage|p2a: king of night|75\/100|[from] Spikes\n|move|p1a: Giratina|Dragon Tail|p2a: king of night\n|-damage|p2a: king of night|53\/100\n|drag|p2a: king of poison|Arceus-Poison|100\/100\n|-damage|p2a: king of poison|88\/100|[from] Stealth Rock\n|-damage|p2a: king of poison|75\/100|[from] Spikes\n|\n|upkeep\n|turn|16\n|\n|t:|1699185094\n|move|p2a: king of poison|Taunt|p1a: Giratina\n|-start|p1a: Giratina|move: Taunt\n|cant|p1a: Giratina|move: Taunt|Thunder Wave\n|\n|upkeep\n|turn|17\n|\n|t:|1699185101\n|move|p2a: king of poison|Will-O-Wisp|p1a: Giratina\n|-status|p1a: Giratina|brn\n|move|p1a: Giratina|Dragon Tail|p2a: king of poison\n|-damage|p2a: king of poison|69\/100\n|drag|p2a: king of rising sun|Koraidon|88\/100\n|-damage|p2a: king of rising sun|82\/100|[from] Stealth Rock\n|-damage|p2a: king of rising sun|70\/100|[from] Spikes\n|-weather|SunnyDay|[from] ability: Orichalcum Pulse|[of] p2a: king of rising sun\n|-activate|p2a: king of rising sun|Orichalcum Pulse|[source]\n|\n|-weather|SunnyDay|[upkeep]\n|-damage|p1a: Giratina|70\/100 brn|[from] brn\n|upkeep\n|turn|18\n|\n|t:|1699185110\n|switch|p1a: Ting-Lu|Ting-Lu|1\/100 tox\n|-damage|p1a: Ting-Lu|0 fnt|[from] Spikes\n|faint|p1a: Ting-Lu\n|move|p2a: king of rising sun|Outrage|p1: Ting-Lu|[notarget]\n|-fail|p2a: king of rising sun\n|\n|-weather|SunnyDay|[upkeep]\n|upkeep\n|\n|t:|1699185120\n|switch|p1a: Calyrex|Calyrex-Shadow|100\/100\n|-ability|p1a: Calyrex|As One\n|-ability|p1a: Calyrex|Unnerve\n|-damage|p1a: Calyrex|88\/100|[from] Spikes\n|turn|19\n|\n|t:|1699185135\n|switch|p2a: king of disease|Ting-Lu|94\/100\n|-damage|p2a: king of disease|88\/100|[from] Stealth Rock\n|-damage|p2a: king of disease|76\/100|[from] Spikes\n|-ability|p2a: king of disease|Vessel of Ruin\n|move|p1a: Calyrex|Astral Barrage|p2a: king of disease\n|-resisted|p2a: king of disease\n|-damage|p2a: king of disease|61\/100\n|\n|-weather|SunnyDay|[upkeep]\n|-heal|p2a: king of disease|68\/100|[from] item: Leftovers\n|upkeep\n|turn|20\n|\n|t:|1699185140\n|switch|p1a: Rayquaza|Rayquaza|33\/100\n|-ability|p1a: Rayquaza|Air Lock\n|move|p2a: king of disease|Spikes|p1a: Rayquaza\n|-sidestart|p1: I Crit My Panties|Spikes\n|\n|-weather|SunnyDay|[upkeep]\n|-heal|p2a: king of disease|74\/100|[from] item: Leftovers\n|upkeep\n|turn|21\n|\n|t:|1699185163\n|switch|p2a: king of poison|Arceus-Poison|69\/100\n|-damage|p2a: king of poison|56\/100|[from] Stealth Rock\n|-damage|p2a: king of poison|44\/100|[from] Spikes\n|move|p1a: Rayquaza|Dragon Ascent|p2a: king of poison\n|-damage|p2a: king of poison|0 fnt\n|-unboost|p1a: Rayquaza|def|1\n|-unboost|p1a: Rayquaza|spd|1\n|faint|p2a: king of poison\n|\n|-weather|none\n|upkeep\n|\n|t:|1699185165\n|switch|p2a: king of horses|Calyrex-Shadow|64\/100\n|-ability|p2a: king of horses|As One\n|-ability|p2a: king of horses|Unnerve\n|-damage|p2a: king of horses|51\/100|[from] Stealth Rock\n|-damage|p2a: king of horses|39\/100|[from] Spikes\n|turn|22\n|\n|t:|1699185175\n|switch|p1a: Giratina|Giratina-Origin|70\/100 brn\n|move|p2a: king of horses|Psyshock|p1a: Giratina\n|-damage|p1a: Giratina|25\/100 brn\n|\n|-damage|p1a: Giratina|19\/100 brn|[from] brn\n|upkeep\n|turn|23\n|\n|t:|1699185192\n|switch|p2a: king of disease|Ting-Lu|74\/100\n|-damage|p2a: king of disease|68\/100|[from] Stealth Rock\n|-damage|p2a: king of disease|55\/100|[from] Spikes\n|-ability|p2a: king of disease|Vessel of Ruin\n|move|p1a: Giratina|Dragon Tail|p2a: king of disease\n|-damage|p2a: king of disease|48\/100\n|drag|p2a: king of rising sun|Koraidon|70\/100\n|-damage|p2a: king of rising sun|64\/100|[from] Stealth Rock\n|-damage|p2a: king of rising sun|51\/100|[from] Spikes\n|-weather|SunnyDay|[from] ability: Orichalcum Pulse|[of] p2a: king of rising sun\n|-activate|p2a: king of rising sun|Orichalcum Pulse|[source]\n|\n|-weather|SunnyDay|[upkeep]\n|-damage|p1a: Giratina|13\/100 brn|[from] brn\n|upkeep\n|turn|24\n|\n|t:|1699185206\n|move|p2a: king of rising sun|U-turn|p1a: Giratina\n|-resisted|p1a: Giratina\n|-damage|p1a: Giratina|3\/100 brn\n|\n|t:|1699185209\n|switch|p2a: king of disease|Ting-Lu|48\/100|[from] U-turn\n|-damage|p2a: king of disease|42\/100|[from] Stealth Rock\n|-damage|p2a: king of disease|30\/100|[from] Spikes\n|-ability|p2a: king of disease|Vessel of Ruin\n|move|p1a: Giratina|Dragon Tail|p2a: king of disease\n|-damage|p2a: king of disease|22\/100\n|drag|p2a: king of night|Umbreon, M|53\/100\n|-damage|p2a: king of night|41\/100|[from] Stealth Rock\n|-damage|p2a: king of night|28\/100|[from] Spikes\n|\n|-weather|SunnyDay|[upkeep]\n|-heal|p2a: king of night|35\/100|[from] item: Leftovers\n|-damage|p1a: Giratina|0 fnt|[from] brn\n|faint|p1a: Giratina\n|upkeep\n|\n|t:|1699185223\n|switch|p1a: Rayquaza|Rayquaza|33\/100\n|-ability|p1a: Rayquaza|Air Lock\n|turn|25\n|\n|t:|1699185226\n|move|p2a: king of night|Protect|p2a: king of night\n|-singleturn|p2a: king of night|Protect\n|move|p1a: Rayquaza|Dragon Ascent|p2a: king of night\n|-activate|p2a: king of night|move: Protect\n|\n|-weather|SunnyDay|[upkeep]\n|-heal|p2a: king of night|41\/100|[from] item: Leftovers\n|upkeep\n|turn|26\n|inactive|mid ladder memes has 120 seconds left.\n|\n|t:|1699185279\n|switch|p2a: king of disease|Ting-Lu|22\/100\n|-damage|p2a: king of disease|16\/100|[from] Stealth Rock\n|-damage|p2a: king of disease|4\/100|[from] Spikes\n|-ability|p2a: king of disease|Vessel of Ruin\n|move|p1a: Rayquaza|Dragon Ascent|p2a: king of disease\n|-damage|p2a: king of disease|0 fnt\n|-unboost|p1a: Rayquaza|def|1\n|-unboost|p1a: Rayquaza|spd|1\n|faint|p2a: king of disease\n|\n|-weather|SunnyDay|[upkeep]\n|upkeep\n|\n|t:|1699185280\n|switch|p2a: king of horses|Calyrex-Shadow|39\/100\n|-ability|p2a: king of horses|As One\n|-ability|p2a: king of horses|Unnerve\n|-damage|p2a: king of horses|27\/100|[from] Stealth Rock\n|-damage|p2a: king of horses|14\/100|[from] Spikes\n|turn|27\n|\n|t:|1699185291\n|move|p2a: king of horses|Psyshock|p1a: Rayquaza\n|-damage|p1a: Rayquaza|0 fnt\n|faint|p1a: Rayquaza\n|-ability|p2a: king of horses|Grim Neigh|boost\n|-boost|p2a: king of horses|spa|1\n|\n|-weather|none\n|upkeep\n|\n|t:|1699185300\n|switch|p1a: Calyrex|Calyrex-Shadow|88\/100\n|-ability|p1a: Calyrex|As One\n|-ability|p1a: Calyrex|Unnerve\n|-damage|p1a: Calyrex|72\/100|[from] Spikes\n|turn|28\n|\n|t:|1699185305\n|move|p1a: Calyrex|Astral Barrage|p2a: king of horses\n|-supereffective|p2a: king of horses\n|-damage|p2a: king of horses|0 fnt\n|faint|p2a: king of horses\n|-ability|p1a: Calyrex|Grim Neigh|boost\n|-boost|p1a: Calyrex|spa|1\n|\n|upkeep\n|\n|t:|1699185308\n|switch|p2a: king of night|Umbreon, M|41\/100\n|-damage|p2a: king of night|28\/100|[from] Stealth Rock\n|-damage|p2a: king of night|16\/100|[from] Spikes\n|turn|29\n|\n|t:|1699185310\n|move|p2a: king of night|Protect|p2a: king of night\n|-singleturn|p2a: king of night|Protect\n|move|p1a: Calyrex|Astral Barrage|p2a: king of night\n|-activate|p2a: king of night|move: Protect\n|\n|-heal|p2a: king of night|22\/100|[from] item: Leftovers\n|upkeep\n|turn|30\n|\n|t:|1699185313\n|move|p1a: Calyrex|Astral Barrage|p2a: king of night\n|-resisted|p2a: king of night\n|-damage|p2a: king of night|0 fnt\n|faint|p2a: king of night\n|-ability|p1a: Calyrex|Grim Neigh|boost\n|-boost|p1a: Calyrex|spa|1\n|\n|upkeep\n|j| Primordiallite\n|\n|t:|1699185315\n|switch|p2a: king of rising sun|Koraidon|51\/100\n|-damage|p2a: king of rising sun|45\/100|[from] Stealth Rock\n|-damage|p2a: king of rising sun|33\/100|[from] Spikes\n|-weather|SunnyDay|[from] ability: Orichalcum Pulse|[of] p2a: king of rising sun\n|-activate|p2a: king of rising sun|Orichalcum Pulse|[source]\n|turn|31\n|\n|t:|1699185317\n|move|p1a: Calyrex|Astral Barrage|p2a: king of rising sun\n|-damage|p2a: king of rising sun|0 fnt\n|faint|p2a: king of rising sun\n|\n|win|I Crit My Panties\n|raw|I Crit My Panties's rating: 1764 &rarr; <strong>1787<\/strong><br \/>(+23 for winning)\n|raw|mid ladder memes's rating: 1825 &rarr; <strong>1802<\/strong><br \/>(-23 for losing)\n|c|\u2606mid ladder memes|ggwp\n|l|\u2606mid ladder memes\n|l| Primordiallite\n|l|\u2606I Crit My Panties\n|j|\u2606I Crit My Panties\n|player|p1|I Crit My Panties|169\n","uploadtime":1699185326,"views":12,"p1id":"icritmypanties","p2id":"midladdermemes","formatid":"gen9anythinggoes","rating":1787,"private":0,"password":""}