{"id":"gen9anythinggoes-1995247718","p1":"Free00","p2":"GaryOakdabest","format":"[Gen 9] Anything Goes","log":"|j|\u2606Free00\n|j|\u2606GaryOakdabest\n|t:|1700539810\n|gametype|singles\n|player|p1|Free00|2|1000\n|player|p2|GaryOakdabest|blue|1093\n|teamsize|p1|4\n|teamsize|p2|6\n|gen|9\n|tier|[Gen 9] Anything Goes\n|rated|\n|rule|HP Percentage Mod: HP is shown in percentages\n|rule|Endless Battle Clause: Forcing endless battles is banned\n|clearpoke\n|poke|p1|Jolteon, M|\n|poke|p1|Magnezone|\n|poke|p1|Lurantis, F|\n|poke|p1|Lilligant-Hisui, F|\n|poke|p2|Grimmsnarl, M|\n|poke|p2|Salamence, M|\n|poke|p2|Annihilape, M|\n|poke|p2|Cloyster, F|\n|poke|p2|Tropius, M|\n|poke|p2|Dudunsparce-*, F|\n|teampreview\n|inactive|Battle timer is ON: inactive players will automatically lose when time's up. (requested by GaryOakdabest)\n|\n|t:|1700539819\n|start\n|switch|p1a: Lilligant|Lilligant-Hisui, F|100\/100\n|switch|p2a: Grimmsnarl|Grimmsnarl, M, shiny|100\/100\n|turn|1\n|\n|t:|1700539829\n|-terastallize|p1a: Lilligant|Grass\n|move|p2a: Grimmsnarl|Thunder Wave|p1a: Lilligant\n|-status|p1a: Lilligant|par\n|move|p1a: Lilligant|Axe Kick|p2a: Grimmsnarl|[miss]\n|-miss|p1a: Lilligant|p2a: Grimmsnarl\n|-damage|p1a: Lilligant|51\/100 par|[from] highjumpkick\n|\n|upkeep\n|turn|2\n|\n|t:|1700539838\n|move|p2a: Grimmsnarl|Reflect|p2a: Grimmsnarl\n|-sidestart|p2: GaryOakdabest|Reflect\n|cant|p1a: Lilligant|par\n|\n|upkeep\n|turn|3\n|\n|t:|1700539841\n|cant|p1a: Lilligant|par\n|move|p2a: Grimmsnarl|Spirit Break|p1a: Lilligant\n|-damage|p1a: Lilligant|0 fnt\n|faint|p1a: Lilligant\n|\n|upkeep\n|\n|t:|1700539846\n|switch|p1a: Lurantis|Lurantis, F|100\/100\n|turn|4\n|\n|t:|1700539855\n|move|p2a: Grimmsnarl|Thunder Wave|p1a: Lurantis\n|-status|p1a: Lurantis|par\n|move|p1a: Lurantis|Solar Blade||[still]\n|-prepare|p1a: Lurantis|Solar Blade\n|-enditem|p1a: Lurantis|Power Herb\n|-anim|p1a: Lurantis|Solar Blade|p2a: Grimmsnarl\n|-crit|p2a: Grimmsnarl\n|-damage|p2a: Grimmsnarl|0 fnt\n|faint|p2a: Grimmsnarl\n|\n|upkeep\n|\n|t:|1700539866\n|switch|p2a: Cloyster|Cloyster, F|100\/100\n|turn|5\n|\n|t:|1700539871\n|move|p2a: Cloyster|Shell Smash|p2a: Cloyster\n|-unboost|p2a: Cloyster|def|1\n|-unboost|p2a: Cloyster|spd|1\n|-boost|p2a: Cloyster|atk|2\n|-boost|p2a: Cloyster|spa|2\n|-boost|p2a: Cloyster|spe|2\n|-enditem|p2a: Cloyster|White Herb\n|-clearnegativeboost|p2a: Cloyster|[silent]\n|move|p1a: Lurantis|Solar Blade||[still]\n|-prepare|p1a: Lurantis|Solar Blade\n|\n|upkeep\n|turn|6\n|\n|t:|1700539876\n|move|p2a: Cloyster|Icicle Spear|p1a: Lurantis\n|-supereffective|p1a: Lurantis\n|-damage|p1a: Lurantis|51\/100 par\n|-supereffective|p1a: Lurantis\n|-damage|p1a: Lurantis|0 fnt\n|faint|p1a: Lurantis\n|-hitcount|p1: Lurantis|2\n|\n|upkeep\n|\n|t:|1700539879\n|switch|p1a: Magnezone|Magnezone|100\/100\n|turn|7\n|\n|t:|1700539889\n|move|p2a: Cloyster|Rock Blast|p1a: Magnezone|[miss]\n|-miss|p2a: Cloyster|p1a: Magnezone\n|move|p1a: Magnezone|Tri Attack|p2a: Cloyster\n|-damage|p2a: Cloyster|39\/100\n|-status|p2a: Cloyster|brn\n|\n|-damage|p2a: Cloyster|33\/100 brn|[from] brn\n|upkeep\n|turn|8\n|\n|t:|1700539893\n|move|p2a: Cloyster|Rock Blast|p1a: Magnezone\n|-resisted|p1a: Magnezone\n|-damage|p1a: Magnezone|97\/100\n|-resisted|p1a: Magnezone\n|-damage|p1a: Magnezone|94\/100\n|-resisted|p1a: Magnezone\n|-damage|p1a: Magnezone|91\/100\n|-resisted|p1a: Magnezone\n|-damage|p1a: Magnezone|87\/100\n|-resisted|p1a: Magnezone\n|-damage|p1a: Magnezone|84\/100\n|-hitcount|p1a: Magnezone|5\n|move|p1a: Magnezone|Tri Attack|p2a: Cloyster\n|-damage|p2a: Cloyster|0 fnt\n|faint|p2a: Cloyster\n|\n|upkeep\n|\n|t:|1700539897\n|switch|p2a: Tropius|Tropius, M|100\/100\n|turn|9\n|\n|t:|1700539901\n|move|p1a: Magnezone|Tri Attack|p2a: Tropius\n|-damage|p2a: Tropius|84\/100\n|move|p2a: Tropius|Leech Seed|p1a: Magnezone\n|-start|p1a: Magnezone|move: Leech Seed\n|\n|-damage|p1a: Magnezone|72\/100|[from] Leech Seed|[of] p2a: Tropius\n|-heal|p2a: Tropius|95\/100|[silent]\n|-sideend|p2: GaryOakdabest|Reflect\n|upkeep\n|turn|10\n|\n|t:|1700539907\n|move|p1a: Magnezone|Heavy Slam|p2a: Tropius\n|-damage|p2a: Tropius|85\/100\n|move|p2a: Tropius|Substitute|p2a: Tropius\n|-start|p2a: Tropius|Substitute\n|-damage|p2a: Tropius|60\/100\n|\n|-damage|p1a: Magnezone|60\/100|[from] Leech Seed|[of] p2a: Tropius\n|-heal|p2a: Tropius|70\/100|[silent]\n|upkeep\n|turn|11\n|j| AmazingMaxwell\n|\n|t:|1700539915\n|move|p1a: Magnezone|Heavy Slam|p2a: Tropius\n|-activate|p2a: Tropius|move: Substitute|[damage]\n|move|p2a: Tropius|Energy Ball|p1a: Magnezone\n|-resisted|p1a: Magnezone\n|-damage|p1a: Magnezone|51\/100\n|\n|-damage|p1a: Magnezone|39\/100|[from] Leech Seed|[of] p2a: Tropius\n|-heal|p2a: Tropius|81\/100|[silent]\n|upkeep\n|turn|12\n|\n|t:|1700539923\n|move|p1a: Magnezone|Tri Attack|p2a: Tropius\n|-end|p2a: Tropius|Substitute\n|move|p2a: Tropius|Energy Ball|p1a: Magnezone\n|-resisted|p1a: Magnezone\n|-damage|p1a: Magnezone|30\/100\n|\n|-damage|p1a: Magnezone|18\/100|[from] Leech Seed|[of] p2a: Tropius\n|-heal|p2a: Tropius|91\/100|[silent]\n|upkeep\n|turn|13\n|\n|t:|1700539928\n|move|p1a: Magnezone|Heavy Slam|p2a: Tropius\n|-damage|p2a: Tropius|82\/100\n|move|p2a: Tropius|Substitute|p2a: Tropius\n|-start|p2a: Tropius|Substitute\n|-damage|p2a: Tropius|57\/100\n|\n|-damage|p1a: Magnezone|6\/100|[from] Leech Seed|[of] p2a: Tropius\n|-heal|p2a: Tropius|67\/100|[silent]\n|upkeep\n|turn|14\n|\n|t:|1700539932\n|move|p2a: Tropius|Protect|p2a: Tropius\n|-singleturn|p2a: Tropius|Protect\n|move|p1a: Magnezone|Tri Attack|p2a: Tropius\n|-activate|p2a: Tropius|move: Protect\n|\n|-damage|p1a: Magnezone|0 fnt|[from] Leech Seed|[of] p2a: Tropius\n|-heal|p2a: Tropius|72\/100|[silent]\n|faint|p1a: Magnezone\n|upkeep\n|\n|t:|1700539934\n|switch|p1a: Jolteon|Jolteon, M|100\/100\n|turn|15\n|\n|t:|1700539937\n|move|p1a: Jolteon|Calm Mind|p1a: Jolteon\n|-boost|p1a: Jolteon|spa|1\n|-boost|p1a: Jolteon|spd|1\n|move|p2a: Tropius|Leech Seed|p1a: Jolteon\n|-start|p1a: Jolteon|move: Leech Seed\n|\n|-damage|p1a: Jolteon|88\/100|[from] Leech Seed|[of] p2a: Tropius\n|-heal|p2a: Tropius|80\/100|[silent]\n|upkeep\n|turn|16\n|\n|t:|1700539941\n|move|p1a: Jolteon|Calm Mind|p1a: Jolteon\n|-boost|p1a: Jolteon|spa|1\n|-boost|p1a: Jolteon|spd|1\n|move|p2a: Tropius|Energy Ball|p1a: Jolteon\n|-damage|p1a: Jolteon|71\/100\n|\n|-damage|p1a: Jolteon|59\/100|[from] Leech Seed|[of] p2a: Tropius\n|-heal|p2a: Tropius|88\/100|[silent]\n|upkeep\n|turn|17\n|\n|t:|1700539943\n|move|p1a: Jolteon|Calm Mind|p1a: Jolteon\n|-boost|p1a: Jolteon|spa|1\n|-boost|p1a: Jolteon|spd|1\n|move|p2a: Tropius|Energy Ball|p1a: Jolteon\n|-damage|p1a: Jolteon|46\/100\n|\n|-damage|p1a: Jolteon|33\/100|[from] Leech Seed|[of] p2a: Tropius\n|-heal|p2a: Tropius|96\/100|[silent]\n|upkeep\n|turn|18\n|\n|t:|1700539946\n|move|p1a: Jolteon|Electro Ball|p2a: Tropius\n|-end|p2a: Tropius|Substitute\n|move|p2a: Tropius|Energy Ball|p1a: Jolteon\n|-damage|p1a: Jolteon|21\/100\n|\n|-damage|p1a: Jolteon|9\/100|[from] Leech Seed|[of] p2a: Tropius\n|-heal|p2a: Tropius|100\/100|[silent]\n|upkeep\n|turn|19\n|\n|t:|1700539949\n|move|p2a: Tropius|Protect|p2a: Tropius\n|-singleturn|p2a: Tropius|Protect\n|move|p1a: Jolteon|Electro Ball|p2a: Tropius\n|-activate|p2a: Tropius|move: Protect\n|\n|-damage|p1a: Jolteon|0 fnt|[from] Leech Seed|[of] p2a: Tropius\n|faint|p1a: Jolteon\n|\n|win|GaryOakdabest\n|upkeep\n|raw|Free00's rating: 1000 &rarr; <strong>1000<\/strong><br \/>(+0 for losing)\n|raw|GaryOakdabest's rating: 1093 &rarr; <strong>1112<\/strong><br \/>(+19 for winning)\n|l|\u2606GaryOakdabest\n","uploadtime":1700539979,"views":0,"p1id":"free00","p2id":"garyoakdabest","formatid":"gen9anythinggoes","rating":1000,"private":0,"password":""}