{"id":"gen9anythinggoes-1972419086","p1":"ghostgymleaderlol","p2":"Rowan_Rocket","format":"[Gen 9] Anything Goes","log":"|j|\u2606ghostgymleaderlol\n|j|\u2606Rowan_Rocket\n|t:|1697840718\n|gametype|singles\n|player|p1|ghostgymleaderlol|170|1000\n|player|p2|Rowan_Rocket|rocketgrunt|1078\n|teamsize|p1|5\n|teamsize|p2|6\n|gen|9\n|tier|[Gen 9] Anything Goes\n|rated|\n|rule|HP Percentage Mod: HP is shown in percentages\n|rule|Endless Battle Clause: Forcing endless battles is banned\n|clearpoke\n|poke|p1|Mimikyu, F|\n|poke|p1|Gengar, M|\n|poke|p1|Skeledirge, M|\n|poke|p1|Basculegion-F, F|\n|poke|p1|Sinistcha-Masterpiece|\n|poke|p2|Farigiraf, M|\n|poke|p2|Wyrdeer, F|\n|poke|p2|Ursaluna, M|\n|poke|p2|Grafaiai, M|\n|poke|p2|Zoroark-Hisui, M|\n|poke|p2|Ambipom, M|\n|teampreview\n|\n|t:|1697840749\n|start\n|switch|p1a: Skeledirge|Skeledirge, M|100\/100\n|switch|p2a: Grafaiai|Grafaiai, M|100\/100\n|turn|1\n|\n|t:|1697840759\n|move|p2a: Grafaiai|Switcheroo|p1a: Skeledirge\n|-activate|p2a: Grafaiai|move: Trick|[of] p1a: Skeledirge\n|-item|p1a: Skeledirge|Black Sludge|[from] move: Switcheroo\n|-item|p2a: Grafaiai|Weakness Policy|[from] move: Switcheroo\n|move|p1a: Skeledirge|Will-O-Wisp|p2a: Grafaiai\n|-status|p2a: Grafaiai|brn\n|\n|-damage|p1a: Skeledirge|88\/100|[from] item: Black Sludge\n|-damage|p2a: Grafaiai|95\/100 brn|[from] brn\n|upkeep\n|turn|2\n|\n|t:|1697840777\n|move|p2a: Grafaiai|Encore|p1a: Skeledirge\n|-start|p1a: Skeledirge|Encore\n|move|p1a: Skeledirge|Will-O-Wisp|p2a: Grafaiai\n|-fail|p2a: Grafaiai|brn\n|\n|-damage|p1a: Skeledirge|76\/100|[from] item: Black Sludge\n|-damage|p2a: Grafaiai|89\/100 brn|[from] brn\n|upkeep\n|turn|3\n|\n|t:|1697840790\n|switch|p1a: Gengar|Gengar, M|100\/100\n|move|p2a: Grafaiai|Parting Shot|p1a: Gengar\n|-unboost|p1a: Gengar|atk|1\n|-unboost|p1a: Gengar|spa|1\n|\n|t:|1697840800\n|switch|p2a: Ursaluna|Ursaluna, M|100\/100|[from] Parting Shot\n|\n|-status|p2a: Ursaluna|brn|[from] item: Flame Orb\n|upkeep\n|turn|4\n|\n|t:|1697840812\n|move|p1a: Gengar|Focus Blast|p2a: Ursaluna\n|-supereffective|p2a: Ursaluna\n|-damage|p2a: Ursaluna|60\/100 brn\n|move|p2a: Ursaluna|Earthquake|p1a: Gengar\n|-supereffective|p1a: Gengar\n|-enditem|p1a: Gengar|Focus Sash\n|-damage|p1a: Gengar|1\/100\n|\n|-damage|p2a: Ursaluna|53\/100 brn|[from] brn\n|upkeep\n|turn|5\n|\n|t:|1697840824\n|move|p1a: Gengar|Protect|p1a: Gengar\n|-singleturn|p1a: Gengar|Protect\n|move|p2a: Ursaluna|Trailblaze|p1a: Gengar\n|-activate|p1a: Gengar|move: Protect\n|\n|-damage|p2a: Ursaluna|47\/100 brn|[from] brn\n|upkeep\n|turn|6\n|\n|t:|1697840843\n|move|p1a: Gengar|Focus Blast|p2a: Ursaluna\n|-supereffective|p2a: Ursaluna\n|-damage|p2a: Ursaluna|3\/100 brn\n|move|p2a: Ursaluna|Trailblaze|p1a: Gengar\n|-resisted|p1a: Gengar\n|-damage|p1a: Gengar|0 fnt\n|-boost|p2a: Ursaluna|spe|1\n|faint|p1a: Gengar\n|\n|-damage|p2a: Ursaluna|0 fnt|[from] brn\n|faint|p2a: Ursaluna\n|upkeep\n|\n|t:|1697840857\n|switch|p1a: Sinistcha|Sinistcha-Masterpiece|100\/100\n|switch|p2a: Grafaiai|Grafaiai, M|89\/100 brn\n|turn|7\n|\n|t:|1697840868\n|move|p1a: Sinistcha|Protect|p1a: Sinistcha\n|-singleturn|p1a: Sinistcha|Protect\n|move|p2a: Grafaiai|Poison Jab|p1a: Sinistcha\n|-activate|p1a: Sinistcha|move: Protect\n|\n|-damage|p2a: Grafaiai|83\/100 brn|[from] brn\n|upkeep\n|turn|8\n|\n|t:|1697840888\n|switch|p1a: Mimikyu|Mimikyu, F|100\/100\n|move|p2a: Grafaiai|Encore||[still]\n|-fail|p2a: Grafaiai\n|\n|-damage|p2a: Grafaiai|77\/100 brn|[from] brn\n|upkeep\n|turn|9\n|\n|t:|1697840925\n|switch|p1a: Basculegion|Basculegion-F, F|100\/100\n|move|p2a: Grafaiai|Poison Jab|p1a: Basculegion\n|-resisted|p1a: Basculegion\n|-damage|p1a: Basculegion|92\/100\n|\n|-damage|p2a: Grafaiai|71\/100 brn|[from] brn\n|upkeep\n|turn|10\n|\n|t:|1697840951\n|move|p2a: Grafaiai|Poison Jab|p1a: Basculegion\n|-resisted|p1a: Basculegion\n|-damage|p1a: Basculegion|84\/100\n|move|p1a: Basculegion|Psychic Fangs|p2a: Grafaiai\n|-supereffective|p2a: Grafaiai\n|-damage|p2a: Grafaiai|0 fnt\n|faint|p2a: Grafaiai\n|-damage|p1a: Basculegion|74\/100|[from] item: Life Orb\n|\n|upkeep\n|\n|t:|1697840963\n|switch|p2a: Ambipom|Ambipom, M|100\/100\n|turn|11\n|\n|t:|1697840976\n|switch|p1a: Sinistcha|Sinistcha-Masterpiece|100\/100\n|move|p2a: Ambipom|Knock Off|p1a: Sinistcha\n|-supereffective|p1a: Sinistcha\n|-damage|p1a: Sinistcha|48\/100\n|-enditem|p1a: Sinistcha|Wiki Berry|[from] move: Knock Off|[of] p2a: Ambipom\n|\n|upkeep\n|turn|12\n|\n|t:|1697840999\n|move|p1a: Sinistcha|Protect|p1a: Sinistcha\n|-singleturn|p1a: Sinistcha|Protect\n|move|p2a: Ambipom|U-turn|p1a: Sinistcha\n|-activate|p1a: Sinistcha|move: Protect\n|\n|upkeep\n|turn|13\n|\n|t:|1697841016\n|switch|p1a: Skeledirge|Skeledirge, M|76\/100\n|move|p2a: Ambipom|U-turn|p1a: Skeledirge\n|-resisted|p1a: Skeledirge\n|-damage|p1a: Skeledirge|72\/100\n|\n|t:|1697841025\n|switch|p2a: Farigiraf|Farigiraf, M|100\/100|[from] U-turn\n|\n|-damage|p1a: Skeledirge|59\/100|[from] item: Black Sludge\n|upkeep\n|turn|14\n|\n|t:|1697841035\n|-terastallize|p1a: Skeledirge|Fire\n|move|p2a: Farigiraf|Bitter Malice|p1a: Skeledirge\n|-damage|p1a: Skeledirge|13\/100\n|-unboost|p1a: Skeledirge|atk|1\n|move|p1a: Skeledirge|Will-O-Wisp|p2a: Farigiraf\n|-status|p2a: Farigiraf|brn\n|\n|-damage|p1a: Skeledirge|1\/100|[from] item: Black Sludge\n|-damage|p2a: Farigiraf|95\/100 brn|[from] brn\n|upkeep\n|turn|15\n|\n|t:|1697841065\n|move|p2a: Farigiraf|Bitter Malice|p1a: Skeledirge\n|-damage|p1a: Skeledirge|0 fnt\n|faint|p1a: Skeledirge\n|\n|-damage|p2a: Farigiraf|89\/100 brn|[from] brn\n|upkeep\n|\n|t:|1697841093\n|switch|p1a: Sinistcha|Sinistcha-Masterpiece|48\/100\n|turn|16\n|\n|t:|1697841097\n|move|p1a: Sinistcha|Protect|p1a: Sinistcha\n|-singleturn|p1a: Sinistcha|Protect\n|move|p2a: Farigiraf|Bitter Malice|p1a: Sinistcha\n|-activate|p1a: Sinistcha|move: Protect\n|\n|-damage|p2a: Farigiraf|83\/100 brn|[from] brn\n|upkeep\n|turn|17\n|\n|t:|1697841107\n|move|p2a: Farigiraf|Bitter Malice|p1a: Sinistcha\n|-supereffective|p1a: Sinistcha\n|-damage|p1a: Sinistcha|0 fnt\n|faint|p1a: Sinistcha\n|\n|-damage|p2a: Farigiraf|77\/100 brn|[from] brn\n|upkeep\n|\n|t:|1697841115\n|switch|p1a: Mimikyu|Mimikyu, F|100\/100\n|turn|18\n|\n|t:|1697841135\n|move|p2a: Farigiraf|Bitter Malice|p1a: Mimikyu\n|-activate|p1a: Mimikyu|ability: Disguise\n|-damage|p1a: Mimikyu|100\/100\n|-unboost|p1a: Mimikyu|atk|1\n|detailschange|p1a: Mimikyu|Mimikyu-Busted, F\n|-damage|p1a: Mimikyu|88\/100|[from] pokemon: Mimikyu-Busted\n|move|p1a: Mimikyu|Giga Drain|p2a: Farigiraf\n|-damage|p2a: Farigiraf|48\/100 brn\n|-heal|p1a: Mimikyu|100\/100|[from] drain|[of] p2a: Farigiraf\n|replace|p2a: Zoroark|Zoroark-Hisui, M\n|-end|p2a: Zoroark|Illusion\n|\n|-damage|p2a: Zoroark|42\/100 brn|[from] brn\n|upkeep\n|turn|19\n|\n|t:|1697841155\n|switch|p2a: Wyrdeer|Wyrdeer, F|100\/100\n|switch|p1a: Basculegion|Basculegion-F, F|74\/100\n|\n|upkeep\n|turn|20\n|\n|t:|1697841179\n|switch|p1a: Mimikyu|Mimikyu-Busted, F|100\/100\n|move|p2a: Wyrdeer|Trailblaze|p1a: Mimikyu\n|-crit|p1a: Mimikyu\n|-damage|p1a: Mimikyu|74\/100\n|-boost|p2a: Wyrdeer|spe|1\n|\n|upkeep\n|turn|21\n|\n|t:|1697841193\n|move|p2a: Wyrdeer|Trailblaze|p1a: Mimikyu\n|-damage|p1a: Mimikyu|58\/100\n|-boost|p2a: Wyrdeer|spe|1\n|move|p1a: Mimikyu|Burning Jealousy|p2a: Wyrdeer\n|-damage|p2a: Wyrdeer|88\/100\n|-status|p2a: Wyrdeer|brn\n|\n|-heal|p2a: Wyrdeer|94\/100 brn|[from] item: Leftovers\n|-damage|p2a: Wyrdeer|88\/100 brn|[from] brn\n|upkeep\n|turn|22\n|\n|t:|1697841208\n|move|p2a: Wyrdeer|Psyshield Bash|p1a: Mimikyu\n|-damage|p1a: Mimikyu|40\/100\n|-boost|p2a: Wyrdeer|def|1\n|move|p1a: Mimikyu|Giga Drain|p2a: Wyrdeer\n|-ability|p2a: Wyrdeer|Sap Sipper|boost\n|-boost|p2a: Wyrdeer|atk|1\n|\n|-heal|p2a: Wyrdeer|94\/100 brn|[from] item: Leftovers\n|-damage|p2a: Wyrdeer|88\/100 brn|[from] brn\n|upkeep\n|turn|23\n|\n|t:|1697841222\n|switch|p1a: Basculegion|Basculegion-F, F|74\/100\n|move|p2a: Wyrdeer|Stored Power|p1a: Basculegion\n|-damage|p1a: Basculegion|40\/100\n|\n|-heal|p2a: Wyrdeer|94\/100 brn|[from] item: Leftovers\n|-damage|p2a: Wyrdeer|88\/100 brn|[from] brn\n|upkeep\n|turn|24\n|\n|t:|1697841242\n|move|p2a: Wyrdeer|Trailblaze|p1a: Basculegion\n|-supereffective|p1a: Basculegion\n|-damage|p1a: Basculegion|22\/100\n|-boost|p2a: Wyrdeer|spe|1\n|move|p1a: Basculegion|Icy Wind|p2a: Wyrdeer\n|-damage|p2a: Wyrdeer|75\/100 brn\n|-unboost|p2a: Wyrdeer|spe|1\n|-damage|p1a: Basculegion|12\/100|[from] item: Life Orb\n|\n|-heal|p2a: Wyrdeer|81\/100 brn|[from] item: Leftovers\n|-damage|p2a: Wyrdeer|75\/100 brn|[from] brn\n|upkeep\n|turn|25\n|\n|t:|1697841262\n|switch|p1a: Mimikyu|Mimikyu-Busted, F|40\/100\n|move|p2a: Wyrdeer|Trailblaze|p1a: Mimikyu\n|-damage|p1a: Mimikyu|28\/100\n|-boost|p2a: Wyrdeer|spe|1\n|\n|-heal|p2a: Wyrdeer|81\/100 brn|[from] item: Leftovers\n|-damage|p2a: Wyrdeer|75\/100 brn|[from] brn\n|upkeep\n|turn|26\n|\n|t:|1697841282\n|move|p2a: Wyrdeer|Stored Power|p1a: Mimikyu\n|-crit|p1a: Mimikyu\n|-damage|p1a: Mimikyu|0 fnt\n|faint|p1a: Mimikyu\n|\n|-heal|p2a: Wyrdeer|81\/100 brn|[from] item: Leftovers\n|-damage|p2a: Wyrdeer|75\/100 brn|[from] brn\n|upkeep\n|\n|t:|1697841289\n|switch|p1a: Basculegion|Basculegion-F, F|12\/100\n|turn|27\n|\n|t:|1697841293\n|move|p2a: Wyrdeer|Trailblaze|p1a: Basculegion\n|-supereffective|p1a: Basculegion\n|-damage|p1a: Basculegion|0 fnt\n|-boost|p2a: Wyrdeer|spe|1\n|faint|p1a: Basculegion\n|\n|win|Rowan_Rocket\n|raw|ghostgymleaderlol's rating: 1000 &rarr; <strong>1000<\/strong><br \/>(+0 for losing)\n|raw|Rowan_Rocket's rating: 1078 &rarr; <strong>1100<\/strong><br \/>(+22 for winning)\n|l|\u2606ghostgymleaderlol\n","uploadtime":1697841305,"views":10,"p1id":"ghostgymleaderlol","p2id":"rowanrocket","formatid":"gen9anythinggoes","rating":1000,"private":0,"password":""}