{"id":"gen9anythinggoes-1980893989","p1":"Enemypie","p2":"imaniceguy100","format":"[Gen 9] Anything Goes","log":"|j|\u2606Enemypie\n|j|\u203dimaniceguy100\n|t:|1698846690\n|gametype|singles\n|player|p1|Enemypie|hilbert-wonderlauncher|1000\n|player|p2|imaniceguy100|giovanni|1059\n|teamsize|p1|2\n|teamsize|p2|6\n|gen|9\n|tier|[Gen 9] Anything Goes\n|rated|\n|rule|HP Percentage Mod: HP is shown in percentages\n|rule|Endless Battle Clause: Forcing endless battles is banned\n|clearpoke\n|poke|p1|Volbeat, M|\n|poke|p1|Ursaluna-Bloodmoon, M|\n|poke|p2|Rayquaza|\n|poke|p2|Greninja-*, M|\n|poke|p2|Cinderace, F|\n|poke|p2|Chandelure, F|\n|poke|p2|Talonflame, M|\n|poke|p2|Magnezone|\n|teampreview\n|\n|t:|1698846704\n|start\n|switch|p1a: Volbeat|Volbeat, M|100\/100\n|switch|p2a: Rayquaza|Rayquaza|100\/100\n|-ability|p2a: Rayquaza|Air Lock\n|turn|1\n|\n|t:|1698846711\n|-terastallize|p2a: Rayquaza|Dragon\n|move|p1a: Volbeat|Tail Glow|p1a: Volbeat\n|-boost|p1a: Volbeat|spa|3\n|move|p2a: Rayquaza|Dragon Dance|p2a: Rayquaza\n|-boost|p2a: Rayquaza|atk|1\n|-boost|p2a: Rayquaza|spe|1\n|\n|upkeep\n|turn|2\n|\n|t:|1698846719\n|move|p1a: Volbeat|Encore|p2a: Rayquaza\n|-start|p2a: Rayquaza|Encore\n|move|p2a: Rayquaza|Dragon Dance|p2a: Rayquaza\n|-boost|p2a: Rayquaza|atk|1\n|-boost|p2a: Rayquaza|spe|1\n|\n|upkeep\n|turn|3\n|\n|t:|1698846728\n|switch|p2a: Magnezone|Magnezone|100\/100\n|move|p1a: Volbeat|Baton Pass|p1a: Volbeat\n|\n|t:|1698846730\n|switch|p1a: Ursaluna|Ursaluna-Bloodmoon, M|100\/100|[from] Baton Pass\n|\n|upkeep\n|turn|4\n|\n|t:|1698846736\n|move|p2a: Magnezone|Volt Switch|p1a: Ursaluna\n|-immune|p1a: Ursaluna\n|move|p1a: Ursaluna|Earth Power|p2a: Magnezone\n|-supereffective|p2a: Magnezone\n|-ability|p2a: Magnezone|Sturdy\n|-damage|p2a: Magnezone|1\/100\n|\n|upkeep\n|turn|5\n|\n|t:|1698846745\n|move|p2a: Magnezone|Gyro Ball|p1a: Ursaluna\n|-damage|p1a: Ursaluna|96\/100\n|move|p1a: Ursaluna|Earth Power|p2a: Magnezone\n|-supereffective|p2a: Magnezone\n|-damage|p2a: Magnezone|0 fnt\n|faint|p2a: Magnezone\n|\n|upkeep\n|\n|t:|1698846752\n|switch|p2a: Chandelure|Chandelure, F|100\/100\n|turn|6\n|\n|t:|1698846756\n|move|p2a: Chandelure|Night Shade|p1a: Ursaluna\n|-immune|p1a: Ursaluna\n|move|p1a: Ursaluna|Blood Moon|p2a: Chandelure\n|-damage|p2a: Chandelure|0 fnt\n|faint|p2a: Chandelure\n|\n|upkeep\n|\n|t:|1698846762\n|switch|p2a: Cinderace|Cinderace, F|100\/100\n|turn|7\n|\n|t:|1698846767\n|-terastallize|p1a: Ursaluna|Ground\n|move|p2a: Cinderace|High Jump Kick|p1a: Ursaluna\n|-damage|p1a: Ursaluna|65\/100\n|-damage|p2a: Cinderace|91\/100|[from] item: Life Orb\n|move|p1a: Ursaluna|Earth Power|p2a: Cinderace\n|-supereffective|p2a: Cinderace\n|-damage|p2a: Cinderace|0 fnt\n|faint|p2a: Cinderace\n|\n|upkeep\n|\n|t:|1698846777\n|switch|p2a: Talonflame|Talonflame, M|100\/100\n|turn|8\n|\n|t:|1698846783\n|move|p2a: Talonflame|Acrobatics|p1a: Ursaluna\n|-damage|p1a: Ursaluna|53\/100\n|move|p1a: Ursaluna|Hyper Voice|p2a: Talonflame\n|-damage|p2a: Talonflame|0 fnt\n|faint|p2a: Talonflame\n|\n|upkeep\n|\n|t:|1698846791\n|switch|p2a: Greninja|Greninja, M|100\/100\n|turn|9\n|\n|t:|1698846795\n|move|p2a: Greninja|Dark Pulse|p1a: Ursaluna\n|-damage|p1a: Ursaluna|27\/100\n|move|p1a: Ursaluna|Moonblast|p2a: Greninja\n|-supereffective|p2a: Greninja\n|-damage|p2a: Greninja|0 fnt\n|faint|p2a: Greninja\n|\n|upkeep\n|\n|t:|1698846802\n|switch|p2a: Rayquaza|Rayquaza, tera:Dragon|100\/100\n|-ability|p2a: Rayquaza|Air Lock\n|turn|10\n|\n|t:|1698846806\n|move|p2a: Rayquaza|Dragon Ascent|p1a: Ursaluna\n|-damage|p1a: Ursaluna|0 fnt\n|-unboost|p2a: Rayquaza|def|1\n|-unboost|p2a: Rayquaza|spd|1\n|faint|p1a: Ursaluna\n|\n|upkeep\n|\n|t:|1698846809\n|switch|p1a: Volbeat|Volbeat, M|100\/100\n|turn|11\n|\n|t:|1698846815\n|move|p2a: Rayquaza|Extreme Speed|p1a: Volbeat\n|-damage|p1a: Volbeat|56\/100\n|move|p1a: Volbeat|Tail Glow|p1a: Volbeat\n|-boost|p1a: Volbeat|spa|3\n|\n|-heal|p1a: Volbeat|62\/100|[from] item: Leftovers\n|upkeep\n|turn|12\n|\n|t:|1698846823\n|move|p1a: Volbeat|Bug Buzz|p2a: Rayquaza\n|-crit|p2a: Rayquaza\n|-damage|p2a: Rayquaza|0 fnt\n|faint|p2a: Rayquaza\n|\n|win|Enemypie\n|raw|Enemypie's rating: 1000 &rarr; <strong>1047<\/strong><br \/>(+47 for winning)\n|raw|imaniceguy100's rating: 1059 &rarr; <strong>1037<\/strong><br \/>(-22 for losing)\n|l|\u203dimaniceguy100\n|c|\u2606Enemypie|gg\n","uploadtime":1698846831,"views":16,"p1id":"enemypie","p2id":"imaniceguy100","formatid":"gen9anythinggoes","rating":1037,"private":0,"password":""}