{"id":"gen9anythinggoes-1975679767","p1":"Mac Moist","p2":"Tomolive502","format":"[Gen 9] Anything Goes","log":"|j|\u2606Mac Moist\n|j|\u2606Tomolive502\n|t:|1698223992\n|gametype|singles\n|player|p1|Mac Moist|pokemaniac|1603\n|player|p2|Tomolive502|fantina|1657\n|teamsize|p1|6\n|teamsize|p2|6\n|gen|9\n|tier|[Gen 9] Anything Goes\n|rated|\n|rule|HP Percentage Mod: HP is shown in percentages\n|rule|Endless Battle Clause: Forcing endless battles is banned\n|clearpoke\n|poke|p1|Hatterene, F|\n|poke|p1|Landorus-Therian, M|\n|poke|p1|Glimmora, M|\n|poke|p1|Calyrex-Shadow|\n|poke|p1|Kingambit, F|\n|poke|p1|Grimmsnarl, M|\n|poke|p2|Arceus|\n|poke|p2|Arceus-Ground|\n|poke|p2|Arceus-Dark|\n|poke|p2|Arceus-Poison|\n|poke|p2|Arceus|\n|poke|p2|Arceus-Fairy|\n|teampreview\n|c|\u2606Mac Moist|?\n|\n|t:|1698224014\n|start\n|switch|p1a: Grimmsnarl|Grimmsnarl, M|100\/100\n|switch|p2a: Purple Guy|Arceus-Poison|100\/100\n|turn|1\n|\n|t:|1698224026\n|move|p1a: Grimmsnarl|Light Screen|p1a: Grimmsnarl\n|-sidestart|p1: Mac Moist|move: Light Screen\n|move|p2a: Purple Guy|Stealth Rock|p1a: Grimmsnarl\n|-sidestart|p1: Mac Moist|move: Stealth Rock\n|\n|upkeep\n|turn|2\n|\n|t:|1698224031\n|move|p1a: Grimmsnarl|Reflect|p1a: Grimmsnarl\n|-sidestart|p1: Mac Moist|Reflect\n|move|p2a: Purple Guy|Sludge Bomb|p1a: Grimmsnarl\n|-supereffective|p1a: Grimmsnarl\n|-crit|p1a: Grimmsnarl\n|-damage|p1a: Grimmsnarl|0 fnt\n|faint|p1a: Grimmsnarl\n|\n|upkeep\n|\n|t:|1698224042\n|switch|p1a: Glimmora|Glimmora, M|100\/100\n|-damage|p1a: Glimmora|88\/100|[from] Stealth Rock\n|turn|3\n|\n|t:|1698224051\n|switch|p2a: Brown Guy|Arceus-Ground|100\/100\n|move|p1a: Glimmora|Stealth Rock|p2a: Brown Guy\n|-sidestart|p2: Tomolive502|move: Stealth Rock\n|\n|upkeep\n|turn|4\n|\n|t:|1698224056\n|switch|p1a: Landorus|Landorus-Therian, M|100\/100\n|-damage|p1a: Landorus|88\/100|[from] Stealth Rock\n|-ability|p1a: Landorus|Intimidate|boost\n|-unboost|p2a: Brown Guy|atk|1\n|move|p2a: Brown Guy|Judgment|p1a: Landorus\n|-immune|p1a: Landorus\n|\n|-heal|p1a: Landorus|94\/100|[from] item: Leftovers\n|upkeep\n|turn|5\n|inactive|Battle timer is ON: inactive players will automatically lose when time's up. (requested by Mac Moist)\n|\n|t:|1698224127\n|switch|p2a: Pink Guy|Arceus-Fairy|100\/100\n|-damage|p2a: Pink Guy|88\/100|[from] Stealth Rock\n|move|p1a: Landorus|Swords Dance|p1a: Landorus\n|-boost|p1a: Landorus|atk|2\n|\n|-heal|p1a: Landorus|100\/100|[from] item: Leftovers\n|upkeep\n|turn|6\n|\n|t:|1698224136\n|move|p2a: Pink Guy|Will-O-Wisp|p1a: Landorus|[miss]\n|-miss|p2a: Pink Guy|p1a: Landorus\n|move|p1a: Landorus|Earthquake|p2a: Pink Guy\n|-damage|p2a: Pink Guy|24\/100\n|\n|upkeep\n|turn|7\n|\n|t:|1698224142\n|move|p2a: Pink Guy|Will-O-Wisp|p1a: Landorus\n|-status|p1a: Landorus|brn\n|move|p1a: Landorus|Taunt|p2a: Pink Guy\n|-start|p2a: Pink Guy|move: Taunt\n|\n|-damage|p1a: Landorus|94\/100 brn|[from] brn\n|upkeep\n|turn|8\n|\n|t:|1698224151\n|move|p2a: Pink Guy|Judgment|p1a: Landorus\n|-damage|p1a: Landorus|66\/100 brn\n|move|p1a: Landorus|Earthquake|p2a: Pink Guy\n|-damage|p2a: Pink Guy|0 fnt\n|faint|p2a: Pink Guy\n|\n|-heal|p1a: Landorus|72\/100 brn|[from] item: Leftovers\n|-damage|p1a: Landorus|66\/100 brn|[from] brn\n|-sideend|p1: Mac Moist|move: Light Screen\n|upkeep\n|\n|t:|1698224159\n|switch|p2a: Black Guy|Arceus-Dark|100\/100\n|-damage|p2a: Black Guy|88\/100|[from] Stealth Rock\n|turn|9\n|\n|t:|1698224164\n|move|p2a: Black Guy|Calm Mind|p2a: Black Guy\n|-boost|p2a: Black Guy|spa|1\n|-boost|p2a: Black Guy|spd|1\n|move|p1a: Landorus|U-turn|p2a: Black Guy\n|-supereffective|p2a: Black Guy\n|-damage|p2a: Black Guy|55\/100\n|\n|t:|1698224172\n|switch|p1a: Glimmora|Glimmora, M|88\/100|[from] U-turn\n|-damage|p1a: Glimmora|76\/100|[from] Stealth Rock\n|\n|-sideend|p1: Mac Moist|Reflect\n|upkeep\n|turn|10\n|inactive|Mac Moist has 120 seconds left.\n|inactive|Mac Moist has 90 seconds left.\n|\n|t:|1698224236\n|move|p2a: Black Guy|Judgment|p1a: Glimmora\n|-damage|p1a: Glimmora|0 fnt\n|faint|p1a: Glimmora\n|\n|upkeep\n|inactive|Mac Moist has 90 seconds left.\n|\n|t:|1698224258\n|switch|p1a: Calyrex|Calyrex-Shadow|100\/100\n|-ability|p1a: Calyrex|As One\n|-ability|p1a: Calyrex|Unnerve\n|turn|11\n|\n|t:|1698224266\n|-terastallize|p1a: Calyrex|Fighting\n|-terastallize|p2a: Black Guy|Poison\n|move|p1a: Calyrex|Tera Blast|p2a: Black Guy|[anim] Tera Blast Fighting\n|-resisted|p2a: Black Guy\n|-damage|p2a: Black Guy|44\/100\n|move|p2a: Black Guy|Judgment|p1a: Calyrex\n|-resisted|p1a: Calyrex\n|-damage|p1a: Calyrex|65\/100\n|\n|upkeep\n|turn|12\n|\n|t:|1698224274\n|move|p1a: Calyrex|Psyshock|p2a: Black Guy\n|-supereffective|p2a: Black Guy\n|-damage|p2a: Black Guy|0 fnt\n|faint|p2a: Black Guy\n|-ability|p1a: Calyrex|Grim Neigh|boost\n|-boost|p1a: Calyrex|spa|1\n|\n|upkeep\n|\n|t:|1698224282\n|switch|p2a: Purple Guy|Arceus-Poison|100\/100\n|-damage|p2a: Purple Guy|88\/100|[from] Stealth Rock\n|turn|13\n|\n|t:|1698224287\n|move|p1a: Calyrex|Psyshock|p2a: Purple Guy\n|-supereffective|p2a: Purple Guy\n|-damage|p2a: Purple Guy|3\/100\n|move|p2a: Purple Guy|Sludge Bomb|p1a: Calyrex\n|-damage|p1a: Calyrex|25\/100\n|-status|p1a: Calyrex|psn\n|\n|-damage|p1a: Calyrex|12\/100 psn|[from] psn\n|upkeep\n|turn|14\n|\n|t:|1698224299\n|move|p1a: Calyrex|Psyshock|p2a: Purple Guy\n|-supereffective|p2a: Purple Guy\n|-damage|p2a: Purple Guy|0 fnt\n|faint|p2a: Purple Guy\n|-ability|p1a: Calyrex|Grim Neigh|boost\n|-boost|p1a: Calyrex|spa|1\n|\n|-damage|p1a: Calyrex|0 fnt|[from] psn\n|faint|p1a: Calyrex\n|upkeep\n|\n|t:|1698224307\n|switch|p1a: Landorus|Landorus-Therian, M|66\/100 brn\n|switch|p2a: Normal Guy|Arceus|100\/100\n|-damage|p2a: Normal Guy|88\/100|[from] Stealth Rock\n|-damage|p1a: Landorus|53\/100 brn|[from] Stealth Rock\n|-ability|p1a: Landorus|Intimidate|boost\n|-unboost|p2a: Normal Guy|atk|1\n|turn|15\n|\n|t:|1698224314\n|move|p2a: Normal Guy|Dragon Dance|p2a: Normal Guy\n|-boost|p2a: Normal Guy|atk|1\n|-boost|p2a: Normal Guy|spe|1\n|move|p1a: Landorus|Taunt|p2a: Normal Guy\n|-start|p2a: Normal Guy|move: Taunt\n|\n|-heal|p1a: Landorus|60\/100 brn|[from] item: Leftovers\n|-damage|p1a: Landorus|53\/100 brn|[from] brn\n|upkeep\n|turn|16\n|inactive|Mac Moist has 120 seconds left.\n|\n|t:|1698224323\n|move|p2a: Normal Guy|Facade|p1a: Landorus\n|-damage|p1a: Landorus|11\/100 brn\n|move|p1a: Landorus|Earthquake|p2a: Normal Guy\n|-damage|p2a: Normal Guy|63\/100\n|\n|-heal|p1a: Landorus|17\/100 brn|[from] item: Leftovers\n|-damage|p1a: Landorus|11\/100 brn|[from] brn\n|upkeep\n|turn|17\n|\n|t:|1698224331\n|move|p2a: Normal Guy|Facade|p1a: Landorus\n|-damage|p1a: Landorus|0 fnt\n|faint|p1a: Landorus\n|\n|upkeep\n|\n|t:|1698224336\n|switch|p1a: Hatterene|Hatterene, F|100\/100\n|-damage|p1a: Hatterene|88\/100|[from] Stealth Rock\n|turn|18\n|\n|t:|1698224344\n|move|p2a: Normal Guy|Shadow Claw|p1a: Hatterene\n|-supereffective|p1a: Hatterene\n|-damage|p1a: Hatterene|45\/100\n|move|p1a: Hatterene|Nuzzle|p2a: Normal Guy\n|-damage|p2a: Normal Guy|59\/100\n|-status|p2a: Normal Guy|par\n|\n|-heal|p1a: Hatterene|51\/100|[from] item: Leftovers\n|-end|p2a: Normal Guy|move: Taunt\n|upkeep\n|turn|19\n|\n|t:|1698224355\n|move|p2a: Normal Guy|Shadow Claw|p1a: Hatterene\n|-supereffective|p1a: Hatterene\n|-damage|p1a: Hatterene|6\/100\n|move|p1a: Hatterene|Swords Dance|p1a: Hatterene\n|-boost|p1a: Hatterene|atk|2\n|\n|-heal|p1a: Hatterene|12\/100|[from] item: Leftovers\n|upkeep\n|turn|20\n|\n|t:|1698224363\n|move|p2a: Normal Guy|Facade|p1a: Hatterene\n|-damage|p1a: Hatterene|0 fnt\n|faint|p1a: Hatterene\n|\n|upkeep\n|\n|t:|1698224367\n|switch|p1a: Kingambit|Kingambit, F|100\/100\n|-damage|p1a: Kingambit|94\/100|[from] Stealth Rock\n|-activate|p1a: Kingambit|ability: Supreme Overlord\n|-start|p1a: Kingambit|fallen5|[silent]\n|turn|21\n|\n|t:|1698224375\n|switch|p2a: Brown Guy|Arceus-Ground|100\/100\n|-damage|p2a: Brown Guy|94\/100|[from] Stealth Rock\n|move|p1a: Kingambit|Swords Dance|p1a: Kingambit\n|-boost|p1a: Kingambit|atk|2\n|\n|upkeep\n|turn|22\n|\n|t:|1698224382\n|move|p1a: Kingambit|Sucker Punch||[still]\n|-fail|p1a: Kingambit\n|move|p2a: Brown Guy|Thunder Wave|p1a: Kingambit\n|-status|p1a: Kingambit|par\n|\n|upkeep\n|turn|23\n|\n|t:|1698224388\n|move|p1a: Kingambit|Sucker Punch||[still]\n|-fail|p1a: Kingambit\n|move|p2a: Brown Guy|Taunt|p1a: Kingambit\n|-start|p1a: Kingambit|move: Taunt\n|\n|upkeep\n|turn|24\n|\n|t:|1698224395\n|move|p1a: Kingambit|Sucker Punch||[still]\n|-fail|p1a: Kingambit\n|move|p2a: Brown Guy|Recover|p2a: Brown Guy\n|-heal|p2a: Brown Guy|100\/100\n|\n|upkeep\n|turn|25\n|\n|t:|1698224400\n|move|p2a: Brown Guy|Taunt||[still]\n|-fail|p2a: Brown Guy\n|move|p1a: Kingambit|Kowtow Cleave|p2a: Brown Guy\n|-damage|p2a: Brown Guy|6\/100\n|\n|upkeep\n|turn|26\n|\n|t:|1698224418\n|cant|p1a: Kingambit|par\n|move|p2a: Brown Guy|Recover|p2a: Brown Guy\n|-heal|p2a: Brown Guy|57\/100\n|\n|-end|p1a: Kingambit|move: Taunt\n|upkeep\n|turn|27\n|\n|t:|1698224427\n|move|p2a: Brown Guy|Recover|p2a: Brown Guy\n|-heal|p2a: Brown Guy|100\/100\n|move|p1a: Kingambit|Kowtow Cleave|p2a: Brown Guy\n|-damage|p2a: Brown Guy|4\/100\n|\n|upkeep\n|turn|28\n|\n|t:|1698224435\n|move|p2a: Brown Guy|Judgment|p1a: Kingambit\n|-supereffective|p1a: Kingambit\n|-damage|p1a: Kingambit|0 fnt\n|faint|p1a: Kingambit\n|-end|p1a: Kingambit|fallen5|[silent]\n|\n|win|Tomolive502\n|raw|Mac Moist's rating: 1603 &rarr; <strong>1586<\/strong><br \/>(-17 for losing)\n|raw|Tomolive502's rating: 1657 &rarr; <strong>1674<\/strong><br \/>(+17 for winning)\n|l|\u2606Mac Moist\n|l|\u2606Tomolive502\n","uploadtime":1698224445,"views":14,"p1id":"macmoist","p2id":"tomolive502","formatid":"gen9anythinggoes","rating":1586,"private":0,"password":""}