{"id":"gen9anythinggoes-2000496828","p1":"YoungEsq","p2":"bgraves3","format":"[Gen 9] Anything Goes","log":"|j|\u2606YoungEsq\n|j|\u2606bgraves3\n|t:|1701199736\n|gametype|singles\n|player|p1|YoungEsq|266|1243\n|player|p2|bgraves3|richboy-gen4|1330\n|teamsize|p1|6\n|teamsize|p2|6\n|gen|9\n|tier|[Gen 9] Anything Goes\n|rated|\n|rule|HP Percentage Mod: HP is shown in percentages\n|rule|Endless Battle Clause: Forcing endless battles is banned\n|clearpoke\n|poke|p1|Ting-Lu|\n|poke|p1|Gholdengo|\n|poke|p1|Roaring Moon|\n|poke|p1|Chi-Yu|\n|poke|p1|Samurott-Hisui, F|\n|poke|p1|Mandibuzz, F|\n|poke|p2|Scizor, M|\n|poke|p2|Quaquaval, M|\n|poke|p2|Regieleki|\n|poke|p2|Shaymin-Sky|\n|poke|p2|Snorlax, M|\n|poke|p2|Dragonite, M|\n|teampreview\n|inactive|Battle timer is ON: inactive players will automatically lose when time's up. (requested by YoungEsq)\n|\n|t:|1701199743\n|start\n|switch|p1a: Ting-Lu|Ting-Lu|100\/100\n|switch|p2a: Regieleki|Regieleki, shiny|100\/100\n|-ability|p1a: Ting-Lu|Vessel of Ruin\n|turn|1\n|\n|t:|1701199762\n|switch|p2a: Quaquaval|Quaquaval, M, shiny|100\/100\n|move|p1a: Ting-Lu|Earthquake|p2a: Quaquaval\n|-damage|p2a: Quaquaval|51\/100\n|\n|upkeep\n|turn|2\n|\n|t:|1701199769\n|-terastallize|p1a: Ting-Lu|Water\n|move|p2a: Quaquaval|Aqua Step|p1a: Ting-Lu\n|-resisted|p1a: Ting-Lu\n|-damage|p1a: Ting-Lu|90\/100\n|-boost|p2a: Quaquaval|spe|1\n|move|p1a: Ting-Lu|Whirlwind|p2a: Quaquaval\n|drag|p2a: Shaymin|Shaymin-Sky, shiny|100\/100\n|\n|-heal|p1a: Ting-Lu|96\/100|[from] item: Leftovers\n|upkeep\n|turn|3\n|\n|t:|1701199781\n|move|p2a: Shaymin|Air Slash|p1a: Ting-Lu\n|-damage|p1a: Ting-Lu|82\/100\n|move|p1a: Ting-Lu|Stealth Rock|p2a: Shaymin\n|-sidestart|p2: bgraves3|move: Stealth Rock\n|\n|-heal|p1a: Ting-Lu|88\/100|[from] item: Leftovers\n|upkeep\n|turn|4\n|inactive|bgraves3 has 120 seconds left.\n|\n|t:|1701199838\n|move|p2a: Shaymin|Energy Ball|p1a: Ting-Lu\n|-supereffective|p1a: Ting-Lu\n|-damage|p1a: Ting-Lu|51\/100\n|move|p1a: Ting-Lu|Whirlwind|p2a: Shaymin\n|drag|p2a: Dragonite|Dragonite, M, shiny|100\/100\n|-damage|p2a: Dragonite|76\/100|[from] Stealth Rock\n|\n|-heal|p2a: Dragonite|82\/100|[from] item: Leftovers\n|-heal|p1a: Ting-Lu|57\/100|[from] item: Leftovers\n|upkeep\n|turn|5\n|\n|t:|1701199851\n|switch|p1a: Samurott|Samurott-Hisui, F|100\/100\n|move|p2a: Dragonite|Extreme Speed|p1a: Samurott\n|-damage|p1a: Samurott|66\/100\n|\n|-heal|p2a: Dragonite|88\/100|[from] item: Leftovers\n|upkeep\n|turn|6\n|\n|t:|1701199860\n|move|p2a: Dragonite|Extreme Speed|p1a: Samurott\n|-damage|p1a: Samurott|29\/100\n|move|p1a: Samurott|Ceaseless Edge|p2a: Dragonite|[miss]\n|-miss|p1a: Samurott|p2a: Dragonite\n|\n|-heal|p2a: Dragonite|94\/100|[from] item: Leftovers\n|upkeep\n|turn|7\n|\n|t:|1701199864\n|move|p2a: Dragonite|Extreme Speed|p1a: Samurott\n|-damage|p1a: Samurott|0 fnt\n|faint|p1a: Samurott\n|\n|-heal|p2a: Dragonite|100\/100|[from] item: Leftovers\n|upkeep\n|\n|t:|1701199880\n|switch|p1a: Mandibuzz|Mandibuzz, F|100\/100\n|turn|8\n|inactive|bgraves3 has 120 seconds left.\n|inactive|bgraves3 has 90 seconds left.\n|\n|t:|1701199924\n|move|p2a: Dragonite|Extreme Speed|p1a: Mandibuzz\n|-damage|p1a: Mandibuzz|78\/100\n|move|p1a: Mandibuzz|Toxic|p2a: Dragonite\n|-status|p2a: Dragonite|tox\n|\n|-damage|p2a: Dragonite|94\/100 tox|[from] psn\n|upkeep\n|turn|9\n|\n|t:|1701199934\n|move|p2a: Dragonite|Ice Spinner|p1a: Mandibuzz\n|-supereffective|p1a: Mandibuzz\n|-damage|p1a: Mandibuzz|30\/100\n|move|p1a: Mandibuzz|Foul Play|p2a: Dragonite\n|-damage|p2a: Dragonite|27\/100 tox\n|\n|-heal|p2a: Dragonite|34\/100 tox|[from] item: Leftovers\n|-damage|p2a: Dragonite|21\/100 tox|[from] psn\n|upkeep\n|turn|10\n|inactive|bgraves3 has 90 seconds left.\n|\n|t:|1701199960\n|switch|p1a: Gholdengo|Gholdengo|100\/100\n|-item|p1a: Gholdengo|Air Balloon\n|move|p2a: Dragonite|Ice Spinner|p1a: Gholdengo\n|-resisted|p1a: Gholdengo\n|-damage|p1a: Gholdengo|83\/100\n|-enditem|p1a: Gholdengo|Air Balloon\n|\n|-heal|p2a: Dragonite|27\/100 tox|[from] item: Leftovers\n|-damage|p2a: Dragonite|9\/100 tox|[from] psn\n|upkeep\n|turn|11\n|\n|t:|1701199973\n|move|p1a: Gholdengo|Nasty Plot|p1a: Gholdengo\n|-boost|p1a: Gholdengo|spa|2\n|move|p2a: Dragonite|Ice Spinner|p1a: Gholdengo\n|-resisted|p1a: Gholdengo\n|-damage|p1a: Gholdengo|67\/100\n|\n|-heal|p2a: Dragonite|15\/100 tox|[from] item: Leftovers\n|-damage|p2a: Dragonite|0 fnt|[from] psn\n|faint|p2a: Dragonite\n|upkeep\n|\n|t:|1701199980\n|switch|p2a: Snorlax|Snorlax, M, shiny|100\/100\n|-damage|p2a: Snorlax|88\/100|[from] Stealth Rock\n|turn|12\n|\n|t:|1701199989\n|move|p1a: Gholdengo|Make It Rain|p2a: Snorlax\n|-damage|p2a: Snorlax|14\/100\n|-unboost|p1a: Gholdengo|spa|1\n|move|p2a: Snorlax|Earthquake|p1a: Gholdengo\n|-supereffective|p1a: Gholdengo\n|-damage|p1a: Gholdengo|0 fnt\n|faint|p1a: Gholdengo\n|\n|upkeep\n|\n|t:|1701200005\n|switch|p1a: Chi-Yu|Chi-Yu|100\/100\n|-ability|p1a: Chi-Yu|Beads of Ruin\n|turn|13\n|inactive|bgraves3 has 90 seconds left.\n|inactive|bgraves3 has 60 seconds left.\n|inactive|bgraves3 has 30 seconds left.\n|inactive|bgraves3 has 20 seconds left.\n|inactive|bgraves3 has 15 seconds left.\n|inactive|bgraves3 has 10 seconds left.\n|inactive|bgraves3 has 5 seconds left.\n|-message|bgraves3 lost due to inactivity.\n|\n|win|YoungEsq\n|raw|YoungEsq's rating: 1243 &rarr; <strong>1274<\/strong><br \/>(+31 for winning)\n|raw|bgraves3's rating: 1330 &rarr; <strong>1305<\/strong><br \/>(-25 for losing)\n","uploadtime":1701200118,"views":2,"p1id":"youngesq","p2id":"bgraves3","formatid":"gen9anythinggoes","rating":1274,"private":0,"password":""}