{"id":"gen9anythinggoes-1987997058","p1":"Steeltachi","p2":"BananaXD","format":"[Gen 9] Anything Goes","log":"|j|\u2606Steeltachi\n|j|\u2606BananaXD\n|t:|1699657317\n|gametype|singles\n|player|p1|Steeltachi|clown|\n|player|p2|BananaXD|skyla|\n|teamsize|p1|6\n|teamsize|p2|6\n|gen|9\n|tier|[Gen 9] Anything Goes\n|rule|HP Percentage Mod: HP is shown in percentages\n|rule|Endless Battle Clause: Forcing endless battles is banned\n|clearpoke\n|poke|p1|Ditto|\n|poke|p1|Zoroark-Hisui, F|\n|poke|p1|Zoroark, M|\n|poke|p1|Ursaluna-Bloodmoon, M|\n|poke|p1|Mew|\n|poke|p1|Heracross, M|\n|poke|p2|Landorus-Therian, M|\n|poke|p2|Kilowattrel, M|\n|poke|p2|Scizor, F|\n|poke|p2|Iron Moth|\n|poke|p2|Houndstone, M|\n|poke|p2|Noivern, M|\n|teampreview\n|\n|t:|1699657390\n|start\n|switch|p1a: Ditto|Ditto|100\/100\n|switch|p2a: Enel|Kilowattrel, M|100\/100\n|turn|1\n|c|\u2606BananaXD|so, zoroark or you messed up XD\n|c|\u2606Steeltachi|idk what you're talking about\n|\n|t:|1699657430\n|move|p2a: Enel|Thunder Wave|p1a: Ditto\n|-status|p1a: Ditto|par\n|cant|p1a: Ditto|par\n|\n|upkeep\n|turn|2\n|\n|t:|1699657464\n|move|p2a: Enel|Volt Switch|p1a: Ditto\n|-damage|p1a: Ditto|32\/100 par\n|replace|p1a: Zoroark|Zoroark-Hisui, F\n|-end|p1a: Zoroark|Illusion\n|\n|t:|1699657490\n|switch|p2a: Scratchman|Noivern, M|100\/100|[from] Volt Switch\n|move|p1a: Zoroark|U-turn|p2a: Scratchman\n|-resisted|p2a: Scratchman\n|-damage|p2a: Scratchman|90\/100\n|-damage|p1a: Zoroark|22\/100 par|[from] item: Life Orb\n|\n|t:|1699657505\n|switch|p1a: Ursaluna|Ursaluna-Bloodmoon, M|100\/100|[from] U-turn\n|\n|upkeep\n|turn|3\n|j| Bogaes\n|\n|t:|1699657597\n|move|p2a: Scratchman|Dark Pulse|p1a: Ursaluna\n|-damage|p1a: Ursaluna|74\/100\n|move|p1a: Ursaluna|Calm Mind|p1a: Ursaluna\n|-boost|p1a: Ursaluna|spa|1\n|-boost|p1a: Ursaluna|spd|1\n|\n|-heal|p1a: Ursaluna|80\/100|[from] item: Leftovers\n|upkeep\n|turn|4\n|\n|t:|1699657705\n|move|p2a: Scratchman|Draco Meteor|p1a: Ursaluna|[miss]\n|-miss|p2a: Scratchman|p1a: Ursaluna\n|move|p1a: Ursaluna|Calm Mind|p1a: Ursaluna\n|-boost|p1a: Ursaluna|spa|1\n|-boost|p1a: Ursaluna|spd|1\n|\n|-heal|p1a: Ursaluna|86\/100|[from] item: Leftovers\n|upkeep\n|turn|5\n|\n|t:|1699657738\n|switch|p2a: Whitebeard|Landorus-Therian, M|100\/100\n|-ability|p2a: Whitebeard|Intimidate|boost\n|-unboost|p1a: Ursaluna|atk|1\n|move|p1a: Ursaluna|Calm Mind|p1a: Ursaluna\n|-boost|p1a: Ursaluna|spa|1\n|-boost|p1a: Ursaluna|spd|1\n|\n|-heal|p1a: Ursaluna|92\/100|[from] item: Leftovers\n|upkeep\n|turn|6\n|\n|t:|1699657747\n|move|p2a: Whitebeard|Earthquake|p1a: Ursaluna\n|-damage|p1a: Ursaluna|36\/100\n|move|p1a: Ursaluna|Blood Moon|p2a: Whitebeard\n|-damage|p2a: Whitebeard|0 fnt\n|faint|p2a: Whitebeard\n|\n|-heal|p1a: Ursaluna|42\/100|[from] item: Leftovers\n|upkeep\n|\n|t:|1699657767\n|switch|p2a: Kidd|Scizor, F|100\/100\n|turn|7\n|\n|t:|1699657770\n|move|p1a: Ursaluna|Vacuum Wave|p2a: Kidd\n|-damage|p2a: Kidd|67\/100\n|move|p2a: Kidd|Close Combat|p1a: Ursaluna\n|-supereffective|p1a: Ursaluna\n|-damage|p1a: Ursaluna|0 fnt\n|-unboost|p2a: Kidd|def|1\n|-unboost|p2a: Kidd|spd|1\n|faint|p1a: Ursaluna\n|\n|upkeep\n|\n|t:|1699657777\n|switch|p1a: Ditto|Ditto|100\/100\n|turn|8\n|\n|t:|1699657788\n|switch|p2a: Scratchman|Noivern, M|90\/100\n|move|p1a: Ditto|Flamethrower|p2a: Scratchman\n|-resisted|p2a: Scratchman\n|-damage|p2a: Scratchman|76\/100\n|\n|upkeep\n|turn|9\n|\n|t:|1699657802\n|switch|p1a: Ditto|Ditto|100\/100\n|-transform|p1a: Ditto|p2a: Scratchman|[from] ability: Imposter\n|move|p2a: Scratchman|Hurricane|p1a: Ditto\n|-damage|p1a: Ditto|38\/100\n|-start|p1a: Ditto|confusion\n|-enditem|p1a: Ditto|Red Card|[of] p2a: Scratchman\n|drag|p2a: Enel|Kilowattrel, M|100\/100\n|\n|upkeep\n|turn|10\n|j| be1mont\n|\n|t:|1699657825\n|switch|p1a: Mew|Mew|100\/100\n|move|p2a: Enel|Volt Switch|p1a: Mew\n|-damage|p1a: Mew|76\/100\n|\n|t:|1699657845\n|switch|p2a: Absalom|Houndstone, M|100\/100|[from] Volt Switch\n|\n|upkeep\n|turn|11\n|\n|t:|1699657853\n|-terastallize|p2a: Absalom|Fairy\n|move|p1a: Mew|Transform|p2a: Absalom\n|-transform|p1a: Mew|p2a: Absalom\n|move|p2a: Absalom|Poltergeist|p1a: Mew\n|-activate|p1a: Mew|move: Poltergeist|Choice Scarf\n|-supereffective|p1a: Mew\n|-damage|p1a: Mew|25\/100\n|\n|upkeep\n|-start|p1a: Mew|typechange|Ghost|[silent]\n|turn|12\n|\n|t:|1699657881\n|move|p1a: Mew|Will-O-Wisp|p2a: Absalom\n|-status|p2a: Absalom|brn\n|move|p2a: Absalom|Poltergeist|p1a: Mew\n|-activate|p1a: Mew|move: Poltergeist|Choice Scarf\n|-supereffective|p1a: Mew\n|-damage|p1a: Mew|3\/100\n|\n|-damage|p2a: Absalom|94\/100 brn|[from] brn\n|upkeep\n|turn|13\n|\n|t:|1699657893\n|move|p2a: Absalom|Shadow Sneak|p1a: Mew\n|-supereffective|p1a: Mew\n|-damage|p1a: Mew|0 fnt\n|faint|p1a: Mew\n|\n|-heal|p2a: Absalom|100\/100 brn|[from] item: Leftovers\n|-damage|p2a: Absalom|94\/100 brn|[from] brn\n|upkeep\n|\n|t:|1699657902\n|switch|p1a: Ditto|Ditto|38\/100\n|-transform|p1a: Ditto|p2a: Absalom|[from] ability: Imposter\n|-start|p1a: Ditto|typechange|Ghost|[silent]\n|turn|14\n|\n|t:|1699657915\n|move|p2a: Absalom|Shadow Sneak|p1a: Ditto\n|-supereffective|p1a: Ditto\n|-damage|p1a: Ditto|32\/100\n|move|p1a: Ditto|Poltergeist|p2a: Absalom\n|-activate|p2a: Absalom|move: Poltergeist|Leftovers\n|-damage|p2a: Absalom|66\/100 brn\n|\n|-heal|p2a: Absalom|72\/100 brn|[from] item: Leftovers\n|-damage|p2a: Absalom|66\/100 brn|[from] brn\n|upkeep\n|turn|15\n|\n|t:|1699657928\n|move|p2a: Absalom|Will-O-Wisp|p1a: Ditto\n|-status|p1a: Ditto|brn\n|move|p1a: Ditto|Poltergeist|p2a: Absalom\n|-activate|p2a: Absalom|move: Poltergeist|Leftovers\n|-damage|p2a: Absalom|53\/100 brn\n|\n|-heal|p2a: Absalom|59\/100 brn|[from] item: Leftovers\n|-damage|p1a: Ditto|26\/100 brn|[from] brn\n|-damage|p2a: Absalom|53\/100 brn|[from] brn\n|upkeep\n|turn|16\n|\n|t:|1699657948\n|switch|p2a: Kidd|Scizor, F|67\/100\n|move|p1a: Ditto|Poltergeist|p2a: Kidd\n|-activate|p2a: Kidd|move: Poltergeist|Assault Vest\n|-damage|p2a: Kidd|50\/100\n|\n|-damage|p1a: Ditto|20\/100 brn|[from] brn\n|upkeep\n|turn|17\n|\n|t:|1699657971\n|move|p1a: Ditto|Will-O-Wisp|p2a: Kidd|[miss]\n|-miss|p1a: Ditto|p2a: Kidd\n|move|p2a: Kidd|Knock Off|p1a: Ditto\n|-supereffective|p1a: Ditto\n|-damage|p1a: Ditto|0 fnt\n|faint|p1a: Ditto\n|\n|upkeep\n|\n|t:|1699657978\n|switch|p1a: Heracross|Heracross, M|100\/100\n|turn|18\n|\n|t:|1699658000\n|move|p2a: Kidd|Bullet Punch|p1a: Heracross\n|-damage|p1a: Heracross|37\/100\n|replace|p1a: Zoroark|Zoroark, M\n|-end|p1a: Zoroark|Illusion\n|move|p1a: Zoroark|Flamethrower|p2a: Kidd\n|-supereffective|p2a: Kidd\n|-damage|p2a: Kidd|0 fnt\n|faint|p2a: Kidd\n|\n|upkeep\n|\n|t:|1699658025\n|switch|p2a: Ace|Iron Moth|100\/100\n|-enditem|p2a: Ace|Booster Energy\n|-activate|p2a: Ace|ability: Quark Drive|[fromitem]\n|-start|p2a: Ace|quarkdrivespa\n|turn|19\n|\n|t:|1699658033\n|move|p2a: Ace|Bug Buzz|p1a: Zoroark\n|-supereffective|p1a: Zoroark\n|-damage|p1a: Zoroark|0 fnt\n|faint|p1a: Zoroark\n|\n|upkeep\n|\n|t:|1699658038\n|switch|p1a: Heracross|Heracross, M|22\/100 par\n|turn|20\n|\n|t:|1699658041\n|move|p2a: Ace|Fiery Dance|p1a: Heracross\n|-damage|p1a: Heracross|0 fnt\n|replace|p1a: Zoroark|Zoroark-Hisui, F\n|-end|p1a: Zoroark|Illusion\n|faint|p1a: Zoroark\n|\n|upkeep\n|\n|t:|1699658046\n|switch|p1a: Heracross|Heracross, M|100\/100\n|turn|21\n|\n|t:|1699658049\n|move|p2a: Ace|Fiery Dance|p1a: Heracross\n|-supereffective|p1a: Heracross\n|-damage|p1a: Heracross|0 fnt\n|-boost|p2a: Ace|spa|1\n|faint|p1a: Heracross\n|\n|win|BananaXD\n|c|\u2606BananaXD|gg\n|c|\u2606Steeltachi|ggs\n","uploadtime":1699658057,"views":45,"p1id":"steeltachi","p2id":"bananaxd","formatid":"gen9anythinggoes","rating":0,"private":0,"password":""}