{"id":"gen9anythinggoes-1995309466","p1":"Ant2020","p2":"MysticObi","format":"[Gen 9] Anything Goes","log":"|j|\u2606Ant2020\n|j|\u2606MysticObi\n|t:|1700551215\n|gametype|singles\n|player|p1|Ant2020|170|\n|player|p2|MysticObi|266|\n|teamsize|p1|6\n|teamsize|p2|6\n|gen|9\n|tier|[Gen 9] Anything Goes\n|rule|HP Percentage Mod: HP is shown in percentages\n|rule|Endless Battle Clause: Forcing endless battles is banned\n|clearpoke\n|poke|p1|Staraptor, F|\n|poke|p1|Toxtricity, F|\n|poke|p1|Goodra, F|\n|poke|p1|Milotic, M|\n|poke|p1|Infernape, M|\n|poke|p1|Orthworm, M|\n|poke|p2|Rillaboom, F|\n|poke|p2|Gliscor, M|\n|poke|p2|Iron Bundle|\n|poke|p2|Rotom-Wash|\n|poke|p2|Ceruledge, F|\n|poke|p2|Meowscarada, M|\n|teampreview\n|\n|t:|1700551241\n|start\n|switch|p1a: Goodra|Goodra, F|100\/100\n|switch|p2a: Meowscarada|Meowscarada, M|100\/100\n|turn|1\n|\n|t:|1700551250\n|move|p2a: Meowscarada|Play Rough|p1a: Goodra\n|-start|p2a: Meowscarada|typechange|Fairy|[from] ability: Protean\n|-supereffective|p1a: Goodra\n|-damage|p1a: Goodra|0 fnt\n|faint|p1a: Goodra\n|\n|upkeep\n|\n|t:|1700551257\n|switch|p1a: Toxtricity|Toxtricity, F|100\/100\n|turn|2\n|\n|t:|1700551269\n|switch|p2a: Gliscor|Gliscor, M, shiny|100\/100\n|-terastallize|p1a: Toxtricity|Normal\n|move|p1a: Toxtricity|Boomburst|p2a: Gliscor\n|-damage|p2a: Gliscor|5\/100\n|\n|-status|p2a: Gliscor|tox|[from] item: Toxic Orb\n|upkeep\n|turn|3\n|\n|t:|1700551282\n|move|p2a: Gliscor|Protect|p2a: Gliscor\n|-singleturn|p2a: Gliscor|Protect\n|move|p1a: Toxtricity|Encore|p2a: Gliscor\n|-activate|p2a: Gliscor|move: Protect\n|\n|-heal|p2a: Gliscor|18\/100 tox|[from] ability: Poison Heal\n|upkeep\n|turn|4\n|\n|t:|1700551291\n|switch|p2a: Ceruledge|Ceruledge, F|100\/100\n|move|p1a: Toxtricity|Boomburst|p2a: Ceruledge\n|-immune|p2a: Ceruledge\n|\n|upkeep\n|turn|5\n|\n|t:|1700551300\n|switch|p2a: Gliscor|Gliscor, M, shiny|18\/100 tox\n|move|p1a: Toxtricity|Discharge|p2a: Gliscor\n|-immune|p2a: Gliscor\n|\n|-heal|p2a: Gliscor|30\/100 tox|[from] ability: Poison Heal\n|upkeep\n|turn|6\n|\n|t:|1700551313\n|move|p2a: Gliscor|Protect|p2a: Gliscor\n|-singleturn|p2a: Gliscor|Protect\n|move|p1a: Toxtricity|Discharge|p2a: Gliscor\n|-activate|p2a: Gliscor|move: Protect\n|\n|-heal|p2a: Gliscor|43\/100 tox|[from] ability: Poison Heal\n|upkeep\n|turn|7\n|\n|t:|1700551333\n|switch|p2a: Ceruledge|Ceruledge, F|100\/100\n|move|p1a: Toxtricity|Discharge|p2a: Ceruledge\n|-damage|p2a: Ceruledge|63\/100\n|\n|upkeep\n|turn|8\n|\n|t:|1700551341\n|move|p2a: Ceruledge|Bitter Blade|p1a: Toxtricity\n|-damage|p1a: Toxtricity|12\/100\n|-heal|p2a: Ceruledge|100\/100|[from] drain|[of] p1a: Toxtricity\n|-enditem|p1a: Toxtricity|Aguav Berry|[eat]\n|-heal|p1a: Toxtricity|46\/100|[from] item: Aguav Berry\n|-damage|p2a: Ceruledge|91\/100|[from] item: Life Orb\n|move|p1a: Toxtricity|Boomburst|p2a: Ceruledge\n|-immune|p2a: Ceruledge\n|\n|upkeep\n|turn|9\n|\n|t:|1700551353\n|move|p2a: Ceruledge|Bitter Blade|p1a: Toxtricity\n|-damage|p1a: Toxtricity|0 fnt\n|-heal|p2a: Ceruledge|100\/100|[from] drain|[of] p1a: Toxtricity\n|faint|p1a: Toxtricity\n|-damage|p2a: Ceruledge|91\/100|[from] item: Life Orb\n|\n|upkeep\n|\n|t:|1700551368\n|switch|p1a: Milotic|Milotic, M|100\/100\n|turn|10\n|\n|t:|1700551375\n|switch|p2a: Rillaboom|Rillaboom, F|100\/100\n|-fieldstart|move: Grassy Terrain|[from] ability: Grassy Surge|[of] p2a: Rillaboom\n|move|p1a: Milotic|Hydro Pump|p2a: Rillaboom\n|-resisted|p2a: Rillaboom\n|-damage|p2a: Rillaboom|77\/100\n|\n|-heal|p2a: Rillaboom|83\/100|[from] Grassy Terrain\n|upkeep\n|turn|11\n|\n|t:|1700551386\n|move|p2a: Rillaboom|Grassy Glide|p1a: Milotic\n|-supereffective|p1a: Milotic\n|-damage|p1a: Milotic|5\/100\n|-enditem|p1a: Milotic|Sitrus Berry|[eat]\n|-heal|p1a: Milotic|30\/100|[from] item: Sitrus Berry\n|-damage|p2a: Rillaboom|74\/100|[from] item: Life Orb\n|move|p1a: Milotic|Blizzard|p2a: Rillaboom\n|-supereffective|p2a: Rillaboom\n|-damage|p2a: Rillaboom|7\/100\n|\n|-heal|p2a: Rillaboom|13\/100|[from] Grassy Terrain\n|-heal|p1a: Milotic|36\/100|[from] Grassy Terrain\n|upkeep\n|turn|12\n|\n|t:|1700551398\n|move|p2a: Rillaboom|Grassy Glide|p1a: Milotic\n|-supereffective|p1a: Milotic\n|-damage|p1a: Milotic|0 fnt\n|faint|p1a: Milotic\n|-damage|p2a: Rillaboom|3\/100|[from] item: Life Orb\n|\n|-heal|p2a: Rillaboom|10\/100|[from] Grassy Terrain\n|upkeep\n|\n|t:|1700551405\n|switch|p1a: Staraptor|Staraptor, F|100\/100\n|-ability|p1a: Staraptor|Intimidate|boost\n|-unboost|p2a: Rillaboom|atk|1\n|turn|13\n|\n|t:|1700551410\n|switch|p2a: Rotom|Rotom-Wash, shiny|100\/100\n|move|p1a: Staraptor|Quick Attack|p2a: Rotom\n|-crit|p2a: Rotom\n|-damage|p2a: Rotom|58\/100\n|\n|-heal|p2a: Rotom|64\/100|[from] item: Leftovers\n|upkeep\n|turn|14\n|\n|t:|1700551420\n|move|p1a: Staraptor|Acrobatics|p2a: Rotom\n|-resisted|p2a: Rotom\n|-damage|p2a: Rotom|24\/100\n|move|p2a: Rotom|Volt Switch|p1a: Staraptor\n|-supereffective|p1a: Staraptor\n|-damage|p1a: Staraptor|2\/100\n|\n|t:|1700551429\n|switch|p2a: Ceruledge|Ceruledge, F|91\/100|[from] Volt Switch\n|\n|-heal|p2a: Ceruledge|97\/100|[from] Grassy Terrain\n|-fieldend|move: Grassy Terrain\n|upkeep\n|turn|15\n|\n|t:|1700551447\n|move|p1a: Staraptor|Quick Attack|p2a: Ceruledge\n|-immune|p2a: Ceruledge\n|move|p2a: Ceruledge|Swords Dance|p2a: Ceruledge\n|-boost|p2a: Ceruledge|atk|2\n|\n|upkeep\n|turn|16\n|\n|t:|1700551459\n|move|p1a: Staraptor|U-turn|p2a: Ceruledge\n|-resisted|p2a: Ceruledge\n|-crit|p2a: Ceruledge\n|-damage|p2a: Ceruledge|83\/100\n|-ability|p2a: Ceruledge|Weak Armor|boost\n|-unboost|p2a: Ceruledge|def|1\n|-boost|p2a: Ceruledge|spe|2\n|\n|t:|1700551466\n|switch|p1a: Orthworm|Orthworm, M|100\/100|[from] U-turn\n|move|p2a: Ceruledge|Bitter Blade|p1a: Orthworm\n|-supereffective|p1a: Orthworm\n|-crit|p1a: Orthworm\n|-damage|p1a: Orthworm|0 fnt\n|-heal|p2a: Ceruledge|100\/100|[from] drain|[of] p1a: Orthworm\n|-damage|p2a: Ceruledge|84\/100|[from] item: Rocky Helmet|[of] p1a: Orthworm\n|faint|p1a: Orthworm\n|-damage|p2a: Ceruledge|74\/100|[from] item: Life Orb\n|\n|upkeep\n|\n|t:|1700551476\n|switch|p1a: Infernape|Infernape, M|100\/100\n|turn|17\n|\n|t:|1700551484\n|move|p2a: Ceruledge|Close Combat|p1a: Infernape\n|-damage|p1a: Infernape|0 fnt\n|-unboost|p2a: Ceruledge|def|1\n|-unboost|p2a: Ceruledge|spd|1\n|faint|p1a: Infernape\n|-damage|p2a: Ceruledge|64\/100|[from] item: Life Orb\n|\n|upkeep\n|\n|t:|1700551491\n|switch|p1a: Staraptor|Staraptor, F|2\/100\n|-ability|p1a: Staraptor|Intimidate|boost\n|-unboost|p2a: Ceruledge|atk|1\n|turn|18\n|\n|t:|1700551495\n|move|p2a: Ceruledge|Close Combat|p1a: Staraptor\n|-damage|p1a: Staraptor|0 fnt\n|-unboost|p2a: Ceruledge|def|1\n|-unboost|p2a: Ceruledge|spd|1\n|faint|p1a: Staraptor\n|-damage|p2a: Ceruledge|54\/100|[from] item: Life Orb\n|\n|win|MysticObi\n|l|\u2606Ant2020\n","uploadtime":1700551535,"views":43,"p1id":"ant2020","p2id":"mysticobi","formatid":"gen9anythinggoes","rating":0,"private":0,"password":""}