{"id":"gen9anythinggoes-1986215445","p1":"RogerJoseph26","p2":"hydro84","format":"[Gen 9] Anything Goes","log":"|j|\u2606RogerJoseph26\n|j|\u2606hydro84\n|t:|1699460536\n|gametype|singles\n|player|p1|RogerJoseph26|2|1553\n|player|p2|hydro84|veteran|1624\n|teamsize|p1|6\n|teamsize|p2|6\n|gen|9\n|tier|[Gen 9] Anything Goes\n|rated|\n|rule|HP Percentage Mod: HP is shown in percentages\n|rule|Endless Battle Clause: Forcing endless battles is banned\n|clearpoke\n|poke|p1|Garchomp, M|\n|poke|p1|Miraidon|\n|poke|p1|Dialga-Origin|\n|poke|p1|Calyrex-Shadow|\n|poke|p1|Zacian-*|\n|poke|p1|Koraidon|\n|poke|p2|Calyrex-Shadow|\n|poke|p2|Arceus|\n|poke|p2|Koraidon|\n|poke|p2|Miraidon|\n|poke|p2|Arceus-Ground|\n|poke|p2|Ribombee, M|\n|teampreview\n|\n|t:|1699460542\n|start\n|switch|p1a: Calyrex|Calyrex-Shadow|100\/100\n|switch|p2a: Ribombee|Ribombee, M|100\/100\n|-ability|p1a: Calyrex|As One\n|-ability|p1a: Calyrex|Unnerve\n|turn|1\n|inactive|Battle timer is ON: inactive players will automatically lose when time's up. (requested by hydro84)\n|\n|t:|1699460560\n|move|p1a: Calyrex|Nasty Plot|p1a: Calyrex\n|-boost|p1a: Calyrex|spa|2\n|move|p2a: Ribombee|Sticky Web|p1a: Calyrex\n|-sidestart|p1: RogerJoseph26|move: Sticky Web\n|\n|upkeep\n|turn|2\n|\n|t:|1699460566\n|move|p1a: Calyrex|Dark Pulse|p2a: Ribombee\n|-resisted|p2a: Ribombee\n|-damage|p2a: Ribombee|49\/100\n|move|p2a: Ribombee|Stun Spore|p1a: Calyrex\n|-status|p1a: Calyrex|par\n|\n|upkeep\n|turn|3\n|\n|t:|1699460572\n|move|p2a: Ribombee|Quiver Dance|p2a: Ribombee\n|-boost|p2a: Ribombee|spa|1\n|-boost|p2a: Ribombee|spd|1\n|-boost|p2a: Ribombee|spe|1\n|move|p1a: Calyrex|Astral Barrage|p2a: Ribombee\n|-damage|p2a: Ribombee|0 fnt\n|faint|p2a: Ribombee\n|-ability|p1a: Calyrex|Grim Neigh|boost\n|-boost|p1a: Calyrex|spa|1\n|\n|upkeep\n|\n|t:|1699460587\n|switch|p2a: Arceus|Arceus|100\/100\n|turn|4\n|\n|t:|1699460593\n|move|p2a: Arceus|Shadow Claw|p1a: Calyrex\n|-supereffective|p1a: Calyrex\n|-crit|p1a: Calyrex\n|-enditem|p1a: Calyrex|Focus Sash\n|-damage|p1a: Calyrex|1\/100 par\n|-damage|p2a: Arceus|91\/100|[from] item: Life Orb\n|move|p1a: Calyrex|Dark Pulse|p2a: Arceus\n|-damage|p2a: Arceus|37\/100\n|\n|upkeep\n|turn|5\n|\n|t:|1699460601\n|-terastallize|p1a: Calyrex|Normal\n|move|p2a: Arceus|Shadow Claw|p1a: Calyrex\n|-immune|p1a: Calyrex\n|cant|p1a: Calyrex|par\n|\n|upkeep\n|turn|6\n|\n|t:|1699460607\n|move|p2a: Arceus|Extreme Speed|p1a: Calyrex\n|-damage|p1a: Calyrex|0 fnt\n|faint|p1a: Calyrex\n|-damage|p2a: Arceus|27\/100|[from] item: Life Orb\n|\n|upkeep\n|\n|t:|1699460612\n|switch|p1a: Koraidon|Koraidon|100\/100\n|-activate|p1a: Koraidon|move: Sticky Web\n|-unboost|p1a: Koraidon|spe|1\n|-weather|SunnyDay|[from] ability: Orichalcum Pulse|[of] p1a: Koraidon\n|-activate|p1a: Koraidon|Orichalcum Pulse|[source]\n|turn|7\n|\n|t:|1699460615\n|move|p2a: Arceus|Swords Dance|p2a: Arceus\n|-boost|p2a: Arceus|atk|2\n|move|p1a: Koraidon|Collision Course|p2a: Arceus\n|-supereffective|p2a: Arceus\n|-damage|p2a: Arceus|0 fnt\n|faint|p2a: Arceus\n|\n|-weather|SunnyDay|[upkeep]\n|upkeep\n|\n|t:|1699460631\n|switch|p2a: Arceus|Arceus-Ground|100\/100\n|turn|8\n|\n|t:|1699460634\n|move|p2a: Arceus|Will-O-Wisp|p1a: Koraidon\n|-status|p1a: Koraidon|brn\n|move|p1a: Koraidon|Swords Dance|p1a: Koraidon\n|-boost|p1a: Koraidon|atk|2\n|\n|-weather|SunnyDay|[upkeep]\n|-damage|p1a: Koraidon|94\/100 brn|[from] brn\n|upkeep\n|turn|9\n|\n|t:|1699460639\n|move|p2a: Arceus|Taunt|p1a: Koraidon\n|-start|p1a: Koraidon|move: Taunt\n|move|p1a: Koraidon|Outrage|p2a: Arceus\n|-damage|p2a: Arceus|49\/100\n|\n|-weather|SunnyDay|[upkeep]\n|-damage|p1a: Koraidon|88\/100 brn|[from] brn\n|upkeep\n|turn|10\n|\n|t:|1699460644\n|move|p2a: Arceus|Judgment|p1a: Koraidon\n|-damage|p1a: Koraidon|38\/100 brn\n|move|p1a: Koraidon|Outrage|p2a: Arceus|[from]lockedmove\n|-damage|p2a: Arceus|0 fnt\n|faint|p2a: Arceus\n|-start|p1a: Koraidon|confusion|[fatigue]\n|\n|-weather|SunnyDay|[upkeep]\n|-damage|p1a: Koraidon|32\/100 brn|[from] brn\n|upkeep\n|\n|t:|1699460657\n|switch|p2a: Koraidon|Koraidon|100\/100\n|-activate|p2a: Koraidon|ability: Orichalcum Pulse\n|turn|11\n|\n|t:|1699460660\n|-terastallize|p2a: Koraidon|Fire\n|move|p2a: Koraidon|Swords Dance|p2a: Koraidon\n|-boost|p2a: Koraidon|atk|2\n|-activate|p1a: Koraidon|confusion\n|move|p1a: Koraidon|Outrage|p2a: Koraidon\n|-damage|p2a: Koraidon|25\/100\n|\n|-weather|none\n|-damage|p1a: Koraidon|26\/100 brn|[from] brn\n|-end|p1a: Koraidon|move: Taunt\n|upkeep\n|turn|12\n|\n|t:|1699460668\n|move|p2a: Koraidon|Scale Shot|p1a: Koraidon\n|-supereffective|p1a: Koraidon\n|-damage|p1a: Koraidon|0 fnt\n|faint|p1a: Koraidon\n|-hitcount|p1: Koraidon|1\n|-unboost|p2a: Koraidon|def|1\n|-boost|p2a: Koraidon|spe|1\n|\n|upkeep\n|\n|t:|1699460673\n|switch|p1a: Zacian|Zacian-Crowned|100\/100\n|-activate|p1a: Zacian|move: Sticky Web\n|-unboost|p1a: Zacian|spe|1\n|-ability|p1a: Zacian|Intrepid Sword|boost\n|-boost|p1a: Zacian|atk|1\n|turn|13\n|\n|t:|1699460676\n|move|p1a: Zacian|Quick Attack|p2a: Koraidon\n|-damage|p2a: Koraidon|0 fnt\n|faint|p2a: Koraidon\n|\n|upkeep\n|\n|t:|1699460681\n|switch|p2a: Miraidon|Miraidon|100\/100\n|-fieldstart|move: Electric Terrain|[from] ability: Hadron Engine|[of] p2a: Miraidon\n|turn|14\n|\n|t:|1699460685\n|move|p2a: Miraidon|Overheat|p1a: Zacian\n|-supereffective|p1a: Zacian\n|-damage|p1a: Zacian|0 fnt\n|-unboost|p2a: Miraidon|spa|2\n|faint|p1a: Zacian\n|\n|upkeep\n|\n|t:|1699460690\n|switch|p1a: Garchomp|Garchomp, M|100\/100\n|-activate|p1a: Garchomp|move: Sticky Web\n|-unboost|p1a: Garchomp|spe|1\n|turn|15\n|\n|t:|1699460694\n|move|p2a: Miraidon|Overheat|p1a: Garchomp\n|-resisted|p1a: Garchomp\n|-damage|p1a: Garchomp|85\/100\n|-unboost|p2a: Miraidon|spa|2\n|move|p1a: Garchomp|Earthquake|p2a: Miraidon\n|-supereffective|p2a: Miraidon\n|-damage|p2a: Miraidon|0 fnt\n|faint|p2a: Miraidon\n|\n|upkeep\n|\n|t:|1699460696\n|switch|p2a: Calyrex|Calyrex-Shadow|100\/100\n|-ability|p2a: Calyrex|As One\n|-ability|p2a: Calyrex|Unnerve\n|turn|16\n|\n|t:|1699460700\n|move|p2a: Calyrex|Astral Barrage|p1a: Garchomp\n|-damage|p1a: Garchomp|0 fnt\n|faint|p1a: Garchomp\n|-ability|p2a: Calyrex|Grim Neigh|boost\n|-boost|p2a: Calyrex|spa|1\n|-damage|p2a: Calyrex|91\/100|[from] item: Life Orb\n|\n|upkeep\n|\n|t:|1699460705\n|switch|p1a: Miraidon|Miraidon|100\/100\n|-activate|p1a: Miraidon|move: Sticky Web\n|-unboost|p1a: Miraidon|spe|1\n|-activate|p1a: Miraidon|ability: Hadron Engine\n|turn|17\n|\n|t:|1699460709\n|move|p2a: Calyrex|Astral Barrage|p1a: Miraidon\n|-enditem|p1a: Miraidon|Focus Sash\n|-damage|p1a: Miraidon|1\/100\n|-damage|p2a: Calyrex|81\/100|[from] item: Life Orb\n|move|p1a: Miraidon|Electro Drift|p2a: Calyrex\n|-damage|p2a: Calyrex|0 fnt\n|faint|p2a: Calyrex\n|\n|win|RogerJoseph26\n|raw|RogerJoseph26's rating: 1553 &rarr; <strong>1577<\/strong><br \/>(+24 for winning)\n|raw|hydro84's rating: 1624 &rarr; <strong>1600<\/strong><br \/>(-24 for losing)\n|l|\u2606hydro84\n|l|\u2606RogerJoseph26\n","uploadtime":1699460955,"views":4,"p1id":"rogerjoseph26","p2id":"hydro84","formatid":"gen9anythinggoes","rating":1577,"private":0,"password":""}