{"id":"gen9anythinggoes-1984115405","p1":"DTHaveMercy","p2":"rydogu","format":"[Gen 9] Anything Goes","log":"|j|\u2606DTHaveMercy\n|j|\u2606rydogu\n|t:|1699220259\n|gametype|singles\n|player|p1|DTHaveMercy|unknown|\n|player|p2|rydogu|1|\n|teamsize|p1|6\n|teamsize|p2|6\n|gen|9\n|tier|[Gen 9] Anything Goes\n|rule|HP Percentage Mod: HP is shown in percentages\n|rule|Endless Battle Clause: Forcing endless battles is banned\n|clearpoke\n|poke|p1|Garganacl, M|\n|poke|p1|Blissey, F|\n|poke|p1|Toxapex, F|\n|poke|p1|Gliscor, M|\n|poke|p1|Gholdengo|\n|poke|p1|Zoroark-Hisui, M|\n|poke|p2|Mimikyu, M|\n|poke|p2|Conkeldurr, M|\n|poke|p2|Spiritomb, M|\n|poke|p2|Tauros-Paldea-Aqua, M|\n|poke|p2|Rillaboom, F|\n|poke|p2|Clodsire, M|\n|teampreview\n|j| ViewHX\n|j| jlee make it boom\n|\n|t:|1699220296\n|start\n|switch|p1a: Redditor|Toxapex, F, shiny|100\/100\n|switch|p2a: The Child|Mimikyu, M|100\/100\n|turn|1\n|n| jlee make it boom|jleemakeitboom\n|\n|t:|1699220305\n|move|p1a: Redditor|Toxic Spikes|p2a: The Child\n|-sidestart|p2: rydogu|move: Toxic Spikes\n|move|p2a: The Child|Trick Room|p2a: The Child\n|-fieldstart|move: Trick Room|[of] p2a: The Child\n|\n|upkeep\n|turn|2\n|\n|t:|1699220315\n|switch|p1a: Gargo Narco|Garganacl, M|100\/100\n|switch|p2a: The General|Conkeldurr, M, shiny|100\/100\n|-status|p2a: The General|psn\n|\n|-damage|p2a: The General|88\/100 psn|[from] psn\n|upkeep\n|turn|3\n|\n|t:|1699220336\n|move|p2a: The General|Bulk Up|p2a: The General\n|-boost|p2a: The General|atk|1\n|-boost|p2a: The General|def|1\n|move|p1a: Gargo Narco|Iron Defense|p1a: Gargo Narco\n|-boost|p1a: Gargo Narco|def|2\n|\n|-damage|p2a: The General|76\/100 psn|[from] psn\n|upkeep\n|turn|4\n|\n|t:|1699220347\n|move|p2a: The General|Bulk Up|p2a: The General\n|-boost|p2a: The General|atk|1\n|-boost|p2a: The General|def|1\n|move|p1a: Gargo Narco|Salt Cure|p2a: The General\n|-resisted|p2a: The General\n|-damage|p2a: The General|73\/100 psn\n|-start|p2a: The General|Salt Cure\n|\n|-damage|p2a: The General|61\/100 psn|[from] psn\n|-damage|p2a: The General|48\/100 psn|[from] Salt Cure\n|upkeep\n|turn|5\n|\n|t:|1699220363\n|switch|p1a: Redditor|Toxapex, F, shiny|100\/100\n|move|p2a: The General|Drain Punch|p1a: Redditor\n|-resisted|p1a: Redditor\n|-damage|p1a: Redditor|55\/100\n|-heal|p2a: The General|65\/100 psn|[from] drain|[of] p1a: Redditor\n|\n|-heal|p1a: Redditor|61\/100|[from] item: Leftovers\n|-damage|p2a: The General|53\/100 psn|[from] psn\n|-damage|p2a: The General|40\/100 psn|[from] Salt Cure\n|-fieldend|move: Trick Room\n|upkeep\n|turn|6\n|\n|t:|1699220380\n|move|p1a: Redditor|Recover|p1a: Redditor\n|-heal|p1a: Redditor|100\/100\n|move|p2a: The General|Drain Punch|p1a: Redditor\n|-resisted|p1a: Redditor\n|-damage|p1a: Redditor|57\/100\n|-heal|p2a: The General|56\/100 psn|[from] drain|[of] p1a: Redditor\n|\n|-heal|p1a: Redditor|63\/100|[from] item: Leftovers\n|-damage|p2a: The General|44\/100 psn|[from] psn\n|-damage|p2a: The General|32\/100 psn|[from] Salt Cure\n|upkeep\n|turn|7\n|\n|t:|1699220403\n|move|p1a: Redditor|Toxic Spikes|p2a: The General\n|-sidestart|p2: rydogu|move: Toxic Spikes\n|move|p2a: The General|Drain Punch|p1a: Redditor\n|-resisted|p1a: Redditor\n|-damage|p1a: Redditor|21\/100\n|-heal|p2a: The General|47\/100 psn|[from] drain|[of] p1a: Redditor\n|\n|-heal|p1a: Redditor|27\/100|[from] item: Leftovers\n|-damage|p2a: The General|35\/100 psn|[from] psn\n|-damage|p2a: The General|22\/100 psn|[from] Salt Cure\n|upkeep\n|turn|8\n|\n|t:|1699220418\n|switch|p1a: Jovertime|Gholdengo|100\/100\n|move|p2a: The General|Drain Punch|p1a: Jovertime\n|-immune|p1a: Jovertime\n|\n|-damage|p2a: The General|10\/100 psn|[from] psn\n|-damage|p2a: The General|0 fnt|[from] Salt Cure\n|faint|p2a: The General\n|upkeep\n|j| HakoboRaps\n|\n|t:|1699220427\n|switch|p2a: The Vortex|Spiritomb, M, shiny|100\/100\n|-status|p2a: The Vortex|tox\n|turn|9\n|\n|t:|1699220483\n|move|p2a: The Vortex|Sucker Punch||[still]\n|-fail|p2a: The Vortex\n|move|p1a: Jovertime|Trick|p2a: The Vortex\n|-activate|p1a: Jovertime|move: Trick|[of] p2a: The Vortex\n|-item|p2a: The Vortex|Choice Specs|[from] move: Trick\n|-item|p1a: Jovertime|Black Glasses|[from] move: Trick\n|\n|-damage|p2a: The Vortex|95\/100 tox|[from] psn\n|upkeep\n|turn|10\n|\n|t:|1699220524\n|move|p1a: Jovertime|Shadow Ball|p2a: The Vortex\n|-damage|p2a: The Vortex|62\/100 tox\n|move|p2a: The Vortex|Snarl|p1a: Jovertime\n|-supereffective|p1a: Jovertime\n|-damage|p1a: Jovertime|0 fnt\n|replace|p1a: Conspicuous Chad|Zoroark-Hisui, M\n|-end|p1a: Conspicuous Chad|Illusion\n|faint|p1a: Conspicuous Chad\n|\n|-damage|p2a: The Vortex|50\/100 tox|[from] psn\n|upkeep\n|\n|t:|1699220542\n|switch|p1a: Redditor|Toxapex, F, shiny|61\/100\n|turn|11\n|\n|t:|1699220558\n|-terastallize|p2a: The Vortex|Dark\n|move|p1a: Redditor|Recover|p1a: Redditor\n|-heal|p1a: Redditor|100\/100\n|move|p2a: The Vortex|Snarl|p1a: Redditor\n|-damage|p1a: Redditor|70\/100\n|-unboost|p1a: Redditor|spa|1\n|\n|-heal|p1a: Redditor|76\/100|[from] item: Leftovers\n|-damage|p2a: The Vortex|32\/100 tox|[from] psn\n|upkeep\n|turn|12\n|\n|t:|1699220573\n|move|p1a: Redditor|Recover|p1a: Redditor\n|-heal|p1a: Redditor|100\/100\n|move|p2a: The Vortex|Snarl|p1a: Redditor\n|-damage|p1a: Redditor|69\/100\n|-unboost|p1a: Redditor|spa|1\n|\n|-heal|p1a: Redditor|75\/100|[from] item: Leftovers\n|-damage|p2a: The Vortex|8\/100 tox|[from] psn\n|upkeep\n|turn|13\n|\n|t:|1699220588\n|switch|p1a: Blussey|Blissey, F|100\/100\n|move|p2a: The Vortex|Snarl|p1a: Blussey\n|-damage|p1a: Blussey|86\/100\n|-unboost|p1a: Blussey|spa|1\n|\n|-damage|p2a: The Vortex|0 fnt|[from] psn\n|faint|p2a: The Vortex\n|upkeep\n|\n|t:|1699220603\n|switch|p2a: The Boy|Clodsire, M|100\/100\n|-sideend|p2: rydogu|move: Toxic Spikes|[of] p2a: The Boy\n|turn|14\n|\n|t:|1699220613\n|move|p1a: Blussey|Seismic Toss|p2a: The Boy\n|-damage|p2a: The Boy|79\/100\n|move|p2a: The Boy|Toxic Spikes|p1a: Blussey\n|-sidestart|p1: DTHaveMercy|move: Toxic Spikes\n|\n|upkeep\n|turn|15\n|\n|t:|1699220622\n|move|p1a: Blussey|Stealth Rock|p2a: The Boy\n|-sidestart|p2: rydogu|move: Stealth Rock\n|move|p2a: The Boy|Gunk Shot|p1a: Blussey\n|-damage|p1a: Blussey|57\/100\n|\n|upkeep\n|turn|16\n|\n|t:|1699220628\n|move|p1a: Blussey|Seismic Toss|p2a: The Boy\n|-damage|p2a: The Boy|57\/100\n|-status|p1a: Blussey|psn|[from] ability: Poison Point|[of] p2a: The Boy\n|move|p2a: The Boy|Gunk Shot|p1a: Blussey\n|-damage|p1a: Blussey|26\/100 psn\n|\n|-damage|p1a: Blussey|14\/100 psn|[from] psn\n|upkeep\n|turn|17\n|l| HakoboRaps\n|\n|t:|1699220657\n|move|p1a: Blussey|Soft-Boiled|p1a: Blussey\n|-heal|p1a: Blussey|64\/100 psn\n|move|p2a: The Boy|Recover|p2a: The Boy\n|-heal|p2a: The Boy|100\/100\n|\n|-damage|p1a: Blussey|51\/100 psn|[from] psn\n|upkeep\n|turn|18\n|\n|t:|1699220668\n|move|p1a: Blussey|Soft-Boiled|p1a: Blussey\n|-heal|p1a: Blussey|100\/100 psn\n|move|p2a: The Boy|Earthquake|p1a: Blussey\n|-damage|p1a: Blussey|70\/100 psn\n|\n|-damage|p1a: Blussey|58\/100 psn|[from] psn\n|upkeep\n|turn|19\n|\n|t:|1699220677\n|-curestatus|p1a: Blussey|psn|[from] ability: Natural Cure\n|switch|p1a: Big X|Gliscor, M|100\/100\n|move|p2a: The Boy|Earthquake|p1a: Big X\n|-immune|p1a: Big X\n|\n|-status|p1a: Big X|tox|[from] item: Toxic Orb\n|upkeep\n|turn|20\n|j| HakoboRaps\n|\n|t:|1699220696\n|move|p1a: Big X|Swords Dance|p1a: Big X\n|-boost|p1a: Big X|atk|2\n|move|p2a: The Boy|Gunk Shot|p1a: Big X|[miss]\n|-miss|p2a: The Boy|p1a: Big X\n|\n|upkeep\n|turn|21\n|\n|t:|1699220716\n|switch|p2a: The Child|Mimikyu, M|100\/100\n|-damage|p2a: The Child|88\/100|[from] Stealth Rock\n|move|p1a: Big X|Swords Dance|p1a: Big X\n|-boost|p1a: Big X|atk|2\n|\n|upkeep\n|turn|22\n|\n|t:|1699220729\n|move|p1a: Big X|Knock Off|p2a: The Child\n|-activate|p2a: The Child|ability: Disguise\n|-damage|p2a: The Child|88\/100\n|-damage|p1a: Big X|84\/100 tox|[from] item: Rocky Helmet|[of] p2a: The Child\n|-enditem|p2a: The Child|Rocky Helmet|[from] move: Knock Off|[of] p1a: Big X\n|detailschange|p2a: The Child|Mimikyu-Busted, M\n|-damage|p2a: The Child|76\/100|[from] pokemon: Mimikyu-Busted\n|move|p2a: The Child|Swords Dance|p2a: The Child\n|-boost|p2a: The Child|atk|2\n|\n|-heal|p1a: Big X|97\/100 tox|[from] ability: Poison Heal\n|upkeep\n|turn|23\n|\n|t:|1699220748\n|move|p2a: The Child|Shadow Sneak|p1a: Big X\n|-damage|p1a: Big X|75\/100 tox\n|move|p1a: Big X|Earthquake|p2a: The Child\n|-damage|p2a: The Child|0 fnt\n|faint|p2a: The Child\n|\n|-heal|p1a: Big X|87\/100 tox|[from] ability: Poison Heal\n|upkeep\n|\n|t:|1699220758\n|switch|p2a: The Monke|Rillaboom, F|100\/100\n|-damage|p2a: The Monke|88\/100|[from] Stealth Rock\n|-fieldstart|move: Grassy Terrain|[from] ability: Grassy Surge|[of] p2a: The Monke\n|turn|24\n|\n|t:|1699220801\n|move|p2a: The Monke|Grassy Glide|p1a: Big X\n|-damage|p1a: Big X|57\/100 tox\n|-damage|p2a: The Monke|78\/100|[from] item: Life Orb\n|move|p1a: Big X|Knock Off|p2a: The Monke\n|-damage|p2a: The Monke|5\/100\n|-enditem|p2a: The Monke|Life Orb|[from] move: Knock Off|[of] p1a: Big X\n|\n|-heal|p2a: The Monke|11\/100|[from] Grassy Terrain\n|-heal|p1a: Big X|70\/100 tox|[from] ability: Poison Heal\n|upkeep\n|turn|25\n|\n|t:|1699220825\n|move|p2a: The Monke|Grassy Glide|p1a: Big X\n|-damage|p1a: Big X|48\/100 tox\n|move|p1a: Big X|Knock Off|p2a: The Monke\n|-crit|p2a: The Monke\n|-damage|p2a: The Monke|0 fnt\n|faint|p2a: The Monke\n|\n|-heal|p1a: Big X|60\/100 tox|[from] ability: Poison Heal\n|upkeep\n|\n|t:|1699220834\n|switch|p2a: The Muscle|Tauros-Paldea-Aqua, M|100\/100\n|-damage|p2a: The Muscle|94\/100|[from] Stealth Rock\n|-ability|p2a: The Muscle|Intimidate|boost\n|-unboost|p1a: Big X|atk|1\n|turn|26\n|\n|t:|1699220845\n|move|p2a: The Muscle|Aqua Jet|p1a: Big X\n|-supereffective|p1a: Big X\n|-damage|p1a: Big X|37\/100 tox\n|move|p1a: Big X|Knock Off|p2a: The Muscle\n|-resisted|p2a: The Muscle\n|-damage|p2a: The Muscle|66\/100\n|-enditem|p2a: The Muscle|Focus Sash|[from] move: Knock Off|[of] p1a: Big X\n|\n|-heal|p2a: The Muscle|72\/100|[from] Grassy Terrain\n|-heal|p1a: Big X|49\/100 tox|[from] ability: Poison Heal\n|upkeep\n|turn|27\n|\n|t:|1699220857\n|move|p2a: The Muscle|Aqua Jet|p1a: Big X\n|-supereffective|p1a: Big X\n|-damage|p1a: Big X|26\/100 tox\n|move|p1a: Big X|Earthquake|p2a: The Muscle\n|-damage|p2a: The Muscle|22\/100\n|\n|-heal|p2a: The Muscle|29\/100|[from] Grassy Terrain\n|-heal|p1a: Big X|39\/100 tox|[from] ability: Poison Heal\n|upkeep\n|turn|28\n|\n|t:|1699220869\n|move|p2a: The Muscle|Aqua Jet|p1a: Big X\n|-supereffective|p1a: Big X\n|-damage|p1a: Big X|17\/100 tox\n|move|p1a: Big X|Earthquake|p2a: The Muscle\n|-damage|p2a: The Muscle|0 fnt\n|faint|p2a: The Muscle\n|\n|-heal|p1a: Big X|29\/100 tox|[from] ability: Poison Heal\n|-fieldend|move: Grassy Terrain\n|upkeep\n|\n|t:|1699220878\n|switch|p2a: The Boy|Clodsire, M|100\/100\n|-damage|p2a: The Boy|94\/100|[from] Stealth Rock\n|turn|29\n|l| HakoboRaps\n|\n|t:|1699220903\n|move|p1a: Big X|Earthquake|p2a: The Boy\n|-supereffective|p2a: The Boy\n|-damage|p2a: The Boy|0 fnt\n|faint|p2a: The Boy\n|\n|win|DTHaveMercy\n|j| HakoboRaps\n","uploadtime":1699220937,"views":37,"p1id":"dthavemercy","p2id":"rydogu","formatid":"gen9anythinggoes","rating":0,"private":0,"password":""}