{"id":"gen9anythinggoes-1990712291","p1":"Jeffreylol1","p2":"Last Respects 91","format":"[Gen 9] Anything Goes","log":"|j|\u2606Jeffreylol1\n|j|\u2606Last Respects 91\n|t:|1699993963\n|gametype|singles\n|player|p1|Jeffreylol1|lucas|1123\n|player|p2|Last Respects 91|265|1075\n|teamsize|p1|6\n|teamsize|p2|6\n|gen|9\n|tier|[Gen 9] Anything Goes\n|rated|\n|rule|HP Percentage Mod: HP is shown in percentages\n|rule|Endless Battle Clause: Forcing endless battles is banned\n|clearpoke\n|poke|p1|Ogerpon, F|\n|poke|p1|Drifblim, M|\n|poke|p1|Oricorio, F|\n|poke|p1|Ogerpon, F|\n|poke|p1|Drifblim, M|\n|poke|p1|Oricorio-Pom-Pom, F|\n|poke|p2|Ribombee, F|\n|poke|p2|Braviary-Hisui, M|\n|poke|p2|Groudon|\n|poke|p2|Rillaboom, M|\n|poke|p2|Rotom-Heat|\n|poke|p2|Basculegion, M|\n|teampreview\n|inactive|Battle timer is ON: inactive players will automatically lose when time's up. (requested by Jeffreylol1)\n|c|\u2606Jeffreylol1|Hi\n|\n|t:|1699993970\n|start\n|switch|p1a: Drifblim|Drifblim, M, shiny|100\/100\n|switch|p2a: Ribombee|Ribombee, F, shiny|100\/100\n|turn|1\n|\n|t:|1699993983\n|move|p2a: Ribombee|Stun Spore|p1a: Drifblim|[miss]\n|-miss|p2a: Ribombee|p1a: Drifblim\n|move|p1a: Drifblim|Minimize|p1a: Drifblim\n|-boost|p1a: Drifblim|evasion|2\n|\n|upkeep\n|turn|2\n|\n|t:|1699993991\n|move|p2a: Ribombee|Sticky Web|p1a: Drifblim\n|-sidestart|p1: Jeffreylol1|move: Sticky Web\n|move|p1a: Drifblim|Minimize|p1a: Drifblim\n|-boost|p1a: Drifblim|evasion|2\n|\n|upkeep\n|turn|3\n|\n|t:|1699993998\n|move|p2a: Ribombee|Stun Spore|p1a: Drifblim|[miss]\n|-miss|p2a: Ribombee|p1a: Drifblim\n|move|p1a: Drifblim|Minimize|p1a: Drifblim\n|-boost|p1a: Drifblim|evasion|2\n|\n|upkeep\n|turn|4\n|\n|t:|1699994008\n|move|p2a: Ribombee|Stun Spore|p1a: Drifblim\n|-status|p1a: Drifblim|par\n|move|p1a: Drifblim|Baton Pass|p1a: Drifblim\n|\n|t:|1699994016\n|switch|p1a: Oricorio|Oricorio-Pom-Pom, F|100\/100|[from] Baton Pass\n|\n|upkeep\n|turn|5\n|\n|t:|1699994023\n|move|p2a: Ribombee|Tailwind|p2a: Ribombee\n|-sidestart|p2: Last Respects 91|move: Tailwind\n|move|p1a: Oricorio|Swords Dance|p1a: Oricorio\n|-boost|p1a: Oricorio|atk|2\n|\n|upkeep\n|turn|6\n|\n|t:|1699994029\n|move|p2a: Ribombee|Moonblast|p1a: Oricorio|[miss]\n|-miss|p2a: Ribombee|p1a: Oricorio\n|move|p1a: Oricorio|Swords Dance|p1a: Oricorio\n|-boost|p1a: Oricorio|atk|2\n|\n|upkeep\n|turn|7\n|\n|t:|1699994036\n|move|p2a: Ribombee|Moonblast|p1a: Oricorio\n|-damage|p1a: Oricorio|42\/100\n|move|p1a: Oricorio|Swords Dance|p1a: Oricorio\n|-boost|p1a: Oricorio|atk|2\n|\n|upkeep\n|turn|8\n|\n|t:|1699994043\n|move|p2a: Ribombee|Moonblast|p1a: Oricorio|[miss]\n|-miss|p2a: Ribombee|p1a: Oricorio\n|move|p1a: Oricorio|Baton Pass|p1a: Oricorio\n|\n|t:|1699994047\n|switch|p1a: Oricorio|Oricorio, F|100\/100|[from] Baton Pass\n|\n|-sideend|p2: Last Respects 91|move: Tailwind\n|upkeep\n|turn|9\n|\n|t:|1699994051\n|move|p2a: Ribombee|Moonblast|p1a: Oricorio|[miss]\n|-miss|p2a: Ribombee|p1a: Oricorio\n|move|p1a: Oricorio|Quiver Dance|p1a: Oricorio\n|-boost|p1a: Oricorio|spa|1\n|-boost|p1a: Oricorio|spd|1\n|-boost|p1a: Oricorio|spe|1\n|\n|upkeep\n|turn|10\n|\n|t:|1699994056\n|move|p1a: Oricorio|Quiver Dance|p1a: Oricorio\n|-boost|p1a: Oricorio|spa|1\n|-boost|p1a: Oricorio|spd|1\n|-boost|p1a: Oricorio|spe|1\n|move|p2a: Ribombee|Moonblast|p1a: Oricorio|[miss]\n|-miss|p2a: Ribombee|p1a: Oricorio\n|\n|upkeep\n|turn|11\n|\n|t:|1699994061\n|move|p1a: Oricorio|Quiver Dance|p1a: Oricorio\n|-boost|p1a: Oricorio|spa|1\n|-boost|p1a: Oricorio|spd|1\n|-boost|p1a: Oricorio|spe|1\n|move|p2a: Ribombee|Moonblast|p1a: Oricorio\n|-resisted|p1a: Oricorio\n|-damage|p1a: Oricorio|87\/100\n|\n|upkeep\n|turn|12\n|\n|t:|1699994064\n|move|p1a: Oricorio|Quiver Dance|p1a: Oricorio\n|-boost|p1a: Oricorio|spa|1\n|-boost|p1a: Oricorio|spd|1\n|-boost|p1a: Oricorio|spe|1\n|move|p2a: Ribombee|Moonblast|p1a: Oricorio|[miss]\n|-miss|p2a: Ribombee|p1a: Oricorio\n|\n|upkeep\n|turn|13\n|\n|t:|1699994071\n|move|p1a: Oricorio|Quiver Dance|p1a: Oricorio\n|-boost|p1a: Oricorio|spa|1\n|-boost|p1a: Oricorio|spd|1\n|-boost|p1a: Oricorio|spe|1\n|move|p2a: Ribombee|Moonblast|p1a: Oricorio|[miss]\n|-miss|p2a: Ribombee|p1a: Oricorio\n|\n|upkeep\n|turn|14\n|\n|t:|1699994077\n|move|p1a: Oricorio|Quiver Dance|p1a: Oricorio\n|-boost|p1a: Oricorio|spa|1\n|-boost|p1a: Oricorio|spd|1\n|-boost|p1a: Oricorio|spe|1\n|move|p2a: Ribombee|Tailwind|p2a: Ribombee\n|-sidestart|p2: Last Respects 91|move: Tailwind\n|\n|upkeep\n|turn|15\n|\n|t:|1699994081\n|move|p1a: Oricorio|Baton Pass|p1a: Oricorio\n|\n|t:|1699994084\n|switch|p1a: Drifblim|Drifblim, M, shiny|100\/100|[from] Baton Pass\n|move|p2a: Ribombee|Stun Spore|p1a: Drifblim|[miss]\n|-miss|p2a: Ribombee|p1a: Drifblim\n|\n|upkeep\n|turn|16\n|\n|t:|1699994089\n|move|p1a: Drifblim|Stored Power|p2a: Ribombee\n|-enditem|p2a: Ribombee|Focus Sash\n|-damage|p2a: Ribombee|1\/100\n|move|p2a: Ribombee|Stun Spore|p1a: Drifblim|[miss]\n|-miss|p2a: Ribombee|p1a: Drifblim\n|\n|upkeep\n|turn|17\n|\n|t:|1699994095\n|move|p1a: Drifblim|Stored Power|p2a: Ribombee\n|-damage|p2a: Ribombee|0 fnt\n|faint|p2a: Ribombee\n|\n|-sideend|p2: Last Respects 91|move: Tailwind\n|upkeep\n|\n|t:|1699994098\n|switch|p2a: Rillaboom|Rillaboom, M, shiny|100\/100\n|-fieldstart|move: Grassy Terrain|[from] ability: Grassy Surge|[of] p2a: Rillaboom\n|turn|18\n|\n|t:|1699994101\n|move|p1a: Drifblim|Stored Power|p2a: Rillaboom\n|-damage|p2a: Rillaboom|0 fnt\n|faint|p2a: Rillaboom\n|\n|upkeep\n|\n|t:|1699994103\n|switch|p2a: Braviary|Braviary-Hisui, M, shiny|100\/100\n|turn|19\n|\n|t:|1699994108\n|-terastallize|p2a: Braviary|Psychic\n|move|p1a: Drifblim|Stored Power|p2a: Braviary\n|-resisted|p2a: Braviary\n|-damage|p2a: Braviary|0 fnt\n|faint|p2a: Braviary\n|\n|upkeep\n|\n|t:|1699994112\n|switch|p2a: Rotom|Rotom-Heat, shiny|100\/100\n|turn|20\n|\n|t:|1699994114\n|move|p1a: Drifblim|Stored Power|p2a: Rotom\n|-damage|p2a: Rotom|0 fnt\n|faint|p2a: Rotom\n|\n|upkeep\n|\n|t:|1699994116\n|switch|p2a: Groudon|Groudon|100\/100\n|-weather|SunnyDay|[from] ability: Drought|[of] p2a: Groudon\n|turn|21\n|\n|t:|1699994118\n|move|p1a: Drifblim|Stored Power|p2a: Groudon\n|-damage|p2a: Groudon|0 fnt\n|faint|p2a: Groudon\n|\n|-weather|SunnyDay|[upkeep]\n|upkeep\n|\n|t:|1699994120\n|switch|p2a: Basculegion|Basculegion, M, shiny|100\/100\n|turn|22\n|c|\u2606Jeffreylol1|Gg\n|\n|t:|1699994129\n|move|p1a: Drifblim|Stored Power|p2a: Basculegion\n|-enditem|p2a: Basculegion|Focus Sash\n|-damage|p2a: Basculegion|1\/100\n|move|p2a: Basculegion|Last Respects|p1a: Drifblim\n|-supereffective|p1a: Drifblim\n|-enditem|p1a: Drifblim|Focus Sash\n|-damage|p1a: Drifblim|1\/100\n|\n|-weather|SunnyDay|[upkeep]\n|-heal|p2a: Basculegion|7\/100|[from] Grassy Terrain\n|-fieldend|move: Grassy Terrain\n|upkeep\n|turn|23\n|\n|t:|1699994135\n|move|p2a: Basculegion|Aqua Jet|p1a: Drifblim|[miss]\n|-miss|p2a: Basculegion|p1a: Drifblim\n|move|p1a: Drifblim|Stored Power|p2a: Basculegion\n|-damage|p2a: Basculegion|0 fnt\n|faint|p2a: Basculegion\n|\n|win|Jeffreylol1\n|raw|Jeffreylol1's rating: 1123 &rarr; <strong>1145<\/strong><br \/>(+22 for winning)\n|raw|Last Respects 91's rating: 1075 &rarr; <strong>1057<\/strong><br \/>(-18 for losing)\n","uploadtime":1699994140,"views":5,"p1id":"jeffreylol1","p2id":"lastrespects91","formatid":"gen9anythinggoes","rating":1057,"private":0,"password":""}