{"id":"gen9anythinggoes-1993752379","p1":"dittoboys","p2":"Ptok","format":"[Gen 9] Anything Goes","log":"|j|\u2606dittoboys\n|j|\u2606Ptok\n|t:|1700353058\n|gametype|singles\n|player|p1|dittoboys|pokemaniac|\n|player|p2|Ptok|ethan|\n|teamsize|p1|6\n|teamsize|p2|6\n|gen|9\n|tier|[Gen 9] Anything Goes\n|rule|HP Percentage Mod: HP is shown in percentages\n|rule|Endless Battle Clause: Forcing endless battles is banned\n|clearpoke\n|poke|p1|Slowking-Galar, F|\n|poke|p1|Ursaluna, M|\n|poke|p1|Zoroark-Hisui, F|\n|poke|p1|Delphox, F|\n|poke|p1|Iron Bundle|\n|poke|p1|Mandibuzz, F|\n|poke|p2|Umbreon, M|\n|poke|p2|Scizor, F|\n|poke|p2|Heatran, F|\n|poke|p2|Volcanion|\n|poke|p2|Landorus-Therian, M|\n|poke|p2|Weezing-Galar, F|\n|teampreview\n|j| Tredz\n|j| Raptors4TheChip\n|\n|t:|1700353179\n|start\n|switch|p1a: turn tables|Iron Bundle|100\/100\n|switch|p2a: Umbreon|Umbreon, M|100\/100\n|turn|1\n|\n|t:|1700353221\n|move|p1a: turn tables|U-turn|p2a: Umbreon\n|-supereffective|p2a: Umbreon\n|-damage|p2a: Umbreon|78\/100\n|\n|t:|1700353252\n|switch|p1a: moon bear|Ursaluna, M|100\/100|[from] U-turn\n|move|p2a: Umbreon|Thunder Wave|p1a: moon bear\n|-immune|p1a: moon bear\n|\n|-heal|p2a: Umbreon|84\/100|[from] item: Leftovers\n|upkeep\n|turn|2\n|\n|t:|1700353317\n|move|p1a: moon bear|Close Combat|p2a: Umbreon\n|-supereffective|p2a: Umbreon\n|-damage|p2a: Umbreon|9\/100\n|-unboost|p1a: moon bear|def|1\n|-unboost|p1a: moon bear|spd|1\n|move|p2a: Umbreon|Wish|p2a: Umbreon\n|\n|-heal|p2a: Umbreon|15\/100|[from] item: Leftovers\n|upkeep\n|turn|3\n|c|\u2606dittoboys|bros really gonna thunder wave\n|\n|t:|1700353335\n|move|p2a: Umbreon|Protect|p2a: Umbreon\n|-singleturn|p2a: Umbreon|Protect\n|move|p1a: moon bear|Close Combat|p2a: Umbreon\n|-activate|p2a: Umbreon|move: Protect\n|\n|-heal|p2a: Umbreon|65\/100|[from] move: Wish|[wisher] Umbreon\n|-heal|p2a: Umbreon|71\/100|[from] item: Leftovers\n|upkeep\n|turn|4\n|j| Amoongdrip\n|\n|t:|1700353433\n|switch|p1a: amy schumer|Slowking-Galar, F|100\/100\n|switch|p2a: Landorus|Landorus-Therian, M|100\/100\n|-ability|p2a: Landorus|Intimidate|boost\n|-unboost|p1a: amy schumer|atk|1\n|\n|upkeep\n|turn|5\n|c| Amoongdrip|umbreon such a tank\n|c|\u2606dittoboys|true\n|\n|t:|1700353503\n|switch|p1a: mandibum|Mandibuzz, F|100\/100\n|move|p2a: Landorus|Substitute|p2a: Landorus\n|-start|p2a: Landorus|Substitute\n|-damage|p2a: Landorus|76\/100\n|\n|-heal|p2a: Landorus|82\/100|[from] item: Leftovers\n|upkeep\n|turn|6\n|c| Raptors4TheChip|quinn going crazy\n|\n|t:|1700353534\n|move|p2a: Landorus|Swords Dance|p2a: Landorus\n|-boost|p2a: Landorus|atk|2\n|move|p1a: mandibum|Foul Play|p2a: Landorus\n|-end|p2a: Landorus|Substitute\n|\n|-heal|p2a: Landorus|88\/100|[from] item: Leftovers\n|upkeep\n|turn|7\n|\n|t:|1700353552\n|move|p2a: Landorus|U-turn|p1a: mandibum\n|-damage|p1a: mandibum|72\/100\n|\n|t:|1700353560\n|switch|p2a: Weezing|Weezing-Galar, F|100\/100|[from] U-turn\n|-ability|p2a: Weezing|Neutralizing Gas\n|move|p1a: mandibum|Foul Play|p2a: Weezing\n|-resisted|p2a: Weezing\n|-damage|p2a: Weezing|93\/100\n|\n|-heal|p2a: Weezing|99\/100|[from] item: Black Sludge\n|upkeep\n|turn|8\n|c| Amoongdrip|sd u-turn sheesh\n|c| Raptors4TheChip|extra chip\n|\n|t:|1700353588\n|switch|p1a: amy schumer|Slowking-Galar, F|100\/100\n|move|p2a: Weezing|Strange Steam|p1a: amy schumer\n|-resisted|p1a: amy schumer\n|-crit|p1a: amy schumer\n|-damage|p1a: amy schumer|88\/100\n|\n|-heal|p2a: Weezing|100\/100|[from] item: Black Sludge\n|-heal|p1a: amy schumer|94\/100|[from] item: Black Sludge\n|upkeep\n|turn|9\n|l| Amoongdrip\n|inactive|Battle timer is ON: inactive players will automatically lose when time's up. (requested by dittoboys)\n|c|\u2606dittoboys|ill turn it off later\n|c| Raptors4TheChip|cap\n|c| Tredz|what da point\n|inactive|Ptok has 270 seconds left.\n|c| Raptors4TheChip|brock win gambit boutta be crazy\n|c|\u2606dittoboys|to show the audience who is choosing a move\n|c| Tredz|lmao fair\n|c| Raptors4TheChip|\"I was looking at my calc and missed it\"\n|inactive|Ptok has 240 seconds left.\n|c|\u2606dittoboys|me too\n|\n|t:|1700353711\n|move|p2a: Weezing|Strange Steam|p1a: amy schumer\n|-resisted|p1a: amy schumer\n|-damage|p1a: amy schumer|86\/100\n|move|p1a: amy schumer|Future Sight|p2a: Weezing\n|-start|p1a: amy schumer|move: Future Sight\n|\n|-heal|p1a: amy schumer|92\/100|[from] item: Black Sludge\n|upkeep\n|turn|10\n|inactive|Ptok has 270 seconds left.\n|\n|t:|1700353748\n|-end|p2a: Weezing|ability: Neutralizing Gas\n|switch|p2a: Umbreon|Umbreon, M|71\/100\n|move|p1a: amy schumer|Chilly Reception|p1a: amy schumer\n|-weather|Snow\n|\n|t:|1700353757\n|switch|p1a: moon bear|Ursaluna, M|100\/100|[from] Chilly Reception\n|\n|-weather|Snow|[upkeep]\n|-heal|p2a: Umbreon|77\/100|[from] item: Leftovers\n|upkeep\n|turn|11\n|inactive|Ptok has 270 seconds left.\n|inactive|dittoboys has 270 seconds left.\n|\n|t:|1700353804\n|-terastallize|p2a: Umbreon|Dark\n|move|p2a: Umbreon|Protect|p2a: Umbreon\n|-singleturn|p2a: Umbreon|Protect\n|move|p1a: moon bear|Close Combat|p2a: Umbreon\n|-activate|p2a: Umbreon|move: Protect\n|\n|-weather|Snow|[upkeep]\n|-end|p2a: Umbreon|move: Future Sight\n|-immune|p2a: Umbreon\n|-heal|p2a: Umbreon|83\/100|[from] item: Leftovers\n|upkeep\n|turn|12\n|inactive|Ptok has 240 seconds left.\n|inactive|Ptok has 210 seconds left.\n|\n|t:|1700353869\n|move|p1a: moon bear|Close Combat|p2a: Umbreon\n|-supereffective|p2a: Umbreon\n|-damage|p2a: Umbreon|4\/100\n|-unboost|p1a: moon bear|def|1\n|-unboost|p1a: moon bear|spd|1\n|move|p2a: Umbreon|Wish|p2a: Umbreon\n|\n|-weather|Snow|[upkeep]\n|-heal|p2a: Umbreon|10\/100|[from] item: Leftovers\n|upkeep\n|turn|13\n|inactive|Ptok has 210 seconds left.\n|c|\u2606dittoboys|no tera ghost?\n|inactive|Ptok has 180 seconds left.\n|c| Raptors4TheChip|tera ghost went crazy in prep\n|c|\u2606Ptok|forgot to change the tera lol\n|inactive|Ptok has 150 seconds left.\n|\n|t:|1700353941\n|switch|p2a: Landorus|Landorus-Therian, M|88\/100\n|-ability|p2a: Landorus|Intimidate|boost\n|-unboost|p1a: moon bear|atk|1\n|move|p1a: moon bear|Close Combat|p2a: Landorus\n|-resisted|p2a: Landorus\n|-damage|p2a: Landorus|69\/100\n|-unboost|p1a: moon bear|def|1\n|-unboost|p1a: moon bear|spd|1\n|\n|-weather|Snow|[upkeep]\n|-heal|p2a: Landorus|100\/100|[from] move: Wish|[wisher] Umbreon\n|upkeep\n|turn|14\n|inactive|dittoboys has 270 seconds left.\n|inactive|Ptok has 150 seconds left.\n|\n|t:|1700353971\n|switch|p1a: support magician|Delphox, F|100\/100\n|move|p2a: Landorus|U-turn|p1a: support magician\n|-damage|p1a: support magician|66\/100\n|inactive|Ptok has 120 seconds left.\n|\n|t:|1700353998\n|switch|p2a: Volcanion|Volcanion|100\/100|[from] U-turn\n|\n|-weather|none\n|upkeep\n|turn|15\n|inactive|Ptok has 120 seconds left.\n|\n|t:|1700354007\n|switch|p1a: amy schumer|Slowking-Galar, F|100\/100\n|move|p2a: Volcanion|Steam Eruption|p1a: amy schumer|[miss]\n|-miss|p2a: Volcanion|p1a: amy schumer\n|\n|upkeep\n|turn|16\n|c|\u2606Ptok|...\n|inactive|Ptok has 120 seconds left.\n|\n|t:|1700354021\n|move|p2a: Volcanion|Earth Power|p1a: amy schumer\n|-supereffective|p1a: amy schumer\n|-damage|p1a: amy schumer|56\/100\n|move|p1a: amy schumer|Future Sight|p2a: Volcanion\n|-start|p1a: amy schumer|move: Future Sight\n|\n|-heal|p1a: amy schumer|62\/100|[from] item: Black Sludge\n|upkeep\n|turn|17\n|c| Tredz|5% accuracy\n|c|\u2606dittoboys|game doesnt want u to win\n|inactive|Ptok has 120 seconds left.\n|inactive|dittoboys has 240 seconds left.\n|inactive|Ptok has 90 seconds left.\n|\n|t:|1700354090\n|move|p2a: Volcanion|Steam Eruption|p1a: amy schumer\n|-damage|p1a: amy schumer|23\/100\n|-status|p1a: amy schumer|brn\n|move|p1a: amy schumer|Chilly Reception|p1a: amy schumer\n|-weather|Snow\n|\n|t:|1700354095\n|switch|p1a: moon bear|Ursaluna, M|100\/100|[from] Chilly Reception\n|\n|-weather|Snow|[upkeep]\n|upkeep\n|turn|18\n|inactive|dittoboys has 240 seconds left.\n|c| Raptors4TheChip|hmmm\n|inactive|Ptok has 60 seconds left.\n|\n|t:|1700354144\n|move|p1a: moon bear|Headlong Rush|p2a: Volcanion\n|-supereffective|p2a: Volcanion\n|-damage|p2a: Volcanion|0 fnt\n|-unboost|p1a: moon bear|def|1\n|-unboost|p1a: moon bear|spd|1\n|faint|p2a: Volcanion\n|\n|-weather|Snow|[upkeep]\n|-hint|Future Sight did not hit because the target is fainted.\n|upkeep\n|c|\u2606dittoboys|thank god that thing is dead\n|inactive|Ptok has 30 seconds left.\n|inactiveoff|Battle timer is now OFF.\n|c| Raptors4TheChip|volc was tuff\n|\n|t:|1700354207\n|switch|p2a: Scizor|Scizor, F|100\/100\n|turn|19\n|\n|t:|1700354249\n|switch|p1a: mandibum|Mandibuzz, F|72\/100\n|move|p2a: Scizor|U-turn|p1a: mandibum\n|-damage|p1a: mandibum|38\/100\n|\n|t:|1700354337\n|switch|p2a: Umbreon|Umbreon, M, tera:Dark|10\/100|[from] U-turn\n|\n|-weather|Snow|[upkeep]\n|-heal|p2a: Umbreon|16\/100|[from] item: Leftovers\n|upkeep\n|turn|20\n|\n|t:|1700354354\n|move|p1a: mandibum|Roost|p1a: mandibum\n|-heal|p1a: mandibum|88\/100\n|-singleturn|p1a: mandibum|move: Roost\n|move|p2a: Umbreon|Wish|p2a: Umbreon\n|\n|-weather|Snow|[upkeep]\n|-heal|p2a: Umbreon|22\/100|[from] item: Leftovers\n|upkeep\n|turn|21\n|\n|t:|1700354383\n|move|p1a: mandibum|U-turn|p2a: Umbreon\n|-supereffective|p2a: Umbreon\n|-damage|p2a: Umbreon|4\/100\n|\n|t:|1700354406\n|switch|p1a: moon bear|Ursaluna, M|100\/100|[from] U-turn\n|move|p2a: Umbreon|Foul Play|p1a: moon bear\n|-damage|p1a: moon bear|40\/100\n|\n|-weather|none\n|-heal|p2a: Umbreon|54\/100|[from] move: Wish|[wisher] Umbreon\n|-heal|p2a: Umbreon|60\/100|[from] item: Leftovers\n|upkeep\n|turn|22\n|\n|t:|1700354447\n|move|p2a: Umbreon|Protect|p2a: Umbreon\n|-singleturn|p2a: Umbreon|Protect\n|move|p1a: moon bear|Close Combat|p2a: Umbreon\n|-activate|p2a: Umbreon|move: Protect\n|\n|-heal|p2a: Umbreon|66\/100|[from] item: Leftovers\n|upkeep\n|turn|23\n|\n|t:|1700354469\n|switch|p1a: turn tables|Iron Bundle|100\/100\n|switch|p2a: Landorus|Landorus-Therian, M|100\/100\n|-ability|p2a: Landorus|Intimidate|boost\n|-unboost|p1a: turn tables|atk|1\n|\n|upkeep\n|turn|24\n|c| Raptors4TheChip|whats taking a hit\n|\n|t:|1700354581\n|switch|p2a: Umbreon|Umbreon, M, tera:Dark|66\/100\n|move|p1a: turn tables|Hydro Pump|p2a: Umbreon\n|-damage|p2a: Umbreon|23\/100\n|\n|-heal|p2a: Umbreon|29\/100|[from] item: Leftovers\n|upkeep\n|turn|25\n|\n|t:|1700354620\n|move|p2a: Umbreon|Protect|p2a: Umbreon\n|-singleturn|p2a: Umbreon|Protect\n|move|p1a: turn tables|Hydro Pump|p2a: Umbreon\n|-activate|p2a: Umbreon|move: Protect\n|\n|-heal|p2a: Umbreon|35\/100|[from] item: Leftovers\n|upkeep\n|turn|26\n|\n|t:|1700354648\n|switch|p2a: Weezing|Weezing-Galar, F|100\/100\n|-ability|p2a: Weezing|Neutralizing Gas\n|move|p1a: turn tables|Hydro Pump|p2a: Weezing\n|-damage|p2a: Weezing|0 fnt\n|faint|p2a: Weezing\n|-end|p2a: Weezing|ability: Neutralizing Gas\n|\n|upkeep\n|\n|t:|1700354692\n|switch|p2a: Scizor|Scizor, F|100\/100\n|turn|27\n|\n|t:|1700354698\n|-end|p1a: turn tables|Quark Drive|[silent]\n|switch|p1a: mandibum|Mandibuzz, F|88\/100\n|move|p2a: Scizor|Knock Off|p1a: mandibum\n|-resisted|p1a: mandibum\n|-damage|p1a: mandibum|73\/100\n|-enditem|p1a: mandibum|Heavy-Duty Boots|[from] move: Knock Off|[of] p2a: Scizor\n|\n|upkeep\n|turn|28\n|\n|t:|1700354735\n|move|p1a: mandibum|U-turn|p2a: Scizor\n|-resisted|p2a: Scizor\n|-crit|p2a: Scizor\n|-damage|p2a: Scizor|92\/100\n|\n|t:|1700354740\n|switch|p1a: support magician|Delphox, F|66\/100|[from] U-turn\n|move|p2a: Scizor|Knock Off|p1a: support magician\n|-supereffective|p1a: support magician\n|-damage|p1a: support magician|0 fnt\n|-enditem|p1a: support magician|Weakness Policy|[from] move: Knock Off|[of] p2a: Scizor\n|faint|p1a: support magician\n|\n|upkeep\n|\n|t:|1700354747\n|switch|p1a: moon bear|Ursaluna, M|100\/100\n|turn|29\n|c|\u2606Ptok|damn how did it get all its health back\n|c|\u2606dittoboys|it was meant to be bundle\n|c| Tredz|lol\n|c|\u2606dittoboys|idk y it changes depending on whos dead\n|\n|t:|1700354808\n|switch|p2a: Heatran|Heatran, F|100\/100\n|-item|p2a: Heatran|Air Balloon\n|move|p1a: moon bear|Flamethrower|p2a: Heatran\n|-damage|p2a: Heatran|73\/100\n|-enditem|p2a: Heatran|Air Balloon\n|\n|upkeep\n|turn|30\n|c|\u2606dittoboys|flame body???\n|c| Raptors4TheChip|flame body is crazy lmao\n|c| Raptors4TheChip|erics got one phys attacker and its guts\n|\n|t:|1700354910\n|move|p1a: moon bear|U-turn|p2a: Heatran\n|-resisted|p2a: Heatran\n|-crit|p2a: Heatran\n|-damage|p2a: Heatran|68\/100\n|\n|t:|1700354912\n|switch|p1a: amy schumer|Slowking-Galar, F|57\/100 brn|[from] U-turn\n|move|p2a: Heatran|Flamethrower|p1a: amy schumer\n|-damage|p1a: amy schumer|25\/100 brn\n|\n|-heal|p1a: amy schumer|31\/100 brn|[from] item: Black Sludge\n|-damage|p1a: amy schumer|25\/100 brn|[from] brn\n|upkeep\n|turn|31\n|\n|t:|1700354939\n|move|p2a: Heatran|Flamethrower|p1a: amy schumer\n|-damage|p1a: amy schumer|0 fnt\n|faint|p1a: amy schumer\n|\n|upkeep\n|\n|t:|1700354947\n|switch|p1a: turn tables|Iron Bundle|100\/100\n|turn|32\n|c| Raptors4TheChip|imagine its zoroark lmao\n|\n|t:|1700355002\n|move|p2a: Heatran|Protect|p2a: Heatran\n|-singleturn|p2a: Heatran|Protect\n|move|p1a: turn tables|Hydro Pump|p2a: Heatran\n|-activate|p2a: Heatran|move: Protect\n|\n|upkeep\n|turn|33\n|\n|t:|1700355064\n|move|p1a: turn tables|Hydro Pump|p2a: Heatran\n|-supereffective|p2a: Heatran\n|-damage|p2a: Heatran|0 fnt\n|faint|p2a: Heatran\n|\n|upkeep\n|\n|t:|1700355110\n|switch|p2a: Umbreon|Umbreon, M, tera:Dark|35\/100\n|turn|34\n|\n|t:|1700355129\n|-end|p1a: turn tables|Quark Drive|[silent]\n|switch|p1a: moon bear|Ursaluna, M|40\/100\n|move|p2a: Umbreon|Protect||[still]\n|-fail|p2a: Umbreon\n|\n|-heal|p2a: Umbreon|41\/100|[from] item: Leftovers\n|upkeep\n|turn|35\n|\n|t:|1700355137\n|switch|p2a: Landorus|Landorus-Therian, M|100\/100\n|-ability|p2a: Landorus|Intimidate|boost\n|-unboost|p1a: moon bear|atk|1\n|move|p1a: moon bear|Close Combat|p2a: Landorus\n|-resisted|p2a: Landorus\n|-damage|p2a: Landorus|82\/100\n|-unboost|p1a: moon bear|def|1\n|-unboost|p1a: moon bear|spd|1\n|\n|-heal|p2a: Landorus|88\/100|[from] item: Leftovers\n|upkeep\n|turn|36\n|\n|t:|1700355233\n|switch|p1a: mandibum|Mandibuzz, F|73\/100\n|move|p2a: Landorus|Substitute|p2a: Landorus\n|-start|p2a: Landorus|Substitute\n|-damage|p2a: Landorus|63\/100\n|\n|-heal|p2a: Landorus|69\/100|[from] item: Leftovers\n|upkeep\n|turn|37\n|\n|t:|1700355273\n|move|p2a: Landorus|U-turn|p1a: mandibum\n|-damage|p1a: mandibum|57\/100\n|\n|t:|1700355277\n|switch|p2a: Umbreon|Umbreon, M, tera:Dark|41\/100|[from] U-turn\n|move|p1a: mandibum|Foul Play|p2a: Umbreon\n|-resisted|p2a: Umbreon\n|-damage|p2a: Umbreon|35\/100\n|\n|-heal|p2a: Umbreon|41\/100|[from] item: Leftovers\n|upkeep\n|turn|38\n|c| Raptors4TheChip|do the roar\n|\n|t:|1700355301\n|move|p1a: mandibum|Toxic|p2a: Umbreon\n|-status|p2a: Umbreon|tox\n|-activate|p2a: Umbreon|ability: Synchronize\n|-status|p1a: mandibum|tox\n|move|p2a: Umbreon|Wish|p2a: Umbreon\n|\n|-heal|p2a: Umbreon|47\/100 tox|[from] item: Leftovers\n|-damage|p1a: mandibum|51\/100 tox|[from] psn\n|-damage|p2a: Umbreon|41\/100 tox|[from] psn\n|upkeep\n|turn|39\n|\n|t:|1700355328\n|move|p1a: mandibum|Roost|p1a: mandibum\n|-heal|p1a: mandibum|100\/100 tox\n|-singleturn|p1a: mandibum|move: Roost\n|move|p2a: Umbreon|Foul Play|p1a: mandibum\n|-resisted|p1a: mandibum\n|-damage|p1a: mandibum|91\/100 tox\n|\n|-heal|p2a: Umbreon|91\/100 tox|[from] move: Wish|[wisher] Umbreon\n|-heal|p2a: Umbreon|97\/100 tox|[from] item: Leftovers\n|-damage|p1a: mandibum|79\/100 tox|[from] psn\n|-damage|p2a: Umbreon|85\/100 tox|[from] psn\n|upkeep\n|turn|40\n|c|\u2606dittoboys|i had to umb is such a wall\n|\n|t:|1700355380\n|move|p1a: mandibum|U-turn|p2a: Umbreon\n|-supereffective|p2a: Umbreon\n|-damage|p2a: Umbreon|67\/100 tox\n|c| Raptors4TheChip|either u die a hero or live long enough to become the villain\n|\n|t:|1700355395\n|switch|p1a: turn tables|Iron Bundle|100\/100|[from] U-turn\n|move|p2a: Umbreon|Wish|p2a: Umbreon\n|\n|-heal|p2a: Umbreon|73\/100 tox|[from] item: Leftovers\n|-damage|p2a: Umbreon|55\/100 tox|[from] psn\n|upkeep\n|turn|41\n|\n|t:|1700355426\n|move|p2a: Umbreon|Protect|p2a: Umbreon\n|-singleturn|p2a: Umbreon|Protect\n|move|p1a: turn tables|U-turn|p2a: Umbreon\n|-activate|p2a: Umbreon|move: Protect\n|\n|-heal|p2a: Umbreon|100\/100 tox|[from] move: Wish|[wisher] Umbreon\n|-damage|p2a: Umbreon|76\/100 tox|[from] psn\n|upkeep\n|turn|42\n|\n|t:|1700355464\n|switch|p2a: Scizor|Scizor, F|92\/100\n|move|p1a: turn tables|U-turn|p2a: Scizor\n|-resisted|p2a: Scizor\n|-damage|p2a: Scizor|86\/100\n|\n|t:|1700355468\n|-end|p1a: turn tables|Quark Drive|[silent]\n|switch|p1a: mandibum|Mandibuzz, F|100\/100|[from] U-turn\n|\n|upkeep\n|turn|43\n|inactive|Battle timer is ON: inactive players will automatically lose when time's up. (requested by dittoboys)\n|inactive|Ptok has 30 seconds left.\n|\n|t:|1700355508\n|move|p2a: Scizor|Bullet Punch|p1a: mandibum\n|-damage|p1a: mandibum|3\/100\n|replace|p1a: sike|Zoroark-Hisui, F, shiny\n|-end|p1a: sike|Illusion\n|move|p1a: sike|Flamethrower|p2a: Scizor\n|-supereffective|p2a: Scizor\n|-crit|p2a: Scizor\n|-damage|p2a: Scizor|0 fnt\n|faint|p2a: Scizor\n|\n|upkeep\n|inactive|Ptok has 30 seconds left.\n|c| Tredz|roll?\n|inactiveoff|Battle timer is now OFF.\n|c|\u2606Ptok|yeah\n|c| Tredz|F\n|c|\u2606dittoboys|flame always kills\n|c|\u2606Ptok|got lowest roll\n|c|\u2606dittoboys|if it makes u feel better i has sash\n|c| Tredz|ah\n|c| Raptors4TheChip|its sashed\n|c|\u2606Ptok|ah fair\n|c| Raptors4TheChip|ye lol\n|\n|t:|1700355551\n|switch|p2a: Umbreon|Umbreon, M, tera:Dark|76\/100 tox\n|turn|44\n|c|\u2606dittoboys|im 7 hp higher though\n|\n|t:|1700355596\n|move|p1a: sike|U-turn|p2a: Umbreon\n|-supereffective|p2a: Umbreon\n|-damage|p2a: Umbreon|52\/100 tox\n|\n|t:|1700355608\n|switch|p1a: moon bear|Ursaluna, M|40\/100|[from] U-turn\n|move|p2a: Umbreon|Wish|p2a: Umbreon\n|\n|-heal|p2a: Umbreon|58\/100 tox|[from] item: Leftovers\n|-damage|p2a: Umbreon|52\/100 tox|[from] psn\n|upkeep\n|turn|45\n|\n|t:|1700355653\n|move|p2a: Umbreon|Protect|p2a: Umbreon\n|-singleturn|p2a: Umbreon|Protect\n|move|p1a: moon bear|Ice Punch|p2a: Umbreon\n|-activate|p2a: Umbreon|move: Protect\n|\n|-heal|p2a: Umbreon|100\/100 tox|[from] move: Wish|[wisher] Umbreon\n|-damage|p2a: Umbreon|88\/100 tox|[from] psn\n|upkeep\n|turn|46\n|\n|t:|1700355706\n|switch|p1a: mandibum|Mandibuzz, F|79\/100 tox\n|move|p2a: Umbreon|Foul Play|p1a: mandibum\n|-resisted|p1a: mandibum\n|-damage|p1a: mandibum|71\/100 tox\n|\n|-heal|p2a: Umbreon|94\/100 tox|[from] item: Leftovers\n|-damage|p1a: mandibum|65\/100 tox|[from] psn\n|-damage|p2a: Umbreon|76\/100 tox|[from] psn\n|upkeep\n|turn|47\n|\n|t:|1700355731\n|move|p1a: mandibum|Foul Play|p2a: Umbreon\n|-resisted|p2a: Umbreon\n|-damage|p2a: Umbreon|69\/100 tox\n|move|p2a: Umbreon|Wish|p2a: Umbreon\n|\n|-heal|p2a: Umbreon|75\/100 tox|[from] item: Leftovers\n|-damage|p1a: mandibum|52\/100 tox|[from] psn\n|-damage|p2a: Umbreon|50\/100 tox|[from] psn\n|upkeep\n|turn|48\n|\n|t:|1700355754\n|switch|p2a: Landorus|Landorus-Therian, M|69\/100\n|-ability|p2a: Landorus|Intimidate|boost\n|-unboost|p1a: mandibum|atk|1\n|move|p1a: mandibum|U-turn|p2a: Landorus\n|-resisted|p2a: Landorus\n|-damage|p2a: Landorus|64\/100\n|\n|t:|1700355758\n|switch|p1a: moon bear|Ursaluna, M|3\/100|[from] U-turn\n|\n|-heal|p2a: Landorus|100\/100|[from] move: Wish|[wisher] Umbreon\n|upkeep\n|turn|49\n|c| Raptors4TheChip|whoa what happened to his hp\n|c| Tredz|\ud83d\ude31\n|c|\u2606Ptok|reporting a glitch\n|c| Raptors4TheChip|hes hacking\n|c|\u2606dittoboys|they needa fix my mons hp from switch up\n|\n|t:|1700355818\n|move|p1a: moon bear|Icy Wind|p2a: Landorus\n|-supereffective|p2a: Landorus\n|-damage|p2a: Landorus|4\/100\n|-unboost|p2a: Landorus|spe|1\n|move|p2a: Landorus|U-turn|p1a: moon bear\n|-resisted|p1a: moon bear\n|-damage|p1a: moon bear|0 fnt\n|replace|p1a: sike|Zoroark-Hisui, F, shiny\n|-end|p1a: sike|Illusion\n|faint|p1a: sike\n|\n|t:|1700355840\n|switch|p2a: Umbreon|Umbreon, M, tera:Dark|50\/100 tox|[from] U-turn\n|\n|-heal|p2a: Umbreon|57\/100 tox|[from] item: Leftovers\n|-damage|p2a: Umbreon|50\/100 tox|[from] psn\n|upkeep\n|\n|t:|1700355842\n|switch|p1a: moon bear|Ursaluna, M|40\/100\n|turn|50\n|\n|t:|1700355906\n|move|p2a: Umbreon|Protect|p2a: Umbreon\n|-singleturn|p2a: Umbreon|Protect\n|move|p1a: moon bear|Headlong Rush|p2a: Umbreon\n|-activate|p2a: Umbreon|move: Protect\n|\n|-heal|p2a: Umbreon|57\/100 tox|[from] item: Leftovers\n|-damage|p2a: Umbreon|44\/100 tox|[from] psn\n|upkeep\n|turn|51\n|\n|t:|1700356034\n|move|p1a: moon bear|Headlong Rush|p2a: Umbreon\n|-damage|p2a: Umbreon|0 fnt\n|-unboost|p1a: moon bear|def|1\n|-unboost|p1a: moon bear|spd|1\n|faint|p2a: Umbreon\n|\n|upkeep\n|\n|t:|1700356038\n|switch|p2a: Landorus|Landorus-Therian, M|4\/100\n|-ability|p2a: Landorus|Intimidate|boost\n|-unboost|p1a: moon bear|atk|1\n|turn|52\n|c|\u2606dittoboys|gg\n|\n|t:|1700356087\n|switch|p1a: mandibum|Mandibuzz, F|52\/100 tox\n|move|p2a: Landorus|Earthquake|p1a: mandibum\n|-immune|p1a: mandibum\n|\n|-heal|p2a: Landorus|10\/100|[from] item: Leftovers\n|-damage|p1a: mandibum|46\/100 tox|[from] psn\n|upkeep\n|turn|53\n|\n|t:|1700356093\n|move|p2a: Landorus|U-turn|p1a: mandibum\n|-damage|p1a: mandibum|32\/100 tox\n|move|p1a: mandibum|U-turn|p2a: Landorus\n|-resisted|p2a: Landorus\n|-damage|p2a: Landorus|3\/100\n|\n|t:|1700356096\n|switch|p1a: turn tables|Iron Bundle|100\/100|[from] U-turn\n|\n|-heal|p2a: Landorus|9\/100|[from] item: Leftovers\n|upkeep\n|turn|54\n|c| Tredz|...\n|c|\u2606dittoboys|my bad thought that killed\n|c| Raptors4TheChip|stat padding\n|\n|t:|1700356109\n|move|p1a: turn tables|Freeze-Dry|p2a: Landorus\n|-supereffective|p2a: Landorus\n|-damage|p2a: Landorus|0 fnt\n|faint|p2a: Landorus\n|\n|win|dittoboys\n|c| Tredz|eric BM D:\n","uploadtime":1700356113,"views":19,"p1id":"dittoboys","p2id":"ptok","formatid":"gen9anythinggoes","rating":0,"private":0,"password":""}