{"id":"gen9anythinggoes-1990118892","p1":"thekatguy","p2":"Khryce","format":"[Gen 9] Anything Goes","log":"|j|\u2606thekatguy\n|j|\u2606Khryce\n|t:|1699926558\n|gametype|singles\n|player|p1|thekatguy|rocketgrunt|1070\n|player|p2|Khryce|preschooler|1033\n|teamsize|p1|3\n|teamsize|p2|6\n|gen|9\n|tier|[Gen 9] Anything Goes\n|rated|\n|rule|HP Percentage Mod: HP is shown in percentages\n|rule|Endless Battle Clause: Forcing endless battles is banned\n|clearpoke\n|poke|p1|Hawlucha, M|\n|poke|p1|Dragapult, F|\n|poke|p1|Shaymin-Sky|\n|poke|p2|Sneasler, M|\n|poke|p2|Hawlucha, M|\n|poke|p2|Drifblim, F|\n|poke|p2|Grafaiai, M|\n|poke|p2|Farigiraf, F|\n|poke|p2|Tsareena, F|\n|teampreview\n|\n|t:|1699926570\n|start\n|switch|p1a: Dragapult|Dragapult, F|100\/100\n|switch|p2a: Grafaiai|Grafaiai, M|100\/100\n|turn|1\n|\n|t:|1699926581\n|move|p1a: Dragapult|Substitute|p1a: Dragapult\n|-start|p1a: Dragapult|Substitute\n|-damage|p1a: Dragapult|76\/100\n|move|p2a: Grafaiai|Knock Off|p1a: Dragapult\n|-supereffective|p1a: Dragapult\n|-end|p1a: Dragapult|Substitute\n|\n|upkeep\n|turn|2\n|\n|t:|1699926589\n|move|p1a: Dragapult|Substitute|p1a: Dragapult\n|-start|p1a: Dragapult|Substitute\n|-damage|p1a: Dragapult|51\/100\n|move|p2a: Grafaiai|Knock Off|p1a: Dragapult|[miss]\n|-miss|p2a: Grafaiai|p1a: Dragapult\n|\n|upkeep\n|turn|3\n|\n|t:|1699926597\n|move|p1a: Dragapult|Dragon Dance|p1a: Dragapult\n|-boost|p1a: Dragapult|atk|1\n|-boost|p1a: Dragapult|spe|1\n|move|p2a: Grafaiai|Foul Play|p1a: Dragapult\n|-supereffective|p1a: Dragapult\n|-end|p1a: Dragapult|Substitute\n|\n|upkeep\n|turn|4\n|\n|t:|1699926605\n|move|p2a: Grafaiai|Parting Shot|p1a: Dragapult\n|-fail|p1a: Dragapult|unboost|[from] ability: Clear Body|[of] p1a: Dragapult\n|move|p1a: Dragapult|Baton Pass|p1a: Dragapult\n|\n|t:|1699926611\n|switch|p1a: Shaymin|Shaymin-Sky|100\/100|[from] Baton Pass\n|\n|upkeep\n|turn|5\n|\n|t:|1699926616\n|move|p2a: Grafaiai|Parting Shot|p1a: Shaymin\n|-unboost|p1a: Shaymin|atk|1\n|-unboost|p1a: Shaymin|spa|1\n|\n|t:|1699926619\n|switch|p2a: Farigiraf|Farigiraf, F|100\/100|[from] Parting Shot\n|move|p1a: Shaymin|Substitute|p1a: Shaymin\n|-start|p1a: Shaymin|Substitute\n|-damage|p1a: Shaymin|76\/100\n|\n|upkeep\n|turn|6\n|\n|t:|1699926627\n|move|p1a: Shaymin|Tailwind|p1a: Shaymin\n|-sidestart|p1: thekatguy|move: Tailwind\n|move|p2a: Farigiraf|Trick Room|p2a: Farigiraf\n|-fieldstart|move: Trick Room|[of] p2a: Farigiraf\n|\n|upkeep\n|turn|7\n|\n|t:|1699926634\n|move|p1a: Shaymin|Swords Dance|p1a: Shaymin\n|-boost|p1a: Shaymin|atk|2\n|move|p2a: Farigiraf|Roar|p1a: Shaymin\n|drag|p1a: Dragapult|Dragapult, F|51\/100\n|\n|upkeep\n|turn|8\n|\n|t:|1699926643\n|-terastallize|p2a: Farigiraf|Fairy\n|move|p2a: Farigiraf|Tera Blast|p1a: Dragapult|[anim] Tera Blast Fairy\n|-supereffective|p1a: Dragapult\n|-crit|p1a: Dragapult\n|-damage|p1a: Dragapult|0 fnt\n|faint|p1a: Dragapult\n|\n|upkeep\n|\n|t:|1699926651\n|switch|p1a: Shaymin|Shaymin-Sky|76\/100\n|turn|9\n|\n|t:|1699926656\n|move|p2a: Farigiraf|Twin Beam|p1a: Shaymin\n|-damage|p1a: Shaymin|54\/100\n|-damage|p1a: Shaymin|34\/100\n|-hitcount|p1a: Shaymin|2\n|move|p1a: Shaymin|Substitute|p1a: Shaymin\n|-start|p1a: Shaymin|Substitute\n|-damage|p1a: Shaymin|9\/100\n|\n|-sideend|p1: thekatguy|move: Tailwind\n|upkeep\n|turn|10\n|\n|t:|1699926665\n|move|p2a: Farigiraf|Twin Beam|p1a: Shaymin\n|-activate|p1a: Shaymin|move: Substitute|[damage]\n|-end|p1a: Shaymin|Substitute\n|-hitcount|p1a: Shaymin|2\n|move|p1a: Shaymin|Tailwind|p1a: Shaymin\n|-sidestart|p1: thekatguy|move: Tailwind\n|\n|-fieldend|move: Trick Room\n|upkeep\n|turn|11\n|\n|t:|1699926676\n|move|p1a: Shaymin|Swords Dance|p1a: Shaymin\n|-boost|p1a: Shaymin|atk|2\n|move|p2a: Farigiraf|Trick Room|p2a: Farigiraf\n|-fieldstart|move: Trick Room|[of] p2a: Farigiraf\n|\n|upkeep\n|turn|12\n|\n|t:|1699926687\n|move|p1a: Shaymin|Baton Pass|p1a: Shaymin\n|\n|t:|1699926689\n|switch|p1a: Hawlucha|Hawlucha, M|100\/100|[from] Baton Pass\n|move|p2a: Farigiraf|Roar|p1a: Hawlucha\n|drag|p1a: Shaymin|Shaymin-Sky|9\/100\n|\n|upkeep\n|turn|13\n|\n|t:|1699926699\n|move|p2a: Farigiraf|Twin Beam|p1a: Shaymin\n|-damage|p1a: Shaymin|0 fnt\n|faint|p1a: Shaymin\n|-hitcount|p1: Shaymin|1\n|\n|-sideend|p1: thekatguy|move: Tailwind\n|upkeep\n|\n|t:|1699926705\n|switch|p1a: Hawlucha|Hawlucha, M|100\/100\n|turn|14\n|\n|t:|1699926710\n|-terastallize|p1a: Hawlucha|Steel\n|move|p2a: Farigiraf|Twin Beam|p1a: Hawlucha\n|-resisted|p1a: Hawlucha\n|-damage|p1a: Hawlucha|82\/100\n|-resisted|p1a: Hawlucha\n|-damage|p1a: Hawlucha|66\/100\n|-hitcount|p1a: Hawlucha|2\n|move|p1a: Hawlucha|Poison Jab|p2a: Farigiraf\n|-supereffective|p2a: Farigiraf\n|-damage|p2a: Farigiraf|51\/100\n|-status|p2a: Farigiraf|psn\n|-damage|p1a: Hawlucha|49\/100|[from] item: Rocky Helmet|[of] p2a: Farigiraf\n|\n|-damage|p2a: Farigiraf|39\/100 psn|[from] psn\n|upkeep\n|turn|15\n|\n|t:|1699926729\n|switch|p2a: Grafaiai|Grafaiai, M|100\/100\n|move|p1a: Hawlucha|Drain Punch|p2a: Grafaiai\n|-damage|p2a: Grafaiai|60\/100\n|-heal|p1a: Hawlucha|72\/100|[from] drain|[of] p2a: Grafaiai\n|\n|-fieldend|move: Trick Room\n|upkeep\n|turn|16\n|\n|t:|1699926741\n|move|p2a: Grafaiai|Parting Shot|p1a: Hawlucha\n|-unboost|p1a: Hawlucha|atk|1\n|-unboost|p1a: Hawlucha|spa|1\n|\n|t:|1699926746\n|switch|p2a: Drifblim|Drifblim, F|100\/100|[from] Parting Shot\n|move|p1a: Hawlucha|Bounce||[still]\n|-prepare|p1a: Hawlucha|Bounce\n|\n|-status|p2a: Drifblim|brn|[from] item: Flame Orb\n|upkeep\n|turn|17\n|\n|t:|1699926755\n|move|p1a: Hawlucha|Bounce|p2a: Drifblim|[from]lockedmove|[miss]\n|-miss|p1a: Hawlucha|p2a: Drifblim\n|move|p2a: Drifblim|Strength Sap|p1a: Hawlucha\n|-unboost|p1a: Hawlucha|atk|1\n|\n|-damage|p2a: Drifblim|94\/100 brn|[from] brn\n|upkeep\n|turn|18\n|\n|t:|1699926766\n|move|p1a: Hawlucha|Drain Punch|p2a: Drifblim\n|-immune|p2a: Drifblim\n|move|p2a: Drifblim|Shadow Ball|p1a: Hawlucha\n|-damage|p1a: Hawlucha|0 fnt\n|faint|p1a: Hawlucha\n|\n|win|Khryce\n|raw|thekatguy's rating: 1070 &rarr; <strong>1047<\/strong><br \/>(-23 for losing)\n|raw|Khryce's rating: 1033 &rarr; <strong>1072<\/strong><br \/>(+39 for winning)\n|l|\u2606thekatguy\n","uploadtime":1699926776,"views":8,"p1id":"thekatguy","p2id":"khryce","formatid":"gen9anythinggoes","rating":1047,"private":0,"password":""}