{"id":"gen9anythinggoes-1978889977","p1":"thegamer457","p2":"HoneySan","format":"[Gen 9] Anything Goes","log":"|j|\u2606thegamer457\n|j|\u2606HoneySan\n|t:|1698606975\n|gametype|singles\n|player|p1|thegamer457|ethan|\n|player|p2|HoneySan|karen|\n|teamsize|p1|6\n|teamsize|p2|6\n|gen|9\n|tier|[Gen 9] Anything Goes\n|rule|HP Percentage Mod: HP is shown in percentages\n|rule|Endless Battle Clause: Forcing endless battles is banned\n|clearpoke\n|poke|p1|Calyrex-Shadow|\n|poke|p1|Dragonite, F|\n|poke|p1|Toxapex, F|\n|poke|p1|Lokix, F|\n|poke|p1|Dragapult, M|\n|poke|p1|Iron Valiant|\n|poke|p2|Milotic, M|\n|poke|p2|Dragapult, M|\n|poke|p2|Volcarona, F|\n|poke|p2|Ninetales-Alola, M|\n|poke|p2|Forretress, M|\n|poke|p2|Sinistcha|\n|teampreview\n|j| Alizoun\n|c| Alizoun|pode come\u00e7ar\n|\n|t:|1698607001\n|start\n|switch|p1a: Calyrex|Calyrex-Shadow|100\/100\n|switch|p2a: Swift|Ninetales-Alola, M|100\/100\n|-ability|p1a: Calyrex|As One\n|-ability|p1a: Calyrex|Unnerve\n|-weather|Snow|[from] ability: Snow Warning|[of] p2a: Swift\n|turn|1\n|j| Surprisehrs\n|\n|t:|1698607021\n|move|p1a: Calyrex|Nasty Plot|p1a: Calyrex\n|-boost|p1a: Calyrex|spa|2\n|move|p2a: Swift|Aurora Veil|p2a: Swift\n|-sidestart|p2: HoneySan|move: Aurora Veil\n|\n|-weather|Snow|[upkeep]\n|upkeep\n|turn|2\n|\n|t:|1698607038\n|move|p1a: Calyrex|Astral Barrage|p2a: Swift\n|-damage|p2a: Swift|11\/100\n|-damage|p1a: Calyrex|91\/100|[from] item: Life Orb\n|move|p2a: Swift|Blizzard|p1a: Calyrex\n|-damage|p1a: Calyrex|58\/100\n|\n|-weather|Snow|[upkeep]\n|upkeep\n|turn|3\n|\n|t:|1698607050\n|move|p1a: Calyrex|Astral Barrage|p2a: Swift\n|-damage|p2a: Swift|0 fnt\n|faint|p2a: Swift\n|-ability|p1a: Calyrex|Grim Neigh|boost\n|-boost|p1a: Calyrex|spa|1\n|-damage|p1a: Calyrex|48\/100|[from] item: Life Orb\n|\n|-weather|Snow|[upkeep]\n|upkeep\n|\n|t:|1698607062\n|switch|p2a: M\u00e3e de 2|Dragapult, M|100\/100\n|turn|4\n|c| Surprisehrs|vai la honey\n|\n|t:|1698607074\n|switch|p1a: Lokix|Lokix, F|100\/100\n|-terastallize|p2a: M\u00e3e de 2|Dark\n|move|p2a: M\u00e3e de 2|Tera Blast|p1a: Lokix|[anim] Tera Blast Dark\n|-resisted|p1a: Lokix\n|-damage|p1a: Lokix|65\/100\n|-damage|p2a: M\u00e3e de 2|91\/100|[from] item: Life Orb\n|\n|-weather|Snow|[upkeep]\n|upkeep\n|turn|5\n|c| Surprisehrs|ihhh\n|\n|t:|1698607086\n|move|p1a: Lokix|First Impression|p2a: M\u00e3e de 2\n|-supereffective|p2a: M\u00e3e de 2\n|-damage|p2a: M\u00e3e de 2|18\/100\n|-damage|p1a: Lokix|55\/100|[from] item: Life Orb\n|move|p2a: M\u00e3e de 2|U-turn|p1a: Lokix\n|-supereffective|p1a: Lokix\n|-damage|p1a: Lokix|0 fnt\n|faint|p1a: Lokix\n|-damage|p2a: M\u00e3e de 2|8\/100|[from] item: Life Orb\n|c| Surprisehrs|o first impression vai doer\n|c| Surprisehrs|e doeu\n|c| Surprisehrs|oia\n|\n|t:|1698607108\n|switch|p2a: Nilou|Milotic, M|100\/100|[from] U-turn\n|\n|-weather|none\n|upkeep\n|\n|t:|1698607135\n|switch|p1a: Dragonite|Dragonite, F|100\/100\n|turn|6\n|\n|t:|1698607140\n|move|p1a: Dragonite|Dragon Dance|p1a: Dragonite\n|-boost|p1a: Dragonite|atk|1\n|-boost|p1a: Dragonite|spe|1\n|move|p2a: Nilou|Ice Beam|p1a: Dragonite\n|-supereffective|p1a: Dragonite\n|-crit|p1a: Dragonite\n|-damage|p1a: Dragonite|21\/100\n|-enditem|p1a: Dragonite|Weakness Policy\n|-boost|p1a: Dragonite|atk|2|[from] item: Weakness Policy\n|-boost|p1a: Dragonite|spa|2|[from] item: Weakness Policy\n|\n|upkeep\n|turn|7\n|c| Surprisehrs|ish\n|\n|t:|1698607155\n|move|p1a: Dragonite|Dragon Claw|p2a: Nilou\n|-damage|p2a: Nilou|48\/100\n|move|p2a: Nilou|Ice Beam|p1a: Dragonite\n|-supereffective|p1a: Dragonite\n|-damage|p1a: Dragonite|0 fnt\n|faint|p1a: Dragonite\n|\n|upkeep\n|c| Surprisehrs|mas o aurora veil impede acho\n|c| Surprisehrs|isso\n|\n|t:|1698607169\n|switch|p1a: Calyrex|Calyrex-Shadow|48\/100\n|-ability|p1a: Calyrex|As One\n|-ability|p1a: Calyrex|Unnerve\n|turn|8\n|\n|t:|1698607179\n|move|p1a: Calyrex|Astral Barrage|p2a: Nilou\n|-damage|p2a: Nilou|14\/100\n|-damage|p1a: Calyrex|38\/100|[from] item: Life Orb\n|move|p2a: Nilou|Surf|p1a: Calyrex\n|-damage|p1a: Calyrex|0 fnt\n|faint|p1a: Calyrex\n|\n|-sideend|p2: HoneySan|move: Aurora Veil\n|upkeep\n|c| Surprisehrs|oia\n|c| Surprisehrs|milotic forte\n|\n|t:|1698607192\n|switch|p1a: Dragapult|Dragapult, M|100\/100\n|turn|9\n|\n|t:|1698607199\n|move|p1a: Dragapult|Dragon Darts|p2a: Nilou\n|-damage|p2a: Nilou|0 fnt\n|faint|p2a: Nilou\n|\n|upkeep\n|\n|t:|1698607227\n|switch|p2a: Quer um verdin?|Sinistcha|100\/100\n|turn|10\n|\n|t:|1698607236\n|move|p1a: Dragapult|Dragon Darts|p2a: Quer um verdin?\n|-damage|p2a: Quer um verdin?|82\/100\n|-anim|p1a: Dragapult|Dragon Darts|p2a: Quer um verdin?\n|-damage|p2a: Quer um verdin?|63\/100\n|move|p2a: Quer um verdin?|Calm Mind|p2a: Quer um verdin?\n|-boost|p2a: Quer um verdin?|spa|1\n|-boost|p2a: Quer um verdin?|spd|1\n|\n|-heal|p2a: Quer um verdin?|69\/100|[from] item: Leftovers\n|upkeep\n|turn|11\n|j| megalomegalon\n|c| Surprisehrs|vai sinistcha\n|c| megalomegalon|VAI\n|\n|t:|1698607251\n|switch|p1a: Toxapex|Toxapex, F|100\/100\n|move|p2a: Quer um verdin?|Matcha Gotcha|p1a: Toxapex\n|-damage|p1a: Toxapex|57\/100\n|-heal|p2a: Quer um verdin?|84\/100|[from] drain|[of] p1a: Toxapex\n|\n|-heal|p2a: Quer um verdin?|90\/100|[from] item: Leftovers\n|-heal|p1a: Toxapex|63\/100|[from] item: Leftovers\n|upkeep\n|turn|12\n|c| megalomegalon|VAI VAI VAI VAI\n|c| Surprisehrs|oh\n|c| Surprisehrs|cuidado ein\n|\n|t:|1698607263\n|move|p1a: Toxapex|Baneful Bunker|p1a: Toxapex\n|-singleturn|p1a: Toxapex|move: Protect\n|move|p2a: Quer um verdin?|Substitute|p2a: Quer um verdin?\n|-start|p2a: Quer um verdin?|Substitute\n|-damage|p2a: Quer um verdin?|66\/100\n|\n|-heal|p2a: Quer um verdin?|72\/100|[from] item: Leftovers\n|-heal|p1a: Toxapex|69\/100|[from] item: Leftovers\n|upkeep\n|turn|13\n|j| Tiagin\n|c| Surprisehrs|eita\n|c| Surprisehrs|foi espert agr\n|c| megalomegalon|Ui ui\n|\n|t:|1698607273\n|move|p2a: Quer um verdin?|Calm Mind|p2a: Quer um verdin?\n|-boost|p2a: Quer um verdin?|spa|1\n|-boost|p2a: Quer um verdin?|spd|1\n|move|p1a: Toxapex|Hex|p2a: Quer um verdin?\n|-supereffective|p2a: Quer um verdin?\n|-activate|p2a: Quer um verdin?|move: Substitute|[damage]\n|\n|-heal|p2a: Quer um verdin?|78\/100|[from] item: Leftovers\n|-heal|p1a: Toxapex|76\/100|[from] item: Leftovers\n|upkeep\n|turn|14\n|c| megalomegalon|UIAAAAAAAAAAAAAAA\n|c| Surprisehrs|cramba\n|c| megalomegalon|Quero um verdin\n|\n|t:|1698607286\n|move|p2a: Quer um verdin?|Calm Mind|p2a: Quer um verdin?\n|-boost|p2a: Quer um verdin?|spa|1\n|-boost|p2a: Quer um verdin?|spd|1\n|move|p1a: Toxapex|Hex|p2a: Quer um verdin?\n|-supereffective|p2a: Quer um verdin?\n|-activate|p2a: Quer um verdin?|move: Substitute|[damage]\n|\n|-heal|p2a: Quer um verdin?|84\/100|[from] item: Leftovers\n|-heal|p1a: Toxapex|82\/100|[from] item: Leftovers\n|upkeep\n|turn|15\n|c| megalomegalon|Eu quero\n|c| megalomegalon|Eu quero o verdin\n|\n|t:|1698607304\n|move|p2a: Quer um verdin?|Matcha Gotcha|p1a: Toxapex\n|-crit|p1a: Toxapex\n|-damage|p1a: Toxapex|0 fnt\n|-heal|p2a: Quer um verdin?|100\/100|[from] drain|[of] p1a: Toxapex\n|faint|p1a: Toxapex\n|\n|upkeep\n|c| megalomegalon|cacetada\n|c| megalomegalon|o critico\n|\n|t:|1698607314\n|switch|p1a: Iron Valiant|Iron Valiant|100\/100\n|turn|16\n|c| megalomegalon|Time full adaptability\n|\n|t:|1698607330\n|-terastallize|p1a: Iron Valiant|Steel\n|move|p1a: Iron Valiant|Tera Blast|p2a: Quer um verdin?|[anim] Tera Blast Steel\n|-end|p2a: Quer um verdin?|Substitute\n|move|p2a: Quer um verdin?|Tera Blast|p1a: Iron Valiant\n|-resisted|p1a: Iron Valiant\n|-damage|p1a: Iron Valiant|54\/100\n|\n|upkeep\n|turn|17\n|c| Surprisehrs|ish\n|\n|t:|1698607340\n|move|p1a: Iron Valiant|Tera Blast|p2a: Quer um verdin?|[anim] Tera Blast Steel\n|-damage|p2a: Quer um verdin?|76\/100\n|move|p2a: Quer um verdin?|Matcha Gotcha|p1a: Iron Valiant|[miss]\n|-miss|p2a: Quer um verdin?|p1a: Iron Valiant\n|\n|-heal|p2a: Quer um verdin?|82\/100|[from] item: Leftovers\n|upkeep\n|turn|18\n|c| Surprisehrs|oia\n|c| Surprisehrs|mto azar\n|c| megalomegalon|Noooooo o verdin errou\n|\n|t:|1698607359\n|move|p1a: Iron Valiant|Tera Blast|p2a: Quer um verdin?|[anim] Tera Blast Steel\n|-damage|p2a: Quer um verdin?|57\/100\n|move|p2a: Quer um verdin?|Matcha Gotcha|p1a: Iron Valiant|[miss]\n|-miss|p2a: Quer um verdin?|p1a: Iron Valiant\n|\n|-heal|p2a: Quer um verdin?|64\/100|[from] item: Leftovers\n|upkeep\n|turn|19\n|c| Surprisehrs|KAKKAKAK\n|c| megalomegalon|Iron Valiant fez proerd antes\n|\n|t:|1698607367\n|move|p1a: Iron Valiant|Tera Blast|p2a: Quer um verdin?|[anim] Tera Blast Steel\n|-damage|p2a: Quer um verdin?|37\/100\n|move|p2a: Quer um verdin?|Matcha Gotcha|p1a: Iron Valiant\n|-resisted|p1a: Iron Valiant\n|-damage|p1a: Iron Valiant|0 fnt\n|-heal|p2a: Quer um verdin?|60\/100|[from] drain|[of] p1a: Iron Valiant\n|faint|p1a: Iron Valiant\n|-end|p1a: Iron Valiant|Quark Drive|[silent]\n|\n|-heal|p2a: Quer um verdin?|66\/100|[from] item: Leftovers\n|upkeep\n|c| megalomegalon|Por isso ele t\u00e1 errando\n|\n|t:|1698607378\n|switch|p1a: Dragapult|Dragapult, M|100\/100\n|turn|20\n|c| megalomegalon|agr ele submeteu ao verdin\n|\n|t:|1698607383\n|move|p1a: Dragapult|Phantom Force||[still]\n|-prepare|p1a: Dragapult|Phantom Force\n|move|p2a: Quer um verdin?|Matcha Gotcha|p1a: Dragapult|[miss]\n|-miss|p2a: Quer um verdin?|p1a: Dragapult\n|\n|-heal|p2a: Quer um verdin?|72\/100|[from] item: Leftovers\n|upkeep\n|turn|21\n|c| Surprisehrs|eita\n|c| megalomegalon|u\u00f3\n|\n|t:|1698607394\n|move|p1a: Dragapult|Phantom Force|p2a: Quer um verdin?|[from]lockedmove\n|-supereffective|p2a: Quer um verdin?\n|-damage|p2a: Quer um verdin?|0 fnt\n|faint|p2a: Quer um verdin?\n|\n|upkeep\n|c| Surprisehrs|mas tem outros 3 poke\n|c| megalomegalon|Se perder \u00e9 ruim ein Honey\n|c| Surprisehrs|vai l\u00e1\n|\n|t:|1698607410\n|switch|p2a: M\u00e3e de 2|Dragapult, M, tera:Dark|8\/100\n|turn|22\n|c| megalomegalon|Se perder \u00e9 noob\n|c| Surprisehrs|vai dragaputa\n|\n|t:|1698607422\n|move|p1a: Dragapult|Phantom Force||[still]\n|-prepare|p1a: Dragapult|Phantom Force\n|move|p2a: M\u00e3e de 2|Dragon Darts|p1a: Dragapult|[miss]\n|-miss|p2a: M\u00e3e de 2|p1a: Dragapult\n|\n|upkeep\n|turn|23\n|c| megalomegalon|DRAGAPUTA EU CONFIOOOO\n|c| megalomegalon|em qual for melhor\n|c| Surprisehrs|ish\n|\n|t:|1698607428\n|switch|p2a: I m so Shy|Forretress, M|100\/100\n|move|p1a: Dragapult|Phantom Force|p2a: I m so Shy|[from]lockedmove\n|-damage|p2a: I m so Shy|76\/100\n|\n|-heal|p2a: I m so Shy|82\/100|[from] item: Leftovers\n|upkeep\n|turn|24\n|c| megalomegalon|I'm so shy\n|c| Surprisehrs|vaai forretres\n|\n|t:|1698607440\n|move|p1a: Dragapult|Phantom Force||[still]\n|-prepare|p1a: Dragapult|Phantom Force\n|move|p2a: I m so Shy|Stealth Rock|p1a: Dragapult\n|-sidestart|p1: thegamer457|move: Stealth Rock\n|\n|-heal|p2a: I m so Shy|88\/100|[from] item: Leftovers\n|upkeep\n|turn|25\n|c| Surprisehrs|cara nn \u00e9 possivel\n|c| Surprisehrs|oq\n|c| megalomegalon|Oxeeeeeeeeeeeeeeee\n|c| Surprisehrs|e\n|\n|t:|1698607447\n|move|p1a: Dragapult|Phantom Force|p2a: I m so Shy|[from]lockedmove\n|-damage|p2a: I m so Shy|64\/100\n|move|p2a: I m so Shy|Body Press|p1a: Dragapult\n|-immune|p1a: Dragapult\n|\n|-heal|p2a: I m so Shy|70\/100|[from] item: Leftovers\n|upkeep\n|turn|26\n|c| Surprisehrs|kAKKAKA\n|c| Surprisehrs|KAKAKAKAK\n|c| megalomegalon|MKKKKKKKKKKKKKKKKKKK\n|c| Surprisehrs|KKKKKKKKAKAKAKAAK\n|c| Surprisehrs|EU TO RCHANDO\n|\n|t:|1698607456\n|move|p1a: Dragapult|Phantom Force||[still]\n|-prepare|p1a: Dragapult|Phantom Force\n|move|p2a: I m so Shy|Body Press|p1a: Dragapult|[miss]\n|-miss|p2a: I m so Shy|p1a: Dragapult\n|\n|-heal|p2a: I m so Shy|76\/100|[from] item: Leftovers\n|upkeep\n|turn|27\n|c| Surprisehrs|UE\n|c| Surprisehrs|eu to\n|c| megalomegalon|O FORRETRESS N TEM TOXIC?\n|c| Surprisehrs|me cagando\n|\n|t:|1698607466\n|move|p1a: Dragapult|Phantom Force|p2a: I m so Shy|[from]lockedmove\n|-damage|p2a: I m so Shy|54\/100\n|move|p2a: I m so Shy|Body Press|p1a: Dragapult\n|-immune|p1a: Dragapult\n|\n|-heal|p2a: I m so Shy|60\/100|[from] item: Leftovers\n|upkeep\n|turn|28\n|c| megalomegalon|NADA N\u00c3O?\n|c| Surprisehrs|mds\n|c| megalomegalon|N\u00c3O TEM NADA MESMO???\n|c| megalomegalon|MKKKKKKKKKKKKKKKKKKKKK\n|c| megalomegalon|mKKKKKKKKKKKKKKKK\n|c| Surprisehrs|quais os outros golpes\n|c| megalomegalon|spike e outro\n|c|\u2606thegamer457|a n\u00e3o kkkkkk\n|c| megalomegalon|qual \u00e9 o outro\n|c| megalomegalon|MKKKKKKKKKKKKKKKKK\n|\n|t:|1698607494\n|move|p1a: Dragapult|Phantom Force||[still]\n|-prepare|p1a: Dragapult|Phantom Force\n|move|p2a: I m so Shy|Rapid Spin|p1a: Dragapult|[miss]\n|-miss|p2a: I m so Shy|p1a: Dragapult\n|\n|-heal|p2a: I m so Shy|66\/100|[from] item: Leftovers\n|upkeep\n|turn|29\n|c| Surprisehrs|mano\n|c| megalomegalon|O OUTRO \u00c9 RAPID SPIN\n|c| megalomegalon|EU AMOOOOOO\n|\n|t:|1698607502\n|move|p1a: Dragapult|Phantom Force|p2a: I m so Shy|[from]lockedmove\n|-damage|p2a: I m so Shy|43\/100\n|move|p2a: I m so Shy|Rapid Spin|p1a: Dragapult\n|-immune|p1a: Dragapult\n|\n|-heal|p2a: I m so Shy|49\/100|[from] item: Leftovers\n|upkeep\n|turn|30\n|c| Surprisehrs|nao e\n|c| Surprisehrs|possivel\n|c| megalomegalon|Por isso eu uso toxic no forretress\n|c|\u2606thegamer457|definitivamente era pra ele se o primeiro\n|c| megalomegalon|Vai perde\n|\n|t:|1698607523\n|move|p1a: Dragapult|Phantom Force||[still]\n|-prepare|p1a: Dragapult|Phantom Force\n|move|p2a: I m so Shy|Body Press|p1a: Dragapult|[miss]\n|-miss|p2a: I m so Shy|p1a: Dragapult\n|\n|-heal|p2a: I m so Shy|56\/100|[from] item: Leftovers\n|upkeep\n|turn|31\n|c| Surprisehrs|honey se vc perder \u00e9 ban viu\n|c| megalomegalon|MKKKKKKKKKKKKKKKKK\n|\n|t:|1698607531\n|move|p1a: Dragapult|Phantom Force|p2a: I m so Shy|[from]lockedmove\n|-damage|p2a: I m so Shy|29\/100\n|move|p2a: I m so Shy|Body Press|p1a: Dragapult\n|-immune|p1a: Dragapult\n|\n|-heal|p2a: I m so Shy|36\/100|[from] item: Leftovers\n|upkeep\n|turn|32\n|\n|t:|1698607540\n|move|p1a: Dragapult|Phantom Force||[still]\n|-prepare|p1a: Dragapult|Phantom Force\n|move|p2a: I m so Shy|Body Press|p1a: Dragapult|[miss]\n|-miss|p2a: I m so Shy|p1a: Dragapult\n|\n|-heal|p2a: I m so Shy|42\/100|[from] item: Leftovers\n|upkeep\n|turn|33\n|\n|t:|1698607548\n|move|p1a: Dragapult|Phantom Force|p2a: I m so Shy|[from]lockedmove\n|-damage|p2a: I m so Shy|16\/100\n|move|p2a: I m so Shy|Body Press|p1a: Dragapult\n|-immune|p1a: Dragapult\n|\n|-heal|p2a: I m so Shy|22\/100|[from] item: Leftovers\n|upkeep\n|turn|34\n|\n|t:|1698607558\n|move|p1a: Dragapult|Phantom Force||[still]\n|-prepare|p1a: Dragapult|Phantom Force\n|move|p2a: I m so Shy|Body Press|p1a: Dragapult|[miss]\n|-miss|p2a: I m so Shy|p1a: Dragapult\n|\n|-heal|p2a: I m so Shy|28\/100|[from] item: Leftovers\n|upkeep\n|turn|35\n|c| megalomegalon|E l\u00e1 vamos n\u00f3s\n|c| megalomegalon|o stall\n|\n|t:|1698607568\n|move|p1a: Dragapult|Phantom Force|p2a: I m so Shy|[from]lockedmove\n|-damage|p2a: I m so Shy|3\/100\n|move|p2a: I m so Shy|Body Press|p1a: Dragapult\n|-immune|p1a: Dragapult\n|\n|-heal|p2a: I m so Shy|9\/100|[from] item: Leftovers\n|upkeep\n|turn|36\n|\n|t:|1698607576\n|move|p1a: Dragapult|Phantom Force||[still]\n|-prepare|p1a: Dragapult|Phantom Force\n|move|p2a: I m so Shy|Body Press|p1a: Dragapult|[miss]\n|-miss|p2a: I m so Shy|p1a: Dragapult\n|\n|-heal|p2a: I m so Shy|15\/100|[from] item: Leftovers\n|upkeep\n|turn|37\n|c| Surprisehrs|se o phantom force nn fosse de dois turnos\n|c| megalomegalon|EXPLODE HONEY\n|c| megalomegalon|EXPLODEEEEEEEEEEEEE\n|\n|t:|1698607585\n|move|p1a: Dragapult|Phantom Force|p2a: I m so Shy|[from]lockedmove\n|-damage|p2a: I m so Shy|0 fnt\n|faint|p2a: I m so Shy\n|\n|upkeep\n|\n|t:|1698607590\n|switch|p2a: Butter|Volcarona, F|100\/100\n|turn|38\n|c| Surprisehrs|vai volca\n|c| megalomegalon|agr a gente vai\n|c| megalomegalon|VAI VOLCARONAAAAAAAA\n|c| Surprisehrs|VAAAI COLVADONAR\n|\n|t:|1698607606\n|move|p1a: Dragapult|Phantom Force||[still]\n|-prepare|p1a: Dragapult|Phantom Force\n|move|p2a: Butter|Quiver Dance|p2a: Butter\n|-boost|p2a: Butter|spa|1\n|-boost|p2a: Butter|spd|1\n|-boost|p2a: Butter|spe|1\n|\n|upkeep\n|turn|39\n|c| megalomegalon|agr \u00e9\n|c| Surprisehrs|ISSO\n|c| megalomegalon|USE USE\n|c| Surprisehrs|vai l\u00e1\n|\n|t:|1698607614\n|move|p1a: Dragapult|Phantom Force|p2a: Butter|[from]lockedmove\n|-damage|p2a: Butter|28\/100\n|move|p2a: Butter|Quiver Dance|p2a: Butter\n|-boost|p2a: Butter|spa|1\n|-boost|p2a: Butter|spd|1\n|-boost|p2a: Butter|spe|1\n|\n|upkeep\n|turn|40\n|c| megalomegalon|USEEEEEEEEEE\n|c| Surprisehrs|mano vai\n|c| Surprisehrs|pfv\n|c| megalomegalon|IHHHHHH\n|c| Surprisehrs|ISh\n|c| Surprisehrs|VAI\n|c| Surprisehrs|D\u00c1 FIERY\n|c| Surprisehrs|SLA\n|c| megalomegalon|VAI GENTEEEEE\n|\n|t:|1698607629\n|move|p2a: Butter|Bug Buzz|p1a: Dragapult\n|-resisted|p1a: Dragapult\n|-damage|p1a: Dragapult|35\/100\n|move|p1a: Dragapult|Phantom Force||[still]\n|-prepare|p1a: Dragapult|Phantom Force\n|\n|upkeep\n|turn|41\n|c| megalomegalon|BUG BUZZZ LINDO\n|c| Surprisehrs|MANAo\n|c| megalomegalon|IHHH PERDEU\n|c| Surprisehrs|eu vou me m\n|\n|t:|1698607635\n|move|p2a: Butter|Bug Buzz|p1a: Dragapult|[miss]\n|-miss|p2a: Butter|p1a: Dragapult\n|move|p1a: Dragapult|Phantom Force|p2a: Butter|[from]lockedmove\n|-damage|p2a: Butter|0 fnt\n|-status|p1a: Dragapult|brn|[from] ability: Flame Body|[of] p2a: Butter\n|faint|p2a: Butter\n|\n|-damage|p1a: Dragapult|29\/100 brn|[from] brn\n|upkeep\n|c| megalomegalon|PERDEMO\n|c| Surprisehrs|:P\n|c| megalomegalon|PERDEMOOOOO\n|c| Surprisehrs|HONEYPLMDS\n|c| megalomegalon|PERDEU N\u00c3O\n|c| megalomegalon|PERDEU N\u00c3OOOOO\n|c| Surprisehrs|GNANAHAAKKAKAKA\n|c| megalomegalon|VAMOS\n|\n|t:|1698607647\n|switch|p2a: M\u00e3e de 2|Dragapult, M, tera:Dark|8\/100\n|turn|42\n|c| megalomegalon|SUCKER PUNCH\n|c| Surprisehrs|HOney\n|\n|t:|1698607654\n|move|p1a: Dragapult|Phantom Force||[still]\n|-prepare|p1a: Dragapult|Phantom Force\n|move|p2a: M\u00e3e de 2|Dragon Darts|p1a: Dragapult|[miss]\n|-miss|p2a: M\u00e3e de 2|p1a: Dragapult\n|\n|-damage|p1a: Dragapult|23\/100 brn|[from] brn\n|upkeep\n|turn|43\n|c| Surprisehrs|eu no acredito\n|c| megalomegalon|j\u00e1 era\n|c| megalomegalon|cabou\n|\n|t:|1698607663\n|move|p1a: Dragapult|Phantom Force|p2a: M\u00e3e de 2|[from]lockedmove\n|-resisted|p2a: M\u00e3e de 2\n|-damage|p2a: M\u00e3e de 2|0 fnt\n|faint|p2a: M\u00e3e de 2\n|\n|win|thegamer457\n|c| megalomegalon|F\n|c| Surprisehrs|puts\n|c| megalomegalon|essa foi foda\n|c| Surprisehrs|isso foi\n|l| Alizoun\n|c| megalomegalon|ESSA FOI FODA\n|c| Surprisehrs|inesperado\n|c| megalomegalon|Tudo culpa do Tiagin\n|c| Surprisehrs|se tivesse jogado o volc parimeiro e tivesse pego burn pra daar stall no forretres\n|c| Surprisehrs|quem sabe\n|c| megalomegalon|TIAGIN FDP\n|l| Tiagin\n","uploadtime":1698607739,"views":8,"p1id":"thegamer457","p2id":"honeysan","formatid":"gen9anythinggoes","rating":0,"private":0,"password":""}