{"id":"gen9anythinggoes-1981497030","p1":"Chacho23","p2":"Sargenbob","format":"[Gen 9] Anything Goes","log":"|j|\u2606Chacho23\n|j|\u2606Sargenbob\n|t:|1698906823\n|gametype|singles\n|player|p1|Chacho23|102|1000\n|player|p2|Sargenbob|red|1065\n|teamsize|p1|6\n|teamsize|p2|6\n|gen|9\n|tier|[Gen 9] Anything Goes\n|rated|\n|rule|HP Percentage Mod: HP is shown in percentages\n|rule|Endless Battle Clause: Forcing endless battles is banned\n|clearpoke\n|poke|p1|Annihilape, M|\n|poke|p1|Darkrai|\n|poke|p1|Staraptor, M|\n|poke|p1|Gengar, M|\n|poke|p1|Torterra, M|\n|poke|p1|Baxcalibur, F|\n|poke|p2|Koraidon|\n|poke|p2|Flutter Mane|\n|poke|p2|Wo-Chien|\n|poke|p2|Calyrex-Shadow|\n|poke|p2|Zoroark-Hisui, F|\n|poke|p2|Skeledirge, M|\n|teampreview\n|inactive|Battle timer is ON: inactive players will automatically lose when time's up. (requested by Sargenbob)\n|\n|t:|1698906836\n|start\n|switch|p1a: Annihilape|Annihilape, M|100\/100\n|switch|p2a: Matt|Skeledirge, M|100\/100\n|turn|1\n|\n|t:|1698906845\n|-terastallize|p2a: Matt|Fairy\n|move|p1a: Annihilape|Bulk Up|p1a: Annihilape\n|-boost|p1a: Annihilape|atk|1\n|-boost|p1a: Annihilape|def|1\n|move|p2a: Matt|Tera Blast|p1a: Annihilape|[anim] Tera Blast Fairy\n|-supereffective|p1a: Annihilape\n|-damage|p1a: Annihilape|43\/100\n|\n|upkeep\n|turn|2\n|-activate|p1a: Annihilape|item: Quick Claw\n|\n|t:|1698906855\n|move|p2a: Matt|Tera Blast|p1a: Annihilape|[anim] Tera Blast Fairy\n|-supereffective|p1a: Annihilape\n|-damage|p1a: Annihilape|0 fnt\n|faint|p1a: Annihilape\n|\n|upkeep\n|\n|t:|1698906862\n|switch|p1a: Darkrai|Darkrai|100\/100\n|turn|3\n|\n|t:|1698906867\n|move|p1a: Darkrai|Hypnosis|p2a: Matt\n|-status|p2a: Matt|slp|[from] move: Hypnosis\n|cant|p2a: Matt|slp\n|\n|-damage|p2a: Matt|88\/100 slp|[from] ability: Bad Dreams|[of] p1a: Darkrai\n|upkeep\n|turn|4\n|\n|t:|1698906875\n|switch|p2a: Oliver|Koraidon|100\/100\n|-weather|SunnyDay|[from] ability: Orichalcum Pulse|[of] p2a: Oliver\n|-activate|p2a: Oliver|Orichalcum Pulse|[source]\n|move|p1a: Darkrai|Calm Mind|p1a: Darkrai\n|-boost|p1a: Darkrai|spa|1\n|-boost|p1a: Darkrai|spd|1\n|\n|-weather|SunnyDay|[upkeep]\n|upkeep\n|turn|5\n|\n|t:|1698906885\n|move|p2a: Oliver|Collision Course|p1a: Darkrai\n|-supereffective|p1a: Darkrai\n|-damage|p1a: Darkrai|0 fnt\n|faint|p1a: Darkrai\n|\n|-weather|SunnyDay|[upkeep]\n|upkeep\n|\n|t:|1698906895\n|switch|p1a: Staraptor|Staraptor, M|100\/100\n|-ability|p1a: Staraptor|Intimidate|boost\n|-unboost|p2a: Oliver|atk|1\n|turn|6\n|\n|t:|1698906910\n|switch|p2a: Matt|Skeledirge, M, tera:Fairy|88\/100 slp\n|move|p1a: Staraptor|Sand Attack|p2a: Matt\n|-unboost|p2a: Matt|accuracy|1\n|\n|-weather|SunnyDay|[upkeep]\n|-heal|p2a: Matt|94\/100 slp|[from] item: Leftovers\n|upkeep\n|turn|7\n|\n|t:|1698906921\n|switch|p2a: Oliver|Koraidon|100\/100\n|-activate|p2a: Oliver|ability: Orichalcum Pulse\n|move|p1a: Staraptor|Sand Attack|p2a: Oliver\n|-unboost|p2a: Oliver|accuracy|1\n|\n|-weather|SunnyDay|[upkeep]\n|upkeep\n|turn|8\n|\n|t:|1698906931\n|move|p2a: Oliver|Dragon Claw|p1a: Staraptor\n|-damage|p1a: Staraptor|42\/100\n|move|p1a: Staraptor|Sand Attack|p2a: Oliver\n|-unboost|p2a: Oliver|accuracy|1\n|\n|-weather|none\n|-heal|p1a: Staraptor|48\/100|[from] item: Leftovers\n|upkeep\n|turn|9\n|\n|t:|1698906940\n|move|p2a: Oliver|Dragon Claw|p1a: Staraptor|[miss]\n|-miss|p2a: Oliver|p1a: Staraptor\n|move|p1a: Staraptor|Rest|p1a: Staraptor\n|-status|p1a: Staraptor|slp|[from] move: Rest\n|-heal|p1a: Staraptor|100\/100 slp|[silent]\n|\n|upkeep\n|turn|10\n|\n|t:|1698906949\n|switch|p2a: Matt|Skeledirge, M, tera:Fairy|94\/100 slp\n|cant|p1a: Staraptor|slp\n|\n|-heal|p2a: Matt|100\/100 slp|[from] item: Leftovers\n|upkeep\n|turn|11\n|\n|t:|1698906956\n|cant|p1a: Staraptor|slp\n|cant|p2a: Matt|slp\n|\n|upkeep\n|turn|12\n|\n|t:|1698906962\n|-curestatus|p1a: Staraptor|slp|[msg]\n|move|p1a: Staraptor|Double Team|p1a: Staraptor\n|-boost|p1a: Staraptor|evasion|1\n|-curestatus|p2a: Matt|slp|[msg]\n|move|p2a: Matt|Torch Song|p1a: Staraptor\n|-damage|p1a: Staraptor|50\/100\n|-boost|p2a: Matt|spa|1\n|\n|-heal|p1a: Staraptor|57\/100|[from] item: Leftovers\n|upkeep\n|turn|13\n|\n|t:|1698906974\n|move|p1a: Staraptor|Double Team|p1a: Staraptor\n|-boost|p1a: Staraptor|evasion|1\n|move|p2a: Matt|Torch Song|p1a: Staraptor\n|-damage|p1a: Staraptor|0 fnt\n|-boost|p2a: Matt|spa|1\n|faint|p1a: Staraptor\n|\n|upkeep\n|\n|t:|1698906983\n|switch|p1a: Gengar|Gengar, M|100\/100\n|turn|14\n|\n|t:|1698906987\n|move|p1a: Gengar|Mean Look|p2a: Matt\n|-activate|p2a: Matt|trapped\n|move|p2a: Matt|Shadow Ball|p1a: Gengar\n|-supereffective|p1a: Gengar\n|-damage|p1a: Gengar|0 fnt\n|-start|p2a: Matt|Disable|Shadow Ball|[from] ability: Cursed Body|[of] p1a: Gengar\n|faint|p1a: Gengar\n|\n|upkeep\n|\n|t:|1698906996\n|switch|p1a: Baxcalibur|Baxcalibur, F|100\/100\n|turn|15\n|\n|t:|1698907000\n|move|p1a: Baxcalibur|Freeze-Dry|p2a: Matt\n|-damage|p2a: Matt|74\/100\n|move|p2a: Matt|Tera Blast|p1a: Baxcalibur|[anim] Tera Blast Fairy\n|-supereffective|p1a: Baxcalibur\n|-damage|p1a: Baxcalibur|0 fnt\n|faint|p1a: Baxcalibur\n|\n|-heal|p2a: Matt|80\/100|[from] item: Leftovers\n|upkeep\n|\n|t:|1698907010\n|switch|p1a: Torterra|Torterra, M|100\/100\n|turn|16\n|\n|t:|1698907014\n|move|p2a: Matt|Torch Song|p1a: Torterra\n|-supereffective|p1a: Torterra\n|-damage|p1a: Torterra|0 fnt\n|-boost|p2a: Matt|spa|1\n|faint|p1a: Torterra\n|\n|win|Sargenbob\n|raw|Chacho23's rating: 1000 &rarr; <strong>1000<\/strong><br \/>(+0 for losing)\n|raw|Sargenbob's rating: 1065 &rarr; <strong>1090<\/strong><br \/>(+25 for winning)\n|l|\u2606Chacho23\n|c|\u2606Sargenbob|gg\n","uploadtime":1698907042,"views":5,"p1id":"chacho23","p2id":"sargenbob","formatid":"gen9anythinggoes","rating":1000,"private":0,"password":""}