{"id":"gen9anythinggoes-1985727013","p1":"MrTRB","p2":"AegisArmy","format":"[Gen 9] Anything Goes","log":"|j|\u2606MrTRB\n|j|\u2606AegisArmy\n|t:|1699399808\n|gametype|singles\n|player|p1|MrTRB|benga|1206\n|player|p2|AegisArmy|caitlin|1316\n|teamsize|p1|6\n|teamsize|p2|6\n|gen|9\n|tier|[Gen 9] Anything Goes\n|rated|\n|rule|HP Percentage Mod: HP is shown in percentages\n|rule|Endless Battle Clause: Forcing endless battles is banned\n|clearpoke\n|poke|p1|Gholdengo|\n|poke|p1|Garganacl, F|\n|poke|p1|Glimmora, F|\n|poke|p1|Cyclizar, M|\n|poke|p1|Dipplin, M|\n|poke|p1|Volcarona, F|\n|poke|p2|Arcanine-Hisui, M|\n|poke|p2|Iron Valiant|\n|poke|p2|Ogerpon-Wellspring, F|\n|poke|p2|Kingambit, M|\n|poke|p2|Ceruledge, M|\n|poke|p2|Tinkaton, F|\n|teampreview\n|\n|t:|1699399819\n|start\n|switch|p1a: Glimmora|Glimmora, F|100\/100\n|switch|p2a: Hero|Iron Valiant|100\/100\n|-enditem|p2a: Hero|Booster Energy\n|-activate|p2a: Hero|ability: Quark Drive|[fromitem]\n|-start|p2a: Hero|quarkdrivespe\n|turn|1\n|\n|t:|1699399829\n|move|p2a: Hero|Psycho Cut|p1a: Glimmora\n|-supereffective|p1a: Glimmora\n|-damage|p1a: Glimmora|52\/100\n|-activate|p1a: Glimmora|ability: Toxic Debris\n|-sidestart|p2: AegisArmy|move: Toxic Spikes\n|move|p1a: Glimmora|Stealth Rock|p2a: Hero\n|-sidestart|p2: AegisArmy|move: Stealth Rock\n|\n|upkeep\n|turn|2\n|\n|t:|1699399837\n|move|p2a: Hero|Psycho Cut|p1a: Glimmora\n|-supereffective|p1a: Glimmora\n|-damage|p1a: Glimmora|3\/100\n|-activate|p1a: Glimmora|ability: Toxic Debris\n|-sidestart|p2: AegisArmy|move: Toxic Spikes\n|move|p1a: Glimmora|Spikes|p2a: Hero\n|-sidestart|p2: AegisArmy|Spikes\n|\n|upkeep\n|turn|3\n|\n|t:|1699399845\n|move|p2a: Hero|Psycho Cut|p1a: Glimmora\n|-supereffective|p1a: Glimmora\n|-damage|p1a: Glimmora|0 fnt\n|faint|p1a: Glimmora\n|\n|upkeep\n|\n|t:|1699399857\n|switch|p1a: Gholdengo|Gholdengo|100\/100\n|turn|4\n|\n|t:|1699399862\n|move|p2a: Hero|Knock Off|p1a: Gholdengo\n|-supereffective|p1a: Gholdengo\n|-damage|p1a: Gholdengo|39\/100\n|-enditem|p1a: Gholdengo|Covert Cloak|[from] move: Knock Off|[of] p2a: Hero\n|move|p1a: Gholdengo|Recover|p1a: Gholdengo\n|-heal|p1a: Gholdengo|89\/100\n|\n|upkeep\n|turn|5\n|\n|t:|1699399870\n|move|p2a: Hero|Knock Off|p1a: Gholdengo\n|-supereffective|p1a: Gholdengo\n|-damage|p1a: Gholdengo|43\/100\n|move|p1a: Gholdengo|Make It Rain|p2a: Hero\n|-supereffective|p2a: Hero\n|-damage|p2a: Hero|0 fnt\n|-unboost|p1a: Gholdengo|spa|1\n|faint|p2a: Hero\n|-end|p2a: Hero|Quark Drive|[silent]\n|\n|upkeep\n|\n|t:|1699399899\n|switch|p2a: Good dog|Arcanine-Hisui, M|100\/100\n|-status|p2a: Good dog|tox\n|-damage|p2a: Good dog|76\/100 tox|[from] Stealth Rock\n|-damage|p2a: Good dog|63\/100 tox|[from] Spikes\n|turn|6\n|\n|t:|1699399908\n|move|p2a: Good dog|Flare Blitz|p1a: Gholdengo\n|-supereffective|p1a: Gholdengo\n|-damage|p1a: Gholdengo|0 fnt\n|faint|p1a: Gholdengo\n|\n|-damage|p2a: Good dog|57\/100 tox|[from] psn\n|upkeep\n|\n|t:|1699399913\n|switch|p1a: Cyclizar|Cyclizar, M|100\/100\n|turn|7\n|\n|t:|1699399924\n|move|p1a: Cyclizar|Shed Tail|p1a: Cyclizar\n|-start|p1a: Cyclizar|Substitute|[from] move: Shed Tail\n|-damage|p1a: Cyclizar|50\/100\n|-enditem|p1a: Cyclizar|Sitrus Berry|[eat]\n|-heal|p1a: Cyclizar|75\/100|[from] item: Sitrus Berry\n|\n|t:|1699399929\n|switch|p1a: Garganacl|Garganacl, F|100\/100|[from] Shed Tail\n|move|p2a: Good dog|Head Smash|p1a: Garganacl|[miss]\n|-miss|p2a: Good dog|p1a: Garganacl\n|\n|-damage|p2a: Good dog|45\/100 tox|[from] psn\n|upkeep\n|turn|8\n|\n|t:|1699399940\n|move|p2a: Good dog|Head Smash|p1a: Garganacl\n|-end|p1a: Garganacl|Substitute\n|move|p1a: Garganacl|Iron Defense|p1a: Garganacl\n|-boost|p1a: Garganacl|def|2\n|\n|-damage|p2a: Good dog|27\/100 tox|[from] psn\n|upkeep\n|turn|9\n|\n|t:|1699399952\n|-terastallize|p1a: Garganacl|Water\n|move|p2a: Good dog|Head Smash|p1a: Garganacl|[miss]\n|-miss|p2a: Good dog|p1a: Garganacl\n|move|p1a: Garganacl|Iron Defense|p1a: Garganacl\n|-boost|p1a: Garganacl|def|2\n|\n|-damage|p2a: Good dog|3\/100 tox|[from] psn\n|upkeep\n|turn|10\n|\n|t:|1699399964\n|move|p2a: Good dog|Crunch|p1a: Garganacl\n|-damage|p1a: Garganacl|95\/100\n|move|p1a: Garganacl|Iron Defense|p1a: Garganacl\n|-boost|p1a: Garganacl|def|2\n|\n|-heal|p1a: Garganacl|100\/100|[from] item: Leftovers\n|-damage|p2a: Good dog|0 fnt|[from] psn\n|faint|p2a: Good dog\n|upkeep\n|\n|t:|1699399982\n|switch|p2a: Ponzu|Ogerpon-Wellspring, F|100\/100\n|-status|p2a: Ponzu|tox\n|-damage|p2a: Ponzu|88\/100 tox|[from] Stealth Rock\n|-damage|p2a: Ponzu|76\/100 tox|[from] Spikes\n|turn|11\n|\n|t:|1699399990\n|move|p2a: Ponzu|Horn Leech|p1a: Garganacl\n|-supereffective|p1a: Garganacl\n|-damage|p1a: Garganacl|87\/100\n|-heal|p2a: Ponzu|85\/100 tox|[from] drain|[of] p1a: Garganacl\n|move|p1a: Garganacl|Body Press|p2a: Ponzu\n|-damage|p2a: Ponzu|0 fnt\n|faint|p2a: Ponzu\n|\n|-heal|p1a: Garganacl|93\/100|[from] item: Leftovers\n|upkeep\n|-message|AegisArmy forfeited.\n|\n|win|MrTRB\n|raw|MrTRB's rating: 1206 &rarr; <strong>1239<\/strong><br \/>(+33 for winning)\n|raw|AegisArmy's rating: 1316 &rarr; <strong>1290<\/strong><br \/>(-26 for losing)\n|l|\u2606AegisArmy\n","uploadtime":1699400001,"views":9,"p1id":"mrtrb","p2id":"aegisarmy","formatid":"gen9anythinggoes","rating":1239,"private":0,"password":""}