{"id":"gen9anythinggoes-1994908200","p1":"TestProject","p2":"dmesmd","format":"[Gen 9] Anything Goes","log":"|j|\u2606TestProject\n|j|\u2606dmesmd\n|t:|1700503685\n|gametype|singles\n|player|p1|TestProject|2|1358\n|player|p2|dmesmd|1|1248\n|teamsize|p1|6\n|teamsize|p2|6\n|gen|9\n|tier|[Gen 9] Anything Goes\n|rated|\n|rule|HP Percentage Mod: HP is shown in percentages\n|rule|Endless Battle Clause: Forcing endless battles is banned\n|clearpoke\n|poke|p1|Grafaiai, M|\n|poke|p1|Magcargo, F|\n|poke|p1|Arbok, M|\n|poke|p1|Glimmora, F|\n|poke|p1|Basculegion, M|\n|poke|p1|Zoroark-Hisui, F|\n|poke|p2|Arceus|\n|poke|p2|Calyrex-Shadow|\n|poke|p2|Koraidon|\n|poke|p2|Zacian-*|\n|poke|p2|Kyogre|\n|poke|p2|Grimmsnarl, M|\n|teampreview\n|inactive|Battle timer is ON: inactive players will automatically lose when time's up. (requested by dmesmd)\n|\n|t:|1700503691\n|start\n|switch|p1a: Basculegion|Basculegion, M|100\/100\n|switch|p2a: Grimmsnarl|Grimmsnarl, M|100\/100\n|turn|1\n|\n|t:|1700503701\n|move|p2a: Grimmsnarl|Taunt|p1a: Basculegion\n|-start|p1a: Basculegion|move: Taunt\n|cant|p1a: Basculegion|move: Taunt|Taunt\n|\n|upkeep\n|turn|2\n|\n|t:|1700503708\n|move|p2a: Grimmsnarl|Reflect|p2a: Grimmsnarl\n|-sidestart|p2: dmesmd|Reflect\n|move|p1a: Basculegion|Bitter Malice|p2a: Grimmsnarl\n|-resisted|p2a: Grimmsnarl\n|-damage|p2a: Grimmsnarl|90\/100\n|-unboost|p2a: Grimmsnarl|atk|1\n|\n|upkeep\n|turn|3\n|\n|t:|1700503718\n|move|p2a: Grimmsnarl|Light Screen|p2a: Grimmsnarl\n|-sidestart|p2: dmesmd|move: Light Screen\n|move|p1a: Basculegion|Bitter Malice|p2a: Grimmsnarl\n|-resisted|p2a: Grimmsnarl\n|-damage|p2a: Grimmsnarl|84\/100\n|-unboost|p2a: Grimmsnarl|atk|1\n|\n|-end|p1a: Basculegion|move: Taunt\n|upkeep\n|turn|4\n|\n|t:|1700503726\n|move|p2a: Grimmsnarl|Parting Shot|p1a: Basculegion\n|-unboost|p1a: Basculegion|atk|1\n|-unboost|p1a: Basculegion|spa|1\n|\n|t:|1700503733\n|switch|p2a: Calyrex|Calyrex-Shadow|100\/100|[from] Parting Shot\n|-ability|p2a: Calyrex|As One\n|-ability|p2a: Calyrex|Unnerve\n|move|p1a: Basculegion|Bitter Malice|p2a: Calyrex\n|-supereffective|p2a: Calyrex\n|-damage|p2a: Calyrex|60\/100\n|-unboost|p2a: Calyrex|atk|1\n|\n|upkeep\n|turn|5\n|\n|t:|1700503749\n|move|p2a: Calyrex|Psyshock|p1a: Basculegion\n|-damage|p1a: Basculegion|25\/100\n|replace|p1a: Zoroark|Zoroark-Hisui, F\n|-end|p1a: Zoroark|Illusion\n|move|p1a: Zoroark|Bitter Malice|p2a: Calyrex\n|-supereffective|p2a: Calyrex\n|-damage|p2a: Calyrex|21\/100\n|-unboost|p2a: Calyrex|atk|1\n|\n|upkeep\n|turn|6\n|\n|t:|1700503759\n|move|p2a: Calyrex|Psyshock|p1a: Zoroark\n|-damage|p1a: Zoroark|0 fnt\n|faint|p1a: Zoroark\n|-ability|p2a: Calyrex|Grim Neigh|boost\n|-boost|p2a: Calyrex|spa|1\n|\n|upkeep\n|\n|t:|1700503766\n|switch|p1a: Basculegion|Basculegion, M|100\/100\n|turn|7\n|\n|t:|1700503771\n|-terastallize|p1a: Basculegion|Water\n|move|p1a: Basculegion|Aqua Jet|p2a: Calyrex\n|-damage|p2a: Calyrex|3\/100\n|move|p2a: Calyrex|Astral Barrage|p1a: Basculegion\n|-damage|p1a: Basculegion|31\/100\n|\n|upkeep\n|turn|8\n|\n|t:|1700503783\n|move|p1a: Basculegion|Aqua Jet|p2a: Calyrex\n|-damage|p2a: Calyrex|0 fnt\n|faint|p2a: Calyrex\n|\n|upkeep\n|\n|t:|1700503794\n|switch|p2a: Koraidon|Koraidon|100\/100\n|-weather|SunnyDay|[from] ability: Orichalcum Pulse|[of] p2a: Koraidon\n|-activate|p2a: Koraidon|Orichalcum Pulse|[source]\n|turn|9\n|\n|t:|1700503812\n|move|p2a: Koraidon|Swords Dance|p2a: Koraidon\n|-boost|p2a: Koraidon|atk|2\n|move|p1a: Basculegion|Scale Shot|p2a: Koraidon\n|-supereffective|p2a: Koraidon\n|-damage|p2a: Koraidon|93\/100\n|-supereffective|p2a: Koraidon\n|-damage|p2a: Koraidon|85\/100\n|-hitcount|p2a: Koraidon|2\n|-unboost|p1a: Basculegion|def|1\n|-boost|p1a: Basculegion|spe|1\n|\n|-weather|SunnyDay|[upkeep]\n|-heal|p2a: Koraidon|91\/100|[from] item: Leftovers\n|-sideend|p2: dmesmd|Reflect\n|upkeep\n|turn|10\n|inactive|dmesmd has 120 seconds left.\n|\n|t:|1700503833\n|move|p2a: Koraidon|Dragon Claw|p1a: Basculegion\n|-damage|p1a: Basculegion|0 fnt\n|faint|p1a: Basculegion\n|\n|-weather|SunnyDay|[upkeep]\n|-heal|p2a: Koraidon|97\/100|[from] item: Leftovers\n|-sideend|p2: dmesmd|move: Light Screen\n|upkeep\n|\n|t:|1700503839\n|switch|p1a: Grafaiai|Grafaiai, M|100\/100\n|turn|11\n|\n|t:|1700503847\n|-terastallize|p2a: Koraidon|Fire\n|move|p2a: Koraidon|Flame Charge|p1a: Grafaiai\n|-damage|p1a: Grafaiai|0 fnt\n|-boost|p2a: Koraidon|spe|1\n|faint|p1a: Grafaiai\n|\n|-weather|SunnyDay|[upkeep]\n|-heal|p2a: Koraidon|100\/100|[from] item: Leftovers\n|upkeep\n|-message|TestProject forfeited.\n|\n|win|dmesmd\n|raw|TestProject's rating: 1358 &rarr; <strong>1332<\/strong><br \/>(-26 for losing)\n|raw|dmesmd's rating: 1248 &rarr; <strong>1281<\/strong><br \/>(+33 for winning)\n|l|\u2606TestProject\n","uploadtime":1700503868,"views":0,"p1id":"testproject","p2id":"dmesmd","formatid":"gen9anythinggoes","rating":1281,"private":0,"password":""}