{"id":"gen9anythinggoes-1982777841","p1":"theironpikachu","p2":"Legoseba","format":"[Gen 9] Anything Goes","log":"|j|\u2606theironpikachu\n|j|\u2606Legoseba\n|inactive|Battle timer is ON: inactive players will automatically lose when time's up.\n|t:|1699043954\n|gametype|singles\n|player|p1|theironpikachu|may-masters|\n|player|p2|Legoseba|blue|\n|teamsize|p1|6\n|teamsize|p2|6\n|gen|9\n|tier|[Gen 9] Anything Goes\n|rated|Tournament battle\n|rule|HP Percentage Mod: HP is shown in percentages\n|rule|Endless Battle Clause: Forcing endless battles is banned\n|clearpoke\n|poke|p1|Thundurus, M|\n|poke|p1|Hoopa-Unbound|\n|poke|p1|Calyrex-Shadow|\n|poke|p1|Ursaluna, F|\n|poke|p1|Clodsire, M|\n|poke|p1|Tornadus, M|\n|poke|p2|Arceus|\n|poke|p2|Koraidon|\n|poke|p2|Miraidon|\n|poke|p2|Calyrex-Shadow|\n|poke|p2|Ting-Lu|\n|poke|p2|Toxapex, M|\n|teampreview\n|j|*Lady Monita \u263d\n|inactive|theironpikachu also wants the timer to be on.\n|c|\u2606theironpikachu|glhf\n|\n|t:|1699043969\n|start\n|switch|p1a: Thundurus|Thundurus, M|100\/100\n|switch|p2a: Toxapex|Toxapex, M|100\/100\n|turn|1\n|\n|t:|1699043976\n|move|p1a: Thundurus|Spore|p2a: Toxapex\n|-status|p2a: Toxapex|slp|[from] move: Spore\n|cant|p2a: Toxapex|slp\n|\n|upkeep\n|turn|2\n|\n|t:|1699043980\n|move|p1a: Thundurus|Substitute|p1a: Thundurus\n|-start|p1a: Thundurus|Substitute\n|-damage|p1a: Thundurus|76\/100\n|-curestatus|p2a: Toxapex|slp|[msg]\n|move|p2a: Toxapex|Toxic Spikes|p1a: Thundurus\n|-sidestart|p1: theironpikachu|move: Toxic Spikes\n|\n|upkeep\n|turn|3\n|j| jerin123\n|\n|t:|1699043991\n|move|p1a: Thundurus|Spore|p2a: Toxapex\n|-status|p2a: Toxapex|slp|[from] move: Spore\n|cant|p2a: Toxapex|slp\n|\n|upkeep\n|turn|4\n|\n|t:|1699044007\n|move|p1a: Thundurus|Shell Smash|p1a: Thundurus\n|-unboost|p1a: Thundurus|def|1\n|-unboost|p1a: Thundurus|spd|1\n|-boost|p1a: Thundurus|atk|2\n|-boost|p1a: Thundurus|spa|2\n|-boost|p1a: Thundurus|spe|2\n|-curestatus|p2a: Toxapex|slp|[msg]\n|move|p2a: Toxapex|Toxic Spikes|p1a: Thundurus\n|-sidestart|p1: theironpikachu|move: Toxic Spikes\n|\n|upkeep\n|turn|5\n|\n|t:|1699044028\n|move|p1a: Thundurus|Spore|p2a: Toxapex\n|-status|p2a: Toxapex|slp|[from] move: Spore\n|cant|p2a: Toxapex|slp\n|\n|upkeep\n|turn|6\n|\n|t:|1699044037\n|move|p1a: Thundurus|Shell Smash|p1a: Thundurus\n|-unboost|p1a: Thundurus|def|1\n|-unboost|p1a: Thundurus|spd|1\n|-boost|p1a: Thundurus|atk|2\n|-boost|p1a: Thundurus|spa|2\n|-boost|p1a: Thundurus|spe|2\n|cant|p2a: Toxapex|slp\n|\n|upkeep\n|turn|7\n|\n|t:|1699044043\n|move|p1a: Thundurus|Shell Smash|p1a: Thundurus\n|-unboost|p1a: Thundurus|def|1\n|-unboost|p1a: Thundurus|spd|1\n|-boost|p1a: Thundurus|atk|2\n|-boost|p1a: Thundurus|spa|2\n|-boost|p1a: Thundurus|spe|2\n|-curestatus|p2a: Toxapex|slp|[msg]\n|move|p2a: Toxapex|Haze|p2a: Toxapex\n|-clearallboost\n|\n|upkeep\n|turn|8\n|\n|t:|1699044047\n|move|p1a: Thundurus|Spore|p2a: Toxapex\n|-status|p2a: Toxapex|slp|[from] move: Spore\n|cant|p2a: Toxapex|slp\n|\n|upkeep\n|turn|9\n|\n|t:|1699044052\n|move|p1a: Thundurus|Shell Smash|p1a: Thundurus\n|-unboost|p1a: Thundurus|def|1\n|-unboost|p1a: Thundurus|spd|1\n|-boost|p1a: Thundurus|atk|2\n|-boost|p1a: Thundurus|spa|2\n|-boost|p1a: Thundurus|spe|2\n|-curestatus|p2a: Toxapex|slp|[msg]\n|move|p2a: Toxapex|Poison Jab|p1a: Thundurus\n|-end|p1a: Thundurus|Substitute\n|\n|upkeep\n|turn|10\n|\n|t:|1699044066\n|move|p1a: Thundurus|Spore|p2a: Toxapex\n|-status|p2a: Toxapex|slp|[from] move: Spore\n|cant|p2a: Toxapex|slp\n|\n|upkeep\n|turn|11\n|\n|t:|1699044072\n|move|p1a: Thundurus|Baton Pass|p1a: Thundurus\n|\n|t:|1699044074\n|switch|p1a: Calyrex|Calyrex-Shadow|100\/100|[from] Baton Pass\n|-ability|p1a: Calyrex|As One\n|-ability|p1a: Calyrex|Unnerve\n|-curestatus|p2a: Toxapex|slp|[msg]\n|move|p2a: Toxapex|Poison Jab|p1a: Calyrex\n|-resisted|p1a: Calyrex\n|-damage|p1a: Calyrex|83\/100\n|\n|upkeep\n|turn|12\n|\n|t:|1699044082\n|move|p1a: Calyrex|Taunt|p2a: Toxapex\n|-start|p2a: Toxapex|move: Taunt\n|cant|p2a: Toxapex|move: Taunt|Haze\n|\n|upkeep\n|turn|13\n|j| Gyarikkuho\n|\n|t:|1699044094\n|move|p1a: Calyrex|Astral Barrage|p2a: Toxapex\n|-damage|p2a: Toxapex|0 fnt\n|faint|p2a: Toxapex\n|-ability|p1a: Calyrex|Grim Neigh|boost\n|-boost|p1a: Calyrex|spa|1\n|\n|upkeep\n|\n|t:|1699044102\n|switch|p2a: Arceus|Arceus|100\/100\n|turn|14\n|\n|t:|1699044107\n|move|p1a: Calyrex|Boomburst|p2a: Arceus\n|-crit|p2a: Arceus\n|-damage|p2a: Arceus|0 fnt\n|faint|p2a: Arceus\n|-ability|p1a: Calyrex|Grim Neigh|boost\n|-boost|p1a: Calyrex|spa|1\n|\n|upkeep\n|\n|t:|1699044112\n|switch|p2a: Ting-Lu|Ting-Lu|100\/100\n|-ability|p2a: Ting-Lu|Vessel of Ruin\n|turn|15\n|\n|t:|1699044121\n|move|p1a: Calyrex|Taunt|p2a: Ting-Lu\n|-start|p2a: Ting-Lu|move: Taunt\n|cant|p2a: Ting-Lu|move: Taunt|Whirlwind\n|\n|upkeep\n|turn|16\n|\n|t:|1699044124\n|move|p1a: Calyrex|Boomburst|p2a: Ting-Lu\n|-damage|p2a: Ting-Lu|27\/100\n|move|p2a: Ting-Lu|Ruination|p1a: Calyrex\n|-damage|p1a: Calyrex|42\/100\n|\n|-heal|p2a: Ting-Lu|33\/100|[from] item: Leftovers\n|upkeep\n|turn|17\n|\n|t:|1699044140\n|move|p1a: Calyrex|Boomburst|p2a: Ting-Lu\n|-damage|p2a: Ting-Lu|0 fnt\n|faint|p2a: Ting-Lu\n|-ability|p1a: Calyrex|Grim Neigh|boost\n|-boost|p1a: Calyrex|spa|1\n|\n|upkeep\n|\n|t:|1699044151\n|switch|p2a: Miraidon|Miraidon|100\/100\n|-fieldstart|move: Electric Terrain|[from] ability: Hadron Engine|[of] p2a: Miraidon\n|turn|18\n|j| whaud\n|\n|t:|1699044160\n|-terastallize|p2a: Miraidon|Fairy\n|move|p1a: Calyrex|Astral Barrage|p2a: Miraidon\n|-damage|p2a: Miraidon|0 fnt\n|faint|p2a: Miraidon\n|-ability|p1a: Calyrex|Grim Neigh|boost\n|-boost|p1a: Calyrex|spa|1\n|\n|upkeep\n|\n|t:|1699044165\n|switch|p2a: Calyrex|Calyrex-Shadow|100\/100\n|-ability|p2a: Calyrex|As One\n|-ability|p2a: Calyrex|Unnerve\n|turn|19\n|\n|t:|1699044167\n|move|p1a: Calyrex|Astral Barrage|p2a: Calyrex\n|-supereffective|p2a: Calyrex\n|-damage|p2a: Calyrex|0 fnt\n|faint|p2a: Calyrex\n|\n|upkeep\n|\n|t:|1699044178\n|switch|p2a: Koraidon|Koraidon|100\/100\n|-weather|SunnyDay|[from] ability: Orichalcum Pulse|[of] p2a: Koraidon\n|-activate|p2a: Koraidon|Orichalcum Pulse|[source]\n|turn|20\n|\n|t:|1699044182\n|move|p1a: Calyrex|Boomburst|p2a: Koraidon\n|-damage|p2a: Koraidon|0 fnt\n|faint|p2a: Koraidon\n|\n|win|theironpikachu\n|n|\u2606theironpikachu|theironpikachu\n|n|\u2606Legoseba|legoseba\n|n|*Lady Monita \u263d|ladymonita\n|n| jerin123|jerin123\n|n| Gyarikkuho|gyarikkuho\n|n| whaud|whaud\n","uploadtime":1699044183,"views":8,"p1id":"theironpikachu","p2id":"legoseba","formatid":"gen9anythinggoes","rating":0,"private":0,"password":""}