{"id":"gen9anythinggoes-1993637667","p1":"dimincaterpiy","p2":"Mouspi le goat","format":"[Gen 9] Anything Goes","log":"|j|\u2606dimincaterpiy\n|j|\u2606Mouspi le goat\n|t:|1700340197\n|gametype|singles\n|player|p1|dimincaterpiy|bellelba|1238\n|player|p2|Mouspi le goat|red|1342\n|teamsize|p1|6\n|teamsize|p2|6\n|gen|9\n|tier|[Gen 9] Anything Goes\n|rated|\n|rule|HP Percentage Mod: HP is shown in percentages\n|rule|Endless Battle Clause: Forcing endless battles is banned\n|clearpoke\n|poke|p1|Gardevoir, F|\n|poke|p1|Meowscarada, M|\n|poke|p1|Ursaluna, F|\n|poke|p1|Basculegion, M|\n|poke|p1|Clodsire, F|\n|poke|p1|Chien-Pao|\n|poke|p2|Breloom, M|\n|poke|p2|Espathra, F|\n|poke|p2|Calyrex-Shadow|\n|poke|p2|Toxapex, F|\n|poke|p2|Ninetales-Alola, F|\n|poke|p2|Dugtrio, M|\n|teampreview\n|inactive|Battle timer is ON: inactive players will automatically lose when time's up. (requested by dimincaterpiy)\n|\n|t:|1700340203\n|start\n|switch|p1a: TRUCK|Ursaluna, F|100\/100\n|switch|p2a: Espathra|Espathra, F, shiny|100\/100\n|turn|1\n|\n|t:|1700340208\n|move|p2a: Espathra|Substitute|p2a: Espathra\n|-start|p2a: Espathra|Substitute\n|-damage|p2a: Espathra|76\/100\n|move|p1a: TRUCK|Earthquake|p2a: Espathra\n|-end|p2a: Espathra|Substitute\n|\n|-heal|p2a: Espathra|82\/100|[from] item: Leftovers\n|-ability|p2a: Espathra|Speed Boost|boost\n|-boost|p2a: Espathra|spe|1\n|-status|p1a: TRUCK|brn|[from] item: Flame Orb\n|upkeep\n|turn|2\n|\n|t:|1700340219\n|move|p2a: Espathra|Substitute|p2a: Espathra\n|-start|p2a: Espathra|Substitute\n|-damage|p2a: Espathra|57\/100\n|move|p1a: TRUCK|Facade|p2a: Espathra\n|-end|p2a: Espathra|Substitute\n|\n|-heal|p2a: Espathra|63\/100|[from] item: Leftovers\n|-damage|p1a: TRUCK|94\/100 brn|[from] brn\n|-ability|p2a: Espathra|Speed Boost|boost\n|-boost|p2a: Espathra|spe|1\n|upkeep\n|turn|3\n|\n|t:|1700340235\n|move|p2a: Espathra|Baton Pass|p2a: Espathra\n|\n|t:|1700340249\n|switch|p2a: Calyrex|Calyrex-Shadow|100\/100|[from] Baton Pass\n|-ability|p2a: Calyrex|As One\n|-ability|p2a: Calyrex|Unnerve\n|move|p1a: TRUCK|Facade|p2a: Calyrex\n|-immune|p2a: Calyrex\n|\n|-damage|p1a: TRUCK|88\/100 brn|[from] brn\n|upkeep\n|turn|4\n|\n|t:|1700340263\n|move|p2a: Calyrex|Psyshock|p1a: TRUCK\n|-damage|p1a: TRUCK|52\/100 brn\n|move|p1a: TRUCK|Earthquake|p2a: Calyrex\n|-crit|p2a: Calyrex\n|-enditem|p2a: Calyrex|Focus Sash\n|-damage|p2a: Calyrex|1\/100\n|\n|-damage|p1a: TRUCK|46\/100 brn|[from] brn\n|upkeep\n|turn|5\n|\n|t:|1700340272\n|move|p2a: Calyrex|Draining Kiss|p1a: TRUCK\n|-damage|p1a: TRUCK|27\/100 brn\n|-heal|p2a: Calyrex|20\/100|[from] drain|[of] p1a: TRUCK\n|move|p1a: TRUCK|Earthquake|p2a: Calyrex\n|-damage|p2a: Calyrex|0 fnt\n|faint|p2a: Calyrex\n|\n|-damage|p1a: TRUCK|21\/100 brn|[from] brn\n|upkeep\n|\n|t:|1700340281\n|switch|p2a: Ninetales|Ninetales-Alola, F, shiny|100\/100\n|-weather|Snow|[from] ability: Snow Warning|[of] p2a: Ninetales\n|turn|6\n|\n|t:|1700340287\n|move|p2a: Ninetales|Aurora Veil|p2a: Ninetales\n|-sidestart|p2: Mouspi le goat|move: Aurora Veil\n|move|p1a: TRUCK|Facade|p2a: Ninetales\n|-damage|p2a: Ninetales|45\/100\n|\n|-weather|Snow|[upkeep]\n|-damage|p1a: TRUCK|15\/100 brn|[from] brn\n|upkeep\n|turn|7\n|\n|t:|1700340294\n|move|p2a: Ninetales|Freeze-Dry|p1a: TRUCK\n|-supereffective|p1a: TRUCK\n|-damage|p1a: TRUCK|0 fnt\n|faint|p1a: TRUCK\n|\n|-weather|Snow|[upkeep]\n|upkeep\n|\n|t:|1700340298\n|switch|p1a: BOOP THE GOD|Clodsire, F|100\/100\n|turn|8\n|\n|t:|1700340306\n|move|p2a: Ninetales|Freeze-Dry|p1a: BOOP THE GOD\n|-supereffective|p1a: BOOP THE GOD\n|-damage|p1a: BOOP THE GOD|61\/100\n|move|p1a: BOOP THE GOD|Poison Jab|p2a: Ninetales\n|-supereffective|p2a: Ninetales\n|-damage|p2a: Ninetales|15\/100\n|\n|-weather|Snow|[upkeep]\n|-heal|p1a: BOOP THE GOD|68\/100|[from] item: Black Sludge\n|upkeep\n|turn|9\n|\n|t:|1700340314\n|switch|p2a: Toxapex|Toxapex, F, shiny|100\/100\n|move|p1a: BOOP THE GOD|Poison Jab|p2a: Toxapex\n|-resisted|p2a: Toxapex\n|-damage|p2a: Toxapex|96\/100\n|\n|-weather|Snow|[upkeep]\n|-heal|p2a: Toxapex|100\/100|[from] item: Black Sludge\n|-heal|p1a: BOOP THE GOD|74\/100|[from] item: Black Sludge\n|upkeep\n|turn|10\n|\n|t:|1700340329\n|switch|p2a: Espathra|Espathra, F, shiny|63\/100\n|switch|p1a: boom|Gardevoir, F, shiny|100\/100\n|\n|-weather|none\n|-heal|p2a: Espathra|69\/100|[from] item: Leftovers\n|upkeep\n|turn|11\n|\n|t:|1700340338\n|move|p2a: Espathra|Substitute|p2a: Espathra\n|-start|p2a: Espathra|Substitute\n|-damage|p2a: Espathra|44\/100\n|move|p1a: boom|Future Sight|p2a: Espathra\n|-start|p1a: boom|move: Future Sight\n|\n|-heal|p2a: Espathra|50\/100|[from] item: Leftovers\n|-ability|p2a: Espathra|Speed Boost|boost\n|-boost|p2a: Espathra|spe|1\n|upkeep\n|turn|12\n|\n|t:|1700340347\n|move|p2a: Espathra|Agility|p2a: Espathra\n|-boost|p2a: Espathra|spe|2\n|move|p1a: boom|Calm Mind|p1a: boom\n|-boost|p1a: boom|spa|1\n|-boost|p1a: boom|spd|1\n|\n|-heal|p2a: Espathra|56\/100|[from] item: Leftovers\n|-ability|p2a: Espathra|Speed Boost|boost\n|-boost|p2a: Espathra|spe|1\n|upkeep\n|turn|13\n|\n|t:|1700340357\n|move|p2a: Espathra|Baton Pass|p2a: Espathra\n|\n|t:|1700340359\n|switch|p2a: Breloom|Breloom, M, shiny|100\/100|[from] Baton Pass\n|move|p1a: boom|Calm Mind|p1a: boom\n|-boost|p1a: boom|spa|1\n|-boost|p1a: boom|spd|1\n|\n|-end|p2a: Breloom|move: Future Sight\n|-supereffective|p2a: Breloom\n|-end|p2a: Breloom|Substitute\n|-damage|p1a: boom|91\/100|[from] item: Life Orb\n|-sideend|p2: Mouspi le goat|move: Aurora Veil\n|upkeep\n|turn|14\n|\n|t:|1700340370\n|move|p2a: Breloom|Spore|p1a: boom\n|-status|p1a: boom|slp|[from] move: Spore\n|cant|p1a: boom|slp\n|\n|upkeep\n|turn|15\n|\n|t:|1700340375\n|move|p2a: Breloom|Swords Dance|p2a: Breloom\n|-boost|p2a: Breloom|atk|2\n|cant|p1a: boom|slp\n|\n|upkeep\n|turn|16\n|\n|t:|1700340380\n|move|p2a: Breloom|Aerial Ace|p1a: boom\n|-damage|p1a: boom|0 fnt\n|faint|p1a: boom\n|\n|upkeep\n|\n|t:|1700340388\n|switch|p1a: Tricke|Meowscarada, M, shiny|100\/100\n|turn|17\n|\n|t:|1700340397\n|move|p2a: Breloom|Aerial Ace|p1a: Tricke\n|-supereffective|p1a: Tricke\n|-damage|p1a: Tricke|0 fnt\n|faint|p1a: Tricke\n|\n|upkeep\n|\n|t:|1700340401\n|switch|p1a: Crash|Chien-Pao|100\/100\n|-ability|p1a: Crash|Sword of Ruin\n|turn|18\n|\n|t:|1700340405\n|move|p2a: Breloom|Spore|p1a: Crash\n|-status|p1a: Crash|slp|[from] move: Spore\n|cant|p1a: Crash|slp\n|\n|upkeep\n|turn|19\n|\n|t:|1700340411\n|move|p2a: Breloom|Swords Dance|p2a: Breloom\n|-boost|p2a: Breloom|atk|2\n|cant|p1a: Crash|slp\n|\n|upkeep\n|turn|20\n|\n|t:|1700340415\n|move|p2a: Breloom|Mach Punch|p1a: Crash\n|-supereffective|p1a: Crash\n|-damage|p1a: Crash|0 fnt\n|faint|p1a: Crash\n|\n|upkeep\n|\n|t:|1700340419\n|switch|p1a: BOOP THE GOD|Clodsire, F|74\/100\n|turn|21\n|\n|t:|1700340422\n|move|p2a: Breloom|Spore|p1a: BOOP THE GOD\n|-status|p1a: BOOP THE GOD|slp|[from] move: Spore\n|cant|p1a: BOOP THE GOD|slp\n|\n|-heal|p1a: BOOP THE GOD|80\/100 slp|[from] item: Black Sludge\n|upkeep\n|turn|22\n|\n|t:|1700340429\n|move|p2a: Breloom|Aerial Ace|p1a: BOOP THE GOD\n|-damage|p1a: BOOP THE GOD|0 fnt\n|faint|p1a: BOOP THE GOD\n|\n|upkeep\n|\n|t:|1700340431\n|switch|p1a: LOST RESPECT|Basculegion, M|100\/100\n|turn|23\n|\n|t:|1700340434\n|-terastallize|p1a: LOST RESPECT|Ghost\n|move|p2a: Breloom|Spore|p1a: LOST RESPECT\n|-status|p1a: LOST RESPECT|slp|[from] move: Spore\n|cant|p1a: LOST RESPECT|slp\n|\n|upkeep\n|turn|24\n|\n|t:|1700340441\n|-terastallize|p2a: Breloom|Ghost\n|move|p2a: Breloom|Aerial Ace|p1a: LOST RESPECT\n|-damage|p1a: LOST RESPECT|0 fnt\n|faint|p1a: LOST RESPECT\n|\n|win|Mouspi le goat\n|raw|dimincaterpiy's rating: 1238 &rarr; <strong>1220<\/strong><br \/>(-18 for losing)\n|raw|Mouspi le goat's rating: 1342 &rarr; <strong>1356<\/strong><br \/>(+14 for winning)\n|l|\u2606dimincaterpiy\n","uploadtime":1700340453,"views":4,"p1id":"dimincaterpiy","p2id":"mouspilegoat","formatid":"gen9anythinggoes","rating":1220,"private":0,"password":""}