{"id":"gen9anythinggoes-1973814457","p1":"Mr.T2k","p2":"Hzozv","format":"[Gen 9] Anything Goes","log":"|j|\u2606Mr.T2k\n|j|\u2606Hzozv\n|t:|1698016397\n|gametype|singles\n|player|p1|Mr.T2k|gambler|1241\n|player|p2|Hzozv|lusamine-nihilego|1479\n|teamsize|p1|6\n|teamsize|p2|6\n|gen|9\n|tier|[Gen 9] Anything Goes\n|rated|\n|rule|HP Percentage Mod: HP is shown in percentages\n|rule|Endless Battle Clause: Forcing endless battles is banned\n|clearpoke\n|poke|p1|Arceus-Poison|\n|poke|p1|Arceus-Fairy|\n|poke|p1|Arceus-Fighting|\n|poke|p1|Arceus-Ground|\n|poke|p1|Arceus-Bug|\n|poke|p1|Arceus-Steel|\n|poke|p2|Glimmora, M|\n|poke|p2|Miraidon|\n|poke|p2|Koraidon|\n|poke|p2|Iron Bundle|\n|poke|p2|Great Tusk|\n|poke|p2|Ditto|\n|teampreview\n|inactive|Battle timer is ON: inactive players will automatically lose when time's up. (requested by Hzozv)\n|inactive|Mr.T2k has 120 seconds left.\n|inactive|Hzozv has 120 seconds left.\n|\n|t:|1698016445\n|start\n|switch|p1a: Arceus|Arceus-Fairy|100\/100\n|switch|p2a: Glimmora|Glimmora, M|100\/100\n|turn|1\n|\n|t:|1698016456\n|-terastallize|p1a: Arceus|Fairy\n|move|p1a: Arceus|Iron Defense|p1a: Arceus\n|-boost|p1a: Arceus|def|2\n|move|p2a: Glimmora|Stealth Rock|p1a: Arceus\n|-sidestart|p1: Mr.T2k|move: Stealth Rock\n|\n|upkeep\n|turn|2\n|c|\u2606Mr.T2k|ditto???\n|\n|t:|1698016465\n|switch|p2a: Miraidon|Miraidon|100\/100\n|-fieldstart|move: Electric Terrain|[from] ability: Hadron Engine|[of] p2a: Miraidon\n|move|p1a: Arceus|Calm Mind|p1a: Arceus\n|-boost|p1a: Arceus|spa|1\n|-boost|p1a: Arceus|spd|1\n|\n|upkeep\n|turn|3\n|\n|t:|1698016473\n|-terastallize|p2a: Miraidon|Electric\n|move|p2a: Miraidon|Electro Drift|p1a: Arceus\n|-damage|p1a: Arceus|4\/100\n|move|p1a: Arceus|Calm Mind|p1a: Arceus\n|-boost|p1a: Arceus|spa|1\n|-boost|p1a: Arceus|spd|1\n|\n|upkeep\n|turn|4\n|\n|t:|1698016483\n|move|p2a: Miraidon|Electro Drift|p1a: Arceus\n|-damage|p1a: Arceus|0 fnt\n|faint|p1a: Arceus\n|\n|upkeep\n|\n|t:|1698016489\n|switch|p1a: Arceus|Arceus-Ground|100\/100\n|-damage|p1a: Arceus|94\/100|[from] Stealth Rock\n|turn|5\n|\n|t:|1698016496\n|switch|p2a: Glimmora|Glimmora, M|100\/100\n|move|p1a: Arceus|Iron Defense|p1a: Arceus\n|-boost|p1a: Arceus|def|2\n|\n|upkeep\n|turn|6\n|\n|t:|1698016504\n|move|p1a: Arceus|Calm Mind|p1a: Arceus\n|-boost|p1a: Arceus|spa|1\n|-boost|p1a: Arceus|spd|1\n|move|p2a: Glimmora|Mortal Spin|p1a: Arceus\n|-resisted|p1a: Arceus\n|-damage|p1a: Arceus|93\/100\n|-status|p1a: Arceus|psn\n|\n|-damage|p1a: Arceus|81\/100 psn|[from] psn\n|-fieldend|move: Electric Terrain\n|upkeep\n|turn|7\n|\n|t:|1698016515\n|move|p1a: Arceus|Calm Mind|p1a: Arceus\n|-boost|p1a: Arceus|spa|1\n|-boost|p1a: Arceus|spd|1\n|move|p2a: Glimmora|Earth Power|p1a: Arceus\n|-damage|p1a: Arceus|70\/100 psn\n|\n|-damage|p1a: Arceus|57\/100 psn|[from] psn\n|upkeep\n|turn|8\n|\n|t:|1698016530\n|move|p1a: Arceus|Recover|p1a: Arceus\n|-heal|p1a: Arceus|100\/100 psn\n|move|p2a: Glimmora|Earth Power|p1a: Arceus\n|-damage|p1a: Arceus|89\/100 psn\n|\n|-damage|p1a: Arceus|76\/100 psn|[from] psn\n|upkeep\n|turn|9\n|\n|t:|1698016543\n|switch|p2a: Iron Bundle|Iron Bundle|100\/100\n|move|p1a: Arceus|Calm Mind|p1a: Arceus\n|-boost|p1a: Arceus|spa|1\n|-boost|p1a: Arceus|spd|1\n|\n|-damage|p1a: Arceus|64\/100 psn|[from] psn\n|upkeep\n|turn|10\n|\n|t:|1698016551\n|move|p2a: Iron Bundle|Encore|p1a: Arceus\n|-start|p1a: Arceus|Encore\n|move|p1a: Arceus|Calm Mind|p1a: Arceus\n|-boost|p1a: Arceus|spa|1\n|-boost|p1a: Arceus|spd|1\n|\n|-damage|p1a: Arceus|52\/100 psn|[from] psn\n|upkeep\n|turn|11\n|\n|t:|1698016560\n|-end|p2a: Iron Bundle|Quark Drive|[silent]\n|switch|p2a: Miraidon|Miraidon, tera:Electric|100\/100\n|-fieldstart|move: Electric Terrain|[from] ability: Hadron Engine|[of] p2a: Miraidon\n|move|p1a: Arceus|Calm Mind|p1a: Arceus\n|-boost|p1a: Arceus|spa|1\n|-boost|p1a: Arceus|spd|1\n|\n|-damage|p1a: Arceus|40\/100 psn|[from] psn\n|upkeep\n|turn|12\n|\n|t:|1698016571\n|switch|p2a: Iron Bundle|Iron Bundle|100\/100\n|-activate|p2a: Iron Bundle|ability: Quark Drive\n|-start|p2a: Iron Bundle|quarkdrivespe\n|move|p1a: Arceus|Calm Mind|p1a: Arceus\n|-boost|p1a: Arceus|spa|1\n|-boost|p1a: Arceus|spd|1\n|\n|-damage|p1a: Arceus|27\/100 psn|[from] psn\n|-end|p1a: Arceus|Encore\n|upkeep\n|turn|13\n|\n|t:|1698016582\n|move|p2a: Iron Bundle|Encore|p1a: Arceus\n|-start|p1a: Arceus|Encore\n|move|p1a: Arceus|Calm Mind|p1a: Arceus\n|-boost|p1a: Arceus|spa|0\n|-boost|p1a: Arceus|spd|0\n|\n|-damage|p1a: Arceus|15\/100 psn|[from] psn\n|upkeep\n|turn|14\n|\n|t:|1698016591\n|move|p2a: Iron Bundle|Freeze-Dry|p1a: Arceus\n|-supereffective|p1a: Arceus\n|-damage|p1a: Arceus|0 fnt\n|faint|p1a: Arceus\n|-damage|p2a: Iron Bundle|91\/100|[from] item: Life Orb\n|\n|upkeep\n|\n|t:|1698016602\n|switch|p1a: Arceus|Arceus-Fighting|100\/100\n|-damage|p1a: Arceus|94\/100|[from] Stealth Rock\n|turn|15\n|\n|t:|1698016615\n|move|p2a: Iron Bundle|Hydro Pump|p1a: Arceus\n|-damage|p1a: Arceus|41\/100\n|-damage|p2a: Iron Bundle|81\/100|[from] item: Life Orb\n|move|p1a: Arceus|Iron Defense|p1a: Arceus\n|-boost|p1a: Arceus|def|2\n|\n|-fieldend|move: Electric Terrain\n|-end|p2a: Iron Bundle|Quark Drive\n|upkeep\n|turn|16\n|c|\u2606Hzozv|Is every arceus set same\n|c|\u2606Mr.T2k|XD\n|inactive|Mr.T2k has 120 seconds left.\n|\n|t:|1698016653\n|move|p2a: Iron Bundle|Encore|p1a: Arceus\n|-start|p1a: Arceus|Encore\n|move|p1a: Arceus|Iron Defense|p1a: Arceus\n|-boost|p1a: Arceus|def|2\n|\n|upkeep\n|turn|17\n|inactive|Mr.T2k has 120 seconds left.\n|\n|t:|1698016661\n|-end|p2a: Iron Bundle|Quark Drive|[silent]\n|switch|p2a: Miraidon|Miraidon, tera:Electric|100\/100\n|-fieldstart|move: Electric Terrain|[from] ability: Hadron Engine|[of] p2a: Miraidon\n|move|p1a: Arceus|Iron Defense|p1a: Arceus\n|-boost|p1a: Arceus|def|2\n|\n|upkeep\n|turn|18\n|\n|t:|1698016668\n|move|p2a: Miraidon|Electro Drift|p1a: Arceus\n|-crit|p1a: Arceus\n|-damage|p1a: Arceus|0 fnt\n|faint|p1a: Arceus\n|\n|upkeep\n|\n|t:|1698016676\n|switch|p1a: Arceus|Arceus-Poison|100\/100\n|-damage|p1a: Arceus|88\/100|[from] Stealth Rock\n|turn|19\n|\n|t:|1698016683\n|move|p2a: Miraidon|Electro Drift|p1a: Arceus\n|-damage|p1a: Arceus|0 fnt\n|faint|p1a: Arceus\n|\n|upkeep\n|\n|t:|1698016692\n|switch|p1a: Arceus|Arceus-Steel|100\/100\n|-damage|p1a: Arceus|94\/100|[from] Stealth Rock\n|turn|20\n|\n|t:|1698016700\n|move|p2a: Miraidon|Electro Drift|p1a: Arceus\n|-damage|p1a: Arceus|0 fnt\n|faint|p1a: Arceus\n|\n|upkeep\n|\n|t:|1698016705\n|switch|p1a: Arceus|Arceus-Bug|100\/100\n|-damage|p1a: Arceus|76\/100|[from] Stealth Rock\n|turn|21\n|c|\u2606Hzozv|Gg\n|\n|t:|1698016712\n|move|p2a: Miraidon|Electro Drift|p1a: Arceus\n|-damage|p1a: Arceus|0 fnt\n|faint|p1a: Arceus\n|\n|win|Hzozv\n|raw|Mr.T2k's rating: 1241 &rarr; <strong>1231<\/strong><br \/>(-10 for losing)\n|raw|Hzozv's rating: 1479 &rarr; <strong>1487<\/strong><br \/>(+8 for winning)\n","uploadtime":1698016719,"views":8,"p1id":"mrt2k","p2id":"hzozv","formatid":"gen9anythinggoes","rating":1231,"private":0,"password":""}