{"id":"gen9anythinggoes-1986504750","p1":"fuph ur dad","p2":"Brothybear","format":"[Gen 9] Anything Goes","log":"|j|\u2606fuph ur dad\n|j|\u2606Brothybear\n|t:|1699485866\n|gametype|singles\n|player|p1|fuph ur dad|hilbert|1107\n|player|p2|Brothybear|eusine|1024\n|teamsize|p1|6\n|teamsize|p2|6\n|gen|9\n|tier|[Gen 9] Anything Goes\n|rated|\n|rule|HP Percentage Mod: HP is shown in percentages\n|rule|Endless Battle Clause: Forcing endless battles is banned\n|clearpoke\n|poke|p1|Urshifu-*, M|\n|poke|p1|Clefable, F|\n|poke|p1|Annihilape, M|\n|poke|p1|Basculegion, M|\n|poke|p1|Amoonguss, M|\n|poke|p1|Hatterene, F|\n|poke|p2|Decidueye, M|\n|poke|p2|Ogerpon, F|\n|poke|p2|Breloom, F|\n|poke|p2|Torterra, M|\n|poke|p2|Gastrodon, M|\n|poke|p2|Trevenant, M|\n|teampreview\n|inactive|Battle timer is ON: inactive players will automatically lose when time's up. (requested by Brothybear)\n|c|\u2606Brothybear|Hello\n|c|\u2606fuph ur dad|hi\n|\n|t:|1699485887\n|start\n|switch|p1a: bubblegum pink|Clefable, F|100\/100\n|switch|p2a: Gastrodon|Gastrodon, M|100\/100\n|turn|1\n|\n|t:|1699485903\n|move|p1a: bubblegum pink|Trick|p2a: Gastrodon\n|-activate|p1a: bubblegum pink|move: Trick|[of] p2a: Gastrodon\n|-item|p2a: Gastrodon|Choice Scarf|[from] move: Trick\n|-item|p1a: bubblegum pink|Weakness Policy|[from] move: Trick\n|move|p2a: Gastrodon|Ice Beam|p1a: bubblegum pink\n|-damage|p1a: bubblegum pink|73\/100\n|\n|upkeep\n|turn|2\n|inactive|Brothybear has 120 seconds left.\n|c|\u2606Brothybear|well at least im faster\n|\n|t:|1699485939\n|move|p2a: Gastrodon|Ice Beam|p1a: bubblegum pink\n|-damage|p1a: bubblegum pink|47\/100\n|move|p1a: bubblegum pink|Draining Kiss|p2a: Gastrodon\n|-crit|p2a: Gastrodon\n|-damage|p2a: Gastrodon|78\/100\n|-heal|p1a: bubblegum pink|65\/100|[from] drain|[of] p2a: Gastrodon\n|\n|upkeep\n|turn|3\n|\n|t:|1699485946\n|move|p2a: Gastrodon|Ice Beam|p1a: bubblegum pink\n|-damage|p1a: bubblegum pink|39\/100\n|move|p1a: bubblegum pink|Substitute|p1a: bubblegum pink\n|-start|p1a: bubblegum pink|Substitute\n|-damage|p1a: bubblegum pink|14\/100\n|\n|upkeep\n|turn|4\n|inactive|Brothybear has 120 seconds left.\n|\n|t:|1699485952\n|move|p2a: Gastrodon|Ice Beam|p1a: bubblegum pink\n|-activate|p1a: bubblegum pink|move: Substitute|[damage]\n|move|p1a: bubblegum pink|Baton Pass|p1a: bubblegum pink\n|\n|t:|1699485957\n|switch|p1a: fist me|Urshifu-Rapid-Strike, M|100\/100|[from] Baton Pass\n|\n|upkeep\n|turn|5\n|inactive|Brothybear has 120 seconds left.\n|c|\u2606Brothybear|why's it named that?\n|\n|t:|1699485981\n|move|p1a: fist me|Iron Defense|p1a: fist me\n|-boost|p1a: fist me|def|2\n|move|p2a: Gastrodon|Ice Beam|p1a: fist me\n|-resisted|p1a: fist me\n|-end|p1a: fist me|Substitute\n|\n|upkeep\n|turn|6\n|c|\u2606fuph ur dad|hehe\n|inactive|Brothybear has 120 seconds left.\n|\n|t:|1699485987\n|move|p1a: fist me|Iron Defense|p1a: fist me\n|-boost|p1a: fist me|def|2\n|move|p2a: Gastrodon|Ice Beam|p1a: fist me\n|-resisted|p1a: fist me\n|-damage|p1a: fist me|80\/100\n|\n|upkeep\n|turn|7\n|\n|t:|1699485994\n|move|p1a: fist me|Iron Defense|p1a: fist me\n|-boost|p1a: fist me|def|2\n|move|p2a: Gastrodon|Ice Beam|p1a: fist me\n|-resisted|p1a: fist me\n|-damage|p1a: fist me|62\/100\n|\n|upkeep\n|turn|8\n|\n|t:|1699486001\n|move|p1a: fist me|Body Press|p2a: Gastrodon\n|-crit|p2a: Gastrodon\n|-damage|p2a: Gastrodon|0 fnt\n|faint|p2a: Gastrodon\n|-damage|p1a: fist me|52\/100|[from] item: Life Orb\n|\n|upkeep\n|inactive|Brothybear has 120 seconds left.\n|\n|t:|1699486017\n|switch|p2a: Will|Decidueye, M|100\/100\n|turn|9\n|\n|t:|1699486028\n|move|p1a: fist me|Ice Spinner|p2a: Will\n|-supereffective|p2a: Will\n|-damage|p2a: Will|22\/100\n|-damage|p1a: fist me|42\/100|[from] item: Life Orb\n|move|p2a: Will|Knock Off|p1a: fist me\n|-resisted|p1a: fist me\n|-damage|p1a: fist me|38\/100\n|-enditem|p1a: fist me|Life Orb|[from] move: Knock Off|[of] p2a: Will\n|\n|upkeep\n|turn|10\n|\n|t:|1699486042\n|move|p1a: fist me|Ice Spinner|p2a: Will\n|-supereffective|p2a: Will\n|-damage|p2a: Will|0 fnt\n|faint|p2a: Will\n|\n|upkeep\n|\n|t:|1699486050\n|switch|p2a: Ogerpon|Ogerpon, F|100\/100\n|turn|11\n|\n|t:|1699486056\n|move|p2a: Ogerpon|Ivy Cudgel|p1a: fist me\n|-supereffective|p1a: fist me\n|-damage|p1a: fist me|17\/100\n|move|p1a: fist me|Body Press|p2a: Ogerpon\n|-damage|p2a: Ogerpon|0 fnt\n|faint|p2a: Ogerpon\n|\n|upkeep\n|\n|t:|1699486067\n|switch|p2a: Torterra|Torterra, M|100\/100\n|turn|12\n|c|\u2606fuph ur dad|1116 def btw\n|\n|t:|1699486075\n|move|p1a: fist me|Surging Strikes|p2a: Torterra\n|-crit|p2a: Torterra\n|-damage|p2a: Torterra|83\/100\n|-crit|p2a: Torterra\n|-damage|p2a: Torterra|66\/100\n|-crit|p2a: Torterra\n|-damage|p2a: Torterra|47\/100\n|-hitcount|p2a: Torterra|3\n|move|p2a: Torterra|Roar|p1a: fist me\n|drag|p1a: bubblegum pink|Clefable, F|14\/100\n|\n|upkeep\n|turn|13\n|\n|t:|1699486086\n|move|p2a: Torterra|Earthquake|p1a: bubblegum pink\n|-crit|p1a: bubblegum pink\n|-damage|p1a: bubblegum pink|0 fnt\n|faint|p1a: bubblegum pink\n|\n|upkeep\n|\n|t:|1699486090\n|switch|p1a: fist me|Urshifu-Rapid-Strike, M|17\/100\n|turn|14\n|c|\u2606fuph ur dad|NO\n|\n|t:|1699486097\n|move|p1a: fist me|Surging Strikes|p2a: Torterra\n|-crit|p2a: Torterra\n|-damage|p2a: Torterra|30\/100\n|-crit|p2a: Torterra\n|-damage|p2a: Torterra|11\/100\n|-crit|p2a: Torterra\n|-damage|p2a: Torterra|0 fnt\n|faint|p2a: Torterra\n|-hitcount|p2: Torterra|3\n|\n|upkeep\n|c|\u2606fuph ur dad|suffer\n|\n|t:|1699486109\n|switch|p2a: Breloom|Breloom, F|100\/100\n|turn|15\n|\n|t:|1699486117\n|move|p1a: fist me|Ice Spinner|p2a: Breloom\n|-supereffective|p2a: Breloom\n|-damage|p2a: Breloom|31\/100\n|move|p2a: Breloom|Drain Punch|p1a: fist me\n|-damage|p1a: fist me|0 fnt\n|-heal|p2a: Breloom|40\/100|[from] drain|[of] p1a: fist me\n|faint|p1a: fist me\n|\n|upkeep\n|\n|t:|1699486126\n|switch|p1a: impoostor|Amoonguss, M|100\/100\n|turn|16\n|\n|t:|1699486133\n|move|p2a: Breloom|Spore|p1a: impoostor\n|-immune|p1a: impoostor\n|move|p1a: impoostor|Sludge Bomb|p2a: Breloom\n|-supereffective|p2a: Breloom\n|-damage|p2a: Breloom|0 fnt\n|faint|p2a: Breloom\n|\n|upkeep\n|\n|t:|1699486140\n|switch|p2a: Trevenant|Trevenant, M|100\/100\n|turn|17\n|c|\u2606fuph ur dad|womp womp\n|\n|t:|1699486147\n|move|p2a: Trevenant|Poltergeist|p1a: impoostor\n|-activate|p1a: impoostor|move: Poltergeist|Leftovers\n|-damage|p1a: impoostor|47\/100\n|move|p1a: impoostor|Sludge Bomb|p2a: Trevenant\n|-damage|p2a: Trevenant|61\/100\n|\n|-heal|p1a: impoostor|53\/100|[from] item: Leftovers\n|upkeep\n|turn|18\n|\n|t:|1699486158\n|move|p2a: Trevenant|Wood Hammer|p1a: impoostor\n|-resisted|p1a: impoostor\n|-damage|p1a: impoostor|38\/100\n|-damage|p2a: Trevenant|56\/100|[from] Recoil\n|move|p1a: impoostor|Sludge Bomb|p2a: Trevenant\n|-damage|p2a: Trevenant|13\/100\n|-enditem|p2a: Trevenant|Starf Berry|[eat]\n|-boost|p2a: Trevenant|spd|2|[from] item: Starf Berry\n|\n|-heal|p1a: impoostor|44\/100|[from] item: Leftovers\n|-item|p2a: Trevenant|Starf Berry|[from] ability: Harvest\n|upkeep\n|-enditem|p2a: Trevenant|Starf Berry|[eat]\n|-boost|p2a: Trevenant|spa|2|[from] item: Starf Berry\n|turn|19\n|\n|t:|1699486173\n|move|p2a: Trevenant|Substitute|p2a: Trevenant\n|-fail|p2a: Trevenant|move: Substitute|[weak]\n|move|p1a: impoostor|Sludge Bomb|p2a: Trevenant\n|-damage|p2a: Trevenant|0 fnt\n|faint|p2a: Trevenant\n|\n|win|fuph ur dad\n|raw|fuph ur dad's rating: 1107 &rarr; <strong>1126<\/strong><br \/>(+19 for winning)\n|raw|Brothybear's rating: 1024 &rarr; <strong>1014<\/strong><br \/>(-10 for losing)\n|c|\u2606Brothybear|gg\n|c|\u2606fuph ur dad|gg\n|c|\u2606fuph ur dad|wmomp womp\n|l|\u2606fuph ur dad\n","uploadtime":1699486197,"views":8,"p1id":"fuphurdad","p2id":"brothybear","formatid":"gen9anythinggoes","rating":1014,"private":0,"password":""}