{"id":"gen9anythinggoes-1977961945","p1":"Garfieldsupremacy","p2":"BananaBusCrew3","format":"[Gen 9] Anything Goes","log":"|j|\u2606Garfieldsupremacy\n|j|\u2606BananaBusCrew3\n|t:|1698473833\n|gametype|singles\n|player|p1|Garfieldsupremacy|unknown|1122\n|player|p2|BananaBusCrew3|101|1124\n|teamsize|p1|6\n|teamsize|p2|6\n|gen|9\n|tier|[Gen 9] Anything Goes\n|rated|\n|rule|HP Percentage Mod: HP is shown in percentages\n|rule|Endless Battle Clause: Forcing endless battles is banned\n|clearpoke\n|poke|p1|Glimmora, M|\n|poke|p1|Ursaluna, M|\n|poke|p1|Goodra-Hisui, F|\n|poke|p1|Zacian-*|\n|poke|p1|Leavanny, M|\n|poke|p1|Urshifu-*, M|\n|poke|p2|Decidueye-Hisui, M|\n|poke|p2|Braviary, M|\n|poke|p2|Greninja-*, M|\n|poke|p2|Iron Treads|\n|poke|p2|Klawf, M|\n|poke|p2|Skeledirge, M|\n|teampreview\n|\n|t:|1698473837\n|start\n|switch|p1a: Leavanny|Leavanny, M|100\/100\n|switch|p2a: BasicallyIDoWrk|Greninja, M, shiny|100\/100\n|turn|1\n|inactive|Battle timer is ON: inactive players will automatically lose when time's up. (requested by Garfieldsupremacy)\n|\n|t:|1698473847\n|move|p2a: BasicallyIDoWrk|Ice Beam|p1a: Leavanny\n|-start|p2a: BasicallyIDoWrk|typechange|Ice|[from] ability: Protean\n|-supereffective|p1a: Leavanny\n|-enditem|p1a: Leavanny|Focus Sash\n|-damage|p1a: Leavanny|1\/100\n|move|p1a: Leavanny|Sticky Web|p2a: BasicallyIDoWrk\n|-sidestart|p2: BananaBusCrew3|move: Sticky Web\n|\n|upkeep\n|turn|2\n|\n|t:|1698473858\n|switch|p2a: Terroriser|Iron Treads|100\/100\n|-activate|p2a: Terroriser|move: Sticky Web\n|-unboost|p2a: Terroriser|spe|1\n|move|p1a: Leavanny|Agility|p1a: Leavanny\n|-boost|p1a: Leavanny|spe|2\n|\n|upkeep\n|turn|3\n|\n|t:|1698473868\n|move|p1a: Leavanny|Baton Pass|p1a: Leavanny\n|\n|t:|1698473873\n|switch|p1a: Urshifu|Urshifu-Rapid-Strike, M|100\/100|[from] Baton Pass\n|move|p2a: Terroriser|Rapid Spin|p1a: Urshifu\n|-damage|p1a: Urshifu|90\/100\n|-boost|p2a: Terroriser|spe|1\n|-sideend|p2: BananaBusCrew3|Sticky Web|[from] move: Rapid Spin|[of] p2a: Terroriser\n|\n|upkeep\n|turn|4\n|\n|t:|1698473889\n|-end|p2a: Terroriser|Quark Drive|[silent]\n|switch|p2a: Nogla|Klawf, M|100\/100\n|move|p1a: Urshifu|Acrobatics|p2a: Nogla\n|-resisted|p2a: Nogla\n|-damage|p2a: Nogla|81\/100\n|\n|upkeep\n|turn|5\n|\n|t:|1698473898\n|move|p1a: Urshifu|Surging Strikes|p2a: Nogla\n|-supereffective|p2a: Nogla\n|-crit|p2a: Nogla\n|-damage|p2a: Nogla|36\/100\n|-supereffective|p2a: Nogla\n|-crit|p2a: Nogla\n|-damage|p2a: Nogla|0 fnt\n|faint|p2a: Nogla\n|-hitcount|p2: Nogla|2\n|\n|upkeep\n|\n|t:|1698473902\n|switch|p2a: BasicallyIDoWrk|Greninja, M, shiny|100\/100\n|turn|6\n|\n|t:|1698473909\n|switch|p2a: SilentDroidd|Skeledirge, M, shiny|100\/100\n|move|p1a: Urshifu|Close Combat|p2a: SilentDroidd\n|-immune|p2a: SilentDroidd\n|\n|upkeep\n|turn|7\n|\n|t:|1698473916\n|move|p1a: Urshifu|Surging Strikes|p2a: SilentDroidd\n|-supereffective|p2a: SilentDroidd\n|-crit|p2a: SilentDroidd\n|-damage|p2a: SilentDroidd|73\/100\n|-supereffective|p2a: SilentDroidd\n|-crit|p2a: SilentDroidd\n|-damage|p2a: SilentDroidd|45\/100\n|-supereffective|p2a: SilentDroidd\n|-crit|p2a: SilentDroidd\n|-damage|p2a: SilentDroidd|18\/100\n|-hitcount|p2a: SilentDroidd|3\n|move|p2a: SilentDroidd|Will-O-Wisp|p1a: Urshifu\n|-status|p1a: Urshifu|brn\n|\n|-heal|p2a: SilentDroidd|25\/100|[from] item: Leftovers\n|-damage|p1a: Urshifu|84\/100 brn|[from] brn\n|upkeep\n|turn|8\n|\n|t:|1698473934\n|move|p1a: Urshifu|Acrobatics|p2a: SilentDroidd\n|-damage|p2a: SilentDroidd|11\/100\n|move|p2a: SilentDroidd|Slack Off|p2a: SilentDroidd\n|-heal|p2a: SilentDroidd|61\/100\n|\n|-heal|p2a: SilentDroidd|67\/100|[from] item: Leftovers\n|-damage|p1a: Urshifu|78\/100 brn|[from] brn\n|upkeep\n|turn|9\n|\n|t:|1698473942\n|move|p1a: Urshifu|Surging Strikes|p2a: SilentDroidd\n|-supereffective|p2a: SilentDroidd\n|-crit|p2a: SilentDroidd\n|-damage|p2a: SilentDroidd|55\/100\n|-supereffective|p2a: SilentDroidd\n|-crit|p2a: SilentDroidd\n|-damage|p2a: SilentDroidd|42\/100\n|-supereffective|p2a: SilentDroidd\n|-crit|p2a: SilentDroidd\n|-damage|p2a: SilentDroidd|28\/100\n|-hitcount|p2a: SilentDroidd|3\n|move|p2a: SilentDroidd|Slack Off|p2a: SilentDroidd\n|-heal|p2a: SilentDroidd|78\/100\n|\n|-heal|p2a: SilentDroidd|84\/100|[from] item: Leftovers\n|-damage|p1a: Urshifu|72\/100 brn|[from] brn\n|upkeep\n|turn|10\n|\n|t:|1698473959\n|switch|p1a: Glimmora|Glimmora, M, shiny|100\/100\n|-item|p1a: Glimmora|Air Balloon\n|move|p2a: SilentDroidd|Torch Song|p1a: Glimmora\n|-resisted|p1a: Glimmora\n|-damage|p1a: Glimmora|83\/100\n|-boost|p2a: SilentDroidd|spa|1\n|-enditem|p1a: Glimmora|Air Balloon\n|\n|-heal|p2a: SilentDroidd|91\/100|[from] item: Leftovers\n|upkeep\n|turn|11\n|\n|t:|1698473970\n|move|p1a: Glimmora|Stealth Rock|p2a: SilentDroidd\n|-sidestart|p2: BananaBusCrew3|move: Stealth Rock\n|move|p2a: SilentDroidd|Earth Power|p1a: Glimmora\n|-supereffective|p1a: Glimmora\n|-damage|p1a: Glimmora|0 fnt\n|faint|p1a: Glimmora\n|\n|-heal|p2a: SilentDroidd|97\/100|[from] item: Leftovers\n|upkeep\n|\n|t:|1698473978\n|switch|p1a: Ursaluna|Ursaluna, M|100\/100\n|turn|12\n|\n|t:|1698473987\n|switch|p2a: Moo Snuckle|Braviary, M, shiny|100\/100\n|-damage|p2a: Moo Snuckle|76\/100|[from] Stealth Rock\n|move|p1a: Ursaluna|Crunch|p2a: Moo Snuckle\n|-damage|p2a: Moo Snuckle|37\/100\n|\n|-heal|p2a: Moo Snuckle|43\/100|[from] item: Leftovers\n|-status|p1a: Ursaluna|brn|[from] item: Flame Orb\n|upkeep\n|turn|13\n|\n|t:|1698474005\n|move|p2a: Moo Snuckle|Close Combat|p1a: Ursaluna\n|-supereffective|p1a: Ursaluna\n|-damage|p1a: Ursaluna|28\/100 brn\n|-unboost|p2a: Moo Snuckle|def|1\n|-unboost|p2a: Moo Snuckle|spd|1\n|move|p1a: Ursaluna|Facade|p2a: Moo Snuckle\n|-damage|p2a: Moo Snuckle|0 fnt\n|faint|p2a: Moo Snuckle\n|\n|-damage|p1a: Ursaluna|22\/100 brn|[from] brn\n|upkeep\n|\n|t:|1698474017\n|switch|p2a: BasicallyIDoWrk|Greninja, M, shiny|100\/100\n|-damage|p2a: BasicallyIDoWrk|88\/100|[from] Stealth Rock\n|turn|14\n|\n|t:|1698474024\n|move|p2a: BasicallyIDoWrk|Grass Knot|p1a: Ursaluna\n|-start|p2a: BasicallyIDoWrk|typechange|Grass|[from] ability: Protean\n|-supereffective|p1a: Ursaluna\n|-damage|p1a: Ursaluna|0 fnt\n|faint|p1a: Ursaluna\n|\n|upkeep\n|\n|t:|1698474035\n|switch|p1a: Leavanny|Leavanny, M|1\/100\n|turn|15\n|\n|t:|1698474038\n|move|p2a: BasicallyIDoWrk|Grass Knot|p1a: Leavanny\n|-resisted|p1a: Leavanny\n|-damage|p1a: Leavanny|0 fnt\n|faint|p1a: Leavanny\n|\n|upkeep\n|\n|t:|1698474044\n|switch|p1a: Goodra|Goodra-Hisui, F, shiny|100\/100\n|turn|16\n|\n|t:|1698474050\n|switch|p2a: Terroriser|Iron Treads|100\/100\n|-damage|p2a: Terroriser|97\/100|[from] Stealth Rock\n|move|p1a: Goodra|Dragon Pulse|p2a: Terroriser\n|-resisted|p2a: Terroriser\n|-damage|p2a: Terroriser|85\/100\n|\n|upkeep\n|turn|17\n|\n|t:|1698474065\n|switch|p1a: Urshifu|Urshifu-Rapid-Strike, M|72\/100 brn\n|move|p2a: Terroriser|Rapid Spin|p1a: Urshifu\n|-damage|p1a: Urshifu|62\/100 brn\n|-boost|p2a: Terroriser|spe|1\n|-sideend|p2: BananaBusCrew3|Stealth Rock|[from] move: Rapid Spin|[of] p2a: Terroriser\n|\n|-damage|p1a: Urshifu|56\/100 brn|[from] brn\n|upkeep\n|turn|18\n|\n|t:|1698474076\n|move|p1a: Urshifu|Aqua Jet|p2a: Terroriser\n|-supereffective|p2a: Terroriser\n|-damage|p2a: Terroriser|68\/100\n|move|p2a: Terroriser|Earthquake|p1a: Urshifu\n|-damage|p1a: Urshifu|24\/100 brn\n|\n|-damage|p1a: Urshifu|18\/100 brn|[from] brn\n|upkeep\n|turn|19\n|\n|t:|1698474084\n|move|p1a: Urshifu|Aqua Jet|p2a: Terroriser\n|-supereffective|p2a: Terroriser\n|-damage|p2a: Terroriser|51\/100\n|move|p2a: Terroriser|Earthquake|p1a: Urshifu\n|-damage|p1a: Urshifu|0 fnt\n|faint|p1a: Urshifu\n|\n|upkeep\n|\n|t:|1698474091\n|switch|p1a: Zacian|Zacian-Crowned, shiny|100\/100\n|-ability|p1a: Zacian|Intrepid Sword|boost\n|-boost|p1a: Zacian|atk|1\n|turn|20\n|\n|t:|1698474102\n|-end|p2a: Terroriser|Quark Drive|[silent]\n|switch|p2a: SilentDroidd|Skeledirge, M, shiny|97\/100\n|-terastallize|p1a: Zacian|Fairy\n|move|p1a: Zacian|Close Combat|p2a: SilentDroidd\n|-immune|p2a: SilentDroidd\n|\n|-heal|p2a: SilentDroidd|100\/100|[from] item: Leftovers\n|upkeep\n|turn|21\n|\n|t:|1698474112\n|move|p1a: Zacian|Crunch|p2a: SilentDroidd\n|-supereffective|p2a: SilentDroidd\n|-crit|p2a: SilentDroidd\n|-damage|p2a: SilentDroidd|37\/100\n|move|p2a: SilentDroidd|Will-O-Wisp|p1a: Zacian\n|-status|p1a: Zacian|brn\n|\n|-heal|p2a: SilentDroidd|43\/100|[from] item: Leftovers\n|-damage|p1a: Zacian|94\/100 brn|[from] brn\n|upkeep\n|turn|22\n|\n|t:|1698474122\n|move|p1a: Zacian|Crunch|p2a: SilentDroidd\n|-supereffective|p2a: SilentDroidd\n|-damage|p2a: SilentDroidd|21\/100\n|move|p2a: SilentDroidd|Slack Off|p2a: SilentDroidd\n|-heal|p2a: SilentDroidd|71\/100\n|\n|-heal|p2a: SilentDroidd|77\/100|[from] item: Leftovers\n|-damage|p1a: Zacian|88\/100 brn|[from] brn\n|upkeep\n|turn|23\n|-message|Garfieldsupremacy forfeited.\n|\n|win|BananaBusCrew3\n|raw|Garfieldsupremacy's rating: 1122 &rarr; <strong>1099<\/strong><br \/>(-23 for losing)\n|raw|BananaBusCrew3's rating: 1145 &rarr; <strong>1168<\/strong><br \/>(+23 for winning)\n|l|\u2606Garfieldsupremacy\n","uploadtime":1698474133,"views":8,"p1id":"garfieldsupremacy","p2id":"bananabuscrew3","formatid":"gen9anythinggoes","rating":1099,"private":0,"password":""}