{"id":"gen9anythinggoes-1973116470","p1":"3llipses","p2":"SuperbPineapple","format":"[Gen 9] Anything Goes","log":"|j|\u26063llipses\n|j|\u2606SuperbPineapple\n|t:|1697929436\n|gametype|singles\n|player|p1|3llipses|1|\n|player|p2|SuperbPineapple|veteran|\n|teamsize|p1|6\n|teamsize|p2|6\n|gen|9\n|tier|[Gen 9] Anything Goes\n|rule|HP Percentage Mod: HP is shown in percentages\n|rule|Endless Battle Clause: Forcing endless battles is banned\n|clearpoke\n|poke|p1|Pelipper, M|\n|poke|p1|Urshifu-*, F|\n|poke|p1|Drednaw, F|\n|poke|p1|Hatterene, F|\n|poke|p1|Zapdos|\n|poke|p1|Greninja-*, M|\n|poke|p2|Mew|\n|poke|p2|Walking Wake|\n|poke|p2|Kleavor, M|\n|poke|p2|Iron Treads|\n|poke|p2|Muk, M|\n|poke|p2|Garganacl, M|\n|teampreview\n|\n|t:|1697929469\n|start\n|switch|p1a: The Mouth|Pelipper, M|100\/100\n|switch|p2a: Slappy|Mew|100\/100\n|-weather|RainDance|[from] ability: Drizzle|[of] p1a: The Mouth\n|turn|1\n|\n|t:|1697929478\n|move|p2a: Slappy|Dragon Dance|p2a: Slappy\n|-boost|p2a: Slappy|atk|1\n|-boost|p2a: Slappy|spe|1\n|move|p1a: The Mouth|U-turn|p2a: Slappy\n|-supereffective|p2a: Slappy\n|-damage|p2a: Slappy|83\/100\n|\n|t:|1697929489\n|switch|p1a: Philbert|Drednaw, F|100\/100|[from] U-turn\n|\n|-weather|RainDance|[upkeep]\n|-heal|p2a: Slappy|89\/100|[from] item: Leftovers\n|upkeep\n|turn|2\n|\n|t:|1697929530\n|move|p1a: Philbert|Liquidation|p2a: Slappy\n|-crit|p2a: Slappy\n|-damage|p2a: Slappy|0 fnt\n|faint|p2a: Slappy\n|\n|-weather|RainDance|[upkeep]\n|upkeep\n|\n|t:|1697929536\n|switch|p2a: Spin to Win|Iron Treads|100\/100\n|turn|3\n|\n|t:|1697929540\n|move|p1a: Philbert|Liquidation|p2a: Spin to Win\n|-supereffective|p2a: Spin to Win\n|-damage|p2a: Spin to Win|0 fnt\n|faint|p2a: Spin to Win\n|-end|p2a: Spin to Win|Quark Drive|[silent]\n|\n|-weather|RainDance|[upkeep]\n|upkeep\n|\n|t:|1697929555\n|switch|p2a: Fear|Walking Wake|100\/100\n|turn|4\n|j| Monsieur Manny\n|\n|t:|1697929563\n|switch|p1a: Trans Rights|Hatterene, F|100\/100\n|move|p2a: Fear|Hurricane|p1a: Trans Rights\n|-damage|p1a: Trans Rights|58\/100\n|-start|p1a: Trans Rights|confusion\n|-damage|p2a: Fear|91\/100|[from] item: Life Orb\n|\n|-weather|RainDance|[upkeep]\n|-heal|p1a: Trans Rights|64\/100|[from] item: Leftovers\n|upkeep\n|turn|5\n|\n|t:|1697929581\n|-terastallize|p2a: Fear|Ghost\n|move|p2a: Fear|Tera Blast|p1a: Trans Rights|[anim] Tera Blast Ghost\n|-supereffective|p1a: Trans Rights\n|-damage|p1a: Trans Rights|0 fnt\n|faint|p1a: Trans Rights\n|-damage|p2a: Fear|81\/100|[from] item: Life Orb\n|\n|-weather|RainDance|[upkeep]\n|upkeep\n|\n|t:|1697929592\n|switch|p1a: Yuzuriha|Greninja, M|100\/100\n|turn|6\n|\n|t:|1697929601\n|move|p1a: Yuzuriha|Dark Pulse|p2a: Fear\n|-supereffective|p2a: Fear\n|-damage|p2a: Fear|0 fnt\n|faint|p2a: Fear\n|-end|p2a: Fear|Protosynthesis|[silent]\n|-ability|p1a: Yuzuriha|Battle Bond|boost\n|-boost|p1a: Yuzuriha|atk|1\n|-boost|p1a: Yuzuriha|spa|1\n|-boost|p1a: Yuzuriha|spe|1\n|-activate|p1a: Yuzuriha|ability: Battle Bond\n|-damage|p1a: Yuzuriha|91\/100|[from] item: Life Orb\n|\n|-weather|RainDance|[upkeep]\n|upkeep\n|\n|t:|1697929611\n|switch|p2a: Duk|Muk, M|100\/100\n|turn|7\n|\n|t:|1697929616\n|move|p1a: Yuzuriha|Surf|p2a: Duk\n|-damage|p2a: Duk|19\/100\n|-damage|p1a: Yuzuriha|81\/100|[from] item: Life Orb\n|move|p2a: Duk|Toxic|p1a: Yuzuriha\n|-status|p1a: Yuzuriha|tox\n|\n|-weather|RainDance|[upkeep]\n|-damage|p1a: Yuzuriha|75\/100 tox|[from] psn\n|upkeep\n|turn|8\n|\n|t:|1697929626\n|move|p2a: Duk|Protect|p2a: Duk\n|-singleturn|p2a: Duk|Protect\n|move|p1a: Yuzuriha|Water Shuriken|p2a: Duk\n|-activate|p2a: Duk|move: Protect\n|\n|-weather|none\n|-damage|p1a: Yuzuriha|63\/100 tox|[from] psn\n|upkeep\n|turn|9\n|\n|t:|1697929634\n|move|p2a: Duk|Protect|p2a: Duk\n|-singleturn|p2a: Duk|Protect\n|move|p1a: Yuzuriha|Water Shuriken|p2a: Duk\n|-activate|p2a: Duk|move: Protect\n|\n|-damage|p1a: Yuzuriha|45\/100 tox|[from] psn\n|upkeep\n|turn|10\n|\n|t:|1697929641\n|move|p2a: Duk|Protect||[still]\n|-fail|p2a: Duk\n|move|p1a: Yuzuriha|Water Shuriken|p2a: Duk\n|-damage|p2a: Duk|9\/100\n|-damage|p2a: Duk|0 fnt\n|faint|p2a: Duk\n|-hitcount|p2: Duk|2\n|-damage|p1a: Yuzuriha|35\/100 tox|[from] item: Life Orb\n|\n|-damage|p1a: Yuzuriha|11\/100 tox|[from] psn\n|upkeep\n|\n|t:|1697929650\n|switch|p2a: Pepple|Garganacl, M|100\/100\n|turn|11\n|\n|t:|1697929653\n|move|p2a: Pepple|Protect|p2a: Pepple\n|-singleturn|p2a: Pepple|Protect\n|move|p1a: Yuzuriha|Surf|p2a: Pepple\n|-activate|p2a: Pepple|move: Protect\n|\n|-damage|p1a: Yuzuriha|0 fnt|[from] psn\n|faint|p1a: Yuzuriha\n|upkeep\n|\n|t:|1697929661\n|switch|p1a: The Mouth|Pelipper, M|100\/100\n|-weather|RainDance|[from] ability: Drizzle|[of] p1a: The Mouth\n|turn|12\n|\n|t:|1697929667\n|move|p1a: The Mouth|U-turn|p2a: Pepple\n|-damage|p2a: Pepple|95\/100\n|\n|t:|1697929671\n|switch|p1a: 3-Step Goodbear|Urshifu-Rapid-Strike, F|100\/100|[from] U-turn\n|move|p2a: Pepple|Salt Cure|p1a: 3-Step Goodbear\n|-resisted|p1a: 3-Step Goodbear\n|-damage|p1a: 3-Step Goodbear|94\/100\n|-start|p1a: 3-Step Goodbear|Salt Cure\n|\n|-weather|RainDance|[upkeep]\n|-heal|p2a: Pepple|100\/100|[from] item: Leftovers\n|-damage|p1a: 3-Step Goodbear|69\/100|[from] Salt Cure\n|upkeep\n|turn|13\n|\n|t:|1697929681\n|-terastallize|p1a: 3-Step Goodbear|Water\n|move|p2a: Pepple|Protect|p2a: Pepple\n|-singleturn|p2a: Pepple|Protect\n|move|p1a: 3-Step Goodbear|Surging Strikes|p2a: Pepple\n|-supereffective|p2a: Pepple\n|-crit|p2a: Pepple\n|-damage|p2a: Pepple|12\/100\n|-supereffective|p2a: Pepple\n|-crit|p2a: Pepple\n|-damage|p2a: Pepple|0 fnt\n|faint|p2a: Pepple\n|-hitcount|p2: Pepple|2\n|\n|-weather|RainDance|[upkeep]\n|-damage|p1a: 3-Step Goodbear|44\/100|[from] Salt Cure\n|upkeep\n|\n|t:|1697929701\n|switch|p2a: Bateman|Kleavor, M|100\/100\n|turn|14\n|\n|t:|1697929729\n|switch|p1a: Philbert|Drednaw, F|100\/100\n|move|p2a: Bateman|Trailblaze|p1a: Philbert\n|-supereffective|p1a: Philbert\n|-crit|p1a: Philbert\n|-damage|p1a: Philbert|0 fnt\n|-boost|p2a: Bateman|spe|1\n|faint|p1a: Philbert\n|-damage|p2a: Bateman|91\/100|[from] item: Life Orb\n|\n|-weather|RainDance|[upkeep]\n|upkeep\n|\n|t:|1697929748\n|switch|p1a: The Mouth|Pelipper, M|100\/100\n|turn|15\n|\n|t:|1697929757\n|move|p2a: Bateman|Stone Axe|p1a: The Mouth\n|-supereffective|p1a: The Mouth\n|-damage|p1a: The Mouth|0 fnt\n|-sidestart|p1: 3llipses|move: Stealth Rock\n|faint|p1a: The Mouth\n|-damage|p2a: Bateman|81\/100|[from] item: Life Orb\n|\n|-weather|RainDance|[upkeep]\n|upkeep\n|\n|t:|1697929761\n|switch|p1a: Static Shock|Zapdos|100\/100\n|turn|16\n|\n|t:|1697929773\n|move|p2a: Bateman|Stone Axe|p1a: Static Shock|[miss]\n|-miss|p2a: Bateman|p1a: Static Shock\n|move|p1a: Static Shock|Hurricane|p2a: Bateman\n|-damage|p2a: Bateman|0 fnt\n|faint|p2a: Bateman\n|\n|win|3llipses\n|l|\u2606SuperbPineapple\n","uploadtime":1697929823,"views":10,"p1id":"3llipses","p2id":"superbpineapple","formatid":"gen9anythinggoes","rating":0,"private":0,"password":""}