{"id":"gen9anythinggoes-1999061860","p1":"Guest 4633522","p2":"Cheesee813","format":"[Gen 9] Anything Goes","log":"|j|\u203dGuest 4633522\n|j|\u2606Cheesee813\n|t:|1701029064\n|gametype|singles\n|player|p1|Guest 4633522|265|1231\n|player|p2|Cheesee813|boarder|1336\n|teamsize|p1|6\n|teamsize|p2|6\n|gen|9\n|tier|[Gen 9] Anything Goes\n|rated|\n|rule|HP Percentage Mod: HP is shown in percentages\n|rule|Endless Battle Clause: Forcing endless battles is banned\n|clearpoke\n|poke|p1|Annihilape, M|\n|poke|p1|Annihilape, M|\n|poke|p1|Kingambit, M|\n|poke|p1|Annihilape, M|\n|poke|p1|Annihilape, M|\n|poke|p1|Calyrex-Shadow|\n|poke|p2|Cinderace, F|\n|poke|p2|Roaring Moon|\n|poke|p2|Sneasler, M|\n|poke|p2|Chien-Pao|\n|poke|p2|Palafin, M|\n|poke|p2|Flutter Mane|\n|teampreview\n|inactive|Battle timer is ON: inactive players will automatically lose when time's up. (requested by Cheesee813)\n|\n|t:|1701029070\n|start\n|switch|p1a: Annihilape|Annihilape, M|100\/100\n|switch|p2a: Palafin|Palafin, M|100\/100\n|turn|1\n|\n|t:|1701029074\n|move|p2a: Palafin|Flip Turn|p1a: Annihilape\n|-damage|p1a: Annihilape|72\/100\n|\n|t:|1701029079\n|detailschange|p2a: Palafin|Palafin-Hero, M\n|switch|p2a: Sneasler|Sneasler, M|100\/100|[from] Flip Turn\n|move|p1a: Annihilape|Stealth Rock|p2a: Sneasler\n|-sidestart|p2: Cheesee813|move: Stealth Rock\n|\n|upkeep\n|turn|2\n|\n|t:|1701029084\n|move|p2a: Sneasler|Dire Claw|p1a: Annihilape\n|-resisted|p1a: Annihilape\n|-damage|p1a: Annihilape|51\/100\n|-status|p1a: Annihilape|par\n|move|p1a: Annihilape|Final Gambit|p2a: Sneasler\n|-damage|p2a: Sneasler|29\/100\n|faint|p1a: Annihilape\n|\n|upkeep\n|\n|t:|1701029107\n|switch|p1a: Calyrex|Calyrex-Shadow|100\/100\n|-ability|p1a: Calyrex|As One\n|-ability|p1a: Calyrex|Unnerve\n|turn|3\n|\n|t:|1701029113\n|move|p1a: Calyrex|Astral Barrage|p2a: Sneasler\n|-damage|p2a: Sneasler|0 fnt\n|faint|p2a: Sneasler\n|-ability|p1a: Calyrex|Grim Neigh|boost\n|-boost|p1a: Calyrex|spa|1\n|\n|upkeep\n|\n|t:|1701029119\n|switch|p2a: Cinderace|Cinderace, F|100\/100\n|turn|4\n|\n|t:|1701029123\n|-terastallize|p1a: Calyrex|Fighting\n|move|p1a: Calyrex|Astral Barrage|p2a: Cinderace\n|-damage|p2a: Cinderace|0 fnt\n|faint|p2a: Cinderace\n|-ability|p1a: Calyrex|Grim Neigh|boost\n|-boost|p1a: Calyrex|spa|1\n|\n|upkeep\n|\n|t:|1701029138\n|switch|p2a: Flutter Mane|Flutter Mane|100\/100\n|-damage|p2a: Flutter Mane|88\/100|[from] Stealth Rock\n|-enditem|p2a: Flutter Mane|Booster Energy\n|-activate|p2a: Flutter Mane|ability: Protosynthesis|[fromitem]\n|-start|p2a: Flutter Mane|protosynthesisspe\n|turn|5\n|\n|t:|1701029144\n|-terastallize|p2a: Flutter Mane|Normal\n|move|p2a: Flutter Mane|Moonblast|p1a: Calyrex\n|-supereffective|p1a: Calyrex\n|-damage|p1a: Calyrex|0 fnt\n|faint|p1a: Calyrex\n|\n|upkeep\n|\n|t:|1701029158\n|switch|p1a: Kingambit|Kingambit, M|100\/100\n|-activate|p1a: Kingambit|ability: Supreme Overlord\n|-start|p1a: Kingambit|fallen2|[silent]\n|turn|6\n|\n|t:|1701029163\n|move|p2a: Flutter Mane|Shadow Ball|p1a: Kingambit\n|-resisted|p1a: Kingambit\n|-damage|p1a: Kingambit|82\/100\n|-unboost|p1a: Kingambit|spd|1\n|move|p1a: Kingambit|Kowtow Cleave|p2a: Flutter Mane\n|-damage|p2a: Flutter Mane|0 fnt\n|faint|p2a: Flutter Mane\n|-end|p2a: Flutter Mane|Protosynthesis|[silent]\n|\n|upkeep\n|\n|t:|1701029169\n|switch|p2a: Chien-Pao|Chien-Pao|100\/100\n|-damage|p2a: Chien-Pao|76\/100|[from] Stealth Rock\n|-ability|p2a: Chien-Pao|Sword of Ruin\n|turn|7\n|\n|t:|1701029174\n|-end|p1a: Kingambit|fallen2|[silent]\n|switch|p1a: Annihilape|Annihilape, M|100\/100\n|move|p2a: Chien-Pao|Sacred Sword|p1a: Annihilape\n|-immune|p1a: Annihilape\n|\n|upkeep\n|turn|8\n|\n|t:|1701029181\n|move|p2a: Chien-Pao|Sucker Punch|p1a: Annihilape\n|-damage|p1a: Annihilape|55\/100\n|move|p1a: Annihilape|Close Combat|p2a: Chien-Pao\n|-supereffective|p2a: Chien-Pao\n|-damage|p2a: Chien-Pao|0 fnt\n|-unboost|p1a: Annihilape|def|1\n|-unboost|p1a: Annihilape|spd|1\n|faint|p2a: Chien-Pao\n|\n|upkeep\n|\n|t:|1701029190\n|switch|p2a: Palafin|Palafin-Hero, M|100\/100\n|-damage|p2a: Palafin|88\/100|[from] Stealth Rock\n|-activate|p2a: Palafin|ability: Zero to Hero\n|turn|9\n|\n|t:|1701029193\n|move|p2a: Palafin|Jet Punch|p1a: Annihilape\n|-damage|p1a: Annihilape|0 fnt\n|faint|p1a: Annihilape\n|\n|upkeep\n|\n|t:|1701029197\n|switch|p1a: Annihilape|Annihilape, M|100\/100\n|turn|10\n|\n|t:|1701029199\n|move|p2a: Palafin|Jet Punch|p1a: Annihilape\n|-damage|p1a: Annihilape|48\/100\n|move|p1a: Annihilape|Final Gambit|p2a: Palafin\n|-damage|p2a: Palafin|29\/100\n|faint|p1a: Annihilape\n|\n|upkeep\n|\n|t:|1701029213\n|switch|p1a: Annihilape|Annihilape, M|100\/100\n|turn|11\n|\n|t:|1701029215\n|move|p2a: Palafin|Jet Punch|p1a: Annihilape\n|-damage|p1a: Annihilape|46\/100\n|move|p1a: Annihilape|Close Combat|p2a: Palafin\n|-damage|p2a: Palafin|0 fnt\n|-unboost|p1a: Annihilape|def|1\n|-unboost|p1a: Annihilape|spd|1\n|faint|p2a: Palafin\n|\n|upkeep\n|\n|t:|1701029217\n|switch|p2a: Roaring Moon|Roaring Moon|100\/100\n|-damage|p2a: Roaring Moon|88\/100|[from] Stealth Rock\n|-enditem|p2a: Roaring Moon|Booster Energy\n|-activate|p2a: Roaring Moon|ability: Protosynthesis|[fromitem]\n|-start|p2a: Roaring Moon|protosynthesisspe\n|turn|12\n|\n|t:|1701029222\n|move|p2a: Roaring Moon|Acrobatics|p1a: Annihilape\n|-supereffective|p1a: Annihilape\n|-damage|p1a: Annihilape|0 fnt\n|faint|p1a: Annihilape\n|\n|upkeep\n|\n|t:|1701029224\n|switch|p1a: Kingambit|Kingambit, M|82\/100\n|-activate|p1a: Kingambit|ability: Supreme Overlord\n|-start|p1a: Kingambit|fallen5|[silent]\n|turn|13\n|\n|t:|1701029228\n|move|p2a: Roaring Moon|Earthquake|p1a: Kingambit\n|-supereffective|p1a: Kingambit\n|-damage|p1a: Kingambit|30\/100\n|move|p1a: Kingambit|Kowtow Cleave|p2a: Roaring Moon\n|-resisted|p2a: Roaring Moon\n|-damage|p2a: Roaring Moon|37\/100\n|\n|upkeep\n|turn|14\n|\n|t:|1701029235\n|move|p1a: Kingambit|Sucker Punch|p2a: Roaring Moon\n|-resisted|p2a: Roaring Moon\n|-damage|p2a: Roaring Moon|0 fnt\n|faint|p2a: Roaring Moon\n|-end|p2a: Roaring Moon|Protosynthesis|[silent]\n|\n|win|Guest 4633522\n|raw|Guest 4633522's rating: 1248 &rarr; <strong>1279<\/strong><br \/>(+31 for winning)\n|raw|Cheesee813's rating: 1336 &rarr; <strong>1311<\/strong><br \/>(-25 for losing)\n","uploadtime":1701029238,"views":0,"p1id":"guest4633522","p2id":"cheesee813","formatid":"gen9anythinggoes","rating":1279,"private":0,"password":""}