{"id":"gen9anythinggoes-1983362768","p1":"Rats and cheese","p2":"meloprince","format":"[Gen 9] Anything Goes","log":"|j|\u2606Rats and cheese\n|j|\u2606meloprince\n|t:|1699122211\n|gametype|singles\n|player|p1|Rats and cheese|2|1053\n|player|p2|meloprince|266|1030\n|teamsize|p1|6\n|teamsize|p2|3\n|gen|9\n|tier|[Gen 9] Anything Goes\n|rated|\n|rule|HP Percentage Mod: HP is shown in percentages\n|rule|Endless Battle Clause: Forcing endless battles is banned\n|clearpoke\n|poke|p1|Shaymin-Sky|\n|poke|p1|Amoonguss, M|\n|poke|p1|Braviary, M|\n|poke|p1|Vikavolt, M|\n|poke|p1|Carbink|\n|poke|p1|Delphox, F|\n|poke|p2|Poliwrath, F|\n|poke|p2|Ambipom, F|\n|poke|p2|Greedent, M|\n|teampreview\n|\n|t:|1699122215\n|start\n|switch|p1a: Carbink|Carbink|100\/100\n|switch|p2a: Greedent|Greedent, M, shiny|100\/100\n|turn|1\n|\n|t:|1699122222\n|move|p1a: Carbink|Spikes|p2a: Greedent\n|-sidestart|p2: meloprince|Spikes\n|move|p2a: Greedent|Belly Drum|p2a: Greedent\n|-damage|p2a: Greedent|50\/100\n|-setboost|p2a: Greedent|atk|6|[from] move: Belly Drum\n|-enditem|p2a: Greedent|Sitrus Berry|[eat]\n|-heal|p2a: Greedent|75\/100|[from] item: Sitrus Berry\n|-heal|p2a: Greedent|100\/100|[from] ability: Cheek Pouch\n|\n|upkeep\n|turn|2\n|\n|t:|1699122234\n|move|p1a: Carbink|Stealth Rock|p2a: Greedent\n|-sidestart|p2: meloprince|move: Stealth Rock\n|move|p2a: Greedent|Last Resort|p1a: Carbink\n|-resisted|p1a: Carbink\n|-damage|p1a: Carbink|18\/100\n|\n|upkeep\n|turn|3\n|\n|t:|1699122239\n|move|p1a: Carbink|Spikes|p2a: Greedent\n|-sidestart|p2: meloprince|Spikes\n|move|p2a: Greedent|Last Resort|p1a: Carbink\n|-resisted|p1a: Carbink\n|-damage|p1a: Carbink|0 fnt\n|faint|p1a: Carbink\n|\n|upkeep\n|\n|t:|1699122246\n|switch|p1a: Braviary|Braviary, M|100\/100\n|turn|4\n|\n|t:|1699122253\n|move|p2a: Greedent|Last Resort|p1a: Braviary\n|-damage|p1a: Braviary|0 fnt\n|faint|p1a: Braviary\n|\n|upkeep\n|\n|t:|1699122259\n|switch|p1a: Amoonguss|Amoonguss, M|100\/100\n|turn|5\n|\n|t:|1699122261\n|move|p1a: Amoonguss|Spore|p2a: Greedent\n|-status|p2a: Greedent|slp|[from] move: Spore\n|cant|p2a: Greedent|slp\n|\n|upkeep\n|turn|6\n|\n|t:|1699122267\n|move|p1a: Amoonguss|Substitute|p1a: Amoonguss\n|-start|p1a: Amoonguss|Substitute\n|-damage|p1a: Amoonguss|76\/100\n|-curestatus|p2a: Greedent|slp|[msg]\n|move|p2a: Greedent|Last Resort|p1a: Amoonguss\n|-end|p1a: Amoonguss|Substitute\n|\n|upkeep\n|turn|7\n|\n|t:|1699122276\n|move|p1a: Amoonguss|Spore|p2a: Greedent\n|-status|p2a: Greedent|slp|[from] move: Spore\n|cant|p2a: Greedent|slp\n|\n|upkeep\n|turn|8\n|\n|t:|1699122282\n|move|p1a: Amoonguss|Substitute|p1a: Amoonguss\n|-start|p1a: Amoonguss|Substitute\n|-damage|p1a: Amoonguss|51\/100\n|cant|p2a: Greedent|slp\n|\n|upkeep\n|turn|9\n|\n|t:|1699122287\n|move|p1a: Amoonguss|Giga Drain|p2a: Greedent\n|-damage|p2a: Greedent|81\/100 slp\n|-heal|p1a: Amoonguss|61\/100|[from] drain|[of] p2a: Greedent\n|cant|p2a: Greedent|slp\n|\n|upkeep\n|turn|10\n|\n|t:|1699122293\n|move|p1a: Amoonguss|Giga Drain|p2a: Greedent\n|-crit|p2a: Greedent\n|-damage|p2a: Greedent|51\/100 slp\n|-heal|p1a: Amoonguss|75\/100|[from] drain|[of] p2a: Greedent\n|-curestatus|p2a: Greedent|slp|[msg]\n|move|p2a: Greedent|Last Resort|p1a: Amoonguss\n|-end|p1a: Amoonguss|Substitute\n|\n|upkeep\n|turn|11\n|\n|t:|1699122302\n|move|p1a: Amoonguss|Spore|p2a: Greedent\n|-status|p2a: Greedent|slp|[from] move: Spore\n|cant|p2a: Greedent|slp\n|\n|upkeep\n|turn|12\n|\n|t:|1699122308\n|move|p1a: Amoonguss|Substitute|p1a: Amoonguss\n|-start|p1a: Amoonguss|Substitute\n|-damage|p1a: Amoonguss|51\/100\n|-curestatus|p2a: Greedent|slp|[msg]\n|move|p2a: Greedent|Last Resort|p1a: Amoonguss\n|-end|p1a: Amoonguss|Substitute\n|\n|upkeep\n|turn|13\n|\n|t:|1699122316\n|move|p1a: Amoonguss|Spore|p2a: Greedent\n|-status|p2a: Greedent|slp|[from] move: Spore\n|cant|p2a: Greedent|slp\n|\n|upkeep\n|turn|14\n|\n|t:|1699122322\n|move|p1a: Amoonguss|Substitute|p1a: Amoonguss\n|-start|p1a: Amoonguss|Substitute\n|-damage|p1a: Amoonguss|26\/100\n|cant|p2a: Greedent|slp\n|\n|upkeep\n|turn|15\n|\n|t:|1699122327\n|move|p1a: Amoonguss|Giga Drain|p2a: Greedent\n|-damage|p2a: Greedent|33\/100 slp\n|-heal|p1a: Amoonguss|35\/100|[from] drain|[of] p2a: Greedent\n|-curestatus|p2a: Greedent|slp|[msg]\n|move|p2a: Greedent|Last Resort|p1a: Amoonguss\n|-end|p1a: Amoonguss|Substitute\n|\n|upkeep\n|turn|16\n|\n|t:|1699122336\n|move|p1a: Amoonguss|Spore|p2a: Greedent\n|-status|p2a: Greedent|slp|[from] move: Spore\n|cant|p2a: Greedent|slp\n|\n|upkeep\n|turn|17\n|\n|t:|1699122343\n|switch|p2a: Poliwrath|Poliwrath, F, shiny|100\/100\n|-damage|p2a: Poliwrath|84\/100|[from] Spikes\n|-damage|p2a: Poliwrath|78\/100|[from] Stealth Rock\n|move|p1a: Amoonguss|Giga Drain|p2a: Poliwrath\n|-supereffective|p2a: Poliwrath\n|-damage|p2a: Poliwrath|28\/100\n|-heal|p1a: Amoonguss|56\/100|[from] drain|[of] p2a: Poliwrath\n|\n|upkeep\n|turn|18\n|\n|t:|1699122353\n|move|p2a: Poliwrath|Ice Punch|p1a: Amoonguss\n|-supereffective|p1a: Amoonguss\n|-damage|p1a: Amoonguss|0 fnt\n|faint|p1a: Amoonguss\n|-damage|p2a: Poliwrath|18\/100|[from] item: Life Orb\n|\n|upkeep\n|\n|t:|1699122359\n|switch|p1a: Shaymin|Shaymin-Sky|100\/100\n|turn|19\n|\n|t:|1699122364\n|move|p1a: Shaymin|Air Slash|p2a: Poliwrath\n|-supereffective|p2a: Poliwrath\n|-damage|p2a: Poliwrath|0 fnt\n|faint|p2a: Poliwrath\n|\n|upkeep\n|\n|t:|1699122369\n|switch|p2a: Ambipom|Ambipom, F|100\/100\n|-damage|p2a: Ambipom|84\/100|[from] Spikes\n|-damage|p2a: Ambipom|72\/100|[from] Stealth Rock\n|turn|20\n|\n|t:|1699122374\n|move|p2a: Ambipom|Fake Out|p1a: Shaymin\n|-damage|p1a: Shaymin|67\/100\n|cant|p1a: Shaymin|flinch\n|\n|-heal|p1a: Shaymin|73\/100|[from] item: Leftovers\n|upkeep\n|turn|21\n|\n|t:|1699122380\n|-terastallize|p2a: Ambipom|Normal\n|move|p2a: Ambipom|Last Resort|p1a: Shaymin\n|-damage|p1a: Shaymin|0 fnt\n|faint|p1a: Shaymin\n|\n|upkeep\n|\n|t:|1699122386\n|switch|p1a: Delphox|Delphox, F|100\/100\n|turn|22\n|\n|t:|1699122391\n|switch|p2a: Greedent|Greedent, M, shiny|33\/100 slp\n|-damage|p2a: Greedent|16\/100 slp|[from] Spikes\n|-damage|p2a: Greedent|4\/100 slp|[from] Stealth Rock\n|move|p1a: Delphox|Fire Blast|p2a: Greedent|[miss]\n|-miss|p1a: Delphox|p2a: Greedent\n|\n|upkeep\n|turn|23\n|\n|t:|1699122400\n|move|p1a: Delphox|Psychic|p2a: Greedent\n|-damage|p2a: Greedent|0 fnt\n|faint|p2a: Greedent\n|\n|upkeep\n|\n|t:|1699122403\n|switch|p2a: Ambipom|Ambipom, F, tera:Normal|72\/100\n|-damage|p2a: Ambipom|55\/100|[from] Spikes\n|-damage|p2a: Ambipom|43\/100|[from] Stealth Rock\n|turn|24\n|\n|t:|1699122409\n|move|p2a: Ambipom|Fake Out|p1a: Delphox\n|-damage|p1a: Delphox|48\/100\n|cant|p1a: Delphox|flinch\n|\n|upkeep\n|turn|25\n|\n|t:|1699122415\n|switch|p1a: Vikavolt|Vikavolt, M|100\/100\n|move|p2a: Ambipom|Last Resort|p1a: Vikavolt\n|-enditem|p1a: Vikavolt|Focus Sash\n|-damage|p1a: Vikavolt|1\/100\n|\n|upkeep\n|turn|26\n|\n|t:|1699122423\n|move|p2a: Ambipom|Last Resort|p1a: Vikavolt\n|-damage|p1a: Vikavolt|0 fnt\n|faint|p1a: Vikavolt\n|\n|upkeep\n|\n|t:|1699122428\n|switch|p1a: Delphox|Delphox, F|48\/100\n|turn|27\n|\n|t:|1699122430\n|move|p2a: Ambipom|Last Resort|p1a: Delphox\n|-damage|p1a: Delphox|0 fnt\n|faint|p1a: Delphox\n|\n|win|meloprince\n|raw|Rats and cheese's rating: 1053 &rarr; <strong>1034<\/strong><br \/>(-19 for losing)\n|raw|meloprince's rating: 1030 &rarr; <strong>1068<\/strong><br \/>(+38 for winning)\n","uploadtime":1699122437,"views":6,"p1id":"ratsandcheese","p2id":"meloprince","formatid":"gen9anythinggoes","rating":1034,"private":0,"password":""}