{"id":"gen9anythinggoes-1972921822","p1":"Mothstalgia","p2":"OllanBollan","format":"[Gen 9] Anything Goes","log":"|j|\u2606Mothstalgia\n|j|\u2606OllanBollan\n|t:|1697909147\n|gametype|singles\n|player|p1|Mothstalgia|rei|1084\n|player|p2|OllanBollan|101|1154\n|teamsize|p1|6\n|teamsize|p2|6\n|gen|9\n|tier|[Gen 9] Anything Goes\n|rated|\n|rule|HP Percentage Mod: HP is shown in percentages\n|rule|Endless Battle Clause: Forcing endless battles is banned\n|clearpoke\n|poke|p1|Magearna|\n|poke|p1|Clefable, M|\n|poke|p1|Quagsire, M|\n|poke|p1|Dudunsparce-*, M|\n|poke|p1|Skeledirge, F|\n|poke|p1|Drifblim, M|\n|poke|p2|Scream Tail|\n|poke|p2|Dragapult, M|\n|poke|p2|Ursaluna-Bloodmoon, M|\n|poke|p2|Gholdengo|\n|poke|p2|Ting-Lu|\n|poke|p2|Koraidon|\n|teampreview\n|\n|t:|1697909156\n|start\n|switch|p1a: Drifblim|Drifblim, M|100\/100\n|switch|p2a: Ting-Lu|Ting-Lu|100\/100\n|-ability|p2a: Ting-Lu|Vessel of Ruin\n|turn|1\n|\n|t:|1697909165\n|move|p1a: Drifblim|Minimize|p1a: Drifblim\n|-boost|p1a: Drifblim|evasion|2\n|move|p2a: Ting-Lu|Stealth Rock|p1a: Drifblim\n|-sidestart|p1: Mothstalgia|move: Stealth Rock\n|\n|upkeep\n|turn|2\n|\n|t:|1697909172\n|move|p1a: Drifblim|Minimize|p1a: Drifblim\n|-boost|p1a: Drifblim|evasion|2\n|move|p2a: Ting-Lu|Whirlwind|p1a: Drifblim\n|drag|p1a: Skeledirge|Skeledirge, F|100\/100\n|-damage|p1a: Skeledirge|75\/100|[from] Stealth Rock\n|\n|-heal|p1a: Skeledirge|82\/100|[from] item: Leftovers\n|upkeep\n|turn|3\n|\n|t:|1697909192\n|move|p1a: Skeledirge|Seed Bomb|p2a: Ting-Lu\n|-supereffective|p2a: Ting-Lu\n|-damage|p2a: Ting-Lu|89\/100\n|move|p2a: Ting-Lu|Whirlwind|p1a: Skeledirge\n|drag|p1a: Dudunsparce|Dudunsparce, M|100\/100\n|-damage|p1a: Dudunsparce|88\/100|[from] Stealth Rock\n|\n|-heal|p1a: Dudunsparce|94\/100|[from] item: Leftovers\n|-heal|p2a: Ting-Lu|95\/100|[from] item: Leftovers\n|upkeep\n|turn|4\n|\n|t:|1697909207\n|move|p1a: Dudunsparce|Boomburst|p2a: Ting-Lu\n|-damage|p2a: Ting-Lu|68\/100\n|move|p2a: Ting-Lu|Ruination|p1a: Dudunsparce\n|-damage|p1a: Dudunsparce|47\/100\n|-ability|p1a: Dudunsparce|Rattled|boost\n|-boost|p1a: Dudunsparce|spe|1\n|\n|-heal|p1a: Dudunsparce|54\/100|[from] item: Leftovers\n|-heal|p2a: Ting-Lu|74\/100|[from] item: Leftovers\n|upkeep\n|turn|5\n|\n|t:|1697909219\n|move|p1a: Dudunsparce|Roost|p1a: Dudunsparce\n|-heal|p1a: Dudunsparce|100\/100\n|-singleturn|p1a: Dudunsparce|move: Roost\n|move|p2a: Ting-Lu|Whirlwind|p1a: Dudunsparce\n|drag|p1a: Magearna|Magearna|100\/100\n|-damage|p1a: Magearna|94\/100|[from] Stealth Rock\n|\n|-heal|p2a: Ting-Lu|81\/100|[from] item: Leftovers\n|upkeep\n|turn|6\n|\n|t:|1697909234\n|move|p1a: Magearna|Dazzling Gleam|p2a: Ting-Lu\n|-supereffective|p2a: Ting-Lu\n|-damage|p2a: Ting-Lu|36\/100\n|move|p2a: Ting-Lu|Ruination|p1a: Magearna\n|-damage|p1a: Magearna|47\/100\n|\n|-heal|p2a: Ting-Lu|43\/100|[from] item: Leftovers\n|upkeep\n|turn|7\n|\n|t:|1697909254\n|move|p2a: Ting-Lu|Protect|p2a: Ting-Lu\n|-singleturn|p2a: Ting-Lu|Protect\n|move|p1a: Magearna|Dazzling Gleam|p2a: Ting-Lu\n|-activate|p2a: Ting-Lu|move: Protect\n|\n|-heal|p2a: Ting-Lu|49\/100|[from] item: Leftovers\n|upkeep\n|turn|8\n|\n|t:|1697909264\n|move|p1a: Magearna|Dazzling Gleam|p2a: Ting-Lu\n|-supereffective|p2a: Ting-Lu\n|-damage|p2a: Ting-Lu|0 fnt\n|faint|p2a: Ting-Lu\n|-ability|p1a: Magearna|Soul-Heart|boost\n|-boost|p1a: Magearna|spa|1\n|\n|upkeep\n|\n|t:|1697909270\n|switch|p2a: Master Mic|Scream Tail|100\/100\n|turn|9\n|\n|t:|1697909280\n|move|p2a: Master Mic|Calm Mind|p2a: Master Mic\n|-boost|p2a: Master Mic|spa|1\n|-boost|p2a: Master Mic|spd|1\n|move|p1a: Magearna|Shift Gear|p1a: Magearna\n|-boost|p1a: Magearna|spe|2\n|-boost|p1a: Magearna|atk|1\n|\n|upkeep\n|turn|10\n|\n|t:|1697909289\n|move|p1a: Magearna|Calm Mind|p1a: Magearna\n|-boost|p1a: Magearna|spa|1\n|-boost|p1a: Magearna|spd|1\n|move|p2a: Master Mic|Calm Mind|p2a: Master Mic\n|-boost|p2a: Master Mic|spa|1\n|-boost|p2a: Master Mic|spd|1\n|\n|upkeep\n|turn|11\n|\n|t:|1697909298\n|move|p1a: Magearna|Calm Mind|p1a: Magearna\n|-boost|p1a: Magearna|spa|1\n|-boost|p1a: Magearna|spd|1\n|move|p2a: Master Mic|Calm Mind|p2a: Master Mic\n|-boost|p2a: Master Mic|spa|1\n|-boost|p2a: Master Mic|spd|1\n|\n|upkeep\n|turn|12\n|\n|t:|1697909309\n|move|p1a: Magearna|Shift Gear|p1a: Magearna\n|-boost|p1a: Magearna|spe|2\n|-boost|p1a: Magearna|atk|1\n|move|p2a: Master Mic|Calm Mind|p2a: Master Mic\n|-boost|p2a: Master Mic|spa|1\n|-boost|p2a: Master Mic|spd|1\n|\n|upkeep\n|turn|13\n|\n|t:|1697909318\n|move|p1a: Magearna|Calm Mind|p1a: Magearna\n|-boost|p1a: Magearna|spa|1\n|-boost|p1a: Magearna|spd|1\n|move|p2a: Master Mic|Calm Mind|p2a: Master Mic\n|-boost|p2a: Master Mic|spa|1\n|-boost|p2a: Master Mic|spd|1\n|\n|upkeep\n|turn|14\n|\n|t:|1697909331\n|move|p1a: Magearna|Baton Pass|p1a: Magearna\n|\n|t:|1697909344\n|switch|p1a: Quagsire|Quagsire, M, shiny|100\/100|[from] Baton Pass\n|-damage|p1a: Quagsire|94\/100|[from] Stealth Rock\n|move|p2a: Master Mic|Calm Mind|p2a: Master Mic\n|-boost|p2a: Master Mic|spa|1\n|-boost|p2a: Master Mic|spd|1\n|\n|-heal|p1a: Quagsire|100\/100|[from] item: Leftovers\n|upkeep\n|turn|15\n|\n|t:|1697909358\n|move|p1a: Quagsire|Earthquake|p2a: Master Mic\n|-damage|p2a: Master Mic|59\/100\n|move|p2a: Master Mic|Baton Pass|p2a: Master Mic\n|\n|t:|1697909365\n|-end|p2a: Master Mic|Protosynthesis|[silent]\n|switch|p2a: Big Bad|Ursaluna-Bloodmoon, M|100\/100|[from] Baton Pass\n|\n|upkeep\n|turn|16\n|\n|t:|1697909376\n|move|p1a: Quagsire|Toxic|p2a: Big Bad\n|-status|p2a: Big Bad|tox\n|move|p2a: Big Bad|Blood Moon|p1a: Quagsire\n|-damage|p1a: Quagsire|58\/100\n|\n|-heal|p1a: Quagsire|64\/100|[from] item: Leftovers\n|-damage|p2a: Big Bad|95\/100 tox|[from] psn\n|upkeep\n|turn|17\n|\n|t:|1697909389\n|move|p1a: Quagsire|Earthquake|p2a: Big Bad\n|-damage|p2a: Big Bad|55\/100 tox\n|move|p2a: Big Bad|Rest|p2a: Big Bad\n|-status|p2a: Big Bad|slp|[from] move: Rest\n|-heal|p2a: Big Bad|100\/100 slp|[silent]\n|\n|-heal|p1a: Quagsire|70\/100|[from] item: Leftovers\n|upkeep\n|turn|18\n|\n|t:|1697909401\n|move|p1a: Quagsire|Earthquake|p2a: Big Bad\n|-damage|p2a: Big Bad|63\/100 slp\n|cant|p2a: Big Bad|slp\n|move|p2a: Big Bad|Snore|p1a: Quagsire\n|-damage|p1a: Quagsire|55\/100\n|\n|-heal|p1a: Quagsire|61\/100|[from] item: Leftovers\n|upkeep\n|turn|19\n|\n|t:|1697909411\n|move|p1a: Quagsire|Earthquake|p2a: Big Bad\n|-damage|p2a: Big Bad|23\/100 slp\n|cant|p2a: Big Bad|slp\n|move|p2a: Big Bad|Snore|p1a: Quagsire\n|-damage|p1a: Quagsire|45\/100\n|\n|-heal|p1a: Quagsire|52\/100|[from] item: Leftovers\n|upkeep\n|turn|20\n|\n|t:|1697909422\n|-terastallize|p2a: Big Bad|Ground\n|move|p1a: Quagsire|Earthquake|p2a: Big Bad\n|-damage|p2a: Big Bad|0 fnt\n|faint|p2a: Big Bad\n|\n|-heal|p1a: Quagsire|58\/100|[from] item: Leftovers\n|upkeep\n|\n|t:|1697909434\n|switch|p2a: Evil Drake|Dragapult, M, shiny|100\/100\n|turn|21\n|\n|t:|1697909443\n|move|p2a: Evil Drake|Phantom Force||[still]\n|-prepare|p2a: Evil Drake|Phantom Force\n|move|p1a: Quagsire|Recover|p1a: Quagsire\n|-heal|p1a: Quagsire|100\/100\n|\n|upkeep\n|turn|22\n|\n|t:|1697909450\n|move|p2a: Evil Drake|Phantom Force|p1a: Quagsire|[from]lockedmove\n|-damage|p1a: Quagsire|72\/100\n|move|p1a: Quagsire|Ice Beam|p2a: Evil Drake\n|-supereffective|p2a: Evil Drake\n|-damage|p2a: Evil Drake|0 fnt\n|faint|p2a: Evil Drake\n|\n|-heal|p1a: Quagsire|78\/100|[from] item: Leftovers\n|upkeep\n|\n|t:|1697909458\n|switch|p2a: Gholgungo|Gholdengo|100\/100\n|turn|23\n|\n|t:|1697909464\n|move|p1a: Quagsire|Earthquake|p2a: Gholgungo\n|-supereffective|p2a: Gholgungo\n|-damage|p2a: Gholgungo|0 fnt\n|faint|p2a: Gholgungo\n|\n|-heal|p1a: Quagsire|85\/100|[from] item: Leftovers\n|upkeep\n|\n|t:|1697909471\n|switch|p2a: dagon|Koraidon|100\/100\n|-weather|SunnyDay|[from] ability: Orichalcum Pulse|[of] p2a: dagon\n|-activate|p2a: dagon|Orichalcum Pulse|[source]\n|turn|24\n|\n|t:|1697909478\n|move|p2a: dagon|Collision Course|p1a: Quagsire\n|-crit|p1a: Quagsire\n|-damage|p1a: Quagsire|15\/100\n|move|p1a: Quagsire|Ice Beam|p2a: dagon\n|-supereffective|p2a: dagon\n|-damage|p2a: dagon|44\/100\n|\n|-weather|SunnyDay|[upkeep]\n|-heal|p1a: Quagsire|21\/100|[from] item: Leftovers\n|upkeep\n|turn|25\n|\n|t:|1697909497\n|move|p2a: dagon|Drain Punch|p1a: Quagsire\n|-damage|p1a: Quagsire|0 fnt\n|-heal|p2a: dagon|56\/100|[from] drain|[of] p1a: Quagsire\n|faint|p1a: Quagsire\n|\n|-weather|SunnyDay|[upkeep]\n|upkeep\n|\n|t:|1697909515\n|switch|p1a: Clefable|Clefable, M, shiny|100\/100\n|turn|26\n|\n|t:|1697909522\n|move|p2a: dagon|Drain Punch|p1a: Clefable\n|-resisted|p1a: Clefable\n|-damage|p1a: Clefable|71\/100\n|-heal|p2a: dagon|73\/100|[from] drain|[of] p1a: Clefable\n|-enditem|p1a: Clefable|Red Card|[of] p2a: dagon\n|drag|p2a: Master Mic|Scream Tail|59\/100\n|-activate|p2a: Master Mic|ability: Protosynthesis\n|-start|p2a: Master Mic|protosynthesisspd\n|move|p1a: Clefable|Cosmic Power|p1a: Clefable\n|-boost|p1a: Clefable|def|1\n|-boost|p1a: Clefable|spd|1\n|\n|-weather|SunnyDay|[upkeep]\n|upkeep\n|turn|27\n|\n|t:|1697909538\n|move|p2a: Master Mic|Calm Mind|p2a: Master Mic\n|-boost|p2a: Master Mic|spa|1\n|-boost|p2a: Master Mic|spd|1\n|move|p1a: Clefable|Cosmic Power|p1a: Clefable\n|-boost|p1a: Clefable|def|1\n|-boost|p1a: Clefable|spd|1\n|\n|-weather|SunnyDay|[upkeep]\n|upkeep\n|turn|28\n|\n|t:|1697909547\n|move|p2a: Master Mic|Calm Mind|p2a: Master Mic\n|-boost|p2a: Master Mic|spa|1\n|-boost|p2a: Master Mic|spd|1\n|move|p1a: Clefable|Wish|p1a: Clefable\n|\n|-weather|none\n|-end|p2a: Master Mic|Protosynthesis\n|upkeep\n|turn|29\n|\n|t:|1697909557\n|move|p2a: Master Mic|Calm Mind|p2a: Master Mic\n|-boost|p2a: Master Mic|spa|1\n|-boost|p2a: Master Mic|spd|1\n|move|p1a: Clefable|Baton Pass|p1a: Clefable\n|\n|t:|1697909567\n|switch|p1a: Skeledirge|Skeledirge, F|82\/100|[from] Baton Pass\n|-damage|p1a: Skeledirge|57\/100|[from] Stealth Rock\n|\n|-heal|p1a: Skeledirge|100\/100|[from] move: Wish|[wisher] Clefable\n|upkeep\n|turn|30\n|\n|t:|1697909581\n|move|p2a: Master Mic|Baton Pass|p2a: Master Mic\n|\n|t:|1697909584\n|-end|p2a: Master Mic|Protosynthesis|[silent]\n|switch|p2a: dagon|Koraidon|73\/100|[from] Baton Pass\n|-weather|SunnyDay|[from] ability: Orichalcum Pulse|[of] p2a: dagon\n|-activate|p2a: dagon|Orichalcum Pulse|[source]\n|move|p1a: Skeledirge|Torch Song|p2a: dagon\n|-resisted|p2a: dagon\n|-damage|p2a: dagon|59\/100\n|-boost|p1a: Skeledirge|spa|1\n|\n|-weather|SunnyDay|[upkeep]\n|upkeep\n|turn|31\n|\n|t:|1697909602\n|-terastallize|p1a: Skeledirge|Water\n|move|p2a: dagon|Dragon Claw|p1a: Skeledirge\n|-damage|p1a: Skeledirge|84\/100\n|move|p1a: Skeledirge|Shadow Ball|p2a: dagon\n|-damage|p2a: dagon|31\/100\n|\n|-weather|SunnyDay|[upkeep]\n|-heal|p1a: Skeledirge|90\/100|[from] item: Leftovers\n|upkeep\n|turn|32\n|\n|t:|1697909617\n|move|p2a: dagon|Drain Punch|p1a: Skeledirge\n|-damage|p1a: Skeledirge|74\/100\n|-heal|p2a: dagon|41\/100|[from] drain|[of] p1a: Skeledirge\n|move|p1a: Skeledirge|Shadow Ball|p2a: dagon\n|-damage|p2a: dagon|13\/100\n|\n|-weather|SunnyDay|[upkeep]\n|-heal|p1a: Skeledirge|80\/100|[from] item: Leftovers\n|upkeep\n|turn|33\n|\n|t:|1697909628\n|move|p2a: dagon|Collision Course|p1a: Skeledirge\n|-damage|p1a: Skeledirge|56\/100\n|move|p1a: Skeledirge|Shadow Ball|p2a: dagon\n|-damage|p2a: dagon|0 fnt\n|faint|p2a: dagon\n|\n|-weather|SunnyDay|[upkeep]\n|-heal|p1a: Skeledirge|62\/100|[from] item: Leftovers\n|upkeep\n|\n|t:|1697909644\n|switch|p2a: Master Mic|Scream Tail|59\/100\n|-activate|p2a: Master Mic|ability: Protosynthesis\n|-start|p2a: Master Mic|protosynthesisspd\n|turn|34\n|\n|t:|1697909657\n|move|p2a: Master Mic|Baton Pass||[still]\n|-fail|p2a: Master Mic\n|move|p1a: Skeledirge|Shadow Ball|p2a: Master Mic\n|-supereffective|p2a: Master Mic\n|-damage|p2a: Master Mic|11\/100\n|\n|-weather|none\n|-end|p2a: Master Mic|Protosynthesis\n|-heal|p1a: Skeledirge|68\/100|[from] item: Leftovers\n|upkeep\n|turn|35\n|c|\u2606Mothstalgia|gg\n|\n|t:|1697909669\n|move|p2a: Master Mic|Reflect|p2a: Master Mic\n|-sidestart|p2: OllanBollan|Reflect\n|move|p1a: Skeledirge|Torch Song|p2a: Master Mic\n|-damage|p2a: Master Mic|0 fnt\n|-boost|p1a: Skeledirge|spa|1\n|faint|p2a: Master Mic\n|-end|p2a: Master Mic|Protosynthesis|[silent]\n|\n|win|Mothstalgia\n|raw|Mothstalgia's rating: 1084 &rarr; <strong>1117<\/strong><br \/>(+33 for winning)\n|raw|OllanBollan's rating: 1154 &rarr; <strong>1124<\/strong><br \/>(-30 for losing)\n","uploadtime":1697909682,"views":8,"p1id":"mothstalgia","p2id":"ollanbollan","formatid":"gen9anythinggoes","rating":1117,"private":0,"password":""}