{"id":"gen9anythinggoes-1975390161","p1":"Raymond R3ddington","p2":"YoungEsq","format":"[Gen 9] Anything Goes","log":"|j|\u2606Raymond R3ddington\n|j|\u2606YoungEsq\n|t:|1698186162\n|gametype|singles\n|player|p1|Raymond R3ddington|giovanni|1378\n|player|p2|YoungEsq|1|1450\n|teamsize|p1|6\n|teamsize|p2|6\n|gen|9\n|tier|[Gen 9] Anything Goes\n|rated|\n|rule|HP Percentage Mod: HP is shown in percentages\n|rule|Endless Battle Clause: Forcing endless battles is banned\n|clearpoke\n|poke|p1|Greninja-*, M|\n|poke|p1|Dragapult, F|\n|poke|p1|Baxcalibur, F|\n|poke|p1|Chandelure, F|\n|poke|p1|Drifblim, F|\n|poke|p1|Miraidon|\n|poke|p2|Ting-Lu|\n|poke|p2|Gholdengo|\n|poke|p2|Roaring Moon|\n|poke|p2|Chi-Yu|\n|poke|p2|Samurott-Hisui, M|\n|poke|p2|Mandibuzz, F|\n|teampreview\n|inactive|Battle timer is ON: inactive players will automatically lose when time's up. (requested by Raymond R3ddington)\n|\n|t:|1698186180\n|start\n|switch|p1a: Baxcalibur|Baxcalibur, F|100\/100\n|switch|p2a: Ting-Lu|Ting-Lu|100\/100\n|-ability|p2a: Ting-Lu|Vessel of Ruin\n|turn|1\n|\n|t:|1698186189\n|move|p1a: Baxcalibur|Dragon Dance|p1a: Baxcalibur\n|-boost|p1a: Baxcalibur|atk|1\n|-boost|p1a: Baxcalibur|spe|1\n|move|p2a: Ting-Lu|Whirlwind|p1a: Baxcalibur\n|drag|p1a: Miraidon|Miraidon|100\/100\n|-fieldstart|move: Electric Terrain|[from] ability: Hadron Engine|[of] p1a: Miraidon\n|\n|upkeep\n|turn|2\n|\n|t:|1698186209\n|move|p1a: Miraidon|Dazzling Gleam|p2a: Ting-Lu\n|-supereffective|p2a: Ting-Lu\n|-damage|p2a: Ting-Lu|69\/100\n|move|p2a: Ting-Lu|Stealth Rock|p1a: Miraidon\n|-sidestart|p1: Raymond R3ddington|move: Stealth Rock\n|\n|-heal|p2a: Ting-Lu|75\/100|[from] item: Leftovers\n|upkeep\n|turn|3\n|\n|t:|1698186215\n|move|p1a: Miraidon|Dazzling Gleam|p2a: Ting-Lu\n|-supereffective|p2a: Ting-Lu\n|-damage|p2a: Ting-Lu|43\/100\n|move|p2a: Ting-Lu|Earthquake|p1a: Miraidon\n|-supereffective|p1a: Miraidon\n|-damage|p1a: Miraidon|23\/100\n|\n|-heal|p2a: Ting-Lu|49\/100|[from] item: Leftovers\n|upkeep\n|turn|4\n|inactive|Raymond R3ddington has 120 seconds left.\n|\n|t:|1698186266\n|move|p1a: Miraidon|Dazzling Gleam|p2a: Ting-Lu\n|-supereffective|p2a: Ting-Lu\n|-damage|p2a: Ting-Lu|16\/100\n|move|p2a: Ting-Lu|Earthquake|p1a: Miraidon\n|-supereffective|p1a: Miraidon\n|-damage|p1a: Miraidon|0 fnt\n|faint|p1a: Miraidon\n|\n|-heal|p2a: Ting-Lu|22\/100|[from] item: Leftovers\n|upkeep\n|\n|t:|1698186270\n|switch|p1a: Greninja|Greninja, M|100\/100\n|-damage|p1a: Greninja|88\/100|[from] Stealth Rock\n|turn|5\n|\n|t:|1698186277\n|switch|p2a: Samurott|Samurott-Hisui, M|100\/100\n|move|p1a: Greninja|Ice Beam|p2a: Samurott\n|-resisted|p2a: Samurott\n|-damage|p2a: Samurott|86\/100\n|\n|-fieldend|move: Electric Terrain\n|upkeep\n|turn|6\n|inactive|Raymond R3ddington has 120 seconds left.\n|\n|t:|1698186292\n|move|p1a: Greninja|Water Shuriken|p2a: Samurott\n|-resisted|p2a: Samurott\n|-damage|p2a: Samurott|82\/100\n|-resisted|p2a: Samurott\n|-damage|p2a: Samurott|78\/100\n|-resisted|p2a: Samurott\n|-damage|p2a: Samurott|75\/100\n|-resisted|p2a: Samurott\n|-damage|p2a: Samurott|71\/100\n|-hitcount|p2a: Samurott|4\n|move|p2a: Samurott|Ceaseless Edge|p1a: Greninja\n|-resisted|p1a: Greninja\n|-damage|p1a: Greninja|55\/100\n|-sidestart|p1: Raymond R3ddington|Spikes\n|\n|upkeep\n|turn|7\n|\n|t:|1698186301\n|move|p1a: Greninja|Ice Beam|p2a: Samurott\n|-resisted|p2a: Samurott\n|-damage|p2a: Samurott|58\/100\n|move|p2a: Samurott|Ceaseless Edge|p1a: Greninja\n|-resisted|p1a: Greninja\n|-damage|p1a: Greninja|17\/100\n|-sidestart|p1: Raymond R3ddington|Spikes\n|\n|upkeep\n|turn|8\n|inactive|Raymond R3ddington has 120 seconds left.\n|inactive|Raymond R3ddington has 90 seconds left.\n|\n|t:|1698186361\n|move|p1a: Greninja|Ice Beam|p2a: Samurott\n|-resisted|p2a: Samurott\n|-damage|p2a: Samurott|44\/100\n|move|p2a: Samurott|Ceaseless Edge|p1a: Greninja\n|-resisted|p1a: Greninja\n|-damage|p1a: Greninja|0 fnt\n|-sidestart|p1: Raymond R3ddington|Spikes\n|faint|p1a: Greninja\n|\n|upkeep\n|inactive|Raymond R3ddington has 60 seconds left.\n|\n|t:|1698186373\n|switch|p1a: Drifblim|Drifblim, F|100\/100\n|-damage|p1a: Drifblim|75\/100|[from] Stealth Rock\n|turn|9\n|\n|t:|1698186379\n|switch|p2a: Ting-Lu|Ting-Lu|22\/100\n|-ability|p2a: Ting-Lu|Vessel of Ruin\n|move|p1a: Drifblim|Minimize|p1a: Drifblim\n|-boost|p1a: Drifblim|evasion|2\n|\n|-heal|p2a: Ting-Lu|28\/100|[from] item: Leftovers\n|upkeep\n|turn|10\n|\n|t:|1698186386\n|move|p1a: Drifblim|Acrobatics|p2a: Ting-Lu\n|-damage|p2a: Ting-Lu|20\/100\n|move|p2a: Ting-Lu|Whirlwind|p1a: Drifblim\n|drag|p1a: Dragapult|Dragapult, F, shiny|100\/100\n|-damage|p1a: Dragapult|88\/100|[from] Stealth Rock\n|-damage|p1a: Dragapult|63\/100|[from] Spikes\n|\n|-heal|p1a: Dragapult|69\/100|[from] item: Leftovers\n|-heal|p2a: Ting-Lu|26\/100|[from] item: Leftovers\n|upkeep\n|turn|11\n|\n|t:|1698186392\n|move|p1a: Dragapult|Dragon Darts|p2a: Ting-Lu\n|-damage|p2a: Ting-Lu|13\/100\n|-anim|p1a: Dragapult|Dragon Darts|p2a: Ting-Lu\n|-damage|p2a: Ting-Lu|0 fnt\n|faint|p2a: Ting-Lu\n|\n|-heal|p1a: Dragapult|75\/100|[from] item: Leftovers\n|upkeep\n|\n|t:|1698186406\n|switch|p2a: Chi-Yu|Chi-Yu|100\/100\n|-ability|p2a: Chi-Yu|Beads of Ruin\n|turn|12\n|\n|t:|1698186411\n|move|p2a: Chi-Yu|Dark Pulse|p1a: Dragapult\n|-supereffective|p1a: Dragapult\n|-damage|p1a: Dragapult|0 fnt\n|faint|p1a: Dragapult\n|\n|upkeep\n|inactive|Raymond R3ddington has 90 seconds left.\n|\n|t:|1698186423\n|switch|p1a: Chandelure|Chandelure, F|100\/100\n|-damage|p1a: Chandelure|75\/100|[from] Stealth Rock\n|-damage|p1a: Chandelure|50\/100|[from] Spikes\n|turn|13\n|\n|t:|1698186428\n|move|p2a: Chi-Yu|Dark Pulse|p1a: Chandelure\n|-supereffective|p1a: Chandelure\n|-damage|p1a: Chandelure|0 fnt\n|faint|p1a: Chandelure\n|\n|upkeep\n|\n|t:|1698186433\n|switch|p1a: Baxcalibur|Baxcalibur, F|100\/100\n|-damage|p1a: Baxcalibur|75\/100|[from] Stealth Rock\n|-damage|p1a: Baxcalibur|50\/100|[from] Spikes\n|turn|14\n|\n|t:|1698186438\n|-terastallize|p1a: Baxcalibur|Fairy\n|move|p2a: Chi-Yu|Dark Pulse|p1a: Baxcalibur\n|-resisted|p1a: Baxcalibur\n|-damage|p1a: Baxcalibur|19\/100\n|move|p1a: Baxcalibur|Earthquake|p2a: Chi-Yu\n|-supereffective|p2a: Chi-Yu\n|-damage|p2a: Chi-Yu|0 fnt\n|faint|p2a: Chi-Yu\n|\n|upkeep\n|\n|t:|1698186450\n|switch|p2a: Samurott|Samurott-Hisui, M|44\/100\n|turn|15\n|\n|t:|1698186455\n|move|p2a: Samurott|Aqua Jet|p1a: Baxcalibur\n|-damage|p1a: Baxcalibur|2\/100\n|move|p1a: Baxcalibur|Glaive Rush|p2a: Samurott\n|-damage|p2a: Samurott|0 fnt\n|-singlemove|p1a: Baxcalibur|Glaive Rush|[silent]\n|faint|p2a: Samurott\n|\n|upkeep\n|-message|Raymond R3ddington forfeited.\n|\n|win|YoungEsq\n|raw|Raymond R3ddington's rating: 1378 &rarr; <strong>1362<\/strong><br \/>(-16 for losing)\n|raw|YoungEsq's rating: 1450 &rarr; <strong>1466<\/strong><br \/>(+16 for winning)\n|l|\u2606Raymond R3ddington\n","uploadtime":1698186473,"views":11,"p1id":"raymondr3ddington","p2id":"youngesq","formatid":"gen9anythinggoes","rating":1362,"private":0,"password":""}