{"id":"gen9anythinggoes-1972715336","p1":"ash_wastakenxd","p2":"Dumbfudge","format":"[Gen 9] Anything Goes","log":"|j|\u2606ash_wastakenxd\n|j|\u2606Dumbfudge\n|t:|1697883339\n|gametype|singles\n|player|p1|ash_wastakenxd|cynthia-masters3|1250\n|player|p2|Dumbfudge|blackbelt-gen4dp|1086\n|teamsize|p1|6\n|teamsize|p2|6\n|gen|9\n|tier|[Gen 9] Anything Goes\n|rated|\n|rule|HP Percentage Mod: HP is shown in percentages\n|rule|Endless Battle Clause: Forcing endless battles is banned\n|clearpoke\n|poke|p1|Arceus|\n|poke|p1|Arceus-Ghost|\n|poke|p1|Arceus-Fairy|\n|poke|p1|Arceus-Dragon|\n|poke|p1|Arceus-Ice|\n|poke|p1|Arceus-Psychic|\n|poke|p2|Espathra, M|\n|poke|p2|Darkrai|\n|poke|p2|Breloom, M|\n|poke|p2|Tyranitar, M|\n|poke|p2|Calyrex-Shadow|\n|poke|p2|Grimmsnarl, M|\n|teampreview\n|inactive|Battle timer is ON: inactive players will automatically lose when time's up. (requested by ash_wastakenxd)\n|c|\u2606Dumbfudge|Damn\n|c|\u2606ash_wastakenxd|lol\n|c|\u2606Dumbfudge|Im probably losing this one\n|c|\u2606ash_wastakenxd|nah\n|inactive|Dumbfudge has 120 seconds left.\n|c|\u2606Dumbfudge|Alright glhf\n|c|\u2606ash_wastakenxd|yea\n|\n|t:|1697883380\n|start\n|switch|p1a: Arceus|Arceus|100\/100\n|switch|p2a: DarkraiEV|Darkrai|100\/100\n|turn|1\n|\n|t:|1697883401\n|move|p2a: DarkraiEV|Hypnosis|p1a: Arceus\n|-status|p1a: Arceus|slp|[from] move: Hypnosis\n|cant|p1a: Arceus|slp\n|\n|-damage|p1a: Arceus|88\/100 slp|[from] ability: Bad Dreams|[of] p2a: DarkraiEV\n|upkeep\n|turn|2\n|\n|t:|1697883412\n|switch|p1a: Arceus|Arceus-Ice|100\/100\n|move|p2a: DarkraiEV|Substitute|p2a: DarkraiEV\n|-start|p2a: DarkraiEV|Substitute\n|-damage|p2a: DarkraiEV|75\/100\n|\n|upkeep\n|turn|3\n|\n|t:|1697883419\n|move|p2a: DarkraiEV|Hypnosis|p1a: Arceus\n|-status|p1a: Arceus|slp|[from] move: Hypnosis\n|cant|p1a: Arceus|slp\n|\n|-damage|p1a: Arceus|88\/100 slp|[from] ability: Bad Dreams|[of] p2a: DarkraiEV\n|upkeep\n|turn|4\n|c|\u2606ash_wastakenxd|y it s not missing\n|\n|t:|1697883445\n|switch|p1a: Arceus|Arceus-Ghost|100\/100\n|move|p2a: DarkraiEV|Dark Pulse|p1a: Arceus\n|-supereffective|p1a: Arceus\n|-damage|p1a: Arceus|46\/100\n|\n|upkeep\n|turn|5\n|c|\u2606Dumbfudge|No idea i swear im not hacking\n|c|\u2606Dumbfudge|im using wide lens\n|c|\u2606ash_wastakenxd|oh yea\n|c|\u2606Dumbfudge|which boost it to 68 percent\n|\n|t:|1697883475\n|move|p2a: DarkraiEV|Dark Pulse|p1a: Arceus\n|-supereffective|p1a: Arceus\n|-damage|p1a: Arceus|0 fnt\n|faint|p1a: Arceus\n|\n|upkeep\n|c|\u2606ash_wastakenxd|ye\n|\n|t:|1697883488\n|switch|p1a: Arceus|Arceus-Psychic|100\/100\n|turn|6\n|\n|t:|1697883492\n|switch|p1a: Arceus|Arceus|88\/100 slp\n|move|p2a: DarkraiEV|Hypnosis|p1a: Arceus|[miss]\n|-miss|p2a: DarkraiEV|p1a: Arceus\n|\n|-damage|p1a: Arceus|76\/100 slp|[from] ability: Bad Dreams|[of] p2a: DarkraiEV\n|upkeep\n|turn|7\n|\n|t:|1697883501\n|cant|p1a: Arceus|slp\n|move|p2a: DarkraiEV|Dark Pulse|p1a: Arceus\n|-damage|p1a: Arceus|51\/100 slp\n|\n|-damage|p1a: Arceus|38\/100 slp|[from] ability: Bad Dreams|[of] p2a: DarkraiEV\n|upkeep\n|turn|8\n|\n|t:|1697883509\n|-curestatus|p1a: Arceus|slp|[msg]\n|move|p1a: Arceus|Extreme Speed|p2a: DarkraiEV\n|-end|p2a: DarkraiEV|Substitute\n|move|p2a: DarkraiEV|Dark Pulse|p1a: Arceus\n|-damage|p1a: Arceus|14\/100\n|\n|upkeep\n|turn|9\n|\n|t:|1697883519\n|move|p1a: Arceus|Extreme Speed|p2a: DarkraiEV\n|-damage|p2a: DarkraiEV|19\/100\n|move|p2a: DarkraiEV|Hypnosis|p1a: Arceus\n|-status|p1a: Arceus|slp|[from] move: Hypnosis\n|\n|-damage|p1a: Arceus|1\/100 slp|[from] ability: Bad Dreams|[of] p2a: DarkraiEV\n|upkeep\n|turn|10\n|\n|t:|1697883528\n|cant|p1a: Arceus|slp\n|move|p2a: DarkraiEV|Dark Pulse|p1a: Arceus\n|-damage|p1a: Arceus|0 fnt\n|faint|p1a: Arceus\n|\n|upkeep\n|c|\u2606ash_wastakenxd|wtf hypnosis got 32 pp\n|\n|t:|1697883547\n|switch|p1a: Arceus|Arceus-Ice|88\/100 slp\n|turn|11\n|c|\u2606Dumbfudge|Yeah ig\n|c|\u2606Dumbfudge|Im just lucky today my friend\n|inactive|Dumbfudge has 120 seconds left.\n|c|\u2606ash_wastakenxd|fr\n|c|\u2606Dumbfudge|i guess arceus is on my side lol\n|c|\u2606ash_wastakenxd|xd\n|\n|t:|1697883593\n|move|p2a: DarkraiEV|Dark Pulse|p1a: Arceus\n|-damage|p1a: Arceus|61\/100 slp\n|-curestatus|p1a: Arceus|slp|[msg]\n|move|p1a: Arceus|Judgment|p2a: DarkraiEV\n|-damage|p2a: DarkraiEV|0 fnt\n|faint|p2a: DarkraiEV\n|\n|upkeep\n|\n|t:|1697883603\n|switch|p2a: Grimmsnarl|Grimmsnarl, M|100\/100\n|turn|12\n|\n|t:|1697883610\n|move|p2a: Grimmsnarl|Light Screen|p2a: Grimmsnarl\n|-sidestart|p2: Dumbfudge|move: Light Screen\n|move|p1a: Arceus|Judgment|p2a: Grimmsnarl\n|-damage|p2a: Grimmsnarl|70\/100\n|\n|upkeep\n|turn|13\n|\n|t:|1697883622\n|move|p2a: Grimmsnarl|Reflect|p2a: Grimmsnarl\n|-sidestart|p2: Dumbfudge|Reflect\n|move|p1a: Arceus|Recover|p1a: Arceus\n|-heal|p1a: Arceus|100\/100\n|\n|upkeep\n|turn|14\n|inactive|Dumbfudge has 120 seconds left.\n|\n|t:|1697883627\n|move|p2a: Grimmsnarl|Taunt|p1a: Arceus\n|-start|p1a: Arceus|move: Taunt\n|move|p1a: Arceus|Earth Power|p2a: Grimmsnarl\n|-damage|p2a: Grimmsnarl|55\/100\n|\n|upkeep\n|turn|15\n|\n|t:|1697883634\n|move|p2a: Grimmsnarl|Sucker Punch|p1a: Arceus\n|-damage|p1a: Arceus|78\/100\n|move|p1a: Arceus|Earth Power|p2a: Grimmsnarl\n|-damage|p2a: Grimmsnarl|40\/100\n|\n|upkeep\n|turn|16\n|\n|t:|1697883640\n|move|p2a: Grimmsnarl|Sucker Punch|p1a: Arceus\n|-damage|p1a: Arceus|56\/100\n|move|p1a: Arceus|Judgment|p2a: Grimmsnarl\n|-damage|p2a: Grimmsnarl|13\/100\n|\n|-end|p1a: Arceus|move: Taunt\n|-sideend|p2: Dumbfudge|move: Light Screen\n|upkeep\n|turn|17\n|\n|t:|1697883652\n|move|p2a: Grimmsnarl|Light Screen|p2a: Grimmsnarl\n|-sidestart|p2: Dumbfudge|move: Light Screen\n|move|p1a: Arceus|Recover|p1a: Arceus\n|-heal|p1a: Arceus|100\/100\n|\n|-sideend|p2: Dumbfudge|Reflect\n|upkeep\n|turn|18\n|\n|t:|1697883658\n|move|p2a: Grimmsnarl|Taunt|p1a: Arceus\n|-start|p1a: Arceus|move: Taunt\n|move|p1a: Arceus|Judgment|p2a: Grimmsnarl\n|-damage|p2a: Grimmsnarl|0 fnt\n|faint|p2a: Grimmsnarl\n|\n|upkeep\n|\n|t:|1697883670\n|switch|p2a: Espathra|Espathra, M|100\/100\n|turn|19\n|c|\u2606ash_wastakenxd|if single arc could change form it would be great\n|\n|t:|1697883700\n|move|p1a: Arceus|Earth Power|p2a: Espathra\n|-damage|p2a: Espathra|81\/100\n|move|p2a: Espathra|Substitute|p2a: Espathra\n|-start|p2a: Espathra|Substitute\n|-damage|p2a: Espathra|57\/100\n|\n|-ability|p2a: Espathra|Speed Boost|boost\n|-boost|p2a: Espathra|spe|1\n|upkeep\n|turn|20\n|\n|t:|1697883710\n|move|p2a: Espathra|Calm Mind|p2a: Espathra\n|-boost|p2a: Espathra|spa|1\n|-boost|p2a: Espathra|spd|1\n|move|p1a: Arceus|Earth Power|p2a: Espathra\n|-activate|p2a: Espathra|move: Substitute|[damage]\n|\n|-end|p1a: Arceus|move: Taunt\n|-ability|p2a: Espathra|Speed Boost|boost\n|-boost|p2a: Espathra|spe|1\n|upkeep\n|turn|21\n|c|\u2606ash_wastakenxd|batton pass incoming...\n|-activate|p2a: Espathra|item: Quick Claw\n|\n|t:|1697883728\n|move|p2a: Espathra|Stored Power|p1a: Arceus\n|-damage|p1a: Arceus|59\/100\n|move|p1a: Arceus|Judgment|p2a: Espathra\n|-end|p2a: Espathra|Substitute\n|\n|-sideend|p2: Dumbfudge|move: Light Screen\n|-ability|p2a: Espathra|Speed Boost|boost\n|-boost|p2a: Espathra|spe|1\n|upkeep\n|turn|22\n|c|\u2606ash_wastakenxd|maybe not\n|inactive|ash_wastakenxd has 120 seconds left.\n|\n|t:|1697883744\n|switch|p1a: Arceus|Arceus-Psychic|100\/100\n|move|p2a: Espathra|Baton Pass|p2a: Espathra\n|\n|t:|1697883749\n|switch|p2a: Breloom|Breloom, M|100\/100|[from] Baton Pass\n|\n|upkeep\n|turn|23\n|inactive|ash_wastakenxd has 120 seconds left.\n|\n|t:|1697883770\n|move|p2a: Breloom|Spore|p1a: Arceus\n|-status|p1a: Arceus|slp|[from] move: Spore\n|cant|p1a: Arceus|slp\n|\n|upkeep\n|turn|24\n|inactive|ash_wastakenxd has 120 seconds left.\n|\n|t:|1697883777\n|move|p2a: Breloom|Substitute|p2a: Breloom\n|-start|p2a: Breloom|Substitute\n|-damage|p2a: Breloom|75\/100\n|cant|p1a: Arceus|slp\n|\n|upkeep\n|turn|25\n|\n|t:|1697883783\n|-singleturn|p2a: Breloom|move: Focus Punch\n|cant|p1a: Arceus|slp\n|move|p2a: Breloom|Focus Punch|p1a: Arceus\n|-resisted|p1a: Arceus\n|-damage|p1a: Arceus|82\/100 slp\n|\n|upkeep\n|turn|26\n|\n|t:|1697883791\n|move|p2a: Breloom|Leech Seed|p1a: Arceus\n|-start|p1a: Arceus|move: Leech Seed\n|-curestatus|p1a: Arceus|slp|[msg]\n|move|p1a: Arceus|Judgment|p2a: Breloom\n|-supereffective|p2a: Breloom\n|-end|p2a: Breloom|Substitute\n|\n|-damage|p1a: Arceus|70\/100|[from] Leech Seed|[of] p2a: Breloom\n|-heal|p2a: Breloom|92\/100|[silent]\n|upkeep\n|turn|27\n|\n|t:|1697883801\n|move|p2a: Breloom|Spore|p1a: Arceus\n|-status|p1a: Arceus|slp|[from] move: Spore\n|cant|p1a: Arceus|slp\n|\n|-damage|p1a: Arceus|57\/100 slp|[from] Leech Seed|[of] p2a: Breloom\n|-heal|p2a: Breloom|100\/100|[silent]\n|upkeep\n|turn|28\n|c|\u2606ash_wastakenxd|wtf\n|\n|t:|1697883811\n|move|p2a: Breloom|Substitute|p2a: Breloom\n|-start|p2a: Breloom|Substitute\n|-damage|p2a: Breloom|75\/100\n|cant|p1a: Arceus|slp\n|\n|-damage|p1a: Arceus|45\/100 slp|[from] Leech Seed|[of] p2a: Breloom\n|-heal|p2a: Breloom|92\/100|[silent]\n|upkeep\n|turn|29\n|\n|t:|1697883820\n|-singleturn|p2a: Breloom|move: Focus Punch\n|cant|p1a: Arceus|slp\n|move|p2a: Breloom|Focus Punch|p1a: Arceus\n|-resisted|p1a: Arceus\n|-damage|p1a: Arceus|27\/100 slp\n|\n|-damage|p1a: Arceus|14\/100 slp|[from] Leech Seed|[of] p2a: Breloom\n|-heal|p2a: Breloom|100\/100|[silent]\n|upkeep\n|turn|30\n|\n|t:|1697883832\n|-singleturn|p2a: Breloom|move: Focus Punch\n|-curestatus|p1a: Arceus|slp|[msg]\n|move|p1a: Arceus|Recover|p1a: Arceus\n|-heal|p1a: Arceus|64\/100\n|move|p2a: Breloom|Focus Punch|p1a: Arceus\n|-resisted|p1a: Arceus\n|-damage|p1a: Arceus|45\/100\n|\n|-damage|p1a: Arceus|32\/100|[from] Leech Seed|[of] p2a: Breloom\n|upkeep\n|turn|31\n|\n|t:|1697883843\n|move|p2a: Breloom|Spore|p1a: Arceus\n|-status|p1a: Arceus|slp|[from] move: Spore\n|cant|p1a: Arceus|slp\n|\n|-damage|p1a: Arceus|20\/100 slp|[from] Leech Seed|[of] p2a: Breloom\n|upkeep\n|turn|32\n|\n|t:|1697883851\n|-singleturn|p2a: Breloom|move: Focus Punch\n|cant|p1a: Arceus|slp\n|move|p2a: Breloom|Focus Punch|p1a: Arceus\n|-resisted|p1a: Arceus\n|-damage|p1a: Arceus|0 fnt\n|faint|p1a: Arceus\n|\n|upkeep\n|\n|t:|1697883858\n|switch|p1a: Arceus|Arceus-Fairy|100\/100\n|turn|33\n|c|\u2606Dumbfudge|Do you want me to switch current pokemon or u got it\n|inactive|Dumbfudge has 120 seconds left.\n|\n|t:|1697883892\n|-terastallize|p1a: Arceus|Fire\n|move|p2a: Breloom|Spore|p1a: Arceus\n|-status|p1a: Arceus|slp|[from] move: Spore\n|cant|p1a: Arceus|slp\n|\n|upkeep\n|turn|34\n|c|\u2606ash_wastakenxd|ur wish\n|\n|t:|1697883900\n|move|p2a: Breloom|Leech Seed|p1a: Arceus\n|-start|p1a: Arceus|move: Leech Seed\n|cant|p1a: Arceus|slp\n|\n|-damage|p1a: Arceus|88\/100 slp|[from] Leech Seed|[of] p2a: Breloom\n|upkeep\n|turn|35\n|\n|t:|1697883908\n|-singleturn|p2a: Breloom|move: Focus Punch\n|-curestatus|p1a: Arceus|slp|[msg]\n|move|p1a: Arceus|Flamethrower|p2a: Breloom\n|-supereffective|p2a: Breloom\n|-end|p2a: Breloom|Substitute\n|move|p2a: Breloom|Focus Punch|p1a: Arceus\n|-crit|p1a: Arceus\n|-damage|p1a: Arceus|25\/100\n|\n|-damage|p1a: Arceus|13\/100|[from] Leech Seed|[of] p2a: Breloom\n|upkeep\n|turn|36\n|\n|t:|1697883921\n|switch|p1a: Arceus|Arceus-Dragon|100\/100\n|move|p2a: Breloom|Spore|p1a: Arceus\n|-status|p1a: Arceus|slp|[from] move: Spore\n|\n|upkeep\n|turn|37\n|c|\u2606ash_wastakenxd|pro\n|\n|t:|1697883941\n|switch|p1a: Arceus|Arceus-Ice|59\/100\n|move|p2a: Breloom|Substitute|p2a: Breloom\n|-start|p2a: Breloom|Substitute\n|-damage|p2a: Breloom|75\/100\n|\n|upkeep\n|turn|38\n|\n|t:|1697883948\n|move|p2a: Breloom|Spore|p1a: Arceus\n|-status|p1a: Arceus|slp|[from] move: Spore\n|cant|p1a: Arceus|slp\n|\n|upkeep\n|turn|39\n|c|\u2606ash_wastakenxd|dude seriously\n|\n|t:|1697883962\n|move|p2a: Breloom|Leech Seed|p1a: Arceus|[miss]\n|-miss|p2a: Breloom|p1a: Arceus\n|cant|p1a: Arceus|slp\n|\n|upkeep\n|turn|40\n|\n|t:|1697883968\n|move|p2a: Breloom|Leech Seed|p1a: Arceus\n|-start|p1a: Arceus|move: Leech Seed\n|cant|p1a: Arceus|slp\n|\n|-damage|p1a: Arceus|46\/100 slp|[from] Leech Seed|[of] p2a: Breloom\n|-heal|p2a: Breloom|90\/100|[silent]\n|upkeep\n|turn|41\n|\n|t:|1697883976\n|-singleturn|p2a: Breloom|move: Focus Punch\n|-curestatus|p1a: Arceus|slp|[msg]\n|move|p1a: Arceus|Judgment|p2a: Breloom\n|-supereffective|p2a: Breloom\n|-end|p2a: Breloom|Substitute\n|move|p2a: Breloom|Focus Punch|p1a: Arceus\n|-supereffective|p1a: Arceus\n|-damage|p1a: Arceus|0 fnt\n|faint|p1a: Arceus\n|\n|upkeep\n|\n|t:|1697883981\n|switch|p1a: Arceus|Arceus-Fairy, tera:Fire|13\/100\n|turn|42\n|c|\u2606Dumbfudge|Look man im new and experimenting do you want me to switch\n|inactive|Dumbfudge has 120 seconds left.\n|c|\u2606ash_wastakenxd|idk\n|\n|t:|1697884031\n|switch|p2a: Tyranitar|Tyranitar, M|100\/100\n|-weather|Sandstorm|[from] ability: Sand Stream|[of] p2a: Tyranitar\n|move|p1a: Arceus|Flamethrower|p2a: Tyranitar\n|-resisted|p2a: Tyranitar\n|-damage|p2a: Tyranitar|89\/100\n|\n|-weather|Sandstorm|[upkeep]\n|-damage|p1a: Arceus|7\/100|[from] Sandstorm\n|upkeep\n|turn|43\n|\n|t:|1697884042\n|move|p1a: Arceus|Judgment|p2a: Tyranitar\n|-supereffective|p2a: Tyranitar\n|-damage|p2a: Tyranitar|22\/100\n|move|p2a: Tyranitar|Earthquake|p1a: Arceus\n|-supereffective|p1a: Arceus\n|-damage|p1a: Arceus|0 fnt\n|faint|p1a: Arceus\n|\n|-weather|Sandstorm|[upkeep]\n|upkeep\n|\n|t:|1697884048\n|switch|p1a: Arceus|Arceus-Dragon|100\/100 slp\n|turn|44\n|\n|t:|1697884055\n|cant|p1a: Arceus|slp\n|move|p2a: Tyranitar|Stone Edge|p1a: Arceus\n|-damage|p1a: Arceus|64\/100 slp\n|\n|-weather|Sandstorm|[upkeep]\n|-damage|p1a: Arceus|58\/100 slp|[from] Sandstorm\n|upkeep\n|turn|45\n|\n|t:|1697884063\n|-curestatus|p1a: Arceus|slp|[msg]\n|move|p1a: Arceus|Ice Beam|p2a: Tyranitar\n|-damage|p2a: Tyranitar|7\/100\n|move|p2a: Tyranitar|Stone Edge|p1a: Arceus\n|-damage|p1a: Arceus|26\/100\n|\n|-weather|Sandstorm|[upkeep]\n|-damage|p1a: Arceus|20\/100|[from] Sandstorm\n|upkeep\n|turn|46\n|inactive|Dumbfudge has 120 seconds left.\n|\n|t:|1697884074\n|move|p1a: Arceus|Recover|p1a: Arceus\n|-heal|p1a: Arceus|70\/100\n|move|p2a: Tyranitar|Stone Edge|p1a: Arceus|[miss]\n|-miss|p2a: Tyranitar|p1a: Arceus\n|\n|-weather|none\n|upkeep\n|turn|47\n|inactive|Dumbfudge has 120 seconds left.\n|\n|t:|1697884082\n|move|p1a: Arceus|Judgment|p2a: Tyranitar\n|-damage|p2a: Tyranitar|0 fnt\n|faint|p2a: Tyranitar\n|\n|upkeep\n|inactive|Dumbfudge has 120 seconds left.\n|\n|t:|1697884088\n|switch|p2a: Calyrex|Calyrex-Shadow|100\/100\n|-ability|p2a: Calyrex|As One\n|-ability|p2a: Calyrex|Unnerve\n|turn|48\n|inactive|Dumbfudge has 120 seconds left.\n|\n|t:|1697884107\n|move|p2a: Calyrex|Light Screen|p2a: Calyrex\n|-sidestart|p2: Dumbfudge|move: Light Screen\n|move|p1a: Arceus|Judgment|p2a: Calyrex\n|-damage|p2a: Calyrex|67\/100\n|\n|-heal|p2a: Calyrex|74\/100|[from] item: Leftovers\n|upkeep\n|turn|49\n|inactive|Dumbfudge has 120 seconds left.\n|\n|t:|1697884115\n|move|p2a: Calyrex|Reflect|p2a: Calyrex\n|-sidestart|p2: Dumbfudge|Reflect\n|move|p1a: Arceus|Flash Cannon|p2a: Calyrex\n|-damage|p2a: Calyrex|58\/100\n|\n|-heal|p2a: Calyrex|64\/100|[from] item: Leftovers\n|upkeep\n|turn|50\n|\n|t:|1697884122\n|move|p2a: Calyrex|Giga Drain|p1a: Arceus\n|-resisted|p1a: Arceus\n|-damage|p1a: Arceus|57\/100\n|-heal|p2a: Calyrex|72\/100|[from] drain|[of] p1a: Arceus\n|move|p1a: Arceus|Recover|p1a: Arceus\n|-heal|p1a: Arceus|100\/100\n|\n|-heal|p2a: Calyrex|78\/100|[from] item: Leftovers\n|upkeep\n|turn|51\n|\n|t:|1697884134\n|move|p2a: Calyrex|Astral Barrage|p1a: Arceus\n|-damage|p1a: Arceus|38\/100\n|move|p1a: Arceus|Judgment|p2a: Calyrex\n|-damage|p2a: Calyrex|43\/100\n|\n|-heal|p2a: Calyrex|49\/100|[from] item: Leftovers\n|upkeep\n|turn|52\n|\n|t:|1697884145\n|move|p2a: Calyrex|Astral Barrage|p1a: Arceus\n|-damage|p1a: Arceus|0 fnt\n|faint|p1a: Arceus\n|\n|win|Dumbfudge\n|raw|ash_wastakenxd's rating: 1250 &rarr; <strong>1214<\/strong><br \/>(-36 for losing)\n|raw|Dumbfudge's rating: 1086 &rarr; <strong>1125<\/strong><br \/>(+39 for winning)\n|c|\u2606ash_wastakenxd|ggs\n|c|\u2606Dumbfudge|Gg\n|l|\u2606ash_wastakenxd\n","uploadtime":1697884192,"views":8,"p1id":"ashwastakenxd","p2id":"dumbfudge","formatid":"gen9anythinggoes","rating":1125,"private":0,"password":""}