{"id":"gen9anythinggoes-1998034951","p1":"SonicSpeedKaleb","p2":"dominus domini","format":"[Gen 9] Anything Goes","log":"|j|\u2606SonicSpeedKaleb\n|j|\u2606dominus domini\n|t:|1700881752\n|gametype|singles\n|player|p1|SonicSpeedKaleb|266|1281\n|player|p2|dominus domini|ghetsis|1314\n|teamsize|p1|6\n|teamsize|p2|6\n|gen|9\n|tier|[Gen 9] Anything Goes\n|rated|\n|rule|HP Percentage Mod: HP is shown in percentages\n|rule|Endless Battle Clause: Forcing endless battles is banned\n|clearpoke\n|poke|p1|Skeledirge, M|\n|poke|p1|Pawmot, M|\n|poke|p1|Weavile, M|\n|poke|p1|Gliscor, F|\n|poke|p1|Lycanroc, M|\n|poke|p1|Koraidon|\n|poke|p2|Cloyster, M|\n|poke|p2|Calyrex-Shadow|\n|poke|p2|Volcarona, M|\n|poke|p2|Scovillain, M|\n|poke|p2|Palafin, M|\n|poke|p2|Zacian-*|\n|teampreview\n|c|\u2606SonicSpeedKaleb|Time for fair strats that reward you with fried chicken, and DON'T spam Cloyster cheats.\n|inactive|Battle timer is ON: inactive players will automatically lose when time's up. (requested by SonicSpeedKaleb)\n|\n|t:|1700881771\n|start\n|switch|p1a: Pawmot|Pawmot, M|100\/100\n|switch|p2a: Cloyster|Cloyster, M|100\/100\n|turn|1\n|c|\u2606dominus domini|?\n|c|\u2606SonicSpeedKaleb|No Ground Tera.\n|c|\u2606dominus domini|CRP\n|c|\u2606dominus domini|forgot to tera change\n|inactive|dominus domini has 120 seconds left.\n|\n|t:|1700881801\n|move|p1a: Pawmot|Thunder Punch|p2a: Cloyster\n|-supereffective|p2a: Cloyster\n|-damage|p2a: Cloyster|36\/100\n|move|p2a: Cloyster|Shell Smash|p2a: Cloyster\n|-unboost|p2a: Cloyster|def|1\n|-unboost|p2a: Cloyster|spd|1\n|-boost|p2a: Cloyster|atk|2\n|-boost|p2a: Cloyster|spa|2\n|-boost|p2a: Cloyster|spe|2\n|\n|upkeep\n|turn|2\n|inactive|dominus domini has 120 seconds left.\n|\n|t:|1700881812\n|move|p2a: Cloyster|Icicle Spear|p1a: Pawmot\n|-damage|p1a: Pawmot|63\/100\n|-damage|p1a: Pawmot|27\/100\n|-damage|p1a: Pawmot|0 fnt\n|faint|p1a: Pawmot\n|-hitcount|p1: Pawmot|3\n|\n|upkeep\n|\n|t:|1700881819\n|switch|p1a: Lycanroc|Lycanroc, M|100\/100\n|turn|3\n|\n|t:|1700881823\n|move|p1a: Lycanroc|Accelerock|p2a: Cloyster\n|-supereffective|p2a: Cloyster\n|-damage|p2a: Cloyster|0 fnt\n|faint|p2a: Cloyster\n|\n|upkeep\n|\n|t:|1700881828\n|switch|p2a: Palafin|Palafin, M|100\/100\n|turn|4\n|\n|t:|1700881833\n|move|p1a: Lycanroc|Stealth Rock|p2a: Palafin\n|-sidestart|p2: dominus domini|move: Stealth Rock\n|move|p2a: Palafin|Flip Turn|p1a: Lycanroc\n|-supereffective|p1a: Lycanroc\n|-damage|p1a: Lycanroc|7\/100\n|\n|t:|1700881839\n|detailschange|p2a: Palafin|Palafin-Hero, M\n|switch|p2a: Scovillain|Scovillain, M|100\/100|[from] Flip Turn\n|-damage|p2a: Scovillain|76\/100|[from] Stealth Rock\n|\n|-heal|p2a: Scovillain|82\/100|[from] item: Leftovers\n|-ability|p2a: Scovillain|Moody|boost\n|-boost|p2a: Scovillain|def|2\n|-unboost|p2a: Scovillain|spd|1\n|upkeep\n|turn|5\n|\n|t:|1700881851\n|move|p1a: Lycanroc|Accelerock|p2a: Scovillain\n|-supereffective|p2a: Scovillain\n|-damage|p2a: Scovillain|48\/100\n|move|p2a: Scovillain|Substitute|p2a: Scovillain\n|-start|p2a: Scovillain|Substitute\n|-damage|p2a: Scovillain|24\/100\n|\n|-heal|p2a: Scovillain|30\/100|[from] item: Leftovers\n|-ability|p2a: Scovillain|Moody|boost\n|-boost|p2a: Scovillain|atk|2\n|-unboost|p2a: Scovillain|def|1\n|upkeep\n|turn|6\n|\n|t:|1700881865\n|move|p2a: Scovillain|Protect|p2a: Scovillain\n|-singleturn|p2a: Scovillain|Protect\n|move|p1a: Lycanroc|Accelerock|p2a: Scovillain\n|-activate|p2a: Scovillain|move: Protect\n|\n|-heal|p2a: Scovillain|36\/100|[from] item: Leftovers\n|-ability|p2a: Scovillain|Moody|boost\n|-boost|p2a: Scovillain|spd|2\n|-unboost|p2a: Scovillain|atk|1\n|upkeep\n|turn|7\n|\n|t:|1700881876\n|move|p2a: Scovillain|Protect||[still]\n|-fail|p2a: Scovillain\n|move|p1a: Lycanroc|Accelerock|p2a: Scovillain\n|-supereffective|p2a: Scovillain\n|-end|p2a: Scovillain|Substitute\n|\n|-heal|p2a: Scovillain|41\/100|[from] item: Leftovers\n|-ability|p2a: Scovillain|Moody|boost\n|-boost|p2a: Scovillain|spe|2\n|-unboost|p2a: Scovillain|atk|1\n|upkeep\n|turn|8\n|c|\u2606SonicSpeedKaleb|Great. Another protect obsessor.\n|\n|t:|1700881885\n|move|p1a: Lycanroc|Accelerock|p2a: Scovillain\n|-supereffective|p2a: Scovillain\n|-damage|p2a: Scovillain|0 fnt\n|faint|p2a: Scovillain\n|\n|upkeep\n|\n|t:|1700881891\n|switch|p2a: Palafin|Palafin-Hero, M|100\/100\n|-damage|p2a: Palafin|88\/100|[from] Stealth Rock\n|-activate|p2a: Palafin|ability: Zero to Hero\n|turn|9\n|\n|t:|1700881901\n|-terastallize|p2a: Palafin|Water\n|move|p1a: Lycanroc|Accelerock|p2a: Palafin\n|-damage|p2a: Palafin|72\/100\n|move|p2a: Palafin|Bulk Up|p2a: Palafin\n|-boost|p2a: Palafin|atk|1\n|-boost|p2a: Palafin|def|1\n|\n|upkeep\n|turn|10\n|\n|t:|1700881908\n|move|p1a: Lycanroc|Accelerock|p2a: Palafin\n|-damage|p2a: Palafin|62\/100\n|move|p2a: Palafin|Bulk Up|p2a: Palafin\n|-boost|p2a: Palafin|atk|1\n|-boost|p2a: Palafin|def|1\n|\n|upkeep\n|turn|11\n|\n|t:|1700881915\n|move|p1a: Lycanroc|Accelerock|p2a: Palafin\n|-damage|p2a: Palafin|54\/100\n|move|p2a: Palafin|Jet Punch|p1a: Lycanroc\n|-supereffective|p1a: Lycanroc\n|-damage|p1a: Lycanroc|0 fnt\n|faint|p1a: Lycanroc\n|\n|upkeep\n|c|\u2606dominus domini|gg\n|\n|t:|1700881932\n|switch|p1a: Koraidon|Koraidon|100\/100\n|-weather|SunnyDay|[from] ability: Orichalcum Pulse|[of] p1a: Koraidon\n|-activate|p1a: Koraidon|Orichalcum Pulse|[source]\n|turn|12\n|\n|t:|1700881949\n|-terastallize|p1a: Koraidon|Dragon\n|move|p2a: Palafin|Jet Punch|p1a: Koraidon\n|-resisted|p1a: Koraidon\n|-damage|p1a: Koraidon|70\/100\n|move|p1a: Koraidon|Tera Blast|p2a: Palafin|[anim] Tera Blast Dragon\n|-damage|p2a: Palafin|21\/100\n|\n|-weather|SunnyDay|[upkeep]\n|upkeep\n|turn|13\n|\n|t:|1700881959\n|move|p2a: Palafin|Jet Punch|p1a: Koraidon\n|-resisted|p1a: Koraidon\n|-damage|p1a: Koraidon|42\/100\n|move|p1a: Koraidon|Tera Blast|p2a: Palafin|[anim] Tera Blast Dragon\n|-damage|p2a: Palafin|0 fnt\n|faint|p2a: Palafin\n|\n|-weather|SunnyDay|[upkeep]\n|upkeep\n|c|\u2606dominus domini|nvm'\n|\n|t:|1700881969\n|switch|p2a: Zacian|Zacian-Crowned|100\/100\n|-damage|p2a: Zacian|94\/100|[from] Stealth Rock\n|-ability|p2a: Zacian|Intrepid Sword|boost\n|-boost|p2a: Zacian|atk|1\n|turn|14\n|\n|t:|1700881976\n|switch|p1a: Gliscor|Gliscor, F|100\/100\n|move|p2a: Zacian|Play Rough|p1a: Gliscor\n|-damage|p1a: Gliscor|24\/100\n|\n|-weather|SunnyDay|[upkeep]\n|upkeep\n|turn|15\n|\n|t:|1700881986\n|move|p2a: Zacian|Behemoth Blade|p1a: Gliscor\n|-damage|p1a: Gliscor|0 fnt\n|faint|p1a: Gliscor\n|\n|-weather|SunnyDay|[upkeep]\n|upkeep\n|\n|t:|1700881992\n|switch|p1a: Skeledirge|Skeledirge, M|100\/100\n|turn|16\n|-activate|p1a: Skeledirge|item: Quick Claw\n|\n|t:|1700882000\n|move|p1a: Skeledirge|Torch Song|p2a: Zacian\n|-supereffective|p2a: Zacian\n|-damage|p2a: Zacian|0 fnt\n|-boost|p1a: Skeledirge|spa|1\n|faint|p2a: Zacian\n|\n|-weather|none\n|upkeep\n|\n|t:|1700882008\n|switch|p2a: Calyrex|Calyrex-Shadow|100\/100\n|-ability|p2a: Calyrex|As One\n|-ability|p2a: Calyrex|Unnerve\n|-damage|p2a: Calyrex|88\/100|[from] Stealth Rock\n|turn|17\n|\n|t:|1700882016\n|move|p2a: Calyrex|Astral Barrage|p1a: Skeledirge\n|-supereffective|p1a: Skeledirge\n|-damage|p1a: Skeledirge|0 fnt\n|faint|p1a: Skeledirge\n|-ability|p2a: Calyrex|Grim Neigh|boost\n|-boost|p2a: Calyrex|spa|1\n|\n|upkeep\n|\n|t:|1700882020\n|switch|p1a: Weavile|Weavile, M|100\/100\n|-ability|p1a: Weavile|Pressure\n|turn|18\n|\n|t:|1700882027\n|move|p2a: Calyrex|Draining Kiss|p1a: Weavile\n|-supereffective|p1a: Weavile\n|-damage|p1a: Weavile|2\/100\n|-heal|p2a: Calyrex|100\/100|[from] drain|[of] p1a: Weavile\n|move|p1a: Weavile|Beat Up|p2a: Calyrex\n|-supereffective|p2a: Calyrex\n|-damage|p2a: Calyrex|58\/100\n|-supereffective|p2a: Calyrex\n|-damage|p2a: Calyrex|12\/100\n|-hitcount|p2a: Calyrex|2\n|\n|upkeep\n|turn|19\n|\n|t:|1700882035\n|move|p2a: Calyrex|Draining Kiss|p1a: Weavile\n|-supereffective|p1a: Weavile\n|-damage|p1a: Weavile|0 fnt\n|-heal|p2a: Calyrex|12\/100|[from] drain|[of] p1a: Weavile\n|faint|p1a: Weavile\n|-ability|p2a: Calyrex|Grim Neigh|boost\n|-boost|p2a: Calyrex|spa|1\n|\n|upkeep\n|\n|t:|1700882038\n|switch|p1a: Koraidon|Koraidon, tera:Dragon|42\/100\n|-weather|SunnyDay|[from] ability: Orichalcum Pulse|[of] p1a: Koraidon\n|-activate|p1a: Koraidon|Orichalcum Pulse|[source]\n|turn|20\n|c|\u2606SonicSpeedKaleb|You suck.\n|\n|t:|1700882045\n|move|p1a: Koraidon|Tera Blast|p2a: Calyrex|[anim] Tera Blast Dragon\n|-damage|p2a: Calyrex|0 fnt\n|faint|p2a: Calyrex\n|\n|-weather|SunnyDay|[upkeep]\n|upkeep\n|\n|t:|1700882049\n|switch|p2a: Volcarona|Volcarona, M|100\/100\n|-damage|p2a: Volcarona|51\/100|[from] Stealth Rock\n|turn|21\n|c|\u2606SonicSpeedKaleb|GG\n|c|\u2606dominus domini|wow\n|c|\u2606dominus domini|not very nice huh\n|c|\u2606SonicSpeedKaleb|Saying GG is very nice lol\n|inactive|dominus domini has 120 seconds left.\n|c|\u2606dominus domini|you said you suckk\n|c|\u2606dominus domini|and you use koraidon\n|c|\u2606SonicSpeedKaleb|I didn't say suckk lol. I don't use two Ks in suck.\n|inactive|dominus domini has 90 seconds left.\n|n|!dominus domini|dominusdomini\n|inactive|dominus domini has 60 seconds left.\n|c|\u2606SonicSpeedKaleb|You gonna pick an attack?\n|inactive|dominus domini has 30 seconds left.\n|\n|t:|1700882174\n|move|p1a: Koraidon|Tera Blast|p2a: Volcarona|[anim] Tera Blast Dragon\n|-damage|p2a: Volcarona|0 fnt\n|faint|p2a: Volcarona\n|\n|win|SonicSpeedKaleb\n|raw|SonicSpeedKaleb's rating: 1281 &rarr; <strong>1308<\/strong><br \/>(+27 for winning)\n|raw|dominus domini's rating: 1314 &rarr; <strong>1292<\/strong><br \/>(-22 for losing)\n","uploadtime":1700882129,"views":0,"p1id":"sonicspeedkaleb","p2id":"dominusdomini","formatid":"gen9anythinggoes","rating":1292,"private":0,"password":""}