{"id":"gen9anythinggoes-1975049125","p1":"Skotchaud","p2":"Aaron MA","format":"[Gen 9] Anything Goes","log":"|j|\u2606Skotchaud\n|j|\u2606Aaron MA\n|t:|1698157891\n|gametype|singles\n|player|p1|Skotchaud|noland|\n|player|p2|Aaron MA|102|\n|teamsize|p1|6\n|teamsize|p2|6\n|gen|9\n|tier|[Gen 9] Anything Goes\n|rule|HP Percentage Mod: HP is shown in percentages\n|rule|Endless Battle Clause: Forcing endless battles is banned\n|clearpoke\n|poke|p1|Cloyster, M|\n|poke|p1|Corviknight, F|\n|poke|p1|Iron Valiant|\n|poke|p1|Dragapult, M|\n|poke|p1|Clodsire, M|\n|poke|p1|Cinderace, F|\n|poke|p2|Rillaboom, F|\n|poke|p2|Landorus-Therian, M|\n|poke|p2|Corviknight, M|\n|poke|p2|Iron Valiant|\n|poke|p2|Dragonite, F|\n|poke|p2|Samurott-Hisui, M|\n|teampreview\n|\n|t:|1698157909\n|start\n|switch|p1a: Cloyster|Cloyster, M|100\/100\n|switch|p2a: Landorus|Landorus-Therian, M|100\/100\n|-ability|p2a: Landorus|Intimidate|boost\n|-unboost|p1a: Cloyster|atk|1\n|turn|1\n|\n|t:|1698157927\n|move|p2a: Landorus|U-turn|p1a: Cloyster\n|-damage|p1a: Cloyster|77\/100\n|\n|t:|1698157930\n|switch|p2a: Corviknight|Corviknight, M|100\/100|[from] U-turn\n|-ability|p2a: Corviknight|Pressure\n|move|p1a: Cloyster|Icicle Spear|p2a: Corviknight\n|-damage|p2a: Corviknight|96\/100\n|-damage|p2a: Corviknight|92\/100\n|-damage|p2a: Corviknight|88\/100\n|-damage|p2a: Corviknight|83\/100\n|-damage|p2a: Corviknight|79\/100\n|-hitcount|p2a: Corviknight|5\n|\n|upkeep\n|turn|2\n|\n|t:|1698157945\n|switch|p1a: Corviknight|Corviknight, F|100\/100\n|move|p2a: Corviknight|Brave Bird|p1a: Corviknight\n|-resisted|p1a: Corviknight\n|-damage|p1a: Corviknight|90\/100\n|-damage|p2a: Corviknight|62\/100|[from] item: Rocky Helmet|[of] p1a: Corviknight\n|-damage|p2a: Corviknight|59\/100|[from] Recoil\n|\n|upkeep\n|turn|3\n|\n|t:|1698157956\n|move|p1a: Corviknight|Iron Defense|p1a: Corviknight\n|-boost|p1a: Corviknight|def|2\n|move|p2a: Corviknight|Roost|p2a: Corviknight\n|-heal|p2a: Corviknight|100\/100\n|-singleturn|p2a: Corviknight|move: Roost\n|\n|upkeep\n|turn|4\n|\n|t:|1698157970\n|move|p1a: Corviknight|Body Press|p2a: Corviknight\n|-damage|p2a: Corviknight|69\/100\n|-damage|p1a: Corviknight|73\/100|[from] item: Rocky Helmet|[of] p2a: Corviknight\n|move|p2a: Corviknight|U-turn|p1a: Corviknight\n|-resisted|p1a: Corviknight\n|-damage|p1a: Corviknight|72\/100\n|-damage|p2a: Corviknight|52\/100|[from] item: Rocky Helmet|[of] p1a: Corviknight\n|\n|t:|1698157979\n|switch|p2a: Iron Valiant|Iron Valiant|100\/100|[from] U-turn\n|-enditem|p2a: Iron Valiant|Booster Energy\n|-activate|p2a: Iron Valiant|ability: Quark Drive|[fromitem]\n|-start|p2a: Iron Valiant|quarkdrivespa\n|\n|upkeep\n|turn|5\n|\n|t:|1698157986\n|switch|p1a: Clodsire|Clodsire, M, shiny|100\/100\n|move|p2a: Iron Valiant|Thunderbolt|p1a: Clodsire\n|-immune|p1a: Clodsire\n|\n|upkeep\n|turn|6\n|\n|t:|1698158001\n|-end|p2a: Iron Valiant|Quark Drive|[silent]\n|switch|p2a: Corviknight|Corviknight, M|52\/100\n|-ability|p2a: Corviknight|Pressure\n|move|p1a: Clodsire|Rock Tomb|p2a: Corviknight|[miss]\n|-miss|p1a: Clodsire|p2a: Corviknight\n|\n|upkeep\n|turn|7\n|\n|t:|1698158014\n|switch|p1a: CR7|Cinderace, F|100\/100\n|move|p2a: Corviknight|Roost|p2a: Corviknight\n|-heal|p2a: Corviknight|100\/100\n|-singleturn|p2a: Corviknight|move: Roost\n|\n|upkeep\n|turn|8\n|\n|t:|1698158025\n|move|p1a: CR7|Pyro Ball|p2a: Corviknight\n|-supereffective|p2a: Corviknight\n|-damage|p2a: Corviknight|36\/100\n|move|p2a: Corviknight|U-turn|p1a: CR7\n|-resisted|p1a: CR7\n|-damage|p1a: CR7|90\/100\n|\n|t:|1698158035\n|switch|p2a: Landorus|Landorus-Therian, M|100\/100|[from] U-turn\n|-ability|p2a: Landorus|Intimidate|boost\n|-unboost|p1a: CR7|atk|1\n|\n|upkeep\n|turn|9\n|\n|t:|1698158045\n|switch|p1a: Corviknight|Corviknight, F|72\/100\n|move|p2a: Landorus|Earthquake|p1a: Corviknight\n|-immune|p1a: Corviknight\n|\n|upkeep\n|turn|10\n|\n|t:|1698158056\n|switch|p2a: Corviknight|Corviknight, M|36\/100\n|-ability|p2a: Corviknight|Pressure\n|move|p1a: Corviknight|Iron Defense|p1a: Corviknight\n|-boost|p1a: Corviknight|def|2\n|\n|upkeep\n|turn|11\n|\n|t:|1698158066\n|move|p2a: Corviknight|Roost|p2a: Corviknight\n|-heal|p2a: Corviknight|86\/100\n|-singleturn|p2a: Corviknight|move: Roost\n|move|p1a: Corviknight|Iron Defense|p1a: Corviknight\n|-boost|p1a: Corviknight|def|2\n|\n|upkeep\n|turn|12\n|\n|t:|1698158075\n|move|p2a: Corviknight|U-turn|p1a: Corviknight\n|-resisted|p1a: Corviknight\n|-damage|p1a: Corviknight|72\/100\n|-damage|p2a: Corviknight|69\/100|[from] item: Rocky Helmet|[of] p1a: Corviknight\n|\n|t:|1698158080\n|switch|p2a: Iron Valiant|Iron Valiant|100\/100|[from] U-turn\n|move|p1a: Corviknight|Body Press|p2a: Iron Valiant\n|-resisted|p2a: Iron Valiant\n|-damage|p2a: Iron Valiant|46\/100\n|\n|upkeep\n|turn|13\n|\n|t:|1698158095\n|move|p2a: Iron Valiant|Shadow Ball|p1a: Corviknight\n|-damage|p1a: Corviknight|43\/100\n|-ability|p1a: Corviknight|Mirror Armor\n|-unboost|p2a: Iron Valiant|spd|1\n|move|p1a: Corviknight|Brave Bird|p2a: Iron Valiant\n|-supereffective|p2a: Iron Valiant\n|-damage|p2a: Iron Valiant|0 fnt\n|faint|p2a: Iron Valiant\n|-end|p2a: Iron Valiant|Quark Drive|[silent]\n|-damage|p1a: Corviknight|32\/100|[from] Recoil\n|\n|upkeep\n|\n|t:|1698158118\n|switch|p2a: Dragonite|Dragonite, F|100\/100\n|turn|14\n|\n|t:|1698158126\n|move|p2a: Dragonite|Dragon Dance|p2a: Dragonite\n|-boost|p2a: Dragonite|atk|1\n|-boost|p2a: Dragonite|spe|1\n|move|p1a: Corviknight|Roost|p1a: Corviknight\n|-heal|p1a: Corviknight|82\/100\n|-singleturn|p1a: Corviknight|move: Roost\n|\n|upkeep\n|turn|15\n|\n|t:|1698158135\n|move|p2a: Dragonite|Dragon Dance|p2a: Dragonite\n|-boost|p2a: Dragonite|atk|1\n|-boost|p2a: Dragonite|spe|1\n|move|p1a: Corviknight|Body Press|p2a: Dragonite\n|-resisted|p2a: Dragonite\n|-damage|p2a: Dragonite|80\/100\n|\n|upkeep\n|turn|16\n|\n|t:|1698158145\n|move|p2a: Dragonite|Roost|p2a: Dragonite\n|-heal|p2a: Dragonite|100\/100\n|-singleturn|p2a: Dragonite|move: Roost\n|move|p1a: Corviknight|Iron Defense|p1a: Corviknight\n|-boost|p1a: Corviknight|def|2\n|\n|upkeep\n|turn|17\n|\n|t:|1698158153\n|move|p2a: Dragonite|Dragon Dance|p2a: Dragonite\n|-boost|p2a: Dragonite|atk|1\n|-boost|p2a: Dragonite|spe|1\n|move|p1a: Corviknight|Body Press|p2a: Dragonite\n|-resisted|p2a: Dragonite\n|-damage|p2a: Dragonite|75\/100\n|\n|upkeep\n|turn|18\n|\n|t:|1698158165\n|move|p2a: Dragonite|Roost|p2a: Dragonite\n|-heal|p2a: Dragonite|100\/100\n|-singleturn|p2a: Dragonite|move: Roost\n|move|p1a: Corviknight|Body Press|p2a: Dragonite\n|-damage|p2a: Dragonite|48\/100\n|\n|upkeep\n|turn|19\n|\n|t:|1698158176\n|move|p2a: Dragonite|Roost|p2a: Dragonite\n|-heal|p2a: Dragonite|98\/100\n|-singleturn|p2a: Dragonite|move: Roost\n|move|p1a: Corviknight|Body Press|p2a: Dragonite\n|-damage|p2a: Dragonite|0 fnt\n|faint|p2a: Dragonite\n|\n|upkeep\n|-message|Aaron MA forfeited.\n|\n|win|Skotchaud\n|l|\u2606Aaron MA\n","uploadtime":1698158194,"views":9,"p1id":"skotchaud","p2id":"aaronma","formatid":"gen9anythinggoes","rating":0,"private":0,"password":""}