{"id":"gen9anythinggoes-1991143744","p1":"Average_Gamer20","p2":"Sargenbob","format":"[Gen 9] Anything Goes","log":"|j|\u2606Average_Gamer20\n|j|\u2606Sargenbob\n|t:|1700049521\n|gametype|singles\n|player|p1|Average_Gamer20|169|1135\n|player|p2|Sargenbob|red|1176\n|teamsize|p1|6\n|teamsize|p2|6\n|gen|9\n|tier|[Gen 9] Anything Goes\n|rated|\n|rule|HP Percentage Mod: HP is shown in percentages\n|rule|Endless Battle Clause: Forcing endless battles is banned\n|clearpoke\n|poke|p1|Arcanine, F|\n|poke|p1|Chandelure, F|\n|poke|p1|Gholdengo|\n|poke|p1|Eelektross, F|\n|poke|p1|Quaquaval, F|\n|poke|p1|Corviknight, F|\n|poke|p2|Koraidon|\n|poke|p2|Flutter Mane|\n|poke|p2|Wo-Chien|\n|poke|p2|Calyrex-Shadow|\n|poke|p2|Zoroark-Hisui, M|\n|poke|p2|Skeledirge, M|\n|teampreview\n|inactive|Battle timer is ON: inactive players will automatically lose when time's up. (requested by Sargenbob)\n|\n|t:|1700049537\n|start\n|switch|p1a: Eelektross|Eelektross, F|100\/100\n|switch|p2a: Owen|Calyrex-Shadow|100\/100\n|-ability|p2a: Owen|As One\n|-ability|p2a: Owen|Unnerve\n|turn|1\n|\n|t:|1700049544\n|move|p2a: Owen|Nasty Plot|p2a: Owen\n|-boost|p2a: Owen|spa|2\n|move|p1a: Eelektross|Thunder Wave|p2a: Owen\n|-status|p2a: Owen|par\n|\n|upkeep\n|turn|2\n|\n|t:|1700049555\n|move|p2a: Owen|Astral Barrage|p1a: Eelektross\n|-damage|p1a: Eelektross|0 fnt\n|faint|p1a: Eelektross\n|-ability|p2a: Owen|Grim Neigh|boost\n|-boost|p2a: Owen|spa|1\n|-damage|p2a: Owen|91\/100 par|[from] item: Life Orb\n|\n|upkeep\n|\n|t:|1700049572\n|switch|p1a: Quaquaval|Quaquaval, F|100\/100\n|turn|3\n|\n|t:|1700049576\n|move|p1a: Quaquaval|Knock Off|p2a: Owen\n|-supereffective|p2a: Owen\n|-damage|p2a: Owen|0 fnt\n|-enditem|p2a: Owen|Life Orb|[from] move: Knock Off|[of] p1a: Quaquaval\n|faint|p2a: Owen\n|-ability|p1a: Quaquaval|Moxie|boost\n|-boost|p1a: Quaquaval|atk|1\n|-damage|p1a: Quaquaval|91\/100|[from] item: Life Orb\n|\n|upkeep\n|\n|t:|1700049589\n|switch|p2a: Lucy|Flutter Mane|100\/100\n|turn|4\n|\n|t:|1700049598\n|move|p2a: Lucy|Moonblast|p1a: Quaquaval\n|-supereffective|p1a: Quaquaval\n|-damage|p1a: Quaquaval|0 fnt\n|faint|p1a: Quaquaval\n|-damage|p2a: Lucy|91\/100|[from] item: Life Orb\n|\n|upkeep\n|\n|t:|1700049605\n|switch|p1a: Gholdengo|Gholdengo|100\/100\n|turn|5\n|\n|t:|1700049617\n|-terastallize|p1a: Gholdengo|Water\n|move|p2a: Lucy|Shadow Ball|p1a: Gholdengo\n|-damage|p1a: Gholdengo|47\/100\n|-damage|p2a: Lucy|81\/100|[from] item: Life Orb\n|move|p1a: Gholdengo|Flash Cannon|p2a: Lucy\n|-supereffective|p2a: Lucy\n|-damage|p2a: Lucy|2\/100\n|\n|upkeep\n|turn|6\n|\n|t:|1700049627\n|move|p2a: Lucy|Shadow Ball|p1a: Gholdengo\n|-damage|p1a: Gholdengo|0 fnt\n|faint|p1a: Gholdengo\n|-damage|p2a: Lucy|0 fnt|[from] item: Life Orb\n|faint|p2a: Lucy\n|-end|p2a: Lucy|Protosynthesis|[silent]\n|\n|upkeep\n|\n|t:|1700049638\n|switch|p2a: Matt|Skeledirge, M|100\/100\n|switch|p1a: Arcanine|Arcanine, F|100\/100\n|turn|7\n|\n|t:|1700049644\n|move|p1a: Arcanine|Fire Spin|p2a: Matt\n|-resisted|p2a: Matt\n|-damage|p2a: Matt|93\/100\n|-activate|p2a: Matt|move: Fire Spin|[of] p1a: Arcanine\n|move|p2a: Matt|Shadow Ball|p1a: Arcanine\n|-damage|p1a: Arcanine|67\/100\n|-unboost|p1a: Arcanine|spd|1\n|\n|-heal|p2a: Matt|99\/100|[from] item: Leftovers\n|-damage|p2a: Matt|87\/100|[from] move: Fire Spin|[partiallytrapped]\n|upkeep\n|turn|8\n|\n|t:|1700049651\n|move|p1a: Arcanine|Psychic Fangs|p2a: Matt\n|-damage|p2a: Matt|64\/100\n|move|p2a: Matt|Shadow Ball|p1a: Arcanine\n|-damage|p1a: Arcanine|29\/100\n|\n|-heal|p2a: Matt|71\/100|[from] item: Leftovers\n|-damage|p2a: Matt|58\/100|[from] move: Fire Spin|[partiallytrapped]\n|upkeep\n|turn|9\n|\n|t:|1700049657\n|move|p1a: Arcanine|Psychic Fangs|p2a: Matt\n|-damage|p2a: Matt|39\/100\n|move|p2a: Matt|Shadow Ball|p1a: Arcanine\n|-damage|p1a: Arcanine|0 fnt\n|faint|p1a: Arcanine\n|\n|-heal|p2a: Matt|45\/100|[from] item: Leftovers\n|-end|p2a: Matt|Fire Spin|[partiallytrapped]|[silent]\n|upkeep\n|\n|t:|1700049664\n|switch|p1a: Chandelure|Chandelure, F|100\/100\n|turn|10\n|\n|t:|1700049672\n|-terastallize|p2a: Matt|Fairy\n|move|p1a: Chandelure|Curse|p2a: Matt\n|-start|p2a: Matt|Curse|[of] p1a: Chandelure\n|-damage|p1a: Chandelure|50\/100\n|move|p2a: Matt|Shadow Ball|p1a: Chandelure\n|-supereffective|p1a: Chandelure\n|-damage|p1a: Chandelure|0 fnt\n|faint|p1a: Chandelure\n|\n|-heal|p2a: Matt|51\/100|[from] item: Leftovers\n|-damage|p2a: Matt|27\/100|[from] Curse\n|upkeep\n|\n|t:|1700049680\n|switch|p1a: Corviknight|Corviknight, F|100\/100\n|turn|11\n|\n|t:|1700049687\n|move|p2a: Matt|Torch Song|p1a: Corviknight\n|-supereffective|p1a: Corviknight\n|-damage|p1a: Corviknight|35\/100\n|-boost|p2a: Matt|spa|1\n|-enditem|p1a: Corviknight|Mirror Herb\n|-boost|p1a: Corviknight|spa|1|[from] item: Mirror Herb\n|move|p1a: Corviknight|Iron Head|p2a: Matt\n|-supereffective|p2a: Matt\n|-damage|p2a: Matt|0 fnt\n|faint|p2a: Matt\n|\n|upkeep\n|\n|t:|1700049691\n|switch|p2a: Oliver|Koraidon|100\/100\n|turn|12\n|\n|t:|1700049699\n|move|p2a: Oliver|Flamethrower|p1a: Corviknight\n|-supereffective|p1a: Corviknight\n|-damage|p1a: Corviknight|0 fnt\n|faint|p1a: Corviknight\n|\n|win|Sargenbob\n|raw|Average_Gamer20's rating: 1135 &rarr; <strong>1113<\/strong><br \/>(-22 for losing)\n|raw|Sargenbob's rating: 1176 &rarr; <strong>1198<\/strong><br \/>(+22 for winning)\n|c|\u2606Sargenbob|gg\n|l|\u2606Average_Gamer20\n","uploadtime":1700049705,"views":13,"p1id":"averagegamer20","p2id":"sargenbob","formatid":"gen9anythinggoes","rating":1113,"private":0,"password":""}