{"id":"gen9anythinggoes-1984812351","p1":"caligulahar","p2":"WomboBombo","format":"[Gen 9] Anything Goes","log":"|j|\u2606caligulahar\n|j|\u2606WomboBombo\n|t:|1699301062\n|gametype|singles\n|player|p1|caligulahar|richboy-gen4|\n|player|p2|WomboBombo|n|\n|teamsize|p1|6\n|teamsize|p2|6\n|gen|9\n|tier|[Gen 9] Anything Goes\n|rule|HP Percentage Mod: HP is shown in percentages\n|rule|Endless Battle Clause: Forcing endless battles is banned\n|clearpoke\n|poke|p1|Iron Bundle|\n|poke|p1|Espathra, M|\n|poke|p1|Vullaby, F|\n|poke|p1|Gastrodon-East, M|\n|poke|p1|Infernape, M|\n|poke|p1|Ampharos, M|\n|poke|p2|Clefable, F|\n|poke|p2|Manaphy|\n|poke|p2|Corviknight, M|\n|poke|p2|Landorus-Therian, M|\n|poke|p2|Dragapult, M|\n|poke|p2|Skeledirge, M|\n|teampreview\n|inactive|Battle timer is ON: inactive players will automatically lose when time's up. (requested by caligulahar)\n|j| prof minu\n|\n|t:|1699301079\n|start\n|switch|p1a: Aokiji|Iron Bundle, shiny|100\/100\n|switch|p2a: Brook|Skeledirge, M|100\/100\n|turn|1\n|\n|t:|1699301086\n|move|p1a: Aokiji|Hydro Pump|p2a: Brook\n|-supereffective|p2a: Brook\n|-damage|p2a: Brook|0 fnt\n|faint|p2a: Brook\n|\n|upkeep\n|\n|t:|1699301097\n|switch|p2a: Clefamo|Clefable, F|100\/100\n|turn|2\n|\n|t:|1699301104\n|move|p1a: Aokiji|Hydro Pump|p2a: Clefamo\n|-damage|p2a: Clefamo|18\/100\n|move|p2a: Clefamo|Moonblast|p1a: Aokiji\n|-damage|p1a: Aokiji|45\/100\n|-unboost|p1a: Aokiji|spa|1\n|\n|-heal|p2a: Clefamo|24\/100|[from] item: Leftovers\n|upkeep\n|turn|3\n|\n|t:|1699301109\n|move|p2a: Clefamo|Protect|p2a: Clefamo\n|-singleturn|p2a: Clefamo|Protect\n|move|p1a: Aokiji|Hydro Pump|p2a: Clefamo\n|-activate|p2a: Clefamo|move: Protect\n|\n|-heal|p2a: Clefamo|30\/100|[from] item: Leftovers\n|upkeep\n|turn|4\n|\n|t:|1699301122\n|-end|p1a: Aokiji|Quark Drive|[silent]\n|switch|p1a: Kizaru|Ampharos, M|100\/100\n|switch|p2a: Perseus|Corviknight, M|100\/100\n|\n|upkeep\n|turn|5\n|\n|t:|1699301129\n|switch|p2a: Terra|Landorus-Therian, M|100\/100\n|-ability|p2a: Terra|Intimidate|boost\n|-unboost|p1a: Kizaru|atk|1\n|move|p1a: Kizaru|Cotton Guard|p1a: Kizaru\n|-boost|p1a: Kizaru|def|3\n|\n|upkeep\n|turn|6\n|\n|t:|1699301140\n|-terastallize|p1a: Kizaru|Ghost\n|move|p2a: Terra|Earthquake|p1a: Kizaru\n|-damage|p1a: Kizaru|81\/100\n|move|p1a: Kizaru|Cotton Guard|p1a: Kizaru\n|-boost|p1a: Kizaru|def|3\n|\n|-heal|p1a: Kizaru|87\/100|[from] item: Leftovers\n|upkeep\n|turn|7\n|\n|t:|1699301151\n|move|p2a: Terra|Stealth Rock|p1a: Kizaru\n|-sidestart|p1: caligulahar|move: Stealth Rock\n|move|p1a: Kizaru|Tera Blast|p2a: Terra|[anim] Tera Blast Ghost\n|-damage|p2a: Terra|55\/100\n|\n|-heal|p1a: Kizaru|93\/100|[from] item: Leftovers\n|upkeep\n|turn|8\n|\n|t:|1699301169\n|move|p2a: Terra|U-turn|p1a: Kizaru\n|-resisted|p1a: Kizaru\n|-damage|p1a: Kizaru|90\/100\n|inactive|WomboBombo has 270 seconds left.\n|\n|t:|1699301191\n|switch|p2a: Clefamo|Clefable, F|30\/100|[from] U-turn\n|move|p1a: Kizaru|Tera Blast|p2a: Clefamo|[anim] Tera Blast Ghost\n|-damage|p2a: Clefamo|0 fnt\n|faint|p2a: Clefamo\n|\n|-heal|p1a: Kizaru|97\/100|[from] item: Leftovers\n|upkeep\n|\n|t:|1699301195\n|switch|p2a: Manamo|Manaphy|100\/100\n|turn|9\n|\n|t:|1699301203\n|move|p2a: Manamo|Tail Glow|p2a: Manamo\n|-boost|p2a: Manamo|spa|3\n|move|p1a: Kizaru|Thunderbolt|p2a: Manamo\n|-supereffective|p2a: Manamo\n|-damage|p2a: Manamo|7\/100\n|\n|-heal|p2a: Manamo|13\/100|[from] item: Leftovers\n|-heal|p1a: Kizaru|100\/100|[from] item: Leftovers\n|upkeep\n|turn|10\n|\n|t:|1699301206\n|move|p2a: Manamo|Baton Pass|p2a: Manamo\n|\n|t:|1699301210\n|switch|p2a: Aegon|Dragapult, M|100\/100|[from] Baton Pass\n|move|p1a: Kizaru|Thunderbolt|p2a: Aegon\n|-resisted|p2a: Aegon\n|-damage|p2a: Aegon|69\/100\n|\n|upkeep\n|turn|11\n|\n|t:|1699301218\n|move|p2a: Aegon|Draco Meteor|p1a: Kizaru\n|-damage|p1a: Kizaru|0 fnt\n|-unboost|p2a: Aegon|spa|2\n|faint|p1a: Kizaru\n|\n|upkeep\n|\n|t:|1699301229\n|switch|p1a: Tsuru|Vullaby, F, shiny|100\/100\n|-damage|p1a: Tsuru|75\/100|[from] Stealth Rock\n|turn|12\n|\n|t:|1699301233\n|move|p2a: Aegon|Draco Meteor|p1a: Tsuru\n|-damage|p1a: Tsuru|0 fnt\n|-unboost|p2a: Aegon|spa|2\n|faint|p1a: Tsuru\n|\n|upkeep\n|\n|t:|1699301241\n|switch|p1a: Helmeppo|Espathra, M|100\/100\n|-damage|p1a: Helmeppo|88\/100|[from] Stealth Rock\n|turn|13\n|\n|t:|1699301246\n|move|p2a: Aegon|Draco Meteor|p1a: Helmeppo|[miss]\n|-miss|p2a: Aegon|p1a: Helmeppo\n|move|p1a: Helmeppo|Calm Mind|p1a: Helmeppo\n|-boost|p1a: Helmeppo|spa|1\n|-boost|p1a: Helmeppo|spd|1\n|\n|-ability|p1a: Helmeppo|Speed Boost|boost\n|-boost|p1a: Helmeppo|spe|1\n|upkeep\n|turn|14\n|\n|t:|1699301250\n|move|p1a: Helmeppo|Calm Mind|p1a: Helmeppo\n|-boost|p1a: Helmeppo|spa|1\n|-boost|p1a: Helmeppo|spd|1\n|move|p2a: Aegon|Draco Meteor|p1a: Helmeppo\n|-damage|p1a: Helmeppo|50\/100\n|-unboost|p2a: Aegon|spa|2\n|\n|-ability|p1a: Helmeppo|Speed Boost|boost\n|-boost|p1a: Helmeppo|spe|1\n|upkeep\n|turn|15\n|\n|t:|1699301258\n|move|p1a: Helmeppo|Calm Mind|p1a: Helmeppo\n|-boost|p1a: Helmeppo|spa|1\n|-boost|p1a: Helmeppo|spd|1\n|move|p2a: Aegon|Draco Meteor|p1a: Helmeppo\n|-damage|p1a: Helmeppo|31\/100\n|-unboost|p2a: Aegon|spa|2\n|\n|-ability|p1a: Helmeppo|Speed Boost|boost\n|-boost|p1a: Helmeppo|spe|1\n|upkeep\n|turn|16\n|\n|t:|1699301267\n|move|p1a: Helmeppo|Baton Pass|p1a: Helmeppo\n|\n|t:|1699301270\n|switch|p1a: Coby|Gastrodon-East, M, shiny|100\/100|[from] Baton Pass\n|-damage|p1a: Coby|94\/100|[from] Stealth Rock\n|move|p2a: Aegon|Draco Meteor|p1a: Coby\n|-damage|p1a: Coby|85\/100\n|-unboost|p2a: Aegon|spa|1\n|\n|-heal|p1a: Coby|91\/100|[from] item: Leftovers\n|upkeep\n|turn|17\n|\n|t:|1699301282\n|switch|p2a: Perseus|Corviknight, M|100\/100\n|move|p1a: Coby|Surf|p2a: Perseus\n|-damage|p2a: Perseus|34\/100\n|\n|-heal|p1a: Coby|97\/100|[from] item: Leftovers\n|-heal|p2a: Perseus|40\/100|[from] item: Leftovers\n|upkeep\n|turn|18\n|\n|t:|1699301286\n|move|p1a: Coby|Surf|p2a: Perseus\n|-damage|p2a: Perseus|0 fnt\n|faint|p2a: Perseus\n|\n|-heal|p1a: Coby|100\/100|[from] item: Leftovers\n|upkeep\n|\n|t:|1699301293\n|switch|p2a: Aegon|Dragapult, M|69\/100\n|turn|19\n|\n|t:|1699301303\n|move|p2a: Aegon|Shadow Ball|p1a: Coby\n|-damage|p1a: Coby|80\/100\n|move|p1a: Coby|Surf|p2a: Aegon\n|-resisted|p2a: Aegon\n|-damage|p2a: Aegon|9\/100\n|\n|-heal|p1a: Coby|86\/100|[from] item: Leftovers\n|upkeep\n|turn|20\n|\n|t:|1699301308\n|move|p2a: Aegon|Shadow Ball|p1a: Coby\n|-damage|p1a: Coby|66\/100\n|move|p1a: Coby|Surf|p2a: Aegon\n|-resisted|p2a: Aegon\n|-damage|p2a: Aegon|0 fnt\n|faint|p2a: Aegon\n|\n|-heal|p1a: Coby|72\/100|[from] item: Leftovers\n|upkeep\n|\n|t:|1699301311\n|switch|p2a: Manamo|Manaphy|13\/100\n|turn|21\n|\n|t:|1699301315\n|move|p2a: Manamo|Energy Ball|p1a: Coby\n|-supereffective|p1a: Coby\n|-damage|p1a: Coby|28\/100\n|move|p1a: Coby|Surf|p2a: Manamo\n|-resisted|p2a: Manamo\n|-damage|p2a: Manamo|0 fnt\n|faint|p2a: Manamo\n|\n|-heal|p1a: Coby|34\/100|[from] item: Leftovers\n|upkeep\n|\n|t:|1699301324\n|switch|p2a: Terra|Landorus-Therian, M|55\/100\n|-ability|p2a: Terra|Intimidate|boost\n|-unboost|p1a: Coby|atk|1\n|turn|22\n|\n|t:|1699301329\n|move|p1a: Coby|Protect|p1a: Coby\n|-singleturn|p1a: Coby|Protect\n|move|p2a: Terra|Taunt|p1a: Coby\n|-activate|p1a: Coby|move: Protect\n|\n|-heal|p1a: Coby|40\/100|[from] item: Leftovers\n|upkeep\n|turn|23\n|\n|t:|1699301338\n|move|p1a: Coby|Surf|p2a: Terra\n|-supereffective|p2a: Terra\n|-crit|p2a: Terra\n|-damage|p2a: Terra|0 fnt\n|faint|p2a: Terra\n|\n|win|caligulahar\n","uploadtime":1699301343,"views":10,"p1id":"caligulahar","p2id":"wombobombo","formatid":"gen9anythinggoes","rating":0,"private":0,"password":""}