{"id":"gen9anythinggoes-1991750623","p1":"Rowan_Rocket","p2":"QuirklessGrim","format":"[Gen 9] Anything Goes","log":"|j|\u2606Rowan_Rocket\n|j|\u2606QuirklessGrim\n|t:|1700110930\n|gametype|singles\n|player|p1|Rowan_Rocket|rocketgruntf|1101\n|player|p2|QuirklessGrim|grimsley|1050\n|teamsize|p1|6\n|teamsize|p2|6\n|gen|9\n|tier|[Gen 9] Anything Goes\n|rated|\n|rule|HP Percentage Mod: HP is shown in percentages\n|rule|Endless Battle Clause: Forcing endless battles is banned\n|clearpoke\n|poke|p1|Ninetales-Alola, M|\n|poke|p1|Cetitan, M|\n|poke|p1|Avalugg-Hisui, F|\n|poke|p1|Eiscue, M|\n|poke|p1|Sandslash-Alola, F|\n|poke|p1|Frosmoth, F|\n|poke|p2|Ursaluna, M|\n|poke|p2|Cyclizar, M|\n|poke|p2|Polteageist|\n|poke|p2|Appletun, F|\n|poke|p2|Rotom|\n|poke|p2|Maushold-Four|\n|teampreview\n|inactive|Battle timer is ON: inactive players will automatically lose when time's up. (requested by QuirklessGrim)\n|\n|t:|1700110938\n|start\n|switch|p1a: Ninetales|Ninetales-Alola, M|100\/100\n|switch|p2a: Was that...|Polteageist|100\/100\n|-weather|Snow|[from] ability: Snow Warning|[of] p1a: Ninetales\n|turn|1\n|\n|t:|1700110948\n|move|p1a: Ninetales|Aurora Veil|p1a: Ninetales\n|-sidestart|p1: Rowan_Rocket|move: Aurora Veil\n|move|p2a: Was that...|Shell Smash|p2a: Was that...\n|-unboost|p2a: Was that...|def|1\n|-unboost|p2a: Was that...|spd|1\n|-boost|p2a: Was that...|atk|2\n|-boost|p2a: Was that...|spa|2\n|-boost|p2a: Was that...|spe|2\n|-enditem|p2a: Was that...|White Herb\n|-clearnegativeboost|p2a: Was that...|[silent]\n|\n|-weather|Snow|[upkeep]\n|upkeep\n|turn|2\n|\n|t:|1700110960\n|switch|p1a: Cetitan|Cetitan, M|100\/100\n|move|p2a: Was that...|Baton Pass|p2a: Was that...\n|\n|t:|1700110964\n|switch|p2a: THE BITE OF 87??|Ursaluna, M, shiny|100\/100|[from] Baton Pass\n|\n|-weather|Snow|[upkeep]\n|-status|p2a: THE BITE OF 87??|brn|[from] item: Flame Orb\n|upkeep\n|turn|3\n|\n|t:|1700110982\n|switch|p1a: Avalugg|Avalugg-Hisui, F|100\/100\n|move|p2a: THE BITE OF 87??|Facade|p1a: Avalugg\n|-resisted|p1a: Avalugg\n|-damage|p1a: Avalugg|83\/100\n|-damage|p2a: THE BITE OF 87??|84\/100 brn|[from] item: Rocky Helmet|[of] p1a: Avalugg\n|\n|-weather|Snow|[upkeep]\n|-damage|p2a: THE BITE OF 87??|78\/100 brn|[from] brn\n|upkeep\n|turn|4\n|\n|t:|1700111000\n|move|p2a: THE BITE OF 87??|Crunch|p1a: Avalugg\n|-damage|p1a: Avalugg|69\/100\n|-damage|p2a: THE BITE OF 87??|61\/100 brn|[from] item: Rocky Helmet|[of] p1a: Avalugg\n|move|p1a: Avalugg|Body Press|p2a: THE BITE OF 87??\n|-supereffective|p2a: THE BITE OF 87??\n|-crit|p2a: THE BITE OF 87??\n|-damage|p2a: THE BITE OF 87??|0 fnt\n|faint|p2a: THE BITE OF 87??\n|\n|-weather|Snow|[upkeep]\n|upkeep\n|\n|t:|1700111011\n|switch|p2a: Mauscarriage|Maushold-Four|100\/100\n|turn|5\n|\n|t:|1700111017\n|move|p2a: Mauscarriage|Population Bomb|p1a: Avalugg\n|-resisted|p1a: Avalugg\n|-damage|p1a: Avalugg|68\/100\n|-damage|p2a: Mauscarriage|84\/100|[from] item: Rocky Helmet|[of] p1a: Avalugg\n|-resisted|p1a: Avalugg\n|-damage|p1a: Avalugg|67\/100\n|-damage|p2a: Mauscarriage|67\/100|[from] item: Rocky Helmet|[of] p1a: Avalugg\n|-resisted|p1a: Avalugg\n|-damage|p1a: Avalugg|66\/100\n|-damage|p2a: Mauscarriage|51\/100|[from] item: Rocky Helmet|[of] p1a: Avalugg\n|-resisted|p1a: Avalugg\n|-damage|p1a: Avalugg|66\/100\n|-damage|p2a: Mauscarriage|34\/100|[from] item: Rocky Helmet|[of] p1a: Avalugg\n|-resisted|p1a: Avalugg\n|-damage|p1a: Avalugg|65\/100\n|-damage|p2a: Mauscarriage|17\/100|[from] item: Rocky Helmet|[of] p1a: Avalugg\n|-resisted|p1a: Avalugg\n|-damage|p1a: Avalugg|64\/100\n|-damage|p2a: Mauscarriage|1\/100|[from] item: Rocky Helmet|[of] p1a: Avalugg\n|-resisted|p1a: Avalugg\n|-damage|p1a: Avalugg|63\/100\n|-damage|p2a: Mauscarriage|0 fnt|[from] item: Rocky Helmet|[of] p1a: Avalugg\n|faint|p2a: Mauscarriage\n|-hitcount|p1a: Avalugg|7\n|move|p1a: Avalugg|Recover|p1a: Avalugg\n|-heal|p1a: Avalugg|100\/100\n|\n|-weather|Snow|[upkeep]\n|-sideend|p1: Rowan_Rocket|move: Aurora Veil\n|upkeep\n|\n|t:|1700111023\n|switch|p2a: Granny Smith|Appletun, F|100\/100\n|turn|6\n|-message|QuirklessGrim forfeited.\n|\n|win|Rowan_Rocket\n|raw|Rowan_Rocket's rating: 1101 &rarr; <strong>1122<\/strong><br \/>(+21 for winning)\n|raw|QuirklessGrim's rating: 1050 &rarr; <strong>1035<\/strong><br \/>(-15 for losing)\n|l|\u2606QuirklessGrim\n","uploadtime":1700111054,"views":22,"p1id":"rowanrocket","p2id":"quirklessgrim","formatid":"gen9anythinggoes","rating":1035,"private":0,"password":""}