{"id":"gen9anythinggoes-1998684609","p1":"arcdoomer","p2":"lowbatery","format":"[Gen 9] Anything Goes","log":"|j|\u2606arcdoomer\n|j|\u203dlowbatery\n|t:|1700972215\n|gametype|singles\n|player|p1|arcdoomer|unknown|1320\n|player|p2|lowbatery|170|1390\n|teamsize|p1|6\n|teamsize|p2|6\n|gen|9\n|tier|[Gen 9] Anything Goes\n|rated|\n|rule|HP Percentage Mod: HP is shown in percentages\n|rule|Endless Battle Clause: Forcing endless battles is banned\n|clearpoke\n|poke|p1|Calyrex-Shadow|\n|poke|p1|Miraidon|\n|poke|p1|Arceus|\n|poke|p1|Dialga|\n|poke|p1|Rayquaza|\n|poke|p1|Great Tusk|\n|poke|p2|Calyrex-Shadow|\n|poke|p2|Cloyster, F|\n|poke|p2|Darkrai|\n|poke|p2|Regieleki|\n|poke|p2|Toxapex, M|\n|poke|p2|Zacian-*|\n|teampreview\n|\n|t:|1700972229\n|start\n|switch|p1a: Rayquaza|Rayquaza|100\/100\n|switch|p2a: Cloyster|Cloyster, F|100\/100\n|-ability|p1a: Rayquaza|Air Lock\n|turn|1\n|inactive|Battle timer is ON: inactive players will automatically lose when time's up. (requested by lowbatery)\n|\n|t:|1700972240\n|move|p1a: Rayquaza|Iron Head|p2a: Cloyster\n|-damage|p2a: Cloyster|76\/100\n|move|p2a: Cloyster|Shell Smash|p2a: Cloyster\n|-unboost|p2a: Cloyster|def|1\n|-unboost|p2a: Cloyster|spd|1\n|-boost|p2a: Cloyster|atk|2\n|-boost|p2a: Cloyster|spa|2\n|-boost|p2a: Cloyster|spe|2\n|\n|upkeep\n|turn|2\n|\n|t:|1700972249\n|move|p2a: Cloyster|Icicle Spear|p1a: Rayquaza\n|-supereffective|p1a: Rayquaza\n|-damage|p1a: Rayquaza|5\/100\n|-supereffective|p1a: Rayquaza\n|-damage|p1a: Rayquaza|0 fnt\n|faint|p1a: Rayquaza\n|-hitcount|p1: Rayquaza|2\n|\n|upkeep\n|\n|t:|1700972256\n|switch|p1a: Dialga|Dialga|100\/100\n|turn|3\n|\n|t:|1700972267\n|move|p2a: Cloyster|Icicle Spear|p1a: Dialga\n|-damage|p1a: Dialga|82\/100\n|-damage|p1a: Dialga|66\/100\n|-damage|p1a: Dialga|51\/100\n|-damage|p1a: Dialga|33\/100\n|-damage|p1a: Dialga|15\/100\n|-hitcount|p1a: Dialga|5\n|move|p1a: Dialga|Dragon Pulse|p2a: Cloyster\n|-damage|p2a: Cloyster|0 fnt\n|faint|p2a: Cloyster\n|\n|-heal|p1a: Dialga|21\/100|[from] item: Leftovers\n|upkeep\n|\n|t:|1700972279\n|switch|p2a: Zacian|Zacian-Crowned|100\/100\n|-ability|p2a: Zacian|Intrepid Sword|boost\n|-boost|p2a: Zacian|atk|1\n|turn|4\n|\n|t:|1700972289\n|move|p2a: Zacian|Sacred Sword|p1a: Dialga\n|-supereffective|p1a: Dialga\n|-damage|p1a: Dialga|0 fnt\n|faint|p1a: Dialga\n|\n|upkeep\n|\n|t:|1700972301\n|switch|p1a: Miraidon|Miraidon|100\/100\n|-fieldstart|move: Electric Terrain|[from] ability: Hadron Engine|[of] p1a: Miraidon\n|turn|5\n|\n|t:|1700972309\n|move|p1a: Miraidon|Power Gem|p2a: Zacian\n|-resisted|p2a: Zacian\n|-damage|p2a: Zacian|82\/100\n|move|p2a: Zacian|Play Rough|p1a: Miraidon\n|-supereffective|p1a: Miraidon\n|-damage|p1a: Miraidon|0 fnt\n|faint|p1a: Miraidon\n|\n|upkeep\n|\n|t:|1700972319\n|switch|p1a: Great Tusk|Great Tusk|100\/100\n|turn|6\n|\n|t:|1700972334\n|-terastallize|p1a: Great Tusk|Ground\n|move|p2a: Zacian|Play Rough|p1a: Great Tusk\n|-damage|p1a: Great Tusk|36\/100\n|move|p1a: Great Tusk|Headlong Rush|p2a: Zacian\n|-supereffective|p2a: Zacian\n|-damage|p2a: Zacian|0 fnt\n|-unboost|p1a: Great Tusk|def|1\n|-unboost|p1a: Great Tusk|spd|1\n|faint|p2a: Zacian\n|\n|upkeep\n|\n|t:|1700972344\n|switch|p2a: Calyrex|Calyrex-Shadow|100\/100\n|-ability|p2a: Calyrex|As One\n|-ability|p2a: Calyrex|Unnerve\n|turn|7\n|\n|t:|1700972354\n|move|p2a: Calyrex|Astral Barrage|p1a: Great Tusk\n|-damage|p1a: Great Tusk|0 fnt\n|faint|p1a: Great Tusk\n|-end|p1a: Great Tusk|Protosynthesis|[silent]\n|-ability|p2a: Calyrex|Grim Neigh|boost\n|-boost|p2a: Calyrex|spa|1\n|\n|upkeep\n|\n|t:|1700972362\n|switch|p1a: Calyrex|Calyrex-Shadow|100\/100\n|-ability|p1a: Calyrex|As One\n|-ability|p1a: Calyrex|Unnerve\n|turn|8\n|\n|t:|1700972369\n|-terastallize|p2a: Calyrex|Normal\n|move|p2a: Calyrex|Astral Barrage|p1a: Calyrex\n|-supereffective|p1a: Calyrex\n|-damage|p1a: Calyrex|0 fnt\n|faint|p1a: Calyrex\n|-ability|p2a: Calyrex|Grim Neigh|boost\n|-boost|p2a: Calyrex|spa|1\n|\n|upkeep\n|\n|t:|1700972378\n|switch|p1a: Arceus|Arceus|100\/100\n|turn|9\n|\n|t:|1700972382\n|move|p1a: Arceus|Extreme Speed|p2a: Calyrex\n|-damage|p2a: Calyrex|35\/100\n|move|p2a: Calyrex|Psychic|p1a: Arceus\n|-damage|p1a: Arceus|8\/100\n|\n|-fieldend|move: Electric Terrain\n|upkeep\n|turn|10\n|\n|t:|1700972391\n|switch|p2a: Toxapex|Toxapex, M|100\/100\n|move|p1a: Arceus|Extreme Speed|p2a: Toxapex\n|-damage|p2a: Toxapex|65\/100\n|\n|-heal|p2a: Toxapex|71\/100|[from] item: Black Sludge\n|upkeep\n|turn|11\n|\n|t:|1700972399\n|move|p2a: Toxapex|Baneful Bunker|p2a: Toxapex\n|-singleturn|p2a: Toxapex|move: Protect\n|move|p1a: Arceus|Earthquake|p2a: Toxapex\n|-activate|p2a: Toxapex|move: Protect\n|\n|-heal|p2a: Toxapex|77\/100|[from] item: Black Sludge\n|upkeep\n|turn|12\n|\n|t:|1700972407\n|move|p1a: Arceus|Earthquake|p2a: Toxapex\n|-supereffective|p2a: Toxapex\n|-damage|p2a: Toxapex|27\/100\n|move|p2a: Toxapex|Recover|p2a: Toxapex\n|-heal|p2a: Toxapex|77\/100\n|\n|-heal|p2a: Toxapex|83\/100|[from] item: Black Sludge\n|upkeep\n|turn|13\n|\n|t:|1700972418\n|move|p1a: Arceus|Earthquake|p2a: Toxapex\n|-supereffective|p2a: Toxapex\n|-damage|p2a: Toxapex|26\/100\n|move|p2a: Toxapex|Recover|p2a: Toxapex\n|-heal|p2a: Toxapex|76\/100\n|\n|-heal|p2a: Toxapex|82\/100|[from] item: Black Sludge\n|upkeep\n|turn|14\n|c|\u2606arcdoomer|DIE DIE DIE\n|inactiveoff|Battle timer is now OFF.\n|l|\u2606arcdoomer\n|player|p1|\n|j|@Ransei\n|inactive|Battle timer is ON: inactive players will automatically lose when time's up. (requested by lowbatery)\n|inactive|arcdoomer has 30 seconds to reconnect!\n|inactive|arcdoomer has 20 seconds to reconnect!\n|inactive|arcdoomer has 15 seconds to reconnect!\n|inactive|arcdoomer has 10 seconds to reconnect!\n|l|@Ransei\n|inactive|arcdoomer has 5 seconds to reconnect!\n|-message|arcdoomer lost due to inactivity.\n|\n|win|lowbatery\n|raw|arcdoomer's rating: 1320 &rarr; <strong>1304<\/strong><br \/>(-16 for losing)\n|raw|lowbatery's rating: 1390 &rarr; <strong>1406<\/strong><br \/>(+16 for winning)\n","uploadtime":1700972501,"views":0,"p1id":"arcdoomer","p2id":"lowbatery","formatid":"gen9anythinggoes","rating":1304,"private":0,"password":""}