{"id":"gen9anythinggoes-1987885183","p1":"BenG1021","p2":"Masontomato","format":"[Gen 9] Anything Goes","log":"|j|\u2606BenG1021\n|j|\u2606Masontomato\n|t:|1699645836\n|gametype|singles\n|player|p1|BenG1021|1|\n|player|p2|Masontomato|pokemonbreeder|\n|teamsize|p1|6\n|teamsize|p2|6\n|gen|9\n|tier|[Gen 9] Anything Goes\n|rule|HP Percentage Mod: HP is shown in percentages\n|rule|Endless Battle Clause: Forcing endless battles is banned\n|clearpoke\n|poke|p1|Baxcalibur, F|\n|poke|p1|Slowking-Galar, M|\n|poke|p1|Squawkabilly-Blue, M|\n|poke|p1|Basculegion-F, F|\n|poke|p1|Magneton|\n|poke|p1|Scream Tail|\n|poke|p2|Rillaboom, M|\n|poke|p2|Maushold-Four|\n|poke|p2|Grimmsnarl, M|\n|poke|p2|Gholdengo|\n|poke|p2|Goodra-Hisui, M|\n|poke|p2|Hawlucha, M|\n|teampreview\n|c|\u2606Masontomato|glhf\n|j| 50UP\n|\n|t:|1699645887\n|start\n|switch|p1a: Basculegion|Basculegion-F, F, shiny|100\/100\n|switch|p2a: Grimmsnarl|Grimmsnarl, M, shiny|100\/100\n|turn|1\n|\n|t:|1699645963\n|move|p2a: Grimmsnarl|Light Screen|p2a: Grimmsnarl\n|-sidestart|p2: Masontomato|move: Light Screen\n|move|p1a: Basculegion|Flip Turn|p2a: Grimmsnarl\n|-damage|p2a: Grimmsnarl|87\/100\n|j| patddontpee\n|\n|t:|1699646018\n|switch|p1a: Magneton|Magneton, shiny|100\/100|[from] Flip Turn\n|\n|upkeep\n|turn|2\n|j| bigeg04\n|\n|t:|1699646035\n|move|p2a: Grimmsnarl|Parting Shot|p1a: Magneton\n|-unboost|p1a: Magneton|atk|1\n|-unboost|p1a: Magneton|spa|1\n|\n|t:|1699646043\n|switch|p2a: Rillaboom|Rillaboom, M|100\/100|[from] Parting Shot\n|-fieldstart|move: Grassy Terrain|[from] ability: Grassy Surge|[of] p2a: Rillaboom\n|move|p1a: Magneton|Steel Beam|p2a: Rillaboom\n|-damage|p2a: Rillaboom|60\/100\n|-damage|p1a: Magneton|50\/100|[from] steelbeam\n|\n|-heal|p2a: Rillaboom|67\/100|[from] Grassy Terrain\n|-heal|p1a: Magneton|57\/100|[from] Grassy Terrain\n|upkeep\n|turn|3\n|\n|t:|1699646076\n|move|p2a: Rillaboom|High Horsepower|p1a: Magneton\n|-supereffective|p1a: Magneton\n|-damage|p1a: Magneton|0 fnt\n|faint|p1a: Magneton\n|\n|-heal|p2a: Rillaboom|73\/100|[from] Grassy Terrain\n|upkeep\n|\n|t:|1699646088\n|switch|p1a: Squawkabilly|Squawkabilly-Blue, M, shiny|100\/100\n|turn|4\n|\n|t:|1699646116\n|switch|p2a: Goodra|Goodra-Hisui, M, shiny|100\/100\n|move|p1a: Squawkabilly|Brave Bird|p2a: Goodra\n|-resisted|p2a: Goodra\n|-damage|p2a: Goodra|79\/100\n|-ability|p2a: Goodra|Gooey\n|-unboost|p1a: Squawkabilly|spe|1\n|-damage|p1a: Squawkabilly|93\/100|[from] Recoil\n|\n|-heal|p2a: Goodra|85\/100|[from] Grassy Terrain\n|-status|p1a: Squawkabilly|brn|[from] item: Flame Orb\n|upkeep\n|turn|5\n|\n|t:|1699646159\n|-terastallize|p1a: Squawkabilly|Ground\n|move|p1a: Squawkabilly|Tera Blast|p2a: Goodra|[anim] Tera Blast Ground\n|-supereffective|p2a: Goodra\n|-damage|p2a: Goodra|0 fnt\n|faint|p2a: Goodra\n|\n|-heal|p1a: Squawkabilly|99\/100 brn|[from] Grassy Terrain\n|-damage|p1a: Squawkabilly|93\/100 brn|[from] brn\n|upkeep\n|c|\u2606BenG1021|GOATTTTTTTTTT\n|\n|t:|1699646244\n|switch|p2a: Grimmsnarl|Grimmsnarl, M, shiny|87\/100\n|turn|6\n|\n|t:|1699646256\n|move|p2a: Grimmsnarl|Reflect|p2a: Grimmsnarl\n|-sidestart|p2: Masontomato|Reflect\n|move|p1a: Squawkabilly|Facade|p2a: Grimmsnarl\n|-damage|p2a: Grimmsnarl|48\/100\n|\n|-heal|p1a: Squawkabilly|99\/100 brn|[from] Grassy Terrain\n|-heal|p2a: Grimmsnarl|54\/100|[from] Grassy Terrain\n|-damage|p1a: Squawkabilly|93\/100 brn|[from] brn\n|upkeep\n|turn|7\n|\n|t:|1699646262\n|move|p2a: Grimmsnarl|Parting Shot|p1a: Squawkabilly\n|-unboost|p1a: Squawkabilly|atk|1\n|-unboost|p1a: Squawkabilly|spa|1\n|\n|t:|1699646273\n|switch|p2a: Rillaboom|Rillaboom, M|73\/100|[from] Parting Shot\n|move|p1a: Squawkabilly|Facade|p2a: Rillaboom\n|-damage|p2a: Rillaboom|48\/100\n|\n|-heal|p2a: Rillaboom|54\/100|[from] Grassy Terrain\n|-heal|p1a: Squawkabilly|99\/100 brn|[from] Grassy Terrain\n|-damage|p1a: Squawkabilly|93\/100 brn|[from] brn\n|upkeep\n|turn|8\n|\n|t:|1699646283\n|move|p2a: Rillaboom|Drum Beating|p1a: Squawkabilly\n|-supereffective|p1a: Squawkabilly\n|-damage|p1a: Squawkabilly|0 fnt\n|faint|p1a: Squawkabilly\n|\n|-heal|p2a: Rillaboom|60\/100|[from] Grassy Terrain\n|-sideend|p2: Masontomato|move: Light Screen\n|upkeep\n|\n|t:|1699646292\n|switch|p1a: Slowking|Slowking-Galar, M, shiny|100\/100\n|turn|9\n|\n|t:|1699646395\n|switch|p2a: Gholdengo|Gholdengo|100\/100\n|move|p1a: Slowking|Sludge Bomb|p2a: Gholdengo\n|-immune|p2a: Gholdengo\n|\n|-fieldend|move: Grassy Terrain\n|upkeep\n|turn|10\n|\n|t:|1699646450\n|move|p2a: Gholdengo|Nasty Plot|p2a: Gholdengo\n|-boost|p2a: Gholdengo|spa|2\n|move|p1a: Slowking|Shadow Ball|p2a: Gholdengo\n|-supereffective|p2a: Gholdengo\n|-damage|p2a: Gholdengo|62\/100\n|\n|-heal|p2a: Gholdengo|68\/100|[from] item: Leftovers\n|upkeep\n|turn|11\n|\n|t:|1699646493\n|move|p2a: Gholdengo|Shadow Ball|p1a: Slowking\n|-supereffective|p1a: Slowking\n|-damage|p1a: Slowking|0 fnt\n|faint|p1a: Slowking\n|\n|-heal|p2a: Gholdengo|74\/100|[from] item: Leftovers\n|upkeep\n|\n|t:|1699646540\n|switch|p1a: Scream Tail|Scream Tail, shiny|100\/100\n|turn|12\n|\n|t:|1699646561\n|move|p1a: Scream Tail|Thunder Wave|p2a: Gholdengo\n|-immune|p2a: Gholdengo|[from] ability: Good as Gold\n|move|p2a: Gholdengo|Substitute|p2a: Gholdengo\n|-start|p2a: Gholdengo|Substitute\n|-damage|p2a: Gholdengo|49\/100\n|\n|-heal|p2a: Gholdengo|55\/100|[from] item: Leftovers\n|upkeep\n|turn|13\n|\n|t:|1699646570\n|move|p1a: Scream Tail|Fire Punch|p2a: Gholdengo\n|-supereffective|p2a: Gholdengo\n|-activate|p2a: Gholdengo|move: Substitute|[damage]\n|move|p2a: Gholdengo|Nasty Plot|p2a: Gholdengo\n|-boost|p2a: Gholdengo|spa|2\n|\n|-heal|p2a: Gholdengo|61\/100|[from] item: Leftovers\n|-sideend|p2: Masontomato|Reflect\n|upkeep\n|turn|14\n|\n|t:|1699646576\n|move|p1a: Scream Tail|Fire Punch|p2a: Gholdengo\n|-supereffective|p2a: Gholdengo\n|-end|p2a: Gholdengo|Substitute\n|move|p2a: Gholdengo|Shadow Ball|p1a: Scream Tail\n|-supereffective|p1a: Scream Tail\n|-damage|p1a: Scream Tail|0 fnt\n|faint|p1a: Scream Tail\n|-end|p1a: Scream Tail|Protosynthesis|[silent]\n|\n|-heal|p2a: Gholdengo|67\/100|[from] item: Leftovers\n|upkeep\n|\n|t:|1699646579\n|switch|p1a: Baxcalibur|Baxcalibur, F, shiny|100\/100\n|turn|15\n|\n|t:|1699646614\n|move|p1a: Baxcalibur|High Horsepower|p2a: Gholdengo\n|-supereffective|p2a: Gholdengo\n|-damage|p2a: Gholdengo|0 fnt\n|faint|p2a: Gholdengo\n|\n|upkeep\n|\n|t:|1699646615\n|switch|p2a: Rillaboom|Rillaboom, M|60\/100\n|-fieldstart|move: Grassy Terrain|[from] ability: Grassy Surge|[of] p2a: Rillaboom\n|turn|16\n|\n|t:|1699646627\n|move|p1a: Baxcalibur|Icicle Spear|p2a: Rillaboom\n|-supereffective|p2a: Rillaboom\n|-damage|p2a: Rillaboom|34\/100\n|-supereffective|p2a: Rillaboom\n|-damage|p2a: Rillaboom|9\/100\n|-supereffective|p2a: Rillaboom\n|-damage|p2a: Rillaboom|0 fnt\n|faint|p2a: Rillaboom\n|-hitcount|p2: Rillaboom|3\n|\n|upkeep\n|\n|t:|1699646631\n|switch|p2a: Grimmsnarl|Grimmsnarl, M, shiny|54\/100\n|turn|17\n|\n|t:|1699646634\n|move|p2a: Grimmsnarl|Reflect|p2a: Grimmsnarl\n|-sidestart|p2: Masontomato|Reflect\n|move|p1a: Baxcalibur|Icicle Spear|p2a: Grimmsnarl\n|-damage|p2a: Grimmsnarl|48\/100\n|-damage|p2a: Grimmsnarl|42\/100\n|-damage|p2a: Grimmsnarl|37\/100\n|-damage|p2a: Grimmsnarl|31\/100\n|-hitcount|p2a: Grimmsnarl|4\n|\n|-heal|p2a: Grimmsnarl|37\/100|[from] Grassy Terrain\n|upkeep\n|turn|18\n|\n|t:|1699646642\n|move|p1a: Baxcalibur|Icicle Spear|p2a: Grimmsnarl\n|-crit|p2a: Grimmsnarl\n|-damage|p2a: Grimmsnarl|19\/100\n|-damage|p2a: Grimmsnarl|13\/100\n|-damage|p2a: Grimmsnarl|7\/100\n|-damage|p2a: Grimmsnarl|2\/100\n|-damage|p2a: Grimmsnarl|0 fnt\n|faint|p2a: Grimmsnarl\n|-hitcount|p2: Grimmsnarl|5\n|\n|upkeep\n|\n|t:|1699646645\n|switch|p2a: Hawlucha|Hawlucha, M|100\/100\n|-enditem|p2a: Hawlucha|Grassy Seed\n|-boost|p2a: Hawlucha|def|1|[from] item: Grassy Seed\n|turn|19\n|c| 50UP|oh no\n|\n|t:|1699646709\n|move|p2a: Hawlucha|Swords Dance|p2a: Hawlucha\n|-boost|p2a: Hawlucha|atk|2\n|move|p1a: Baxcalibur|Icicle Spear|p2a: Hawlucha\n|-supereffective|p2a: Hawlucha\n|-damage|p2a: Hawlucha|88\/100\n|-supereffective|p2a: Hawlucha\n|-damage|p2a: Hawlucha|75\/100\n|-supereffective|p2a: Hawlucha\n|-damage|p2a: Hawlucha|62\/100\n|-supereffective|p2a: Hawlucha\n|-damage|p2a: Hawlucha|48\/100\n|-hitcount|p2a: Hawlucha|4\n|\n|upkeep\n|turn|20\n|\n|t:|1699646727\n|move|p2a: Hawlucha|Close Combat|p1a: Baxcalibur\n|-supereffective|p1a: Baxcalibur\n|-damage|p1a: Baxcalibur|0 fnt\n|-unboost|p2a: Hawlucha|def|1\n|-unboost|p2a: Hawlucha|spd|1\n|faint|p1a: Baxcalibur\n|\n|upkeep\n|\n|t:|1699646730\n|switch|p1a: Basculegion|Basculegion-F, F, shiny|100\/100\n|turn|21\n|\n|t:|1699646768\n|move|p2a: Hawlucha|Acrobatics|p1a: Basculegion\n|-damage|p1a: Basculegion|0 fnt\n|faint|p1a: Basculegion\n|\n|win|Masontomato\n|c|\u2606Masontomato|ggs\n","uploadtime":1699646774,"views":16,"p1id":"beng1021","p2id":"masontomato","formatid":"gen9anythinggoes","rating":0,"private":0,"password":""}