{"id":"gen9anythinggoes-1976993669","p1":"Nuwyrm","p2":"gooseymoment","format":"[Gen 9] Anything Goes","log":"|j|\u2606Nuwyrm\n|j|\u2606gooseymoment\n|t:|1698359723\n|gametype|singles\n|player|p1|Nuwyrm|acetrainerf|\n|player|p2|gooseymoment|169|\n|teamsize|p1|6\n|teamsize|p2|6\n|gen|9\n|tier|[Gen 9] Anything Goes\n|rule|HP Percentage Mod: HP is shown in percentages\n|rule|Endless Battle Clause: Forcing endless battles is banned\n|clearpoke\n|poke|p1|Bellibolt, M|\n|poke|p1|Walking Wake|\n|poke|p1|Sylveon, F|\n|poke|p1|Arcanine-Hisui, F|\n|poke|p1|Great Tusk|\n|poke|p1|Qwilfish-Hisui, F|\n|poke|p2|Zangoose, F|\n|poke|p2|Gholdengo|\n|poke|p2|Volcarona, F|\n|poke|p2|Gyarados, F|\n|poke|p2|Mimikyu, M|\n|poke|p2|Magnezone|\n|teampreview\n|\n|t:|1698359757\n|start\n|switch|p1a: Qwilfish|Qwilfish-Hisui, F|100\/100\n|switch|p2a: Magnezone|Magnezone|100\/100\n|-ability|p1a: Qwilfish|Intimidate|boost\n|-unboost|p2a: Magnezone|atk|1\n|turn|1\n|\n|t:|1698359799\n|move|p1a: Qwilfish|Taunt|p2a: Magnezone\n|-start|p2a: Magnezone|move: Taunt\n|move|p2a: Magnezone|Volt Switch|p1a: Qwilfish\n|-damage|p1a: Qwilfish|56\/100\n|\n|t:|1698359818\n|switch|p2a: Gyarados|Gyarados, F|100\/100|[from] Volt Switch\n|-ability|p2a: Gyarados|Intimidate|boost\n|-unboost|p1a: Qwilfish|atk|1\n|\n|upkeep\n|turn|2\n|\n|t:|1698359824\n|move|p2a: Gyarados|Earthquake|p1a: Qwilfish\n|-supereffective|p1a: Qwilfish\n|-damage|p1a: Qwilfish|0 fnt\n|faint|p1a: Qwilfish\n|\n|upkeep\n|\n|t:|1698359831\n|switch|p1a: Bellibolt|Bellibolt, M, shiny|100\/100\n|turn|3\n|\n|t:|1698359838\n|move|p2a: Gyarados|Earthquake|p1a: Bellibolt\n|-supereffective|p1a: Bellibolt\n|-damage|p1a: Bellibolt|43\/100\n|-start|p1a: Bellibolt|Charge|Earthquake|[from] ability: Electromorphosis\n|move|p1a: Bellibolt|Parabolic Charge|p2a: Gyarados\n|-supereffective|p2a: Gyarados\n|-damage|p2a: Gyarados|0 fnt\n|-heal|p1a: Bellibolt|89\/100|[from] drain|[of] p2a: Gyarados\n|faint|p2a: Gyarados\n|-end|p1a: Bellibolt|Charge|[silent]\n|\n|upkeep\n|\n|t:|1698359850\n|switch|p2a: Gholdengo|Gholdengo|100\/100\n|turn|4\n|\n|t:|1698359870\n|-terastallize|p1a: Bellibolt|Ground\n|move|p2a: Gholdengo|Shadow Ball|p1a: Bellibolt\n|-damage|p1a: Bellibolt|48\/100\n|-start|p1a: Bellibolt|Charge|Shadow Ball|[from] ability: Electromorphosis\n|move|p1a: Bellibolt|Tera Blast|p2a: Gholdengo|[anim] Tera Blast Ground\n|-supereffective|p2a: Gholdengo\n|-damage|p2a: Gholdengo|24\/100\n|\n|upkeep\n|turn|5\n|\n|t:|1698359886\n|move|p2a: Gholdengo|Shadow Ball|p1a: Bellibolt\n|-damage|p1a: Bellibolt|5\/100\n|-start|p1a: Bellibolt|Charge|Shadow Ball|[from] ability: Electromorphosis\n|move|p1a: Bellibolt|Parabolic Charge|p2a: Gholdengo\n|-damage|p2a: Gholdengo|0 fnt\n|-heal|p1a: Bellibolt|15\/100|[from] drain|[of] p2a: Gholdengo\n|faint|p2a: Gholdengo\n|-end|p1a: Bellibolt|Charge|[silent]\n|\n|upkeep\n|\n|t:|1698359901\n|switch|p2a: Zangoose|Zangoose, F|100\/100\n|turn|6\n|\n|t:|1698359910\n|move|p2a: Zangoose|Swords Dance|p2a: Zangoose\n|-boost|p2a: Zangoose|atk|2\n|move|p1a: Bellibolt|Slack Off|p1a: Bellibolt\n|-heal|p1a: Bellibolt|65\/100\n|\n|-status|p2a: Zangoose|tox|[from] item: Toxic Orb\n|upkeep\n|turn|7\n|\n|t:|1698359924\n|move|p2a: Zangoose|Facade|p1a: Bellibolt\n|-damage|p1a: Bellibolt|0 fnt\n|-damage|p2a: Zangoose|84\/100 tox|[from] item: Rocky Helmet|[of] p1a: Bellibolt\n|faint|p1a: Bellibolt\n|\n|-damage|p2a: Zangoose|78\/100 tox|[from] psn\n|upkeep\n|\n|t:|1698359936\n|switch|p1a: Walking Wake|Walking Wake|100\/100\n|turn|8\n|\n|t:|1698359946\n|move|p2a: Zangoose|Quick Attack|p1a: Walking Wake\n|-damage|p1a: Walking Wake|40\/100\n|move|p1a: Walking Wake|Surf|p2a: Zangoose\n|-damage|p2a: Zangoose|0 fnt\n|faint|p2a: Zangoose\n|\n|upkeep\n|\n|t:|1698359970\n|switch|p2a: Mimikyu|Mimikyu, M|100\/100\n|turn|9\n|\n|t:|1698359978\n|move|p1a: Walking Wake|Surf|p2a: Mimikyu\n|-activate|p2a: Mimikyu|ability: Disguise\n|-damage|p2a: Mimikyu|100\/100\n|detailschange|p2a: Mimikyu|Mimikyu-Busted, M\n|-damage|p2a: Mimikyu|88\/100|[from] pokemon: Mimikyu-Busted\n|move|p2a: Mimikyu|Swords Dance|p2a: Mimikyu\n|-boost|p2a: Mimikyu|atk|2\n|\n|upkeep\n|turn|10\n|\n|t:|1698359990\n|move|p1a: Walking Wake|Surf|p2a: Mimikyu\n|-damage|p2a: Mimikyu|0 fnt\n|faint|p2a: Mimikyu\n|\n|upkeep\n|\n|t:|1698359999\n|switch|p2a: Magnezone|Magnezone|100\/100\n|turn|11\n|\n|t:|1698360014\n|-end|p1a: Walking Wake|Protosynthesis|[silent]\n|switch|p1a: Great Tusk|Great Tusk|100\/100\n|-enditem|p1a: Great Tusk|Booster Energy\n|-activate|p1a: Great Tusk|ability: Protosynthesis|[fromitem]\n|-start|p1a: Great Tusk|protosynthesisatk\n|move|p2a: Magnezone|Volt Switch|p1a: Great Tusk\n|-immune|p1a: Great Tusk\n|\n|upkeep\n|turn|12\n|\n|t:|1698360029\n|switch|p2a: Volcarona|Volcarona, F|100\/100\n|move|p1a: Great Tusk|Earthquake|p2a: Volcarona\n|-damage|p2a: Volcarona|24\/100\n|\n|upkeep\n|turn|13\n|\n|t:|1698360050\n|move|p2a: Volcarona|Fiery Dance|p1a: Great Tusk\n|-crit|p1a: Great Tusk\n|-damage|p1a: Great Tusk|19\/100\n|move|p1a: Great Tusk|Earthquake|p2a: Volcarona\n|-damage|p2a: Volcarona|0 fnt\n|faint|p2a: Volcarona\n|\n|upkeep\n|\n|t:|1698360053\n|switch|p2a: Magnezone|Magnezone|100\/100\n|turn|14\n|\n|t:|1698360066\n|move|p1a: Great Tusk|Earthquake|p2a: Magnezone\n|-supereffective|p2a: Magnezone\n|-damage|p2a: Magnezone|0 fnt\n|faint|p2a: Magnezone\n|\n|win|Nuwyrm\n","uploadtime":1698360103,"views":22,"p1id":"nuwyrm","p2id":"gooseymoment","formatid":"gen9anythinggoes","rating":0,"private":0,"password":""}