{"id":"gen9anythinggoes-1990744122","p1":"hawkman100","p2":"fleur_forte","format":"[Gen 9] Anything Goes","log":"|j|\u2606hawkman100\n|j|\u2606fleur_forte\n|t:|1699996759\n|gametype|singles\n|player|p1|hawkman100|2|1243\n|player|p2|fleur_forte|erika|1239\n|teamsize|p1|6\n|teamsize|p2|6\n|gen|9\n|tier|[Gen 9] Anything Goes\n|rated|\n|rule|HP Percentage Mod: HP is shown in percentages\n|rule|Endless Battle Clause: Forcing endless battles is banned\n|clearpoke\n|poke|p1|Iron Bundle|\n|poke|p1|Corviknight, F|\n|poke|p1|Clodsire, M|\n|poke|p1|Calyrex-Shadow|\n|poke|p1|Arceus|\n|poke|p1|Ogerpon-Wellspring, F|\n|poke|p2|Ninetales-Alola, M|\n|poke|p2|Baxcalibur, F|\n|poke|p2|Cloyster, F|\n|poke|p2|Froslass, F|\n|poke|p2|Cetitan, F|\n|poke|p2|Frosmoth, F|\n|teampreview\n|\n|t:|1699996768\n|start\n|switch|p1a: Clodsire|Clodsire, M|100\/100\n|switch|p2a: Cloyster|Cloyster, F|100\/100\n|turn|1\n|\n|t:|1699996773\n|move|p2a: Cloyster|Icicle Spear|p1a: Clodsire\n|-supereffective|p1a: Clodsire\n|-damage|p1a: Clodsire|78\/100\n|-supereffective|p1a: Clodsire\n|-damage|p1a: Clodsire|54\/100\n|-supereffective|p1a: Clodsire\n|-damage|p1a: Clodsire|30\/100\n|-supereffective|p1a: Clodsire\n|-damage|p1a: Clodsire|10\/100\n|-supereffective|p1a: Clodsire\n|-damage|p1a: Clodsire|0 fnt\n|faint|p1a: Clodsire\n|-hitcount|p1: Clodsire|5\n|\n|upkeep\n|\n|t:|1699996787\n|switch|p1a: Iron Bundle|Iron Bundle|100\/100\n|-enditem|p1a: Iron Bundle|Booster Energy\n|-activate|p1a: Iron Bundle|ability: Quark Drive|[fromitem]\n|-start|p1a: Iron Bundle|quarkdrivespe\n|turn|2\n|\n|t:|1699996792\n|move|p1a: Iron Bundle|Freeze-Dry|p2a: Cloyster\n|-damage|p2a: Cloyster|10\/100\n|move|p2a: Cloyster|Shell Smash|p2a: Cloyster\n|-unboost|p2a: Cloyster|def|1\n|-unboost|p2a: Cloyster|spd|1\n|-boost|p2a: Cloyster|atk|2\n|-boost|p2a: Cloyster|spa|2\n|-boost|p2a: Cloyster|spe|2\n|-enditem|p2a: Cloyster|White Herb\n|-clearnegativeboost|p2a: Cloyster|[silent]\n|\n|upkeep\n|turn|3\n|\n|t:|1699996802\n|move|p1a: Iron Bundle|Freeze-Dry|p2a: Cloyster\n|-damage|p2a: Cloyster|0 fnt\n|faint|p2a: Cloyster\n|\n|upkeep\n|\n|t:|1699996806\n|switch|p2a: Ninetales|Ninetales-Alola, M, shiny|100\/100\n|-weather|Snow|[from] ability: Snow Warning|[of] p2a: Ninetales\n|turn|4\n|\n|t:|1699996817\n|move|p1a: Iron Bundle|Ice Beam|p2a: Ninetales\n|-resisted|p2a: Ninetales\n|-damage|p2a: Ninetales|78\/100\n|move|p2a: Ninetales|Aurora Veil|p2a: Ninetales\n|-sidestart|p2: fleur_forte|move: Aurora Veil\n|\n|-weather|Snow|[upkeep]\n|upkeep\n|turn|5\n|\n|t:|1699996823\n|move|p1a: Iron Bundle|Hydro Pump|p2a: Ninetales\n|-crit|p2a: Ninetales\n|-damage|p2a: Ninetales|0 fnt\n|faint|p2a: Ninetales\n|\n|-weather|Snow|[upkeep]\n|upkeep\n|\n|t:|1699996835\n|switch|p2a: Baxcalibur|Baxcalibur, F|100\/100\n|turn|6\n|\n|t:|1699996847\n|-terastallize|p1a: Iron Bundle|Fairy\n|move|p1a: Iron Bundle|Freeze-Dry|p2a: Baxcalibur\n|-crit|p2a: Baxcalibur\n|-damage|p2a: Baxcalibur|61\/100\n|move|p2a: Baxcalibur|Dragon Dance|p2a: Baxcalibur\n|-boost|p2a: Baxcalibur|atk|1\n|-boost|p2a: Baxcalibur|spe|1\n|\n|-weather|Snow|[upkeep]\n|upkeep\n|turn|7\n|\n|t:|1699996857\n|move|p1a: Iron Bundle|Taunt|p2a: Baxcalibur\n|-start|p2a: Baxcalibur|move: Taunt\n|cant|p2a: Baxcalibur|move: Taunt|Dragon Dance\n|\n|-weather|Snow|[upkeep]\n|upkeep\n|turn|8\n|\n|t:|1699996863\n|move|p1a: Iron Bundle|Hydro Pump|p2a: Baxcalibur\n|-resisted|p2a: Baxcalibur\n|-damage|p2a: Baxcalibur|50\/100\n|move|p2a: Baxcalibur|Icicle Spear|p1a: Iron Bundle\n|-damage|p1a: Iron Bundle|78\/100\n|-damage|p1a: Iron Bundle|55\/100\n|-damage|p1a: Iron Bundle|35\/100\n|-hitcount|p1a: Iron Bundle|3\n|\n|-weather|none\n|upkeep\n|turn|9\n|\n|t:|1699996872\n|move|p1a: Iron Bundle|Ice Beam|p2a: Baxcalibur\n|-damage|p2a: Baxcalibur|31\/100\n|move|p2a: Baxcalibur|Icicle Spear|p1a: Iron Bundle\n|-damage|p1a: Iron Bundle|13\/100\n|-damage|p1a: Iron Bundle|0 fnt\n|faint|p1a: Iron Bundle\n|-end|p1a: Iron Bundle|Quark Drive|[silent]\n|-hitcount|p1: Iron Bundle|2\n|\n|-end|p2a: Baxcalibur|move: Taunt\n|upkeep\n|\n|t:|1699996881\n|switch|p1a: Calyrex|Calyrex-Shadow|100\/100\n|-ability|p1a: Calyrex|As One\n|-ability|p1a: Calyrex|Unnerve\n|turn|10\n|\n|t:|1699996887\n|move|p1a: Calyrex|Astral Barrage|p2a: Baxcalibur\n|-damage|p2a: Baxcalibur|1\/100\n|move|p2a: Baxcalibur|Glaive Rush|p1a: Calyrex\n|-enditem|p1a: Calyrex|Focus Sash\n|-damage|p1a: Calyrex|1\/100\n|-singlemove|p2a: Baxcalibur|Glaive Rush|[silent]\n|\n|upkeep\n|turn|11\n|\n|t:|1699996897\n|move|p1a: Calyrex|Astral Barrage|p2a: Baxcalibur\n|-damage|p2a: Baxcalibur|0 fnt\n|faint|p2a: Baxcalibur\n|-ability|p1a: Calyrex|Grim Neigh|boost\n|-boost|p1a: Calyrex|spa|1\n|\n|-sideend|p2: fleur_forte|move: Aurora Veil\n|upkeep\n|\n|t:|1699996901\n|switch|p2a: Cetitan|Cetitan, F|100\/100\n|turn|12\n|\n|t:|1699996907\n|move|p2a: Cetitan|Ice Shard|p1a: Calyrex\n|-damage|p1a: Calyrex|0 fnt\n|faint|p1a: Calyrex\n|\n|upkeep\n|\n|t:|1699996917\n|switch|p1a: Arceus|Arceus|100\/100\n|turn|13\n|\n|t:|1699996921\n|move|p1a: Arceus|Calm Mind|p1a: Arceus\n|-boost|p1a: Arceus|spa|1\n|-boost|p1a: Arceus|spd|1\n|move|p2a: Cetitan|Belly Drum|p2a: Cetitan\n|-damage|p2a: Cetitan|50\/100\n|-setboost|p2a: Cetitan|atk|6|[from] move: Belly Drum\n|\n|upkeep\n|turn|14\n|\n|t:|1699996931\n|move|p1a: Arceus|Extreme Speed|p2a: Cetitan\n|-damage|p2a: Cetitan|12\/100\n|-enditem|p2a: Cetitan|Iapapa Berry|[eat]\n|-heal|p2a: Cetitan|46\/100|[from] item: Iapapa Berry\n|move|p2a: Cetitan|Body Slam|p1a: Arceus\n|-damage|p1a: Arceus|25\/100\n|-status|p1a: Arceus|par\n|\n|-heal|p1a: Arceus|31\/100 par|[from] item: Leftovers\n|upkeep\n|turn|15\n|\n|t:|1699996941\n|move|p1a: Arceus|Extreme Speed|p2a: Cetitan\n|-damage|p2a: Cetitan|9\/100\n|move|p2a: Cetitan|Ice Shard|p1a: Arceus\n|-damage|p1a: Arceus|0 fnt\n|faint|p1a: Arceus\n|\n|upkeep\n|\n|t:|1699996948\n|switch|p1a: Corviknight|Corviknight, F|100\/100\n|-ability|p1a: Corviknight|Pressure\n|turn|16\n|\n|t:|1699996952\n|move|p2a: Cetitan|Ice Shard|p1a: Corviknight\n|-damage|p1a: Corviknight|43\/100\n|move|p1a: Corviknight|Bulk Up|p1a: Corviknight\n|-boost|p1a: Corviknight|atk|1\n|-boost|p1a: Corviknight|def|1\n|\n|upkeep\n|turn|17\n|\n|t:|1699996962\n|move|p2a: Cetitan|Ice Shard|p1a: Corviknight\n|-damage|p1a: Corviknight|9\/100\n|move|p1a: Corviknight|Brave Bird|p2a: Cetitan\n|-damage|p2a: Cetitan|0 fnt\n|faint|p2a: Cetitan\n|-damage|p1a: Corviknight|5\/100|[from] Recoil\n|\n|upkeep\n|\n|t:|1699996969\n|switch|p2a: Froslass|Froslass, F, shiny|100\/100\n|turn|18\n|\n|t:|1699996972\n|move|p2a: Froslass|Will-O-Wisp|p1a: Corviknight\n|-status|p1a: Corviknight|brn\n|move|p1a: Corviknight|Roost|p1a: Corviknight\n|-heal|p1a: Corviknight|55\/100 brn\n|-singleturn|p1a: Corviknight|move: Roost\n|\n|-damage|p1a: Corviknight|49\/100 brn|[from] brn\n|upkeep\n|turn|19\n|\n|t:|1699996980\n|move|p2a: Froslass|Taunt|p1a: Corviknight\n|-start|p1a: Corviknight|move: Taunt\n|cant|p1a: Corviknight|move: Taunt|Roost\n|\n|-damage|p1a: Corviknight|43\/100 brn|[from] brn\n|upkeep\n|turn|20\n|\n|t:|1699996987\n|move|p2a: Froslass|Haze|p2a: Froslass\n|-clearallboost\n|move|p1a: Corviknight|Brave Bird|p2a: Froslass\n|-damage|p2a: Froslass|77\/100\n|-damage|p1a: Corviknight|37\/100 brn|[from] Recoil\n|-enditem|p2a: Froslass|Eject Button\n|\n|t:|1699996989\n|switch|p2a: Frosmoth|Frosmoth, F, shiny|100\/100\n|\n|-damage|p1a: Corviknight|31\/100 brn|[from] brn\n|upkeep\n|turn|21\n|\n|t:|1699996998\n|move|p2a: Frosmoth|Quiver Dance|p2a: Frosmoth\n|-boost|p2a: Frosmoth|spa|1\n|-boost|p2a: Frosmoth|spd|1\n|-boost|p2a: Frosmoth|spe|1\n|move|p1a: Corviknight|Brave Bird|p2a: Frosmoth\n|-supereffective|p2a: Frosmoth\n|-damage|p2a: Frosmoth|36\/100\n|-damage|p1a: Corviknight|15\/100 brn|[from] Recoil\n|\n|-damage|p1a: Corviknight|9\/100 brn|[from] brn\n|-end|p1a: Corviknight|move: Taunt\n|upkeep\n|turn|22\n|\n|t:|1699997008\n|-terastallize|p2a: Frosmoth|Fire\n|move|p2a: Frosmoth|Tera Blast|p1a: Corviknight|[anim] Tera Blast Fire\n|-supereffective|p1a: Corviknight\n|-damage|p1a: Corviknight|0 fnt\n|faint|p1a: Corviknight\n|\n|upkeep\n|\n|t:|1699997017\n|switch|p1a: Ogerpon|Ogerpon-Wellspring, F|100\/100\n|turn|23\n|\n|t:|1699997023\n|switch|p2a: Froslass|Froslass, F, shiny|77\/100\n|move|p1a: Ogerpon|Ivy Cudgel|p2a: Froslass|[anim] Ivy Cudgel Water\n|-crit|p2a: Froslass\n|-damage|p2a: Froslass|0 fnt\n|faint|p2a: Froslass\n|\n|upkeep\n|\n|t:|1699997028\n|switch|p2a: Frosmoth|Frosmoth, F, shiny, tera:Fire|36\/100\n|turn|24\n|\n|t:|1699997031\n|move|p1a: Ogerpon|Ivy Cudgel|p2a: Frosmoth|[anim] Ivy Cudgel Water\n|-supereffective|p2a: Frosmoth\n|-crit|p2a: Frosmoth\n|-damage|p2a: Frosmoth|0 fnt\n|faint|p2a: Frosmoth\n|\n|win|hawkman100\n|raw|hawkman100's rating: 1243 &rarr; <strong>1268<\/strong><br \/>(+25 for winning)\n|raw|fleur_forte's rating: 1239 &rarr; <strong>1214<\/strong><br \/>(-25 for losing)\n|l|\u2606fleur_forte\n","uploadtime":1699997050,"views":4,"p1id":"hawkman100","p2id":"fleurforte","formatid":"gen9anythinggoes","rating":1214,"private":0,"password":""}