{"id":"gen9anythinggoes-1980375602","p1":"magicalsushii","p2":"garogarogaro","format":"[Gen 9] Anything Goes","log":"|j|\u2606magicalsushii\n|j|\u2606garogarogaro\n|t:|1698779501\n|gametype|singles\n|player|p1|magicalsushii|ingo|1000\n|player|p2|garogarogaro|li|1069\n|teamsize|p1|6\n|teamsize|p2|6\n|gen|9\n|tier|[Gen 9] Anything Goes\n|rated|\n|rule|HP Percentage Mod: HP is shown in percentages\n|rule|Endless Battle Clause: Forcing endless battles is banned\n|clearpoke\n|poke|p1|Ogerpon-Hearthflame, F|\n|poke|p1|Hatterene, F|\n|poke|p1|Toxapex, M|\n|poke|p1|Glimmora, F|\n|poke|p1|Rayquaza|\n|poke|p1|Volcarona, F|\n|poke|p2|Iron Valiant|\n|poke|p2|Gallade, M|\n|poke|p2|Gardevoir, M|\n|poke|p2|Pawmot, F|\n|poke|p2|Ceruledge, M|\n|poke|p2|Armarouge, M|\n|teampreview\n|inactive|Battle timer is ON: inactive players will automatically lose when time's up. (requested by magicalsushii)\n|\n|t:|1698779508\n|start\n|switch|p1a: Glimmora|Glimmora, F|100\/100\n|switch|p2a: MegaMan|Ceruledge, M, shiny|100\/100\n|turn|1\n|\n|t:|1698779535\n|move|p2a: MegaMan|Swords Dance|p2a: MegaMan\n|-boost|p2a: MegaMan|atk|2\n|move|p1a: Glimmora|Stealth Rock|p2a: MegaMan\n|-sidestart|p2: garogarogaro|move: Stealth Rock\n|\n|upkeep\n|turn|2\n|inactive|garogarogaro has 120 seconds left.\n|\n|t:|1698779552\n|move|p2a: MegaMan|Swords Dance|p2a: MegaMan\n|-boost|p2a: MegaMan|atk|2\n|move|p1a: Glimmora|Spikes|p2a: MegaMan\n|-sidestart|p2: garogarogaro|Spikes\n|\n|upkeep\n|turn|3\n|\n|t:|1698779559\n|move|p2a: MegaMan|Swords Dance|p2a: MegaMan\n|-boost|p2a: MegaMan|atk|2\n|move|p1a: Glimmora|Spikes|p2a: MegaMan\n|-sidestart|p2: garogarogaro|Spikes\n|\n|upkeep\n|turn|4\n|\n|t:|1698779571\n|move|p2a: MegaMan|Shadow Sneak|p1a: Glimmora\n|-damage|p1a: Glimmora|16\/100\n|-activate|p1a: Glimmora|ability: Toxic Debris\n|-sidestart|p2: garogarogaro|move: Toxic Spikes\n|move|p1a: Glimmora|Spikes|p2a: MegaMan\n|-sidestart|p2: garogarogaro|Spikes\n|\n|upkeep\n|turn|5\n|\n|t:|1698779578\n|move|p1a: Glimmora|Spiky Shield|p1a: Glimmora\n|-singleturn|p1a: Glimmora|move: Protect\n|move|p2a: MegaMan|Shadow Sneak|p1a: Glimmora\n|-activate|p1a: Glimmora|move: Protect\n|-damage|p2a: MegaMan|88\/100|[from] Spiky Shield|[of] p1a: Glimmora\n|\n|upkeep\n|turn|6\n|\n|t:|1698779586\n|move|p2a: MegaMan|Shadow Sneak|p1a: Glimmora\n|-damage|p1a: Glimmora|0 fnt\n|-activate|p1a: Glimmora|ability: Toxic Debris\n|-sidestart|p2: garogarogaro|move: Toxic Spikes\n|faint|p1a: Glimmora\n|\n|upkeep\n|\n|t:|1698779594\n|switch|p1a: Toxapex|Toxapex, M|100\/100\n|turn|7\n|\n|t:|1698779600\n|move|p1a: Toxapex|Baneful Bunker|p1a: Toxapex\n|-singleturn|p1a: Toxapex|move: Protect\n|move|p2a: MegaMan|Shadow Sneak|p1a: Toxapex\n|-activate|p1a: Toxapex|move: Protect\n|-status|p2a: MegaMan|psn\n|\n|-damage|p2a: MegaMan|76\/100 psn|[from] psn\n|upkeep\n|turn|8\n|\n|t:|1698779610\n|move|p2a: MegaMan|Shadow Sneak|p1a: Toxapex\n|-damage|p1a: Toxapex|30\/100\n|move|p1a: Toxapex|Haze|p1a: Toxapex\n|-clearallboost\n|\n|-heal|p1a: Toxapex|36\/100|[from] item: Black Sludge\n|-damage|p2a: MegaMan|63\/100 psn|[from] psn\n|upkeep\n|turn|9\n|\n|t:|1698779629\n|move|p2a: MegaMan|Shadow Sneak|p1a: Toxapex\n|-damage|p1a: Toxapex|17\/100\n|move|p1a: Toxapex|Recover|p1a: Toxapex\n|-heal|p1a: Toxapex|67\/100\n|\n|-heal|p1a: Toxapex|73\/100|[from] item: Black Sludge\n|-damage|p2a: MegaMan|51\/100 psn|[from] psn\n|upkeep\n|turn|10\n|\n|t:|1698779648\n|switch|p1a: Hatterene|Hatterene, F|100\/100\n|move|p2a: MegaMan|Bitter Blade|p1a: Hatterene\n|-damage|p1a: Hatterene|54\/100\n|-heal|p2a: MegaMan|71\/100 psn|[from] drain|[of] p1a: Hatterene\n|\n|-damage|p2a: MegaMan|59\/100 psn|[from] psn\n|upkeep\n|turn|11\n|\n|t:|1698779661\n|move|p2a: MegaMan|Bitter Blade|p1a: Hatterene\n|-damage|p1a: Hatterene|3\/100\n|-heal|p2a: MegaMan|81\/100 psn|[from] drain|[of] p1a: Hatterene\n|move|p1a: Hatterene|Trick|p2a: MegaMan\n|-activate|p1a: Hatterene|move: Trick|[of] p2a: MegaMan\n|-item|p2a: MegaMan|Lagging Tail|[from] move: Trick\n|-item|p1a: Hatterene|Focus Sash|[from] move: Trick\n|\n|-damage|p2a: MegaMan|69\/100 psn|[from] psn\n|upkeep\n|turn|12\n|\n|t:|1698779674\n|move|p1a: Hatterene|Protect|p1a: Hatterene\n|-singleturn|p1a: Hatterene|Protect\n|move|p2a: MegaMan|Bitter Blade|p1a: Hatterene\n|-activate|p1a: Hatterene|move: Protect\n|\n|-damage|p2a: MegaMan|57\/100 psn|[from] psn\n|upkeep\n|turn|13\n|\n|t:|1698779684\n|move|p1a: Hatterene|Dark Pulse|p2a: MegaMan\n|-supereffective|p2a: MegaMan\n|-damage|p2a: MegaMan|0 fnt\n|faint|p2a: MegaMan\n|\n|upkeep\n|\n|t:|1698779704\n|switch|p2a: ProtoMan|Armarouge, M, shiny|100\/100\n|-damage|p2a: ProtoMan|76\/100|[from] Stealth Rock\n|-damage|p2a: ProtoMan|51\/100|[from] Spikes\n|-status|p2a: ProtoMan|tox\n|turn|14\n|\n|t:|1698779713\n|move|p1a: Hatterene|Protect|p1a: Hatterene\n|-singleturn|p1a: Hatterene|Protect\n|move|p2a: ProtoMan|Flash Cannon|p1a: Hatterene\n|-activate|p1a: Hatterene|move: Protect\n|\n|-damage|p2a: ProtoMan|45\/100 tox|[from] psn\n|upkeep\n|turn|15\n|\n|t:|1698779722\n|move|p2a: ProtoMan|Flash Cannon|p1a: Hatterene\n|-supereffective|p1a: Hatterene\n|-damage|p1a: Hatterene|0 fnt\n|faint|p1a: Hatterene\n|\n|-damage|p2a: ProtoMan|32\/100 tox|[from] psn\n|upkeep\n|\n|t:|1698779731\n|switch|p1a: Ogerpon|Ogerpon-Hearthflame, F|100\/100\n|-ability|p1a: Ogerpon|Mold Breaker\n|turn|16\n|\n|t:|1698779740\n|-terastallize|p1a: Ogerpon|Fire\n|detailschange|p1a: Ogerpon|Ogerpon-Hearthflame-Tera, F, tera:Fire\n|-ability|p1a: Ogerpon|Embody Aspect (Hearthflame)|boost\n|-boost|p1a: Ogerpon|atk|1\n|move|p1a: Ogerpon|Play Rough|p2a: ProtoMan\n|-resisted|p2a: ProtoMan\n|-damage|p2a: ProtoMan|7\/100 tox\n|-ability|p2a: ProtoMan|Weak Armor|boost\n|-unboost|p2a: ProtoMan|def|1\n|-boost|p2a: ProtoMan|spe|2\n|move|p2a: ProtoMan|Armor Cannon|p1a: Ogerpon\n|-resisted|p1a: Ogerpon\n|-damage|p1a: Ogerpon|58\/100\n|-unboost|p2a: ProtoMan|def|1\n|-unboost|p2a: ProtoMan|spd|1\n|\n|-damage|p2a: ProtoMan|0 fnt|[from] psn\n|faint|p2a: ProtoMan\n|upkeep\n|\n|t:|1698779761\n|switch|p2a: Jes\u00fas de Nazaret|Pawmot, F, shiny|100\/100\n|-damage|p2a: Jes\u00fas de Nazaret|94\/100|[from] Stealth Rock\n|-damage|p2a: Jes\u00fas de Nazaret|69\/100|[from] Spikes\n|-status|p2a: Jes\u00fas de Nazaret|tox\n|turn|17\n|\n|t:|1698779770\n|move|p1a: Ogerpon|Ivy Cudgel|p2a: Jes\u00fas de Nazaret\n|-damage|p2a: Jes\u00fas de Nazaret|0 fnt\n|faint|p2a: Jes\u00fas de Nazaret\n|\n|upkeep\n|\n|t:|1698779782\n|switch|p2a: Musashi|Gallade, M, shiny|100\/100\n|-damage|p2a: Musashi|94\/100|[from] Stealth Rock\n|-damage|p2a: Musashi|69\/100|[from] Spikes\n|-status|p2a: Musashi|tox\n|turn|18\n|\n|t:|1698779788\n|-terastallize|p2a: Musashi|Water\n|move|p1a: Ogerpon|Play Rough|p2a: Musashi\n|-damage|p2a: Musashi|0 fnt\n|faint|p2a: Musashi\n|\n|upkeep\n|\n|t:|1698779798\n|switch|p2a: It's a Trap|Gardevoir, M, shiny|100\/100\n|-damage|p2a: It's a Trap|88\/100|[from] Stealth Rock\n|-damage|p2a: It's a Trap|63\/100|[from] Spikes\n|-status|p2a: It's a Trap|tox\n|turn|19\n|\n|t:|1698779823\n|move|p1a: Ogerpon|Ivy Cudgel|p2a: It's a Trap\n|-crit|p2a: It's a Trap\n|-damage|p2a: It's a Trap|0 fnt\n|faint|p2a: It's a Trap\n|\n|upkeep\n|\n|t:|1698779829\n|switch|p2a: Mecha Killer|Iron Valiant, shiny|100\/100\n|-damage|p2a: Mecha Killer|94\/100|[from] Stealth Rock\n|-damage|p2a: Mecha Killer|69\/100|[from] Spikes\n|-status|p2a: Mecha Killer|tox\n|-enditem|p2a: Mecha Killer|Booster Energy\n|-activate|p2a: Mecha Killer|ability: Quark Drive|[fromitem]\n|-start|p2a: Mecha Killer|quarkdrivespe\n|turn|20\n|\n|t:|1698779844\n|move|p1a: Ogerpon|Spiky Shield|p1a: Ogerpon\n|-singleturn|p1a: Ogerpon|move: Protect\n|move|p2a: Mecha Killer|Spirit Break|p1a: Ogerpon\n|-activate|p1a: Ogerpon|move: Protect\n|-damage|p2a: Mecha Killer|57\/100 tox|[from] Spiky Shield|[of] p1a: Ogerpon\n|\n|-damage|p2a: Mecha Killer|51\/100 tox|[from] psn\n|upkeep\n|turn|21\n|\n|t:|1698779853\n|move|p2a: Mecha Killer|Spirit Break|p1a: Ogerpon\n|-resisted|p1a: Ogerpon\n|-damage|p1a: Ogerpon|33\/100\n|-unboost|p1a: Ogerpon|spa|1\n|move|p1a: Ogerpon|Horn Leech|p2a: Mecha Killer\n|-damage|p2a: Mecha Killer|0 fnt\n|-heal|p1a: Ogerpon|57\/100|[from] drain|[of] p2a: Mecha Killer\n|faint|p2a: Mecha Killer\n|-end|p2a: Mecha Killer|Quark Drive|[silent]\n|\n|win|magicalsushii\n|raw|magicalsushii's rating: 1000 &rarr; <strong>1048<\/strong><br \/>(+48 for winning)\n|raw|garogarogaro's rating: 1069 &rarr; <strong>1045<\/strong><br \/>(-24 for losing)\n","uploadtime":1698779858,"views":7,"p1id":"magicalsushii","p2id":"garogarogaro","formatid":"gen9anythinggoes","rating":1045,"private":0,"password":""}