{"id":"gen9anythinggoes-2000094832","p1":"jmoneystackzzz","p2":"SleepyTheGhost","format":"[Gen 9] Anything Goes","log":"|j|\u2606jmoneystackzzz\n|j|\u2606SleepyTheGhost\n|t:|1701153766\n|gametype|singles\n|player|p1|jmoneystackzzz|swimmer-gen4dp|\n|player|p2|SleepyTheGhost|pokemonbreederf|\n|teamsize|p1|6\n|teamsize|p2|6\n|gen|9\n|tier|[Gen 9] Anything Goes\n|rule|HP Percentage Mod: HP is shown in percentages\n|rule|Endless Battle Clause: Forcing endless battles is banned\n|clearpoke\n|poke|p1|Garganacl, F|\n|poke|p1|Garganacl, F|\n|poke|p1|Garganacl, M|\n|poke|p1|Garganacl, F|\n|poke|p1|Garganacl, F|\n|poke|p1|Garganacl, F|\n|poke|p2|Cryogonal|\n|poke|p2|Mamoswine, M|\n|poke|p2|Wo-Chien|\n|poke|p2|Zapdos|\n|poke|p2|Goodra, F|\n|poke|p2|Basculegion-F, F|\n|teampreview\n|j| ParadoxBanOfficial\n|j| Luminary of Ass\n|\n|t:|1701153830\n|start\n|switch|p1a: Autoclicking|Garganacl, F|100\/100\n|switch|p2a: Basculegion|Basculegion-F, F|100\/100\n|turn|1\n|\n|t:|1701153837\n|-terastallize|p2a: Basculegion|Water\n|move|p2a: Basculegion|Hydro Pump|p1a: Autoclicking\n|-supereffective|p1a: Autoclicking\n|-damage|p1a: Autoclicking|2\/100\n|move|p1a: Autoclicking|Salt Cure|p2a: Basculegion\n|-damage|p2a: Basculegion|84\/100\n|-start|p2a: Basculegion|Salt Cure\n|\n|-heal|p1a: Autoclicking|9\/100|[from] item: Leftovers\n|-damage|p2a: Basculegion|59\/100|[from] Salt Cure\n|upkeep\n|turn|2\n|c| ParadoxBanOfficial|We're making it out of the salt mines with this one \ud83d\udd25\ud83d\udd25\ud83d\udd25\ud83d\udd25\ud83d\udd25\ud83d\udd25\n|\n|t:|1701153848\n|move|p2a: Basculegion|Hydro Pump|p1a: Autoclicking|[miss]\n|-miss|p2a: Basculegion|p1a: Autoclicking\n|move|p1a: Autoclicking|Salt Cure|p2a: Basculegion\n|-damage|p2a: Basculegion|40\/100\n|\n|-heal|p1a: Autoclicking|15\/100|[from] item: Leftovers\n|-damage|p2a: Basculegion|15\/100|[from] Salt Cure\n|upkeep\n|turn|3\n|\n|t:|1701153856\n|move|p2a: Basculegion|Hydro Pump|p1a: Autoclicking\n|-supereffective|p1a: Autoclicking\n|-damage|p1a: Autoclicking|0 fnt\n|faint|p1a: Autoclicking\n|\n|-damage|p2a: Basculegion|0 fnt|[from] Salt Cure\n|faint|p2a: Basculegion\n|upkeep\n|\n|t:|1701153864\n|switch|p2a: Wo-Chien|Wo-Chien|100\/100\n|switch|p1a: Autoclicking|Garganacl, F|100\/100\n|-ability|p2a: Wo-Chien|Tablets of Ruin\n|turn|4\n|\n|t:|1701153872\n|move|p2a: Wo-Chien|Leech Seed|p1a: Autoclicking\n|-start|p1a: Autoclicking|move: Leech Seed\n|move|p1a: Autoclicking|Salt Cure|p2a: Wo-Chien\n|-damage|p2a: Wo-Chien|90\/100\n|\n|-damage|p1a: Autoclicking|88\/100|[from] Leech Seed|[of] p2a: Wo-Chien\n|-heal|p2a: Wo-Chien|100\/100|[silent]\n|upkeep\n|turn|5\n|\n|t:|1701153879\n|move|p2a: Wo-Chien|Giga Drain|p1a: Autoclicking\n|-supereffective|p1a: Autoclicking\n|-damage|p1a: Autoclicking|53\/100\n|move|p1a: Autoclicking|Salt Cure|p2a: Wo-Chien\n|-damage|p2a: Wo-Chien|91\/100\n|\n|-heal|p1a: Autoclicking|60\/100|[from] item: Leftovers\n|-damage|p1a: Autoclicking|47\/100|[from] Leech Seed|[of] p2a: Wo-Chien\n|-heal|p2a: Wo-Chien|100\/100|[silent]\n|upkeep\n|turn|6\n|\n|t:|1701153887\n|move|p2a: Wo-Chien|Giga Drain|p1a: Autoclicking\n|-supereffective|p1a: Autoclicking\n|-damage|p1a: Autoclicking|13\/100\n|move|p1a: Autoclicking|Salt Cure|p2a: Wo-Chien\n|-damage|p2a: Wo-Chien|91\/100\n|\n|-heal|p1a: Autoclicking|19\/100|[from] item: Leftovers\n|-damage|p1a: Autoclicking|6\/100|[from] Leech Seed|[of] p2a: Wo-Chien\n|-heal|p2a: Wo-Chien|100\/100|[silent]\n|upkeep\n|turn|7\n|\n|t:|1701153896\n|move|p2a: Wo-Chien|Giga Drain|p1a: Autoclicking\n|-supereffective|p1a: Autoclicking\n|-damage|p1a: Autoclicking|0 fnt\n|faint|p1a: Autoclicking\n|\n|upkeep\n|\n|t:|1701153900\n|switch|p1a: Autoclicking|Garganacl, M|100\/100\n|turn|8\n|\n|t:|1701153903\n|move|p2a: Wo-Chien|Leech Seed|p1a: Autoclicking\n|-start|p1a: Autoclicking|move: Leech Seed\n|move|p1a: Autoclicking|Salt Cure|p2a: Wo-Chien\n|-damage|p2a: Wo-Chien|91\/100\n|\n|-damage|p1a: Autoclicking|88\/100|[from] Leech Seed|[of] p2a: Wo-Chien\n|-heal|p2a: Wo-Chien|100\/100|[silent]\n|upkeep\n|turn|9\n|\n|t:|1701153909\n|move|p2a: Wo-Chien|Ruination|p1a: Autoclicking\n|-damage|p1a: Autoclicking|44\/100\n|move|p1a: Autoclicking|Salt Cure|p2a: Wo-Chien\n|-damage|p2a: Wo-Chien|90\/100\n|\n|-heal|p1a: Autoclicking|50\/100|[from] item: Leftovers\n|-damage|p1a: Autoclicking|38\/100|[from] Leech Seed|[of] p2a: Wo-Chien\n|-heal|p2a: Wo-Chien|100\/100|[silent]\n|upkeep\n|turn|10\n|\n|t:|1701153918\n|move|p2a: Wo-Chien|Ruination|p1a: Autoclicking\n|-damage|p1a: Autoclicking|19\/100\n|move|p1a: Autoclicking|Salt Cure|p2a: Wo-Chien\n|-damage|p2a: Wo-Chien|91\/100\n|\n|-heal|p1a: Autoclicking|25\/100|[from] item: Leftovers\n|-damage|p1a: Autoclicking|13\/100|[from] Leech Seed|[of] p2a: Wo-Chien\n|-heal|p2a: Wo-Chien|100\/100|[silent]\n|upkeep\n|turn|11\n|\n|t:|1701153926\n|move|p2a: Wo-Chien|Giga Drain|p1a: Autoclicking\n|-supereffective|p1a: Autoclicking\n|-damage|p1a: Autoclicking|0 fnt\n|faint|p1a: Autoclicking\n|\n|upkeep\n|\n|t:|1701153930\n|switch|p1a: Autoclicking|Garganacl, F|100\/100\n|turn|12\n|\n|t:|1701153935\n|move|p2a: Wo-Chien|Leech Seed|p1a: Autoclicking\n|-start|p1a: Autoclicking|move: Leech Seed\n|move|p1a: Autoclicking|Salt Cure|p2a: Wo-Chien\n|-damage|p2a: Wo-Chien|90\/100\n|\n|-damage|p1a: Autoclicking|88\/100|[from] Leech Seed|[of] p2a: Wo-Chien\n|-heal|p2a: Wo-Chien|100\/100|[silent]\n|upkeep\n|turn|13\n|\n|t:|1701153942\n|move|p2a: Wo-Chien|Giga Drain|p1a: Autoclicking\n|-supereffective|p1a: Autoclicking\n|-damage|p1a: Autoclicking|56\/100\n|move|p1a: Autoclicking|Salt Cure|p2a: Wo-Chien\n|-damage|p2a: Wo-Chien|91\/100\n|\n|-heal|p1a: Autoclicking|63\/100|[from] item: Leftovers\n|-damage|p1a: Autoclicking|50\/100|[from] Leech Seed|[of] p2a: Wo-Chien\n|-heal|p2a: Wo-Chien|100\/100|[silent]\n|upkeep\n|turn|14\n|\n|t:|1701153950\n|move|p2a: Wo-Chien|Giga Drain|p1a: Autoclicking\n|-supereffective|p1a: Autoclicking\n|-damage|p1a: Autoclicking|16\/100\n|move|p1a: Autoclicking|Salt Cure|p2a: Wo-Chien\n|-damage|p2a: Wo-Chien|91\/100\n|\n|-heal|p1a: Autoclicking|22\/100|[from] item: Leftovers\n|-damage|p1a: Autoclicking|10\/100|[from] Leech Seed|[of] p2a: Wo-Chien\n|-heal|p2a: Wo-Chien|100\/100|[silent]\n|upkeep\n|turn|15\n|\n|t:|1701153959\n|move|p2a: Wo-Chien|Giga Drain|p1a: Autoclicking\n|-supereffective|p1a: Autoclicking\n|-damage|p1a: Autoclicking|0 fnt\n|faint|p1a: Autoclicking\n|\n|upkeep\n|\n|t:|1701153963\n|switch|p1a: Autoclicking|Garganacl, F|100\/100\n|turn|16\n|\n|t:|1701153966\n|move|p2a: Wo-Chien|Giga Drain|p1a: Autoclicking\n|-supereffective|p1a: Autoclicking\n|-damage|p1a: Autoclicking|66\/100\n|move|p1a: Autoclicking|Salt Cure|p2a: Wo-Chien\n|-damage|p2a: Wo-Chien|90\/100\n|\n|-heal|p1a: Autoclicking|73\/100|[from] item: Leftovers\n|upkeep\n|turn|17\n|\n|t:|1701153973\n|move|p2a: Wo-Chien|Giga Drain|p1a: Autoclicking\n|-supereffective|p1a: Autoclicking\n|-damage|p1a: Autoclicking|41\/100\n|-heal|p2a: Wo-Chien|100\/100|[from] drain|[of] p1a: Autoclicking\n|move|p1a: Autoclicking|Salt Cure|p2a: Wo-Chien\n|-damage|p2a: Wo-Chien|91\/100\n|\n|-heal|p1a: Autoclicking|48\/100|[from] item: Leftovers\n|upkeep\n|turn|18\n|\n|t:|1701153981\n|move|p2a: Wo-Chien|Giga Drain|p1a: Autoclicking\n|-supereffective|p1a: Autoclicking\n|-damage|p1a: Autoclicking|14\/100\n|-heal|p2a: Wo-Chien|100\/100|[from] drain|[of] p1a: Autoclicking\n|move|p1a: Autoclicking|Salt Cure|p2a: Wo-Chien\n|-damage|p2a: Wo-Chien|91\/100\n|\n|-heal|p1a: Autoclicking|21\/100|[from] item: Leftovers\n|upkeep\n|turn|19\n|\n|t:|1701153989\n|move|p2a: Wo-Chien|Giga Drain|p1a: Autoclicking\n|-supereffective|p1a: Autoclicking\n|-damage|p1a: Autoclicking|0 fnt\n|-heal|p2a: Wo-Chien|100\/100|[from] drain|[of] p1a: Autoclicking\n|faint|p1a: Autoclicking\n|\n|upkeep\n|\n|t:|1701153994\n|switch|p1a: Autoclicking|Garganacl, F|100\/100\n|turn|20\n|\n|t:|1701153997\n|move|p2a: Wo-Chien|Giga Drain|p1a: Autoclicking\n|-supereffective|p1a: Autoclicking\n|-damage|p1a: Autoclicking|69\/100\n|move|p1a: Autoclicking|Salt Cure|p2a: Wo-Chien\n|-damage|p2a: Wo-Chien|90\/100\n|\n|-heal|p1a: Autoclicking|75\/100|[from] item: Leftovers\n|upkeep\n|turn|21\n|\n|t:|1701154004\n|move|p2a: Wo-Chien|Giga Drain|p1a: Autoclicking\n|-supereffective|p1a: Autoclicking\n|-damage|p1a: Autoclicking|42\/100\n|-heal|p2a: Wo-Chien|100\/100|[from] drain|[of] p1a: Autoclicking\n|move|p1a: Autoclicking|Salt Cure|p2a: Wo-Chien\n|-damage|p2a: Wo-Chien|91\/100\n|\n|-heal|p1a: Autoclicking|49\/100|[from] item: Leftovers\n|upkeep\n|turn|22\n|\n|t:|1701154012\n|move|p2a: Wo-Chien|Giga Drain|p1a: Autoclicking\n|-supereffective|p1a: Autoclicking\n|-damage|p1a: Autoclicking|17\/100\n|-heal|p2a: Wo-Chien|100\/100|[from] drain|[of] p1a: Autoclicking\n|move|p1a: Autoclicking|Salt Cure|p2a: Wo-Chien\n|-damage|p2a: Wo-Chien|91\/100\n|\n|-heal|p1a: Autoclicking|24\/100|[from] item: Leftovers\n|upkeep\n|turn|23\n|\n|t:|1701154021\n|move|p2a: Wo-Chien|Giga Drain|p1a: Autoclicking\n|-supereffective|p1a: Autoclicking\n|-damage|p1a: Autoclicking|0 fnt\n|-heal|p2a: Wo-Chien|100\/100|[from] drain|[of] p1a: Autoclicking\n|faint|p1a: Autoclicking\n|\n|win|SleepyTheGhost\n","uploadtime":1701154031,"views":5,"p1id":"jmoneystackzzz","p2id":"sleepytheghost","formatid":"gen9anythinggoes","rating":0,"private":0,"password":""}