{"id":"gen9anythinggoes-1995606322","p1":"Jeremy647","p2":"Deztroyed.exe","format":"[Gen 9] Anything Goes","log":"|j|\u2606Jeremy647\n|j|\u2606Deztroyed.exe\n|t:|1700586932\n|gametype|singles\n|player|p1|Jeremy647|ruinmaniac|1364\n|player|p2|Deztroyed.exe|170|1345\n|teamsize|p1|6\n|teamsize|p2|6\n|gen|9\n|tier|[Gen 9] Anything Goes\n|rated|\n|rule|HP Percentage Mod: HP is shown in percentages\n|rule|Endless Battle Clause: Forcing endless battles is banned\n|clearpoke\n|poke|p1|Regieleki|\n|poke|p1|Espathra, M|\n|poke|p1|Palafin, M|\n|poke|p1|Rayquaza|\n|poke|p1|Ogerpon-Hearthflame, F|\n|poke|p1|Ursaluna-Bloodmoon, M|\n|poke|p2|Ogerpon-Hearthflame, F|\n|poke|p2|Grimmsnarl, M|\n|poke|p2|Gholdengo|\n|poke|p2|Regieleki|\n|poke|p2|Ursaluna-Bloodmoon, M|\n|poke|p2|Corviknight, M|\n|teampreview\n|inactive|Battle timer is ON: inactive players will automatically lose when time's up. (requested by Deztroyed.exe)\n|inactive|Jeremy647 also wants the timer to be on.\n|\n|t:|1700586946\n|start\n|switch|p1a: Espathra|Espathra, M|100\/100\n|switch|p2a: Grimmsnarl|Grimmsnarl, M|100\/100\n|turn|1\n|\n|t:|1700586956\n|move|p1a: Espathra|Protect|p1a: Espathra\n|-singleturn|p1a: Espathra|Protect\n|move|p2a: Grimmsnarl|Light Screen|p2a: Grimmsnarl\n|-sidestart|p2: Deztroyed.exe|move: Light Screen\n|\n|-ability|p1a: Espathra|Speed Boost|boost\n|-boost|p1a: Espathra|spe|1\n|upkeep\n|turn|2\n|\n|t:|1700586965\n|move|p2a: Grimmsnarl|Reflect|p2a: Grimmsnarl\n|-sidestart|p2: Deztroyed.exe|Reflect\n|move|p1a: Espathra|Calm Mind|p1a: Espathra\n|-boost|p1a: Espathra|spa|1\n|-boost|p1a: Espathra|spd|1\n|\n|-ability|p1a: Espathra|Speed Boost|boost\n|-boost|p1a: Espathra|spe|1\n|upkeep\n|turn|3\n|\n|t:|1700586979\n|move|p2a: Grimmsnarl|Parting Shot|p1a: Espathra\n|-unboost|p1a: Espathra|atk|1\n|-unboost|p1a: Espathra|spa|1\n|\n|t:|1700586982\n|switch|p2a: Gholdengo|Gholdengo|100\/100|[from] Parting Shot\n|-item|p2a: Gholdengo|Air Balloon\n|move|p1a: Espathra|Calm Mind|p1a: Espathra\n|-boost|p1a: Espathra|spa|1\n|-boost|p1a: Espathra|spd|1\n|\n|-ability|p1a: Espathra|Speed Boost|boost\n|-boost|p1a: Espathra|spe|1\n|upkeep\n|turn|4\n|\n|t:|1700586998\n|move|p1a: Espathra|Protect|p1a: Espathra\n|-singleturn|p1a: Espathra|Protect\n|move|p2a: Gholdengo|Shadow Ball|p1a: Espathra\n|-activate|p1a: Espathra|move: Protect\n|\n|-ability|p1a: Espathra|Speed Boost|boost\n|-boost|p1a: Espathra|spe|1\n|upkeep\n|turn|5\n|\n|t:|1700587013\n|-terastallize|p1a: Espathra|Fire\n|move|p1a: Espathra|Tera Blast|p2a: Gholdengo|[anim] Tera Blast Fire\n|-supereffective|p2a: Gholdengo\n|-damage|p2a: Gholdengo|32\/100\n|-enditem|p2a: Gholdengo|Air Balloon\n|move|p2a: Gholdengo|Shadow Ball|p1a: Espathra\n|-damage|p1a: Espathra|69\/100\n|-unboost|p1a: Espathra|spd|1\n|\n|-heal|p1a: Espathra|75\/100|[from] item: Leftovers\n|-ability|p1a: Espathra|Speed Boost|boost\n|-boost|p1a: Espathra|spe|1\n|upkeep\n|turn|6\n|\n|t:|1700587030\n|move|p1a: Espathra|Tera Blast|p2a: Gholdengo|[anim] Tera Blast Fire\n|-supereffective|p2a: Gholdengo\n|-damage|p2a: Gholdengo|0 fnt\n|faint|p2a: Gholdengo\n|\n|-heal|p1a: Espathra|81\/100|[from] item: Leftovers\n|-ability|p1a: Espathra|Speed Boost|boost\n|-boost|p1a: Espathra|spe|1\n|upkeep\n|\n|t:|1700587039\n|switch|p2a: Ursaluna|Ursaluna-Bloodmoon, M|100\/100\n|turn|7\n|\n|t:|1700587052\n|move|p1a: Espathra|Lumina Crash|p2a: Ursaluna\n|-damage|p2a: Ursaluna|70\/100\n|-unboost|p2a: Ursaluna|spd|2\n|move|p2a: Ursaluna|Earth Power|p1a: Espathra\n|-supereffective|p1a: Espathra\n|-damage|p1a: Espathra|0 fnt\n|faint|p1a: Espathra\n|\n|-heal|p2a: Ursaluna|76\/100|[from] item: Leftovers\n|upkeep\n|\n|t:|1700587066\n|switch|p1a: Rayquaza|Rayquaza|100\/100\n|-ability|p1a: Rayquaza|Air Lock\n|turn|8\n|\n|t:|1700587078\n|switch|p2a: Grimmsnarl|Grimmsnarl, M|100\/100\n|move|p1a: Rayquaza|Swords Dance|p1a: Rayquaza\n|-boost|p1a: Rayquaza|atk|2\n|\n|-sideend|p2: Deztroyed.exe|move: Light Screen\n|upkeep\n|turn|9\n|\n|t:|1700587085\n|move|p1a: Rayquaza|Extreme Speed|p2a: Grimmsnarl\n|-damage|p2a: Grimmsnarl|50\/100\n|-damage|p1a: Rayquaza|91\/100|[from] item: Life Orb\n|move|p2a: Grimmsnarl|Reflect||[still]\n|-fail|p2a: Grimmsnarl\n|\n|-sideend|p2: Deztroyed.exe|Reflect\n|upkeep\n|turn|10\n|\n|t:|1700587094\n|move|p1a: Rayquaza|Extreme Speed|p2a: Grimmsnarl\n|-damage|p2a: Grimmsnarl|0 fnt\n|faint|p2a: Grimmsnarl\n|-damage|p1a: Rayquaza|81\/100|[from] item: Life Orb\n|\n|upkeep\n|\n|t:|1700587103\n|switch|p2a: Regieleki|Regieleki|100\/100\n|turn|11\n|\n|t:|1700587111\n|move|p1a: Rayquaza|Extreme Speed|p2a: Regieleki\n|-damage|p2a: Regieleki|0 fnt\n|faint|p2a: Regieleki\n|-damage|p1a: Rayquaza|71\/100|[from] item: Life Orb\n|\n|upkeep\n|\n|t:|1700587117\n|switch|p2a: Corviknight|Corviknight, M|100\/100\n|turn|12\n|\n|t:|1700587143\n|move|p1a: Rayquaza|Dragon Ascent|p2a: Corviknight\n|-resisted|p2a: Corviknight\n|-damage|p2a: Corviknight|24\/100\n|-unboost|p1a: Rayquaza|def|1\n|-unboost|p1a: Rayquaza|spd|1\n|-damage|p1a: Rayquaza|61\/100|[from] item: Life Orb\n|move|p2a: Corviknight|Brave Bird|p1a: Rayquaza\n|-damage|p1a: Rayquaza|2\/100\n|-damage|p2a: Corviknight|7\/100|[from] Recoil\n|\n|-heal|p2a: Corviknight|13\/100|[from] item: Leftovers\n|upkeep\n|turn|13\n|\n|t:|1700587155\n|move|p1a: Rayquaza|Extreme Speed|p2a: Corviknight\n|-resisted|p2a: Corviknight\n|-damage|p2a: Corviknight|0 fnt\n|faint|p2a: Corviknight\n|-damage|p1a: Rayquaza|0 fnt|[from] item: Life Orb\n|faint|p1a: Rayquaza\n|\n|upkeep\n|\n|t:|1700587165\n|switch|p1a: Palafin|Palafin, M|100\/100\n|switch|p2a: Ogerpon|Ogerpon-Hearthflame, F|100\/100\n|-ability|p2a: Ogerpon|Mold Breaker\n|turn|14\n|\n|t:|1700587172\n|move|p1a: Palafin|Jet Punch|p2a: Ogerpon\n|-damage|p2a: Ogerpon|70\/100\n|move|p2a: Ogerpon|Trailblaze|p1a: Palafin\n|-supereffective|p1a: Palafin\n|-damage|p1a: Palafin|17\/100\n|-boost|p2a: Ogerpon|spe|1\n|\n|upkeep\n|turn|15\n|\n|t:|1700587188\n|detailschange|p1a: Palafin|Palafin-Hero, M\n|switch|p1a: Ursaluna|Ursaluna-Bloodmoon, M|100\/100\n|move|p2a: Ogerpon|Trailblaze|p1a: Ursaluna\n|-supereffective|p1a: Ursaluna\n|-damage|p1a: Ursaluna|60\/100\n|-boost|p2a: Ogerpon|spe|1\n|\n|upkeep\n|turn|16\n|\n|t:|1700587199\n|-terastallize|p2a: Ogerpon|Fire\n|detailschange|p2a: Ogerpon|Ogerpon-Hearthflame-Tera, F, tera:Fire\n|-ability|p2a: Ogerpon|Embody Aspect (Hearthflame)|boost\n|-boost|p2a: Ogerpon|atk|1\n|move|p2a: Ogerpon|Horn Leech|p1a: Ursaluna\n|-supereffective|p1a: Ursaluna\n|-damage|p1a: Ursaluna|0 fnt\n|-heal|p2a: Ogerpon|100\/100|[from] drain|[of] p1a: Ursaluna\n|faint|p1a: Ursaluna\n|\n|upkeep\n|\n|t:|1700587206\n|switch|p1a: Palafin|Palafin-Hero, M|17\/100\n|-activate|p1a: Palafin|ability: Zero to Hero\n|turn|17\n|\n|t:|1700587215\n|move|p1a: Palafin|Jet Punch|p2a: Ogerpon\n|-supereffective|p2a: Ogerpon\n|-damage|p2a: Ogerpon|0 fnt\n|faint|p2a: Ogerpon\n|\n|upkeep\n|\n|t:|1700587219\n|switch|p2a: Ursaluna|Ursaluna-Bloodmoon, M|76\/100\n|turn|18\n|\n|t:|1700587234\n|move|p1a: Palafin|Jet Punch|p2a: Ursaluna\n|-supereffective|p2a: Ursaluna\n|-damage|p2a: Ursaluna|21\/100\n|move|p2a: Ursaluna|Moonblast|p1a: Palafin\n|-damage|p1a: Palafin|0 fnt\n|faint|p1a: Palafin\n|\n|-heal|p2a: Ursaluna|27\/100|[from] item: Leftovers\n|upkeep\n|\n|t:|1700587241\n|switch|p1a: Ogerpon|Ogerpon-Hearthflame, F|100\/100\n|-ability|p1a: Ogerpon|Mold Breaker\n|turn|19\n|\n|t:|1700587245\n|move|p1a: Ogerpon|Power Whip|p2a: Ursaluna\n|-supereffective|p2a: Ursaluna\n|-damage|p2a: Ursaluna|0 fnt\n|faint|p2a: Ursaluna\n|\n|win|Jeremy647\n|raw|Jeremy647's rating: 1364 &rarr; <strong>1383<\/strong><br \/>(+19 for winning)\n|raw|Deztroyed.exe's rating: 1345 &rarr; <strong>1326<\/strong><br \/>(-19 for losing)\n","uploadtime":1700587252,"views":0,"p1id":"jeremy647","p2id":"deztroyedexe","formatid":"gen9anythinggoes","rating":1326,"private":0,"password":""}