{"id":"gen9anythinggoes-1979377135","p1":"69grew","p2":"DenisBuckee","format":"[Gen 9] Anything Goes","log":"|j|\u260669grew\n|j|\u2606DenisBuckee\n|t:|1698677843\n|gametype|singles\n|player|p1|69grew|102|1059\n|player|p2|DenisBuckee|lance|1040\n|teamsize|p1|6\n|teamsize|p2|6\n|gen|9\n|tier|[Gen 9] Anything Goes\n|rated|\n|rule|HP Percentage Mod: HP is shown in percentages\n|rule|Endless Battle Clause: Forcing endless battles is banned\n|clearpoke\n|poke|p1|Iron Hands|\n|poke|p1|Avalugg-Hisui, F|\n|poke|p1|Ogerpon-Hearthflame, F|\n|poke|p1|Annihilape, M|\n|poke|p1|Sneasler, F|\n|poke|p1|Maushold-Four|\n|poke|p2|Maushold-Four|\n|poke|p2|Breloom, M|\n|poke|p2|Baxcalibur, F|\n|poke|p2|Glimmora, F|\n|poke|p2|Pawmot, M|\n|poke|p2|Landorus-Therian, M|\n|teampreview\n|\n|t:|1698677847\n|start\n|switch|p1a: Maushold|Maushold-Four|100\/100\n|switch|p2a: Glimmora|Glimmora, F|100\/100\n|turn|1\n|\n|t:|1698677859\n|move|p1a: Maushold|Population Bomb|p2a: Glimmora\n|-resisted|p2a: Glimmora\n|-damage|p2a: Glimmora|96\/100\n|-damage|p1a: Maushold|84\/100|[from] item: Rocky Helmet|[of] p2a: Glimmora\n|-activate|p2a: Glimmora|ability: Toxic Debris\n|-sidestart|p1: 69grew|move: Toxic Spikes\n|-resisted|p2a: Glimmora\n|-damage|p2a: Glimmora|90\/100\n|-damage|p1a: Maushold|67\/100|[from] item: Rocky Helmet|[of] p2a: Glimmora\n|-activate|p2a: Glimmora|ability: Toxic Debris\n|-sidestart|p1: 69grew|move: Toxic Spikes\n|-resisted|p2a: Glimmora\n|-damage|p2a: Glimmora|86\/100\n|-damage|p1a: Maushold|51\/100|[from] item: Rocky Helmet|[of] p2a: Glimmora\n|-resisted|p2a: Glimmora\n|-damage|p2a: Glimmora|80\/100\n|-damage|p1a: Maushold|34\/100|[from] item: Rocky Helmet|[of] p2a: Glimmora\n|-resisted|p2a: Glimmora\n|-damage|p2a: Glimmora|76\/100\n|-damage|p1a: Maushold|17\/100|[from] item: Rocky Helmet|[of] p2a: Glimmora\n|-resisted|p2a: Glimmora\n|-damage|p2a: Glimmora|70\/100\n|-damage|p1a: Maushold|1\/100|[from] item: Rocky Helmet|[of] p2a: Glimmora\n|-resisted|p2a: Glimmora\n|-damage|p2a: Glimmora|65\/100\n|-damage|p1a: Maushold|0 fnt|[from] item: Rocky Helmet|[of] p2a: Glimmora\n|faint|p1a: Maushold\n|-hitcount|p2a: Glimmora|7\n|move|p2a: Glimmora|Stealth Rock|p1: Maushold\n|-sidestart|p1: 69grew|move: Stealth Rock\n|\n|upkeep\n|\n|t:|1698677893\n|switch|p1a: Avalugg|Avalugg-Hisui, F|100\/100\n|-status|p1a: Avalugg|tox\n|-damage|p1a: Avalugg|75\/100 tox|[from] Stealth Rock\n|turn|2\n|\n|t:|1698677900\n|move|p2a: Glimmora|Spikes|p1a: Avalugg\n|-sidestart|p1: 69grew|Spikes\n|move|p1a: Avalugg|Ice Beam|p2a: Glimmora\n|-damage|p2a: Glimmora|51\/100\n|\n|-damage|p1a: Avalugg|69\/100 tox|[from] psn\n|upkeep\n|turn|3\n|\n|t:|1698677907\n|move|p2a: Glimmora|Spikes|p1a: Avalugg\n|-sidestart|p1: 69grew|Spikes\n|move|p1a: Avalugg|Giga Impact|p2a: Glimmora\n|-resisted|p2a: Glimmora\n|-damage|p2a: Glimmora|26\/100\n|-mustrecharge|p1a: Avalugg\n|-damage|p1a: Avalugg|53\/100 tox|[from] item: Rocky Helmet|[of] p2a: Glimmora\n|\n|-damage|p1a: Avalugg|41\/100 tox|[from] psn\n|upkeep\n|turn|4\n|\n|t:|1698677918\n|move|p2a: Glimmora|Toxic Spikes||[still]\n|-fail|p2a: Glimmora\n|cant|p1a: Avalugg|recharge\n|\n|-damage|p1a: Avalugg|23\/100 tox|[from] psn\n|upkeep\n|turn|5\n|\n|t:|1698677928\n|switch|p1a: Annihilape|Annihilape, M|100\/100\n|-status|p1a: Annihilape|tox\n|-damage|p1a: Annihilape|94\/100 tox|[from] Stealth Rock\n|-damage|p1a: Annihilape|78\/100 tox|[from] Spikes\n|move|p2a: Glimmora|Spikes|p1a: Annihilape\n|-sidestart|p1: 69grew|Spikes\n|\n|-damage|p1a: Annihilape|72\/100 tox|[from] psn\n|upkeep\n|turn|6\n|\n|t:|1698677939\n|move|p2a: Glimmora|Reflect|p2a: Glimmora\n|-sidestart|p2: DenisBuckee|Reflect\n|move|p1a: Annihilape|Gunk Shot|p2a: Glimmora\n|-resisted|p2a: Glimmora\n|-damage|p2a: Glimmora|21\/100\n|\n|-damage|p1a: Annihilape|59\/100 tox|[from] psn\n|upkeep\n|turn|7\n|\n|t:|1698677949\n|move|p2a: Glimmora|Spikes||[still]\n|-fail|p2a: Glimmora\n|move|p1a: Annihilape|Close Combat|p2a: Glimmora\n|-crit|p2a: Glimmora\n|-damage|p2a: Glimmora|0 fnt\n|-unboost|p1a: Annihilape|def|1\n|-unboost|p1a: Annihilape|spd|1\n|-damage|p1a: Annihilape|43\/100 tox|[from] item: Rocky Helmet|[of] p2a: Glimmora\n|faint|p2a: Glimmora\n|\n|-damage|p1a: Annihilape|25\/100 tox|[from] psn\n|upkeep\n|\n|t:|1698677964\n|switch|p2a: Breloom|Breloom, M|100\/100\n|turn|8\n|\n|t:|1698677971\n|move|p2a: Breloom|Leech Seed|p1a: Annihilape\n|-start|p1a: Annihilape|move: Leech Seed\n|move|p1a: Annihilape|Hyper Beam|p2a: Breloom\n|-damage|p2a: Breloom|67\/100\n|-mustrecharge|p1a: Annihilape\n|\n|-heal|p2a: Breloom|73\/100|[from] item: Leftovers\n|-damage|p1a: Annihilape|12\/100 tox|[from] Leech Seed|[of] p2a: Breloom\n|-heal|p2a: Breloom|89\/100|[silent]\n|-damage|p1a: Annihilape|0 fnt|[from] psn\n|faint|p1a: Annihilape\n|upkeep\n|\n|t:|1698677979\n|switch|p1a: Ogerpon|Ogerpon-Hearthflame, F|100\/100\n|-status|p1a: Ogerpon|tox\n|-damage|p1a: Ogerpon|76\/100 tox|[from] Stealth Rock\n|-damage|p1a: Ogerpon|51\/100 tox|[from] Spikes\n|-ability|p1a: Ogerpon|Mold Breaker\n|turn|9\n|\n|t:|1698677989\n|move|p1a: Ogerpon|Superpower|p2a: Breloom\n|-damage|p2a: Breloom|62\/100\n|-unboost|p1a: Ogerpon|atk|1\n|-unboost|p1a: Ogerpon|def|1\n|move|p2a: Breloom|Close Combat|p1a: Ogerpon\n|-damage|p1a: Ogerpon|0 fnt\n|-unboost|p2a: Breloom|def|1\n|-unboost|p2a: Breloom|spd|1\n|faint|p1a: Ogerpon\n|\n|-heal|p2a: Breloom|68\/100|[from] item: Leftovers\n|upkeep\n|\n|t:|1698677993\n|switch|p1a: Sneasler|Sneasler, F|100\/100\n|-sideend|p1: 69grew|move: Toxic Spikes|[of] p1a: Sneasler\n|-damage|p1a: Sneasler|94\/100|[from] Stealth Rock\n|-damage|p1a: Sneasler|69\/100|[from] Spikes\n|-ability|p1a: Sneasler|Pressure\n|turn|10\n|\n|t:|1698678025\n|move|p1a: Sneasler|Bulk Up|p1a: Sneasler\n|-boost|p1a: Sneasler|atk|1\n|-boost|p1a: Sneasler|def|1\n|move|p2a: Breloom|Close Combat|p1a: Sneasler\n|-resisted|p1a: Sneasler\n|-damage|p1a: Sneasler|47\/100\n|-unboost|p2a: Breloom|def|1\n|-unboost|p2a: Breloom|spd|1\n|\n|-heal|p2a: Breloom|74\/100|[from] item: Leftovers\n|-sideend|p2: DenisBuckee|Reflect\n|upkeep\n|turn|11\n|\n|t:|1698678039\n|move|p1a: Sneasler|Bulk Up|p1a: Sneasler\n|-boost|p1a: Sneasler|atk|1\n|-boost|p1a: Sneasler|def|1\n|move|p2a: Breloom|Giga Drain|p1a: Sneasler\n|-resisted|p1a: Sneasler\n|-damage|p1a: Sneasler|37\/100\n|-heal|p2a: Breloom|79\/100|[from] drain|[of] p1a: Sneasler\n|\n|-heal|p2a: Breloom|85\/100|[from] item: Leftovers\n|upkeep\n|turn|12\n|\n|t:|1698678049\n|move|p1a: Sneasler|Close Combat|p2a: Breloom\n|-damage|p2a: Breloom|0 fnt\n|-unboost|p1a: Sneasler|def|1\n|-unboost|p1a: Sneasler|spd|1\n|faint|p2a: Breloom\n|\n|upkeep\n|\n|t:|1698678064\n|switch|p2a: Baxcalibur|Baxcalibur, F|100\/100\n|turn|13\n|\n|t:|1698678067\n|move|p1a: Sneasler|Close Combat|p2a: Baxcalibur\n|-supereffective|p2a: Baxcalibur\n|-damage|p2a: Baxcalibur|0 fnt\n|-unboost|p1a: Sneasler|def|1\n|-unboost|p1a: Sneasler|spd|1\n|faint|p2a: Baxcalibur\n|\n|upkeep\n|\n|t:|1698678074\n|switch|p2a: Landorus T|Landorus-Therian, M|100\/100\n|-ability|p2a: Landorus T|Intimidate|boost\n|-unboost|p1a: Sneasler|atk|1\n|turn|14\n|\n|t:|1698678079\n|move|p1a: Sneasler|Close Combat|p2a: Landorus T\n|-resisted|p2a: Landorus T\n|-damage|p2a: Landorus T|53\/100\n|-unboost|p1a: Sneasler|def|1\n|-unboost|p1a: Sneasler|spd|1\n|move|p2a: Landorus T|Earthquake|p1a: Sneasler\n|-supereffective|p1a: Sneasler\n|-damage|p1a: Sneasler|0 fnt\n|faint|p1a: Sneasler\n|-damage|p2a: Landorus T|43\/100|[from] item: Life Orb\n|\n|upkeep\n|l|\u2606DenisBuckee\n|player|p2|\n|\n|t:|1698678093\n|switch|p1a: Avalugg|Avalugg-Hisui, F|23\/100 tox\n|-damage|p1a: Avalugg|0 fnt|[from] Stealth Rock\n|faint|p1a: Avalugg\n|j|\u2606DenisBuckee\n|player|p2|DenisBuckee|lance\n|\n|t:|1698678107\n|switch|p1a: Iron Hands|Iron Hands|100\/100\n|-damage|p1a: Iron Hands|94\/100|[from] Stealth Rock\n|-damage|p1a: Iron Hands|69\/100|[from] Spikes\n|turn|15\n|\n|t:|1698678136\n|move|p2a: Landorus T|Earthquake|p1a: Iron Hands\n|-supereffective|p1a: Iron Hands\n|-damage|p1a: Iron Hands|0 fnt\n|faint|p1a: Iron Hands\n|-end|p1a: Iron Hands|Quark Drive|[silent]\n|-damage|p2a: Landorus T|33\/100|[from] item: Life Orb\n|\n|win|DenisBuckee\n|raw|69grew's rating: 1059 &rarr; <strong>1039<\/strong><br \/>(-20 for losing)\n|raw|DenisBuckee's rating: 1040 &rarr; <strong>1076<\/strong><br \/>(+36 for winning)\n|l|\u260669grew\n","uploadtime":1698678150,"views":6,"p1id":"69grew","p2id":"denisbuckee","formatid":"gen9anythinggoes","rating":1039,"private":0,"password":""}