{"id":"gen9anythinggoes-1999690126","p1":"graphicboar","p2":"HansWolp","format":"[Gen 9] Anything Goes","log":"|j|\u203dgraphicboar\n|j|\u2606HansWolp\n|t:|1701108102\n|gametype|singles\n|player|p1|graphicboar|2|1000\n|player|p2|HansWolp|blackbelt-gen4dp|1049\n|teamsize|p1|6\n|teamsize|p2|5\n|gen|9\n|tier|[Gen 9] Anything Goes\n|rated|\n|rule|HP Percentage Mod: HP is shown in percentages\n|rule|Endless Battle Clause: Forcing endless battles is banned\n|clearpoke\n|poke|p1|Annihilape, F|\n|poke|p1|Annihilape, M|\n|poke|p1|Annihilape, F|\n|poke|p1|Annihilape, F|\n|poke|p1|Annihilape, F|\n|poke|p1|Wooper-Paldea, F|\n|poke|p2|Snorlax, F|\n|poke|p2|Volcarona, F|\n|poke|p2|Toxapex, M|\n|poke|p2|Zamazenta-*|\n|poke|p2|Garganacl, M|\n|teampreview\n|\n|t:|1701108111\n|start\n|switch|p1a: Annihilape|Annihilape, F|100\/100\n|switch|p2a: Snorlax|Snorlax, F|100\/100\n|turn|1\n|\n|t:|1701108118\n|move|p1a: Annihilape|Final Gambit|p2a: Snorlax\n|-damage|p2a: Snorlax|22\/100\n|-enditem|p2a: Snorlax|Iapapa Berry|[eat]\n|-heal|p2a: Snorlax|55\/100|[from] item: Iapapa Berry\n|faint|p1a: Annihilape\n|move|p2a: Snorlax|Stockpile|p2a: Snorlax\n|-start|p2a: Snorlax|stockpile1\n|-boost|p2a: Snorlax|def|1\n|-boost|p2a: Snorlax|spd|1\n|\n|upkeep\n|\n|t:|1701108128\n|switch|p1a: Annihilape|Annihilape, M|100\/100\n|turn|2\n|\n|t:|1701108137\n|move|p1a: Annihilape|Final Gambit|p2a: Snorlax\n|-damage|p2a: Snorlax|0 fnt\n|faint|p1a: Annihilape\n|faint|p2a: Snorlax\n|\n|upkeep\n|\n|t:|1701108144\n|switch|p1a: Annihilape|Annihilape, F|100\/100\n|switch|p2a: Toxapex|Toxapex, M|100\/100\n|turn|3\n|\n|t:|1701108151\n|move|p2a: Toxapex|Baneful Bunker|p2a: Toxapex\n|-singleturn|p2a: Toxapex|move: Protect\n|move|p1a: Annihilape|Final Gambit|p2a: Toxapex\n|-activate|p2a: Toxapex|move: Protect\n|\n|upkeep\n|turn|4\n|\n|t:|1701108164\n|move|p1a: Annihilape|Final Gambit|p2a: Toxapex\n|-damage|p2a: Toxapex|0 fnt\n|faint|p1a: Annihilape\n|faint|p2a: Toxapex\n|\n|upkeep\n|\n|t:|1701108171\n|switch|p1a: Annihilape|Annihilape, F|100\/100\n|switch|p2a: Volcarona|Volcarona, F|100\/100\n|turn|5\n|\n|t:|1701108181\n|move|p2a: Volcarona|Lunge|p1a: Annihilape\n|-resisted|p1a: Annihilape\n|-damage|p1a: Annihilape|96\/100\n|-unboost|p1a: Annihilape|atk|1\n|move|p1a: Annihilape|Final Gambit|p2a: Volcarona\n|-damage|p2a: Volcarona|0 fnt\n|faint|p1a: Annihilape\n|faint|p2a: Volcarona\n|\n|upkeep\n|\n|t:|1701108190\n|switch|p2a: Zamazenta|Zamazenta-Crowned|100\/100\n|switch|p1a: Annihilape|Annihilape, F|100\/100\n|-ability|p2a: Zamazenta|Dauntless Shield|boost\n|-boost|p2a: Zamazenta|def|1\n|turn|6\n|\n|t:|1701108197\n|move|p1a: Annihilape|Final Gambit|p2a: Zamazenta\n|-damage|p2a: Zamazenta|0 fnt\n|faint|p1a: Annihilape\n|faint|p2a: Zamazenta\n|\n|upkeep\n|\n|t:|1701108203\n|switch|p2a: Garganacl|Garganacl, M|100\/100\n|switch|p1a: Wooper|Wooper-Paldea, F|100\/100\n|turn|7\n|\n|t:|1701108210\n|move|p2a: Garganacl|Salt Cure|p1a: Wooper\n|-resisted|p1a: Wooper\n|-damage|p1a: Wooper|86\/100\n|-start|p1a: Wooper|Salt Cure\n|move|p1a: Wooper|Counter|p2a: Garganacl\n|-damage|p2a: Garganacl|80\/100\n|\n|-heal|p2a: Garganacl|87\/100|[from] item: Leftovers\n|-damage|p1a: Wooper|73\/100|[from] Salt Cure\n|upkeep\n|turn|8\n|\n|t:|1701108229\n|move|p2a: Garganacl|Rock Slide|p1a: Wooper\n|-resisted|p1a: Wooper\n|-damage|p1a: Wooper|44\/100\n|move|p1a: Wooper|Counter|p2a: Garganacl\n|-damage|p2a: Garganacl|47\/100\n|\n|-heal|p2a: Garganacl|53\/100|[from] item: Leftovers\n|-damage|p1a: Wooper|32\/100|[from] Salt Cure\n|upkeep\n|turn|9\n|\n|t:|1701108245\n|move|p2a: Garganacl|Rock Slide|p1a: Wooper\n|-resisted|p1a: Wooper\n|-damage|p1a: Wooper|0 fnt\n|faint|p1a: Wooper\n|\n|win|HansWolp\n|raw|graphicboar's rating: 1000 &rarr; <strong>1000<\/strong><br \/>(+0 for losing)\n|raw|HansWolp's rating: 1080 &rarr; <strong>1102<\/strong><br \/>(+22 for winning)\n","uploadtime":1701108253,"views":7,"p1id":"graphicboar","p2id":"hanswolp","formatid":"gen9anythinggoes","rating":1000,"private":0,"password":""}