{"id":"gen9anythinggoes-1972406163","p1":"Riverstar21","p2":"Iamashsdad","format":"[Gen 9] Anything Goes","log":"|j|\u2606Riverstar21\n|j|\u2606Iamashsdad\n|t:|1697839356\n|gametype|singles\n|player|p1|Riverstar21|265|1146\n|player|p2|Iamashsdad|clerk|1121\n|teamsize|p1|5\n|teamsize|p2|6\n|gen|9\n|tier|[Gen 9] Anything Goes\n|rated|\n|rule|HP Percentage Mod: HP is shown in percentages\n|rule|Endless Battle Clause: Forcing endless battles is banned\n|clearpoke\n|poke|p1|Leafeon, M|\n|poke|p1|Gliscor, M|\n|poke|p1|Espathra, F|\n|poke|p1|Garganacl, F|\n|poke|p1|Glimmora, F|\n|poke|p2|Ninetales, M|\n|poke|p2|Lilligant-Hisui, F|\n|poke|p2|Great Tusk|\n|poke|p2|Flutter Mane|\n|poke|p2|Torkoal, F|\n|poke|p2|Walking Wake|\n|teampreview\n|\n|t:|1697839360\n|start\n|switch|p1a: Glimmora|Glimmora, F|100\/100\n|switch|p2a: Ninetales|Ninetales, M|100\/100\n|-weather|SunnyDay|[from] ability: Drought|[of] p2a: Ninetales\n|turn|1\n|\n|t:|1697839372\n|move|p1a: Glimmora|Stealth Rock|p2a: Ninetales\n|-sidestart|p2: Iamashsdad|move: Stealth Rock\n|move|p2a: Ninetales|Flamethrower|p1a: Glimmora\n|-resisted|p1a: Glimmora\n|-damage|p1a: Glimmora|66\/100\n|-status|p1a: Glimmora|brn\n|\n|-weather|SunnyDay|[upkeep]\n|-damage|p1a: Glimmora|60\/100 brn|[from] brn\n|upkeep\n|turn|2\n|\n|t:|1697839385\n|switch|p2a: Walking Wake|Walking Wake|100\/100\n|-damage|p2a: Walking Wake|88\/100|[from] Stealth Rock\n|-activate|p2a: Walking Wake|ability: Protosynthesis\n|-start|p2a: Walking Wake|protosynthesisspe\n|move|p1a: Glimmora|Spikes|p2a: Walking Wake\n|-sidestart|p2: Iamashsdad|Spikes\n|\n|-weather|SunnyDay|[upkeep]\n|-damage|p1a: Glimmora|54\/100 brn|[from] brn\n|upkeep\n|turn|3\n|\n|t:|1697839396\n|move|p2a: Walking Wake|Hydro Steam|p1a: Glimmora\n|-supereffective|p1a: Glimmora\n|-damage|p1a: Glimmora|0 fnt\n|faint|p1a: Glimmora\n|\n|-weather|SunnyDay|[upkeep]\n|upkeep\n|\n|t:|1697839400\n|switch|p1a: Leafeon|Leafeon, M|100\/100\n|turn|4\n|\n|t:|1697839407\n|move|p1a: Leafeon|Leech Seed|p2a: Walking Wake\n|-start|p2a: Walking Wake|move: Leech Seed\n|move|p2a: Walking Wake|Dragon Tail|p1a: Leafeon\n|-damage|p1a: Leafeon|86\/100\n|drag|p1a: Espathra|Espathra, F|100\/100\n|\n|-weather|SunnyDay|[upkeep]\n|-damage|p2a: Walking Wake|76\/100|[from] Leech Seed|[of] p1a: Espathra\n|upkeep\n|turn|5\n|\n|t:|1697839416\n|move|p1a: Espathra|Protect|p1a: Espathra\n|-singleturn|p1a: Espathra|Protect\n|move|p2a: Walking Wake|Crunch|p1a: Espathra\n|-activate|p1a: Espathra|move: Protect\n|\n|-weather|none\n|-end|p2a: Walking Wake|Protosynthesis\n|-damage|p2a: Walking Wake|63\/100|[from] Leech Seed|[of] p1a: Espathra\n|-ability|p1a: Espathra|Speed Boost|boost\n|-boost|p1a: Espathra|spe|1\n|upkeep\n|turn|6\n|\n|t:|1697839427\n|move|p1a: Espathra|Baton Pass|p1a: Espathra\n|\n|t:|1697839429\n|switch|p1a: Leafeon|Leafeon, M|86\/100|[from] Baton Pass\n|move|p2a: Walking Wake|Crunch|p1a: Leafeon\n|-damage|p1a: Leafeon|73\/100\n|-unboost|p1a: Leafeon|def|1\n|\n|-damage|p2a: Walking Wake|51\/100|[from] Leech Seed|[of] p1a: Leafeon\n|-heal|p1a: Leafeon|85\/100|[silent]\n|upkeep\n|turn|7\n|\n|t:|1697839440\n|-end|p2a: Walking Wake|Protosynthesis|[silent]\n|switch|p2a: Ninetales|Ninetales, M|100\/100\n|-damage|p2a: Ninetales|76\/100|[from] Stealth Rock\n|-damage|p2a: Ninetales|64\/100|[from] Spikes\n|-weather|SunnyDay|[from] ability: Drought|[of] p2a: Ninetales\n|move|p1a: Leafeon|Swords Dance|p1a: Leafeon\n|-boost|p1a: Leafeon|atk|2\n|\n|-weather|SunnyDay|[upkeep]\n|upkeep\n|turn|8\n|\n|t:|1697839450\n|move|p1a: Leafeon|Baton Pass|p1a: Leafeon\n|\n|t:|1697839452\n|switch|p1a: Garganacl|Garganacl, F|100\/100|[from] Baton Pass\n|move|p2a: Ninetales|Flamethrower|p1a: Garganacl\n|-resisted|p1a: Garganacl\n|-damage|p1a: Garganacl|75\/100\n|\n|-weather|SunnyDay|[upkeep]\n|-heal|p1a: Garganacl|81\/100|[from] item: Leftovers\n|upkeep\n|turn|9\n|\n|t:|1697839464\n|move|p2a: Ninetales|Solar Beam||[still]\n|-prepare|p2a: Ninetales|Solar Beam\n|-anim|p2a: Ninetales|Solar Beam|p1a: Garganacl\n|-supereffective|p1a: Garganacl\n|-damage|p1a: Garganacl|24\/100\n|move|p1a: Garganacl|Salt Cure|p2a: Ninetales\n|-supereffective|p2a: Ninetales\n|-damage|p2a: Ninetales|0 fnt\n|faint|p2a: Ninetales\n|\n|-weather|SunnyDay|[upkeep]\n|-heal|p1a: Garganacl|30\/100|[from] item: Leftovers\n|upkeep\n|\n|t:|1697839475\n|switch|p2a: Great Tusk|Great Tusk|100\/100\n|-damage|p2a: Great Tusk|98\/100|[from] Stealth Rock\n|-damage|p2a: Great Tusk|85\/100|[from] Spikes\n|-activate|p2a: Great Tusk|ability: Protosynthesis\n|-start|p2a: Great Tusk|protosynthesisatk\n|turn|10\n|\n|t:|1697839483\n|move|p1a: Garganacl|Protect|p1a: Garganacl\n|-singleturn|p1a: Garganacl|Protect\n|move|p2a: Great Tusk|Earthquake|p1a: Garganacl\n|-activate|p1a: Garganacl|move: Protect\n|\n|-weather|SunnyDay|[upkeep]\n|-heal|p1a: Garganacl|36\/100|[from] item: Leftovers\n|upkeep\n|turn|11\n|\n|t:|1697839492\n|-terastallize|p1a: Garganacl|Grass\n|move|p2a: Great Tusk|Earthquake|p1a: Garganacl\n|-resisted|p1a: Garganacl\n|-damage|p1a: Garganacl|0 fnt\n|faint|p1a: Garganacl\n|\n|-weather|none\n|-end|p2a: Great Tusk|Protosynthesis\n|upkeep\n|\n|t:|1697839499\n|switch|p1a: Espathra|Espathra, F|100\/100\n|turn|12\n|\n|t:|1697839504\n|move|p1a: Espathra|Protect|p1a: Espathra\n|-singleturn|p1a: Espathra|Protect\n|move|p2a: Great Tusk|Megahorn|p1a: Espathra\n|-activate|p1a: Espathra|move: Protect\n|\n|-ability|p1a: Espathra|Speed Boost|boost\n|-boost|p1a: Espathra|spe|1\n|upkeep\n|turn|13\n|\n|t:|1697839512\n|move|p1a: Espathra|Baton Pass|p1a: Espathra\n|\n|t:|1697839514\n|switch|p1a: Gliscor|Gliscor, M, shiny|100\/100|[from] Baton Pass\n|move|p2a: Great Tusk|Megahorn|p1a: Gliscor|[miss]\n|-miss|p2a: Great Tusk|p1a: Gliscor\n|\n|-status|p1a: Gliscor|tox|[from] item: Toxic Orb\n|upkeep\n|turn|14\n|\n|t:|1697839523\n|move|p1a: Gliscor|Crabhammer|p2a: Great Tusk\n|-supereffective|p2a: Great Tusk\n|-damage|p2a: Great Tusk|43\/100\n|move|p2a: Great Tusk|Ice Spinner|p1a: Gliscor\n|-supereffective|p1a: Gliscor\n|-damage|p1a: Gliscor|0 fnt\n|faint|p1a: Gliscor\n|\n|upkeep\n|\n|t:|1697839527\n|switch|p1a: Leafeon|Leafeon, M|85\/100\n|turn|15\n|c|\u2606Riverstar21|gg\n|\n|t:|1697839535\n|move|p2a: Great Tusk|Megahorn|p1a: Leafeon\n|-supereffective|p1a: Leafeon\n|-damage|p1a: Leafeon|34\/100\n|-enditem|p1a: Leafeon|Sitrus Berry|[eat]\n|-heal|p1a: Leafeon|59\/100|[from] item: Sitrus Berry\n|move|p1a: Leafeon|Leaf Blade|p2a: Great Tusk\n|-supereffective|p2a: Great Tusk\n|-damage|p2a: Great Tusk|0 fnt\n|faint|p2a: Great Tusk\n|-end|p2a: Great Tusk|Protosynthesis|[silent]\n|\n|upkeep\n|\n|t:|1697839545\n|switch|p2a: Torkoal|Torkoal, F|100\/100\n|-damage|p2a: Torkoal|76\/100|[from] Stealth Rock\n|-damage|p2a: Torkoal|63\/100|[from] Spikes\n|-weather|SunnyDay|[from] ability: Drought|[of] p2a: Torkoal\n|turn|16\n|\n|t:|1697839553\n|move|p1a: Leafeon|Leech Seed|p2a: Torkoal\n|-start|p2a: Torkoal|move: Leech Seed\n|move|p2a: Torkoal|Will-O-Wisp|p1a: Leafeon\n|-immune|p1a: Leafeon|[from] ability: Leaf Guard\n|\n|-weather|SunnyDay|[upkeep]\n|-damage|p2a: Torkoal|51\/100|[from] Leech Seed|[of] p1a: Leafeon\n|-heal|p1a: Leafeon|71\/100|[silent]\n|upkeep\n|turn|17\n|\n|t:|1697839562\n|switch|p2a: Lilligant|Lilligant-Hisui, F|100\/100\n|-damage|p2a: Lilligant|94\/100|[from] Stealth Rock\n|-damage|p2a: Lilligant|82\/100|[from] Spikes\n|move|p1a: Leafeon|Swords Dance|p1a: Leafeon\n|-boost|p1a: Leafeon|atk|2\n|\n|-weather|SunnyDay|[upkeep]\n|upkeep\n|turn|18\n|\n|t:|1697839572\n|move|p2a: Lilligant|Brick Break|p1a: Leafeon\n|-damage|p1a: Leafeon|46\/100\n|move|p1a: Leafeon|Leech Seed|p2a: Lilligant\n|-immune|p2a: Lilligant\n|\n|-weather|SunnyDay|[upkeep]\n|upkeep\n|turn|19\n|\n|t:|1697839591\n|move|p2a: Lilligant|Swords Dance|p2a: Lilligant\n|-boost|p2a: Lilligant|atk|2\n|move|p1a: Leafeon|Baton Pass|p1a: Leafeon\n|\n|t:|1697839595\n|switch|p1a: Espathra|Espathra, F|100\/100|[from] Baton Pass\n|\n|-weather|SunnyDay|[upkeep]\n|upkeep\n|turn|20\n|\n|t:|1697839603\n|move|p1a: Espathra|Protect|p1a: Espathra\n|-singleturn|p1a: Espathra|Protect\n|move|p2a: Lilligant|Solar Blade||[still]\n|-prepare|p2a: Lilligant|Solar Blade\n|-anim|p2a: Lilligant|Solar Blade|p1a: Espathra\n|-activate|p1a: Espathra|move: Protect\n|\n|-weather|none\n|-ability|p1a: Espathra|Speed Boost|boost\n|-boost|p1a: Espathra|spe|1\n|upkeep\n|turn|21\n|\n|t:|1697839615\n|switch|p2a: Torkoal|Torkoal, F|51\/100\n|-damage|p2a: Torkoal|26\/100|[from] Stealth Rock\n|-damage|p2a: Torkoal|14\/100|[from] Spikes\n|-weather|SunnyDay|[from] ability: Drought|[of] p2a: Torkoal\n|move|p1a: Espathra|Lumina Crash|p2a: Torkoal\n|-damage|p2a: Torkoal|0 fnt\n|faint|p2a: Torkoal\n|-damage|p1a: Espathra|91\/100|[from] item: Life Orb\n|\n|-weather|SunnyDay|[upkeep]\n|-ability|p1a: Espathra|Speed Boost|boost\n|-boost|p1a: Espathra|spe|1\n|upkeep\n|\n|t:|1697839630\n|switch|p2a: Walking Wake|Walking Wake|51\/100\n|-damage|p2a: Walking Wake|39\/100|[from] Stealth Rock\n|-damage|p2a: Walking Wake|26\/100|[from] Spikes\n|-activate|p2a: Walking Wake|ability: Protosynthesis\n|-start|p2a: Walking Wake|protosynthesisspe\n|turn|22\n|\n|t:|1697839642\n|move|p1a: Espathra|Protect|p1a: Espathra\n|-singleturn|p1a: Espathra|Protect\n|move|p2a: Walking Wake|Knock Off|p1a: Espathra\n|-activate|p1a: Espathra|move: Protect\n|\n|-weather|SunnyDay|[upkeep]\n|-ability|p1a: Espathra|Speed Boost|boost\n|-boost|p1a: Espathra|spe|1\n|upkeep\n|turn|23\n|\n|t:|1697839650\n|move|p1a: Espathra|Shadow Ball|p2a: Walking Wake\n|-damage|p2a: Walking Wake|0 fnt\n|faint|p2a: Walking Wake\n|-end|p2a: Walking Wake|Protosynthesis|[silent]\n|-damage|p1a: Espathra|81\/100|[from] item: Life Orb\n|\n|-weather|SunnyDay|[upkeep]\n|-ability|p1a: Espathra|Speed Boost|boost\n|-boost|p1a: Espathra|spe|1\n|upkeep\n|\n|t:|1697839658\n|switch|p2a: Lilligant|Lilligant-Hisui, F|82\/100\n|-damage|p2a: Lilligant|76\/100|[from] Stealth Rock\n|-damage|p2a: Lilligant|63\/100|[from] Spikes\n|turn|24\n|\n|t:|1697839676\n|move|p1a: Espathra|Protect|p1a: Espathra\n|-singleturn|p1a: Espathra|Protect\n|move|p2a: Lilligant|Solar Blade||[still]\n|-prepare|p2a: Lilligant|Solar Blade\n|-anim|p2a: Lilligant|Solar Blade|p1a: Espathra\n|-activate|p1a: Espathra|move: Protect\n|\n|-weather|SunnyDay|[upkeep]\n|-ability|p1a: Espathra|Speed Boost|boost\n|-boost|p1a: Espathra|spe|1\n|upkeep\n|turn|25\n|\n|t:|1697839687\n|move|p1a: Espathra|Lumina Crash|p2a: Lilligant\n|-supereffective|p2a: Lilligant\n|-damage|p2a: Lilligant|0 fnt\n|faint|p2a: Lilligant\n|-damage|p1a: Espathra|71\/100|[from] item: Life Orb\n|\n|-weather|none\n|-ability|p1a: Espathra|Speed Boost|boost\n|-boost|p1a: Espathra|spe|1\n|upkeep\n|\n|t:|1697839696\n|switch|p2a: Flutter Mane|Flutter Mane|100\/100\n|-damage|p2a: Flutter Mane|88\/100|[from] Stealth Rock\n|-damage|p2a: Flutter Mane|76\/100|[from] Spikes\n|turn|26\n|\n|t:|1697839711\n|move|p1a: Espathra|Shadow Ball|p2a: Flutter Mane\n|-supereffective|p2a: Flutter Mane\n|-damage|p2a: Flutter Mane|3\/100\n|-enditem|p2a: Flutter Mane|Aguav Berry|[eat]\n|-heal|p2a: Flutter Mane|36\/100|[from] item: Aguav Berry\n|-damage|p1a: Espathra|61\/100|[from] item: Life Orb\n|move|p2a: Flutter Mane|Calm Mind|p2a: Flutter Mane\n|-boost|p2a: Flutter Mane|spa|1\n|-boost|p2a: Flutter Mane|spd|1\n|\n|upkeep\n|turn|27\n|\n|t:|1697839721\n|move|p1a: Espathra|Shadow Ball|p2a: Flutter Mane\n|-supereffective|p2a: Flutter Mane\n|-damage|p2a: Flutter Mane|0 fnt\n|faint|p2a: Flutter Mane\n|-end|p2a: Flutter Mane|Protosynthesis|[silent]\n|-damage|p1a: Espathra|51\/100|[from] item: Life Orb\n|\n|win|Riverstar21\n|raw|Riverstar21's rating: 1146 &rarr; <strong>1169<\/strong><br \/>(+23 for winning)\n|raw|Iamashsdad's rating: 1121 &rarr; <strong>1098<\/strong><br \/>(-23 for losing)\n|l|\u2606Iamashsdad\n|c|\u2606Riverstar21|i did not expect to clutch\n","uploadtime":1697839735,"views":11,"p1id":"riverstar21","p2id":"iamashsdad","formatid":"gen9anythinggoes","rating":1098,"private":0,"password":""}