{"id":"gen9anythinggoes-1992023729","p1":"TrappisFlappis","p2":"Rodan123","format":"[Gen 9] Anything Goes","log":"|j|\u2606TrappisFlappis\n|j|\u2606Rodan123\n|t:|1700148623\n|gametype|singles\n|player|p1|TrappisFlappis|riley|1076\n|player|p2|Rodan123|fisherman-gen4|1206\n|teamsize|p1|6\n|teamsize|p2|6\n|gen|9\n|tier|[Gen 9] Anything Goes\n|rated|\n|rule|HP Percentage Mod: HP is shown in percentages\n|rule|Endless Battle Clause: Forcing endless battles is banned\n|clearpoke\n|poke|p1|Maushold-Four|\n|poke|p1|Flutter Mane|\n|poke|p1|Miraidon|\n|poke|p1|Rabsca, M|\n|poke|p1|Garganacl, F|\n|poke|p1|Houndstone, M|\n|poke|p2|Rayquaza|\n|poke|p2|Toxapex, F|\n|poke|p2|Ninetales-Alola, F|\n|poke|p2|Zapdos|\n|poke|p2|Zoroark-Hisui, F|\n|poke|p2|Polteageist-Antique|\n|teampreview\n|\n|t:|1700148634\n|start\n|switch|p1a: DeMarco|Miraidon|100\/100\n|switch|p2a: Ninetales|Ninetales-Alola, F|100\/100\n|-fieldstart|move: Electric Terrain|[from] ability: Hadron Engine|[of] p1a: DeMarco\n|-weather|Snow|[from] ability: Snow Warning|[of] p2a: Ninetales\n|turn|1\n|\n|t:|1700148646\n|-terastallize|p1a: DeMarco|Electric\n|move|p1a: DeMarco|Electro Drift|p2a: Ninetales\n|-damage|p2a: Ninetales|0 fnt\n|faint|p2a: Ninetales\n|\n|-weather|Snow|[upkeep]\n|upkeep\n|\n|t:|1700148655\n|switch|p2a: Toxapex|Toxapex, F|100\/100\n|turn|2\n|\n|t:|1700148662\n|-terastallize|p2a: Toxapex|Poison\n|move|p1a: DeMarco|Electro Drift|p2a: Toxapex\n|-damage|p2a: Toxapex|8\/100\n|move|p2a: Toxapex|Toxic|p1a: DeMarco\n|-status|p1a: DeMarco|tox\n|\n|-weather|Snow|[upkeep]\n|-heal|p2a: Toxapex|14\/100|[from] item: Black Sludge\n|-damage|p1a: DeMarco|94\/100 tox|[from] psn\n|upkeep\n|turn|3\n|\n|t:|1700148675\n|switch|p1a: Maushold|Maushold-Four|100\/100\n|switch|p2a: Zapdos|Zapdos|100\/100\n|\n|-weather|Snow|[upkeep]\n|upkeep\n|turn|4\n|\n|t:|1700148680\n|move|p1a: Maushold|Population Bomb|p2a: Zapdos\n|-damage|p2a: Zapdos|86\/100\n|-damage|p2a: Zapdos|73\/100\n|-damage|p2a: Zapdos|59\/100\n|-crit|p2a: Zapdos\n|-damage|p2a: Zapdos|39\/100\n|-status|p1a: Maushold|par|[from] ability: Static|[of] p2a: Zapdos\n|-damage|p2a: Zapdos|24\/100\n|-hitcount|p2a: Zapdos|5\n|cant|p2a: Zapdos|flinch\n|\n|-weather|Snow|[upkeep]\n|-heal|p2a: Zapdos|31\/100|[from] item: Leftovers\n|upkeep\n|turn|5\n|\n|t:|1700148687\n|move|p2a: Zapdos|Thunderbolt|p1a: Maushold\n|-damage|p1a: Maushold|37\/100 par\n|move|p1a: Maushold|Population Bomb|p2a: Zapdos\n|-damage|p2a: Zapdos|17\/100\n|-damage|p2a: Zapdos|5\/100\n|-damage|p2a: Zapdos|0 fnt\n|faint|p2a: Zapdos\n|-hitcount|p2: Zapdos|3\n|\n|-weather|none\n|-fieldend|move: Electric Terrain\n|upkeep\n|\n|t:|1700148700\n|switch|p2a: Rayquaza|Rayquaza, shiny|100\/100\n|-ability|p2a: Rayquaza|Air Lock\n|turn|6\n|\n|t:|1700148715\n|move|p2a: Rayquaza|Extreme Speed|p1a: Maushold\n|-damage|p1a: Maushold|0 fnt\n|faint|p1a: Maushold\n|\n|upkeep\n|\n|t:|1700148718\n|switch|p1a: DeMarco|Miraidon, tera:Electric|94\/100 tox\n|-fieldstart|move: Electric Terrain|[from] ability: Hadron Engine|[of] p1a: DeMarco\n|turn|7\n|\n|t:|1700148727\n|move|p1a: DeMarco|Dragon Pulse|p2a: Rayquaza\n|-supereffective|p2a: Rayquaza\n|-damage|p2a: Rayquaza|0 fnt\n|faint|p2a: Rayquaza\n|\n|-damage|p1a: DeMarco|88\/100 tox|[from] psn\n|upkeep\n|\n|t:|1700148732\n|switch|p2a: Polteageist|Polteageist-Antique, shiny|100\/100\n|turn|8\n|\n|t:|1700148735\n|move|p1a: DeMarco|Electro Drift|p2a: Polteageist\n|-enditem|p2a: Polteageist|Focus Sash\n|-damage|p2a: Polteageist|1\/100\n|move|p2a: Polteageist|Shell Smash|p2a: Polteageist\n|-unboost|p2a: Polteageist|def|1\n|-unboost|p2a: Polteageist|spd|1\n|-boost|p2a: Polteageist|atk|2\n|-boost|p2a: Polteageist|spa|2\n|-boost|p2a: Polteageist|spe|2\n|\n|-damage|p1a: DeMarco|76\/100 tox|[from] psn\n|upkeep\n|turn|9\n|\n|t:|1700148743\n|move|p2a: Polteageist|Stored Power|p1a: DeMarco\n|-damage|p1a: DeMarco|15\/100 tox\n|move|p1a: DeMarco|Dragon Pulse|p2a: Polteageist\n|-crit|p2a: Polteageist\n|-damage|p2a: Polteageist|0 fnt\n|faint|p2a: Polteageist\n|\n|-damage|p1a: DeMarco|0 fnt|[from] psn\n|faint|p1a: DeMarco\n|upkeep\n|\n|t:|1700148750\n|switch|p1a: Flutter Mane|Flutter Mane, shiny|100\/100\n|switch|p2a: Toxapex|Toxapex, F, tera:Poison|47\/100\n|turn|10\n|\n|t:|1700148756\n|switch|p2a: Toxapex|Toxapex, F|100\/100\n|move|p1a: Flutter Mane|Psyshock|p2a: Toxapex\n|-damage|p2a: Toxapex|23\/100\n|replace|p2a: Zoroark|Zoroark-Hisui, F, shiny\n|-end|p2a: Zoroark|Illusion\n|-damage|p1a: Flutter Mane|91\/100|[from] item: Life Orb\n|\n|upkeep\n|turn|11\n|\n|t:|1700148759\n|move|p1a: Flutter Mane|Moonblast|p2a: Zoroark\n|-damage|p2a: Zoroark|0 fnt\n|faint|p2a: Zoroark\n|-damage|p1a: Flutter Mane|81\/100|[from] item: Life Orb\n|\n|-fieldend|move: Electric Terrain\n|upkeep\n|\n|t:|1700148761\n|switch|p2a: Toxapex|Toxapex, F, tera:Poison|80\/100\n|turn|12\n|\n|t:|1700148764\n|move|p1a: Flutter Mane|Psyshock|p2a: Toxapex\n|-supereffective|p2a: Toxapex\n|-damage|p2a: Toxapex|17\/100\n|-damage|p1a: Flutter Mane|71\/100|[from] item: Life Orb\n|move|p2a: Toxapex|Recover|p2a: Toxapex\n|-heal|p2a: Toxapex|67\/100\n|\n|-heal|p2a: Toxapex|73\/100|[from] item: Black Sludge\n|upkeep\n|turn|13\n|\n|t:|1700148769\n|move|p2a: Toxapex|Baneful Bunker|p2a: Toxapex\n|-singleturn|p2a: Toxapex|move: Protect\n|move|p1a: Flutter Mane|Psyshock|p2a: Toxapex\n|-activate|p2a: Toxapex|move: Protect\n|\n|-heal|p2a: Toxapex|79\/100|[from] item: Black Sludge\n|upkeep\n|turn|14\n|\n|t:|1700148774\n|move|p1a: Flutter Mane|Psyshock|p2a: Toxapex\n|-supereffective|p2a: Toxapex\n|-damage|p2a: Toxapex|16\/100\n|-damage|p1a: Flutter Mane|61\/100|[from] item: Life Orb\n|move|p2a: Toxapex|Recover|p2a: Toxapex\n|-heal|p2a: Toxapex|66\/100\n|\n|-heal|p2a: Toxapex|72\/100|[from] item: Black Sludge\n|upkeep\n|turn|15\n|\n|t:|1700148782\n|-end|p1a: Flutter Mane|Protosynthesis|[silent]\n|switch|p1a: Rabsca|Rabsca, M, shiny|100\/100\n|move|p2a: Toxapex|Recover|p2a: Toxapex\n|-heal|p2a: Toxapex|100\/100\n|\n|upkeep\n|turn|16\n|\n|t:|1700148792\n|move|p1a: Rabsca|Revival Blessing|p1a: Rabsca\n|-enditem|p1a: Rabsca|Leppa Berry|[eat]\n|-activate|p1a: Rabsca|item: Leppa Berry|Revival Blessing|[consumed]\n|\n|t:|1700148796\n|-heal|p1: Maushold|50\/100|[from] move: Revival Blessing\n|move|p2a: Toxapex|Toxic|p1a: Rabsca\n|-status|p1a: Rabsca|tox\n|-activate|p1a: Rabsca|ability: Synchronize\n|-immune|p2a: Toxapex\n|\n|-damage|p1a: Rabsca|94\/100 tox|[from] psn\n|upkeep\n|turn|17\n|\n|t:|1700148801\n|move|p1a: Rabsca|Revival Blessing|p1a: Rabsca\n|\n|t:|1700148802\n|-heal|p1: DeMarco|50\/100|[from] move: Revival Blessing\n|move|p2a: Toxapex|Chilling Water|p1a: Rabsca\n|-damage|p1a: Rabsca|86\/100 tox\n|-unboost|p1a: Rabsca|atk|1\n|\n|-damage|p1a: Rabsca|73\/100 tox|[from] psn\n|upkeep\n|turn|18\n|\n|t:|1700148809\n|move|p1a: Rabsca|Memento|p2a: Toxapex\n|-unboost|p2a: Toxapex|atk|2\n|-unboost|p2a: Toxapex|spa|2\n|faint|p1a: Rabsca\n|move|p2a: Toxapex|Chilling Water|p1: Rabsca|[notarget]\n|-fail|p2a: Toxapex\n|\n|upkeep\n|\n|t:|1700148816\n|switch|p1a: Maushold|Maushold-Four|50\/100\n|turn|19\n|\n|t:|1700148820\n|move|p2a: Toxapex|Baneful Bunker|p2a: Toxapex\n|-singleturn|p2a: Toxapex|move: Protect\n|move|p1a: Maushold|Encore|p2a: Toxapex\n|-activate|p2a: Toxapex|move: Protect\n|\n|upkeep\n|turn|20\n|\n|t:|1700148825\n|move|p2a: Toxapex|Baneful Bunker||[still]\n|-fail|p2a: Toxapex\n|move|p1a: Maushold|Encore|p2a: Toxapex\n|-start|p2a: Toxapex|Encore\n|\n|upkeep\n|turn|21\n|\n|t:|1700148828\n|move|p2a: Toxapex|Baneful Bunker|p2a: Toxapex\n|-singleturn|p2a: Toxapex|move: Protect\n|move|p1a: Maushold|Tidy Up|p1a: Maushold\n|-boost|p1a: Maushold|atk|1\n|-boost|p1a: Maushold|spe|1\n|\n|upkeep\n|turn|22\n|\n|t:|1700148832\n|move|p2a: Toxapex|Baneful Bunker|p2a: Toxapex\n|-singleturn|p2a: Toxapex|move: Protect\n|move|p1a: Maushold|Tidy Up|p1a: Maushold\n|-boost|p1a: Maushold|atk|1\n|-boost|p1a: Maushold|spe|1\n|\n|upkeep\n|turn|23\n|\n|t:|1700148835\n|move|p2a: Toxapex|Baneful Bunker||[still]\n|-fail|p2a: Toxapex\n|move|p1a: Maushold|Tidy Up|p1a: Maushold\n|-boost|p1a: Maushold|atk|1\n|-boost|p1a: Maushold|spe|1\n|\n|-end|p2a: Toxapex|Encore\n|upkeep\n|turn|24\n|\n|t:|1700148838\n|move|p2a: Toxapex|Baneful Bunker|p2a: Toxapex\n|-singleturn|p2a: Toxapex|move: Protect\n|move|p1a: Maushold|Encore|p2a: Toxapex\n|-activate|p2a: Toxapex|move: Protect\n|\n|upkeep\n|turn|25\n|\n|t:|1700148844\n|move|p2a: Toxapex|Baneful Bunker|p2a: Toxapex\n|-singleturn|p2a: Toxapex|move: Protect\n|move|p1a: Maushold|Encore|p2a: Toxapex\n|-activate|p2a: Toxapex|move: Protect\n|\n|upkeep\n|turn|26\n|\n|t:|1700148852\n|move|p2a: Toxapex|Baneful Bunker||[still]\n|-fail|p2a: Toxapex\n|move|p1a: Maushold|Encore|p2a: Toxapex\n|-start|p2a: Toxapex|Encore\n|\n|upkeep\n|turn|27\n|\n|t:|1700148855\n|move|p2a: Toxapex|Baneful Bunker|p2a: Toxapex\n|-singleturn|p2a: Toxapex|move: Protect\n|move|p1a: Maushold|Tidy Up|p1a: Maushold\n|-boost|p1a: Maushold|atk|1\n|-boost|p1a: Maushold|spe|1\n|\n|upkeep\n|turn|28\n|\n|t:|1700148859\n|move|p2a: Toxapex|Baneful Bunker||[still]\n|-fail|p2a: Toxapex\n|move|p1a: Maushold|Tidy Up|p1a: Maushold\n|-boost|p1a: Maushold|atk|1\n|-boost|p1a: Maushold|spe|1\n|\n|upkeep\n|turn|29\n|\n|t:|1700148863\n|move|p2a: Toxapex|Baneful Bunker|p2a: Toxapex\n|-singleturn|p2a: Toxapex|move: Protect\n|move|p1a: Maushold|Tidy Up|p1a: Maushold\n|-boost|p1a: Maushold|atk|1\n|-boost|p1a: Maushold|spe|1\n|\n|-end|p2a: Toxapex|Encore\n|upkeep\n|turn|30\n|\n|t:|1700148867\n|move|p2a: Toxapex|Baneful Bunker||[still]\n|-fail|p2a: Toxapex\n|move|p1a: Maushold|Encore|p2a: Toxapex\n|-start|p2a: Toxapex|Encore\n|\n|upkeep\n|turn|31\n|\n|t:|1700148870\n|move|p2a: Toxapex|Baneful Bunker|p2a: Toxapex\n|-singleturn|p2a: Toxapex|move: Protect\n|move|p1a: Maushold|Baton Pass|p1a: Maushold\n|\n|t:|1700148874\n|switch|p1a: SSSReplacement|Garganacl, F, shiny|100\/100|[from] Baton Pass\n|\n|upkeep\n|turn|32\n|\n|t:|1700148878\n|move|p2a: Toxapex|Baneful Bunker||[still]\n|-fail|p2a: Toxapex\n|move|p1a: SSSReplacement|Salt Cure|p2a: Toxapex\n|-damage|p2a: Toxapex|57\/100\n|-start|p2a: Toxapex|Salt Cure\n|\n|-heal|p2a: Toxapex|63\/100|[from] item: Black Sludge\n|-damage|p2a: Toxapex|51\/100|[from] Salt Cure\n|upkeep\n|turn|33\n|\n|t:|1700148882\n|move|p2a: Toxapex|Baneful Bunker|p2a: Toxapex\n|-singleturn|p2a: Toxapex|move: Protect\n|move|p1a: SSSReplacement|Iron Defense|p1a: SSSReplacement\n|-boost|p1a: SSSReplacement|def|2\n|\n|-heal|p2a: Toxapex|57\/100|[from] item: Black Sludge\n|-damage|p2a: Toxapex|45\/100|[from] Salt Cure\n|-end|p2a: Toxapex|Encore\n|upkeep\n|turn|34\n|-message|Rodan123 forfeited.\n|\n|win|TrappisFlappis\n|raw|TrappisFlappis's rating: 1076 &rarr; <strong>1115<\/strong><br \/>(+39 for winning)\n|raw|Rodan123's rating: 1206 &rarr; <strong>1172<\/strong><br \/>(-34 for losing)\n|l|\u2606Rodan123\n","uploadtime":1700148890,"views":4,"p1id":"trappisflappis","p2id":"rodan123","formatid":"gen9anythinggoes","rating":1115,"private":0,"password":""}