{"id":"gen9anythinggoes-1998047374","p1":"Purplegy","p2":"Mr Pinehurst","format":"[Gen 9] Anything Goes","log":"|j|\u2606Purplegy\n|j|\u2606Mr Pinehurst\n|t:|1700883417\n|gametype|singles\n|player|p1|Purplegy|chili|1175\n|player|p2|Mr Pinehurst|266|1278\n|teamsize|p1|4\n|teamsize|p2|6\n|gen|9\n|tier|[Gen 9] Anything Goes\n|rated|\n|rule|HP Percentage Mod: HP is shown in percentages\n|rule|Endless Battle Clause: Forcing endless battles is banned\n|clearpoke\n|poke|p1|Oricorio-Pom-Pom, F|\n|poke|p1|Oricorio-Sensu, F|\n|poke|p1|Oricorio-Pa'u, F|\n|poke|p1|Oricorio, F|\n|poke|p2|Maushold-Four|\n|poke|p2|Flutter Mane|\n|poke|p2|Miraidon|\n|poke|p2|Rabsca, M|\n|poke|p2|Garganacl, F|\n|poke|p2|Houndstone, M|\n|teampreview\n|\n|t:|1700883423\n|start\n|switch|p1a: Kpop|Oricorio-Pom-Pom, F|100\/100\n|switch|p2a: Maushold|Maushold-Four|100\/100\n|turn|1\n|\n|t:|1700883431\n|switch|p1a: Spooky dance|Oricorio-Sensu, F|100\/100\n|move|p2a: Maushold|Population Bomb|p1a: Spooky dance\n|-immune|p1a: Spooky dance\n|\n|upkeep\n|turn|2\n|\n|t:|1700883440\n|move|p2a: Maushold|Tidy Up|p2a: Maushold\n|-boost|p2a: Maushold|atk|1\n|-boost|p2a: Maushold|spe|1\n|move|p1a: Spooky dance|Quiver Dance|p1a: Spooky dance\n|-boost|p1a: Spooky dance|spa|1\n|-boost|p1a: Spooky dance|spd|1\n|-boost|p1a: Spooky dance|spe|1\n|\n|upkeep\n|turn|3\n|\n|t:|1700883453\n|move|p2a: Maushold|Encore|p1a: Spooky dance\n|-start|p1a: Spooky dance|Encore\n|move|p1a: Spooky dance|Quiver Dance|p1a: Spooky dance\n|-boost|p1a: Spooky dance|spa|1\n|-boost|p1a: Spooky dance|spd|1\n|-boost|p1a: Spooky dance|spe|1\n|\n|upkeep\n|turn|4\n|\n|t:|1700883460\n|move|p1a: Spooky dance|Quiver Dance|p1a: Spooky dance\n|-boost|p1a: Spooky dance|spa|1\n|-boost|p1a: Spooky dance|spd|1\n|-boost|p1a: Spooky dance|spe|1\n|move|p2a: Maushold|Baton Pass|p2a: Maushold\n|\n|t:|1700883469\n|switch|p2a: DeMarco|Miraidon|100\/100|[from] Baton Pass\n|-fieldstart|move: Electric Terrain|[from] ability: Hadron Engine|[of] p2a: DeMarco\n|\n|upkeep\n|turn|5\n|\n|t:|1700883477\n|-terastallize|p2a: DeMarco|Electric\n|move|p1a: Spooky dance|Quiver Dance|p1a: Spooky dance\n|-boost|p1a: Spooky dance|spa|1\n|-boost|p1a: Spooky dance|spd|1\n|-boost|p1a: Spooky dance|spe|1\n|move|p2a: DeMarco|Electro Drift|p1a: Spooky dance\n|-supereffective|p1a: Spooky dance\n|-damage|p1a: Spooky dance|0 fnt\n|faint|p1a: Spooky dance\n|\n|upkeep\n|\n|t:|1700883489\n|switch|p1a: Kpop|Oricorio-Pom-Pom, F|100\/100\n|turn|6\n|\n|t:|1700883498\n|move|p2a: DeMarco|Electro Drift|p1a: Kpop\n|-damage|p1a: Kpop|0 fnt\n|faint|p1a: Kpop\n|\n|upkeep\n|\n|t:|1700883506\n|switch|p1a: Brawl|Oricorio, F, shiny|100\/100\n|turn|7\n|\n|t:|1700883512\n|-terastallize|p1a: Brawl|Grass\n|move|p2a: DeMarco|Electro Drift|p1a: Brawl\n|-resisted|p1a: Brawl\n|-damage|p1a: Brawl|0 fnt\n|faint|p1a: Brawl\n|\n|upkeep\n|\n|t:|1700883520\n|switch|p1a: Hawaii|Oricorio-Pa'u, F|100\/100\n|turn|8\n|\n|t:|1700883526\n|move|p2a: DeMarco|Electro Drift|p1a: Hawaii\n|-supereffective|p1a: Hawaii\n|-damage|p1a: Hawaii|0 fnt\n|faint|p1a: Hawaii\n|\n|win|Mr Pinehurst\n|raw|Purplegy's rating: 1175 &rarr; <strong>1157<\/strong><br \/>(-18 for losing)\n|raw|Mr Pinehurst's rating: 1278 &rarr; <strong>1296<\/strong><br \/>(+18 for winning)\n|l|\u2606Purplegy\n","uploadtime":1700883529,"views":0,"p1id":"purplegy","p2id":"mrpinehurst","formatid":"gen9anythinggoes","rating":1157,"private":0,"password":""}