{"id":"gen9anythinggoes-2000492628","p1":"jb291","p2":"KaenSoul","format":"[Gen 9] Anything Goes","log":"|j|\u2606jb291\n|j|\u2606KaenSoul\n|inactive|Battle timer is ON: inactive players will automatically lose when time's up.\n|t:|1701199387\n|gametype|singles\n|player|p1|jb291|korrina-masters|\n|player|p2|KaenSoul|#kaensoul|\n|teamsize|p1|6\n|teamsize|p2|6\n|gen|9\n|tier|[Gen 9] Anything Goes\n|rated|Tournament battle\n|rule|HP Percentage Mod: HP is shown in percentages\n|rule|Endless Battle Clause: Forcing endless battles is banned\n|rule|Re-Evolution Mod: Pok\u00e9mon gain the boosts they would gain from evolving again\n|rule|Sleep Moves Clause: Sleep-inducing moves are banned\n|rule|Species Clause: Limit one of each Pok\u00e9mon\n|rule|OHKO Clause: OHKO moves are banned\n|rule|Evasion Moves Clause: Evasion moves are banned\n|rule|Terastal Clause: You cannot Terastallize\n|clearpoke\n|poke|p1|Umbreon, M|\n|poke|p1|Clodsire, F|\n|poke|p1|Toxapex, F|\n|poke|p1|Garganacl, F|\n|poke|p1|Corviknight, M|\n|poke|p1|Dipplin, F|\n|poke|p2|Pelipper, M|\n|poke|p2|Barraskewda, F|\n|poke|p2|Palafin, M|\n|poke|p2|Garchomp, M|\n|poke|p2|Lokix, F|\n|poke|p2|Glimmora, M|\n|teampreview\n|inactive|jb291 also wants the timer to be on.\n|j| xnal\n|c|\u2606KaenSoul|glhf\n|j|%Hiusi guy %\u25d5\u203f\u203f\u25d5%\n|c|\u2606jb291|sinc ewhen do you have a custom\n|c|\u2606KaenSoul|today\n|j| TheTrueLtaker\n|\n|t:|1701199414\n|start\n|switch|p1a: Garganacl|Garganacl, F|100\/100\n|switch|p2a: Palafin|Palafin, M|100\/100\n|turn|1\n|c|\u2606jb291|cool\n|c|\u2606jb291|how did you get it\n|\n|t:|1701199434\n|detailschange|p2a: Palafin|Palafin-Hero, M\n|switch|p2a: Garchomp|Garchomp, M|100\/100\n|move|p1a: Garganacl|Stealth Rock|p2a: Garchomp\n|-sidestart|p2: KaenSoul|move: Stealth Rock\n|\n|upkeep\n|turn|2\n|\n|t:|1701199438\n|switch|p1a: Umbreon|Umbreon, M|100\/100\n|move|p2a: Garchomp|Spikes|p1a: Umbreon\n|-sidestart|p1: jb291|Spikes\n|\n|upkeep\n|turn|3\n|\n|t:|1701199446\n|switch|p2a: Glimmora|Glimmora, M|100\/100\n|-damage|p2a: Glimmora|88\/100|[from] Stealth Rock\n|move|p1a: Umbreon|Toxic|p2a: Glimmora\n|-immune|p2a: Glimmora\n|\n|-heal|p2a: Glimmora|94\/100|[from] item: Black Sludge\n|upkeep\n|turn|4\n|\n|t:|1701199454\n|switch|p1a: Garganacl|Garganacl, F|100\/100\n|-damage|p1a: Garganacl|88\/100|[from] Spikes\n|move|p2a: Glimmora|Stealth Rock|p1a: Garganacl\n|-sidestart|p1: jb291|move: Stealth Rock\n|\n|-heal|p2a: Glimmora|99\/100|[from] item: Black Sludge\n|-heal|p1a: Garganacl|94\/100|[from] item: Leftovers\n|upkeep\n|turn|5\n|\n|t:|1701199461\n|move|p2a: Glimmora|Earth Power|p1a: Garganacl\n|-supereffective|p1a: Garganacl\n|-damage|p1a: Garganacl|64\/100\n|move|p1a: Garganacl|Salt Cure|p2a: Glimmora\n|-damage|p2a: Glimmora|92\/100\n|-start|p2a: Glimmora|Salt Cure\n|\n|-heal|p2a: Glimmora|98\/100|[from] item: Black Sludge\n|-heal|p1a: Garganacl|70\/100|[from] item: Leftovers\n|-damage|p2a: Glimmora|86\/100|[from] Salt Cure\n|upkeep\n|turn|6\n|\n|t:|1701199469\n|switch|p2a: Pelipper|Pelipper, M|100\/100\n|-damage|p2a: Pelipper|76\/100|[from] Stealth Rock\n|-weather|RainDance|[from] ability: Drizzle|[of] p2a: Pelipper\n|move|p1a: Garganacl|Recover|p1a: Garganacl\n|-heal|p1a: Garganacl|100\/100\n|\n|-weather|RainDance|[upkeep]\n|upkeep\n|turn|7\n|\n|t:|1701199474\n|move|p1a: Garganacl|Salt Cure|p2a: Pelipper\n|-supereffective|p2a: Pelipper\n|-damage|p2a: Pelipper|59\/100\n|-start|p2a: Pelipper|Salt Cure\n|move|p2a: Pelipper|U-turn|p1a: Garganacl\n|-damage|p1a: Garganacl|95\/100\n|\n|t:|1701199483\n|switch|p2a: Barraskewda|Barraskewda, F|100\/100|[from] U-turn\n|\n|-weather|RainDance|[upkeep]\n|-heal|p1a: Garganacl|100\/100|[from] item: Leftovers\n|upkeep\n|turn|8\n|\n|t:|1701199490\n|switch|p1a: Toxapex|Toxapex, F|100\/100\n|-damage|p1a: Toxapex|88\/100|[from] Spikes\n|-damage|p1a: Toxapex|76\/100|[from] Stealth Rock\n|move|p2a: Barraskewda|Flip Turn|p1a: Toxapex\n|-resisted|p1a: Toxapex\n|-damage|p1a: Toxapex|61\/100\n|-damage|p2a: Barraskewda|84\/100|[from] item: Rocky Helmet|[of] p1a: Toxapex\n|\n|t:|1701199496\n|switch|p2a: Palafin|Palafin-Hero, M|100\/100|[from] Flip Turn\n|-damage|p2a: Palafin|88\/100|[from] Stealth Rock\n|-activate|p2a: Palafin|ability: Zero to Hero\n|\n|-weather|RainDance|[upkeep]\n|upkeep\n|turn|9\n|\n|t:|1701199509\n|move|p1a: Toxapex|Baneful Bunker|p1a: Toxapex\n|-singleturn|p1a: Toxapex|move: Protect\n|move|p2a: Palafin|Taunt|p1a: Toxapex\n|-activate|p1a: Toxapex|move: Protect\n|\n|-weather|RainDance|[upkeep]\n|upkeep\n|turn|10\n|\n|t:|1701199516\n|switch|p1a: Dipplin|Dipplin, F|100\/100\n|-damage|p1a: Dipplin|88\/100|[from] Spikes\n|-damage|p1a: Dipplin|76\/100|[from] Stealth Rock\n|move|p2a: Palafin|Taunt|p1a: Dipplin\n|-start|p1a: Dipplin|move: Taunt\n|\n|-weather|RainDance|[upkeep]\n|upkeep\n|turn|11\n|\n|t:|1701199523\n|switch|p2a: Lokix|Lokix, F|100\/100\n|move|p1a: Dipplin|Giga Drain|p2a: Lokix\n|-resisted|p2a: Lokix\n|-damage|p2a: Lokix|82\/100\n|-heal|p1a: Dipplin|83\/100|[from] drain|[of] p2a: Lokix\n|\n|-weather|RainDance|[upkeep]\n|upkeep\n|turn|12\n|\n|t:|1701199529\n|move|p2a: Lokix|Knock Off|p1a: Dipplin\n|-damage|p1a: Dipplin|66\/100\n|-activate|p1a: Dipplin|ability: Sticky Hold\n|move|p1a: Dipplin|Dragon Tail|p2a: Lokix\n|-damage|p2a: Lokix|62\/100\n|drag|p2a: Garchomp|Garchomp, M|100\/100\n|-damage|p2a: Garchomp|94\/100|[from] Stealth Rock\n|\n|-weather|RainDance|[upkeep]\n|-heal|p2a: Garchomp|100\/100|[from] item: Leftovers\n|-end|p1a: Dipplin|move: Taunt\n|upkeep\n|turn|13\n|\n|t:|1701199537\n|switch|p1a: Corviknight|Corviknight, M|100\/100\n|-damage|p1a: Corviknight|88\/100|[from] Stealth Rock\n|-ability|p1a: Corviknight|Pressure\n|move|p2a: Garchomp|Dragon Tail|p1a: Corviknight|[miss]\n|-miss|p2a: Garchomp|p1a: Corviknight\n|\n|-weather|none\n|-heal|p1a: Corviknight|94\/100|[from] item: Leftovers\n|upkeep\n|turn|14\n|\n|t:|1701199542\n|move|p1a: Corviknight|Defog|p2a: Garchomp\n|-unboost|p2a: Garchomp|evasion|1\n|-sideend|p2: KaenSoul|Stealth Rock|[from] move: Defog|[of] p1a: Corviknight\n|-sideend|p1: jb291|Spikes|[from] move: Defog|[of] p1a: Corviknight\n|-sideend|p1: jb291|Stealth Rock|[from] move: Defog|[of] p1a: Corviknight\n|move|p2a: Garchomp|Dragon Tail|p1a: Corviknight\n|-resisted|p1a: Corviknight\n|-damage|p1a: Corviknight|88\/100\n|drag|p1a: Dipplin|Dipplin, F|66\/100\n|\n|upkeep\n|turn|15\n|l|%Hiusi guy %\u25d5\u203f\u203f\u25d5%\n|\n|t:|1701199548\n|switch|p1a: Corviknight|Corviknight, M|88\/100\n|-ability|p1a: Corviknight|Pressure\n|move|p2a: Garchomp|Spikes|p1a: Corviknight\n|-sidestart|p1: jb291|Spikes\n|\n|-heal|p1a: Corviknight|94\/100|[from] item: Leftovers\n|upkeep\n|turn|16\n|\n|t:|1701199554\n|switch|p1a: Toxapex|Toxapex, F|94\/100\n|-damage|p1a: Toxapex|82\/100|[from] Spikes\n|move|p2a: Garchomp|Spikes|p1a: Toxapex\n|-sidestart|p1: jb291|Spikes\n|\n|upkeep\n|turn|17\n|j| Dragswordtob\n|\n|t:|1701199561\n|move|p2a: Garchomp|Earthquake|p1a: Toxapex\n|-supereffective|p1a: Toxapex\n|-damage|p1a: Toxapex|30\/100\n|move|p1a: Toxapex|Toxic Spikes|p2a: Garchomp\n|-sidestart|p2: KaenSoul|move: Toxic Spikes\n|\n|upkeep\n|turn|18\n|\n|t:|1701199567\n|move|p1a: Toxapex|Baneful Bunker|p1a: Toxapex\n|-singleturn|p1a: Toxapex|move: Protect\n|move|p2a: Garchomp|Swords Dance|p2a: Garchomp\n|-boost|p2a: Garchomp|atk|2\n|\n|upkeep\n|turn|19\n|\n|t:|1701199574\n|switch|p1a: Corviknight|Corviknight, M|94\/100\n|-ability|p1a: Corviknight|Pressure\n|move|p2a: Garchomp|Swords Dance|p2a: Garchomp\n|-boost|p2a: Garchomp|atk|2\n|\n|-heal|p1a: Corviknight|99\/100|[from] item: Leftovers\n|upkeep\n|turn|20\n|\n|t:|1701199579\n|move|p1a: Corviknight|Defog|p2a: Garchomp\n|-unboost|p2a: Garchomp|evasion|1\n|-sideend|p2: KaenSoul|Toxic Spikes|[from] move: Defog|[of] p1a: Corviknight\n|-sideend|p1: jb291|Spikes|[from] move: Defog|[of] p1a: Corviknight\n|move|p2a: Garchomp|Dragon Tail|p1a: Corviknight\n|-resisted|p1a: Corviknight\n|-damage|p1a: Corviknight|80\/100\n|drag|p1a: Clodsire|Clodsire, F|100\/100\n|\n|upkeep\n|turn|21\n|\n|t:|1701199586\n|switch|p1a: Corviknight|Corviknight, M|80\/100\n|-ability|p1a: Corviknight|Pressure\n|move|p2a: Garchomp|Earthquake|p1a: Corviknight\n|-immune|p1a: Corviknight\n|\n|-heal|p1a: Corviknight|86\/100|[from] item: Leftovers\n|upkeep\n|turn|22\n|\n|t:|1701199592\n|switch|p1a: Toxapex|Toxapex, F|63\/100\n|move|p2a: Garchomp|Spikes|p1a: Toxapex\n|-sidestart|p1: jb291|Spikes\n|\n|upkeep\n|turn|23\n|\n|t:|1701199597\n|switch|p1a: Corviknight|Corviknight, M|86\/100\n|-ability|p1a: Corviknight|Pressure\n|move|p2a: Garchomp|Earthquake|p1a: Corviknight\n|-immune|p1a: Corviknight\n|\n|-heal|p1a: Corviknight|92\/100|[from] item: Leftovers\n|upkeep\n|turn|24\n|\n|t:|1701199601\n|move|p2a: Garchomp|Spikes|p1a: Corviknight\n|-sidestart|p1: jb291|Spikes\n|move|p1a: Corviknight|Defog|p2a: Garchomp\n|-unboost|p2a: Garchomp|evasion|1\n|-sideend|p1: jb291|Spikes|[from] move: Defog|[of] p1a: Corviknight\n|\n|-heal|p1a: Corviknight|99\/100|[from] item: Leftovers\n|upkeep\n|turn|25\n|\n|t:|1701199606\n|move|p2a: Garchomp|Spikes|p1a: Corviknight\n|-sidestart|p1: jb291|Spikes\n|move|p1a: Corviknight|Iron Defense|p1a: Corviknight\n|-boost|p1a: Corviknight|def|2\n|\n|-heal|p1a: Corviknight|100\/100|[from] item: Leftovers\n|upkeep\n|turn|26\n|\n|t:|1701199611\n|move|p2a: Garchomp|Spikes|p1a: Corviknight\n|-sidestart|p1: jb291|Spikes\n|move|p1a: Corviknight|Defog|p2a: Garchomp\n|-unboost|p2a: Garchomp|evasion|1\n|-sideend|p1: jb291|Spikes|[from] move: Defog|[of] p1a: Corviknight\n|\n|upkeep\n|turn|27\n|\n|t:|1701199618\n|move|p2a: Garchomp|Spikes|p1a: Corviknight\n|-sidestart|p1: jb291|Spikes\n|move|p1a: Corviknight|Brave Bird|p2a: Garchomp\n|-damage|p2a: Garchomp|77\/100\n|-damage|p1a: Corviknight|88\/100|[from] ability: Rough Skin|[of] p2a: Garchomp\n|-damage|p1a: Corviknight|80\/100|[from] Recoil\n|\n|-heal|p2a: Garchomp|83\/100|[from] item: Leftovers\n|-heal|p1a: Corviknight|86\/100|[from] item: Leftovers\n|upkeep\n|turn|28\n|\n|t:|1701199623\n|switch|p2a: Glimmora|Glimmora, M|86\/100\n|move|p1a: Corviknight|Defog|p2a: Glimmora\n|-unboost|p2a: Glimmora|evasion|1\n|-sideend|p1: jb291|Spikes|[from] move: Defog|[of] p1a: Corviknight\n|\n|-heal|p2a: Glimmora|92\/100|[from] item: Black Sludge\n|-heal|p1a: Corviknight|92\/100|[from] item: Leftovers\n|upkeep\n|turn|29\n|\n|t:|1701199627\n|switch|p1a: Garganacl|Garganacl, F|100\/100\n|move|p2a: Glimmora|Stealth Rock|p1a: Garganacl\n|-sidestart|p1: jb291|move: Stealth Rock\n|\n|-heal|p2a: Glimmora|98\/100|[from] item: Black Sludge\n|upkeep\n|turn|30\n|l| TheTrueLtaker\n|\n|t:|1701199648\n|move|p2a: Glimmora|Earth Power|p1a: Garganacl\n|-supereffective|p1a: Garganacl\n|-damage|p1a: Garganacl|70\/100\n|move|p1a: Garganacl|Salt Cure|p2a: Glimmora\n|-damage|p2a: Glimmora|90\/100\n|-start|p2a: Glimmora|Salt Cure\n|\n|-heal|p2a: Glimmora|96\/100|[from] item: Black Sludge\n|-heal|p1a: Garganacl|76\/100|[from] item: Leftovers\n|-damage|p2a: Glimmora|84\/100|[from] Salt Cure\n|upkeep\n|turn|31\n|j| TheTrueLtaker\n|l| TheTrueLtaker\n|\n|t:|1701199654\n|switch|p2a: Pelipper|Pelipper, M|59\/100\n|-weather|RainDance|[from] ability: Drizzle|[of] p2a: Pelipper\n|move|p1a: Garganacl|Stealth Rock|p2a: Pelipper\n|-sidestart|p2: KaenSoul|move: Stealth Rock\n|\n|-weather|RainDance|[upkeep]\n|-heal|p1a: Garganacl|83\/100|[from] item: Leftovers\n|upkeep\n|turn|32\n|\n|t:|1701199658\n|switch|p1a: Toxapex|Toxapex, F|97\/100\n|-damage|p1a: Toxapex|84\/100|[from] Stealth Rock\n|move|p2a: Pelipper|Roost|p2a: Pelipper\n|-heal|p2a: Pelipper|100\/100\n|-singleturn|p2a: Pelipper|move: Roost\n|\n|-weather|RainDance|[upkeep]\n|upkeep\n|turn|33\n|\n|t:|1701199669\n|switch|p2a: Glimmora|Glimmora, M|84\/100\n|-damage|p2a: Glimmora|71\/100|[from] Stealth Rock\n|move|p1a: Toxapex|Toxic Spikes|p2a: Glimmora\n|-sidestart|p2: KaenSoul|move: Toxic Spikes\n|\n|-weather|RainDance|[upkeep]\n|-heal|p2a: Glimmora|78\/100|[from] item: Black Sludge\n|upkeep\n|turn|34\n|\n|t:|1701199679\n|switch|p1a: Corviknight|Corviknight, M|92\/100\n|-damage|p1a: Corviknight|79\/100|[from] Stealth Rock\n|-ability|p1a: Corviknight|Pressure\n|move|p2a: Glimmora|Mortal Spin|p1a: Corviknight\n|-immune|p1a: Corviknight\n|\n|-weather|RainDance|[upkeep]\n|-heal|p2a: Glimmora|84\/100|[from] item: Black Sludge\n|-heal|p1a: Corviknight|85\/100|[from] item: Leftovers\n|upkeep\n|turn|35\n|\n|t:|1701199685\n|switch|p1a: Garganacl|Garganacl, F|83\/100\n|-damage|p1a: Garganacl|70\/100|[from] Stealth Rock\n|move|p2a: Glimmora|Toxic|p1a: Garganacl\n|-immune|p1a: Garganacl|[from] ability: Purifying Salt\n|\n|-weather|RainDance|[upkeep]\n|-heal|p2a: Glimmora|90\/100|[from] item: Black Sludge\n|-heal|p1a: Garganacl|76\/100|[from] item: Leftovers\n|upkeep\n|turn|36\n|\n|t:|1701199694\n|move|p2a: Glimmora|Earth Power|p1a: Garganacl\n|-supereffective|p1a: Garganacl\n|-damage|p1a: Garganacl|49\/100\n|move|p1a: Garganacl|Earthquake|p2a: Glimmora\n|-supereffective|p2a: Glimmora\n|-damage|p2a: Glimmora|35\/100\n|\n|-weather|RainDance|[upkeep]\n|-heal|p2a: Glimmora|41\/100|[from] item: Black Sludge\n|-heal|p1a: Garganacl|55\/100|[from] item: Leftovers\n|upkeep\n|turn|37\n|\n|t:|1701199700\n|switch|p2a: Pelipper|Pelipper, M|100\/100\n|-damage|p2a: Pelipper|76\/100|[from] Stealth Rock\n|move|p1a: Garganacl|Recover|p1a: Garganacl\n|-heal|p1a: Garganacl|100\/100\n|\n|-weather|RainDance|[upkeep]\n|upkeep\n|turn|38\n|\n|t:|1701199705\n|move|p1a: Garganacl|Salt Cure|p2a: Pelipper\n|-supereffective|p2a: Pelipper\n|-damage|p2a: Pelipper|59\/100\n|-start|p2a: Pelipper|Salt Cure\n|move|p2a: Pelipper|U-turn|p1a: Garganacl\n|-damage|p1a: Garganacl|95\/100\n|\n|t:|1701199709\n|switch|p2a: Glimmora|Glimmora, M|41\/100|[from] U-turn\n|-damage|p2a: Glimmora|29\/100|[from] Stealth Rock\n|-sideend|p2: KaenSoul|move: Toxic Spikes|[of] p2a: Glimmora\n|\n|-weather|none\n|-heal|p2a: Glimmora|35\/100|[from] item: Black Sludge\n|-heal|p1a: Garganacl|100\/100|[from] item: Leftovers\n|upkeep\n|turn|39\n|\n|t:|1701199718\n|switch|p2a: Garchomp|Garchomp, M|83\/100\n|-damage|p2a: Garchomp|77\/100|[from] Stealth Rock\n|move|p1a: Garganacl|Salt Cure|p2a: Garchomp\n|-resisted|p2a: Garchomp\n|-damage|p2a: Garchomp|72\/100\n|-start|p2a: Garchomp|Salt Cure\n|\n|-heal|p2a: Garchomp|78\/100|[from] item: Leftovers\n|-damage|p2a: Garchomp|66\/100|[from] Salt Cure\n|upkeep\n|turn|40\n|\n|t:|1701199725\n|switch|p2a: Palafin|Palafin-Hero, M|88\/100\n|-damage|p2a: Palafin|76\/100|[from] Stealth Rock\n|move|p1a: Garganacl|Salt Cure|p2a: Palafin\n|-damage|p2a: Palafin|63\/100\n|\n|upkeep\n|turn|41\n|\n|t:|1701199733\n|switch|p1a: Umbreon|Umbreon, M|100\/100\n|-damage|p1a: Umbreon|88\/100|[from] Stealth Rock\n|move|p2a: Palafin|Bulk Up|p2a: Palafin\n|-boost|p2a: Palafin|atk|1\n|-boost|p2a: Palafin|def|1\n|\n|-heal|p1a: Umbreon|94\/100|[from] item: Leftovers\n|upkeep\n|turn|42\n|l| Dragswordtob\n|\n|t:|1701199741\n|move|p2a: Palafin|Taunt|p1a: Umbreon\n|-start|p1a: Umbreon|move: Taunt\n|move|p1a: Umbreon|Foul Play|p2a: Palafin\n|-damage|p2a: Palafin|11\/100\n|\n|-heal|p1a: Umbreon|99\/100|[from] item: Leftovers\n|upkeep\n|turn|43\n|\n|t:|1701199746\n|switch|p1a: Toxapex|Toxapex, F|100\/100\n|-damage|p1a: Toxapex|88\/100|[from] Stealth Rock\n|move|p2a: Palafin|Drain Punch|p1a: Toxapex\n|-resisted|p1a: Toxapex\n|-damage|p1a: Toxapex|76\/100\n|-heal|p2a: Palafin|16\/100|[from] drain|[of] p1a: Toxapex\n|-damage|p2a: Palafin|0 fnt|[from] item: Rocky Helmet|[of] p1a: Toxapex\n|faint|p2a: Palafin\n|\n|upkeep\n|-message|KaenSoul forfeited.\n|\n|win|jb291\n|n|\u2606jb291|jb291\n|n|\u2606KaenSoul|kaensoul\n|n| xnal|xnal\n","uploadtime":1701199755,"views":1,"p1id":"jb291","p2id":"kaensoul","formatid":"gen9anythinggoes","rating":0,"private":0,"password":""}