{"id":"gen9anythinggoes-1984712388","p1":"Dex guy","p2":"letsbegood","format":"[Gen 9] Anything Goes","log":"|j|\u2606Dex guy\n|j|\u2606letsbegood\n|t:|1699292916\n|gametype|singles\n|player|p1|Dex guy|hiker-gen4|1061\n|player|p2|letsbegood|psychicf-gen4|1000\n|teamsize|p1|6\n|teamsize|p2|6\n|gen|9\n|tier|[Gen 9] Anything Goes\n|rated|\n|rule|HP Percentage Mod: HP is shown in percentages\n|rule|Endless Battle Clause: Forcing endless battles is banned\n|clearpoke\n|poke|p1|Drifblim, F|\n|poke|p1|Maushold|\n|poke|p1|Ninetales-Alola, F|\n|poke|p1|Froslass, F|\n|poke|p1|Dialga|\n|poke|p1|Palkia|\n|poke|p2|Zacian-*|\n|poke|p2|Regieleki|\n|poke|p2|Annihilape, M|\n|poke|p2|Chien-Pao|\n|poke|p2|Pelipper, M|\n|poke|p2|Hawlucha, F|\n|teampreview\n|inactive|Battle timer is ON: inactive players will automatically lose when time's up. (requested by letsbegood)\n|inactive|Dex guy also wants the timer to be on.\n|\n|t:|1699292940\n|start\n|switch|p1a: Drifblim|Drifblim, F|100\/100\n|switch|p2a: Zacian|Zacian-Crowned, shiny|100\/100\n|-ability|p2a: Zacian|Intrepid Sword|boost\n|-boost|p2a: Zacian|atk|1\n|turn|1\n|\n|t:|1699292960\n|move|p2a: Zacian|Swords Dance|p2a: Zacian\n|-boost|p2a: Zacian|atk|2\n|move|p1a: Drifblim|Minimize|p1a: Drifblim\n|-boost|p1a: Drifblim|evasion|2\n|\n|upkeep\n|turn|2\n|\n|t:|1699292967\n|move|p2a: Zacian|Behemoth Blade|p1a: Drifblim|[miss]\n|-miss|p2a: Zacian|p1a: Drifblim\n|move|p1a: Drifblim|Minimize|p1a: Drifblim\n|-boost|p1a: Drifblim|evasion|2\n|\n|upkeep\n|turn|3\n|\n|t:|1699292974\n|move|p2a: Zacian|Behemoth Blade|p1a: Drifblim|[miss]\n|-miss|p2a: Zacian|p1a: Drifblim\n|move|p1a: Drifblim|Minimize|p1a: Drifblim\n|-boost|p1a: Drifblim|evasion|2\n|\n|upkeep\n|turn|4\n|\n|t:|1699292982\n|move|p2a: Zacian|Behemoth Blade|p1a: Drifblim|[miss]\n|-miss|p2a: Zacian|p1a: Drifblim\n|move|p1a: Drifblim|Baton Pass|p1a: Drifblim\n|\n|t:|1699292986\n|switch|p1a: Maushold|Maushold|100\/100|[from] Baton Pass\n|\n|upkeep\n|turn|5\n|\n|t:|1699292993\n|move|p2a: Zacian|Close Combat|p1a: Maushold|[miss]\n|-miss|p2a: Zacian|p1a: Maushold\n|move|p1a: Maushold|Agility|p1a: Maushold\n|-boost|p1a: Maushold|spe|2\n|\n|upkeep\n|turn|6\n|\n|t:|1699292999\n|move|p1a: Maushold|Agility|p1a: Maushold\n|-boost|p1a: Maushold|spe|2\n|move|p2a: Zacian|Close Combat|p1a: Maushold|[miss]\n|-miss|p2a: Zacian|p1a: Maushold\n|\n|upkeep\n|turn|7\n|\n|t:|1699293008\n|move|p1a: Maushold|Baton Pass|p1a: Maushold\n|\n|t:|1699293009\n|switch|p1a: Ninetales|Ninetales-Alola, F|100\/100|[from] Baton Pass\n|-weather|Snow|[from] ability: Snow Warning|[of] p1a: Ninetales\n|move|p2a: Zacian|Close Combat|p1a: Ninetales|[miss]\n|-miss|p2a: Zacian|p1a: Ninetales\n|\n|-weather|Snow|[upkeep]\n|upkeep\n|turn|8\n|\n|t:|1699293018\n|move|p1a: Ninetales|Nasty Plot|p1a: Ninetales\n|-boost|p1a: Ninetales|spa|2\n|move|p2a: Zacian|Behemoth Blade|p1a: Ninetales|[miss]\n|-miss|p2a: Zacian|p1a: Ninetales\n|\n|-weather|Snow|[upkeep]\n|upkeep\n|turn|9\n|\n|t:|1699293029\n|move|p1a: Ninetales|Ice Beam|p2a: Zacian\n|-resisted|p2a: Zacian\n|-damage|p2a: Zacian|78\/100\n|move|p2a: Zacian|Behemoth Blade|p1a: Ninetales|[miss]\n|-miss|p2a: Zacian|p1a: Ninetales\n|\n|-weather|Snow|[upkeep]\n|upkeep\n|turn|10\n|\n|t:|1699293036\n|move|p1a: Ninetales|Nasty Plot|p1a: Ninetales\n|-boost|p1a: Ninetales|spa|2\n|move|p2a: Zacian|Behemoth Blade|p1a: Ninetales|[miss]\n|-miss|p2a: Zacian|p1a: Ninetales\n|\n|-weather|Snow|[upkeep]\n|upkeep\n|turn|11\n|\n|t:|1699293042\n|move|p1a: Ninetales|Nasty Plot|p1a: Ninetales\n|-boost|p1a: Ninetales|spa|2\n|move|p2a: Zacian|Behemoth Blade|p1a: Ninetales|[miss]\n|-miss|p2a: Zacian|p1a: Ninetales\n|\n|-weather|none\n|upkeep\n|turn|12\n|\n|t:|1699293049\n|move|p1a: Ninetales|Ice Beam|p2a: Zacian\n|-resisted|p2a: Zacian\n|-damage|p2a: Zacian|29\/100\n|move|p2a: Zacian|Behemoth Blade|p1a: Ninetales|[miss]\n|-miss|p2a: Zacian|p1a: Ninetales\n|\n|upkeep\n|turn|13\n|\n|t:|1699293056\n|move|p1a: Ninetales|Ice Beam|p2a: Zacian\n|-resisted|p2a: Zacian\n|-damage|p2a: Zacian|0 fnt\n|faint|p2a: Zacian\n|\n|upkeep\n|\n|t:|1699293061\n|switch|p2a: Pelipper|Pelipper, M|100\/100\n|-weather|RainDance|[from] ability: Drizzle|[of] p2a: Pelipper\n|turn|14\n|\n|t:|1699293065\n|move|p1a: Ninetales|Icicle Spear|p2a: Pelipper\n|-damage|p2a: Pelipper|91\/100\n|-damage|p2a: Pelipper|83\/100\n|-damage|p2a: Pelipper|74\/100\n|-hitcount|p2a: Pelipper|3\n|move|p2a: Pelipper|Tailwind|p2a: Pelipper\n|-sidestart|p2: letsbegood|move: Tailwind\n|\n|-weather|RainDance|[upkeep]\n|upkeep\n|turn|15\n|\n|t:|1699293073\n|switch|p2a: Regieleki|Regieleki, shiny|100\/100\n|move|p1a: Ninetales|Ice Beam|p2a: Regieleki\n|-damage|p2a: Regieleki|0 fnt\n|faint|p2a: Regieleki\n|\n|-weather|RainDance|[upkeep]\n|upkeep\n|\n|t:|1699293081\n|switch|p2a: Pelipper|Pelipper, M|74\/100\n|turn|16\n|\n|t:|1699293085\n|move|p1a: Ninetales|Ice Beam|p2a: Pelipper\n|-damage|p2a: Pelipper|0 fnt\n|faint|p2a: Pelipper\n|\n|-weather|RainDance|[upkeep]\n|upkeep\n|\n|t:|1699293090\n|switch|p2a: Hawlucha|Hawlucha, F|100\/100\n|turn|17\n|\n|t:|1699293093\n|move|p2a: Hawlucha|Detect|p2a: Hawlucha\n|-singleturn|p2a: Hawlucha|Protect\n|move|p1a: Ninetales|Ice Beam|p2a: Hawlucha\n|-activate|p2a: Hawlucha|move: Protect\n|\n|-weather|RainDance|[upkeep]\n|-sideend|p2: letsbegood|move: Tailwind\n|upkeep\n|turn|18\n|\n|t:|1699293100\n|move|p1a: Ninetales|Ice Beam|p2a: Hawlucha\n|-supereffective|p2a: Hawlucha\n|-damage|p2a: Hawlucha|0 fnt\n|faint|p2a: Hawlucha\n|\n|-weather|none\n|upkeep\n|\n|t:|1699293104\n|switch|p2a: Annihilape|Annihilape, M, shiny|100\/100\n|turn|19\n|\n|t:|1699293110\n|move|p1a: Ninetales|Ice Beam|p2a: Annihilape\n|-damage|p2a: Annihilape|0 fnt\n|faint|p2a: Annihilape\n|\n|upkeep\n|\n|t:|1699293112\n|switch|p2a: Chien-Pao|Chien-Pao|100\/100\n|-ability|p2a: Chien-Pao|Sword of Ruin\n|turn|20\n|\n|t:|1699293118\n|-terastallize|p2a: Chien-Pao|Dark\n|move|p2a: Chien-Pao|Sucker Punch|p1a: Ninetales|[miss]\n|-miss|p2a: Chien-Pao|p1a: Ninetales\n|move|p1a: Ninetales|Dazzling Gleam|p2a: Chien-Pao\n|-supereffective|p2a: Chien-Pao\n|-enditem|p2a: Chien-Pao|Focus Sash\n|-damage|p2a: Chien-Pao|1\/100\n|\n|upkeep\n|turn|21\n|\n|t:|1699293127\n|move|p2a: Chien-Pao|Sucker Punch|p1a: Ninetales\n|-resisted|p1a: Ninetales\n|-damage|p1a: Ninetales|61\/100\n|move|p1a: Ninetales|Dazzling Gleam|p2a: Chien-Pao\n|-supereffective|p2a: Chien-Pao\n|-damage|p2a: Chien-Pao|0 fnt\n|faint|p2a: Chien-Pao\n|\n|win|Dex guy\n|raw|Dex guy's rating: 1061 &rarr; <strong>1086<\/strong><br \/>(+25 for winning)\n|raw|letsbegood's rating: 1000 &rarr; <strong>1000<\/strong><br \/>(+0 for losing)\n","uploadtime":1699293136,"views":4,"p1id":"dexguy","p2id":"letsbegood","formatid":"gen9anythinggoes","rating":1000,"private":0,"password":""}