{"id":"gen9anythinggoes-1986293724","p1":"Azerbaijani2007","p2":"JAGCMODERNO","format":"[Gen 9] Anything Goes","log":"|j|\u2606Azerbaijani2007\n|j|\u2606JAGCMODERNO\n|t:|1699466887\n|gametype|singles\n|player|p1|Azerbaijani2007|lucas-gen4pt|1048\n|player|p2|JAGCMODERNO|266|1034\n|teamsize|p1|6\n|teamsize|p2|6\n|gen|9\n|tier|[Gen 9] Anything Goes\n|rated|\n|rule|HP Percentage Mod: HP is shown in percentages\n|rule|Endless Battle Clause: Forcing endless battles is banned\n|clearpoke\n|poke|p1|Wooper-Paldea, M|\n|poke|p1|Lechonk, M|\n|poke|p1|Lechonk, M|\n|poke|p1|Lechonk, M|\n|poke|p1|Lechonk, M|\n|poke|p1|Lechonk, F|\n|poke|p2|Dragonite, F|\n|poke|p2|Tyranitar, M|\n|poke|p2|Gengar, M|\n|poke|p2|Gardevoir, M|\n|poke|p2|Sableye, M|\n|poke|p2|Kingambit, M|\n|teampreview\n|\n|t:|1699466894\n|start\n|switch|p1a: Wooper|Wooper-Paldea, M|100\/100\n|switch|p2a: Gengar|Gengar, M|100\/100\n|turn|1\n|\n|t:|1699466922\n|move|p2a: Gengar|Toxic Spikes|p1a: Wooper\n|-sidestart|p1: Azerbaijani2007|move: Toxic Spikes\n|move|p1a: Wooper|Toxic Spikes|p2a: Gengar\n|-sidestart|p2: JAGCMODERNO|move: Toxic Spikes\n|\n|upkeep\n|turn|2\n|\n|t:|1699466933\n|move|p2a: Gengar|Toxic Spikes|p1a: Wooper\n|-sidestart|p1: Azerbaijani2007|move: Toxic Spikes\n|move|p1a: Wooper|Toxic Spikes|p2a: Gengar\n|-sidestart|p2: JAGCMODERNO|move: Toxic Spikes\n|\n|upkeep\n|turn|3\n|\n|t:|1699466941\n|switch|p2a: Dragonite|Dragonite, F|100\/100\n|move|p1a: Wooper|Curse|p1a: Wooper\n|-unboost|p1a: Wooper|spe|1\n|-boost|p1a: Wooper|atk|1\n|-boost|p1a: Wooper|def|1\n|\n|upkeep\n|turn|4\n|inactive|Battle timer is ON: inactive players will automatically lose when time's up. (requested by JAGCMODERNO)\n|\n|t:|1699466949\n|switch|p2a: Gengar|Gengar, M|100\/100\n|-sideend|p2: JAGCMODERNO|move: Toxic Spikes|[of] p2a: Gengar\n|move|p1a: Wooper|Curse|p1a: Wooper\n|-unboost|p1a: Wooper|spe|1\n|-boost|p1a: Wooper|atk|1\n|-boost|p1a: Wooper|def|1\n|\n|upkeep\n|turn|5\n|\n|t:|1699466959\n|move|p2a: Gengar|Dark Pulse|p1a: Wooper\n|-damage|p1a: Wooper|22\/100\n|move|p1a: Wooper|Curse|p1a: Wooper\n|-unboost|p1a: Wooper|spe|1\n|-boost|p1a: Wooper|atk|1\n|-boost|p1a: Wooper|def|1\n|\n|upkeep\n|turn|6\n|\n|t:|1699466970\n|move|p2a: Gengar|Dark Pulse|p1a: Wooper\n|-damage|p1a: Wooper|0 fnt\n|faint|p1a: Wooper\n|\n|upkeep\n|n|!Azerbaijani2007|azerbaijani2007\n|\n|t:|1699466990\n|switch|p1a: Lechonk|Lechonk, M|100\/100\n|-status|p1a: Lechonk|tox\n|turn|7\n|\n|t:|1699467015\n|move|p2a: Gengar|Protect|p2a: Gengar\n|-singleturn|p2a: Gengar|Protect\n|move|p1a: Lechonk|Bulldoze|p2a: Gengar\n|-activate|p2a: Gengar|move: Protect\n|\n|-damage|p1a: Lechonk|94\/100 tox|[from] psn\n|upkeep\n|turn|8\n|\n|t:|1699467024\n|switch|p2a: Dragonite|Dragonite, F|100\/100\n|move|p1a: Lechonk|Bulldoze|p2a: Dragonite\n|-immune|p2a: Dragonite\n|\n|-damage|p1a: Lechonk|82\/100 tox|[from] psn\n|upkeep\n|turn|9\n|\n|t:|1699467035\n|move|p2a: Dragonite|Extreme Speed|p1a: Lechonk\n|-damage|p1a: Lechonk|11\/100 tox\n|move|p1a: Lechonk|Iron Head|p2a: Dragonite\n|-damage|p2a: Dragonite|94\/100\n|\n|-damage|p1a: Lechonk|0 fnt|[from] psn\n|faint|p1a: Lechonk\n|upkeep\n|\n|t:|1699467045\n|switch|p1a: Lechonk|Lechonk, M|100\/100\n|-status|p1a: Lechonk|tox\n|turn|10\n|\n|t:|1699467067\n|move|p2a: Dragonite|Extreme Speed|p1a: Lechonk\n|-damage|p1a: Lechonk|27\/100 tox\n|move|p1a: Lechonk|Endeavor|p2a: Dragonite\n|-damage|p2a: Dragonite|22\/100\n|\n|-damage|p1a: Lechonk|21\/100 tox|[from] psn\n|upkeep\n|turn|11\n|\n|t:|1699467077\n|switch|p1a: Lechonk|Lechonk, M|100\/100\n|-status|p1a: Lechonk|tox\n|move|p2a: Dragonite|Extreme Speed|p1a: Lechonk\n|-damage|p1a: Lechonk|18\/100 tox\n|\n|-damage|p1a: Lechonk|12\/100 tox|[from] psn\n|upkeep\n|turn|12\n|\n|t:|1699467087\n|move|p2a: Dragonite|Extreme Speed|p1a: Lechonk\n|-crit|p1a: Lechonk\n|-damage|p1a: Lechonk|0 fnt\n|faint|p1a: Lechonk\n|\n|upkeep\n|\n|t:|1699467094\n|switch|p1a: Lechonk|Lechonk, F|100\/100\n|-status|p1a: Lechonk|tox\n|turn|13\n|\n|t:|1699467098\n|move|p2a: Dragonite|Extreme Speed|p1a: Lechonk\n|-damage|p1a: Lechonk|23\/100 tox\n|move|p1a: Lechonk|Endeavor|p2a: Dragonite\n|-damage|p2a: Dragonite|18\/100\n|\n|-damage|p1a: Lechonk|17\/100 tox|[from] psn\n|upkeep\n|turn|14\n|l|!Azerbaijani2007\n|inactive|Azerbaijani2007 disconnected and has a minute to reconnect!\n|player|p1|\n|j|!Azerbaijani2007\n|inactive|Azerbaijani2007 reconnected and has 130 seconds left.\n|player|p1|Azerbaijani2007|marshal\n|\n|t:|1699467124\n|move|p2a: Dragonite|Extreme Speed|p1a: Lechonk\n|-damage|p1a: Lechonk|0 fnt\n|faint|p1a: Lechonk\n|\n|upkeep\n|\n|t:|1699467132\n|switch|p1a: Lechonk|Lechonk, M|100\/100\n|-status|p1a: Lechonk|tox\n|turn|15\n|\n|t:|1699467147\n|move|p2a: Dragonite|Roost|p2a: Dragonite\n|-heal|p2a: Dragonite|68\/100\n|-singleturn|p2a: Dragonite|move: Roost\n|move|p1a: Lechonk|Body Slam|p2a: Dragonite\n|-damage|p2a: Dragonite|47\/100\n|\n|-damage|p1a: Lechonk|94\/100 tox|[from] psn\n|upkeep\n|turn|16\n|\n|t:|1699467157\n|move|p2a: Dragonite|Roost|p2a: Dragonite\n|-heal|p2a: Dragonite|97\/100\n|-singleturn|p2a: Dragonite|move: Roost\n|move|p1a: Lechonk|Endeavor|p2a: Dragonite\n|-damage|p2a: Dragonite|76\/100\n|\n|-damage|p1a: Lechonk|82\/100 tox|[from] psn\n|upkeep\n|turn|17\n|\n|t:|1699467176\n|move|p2a: Dragonite|Extreme Speed|p1a: Lechonk\n|-damage|p1a: Lechonk|1\/100 tox\n|move|p1a: Lechonk|Endeavor|p2a: Dragonite\n|-damage|p2a: Dragonite|1\/100\n|\n|-damage|p1a: Lechonk|0 fnt|[from] psn\n|faint|p1a: Lechonk\n|upkeep\n|\n|t:|1699467185\n|switch|p1a: Lechonk|Lechonk, M|21\/100 tox\n|turn|18\n|\n|t:|1699467190\n|-terastallize|p2a: Dragonite|Normal\n|move|p2a: Dragonite|Extreme Speed|p1a: Lechonk\n|-damage|p1a: Lechonk|0 fnt\n|faint|p1a: Lechonk\n|\n|win|JAGCMODERNO\n|raw|Azerbaijani2007's rating: 1048 &rarr; <strong>1030<\/strong><br \/>(-18 for losing)\n|raw|JAGCMODERNO's rating: 1034 &rarr; <strong>1070<\/strong><br \/>(+36 for winning)\n","uploadtime":1699466983,"views":4,"p1id":"azerbaijani2007","p2id":"jagcmoderno","formatid":"gen9anythinggoes","rating":1030,"private":0,"password":""}