{"id":"gen9anythinggoes-1999114794","p1":"zjayne21","p2":"SonicSpeedKaleb","format":"[Gen 9] Anything Goes","log":"|j|\u2606zjayne21\n|j|\u2606SonicSpeedKaleb\n|t:|1701034704\n|gametype|singles\n|player|p1|zjayne21|169|1311\n|player|p2|SonicSpeedKaleb|170|1377\n|teamsize|p1|6\n|teamsize|p2|6\n|gen|9\n|tier|[Gen 9] Anything Goes\n|rated|\n|rule|HP Percentage Mod: HP is shown in percentages\n|rule|Endless Battle Clause: Forcing endless battles is banned\n|clearpoke\n|poke|p1|Infernape, F|\n|poke|p1|Roaring Moon|\n|poke|p1|Mandibuzz, F|\n|poke|p1|Gholdengo|\n|poke|p1|Mamoswine, M|\n|poke|p1|Slowking-Galar, F|\n|poke|p2|Skeledirge, M|\n|poke|p2|Pawmot, M|\n|poke|p2|Weavile, M|\n|poke|p2|Gliscor, F|\n|poke|p2|Lycanroc, M|\n|poke|p2|Koraidon|\n|teampreview\n|c|\u2606SonicSpeedKaleb|Let's rock with FAIR strats!\n|inactive|Battle timer is ON: inactive players will automatically lose when time's up. (requested by SonicSpeedKaleb)\n|c|\u2606zjayne21|this is a draft team I'm trying out lol\n|c|\u2606zjayne21|refreshing to not see shadow calyrex\n|inactive|zjayne21 has 120 seconds left.\n|\n|t:|1701034751\n|start\n|switch|p1a: Roaring Moon|Roaring Moon, shiny|100\/100\n|switch|p2a: Pawmot|Pawmot, M|100\/100\n|turn|1\n|c|\u2606SonicSpeedKaleb|Dude I know.\n|\n|t:|1701034764\n|move|p1a: Roaring Moon|Earthquake|p2a: Pawmot\n|-supereffective|p2a: Pawmot\n|-enditem|p2a: Pawmot|Focus Sash\n|-damage|p2a: Pawmot|1\/100\n|move|p2a: Pawmot|Agility|p2a: Pawmot\n|-boost|p2a: Pawmot|spe|2\n|\n|upkeep\n|turn|2\n|\n|t:|1701034778\n|-end|p1a: Roaring Moon|Protosynthesis|[silent]\n|switch|p1a: Slowking|Slowking-Galar, F, shiny|100\/100\n|move|p2a: Pawmot|Baton Pass|p2a: Pawmot\n|\n|t:|1701034784\n|switch|p2a: Gliscor|Gliscor, F|100\/100|[from] Baton Pass\n|\n|upkeep\n|turn|3\n|\n|t:|1701034791\n|-terastallize|p1a: Slowking|Water\n|move|p2a: Gliscor|Swords Dance|p2a: Gliscor\n|-boost|p2a: Gliscor|atk|2\n|move|p1a: Slowking|Chilling Water|p2a: Gliscor\n|-supereffective|p2a: Gliscor\n|-damage|p2a: Gliscor|28\/100\n|-unboost|p2a: Gliscor|atk|1\n|\n|upkeep\n|turn|4\n|\n|t:|1701034802\n|move|p2a: Gliscor|Baton Pass|p2a: Gliscor\n|\n|t:|1701034808\n|switch|p2a: Weavile|Weavile, M|100\/100|[from] Baton Pass\n|-ability|p2a: Weavile|Pressure\n|move|p1a: Slowking|Chilling Water|p2a: Weavile\n|-damage|p2a: Weavile|69\/100\n|-unboost|p2a: Weavile|atk|1\n|\n|upkeep\n|turn|5\n|\n|t:|1701034816\n|move|p2a: Weavile|Beat Up|p1a: Slowking\n|-damage|p1a: Slowking|91\/100\n|-damage|p1a: Slowking|85\/100\n|-damage|p1a: Slowking|78\/100\n|-damage|p1a: Slowking|71\/100\n|-damage|p1a: Slowking|63\/100\n|-damage|p1a: Slowking|53\/100\n|-hitcount|p1a: Slowking|6\n|move|p1a: Slowking|Flamethrower|p2a: Weavile\n|-supereffective|p2a: Weavile\n|-damage|p2a: Weavile|3\/100\n|\n|upkeep\n|turn|6\n|\n|t:|1701034830\n|switch|p1a: Mandibuzz|Mandibuzz, F, shiny|100\/100\n|move|p2a: Weavile|Baton Pass|p2a: Weavile\n|\n|t:|1701034839\n|switch|p2a: Koraidon|Koraidon|100\/100|[from] Baton Pass\n|-weather|SunnyDay|[from] ability: Orichalcum Pulse|[of] p2a: Koraidon\n|-activate|p2a: Koraidon|Orichalcum Pulse|[source]\n|\n|-weather|SunnyDay|[upkeep]\n|upkeep\n|turn|7\n|\n|t:|1701034848\n|move|p2a: Koraidon|Collision Course|p1a: Mandibuzz\n|-damage|p1a: Mandibuzz|60\/100\n|-damage|p2a: Koraidon|84\/100|[from] item: Rocky Helmet|[of] p1a: Mandibuzz\n|move|p1a: Mandibuzz|Knock Off|p2a: Koraidon\n|-resisted|p2a: Koraidon\n|-damage|p2a: Koraidon|73\/100\n|-enditem|p2a: Koraidon|Focus Sash|[from] move: Knock Off|[of] p1a: Mandibuzz\n|\n|-weather|SunnyDay|[upkeep]\n|upkeep\n|turn|8\n|\n|t:|1701034861\n|-terastallize|p2a: Koraidon|Dragon\n|move|p2a: Koraidon|Tera Blast|p1a: Mandibuzz|[anim] Tera Blast Dragon\n|-damage|p1a: Mandibuzz|15\/100\n|move|p1a: Mandibuzz|Roost|p1a: Mandibuzz\n|-heal|p1a: Mandibuzz|66\/100\n|-singleturn|p1a: Mandibuzz|move: Roost\n|\n|-weather|SunnyDay|[upkeep]\n|upkeep\n|turn|9\n|\n|t:|1701034877\n|move|p2a: Koraidon|Dragon Claw|p1a: Mandibuzz\n|-damage|p1a: Mandibuzz|21\/100\n|-damage|p2a: Koraidon|56\/100|[from] item: Rocky Helmet|[of] p1a: Mandibuzz\n|move|p1a: Mandibuzz|U-turn|p2a: Koraidon\n|-damage|p2a: Koraidon|46\/100\n|\n|t:|1701034884\n|switch|p1a: Mamoswine|Mamoswine, M, shiny|100\/100|[from] U-turn\n|\n|-weather|SunnyDay|[upkeep]\n|upkeep\n|turn|10\n|\n|t:|1701034891\n|move|p2a: Koraidon|Iron Head|p1a: Mamoswine\n|-supereffective|p1a: Mamoswine\n|-damage|p1a: Mamoswine|34\/100\n|move|p1a: Mamoswine|Stealth Rock|p2a: Koraidon\n|-sidestart|p2: SonicSpeedKaleb|move: Stealth Rock\n|\n|-weather|none\n|upkeep\n|turn|11\n|\n|t:|1701034898\n|move|p1a: Mamoswine|Ice Shard|p2a: Koraidon\n|-supereffective|p2a: Koraidon\n|-damage|p2a: Koraidon|7\/100\n|move|p2a: Koraidon|Iron Head|p1a: Mamoswine\n|-supereffective|p1a: Mamoswine\n|-damage|p1a: Mamoswine|0 fnt\n|faint|p1a: Mamoswine\n|\n|upkeep\n|\n|t:|1701034909\n|switch|p1a: Infernape|Infernape, F, shiny|100\/100\n|turn|12\n|\n|t:|1701034914\n|move|p1a: Infernape|Vacuum Wave|p2a: Koraidon\n|-damage|p2a: Koraidon|0 fnt\n|faint|p2a: Koraidon\n|-damage|p1a: Infernape|91\/100|[from] item: Life Orb\n|\n|upkeep\n|c|\u2606SonicSpeedKaleb|I hate Vaccum Wave.\n|\n|t:|1701034929\n|switch|p2a: Lycanroc|Lycanroc, M|100\/100\n|-damage|p2a: Lycanroc|88\/100|[from] Stealth Rock\n|turn|13\n|c|\u2606zjayne21|I hate baton pass\n|\n|t:|1701034942\n|move|p1a: Infernape|Vacuum Wave|p2a: Lycanroc\n|-supereffective|p2a: Lycanroc\n|-damage|p2a: Lycanroc|5\/100\n|-damage|p1a: Infernape|81\/100|[from] item: Life Orb\n|move|p2a: Lycanroc|Drill Run|p1a: Infernape\n|-supereffective|p1a: Infernape\n|-damage|p1a: Infernape|1\/100\n|\n|upkeep\n|turn|14\n|\n|t:|1701034953\n|move|p2a: Lycanroc|Accelerock|p1a: Infernape\n|-damage|p1a: Infernape|0 fnt\n|faint|p1a: Infernape\n|\n|upkeep\n|\n|t:|1701034960\n|switch|p1a: Gholdengo|Gholdengo, shiny|100\/100\n|turn|15\n|\n|t:|1701034969\n|move|p1a: Gholdengo|Shadow Ball|p2a: Lycanroc\n|-damage|p2a: Lycanroc|0 fnt\n|faint|p2a: Lycanroc\n|\n|upkeep\n|\n|t:|1701034976\n|switch|p2a: Gliscor|Gliscor, F|28\/100\n|-damage|p2a: Gliscor|16\/100|[from] Stealth Rock\n|turn|16\n|\n|t:|1701034980\n|move|p1a: Gholdengo|Shadow Ball|p2a: Gliscor\n|-damage|p2a: Gliscor|0 fnt\n|faint|p2a: Gliscor\n|\n|upkeep\n|\n|t:|1701034983\n|switch|p2a: Skeledirge|Skeledirge, M|100\/100\n|-damage|p2a: Skeledirge|76\/100|[from] Stealth Rock\n|turn|17\n|\n|t:|1701034987\n|move|p1a: Gholdengo|Shadow Ball|p2a: Skeledirge\n|-supereffective|p2a: Skeledirge\n|-damage|p2a: Skeledirge|0 fnt\n|faint|p2a: Skeledirge\n|\n|upkeep\n|-message|SonicSpeedKaleb forfeited.\n|\n|win|zjayne21\n|raw|zjayne21's rating: 1311 &rarr; <strong>1335<\/strong><br \/>(+24 for winning)\n|raw|SonicSpeedKaleb's rating: 1377 &rarr; <strong>1353<\/strong><br \/>(-24 for losing)\n|l|\u2606SonicSpeedKaleb\n","uploadtime":1701035005,"views":8,"p1id":"zjayne21","p2id":"sonicspeedkaleb","formatid":"gen9anythinggoes","rating":1335,"private":0,"password":""}