{"id":"gen9anythinggoes-1979636585","p1":"iusepokehome","p2":"Tristan Jass","format":"[Gen 9] Anything Goes","log":"|j|\u2606iusepokehome\n|j|\u2606Tristan Jass\n|t:|1698698712\n|gametype|singles\n|player|p1|iusepokehome|cynthia|1078\n|player|p2|Tristan Jass|102|1074\n|teamsize|p1|6\n|teamsize|p2|6\n|gen|9\n|tier|[Gen 9] Anything Goes\n|rated|\n|rule|HP Percentage Mod: HP is shown in percentages\n|rule|Endless Battle Clause: Forcing endless battles is banned\n|clearpoke\n|poke|p1|Gardevoir, F|\n|poke|p1|Lucario, F|\n|poke|p1|Haxorus, M|\n|poke|p1|Garchomp, F|\n|poke|p1|Milotic, F|\n|poke|p1|Bisharp, M|\n|poke|p2|Mimikyu, M|\n|poke|p2|Mimikyu, M|\n|poke|p2|Mimikyu, M|\n|poke|p2|Mimikyu, F|\n|poke|p2|Mewtwo|\n|poke|p2|Mewtwo|\n|teampreview\n|\n|t:|1698698717\n|start\n|switch|p1a: Gardevoir|Gardevoir, F|100\/100\n|switch|p2a: Mimikyu|Mimikyu, M|100\/100\n|turn|1\n|inactive|Battle timer is ON: inactive players will automatically lose when time's up. (requested by Tristan Jass)\n|c|\u2606iusepokehome|what the heck is this?\n|\n|t:|1698698736\n|move|p2a: Mimikyu|Swords Dance|p2a: Mimikyu\n|-boost|p2a: Mimikyu|atk|2\n|move|p1a: Gardevoir|Thunder Wave|p2a: Mimikyu\n|-status|p2a: Mimikyu|par\n|\n|upkeep\n|turn|2\n|c|\u2606Tristan Jass|dream team\n|c|\u2606iusepokehome|your dream team is trash\n|\n|t:|1698698763\n|move|p1a: Gardevoir|Thunderbolt|p2a: Mimikyu\n|-activate|p2a: Mimikyu|ability: Disguise\n|-damage|p2a: Mimikyu|100\/100 par\n|detailschange|p2a: Mimikyu|Mimikyu-Busted, M\n|-damage|p2a: Mimikyu|88\/100 par|[from] pokemon: Mimikyu-Busted\n|move|p2a: Mimikyu|Swords Dance|p2a: Mimikyu\n|-boost|p2a: Mimikyu|atk|2\n|\n|-heal|p2a: Mimikyu|94\/100 par|[from] item: Leftovers\n|upkeep\n|turn|3\n|c|\u2606Tristan Jass|stfu\n|inactive|iusepokehome has 120 seconds left.\n|\n|t:|1698698778\n|move|p1a: Gardevoir|Thunderbolt|p2a: Mimikyu\n|-damage|p2a: Mimikyu|53\/100 par\n|move|p2a: Mimikyu|Phantom Force||[still]\n|-prepare|p2a: Mimikyu|Phantom Force\n|\n|-heal|p2a: Mimikyu|59\/100 par|[from] item: Leftovers\n|upkeep\n|turn|4\n|inactive|iusepokehome has 120 seconds left.\n|c|\u2606Tristan Jass|watch this\n|\n|t:|1698698790\n|move|p1a: Gardevoir|Thunderbolt|p2a: Mimikyu|[miss]\n|-miss|p1a: Gardevoir|p2a: Mimikyu\n|move|p2a: Mimikyu|Phantom Force|p1a: Gardevoir|[from]lockedmove\n|-supereffective|p1a: Gardevoir\n|-damage|p1a: Gardevoir|0 fnt\n|faint|p1a: Gardevoir\n|\n|-heal|p2a: Mimikyu|65\/100 par|[from] item: Leftovers\n|upkeep\n|inactive|iusepokehome has 120 seconds left.\n|c|\u2606iusepokehome|ok??\n|c|\u2606Tristan Jass|bozo\n|\n|t:|1698698802\n|switch|p1a: Bisharp|Bisharp, M|100\/100\n|turn|5\n|\n|t:|1698698807\n|move|p1a: Bisharp|Sucker Punch|p2a: Mimikyu\n|-damage|p2a: Mimikyu|0 fnt\n|faint|p2a: Mimikyu\n|\n|upkeep\n|c|\u2606Tristan Jass|how did I not go first\n|\n|t:|1698698814\n|switch|p2a: Mimikyu|Mimikyu, M|100\/100\n|turn|6\n|c|\u2606iusepokehome|watch that\n|inactive|iusepokehome has 120 seconds left.\n|c|\u2606Tristan Jass|tick tock bit##\n|c|\u2606iusepokehome|sucker punch goes first if the opponant is readying a move\n|\n|t:|1698698853\n|move|p1a: Bisharp|Sucker Punch||[still]\n|-fail|p1a: Bisharp\n|move|p2a: Mimikyu|Swords Dance|p2a: Mimikyu\n|-boost|p2a: Mimikyu|atk|2\n|\n|upkeep\n|turn|7\n|\n|t:|1698698860\n|move|p1a: Bisharp|Sucker Punch||[still]\n|-fail|p1a: Bisharp\n|move|p2a: Mimikyu|Swords Dance|p2a: Mimikyu\n|-boost|p2a: Mimikyu|atk|2\n|\n|upkeep\n|turn|8\n|\n|t:|1698698867\n|move|p2a: Mimikyu|Swords Dance|p2a: Mimikyu\n|-boost|p2a: Mimikyu|atk|2\n|move|p1a: Bisharp|Iron Head|p2a: Mimikyu\n|-activate|p2a: Mimikyu|ability: Disguise\n|-damage|p2a: Mimikyu|100\/100\n|detailschange|p2a: Mimikyu|Mimikyu-Busted, M\n|-damage|p2a: Mimikyu|88\/100|[from] pokemon: Mimikyu-Busted\n|\n|-heal|p2a: Mimikyu|94\/100|[from] item: Leftovers\n|upkeep\n|turn|9\n|inactive|iusepokehome has 120 seconds left.\n|\n|t:|1698698877\n|move|p1a: Bisharp|Sucker Punch|p2a: Mimikyu\n|-damage|p2a: Mimikyu|14\/100\n|move|p2a: Mimikyu|Phantom Force||[still]\n|-prepare|p2a: Mimikyu|Phantom Force\n|\n|-heal|p2a: Mimikyu|20\/100|[from] item: Leftovers\n|upkeep\n|turn|10\n|inactive|iusepokehome has 120 seconds left.\n|\n|t:|1698698889\n|-terastallize|p1a: Bisharp|Dark\n|move|p2a: Mimikyu|Phantom Force|p1a: Bisharp|[from]lockedmove\n|-resisted|p1a: Bisharp\n|-damage|p1a: Bisharp|21\/100\n|move|p1a: Bisharp|Swords Dance|p1a: Bisharp\n|-boost|p1a: Bisharp|atk|2\n|\n|-heal|p2a: Mimikyu|26\/100|[from] item: Leftovers\n|upkeep\n|turn|11\n|c|\u2606Tristan Jass|you cant guard me\n|inactive|iusepokehome has 120 seconds left.\n|\n|t:|1698698899\n|move|p2a: Mimikyu|Shadow Sneak|p1a: Bisharp\n|-resisted|p1a: Bisharp\n|-damage|p1a: Bisharp|0 fnt\n|faint|p1a: Bisharp\n|\n|-heal|p2a: Mimikyu|32\/100|[from] item: Leftovers\n|upkeep\n|inactive|iusepokehome has 120 seconds left.\n|c|\u2606iusepokehome|what!\n|\n|t:|1698698910\n|switch|p1a: Lucario|Lucario, F|100\/100\n|turn|12\n|c|\u2606Tristan Jass|this is still my 1st mimikyu\n|\n|t:|1698698920\n|move|p2a: Mimikyu|Shadow Sneak|p1a: Lucario\n|-damage|p1a: Lucario|0 fnt\n|faint|p1a: Lucario\n|\n|-heal|p2a: Mimikyu|38\/100|[from] item: Leftovers\n|upkeep\n|c|\u2606iusepokehome|shit\n|\n|t:|1698698927\n|switch|p1a: Haxorus|Haxorus, M|100\/100\n|-ability|p1a: Haxorus|Mold Breaker\n|turn|13\n|c|\u2606Tristan Jass|:)\n|c|\u2606Tristan Jass|you cant guard me\n|inactive|iusepokehome has 120 seconds left.\n|c|\u2606iusepokehome|i take back my words\n|\n|t:|1698698952\n|move|p2a: Mimikyu|Shadow Sneak|p1a: Haxorus\n|-damage|p1a: Haxorus|18\/100\n|move|p1a: Haxorus|Poison Jab|p2a: Mimikyu\n|-damage|p2a: Mimikyu|0 fnt\n|faint|p2a: Mimikyu\n|\n|upkeep\n|c|\u2606Tristan Jass|shi\n|\n|t:|1698698958\n|switch|p2a: Mimikyu|Mimikyu, M|100\/100\n|turn|14\n|c|\u2606iusepokehome|lol\n|inactive|iusepokehome has 120 seconds left.\n|\n|t:|1698698965\n|move|p2a: Mimikyu|Shadow Sneak|p1a: Haxorus\n|-crit|p1a: Haxorus\n|-damage|p1a: Haxorus|0 fnt\n|faint|p1a: Haxorus\n|\n|upkeep\n|c|\u2606Tristan Jass|all g\n|c|\u2606Tristan Jass|dead bitch\n|inactive|iusepokehome has 120 seconds left.\n|c|\u2606iusepokehome|dang it\n|\n|t:|1698698976\n|switch|p1a: Milotic|Milotic, F|100\/100\n|turn|15\n|c|\u2606Tristan Jass|only hope dead\n|\n|t:|1698698980\n|move|p2a: Mimikyu|Swords Dance|p2a: Mimikyu\n|-boost|p2a: Mimikyu|atk|2\n|move|p1a: Milotic|Dragon Tail|p2a: Mimikyu\n|-immune|p2a: Mimikyu\n|\n|upkeep\n|turn|16\n|\n|t:|1698698988\n|move|p2a: Mimikyu|Phantom Force||[still]\n|-prepare|p2a: Mimikyu|Phantom Force\n|move|p1a: Milotic|Scald|p2a: Mimikyu|[miss]\n|-miss|p1a: Milotic|p2a: Mimikyu\n|\n|upkeep\n|turn|17\n|\n|t:|1698698995\n|move|p2a: Mimikyu|Phantom Force|p1a: Milotic|[from]lockedmove\n|-damage|p1a: Milotic|45\/100\n|move|p1a: Milotic|Ice Beam|p2a: Mimikyu\n|-activate|p2a: Mimikyu|ability: Disguise\n|-damage|p2a: Mimikyu|100\/100\n|detailschange|p2a: Mimikyu|Mimikyu-Busted, M\n|-damage|p2a: Mimikyu|88\/100|[from] pokemon: Mimikyu-Busted\n|\n|-heal|p2a: Mimikyu|94\/100|[from] item: Leftovers\n|-heal|p1a: Milotic|51\/100|[from] item: Leftovers\n|upkeep\n|turn|18\n|c|\u2606Tristan Jass|1 more mimikyu and 2 mewtwos\n|inactive|iusepokehome has 120 seconds left.\n|c|\u2606iusepokehome|ya na i'm out see ya good team\n|c|\u2606Tristan Jass|bye\n|-message|iusepokehome forfeited.\n|\n|win|Tristan Jass\n|raw|iusepokehome's rating: 1078 &rarr; <strong>1056<\/strong><br \/>(-22 for losing)\n|raw|Tristan Jass's rating: 1074 &rarr; <strong>1103<\/strong><br \/>(+29 for winning)\n","uploadtime":1698698970,"views":8,"p1id":"iusepokehome","p2id":"tristanjass","formatid":"gen9anythinggoes","rating":1056,"private":0,"password":""}