{"id":"gen9anythinggoes-1972297972","p1":"Tom De Anti-furry","p2":"zbrasher21","format":"[Gen 9] Anything Goes","log":"|j|\u2606Tom De Anti-furry\n|j|\u2606zbrasher21\n|t:|1697829112\n|gametype|singles\n|player|p1|Tom De Anti-furry|265|1165\n|player|p2|zbrasher21|lucas|1132\n|teamsize|p1|6\n|teamsize|p2|6\n|gen|9\n|tier|[Gen 9] Anything Goes\n|rated|\n|rule|HP Percentage Mod: HP is shown in percentages\n|rule|Endless Battle Clause: Forcing endless battles is banned\n|clearpoke\n|poke|p1|Mewtwo|\n|poke|p1|Groudon|\n|poke|p1|Zamazenta-*|\n|poke|p1|Zacian-*|\n|poke|p1|Hoopa-Unbound|\n|poke|p1|Dialga-Origin|\n|poke|p2|Ditto|\n|poke|p2|Ditto|\n|poke|p2|Ditto|\n|poke|p2|Ditto|\n|poke|p2|Ditto|\n|poke|p2|Ditto|\n|teampreview\n|c|\u2606Tom De Anti-furry|Oh god My strat\n|\n|t:|1697829126\n|start\n|switch|p1a: thick man|Dialga-Origin|100\/100\n|switch|p2a: Ditto|Ditto, shiny|100\/100\n|-transform|p2a: Ditto|p1a: thick man|[from] ability: Imposter\n|-ability|p2a: Ditto|Pressure\n|-ability|p1a: thick man|Pressure\n|turn|1\n|c|\u2606Tom De Anti-furry|OH SHITT DITTO\n|c|\u2606zbrasher21|be afriad.\n|\n|t:|1697829146\n|move|p2a: Ditto|Earth Power|p1a: thick man\n|-supereffective|p1a: thick man\n|-damage|p1a: thick man|50\/100\n|move|p1a: thick man|Earth Power|p2a: Ditto\n|-supereffective|p2a: Ditto\n|-damage|p2a: Ditto|42\/100\n|\n|upkeep\n|turn|2\n|c|\u2606Tom De Anti-furry|I kinda am\n|\n|t:|1697829155\n|-terastallize|p1a: thick man|Steel\n|move|p2a: Ditto|Earth Power|p1a: thick man\n|-supereffective|p1a: thick man\n|-damage|p1a: thick man|3\/100\n|move|p1a: thick man|Draco Meteor|p2a: Ditto\n|-damage|p2a: Ditto|0 fnt\n|-unboost|p1a: thick man|spa|2\n|faint|p2a: Ditto\n|\n|upkeep\n|c|\u2606Tom De Anti-furry|OH\n|\n|t:|1697829170\n|switch|p2a: Ditto|Ditto|100\/100\n|-transform|p2a: Ditto|p1a: thick man|[from] ability: Imposter\n|-ability|p2a: Ditto|Pressure\n|-start|p2a: Ditto|typechange|Steel\/Dragon|[silent]\n|turn|3\n|c|\u2606Tom De Anti-furry|3% YESSSS OH SHIT\n|c|\u2606zbrasher21|damn you ditto\n|\n|t:|1697829182\n|move|p2a: Ditto|Flash Cannon|p1a: thick man\n|-resisted|p1a: thick man\n|-damage|p1a: thick man|0 fnt\n|faint|p1a: thick man\n|\n|upkeep\n|c|\u2606Tom De Anti-furry|Dittos\n|\n|t:|1697829188\n|switch|p1a: Goijra (Earth)|Groudon|100\/100\n|-weather|SunnyDay|[from] ability: Drought|[of] p1a: Goijra (Earth)\n|turn|4\n|\n|t:|1697829195\n|switch|p2a: Ditto|Ditto|100\/100\n|-transform|p2a: Ditto|p1a: Goijra (Earth)|[from] ability: Imposter\n|move|p1a: Goijra (Earth)|Precipice Blades|p2a: Ditto\n|-damage|p2a: Ditto|47\/100\n|\n|-weather|SunnyDay|[upkeep]\n|upkeep\n|turn|5\n|\n|t:|1697829210\n|move|p2a: Ditto|Precipice Blades|p1a: Goijra (Earth)\n|-damage|p1a: Goijra (Earth)|50\/100\n|move|p1a: Goijra (Earth)|Stealth Rock|p2a: Ditto\n|-sidestart|p2: zbrasher21|move: Stealth Rock\n|\n|-weather|SunnyDay|[upkeep]\n|-heal|p1a: Goijra (Earth)|57\/100|[from] item: Leftovers\n|upkeep\n|turn|6\n|c|\u2606Tom De Anti-furry|Stealth Rocks\n|\n|t:|1697829218\n|move|p2a: Ditto|Precipice Blades|p1a: Goijra (Earth)|[miss]\n|-miss|p2a: Ditto|p1a: Goijra (Earth)\n|move|p1a: Goijra (Earth)|Precipice Blades|p2a: Ditto\n|-damage|p2a: Ditto|0 fnt\n|faint|p2a: Ditto\n|\n|-weather|SunnyDay|[upkeep]\n|-heal|p1a: Goijra (Earth)|63\/100|[from] item: Leftovers\n|upkeep\n|c|\u2606zbrasher21|my strat is ruined\n|c|\u2606Tom De Anti-furry|HA YES 2 DOWN\n|\n|t:|1697829227\n|switch|p2a: Ditto|Ditto|100\/100\n|-damage|p2a: Ditto|88\/100|[from] Stealth Rock\n|-transform|p2a: Ditto|p1a: Goijra (Earth)|[from] ability: Imposter\n|turn|7\n|\n|t:|1697829234\n|move|p2a: Ditto|Precipice Blades|p1a: Goijra (Earth)\n|-damage|p1a: Goijra (Earth)|12\/100\n|move|p1a: Goijra (Earth)|Stone Edge|p2a: Ditto\n|-resisted|p2a: Ditto\n|-damage|p2a: Ditto|73\/100\n|\n|-weather|SunnyDay|[upkeep]\n|-heal|p1a: Goijra (Earth)|18\/100|[from] item: Leftovers\n|upkeep\n|turn|8\n|c|\u2606Tom De Anti-furry|COME ON\n|c|\u2606Tom De Anti-furry|NOO\n|\n|t:|1697829242\n|move|p2a: Ditto|Precipice Blades|p1a: Goijra (Earth)\n|-damage|p1a: Goijra (Earth)|0 fnt\n|faint|p1a: Goijra (Earth)\n|\n|-weather|none\n|upkeep\n|c|\u2606zbrasher21|ditto eats that\n|c|\u2606Tom De Anti-furry|GOD\n|\n|t:|1697829248\n|switch|p1a: Ring man|Hoopa-Unbound|100\/100\n|turn|9\n|\n|t:|1697829255\n|move|p2a: Ditto|Precipice Blades|p1a: Ring man\n|-damage|p1a: Ring man|0 fnt\n|faint|p1a: Ring man\n|\n|upkeep\n|\n|t:|1697829261\n|switch|p1a: Shield man|Zamazenta-Crowned|100\/100\n|-ability|p1a: Shield man|Dauntless Shield|boost\n|-boost|p1a: Shield man|def|1\n|turn|10\n|c|\u2606Tom De Anti-furry|FUCK FUCK FUCK FUCK\n|\n|t:|1697829267\n|move|p2a: Ditto|Precipice Blades|p1a: Shield man\n|-supereffective|p1a: Shield man\n|-damage|p1a: Shield man|30\/100\n|move|p1a: Shield man|Close Combat|p2a: Ditto\n|-damage|p2a: Ditto|19\/100\n|-unboost|p1a: Shield man|def|1\n|-unboost|p1a: Shield man|spd|1\n|\n|upkeep\n|turn|11\n|c|\u2606zbrasher21|theres no stopping it\n|\n|t:|1697829280\n|move|p2a: Ditto|Precipice Blades|p1a: Shield man|[miss]\n|-miss|p2a: Ditto|p1a: Shield man\n|move|p1a: Shield man|Close Combat|p2a: Ditto\n|-crit|p2a: Ditto\n|-damage|p2a: Ditto|0 fnt\n|-unboost|p1a: Shield man|def|1\n|-unboost|p1a: Shield man|spd|1\n|faint|p2a: Ditto\n|\n|upkeep\n|c|\u2606zbrasher21|nvm there is\n|\n|t:|1697829291\n|switch|p2a: Ditto|Ditto|100\/100\n|-damage|p2a: Ditto|88\/100|[from] Stealth Rock\n|-transform|p2a: Ditto|p1a: Shield man|[from] ability: Imposter\n|-ability|p2a: Ditto|Dauntless Shield|boost\n|-boost|p2a: Ditto|def|1\n|turn|12\n|c|\u2606Tom De Anti-furry|Why didn't you stealth rock me when you got the chance\n|\n|t:|1697829301\n|move|p2a: Ditto|Close Combat|p1a: Shield man\n|-supereffective|p1a: Shield man\n|-damage|p1a: Shield man|0 fnt\n|-unboost|p2a: Ditto|def|1\n|-unboost|p2a: Ditto|spd|1\n|faint|p1a: Shield man\n|\n|upkeep\n|\n|t:|1697829304\n|switch|p1a: Sword man|Zacian-Crowned|100\/100\n|-ability|p1a: Sword man|Intrepid Sword|boost\n|-boost|p1a: Sword man|atk|1\n|turn|13\n|c|\u2606Tom De Anti-furry|This is too OP\n|\n|t:|1697829334\n|switch|p2a: Ditto|Ditto|100\/100\n|-damage|p2a: Ditto|88\/100|[from] Stealth Rock\n|-transform|p2a: Ditto|p1a: Sword man|[from] ability: Imposter\n|-ability|p2a: Ditto|Intrepid Sword|boost\n|-boost|p2a: Ditto|atk|1\n|move|p1a: Sword man|Play Rough|p2a: Ditto\n|-resisted|p2a: Ditto\n|-damage|p2a: Ditto|46\/100\n|\n|upkeep\n|turn|14\n|c|\u2606zbrasher21|they all have choice scarf\n|\n|t:|1697829348\n|move|p2a: Ditto|Behemoth Blade|p1a: Sword man\n|-damage|p1a: Sword man|1\/100\n|move|p1a: Sword man|Swords Dance|p1a: Sword man\n|-boost|p1a: Sword man|atk|2\n|\n|upkeep\n|turn|15\n|\n|t:|1697829367\n|switch|p2a: Ditto|Ditto|88\/100\n|-damage|p2a: Ditto|76\/100|[from] Stealth Rock\n|-transform|p2a: Ditto|p1a: Sword man|[from] ability: Imposter\n|-ability|p2a: Ditto|Intrepid Sword|boost\n|-boost|p2a: Ditto|atk|1\n|move|p1a: Sword man|Behemoth Blade|p2a: Ditto\n|-damage|p2a: Ditto|0 fnt\n|faint|p2a: Ditto\n|\n|upkeep\n|\n|t:|1697829378\n|switch|p2a: Ditto|Ditto|100\/100\n|-damage|p2a: Ditto|88\/100|[from] Stealth Rock\n|-transform|p2a: Ditto|p1a: Sword man|[from] ability: Imposter\n|-ability|p2a: Ditto|Intrepid Sword|boost\n|-boost|p2a: Ditto|atk|1\n|turn|16\n|c|\u2606Tom De Anti-furry|yes yes\n|\n|t:|1697829385\n|move|p2a: Ditto|Behemoth Blade|p1a: Sword man\n|-damage|p1a: Sword man|0 fnt\n|faint|p1a: Sword man\n|\n|upkeep\n|\n|t:|1697829391\n|switch|p1a: Two|Mewtwo|100\/100\n|-ability|p1a: Two|Pressure\n|turn|17\n|\n|t:|1697829400\n|move|p2a: Ditto|Behemoth Blade|p1a: Two\n|-damage|p1a: Two|0 fnt\n|faint|p1a: Two\n|\n|win|zbrasher21\n|raw|Tom De Anti-furry's rating: 1165 &rarr; <strong>1138<\/strong><br \/>(-27 for losing)\n|raw|zbrasher21's rating: 1132 &rarr; <strong>1159<\/strong><br \/>(+27 for winning)\n","uploadtime":1697829267,"views":7,"p1id":"tomdeantifurry","p2id":"zbrasher21","formatid":"gen9anythinggoes","rating":1138,"private":0,"password":""}