{"id":"gen9anythinggoes-1976229911","p1":"prof minu","p2":"boobag","format":"[Gen 9] Anything Goes","log":"|j|\u2606prof minu\n|j|\u2606boobag\n|t:|1698276250\n|gametype|singles\n|player|p1|prof minu|fennel|\n|player|p2|boobag|pokemaniac|\n|teamsize|p1|6\n|teamsize|p2|6\n|gen|9\n|tier|[Gen 9] Anything Goes\n|rule|HP Percentage Mod: HP is shown in percentages\n|rule|Endless Battle Clause: Forcing endless battles is banned\n|clearpoke\n|poke|p1|Clodsire, F|\n|poke|p1|Salamence, F|\n|poke|p1|Iron Valiant|\n|poke|p1|Mew|\n|poke|p1|Quilladin, F|\n|poke|p1|Basculegion, M|\n|poke|p2|Gliscor, M|\n|poke|p2|Gengar, M|\n|poke|p2|Krookodile, F|\n|poke|p2|Tornadus-Therian, M|\n|poke|p2|Muk, M|\n|poke|p2|Pawmot, F|\n|teampreview\n|j| caligulahar\n|\n|t:|1698276279\n|start\n|switch|p1a: Ube Sago|Clodsire, F|100\/100\n|switch|p2a: Gliscor|Gliscor, M|100\/100\n|turn|1\n|\n|t:|1698276286\n|move|p2a: Gliscor|Spikes|p1a: Ube Sago\n|-sidestart|p1: prof minu|Spikes\n|move|p1a: Ube Sago|Toxic|p2a: Gliscor\n|-status|p2a: Gliscor|tox\n|\n|-damage|p2a: Gliscor|94\/100 tox|[from] psn\n|upkeep\n|turn|2\n|\n|t:|1698276292\n|move|p2a: Gliscor|Spikes|p1a: Ube Sago\n|-sidestart|p1: prof minu|Spikes\n|move|p1a: Ube Sago|Stealth Rock|p2a: Gliscor\n|-sidestart|p2: boobag|move: Stealth Rock\n|\n|-damage|p2a: Gliscor|82\/100 tox|[from] psn\n|upkeep\n|turn|3\n|\n|t:|1698276298\n|move|p2a: Gliscor|Spikes|p1a: Ube Sago\n|-sidestart|p1: prof minu|Spikes\n|move|p1a: Ube Sago|Spikes|p2a: Gliscor\n|-sidestart|p2: boobag|Spikes\n|\n|-damage|p2a: Gliscor|63\/100 tox|[from] psn\n|upkeep\n|turn|4\n|\n|t:|1698276303\n|move|p2a: Gliscor|Stealth Rock|p1a: Ube Sago\n|-sidestart|p1: prof minu|move: Stealth Rock\n|move|p1a: Ube Sago|Spikes|p2a: Gliscor\n|-sidestart|p2: boobag|Spikes\n|\n|-damage|p2a: Gliscor|39\/100 tox|[from] psn\n|upkeep\n|turn|5\n|\n|t:|1698276316\n|move|p2a: Gliscor|Stealth Rock||[still]\n|-fail|p2a: Gliscor\n|move|p1a: Ube Sago|Spikes|p2a: Gliscor\n|-sidestart|p2: boobag|Spikes\n|\n|-damage|p2a: Gliscor|8\/100 tox|[from] psn\n|upkeep\n|turn|6\n|\n|t:|1698276323\n|move|p2a: Gliscor|Tailwind|p2a: Gliscor\n|-sidestart|p2: boobag|move: Tailwind\n|move|p1a: Ube Sago|Toxic|p2a: Gliscor\n|-fail|p2a: Gliscor|tox\n|\n|-damage|p2a: Gliscor|0 fnt|[from] psn\n|faint|p2a: Gliscor\n|upkeep\n|\n|t:|1698276340\n|switch|p2a: John|Muk, M|100\/100\n|-damage|p2a: John|88\/100|[from] Stealth Rock\n|-damage|p2a: John|63\/100|[from] Spikes\n|turn|7\n|\n|t:|1698276363\n|switch|p1a: Rakugan|Mew|100\/100\n|-damage|p1a: Rakugan|76\/100|[from] Spikes\n|-damage|p1a: Rakugan|63\/100|[from] Stealth Rock\n|move|p2a: John|Screech|p1a: Rakugan\n|-unboost|p1a: Rakugan|def|2\n|\n|-heal|p1a: Rakugan|69\/100|[from] item: Leftovers\n|-heal|p2a: John|69\/100|[from] item: Black Sludge\n|upkeep\n|turn|8\n|\n|t:|1698276386\n|move|p1a: Rakugan|Ice Beam|p2a: John\n|-damage|p2a: John|52\/100\n|move|p2a: John|Disable|p1a: Rakugan\n|-start|p1a: Rakugan|Disable|Ice Beam\n|\n|-heal|p1a: Rakugan|76\/100|[from] item: Leftovers\n|-heal|p2a: John|58\/100|[from] item: Black Sludge\n|upkeep\n|turn|9\n|\n|t:|1698276395\n|move|p1a: Rakugan|Calm Mind|p1a: Rakugan\n|-boost|p1a: Rakugan|spa|1\n|-boost|p1a: Rakugan|spd|1\n|move|p2a: John|Mean Look|p1a: Rakugan\n|-activate|p1a: Rakugan|trapped\n|\n|-heal|p1a: Rakugan|82\/100|[from] item: Leftovers\n|-heal|p2a: John|64\/100|[from] item: Black Sludge\n|-sideend|p2: boobag|move: Tailwind\n|upkeep\n|turn|10\n|\n|t:|1698276406\n|move|p1a: Rakugan|Encore|p2a: John\n|-start|p2a: John|Encore\n|move|p2a: John|Mean Look||[still]\n|-fail|p2a: John\n|\n|-heal|p1a: Rakugan|88\/100|[from] item: Leftovers\n|-heal|p2a: John|70\/100|[from] item: Black Sludge\n|upkeep\n|turn|11\n|\n|t:|1698276416\n|move|p1a: Rakugan|Baton Pass|p1a: Rakugan\n|\n|t:|1698276418\n|switch|p1a: Wagashi|Iron Valiant|100\/100|[from] Baton Pass\n|-damage|p1a: Wagashi|76\/100|[from] Spikes\n|-damage|p1a: Wagashi|69\/100|[from] Stealth Rock\n|-enditem|p1a: Wagashi|Booster Energy\n|-activate|p1a: Wagashi|ability: Quark Drive|[fromitem]\n|-start|p1a: Wagashi|quarkdrivespa\n|move|p2a: John|Mean Look|p1a: Wagashi\n|-activate|p1a: Wagashi|trapped\n|\n|-heal|p2a: John|76\/100|[from] item: Black Sludge\n|upkeep\n|turn|12\n|\n|t:|1698276438\n|move|p1a: Wagashi|Psychic|p2a: John\n|-supereffective|p2a: John\n|-damage|p2a: John|0 fnt\n|faint|p2a: John\n|\n|upkeep\n|\n|t:|1698276442\n|switch|p2a: Grind|Krookodile, F, shiny|100\/100\n|-damage|p2a: Grind|94\/100|[from] Stealth Rock\n|-damage|p2a: Grind|70\/100|[from] Spikes\n|turn|13\n|\n|t:|1698276460\n|move|p1a: Wagashi|Moonblast|p2a: Grind\n|-supereffective|p2a: Grind\n|-damage|p2a: Grind|0 fnt\n|faint|p2a: Grind\n|\n|upkeep\n|\n|t:|1698276470\n|switch|p2a: Tornadus|Tornadus-Therian, M|100\/100\n|-damage|p2a: Tornadus|76\/100|[from] Stealth Rock\n|turn|14\n|\n|t:|1698276480\n|move|p1a: Wagashi|Thunderbolt|p2a: Tornadus\n|-supereffective|p2a: Tornadus\n|-damage|p2a: Tornadus|0 fnt\n|faint|p2a: Tornadus\n|\n|upkeep\n|\n|t:|1698276486\n|switch|p2a: Gengar|Gengar, M|100\/100\n|-damage|p2a: Gengar|88\/100|[from] Stealth Rock\n|-damage|p2a: Gengar|63\/100|[from] Spikes\n|turn|15\n|\n|t:|1698276497\n|move|p2a: Gengar|Destiny Bond|p2a: Gengar\n|-singlemove|p2a: Gengar|Destiny Bond\n|move|p1a: Wagashi|Psychic|p2a: Gengar\n|-supereffective|p2a: Gengar\n|-damage|p2a: Gengar|0 fnt\n|faint|p2a: Gengar\n|-activate|p2a: Gengar|move: Destiny Bond\n|faint|p1a: Wagashi\n|-end|p1a: Wagashi|Quark Drive|[silent]\n|\n|upkeep\n|\n|t:|1698276513\n|switch|p1a: Halo Halo|Basculegion, M|100\/100\n|switch|p2a: Pawmot|Pawmot, F|100\/100\n|-damage|p1a: Halo Halo|76\/100|[from] Spikes\n|-damage|p1a: Halo Halo|63\/100|[from] Stealth Rock\n|-damage|p2a: Pawmot|94\/100|[from] Stealth Rock\n|-damage|p2a: Pawmot|70\/100|[from] Spikes\n|turn|16\n|\n|t:|1698276523\n|move|p2a: Pawmot|Fake Out|p1a: Halo Halo\n|-immune|p1a: Halo Halo\n|move|p1a: Halo Halo|Last Respects|p2a: Pawmot\n|-crit|p2a: Pawmot\n|-damage|p2a: Pawmot|0 fnt\n|faint|p2a: Pawmot\n|\n|win|prof minu\n","uploadtime":1698276533,"views":18,"p1id":"profminu","p2id":"boobag","formatid":"gen9anythinggoes","rating":0,"private":0,"password":""}