{"id":"gen9anythinggoes-1999640581","p1":"technom88","p2":"Rowan_Rocket","format":"[Gen 9] Anything Goes","log":"|j|\u2606technom88\n|j|\u2606Rowan_Rocket\n|t:|1701103703\n|gametype|singles\n|player|p1|technom88|1|1133\n|player|p2|Rowan_Rocket|rocketgruntf|1043\n|teamsize|p1|6\n|teamsize|p2|6\n|gen|9\n|tier|[Gen 9] Anything Goes\n|rated|\n|rule|HP Percentage Mod: HP is shown in percentages\n|rule|Endless Battle Clause: Forcing endless battles is banned\n|clearpoke\n|poke|p1|Drednaw, M|\n|poke|p1|Ninetales-Alola, M|\n|poke|p1|Coalossal, M|\n|poke|p1|Rillaboom, M|\n|poke|p1|Annihilape, M|\n|poke|p1|Zapdos|\n|poke|p2|Weezing-Galar, M|\n|poke|p2|Arbok, M|\n|poke|p2|Persian, M|\n|poke|p2|Persian-Alola, F|\n|poke|p2|Ariados, M|\n|poke|p2|Drifblim, M|\n|teampreview\n|\n|t:|1701103715\n|start\n|switch|p1a: Zapdos|Zapdos|100\/100\n|switch|p2a: Persian|Persian-Alola, F|100\/100\n|-ability|p1a: Zapdos|Pressure\n|turn|1\n|\n|t:|1701103724\n|move|p2a: Persian|Parting Shot|p1a: Zapdos\n|-unboost|p1a: Zapdos|atk|1\n|-unboost|p1a: Zapdos|spa|1\n|\n|t:|1701103728\n|switch|p2a: Weezing|Weezing-Galar, M|100\/100|[from] Parting Shot\n|move|p1a: Zapdos|Thunder Wave|p2a: Weezing\n|-status|p2a: Weezing|par\n|\n|upkeep\n|turn|2\n|\n|t:|1701103735\n|move|p1a: Zapdos|Volt Switch|p2a: Weezing\n|-damage|p2a: Weezing|78\/100 par\n|\n|t:|1701103745\n|switch|p1a: Coalossal|Coalossal, M|100\/100|[from] Volt Switch\n|move|p2a: Weezing|Toxic Spikes|p1a: Coalossal\n|-sidestart|p1: technom88|move: Toxic Spikes\n|\n|upkeep\n|turn|3\n|\n|t:|1701103756\n|switch|p2a: Arbok|Arbok, M|100\/100\n|move|p1a: Coalossal|Will-O-Wisp|p2a: Arbok\n|-status|p2a: Arbok|brn\n|\n|-damage|p2a: Arbok|94\/100 brn|[from] brn\n|upkeep\n|turn|4\n|\n|t:|1701103765\n|move|p2a: Arbok|Glare|p1a: Coalossal\n|-status|p1a: Coalossal|par\n|move|p1a: Coalossal|Earthquake|p2a: Arbok\n|-supereffective|p2a: Arbok\n|-damage|p2a: Arbok|59\/100 brn\n|\n|-activate|p2a: Arbok|ability: Shed Skin\n|-curestatus|p2a: Arbok|brn|[msg]\n|upkeep\n|turn|5\n|\n|t:|1701103774\n|switch|p2a: Drifblim|Drifblim, M|100\/100\n|move|p1a: Coalossal|Will-O-Wisp|p2a: Drifblim\n|-status|p2a: Drifblim|brn\n|\n|-damage|p2a: Drifblim|94\/100 brn|[from] brn\n|upkeep\n|turn|6\n|\n|t:|1701103784\n|move|p2a: Drifblim|Shadow Ball|p1a: Coalossal\n|-damage|p1a: Coalossal|69\/100 par\n|move|p1a: Coalossal|Stealth Rock|p2a: Drifblim\n|-sidestart|p2: Rowan_Rocket|move: Stealth Rock\n|\n|-damage|p2a: Drifblim|88\/100 brn|[from] brn\n|upkeep\n|turn|7\n|\n|t:|1701103791\n|move|p2a: Drifblim|Shadow Ball|p1a: Coalossal\n|-damage|p1a: Coalossal|37\/100 par\n|move|p1a: Coalossal|Heat Wave|p2a: Drifblim\n|-damage|p2a: Drifblim|57\/100 brn\n|\n|-damage|p2a: Drifblim|51\/100 brn|[from] brn\n|upkeep\n|turn|8\n|\n|t:|1701103808\n|move|p2a: Drifblim|Shadow Ball|p1a: Coalossal\n|-damage|p1a: Coalossal|1\/100 par\n|move|p1a: Coalossal|Heat Wave|p2a: Drifblim\n|-damage|p2a: Drifblim|20\/100 brn\n|\n|-damage|p2a: Drifblim|14\/100 brn|[from] brn\n|upkeep\n|turn|9\n|\n|t:|1701103816\n|move|p2a: Drifblim|Shadow Ball|p1a: Coalossal\n|-damage|p1a: Coalossal|0 fnt\n|faint|p1a: Coalossal\n|\n|-damage|p2a: Drifblim|8\/100 brn|[from] brn\n|upkeep\n|\n|t:|1701103825\n|switch|p1a: Zapdos|Zapdos|100\/100\n|-ability|p1a: Zapdos|Pressure\n|turn|10\n|\n|t:|1701103840\n|move|p1a: Zapdos|Volt Switch|p2a: Drifblim\n|-supereffective|p2a: Drifblim\n|-damage|p2a: Drifblim|0 fnt\n|faint|p2a: Drifblim\n|\n|t:|1701103848\n|switch|p1a: Drednaw|Drednaw, M|100\/100|[from] Volt Switch\n|\n|upkeep\n|\n|t:|1701103857\n|switch|p2a: Persian|Persian-Alola, F|100\/100\n|-damage|p2a: Persian|88\/100|[from] Stealth Rock\n|turn|11\n|\n|t:|1701103865\n|move|p2a: Persian|Fake Out|p1a: Drednaw\n|-resisted|p1a: Drednaw\n|-damage|p1a: Drednaw|97\/100\n|cant|p1a: Drednaw|flinch\n|\n|upkeep\n|turn|12\n|\n|t:|1701103871\n|move|p1a: Drednaw|Shell Smash|p1a: Drednaw\n|-unboost|p1a: Drednaw|def|1\n|-unboost|p1a: Drednaw|spd|1\n|-boost|p1a: Drednaw|atk|2\n|-boost|p1a: Drednaw|spa|2\n|-boost|p1a: Drednaw|spe|2\n|move|p2a: Persian|Roar|p1a: Drednaw\n|drag|p1a: Rillaboom|Rillaboom, M|100\/100\n|-status|p1a: Rillaboom|psn\n|-fieldstart|move: Grassy Terrain|[from] ability: Grassy Surge|[of] p1a: Rillaboom\n|\n|-heal|p2a: Persian|94\/100|[from] Grassy Terrain\n|-damage|p1a: Rillaboom|88\/100 psn|[from] psn\n|upkeep\n|turn|13\n|\n|t:|1701103884\n|move|p2a: Persian|Parting Shot|p1a: Rillaboom\n|-unboost|p1a: Rillaboom|atk|1\n|-unboost|p1a: Rillaboom|spa|1\n|\n|t:|1701103889\n|switch|p2a: Ariados|Ariados, M|100\/100|[from] Parting Shot\n|-damage|p2a: Ariados|75\/100|[from] Stealth Rock\n|move|p1a: Rillaboom|Knock Off|p2a: Ariados\n|-damage|p2a: Ariados|57\/100\n|-enditem|p2a: Ariados|Focus Sash|[from] move: Knock Off|[of] p1a: Rillaboom\n|\n|-heal|p1a: Rillaboom|94\/100 psn|[from] Grassy Terrain\n|-heal|p1a: Rillaboom|100\/100 psn|[from] item: Leftovers\n|-heal|p2a: Ariados|63\/100|[from] Grassy Terrain\n|-damage|p1a: Rillaboom|88\/100 psn|[from] psn\n|upkeep\n|turn|14\n|\n|t:|1701103901\n|move|p1a: Rillaboom|Wood Hammer|p2a: Ariados\n|-resisted|p2a: Ariados\n|-damage|p2a: Ariados|52\/100\n|-damage|p1a: Rillaboom|85\/100 psn|[from] Recoil\n|move|p2a: Ariados|Leech Life|p1a: Rillaboom\n|-supereffective|p1a: Rillaboom\n|-damage|p1a: Rillaboom|33\/100 psn\n|-heal|p2a: Ariados|78\/100|[from] drain|[of] p1a: Rillaboom\n|\n|-heal|p1a: Rillaboom|39\/100 psn|[from] Grassy Terrain\n|-heal|p1a: Rillaboom|46\/100 psn|[from] item: Leftovers\n|-heal|p2a: Ariados|84\/100|[from] Grassy Terrain\n|-damage|p1a: Rillaboom|33\/100 psn|[from] psn\n|upkeep\n|turn|15\n|\n|t:|1701103916\n|move|p1a: Rillaboom|Drain Punch|p2a: Ariados\n|-resisted|p2a: Ariados\n|-damage|p2a: Ariados|80\/100\n|-heal|p1a: Rillaboom|35\/100 psn|[from] drain|[of] p2a: Ariados\n|move|p2a: Ariados|Leech Life|p1a: Rillaboom\n|-supereffective|p1a: Rillaboom\n|-damage|p1a: Rillaboom|0 fnt\n|-heal|p2a: Ariados|98\/100|[from] drain|[of] p1a: Rillaboom\n|faint|p1a: Rillaboom\n|\n|-heal|p2a: Ariados|100\/100|[from] Grassy Terrain\n|upkeep\n|\n|t:|1701103927\n|switch|p1a: Zapdos|Zapdos|100\/100\n|-ability|p1a: Zapdos|Pressure\n|turn|16\n|\n|t:|1701103932\n|move|p1a: Zapdos|Thunder Wave|p2a: Ariados\n|-status|p2a: Ariados|par\n|move|p2a: Ariados|Toxic Thread|p1a: Zapdos\n|-unboost|p1a: Zapdos|spe|1\n|-status|p1a: Zapdos|psn\n|\n|-damage|p1a: Zapdos|88\/100 psn|[from] psn\n|-fieldend|move: Grassy Terrain\n|upkeep\n|turn|17\n|\n|t:|1701103943\n|move|p1a: Zapdos|Tailwind|p1a: Zapdos\n|-sidestart|p1: technom88|move: Tailwind\n|move|p2a: Ariados|Knock Off|p1a: Zapdos\n|-damage|p1a: Zapdos|65\/100 psn\n|-enditem|p1a: Zapdos|Covert Cloak|[from] move: Knock Off|[of] p2a: Ariados\n|\n|-damage|p1a: Zapdos|53\/100 psn|[from] psn\n|upkeep\n|turn|18\n|\n|t:|1701103953\n|move|p1a: Zapdos|Roost|p1a: Zapdos\n|-heal|p1a: Zapdos|100\/100 psn\n|-singleturn|p1a: Zapdos|move: Roost\n|move|p2a: Ariados|Knock Off|p1a: Zapdos\n|-damage|p1a: Zapdos|83\/100 psn\n|\n|-damage|p1a: Zapdos|70\/100 psn|[from] psn\n|upkeep\n|turn|19\n|\n|t:|1701103964\n|move|p1a: Zapdos|Volt Switch|p2a: Ariados\n|-damage|p2a: Ariados|52\/100 par\n|\n|t:|1701103970\n|switch|p1a: Ninetales|Ninetales-Alola, M|100\/100|[from] Volt Switch\n|-status|p1a: Ninetales|psn\n|-weather|Snow|[from] ability: Snow Warning|[of] p1a: Ninetales\n|cant|p2a: Ariados|par\n|\n|-weather|Snow|[upkeep]\n|-damage|p1a: Ninetales|88\/100 psn|[from] psn\n|upkeep\n|turn|20\n|\n|t:|1701103993\n|move|p1a: Ninetales|Ice Beam|p2a: Ariados\n|-damage|p2a: Ariados|16\/100 par\n|move|p2a: Ariados|Toxic Thread|p1a: Ninetales\n|-unboost|p1a: Ninetales|spe|1\n|-fail|p1a: Ninetales|psn\n|\n|-weather|Snow|[upkeep]\n|-damage|p1a: Ninetales|76\/100 psn|[from] psn\n|-sideend|p1: technom88|move: Tailwind\n|upkeep\n|turn|21\n|\n|t:|1701104002\n|move|p1a: Ninetales|Ice Beam|p2a: Ariados\n|-damage|p2a: Ariados|0 fnt\n|faint|p2a: Ariados\n|\n|-weather|Snow|[upkeep]\n|-damage|p1a: Ninetales|64\/100 psn|[from] psn\n|upkeep\n|\n|t:|1701104006\n|switch|p2a: Arbok|Arbok, M|59\/100\n|-damage|p2a: Arbok|46\/100|[from] Stealth Rock\n|turn|22\n|\n|t:|1701104012\n|move|p1a: Ninetales|Ice Beam|p2a: Arbok\n|-damage|p2a: Arbok|14\/100\n|move|p2a: Arbok|Coil|p2a: Arbok\n|-boost|p2a: Arbok|atk|1\n|-boost|p2a: Arbok|def|1\n|-boost|p2a: Arbok|accuracy|1\n|\n|-weather|Snow|[upkeep]\n|-damage|p1a: Ninetales|51\/100 psn|[from] psn\n|upkeep\n|turn|23\n|\n|t:|1701104020\n|move|p1a: Ninetales|Ice Beam|p2a: Arbok\n|-damage|p2a: Arbok|0 fnt\n|faint|p2a: Arbok\n|\n|-weather|none\n|-damage|p1a: Ninetales|39\/100 psn|[from] psn\n|upkeep\n|\n|t:|1701104028\n|switch|p2a: Weezing|Weezing-Galar, M|78\/100 par\n|-damage|p2a: Weezing|65\/100 par|[from] Stealth Rock\n|turn|24\n|\n|t:|1701104033\n|move|p1a: Ninetales|Ice Beam|p2a: Weezing\n|-damage|p2a: Weezing|42\/100 par\n|move|p2a: Weezing|Toxic Spikes|p1a: Ninetales\n|-sidestart|p1: technom88|move: Toxic Spikes\n|\n|-damage|p1a: Ninetales|27\/100 psn|[from] psn\n|upkeep\n|turn|25\n|\n|t:|1701104051\n|move|p1a: Ninetales|Ice Beam|p2a: Weezing\n|-damage|p2a: Weezing|17\/100 par\n|move|p2a: Weezing|Clear Smog|p1a: Ninetales\n|-supereffective|p1a: Ninetales\n|-damage|p1a: Ninetales|0 fnt\n|-clearboost|p1a: Ninetales\n|faint|p1a: Ninetales\n|\n|upkeep\n|\n|t:|1701104060\n|switch|p1a: Zapdos|Zapdos|70\/100 psn\n|-ability|p1a: Zapdos|Pressure\n|turn|26\n|\n|t:|1701104065\n|move|p1a: Zapdos|Volt Switch|p2a: Weezing\n|-damage|p2a: Weezing|0 fnt\n|faint|p2a: Weezing\n|\n|t:|1701104073\n|switch|p1a: Annihilape|Annihilape, M|100\/100|[from] Volt Switch\n|-status|p1a: Annihilape|tox\n|\n|-damage|p1a: Annihilape|94\/100 tox|[from] psn\n|upkeep\n|\n|t:|1701104078\n|switch|p2a: Persian|Persian-Alola, F|94\/100\n|-damage|p2a: Persian|82\/100|[from] Stealth Rock\n|turn|27\n|\n|t:|1701104086\n|move|p2a: Persian|Foul Play|p1a: Annihilape\n|-damage|p1a: Annihilape|47\/100 tox\n|move|p1a: Annihilape|Phantom Force||[still]\n|-prepare|p1a: Annihilape|Phantom Force\n|\n|-damage|p1a: Annihilape|35\/100 tox|[from] psn\n|upkeep\n|turn|28\n|\n|t:|1701104098\n|switch|p2a: Persian|Persian, M|100\/100\n|-damage|p2a: Persian|88\/100|[from] Stealth Rock\n|move|p1a: Annihilape|Phantom Force|p2a: Persian|[from]lockedmove\n|-immune|p2a: Persian\n|\n|-damage|p1a: Annihilape|17\/100 tox|[from] psn\n|upkeep\n|turn|29\n|\n|t:|1701104107\n|move|p2a: Persian|Aerial Ace|p1a: Annihilape\n|-supereffective|p1a: Annihilape\n|-damage|p1a: Annihilape|0 fnt\n|faint|p1a: Annihilape\n|\n|upkeep\n|\n|t:|1701104112\n|switch|p1a: Drednaw|Drednaw, M|97\/100\n|turn|30\n|\n|t:|1701104122\n|move|p2a: Persian|U-turn|p1a: Drednaw\n|-damage|p1a: Drednaw|77\/100\n|\n|t:|1701104124\n|switch|p2a: Persian|Persian-Alola, F|82\/100|[from] U-turn\n|-damage|p2a: Persian|70\/100|[from] Stealth Rock\n|move|p1a: Drednaw|Liquidation|p2a: Persian\n|-damage|p2a: Persian|41\/100\n|\n|upkeep\n|turn|31\n|\n|t:|1701104136\n|-terastallize|p2a: Persian|Dark\n|move|p2a: Persian|Foul Play|p1a: Drednaw\n|-damage|p1a: Drednaw|1\/100\n|move|p1a: Drednaw|Rock Slide|p2a: Persian\n|-damage|p2a: Persian|16\/100\n|\n|upkeep\n|turn|32\n|\n|t:|1701104143\n|move|p2a: Persian|Foul Play|p1a: Drednaw\n|-damage|p1a: Drednaw|0 fnt\n|faint|p1a: Drednaw\n|\n|upkeep\n|\n|t:|1701104148\n|switch|p1a: Zapdos|Zapdos|70\/100 psn\n|-ability|p1a: Zapdos|Pressure\n|turn|33\n|\n|t:|1701104158\n|move|p2a: Persian|Foul Play|p1a: Zapdos\n|-damage|p1a: Zapdos|34\/100 psn\n|move|p1a: Zapdos|Volt Switch|p2a: Persian\n|-damage|p2a: Persian|0 fnt\n|faint|p2a: Persian\n|\n|-damage|p1a: Zapdos|22\/100 psn|[from] psn\n|upkeep\n|\n|t:|1701104160\n|switch|p2a: Persian|Persian, M|88\/100\n|-damage|p2a: Persian|76\/100|[from] Stealth Rock\n|turn|34\n|\n|t:|1701104168\n|move|p2a: Persian|Fake Out|p1a: Zapdos\n|-enditem|p2a: Persian|Normal Gem|[from] gem\n|-damage|p1a: Zapdos|0 fnt\n|faint|p1a: Zapdos\n|\n|win|Rowan_Rocket\n|raw|technom88's rating: 1133 &rarr; <strong>1102<\/strong><br \/>(-31 for losing)\n|raw|Rowan_Rocket's rating: 1043 &rarr; <strong>1085<\/strong><br \/>(+42 for winning)\n|l|\u2606technom88\n","uploadtime":1701104183,"views":1,"p1id":"technom88","p2id":"rowanrocket","formatid":"gen9anythinggoes","rating":1085,"private":0,"password":""}