{"id":"gen9anythinggoes-1989646566","p1":"mearilin","p2":"Tofuuu_uwu","format":"[Gen 9] Anything Goes","log":"|j|\u2606mearilin\n|j|\u2606Tofuuu_uwu\n|t:|1699882800\n|gametype|singles\n|player|p1|mearilin|170|\n|player|p2|Tofuuu_uwu|hilbert|\n|teamsize|p1|6\n|teamsize|p2|6\n|gen|9\n|tier|[Gen 9] Anything Goes\n|rule|HP Percentage Mod: HP is shown in percentages\n|rule|Endless Battle Clause: Forcing endless battles is banned\n|clearpoke\n|poke|p1|Vaporeon, F|\n|poke|p1|Gyarados, F|\n|poke|p1|Swanna, F|\n|poke|p1|Milotic, F|\n|poke|p1|Drednaw, M|\n|poke|p1|Cramorant, M|\n|poke|p2|Decidueye, M|\n|poke|p2|Samurott-Hisui, M|\n|poke|p2|Sandslash-Alola, M|\n|poke|p2|Luxray, M|\n|poke|p2|Braviary, M|\n|poke|p2|Arcanine, M|\n|teampreview\n|\n|t:|1699882837\n|start\n|switch|p1a: Vaporeon|Vaporeon, F|100\/100\n|switch|p2a: Sander|Sandslash-Alola, M|100\/100\n|turn|1\n|\n|t:|1699882844\n|move|p1a: Vaporeon|Yawn|p2a: Sander\n|-start|p2a: Sander|move: Yawn|[of] p1a: Vaporeon\n|move|p2a: Sander|Snowscape|p2a: Sander\n|-weather|Snow\n|\n|-weather|Snow|[upkeep]\n|upkeep\n|turn|2\n|\n|t:|1699882855\n|move|p2a: Sander|Ice Shard|p1a: Vaporeon\n|-resisted|p1a: Vaporeon\n|-crit|p1a: Vaporeon\n|-damage|p1a: Vaporeon|86\/100\n|move|p1a: Vaporeon|Wish|p1a: Vaporeon\n|\n|-weather|Snow|[upkeep]\n|-heal|p1a: Vaporeon|93\/100|[from] item: Leftovers\n|-end|p2a: Sander|move: Yawn|[silent]\n|-status|p2a: Sander|slp\n|upkeep\n|turn|3\n|\n|t:|1699882868\n|switch|p2a: Ken|Samurott-Hisui, M|100\/100\n|move|p1a: Vaporeon|Calm Mind|p1a: Vaporeon\n|-boost|p1a: Vaporeon|spa|1\n|-boost|p1a: Vaporeon|spd|1\n|\n|-weather|Snow|[upkeep]\n|-heal|p1a: Vaporeon|100\/100|[from] move: Wish|[wisher] Vaporeon\n|upkeep\n|turn|4\n|\n|t:|1699882877\n|move|p2a: Ken|Blizzard|p1a: Vaporeon\n|-resisted|p1a: Vaporeon\n|-damage|p1a: Vaporeon|91\/100\n|move|p1a: Vaporeon|Yawn|p2a: Ken\n|-start|p2a: Ken|move: Yawn|[of] p1a: Vaporeon\n|\n|-weather|Snow|[upkeep]\n|-heal|p1a: Vaporeon|98\/100|[from] item: Leftovers\n|upkeep\n|turn|5\n|\n|t:|1699882889\n|move|p2a: Ken|Surf|p1a: Vaporeon\n|-resisted|p1a: Vaporeon\n|-damage|p1a: Vaporeon|86\/100\n|move|p1a: Vaporeon|Calm Mind|p1a: Vaporeon\n|-boost|p1a: Vaporeon|spa|1\n|-boost|p1a: Vaporeon|spd|1\n|\n|-weather|none\n|-heal|p1a: Vaporeon|92\/100|[from] item: Leftovers\n|-end|p2a: Ken|move: Yawn|[silent]\n|-status|p2a: Ken|slp\n|upkeep\n|turn|6\n|\n|t:|1699882899\n|switch|p2a: Gilbird|Decidueye, M|100\/100\n|move|p1a: Vaporeon|Calm Mind|p1a: Vaporeon\n|-boost|p1a: Vaporeon|spa|1\n|-boost|p1a: Vaporeon|spd|1\n|\n|-heal|p1a: Vaporeon|98\/100|[from] item: Leftovers\n|upkeep\n|turn|7\n|\n|t:|1699882910\n|move|p1a: Vaporeon|Stored Power|p2a: Gilbird\n|-damage|p2a: Gilbird|19\/100\n|move|p2a: Gilbird|Leaf Blade|p1a: Vaporeon\n|-supereffective|p1a: Vaporeon\n|-damage|p1a: Vaporeon|0 fnt\n|faint|p1a: Vaporeon\n|\n|upkeep\n|\n|t:|1699882925\n|switch|p1a: Swanna|Swanna, F|100\/100\n|turn|8\n|\n|t:|1699882935\n|switch|p2a: Luxy|Luxray, M|100\/100\n|move|p1a: Swanna|Brave Bird|p2a: Luxy\n|-resisted|p2a: Luxy\n|-damage|p2a: Luxy|80\/100\n|-damage|p1a: Swanna|94\/100|[from] Recoil\n|\n|-heal|p1a: Swanna|99\/100|[from] item: Leftovers\n|upkeep\n|turn|9\n|\n|t:|1699882952\n|switch|p1a: Drednaw|Drednaw, M|100\/100\n|move|p2a: Luxy|Thunderbolt|p1a: Drednaw\n|-supereffective|p1a: Drednaw\n|-damage|p1a: Drednaw|13\/100\n|-status|p1a: Drednaw|par\n|\n|upkeep\n|turn|10\n|\n|t:|1699882965\n|move|p2a: Luxy|Volt Switch|p1a: Drednaw\n|-supereffective|p1a: Drednaw\n|-damage|p1a: Drednaw|0 fnt\n|faint|p1a: Drednaw\n|\n|t:|1699882972\n|switch|p2a: Argo|Arcanine, M|100\/100|[from] Volt Switch\n|\n|upkeep\n|\n|t:|1699882978\n|switch|p1a: Gyarados|Gyarados, F, shiny|100\/100\n|turn|11\n|\n|t:|1699882985\n|move|p2a: Argo|Flamethrower|p1a: Gyarados\n|-resisted|p1a: Gyarados\n|-damage|p1a: Gyarados|88\/100\n|move|p1a: Gyarados|Dragon Dance|p1a: Gyarados\n|-boost|p1a: Gyarados|atk|1\n|-boost|p1a: Gyarados|spe|1\n|\n|upkeep\n|turn|12\n|\n|t:|1699882999\n|switch|p2a: Ken|Samurott-Hisui, M|100\/100 slp\n|move|p1a: Gyarados|Dragon Dance|p1a: Gyarados\n|-boost|p1a: Gyarados|atk|1\n|-boost|p1a: Gyarados|spe|1\n|\n|upkeep\n|turn|13\n|\n|t:|1699883017\n|move|p1a: Gyarados|Dragon Dance|p1a: Gyarados\n|-boost|p1a: Gyarados|atk|1\n|-boost|p1a: Gyarados|spe|1\n|cant|p2a: Ken|slp\n|\n|upkeep\n|turn|14\n|\n|t:|1699883036\n|move|p1a: Gyarados|Dragon Dance|p1a: Gyarados\n|-boost|p1a: Gyarados|atk|1\n|-boost|p1a: Gyarados|spe|1\n|cant|p2a: Ken|slp\n|\n|upkeep\n|turn|15\n|\n|t:|1699883045\n|switch|p2a: Luxy|Luxray, M|80\/100\n|move|p1a: Gyarados|Dragon Dance|p1a: Gyarados\n|-boost|p1a: Gyarados|atk|1\n|-boost|p1a: Gyarados|spe|1\n|\n|upkeep\n|turn|16\n|\n|t:|1699883055\n|move|p1a: Gyarados|Outrage|p2a: Luxy\n|-damage|p2a: Luxy|0 fnt\n|faint|p2a: Luxy\n|-ability|p1a: Gyarados|Moxie|boost\n|-boost|p1a: Gyarados|atk|1\n|\n|upkeep\n|\n|t:|1699883065\n|switch|p2a: Sander|Sandslash-Alola, M|100\/100 slp\n|turn|17\n|\n|t:|1699883070\n|move|p1a: Gyarados|Outrage|p2a: Sander|[from]lockedmove\n|-resisted|p2a: Sander\n|-damage|p2a: Sander|45\/100 slp\n|-start|p1a: Gyarados|confusion|[fatigue]\n|-enditem|p1a: Gyarados|Lum Berry|[eat]\n|-end|p1a: Gyarados|confusion\n|cant|p2a: Sander|slp\n|\n|upkeep\n|turn|18\n|\n|t:|1699883082\n|move|p1a: Gyarados|Crunch|p2a: Sander\n|-damage|p2a: Sander|0 fnt\n|faint|p2a: Sander\n|\n|upkeep\n|\n|t:|1699883089\n|switch|p2a: Brave|Braviary, M|100\/100\n|turn|19\n|\n|t:|1699883096\n|move|p1a: Gyarados|Aqua Tail|p2a: Brave\n|-damage|p2a: Brave|0 fnt\n|faint|p2a: Brave\n|\n|upkeep\n|\n|t:|1699883105\n|switch|p2a: Ken|Samurott-Hisui, M|100\/100 slp\n|turn|20\n|\n|t:|1699883112\n|move|p1a: Gyarados|Outrage|p2a: Ken\n|-crit|p2a: Ken\n|-damage|p2a: Ken|0 fnt\n|faint|p2a: Ken\n|\n|upkeep\n|\n|t:|1699883123\n|switch|p2a: Argo|Arcanine, M|100\/100\n|-ability|p2a: Argo|Intimidate|boost\n|-unboost|p1a: Gyarados|atk|1\n|turn|21\n|\n|t:|1699883130\n|move|p1a: Gyarados|Outrage|p2a: Argo|[from]lockedmove\n|-damage|p2a: Argo|0 fnt\n|faint|p2a: Argo\n|-ability|p1a: Gyarados|Moxie|boost\n|-boost|p1a: Gyarados|atk|1\n|\n|upkeep\n|\n|t:|1699883143\n|switch|p2a: Gilbird|Decidueye, M|19\/100\n|turn|22\n|\n|t:|1699883150\n|move|p1a: Gyarados|Outrage|p2a: Gilbird|[from]lockedmove\n|-damage|p2a: Gilbird|0 fnt\n|faint|p2a: Gilbird\n|-start|p1a: Gyarados|confusion|[fatigue]\n|\n|win|mearilin\n","uploadtime":1699883158,"views":8,"p1id":"mearilin","p2id":"tofuuuuwu","formatid":"gen9anythinggoes","rating":0,"private":0,"password":""}