{"id":"gen9anythinggoes-1985098053","p1":"YoungEsq","p2":"RedofIndigoPlateau","format":"[Gen 9] Anything Goes","log":"|j|\u2606YoungEsq\n|j|\u2606RedofIndigoPlateau\n|t:|1699330543\n|gametype|singles\n|player|p1|YoungEsq|169|1329\n|player|p2|RedofIndigoPlateau|red|1373\n|teamsize|p1|6\n|teamsize|p2|6\n|gen|9\n|tier|[Gen 9] Anything Goes\n|rated|\n|rule|HP Percentage Mod: HP is shown in percentages\n|rule|Endless Battle Clause: Forcing endless battles is banned\n|clearpoke\n|poke|p1|Ting-Lu|\n|poke|p1|Gholdengo|\n|poke|p1|Roaring Moon|\n|poke|p1|Chi-Yu|\n|poke|p1|Samurott-Hisui, F|\n|poke|p1|Mandibuzz, F|\n|poke|p2|Zacian-*|\n|poke|p2|Calyrex-Shadow|\n|poke|p2|Giratina-Origin|\n|poke|p2|Hoopa-Unbound|\n|poke|p2|Miraidon|\n|poke|p2|Baxcalibur, F|\n|teampreview\n|inactive|Battle timer is ON: inactive players will automatically lose when time's up. (requested by RedofIndigoPlateau)\n|\n|t:|1699330548\n|start\n|switch|p1a: Ting-Lu|Ting-Lu|100\/100\n|switch|p2a: Baxcalibur|Baxcalibur, F|100\/100\n|-ability|p1a: Ting-Lu|Vessel of Ruin\n|turn|1\n|\n|t:|1699330556\n|move|p2a: Baxcalibur|Dragon Dance|p2a: Baxcalibur\n|-boost|p2a: Baxcalibur|atk|1\n|-boost|p2a: Baxcalibur|spe|1\n|move|p1a: Ting-Lu|Whirlwind|p2a: Baxcalibur\n|drag|p2a: Miraidon|Miraidon|100\/100\n|-fieldstart|move: Electric Terrain|[from] ability: Hadron Engine|[of] p2a: Miraidon\n|\n|upkeep\n|turn|2\n|\n|t:|1699330565\n|switch|p2a: Baxcalibur|Baxcalibur, F|100\/100\n|move|p1a: Ting-Lu|Stealth Rock|p2a: Baxcalibur\n|-sidestart|p2: RedofIndigoPlateau|move: Stealth Rock\n|\n|upkeep\n|turn|3\n|\n|t:|1699330570\n|-terastallize|p2a: Baxcalibur|Normal\n|move|p2a: Baxcalibur|Icicle Spear|p1a: Ting-Lu\n|-supereffective|p1a: Ting-Lu\n|-damage|p1a: Ting-Lu|84\/100\n|-supereffective|p1a: Ting-Lu\n|-damage|p1a: Ting-Lu|66\/100\n|-supereffective|p1a: Ting-Lu\n|-damage|p1a: Ting-Lu|49\/100\n|-supereffective|p1a: Ting-Lu\n|-damage|p1a: Ting-Lu|30\/100\n|-supereffective|p1a: Ting-Lu\n|-damage|p1a: Ting-Lu|12\/100\n|-hitcount|p1a: Ting-Lu|5\n|move|p1a: Ting-Lu|Whirlwind|p2a: Baxcalibur\n|drag|p2a: Zacian|Zacian-Crowned, shiny|100\/100\n|-damage|p2a: Zacian|94\/100|[from] Stealth Rock\n|-ability|p2a: Zacian|Intrepid Sword|boost\n|-boost|p2a: Zacian|atk|1\n|\n|-heal|p1a: Ting-Lu|18\/100|[from] item: Leftovers\n|upkeep\n|turn|4\n|\n|t:|1699330575\n|move|p2a: Zacian|Sacred Sword|p1a: Ting-Lu\n|-supereffective|p1a: Ting-Lu\n|-damage|p1a: Ting-Lu|0 fnt\n|faint|p1a: Ting-Lu\n|\n|upkeep\n|\n|t:|1699330578\n|switch|p1a: Chi-Yu|Chi-Yu|100\/100\n|-ability|p1a: Chi-Yu|Beads of Ruin\n|turn|5\n|\n|t:|1699330583\n|switch|p2a: Giratina|Giratina-Origin, shiny|100\/100\n|-damage|p2a: Giratina|88\/100|[from] Stealth Rock\n|move|p1a: Chi-Yu|Flamethrower|p2a: Giratina\n|-resisted|p2a: Giratina\n|-damage|p2a: Giratina|68\/100\n|-status|p2a: Giratina|brn\n|\n|-damage|p2a: Giratina|62\/100 brn|[from] brn\n|-fieldend|move: Electric Terrain\n|upkeep\n|turn|6\n|\n|t:|1699330588\n|switch|p1a: Samurott|Samurott-Hisui, F|100\/100\n|move|p2a: Giratina|Defog|p1a: Samurott\n|-unboost|p1a: Samurott|evasion|1\n|-sideend|p2: RedofIndigoPlateau|Stealth Rock|[from] move: Defog|[of] p2a: Giratina\n|\n|-damage|p2a: Giratina|56\/100 brn|[from] brn\n|upkeep\n|turn|7\n|\n|t:|1699330598\n|move|p1a: Samurott|Ceaseless Edge|p2a: Giratina\n|-supereffective|p2a: Giratina\n|-damage|p2a: Giratina|0 fnt\n|-sidestart|p2: RedofIndigoPlateau|Spikes\n|faint|p2a: Giratina\n|\n|upkeep\n|\n|t:|1699330603\n|switch|p2a: Miraidon|Miraidon|100\/100\n|-damage|p2a: Miraidon|88\/100|[from] Spikes\n|-fieldstart|move: Electric Terrain|[from] ability: Hadron Engine|[of] p2a: Miraidon\n|turn|8\n|\n|t:|1699330607\n|-terastallize|p1a: Samurott|Dark\n|move|p2a: Miraidon|Electro Drift|p1a: Samurott\n|-damage|p1a: Samurott|3\/100\n|move|p1a: Samurott|Ceaseless Edge|p2a: Miraidon\n|-damage|p2a: Miraidon|27\/100\n|-sidestart|p2: RedofIndigoPlateau|Spikes\n|\n|upkeep\n|turn|9\n|\n|t:|1699330616\n|move|p1a: Samurott|Aqua Jet|p2a: Miraidon\n|-resisted|p2a: Miraidon\n|-damage|p2a: Miraidon|18\/100\n|move|p2a: Miraidon|Volt Switch|p1a: Samurott\n|-crit|p1a: Samurott\n|-damage|p1a: Samurott|0 fnt\n|faint|p1a: Samurott\n|\n|t:|1699330623\n|switch|p2a: Baxcalibur|Baxcalibur, F, tera:Normal|100\/100|[from] Volt Switch\n|-damage|p2a: Baxcalibur|84\/100|[from] Spikes\n|\n|upkeep\n|\n|t:|1699330642\n|switch|p1a: Gholdengo|Gholdengo|100\/100\n|-item|p1a: Gholdengo|Air Balloon\n|turn|10\n|\n|t:|1699330647\n|move|p1a: Gholdengo|Make It Rain|p2a: Baxcalibur\n|-damage|p2a: Baxcalibur|22\/100\n|-unboost|p1a: Gholdengo|spa|1\n|move|p2a: Baxcalibur|Glaive Rush|p1a: Gholdengo\n|-resisted|p1a: Gholdengo\n|-damage|p1a: Gholdengo|60\/100\n|-singlemove|p2a: Baxcalibur|Glaive Rush|[silent]\n|-enditem|p1a: Gholdengo|Air Balloon\n|\n|upkeep\n|turn|11\n|\n|t:|1699330656\n|move|p1a: Gholdengo|Make It Rain|p2a: Baxcalibur\n|-damage|p2a: Baxcalibur|0 fnt\n|-unboost|p1a: Gholdengo|spa|1\n|faint|p2a: Baxcalibur\n|\n|upkeep\n|\n|t:|1699330659\n|switch|p2a: Calyrex|Calyrex-Shadow|100\/100\n|-ability|p2a: Calyrex|As One\n|-ability|p2a: Calyrex|Unnerve\n|-damage|p2a: Calyrex|84\/100|[from] Spikes\n|turn|12\n|\n|t:|1699330667\n|switch|p1a: Mandibuzz|Mandibuzz, F|100\/100\n|move|p2a: Calyrex|Astral Barrage|p1a: Mandibuzz\n|-resisted|p1a: Mandibuzz\n|-crit|p1a: Mandibuzz\n|-damage|p1a: Mandibuzz|65\/100\n|\n|-heal|p2a: Calyrex|90\/100|[from] item: Leftovers\n|-fieldend|move: Electric Terrain\n|upkeep\n|turn|13\n|\n|t:|1699330678\n|switch|p2a: Miraidon|Miraidon|18\/100\n|-damage|p2a: Miraidon|2\/100|[from] Spikes\n|-fieldstart|move: Electric Terrain|[from] ability: Hadron Engine|[of] p2a: Miraidon\n|move|p1a: Mandibuzz|Foul Play|p2a: Miraidon\n|-damage|p2a: Miraidon|0 fnt\n|faint|p2a: Miraidon\n|\n|upkeep\n|\n|t:|1699330681\n|switch|p2a: Hoopa|Hoopa-Unbound|100\/100\n|-damage|p2a: Hoopa|84\/100|[from] Spikes\n|turn|14\n|\n|t:|1699330688\n|move|p2a: Hoopa|Drain Punch|p1a: Mandibuzz\n|-damage|p1a: Mandibuzz|32\/100\n|-heal|p2a: Hoopa|100\/100|[from] drain|[of] p1a: Mandibuzz\n|move|p1a: Mandibuzz|Toxic|p2a: Hoopa|[miss]\n|-miss|p1a: Mandibuzz|p2a: Hoopa\n|\n|upkeep\n|turn|15\n|\n|t:|1699330695\n|move|p2a: Hoopa|Drain Punch|p1a: Mandibuzz\n|-damage|p1a: Mandibuzz|0 fnt\n|faint|p1a: Mandibuzz\n|\n|upkeep\n|\n|t:|1699330712\n|switch|p1a: Roaring Moon|Roaring Moon|100\/100\n|-enditem|p1a: Roaring Moon|Booster Energy\n|-activate|p1a: Roaring Moon|ability: Protosynthesis|[fromitem]\n|-start|p1a: Roaring Moon|protosynthesisatk\n|turn|16\n|\n|t:|1699330716\n|move|p1a: Roaring Moon|Dragon Dance|p1a: Roaring Moon\n|-boost|p1a: Roaring Moon|atk|1\n|-boost|p1a: Roaring Moon|spe|1\n|move|p2a: Hoopa|Drain Punch|p1a: Roaring Moon\n|-supereffective|p1a: Roaring Moon\n|-damage|p1a: Roaring Moon|0 fnt\n|faint|p1a: Roaring Moon\n|-end|p1a: Roaring Moon|Protosynthesis|[silent]\n|\n|upkeep\n|\n|t:|1699330722\n|switch|p1a: Gholdengo|Gholdengo|60\/100\n|turn|17\n|\n|t:|1699330725\n|move|p1a: Gholdengo|Nasty Plot|p1a: Gholdengo\n|-boost|p1a: Gholdengo|spa|2\n|move|p2a: Hoopa|Drain Punch|p1a: Gholdengo\n|-immune|p1a: Gholdengo\n|\n|-fieldend|move: Electric Terrain\n|upkeep\n|turn|18\n|\n|t:|1699330733\n|switch|p2a: Zacian|Zacian-Crowned, shiny|94\/100\n|-damage|p2a: Zacian|78\/100|[from] Spikes\n|move|p1a: Gholdengo|Recover|p1a: Gholdengo\n|-heal|p1a: Gholdengo|100\/100\n|\n|upkeep\n|turn|19\n|\n|t:|1699330737\n|move|p2a: Zacian|Behemoth Blade|p1a: Gholdengo\n|-resisted|p1a: Gholdengo\n|-damage|p1a: Gholdengo|63\/100\n|move|p1a: Gholdengo|Make It Rain|p2a: Zacian\n|-damage|p2a: Zacian|0 fnt\n|-unboost|p1a: Gholdengo|spa|1\n|faint|p2a: Zacian\n|\n|upkeep\n|\n|t:|1699330743\n|switch|p2a: Calyrex|Calyrex-Shadow|90\/100\n|-ability|p2a: Calyrex|As One\n|-ability|p2a: Calyrex|Unnerve\n|-damage|p2a: Calyrex|74\/100|[from] Spikes\n|turn|20\n|\n|t:|1699330745\n|move|p2a: Calyrex|Astral Barrage|p1a: Gholdengo\n|-supereffective|p1a: Gholdengo\n|-damage|p1a: Gholdengo|0 fnt\n|faint|p1a: Gholdengo\n|-ability|p2a: Calyrex|Grim Neigh|boost\n|-boost|p2a: Calyrex|spa|1\n|\n|-heal|p2a: Calyrex|80\/100|[from] item: Leftovers\n|upkeep\n|\n|t:|1699330747\n|switch|p1a: Chi-Yu|Chi-Yu|100\/100\n|-ability|p1a: Chi-Yu|Beads of Ruin\n|turn|21\n|\n|t:|1699330751\n|move|p1a: Chi-Yu|Dark Pulse|p2a: Calyrex\n|-supereffective|p2a: Calyrex\n|-damage|p2a: Calyrex|0 fnt\n|faint|p2a: Calyrex\n|\n|upkeep\n|\n|t:|1699330755\n|switch|p2a: Hoopa|Hoopa-Unbound|100\/100\n|-damage|p2a: Hoopa|84\/100|[from] Spikes\n|turn|22\n|\n|t:|1699330758\n|move|p1a: Chi-Yu|Dark Pulse|p2a: Hoopa\n|-damage|p2a: Hoopa|35\/100\n|move|p2a: Hoopa|Hyperspace Fury|p1a: Chi-Yu\n|-resisted|p1a: Chi-Yu\n|-damage|p1a: Chi-Yu|30\/100\n|-unboost|p2a: Hoopa|def|1\n|\n|upkeep\n|turn|23\n|\n|t:|1699330764\n|move|p1a: Chi-Yu|Dark Pulse|p2a: Hoopa\n|-damage|p2a: Hoopa|0 fnt\n|faint|p2a: Hoopa\n|\n|win|YoungEsq\n|raw|YoungEsq's rating: 1329 &rarr; <strong>1352<\/strong><br \/>(+23 for winning)\n|raw|RedofIndigoPlateau's rating: 1373 &rarr; <strong>1350<\/strong><br \/>(-23 for losing)\n","uploadtime":1699330768,"views":5,"p1id":"youngesq","p2id":"redofindigoplateau","formatid":"gen9anythinggoes","rating":1350,"private":0,"password":""}