{"id":"gen9anythinggoes-1980576761","p1":"ChimeBliss","p2":"TDgarden","format":"[Gen 9] Anything Goes","log":"|j|\u2606ChimeBliss\n|j|\u203dTDgarden\n|t:|1698799241\n|gametype|singles\n|player|p1|ChimeBliss|dawn-gen4pt|1385\n|player|p2|TDgarden|102|1432\n|teamsize|p1|6\n|teamsize|p2|6\n|gen|9\n|tier|[Gen 9] Anything Goes\n|rated|\n|rule|HP Percentage Mod: HP is shown in percentages\n|rule|Endless Battle Clause: Forcing endless battles is banned\n|clearpoke\n|poke|p1|Grimmsnarl, M|\n|poke|p1|Glimmora, M|\n|poke|p1|Arceus|\n|poke|p1|Arceus-Ground|\n|poke|p1|Koraidon|\n|poke|p1|Calyrex-Shadow|\n|poke|p2|Darkrai|\n|poke|p2|Espeon, M|\n|poke|p2|Koraidon|\n|poke|p2|Kyogre|\n|poke|p2|Dragapult, F|\n|poke|p2|Landorus-Therian, M|\n|teampreview\n|inactive|Battle timer is ON: inactive players will automatically lose when time's up. (requested by ChimeBliss)\n|\n|t:|1698799268\n|start\n|switch|p1a: Koraidon|Koraidon|100\/100\n|switch|p2a: Darkrai|Darkrai|100\/100\n|-weather|SunnyDay|[from] ability: Orichalcum Pulse|[of] p1a: Koraidon\n|-activate|p1a: Koraidon|Orichalcum Pulse|[source]\n|turn|1\n|\n|t:|1698799295\n|switch|p2a: Landorus|Landorus-Therian, M|100\/100\n|-ability|p2a: Landorus|Intimidate|boost\n|-unboost|p1a: Koraidon|atk|1\n|move|p1a: Koraidon|Scale Shot|p2a: Landorus\n|-damage|p2a: Landorus|87\/100\n|-damage|p2a: Landorus|73\/100\n|-damage|p2a: Landorus|60\/100\n|-damage|p2a: Landorus|46\/100\n|-hitcount|p2a: Landorus|4\n|-unboost|p1a: Koraidon|def|1\n|-boost|p1a: Koraidon|spe|1\n|\n|-weather|SunnyDay|[upkeep]\n|upkeep\n|turn|2\n|inactive|TDgarden has 120 seconds left.\n|\n|t:|1698799313\n|switch|p2a: Kyogre|Kyogre|100\/100\n|-weather|RainDance|[from] ability: Drizzle|[of] p2a: Kyogre\n|move|p1a: Koraidon|Scale Shot|p2a: Kyogre\n|-damage|p2a: Kyogre|90\/100\n|-damage|p2a: Kyogre|79\/100\n|-damage|p2a: Kyogre|70\/100\n|-damage|p2a: Kyogre|61\/100\n|-hitcount|p2a: Kyogre|4\n|-unboost|p1a: Koraidon|def|1\n|-boost|p1a: Koraidon|spe|1\n|\n|-weather|RainDance|[upkeep]\n|upkeep\n|turn|3\n|inactive|TDgarden has 120 seconds left.\n|\n|t:|1698799327\n|switch|p1a: Glimmora|Glimmora, M|100\/100\n|switch|p2a: Landorus|Landorus-Therian, M|46\/100\n|-ability|p2a: Landorus|Intimidate|boost\n|-unboost|p1a: Glimmora|atk|1\n|\n|-weather|RainDance|[upkeep]\n|upkeep\n|turn|4\n|\n|t:|1698799335\n|switch|p2a: Espeon|Espeon, M|100\/100\n|move|p1a: Glimmora|Spikes|p2a: Espeon\n|move|p2a: Espeon|Spikes|p1a: Glimmora|[from]ability: Magic Bounce\n|-sidestart|p1: ChimeBliss|Spikes\n|\n|-weather|RainDance|[upkeep]\n|upkeep\n|turn|5\n|\n|t:|1698799342\n|move|p2a: Espeon|Psychic|p1a: Glimmora\n|-supereffective|p1a: Glimmora\n|-enditem|p1a: Glimmora|Focus Sash\n|-damage|p1a: Glimmora|1\/100\n|move|p1a: Glimmora|Mortal Spin|p2a: Espeon\n|-damage|p2a: Espeon|92\/100\n|-status|p2a: Espeon|psn\n|-sideend|p1: ChimeBliss|Spikes|[from] move: Mortal Spin|[of] p1a: Glimmora\n|\n|-weather|RainDance|[upkeep]\n|-damage|p2a: Espeon|80\/100 psn|[from] psn\n|upkeep\n|turn|6\n|\n|t:|1698799352\n|switch|p1a: Grimmsnarl|Grimmsnarl, M|100\/100\n|move|p2a: Espeon|Dazzling Gleam|p1a: Grimmsnarl\n|-supereffective|p1a: Grimmsnarl\n|-damage|p1a: Grimmsnarl|61\/100\n|\n|-weather|none\n|-damage|p2a: Espeon|68\/100 psn|[from] psn\n|upkeep\n|turn|7\n|\n|t:|1698799359\n|move|p1a: Grimmsnarl|Light Screen|p1a: Grimmsnarl\n|-sidestart|p1: ChimeBliss|move: Light Screen\n|move|p2a: Espeon|Dazzling Gleam|p1a: Grimmsnarl\n|-supereffective|p1a: Grimmsnarl\n|-damage|p1a: Grimmsnarl|40\/100\n|\n|-damage|p2a: Espeon|56\/100 psn|[from] psn\n|upkeep\n|turn|8\n|\n|t:|1698799366\n|switch|p2a: Landorus|Landorus-Therian, M|46\/100\n|-ability|p2a: Landorus|Intimidate|boost\n|-unboost|p1a: Grimmsnarl|atk|1\n|switch|p1a: Glimmora|Glimmora, M|1\/100\n|\n|upkeep\n|turn|9\n|\n|t:|1698799373\n|switch|p2a: Espeon|Espeon, M|56\/100 psn\n|move|p1a: Glimmora|Mortal Spin|p2a: Espeon\n|-damage|p2a: Espeon|44\/100 psn\n|\n|-damage|p2a: Espeon|32\/100 psn|[from] psn\n|upkeep\n|turn|10\n|\n|t:|1698799380\n|move|p2a: Espeon|Dazzling Gleam|p1a: Glimmora\n|-resisted|p1a: Glimmora\n|-damage|p1a: Glimmora|0 fnt\n|faint|p1a: Glimmora\n|\n|-damage|p2a: Espeon|20\/100 psn|[from] psn\n|upkeep\n|\n|t:|1698799396\n|switch|p1a: Calyrex|Calyrex-Shadow|100\/100\n|-ability|p1a: Calyrex|As One\n|-ability|p1a: Calyrex|Unnerve\n|turn|11\n|\n|t:|1698799402\n|move|p1a: Calyrex|Astral Barrage|p2a: Espeon\n|-supereffective|p2a: Espeon\n|-damage|p2a: Espeon|0 fnt\n|faint|p2a: Espeon\n|-ability|p1a: Calyrex|Grim Neigh|boost\n|-boost|p1a: Calyrex|spa|1\n|\n|upkeep\n|\n|t:|1698799408\n|switch|p2a: Dragapult|Dragapult, F|100\/100\n|turn|12\n|\n|t:|1698799412\n|-terastallize|p1a: Calyrex|Fairy\n|move|p2a: Dragapult|Sucker Punch|p1a: Calyrex\n|-resisted|p1a: Calyrex\n|-damage|p1a: Calyrex|91\/100\n|move|p1a: Calyrex|Astral Barrage|p2a: Dragapult\n|-supereffective|p2a: Dragapult\n|-enditem|p2a: Dragapult|Focus Sash\n|-damage|p2a: Dragapult|1\/100\n|\n|-heal|p1a: Calyrex|97\/100|[from] item: Leftovers\n|upkeep\n|turn|13\n|\n|t:|1698799427\n|move|p2a: Dragapult|Sucker Punch|p1a: Calyrex\n|-resisted|p1a: Calyrex\n|-damage|p1a: Calyrex|86\/100\n|move|p1a: Calyrex|Draining Kiss|p2a: Dragapult\n|-supereffective|p2a: Dragapult\n|-damage|p2a: Dragapult|0 fnt\n|-heal|p1a: Calyrex|87\/100|[from] drain|[of] p2a: Dragapult\n|faint|p2a: Dragapult\n|-ability|p1a: Calyrex|Grim Neigh|boost\n|-boost|p1a: Calyrex|spa|1\n|\n|-heal|p1a: Calyrex|93\/100|[from] item: Leftovers\n|upkeep\n|\n|t:|1698799438\n|switch|p2a: Landorus|Landorus-Therian, M|46\/100\n|-ability|p2a: Landorus|Intimidate|boost\n|-unboost|p1a: Calyrex|atk|1\n|turn|14\n|\n|t:|1698799442\n|move|p2a: Landorus|Earthquake|p1a: Calyrex\n|-damage|p1a: Calyrex|40\/100\n|move|p1a: Calyrex|Draining Kiss|p2a: Landorus\n|-damage|p2a: Landorus|0 fnt\n|-heal|p1a: Calyrex|69\/100|[from] drain|[of] p2a: Landorus\n|faint|p2a: Landorus\n|-ability|p1a: Calyrex|Grim Neigh|boost\n|-boost|p1a: Calyrex|spa|1\n|\n|-heal|p1a: Calyrex|75\/100|[from] item: Leftovers\n|-sideend|p1: ChimeBliss|move: Light Screen\n|upkeep\n|\n|t:|1698799457\n|switch|p2a: Darkrai|Darkrai|100\/100\n|turn|15\n|\n|t:|1698799466\n|-terastallize|p2a: Darkrai|Poison\n|move|p1a: Calyrex|Astral Barrage|p2a: Darkrai\n|-crit|p2a: Darkrai\n|-damage|p2a: Darkrai|0 fnt\n|faint|p2a: Darkrai\n|-ability|p1a: Calyrex|Grim Neigh|boost\n|-boost|p1a: Calyrex|spa|1\n|\n|-heal|p1a: Calyrex|81\/100|[from] item: Leftovers\n|upkeep\n|\n|t:|1698799476\n|switch|p2a: Kyogre|Kyogre|61\/100\n|-weather|RainDance|[from] ability: Drizzle|[of] p2a: Kyogre\n|turn|16\n|\n|t:|1698799483\n|move|p1a: Calyrex|Astral Barrage|p2a: Kyogre\n|-damage|p2a: Kyogre|0 fnt\n|faint|p2a: Kyogre\n|-ability|p1a: Calyrex|Grim Neigh|boost\n|-boost|p1a: Calyrex|spa|1\n|\n|-weather|RainDance|[upkeep]\n|-heal|p1a: Calyrex|87\/100|[from] item: Leftovers\n|upkeep\n|\n|t:|1698799491\n|switch|p2a: Koraidon|Koraidon|100\/100\n|-weather|SunnyDay|[from] ability: Orichalcum Pulse|[of] p2a: Koraidon\n|-activate|p2a: Koraidon|Orichalcum Pulse|[source]\n|turn|17\n|\n|t:|1698799495\n|move|p1a: Calyrex|Draining Kiss|p2a: Koraidon\n|-supereffective|p2a: Koraidon\n|-damage|p2a: Koraidon|0 fnt\n|-heal|p1a: Calyrex|100\/100|[from] drain|[of] p2a: Koraidon\n|faint|p2a: Koraidon\n|\n|win|ChimeBliss\n|raw|ChimeBliss's rating: 1385 &rarr; <strong>1408<\/strong><br \/>(+23 for winning)\n|raw|TDgarden's rating: 1432 &rarr; <strong>1409<\/strong><br \/>(-23 for losing)\n","uploadtime":1698799500,"views":5,"p1id":"chimebliss","p2id":"tdgarden","formatid":"gen9anythinggoes","rating":1408,"private":0,"password":""}