{"id":"gen9anythinggoes-1972056769","p1":"BridgeC555","p2":"14242 propped in","format":"[Gen 9] Anything Goes","log":"|j|\u2606BridgeC555\n|j|\u260614242 propped in\n|t:|1697809117\n|gametype|singles\n|player|p1|BridgeC555|carmine-festival|1093\n|player|p2|14242 propped in|2|1050\n|teamsize|p1|6\n|teamsize|p2|6\n|gen|9\n|tier|[Gen 9] Anything Goes\n|rated|\n|rule|HP Percentage Mod: HP is shown in percentages\n|rule|Endless Battle Clause: Forcing endless battles is banned\n|clearpoke\n|poke|p1|Empoleon, F|\n|poke|p1|Dipplin, M|\n|poke|p1|Ogerpon-Cornerstone, F|\n|poke|p1|Azelf|\n|poke|p1|Lurantis, M|\n|poke|p1|Espathra, F|\n|poke|p2|Vespiquen, F|\n|poke|p2|Bagon, M|\n|poke|p2|Mew|\n|poke|p2|Charizard, F|\n|poke|p2|Decidueye-Hisui, F|\n|poke|p2|Meloetta|\n|teampreview\n|\n|t:|1697809123\n|start\n|switch|p1a: Espathra|Espathra, F, shiny|100\/100\n|switch|p2a: Bagon|Bagon, M|100\/100\n|turn|1\n|c|\u2606BridgeC555|whats the bagon for\n|c|\u260614242 propped in|memes\n|c|\u2606BridgeC555|im curious now\n|\n|t:|1697809145\n|move|p1a: Espathra|Substitute|p1a: Espathra\n|-start|p1a: Espathra|Substitute\n|-damage|p1a: Espathra|76\/100\n|move|p2a: Bagon|Rock Slide|p1a: Espathra\n|-end|p1a: Espathra|Substitute\n|\n|-heal|p1a: Espathra|82\/100|[from] item: Leftovers\n|-ability|p1a: Espathra|Speed Boost|boost\n|-boost|p1a: Espathra|spe|1\n|upkeep\n|turn|2\n|\n|t:|1697809155\n|move|p1a: Espathra|Protect|p1a: Espathra\n|-singleturn|p1a: Espathra|Protect\n|move|p2a: Bagon|Dragon Dance|p2a: Bagon\n|-boost|p2a: Bagon|atk|1\n|-boost|p2a: Bagon|spe|1\n|\n|-heal|p1a: Espathra|88\/100|[from] item: Leftovers\n|-ability|p1a: Espathra|Speed Boost|boost\n|-boost|p1a: Espathra|spe|1\n|upkeep\n|turn|3\n|\n|t:|1697809174\n|move|p1a: Espathra|Substitute|p1a: Espathra\n|-start|p1a: Espathra|Substitute\n|-damage|p1a: Espathra|63\/100\n|move|p2a: Bagon|Iron Head|p1a: Espathra\n|-end|p1a: Espathra|Substitute\n|\n|-heal|p1a: Espathra|69\/100|[from] item: Leftovers\n|-ability|p1a: Espathra|Speed Boost|boost\n|-boost|p1a: Espathra|spe|1\n|upkeep\n|turn|4\n|\n|t:|1697809185\n|move|p1a: Espathra|Protect|p1a: Espathra\n|-singleturn|p1a: Espathra|Protect\n|move|p2a: Bagon|Rock Slide|p1a: Espathra\n|-activate|p1a: Espathra|move: Protect\n|\n|-heal|p1a: Espathra|75\/100|[from] item: Leftovers\n|-ability|p1a: Espathra|Speed Boost|boost\n|-boost|p1a: Espathra|spe|1\n|upkeep\n|turn|5\n|\n|t:|1697809195\n|move|p1a: Espathra|Roost|p1a: Espathra\n|-heal|p1a: Espathra|100\/100\n|-singleturn|p1a: Espathra|move: Roost\n|move|p2a: Bagon|Fire Fang|p1a: Espathra\n|-crit|p1a: Espathra\n|-damage|p1a: Espathra|8\/100\n|\n|-heal|p1a: Espathra|14\/100|[from] item: Leftovers\n|-ability|p1a: Espathra|Speed Boost|boost\n|-boost|p1a: Espathra|spe|1\n|upkeep\n|turn|6\n|c|\u260614242 propped in|zamn\n|\n|t:|1697809209\n|move|p1a: Espathra|Protect|p1a: Espathra\n|-singleturn|p1a: Espathra|Protect\n|move|p2a: Bagon|Rock Slide|p1a: Espathra\n|-activate|p1a: Espathra|move: Protect\n|\n|-heal|p1a: Espathra|20\/100|[from] item: Leftovers\n|-ability|p1a: Espathra|Speed Boost|boost\n|-boost|p1a: Espathra|spe|1\n|upkeep\n|turn|7\n|c|\u2606BridgeC555|ok-\n|c|\u2606BridgeC555|im out\n|\n|t:|1697809218\n|move|p1a: Espathra|Baton Pass|p1a: Espathra\n|\n|t:|1697809220\n|switch|p1a: Lurantis|Lurantis, M, shiny|100\/100|[from] Baton Pass\n|move|p2a: Bagon|Fire Fang|p1a: Lurantis\n|-supereffective|p1a: Lurantis\n|-damage|p1a: Lurantis|12\/100\n|\n|upkeep\n|turn|8\n|c|\u260614242 propped in|no\n|\n|t:|1697809230\n|-terastallize|p1a: Lurantis|Electric\n|move|p1a: Lurantis|Leaf Storm|p2a: Bagon\n|-resisted|p2a: Bagon\n|-damage|p2a: Bagon|10\/100\n|-boost|p1a: Lurantis|spa|2\n|move|p2a: Bagon|Iron Head|p1a: Lurantis\n|-resisted|p1a: Lurantis\n|-damage|p1a: Lurantis|0 fnt\n|faint|p1a: Lurantis\n|\n|upkeep\n|c|\u2606BridgeC555|noooooooo\n|c|\u2606BridgeC555|my lurantis ;-;\n|\n|t:|1697809246\n|switch|p1a: Espathra|Espathra, F, shiny|20\/100\n|turn|9\n|\n|t:|1697809250\n|move|p1a: Espathra|Protect|p1a: Espathra\n|-singleturn|p1a: Espathra|Protect\n|move|p2a: Bagon|Rock Slide|p1a: Espathra\n|-activate|p1a: Espathra|move: Protect\n|\n|-heal|p1a: Espathra|26\/100|[from] item: Leftovers\n|-ability|p1a: Espathra|Speed Boost|boost\n|-boost|p1a: Espathra|spe|1\n|upkeep\n|turn|10\n|\n|t:|1697809263\n|move|p1a: Espathra|Roost|p1a: Espathra\n|-heal|p1a: Espathra|76\/100\n|-singleturn|p1a: Espathra|move: Roost\n|move|p2a: Bagon|Iron Head|p1a: Espathra\n|-crit|p1a: Espathra\n|-damage|p1a: Espathra|0 fnt\n|faint|p1a: Espathra\n|\n|upkeep\n|\n|t:|1697809271\n|switch|p1a: Ogerpon|Ogerpon-Cornerstone, F|100\/100\n|turn|11\n|\n|t:|1697809280\n|move|p1a: Ogerpon|Swords Dance|p1a: Ogerpon\n|-boost|p1a: Ogerpon|atk|2\n|move|p2a: Bagon|Iron Head|p1a: Ogerpon\n|-supereffective|p1a: Ogerpon\n|-ability|p1a: Ogerpon|Sturdy\n|-damage|p1a: Ogerpon|1\/100\n|\n|upkeep\n|turn|12\n|c|\u260614242 propped in|no way\n|\n|t:|1697809289\n|move|p1a: Ogerpon|Trailblaze|p2a: Bagon\n|-resisted|p2a: Bagon\n|-damage|p2a: Bagon|0 fnt\n|-boost|p1a: Ogerpon|spe|1\n|faint|p2a: Bagon\n|\n|upkeep\n|\n|t:|1697809300\n|switch|p2a: dangerous chickin.|Decidueye-Hisui, F, shiny|100\/100\n|turn|13\n|\n|t:|1697809304\n|move|p1a: Ogerpon|Knock Off|p2a: dangerous chickin.\n|-resisted|p2a: dangerous chickin.\n|-damage|p2a: dangerous chickin.|63\/100\n|-enditem|p2a: dangerous chickin.|Black Belt|[from] move: Knock Off|[of] p1a: Ogerpon\n|move|p2a: dangerous chickin.|Close Combat|p1a: Ogerpon\n|-supereffective|p1a: Ogerpon\n|-damage|p1a: Ogerpon|0 fnt\n|-unboost|p2a: dangerous chickin.|def|1\n|-unboost|p2a: dangerous chickin.|spd|1\n|faint|p1a: Ogerpon\n|\n|upkeep\n|\n|t:|1697809311\n|switch|p1a: Azelf|Azelf, shiny|100\/100\n|turn|14\n|\n|t:|1697809317\n|move|p1a: Azelf|Mystical Power|p2a: dangerous chickin.\n|-supereffective|p2a: dangerous chickin.\n|-damage|p2a: dangerous chickin.|0 fnt\n|-boost|p1a: Azelf|spa|1\n|faint|p2a: dangerous chickin.\n|\n|upkeep\n|\n|t:|1697809325\n|switch|p2a: Mew|Mew|100\/100\n|turn|15\n|\n|t:|1697809328\n|move|p1a: Azelf|Safeguard|p1a: Azelf\n|-sidestart|p1: BridgeC555|Safeguard\n|move|p2a: Mew|Dragon Dance|p2a: Mew\n|-boost|p2a: Mew|atk|1\n|-boost|p2a: Mew|spe|1\n|\n|upkeep\n|turn|16\n|c|\u260614242 propped in|heh\n|\n|t:|1697809336\n|switch|p1a: Dipplin|Dipplin, M, shiny|100\/100\n|move|p2a: Mew|Dragon Dance|p2a: Mew\n|-boost|p2a: Mew|atk|1\n|-boost|p2a: Mew|spe|1\n|\n|upkeep\n|turn|17\n|\n|t:|1697809344\n|move|p2a: Mew|X-Scissor|p1a: Dipplin\n|-supereffective|p1a: Dipplin\n|-damage|p1a: Dipplin|43\/100\n|move|p1a: Dipplin|Dragon Breath|p2a: Mew\n|-damage|p2a: Mew|74\/100\n|\n|upkeep\n|turn|18\n|\n|t:|1697809351\n|move|p2a: Mew|X-Scissor|p1a: Dipplin\n|-supereffective|p1a: Dipplin\n|-damage|p1a: Dipplin|0 fnt\n|faint|p1a: Dipplin\n|\n|upkeep\n|\n|t:|1697809354\n|switch|p1a: Empoleon|Empoleon, F, shiny|100\/100\n|turn|19\n|\n|t:|1697809360\n|move|p2a: Mew|Dragon Dance|p2a: Mew\n|-boost|p2a: Mew|atk|1\n|-boost|p2a: Mew|spe|1\n|move|p1a: Empoleon|Stealth Rock|p2a: Mew\n|-sidestart|p2: 14242 propped in|move: Stealth Rock\n|\n|-sideend|p1: BridgeC555|Safeguard\n|upkeep\n|turn|20\n|\n|t:|1697809368\n|move|p2a: Mew|Crunch|p1a: Empoleon\n|-damage|p1a: Empoleon|36\/100\n|-unboost|p1a: Empoleon|def|1\n|-ability|p1a: Empoleon|Competitive|boost\n|-boost|p1a: Empoleon|spa|2\n|move|p1a: Empoleon|Surf|p2a: Mew\n|-damage|p2a: Mew|15\/100\n|\n|-heal|p1a: Empoleon|42\/100|[from] item: Leftovers\n|upkeep\n|turn|21\n|\n|t:|1697809377\n|move|p2a: Mew|Crunch|p1a: Empoleon\n|-damage|p1a: Empoleon|0 fnt\n|faint|p1a: Empoleon\n|\n|upkeep\n|\n|t:|1697809380\n|switch|p1a: Azelf|Azelf, shiny|100\/100\n|turn|22\n|\n|t:|1697809384\n|move|p2a: Mew|Crunch|p1a: Azelf\n|-supereffective|p1a: Azelf\n|-damage|p1a: Azelf|0 fnt\n|faint|p1a: Azelf\n|\n|win|14242 propped in\n|raw|BridgeC555's rating: 1093 &rarr; <strong>1066<\/strong><br \/>(-27 for losing)\n|raw|14242 propped in's rating: 1050 &rarr; <strong>1087<\/strong><br \/>(+37 for winning)\n|c|\u2606BridgeC555|damn\n|c|\u2606BridgeC555|gg\n|c|\u260614242 propped in|that\u2019s why you use bagon\n|c|\u260614242 propped in|ggs\n|l|\u2606BridgeC555\n","uploadtime":1697809429,"views":14,"p1id":"bridgec555","p2id":"14242proppedin","formatid":"gen9anythinggoes","rating":1066,"private":0,"password":""}