{"id":"gen9anythinggoes-1973468637","p1":"firecreepr","p2":"jarrengoh","format":"[Gen 9] Anything Goes","log":"|j|\u2606firecreepr\n|j|\u2606jarrengoh\n|t:|1697980166\n|gametype|singles\n|player|p1|firecreepr|silver|1045\n|player|p2|jarrengoh|cynthia|1133\n|teamsize|p1|6\n|teamsize|p2|6\n|gen|9\n|tier|[Gen 9] Anything Goes\n|rated|\n|rule|HP Percentage Mod: HP is shown in percentages\n|rule|Endless Battle Clause: Forcing endless battles is banned\n|clearpoke\n|poke|p1|Magearna|\n|poke|p1|Calyrex-Shadow|\n|poke|p1|Roaring Moon|\n|poke|p1|Goodra-Hisui, M|\n|poke|p1|Torkoal, F|\n|poke|p1|Thundurus-Therian, M|\n|poke|p2|Lurantis, F|\n|poke|p2|Leavanny, M|\n|poke|p2|Scyther, M|\n|poke|p2|Scizor, F|\n|poke|p2|Kleavor, F|\n|poke|p2|Fomantis, M|\n|teampreview\n|inactive|Battle timer is ON: inactive players will automatically lose when time's up. (requested by firecreepr)\n|c|\u2606jarrengoh|glhf\n|\n|t:|1697980175\n|start\n|switch|p1a: Torkoal|Torkoal, F|100\/100\n|switch|p2a: Leavanny|Leavanny, M, shiny|100\/100\n|-weather|SunnyDay|[from] ability: Drought|[of] p1a: Torkoal\n|turn|1\n|c|\u2606firecreepr|you too\n|\n|t:|1697980183\n|move|p2a: Leavanny|Sticky Web|p1a: Torkoal\n|-sidestart|p1: firecreepr|move: Sticky Web\n|move|p1a: Torkoal|Stealth Rock|p2a: Leavanny\n|-sidestart|p2: jarrengoh|move: Stealth Rock\n|\n|-weather|SunnyDay|[upkeep]\n|upkeep\n|turn|2\n|c|\u2606jarrengoh|thanks\n|\n|t:|1697980189\n|move|p2a: Leavanny|X-Scissor|p1a: Torkoal\n|-resisted|p1a: Torkoal\n|-damage|p1a: Torkoal|89\/100\n|move|p1a: Torkoal|Rapid Spin|p2a: Leavanny\n|-damage|p2a: Leavanny|87\/100\n|-boost|p1a: Torkoal|spe|1\n|-sideend|p1: firecreepr|Sticky Web|[from] move: Rapid Spin|[of] p1a: Torkoal\n|\n|-weather|SunnyDay|[upkeep]\n|upkeep\n|turn|3\n|\n|t:|1697980211\n|move|p2a: Leavanny|X-Scissor|p1a: Torkoal\n|-resisted|p1a: Torkoal\n|-damage|p1a: Torkoal|78\/100\n|move|p1a: Torkoal|Yawn|p2a: Leavanny\n|-start|p2a: Leavanny|move: Yawn|[of] p1a: Torkoal\n|\n|-weather|SunnyDay|[upkeep]\n|upkeep\n|turn|4\n|\n|t:|1697980221\n|switch|p2a: Fomantis|Fomantis, M|100\/100\n|-damage|p2a: Fomantis|88\/100|[from] Stealth Rock\n|move|p1a: Torkoal|Body Press|p2a: Fomantis\n|-damage|p2a: Fomantis|16\/100\n|\n|-weather|SunnyDay|[upkeep]\n|upkeep\n|turn|5\n|\n|t:|1697980243\n|move|p2a: Fomantis|Defog|p1a: Torkoal\n|-unboost|p1a: Torkoal|evasion|1\n|-sideend|p2: jarrengoh|Stealth Rock|[from] move: Defog|[of] p2a: Fomantis\n|move|p1a: Torkoal|Body Press|p2a: Fomantis\n|-damage|p2a: Fomantis|0 fnt\n|faint|p2a: Fomantis\n|\n|-weather|SunnyDay|[upkeep]\n|upkeep\n|\n|t:|1697980247\n|switch|p2a: Kleavor|Kleavor, F, shiny|100\/100\n|turn|6\n|\n|t:|1697980258\n|switch|p1a: Magearna|Magearna|100\/100\n|move|p2a: Kleavor|Stone Axe|p1a: Magearna\n|-resisted|p1a: Magearna\n|-damage|p1a: Magearna|75\/100\n|-sidestart|p1: firecreepr|move: Stealth Rock\n|\n|-weather|SunnyDay|[upkeep]\n|upkeep\n|turn|7\n|\n|t:|1697980268\n|switch|p2a: Leavanny|Leavanny, M, shiny|87\/100\n|move|p1a: Magearna|Substitute|p1a: Magearna\n|-start|p1a: Magearna|Substitute\n|-damage|p1a: Magearna|50\/100\n|\n|-weather|SunnyDay|[upkeep]\n|upkeep\n|turn|8\n|\n|t:|1697980277\n|move|p2a: Leavanny|Sticky Web|p1a: Magearna\n|-sidestart|p1: firecreepr|move: Sticky Web\n|move|p1a: Magearna|Pain Split|p2a: Leavanny\n|-sethp|p2a: Leavanny|75\/100|[from] move: Pain Split|[silent]\n|-sethp|p1a: Magearna|60\/100|[from] move: Pain Split\n|\n|-weather|none\n|upkeep\n|turn|9\n|inactive|jarrengoh has 120 seconds left.\n|l|\u2606firecreepr\n|inactive|firecreepr disconnected and has a minute to reconnect!\n|player|p1|\n|\n|t:|1697980321\n|switch|p2a: Lurantis|Lurantis, F, shiny|100\/100\n|move|p1a: Magearna|Shift Gear|p1a: Magearna\n|-boost|p1a: Magearna|spe|2\n|-boost|p1a: Magearna|atk|1\n|\n|upkeep\n|turn|10\n|j|\u2606firecreepr\n|inactive|firecreepr reconnected and has 135 seconds left.\n|player|p1|firecreepr|silver\n|\n|t:|1697980346\n|move|p1a: Magearna|Shift Gear|p1a: Magearna\n|-boost|p1a: Magearna|spe|2\n|-boost|p1a: Magearna|atk|1\n|move|p2a: Lurantis|Superpower|p1a: Magearna\n|-end|p1a: Magearna|Substitute\n|-boost|p2a: Lurantis|atk|1\n|-boost|p2a: Lurantis|def|1\n|\n|upkeep\n|turn|11\n|inactive|firecreepr has 120 seconds left.\n|\n|t:|1697980382\n|move|p1a: Magearna|Shift Gear|p1a: Magearna\n|-boost|p1a: Magearna|spe|2\n|-boost|p1a: Magearna|atk|1\n|move|p2a: Lurantis|Superpower|p1a: Magearna\n|-damage|p1a: Magearna|11\/100\n|-boost|p2a: Lurantis|atk|1\n|-boost|p2a: Lurantis|def|1\n|\n|upkeep\n|turn|12\n|\n|t:|1697980396\n|move|p1a: Magearna|Baton Pass|p1a: Magearna\n|\n|t:|1697980399\n|switch|p1a: Calyrex|Calyrex-Shadow|100\/100|[from] Baton Pass\n|-ability|p1a: Calyrex|As One\n|-ability|p1a: Calyrex|Unnerve\n|move|p2a: Lurantis|Superpower|p1a: Calyrex\n|-immune|p1a: Calyrex\n|\n|upkeep\n|turn|13\n|\n|t:|1697980413\n|move|p1a: Calyrex|Nasty Plot|p1a: Calyrex\n|-boost|p1a: Calyrex|spa|2\n|move|p2a: Lurantis|Night Slash|p1a: Calyrex\n|-supereffective|p1a: Calyrex\n|-damage|p1a: Calyrex|0 fnt\n|faint|p1a: Calyrex\n|\n|upkeep\n|c|\u2606jarrengoh|heavy duty boots???\n|c|\u2606firecreepr|yup\n|\n|t:|1697980429\n|switch|p1a: Torkoal|Torkoal, F|78\/100\n|-damage|p1a: Torkoal|53\/100|[from] Stealth Rock\n|-activate|p1a: Torkoal|move: Sticky Web\n|-unboost|p1a: Torkoal|spe|1\n|-weather|SunnyDay|[from] ability: Drought|[of] p1a: Torkoal\n|turn|14\n|c|\u2606jarrengoh|interesting\n|inactive|firecreepr has 90 seconds left.\n|c|\u2606firecreepr|first time playing AG lmao\n|\n|t:|1697980450\n|move|p2a: Lurantis|Superpower|p1a: Torkoal\n|-damage|p1a: Torkoal|5\/100\n|-boost|p2a: Lurantis|atk|1\n|-boost|p2a: Lurantis|def|1\n|move|p1a: Torkoal|Rapid Spin|p2a: Lurantis\n|-damage|p2a: Lurantis|97\/100\n|-boost|p1a: Torkoal|spe|1\n|-sideend|p1: firecreepr|Stealth Rock|[from] move: Rapid Spin|[of] p1a: Torkoal\n|-sideend|p1: firecreepr|Sticky Web|[from] move: Rapid Spin|[of] p1a: Torkoal\n|\n|-weather|SunnyDay|[upkeep]\n|upkeep\n|turn|15\n|inactive|firecreepr has 90 seconds left.\n|\n|t:|1697980463\n|move|p2a: Lurantis|Superpower|p1a: Torkoal\n|-damage|p1a: Torkoal|0 fnt\n|-boost|p2a: Lurantis|atk|1\n|-boost|p2a: Lurantis|def|1\n|faint|p1a: Torkoal\n|\n|-weather|SunnyDay|[upkeep]\n|upkeep\n|c|\u2606jarrengoh|ah i see\n|\n|t:|1697980474\n|switch|p1a: Roaring Moon|Roaring Moon|100\/100\n|-activate|p1a: Roaring Moon|ability: Protosynthesis\n|-start|p1a: Roaring Moon|protosynthesisatk\n|turn|16\n|c|\u2606jarrengoh|this is my mantis team#\n|\n|t:|1697980485\n|-terastallize|p1a: Roaring Moon|Fairy\n|move|p1a: Roaring Moon|Knock Off|p2a: Lurantis\n|-damage|p2a: Lurantis|68\/100\n|-enditem|p2a: Lurantis|Assault Vest|[from] move: Knock Off|[of] p1a: Roaring Moon\n|move|p2a: Lurantis|Superpower|p1a: Roaring Moon\n|-resisted|p1a: Roaring Moon\n|-crit|p1a: Roaring Moon\n|-damage|p1a: Roaring Moon|0 fnt\n|-boost|p2a: Lurantis|atk|1\n|-boost|p2a: Lurantis|def|1\n|faint|p1a: Roaring Moon\n|-end|p1a: Roaring Moon|Protosynthesis|[silent]\n|\n|-weather|SunnyDay|[upkeep]\n|upkeep\n|c|\u2606firecreepr|ohhhhh\n|c|\u2606firecreepr|that explains the grass typing\n|inactive|firecreepr has 60 seconds left.\n|c|\u2606jarrengoh|yea\n|\n|t:|1697980516\n|switch|p1a: Thundurus|Thundurus-Therian, M|100\/100\n|turn|17\n|inactive|firecreepr has 60 seconds left.\n|c|\u2606jarrengoh|this team honestly struggles against magearna\n|\n|t:|1697980534\n|move|p1a: Thundurus|Psychic|p2a: Lurantis\n|-damage|p2a: Lurantis|12\/100\n|move|p2a: Lurantis|Leech Life|p1a: Thundurus\n|-resisted|p1a: Thundurus\n|-crit|p1a: Thundurus\n|-damage|p1a: Thundurus|0 fnt\n|-heal|p2a: Lurantis|56\/100|[from] drain|[of] p1a: Thundurus\n|faint|p1a: Thundurus\n|\n|-weather|SunnyDay|[upkeep]\n|upkeep\n|\n|t:|1697980545\n|switch|p1a: Magearna|Magearna|11\/100\n|turn|18\n|c|\u2606firecreepr|lurantis is kinda sweeping tho\n|c|\u2606jarrengoh|cause u let me set up my super powers\n|inactive|firecreepr has 30 seconds left.\n|c|\u2606firecreepr|knew i couldnt bring in moon because of the superpowee\n|\n|t:|1697980579\n|move|p1a: Magearna|Pain Split|p2a: Lurantis\n|-sethp|p2a: Lurantis|34\/100|[from] move: Pain Split|[silent]\n|-sethp|p1a: Magearna|32\/100|[from] move: Pain Split\n|move|p2a: Lurantis|Superpower|p1a: Magearna\n|-damage|p1a: Magearna|0 fnt\n|-boost|p2a: Lurantis|atk|1\n|-boost|p2a: Lurantis|def|1\n|faint|p1a: Magearna\n|\n|-weather|SunnyDay|[upkeep]\n|upkeep\n|inactive|firecreepr has 30 seconds left this turn.\n|c|\u2606jarrengoh|its power is 1186\n|inactive|firecreepr has 20 seconds left.\n|c|\u2606jarrengoh|well 1356 now\n|\n|t:|1697980593\n|switch|p1a: Goodra|Goodra-Hisui, M|100\/100\n|turn|19\n|inactive|firecreepr has 30 seconds left this turn.\n|c|\u2606jarrengoh|true\n|\n|t:|1697980602\n|move|p1a: Goodra|Draco Meteor|p2a: Lurantis\n|-damage|p2a: Lurantis|0 fnt\n|-unboost|p1a: Goodra|spa|2\n|faint|p2a: Lurantis\n|\n|-weather|SunnyDay|[upkeep]\n|upkeep\n|inactive|firecreepr has 30 seconds left this turn.\n|\n|t:|1697980612\n|switch|p2a: Kleavor|Kleavor, F, shiny|100\/100\n|turn|20\n|c|\u2606firecreepr|could have done that earlier lol\n|\n|t:|1697980619\n|move|p2a: Kleavor|X-Scissor|p1a: Goodra\n|-resisted|p1a: Goodra\n|-damage|p1a: Goodra|68\/100\n|-ability|p1a: Goodra|Gooey\n|-unboost|p2a: Kleavor|spe|1\n|move|p1a: Goodra|Body Press|p2a: Kleavor\n|-damage|p2a: Kleavor|79\/100\n|\n|-weather|SunnyDay|[upkeep]\n|-heal|p1a: Goodra|74\/100|[from] item: Leftovers\n|upkeep\n|turn|21\n|c|\u2606jarrengoh|yup\n|c|\u2606jarrengoh|after torkol rapin spin\n|c|\u2606firecreepr|completely forgot\n|inactive|firecreepr has 30 seconds left.\n|c|\u2606firecreepr|OU makes me overthink\n|\n|t:|1697980640\n|move|p2a: Kleavor|X-Scissor|p1a: Goodra\n|-resisted|p1a: Goodra\n|-damage|p1a: Goodra|40\/100\n|-ability|p1a: Goodra|Gooey\n|-unboost|p2a: Kleavor|spe|1\n|move|p1a: Goodra|Acid Armor|p1a: Goodra\n|-boost|p1a: Goodra|def|2\n|\n|-weather|none\n|-heal|p1a: Goodra|46\/100|[from] item: Leftovers\n|upkeep\n|turn|22\n|c|\u2606jarrengoh|true\n|inactive|firecreepr has 30 seconds left.\n|c|\u2606jarrengoh|that knock off matter tho\n|\n|t:|1697980655\n|move|p2a: Kleavor|X-Scissor|p1a: Goodra\n|-resisted|p1a: Goodra\n|-damage|p1a: Goodra|30\/100\n|-ability|p1a: Goodra|Gooey\n|-unboost|p2a: Kleavor|spe|1\n|move|p1a: Goodra|Acid Armor|p1a: Goodra\n|-boost|p1a: Goodra|def|2\n|\n|-heal|p1a: Goodra|36\/100|[from] item: Leftovers\n|upkeep\n|turn|23\n|inactive|firecreepr has 30 seconds left.\n|c|\u2606jarrengoh|my assault vest mattered\n|\n|t:|1697980674\n|move|p1a: Goodra|Body Press|p2a: Kleavor\n|-damage|p2a: Kleavor|7\/100\n|move|p2a: Kleavor|Stone Axe|p1a: Goodra\n|-resisted|p1a: Goodra\n|-damage|p1a: Goodra|27\/100\n|-ability|p1a: Goodra|Gooey\n|-unboost|p2a: Kleavor|spe|1\n|-sidestart|p1: firecreepr|move: Stealth Rock\n|\n|-heal|p1a: Goodra|33\/100|[from] item: Leftovers\n|upkeep\n|turn|24\n|inactive|firecreepr has 30 seconds left.\n|\n|t:|1697980685\n|move|p1a: Goodra|Body Press|p2a: Kleavor\n|-crit|p2a: Kleavor\n|-damage|p2a: Kleavor|0 fnt\n|faint|p2a: Kleavor\n|\n|-heal|p1a: Goodra|39\/100|[from] item: Leftovers\n|upkeep\n|inactive|firecreepr has 30 seconds left this turn.\n|\n|t:|1697980697\n|switch|p2a: Scyther|Scyther, M, shiny|100\/100\n|turn|25\n|c|\u2606firecreepr|my magearna is complete utility lol\n|inactive|jarrengoh has 120 seconds left.\n|\n|t:|1697980718\n|move|p2a: Scyther|Bug Bite|p1a: Goodra\n|-resisted|p1a: Goodra\n|-damage|p1a: Goodra|32\/100\n|-ability|p1a: Goodra|Gooey\n|-unboost|p2a: Scyther|spe|1\n|move|p1a: Goodra|Ice Beam|p2a: Scyther\n|-supereffective|p2a: Scyther\n|-damage|p2a: Scyther|78\/100\n|\n|-heal|p1a: Goodra|38\/100|[from] item: Leftovers\n|upkeep\n|turn|26\n|c|\u2606jarrengoh|i think its gg\n|inactive|jarrengoh has 120 seconds left.\n|inactive|firecreepr has 30 seconds left.\n|c|\u2606firecreepr|obviously lost this one lol\n|c|\u2606firecreepr|gg\n|\n|t:|1697980739\n|move|p2a: Scyther|Dual Wingbeat|p1a: Goodra\n|-resisted|p1a: Goodra\n|-damage|p1a: Goodra|34\/100\n|-ability|p1a: Goodra|Gooey\n|-unboost|p2a: Scyther|spe|1\n|-resisted|p1a: Goodra\n|-damage|p1a: Goodra|29\/100\n|-ability|p1a: Goodra|Gooey\n|-unboost|p2a: Scyther|spe|1\n|-hitcount|p1a: Goodra|2\n|move|p1a: Goodra|Body Press|p2a: Scyther\n|-resisted|p2a: Scyther\n|-damage|p2a: Scyther|65\/100\n|\n|-heal|p1a: Goodra|35\/100|[from] item: Leftovers\n|upkeep\n|turn|27\n|inactive|firecreepr has 30 seconds left.\n|inactive|jarrengoh has 120 seconds left.\n|inactive|firecreepr has 20 seconds left.\n|\n|t:|1697980757\n|move|p1a: Goodra|Draco Meteor|p2a: Scyther\n|-damage|p2a: Scyther|42\/100\n|-unboost|p1a: Goodra|spa|2\n|move|p2a: Scyther|Dual Wingbeat|p1a: Goodra\n|-resisted|p1a: Goodra\n|-damage|p1a: Goodra|31\/100\n|-ability|p1a: Goodra|Gooey\n|-unboost|p2a: Scyther|spe|1\n|-resisted|p1a: Goodra\n|-damage|p1a: Goodra|27\/100\n|-ability|p1a: Goodra|Gooey\n|-unboost|p2a: Scyther|spe|1\n|-hitcount|p1a: Goodra|2\n|\n|-heal|p1a: Goodra|33\/100|[from] item: Leftovers\n|upkeep\n|turn|28\n|inactive|firecreepr has 30 seconds left this turn.\n|inactive|firecreepr has 20 seconds left.\n|inactive|firecreepr has 15 seconds left.\n|\n|t:|1697980773\n|move|p1a: Goodra|Acid Armor|p1a: Goodra\n|-boost|p1a: Goodra|def|2\n|move|p2a: Scyther|Dual Wingbeat|p1a: Goodra\n|-resisted|p1a: Goodra\n|-damage|p1a: Goodra|29\/100\n|-ability|p1a: Goodra|Gooey\n|-unboost|p2a: Scyther|spe|1\n|-resisted|p1a: Goodra\n|-damage|p1a: Goodra|26\/100\n|-ability|p1a: Goodra|Gooey\n|-unboost|p2a: Scyther|spe|0\n|-hitcount|p1a: Goodra|2\n|\n|-heal|p1a: Goodra|32\/100|[from] item: Leftovers\n|upkeep\n|turn|29\n|inactive|firecreepr has 25 seconds left this turn.\n|inactive|firecreepr has 20 seconds left.\n|inactive|firecreepr has 15 seconds left.\n|inactive|firecreepr has 10 seconds left.\n|\n|t:|1697980788\n|move|p1a: Goodra|Body Press|p2a: Scyther\n|-resisted|p2a: Scyther\n|-damage|p2a: Scyther|25\/100\n|move|p2a: Scyther|Dual Wingbeat|p1a: Goodra\n|-resisted|p1a: Goodra\n|-damage|p1a: Goodra|28\/100\n|-ability|p1a: Goodra|Gooey\n|-unboost|p2a: Scyther|spe|0\n|-resisted|p1a: Goodra\n|-damage|p1a: Goodra|25\/100\n|-ability|p1a: Goodra|Gooey\n|-unboost|p2a: Scyther|spe|0\n|-hitcount|p1a: Goodra|2\n|\n|-heal|p1a: Goodra|31\/100|[from] item: Leftovers\n|upkeep\n|turn|30\n|inactive|firecreepr has 20 seconds left this turn.\n|inactive|firecreepr has 15 seconds left.\n|inactive|firecreepr has 10 seconds left.\n|c|\u2606jarrengoh|this team walled by defensive mons\n|inactive|firecreepr has 5 seconds left.\n|inactiveoff|Battle timer is now OFF.\n|\n|t:|1697980811\n|move|p1a: Goodra|Body Press|p2a: Scyther\n|-resisted|p2a: Scyther\n|-crit|p2a: Scyther\n|-damage|p2a: Scyther|0 fnt\n|faint|p2a: Scyther\n|\n|-heal|p1a: Goodra|37\/100|[from] item: Leftovers\n|upkeep\n|\n|t:|1697980819\n|switch|p2a: Scizor|Scizor, F, shiny|100\/100\n|turn|31\n|\n|t:|1697980826\n|-terastallize|p2a: Scizor|Steel\n|move|p2a: Scizor|Bullet Punch|p1a: Goodra\n|-resisted|p1a: Goodra\n|-damage|p1a: Goodra|32\/100\n|-ability|p1a: Goodra|Gooey\n|-unboost|p2a: Scizor|spe|1\n|move|p1a: Goodra|Body Press|p2a: Scizor\n|-supereffective|p2a: Scizor\n|-damage|p2a: Scizor|0 fnt\n|faint|p2a: Scizor\n|\n|-heal|p1a: Goodra|38\/100|[from] item: Leftovers\n|upkeep\n|\n|t:|1697980830\n|switch|p2a: Leavanny|Leavanny, M, shiny|75\/100\n|turn|32\n|c|\u2606firecreepr|bruh\n|c|\u2606firecreepr|why'd you tera on my body press?\n|\n|t:|1697980847\n|move|p2a: Leavanny|X-Scissor|p1a: Goodra\n|-resisted|p1a: Goodra\n|-damage|p1a: Goodra|33\/100\n|-ability|p1a: Goodra|Gooey\n|-unboost|p2a: Leavanny|spe|1\n|move|p1a: Goodra|Body Press|p2a: Leavanny\n|-resisted|p2a: Leavanny\n|-damage|p2a: Leavanny|21\/100\n|\n|-heal|p1a: Goodra|39\/100|[from] item: Leftovers\n|upkeep\n|turn|33\n|c|\u2606firecreepr|i did not expect to win this game\n|c|\u2606firecreepr|especially like this\n|c|\u2606jarrengoh|cause it is my hardest hiting is gone\n|inactive|Battle timer is ON: inactive players will automatically lose when time's up. (requested by firecreepr)\n|inactive|firecreepr has 10 seconds left this turn.\n|\n|t:|1697980886\n|move|p2a: Leavanny|X-Scissor|p1a: Goodra\n|-resisted|p1a: Goodra\n|-damage|p1a: Goodra|34\/100\n|-ability|p1a: Goodra|Gooey\n|-unboost|p2a: Leavanny|spe|1\n|move|p1a: Goodra|Body Press|p2a: Leavanny\n|-resisted|p2a: Leavanny\n|-damage|p2a: Leavanny|0 fnt\n|faint|p2a: Leavanny\n|\n|win|firecreepr\n|inactive|firecreepr has 15 seconds left this turn.\n|raw|firecreepr's rating: 1045 &rarr; <strong>1086<\/strong><br \/>(+41 for winning)\n|raw|jarrengoh's rating: 1133 &rarr; <strong>1102<\/strong><br \/>(-31 for losing)\n|c|\u2606firecreepr|gg\n|c|\u2606jarrengoh|!showset 4\n|c| jarrengoh|\/raw <div class=\"infobox\">Scizor (F) @ Leftovers  <br \/>Ability: Technician  <br \/>Shiny: Yes  <br \/>Tera Type: Steel  <br \/>EVs: 252 HP &#x2f; 252 Atk &#x2f; 4 SpD  <br \/>Adamant Nature  <br \/>- Defog  <br \/>- Bullet Punch  <br \/>- Dual Wingbeat  <br \/>- Bug Bite  <br \/><br \/><\/div>\n|c|\u2606jarrengoh|ggwp\n|c|\u2606jarrengoh|!showset 3\n|c| jarrengoh|\/raw <div class=\"infobox\">Scyther (M) @ Eviolite  <br \/>Ability: Technician  <br \/>Shiny: Yes  <br \/>Tera Type: Water  <br \/>EVs: 252 Atk &#x2f; 4 SpD &#x2f; 252 Spe  <br \/>Jolly Nature  <br \/>- Tailwind  <br \/>- Bug Bite  <br \/>- Dual Wingbeat  <br \/>- Trailblaze  <br \/><br \/><\/div>\n|c|\u2606jarrengoh|!showset 2\n|c| jarrengoh|\/raw <div class=\"infobox\">Leavanny (M) @ Focus Sash  <br \/>Ability: Chlorophyll  <br \/>Shiny: Yes  <br \/>Tera Type: Steel  <br \/>EVs: 252 Atk &#x2f; 4 SpD &#x2f; 252 Spe  <br \/>Adamant Nature  <br \/>- Sticky Web  <br \/>- Sunny Day  <br \/>- Trailblaze  <br \/>- X-Scissor  <br \/><br \/><\/div>\n|c|\u2606jarrengoh|i could not hit u hard\n|c|\u2606firecreepr|makes sense\n|c|\u2606jarrengoh|if i terra water\n|c|\u2606firecreepr|maybe a little variety on the movesets maybe?\n|c|\u2606jarrengoh|kinda hard\n|c|\u2606jarrengoh|that scyther actually sweeps\n|c|\u2606jarrengoh|so many teams\n|c|\u2606firecreepr|funny goodra is uu tier\n|c|\u2606jarrengoh|yea\n|c|\u2606jarrengoh|has sap sipper for immunity too\n|c|\u2606jarrengoh|in fact if u want u can run a full immunity team\n|c|\u2606firecreepr|how?\n|c|\u2606jarrengoh|like the most immunity team\n|c|\u2606jarrengoh|with like hisui zoroark\n|c|\u2606jarrengoh|hisui goodra\n|c|\u2606jarrengoh|goldigo\n|c|\u2606firecreepr|but one roaring moon gets them all lmao\n|c|\u2606jarrengoh|grimsnarl\n|c|\u2606jarrengoh|or magearnea\n|c|\u2606jarrengoh|ha counter wall\n|c|\u2606firecreepr|gotta try it then\n|c|\u2606jarrengoh|then a flying type of ur choice\n|c|\u2606firecreepr|thanks my guy\n|c|\u2606firecreepr|gg\n|c|\u2606jarrengoh|cause eq goona sweep\n|c|\u2606jarrengoh|ggwp\n","uploadtime":1697981167,"views":14,"p1id":"firecreepr","p2id":"jarrengoh","formatid":"gen9anythinggoes","rating":1086,"private":0,"password":""}