{"id":"gen9anythinggoes-1985433130","p1":"Pure Hackmons","p2":"TheTrueLtaker","format":"[Gen 9] Anything Goes","log":"|j|\u2606Pure Hackmons\n|j|\u2606TheTrueLtaker\n|t:|1699374287\n|gametype|singles\n|player|p1|Pure Hackmons|ethan|\n|player|p2|TheTrueLtaker|marnie-masters3|\n|teamsize|p1|6\n|teamsize|p2|6\n|gen|9\n|tier|[Gen 9] Anything Goes\n|rated|Tournament battle\n|rule|HP Percentage Mod: HP is shown in percentages\n|rule|Endless Battle Clause: Forcing endless battles is banned\n|rule|Species Clause: Limit one of each Pok\u00e9mon\n|rule|OHKO Clause: OHKO moves are banned\n|rule|Evasion Moves Clause: Evasion moves are banned\n|rule|1 Ability Clause: Limit 1 of each ability\n|rule|Sleep Moves Clause: Sleep-inducing moves are banned\n|rule|Terastal Clause: You cannot Terastallize\n|rule|Camomons Mod: Pok\u00e9mon have their types set to match their first two moves.\n|clearpoke\n|poke|p1|Avalugg, M|\n|poke|p1|Blissey, F|\n|poke|p1|Ursaluna-Bloodmoon, M|\n|poke|p1|Mandibuzz, F|\n|poke|p1|Empoleon, M|\n|poke|p1|Goodra, M|\n|poke|p2|Ogerpon-Wellspring, F|\n|poke|p2|Ursaluna-Bloodmoon, M|\n|poke|p2|Shaymin-Sky|\n|poke|p2|Mandibuzz, F|\n|poke|p2|Mew|\n|poke|p2|Meloetta|\n|teampreview\n|j|%Iolanthe\n|inactive|Battle timer is ON: inactive players will automatically lose when time's up. (requested by TheTrueLtaker)\n|c|\u2606TheTrueLtaker|Glhf\n|c|\u2606Pure Hackmons|hf\n|\n|t:|1699374306\n|start\n|switch|p1a: Goodra|Goodra, M|100\/100\n|switch|p2a: Mandibuzz|Mandibuzz, F|100\/100\n|-start|p2a: Mandibuzz|typechange|Dark\/Poison|[silent]\n|-start|p1a: Goodra|typechange|Dark\/Poison|[silent]\n|-start|p1a: Goodra|typechange|Dark\/Poison|[silent]\n|-start|p2a: Mandibuzz|typechange|Dark\/Poison|[silent]\n|turn|1\n|l|%Iolanthe\n|\n|t:|1699374313\n|move|p2a: Mandibuzz|U-turn|p1a: Goodra\n|-damage|p1a: Goodra|86\/100\n|\n|t:|1699374329\n|switch|p2a: Meloetta|Meloetta|100\/100|[from] U-turn\n|-start|p2a: Meloetta|typechange|Ghost\/Normal|[silent]\n|move|p1a: Goodra|Knock Off|p2a: Meloetta\n|-supereffective|p2a: Meloetta\n|-damage|p2a: Meloetta|32\/100\n|-enditem|p2a: Meloetta|Assault Vest|[from] move: Knock Off|[of] p1a: Goodra\n|\n|upkeep\n|-start|p2a: Meloetta|typechange|Ghost\/Normal|[silent]\n|turn|2\n|\n|t:|1699374332\n|move|p2a: Meloetta|U-turn|p1a: Goodra\n|-damage|p1a: Goodra|71\/100\n|c|\u2606TheTrueLtaker|Why did i\n|c|\u2606Pure Hackmons|,\n|\n|t:|1699374341\n|switch|p2a: Shaymin|Shaymin-Sky|100\/100|[from] U-turn\n|-start|p2a: Shaymin|typechange|Ground\/Grass|[silent]\n|move|p1a: Goodra|Knock Off|p2a: Shaymin\n|-damage|p2a: Shaymin|56\/100\n|-enditem|p2a: Shaymin|Life Orb|[from] move: Knock Off|[of] p1a: Goodra\n|\n|upkeep\n|-start|p2a: Shaymin|typechange|Ground\/Grass|[silent]\n|turn|3\n|\n|t:|1699374349\n|move|p2a: Shaymin|Earth Power|p1a: Goodra\n|-supereffective|p1a: Goodra\n|-damage|p1a: Goodra|37\/100\n|move|p1a: Goodra|Dragon Tail|p2a: Shaymin\n|-damage|p2a: Shaymin|40\/100\n|drag|p2a: Mew|Mew|100\/100\n|-start|p2a: Mew|typechange|Fire\/Flying|[silent]\n|\n|upkeep\n|-start|p2a: Mew|typechange|Fire\/Flying|[silent]\n|turn|4\n|c|\u2606TheTrueLtaker|Selling so hard\n|\n|t:|1699374361\n|switch|p1a: Mandibuzz|Mandibuzz, F|100\/100\n|-start|p1a: Mandibuzz|typechange|Poison\/Dark|[silent]\n|move|p2a: Mew|Flare Blitz|p1a: Mandibuzz\n|-damage|p1a: Mandibuzz|65\/100\n|\n|-heal|p1a: Mandibuzz|71\/100|[from] item: Black Sludge\n|upkeep\n|-start|p1a: Mandibuzz|typechange|Poison\/Dark|[silent]\n|turn|5\n|\n|t:|1699374367\n|move|p2a: Mew|Swords Dance|p2a: Mew\n|-boost|p2a: Mew|atk|2\n|move|p1a: Mandibuzz|Roost|p1a: Mandibuzz\n|-heal|p1a: Mandibuzz|100\/100\n|-singleturn|p1a: Mandibuzz|move: Roost\n|\n|upkeep\n|turn|6\n|\n|t:|1699374370\n|switch|p2a: Ursaluna|Ursaluna-Bloodmoon, M|100\/100\n|-start|p2a: Ursaluna|typechange|Fairy\/Ground|[silent]\n|move|p1a: Mandibuzz|Foul Play|p2a: Ursaluna\n|-resisted|p2a: Ursaluna\n|-damage|p2a: Ursaluna|94\/100\n|\n|-heal|p2a: Ursaluna|99\/100|[from] item: Leftovers\n|upkeep\n|-start|p2a: Ursaluna|typechange|Fairy\/Ground|[silent]\n|turn|7\n|\n|t:|1699374377\n|switch|p1a: Goodra|Goodra, M|70\/100\n|-start|p1a: Goodra|typechange|Dark\/Poison|[silent]\n|move|p2a: Ursaluna|Blood Moon|p1a: Goodra\n|-damage|p1a: Goodra|37\/100\n|\n|-heal|p2a: Ursaluna|100\/100|[from] item: Leftovers\n|upkeep\n|-start|p1a: Goodra|typechange|Dark\/Poison|[silent]\n|turn|8\n|\n|t:|1699374382\n|move|p1a: Goodra|Knock Off|p2a: Ursaluna\n|-resisted|p2a: Ursaluna\n|-damage|p2a: Ursaluna|88\/100\n|-enditem|p2a: Ursaluna|Leftovers|[from] move: Knock Off|[of] p1a: Goodra\n|move|p2a: Ursaluna|Calm Mind|p2a: Ursaluna\n|-boost|p2a: Ursaluna|spa|1\n|-boost|p2a: Ursaluna|spd|1\n|\n|upkeep\n|turn|9\n|\n|t:|1699374388\n|switch|p1a: Blissey|Blissey, F|100\/100\n|-start|p1a: Blissey|typechange|Ghost\/Normal|[silent]\n|move|p2a: Ursaluna|Blood Moon|p1a: Blissey\n|-damage|p1a: Blissey|71\/100\n|\n|-heal|p1a: Blissey|77\/100|[from] item: Leftovers\n|upkeep\n|-start|p1a: Blissey|typechange|Ghost\/Normal|[silent]\n|turn|10\n|\n|t:|1699374395\n|switch|p2a: Meloetta|Meloetta|65\/100\n|-start|p2a: Meloetta|typechange|Ghost\/Normal|[silent]\n|move|p1a: Blissey|Shadow Ball|p2a: Meloetta\n|-immune|p2a: Meloetta\n|\n|-heal|p1a: Blissey|83\/100|[from] item: Leftovers\n|upkeep\n|-start|p2a: Meloetta|typechange|Ghost\/Normal|[silent]\n|turn|11\n|\n|t:|1699374398\n|switch|p1a: Goodra|Goodra, M|70\/100\n|-start|p1a: Goodra|typechange|Dark\/Poison|[silent]\n|move|p2a: Meloetta|Knock Off|p1a: Goodra\n|-resisted|p1a: Goodra\n|-damage|p1a: Goodra|60\/100\n|-enditem|p1a: Goodra|Assault Vest|[from] move: Knock Off|[of] p2a: Meloetta\n|\n|upkeep\n|-start|p1a: Goodra|typechange|Dark\/Poison|[silent]\n|turn|12\n|\n|t:|1699374402\n|move|p2a: Meloetta|U-turn|p1a: Goodra\n|-damage|p1a: Goodra|47\/100\n|\n|t:|1699374409\n|switch|p2a: Mandibuzz|Mandibuzz, F|100\/100|[from] U-turn\n|-start|p2a: Mandibuzz|typechange|Dark\/Poison|[silent]\n|move|p1a: Goodra|Sludge Bomb|p2a: Mandibuzz\n|-resisted|p2a: Mandibuzz\n|-damage|p2a: Mandibuzz|86\/100\n|\n|-heal|p2a: Mandibuzz|92\/100|[from] item: Black Sludge\n|upkeep\n|-start|p2a: Mandibuzz|typechange|Dark\/Poison|[silent]\n|turn|13\n|\n|t:|1699374413\n|move|p2a: Mandibuzz|U-turn|p1a: Goodra\n|-damage|p1a: Goodra|33\/100\n|\n|t:|1699374415\n|switch|p2a: Ogerpon|Ogerpon-Wellspring, F|100\/100|[from] U-turn\n|-start|p2a: Ogerpon|typechange|Fairy\/Dark|[silent]\n|-ability|p2a: Ogerpon|Sword of Ruin\n|move|p1a: Goodra|Knock Off|p2a: Ogerpon\n|-resisted|p2a: Ogerpon\n|-damage|p2a: Ogerpon|94\/100\n|\n|upkeep\n|-start|p2a: Ogerpon|typechange|Fairy\/Dark|[silent]\n|turn|14\n|\n|t:|1699374421\n|switch|p1a: Avalugg|Avalugg, M|100\/100\n|-start|p1a: Avalugg|typechange|Steel\/Fighting|[silent]\n|-ability|p1a: Avalugg|Intimidate|boost\n|-unboost|p2a: Ogerpon|atk|1\n|move|p2a: Ogerpon|Play Rough|p1a: Avalugg\n|-damage|p1a: Avalugg|81\/100\n|-unboost|p1a: Avalugg|atk|1\n|\n|-heal|p1a: Avalugg|88\/100|[from] item: Leftovers\n|upkeep\n|-start|p1a: Avalugg|typechange|Steel\/Fighting|[silent]\n|turn|15\n|\n|t:|1699374428\n|move|p2a: Ogerpon|Knock Off|p1a: Avalugg\n|-resisted|p1a: Avalugg\n|-damage|p1a: Avalugg|76\/100\n|-enditem|p1a: Avalugg|Leftovers|[from] move: Knock Off|[of] p2a: Ogerpon\n|move|p1a: Avalugg|Heavy Slam|p2a: Ogerpon\n|-supereffective|p2a: Ogerpon\n|-damage|p2a: Ogerpon|6\/100\n|\n|upkeep\n|turn|16\n|\n|t:|1699374435\n|switch|p2a: Mandibuzz|Mandibuzz, F|92\/100\n|-start|p2a: Mandibuzz|typechange|Dark\/Poison|[silent]\n|move|p1a: Avalugg|Body Press|p2a: Mandibuzz\n|-damage|p2a: Mandibuzz|58\/100\n|\n|-heal|p2a: Mandibuzz|64\/100|[from] item: Black Sludge\n|upkeep\n|-start|p2a: Mandibuzz|typechange|Dark\/Poison|[silent]\n|turn|17\n|\n|t:|1699374441\n|switch|p1a: Goodra|Goodra, M|67\/100\n|-start|p1a: Goodra|typechange|Dark\/Poison|[silent]\n|move|p2a: Mandibuzz|U-turn|p1a: Goodra\n|-damage|p1a: Goodra|54\/100\n|\n|t:|1699374443\n|switch|p2a: Ursaluna|Ursaluna-Bloodmoon, M|88\/100|[from] U-turn\n|-start|p2a: Ursaluna|typechange|Fairy\/Ground|[silent]\n|\n|upkeep\n|-start|p1a: Goodra|typechange|Dark\/Poison|[silent]\n|-start|p2a: Ursaluna|typechange|Fairy\/Ground|[silent]\n|turn|18\n|\n|t:|1699374446\n|switch|p1a: Blissey|Blissey, F|83\/100\n|-start|p1a: Blissey|typechange|Ghost\/Normal|[silent]\n|move|p2a: Ursaluna|Calm Mind|p2a: Ursaluna\n|-boost|p2a: Ursaluna|spa|1\n|-boost|p2a: Ursaluna|spd|1\n|\n|-heal|p1a: Blissey|89\/100|[from] item: Leftovers\n|upkeep\n|-start|p1a: Blissey|typechange|Ghost\/Normal|[silent]\n|turn|19\n|\n|t:|1699374452\n|move|p1a: Blissey|Seismic Toss|p2a: Ursaluna\n|-damage|p2a: Ursaluna|65\/100\n|move|p2a: Ursaluna|Blood Moon|p1a: Blissey\n|-damage|p1a: Blissey|60\/100\n|\n|-heal|p1a: Blissey|66\/100|[from] item: Leftovers\n|upkeep\n|turn|20\n|j| Nh7\n|\n|t:|1699374459\n|switch|p2a: Meloetta|Meloetta|99\/100\n|-start|p2a: Meloetta|typechange|Ghost\/Normal|[silent]\n|move|p1a: Blissey|Shadow Ball|p2a: Meloetta\n|-immune|p2a: Meloetta\n|\n|-heal|p1a: Blissey|72\/100|[from] item: Leftovers\n|upkeep\n|-start|p2a: Meloetta|typechange|Ghost\/Normal|[silent]\n|turn|21\n|\n|t:|1699374476\n|switch|p1a: Goodra|Goodra, M|87\/100\n|-start|p1a: Goodra|typechange|Dark\/Poison|[silent]\n|move|p2a: Meloetta|U-turn|p1a: Goodra\n|-damage|p1a: Goodra|73\/100\n|c| Nh7|what a type\n|c| Nh7|ghost and normal\n|\n|t:|1699374494\n|switch|p2a: Ogerpon|Ogerpon-Wellspring, F|6\/100|[from] U-turn\n|-start|p2a: Ogerpon|typechange|Fairy\/Dark|[silent]\n|-ability|p2a: Ogerpon|Sword of Ruin\n|\n|upkeep\n|-start|p1a: Goodra|typechange|Dark\/Poison|[silent]\n|-start|p2a: Ogerpon|typechange|Fairy\/Dark|[silent]\n|turn|22\n|\n|t:|1699374501\n|switch|p1a: Avalugg|Avalugg, M|76\/100\n|-start|p1a: Avalugg|typechange|Steel\/Fighting|[silent]\n|-ability|p1a: Avalugg|Intimidate|boost\n|-unboost|p2a: Ogerpon|atk|1\n|move|p2a: Ogerpon|Play Rough|p1a: Avalugg\n|-damage|p1a: Avalugg|57\/100\n|\n|upkeep\n|-start|p1a: Avalugg|typechange|Steel\/Fighting|[silent]\n|turn|23\n|\n|t:|1699374506\n|switch|p2a: Mew|Mew|100\/100\n|-start|p2a: Mew|typechange|Fire\/Flying|[silent]\n|move|p1a: Avalugg|Recover|p1a: Avalugg\n|-heal|p1a: Avalugg|100\/100\n|\n|upkeep\n|-start|p2a: Mew|typechange|Fire\/Flying|[silent]\n|turn|24\n|\n|t:|1699374515\n|switch|p1a: Mandibuzz|Mandibuzz, F|100\/100\n|-start|p1a: Mandibuzz|typechange|Poison\/Dark|[silent]\n|move|p2a: Mew|Swords Dance|p2a: Mew\n|-boost|p2a: Mew|atk|2\n|\n|upkeep\n|-start|p1a: Mandibuzz|typechange|Poison\/Dark|[silent]\n|turn|25\n|c| Nh7|fire flying mew ...\n|\n|t:|1699374520\n|switch|p2a: Ursaluna|Ursaluna-Bloodmoon, M|65\/100\n|-start|p2a: Ursaluna|typechange|Fairy\/Ground|[silent]\n|move|p1a: Mandibuzz|Foul Play|p2a: Ursaluna\n|-resisted|p2a: Ursaluna\n|-damage|p2a: Ursaluna|59\/100\n|\n|upkeep\n|-start|p2a: Ursaluna|typechange|Fairy\/Ground|[silent]\n|turn|26\n|c|\u2606TheTrueLtaker|It's lowkey not bad\n|c| Nh7|fairy ground ursaluna\n|\n|t:|1699374536\n|switch|p1a: Blissey|Blissey, F|72\/100\n|-start|p1a: Blissey|typechange|Ghost\/Normal|[silent]\n|move|p2a: Ursaluna|Calm Mind|p2a: Ursaluna\n|-boost|p2a: Ursaluna|spa|1\n|-boost|p2a: Ursaluna|spd|1\n|\n|-heal|p1a: Blissey|78\/100|[from] item: Leftovers\n|upkeep\n|-start|p1a: Blissey|typechange|Ghost\/Normal|[silent]\n|turn|27\n|c| Nh7|its really not bad\n|\n|t:|1699374542\n|move|p1a: Blissey|Shadow Ball|p2a: Ursaluna\n|-damage|p2a: Ursaluna|36\/100\n|move|p2a: Ursaluna|Earth Power|p1a: Blissey\n|-crit|p1a: Blissey\n|-damage|p1a: Blissey|53\/100\n|\n|-heal|p1a: Blissey|59\/100|[from] item: Leftovers\n|upkeep\n|turn|28\n|\n|t:|1699374548\n|move|p1a: Blissey|Shadow Ball|p2a: Ursaluna\n|-damage|p2a: Ursaluna|13\/100\n|move|p2a: Ursaluna|Moonlight|p2a: Ursaluna\n|-heal|p2a: Ursaluna|63\/100\n|\n|-heal|p1a: Blissey|65\/100|[from] item: Leftovers\n|upkeep\n|turn|29\n|\n|t:|1699374553\n|move|p1a: Blissey|Shadow Ball|p2a: Ursaluna\n|-damage|p2a: Ursaluna|37\/100\n|move|p2a: Ursaluna|Earth Power|p1a: Blissey\n|-damage|p1a: Blissey|49\/100\n|\n|-heal|p1a: Blissey|55\/100|[from] item: Leftovers\n|upkeep\n|turn|30\n|\n|t:|1699374558\n|move|p1a: Blissey|Shadow Ball|p2a: Ursaluna\n|-damage|p2a: Ursaluna|14\/100\n|move|p2a: Ursaluna|Moonlight|p2a: Ursaluna\n|-heal|p2a: Ursaluna|64\/100\n|\n|-heal|p1a: Blissey|62\/100|[from] item: Leftovers\n|upkeep\n|turn|31\n|\n|t:|1699374564\n|switch|p2a: Meloetta|Meloetta|100\/100\n|-start|p2a: Meloetta|typechange|Ghost\/Normal|[silent]\n|move|p1a: Blissey|Shadow Ball|p2a: Meloetta\n|-immune|p2a: Meloetta\n|\n|-heal|p1a: Blissey|68\/100|[from] item: Leftovers\n|upkeep\n|-start|p2a: Meloetta|typechange|Ghost\/Normal|[silent]\n|turn|32\n|\n|t:|1699374573\n|switch|p1a: Goodra|Goodra, M|100\/100\n|-start|p1a: Goodra|typechange|Dark\/Poison|[silent]\n|move|p2a: Meloetta|U-turn|p1a: Goodra\n|-damage|p1a: Goodra|86\/100\n|\n|t:|1699374579\n|switch|p2a: Ogerpon|Ogerpon-Wellspring, F|6\/100|[from] U-turn\n|-start|p2a: Ogerpon|typechange|Fairy\/Dark|[silent]\n|-ability|p2a: Ogerpon|Sword of Ruin\n|\n|upkeep\n|-start|p1a: Goodra|typechange|Dark\/Poison|[silent]\n|-start|p2a: Ogerpon|typechange|Fairy\/Dark|[silent]\n|turn|33\n|\n|t:|1699374584\n|switch|p1a: Avalugg|Avalugg, M|100\/100\n|-start|p1a: Avalugg|typechange|Steel\/Fighting|[silent]\n|-ability|p1a: Avalugg|Intimidate|boost\n|-unboost|p2a: Ogerpon|atk|1\n|move|p2a: Ogerpon|Play Rough|p1a: Avalugg\n|-damage|p1a: Avalugg|81\/100\n|\n|upkeep\n|-start|p1a: Avalugg|typechange|Steel\/Fighting|[silent]\n|turn|34\n|\n|t:|1699374594\n|switch|p2a: Meloetta|Meloetta|100\/100\n|-start|p2a: Meloetta|typechange|Ghost\/Normal|[silent]\n|move|p1a: Avalugg|Heavy Slam|p2a: Meloetta\n|-damage|p2a: Meloetta|54\/100\n|\n|upkeep\n|-start|p2a: Meloetta|typechange|Ghost\/Normal|[silent]\n|turn|35\n|\n|t:|1699374599\n|switch|p1a: Goodra|Goodra, M|100\/100\n|-start|p1a: Goodra|typechange|Dark\/Poison|[silent]\n|move|p2a: Meloetta|Shadow Ball|p1a: Goodra\n|-resisted|p1a: Goodra\n|-damage|p1a: Goodra|93\/100\n|\n|upkeep\n|-start|p1a: Goodra|typechange|Dark\/Poison|[silent]\n|turn|36\n|\n|t:|1699374606\n|switch|p2a: Mandibuzz|Mandibuzz, F|64\/100\n|-start|p2a: Mandibuzz|typechange|Dark\/Poison|[silent]\n|move|p1a: Goodra|Knock Off|p2a: Mandibuzz\n|-resisted|p2a: Mandibuzz\n|-damage|p2a: Mandibuzz|56\/100\n|-enditem|p2a: Mandibuzz|Black Sludge|[from] move: Knock Off|[of] p1a: Goodra\n|\n|upkeep\n|-start|p2a: Mandibuzz|typechange|Dark\/Poison|[silent]\n|turn|37\n|\n|t:|1699374609\n|move|p2a: Mandibuzz|Roost|p2a: Mandibuzz\n|-heal|p2a: Mandibuzz|100\/100\n|-singleturn|p2a: Mandibuzz|move: Roost\n|move|p1a: Goodra|Scald|p2a: Mandibuzz\n|-damage|p2a: Mandibuzz|84\/100\n|\n|upkeep\n|turn|38\n|\n|t:|1699374614\n|move|p2a: Mandibuzz|U-turn|p1a: Goodra\n|-damage|p1a: Goodra|79\/100\n|\n|t:|1699374616\n|switch|p2a: Meloetta|Meloetta|87\/100|[from] U-turn\n|-start|p2a: Meloetta|typechange|Ghost\/Normal|[silent]\n|move|p1a: Goodra|Scald|p2a: Meloetta\n|-damage|p2a: Meloetta|77\/100\n|\n|upkeep\n|-start|p2a: Meloetta|typechange|Ghost\/Normal|[silent]\n|turn|39\n|\n|t:|1699374619\n|move|p2a: Meloetta|U-turn|p1a: Goodra\n|-crit|p1a: Goodra\n|-damage|p1a: Goodra|58\/100\n|\n|t:|1699374622\n|switch|p2a: Mandibuzz|Mandibuzz, F|84\/100|[from] U-turn\n|-start|p2a: Mandibuzz|typechange|Dark\/Poison|[silent]\n|move|p1a: Goodra|Scald|p2a: Mandibuzz\n|-damage|p2a: Mandibuzz|68\/100\n|\n|upkeep\n|-start|p2a: Mandibuzz|typechange|Dark\/Poison|[silent]\n|turn|40\n|\n|t:|1699374631\n|move|p2a: Mandibuzz|U-turn|p1a: Goodra\n|-damage|p1a: Goodra|45\/100\n|\n|t:|1699374634\n|switch|p2a: Meloetta|Meloetta|100\/100|[from] U-turn\n|-start|p2a: Meloetta|typechange|Ghost\/Normal|[silent]\n|move|p1a: Goodra|Scald|p2a: Meloetta\n|-damage|p2a: Meloetta|91\/100\n|\n|upkeep\n|-start|p2a: Meloetta|typechange|Ghost\/Normal|[silent]\n|turn|41\n|\n|t:|1699374641\n|switch|p1a: Ursaluna|Ursaluna-Bloodmoon, M|100\/100\n|-start|p1a: Ursaluna|typechange|Normal\/Fairy|[silent]\n|move|p2a: Meloetta|U-turn|p1a: Ursaluna\n|-resisted|p1a: Ursaluna\n|-crit|p1a: Ursaluna\n|-damage|p1a: Ursaluna|98\/100\n|\n|t:|1699374649\n|switch|p2a: Ursaluna|Ursaluna-Bloodmoon, M|64\/100|[from] U-turn\n|-start|p2a: Ursaluna|typechange|Fairy\/Ground|[silent]\n|\n|-heal|p1a: Ursaluna|100\/100|[from] item: Leftovers\n|upkeep\n|-start|p1a: Ursaluna|typechange|Normal\/Fairy|[silent]\n|-start|p2a: Ursaluna|typechange|Fairy\/Ground|[silent]\n|turn|42\n|\n|t:|1699374653\n|switch|p1a: Goodra|Goodra, M|78\/100\n|-start|p1a: Goodra|typechange|Dark\/Poison|[silent]\n|move|p2a: Ursaluna|Calm Mind|p2a: Ursaluna\n|-boost|p2a: Ursaluna|spa|1\n|-boost|p2a: Ursaluna|spd|1\n|\n|upkeep\n|-start|p1a: Goodra|typechange|Dark\/Poison|[silent]\n|turn|43\n|\n|t:|1699374659\n|switch|p1a: Blissey|Blissey, F|68\/100\n|-start|p1a: Blissey|typechange|Ghost\/Normal|[silent]\n|move|p2a: Ursaluna|Earth Power|p1a: Blissey\n|-damage|p1a: Blissey|52\/100\n|\n|-heal|p1a: Blissey|58\/100|[from] item: Leftovers\n|upkeep\n|-start|p1a: Blissey|typechange|Ghost\/Normal|[silent]\n|turn|44\n|\n|t:|1699374664\n|move|p1a: Blissey|Shadow Ball|p2a: Ursaluna\n|-damage|p2a: Ursaluna|37\/100\n|move|p2a: Ursaluna|Calm Mind|p2a: Ursaluna\n|-boost|p2a: Ursaluna|spa|1\n|-boost|p2a: Ursaluna|spd|1\n|\n|-heal|p1a: Blissey|64\/100|[from] item: Leftovers\n|upkeep\n|turn|45\n|\n|t:|1699374670\n|move|p1a: Blissey|Shadow Ball|p2a: Ursaluna\n|-damage|p2a: Ursaluna|14\/100\n|move|p2a: Ursaluna|Moonlight|p2a: Ursaluna\n|-heal|p2a: Ursaluna|64\/100\n|\n|-heal|p1a: Blissey|70\/100|[from] item: Leftovers\n|upkeep\n|turn|46\n|c|\u2606TheTrueLtaker|K it actually is\n|\n|t:|1699374680\n|switch|p2a: Meloetta|Meloetta|100\/100\n|-start|p2a: Meloetta|typechange|Ghost\/Normal|[silent]\n|move|p1a: Blissey|Shadow Ball|p2a: Meloetta\n|-immune|p2a: Meloetta\n|\n|-heal|p1a: Blissey|77\/100|[from] item: Leftovers\n|upkeep\n|-start|p2a: Meloetta|typechange|Ghost\/Normal|[silent]\n|turn|47\n|\n|t:|1699374687\n|switch|p1a: Goodra|Goodra, M|100\/100\n|-start|p1a: Goodra|typechange|Dark\/Poison|[silent]\n|move|p2a: Meloetta|U-turn|p1a: Goodra\n|-damage|p1a: Goodra|88\/100\n|\n|t:|1699374691\n|switch|p2a: Mew|Mew|100\/100|[from] U-turn\n|-start|p2a: Mew|typechange|Fire\/Flying|[silent]\n|\n|upkeep\n|-start|p1a: Goodra|typechange|Dark\/Poison|[silent]\n|-start|p2a: Mew|typechange|Fire\/Flying|[silent]\n|turn|48\n|\n|t:|1699374697\n|move|p2a: Mew|Flare Blitz|p1a: Goodra\n|-damage|p1a: Goodra|10\/100\n|move|p1a: Goodra|Dragon Tail|p2a: Mew\n|-damage|p2a: Mew|87\/100\n|drag|p2a: Ogerpon|Ogerpon-Wellspring, F|6\/100\n|-start|p2a: Ogerpon|typechange|Fairy\/Dark|[silent]\n|-ability|p2a: Ogerpon|Sword of Ruin\n|\n|upkeep\n|-start|p2a: Ogerpon|typechange|Fairy\/Dark|[silent]\n|turn|49\n|\n|t:|1699374705\n|switch|p2a: Mew|Mew|87\/100\n|-start|p2a: Mew|typechange|Fire\/Flying|[silent]\n|switch|p1a: Ursaluna|Ursaluna-Bloodmoon, M|100\/100\n|-start|p1a: Ursaluna|typechange|Normal\/Fairy|[silent]\n|\n|upkeep\n|-start|p1a: Ursaluna|typechange|Normal\/Fairy|[silent]\n|-start|p2a: Mew|typechange|Fire\/Flying|[silent]\n|turn|50\n|\n|t:|1699374709\n|move|p2a: Mew|Swords Dance|p2a: Mew\n|-boost|p2a: Mew|atk|2\n|move|p1a: Ursaluna|Blood Moon|p2a: Mew\n|-damage|p2a: Mew|28\/100\n|\n|upkeep\n|turn|51\n|\n|t:|1699374719\n|switch|p1a: Empoleon|Empoleon, M|100\/100\n|-start|p1a: Empoleon|typechange|Steel\/Flying|[silent]\n|move|p2a: Mew|Flare Blitz|p1a: Empoleon\n|-ability|p1a: Empoleon|Well-Baked Body|boost\n|-boost|p1a: Empoleon|def|2\n|\n|upkeep\n|-start|p1a: Empoleon|typechange|Steel\/Flying|[silent]\n|turn|52\n|\n|t:|1699374731\n|switch|p2a: Mandibuzz|Mandibuzz, F|68\/100\n|-start|p2a: Mandibuzz|typechange|Dark\/Poison|[silent]\n|move|p1a: Empoleon|Stealth Rock|p2a: Mandibuzz\n|-sidestart|p2: TheTrueLtaker|move: Stealth Rock\n|\n|upkeep\n|-start|p2a: Mandibuzz|typechange|Dark\/Poison|[silent]\n|turn|53\n|\n|t:|1699374737\n|switch|p1a: Goodra|Goodra, M|43\/100\n|-start|p1a: Goodra|typechange|Dark\/Poison|[silent]\n|move|p2a: Mandibuzz|U-turn|p1a: Goodra\n|-damage|p1a: Goodra|30\/100\n|\n|t:|1699374739\n|switch|p2a: Mew|Mew|28\/100|[from] U-turn\n|-start|p2a: Mew|typechange|Fire\/Flying|[silent]\n|\n|upkeep\n|-start|p1a: Goodra|typechange|Dark\/Poison|[silent]\n|-start|p2a: Mew|typechange|Fire\/Flying|[silent]\n|turn|54\n|\n|t:|1699374743\n|switch|p1a: Mandibuzz|Mandibuzz, F|100\/100\n|-start|p1a: Mandibuzz|typechange|Poison\/Dark|[silent]\n|move|p2a: Mew|Wild Charge|p1a: Mandibuzz\n|-damage|p1a: Mandibuzz|81\/100\n|\n|-heal|p1a: Mandibuzz|87\/100|[from] item: Black Sludge\n|upkeep\n|-start|p1a: Mandibuzz|typechange|Poison\/Dark|[silent]\n|turn|55\n|\n|t:|1699374751\n|switch|p2a: Mandibuzz|Mandibuzz, F|68\/100\n|-start|p2a: Mandibuzz|typechange|Dark\/Poison|[silent]\n|-damage|p2a: Mandibuzz|56\/100|[from] Stealth Rock\n|move|p1a: Mandibuzz|Foul Play|p2a: Mandibuzz\n|-resisted|p2a: Mandibuzz\n|-damage|p2a: Mandibuzz|50\/100\n|\n|-heal|p1a: Mandibuzz|93\/100|[from] item: Black Sludge\n|upkeep\n|-start|p2a: Mandibuzz|typechange|Dark\/Poison|[silent]\n|turn|56\n|\n|t:|1699374754\n|switch|p1a: Goodra|Goodra, M|63\/100\n|-start|p1a: Goodra|typechange|Dark\/Poison|[silent]\n|move|p2a: Mandibuzz|Roost|p2a: Mandibuzz\n|-heal|p2a: Mandibuzz|99\/100\n|-singleturn|p2a: Mandibuzz|move: Roost\n|\n|upkeep\n|-start|p1a: Goodra|typechange|Dark\/Poison|[silent]\n|turn|57\n|\n|t:|1699374758\n|switch|p1a: Mandibuzz|Mandibuzz, F|93\/100\n|-start|p1a: Mandibuzz|typechange|Poison\/Dark|[silent]\n|move|p2a: Mandibuzz|U-turn|p1a: Mandibuzz\n|-damage|p1a: Mandibuzz|87\/100\n|\n|t:|1699374760\n|switch|p2a: Ursaluna|Ursaluna-Bloodmoon, M|64\/100|[from] U-turn\n|-start|p2a: Ursaluna|typechange|Fairy\/Ground|[silent]\n|-damage|p2a: Ursaluna|58\/100|[from] Stealth Rock\n|\n|-heal|p1a: Mandibuzz|93\/100|[from] item: Black Sludge\n|upkeep\n|-start|p1a: Mandibuzz|typechange|Poison\/Dark|[silent]\n|-start|p2a: Ursaluna|typechange|Fairy\/Ground|[silent]\n|turn|58\n|\n|t:|1699374767\n|switch|p1a: Goodra|Goodra, M|97\/100\n|-start|p1a: Goodra|typechange|Dark\/Poison|[silent]\n|switch|p2a: Mew|Mew|28\/100\n|-start|p2a: Mew|typechange|Fire\/Flying|[silent]\n|\n|upkeep\n|-start|p1a: Goodra|typechange|Dark\/Poison|[silent]\n|-start|p2a: Mew|typechange|Fire\/Flying|[silent]\n|turn|59\n|\n|t:|1699374775\n|switch|p1a: Ursaluna|Ursaluna-Bloodmoon, M|100\/100\n|-start|p1a: Ursaluna|typechange|Normal\/Fairy|[silent]\n|move|p2a: Mew|Brave Bird|p1a: Ursaluna\n|-damage|p1a: Ursaluna|83\/100\n|\n|-heal|p1a: Ursaluna|89\/100|[from] item: Leftovers\n|upkeep\n|-start|p1a: Ursaluna|typechange|Normal\/Fairy|[silent]\n|turn|60\n|\n|t:|1699374783\n|switch|p2a: Meloetta|Meloetta|100\/100\n|-start|p2a: Meloetta|typechange|Ghost\/Normal|[silent]\n|-damage|p2a: Meloetta|88\/100|[from] Stealth Rock\n|move|p1a: Ursaluna|Moonblast|p2a: Meloetta\n|-damage|p2a: Meloetta|66\/100\n|\n|-heal|p1a: Ursaluna|95\/100|[from] item: Leftovers\n|upkeep\n|-start|p2a: Meloetta|typechange|Ghost\/Normal|[silent]\n|turn|61\n|\n|t:|1699374789\n|switch|p1a: Goodra|Goodra, M|100\/100\n|-start|p1a: Goodra|typechange|Dark\/Poison|[silent]\n|move|p2a: Meloetta|Knock Off|p1a: Goodra\n|-resisted|p1a: Goodra\n|-damage|p1a: Goodra|94\/100\n|\n|upkeep\n|-start|p1a: Goodra|typechange|Dark\/Poison|[silent]\n|turn|62\n|\n|t:|1699374797\n|move|p2a: Meloetta|U-turn|p1a: Goodra\n|-damage|p1a: Goodra|79\/100\n|\n|t:|1699374806\n|switch|p2a: Mandibuzz|Mandibuzz, F|99\/100|[from] U-turn\n|-start|p2a: Mandibuzz|typechange|Dark\/Poison|[silent]\n|-damage|p2a: Mandibuzz|87\/100|[from] Stealth Rock\n|move|p1a: Goodra|Sludge Bomb|p2a: Mandibuzz\n|-resisted|p2a: Mandibuzz\n|-damage|p2a: Mandibuzz|72\/100\n|\n|upkeep\n|-start|p2a: Mandibuzz|typechange|Dark\/Poison|[silent]\n|turn|63\n|\n|t:|1699374812\n|move|p2a: Mandibuzz|U-turn|p1a: Goodra\n|-damage|p1a: Goodra|65\/100\n|\n|t:|1699374814\n|switch|p2a: Ogerpon|Ogerpon-Wellspring, F|6\/100|[from] U-turn\n|-start|p2a: Ogerpon|typechange|Fairy\/Dark|[silent]\n|-damage|p2a: Ogerpon|0 fnt|[from] Stealth Rock\n|faint|p2a: Ogerpon\n|move|p1a: Goodra|Scald|p2: Ogerpon|[notarget]\n|-fail|p1a: Goodra\n|\n|upkeep\n|\n|t:|1699374816\n|switch|p2a: Mew|Mew|28\/100\n|-start|p2a: Mew|typechange|Fire\/Flying|[silent]\n|-start|p2a: Mew|typechange|Fire\/Flying|[silent]\n|turn|64\n|\n|t:|1699374822\n|switch|p1a: Mandibuzz|Mandibuzz, F|93\/100\n|-start|p1a: Mandibuzz|typechange|Poison\/Dark|[silent]\n|move|p2a: Mew|Flare Blitz|p1a: Mandibuzz\n|-damage|p1a: Mandibuzz|55\/100\n|\n|-heal|p1a: Mandibuzz|61\/100|[from] item: Black Sludge\n|upkeep\n|-start|p1a: Mandibuzz|typechange|Poison\/Dark|[silent]\n|turn|65\n|\n|t:|1699374832\n|switch|p2a: Ursaluna|Ursaluna-Bloodmoon, M|58\/100\n|-start|p2a: Ursaluna|typechange|Fairy\/Ground|[silent]\n|-damage|p2a: Ursaluna|52\/100|[from] Stealth Rock\n|move|p1a: Mandibuzz|Roost|p1a: Mandibuzz\n|-heal|p1a: Mandibuzz|100\/100\n|-singleturn|p1a: Mandibuzz|move: Roost\n|\n|upkeep\n|-start|p2a: Ursaluna|typechange|Fairy\/Ground|[silent]\n|turn|66\n|\n|t:|1699374838\n|switch|p1a: Goodra|Goodra, M|99\/100\n|-start|p1a: Goodra|typechange|Dark\/Poison|[silent]\n|move|p2a: Ursaluna|Blood Moon|p1a: Goodra\n|-damage|p1a: Goodra|48\/100\n|\n|upkeep\n|-start|p1a: Goodra|typechange|Dark\/Poison|[silent]\n|turn|67\n|\n|t:|1699374843\n|switch|p1a: Blissey|Blissey, F|77\/100\n|-start|p1a: Blissey|typechange|Ghost\/Normal|[silent]\n|move|p2a: Ursaluna|Earth Power|p1a: Blissey\n|-damage|p1a: Blissey|61\/100\n|-unboost|p1a: Blissey|spd|1\n|\n|-heal|p1a: Blissey|68\/100|[from] item: Leftovers\n|upkeep\n|-start|p1a: Blissey|typechange|Ghost\/Normal|[silent]\n|turn|68\n|\n|t:|1699374850\n|switch|p1a: Goodra|Goodra, M|82\/100\n|-start|p1a: Goodra|typechange|Dark\/Poison|[silent]\n|move|p2a: Ursaluna|Earth Power|p1a: Goodra\n|-supereffective|p1a: Goodra\n|-damage|p1a: Goodra|32\/100\n|\n|upkeep\n|-start|p1a: Goodra|typechange|Dark\/Poison|[silent]\n|turn|69\n|\n|t:|1699374855\n|switch|p1a: Blissey|Blissey, F|68\/100\n|-start|p1a: Blissey|typechange|Ghost\/Normal|[silent]\n|move|p2a: Ursaluna|Earth Power|p1a: Blissey\n|-damage|p1a: Blissey|51\/100\n|\n|-heal|p1a: Blissey|58\/100|[from] item: Leftovers\n|upkeep\n|-start|p1a: Blissey|typechange|Ghost\/Normal|[silent]\n|turn|70\n|\n|t:|1699374862\n|move|p1a: Blissey|Shadow Ball|p2a: Ursaluna\n|-damage|p2a: Ursaluna|27\/100\n|move|p2a: Ursaluna|Earth Power|p1a: Blissey\n|-damage|p1a: Blissey|42\/100\n|\n|-heal|p1a: Blissey|49\/100|[from] item: Leftovers\n|upkeep\n|turn|71\n|\n|t:|1699374866\n|move|p1a: Blissey|Shadow Ball|p2a: Ursaluna\n|-damage|p2a: Ursaluna|4\/100\n|move|p2a: Ursaluna|Moonlight|p2a: Ursaluna\n|-heal|p2a: Ursaluna|54\/100\n|\n|-heal|p1a: Blissey|55\/100|[from] item: Leftovers\n|upkeep\n|turn|72\n|\n|t:|1699374872\n|switch|p2a: Meloetta|Meloetta|99\/100\n|-start|p2a: Meloetta|typechange|Ghost\/Normal|[silent]\n|-damage|p2a: Meloetta|87\/100|[from] Stealth Rock\n|move|p1a: Blissey|Shadow Ball|p2a: Meloetta\n|-immune|p2a: Meloetta\n|\n|-heal|p1a: Blissey|61\/100|[from] item: Leftovers\n|upkeep\n|-start|p2a: Meloetta|typechange|Ghost\/Normal|[silent]\n|turn|73\n|\n|t:|1699374874\n|switch|p1a: Goodra|Goodra, M|65\/100\n|-start|p1a: Goodra|typechange|Dark\/Poison|[silent]\n|move|p2a: Meloetta|U-turn|p1a: Goodra\n|-crit|p1a: Goodra\n|-damage|p1a: Goodra|43\/100\n|\n|t:|1699374876\n|switch|p2a: Mew|Mew|28\/100|[from] U-turn\n|-start|p2a: Mew|typechange|Fire\/Flying|[silent]\n|\n|upkeep\n|-start|p1a: Goodra|typechange|Dark\/Poison|[silent]\n|-start|p2a: Mew|typechange|Fire\/Flying|[silent]\n|turn|74\n|\n|t:|1699374881\n|switch|p1a: Ursaluna|Ursaluna-Bloodmoon, M|95\/100\n|-start|p1a: Ursaluna|typechange|Normal\/Fairy|[silent]\n|move|p2a: Mew|Brave Bird|p1a: Ursaluna\n|-damage|p1a: Ursaluna|78\/100\n|\n|-heal|p1a: Ursaluna|84\/100|[from] item: Leftovers\n|upkeep\n|-start|p1a: Ursaluna|typechange|Normal\/Fairy|[silent]\n|turn|75\n|\n|t:|1699374889\n|switch|p2a: Meloetta|Meloetta|100\/100\n|-start|p2a: Meloetta|typechange|Ghost\/Normal|[silent]\n|-damage|p2a: Meloetta|88\/100|[from] Stealth Rock\n|move|p1a: Ursaluna|Blood Moon|p2a: Meloetta\n|-immune|p2a: Meloetta\n|\n|-heal|p1a: Ursaluna|90\/100|[from] item: Leftovers\n|upkeep\n|-start|p2a: Meloetta|typechange|Ghost\/Normal|[silent]\n|turn|76\n|\n|t:|1699374893\n|switch|p1a: Goodra|Goodra, M|76\/100\n|-start|p1a: Goodra|typechange|Dark\/Poison|[silent]\n|move|p2a: Meloetta|U-turn|p1a: Goodra\n|-damage|p1a: Goodra|62\/100\n|\n|t:|1699374895\n|switch|p2a: Mew|Mew|28\/100|[from] U-turn\n|-start|p2a: Mew|typechange|Fire\/Flying|[silent]\n|\n|upkeep\n|-start|p1a: Goodra|typechange|Dark\/Poison|[silent]\n|-start|p2a: Mew|typechange|Fire\/Flying|[silent]\n|turn|77\n|\n|t:|1699374898\n|switch|p1a: Mandibuzz|Mandibuzz, F|100\/100\n|-start|p1a: Mandibuzz|typechange|Poison\/Dark|[silent]\n|move|p2a: Mew|Flare Blitz|p1a: Mandibuzz\n|-damage|p1a: Mandibuzz|61\/100\n|\n|-heal|p1a: Mandibuzz|67\/100|[from] item: Black Sludge\n|upkeep\n|-start|p1a: Mandibuzz|typechange|Poison\/Dark|[silent]\n|turn|78\n|\n|t:|1699374913\n|switch|p2a: Mandibuzz|Mandibuzz, F|72\/100\n|-start|p2a: Mandibuzz|typechange|Dark\/Poison|[silent]\n|-damage|p2a: Mandibuzz|60\/100|[from] Stealth Rock\n|move|p1a: Mandibuzz|Roost|p1a: Mandibuzz\n|-heal|p1a: Mandibuzz|100\/100\n|-singleturn|p1a: Mandibuzz|move: Roost\n|\n|upkeep\n|-start|p2a: Mandibuzz|typechange|Dark\/Poison|[silent]\n|turn|79\n|\n|t:|1699374921\n|switch|p1a: Goodra|Goodra, M|96\/100\n|-start|p1a: Goodra|typechange|Dark\/Poison|[silent]\n|move|p2a: Mandibuzz|U-turn|p1a: Goodra\n|-damage|p1a: Goodra|82\/100\n|\n|t:|1699374925\n|switch|p2a: Mew|Mew|28\/100|[from] U-turn\n|-start|p2a: Mew|typechange|Fire\/Flying|[silent]\n|\n|upkeep\n|-start|p1a: Goodra|typechange|Dark\/Poison|[silent]\n|-start|p2a: Mew|typechange|Fire\/Flying|[silent]\n|turn|80\n|\n|t:|1699374928\n|switch|p1a: Ursaluna|Ursaluna-Bloodmoon, M|90\/100\n|-start|p1a: Ursaluna|typechange|Normal\/Fairy|[silent]\n|move|p2a: Mew|Flare Blitz|p1a: Ursaluna\n|-damage|p1a: Ursaluna|57\/100\n|\n|-heal|p1a: Ursaluna|63\/100|[from] item: Leftovers\n|upkeep\n|-start|p1a: Ursaluna|typechange|Normal\/Fairy|[silent]\n|turn|81\n|c|\u2606TheTrueLtaker|Fluffy indeed\n|\n|t:|1699374940\n|switch|p2a: Meloetta|Meloetta|100\/100\n|-start|p2a: Meloetta|typechange|Ghost\/Normal|[silent]\n|-damage|p2a: Meloetta|88\/100|[from] Stealth Rock\n|move|p1a: Ursaluna|Moonblast|p2a: Meloetta\n|-damage|p2a: Meloetta|66\/100\n|\n|-heal|p1a: Ursaluna|69\/100|[from] item: Leftovers\n|upkeep\n|-start|p2a: Meloetta|typechange|Ghost\/Normal|[silent]\n|turn|82\n|c|\u2606Pure Hackmons|yep\n|\n|t:|1699374945\n|switch|p1a: Goodra|Goodra, M|100\/100\n|-start|p1a: Goodra|typechange|Dark\/Poison|[silent]\n|move|p2a: Meloetta|U-turn|p1a: Goodra\n|-damage|p1a: Goodra|86\/100\n|inactive|TheTrueLtaker has 120 seconds left.\n|\n|t:|1699374981\n|switch|p2a: Mew|Mew|28\/100|[from] U-turn\n|-start|p2a: Mew|typechange|Fire\/Flying|[silent]\n|\n|upkeep\n|-start|p1a: Goodra|typechange|Dark\/Poison|[silent]\n|-start|p2a: Mew|typechange|Fire\/Flying|[silent]\n|turn|83\n|\n|t:|1699374987\n|switch|p1a: Mandibuzz|Mandibuzz, F|100\/100\n|-start|p1a: Mandibuzz|typechange|Poison\/Dark|[silent]\n|move|p2a: Mew|Flare Blitz|p1a: Mandibuzz\n|-damage|p1a: Mandibuzz|64\/100\n|\n|-heal|p1a: Mandibuzz|70\/100|[from] item: Black Sludge\n|upkeep\n|-start|p1a: Mandibuzz|typechange|Poison\/Dark|[silent]\n|turn|84\n|\n|t:|1699374997\n|move|p2a: Mew|Brave Bird|p1a: Mandibuzz\n|-damage|p1a: Mandibuzz|31\/100\n|move|p1a: Mandibuzz|Foul Play|p2a: Mew\n|-damage|p2a: Mew|0 fnt\n|faint|p2a: Mew\n|\n|-heal|p1a: Mandibuzz|37\/100|[from] item: Black Sludge\n|upkeep\n|\n|t:|1699375005\n|switch|p2a: Shaymin|Shaymin-Sky|40\/100\n|-start|p2a: Shaymin|typechange|Ground\/Grass|[silent]\n|-damage|p2a: Shaymin|34\/100|[from] Stealth Rock\n|-start|p2a: Shaymin|typechange|Ground\/Grass|[silent]\n|turn|85\n|c|\u2606TheTrueLtaker|Misclicj\n|c|\u2606TheTrueLtaker|Crap\n|c|\u2606Pure Hackmons|rip\n|c|\u2606TheTrueLtaker|Gg\n|-message|TheTrueLtaker forfeited.\n|\n|win|Pure Hackmons\n|n|\u2606Pure Hackmons|purehackmons\n|n|\u2606TheTrueLtaker|thetrueltaker\n|n| Nh7|nh7\n|l|\u2606TheTrueLtaker\n|c|\u2606Pure Hackmons|g_g\n","uploadtime":1699375024,"views":8,"p1id":"purehackmons","p2id":"thetrueltaker","formatid":"gen9anythinggoes","rating":0,"private":0,"password":""}