{"id":"gen9anythinggoes-1971597797","p1":"isukatthegame","p2":"getgood578","format":"[Gen 9] Anything Goes","log":"|j|\u2606isukatthegame\n|j|\u2606getgood578\n|t:|1697751895\n|gametype|singles\n|player|p1|isukatthegame|pilot|1000\n|player|p2|getgood578|101|1000\n|teamsize|p1|1\n|teamsize|p2|6\n|gen|9\n|tier|[Gen 9] Anything Goes\n|rated|\n|rule|HP Percentage Mod: HP is shown in percentages\n|rule|Endless Battle Clause: Forcing endless battles is banned\n|clearpoke\n|poke|p1|Cramorant, M|\n|poke|p2|Arceus|\n|poke|p2|Lucario, M|\n|poke|p2|Rayquaza|\n|poke|p2|Dialga-Origin|\n|poke|p2|Palkia-Origin|\n|poke|p2|Giratina-Origin|\n|teampreview\n|c|\u2606isukatthegame|jim\n|\n|t:|1697751902\n|start\n|switch|p1a: jim|Cramorant, M|100\/100\n|switch|p2a: Dialga|Dialga-Origin|100\/100\n|-ability|p2a: Dialga|Pressure\n|turn|1\n|\n|t:|1697751910\n|-terastallize|p1a: jim|Normal\n|move|p2a: Dialga|Draco Meteor|p1a: jim\n|-damage|p1a: jim|49\/100\n|-unboost|p2a: Dialga|spa|2\n|move|p1a: jim|Surf|p2a: Dialga\n|-formechange|p1a: jim|Cramorant-Gorging|\n|-resisted|p2a: Dialga\n|-damage|p2a: Dialga|90\/100\n|\n|-heal|p1a: jim|55\/100|[from] item: Leftovers\n|upkeep\n|turn|2\n|\n|t:|1697751923\n|move|p2a: Dialga|Draco Meteor|p1a: jim\n|-damage|p1a: jim|26\/100\n|-unboost|p2a: Dialga|spa|2\n|-damage|p2a: Dialga|65\/100|[from] ability: Gulp Missile|[of] p1a: jim\n|-status|p2a: Dialga|par\n|-formechange|p1a: jim|Cramorant|\n|move|p1a: jim|Stockpile|p1a: jim\n|-start|p1a: jim|stockpile1\n|-boost|p1a: jim|def|1\n|-boost|p1a: jim|spd|1\n|\n|-heal|p1a: jim|32\/100|[from] item: Leftovers\n|upkeep\n|turn|3\n|\n|t:|1697751936\n|move|p1a: jim|Aqua Ring|p1a: jim\n|-start|p1a: jim|Aqua Ring\n|move|p2a: Dialga|Draco Meteor|p1a: jim\n|-damage|p1a: jim|21\/100\n|-unboost|p2a: Dialga|spa|2\n|\n|-heal|p1a: jim|27\/100|[from] item: Leftovers\n|-heal|p1a: jim|33\/100|[from] Aqua Ring\n|upkeep\n|turn|4\n|c|\u2606isukatthegame|you know you cant spam that right'\n|\n|t:|1697751953\n|-terastallize|p2a: Dialga|Steel\n|move|p1a: jim|Roost|p1a: jim\n|-heal|p1a: jim|83\/100\n|move|p2a: Dialga|Draco Meteor|p1a: jim\n|-damage|p1a: jim|73\/100\n|\n|-heal|p1a: jim|79\/100|[from] item: Leftovers\n|-heal|p1a: jim|85\/100|[from] Aqua Ring\n|upkeep\n|turn|5\n|\n|t:|1697751965\n|move|p1a: jim|Stockpile|p1a: jim\n|-start|p1a: jim|stockpile2\n|-boost|p1a: jim|def|1\n|-boost|p1a: jim|spd|1\n|cant|p2a: Dialga|par\n|\n|-heal|p1a: jim|91\/100|[from] item: Leftovers\n|-heal|p1a: jim|97\/100|[from] Aqua Ring\n|upkeep\n|turn|6\n|\n|t:|1697751975\n|move|p1a: jim|Stockpile|p1a: jim\n|-start|p1a: jim|stockpile3\n|-boost|p1a: jim|def|1\n|-boost|p1a: jim|spd|1\n|move|p2a: Dialga|Aura Sphere|p1a: jim\n|-supereffective|p1a: jim\n|-damage|p1a: jim|93\/100\n|\n|-heal|p1a: jim|99\/100|[from] item: Leftovers\n|-heal|p1a: jim|100\/100|[from] Aqua Ring\n|upkeep\n|turn|7\n|\n|t:|1697751988\n|switch|p2a: Rayquaza|Rayquaza|100\/100\n|-ability|p2a: Rayquaza|Air Lock\n|move|p1a: jim|Stockpile||[still]\n|-fail|p1a: jim\n|\n|upkeep\n|turn|8\n|\n|t:|1697751993\n|move|p2a: Rayquaza|Draco Meteor|p1a: jim\n|-damage|p1a: jim|81\/100\n|-unboost|p2a: Rayquaza|spa|2\n|move|p1a: jim|Surf|p2a: Rayquaza\n|-formechange|p1a: jim|Cramorant-Gulping|\n|-resisted|p2a: Rayquaza\n|-damage|p2a: Rayquaza|88\/100\n|\n|-heal|p1a: jim|87\/100|[from] item: Leftovers\n|-heal|p1a: jim|94\/100|[from] Aqua Ring\n|upkeep\n|turn|9\n|inactive|Battle timer is ON: inactive players will automatically lose when time's up. (requested by getgood578)\n|\n|t:|1697752005\n|move|p2a: Rayquaza|Draco Meteor|p1a: jim\n|-damage|p1a: jim|84\/100\n|-unboost|p2a: Rayquaza|spa|2\n|-damage|p2a: Rayquaza|63\/100|[from] ability: Gulp Missile|[of] p1a: jim\n|-unboost|p2a: Rayquaza|def|1\n|-formechange|p1a: jim|Cramorant|\n|move|p1a: jim|Aqua Ring||[still]\n|-fail|p1a: jim\n|\n|-heal|p1a: jim|90\/100|[from] item: Leftovers\n|-heal|p1a: jim|96\/100|[from] Aqua Ring\n|upkeep\n|turn|10\n|\n|t:|1697752020\n|switch|p2a: Lucario|Lucario, M|100\/100\n|move|p1a: jim|Surf|p2a: Lucario\n|-formechange|p1a: jim|Cramorant-Gulping|\n|-damage|p2a: Lucario|75\/100\n|\n|-heal|p1a: jim|100\/100|[from] item: Leftovers\n|upkeep\n|turn|11\n|\n|t:|1697752031\n|move|p2a: Lucario|Aura Sphere|p1a: jim\n|-supereffective|p1a: jim\n|-damage|p1a: jim|83\/100\n|-damage|p2a: Lucario|50\/100|[from] ability: Gulp Missile|[of] p1a: jim\n|-unboost|p2a: Lucario|def|1\n|-formechange|p1a: jim|Cramorant|\n|move|p1a: jim|Aqua Ring||[still]\n|-fail|p1a: jim\n|\n|-heal|p1a: jim|89\/100|[from] item: Leftovers\n|-heal|p1a: jim|95\/100|[from] Aqua Ring\n|upkeep\n|turn|12\n|\n|t:|1697752044\n|move|p2a: Lucario|Extreme Speed|p1a: jim\n|-damage|p1a: jim|82\/100\n|move|p1a: jim|Surf|p2a: Lucario\n|-formechange|p1a: jim|Cramorant-Gulping|\n|-damage|p2a: Lucario|23\/100\n|\n|-heal|p1a: jim|89\/100|[from] item: Leftovers\n|-heal|p1a: jim|95\/100|[from] Aqua Ring\n|upkeep\n|turn|13\n|c|\u2606isukatthegame|he cam take a beating\n|inactive|getgood578 has 120 seconds left.\n|\n|t:|1697752076\n|move|p2a: Lucario|Brick Break|p1a: jim\n|-supereffective|p1a: jim\n|-damage|p1a: jim|56\/100\n|-damage|p2a: Lucario|0 fnt|[from] ability: Gulp Missile|[of] p1a: jim\n|-formechange|p1a: jim|Cramorant|\n|faint|p2a: Lucario\n|move|p1a: jim|Aqua Ring||[still]\n|-fail|p1a: jim\n|\n|-heal|p1a: jim|62\/100|[from] item: Leftovers\n|-heal|p1a: jim|69\/100|[from] Aqua Ring\n|upkeep\n|\n|t:|1697752088\n|switch|p2a: Arceus|Arceus|100\/100\n|turn|14\n|\n|t:|1697752093\n|move|p2a: Arceus|Body Slam|p1a: jim\n|-damage|p1a: jim|40\/100\n|move|p1a: jim|Surf|p2a: Arceus\n|-formechange|p1a: jim|Cramorant-Gorging|\n|-damage|p2a: Arceus|84\/100\n|\n|-heal|p2a: Arceus|91\/100|[from] item: Leftovers\n|-heal|p1a: jim|46\/100|[from] item: Leftovers\n|-heal|p1a: jim|53\/100|[from] Aqua Ring\n|upkeep\n|turn|15\n|inactive|getgood578 has 120 seconds left.\n|\n|t:|1697752105\n|move|p2a: Arceus|Body Slam|p1a: jim\n|-damage|p1a: jim|24\/100\n|-damage|p2a: Arceus|66\/100|[from] ability: Gulp Missile|[of] p1a: jim\n|-status|p2a: Arceus|par\n|-formechange|p1a: jim|Cramorant|\n|move|p1a: jim|Roost|p1a: jim\n|-heal|p1a: jim|74\/100\n|\n|-heal|p1a: jim|80\/100|[from] item: Leftovers\n|-heal|p2a: Arceus|72\/100 par|[from] item: Leftovers\n|-heal|p1a: jim|86\/100|[from] Aqua Ring\n|upkeep\n|turn|16\n|inactive|getgood578 has 120 seconds left.\n|\n|t:|1697752118\n|move|p1a: jim|Surf|p2a: Arceus\n|-formechange|p1a: jim|Cramorant-Gulping|\n|-damage|p2a: Arceus|54\/100 par\n|move|p2a: Arceus|Body Slam|p1a: jim\n|-damage|p1a: jim|61\/100\n|-damage|p2a: Arceus|29\/100 par|[from] ability: Gulp Missile|[of] p1a: jim\n|-unboost|p2a: Arceus|def|1\n|-formechange|p1a: jim|Cramorant|\n|\n|-heal|p1a: jim|67\/100|[from] item: Leftovers\n|-heal|p2a: Arceus|35\/100 par|[from] item: Leftovers\n|-heal|p1a: jim|73\/100|[from] Aqua Ring\n|upkeep\n|turn|17\n|inactive|getgood578 has 120 seconds left.\n|l|\u2606getgood578\n|inactive|getgood578 disconnected and has a minute to reconnect!\n|player|p2|\n|inactive|getgood578 has 30 seconds to reconnect!\n|inactive|getgood578 has 20 seconds to reconnect!\n|inactive|getgood578 has 15 seconds to reconnect!\n|inactive|getgood578 has 10 seconds to reconnect!\n|inactive|getgood578 has 5 seconds to reconnect!\n|-message|getgood578 lost due to inactivity.\n|\n|win|isukatthegame\n|raw|isukatthegame's rating: 1000 &rarr; <strong>1040<\/strong><br \/>(+40 for winning)\n|raw|getgood578's rating: 1000 &rarr; <strong>1000<\/strong><br \/>(+0 for losing)\n","uploadtime":1697752200,"views":9,"p1id":"isukatthegame","p2id":"getgood578","formatid":"gen9anythinggoes","rating":1000,"private":0,"password":""}