{"id":"gen9anythinggoes-1971760261","p1":"Memek1p","p2":"QGB","format":"[Gen 9] Anything Goes","log":"|j|\u2606Memek1p\n|j|\u2606QGB\n|t:|1697769035\n|gametype|singles\n|player|p1|Memek1p|brock|\n|player|p2|QGB|170|\n|teamsize|p1|6\n|teamsize|p2|6\n|gen|9\n|tier|[Gen 9] Anything Goes\n|rule|HP Percentage Mod: HP is shown in percentages\n|rule|Endless Battle Clause: Forcing endless battles is banned\n|clearpoke\n|poke|p1|Bisharp, F|\n|poke|p1|Skeledirge, M|\n|poke|p1|Amoonguss, F|\n|poke|p1|Ogerpon-Cornerstone, F|\n|poke|p1|Sandaconda, M|\n|poke|p1|Iron Valiant|\n|poke|p2|Ninetales-Alola, F|\n|poke|p2|Beartic, M|\n|poke|p2|Sableye, F|\n|poke|p2|Heatran, M|\n|poke|p2|Zapdos|\n|poke|p2|Landorus-Therian, M|\n|teampreview\n|\n|t:|1697769046\n|start\n|switch|p1a: Bisharp|Bisharp, F|100\/100\n|switch|p2a: Heatran|Heatran, M|100\/100\n|-item|p2a: Heatran|Air Balloon\n|turn|1\n|\n|t:|1697769055\n|switch|p1a: Sandaconda|Sandaconda, M|100\/100\n|move|p2a: Heatran|Magma Storm|p1a: Sandaconda\n|-damage|p1a: Sandaconda|30\/100\n|-activate|p1a: Sandaconda|move: Magma Storm|[of] p2a: Heatran\n|-weather|Sandstorm|[from] ability: Sand Spit|[of] p1a: Sandaconda\n|\n|-weather|Sandstorm|[upkeep]\n|-damage|p1a: Sandaconda|18\/100|[from] move: Magma Storm|[partiallytrapped]\n|upkeep\n|turn|2\n|j| Nathanore5450\n|\n|t:|1697769073\n|move|p2a: Heatran|Flash Cannon|p1a: Sandaconda\n|-damage|p1a: Sandaconda|0 fnt\n|faint|p1a: Sandaconda\n|\n|-weather|Sandstorm|[upkeep]\n|upkeep\n|\n|t:|1697769083\n|switch|p1a: Skeledirge|Skeledirge, M|100\/100\n|turn|3\n|\n|t:|1697769088\n|move|p2a: Heatran|Earth Power|p1a: Skeledirge\n|-supereffective|p1a: Skeledirge\n|-damage|p1a: Skeledirge|47\/100\n|move|p1a: Skeledirge|Shadow Ball|p2a: Heatran\n|-damage|p2a: Heatran|73\/100\n|-enditem|p2a: Heatran|Air Balloon\n|\n|-weather|Sandstorm|[upkeep]\n|-damage|p1a: Skeledirge|41\/100|[from] Sandstorm\n|-heal|p1a: Skeledirge|47\/100|[from] item: Leftovers\n|upkeep\n|turn|4\n|\n|t:|1697769096\n|switch|p1a: Amoonguss|Amoonguss, F|100\/100\n|move|p2a: Heatran|Earth Power|p1a: Amoonguss\n|-damage|p1a: Amoonguss|70\/100\n|\n|-weather|Sandstorm|[upkeep]\n|-damage|p1a: Amoonguss|64\/100|[from] Sandstorm\n|-heal|p1a: Amoonguss|70\/100|[from] item: Black Sludge\n|upkeep\n|turn|5\n|\n|t:|1697769105\n|switch|p1a: Iron Valiant|Iron Valiant|100\/100\n|-enditem|p1a: Iron Valiant|Booster Energy\n|-activate|p1a: Iron Valiant|ability: Quark Drive|[fromitem]\n|-start|p1a: Iron Valiant|quarkdrivespe\n|move|p2a: Heatran|Magma Storm|p1a: Iron Valiant\n|-damage|p1a: Iron Valiant|0 fnt\n|faint|p1a: Iron Valiant\n|-end|p1a: Iron Valiant|Quark Drive|[silent]\n|\n|-weather|none\n|upkeep\n|c| Nathanore5450|6-0 by heartran\n|\n|t:|1697769116\n|switch|p1a: Ogerpon|Ogerpon-Cornerstone, F|100\/100\n|turn|6\n|c| Nathanore5450|gg\n|\n|t:|1697769120\n|move|p1a: Ogerpon|Stomping Tantrum|p2a: Heatran\n|-supereffective|p2a: Heatran\n|-damage|p2a: Heatran|0 fnt\n|faint|p2a: Heatran\n|\n|upkeep\n|\n|t:|1697769129\n|switch|p2a: Sableye|Sableye, F|100\/100\n|turn|7\n|\n|t:|1697769135\n|switch|p1a: Skeledirge|Skeledirge, M|47\/100\n|move|p2a: Sableye|Will-O-Wisp|p1a: Skeledirge\n|-immune|p1a: Skeledirge\n|\n|-heal|p1a: Skeledirge|53\/100|[from] item: Leftovers\n|upkeep\n|turn|8\n|\n|t:|1697769141\n|move|p1a: Skeledirge|Will-O-Wisp|p2a: Sableye\n|-status|p2a: Sableye|brn\n|move|p2a: Sableye|Trick|p1a: Skeledirge\n|-activate|p2a: Sableye|move: Trick|[of] p1a: Skeledirge\n|-item|p1a: Skeledirge|Lagging Tail|[from] move: Trick\n|-item|p2a: Sableye|Leftovers|[from] move: Trick\n|\n|-damage|p2a: Sableye|95\/100 brn|[from] brn\n|upkeep\n|turn|9\n|\n|t:|1697769150\n|move|p2a: Sableye|Knock Off|p1a: Skeledirge\n|-supereffective|p1a: Skeledirge\n|-damage|p1a: Skeledirge|32\/100\n|-enditem|p1a: Skeledirge|Lagging Tail|[from] move: Knock Off|[of] p2a: Sableye\n|move|p1a: Skeledirge|Torch Song|p2a: Sableye\n|-damage|p2a: Sableye|63\/100 brn\n|-boost|p1a: Skeledirge|spa|1\n|\n|-heal|p2a: Sableye|69\/100 brn|[from] item: Leftovers\n|-damage|p2a: Sableye|63\/100 brn|[from] brn\n|upkeep\n|turn|10\n|\n|t:|1697769161\n|switch|p2a: Landorus|Landorus-Therian, M|100\/100\n|-ability|p2a: Landorus|Intimidate|boost\n|-unboost|p1a: Skeledirge|atk|1\n|move|p1a: Skeledirge|Slack Off|p1a: Skeledirge\n|-heal|p1a: Skeledirge|82\/100\n|\n|upkeep\n|turn|11\n|\n|t:|1697769169\n|switch|p1a: Amoonguss|Amoonguss, F|100\/100\n|move|p2a: Landorus|Crunch|p1a: Amoonguss\n|-damage|p1a: Amoonguss|66\/100\n|\n|-heal|p1a: Amoonguss|72\/100|[from] item: Black Sludge\n|upkeep\n|turn|12\n|\n|t:|1697769177\n|move|p2a: Landorus|U-turn|p1a: Amoonguss\n|-damage|p1a: Amoonguss|43\/100\n|\n|t:|1697769184\n|switch|p2a: Sableye|Sableye, F|63\/100 brn|[from] U-turn\n|move|p1a: Amoonguss|Spore||[still]\n|-fail|p1a: Amoonguss\n|\n|-heal|p2a: Sableye|69\/100 brn|[from] item: Leftovers\n|-heal|p1a: Amoonguss|49\/100|[from] item: Black Sludge\n|-damage|p2a: Sableye|63\/100 brn|[from] brn\n|upkeep\n|turn|13\n|\n|t:|1697769190\n|switch|p1a: Skeledirge|Skeledirge, M|82\/100\n|move|p2a: Sableye|Knock Off|p1a: Skeledirge\n|-supereffective|p1a: Skeledirge\n|-damage|p1a: Skeledirge|67\/100\n|\n|-heal|p2a: Sableye|69\/100 brn|[from] item: Leftovers\n|-damage|p2a: Sableye|63\/100 brn|[from] brn\n|upkeep\n|turn|14\n|\n|t:|1697769199\n|move|p1a: Skeledirge|Torch Song|p2a: Sableye\n|-damage|p2a: Sableye|29\/100 brn\n|-boost|p1a: Skeledirge|spa|1\n|move|p2a: Sableye|Recover|p2a: Sableye\n|-heal|p2a: Sableye|79\/100 brn\n|\n|-heal|p2a: Sableye|85\/100 brn|[from] item: Leftovers\n|-damage|p2a: Sableye|79\/100 brn|[from] brn\n|upkeep\n|turn|15\n|\n|t:|1697769207\n|switch|p2a: Landorus|Landorus-Therian, M|100\/100\n|-ability|p2a: Landorus|Intimidate|boost\n|-unboost|p1a: Skeledirge|atk|1\n|move|p1a: Skeledirge|Slack Off|p1a: Skeledirge\n|-heal|p1a: Skeledirge|100\/100\n|\n|upkeep\n|turn|16\n|\n|t:|1697769215\n|move|p2a: Landorus|Fissure|p1a: Skeledirge|[miss]\n|-miss|p2a: Landorus|p1a: Skeledirge\n|move|p1a: Skeledirge|Shadow Ball|p2a: Landorus\n|-damage|p2a: Landorus|44\/100\n|\n|upkeep\n|turn|17\n|\n|t:|1697769228\n|move|p2a: Landorus|Earthquake|p1a: Skeledirge\n|-supereffective|p1a: Skeledirge\n|-damage|p1a: Skeledirge|7\/100\n|move|p1a: Skeledirge|Shadow Ball|p2a: Landorus\n|-damage|p2a: Landorus|0 fnt\n|faint|p2a: Landorus\n|\n|upkeep\n|\n|t:|1697769231\n|switch|p2a: Ninetales|Ninetales-Alola, F|100\/100\n|-weather|Snow|[from] ability: Snow Warning|[of] p2a: Ninetales\n|turn|18\n|\n|t:|1697769246\n|move|p2a: Ninetales|Moonblast|p1a: Skeledirge\n|-resisted|p1a: Skeledirge\n|-damage|p1a: Skeledirge|0 fnt\n|faint|p1a: Skeledirge\n|\n|-weather|Snow|[upkeep]\n|upkeep\n|\n|t:|1697769248\n|switch|p1a: Bisharp|Bisharp, F|100\/100\n|turn|19\n|\n|t:|1697769255\n|switch|p2a: Sableye|Sableye, F|79\/100 brn\n|move|p1a: Bisharp|Iron Head|p2a: Sableye\n|-damage|p2a: Sableye|19\/100 brn\n|\n|-weather|Snow|[upkeep]\n|-heal|p2a: Sableye|25\/100 brn|[from] item: Leftovers\n|-damage|p2a: Sableye|19\/100 brn|[from] brn\n|upkeep\n|turn|20\n|\n|t:|1697769261\n|switch|p1a: Amoonguss|Amoonguss, F|82\/100\n|move|p2a: Sableye|Will-O-Wisp|p1a: Amoonguss|[miss]\n|-miss|p2a: Sableye|p1a: Amoonguss\n|\n|-weather|Snow|[upkeep]\n|-heal|p2a: Sableye|25\/100 brn|[from] item: Leftovers\n|-heal|p1a: Amoonguss|88\/100|[from] item: Black Sludge\n|-damage|p2a: Sableye|19\/100 brn|[from] brn\n|upkeep\n|turn|21\n|\n|t:|1697769272\n|move|p2a: Sableye|Recover|p2a: Sableye\n|-heal|p2a: Sableye|69\/100 brn\n|move|p1a: Amoonguss|Sludge Bomb|p2a: Sableye\n|-resisted|p2a: Sableye\n|-damage|p2a: Sableye|50\/100 brn\n|\n|-weather|Snow|[upkeep]\n|-heal|p2a: Sableye|56\/100 brn|[from] item: Leftovers\n|-heal|p1a: Amoonguss|95\/100|[from] item: Black Sludge\n|-damage|p2a: Sableye|50\/100 brn|[from] brn\n|upkeep\n|turn|22\n|\n|t:|1697769279\n|move|p2a: Sableye|Recover|p2a: Sableye\n|-heal|p2a: Sableye|99\/100 brn\n|move|p1a: Amoonguss|Giga Drain|p2a: Sableye\n|-damage|p2a: Sableye|64\/100 brn\n|-heal|p1a: Amoonguss|100\/100|[from] drain|[of] p2a: Sableye\n|\n|-weather|Snow|[upkeep]\n|-heal|p2a: Sableye|69\/100 brn|[from] item: Leftovers\n|-damage|p2a: Sableye|64\/100 brn|[from] brn\n|upkeep\n|turn|23\n|\n|t:|1697769283\n|move|p2a: Sableye|Will-O-Wisp|p1a: Amoonguss\n|-status|p1a: Amoonguss|brn\n|move|p1a: Amoonguss|Giga Drain|p2a: Sableye\n|-damage|p2a: Sableye|28\/100 brn\n|\n|-weather|Snow|[upkeep]\n|-heal|p2a: Sableye|34\/100 brn|[from] item: Leftovers\n|-damage|p2a: Sableye|28\/100 brn|[from] brn\n|-damage|p1a: Amoonguss|94\/100 brn|[from] brn\n|upkeep\n|turn|24\n|\n|t:|1697769286\n|move|p2a: Sableye|Knock Off|p1a: Amoonguss\n|-damage|p1a: Amoonguss|79\/100 brn\n|-enditem|p1a: Amoonguss|Black Sludge|[from] move: Knock Off|[of] p2a: Sableye\n|move|p1a: Amoonguss|Giga Drain|p2a: Sableye\n|-damage|p2a: Sableye|0 fnt\n|-heal|p1a: Amoonguss|89\/100 brn|[from] drain|[of] p2a: Sableye\n|faint|p2a: Sableye\n|\n|-weather|Snow|[upkeep]\n|-damage|p1a: Amoonguss|83\/100 brn|[from] brn\n|upkeep\n|\n|t:|1697769298\n|switch|p2a: Ninetales|Ninetales-Alola, F|100\/100\n|turn|25\n|\n|t:|1697769308\n|switch|p2a: Zapdos|Zapdos|100\/100\n|move|p1a: Amoonguss|Spore|p2a: Zapdos\n|-status|p2a: Zapdos|slp|[from] move: Spore\n|\n|-weather|none\n|-damage|p1a: Amoonguss|77\/100 brn|[from] brn\n|upkeep\n|turn|26\n|\n|t:|1697769315\n|switch|p1a: Ogerpon|Ogerpon-Cornerstone, F|100\/100\n|cant|p2a: Zapdos|slp\n|\n|upkeep\n|turn|27\n|\n|t:|1697769322\n|move|p1a: Ogerpon|Ivy Cudgel|p2a: Zapdos\n|-supereffective|p2a: Zapdos\n|-crit|p2a: Zapdos\n|-damage|p2a: Zapdos|0 fnt\n|faint|p2a: Zapdos\n|\n|upkeep\n|\n|t:|1697769325\n|switch|p2a: Ninetales|Ninetales-Alola, F|100\/100\n|-weather|Snow|[from] ability: Snow Warning|[of] p2a: Ninetales\n|turn|28\n|\n|t:|1697769359\n|move|p1a: Ogerpon|Ivy Cudgel|p2a: Ninetales\n|-supereffective|p2a: Ninetales\n|-damage|p2a: Ninetales|0 fnt\n|faint|p2a: Ninetales\n|\n|-weather|Snow|[upkeep]\n|upkeep\n|\n|t:|1697769363\n|switch|p2a: Beartic|Beartic, M|100\/100\n|turn|29\n|\n|t:|1697769373\n|move|p1a: Ogerpon|Ivy Cudgel|p2a: Beartic\n|-supereffective|p2a: Beartic\n|-damage|p2a: Beartic|24\/100\n|move|p2a: Beartic|Earthquake|p1a: Ogerpon\n|-damage|p1a: Ogerpon|48\/100\n|\n|-weather|Snow|[upkeep]\n|upkeep\n|turn|30\n|c| Nathanore5450|geee geeee\n|\n|t:|1697769379\n|move|p1a: Ogerpon|Ivy Cudgel|p2a: Beartic\n|-supereffective|p2a: Beartic\n|-damage|p2a: Beartic|0 fnt\n|faint|p2a: Beartic\n|\n|win|Memek1p\n|l|\u2606QGB\n|c|\u2606Memek1p|wheres the 6-0????????\n|c| Nathanore5450|fissure lando :skull:\n","uploadtime":1697769385,"views":11,"p1id":"memek1p","p2id":"qgb","formatid":"gen9anythinggoes","rating":0,"private":0,"password":""}