{"id":"gen9anythinggoes-1990801019","p1":"Bobadilla4301","p2":"mikrulewolv","format":"[Gen 9] Anything Goes","log":"|j|\u2606Bobadilla4301\n|j|\u2606mikrulewolv\n|t:|1700002180\n|gametype|singles\n|player|p1|Bobadilla4301|hilbert|1343\n|player|p2|mikrulewolv|psychicf-gen4|1328\n|teamsize|p1|6\n|teamsize|p2|6\n|gen|9\n|tier|[Gen 9] Anything Goes\n|rated|\n|rule|HP Percentage Mod: HP is shown in percentages\n|rule|Endless Battle Clause: Forcing endless battles is banned\n|clearpoke\n|poke|p1|Zacian-*|\n|poke|p1|Urshifu-*, M|\n|poke|p1|Magearna|\n|poke|p1|Dragonite, M|\n|poke|p1|Salamence, F|\n|poke|p1|Kommo-o, F|\n|poke|p2|Arceus-Bug|\n|poke|p2|Ursaluna, F|\n|poke|p2|Volcarona, F|\n|poke|p2|Ribombee, F|\n|poke|p2|Lokix, F|\n|poke|p2|Scizor, M|\n|teampreview\n|inactive|Battle timer is ON: inactive players will automatically lose when time's up. (requested by mikrulewolv)\n|inactive|Bobadilla4301 also wants the timer to be on.\n|inactive|mikrulewolv has 120 seconds left.\n|\n|t:|1700002212\n|start\n|switch|p1a: Magearna|Magearna|100\/100\n|switch|p2a: bees knees|Ribombee, F|100\/100\n|turn|1\n|\n|t:|1700002217\n|move|p2a: bees knees|Sticky Web|p1a: Magearna\n|-sidestart|p1: Bobadilla4301|move: Sticky Web\n|move|p1a: Magearna|Shift Gear|p1a: Magearna\n|-boost|p1a: Magearna|spe|2\n|-boost|p1a: Magearna|atk|1\n|\n|upkeep\n|turn|2\n|\n|t:|1700002223\n|move|p2a: bees knees|Stun Spore|p1a: Magearna\n|-status|p1a: Magearna|par\n|cant|p1a: Magearna|par\n|\n|upkeep\n|turn|3\n|\n|t:|1700002247\n|move|p2a: bees knees|Moonblast|p1a: Magearna\n|-resisted|p1a: Magearna\n|-crit|p1a: Magearna\n|-damage|p1a: Magearna|77\/100 par\n|move|p1a: Magearna|Shift Gear|p1a: Magearna\n|-boost|p1a: Magearna|spe|2\n|-boost|p1a: Magearna|atk|1\n|\n|upkeep\n|turn|4\n|\n|t:|1700002262\n|move|p2a: bees knees|Moonblast|p1a: Magearna\n|-resisted|p1a: Magearna\n|-damage|p1a: Magearna|59\/100 par\n|cant|p1a: Magearna|par\n|\n|upkeep\n|turn|5\n|\n|t:|1700002269\n|move|p2a: bees knees|Moonblast|p1a: Magearna\n|-resisted|p1a: Magearna\n|-damage|p1a: Magearna|42\/100 par\n|move|p1a: Magearna|Substitute|p1a: Magearna\n|-start|p1a: Magearna|Substitute\n|-damage|p1a: Magearna|17\/100 par\n|\n|upkeep\n|turn|6\n|\n|t:|1700002277\n|move|p2a: bees knees|Moonblast|p1a: Magearna\n|-resisted|p1a: Magearna\n|-activate|p1a: Magearna|move: Substitute|[damage]\n|cant|p1a: Magearna|par\n|\n|upkeep\n|turn|7\n|\n|t:|1700002282\n|move|p2a: bees knees|Moonblast|p1a: Magearna\n|-resisted|p1a: Magearna\n|-end|p1a: Magearna|Substitute\n|move|p1a: Magearna|Baton Pass|p1a: Magearna\n|\n|t:|1700002290\n|switch|p1a: Urshifu|Urshifu-Rapid-Strike, M|100\/100|[from] Baton Pass\n|-activate|p1a: Urshifu|move: Sticky Web\n|-unboost|p1a: Urshifu|spe|1\n|\n|upkeep\n|turn|8\n|\n|t:|1700002299\n|-terastallize|p1a: Urshifu|Water\n|move|p1a: Urshifu|Surging Strikes|p2a: bees knees\n|-crit|p2a: bees knees\n|-enditem|p2a: bees knees|Focus Sash\n|-damage|p2a: bees knees|1\/100\n|-crit|p2a: bees knees\n|-damage|p2a: bees knees|0 fnt\n|faint|p2a: bees knees\n|-hitcount|p2: bees knees|2\n|\n|upkeep\n|\n|t:|1700002305\n|switch|p2a: katy's lokix|Lokix, F|100\/100\n|turn|9\n|\n|t:|1700002312\n|move|p2a: katy's lokix|First Impression|p1a: Urshifu\n|-damage|p1a: Urshifu|47\/100\n|-damage|p2a: katy's lokix|91\/100|[from] item: Life Orb\n|move|p1a: Urshifu|Surging Strikes|p2a: katy's lokix\n|-crit|p2a: katy's lokix\n|-damage|p2a: katy's lokix|0 fnt\n|faint|p2a: katy's lokix\n|-hitcount|p2: katy's lokix|1\n|\n|upkeep\n|\n|t:|1700002320\n|switch|p2a: luigi|Scizor, M|100\/100\n|turn|10\n|\n|t:|1700002326\n|move|p2a: luigi|Bullet Punch|p1a: Urshifu\n|-resisted|p1a: Urshifu\n|-damage|p1a: Urshifu|23\/100\n|-damage|p2a: luigi|91\/100|[from] item: Life Orb\n|move|p1a: Urshifu|Fire Punch|p2a: luigi\n|-supereffective|p2a: luigi\n|-damage|p2a: luigi|0 fnt\n|faint|p2a: luigi\n|\n|upkeep\n|\n|t:|1700002333\n|switch|p2a: katy's bear|Ursaluna, F|100\/100\n|turn|11\n|\n|t:|1700002342\n|-terastallize|p2a: katy's bear|Bug\n|move|p1a: Urshifu|Drain Punch|p2a: katy's bear\n|-resisted|p2a: katy's bear\n|-damage|p2a: katy's bear|69\/100\n|-heal|p1a: Urshifu|43\/100|[from] drain|[of] p2a: katy's bear\n|move|p2a: katy's bear|Trailblaze|p1a: Urshifu\n|-supereffective|p1a: Urshifu\n|-damage|p1a: Urshifu|0 fnt\n|-boost|p2a: katy's bear|spe|1\n|faint|p1a: Urshifu\n|\n|-status|p2a: katy's bear|brn|[from] item: Flame Orb\n|upkeep\n|\n|t:|1700002361\n|switch|p1a: Salamence|Salamence, F, shiny|100\/100\n|turn|12\n|\n|t:|1700002365\n|move|p1a: Salamence|Psychic Fangs|p2a: katy's bear\n|-damage|p2a: katy's bear|44\/100 brn\n|move|p2a: katy's bear|Facade|p1a: Salamence\n|-enditem|p1a: Salamence|Focus Sash\n|-damage|p1a: Salamence|1\/100\n|\n|-damage|p2a: katy's bear|38\/100 brn|[from] brn\n|upkeep\n|turn|13\n|\n|t:|1700002374\n|move|p1a: Salamence|Dual Wingbeat|p2a: katy's bear\n|-supereffective|p2a: katy's bear\n|-damage|p2a: katy's bear|1\/100 brn\n|-supereffective|p2a: katy's bear\n|-damage|p2a: katy's bear|0 fnt\n|faint|p2a: katy's bear\n|-ability|p1a: Salamence|Moxie|boost\n|-boost|p1a: Salamence|atk|1\n|-hitcount|p2: katy's bear|2\n|\n|upkeep\n|\n|t:|1700002378\n|switch|p2a: bugod|Arceus-Bug|100\/100\n|turn|14\n|\n|t:|1700002382\n|move|p2a: bugod|Ice Beam|p1a: Salamence\n|-supereffective|p1a: Salamence\n|-damage|p1a: Salamence|0 fnt\n|faint|p1a: Salamence\n|\n|upkeep\n|\n|t:|1700002386\n|switch|p1a: Zacian|Zacian-Crowned, shiny|100\/100\n|-activate|p1a: Zacian|move: Sticky Web\n|-unboost|p1a: Zacian|spe|1\n|-ability|p1a: Zacian|Intrepid Sword|boost\n|-boost|p1a: Zacian|atk|1\n|turn|15\n|\n|t:|1700002394\n|move|p2a: bugod|Earth Power|p1a: Zacian\n|-supereffective|p1a: Zacian\n|-damage|p1a: Zacian|38\/100\n|move|p1a: Zacian|Behemoth Blade|p2a: bugod\n|-damage|p2a: bugod|40\/100\n|\n|upkeep\n|turn|16\n|\n|t:|1700002402\n|move|p2a: bugod|Earth Power|p1a: Zacian\n|-supereffective|p1a: Zacian\n|-damage|p1a: Zacian|0 fnt\n|faint|p1a: Zacian\n|\n|upkeep\n|\n|t:|1700002408\n|switch|p1a: Magearna|Magearna|17\/100 par\n|-activate|p1a: Magearna|move: Sticky Web\n|-unboost|p1a: Magearna|spe|1\n|turn|17\n|\n|t:|1700002412\n|move|p2a: bugod|Earth Power|p1a: Magearna\n|-supereffective|p1a: Magearna\n|-damage|p1a: Magearna|0 fnt\n|faint|p1a: Magearna\n|\n|upkeep\n|\n|t:|1700002415\n|switch|p1a: Dragonite|Dragonite, M, shiny|100\/100\n|turn|18\n|\n|t:|1700002428\n|move|p2a: bugod|Ice Beam|p1a: Dragonite\n|-supereffective|p1a: Dragonite\n|-damage|p1a: Dragonite|0 fnt\n|faint|p1a: Dragonite\n|\n|upkeep\n|\n|t:|1700002431\n|switch|p1a: Kommo-o|Kommo-o, F|100\/100\n|-activate|p1a: Kommo-o|move: Sticky Web\n|-unboost|p1a: Kommo-o|spe|1\n|turn|19\n|\n|t:|1700002437\n|move|p2a: bugod|Ice Beam|p1a: Kommo-o\n|-supereffective|p1a: Kommo-o\n|-crit|p1a: Kommo-o\n|-enditem|p1a: Kommo-o|Focus Sash\n|-damage|p1a: Kommo-o|1\/100\n|-status|p1a: Kommo-o|frz\n|-curestatus|p1a: Kommo-o|frz|[msg]\n|move|p1a: Kommo-o|Flamethrower|p2a: bugod\n|-supereffective|p2a: bugod\n|-damage|p2a: bugod|3\/100\n|\n|upkeep\n|turn|20\n|\n|t:|1700002448\n|move|p2a: bugod|Ice Beam|p1a: Kommo-o\n|-supereffective|p1a: Kommo-o\n|-damage|p1a: Kommo-o|0 fnt\n|faint|p1a: Kommo-o\n|\n|win|mikrulewolv\n|raw|Bobadilla4301's rating: 1343 &rarr; <strong>1322<\/strong><br \/>(-21 for losing)\n|raw|mikrulewolv's rating: 1328 &rarr; <strong>1349<\/strong><br \/>(+21 for winning)\n","uploadtime":1700002453,"views":4,"p1id":"bobadilla4301","p2id":"mikrulewolv","formatid":"gen9anythinggoes","rating":1322,"private":0,"password":""}