{"id":"gen9anythinggoes-1974671653","p1":"Keyloada","p2":"ChiefBlueScreen","format":"[Gen 9] Anything Goes","log":"|j|\u2606Keyloada\n|j|\u2606ChiefBlueScreen\n|t:|1698108891\n|gametype|singles\n|player|p1|Keyloada|1|\n|player|p2|ChiefBlueScreen|schoolkid-gen4|\n|teamsize|p1|6\n|teamsize|p2|6\n|gen|9\n|tier|[Gen 9] Anything Goes\n|rule|HP Percentage Mod: HP is shown in percentages\n|rule|Endless Battle Clause: Forcing endless battles is banned\n|clearpoke\n|poke|p1|Ninetales-Alola, M|\n|poke|p1|Tsareena, F|\n|poke|p1|Slowking, F|\n|poke|p1|Avalugg, F|\n|poke|p1|Umbreon, M|\n|poke|p1|Baxcalibur, F|\n|poke|p2|Great Tusk|\n|poke|p2|Torkoal, F|\n|poke|p2|Azumarill, M|\n|poke|p2|Jumpluff, F|\n|poke|p2|Heatran, F|\n|poke|p2|Roaring Moon|\n|teampreview\n|j| twinbear\n|\n|t:|1698109051\n|start\n|switch|p1a: Slowking|Slowking, F|100\/100\n|switch|p2a: Push Up|Heatran, F|100\/100\n|-item|p2a: Push Up|Air Balloon\n|turn|1\n|\n|t:|1698109072\n|move|p2a: Push Up|Stealth Rock|p1a: Slowking\n|-sidestart|p1: Keyloada|move: Stealth Rock\n|move|p1a: Slowking|Scald|p2a: Push Up\n|-supereffective|p2a: Push Up\n|-damage|p2a: Push Up|55\/100\n|-enditem|p2a: Push Up|Air Balloon\n|\n|upkeep\n|turn|2\n|\n|t:|1698109086\n|move|p2a: Push Up|Earth Power|p1a: Slowking\n|-damage|p1a: Slowking|74\/100\n|move|p1a: Slowking|Trick Room|p1a: Slowking\n|-fieldstart|move: Trick Room|[of] p1a: Slowking\n|\n|upkeep\n|turn|3\n|\n|t:|1698109100\n|move|p1a: Slowking|Scald|p2a: Push Up\n|-supereffective|p2a: Push Up\n|-damage|p2a: Push Up|9\/100\n|move|p2a: Push Up|Earth Power|p1a: Slowking\n|-damage|p1a: Slowking|47\/100\n|\n|upkeep\n|turn|4\n|\n|t:|1698109124\n|move|p1a: Slowking|Scald|p2a: Push Up\n|-supereffective|p2a: Push Up\n|-damage|p2a: Push Up|0 fnt\n|faint|p2a: Push Up\n|\n|upkeep\n|\n|t:|1698109130\n|switch|p2a: Lat Pulldown|Jumpluff, F|100\/100\n|turn|5\n|\n|t:|1698109141\n|move|p1a: Slowking|Chilly Reception|p1a: Slowking\n|-weather|Snow\n|\n|t:|1698109170\n|switch|p1a: Avalugg|Avalugg, F|100\/100|[from] Chilly Reception\n|move|p2a: Lat Pulldown|Leech Seed|p1a: Avalugg\n|-start|p1a: Avalugg|move: Leech Seed\n|\n|-weather|Snow|[upkeep]\n|-damage|p1a: Avalugg|88\/100|[from] Leech Seed|[of] p2a: Lat Pulldown\n|upkeep\n|turn|6\n|\n|t:|1698109183\n|move|p1a: Avalugg|Rapid Spin|p2a: Lat Pulldown\n|-damage|p2a: Lat Pulldown|84\/100\n|-boost|p1a: Avalugg|spe|1\n|-end|p1a: Avalugg|Leech Seed|[from] move: Rapid Spin|[of] p1a: Avalugg\n|-sideend|p1: Keyloada|Stealth Rock|[from] move: Rapid Spin|[of] p1a: Avalugg\n|move|p2a: Lat Pulldown|Substitute|p2a: Lat Pulldown\n|-start|p2a: Lat Pulldown|Substitute\n|-damage|p2a: Lat Pulldown|60\/100\n|\n|-weather|Snow|[upkeep]\n|-heal|p1a: Avalugg|94\/100|[from] ability: Ice Body\n|-heal|p2a: Lat Pulldown|66\/100|[from] item: Leftovers\n|-fieldend|move: Trick Room\n|upkeep\n|turn|7\n|\n|t:|1698109204\n|move|p2a: Lat Pulldown|Leech Seed|p1a: Avalugg|[miss]\n|-miss|p2a: Lat Pulldown|p1a: Avalugg\n|move|p1a: Avalugg|Icicle Crash|p2a: Lat Pulldown\n|-supereffective|p2a: Lat Pulldown\n|-end|p2a: Lat Pulldown|Substitute\n|\n|-weather|Snow|[upkeep]\n|-heal|p1a: Avalugg|99\/100|[from] ability: Ice Body\n|-heal|p2a: Lat Pulldown|72\/100|[from] item: Leftovers\n|upkeep\n|turn|8\n|\n|t:|1698109216\n|-terastallize|p2a: Lat Pulldown|Water\n|move|p2a: Lat Pulldown|Leech Seed|p1a: Avalugg\n|-start|p1a: Avalugg|move: Leech Seed\n|move|p1a: Avalugg|Icicle Crash|p2a: Lat Pulldown\n|-resisted|p2a: Lat Pulldown\n|-crit|p2a: Lat Pulldown\n|-damage|p2a: Lat Pulldown|39\/100\n|\n|-weather|Snow|[upkeep]\n|-heal|p1a: Avalugg|100\/100|[from] ability: Ice Body\n|-heal|p2a: Lat Pulldown|46\/100|[from] item: Leftovers\n|-damage|p1a: Avalugg|88\/100|[from] Leech Seed|[of] p2a: Lat Pulldown\n|-heal|p2a: Lat Pulldown|60\/100|[silent]\n|upkeep\n|turn|9\n|\n|t:|1698109229\n|move|p2a: Lat Pulldown|Stun Spore|p1a: Avalugg|[miss]\n|-miss|p2a: Lat Pulldown|p1a: Avalugg\n|move|p1a: Avalugg|Rapid Spin|p2a: Lat Pulldown\n|-damage|p2a: Lat Pulldown|42\/100\n|-boost|p1a: Avalugg|spe|1\n|-end|p1a: Avalugg|Leech Seed|[from] move: Rapid Spin|[of] p1a: Avalugg\n|\n|-weather|none\n|-heal|p2a: Lat Pulldown|48\/100|[from] item: Leftovers\n|upkeep\n|turn|10\n|j| LiquidPlazmid77\n|\n|t:|1698109240\n|move|p2a: Lat Pulldown|Leech Seed|p1a: Avalugg\n|-start|p1a: Avalugg|move: Leech Seed\n|move|p1a: Avalugg|Body Press|p2a: Lat Pulldown\n|-damage|p2a: Lat Pulldown|0 fnt\n|faint|p2a: Lat Pulldown\n|\n|upkeep\n|\n|t:|1698109247\n|switch|p2a: Squat|Great Tusk|100\/100\n|turn|11\n|\n|t:|1698109326\n|switch|p1a: Slowking|Slowking, F|80\/100\n|move|p2a: Squat|Close Combat|p1a: Slowking\n|-resisted|p1a: Slowking\n|-damage|p1a: Slowking|49\/100\n|-unboost|p2a: Squat|def|1\n|-unboost|p2a: Squat|spd|1\n|-damage|p2a: Squat|91\/100|[from] item: Life Orb\n|\n|upkeep\n|turn|12\n|\n|t:|1698109362\n|-end|p2a: Squat|Protosynthesis|[silent]\n|switch|p2a: Reverse Row|Azumarill, M|100\/100\n|move|p1a: Slowking|Trick Room|p1a: Slowking\n|-fieldstart|move: Trick Room|[of] p1a: Slowking\n|\n|upkeep\n|turn|13\n|\n|t:|1698109385\n|move|p1a: Slowking|Chilly Reception|p1a: Slowking\n|-weather|Snow\n|\n|t:|1698109387\n|switch|p1a: Baxcalibur|Baxcalibur, F|100\/100|[from] Chilly Reception\n|move|p2a: Reverse Row|Belly Drum|p2a: Reverse Row\n|-damage|p2a: Reverse Row|50\/100\n|-setboost|p2a: Reverse Row|atk|6|[from] move: Belly Drum\n|-enditem|p2a: Reverse Row|Sitrus Berry|[eat]\n|-heal|p2a: Reverse Row|75\/100|[from] item: Sitrus Berry\n|\n|-weather|Snow|[upkeep]\n|upkeep\n|turn|14\n|\n|t:|1698109419\n|switch|p1a: Avalugg|Avalugg, F|88\/100\n|move|p2a: Reverse Row|Play Rough|p1a: Avalugg\n|-damage|p1a: Avalugg|24\/100\n|\n|-weather|Snow|[upkeep]\n|-heal|p1a: Avalugg|30\/100|[from] ability: Ice Body\n|upkeep\n|turn|15\n|\n|t:|1698109452\n|move|p1a: Avalugg|Icicle Crash|p2a: Reverse Row|[miss]\n|-miss|p1a: Avalugg|p2a: Reverse Row\n|move|p2a: Reverse Row|Play Rough|p1a: Avalugg\n|-damage|p1a: Avalugg|0 fnt\n|faint|p1a: Avalugg\n|\n|-weather|Snow|[upkeep]\n|upkeep\n|\n|t:|1698109473\n|switch|p1a: Tsareena|Tsareena, F|100\/100\n|turn|16\n|\n|t:|1698109480\n|move|p2a: Reverse Row|Ice Spinner|p1a: Tsareena\n|-supereffective|p1a: Tsareena\n|-damage|p1a: Tsareena|0 fnt\n|faint|p1a: Tsareena\n|\n|-weather|Snow|[upkeep]\n|-fieldend|move: Trick Room\n|upkeep\n|\n|t:|1698109504\n|switch|p1a: Umbreon|Umbreon, M|100\/100\n|turn|17\n|\n|t:|1698109510\n|move|p1a: Umbreon|Foul Play|p2a: Reverse Row\n|-resisted|p2a: Reverse Row\n|-damage|p2a: Reverse Row|12\/100\n|move|p2a: Reverse Row|Play Rough|p1a: Umbreon\n|-supereffective|p1a: Umbreon\n|-damage|p1a: Umbreon|0 fnt\n|faint|p1a: Umbreon\n|\n|-weather|none\n|upkeep\n|\n|t:|1698109556\n|switch|p1a: Ninetales|Ninetales-Alola, M|100\/100\n|-weather|Snow|[from] ability: Snow Warning|[of] p1a: Ninetales\n|turn|18\n|\n|t:|1698109570\n|switch|p2a: Hip Lift|Torkoal, F|100\/100\n|-weather|SunnyDay|[from] ability: Drought|[of] p2a: Hip Lift\n|move|p1a: Ninetales|Freeze-Dry|p2a: Hip Lift\n|-resisted|p2a: Hip Lift\n|-damage|p2a: Hip Lift|75\/100\n|-damage|p1a: Ninetales|91\/100|[from] item: Life Orb\n|\n|-weather|SunnyDay|[upkeep]\n|upkeep\n|turn|19\n|\n|t:|1698109582\n|switch|p1a: Slowking|Slowking, F|82\/100\n|move|p2a: Hip Lift|Yawn|p1a: Slowking\n|-start|p1a: Slowking|move: Yawn|[of] p2a: Hip Lift\n|\n|-weather|SunnyDay|[upkeep]\n|upkeep\n|turn|20\n|\n|t:|1698109592\n|switch|p2a: Plank|Roaring Moon|100\/100\n|-activate|p2a: Plank|ability: Protosynthesis\n|-start|p2a: Plank|protosynthesisatk\n|move|p1a: Slowking|Chilly Reception|p1a: Slowking\n|-weather|Snow\n|-end|p2a: Plank|Protosynthesis\n|\n|t:|1698109608\n|switch|p1a: Ninetales|Ninetales-Alola, M|91\/100|[from] Chilly Reception\n|\n|-weather|Snow|[upkeep]\n|upkeep\n|turn|21\n|\n|t:|1698109630\n|move|p2a: Plank|Iron Head|p1a: Ninetales\n|-supereffective|p1a: Ninetales\n|-damage|p1a: Ninetales|0 fnt\n|faint|p1a: Ninetales\n|\n|-weather|Snow|[upkeep]\n|upkeep\n|\n|t:|1698109636\n|switch|p1a: Slowking|Slowking, F|100\/100\n|turn|22\n|\n|t:|1698109643\n|move|p2a: Plank|Iron Head|p1a: Slowking\n|-resisted|p1a: Slowking\n|-damage|p1a: Slowking|88\/100\n|move|p1a: Slowking|Scald|p2a: Plank\n|-resisted|p2a: Plank\n|-damage|p2a: Plank|87\/100\n|\n|-weather|Snow|[upkeep]\n|upkeep\n|turn|23\n|\n|t:|1698109657\n|-end|p2a: Plank|Protosynthesis|[silent]\n|switch|p2a: Reverse Row|Azumarill, M|12\/100\n|move|p1a: Slowking|Trick Room|p1a: Slowking\n|-fieldstart|move: Trick Room|[of] p1a: Slowking\n|\n|-weather|Snow|[upkeep]\n|upkeep\n|turn|24\n|\n|t:|1698109667\n|move|p1a: Slowking|Scald|p2a: Reverse Row\n|-resisted|p2a: Reverse Row\n|-damage|p2a: Reverse Row|0 fnt\n|faint|p2a: Reverse Row\n|\n|-weather|none\n|upkeep\n|\n|t:|1698109675\n|switch|p2a: Hip Lift|Torkoal, F|75\/100\n|-weather|SunnyDay|[from] ability: Drought|[of] p2a: Hip Lift\n|turn|25\n|\n|t:|1698109686\n|move|p1a: Slowking|Scald|p2a: Hip Lift\n|-supereffective|p2a: Hip Lift\n|-crit|p2a: Hip Lift\n|-damage|p2a: Hip Lift|23\/100\n|move|p2a: Hip Lift|Stealth Rock|p1a: Slowking\n|-sidestart|p1: Keyloada|move: Stealth Rock\n|\n|-weather|SunnyDay|[upkeep]\n|upkeep\n|turn|26\n|\n|t:|1698109695\n|move|p1a: Slowking|Scald|p2a: Hip Lift\n|-supereffective|p2a: Hip Lift\n|-damage|p2a: Hip Lift|0 fnt\n|faint|p2a: Hip Lift\n|\n|-weather|SunnyDay|[upkeep]\n|upkeep\n|\n|t:|1698109722\n|switch|p2a: Plank|Roaring Moon|87\/100\n|-activate|p2a: Plank|ability: Protosynthesis\n|-start|p2a: Plank|protosynthesisatk\n|turn|27\n|\n|t:|1698109740\n|move|p1a: Slowking|Chilly Reception|p1a: Slowking\n|-weather|Snow\n|-end|p2a: Plank|Protosynthesis\n|\n|t:|1698109744\n|switch|p1a: Baxcalibur|Baxcalibur, F|100\/100|[from] Chilly Reception\n|-damage|p1a: Baxcalibur|76\/100|[from] Stealth Rock\n|move|p2a: Plank|Knock Off|p1a: Baxcalibur\n|-damage|p1a: Baxcalibur|44\/100\n|-enditem|p1a: Baxcalibur|Leftovers|[from] move: Knock Off|[of] p2a: Plank\n|\n|-weather|Snow|[upkeep]\n|-fieldend|move: Trick Room\n|upkeep\n|turn|28\n|\n|t:|1698109756\n|switch|p1a: Slowking|Slowking, F|100\/100\n|-damage|p1a: Slowking|88\/100|[from] Stealth Rock\n|move|p2a: Plank|Knock Off|p1a: Slowking\n|-supereffective|p1a: Slowking\n|-enditem|p1a: Slowking|Colbur Berry|[eat]\n|-enditem|p1a: Slowking|Colbur Berry|[weaken]\n|-damage|p1a: Slowking|42\/100\n|\n|-weather|Snow|[upkeep]\n|upkeep\n|turn|29\n|\n|t:|1698109768\n|move|p2a: Plank|Knock Off|p1a: Slowking\n|-supereffective|p1a: Slowking\n|-damage|p1a: Slowking|0 fnt\n|faint|p1a: Slowking\n|\n|-weather|Snow|[upkeep]\n|upkeep\n|\n|t:|1698109775\n|switch|p1a: Baxcalibur|Baxcalibur, F|44\/100\n|-damage|p1a: Baxcalibur|19\/100|[from] Stealth Rock\n|turn|30\n|\n|t:|1698109781\n|move|p2a: Plank|Knock Off|p1a: Baxcalibur\n|-damage|p1a: Baxcalibur|0 fnt\n|faint|p1a: Baxcalibur\n|\n|win|ChiefBlueScreen\n","uploadtime":1698109806,"views":32,"p1id":"keyloada","p2id":"chiefbluescreen","formatid":"gen9anythinggoes","rating":0,"private":0,"password":""}