{"id":"gen9anythinggoes-1991549431","p1":"sillySPINES","p2":"twerpymebs","format":"[Gen 9] Anything Goes","log":"|j|\u2606sillySPINES\n|j|\u203dtwerpymebs\n|t:|1700087330\n|gametype|singles\n|player|p1|sillySPINES|lucian|1137\n|player|p2|twerpymebs|unknown|1205\n|teamsize|p1|6\n|teamsize|p2|6\n|gen|9\n|tier|[Gen 9] Anything Goes\n|rated|\n|rule|HP Percentage Mod: HP is shown in percentages\n|rule|Endless Battle Clause: Forcing endless battles is banned\n|clearpoke\n|poke|p1|Gliscor, M|\n|poke|p1|Infernape, M|\n|poke|p1|Zoroark, M|\n|poke|p1|Vaporeon, F|\n|poke|p1|Volcarona, F|\n|poke|p1|Magnezone|\n|poke|p2|Toxtricity, F|\n|poke|p2|Sableye, M|\n|poke|p2|Pineco, M|\n|poke|p2|Grafaiai, F|\n|poke|p2|Bronzong|\n|poke|p2|Yanmega, M|\n|teampreview\n|inactive|Battle timer is ON: inactive players will automatically lose when time's up. (requested by sillySPINES)\n|\n|t:|1700087388\n|start\n|switch|p1a: Volcarona|Vaporeon, F, shiny|100\/100\n|switch|p2a: Sableye|Sableye, M|100\/100\n|turn|1\n|\n|t:|1700087394\n|move|p2a: Sableye|Will-O-Wisp|p1a: Volcarona\n|-status|p1a: Volcarona|brn\n|move|p1a: Volcarona|Calm Mind|p1a: Volcarona\n|-boost|p1a: Volcarona|spa|1\n|-boost|p1a: Volcarona|spd|1\n|\n|-damage|p1a: Volcarona|94\/100 brn|[from] brn\n|upkeep\n|turn|2\n|\n|t:|1700087401\n|move|p1a: Volcarona|Rain Dance|p1a: Volcarona\n|-weather|RainDance\n|move|p2a: Sableye|Hex|p1a: Volcarona\n|-damage|p1a: Volcarona|77\/100 brn\n|\n|-weather|RainDance|[upkeep]\n|-activate|p1a: Volcarona|ability: Hydration\n|-curestatus|p1a: Volcarona|brn|[msg]\n|-heal|p1a: Volcarona|83\/100|[from] item: Leftovers\n|upkeep\n|turn|3\n|\n|t:|1700087405\n|move|p2a: Sableye|Light Screen|p2a: Sableye\n|-sidestart|p2: twerpymebs|move: Light Screen\n|move|p1a: Volcarona|Calm Mind|p1a: Volcarona\n|-boost|p1a: Volcarona|spa|1\n|-boost|p1a: Volcarona|spd|1\n|\n|-weather|RainDance|[upkeep]\n|-heal|p1a: Volcarona|89\/100|[from] item: Leftovers\n|upkeep\n|turn|4\n|\n|t:|1700087409\n|move|p2a: Sableye|Reflect|p2a: Sableye\n|-sidestart|p2: twerpymebs|Reflect\n|move|p1a: Volcarona|Calm Mind|p1a: Volcarona\n|-boost|p1a: Volcarona|spa|1\n|-boost|p1a: Volcarona|spd|1\n|\n|-weather|RainDance|[upkeep]\n|-heal|p1a: Volcarona|96\/100|[from] item: Leftovers\n|upkeep\n|turn|5\n|\n|t:|1700087415\n|switch|p2a: Pineco|Pineco, M|100\/100\n|move|p1a: Volcarona|Detect||[still]\n|-fail|p1a: Volcarona\n|\n|-weather|RainDance|[upkeep]\n|-heal|p1a: Volcarona|100\/100|[from] item: Leftovers\n|upkeep\n|turn|6\n|\n|t:|1700087419\n|move|p1a: Volcarona|Calm Mind|p1a: Volcarona\n|-boost|p1a: Volcarona|spa|1\n|-boost|p1a: Volcarona|spd|1\n|move|p2a: Pineco|Stealth Rock|p1a: Volcarona\n|-sidestart|p1: sillySPINES|move: Stealth Rock\n|\n|-weather|none\n|upkeep\n|turn|7\n|\n|t:|1700087424\n|move|p1a: Volcarona|Rain Dance|p1a: Volcarona\n|-weather|RainDance\n|move|p2a: Pineco|Spikes|p1a: Volcarona\n|-sidestart|p1: sillySPINES|Spikes\n|\n|-weather|RainDance|[upkeep]\n|upkeep\n|turn|8\n|\n|t:|1700087427\n|move|p1a: Volcarona|Baton Pass|p1a: Volcarona\n|\n|t:|1700087437\n|switch|p1a: Volcarona|Magnezone|100\/100|[from] Baton Pass\n|-damage|p1a: Volcarona|94\/100|[from] Stealth Rock\n|-damage|p1a: Volcarona|82\/100|[from] Spikes\n|move|p2a: Pineco|Spikes|p1a: Volcarona\n|-sidestart|p1: sillySPINES|Spikes\n|\n|-weather|RainDance|[upkeep]\n|-heal|p1a: Volcarona|88\/100|[from] item: Leftovers\n|upkeep\n|turn|9\n|\n|t:|1700087449\n|move|p1a: Volcarona|Thunder|p2a: Pineco\n|-ability|p2a: Pineco|Sturdy\n|-damage|p2a: Pineco|1\/100\n|move|p2a: Pineco|Spikes|p1a: Volcarona\n|-sidestart|p1: sillySPINES|Spikes\n|\n|-weather|RainDance|[upkeep]\n|-heal|p1a: Volcarona|94\/100|[from] item: Leftovers\n|upkeep\n|turn|10\n|\n|t:|1700087457\n|move|p1a: Volcarona|Iron Defense|p1a: Volcarona\n|-boost|p1a: Volcarona|def|2\n|move|p2a: Pineco|Rapid Spin|p1a: Volcarona\n|-resisted|p1a: Volcarona\n|-damage|p1a: Volcarona|92\/100\n|-boost|p2a: Pineco|spe|1\n|\n|-weather|RainDance|[upkeep]\n|-heal|p1a: Volcarona|98\/100|[from] item: Leftovers\n|-sideend|p2: twerpymebs|move: Light Screen\n|upkeep\n|turn|11\n|\n|t:|1700087469\n|move|p2a: Pineco|Rapid Spin|p1a: Volcarona\n|-resisted|p1a: Volcarona\n|-damage|p1a: Volcarona|96\/100\n|-boost|p2a: Pineco|spe|1\n|move|p1a: Volcarona|Iron Defense|p1a: Volcarona\n|-boost|p1a: Volcarona|def|2\n|\n|-weather|none\n|-heal|p1a: Volcarona|100\/100|[from] item: Leftovers\n|-sideend|p2: twerpymebs|Reflect\n|upkeep\n|turn|12\n|\n|t:|1700087475\n|switch|p2a: Sableye|Sableye, M|100\/100\n|move|p1a: Volcarona|Flash Cannon|p2a: Sableye\n|-damage|p2a: Sableye|0 fnt\n|faint|p2a: Sableye\n|\n|upkeep\n|\n|t:|1700087484\n|switch|p2a: Grafaiai|Grafaiai, F|100\/100\n|-item|p2a: Grafaiai|Air Balloon\n|turn|13\n|\n|t:|1700087494\n|move|p2a: Grafaiai|Knock Off|p1a: Volcarona\n|-damage|p1a: Volcarona|92\/100\n|-enditem|p1a: Volcarona|Leftovers|[from] move: Knock Off|[of] p2a: Grafaiai\n|move|p1a: Volcarona|Mirror Coat||[still]\n|-fail|p1a: Volcarona\n|\n|upkeep\n|turn|14\n|\n|t:|1700087499\n|move|p2a: Grafaiai|Low Kick|p1a: Volcarona\n|-supereffective|p1a: Volcarona\n|-damage|p1a: Volcarona|73\/100\n|move|p1a: Volcarona|Flash Cannon|p2a: Grafaiai\n|-damage|p2a: Grafaiai|0 fnt\n|-enditem|p2a: Grafaiai|Air Balloon\n|faint|p2a: Grafaiai\n|\n|upkeep\n|\n|t:|1700087507\n|switch|p2a: Bronzong|Bronzong|100\/100\n|turn|15\n|\n|t:|1700087516\n|move|p1a: Volcarona|Iron Defense|p1a: Volcarona\n|-boost|p1a: Volcarona|def|2\n|move|p2a: Bronzong|Iron Defense|p2a: Bronzong\n|-boost|p2a: Bronzong|def|2\n|\n|upkeep\n|turn|16\n|\n|t:|1700087524\n|move|p1a: Volcarona|Flash Cannon|p2a: Bronzong\n|-resisted|p2a: Bronzong\n|-damage|p2a: Bronzong|45\/100\n|move|p2a: Bronzong|Calm Mind|p2a: Bronzong\n|-boost|p2a: Bronzong|spa|1\n|-boost|p2a: Bronzong|spd|1\n|\n|-heal|p2a: Bronzong|51\/100|[from] item: Leftovers\n|upkeep\n|turn|17\n|\n|t:|1700087534\n|move|p1a: Volcarona|Flash Cannon|p2a: Bronzong\n|-resisted|p2a: Bronzong\n|-damage|p2a: Bronzong|12\/100\n|move|p2a: Bronzong|Calm Mind|p2a: Bronzong\n|-boost|p2a: Bronzong|spa|1\n|-boost|p2a: Bronzong|spd|1\n|\n|-heal|p2a: Bronzong|18\/100|[from] item: Leftovers\n|upkeep\n|turn|18\n|\n|t:|1700087542\n|move|p2a: Bronzong|Calm Mind|p2a: Bronzong\n|-boost|p2a: Bronzong|spa|1\n|-boost|p2a: Bronzong|spd|1\n|move|p1a: Volcarona|Mirror Coat||[still]\n|-fail|p1a: Volcarona\n|\n|-heal|p2a: Bronzong|24\/100|[from] item: Leftovers\n|upkeep\n|turn|19\n|\n|t:|1700087546\n|move|p1a: Volcarona|Flash Cannon|p2a: Bronzong\n|-resisted|p2a: Bronzong\n|-damage|p2a: Bronzong|0 fnt\n|faint|p2a: Bronzong\n|\n|upkeep\n|-message|twerpymebs forfeited.\n|\n|win|sillySPINES\n|raw|sillySPINES's rating: 1137 &rarr; <strong>1167<\/strong><br \/>(+30 for winning)\n|raw|twerpymebs's rating: 1205 &rarr; <strong>1175<\/strong><br \/>(-30 for losing)\n|l|\u203dtwerpymebs\n|c|\u2606sillySPINES|ggs\n","uploadtime":1700087625,"views":5,"p1id":"sillyspines","p2id":"twerpymebs","formatid":"gen9anythinggoes","rating":1167,"private":0,"password":""}