{"id":"gen9anythinggoes-1988111989","p1":"ZED.Bits","p2":"Blade Z Knights","format":"[Gen 9] Anything Goes","log":"|j|\u2606ZED.Bits\n|j|\u2606Blade Z Knights\n|t:|1699670998\n|gametype|singles\n|player|p1|ZED.Bits|swimmerf-gen4dp|1084\n|player|p2|Blade Z Knights|giovanni|1213\n|teamsize|p1|6\n|teamsize|p2|6\n|gen|9\n|tier|[Gen 9] Anything Goes\n|rated|\n|rule|HP Percentage Mod: HP is shown in percentages\n|rule|Endless Battle Clause: Forcing endless battles is banned\n|clearpoke\n|poke|p1|Dragapult, F|\n|poke|p1|Gengar, M|\n|poke|p1|Lucario, M|\n|poke|p1|Talonflame, F|\n|poke|p1|Kingambit, M|\n|poke|p1|Flutter Mane|\n|poke|p2|Torterra, M|\n|poke|p2|Glimmora, F|\n|poke|p2|Ting-Lu|\n|poke|p2|Hippowdon, M|\n|poke|p2|Hoopa-Unbound|\n|poke|p2|Mismagius, F|\n|teampreview\n|inactive|Battle timer is ON: inactive players will automatically lose when time's up. (requested by Blade Z Knights)\n|\n|t:|1699671011\n|start\n|switch|p1a: Dragapult|Dragapult, F|100\/100\n|switch|p2a: Glimmora|Glimmora, F, shiny|100\/100\n|turn|1\n|\n|t:|1699671021\n|move|p1a: Dragapult|Dragon Darts|p2a: Glimmora\n|-damage|p2a: Glimmora|56\/100\n|-activate|p2a: Glimmora|ability: Toxic Debris\n|-sidestart|p1: ZED.Bits|move: Toxic Spikes\n|-anim|p1a: Dragapult|Dragon Darts|p2a: Glimmora\n|-damage|p2a: Glimmora|12\/100\n|-activate|p2a: Glimmora|ability: Toxic Debris\n|-sidestart|p1: ZED.Bits|move: Toxic Spikes\n|-damage|p1a: Dragapult|91\/100|[from] item: Life Orb\n|move|p2a: Glimmora|Mortal Spin|p1a: Dragapult\n|-resisted|p1a: Dragapult\n|-damage|p1a: Dragapult|86\/100\n|-status|p1a: Dragapult|psn\n|\n|-damage|p1a: Dragapult|74\/100 psn|[from] psn\n|upkeep\n|turn|2\n|\n|t:|1699671038\n|move|p1a: Dragapult|Phantom Force||[still]\n|-prepare|p1a: Dragapult|Phantom Force\n|move|p2a: Glimmora|Flash Cannon|p1a: Dragapult|[miss]\n|-miss|p2a: Glimmora|p1a: Dragapult\n|\n|-damage|p1a: Dragapult|61\/100 psn|[from] psn\n|upkeep\n|turn|3\n|\n|t:|1699671046\n|switch|p2a: Ting-Lu|Ting-Lu|100\/100\n|-ability|p2a: Ting-Lu|Vessel of Ruin\n|move|p1a: Dragapult|Phantom Force|p2a: Ting-Lu|[from]lockedmove\n|-resisted|p2a: Ting-Lu\n|-damage|p2a: Ting-Lu|83\/100\n|-damage|p1a: Dragapult|52\/100 psn|[from] item: Life Orb\n|\n|-heal|p2a: Ting-Lu|89\/100|[from] item: Leftovers\n|-damage|p1a: Dragapult|39\/100 psn|[from] psn\n|upkeep\n|turn|4\n|\n|t:|1699671067\n|move|p1a: Dragapult|Dragon Darts|p2a: Ting-Lu\n|-damage|p2a: Ting-Lu|69\/100\n|-anim|p1a: Dragapult|Dragon Darts|p2a: Ting-Lu\n|-damage|p2a: Ting-Lu|49\/100\n|-damage|p1a: Dragapult|30\/100 psn|[from] item: Life Orb\n|move|p2a: Ting-Lu|Stealth Rock|p1a: Dragapult\n|-sidestart|p1: ZED.Bits|move: Stealth Rock\n|\n|-heal|p2a: Ting-Lu|56\/100|[from] item: Leftovers\n|-damage|p1a: Dragapult|17\/100 psn|[from] psn\n|upkeep\n|turn|5\n|\n|t:|1699671083\n|move|p1a: Dragapult|Dragon Darts|p2a: Ting-Lu\n|-damage|p2a: Ting-Lu|36\/100\n|-anim|p1a: Dragapult|Dragon Darts|p2a: Ting-Lu\n|-damage|p2a: Ting-Lu|15\/100\n|-damage|p1a: Dragapult|7\/100 psn|[from] item: Life Orb\n|move|p2a: Ting-Lu|Earthquake|p1a: Dragapult\n|-damage|p1a: Dragapult|0 fnt\n|faint|p1a: Dragapult\n|\n|-heal|p2a: Ting-Lu|21\/100|[from] item: Leftovers\n|upkeep\n|\n|t:|1699671093\n|switch|p1a: Gengar|Gengar, M|100\/100\n|-sideend|p1: ZED.Bits|move: Toxic Spikes|[of] p1a: Gengar\n|-damage|p1a: Gengar|88\/100|[from] Stealth Rock\n|turn|6\n|\n|t:|1699671105\n|move|p1a: Gengar|Thunderbolt|p2a: Ting-Lu\n|-immune|p2a: Ting-Lu\n|move|p2a: Ting-Lu|Earthquake|p1a: Gengar\n|-supereffective|p1a: Gengar\n|-damage|p1a: Gengar|0 fnt\n|faint|p1a: Gengar\n|\n|-heal|p2a: Ting-Lu|28\/100|[from] item: Leftovers\n|upkeep\n|\n|t:|1699671113\n|switch|p1a: Lucario|Lucario, M|100\/100\n|-damage|p1a: Lucario|98\/100|[from] Stealth Rock\n|-item|p1a: Lucario|Air Balloon\n|turn|7\n|\n|t:|1699671120\n|move|p1a: Lucario|Shadow Claw|p2a: Ting-Lu\n|-resisted|p2a: Ting-Lu\n|-crit|p2a: Ting-Lu\n|-damage|p2a: Ting-Lu|18\/100\n|move|p2a: Ting-Lu|Taunt|p1a: Lucario\n|-start|p1a: Lucario|move: Taunt\n|\n|-heal|p2a: Ting-Lu|25\/100|[from] item: Leftovers\n|upkeep\n|turn|8\n|\n|t:|1699671134\n|switch|p2a: Glimmora|Glimmora, F, shiny|12\/100\n|move|p1a: Lucario|High Jump Kick|p2a: Glimmora|[miss]\n|-miss|p1a: Lucario|p2a: Glimmora\n|-damage|p1a: Lucario|48\/100|[from] highjumpkick\n|\n|upkeep\n|turn|9\n|\n|t:|1699671144\n|move|p1a: Lucario|Shadow Claw|p2a: Glimmora\n|-damage|p2a: Glimmora|0 fnt\n|-activate|p2a: Glimmora|ability: Toxic Debris\n|-sidestart|p1: ZED.Bits|move: Toxic Spikes\n|faint|p2a: Glimmora\n|\n|upkeep\n|\n|t:|1699671158\n|switch|p2a: Hippowdon|Hippowdon, M|100\/100\n|-weather|Sandstorm|[from] ability: Sand Stream|[of] p2a: Hippowdon\n|turn|10\n|\n|t:|1699671165\n|move|p1a: Lucario|High Jump Kick|p2a: Hippowdon\n|-damage|p2a: Hippowdon|67\/100\n|move|p2a: Hippowdon|Yawn|p1a: Lucario\n|-start|p1a: Lucario|move: Yawn|[of] p2a: Hippowdon\n|\n|-weather|Sandstorm|[upkeep]\n|-end|p1a: Lucario|move: Taunt\n|upkeep\n|turn|11\n|\n|t:|1699671185\n|move|p1a: Lucario|Ice Punch|p2a: Hippowdon\n|-supereffective|p2a: Hippowdon\n|-damage|p2a: Hippowdon|39\/100\n|move|p2a: Hippowdon|Ice Fang|p1a: Lucario\n|-resisted|p1a: Lucario\n|-damage|p1a: Lucario|35\/100\n|-status|p1a: Lucario|frz\n|-enditem|p1a: Lucario|Air Balloon\n|\n|-weather|Sandstorm|[upkeep]\n|-end|p1a: Lucario|move: Yawn|[silent]\n|upkeep\n|turn|12\n|\n|t:|1699671200\n|cant|p1a: Lucario|frz\n|move|p2a: Hippowdon|Slack Off|p2a: Hippowdon\n|-heal|p2a: Hippowdon|89\/100\n|\n|-weather|Sandstorm|[upkeep]\n|upkeep\n|turn|13\n|\n|t:|1699671207\n|cant|p1a: Lucario|frz\n|move|p2a: Hippowdon|Earthquake|p1a: Lucario\n|-supereffective|p1a: Lucario\n|-damage|p1a: Lucario|0 fnt\n|faint|p1a: Lucario\n|\n|-weather|Sandstorm|[upkeep]\n|upkeep\n|\n|t:|1699671214\n|switch|p1a: Flutter Mane|Flutter Mane|100\/100\n|turn|14\n|\n|t:|1699671223\n|move|p1a: Flutter Mane|Moonblast|p2a: Hippowdon\n|-damage|p2a: Hippowdon|43\/100\n|-unboost|p2a: Hippowdon|spa|1\n|move|p2a: Hippowdon|Yawn|p1a: Flutter Mane\n|-start|p1a: Flutter Mane|move: Yawn|[of] p2a: Hippowdon\n|\n|-weather|Sandstorm|[upkeep]\n|-damage|p1a: Flutter Mane|95\/100|[from] Sandstorm\n|upkeep\n|turn|15\n|\n|t:|1699671237\n|switch|p2a: Torterra|Torterra, M, shiny|100\/100\n|move|p1a: Flutter Mane|Moonblast|p2a: Torterra\n|-damage|p2a: Torterra|39\/100\n|\n|-weather|Sandstorm|[upkeep]\n|-damage|p1a: Flutter Mane|89\/100|[from] Sandstorm\n|-end|p1a: Flutter Mane|move: Yawn|[silent]\n|-status|p1a: Flutter Mane|slp\n|upkeep\n|turn|16\n|\n|t:|1699671248\n|cant|p1a: Flutter Mane|slp\n|move|p2a: Torterra|Shell Smash|p2a: Torterra\n|-unboost|p2a: Torterra|def|1\n|-unboost|p2a: Torterra|spd|1\n|-boost|p2a: Torterra|atk|2\n|-boost|p2a: Torterra|spa|2\n|-boost|p2a: Torterra|spe|2\n|\n|-weather|Sandstorm|[upkeep]\n|-damage|p1a: Flutter Mane|83\/100 slp|[from] Sandstorm\n|upkeep\n|turn|17\n|\n|t:|1699671260\n|move|p2a: Torterra|Rock Blast|p1a: Flutter Mane\n|-damage|p1a: Flutter Mane|46\/100 slp\n|-damage|p1a: Flutter Mane|12\/100 slp\n|-damage|p1a: Flutter Mane|0 fnt\n|faint|p1a: Flutter Mane\n|-end|p1a: Flutter Mane|Protosynthesis|[silent]\n|-hitcount|p1: Flutter Mane|3\n|\n|-weather|none\n|upkeep\n|\n|t:|1699671267\n|switch|p1a: Talonflame|Talonflame, F|100\/100\n|-damage|p1a: Talonflame|51\/100|[from] Stealth Rock\n|turn|18\n|\n|t:|1699671274\n|move|p2a: Torterra|Rock Blast|p1a: Talonflame\n|-supereffective|p1a: Talonflame\n|-damage|p1a: Talonflame|0 fnt\n|faint|p1a: Talonflame\n|-hitcount|p1: Talonflame|1\n|\n|upkeep\n|\n|t:|1699671278\n|switch|p1a: Kingambit|Kingambit, M, shiny|100\/100\n|-damage|p1a: Kingambit|94\/100|[from] Stealth Rock\n|-activate|p1a: Kingambit|ability: Supreme Overlord\n|-start|p1a: Kingambit|fallen5|[silent]\n|turn|19\n|\n|t:|1699671288\n|switch|p2a: Hippowdon|Hippowdon, M|43\/100\n|-weather|Sandstorm|[from] ability: Sand Stream|[of] p2a: Hippowdon\n|move|p1a: Kingambit|Sucker Punch||[still]\n|-fail|p1a: Kingambit\n|\n|-weather|Sandstorm|[upkeep]\n|-heal|p1a: Kingambit|100\/100|[from] item: Leftovers\n|upkeep\n|turn|20\n|\n|t:|1699671301\n|-terastallize|p1a: Kingambit|Flying\n|move|p1a: Kingambit|Tera Blast|p2a: Hippowdon|[anim] Tera Blast Flying\n|-damage|p2a: Hippowdon|10\/100\n|move|p2a: Hippowdon|Yawn|p1a: Kingambit\n|-start|p1a: Kingambit|move: Yawn|[of] p2a: Hippowdon\n|\n|-weather|Sandstorm|[upkeep]\n|-damage|p1a: Kingambit|94\/100|[from] Sandstorm\n|-heal|p1a: Kingambit|100\/100|[from] item: Leftovers\n|upkeep\n|turn|21\n|\n|t:|1699671316\n|move|p1a: Kingambit|Sucker Punch||[still]\n|-fail|p1a: Kingambit\n|move|p2a: Hippowdon|Slack Off|p2a: Hippowdon\n|-heal|p2a: Hippowdon|60\/100\n|\n|-weather|Sandstorm|[upkeep]\n|-damage|p1a: Kingambit|94\/100|[from] Sandstorm\n|-heal|p1a: Kingambit|100\/100|[from] item: Leftovers\n|-end|p1a: Kingambit|move: Yawn|[silent]\n|-status|p1a: Kingambit|slp\n|upkeep\n|turn|22\n|\n|t:|1699671328\n|cant|p1a: Kingambit|slp\n|move|p2a: Hippowdon|Ice Fang|p1a: Kingambit|[miss]\n|-miss|p2a: Hippowdon|p1a: Kingambit\n|\n|-weather|Sandstorm|[upkeep]\n|-damage|p1a: Kingambit|94\/100 slp|[from] Sandstorm\n|-heal|p1a: Kingambit|100\/100 slp|[from] item: Leftovers\n|upkeep\n|turn|23\n|\n|t:|1699671337\n|cant|p1a: Kingambit|slp\n|move|p2a: Hippowdon|Ice Fang|p1a: Kingambit\n|-supereffective|p1a: Kingambit\n|-damage|p1a: Kingambit|76\/100 slp\n|\n|-weather|Sandstorm|[upkeep]\n|-damage|p1a: Kingambit|70\/100 slp|[from] Sandstorm\n|-heal|p1a: Kingambit|76\/100 slp|[from] item: Leftovers\n|upkeep\n|turn|24\n|\n|t:|1699671347\n|-curestatus|p1a: Kingambit|slp|[msg]\n|move|p1a: Kingambit|Swords Dance|p1a: Kingambit\n|-boost|p1a: Kingambit|atk|2\n|move|p2a: Hippowdon|Yawn|p1a: Kingambit\n|-start|p1a: Kingambit|move: Yawn|[of] p2a: Hippowdon\n|\n|-weather|Sandstorm|[upkeep]\n|-damage|p1a: Kingambit|70\/100|[from] Sandstorm\n|-heal|p1a: Kingambit|76\/100|[from] item: Leftovers\n|upkeep\n|turn|25\n|\n|t:|1699671359\n|move|p1a: Kingambit|Kowtow Cleave|p2a: Hippowdon\n|-damage|p2a: Hippowdon|0 fnt\n|faint|p2a: Hippowdon\n|\n|-weather|Sandstorm|[upkeep]\n|-damage|p1a: Kingambit|70\/100|[from] Sandstorm\n|-heal|p1a: Kingambit|76\/100|[from] item: Leftovers\n|-end|p1a: Kingambit|move: Yawn|[silent]\n|-status|p1a: Kingambit|slp\n|upkeep\n|\n|t:|1699671374\n|switch|p2a: Hoopa|Hoopa-Unbound|100\/100\n|turn|26\n|\n|t:|1699671384\n|-terastallize|p2a: Hoopa|Dark\n|cant|p1a: Kingambit|slp\n|move|p2a: Hoopa|Hyperspace Fury|p1a: Kingambit\n|-damage|p1a: Kingambit|0 fnt\n|-unboost|p2a: Hoopa|def|1\n|faint|p1a: Kingambit\n|-end|p1a: Kingambit|fallen5|[silent]\n|\n|win|Blade Z Knights\n|raw|ZED.Bits's rating: 1084 &rarr; <strong>1069<\/strong><br \/>(-15 for losing)\n|raw|Blade Z Knights's rating: 1213 &rarr; <strong>1229<\/strong><br \/>(+16 for winning)\n|l|\u2606ZED.Bits\n|c|\u2606Blade Z Knights|Gg\n","uploadtime":1699671398,"views":5,"p1id":"zedbits","p2id":"bladezknights","formatid":"gen9anythinggoes","rating":1069,"private":0,"password":""}