{"id":"gen9anythinggoes-1981127516","p1":"trotman","p2":"jdrew17","format":"[Gen 9] Anything Goes","log":"|j|\u2606trotman\n|j|\u2606jdrew17\n|t:|1698865747\n|gametype|singles\n|player|p1|trotman|brycenman|1244\n|player|p2|jdrew17|steven|1219\n|teamsize|p1|6\n|teamsize|p2|6\n|gen|9\n|tier|[Gen 9] Anything Goes\n|rated|\n|rule|HP Percentage Mod: HP is shown in percentages\n|rule|Endless Battle Clause: Forcing endless battles is banned\n|clearpoke\n|poke|p1|Ogerpon, F|\n|poke|p1|Okidogi, M|\n|poke|p1|Regieleki|\n|poke|p1|Kingambit, M|\n|poke|p1|Palafin, F|\n|poke|p1|Chi-Yu|\n|poke|p2|Dragonite, M|\n|poke|p2|Maushold-Four|\n|poke|p2|Luxray, M|\n|poke|p2|Houndstone, F|\n|poke|p2|Darkrai|\n|poke|p2|Ambipom, M|\n|teampreview\n|\n|t:|1698865759\n|start\n|switch|p1a: Palafin|Palafin, F, shiny|100\/100\n|switch|p2a: Darkrai|Darkrai|100\/100\n|turn|1\n|inactive|Battle timer is ON: inactive players will automatically lose when time's up. (requested by jdrew17)\n|\n|t:|1698865770\n|move|p2a: Darkrai|Hypnosis|p1a: Palafin|[miss]\n|-miss|p2a: Darkrai|p1a: Palafin\n|move|p1a: Palafin|Flip Turn|p2a: Darkrai\n|-damage|p2a: Darkrai|61\/100\n|\n|t:|1698865779\n|detailschange|p1a: Palafin|Palafin-Hero, F, shiny\n|switch|p1a: Regieleki|Regieleki, shiny|100\/100|[from] Flip Turn\n|\n|upkeep\n|turn|2\n|\n|t:|1698865784\n|move|p1a: Regieleki|Thunderbolt|p2a: Darkrai\n|-crit|p2a: Darkrai\n|-damage|p2a: Darkrai|0 fnt\n|faint|p2a: Darkrai\n|-damage|p1a: Regieleki|91\/100|[from] item: Life Orb\n|\n|upkeep\n|\n|t:|1698865794\n|switch|p2a: Ambipom|Ambipom, M|100\/100\n|turn|3\n|\n|t:|1698865798\n|switch|p1a: Kingambit|Kingambit, M, shiny|100\/100\n|move|p2a: Ambipom|Fake Out|p1a: Kingambit\n|-resisted|p1a: Kingambit\n|-damage|p1a: Kingambit|92\/100\n|\n|-heal|p1a: Kingambit|98\/100|[from] item: Leftovers\n|upkeep\n|turn|4\n|\n|t:|1698865809\n|move|p2a: Ambipom|Knock Off|p1a: Kingambit\n|-resisted|p1a: Kingambit\n|-damage|p1a: Kingambit|90\/100\n|-enditem|p1a: Kingambit|Leftovers|[from] move: Knock Off|[of] p2a: Ambipom\n|move|p1a: Kingambit|Stealth Rock|p2a: Ambipom\n|-sidestart|p2: jdrew17|move: Stealth Rock\n|\n|upkeep\n|turn|5\n|\n|t:|1698865815\n|move|p2a: Ambipom|U-turn|p1a: Kingambit\n|-damage|p1a: Kingambit|79\/100\n|\n|t:|1698865820\n|switch|p2a: Luxray|Luxray, M|100\/100|[from] U-turn\n|-damage|p2a: Luxray|88\/100|[from] Stealth Rock\n|move|p1a: Kingambit|Iron Head|p2a: Luxray\n|-resisted|p2a: Luxray\n|-damage|p2a: Luxray|59\/100\n|\n|-status|p2a: Luxray|brn|[from] item: Flame Orb\n|upkeep\n|turn|6\n|\n|t:|1698865831\n|move|p2a: Luxray|Thunderbolt|p1a: Kingambit\n|-damage|p1a: Kingambit|50\/100\n|move|p1a: Kingambit|Iron Head|p2a: Luxray\n|-resisted|p2a: Luxray\n|-damage|p2a: Luxray|33\/100 brn\n|\n|-damage|p2a: Luxray|27\/100 brn|[from] brn\n|upkeep\n|turn|7\n|\n|t:|1698865839\n|move|p2a: Luxray|Thunderbolt|p1a: Kingambit\n|-damage|p1a: Kingambit|19\/100\n|move|p1a: Kingambit|Iron Head|p2a: Luxray\n|-resisted|p2a: Luxray\n|-damage|p2a: Luxray|0 fnt\n|faint|p2a: Luxray\n|\n|upkeep\n|\n|t:|1698865851\n|switch|p2a: Maushold|Maushold-Four|100\/100\n|-damage|p2a: Maushold|88\/100|[from] Stealth Rock\n|turn|8\n|\n|t:|1698865864\n|move|p2a: Maushold|Crunch|p1a: Kingambit\n|-resisted|p1a: Kingambit\n|-damage|p1a: Kingambit|14\/100\n|move|p1a: Kingambit|Thunder Wave|p2a: Maushold\n|-status|p2a: Maushold|par\n|\n|upkeep\n|turn|9\n|\n|t:|1698865878\n|cant|p2a: Maushold|par\n|move|p1a: Kingambit|Iron Head|p2a: Maushold\n|-damage|p2a: Maushold|29\/100 par\n|\n|upkeep\n|turn|10\n|\n|t:|1698865891\n|cant|p2a: Maushold|par\n|move|p1a: Kingambit|Iron Head|p2a: Maushold\n|-damage|p2a: Maushold|0 fnt\n|faint|p2a: Maushold\n|\n|upkeep\n|\n|t:|1698865897\n|switch|p2a: Dragonite|Dragonite, M|100\/100\n|-damage|p2a: Dragonite|76\/100|[from] Stealth Rock\n|turn|11\n|\n|t:|1698865912\n|move|p2a: Dragonite|Extreme Speed|p1a: Kingambit\n|-resisted|p1a: Kingambit\n|-damage|p1a: Kingambit|5\/100\n|move|p1a: Kingambit|Thunder Wave|p2a: Dragonite\n|-status|p2a: Dragonite|par\n|\n|upkeep\n|turn|12\n|\n|t:|1698865919\n|move|p2a: Dragonite|Extreme Speed|p1a: Kingambit\n|-resisted|p1a: Kingambit\n|-damage|p1a: Kingambit|0 fnt\n|faint|p1a: Kingambit\n|\n|upkeep\n|\n|t:|1698865927\n|switch|p1a: Palafin|Palafin-Hero, F, shiny|100\/100\n|-activate|p1a: Palafin|ability: Zero to Hero\n|turn|13\n|\n|t:|1698865947\n|move|p2a: Dragonite|Extreme Speed|p1a: Palafin\n|-crit|p1a: Palafin\n|-damage|p1a: Palafin|54\/100\n|move|p1a: Palafin|Ice Punch|p2a: Dragonite\n|-supereffective|p2a: Dragonite\n|-damage|p2a: Dragonite|0 fnt\n|faint|p2a: Dragonite\n|\n|upkeep\n|\n|t:|1698865954\n|switch|p2a: Ambipom|Ambipom, M|100\/100\n|-damage|p2a: Ambipom|88\/100|[from] Stealth Rock\n|turn|14\n|\n|t:|1698865959\n|move|p2a: Ambipom|Fake Out|p1a: Palafin\n|-damage|p1a: Palafin|24\/100\n|cant|p1a: Palafin|flinch\n|\n|upkeep\n|turn|15\n|\n|t:|1698865965\n|move|p2a: Ambipom|Knock Off|p1a: Palafin\n|-damage|p1a: Palafin|0 fnt\n|-enditem|p1a: Palafin|Choice Band|[from] move: Knock Off|[of] p2a: Ambipom\n|faint|p1a: Palafin\n|\n|upkeep\n|\n|t:|1698865976\n|switch|p1a: Chi-Yu|Chi-Yu|100\/100\n|-ability|p1a: Chi-Yu|Beads of Ruin\n|turn|16\n|\n|t:|1698865981\n|move|p1a: Chi-Yu|Flamethrower|p2a: Ambipom\n|-damage|p2a: Ambipom|0 fnt\n|faint|p2a: Ambipom\n|\n|upkeep\n|\n|t:|1698865985\n|switch|p2a: Houndstone|Houndstone, F|100\/100\n|-damage|p2a: Houndstone|88\/100|[from] Stealth Rock\n|turn|17\n|\n|t:|1698865991\n|move|p1a: Chi-Yu|Flamethrower|p2a: Houndstone\n|-damage|p2a: Houndstone|0 fnt\n|faint|p2a: Houndstone\n|\n|win|trotman\n|raw|trotman's rating: 1244 &rarr; <strong>1267<\/strong><br \/>(+23 for winning)\n|raw|jdrew17's rating: 1219 &rarr; <strong>1196<\/strong><br \/>(-23 for losing)\n|l|\u2606jdrew17\n","uploadtime":1698866006,"views":18,"p1id":"trotman","p2id":"jdrew17","formatid":"gen9anythinggoes","rating":1196,"private":0,"password":""}