{"id":"gen9anythinggoes-1977803680","p1":"godnotagain6","p2":"Hiugyffuvu","format":"[Gen 9] Anything Goes","log":"|j|\u2606godnotagain6\n|j|\u2606Hiugyffuvu\n|t:|1698451573\n|gametype|singles\n|player|p1|godnotagain6|2|1154\n|player|p2|Hiugyffuvu|266|1106\n|teamsize|p1|6\n|teamsize|p2|6\n|gen|9\n|tier|[Gen 9] Anything Goes\n|rated|\n|rule|HP Percentage Mod: HP is shown in percentages\n|rule|Endless Battle Clause: Forcing endless battles is banned\n|clearpoke\n|poke|p1|Skeledirge, M|\n|poke|p1|Garganacl, F|\n|poke|p1|Kilowattrel, M|\n|poke|p1|Flutter Mane|\n|poke|p1|Ogerpon-Hearthflame, F|\n|poke|p1|Great Tusk|\n|poke|p2|Ursaluna, M|\n|poke|p2|Samurott-Hisui, M|\n|poke|p2|Baxcalibur, M|\n|poke|p2|Farigiraf, M|\n|poke|p2|Annihilape, M|\n|poke|p2|Magnezone|\n|teampreview\n|\n|t:|1698451577\n|start\n|switch|p1a: Kilowattrel|Kilowattrel, M|100\/100\n|switch|p2a: Magnezone|Magnezone|100\/100\n|turn|1\n|\n|t:|1698451584\n|move|p1a: Kilowattrel|Thunderbolt|p2a: Magnezone\n|-resisted|p2a: Magnezone\n|-damage|p2a: Magnezone|66\/100\n|move|p2a: Magnezone|Light Screen|p2a: Magnezone\n|-sidestart|p2: Hiugyffuvu|move: Light Screen\n|\n|upkeep\n|turn|2\n|\n|t:|1698451600\n|switch|p1a: Ogerpon|Ogerpon-Hearthflame, F|100\/100\n|-ability|p1a: Ogerpon|Mold Breaker\n|move|p2a: Magnezone|Reflect|p2a: Magnezone\n|-sidestart|p2: Hiugyffuvu|Reflect\n|\n|upkeep\n|turn|3\n|\n|t:|1698451607\n|move|p1a: Ogerpon|Swords Dance|p1a: Ogerpon\n|-boost|p1a: Ogerpon|atk|2\n|move|p2a: Magnezone|Volt Switch|p1a: Ogerpon\n|-resisted|p1a: Ogerpon\n|-damage|p1a: Ogerpon|79\/100\n|\n|t:|1698451625\n|switch|p2a: Farigiraf|Farigiraf, M|100\/100|[from] Volt Switch\n|\n|upkeep\n|turn|4\n|\n|t:|1698451630\n|move|p1a: Ogerpon|Knock Off|p2a: Farigiraf\n|-supereffective|p2a: Farigiraf\n|-damage|p2a: Farigiraf|22\/100\n|-enditem|p2a: Farigiraf|Leftovers|[from] move: Knock Off|[of] p1a: Ogerpon\n|move|p2a: Farigiraf|Trick Room|p2a: Farigiraf\n|-fieldstart|move: Trick Room|[of] p2a: Farigiraf\n|\n|upkeep\n|turn|5\n|\n|t:|1698451640\n|switch|p1a: Skeledirge|Skeledirge, M, shiny|100\/100\n|move|p2a: Farigiraf|Twin Beam|p1a: Skeledirge\n|-damage|p1a: Skeledirge|86\/100\n|-crit|p1a: Skeledirge\n|-damage|p1a: Skeledirge|62\/100\n|-hitcount|p1a: Skeledirge|2\n|\n|-heal|p1a: Skeledirge|68\/100|[from] item: Leftovers\n|-sideend|p2: Hiugyffuvu|move: Light Screen\n|upkeep\n|turn|6\n|\n|t:|1698451650\n|move|p2a: Farigiraf|Twin Beam|p1a: Skeledirge\n|-crit|p1a: Skeledirge\n|-damage|p1a: Skeledirge|46\/100\n|-damage|p1a: Skeledirge|31\/100\n|-hitcount|p1a: Skeledirge|2\n|move|p1a: Skeledirge|Torch Song|p2a: Farigiraf\n|-damage|p2a: Farigiraf|0 fnt\n|-boost|p1a: Skeledirge|spa|1\n|faint|p2a: Farigiraf\n|\n|-heal|p1a: Skeledirge|37\/100|[from] item: Leftovers\n|-sideend|p2: Hiugyffuvu|Reflect\n|upkeep\n|\n|t:|1698451663\n|switch|p2a: Samurott|Samurott-Hisui, M|100\/100\n|turn|7\n|\n|t:|1698451667\n|move|p1a: Skeledirge|Will-O-Wisp|p2a: Samurott\n|-status|p2a: Samurott|brn\n|move|p2a: Samurott|Ceaseless Edge|p1a: Skeledirge|[miss]\n|-miss|p2a: Samurott|p1a: Skeledirge\n|\n|-heal|p1a: Skeledirge|43\/100|[from] item: Leftovers\n|-damage|p2a: Samurott|94\/100 brn|[from] brn\n|upkeep\n|turn|8\n|\n|t:|1698451678\n|move|p1a: Skeledirge|Slack Off|p1a: Skeledirge\n|-heal|p1a: Skeledirge|93\/100\n|move|p2a: Samurott|Ceaseless Edge|p1a: Skeledirge\n|-supereffective|p1a: Skeledirge\n|-damage|p1a: Skeledirge|52\/100\n|-sidestart|p1: godnotagain6|Spikes\n|\n|-heal|p1a: Skeledirge|58\/100|[from] item: Leftovers\n|-damage|p2a: Samurott|88\/100 brn|[from] brn\n|-fieldend|move: Trick Room\n|upkeep\n|turn|9\n|\n|t:|1698451689\n|switch|p1a: Great Tusk|Great Tusk|100\/100\n|move|p2a: Samurott|Ceaseless Edge|p1a: Great Tusk|[miss]\n|-miss|p2a: Samurott|p1a: Great Tusk\n|\n|-damage|p2a: Samurott|82\/100 brn|[from] brn\n|upkeep\n|turn|10\n|\n|t:|1698451699\n|switch|p2a: Magnezone|Magnezone|66\/100\n|move|p1a: Great Tusk|Rapid Spin|p2a: Magnezone\n|-resisted|p2a: Magnezone\n|-damage|p2a: Magnezone|59\/100\n|-boost|p1a: Great Tusk|spe|1\n|-damage|p1a: Great Tusk|84\/100|[from] item: Rocky Helmet|[of] p2a: Magnezone\n|-sideend|p1: godnotagain6|Spikes|[from] move: Rapid Spin|[of] p1a: Great Tusk\n|\n|upkeep\n|turn|11\n|\n|t:|1698451708\n|move|p1a: Great Tusk|Earthquake|p2a: Magnezone\n|-supereffective|p2a: Magnezone\n|-damage|p2a: Magnezone|0 fnt\n|faint|p2a: Magnezone\n|\n|upkeep\n|\n|t:|1698451716\n|switch|p2a: Ursaluna|Ursaluna, M|100\/100\n|turn|12\n|\n|t:|1698451720\n|move|p1a: Great Tusk|Close Combat|p2a: Ursaluna\n|-supereffective|p2a: Ursaluna\n|-damage|p2a: Ursaluna|16\/100\n|-unboost|p1a: Great Tusk|def|1\n|-unboost|p1a: Great Tusk|spd|1\n|move|p2a: Ursaluna|Play Rough|p1a: Great Tusk\n|-supereffective|p1a: Great Tusk\n|-damage|p1a: Great Tusk|4\/100\n|\n|-status|p2a: Ursaluna|brn|[from] item: Flame Orb\n|upkeep\n|turn|13\n|\n|t:|1698451735\n|switch|p2a: Annihilape|Annihilape, M|100\/100\n|move|p1a: Great Tusk|Knock Off|p2a: Annihilape\n|-damage|p2a: Annihilape|62\/100\n|-enditem|p2a: Annihilape|Expert Belt|[from] move: Knock Off|[of] p1a: Great Tusk\n|\n|upkeep\n|turn|14\n|\n|t:|1698451743\n|-end|p1a: Great Tusk|Protosynthesis|[silent]\n|switch|p1a: Kilowattrel|Kilowattrel, M|100\/100\n|move|p2a: Annihilape|Rage Fist|p1a: Kilowattrel\n|-damage|p1a: Kilowattrel|19\/100\n|\n|upkeep\n|turn|15\n|\n|t:|1698451757\n|switch|p2a: Ursaluna|Ursaluna, M|16\/100 brn\n|move|p1a: Kilowattrel|Air Slash|p2a: Ursaluna\n|-damage|p2a: Ursaluna|0 fnt\n|faint|p2a: Ursaluna\n|\n|upkeep\n|\n|t:|1698451766\n|switch|p2a: Baxcalibur|Baxcalibur, M|100\/100\n|turn|16\n|\n|t:|1698451769\n|move|p1a: Kilowattrel|Air Slash|p2a: Baxcalibur\n|-damage|p2a: Baxcalibur|48\/100\n|move|p2a: Baxcalibur|Glaive Rush|p1a: Kilowattrel\n|-damage|p1a: Kilowattrel|0 fnt\n|-singlemove|p2a: Baxcalibur|Glaive Rush|[silent]\n|faint|p1a: Kilowattrel\n|\n|upkeep\n|\n|t:|1698451775\n|switch|p1a: Flutter Mane|Flutter Mane|100\/100\n|-enditem|p1a: Flutter Mane|Booster Energy\n|-activate|p1a: Flutter Mane|ability: Protosynthesis|[fromitem]\n|-start|p1a: Flutter Mane|protosynthesisspe\n|turn|17\n|\n|t:|1698451781\n|-terastallize|p2a: Baxcalibur|Ice\n|move|p1a: Flutter Mane|Moonblast|p2a: Baxcalibur\n|-damage|p2a: Baxcalibur|0 fnt\n|faint|p2a: Baxcalibur\n|\n|upkeep\n|-message|Hiugyffuvu forfeited.\n|\n|win|godnotagain6\n|raw|godnotagain6's rating: 1178 &rarr; <strong>1198<\/strong><br \/>(+20 for winning)\n|raw|Hiugyffuvu's rating: 1106 &rarr; <strong>1086<\/strong><br \/>(-20 for losing)\n|l|\u2606Hiugyffuvu\n","uploadtime":1698451791,"views":5,"p1id":"godnotagain6","p2id":"hiugyffuvu","formatid":"gen9anythinggoes","rating":1086,"private":0,"password":""}