{"id":"gen9anythinggoes-1993585598","p1":"TatsuyaSuop","p2":"Unknown mast","format":"[Gen 9] Anything Goes","log":"|j|\u2606TatsuyaSuop\n|j|\u2606Unknown mast\n|t:|1700334557\n|gametype|singles\n|player|p1|TatsuyaSuop|1|1000\n|player|p2|Unknown mast|170|1000\n|teamsize|p1|6\n|teamsize|p2|6\n|gen|9\n|tier|[Gen 9] Anything Goes\n|rated|\n|rule|HP Percentage Mod: HP is shown in percentages\n|rule|Endless Battle Clause: Forcing endless battles is banned\n|clearpoke\n|poke|p1|Pikachu, F|\n|poke|p1|Pikachu-Alola, M|\n|poke|p1|Pikachu-Hoenn, M|\n|poke|p1|Pikachu-Kalos, M|\n|poke|p1|Pikachu-Partner, M|\n|poke|p1|Pikachu-Unova, M|\n|poke|p2|Lucario, M|\n|poke|p2|Salamence, M|\n|poke|p2|Jigglypuff, M|\n|poke|p2|Muk, M|\n|poke|p2|Mamoswine, M|\n|poke|p2|Beartic, M|\n|teampreview\n|\n|t:|1700334566\n|start\n|switch|p1a: Pikachu|Pikachu, F|100\/100\n|switch|p2a: Jigglypuff|Jigglypuff, M|100\/100\n|turn|1\n|\n|t:|1700334574\n|move|p1a: Pikachu|Growl|p2a: Jigglypuff\n|-unboost|p2a: Jigglypuff|atk|1\n|move|p2a: Jigglypuff|Stealth Rock|p1a: Pikachu\n|-sidestart|p1: TatsuyaSuop|move: Stealth Rock\n|\n|upkeep\n|turn|2\n|\n|t:|1700334580\n|move|p1a: Pikachu|Growl|p2a: Jigglypuff\n|-unboost|p2a: Jigglypuff|atk|1\n|move|p2a: Jigglypuff|Reflect|p2a: Jigglypuff\n|-sidestart|p2: Unknown mast|Reflect\n|\n|upkeep\n|turn|3\n|\n|t:|1700334584\n|move|p1a: Pikachu|Growl|p2a: Jigglypuff\n|-unboost|p2a: Jigglypuff|atk|1\n|move|p2a: Jigglypuff|Light Screen|p2a: Jigglypuff\n|-sidestart|p2: Unknown mast|move: Light Screen\n|\n|upkeep\n|turn|4\n|\n|t:|1700334592\n|move|p1a: Pikachu|Growl|p2a: Jigglypuff\n|-unboost|p2a: Jigglypuff|atk|1\n|move|p2a: Jigglypuff|Baton Pass|p2a: Jigglypuff\n|\n|t:|1700334601\n|switch|p2a: Salamence|Salamence, M|100\/100|[from] Baton Pass\n|\n|upkeep\n|turn|5\n|\n|t:|1700334612\n|move|p2a: Salamence|Dragon Dance|p2a: Salamence\n|-boost|p2a: Salamence|atk|1\n|-boost|p2a: Salamence|spe|1\n|move|p1a: Pikachu|Growl|p2a: Salamence\n|-unboost|p2a: Salamence|atk|1\n|\n|upkeep\n|turn|6\n|\n|t:|1700334625\n|move|p2a: Salamence|Dual Wingbeat|p1a: Pikachu\n|-resisted|p1a: Pikachu\n|-damage|p1a: Pikachu|87\/100\n|-resisted|p1a: Pikachu\n|-damage|p1a: Pikachu|73\/100\n|-status|p2a: Salamence|par|[from] ability: Static|[of] p1a: Pikachu\n|-hitcount|p1a: Pikachu|2\n|-damage|p2a: Salamence|91\/100 par|[from] item: Life Orb\n|move|p1a: Pikachu|Growl|p2a: Salamence\n|-unboost|p2a: Salamence|atk|1\n|\n|-sideend|p2: Unknown mast|Reflect\n|upkeep\n|turn|7\n|\n|t:|1700334637\n|move|p1a: Pikachu|Growl|p2a: Salamence\n|-unboost|p2a: Salamence|atk|1\n|move|p2a: Salamence|Substitute|p2a: Salamence\n|-start|p2a: Salamence|Substitute\n|-damage|p2a: Salamence|66\/100 par\n|\n|-sideend|p2: Unknown mast|move: Light Screen\n|upkeep\n|turn|8\n|\n|t:|1700334645\n|move|p1a: Pikachu|Growl|p2a: Salamence\n|-unboost|p2a: Salamence|atk|0\n|move|p2a: Salamence|Roost|p2a: Salamence\n|-heal|p2a: Salamence|100\/100 par\n|-singleturn|p2a: Salamence|move: Roost\n|\n|upkeep\n|turn|9\n|\n|t:|1700334654\n|switch|p1a: Pikachu|Pikachu-Hoenn, M|100\/100\n|-damage|p1a: Pikachu|88\/100|[from] Stealth Rock\n|cant|p2a: Salamence|par\n|\n|upkeep\n|turn|10\n|\n|t:|1700334661\n|move|p1a: Pikachu|Tail Whip||[still]\n|-fail|p1a: Pikachu\n|move|p2a: Salamence|Dragon Dance|p2a: Salamence\n|-boost|p2a: Salamence|atk|1\n|-boost|p2a: Salamence|spe|1\n|\n|upkeep\n|turn|11\n|\n|t:|1700334667\n|move|p2a: Salamence|Dragon Dance|p2a: Salamence\n|-boost|p2a: Salamence|atk|1\n|-boost|p2a: Salamence|spe|1\n|move|p1a: Pikachu|Tail Whip||[still]\n|-fail|p1a: Pikachu\n|\n|upkeep\n|turn|12\n|\n|t:|1700334675\n|switch|p1a: Pikachu|Pikachu-Partner, M|100\/100\n|-damage|p1a: Pikachu|88\/100|[from] Stealth Rock\n|cant|p2a: Salamence|par\n|\n|upkeep\n|turn|13\n|\n|t:|1700334683\n|move|p2a: Salamence|Dragon Dance|p2a: Salamence\n|-boost|p2a: Salamence|atk|1\n|-boost|p2a: Salamence|spe|1\n|move|p1a: Pikachu|Play Nice|p2a: Salamence\n|-unboost|p2a: Salamence|atk|1\n|\n|upkeep\n|turn|14\n|\n|t:|1700334689\n|move|p2a: Salamence|Dragon Dance|p2a: Salamence\n|-boost|p2a: Salamence|atk|1\n|-boost|p2a: Salamence|spe|1\n|move|p1a: Pikachu|Play Nice|p2a: Salamence\n|-unboost|p2a: Salamence|atk|1\n|\n|upkeep\n|turn|15\n|\n|t:|1700334699\n|move|p2a: Salamence|Dragon Dance|p2a: Salamence\n|-boost|p2a: Salamence|atk|1\n|-boost|p2a: Salamence|spe|1\n|move|p1a: Pikachu|Play Nice|p2a: Salamence\n|-unboost|p2a: Salamence|atk|1\n|\n|upkeep\n|turn|16\n|\n|t:|1700334706\n|switch|p2a: Muk|Muk, M|100\/100\n|move|p1a: Pikachu|Play Nice|p2a: Muk\n|-unboost|p2a: Muk|atk|1\n|\n|upkeep\n|turn|17\n|\n|t:|1700334713\n|move|p1a: Pikachu|Play Nice|p2a: Muk\n|-unboost|p2a: Muk|atk|1\n|move|p2a: Muk|Minimize|p2a: Muk\n|-boost|p2a: Muk|evasion|2\n|\n|upkeep\n|turn|18\n|\n|t:|1700334717\n|move|p1a: Pikachu|Play Nice|p2a: Muk\n|-unboost|p2a: Muk|atk|1\n|move|p2a: Muk|Minimize|p2a: Muk\n|-boost|p2a: Muk|evasion|2\n|\n|upkeep\n|turn|19\n|\n|t:|1700334722\n|move|p1a: Pikachu|Play Nice|p2a: Muk\n|-unboost|p2a: Muk|atk|1\n|move|p2a: Muk|Minimize|p2a: Muk\n|-boost|p2a: Muk|evasion|2\n|\n|upkeep\n|turn|20\n|\n|t:|1700334727\n|move|p1a: Pikachu|Play Nice|p2a: Muk\n|-unboost|p2a: Muk|atk|1\n|move|p2a: Muk|Substitute|p2a: Muk\n|-start|p2a: Muk|Substitute\n|-damage|p2a: Muk|76\/100\n|\n|-heal|p2a: Muk|82\/100|[from] item: Black Sludge\n|upkeep\n|turn|21\n|\n|t:|1700334742\n|move|p1a: Pikachu|Play Nice|p2a: Muk\n|-unboost|p2a: Muk|atk|1\n|move|p2a: Muk|Toxic Spikes|p1a: Pikachu\n|-sidestart|p1: TatsuyaSuop|move: Toxic Spikes\n|\n|-heal|p2a: Muk|88\/100|[from] item: Black Sludge\n|upkeep\n|turn|22\n|\n|t:|1700334748\n|move|p1a: Pikachu|Play Nice|p2a: Muk\n|-unboost|p2a: Muk|atk|0\n|move|p2a: Muk|Toxic|p1a: Pikachu\n|-status|p1a: Pikachu|tox\n|\n|-heal|p2a: Muk|94\/100|[from] item: Black Sludge\n|-damage|p1a: Pikachu|82\/100 tox|[from] psn\n|upkeep\n|turn|23\n|\n|t:|1700334757\n|move|p1a: Pikachu|Play Nice|p2a: Muk\n|-unboost|p2a: Muk|atk|0\n|move|p2a: Muk|Toxic Spikes|p1a: Pikachu\n|-sidestart|p1: TatsuyaSuop|move: Toxic Spikes\n|\n|-heal|p2a: Muk|99\/100|[from] item: Black Sludge\n|-damage|p1a: Pikachu|70\/100 tox|[from] psn\n|upkeep\n|turn|24\n|\n|t:|1700334770\n|move|p1a: Pikachu|Play Nice|p2a: Muk\n|-unboost|p2a: Muk|atk|0\n|move|p2a: Muk|Toxic Spikes||[still]\n|-fail|p2a: Muk\n|\n|-heal|p2a: Muk|100\/100|[from] item: Black Sludge\n|-damage|p1a: Pikachu|51\/100 tox|[from] psn\n|upkeep\n|turn|25\n|\n|t:|1700334781\n|switch|p1a: Pikachu|Pikachu-Alola, M|100\/100\n|-damage|p1a: Pikachu|88\/100|[from] Stealth Rock\n|-status|p1a: Pikachu|tox\n|move|p2a: Muk|Minimize|p2a: Muk\n|-boost|p2a: Muk|evasion|0\n|\n|-heal|p1a: Pikachu|94\/100 tox|[from] item: Leftovers\n|-damage|p1a: Pikachu|88\/100 tox|[from] psn\n|upkeep\n|turn|26\n|\n|t:|1700334794\n|move|p1a: Pikachu|Protect|p1a: Pikachu\n|-singleturn|p1a: Pikachu|Protect\n|move|p2a: Muk|Toxic|p1a: Pikachu\n|-activate|p1a: Pikachu|move: Protect\n|\n|-heal|p1a: Pikachu|94\/100 tox|[from] item: Leftovers\n|-damage|p1a: Pikachu|82\/100 tox|[from] psn\n|upkeep\n|turn|27\n|\n|t:|1700334803\n|-terastallize|p2a: Muk|Poison\n|move|p1a: Pikachu|Protect|p1a: Pikachu\n|-singleturn|p1a: Pikachu|Protect\n|move|p2a: Muk|Toxic|p1a: Pikachu\n|-activate|p1a: Pikachu|move: Protect\n|\n|-heal|p1a: Pikachu|88\/100 tox|[from] item: Leftovers\n|-damage|p1a: Pikachu|70\/100 tox|[from] psn\n|upkeep\n|turn|28\n|\n|t:|1700334819\n|move|p1a: Pikachu|Protect||[still]\n|-fail|p1a: Pikachu\n|move|p2a: Muk|Minimize|p2a: Muk\n|-boost|p2a: Muk|evasion|0\n|\n|-heal|p1a: Pikachu|76\/100 tox|[from] item: Leftovers\n|-damage|p1a: Pikachu|51\/100 tox|[from] psn\n|upkeep\n|turn|29\n|\n|t:|1700334828\n|move|p1a: Pikachu|Protect|p1a: Pikachu\n|-singleturn|p1a: Pikachu|Protect\n|move|p2a: Muk|Minimize|p2a: Muk\n|-boost|p2a: Muk|evasion|0\n|\n|-heal|p1a: Pikachu|57\/100 tox|[from] item: Leftovers\n|-damage|p1a: Pikachu|27\/100 tox|[from] psn\n|upkeep\n|turn|30\n|\n|t:|1700334837\n|move|p1a: Pikachu|Protect|p1a: Pikachu\n|-singleturn|p1a: Pikachu|Protect\n|move|p2a: Muk|Minimize|p2a: Muk\n|-boost|p2a: Muk|evasion|0\n|\n|-heal|p1a: Pikachu|33\/100 tox|[from] item: Leftovers\n|-damage|p1a: Pikachu|0 fnt|[from] psn\n|faint|p1a: Pikachu\n|upkeep\n|\n|t:|1700334858\n|switch|p1a: Pikachu|Pikachu-Kalos, M|100\/100\n|-damage|p1a: Pikachu|88\/100|[from] Stealth Rock\n|-status|p1a: Pikachu|tox\n|turn|31\n|\n|t:|1700334866\n|-terastallize|p1a: Pikachu|Electric\n|move|p1a: Pikachu|Quick Attack|p2a: Muk\n|-activate|p2a: Muk|move: Substitute|[damage]\n|move|p2a: Muk|Toxic Spikes||[still]\n|-fail|p2a: Muk\n|\n|-damage|p1a: Pikachu|82\/100 tox|[from] psn\n|upkeep\n|turn|32\n|\n|t:|1700334882\n|move|p1a: Pikachu|Quick Attack|p2a: Muk\n|-activate|p2a: Muk|move: Substitute|[damage]\n|move|p2a: Muk|Toxic|p1a: Pikachu\n|-fail|p1a: Pikachu|tox\n|\n|-damage|p1a: Pikachu|70\/100 tox|[from] psn\n|upkeep\n|turn|33\n|\n|t:|1700334891\n|move|p1a: Pikachu|Quick Attack|p2a: Muk\n|-activate|p2a: Muk|move: Substitute|[damage]\n|move|p2a: Muk|Minimize|p2a: Muk\n|-boost|p2a: Muk|evasion|0\n|\n|-damage|p1a: Pikachu|51\/100 tox|[from] psn\n|upkeep\n|turn|34\n|\n|t:|1700334902\n|switch|p2a: Jigglypuff|Jigglypuff, M|100\/100\n|move|p1a: Pikachu|Quick Attack|p2a: Jigglypuff\n|-damage|p2a: Jigglypuff|92\/100\n|\n|-damage|p1a: Pikachu|27\/100 tox|[from] psn\n|upkeep\n|turn|35\n|\n|t:|1700334917\n|move|p1a: Pikachu|Quick Attack|p2a: Jigglypuff\n|-damage|p2a: Jigglypuff|84\/100\n|move|p2a: Jigglypuff|Reflect|p2a: Jigglypuff\n|-sidestart|p2: Unknown mast|Reflect\n|\n|-damage|p1a: Pikachu|0 fnt|[from] psn\n|faint|p1a: Pikachu\n|upkeep\n|\n|t:|1700334927\n|switch|p1a: Pikachu|Pikachu-Hoenn, M|88\/100\n|-damage|p1a: Pikachu|76\/100|[from] Stealth Rock\n|-status|p1a: Pikachu|tox\n|turn|36\n|\n|t:|1700334933\n|move|p1a: Pikachu|Tail Whip|p2a: Jigglypuff\n|-unboost|p2a: Jigglypuff|def|1\n|move|p2a: Jigglypuff|Light Screen|p2a: Jigglypuff\n|-sidestart|p2: Unknown mast|move: Light Screen\n|\n|-damage|p1a: Pikachu|70\/100 tox|[from] psn\n|upkeep\n|turn|37\n|\n|t:|1700334938\n|move|p1a: Pikachu|Tail Whip|p2a: Jigglypuff\n|-unboost|p2a: Jigglypuff|def|1\n|move|p2a: Jigglypuff|Baton Pass|p2a: Jigglypuff\n|\n|t:|1700334942\n|switch|p2a: Salamence|Salamence, M|100\/100 par|[from] Baton Pass\n|\n|-damage|p1a: Pikachu|57\/100 tox|[from] psn\n|upkeep\n|turn|38\n|\n|t:|1700334955\n|move|p1a: Pikachu|Tail Whip|p2a: Salamence\n|-unboost|p2a: Salamence|def|1\n|cant|p2a: Salamence|par\n|\n|-damage|p1a: Pikachu|39\/100 tox|[from] psn\n|upkeep\n|turn|39\n|\n|t:|1700334962\n|switch|p1a: Pikachu|Pikachu-Unova, M|100\/100\n|-damage|p1a: Pikachu|88\/100|[from] Stealth Rock\n|-status|p1a: Pikachu|tox\n|move|p2a: Salamence|Substitute|p2a: Salamence\n|-start|p2a: Salamence|Substitute\n|-damage|p2a: Salamence|76\/100 par\n|\n|-damage|p1a: Pikachu|82\/100 tox|[from] psn\n|-sideend|p2: Unknown mast|Reflect\n|upkeep\n|turn|40\n|\n|t:|1700334974\n|move|p1a: Pikachu|Quick Attack|p2a: Salamence\n|-crit|p2a: Salamence\n|-end|p2a: Salamence|Substitute\n|move|p2a: Salamence|Dual Wingbeat|p1a: Pikachu\n|-resisted|p1a: Pikachu\n|-damage|p1a: Pikachu|53\/100 tox\n|-resisted|p1a: Pikachu\n|-damage|p1a: Pikachu|24\/100 tox\n|-hitcount|p1a: Pikachu|2\n|-damage|p2a: Salamence|66\/100 par|[from] item: Life Orb\n|\n|-damage|p1a: Pikachu|12\/100 tox|[from] psn\n|-sideend|p2: Unknown mast|move: Light Screen\n|upkeep\n|turn|41\n|\n|t:|1700334993\n|move|p1a: Pikachu|Quick Attack|p2a: Salamence\n|-damage|p2a: Salamence|34\/100 par\n|cant|p2a: Salamence|par\n|\n|-damage|p1a: Pikachu|0 fnt|[from] psn\n|faint|p1a: Pikachu\n|upkeep\n|\n|t:|1700335001\n|switch|p1a: Pikachu|Pikachu, F|73\/100\n|-damage|p1a: Pikachu|60\/100|[from] Stealth Rock\n|-status|p1a: Pikachu|tox\n|turn|42\n|\n|t:|1700335021\n|move|p1a: Pikachu|Growl|p2a: Salamence\n|-unboost|p2a: Salamence|atk|1\n|move|p2a: Salamence|Dragon Dance|p2a: Salamence\n|-boost|p2a: Salamence|atk|1\n|-boost|p2a: Salamence|spe|1\n|\n|-damage|p1a: Pikachu|54\/100 tox|[from] psn\n|upkeep\n|turn|43\n|\n|t:|1700335031\n|switch|p2a: Muk|Muk, M, tera:Poison|100\/100\n|move|p1a: Pikachu|Growl|p2a: Muk\n|-unboost|p2a: Muk|atk|1\n|\n|-damage|p1a: Pikachu|42\/100 tox|[from] psn\n|upkeep\n|turn|44\n|\n|t:|1700335038\n|move|p1a: Pikachu|Growl|p2a: Muk\n|-unboost|p2a: Muk|atk|1\n|move|p2a: Muk|Minimize|p2a: Muk\n|-boost|p2a: Muk|evasion|2\n|\n|-damage|p1a: Pikachu|23\/100 tox|[from] psn\n|upkeep\n|turn|45\n|\n|t:|1700335046\n|move|p1a: Pikachu|Growl|p2a: Muk\n|-unboost|p2a: Muk|atk|1\n|move|p2a: Muk|Minimize|p2a: Muk\n|-boost|p2a: Muk|evasion|2\n|\n|-damage|p1a: Pikachu|0 fnt|[from] psn\n|faint|p1a: Pikachu\n|upkeep\n|\n|t:|1700335057\n|switch|p1a: Pikachu|Pikachu-Hoenn, M|39\/100 tox\n|-damage|p1a: Pikachu|27\/100 tox|[from] Stealth Rock\n|turn|46\n|\n|t:|1700335071\n|move|p1a: Pikachu|Tail Whip|p2a: Muk|[miss]\n|-miss|p1a: Pikachu|p2a: Muk\n|move|p2a: Muk|Minimize|p2a: Muk\n|-boost|p2a: Muk|evasion|2\n|\n|-damage|p1a: Pikachu|20\/100 tox|[from] psn\n|upkeep\n|turn|47\n|\n|t:|1700335082\n|move|p1a: Pikachu|Tail Whip|p2a: Muk\n|-unboost|p2a: Muk|def|1\n|move|p2a: Muk|Minimize|p2a: Muk\n|-boost|p2a: Muk|evasion|0\n|\n|-damage|p1a: Pikachu|8\/100 tox|[from] psn\n|upkeep\n|turn|48\n|\n|t:|1700335094\n|switch|p2a: Salamence|Salamence, M|34\/100 par\n|move|p1a: Pikachu|Tail Whip|p2a: Salamence\n|-unboost|p2a: Salamence|def|1\n|\n|-damage|p1a: Pikachu|0 fnt|[from] psn\n|faint|p1a: Pikachu\n|upkeep\n|\n|t:|1700335101\n|switch|p1a: Pikachu|Pikachu-Partner, M|51\/100 tox\n|-damage|p1a: Pikachu|39\/100 tox|[from] Stealth Rock\n|turn|49\n|\n|t:|1700335105\n|move|p1a: Pikachu|Play Nice|p2a: Salamence\n|-unboost|p2a: Salamence|atk|1\n|move|p2a: Salamence|Roost|p2a: Salamence\n|-heal|p2a: Salamence|84\/100 par\n|-singleturn|p2a: Salamence|move: Roost\n|\n|-damage|p1a: Pikachu|33\/100 tox|[from] psn\n|upkeep\n|turn|50\n|\n|t:|1700335115\n|move|p1a: Pikachu|Play Nice|p2a: Salamence\n|-unboost|p2a: Salamence|atk|1\n|move|p2a: Salamence|Dual Wingbeat|p1a: Pikachu\n|-resisted|p1a: Pikachu\n|-damage|p1a: Pikachu|18\/100 tox\n|-resisted|p1a: Pikachu\n|-damage|p1a: Pikachu|4\/100 tox\n|-hitcount|p1a: Pikachu|2\n|-damage|p2a: Salamence|74\/100 par|[from] item: Life Orb\n|\n|-damage|p1a: Pikachu|0 fnt|[from] psn\n|faint|p1a: Pikachu\n|\n|win|Unknown mast\n|upkeep\n|raw|TatsuyaSuop's rating: 1000 &rarr; <strong>1000<\/strong><br \/>(+0 for losing)\n|raw|Unknown mast's rating: 1000 &rarr; <strong>1040<\/strong><br \/>(+40 for winning)\n|l|\u2606Unknown mast\n","uploadtime":1700335131,"views":11,"p1id":"tatsuyasuop","p2id":"unknownmast","formatid":"gen9anythinggoes","rating":1000,"private":0,"password":""}