{"id":"gen9anythinggoes-1988337398","p1":"GRNSylv28","p2":"DR4N","format":"[Gen 9] Anything Goes","log":"|j|\u2606GRNSylv28\n|j|\u2606DR4N\n|t:|1699710590\n|gametype|singles\n|player|p1|GRNSylv28|cynthia|1110\n|player|p2|DR4N|lucas-gen4pt|1046\n|teamsize|p1|6\n|teamsize|p2|6\n|gen|9\n|tier|[Gen 9] Anything Goes\n|rated|\n|rule|HP Percentage Mod: HP is shown in percentages\n|rule|Endless Battle Clause: Forcing endless battles is banned\n|clearpoke\n|poke|p1|Zacian-*|\n|poke|p1|Skeledirge, F|\n|poke|p1|Regidrago|\n|poke|p1|Regieleki|\n|poke|p1|Iron Valiant|\n|poke|p1|Garchomp, M|\n|poke|p2|Umbreon, M|\n|poke|p2|Lycanroc-Dusk, M|\n|poke|p2|Pawmot, F|\n|poke|p2|Clodsire, M|\n|poke|p2|Gogoat, M|\n|poke|p2|Arcanine, M|\n|teampreview\n|\n|t:|1699710601\n|start\n|switch|p1a: Dragon Tales|Regidrago, shiny|100\/100\n|switch|p2a: Bobby|Clodsire, M, shiny|100\/100\n|turn|1\n|\n|t:|1699710607\n|move|p1a: Dragon Tales|Draco Meteor|p2a: Bobby\n|-damage|p2a: Bobby|63\/100\n|-unboost|p1a: Dragon Tales|spa|2\n|move|p2a: Bobby|Toxic Spikes|p1a: Dragon Tales\n|-sidestart|p1: GRNSylv28|move: Toxic Spikes\n|\n|-heal|p2a: Bobby|69\/100|[from] item: Leftovers\n|upkeep\n|turn|2\n|\n|t:|1699710617\n|move|p1a: Dragon Tales|Dragon Energy|p2a: Bobby\n|-damage|p2a: Bobby|48\/100\n|move|p2a: Bobby|Yawn|p1a: Dragon Tales\n|-start|p1a: Dragon Tales|move: Yawn|[of] p2a: Bobby\n|\n|-heal|p2a: Bobby|54\/100|[from] item: Leftovers\n|upkeep\n|turn|3\n|\n|t:|1699710628\n|move|p1a: Dragon Tales|Hammer Arm|p2a: Bobby\n|-resisted|p2a: Bobby\n|-damage|p2a: Bobby|40\/100\n|-unboost|p1a: Dragon Tales|spe|1\n|move|p2a: Bobby|Recover|p2a: Bobby\n|-heal|p2a: Bobby|90\/100\n|\n|-heal|p2a: Bobby|96\/100|[from] item: Leftovers\n|-end|p1a: Dragon Tales|move: Yawn|[silent]\n|-status|p1a: Dragon Tales|slp\n|upkeep\n|turn|4\n|\n|t:|1699710642\n|cant|p1a: Dragon Tales|slp\n|move|p2a: Bobby|Toxic Spikes|p1a: Dragon Tales\n|-sidestart|p1: GRNSylv28|move: Toxic Spikes\n|\n|-heal|p2a: Bobby|100\/100|[from] item: Leftovers\n|upkeep\n|turn|5\n|\n|t:|1699710649\n|-curestatus|p1a: Dragon Tales|slp|[msg]\n|move|p1a: Dragon Tales|Dragon Energy|p2a: Bobby\n|-damage|p2a: Bobby|80\/100\n|move|p2a: Bobby|Earthquake|p1a: Dragon Tales\n|-damage|p1a: Dragon Tales|76\/100\n|\n|-heal|p2a: Bobby|86\/100|[from] item: Leftovers\n|upkeep\n|turn|6\n|\n|t:|1699710670\n|switch|p1a: Crocoboi|Skeledirge, F|100\/100\n|-status|p1a: Crocoboi|tox\n|move|p2a: Bobby|Yawn||[still]\n|-fail|p2a: Bobby\n|\n|-heal|p2a: Bobby|92\/100|[from] item: Leftovers\n|-damage|p1a: Crocoboi|94\/100 tox|[from] psn\n|upkeep\n|turn|7\n|\n|t:|1699710682\n|move|p1a: Crocoboi|Fire Blast|p2a: Bobby\n|-damage|p2a: Bobby|71\/100\n|move|p2a: Bobby|Earthquake|p1a: Crocoboi\n|-supereffective|p1a: Crocoboi\n|-damage|p1a: Crocoboi|45\/100 tox\n|\n|-heal|p2a: Bobby|77\/100|[from] item: Leftovers\n|-damage|p1a: Crocoboi|32\/100 tox|[from] psn\n|upkeep\n|turn|8\n|c|\u2606DR4N|?\n|\n|t:|1699710694\n|switch|p1a: Gardevlade|Iron Valiant, shiny|100\/100\n|-status|p1a: Gardevlade|tox\n|move|p2a: Bobby|Recover|p2a: Bobby\n|-heal|p2a: Bobby|100\/100\n|\n|-damage|p1a: Gardevlade|94\/100 tox|[from] psn\n|upkeep\n|turn|9\n|\n|t:|1699710706\n|-terastallize|p2a: Bobby|Ground\n|move|p1a: Gardevlade|Focus Blast|p2a: Bobby|[miss]\n|-miss|p1a: Gardevlade|p2a: Bobby\n|move|p2a: Bobby|Earthquake|p1a: Gardevlade\n|-damage|p1a: Gardevlade|51\/100 tox\n|\n|-damage|p1a: Gardevlade|39\/100 tox|[from] psn\n|upkeep\n|turn|10\n|\n|t:|1699710720\n|move|p1a: Gardevlade|Close Combat|p2a: Bobby\n|-damage|p2a: Bobby|36\/100\n|-unboost|p1a: Gardevlade|def|1\n|-unboost|p1a: Gardevlade|spd|1\n|move|p2a: Bobby|Earthquake|p1a: Gardevlade\n|-damage|p1a: Gardevlade|0 fnt\n|faint|p1a: Gardevlade\n|-end|p1a: Gardevlade|Quark Drive|[silent]\n|\n|-heal|p2a: Bobby|43\/100|[from] item: Leftovers\n|upkeep\n|\n|t:|1699710733\n|switch|p1a: Lightbulb|Regieleki, shiny|100\/100\n|-status|p1a: Lightbulb|tox\n|turn|11\n|\n|t:|1699710738\n|move|p1a: Lightbulb|Acrobatics|p2a: Bobby\n|-damage|p2a: Bobby|14\/100\n|move|p2a: Bobby|Recover|p2a: Bobby\n|-heal|p2a: Bobby|64\/100\n|\n|-heal|p2a: Bobby|70\/100|[from] item: Leftovers\n|-damage|p1a: Lightbulb|94\/100 tox|[from] psn\n|upkeep\n|turn|12\n|\n|t:|1699710746\n|move|p1a: Lightbulb|Acrobatics|p2a: Bobby\n|-damage|p2a: Bobby|42\/100\n|move|p2a: Bobby|Recover|p2a: Bobby\n|-heal|p2a: Bobby|92\/100\n|\n|-heal|p2a: Bobby|98\/100|[from] item: Leftovers\n|-damage|p1a: Lightbulb|82\/100 tox|[from] psn\n|upkeep\n|turn|13\n|\n|t:|1699710756\n|move|p1a: Lightbulb|Acrobatics|p2a: Bobby\n|-damage|p2a: Bobby|68\/100\n|move|p2a: Bobby|Earthquake|p1a: Lightbulb\n|-supereffective|p1a: Lightbulb\n|-damage|p1a: Lightbulb|0 fnt\n|faint|p1a: Lightbulb\n|\n|-heal|p2a: Bobby|75\/100|[from] item: Leftovers\n|upkeep\n|\n|t:|1699710766\n|switch|p1a: Land Shark|Garchomp, M, shiny|100\/100\n|-status|p1a: Land Shark|tox\n|turn|14\n|\n|t:|1699710776\n|move|p1a: Land Shark|Dragon Pulse|p2a: Bobby\n|-damage|p2a: Bobby|56\/100\n|move|p2a: Bobby|Earthquake|p1a: Land Shark\n|-damage|p1a: Land Shark|66\/100 tox\n|\n|-heal|p2a: Bobby|62\/100|[from] item: Leftovers\n|-damage|p1a: Land Shark|60\/100 tox|[from] psn\n|upkeep\n|turn|15\n|c|\u2606DR4N|How did you mange to get sweeped by bobby\n|\n|t:|1699710795\n|move|p1a: Land Shark|Draco Meteor|p2a: Bobby|[miss]\n|-miss|p1a: Land Shark|p2a: Bobby\n|move|p2a: Bobby|Earthquake|p1a: Land Shark\n|-crit|p1a: Land Shark\n|-damage|p1a: Land Shark|10\/100 tox\n|\n|-heal|p2a: Bobby|68\/100|[from] item: Leftovers\n|-damage|p1a: Land Shark|0 fnt|[from] psn\n|faint|p1a: Land Shark\n|upkeep\n|c|\u2606GRNSylv28|I dont know\n|c|\u2606GRNSylv28|I'm also kinda new to battling\n|\n|t:|1699710810\n|switch|p1a: Diamond Sword|Zacian-Crowned, shiny|100\/100\n|-ability|p1a: Diamond Sword|Intrepid Sword|boost\n|-boost|p1a: Diamond Sword|atk|1\n|turn|16\n|c|\u2606DR4N|This should 1 shot me\n|\n|t:|1699710823\n|move|p1a: Diamond Sword|Body Slam|p2a: Bobby\n|-damage|p2a: Bobby|18\/100\n|move|p2a: Bobby|Yawn|p1a: Diamond Sword\n|-start|p1a: Diamond Sword|move: Yawn|[of] p2a: Bobby\n|\n|-heal|p2a: Bobby|24\/100|[from] item: Leftovers\n|upkeep\n|turn|17\n|c|\u2606DR4N|???\n|\n|t:|1699710845\n|switch|p2a: Hilal|Umbreon, M, shiny|100\/100\n|move|p1a: Diamond Sword|Body Slam|p2a: Hilal\n|-damage|p2a: Hilal|73\/100\n|\n|-end|p1a: Diamond Sword|move: Yawn|[silent]\n|-status|p1a: Diamond Sword|slp\n|upkeep\n|turn|18\n|\n|t:|1699710857\n|cant|p1a: Diamond Sword|slp\n|move|p2a: Hilal|Wish|p2a: Hilal\n|\n|upkeep\n|turn|19\n|\n|t:|1699710862\n|cant|p1a: Diamond Sword|slp\n|move|p2a: Hilal|Substitute|p2a: Hilal\n|-start|p2a: Hilal|Substitute\n|-damage|p2a: Hilal|48\/100\n|\n|-heal|p2a: Hilal|98\/100|[from] move: Wish|[wisher] Hilal\n|upkeep\n|turn|20\n|\n|t:|1699710869\n|cant|p1a: Diamond Sword|slp\n|move|p2a: Hilal|Wish|p2a: Hilal\n|\n|upkeep\n|turn|21\n|\n|t:|1699710875\n|-curestatus|p1a: Diamond Sword|slp|[msg]\n|move|p1a: Diamond Sword|Behemoth Blade|p2a: Hilal\n|-end|p2a: Hilal|Substitute\n|move|p2a: Hilal|Baton Pass|p2a: Hilal\n|\n|t:|1699710881\n|switch|p2a: Bobby|Clodsire, M, shiny, tera:Ground|24\/100|[from] Baton Pass\n|\n|-heal|p2a: Bobby|66\/100|[from] move: Wish|[wisher] Hilal\n|-heal|p2a: Bobby|73\/100|[from] item: Leftovers\n|upkeep\n|turn|22\n|\n|t:|1699710889\n|move|p1a: Diamond Sword|Behemoth Blade|p2a: Bobby\n|-damage|p2a: Bobby|0 fnt\n|faint|p2a: Bobby\n|\n|upkeep\n|c|\u2606DR4N|See u got it\n|\n|t:|1699710900\n|switch|p2a: Mallow|Pawmot, F, shiny|100\/100\n|turn|23\n|c|\u2606GRNSylv28|thanks!\n|\n|t:|1699710909\n|move|p1a: Diamond Sword|Focus Blast|p2a: Mallow\n|-damage|p2a: Mallow|58\/100\n|move|p2a: Mallow|Nuzzle|p1a: Diamond Sword\n|-damage|p1a: Diamond Sword|94\/100\n|-status|p1a: Diamond Sword|par\n|\n|upkeep\n|turn|24\n|c|\u2606DR4N|U just have to learn bout base power, math bla bla bla and more importantly types\n|\n|t:|1699710947\n|switch|p2a: Mick|Arcanine, M, shiny|100\/100\n|move|p1a: Diamond Sword|Focus Blast|p2a: Mick\n|-damage|p2a: Mick|65\/100\n|\n|upkeep\n|turn|25\n|c|\u2606GRNSylv28|yeah, I really should have more coverage on my team\n|\n|t:|1699710960\n|move|p2a: Mick|Hyper Voice|p1a: Diamond Sword\n|-resisted|p1a: Diamond Sword\n|-damage|p1a: Diamond Sword|81\/100 par\n|-enditem|p2a: Mick|Throat Spray\n|-boost|p2a: Mick|spa|1|[from] item: Throat Spray\n|cant|p1a: Diamond Sword|par\n|\n|upkeep\n|turn|26\n|c|\u2606DR4N|I reccomend getting a poison type and also sacred sword or close combat on sacian\n|c|\u2606DR4N|Zacian\n|\n|t:|1699710992\n|move|p2a: Mick|Flamethrower|p1a: Diamond Sword\n|-supereffective|p1a: Diamond Sword\n|-damage|p1a: Diamond Sword|0 fnt\n|faint|p1a: Diamond Sword\n|\n|upkeep\n|\n|t:|1699711006\n|switch|p1a: Dragon Tales|Regidrago, shiny|76\/100\n|-status|p1a: Dragon Tales|tox\n|turn|27\n|\n|t:|1699711012\n|move|p2a: Mick|Dragon Pulse|p1a: Dragon Tales\n|-supereffective|p1a: Dragon Tales\n|-damage|p1a: Dragon Tales|0 fnt\n|faint|p1a: Dragon Tales\n|\n|upkeep\n|\n|t:|1699711017\n|switch|p1a: Crocoboi|Skeledirge, F|32\/100 tox\n|turn|28\n|c|\u2606DR4N|Also battle items are really important\n|\n|t:|1699711031\n|move|p2a: Mick|Dragon Pulse|p1a: Crocoboi\n|-damage|p1a: Crocoboi|0 fnt\n|faint|p1a: Crocoboi\n|\n|win|DR4N\n|raw|GRNSylv28's rating: 1110 &rarr; <strong>1080<\/strong><br \/>(-30 for losing)\n|raw|DR4N's rating: 1046 &rarr; <strong>1085<\/strong><br \/>(+39 for winning)\n|c|\u2606DR4N|And tera types\n|c|\u2606GRNSylv28|thanks for the advice\n|c|\u2606GRNSylv28|gg\n|c|\u2606DR4N|Gg\n|c|\u2606DR4N|Cya\n|l|\u2606GRNSylv28\n","uploadtime":1699711068,"views":12,"p1id":"grnsylv28","p2id":"dr4n","formatid":"gen9anythinggoes","rating":1080,"private":0,"password":""}