{"id":"gen9anythinggoes-1988717635","p1":"thekatguy","p2":"v man1234","format":"[Gen 9] Anything Goes","log":"|j|\u2606thekatguy\n|j|\u2606v man1234\n|t:|1699754344\n|gametype|singles\n|player|p1|thekatguy|2|1047\n|player|p2|v man1234|benga|1057\n|teamsize|p1|4\n|teamsize|p2|6\n|gen|9\n|tier|[Gen 9] Anything Goes\n|rated|\n|rule|HP Percentage Mod: HP is shown in percentages\n|rule|Endless Battle Clause: Forcing endless battles is banned\n|clearpoke\n|poke|p1|Arcanine-Hisui, M|\n|poke|p1|Goodra, M|\n|poke|p1|Vespiquen, F|\n|poke|p1|Amoonguss, M|\n|poke|p2|Miraidon|\n|poke|p2|Sandaconda, M|\n|poke|p2|Haunter, M|\n|poke|p2|Lycanroc-Midnight, M|\n|poke|p2|Charizard, F|\n|poke|p2|Cetoddle, M|\n|teampreview\n|\n|t:|1699754395\n|start\n|switch|p1a: Arcanine|Arcanine-Hisui, M, shiny|100\/100\n|switch|p2a: Cetoddle|Cetoddle, M|100\/100\n|turn|1\n|\n|t:|1699754402\n|move|p1a: Arcanine|Flare Blitz|p2a: Cetoddle\n|-supereffective|p2a: Cetoddle\n|-damage|p2a: Cetoddle|4\/100\n|move|p2a: Cetoddle|Rain Dance|p2a: Cetoddle\n|-weather|RainDance\n|\n|-weather|RainDance|[upkeep]\n|upkeep\n|turn|2\n|\n|t:|1699754411\n|move|p1a: Arcanine|Double-Edge|p2a: Cetoddle\n|-damage|p2a: Cetoddle|0 fnt\n|faint|p2a: Cetoddle\n|\n|-weather|RainDance|[upkeep]\n|upkeep\n|\n|t:|1699754426\n|switch|p2a: Sandaconda|Sandaconda, M|100\/100\n|turn|3\n|\n|t:|1699754431\n|move|p1a: Arcanine|Substitute|p1a: Arcanine\n|-start|p1a: Arcanine|Substitute\n|-damage|p1a: Arcanine|75\/100\n|move|p2a: Sandaconda|Hurricane|p1a: Arcanine\n|-resisted|p1a: Arcanine\n|-activate|p1a: Arcanine|move: Substitute|[damage]\n|\n|-weather|RainDance|[upkeep]\n|upkeep\n|turn|4\n|\n|t:|1699754440\n|move|p1a: Arcanine|Double-Edge|p2a: Sandaconda\n|-crit|p2a: Sandaconda\n|-damage|p2a: Sandaconda|55\/100\n|-weather|Sandstorm|[from] ability: Sand Spit|[of] p2a: Sandaconda\n|move|p2a: Sandaconda|Hurricane|p1a: Arcanine|[miss]\n|-miss|p2a: Sandaconda|p1a: Arcanine\n|\n|-weather|Sandstorm|[upkeep]\n|-heal|p2a: Sandaconda|61\/100|[from] item: Leftovers\n|upkeep\n|turn|5\n|\n|t:|1699754457\n|move|p1a: Arcanine|Outrage|p2a: Sandaconda\n|-damage|p2a: Sandaconda|26\/100\n|move|p2a: Sandaconda|Earth Power|p1a: Arcanine\n|-supereffective|p1a: Arcanine\n|-end|p1a: Arcanine|Substitute\n|\n|-weather|Sandstorm|[upkeep]\n|-heal|p2a: Sandaconda|33\/100|[from] item: Leftovers\n|upkeep\n|turn|6\n|\n|t:|1699754489\n|move|p1a: Arcanine|Outrage|p2a: Sandaconda|[from]lockedmove\n|-damage|p2a: Sandaconda|0 fnt\n|faint|p2a: Sandaconda\n|-start|p1a: Arcanine|confusion|[fatigue]\n|-enditem|p1a: Arcanine|Persim Berry|[eat]\n|-end|p1a: Arcanine|confusion\n|\n|-weather|Sandstorm|[upkeep]\n|upkeep\n|inactive|Battle timer is ON: inactive players will automatically lose when time's up. (requested by thekatguy)\n|\n|t:|1699754498\n|switch|p2a: Haunter|Haunter, M|100\/100\n|turn|7\n|\n|t:|1699754502\n|move|p1a: Arcanine|Substitute|p1a: Arcanine\n|-start|p1a: Arcanine|Substitute\n|-damage|p1a: Arcanine|50\/100\n|move|p2a: Haunter|Hypnosis||[still]\n|-fail|p2a: Haunter\n|\n|-weather|Sandstorm|[upkeep]\n|-damage|p2a: Haunter|95\/100|[from] Sandstorm\n|-heal|p2a: Haunter|100\/100|[from] item: Leftovers\n|upkeep\n|turn|8\n|\n|t:|1699754514\n|move|p1a: Arcanine|Outrage|p2a: Haunter\n|-damage|p2a: Haunter|12\/100\n|move|p2a: Haunter|Hypnosis||[still]\n|-fail|p2a: Haunter\n|\n|-weather|none\n|-heal|p2a: Haunter|18\/100|[from] item: Leftovers\n|upkeep\n|turn|9\n|-message|v man1234 forfeited.\n|\n|win|thekatguy\n|raw|thekatguy's rating: 1047 &rarr; <strong>1081<\/strong><br \/>(+34 for winning)\n|raw|v man1234's rating: 1057 &rarr; <strong>1038<\/strong><br \/>(-19 for losing)\n|l|\u2606v man1234\n","uploadtime":1699754536,"views":4,"p1id":"thekatguy","p2id":"vman1234","formatid":"gen9anythinggoes","rating":1038,"private":0,"password":""}