{"id":"gen9anythinggoes-1989119074","p1":"prunyy","p2":"The True Avian","format":"[Gen 9] Anything Goes","log":"|j|\u2606prunyy\n|j|\u2606The True Avian\n|t:|1699814278\n|gametype|singles\n|player|p1|prunyy|ghetsis|\n|player|p2|The True Avian|265|\n|teamsize|p1|6\n|teamsize|p2|6\n|gen|9\n|tier|[Gen 9] Anything Goes\n|rule|HP Percentage Mod: HP is shown in percentages\n|rule|Endless Battle Clause: Forcing endless battles is banned\n|rule|Force of the Fallen Mod: Pok&\u00e9mon pass the move in their last moveslot to their allies when they're KOed\n|rule|Sleep Moves Clause: Sleep-inducing moves are banned\n|rule|Species Clause: Limit one of each Pok\u00e9mon\n|rule|OHKO Clause: OHKO moves are banned\n|rule|Evasion Moves Clause: Evasion moves are banned\n|rule|Terastal Clause: You cannot Terastallize\n|clearpoke\n|poke|p1|Torkoal, M|\n|poke|p1|Ogerpon-Hearthflame, F|\n|poke|p1|Roaring Moon|\n|poke|p1|Ceruledge, M|\n|poke|p1|Samurott-Hisui, F|\n|poke|p1|Kingambit, F|\n|poke|p2|Iron Valiant|\n|poke|p2|Thundurus, M|\n|poke|p2|Pawmot, M|\n|poke|p2|Grafaiai, F|\n|poke|p2|Klefki, F|\n|poke|p2|Grimmsnarl, M|\n|teampreview\n|c|\u2606prunyy|glhf\n|\n|t:|1699814287\n|start\n|switch|p1a: Torkoal|Torkoal, M|100\/100\n|switch|p2a: Iron Valiant|Iron Valiant|100\/100\n|-weather|SunnyDay|[from] ability: Drought|[of] p1a: Torkoal\n|turn|1\n|\n|t:|1699814293\n|move|p2a: Iron Valiant|Knock Off|p1a: Torkoal\n|-damage|p1a: Torkoal|74\/100\n|-enditem|p1a: Torkoal|Heat Rock|[from] move: Knock Off|[of] p2a: Iron Valiant\n|-damage|p2a: Iron Valiant|91\/100|[from] item: Life Orb\n|move|p1a: Torkoal|Will-O-Wisp|p2a: Iron Valiant\n|-status|p2a: Iron Valiant|brn\n|\n|-weather|SunnyDay|[upkeep]\n|-damage|p2a: Iron Valiant|85\/100 brn|[from] brn\n|upkeep\n|turn|2\n|\n|t:|1699814318\n|switch|p1a: Roaring Moon|Roaring Moon|100\/100\n|-activate|p1a: Roaring Moon|ability: Protosynthesis\n|-start|p1a: Roaring Moon|protosynthesisatk\n|move|p2a: Iron Valiant|Moonblast|p1a: Roaring Moon\n|-supereffective|p1a: Roaring Moon\n|-damage|p1a: Roaring Moon|0 fnt\n|faint|p1a: Roaring Moon\n|-end|p1a: Roaring Moon|Protosynthesis|[silent]\n|-damage|p2a: Iron Valiant|75\/100 brn|[from] item: Life Orb\n|\n|-weather|SunnyDay|[upkeep]\n|-damage|p2a: Iron Valiant|69\/100 brn|[from] brn\n|upkeep\n|\n|t:|1699814335\n|switch|p1a: Samurott|Samurott-Hisui, F|100\/100\n|turn|3\n|\n|t:|1699814347\n|switch|p1a: Torkoal|Torkoal, M|74\/100\n|move|p2a: Iron Valiant|Moonblast|p1a: Torkoal\n|-resisted|p1a: Torkoal\n|-crit|p1a: Torkoal\n|-damage|p1a: Torkoal|25\/100\n|-damage|p2a: Iron Valiant|59\/100 brn|[from] item: Life Orb\n|\n|-weather|SunnyDay|[upkeep]\n|-damage|p2a: Iron Valiant|53\/100 brn|[from] brn\n|upkeep\n|turn|4\n|\n|t:|1699814351\n|move|p2a: Iron Valiant|Moonblast|p1a: Torkoal\n|-resisted|p1a: Torkoal\n|-damage|p1a: Torkoal|0 fnt\n|faint|p1a: Torkoal\n|-damage|p2a: Iron Valiant|43\/100 brn|[from] item: Life Orb\n|\n|-weather|SunnyDay|[upkeep]\n|-damage|p2a: Iron Valiant|37\/100 brn|[from] brn\n|upkeep\n|\n|t:|1699814355\n|switch|p1a: Ogerpon|Ogerpon-Hearthflame, F|100\/100\n|-ability|p1a: Ogerpon|Mold Breaker\n|turn|5\n|\n|t:|1699814361\n|move|p2a: Iron Valiant|Destiny Bond|p2a: Iron Valiant\n|-singlemove|p2a: Iron Valiant|Destiny Bond\n|move|p1a: Ogerpon|Seed Bomb|p2a: Iron Valiant\n|-damage|p2a: Iron Valiant|0 fnt\n|faint|p2a: Iron Valiant\n|-activate|p2a: Iron Valiant|move: Destiny Bond\n|-end|p2a: Iron Valiant|Quark Drive|[silent]\n|faint|p1a: Ogerpon\n|\n|-weather|SunnyDay|[upkeep]\n|upkeep\n|\n|t:|1699814377\n|switch|p2a: Klefki|Klefki, F|100\/100\n|switch|p1a: Ceruledge|Ceruledge, M|100\/100\n|turn|6\n|\n|t:|1699814381\n|move|p2a: Klefki|Destiny Bond|p2a: Klefki\n|-singlemove|p2a: Klefki|Destiny Bond\n|move|p1a: Ceruledge|Swords Dance|p1a: Ceruledge\n|-boost|p1a: Ceruledge|atk|2\n|\n|-weather|SunnyDay|[upkeep]\n|upkeep\n|turn|7\n|\n|t:|1699814387\n|move|p1a: Ceruledge|Taunt|p2a: Klefki\n|-start|p2a: Klefki|move: Taunt\n|move|p2a: Klefki|Foul Play|p1a: Ceruledge\n|-supereffective|p1a: Ceruledge\n|-enditem|p1a: Ceruledge|Focus Sash\n|-damage|p1a: Ceruledge|1\/100\n|-ability|p1a: Ceruledge|Weak Armor|boost\n|-unboost|p1a: Ceruledge|def|1\n|-boost|p1a: Ceruledge|spe|2\n|\n|-weather|SunnyDay|[upkeep]\n|upkeep\n|turn|8\n|\n|t:|1699814396\n|move|p1a: Ceruledge|Bitter Blade|p2a: Klefki\n|-supereffective|p2a: Klefki\n|-damage|p2a: Klefki|0 fnt\n|-heal|p1a: Ceruledge|55\/100|[from] drain|[of] p2a: Klefki\n|-damage|p1a: Ceruledge|39\/100|[from] item: Rocky Helmet|[of] p2a: Klefki\n|faint|p2a: Klefki\n|\n|-weather|none\n|upkeep\n|\n|t:|1699814429\n|switch|p2a: Thundurus|Thundurus, M|100\/100\n|turn|9\n|\n|t:|1699814436\n|move|p2a: Thundurus|Substitute|p2a: Thundurus\n|-start|p2a: Thundurus|Substitute\n|-damage|p2a: Thundurus|76\/100\n|move|p1a: Ceruledge|Bitter Blade|p2a: Thundurus\n|-end|p2a: Thundurus|Substitute\n|-heal|p1a: Ceruledge|52\/100|[from] drain|[of] p2a: Thundurus\n|\n|upkeep\n|turn|10\n|\n|t:|1699814443\n|move|p2a: Thundurus|Destiny Bond|p2a: Thundurus\n|-singlemove|p2a: Thundurus|Destiny Bond\n|move|p1a: Ceruledge|Bitter Blade|p2a: Thundurus\n|-damage|p2a: Thundurus|0 fnt\n|-heal|p1a: Ceruledge|91\/100|[from] drain|[of] p2a: Thundurus\n|faint|p2a: Thundurus\n|-activate|p2a: Thundurus|move: Destiny Bond\n|faint|p1a: Ceruledge\n|\n|upkeep\n|\n|t:|1699814450\n|switch|p2a: Pawmot|Pawmot, M|100\/100\n|switch|p1a: Samurott|Samurott-Hisui, F|100\/100\n|turn|11\n|\n|t:|1699814461\n|move|p1a: Samurott|Razor Shell|p2a: Pawmot\n|-damage|p2a: Pawmot|20\/100\n|move|p2a: Pawmot|Revival Blessing|p2a: Pawmot\n|-enditem|p2a: Pawmot|Leppa Berry|[eat]\n|-activate|p2a: Pawmot|item: Leppa Berry|Revival Blessing|[consumed]\n|\n|t:|1699814468\n|-heal|p2: Thundurus|50\/100|[from] move: Revival Blessing\n|\n|upkeep\n|turn|12\n|\n|t:|1699814472\n|switch|p2a: Grimmsnarl|Grimmsnarl, M|100\/100\n|move|p1a: Samurott|Razor Shell|p2a: Grimmsnarl\n|-damage|p2a: Grimmsnarl|39\/100\n|\n|upkeep\n|turn|13\n|\n|t:|1699814477\n|move|p2a: Grimmsnarl|Destiny Bond|p2a: Grimmsnarl\n|-singlemove|p2a: Grimmsnarl|Destiny Bond\n|move|p1a: Samurott|Razor Shell|p2a: Grimmsnarl|[miss]\n|-miss|p1a: Samurott|p2a: Grimmsnarl\n|\n|upkeep\n|turn|14\n|\n|t:|1699814482\n|move|p2a: Grimmsnarl|Substitute|p2a: Grimmsnarl\n|-start|p2a: Grimmsnarl|Substitute\n|-damage|p2a: Grimmsnarl|14\/100\n|move|p1a: Samurott|Razor Shell|p2a: Grimmsnarl\n|-end|p2a: Grimmsnarl|Substitute\n|\n|upkeep\n|turn|15\n|\n|t:|1699814485\n|switch|p1a: Kingambit|Kingambit, F|100\/100\n|-activate|p1a: Kingambit|ability: Supreme Overlord\n|-start|p1a: Kingambit|fallen4|[silent]\n|-item|p1a: Kingambit|Air Balloon\n|move|p2a: Grimmsnarl|Destiny Bond|p2a: Grimmsnarl\n|-singlemove|p2a: Grimmsnarl|Destiny Bond\n|\n|upkeep\n|turn|16\n|\n|t:|1699814501\n|move|p2a: Grimmsnarl|Spirit Break|p1a: Kingambit\n|-damage|p1a: Kingambit|77\/100\n|-unboost|p1a: Kingambit|spa|1\n|-enditem|p1a: Kingambit|Air Balloon\n|move|p1a: Kingambit|U-turn|p2a: Grimmsnarl\n|-damage|p2a: Grimmsnarl|0 fnt\n|faint|p2a: Grimmsnarl\n|\n|t:|1699814504\n|-end|p1a: Kingambit|fallen4|[silent]\n|switch|p1a: Samurott|Samurott-Hisui, F|100\/100|[from] U-turn\n|\n|upkeep\n|\n|t:|1699814516\n|switch|p2a: Thundurus|Thundurus, M|50\/100\n|turn|17\n|\n|t:|1699814525\n|move|p2a: Thundurus|Destiny Bond|p2a: Thundurus\n|-singlemove|p2a: Thundurus|Destiny Bond\n|move|p1a: Samurott|Taunt|p2a: Thundurus\n|-start|p2a: Thundurus|move: Taunt\n|\n|upkeep\n|turn|18\n|\n|t:|1699814529\n|switch|p1a: Kingambit|Kingambit, F|77\/100\n|-activate|p1a: Kingambit|ability: Supreme Overlord\n|-start|p1a: Kingambit|fallen4|[silent]\n|move|p2a: Thundurus|Thunderbolt|p1a: Kingambit\n|-damage|p1a: Kingambit|26\/100\n|\n|upkeep\n|turn|19\n|\n|t:|1699814535\n|switch|p2a: Pawmot|Pawmot, M|20\/100\n|move|p1a: Kingambit|Roost|p1a: Kingambit\n|-heal|p1a: Kingambit|76\/100\n|-singleturn|p1a: Kingambit|move: Roost\n|\n|upkeep\n|turn|20\n|\n|t:|1699814543\n|move|p2a: Pawmot|Revival Blessing|p2a: Pawmot\n|\n|t:|1699814547\n|-heal|p2: Klefki|50\/100|[from] move: Revival Blessing\n|move|p1a: Kingambit|Swords Dance|p1a: Kingambit\n|-boost|p1a: Kingambit|atk|2\n|\n|upkeep\n|turn|21\n|\n|t:|1699814553\n|move|p1a: Kingambit|Sucker Punch||[still]\n|-fail|p1a: Kingambit\n|move|p2a: Pawmot|Encore|p1a: Kingambit\n|-start|p1a: Kingambit|Encore\n|\n|upkeep\n|turn|22\n|\n|t:|1699814560\n|switch|p2a: Thundurus|Thundurus, M|50\/100\n|-end|p1a: Kingambit|fallen4|[silent]\n|switch|p1a: Samurott|Samurott-Hisui, F|100\/100\n|\n|upkeep\n|turn|23\n|\n|t:|1699814568\n|move|p2a: Thundurus|Destiny Bond|p2a: Thundurus\n|-singlemove|p2a: Thundurus|Destiny Bond\n|move|p1a: Samurott|Ceaseless Edge|p2a: Thundurus|[miss]\n|-miss|p1a: Samurott|p2a: Thundurus\n|\n|upkeep\n|turn|24\n|\n|t:|1699814573\n|move|p1a: Samurott|Ceaseless Edge|p2a: Thundurus\n|-damage|p2a: Thundurus|0 fnt\n|-sidestart|p2: The True Avian|Spikes\n|faint|p2a: Thundurus\n|-activate|p2a: Thundurus|move: Destiny Bond\n|faint|p1a: Samurott\n|\n|upkeep\n|\n|t:|1699814580\n|switch|p2a: Grafaiai|Grafaiai, F|100\/100\n|switch|p1a: Kingambit|Kingambit, F|76\/100\n|-damage|p2a: Grafaiai|88\/100|[from] Spikes\n|-activate|p1a: Kingambit|ability: Supreme Overlord\n|-start|p1a: Kingambit|fallen5|[silent]\n|turn|25\n|\n|t:|1699814587\n|move|p2a: Grafaiai|Destiny Bond|p2a: Grafaiai\n|-singlemove|p2a: Grafaiai|Destiny Bond\n|-enditem|p2a: Grafaiai|Leppa Berry|[eat]\n|-activate|p2a: Grafaiai|item: Leppa Berry|Destiny Bond|[consumed]\n|move|p1a: Kingambit|Taunt|p2a: Grafaiai\n|-start|p2a: Grafaiai|move: Taunt\n|\n|upkeep\n|turn|26\n|\n|t:|1699814604\n|switch|p2a: Klefki|Klefki, F|50\/100\n|-damage|p2a: Klefki|38\/100|[from] Spikes\n|move|p1a: Kingambit|Swords Dance|p1a: Kingambit\n|-boost|p1a: Kingambit|atk|2\n|\n|upkeep\n|turn|27\n|\n|t:|1699814619\n|move|p2a: Klefki|Substitute|p2a: Klefki\n|-start|p2a: Klefki|Substitute\n|-damage|p2a: Klefki|13\/100\n|move|p1a: Kingambit|Taunt|p2a: Klefki\n|-start|p2a: Klefki|move: Taunt\n|\n|upkeep\n|turn|28\n|\n|t:|1699814630\n|move|p2a: Klefki|Foul Play|p1a: Kingambit\n|-resisted|p1a: Kingambit\n|-damage|p1a: Kingambit|48\/100\n|move|p1a: Kingambit|Kowtow Cleave|p2a: Klefki\n|-resisted|p2a: Klefki\n|-end|p2a: Klefki|Substitute\n|\n|upkeep\n|turn|29\n|\n|t:|1699814638\n|move|p1a: Kingambit|Sucker Punch|p2a: Klefki\n|-resisted|p2a: Klefki\n|-damage|p2a: Klefki|0 fnt\n|-damage|p1a: Kingambit|31\/100|[from] item: Rocky Helmet|[of] p2a: Klefki\n|faint|p2a: Klefki\n|\n|upkeep\n|\n|t:|1699814643\n|switch|p2a: Pawmot|Pawmot, M|20\/100\n|-damage|p2a: Pawmot|8\/100|[from] Spikes\n|turn|30\n|\n|t:|1699814649\n|move|p1a: Kingambit|Sucker Punch||[still]\n|-fail|p1a: Kingambit\n|move|p2a: Pawmot|Encore|p1a: Kingambit\n|-start|p1a: Kingambit|Encore\n|\n|upkeep\n|turn|31\n|\n|t:|1699814659\n|move|p1a: Kingambit|Sucker Punch||[still]\n|-fail|p1a: Kingambit\n|move|p2a: Pawmot|Taunt|p1a: Kingambit\n|-start|p1a: Kingambit|move: Taunt\n|\n|upkeep\n|turn|32\n|\n|t:|1699814665\n|move|p1a: Kingambit|Sucker Punch||[still]\n|-fail|p1a: Kingambit\n|move|p2a: Pawmot|Destiny Bond|p2a: Pawmot\n|-singlemove|p2a: Pawmot|Destiny Bond\n|\n|upkeep\n|turn|33\n|\n|t:|1699814669\n|move|p2a: Pawmot|Mach Punch|p1a: Kingambit\n|-supereffective|p1a: Kingambit\n|-damage|p1a: Kingambit|0 fnt\n|faint|p1a: Kingambit\n|-end|p1a: Kingambit|fallen5|[silent]\n|\n|win|The True Avian\n|c|\u2606prunyy|ggwp\n|c|\u2606The True Avian|Gg\n","uploadtime":1699814682,"views":5,"p1id":"prunyy","p2id":"thetrueavian","formatid":"gen9anythinggoes","rating":0,"private":0,"password":""}