{"id":"gen9anythinggoes-1993176678","p1":"Plozz","p2":"ejorange","format":"[Gen 9] Anything Goes","log":"|j|\u2606Plozz\n|j|\u2606ejorange\n|t:|1700274160\n|gametype|singles\n|player|p1|Plozz|palmer|\n|player|p2|ejorange|scientist-gen4dp|\n|teamsize|p1|6\n|teamsize|p2|6\n|gen|9\n|tier|[Gen 9] Anything Goes\n|rule|HP Percentage Mod: HP is shown in percentages\n|rule|Endless Battle Clause: Forcing endless battles is banned\n|clearpoke\n|poke|p1|Roaring Moon|\n|poke|p1|Ting-Lu|\n|poke|p1|Iron Valiant|\n|poke|p1|Pachirisu, F|\n|poke|p1|Iron Moth|\n|poke|p1|Corviknight, F|\n|poke|p2|Krookodile, F|\n|poke|p2|Ribombee, M|\n|poke|p2|Lumineon, M|\n|poke|p2|Cryogonal|\n|poke|p2|Skeledirge, F|\n|poke|p2|Tauros-Paldea-Combat, M|\n|teampreview\n|j| PrettyMan\n|j| blazing_leaf\n|c| PrettyMan|gl hf\n|c| PrettyMan|hi elijah\n|c| blazing_leaf|hi\n|j| Fidget2000\n|c| PrettyMan|how was your day\n|c| blazing_leaf|good\n|c| blazing_leaf|but i need mike's pokedoku\n|c| blazing_leaf|i need to compare!!\n|l| Fidget2000\n|c| PrettyMan|he said he's not gonna do it\n|\n|t:|1700274241\n|start\n|switch|p1a: Prometheus|Pachirisu, F, shiny|100\/100\n|switch|p2a: Cookie|Krookodile, F|100\/100\n|-ability|p2a: Cookie|Intimidate|boost\n|-unboost|p1a: Prometheus|atk|1\n|turn|1\n|c| blazing_leaf|wtf\n|c| PrettyMan|eric mike and i are in person at mike's apartment\n|c| blazing_leaf|fraud\n|j| Fidget2000\n|c| PrettyMan|he is a fraud\n|c| blazing_leaf|its ok i didn't do the one with hisui because i didn't know any hisuian mons\n|\n|t:|1700274269\n|-terastallize|p1a: Prometheus|Fairy\n|move|p1a: Prometheus|U-turn|p2a: Cookie\n|-supereffective|p2a: Cookie\n|-damage|p2a: Cookie|86\/100\n|c| PrettyMan|you know some\n|c| PrettyMan|i bet\n|\n|t:|1700274276\n|switch|p1a: B-17|Corviknight, F|100\/100|[from] U-turn\n|-ability|p1a: B-17|Pressure\n|move|p2a: Cookie|Stealth Rock|p1a: B-17\n|-sidestart|p1: Plozz|move: Stealth Rock\n|\n|upkeep\n|turn|2\n|c| PrettyMan|you gotta know ursaluna\n|\n|t:|1700274288\n|move|p2a: Cookie|Knock Off|p1a: B-17\n|-damage|p1a: B-17|72\/100\n|-enditem|p1a: B-17|Leftovers|[from] move: Knock Off|[of] p2a: Cookie\n|move|p1a: B-17|Defog|p2a: Cookie\n|-unboost|p2a: Cookie|evasion|1\n|-sideend|p1: Plozz|Stealth Rock|[from] move: Defog|[of] p1a: B-17\n|\n|upkeep\n|turn|3\n|c| blazing_leaf|not the ones with the typings they were asking about i think\n|c| PrettyMan|fair enough\n|\n|t:|1700274297\n|switch|p2a: Charlie|Skeledirge, F|100\/100\n|move|p1a: B-17|Roost|p1a: B-17\n|-heal|p1a: B-17|100\/100\n|-singleturn|p1a: B-17|move: Roost\n|\n|upkeep\n|turn|4\n|c| blazing_leaf|the hisuian goodra line\/origin dialga\n|c| blazing_leaf|i knew for steel\n|\n|t:|1700274320\n|move|p1a: B-17|U-turn|p2a: Charlie\n|-resisted|p2a: Charlie\n|-damage|p2a: Charlie|98\/100\n|c| PrettyMan|that's p good\n|\n|t:|1700274324\n|switch|p1a: Big Shaq|Ting-Lu|100\/100|[from] U-turn\n|-ability|p1a: Big Shaq|Vessel of Ruin\n|move|p2a: Charlie|Yawn|p1a: Big Shaq\n|-start|p1a: Big Shaq|move: Yawn|[of] p2a: Charlie\n|\n|upkeep\n|turn|5\n|c| blazing_leaf|but the evolution stones no idea\n|c| PrettyMan|did you play legends\n|c| blazing_leaf|no\n|c| PrettyMan|ah\n|c| blazing_leaf|i haven't played a mainline game since x and y\n|c| PrettyMan|the options for that were kleavor, hisuian lilligant, or hisuian arcanine\n|c| PrettyMan|woah i didn't know that\n|c| PrettyMan|not even with azlee\n|c| blazing_leaf|i have seen her playing sword and shield\n|\n|t:|1700274393\n|switch|p2a: Cookie|Krookodile, F|86\/100\n|-ability|p2a: Cookie|Intimidate|boost\n|-unboost|p1a: Big Shaq|atk|1\n|move|p1a: Big Shaq|Sunny Day|p1a: Big Shaq\n|-weather|SunnyDay\n|\n|-weather|SunnyDay|[upkeep]\n|-end|p1a: Big Shaq|move: Yawn|[silent]\n|-status|p1a: Big Shaq|slp\n|upkeep\n|turn|6\n|c| PrettyMan|yeah i agree that doesn't really count\n|\n|t:|1700274417\n|switch|p1a: B-17|Corviknight, F|100\/100\n|-ability|p1a: B-17|Pressure\n|move|p2a: Cookie|Close Combat|p1a: B-17\n|-damage|p1a: B-17|77\/100\n|-unboost|p2a: Cookie|def|1\n|-unboost|p2a: Cookie|spd|1\n|\n|-weather|SunnyDay|[upkeep]\n|upkeep\n|turn|7\n|l| Fidget2000\n|j| Fidget2000\n|\n|t:|1700274437\n|switch|p2a: Charlie|Skeledirge, F|98\/100\n|move|p1a: B-17|U-turn|p2a: Charlie\n|-resisted|p2a: Charlie\n|-damage|p2a: Charlie|95\/100\n|\n|t:|1700274444\n|switch|p1a: Population I|Iron Moth|100\/100|[from] U-turn\n|\n|-weather|SunnyDay|[upkeep]\n|upkeep\n|turn|8\n|\n|t:|1700274458\n|move|p1a: Population I|Overheat|p2a: Charlie\n|-resisted|p2a: Charlie\n|-damage|p2a: Charlie|38\/100\n|-unboost|p1a: Population I|spa|2\n|move|p2a: Charlie|Slack Off|p2a: Charlie\n|-heal|p2a: Charlie|88\/100\n|\n|-weather|SunnyDay|[upkeep]\n|upkeep\n|turn|9\n|\n|t:|1700274466\n|switch|p2a: Flounder|Lumineon, M|100\/100\n|move|p1a: Population I|Overheat|p2a: Flounder\n|-resisted|p2a: Flounder\n|-damage|p2a: Flounder|52\/100\n|-unboost|p1a: Population I|spa|2\n|\n|-weather|none\n|-heal|p2a: Flounder|58\/100|[from] item: Leftovers\n|upkeep\n|turn|10\n|l| Fidget2000\n|\n|t:|1700274480\n|-end|p1a: Population I|Quark Drive|[silent]\n|switch|p1a: B-17|Corviknight, F|77\/100\n|-ability|p1a: B-17|Pressure\n|move|p2a: Flounder|Surf|p1a: B-17\n|-damage|p1a: B-17|51\/100\n|\n|-heal|p2a: Flounder|64\/100|[from] item: Leftovers\n|upkeep\n|turn|11\n|j| Fidget2000\n|\n|t:|1700274490\n|move|p2a: Flounder|Surf|p1a: B-17\n|-damage|p1a: B-17|25\/100\n|move|p1a: B-17|Roost|p1a: B-17\n|-heal|p1a: B-17|75\/100\n|-singleturn|p1a: B-17|move: Roost\n|\n|-heal|p2a: Flounder|71\/100|[from] item: Leftovers\n|upkeep\n|turn|12\n|\n|t:|1700274496\n|move|p2a: Flounder|Encore|p1a: B-17\n|-start|p1a: B-17|Encore\n|move|p1a: B-17|Roost|p1a: B-17\n|-heal|p1a: B-17|100\/100\n|-singleturn|p1a: B-17|move: Roost\n|\n|-heal|p2a: Flounder|77\/100|[from] item: Leftovers\n|upkeep\n|turn|13\n|\n|t:|1700274504\n|switch|p1a: Prometheus|Pachirisu, F, shiny, tera:Fairy|100\/100\n|move|p2a: Flounder|Surf|p1a: Prometheus\n|-crit|p1a: Prometheus\n|-damage|p1a: Prometheus|53\/100\n|\n|-heal|p2a: Flounder|83\/100|[from] item: Leftovers\n|upkeep\n|turn|14\n|\n|t:|1700274514\n|move|p2a: Flounder|Protect|p2a: Flounder\n|-singleturn|p2a: Flounder|Protect\n|move|p1a: Prometheus|Nuzzle|p2a: Flounder\n|-activate|p2a: Flounder|move: Protect\n|\n|-heal|p2a: Flounder|89\/100|[from] item: Leftovers\n|upkeep\n|turn|15\n|\n|t:|1700274522\n|move|p1a: Prometheus|Sunny Day|p1a: Prometheus\n|-weather|SunnyDay\n|move|p2a: Flounder|Surf|p1a: Prometheus\n|-damage|p1a: Prometheus|36\/100\n|\n|-weather|SunnyDay|[upkeep]\n|-heal|p2a: Flounder|95\/100|[from] item: Leftovers\n|upkeep\n|turn|16\n|\n|t:|1700274531\n|move|p2a: Flounder|Protect|p2a: Flounder\n|-singleturn|p2a: Flounder|Protect\n|move|p1a: Prometheus|U-turn|p2a: Flounder\n|-activate|p2a: Flounder|move: Protect\n|\n|-weather|SunnyDay|[upkeep]\n|-heal|p2a: Flounder|100\/100|[from] item: Leftovers\n|upkeep\n|turn|17\n|\n|t:|1700274537\n|move|p1a: Prometheus|U-turn|p2a: Flounder\n|-damage|p2a: Flounder|89\/100\n|\n|t:|1700274548\n|switch|p1a: Lorekeeper|Roaring Moon|100\/100|[from] U-turn\n|-activate|p1a: Lorekeeper|ability: Protosynthesis\n|-start|p1a: Lorekeeper|protosynthesisspe\n|move|p2a: Flounder|Surf|p1a: Lorekeeper\n|-resisted|p1a: Lorekeeper\n|-damage|p1a: Lorekeeper|95\/100\n|\n|-weather|SunnyDay|[upkeep]\n|-heal|p2a: Flounder|96\/100|[from] item: Leftovers\n|upkeep\n|turn|18\n|\n|t:|1700274574\n|move|p1a: Lorekeeper|Crunch|p2a: Flounder\n|-damage|p2a: Flounder|12\/100\n|move|p2a: Flounder|Dazzling Gleam|p1a: Lorekeeper\n|-supereffective|p1a: Lorekeeper\n|-damage|p1a: Lorekeeper|41\/100\n|\n|-weather|SunnyDay|[upkeep]\n|-heal|p2a: Flounder|18\/100|[from] item: Leftovers\n|upkeep\n|turn|19\n|\n|t:|1700274584\n|move|p2a: Flounder|Protect|p2a: Flounder\n|-singleturn|p2a: Flounder|Protect\n|move|p1a: Lorekeeper|Crunch|p2a: Flounder\n|-activate|p2a: Flounder|move: Protect\n|\n|-weather|SunnyDay|[upkeep]\n|-heal|p2a: Flounder|24\/100|[from] item: Leftovers\n|upkeep\n|turn|20\n|\n|t:|1700274594\n|switch|p2a: Sam|Tauros-Paldea-Combat, M|100\/100\n|-ability|p2a: Sam|Intimidate|boost\n|-unboost|p1a: Lorekeeper|atk|1\n|move|p1a: Lorekeeper|Crunch|p2a: Sam\n|-resisted|p2a: Sam\n|-damage|p2a: Sam|80\/100\n|\n|-weather|SunnyDay|[upkeep]\n|-heal|p2a: Sam|86\/100|[from] item: Leftovers\n|upkeep\n|turn|21\n|\n|t:|1700274614\n|-end|p1a: Lorekeeper|Protosynthesis|[silent]\n|switch|p1a: Population I|Iron Moth|100\/100\n|move|p2a: Sam|Bulk Up|p2a: Sam\n|-boost|p2a: Sam|atk|1\n|-boost|p2a: Sam|def|1\n|\n|-weather|SunnyDay|[upkeep]\n|-heal|p2a: Sam|92\/100|[from] item: Leftovers\n|upkeep\n|turn|22\n|\n|t:|1700274638\n|switch|p2a: Charlie|Skeledirge, F|88\/100\n|move|p1a: Population I|Overheat|p2a: Charlie\n|-resisted|p2a: Charlie\n|-damage|p2a: Charlie|29\/100\n|-unboost|p1a: Population I|spa|2\n|\n|-weather|none\n|upkeep\n|turn|23\n|\n|t:|1700274646\n|move|p1a: Population I|Overheat|p2a: Charlie\n|-resisted|p2a: Charlie\n|-damage|p2a: Charlie|0 fnt\n|-unboost|p1a: Population I|spa|2\n|faint|p2a: Charlie\n|\n|upkeep\n|\n|t:|1700274682\n|switch|p2a: Sam|Tauros-Paldea-Combat, M|92\/100\n|-ability|p2a: Sam|Intimidate|boost\n|-unboost|p1a: Population I|atk|1\n|turn|24\n|\n|t:|1700274699\n|-end|p1a: Population I|Quark Drive|[silent]\n|switch|p1a: Superluminal|Iron Valiant|100\/100\n|-enditem|p1a: Superluminal|Booster Energy\n|-activate|p1a: Superluminal|ability: Quark Drive|[fromitem]\n|-start|p1a: Superluminal|quarkdrivespe\n|move|p2a: Sam|Bulk Up|p2a: Sam\n|-boost|p2a: Sam|atk|1\n|-boost|p2a: Sam|def|1\n|\n|-heal|p2a: Sam|98\/100|[from] item: Leftovers\n|upkeep\n|turn|25\n|\n|t:|1700274716\n|switch|p2a: Snowflake|Cryogonal|100\/100\n|move|p1a: Superluminal|Moonblast|p2a: Snowflake\n|-damage|p2a: Snowflake|60\/100\n|\n|upkeep\n|turn|26\n|l| Fidget2000\n|\n|t:|1700274750\n|-end|p1a: Superluminal|Quark Drive|[silent]\n|switch|p1a: B-17|Corviknight, F|100\/100\n|-ability|p1a: B-17|Pressure\n|move|p2a: Snowflake|Rapid Spin|p1a: B-17\n|-resisted|p1a: B-17\n|-damage|p1a: B-17|98\/100\n|-boost|p2a: Snowflake|spe|1\n|\n|upkeep\n|turn|27\n|\n|t:|1700274762\n|move|p2a: Snowflake|Freeze-Dry|p1a: B-17\n|-damage|p1a: B-17|70\/100\n|move|p1a: B-17|Body Press|p2a: Snowflake\n|-supereffective|p2a: Snowflake\n|-damage|p2a: Snowflake|0 fnt\n|faint|p2a: Snowflake\n|\n|upkeep\n|j| Fidget2000\n|\n|t:|1700274789\n|switch|p2a: Sam|Tauros-Paldea-Combat, M|98\/100\n|-ability|p2a: Sam|Intimidate|boost\n|-unboost|p1a: B-17|atk|1\n|turn|28\n|\n|t:|1700274793\n|move|p2a: Sam|Trailblaze|p1a: B-17\n|-resisted|p1a: B-17\n|-crit|p1a: B-17\n|-damage|p1a: B-17|67\/100\n|-boost|p2a: Sam|spe|1\n|move|p1a: B-17|U-turn|p2a: Sam\n|-resisted|p2a: Sam\n|-damage|p2a: Sam|94\/100\n|\n|t:|1700274814\n|switch|p1a: Prometheus|Pachirisu, F, shiny, tera:Fairy|36\/100|[from] U-turn\n|\n|-heal|p2a: Sam|99\/100|[from] item: Leftovers\n|upkeep\n|turn|29\n|\n|t:|1700274819\n|move|p2a: Sam|Earthquake|p1a: Prometheus\n|-damage|p1a: Prometheus|4\/100\n|move|p1a: Prometheus|Sunny Day|p1a: Prometheus\n|-weather|SunnyDay\n|\n|-weather|SunnyDay|[upkeep]\n|-heal|p2a: Sam|100\/100|[from] item: Leftovers\n|upkeep\n|turn|30\n|c| PrettyMan|pachirisu sweep\n|\n|t:|1700274831\n|move|p2a: Sam|Trailblaze|p1a: Prometheus\n|-damage|p1a: Prometheus|0 fnt\n|-boost|p2a: Sam|spe|1\n|faint|p1a: Prometheus\n|\n|-weather|SunnyDay|[upkeep]\n|upkeep\n|\n|t:|1700274921\n|switch|p1a: Superluminal|Iron Valiant|100\/100\n|turn|31\n|\n|t:|1700274936\n|move|p2a: Sam|Earthquake|p1a: Superluminal\n|-damage|p1a: Superluminal|72\/100\n|move|p1a: Superluminal|Moonblast|p2a: Sam\n|-supereffective|p2a: Sam\n|-damage|p2a: Sam|0 fnt\n|faint|p2a: Sam\n|\n|-weather|SunnyDay|[upkeep]\n|upkeep\n|c|\u2606Plozz|!dt iron valiant\n|raw|<div class=\"message\"><ul class=\"utilichart\"><li class=\"result\"><span class=\"col numcol\">OU<\/span> <span class=\"col iconcol\"><psicon pokemon=\"ironvaliant\"\/><\/span> <span class=\"col pokemonnamecol\" style=\"white-space:nowrap\"><a href=\"https:\/\/dex.pokemonshowdown.com\/pokemon\/ironvaliant\" target=\"_blank\">Iron Valiant<\/a><\/span> <span class=\"col typecol\"><img src=\"https:\/\/play.pokemonshowdown.com\/sprites\/types\/Fairy.png\" alt=\"Fairy\" height=\"14\" width=\"32\"><img src=\"https:\/\/play.pokemonshowdown.com\/sprites\/types\/Fighting.png\" alt=\"Fighting\" height=\"14\" width=\"32\"><\/span> <span style=\"float:left;min-height:26px\"><span class=\"col abilitycol\">Quark Drive<\/span><span class=\"col abilitycol\"><\/span><\/span><span style=\"float:left;min-height:26px\"><span class=\"col statcol\"><em>HP<\/em><br \/>74<\/span> <span class=\"col statcol\"><em>Atk<\/em><br \/>130<\/span> <span class=\"col statcol\"><em>Def<\/em><br \/>90<\/span> <span class=\"col statcol\"><em>SpA<\/em><br \/>120<\/span> <span class=\"col statcol\"><em>SpD<\/em><br \/>60<\/span> <span class=\"col statcol\"><em>Spe<\/em><br \/>116<\/span> <span class=\"col bstcol\"><em>BST<br \/>590<\/em><\/span> <\/span><\/li><li style=\"clear:both\"><\/li><\/ul><\/div>\n|raw|<font size=\"1\"><font color=\"#686868\">Dex#:<\/font> 1006&nbsp;|&ThickSpace;<font color=\"#686868\">Gen:<\/font> 9&nbsp;|&ThickSpace;<font color=\"#686868\">Height:<\/font> 1.4 m&nbsp;|&ThickSpace;<font color=\"#686868\">Weight:<\/font> 35 kg <em>(60 BP)<\/em>&nbsp;|&ThickSpace;<font color=\"#686868\">Dex Colour:<\/font> White&nbsp;|&ThickSpace;<font color=\"#686868\">Egg Group(s):<\/font> Undiscovered&nbsp;|&ThickSpace;<font color=\"#686868\">Does Not Evolve<\/font><\/font>\n\n|\n|t:|1700274992\n|switch|p2a: Beeeeeeeeee|Ribombee, M|100\/100\n|turn|32\n|\n|t:|1700275006\n|move|p1a: Superluminal|Moonblast|p2a: Beeeeeeeeee\n|-damage|p2a: Beeeeeeeeee|17\/100\n|move|p2a: Beeeeeeeeee|Quiver Dance|p2a: Beeeeeeeeee\n|-boost|p2a: Beeeeeeeeee|spa|1\n|-boost|p2a: Beeeeeeeeee|spd|1\n|-boost|p2a: Beeeeeeeeee|spe|1\n|\n|-weather|SunnyDay|[upkeep]\n|upkeep\n|turn|33\n|\n|t:|1700275019\n|move|p2a: Beeeeeeeeee|Moonblast|p1a: Superluminal\n|-supereffective|p1a: Superluminal\n|-damage|p1a: Superluminal|0 fnt\n|faint|p1a: Superluminal\n|-end|p1a: Superluminal|Quark Drive|[silent]\n|\n|-weather|SunnyDay|[upkeep]\n|upkeep\n|\n|t:|1700275027\n|switch|p1a: Population I|Iron Moth|100\/100\n|turn|34\n|\n|t:|1700275038\n|move|p2a: Beeeeeeeeee|Psychic|p1a: Population I\n|-supereffective|p1a: Population I\n|-damage|p1a: Population I|23\/100\n|move|p1a: Population I|Fiery Dance|p2a: Beeeeeeeeee\n|-supereffective|p2a: Beeeeeeeeee\n|-damage|p2a: Beeeeeeeeee|0 fnt\n|-boost|p1a: Population I|spa|1\n|faint|p2a: Beeeeeeeeee\n|\n|-weather|SunnyDay|[upkeep]\n|upkeep\n|\n|t:|1700275050\n|switch|p2a: Flounder|Lumineon, M|24\/100\n|turn|35\n|\n|t:|1700275057\n|move|p2a: Flounder|Protect|p2a: Flounder\n|-singleturn|p2a: Flounder|Protect\n|move|p1a: Population I|Fiery Dance|p2a: Flounder\n|-activate|p2a: Flounder|move: Protect\n|\n|-weather|SunnyDay|[upkeep]\n|-heal|p2a: Flounder|30\/100|[from] item: Leftovers\n|upkeep\n|turn|36\n|c|\u2606Plozz|!dt iron moth\n|raw|<div class=\"message\"><ul class=\"utilichart\"><li class=\"result\"><span class=\"col numcol\">OU<\/span> <span class=\"col iconcol\"><psicon pokemon=\"ironmoth\"\/><\/span> <span class=\"col pokemonnamecol\" style=\"white-space:nowrap\"><a href=\"https:\/\/dex.pokemonshowdown.com\/pokemon\/ironmoth\" target=\"_blank\">Iron Moth<\/a><\/span> <span class=\"col typecol\"><img src=\"https:\/\/play.pokemonshowdown.com\/sprites\/types\/Fire.png\" alt=\"Fire\" height=\"14\" width=\"32\"><img src=\"https:\/\/play.pokemonshowdown.com\/sprites\/types\/Poison.png\" alt=\"Poison\" height=\"14\" width=\"32\"><\/span> <span style=\"float:left;min-height:26px\"><span class=\"col abilitycol\">Quark Drive<\/span><span class=\"col abilitycol\"><\/span><\/span><span style=\"float:left;min-height:26px\"><span class=\"col statcol\"><em>HP<\/em><br \/>80<\/span> <span class=\"col statcol\"><em>Atk<\/em><br \/>70<\/span> <span class=\"col statcol\"><em>Def<\/em><br \/>60<\/span> <span class=\"col statcol\"><em>SpA<\/em><br \/>140<\/span> <span class=\"col statcol\"><em>SpD<\/em><br \/>110<\/span> <span class=\"col statcol\"><em>Spe<\/em><br \/>110<\/span> <span class=\"col bstcol\"><em>BST<br \/>570<\/em><\/span> <\/span><\/li><li style=\"clear:both\"><\/li><\/ul><\/div>\n|raw|<font size=\"1\"><font color=\"#686868\">Dex#:<\/font> 994&nbsp;|&ThickSpace;<font color=\"#686868\">Gen:<\/font> 9&nbsp;|&ThickSpace;<font color=\"#686868\">Height:<\/font> 1.2 m&nbsp;|&ThickSpace;<font color=\"#686868\">Weight:<\/font> 36 kg <em>(60 BP)<\/em>&nbsp;|&ThickSpace;<font color=\"#686868\">Dex Colour:<\/font> Yellow&nbsp;|&ThickSpace;<font color=\"#686868\">Egg Group(s):<\/font> Undiscovered&nbsp;|&ThickSpace;<font color=\"#686868\">Does Not Evolve<\/font><\/font>\n\n|c|\u2606Plozz|!dt ribombee\n|raw|<div class=\"message\"><ul class=\"utilichart\"><li class=\"result\"><span class=\"col numcol\">OU<\/span> <span class=\"col iconcol\"><psicon pokemon=\"ribombee\"\/><\/span> <span class=\"col pokemonnamecol\" style=\"white-space:nowrap\"><a href=\"https:\/\/dex.pokemonshowdown.com\/pokemon\/ribombee\" target=\"_blank\">Ribombee<\/a><\/span> <span class=\"col typecol\"><img src=\"https:\/\/play.pokemonshowdown.com\/sprites\/types\/Bug.png\" alt=\"Bug\" height=\"14\" width=\"32\"><img src=\"https:\/\/play.pokemonshowdown.com\/sprites\/types\/Fairy.png\" alt=\"Fairy\" height=\"14\" width=\"32\"><\/span> <span style=\"float:left;min-height:26px\"><span class=\"col twoabilitycol\">Honey Gather<br \/>Shield Dust<\/span><span class=\"col abilitycol\"><em>Sweet Veil<\/em><\/span><\/span><span style=\"float:left;min-height:26px\"><span class=\"col statcol\"><em>HP<\/em><br \/>60<\/span> <span class=\"col statcol\"><em>Atk<\/em><br \/>55<\/span> <span class=\"col statcol\"><em>Def<\/em><br \/>60<\/span> <span class=\"col statcol\"><em>SpA<\/em><br \/>95<\/span> <span class=\"col statcol\"><em>SpD<\/em><br \/>70<\/span> <span class=\"col statcol\"><em>Spe<\/em><br \/>124<\/span> <span class=\"col bstcol\"><em>BST<br \/>464<\/em><\/span> <\/span><\/li><li style=\"clear:both\"><\/li><\/ul><\/div>\n|raw|<font size=\"1\"><font color=\"#686868\">Dex#:<\/font> 743&nbsp;|&ThickSpace;<font color=\"#686868\">Gen:<\/font> 7&nbsp;|&ThickSpace;<font color=\"#686868\">Height:<\/font> 0.2 m&nbsp;|&ThickSpace;<font color=\"#686868\">Weight:<\/font> 0.5 kg <em>(20 BP)<\/em>&nbsp;|&ThickSpace;<font color=\"#686868\">Dex Colour:<\/font> Yellow&nbsp;|&ThickSpace;<font color=\"#686868\">Egg Group(s):<\/font> Bug, Fairy&nbsp;|&ThickSpace;<font color=\"#686868\">Pre-Evolution:<\/font> Cutiefly&nbsp;|&ThickSpace;<font color=\"#686868\">Does Not Evolve<\/font><\/font>\n\n|\n|t:|1700275090\n|move|p2a: Flounder|Protect|p2a: Flounder\n|-singleturn|p2a: Flounder|Protect\n|move|p1a: Population I|Fiery Dance|p2a: Flounder\n|-activate|p2a: Flounder|move: Protect\n|\n|-weather|none\n|-heal|p2a: Flounder|36\/100|[from] item: Leftovers\n|upkeep\n|turn|37\n|\n|t:|1700275099\n|move|p1a: Population I|Fiery Dance|p2a: Flounder\n|-resisted|p2a: Flounder\n|-damage|p2a: Flounder|0 fnt\n|-boost|p1a: Population I|spa|1\n|faint|p2a: Flounder\n|\n|upkeep\n|\n|t:|1700275102\n|switch|p2a: Cookie|Krookodile, F|86\/100\n|-ability|p2a: Cookie|Intimidate|boost\n|-unboost|p1a: Population I|atk|1\n|turn|38\n|\n|t:|1700275109\n|move|p1a: Population I|Fiery Dance|p2a: Cookie\n|-damage|p2a: Cookie|0 fnt\n|faint|p2a: Cookie\n|\n|win|Plozz\n","uploadtime":1700275143,"views":38,"p1id":"plozz","p2id":"ejorange","formatid":"gen9anythinggoes","rating":0,"private":0,"password":""}