{"id":"gen9anythinggoes-1989333169","p1":"DaSwampp","p2":"TypeSpammer","format":"[Gen 9] Anything Goes","log":"|j|\u2606DaSwampp\n|j|\u2606TypeSpammer\n|t:|1699837459\n|gametype|singles\n|player|p1|DaSwampp|alder|1467\n|player|p2|TypeSpammer|1|1383\n|teamsize|p1|6\n|teamsize|p2|6\n|gen|9\n|tier|[Gen 9] Anything Goes\n|rated|\n|rule|HP Percentage Mod: HP is shown in percentages\n|rule|Endless Battle Clause: Forcing endless battles is banned\n|clearpoke\n|poke|p1|Forretress, M|\n|poke|p1|Calyrex-Shadow|\n|poke|p1|Dragonite, F|\n|poke|p1|Ursaluna-Bloodmoon, M|\n|poke|p1|Dragapult, M|\n|poke|p1|Volcarona, F|\n|poke|p2|Mew|\n|poke|p2|Vaporeon, F|\n|poke|p2|Goodra-Hisui, F|\n|poke|p2|Cinderace, M|\n|poke|p2|Ariados, M|\n|poke|p2|Landorus-Therian, M|\n|teampreview\n|inactive|Battle timer is ON: inactive players will automatically lose when time's up. (requested by DaSwampp)\n|\n|t:|1699837477\n|start\n|switch|p1a: Forretress|Forretress, M, shiny|100\/100\n|switch|p2a: Ariados|Ariados, M|100\/100\n|turn|1\n|\n|t:|1699837482\n|move|p2a: Ariados|Sticky Web|p1a: Forretress\n|-sidestart|p1: DaSwampp|move: Sticky Web\n|move|p1a: Forretress|Stealth Rock|p2a: Ariados\n|-sidestart|p2: TypeSpammer|move: Stealth Rock\n|\n|upkeep\n|turn|2\n|\n|t:|1699837490\n|-terastallize|p2a: Ariados|Ghost\n|move|p2a: Ariados|Lunge|p1a: Forretress\n|-resisted|p1a: Forretress\n|-damage|p1a: Forretress|87\/100\n|-unboost|p1a: Forretress|atk|1\n|move|p1a: Forretress|Toxic Spikes|p2a: Ariados\n|-sidestart|p2: TypeSpammer|move: Toxic Spikes\n|\n|-heal|p1a: Forretress|93\/100|[from] item: Leftovers\n|upkeep\n|turn|3\n|\n|t:|1699837506\n|move|p2a: Ariados|Lunge|p1a: Forretress\n|-resisted|p1a: Forretress\n|-damage|p1a: Forretress|81\/100\n|-unboost|p1a: Forretress|atk|1\n|move|p1a: Forretress|Toxic Spikes|p2a: Ariados\n|-sidestart|p2: TypeSpammer|move: Toxic Spikes\n|\n|-heal|p1a: Forretress|87\/100|[from] item: Leftovers\n|upkeep\n|turn|4\n|\n|t:|1699837519\n|switch|p1a: Calyrex|Calyrex-Shadow|100\/100\n|-ability|p1a: Calyrex|As One\n|-ability|p1a: Calyrex|Unnerve\n|-activate|p1a: Calyrex|move: Sticky Web\n|-unboost|p1a: Calyrex|spe|1\n|move|p2a: Ariados|Lunge|p1a: Calyrex\n|-damage|p1a: Calyrex|58\/100\n|-unboost|p1a: Calyrex|atk|1\n|\n|upkeep\n|turn|5\n|\n|t:|1699837531\n|move|p2a: Ariados|Shadow Sneak|p1a: Calyrex\n|-supereffective|p1a: Calyrex\n|-damage|p1a: Calyrex|0 fnt\n|faint|p1a: Calyrex\n|\n|upkeep\n|\n|t:|1699837538\n|switch|p1a: Dragapult|Dragapult, M|100\/100\n|-activate|p1a: Dragapult|move: Sticky Web\n|-unboost|p1a: Dragapult|spe|1\n|turn|6\n|\n|t:|1699837547\n|move|p1a: Dragapult|Sucker Punch||[still]\n|-fail|p1a: Dragapult\n|move|p2a: Ariados|Toxic Thread|p1a: Dragapult\n|-unboost|p1a: Dragapult|spe|1\n|-status|p1a: Dragapult|psn\n|\n|-damage|p1a: Dragapult|88\/100 psn|[from] psn\n|upkeep\n|turn|7\n|\n|t:|1699837561\n|move|p1a: Dragapult|Sucker Punch||[still]\n|-fail|p1a: Dragapult\n|move|p2a: Ariados|Toxic Thread|p1a: Dragapult\n|-unboost|p1a: Dragapult|spe|1\n|-fail|p1a: Dragapult|psn\n|\n|-damage|p1a: Dragapult|76\/100 psn|[from] psn\n|upkeep\n|turn|8\n|\n|t:|1699837576\n|switch|p1a: Dragonite|Dragonite, F|100\/100\n|move|p2a: Ariados|Shadow Sneak|p1a: Dragonite\n|-damage|p1a: Dragonite|91\/100\n|\n|upkeep\n|turn|9\n|\n|t:|1699837582\n|move|p1a: Dragonite|Earthquake|p2a: Ariados\n|-damage|p2a: Ariados|32\/100\n|move|p2a: Ariados|Toxic Thread|p1a: Dragonite\n|-unboost|p1a: Dragonite|spe|1\n|-status|p1a: Dragonite|psn\n|\n|-damage|p1a: Dragonite|79\/100 psn|[from] psn\n|upkeep\n|turn|10\n|l|\u2606TypeSpammer\n|inactive|TypeSpammer disconnected and has a minute to reconnect!\n|player|p2|\n|j|\u2606TypeSpammer\n|inactive|TypeSpammer reconnected and has 130 seconds left.\n|player|p2|TypeSpammer|1\n|inactive|TypeSpammer has 120 seconds left.\n|\n|t:|1699837626\n|switch|p2a: Landorus|Landorus-Therian, M|100\/100\n|-damage|p2a: Landorus|88\/100|[from] Stealth Rock\n|-ability|p2a: Landorus|Intimidate|boost\n|-unboost|p1a: Dragonite|atk|1\n|move|p1a: Dragonite|Earthquake|p2a: Landorus\n|-immune|p2a: Landorus\n|\n|-damage|p1a: Dragonite|66\/100 psn|[from] psn\n|upkeep\n|turn|11\n|\n|t:|1699837641\n|switch|p1a: Forretress|Forretress, M, shiny|87\/100\n|-activate|p1a: Forretress|move: Sticky Web\n|-unboost|p1a: Forretress|spe|1\n|move|p2a: Landorus|U-turn|p1a: Forretress\n|-resisted|p1a: Forretress\n|-damage|p1a: Forretress|79\/100\n|\n|t:|1699837647\n|switch|p2a: Cinderace|Cinderace, M|100\/100|[from] U-turn\n|\n|-heal|p1a: Forretress|85\/100|[from] item: Leftovers\n|upkeep\n|turn|12\n|\n|t:|1699837653\n|-terastallize|p1a: Forretress|Water\n|move|p2a: Cinderace|U-turn|p1a: Forretress\n|-start|p2a: Cinderace|typechange|Bug|[from] ability: Libero\n|-damage|p1a: Forretress|61\/100\n|\n|t:|1699837658\n|switch|p2a: Ariados|Ariados, M, tera:Ghost|32\/100|[from] U-turn\n|-damage|p2a: Ariados|19\/100|[from] Stealth Rock\n|-status|p2a: Ariados|tox\n|move|p1a: Forretress|Rapid Spin|p2a: Ariados\n|-immune|p2a: Ariados\n|\n|-heal|p1a: Forretress|67\/100|[from] item: Leftovers\n|-damage|p2a: Ariados|13\/100 tox|[from] psn\n|upkeep\n|turn|13\n|\n|t:|1699837666\n|move|p2a: Ariados|Lunge|p1a: Forretress\n|-damage|p1a: Forretress|29\/100\n|-unboost|p1a: Forretress|atk|1\n|move|p1a: Forretress|Rapid Spin|p2a: Ariados\n|-immune|p2a: Ariados\n|\n|-heal|p1a: Forretress|36\/100|[from] item: Leftovers\n|-damage|p2a: Ariados|1\/100 tox|[from] psn\n|upkeep\n|turn|14\n|\n|t:|1699837679\n|move|p2a: Ariados|Lunge|p1a: Forretress\n|-damage|p1a: Forretress|0 fnt\n|faint|p1a: Forretress\n|\n|-damage|p2a: Ariados|0 fnt|[from] psn\n|faint|p2a: Ariados\n|upkeep\n|\n|t:|1699837687\n|switch|p2a: Landorus|Landorus-Therian, M|88\/100\n|switch|p1a: Volcarona|Volcarona, F|100\/100\n|-damage|p2a: Landorus|75\/100|[from] Stealth Rock\n|-ability|p2a: Landorus|Intimidate|boost\n|-unboost|p1a: Volcarona|atk|1\n|-activate|p1a: Volcarona|move: Sticky Web\n|-unboost|p1a: Volcarona|spe|1\n|turn|15\n|\n|t:|1699837693\n|move|p2a: Landorus|Stone Edge|p1a: Volcarona\n|-supereffective|p1a: Volcarona\n|-crit|p1a: Volcarona\n|-enditem|p1a: Volcarona|Focus Sash\n|-damage|p1a: Volcarona|1\/100\n|move|p1a: Volcarona|Quiver Dance|p1a: Volcarona\n|-boost|p1a: Volcarona|spa|1\n|-boost|p1a: Volcarona|spd|1\n|-boost|p1a: Volcarona|spe|1\n|\n|upkeep\n|turn|16\n|\n|t:|1699837702\n|switch|p2a: Cinderace|Cinderace, M|100\/100\n|move|p1a: Volcarona|Flamethrower|p2a: Cinderace\n|-resisted|p2a: Cinderace\n|-damage|p2a: Cinderace|42\/100\n|\n|upkeep\n|turn|17\n|\n|t:|1699837713\n|move|p2a: Cinderace|Sucker Punch|p1a: Volcarona\n|-start|p2a: Cinderace|typechange|Dark|[from] ability: Libero\n|-damage|p1a: Volcarona|0 fnt\n|faint|p1a: Volcarona\n|\n|upkeep\n|\n|t:|1699837716\n|switch|p1a: Dragonite|Dragonite, F|66\/100 psn\n|turn|18\n|\n|t:|1699837724\n|move|p1a: Dragonite|Extreme Speed|p2a: Cinderace\n|-damage|p2a: Cinderace|0 fnt\n|faint|p2a: Cinderace\n|\n|-damage|p1a: Dragonite|54\/100 psn|[from] psn\n|upkeep\n|\n|t:|1699837749\n|switch|p2a: Mew|Mew|100\/100\n|-damage|p2a: Mew|88\/100|[from] Stealth Rock\n|-status|p2a: Mew|tox\n|turn|19\n|\n|t:|1699837758\n|move|p2a: Mew|Hurricane|p1a: Dragonite\n|-damage|p1a: Dragonite|14\/100 psn\n|-start|p1a: Dragonite|confusion\n|-activate|p1a: Dragonite|confusion\n|move|p1a: Dragonite|Roost|p1a: Dragonite\n|-heal|p1a: Dragonite|64\/100 psn\n|-singleturn|p1a: Dragonite|move: Roost\n|\n|-damage|p2a: Mew|82\/100 tox|[from] psn\n|-damage|p1a: Dragonite|52\/100 psn|[from] psn\n|upkeep\n|turn|20\n|\n|t:|1699837771\n|move|p2a: Mew|Hurricane|p1a: Dragonite\n|-damage|p1a: Dragonite|14\/100 psn\n|-activate|p1a: Dragonite|confusion\n|move|p1a: Dragonite|Earthquake|p2a: Mew\n|-damage|p2a: Mew|43\/100 tox\n|\n|-damage|p2a: Mew|31\/100 tox|[from] psn\n|-damage|p1a: Dragonite|1\/100 psn|[from] psn\n|upkeep\n|turn|21\n|\n|t:|1699837777\n|move|p2a: Mew|Agility|p2a: Mew\n|-boost|p2a: Mew|spe|2\n|-activate|p1a: Dragonite|confusion\n|-damage|p1a: Dragonite|0 fnt|[from] confusion\n|faint|p1a: Dragonite\n|\n|-damage|p2a: Mew|13\/100 tox|[from] psn\n|upkeep\n|\n|t:|1699837785\n|switch|p1a: Ursaluna|Ursaluna-Bloodmoon, M|100\/100\n|-activate|p1a: Ursaluna|move: Sticky Web\n|-unboost|p1a: Ursaluna|spe|1\n|turn|22\n|\n|t:|1699837790\n|move|p2a: Mew|Hydro Pump|p1a: Ursaluna\n|-supereffective|p1a: Ursaluna\n|-damage|p1a: Ursaluna|18\/100\n|move|p1a: Ursaluna|Calm Mind|p1a: Ursaluna\n|-boost|p1a: Ursaluna|spa|1\n|-boost|p1a: Ursaluna|spd|1\n|\n|-damage|p2a: Mew|0 fnt|[from] psn\n|faint|p2a: Mew\n|upkeep\n|\n|t:|1699837797\n|switch|p2a: Landorus|Landorus-Therian, M|75\/100\n|-damage|p2a: Landorus|63\/100|[from] Stealth Rock\n|-ability|p2a: Landorus|Intimidate|boost\n|-unboost|p1a: Ursaluna|atk|1\n|turn|23\n|\n|t:|1699837805\n|move|p2a: Landorus|Earthquake|p1a: Ursaluna\n|-damage|p1a: Ursaluna|0 fnt\n|faint|p1a: Ursaluna\n|\n|upkeep\n|\n|t:|1699837811\n|switch|p1a: Dragapult|Dragapult, M|76\/100 psn\n|-activate|p1a: Dragapult|move: Sticky Web\n|-unboost|p1a: Dragapult|spe|1\n|turn|24\n|\n|t:|1699837818\n|move|p2a: Landorus|Earthquake|p1a: Dragapult\n|-damage|p1a: Dragapult|5\/100 psn\n|move|p1a: Dragapult|Dragon Darts|p2a: Landorus\n|-damage|p2a: Landorus|25\/100\n|-anim|p1a: Dragapult|Dragon Darts|p2a: Landorus\n|-damage|p2a: Landorus|0 fnt\n|faint|p2a: Landorus\n|\n|-damage|p1a: Dragapult|0 fnt|[from] psn\n|faint|p1a: Dragapult\n|\n|win|TypeSpammer\n|upkeep\n|raw|DaSwampp's rating: 1467 &rarr; <strong>1442<\/strong><br \/>(-25 for losing)\n|raw|TypeSpammer's rating: 1383 &rarr; <strong>1408<\/strong><br \/>(+25 for winning)\n|c|\u2606TypeSpammer|gg wp\n|l|\u2606DaSwampp\n","uploadtime":1699837835,"views":4,"p1id":"daswampp","p2id":"typespammer","formatid":"gen9anythinggoes","rating":1408,"private":0,"password":""}