{"id":"gen9anythinggoes-1977222341","p1":"Ultrasonic_27","p2":"Ecco4502","format":"[Gen 9] Anything Goes","log":"|j|\u2606Ultrasonic_27\n|j|\u2606Ecco4502\n|t:|1698389230\n|gametype|singles\n|player|p1|Ultrasonic_27|170|1185\n|player|p2|Ecco4502|hilbert|1106\n|teamsize|p1|6\n|teamsize|p2|6\n|gen|9\n|tier|[Gen 9] Anything Goes\n|rated|\n|rule|HP Percentage Mod: HP is shown in percentages\n|rule|Endless Battle Clause: Forcing endless battles is banned\n|clearpoke\n|poke|p1|Dragonite, M|\n|poke|p1|Scizor, F|\n|poke|p1|Garchomp, F|\n|poke|p1|Hariyama, M|\n|poke|p1|Lucario, M|\n|poke|p1|Kommo-o, M|\n|poke|p2|Raichu, M|\n|poke|p2|Milotic, F|\n|poke|p2|Flareon, M|\n|poke|p2|Ninetales-Alola, M|\n|poke|p2|Gogoat, M|\n|poke|p2|Furret, F|\n|teampreview\n|\n|t:|1698389243\n|start\n|switch|p1a: Hariyama|Hariyama, M|100\/100\n|switch|p2a: Leviathan|Milotic, F, shiny|100\/100\n|turn|1\n|\n|t:|1698389250\n|move|p2a: Leviathan|Scald|p1a: Hariyama\n|-damage|p1a: Hariyama|79\/100\n|-status|p1a: Hariyama|brn\n|move|p1a: Hariyama|Belly Drum|p1a: Hariyama\n|-damage|p1a: Hariyama|29\/100 brn\n|-setboost|p1a: Hariyama|atk|6|[from] move: Belly Drum\n|\n|-damage|p1a: Hariyama|22\/100 brn|[from] brn\n|-status|p2a: Leviathan|brn|[from] item: Flame Orb\n|upkeep\n|-enditem|p1a: Hariyama|Figy Berry|[eat]\n|-heal|p1a: Hariyama|56\/100 brn|[from] item: Figy Berry\n|turn|2\n|\n|t:|1698389264\n|move|p2a: Leviathan|Haze|p2a: Leviathan\n|-clearallboost\n|move|p1a: Hariyama|Drain Punch|p2a: Leviathan\n|-damage|p2a: Leviathan|93\/100 brn\n|-heal|p1a: Hariyama|59\/100 brn|[from] drain|[of] p2a: Leviathan\n|\n|-damage|p2a: Leviathan|87\/100 brn|[from] brn\n|-damage|p1a: Hariyama|53\/100 brn|[from] brn\n|upkeep\n|turn|3\n|\n|t:|1698389298\n|move|p2a: Leviathan|Scald|p1a: Hariyama\n|-damage|p1a: Hariyama|30\/100 brn\n|move|p1a: Hariyama|Belly Drum||[still]\n|-fail|p1a: Hariyama\n|\n|-damage|p2a: Leviathan|81\/100 brn|[from] brn\n|-damage|p1a: Hariyama|23\/100 brn|[from] brn\n|upkeep\n|turn|4\n|\n|t:|1698389307\n|move|p2a: Leviathan|Scald|p1a: Hariyama\n|-damage|p1a: Hariyama|2\/100 brn\n|move|p1a: Hariyama|Drain Punch|p2a: Leviathan\n|-damage|p2a: Leviathan|72\/100 brn\n|-heal|p1a: Hariyama|6\/100 brn|[from] drain|[of] p2a: Leviathan\n|\n|-damage|p2a: Leviathan|66\/100 brn|[from] brn\n|-damage|p1a: Hariyama|0 fnt|[from] brn\n|faint|p1a: Hariyama\n|upkeep\n|\n|t:|1698389316\n|switch|p1a: Scizor|Scizor, F|100\/100\n|turn|5\n|\n|t:|1698389321\n|move|p2a: Leviathan|Recover|p2a: Leviathan\n|-heal|p2a: Leviathan|100\/100 brn\n|move|p1a: Scizor|Swords Dance|p1a: Scizor\n|-boost|p1a: Scizor|atk|2\n|\n|-damage|p2a: Leviathan|94\/100 brn|[from] brn\n|upkeep\n|turn|6\n|\n|t:|1698389329\n|move|p2a: Leviathan|Scald|p1a: Scizor\n|-crit|p1a: Scizor\n|-damage|p1a: Scizor|64\/100\n|-status|p1a: Scizor|brn\n|move|p1a: Scizor|Close Combat|p2a: Leviathan\n|-damage|p2a: Leviathan|77\/100 brn\n|-unboost|p1a: Scizor|def|1\n|-unboost|p1a: Scizor|spd|1\n|\n|-damage|p2a: Leviathan|71\/100 brn|[from] brn\n|-damage|p1a: Scizor|57\/100 brn|[from] brn\n|upkeep\n|turn|7\n|\n|t:|1698389347\n|move|p2a: Leviathan|Scald|p1a: Scizor\n|-crit|p1a: Scizor\n|-damage|p1a: Scizor|0 fnt\n|faint|p1a: Scizor\n|\n|-damage|p2a: Leviathan|65\/100 brn|[from] brn\n|upkeep\n|\n|t:|1698389360\n|switch|p1a: Kommo-o|Kommo-o, M|100\/100\n|turn|8\n|\n|t:|1698389366\n|move|p1a: Kommo-o|Dragon Dance|p1a: Kommo-o\n|-boost|p1a: Kommo-o|atk|1\n|-boost|p1a: Kommo-o|spe|1\n|move|p2a: Leviathan|Ice Beam|p1a: Kommo-o\n|-supereffective|p1a: Kommo-o\n|-damage|p1a: Kommo-o|68\/100\n|\n|-damage|p2a: Leviathan|59\/100 brn|[from] brn\n|upkeep\n|turn|9\n|\n|t:|1698389379\n|move|p1a: Kommo-o|Drain Punch|p2a: Leviathan\n|-damage|p2a: Leviathan|35\/100 brn\n|-heal|p1a: Kommo-o|82\/100|[from] drain|[of] p2a: Leviathan\n|move|p2a: Leviathan|Recover|p2a: Leviathan\n|-heal|p2a: Leviathan|85\/100 brn\n|\n|-damage|p2a: Leviathan|79\/100 brn|[from] brn\n|upkeep\n|turn|10\n|\n|t:|1698389389\n|move|p1a: Kommo-o|Dragon Dance|p1a: Kommo-o\n|-boost|p1a: Kommo-o|atk|1\n|-boost|p1a: Kommo-o|spe|1\n|move|p2a: Leviathan|Scald|p1a: Kommo-o\n|-resisted|p1a: Kommo-o\n|-damage|p1a: Kommo-o|71\/100\n|\n|-damage|p2a: Leviathan|73\/100 brn|[from] brn\n|upkeep\n|turn|11\n|\n|t:|1698389398\n|move|p1a: Kommo-o|Drain Punch|p2a: Leviathan\n|-damage|p2a: Leviathan|44\/100 brn\n|-heal|p1a: Kommo-o|88\/100|[from] drain|[of] p2a: Leviathan\n|move|p2a: Leviathan|Haze|p2a: Leviathan\n|-clearallboost\n|\n|-damage|p2a: Leviathan|38\/100 brn|[from] brn\n|upkeep\n|turn|12\n|\n|t:|1698389409\n|move|p1a: Kommo-o|Dragon Dance|p1a: Kommo-o\n|-boost|p1a: Kommo-o|atk|1\n|-boost|p1a: Kommo-o|spe|1\n|move|p2a: Leviathan|Recover|p2a: Leviathan\n|-heal|p2a: Leviathan|88\/100 brn\n|\n|-damage|p2a: Leviathan|82\/100 brn|[from] brn\n|upkeep\n|turn|13\n|\n|t:|1698389417\n|move|p1a: Kommo-o|Dragon Dance|p1a: Kommo-o\n|-boost|p1a: Kommo-o|atk|1\n|-boost|p1a: Kommo-o|spe|1\n|move|p2a: Leviathan|Scald|p1a: Kommo-o\n|-resisted|p1a: Kommo-o\n|-damage|p1a: Kommo-o|77\/100\n|-status|p1a: Kommo-o|brn\n|\n|-damage|p1a: Kommo-o|71\/100 brn|[from] brn\n|-damage|p2a: Leviathan|76\/100 brn|[from] brn\n|upkeep\n|turn|14\n|\n|t:|1698389428\n|move|p1a: Kommo-o|Drain Punch|p2a: Leviathan\n|-damage|p2a: Leviathan|61\/100 brn\n|-heal|p1a: Kommo-o|79\/100 brn|[from] drain|[of] p2a: Leviathan\n|move|p2a: Leviathan|Haze|p2a: Leviathan\n|-clearallboost\n|\n|-damage|p1a: Kommo-o|73\/100 brn|[from] brn\n|-damage|p2a: Leviathan|55\/100 brn|[from] brn\n|upkeep\n|turn|15\n|\n|t:|1698389438\n|move|p1a: Kommo-o|Dragon Dance|p1a: Kommo-o\n|-boost|p1a: Kommo-o|atk|1\n|-boost|p1a: Kommo-o|spe|1\n|move|p2a: Leviathan|Recover|p2a: Leviathan\n|-heal|p2a: Leviathan|100\/100 brn\n|\n|-damage|p1a: Kommo-o|67\/100 brn|[from] brn\n|-damage|p2a: Leviathan|94\/100 brn|[from] brn\n|upkeep\n|turn|16\n|\n|t:|1698389447\n|move|p1a: Kommo-o|Dragon Dance|p1a: Kommo-o\n|-boost|p1a: Kommo-o|atk|1\n|-boost|p1a: Kommo-o|spe|1\n|move|p2a: Leviathan|Ice Beam|p1a: Kommo-o\n|-supereffective|p1a: Kommo-o\n|-damage|p1a: Kommo-o|36\/100 brn\n|\n|-damage|p1a: Kommo-o|30\/100 brn|[from] brn\n|-damage|p2a: Leviathan|88\/100 brn|[from] brn\n|upkeep\n|turn|17\n|\n|t:|1698389456\n|move|p1a: Kommo-o|Drain Punch|p2a: Leviathan\n|-damage|p2a: Leviathan|73\/100 brn\n|-heal|p1a: Kommo-o|39\/100 brn|[from] drain|[of] p2a: Leviathan\n|move|p2a: Leviathan|Haze|p2a: Leviathan\n|-clearallboost\n|\n|-damage|p1a: Kommo-o|32\/100 brn|[from] brn\n|-damage|p2a: Leviathan|67\/100 brn|[from] brn\n|upkeep\n|turn|18\n|\n|t:|1698389472\n|move|p1a: Kommo-o|Dragon Dance|p1a: Kommo-o\n|-boost|p1a: Kommo-o|atk|1\n|-boost|p1a: Kommo-o|spe|1\n|move|p2a: Leviathan|Ice Beam|p1a: Kommo-o\n|-supereffective|p1a: Kommo-o\n|-damage|p1a: Kommo-o|0 fnt\n|faint|p1a: Kommo-o\n|\n|-damage|p2a: Leviathan|61\/100 brn|[from] brn\n|upkeep\n|\n|t:|1698389482\n|switch|p1a: Dragonite|Dragonite, M|100\/100\n|turn|19\n|\n|t:|1698389487\n|move|p2a: Leviathan|Ice Beam|p1a: Dragonite\n|-supereffective|p1a: Dragonite\n|-damage|p1a: Dragonite|32\/100\n|move|p1a: Dragonite|Dragon Dance|p1a: Dragonite\n|-boost|p1a: Dragonite|atk|1\n|-boost|p1a: Dragonite|spe|1\n|\n|-damage|p2a: Leviathan|55\/100 brn|[from] brn\n|upkeep\n|turn|20\n|\n|t:|1698389497\n|move|p1a: Dragonite|Extreme Speed|p2a: Leviathan\n|-damage|p2a: Leviathan|37\/100 brn\n|move|p2a: Leviathan|Ice Beam|p1a: Dragonite\n|-supereffective|p1a: Dragonite\n|-damage|p1a: Dragonite|0 fnt\n|faint|p1a: Dragonite\n|\n|-damage|p2a: Leviathan|30\/100 brn|[from] brn\n|upkeep\n|\n|t:|1698389516\n|switch|p1a: Lucario|Lucario, M|100\/100\n|turn|21\n|\n|t:|1698389520\n|move|p1a: Lucario|Swords Dance|p1a: Lucario\n|-boost|p1a: Lucario|atk|2\n|move|p2a: Leviathan|Recover|p2a: Leviathan\n|-heal|p2a: Leviathan|80\/100 brn\n|\n|-damage|p2a: Leviathan|74\/100 brn|[from] brn\n|upkeep\n|turn|22\n|\n|t:|1698389528\n|move|p1a: Lucario|Extreme Speed|p2a: Leviathan\n|-damage|p2a: Leviathan|54\/100 brn\n|move|p2a: Leviathan|Scald|p1a: Lucario\n|-damage|p1a: Lucario|71\/100\n|\n|-damage|p2a: Leviathan|48\/100 brn|[from] brn\n|upkeep\n|turn|23\n|\n|t:|1698389540\n|move|p1a: Lucario|Extreme Speed|p2a: Leviathan\n|-damage|p2a: Leviathan|27\/100 brn\n|move|p2a: Leviathan|Recover|p2a: Leviathan\n|-heal|p2a: Leviathan|77\/100 brn\n|\n|-damage|p2a: Leviathan|71\/100 brn|[from] brn\n|upkeep\n|turn|24\n|\n|t:|1698389549\n|move|p1a: Lucario|Crunch|p2a: Leviathan\n|-damage|p2a: Leviathan|50\/100 brn\n|move|p2a: Leviathan|Scald|p1a: Lucario\n|-damage|p1a: Lucario|41\/100\n|\n|-damage|p2a: Leviathan|44\/100 brn|[from] brn\n|upkeep\n|turn|25\n|\n|t:|1698389558\n|move|p1a: Lucario|Crunch|p2a: Leviathan\n|-damage|p2a: Leviathan|22\/100 brn\n|move|p2a: Leviathan|Recover|p2a: Leviathan\n|-heal|p2a: Leviathan|72\/100 brn\n|\n|-damage|p2a: Leviathan|66\/100 brn|[from] brn\n|upkeep\n|turn|26\n|\n|t:|1698389566\n|move|p1a: Lucario|Swords Dance|p1a: Lucario\n|-boost|p1a: Lucario|atk|2\n|move|p2a: Leviathan|Recover|p2a: Leviathan\n|-heal|p2a: Leviathan|100\/100 brn\n|\n|-damage|p2a: Leviathan|94\/100 brn|[from] brn\n|upkeep\n|turn|27\n|\n|t:|1698389575\n|move|p1a: Lucario|Crunch|p2a: Leviathan\n|-damage|p2a: Leviathan|61\/100 brn\n|move|p2a: Leviathan|Haze|p2a: Leviathan\n|-clearallboost\n|\n|-damage|p2a: Leviathan|55\/100 brn|[from] brn\n|upkeep\n|turn|28\n|\n|t:|1698389583\n|move|p1a: Lucario|Swords Dance|p1a: Lucario\n|-boost|p1a: Lucario|atk|2\n|move|p2a: Leviathan|Scald|p1a: Lucario\n|-damage|p1a: Lucario|9\/100\n|-enditem|p1a: Lucario|Figy Berry|[eat]\n|-heal|p1a: Lucario|42\/100|[from] item: Figy Berry\n|\n|-damage|p2a: Leviathan|48\/100 brn|[from] brn\n|upkeep\n|turn|29\n|\n|t:|1698389596\n|move|p1a: Lucario|Crunch|p2a: Leviathan\n|-damage|p2a: Leviathan|25\/100 brn\n|move|p2a: Leviathan|Scald|p1a: Lucario\n|-crit|p1a: Lucario\n|-damage|p1a: Lucario|0 fnt\n|faint|p1a: Lucario\n|\n|-damage|p2a: Leviathan|19\/100 brn|[from] brn\n|upkeep\n|\n|t:|1698389604\n|switch|p1a: Garchomp|Garchomp, F|100\/100\n|turn|30\n|\n|t:|1698389609\n|move|p1a: Garchomp|Crunch|p2a: Leviathan\n|-damage|p2a: Leviathan|6\/100 brn\n|-unboost|p2a: Leviathan|def|1\n|move|p2a: Leviathan|Ice Beam|p1a: Garchomp\n|-supereffective|p1a: Garchomp\n|-damage|p1a: Garchomp|41\/100\n|\n|-damage|p2a: Leviathan|0 fnt|[from] brn\n|faint|p2a: Leviathan\n|upkeep\n|\n|t:|1698389620\n|switch|p2a: Frost|Ninetales-Alola, M|100\/100\n|-weather|Snow|[from] ability: Snow Warning|[of] p2a: Frost\n|turn|31\n|\n|t:|1698389625\n|move|p2a: Frost|Blizzard|p1a: Garchomp\n|-supereffective|p1a: Garchomp\n|-damage|p1a: Garchomp|0 fnt\n|faint|p1a: Garchomp\n|\n|win|Ecco4502\n|raw|Ultrasonic_27's rating: 1185 &rarr; <strong>1154<\/strong><br \/>(-31 for losing)\n|raw|Ecco4502's rating: 1106 &rarr; <strong>1137<\/strong><br \/>(+31 for winning)\n|l|\u2606Ultrasonic_27\n","uploadtime":1698389632,"views":9,"p1id":"ultrasonic27","p2id":"ecco4502","formatid":"gen9anythinggoes","rating":1137,"private":0,"password":""}