{"id":"gen9anythinggoes-1978121497","p1":"basculegan","p2":"Vphil","format":"[Gen 9] Anything Goes","log":"|j|\u2606basculegan\n|j|\u2606Vphil\n|t:|1698502038\n|gametype|singles\n|player|p1|basculegan|pokemaniac|1060\n|player|p2|Vphil|169|1120\n|teamsize|p1|6\n|teamsize|p2|6\n|gen|9\n|tier|[Gen 9] Anything Goes\n|rated|\n|rule|HP Percentage Mod: HP is shown in percentages\n|rule|Endless Battle Clause: Forcing endless battles is banned\n|clearpoke\n|poke|p1|Pikachu, F|\n|poke|p1|Dipplin, M|\n|poke|p1|Gengar, M|\n|poke|p1|Kingambit, M|\n|poke|p1|Regieleki|\n|poke|p1|Maushold|\n|poke|p2|Trevenant, M|\n|poke|p2|Haunter, F|\n|poke|p2|Duskull, F|\n|poke|p2|Chandelure, M|\n|poke|p2|Shuppet, M|\n|poke|p2|Houndstone, F|\n|teampreview\n|\n|t:|1698502046\n|start\n|switch|p1a: Dipplin|Dipplin, M|100\/100\n|switch|p2a: Duskull|Duskull, F|100\/100\n|-ability|p1a: Dipplin|Supersweet Syrup\n|-ability|p1a: Dipplin|Supersweet Syrup|boost\n|-unboost|p2a: Duskull|evasion|1\n|turn|1\n|\n|t:|1698502062\n|move|p1a: Dipplin|Sucker Punch||[still]\n|-fail|p1a: Dipplin\n|move|p2a: Duskull|Curse|p1a: Dipplin\n|-start|p1a: Dipplin|Curse|[of] p2a: Duskull\n|-damage|p2a: Duskull|51\/100\n|\n|-damage|p1a: Dipplin|75\/100|[from] Curse\n|upkeep\n|turn|2\n|\n|t:|1698502072\n|move|p2a: Duskull|Will-O-Wisp|p1a: Dipplin\n|-status|p1a: Dipplin|brn\n|move|p1a: Dipplin|Dragon Tail|p2a: Duskull\n|-damage|p2a: Duskull|35\/100\n|drag|p2a: Houndstone|Houndstone, F|100\/100\n|\n|-damage|p1a: Dipplin|69\/100 brn|[from] brn\n|-damage|p1a: Dipplin|44\/100 brn|[from] Curse\n|upkeep\n|turn|3\n|\n|t:|1698502086\n|-terastallize|p2a: Houndstone|Fairy\n|move|p2a: Houndstone|Play Rough|p1a: Dipplin|[miss]\n|-miss|p2a: Houndstone|p1a: Dipplin\n|move|p1a: Dipplin|Giga Drain|p2a: Houndstone\n|-damage|p2a: Houndstone|70\/100\n|-heal|p1a: Dipplin|57\/100 brn|[from] drain|[of] p2a: Houndstone\n|\n|-damage|p1a: Dipplin|51\/100 brn|[from] brn\n|-damage|p1a: Dipplin|26\/100 brn|[from] Curse\n|upkeep\n|turn|4\n|\n|t:|1698502099\n|move|p1a: Dipplin|Sucker Punch|p2a: Houndstone\n|-resisted|p2a: Houndstone\n|-damage|p2a: Houndstone|68\/100\n|move|p2a: Houndstone|Play Rough|p1a: Dipplin|[miss]\n|-miss|p2a: Houndstone|p1a: Dipplin\n|\n|-damage|p1a: Dipplin|20\/100 brn|[from] brn\n|-damage|p1a: Dipplin|0 fnt|[from] Curse\n|faint|p1a: Dipplin\n|upkeep\n|n|!Vphil|vphil\n|\n|t:|1698502111\n|switch|p1a: Kingambit|Kingambit, M|100\/100\n|-activate|p1a: Kingambit|ability: Supreme Overlord\n|-start|p1a: Kingambit|fallen1|[silent]\n|turn|5\n|\n|t:|1698502121\n|move|p2a: Houndstone|Play Rough|p1a: Kingambit\n|-damage|p1a: Kingambit|57\/100\n|move|p1a: Kingambit|Poison Jab|p2a: Houndstone\n|-supereffective|p2a: Houndstone\n|-damage|p2a: Houndstone|32\/100\n|\n|upkeep\n|turn|6\n|\n|t:|1698502128\n|move|p2a: Houndstone|Play Rough|p1a: Kingambit\n|-damage|p1a: Kingambit|14\/100\n|move|p1a: Kingambit|Poison Jab|p2a: Houndstone\n|-supereffective|p2a: Houndstone\n|-damage|p2a: Houndstone|0 fnt\n|faint|p2a: Houndstone\n|\n|upkeep\n|\n|t:|1698502146\n|switch|p2a: Shuppet|Shuppet, M|100\/100\n|turn|7\n|\n|t:|1698502157\n|-end|p1a: Kingambit|fallen1|[silent]\n|switch|p1a: Gengar|Gengar, M|100\/100\n|move|p2a: Shuppet|Shadow Sneak|p1a: Gengar\n|-supereffective|p1a: Gengar\n|-damage|p1a: Gengar|54\/100\n|-start|p2a: Shuppet|Disable|Shadow Sneak|[from] ability: Cursed Body|[of] p1a: Gengar\n|\n|-heal|p1a: Gengar|60\/100|[from] item: Leftovers\n|upkeep\n|turn|8\n|\n|t:|1698502173\n|move|p1a: Gengar|Dazzling Gleam|p2a: Shuppet\n|-damage|p2a: Shuppet|43\/100\n|move|p2a: Shuppet|Encore|p1a: Gengar\n|-start|p1a: Gengar|Encore\n|\n|-heal|p1a: Gengar|67\/100|[from] item: Leftovers\n|upkeep\n|turn|9\n|\n|t:|1698502184\n|move|p1a: Gengar|Dazzling Gleam|p2a: Shuppet\n|-damage|p2a: Shuppet|0 fnt\n|-start|p1a: Gengar|Disable|Dazzling Gleam|[from] ability: Cursed Body|[of] p2a: Shuppet\n|faint|p2a: Shuppet\n|\n|-heal|p1a: Gengar|73\/100|[from] item: Leftovers\n|upkeep\n|\n|t:|1698502194\n|switch|p2a: Chandelure|Chandelure, M|100\/100\n|turn|10\n|\n|t:|1698502197\n|-activate|p1a: Gengar|move: Struggle\n|move|p1a: Gengar|Struggle|p2a: Chandelure\n|-damage|p2a: Chandelure|90\/100\n|-damage|p1a: Gengar|56\/100|[from] item: Rocky Helmet|[of] p2a: Chandelure\n|-damage|p1a: Gengar|31\/100|[from] recoil\n|move|p2a: Chandelure|Flame Charge|p1a: Gengar\n|-damage|p1a: Gengar|14\/100\n|-boost|p2a: Chandelure|spe|1\n|-start|p2a: Chandelure|Disable|Flame Charge|[from] ability: Cursed Body|[of] p1a: Gengar\n|\n|-heal|p1a: Gengar|20\/100|[from] item: Leftovers\n|upkeep\n|turn|11\n|\n|t:|1698502216\n|move|p2a: Chandelure|Dark Pulse|p1a: Gengar\n|-supereffective|p1a: Gengar\n|-damage|p1a: Gengar|0 fnt\n|faint|p1a: Gengar\n|\n|upkeep\n|\n|t:|1698502227\n|switch|p1a: Regieleki|Regieleki|100\/100\n|turn|12\n|\n|t:|1698502240\n|switch|p2a: Trevenant|Trevenant, M|100\/100\n|move|p1a: Regieleki|Thunder|p2a: Trevenant|[miss]\n|-miss|p1a: Regieleki|p2a: Trevenant\n|\n|upkeep\n|turn|13\n|\n|t:|1698502250\n|move|p1a: Regieleki|Thunder|p2a: Trevenant\n|-resisted|p2a: Trevenant\n|-damage|p2a: Trevenant|75\/100\n|move|p2a: Trevenant|X-Scissor|p1a: Regieleki\n|-damage|p1a: Regieleki|44\/100\n|\n|upkeep\n|turn|14\n|\n|t:|1698502259\n|move|p1a: Regieleki|Thunder|p2a: Trevenant\n|-resisted|p2a: Trevenant\n|-damage|p2a: Trevenant|46\/100\n|-enditem|p2a: Trevenant|Sitrus Berry|[eat]\n|-heal|p2a: Trevenant|71\/100|[from] item: Sitrus Berry\n|move|p2a: Trevenant|X-Scissor|p1a: Regieleki\n|-damage|p1a: Regieleki|0 fnt\n|faint|p1a: Regieleki\n|\n|-item|p2a: Trevenant|Sitrus Berry|[from] ability: Harvest\n|upkeep\n|\n|t:|1698502274\n|switch|p1a: Pikachu|Pikachu, F|100\/100\n|turn|15\n|\n|t:|1698502280\n|move|p1a: Pikachu|Play Rough|p2a: Trevenant\n|-damage|p2a: Trevenant|30\/100\n|-enditem|p2a: Trevenant|Sitrus Berry|[eat]\n|-heal|p2a: Trevenant|54\/100|[from] item: Sitrus Berry\n|move|p2a: Trevenant|X-Scissor|p1a: Pikachu\n|-damage|p1a: Pikachu|18\/100\n|\n|-item|p2a: Trevenant|Sitrus Berry|[from] ability: Harvest\n|upkeep\n|turn|16\n|\n|t:|1698502299\n|move|p1a: Pikachu|Dig||[still]\n|-prepare|p1a: Pikachu|Dig\n|move|p2a: Trevenant|X-Scissor|p1a: Pikachu|[miss]\n|-miss|p2a: Trevenant|p1a: Pikachu\n|\n|upkeep\n|turn|17\n|\n|t:|1698502306\n|switch|p2a: Haunter|Haunter, F|100\/100\n|move|p1a: Pikachu|Dig|p2a: Haunter|[from]lockedmove\n|-immune|p2a: Haunter|[from] ability: Levitate\n|\n|upkeep\n|turn|18\n|\n|t:|1698502321\n|move|p2a: Haunter|Hex|p1a: Pikachu\n|-damage|p1a: Pikachu|0 fnt\n|faint|p1a: Pikachu\n|\n|upkeep\n|\n|t:|1698502326\n|switch|p1a: Maushold|Maushold|100\/100\n|turn|19\n|\n|t:|1698502335\n|move|p1a: Maushold|Chilling Water|p2a: Haunter\n|-damage|p2a: Haunter|83\/100\n|-unboost|p2a: Haunter|atk|1\n|move|p2a: Haunter|Toxic|p1a: Maushold\n|-status|p1a: Maushold|tox\n|\n|-damage|p1a: Maushold|94\/100 tox|[from] psn\n|upkeep\n|turn|20\n|\n|t:|1698502347\n|switch|p2a: Duskull|Duskull, F|35\/100\n|move|p1a: Maushold|Population Bomb|p2a: Duskull\n|-immune|p2a: Duskull\n|\n|-damage|p1a: Maushold|82\/100 tox|[from] psn\n|upkeep\n|turn|21\n|\n|t:|1698502358\n|move|p1a: Maushold|Chilling Water|p2a: Duskull\n|-damage|p2a: Duskull|14\/100\n|-unboost|p2a: Duskull|atk|1\n|move|p2a: Duskull|Icy Wind|p1a: Maushold\n|-damage|p1a: Maushold|74\/100 tox\n|-unboost|p1a: Maushold|spe|1\n|\n|-damage|p1a: Maushold|55\/100 tox|[from] psn\n|upkeep\n|turn|22\n|\n|t:|1698502369\n|move|p1a: Maushold|Chilling Water|p2a: Duskull\n|-damage|p2a: Duskull|0 fnt\n|faint|p2a: Duskull\n|\n|-damage|p1a: Maushold|30\/100 tox|[from] psn\n|upkeep\n|\n|t:|1698502381\n|switch|p2a: Trevenant|Trevenant, M|54\/100\n|turn|23\n|\n|t:|1698502394\n|move|p1a: Maushold|Population Bomb|p2a: Trevenant\n|-immune|p2a: Trevenant\n|move|p2a: Trevenant|X-Scissor|p1a: Maushold\n|-damage|p1a: Maushold|0 fnt\n|faint|p1a: Maushold\n|\n|upkeep\n|\n|t:|1698502402\n|switch|p1a: Kingambit|Kingambit, M|14\/100\n|-activate|p1a: Kingambit|ability: Supreme Overlord\n|-start|p1a: Kingambit|fallen5|[silent]\n|turn|24\n|\n|t:|1698502409\n|-terastallize|p1a: Kingambit|Dark\n|move|p1a: Kingambit|Sucker Punch||[still]\n|-fail|p1a: Kingambit\n|move|p2a: Trevenant|Forest's Curse||[still]\n|-fail|p2a: Trevenant\n|\n|upkeep\n|turn|25\n|\n|t:|1698502418\n|move|p1a: Kingambit|Sucker Punch|p2a: Trevenant\n|-supereffective|p2a: Trevenant\n|-damage|p2a: Trevenant|0 fnt\n|faint|p2a: Trevenant\n|\n|upkeep\n|\n|t:|1698502424\n|switch|p2a: Chandelure|Chandelure, M|90\/100\n|turn|26\n|\n|t:|1698502435\n|move|p1a: Kingambit|Sucker Punch|p2a: Chandelure\n|-supereffective|p2a: Chandelure\n|-damage|p2a: Chandelure|0 fnt\n|-damage|p1a: Kingambit|0 fnt|[from] item: Rocky Helmet|[of] p2a: Chandelure\n|faint|p2a: Chandelure\n|faint|p1a: Kingambit\n|-end|p1a: Kingambit|fallen5|[silent]\n|\n|win|Vphil\n|raw|basculegan's rating: 1060 &rarr; <strong>1044<\/strong><br \/>(-16 for losing)\n|raw|Vphil's rating: 1120 &rarr; <strong>1141<\/strong><br \/>(+21 for winning)\n","uploadtime":1698502109,"views":4,"p1id":"basculegan","p2id":"vphil","formatid":"gen9anythinggoes","rating":1044,"private":0,"password":""}