{"id":"gen9anythinggoes-1978127342","p1":"Main Ubers","p2":"NDAG was banned","format":"[Gen 9] Anything Goes","log":"|j|\u2606Main Ubers\n|j|\u2606NDAG was banned\n|t:|1698502750\n|gametype|singles\n|player|p1|Main Ubers|peonia|1889\n|player|p2|NDAG was banned|lillie-masters|1755\n|teamsize|p1|6\n|teamsize|p2|6\n|gen|9\n|tier|[Gen 9] Anything Goes\n|rated|\n|rule|HP Percentage Mod: HP is shown in percentages\n|rule|Endless Battle Clause: Forcing endless battles is banned\n|clearpoke\n|poke|p1|Grimmsnarl, M|\n|poke|p1|Glimmora, M|\n|poke|p1|Arceus|\n|poke|p1|Arceus-Ground|\n|poke|p1|Koraidon|\n|poke|p1|Calyrex-Shadow|\n|poke|p2|Calyrex-Shadow|\n|poke|p2|Arceus-Ground|\n|poke|p2|Zoroark-Hisui, M|\n|poke|p2|Arceus|\n|poke|p2|Zacian-*|\n|poke|p2|Koraidon|\n|teampreview\n|inactive|Battle timer is ON: inactive players will automatically lose when time's up. (requested by Main Ubers)\n|\n|t:|1698502774\n|start\n|switch|p1a: Grimmsnarl|Grimmsnarl, M|100\/100\n|switch|p2a: Arceus|Arceus-Ground|100\/100\n|turn|1\n|\n|t:|1698502778\n|move|p1a: Grimmsnarl|Taunt|p2a: Arceus\n|-start|p2a: Arceus|move: Taunt\n|cant|p2a: Arceus|move: Taunt|Taunt\n|\n|upkeep\n|turn|2\n|\n|t:|1698502788\n|move|p1a: Grimmsnarl|Light Screen|p1a: Grimmsnarl\n|-sidestart|p1: Main Ubers|move: Light Screen\n|move|p2a: Arceus|Judgment|p1a: Grimmsnarl\n|-damage|p1a: Grimmsnarl|77\/100\n|\n|upkeep\n|turn|3\n|\n|t:|1698502793\n|move|p2a: Arceus|Judgment|p1a: Grimmsnarl\n|-damage|p1a: Grimmsnarl|56\/100\n|move|p1a: Grimmsnarl|Spirit Break|p2a: Arceus\n|-damage|p2a: Arceus|77\/100\n|-unboost|p2a: Arceus|spa|1\n|\n|-end|p2a: Arceus|move: Taunt\n|upkeep\n|turn|4\n|\n|t:|1698502816\n|move|p2a: Arceus|Stealth Rock|p1a: Grimmsnarl\n|-sidestart|p1: Main Ubers|move: Stealth Rock\n|move|p1a: Grimmsnarl|Spirit Break|p2a: Arceus\n|-damage|p2a: Arceus|55\/100\n|-unboost|p2a: Arceus|spa|1\n|\n|upkeep\n|turn|5\n|\n|t:|1698502826\n|move|p1a: Grimmsnarl|Taunt|p2a: Arceus\n|-start|p2a: Arceus|move: Taunt\n|cant|p2a: Arceus|move: Taunt|Taunt\n|\n|upkeep\n|turn|6\n|inactive|NDAG was banned has 120 seconds left.\n|\n|t:|1698502869\n|move|p2a: Arceus|Judgment|p1a: Grimmsnarl\n|-damage|p1a: Grimmsnarl|46\/100\n|move|p1a: Grimmsnarl|Spirit Break|p2a: Arceus\n|-damage|p2a: Arceus|31\/100\n|-unboost|p2a: Arceus|spa|1\n|\n|upkeep\n|turn|7\n|\n|t:|1698502885\n|switch|p1a: Arceus|Arceus-Ground|100\/100\n|-damage|p1a: Arceus|94\/100|[from] Stealth Rock\n|move|p2a: Arceus|Judgment|p1a: Arceus\n|-damage|p1a: Arceus|86\/100\n|\n|-end|p2a: Arceus|move: Taunt\n|upkeep\n|turn|8\n|\n|t:|1698502890\n|move|p2a: Arceus|Taunt|p1a: Arceus\n|-start|p1a: Arceus|move: Taunt\n|cant|p1a: Arceus|move: Taunt|Dragon Dance\n|\n|upkeep\n|turn|9\n|\n|t:|1698502897\n|move|p2a: Arceus|Icy Wind|p1a: Arceus\n|-supereffective|p1a: Arceus\n|-damage|p1a: Arceus|80\/100\n|-unboost|p1a: Arceus|spe|1\n|move|p1a: Arceus|Earthquake|p2a: Arceus\n|-damage|p2a: Arceus|0 fnt\n|faint|p2a: Arceus\n|\n|-sideend|p1: Main Ubers|move: Light Screen\n|upkeep\n|\n|t:|1698502913\n|switch|p2a: Arceus|Arceus|100\/100\n|turn|10\n|j| xiaoqing three\n|\n|t:|1698502918\n|switch|p1a: Glimmora|Glimmora, M|100\/100\n|-damage|p1a: Glimmora|88\/100|[from] Stealth Rock\n|move|p2a: Arceus|Swords Dance|p2a: Arceus\n|-boost|p2a: Arceus|atk|2\n|\n|upkeep\n|turn|11\n|l| xiaoqing three\n|inactive|NDAG was banned has 120 seconds left.\n|\n|t:|1698502954\n|move|p1a: Glimmora|Mortal Spin|p2a: Arceus\n|-damage|p2a: Arceus|96\/100\n|-status|p2a: Arceus|psn\n|-sideend|p1: Main Ubers|Stealth Rock|[from] move: Mortal Spin|[of] p1a: Glimmora\n|move|p2a: Arceus|Earthquake|p1a: Glimmora\n|-supereffective|p1a: Glimmora\n|-crit|p1a: Glimmora\n|-damage|p1a: Glimmora|0 fnt\n|-activate|p1a: Glimmora|ability: Toxic Debris\n|-sidestart|p2: NDAG was banned|move: Toxic Spikes\n|faint|p1a: Glimmora\n|\n|-damage|p2a: Arceus|84\/100 psn|[from] psn\n|upkeep\n|\n|t:|1698502967\n|switch|p1a: Grimmsnarl|Grimmsnarl, M|46\/100\n|turn|12\n|\n|t:|1698502974\n|switch|p1a: Calyrex|Calyrex-Shadow|100\/100\n|-ability|p1a: Calyrex|As One\n|-ability|p1a: Calyrex|Unnerve\n|move|p2a: Arceus|Extreme Speed|p1a: Calyrex\n|-immune|p1a: Calyrex\n|\n|-damage|p2a: Arceus|71\/100 psn|[from] psn\n|upkeep\n|turn|13\n|\n|t:|1698502984\n|switch|p2a: Zacian|Zacian-Crowned|100\/100\n|-ability|p2a: Zacian|Intrepid Sword|boost\n|-boost|p2a: Zacian|atk|1\n|move|p1a: Calyrex|Encore||[still]\n|-fail|p1a: Calyrex\n|\n|upkeep\n|turn|14\n|\n|t:|1698503000\n|switch|p1a: Grimmsnarl|Grimmsnarl, M|46\/100\n|move|p2a: Zacian|Behemoth Blade|p1a: Grimmsnarl\n|-supereffective|p1a: Grimmsnarl\n|-damage|p1a: Grimmsnarl|0 fnt\n|faint|p1a: Grimmsnarl\n|\n|upkeep\n|\n|t:|1698503004\n|switch|p1a: Arceus|Arceus-Ground|80\/100\n|turn|15\n|\n|t:|1698503024\n|move|p2a: Zacian|Behemoth Blade|p1a: Arceus\n|-damage|p1a: Arceus|22\/100\n|move|p1a: Arceus|Dragon Dance|p1a: Arceus\n|-boost|p1a: Arceus|atk|1\n|-boost|p1a: Arceus|spe|1\n|\n|upkeep\n|turn|16\n|\n|t:|1698503029\n|switch|p2a: Arceus|Arceus|71\/100 psn\n|move|p1a: Arceus|Earthquake|p2a: Arceus\n|-damage|p2a: Arceus|4\/100 psn\n|\n|-damage|p2a: Arceus|0 fnt|[from] psn\n|faint|p2a: Arceus\n|upkeep\n|\n|t:|1698503032\n|switch|p2a: Calyrex|Calyrex-Shadow|100\/100\n|-ability|p2a: Calyrex|As One\n|-ability|p2a: Calyrex|Unnerve\n|-status|p2a: Calyrex|psn\n|turn|17\n|\n|t:|1698503042\n|switch|p1a: Arceus|Arceus|100\/100\n|move|p2a: Calyrex|Psychic|p1a: Arceus\n|-damage|p1a: Arceus|63\/100\n|\n|-heal|p1a: Arceus|69\/100|[from] item: Leftovers\n|-damage|p2a: Calyrex|88\/100 psn|[from] psn\n|upkeep\n|turn|18\n|\n|t:|1698503061\n|switch|p2a: Koraidon|Koraidon|100\/100\n|-item|p2a: Koraidon|Air Balloon\n|switch|p1a: Koraidon|Koraidon|100\/100\n|-weather|SunnyDay|[from] ability: Orichalcum Pulse|[of] p1a: Koraidon\n|-activate|p1a: Koraidon|Orichalcum Pulse|[source]\n|\n|-weather|SunnyDay|[upkeep]\n|upkeep\n|turn|19\n|\n|t:|1698503070\n|switch|p2a: Zacian|Zacian-Crowned|100\/100\n|move|p1a: Koraidon|Scale Shot|p2a: Zacian\n|-immune|p2a: Zacian\n|\n|-weather|SunnyDay|[upkeep]\n|upkeep\n|turn|20\n|\n|t:|1698503087\n|switch|p1a: Arceus|Arceus-Ground|22\/100\n|move|p2a: Zacian|Play Rough|p1a: Arceus|[miss]\n|-miss|p2a: Zacian|p1a: Arceus\n|\n|-weather|SunnyDay|[upkeep]\n|upkeep\n|turn|21\n|\n|t:|1698503092\n|move|p2a: Zacian|Behemoth Blade|p1a: Arceus\n|-damage|p1a: Arceus|0 fnt\n|faint|p1a: Arceus\n|\n|-weather|SunnyDay|[upkeep]\n|upkeep\n|\n|t:|1698503098\n|switch|p1a: Arceus|Arceus|69\/100\n|turn|22\n|\n|t:|1698503106\n|move|p2a: Zacian|Behemoth Blade|p1a: Arceus\n|-damage|p1a: Arceus|27\/100\n|move|p1a: Arceus|Bulk Up|p1a: Arceus\n|-boost|p1a: Arceus|atk|1\n|-boost|p1a: Arceus|def|1\n|\n|-weather|none\n|-heal|p1a: Arceus|34\/100|[from] item: Leftovers\n|upkeep\n|turn|23\n|\n|t:|1698503113\n|switch|p2a: Koraidon|Koraidon|100\/100\n|-item|p2a: Koraidon|Air Balloon\n|move|p1a: Arceus|Extreme Speed|p2a: Koraidon\n|-immune|p2a: Koraidon\n|\n|-heal|p1a: Arceus|40\/100|[from] item: Leftovers\n|upkeep\n|turn|24\n|\n|t:|1698503118\n|move|p2a: Koraidon|Low Kick|p1a: Arceus\n|-supereffective|p1a: Arceus\n|-damage|p1a: Arceus|8\/100\n|move|p1a: Arceus|Recover|p1a: Arceus\n|-heal|p1a: Arceus|58\/100\n|\n|-heal|p1a: Arceus|65\/100|[from] item: Leftovers\n|upkeep\n|turn|25\n|\n|t:|1698503132\n|switch|p1a: Koraidon|Koraidon|100\/100\n|-weather|SunnyDay|[from] ability: Orichalcum Pulse|[of] p1a: Koraidon\n|-activate|p1a: Koraidon|Orichalcum Pulse|[source]\n|move|p2a: Koraidon|Poltergeist|p1a: Koraidon\n|-activate|p1a: Koraidon|move: Poltergeist|Loaded Dice\n|-damage|p1a: Koraidon|58\/100\n|\n|-weather|SunnyDay|[upkeep]\n|upkeep\n|turn|26\n|\n|t:|1698503138\n|switch|p2a: Koraidon|Koraidon|100\/100\n|-status|p2a: Koraidon|psn\n|-activate|p2a: Koraidon|ability: Orichalcum Pulse\n|move|p1a: Koraidon|Flare Blitz|p2a: Koraidon\n|-resisted|p2a: Koraidon\n|-damage|p2a: Koraidon|60\/100 psn\n|-damage|p1a: Koraidon|44\/100|[from] Recoil\n|\n|-weather|SunnyDay|[upkeep]\n|-damage|p2a: Koraidon|48\/100 psn|[from] psn\n|upkeep\n|turn|27\n|\n|t:|1698503148\n|move|p2a: Koraidon|Scale Shot|p1a: Koraidon\n|-supereffective|p1a: Koraidon\n|-damage|p1a: Koraidon|14\/100\n|-supereffective|p1a: Koraidon\n|-damage|p1a: Koraidon|0 fnt\n|faint|p1a: Koraidon\n|-hitcount|p1: Koraidon|2\n|-unboost|p2a: Koraidon|def|1\n|-boost|p2a: Koraidon|spe|1\n|\n|-weather|SunnyDay|[upkeep]\n|-damage|p2a: Koraidon|36\/100 psn|[from] psn\n|upkeep\n|\n|t:|1698503163\n|switch|p1a: Arceus|Arceus|65\/100\n|turn|28\n|\n|t:|1698503169\n|move|p1a: Arceus|Extreme Speed|p2a: Koraidon\n|-damage|p2a: Koraidon|0 fnt\n|faint|p2a: Koraidon\n|\n|-weather|SunnyDay|[upkeep]\n|-heal|p1a: Arceus|71\/100|[from] item: Leftovers\n|upkeep\n|\n|t:|1698503172\n|switch|p2a: Zacian|Zacian-Crowned|100\/100\n|-item|p2a: Zacian|Air Balloon\n|turn|29\n|\n|t:|1698503178\n|move|p2a: Zacian|Swords Dance|p2a: Zacian\n|-boost|p2a: Zacian|atk|2\n|move|p1a: Arceus|Bulk Up|p1a: Arceus\n|-boost|p1a: Arceus|atk|1\n|-boost|p1a: Arceus|def|1\n|\n|-weather|none\n|-heal|p1a: Arceus|77\/100|[from] item: Leftovers\n|upkeep\n|turn|30\n|\n|t:|1698503182\n|move|p2a: Zacian|Low Kick|p1a: Arceus\n|-supereffective|p1a: Arceus\n|-damage|p1a: Arceus|10\/100\n|move|p1a: Arceus|Bulk Up|p1a: Arceus\n|-boost|p1a: Arceus|atk|1\n|-boost|p1a: Arceus|def|1\n|\n|-heal|p1a: Arceus|17\/100|[from] item: Leftovers\n|upkeep\n|turn|31\n|\n|t:|1698503186\n|move|p2a: Zacian|Low Kick|p1a: Arceus\n|-supereffective|p1a: Arceus\n|-damage|p1a: Arceus|0 fnt\n|faint|p1a: Arceus\n|\n|upkeep\n|\n|t:|1698503191\n|switch|p1a: Calyrex|Calyrex-Shadow|100\/100\n|-ability|p1a: Calyrex|As One\n|-ability|p1a: Calyrex|Unnerve\n|turn|32\n|\n|t:|1698503201\n|move|p2a: Zacian|Shadow Sneak|p1a: Calyrex\n|-supereffective|p1a: Calyrex\n|-damage|p1a: Calyrex|0 fnt\n|faint|p1a: Calyrex\n|\n|win|NDAG was banned\n|raw|Main Ubers's rating: 1889 &rarr; <strong>1862<\/strong><br \/>(-27 for losing)\n|raw|NDAG was banned's rating: 1765 &rarr; <strong>1792<\/strong><br \/>(+27 for winning)\n|l|\u2606Main Ubers\n|l|\u2606NDAG was banned\n","uploadtime":1698503272,"views":33,"p1id":"mainubers","p2id":"ndagwasbanned","formatid":"gen9anythinggoes","rating":1792,"private":0,"password":""}