{"id":"gen9anythinggoes-1975873829","p1":"201700200b","p2":"Hzozv","format":"[Gen 9] Anything Goes","log":"|j|\u2606201700200b\n|j|\u2606Hzozv\n|t:|1698245598\n|gametype|singles\n|player|p1|201700200b|sage|1290\n|player|p2|Hzozv|lusamine-nihilego|1504\n|teamsize|p1|6\n|teamsize|p2|6\n|gen|9\n|tier|[Gen 9] Anything Goes\n|rated|\n|rule|HP Percentage Mod: HP is shown in percentages\n|rule|Endless Battle Clause: Forcing endless battles is banned\n|clearpoke\n|poke|p1|Volcarona, M|\n|poke|p1|Koraidon|\n|poke|p1|Volcanion|\n|poke|p1|Garchomp, M|\n|poke|p1|Gyarados, F|\n|poke|p1|Calyrex-Shadow|\n|poke|p2|Ditto|\n|poke|p2|Kingambit, M|\n|poke|p2|Calyrex-Shadow|\n|poke|p2|Sandy Shocks|\n|poke|p2|Miraidon|\n|poke|p2|Koraidon|\n|teampreview\n|inactive|Battle timer is ON: inactive players will automatically lose when time's up. (requested by Hzozv)\n|\n|t:|1698245621\n|start\n|switch|p1a: Volcanion|Volcanion|100\/100\n|switch|p2a: Koraidon|Koraidon|100\/100\n|-weather|SunnyDay|[from] ability: Orichalcum Pulse|[of] p2a: Koraidon\n|-activate|p2a: Koraidon|Orichalcum Pulse|[source]\n|turn|1\n|\n|t:|1698245629\n|move|p2a: Koraidon|U-turn|p1a: Volcanion\n|-resisted|p1a: Volcanion\n|-damage|p1a: Volcanion|82\/100\n|\n|t:|1698245632\n|switch|p2a: Miraidon|Miraidon|100\/100|[from] U-turn\n|-fieldstart|move: Electric Terrain|[from] ability: Hadron Engine|[of] p2a: Miraidon\n|move|p1a: Volcanion|Explosion|p2a: Miraidon\n|-damage|p2a: Miraidon|19\/100\n|faint|p1a: Volcanion\n|\n|-weather|SunnyDay|[upkeep]\n|upkeep\n|\n|t:|1698245641\n|switch|p1a: Calyrex|Calyrex-Shadow|100\/100\n|-ability|p1a: Calyrex|As One\n|-ability|p1a: Calyrex|Unnerve\n|turn|2\n|\n|t:|1698245652\n|switch|p2a: Kingambit|Kingambit, M|100\/100\n|move|p1a: Calyrex|Astral Barrage|p2a: Kingambit\n|-resisted|p2a: Kingambit\n|-damage|p2a: Kingambit|65\/100\n|\n|-weather|SunnyDay|[upkeep]\n|upkeep\n|turn|3\n|\n|t:|1698245664\n|-terastallize|p1a: Calyrex|Dark\n|move|p1a: Calyrex|Body Press|p2a: Kingambit\n|-supereffective|p2a: Kingambit\n|-damage|p2a: Kingambit|16\/100\n|move|p2a: Kingambit|Kowtow Cleave|p1a: Calyrex\n|-resisted|p1a: Calyrex\n|-damage|p1a: Calyrex|70\/100\n|\n|-weather|SunnyDay|[upkeep]\n|upkeep\n|turn|4\n|\n|t:|1698245676\n|move|p1a: Calyrex|Body Press|p2a: Kingambit\n|-supereffective|p2a: Kingambit\n|-damage|p2a: Kingambit|0 fnt\n|faint|p2a: Kingambit\n|-end|p2a: Kingambit|fallenundefined|[silent]\n|-ability|p1a: Calyrex|Grim Neigh|boost\n|-boost|p1a: Calyrex|spa|1\n|\n|-weather|SunnyDay|[upkeep]\n|upkeep\n|\n|t:|1698245683\n|switch|p2a: Sandy Shocks|Sandy Shocks|100\/100\n|-activate|p2a: Sandy Shocks|ability: Protosynthesis\n|-start|p2a: Sandy Shocks|protosynthesisspe\n|turn|5\n|\n|t:|1698245690\n|move|p2a: Sandy Shocks|Spikes|p1a: Calyrex\n|-sidestart|p1: 201700200b|Spikes\n|move|p1a: Calyrex|Agility|p1a: Calyrex\n|-boost|p1a: Calyrex|spe|2\n|\n|-weather|none\n|-end|p2a: Sandy Shocks|Protosynthesis\n|-fieldend|move: Electric Terrain\n|upkeep\n|turn|6\n|\n|t:|1698245702\n|move|p1a: Calyrex|Astral Barrage|p2a: Sandy Shocks\n|-damage|p2a: Sandy Shocks|0 fnt\n|faint|p2a: Sandy Shocks\n|-end|p2a: Sandy Shocks|Protosynthesis|[silent]\n|-ability|p1a: Calyrex|Grim Neigh|boost\n|-boost|p1a: Calyrex|spa|1\n|\n|upkeep\n|\n|t:|1698245709\n|switch|p2a: Ditto|Ditto|100\/100\n|-transform|p2a: Ditto|p1a: Calyrex|[from] ability: Imposter\n|-start|p2a: Ditto|typechange|Psychic\/Ghost|[silent]\n|turn|7\n|\n|t:|1698245721\n|switch|p2a: Miraidon|Miraidon|19\/100\n|-fieldstart|move: Electric Terrain|[from] ability: Hadron Engine|[of] p2a: Miraidon\n|move|p1a: Calyrex|Astral Barrage|p2a: Miraidon\n|-damage|p2a: Miraidon|0 fnt\n|faint|p2a: Miraidon\n|-ability|p1a: Calyrex|Grim Neigh|boost\n|-boost|p1a: Calyrex|spa|1\n|\n|upkeep\n|\n|t:|1698245731\n|switch|p2a: Ditto|Ditto|100\/100\n|-transform|p2a: Ditto|p1a: Calyrex|[from] ability: Imposter\n|-start|p2a: Ditto|typechange|Psychic\/Ghost|[silent]\n|turn|8\n|\n|t:|1698245737\n|-terastallize|p2a: Ditto|Ghost\n|move|p2a: Ditto|Astral Barrage|p1a: Calyrex\n|-resisted|p1a: Calyrex\n|-damage|p1a: Calyrex|0 fnt\n|faint|p1a: Calyrex\n|-ability|p2a: Ditto|Grim Neigh|boost\n|-boost|p2a: Ditto|spa|1\n|\n|upkeep\n|\n|t:|1698245753\n|switch|p1a: Gyarados|Gyarados, F|100\/100\n|-ability|p1a: Gyarados|Intimidate|boost\n|-unboost|p2a: Ditto|atk|1\n|turn|9\n|l|\u2606201700200b\n|inactive|201700200b disconnected and has a minute to reconnect!\n|player|p1|\n|inactive|201700200b has 30 seconds to reconnect!\n|j|\u2606201700200b\n|inactive|201700200b reconnected and has 105 seconds left.\n|player|p1|201700200b|sage\n|\n|t:|1698245801\n|move|p2a: Ditto|Astral Barrage|p1a: Gyarados\n|-enditem|p1a: Gyarados|Focus Sash\n|-damage|p1a: Gyarados|1\/100\n|move|p1a: Gyarados|Outrage|p2a: Ditto\n|-damage|p2a: Ditto|54\/100\n|\n|upkeep\n|turn|10\n|\n|t:|1698245812\n|move|p2a: Ditto|Astral Barrage|p1a: Gyarados\n|-damage|p1a: Gyarados|0 fnt\n|faint|p1a: Gyarados\n|-ability|p2a: Ditto|Grim Neigh|boost\n|-boost|p2a: Ditto|spa|1\n|\n|upkeep\n|l|\u2606201700200b\n|inactive|201700200b disconnected and has a minute to reconnect!\n|player|p1|\n|j|\u2606201700200b\n|inactive|201700200b reconnected and has 100 seconds left.\n|player|p1|201700200b|sage\n|inactive|201700200b has 90 seconds left.\n|l|\u2606201700200b\n|inactive|201700200b disconnected and has a minute to reconnect!\n|player|p1|\n|j|\u2606201700200b\n|inactive|201700200b reconnected and has 70 seconds left.\n|player|p1|201700200b|sage\n|\n|t:|1698245858\n|switch|p1a: Koraidon|Koraidon|100\/100\n|-damage|p1a: Koraidon|88\/100|[from] Spikes\n|-weather|SunnyDay|[from] ability: Orichalcum Pulse|[of] p1a: Koraidon\n|-activate|p1a: Koraidon|Orichalcum Pulse|[source]\n|turn|11\n|\n|t:|1698245865\n|move|p2a: Ditto|Astral Barrage|p1a: Koraidon\n|-damage|p1a: Koraidon|0 fnt\n|faint|p1a: Koraidon\n|-ability|p2a: Ditto|Grim Neigh|boost\n|-boost|p2a: Ditto|spa|1\n|\n|-weather|SunnyDay|[upkeep]\n|-fieldend|move: Electric Terrain\n|upkeep\n|\n|t:|1698245873\n|switch|p1a: Garchomp|Garchomp, M, shiny|100\/100\n|-damage|p1a: Garchomp|88\/100|[from] Spikes\n|turn|12\n|\n|t:|1698245880\n|move|p2a: Ditto|Astral Barrage|p1a: Garchomp\n|-damage|p1a: Garchomp|0 fnt\n|faint|p1a: Garchomp\n|\n|-weather|SunnyDay|[upkeep]\n|upkeep\n|\n|t:|1698245886\n|switch|p1a: Volcarona|Volcarona, M, shiny|100\/100\n|-damage|p1a: Volcarona|88\/100|[from] Spikes\n|turn|13\n|\n|t:|1698245890\n|switch|p2a: Koraidon|Koraidon|100\/100\n|-activate|p2a: Koraidon|ability: Orichalcum Pulse\n|move|p1a: Volcarona|Quiver Dance|p1a: Volcarona\n|-boost|p1a: Volcarona|spa|1\n|-boost|p1a: Volcarona|spd|1\n|-boost|p1a: Volcarona|spe|1\n|\n|-weather|SunnyDay|[upkeep]\n|-heal|p1a: Volcarona|94\/100|[from] item: Leftovers\n|upkeep\n|turn|14\n|inactive|201700200b has 90 seconds left.\n|\n|t:|1698245902\n|move|p2a: Koraidon|Flare Blitz|p1a: Volcarona\n|-damage|p1a: Volcarona|0 fnt\n|faint|p1a: Volcarona\n|-damage|p2a: Koraidon|72\/100|[from] Recoil\n|\n|win|Hzozv\n|raw|201700200b's rating: 1290 &rarr; <strong>1279<\/strong><br \/>(-11 for losing)\n|raw|Hzozv's rating: 1504 &rarr; <strong>1513<\/strong><br \/>(+9 for winning)\n","uploadtime":1698245910,"views":6,"p1id":"201700200b","p2id":"hzozv","formatid":"gen9anythinggoes","rating":1279,"private":0,"password":""}