{"id":"gen9anythinggoes-1978972505","p1":"pogwuan","p2":"KingClover13","format":"[Gen 9] Anything Goes","log":"|j|\u2606pogwuan\n|j|\u2606KingClover13\n|t:|1698616258\n|gametype|singles\n|player|p1|pogwuan|dawn-gen4pt|\n|player|p2|KingClover13|palmer|\n|teamsize|p1|6\n|teamsize|p2|6\n|gen|9\n|tier|[Gen 9] Anything Goes\n|rule|HP Percentage Mod: HP is shown in percentages\n|rule|Endless Battle Clause: Forcing endless battles is banned\n|clearpoke\n|poke|p1|Sandslash-Alola, M|\n|poke|p1|Ninetales-Alola, F|\n|poke|p1|Moltres|\n|poke|p1|Annihilape, F|\n|poke|p1|Slowking, F|\n|poke|p1|Hydreigon, M|\n|poke|p2|Iron Valiant|\n|poke|p2|Overqwil, M|\n|poke|p2|Corviknight, F|\n|poke|p2|Ribombee, M|\n|poke|p2|Snorlax, F|\n|poke|p2|Typhlosion-Hisui, F|\n|teampreview\n|j| Raptors4TheChip\n|j| Amoongdrip\n|c|\u2606KingClover13|gl hf\n|j| Tredz\n|c|\u2606pogwuan|glhf\n|\n|t:|1698616353\n|start\n|switch|p1a: Chef Curry|Ninetales-Alola, F, shiny|100\/100\n|switch|p2a: Overqwil|Overqwil, M|100\/100\n|-weather|Snow|[from] ability: Snow Warning|[of] p1a: Chef Curry\n|turn|1\n|\n|t:|1698616388\n|move|p1a: Chef Curry|Aurora Veil|p1a: Chef Curry\n|-sidestart|p1: pogwuan|move: Aurora Veil\n|move|p2a: Overqwil|Barb Barrage|p1a: Chef Curry\n|-supereffective|p1a: Chef Curry\n|-damage|p1a: Chef Curry|81\/100\n|\n|-weather|Snow|[upkeep]\n|upkeep\n|turn|2\n|\n|t:|1698616404\n|switch|p2a: Iron Valiant|Iron Valiant|100\/100\n|move|p1a: Chef Curry|Baton Pass|p1a: Chef Curry\n|\n|t:|1698616423\n|switch|p1a: Yuta the Shoota|Moltres|100\/100|[from] Baton Pass\n|\n|-weather|Snow|[upkeep]\n|upkeep\n|turn|3\n|\n|t:|1698616449\n|-end|p2a: Iron Valiant|Quark Drive|[silent]\n|switch|p2a: Typhlosion|Typhlosion-Hisui, F|100\/100\n|move|p1a: Yuta the Shoota|Air Slash|p2a: Typhlosion\n|-crit|p2a: Typhlosion\n|-damage|p2a: Typhlosion|40\/100\n|\n|-weather|Snow|[upkeep]\n|upkeep\n|turn|4\n|\n|t:|1698616462\n|move|p2a: Typhlosion|Shadow Ball|p1a: Yuta the Shoota\n|-damage|p1a: Yuta the Shoota|84\/100\n|move|p1a: Yuta the Shoota|Air Slash|p2a: Typhlosion\n|-damage|p2a: Typhlosion|0 fnt\n|faint|p2a: Typhlosion\n|\n|-weather|Snow|[upkeep]\n|upkeep\n|\n|t:|1698616472\n|switch|p2a: Snorlax|Snorlax, F|100\/100\n|turn|5\n|\n|t:|1698616484\n|move|p1a: Yuta the Shoota|U-turn|p2a: Snorlax\n|-damage|p2a: Snorlax|88\/100\n|\n|t:|1698616486\n|switch|p1a: Beef Stew|Annihilape, F|100\/100|[from] U-turn\n|move|p2a: Snorlax|Brick Break|p1a: Beef Stew\n|-immune|p1a: Beef Stew\n|\n|-weather|none\n|upkeep\n|turn|6\n|\n|t:|1698616508\n|switch|p2a: Overqwil|Overqwil, M|100\/100\n|move|p1a: Beef Stew|Substitute|p1a: Beef Stew\n|-start|p1a: Beef Stew|Substitute\n|-damage|p1a: Beef Stew|76\/100\n|\n|-heal|p1a: Beef Stew|82\/100|[from] item: Leftovers\n|upkeep\n|turn|7\n|\n|t:|1698616520\n|move|p1a: Beef Stew|Bulk Up|p1a: Beef Stew\n|-boost|p1a: Beef Stew|atk|1\n|-boost|p1a: Beef Stew|def|1\n|move|p2a: Overqwil|Barb Barrage|p1a: Beef Stew\n|-resisted|p1a: Beef Stew\n|-activate|p1a: Beef Stew|move: Substitute|[damage]\n|\n|-heal|p1a: Beef Stew|88\/100|[from] item: Leftovers\n|upkeep\n|turn|8\n|\n|t:|1698616543\n|move|p1a: Beef Stew|Bulk Up|p1a: Beef Stew\n|-boost|p1a: Beef Stew|atk|1\n|-boost|p1a: Beef Stew|def|1\n|move|p2a: Overqwil|Lash Out|p1a: Beef Stew\n|-activate|p1a: Beef Stew|move: Substitute|[damage]\n|\n|-heal|p1a: Beef Stew|94\/100|[from] item: Leftovers\n|-sideend|p1: pogwuan|move: Aurora Veil\n|upkeep\n|turn|9\n|j| Unovajournies\n|l| Unovajournies\n|\n|t:|1698616567\n|move|p1a: Beef Stew|Bulk Up|p1a: Beef Stew\n|-boost|p1a: Beef Stew|atk|1\n|-boost|p1a: Beef Stew|def|1\n|move|p2a: Overqwil|Lash Out|p1a: Beef Stew\n|-activate|p1a: Beef Stew|move: Substitute|[damage]\n|\n|-heal|p1a: Beef Stew|99\/100|[from] item: Leftovers\n|upkeep\n|turn|10\n|j| Unovajournies\n|\n|t:|1698616585\n|move|p1a: Beef Stew|Bulk Up|p1a: Beef Stew\n|-boost|p1a: Beef Stew|atk|1\n|-boost|p1a: Beef Stew|def|1\n|move|p2a: Overqwil|Lash Out|p1a: Beef Stew\n|-end|p1a: Beef Stew|Substitute\n|\n|-heal|p1a: Beef Stew|100\/100|[from] item: Leftovers\n|upkeep\n|turn|11\n|\n|t:|1698616605\n|switch|p2a: Ribombee|Ribombee, M|100\/100\n|move|p1a: Beef Stew|Substitute|p1a: Beef Stew\n|-start|p1a: Beef Stew|Substitute\n|-damage|p1a: Beef Stew|76\/100\n|\n|-heal|p1a: Beef Stew|82\/100|[from] item: Leftovers\n|upkeep\n|turn|12\n|\n|t:|1698616619\n|move|p2a: Ribombee|Moonblast|p1a: Beef Stew\n|-supereffective|p1a: Beef Stew\n|-end|p1a: Beef Stew|Substitute\n|move|p1a: Beef Stew|Rage Fist|p2a: Ribombee\n|-enditem|p2a: Ribombee|Focus Sash\n|-damage|p2a: Ribombee|1\/100\n|\n|-heal|p1a: Beef Stew|88\/100|[from] item: Leftovers\n|upkeep\n|turn|13\n|\n|t:|1698616646\n|switch|p1a: Yuta the Shoota|Moltres|84\/100\n|move|p2a: Ribombee|Moonblast|p1a: Yuta the Shoota\n|-resisted|p1a: Yuta the Shoota\n|-damage|p1a: Yuta the Shoota|66\/100\n|\n|upkeep\n|turn|14\n|\n|t:|1698616659\n|move|p2a: Ribombee|Sticky Web|p1a: Yuta the Shoota\n|-sidestart|p1: pogwuan|move: Sticky Web\n|move|p1a: Yuta the Shoota|Roost|p1a: Yuta the Shoota\n|-heal|p1a: Yuta the Shoota|100\/100\n|-singleturn|p1a: Yuta the Shoota|move: Roost\n|\n|upkeep\n|turn|15\n|\n|t:|1698616680\n|switch|p2a: Snorlax|Snorlax, F|88\/100\n|move|p1a: Yuta the Shoota|Air Slash|p2a: Snorlax\n|-damage|p2a: Snorlax|75\/100\n|\n|upkeep\n|turn|16\n|\n|t:|1698616699\n|move|p1a: Yuta the Shoota|U-turn|p2a: Snorlax\n|-damage|p2a: Snorlax|63\/100\n|\n|t:|1698616704\n|switch|p1a: Beef Stew|Annihilape, F|88\/100|[from] U-turn\n|-activate|p1a: Beef Stew|move: Sticky Web\n|-unboost|p1a: Beef Stew|spe|1\n|-ability|p1a: Beef Stew|Defiant|boost\n|-boost|p1a: Beef Stew|atk|2\n|move|p2a: Snorlax|Zen Headbutt|p1a: Beef Stew\n|-supereffective|p1a: Beef Stew\n|-damage|p1a: Beef Stew|40\/100\n|\n|-heal|p1a: Beef Stew|46\/100|[from] item: Leftovers\n|upkeep\n|turn|17\n|\n|t:|1698616744\n|move|p1a: Beef Stew|Drain Punch|p2a: Snorlax\n|-supereffective|p2a: Snorlax\n|-damage|p2a: Snorlax|0 fnt\n|-heal|p1a: Beef Stew|85\/100|[from] drain|[of] p2a: Snorlax\n|faint|p2a: Snorlax\n|\n|-heal|p1a: Beef Stew|91\/100|[from] item: Leftovers\n|upkeep\n|\n|t:|1698616751\n|switch|p2a: Iron Valiant|Iron Valiant|100\/100\n|turn|18\n|\n|t:|1698616761\n|switch|p1a: Yuta the Shoota|Moltres|100\/100\n|move|p2a: Iron Valiant|Knock Off|p1a: Yuta the Shoota\n|-damage|p1a: Yuta the Shoota|70\/100\n|-enditem|p1a: Yuta the Shoota|Heavy-Duty Boots|[from] move: Knock Off|[of] p2a: Iron Valiant\n|\n|upkeep\n|turn|19\n|\n|t:|1698616772\n|-end|p2a: Iron Valiant|Quark Drive|[silent]\n|switch|p2a: Ribombee|Ribombee, M|1\/100\n|move|p1a: Yuta the Shoota|Air Slash|p2a: Ribombee\n|-supereffective|p2a: Ribombee\n|-damage|p2a: Ribombee|0 fnt\n|faint|p2a: Ribombee\n|\n|upkeep\n|\n|t:|1698616778\n|switch|p2a: Overqwil|Overqwil, M|100\/100\n|turn|20\n|\n|t:|1698616844\n|switch|p1a: Slow Mo|Slowking, F, shiny|100\/100\n|-activate|p1a: Slow Mo|move: Sticky Web\n|-unboost|p1a: Slow Mo|spe|1\n|move|p2a: Overqwil|Toxic|p1a: Slow Mo\n|-status|p1a: Slow Mo|tox\n|\n|-damage|p1a: Slow Mo|94\/100 tox|[from] psn\n|upkeep\n|turn|21\n|\n|t:|1698616865\n|switch|p2a: Corviknight|Corviknight, F|100\/100\n|move|p1a: Slow Mo|Chilly Reception|p1a: Slow Mo\n|-weather|Snow\n|\n|t:|1698616910\n|switch|p1a: Yuta the Shoota|Moltres|70\/100|[from] Chilly Reception\n|\n|-weather|Snow|[upkeep]\n|upkeep\n|turn|22\n|\n|t:|1698616921\n|switch|p2a: Overqwil|Overqwil, M|100\/100\n|move|p1a: Yuta the Shoota|Overheat|p2a: Overqwil\n|-damage|p2a: Overqwil|34\/100\n|-unboost|p1a: Yuta the Shoota|spa|2\n|-enditem|p2a: Overqwil|Sitrus Berry|[eat]\n|-heal|p2a: Overqwil|59\/100|[from] item: Sitrus Berry\n|\n|-weather|Snow|[upkeep]\n|upkeep\n|turn|23\n|\n|t:|1698616958\n|switch|p1a: Slow Mo|Slowking, F, shiny|100\/100 tox\n|-activate|p1a: Slow Mo|move: Sticky Web\n|-unboost|p1a: Slow Mo|spe|1\n|move|p2a: Overqwil|Barb Barrage|p1a: Slow Mo\n|-damage|p1a: Slow Mo|52\/100 tox\n|\n|-weather|Snow|[upkeep]\n|-heal|p1a: Slow Mo|58\/100 tox|[from] item: Leftovers\n|-damage|p1a: Slow Mo|52\/100 tox|[from] psn\n|upkeep\n|turn|24\n|\n|t:|1698616997\n|switch|p2a: Iron Valiant|Iron Valiant|100\/100\n|switch|p1a: 2012 Heat|Hydreigon, M|100\/100\n|\n|-weather|Snow|[upkeep]\n|upkeep\n|turn|25\n|\n|t:|1698617043\n|switch|p1a: Yuta the Shoota|Moltres|70\/100\n|-end|p2a: Iron Valiant|Quark Drive|[silent]\n|switch|p2a: Overqwil|Overqwil, M|59\/100\n|\n|-weather|none\n|upkeep\n|turn|26\n|\n|t:|1698617064\n|switch|p1a: 2012 Heat|Hydreigon, M|100\/100\n|move|p2a: Overqwil|Barb Barrage|p1a: 2012 Heat\n|-damage|p1a: 2012 Heat|76\/100\n|-status|p1a: 2012 Heat|psn\n|\n|-damage|p1a: 2012 Heat|64\/100 psn|[from] psn\n|upkeep\n|turn|27\n|\n|t:|1698617094\n|switch|p1a: Yuta the Shoota|Moltres|70\/100\n|move|p2a: Overqwil|Barb Barrage|p1a: Yuta the Shoota\n|-damage|p1a: Yuta the Shoota|50\/100\n|-status|p1a: Yuta the Shoota|psn\n|\n|-damage|p1a: Yuta the Shoota|38\/100 psn|[from] psn\n|upkeep\n|turn|28\n|\n|t:|1698617104\n|move|p1a: Yuta the Shoota|Roost|p1a: Yuta the Shoota\n|-heal|p1a: Yuta the Shoota|88\/100 psn\n|-singleturn|p1a: Yuta the Shoota|move: Roost\n|move|p2a: Overqwil|Barb Barrage|p1a: Yuta the Shoota\n|-damage|p1a: Yuta the Shoota|45\/100 psn\n|\n|-damage|p1a: Yuta the Shoota|32\/100 psn|[from] psn\n|upkeep\n|turn|29\n|\n|t:|1698617142\n|move|p1a: Yuta the Shoota|U-turn|p2a: Overqwil\n|-damage|p2a: Overqwil|48\/100\n|\n|t:|1698617146\n|switch|p1a: AKlay47|Sandslash-Alola, M, shiny|100\/100|[from] U-turn\n|-activate|p1a: AKlay47|move: Sticky Web\n|-unboost|p1a: AKlay47|spe|1\n|move|p2a: Overqwil|Barb Barrage|p1a: AKlay47\n|-immune|p1a: AKlay47\n|\n|upkeep\n|turn|30\n|\n|t:|1698617192\n|move|p2a: Overqwil|Toxic|p1a: AKlay47\n|-immune|p1a: AKlay47\n|move|p1a: AKlay47|Swords Dance|p1a: AKlay47\n|-boost|p1a: AKlay47|atk|2\n|\n|upkeep\n|turn|31\n|\n|t:|1698617214\n|switch|p2a: Iron Valiant|Iron Valiant|100\/100\n|move|p1a: AKlay47|Ice Spinner|p2a: Iron Valiant\n|-damage|p2a: Iron Valiant|0 fnt\n|faint|p2a: Iron Valiant\n|-end|p2a: Iron Valiant|Quark Drive|[silent]\n|-damage|p1a: AKlay47|91\/100|[from] item: Life Orb\n|\n|upkeep\n|\n|t:|1698617223\n|switch|p2a: Corviknight|Corviknight, F|100\/100\n|turn|32\n|\n|t:|1698617228\n|-terastallize|p1a: AKlay47|Electric\n|move|p2a: Corviknight|Iron Defense|p2a: Corviknight\n|-boost|p2a: Corviknight|def|2\n|move|p1a: AKlay47|Tera Blast|p2a: Corviknight|[anim] Tera Blast Electric\n|-supereffective|p2a: Corviknight\n|-damage|p2a: Corviknight|42\/100\n|-damage|p1a: AKlay47|81\/100|[from] item: Life Orb\n|\n|-heal|p2a: Corviknight|48\/100|[from] item: Leftovers\n|upkeep\n|turn|33\n|\n|t:|1698617257\n|move|p2a: Corviknight|Roost|p2a: Corviknight\n|-heal|p2a: Corviknight|98\/100\n|-singleturn|p2a: Corviknight|move: Roost\n|move|p1a: AKlay47|Tera Blast|p2a: Corviknight|[anim] Tera Blast Electric\n|-damage|p2a: Corviknight|66\/100\n|-damage|p1a: AKlay47|71\/100|[from] item: Life Orb\n|\n|-heal|p2a: Corviknight|72\/100|[from] item: Leftovers\n|upkeep\n|turn|34\n|\n|t:|1698617273\n|move|p2a: Corviknight|Iron Defense|p2a: Corviknight\n|-boost|p2a: Corviknight|def|2\n|move|p1a: AKlay47|Swords Dance|p1a: AKlay47\n|-boost|p1a: AKlay47|atk|2\n|\n|-heal|p2a: Corviknight|78\/100|[from] item: Leftovers\n|upkeep\n|turn|35\n|\n|t:|1698617281\n|move|p2a: Corviknight|Roost|p2a: Corviknight\n|-heal|p2a: Corviknight|100\/100\n|-singleturn|p2a: Corviknight|move: Roost\n|move|p1a: AKlay47|Tera Blast|p2a: Corviknight|[anim] Tera Blast Electric\n|-damage|p2a: Corviknight|69\/100\n|-damage|p1a: AKlay47|61\/100|[from] item: Life Orb\n|\n|-heal|p2a: Corviknight|75\/100|[from] item: Leftovers\n|upkeep\n|turn|36\n|\n|t:|1698617293\n|move|p2a: Corviknight|Iron Defense|p2a: Corviknight\n|-boost|p2a: Corviknight|def|2\n|move|p1a: AKlay47|Tera Blast|p2a: Corviknight|[anim] Tera Blast Electric\n|-supereffective|p2a: Corviknight\n|-damage|p2a: Corviknight|34\/100\n|-damage|p1a: AKlay47|51\/100|[from] item: Life Orb\n|\n|-heal|p2a: Corviknight|41\/100|[from] item: Leftovers\n|upkeep\n|turn|37\n|\n|t:|1698617303\n|move|p2a: Corviknight|Roost|p2a: Corviknight\n|-heal|p2a: Corviknight|91\/100\n|-singleturn|p2a: Corviknight|move: Roost\n|move|p1a: AKlay47|Earthquake|p2a: Corviknight\n|-supereffective|p2a: Corviknight\n|-damage|p2a: Corviknight|53\/100\n|-damage|p1a: AKlay47|41\/100|[from] item: Life Orb\n|\n|-heal|p2a: Corviknight|59\/100|[from] item: Leftovers\n|upkeep\n|turn|38\n|j| Ptok\n|\n|t:|1698617313\n|move|p2a: Corviknight|Body Press|p1a: AKlay47\n|-damage|p1a: AKlay47|0 fnt\n|faint|p1a: AKlay47\n|\n|-heal|p2a: Corviknight|65\/100|[from] item: Leftovers\n|upkeep\n|l| Ptok\n|\n|t:|1698617340\n|switch|p1a: Yuta the Shoota|Moltres|32\/100 psn\n|turn|39\n|\n|t:|1698617344\n|move|p1a: Yuta the Shoota|Overheat|p2a: Corviknight\n|-supereffective|p2a: Corviknight\n|-damage|p2a: Corviknight|0 fnt\n|-unboost|p1a: Yuta the Shoota|spa|2\n|faint|p2a: Corviknight\n|\n|-damage|p1a: Yuta the Shoota|20\/100 psn|[from] psn\n|upkeep\n|\n|t:|1698617351\n|switch|p2a: Overqwil|Overqwil, M|48\/100\n|turn|40\n|\n|t:|1698617356\n|move|p1a: Yuta the Shoota|U-turn|p2a: Overqwil\n|-damage|p2a: Overqwil|37\/100\n|\n|t:|1698617366\n|switch|p1a: Beef Stew|Annihilape, F|91\/100|[from] U-turn\n|-activate|p1a: Beef Stew|move: Sticky Web\n|-unboost|p1a: Beef Stew|spe|1\n|-ability|p1a: Beef Stew|Defiant|boost\n|-boost|p1a: Beef Stew|atk|2\n|move|p2a: Overqwil|Barb Barrage|p1a: Beef Stew\n|-resisted|p1a: Beef Stew\n|-damage|p1a: Beef Stew|81\/100\n|\n|-heal|p1a: Beef Stew|87\/100|[from] item: Leftovers\n|upkeep\n|turn|41\n|\n|t:|1698617377\n|move|p2a: Overqwil|Toxic|p1a: Beef Stew\n|-status|p1a: Beef Stew|tox\n|move|p1a: Beef Stew|Rage Fist|p2a: Overqwil\n|-resisted|p2a: Overqwil\n|-damage|p2a: Overqwil|0 fnt\n|faint|p2a: Overqwil\n|\n|win|pogwuan\n","uploadtime":1698617391,"views":14,"p1id":"pogwuan","p2id":"kingclover13","formatid":"gen9anythinggoes","rating":0,"private":0,"password":""}