{"id":"gen9anythinggoes-1986204656","p1":"Wiilyam","p2":"Red_Ice_Games","format":"[Gen 9] Anything Goes","log":"|j|\u2606Wiilyam\n|j|\u2606Red_Ice_Games\n|t:|1699459637\n|gametype|singles\n|player|p1|Wiilyam|ingo|1413\n|player|p2|Red_Ice_Games|psychic|1376\n|teamsize|p1|6\n|teamsize|p2|6\n|gen|9\n|tier|[Gen 9] Anything Goes\n|rated|\n|rule|HP Percentage Mod: HP is shown in percentages\n|rule|Endless Battle Clause: Forcing endless battles is banned\n|clearpoke\n|poke|p1|Calyrex-Ice|\n|poke|p1|Zacian-*|\n|poke|p1|Ditto|\n|poke|p1|Ogerpon-Hearthflame, F|\n|poke|p1|Quaquaval, F|\n|poke|p1|Basculegion, M|\n|poke|p2|Hariyama, M|\n|poke|p2|Espeon, F|\n|poke|p2|Ceruledge, M|\n|poke|p2|Bisharp, M|\n|poke|p2|Iron Valiant|\n|poke|p2|Oricorio-Sensu, F|\n|teampreview\n|inactive|Battle timer is ON: inactive players will automatically lose when time's up. (requested by Red_Ice_Games)\n|\n|t:|1699459659\n|start\n|switch|p1a: Quaquaval|Quaquaval, F|100\/100\n|switch|p2a: Oricorio|Oricorio-Sensu, F|100\/100\n|turn|1\n|\n|t:|1699459671\n|-terastallize|p1a: Quaquaval|Water\n|move|p2a: Oricorio|Quiver Dance|p2a: Oricorio\n|-boost|p2a: Oricorio|spa|1\n|-boost|p2a: Oricorio|spd|1\n|-boost|p2a: Oricorio|spe|1\n|move|p1a: Quaquaval|Aqua Step|p2a: Oricorio\n|-enditem|p2a: Oricorio|Focus Sash\n|-damage|p2a: Oricorio|1\/100\n|-boost|p1a: Quaquaval|spe|1\n|-activate|p2a: Oricorio|ability: Dancer\n|move|p2a: Oricorio|Aqua Step|p1a: Quaquaval|[from]ability: Dancer\n|-resisted|p1a: Quaquaval\n|-crit|p1a: Quaquaval\n|-damage|p1a: Quaquaval|91\/100\n|-boost|p2a: Oricorio|spe|1\n|\n|upkeep\n|turn|2\n|\n|t:|1699459695\n|move|p2a: Oricorio|Revelation Dance|p1a: Quaquaval\n|-damage|p1a: Quaquaval|0 fnt\n|faint|p1a: Quaquaval\n|\n|upkeep\n|\n|t:|1699459705\n|switch|p1a: Ditto|Ditto, shiny|100\/100\n|-transform|p1a: Ditto|p2a: Oricorio|[from] ability: Imposter\n|turn|3\n|\n|t:|1699459719\n|move|p1a: Ditto|Revelation Dance|p2a: Oricorio\n|-supereffective|p2a: Oricorio\n|-damage|p2a: Oricorio|0 fnt\n|faint|p2a: Oricorio\n|\n|upkeep\n|\n|t:|1699459722\n|switch|p2a: Ceruledge|Ceruledge, M, shiny|100\/100\n|turn|4\n|\n|t:|1699459727\n|-terastallize|p2a: Ceruledge|Ghost\n|move|p2a: Ceruledge|Shadow Sneak|p1a: Ditto\n|-supereffective|p1a: Ditto\n|-damage|p1a: Ditto|0 fnt\n|faint|p1a: Ditto\n|\n|upkeep\n|\n|t:|1699459745\n|switch|p1a: Basculegion|Basculegion, M|100\/100\n|turn|5\n|inactive|Wiilyam has 120 seconds left.\n|\n|t:|1699459782\n|move|p1a: Basculegion|Last Respects|p2a: Ceruledge\n|-supereffective|p2a: Ceruledge\n|-enditem|p2a: Ceruledge|Focus Sash\n|-damage|p2a: Ceruledge|1\/100\n|-ability|p2a: Ceruledge|Weak Armor|boost\n|-unboost|p2a: Ceruledge|def|1\n|-boost|p2a: Ceruledge|spe|2\n|move|p2a: Ceruledge|Phantom Force||[still]\n|-prepare|p2a: Ceruledge|Phantom Force\n|\n|upkeep\n|turn|6\n|inactive|Wiilyam has 90 seconds left.\n|\n|t:|1699459805\n|move|p2a: Ceruledge|Phantom Force|p1a: Basculegion|[from]lockedmove\n|-supereffective|p1a: Basculegion\n|-damage|p1a: Basculegion|0 fnt\n|faint|p1a: Basculegion\n|\n|upkeep\n|inactive|Wiilyam has 90 seconds left.\n|\n|t:|1699459824\n|switch|p1a: Ogerpon|Ogerpon-Hearthflame, F|100\/100\n|-ability|p1a: Ogerpon|Mold Breaker\n|turn|7\n|\n|t:|1699459832\n|move|p1a: Ogerpon|Spiky Shield|p1a: Ogerpon\n|-singleturn|p1a: Ogerpon|move: Protect\n|move|p2a: Ceruledge|Phantom Force||[still]\n|-prepare|p2a: Ceruledge|Phantom Force\n|\n|upkeep\n|turn|8\n|inactive|Wiilyam has 90 seconds left.\n|\n|t:|1699459839\n|move|p2a: Ceruledge|Phantom Force|p1a: Ogerpon|[from]lockedmove\n|-damage|p1a: Ogerpon|7\/100\n|move|p1a: Ogerpon|U-turn|p2a: Ceruledge\n|-resisted|p2a: Ceruledge\n|-damage|p2a: Ceruledge|0 fnt\n|faint|p2a: Ceruledge\n|inactive|Wiilyam has 90 seconds left.\n|\n|t:|1699459850\n|switch|p1a: Calyrex|Calyrex-Ice|100\/100|[from] U-turn\n|-ability|p1a: Calyrex|As One\n|-ability|p1a: Calyrex|Unnerve\n|\n|upkeep\n|\n|t:|1699459856\n|switch|p2a: Bisharp|Bisharp, M|100\/100\n|turn|9\n|inactive|Wiilyam has 90 seconds left.\n|\n|t:|1699459870\n|move|p2a: Bisharp|Iron Head|p1a: Calyrex\n|-supereffective|p1a: Calyrex\n|-crit|p1a: Calyrex\n|-damage|p1a: Calyrex|14\/100\n|move|p1a: Calyrex|Iron Defense|p1a: Calyrex\n|-boost|p1a: Calyrex|def|2\n|\n|-heal|p1a: Calyrex|20\/100|[from] item: Leftovers\n|upkeep\n|turn|10\n|\n|t:|1699459880\n|move|p2a: Bisharp|Swords Dance|p2a: Bisharp\n|-boost|p2a: Bisharp|atk|2\n|move|p1a: Calyrex|Baton Pass|p1a: Calyrex\n|\n|t:|1699459886\n|switch|p1a: Zacian|Zacian-Crowned, shiny|100\/100|[from] Baton Pass\n|-ability|p1a: Zacian|Intrepid Sword|boost\n|-boost|p1a: Zacian|atk|1\n|\n|upkeep\n|turn|11\n|\n|t:|1699459892\n|move|p1a: Zacian|Sacred Sword|p2a: Bisharp\n|-supereffective|p2a: Bisharp\n|-damage|p2a: Bisharp|0 fnt\n|faint|p2a: Bisharp\n|\n|upkeep\n|\n|t:|1699459894\n|switch|p2a: Espeon|Espeon, F|100\/100\n|turn|12\n|\n|t:|1699459902\n|move|p1a: Zacian|Behemoth Blade|p2a: Espeon\n|-enditem|p2a: Espeon|Focus Sash\n|-damage|p2a: Espeon|1\/100\n|move|p2a: Espeon|Yawn|p1a: Zacian\n|-start|p1a: Zacian|move: Yawn|[of] p2a: Espeon\n|\n|upkeep\n|turn|13\n|\n|t:|1699459910\n|move|p1a: Zacian|Sacred Sword|p2a: Espeon\n|-resisted|p2a: Espeon\n|-damage|p2a: Espeon|0 fnt\n|faint|p2a: Espeon\n|\n|-end|p1a: Zacian|move: Yawn|[silent]\n|-status|p1a: Zacian|slp\n|upkeep\n|\n|t:|1699459922\n|switch|p2a: Hariyama|Hariyama, M|100\/100\n|turn|14\n|\n|t:|1699459927\n|cant|p1a: Zacian|slp\n|move|p2a: Hariyama|Belly Drum|p2a: Hariyama\n|-damage|p2a: Hariyama|50\/100\n|-setboost|p2a: Hariyama|atk|6|[from] move: Belly Drum\n|\n|upkeep\n|turn|15\n|\n|t:|1699459937\n|cant|p1a: Zacian|slp\n|move|p2a: Hariyama|Drain Punch|p1a: Zacian\n|-damage|p1a: Zacian|35\/100 slp\n|-heal|p2a: Hariyama|75\/100|[from] drain|[of] p1a: Zacian\n|\n|upkeep\n|turn|16\n|\n|t:|1699459948\n|move|p2a: Hariyama|Bullet Punch|p1a: Zacian\n|-damage|p1a: Zacian|10\/100 slp\n|-curestatus|p1a: Zacian|slp|[msg]\n|move|p1a: Zacian|Play Rough|p2a: Hariyama\n|-supereffective|p2a: Hariyama\n|-damage|p2a: Hariyama|0 fnt\n|faint|p2a: Hariyama\n|\n|upkeep\n|\n|t:|1699459950\n|switch|p2a: Iron Valiant|Iron Valiant, shiny|100\/100\n|turn|17\n|\n|t:|1699459962\n|move|p1a: Zacian|Play Rough|p2a: Iron Valiant\n|-supereffective|p2a: Iron Valiant\n|-enditem|p2a: Iron Valiant|Focus Sash\n|-damage|p2a: Iron Valiant|1\/100\n|-unboost|p2a: Iron Valiant|atk|1\n|move|p2a: Iron Valiant|Drain Punch|p1a: Zacian\n|-damage|p1a: Zacian|0 fnt\n|-heal|p2a: Iron Valiant|6\/100|[from] drain|[of] p1a: Zacian\n|faint|p1a: Zacian\n|\n|upkeep\n|\n|t:|1699459974\n|switch|p1a: Ogerpon|Ogerpon-Hearthflame, F|7\/100\n|-ability|p1a: Ogerpon|Mold Breaker\n|turn|18\n|\n|t:|1699459978\n|move|p1a: Ogerpon|Spiky Shield|p1a: Ogerpon\n|-singleturn|p1a: Ogerpon|move: Protect\n|move|p2a: Iron Valiant|Tera Blast|p1a: Ogerpon\n|-activate|p1a: Ogerpon|move: Protect\n|\n|upkeep\n|turn|19\n|\n|t:|1699459988\n|move|p2a: Iron Valiant|Tera Blast|p1a: Ogerpon\n|-damage|p1a: Ogerpon|0 fnt\n|faint|p1a: Ogerpon\n|\n|upkeep\n|\n|t:|1699459996\n|switch|p1a: Calyrex|Calyrex-Ice|20\/100\n|-ability|p1a: Calyrex|As One\n|-ability|p1a: Calyrex|Unnerve\n|turn|20\n|\n|t:|1699460008\n|move|p2a: Iron Valiant|Drain Punch|p1a: Calyrex\n|-damage|p1a: Calyrex|3\/100\n|-heal|p2a: Iron Valiant|16\/100|[from] drain|[of] p1a: Calyrex\n|move|p1a: Calyrex|Glacial Lance|p2a: Iron Valiant\n|-damage|p2a: Iron Valiant|0 fnt\n|faint|p2a: Iron Valiant\n|-end|p2a: Iron Valiant|Quark Drive|[silent]\n|\n|win|Wiilyam\n|raw|Wiilyam's rating: 1413 &rarr; <strong>1431<\/strong><br \/>(+18 for winning)\n|raw|Red_Ice_Games's rating: 1376 &rarr; <strong>1358<\/strong><br \/>(-18 for losing)\n|l|\u2606Red_Ice_Games\n","uploadtime":1699460026,"views":9,"p1id":"wiilyam","p2id":"redicegames","formatid":"gen9anythinggoes","rating":1358,"private":0,"password":""}