{"id":"gen9anythinggoes-1973550021","p1":"shucklepoo","p2":"Tigernoodles","format":"[Gen 9] Anything Goes","log":"|j|\u2606shucklepoo\n|j|\u2606Tigernoodles\n|t:|1697989772\n|gametype|singles\n|player|p1|shucklepoo|170|1095\n|player|p2|Tigernoodles|ghetsis|1090\n|teamsize|p1|6\n|teamsize|p2|6\n|gen|9\n|tier|[Gen 9] Anything Goes\n|rated|\n|rule|HP Percentage Mod: HP is shown in percentages\n|rule|Endless Battle Clause: Forcing endless battles is banned\n|clearpoke\n|poke|p1|Maushold-Four|\n|poke|p1|Mamoswine, M|\n|poke|p1|Cloyster, F|\n|poke|p1|Dudunsparce-*, M|\n|poke|p1|Scizor, M|\n|poke|p1|Ursaluna, M|\n|poke|p2|Meowscarada, F|\n|poke|p2|Ceruledge, M|\n|poke|p2|Iron Valiant|\n|poke|p2|Cyclizar, M|\n|poke|p2|Gholdengo|\n|poke|p2|Palkia|\n|teampreview\n|\n|t:|1697989804\n|start\n|switch|p1a: Dudunsparce|Dudunsparce-Three-Segment, M, shiny|100\/100\n|switch|p2a: dummy lol|Cyclizar, M, shiny|100\/100\n|turn|1\n|\n|t:|1697989816\n|move|p2a: dummy lol|Shed Tail|p2a: dummy lol\n|-start|p2a: dummy lol|Substitute|[from] move: Shed Tail\n|-damage|p2a: dummy lol|50\/100\n|\n|t:|1697989822\n|switch|p2a: One shot?|Iron Valiant, shiny|100\/100|[from] Shed Tail\n|move|p1a: Dudunsparce|Coil|p1a: Dudunsparce\n|-boost|p1a: Dudunsparce|atk|1\n|-boost|p1a: Dudunsparce|def|1\n|-boost|p1a: Dudunsparce|accuracy|1\n|\n|upkeep\n|turn|2\n|\n|t:|1697989833\n|-terastallize|p1a: Dudunsparce|Ghost\n|move|p2a: One shot?|Close Combat|p1a: Dudunsparce\n|-immune|p1a: Dudunsparce\n|move|p1a: Dudunsparce|Body Slam|p2a: One shot?\n|-end|p2a: One shot?|Substitute\n|\n|upkeep\n|turn|3\n|c|\u2606Tigernoodles|ok\n|c|\u2606shucklepoo|:3\n|\n|t:|1697989850\n|-terastallize|p2a: One shot?|Fairy\n|move|p2a: One shot?|Moonblast|p1a: Dudunsparce\n|-damage|p1a: Dudunsparce|39\/100\n|move|p1a: Dudunsparce|Body Slam|p2a: One shot?\n|-damage|p2a: One shot?|35\/100\n|\n|-heal|p1a: Dudunsparce|45\/100|[from] item: Leftovers\n|upkeep\n|turn|4\n|\n|t:|1697989861\n|move|p2a: One shot?|Close Combat|p1a: Dudunsparce\n|-immune|p1a: Dudunsparce\n|move|p1a: Dudunsparce|Body Slam|p2a: One shot?\n|-damage|p2a: One shot?|0 fnt\n|faint|p2a: One shot?\n|-end|p2a: One shot?|Quark Drive|[silent]\n|\n|-heal|p1a: Dudunsparce|51\/100|[from] item: Leftovers\n|upkeep\n|c|\u2606Tigernoodles|NOOO\n|c|\u2606Tigernoodles|MISCLICK\n|c|\u2606shucklepoo|:\/\n|\n|t:|1697989879\n|switch|p2a: Annoying|Gholdengo|100\/100\n|turn|5\n|\n|t:|1697989886\n|move|p2a: Annoying|Thunderbolt|p1a: Dudunsparce\n|-damage|p1a: Dudunsparce|14\/100\n|move|p1a: Dudunsparce|Roost|p1a: Dudunsparce\n|-heal|p1a: Dudunsparce|64\/100\n|\n|-heal|p1a: Dudunsparce|70\/100|[from] item: Leftovers\n|upkeep\n|turn|6\n|\n|t:|1697989894\n|move|p2a: Annoying|Thunderbolt|p1a: Dudunsparce\n|-damage|p1a: Dudunsparce|32\/100\n|move|p1a: Dudunsparce|Roost|p1a: Dudunsparce\n|-heal|p1a: Dudunsparce|82\/100\n|\n|-heal|p1a: Dudunsparce|88\/100|[from] item: Leftovers\n|upkeep\n|turn|7\n|c|\u2606Tigernoodles|Ok um\n|\n|t:|1697989906\n|move|p2a: Annoying|Confuse Ray|p1a: Dudunsparce\n|-start|p1a: Dudunsparce|confusion\n|-activate|p1a: Dudunsparce|confusion\n|move|p1a: Dudunsparce|Rock Slide|p2a: Annoying\n|-resisted|p2a: Annoying\n|-damage|p2a: Annoying|83\/100\n|\n|-heal|p1a: Dudunsparce|94\/100|[from] item: Leftovers\n|upkeep\n|turn|8\n|\n|t:|1697989924\n|switch|p1a: Scizor|Scizor, M, shiny|100\/100\n|move|p2a: Annoying|Flash Cannon|p1a: Scizor\n|-resisted|p1a: Scizor\n|-damage|p1a: Scizor|68\/100\n|\n|upkeep\n|turn|9\n|\n|t:|1697989931\n|move|p1a: Scizor|Bullet Punch|p2a: Annoying\n|-resisted|p2a: Annoying\n|-damage|p2a: Annoying|60\/100\n|-damage|p1a: Scizor|58\/100|[from] item: Life Orb\n|move|p2a: Annoying|Thunderbolt|p1a: Scizor\n|-damage|p1a: Scizor|10\/100\n|\n|upkeep\n|turn|10\n|\n|t:|1697989939\n|move|p2a: Annoying|Dazzling Gleam|p1a: Scizor\n|-resisted|p1a: Scizor\n|-damage|p1a: Scizor|0 fnt\n|faint|p1a: Scizor\n|\n|upkeep\n|c|\u2606Tigernoodles|YES\n|c|\u2606Tigernoodles|A KILL\n|c|\u2606Tigernoodles|i am the best\n|c|\u2606shucklepoo|idk how to beat this fucker\n|\n|t:|1697989962\n|switch|p1a: Mamoswine|Mamoswine, M, shiny|100\/100\n|turn|11\n|c|\u2606Tigernoodles|That why i called him annoying\n|c|\u2606shucklepoo|!weak Gholdengo\n|c| shucklepoo|\/raw <div class=\"infobox\">Gholdengo (ignoring abilities):<br \/><span class=\"message-effect-weak\">Weaknesses<\/span>: Dark, Fire, Ghost, Ground<br \/><span class=\"message-effect-resist\">Resistances<\/span>: <b>Bug<\/b>, Dragon, Fairy, Flying, Grass, Ice, Psychic, Rock, Steel<br \/><span class=\"message-effect-immune\">Immunities<\/span>: Fighting, Normal, Poison, Sandstorm damage, Toxic, Trapping<\/div>\n|c|\u2606Tigernoodles|also idk what im doing\n|c|\u2606Tigernoodles|WHAT\n|\n|t:|1697990008\n|move|p2a: Annoying|Confuse Ray|p1a: Mamoswine\n|-start|p1a: Mamoswine|confusion\n|-activate|p1a: Mamoswine|confusion\n|move|p1a: Mamoswine|Earthquake|p2a: Annoying\n|-supereffective|p2a: Annoying\n|-damage|p2a: Annoying|0 fnt\n|faint|p2a: Annoying\n|\n|upkeep\n|c|\u2606Tigernoodles|HOW DID U DO THAT\n|c|\u2606Tigernoodles|NOOO\n|\n|t:|1697990019\n|switch|p2a: I mean...|Palkia, shiny|100\/100\n|-ability|p2a: I mean...|Pressure\n|turn|12\n|\n|t:|1697990048\n|move|p2a: I mean...|Hydro Pump|p1a: Mamoswine\n|-supereffective|p1a: Mamoswine\n|-damage|p1a: Mamoswine|0 fnt\n|faint|p1a: Mamoswine\n|-damage|p2a: I mean...|91\/100|[from] item: Life Orb\n|\n|upkeep\n|c|\u2606Tigernoodles|!weak Mamoswine\n|c| Tigernoodles|\/raw <div class=\"infobox\">Mamoswine (ignoring abilities):<br \/><span class=\"message-effect-weak\">Weaknesses<\/span>: Fighting, Fire, Grass, Steel, Water<br \/><span class=\"message-effect-resist\">Resistances<\/span>: Poison<br \/><span class=\"message-effect-immune\">Immunities<\/span>: Electric, Frozen, Hail damage, Sandstorm damage<\/div>\n|\n|t:|1697990051\n|switch|p1a: Cloyster|Cloyster, F, shiny|100\/100\n|turn|13\n|\n|t:|1697990065\n|move|p2a: I mean...|Thunder|p1a: Cloyster\n|-supereffective|p1a: Cloyster\n|-damage|p1a: Cloyster|0 fnt\n|faint|p1a: Cloyster\n|-damage|p2a: I mean...|81\/100|[from] item: Life Orb\n|\n|upkeep\n|c|\u2606Tigernoodles|PALKIA\n|\n|t:|1697990075\n|switch|p1a: Maushold|Maushold-Four, shiny|100\/100\n|turn|14\n|c|\u2606Tigernoodles|NO ONE BEATS PALKIA\n|\n|t:|1697990095\n|move|p1a: Maushold|Population Bomb|p2a: I mean...\n|-damage|p2a: I mean...|68\/100\n|-damage|p2a: I mean...|54\/100\n|-damage|p2a: I mean...|41\/100\n|-damage|p2a: I mean...|28\/100\n|-crit|p2a: I mean...\n|-damage|p2a: I mean...|10\/100\n|-damage|p2a: I mean...|0 fnt\n|faint|p2a: I mean...\n|-hitcount|p2: I mean...|6\n|\n|upkeep\n|c|\u2606shucklepoo|:3\n|c|\u2606shucklepoo|jinxed urself\n|\n|t:|1697990121\n|switch|p2a: Death -_-|Ceruledge, M, shiny|100\/100\n|turn|15\n|\n|t:|1697990134\n|move|p1a: Maushold|Tidy Up|p1a: Maushold\n|-boost|p1a: Maushold|atk|1\n|-boost|p1a: Maushold|spe|1\n|move|p2a: Death -_-|Bitter Blade|p1a: Maushold\n|-damage|p1a: Maushold|20\/100\n|\n|upkeep\n|turn|16\n|\n|t:|1697990142\n|move|p1a: Maushold|Aerial Ace|p2a: Death -_-\n|-damage|p2a: Death -_-|62\/100\n|move|p2a: Death -_-|Bitter Blade|p1a: Maushold\n|-damage|p1a: Maushold|0 fnt\n|-heal|p2a: Death -_-|71\/100|[from] drain|[of] p1a: Maushold\n|faint|p1a: Maushold\n|\n|upkeep\n|c|\u2606Tigernoodles|Death?\n|\n|t:|1697990152\n|switch|p1a: Dudunsparce|Dudunsparce-Three-Segment, M, shiny, tera:Ghost|94\/100\n|turn|17\n|\n|t:|1697990158\n|move|p2a: Death -_-|Swords Dance|p2a: Death -_-\n|-boost|p2a: Death -_-|atk|2\n|move|p1a: Dudunsparce|Rock Slide|p2a: Death -_-\n|-supereffective|p2a: Death -_-\n|-damage|p2a: Death -_-|22\/100\n|\n|-heal|p1a: Dudunsparce|99\/100|[from] item: Leftovers\n|upkeep\n|turn|18\n|\n|t:|1697990167\n|move|p2a: Death -_-|Bitter Blade|p1a: Dudunsparce\n|-damage|p1a: Dudunsparce|0 fnt\n|-heal|p2a: Death -_-|84\/100|[from] drain|[of] p1a: Dudunsparce\n|faint|p1a: Dudunsparce\n|\n|upkeep\n|c|\u2606Tigernoodles|YES\n|\n|t:|1697990171\n|switch|p1a: Ursaluna|Ursaluna, M, shiny|100\/100\n|turn|19\n|c|\u2606shucklepoo|GG\n|c|\u2606Tigernoodles|NO\n|\n|t:|1697990179\n|move|p1a: Ursaluna|Protect|p1a: Ursaluna\n|-singleturn|p1a: Ursaluna|Protect\n|move|p2a: Death -_-|Facade|p1a: Ursaluna\n|-activate|p1a: Ursaluna|move: Protect\n|\n|-status|p1a: Ursaluna|brn|[from] item: Flame Orb\n|upkeep\n|turn|20\n|\n|t:|1697990187\n|move|p2a: Death -_-|Facade|p1a: Ursaluna\n|-damage|p1a: Ursaluna|65\/100 brn\n|move|p1a: Ursaluna|Facade|p2a: Death -_-\n|-immune|p2a: Death -_-\n|\n|-damage|p1a: Ursaluna|59\/100 brn|[from] brn\n|upkeep\n|turn|21\n|c|\u2606Tigernoodles|lol u tried to hit a ghost\n|\n|t:|1697990215\n|move|p2a: Death -_-|Will-O-Wisp|p1a: Ursaluna\n|-fail|p1a: Ursaluna|brn\n|move|p1a: Ursaluna|Drain Punch|p2a: Death -_-\n|-immune|p2a: Death -_-\n|\n|-damage|p1a: Ursaluna|53\/100 brn|[from] brn\n|upkeep\n|turn|22\n|c|\u2606Tigernoodles|FACADE DOUBLE DAMAGE\n|c|\u2606Tigernoodles|CMON\n|c|\u2606shucklepoo|got no moves to hit u\n|\n|t:|1697990253\n|move|p1a: Ursaluna|Protect|p1a: Ursaluna\n|-singleturn|p1a: Ursaluna|Protect\n|move|p2a: Death -_-|Facade|p1a: Ursaluna\n|-activate|p1a: Ursaluna|move: Protect\n|\n|-damage|p1a: Ursaluna|47\/100 brn|[from] brn\n|upkeep\n|turn|23\n|l|\u2606Tigernoodles\n|player|p2|\n|inactive|Battle timer is ON: inactive players will automatically lose when time's up. (requested by shucklepoo)\n|inactive|Tigernoodles has 30 seconds to reconnect!\n|inactive|Tigernoodles has 20 seconds to reconnect!\n|inactive|Tigernoodles has 15 seconds to reconnect!\n|inactive|Tigernoodles has 10 seconds to reconnect!\n|inactive|Tigernoodles has 5 seconds to reconnect!\n|-message|Tigernoodles lost due to inactivity.\n|\n|win|shucklepoo\n|raw|shucklepoo's rating: 1114 &rarr; <strong>1137<\/strong><br \/>(+23 for winning)\n|raw|Tigernoodles's rating: 1090 &rarr; <strong>1068<\/strong><br \/>(-22 for losing)\n","uploadtime":1697989956,"views":15,"p1id":"shucklepoo","p2id":"tigernoodles","formatid":"gen9anythinggoes","rating":1068,"private":0,"password":""}