{"id":"gen9anythinggoes-1971822333","p1":"happysh","p2":"Hiusi guy %\u25d5\u203f\u203f\u25d5%","format":"[Gen 9] Anything Goes","log":"|j|\u2606happysh\n|j|\u2606Hiusi guy %\u25d5\u203f\u203f\u25d5%\n|inactive|Battle timer is ON: inactive players will automatically lose when time's up.\n|t:|1697776844\n|gametype|singles\n|j|*Lady Monita \u263d\n|player|p1|happysh|iono|\n|player|p2|Hiusi guy %\u25d5\u203f\u203f\u25d5%|alec-anime|\n|teamsize|p1|6\n|teamsize|p2|6\n|gen|9\n|tier|[Gen 9] Anything Goes\n|rated|Tournament battle\n|rule|HP Percentage Mod: HP is shown in percentages\n|rule|Endless Battle Clause: Forcing endless battles is banned\n|clearpoke\n|poke|p1|Arceus|\n|poke|p1|Koraidon|\n|poke|p1|Arceus|\n|poke|p1|Calyrex-Shadow|\n|poke|p1|Samurott-Hisui, F|\n|poke|p1|Eternatus|\n|poke|p2|Ursaluna, F|\n|poke|p2|Regieleki|\n|poke|p2|Alomomola, M|\n|poke|p2|Calyrex-Shadow|\n|poke|p2|Zacian-*|\n|poke|p2|Thundurus, M|\n|teampreview\n|inactive|happysh also wants the timer to be on.\n|\n|t:|1697776848\n|start\n|switch|p1a: Samurott|Samurott-Hisui, F|100\/100\n|switch|p2a: Regieleki|Regieleki|100\/100\n|turn|1\n|\n|t:|1697776851\n|move|p2a: Regieleki|Stone Axe|p1a: Samurott\n|-damage|p1a: Samurott|76\/100\n|-sidestart|p1: happysh|move: Stealth Rock\n|move|p1a: Samurott|Ceaseless Edge|p2a: Regieleki\n|-damage|p2a: Regieleki|8\/100\n|-sidestart|p2: Hiusi guy %\u25d5\u203f\u203f\u25d5%|Spikes\n|\n|upkeep\n|turn|2\n|\n|t:|1697776857\n|move|p1a: Samurott|Sucker Punch|p2a: Regieleki\n|-damage|p2a: Regieleki|0 fnt\n|faint|p2a: Regieleki\n|\n|upkeep\n|\n|t:|1697776862\n|switch|p2a: Ursaluna|Ursaluna, F|100\/100\n|-damage|p2a: Ursaluna|88\/100|[from] Spikes\n|turn|3\n|\n|t:|1697776866\n|move|p2a: Ursaluna|Fake Out|p1a: Samurott\n|-damage|p1a: Samurott|44\/100\n|cant|p1a: Samurott|flinch\n|\n|-status|p2a: Ursaluna|brn|[from] item: Flame Orb\n|upkeep\n|turn|4\n|\n|t:|1697776876\n|move|p2a: Ursaluna|Extreme Speed|p1a: Samurott\n|-damage|p1a: Samurott|0 fnt\n|faint|p1a: Samurott\n|\n|-damage|p2a: Ursaluna|82\/100 brn|[from] brn\n|upkeep\n|\n|t:|1697776882\n|switch|p1a: Calyrex|Calyrex-Shadow|100\/100\n|-ability|p1a: Calyrex|As One\n|-ability|p1a: Calyrex|Unnerve\n|turn|5\n|\n|t:|1697776887\n|switch|p1a: Arceus|Arceus|100\/100\n|move|p2a: Ursaluna|Shadow Sneak|p1a: Arceus\n|-immune|p1a: Arceus\n|\n|-damage|p2a: Ursaluna|76\/100 brn|[from] brn\n|upkeep\n|turn|6\n|\n|t:|1697776895\n|switch|p1a: Calyrex|Calyrex-Shadow|100\/100\n|-ability|p1a: Calyrex|As One\n|-ability|p1a: Calyrex|Unnerve\n|switch|p2a: Alomomola|Alomomola, M|100\/100\n|\n|upkeep\n|turn|7\n|\n|t:|1697776901\n|move|p1a: Calyrex|Astral Barrage|p2a: Alomomola\n|-damage|p2a: Alomomola|14\/100\n|move|p2a: Alomomola|Shed Tail|p2a: Alomomola\n|-fail|p2a: Alomomola|move: Shed Tail|[weak]\n|\n|upkeep\n|turn|8\n|\n|t:|1697776908\n|move|p1a: Calyrex|Grass Knot|p2a: Alomomola\n|-supereffective|p2a: Alomomola\n|-damage|p2a: Alomomola|0 fnt\n|faint|p2a: Alomomola\n|-ability|p1a: Calyrex|Grim Neigh|boost\n|-boost|p1a: Calyrex|spa|1\n|\n|upkeep\n|\n|t:|1697776918\n|switch|p2a: Thundurus|Thundurus, M|100\/100\n|turn|9\n|\n|t:|1697776923\n|-terastallize|p1a: Calyrex|Grass\n|move|p2a: Thundurus|Destiny Bond|p2a: Thundurus\n|-singlemove|p2a: Thundurus|Destiny Bond\n|move|p1a: Calyrex|Astral Barrage|p2a: Thundurus\n|-damage|p2a: Thundurus|0 fnt\n|faint|p2a: Thundurus\n|-activate|p2a: Thundurus|move: Destiny Bond\n|faint|p1a: Calyrex\n|\n|upkeep\n|\n|t:|1697776934\n|switch|p1a: Chi-yu|Eternatus|100\/100\n|switch|p2a: Ursaluna|Ursaluna, F|76\/100 brn\n|-damage|p1a: Chi-yu|88\/100|[from] Stealth Rock\n|-ability|p1a: Chi-yu|Pressure\n|-damage|p2a: Ursaluna|64\/100 brn|[from] Spikes\n|turn|10\n|j| MrDrainPunch\n|\n|t:|1697776938\n|move|p2a: Ursaluna|Fake Out|p1a: Chi-yu\n|-damage|p1a: Chi-yu|55\/100\n|cant|p1a: Chi-yu|flinch\n|\n|-damage|p2a: Ursaluna|58\/100 brn|[from] brn\n|upkeep\n|turn|11\n|\n|t:|1697776941\n|move|p2a: Ursaluna|Extreme Speed|p1a: Chi-yu\n|-damage|p1a: Chi-yu|0 fnt\n|faint|p1a: Chi-yu\n|\n|-damage|p2a: Ursaluna|52\/100 brn|[from] brn\n|upkeep\n|\n|t:|1697776947\n|switch|p1a: Arceus|Arceus|100\/100\n|-damage|p1a: Arceus|88\/100|[from] Stealth Rock\n|turn|12\n|\n|t:|1697776951\n|-terastallize|p2a: Ursaluna|Ghost\n|move|p1a: Arceus|Extreme Speed|p2a: Ursaluna\n|-immune|p2a: Ursaluna\n|move|p2a: Ursaluna|Extreme Speed|p1a: Arceus\n|-damage|p1a: Arceus|38\/100\n|\n|-damage|p2a: Ursaluna|46\/100 brn|[from] brn\n|upkeep\n|turn|13\n|\n|t:|1697776956\n|move|p2a: Ursaluna|Extreme Speed|p1a: Arceus\n|-damage|p1a: Arceus|0 fnt\n|faint|p1a: Arceus\n|\n|-damage|p2a: Ursaluna|40\/100 brn|[from] brn\n|upkeep\n|j| Pure Hackmons\n|\n|t:|1697776962\n|switch|p1a: Arceus|Arceus|100\/100\n|turn|14\n|\n|t:|1697776965\n|move|p2a: Ursaluna|Extreme Speed|p1a: Arceus\n|-damage|p1a: Arceus|51\/100\n|move|p1a: Arceus|Bulk Up|p1a: Arceus\n|-boost|p1a: Arceus|atk|1\n|-boost|p1a: Arceus|def|1\n|\n|-damage|p2a: Ursaluna|34\/100 brn|[from] brn\n|upkeep\n|turn|15\n|\n|t:|1697776981\n|switch|p2a: Calyrex|Calyrex-Shadow|100\/100\n|-ability|p2a: Calyrex|As One\n|-ability|p2a: Calyrex|Unnerve\n|-damage|p2a: Calyrex|88\/100|[from] Spikes\n|move|p1a: Arceus|Recover|p1a: Arceus\n|-heal|p1a: Arceus|100\/100\n|\n|upkeep\n|turn|16\n|\n|t:|1697776990\n|switch|p1a: Koraidon|Koraidon|100\/100\n|-damage|p1a: Koraidon|94\/100|[from] Stealth Rock\n|-weather|SunnyDay|[from] ability: Orichalcum Pulse|[of] p1a: Koraidon\n|-activate|p1a: Koraidon|Orichalcum Pulse|[source]\n|move|p2a: Calyrex|Moonblast|p1a: Koraidon\n|-supereffective|p1a: Koraidon\n|-damage|p1a: Koraidon|0 fnt\n|faint|p1a: Koraidon\n|-ability|p2a: Calyrex|Grim Neigh|boost\n|-boost|p2a: Calyrex|spa|1\n|\n|-weather|SunnyDay|[upkeep]\n|upkeep\n|\n|t:|1697776993\n|switch|p1a: Arceus|Arceus|100\/100\n|turn|17\n|\n|t:|1697776996\n|move|p2a: Calyrex|Moonblast|p1a: Arceus\n|-damage|p1a: Arceus|63\/100\n|move|p1a: Arceus|Shadow Claw|p2a: Calyrex\n|-supereffective|p2a: Calyrex\n|-damage|p2a: Calyrex|0 fnt\n|faint|p2a: Calyrex\n|\n|-weather|SunnyDay|[upkeep]\n|upkeep\n|\n|t:|1697777001\n|switch|p2a: Zacian|Zacian-Crowned|100\/100\n|-damage|p2a: Zacian|88\/100|[from] Spikes\n|-ability|p2a: Zacian|Intrepid Sword|boost\n|-boost|p2a: Zacian|atk|1\n|turn|18\n|\n|t:|1697777004\n|move|p2a: Zacian|Gigaton Hammer|p1a: Arceus\n|-damage|p1a: Arceus|0 fnt\n|faint|p1a: Arceus\n|\n|win|Hiusi guy %\u25d5\u203f\u203f\u25d5%\n|n|\u2606happysh|happysh\n|n|\u2606Hiusi guy %\u25d5\u203f\u203f\u25d5%|hiusiguy\n|n|*Lady Monita \u263d|ladymonita\n|n| MrDrainPunch|mrdrainpunch\n|n| Pure Hackmons|purehackmons\n|l|*Lady Monita \u263d\n|c|\u2606Hiusi guy %\u25d5\u203f\u203f\u25d5%|gg\n|c|\u2606happysh|gg\n|l|\u2606Hiusi guy %\u25d5\u203f\u203f\u25d5%\n|l| MrDrainPunch\n|l|\u2606happysh\n|l| Pure Hackmons\n|j| RUMYMOME\n|j| MrDrainPunch\n","uploadtime":1697777704,"views":25,"p1id":"happysh","p2id":"hiusiguy","formatid":"gen9anythinggoes","rating":0,"private":0,"password":""}