{"id":"gen9anythinggoes-1980816078","p1":"cris9y","p2":"supzerd","format":"[Gen 9] Anything Goes","log":"|j|\u2606cris9y\n|j|\u2606supzerd\n|t:|1698837799\n|gametype|singles\n|player|p1|cris9y|winona|1025\n|player|p2|supzerd|lucas|1049\n|teamsize|p1|6\n|teamsize|p2|3\n|gen|9\n|tier|[Gen 9] Anything Goes\n|rated|\n|rule|HP Percentage Mod: HP is shown in percentages\n|rule|Endless Battle Clause: Forcing endless battles is banned\n|clearpoke\n|poke|p1|Maushold-Four|\n|poke|p1|Dragapult, M|\n|poke|p1|Urshifu-*, F|\n|poke|p1|Tyranitar, M|\n|poke|p1|Eiscue, M|\n|poke|p1|Darkrai|\n|poke|p2|Ogerpon-Hearthflame, F|\n|poke|p2|Ribombee, M|\n|poke|p2|Ting-Lu|\n|teampreview\n|\n|t:|1698837809\n|start\n|switch|p1a: Darkrai|Darkrai, shiny|100\/100\n|switch|p2a: Ting-Lu|Ting-Lu|100\/100\n|-ability|p2a: Ting-Lu|Vessel of Ruin\n|turn|1\n|\n|t:|1698837816\n|move|p1a: Darkrai|Hypnosis|p2a: Ting-Lu|[miss]\n|-miss|p1a: Darkrai|p2a: Ting-Lu\n|move|p2a: Ting-Lu|Memento|p1a: Darkrai\n|-unboost|p1a: Darkrai|atk|2\n|-unboost|p1a: Darkrai|spa|2\n|faint|p2a: Ting-Lu\n|\n|upkeep\n|\n|t:|1698837821\n|switch|p2a: Ribombee|Ribombee, M|100\/100\n|turn|2\n|\n|t:|1698837825\n|move|p1a: Darkrai|Hypnosis|p2a: Ribombee\n|-block|p2a: Ribombee|ability: Sweet Veil|[of] p2a: Ribombee\n|move|p2a: Ribombee|Agility|p2a: Ribombee\n|-boost|p2a: Ribombee|spe|2\n|\n|upkeep\n|turn|3\n|\n|t:|1698837840\n|move|p2a: Ribombee|Sticky Web|p1a: Darkrai\n|-sidestart|p1: cris9y|move: Sticky Web\n|move|p1a: Darkrai|Sludge Bomb|p2a: Ribombee\n|-supereffective|p2a: Ribombee\n|-damage|p2a: Ribombee|56\/100\n|-status|p2a: Ribombee|psn\n|\n|-damage|p2a: Ribombee|44\/100 psn|[from] psn\n|upkeep\n|turn|4\n|\n|t:|1698837849\n|move|p2a: Ribombee|Baton Pass|p2a: Ribombee\n|\n|t:|1698837851\n|switch|p2a: Angry Man|Ogerpon-Hearthflame, F|100\/100|[from] Baton Pass\n|-ability|p2a: Angry Man|Mold Breaker\n|move|p1a: Darkrai|Sludge Bomb|p2a: Angry Man\n|-supereffective|p2a: Angry Man\n|-damage|p2a: Angry Man|60\/100\n|-status|p2a: Angry Man|psn\n|\n|-damage|p2a: Angry Man|48\/100 psn|[from] psn\n|upkeep\n|turn|5\n|\n|t:|1698837861\n|-terastallize|p2a: Angry Man|Fire\n|detailschange|p2a: Angry Man|Ogerpon-Hearthflame-Tera, F, tera:Fire\n|-ability|p2a: Angry Man|Embody Aspect (Hearthflame)|boost\n|-boost|p2a: Angry Man|atk|1\n|move|p2a: Angry Man|Horn Leech|p1a: Darkrai\n|-damage|p1a: Darkrai|14\/100\n|-heal|p2a: Angry Man|88\/100 psn|[from] drain|[of] p1a: Darkrai\n|move|p1a: Darkrai|Hypnosis||[still]\n|-fail|p1a: Darkrai\n|\n|-damage|p2a: Angry Man|76\/100 psn|[from] psn\n|upkeep\n|turn|6\n|c|\u2606supzerd|bro is angry\n|\n|t:|1698837875\n|move|p2a: Angry Man|Horn Leech|p1a: Darkrai\n|-crit|p1a: Darkrai\n|-damage|p1a: Darkrai|0 fnt\n|-heal|p2a: Angry Man|83\/100 psn|[from] drain|[of] p1a: Darkrai\n|faint|p1a: Darkrai\n|\n|-damage|p2a: Angry Man|70\/100 psn|[from] psn\n|upkeep\n|\n|t:|1698837883\n|switch|p1a: Eiscue|Eiscue, M|100\/100\n|-activate|p1a: Eiscue|move: Sticky Web\n|-unboost|p1a: Eiscue|spe|1\n|turn|7\n|\n|t:|1698837889\n|move|p2a: Angry Man|Ivy Cudgel|p1a: Eiscue\n|-activate|p1a: Eiscue|ability: Ice Face\n|-damage|p1a: Eiscue|100\/100\n|detailschange|p1a: Eiscue|Eiscue-Noice, M\n|move|p1a: Eiscue|Belly Drum|p1a: Eiscue\n|-damage|p1a: Eiscue|50\/100\n|-setboost|p1a: Eiscue|atk|6|[from] move: Belly Drum\n|\n|-damage|p2a: Angry Man|58\/100 psn|[from] psn\n|upkeep\n|turn|8\n|c|\u2606supzerd|darn i should have saved\n|\n|t:|1698837900\n|move|p2a: Angry Man|Ivy Cudgel|p1a: Eiscue\n|-supereffective|p1a: Eiscue\n|-damage|p1a: Eiscue|0 fnt\n|faint|p1a: Eiscue\n|\n|-damage|p2a: Angry Man|46\/100 psn|[from] psn\n|upkeep\n|c|\u2606supzerd|my tera\n|c|\u2606supzerd|nvm\n|\n|t:|1698837922\n|switch|p1a: Maushold|Maushold-Four, shiny|100\/100\n|-activate|p1a: Maushold|move: Sticky Web\n|-unboost|p1a: Maushold|spe|1\n|turn|9\n|\n|t:|1698837928\n|move|p2a: Angry Man|Ivy Cudgel|p1a: Maushold\n|-damage|p1a: Maushold|0 fnt\n|faint|p1a: Maushold\n|\n|-damage|p2a: Angry Man|33\/100 psn|[from] psn\n|upkeep\n|\n|t:|1698837936\n|switch|p1a: Tyranitar|Tyranitar, M, shiny|100\/100\n|-activate|p1a: Tyranitar|move: Sticky Web\n|-unboost|p1a: Tyranitar|spe|1\n|-weather|Sandstorm|[from] ability: Sand Stream|[of] p1a: Tyranitar\n|turn|10\n|\n|t:|1698837942\n|move|p2a: Angry Man|Horn Leech|p1a: Tyranitar\n|-supereffective|p1a: Tyranitar\n|-damage|p1a: Tyranitar|0 fnt\n|-heal|p2a: Angry Man|90\/100 psn|[from] drain|[of] p1a: Tyranitar\n|faint|p1a: Tyranitar\n|\n|-weather|Sandstorm|[upkeep]\n|-damage|p2a: Angry Man|84\/100 psn|[from] Sandstorm\n|-damage|p2a: Angry Man|72\/100 psn|[from] psn\n|upkeep\n|\n|t:|1698837954\n|switch|p1a: Dragapult|Dragapult, M, shiny|100\/100\n|-activate|p1a: Dragapult|move: Sticky Web\n|-fail|p1a: Dragapult|unboost|[from] ability: Clear Body|[of] p1a: Dragapult\n|turn|11\n|\n|t:|1698837963\n|move|p2a: Angry Man|Throat Chop|p1a: Dragapult\n|-supereffective|p1a: Dragapult\n|-damage|p1a: Dragapult|0 fnt\n|faint|p1a: Dragapult\n|\n|-weather|Sandstorm|[upkeep]\n|-damage|p2a: Angry Man|66\/100 psn|[from] Sandstorm\n|-damage|p2a: Angry Man|54\/100 psn|[from] psn\n|upkeep\n|\n|t:|1698837974\n|switch|p1a: Urshifu|Urshifu-Rapid-Strike, F|100\/100\n|-item|p1a: Urshifu|Air Balloon\n|turn|12\n|\n|t:|1698837985\n|move|p2a: Angry Man|Horn Leech|p1a: Urshifu\n|-supereffective|p1a: Urshifu\n|-damage|p1a: Urshifu|0 fnt\n|-heal|p2a: Angry Man|100\/100 psn|[from] drain|[of] p1a: Urshifu\n|-enditem|p1a: Urshifu|Air Balloon\n|faint|p1a: Urshifu\n|\n|win|supzerd\n|raw|cris9y's rating: 1025 &rarr; <strong>1012<\/strong><br \/>(-13 for losing)\n|raw|supzerd's rating: 1049 &rarr; <strong>1079<\/strong><br \/>(+30 for winning)\n|l|\u2606cris9y\n","uploadtime":1698837995,"views":7,"p1id":"cris9y","p2id":"supzerd","formatid":"gen9anythinggoes","rating":1012,"private":0,"password":""}