{"id":"gen9anythinggoes-1973442157","p1":"Valtreyak","p2":"Hzozv","format":"[Gen 9] Anything Goes","log":"|j|\u2606Valtreyak\n|j|\u2606Hzozv\n|t:|1697976257\n|gametype|singles\n|player|p1|Valtreyak|hilbert|1207\n|player|p2|Hzozv|lusamine-nihilego|1242\n|teamsize|p1|6\n|teamsize|p2|6\n|gen|9\n|tier|[Gen 9] Anything Goes\n|rated|\n|rule|HP Percentage Mod: HP is shown in percentages\n|rule|Endless Battle Clause: Forcing endless battles is banned\n|clearpoke\n|poke|p1|Cinderace, M|\n|poke|p1|Greninja-*, M|\n|poke|p1|Iron Valiant|\n|poke|p1|Kingambit, M|\n|poke|p1|Ceruledge, M|\n|poke|p1|Urshifu-*, M|\n|poke|p2|Glimmora, M|\n|poke|p2|Miraidon|\n|poke|p2|Koraidon|\n|poke|p2|Iron Bundle|\n|poke|p2|Great Tusk|\n|poke|p2|Ditto|\n|teampreview\n|inactive|Battle timer is ON: inactive players will automatically lose when time's up. (requested by Hzozv)\n|\n|t:|1697976273\n|start\n|switch|p1a: Iron Valiant|Iron Valiant|100\/100\n|switch|p2a: Glimmora|Glimmora, M|100\/100\n|-enditem|p1a: Iron Valiant|Booster Energy\n|-activate|p1a: Iron Valiant|ability: Quark Drive|[fromitem]\n|-start|p1a: Iron Valiant|quarkdrivespe\n|turn|1\n|\n|t:|1697976293\n|move|p1a: Iron Valiant|Calm Mind|p1a: Iron Valiant\n|-boost|p1a: Iron Valiant|spa|1\n|-boost|p1a: Iron Valiant|spd|1\n|move|p2a: Glimmora|Stealth Rock|p1a: Iron Valiant\n|-sidestart|p1: Valtreyak|move: Stealth Rock\n|\n|upkeep\n|turn|2\n|\n|t:|1697976305\n|move|p1a: Iron Valiant|Calm Mind|p1a: Iron Valiant\n|-boost|p1a: Iron Valiant|spa|1\n|-boost|p1a: Iron Valiant|spd|1\n|move|p2a: Glimmora|Dazzling Gleam|p1a: Iron Valiant\n|-supereffective|p1a: Iron Valiant\n|-damage|p1a: Iron Valiant|48\/100\n|\n|upkeep\n|turn|3\n|\n|t:|1697976315\n|move|p1a: Iron Valiant|Drain Punch|p2a: Glimmora\n|-damage|p2a: Glimmora|60\/100\n|-heal|p1a: Iron Valiant|69\/100|[from] drain|[of] p2a: Glimmora\n|-activate|p2a: Glimmora|ability: Toxic Debris\n|-sidestart|p1: Valtreyak|move: Toxic Spikes\n|-enditem|p2a: Glimmora|Red Card|[of] p1a: Iron Valiant\n|-end|p1a: Iron Valiant|Quark Drive|[silent]\n|drag|p1a: Cinderace|Cinderace, M, shiny|100\/100\n|-damage|p1a: Cinderace|76\/100|[from] Stealth Rock\n|-status|p1a: Cinderace|psn\n|move|p2a: Glimmora|Dazzling Gleam|p1a: Cinderace\n|-resisted|p1a: Cinderace\n|-damage|p1a: Cinderace|56\/100 psn\n|\n|-heal|p1a: Cinderace|62\/100 psn|[from] item: Leftovers\n|-damage|p1a: Cinderace|50\/100 psn|[from] psn\n|upkeep\n|turn|4\n|inactive|Valtreyak has 120 seconds left.\n|\n|t:|1697976367\n|switch|p2a: Ditto|Ditto|100\/100\n|-transform|p2a: Ditto|p1a: Cinderace|[from] ability: Imposter\n|-terastallize|p1a: Cinderace|Fire\n|move|p1a: Cinderace|Shadow Ball|p2a: Ditto\n|-damage|p2a: Ditto|81\/100\n|\n|-heal|p1a: Cinderace|56\/100 psn|[from] item: Leftovers\n|-damage|p1a: Cinderace|43\/100 psn|[from] psn\n|upkeep\n|turn|5\n|inactive|Valtreyak has 90 seconds left.\n|\n|t:|1697976413\n|switch|p1a: Ceruledge|Ceruledge, M|100\/100\n|-damage|p1a: Ceruledge|75\/100|[from] Stealth Rock\n|-status|p1a: Ceruledge|psn\n|move|p2a: Ditto|Pyro Ball|p1a: Ceruledge\n|-start|p1a: Ceruledge|ability: Flash Fire\n|\n|-damage|p1a: Ceruledge|63\/100 psn|[from] psn\n|upkeep\n|turn|6\n|inactive|Valtreyak has 60 seconds left.\n|\n|t:|1697976450\n|switch|p2a: Glimmora|Glimmora, M|60\/100\n|move|p1a: Ceruledge|Bitter Blade|p2a: Glimmora\n|-resisted|p2a: Glimmora\n|-damage|p2a: Glimmora|17\/100\n|-heal|p1a: Ceruledge|84\/100 psn|[from] drain|[of] p2a: Glimmora\n|-activate|p2a: Glimmora|ability: Toxic Debris\n|-sidestart|p1: Valtreyak|move: Toxic Spikes\n|-heal|p1a: Ceruledge|89\/100 psn|[from] item: Shell Bell|[of] p2a: Glimmora\n|\n|-damage|p1a: Ceruledge|77\/100 psn|[from] psn\n|upkeep\n|turn|7\n|inactive|Valtreyak has 30 seconds left.\n|inactive|Valtreyak has 20 seconds left.\n|inactive|Valtreyak has 15 seconds left.\n|inactive|Valtreyak has 10 seconds left.\n|inactive|Valtreyak has 5 seconds left.\n|-message|Valtreyak lost due to inactivity.\n|\n|win|Hzozv\n|raw|Valtreyak's rating: 1207 &rarr; <strong>1185<\/strong><br \/>(-22 for losing)\n|raw|Hzozv's rating: 1242 &rarr; <strong>1264<\/strong><br \/>(+22 for winning)\n","uploadtime":1697976504,"views":7,"p1id":"valtreyak","p2id":"hzozv","formatid":"gen9anythinggoes","rating":1185,"private":0,"password":""}