{"id":"gen9anythinggoes-1986424399","p1":"hshhhdhduhc","p2":"en fills","format":"[Gen 9] Anything Goes","log":"|j|\u2606hshhhdhduhc\n|j|\u2606en fills\n|t:|1699477928\n|gametype|singles\n|player|p1|hshhhdhduhc|silver|1128\n|player|p2|en fills|cynthia-gen4|1097\n|teamsize|p1|6\n|teamsize|p2|6\n|gen|9\n|tier|[Gen 9] Anything Goes\n|rated|\n|rule|HP Percentage Mod: HP is shown in percentages\n|rule|Endless Battle Clause: Forcing endless battles is banned\n|clearpoke\n|poke|p1|Milotic, M|\n|poke|p1|Gliscor, F|\n|poke|p1|Annihilape, F|\n|poke|p1|Calyrex-Ice|\n|poke|p1|Breloom, F|\n|poke|p1|Clodsire, F|\n|poke|p2|Glimmora, F|\n|poke|p2|Espathra, F|\n|poke|p2|Gogoat, M|\n|poke|p2|Veluza, F|\n|poke|p2|Avalugg, F|\n|poke|p2|Kingambit, F|\n|teampreview\n|inactive|Battle timer is ON: inactive players will automatically lose when time's up. (requested by en fills)\n|\n|t:|1699477953\n|start\n|switch|p1a: Clyde|Clodsire, F, shiny|100\/100\n|switch|p2a: Gli mora|Glimmora, F, shiny|100\/100\n|-item|p2a: Gli mora|Air Balloon\n|turn|1\n|\n|t:|1699477963\n|move|p2a: Gli mora|Stealth Rock|p1a: Clyde\n|-sidestart|p1: hshhhdhduhc|move: Stealth Rock\n|move|p1a: Clyde|Stockpile|p1a: Clyde\n|-start|p1a: Clyde|stockpile1\n|-boost|p1a: Clyde|def|1\n|-boost|p1a: Clyde|spd|1\n|\n|upkeep\n|turn|2\n|\n|t:|1699477977\n|switch|p2a: A align|Avalugg, F, shiny|100\/100\n|move|p1a: Clyde|Stockpile|p1a: Clyde\n|-start|p1a: Clyde|stockpile2\n|-boost|p1a: Clyde|def|1\n|-boost|p1a: Clyde|spd|1\n|\n|upkeep\n|turn|3\n|\n|t:|1699477989\n|move|p2a: A align|Curse|p2a: A align\n|-unboost|p2a: A align|spe|1\n|-boost|p2a: A align|atk|1\n|-boost|p2a: A align|def|1\n|move|p1a: Clyde|Stockpile|p1a: Clyde\n|-start|p1a: Clyde|stockpile3\n|-boost|p1a: Clyde|def|1\n|-boost|p1a: Clyde|spd|1\n|\n|upkeep\n|turn|4\n|\n|t:|1699477999\n|move|p1a: Clyde|Toxic|p2a: A align\n|-status|p2a: A align|tox\n|move|p2a: A align|Curse|p2a: A align\n|-unboost|p2a: A align|spe|1\n|-boost|p2a: A align|atk|1\n|-boost|p2a: A align|def|1\n|\n|-damage|p2a: A align|94\/100 tox|[from] psn\n|upkeep\n|turn|5\n|\n|t:|1699478009\n|move|p1a: Clyde|Bulldoze|p2a: A align\n|-damage|p2a: A align|85\/100 tox\n|-unboost|p2a: A align|spe|1\n|move|p2a: A align|Avalanche|p1a: Clyde\n|-supereffective|p1a: Clyde\n|-damage|p1a: Clyde|60\/100\n|\n|-heal|p1a: Clyde|67\/100|[from] item: Black Sludge\n|-heal|p2a: A align|91\/100 tox|[from] item: Leftovers\n|-damage|p2a: A align|79\/100 tox|[from] psn\n|upkeep\n|turn|6\n|\n|t:|1699478018\n|move|p1a: Clyde|Bulldoze|p2a: A align\n|-damage|p2a: A align|71\/100 tox\n|-unboost|p2a: A align|spe|1\n|move|p2a: A align|Avalanche|p1a: Clyde\n|-supereffective|p1a: Clyde\n|-damage|p1a: Clyde|25\/100\n|\n|-heal|p1a: Clyde|31\/100|[from] item: Black Sludge\n|-heal|p2a: A align|77\/100 tox|[from] item: Leftovers\n|-damage|p2a: A align|59\/100 tox|[from] psn\n|upkeep\n|turn|7\n|\n|t:|1699478031\n|move|p1a: Clyde|Recover|p1a: Clyde\n|-heal|p1a: Clyde|81\/100\n|move|p2a: A align|Avalanche|p1a: Clyde\n|-supereffective|p1a: Clyde\n|-damage|p1a: Clyde|59\/100\n|\n|-heal|p1a: Clyde|65\/100|[from] item: Black Sludge\n|-heal|p2a: A align|65\/100 tox|[from] item: Leftovers\n|-damage|p2a: A align|40\/100 tox|[from] psn\n|upkeep\n|turn|8\n|\n|t:|1699478039\n|move|p1a: Clyde|Recover|p1a: Clyde\n|-heal|p1a: Clyde|100\/100\n|move|p2a: A align|Avalanche|p1a: Clyde\n|-supereffective|p1a: Clyde\n|-damage|p1a: Clyde|81\/100\n|\n|-heal|p1a: Clyde|87\/100|[from] item: Black Sludge\n|-heal|p2a: A align|46\/100 tox|[from] item: Leftovers\n|-damage|p2a: A align|16\/100 tox|[from] psn\n|upkeep\n|turn|9\n|\n|t:|1699478050\n|move|p1a: Clyde|Bulldoze|p2a: A align\n|-damage|p2a: A align|7\/100 tox\n|-unboost|p2a: A align|spe|1\n|move|p2a: A align|High Horsepower|p1a: Clyde\n|-supereffective|p1a: Clyde\n|-damage|p1a: Clyde|64\/100\n|\n|-heal|p1a: Clyde|70\/100|[from] item: Black Sludge\n|-heal|p2a: A align|13\/100 tox|[from] item: Leftovers\n|-damage|p2a: A align|0 fnt|[from] psn\n|faint|p2a: A align\n|upkeep\n|\n|t:|1699478064\n|switch|p2a: Velu Zack|Veluza, F, shiny|100\/100\n|turn|10\n|inactive|hshhhdhduhc has 120 seconds left.\n|c|\u2606en fills|John Locke was a ...\n|\n|t:|1699478111\n|move|p2a: Velu Zack|Fillet Away|p2a: Velu Zack\n|-boost|p2a: Velu Zack|atk|2\n|-boost|p2a: Velu Zack|spa|2\n|-boost|p2a: Velu Zack|spe|2\n|-damage|p2a: Velu Zack|51\/100\n|move|p1a: Clyde|Recover|p1a: Clyde\n|-heal|p1a: Clyde|100\/100\n|\n|upkeep\n|turn|11\n|\n|t:|1699478121\n|move|p2a: Velu Zack|Psycho Cut|p1a: Clyde\n|-supereffective|p1a: Clyde\n|-damage|p1a: Clyde|71\/100\n|move|p1a: Clyde|Toxic|p2a: Velu Zack\n|-status|p2a: Velu Zack|tox\n|\n|-heal|p1a: Clyde|77\/100|[from] item: Black Sludge\n|-damage|p2a: Velu Zack|45\/100 tox|[from] psn\n|upkeep\n|-enditem|p2a: Velu Zack|Sitrus Berry|[eat]\n|-heal|p2a: Velu Zack|69\/100 tox|[from] item: Sitrus Berry\n|turn|12\n|\n|t:|1699478144\n|move|p2a: Velu Zack|Psycho Cut|p1a: Clyde\n|-supereffective|p1a: Clyde\n|-damage|p1a: Clyde|46\/100\n|move|p1a: Clyde|Recover|p1a: Clyde\n|-heal|p1a: Clyde|96\/100\n|\n|-heal|p1a: Clyde|100\/100|[from] item: Black Sludge\n|-damage|p2a: Velu Zack|57\/100 tox|[from] psn\n|upkeep\n|turn|13\n|\n|t:|1699478151\n|move|p2a: Velu Zack|Psycho Cut|p1a: Clyde\n|-supereffective|p1a: Clyde\n|-damage|p1a: Clyde|66\/100\n|move|p1a: Clyde|Bulldoze|p2a: Velu Zack\n|-damage|p2a: Velu Zack|40\/100 tox\n|-unboost|p2a: Velu Zack|spe|1\n|\n|-heal|p1a: Clyde|73\/100|[from] item: Black Sludge\n|-damage|p2a: Velu Zack|22\/100 tox|[from] psn\n|upkeep\n|turn|14\n|inactive|hshhhdhduhc has 120 seconds left.\n|\n|t:|1699478204\n|move|p2a: Velu Zack|Psycho Cut|p1a: Clyde\n|-supereffective|p1a: Clyde\n|-damage|p1a: Clyde|42\/100\n|move|p1a: Clyde|Recover|p1a: Clyde\n|-heal|p1a: Clyde|92\/100\n|\n|-heal|p1a: Clyde|98\/100|[from] item: Black Sludge\n|-damage|p2a: Velu Zack|0 fnt|[from] psn\n|faint|p2a: Velu Zack\n|upkeep\n|c|\u2606en fills|I'm going to murder Clive\n|n|\u203den fills|enfills\n|c|&|\/log en fills was locked from talking by Artemis. (\u2606en fills: I'm going to murder Clive)\n|c|&|\/raw <small>This action was done automatically. Want to learn more about the AI? <a href=\"https:\/\/www.smogon.com\/forums\/threads\/3570628\/#post-9056769\">Visit the information thread<\/a>.<\/small>\n|inactive|en fills has 120 seconds left.\n|inactive|en fills has 90 seconds left.\n|inactive|en fills has 60 seconds left.\n|inactive|en fills has 30 seconds left.\n|inactive|en fills has 20 seconds left.\n|inactive|en fills has 15 seconds left.\n|inactive|en fills has 10 seconds left.\n|inactive|en fills has 5 seconds left.\n|-message|en fills lost due to inactivity.\n|\n|win|hshhhdhduhc\n|raw|hshhhdhduhc's rating: 1128 &rarr; <strong>1151<\/strong><br \/>(+23 for winning)\n|raw|en fills's rating: 1097 &rarr; <strong>1075<\/strong><br \/>(-22 for losing)\n","uploadtime":1699478220,"views":5,"p1id":"hshhhdhduhc","p2id":"enfills","formatid":"gen9anythinggoes","rating":1075,"private":0,"password":""}