{"id":"gen9anythinggoes-1996141397","p1":"Danielt5_1","p2":"UnifieUndefined","format":"[Gen 9] Anything Goes","log":"|j|\u203dDanielt5_1\n|j|\u2606UnifieUndefined\n|t:|1700650366\n|gametype|singles\n|player|p1|Danielt5_1|2|1030\n|player|p2|UnifieUndefined|will|1087\n|teamsize|p1|2\n|teamsize|p2|6\n|gen|9\n|tier|[Gen 9] Anything Goes\n|rated|\n|rule|HP Percentage Mod: HP is shown in percentages\n|rule|Endless Battle Clause: Forcing endless battles is banned\n|clearpoke\n|poke|p1|Slaking, M|\n|poke|p1|Snorlax, F|\n|poke|p2|Manaphy|\n|poke|p2|Kommo-o, M|\n|poke|p2|Urshifu-*, M|\n|poke|p2|Sandy Shocks|\n|poke|p2|Kleavor, M|\n|poke|p2|Infernape, F|\n|teampreview\n|c|\u2606UnifieUndefined|the two best normal tanks\n|\n|t:|1700650381\n|start\n|switch|p1a: Slaking|Slaking, M, shiny|100\/100\n|switch|p2a: Kleavor|Kleavor, M|100\/100\n|turn|1\n|\n|t:|1700650390\n|move|p2a: Kleavor|Stone Axe|p1a: Slaking\n|-damage|p1a: Slaking|75\/100\n|-sidestart|p1: Danielt5_1|move: Stealth Rock\n|move|p1a: Slaking|Curse|p1a: Slaking\n|-unboost|p1a: Slaking|spe|1\n|-boost|p1a: Slaking|atk|1\n|-boost|p1a: Slaking|def|1\n|\n|-heal|p1a: Slaking|81\/100|[from] item: Leftovers\n|upkeep\n|turn|2\n|\n|t:|1700650399\n|move|p2a: Kleavor|Close Combat|p1a: Slaking\n|-supereffective|p1a: Slaking\n|-damage|p1a: Slaking|55\/100\n|-unboost|p2a: Kleavor|def|1\n|-unboost|p2a: Kleavor|spd|1\n|cant|p1a: Slaking|ability: Truant\n|\n|-heal|p1a: Slaking|61\/100|[from] item: Leftovers\n|upkeep\n|turn|3\n|\n|t:|1700650410\n|-terastallize|p1a: Slaking|Ghost\n|move|p2a: Kleavor|X-Scissor|p1a: Slaking\n|-resisted|p1a: Slaking\n|-damage|p1a: Slaking|50\/100\n|move|p1a: Slaking|Tera Blast|p2a: Kleavor|[anim] Tera Blast Ghost\n|-damage|p2a: Kleavor|0 fnt\n|faint|p2a: Kleavor\n|\n|-heal|p1a: Slaking|56\/100|[from] item: Leftovers\n|upkeep\n|\n|t:|1700650418\n|switch|p2a: Manaphy|Manaphy|100\/100\n|turn|4\n|\n|t:|1700650422\n|move|p2a: Manaphy|Tail Glow|p2a: Manaphy\n|-boost|p2a: Manaphy|spa|3\n|cant|p1a: Slaking|ability: Truant\n|\n|-heal|p1a: Slaking|62\/100|[from] item: Leftovers\n|upkeep\n|turn|5\n|\n|t:|1700650426\n|move|p2a: Manaphy|Dazzling Gleam|p1a: Slaking\n|-damage|p1a: Slaking|1\/100\n|move|p1a: Slaking|Tera Blast|p2a: Manaphy|[anim] Tera Blast Ghost\n|-damage|p2a: Manaphy|33\/100\n|\n|-heal|p2a: Manaphy|39\/100|[from] item: Leftovers\n|-heal|p1a: Slaking|7\/100|[from] item: Leftovers\n|upkeep\n|turn|6\n|\n|t:|1700650436\n|move|p2a: Manaphy|Surf|p1a: Slaking\n|-damage|p1a: Slaking|0 fnt\n|faint|p1a: Slaking\n|\n|-heal|p2a: Manaphy|45\/100|[from] item: Leftovers\n|upkeep\n|\n|t:|1700650439\n|switch|p1a: Snorlax|Snorlax, F|100\/100\n|-damage|p1a: Snorlax|88\/100|[from] Stealth Rock\n|turn|7\n|\n|t:|1700650443\n|move|p2a: Manaphy|Surf|p1a: Snorlax\n|-damage|p1a: Snorlax|46\/100\n|-enditem|p1a: Snorlax|Aguav Berry|[eat]\n|-heal|p1a: Snorlax|79\/100|[from] item: Aguav Berry\n|move|p1a: Snorlax|Curse|p1a: Snorlax\n|-unboost|p1a: Snorlax|spe|1\n|-boost|p1a: Snorlax|atk|1\n|-boost|p1a: Snorlax|def|1\n|\n|-heal|p2a: Manaphy|51\/100|[from] item: Leftovers\n|upkeep\n|turn|8\n|\n|t:|1700650449\n|move|p2a: Manaphy|Surf|p1a: Snorlax\n|-damage|p1a: Snorlax|32\/100\n|move|p1a: Snorlax|Recycle|p1a: Snorlax\n|-item|p1a: Snorlax|Aguav Berry|[from] move: Recycle\n|-enditem|p1a: Snorlax|Aguav Berry|[eat]\n|-heal|p1a: Snorlax|66\/100|[from] item: Aguav Berry\n|\n|-heal|p2a: Manaphy|57\/100|[from] item: Leftovers\n|upkeep\n|turn|9\n|\n|t:|1700650453\n|move|p2a: Manaphy|Tail Glow|p2a: Manaphy\n|-boost|p2a: Manaphy|spa|3\n|move|p1a: Snorlax|Heavy Slam|p2a: Manaphy\n|-resisted|p2a: Manaphy\n|-damage|p2a: Manaphy|35\/100\n|\n|-heal|p2a: Manaphy|42\/100|[from] item: Leftovers\n|upkeep\n|turn|10\n|\n|t:|1700650458\n|move|p2a: Manaphy|Surf|p1a: Snorlax\n|-damage|p1a: Snorlax|0 fnt\n|faint|p1a: Snorlax\n|\n|win|UnifieUndefined\n|raw|Danielt5_1's rating: 1030 &rarr; <strong>1018<\/strong><br \/>(-12 for losing)\n|raw|UnifieUndefined's rating: 1087 &rarr; <strong>1110<\/strong><br \/>(+23 for winning)\n|l|\u203dDanielt5_1\n","uploadtime":1700650470,"views":2,"p1id":"danielt51","p2id":"unifieundefined","formatid":"gen9anythinggoes","rating":1018,"private":0,"password":""}