{"id":"gen9anythinggoes-1979437714","p1":"Yusuf3000","p2":"JPSylvy","format":"[Gen 9] Anything Goes","log":"|j|\u2606Yusuf3000\n|j|\u2606JPSylvy\n|t:|1698682666\n|gametype|singles\n|player|p1|Yusuf3000|waiter|\n|player|p2|JPSylvy|iris-gen5bw2|\n|teamsize|p1|6\n|teamsize|p2|6\n|gen|9\n|tier|[Gen 9] Anything Goes\n|rule|HP Percentage Mod: HP is shown in percentages\n|rule|Endless Battle Clause: Forcing endless battles is banned\n|clearpoke\n|poke|p1|Clodsire, F|\n|poke|p1|Landorus-Therian, M|\n|poke|p1|Grimmsnarl, M|\n|poke|p1|Zoroark-Hisui, F|\n|poke|p1|Espeon, M|\n|poke|p1|Infernape, M|\n|poke|p2|Ninetales-Alola, F|\n|poke|p2|Cetitan, M|\n|poke|p2|Slowking, M|\n|poke|p2|Tornadus-Therian, M|\n|poke|p2|Volcanion|\n|poke|p2|Iron Thorns|\n|teampreview\n|c|\u2606Yusuf3000|hf\n|c|\u2606JPSylvy|same to you :3\n|\n|t:|1698682712\n|start\n|switch|p1a: Espeon|Espeon, M|100\/100\n|switch|p2a: Volcanion|Volcanion|100\/100\n|turn|1\n|\n|t:|1698682735\n|switch|p1a: Clodsire|Clodsire, F|100\/100\n|move|p2a: Volcanion|Steam Eruption|p1a: Clodsire\n|-immune|p1a: Clodsire|[from] ability: Water Absorb\n|\n|upkeep\n|turn|2\n|\n|t:|1698682754\n|switch|p2a: Tornadus|Tornadus-Therian, M|100\/100\n|move|p1a: Clodsire|Stealth Rock|p2a: Tornadus\n|-sidestart|p2: JPSylvy|move: Stealth Rock\n|\n|upkeep\n|turn|3\n|\n|t:|1698682760\n|switch|p1a: Landorus|Landorus-Therian, M|100\/100\n|-ability|p1a: Landorus|Intimidate|boost\n|-unboost|p2a: Tornadus|atk|1\n|move|p2a: Tornadus|Knock Off|p1a: Landorus\n|-damage|p1a: Landorus|84\/100\n|-enditem|p1a: Landorus|Choice Scarf|[from] move: Knock Off|[of] p2a: Tornadus\n|\n|upkeep\n|turn|4\n|\n|t:|1698682773\n|move|p2a: Tornadus|Bleakwind Storm|p1a: Landorus\n|-damage|p1a: Landorus|26\/100\n|move|p1a: Landorus|U-turn|p2a: Tornadus\n|-resisted|p2a: Tornadus\n|-damage|p2a: Tornadus|80\/100\n|\n|t:|1698682780\n|switch|p1a: Grimmsnarl|Grimmsnarl, M|100\/100|[from] U-turn\n|\n|upkeep\n|turn|5\n|\n|t:|1698682785\n|move|p1a: Grimmsnarl|Thunder Wave|p2a: Tornadus\n|-status|p2a: Tornadus|par\n|move|p2a: Tornadus|Knock Off|p1a: Grimmsnarl\n|-resisted|p1a: Grimmsnarl\n|-damage|p1a: Grimmsnarl|96\/100\n|-enditem|p1a: Grimmsnarl|Light Clay|[from] move: Knock Off|[of] p2a: Tornadus\n|\n|upkeep\n|turn|6\n|\n|t:|1698682792\n|move|p1a: Grimmsnarl|Light Screen|p1a: Grimmsnarl\n|-sidestart|p1: Yusuf3000|move: Light Screen\n|move|p2a: Tornadus|Bleakwind Storm|p1a: Grimmsnarl\n|-damage|p1a: Grimmsnarl|76\/100\n|-unboost|p1a: Grimmsnarl|spe|1\n|\n|upkeep\n|turn|7\n|\n|t:|1698682800\n|move|p2a: Tornadus|Bleakwind Storm|p1a: Grimmsnarl\n|-damage|p1a: Grimmsnarl|55\/100\n|move|p1a: Grimmsnarl|Spirit Break|p2a: Tornadus\n|-damage|p2a: Tornadus|27\/100 par\n|-unboost|p2a: Tornadus|spa|1\n|\n|upkeep\n|turn|8\n|\n|t:|1698682807\n|move|p2a: Tornadus|U-turn|p1a: Grimmsnarl\n|-damage|p1a: Grimmsnarl|40\/100\n|\n|t:|1698682811\n|switch|p2a: Slowking|Slowking, M|100\/100|[from] U-turn\n|-damage|p2a: Slowking|88\/100|[from] Stealth Rock\n|move|p1a: Grimmsnarl|Ice Punch|p2a: Slowking\n|-resisted|p2a: Slowking\n|-damage|p2a: Slowking|78\/100\n|\n|-heal|p2a: Slowking|85\/100|[from] item: Leftovers\n|upkeep\n|turn|9\n|\n|t:|1698682827\n|switch|p1a: Espeon|Espeon, M|100\/100\n|move|p2a: Slowking|Scald|p1a: Espeon\n|-damage|p1a: Espeon|81\/100\n|-status|p1a: Espeon|brn\n|\n|-heal|p1a: Espeon|87\/100 brn|[from] item: Leftovers\n|-heal|p2a: Slowking|91\/100|[from] item: Leftovers\n|-damage|p1a: Espeon|81\/100 brn|[from] brn\n|upkeep\n|turn|10\n|\n|t:|1698682842\n|move|p1a: Espeon|Shadow Ball|p2a: Slowking\n|-supereffective|p2a: Slowking\n|-damage|p2a: Slowking|48\/100\n|move|p2a: Slowking|Chilly Reception|p2a: Slowking\n|-weather|Snow\n|\n|t:|1698682865\n|switch|p2a: Cetitan|Cetitan, M|100\/100|[from] Chilly Reception\n|-damage|p2a: Cetitan|76\/100|[from] Stealth Rock\n|\n|-weather|Snow|[upkeep]\n|-heal|p1a: Espeon|87\/100 brn|[from] item: Leftovers\n|-damage|p1a: Espeon|81\/100 brn|[from] brn\n|-sideend|p1: Yusuf3000|move: Light Screen\n|upkeep\n|turn|11\n|\n|t:|1698682889\n|switch|p1a: Infernape|Infernape, M|100\/100\n|-terastallize|p2a: Cetitan|Fairy\n|move|p2a: Cetitan|Play Rough|p1a: Infernape\n|-damage|p1a: Infernape|30\/100\n|\n|-weather|Snow|[upkeep]\n|upkeep\n|turn|12\n|\n|t:|1698682897\n|move|p2a: Cetitan|Play Rough|p1a: Infernape\n|-damage|p1a: Infernape|0 fnt\n|faint|p1a: Infernape\n|\n|-weather|Snow|[upkeep]\n|upkeep\n|\n|t:|1698682907\n|switch|p1a: Espeon|Espeon, M|81\/100 brn\n|turn|13\n|\n|t:|1698682912\n|move|p2a: Cetitan|Play Rough|p1a: Espeon\n|-crit|p1a: Espeon\n|-damage|p1a: Espeon|0 fnt\n|faint|p1a: Espeon\n|\n|-weather|Snow|[upkeep]\n|upkeep\n|\n|t:|1698682934\n|switch|p1a: Grimmsnarl|Grimmsnarl, M|40\/100\n|turn|14\n|\n|t:|1698682941\n|move|p2a: Cetitan|Ice Shard|p1a: Grimmsnarl\n|-damage|p1a: Grimmsnarl|8\/100\n|move|p1a: Grimmsnarl|Thunder Wave|p2a: Cetitan\n|-status|p2a: Cetitan|par\n|\n|-weather|none\n|upkeep\n|turn|15\n|\n|t:|1698682950\n|move|p1a: Grimmsnarl|Light Screen|p1a: Grimmsnarl\n|-sidestart|p1: Yusuf3000|move: Light Screen\n|move|p2a: Cetitan|Ice Shard|p1a: Grimmsnarl\n|-damage|p1a: Grimmsnarl|0 fnt\n|faint|p1a: Grimmsnarl\n|\n|upkeep\n|\n|t:|1698682960\n|switch|p1a: Landorus|Landorus-Therian, M|100\/100\n|turn|16\n|\n|t:|1698682971\n|cant|p2a: Cetitan|par\n|move|p1a: Landorus|Sludge Bomb|p2a: Cetitan\n|-supereffective|p2a: Cetitan\n|-damage|p2a: Cetitan|0 fnt\n|faint|p2a: Cetitan\n|\n|upkeep\n|c|\u2606JPSylvy|sadly zoroark outspeeds Ninetales by 2\n|c|\u2606JPSylvy|very sadge\n|\n|t:|1698683015\n|switch|p2a: Iron Thorns|Iron Thorns|100\/100\n|-damage|p2a: Iron Thorns|88\/100|[from] Stealth Rock\n|turn|17\n|c|\u2606Yusuf3000|dachte 1\n|\n|t:|1698683024\n|switch|p1a: Landorus|Landorus-Therian, M|26\/100\n|-ability|p1a: Landorus|Intimidate|boost\n|-unboost|p2a: Iron Thorns|atk|1\n|move|p2a: Iron Thorns|Dragon Dance|p2a: Iron Thorns\n|-boost|p2a: Iron Thorns|atk|1\n|-boost|p2a: Iron Thorns|spe|1\n|\n|-heal|p2a: Iron Thorns|94\/100|[from] item: Leftovers\n|upkeep\n|turn|18\n|\n|t:|1698683032\n|move|p2a: Iron Thorns|Ice Punch|p1a: Landorus\n|-supereffective|p1a: Landorus\n|-damage|p1a: Landorus|0 fnt\n|faint|p1a: Landorus\n|\n|-heal|p2a: Iron Thorns|100\/100|[from] item: Leftovers\n|upkeep\n|c|\u2606JPSylvy|welp\n|\n|t:|1698683043\n|switch|p1a: Clodsire|Clodsire, F|100\/100\n|turn|19\n|\n|t:|1698683049\n|-end|p2a: Iron Thorns|Quark Drive|[silent]\n|switch|p2a: Ninetales|Ninetales-Alola, F|100\/100\n|-damage|p2a: Ninetales|76\/100|[from] Stealth Rock\n|-weather|Snow|[from] ability: Snow Warning|[of] p2a: Ninetales\n|move|p1a: Clodsire|Earthquake|p2a: Ninetales\n|-damage|p2a: Ninetales|52\/100\n|\n|-weather|Snow|[upkeep]\n|-sideend|p1: Yusuf3000|move: Light Screen\n|upkeep\n|turn|20\n|\n|t:|1698683058\n|switch|p1a: Clodsire|Clodsire, F|100\/100\n|move|p2a: Ninetales|Encore||[still]\n|-fail|p2a: Ninetales\n|\n|-weather|Snow|[upkeep]\n|upkeep\n|turn|21\n|c|\u2606JPSylvy|jep, that was a missplay\n|\n|t:|1698683074\n|move|p1a: Clodsire|Shadow Ball|p2a: Ninetales\n|-damage|p2a: Ninetales|0 fnt\n|faint|p2a: Ninetales\n|\n|-weather|Snow|[upkeep]\n|upkeep\n|\n|t:|1698683091\n|switch|p2a: Iron Thorns|Iron Thorns|100\/100\n|-damage|p2a: Iron Thorns|88\/100|[from] Stealth Rock\n|turn|22\n|\n|t:|1698683102\n|move|p1a: Clodsire|Shadow Ball|p2a: Iron Thorns\n|-damage|p2a: Iron Thorns|15\/100\n|-unboost|p2a: Iron Thorns|spd|1\n|move|p2a: Iron Thorns|Ice Punch|p1a: Clodsire\n|-damage|p1a: Clodsire|44\/100\n|replace|p1a: Zoroark|Zoroark-Hisui, F\n|-end|p1a: Zoroark|Illusion\n|\n|-weather|Snow|[upkeep]\n|-heal|p2a: Iron Thorns|21\/100|[from] item: Leftovers\n|upkeep\n|turn|23\n|\n|t:|1698683116\n|move|p1a: Zoroark|Shadow Ball|p2a: Iron Thorns\n|-damage|p2a: Iron Thorns|0 fnt\n|faint|p2a: Iron Thorns\n|-end|p2a: Iron Thorns|Quark Drive|[silent]\n|\n|-weather|none\n|upkeep\n|\n|t:|1698683126\n|switch|p2a: Volcanion|Volcanion|100\/100\n|-damage|p2a: Volcanion|76\/100|[from] Stealth Rock\n|turn|24\n|\n|t:|1698683138\n|switch|p1a: Clodsire|Clodsire, F|100\/100\n|move|p2a: Volcanion|Earth Power|p1a: Clodsire\n|-supereffective|p1a: Clodsire\n|-damage|p1a: Clodsire|46\/100\n|\n|-heal|p1a: Clodsire|52\/100|[from] item: Leftovers\n|upkeep\n|turn|25\n|\n|t:|1698683146\n|move|p2a: Volcanion|Earth Power|p1a: Clodsire\n|-supereffective|p1a: Clodsire\n|-damage|p1a: Clodsire|0 fnt\n|faint|p1a: Clodsire\n|\n|upkeep\n|\n|t:|1698683148\n|switch|p1a: Zoroark|Zoroark-Hisui, F|44\/100\n|turn|26\n|\n|t:|1698683151\n|move|p1a: Zoroark|Shadow Ball|p2a: Volcanion\n|-damage|p2a: Volcanion|1\/100\n|move|p2a: Volcanion|Earth Power|p1a: Zoroark\n|-damage|p1a: Zoroark|0 fnt\n|faint|p1a: Zoroark\n|\n|win|JPSylvy\n|c|\u2606JPSylvy|gg wp\n|c|\u2606Yusuf3000|gg\n|c|\u2606Yusuf3000|1 h p :\/\n|c|\u2606JPSylvy|1%\n|c|\u2606Yusuf3000|mein ich\n|l|\u2606Yusuf3000\n|c|\u2606JPSylvy|it sits on 3\n|c|\u2606JPSylvy|aber ja, trotzdem schmerz\n","uploadtime":1698683188,"views":17,"p1id":"yusuf3000","p2id":"jpsylvy","formatid":"gen9anythinggoes","rating":0,"private":0,"password":""}