{"id":"gen9anythinggoes-1995877686","p1":"UnifieUndefined","p2":"freezersan0","format":"[Gen 9] Anything Goes","log":"|j|\u2606UnifieUndefined\n|j|\u2606freezersan0\n|t:|1700612626\n|gametype|singles\n|player|p1|UnifieUndefined|guzma-masters|1106\n|player|p2|freezersan0|unknown|1084\n|teamsize|p1|6\n|teamsize|p2|6\n|gen|9\n|tier|[Gen 9] Anything Goes\n|rated|\n|rule|HP Percentage Mod: HP is shown in percentages\n|rule|Endless Battle Clause: Forcing endless battles is banned\n|clearpoke\n|poke|p1|Manaphy|\n|poke|p1|Kommo-o, M|\n|poke|p1|Urshifu-*, M|\n|poke|p1|Sandy Shocks|\n|poke|p1|Kleavor, M|\n|poke|p1|Infernape, F|\n|poke|p2|Dunsparce, M|\n|poke|p2|Grafaiai, M|\n|poke|p2|Arceus|\n|poke|p2|Snorlax, M|\n|poke|p2|Ursaluna-Bloodmoon, M|\n|poke|p2|Meloetta|\n|teampreview\n|c|\u2606UnifieUndefined|w meloetta?\n|c|\u2606UnifieUndefined|yo?\n|\n|t:|1700612646\n|start\n|switch|p1a: Kleavor|Kleavor, M|100\/100\n|switch|p2a: Grafaiai|Grafaiai, M|100\/100\n|turn|1\n|\n|t:|1700612657\n|move|p2a: Grafaiai|Switcheroo|p1a: Kleavor\n|-activate|p2a: Grafaiai|move: Trick|[of] p1a: Kleavor\n|-item|p1a: Kleavor|Toxic Orb|[from] move: Switcheroo\n|-item|p2a: Grafaiai|King's Rock|[from] move: Switcheroo\n|move|p1a: Kleavor|Stone Axe|p2a: Grafaiai\n|-damage|p2a: Grafaiai|42\/100\n|-sidestart|p2: freezersan0|move: Stealth Rock\n|\n|-status|p1a: Kleavor|tox|[from] item: Toxic Orb\n|upkeep\n|turn|2\n|\n|t:|1700612667\n|move|p2a: Grafaiai|Parting Shot|p1a: Kleavor\n|-unboost|p1a: Kleavor|atk|1\n|-unboost|p1a: Kleavor|spa|1\n|\n|t:|1700612673\n|switch|p2a: Dunsparce|Dunsparce, M|100\/100|[from] Parting Shot\n|-damage|p2a: Dunsparce|88\/100|[from] Stealth Rock\n|move|p1a: Kleavor|Stone Axe|p2a: Dunsparce|[miss]\n|-miss|p1a: Kleavor|p2a: Dunsparce\n|\n|-damage|p1a: Kleavor|94\/100 tox|[from] psn\n|upkeep\n|turn|3\n|\n|t:|1700612684\n|move|p1a: Kleavor|Close Combat|p2a: Dunsparce\n|-supereffective|p2a: Dunsparce\n|-damage|p2a: Dunsparce|42\/100\n|-unboost|p1a: Kleavor|def|1\n|-unboost|p1a: Kleavor|spd|1\n|move|p2a: Dunsparce|Agility|p2a: Dunsparce\n|-boost|p2a: Dunsparce|spe|2\n|\n|-damage|p1a: Kleavor|82\/100 tox|[from] psn\n|upkeep\n|turn|4\n|c|\u2606UnifieUndefined|oh yeah forgot he can run evio\n|\n|t:|1700612697\n|move|p2a: Dunsparce|Coil|p2a: Dunsparce\n|-boost|p2a: Dunsparce|atk|1\n|-boost|p2a: Dunsparce|def|1\n|-boost|p2a: Dunsparce|accuracy|1\n|move|p1a: Kleavor|Close Combat|p2a: Dunsparce\n|-supereffective|p2a: Dunsparce\n|-damage|p2a: Dunsparce|13\/100\n|-unboost|p1a: Kleavor|def|1\n|-unboost|p1a: Kleavor|spd|1\n|\n|-damage|p1a: Kleavor|64\/100 tox|[from] psn\n|upkeep\n|turn|5\n|\n|t:|1700612706\n|move|p2a: Dunsparce|Baton Pass|p2a: Dunsparce\n|\n|t:|1700612712\n|switch|p2a: Meloetta|Meloetta|100\/100|[from] Baton Pass\n|-damage|p2a: Meloetta|88\/100|[from] Stealth Rock\n|move|p1a: Kleavor|Stone Axe|p2a: Meloetta\n|-damage|p2a: Meloetta|66\/100\n|\n|-damage|p1a: Kleavor|40\/100 tox|[from] psn\n|upkeep\n|turn|6\n|\n|t:|1700612725\n|move|p2a: Meloetta|Drain Punch|p1a: Kleavor\n|-damage|p1a: Kleavor|0 fnt\n|-heal|p2a: Meloetta|82\/100|[from] drain|[of] p1a: Kleavor\n|faint|p1a: Kleavor\n|\n|upkeep\n|inactive|Battle timer is ON: inactive players will automatically lose when time's up. (requested by freezersan0)\n|c|\u2606freezersan0|????\n|\n|t:|1700612755\n|switch|p1a: Urshifu|Urshifu-Rapid-Strike, M|100\/100\n|turn|7\n|c|\u2606UnifieUndefined|mb\n|\n|t:|1700612762\n|move|p2a: Meloetta|Psyshock|p1a: Urshifu\n|-supereffective|p1a: Urshifu\n|-damage|p1a: Urshifu|13\/100\n|-enditem|p1a: Urshifu|Figy Berry|[eat]\n|-heal|p1a: Urshifu|46\/100|[from] item: Figy Berry\n|move|p1a: Urshifu|U-turn|p2a: Meloetta\n|-supereffective|p2a: Meloetta\n|-damage|p2a: Meloetta|42\/100\n|\n|t:|1700612770\n|switch|p1a: Sandy Shocks|Sandy Shocks|100\/100|[from] U-turn\n|\n|upkeep\n|turn|8\n|\n|t:|1700612782\n|move|p2a: Meloetta|Baton Pass|p2a: Meloetta\n|\n|t:|1700612789\n|switch|p2a: Ursaluna|Ursaluna-Bloodmoon, M|100\/100|[from] Baton Pass\n|-damage|p2a: Ursaluna|95\/100|[from] Stealth Rock\n|move|p1a: Sandy Shocks|Volt Switch|p2a: Ursaluna\n|-immune|p2a: Ursaluna\n|\n|upkeep\n|turn|9\n|c|\u2606UnifieUndefined|is this full baton team?\n|c|\u2606freezersan0|no\n|c|\u2606freezersan0|i have another which is\n|c|\u2606UnifieUndefined|ive seen people do it\n|c|\u2606UnifieUndefined|ye\n|\n|t:|1700612812\n|-terastallize|p1a: Sandy Shocks|Grass\n|move|p1a: Sandy Shocks|Tera Blast|p2a: Ursaluna|[anim] Tera Blast Grass\n|-supereffective|p2a: Ursaluna\n|-damage|p2a: Ursaluna|14\/100\n|-enditem|p2a: Ursaluna|Sitrus Berry|[eat]\n|-heal|p2a: Ursaluna|39\/100|[from] item: Sitrus Berry\n|move|p2a: Ursaluna|Earth Power|p1a: Sandy Shocks\n|-resisted|p1a: Sandy Shocks\n|-damage|p1a: Sandy Shocks|66\/100\n|\n|upkeep\n|turn|10\n|\n|t:|1700612823\n|move|p1a: Sandy Shocks|Tera Blast|p2a: Ursaluna|[anim] Tera Blast Grass\n|-supereffective|p2a: Ursaluna\n|-damage|p2a: Ursaluna|0 fnt\n|faint|p2a: Ursaluna\n|\n|upkeep\n|\n|t:|1700612829\n|switch|p2a: Grafaiai|Grafaiai, M|42\/100\n|-damage|p2a: Grafaiai|30\/100|[from] Stealth Rock\n|turn|11\n|\n|t:|1700612839\n|move|p2a: Grafaiai|Parting Shot|p1a: Sandy Shocks\n|-unboost|p1a: Sandy Shocks|atk|1\n|-unboost|p1a: Sandy Shocks|spa|1\n|\n|t:|1700612844\n|switch|p2a: Snorlax|Snorlax, M|100\/100|[from] Parting Shot\n|-damage|p2a: Snorlax|88\/100|[from] Stealth Rock\n|move|p1a: Sandy Shocks|Earth Power|p2a: Snorlax\n|-damage|p2a: Snorlax|70\/100\n|\n|upkeep\n|turn|12\n|\n|t:|1700612855\n|-end|p1a: Sandy Shocks|Protosynthesis|[silent]\n|switch|p1a: Infernape|Infernape, F|100\/100\n|move|p2a: Snorlax|Trailblaze|p1a: Infernape\n|-resisted|p1a: Infernape\n|-damage|p1a: Infernape|87\/100\n|-boost|p2a: Snorlax|spe|1\n|\n|upkeep\n|turn|13\n|\n|t:|1700612864\n|-terastallize|p2a: Snorlax|Psychic\n|move|p1a: Infernape|Nasty Plot|p1a: Infernape\n|-boost|p1a: Infernape|spa|2\n|move|p2a: Snorlax|Trailblaze|p1a: Infernape\n|-resisted|p1a: Infernape\n|-damage|p1a: Infernape|74\/100\n|-boost|p2a: Snorlax|spe|1\n|\n|upkeep\n|turn|14\n|c|\u2606UnifieUndefined|nice tera\n|\n|t:|1700612881\n|move|p1a: Infernape|Grass Knot|p2a: Snorlax\n|-damage|p2a: Snorlax|12\/100\n|-enditem|p2a: Snorlax|Sitrus Berry|[eat]\n|-heal|p2a: Snorlax|37\/100|[from] item: Sitrus Berry\n|-damage|p1a: Infernape|64\/100|[from] item: Life Orb\n|move|p2a: Snorlax|Trailblaze|p1a: Infernape\n|-resisted|p1a: Infernape\n|-damage|p1a: Infernape|51\/100\n|-boost|p2a: Snorlax|spe|1\n|\n|upkeep\n|turn|15\n|c|\u2606UnifieUndefined|took me a second to realize\n|\n|t:|1700612891\n|move|p1a: Infernape|Grass Knot|p2a: Snorlax\n|-damage|p2a: Snorlax|0 fnt\n|faint|p2a: Snorlax\n|-damage|p1a: Infernape|41\/100|[from] item: Life Orb\n|\n|upkeep\n|-message|freezersan0 forfeited.\n|\n|win|UnifieUndefined\n|raw|UnifieUndefined's rating: 1106 &rarr; <strong>1129<\/strong><br \/>(+23 for winning)\n|raw|freezersan0's rating: 1084 &rarr; <strong>1063<\/strong><br \/>(-21 for losing)\n|l|\u2606freezersan0\n","uploadtime":1700612899,"views":7,"p1id":"unifieundefined","p2id":"freezersan0","formatid":"gen9anythinggoes","rating":1063,"private":0,"password":""}