{"id":"gen9anythinggoes-1991355079","p1":"riggytherunky","p2":"shinytanktank","format":"[Gen 9] Anything Goes","log":"|j|\u2606riggytherunky\n|j|\u2606shinytanktank\n|t:|1700070210\n|gametype|singles\n|player|p1|riggytherunky|benga|1100\n|player|p2|shinytanktank|169|1071\n|teamsize|p1|6\n|teamsize|p2|5\n|gen|9\n|tier|[Gen 9] Anything Goes\n|rated|\n|rule|HP Percentage Mod: HP is shown in percentages\n|rule|Endless Battle Clause: Forcing endless battles is banned\n|clearpoke\n|poke|p1|Ogerpon-Hearthflame, F|\n|poke|p1|Ursaluna-Bloodmoon, M|\n|poke|p1|Gliscor, M|\n|poke|p1|Palafin, M|\n|poke|p1|Clodsire, F|\n|poke|p1|Kingambit, M|\n|poke|p2|Eternatus|\n|poke|p2|Polteageist-Antique|\n|poke|p2|Maushold-Four|\n|poke|p2|Chandelure, M|\n|poke|p2|Darkrai|\n|teampreview\n|inactive|Battle timer is ON: inactive players will automatically lose when time's up. (requested by shinytanktank)\n|\n|t:|1700070223\n|start\n|switch|p1a: Palafin|Palafin, M, shiny|100\/100\n|switch|p2a: Maushold|Maushold-Four|100\/100\n|turn|1\n|c|\u2606riggytherunky|why only 5\n|\n|t:|1700070239\n|move|p2a: Maushold|Population Bomb|p1a: Palafin\n|-damage|p1a: Palafin|84\/100\n|-damage|p1a: Palafin|67\/100\n|-damage|p1a: Palafin|51\/100\n|-damage|p1a: Palafin|35\/100\n|-damage|p1a: Palafin|20\/100\n|-damage|p1a: Palafin|3\/100\n|-damage|p1a: Palafin|0 fnt\n|faint|p1a: Palafin\n|-hitcount|p1: Palafin|7\n|\n|upkeep\n|\n|t:|1700070251\n|switch|p1a: Clodsire|Clodsire, F|100\/100\n|turn|2\n|\n|t:|1700070259\n|move|p2a: Maushold|Population Bomb|p1a: Clodsire\n|-damage|p1a: Clodsire|91\/100\n|-damage|p1a: Clodsire|83\/100\n|-damage|p1a: Clodsire|74\/100\n|-damage|p1a: Clodsire|65\/100\n|-damage|p1a: Clodsire|57\/100\n|-damage|p1a: Clodsire|47\/100\n|-damage|p1a: Clodsire|38\/100\n|-damage|p1a: Clodsire|30\/100\n|-damage|p1a: Clodsire|21\/100\n|-damage|p1a: Clodsire|13\/100\n|-hitcount|p1a: Clodsire|10\n|move|p1a: Clodsire|Stealth Rock|p2a: Maushold\n|-sidestart|p2: shinytanktank|move: Stealth Rock\n|\n|-heal|p1a: Clodsire|19\/100|[from] item: Leftovers\n|upkeep\n|turn|3\n|inactive|riggytherunky has 120 seconds left.\n|n|!riggytherunky|riggytherunky\n|\n|t:|1700070312\n|move|p2a: Maushold|Population Bomb|p1a: Clodsire\n|-damage|p1a: Clodsire|11\/100\n|-damage|p1a: Clodsire|2\/100\n|-crit|p1a: Clodsire\n|-damage|p1a: Clodsire|0 fnt\n|faint|p1a: Clodsire\n|-hitcount|p1: Clodsire|3\n|\n|upkeep\n|c|\u2606shinytanktank|Thats why\n|inactive|riggytherunky has 90 seconds left.\n|\n|t:|1700070329\n|switch|p1a: BEST GIRL|Ogerpon-Hearthflame, F|100\/100\n|-ability|p1a: BEST GIRL|Mold Breaker\n|turn|4\n|inactive|riggytherunky has 90 seconds left.\n|\n|t:|1700070340\n|move|p1a: BEST GIRL|Spiky Shield|p1a: BEST GIRL\n|-singleturn|p1a: BEST GIRL|move: Protect\n|move|p2a: Maushold|Population Bomb|p1a: BEST GIRL\n|-activate|p1a: BEST GIRL|move: Protect\n|-damage|p2a: Maushold|88\/100|[from] Spiky Shield|[of] p1a: BEST GIRL\n|\n|upkeep\n|turn|5\n|inactive|riggytherunky has 90 seconds left.\n|\n|t:|1700070355\n|move|p2a: Maushold|Population Bomb|p1a: BEST GIRL\n|-damage|p1a: BEST GIRL|85\/100\n|-damage|p1a: BEST GIRL|70\/100\n|-damage|p1a: BEST GIRL|57\/100\n|-damage|p1a: BEST GIRL|43\/100\n|-damage|p1a: BEST GIRL|27\/100\n|-damage|p1a: BEST GIRL|13\/100\n|-damage|p1a: BEST GIRL|0 fnt\n|faint|p1a: BEST GIRL\n|-hitcount|p1: BEST GIRL|7\n|\n|upkeep\n|inactive|riggytherunky has 90 seconds left.\n|\n|t:|1700070363\n|switch|p1a: Freddy|Ursaluna-Bloodmoon, M|100\/100\n|turn|6\n|\n|t:|1700070370\n|move|p2a: Maushold|Population Bomb|p1a: Freddy\n|-damage|p1a: Freddy|92\/100\n|-damage|p1a: Freddy|83\/100\n|-damage|p1a: Freddy|75\/100\n|-damage|p1a: Freddy|67\/100\n|-damage|p1a: Freddy|58\/100\n|-damage|p1a: Freddy|49\/100\n|-damage|p1a: Freddy|40\/100\n|-damage|p1a: Freddy|31\/100\n|-damage|p1a: Freddy|22\/100\n|-crit|p1a: Freddy\n|-damage|p1a: Freddy|10\/100\n|-hitcount|p1a: Freddy|10\n|move|p1a: Freddy|Blood Moon|p2a: Maushold\n|-damage|p2a: Maushold|0 fnt\n|faint|p2a: Maushold\n|\n|upkeep\n|\n|t:|1700070393\n|switch|p2a: Chandelure|Chandelure, M, shiny|100\/100\n|-damage|p2a: Chandelure|75\/100|[from] Stealth Rock\n|turn|7\n|\n|t:|1700070404\n|-terastallize|p2a: Chandelure|Steel\n|move|p2a: Chandelure|Minimize|p2a: Chandelure\n|-boost|p2a: Chandelure|evasion|2\n|move|p1a: Freddy|Earth Power|p2a: Chandelure\n|-supereffective|p2a: Chandelure\n|-damage|p2a: Chandelure|0 fnt\n|faint|p2a: Chandelure\n|\n|upkeep\n|\n|t:|1700070411\n|switch|p2a: Eternatus|Eternatus|100\/100\n|-damage|p2a: Eternatus|88\/100|[from] Stealth Rock\n|-ability|p2a: Eternatus|Pressure\n|turn|8\n|\n|t:|1700070419\n|move|p2a: Eternatus|Cosmic Power|p2a: Eternatus\n|-boost|p2a: Eternatus|def|1\n|-boost|p2a: Eternatus|spd|1\n|move|p1a: Freddy|Earth Power|p2a: Eternatus\n|-supereffective|p2a: Eternatus\n|-damage|p2a: Eternatus|35\/100\n|\n|-heal|p2a: Eternatus|41\/100|[from] item: Black Sludge\n|upkeep\n|turn|9\n|inactive|riggytherunky has 120 seconds left.\n|\n|t:|1700070437\n|move|p2a: Eternatus|Recover|p2a: Eternatus\n|-heal|p2a: Eternatus|91\/100\n|move|p1a: Freddy|Blood Moon|p2a: Eternatus\n|-crit|p2a: Eternatus\n|-damage|p2a: Eternatus|0 fnt\n|faint|p2a: Eternatus\n|\n|upkeep\n|\n|t:|1700070444\n|switch|p2a: Polteageist|Polteageist-Antique|100\/100\n|-damage|p2a: Polteageist|88\/100|[from] Stealth Rock\n|turn|10\n|inactive|riggytherunky has 120 seconds left.\n|\n|t:|1700070456\n|move|p2a: Polteageist|Shell Smash|p2a: Polteageist\n|-unboost|p2a: Polteageist|def|1\n|-unboost|p2a: Polteageist|spd|1\n|-boost|p2a: Polteageist|atk|2\n|-boost|p2a: Polteageist|spa|2\n|-boost|p2a: Polteageist|spe|2\n|move|p1a: Freddy|Earth Power|p2a: Polteageist\n|-crit|p2a: Polteageist\n|-damage|p2a: Polteageist|0 fnt\n|faint|p2a: Polteageist\n|\n|upkeep\n|\n|t:|1700070458\n|switch|p2a: Darkrai|Darkrai|100\/100\n|-damage|p2a: Darkrai|88\/100|[from] Stealth Rock\n|turn|11\n|\n|t:|1700070471\n|move|p2a: Darkrai|Hypnosis|p1a: Freddy\n|-status|p1a: Freddy|slp|[from] move: Hypnosis\n|cant|p1a: Freddy|slp\n|\n|-damage|p1a: Freddy|0 fnt|[from] ability: Bad Dreams|[of] p2a: Darkrai\n|faint|p1a: Freddy\n|upkeep\n|\n|t:|1700070477\n|switch|p1a: Gliscor|Gliscor, M, shiny|100\/100\n|turn|12\n|\n|t:|1700070481\n|move|p1a: Gliscor|Protect|p1a: Gliscor\n|-singleturn|p1a: Gliscor|Protect\n|move|p2a: Darkrai|Hypnosis|p1a: Gliscor\n|-activate|p1a: Gliscor|move: Protect\n|\n|-status|p1a: Gliscor|tox|[from] item: Toxic Orb\n|upkeep\n|turn|13\n|\n|t:|1700070488\n|move|p2a: Darkrai|Nasty Plot|p2a: Darkrai\n|-boost|p2a: Darkrai|spa|2\n|move|p1a: Gliscor|Fling|p2a: Darkrai\n|-resisted|p2a: Darkrai\n|-damage|p2a: Darkrai|82\/100\n|-status|p2a: Darkrai|tox\n|-enditem|p1a: Gliscor|Toxic Orb|[from] move: Fling\n|\n|-damage|p2a: Darkrai|76\/100 tox|[from] psn\n|upkeep\n|turn|14\n|\n|t:|1700070499\n|move|p2a: Darkrai|Nasty Plot|p2a: Darkrai\n|-boost|p2a: Darkrai|spa|2\n|move|p1a: Gliscor|Acrobatics|p2a: Darkrai\n|-damage|p2a: Darkrai|15\/100 tox\n|\n|-damage|p2a: Darkrai|3\/100 tox|[from] psn\n|upkeep\n|turn|15\n|\n|t:|1700070506\n|move|p1a: Gliscor|Protect|p1a: Gliscor\n|-singleturn|p1a: Gliscor|Protect\n|move|p2a: Darkrai|Ice Beam|p1a: Gliscor\n|-activate|p1a: Gliscor|move: Protect\n|\n|-damage|p2a: Darkrai|0 fnt|[from] psn\n|faint|p2a: Darkrai\n|\n|win|riggytherunky\n|upkeep\n|raw|riggytherunky's rating: 1100 &rarr; <strong>1123<\/strong><br \/>(+23 for winning)\n|raw|shinytanktank's rating: 1071 &rarr; <strong>1052<\/strong><br \/>(-19 for losing)\n","uploadtime":1700070308,"views":2,"p1id":"riggytherunky","p2id":"shinytanktank","formatid":"gen9anythinggoes","rating":1052,"private":0,"password":""}