{"id":"gen9anythinggoes-1983109356","p1":"qwer.jpg","p2":"thekingofbowling","format":"[Gen 9] Anything Goes","log":"|j|\u2606qwer.jpg\n|j|\u2606thekingofbowling\n|t:|1699088150\n|gametype|singles\n|player|p1|qwer.jpg|266|1444\n|player|p2|thekingofbowling|265|1557\n|teamsize|p1|6\n|teamsize|p2|6\n|gen|9\n|tier|[Gen 9] Anything Goes\n|rated|\n|rule|HP Percentage Mod: HP is shown in percentages\n|rule|Endless Battle Clause: Forcing endless battles is banned\n|clearpoke\n|poke|p1|Calyrex-Shadow|\n|poke|p1|Arceus|\n|poke|p1|Koraidon|\n|poke|p1|Dondozo, F|\n|poke|p1|Miraidon|\n|poke|p1|Zacian-*|\n|poke|p2|Eternatus|\n|poke|p2|Giratina-Origin|\n|poke|p2|Moltres|\n|poke|p2|Blissey, F|\n|poke|p2|Ting-Lu|\n|poke|p2|Muk-Alola, M|\n|teampreview\n|inactive|Battle timer is ON: inactive players will automatically lose when time's up. (requested by qwer.jpg)\n|\n|t:|1699088162\n|start\n|switch|p1a: Calyrex|Calyrex-Shadow|100\/100\n|switch|p2a: Eternatus|Eternatus|100\/100\n|-ability|p1a: Calyrex|As One\n|-ability|p1a: Calyrex|Unnerve\n|-ability|p2a: Eternatus|Pressure\n|turn|1\n|\n|t:|1699088183\n|switch|p2a: Muk|Muk-Alola, M|100\/100\n|move|p1a: Calyrex|Nasty Plot|p1a: Calyrex\n|-boost|p1a: Calyrex|spa|2\n|\n|upkeep\n|turn|2\n|\n|t:|1699088192\n|move|p1a: Calyrex|Astral Barrage|p2a: Muk\n|-resisted|p2a: Muk\n|-damage|p2a: Muk|47\/100\n|move|p2a: Muk|Knock Off|p1a: Calyrex\n|-supereffective|p1a: Calyrex\n|-enditem|p1a: Calyrex|Focus Sash\n|-damage|p1a: Calyrex|1\/100\n|\n|upkeep\n|turn|3\n|\n|t:|1699088203\n|move|p2a: Muk|Shadow Sneak|p1a: Calyrex\n|-supereffective|p1a: Calyrex\n|-damage|p1a: Calyrex|0 fnt\n|-enditem|p2a: Muk|Figy Berry|[eat]\n|-heal|p2a: Muk|80\/100|[from] item: Figy Berry\n|faint|p1a: Calyrex\n|\n|upkeep\n|\n|t:|1699088214\n|switch|p1a: Koraidon|Koraidon|100\/100\n|-weather|SunnyDay|[from] ability: Orichalcum Pulse|[of] p1a: Koraidon\n|-activate|p1a: Koraidon|Orichalcum Pulse|[source]\n|turn|4\n|\n|t:|1699088220\n|switch|p2a: Moltres|Moltres|100\/100\n|move|p1a: Koraidon|Swords Dance|p1a: Koraidon\n|-boost|p1a: Koraidon|atk|2\n|\n|-weather|SunnyDay|[upkeep]\n|upkeep\n|turn|5\n|\n|t:|1699088235\n|move|p1a: Koraidon|Flare Blitz|p2a: Moltres\n|-resisted|p2a: Moltres\n|-damage|p2a: Moltres|24\/100\n|-damage|p1a: Koraidon|72\/100|[from] Recoil\n|-damage|p1a: Koraidon|62\/100|[from] item: Life Orb\n|move|p2a: Moltres|Will-O-Wisp|p1a: Koraidon\n|-status|p1a: Koraidon|brn\n|\n|-weather|SunnyDay|[upkeep]\n|-damage|p1a: Koraidon|56\/100 brn|[from] brn\n|upkeep\n|turn|6\n|\n|t:|1699088249\n|move|p1a: Koraidon|Dragon Claw|p2a: Moltres\n|-damage|p2a: Moltres|0 fnt\n|faint|p2a: Moltres\n|-damage|p1a: Koraidon|46\/100 brn|[from] item: Life Orb\n|\n|-weather|SunnyDay|[upkeep]\n|-damage|p1a: Koraidon|40\/100 brn|[from] brn\n|upkeep\n|inactive|thekingofbowling has 120 seconds left.\n|\n|t:|1699088283\n|switch|p2a: Muk|Muk-Alola, M|80\/100\n|turn|7\n|inactive|qwer.jpg has 120 seconds left.\n|inactive|thekingofbowling has 120 seconds left.\n|\n|t:|1699088313\n|move|p2a: Muk|Shadow Sneak|p1a: Koraidon\n|-damage|p1a: Koraidon|31\/100 brn\n|move|p1a: Koraidon|Collision Course|p2a: Muk\n|-damage|p2a: Muk|0 fnt\n|faint|p2a: Muk\n|-damage|p1a: Koraidon|21\/100 brn|[from] item: Life Orb\n|\n|-weather|SunnyDay|[upkeep]\n|-damage|p1a: Koraidon|15\/100 brn|[from] brn\n|upkeep\n|inactive|thekingofbowling has 120 seconds left.\n|\n|t:|1699088331\n|switch|p2a: Eternatus|Eternatus|100\/100\n|-ability|p2a: Eternatus|Pressure\n|turn|8\n|\n|t:|1699088339\n|move|p1a: Koraidon|Dragon Claw|p2a: Eternatus\n|-supereffective|p2a: Eternatus\n|-damage|p2a: Eternatus|16\/100\n|-damage|p1a: Koraidon|5\/100 brn|[from] item: Life Orb\n|move|p2a: Eternatus|Recover|p2a: Eternatus\n|-heal|p2a: Eternatus|66\/100\n|\n|-weather|none\n|-heal|p2a: Eternatus|72\/100|[from] item: Black Sludge\n|-damage|p1a: Koraidon|0 fnt|[from] brn\n|faint|p1a: Koraidon\n|upkeep\n|\n|t:|1699088353\n|switch|p1a: Zacian|Zacian-Crowned|100\/100\n|-ability|p1a: Zacian|Intrepid Sword|boost\n|-boost|p1a: Zacian|atk|1\n|turn|9\n|\n|t:|1699088365\n|-terastallize|p1a: Zacian|Water\n|move|p1a: Zacian|Swords Dance|p1a: Zacian\n|-boost|p1a: Zacian|atk|2\n|move|p2a: Eternatus|Recover|p2a: Eternatus\n|-heal|p2a: Eternatus|100\/100\n|\n|upkeep\n|turn|10\n|\n|t:|1699088378\n|move|p1a: Zacian|Behemoth Blade|p2a: Eternatus\n|-damage|p2a: Eternatus|14\/100\n|move|p2a: Eternatus|Toxic|p1a: Zacian\n|-status|p1a: Zacian|tox\n|\n|-heal|p2a: Eternatus|20\/100|[from] item: Black Sludge\n|-damage|p1a: Zacian|95\/100 tox|[from] psn\n|upkeep\n|turn|11\n|\n|t:|1699088391\n|move|p1a: Zacian|Trailblaze|p2a: Eternatus\n|-resisted|p2a: Eternatus\n|-damage|p2a: Eternatus|14\/100\n|-boost|p1a: Zacian|spe|1\n|move|p2a: Eternatus|Recover|p2a: Eternatus\n|-heal|p2a: Eternatus|64\/100\n|\n|-heal|p2a: Eternatus|70\/100|[from] item: Black Sludge\n|-damage|p1a: Zacian|83\/100 tox|[from] psn\n|upkeep\n|turn|12\n|\n|t:|1699088405\n|move|p1a: Zacian|Behemoth Blade|p2a: Eternatus\n|-crit|p2a: Eternatus\n|-damage|p2a: Eternatus|0 fnt\n|faint|p2a: Eternatus\n|\n|-damage|p1a: Zacian|65\/100 tox|[from] psn\n|upkeep\n|\n|t:|1699088416\n|switch|p2a: Giratina|Giratina-Origin|100\/100\n|turn|13\n|inactive|thekingofbowling has 120 seconds left.\n|\n|t:|1699088445\n|move|p1a: Zacian|Play Rough|p2a: Giratina\n|-supereffective|p2a: Giratina\n|-damage|p2a: Giratina|0 fnt\n|faint|p2a: Giratina\n|\n|-damage|p1a: Zacian|41\/100 tox|[from] psn\n|upkeep\n|\n|t:|1699088452\n|switch|p2a: Ting-Lu|Ting-Lu|100\/100\n|-ability|p2a: Ting-Lu|Vessel of Ruin\n|turn|14\n|\n|t:|1699088459\n|-terastallize|p2a: Ting-Lu|Poison\n|move|p1a: Zacian|Behemoth Blade|p2a: Ting-Lu\n|-damage|p2a: Ting-Lu|8\/100\n|-enditem|p2a: Ting-Lu|Sitrus Berry|[eat]\n|-heal|p2a: Ting-Lu|33\/100|[from] item: Sitrus Berry\n|move|p2a: Ting-Lu|Earthquake|p1a: Zacian\n|-damage|p1a: Zacian|2\/100 tox\n|\n|-damage|p1a: Zacian|0 fnt|[from] psn\n|faint|p1a: Zacian\n|upkeep\n|\n|t:|1699088474\n|switch|p1a: Miraidon|Miraidon|100\/100\n|-fieldstart|move: Electric Terrain|[from] ability: Hadron Engine|[of] p1a: Miraidon\n|turn|15\n|\n|t:|1699088484\n|switch|p2a: Blissey|Blissey, F|100\/100\n|move|p1a: Miraidon|Draco Meteor|p2a: Blissey\n|-damage|p2a: Blissey|69\/100\n|-unboost|p1a: Miraidon|spa|2\n|\n|upkeep\n|turn|16\n|inactive|thekingofbowling has 120 seconds left.\n|\n|t:|1699088499\n|switch|p1a: Dondozo|Dondozo, F|100\/100\n|move|p2a: Blissey|Stealth Rock|p1a: Dondozo\n|-sidestart|p1: qwer.jpg|move: Stealth Rock\n|\n|upkeep\n|turn|17\n|\n|t:|1699088512\n|move|p2a: Blissey|Soft-Boiled|p2a: Blissey\n|-heal|p2a: Blissey|100\/100\n|move|p1a: Dondozo|Curse|p1a: Dondozo\n|-unboost|p1a: Dondozo|spe|1\n|-boost|p1a: Dondozo|atk|1\n|-boost|p1a: Dondozo|def|1\n|\n|upkeep\n|turn|18\n|\n|t:|1699088522\n|switch|p2a: Ting-Lu|Ting-Lu, tera:Poison|33\/100\n|-ability|p2a: Ting-Lu|Vessel of Ruin\n|move|p1a: Dondozo|Curse|p1a: Dondozo\n|-unboost|p1a: Dondozo|spe|1\n|-boost|p1a: Dondozo|atk|1\n|-boost|p1a: Dondozo|def|1\n|\n|upkeep\n|turn|19\n|\n|t:|1699088532\n|move|p1a: Dondozo|Aqua Tail|p2a: Ting-Lu|[miss]\n|-miss|p1a: Dondozo|p2a: Ting-Lu\n|move|p2a: Ting-Lu|Whirlwind|p1a: Dondozo\n|drag|p1a: Arceus|Arceus|100\/100\n|-damage|p1a: Arceus|88\/100|[from] Stealth Rock\n|\n|-heal|p1a: Arceus|94\/100|[from] item: Leftovers\n|-fieldend|move: Electric Terrain\n|upkeep\n|turn|20\n|\n|t:|1699088545\n|move|p1a: Arceus|Extreme Speed|p2a: Ting-Lu\n|-damage|p2a: Ting-Lu|6\/100\n|move|p2a: Ting-Lu|Ruination|p1a: Arceus\n|-damage|p1a: Arceus|47\/100\n|\n|-heal|p1a: Arceus|53\/100|[from] item: Leftovers\n|upkeep\n|turn|21\n|\n|t:|1699088555\n|move|p1a: Arceus|Extreme Speed|p2a: Ting-Lu\n|-damage|p2a: Ting-Lu|0 fnt\n|faint|p2a: Ting-Lu\n|\n|-heal|p1a: Arceus|60\/100|[from] item: Leftovers\n|upkeep\n|\n|t:|1699088559\n|switch|p2a: Blissey|Blissey, F|100\/100\n|turn|22\n|\n|t:|1699088565\n|move|p1a: Arceus|Extreme Speed|p2a: Blissey\n|-damage|p2a: Blissey|62\/100\n|move|p2a: Blissey|Seismic Toss|p1a: Arceus\n|-damage|p1a: Arceus|37\/100\n|\n|-heal|p1a: Arceus|43\/100|[from] item: Leftovers\n|upkeep\n|turn|23\n|j| GUESSWHOTPRADO\n|\n|t:|1699088577\n|move|p1a: Arceus|Swords Dance|p1a: Arceus\n|-boost|p1a: Arceus|atk|2\n|move|p2a: Blissey|Seismic Toss|p1a: Arceus\n|-damage|p1a: Arceus|21\/100\n|\n|-heal|p1a: Arceus|27\/100|[from] item: Leftovers\n|upkeep\n|turn|24\n|\n|t:|1699088587\n|move|p1a: Arceus|Extreme Speed|p2a: Blissey\n|-damage|p2a: Blissey|0 fnt\n|faint|p2a: Blissey\n|\n|win|qwer.jpg\n|raw|qwer.jpg's rating: 1444 &rarr; <strong>1470<\/strong><br \/>(+26 for winning)\n|raw|thekingofbowling's rating: 1557 &rarr; <strong>1531<\/strong><br \/>(-26 for losing)\n|l|\u2606thekingofbowling\n|l|\u2606qwer.jpg\n","uploadtime":1699088749,"views":8,"p1id":"qwerjpg","p2id":"thekingofbowling","formatid":"gen9anythinggoes","rating":1470,"private":0,"password":""}