{"id":"gen9anythinggoes-1980948971","p1":"Sralux","p2":"Theericox","format":"[Gen 9] Anything Goes","log":"|j|\u2606Sralux\n|j|\u2606Theericox\n|t:|1698851508\n|gametype|singles\n|player|p1|Sralux|170|\n|player|p2|Theericox|101|\n|teamsize|p1|6\n|teamsize|p2|6\n|gen|9\n|tier|[Gen 9] Anything Goes\n|rule|HP Percentage Mod: HP is shown in percentages\n|rule|Endless Battle Clause: Forcing endless battles is banned\n|clearpoke\n|poke|p1|Gastrodon, F|\n|poke|p1|Corviknight, F|\n|poke|p1|Sylveon, F|\n|poke|p1|Iron Valiant|\n|poke|p1|Gengar, F|\n|poke|p1|Drakloak, F|\n|poke|p2|Quaquaval, M|\n|poke|p2|Cryogonal|\n|poke|p2|Gholdengo|\n|poke|p2|Donphan, M|\n|poke|p2|Typhlosion, F|\n|poke|p2|Heatran, M|\n|teampreview\n|c|\u2606Sralux|glhf\n|\n|t:|1698851569\n|start\n|switch|p1a: Chaeyoung|Gengar, F, shiny|100\/100\n|switch|p2a: Gholdengo|Gholdengo|100\/100\n|turn|1\n|\n|t:|1698851616\n|switch|p1a: Dahyun|Sylveon, F, shiny|100\/100\n|move|p2a: Gholdengo|Shadow Ball|p1a: Dahyun\n|-damage|p1a: Dahyun|75\/100\n|\n|-heal|p1a: Dahyun|81\/100|[from] item: Leftovers\n|upkeep\n|turn|2\n|\n|t:|1698851655\n|switch|p1a: Momo|Gastrodon, F|100\/100\n|move|p2a: Gholdengo|Make It Rain|p1a: Momo\n|-resisted|p1a: Momo\n|-damage|p1a: Momo|84\/100\n|-unboost|p2a: Gholdengo|spa|1\n|\n|upkeep\n|turn|3\n|\n|t:|1698851704\n|move|p2a: Gholdengo|Shadow Ball|p1a: Momo\n|-crit|p1a: Momo\n|-damage|p1a: Momo|50\/100\n|-enditem|p1a: Momo|Sitrus Berry|[eat]\n|-heal|p1a: Momo|75\/100|[from] item: Sitrus Berry\n|move|p1a: Momo|Earth Power|p2a: Gholdengo\n|-supereffective|p2a: Gholdengo\n|-damage|p2a: Gholdengo|42\/100\n|\n|-heal|p2a: Gholdengo|48\/100|[from] item: Leftovers\n|upkeep\n|turn|4\n|\n|t:|1698851731\n|move|p2a: Gholdengo|Recover|p2a: Gholdengo\n|-heal|p2a: Gholdengo|98\/100\n|move|p1a: Momo|Recover|p1a: Momo\n|-heal|p1a: Momo|100\/100\n|\n|-heal|p2a: Gholdengo|100\/100|[from] item: Leftovers\n|upkeep\n|turn|5\n|\n|t:|1698851744\n|move|p2a: Gholdengo|Shadow Ball|p1a: Momo\n|-damage|p1a: Momo|85\/100\n|-unboost|p1a: Momo|spd|1\n|move|p1a: Momo|Earth Power|p2a: Gholdengo\n|-supereffective|p2a: Gholdengo\n|-damage|p2a: Gholdengo|47\/100\n|\n|-heal|p2a: Gholdengo|54\/100|[from] item: Leftovers\n|upkeep\n|turn|6\n|\n|t:|1698851755\n|move|p2a: Gholdengo|Recover|p2a: Gholdengo\n|-heal|p2a: Gholdengo|100\/100\n|move|p1a: Momo|Earth Power|p2a: Gholdengo\n|-supereffective|p2a: Gholdengo\n|-damage|p2a: Gholdengo|38\/100\n|\n|-heal|p2a: Gholdengo|45\/100|[from] item: Leftovers\n|upkeep\n|turn|7\n|\n|t:|1698851764\n|move|p2a: Gholdengo|Recover|p2a: Gholdengo\n|-heal|p2a: Gholdengo|95\/100\n|move|p1a: Momo|Earth Power|p2a: Gholdengo\n|-supereffective|p2a: Gholdengo\n|-damage|p2a: Gholdengo|35\/100\n|\n|-heal|p2a: Gholdengo|41\/100|[from] item: Leftovers\n|upkeep\n|turn|8\n|\n|t:|1698851771\n|move|p2a: Gholdengo|Recover|p2a: Gholdengo\n|-heal|p2a: Gholdengo|91\/100\n|move|p1a: Momo|Earth Power|p2a: Gholdengo\n|-supereffective|p2a: Gholdengo\n|-damage|p2a: Gholdengo|32\/100\n|\n|-heal|p2a: Gholdengo|38\/100|[from] item: Leftovers\n|upkeep\n|turn|9\n|\n|t:|1698851790\n|switch|p2a: Cryogonal|Cryogonal, shiny|100\/100\n|move|p1a: Momo|Earth Power|p2a: Cryogonal\n|-immune|p2a: Cryogonal|[from] ability: Levitate\n|\n|upkeep\n|turn|10\n|\n|t:|1698851820\n|switch|p1a: Dahyun|Sylveon, F, shiny|81\/100\n|move|p2a: Cryogonal|Freeze-Dry|p1a: Dahyun\n|-damage|p1a: Dahyun|56\/100\n|\n|-heal|p1a: Dahyun|62\/100|[from] item: Leftovers\n|upkeep\n|turn|11\n|\n|t:|1698851839\n|move|p2a: Cryogonal|Flash Cannon|p1a: Dahyun\n|-supereffective|p1a: Dahyun\n|-damage|p1a: Dahyun|30\/100\n|move|p1a: Dahyun|Wish|p1a: Dahyun\n|\n|-heal|p1a: Dahyun|36\/100|[from] item: Leftovers\n|upkeep\n|turn|12\n|\n|t:|1698851846\n|move|p1a: Dahyun|Protect|p1a: Dahyun\n|-singleturn|p1a: Dahyun|Protect\n|move|p2a: Cryogonal|Flash Cannon|p1a: Dahyun\n|-activate|p1a: Dahyun|move: Protect\n|\n|-heal|p1a: Dahyun|86\/100|[from] move: Wish|[wisher] Dahyun\n|-heal|p1a: Dahyun|92\/100|[from] item: Leftovers\n|upkeep\n|turn|13\n|\n|t:|1698851861\n|move|p2a: Cryogonal|Flash Cannon|p1a: Dahyun\n|-supereffective|p1a: Dahyun\n|-damage|p1a: Dahyun|62\/100\n|move|p1a: Dahyun|Wish|p1a: Dahyun\n|\n|-heal|p1a: Dahyun|68\/100|[from] item: Leftovers\n|upkeep\n|turn|14\n|\n|t:|1698851892\n|move|p2a: Cryogonal|Flash Cannon|p1a: Dahyun\n|-supereffective|p1a: Dahyun\n|-damage|p1a: Dahyun|38\/100\n|move|p1a: Dahyun|Hyper Voice|p2a: Cryogonal\n|-damage|p2a: Cryogonal|65\/100\n|\n|-heal|p1a: Dahyun|88\/100|[from] move: Wish|[wisher] Dahyun\n|-heal|p1a: Dahyun|94\/100|[from] item: Leftovers\n|upkeep\n|turn|15\n|\n|t:|1698851902\n|move|p2a: Cryogonal|Flash Cannon|p1a: Dahyun\n|-supereffective|p1a: Dahyun\n|-damage|p1a: Dahyun|63\/100\n|move|p1a: Dahyun|Wish|p1a: Dahyun\n|\n|-heal|p1a: Dahyun|69\/100|[from] item: Leftovers\n|upkeep\n|turn|16\n|\n|t:|1698851910\n|move|p2a: Cryogonal|Flash Cannon|p1a: Dahyun\n|-supereffective|p1a: Dahyun\n|-damage|p1a: Dahyun|39\/100\n|move|p1a: Dahyun|Hyper Voice|p2a: Cryogonal\n|-damage|p2a: Cryogonal|30\/100\n|\n|-heal|p1a: Dahyun|89\/100|[from] move: Wish|[wisher] Dahyun\n|-heal|p1a: Dahyun|95\/100|[from] item: Leftovers\n|upkeep\n|turn|17\n|\n|t:|1698851920\n|move|p2a: Cryogonal|Recover|p2a: Cryogonal\n|-heal|p2a: Cryogonal|81\/100\n|move|p1a: Dahyun|Wish|p1a: Dahyun\n|\n|-heal|p1a: Dahyun|100\/100|[from] item: Leftovers\n|upkeep\n|turn|18\n|\n|t:|1698851933\n|move|p2a: Cryogonal|Flash Cannon|p1a: Dahyun\n|-supereffective|p1a: Dahyun\n|-damage|p1a: Dahyun|67\/100\n|move|p1a: Dahyun|Hyper Voice|p2a: Cryogonal\n|-damage|p2a: Cryogonal|45\/100\n|\n|-heal|p1a: Dahyun|100\/100|[from] move: Wish|[wisher] Dahyun\n|upkeep\n|turn|19\n|\n|t:|1698851944\n|move|p2a: Cryogonal|Recover|p2a: Cryogonal\n|-heal|p2a: Cryogonal|95\/100\n|move|p1a: Dahyun|Hyper Voice|p2a: Cryogonal\n|-damage|p2a: Cryogonal|59\/100\n|\n|upkeep\n|turn|20\n|\n|t:|1698851949\n|move|p2a: Cryogonal|Flash Cannon|p1a: Dahyun\n|-supereffective|p1a: Dahyun\n|-damage|p1a: Dahyun|71\/100\n|-unboost|p1a: Dahyun|spd|1\n|move|p1a: Dahyun|Hyper Voice|p2a: Cryogonal\n|-damage|p2a: Cryogonal|24\/100\n|\n|-heal|p1a: Dahyun|77\/100|[from] item: Leftovers\n|upkeep\n|turn|21\n|\n|t:|1698852013\n|switch|p1a: Chaeyoung|Gengar, F, shiny|100\/100\n|move|p2a: Cryogonal|Recover|p2a: Cryogonal\n|-heal|p2a: Cryogonal|74\/100\n|\n|upkeep\n|turn|22\n|\n|t:|1698852058\n|switch|p2a: Quaquaval|Quaquaval, M|100\/100\n|move|p1a: Chaeyoung|Shadow Ball|p2a: Quaquaval\n|-damage|p2a: Quaquaval|12\/100\n|-enditem|p2a: Quaquaval|Aguav Berry|[eat]\n|-heal|p2a: Quaquaval|45\/100|[from] item: Aguav Berry\n|\n|upkeep\n|turn|23\n|\n|t:|1698852088\n|move|p1a: Chaeyoung|Shadow Ball|p2a: Quaquaval\n|-damage|p2a: Quaquaval|0 fnt\n|faint|p2a: Quaquaval\n|\n|upkeep\n|\n|t:|1698852097\n|switch|p2a: Gholdengo|Gholdengo|38\/100\n|turn|24\n|\n|t:|1698852113\n|move|p1a: Chaeyoung|Shadow Ball|p2a: Gholdengo\n|-supereffective|p2a: Gholdengo\n|-damage|p2a: Gholdengo|0 fnt\n|faint|p2a: Gholdengo\n|\n|upkeep\n|\n|t:|1698852152\n|switch|p2a: Donphan|Donphan, M, shiny|100\/100\n|turn|25\n|\n|t:|1698852185\n|switch|p1a: Lisa|Corviknight, F|100\/100\n|-ability|p1a: Lisa|Pressure\n|move|p2a: Donphan|Earthquake|p1a: Lisa\n|-immune|p1a: Lisa\n|\n|upkeep\n|turn|26\n|\n|t:|1698852221\n|switch|p2a: Heatran|Heatran, M, shiny|100\/100\n|move|p1a: Lisa|Drill Peck|p2a: Heatran\n|-resisted|p2a: Heatran\n|-crit|p2a: Heatran\n|-damage|p2a: Heatran|82\/100\n|\n|upkeep\n|turn|27\n|\n|t:|1698852257\n|switch|p1a: Momo|Gastrodon, F|85\/100\n|-terastallize|p2a: Heatran|Flying\n|move|p2a: Heatran|Magma Storm|p1a: Momo\n|-resisted|p1a: Momo\n|-damage|p1a: Momo|65\/100\n|-activate|p1a: Momo|move: Magma Storm|[of] p2a: Heatran\n|\n|-damage|p1a: Momo|53\/100|[from] move: Magma Storm|[partiallytrapped]\n|upkeep\n|turn|28\n|\n|t:|1698852277\n|move|p2a: Heatran|Solar Beam||[still]\n|-prepare|p2a: Heatran|Solar Beam\n|-enditem|p2a: Heatran|Power Herb\n|-anim|p2a: Heatran|Solar Beam|p1a: Momo\n|-supereffective|p1a: Momo\n|-damage|p1a: Momo|0 fnt\n|faint|p1a: Momo\n|\n|upkeep\n|\n|t:|1698852339\n|switch|p1a: Chaeyoung|Gengar, F, shiny|100\/100\n|turn|29\n|\n|t:|1698852352\n|move|p1a: Chaeyoung|Sludge Bomb|p2a: Heatran\n|-damage|p2a: Heatran|18\/100\n|move|p2a: Heatran|Magma Storm|p1a: Chaeyoung\n|-damage|p1a: Chaeyoung|3\/100\n|-activate|p1a: Chaeyoung|move: Magma Storm|[of] p2a: Heatran\n|\n|-damage|p1a: Chaeyoung|0 fnt|[from] move: Magma Storm|[partiallytrapped]\n|faint|p1a: Chaeyoung\n|upkeep\n|\n|t:|1698852386\n|switch|p1a: Sana|Iron Valiant, shiny|100\/100\n|-enditem|p1a: Sana|Booster Energy\n|-activate|p1a: Sana|ability: Quark Drive|[fromitem]\n|-start|p1a: Sana|quarkdriveatk\n|turn|30\n|\n|t:|1698852454\n|switch|p2a: Donphan|Donphan, M, shiny|100\/100\n|move|p1a: Sana|Ice Punch|p2a: Donphan\n|-supereffective|p2a: Donphan\n|-damage|p2a: Donphan|60\/100\n|\n|upkeep\n|turn|31\n|\n|t:|1698852503\n|move|p1a: Sana|Ice Punch|p2a: Donphan\n|-supereffective|p2a: Donphan\n|-crit|p2a: Donphan\n|-damage|p2a: Donphan|0 fnt\n|faint|p2a: Donphan\n|\n|upkeep\n|\n|t:|1698852520\n|switch|p2a: Cryogonal|Cryogonal, shiny|74\/100\n|turn|32\n|\n|t:|1698852549\n|move|p1a: Sana|Close Combat|p2a: Cryogonal\n|-supereffective|p2a: Cryogonal\n|-damage|p2a: Cryogonal|0 fnt\n|-unboost|p1a: Sana|def|1\n|-unboost|p1a: Sana|spd|1\n|faint|p2a: Cryogonal\n|\n|upkeep\n|\n|t:|1698852567\n|switch|p2a: Typhlosion|Typhlosion, F, shiny|100\/100\n|turn|33\n|\n|t:|1698852604\n|move|p1a: Sana|Close Combat|p2a: Typhlosion\n|-damage|p2a: Typhlosion|0 fnt\n|-unboost|p1a: Sana|def|1\n|-unboost|p1a: Sana|spd|1\n|faint|p2a: Typhlosion\n|\n|upkeep\n|\n|t:|1698852618\n|switch|p2a: Heatran|Heatran, M, shiny, tera:Flying|18\/100\n|turn|34\n|\n|t:|1698852625\n|move|p1a: Sana|Ice Punch|p2a: Heatran\n|-supereffective|p2a: Heatran\n|-damage|p2a: Heatran|0 fnt\n|faint|p2a: Heatran\n|\n|win|Sralux\n|l|\u2606Theericox\n","uploadtime":1698852634,"views":11,"p1id":"sralux","p2id":"theericox","formatid":"gen9anythinggoes","rating":0,"private":0,"password":""}