{"id":"gen9anythinggoes-1989544841","p1":"Petar420","p2":"ghostlyplanets","format":"[Gen 9] Anything Goes","log":"|j|\u2606Petar420\n|j|\u2606ghostlyplanets\n|t:|1699868897\n|gametype|singles\n|player|p1|Petar420|red-masters2|1761\n|player|p2|ghostlyplanets|zirco-unite|1661\n|teamsize|p1|6\n|teamsize|p2|6\n|gen|9\n|tier|[Gen 9] Anything Goes\n|rated|\n|rule|HP Percentage Mod: HP is shown in percentages\n|rule|Endless Battle Clause: Forcing endless battles is banned\n|clearpoke\n|poke|p1|Calyrex-Shadow|\n|poke|p1|Arceus|\n|poke|p1|Zacian-*|\n|poke|p1|Koraidon|\n|poke|p1|Leavanny, M|\n|poke|p1|Koraidon|\n|poke|p2|Koraidon|\n|poke|p2|Ribombee, M|\n|poke|p2|Ditto|\n|poke|p2|Arceus|\n|poke|p2|Zacian-*|\n|poke|p2|Calyrex-Shadow|\n|teampreview\n|c|\u2606ghostlyplanets|not this\n|inactive|Battle timer is ON: inactive players will automatically lose when time's up. (requested by Petar420)\n|c|\u2606Petar420|yes this\n|c|\u2606Petar420|leavanny superiorirty\n|c|\u2606Petar420|superiority*\n|\n|t:|1699868920\n|start\n|switch|p1a: Koraidon|Koraidon|100\/100\n|switch|p2a: An act of god|Arceus|100\/100\n|-weather|SunnyDay|[from] ability: Orichalcum Pulse|[of] p1a: Koraidon\n|-activate|p1a: Koraidon|Orichalcum Pulse|[source]\n|turn|1\n|\n|t:|1699868932\n|switch|p2a: call|Calyrex-Shadow|100\/100\n|-ability|p2a: call|As One\n|-ability|p2a: call|Unnerve\n|move|p1a: Koraidon|Swords Dance|p1a: Koraidon\n|-boost|p1a: Koraidon|atk|2\n|\n|-weather|SunnyDay|[upkeep]\n|upkeep\n|turn|2\n|\n|t:|1699868956\n|switch|p1a: Leavanny|Leavanny, M, shiny|100\/100\n|-terastallize|p2a: call|Fairy\n|move|p2a: call|Psychic|p1a: Leavanny\n|-damage|p1a: Leavanny|8\/100\n|-unboost|p1a: Leavanny|spd|1\n|\n|-weather|SunnyDay|[upkeep]\n|upkeep\n|turn|3\n|\n|t:|1699868963\n|move|p2a: call|Psychic|p1a: Leavanny\n|-damage|p1a: Leavanny|0 fnt\n|faint|p1a: Leavanny\n|-ability|p2a: call|Grim Neigh|boost\n|-boost|p2a: call|spa|1\n|\n|-weather|SunnyDay|[upkeep]\n|upkeep\n|c|\u2606ghostlyplanets|no webs for u\n|c|\u2606Petar420|oh yeah lol\n|c|\u2606Petar420|should have played around that\n|c|\u2606Petar420|oh well\n|inactive|Petar420 has 120 seconds left.\n|\n|t:|1699868990\n|switch|p1a: Calyrex|Calyrex-Shadow|100\/100\n|-ability|p1a: Calyrex|As One\n|-ability|p1a: Calyrex|Unnerve\n|turn|4\n|\n|t:|1699868997\n|switch|p2a: An act of god|Arceus|100\/100\n|move|p1a: Calyrex|Nasty Plot|p1a: Calyrex\n|-boost|p1a: Calyrex|spa|2\n|\n|-weather|SunnyDay|[upkeep]\n|upkeep\n|turn|5\n|\n|t:|1699869020\n|-terastallize|p1a: Calyrex|Grass\n|move|p1a: Calyrex|Giga Drain|p2a: An act of god\n|-damage|p2a: An act of god|38\/100\n|move|p2a: An act of god|Taunt|p1a: Calyrex\n|-start|p1a: Calyrex|move: Taunt\n|\n|-weather|none\n|upkeep\n|turn|6\n|j| GUESSWHOTPRADO\n|\n|t:|1699869037\n|switch|p1a: Koraidon|Koraidon|100\/100\n|-weather|SunnyDay|[from] ability: Orichalcum Pulse|[of] p1a: Koraidon\n|-activate|p1a: Koraidon|Orichalcum Pulse|[source]\n|move|p2a: An act of god|Extreme Speed|p1a: Koraidon\n|-damage|p1a: Koraidon|59\/100\n|\n|-weather|SunnyDay|[upkeep]\n|upkeep\n|turn|7\n|l| GUESSWHOTPRADO\n|inactive|ghostlyplanets has 120 seconds left.\n|\n|t:|1699869077\n|move|p2a: An act of god|Extreme Speed|p1a: Koraidon\n|-damage|p1a: Koraidon|18\/100\n|move|p1a: Koraidon|Scale Shot|p2a: An act of god\n|-damage|p2a: An act of god|23\/100\n|-crit|p2a: An act of god\n|-damage|p2a: An act of god|1\/100\n|-damage|p2a: An act of god|0 fnt\n|faint|p2a: An act of god\n|-hitcount|p2: An act of god|3\n|-unboost|p1a: Koraidon|def|1\n|-boost|p1a: Koraidon|spe|1\n|\n|-weather|SunnyDay|[upkeep]\n|upkeep\n|\n|t:|1699869082\n|switch|p2a: Punctuation Dot|Ditto|100\/100\n|-transform|p2a: Punctuation Dot|p1a: Koraidon|[from] ability: Imposter\n|-activate|p2a: Punctuation Dot|ability: Orichalcum Pulse\n|turn|8\n|inactive|ghostlyplanets has 120 seconds left.\n|\n|t:|1699869099\n|switch|p1a: Arceus|Arceus|100\/100\n|move|p2a: Punctuation Dot|Flare Blitz|p1a: Arceus\n|-damage|p1a: Arceus|41\/100\n|-damage|p2a: Punctuation Dot|73\/100|[from] Recoil\n|\n|-weather|SunnyDay|[upkeep]\n|-heal|p1a: Arceus|47\/100|[from] item: Leftovers\n|upkeep\n|turn|9\n|c|\u2606ghostlyplanets|thought you'd go zacian\n|c|\u2606Petar420|ik\n|\n|t:|1699869118\n|switch|p1a: Koraidon|Koraidon|100\/100\n|-activate|p1a: Koraidon|ability: Orichalcum Pulse\n|move|p2a: Punctuation Dot|Flare Blitz|p1a: Koraidon\n|-resisted|p1a: Koraidon\n|-damage|p1a: Koraidon|67\/100\n|-damage|p2a: Punctuation Dot|58\/100|[from] Recoil\n|\n|-weather|SunnyDay|[upkeep]\n|upkeep\n|turn|10\n|inactive|ghostlyplanets has 120 seconds left.\n|\n|t:|1699869160\n|switch|p2a: Sword in the doge|Zacian-Crowned|100\/100\n|-ability|p2a: Sword in the doge|Intrepid Sword|boost\n|-boost|p2a: Sword in the doge|atk|1\n|move|p1a: Koraidon|U-turn|p2a: Sword in the doge\n|-resisted|p2a: Sword in the doge\n|-damage|p2a: Sword in the doge|92\/100\n|inactive|Petar420 has 120 seconds left.\n|j| isthatJojos!?\n|\n|t:|1699869183\n|switch|p1a: Zacian|Zacian-Crowned|100\/100|[from] U-turn\n|-ability|p1a: Zacian|Intrepid Sword|boost\n|-boost|p1a: Zacian|atk|1\n|\n|-weather|none\n|upkeep\n|turn|11\n|\n|t:|1699869190\n|move|p2a: Sword in the doge|Behemoth Blade|p1a: Zacian\n|-damage|p1a: Zacian|32\/100\n|move|p1a: Zacian|Behemoth Blade|p2a: Sword in the doge\n|-damage|p2a: Sword in the doge|8\/100\n|\n|upkeep\n|turn|12\n|\n|t:|1699869198\n|switch|p1a: Koraidon|Koraidon|18\/100\n|-weather|SunnyDay|[from] ability: Orichalcum Pulse|[of] p1a: Koraidon\n|-activate|p1a: Koraidon|Orichalcum Pulse|[source]\n|move|p2a: Sword in the doge|Behemoth Blade|p1a: Koraidon\n|-damage|p1a: Koraidon|0 fnt\n|faint|p1a: Koraidon\n|\n|-weather|SunnyDay|[upkeep]\n|upkeep\n|c|\u2606ghostlyplanets|is that max attack\n|\n|t:|1699869201\n|switch|p1a: Arceus|Arceus|47\/100\n|turn|13\n|c|\u2606Petar420|jolly\n|\n|t:|1699869211\n|switch|p2a: call|Calyrex-Shadow, tera:Fairy|100\/100\n|-ability|p2a: call|As One\n|-ability|p2a: call|Unnerve\n|move|p1a: Arceus|Extreme Speed|p2a: call\n|-damage|p2a: call|57\/100\n|\n|-weather|SunnyDay|[upkeep]\n|-heal|p1a: Arceus|53\/100|[from] item: Leftovers\n|upkeep\n|turn|14\n|c|\u2606ghostlyplanets|ic\n|c| isthatJojos!?|???\n|c|\u2606ghostlyplanets|>forgets its tera\n|c| isthatJojos!?|oh\n|inactive|ghostlyplanets has 120 seconds left.\n|\n|t:|1699869227\n|move|p1a: Arceus|Extreme Speed|p2a: call\n|-damage|p2a: call|17\/100\n|move|p2a: call|Psychic|p1a: Arceus\n|-damage|p1a: Arceus|20\/100\n|\n|-weather|SunnyDay|[upkeep]\n|-heal|p1a: Arceus|26\/100|[from] item: Leftovers\n|upkeep\n|turn|15\n|\n|t:|1699869234\n|move|p1a: Arceus|Extreme Speed|p2a: call\n|-damage|p2a: call|0 fnt\n|faint|p2a: call\n|\n|-weather|SunnyDay|[upkeep]\n|-heal|p1a: Arceus|32\/100|[from] item: Leftovers\n|upkeep\n|\n|t:|1699869237\n|switch|p2a: Punctuation Dot|Ditto|58\/100\n|-transform|p2a: Punctuation Dot|p1a: Arceus|[from] ability: Imposter\n|turn|16\n|\n|t:|1699869250\n|move|p2a: Punctuation Dot|Extreme Speed|p1a: Arceus\n|-damage|p1a: Arceus|4\/100\n|move|p1a: Arceus|Extreme Speed|p2a: Punctuation Dot\n|-damage|p2a: Punctuation Dot|14\/100\n|\n|-weather|none\n|-heal|p1a: Arceus|10\/100|[from] item: Leftovers\n|upkeep\n|turn|17\n|\n|t:|1699869264\n|switch|p1a: Zacian|Zacian-Crowned|32\/100\n|move|p2a: Punctuation Dot|Extreme Speed|p1a: Zacian\n|-resisted|p1a: Zacian\n|-damage|p1a: Zacian|12\/100\n|\n|upkeep\n|turn|18\n|c| isthatJojos!?|why sticky + ditto\n|\n|t:|1699869278\n|move|p2a: Punctuation Dot|Extreme Speed|p1a: Zacian\n|-resisted|p1a: Zacian\n|-damage|p1a: Zacian|0 fnt\n|faint|p1a: Zacian\n|\n|upkeep\n|c|\u2606ghostlyplanets|hazard removers\n|\n|t:|1699869299\n|switch|p1a: Calyrex|Calyrex-Shadow, tera:Grass|100\/100\n|-ability|p1a: Calyrex|As One\n|-ability|p1a: Calyrex|Unnerve\n|turn|19\n|c| isthatJojos!?|:\/\n|\n|t:|1699869324\n|switch|p2a: Sword in the doge|Zacian-Crowned|8\/100\n|move|p1a: Calyrex|Giga Drain|p2a: Sword in the doge\n|-resisted|p2a: Sword in the doge\n|-damage|p2a: Sword in the doge|0 fnt\n|faint|p2a: Sword in the doge\n|-ability|p1a: Calyrex|Grim Neigh|boost\n|-boost|p1a: Calyrex|spa|1\n|\n|upkeep\n|\n|t:|1699869331\n|switch|p2a: Punctuation Dot|Ditto|14\/100\n|-transform|p2a: Punctuation Dot|p1a: Calyrex|[from] ability: Imposter\n|turn|20\n|\n|t:|1699869341\n|switch|p1a: Arceus|Arceus|10\/100\n|move|p2a: Punctuation Dot|Astral Barrage|p1a: Arceus\n|-immune|p1a: Arceus\n|\n|-heal|p1a: Arceus|16\/100|[from] item: Leftovers\n|upkeep\n|turn|21\n|c|\u2606ghostlyplanets|i keep thinking it won't switch\n|c|\u2606ghostlyplanets|then it switches\n|c|\u2606ghostlyplanets|,\n|inactive|ghostlyplanets has 120 seconds left.\n|\n|t:|1699869356\n|switch|p2a: Koder Coder|Koraidon|100\/100\n|-weather|SunnyDay|[from] ability: Orichalcum Pulse|[of] p2a: Koder Coder\n|-activate|p2a: Koder Coder|Orichalcum Pulse|[source]\n|move|p1a: Arceus|Swords Dance|p1a: Arceus\n|-boost|p1a: Arceus|atk|2\n|\n|-weather|SunnyDay|[upkeep]\n|-heal|p1a: Arceus|22\/100|[from] item: Leftovers\n|upkeep\n|turn|22\n|\n|t:|1699869362\n|move|p1a: Arceus|Extreme Speed|p2a: Koder Coder\n|-damage|p2a: Koder Coder|27\/100\n|move|p2a: Koder Coder|Scale Shot|p1a: Arceus\n|-damage|p1a: Arceus|9\/100\n|-damage|p1a: Arceus|0 fnt\n|faint|p1a: Arceus\n|-hitcount|p1: Arceus|2\n|-unboost|p2a: Koder Coder|def|1\n|-boost|p2a: Koder Coder|spe|1\n|\n|-weather|SunnyDay|[upkeep]\n|upkeep\n|c|\u2606ghostlyplanets|i know thats a scarfed koraidon\n|c|\u2606ghostlyplanets|whats that things speed\n|c|\u2606ghostlyplanets|600+\n|c|\u2606ghostlyplanets|?\n|c|\u2606Petar420|max\n|inactive|Petar420 has 120 seconds left.\n|\n|t:|1699869392\n|switch|p1a: Koraidon|Koraidon|67\/100\n|-activate|p1a: Koraidon|ability: Orichalcum Pulse\n|turn|23\n|c|\u2606ghostlyplanets|guess its 600+\n|c|\u2606Petar420|607\n|inactive|Petar420 has 120 seconds left.\n|c|\u2606ghostlyplanets|im 553\n|c|\u2606ghostlyplanets|ri\n|c|\u2606ghostlyplanets|tip\n|c|\u2606ghostlyplanets|rip\n|\n|t:|1699869427\n|move|p2a: Koder Coder|Scale Shot|p1a: Koraidon\n|-supereffective|p1a: Koraidon\n|-damage|p1a: Koraidon|37\/100\n|-supereffective|p1a: Koraidon\n|-damage|p1a: Koraidon|8\/100\n|-supereffective|p1a: Koraidon\n|-damage|p1a: Koraidon|0 fnt\n|faint|p1a: Koraidon\n|-hitcount|p1: Koraidon|3\n|-unboost|p2a: Koder Coder|def|1\n|-boost|p2a: Koder Coder|spe|1\n|\n|-weather|SunnyDay|[upkeep]\n|upkeep\n|c|\u2606Petar420|:p\n|\n|t:|1699869435\n|switch|p1a: Calyrex|Calyrex-Shadow, tera:Grass|100\/100\n|-ability|p1a: Calyrex|As One\n|-ability|p1a: Calyrex|Unnerve\n|turn|24\n|c|\u2606Petar420|gg\n|c|\u2606ghostlyplanets|wow\n|c|\u2606ghostlyplanets|how did i outsepeed\n|\n|t:|1699869459\n|move|p2a: Koder Coder|Flare Blitz|p1a: Calyrex\n|-supereffective|p1a: Calyrex\n|-damage|p1a: Calyrex|0 fnt\n|faint|p1a: Calyrex\n|-damage|p2a: Koder Coder|0 fnt|[from] Recoil\n|faint|p2a: Koder Coder\n|\n|win|ghostlyplanets\n|raw|Petar420's rating: 1761 &rarr; <strong>1735<\/strong><br \/>(-26 for losing)\n|raw|ghostlyplanets's rating: 1661 &rarr; <strong>1687<\/strong><br \/>(+26 for winning)\n|j| GUESSWHOTPRADO\n|c|\u2606Petar420|i was lying\n|c|\u2606ghostlyplanets|i\n|c|\u2606Petar420|hoping youd switch\n|c|\u2606ghostlyplanets|rude?\n|l| GUESSWHOTPRADO\n|c|\u2606ghostlyplanets|why would i switch lol\n|c|\u2606ghostlyplanets|i had ditto\n|l|\u2606ghostlyplanets\n|c|\u2606Petar420|didnt matter, i didnt have an out either way lol\n","uploadtime":1699869465,"views":24,"p1id":"petar420","p2id":"ghostlyplanets","formatid":"gen9anythinggoes","rating":1687,"private":0,"password":""}