{"id":"gen9anythinggoes-1973074977","p1":"WideIceCreamCone","p2":"TheNecroreaper","format":"[Gen 9] Anything Goes","log":"|j|\u2606WideIceCreamCone\n|j|\u2606TheNecroreaper\n|t:|1697924833\n|gametype|singles\n|player|p1|WideIceCreamCone|brycen|\n|player|p2|TheNecroreaper|102|\n|teamsize|p1|6\n|teamsize|p2|6\n|gen|9\n|tier|[Gen 9] Anything Goes\n|rule|HP Percentage Mod: HP is shown in percentages\n|rule|Endless Battle Clause: Forcing endless battles is banned\n|clearpoke\n|poke|p1|Great Tusk|\n|poke|p1|Samurott-Hisui, M|\n|poke|p1|Cresselia, F|\n|poke|p1|Heatran, M|\n|poke|p1|Lycanroc-Dusk, M|\n|poke|p1|Electrode-Hisui|\n|poke|p2|Polteageist-Antique|\n|poke|p2|Bellibolt, M|\n|poke|p2|Zapdos-Galar|\n|poke|p2|Iron Thorns|\n|poke|p2|Garganacl, M|\n|poke|p2|Roaring Moon|\n|teampreview\n|\n|t:|1697924840\n|start\n|switch|p1a: Heatran|Heatran, M|100\/100\n|switch|p2a: Iron Thorns|Iron Thorns|100\/100\n|-item|p1a: Heatran|Air Balloon\n|-enditem|p2a: Iron Thorns|Booster Energy\n|-activate|p2a: Iron Thorns|ability: Quark Drive|[fromitem]\n|-start|p2a: Iron Thorns|quarkdrivedef\n|turn|1\n|\n|t:|1697924864\n|-terastallize|p2a: Iron Thorns|Electric\n|move|p1a: Heatran|Taunt|p2a: Iron Thorns\n|-start|p2a: Iron Thorns|move: Taunt\n|cant|p2a: Iron Thorns|move: Taunt|Spikes\n|\n|upkeep\n|turn|2\n|\n|t:|1697924869\n|move|p1a: Heatran|Stealth Rock|p2a: Iron Thorns\n|-sidestart|p2: TheNecroreaper|move: Stealth Rock\n|move|p2a: Iron Thorns|Tera Blast|p1a: Heatran|[anim] Tera Blast Electric\n|-damage|p1a: Heatran|60\/100\n|-enditem|p1a: Heatran|Air Balloon\n|\n|upkeep\n|turn|3\n|\n|t:|1697924884\n|switch|p1a: Great Tusk|Great Tusk|100\/100\n|-enditem|p1a: Great Tusk|Booster Energy\n|-activate|p1a: Great Tusk|ability: Protosynthesis|[fromitem]\n|-start|p1a: Great Tusk|protosynthesisspe\n|move|p2a: Iron Thorns|Tera Blast|p1a: Great Tusk|[anim] Tera Blast Electric\n|-immune|p1a: Great Tusk\n|\n|-end|p2a: Iron Thorns|move: Taunt\n|upkeep\n|turn|4\n|\n|t:|1697924895\n|move|p1a: Great Tusk|Bulk Up|p1a: Great Tusk\n|-boost|p1a: Great Tusk|atk|1\n|-boost|p1a: Great Tusk|def|1\n|move|p2a: Iron Thorns|Stealth Rock|p1a: Great Tusk\n|-sidestart|p1: WideIceCreamCone|move: Stealth Rock\n|\n|upkeep\n|turn|5\n|\n|t:|1697924911\n|-end|p2a: Iron Thorns|Quark Drive|[silent]\n|switch|p2a: Polteageist|Polteageist-Antique|100\/100\n|-damage|p2a: Polteageist|88\/100|[from] Stealth Rock\n|move|p1a: Great Tusk|Rapid Spin|p2a: Polteageist\n|-immune|p2a: Polteageist\n|\n|upkeep\n|turn|6\n|\n|t:|1697924924\n|move|p1a: Great Tusk|Headlong Rush|p2a: Polteageist\n|-activate|p2a: Polteageist|item: Focus Band\n|-damage|p2a: Polteageist|1\/100\n|-unboost|p1a: Great Tusk|def|1\n|-unboost|p1a: Great Tusk|spd|1\n|-ability|p2a: Polteageist|Weak Armor|boost\n|-unboost|p2a: Polteageist|def|1\n|-boost|p2a: Polteageist|spe|2\n|move|p2a: Polteageist|Shadow Ball|p1a: Great Tusk\n|-damage|p1a: Great Tusk|12\/100\n|-unboost|p1a: Great Tusk|spd|1\n|\n|upkeep\n|turn|7\n|\n|t:|1697924937\n|move|p2a: Polteageist|Shadow Ball|p1a: Great Tusk\n|-damage|p1a: Great Tusk|0 fnt\n|faint|p1a: Great Tusk\n|-end|p1a: Great Tusk|Protosynthesis|[silent]\n|\n|upkeep\n|\n|t:|1697924970\n|switch|p1a: Lycanroc|Lycanroc-Dusk, M|100\/100\n|-damage|p1a: Lycanroc|88\/100|[from] Stealth Rock\n|turn|8\n|\n|t:|1697924996\n|move|p1a: Lycanroc|Accelerock|p2a: Polteageist\n|-damage|p2a: Polteageist|0 fnt\n|faint|p2a: Polteageist\n|-damage|p1a: Lycanroc|78\/100|[from] item: Life Orb\n|\n|upkeep\n|\n|t:|1697925006\n|switch|p2a: Zapdos|Zapdos-Galar|100\/100\n|-damage|p2a: Zapdos|88\/100|[from] Stealth Rock\n|turn|9\n|\n|t:|1697925041\n|switch|p1a: Cresselia|Cresselia, F, shiny|100\/100\n|-damage|p1a: Cresselia|88\/100|[from] Stealth Rock\n|move|p2a: Zapdos|Close Combat|p1a: Cresselia\n|-resisted|p1a: Cresselia\n|-damage|p1a: Cresselia|73\/100\n|-unboost|p2a: Zapdos|def|1\n|-unboost|p2a: Zapdos|spd|1\n|\n|-heal|p1a: Cresselia|79\/100|[from] item: Leftovers\n|upkeep\n|turn|10\n|\n|t:|1697925052\n|move|p2a: Zapdos|Close Combat|p1a: Cresselia\n|-resisted|p1a: Cresselia\n|-damage|p1a: Cresselia|62\/100\n|-unboost|p2a: Zapdos|def|1\n|-unboost|p2a: Zapdos|spd|1\n|move|p1a: Cresselia|Calm Mind|p1a: Cresselia\n|-boost|p1a: Cresselia|spa|1\n|-boost|p1a: Cresselia|spd|1\n|\n|-heal|p1a: Cresselia|68\/100|[from] item: Leftovers\n|upkeep\n|turn|11\n|\n|t:|1697925072\n|switch|p2a: Garganacl|Garganacl, M|100\/100\n|-damage|p2a: Garganacl|88\/100|[from] Stealth Rock\n|move|p1a: Cresselia|Calm Mind|p1a: Cresselia\n|-boost|p1a: Cresselia|spa|1\n|-boost|p1a: Cresselia|spd|1\n|\n|-heal|p1a: Cresselia|74\/100|[from] item: Leftovers\n|-heal|p2a: Garganacl|94\/100|[from] item: Leftovers\n|upkeep\n|turn|12\n|\n|t:|1697925104\n|move|p1a: Cresselia|Stored Power|p2a: Garganacl\n|-damage|p2a: Garganacl|50\/100\n|move|p2a: Garganacl|Salt Cure|p1a: Cresselia\n|-damage|p1a: Cresselia|67\/100\n|-start|p1a: Cresselia|Salt Cure\n|\n|-heal|p1a: Cresselia|73\/100|[from] item: Leftovers\n|-heal|p2a: Garganacl|57\/100|[from] item: Leftovers\n|-damage|p1a: Cresselia|60\/100|[from] Salt Cure\n|upkeep\n|turn|13\n|\n|t:|1697925118\n|move|p1a: Cresselia|Calm Mind|p1a: Cresselia\n|-boost|p1a: Cresselia|spa|1\n|-boost|p1a: Cresselia|spd|1\n|move|p2a: Garganacl|Body Press|p1a: Cresselia\n|-resisted|p1a: Cresselia\n|-damage|p1a: Cresselia|53\/100\n|\n|-heal|p1a: Cresselia|59\/100|[from] item: Leftovers\n|-heal|p2a: Garganacl|63\/100|[from] item: Leftovers\n|-damage|p1a: Cresselia|47\/100|[from] Salt Cure\n|upkeep\n|turn|14\n|\n|t:|1697925141\n|move|p1a: Cresselia|Moonlight|p1a: Cresselia\n|-heal|p1a: Cresselia|97\/100\n|move|p2a: Garganacl|Iron Defense|p2a: Garganacl\n|-boost|p2a: Garganacl|def|2\n|\n|-heal|p1a: Cresselia|100\/100|[from] item: Leftovers\n|-heal|p2a: Garganacl|69\/100|[from] item: Leftovers\n|-damage|p1a: Cresselia|88\/100|[from] Salt Cure\n|upkeep\n|turn|15\n|\n|t:|1697925155\n|move|p1a: Cresselia|Stored Power|p2a: Garganacl\n|-damage|p2a: Garganacl|0 fnt\n|faint|p2a: Garganacl\n|\n|-heal|p1a: Cresselia|94\/100|[from] item: Leftovers\n|-damage|p1a: Cresselia|82\/100|[from] Salt Cure\n|upkeep\n|\n|t:|1697925170\n|switch|p2a: Roaring Moon|Roaring Moon|100\/100\n|-damage|p2a: Roaring Moon|88\/100|[from] Stealth Rock\n|-enditem|p2a: Roaring Moon|Booster Energy\n|-activate|p2a: Roaring Moon|ability: Protosynthesis|[fromitem]\n|-start|p2a: Roaring Moon|protosynthesisatk\n|turn|16\n|\n|t:|1697925180\n|move|p2a: Roaring Moon|Knock Off|p1a: Cresselia\n|-supereffective|p1a: Cresselia\n|-damage|p1a: Cresselia|2\/100\n|-enditem|p1a: Cresselia|Leftovers|[from] move: Knock Off|[of] p2a: Roaring Moon\n|move|p1a: Cresselia|Moonblast|p2a: Roaring Moon\n|-supereffective|p2a: Roaring Moon\n|-damage|p2a: Roaring Moon|0 fnt\n|faint|p2a: Roaring Moon\n|-end|p2a: Roaring Moon|Protosynthesis|[silent]\n|\n|-damage|p1a: Cresselia|0 fnt|[from] Salt Cure\n|faint|p1a: Cresselia\n|upkeep\n|\n|t:|1697925206\n|switch|p2a: Zapdos|Zapdos-Galar|88\/100\n|switch|p1a: Electrode|Electrode-Hisui, shiny|100\/100\n|-damage|p2a: Zapdos|76\/100|[from] Stealth Rock\n|-damage|p1a: Electrode|88\/100|[from] Stealth Rock\n|turn|17\n|\n|t:|1697925301\n|switch|p1a: Heatran|Heatran, M|60\/100\n|-damage|p1a: Heatran|47\/100|[from] Stealth Rock\n|move|p2a: Zapdos|Close Combat|p1a: Heatran\n|-supereffective|p1a: Heatran\n|-damage|p1a: Heatran|0 fnt\n|-unboost|p2a: Zapdos|def|1\n|-unboost|p2a: Zapdos|spd|1\n|faint|p1a: Heatran\n|\n|upkeep\n|\n|t:|1697925336\n|switch|p1a: Electrode|Electrode-Hisui, shiny|88\/100\n|-damage|p1a: Electrode|76\/100|[from] Stealth Rock\n|turn|18\n|\n|t:|1697925370\n|-terastallize|p1a: Electrode|Fairy\n|move|p2a: Zapdos|Close Combat|p1a: Electrode\n|-resisted|p1a: Electrode\n|-damage|p1a: Electrode|24\/100\n|-unboost|p2a: Zapdos|def|1\n|-unboost|p2a: Zapdos|spd|1\n|move|p1a: Electrode|Tera Blast|p2a: Zapdos|[anim] Tera Blast Fairy\n|-supereffective|p2a: Zapdos\n|-damage|p2a: Zapdos|0 fnt\n|faint|p2a: Zapdos\n|\n|upkeep\n|\n|t:|1697925385\n|switch|p2a: Bellibolt|Bellibolt, M|100\/100\n|-damage|p2a: Bellibolt|88\/100|[from] Stealth Rock\n|turn|19\n|\n|t:|1697925404\n|move|p1a: Electrode|Tera Blast|p2a: Bellibolt|[anim] Tera Blast Fairy\n|-damage|p2a: Bellibolt|41\/100\n|move|p2a: Bellibolt|Toxic|p1a: Electrode\n|-status|p1a: Electrode|tox\n|\n|-heal|p2a: Bellibolt|47\/100|[from] item: Leftovers\n|-damage|p1a: Electrode|18\/100 tox|[from] psn\n|upkeep\n|turn|20\n|\n|t:|1697925411\n|move|p1a: Electrode|Tera Blast|p2a: Bellibolt|[anim] Tera Blast Fairy\n|-damage|p2a: Bellibolt|0 fnt\n|faint|p2a: Bellibolt\n|\n|-damage|p1a: Electrode|6\/100 tox|[from] psn\n|upkeep\n|\n|t:|1697925417\n|switch|p2a: Iron Thorns|Iron Thorns, tera:Electric|100\/100\n|-damage|p2a: Iron Thorns|88\/100|[from] Stealth Rock\n|turn|21\n|\n|t:|1697925421\n|move|p1a: Electrode|Tera Blast|p2a: Iron Thorns|[anim] Tera Blast Fairy\n|-damage|p2a: Iron Thorns|37\/100\n|move|p2a: Iron Thorns|Taunt|p1a: Electrode\n|-start|p1a: Electrode|move: Taunt\n|\n|-damage|p1a: Electrode|0 fnt|[from] psn\n|faint|p1a: Electrode\n|upkeep\n|\n|t:|1697925429\n|switch|p1a: Lycanroc|Lycanroc-Dusk, M|78\/100\n|-damage|p1a: Lycanroc|66\/100|[from] Stealth Rock\n|turn|22\n|\n|t:|1697925438\n|move|p1a: Lycanroc|Close Combat|p2a: Iron Thorns\n|-crit|p2a: Iron Thorns\n|-damage|p2a: Iron Thorns|0 fnt\n|-unboost|p1a: Lycanroc|def|1\n|-unboost|p1a: Lycanroc|spd|1\n|faint|p2a: Iron Thorns\n|-end|p2a: Iron Thorns|Quark Drive|[silent]\n|-damage|p1a: Lycanroc|56\/100|[from] item: Life Orb\n|\n|win|WideIceCreamCone\n|c|\u2606WideIceCreamCone|gg\n","uploadtime":1697925452,"views":19,"p1id":"wideicecreamcone","p2id":"thenecroreaper","formatid":"gen9anythinggoes","rating":0,"private":0,"password":""}