{"id":"gen9anythinggoes-1985449267","p1":"Almighty_Gnome","p2":"Misty_Cactus","format":"[Gen 9] Anything Goes","log":"|j|\u2606Almighty_Gnome\n|j|\u2606Misty_Cactus\n|t:|1699375610\n|gametype|singles\n|player|p1|Almighty_Gnome|swimmer-gen4dp|1048\n|player|p2|Misty_Cactus|alec-anime|1056\n|teamsize|p1|6\n|teamsize|p2|6\n|gen|9\n|tier|[Gen 9] Anything Goes\n|rated|\n|rule|HP Percentage Mod: HP is shown in percentages\n|rule|Endless Battle Clause: Forcing endless battles is banned\n|clearpoke\n|poke|p1|Ludicolo, M|\n|poke|p1|Ludicolo, F|\n|poke|p1|Ludicolo, F|\n|poke|p1|Ludicolo, F|\n|poke|p1|Ludicolo, M|\n|poke|p1|Ludicolo, M|\n|poke|p2|Ting-Lu|\n|poke|p2|Clodsire, F|\n|poke|p2|Kingambit, F|\n|poke|p2|Meowscarada, M|\n|poke|p2|Oricorio-Pom-Pom, M|\n|poke|p2|Spidops, M|\n|teampreview\n|inactive|Battle timer is ON: inactive players will automatically lose when time's up. (requested by Misty_Cactus)\n|inactive|Misty_Cactus has 120 seconds left.\n|c|\u2606Misty_Cactus|i assume u like ludicolo?\n|\n|t:|1699375645\n|start\n|switch|p1a: Ludicolo|Ludicolo, M|100\/100\n|switch|p2a: Jerry|Spidops, M, shiny|100\/100\n|turn|1\n|c|\u2606Almighty_Gnome|the Miror B strat is simply unmatched\n|\n|t:|1699375662\n|move|p1a: Ludicolo|Rain Dance|p1a: Ludicolo\n|-weather|RainDance\n|move|p2a: Jerry|Sticky Web|p1a: Ludicolo\n|-sidestart|p1: Almighty_Gnome|move: Sticky Web\n|\n|-weather|RainDance|[upkeep]\n|upkeep\n|turn|2\n|\n|t:|1699375687\n|move|p1a: Ludicolo|Hydro Pump|p2a: Jerry\n|-damage|p2a: Jerry|13\/100\n|move|p2a: Jerry|Sticky Web||[still]\n|-fail|p2a: Jerry\n|\n|-weather|RainDance|[upkeep]\n|upkeep\n|turn|3\n|\n|t:|1699375707\n|move|p1a: Ludicolo|Hydro Pump|p2a: Jerry\n|-damage|p2a: Jerry|0 fnt\n|faint|p2a: Jerry\n|\n|-weather|RainDance|[upkeep]\n|upkeep\n|inactive|Misty_Cactus has 120 seconds left.\n|\n|t:|1699375729\n|switch|p2a: Storm coming|Oricorio-Pom-Pom, M, shiny|100\/100\n|turn|4\n|inactive|Misty_Cactus has 120 seconds left.\n|\n|t:|1699375740\n|move|p1a: Ludicolo|Giga Drain|p2a: Storm coming\n|-resisted|p2a: Storm coming\n|-damage|p2a: Storm coming|76\/100\n|move|p2a: Storm coming|Air Slash|p1a: Ludicolo\n|-supereffective|p1a: Ludicolo\n|-damage|p1a: Ludicolo|43\/100\n|\n|-weather|RainDance|[upkeep]\n|-heal|p1a: Ludicolo|49\/100|[from] item: Leftovers\n|upkeep\n|turn|5\n|inactive|Misty_Cactus has 120 seconds left.\n|\n|t:|1699375760\n|move|p1a: Ludicolo|Hydro Pump|p2a: Storm coming\n|-damage|p2a: Storm coming|0 fnt\n|faint|p2a: Storm coming\n|\n|-weather|none\n|-heal|p1a: Ludicolo|55\/100|[from] item: Leftovers\n|upkeep\n|\n|t:|1699375768\n|switch|p2a: Aphrodite|Meowscarada, M, shiny|100\/100\n|turn|6\n|\n|t:|1699375773\n|move|p2a: Aphrodite|U-turn|p1a: Ludicolo\n|-start|p2a: Aphrodite|typechange|Bug|[from] ability: Protean\n|-supereffective|p1a: Ludicolo\n|-damage|p1a: Ludicolo|0 fnt\n|faint|p1a: Ludicolo\n|inactive|Misty_Cactus has 120 seconds left.\n|\n|t:|1699375781\n|switch|p2a: Pray today|Ting-Lu|100\/100|[from] U-turn\n|-ability|p2a: Pray today|Vessel of Ruin\n|\n|upkeep\n|\n|t:|1699375788\n|switch|p1a: Ludicolo|Ludicolo, F|100\/100\n|-activate|p1a: Ludicolo|move: Sticky Web\n|-unboost|p1a: Ludicolo|spe|1\n|turn|7\n|\n|t:|1699375794\n|-terastallize|p2a: Pray today|Ghost\n|move|p2a: Pray today|Stealth Rock|p1a: Ludicolo\n|-sidestart|p1: Almighty_Gnome|move: Stealth Rock\n|move|p1a: Ludicolo|Counter||[still]\n|-fail|p1a: Ludicolo\n|\n|upkeep\n|turn|8\n|\n|t:|1699375800\n|move|p2a: Pray today|Fissure|p1a: Ludicolo|[miss]\n|-miss|p2a: Pray today|p1a: Ludicolo\n|move|p1a: Ludicolo|Rain Dance|p1a: Ludicolo\n|-weather|RainDance\n|\n|-weather|RainDance|[upkeep]\n|upkeep\n|turn|9\n|\n|t:|1699375806\n|move|p1a: Ludicolo|Hydro Pump|p2a: Pray today\n|-damage|p2a: Pray today|57\/100\n|move|p2a: Pray today|Stomping Tantrum|p1a: Ludicolo\n|-resisted|p1a: Ludicolo\n|-damage|p1a: Ludicolo|59\/100\n|\n|-weather|RainDance|[upkeep]\n|-heal|p2a: Pray today|63\/100|[from] item: Leftovers\n|upkeep\n|turn|10\n|\n|t:|1699375814\n|move|p1a: Ludicolo|Hydro Pump|p2a: Pray today|[miss]\n|-miss|p1a: Ludicolo|p2a: Pray today\n|move|p2a: Pray today|Fissure|p1a: Ludicolo|[miss]\n|-miss|p2a: Pray today|p1a: Ludicolo\n|\n|-weather|RainDance|[upkeep]\n|-heal|p2a: Pray today|69\/100|[from] item: Leftovers\n|upkeep\n|turn|11\n|\n|t:|1699375826\n|move|p1a: Ludicolo|Hydro Pump|p2a: Pray today\n|-damage|p2a: Pray today|22\/100\n|move|p2a: Pray today|Fissure|p1a: Ludicolo|[miss]\n|-miss|p2a: Pray today|p1a: Ludicolo\n|\n|-weather|RainDance|[upkeep]\n|-heal|p2a: Pray today|28\/100|[from] item: Leftovers\n|upkeep\n|turn|12\n|c|\u2606Almighty_Gnome|30% accuracy is rough\n|\n|t:|1699375835\n|move|p2a: Pray today|Protect|p2a: Pray today\n|-singleturn|p2a: Pray today|Protect\n|move|p1a: Ludicolo|Hydro Pump|p2a: Pray today\n|-activate|p2a: Pray today|move: Protect\n|\n|-weather|none\n|-heal|p2a: Pray today|35\/100|[from] item: Leftovers\n|upkeep\n|turn|13\n|c|\u2606Misty_Cactus|fr lol\n|\n|t:|1699375843\n|move|p2a: Pray today|Fissure|p1a: Ludicolo|[miss]\n|-miss|p2a: Pray today|p1a: Ludicolo\n|move|p1a: Ludicolo|Hydro Pump|p2a: Pray today|[miss]\n|-miss|p1a: Ludicolo|p2a: Pray today\n|\n|-heal|p2a: Pray today|41\/100|[from] item: Leftovers\n|upkeep\n|turn|14\n|\n|t:|1699375851\n|move|p2a: Pray today|Fissure|p1a: Ludicolo|[miss]\n|-miss|p2a: Pray today|p1a: Ludicolo\n|move|p1a: Ludicolo|Hydro Pump|p2a: Pray today\n|-damage|p2a: Pray today|13\/100\n|\n|-heal|p2a: Pray today|19\/100|[from] item: Leftovers\n|upkeep\n|turn|15\n|\n|t:|1699375858\n|move|p2a: Pray today|Fissure|p1a: Ludicolo|[miss]\n|-miss|p2a: Pray today|p1a: Ludicolo\n|move|p1a: Ludicolo|Giga Drain|p2a: Pray today\n|-damage|p2a: Pray today|0 fnt\n|-heal|p1a: Ludicolo|75\/100|[from] drain|[of] p2a: Pray today\n|faint|p2a: Pray today\n|\n|upkeep\n|c|\u2606Misty_Cactus|welp\n|c|\u2606Almighty_Gnome|f\n|\n|t:|1699375870\n|switch|p2a: Whopper|Clodsire, F, shiny|100\/100\n|turn|16\n|\n|t:|1699375873\n|move|p1a: Ludicolo|Giga Drain|p2a: Whopper\n|-damage|p2a: Whopper|74\/100\n|-heal|p1a: Ludicolo|94\/100|[from] drain|[of] p2a: Whopper\n|move|p2a: Whopper|Curse|p2a: Whopper\n|-unboost|p2a: Whopper|spe|1\n|-boost|p2a: Whopper|atk|1\n|-boost|p2a: Whopper|def|1\n|\n|-heal|p2a: Whopper|81\/100|[from] item: Leftovers\n|upkeep\n|turn|17\n|\n|t:|1699375883\n|move|p1a: Ludicolo|Giga Drain|p2a: Whopper\n|-damage|p2a: Whopper|57\/100\n|-heal|p1a: Ludicolo|100\/100|[from] drain|[of] p2a: Whopper\n|move|p2a: Whopper|Curse|p2a: Whopper\n|-unboost|p2a: Whopper|spe|1\n|-boost|p2a: Whopper|atk|1\n|-boost|p2a: Whopper|def|1\n|\n|-heal|p2a: Whopper|64\/100|[from] item: Leftovers\n|upkeep\n|turn|18\n|\n|t:|1699375892\n|move|p1a: Ludicolo|Rain Dance|p1a: Ludicolo\n|-weather|RainDance\n|move|p2a: Whopper|Recover|p2a: Whopper\n|-heal|p2a: Whopper|100\/100\n|\n|-weather|RainDance|[upkeep]\n|upkeep\n|turn|19\n|\n|t:|1699375897\n|move|p1a: Ludicolo|Giga Drain|p2a: Whopper\n|-damage|p2a: Whopper|75\/100\n|move|p2a: Whopper|Curse|p2a: Whopper\n|-unboost|p2a: Whopper|spe|1\n|-boost|p2a: Whopper|atk|1\n|-boost|p2a: Whopper|def|1\n|\n|-weather|RainDance|[upkeep]\n|-heal|p2a: Whopper|81\/100|[from] item: Leftovers\n|upkeep\n|turn|20\n|c|\u2606Misty_Cactus|grass\/water is not an easy type for my team to counter lol\n|\n|t:|1699375920\n|move|p1a: Ludicolo|Giga Drain|p2a: Whopper\n|-damage|p2a: Whopper|59\/100\n|move|p2a: Whopper|Curse|p2a: Whopper\n|-unboost|p2a: Whopper|spe|1\n|-boost|p2a: Whopper|atk|1\n|-boost|p2a: Whopper|def|1\n|\n|-weather|RainDance|[upkeep]\n|-heal|p2a: Whopper|65\/100|[from] item: Leftovers\n|upkeep\n|turn|21\n|\n|t:|1699375929\n|move|p1a: Ludicolo|Giga Drain|p2a: Whopper\n|-damage|p2a: Whopper|42\/100\n|move|p2a: Whopper|Curse|p2a: Whopper\n|-unboost|p2a: Whopper|spe|1\n|-boost|p2a: Whopper|atk|1\n|-boost|p2a: Whopper|def|1\n|\n|-weather|RainDance|[upkeep]\n|-heal|p2a: Whopper|48\/100|[from] item: Leftovers\n|upkeep\n|turn|22\n|\n|t:|1699375938\n|move|p1a: Ludicolo|Giga Drain|p2a: Whopper\n|-damage|p2a: Whopper|22\/100\n|move|p2a: Whopper|Recover|p2a: Whopper\n|-heal|p2a: Whopper|72\/100\n|\n|-weather|none\n|-heal|p2a: Whopper|78\/100|[from] item: Leftovers\n|upkeep\n|turn|23\n|\n|t:|1699375945\n|move|p1a: Ludicolo|Giga Drain|p2a: Whopper\n|-damage|p2a: Whopper|53\/100\n|move|p2a: Whopper|Curse|p2a: Whopper\n|-unboost|p2a: Whopper|spe|1\n|-boost|p2a: Whopper|atk|1\n|-boost|p2a: Whopper|def|1\n|\n|-heal|p2a: Whopper|59\/100|[from] item: Leftovers\n|upkeep\n|turn|24\n|\n|t:|1699375953\n|move|p1a: Ludicolo|Giga Drain|p2a: Whopper\n|-damage|p2a: Whopper|33\/100\n|move|p2a: Whopper|Recover|p2a: Whopper\n|-heal|p2a: Whopper|83\/100\n|\n|-heal|p2a: Whopper|90\/100|[from] item: Leftovers\n|upkeep\n|turn|25\n|\n|t:|1699375962\n|move|p2a: Whopper|Earthquake|p1a: Ludicolo\n|-resisted|p1a: Ludicolo\n|-enditem|p1a: Ludicolo|Focus Sash\n|-damage|p1a: Ludicolo|1\/100\n|move|p1a: Ludicolo|Counter|p2a: Whopper\n|-damage|p2a: Whopper|0 fnt\n|faint|p2a: Whopper\n|\n|upkeep\n|c|\u2606Misty_Cactus|well...\n|\n|t:|1699375979\n|switch|p2a: Aphrodite|Meowscarada, M, shiny|100\/100\n|turn|26\n|c|\u2606Misty_Cactus|thats unfortunate\n|c|\u2606Almighty_Gnome|if you'd have gone for the +6 id have been done for lol\n|\n|t:|1699376000\n|move|p2a: Aphrodite|Night Slash|p1a: Ludicolo\n|-start|p2a: Aphrodite|typechange|Dark|[from] ability: Protean\n|-damage|p1a: Ludicolo|0 fnt\n|faint|p1a: Ludicolo\n|\n|upkeep\n|\n|t:|1699376008\n|switch|p1a: Ludicolo|Ludicolo, M|100\/100\n|-activate|p1a: Ludicolo|move: Sticky Web\n|-unboost|p1a: Ludicolo|spe|1\n|-damage|p1a: Ludicolo|88\/100|[from] Stealth Rock\n|turn|27\n|c|\u2606Misty_Cactus|ludicolo is too powerful ig\n|\n|t:|1699376018\n|move|p2a: Aphrodite|Night Slash|p1a: Ludicolo\n|-damage|p1a: Ludicolo|18\/100\n|move|p1a: Ludicolo|Focus Blast|p2a: Aphrodite|[miss]\n|-miss|p1a: Ludicolo|p2a: Aphrodite\n|\n|-heal|p1a: Ludicolo|24\/100|[from] item: Leftovers\n|upkeep\n|turn|28\n|c|\u2606Almighty_Gnome|ludicolo is simply the best pokemon\n|\n|t:|1699376037\n|move|p2a: Aphrodite|Night Slash|p1a: Ludicolo\n|-damage|p1a: Ludicolo|0 fnt\n|faint|p1a: Ludicolo\n|\n|upkeep\n|\n|t:|1699376044\n|switch|p1a: Ludicolo|Ludicolo, F|100\/100\n|-activate|p1a: Ludicolo|move: Sticky Web\n|-unboost|p1a: Ludicolo|spe|1\n|-damage|p1a: Ludicolo|88\/100|[from] Stealth Rock\n|turn|29\n|c|\u2606Misty_Cactus|i myself am a ludicolo fan\n|\n|t:|1699376051\n|move|p2a: Aphrodite|Night Slash|p1a: Ludicolo\n|-damage|p1a: Ludicolo|8\/100\n|move|p1a: Ludicolo|Brick Break|p2a: Aphrodite\n|-supereffective|p2a: Aphrodite\n|-damage|p2a: Aphrodite|43\/100\n|\n|-heal|p1a: Ludicolo|14\/100|[from] item: Leftovers\n|upkeep\n|turn|30\n|c|\u2606Almighty_Gnome|very good\n|\n|t:|1699376066\n|move|p2a: Aphrodite|Night Slash|p1a: Ludicolo\n|-damage|p1a: Ludicolo|0 fnt\n|faint|p1a: Ludicolo\n|\n|upkeep\n|\n|t:|1699376078\n|switch|p1a: Ludicolo|Ludicolo, M|100\/100\n|-activate|p1a: Ludicolo|move: Sticky Web\n|-unboost|p1a: Ludicolo|spe|1\n|-damage|p1a: Ludicolo|88\/100|[from] Stealth Rock\n|turn|31\n|\n|t:|1699376085\n|move|p2a: Aphrodite|Night Slash|p1a: Ludicolo\n|-crit|p1a: Ludicolo\n|-damage|p1a: Ludicolo|5\/100\n|move|p1a: Ludicolo|Substitute|p1a: Ludicolo\n|-fail|p1a: Ludicolo|move: Substitute|[weak]\n|\n|-heal|p1a: Ludicolo|11\/100|[from] item: Leftovers\n|upkeep\n|turn|32\n|c|\u2606Almighty_Gnome|OUCH\n|\n|t:|1699376095\n|move|p1a: Ludicolo|Protect|p1a: Ludicolo\n|-singleturn|p1a: Ludicolo|Protect\n|move|p2a: Aphrodite|Night Slash|p1a: Ludicolo\n|-activate|p1a: Ludicolo|move: Protect\n|\n|-heal|p1a: Ludicolo|17\/100|[from] item: Leftovers\n|upkeep\n|turn|33\n|c|\u2606Misty_Cactus|does each ludicolo have a different purpose?\n|\n|t:|1699376107\n|move|p1a: Ludicolo|Protect|p1a: Ludicolo\n|-singleturn|p1a: Ludicolo|Protect\n|move|p2a: Aphrodite|Night Slash|p1a: Ludicolo\n|-activate|p1a: Ludicolo|move: Protect\n|\n|-heal|p1a: Ludicolo|23\/100|[from] item: Leftovers\n|upkeep\n|turn|34\n|\n|t:|1699376115\n|move|p2a: Aphrodite|Night Slash|p1a: Ludicolo\n|-damage|p1a: Ludicolo|0 fnt\n|faint|p1a: Ludicolo\n|\n|upkeep\n|c|\u2606Almighty_Gnome|they're mostly similar but a couple have different purposes ye\n|c|\u2606Almighty_Gnome|that one was a stall\n|inactive|Almighty_Gnome has 120 seconds left.\n|\n|t:|1699376141\n|switch|p1a: Ludicolo|Ludicolo, F|100\/100\n|-activate|p1a: Ludicolo|move: Sticky Web\n|-unboost|p1a: Ludicolo|spe|1\n|-damage|p1a: Ludicolo|88\/100|[from] Stealth Rock\n|turn|35\n|inactive|Almighty_Gnome has 120 seconds left.\n|c|\u2606Misty_Cactus|stalls are quite annoying ngl\n|c|\u2606Misty_Cactus|that mught be the purpose tho\n|c|\u2606Almighty_Gnome|this one is the coverage colo\n|c|\u2606Misty_Cactus|that sounds scary\n|inactive|Almighty_Gnome has 90 seconds left.\n|c|\u2606Almighty_Gnome|yeah stalls arent my favorite way to play but rain dish+leftovers+seed is funny\n|\n|t:|1699376193\n|move|p2a: Aphrodite|Night Slash|p1a: Ludicolo\n|-damage|p1a: Ludicolo|3\/100\n|move|p1a: Ludicolo|Giga Drain|p2a: Aphrodite\n|-damage|p2a: Aphrodite|4\/100\n|-heal|p1a: Ludicolo|22\/100|[from] drain|[of] p2a: Aphrodite\n|\n|upkeep\n|turn|36\n|c|\u2606Misty_Cactus|true\n|\n|t:|1699376202\n|move|p2a: Aphrodite|Night Slash|p1a: Ludicolo\n|-damage|p1a: Ludicolo|0 fnt\n|faint|p1a: Ludicolo\n|\n|win|Misty_Cactus\n|raw|Almighty_Gnome's rating: 1048 &rarr; <strong>1031<\/strong><br \/>(-17 for losing)\n|raw|Misty_Cactus's rating: 1056 &rarr; <strong>1087<\/strong><br \/>(+31 for winning)\n|c|\u2606Almighty_Gnome|gg friend\n|c|\u2606Misty_Cactus|well gg lol\n","uploadtime":1699376220,"views":8,"p1id":"almightygnome","p2id":"mistycactus","formatid":"gen9anythinggoes","rating":1031,"private":0,"password":""}