{"id":"gen9anythinggoes-1987434915","p1":"unionleonion","p2":"Kayleb1718","format":"[Gen 9] Anything Goes","log":"|j|\u2606unionleonion\n|j|\u2606Kayleb1718\n|t:|1699591078\n|gametype|singles\n|player|p1|unionleonion|170|1328\n|player|p2|Kayleb1718|lucas-gen4pt|1411\n|teamsize|p1|6\n|teamsize|p2|6\n|gen|9\n|tier|[Gen 9] Anything Goes\n|rated|\n|rule|HP Percentage Mod: HP is shown in percentages\n|rule|Endless Battle Clause: Forcing endless battles is banned\n|clearpoke\n|poke|p1|Garganacl, M|\n|poke|p1|Toxapex, M|\n|poke|p1|Tropius, F|\n|poke|p1|Gliscor, F|\n|poke|p1|Amoonguss, F|\n|poke|p1|Cyclizar, F|\n|poke|p2|Zacian-*|\n|poke|p2|Calyrex-Shadow|\n|poke|p2|Urshifu-*, F|\n|poke|p2|Kingambit, F|\n|poke|p2|Miraidon|\n|poke|p2|Arceus-Fire|\n|teampreview\n|inactive|Battle timer is ON: inactive players will automatically lose when time's up. (requested by Kayleb1718)\n|\n|t:|1699591095\n|start\n|switch|p1a: Cyclizar|Cyclizar, F|100\/100\n|switch|p2a: Arceus|Arceus-Fire|100\/100\n|turn|1\n|\n|t:|1699591101\n|move|p1a: Cyclizar|Shed Tail|p1a: Cyclizar\n|-start|p1a: Cyclizar|Substitute|[from] move: Shed Tail\n|-damage|p1a: Cyclizar|50\/100\n|\n|t:|1699591106\n|switch|p1a: Toxapex|Toxapex, M|100\/100|[from] Shed Tail\n|move|p2a: Arceus|Stealth Rock|p1a: Toxapex\n|-sidestart|p1: unionleonion|move: Stealth Rock\n|\n|upkeep\n|turn|2\n|\n|t:|1699591121\n|switch|p2a: Miraidon|Miraidon|100\/100\n|-fieldstart|move: Electric Terrain|[from] ability: Hadron Engine|[of] p2a: Miraidon\n|move|p1a: Toxapex|Toxic|p2a: Miraidon\n|-status|p2a: Miraidon|tox\n|\n|-damage|p2a: Miraidon|94\/100 tox|[from] psn\n|upkeep\n|turn|3\n|\n|t:|1699591127\n|move|p1a: Toxapex|Protect|p1a: Toxapex\n|-singleturn|p1a: Toxapex|Protect\n|move|p2a: Miraidon|Electro Drift|p1a: Toxapex\n|-activate|p1a: Toxapex|move: Protect\n|\n|-heal|p2a: Miraidon|100\/100 tox|[from] item: Leftovers\n|-damage|p2a: Miraidon|88\/100 tox|[from] psn\n|upkeep\n|turn|4\n|\n|t:|1699591132\n|switch|p1a: Gliscor|Gliscor, F|100\/100\n|-damage|p1a: Gliscor|88\/100|[from] Stealth Rock\n|move|p2a: Miraidon|Electro Drift|p1a: Gliscor\n|-immune|p1a: Gliscor\n|\n|-heal|p2a: Miraidon|94\/100 tox|[from] item: Leftovers\n|-damage|p2a: Miraidon|76\/100 tox|[from] psn\n|-status|p1a: Gliscor|tox|[from] item: Toxic Orb\n|upkeep\n|turn|5\n|\n|t:|1699591138\n|move|p1a: Gliscor|Protect|p1a: Gliscor\n|-singleturn|p1a: Gliscor|Protect\n|move|p2a: Miraidon|Dragon Pulse|p1a: Gliscor\n|-activate|p1a: Gliscor|move: Protect\n|\n|-heal|p2a: Miraidon|82\/100 tox|[from] item: Leftovers\n|-damage|p2a: Miraidon|58\/100 tox|[from] psn\n|-heal|p1a: Gliscor|100\/100 tox|[from] ability: Poison Heal\n|upkeep\n|turn|6\n|\n|t:|1699591146\n|switch|p1a: Toxapex|Toxapex, M|100\/100\n|-damage|p1a: Toxapex|88\/100|[from] Stealth Rock\n|move|p2a: Miraidon|Dragon Pulse|p1a: Toxapex\n|-damage|p1a: Toxapex|39\/100\n|\n|-heal|p2a: Miraidon|64\/100 tox|[from] item: Leftovers\n|-damage|p2a: Miraidon|33\/100 tox|[from] psn\n|-fieldend|move: Electric Terrain\n|upkeep\n|turn|7\n|\n|t:|1699591162\n|move|p2a: Miraidon|Dragon Pulse|p1a: Toxapex\n|-damage|p1a: Toxapex|5\/100\n|move|p1a: Toxapex|Recover|p1a: Toxapex\n|-heal|p1a: Toxapex|55\/100\n|\n|-heal|p2a: Miraidon|39\/100 tox|[from] item: Leftovers\n|-damage|p2a: Miraidon|2\/100 tox|[from] psn\n|upkeep\n|turn|8\n|\n|t:|1699591167\n|move|p1a: Toxapex|Protect|p1a: Toxapex\n|-singleturn|p1a: Toxapex|Protect\n|move|p2a: Miraidon|Electro Drift|p1a: Toxapex\n|-activate|p1a: Toxapex|move: Protect\n|\n|-heal|p2a: Miraidon|8\/100 tox|[from] item: Leftovers\n|-damage|p2a: Miraidon|0 fnt|[from] psn\n|faint|p2a: Miraidon\n|upkeep\n|\n|t:|1699591178\n|switch|p2a: Zacian|Zacian-Crowned, shiny|100\/100\n|-ability|p2a: Zacian|Intrepid Sword|boost\n|-boost|p2a: Zacian|atk|1\n|turn|9\n|\n|t:|1699591208\n|switch|p1a: Gliscor|Gliscor, F|100\/100 tox\n|-damage|p1a: Gliscor|88\/100 tox|[from] Stealth Rock\n|move|p2a: Zacian|Behemoth Blade|p1a: Gliscor\n|-damage|p1a: Gliscor|23\/100 tox\n|\n|-heal|p1a: Gliscor|36\/100 tox|[from] ability: Poison Heal\n|upkeep\n|turn|10\n|\n|t:|1699591218\n|move|p1a: Gliscor|Protect|p1a: Gliscor\n|-singleturn|p1a: Gliscor|Protect\n|move|p2a: Zacian|Behemoth Blade|p1a: Gliscor\n|-activate|p1a: Gliscor|move: Protect\n|\n|-heal|p1a: Gliscor|48\/100 tox|[from] ability: Poison Heal\n|upkeep\n|turn|11\n|\n|t:|1699591222\n|move|p2a: Zacian|Agility|p2a: Zacian\n|-boost|p2a: Zacian|spe|2\n|move|p1a: Gliscor|Substitute|p1a: Gliscor\n|-start|p1a: Gliscor|Substitute\n|-damage|p1a: Gliscor|23\/100 tox\n|\n|-heal|p1a: Gliscor|36\/100 tox|[from] ability: Poison Heal\n|upkeep\n|turn|12\n|\n|t:|1699591226\n|move|p1a: Gliscor|Protect|p1a: Gliscor\n|-singleturn|p1a: Gliscor|Protect\n|move|p2a: Zacian|Behemoth Blade|p1a: Gliscor\n|-activate|p1a: Gliscor|move: Protect\n|\n|-heal|p1a: Gliscor|48\/100 tox|[from] ability: Poison Heal\n|upkeep\n|turn|13\n|\n|t:|1699591231\n|move|p2a: Zacian|Behemoth Blade|p1a: Gliscor\n|-end|p1a: Gliscor|Substitute\n|move|p1a: Gliscor|Substitute|p1a: Gliscor\n|-start|p1a: Gliscor|Substitute\n|-damage|p1a: Gliscor|23\/100 tox\n|\n|-heal|p1a: Gliscor|36\/100 tox|[from] ability: Poison Heal\n|upkeep\n|turn|14\n|\n|t:|1699591235\n|move|p1a: Gliscor|Protect|p1a: Gliscor\n|-singleturn|p1a: Gliscor|Protect\n|move|p2a: Zacian|Behemoth Blade|p1a: Gliscor\n|-activate|p1a: Gliscor|move: Protect\n|\n|-heal|p1a: Gliscor|48\/100 tox|[from] ability: Poison Heal\n|upkeep\n|turn|15\n|\n|t:|1699591240\n|move|p2a: Zacian|Behemoth Blade|p1a: Gliscor\n|-end|p1a: Gliscor|Substitute\n|move|p1a: Gliscor|Substitute|p1a: Gliscor\n|-start|p1a: Gliscor|Substitute\n|-damage|p1a: Gliscor|23\/100 tox\n|\n|-heal|p1a: Gliscor|36\/100 tox|[from] ability: Poison Heal\n|upkeep\n|turn|16\n|\n|t:|1699591246\n|move|p1a: Gliscor|Protect|p1a: Gliscor\n|-singleturn|p1a: Gliscor|Protect\n|move|p2a: Zacian|Play Rough|p1a: Gliscor\n|-activate|p1a: Gliscor|move: Protect\n|\n|-heal|p1a: Gliscor|48\/100 tox|[from] ability: Poison Heal\n|upkeep\n|turn|17\n|\n|t:|1699591253\n|move|p2a: Zacian|Sacred Sword|p1a: Gliscor\n|-resisted|p1a: Gliscor\n|-activate|p1a: Gliscor|move: Substitute|[damage]\n|move|p1a: Gliscor|Substitute|p1a: Gliscor\n|-fail|p1a: Gliscor|move: Substitute\n|\n|-heal|p1a: Gliscor|60\/100 tox|[from] ability: Poison Heal\n|upkeep\n|turn|18\n|\n|t:|1699591259\n|move|p1a: Gliscor|Protect|p1a: Gliscor\n|-singleturn|p1a: Gliscor|Protect\n|move|p2a: Zacian|Play Rough|p1a: Gliscor\n|-activate|p1a: Gliscor|move: Protect\n|\n|-heal|p1a: Gliscor|73\/100 tox|[from] ability: Poison Heal\n|upkeep\n|turn|19\n|\n|t:|1699591266\n|move|p2a: Zacian|Play Rough|p1a: Gliscor\n|-end|p1a: Gliscor|Substitute\n|move|p1a: Gliscor|Substitute|p1a: Gliscor\n|-start|p1a: Gliscor|Substitute\n|-damage|p1a: Gliscor|48\/100 tox\n|\n|-heal|p1a: Gliscor|60\/100 tox|[from] ability: Poison Heal\n|upkeep\n|turn|20\n|\n|t:|1699591271\n|move|p1a: Gliscor|Protect|p1a: Gliscor\n|-singleturn|p1a: Gliscor|Protect\n|move|p2a: Zacian|Play Rough|p1a: Gliscor\n|-activate|p1a: Gliscor|move: Protect\n|\n|-heal|p1a: Gliscor|73\/100 tox|[from] ability: Poison Heal\n|upkeep\n|turn|21\n|\n|t:|1699591276\n|move|p2a: Zacian|Play Rough|p1a: Gliscor\n|-end|p1a: Gliscor|Substitute\n|move|p1a: Gliscor|Substitute|p1a: Gliscor\n|-start|p1a: Gliscor|Substitute\n|-damage|p1a: Gliscor|48\/100 tox\n|\n|-heal|p1a: Gliscor|60\/100 tox|[from] ability: Poison Heal\n|upkeep\n|turn|22\n|\n|t:|1699591287\n|move|p1a: Gliscor|Protect|p1a: Gliscor\n|-singleturn|p1a: Gliscor|Protect\n|move|p2a: Zacian|Play Rough|p1a: Gliscor\n|-activate|p1a: Gliscor|move: Protect\n|\n|-heal|p1a: Gliscor|73\/100 tox|[from] ability: Poison Heal\n|upkeep\n|turn|23\n|\n|t:|1699591294\n|move|p2a: Zacian|Play Rough|p1a: Gliscor\n|-end|p1a: Gliscor|Substitute\n|move|p1a: Gliscor|Substitute|p1a: Gliscor\n|-start|p1a: Gliscor|Substitute\n|-damage|p1a: Gliscor|48\/100 tox\n|\n|-heal|p1a: Gliscor|60\/100 tox|[from] ability: Poison Heal\n|upkeep\n|turn|24\n|\n|t:|1699591301\n|switch|p2a: Urshifu|Urshifu-Rapid-Strike, F|100\/100\n|move|p1a: Gliscor|Protect||[still]\n|-fail|p1a: Gliscor\n|\n|-heal|p1a: Gliscor|73\/100 tox|[from] ability: Poison Heal\n|upkeep\n|turn|25\n|\n|t:|1699591310\n|move|p2a: Urshifu|Surging Strikes|p1a: Gliscor\n|-supereffective|p1a: Gliscor\n|-crit|p1a: Gliscor\n|-end|p1a: Gliscor|Substitute\n|-supereffective|p1a: Gliscor\n|-crit|p1a: Gliscor\n|-damage|p1a: Gliscor|43\/100 tox\n|-supereffective|p1a: Gliscor\n|-crit|p1a: Gliscor\n|-damage|p1a: Gliscor|11\/100 tox\n|-hitcount|p1a: Gliscor|3\n|move|p1a: Gliscor|Toxic|p2a: Urshifu\n|-status|p2a: Urshifu|tox\n|\n|-damage|p2a: Urshifu|94\/100 tox|[from] psn\n|-heal|p1a: Gliscor|24\/100 tox|[from] ability: Poison Heal\n|upkeep\n|turn|26\n|\n|t:|1699591320\n|switch|p1a: Toxapex|Toxapex, M|88\/100\n|-damage|p1a: Toxapex|75\/100|[from] Stealth Rock\n|move|p2a: Urshifu|Trailblaze|p1a: Toxapex\n|-damage|p1a: Toxapex|62\/100\n|-boost|p2a: Urshifu|spe|1\n|-damage|p2a: Urshifu|78\/100 tox|[from] item: Rocky Helmet|[of] p1a: Toxapex\n|\n|-heal|p2a: Urshifu|84\/100 tox|[from] item: Leftovers\n|-damage|p2a: Urshifu|72\/100 tox|[from] psn\n|upkeep\n|turn|27\n|\n|t:|1699591330\n|switch|p2a: Zacian|Zacian-Crowned, shiny|100\/100\n|move|p1a: Toxapex|Recover|p1a: Toxapex\n|-heal|p1a: Toxapex|100\/100\n|\n|upkeep\n|turn|28\n|\n|t:|1699591336\n|move|p2a: Zacian|Behemoth Blade|p1a: Toxapex\n|-resisted|p1a: Toxapex\n|-damage|p1a: Toxapex|78\/100\n|-damage|p2a: Zacian|84\/100|[from] item: Rocky Helmet|[of] p1a: Toxapex\n|move|p1a: Toxapex|Hydro Pump|p2a: Zacian|[miss]\n|-miss|p1a: Toxapex|p2a: Zacian\n|\n|upkeep\n|turn|29\n|\n|t:|1699591354\n|switch|p2a: Calyrex|Calyrex-Shadow|100\/100\n|-ability|p2a: Calyrex|As One\n|-ability|p2a: Calyrex|Unnerve\n|move|p1a: Toxapex|Hydro Pump|p2a: Calyrex\n|-damage|p2a: Calyrex|81\/100\n|\n|-heal|p2a: Calyrex|87\/100|[from] item: Leftovers\n|upkeep\n|turn|30\n|\n|t:|1699591365\n|move|p2a: Calyrex|Astral Barrage|p1a: Toxapex\n|-damage|p1a: Toxapex|16\/100\n|move|p1a: Toxapex|Toxic|p2a: Calyrex\n|-status|p2a: Calyrex|tox\n|\n|-heal|p2a: Calyrex|93\/100 tox|[from] item: Leftovers\n|-damage|p2a: Calyrex|87\/100 tox|[from] psn\n|upkeep\n|turn|31\n|\n|t:|1699591379\n|switch|p1a: Cyclizar|Cyclizar, F|84\/100\n|-damage|p1a: Cyclizar|71\/100|[from] Stealth Rock\n|move|p2a: Calyrex|Draining Kiss|p1a: Cyclizar\n|-supereffective|p1a: Cyclizar\n|-damage|p1a: Cyclizar|8\/100\n|-heal|p2a: Calyrex|100\/100 tox|[from] drain|[of] p1a: Cyclizar\n|\n|-heal|p1a: Cyclizar|14\/100|[from] item: Leftovers\n|-damage|p2a: Calyrex|88\/100 tox|[from] psn\n|upkeep\n|turn|32\n|\n|t:|1699591389\n|switch|p1a: Amoonguss|Amoonguss, F|100\/100\n|-damage|p1a: Amoonguss|88\/100|[from] Stealth Rock\n|move|p2a: Calyrex|Draining Kiss|p1a: Amoonguss\n|-resisted|p1a: Amoonguss\n|-damage|p1a: Amoonguss|80\/100\n|-heal|p2a: Calyrex|95\/100 tox|[from] drain|[of] p1a: Amoonguss\n|\n|-heal|p2a: Calyrex|100\/100 tox|[from] item: Leftovers\n|-damage|p2a: Calyrex|82\/100 tox|[from] psn\n|upkeep\n|turn|33\n|\n|t:|1699591399\n|move|p2a: Calyrex|Psyshock|p1a: Amoonguss\n|-supereffective|p1a: Amoonguss\n|-crit|p1a: Amoonguss\n|-damage|p1a: Amoonguss|0 fnt\n|faint|p1a: Amoonguss\n|-ability|p2a: Calyrex|Grim Neigh|boost\n|-boost|p2a: Calyrex|spa|1\n|\n|-heal|p2a: Calyrex|88\/100 tox|[from] item: Leftovers\n|-damage|p2a: Calyrex|64\/100 tox|[from] psn\n|upkeep\n|\n|t:|1699591404\n|switch|p1a: Toxapex|Toxapex, M|49\/100\n|-damage|p1a: Toxapex|37\/100|[from] Stealth Rock\n|turn|34\n|\n|t:|1699591407\n|move|p1a: Toxapex|Protect|p1a: Toxapex\n|-singleturn|p1a: Toxapex|Protect\n|move|p2a: Calyrex|Psyshock|p1a: Toxapex\n|-activate|p1a: Toxapex|move: Protect\n|\n|-heal|p2a: Calyrex|70\/100 tox|[from] item: Leftovers\n|-damage|p2a: Calyrex|39\/100 tox|[from] psn\n|upkeep\n|turn|35\n|\n|t:|1699591419\n|move|p2a: Calyrex|Psyshock|p1a: Toxapex\n|-supereffective|p1a: Toxapex\n|-damage|p1a: Toxapex|0 fnt\n|faint|p1a: Toxapex\n|-ability|p2a: Calyrex|Grim Neigh|boost\n|-boost|p2a: Calyrex|spa|1\n|\n|-heal|p2a: Calyrex|45\/100 tox|[from] item: Leftovers\n|-damage|p2a: Calyrex|8\/100 tox|[from] psn\n|upkeep\n|\n|t:|1699591424\n|switch|p1a: Gliscor|Gliscor, F|24\/100 tox\n|-damage|p1a: Gliscor|11\/100 tox|[from] Stealth Rock\n|turn|36\n|\n|t:|1699591430\n|move|p1a: Gliscor|Protect|p1a: Gliscor\n|-singleturn|p1a: Gliscor|Protect\n|move|p2a: Calyrex|Astral Barrage|p1a: Gliscor\n|-activate|p1a: Gliscor|move: Protect\n|\n|-heal|p2a: Calyrex|14\/100 tox|[from] item: Leftovers\n|-damage|p2a: Calyrex|0 fnt|[from] psn\n|faint|p2a: Calyrex\n|-heal|p1a: Gliscor|24\/100 tox|[from] ability: Poison Heal\n|upkeep\n|\n|t:|1699591437\n|switch|p2a: Urshifu|Urshifu-Rapid-Strike, F|72\/100 tox\n|turn|37\n|\n|t:|1699591443\n|switch|p1a: Tropius|Tropius, F|100\/100\n|-damage|p1a: Tropius|75\/100|[from] Stealth Rock\n|move|p2a: Urshifu|Surging Strikes|p1a: Tropius\n|-resisted|p1a: Tropius\n|-crit|p1a: Tropius\n|-damage|p1a: Tropius|67\/100\n|-resisted|p1a: Tropius\n|-crit|p1a: Tropius\n|-damage|p1a: Tropius|59\/100\n|-resisted|p1a: Tropius\n|-crit|p1a: Tropius\n|-damage|p1a: Tropius|50\/100\n|-enditem|p1a: Tropius|Sitrus Berry|[eat]\n|-heal|p1a: Tropius|75\/100|[from] item: Sitrus Berry\n|-hitcount|p1a: Tropius|3\n|\n|-heal|p2a: Urshifu|78\/100 tox|[from] item: Leftovers\n|-damage|p2a: Urshifu|72\/100 tox|[from] psn\n|upkeep\n|turn|38\n|\n|t:|1699591451\n|switch|p2a: Arceus|Arceus-Fire|100\/100\n|move|p1a: Tropius|Leech Seed|p2a: Arceus\n|-start|p2a: Arceus|move: Leech Seed\n|\n|-damage|p2a: Arceus|88\/100|[from] Leech Seed|[of] p1a: Tropius\n|-heal|p1a: Tropius|89\/100|[silent]\n|-item|p1a: Tropius|Sitrus Berry|[from] ability: Harvest\n|upkeep\n|turn|39\n|\n|t:|1699591454\n|move|p1a: Tropius|Protect|p1a: Tropius\n|-singleturn|p1a: Tropius|Protect\n|move|p2a: Arceus|Flamethrower|p1a: Tropius\n|-activate|p1a: Tropius|move: Protect\n|\n|-damage|p2a: Arceus|76\/100|[from] Leech Seed|[of] p1a: Tropius\n|-heal|p1a: Tropius|100\/100|[silent]\n|upkeep\n|turn|40\n|\n|t:|1699591460\n|switch|p1a: Garganacl|Garganacl, M|100\/100\n|-damage|p1a: Garganacl|88\/100|[from] Stealth Rock\n|move|p2a: Arceus|Flamethrower|p1a: Garganacl\n|-resisted|p1a: Garganacl\n|-damage|p1a: Garganacl|72\/100\n|\n|-heal|p1a: Garganacl|78\/100|[from] item: Leftovers\n|-damage|p2a: Arceus|63\/100|[from] Leech Seed|[of] p1a: Garganacl\n|-heal|p1a: Garganacl|90\/100|[silent]\n|upkeep\n|turn|41\n|\n|t:|1699591469\n|switch|p2a: Urshifu|Urshifu-Rapid-Strike, F|72\/100 tox\n|move|p1a: Garganacl|Iron Defense|p1a: Garganacl\n|-boost|p1a: Garganacl|def|2\n|\n|-heal|p2a: Urshifu|78\/100 tox|[from] item: Leftovers\n|-heal|p1a: Garganacl|96\/100|[from] item: Leftovers\n|-damage|p2a: Urshifu|72\/100 tox|[from] psn\n|upkeep\n|turn|42\n|\n|t:|1699591473\n|move|p2a: Urshifu|Surging Strikes|p1a: Garganacl\n|-supereffective|p1a: Garganacl\n|-crit|p1a: Garganacl\n|-damage|p1a: Garganacl|68\/100\n|-supereffective|p1a: Garganacl\n|-crit|p1a: Garganacl\n|-damage|p1a: Garganacl|39\/100\n|-supereffective|p1a: Garganacl\n|-crit|p1a: Garganacl\n|-damage|p1a: Garganacl|14\/100\n|-hitcount|p1a: Garganacl|3\n|move|p1a: Garganacl|Salt Cure|p2a: Urshifu\n|-resisted|p2a: Urshifu\n|-damage|p2a: Urshifu|64\/100 tox\n|-start|p2a: Urshifu|Salt Cure\n|\n|-heal|p2a: Urshifu|70\/100 tox|[from] item: Leftovers\n|-heal|p1a: Garganacl|20\/100|[from] item: Leftovers\n|-damage|p2a: Urshifu|58\/100 tox|[from] psn\n|-damage|p2a: Urshifu|33\/100 tox|[from] Salt Cure\n|upkeep\n|turn|43\n|\n|t:|1699591487\n|switch|p1a: Tropius|Tropius, F|100\/100\n|-damage|p1a: Tropius|75\/100|[from] Stealth Rock\n|move|p2a: Urshifu|Trailblaze|p1a: Tropius\n|-resisted|p1a: Tropius\n|-damage|p1a: Tropius|72\/100\n|-boost|p2a: Urshifu|spe|1\n|\n|-heal|p2a: Urshifu|39\/100 tox|[from] item: Leftovers\n|-damage|p2a: Urshifu|21\/100 tox|[from] psn\n|-damage|p2a: Urshifu|0 fnt|[from] Salt Cure\n|faint|p2a: Urshifu\n|upkeep\n|\n|t:|1699591501\n|switch|p2a: Arceus|Arceus-Fire|63\/100\n|turn|44\n|\n|t:|1699591509\n|move|p1a: Tropius|Protect|p1a: Tropius\n|-singleturn|p1a: Tropius|Protect\n|move|p2a: Arceus|Flamethrower|p1a: Tropius\n|-activate|p1a: Tropius|move: Protect\n|\n|upkeep\n|turn|45\n|\n|t:|1699591515\n|switch|p1a: Gliscor|Gliscor, F|24\/100 tox\n|-damage|p1a: Gliscor|11\/100 tox|[from] Stealth Rock\n|move|p2a: Arceus|Extreme Speed|p1a: Gliscor\n|-crit|p1a: Gliscor\n|-damage|p1a: Gliscor|0 fnt\n|faint|p1a: Gliscor\n|\n|upkeep\n|\n|t:|1699591523\n|switch|p1a: Garganacl|Garganacl, M|20\/100\n|-damage|p1a: Garganacl|8\/100|[from] Stealth Rock\n|turn|46\n|\n|t:|1699591526\n|move|p2a: Arceus|Extreme Speed|p1a: Garganacl\n|-resisted|p1a: Garganacl\n|-damage|p1a: Garganacl|0 fnt\n|faint|p1a: Garganacl\n|\n|upkeep\n|\n|t:|1699591530\n|switch|p1a: Tropius|Tropius, F|72\/100\n|-damage|p1a: Tropius|47\/100|[from] Stealth Rock\n|-enditem|p1a: Tropius|Sitrus Berry|[eat]\n|-heal|p1a: Tropius|72\/100|[from] item: Sitrus Berry\n|turn|47\n|\n|t:|1699591532\n|move|p2a: Arceus|Flamethrower|p1a: Tropius\n|-supereffective|p1a: Tropius\n|-damage|p1a: Tropius|0 fnt\n|faint|p1a: Tropius\n|\n|upkeep\n|\n|t:|1699591534\n|switch|p1a: Cyclizar|Cyclizar, F|47\/100\n|-damage|p1a: Cyclizar|35\/100|[from] Stealth Rock\n|turn|48\n|\n|t:|1699591540\n|move|p2a: Arceus|Extreme Speed|p1a: Cyclizar\n|-damage|p1a: Cyclizar|7\/100\n|move|p1a: Cyclizar|Knock Off|p2a: Arceus\n|-damage|p2a: Arceus|51\/100\n|\n|-heal|p1a: Cyclizar|13\/100|[from] item: Leftovers\n|upkeep\n|turn|49\n|\n|t:|1699591546\n|move|p2a: Arceus|Extreme Speed|p1a: Cyclizar\n|-damage|p1a: Cyclizar|0 fnt\n|faint|p1a: Cyclizar\n|\n|win|Kayleb1718\n|raw|unionleonion's rating: 1328 &rarr; <strong>1313<\/strong><br \/>(-15 for losing)\n|raw|Kayleb1718's rating: 1411 &rarr; <strong>1426<\/strong><br \/>(+15 for winning)\n","uploadtime":1699591553,"views":4,"p1id":"unionleonion","p2id":"kayleb1718","formatid":"gen9anythinggoes","rating":1313,"private":0,"password":""}