{"id":"gen9anythinggoes-1980848891","p1":"ErnadShadow","p2":"Kobe1919810\u7262\u5927","format":"[Gen 9] Anything Goes","log":"|j|\u2606ErnadShadow\n|j|\u2606Kobe1919810\u7262\u5927\n|t:|1698842018\n|gametype|singles\n|player|p1|ErnadShadow|juggler|1224\n|player|p2|Kobe1919810\u7262\u5927|rosa-masters2|1186\n|teamsize|p1|6\n|teamsize|p2|6\n|gen|9\n|tier|[Gen 9] Anything Goes\n|rated|\n|rule|HP Percentage Mod: HP is shown in percentages\n|rule|Endless Battle Clause: Forcing endless battles is banned\n|clearpoke\n|poke|p1|Torkoal, F|\n|poke|p1|Trevenant, F|\n|poke|p1|Charizard, M|\n|poke|p1|Ceruledge, M|\n|poke|p1|Rillaboom, F|\n|poke|p1|Ditto|\n|poke|p2|Miraidon|\n|poke|p2|Miraidon|\n|poke|p2|Miraidon|\n|poke|p2|Calyrex-Shadow|\n|poke|p2|Giratina|\n|poke|p2|Ditto|\n|teampreview\n|inactive|Battle timer is ON: inactive players will automatically lose when time's up. (requested by Kobe1919810\u7262\u5927)\n|\n|t:|1698842024\n|start\n|switch|p1a: Torkoal|Torkoal, F|100\/100\n|switch|p2a: Miraidon|Miraidon|100\/100\n|-fieldstart|move: Electric Terrain|[from] ability: Hadron Engine|[of] p2a: Miraidon\n|-weather|SunnyDay|[from] ability: Drought|[of] p1a: Torkoal\n|turn|1\n|\n|t:|1698842028\n|move|p2a: Miraidon|Light Screen|p2a: Miraidon\n|-sidestart|p2: Kobe1919810\u7262\u5927|move: Light Screen\n|move|p1a: Torkoal|Stealth Rock|p2a: Miraidon\n|-sidestart|p2: Kobe1919810\u7262\u5927|move: Stealth Rock\n|\n|-weather|SunnyDay|[upkeep]\n|upkeep\n|turn|2\n|j| Mannadium Gamer\n|\n|t:|1698842031\n|move|p2a: Miraidon|Reflect|p2a: Miraidon\n|-sidestart|p2: Kobe1919810\u7262\u5927|Reflect\n|move|p1a: Torkoal|Yawn|p2a: Miraidon\n|-activate|p2a: Miraidon|move: Electric Terrain\n|\n|-weather|SunnyDay|[upkeep]\n|upkeep\n|turn|3\n|c| Mannadium Gamer|get fucked by Miraidon\n|\n|t:|1698842040\n|switch|p1a: Trevenant|Trevenant, F, shiny|100\/100\n|move|p2a: Miraidon|U-turn|p1a: Trevenant\n|-damage|p1a: Trevenant|87\/100\n|\n|t:|1698842042\n|switch|p2a: Calyrex|Calyrex-Shadow|100\/100|[from] U-turn\n|-ability|p2a: Calyrex|As One\n|-ability|p2a: Calyrex|Unnerve\n|-damage|p2a: Calyrex|88\/100|[from] Stealth Rock\n|\n|-weather|SunnyDay|[upkeep]\n|upkeep\n|turn|4\n|c| Mannadium Gamer|Playset baby\n|\n|t:|1698842046\n|move|p2a: Calyrex|Astral Barrage|p1a: Trevenant\n|-supereffective|p1a: Trevenant\n|-damage|p1a: Trevenant|0 fnt\n|faint|p1a: Trevenant\n|-ability|p2a: Calyrex|Grim Neigh|boost\n|-boost|p2a: Calyrex|spa|1\n|\n|-weather|SunnyDay|[upkeep]\n|upkeep\n|\n|t:|1698842049\n|switch|p1a: Rillaboom|Rillaboom, F|100\/100\n|-fieldstart|move: Grassy Terrain|[from] ability: Grassy Surge|[of] p1a: Rillaboom\n|turn|5\n|c| Mannadium Gamer|dead tree\n|\n|t:|1698842056\n|move|p1a: Rillaboom|Grassy Glide|p2a: Calyrex\n|-damage|p2a: Calyrex|65\/100\n|move|p2a: Calyrex|Baton Pass|p2a: Calyrex\n|\n|t:|1698842066\n|switch|p2a: Miraidon|Miraidon|100\/100|[from] Baton Pass\n|-damage|p2a: Miraidon|88\/100|[from] Stealth Rock\n|-fieldstart|move: Electric Terrain|[from] ability: Hadron Engine|[of] p2a: Miraidon\n|\n|-weather|SunnyDay|[upkeep]\n|upkeep\n|turn|6\n|c| Mannadium Gamer|Why is gen 9 so cringe\n|\n|t:|1698842075\n|move|p2a: Miraidon|Electro Drift|p1a: Rillaboom\n|-resisted|p1a: Rillaboom\n|-damage|p1a: Rillaboom|0 fnt\n|-damage|p2a: Miraidon|72\/100|[from] item: Rocky Helmet|[of] p1a: Rillaboom\n|faint|p1a: Rillaboom\n|\n|-weather|SunnyDay|[upkeep]\n|upkeep\n|\n|t:|1698842085\n|switch|p1a: Charizard|Charizard, M, shiny|100\/100\n|turn|7\n|c| Mannadium Gamer|Normal summon Miraidon\n|c| Mannadium Gamer|effect\n|\n|t:|1698842091\n|switch|p1a: Torkoal|Torkoal, F|100\/100\n|move|p2a: Miraidon|Electro Drift|p1a: Torkoal\n|-damage|p1a: Torkoal|0 fnt\n|faint|p1a: Torkoal\n|\n|-weather|SunnyDay|[upkeep]\n|upkeep\n|\n|t:|1698842100\n|switch|p1a: Charizard|Charizard, M, shiny|100\/100\n|turn|8\n|c| Mannadium Gamer|destroy Torkoal\n|\n|t:|1698842104\n|-terastallize|p1a: Charizard|Grass\n|move|p2a: Miraidon|Electro Drift|p1a: Charizard\n|-resisted|p1a: Charizard\n|-damage|p1a: Charizard|0 fnt\n|faint|p1a: Charizard\n|\n|-weather|none\n|-sideend|p2: Kobe1919810\u7262\u5927|move: Light Screen\n|upkeep\n|c| Mannadium Gamer|Summon Charizard\n|c| Mannadium Gamer|effect\n|c| Mannadium Gamer|rank up into Mega Charizard\n|\n|t:|1698842112\n|switch|p1a: Ditto|Ditto|100\/100\n|-transform|p1a: Ditto|p2a: Miraidon|[from] ability: Imposter\n|-activate|p1a: Ditto|ability: Hadron Engine\n|turn|9\n|c| Mannadium Gamer|Summon Ditto\n|c| Mannadium Gamer|effect\n|\n|t:|1698842123\n|move|p1a: Ditto|Draco Meteor|p2a: Miraidon\n|-supereffective|p2a: Miraidon\n|-damage|p2a: Miraidon|0 fnt\n|-unboost|p1a: Ditto|spa|2\n|faint|p2a: Miraidon\n|\n|-sideend|p2: Kobe1919810\u7262\u5927|Reflect\n|-fieldend|move: Electric Terrain\n|upkeep\n|c| Mannadium Gamer|copy stats\n|c| Mannadium Gamer|Ditto effect\n|\n|t:|1698842129\n|switch|p2a: Miraidon|Miraidon|100\/100\n|-damage|p2a: Miraidon|88\/100|[from] Stealth Rock\n|-fieldstart|move: Electric Terrain|[from] ability: Hadron Engine|[of] p2a: Miraidon\n|turn|10\n|\n|t:|1698842131\n|-terastallize|p2a: Miraidon|Fairy\n|move|p1a: Ditto|Draco Meteor|p2a: Miraidon\n|-immune|p2a: Miraidon\n|move|p2a: Miraidon|Draco Meteor|p1a: Ditto\n|-supereffective|p1a: Ditto\n|-damage|p1a: Ditto|0 fnt\n|-unboost|p2a: Miraidon|spa|2\n|faint|p1a: Ditto\n|\n|upkeep\n|\n|t:|1698842133\n|switch|p1a: Ceruledge|Ceruledge, M|100\/100\n|turn|11\n|c| Mannadium Gamer|destroys Miraidon\n|c| Mannadium Gamer|Miraidon efect to destroy ditto\n|\n|t:|1698842141\n|move|p2a: Miraidon|U-turn|p1a: Ceruledge\n|-resisted|p1a: Ceruledge\n|-damage|p1a: Ceruledge|96\/100\n|\n|t:|1698842145\n|switch|p2a: Calyrex|Calyrex-Shadow|65\/100|[from] U-turn\n|-ability|p2a: Calyrex|As One\n|-ability|p2a: Calyrex|Unnerve\n|-damage|p2a: Calyrex|53\/100|[from] Stealth Rock\n|move|p1a: Ceruledge|Poltergeist|p2a: Calyrex\n|-activate|p2a: Calyrex|move: Poltergeist|Focus Sash\n|-supereffective|p2a: Calyrex\n|-damage|p2a: Calyrex|0 fnt\n|faint|p2a: Calyrex\n|\n|upkeep\n|\n|t:|1698842147\n|switch|p2a: Miraidon|Miraidon|100\/100\n|-damage|p2a: Miraidon|88\/100|[from] Stealth Rock\n|-activate|p2a: Miraidon|ability: Hadron Engine\n|turn|12\n|\n|t:|1698842150\n|move|p2a: Miraidon|Electro Drift|p1a: Ceruledge\n|-damage|p1a: Ceruledge|0 fnt\n|faint|p1a: Ceruledge\n|\n|win|Kobe1919810\u7262\u5927\n|raw|ErnadShadow's rating: 1224 &rarr; <strong>1196<\/strong><br \/>(-28 for losing)\n|raw|Kobe1919810\u7262\u5927's rating: 1186 &rarr; <strong>1214<\/strong><br \/>(+28 for winning)\n","uploadtime":1698842038,"views":7,"p1id":"ernadshadow","p2id":"kobe1919810","formatid":"gen9anythinggoes","rating":1196,"private":0,"password":""}