{"id":"gen9anythinggoes-1971728837","p1":"minmer","p2":"YoungEsq","format":"[Gen 9] Anything Goes","log":"|j|\u2606minmer\n|j|\u2606YoungEsq\n|t:|1697765623\n|gametype|singles\n|player|p1|minmer|pilot|1099\n|player|p2|YoungEsq|2|1289\n|teamsize|p1|6\n|teamsize|p2|6\n|gen|9\n|tier|[Gen 9] Anything Goes\n|rated|\n|rule|HP Percentage Mod: HP is shown in percentages\n|rule|Endless Battle Clause: Forcing endless battles is banned\n|clearpoke\n|poke|p1|Oricorio-Pom-Pom, F|\n|poke|p1|Oricorio, F|\n|poke|p1|Oricorio-Pa'u, M|\n|poke|p1|Oricorio-Sensu, M|\n|poke|p1|Lilligant, F|\n|poke|p1|Lilligant-Hisui, F|\n|poke|p2|Ting-Lu|\n|poke|p2|Gholdengo|\n|poke|p2|Roaring Moon|\n|poke|p2|Chi-Yu|\n|poke|p2|Samurott-Hisui, F|\n|poke|p2|Mandibuzz, F|\n|teampreview\n|inactive|Battle timer is ON: inactive players will automatically lose when time's up. (requested by YoungEsq)\n|\n|t:|1697765630\n|start\n|switch|p1a: Oricorio|Oricorio, F|100\/100\n|switch|p2a: Ting-Lu|Ting-Lu|100\/100\n|-ability|p2a: Ting-Lu|Vessel of Ruin\n|turn|1\n|\n|t:|1697765647\n|switch|p1a: Lilligant|Lilligant-Hisui, F|100\/100\n|move|p2a: Ting-Lu|Whirlwind|p1a: Lilligant\n|drag|p1a: Oricorio|Oricorio, F|100\/100\n|\n|upkeep\n|turn|2\n|\n|t:|1697765657\n|switch|p1a: Lilligant|Lilligant, F|100\/100\n|move|p2a: Ting-Lu|Stealth Rock|p1a: Lilligant\n|-sidestart|p1: minmer|move: Stealth Rock\n|\n|upkeep\n|turn|3\n|\n|t:|1697765665\n|switch|p2a: Mandibuzz|Mandibuzz, F|100\/100\n|move|p1a: Lilligant|Sleep Powder|p2a: Mandibuzz\n|-immune|p2a: Mandibuzz|[from] ability: Overcoat\n|\n|upkeep\n|turn|4\n|\n|t:|1697765671\n|switch|p1a: Lilligant|Lilligant-Hisui, F|100\/100\n|-damage|p1a: Lilligant|94\/100|[from] Stealth Rock\n|move|p2a: Mandibuzz|Toxic|p1a: Lilligant\n|-status|p1a: Lilligant|tox\n|\n|-damage|p1a: Lilligant|88\/100 tox|[from] psn\n|upkeep\n|turn|5\n|\n|t:|1697765683\n|move|p1a: Lilligant|Ice Spinner|p2a: Mandibuzz\n|-supereffective|p2a: Mandibuzz\n|-damage|p2a: Mandibuzz|47\/100\n|move|p2a: Mandibuzz|Foul Play|p1a: Lilligant\n|-resisted|p1a: Lilligant\n|-damage|p1a: Lilligant|62\/100 tox\n|\n|-damage|p1a: Lilligant|49\/100 tox|[from] psn\n|upkeep\n|turn|6\n|\n|t:|1697765688\n|move|p1a: Lilligant|Ice Spinner|p2a: Mandibuzz\n|-supereffective|p2a: Mandibuzz\n|-damage|p2a: Mandibuzz|0 fnt\n|faint|p2a: Mandibuzz\n|\n|-damage|p1a: Lilligant|31\/100 tox|[from] psn\n|upkeep\n|\n|t:|1697765696\n|switch|p2a: Chi-Yu|Chi-Yu|100\/100\n|-ability|p2a: Chi-Yu|Beads of Ruin\n|turn|7\n|\n|t:|1697765700\n|move|p2a: Chi-Yu|Flamethrower|p1a: Lilligant\n|-supereffective|p1a: Lilligant\n|-crit|p1a: Lilligant\n|-damage|p1a: Lilligant|0 fnt\n|faint|p1a: Lilligant\n|\n|upkeep\n|\n|t:|1697765707\n|switch|p1a: Lilligant|Lilligant, F|100\/100\n|-damage|p1a: Lilligant|88\/100|[from] Stealth Rock\n|turn|8\n|\n|t:|1697765710\n|move|p2a: Chi-Yu|Flamethrower|p1a: Lilligant\n|-supereffective|p1a: Lilligant\n|-damage|p1a: Lilligant|0 fnt\n|faint|p1a: Lilligant\n|\n|upkeep\n|\n|t:|1697765713\n|switch|p1a: corio|Oricorio-Pom-Pom, F, shiny|100\/100\n|turn|9\n|\n|t:|1697765720\n|switch|p2a: Ting-Lu|Ting-Lu|100\/100\n|-ability|p2a: Ting-Lu|Vessel of Ruin\n|move|p1a: corio|Quiver Dance|p1a: corio\n|-boost|p1a: corio|spa|1\n|-boost|p1a: corio|spd|1\n|-boost|p1a: corio|spe|1\n|\n|upkeep\n|turn|10\n|\n|t:|1697765726\n|move|p1a: corio|Hurricane|p2a: Ting-Lu|[miss]\n|-miss|p1a: corio|p2a: Ting-Lu\n|move|p2a: Ting-Lu|Whirlwind|p1a: corio\n|drag|p1a: Oricorio|Oricorio-Sensu, M|100\/100\n|\n|upkeep\n|turn|11\n|\n|t:|1697765740\n|move|p1a: Oricorio|Baton Pass|p1a: Oricorio\n|\n|t:|1697765741\n|switch|p1a: corio|Oricorio-Pom-Pom, F, shiny|100\/100|[from] Baton Pass\n|move|p2a: Ting-Lu|Ruination|p1a: corio\n|-damage|p1a: corio|50\/100\n|\n|upkeep\n|turn|12\n|\n|t:|1697765748\n|move|p1a: corio|Hurricane|p2a: Ting-Lu\n|-damage|p2a: Ting-Lu|81\/100\n|move|p2a: Ting-Lu|Whirlwind|p1a: corio\n|drag|p1a: Oricorio|Oricorio, F|100\/100\n|\n|-heal|p2a: Ting-Lu|87\/100|[from] item: Leftovers\n|upkeep\n|turn|13\n|\n|t:|1697765754\n|move|p1a: Oricorio|Air Slash|p2a: Ting-Lu\n|-damage|p2a: Ting-Lu|75\/100\n|move|p2a: Ting-Lu|Ruination|p1a: Oricorio\n|-damage|p1a: Oricorio|50\/100\n|\n|-heal|p2a: Ting-Lu|81\/100|[from] item: Leftovers\n|upkeep\n|turn|14\n|\n|t:|1697765759\n|move|p1a: Oricorio|Revelation Dance|p2a: Ting-Lu\n|-damage|p2a: Ting-Lu|66\/100\n|move|p2a: Ting-Lu|Ruination|p1a: Oricorio\n|-damage|p1a: Oricorio|26\/100\n|\n|-heal|p2a: Ting-Lu|72\/100|[from] item: Leftovers\n|upkeep\n|turn|15\n|\n|t:|1697765764\n|move|p1a: Oricorio|Revelation Dance|p2a: Ting-Lu\n|-damage|p2a: Ting-Lu|57\/100\n|move|p2a: Ting-Lu|Ruination|p1a: Oricorio\n|-damage|p1a: Oricorio|13\/100\n|\n|-heal|p2a: Ting-Lu|63\/100|[from] item: Leftovers\n|upkeep\n|turn|16\n|\n|t:|1697765768\n|move|p1a: Oricorio|Quiver Dance|p1a: Oricorio\n|-boost|p1a: Oricorio|spa|1\n|-boost|p1a: Oricorio|spd|1\n|-boost|p1a: Oricorio|spe|1\n|move|p2a: Ting-Lu|Ruination|p1a: Oricorio\n|-damage|p1a: Oricorio|7\/100\n|\n|-heal|p2a: Ting-Lu|70\/100|[from] item: Leftovers\n|upkeep\n|turn|17\n|\n|t:|1697765771\n|move|p1a: Oricorio|Baton Pass|p1a: Oricorio\n|\n|t:|1697765772\n|switch|p1a: corio|Oricorio-Pom-Pom, F, shiny|50\/100|[from] Baton Pass\n|move|p2a: Ting-Lu|Ruination|p1a: corio\n|-damage|p1a: corio|26\/100\n|\n|-heal|p2a: Ting-Lu|76\/100|[from] item: Leftovers\n|upkeep\n|turn|18\n|\n|t:|1697765778\n|-terastallize|p1a: corio|Ice\n|move|p1a: corio|Revelation Dance|p2a: Ting-Lu\n|-supereffective|p2a: Ting-Lu\n|-damage|p2a: Ting-Lu|27\/100\n|move|p2a: Ting-Lu|Whirlwind|p1a: corio\n|drag|p1a: Oricorio|Oricorio-Pa'u, M|100\/100\n|\n|-heal|p2a: Ting-Lu|33\/100|[from] item: Leftovers\n|upkeep\n|turn|19\n|\n|t:|1697765787\n|move|p1a: Oricorio|Quiver Dance|p1a: Oricorio\n|-boost|p1a: Oricorio|spa|1\n|-boost|p1a: Oricorio|spd|1\n|-boost|p1a: Oricorio|spe|1\n|move|p2a: Ting-Lu|Ruination|p1a: Oricorio\n|-damage|p1a: Oricorio|51\/100\n|\n|-heal|p2a: Ting-Lu|39\/100|[from] item: Leftovers\n|upkeep\n|turn|20\n|\n|t:|1697765791\n|move|p1a: Oricorio|Revelation Dance|p2a: Ting-Lu\n|-immune|p2a: Ting-Lu\n|move|p2a: Ting-Lu|Ruination|p1a: Oricorio\n|-damage|p1a: Oricorio|26\/100\n|\n|-heal|p2a: Ting-Lu|45\/100|[from] item: Leftovers\n|upkeep\n|turn|21\n|\n|t:|1697765793\n|move|p1a: Oricorio|Air Slash|p2a: Ting-Lu\n|-damage|p2a: Ting-Lu|28\/100\n|move|p2a: Ting-Lu|Whirlwind|p1a: Oricorio\n|drag|p1a: Oricorio|Oricorio-Sensu, M|100\/100\n|\n|-heal|p2a: Ting-Lu|35\/100|[from] item: Leftovers\n|upkeep\n|turn|22\n|\n|t:|1697765799\n|switch|p2a: Samurott|Samurott-Hisui, F|100\/100\n|move|p1a: Oricorio|Air Slash|p2a: Samurott\n|-damage|p2a: Samurott|64\/100\n|\n|upkeep\n|turn|23\n|\n|t:|1697765802\n|move|p1a: Oricorio|Revelation Dance|p2a: Samurott\n|-resisted|p2a: Samurott\n|-damage|p2a: Samurott|45\/100\n|move|p2a: Samurott|Ceaseless Edge|p1a: Oricorio\n|-supereffective|p1a: Oricorio\n|-damage|p1a: Oricorio|2\/100\n|-sidestart|p1: minmer|Spikes\n|\n|upkeep\n|turn|24\n|\n|t:|1697765806\n|move|p2a: Samurott|Aqua Jet|p1a: Oricorio\n|-damage|p1a: Oricorio|0 fnt\n|faint|p1a: Oricorio\n|\n|upkeep\n|\n|t:|1697765808\n|switch|p1a: Oricorio|Oricorio-Pa'u, M|26\/100\n|turn|25\n|\n|t:|1697765812\n|move|p1a: Oricorio|Revelation Dance|p2a: Samurott\n|-immune|p2a: Samurott\n|move|p2a: Samurott|Ceaseless Edge|p1a: Oricorio\n|-supereffective|p1a: Oricorio\n|-damage|p1a: Oricorio|0 fnt\n|-sidestart|p1: minmer|Spikes\n|faint|p1a: Oricorio\n|\n|upkeep\n|\n|t:|1697765814\n|switch|p1a: corio|Oricorio-Pom-Pom, F, shiny, tera:Ice|26\/100\n|turn|26\n|\n|t:|1697765818\n|move|p2a: Samurott|Aqua Jet|p1a: corio\n|-crit|p1a: corio\n|-damage|p1a: corio|0 fnt\n|faint|p1a: corio\n|\n|upkeep\n|\n|t:|1697765821\n|switch|p1a: Oricorio|Oricorio, F|7\/100\n|turn|27\n|\n|t:|1697765823\n|move|p1a: Oricorio|Quiver Dance|p1a: Oricorio\n|-boost|p1a: Oricorio|spa|1\n|-boost|p1a: Oricorio|spd|1\n|-boost|p1a: Oricorio|spe|1\n|move|p2a: Samurott|Razor Shell|p1a: Oricorio\n|-supereffective|p1a: Oricorio\n|-crit|p1a: Oricorio\n|-damage|p1a: Oricorio|0 fnt\n|faint|p1a: Oricorio\n|\n|win|YoungEsq\n|raw|minmer's rating: 1099 &rarr; <strong>1087<\/strong><br \/>(-12 for losing)\n|raw|YoungEsq's rating: 1289 &rarr; <strong>1302<\/strong><br \/>(+13 for winning)\n","uploadtime":1697765826,"views":9,"p1id":"minmer","p2id":"youngesq","formatid":"gen9anythinggoes","rating":1087,"private":0,"password":""}