{"id":"gen9anythinggoes-1991681673","p1":"LingLing007","p2":"PhotosFromJames","format":"[Gen 9] Anything Goes","log":"|j|\u2606LingLing007\n|j|\u2606PhotosFromJames\n|t:|1700102061\n|gametype|singles\n|player|p1|LingLing007|hilbert-masters2|1318\n|player|p2|PhotosFromJames|265|1416\n|teamsize|p1|6\n|teamsize|p2|6\n|gen|9\n|tier|[Gen 9] Anything Goes\n|rated|\n|rule|HP Percentage Mod: HP is shown in percentages\n|rule|Endless Battle Clause: Forcing endless battles is banned\n|clearpoke\n|poke|p1|Roaring Moon|\n|poke|p1|Toxapex, F|\n|poke|p1|Zoroark-Hisui, M|\n|poke|p1|Polteageist-Antique|\n|poke|p1|Great Tusk|\n|poke|p1|Ninetales-Alola, F|\n|poke|p2|Scovillain, F|\n|poke|p2|Tauros-Paldea-Blaze, M|\n|poke|p2|Arboliva, M|\n|poke|p2|Meowscarada, M|\n|poke|p2|Jumpluff, F|\n|poke|p2|Toxapex, F|\n|teampreview\n|inactive|Battle timer is ON: inactive players will automatically lose when time's up. (requested by LingLing007)\n|\n|t:|1700102091\n|start\n|switch|p1a: Ninetales|Ninetales-Alola, F, shiny|100\/100\n|switch|p2a: Jumpluff|Jumpluff, F|100\/100\n|-weather|Snow|[from] ability: Snow Warning|[of] p1a: Ninetales\n|turn|1\n|\n|t:|1700102097\n|-terastallize|p2a: Jumpluff|Steel\n|move|p2a: Jumpluff|Leech Seed|p1a: Ninetales\n|-start|p1a: Ninetales|move: Leech Seed\n|move|p1a: Ninetales|Aurora Veil|p1a: Ninetales\n|-sidestart|p1: LingLing007|move: Aurora Veil\n|\n|-weather|Snow|[upkeep]\n|-damage|p1a: Ninetales|88\/100|[from] Leech Seed|[of] p2a: Jumpluff\n|upkeep\n|turn|2\n|\n|t:|1700102105\n|move|p2a: Jumpluff|Encore|p1a: Ninetales\n|-start|p1a: Ninetales|Encore\n|move|p1a: Ninetales|Aurora Veil||[still]\n|-fail|p1a: Ninetales\n|\n|-weather|Snow|[upkeep]\n|-damage|p1a: Ninetales|76\/100|[from] Leech Seed|[of] p2a: Jumpluff\n|upkeep\n|turn|3\n|\n|t:|1700102117\n|switch|p1a: Roaring Moon|Roaring Moon|100\/100\n|move|p2a: Jumpluff|Cotton Guard|p2a: Jumpluff\n|-boost|p2a: Jumpluff|def|3\n|\n|-weather|Snow|[upkeep]\n|upkeep\n|turn|4\n|\n|t:|1700102128\n|move|p2a: Jumpluff|Leech Seed|p1a: Roaring Moon\n|-start|p1a: Roaring Moon|move: Leech Seed\n|move|p1a: Roaring Moon|Flamethrower|p2a: Jumpluff\n|-supereffective|p2a: Jumpluff\n|-damage|p2a: Jumpluff|46\/100\n|\n|-weather|Snow|[upkeep]\n|-damage|p1a: Roaring Moon|88\/100|[from] Leech Seed|[of] p2a: Jumpluff\n|-heal|p2a: Jumpluff|56\/100|[silent]\n|upkeep\n|turn|5\n|\n|t:|1700102154\n|move|p2a: Jumpluff|Strength Sap|p1a: Roaring Moon\n|-unboost|p1a: Roaring Moon|atk|1\n|-heal|p2a: Jumpluff|100\/100\n|move|p1a: Roaring Moon|Nasty Plot|p1a: Roaring Moon\n|-boost|p1a: Roaring Moon|spa|2\n|\n|-weather|none\n|-damage|p1a: Roaring Moon|76\/100|[from] Leech Seed|[of] p2a: Jumpluff\n|upkeep\n|turn|6\n|\n|t:|1700102161\n|move|p1a: Roaring Moon|Flamethrower|p2a: Jumpluff\n|-supereffective|p2a: Jumpluff\n|-damage|p2a: Jumpluff|0 fnt\n|faint|p2a: Jumpluff\n|\n|upkeep\n|inactive|PhotosFromJames has 120 seconds left.\n|\n|t:|1700102190\n|switch|p2a: Meowscarada|Meowscarada, M|100\/100\n|turn|7\n|\n|t:|1700102199\n|move|p2a: Meowscarada|U-turn|p1a: Roaring Moon\n|-start|p2a: Meowscarada|typechange|Bug|[from] ability: Protean\n|-resisted|p1a: Roaring Moon\n|-damage|p1a: Roaring Moon|60\/100\n|replace|p1a: Zoroark|Zoroark-Hisui, M, shiny\n|-end|p1a: Zoroark|Illusion\n|\n|t:|1700102228\n|switch|p2a: Tauros|Tauros-Paldea-Blaze, M|100\/100|[from] U-turn\n|move|p1a: Zoroark|Flamethrower|p2a: Tauros\n|-resisted|p2a: Tauros\n|-damage|p2a: Tauros|54\/100\n|\n|-damage|p1a: Zoroark|48\/100|[from] Leech Seed|[of] p2a: Tauros\n|-heal|p2a: Tauros|64\/100|[silent]\n|upkeep\n|turn|8\n|\n|t:|1700102239\n|move|p1a: Zoroark|Hyper Voice|p2a: Tauros\n|-damage|p2a: Tauros|0 fnt\n|faint|p2a: Tauros\n|\n|-sideend|p1: LingLing007|move: Aurora Veil\n|upkeep\n|inactive|PhotosFromJames has 90 seconds left.\n|\n|t:|1700102250\n|switch|p2a: Meowscarada|Meowscarada, M|100\/100\n|turn|9\n|inactive|PhotosFromJames has 90 seconds left.\n|\n|t:|1700102262\n|move|p2a: Meowscarada|Toxic Spikes|p1a: Zoroark\n|-start|p2a: Meowscarada|typechange|Poison|[from] ability: Protean\n|-sidestart|p1: LingLing007|move: Toxic Spikes\n|move|p1a: Zoroark|Flamethrower|p2a: Meowscarada\n|-damage|p2a: Meowscarada|4\/100\n|\n|-damage|p1a: Zoroark|35\/100|[from] Leech Seed|[of] p2a: Meowscarada\n|-heal|p2a: Meowscarada|14\/100|[silent]\n|upkeep\n|turn|10\n|inactive|PhotosFromJames has 90 seconds left.\n|\n|t:|1700102274\n|move|p2a: Meowscarada|U-turn|p1a: Zoroark\n|-resisted|p1a: Zoroark\n|-damage|p1a: Zoroark|14\/100\n|inactive|PhotosFromJames has 90 seconds left.\n|\n|t:|1700102281\n|switch|p2a: Toxapex|Toxapex, F, shiny|100\/100|[from] U-turn\n|move|p1a: Zoroark|Hyper Voice|p2a: Toxapex\n|-damage|p2a: Toxapex|31\/100\n|\n|-heal|p2a: Toxapex|37\/100|[from] item: Leftovers\n|-damage|p1a: Zoroark|2\/100|[from] Leech Seed|[of] p2a: Toxapex\n|-heal|p2a: Toxapex|47\/100|[silent]\n|upkeep\n|turn|11\n|\n|t:|1700102289\n|move|p2a: Toxapex|Protect|p2a: Toxapex\n|-singleturn|p2a: Toxapex|Protect\n|move|p1a: Zoroark|Hyper Voice|p2a: Toxapex\n|-activate|p2a: Toxapex|move: Protect\n|\n|-heal|p2a: Toxapex|53\/100|[from] item: Leftovers\n|-damage|p1a: Zoroark|0 fnt|[from] Leech Seed|[of] p2a: Toxapex\n|-heal|p2a: Toxapex|54\/100|[silent]\n|faint|p1a: Zoroark\n|upkeep\n|\n|t:|1700102294\n|switch|p1a: Toxapex|Toxapex, F|100\/100\n|-sideend|p1: LingLing007|move: Toxic Spikes|[of] p1a: Toxapex\n|turn|12\n|\n|t:|1700102312\n|move|p1a: Toxapex|Liquidation|p2a: Toxapex\n|-resisted|p2a: Toxapex\n|-damage|p2a: Toxapex|48\/100\n|move|p2a: Toxapex|Infestation|p1a: Toxapex\n|-resisted|p1a: Toxapex\n|-damage|p1a: Toxapex|99\/100\n|-activate|p1a: Toxapex|move: Infestation|[of] p2a: Toxapex\n|-damage|p2a: Toxapex|31\/100|[from] item: Rocky Helmet|[of] p1a: Toxapex\n|\n|-heal|p2a: Toxapex|37\/100|[from] item: Leftovers\n|-damage|p1a: Toxapex|87\/100|[from] move: Infestation|[partiallytrapped]\n|upkeep\n|turn|13\n|\n|t:|1700102319\n|move|p2a: Toxapex|Protect|p2a: Toxapex\n|-singleturn|p2a: Toxapex|Protect\n|move|p1a: Toxapex|Recover|p1a: Toxapex\n|-heal|p1a: Toxapex|100\/100\n|\n|-heal|p2a: Toxapex|43\/100|[from] item: Leftovers\n|-damage|p1a: Toxapex|88\/100|[from] move: Infestation|[partiallytrapped]\n|upkeep\n|turn|14\n|\n|t:|1700102326\n|move|p1a: Toxapex|Haze|p1a: Toxapex\n|-clearallboost\n|move|p2a: Toxapex|Recover|p2a: Toxapex\n|-heal|p2a: Toxapex|93\/100\n|\n|-heal|p2a: Toxapex|99\/100|[from] item: Leftovers\n|-damage|p1a: Toxapex|75\/100|[from] move: Infestation|[partiallytrapped]\n|upkeep\n|turn|15\n|\n|t:|1700102333\n|move|p1a: Toxapex|Liquidation|p2a: Toxapex\n|-resisted|p2a: Toxapex\n|-damage|p2a: Toxapex|93\/100\n|move|p2a: Toxapex|Infestation|p1a: Toxapex\n|-resisted|p1a: Toxapex\n|-damage|p1a: Toxapex|75\/100\n|-damage|p2a: Toxapex|76\/100|[from] item: Rocky Helmet|[of] p1a: Toxapex\n|\n|-heal|p2a: Toxapex|82\/100|[from] item: Leftovers\n|-damage|p1a: Toxapex|62\/100|[from] move: Infestation|[partiallytrapped]\n|upkeep\n|turn|16\n|inactive|PhotosFromJames has 120 seconds left.\n|\n|t:|1700102346\n|move|p1a: Toxapex|Liquidation|p2a: Toxapex\n|-resisted|p2a: Toxapex\n|-damage|p2a: Toxapex|76\/100\n|move|p2a: Toxapex|Infestation|p1a: Toxapex\n|-resisted|p1a: Toxapex\n|-damage|p1a: Toxapex|61\/100\n|-damage|p2a: Toxapex|59\/100|[from] item: Rocky Helmet|[of] p1a: Toxapex\n|\n|-heal|p2a: Toxapex|65\/100|[from] item: Leftovers\n|-damage|p1a: Toxapex|49\/100|[from] move: Infestation|[partiallytrapped]\n|upkeep\n|turn|17\n|inactive|PhotosFromJames has 120 seconds left.\n|\n|t:|1700102363\n|move|p1a: Toxapex|Liquidation|p2a: Toxapex\n|-resisted|p2a: Toxapex\n|-damage|p2a: Toxapex|59\/100\n|-unboost|p2a: Toxapex|def|1\n|move|p2a: Toxapex|Infestation|p1a: Toxapex\n|-resisted|p1a: Toxapex\n|-damage|p1a: Toxapex|48\/100\n|-damage|p2a: Toxapex|42\/100|[from] item: Rocky Helmet|[of] p1a: Toxapex\n|\n|-heal|p2a: Toxapex|48\/100|[from] item: Leftovers\n|-end|p1a: Toxapex|Infestation|[partiallytrapped]\n|upkeep\n|turn|18\n|\n|t:|1700102369\n|move|p1a: Toxapex|Recover|p1a: Toxapex\n|-heal|p1a: Toxapex|98\/100\n|move|p2a: Toxapex|Infestation|p1a: Toxapex\n|-resisted|p1a: Toxapex\n|-damage|p1a: Toxapex|97\/100\n|-activate|p1a: Toxapex|move: Infestation|[of] p2a: Toxapex\n|-damage|p2a: Toxapex|32\/100|[from] item: Rocky Helmet|[of] p1a: Toxapex\n|\n|-heal|p2a: Toxapex|38\/100|[from] item: Leftovers\n|-damage|p1a: Toxapex|84\/100|[from] move: Infestation|[partiallytrapped]\n|upkeep\n|turn|19\n|\n|t:|1700102374\n|move|p2a: Toxapex|Protect|p2a: Toxapex\n|-singleturn|p2a: Toxapex|Protect\n|move|p1a: Toxapex|Liquidation|p2a: Toxapex\n|-activate|p2a: Toxapex|move: Protect\n|\n|-heal|p2a: Toxapex|44\/100|[from] item: Leftovers\n|-damage|p1a: Toxapex|72\/100|[from] move: Infestation|[partiallytrapped]\n|upkeep\n|turn|20\n|\n|t:|1700102381\n|move|p1a: Toxapex|Liquidation|p2a: Toxapex\n|-resisted|p2a: Toxapex\n|-damage|p2a: Toxapex|34\/100\n|move|p2a: Toxapex|Recover|p2a: Toxapex\n|-heal|p2a: Toxapex|85\/100\n|\n|-heal|p2a: Toxapex|91\/100|[from] item: Leftovers\n|-damage|p1a: Toxapex|59\/100|[from] move: Infestation|[partiallytrapped]\n|upkeep\n|turn|21\n|\n|t:|1700102400\n|move|p1a: Toxapex|Liquidation|p2a: Toxapex\n|-resisted|p2a: Toxapex\n|-damage|p2a: Toxapex|82\/100\n|move|p2a: Toxapex|Infestation|p1a: Toxapex\n|-resisted|p1a: Toxapex\n|-damage|p1a: Toxapex|58\/100\n|-damage|p2a: Toxapex|66\/100|[from] item: Rocky Helmet|[of] p1a: Toxapex\n|\n|-heal|p2a: Toxapex|71\/100|[from] item: Leftovers\n|-damage|p1a: Toxapex|46\/100|[from] move: Infestation|[partiallytrapped]\n|upkeep\n|turn|22\n|\n|t:|1700102409\n|switch|p2a: Meowscarada|Meowscarada, M|14\/100\n|move|p1a: Toxapex|Recover|p1a: Toxapex\n|-heal|p1a: Toxapex|96\/100\n|\n|-end|p1a: Toxapex|Infestation|[partiallytrapped]|[silent]\n|upkeep\n|turn|23\n|\n|t:|1700102423\n|switch|p1a: Great Tusk|Great Tusk|100\/100\n|move|p2a: Meowscarada|Leech Seed|p1a: Great Tusk\n|-start|p2a: Meowscarada|typechange|Grass|[from] ability: Protean\n|-start|p1a: Great Tusk|move: Leech Seed\n|\n|-damage|p1a: Great Tusk|88\/100|[from] Leech Seed|[of] p2a: Meowscarada\n|-heal|p2a: Meowscarada|32\/100|[silent]\n|upkeep\n|turn|24\n|\n|t:|1700102438\n|move|p2a: Meowscarada|U-turn|p1a: Great Tusk\n|-resisted|p1a: Great Tusk\n|-damage|p1a: Great Tusk|82\/100\n|\n|t:|1700102445\n|switch|p2a: Scovillain|Scovillain, F|100\/100|[from] U-turn\n|move|p1a: Great Tusk|Rapid Spin|p2a: Scovillain\n|-damage|p2a: Scovillain|82\/100\n|-boost|p1a: Great Tusk|spe|1\n|-end|p1a: Great Tusk|Leech Seed|[from] move: Rapid Spin|[of] p1a: Great Tusk\n|\n|-heal|p2a: Scovillain|88\/100|[from] item: Leftovers\n|-ability|p2a: Scovillain|Moody|boost\n|-boost|p2a: Scovillain|atk|2\n|-unboost|p2a: Scovillain|spd|1\n|upkeep\n|turn|25\n|\n|t:|1700102463\n|move|p1a: Great Tusk|Knock Off|p2a: Scovillain\n|-damage|p2a: Scovillain|58\/100\n|-enditem|p2a: Scovillain|Leftovers|[from] move: Knock Off|[of] p1a: Great Tusk\n|move|p2a: Scovillain|Leech Seed|p1a: Great Tusk\n|-start|p1a: Great Tusk|move: Leech Seed\n|\n|-damage|p1a: Great Tusk|69\/100|[from] Leech Seed|[of] p2a: Scovillain\n|-heal|p2a: Scovillain|74\/100|[silent]\n|-ability|p2a: Scovillain|Moody|boost\n|-boost|p2a: Scovillain|atk|2\n|-unboost|p2a: Scovillain|spe|1\n|upkeep\n|turn|26\n|\n|t:|1700102475\n|move|p2a: Scovillain|Protect|p2a: Scovillain\n|-singleturn|p2a: Scovillain|Protect\n|move|p1a: Great Tusk|Earthquake|p2a: Scovillain\n|-activate|p2a: Scovillain|move: Protect\n|\n|-damage|p1a: Great Tusk|57\/100|[from] Leech Seed|[of] p2a: Scovillain\n|-heal|p2a: Scovillain|90\/100|[silent]\n|-ability|p2a: Scovillain|Moody|boost\n|-boost|p2a: Scovillain|def|2\n|-unboost|p2a: Scovillain|atk|1\n|upkeep\n|turn|27\n|\n|t:|1700102486\n|-end|p1a: Great Tusk|Protosynthesis|[silent]\n|switch|p1a: Toxapex|Toxapex, F|100\/100\n|move|p2a: Scovillain|Substitute|p2a: Scovillain\n|-start|p2a: Scovillain|Substitute\n|-damage|p2a: Scovillain|65\/100\n|\n|-ability|p2a: Scovillain|Moody|boost\n|-boost|p2a: Scovillain|atk|2\n|-unboost|p2a: Scovillain|spa|1\n|upkeep\n|turn|28\n|\n|t:|1700102492\n|move|p2a: Scovillain|Leech Seed|p1a: Toxapex\n|-start|p1a: Toxapex|move: Leech Seed\n|move|p1a: Toxapex|Haze|p1a: Toxapex\n|-clearallboost\n|\n|-damage|p1a: Toxapex|88\/100|[from] Leech Seed|[of] p2a: Scovillain\n|-heal|p2a: Scovillain|77\/100|[silent]\n|-ability|p2a: Scovillain|Moody|boost\n|-boost|p2a: Scovillain|def|2\n|-unboost|p2a: Scovillain|spe|1\n|upkeep\n|turn|29\n|\n|t:|1700102500\n|move|p2a: Scovillain|Flamethrower|p1a: Toxapex\n|-resisted|p1a: Toxapex\n|-damage|p1a: Toxapex|78\/100\n|move|p1a: Toxapex|Haze|p1a: Toxapex\n|-clearallboost\n|\n|-damage|p1a: Toxapex|66\/100|[from] Leech Seed|[of] p2a: Scovillain\n|-heal|p2a: Scovillain|88\/100|[silent]\n|-ability|p2a: Scovillain|Moody|boost\n|-boost|p2a: Scovillain|spe|2\n|-unboost|p2a: Scovillain|spd|1\n|upkeep\n|turn|30\n|\n|t:|1700102508\n|move|p2a: Scovillain|Flamethrower|p1a: Toxapex\n|-resisted|p1a: Toxapex\n|-damage|p1a: Toxapex|56\/100\n|move|p1a: Toxapex|Liquidation|p2a: Scovillain\n|-activate|p2a: Scovillain|move: Substitute|[damage]\n|\n|-damage|p1a: Toxapex|43\/100|[from] Leech Seed|[of] p2a: Scovillain\n|-heal|p2a: Scovillain|99\/100|[silent]\n|-ability|p2a: Scovillain|Moody|boost\n|-boost|p2a: Scovillain|spd|2\n|-unboost|p2a: Scovillain|spe|1\n|upkeep\n|turn|31\n|\n|t:|1700102516\n|move|p2a: Scovillain|Flamethrower|p1a: Toxapex\n|-resisted|p1a: Toxapex\n|-damage|p1a: Toxapex|33\/100\n|move|p1a: Toxapex|Recover|p1a: Toxapex\n|-heal|p1a: Toxapex|83\/100\n|\n|-damage|p1a: Toxapex|70\/100|[from] Leech Seed|[of] p2a: Scovillain\n|-heal|p2a: Scovillain|100\/100|[silent]\n|-ability|p2a: Scovillain|Moody|boost\n|-boost|p2a: Scovillain|spd|2\n|-unboost|p2a: Scovillain|spa|1\n|upkeep\n|turn|32\n|\n|t:|1700102524\n|move|p2a: Scovillain|Flamethrower|p1a: Toxapex\n|-resisted|p1a: Toxapex\n|-damage|p1a: Toxapex|63\/100\n|move|p1a: Toxapex|Liquidation|p2a: Scovillain\n|-end|p2a: Scovillain|Substitute\n|\n|-damage|p1a: Toxapex|50\/100|[from] Leech Seed|[of] p2a: Scovillain\n|-ability|p2a: Scovillain|Moody|boost\n|-boost|p2a: Scovillain|spd|2\n|-unboost|p2a: Scovillain|atk|1\n|upkeep\n|turn|33\n|\n|t:|1700102530\n|move|p2a: Scovillain|Substitute|p2a: Scovillain\n|-start|p2a: Scovillain|Substitute\n|-damage|p2a: Scovillain|76\/100\n|move|p1a: Toxapex|Toxic||[still]\n|-fail|p1a: Toxapex\n|\n|-damage|p1a: Toxapex|38\/100|[from] Leech Seed|[of] p2a: Scovillain\n|-heal|p2a: Scovillain|87\/100|[silent]\n|-ability|p2a: Scovillain|Moody|boost\n|-boost|p2a: Scovillain|spe|2\n|-unboost|p2a: Scovillain|spd|1\n|upkeep\n|turn|34\n|\n|t:|1700102538\n|move|p2a: Scovillain|Flamethrower|p1a: Toxapex\n|-resisted|p1a: Toxapex\n|-damage|p1a: Toxapex|30\/100\n|move|p1a: Toxapex|Haze|p1a: Toxapex\n|-clearallboost\n|\n|-damage|p1a: Toxapex|18\/100|[from] Leech Seed|[of] p2a: Scovillain\n|-heal|p2a: Scovillain|98\/100|[silent]\n|-ability|p2a: Scovillain|Moody|boost\n|-boost|p2a: Scovillain|spd|2\n|-unboost|p2a: Scovillain|spe|1\n|upkeep\n|turn|35\n|\n|t:|1700102556\n|move|p2a: Scovillain|Leech Seed|p1a: Toxapex|[miss]\n|-miss|p2a: Scovillain|p1a: Toxapex\n|move|p1a: Toxapex|Recover|p1a: Toxapex\n|-heal|p1a: Toxapex|68\/100\n|\n|-damage|p1a: Toxapex|55\/100|[from] Leech Seed|[of] p2a: Scovillain\n|-heal|p2a: Scovillain|100\/100|[silent]\n|-ability|p2a: Scovillain|Moody|boost\n|-boost|p2a: Scovillain|spd|2\n|-unboost|p2a: Scovillain|spe|1\n|upkeep\n|turn|36\n|\n|t:|1700102563\n|switch|p1a: Great Tusk|Great Tusk|57\/100\n|move|p2a: Scovillain|Flamethrower|p1a: Great Tusk\n|-damage|p1a: Great Tusk|15\/100\n|\n|-ability|p2a: Scovillain|Moody|boost\n|-boost|p2a: Scovillain|spa|2\n|-unboost|p2a: Scovillain|spd|1\n|upkeep\n|turn|37\n|\n|t:|1700102574\n|move|p1a: Great Tusk|Earthquake|p2a: Scovillain\n|-crit|p2a: Scovillain\n|-end|p2a: Scovillain|Substitute\n|move|p2a: Scovillain|Leech Seed|p1a: Great Tusk\n|-start|p1a: Great Tusk|move: Leech Seed\n|\n|-damage|p1a: Great Tusk|2\/100|[from] Leech Seed|[of] p2a: Scovillain\n|-ability|p2a: Scovillain|Moody|boost\n|-boost|p2a: Scovillain|spe|2\n|-unboost|p2a: Scovillain|spd|1\n|upkeep\n|turn|38\n|\n|t:|1700102583\n|move|p2a: Scovillain|Protect|p2a: Scovillain\n|-singleturn|p2a: Scovillain|Protect\n|move|p1a: Great Tusk|Earthquake|p2a: Scovillain\n|-activate|p2a: Scovillain|move: Protect\n|\n|-damage|p1a: Great Tusk|0 fnt|[from] Leech Seed|[of] p2a: Scovillain\n|faint|p1a: Great Tusk\n|-end|p1a: Great Tusk|Protosynthesis|[silent]\n|-ability|p2a: Scovillain|Moody|boost\n|-boost|p2a: Scovillain|atk|2\n|-unboost|p2a: Scovillain|spa|1\n|upkeep\n|\n|t:|1700102586\n|switch|p1a: Roaring Moon|Roaring Moon|100\/100\n|-enditem|p1a: Roaring Moon|Booster Energy\n|-activate|p1a: Roaring Moon|ability: Protosynthesis|[fromitem]\n|-start|p1a: Roaring Moon|protosynthesisspe\n|turn|39\n|\n|t:|1700102600\n|move|p1a: Roaring Moon|Acrobatics|p2a: Scovillain\n|-supereffective|p2a: Scovillain\n|-damage|p2a: Scovillain|14\/100\n|move|p2a: Scovillain|Leech Seed|p1a: Roaring Moon\n|-start|p1a: Roaring Moon|move: Leech Seed\n|\n|-damage|p1a: Roaring Moon|88\/100|[from] Leech Seed|[of] p2a: Scovillain\n|-heal|p2a: Scovillain|27\/100|[silent]\n|-ability|p2a: Scovillain|Moody|boost\n|-boost|p2a: Scovillain|def|2\n|-unboost|p2a: Scovillain|atk|1\n|upkeep\n|turn|40\n|\n|t:|1700102609\n|move|p2a: Scovillain|Protect|p2a: Scovillain\n|-singleturn|p2a: Scovillain|Protect\n|move|p1a: Roaring Moon|Dragon Dance|p1a: Roaring Moon\n|-boost|p1a: Roaring Moon|atk|1\n|-boost|p1a: Roaring Moon|spe|1\n|\n|-damage|p1a: Roaring Moon|76\/100|[from] Leech Seed|[of] p2a: Scovillain\n|-heal|p2a: Scovillain|39\/100|[silent]\n|-ability|p2a: Scovillain|Moody|boost\n|-boost|p2a: Scovillain|atk|2\n|-unboost|p2a: Scovillain|def|1\n|upkeep\n|turn|41\n|\n|t:|1700102617\n|switch|p2a: Toxapex|Toxapex, F, shiny|100\/100\n|move|p1a: Roaring Moon|Acrobatics|p2a: Toxapex\n|-damage|p2a: Toxapex|67\/100\n|\n|-heal|p2a: Toxapex|73\/100|[from] item: Leftovers\n|-damage|p1a: Roaring Moon|64\/100|[from] Leech Seed|[of] p2a: Toxapex\n|-heal|p2a: Toxapex|87\/100|[silent]\n|upkeep\n|turn|42\n|\n|t:|1700102625\n|move|p1a: Roaring Moon|Earthquake|p2a: Toxapex\n|-supereffective|p2a: Toxapex\n|-damage|p2a: Toxapex|28\/100\n|move|p2a: Toxapex|Infestation|p1a: Roaring Moon\n|-supereffective|p1a: Roaring Moon\n|-damage|p1a: Roaring Moon|57\/100\n|-activate|p1a: Roaring Moon|move: Infestation|[of] p2a: Toxapex\n|\n|-heal|p2a: Toxapex|34\/100|[from] item: Leftovers\n|-damage|p1a: Roaring Moon|45\/100|[from] Leech Seed|[of] p2a: Toxapex\n|-heal|p2a: Toxapex|48\/100|[silent]\n|-damage|p1a: Roaring Moon|33\/100|[from] move: Infestation|[partiallytrapped]\n|upkeep\n|turn|43\n|\n|t:|1700102633\n|move|p2a: Toxapex|Protect|p2a: Toxapex\n|-singleturn|p2a: Toxapex|Protect\n|move|p1a: Roaring Moon|Earthquake|p2a: Toxapex\n|-activate|p2a: Toxapex|move: Protect\n|\n|-heal|p2a: Toxapex|54\/100|[from] item: Leftovers\n|-damage|p1a: Roaring Moon|21\/100|[from] Leech Seed|[of] p2a: Toxapex\n|-heal|p2a: Toxapex|68\/100|[silent]\n|-damage|p1a: Roaring Moon|8\/100|[from] move: Infestation|[partiallytrapped]\n|upkeep\n|turn|44\n|\n|t:|1700102648\n|switch|p2a: Arboliva|Arboliva, M|100\/100\n|move|p1a: Roaring Moon|Earthquake|p2a: Arboliva\n|-resisted|p2a: Arboliva\n|-damage|p2a: Arboliva|72\/100\n|\n|-damage|p1a: Roaring Moon|0 fnt|[from] Leech Seed|[of] p2a: Arboliva\n|-heal|p2a: Arboliva|80\/100|[silent]\n|faint|p1a: Roaring Moon\n|-end|p1a: Roaring Moon|Protosynthesis|[silent]\n|upkeep\n|\n|t:|1700102654\n|switch|p1a: Toxapex|Toxapex, F|89\/100\n|turn|45\n|\n|t:|1700102658\n|move|p2a: Arboliva|Substitute|p2a: Arboliva\n|-start|p2a: Arboliva|Substitute\n|-damage|p2a: Arboliva|55\/100\n|move|p1a: Toxapex|Toxic||[still]\n|-fail|p1a: Toxapex\n|\n|upkeep\n|turn|46\n|\n|t:|1700102661\n|move|p2a: Arboliva|Leech Seed|p1a: Toxapex\n|-start|p1a: Toxapex|move: Leech Seed\n|move|p1a: Toxapex|Liquidation|p2a: Arboliva\n|-resisted|p2a: Arboliva\n|-activate|p2a: Arboliva|move: Substitute|[damage]\n|\n|-damage|p1a: Toxapex|76\/100|[from] Leech Seed|[of] p2a: Arboliva\n|-heal|p2a: Arboliva|66\/100|[silent]\n|upkeep\n|turn|47\n|\n|t:|1700102665\n|switch|p1a: Ninetales|Ninetales-Alola, F, shiny|76\/100\n|-weather|Snow|[from] ability: Snow Warning|[of] p1a: Ninetales\n|move|p2a: Arboliva|Strength Sap|p1a: Ninetales\n|-unboost|p1a: Ninetales|atk|1\n|-heal|p2a: Arboliva|100\/100\n|\n|-weather|Snow|[upkeep]\n|upkeep\n|turn|48\n|\n|t:|1700102668\n|move|p1a: Ninetales|Ice Shard|p2a: Arboliva\n|-supereffective|p2a: Arboliva\n|-activate|p2a: Arboliva|move: Substitute|[damage]\n|move|p2a: Arboliva|Leech Seed|p1a: Ninetales\n|-start|p1a: Ninetales|move: Leech Seed\n|\n|-weather|Snow|[upkeep]\n|-damage|p1a: Ninetales|64\/100|[from] Leech Seed|[of] p2a: Arboliva\n|upkeep\n|turn|49\n|\n|t:|1700102674\n|move|p1a: Ninetales|Moonblast|p2a: Arboliva\n|-end|p2a: Arboliva|Substitute\n|move|p2a: Arboliva|Dazzling Gleam|p1a: Ninetales\n|-damage|p1a: Ninetales|43\/100\n|\n|-weather|Snow|[upkeep]\n|-damage|p1a: Ninetales|31\/100|[from] Leech Seed|[of] p2a: Arboliva\n|upkeep\n|turn|50\n|\n|t:|1700102679\n|move|p1a: Ninetales|Encore|p2a: Arboliva\n|-start|p2a: Arboliva|Encore\n|move|p2a: Arboliva|Dazzling Gleam|p1a: Ninetales\n|-damage|p1a: Ninetales|10\/100\n|\n|-weather|Snow|[upkeep]\n|-damage|p1a: Ninetales|0 fnt|[from] Leech Seed|[of] p2a: Arboliva\n|faint|p1a: Ninetales\n|upkeep\n|\n|t:|1700102682\n|switch|p1a: Polteageist|Polteageist-Antique|100\/100\n|turn|51\n|\n|t:|1700102692\n|-terastallize|p1a: Polteageist|Fairy\n|move|p1a: Polteageist|Shell Smash|p1a: Polteageist\n|-unboost|p1a: Polteageist|def|1\n|-unboost|p1a: Polteageist|spd|1\n|-boost|p1a: Polteageist|atk|2\n|-boost|p1a: Polteageist|spa|2\n|-boost|p1a: Polteageist|spe|2\n|-enditem|p1a: Polteageist|White Herb\n|-clearnegativeboost|p1a: Polteageist|[silent]\n|move|p2a: Arboliva|Dazzling Gleam|p1a: Polteageist\n|-damage|p1a: Polteageist|73\/100\n|\n|-weather|none\n|upkeep\n|turn|52\n|\n|t:|1700102699\n|move|p1a: Polteageist|Shell Smash|p1a: Polteageist\n|-unboost|p1a: Polteageist|def|1\n|-unboost|p1a: Polteageist|spd|1\n|-boost|p1a: Polteageist|atk|2\n|-boost|p1a: Polteageist|spa|2\n|-boost|p1a: Polteageist|spe|2\n|move|p2a: Arboliva|Dazzling Gleam|p1a: Polteageist\n|-damage|p1a: Polteageist|34\/100\n|\n|-end|p2a: Arboliva|Encore\n|upkeep\n|turn|53\n|\n|t:|1700102710\n|move|p1a: Polteageist|Stored Power|p2a: Arboliva\n|-damage|p2a: Arboliva|0 fnt\n|faint|p2a: Arboliva\n|\n|upkeep\n|\n|t:|1700102731\n|switch|p2a: Toxapex|Toxapex, F, shiny|100\/100\n|turn|54\n|\n|t:|1700102740\n|move|p2a: Toxapex|Protect|p2a: Toxapex\n|-singleturn|p2a: Toxapex|Protect\n|move|p1a: Polteageist|Stored Power|p2a: Toxapex\n|-activate|p2a: Toxapex|move: Protect\n|\n|upkeep\n|turn|55\n|\n|t:|1700102750\n|switch|p2a: Meowscarada|Meowscarada, M|32\/100\n|move|p1a: Polteageist|Stored Power|p2a: Meowscarada\n|-immune|p2a: Meowscarada\n|\n|upkeep\n|turn|56\n|\n|t:|1700102763\n|move|p1a: Polteageist|Giga Drain|p2a: Meowscarada\n|-resisted|p2a: Meowscarada\n|-damage|p2a: Meowscarada|0 fnt\n|-heal|p1a: Polteageist|52\/100|[from] drain|[of] p2a: Meowscarada\n|faint|p2a: Meowscarada\n|\n|upkeep\n|\n|t:|1700102768\n|switch|p2a: Toxapex|Toxapex, F, shiny|100\/100\n|turn|57\n|\n|t:|1700102789\n|move|p1a: Polteageist|Stored Power|p2a: Toxapex\n|-supereffective|p2a: Toxapex\n|-damage|p2a: Toxapex|0 fnt\n|faint|p2a: Toxapex\n|\n|upkeep\n|\n|t:|1700102792\n|switch|p2a: Scovillain|Scovillain, F|39\/100\n|turn|58\n|\n|t:|1700102795\n|move|p1a: Polteageist|Stored Power|p2a: Scovillain\n|-crit|p2a: Scovillain\n|-damage|p2a: Scovillain|0 fnt\n|faint|p2a: Scovillain\n|\n|win|LingLing007\n|raw|LingLing007's rating: 1318 &rarr; <strong>1343<\/strong><br \/>(+25 for winning)\n|raw|PhotosFromJames's rating: 1416 &rarr; <strong>1391<\/strong><br \/>(-25 for losing)\n|l|\u2606PhotosFromJames\n|c|\u2606LingLing007|gg\n","uploadtime":1700102801,"views":19,"p1id":"lingling007","p2id":"photosfromjames","formatid":"gen9anythinggoes","rating":1343,"private":0,"password":""}