{"id":"gen9anythinggoes-1992494615","p1":"jacklives","p2":"Aeziolu","format":"[Gen 9] Anything Goes","log":"|j|\u2606jacklives\n|j|\u2606Aeziolu\n|t:|1700194796\n|gametype|singles\n|player|p1|jacklives|eusine|\n|player|p2|Aeziolu|wally|\n|teamsize|p1|6\n|teamsize|p2|6\n|gen|9\n|tier|[Gen 9] Anything Goes\n|rule|HP Percentage Mod: HP is shown in percentages\n|rule|Endless Battle Clause: Forcing endless battles is banned\n|clearpoke\n|poke|p1|Iron Moth|\n|poke|p1|Maushold|\n|poke|p1|Forretress, M|\n|poke|p1|Scyther, M|\n|poke|p1|Persian-Alola, M|\n|poke|p1|Crocalor, F|\n|poke|p2|Garganacl, M|\n|poke|p2|Slowking, F|\n|poke|p2|Gardevoir, M|\n|poke|p2|Orthworm, M|\n|poke|p2|Chansey, F|\n|poke|p2|Floragato, F|\n|teampreview\n|inactive|Battle timer is ON: inactive players will automatically lose when time's up. (requested by jacklives)\n|\n|t:|1700194815\n|start\n|switch|p1a: Forretress|Forretress, M, shiny|100\/100\n|switch|p2a: Gardevoir|Gardevoir, M|100\/100\n|-ability|p2a: Gardevoir|Sturdy|[from] ability: Trace|[of] p1a: Forretress\n|turn|1\n|\n|t:|1700194825\n|switch|p1a: Crocalor|Crocalor, F|100\/100\n|move|p2a: Gardevoir|Mystical Fire|p1a: Crocalor\n|-resisted|p1a: Crocalor\n|-damage|p1a: Crocalor|88\/100\n|-unboost|p1a: Crocalor|spa|1\n|\n|upkeep\n|turn|2\n|\n|t:|1700194831\n|switch|p2a: Garganacl|Garganacl, M|100\/100\n|move|p1a: Crocalor|Roar|p2a: Garganacl\n|drag|p2a: Floragato|Floragato, F|100\/100\n|\n|upkeep\n|turn|3\n|\n|t:|1700194838\n|move|p2a: Floragato|Mud-Slap|p1a: Crocalor\n|-start|p2a: Floragato|typechange|Ground|[from] ability: Protean\n|-supereffective|p1a: Crocalor\n|-damage|p1a: Crocalor|76\/100\n|-unboost|p1a: Crocalor|accuracy|1\n|-damage|p2a: Floragato|91\/100|[from] item: Life Orb\n|move|p1a: Crocalor|Will-O-Wisp|p2a: Floragato\n|-status|p2a: Floragato|brn\n|\n|-damage|p2a: Floragato|85\/100 brn|[from] brn\n|upkeep\n|turn|4\n|\n|t:|1700194855\n|switch|p2a: Garganacl|Garganacl, M|100\/100\n|switch|p1a: Scyther|Scyther, M|100\/100\n|\n|upkeep\n|turn|5\n|\n|t:|1700194865\n|switch|p1a: Forretress|Forretress, M, shiny|100\/100\n|move|p2a: Garganacl|Salt Cure|p1a: Forretress\n|-damage|p1a: Forretress|93\/100\n|-start|p1a: Forretress|Salt Cure\n|\n|-damage|p1a: Forretress|68\/100|[from] Salt Cure\n|upkeep\n|turn|6\n|\n|t:|1700194878\n|move|p1a: Forretress|Reflect|p1a: Forretress\n|-sidestart|p1: jacklives|Reflect\n|move|p2a: Garganacl|Curse|p2a: Garganacl\n|-unboost|p2a: Garganacl|spe|1\n|-boost|p2a: Garganacl|atk|1\n|-boost|p2a: Garganacl|def|1\n|\n|-damage|p1a: Forretress|43\/100|[from] Salt Cure\n|upkeep\n|turn|7\n|inactive|jacklives has 270 seconds left.\n|\n|t:|1700194905\n|switch|p1a: Crocalor|Crocalor, F|76\/100\n|move|p2a: Garganacl|Curse|p2a: Garganacl\n|-unboost|p2a: Garganacl|spe|1\n|-boost|p2a: Garganacl|atk|1\n|-boost|p2a: Garganacl|def|1\n|\n|upkeep\n|turn|8\n|\n|t:|1700194910\n|move|p2a: Garganacl|Salt Cure|p1a: Crocalor\n|-supereffective|p1a: Crocalor\n|-damage|p1a: Crocalor|69\/100\n|-start|p1a: Crocalor|Salt Cure\n|move|p1a: Crocalor|Roar|p2a: Garganacl\n|drag|p2a: Floragato|Floragato, F|85\/100 brn\n|\n|-damage|p2a: Floragato|78\/100 brn|[from] brn\n|-damage|p1a: Crocalor|57\/100|[from] Salt Cure\n|upkeep\n|turn|9\n|\n|t:|1700194919\n|switch|p1a: Persian|Persian-Alola, M|100\/100\n|move|p2a: Floragato|Mud-Slap|p1a: Persian\n|-start|p2a: Floragato|typechange|Ground|[from] ability: Protean\n|-damage|p1a: Persian|94\/100\n|-unboost|p1a: Persian|accuracy|1\n|-damage|p2a: Floragato|69\/100 brn|[from] item: Life Orb\n|\n|-damage|p2a: Floragato|62\/100 brn|[from] brn\n|upkeep\n|turn|10\n|\n|t:|1700194927\n|move|p2a: Floragato|U-turn|p1a: Persian\n|-supereffective|p1a: Persian\n|-damage|p1a: Persian|87\/100\n|-damage|p2a: Floragato|53\/100 brn|[from] item: Life Orb\n|\n|t:|1700194933\n|switch|p2a: Chansey|Chansey, F|100\/100|[from] U-turn\n|move|p1a: Persian|Knock Off|p2a: Chansey|[miss]\n|-miss|p1a: Persian|p2a: Chansey\n|\n|upkeep\n|turn|11\n|\n|t:|1700194944\n|move|p1a: Persian|Knock Off|p2a: Chansey\n|-damage|p2a: Chansey|85\/100\n|-enditem|p2a: Chansey|Eviolite|[from] move: Knock Off|[of] p1a: Persian\n|move|p2a: Chansey|Stealth Rock|p1a: Persian\n|-sidestart|p1: jacklives|move: Stealth Rock\n|\n|upkeep\n|turn|12\n|\n|t:|1700194951\n|switch|p1a: Scyther|Scyther, M|100\/100\n|-damage|p1a: Scyther|51\/100|[from] Stealth Rock\n|switch|p2a: Gardevoir|Gardevoir, M|100\/100\n|-ability|p2a: Gardevoir|Technician|[from] ability: Trace|[of] p1a: Scyther\n|\n|upkeep\n|turn|13\n|\n|t:|1700194968\n|move|p2a: Gardevoir|Icy Wind|p1a: Scyther\n|-supereffective|p1a: Scyther\n|-damage|p1a: Scyther|0 fnt\n|faint|p1a: Scyther\n|\n|-sideend|p1: jacklives|Reflect\n|upkeep\n|\n|t:|1700194977\n|switch|p1a: Maushold|Maushold, shiny|100\/100\n|-damage|p1a: Maushold|88\/100|[from] Stealth Rock\n|turn|14\n|\n|t:|1700194990\n|switch|p2a: Garganacl|Garganacl, M|100\/100\n|move|p1a: Maushold|Tidy Up|p1a: Maushold\n|-sideend|p1: jacklives|Stealth Rock\n|-activate|p1a: Maushold|move: Tidy Up\n|-boost|p1a: Maushold|atk|1\n|-boost|p1a: Maushold|spe|1\n|\n|upkeep\n|turn|15\n|\n|t:|1700194997\n|move|p1a: Maushold|Population Bomb|p2a: Garganacl\n|-resisted|p2a: Garganacl\n|-damage|p2a: Garganacl|96\/100\n|-damage|p1a: Maushold|71\/100|[from] item: Rocky Helmet|[of] p2a: Garganacl\n|-resisted|p2a: Garganacl\n|-damage|p2a: Garganacl|91\/100\n|-damage|p1a: Maushold|55\/100|[from] item: Rocky Helmet|[of] p2a: Garganacl\n|-resisted|p2a: Garganacl\n|-damage|p2a: Garganacl|86\/100\n|-damage|p1a: Maushold|38\/100|[from] item: Rocky Helmet|[of] p2a: Garganacl\n|-resisted|p2a: Garganacl\n|-damage|p2a: Garganacl|81\/100\n|-damage|p1a: Maushold|22\/100|[from] item: Rocky Helmet|[of] p2a: Garganacl\n|-resisted|p2a: Garganacl\n|-damage|p2a: Garganacl|76\/100\n|-damage|p1a: Maushold|5\/100|[from] item: Rocky Helmet|[of] p2a: Garganacl\n|-resisted|p2a: Garganacl\n|-damage|p2a: Garganacl|71\/100\n|-damage|p1a: Maushold|0 fnt|[from] item: Rocky Helmet|[of] p2a: Garganacl\n|faint|p1a: Maushold\n|-hitcount|p2a: Garganacl|6\n|move|p2a: Garganacl|Salt Cure|p1: Maushold|[notarget]\n|-fail|p2a: Garganacl\n|\n|upkeep\n|\n|t:|1700195016\n|switch|p1a: Forretress|Forretress, M, shiny|43\/100\n|turn|16\n|\n|t:|1700195020\n|move|p1a: Forretress|Body Press|p2a: Garganacl\n|-supereffective|p2a: Garganacl\n|-damage|p2a: Garganacl|38\/100\n|-damage|p1a: Forretress|26\/100|[from] item: Rocky Helmet|[of] p2a: Garganacl\n|move|p2a: Garganacl|Recover|p2a: Garganacl\n|-heal|p2a: Garganacl|88\/100\n|\n|upkeep\n|turn|17\n|\n|t:|1700195024\n|move|p1a: Forretress|Body Press|p2a: Garganacl\n|-supereffective|p2a: Garganacl\n|-damage|p2a: Garganacl|53\/100\n|-damage|p1a: Forretress|10\/100|[from] item: Rocky Helmet|[of] p2a: Garganacl\n|move|p2a: Garganacl|Salt Cure|p1a: Forretress\n|-damage|p1a: Forretress|2\/100\n|-start|p1a: Forretress|Salt Cure\n|\n|-damage|p1a: Forretress|0 fnt|[from] Salt Cure\n|faint|p1a: Forretress\n|upkeep\n|\n|t:|1700195027\n|switch|p1a: Iron Moth|Iron Moth|100\/100\n|-enditem|p1a: Iron Moth|Booster Energy\n|-activate|p1a: Iron Moth|ability: Quark Drive|[fromitem]\n|-start|p1a: Iron Moth|quarkdrivespa\n|turn|18\n|\n|t:|1700195036\n|switch|p2a: Slowking|Slowking, F|100\/100\n|move|p1a: Iron Moth|Energy Ball|p2a: Slowking\n|-supereffective|p2a: Slowking\n|-damage|p2a: Slowking|58\/100\n|\n|upkeep\n|turn|19\n|\n|t:|1700195046\n|move|p1a: Iron Moth|Bug Buzz|p2a: Slowking\n|-supereffective|p2a: Slowking\n|-damage|p2a: Slowking|15\/100\n|move|p2a: Slowking|Future Sight|p1a: Iron Moth\n|-start|p2a: Slowking|move: Future Sight\n|\n|upkeep\n|turn|20\n|\n|t:|1700195052\n|switch|p2a: Chansey|Chansey, F|85\/100\n|move|p1a: Iron Moth|Bug Buzz|p2a: Chansey\n|-damage|p2a: Chansey|67\/100\n|\n|upkeep\n|turn|21\n|\n|t:|1700195061\n|-end|p1a: Iron Moth|Quark Drive|[silent]\n|switch|p1a: Persian|Persian-Alola, M|87\/100\n|move|p2a: Chansey|Stealth Rock|p1a: Persian\n|-sidestart|p1: jacklives|move: Stealth Rock\n|\n|-end|p1a: Persian|move: Future Sight\n|-immune|p1a: Persian\n|upkeep\n|turn|22\n|\n|t:|1700195072\n|switch|p2a: Orthworm|Orthworm, M|100\/100\n|move|p1a: Persian|Gunk Shot|p2a: Orthworm\n|-immune|p2a: Orthworm\n|\n|upkeep\n|turn|23\n|\n|t:|1700195078\n|move|p1a: Persian|Knock Off|p2a: Orthworm\n|-damage|p2a: Orthworm|87\/100\n|-enditem|p2a: Orthworm|Chople Berry|[from] move: Knock Off|[of] p1a: Persian\n|move|p2a: Orthworm|Coil|p2a: Orthworm\n|-boost|p2a: Orthworm|atk|1\n|-boost|p2a: Orthworm|def|1\n|-boost|p2a: Orthworm|accuracy|1\n|\n|upkeep\n|turn|24\n|\n|t:|1700195084\n|switch|p1a: Crocalor|Crocalor, F|57\/100\n|-damage|p1a: Crocalor|32\/100|[from] Stealth Rock\n|move|p2a: Orthworm|Rock Blast|p1a: Crocalor\n|-supereffective|p1a: Crocalor\n|-damage|p1a: Crocalor|26\/100\n|-supereffective|p1a: Crocalor\n|-damage|p1a: Crocalor|20\/100\n|-supereffective|p1a: Crocalor\n|-damage|p1a: Crocalor|15\/100\n|-supereffective|p1a: Crocalor\n|-damage|p1a: Crocalor|10\/100\n|-supereffective|p1a: Crocalor\n|-damage|p1a: Crocalor|4\/100\n|-hitcount|p1a: Crocalor|5\n|\n|upkeep\n|turn|25\n|\n|t:|1700195098\n|move|p2a: Orthworm|Earthquake|p1a: Crocalor\n|-supereffective|p1a: Crocalor\n|-damage|p1a: Crocalor|0 fnt\n|faint|p1a: Crocalor\n|\n|upkeep\n|\n|t:|1700195100\n|switch|p1a: Iron Moth|Iron Moth|100\/100\n|-damage|p1a: Iron Moth|76\/100|[from] Stealth Rock\n|turn|26\n|\n|t:|1700195111\n|switch|p2a: Slowking|Slowking, F|48\/100\n|move|p1a: Iron Moth|Bug Buzz|p2a: Slowking\n|-supereffective|p2a: Slowking\n|-damage|p2a: Slowking|16\/100\n|\n|upkeep\n|turn|27\n|\n|t:|1700195120\n|switch|p2a: Chansey|Chansey, F|67\/100\n|move|p1a: Iron Moth|Sludge Wave|p2a: Chansey\n|-damage|p2a: Chansey|44\/100\n|\n|upkeep\n|turn|28\n|\n|t:|1700195135\n|move|p1a: Iron Moth|Sludge Wave|p2a: Chansey\n|-damage|p2a: Chansey|20\/100\n|move|p2a: Chansey|Thunder Wave|p1a: Iron Moth\n|-status|p1a: Iron Moth|par\n|\n|upkeep\n|turn|29\n|\n|t:|1700195142\n|switch|p2a: Orthworm|Orthworm, M|87\/100\n|move|p1a: Iron Moth|Sludge Wave|p2a: Orthworm\n|-immune|p2a: Orthworm\n|\n|upkeep\n|turn|30\n|\n|t:|1700195145\n|move|p1a: Iron Moth|Fiery Dance|p2a: Orthworm\n|-supereffective|p2a: Orthworm\n|-damage|p2a: Orthworm|0 fnt\n|faint|p2a: Orthworm\n|\n|upkeep\n|\n|t:|1700195149\n|switch|p2a: Gardevoir|Gardevoir, M|100\/100\n|turn|31\n|\n|t:|1700195168\n|-end|p1a: Iron Moth|Quark Drive|[silent]\n|switch|p1a: Persian|Persian-Alola, M|87\/100\n|-ability|p2a: Gardevoir|Fur Coat|[from] ability: Trace|[of] p1a: Persian\n|-damage|p1a: Persian|75\/100|[from] Stealth Rock\n|move|p2a: Gardevoir|Psyshock|p1a: Persian\n|-immune|p1a: Persian\n|\n|upkeep\n|turn|32\n|\n|t:|1700195181\n|switch|p2a: Garganacl|Garganacl, M|53\/100\n|move|p1a: Persian|Gunk Shot|p2a: Garganacl\n|-resisted|p2a: Garganacl\n|-damage|p2a: Garganacl|48\/100\n|\n|upkeep\n|turn|33\n|\n|t:|1700195190\n|move|p1a: Persian|Knock Off|p2a: Garganacl\n|-damage|p2a: Garganacl|35\/100\n|-damage|p1a: Persian|58\/100|[from] item: Rocky Helmet|[of] p2a: Garganacl\n|-enditem|p2a: Garganacl|Rocky Helmet|[from] move: Knock Off|[of] p1a: Persian\n|move|p2a: Garganacl|Recover|p2a: Garganacl\n|-heal|p2a: Garganacl|85\/100\n|\n|upkeep\n|turn|34\n|\n|t:|1700195198\n|move|p1a: Persian|Thunderbolt|p2a: Garganacl\n|-damage|p2a: Garganacl|71\/100\n|move|p2a: Garganacl|Salt Cure|p1a: Persian\n|-damage|p1a: Persian|49\/100\n|-start|p1a: Persian|Salt Cure\n|\n|-damage|p1a: Persian|36\/100|[from] Salt Cure\n|upkeep\n|turn|35\n|\n|t:|1700195210\n|switch|p1a: Iron Moth|Iron Moth|76\/100 par\n|-damage|p1a: Iron Moth|51\/100 par|[from] Stealth Rock\n|switch|p2a: Gardevoir|Gardevoir, M|100\/100\n|\n|upkeep\n|turn|36\n|\n|t:|1700195215\n|move|p2a: Gardevoir|Psyshock|p1a: Iron Moth\n|-supereffective|p1a: Iron Moth\n|-damage|p1a: Iron Moth|0 fnt\n|faint|p1a: Iron Moth\n|-end|p1a: Iron Moth|Quark Drive|[silent]\n|\n|upkeep\n|\n|t:|1700195218\n|switch|p1a: Persian|Persian-Alola, M|36\/100\n|-ability|p2a: Gardevoir|Fur Coat|[from] ability: Trace|[of] p1a: Persian\n|-damage|p1a: Persian|24\/100|[from] Stealth Rock\n|turn|37\n|\n|t:|1700195223\n|switch|p2a: Garganacl|Garganacl, M|71\/100\n|move|p1a: Persian|Knock Off|p2a: Garganacl\n|-damage|p2a: Garganacl|63\/100\n|\n|upkeep\n|turn|38\n|\n|t:|1700195228\n|move|p1a: Persian|Gunk Shot|p2a: Garganacl\n|-resisted|p2a: Garganacl\n|-damage|p2a: Garganacl|57\/100\n|move|p2a: Garganacl|Earthquake|p1a: Persian\n|-damage|p1a: Persian|10\/100\n|\n|upkeep\n|turn|39\n|\n|t:|1700195234\n|switch|p2a: Floragato|Floragato, F|53\/100 brn\n|move|p1a: Persian|Play Rough|p2a: Floragato\n|-damage|p2a: Floragato|23\/100 brn\n|\n|-damage|p2a: Floragato|17\/100 brn|[from] brn\n|upkeep\n|turn|40\n|\n|t:|1700195241\n|move|p2a: Floragato|Sucker Punch|p1a: Persian\n|-start|p2a: Floragato|typechange|Dark|[from] ability: Protean\n|-resisted|p1a: Persian\n|-damage|p1a: Persian|5\/100\n|-damage|p2a: Floragato|7\/100 brn|[from] item: Life Orb\n|move|p1a: Persian|Knock Off|p2a: Floragato\n|-resisted|p2a: Floragato\n|-damage|p2a: Floragato|0 fnt\n|-enditem|p2a: Floragato|Life Orb|[from] move: Knock Off|[of] p1a: Persian\n|faint|p2a: Floragato\n|\n|upkeep\n|\n|t:|1700195249\n|switch|p2a: Gardevoir|Gardevoir, M|100\/100\n|-ability|p2a: Gardevoir|Fur Coat|[from] ability: Trace|[of] p1a: Persian\n|turn|41\n|\n|t:|1700195255\n|move|p2a: Gardevoir|Draining Kiss|p1a: Persian\n|-supereffective|p1a: Persian\n|-damage|p1a: Persian|0 fnt\n|faint|p1a: Persian\n|\n|win|Aeziolu\n|l|\u2606jacklives\n","uploadtime":1700195259,"views":7,"p1id":"jacklives","p2id":"aeziolu","formatid":"gen9anythinggoes","rating":0,"private":0,"password":""}