{"id":"gen9anythinggoes-1972856053","p1":"El Barano","p2":"tinytoonlink97","format":"[Gen 9] Anything Goes","log":"|j|\u2606El Barano\n|j|\u2606tinytoonlink97\n|t:|1697902653\n|gametype|singles\n|player|p1|El Barano|hiker-gen4|\n|player|p2|tinytoonlink97|ethan|\n|teamsize|p1|6\n|teamsize|p2|6\n|gen|9\n|tier|[Gen 9] Anything Goes\n|rule|HP Percentage Mod: HP is shown in percentages\n|rule|Endless Battle Clause: Forcing endless battles is banned\n|clearpoke\n|poke|p1|Landorus, M|\n|poke|p1|Gholdengo|\n|poke|p1|Tyranitar, M|\n|poke|p1|Weezing-Galar, M|\n|poke|p1|Houndstone, M|\n|poke|p1|Tsareena, F|\n|poke|p2|Mamoswine, M|\n|poke|p2|Conkeldurr, M|\n|poke|p2|Manaphy|\n|poke|p2|Revavroom, M|\n|poke|p2|Komala, M|\n|poke|p2|Eelektross, M|\n|teampreview\n|\n|t:|1697902713\n|start\n|switch|p1a: Ralf|Weezing-Galar, M, shiny|100\/100\n|switch|p2a: Monkey Fist|Conkeldurr, M|100\/100\n|turn|1\n|\n|t:|1697902730\n|move|p1a: Ralf|Strange Steam|p2a: Monkey Fist\n|-supereffective|p2a: Monkey Fist\n|-damage|p2a: Monkey Fist|54\/100\n|move|p2a: Monkey Fist|Earthquake|p1a: Ralf\n|-immune|p1a: Ralf|[from] ability: Levitate\n|\n|upkeep\n|turn|2\n|\n|t:|1697902755\n|switch|p2a: Wade|Eelektross, M, shiny|100\/100\n|move|p1a: Ralf|Strange Steam|p2a: Wade\n|-damage|p2a: Wade|78\/100\n|\n|-heal|p2a: Wade|84\/100|[from] item: Leftovers\n|upkeep\n|turn|3\n|\n|t:|1697902765\n|move|p1a: Ralf|Toxic|p2a: Wade\n|-status|p2a: Wade|tox\n|move|p2a: Wade|U-turn|p1a: Ralf\n|-resisted|p1a: Ralf\n|-damage|p1a: Ralf|97\/100\n|-damage|p2a: Wade|67\/100 tox|[from] item: Rocky Helmet|[of] p1a: Ralf\n|\n|t:|1697902777\n|switch|p2a: Kim|Manaphy|100\/100|[from] U-turn\n|\n|upkeep\n|turn|4\n|\n|t:|1697902786\n|switch|p1a: Klaus Peter|Tsareena, F, shiny|100\/100\n|move|p2a: Kim|Flip Turn|p1a: Klaus Peter\n|-resisted|p1a: Klaus Peter\n|-damage|p1a: Klaus Peter|90\/100\n|\n|t:|1697902799\n|switch|p2a: Killigan|Mamoswine, M|100\/100|[from] Flip Turn\n|\n|upkeep\n|turn|5\n|\n|t:|1697902825\n|switch|p2a: Drakken|Revavroom, M|100\/100\n|switch|p1a: Ralf|Weezing-Galar, M, shiny|97\/100\n|\n|upkeep\n|turn|6\n|\n|t:|1697902851\n|switch|p1a: Karl Heinz|Houndstone, M, shiny|100\/100\n|move|p2a: Drakken|Iron Head|p1a: Karl Heinz\n|-damage|p1a: Karl Heinz|87\/100\n|\n|upkeep\n|turn|7\n|\n|t:|1697902878\n|move|p2a: Drakken|Rest|p2a: Drakken\n|-fail|p2a: Drakken|heal\n|move|p1a: Karl Heinz|Poltergeist|p2a: Drakken\n|-activate|p2a: Drakken|move: Poltergeist|Chesto Berry\n|-damage|p2a: Drakken|70\/100\n|\n|upkeep\n|turn|8\n|\n|t:|1697902892\n|move|p2a: Drakken|Shift Gear|p2a: Drakken\n|-boost|p2a: Drakken|spe|2\n|-boost|p2a: Drakken|atk|1\n|move|p1a: Karl Heinz|Poltergeist|p2a: Drakken\n|-activate|p2a: Drakken|move: Poltergeist|Chesto Berry\n|-damage|p2a: Drakken|36\/100\n|\n|upkeep\n|turn|9\n|\n|t:|1697902903\n|move|p2a: Drakken|Rest|p2a: Drakken\n|-status|p2a: Drakken|slp|[from] move: Rest\n|-heal|p2a: Drakken|100\/100 slp|[silent]\n|-enditem|p2a: Drakken|Chesto Berry|[eat]\n|-curestatus|p2a: Drakken|slp|[msg]\n|move|p1a: Karl Heinz|Poltergeist||[still]\n|-fail|p1a: Karl Heinz\n|\n|upkeep\n|turn|10\n|\n|t:|1697902923\n|switch|p1a: Money Boy|Gholdengo|100\/100\n|move|p2a: Drakken|Shift Gear|p2a: Drakken\n|-boost|p2a: Drakken|spe|2\n|-boost|p2a: Drakken|atk|1\n|\n|upkeep\n|turn|11\n|\n|t:|1697902972\n|switch|p2a: Kim|Manaphy|100\/100\n|move|p1a: Money Boy|Shadow Ball|p2a: Kim\n|-damage|p2a: Kim|81\/100\n|\n|upkeep\n|turn|12\n|\n|t:|1697902981\n|move|p1a: Money Boy|Thunderbolt|p2a: Kim\n|-supereffective|p2a: Kim\n|-damage|p2a: Kim|55\/100\n|move|p2a: Kim|Flip Turn|p1a: Money Boy\n|-damage|p1a: Money Boy|80\/100\n|\n|t:|1697902990\n|switch|p2a: Killigan|Mamoswine, M|100\/100|[from] Flip Turn\n|\n|-heal|p1a: Money Boy|86\/100|[from] item: Leftovers\n|upkeep\n|turn|13\n|\n|t:|1697903009\n|switch|p1a: Ralf|Weezing-Galar, M, shiny|97\/100\n|move|p2a: Killigan|Knock Off|p1a: Ralf\n|-resisted|p1a: Ralf\n|-damage|p1a: Ralf|85\/100\n|-damage|p2a: Killigan|84\/100|[from] item: Rocky Helmet|[of] p1a: Ralf\n|-enditem|p1a: Ralf|Rocky Helmet|[from] move: Knock Off|[of] p2a: Killigan\n|\n|upkeep\n|turn|14\n|\n|t:|1697903031\n|switch|p2a: Wade|Eelektross, M, shiny|67\/100 tox\n|switch|p1a: Achim|Tyranitar, M, shiny|100\/100\n|-weather|Sandstorm|[from] ability: Sand Stream|[of] p1a: Achim\n|\n|-weather|Sandstorm|[upkeep]\n|-damage|p2a: Wade|61\/100 tox|[from] Sandstorm\n|-heal|p2a: Wade|67\/100 tox|[from] item: Leftovers\n|-damage|p2a: Wade|61\/100 tox|[from] psn\n|upkeep\n|turn|15\n|\n|t:|1697903044\n|move|p1a: Achim|Stealth Rock|p2a: Wade\n|-sidestart|p2: tinytoonlink97|move: Stealth Rock\n|move|p2a: Wade|U-turn|p1a: Achim\n|-supereffective|p1a: Achim\n|-crit|p1a: Achim\n|-damage|p1a: Achim|58\/100\n|\n|t:|1697903049\n|switch|p2a: Monkey Fist|Conkeldurr, M|54\/100|[from] U-turn\n|-damage|p2a: Monkey Fist|48\/100|[from] Stealth Rock\n|\n|-weather|Sandstorm|[upkeep]\n|-damage|p2a: Monkey Fist|41\/100|[from] Sandstorm\n|upkeep\n|turn|16\n|\n|t:|1697903068\n|switch|p1a: Ralf|Weezing-Galar, M, shiny|85\/100\n|move|p2a: Monkey Fist|Drain Punch|p1a: Ralf\n|-resisted|p1a: Ralf\n|-damage|p1a: Ralf|79\/100\n|-heal|p2a: Monkey Fist|44\/100|[from] drain|[of] p1a: Ralf\n|\n|-weather|Sandstorm|[upkeep]\n|-damage|p1a: Ralf|73\/100|[from] Sandstorm\n|-damage|p2a: Monkey Fist|38\/100|[from] Sandstorm\n|upkeep\n|turn|17\n|\n|t:|1697903086\n|switch|p2a: Wade|Eelektross, M, shiny|61\/100 tox\n|-damage|p2a: Wade|49\/100 tox|[from] Stealth Rock\n|move|p1a: Ralf|Strange Steam|p2a: Wade\n|-damage|p2a: Wade|25\/100 tox\n|\n|-weather|Sandstorm|[upkeep]\n|-damage|p1a: Ralf|67\/100|[from] Sandstorm\n|-damage|p2a: Wade|19\/100 tox|[from] Sandstorm\n|-heal|p2a: Wade|25\/100 tox|[from] item: Leftovers\n|-damage|p2a: Wade|19\/100 tox|[from] psn\n|upkeep\n|turn|18\n|\n|t:|1697903099\n|move|p1a: Ralf|Strange Steam|p2a: Wade\n|-damage|p2a: Wade|0 fnt\n|faint|p2a: Wade\n|\n|-weather|none\n|upkeep\n|\n|t:|1697903106\n|switch|p2a: Drakken|Revavroom, M|100\/100\n|-damage|p2a: Drakken|95\/100|[from] Stealth Rock\n|turn|19\n|\n|t:|1697903118\n|switch|p1a: Klaus Peter|Tsareena, F, shiny|90\/100\n|move|p2a: Drakken|Iron Head|p1a: Klaus Peter\n|-damage|p1a: Klaus Peter|53\/100\n|\n|upkeep\n|turn|20\n|\n|t:|1697903136\n|switch|p1a: Achim|Tyranitar, M, shiny|58\/100\n|-weather|Sandstorm|[from] ability: Sand Stream|[of] p1a: Achim\n|move|p2a: Drakken|Iron Head|p1a: Achim\n|-supereffective|p1a: Achim\n|-damage|p1a: Achim|4\/100\n|\n|-weather|Sandstorm|[upkeep]\n|upkeep\n|turn|21\n|\n|t:|1697903157\n|move|p2a: Drakken|Iron Head|p1a: Achim\n|-supereffective|p1a: Achim\n|-damage|p1a: Achim|0 fnt\n|faint|p1a: Achim\n|\n|-weather|Sandstorm|[upkeep]\n|upkeep\n|\n|t:|1697903164\n|switch|p1a: Johnny Sins|Landorus, M, shiny|100\/100\n|turn|22\n|\n|t:|1697903221\n|switch|p2a: Monkey Fist|Conkeldurr, M|38\/100\n|-damage|p2a: Monkey Fist|32\/100|[from] Stealth Rock\n|move|p1a: Johnny Sins|Calm Mind|p1a: Johnny Sins\n|-boost|p1a: Johnny Sins|spa|1\n|-boost|p1a: Johnny Sins|spd|1\n|\n|-weather|Sandstorm|[upkeep]\n|-damage|p2a: Monkey Fist|25\/100|[from] Sandstorm\n|upkeep\n|turn|23\n|\n|t:|1697903235\n|move|p1a: Johnny Sins|Earth Power|p2a: Monkey Fist\n|-damage|p2a: Monkey Fist|0 fnt\n|faint|p2a: Monkey Fist\n|\n|-weather|Sandstorm|[upkeep]\n|upkeep\n|\n|t:|1697903240\n|switch|p2a: Kim|Manaphy|55\/100\n|-damage|p2a: Kim|43\/100|[from] Stealth Rock\n|turn|24\n|\n|t:|1697903280\n|move|p1a: Johnny Sins|Calm Mind|p1a: Johnny Sins\n|-boost|p1a: Johnny Sins|spa|1\n|-boost|p1a: Johnny Sins|spd|1\n|move|p2a: Kim|Scald|p1a: Johnny Sins\n|-supereffective|p1a: Johnny Sins\n|-damage|p1a: Johnny Sins|62\/100\n|-enditem|p1a: Johnny Sins|Weakness Policy\n|-boost|p1a: Johnny Sins|atk|2|[from] item: Weakness Policy\n|-boost|p1a: Johnny Sins|spa|2|[from] item: Weakness Policy\n|\n|-weather|none\n|upkeep\n|turn|25\n|\n|t:|1697903324\n|move|p1a: Johnny Sins|Earth Power|p2a: Kim\n|-damage|p2a: Kim|0 fnt\n|faint|p2a: Kim\n|\n|upkeep\n|\n|t:|1697903333\n|switch|p2a: Killigan|Mamoswine, M|84\/100\n|-damage|p2a: Killigan|71\/100|[from] Stealth Rock\n|turn|26\n|\n|t:|1697903338\n|move|p2a: Killigan|Ice Shard|p1a: Johnny Sins\n|-supereffective|p1a: Johnny Sins\n|-damage|p1a: Johnny Sins|0 fnt\n|faint|p1a: Johnny Sins\n|\n|upkeep\n|\n|t:|1697903356\n|switch|p1a: Money Boy|Gholdengo|86\/100\n|turn|27\n|\n|t:|1697903385\n|switch|p1a: Ralf|Weezing-Galar, M, shiny|67\/100\n|switch|p2a: Drakken|Revavroom, M|95\/100\n|-damage|p2a: Drakken|89\/100|[from] Stealth Rock\n|\n|upkeep\n|turn|28\n|\n|t:|1697903396\n|switch|p1a: Money Boy|Gholdengo|86\/100\n|move|p2a: Drakken|Shift Gear|p2a: Drakken\n|-boost|p2a: Drakken|spe|2\n|-boost|p2a: Drakken|atk|1\n|\n|-heal|p1a: Money Boy|92\/100|[from] item: Leftovers\n|upkeep\n|turn|29\n|\n|t:|1697903406\n|move|p2a: Drakken|Shift Gear|p2a: Drakken\n|-boost|p2a: Drakken|spe|2\n|-boost|p2a: Drakken|atk|1\n|move|p1a: Money Boy|Shadow Ball|p2a: Drakken\n|-damage|p2a: Drakken|27\/100\n|\n|-heal|p1a: Money Boy|98\/100|[from] item: Leftovers\n|upkeep\n|turn|30\n|\n|t:|1697903424\n|move|p2a: Drakken|Rest|p2a: Drakken\n|-status|p2a: Drakken|slp|[from] move: Rest\n|-heal|p2a: Drakken|100\/100 slp|[silent]\n|move|p1a: Money Boy|Shadow Ball|p2a: Drakken\n|-damage|p2a: Drakken|31\/100 slp\n|-unboost|p2a: Drakken|spd|1\n|\n|-heal|p1a: Money Boy|100\/100|[from] item: Leftovers\n|upkeep\n|turn|31\n|\n|t:|1697903435\n|switch|p2a: Rufus|Komala, M|100\/100\n|-ability|p2a: Rufus|Comatose\n|move|p1a: Money Boy|Shadow Ball|p2a: Rufus\n|-immune|p2a: Rufus\n|\n|upkeep\n|turn|32\n|\n|t:|1697903458\n|move|p1a: Money Boy|Make It Rain|p2a: Rufus\n|-damage|p2a: Rufus|32\/100\n|-unboost|p1a: Money Boy|spa|1\n|move|p2a: Rufus|Wish|p2a: Rufus\n|\n|upkeep\n|turn|33\n|\n|t:|1697903475\n|move|p1a: Money Boy|Make It Rain|p2a: Rufus\n|-damage|p2a: Rufus|0 fnt\n|-unboost|p1a: Money Boy|spa|1\n|faint|p2a: Rufus\n|\n|upkeep\n|\n|t:|1697903485\n|switch|p2a: Killigan|Mamoswine, M|71\/100\n|-damage|p2a: Killigan|59\/100|[from] Stealth Rock\n|turn|34\n|\n|t:|1697903492\n|switch|p1a: Ralf|Weezing-Galar, M, shiny|67\/100\n|move|p2a: Killigan|Knock Off|p1a: Ralf\n|-resisted|p1a: Ralf\n|-damage|p1a: Ralf|60\/100\n|\n|upkeep\n|turn|35\n|\n|t:|1697903501\n|switch|p2a: Drakken|Revavroom, M|31\/100 slp\n|-damage|p2a: Drakken|25\/100 slp|[from] Stealth Rock\n|move|p1a: Ralf|Strange Steam|p2a: Drakken|[miss]\n|-miss|p1a: Ralf|p2a: Drakken\n|\n|upkeep\n|turn|36\n|\n|t:|1697903513\n|switch|p1a: Money Boy|Gholdengo|100\/100\n|-terastallize|p2a: Drakken|Water\n|cant|p2a: Drakken|slp\n|\n|upkeep\n|turn|37\n|\n|t:|1697903532\n|move|p1a: Money Boy|Make It Rain|p2a: Drakken\n|-resisted|p2a: Drakken\n|-damage|p2a: Drakken|0 fnt\n|-unboost|p1a: Money Boy|spa|1\n|faint|p2a: Drakken\n|\n|upkeep\n|\n|t:|1697903539\n|switch|p2a: Killigan|Mamoswine, M|59\/100\n|-damage|p2a: Killigan|46\/100|[from] Stealth Rock\n|turn|38\n|\n|t:|1697903547\n|switch|p1a: Ralf|Weezing-Galar, M, shiny|60\/100\n|move|p2a: Killigan|Earthquake|p1a: Ralf\n|-immune|p1a: Ralf|[from] ability: Levitate\n|\n|upkeep\n|turn|39\n|\n|t:|1697903554\n|move|p2a: Killigan|Icicle Crash|p1a: Ralf\n|-damage|p1a: Ralf|31\/100\n|move|p1a: Ralf|Strange Steam|p2a: Killigan\n|-damage|p2a: Killigan|11\/100\n|-start|p2a: Killigan|confusion\n|\n|upkeep\n|turn|40\n|\n|t:|1697903571\n|switch|p1a: Karl Heinz|Houndstone, M, shiny|87\/100\n|-activate|p2a: Killigan|confusion\n|move|p2a: Killigan|Icicle Crash|p1a: Karl Heinz\n|-damage|p1a: Karl Heinz|51\/100\n|\n|upkeep\n|turn|41\n|\n|t:|1697903613\n|-terastallize|p1a: Karl Heinz|Fairy\n|-activate|p2a: Killigan|confusion\n|-damage|p2a: Killigan|0 fnt|[from] confusion\n|faint|p2a: Killigan\n|\n|win|El Barano\n|c|\u2606El Barano|gg\n|c|\u2606tinytoonlink97|gg\n","uploadtime":1697903651,"views":22,"p1id":"elbarano","p2id":"tinytoonlink97","formatid":"gen9anythinggoes","rating":0,"private":0,"password":""}