{"id":"gen9anythinggoes-1996298838","p1":"ImJustTryingMYBest","p2":"danchodon","format":"[Gen 9] Anything Goes","log":"|j|\u2606ImJustTryingMYBest\n|j|\u2606danchodon\n|t:|1700668819\n|gametype|singles\n|player|p1|ImJustTryingMYBest|169|1301\n|player|p2|danchodon|brycenman|1255\n|teamsize|p1|6\n|teamsize|p2|6\n|gen|9\n|tier|[Gen 9] Anything Goes\n|rated|\n|rule|HP Percentage Mod: HP is shown in percentages\n|rule|Endless Battle Clause: Forcing endless battles is banned\n|clearpoke\n|poke|p1|Calyrex-Shadow|\n|poke|p1|Glimmora, F|\n|poke|p1|Kingambit, F|\n|poke|p1|Urshifu-*, F|\n|poke|p1|Scizor, F|\n|poke|p1|Iron Moth|\n|poke|p2|Volbeat, M|\n|poke|p2|Gholdengo|\n|poke|p2|Azumarill, M|\n|poke|p2|Ceruledge, M|\n|poke|p2|Scyther, M|\n|poke|p2|Dragapult, F|\n|teampreview\n|inactive|Battle timer is ON: inactive players will automatically lose when time's up. (requested by danchodon)\n|inactive|ImJustTryingMYBest has 120 seconds left.\n|\n|t:|1700668853\n|start\n|switch|p1a: Glimmora|Glimmora, F|100\/100\n|switch|p2a: Volbeat|Volbeat, M|100\/100\n|turn|1\n|\n|t:|1700668861\n|move|p2a: Volbeat|Taunt|p1a: Glimmora\n|-start|p1a: Glimmora|move: Taunt\n|cant|p1a: Glimmora|move: Taunt|Stealth Rock\n|\n|upkeep\n|turn|2\n|\n|t:|1700668870\n|move|p2a: Volbeat|Tail Glow|p2a: Volbeat\n|-boost|p2a: Volbeat|spa|3\n|move|p1a: Glimmora|Flash Cannon|p2a: Volbeat\n|-damage|p2a: Volbeat|67\/100\n|\n|upkeep\n|turn|3\n|\n|t:|1700668886\n|move|p2a: Volbeat|Baton Pass|p2a: Volbeat\n|\n|t:|1700668892\n|switch|p2a: Dragapult|Dragapult, F|100\/100|[from] Baton Pass\n|move|p1a: Glimmora|Flash Cannon|p2a: Dragapult\n|-damage|p2a: Dragapult|75\/100\n|\n|-end|p1a: Glimmora|move: Taunt\n|upkeep\n|turn|4\n|\n|t:|1700668903\n|move|p2a: Dragapult|Shadow Ball|p1a: Glimmora\n|-damage|p1a: Glimmora|0 fnt\n|faint|p1a: Glimmora\n|\n|upkeep\n|\n|t:|1700668914\n|switch|p1a: Calyrex|Calyrex-Shadow|100\/100\n|-ability|p1a: Calyrex|As One\n|-ability|p1a: Calyrex|Unnerve\n|turn|5\n|\n|t:|1700668925\n|-terastallize|p2a: Dragapult|Dragon\n|move|p1a: Calyrex|Astral Barrage|p2a: Dragapult\n|-damage|p2a: Dragapult|4\/100\n|move|p2a: Dragapult|Draco Meteor|p1a: Calyrex\n|-damage|p1a: Calyrex|0 fnt\n|-unboost|p2a: Dragapult|spa|2\n|faint|p1a: Calyrex\n|\n|upkeep\n|inactive|ImJustTryingMYBest has 120 seconds left.\n|\n|t:|1700668948\n|switch|p1a: Scizor|Scizor, F|100\/100\n|turn|6\n|\n|t:|1700668957\n|move|p2a: Dragapult|Flamethrower|p1a: Scizor\n|-supereffective|p1a: Scizor\n|-damage|p1a: Scizor|0 fnt\n|faint|p1a: Scizor\n|\n|upkeep\n|inactive|ImJustTryingMYBest has 120 seconds left.\n|\n|t:|1700668969\n|switch|p1a: Urshifu|Urshifu-Rapid-Strike, F|100\/100\n|turn|7\n|\n|t:|1700668981\n|move|p1a: Urshifu|Aqua Jet|p2a: Dragapult\n|-resisted|p2a: Dragapult\n|-damage|p2a: Dragapult|0 fnt\n|faint|p2a: Dragapult\n|\n|upkeep\n|\n|t:|1700668987\n|switch|p2a: Volbeat|Volbeat, M|67\/100\n|turn|8\n|\n|t:|1700668993\n|move|p2a: Volbeat|Tailwind|p2a: Volbeat\n|-sidestart|p2: danchodon|move: Tailwind\n|move|p1a: Urshifu|Fire Punch|p2a: Volbeat\n|-supereffective|p2a: Volbeat\n|-damage|p2a: Volbeat|8\/100\n|-status|p2a: Volbeat|brn\n|\n|-damage|p2a: Volbeat|2\/100 brn|[from] brn\n|upkeep\n|turn|9\n|\n|t:|1700669002\n|move|p2a: Volbeat|Baton Pass|p2a: Volbeat\n|\n|t:|1700669013\n|switch|p2a: Azumarill|Azumarill, M|100\/100|[from] Baton Pass\n|move|p1a: Urshifu|Aqua Jet|p2a: Azumarill\n|-resisted|p2a: Azumarill\n|-damage|p2a: Azumarill|91\/100\n|\n|-heal|p2a: Azumarill|97\/100|[from] item: Leftovers\n|upkeep\n|turn|10\n|\n|t:|1700669028\n|move|p1a: Urshifu|Surging Strikes|p2a: Azumarill\n|-resisted|p2a: Azumarill\n|-crit|p2a: Azumarill\n|-damage|p2a: Azumarill|86\/100\n|-resisted|p2a: Azumarill\n|-crit|p2a: Azumarill\n|-damage|p2a: Azumarill|77\/100\n|-resisted|p2a: Azumarill\n|-crit|p2a: Azumarill\n|-damage|p2a: Azumarill|67\/100\n|-hitcount|p2a: Azumarill|3\n|move|p2a: Azumarill|Play Rough|p1a: Urshifu\n|-supereffective|p1a: Urshifu\n|-damage|p1a: Urshifu|2\/100\n|\n|-heal|p2a: Azumarill|73\/100|[from] item: Leftovers\n|upkeep\n|turn|11\n|\n|t:|1700669045\n|move|p2a: Azumarill|Aqua Jet|p1a: Urshifu\n|-resisted|p1a: Urshifu\n|-crit|p1a: Urshifu\n|-damage|p1a: Urshifu|0 fnt\n|faint|p1a: Urshifu\n|\n|-heal|p2a: Azumarill|79\/100|[from] item: Leftovers\n|-sideend|p2: danchodon|move: Tailwind\n|upkeep\n|\n|t:|1700669059\n|switch|p1a: Kingambit|Kingambit, F, shiny|100\/100\n|-activate|p1a: Kingambit|ability: Supreme Overlord\n|-start|p1a: Kingambit|fallen4|[silent]\n|turn|12\n|\n|t:|1700669066\n|move|p1a: Kingambit|Iron Head|p2a: Azumarill\n|-damage|p2a: Azumarill|13\/100\n|move|p2a: Azumarill|Play Rough|p1a: Kingambit\n|-damage|p1a: Kingambit|64\/100\n|\n|-heal|p2a: Azumarill|19\/100|[from] item: Leftovers\n|upkeep\n|turn|13\n|\n|t:|1700669089\n|move|p2a: Azumarill|Aqua Jet|p1a: Kingambit\n|-damage|p1a: Kingambit|48\/100\n|move|p1a: Kingambit|Iron Head|p2a: Azumarill\n|-damage|p2a: Azumarill|0 fnt\n|faint|p2a: Azumarill\n|\n|upkeep\n|\n|t:|1700669097\n|switch|p2a: Volbeat|Volbeat, M|2\/100 brn\n|turn|14\n|\n|t:|1700669107\n|-terastallize|p1a: Kingambit|Fire\n|move|p2a: Volbeat|Tailwind|p2a: Volbeat\n|-sidestart|p2: danchodon|move: Tailwind\n|move|p1a: Kingambit|Tera Blast|p2a: Volbeat|[anim] Tera Blast Fire\n|-supereffective|p2a: Volbeat\n|-damage|p2a: Volbeat|0 fnt\n|faint|p2a: Volbeat\n|\n|upkeep\n|\n|t:|1700669119\n|switch|p2a: Ceruledge|Ceruledge, M|100\/100\n|turn|15\n|\n|t:|1700669126\n|move|p1a: Kingambit|Sucker Punch|p2a: Ceruledge\n|-supereffective|p2a: Ceruledge\n|-damage|p2a: Ceruledge|0 fnt\n|faint|p2a: Ceruledge\n|\n|upkeep\n|\n|t:|1700669131\n|switch|p2a: Scyther|Scyther, M|100\/100\n|turn|16\n|\n|t:|1700669139\n|move|p2a: Scyther|Quick Attack|p1a: Kingambit\n|-damage|p1a: Kingambit|35\/100\n|move|p1a: Kingambit|Tera Blast|p2a: Scyther|[anim] Tera Blast Fire\n|-supereffective|p2a: Scyther\n|-damage|p2a: Scyther|0 fnt\n|faint|p2a: Scyther\n|\n|upkeep\n|\n|t:|1700669147\n|switch|p2a: Gholdengo|Gholdengo|100\/100\n|-item|p2a: Gholdengo|Air Balloon\n|turn|17\n|\n|t:|1700669155\n|move|p2a: Gholdengo|Nasty Plot|p2a: Gholdengo\n|-boost|p2a: Gholdengo|spa|2\n|move|p1a: Kingambit|Tera Blast|p2a: Gholdengo|[anim] Tera Blast Fire\n|-supereffective|p2a: Gholdengo\n|-damage|p2a: Gholdengo|0 fnt\n|-enditem|p2a: Gholdengo|Air Balloon\n|faint|p2a: Gholdengo\n|\n|win|ImJustTryingMYBest\n|raw|ImJustTryingMYBest's rating: 1301 &rarr; <strong>1318<\/strong><br \/>(+17 for winning)\n|raw|danchodon's rating: 1255 &rarr; <strong>1233<\/strong><br \/>(-22 for losing)\n","uploadtime":1700669167,"views":0,"p1id":"imjusttryingmybest","p2id":"danchodon","formatid":"gen9anythinggoes","rating":1233,"private":0,"password":""}