{"id":"gen9anythinggoes-1978524519","p1":"TeamSkyAdminAirvin","p2":"NewMarioGame","format":"[Gen 9] Anything Goes","log":"|j|\u2606TeamSkyAdminAirvin\n|j|\u2606NewMarioGame\n|t:|1698550445\n|gametype|singles\n|player|p1|TeamSkyAdminAirvin|palmer|1135\n|player|p2|NewMarioGame|101|1092\n|teamsize|p1|6\n|teamsize|p2|6\n|gen|9\n|tier|[Gen 9] Anything Goes\n|rated|\n|rule|HP Percentage Mod: HP is shown in percentages\n|rule|Endless Battle Clause: Forcing endless battles is banned\n|clearpoke\n|poke|p1|Ursaluna, F|\n|poke|p1|Ursaluna-Bloodmoon, M|\n|poke|p1|Zoroark-Hisui, M|\n|poke|p1|Snorlax, M|\n|poke|p1|Komala, M|\n|poke|p1|Staraptor, F|\n|poke|p2|Sawsbuck, F|\n|poke|p2|Indeedee, M|\n|poke|p2|Quaquaval, F|\n|poke|p2|Maushold|\n|poke|p2|Iron Moth|\n|poke|p2|Glimmora, F|\n|teampreview\n|inactive|Battle timer is ON: inactive players will automatically lose when time's up. (requested by NewMarioGame)\n|\n|t:|1698550452\n|start\n|switch|p1a: Quick Nap|Komala, M|100\/100\n|switch|p2a: Glimmora|Glimmora, F|100\/100\n|-ability|p1a: Quick Nap|Comatose\n|turn|1\n|\n|t:|1698550463\n|move|p2a: Glimmora|Toxic|p1a: Quick Nap\n|-immune|p1a: Quick Nap|[from] ability: Comatose\n|move|p1a: Quick Nap|Seed Bomb|p2a: Glimmora\n|-damage|p2a: Glimmora|73\/100\n|-activate|p2a: Glimmora|ability: Toxic Debris\n|-sidestart|p1: TeamSkyAdminAirvin|move: Toxic Spikes\n|\n|upkeep\n|turn|2\n|-activate|p1a: Quick Nap|item: Quick Claw\n|\n|t:|1698550471\n|move|p1a: Quick Nap|Seed Bomb|p2a: Glimmora\n|-damage|p2a: Glimmora|45\/100\n|-activate|p2a: Glimmora|ability: Toxic Debris\n|-sidestart|p1: TeamSkyAdminAirvin|move: Toxic Spikes\n|move|p2a: Glimmora|Stealth Rock|p1a: Quick Nap\n|-sidestart|p1: TeamSkyAdminAirvin|move: Stealth Rock\n|\n|upkeep\n|turn|3\n|\n|t:|1698550481\n|move|p2a: Glimmora|Spikes|p1a: Quick Nap\n|-sidestart|p1: TeamSkyAdminAirvin|Spikes\n|move|p1a: Quick Nap|Seed Bomb|p2a: Glimmora\n|-damage|p2a: Glimmora|18\/100\n|\n|upkeep\n|turn|4\n|\n|t:|1698550487\n|move|p2a: Glimmora|Sludge Bomb|p1a: Quick Nap\n|-damage|p1a: Quick Nap|56\/100\n|move|p1a: Quick Nap|Seed Bomb|p2a: Glimmora\n|-damage|p2a: Glimmora|0 fnt\n|faint|p2a: Glimmora\n|\n|upkeep\n|\n|t:|1698550496\n|switch|p2a: Iron Moth|Iron Moth|100\/100\n|turn|5\n|\n|t:|1698550500\n|move|p2a: Iron Moth|Substitute|p2a: Iron Moth\n|-start|p2a: Iron Moth|Substitute\n|-damage|p2a: Iron Moth|76\/100\n|move|p1a: Quick Nap|Rapid Spin|p2a: Iron Moth\n|-end|p2a: Iron Moth|Substitute\n|-sideend|p1: TeamSkyAdminAirvin|Spikes|[from] move: Rapid Spin|[of] p1a: Quick Nap\n|-sideend|p1: TeamSkyAdminAirvin|Toxic Spikes|[from] move: Rapid Spin|[of] p1a: Quick Nap\n|-sideend|p1: TeamSkyAdminAirvin|Stealth Rock|[from] move: Rapid Spin|[of] p1a: Quick Nap\n|-boost|p1a: Quick Nap|spe|1\n|\n|upkeep\n|turn|6\n|\n|t:|1698550511\n|move|p2a: Iron Moth|Fiery Dance|p1a: Quick Nap\n|-damage|p1a: Quick Nap|4\/100\n|-boost|p2a: Iron Moth|spa|1\n|move|p1a: Quick Nap|Gunk Shot|p2a: Iron Moth\n|-resisted|p2a: Iron Moth\n|-damage|p2a: Iron Moth|38\/100\n|\n|upkeep\n|turn|7\n|\n|t:|1698550520\n|move|p2a: Iron Moth|Morning Sun|p2a: Iron Moth\n|-heal|p2a: Iron Moth|88\/100\n|move|p1a: Quick Nap|Gunk Shot|p2a: Iron Moth\n|-resisted|p2a: Iron Moth\n|-damage|p2a: Iron Moth|51\/100\n|\n|upkeep\n|turn|8\n|\n|t:|1698550528\n|move|p2a: Iron Moth|Fiery Dance|p1a: Quick Nap\n|-damage|p1a: Quick Nap|0 fnt\n|-boost|p2a: Iron Moth|spa|1\n|faint|p1a: Quick Nap\n|\n|upkeep\n|\n|t:|1698550543\n|switch|p1a: Ma|Ursaluna, F, shiny|100\/100\n|turn|9\n|\n|t:|1698550552\n|move|p2a: Iron Moth|Fiery Dance|p1a: Ma\n|-damage|p1a: Ma|47\/100\n|-boost|p2a: Iron Moth|spa|1\n|move|p1a: Ma|Headlong Rush|p2a: Iron Moth\n|-supereffective|p2a: Iron Moth\n|-damage|p2a: Iron Moth|0 fnt\n|-unboost|p1a: Ma|def|1\n|-unboost|p1a: Ma|spd|1\n|faint|p2a: Iron Moth\n|-end|p2a: Iron Moth|Quark Drive|[silent]\n|\n|upkeep\n|\n|t:|1698550564\n|switch|p2a: Quaquaval|Quaquaval, F|100\/100\n|turn|10\n|\n|t:|1698550569\n|-terastallize|p1a: Ma|Fairy\n|move|p2a: Quaquaval|Aqua Step|p1a: Ma\n|-damage|p1a: Ma|8\/100\n|-boost|p2a: Quaquaval|spe|1\n|move|p1a: Ma|Play Rough|p2a: Quaquaval\n|-supereffective|p2a: Quaquaval\n|-damage|p2a: Quaquaval|0 fnt\n|faint|p2a: Quaquaval\n|\n|upkeep\n|\n|t:|1698550582\n|switch|p2a: Maushold|Maushold|100\/100\n|turn|11\n|\n|t:|1698550591\n|move|p2a: Maushold|Population Bomb|p1a: Ma\n|-damage|p1a: Ma|0 fnt\n|faint|p1a: Ma\n|-hitcount|p1: Ma|1\n|\n|upkeep\n|\n|t:|1698550599\n|switch|p1a: Pa|Ursaluna-Bloodmoon, M|100\/100\n|turn|12\n|\n|t:|1698550606\n|move|p2a: Maushold|Tidy Up|p2a: Maushold\n|-boost|p2a: Maushold|atk|1\n|-boost|p2a: Maushold|spe|1\n|move|p1a: Pa|Curse|p2a: Maushold\n|-start|p2a: Maushold|Curse|[of] p1a: Pa\n|-damage|p1a: Pa|51\/100\n|\n|-heal|p1a: Pa|57\/100|[from] item: Leftovers\n|-damage|p2a: Maushold|76\/100|[from] Curse\n|upkeep\n|turn|13\n|\n|t:|1698550618\n|move|p2a: Maushold|Population Bomb|p1a: Pa\n|-immune|p1a: Pa\n|move|p1a: Pa|Calm Mind|p1a: Pa\n|-boost|p1a: Pa|spa|1\n|-boost|p1a: Pa|spd|1\n|\n|-heal|p1a: Pa|63\/100|[from] item: Leftovers\n|-damage|p2a: Maushold|51\/100|[from] Curse\n|upkeep\n|turn|14\n|\n|t:|1698550628\n|move|p2a: Maushold|Crunch|p1a: Pa\n|-supereffective|p1a: Pa\n|-damage|p1a: Pa|0 fnt\n|replace|p1a: Danny phantom|Zoroark-Hisui, M, shiny\n|-end|p1a: Danny phantom|Illusion\n|faint|p1a: Danny phantom\n|\n|-damage|p2a: Maushold|26\/100|[from] Curse\n|upkeep\n|\n|t:|1698550642\n|switch|p1a: Pa|Ursaluna-Bloodmoon, M|100\/100\n|turn|15\n|c|\u2606NewMarioGame|danny phantom\n|c|\u2606NewMarioGame|nice name\n|\n|t:|1698550652\n|move|p2a: Maushold|Population Bomb|p1a: Pa\n|-damage|p1a: Pa|89\/100\n|-damage|p1a: Pa|77\/100\n|-damage|p1a: Pa|65\/100\n|-damage|p1a: Pa|53\/100\n|-damage|p1a: Pa|42\/100\n|-damage|p1a: Pa|31\/100\n|-damage|p1a: Pa|20\/100\n|-damage|p1a: Pa|8\/100\n|-damage|p1a: Pa|0 fnt\n|faint|p1a: Pa\n|-hitcount|p1: Pa|9\n|\n|-damage|p2a: Maushold|1\/100|[from] Curse\n|upkeep\n|\n|t:|1698550668\n|switch|p1a: Angry Bird|Staraptor, F|100\/100\n|-ability|p1a: Angry Bird|Intimidate|boost\n|-unboost|p2a: Maushold|atk|1\n|turn|16\n|\n|t:|1698550674\n|move|p2a: Maushold|Population Bomb|p1a: Angry Bird\n|-damage|p1a: Angry Bird|84\/100\n|-damage|p1a: Angry Bird|66\/100\n|-damage|p1a: Angry Bird|51\/100\n|-damage|p1a: Angry Bird|35\/100\n|-damage|p1a: Angry Bird|20\/100\n|-damage|p1a: Angry Bird|4\/100\n|-damage|p1a: Angry Bird|0 fnt\n|faint|p1a: Angry Bird\n|-hitcount|p1: Angry Bird|7\n|\n|-damage|p2a: Maushold|0 fnt|[from] Curse\n|faint|p2a: Maushold\n|upkeep\n|\n|t:|1698550689\n|switch|p2a: Indeedee|Indeedee, M|100\/100\n|switch|p1a: Bob!? DO SUMTHIN|Snorlax, M|100\/100\n|-fieldstart|move: Psychic Terrain|[from] ability: Psychic Surge|[of] p2a: Indeedee\n|turn|17\n|\n|t:|1698550696\n|move|p2a: Indeedee|Trick|p1a: Bob!? DO SUMTHIN\n|-activate|p2a: Indeedee|move: Trick|[of] p1a: Bob!? DO SUMTHIN\n|-item|p1a: Bob!? DO SUMTHIN|Choice Specs|[from] move: Trick\n|-item|p2a: Indeedee|Custap Berry|[from] move: Trick\n|move|p1a: Bob!? DO SUMTHIN|Belly Drum|p1a: Bob!? DO SUMTHIN\n|-damage|p1a: Bob!? DO SUMTHIN|50\/100\n|-setboost|p1a: Bob!? DO SUMTHIN|atk|6|[from] move: Belly Drum\n|\n|upkeep\n|turn|18\n|c|\u2606TeamSkyAdminAirvin|You mf ...\ud83e\udd23\n|c|\u2606NewMarioGame|bob\n|\n|t:|1698550723\n|move|p2a: Indeedee|Psychic|p1a: Bob!? DO SUMTHIN\n|-damage|p1a: Bob!? DO SUMTHIN|19\/100\n|move|p1a: Bob!? DO SUMTHIN|Belly Drum||[still]\n|-fail|p1a: Bob!? DO SUMTHIN\n|\n|upkeep\n|turn|19\n|c|\u2606NewMarioGame|do something noow\n|c|\u2606NewMarioGame|damn it bob\n|-message|TeamSkyAdminAirvin forfeited.\n|\n|win|NewMarioGame\n|raw|TeamSkyAdminAirvin's rating: 1135 &rarr; <strong>1107<\/strong><br \/>(-28 for losing)\n|raw|NewMarioGame's rating: 1092 &rarr; <strong>1121<\/strong><br \/>(+29 for winning)\n|l|\u2606TeamSkyAdminAirvin\n|c|\u2606NewMarioGame|gg\n","uploadtime":1698550741,"views":10,"p1id":"teamskyadminairvin","p2id":"newmariogame","formatid":"gen9anythinggoes","rating":1107,"private":0,"password":""}