{"id":"gen9anythinggoes-1976792349","p1":"yo_joni","p2":"Jeremy647","format":"[Gen 9] Anything Goes","log":"|j|\u203dyo_joni\n|j|\u2606Jeremy647\n|t:|1698341737\n|gametype|singles\n|player|p1|yo_joni|2|1241\n|player|p2|Jeremy647|ruinmaniac|1395\n|teamsize|p1|6\n|teamsize|p2|6\n|gen|9\n|tier|[Gen 9] Anything Goes\n|rated|\n|rule|HP Percentage Mod: HP is shown in percentages\n|rule|Endless Battle Clause: Forcing endless battles is banned\n|clearpoke\n|poke|p1|Toxapex, F|\n|poke|p1|Magearna|\n|poke|p1|Gardevoir, F|\n|poke|p1|Vaporeon, F|\n|poke|p1|Meowscarada, F|\n|poke|p1|Salazzle, F|\n|poke|p2|Iron Bundle|\n|poke|p2|Miraidon|\n|poke|p2|Zacian-*|\n|poke|p2|Annihilape, M|\n|poke|p2|Roaring Moon|\n|poke|p2|Rillaboom, M|\n|teampreview\n|inactive|Battle timer is ON: inactive players will automatically lose when time's up. (requested by Jeremy647)\n|\n|t:|1698341749\n|start\n|switch|p1a: Meowscarada|Meowscarada, F|100\/100\n|switch|p2a: Roaring Moon|Roaring Moon|100\/100\n|-enditem|p2a: Roaring Moon|Booster Energy\n|-activate|p2a: Roaring Moon|ability: Protosynthesis|[fromitem]\n|-start|p2a: Roaring Moon|protosynthesisatk\n|turn|1\n|\n|t:|1698341755\n|-terastallize|p2a: Roaring Moon|Flying\n|move|p1a: Meowscarada|Toxic Spikes|p2a: Roaring Moon\n|-start|p1a: Meowscarada|typechange|Poison|[from] ability: Protean\n|-sidestart|p2: Jeremy647|move: Toxic Spikes\n|move|p2a: Roaring Moon|Dragon Dance|p2a: Roaring Moon\n|-boost|p2a: Roaring Moon|atk|1\n|-boost|p2a: Roaring Moon|spe|1\n|\n|upkeep\n|turn|2\n|\n|t:|1698341763\n|move|p2a: Roaring Moon|Acrobatics|p1a: Meowscarada\n|-damage|p1a: Meowscarada|0 fnt\n|faint|p1a: Meowscarada\n|\n|upkeep\n|c|\u2606Jeremy647|Glhg\n|\n|t:|1698341767\n|switch|p1a: Vaporeon|Vaporeon, F|100\/100\n|turn|3\n|\n|t:|1698341770\n|move|p2a: Roaring Moon|Acrobatics|p1a: Vaporeon\n|-damage|p1a: Vaporeon|0 fnt\n|faint|p1a: Vaporeon\n|\n|upkeep\n|\n|t:|1698341775\n|switch|p1a: Magearna|Magearna|100\/100\n|turn|4\n|\n|t:|1698341781\n|move|p2a: Roaring Moon|Dragon Dance|p2a: Roaring Moon\n|-boost|p2a: Roaring Moon|atk|1\n|-boost|p2a: Roaring Moon|spe|1\n|move|p1a: Magearna|Draining Kiss|p2a: Roaring Moon\n|-damage|p2a: Roaring Moon|72\/100\n|\n|upkeep\n|turn|5\n|\n|t:|1698341794\n|move|p2a: Roaring Moon|Acrobatics|p1a: Magearna\n|-resisted|p1a: Magearna\n|-damage|p1a: Magearna|36\/100\n|move|p1a: Magearna|Iron Defense|p1a: Magearna\n|-boost|p1a: Magearna|def|2\n|\n|upkeep\n|turn|6\n|\n|t:|1698341801\n|move|p2a: Roaring Moon|Acrobatics|p1a: Magearna\n|-resisted|p1a: Magearna\n|-damage|p1a: Magearna|2\/100\n|move|p1a: Magearna|Draining Kiss|p2a: Roaring Moon\n|-damage|p2a: Roaring Moon|44\/100\n|-heal|p1a: Magearna|26\/100|[from] drain|[of] p2a: Roaring Moon\n|\n|upkeep\n|turn|7\n|\n|t:|1698341809\n|move|p2a: Roaring Moon|Acrobatics|p1a: Magearna\n|-resisted|p1a: Magearna\n|-damage|p1a: Magearna|0 fnt\n|faint|p1a: Magearna\n|\n|upkeep\n|\n|t:|1698341815\n|switch|p1a: Toxapex|Toxapex, F|100\/100\n|turn|8\n|\n|t:|1698341817\n|move|p1a: Toxapex|Baneful Bunker|p1a: Toxapex\n|-singleturn|p1a: Toxapex|move: Protect\n|move|p2a: Roaring Moon|Dragon Dance|p2a: Roaring Moon\n|-boost|p2a: Roaring Moon|atk|1\n|-boost|p2a: Roaring Moon|spe|1\n|\n|upkeep\n|turn|9\n|\n|t:|1698341825\n|move|p2a: Roaring Moon|Acrobatics|p1a: Toxapex\n|-damage|p1a: Toxapex|0 fnt\n|-damage|p2a: Roaring Moon|28\/100|[from] item: Rocky Helmet|[of] p1a: Toxapex\n|faint|p1a: Toxapex\n|\n|upkeep\n|\n|t:|1698341829\n|switch|p1a: Gardevoir|Gardevoir, F, shiny|100\/100\n|turn|10\n|\n|t:|1698341833\n|move|p2a: Roaring Moon|Acrobatics|p1a: Gardevoir\n|-damage|p1a: Gardevoir|0 fnt\n|faint|p1a: Gardevoir\n|\n|upkeep\n|\n|t:|1698341847\n|switch|p1a: Salazzle|Salazzle, F|100\/100\n|turn|11\n|\n|t:|1698341851\n|move|p2a: Roaring Moon|Dragon Dance|p2a: Roaring Moon\n|-boost|p2a: Roaring Moon|atk|1\n|-boost|p2a: Roaring Moon|spe|1\n|move|p1a: Salazzle|Venoshock|p2a: Roaring Moon\n|-damage|p2a: Roaring Moon|5\/100\n|\n|upkeep\n|turn|12\n|\n|t:|1698341859\n|move|p2a: Roaring Moon|Acrobatics|p1a: Salazzle\n|-damage|p1a: Salazzle|0 fnt\n|faint|p1a: Salazzle\n|\n|win|Jeremy647\n|raw|yo_joni's rating: 1241 &rarr; <strong>1226<\/strong><br \/>(-15 for losing)\n|raw|Jeremy647's rating: 1395 &rarr; <strong>1407<\/strong><br \/>(+12 for winning)\n|c|\u2606Jeremy647|gg\n","uploadtime":1698341865,"views":6,"p1id":"yojoni","p2id":"jeremy647","formatid":"gen9anythinggoes","rating":1226,"private":0,"password":""}