{"id":"gen9anythinggoes-1998672023","p1":"Splatman86","p2":"demesticslot","format":"[Gen 9] Anything Goes","log":"|j|\u2606Splatman86\n|j|\u2606demesticslot\n|t:|1700970479\n|gametype|singles\n|player|p1|Splatman86|palmer|1080\n|player|p2|demesticslot|red|1114\n|teamsize|p1|6\n|teamsize|p2|6\n|gen|9\n|tier|[Gen 9] Anything Goes\n|rated|\n|rule|HP Percentage Mod: HP is shown in percentages\n|rule|Endless Battle Clause: Forcing endless battles is banned\n|clearpoke\n|poke|p1|Cloyster, M|\n|poke|p1|Regieleki|\n|poke|p1|Gothitelle, M|\n|poke|p1|Quaquaval, F|\n|poke|p1|Camerupt, F|\n|poke|p1|Volcarona, F|\n|poke|p2|Chien-Pao|\n|poke|p2|Wo-Chien|\n|poke|p2|Ting-Lu|\n|poke|p2|Chi-Yu|\n|poke|p2|Koraidon|\n|poke|p2|Miraidon|\n|teampreview\n|\n|t:|1700970494\n|start\n|switch|p1a: Gothitelle|Gothitelle, M|100\/100\n|switch|p2a: Chien-Pao|Chien-Pao|100\/100\n|-ability|p2a: Chien-Pao|Sword of Ruin\n|turn|1\n|\n|t:|1700970505\n|-terastallize|p1a: Gothitelle|Fairy\n|move|p2a: Chien-Pao|Swords Dance|p2a: Chien-Pao\n|-boost|p2a: Chien-Pao|atk|2\n|move|p1a: Gothitelle|Future Sight|p2a: Chien-Pao\n|-start|p1a: Gothitelle|move: Future Sight\n|\n|upkeep\n|turn|2\n|\n|t:|1700970520\n|move|p1a: Gothitelle|Psychic|p2a: Chien-Pao\n|-immune|p2a: Chien-Pao\n|move|p2a: Chien-Pao|Avalanche|p1a: Gothitelle\n|-damage|p1a: Gothitelle|38\/100\n|\n|upkeep\n|turn|3\n|\n|t:|1700970525\n|move|p2a: Chien-Pao|Avalanche|p1a: Gothitelle\n|-damage|p1a: Gothitelle|0 fnt\n|faint|p1a: Gothitelle\n|\n|-end|p2a: Chien-Pao|move: Future Sight\n|-immune|p2a: Chien-Pao\n|upkeep\n|\n|t:|1700970533\n|switch|p1a: Camerupt|Camerupt, F|100\/100\n|turn|4\n|\n|t:|1700970550\n|move|p2a: Chien-Pao|Sacred Sword|p1a: Camerupt\n|-damage|p1a: Camerupt|8\/100\n|move|p1a: Camerupt|Flamethrower|p2a: Chien-Pao\n|-supereffective|p2a: Chien-Pao\n|-damage|p2a: Chien-Pao|0 fnt\n|faint|p2a: Chien-Pao\n|-damage|p1a: Camerupt|0 fnt|[from] item: Life Orb\n|faint|p1a: Camerupt\n|\n|upkeep\n|\n|t:|1700970568\n|switch|p2a: Wo-Chien|Wo-Chien|100\/100\n|switch|p1a: Volcarona|Volcarona, F|100\/100\n|-ability|p2a: Wo-Chien|Tablets of Ruin\n|turn|5\n|\n|t:|1700970579\n|switch|p2a: Ting-Lu|Ting-Lu|100\/100\n|-ability|p2a: Ting-Lu|Vessel of Ruin\n|move|p1a: Volcarona|Fiery Dance|p2a: Ting-Lu\n|-damage|p2a: Ting-Lu|81\/100\n|-boost|p1a: Volcarona|spa|1\n|\n|upkeep\n|turn|6\n|\n|t:|1700970610\n|switch|p1a: Cloyster|Cloyster, M, shiny|100\/100\n|move|p2a: Ting-Lu|Body Slam|p1a: Cloyster\n|-damage|p1a: Cloyster|81\/100\n|\n|upkeep\n|turn|7\n|\n|t:|1700970623\n|move|p1a: Cloyster|Shell Smash|p1a: Cloyster\n|-unboost|p1a: Cloyster|def|1\n|-unboost|p1a: Cloyster|spd|1\n|-boost|p1a: Cloyster|atk|2\n|-boost|p1a: Cloyster|spa|2\n|-boost|p1a: Cloyster|spe|2\n|-enditem|p1a: Cloyster|White Herb\n|-clearnegativeboost|p1a: Cloyster|[silent]\n|move|p2a: Ting-Lu|Ruination|p1a: Cloyster\n|-damage|p1a: Cloyster|41\/100\n|\n|upkeep\n|turn|8\n|\n|t:|1700970645\n|move|p1a: Cloyster|Icicle Spear|p2a: Ting-Lu\n|-supereffective|p2a: Ting-Lu\n|-damage|p2a: Ting-Lu|50\/100\n|-supereffective|p2a: Ting-Lu\n|-damage|p2a: Ting-Lu|22\/100\n|-supereffective|p2a: Ting-Lu\n|-damage|p2a: Ting-Lu|0 fnt\n|faint|p2a: Ting-Lu\n|-hitcount|p2: Ting-Lu|3\n|\n|upkeep\n|\n|t:|1700970648\n|switch|p2a: Wo-Chien|Wo-Chien|100\/100\n|-ability|p2a: Wo-Chien|Tablets of Ruin\n|turn|9\n|\n|t:|1700970655\n|move|p1a: Cloyster|Icicle Spear|p2a: Wo-Chien\n|-supereffective|p2a: Wo-Chien\n|-damage|p2a: Wo-Chien|62\/100\n|-supereffective|p2a: Wo-Chien\n|-damage|p2a: Wo-Chien|23\/100\n|-supereffective|p2a: Wo-Chien\n|-damage|p2a: Wo-Chien|0 fnt\n|faint|p2a: Wo-Chien\n|-hitcount|p2: Wo-Chien|3\n|\n|upkeep\n|\n|t:|1700970661\n|switch|p2a: Chi-Yu|Chi-Yu|100\/100\n|-ability|p2a: Chi-Yu|Beads of Ruin\n|turn|10\n|\n|t:|1700970668\n|move|p1a: Cloyster|Rock Blast|p2a: Chi-Yu\n|-supereffective|p2a: Chi-Yu\n|-damage|p2a: Chi-Yu|52\/100\n|-supereffective|p2a: Chi-Yu\n|-damage|p2a: Chi-Yu|1\/100\n|-supereffective|p2a: Chi-Yu\n|-damage|p2a: Chi-Yu|0 fnt\n|faint|p2a: Chi-Yu\n|-hitcount|p2: Chi-Yu|3\n|\n|upkeep\n|\n|t:|1700970674\n|switch|p2a: Miraidon|Miraidon|100\/100\n|-fieldstart|move: Electric Terrain|[from] ability: Hadron Engine|[of] p2a: Miraidon\n|turn|11\n|\n|t:|1700970680\n|move|p1a: Cloyster|Icicle Spear|p2a: Miraidon\n|-supereffective|p2a: Miraidon\n|-damage|p2a: Miraidon|55\/100\n|-supereffective|p2a: Miraidon\n|-damage|p2a: Miraidon|9\/100\n|-supereffective|p2a: Miraidon\n|-damage|p2a: Miraidon|0 fnt\n|faint|p2a: Miraidon\n|-hitcount|p2: Miraidon|3\n|\n|upkeep\n|\n|t:|1700970685\n|switch|p2a: Koraidon|Koraidon|100\/100\n|-weather|SunnyDay|[from] ability: Orichalcum Pulse|[of] p2a: Koraidon\n|-activate|p2a: Koraidon|Orichalcum Pulse|[source]\n|turn|12\n|\n|t:|1700970694\n|move|p1a: Cloyster|Icicle Spear|p2a: Koraidon\n|-supereffective|p2a: Koraidon\n|-damage|p2a: Koraidon|59\/100\n|-supereffective|p2a: Koraidon\n|-damage|p2a: Koraidon|15\/100\n|-supereffective|p2a: Koraidon\n|-damage|p2a: Koraidon|0 fnt\n|faint|p2a: Koraidon\n|-hitcount|p2: Koraidon|3\n|\n|win|Splatman86\n|raw|Splatman86's rating: 1080 &rarr; <strong>1111<\/strong><br \/>(+31 for winning)\n|raw|demesticslot's rating: 1114 &rarr; <strong>1087<\/strong><br \/>(-27 for losing)\n|l|\u2606demesticslot\n","uploadtime":1700970703,"views":15,"p1id":"splatman86","p2id":"demesticslot","formatid":"gen9anythinggoes","rating":1087,"private":0,"password":""}