{"id":"gen9anythinggoes-1988277295","p1":"2448a","p2":"eurybie","format":"[Gen 9] Anything Goes","log":"|j|\u26062448a\n|j|\u2606eurybie\n|t:|1699700107\n|gametype|singles\n|player|p1|2448a|giovanni-masters|1878\n|player|p2|eurybie|1|1884\n|teamsize|p1|6\n|teamsize|p2|6\n|gen|9\n|tier|[Gen 9] Anything Goes\n|rated|\n|rule|HP Percentage Mod: HP is shown in percentages\n|rule|Endless Battle Clause: Forcing endless battles is banned\n|clearpoke\n|poke|p1|Kingambit, F|\n|poke|p1|Ting-Lu|\n|poke|p1|Eternatus|\n|poke|p1|Calyrex-Shadow|\n|poke|p1|Landorus-Therian, M|\n|poke|p1|Koraidon|\n|poke|p2|Miraidon|\n|poke|p2|Grimmsnarl, M|\n|poke|p2|Skeledirge, M|\n|poke|p2|Blissey, F|\n|poke|p2|Moltres|\n|poke|p2|Calyrex-Ice|\n|teampreview\n|inactive|Battle timer is ON: inactive players will automatically lose when time's up. (requested by 2448a)\n|c|\u2606eurybie|e\n|c|\u26062448a|e\n|j| laprasplayer\n|c| laprasplayer|true, \u00e9\n|\n|t:|1699700133\n|start\n|switch|p1a: In The Clouds|Landorus-Therian, M, shiny|100\/100\n|switch|p2a: Calyrex|Calyrex-Ice|100\/100\n|-ability|p2a: Calyrex|As One\n|-ability|p2a: Calyrex|Unnerve\n|-ability|p1a: In The Clouds|Intimidate|boost\n|-unboost|p2a: Calyrex|atk|1\n|turn|1\n|\n|t:|1699700147\n|move|p1a: In The Clouds|U-turn|p2a: Calyrex\n|-supereffective|p2a: Calyrex\n|-damage|p2a: Calyrex|75\/100\n|\n|t:|1699700149\n|switch|p1a: The Botez Gambit|Kingambit, F, shiny|100\/100|[from] U-turn\n|move|p2a: Calyrex|Glacial Lance|p1a: The Botez Gambit\n|-resisted|p1a: The Botez Gambit\n|-damage|p1a: The Botez Gambit|75\/100\n|\n|-heal|p1a: The Botez Gambit|81\/100|[from] item: Leftovers\n|upkeep\n|turn|2\n|\n|t:|1699700157\n|-end|p1a: The Botez Gambit|fallenundefined|[silent]\n|switch|p1a: Eternal Suffering|Eternatus, shiny|100\/100\n|-ability|p1a: Eternal Suffering|Pressure\n|switch|p2a: Moltres|Moltres|100\/100\n|\n|upkeep\n|turn|3\n|\n|t:|1699700164\n|move|p1a: Eternal Suffering|Dynamax Cannon|p2a: Moltres\n|-damage|p2a: Moltres|56\/100\n|move|p2a: Moltres|U-turn|p1a: Eternal Suffering\n|-resisted|p1a: Eternal Suffering\n|-damage|p1a: Eternal Suffering|94\/100\n|\n|t:|1699700170\n|switch|p2a: Blissey|Blissey, F|100\/100|[from] U-turn\n|\n|upkeep\n|turn|4\n|\n|t:|1699700174\n|switch|p1a: In The Clouds|Landorus-Therian, M, shiny|100\/100\n|-ability|p1a: In The Clouds|Intimidate|boost\n|-unboost|p2a: Blissey|atk|1\n|move|p2a: Blissey|Stealth Rock|p1a: In The Clouds\n|-sidestart|p1: 2448a|move: Stealth Rock\n|\n|upkeep\n|turn|5\n|\n|t:|1699700184\n|switch|p2a: Moltres|Moltres|56\/100\n|move|p1a: In The Clouds|Earthquake|p2a: Moltres\n|-immune|p2a: Moltres\n|\n|upkeep\n|turn|6\n|\n|t:|1699700190\n|move|p1a: In The Clouds|Taunt|p2a: Moltres\n|-start|p2a: Moltres|move: Taunt\n|move|p2a: Moltres|U-turn|p1a: In The Clouds\n|-resisted|p1a: In The Clouds\n|-damage|p1a: In The Clouds|96\/100\n|-damage|p2a: Moltres|39\/100|[from] item: Rocky Helmet|[of] p1a: In The Clouds\n|\n|t:|1699700199\n|switch|p2a: Calyrex|Calyrex-Ice|75\/100|[from] U-turn\n|-ability|p2a: Calyrex|As One\n|-ability|p2a: Calyrex|Unnerve\n|\n|upkeep\n|turn|7\n|\n|t:|1699700210\n|-terastallize|p1a: In The Clouds|Fairy\n|move|p1a: In The Clouds|Stealth Rock|p2a: Calyrex\n|-sidestart|p2: eurybie|move: Stealth Rock\n|move|p2a: Calyrex|Glacial Lance|p1a: In The Clouds\n|-damage|p1a: In The Clouds|36\/100\n|\n|upkeep\n|turn|8\n|\n|t:|1699700220\n|move|p1a: In The Clouds|U-turn|p2a: Calyrex\n|-supereffective|p2a: Calyrex\n|-crit|p2a: Calyrex\n|-damage|p2a: Calyrex|35\/100\n|\n|t:|1699700226\n|switch|p1a: The Botez Gambit|Kingambit, F, shiny|81\/100|[from] U-turn\n|-damage|p1a: The Botez Gambit|75\/100|[from] Stealth Rock\n|move|p2a: Calyrex|High Horsepower|p1a: The Botez Gambit\n|-supereffective|p1a: The Botez Gambit\n|-damage|p1a: The Botez Gambit|0 fnt\n|faint|p1a: The Botez Gambit\n|-end|p1a: The Botez Gambit|fallenundefined|[silent]\n|-ability|p2a: Calyrex|Chilling Neigh|boost\n|-boost|p2a: Calyrex|atk|1\n|\n|upkeep\n|\n|t:|1699700230\n|switch|p1a: Featured Today|Koraidon|100\/100\n|-damage|p1a: Featured Today|94\/100|[from] Stealth Rock\n|-weather|SunnyDay|[from] ability: Orichalcum Pulse|[of] p1a: Featured Today\n|-activate|p1a: Featured Today|Orichalcum Pulse|[source]\n|turn|9\n|\n|t:|1699700240\n|move|p1a: Featured Today|Outrage|p2a: Calyrex\n|-damage|p2a: Calyrex|0 fnt\n|faint|p2a: Calyrex\n|\n|-weather|SunnyDay|[upkeep]\n|upkeep\n|\n|t:|1699700245\n|switch|p2a: Grimmsnarl|Grimmsnarl, M|100\/100\n|turn|10\n|\n|t:|1699700248\n|move|p1a: Featured Today|Outrage|p2a: Grimmsnarl|[from]lockedmove\n|-immune|p2a: Grimmsnarl\n|-start|p1a: Featured Today|confusion|[fatigue]\n|move|p2a: Grimmsnarl|Spirit Break|p1a: Featured Today\n|-supereffective|p1a: Featured Today\n|-damage|p1a: Featured Today|0 fnt\n|faint|p1a: Featured Today\n|\n|-weather|SunnyDay|[upkeep]\n|upkeep\n|\n|t:|1699700255\n|switch|p1a: Desert Anchor|Ting-Lu|100\/100\n|-damage|p1a: Desert Anchor|94\/100|[from] Stealth Rock\n|-ability|p1a: Desert Anchor|Vessel of Ruin\n|turn|11\n|\n|t:|1699700261\n|switch|p2a: Moltres|Moltres|39\/100\n|move|p1a: Desert Anchor|Ruination|p2a: Moltres\n|-damage|p2a: Moltres|20\/100\n|\n|-weather|SunnyDay|[upkeep]\n|-heal|p1a: Desert Anchor|100\/100|[from] item: Leftovers\n|upkeep\n|turn|12\n|\n|t:|1699700268\n|switch|p1a: The Dark Horse|Calyrex-Shadow|100\/100\n|-ability|p1a: The Dark Horse|As One\n|-ability|p1a: The Dark Horse|Unnerve\n|move|p2a: Moltres|Roost|p2a: Moltres\n|-heal|p2a: Moltres|70\/100\n|-singleturn|p2a: Moltres|move: Roost\n|\n|-weather|SunnyDay|[upkeep]\n|upkeep\n|turn|13\n|\n|t:|1699700278\n|move|p1a: The Dark Horse|Nasty Plot|p1a: The Dark Horse\n|-boost|p1a: The Dark Horse|spa|2\n|move|p2a: Moltres|U-turn|p1a: The Dark Horse\n|-damage|p1a: The Dark Horse|83\/100\n|c|\u26062448a|we got nothing for this fr\n|\n|t:|1699700288\n|switch|p2a: Grimmsnarl|Grimmsnarl, M|100\/100|[from] U-turn\n|\n|-weather|none\n|upkeep\n|turn|14\n|\n|t:|1699700297\n|move|p2a: Grimmsnarl|Sucker Punch|p1a: The Dark Horse\n|-supereffective|p1a: The Dark Horse\n|-damage|p1a: The Dark Horse|0 fnt\n|faint|p1a: The Dark Horse\n|\n|upkeep\n|-message|2448a forfeited.\n|\n|win|eurybie\n|raw|2448a's rating: 1878 &rarr; <strong>1858<\/strong><br \/>(-20 for losing)\n|raw|eurybie's rating: 1884 &rarr; <strong>1904<\/strong><br \/>(+20 for winning)\n|c|\u26062448a|gege\n|c| laprasplayer|rip elo\n|c|\u2606eurybie|gg\n|c|\u26062448a|i already mentioned that this outright loses to stalls bro\n|c|\u26062448a|\u00af\u2060\\\u2060_\u2060(\u2060\u30c4\u2060)\u2060_\u2060\/\u2060\u00af\n|c|\u2606eurybie|same team since 4 months and it works\n|c|\u26062448a|ohhh~\n|l|\u26062448a\n","uploadtime":1699700372,"views":25,"p1id":"2448a","p2id":"eurybie","formatid":"gen9anythinggoes","rating":1858,"private":0,"password":""}