{"id":"gen9anythinggoes-1992987820","p1":"MonsterGamerGuy","p2":"Shadowkipz13","format":"[Gen 9] Anything Goes","log":"|j|\u2606MonsterGamerGuy\n|j|\u2606Shadowkipz13\n|t:|1700253047\n|gametype|singles\n|player|p1|MonsterGamerGuy|170|1261\n|player|p2|Shadowkipz13|petrel|1355\n|teamsize|p1|6\n|teamsize|p2|6\n|gen|9\n|tier|[Gen 9] Anything Goes\n|rated|\n|rule|HP Percentage Mod: HP is shown in percentages\n|rule|Endless Battle Clause: Forcing endless battles is banned\n|clearpoke\n|poke|p1|Arbok, M|\n|poke|p1|Volcarona, M|\n|poke|p1|Maushold-Four|\n|poke|p1|Scyther, M|\n|poke|p1|Ogerpon-Wellspring, F|\n|poke|p1|Gallade, M|\n|poke|p2|Skeledirge, M|\n|poke|p2|Ogerpon, F|\n|poke|p2|Gyarados, F|\n|poke|p2|Ribombee, F|\n|poke|p2|Gliscor, F|\n|poke|p2|Ursaluna-Bloodmoon, M|\n|teampreview\n|inactive|Battle timer is ON: inactive players will automatically lose when time's up. (requested by MonsterGamerGuy)\n|\n|t:|1700253063\n|start\n|switch|p1a: Arbok|Arbok, M|100\/100\n|switch|p2a: Faye|Ribombee, F|100\/100\n|-ability|p1a: Arbok|Intimidate|boost\n|-unboost|p2a: Faye|atk|1\n|turn|1\n|\n|t:|1700253067\n|move|p2a: Faye|Sticky Web|p1a: Arbok\n|-sidestart|p1: MonsterGamerGuy|move: Sticky Web\n|move|p1a: Arbok|Glare|p2a: Faye\n|-status|p2a: Faye|par\n|\n|upkeep\n|turn|2\n|\n|t:|1700253070\n|move|p1a: Arbok|Coil|p1a: Arbok\n|-boost|p1a: Arbok|atk|1\n|-boost|p1a: Arbok|def|1\n|-boost|p1a: Arbok|accuracy|1\n|move|p2a: Faye|Quiver Dance|p2a: Faye\n|-boost|p2a: Faye|spa|1\n|-boost|p2a: Faye|spd|1\n|-boost|p2a: Faye|spe|1\n|\n|upkeep\n|turn|3\n|\n|t:|1700253079\n|move|p2a: Faye|Stored Power|p1a: Arbok\n|-supereffective|p1a: Arbok\n|-crit|p1a: Arbok\n|-damage|p1a: Arbok|0 fnt\n|faint|p1a: Arbok\n|\n|upkeep\n|\n|t:|1700253086\n|switch|p1a: Volcarona|Volcarona, M|100\/100\n|turn|4\n|\n|t:|1700253092\n|move|p1a: Volcarona|Quiver Dance|p1a: Volcarona\n|-boost|p1a: Volcarona|spa|1\n|-boost|p1a: Volcarona|spd|1\n|-boost|p1a: Volcarona|spe|1\n|cant|p2a: Faye|par\n|\n|upkeep\n|turn|5\n|\n|t:|1700253101\n|move|p1a: Volcarona|Fiery Dance|p2a: Faye\n|-supereffective|p2a: Faye\n|-enditem|p2a: Faye|Focus Sash\n|-damage|p2a: Faye|1\/100 par\n|-boost|p1a: Volcarona|spa|1\n|move|p2a: Faye|Quiver Dance|p2a: Faye\n|-boost|p2a: Faye|spa|1\n|-boost|p2a: Faye|spd|1\n|-boost|p2a: Faye|spe|1\n|\n|upkeep\n|turn|6\n|\n|t:|1700253105\n|move|p1a: Volcarona|Fiery Dance|p2a: Faye\n|-supereffective|p2a: Faye\n|-damage|p2a: Faye|0 fnt\n|faint|p2a: Faye\n|\n|upkeep\n|\n|t:|1700253108\n|switch|p2a: King K.Rool|Skeledirge, M, shiny|100\/100\n|turn|7\n|\n|t:|1700253112\n|-terastallize|p1a: Volcarona|Ground\n|move|p1a: Volcarona|Tera Blast|p2a: King K.Rool|[anim] Tera Blast Ground\n|-supereffective|p2a: King K.Rool\n|-damage|p2a: King K.Rool|1\/100\n|move|p2a: King K.Rool|Torch Song|p1a: Volcarona\n|-damage|p1a: Volcarona|64\/100\n|-boost|p2a: King K.Rool|spa|1\n|\n|upkeep\n|turn|8\n|\n|t:|1700253119\n|move|p1a: Volcarona|Tera Blast|p2a: King K.Rool|[anim] Tera Blast Ground\n|-supereffective|p2a: King K.Rool\n|-damage|p2a: King K.Rool|0 fnt\n|faint|p2a: King K.Rool\n|\n|upkeep\n|\n|t:|1700253127\n|switch|p2a: Jormungandr|Gyarados, F|100\/100\n|turn|9\n|\n|t:|1700253134\n|move|p1a: Volcarona|Giga Drain|p2a: Jormungandr\n|-damage|p2a: Jormungandr|67\/100\n|-heal|p1a: Volcarona|82\/100|[from] drain|[of] p2a: Jormungandr\n|move|p2a: Jormungandr|Waterfall|p1a: Volcarona\n|-supereffective|p1a: Volcarona\n|-damage|p1a: Volcarona|0 fnt\n|-status|p2a: Jormungandr|brn|[from] ability: Flame Body|[of] p1a: Volcarona\n|faint|p1a: Volcarona\n|-ability|p2a: Jormungandr|Moxie|boost\n|-boost|p2a: Jormungandr|atk|1\n|\n|-damage|p2a: Jormungandr|61\/100 brn|[from] brn\n|upkeep\n|\n|t:|1700253143\n|switch|p1a: Ogerpon|Ogerpon-Wellspring, F|100\/100\n|-activate|p1a: Ogerpon|move: Sticky Web\n|-unboost|p1a: Ogerpon|spe|1\n|turn|10\n|\n|t:|1700253147\n|move|p1a: Ogerpon|Swords Dance|p1a: Ogerpon\n|-boost|p1a: Ogerpon|atk|2\n|move|p2a: Jormungandr|Avalanche|p1a: Ogerpon\n|-damage|p1a: Ogerpon|79\/100\n|\n|-damage|p2a: Jormungandr|55\/100 brn|[from] brn\n|upkeep\n|turn|11\n|\n|t:|1700253157\n|move|p1a: Ogerpon|Swords Dance|p1a: Ogerpon\n|-boost|p1a: Ogerpon|atk|2\n|move|p2a: Jormungandr|Fire Blast|p1a: Ogerpon\n|-crit|p1a: Ogerpon\n|-damage|p1a: Ogerpon|50\/100\n|\n|-damage|p2a: Jormungandr|49\/100 brn|[from] brn\n|upkeep\n|turn|12\n|\n|t:|1700253167\n|move|p1a: Ogerpon|Horn Leech|p2a: Jormungandr\n|-damage|p2a: Jormungandr|0 fnt\n|-heal|p1a: Ogerpon|77\/100|[from] drain|[of] p2a: Jormungandr\n|faint|p2a: Jormungandr\n|\n|upkeep\n|\n|t:|1700253180\n|switch|p2a: Kha'zix|Gliscor, F|100\/100\n|turn|13\n|\n|t:|1700253185\n|move|p2a: Kha'zix|Dual Wingbeat|p1a: Ogerpon\n|-supereffective|p1a: Ogerpon\n|-damage|p1a: Ogerpon|44\/100\n|-supereffective|p1a: Ogerpon\n|-damage|p1a: Ogerpon|8\/100\n|-hitcount|p1a: Ogerpon|2\n|move|p1a: Ogerpon|Ivy Cudgel|p2a: Kha'zix|[anim] Ivy Cudgel Water\n|-supereffective|p2a: Kha'zix\n|-damage|p2a: Kha'zix|0 fnt\n|faint|p2a: Kha'zix\n|\n|upkeep\n|\n|t:|1700253196\n|switch|p2a: Majora's Bonk|Ogerpon, F|100\/100\n|turn|14\n|\n|t:|1700253200\n|move|p1a: Ogerpon|Spiky Shield|p1a: Ogerpon\n|-singleturn|p1a: Ogerpon|move: Protect\n|move|p2a: Majora's Bonk|Ivy Cudgel|p1a: Ogerpon\n|-activate|p1a: Ogerpon|move: Protect\n|\n|upkeep\n|turn|15\n|\n|t:|1700253209\n|move|p2a: Majora's Bonk|Ivy Cudgel|p1a: Ogerpon\n|-damage|p1a: Ogerpon|0 fnt\n|faint|p1a: Ogerpon\n|\n|upkeep\n|\n|t:|1700253212\n|switch|p1a: Gallade|Gallade, M|100\/100\n|-activate|p1a: Gallade|move: Sticky Web\n|-unboost|p1a: Gallade|spe|1\n|turn|16\n|\n|t:|1700253232\n|move|p2a: Majora's Bonk|Ivy Cudgel|p1a: Gallade\n|-damage|p1a: Gallade|0 fnt\n|faint|p1a: Gallade\n|\n|upkeep\n|\n|t:|1700253239\n|switch|p1a: Scyther|Scyther, M|100\/100\n|turn|17\n|\n|t:|1700253252\n|move|p2a: Majora's Bonk|Knock Off|p1a: Scyther\n|-damage|p1a: Scyther|72\/100\n|-enditem|p1a: Scyther|Eviolite|[from] move: Knock Off|[of] p2a: Majora's Bonk\n|move|p1a: Scyther|Dual Wingbeat|p2a: Majora's Bonk\n|-supereffective|p2a: Majora's Bonk\n|-damage|p2a: Majora's Bonk|27\/100\n|-supereffective|p2a: Majora's Bonk\n|-damage|p2a: Majora's Bonk|0 fnt\n|faint|p2a: Majora's Bonk\n|-hitcount|p2: Majora's Bonk|2\n|\n|upkeep\n|\n|t:|1700253260\n|switch|p2a: Fazbear|Ursaluna-Bloodmoon, M|100\/100\n|turn|18\n|\n|t:|1700253267\n|move|p1a: Scyther|Close Combat|p2a: Fazbear\n|-supereffective|p2a: Fazbear\n|-damage|p2a: Fazbear|52\/100\n|-unboost|p1a: Scyther|def|1\n|-unboost|p1a: Scyther|spd|1\n|move|p2a: Fazbear|Moonblast|p1a: Scyther\n|-damage|p1a: Scyther|0 fnt\n|faint|p1a: Scyther\n|-damage|p2a: Fazbear|42\/100|[from] item: Life Orb\n|\n|upkeep\n|\n|t:|1700253281\n|switch|p1a: Maushold|Maushold-Four|100\/100\n|-activate|p1a: Maushold|move: Sticky Web\n|-unboost|p1a: Maushold|spe|1\n|turn|19\n|\n|t:|1700253288\n|-terastallize|p2a: Fazbear|Ghost\n|move|p1a: Maushold|Population Bomb|p2a: Fazbear\n|-immune|p2a: Fazbear\n|move|p2a: Fazbear|Blood Moon|p1a: Maushold\n|-damage|p1a: Maushold|0 fnt\n|faint|p1a: Maushold\n|-damage|p2a: Fazbear|32\/100|[from] item: Life Orb\n|\n|win|Shadowkipz13\n|raw|MonsterGamerGuy's rating: 1261 &rarr; <strong>1243<\/strong><br \/>(-18 for losing)\n|raw|Shadowkipz13's rating: 1355 &rarr; <strong>1370<\/strong><br \/>(+15 for winning)\n|l|\u2606MonsterGamerGuy\n|c|\u2606Shadowkipz13|Gg\n","uploadtime":1700253307,"views":7,"p1id":"monstergamerguy","p2id":"shadowkipz13","formatid":"gen9anythinggoes","rating":1243,"private":0,"password":""}