{"id":"gen9anythinggoes-1986812529","p1":"360Yes","p2":"ErnadShadow","format":"[Gen 9] Anything Goes","log":"|j|\u2606360Yes\n|j|\u2606ErnadShadow\n|t:|1699528937\n|gametype|singles\n|player|p1|360Yes|benga|1247\n|player|p2|ErnadShadow|juggler|1238\n|teamsize|p1|6\n|teamsize|p2|6\n|gen|9\n|tier|[Gen 9] Anything Goes\n|rated|\n|rule|HP Percentage Mod: HP is shown in percentages\n|rule|Endless Battle Clause: Forcing endless battles is banned\n|clearpoke\n|poke|p1|Zoroark, M|\n|poke|p1|Sableye, M|\n|poke|p1|Kingambit, M|\n|poke|p1|Meowscarada, F|\n|poke|p1|Chien-Pao|\n|poke|p1|Hydreigon, M|\n|poke|p2|Dragapult, M|\n|poke|p2|Ceruledge, F|\n|poke|p2|Walking Wake|\n|poke|p2|Kleavor, F|\n|poke|p2|Gliscor, M|\n|poke|p2|Toxapex, F|\n|teampreview\n|\n|t:|1699528962\n|start\n|switch|p1a: Kingambit|Kingambit, M|100\/100\n|switch|p2a: Dragapult|Dragapult, M|100\/100\n|turn|1\n|\n|t:|1699528976\n|move|p2a: Dragapult|Will-O-Wisp|p1a: Kingambit\n|-status|p1a: Kingambit|brn\n|move|p1a: Kingambit|Dark Pulse|p2a: Dragapult\n|-supereffective|p2a: Dragapult\n|-damage|p2a: Dragapult|8\/100\n|\n|-damage|p1a: Kingambit|94\/100 brn|[from] brn\n|upkeep\n|turn|2\n|\n|t:|1699528983\n|move|p2a: Dragapult|Light Screen|p2a: Dragapult\n|-sidestart|p2: ErnadShadow|move: Light Screen\n|move|p1a: Kingambit|Dark Pulse|p2a: Dragapult\n|-supereffective|p2a: Dragapult\n|-damage|p2a: Dragapult|0 fnt\n|-start|p1a: Kingambit|Disable|Dark Pulse|[from] ability: Cursed Body|[of] p2a: Dragapult\n|faint|p2a: Dragapult\n|\n|-damage|p1a: Kingambit|88\/100 brn|[from] brn\n|upkeep\n|\n|t:|1699528995\n|switch|p2a: Kleavor|Kleavor, F|100\/100\n|turn|3\n|\n|t:|1699529003\n|switch|p1a: Sableye|Sableye, M|100\/100\n|move|p2a: Kleavor|Close Combat|p1a: Sableye\n|-immune|p1a: Sableye\n|\n|upkeep\n|turn|4\n|\n|t:|1699529005\n|switch|p2a: Gliscor|Gliscor, M|100\/100\n|move|p1a: Sableye|Will-O-Wisp|p2a: Gliscor|[miss]\n|-miss|p1a: Sableye|p2a: Gliscor\n|\n|-status|p2a: Gliscor|tox|[from] item: Toxic Orb\n|upkeep\n|turn|5\n|\n|t:|1699529021\n|move|p2a: Gliscor|Stealth Rock|p1a: Sableye\n|-sidestart|p1: 360Yes|move: Stealth Rock\n|move|p1a: Sableye|Knock Off|p2a: Gliscor\n|-damage|p2a: Gliscor|83\/100 tox\n|-enditem|p2a: Gliscor|Toxic Orb|[from] move: Knock Off|[of] p1a: Sableye\n|\n|-heal|p2a: Gliscor|95\/100 tox|[from] ability: Poison Heal\n|upkeep\n|turn|6\n|\n|t:|1699529024\n|move|p2a: Gliscor|Knock Off|p1a: Sableye\n|-damage|p1a: Sableye|78\/100\n|-enditem|p1a: Sableye|Leftovers|[from] move: Knock Off|[of] p2a: Gliscor\n|move|p1a: Sableye|Dazzling Gleam|p2a: Gliscor\n|-damage|p2a: Gliscor|88\/100 tox\n|\n|-heal|p2a: Gliscor|99\/100 tox|[from] ability: Poison Heal\n|upkeep\n|turn|7\n|\n|t:|1699529031\n|switch|p1a: Hydreigon|Hydreigon, M|100\/100\n|-damage|p1a: Hydreigon|88\/100|[from] Stealth Rock\n|move|p2a: Gliscor|Toxic|p1a: Hydreigon\n|-status|p1a: Hydreigon|tox\n|\n|-damage|p1a: Hydreigon|82\/100 tox|[from] psn\n|-heal|p2a: Gliscor|100\/100 tox|[from] ability: Poison Heal\n|upkeep\n|turn|8\n|\n|t:|1699529036\n|move|p1a: Hydreigon|Draco Meteor|p2a: Gliscor\n|-damage|p2a: Gliscor|54\/100 tox\n|-unboost|p1a: Hydreigon|spa|2\n|move|p2a: Gliscor|Knock Off|p1a: Hydreigon\n|-resisted|p1a: Hydreigon\n|-damage|p1a: Hydreigon|71\/100 tox\n|-enditem|p1a: Hydreigon|Choice Scarf|[from] move: Knock Off|[of] p2a: Gliscor\n|\n|-damage|p1a: Hydreigon|58\/100 tox|[from] psn\n|-heal|p2a: Gliscor|67\/100 tox|[from] ability: Poison Heal\n|upkeep\n|turn|9\n|\n|t:|1699529047\n|switch|p1a: Sableye|Sableye, M|78\/100\n|-damage|p1a: Sableye|65\/100|[from] Stealth Rock\n|move|p2a: Gliscor|Toxic|p1a: Sableye\n|-status|p1a: Sableye|tox\n|\n|-heal|p2a: Gliscor|79\/100 tox|[from] ability: Poison Heal\n|-damage|p1a: Sableye|59\/100 tox|[from] psn\n|-sideend|p2: ErnadShadow|move: Light Screen\n|upkeep\n|turn|10\n|\n|t:|1699529056\n|move|p1a: Sableye|Recover|p1a: Sableye\n|-heal|p1a: Sableye|100\/100 tox\n|move|p2a: Gliscor|Knock Off|p1a: Sableye\n|-damage|p1a: Sableye|85\/100 tox\n|\n|-heal|p2a: Gliscor|91\/100 tox|[from] ability: Poison Heal\n|-damage|p1a: Sableye|73\/100 tox|[from] psn\n|upkeep\n|turn|11\n|\n|t:|1699529072\n|move|p2a: Gliscor|Knock Off|p1a: Sableye\n|-damage|p1a: Sableye|55\/100 tox\n|move|p1a: Sableye|Knock Off|p2a: Gliscor\n|-damage|p2a: Gliscor|81\/100 tox\n|\n|-heal|p2a: Gliscor|93\/100 tox|[from] ability: Poison Heal\n|-damage|p1a: Sableye|37\/100 tox|[from] psn\n|upkeep\n|turn|12\n|\n|t:|1699529079\n|move|p1a: Sableye|Recover|p1a: Sableye\n|-heal|p1a: Sableye|87\/100 tox\n|move|p2a: Gliscor|Knock Off|p1a: Sableye\n|-damage|p1a: Sableye|71\/100 tox\n|\n|-heal|p2a: Gliscor|100\/100 tox|[from] ability: Poison Heal\n|-damage|p1a: Sableye|46\/100 tox|[from] psn\n|upkeep\n|turn|13\n|\n|t:|1699529085\n|switch|p1a: Chien-Pao|Chien-Pao|100\/100\n|-ability|p1a: Chien-Pao|Sword of Ruin\n|move|p2a: Gliscor|Knock Off|p1a: Chien-Pao\n|-resisted|p1a: Chien-Pao\n|-damage|p1a: Chien-Pao|86\/100\n|-enditem|p1a: Chien-Pao|Heavy-Duty Boots|[from] move: Knock Off|[of] p2a: Gliscor\n|\n|upkeep\n|turn|14\n|\n|t:|1699529099\n|switch|p2a: Kleavor|Kleavor, F|100\/100\n|move|p1a: Chien-Pao|Ice Spinner|p2a: Kleavor\n|-damage|p2a: Kleavor|39\/100\n|\n|upkeep\n|turn|15\n|\n|t:|1699529106\n|move|p2a: Kleavor|X-Scissor|p1a: Chien-Pao\n|-supereffective|p1a: Chien-Pao\n|-damage|p1a: Chien-Pao|0 fnt\n|faint|p1a: Chien-Pao\n|\n|upkeep\n|\n|t:|1699529112\n|switch|p1a: Kingambit|Kingambit, M|100\/100\n|-damage|p1a: Kingambit|94\/100|[from] Stealth Rock\n|-activate|p1a: Kingambit|ability: Supreme Overlord\n|-start|p1a: Kingambit|fallen1|[silent]\n|turn|16\n|\n|t:|1699529121\n|switch|p2a: Gliscor|Gliscor, M|100\/100 tox\n|move|p1a: Kingambit|Kowtow Cleave|p2a: Gliscor\n|-damage|p2a: Gliscor|56\/100 tox\n|-damage|p1a: Kingambit|84\/100|[from] item: Life Orb\n|\n|-heal|p2a: Gliscor|69\/100 tox|[from] ability: Poison Heal\n|upkeep\n|turn|17\n|\n|t:|1699529125\n|-end|p1a: Kingambit|fallen1|[silent]\n|switch|p1a: Meowscarada|Meowscarada, F|100\/100\n|-damage|p1a: Meowscarada|88\/100|[from] Stealth Rock\n|move|p2a: Gliscor|Knock Off|p1a: Meowscarada\n|-resisted|p1a: Meowscarada\n|-damage|p1a: Meowscarada|72\/100\n|-enditem|p1a: Meowscarada|Choice Scarf|[from] move: Knock Off|[of] p2a: Gliscor\n|\n|-heal|p2a: Gliscor|81\/100 tox|[from] ability: Poison Heal\n|upkeep\n|turn|18\n|\n|t:|1699529130\n|move|p1a: Meowscarada|Flower Trick|p2a: Gliscor\n|-start|p1a: Meowscarada|typechange|Grass|[from] ability: Protean\n|-crit|p2a: Gliscor\n|-damage|p2a: Gliscor|45\/100 tox\n|move|p2a: Gliscor|Toxic|p1a: Meowscarada\n|-status|p1a: Meowscarada|tox\n|\n|-damage|p1a: Meowscarada|65\/100 tox|[from] psn\n|-heal|p2a: Gliscor|57\/100 tox|[from] ability: Poison Heal\n|upkeep\n|turn|19\n|-message|360Yes forfeited.\n|\n|win|ErnadShadow\n|raw|360Yes's rating: 1247 &rarr; <strong>1221<\/strong><br \/>(-26 for losing)\n|raw|ErnadShadow's rating: 1238 &rarr; <strong>1264<\/strong><br \/>(+26 for winning)\n|l|\u2606360Yes\n","uploadtime":1699529141,"views":6,"p1id":"360yes","p2id":"ernadshadow","formatid":"gen9anythinggoes","rating":1221,"private":0,"password":""}