{"id":"gen9anythinggoes-1984115747","p1":"TanPadeusz","p2":"Wixu","format":"[Gen 9] Anything Goes","log":"|j|\u2606TanPadeusz\n|j|\u2606Wixu\n|t:|1699220296\n|gametype|singles\n|player|p1|TanPadeusz|giovanni|\n|player|p2|Wixu|102|\n|teamsize|p1|6\n|teamsize|p2|6\n|gen|9\n|tier|[Gen 9] Anything Goes\n|rule|HP Percentage Mod: HP is shown in percentages\n|rule|Endless Battle Clause: Forcing endless battles is banned\n|clearpoke\n|poke|p1|Gallade, M|\n|poke|p1|Tinkaton, F|\n|poke|p1|Toxapex, F|\n|poke|p1|Gliscor, M|\n|poke|p1|Zoroark-Hisui, M|\n|poke|p1|Hydreigon, M|\n|poke|p2|Sandy Shocks|\n|poke|p2|Zacian-*|\n|poke|p2|Baxcalibur, M|\n|poke|p2|Hoopa-Unbound|\n|poke|p2|Delphox, F|\n|poke|p2|Moltres-Galar|\n|teampreview\n|c|\u2606Wixu|kogo\n|c|\u2606Wixu|dajesz\n|c|\u2606Wixu|e\n|c|\u2606Wixu|kogo\n|c|\u2606Wixu|dajesz\n|c|\u2606TanPadeusz|twoj\u0105 mame\n|c|\u2606Wixu|prosze powiedz\n|c|\u2606TanPadeusz|a ty kogo?\n|c|\u2606Wixu|nie wiem w\u0142a\u015bnie\n|c|\u2606Wixu|my\u015ble\n|c|\u2606TanPadeusz|ja te znie wiem\n|\n|t:|1699220354\n|start\n|switch|p1a: Toxapex|Toxapex, F|100\/100\n|switch|p2a: tox\/tink|Sandy Shocks|100\/100\n|turn|1\n|c|\u2606TanPadeusz|tox tink\n|c|\u2606TanPadeusz|:skull:\n|\n|t:|1699220371\n|move|p2a: tox\/tink|Thunder|p1a: Toxapex|[miss]\n|-miss|p2a: tox\/tink|p1a: Toxapex\n|move|p1a: Toxapex|Toxic|p2a: tox\/tink\n|-status|p2a: tox\/tink|tox\n|\n|-damage|p2a: tox\/tink|94\/100 tox|[from] psn\n|upkeep\n|turn|2\n|c|\u2606Wixu|aha\n|\n|t:|1699220382\n|move|p2a: tox\/tink|Discharge|p1a: Toxapex\n|-supereffective|p1a: Toxapex\n|-damage|p1a: Toxapex|30\/100\n|move|p1a: Toxapex|Toxic Spikes|p2a: tox\/tink\n|-sidestart|p2: Wixu|move: Toxic Spikes\n|\n|-heal|p1a: Toxapex|36\/100|[from] item: Black Sludge\n|-damage|p2a: tox\/tink|82\/100 tox|[from] psn\n|upkeep\n|turn|3\n|c|\u2606TanPadeusz|tox tink\n|c|\u2606Wixu|tak\n|c|\u2606TanPadeusz|smutno mi\n|\n|t:|1699220400\n|move|p1a: Toxapex|Baneful Bunker|p1a: Toxapex\n|-singleturn|p1a: Toxapex|move: Protect\n|move|p2a: tox\/tink|Earthquake|p1a: Toxapex\n|-activate|p1a: Toxapex|move: Protect\n|\n|-heal|p1a: Toxapex|43\/100|[from] item: Black Sludge\n|-damage|p2a: tox\/tink|64\/100 tox|[from] psn\n|upkeep\n|turn|4\n|c|\u2606Wixu|czemu\n|c|\u2606Wixu|mia\u0142em cie kontrowa\u0107\n|\n|t:|1699220408\n|switch|p1a: Gliscor|Gliscor, M|100\/100\n|move|p2a: tox\/tink|Earthquake|p1a: Gliscor\n|-immune|p1a: Gliscor\n|\n|-damage|p2a: tox\/tink|40\/100 tox|[from] psn\n|-status|p1a: Gliscor|tox|[from] item: Toxic Orb\n|upkeep\n|turn|5\n|c|\u2606TanPadeusz|przez nzawe\n|c|\u2606Wixu|XD\n|\n|t:|1699220423\n|-end|p2a: tox\/tink|Protosynthesis|[silent]\n|switch|p2a: Gli\/Hydre|Baxcalibur, M|100\/100\n|-status|p2a: Gli\/Hydre|psn\n|move|p1a: Gliscor|Swords Dance|p1a: Gliscor\n|-boost|p1a: Gliscor|atk|2\n|\n|-damage|p2a: Gli\/Hydre|88\/100 psn|[from] psn\n|upkeep\n|turn|6\n|\n|t:|1699220436\n|move|p1a: Gliscor|Protect|p1a: Gliscor\n|-singleturn|p1a: Gliscor|Protect\n|move|p2a: Gli\/Hydre|Blizzard|p1a: Gliscor\n|-activate|p1a: Gliscor|move: Protect\n|\n|-damage|p2a: Gli\/Hydre|76\/100 psn|[from] psn\n|upkeep\n|turn|7\n|\n|t:|1699220454\n|switch|p1a: Toxapex|Toxapex, F|76\/100\n|move|p2a: Gli\/Hydre|Blizzard|p1a: Toxapex\n|-resisted|p1a: Toxapex\n|-damage|p1a: Toxapex|64\/100\n|-status|p1a: Toxapex|frz\n|\n|-heal|p1a: Toxapex|70\/100 frz|[from] item: Black Sludge\n|-damage|p2a: Gli\/Hydre|63\/100 psn|[from] psn\n|upkeep\n|turn|8\n|\n|t:|1699220468\n|switch|p2a: tox\/tink|Sandy Shocks|40\/100 tox\n|-curestatus|p1a: Toxapex|frz|[msg]\n|move|p1a: Toxapex|Baneful Bunker||[still]\n|-fail|p1a: Toxapex\n|\n|-heal|p1a: Toxapex|77\/100|[from] item: Black Sludge\n|-damage|p2a: tox\/tink|34\/100 tox|[from] psn\n|upkeep\n|turn|9\n|\n|t:|1699220488\n|switch|p1a: Gliscor|Gliscor, M|100\/100 tox\n|move|p2a: tox\/tink|Thunder|p1a: Gliscor\n|-immune|p1a: Gliscor\n|\n|-damage|p2a: tox\/tink|21\/100 tox|[from] psn\n|upkeep\n|turn|10\n|c|\u2606Wixu|ja pierdole\n|\n|t:|1699220497\n|-end|p2a: tox\/tink|Protosynthesis|[silent]\n|switch|p2a: Gli\/Hydre|Baxcalibur, M|63\/100 psn\n|move|p1a: Gliscor|Swords Dance|p1a: Gliscor\n|-boost|p1a: Gliscor|atk|2\n|\n|-damage|p2a: Gli\/Hydre|51\/100 psn|[from] psn\n|upkeep\n|turn|11\n|c|\u2606TanPadeusz|Gli hydre\n|\n|t:|1699220508\n|switch|p1a: Toxapex|Toxapex, F|100\/100\n|move|p2a: Gli\/Hydre|Blizzard|p1a: Toxapex\n|-resisted|p1a: Toxapex\n|-damage|p1a: Toxapex|88\/100\n|\n|-heal|p1a: Toxapex|94\/100|[from] item: Black Sludge\n|-damage|p2a: Gli\/Hydre|39\/100 psn|[from] psn\n|upkeep\n|turn|12\n|c|\u2606Wixu|no kurwo\n|c|\u2606Wixu|co sie chowasz\n|\n|t:|1699220519\n|switch|p2a: Tox\/zor|Hoopa-Unbound|100\/100\n|-status|p2a: Tox\/zor|psn\n|move|p1a: Toxapex|Baneful Bunker||[still]\n|-fail|p1a: Toxapex\n|\n|-heal|p1a: Toxapex|100\/100|[from] item: Black Sludge\n|-damage|p2a: Tox\/zor|88\/100 psn|[from] psn\n|upkeep\n|turn|13\n|c|\u2606TanPadeusz|bo lubie\n|\n|t:|1699220540\n|move|p2a: Tox\/zor|Psyshock|p1a: Toxapex\n|-supereffective|p1a: Toxapex\n|-damage|p1a: Toxapex|22\/100\n|-item|p2a: Tox\/zor|Black Sludge|[from] ability: Magician|[of] p1a: Toxapex\n|move|p1a: Toxapex|Toxic Spikes|p2a: Tox\/zor\n|-sidestart|p2: Wixu|move: Toxic Spikes\n|\n|-damage|p2a: Tox\/zor|76\/100 psn|[from] item: Black Sludge\n|-damage|p2a: Tox\/zor|64\/100 psn|[from] psn\n|upkeep\n|turn|14\n|c|\u2606Wixu|ale ci zajebalem\n|c|\u2606Wixu|itemek\n|c|\u2606TanPadeusz|stary\n|c|\u2606TanPadeusz|m\u00f3j itemek ci dmg robi\n|c|\u2606TanPadeusz|XDDDD\n|\n|t:|1699220567\n|move|p1a: Toxapex|Baneful Bunker|p1a: Toxapex\n|-singleturn|p1a: Toxapex|move: Protect\n|move|p2a: Tox\/zor|Psyshock|p1a: Toxapex\n|-activate|p1a: Toxapex|move: Protect\n|\n|-damage|p2a: Tox\/zor|51\/100 psn|[from] item: Black Sludge\n|-damage|p2a: Tox\/zor|39\/100 psn|[from] psn\n|upkeep\n|turn|15\n|c|\u2606Wixu|jak to kurwa\n|c|\u2606Wixu|co ty za item masz\n|c|\u2606TanPadeusz|black sludge\n|c|\u2606Wixu|ja pierdole\n|c|\u2606TanPadeusz|leczy poison pokemony a inne bije\n|c|\u2606Wixu|to na chuj ja to krad\u0142em\n|\n|t:|1699220586\n|switch|p1a: Hydreigon|Hydreigon, M|100\/100\n|-terastallize|p2a: Tox\/zor|Psychic\n|move|p2a: Tox\/zor|Psyshock|p1a: Hydreigon\n|-immune|p1a: Hydreigon\n|\n|-damage|p2a: Tox\/zor|27\/100 psn|[from] item: Black Sludge\n|-damage|p2a: Tox\/zor|15\/100 psn|[from] psn\n|upkeep\n|turn|16\n|c|\u2606TanPadeusz|O CHUJ\n|c|\u2606TanPadeusz|ZLE RUCHY MAM NA HYDREIGONIE\n|c|\u2606TanPadeusz|USUNALEM SOBIE DRAGON DANCE\n|c|\u2606TanPadeusz|XDDD\n|c|\u2606Wixu|XD\n|c|\u2606Wixu|XDDDDDDDDDDDDDDDDDD\n|\n|t:|1699220611\n|switch|p2a: Gal\/Hydre|Zacian-Crowned|100\/100\n|-ability|p2a: Gal\/Hydre|Intrepid Sword|boost\n|-boost|p2a: Gal\/Hydre|atk|1\n|move|p1a: Hydreigon|Draco Meteor|p2a: Gal\/Hydre\n|-immune|p2a: Gal\/Hydre\n|\n|upkeep\n|turn|17\n|\n|t:|1699220633\n|switch|p1a: Tinkaton|Tinkaton, F|100\/100\n|move|p2a: Gal\/Hydre|Moonblast|p1a: Tinkaton\n|-resisted|p1a: Tinkaton\n|-damage|p1a: Tinkaton|87\/100\n|\n|upkeep\n|turn|18\n|c|\u2606Wixu|ale ty cip\u0105 jeste\u015b\n|\n|t:|1699220641\n|switch|p2a: tox\/tink|Delphox, F|100\/100\n|-status|p2a: tox\/tink|tox\n|move|p1a: Tinkaton|Swords Dance|p1a: Tinkaton\n|-boost|p1a: Tinkaton|atk|2\n|\n|-damage|p2a: tox\/tink|94\/100 tox|[from] psn\n|upkeep\n|turn|19\n|\n|t:|1699220661\n|move|p1a: Tinkaton|Knock Off|p2a: tox\/tink\n|-supereffective|p2a: tox\/tink\n|-damage|p2a: tox\/tink|0 fnt\n|-enditem|p2a: tox\/tink|Expert Belt|[from] move: Knock Off|[of] p1a: Tinkaton\n|faint|p2a: tox\/tink\n|\n|upkeep\n|c|\u2606Wixu|tak\u0105 cip\u0105 jeste\u015b\n|c|\u2606TanPadeusz|: (\n|\n|t:|1699220672\n|switch|p2a: tox\/tink|Sandy Shocks|21\/100 tox\n|turn|20\n|\n|t:|1699220677\n|switch|p1a: Gliscor|Gliscor, M|100\/100 tox\n|move|p2a: tox\/tink|Earthquake|p1a: Gliscor\n|-immune|p1a: Gliscor\n|\n|-damage|p2a: tox\/tink|15\/100 tox|[from] psn\n|upkeep\n|turn|21\n|c|\u2606Wixu|no kurwa\n|\n|t:|1699220688\n|-end|p2a: tox\/tink|Protosynthesis|[silent]\n|switch|p2a: Gli\/Hydre|Baxcalibur, M|39\/100 psn\n|switch|p1a: Tinkaton|Tinkaton, F|87\/100\n|\n|-damage|p2a: Gli\/Hydre|26\/100 psn|[from] psn\n|upkeep\n|turn|22\n|\n|t:|1699220702\n|move|p2a: Gli\/Hydre|Dragon Rush|p1a: Tinkaton\n|-immune|p1a: Tinkaton\n|move|p1a: Tinkaton|Play Rough|p2a: Gli\/Hydre\n|-supereffective|p2a: Gli\/Hydre\n|-damage|p2a: Gli\/Hydre|0 fnt\n|faint|p2a: Gli\/Hydre\n|\n|upkeep\n|c|\u2606Wixu|tak sie nie baiwe\n|c|\u2606Wixu|pierdole to\n|c|\u2606Wixu|jak uciekasz\n|c|\u2606Wixu|ca\u0142y czas\n|\n|t:|1699220713\n|switch|p2a: tox\/tink|Sandy Shocks|15\/100 tox\n|turn|23\n|c|\u2606TanPadeusz|no ale\n|c|\u2606TanPadeusz|nie moge miec pokemona\n|c|\u2606TanPadeusz|ktory jest kontrowany\n|c|\u2606TanPadeusz|przez twojego\n|c|\u2606TanPadeusz|unu\n|\n|t:|1699220738\n|switch|p1a: Gliscor|Gliscor, M|100\/100 tox\n|move|p2a: tox\/tink|Earthquake|p1a: Gliscor\n|-immune|p1a: Gliscor\n|\n|-damage|p2a: tox\/tink|9\/100 tox|[from] psn\n|upkeep\n|turn|24\n|c|\u2606Wixu|ale zabawa\n|c|\u2606TanPadeusz|przepraszam wix\n|c|\u2606TanPadeusz|:(\n|\n|t:|1699220758\n|-end|p2a: tox\/tink|Protosynthesis|[silent]\n|switch|p2a: Gal\/Hydre|Zacian-Crowned|100\/100\n|move|p1a: Gliscor|Swords Dance|p1a: Gliscor\n|-boost|p1a: Gliscor|atk|2\n|\n|upkeep\n|turn|25\n|c|\u2606TanPadeusz|a evki im robiles?\n|c|\u2606Wixu|no tak\n|c|\u2606TanPadeusz|oki\n|\n|t:|1699220792\n|move|p2a: Gal\/Hydre|Moonblast|p1a: Gliscor\n|-damage|p1a: Gliscor|68\/100 tox\n|move|p1a: Gliscor|Earthquake|p2a: Gal\/Hydre\n|-supereffective|p2a: Gal\/Hydre\n|-damage|p2a: Gal\/Hydre|0 fnt\n|faint|p2a: Gal\/Hydre\n|\n|-heal|p1a: Gliscor|80\/100 tox|[from] ability: Poison Heal\n|upkeep\n|c|\u2606TanPadeusz|to jak mnie wyprzedzasz to umieram\n|c|\u2606TanPadeusz|albo i nie\n|c|\u2606TanPadeusz|XD\n|c|\u2606TanPadeusz|przepraszam wix\n|c|\u2606Wixu|xd\n|\n|t:|1699220801\n|switch|p2a: Zor\/Gal|Moltres-Galar|100\/100\n|turn|26\n|\n|t:|1699220821\n|move|p1a: Gliscor|Protect|p1a: Gliscor\n|-singleturn|p1a: Gliscor|Protect\n|move|p2a: Zor\/Gal|Brave Bird|p1a: Gliscor\n|-activate|p1a: Gliscor|move: Protect\n|\n|-heal|p1a: Gliscor|92\/100 tox|[from] ability: Poison Heal\n|upkeep\n|turn|27\n|\n|t:|1699220828\n|move|p1a: Gliscor|Dual Wingbeat|p2a: Zor\/Gal\n|-damage|p2a: Zor\/Gal|67\/100\n|-damage|p2a: Zor\/Gal|31\/100\n|-hitcount|p2a: Zor\/Gal|2\n|-ability|p2a: Zor\/Gal|Berserk|boost\n|-boost|p2a: Zor\/Gal|spa|1\n|move|p2a: Zor\/Gal|Brave Bird|p1a: Gliscor\n|-damage|p1a: Gliscor|59\/100 tox\n|-damage|p2a: Zor\/Gal|22\/100|[from] Recoil\n|\n|-heal|p1a: Gliscor|71\/100 tox|[from] ability: Poison Heal\n|upkeep\n|turn|28\n|\n|t:|1699220840\n|move|p1a: Gliscor|Dual Wingbeat|p2a: Zor\/Gal\n|-damage|p2a: Zor\/Gal|0 fnt\n|faint|p2a: Zor\/Gal\n|-hitcount|p2: Zor\/Gal|1\n|\n|-heal|p1a: Gliscor|84\/100 tox|[from] ability: Poison Heal\n|upkeep\n|c|\u2606Wixu|pierdole tak\u0105 zabawe\n|\n|t:|1699220848\n|switch|p2a: tox\/tink|Sandy Shocks|9\/100 tox\n|turn|29\n|\n|t:|1699220853\n|move|p1a: Gliscor|Protect|p1a: Gliscor\n|-singleturn|p1a: Gliscor|Protect\n|move|p2a: tox\/tink|Discharge|p1a: Gliscor\n|-activate|p1a: Gliscor|move: Protect\n|\n|-damage|p2a: tox\/tink|3\/100 tox|[from] psn\n|-heal|p1a: Gliscor|96\/100 tox|[from] ability: Poison Heal\n|upkeep\n|turn|30\n|\n|t:|1699220861\n|move|p2a: tox\/tink|Discharge|p1a: Gliscor\n|-immune|p1a: Gliscor\n|move|p1a: Gliscor|Swords Dance|p1a: Gliscor\n|-boost|p1a: Gliscor|atk|2\n|\n|-damage|p2a: tox\/tink|0 fnt|[from] psn\n|faint|p2a: tox\/tink\n|-end|p2a: tox\/tink|Protosynthesis|[silent]\n|-heal|p1a: Gliscor|100\/100 tox|[from] ability: Poison Heal\n|upkeep\n|c|\u2606TanPadeusz|przepraszam wix XDDDD\n|\n|t:|1699220870\n|switch|p2a: Tox\/zor|Hoopa-Unbound, tera:Psychic|15\/100 psn\n|turn|31\n|\n|t:|1699220877\n|move|p1a: Gliscor|Dual Wingbeat|p2a: Tox\/zor\n|-damage|p2a: Tox\/zor|0 fnt\n|faint|p2a: Tox\/zor\n|-hitcount|p2: Tox\/zor|1\n|\n|win|TanPadeusz\n|c|\u2606Wixu|nie wybaczam\n|c|\u2606Wixu|pierdol sie\n|c|\u2606TanPadeusz|D:\n|l|\u2606Wixu\n|c|\u2606TanPadeusz|gg\n","uploadtime":1699220885,"views":4,"p1id":"tanpadeusz","p2id":"wixu","formatid":"gen9anythinggoes","rating":0,"private":0,"password":""}