{"id":"gen9anythinggoes-1998053170","p1":"TIME FO U BAD TOM","p2":"Mr Abingdon","format":"[Gen 9] Anything Goes","log":"|j|\u2606TIME FO U BAD TOM\n|j|\u2606Mr Abingdon\n|t:|1700884218\n|gametype|singles\n|player|p1|TIME FO U BAD TOM|veteran|1095\n|player|p2|Mr Abingdon|266|1041\n|teamsize|p1|6\n|teamsize|p2|6\n|gen|9\n|tier|[Gen 9] Anything Goes\n|rated|\n|rule|HP Percentage Mod: HP is shown in percentages\n|rule|Endless Battle Clause: Forcing endless battles is banned\n|clearpoke\n|poke|p1|Ceruledge, M|\n|poke|p1|Dragapult, M|\n|poke|p1|Annihilape, M|\n|poke|p1|Orthworm, M|\n|poke|p1|Garganacl, F|\n|poke|p1|Ursaluna-Bloodmoon, M|\n|poke|p2|Maushold-Four|\n|poke|p2|Flutter Mane|\n|poke|p2|Miraidon|\n|poke|p2|Rabsca, M|\n|poke|p2|Garganacl, F|\n|poke|p2|Houndstone, M|\n|teampreview\n|\n|t:|1700884243\n|start\n|switch|p1a: wall1|Orthworm, M, shiny|100\/100\n|switch|p2a: Maushold|Maushold-Four|100\/100\n|turn|1\n|\n|t:|1700884252\n|-terastallize|p1a: wall1|Electric\n|move|p2a: Maushold|Tidy Up|p2a: Maushold\n|-boost|p2a: Maushold|atk|1\n|-boost|p2a: Maushold|spe|1\n|move|p1a: wall1|Body Press|p2a: Maushold\n|-supereffective|p2a: Maushold\n|-damage|p2a: Maushold|14\/100\n|\n|upkeep\n|turn|2\n|\n|t:|1700884272\n|move|p2a: Maushold|Baton Pass|p2a: Maushold\n|\n|t:|1700884274\n|switch|p2a: SSSReplacement|Garganacl, F, shiny|100\/100|[from] Baton Pass\n|move|p1a: wall1|Body Press|p2a: SSSReplacement\n|-supereffective|p2a: SSSReplacement\n|-damage|p2a: SSSReplacement|69\/100\n|\n|-heal|p2a: SSSReplacement|75\/100|[from] item: Leftovers\n|upkeep\n|turn|3\n|\n|t:|1700884283\n|-terastallize|p2a: SSSReplacement|Fairy\n|move|p1a: wall1|Spikes|p2a: SSSReplacement\n|-sidestart|p2: Mr Abingdon|Spikes\n|move|p2a: SSSReplacement|Iron Defense|p2a: SSSReplacement\n|-boost|p2a: SSSReplacement|def|2\n|\n|-heal|p2a: SSSReplacement|81\/100|[from] item: Leftovers\n|upkeep\n|turn|4\n|\n|t:|1700884291\n|move|p1a: wall1|Iron Defense|p1a: wall1\n|-boost|p1a: wall1|def|2\n|move|p2a: SSSReplacement|Iron Defense|p2a: SSSReplacement\n|-boost|p2a: SSSReplacement|def|2\n|\n|-heal|p2a: SSSReplacement|87\/100|[from] item: Leftovers\n|upkeep\n|turn|5\n|\n|t:|1700884297\n|move|p1a: wall1|Body Press|p2a: SSSReplacement\n|-resisted|p2a: SSSReplacement\n|-damage|p2a: SSSReplacement|81\/100\n|move|p2a: SSSReplacement|Salt Cure|p1a: wall1\n|-damage|p1a: wall1|91\/100\n|\n|-heal|p2a: SSSReplacement|88\/100|[from] item: Leftovers\n|upkeep\n|turn|6\n|\n|t:|1700884313\n|move|p1a: wall1|Spikes|p2a: SSSReplacement\n|-sidestart|p2: Mr Abingdon|Spikes\n|move|p2a: SSSReplacement|Body Press|p1a: wall1\n|-damage|p1a: wall1|58\/100\n|\n|-heal|p2a: SSSReplacement|94\/100|[from] item: Leftovers\n|upkeep\n|turn|7\n|\n|t:|1700884322\n|move|p1a: wall1|Spikes|p2a: SSSReplacement\n|-sidestart|p2: Mr Abingdon|Spikes\n|move|p2a: SSSReplacement|Body Press|p1a: wall1\n|-damage|p1a: wall1|30\/100\n|\n|-heal|p2a: SSSReplacement|99\/100|[from] item: Leftovers\n|upkeep\n|turn|8\n|\n|t:|1700884330\n|move|p1a: wall1|Earthquake|p2a: SSSReplacement\n|-damage|p2a: SSSReplacement|96\/100\n|move|p2a: SSSReplacement|Iron Defense|p2a: SSSReplacement\n|-boost|p2a: SSSReplacement|def|2\n|\n|-heal|p2a: SSSReplacement|100\/100|[from] item: Leftovers\n|upkeep\n|turn|9\n|\n|t:|1700884341\n|move|p1a: wall1|Body Press|p2a: SSSReplacement\n|-resisted|p2a: SSSReplacement\n|-damage|p2a: SSSReplacement|96\/100\n|move|p2a: SSSReplacement|Body Press|p1a: wall1\n|-damage|p1a: wall1|0 fnt\n|faint|p1a: wall1\n|\n|-heal|p2a: SSSReplacement|100\/100|[from] item: Leftovers\n|upkeep\n|\n|t:|1700884350\n|switch|p1a: wall3|Ursaluna-Bloodmoon, M|100\/100\n|turn|10\n|\n|t:|1700884361\n|move|p1a: wall3|Blood Moon|p2a: SSSReplacement\n|-damage|p2a: SSSReplacement|51\/100\n|move|p2a: SSSReplacement|Body Press|p1a: wall3\n|-supereffective|p1a: wall3\n|-damage|p1a: wall3|0 fnt\n|faint|p1a: wall3\n|\n|-heal|p2a: SSSReplacement|57\/100|[from] item: Leftovers\n|upkeep\n|\n|t:|1700884372\n|switch|p1a: wall2|Garganacl, F|100\/100\n|turn|11\n|\n|t:|1700884376\n|move|p2a: SSSReplacement|Body Press|p1a: wall2\n|-supereffective|p1a: wall2\n|-damage|p1a: wall2|2\/100\n|move|p1a: wall2|Salt Cure|p2a: SSSReplacement\n|-damage|p2a: SSSReplacement|55\/100\n|-start|p2a: SSSReplacement|Salt Cure\n|\n|-heal|p2a: SSSReplacement|61\/100|[from] item: Leftovers\n|-damage|p2a: SSSReplacement|49\/100|[from] Salt Cure\n|upkeep\n|turn|12\n|\n|t:|1700884389\n|move|p1a: wall2|Protect|p1a: wall2\n|-singleturn|p1a: wall2|Protect\n|move|p2a: SSSReplacement|Recover|p2a: SSSReplacement\n|-heal|p2a: SSSReplacement|99\/100\n|\n|-heal|p2a: SSSReplacement|100\/100|[from] item: Leftovers\n|-damage|p2a: SSSReplacement|88\/100|[from] Salt Cure\n|upkeep\n|turn|13\n|j| MeltedSea\n|\n|t:|1700884399\n|move|p2a: SSSReplacement|Salt Cure|p1a: wall2\n|-damage|p1a: wall2|0 fnt\n|faint|p1a: wall2\n|\n|-heal|p2a: SSSReplacement|94\/100|[from] item: Leftovers\n|-damage|p2a: SSSReplacement|82\/100|[from] Salt Cure\n|upkeep\n|\n|t:|1700884407\n|switch|p1a: Ceruledge|Ceruledge, M|100\/100\n|turn|14\n|\n|t:|1700884415\n|move|p1a: Ceruledge|Poison Jab|p2a: SSSReplacement\n|-supereffective|p2a: SSSReplacement\n|-damage|p2a: SSSReplacement|73\/100\n|move|p2a: SSSReplacement|Salt Cure|p1a: Ceruledge\n|-supereffective|p1a: Ceruledge\n|-damage|p1a: Ceruledge|50\/100\n|-start|p1a: Ceruledge|Salt Cure\n|\n|-heal|p2a: SSSReplacement|79\/100|[from] item: Leftovers\n|-damage|p1a: Ceruledge|38\/100|[from] Salt Cure\n|-damage|p2a: SSSReplacement|67\/100|[from] Salt Cure\n|upkeep\n|turn|15\n|\n|t:|1700884428\n|move|p1a: Ceruledge|Bitter Blade|p2a: SSSReplacement\n|-damage|p2a: SSSReplacement|61\/100\n|-heal|p1a: Ceruledge|42\/100|[from] drain|[of] p2a: SSSReplacement\n|move|p2a: SSSReplacement|Recover|p2a: SSSReplacement\n|-heal|p2a: SSSReplacement|100\/100\n|\n|-damage|p1a: Ceruledge|30\/100|[from] Salt Cure\n|-damage|p2a: SSSReplacement|88\/100|[from] Salt Cure\n|upkeep\n|turn|16\n|\n|t:|1700884439\n|move|p1a: Ceruledge|Bitter Blade|p2a: SSSReplacement\n|-damage|p2a: SSSReplacement|81\/100\n|-heal|p1a: Ceruledge|35\/100|[from] drain|[of] p2a: SSSReplacement\n|move|p2a: SSSReplacement|Salt Cure|p1a: Ceruledge\n|-supereffective|p1a: Ceruledge\n|-damage|p1a: Ceruledge|0 fnt\n|faint|p1a: Ceruledge\n|\n|-heal|p2a: SSSReplacement|88\/100|[from] item: Leftovers\n|-damage|p2a: SSSReplacement|75\/100|[from] Salt Cure\n|upkeep\n|-message|TIME FO U BAD TOM forfeited.\n|\n|win|Mr Abingdon\n|raw|TIME FO U BAD TOM's rating: 1095 &rarr; <strong>1067<\/strong><br \/>(-28 for losing)\n|raw|Mr Abingdon's rating: 1041 &rarr; <strong>1080<\/strong><br \/>(+39 for winning)\n|l|\u2606TIME FO U BAD TOM\n","uploadtime":1700884454,"views":0,"p1id":"timefoubadtom","p2id":"mrabingdon","formatid":"gen9anythinggoes","rating":1067,"private":0,"password":""}