{"id":"gen9anythinggoes-1985380892","p1":"RimuruTempest88","p2":"ImJustTryingMYBest","format":"[Gen 9] Anything Goes","log":"|j|\u2606RimuruTempest88\n|j|\u2606ImJustTryingMYBest\n|t:|1699369877\n|gametype|singles\n|player|p1|RimuruTempest88|170|1054\n|player|p2|ImJustTryingMYBest|102|1040\n|teamsize|p1|6\n|teamsize|p2|6\n|gen|9\n|tier|[Gen 9] Anything Goes\n|rated|\n|rule|HP Percentage Mod: HP is shown in percentages\n|rule|Endless Battle Clause: Forcing endless battles is banned\n|clearpoke\n|poke|p1|Greninja-*, M|\n|poke|p1|Honchkrow, M|\n|poke|p1|Slowbro, F|\n|poke|p1|Walking Wake|\n|poke|p1|Weavile, M|\n|poke|p1|Quaquaval, M|\n|poke|p2|Calyrex-Shadow|\n|poke|p2|Baxcalibur, F|\n|poke|p2|Umbreon, M|\n|poke|p2|Glimmora, F|\n|poke|p2|Kingambit, F|\n|poke|p2|Urshifu-*, F|\n|teampreview\n|c|\u2606RimuruTempest88|dark\/water gym\n|\n|t:|1699369896\n|start\n|switch|p1a: Quaquaval|Quaquaval, M|100\/100\n|switch|p2a: Glimmora|Glimmora, F|100\/100\n|turn|1\n|\n|t:|1699369906\n|move|p2a: Glimmora|Stealth Rock|p1a: Quaquaval\n|-sidestart|p1: RimuruTempest88|move: Stealth Rock\n|move|p1a: Quaquaval|Swords Dance|p1a: Quaquaval\n|-boost|p1a: Quaquaval|atk|2\n|\n|upkeep\n|turn|2\n|\n|t:|1699369940\n|switch|p2a: Calyrex|Calyrex-Shadow|100\/100\n|-ability|p2a: Calyrex|As One\n|-ability|p2a: Calyrex|Unnerve\n|move|p1a: Quaquaval|Swords Dance|p1a: Quaquaval\n|-boost|p1a: Quaquaval|atk|2\n|\n|upkeep\n|turn|3\n|\n|t:|1699369955\n|-terastallize|p1a: Quaquaval|Steel\n|move|p2a: Calyrex|Psyshock|p1a: Quaquaval\n|-resisted|p1a: Quaquaval\n|-damage|p1a: Quaquaval|70\/100\n|move|p1a: Quaquaval|Aqua Step|p2a: Calyrex\n|-damage|p2a: Calyrex|0 fnt\n|-boost|p1a: Quaquaval|spe|1\n|faint|p2a: Calyrex\n|-ability|p1a: Quaquaval|Moxie|boost\n|-boost|p1a: Quaquaval|atk|1\n|\n|-heal|p1a: Quaquaval|76\/100|[from] item: Leftovers\n|upkeep\n|\n|t:|1699369970\n|switch|p2a: Baxcalibur|Baxcalibur, F|100\/100\n|turn|4\n|\n|t:|1699369983\n|move|p2a: Baxcalibur|Endure|p2a: Baxcalibur\n|-singleturn|p2a: Baxcalibur|move: Endure\n|move|p1a: Quaquaval|Close Combat|p2a: Baxcalibur\n|-supereffective|p2a: Baxcalibur\n|-activate|p2a: Baxcalibur|move: Endure\n|-damage|p2a: Baxcalibur|1\/100\n|-unboost|p1a: Quaquaval|def|1\n|-unboost|p1a: Quaquaval|spd|1\n|-enditem|p2a: Baxcalibur|Weakness Policy\n|-boost|p2a: Baxcalibur|atk|2|[from] item: Weakness Policy\n|-boost|p2a: Baxcalibur|spa|2|[from] item: Weakness Policy\n|\n|-heal|p1a: Quaquaval|82\/100|[from] item: Leftovers\n|upkeep\n|turn|5\n|\n|t:|1699369998\n|move|p2a: Baxcalibur|Ice Shard|p1a: Quaquaval\n|-resisted|p1a: Quaquaval\n|-damage|p1a: Quaquaval|39\/100\n|move|p1a: Quaquaval|Aqua Step|p2a: Baxcalibur\n|-resisted|p2a: Baxcalibur\n|-damage|p2a: Baxcalibur|0 fnt\n|-boost|p1a: Quaquaval|spe|1\n|faint|p2a: Baxcalibur\n|-ability|p1a: Quaquaval|Moxie|boost\n|-boost|p1a: Quaquaval|atk|1\n|\n|-heal|p1a: Quaquaval|45\/100|[from] item: Leftovers\n|upkeep\n|\n|t:|1699370012\n|switch|p2a: Umbreon|Umbreon, M|100\/100\n|turn|6\n|\n|t:|1699370019\n|move|p1a: Quaquaval|Aqua Step|p2a: Umbreon\n|-damage|p2a: Umbreon|0 fnt\n|-boost|p1a: Quaquaval|spe|1\n|faint|p2a: Umbreon\n|\n|-heal|p1a: Quaquaval|51\/100|[from] item: Leftovers\n|upkeep\n|\n|t:|1699370031\n|switch|p2a: Glimmora|Glimmora, F|100\/100\n|turn|7\n|\n|t:|1699370037\n|move|p1a: Quaquaval|Aqua Step|p2a: Glimmora\n|-supereffective|p2a: Glimmora\n|-damage|p2a: Glimmora|0 fnt\n|-boost|p1a: Quaquaval|spe|1\n|-activate|p2a: Glimmora|ability: Toxic Debris\n|-sidestart|p1: RimuruTempest88|move: Toxic Spikes\n|faint|p2a: Glimmora\n|\n|-heal|p1a: Quaquaval|57\/100|[from] item: Leftovers\n|upkeep\n|\n|t:|1699370048\n|switch|p2a: Kingambit|Kingambit, F, shiny|100\/100\n|turn|8\n|c|\u2606RimuruTempest88|I think I sweep\n|\n|t:|1699370058\n|move|p2a: Kingambit|Sucker Punch|p1a: Quaquaval\n|-damage|p1a: Quaquaval|0 fnt\n|faint|p1a: Quaquaval\n|\n|upkeep\n|c|\u2606RimuruTempest88|NOOOOOOOOOOOOOOOOOOOOO\n|\n|t:|1699370078\n|switch|p1a: Weavile|Weavile, M|100\/100\n|-ability|p1a: Weavile|Pressure\n|turn|9\n|c|\u2606RimuruTempest88|NOW YOU MUST DIE\n|\n|t:|1699370093\n|move|p1a: Weavile|Swords Dance|p1a: Weavile\n|-boost|p1a: Weavile|atk|2\n|move|p2a: Kingambit|Iron Head|p1a: Weavile\n|-supereffective|p1a: Weavile\n|-damage|p1a: Weavile|0 fnt\n|faint|p1a: Weavile\n|\n|upkeep\n|\n|t:|1699370101\n|switch|p1a: Honchkrow|Honchkrow, M, shiny|100\/100\n|turn|10\n|c|\u2606RimuruTempest88|shhh\n|\n|t:|1699370114\n|move|p1a: Honchkrow|Sucker Punch|p2a: Kingambit\n|-resisted|p2a: Kingambit\n|-damage|p2a: Kingambit|88\/100\n|move|p2a: Kingambit|Iron Head|p1a: Honchkrow\n|-damage|p1a: Honchkrow|25\/100\n|\n|upkeep\n|turn|11\n|\n|t:|1699370125\n|move|p2a: Kingambit|Sucker Punch|p1a: Honchkrow\n|-resisted|p1a: Honchkrow\n|-damage|p1a: Honchkrow|0 fnt\n|faint|p1a: Honchkrow\n|\n|upkeep\n|\n|t:|1699370132\n|switch|p1a: Walking Wake|Walking Wake|100\/100\n|-damage|p1a: Walking Wake|88\/100|[from] Stealth Rock\n|-status|p1a: Walking Wake|psn\n|-enditem|p1a: Walking Wake|Booster Energy\n|-activate|p1a: Walking Wake|ability: Protosynthesis|[fromitem]\n|-start|p1a: Walking Wake|protosynthesisspa\n|turn|12\n|\n|t:|1699370158\n|move|p1a: Walking Wake|Dragon Pulse|p2a: Kingambit\n|-resisted|p2a: Kingambit\n|-damage|p2a: Kingambit|51\/100\n|move|p2a: Kingambit|Kowtow Cleave|p1a: Walking Wake\n|-damage|p1a: Walking Wake|26\/100 psn\n|\n|-damage|p1a: Walking Wake|14\/100 psn|[from] psn\n|upkeep\n|turn|13\n|\n|t:|1699370170\n|move|p2a: Kingambit|Sucker Punch||[still]\n|-fail|p2a: Kingambit\n|move|p1a: Walking Wake|Agility|p1a: Walking Wake\n|-boost|p1a: Walking Wake|spe|2\n|\n|-damage|p1a: Walking Wake|1\/100 psn|[from] psn\n|upkeep\n|turn|14\n|\n|t:|1699370181\n|move|p2a: Kingambit|Sucker Punch|p1a: Walking Wake\n|-damage|p1a: Walking Wake|0 fnt\n|faint|p1a: Walking Wake\n|-end|p1a: Walking Wake|Protosynthesis|[silent]\n|\n|upkeep\n|\n|t:|1699370186\n|switch|p1a: Greninja|Greninja, M, shiny|100\/100\n|-damage|p1a: Greninja|88\/100|[from] Stealth Rock\n|-status|p1a: Greninja|psn\n|turn|15\n|\n|t:|1699370198\n|move|p1a: Greninja|Ice Beam|p2a: Kingambit\n|-start|p1a: Greninja|typechange|Ice|[from] ability: Protean\n|-resisted|p2a: Kingambit\n|-damage|p2a: Kingambit|15\/100\n|move|p2a: Kingambit|Kowtow Cleave|p1a: Greninja\n|-damage|p1a: Greninja|0 fnt\n|faint|p1a: Greninja\n|\n|upkeep\n|\n|t:|1699370205\n|switch|p1a: Slowbro|Slowbro, F|100\/100\n|turn|16\n|\n|t:|1699370211\n|move|p2a: Kingambit|Sucker Punch|p1a: Slowbro\n|-supereffective|p1a: Slowbro\n|-damage|p1a: Slowbro|44\/100\n|move|p1a: Slowbro|Scald|p2a: Kingambit\n|-damage|p2a: Kingambit|0 fnt\n|faint|p2a: Kingambit\n|\n|upkeep\n|\n|t:|1699370220\n|switch|p2a: Urshifu|Urshifu-Rapid-Strike, F|100\/100\n|turn|17\n|c|\u2606RimuruTempest88|*sigh* we don't talk about it\n|\n|t:|1699370228\n|move|p2a: Urshifu|Surging Strikes|p1a: Slowbro\n|-resisted|p1a: Slowbro\n|-crit|p1a: Slowbro\n|-damage|p1a: Slowbro|38\/100\n|-resisted|p1a: Slowbro\n|-crit|p1a: Slowbro\n|-damage|p1a: Slowbro|32\/100\n|-resisted|p1a: Slowbro\n|-crit|p1a: Slowbro\n|-damage|p1a: Slowbro|25\/100\n|-hitcount|p1a: Slowbro|3\n|move|p1a: Slowbro|Slack Off|p1a: Slowbro\n|-heal|p1a: Slowbro|76\/100\n|\n|upkeep\n|turn|18\n|\n|t:|1699370245\n|move|p2a: Urshifu|Iron Head|p1a: Slowbro\n|-resisted|p1a: Slowbro\n|-damage|p1a: Slowbro|67\/100\n|move|p1a: Slowbro|Future Sight|p2a: Urshifu\n|-start|p1a: Slowbro|move: Future Sight\n|\n|upkeep\n|turn|19\n|\n|t:|1699370252\n|move|p2a: Urshifu|Drain Punch|p1a: Slowbro\n|-resisted|p1a: Slowbro\n|-damage|p1a: Slowbro|56\/100\n|move|p1a: Slowbro|Thunder Wave|p2a: Urshifu\n|-status|p2a: Urshifu|par\n|\n|upkeep\n|turn|20\n|\n|t:|1699370261\n|move|p2a: Urshifu|Surging Strikes|p1a: Slowbro\n|-resisted|p1a: Slowbro\n|-crit|p1a: Slowbro\n|-damage|p1a: Slowbro|49\/100\n|-resisted|p1a: Slowbro\n|-crit|p1a: Slowbro\n|-damage|p1a: Slowbro|43\/100\n|-resisted|p1a: Slowbro\n|-crit|p1a: Slowbro\n|-damage|p1a: Slowbro|36\/100\n|-hitcount|p1a: Slowbro|3\n|move|p1a: Slowbro|Slack Off|p1a: Slowbro\n|-heal|p1a: Slowbro|86\/100\n|\n|-end|p2a: Urshifu|move: Future Sight\n|-supereffective|p2a: Urshifu\n|-damage|p2a: Urshifu|23\/100 par\n|upkeep\n|turn|21\n|\n|t:|1699370274\n|move|p2a: Urshifu|Surging Strikes|p1a: Slowbro\n|-resisted|p1a: Slowbro\n|-crit|p1a: Slowbro\n|-damage|p1a: Slowbro|80\/100\n|-resisted|p1a: Slowbro\n|-crit|p1a: Slowbro\n|-damage|p1a: Slowbro|74\/100\n|-resisted|p1a: Slowbro\n|-crit|p1a: Slowbro\n|-damage|p1a: Slowbro|67\/100\n|-hitcount|p1a: Slowbro|3\n|move|p1a: Slowbro|Scald|p2a: Urshifu\n|-resisted|p2a: Urshifu\n|-crit|p2a: Urshifu\n|-damage|p2a: Urshifu|0 fnt\n|faint|p2a: Urshifu\n|\n|win|RimuruTempest88\n|raw|RimuruTempest88's rating: 1054 &rarr; <strong>1085<\/strong><br \/>(+31 for winning)\n|raw|ImJustTryingMYBest's rating: 1040 &rarr; <strong>1025<\/strong><br \/>(-15 for losing)\n","uploadtime":1699370090,"views":8,"p1id":"rimurutempest88","p2id":"imjusttryingmybest","formatid":"gen9anythinggoes","rating":1025,"private":0,"password":""}