{"id":"gen9anythinggoes-1990168365","p1":"KirbyGames125","p2":"JJBUD4","format":"[Gen 9] Anything Goes","log":"|j|\u2606KirbyGames125\n|j|\u2606JJBUD4\n|t:|1699932177\n|gametype|singles\n|player|p1|KirbyGames125|ingo|1187\n|player|p2|JJBUD4|102|1080\n|teamsize|p1|6\n|teamsize|p2|6\n|gen|9\n|tier|[Gen 9] Anything Goes\n|rated|\n|rule|HP Percentage Mod: HP is shown in percentages\n|rule|Endless Battle Clause: Forcing endless battles is banned\n|clearpoke\n|poke|p1|Grimmsnarl, M|\n|poke|p1|Palafin, M|\n|poke|p1|Espathra, M|\n|poke|p1|Sandy Shocks|\n|poke|p1|Maushold-Four|\n|poke|p1|Ogerpon-Hearthflame, F|\n|poke|p2|Wo-Chien|\n|poke|p2|Azumarill, F|\n|poke|p2|Camerupt, F|\n|poke|p2|Sneasel, F|\n|poke|p2|Yanmega, M|\n|poke|p2|Dragapult, M|\n|teampreview\n|inactive|Battle timer is ON: inactive players will automatically lose when time's up. (requested by KirbyGames125)\n|\n|t:|1699932193\n|start\n|switch|p1a: Grimmsnarl|Grimmsnarl, M, shiny|100\/100\n|switch|p2a: Azumarill|Azumarill, F|100\/100\n|turn|1\n|inactive|JJBUD4 has 120 seconds left.\n|\n|t:|1699932226\n|switch|p2a: Wo-Chien|Wo-Chien|100\/100\n|-ability|p2a: Wo-Chien|Tablets of Ruin\n|move|p1a: Grimmsnarl|Reflect|p1a: Grimmsnarl\n|-sidestart|p1: KirbyGames125|Reflect\n|\n|upkeep\n|turn|2\n|\n|t:|1699932233\n|move|p1a: Grimmsnarl|Light Screen|p1a: Grimmsnarl\n|-sidestart|p1: KirbyGames125|move: Light Screen\n|move|p2a: Wo-Chien|Leech Seed|p1a: Grimmsnarl\n|-start|p1a: Grimmsnarl|move: Leech Seed\n|\n|-damage|p1a: Grimmsnarl|88\/100|[from] Leech Seed|[of] p2a: Wo-Chien\n|upkeep\n|turn|3\n|inactive|JJBUD4 has 120 seconds left.\n|\n|t:|1699932252\n|switch|p1a: Ogerpon|Ogerpon-Hearthflame, F|100\/100\n|-ability|p1a: Ogerpon|Mold Breaker\n|move|p2a: Wo-Chien|Knock Off|p1a: Ogerpon\n|-damage|p1a: Ogerpon|88\/100\n|\n|upkeep\n|turn|4\n|inactive|JJBUD4 has 120 seconds left.\n|\n|t:|1699932270\n|-terastallize|p1a: Ogerpon|Fire\n|detailschange|p1a: Ogerpon|Ogerpon-Hearthflame-Tera, F, tera:Fire\n|-ability|p1a: Ogerpon|Embody Aspect (Hearthflame)|boost\n|-boost|p1a: Ogerpon|atk|1\n|move|p1a: Ogerpon|Ivy Cudgel|p2a: Wo-Chien\n|-supereffective|p2a: Wo-Chien\n|-damage|p2a: Wo-Chien|0 fnt\n|faint|p2a: Wo-Chien\n|\n|upkeep\n|\n|t:|1699932293\n|switch|p2a: Azumarill|Azumarill, F|100\/100\n|turn|5\n|\n|t:|1699932298\n|move|p1a: Ogerpon|Horn Leech|p2a: Azumarill\n|-supereffective|p2a: Azumarill\n|-damage|p2a: Azumarill|0 fnt\n|-heal|p1a: Ogerpon|100\/100|[from] drain|[of] p2a: Azumarill\n|faint|p2a: Azumarill\n|\n|upkeep\n|\n|t:|1699932308\n|switch|p2a: Dragapult|Dragapult, M|100\/100\n|turn|6\n|\n|t:|1699932317\n|-terastallize|p2a: Dragapult|Dragon\n|move|p2a: Dragapult|Dragon Pulse|p1a: Ogerpon\n|-damage|p1a: Ogerpon|69\/100\n|move|p1a: Ogerpon|Knock Off|p2a: Dragapult\n|-damage|p2a: Dragapult|17\/100\n|-enditem|p2a: Dragapult|Choice Band|[from] move: Knock Off|[of] p1a: Ogerpon\n|\n|upkeep\n|turn|7\n|\n|t:|1699932346\n|switch|p2a: Yanmega|Yanmega, M|100\/100\n|move|p1a: Ogerpon|Knock Off|p2a: Yanmega\n|-damage|p2a: Yanmega|17\/100\n|-enditem|p2a: Yanmega|Iapapa Berry|[from] move: Knock Off|[of] p1a: Ogerpon\n|\n|upkeep\n|turn|8\n|inactive|JJBUD4 has 90 seconds left.\n|\n|t:|1699932362\n|move|p2a: Yanmega|Air Slash|p1a: Ogerpon\n|-damage|p1a: Ogerpon|48\/100\n|cant|p1a: Ogerpon|flinch\n|\n|-sideend|p1: KirbyGames125|Reflect\n|-ability|p2a: Yanmega|Speed Boost|boost\n|-boost|p2a: Yanmega|spe|1\n|upkeep\n|turn|9\n|\n|t:|1699932370\n|move|p2a: Yanmega|Air Slash|p1a: Ogerpon|[miss]\n|-miss|p2a: Yanmega|p1a: Ogerpon\n|move|p1a: Ogerpon|Ivy Cudgel|p2a: Yanmega\n|-supereffective|p2a: Yanmega\n|-damage|p2a: Yanmega|0 fnt\n|faint|p2a: Yanmega\n|\n|-sideend|p1: KirbyGames125|move: Light Screen\n|upkeep\n|inactive|JJBUD4 has 90 seconds left.\n|\n|t:|1699932387\n|switch|p2a: Camerupt|Camerupt, F|100\/100\n|turn|10\n|inactive|JJBUD4 has 90 seconds left.\n|\n|t:|1699932394\n|move|p1a: Ogerpon|Horn Leech|p2a: Camerupt\n|-damage|p2a: Camerupt|2\/100\n|-heal|p1a: Ogerpon|99\/100|[from] drain|[of] p2a: Camerupt\n|move|p2a: Camerupt|Earthquake|p1a: Ogerpon\n|-supereffective|p1a: Ogerpon\n|-damage|p1a: Ogerpon|22\/100\n|\n|-heal|p2a: Camerupt|8\/100|[from] item: Leftovers\n|upkeep\n|turn|11\n|inactive|JJBUD4 has 90 seconds left.\n|c|\u2606KirbyGames125|where's your bulk investment?\n|\n|t:|1699932409\n|switch|p2a: Sneasel|Sneasel, F|100\/100\n|move|p1a: Ogerpon|Horn Leech|p2a: Sneasel\n|-damage|p2a: Sneasel|0 fnt\n|-heal|p1a: Ogerpon|69\/100|[from] drain|[of] p2a: Sneasel\n|faint|p2a: Sneasel\n|\n|upkeep\n|\n|t:|1699932418\n|switch|p2a: Dragapult|Dragapult, M, tera:Dragon|17\/100\n|turn|12\n|inactive|JJBUD4 has 90 seconds left.\n|\n|t:|1699932426\n|move|p2a: Dragapult|Dragon Pulse|p1a: Ogerpon\n|-damage|p1a: Ogerpon|7\/100\n|move|p1a: Ogerpon|Knock Off|p2a: Dragapult\n|-crit|p2a: Dragapult\n|-damage|p2a: Dragapult|0 fnt\n|faint|p2a: Dragapult\n|\n|upkeep\n|inactive|JJBUD4 has 90 seconds left.\n|\n|t:|1699932433\n|switch|p2a: Camerupt|Camerupt, F|8\/100\n|turn|13\n|\n|t:|1699932436\n|move|p1a: Ogerpon|Horn Leech|p2a: Camerupt\n|-damage|p2a: Camerupt|0 fnt\n|-heal|p1a: Ogerpon|11\/100|[from] drain|[of] p2a: Camerupt\n|faint|p2a: Camerupt\n|\n|win|KirbyGames125\n|raw|KirbyGames125's rating: 1187 &rarr; <strong>1205<\/strong><br \/>(+18 for winning)\n|raw|JJBUD4's rating: 1080 &rarr; <strong>1065<\/strong><br \/>(-15 for losing)\n","uploadtime":1699932443,"views":28,"p1id":"kirbygames125","p2id":"jjbud4","formatid":"gen9anythinggoes","rating":1065,"private":0,"password":""}