{"id":"gen9anythinggoes-1984433779","p1":"pikatchouk 2","p2":"4th Acct To 1700","format":"[Gen 9] Anything Goes","log":"|j|\u2606pikatchouk 2\n|j|\u26064th Acct To 1700\n|t:|1699262942\n|gametype|singles\n|player|p1|pikatchouk 2|169|1665\n|player|p2|4th Acct To 1700|clown|1693\n|teamsize|p1|6\n|teamsize|p2|6\n|gen|9\n|tier|[Gen 9] Anything Goes\n|rated|\n|rule|HP Percentage Mod: HP is shown in percentages\n|rule|Endless Battle Clause: Forcing endless battles is banned\n|clearpoke\n|poke|p1|Miraidon|\n|poke|p1|Ting-Lu|\n|poke|p1|Calyrex-Shadow|\n|poke|p1|Toxapex, M|\n|poke|p1|Zacian-*|\n|poke|p1|Arceus|\n|poke|p2|Koraidon|\n|poke|p2|Calyrex-Shadow|\n|poke|p2|Arceus|\n|poke|p2|Arceus-Ground|\n|poke|p2|Ribombee, F|\n|poke|p2|Kyogre|\n|teampreview\n|inactive|Battle timer is ON: inactive players will automatically lose when time's up. (requested by pikatchouk 2)\n|\n|t:|1699262959\n|start\n|switch|p1a: Calyrex|Calyrex-Shadow|100\/100\n|switch|p2a: Arceus|Arceus-Ground|100\/100\n|-ability|p1a: Calyrex|As One\n|-ability|p1a: Calyrex|Unnerve\n|turn|1\n|\n|t:|1699262967\n|move|p1a: Calyrex|Nasty Plot|p1a: Calyrex\n|-boost|p1a: Calyrex|spa|2\n|move|p2a: Arceus|Earthquake|p1a: Calyrex\n|-damage|p1a: Calyrex|20\/100\n|-enditem|p1a: Calyrex|Salac Berry|[eat]\n|-boost|p1a: Calyrex|spe|1|[from] item: Salac Berry\n|\n|upkeep\n|turn|2\n|\n|t:|1699262986\n|switch|p2a: Arceus|Arceus|100\/100\n|move|p1a: Calyrex|Giga Drain|p2a: Arceus\n|-damage|p2a: Arceus|62\/100\n|-heal|p1a: Calyrex|46\/100|[from] drain|[of] p2a: Arceus\n|\n|upkeep\n|turn|3\n|\n|t:|1699262999\n|move|p1a: Calyrex|Giga Drain|p2a: Arceus\n|-damage|p2a: Arceus|18\/100\n|-heal|p1a: Calyrex|74\/100|[from] drain|[of] p2a: Arceus\n|move|p2a: Arceus|Shadow Claw|p1a: Calyrex\n|-supereffective|p1a: Calyrex\n|-damage|p1a: Calyrex|0 fnt\n|faint|p1a: Calyrex\n|\n|upkeep\n|inactive|pikatchouk 2 has 120 seconds left.\n|\n|t:|1699263028\n|switch|p1a: Zacian|Zacian-Crowned|100\/100\n|-ability|p1a: Zacian|Intrepid Sword|boost\n|-boost|p1a: Zacian|atk|1\n|turn|4\n|inactive|pikatchouk 2 has 120 seconds left.\n|inactive|4th Acct To 1700 has 120 seconds left.\n|\n|t:|1699263059\n|switch|p2a: Arceus|Arceus-Ground|100\/100\n|move|p1a: Zacian|Behemoth Blade|p2a: Arceus\n|-damage|p2a: Arceus|42\/100\n|\n|upkeep\n|turn|5\n|inactive|pikatchouk 2 has 120 seconds left.\n|\n|t:|1699263073\n|move|p1a: Zacian|Behemoth Blade|p2a: Arceus\n|-damage|p2a: Arceus|0 fnt\n|faint|p2a: Arceus\n|\n|upkeep\n|\n|t:|1699263081\n|switch|p2a: Koraidon|Koraidon|100\/100\n|-weather|SunnyDay|[from] ability: Orichalcum Pulse|[of] p2a: Koraidon\n|-activate|p2a: Koraidon|Orichalcum Pulse|[source]\n|turn|6\n|inactive|pikatchouk 2 has 120 seconds left.\n|\n|t:|1699263093\n|switch|p1a: Toxapex|Toxapex, M|100\/100\n|move|p2a: Koraidon|Flare Blitz|p1a: Toxapex\n|-resisted|p1a: Toxapex\n|-damage|p1a: Toxapex|75\/100\n|-damage|p2a: Koraidon|84\/100|[from] item: Rocky Helmet|[of] p1a: Toxapex\n|-damage|p2a: Koraidon|76\/100|[from] Recoil\n|\n|-weather|SunnyDay|[upkeep]\n|upkeep\n|turn|7\n|inactive|pikatchouk 2 has 120 seconds left.\n|\n|t:|1699263104\n|switch|p2a: Ribombee|Ribombee, F|100\/100\n|move|p1a: Toxapex|Toxic|p2a: Ribombee\n|-status|p2a: Ribombee|tox\n|\n|-weather|SunnyDay|[upkeep]\n|-damage|p2a: Ribombee|94\/100 tox|[from] psn\n|upkeep\n|turn|8\n|\n|t:|1699263112\n|switch|p1a: Zacian|Zacian-Crowned|100\/100\n|move|p2a: Ribombee|Switcheroo||[still]\n|-fail|p2a: Ribombee\n|\n|-weather|SunnyDay|[upkeep]\n|-damage|p2a: Ribombee|82\/100 tox|[from] psn\n|upkeep\n|turn|9\n|inactive|pikatchouk 2 has 120 seconds left.\n|\n|t:|1699263127\n|switch|p2a: Arceus|Arceus|18\/100\n|move|p1a: Zacian|Behemoth Blade|p2a: Arceus\n|-damage|p2a: Arceus|0 fnt\n|faint|p2a: Arceus\n|\n|-weather|SunnyDay|[upkeep]\n|upkeep\n|\n|t:|1699263131\n|switch|p2a: Ribombee|Ribombee, F|82\/100 tox\n|turn|10\n|\n|t:|1699263138\n|move|p2a: Ribombee|Sticky Web|p1a: Zacian\n|-sidestart|p1: pikatchouk 2|move: Sticky Web\n|move|p1a: Zacian|Behemoth Blade|p2a: Ribombee\n|-supereffective|p2a: Ribombee\n|-damage|p2a: Ribombee|0 fnt\n|faint|p2a: Ribombee\n|\n|-weather|none\n|upkeep\n|\n|t:|1699263144\n|switch|p2a: Kyogre|Kyogre|100\/100\n|-weather|RainDance|[from] ability: Drizzle|[of] p2a: Kyogre\n|turn|11\n|\n|t:|1699263156\n|move|p1a: Zacian|Wild Charge|p2a: Kyogre\n|-supereffective|p2a: Kyogre\n|-damage|p2a: Kyogre|30\/100\n|-damage|p1a: Zacian|82\/100|[from] Recoil\n|move|p2a: Kyogre|Thunder|p1a: Zacian\n|-damage|p1a: Zacian|40\/100\n|\n|-weather|RainDance|[upkeep]\n|upkeep\n|turn|12\n|\n|t:|1699263166\n|move|p1a: Zacian|Wild Charge|p2a: Kyogre\n|-supereffective|p2a: Kyogre\n|-damage|p2a: Kyogre|0 fnt\n|faint|p2a: Kyogre\n|-damage|p1a: Zacian|33\/100|[from] Recoil\n|\n|-weather|RainDance|[upkeep]\n|upkeep\n|\n|t:|1699263168\n|switch|p2a: Koraidon|Koraidon|76\/100\n|-weather|SunnyDay|[from] ability: Orichalcum Pulse|[of] p2a: Koraidon\n|-activate|p2a: Koraidon|Orichalcum Pulse|[source]\n|turn|13\n|c|\u26064th Acct To 1700|Omg i misclicked\n|\n|t:|1699263190\n|move|p1a: Zacian|Play Rough|p2a: Koraidon\n|-supereffective|p2a: Koraidon\n|-damage|p2a: Koraidon|0 fnt\n|faint|p2a: Koraidon\n|\n|-weather|SunnyDay|[upkeep]\n|upkeep\n|\n|t:|1699263192\n|switch|p2a: Calyrex|Calyrex-Shadow|100\/100\n|-ability|p2a: Calyrex|As One\n|-ability|p2a: Calyrex|Unnerve\n|turn|14\n|\n|t:|1699263204\n|switch|p1a: Ting-Lu|Ting-Lu|100\/100\n|-activate|p1a: Ting-Lu|move: Sticky Web\n|-unboost|p1a: Ting-Lu|spe|1\n|-ability|p1a: Ting-Lu|Vessel of Ruin\n|move|p2a: Calyrex|Astral Barrage|p1a: Ting-Lu\n|-resisted|p1a: Ting-Lu\n|-damage|p1a: Ting-Lu|83\/100\n|\n|-weather|SunnyDay|[upkeep]\n|-heal|p1a: Ting-Lu|89\/100|[from] item: Leftovers\n|upkeep\n|turn|15\n|\n|t:|1699263215\n|move|p2a: Calyrex|Nasty Plot|p2a: Calyrex\n|-boost|p2a: Calyrex|spa|2\n|move|p1a: Ting-Lu|Ruination|p2a: Calyrex\n|-damage|p2a: Calyrex|51\/100\n|\n|-weather|SunnyDay|[upkeep]\n|-heal|p1a: Ting-Lu|96\/100|[from] item: Leftovers\n|upkeep\n|turn|16\n|\n|t:|1699263230\n|move|p2a: Calyrex|Encore|p1a: Ting-Lu\n|-start|p1a: Ting-Lu|Encore\n|move|p1a: Ting-Lu|Ruination|p2a: Calyrex\n|-damage|p2a: Calyrex|26\/100\n|\n|-weather|SunnyDay|[upkeep]\n|-heal|p1a: Ting-Lu|100\/100|[from] item: Leftovers\n|upkeep\n|turn|17\n|\n|t:|1699263242\n|move|p2a: Calyrex|Nasty Plot|p2a: Calyrex\n|-boost|p2a: Calyrex|spa|2\n|move|p1a: Ting-Lu|Ruination|p2a: Calyrex\n|-damage|p2a: Calyrex|13\/100\n|\n|-weather|none\n|upkeep\n|turn|18\n|\n|t:|1699263256\n|switch|p1a: Zacian|Zacian-Crowned|33\/100\n|-activate|p1a: Zacian|move: Sticky Web\n|-unboost|p1a: Zacian|spe|1\n|move|p2a: Calyrex|Astral Barrage|p1a: Zacian\n|-damage|p1a: Zacian|0 fnt\n|faint|p1a: Zacian\n|-ability|p2a: Calyrex|Grim Neigh|boost\n|-boost|p2a: Calyrex|spa|1\n|\n|upkeep\n|\n|t:|1699263263\n|switch|p1a: Toxapex|Toxapex, M|100\/100\n|-activate|p1a: Toxapex|move: Sticky Web\n|-unboost|p1a: Toxapex|spe|1\n|turn|19\n|\n|t:|1699263266\n|-terastallize|p1a: Toxapex|Normal\n|move|p2a: Calyrex|Psychic|p1a: Toxapex\n|-damage|p1a: Toxapex|0 fnt\n|faint|p1a: Toxapex\n|-ability|p2a: Calyrex|Grim Neigh|boost\n|-boost|p2a: Calyrex|spa|1\n|\n|upkeep\n|\n|t:|1699263281\n|switch|p1a: Miraidon|Miraidon|100\/100\n|-activate|p1a: Miraidon|move: Sticky Web\n|-unboost|p1a: Miraidon|spe|1\n|-fieldstart|move: Electric Terrain|[from] ability: Hadron Engine|[of] p1a: Miraidon\n|turn|20\n|\n|t:|1699263292\n|move|p2a: Calyrex|Astral Barrage|p1a: Miraidon\n|-damage|p1a: Miraidon|0 fnt\n|faint|p1a: Miraidon\n|\n|upkeep\n|\n|t:|1699263294\n|switch|p1a: Arceus|Arceus|100\/100\n|-activate|p1a: Arceus|move: Sticky Web\n|-unboost|p1a: Arceus|spe|1\n|turn|21\n|\n|t:|1699263297\n|move|p2a: Calyrex|Psychic|p1a: Arceus\n|-damage|p1a: Arceus|0 fnt\n|faint|p1a: Arceus\n|\n|upkeep\n|\n|t:|1699263299\n|switch|p1a: Ting-Lu|Ting-Lu|100\/100\n|-activate|p1a: Ting-Lu|move: Sticky Web\n|-unboost|p1a: Ting-Lu|spe|1\n|-ability|p1a: Ting-Lu|Vessel of Ruin\n|turn|22\n|\n|t:|1699263303\n|move|p2a: Calyrex|Astral Barrage|p1a: Ting-Lu\n|-resisted|p1a: Ting-Lu\n|-damage|p1a: Ting-Lu|34\/100\n|move|p1a: Ting-Lu|Ruination|p2a: Calyrex|[miss]\n|-miss|p1a: Ting-Lu|p2a: Calyrex\n|\n|-heal|p1a: Ting-Lu|40\/100|[from] item: Leftovers\n|upkeep\n|turn|23\n|c|\u26064th Acct To 1700|Gg\n|inactive|pikatchouk 2 has 120 seconds left.\n|\n|t:|1699263341\n|move|p2a: Calyrex|Astral Barrage|p1a: Ting-Lu\n|-resisted|p1a: Ting-Lu\n|-damage|p1a: Ting-Lu|0 fnt\n|faint|p1a: Ting-Lu\n|\n|win|4th Acct To 1700\n|raw|pikatchouk 2's rating: 1665 &rarr; <strong>1647<\/strong><br \/>(-18 for losing)\n|raw|4th Acct To 1700's rating: 1693 &rarr; <strong>1711<\/strong><br \/>(+18 for winning)\n|c|\u26064th Acct To 1700|Id throw my computer if I were u\n|l|\u26064th Acct To 1700\n","uploadtime":1699263358,"views":5,"p1id":"pikatchouk2","p2id":"4thacctto1700","formatid":"gen9anythinggoes","rating":1647,"private":0,"password":""}