{"id":"gen9anythinggoes-1998852904","p1":"ghostlyplanets","p2":"squi101","format":"[Gen 9] Anything Goes","log":"|j|\u2606ghostlyplanets\n|j|\u2606squi101\n|t:|1701003390\n|gametype|singles\n|player|p1|ghostlyplanets|zirco-unite|1522\n|player|p2|squi101|shauntal|1364\n|teamsize|p1|6\n|teamsize|p2|6\n|gen|9\n|tier|[Gen 9] Anything Goes\n|rated|\n|rule|HP Percentage Mod: HP is shown in percentages\n|rule|Endless Battle Clause: Forcing endless battles is banned\n|clearpoke\n|poke|p1|Calyrex-Shadow|\n|poke|p1|Arceus-Ground|\n|poke|p1|Koraidon|\n|poke|p1|Arceus|\n|poke|p1|Eternatus|\n|poke|p1|Eternatus|\n|poke|p2|Calyrex-Shadow|\n|poke|p2|Miraidon|\n|poke|p2|Ribombee, M|\n|poke|p2|Koraidon|\n|poke|p2|Arceus|\n|poke|p2|Arceus-Ghost|\n|teampreview\n|inactive|Battle timer is ON: inactive players will automatically lose when time's up. (requested by squi101)\n|\n|t:|1701003403\n|start\n|switch|p1a: Koraidon|Koraidon|100\/100\n|switch|p2a: Ribombee|Ribombee, M|100\/100\n|-weather|SunnyDay|[from] ability: Orichalcum Pulse|[of] p1a: Koraidon\n|-activate|p1a: Koraidon|Orichalcum Pulse|[source]\n|turn|1\n|\n|t:|1701003425\n|move|p1a: Koraidon|Dual Wingbeat|p2a: Ribombee\n|-supereffective|p2a: Ribombee\n|-damage|p2a: Ribombee|37\/100\n|-supereffective|p2a: Ribombee\n|-damage|p2a: Ribombee|0 fnt\n|faint|p2a: Ribombee\n|-hitcount|p2: Ribombee|2\n|\n|-weather|SunnyDay|[upkeep]\n|upkeep\n|\n|t:|1701003431\n|switch|p2a: Koraidon|Koraidon|100\/100\n|-activate|p2a: Koraidon|ability: Orichalcum Pulse\n|turn|2\n|\n|t:|1701003441\n|switch|p1a: Arceus|Arceus-Ground|100\/100\n|move|p2a: Koraidon|Scale Shot|p1a: Arceus\n|-damage|p1a: Arceus|86\/100\n|-damage|p1a: Arceus|72\/100\n|-damage|p1a: Arceus|58\/100\n|-damage|p1a: Arceus|44\/100\n|-damage|p1a: Arceus|30\/100\n|-hitcount|p1a: Arceus|5\n|-unboost|p2a: Koraidon|def|1\n|-boost|p2a: Koraidon|spe|1\n|\n|-weather|SunnyDay|[upkeep]\n|upkeep\n|turn|3\n|\n|t:|1701003457\n|move|p2a: Koraidon|Swords Dance|p2a: Koraidon\n|-boost|p2a: Koraidon|atk|2\n|move|p1a: Arceus|Stealth Rock|p2a: Koraidon\n|-sidestart|p2: squi101|move: Stealth Rock\n|\n|-weather|SunnyDay|[upkeep]\n|upkeep\n|turn|4\n|\n|t:|1701003466\n|move|p2a: Koraidon|Flare Blitz|p1a: Arceus\n|-damage|p1a: Arceus|0 fnt\n|faint|p1a: Arceus\n|-damage|p2a: Koraidon|90\/100|[from] Recoil\n|\n|-weather|SunnyDay|[upkeep]\n|upkeep\n|j| AdamPadum\n|l| AdamPadum\n|\n|t:|1701003476\n|switch|p1a: Koraidon|Koraidon|100\/100\n|-activate|p1a: Koraidon|ability: Orichalcum Pulse\n|turn|5\n|c|\u2606ghostlyplanets|sped tie\n|\n|t:|1701003493\n|-terastallize|p2a: Koraidon|Fire\n|move|p2a: Koraidon|Scale Shot|p1a: Koraidon\n|-supereffective|p1a: Koraidon\n|-damage|p1a: Koraidon|34\/100\n|-supereffective|p1a: Koraidon\n|-damage|p1a: Koraidon|0 fnt\n|faint|p1a: Koraidon\n|-hitcount|p1: Koraidon|2\n|-unboost|p2a: Koraidon|def|1\n|-boost|p2a: Koraidon|spe|1\n|\n|-weather|none\n|upkeep\n|c|\u2606ghostlyplanets|moment\n|c|\u2606squi101|lol\n|\n|t:|1701003499\n|switch|p1a: Arceus|Arceus|100\/100\n|turn|6\n|\n|t:|1701003509\n|move|p1a: Arceus|Extreme Speed|p2a: Koraidon\n|-damage|p2a: Koraidon|14\/100\n|move|p2a: Koraidon|Flare Blitz|p1a: Arceus\n|-damage|p1a: Arceus|7\/100\n|-damage|p2a: Koraidon|0 fnt|[from] Recoil\n|faint|p2a: Koraidon\n|\n|upkeep\n|c|\u2606squi101|well\n|c|\u2606ghostlyplanets|whee\n|\n|t:|1701003523\n|switch|p2a: Arceus|Arceus-Ghost|100\/100\n|-damage|p2a: Arceus|88\/100|[from] Stealth Rock\n|turn|7\n|\n|t:|1701003538\n|switch|p2a: Arceus|Arceus|100\/100\n|-damage|p2a: Arceus|88\/100|[from] Stealth Rock\n|move|p1a: Arceus|Recover|p1a: Arceus\n|-heal|p1a: Arceus|57\/100\n|\n|upkeep\n|turn|8\n|c|\u2606squi101|I switched in wrong arceus..\n|\n|t:|1701003552\n|move|p1a: Arceus|Recover|p1a: Arceus\n|-heal|p1a: Arceus|100\/100\n|move|p2a: Arceus|Swords Dance|p2a: Arceus\n|-boost|p2a: Arceus|atk|2\n|\n|upkeep\n|turn|9\n|c|\u2606ghostlyplanets|RIP\n|\n|t:|1701003567\n|move|p1a: Arceus|Swords Dance|p1a: Arceus\n|-boost|p1a: Arceus|atk|2\n|move|p2a: Arceus|Taunt|p1a: Arceus\n|-start|p1a: Arceus|move: Taunt\n|\n|upkeep\n|turn|10\n|c|\u2606squi101|well\n|c|\u2606ghostlyplanets|296 speed ig\n|inactive|squi101 has 120 seconds left.\n|c|\u2606ghostlyplanets|or r u lesser\n|\n|t:|1701003593\n|move|p1a: Arceus|Extreme Speed|p2a: Arceus\n|-damage|p2a: Arceus|29\/100\n|move|p2a: Arceus|Extreme Speed|p1a: Arceus\n|-damage|p1a: Arceus|24\/100\n|\n|upkeep\n|turn|11\n|inactive|squi101 has 120 seconds left.\n|\n|t:|1701003603\n|move|p1a: Arceus|Extreme Speed|p2a: Arceus\n|-damage|p2a: Arceus|0 fnt\n|faint|p2a: Arceus\n|\n|upkeep\n|c|\u2606ghostlyplanets|whats ur speed stat rn\n|c|\u2606squi101|speed tie\n|c|\u2606squi101|its 290\n|c|\u2606ghostlyplanets|im 296\n|c|\u2606squi101|oh\n|c|\u2606ghostlyplanets|nature?\n|c|\u2606squi101|then\n|c|\u2606squi101|how did i go first\n|c|\u2606squi101|nature is jolly\n|inactive|squi101 has 90 seconds left.\n|c|\u2606ghostlyplanets|adamant\n|c|\u2606ghostlyplanets|80 speed invesement\n|c|\u2606squi101|huh\n|\n|t:|1701003649\n|switch|p2a: Miraidon|Miraidon|100\/100\n|-fieldstart|move: Electric Terrain|[from] ability: Hadron Engine|[of] p2a: Miraidon\n|turn|12\n|c|\u2606ghostlyplanets|you didn't go first at all\n|\n|t:|1701003657\n|move|p1a: Arceus|Extreme Speed|p2a: Miraidon\n|-damage|p2a: Miraidon|9\/100\n|move|p2a: Miraidon|Electro Drift|p1a: Arceus\n|-damage|p1a: Arceus|0 fnt\n|faint|p1a: Arceus\n|\n|upkeep\n|\n|t:|1701003662\n|switch|p1a: Calyrex|Calyrex-Shadow|100\/100\n|-ability|p1a: Calyrex|As One\n|-ability|p1a: Calyrex|Unnerve\n|turn|13\n|inactive|squi101 has 90 seconds left.\n|\n|t:|1701003668\n|move|p1a: Calyrex|Astral Barrage|p2a: Miraidon\n|-damage|p2a: Miraidon|0 fnt\n|faint|p2a: Miraidon\n|-ability|p1a: Calyrex|Grim Neigh|boost\n|-boost|p1a: Calyrex|spa|1\n|\n|upkeep\n|inactive|squi101 has 90 seconds left.\n|\n|t:|1701003675\n|switch|p2a: Calyrex|Calyrex-Shadow|100\/100\n|-ability|p2a: Calyrex|As One\n|-ability|p2a: Calyrex|Unnerve\n|-damage|p2a: Calyrex|88\/100|[from] Stealth Rock\n|turn|14\n|c|\u2606squi101|gg unless speed tie\n|inactive|squi101 has 90 seconds left.\n|\n|t:|1701003688\n|move|p1a: Calyrex|Astral Barrage|p2a: Calyrex\n|-supereffective|p2a: Calyrex\n|-damage|p2a: Calyrex|0 fnt\n|faint|p2a: Calyrex\n|-ability|p1a: Calyrex|Grim Neigh|boost\n|-boost|p1a: Calyrex|spa|1\n|\n|upkeep\n|c|\u2606squi101|ur tera normal tho\n|l|\u2606ghostlyplanets\n|inactive|ghostlyplanets disconnected and has a minute to reconnect!\n|player|p1|\n|inactive|squi101 has 90 seconds left.\n|c|\u2606squi101|nvm\n|c|\u2606squi101|ggs tho\n|c|\u2606squi101|omg im lagging so much\n|c|\u2606squi101|1 turn lasts 10 seconds\n|\n|t:|1701003715\n|switch|p2a: Arceus|Arceus-Ghost|88\/100\n|-damage|p2a: Arceus|76\/100|[from] Stealth Rock\n|turn|15\n|-message|squi101 forfeited.\n|\n|win|ghostlyplanets\n|raw|ghostlyplanets's rating: 1522 &rarr; <strong>1533<\/strong><br \/>(+11 for winning)\n|raw|squi101's rating: 1364 &rarr; <strong>1353<\/strong><br \/>(-11 for losing)\n|c|\u2606squi101|gg\n","uploadtime":1701003745,"views":4,"p1id":"ghostlyplanets","p2id":"squi101","formatid":"gen9anythinggoes","rating":1353,"private":0,"password":""}