{"id":"gen9anythinggoes-1977236629","p1":"wettlandd","p2":"CheeseComet","format":"[Gen 9] Anything Goes","log":"|j|\u2606wettlandd\n|j|\u2606CheeseComet\n|t:|1698391677\n|gametype|singles\n|player|p1|wettlandd|265|1290\n|player|p2|CheeseComet|169|1369\n|teamsize|p1|6\n|teamsize|p2|6\n|gen|9\n|tier|[Gen 9] Anything Goes\n|rated|\n|rule|HP Percentage Mod: HP is shown in percentages\n|rule|Endless Battle Clause: Forcing endless battles is banned\n|clearpoke\n|poke|p1|Chien-Pao|\n|poke|p1|Chien-Pao|\n|poke|p1|Chien-Pao|\n|poke|p1|Dugtrio-Alola, F|\n|poke|p1|Dugtrio-Alola, M|\n|poke|p1|Iron Bundle|\n|poke|p2|Torterra, M|\n|poke|p2|Maushold-Four|\n|poke|p2|Chi-Yu|\n|poke|p2|Ribombee, M|\n|poke|p2|Ogerpon-Wellspring, F|\n|poke|p2|Regieleki|\n|teampreview\n|inactive|Battle timer is ON: inactive players will automatically lose when time's up. (requested by wettlandd)\n|\n|t:|1698391683\n|start\n|switch|p1a: Chien-Pao|Chien-Pao|100\/100\n|switch|p2a: Honeycrisp|Ribombee, M|100\/100\n|-ability|p1a: Chien-Pao|Sword of Ruin\n|turn|1\n|\n|t:|1698391694\n|move|p1a: Chien-Pao|Substitute|p1a: Chien-Pao\n|-start|p1a: Chien-Pao|Substitute\n|-damage|p1a: Chien-Pao|76\/100\n|move|p2a: Honeycrisp|Sticky Web|p1a: Chien-Pao\n|-sidestart|p1: wettlandd|move: Sticky Web\n|\n|upkeep\n|turn|2\n|\n|t:|1698391702\n|move|p1a: Chien-Pao|Ice Spinner|p2a: Honeycrisp\n|-enditem|p2a: Honeycrisp|Focus Sash\n|-damage|p2a: Honeycrisp|1\/100\n|move|p2a: Honeycrisp|Bug Buzz|p1a: Chien-Pao\n|-supereffective|p1a: Chien-Pao\n|-damage|p1a: Chien-Pao|0 fnt\n|faint|p1a: Chien-Pao\n|\n|upkeep\n|\n|t:|1698391712\n|switch|p1a: Dugtrio|Dugtrio-Alola, F|100\/100\n|-activate|p1a: Dugtrio|move: Sticky Web\n|-unboost|p1a: Dugtrio|spe|1\n|turn|3\n|\n|t:|1698391725\n|move|p2a: Honeycrisp|Moonblast|p1a: Dugtrio\n|-resisted|p1a: Dugtrio\n|-damage|p1a: Dugtrio|51\/100\n|move|p1a: Dugtrio|Rock Tomb|p2a: Honeycrisp\n|-supereffective|p2a: Honeycrisp\n|-damage|p2a: Honeycrisp|0 fnt\n|faint|p2a: Honeycrisp\n|\n|upkeep\n|inactive|CheeseComet has 120 seconds left.\n|\n|t:|1698391753\n|switch|p2a: Blueberry|Ogerpon-Wellspring, F|100\/100\n|turn|4\n|\n|t:|1698391760\n|-terastallize|p2a: Blueberry|Water\n|detailschange|p2a: Blueberry|Ogerpon-Wellspring-Tera, F, tera:Water\n|-ability|p2a: Blueberry|Embody Aspect (Wellspring)|boost\n|-boost|p2a: Blueberry|spd|1\n|move|p2a: Blueberry|Swords Dance|p2a: Blueberry\n|-boost|p2a: Blueberry|atk|2\n|move|p1a: Dugtrio|Earthquake|p2a: Blueberry\n|-damage|p2a: Blueberry|37\/100\n|\n|upkeep\n|turn|5\n|\n|t:|1698391768\n|move|p2a: Blueberry|Horn Leech|p1a: Dugtrio\n|-damage|p1a: Dugtrio|0 fnt\n|-heal|p2a: Blueberry|55\/100|[from] drain|[of] p1a: Dugtrio\n|-ability|p1a: Dugtrio|Tangling Hair\n|-unboost|p2a: Blueberry|spe|1\n|faint|p1a: Dugtrio\n|\n|upkeep\n|\n|t:|1698391779\n|switch|p1a: Chien-Pao|Chien-Pao|100\/100\n|-activate|p1a: Chien-Pao|move: Sticky Web\n|-unboost|p1a: Chien-Pao|spe|1\n|-ability|p1a: Chien-Pao|Sword of Ruin\n|turn|6\n|\n|t:|1698391791\n|move|p1a: Chien-Pao|Crunch|p2a: Blueberry\n|-damage|p2a: Blueberry|0 fnt\n|faint|p2a: Blueberry\n|\n|upkeep\n|\n|t:|1698391796\n|switch|p2a: Bloopbloop|Chi-Yu|100\/100\n|-ability|p2a: Bloopbloop|Beads of Ruin\n|turn|7\n|\n|t:|1698391801\n|move|p2a: Bloopbloop|Overheat|p1a: Chien-Pao\n|-supereffective|p1a: Chien-Pao\n|-enditem|p1a: Chien-Pao|Focus Sash\n|-damage|p1a: Chien-Pao|1\/100\n|-unboost|p2a: Bloopbloop|spa|2\n|move|p1a: Chien-Pao|Brick Break|p2a: Bloopbloop\n|-supereffective|p2a: Bloopbloop\n|-damage|p2a: Bloopbloop|0 fnt\n|faint|p2a: Bloopbloop\n|\n|upkeep\n|\n|t:|1698391812\n|switch|p2a: Tagteam|Maushold-Four|100\/100\n|turn|8\n|\n|t:|1698391819\n|move|p2a: Tagteam|Population Bomb|p1a: Chien-Pao\n|-damage|p1a: Chien-Pao|0 fnt\n|faint|p1a: Chien-Pao\n|-hitcount|p1: Chien-Pao|1\n|\n|upkeep\n|\n|t:|1698391827\n|switch|p1a: Dugtrio|Dugtrio-Alola, M|100\/100\n|-activate|p1a: Dugtrio|move: Sticky Web\n|-unboost|p1a: Dugtrio|spe|1\n|turn|9\n|\n|t:|1698391853\n|move|p2a: Tagteam|Population Bomb|p1a: Dugtrio\n|-resisted|p1a: Dugtrio\n|-damage|p1a: Dugtrio|88\/100\n|-ability|p1a: Dugtrio|Tangling Hair\n|-unboost|p2a: Tagteam|spe|1\n|-resisted|p1a: Dugtrio\n|-damage|p1a: Dugtrio|75\/100\n|-ability|p1a: Dugtrio|Tangling Hair\n|-unboost|p2a: Tagteam|spe|1\n|-resisted|p1a: Dugtrio\n|-damage|p1a: Dugtrio|62\/100\n|-ability|p1a: Dugtrio|Tangling Hair\n|-unboost|p2a: Tagteam|spe|1\n|-resisted|p1a: Dugtrio\n|-damage|p1a: Dugtrio|49\/100\n|-ability|p1a: Dugtrio|Tangling Hair\n|-unboost|p2a: Tagteam|spe|1\n|-resisted|p1a: Dugtrio\n|-damage|p1a: Dugtrio|37\/100\n|-ability|p1a: Dugtrio|Tangling Hair\n|-unboost|p2a: Tagteam|spe|1\n|-resisted|p1a: Dugtrio\n|-damage|p1a: Dugtrio|24\/100\n|-ability|p1a: Dugtrio|Tangling Hair\n|-unboost|p2a: Tagteam|spe|1\n|-resisted|p1a: Dugtrio\n|-damage|p1a: Dugtrio|11\/100\n|-ability|p1a: Dugtrio|Tangling Hair\n|-unboost|p2a: Tagteam|spe|0\n|-resisted|p1a: Dugtrio\n|-damage|p1a: Dugtrio|0 fnt\n|-ability|p1a: Dugtrio|Tangling Hair\n|-unboost|p2a: Tagteam|spe|0\n|faint|p1a: Dugtrio\n|-hitcount|p1: Dugtrio|8\n|\n|upkeep\n|\n|t:|1698391861\n|switch|p1a: Chien-Pao|Chien-Pao|100\/100\n|-activate|p1a: Chien-Pao|move: Sticky Web\n|-unboost|p1a: Chien-Pao|spe|1\n|-ability|p1a: Chien-Pao|Sword of Ruin\n|turn|10\n|inactive|CheeseComet has 120 seconds left.\n|\n|t:|1698391901\n|move|p1a: Chien-Pao|Ice Spinner|p2a: Tagteam\n|-damage|p2a: Tagteam|15\/100\n|move|p2a: Tagteam|Population Bomb|p1a: Chien-Pao\n|-crit|p1a: Chien-Pao\n|-damage|p1a: Chien-Pao|77\/100\n|-damage|p1a: Chien-Pao|59\/100\n|-damage|p1a: Chien-Pao|42\/100\n|-damage|p1a: Chien-Pao|25\/100\n|-damage|p1a: Chien-Pao|7\/100\n|-damage|p1a: Chien-Pao|0 fnt\n|faint|p1a: Chien-Pao\n|-hitcount|p1: Chien-Pao|6\n|\n|upkeep\n|\n|t:|1698391908\n|switch|p1a: Iron Bundle|Iron Bundle|100\/100\n|-activate|p1a: Iron Bundle|move: Sticky Web\n|-unboost|p1a: Iron Bundle|spe|1\n|-enditem|p1a: Iron Bundle|Booster Energy\n|-activate|p1a: Iron Bundle|ability: Quark Drive|[fromitem]\n|-start|p1a: Iron Bundle|quarkdrivespa\n|turn|11\n|\n|t:|1698391921\n|-terastallize|p1a: Iron Bundle|Fighting\n|move|p1a: Iron Bundle|Ice Beam|p2a: Tagteam\n|-damage|p2a: Tagteam|0 fnt\n|faint|p2a: Tagteam\n|\n|upkeep\n|\n|t:|1698391927\n|switch|p2a: Zippy|Regieleki|100\/100\n|turn|12\n|\n|t:|1698391935\n|move|p2a: Zippy|Thunder Wave|p1a: Iron Bundle\n|-status|p1a: Iron Bundle|par\n|move|p1a: Iron Bundle|Tera Blast|p2a: Zippy|[anim] Tera Blast Fighting\n|-damage|p2a: Zippy|0 fnt\n|faint|p2a: Zippy\n|\n|upkeep\n|\n|t:|1698391943\n|switch|p2a: Pangea|Torterra, M|100\/100\n|turn|13\n|\n|t:|1698391957\n|move|p2a: Pangea|Bullet Seed|p1a: Iron Bundle\n|-damage|p1a: Iron Bundle|86\/100 par\n|-damage|p1a: Iron Bundle|73\/100 par\n|-damage|p1a: Iron Bundle|58\/100 par\n|-damage|p1a: Iron Bundle|44\/100 par\n|-damage|p1a: Iron Bundle|31\/100 par\n|-hitcount|p1a: Iron Bundle|5\n|move|p1a: Iron Bundle|Ice Beam|p2a: Pangea\n|-supereffective|p2a: Pangea\n|-damage|p2a: Pangea|0 fnt\n|faint|p2a: Pangea\n|\n|win|wettlandd\n|raw|wettlandd's rating: 1290 &rarr; <strong>1321<\/strong><br \/>(+31 for winning)\n|raw|CheeseComet's rating: 1369 &rarr; <strong>1345<\/strong><br \/>(-24 for losing)\n|l|\u2606CheeseComet\n","uploadtime":1698391969,"views":10,"p1id":"wettlandd","p2id":"cheesecomet","formatid":"gen9anythinggoes","rating":1321,"private":0,"password":""}