{"id":"gen9anythinggoes-1972092086","p1":"banankoja","p2":"KingKyma","format":"[Gen 9] Anything Goes","log":"|j|\u2606banankoja\n|j|\u2606KingKyma\n|t:|1697812137\n|gametype|singles\n|player|p1|banankoja|169|1072\n|player|p2|KingKyma|raihan-masters|1000\n|teamsize|p1|6\n|teamsize|p2|6\n|gen|9\n|tier|[Gen 9] Anything Goes\n|rated|\n|rule|HP Percentage Mod: HP is shown in percentages\n|rule|Endless Battle Clause: Forcing endless battles is banned\n|clearpoke\n|poke|p1|Typhlosion-Hisui, M|\n|poke|p1|Ting-Lu|\n|poke|p1|Rillaboom, F|\n|poke|p1|Dialga-Origin|\n|poke|p1|Toxicroak, F|\n|poke|p1|Azumarill, M|\n|poke|p2|Cinderace, F|\n|poke|p2|Mewtwo|\n|poke|p2|Zacian-*|\n|poke|p2|Torkoal, M|\n|poke|p2|Kingambit, M|\n|poke|p2|Dondozo, M|\n|teampreview\n|c|\u2606banankoja|hi\n|c|\u2606KingKyma|yo\n|c|\u2606banankoja|So,are you good?\n|\n|t:|1697812158\n|start\n|switch|p1a: Azumarill|Azumarill, M|100\/100\n|switch|p2a: Torkoal|Torkoal, M, shiny|100\/100\n|-weather|SunnyDay|[from] ability: Drought|[of] p2a: Torkoal\n|turn|1\n|c|\u2606KingKyma|im decent\n|\n|t:|1697812174\n|move|p1a: Azumarill|Aqua Tail|p2a: Torkoal\n|-supereffective|p2a: Torkoal\n|-damage|p2a: Torkoal|65\/100\n|move|p2a: Torkoal|Stealth Rock|p1a: Azumarill\n|-sidestart|p1: banankoja|move: Stealth Rock\n|\n|-weather|SunnyDay|[upkeep]\n|-heal|p2a: Torkoal|71\/100|[from] item: Leftovers\n|upkeep\n|turn|2\n|c|\u2606banankoja|Oh god\n|\n|t:|1697812190\n|move|p1a: Azumarill|Aqua Tail|p2a: Torkoal|[miss]\n|-miss|p1a: Azumarill|p2a: Torkoal\n|move|p2a: Torkoal|Will-O-Wisp|p1a: Azumarill\n|-status|p1a: Azumarill|brn\n|\n|-weather|SunnyDay|[upkeep]\n|-heal|p2a: Torkoal|77\/100|[from] item: Leftovers\n|-damage|p1a: Azumarill|94\/100 brn|[from] brn\n|upkeep\n|turn|3\n|c|\u2606banankoja|LESS THAM IDEAL\n|\n|t:|1697812209\n|move|p1a: Azumarill|Aqua Tail|p2a: Torkoal\n|-supereffective|p2a: Torkoal\n|-damage|p2a: Torkoal|59\/100\n|move|p2a: Torkoal|Yawn||[still]\n|-fail|p2a: Torkoal\n|\n|-weather|SunnyDay|[upkeep]\n|-heal|p2a: Torkoal|65\/100|[from] item: Leftovers\n|-damage|p1a: Azumarill|88\/100 brn|[from] brn\n|upkeep\n|turn|4\n|c|\u2606banankoja|than\n|\n|t:|1697812226\n|switch|p2a: Zacian|Zacian-Crowned, shiny|100\/100\n|-ability|p2a: Zacian|Intrepid Sword|boost\n|-boost|p2a: Zacian|atk|1\n|move|p1a: Azumarill|Knock Off|p2a: Zacian\n|-resisted|p2a: Zacian\n|-damage|p2a: Zacian|95\/100\n|\n|-weather|SunnyDay|[upkeep]\n|-damage|p1a: Azumarill|82\/100 brn|[from] brn\n|upkeep\n|turn|5\n|\n|t:|1697812238\n|move|p2a: Zacian|Solar Blade||[still]\n|-prepare|p2a: Zacian|Solar Blade\n|-anim|p2a: Zacian|Solar Blade|p1a: Azumarill\n|-supereffective|p1a: Azumarill\n|-damage|p1a: Azumarill|0 fnt\n|-damage|p2a: Zacian|78\/100|[from] item: Rocky Helmet|[of] p1a: Azumarill\n|faint|p1a: Azumarill\n|\n|-weather|none\n|upkeep\n|c|\u2606banankoja|I lose\n|c|\u2606banankoja|You got the most broken mon ever\n|\n|t:|1697812264\n|switch|p1a: Toxicroak|Toxicroak, F|100\/100\n|-damage|p1a: Toxicroak|94\/100|[from] Stealth Rock\n|turn|6\n|\n|t:|1697812276\n|switch|p2a: Dondozo|Dondozo, M, shiny|100\/100\n|move|p1a: Toxicroak|Cross Chop|p2a: Dondozo|[miss]\n|-miss|p1a: Toxicroak|p2a: Dondozo\n|\n|upkeep\n|turn|7\n|c|\u2606banankoja|DIE\n|c|\u2606banankoja|NO\n|\n|t:|1697812284\n|move|p1a: Toxicroak|Gunk Shot|p2a: Dondozo|[miss]\n|-miss|p1a: Toxicroak|p2a: Dondozo\n|move|p2a: Dondozo|Yawn|p1a: Toxicroak\n|-start|p1a: Toxicroak|move: Yawn|[of] p2a: Dondozo\n|\n|upkeep\n|turn|8\n|c|\u2606banankoja|I hate this game\n|\n|t:|1697812291\n|move|p1a: Toxicroak|Gunk Shot|p2a: Dondozo\n|-damage|p2a: Dondozo|70\/100\n|move|p2a: Dondozo|Curse|p2a: Dondozo\n|-unboost|p2a: Dondozo|spe|1\n|-boost|p2a: Dondozo|atk|1\n|-boost|p2a: Dondozo|def|1\n|\n|-heal|p2a: Dondozo|76\/100|[from] item: Leftovers\n|-end|p1a: Toxicroak|move: Yawn|[silent]\n|-status|p1a: Toxicroak|slp\n|upkeep\n|turn|9\n|\n|t:|1697812317\n|cant|p1a: Toxicroak|slp\n|move|p2a: Dondozo|Curse|p2a: Dondozo\n|-unboost|p2a: Dondozo|spe|1\n|-boost|p2a: Dondozo|atk|1\n|-boost|p2a: Dondozo|def|1\n|\n|-heal|p2a: Dondozo|82\/100|[from] item: Leftovers\n|upkeep\n|turn|10\n|c|\u2606banankoja|Oh god\n|\n|t:|1697812326\n|cant|p1a: Toxicroak|slp\n|move|p2a: Dondozo|Curse|p2a: Dondozo\n|-unboost|p2a: Dondozo|spe|1\n|-boost|p2a: Dondozo|atk|1\n|-boost|p2a: Dondozo|def|1\n|\n|-heal|p2a: Dondozo|89\/100|[from] item: Leftovers\n|upkeep\n|turn|11\n|\n|t:|1697812338\n|cant|p1a: Toxicroak|slp\n|move|p2a: Dondozo|Wave Crash|p1a: Toxicroak\n|-crit|p1a: Toxicroak\n|-damage|p1a: Toxicroak|0 fnt\n|faint|p1a: Toxicroak\n|-damage|p2a: Dondozo|70\/100|[from] Recoil\n|\n|-heal|p2a: Dondozo|76\/100|[from] item: Leftovers\n|upkeep\n|\n|t:|1697812348\n|switch|p1a: Rillaboom|Rillaboom, F|100\/100\n|-damage|p1a: Rillaboom|88\/100|[from] Stealth Rock\n|-fieldstart|move: Grassy Terrain|[from] ability: Grassy Surge|[of] p1a: Rillaboom\n|turn|12\n|c|\u2606banankoja|DIE\n|\n|t:|1697812365\n|-terastallize|p1a: Rillaboom|Grass\n|move|p1a: Rillaboom|Solar Blade||[still]\n|-prepare|p1a: Rillaboom|Solar Blade\n|-enditem|p1a: Rillaboom|Power Herb\n|-anim|p1a: Rillaboom|Solar Blade|p2a: Dondozo\n|-supereffective|p2a: Dondozo\n|-damage|p2a: Dondozo|38\/100\n|move|p2a: Dondozo|Body Press|p1a: Rillaboom\n|-damage|p1a: Rillaboom|20\/100\n|\n|-heal|p1a: Rillaboom|26\/100|[from] Grassy Terrain\n|-heal|p2a: Dondozo|44\/100|[from] Grassy Terrain\n|-heal|p2a: Dondozo|50\/100|[from] item: Leftovers\n|upkeep\n|turn|13\n|c|\u2606banankoja|Oh god\n|\n|t:|1697812378\n|move|p1a: Rillaboom|Solar Blade||[still]\n|-prepare|p1a: Rillaboom|Solar Blade\n|move|p2a: Dondozo|Body Press|p1a: Rillaboom\n|-damage|p1a: Rillaboom|0 fnt\n|faint|p1a: Rillaboom\n|\n|-heal|p2a: Dondozo|56\/100|[from] Grassy Terrain\n|-heal|p2a: Dondozo|62\/100|[from] item: Leftovers\n|upkeep\n|c|\u2606banankoja|NOOOO\n|c|\u2606banankoja|WHY\n|c|\u2606KingKyma|he good like that\n|\n|t:|1697812398\n|switch|p1a: Dialga|Dialga-Origin|100\/100\n|-damage|p1a: Dialga|94\/100|[from] Stealth Rock\n|-ability|p1a: Dialga|Pressure\n|turn|14\n|c|\u2606banankoja|WOW REALLY?!\n|\n|t:|1697812410\n|move|p1a: Dialga|Draco Meteor|p2a: Dondozo\n|-damage|p2a: Dondozo|0 fnt\n|-unboost|p1a: Dialga|spa|2\n|faint|p2a: Dondozo\n|\n|-heal|p1a: Dialga|100\/100|[from] Grassy Terrain\n|upkeep\n|c|\u2606banankoja|DIE FISH\n|\n|t:|1697812427\n|switch|p2a: Cinderace|Cinderace, F, shiny|100\/100\n|turn|15\n|\n|t:|1697812437\n|move|p2a: Cinderace|High Jump Kick|p1a: Dialga\n|-start|p2a: Cinderace|typechange|Fighting|[from] ability: Libero\n|-supereffective|p1a: Dialga\n|-damage|p1a: Dialga|2\/100\n|move|p1a: Dialga|Draco Meteor|p2a: Cinderace\n|-damage|p2a: Cinderace|31\/100\n|-unboost|p1a: Dialga|spa|2\n|\n|-heal|p2a: Cinderace|37\/100|[from] Grassy Terrain\n|-heal|p1a: Dialga|8\/100|[from] Grassy Terrain\n|upkeep\n|turn|16\n|c|\u2606banankoja|DIE\n|c|\u2606banankoja|Oh god\n|c|\u2606banankoja|Why\n|\n|t:|1697812450\n|move|p2a: Cinderace|U-turn|p1a: Dialga\n|-resisted|p1a: Dialga\n|-damage|p1a: Dialga|0 fnt\n|faint|p1a: Dialga\n|\n|t:|1697812460\n|switch|p2a: Torkoal|Torkoal, M, shiny|65\/100|[from] U-turn\n|-weather|SunnyDay|[from] ability: Drought|[of] p2a: Torkoal\n|\n|-weather|SunnyDay|[upkeep]\n|-heal|p2a: Torkoal|71\/100|[from] Grassy Terrain\n|-heal|p2a: Torkoal|77\/100|[from] item: Leftovers\n|-fieldend|move: Grassy Terrain\n|upkeep\n|\n|t:|1697812470\n|switch|p1a: Ting-Lu|Ting-Lu|100\/100\n|-damage|p1a: Ting-Lu|94\/100|[from] Stealth Rock\n|-ability|p1a: Ting-Lu|Vessel of Ruin\n|turn|17\n|\n|t:|1697812486\n|move|p1a: Ting-Lu|Earthquake|p2a: Torkoal\n|-supereffective|p2a: Torkoal\n|-crit|p2a: Torkoal\n|-damage|p2a: Torkoal|0 fnt\n|faint|p2a: Torkoal\n|\n|-weather|SunnyDay|[upkeep]\n|-heal|p1a: Ting-Lu|100\/100|[from] item: Leftovers\n|upkeep\n|c|\u2606banankoja|DIE NOW FOUL BEAST\n|\n|t:|1697812490\n|switch|p2a: Zacian|Zacian-Crowned, shiny|78\/100\n|turn|18\n|c|\u2606banankoja|YEEEEEEEEES\n|c|\u2606banankoja|NOOOOOOOOOO\n|\n|t:|1697812499\n|move|p2a: Zacian|Close Combat|p1a: Ting-Lu\n|-supereffective|p1a: Ting-Lu\n|-damage|p1a: Ting-Lu|43\/100\n|-unboost|p2a: Zacian|def|1\n|-unboost|p2a: Zacian|spd|1\n|move|p1a: Ting-Lu|Earthquake|p2a: Zacian\n|-supereffective|p2a: Zacian\n|-damage|p2a: Zacian|0 fnt\n|faint|p2a: Zacian\n|\n|-weather|SunnyDay|[upkeep]\n|-heal|p1a: Ting-Lu|49\/100|[from] item: Leftovers\n|upkeep\n|c|\u2606banankoja|YES\n|\n|t:|1697812507\n|switch|p2a: Mewtwo|Mewtwo|100\/100\n|-ability|p2a: Mewtwo|Pressure\n|turn|19\n|\n|t:|1697812519\n|move|p2a: Mewtwo|Dark Pulse|p1a: Ting-Lu\n|-resisted|p1a: Ting-Lu\n|-damage|p1a: Ting-Lu|33\/100\n|move|p1a: Ting-Lu|Dark Pulse|p2a: Mewtwo\n|-supereffective|p2a: Mewtwo\n|-damage|p2a: Mewtwo|63\/100\n|\n|-weather|SunnyDay|[upkeep]\n|-heal|p1a: Ting-Lu|39\/100|[from] item: Leftovers\n|upkeep\n|turn|20\n|c|\u2606banankoja|Dark was made to make psychic worse,yk?\n|\n|t:|1697812534\n|move|p2a: Mewtwo|Dark Pulse|p1a: Ting-Lu\n|-resisted|p1a: Ting-Lu\n|-damage|p1a: Ting-Lu|22\/100\n|move|p1a: Ting-Lu|Dark Pulse|p2a: Mewtwo\n|-supereffective|p2a: Mewtwo\n|-damage|p2a: Mewtwo|29\/100\n|\n|-weather|none\n|-heal|p1a: Ting-Lu|28\/100|[from] item: Leftovers\n|upkeep\n|turn|21\n|\n|t:|1697812543\n|move|p2a: Mewtwo|Dark Pulse|p1a: Ting-Lu\n|-resisted|p1a: Ting-Lu\n|-crit|p1a: Ting-Lu\n|-damage|p1a: Ting-Lu|3\/100\n|cant|p1a: Ting-Lu|flinch\n|\n|-heal|p1a: Ting-Lu|10\/100|[from] item: Leftovers\n|upkeep\n|turn|22\n|c|\u2606banankoja|NO\n|\n|t:|1697812556\n|move|p2a: Mewtwo|Dark Pulse|p1a: Ting-Lu\n|-resisted|p1a: Ting-Lu\n|-damage|p1a: Ting-Lu|0 fnt\n|faint|p1a: Ting-Lu\n|\n|upkeep\n|\n|t:|1697812563\n|switch|p1a: Typhlosion|Typhlosion-Hisui, M|100\/100\n|-damage|p1a: Typhlosion|76\/100|[from] Stealth Rock\n|turn|23\n|\n|t:|1697812571\n|move|p2a: Mewtwo|Dark Pulse|p1a: Typhlosion\n|-supereffective|p1a: Typhlosion\n|-damage|p1a: Typhlosion|0 fnt\n|faint|p1a: Typhlosion\n|\n|win|KingKyma\n|raw|banankoja's rating: 1072 &rarr; <strong>1047<\/strong><br \/>(-25 for losing)\n|raw|KingKyma's rating: 1000 &rarr; <strong>1048<\/strong><br \/>(+48 for winning)\n","uploadtime":1697812488,"views":8,"p1id":"banankoja","p2id":"kingkyma","formatid":"gen9anythinggoes","rating":1047,"private":0,"password":""}