{"id":"gen9anythinggoes-1999669959","p1":"KingOfTheMinnish","p2":"WolfXPlayZ2022","format":"[Gen 9] Anything Goes","log":"|j|\u2606KingOfTheMinnish\n|j|\u2606WolfXPlayZ2022\n|t:|1701106332\n|gametype|singles\n|player|p1|KingOfTheMinnish|1|1183\n|player|p2|WolfXPlayZ2022|1|1220\n|teamsize|p1|6\n|teamsize|p2|6\n|gen|9\n|tier|[Gen 9] Anything Goes\n|rated|\n|rule|HP Percentage Mod: HP is shown in percentages\n|rule|Endless Battle Clause: Forcing endless battles is banned\n|clearpoke\n|poke|p1|Maushold-Four|\n|poke|p1|Flutter Mane|\n|poke|p1|Miraidon|\n|poke|p1|Rabsca, M|\n|poke|p1|Garganacl, F|\n|poke|p1|Houndstone, M|\n|poke|p2|Zoroark-Hisui, M|\n|poke|p2|Kyogre|\n|poke|p2|Haxorus, M|\n|poke|p2|Leafeon, M|\n|poke|p2|Regieleki|\n|poke|p2|Ninetales-Alola, F|\n|teampreview\n|inactive|Battle timer is ON: inactive players will automatically lose when time's up. (requested by KingOfTheMinnish)\n|\n|t:|1701106355\n|start\n|switch|p1a: Flutter Mane|Flutter Mane, shiny|100\/100\n|switch|p2a: Ninetales|Ninetales-Alola, F|100\/100\n|turn|1\n|\n|t:|1701106363\n|move|p1a: Flutter Mane|Moonblast|p2a: Ninetales\n|-damage|p2a: Ninetales|20\/100\n|-damage|p1a: Flutter Mane|91\/100|[from] item: Life Orb\n|move|p2a: Ninetales|Snowscape|p2a: Ninetales\n|-weather|Snow\n|\n|-weather|Snow|[upkeep]\n|upkeep\n|turn|2\n|\n|t:|1701106368\n|move|p1a: Flutter Mane|Moonblast|p2a: Ninetales\n|-damage|p2a: Ninetales|0 fnt\n|faint|p2a: Ninetales\n|-damage|p1a: Flutter Mane|81\/100|[from] item: Life Orb\n|\n|-weather|Snow|[upkeep]\n|upkeep\n|\n|t:|1701106371\n|switch|p2a: Kyogre|Kyogre|100\/100\n|turn|3\n|\n|t:|1701106385\n|move|p1a: Flutter Mane|Moonblast|p2a: Kyogre\n|-damage|p2a: Kyogre|0 fnt\n|replace|p2a: Zoroark|Zoroark-Hisui, M, shiny\n|-end|p2a: Zoroark|Illusion\n|faint|p2a: Zoroark\n|-damage|p1a: Flutter Mane|71\/100|[from] item: Life Orb\n|\n|-weather|Snow|[upkeep]\n|upkeep\n|\n|t:|1701106392\n|switch|p2a: Kyogre|Kyogre|100\/100\n|-weather|RainDance|[from] ability: Drizzle|[of] p2a: Kyogre\n|turn|4\n|\n|t:|1701106398\n|move|p1a: Flutter Mane|Moonblast|p2a: Kyogre\n|-damage|p2a: Kyogre|50\/100\n|-damage|p1a: Flutter Mane|61\/100|[from] item: Life Orb\n|move|p2a: Kyogre|Water Spout|p1a: Flutter Mane\n|-damage|p1a: Flutter Mane|0 fnt\n|faint|p1a: Flutter Mane\n|-end|p1a: Flutter Mane|Protosynthesis|[silent]\n|\n|-weather|RainDance|[upkeep]\n|upkeep\n|\n|t:|1701106400\n|switch|p1a: DeMarco|Miraidon|100\/100\n|-fieldstart|move: Electric Terrain|[from] ability: Hadron Engine|[of] p1a: DeMarco\n|turn|5\n|\n|t:|1701106404\n|switch|p2a: Regieleki|Regieleki|100\/100\n|-terastallize|p1a: DeMarco|Electric\n|move|p1a: DeMarco|Electro Drift|p2a: Regieleki\n|-resisted|p2a: Regieleki\n|-damage|p2a: Regieleki|0 fnt\n|faint|p2a: Regieleki\n|\n|-weather|RainDance|[upkeep]\n|upkeep\n|\n|t:|1701106407\n|switch|p2a: Leafeon|Leafeon, M|100\/100\n|turn|6\n|\n|t:|1701106411\n|move|p1a: DeMarco|Electro Drift|p2a: Leafeon\n|-resisted|p2a: Leafeon\n|-damage|p2a: Leafeon|0 fnt\n|faint|p2a: Leafeon\n|\n|-weather|RainDance|[upkeep]\n|upkeep\n|\n|t:|1701106414\n|switch|p2a: Haxorus|Haxorus, M|100\/100\n|turn|7\n|\n|t:|1701106424\n|-terastallize|p2a: Haxorus|Steel\n|move|p1a: DeMarco|Dragon Pulse|p2a: Haxorus\n|-resisted|p2a: Haxorus\n|-damage|p2a: Haxorus|57\/100\n|move|p2a: Haxorus|Earthquake|p1a: DeMarco\n|-supereffective|p1a: DeMarco\n|-damage|p1a: DeMarco|0 fnt\n|faint|p1a: DeMarco\n|\n|-weather|RainDance|[upkeep]\n|upkeep\n|\n|t:|1701106441\n|switch|p1a: SSSReplacement|Garganacl, F, shiny|100\/100\n|turn|8\n|\n|t:|1701106445\n|move|p2a: Haxorus|Earthquake|p1a: SSSReplacement\n|-supereffective|p1a: SSSReplacement\n|-damage|p1a: SSSReplacement|46\/100\n|move|p1a: SSSReplacement|Iron Defense|p1a: SSSReplacement\n|-boost|p1a: SSSReplacement|def|2\n|\n|-weather|none\n|-heal|p1a: SSSReplacement|52\/100|[from] item: Leftovers\n|upkeep\n|turn|9\n|\n|t:|1701106450\n|move|p2a: Haxorus|Earthquake|p1a: SSSReplacement\n|-supereffective|p1a: SSSReplacement\n|-damage|p1a: SSSReplacement|25\/100\n|move|p1a: SSSReplacement|Recover|p1a: SSSReplacement\n|-heal|p1a: SSSReplacement|75\/100\n|\n|-heal|p1a: SSSReplacement|81\/100|[from] item: Leftovers\n|-fieldend|move: Electric Terrain\n|upkeep\n|turn|10\n|\n|t:|1701106455\n|move|p2a: Haxorus|Earthquake|p1a: SSSReplacement\n|-supereffective|p1a: SSSReplacement\n|-crit|p1a: SSSReplacement\n|-damage|p1a: SSSReplacement|0 fnt\n|faint|p1a: SSSReplacement\n|\n|upkeep\n|\n|t:|1701106458\n|switch|p1a: Rabsca|Rabsca, M, shiny|100\/100\n|turn|11\n|\n|t:|1701106461\n|move|p2a: Haxorus|Earthquake|p1a: Rabsca\n|-resisted|p1a: Rabsca\n|-damage|p1a: Rabsca|72\/100\n|move|p1a: Rabsca|Trick Room|p1a: Rabsca\n|-fieldstart|move: Trick Room|[of] p1a: Rabsca\n|\n|upkeep\n|turn|12\n|\n|t:|1701106467\n|switch|p2a: Kyogre|Kyogre|50\/100\n|-weather|RainDance|[from] ability: Drizzle|[of] p2a: Kyogre\n|move|p1a: Rabsca|Revival Blessing|p1a: Rabsca\n|-enditem|p1a: Rabsca|Leppa Berry|[eat]\n|-activate|p1a: Rabsca|item: Leppa Berry|Revival Blessing|[consumed]\n|\n|t:|1701106474\n|-heal|p1: SSSReplacement|50\/100|[from] move: Revival Blessing\n|\n|-weather|RainDance|[upkeep]\n|upkeep\n|turn|13\n|\n|t:|1701106483\n|move|p1a: Rabsca|Revival Blessing|p1a: Rabsca\n|\n|t:|1701106484\n|-heal|p1: DeMarco|50\/100|[from] move: Revival Blessing\n|move|p2a: Kyogre|Surf|p1a: Rabsca\n|-damage|p1a: Rabsca|0 fnt\n|faint|p1a: Rabsca\n|\n|-weather|RainDance|[upkeep]\n|upkeep\n|\n|t:|1701106491\n|switch|p1a: SSSReplacement|Garganacl, F, shiny|50\/100\n|turn|14\n|\n|t:|1701106494\n|move|p1a: SSSReplacement|Salt Cure|p2a: Kyogre\n|-damage|p2a: Kyogre|34\/100\n|-start|p2a: Kyogre|Salt Cure\n|move|p2a: Kyogre|Surf|p1a: SSSReplacement\n|-supereffective|p1a: SSSReplacement\n|-damage|p1a: SSSReplacement|0 fnt\n|faint|p1a: SSSReplacement\n|\n|-weather|RainDance|[upkeep]\n|-damage|p2a: Kyogre|9\/100|[from] Salt Cure\n|upkeep\n|\n|t:|1701106507\n|switch|p1a: Houndstone|Houndstone, M|100\/100\n|turn|15\n|\n|t:|1701106509\n|move|p1a: Houndstone|Last Respects|p2a: Kyogre\n|-damage|p2a: Kyogre|0 fnt\n|faint|p2a: Kyogre\n|\n|-weather|RainDance|[upkeep]\n|-fieldend|move: Trick Room\n|upkeep\n|\n|t:|1701106511\n|switch|p2a: Haxorus|Haxorus, M, tera:Steel|57\/100\n|turn|16\n|\n|t:|1701106516\n|move|p2a: Haxorus|Earthquake|p1a: Houndstone\n|-damage|p1a: Houndstone|26\/100\n|move|p1a: Houndstone|Last Respects|p2a: Haxorus\n|-damage|p2a: Haxorus|0 fnt\n|faint|p2a: Haxorus\n|\n|win|KingOfTheMinnish\n|raw|KingOfTheMinnish's rating: 1202 &rarr; <strong>1228<\/strong><br \/>(+26 for winning)\n|raw|WolfXPlayZ2022's rating: 1220 &rarr; <strong>1194<\/strong><br \/>(-26 for losing)\n|l|\u2606WolfXPlayZ2022\n","uploadtime":1701106519,"views":5,"p1id":"kingoftheminnish","p2id":"wolfxplayz2022","formatid":"gen9anythinggoes","rating":1194,"private":0,"password":""}