{"id":"gen9anythinggoes-1977347495","p1":"IkaVictini","p2":"Coded69","format":"[Gen 9] Anything Goes","log":"|j|\u2606IkaVictini\n|j|\u2606Coded69\n|t:|1698408160\n|gametype|singles\n|player|p1|IkaVictini|waitress|1057\n|player|p2|Coded69|unknown|1000\n|teamsize|p1|6\n|teamsize|p2|6\n|gen|9\n|tier|[Gen 9] Anything Goes\n|rated|\n|rule|HP Percentage Mod: HP is shown in percentages\n|rule|Endless Battle Clause: Forcing endless battles is banned\n|clearpoke\n|poke|p1|Froslass, F|\n|poke|p1|Sneasel, F|\n|poke|p1|Delibird, F|\n|poke|p1|Glaceon, F|\n|poke|p1|Rotom-Frost|\n|poke|p1|Sandslash-Alola, F|\n|poke|p2|Regieleki|\n|poke|p2|Landorus-Therian, M|\n|poke|p2|Chien-Pao|\n|poke|p2|Charizard, M|\n|poke|p2|Mimikyu, F|\n|poke|p2|Grimmsnarl, M|\n|teampreview\n|c|\u2606IkaVictini|I see\n|\n|t:|1698408179\n|start\n|switch|p1a: Sandslash|Sandslash-Alola, F|100\/100\n|switch|p2a: Grimmsnarl|Grimmsnarl, M|100\/100\n|turn|1\n|\n|t:|1698408190\n|move|p2a: Grimmsnarl|Light Screen|p2a: Grimmsnarl\n|-sidestart|p2: Coded69|move: Light Screen\n|move|p1a: Sandslash|Snowscape|p1a: Sandslash\n|-weather|Snow\n|\n|-weather|Snow|[upkeep]\n|upkeep\n|turn|2\n|\n|t:|1698408201\n|move|p1a: Sandslash|Stealth Rock|p2a: Grimmsnarl\n|-sidestart|p2: Coded69|move: Stealth Rock\n|move|p2a: Grimmsnarl|Play Rough|p1a: Sandslash\n|-resisted|p1a: Sandslash\n|-damage|p1a: Sandslash|93\/100\n|\n|-weather|Snow|[upkeep]\n|-heal|p1a: Sandslash|99\/100|[from] item: Leftovers\n|upkeep\n|turn|3\n|\n|t:|1698408212\n|move|p2a: Grimmsnarl|Thunder Wave|p1a: Sandslash\n|-status|p1a: Sandslash|par\n|move|p1a: Sandslash|Spikes|p2a: Grimmsnarl\n|-sidestart|p2: Coded69|Spikes\n|\n|-weather|Snow|[upkeep]\n|-heal|p1a: Sandslash|100\/100 par|[from] item: Leftovers\n|upkeep\n|turn|4\n|\n|t:|1698408224\n|move|p2a: Grimmsnarl|Reflect|p2a: Grimmsnarl\n|-sidestart|p2: Coded69|Reflect\n|move|p1a: Sandslash|Spikes|p2a: Grimmsnarl\n|-sidestart|p2: Coded69|Spikes\n|\n|-weather|Snow|[upkeep]\n|upkeep\n|turn|5\n|\n|t:|1698408235\n|switch|p2a: Chien-Pao|Chien-Pao|100\/100\n|-damage|p2a: Chien-Pao|76\/100|[from] Stealth Rock\n|-damage|p2a: Chien-Pao|59\/100|[from] Spikes\n|-ability|p2a: Chien-Pao|Sword of Ruin\n|move|p1a: Sandslash|Spikes|p2a: Chien-Pao\n|-sidestart|p2: Coded69|Spikes\n|\n|-weather|none\n|-sideend|p2: Coded69|move: Light Screen\n|upkeep\n|turn|6\n|\n|t:|1698408248\n|move|p2a: Chien-Pao|Sacred Sword|p1a: Sandslash\n|-supereffective|p1a: Sandslash\n|-damage|p1a: Sandslash|0 fnt\n|faint|p1a: Sandslash\n|\n|upkeep\n|\n|t:|1698408254\n|switch|p1a: Froslass|Froslass, F, shiny|100\/100\n|turn|7\n|\n|t:|1698408269\n|-terastallize|p2a: Chien-Pao|Dark\n|move|p2a: Chien-Pao|Night Slash|p1a: Froslass\n|-supereffective|p1a: Froslass\n|-damage|p1a: Froslass|0 fnt\n|-start|p2a: Chien-Pao|Disable|Night Slash|[from] ability: Cursed Body|[of] p1a: Froslass\n|faint|p1a: Froslass\n|\n|upkeep\n|-message|Coded69 forfeited.\n|\n|win|IkaVictini\n|raw|IkaVictini's rating: 1057 &rarr; <strong>1083<\/strong><br \/>(+26 for winning)\n|raw|Coded69's rating: 1000 &rarr; <strong>1000<\/strong><br \/>(+0 for losing)\n|l|\u2606Coded69\n","uploadtime":1698408293,"views":10,"p1id":"ikavictini","p2id":"coded69","formatid":"gen9anythinggoes","rating":1000,"private":0,"password":""}