{"id":"gen9anythinggoes-1978772332","p1":"AGisgood\u82cd\u54cd\u4fa0","p2":"Thatbreloomguy","format":"[Gen 9] Anything Goes","log":"|j|\u2606AGisgood\u82cd\u54cd\u4fa0\n|j|\u2606Thatbreloomguy\n|inactive|Battle timer is ON: inactive players will automatically lose when time's up.\n|t:|1698593288\n|gametype|singles\n|player|p1|AGisgood\u82cd\u54cd\u4fa0|cynthia-masters|\n|player|p2|Thatbreloomguy|169|\n|teamsize|p1|6\n|teamsize|p2|6\n|gen|9\n|tier|[Gen 9] Anything Goes\n|rated|Tournament battle\n|rule|HP Percentage Mod: HP is shown in percentages\n|rule|Endless Battle Clause: Forcing endless battles is banned\n|clearpoke\n|poke|p1|Calyrex-Shadow|\n|poke|p1|Arceus-Fairy|\n|poke|p1|Koraidon|\n|poke|p1|Kyogre|\n|poke|p1|Wo-Chien|\n|poke|p1|Zacian-*|\n|poke|p2|Arceus-Ground|\n|poke|p2|Calyrex-Shadow|\n|poke|p2|Kyogre|\n|poke|p2|Miraidon|\n|poke|p2|Zacian-*|\n|poke|p2|Breloom, F|\n|teampreview\n|inactive|AGisgood\u82cd\u54cd\u4fa0 also wants the timer to be on.\n|j|+Primordiallite\n|j|#Frozoid\n|c|\u2606Thatbreloomguy|Good luck, have fun\n|l|+Primordiallite\n|j|+Primordiallite\n|j| Lord Rekkuza\n|\n|t:|1698593312\n|start\n|switch|p1a: Arceus|Arceus-Fairy|100\/100\n|switch|p2a: Arceus|Arceus-Ground|100\/100\n|turn|1\n|\n|t:|1698593316\n|move|p1a: Arceus|Taunt|p2a: Arceus\n|-start|p2a: Arceus|move: Taunt\n|move|p2a: Arceus|Judgment|p1a: Arceus\n|-damage|p1a: Arceus|55\/100\n|\n|upkeep\n|turn|2\n|\n|t:|1698593324\n|move|p1a: Arceus|Recover|p1a: Arceus\n|-heal|p1a: Arceus|100\/100\n|move|p2a: Arceus|Judgment|p1a: Arceus\n|-crit|p1a: Arceus\n|-damage|p1a: Arceus|36\/100\n|\n|upkeep\n|turn|3\n|\n|t:|1698593332\n|move|p1a: Arceus|Recover|p1a: Arceus\n|-heal|p1a: Arceus|86\/100\n|move|p2a: Arceus|Judgment|p1a: Arceus\n|-damage|p1a: Arceus|42\/100\n|\n|-end|p2a: Arceus|move: Taunt\n|upkeep\n|turn|4\n|\n|t:|1698593339\n|switch|p1a: Kyogre|Kyogre|100\/100\n|-weather|RainDance|[from] ability: Drizzle|[of] p1a: Kyogre\n|move|p2a: Arceus|Thunder|p1a: Kyogre\n|-supereffective|p1a: Kyogre\n|-damage|p1a: Kyogre|47\/100\n|\n|-weather|RainDance|[upkeep]\n|-heal|p1a: Kyogre|53\/100|[from] item: Leftovers\n|upkeep\n|turn|5\n|c|\u2606Thatbreloomguy|The reads are crazy\n|c|\u2606AGisgood\u82cd\u54cd\u4fa0|what the hell\n|\n|t:|1698593354\n|switch|p1a: Arceus|Arceus-Fairy|42\/100\n|move|p2a: Arceus|Thunder|p1a: Arceus\n|-damage|p1a: Arceus|17\/100\n|-status|p1a: Arceus|par\n|\n|-weather|RainDance|[upkeep]\n|upkeep\n|turn|6\n|\n|t:|1698593358\n|move|p2a: Arceus|Judgment|p1a: Arceus\n|-damage|p1a: Arceus|0 fnt\n|faint|p1a: Arceus\n|\n|-weather|RainDance|[upkeep]\n|upkeep\n|\n|t:|1698593364\n|switch|p1a: Calyrex|Calyrex-Shadow|100\/100\n|-ability|p1a: Calyrex|As One\n|-ability|p1a: Calyrex|Unnerve\n|turn|7\n|\n|t:|1698593371\n|move|p1a: Calyrex|Astral Barrage|p2a: Arceus\n|-damage|p2a: Arceus|55\/100\n|move|p2a: Arceus|Stealth Rock|p1a: Calyrex\n|-sidestart|p1: AGisgood\u82cd\u54cd\u4fa0|move: Stealth Rock\n|\n|-weather|RainDance|[upkeep]\n|upkeep\n|turn|8\n|\n|t:|1698593375\n|move|p1a: Calyrex|Astral Barrage|p2a: Arceus\n|-damage|p2a: Arceus|4\/100\n|move|p2a: Arceus|Judgment|p1a: Calyrex\n|-damage|p1a: Calyrex|30\/100\n|\n|-weather|none\n|upkeep\n|turn|9\n|\n|t:|1698593380\n|move|p1a: Calyrex|Astral Barrage|p2a: Arceus\n|-damage|p2a: Arceus|0 fnt\n|faint|p2a: Arceus\n|-ability|p1a: Calyrex|Grim Neigh|boost\n|-boost|p1a: Calyrex|spa|1\n|\n|upkeep\n|\n|t:|1698593385\n|switch|p2a: Calyrex|Calyrex-Shadow|100\/100\n|-ability|p2a: Calyrex|As One\n|-ability|p2a: Calyrex|Unnerve\n|turn|10\n|\n|t:|1698593391\n|switch|p1a: Wo-Chien|Wo-Chien|100\/100\n|-damage|p1a: Wo-Chien|88\/100|[from] Stealth Rock\n|-ability|p1a: Wo-Chien|Tablets of Ruin\n|-terastallize|p2a: Calyrex|Dark\n|move|p2a: Calyrex|Tera Blast|p1a: Wo-Chien|[anim] Tera Blast Dark\n|-resisted|p1a: Wo-Chien\n|-damage|p1a: Wo-Chien|76\/100\n|\n|-heal|p1a: Wo-Chien|82\/100|[from] item: Leftovers\n|upkeep\n|turn|11\n|\n|t:|1698593398\n|switch|p2a: Breloom|Breloom, F|100\/100\n|move|p1a: Wo-Chien|Stun Spore|p2a: Breloom\n|-immune|p2a: Breloom\n|\n|-heal|p1a: Wo-Chien|88\/100|[from] item: Leftovers\n|upkeep\n|turn|12\n|\n|t:|1698593402\n|switch|p1a: Zacian|Zacian-Crowned|100\/100\n|-damage|p1a: Zacian|94\/100|[from] Stealth Rock\n|-ability|p1a: Zacian|Intrepid Sword|boost\n|-boost|p1a: Zacian|atk|1\n|move|p2a: Breloom|Mach Punch|p1a: Zacian\n|-damage|p1a: Zacian|67\/100\n|\n|upkeep\n|turn|13\n|\n|t:|1698593407\n|move|p1a: Zacian|Play Rough|p2a: Breloom\n|-supereffective|p2a: Breloom\n|-enditem|p2a: Breloom|Focus Sash\n|-damage|p2a: Breloom|1\/100\n|move|p2a: Breloom|Bulldoze|p1a: Zacian\n|-supereffective|p1a: Zacian\n|-damage|p1a: Zacian|15\/100\n|-unboost|p1a: Zacian|spe|1\n|\n|upkeep\n|turn|14\n|\n|t:|1698593418\n|move|p2a: Breloom|Mach Punch|p1a: Zacian\n|-damage|p1a: Zacian|0 fnt\n|faint|p1a: Zacian\n|\n|upkeep\n|\n|t:|1698593423\n|switch|p1a: Calyrex|Calyrex-Shadow|30\/100\n|-ability|p1a: Calyrex|As One\n|-ability|p1a: Calyrex|Unnerve\n|turn|15\n|c|\u2606Thatbreloomguy|Breloom gang\n|j| Future king of ou\n|\n|t:|1698593430\n|-terastallize|p1a: Calyrex|Fighting\n|move|p1a: Calyrex|Tera Blast|p2a: Breloom|[anim] Tera Blast Fighting\n|-damage|p2a: Breloom|0 fnt\n|faint|p2a: Breloom\n|-ability|p1a: Calyrex|Grim Neigh|boost\n|-boost|p1a: Calyrex|spa|1\n|\n|upkeep\n|\n|t:|1698593440\n|switch|p2a: Zacian|Zacian-Crowned|100\/100\n|-ability|p2a: Zacian|Intrepid Sword|boost\n|-boost|p2a: Zacian|atk|1\n|turn|16\n|\n|t:|1698593446\n|move|p1a: Calyrex|Astral Barrage|p2a: Zacian\n|-damage|p2a: Zacian|0 fnt\n|faint|p2a: Zacian\n|-ability|p1a: Calyrex|Grim Neigh|boost\n|-boost|p1a: Calyrex|spa|1\n|\n|upkeep\n|c|\u2606Thatbreloomguy|Shit\n|c|\u2606Thatbreloomguy|well\n|c|\u2606Thatbreloomguy|Ggs\n|c|\u2606Thatbreloomguy|:\/\n|\n|t:|1698593468\n|switch|p2a: Miraidon|Miraidon|100\/100\n|-fieldstart|move: Electric Terrain|[from] ability: Hadron Engine|[of] p2a: Miraidon\n|turn|17\n|\n|t:|1698593473\n|move|p2a: Miraidon|Dazzling Gleam|p1a: Calyrex\n|-supereffective|p1a: Calyrex\n|-damage|p1a: Calyrex|0 fnt\n|faint|p1a: Calyrex\n|\n|upkeep\n|\n|t:|1698593477\n|switch|p1a: Kyogre|Kyogre|53\/100\n|-damage|p1a: Kyogre|41\/100|[from] Stealth Rock\n|-weather|RainDance|[from] ability: Drizzle|[of] p1a: Kyogre\n|turn|18\n|c|\u2606Thatbreloomguy|I forgot I had scarf\n|c|\u2606Thatbreloomguy|my b\n|l| Lord Rekkuza\n|\n|t:|1698593487\n|switch|p2a: Kyogre|Kyogre|100\/100\n|move|p1a: Kyogre|Calm Mind|p1a: Kyogre\n|-boost|p1a: Kyogre|spa|1\n|-boost|p1a: Kyogre|spd|1\n|\n|-weather|RainDance|[upkeep]\n|-heal|p1a: Kyogre|47\/100|[from] item: Leftovers\n|upkeep\n|turn|19\n|\n|t:|1698593491\n|move|p1a: Kyogre|Thunder Wave|p2a: Kyogre\n|-status|p2a: Kyogre|par\n|move|p2a: Kyogre|Thunder|p1a: Kyogre\n|-supereffective|p1a: Kyogre\n|-damage|p1a: Kyogre|0 fnt\n|faint|p1a: Kyogre\n|\n|-weather|RainDance|[upkeep]\n|upkeep\n|\n|t:|1698593494\n|switch|p1a: Wo-Chien|Wo-Chien|88\/100\n|-damage|p1a: Wo-Chien|76\/100|[from] Stealth Rock\n|-ability|p1a: Wo-Chien|Tablets of Ruin\n|turn|20\n|\n|t:|1698593497\n|move|p1a: Wo-Chien|Leech Seed|p2a: Kyogre\n|-start|p2a: Kyogre|move: Leech Seed\n|move|p2a: Kyogre|Ice Beam|p1a: Wo-Chien\n|-supereffective|p1a: Wo-Chien\n|-damage|p1a: Wo-Chien|32\/100\n|\n|-weather|RainDance|[upkeep]\n|-heal|p1a: Wo-Chien|38\/100|[from] item: Leftovers\n|-damage|p2a: Kyogre|88\/100 par|[from] Leech Seed|[of] p1a: Wo-Chien\n|-heal|p1a: Wo-Chien|52\/100|[silent]\n|upkeep\n|turn|21\n|\n|t:|1698593504\n|move|p1a: Wo-Chien|Protect|p1a: Wo-Chien\n|-singleturn|p1a: Wo-Chien|Protect\n|move|p2a: Kyogre|Ice Beam|p1a: Wo-Chien\n|-activate|p1a: Wo-Chien|move: Protect\n|\n|-weather|RainDance|[upkeep]\n|-heal|p1a: Wo-Chien|58\/100|[from] item: Leftovers\n|-heal|p2a: Kyogre|94\/100 par|[from] item: Leftovers\n|-damage|p2a: Kyogre|82\/100 par|[from] Leech Seed|[of] p1a: Wo-Chien\n|-heal|p1a: Wo-Chien|71\/100|[silent]\n|-fieldend|move: Electric Terrain\n|upkeep\n|turn|22\n|\n|t:|1698593509\n|move|p1a: Wo-Chien|Knock Off|p2a: Kyogre\n|-damage|p2a: Kyogre|57\/100 par\n|-enditem|p2a: Kyogre|Leftovers|[from] move: Knock Off|[of] p1a: Wo-Chien\n|cant|p2a: Kyogre|par\n|\n|-weather|none\n|-heal|p1a: Wo-Chien|77\/100|[from] item: Leftovers\n|-damage|p2a: Kyogre|45\/100 par|[from] Leech Seed|[of] p1a: Wo-Chien\n|-heal|p1a: Wo-Chien|91\/100|[silent]\n|upkeep\n|turn|23\n|\n|t:|1698593514\n|move|p1a: Wo-Chien|Knock Off|p2a: Kyogre\n|-damage|p2a: Kyogre|26\/100 par\n|cant|p2a: Kyogre|par\n|\n|-heal|p1a: Wo-Chien|97\/100|[from] item: Leftovers\n|-damage|p2a: Kyogre|14\/100 par|[from] Leech Seed|[of] p1a: Wo-Chien\n|-heal|p1a: Wo-Chien|100\/100|[silent]\n|upkeep\n|turn|24\n|\n|t:|1698593518\n|move|p1a: Wo-Chien|Knock Off|p2a: Kyogre\n|-damage|p2a: Kyogre|0 fnt\n|faint|p2a: Kyogre\n|\n|upkeep\n|\n|t:|1698593520\n|switch|p2a: Miraidon|Miraidon|100\/100\n|-fieldstart|move: Electric Terrain|[from] ability: Hadron Engine|[of] p2a: Miraidon\n|turn|25\n|\n|t:|1698593524\n|move|p2a: Miraidon|Dazzling Gleam|p1a: Wo-Chien\n|-supereffective|p1a: Wo-Chien\n|-damage|p1a: Wo-Chien|61\/100\n|move|p1a: Wo-Chien|Leech Seed|p2a: Miraidon\n|-start|p2a: Miraidon|move: Leech Seed\n|\n|-heal|p1a: Wo-Chien|67\/100|[from] item: Leftovers\n|-damage|p2a: Miraidon|88\/100|[from] Leech Seed|[of] p1a: Wo-Chien\n|-heal|p1a: Wo-Chien|78\/100|[silent]\n|upkeep\n|turn|26\n|\n|t:|1698593526\n|move|p2a: Miraidon|Dazzling Gleam|p1a: Wo-Chien\n|-supereffective|p1a: Wo-Chien\n|-damage|p1a: Wo-Chien|37\/100\n|move|p1a: Wo-Chien|Knock Off|p2a: Miraidon\n|-damage|p2a: Miraidon|56\/100\n|-enditem|p2a: Miraidon|Choice Scarf|[from] move: Knock Off|[of] p1a: Wo-Chien\n|\n|-heal|p1a: Wo-Chien|43\/100|[from] item: Leftovers\n|-damage|p2a: Miraidon|44\/100|[from] Leech Seed|[of] p1a: Wo-Chien\n|-heal|p1a: Wo-Chien|54\/100|[silent]\n|upkeep\n|turn|27\n|\n|t:|1698593531\n|switch|p2a: Calyrex|Calyrex-Shadow, tera:Dark|100\/100\n|-ability|p2a: Calyrex|As One\n|-ability|p2a: Calyrex|Unnerve\n|move|p1a: Wo-Chien|Protect||[still]\n|-fail|p1a: Wo-Chien\n|\n|-heal|p1a: Wo-Chien|60\/100|[from] item: Leftovers\n|upkeep\n|turn|28\n|\n|t:|1698593536\n|move|p2a: Calyrex|Nasty Plot|p2a: Calyrex\n|-boost|p2a: Calyrex|spa|2\n|move|p1a: Wo-Chien|Leech Seed|p2a: Calyrex|[miss]\n|-miss|p1a: Wo-Chien|p2a: Calyrex\n|\n|-heal|p1a: Wo-Chien|66\/100|[from] item: Leftovers\n|upkeep\n|turn|29\n|c|\u2606Thatbreloomguy|Please don\u2019t let the wo chien be the death of me\n|j| Themewhenthe\n|c|\u2606AGisgood\u82cd\u54cd\u4fa0|ifs scarf korai\n|\n|t:|1698593558\n|move|p2a: Calyrex|Tera Blast|p1a: Wo-Chien|[anim] Tera Blast Dark\n|-resisted|p1a: Wo-Chien\n|-damage|p1a: Wo-Chien|41\/100\n|move|p1a: Wo-Chien|Stun Spore|p2a: Calyrex\n|-status|p2a: Calyrex|par\n|\n|-heal|p1a: Wo-Chien|47\/100|[from] item: Leftovers\n|-fieldend|move: Electric Terrain\n|upkeep\n|turn|30\n|c|\u2606AGisgood\u82cd\u54cd\u4fa0|bro\n|\n|t:|1698593563\n|move|p2a: Calyrex|Nasty Plot|p2a: Calyrex\n|-boost|p2a: Calyrex|spa|2\n|move|p1a: Wo-Chien|Knock Off|p2a: Calyrex\n|-resisted|p2a: Calyrex\n|-damage|p2a: Calyrex|85\/100 par\n|-enditem|p2a: Calyrex|Focus Sash|[from] move: Knock Off|[of] p1a: Wo-Chien\n|\n|-heal|p1a: Wo-Chien|53\/100|[from] item: Leftovers\n|upkeep\n|turn|31\n|\n|t:|1698593565\n|move|p2a: Calyrex|Tera Blast|p1a: Wo-Chien|[anim] Tera Blast Dark\n|-resisted|p1a: Wo-Chien\n|-damage|p1a: Wo-Chien|14\/100\n|move|p1a: Wo-Chien|Knock Off|p2a: Calyrex\n|-resisted|p2a: Calyrex\n|-damage|p2a: Calyrex|72\/100 par\n|\n|-heal|p1a: Wo-Chien|20\/100|[from] item: Leftovers\n|upkeep\n|turn|32\n|\n|t:|1698593568\n|move|p2a: Calyrex|Tera Blast|p1a: Wo-Chien|[anim] Tera Blast Dark\n|-resisted|p1a: Wo-Chien\n|-crit|p1a: Wo-Chien\n|-damage|p1a: Wo-Chien|0 fnt\n|faint|p1a: Wo-Chien\n|-ability|p2a: Calyrex|Grim Neigh|boost\n|-boost|p2a: Calyrex|spa|1\n|\n|upkeep\n|\n|t:|1698593570\n|switch|p1a: Koraidon|Koraidon|100\/100\n|-damage|p1a: Koraidon|94\/100|[from] Stealth Rock\n|-weather|SunnyDay|[from] ability: Orichalcum Pulse|[of] p1a: Koraidon\n|-activate|p1a: Koraidon|Orichalcum Pulse|[source]\n|turn|33\n|\n|t:|1698593573\n|move|p1a: Koraidon|Close Combat|p2a: Calyrex\n|-supereffective|p2a: Calyrex\n|-damage|p2a: Calyrex|0 fnt\n|-unboost|p1a: Koraidon|def|1\n|-unboost|p1a: Koraidon|spd|1\n|faint|p2a: Calyrex\n|\n|-weather|SunnyDay|[upkeep]\n|upkeep\n|\n|t:|1698593576\n|switch|p2a: Miraidon|Miraidon|44\/100\n|-fieldstart|move: Electric Terrain|[from] ability: Hadron Engine|[of] p2a: Miraidon\n|turn|34\n|\n|t:|1698593578\n|move|p1a: Koraidon|Close Combat|p2a: Miraidon\n|-damage|p2a: Miraidon|0 fnt\n|-unboost|p1a: Koraidon|def|1\n|-unboost|p1a: Koraidon|spd|1\n|faint|p2a: Miraidon\n|\n|win|AGisgood\u82cd\u54cd\u4fa0\n|n|\u2606AGisgood\u82cd\u54cd\u4fa0|agisgood\n|n|\u2606Thatbreloomguy|thatbreloomguy\n|n|+Frozoid|frozoid\n|n| Primordiallite|primordiallite\n|n| Future king of ou|futurekingofou\n|n| Themewhenthe|themewhenthe\n|c|\u2606Thatbreloomguy|Scarf\n|l| Future king of ou\n|c|\u2606Thatbreloomguy|damn speed ties\n|c|\u2606Thatbreloomguy|gg\n|c| Primordiallite|?\n|c| Primordiallite|Ur scarf was knocked off\n|l| Themewhenthe\n|j| jzhuc1741\n|l|\u2606AGisgood\u82cd\u54cd\u4fa0\n|c|\u2606Thatbreloomguy|Oh wait it sas\n|c|\u2606Thatbreloomguy|was\n|c|\u2606Thatbreloomguy|my B\n|l|\u2606Thatbreloomguy\n|j|\u2606AGisgood\u82cd\u54cd\u4fa0\n|player|p1|AGisgood\u82cd\u54cd\u4fa0|cynthia-masters\n|l| Primordiallite\n|l|+Frozoid\n|l| jzhuc1741\n|l|\u2606AGisgood\u82cd\u54cd\u4fa0\n|player|p1|\n|j| dominickpowerfu\n","uploadtime":1698593579,"views":14,"p1id":"agisgood","p2id":"thatbreloomguy","formatid":"gen9anythinggoes","rating":0,"private":0,"password":""}