{"id":"gen9anythinggoes-1986341724","p1":"caligulahar","p2":"Tedtosterone","format":"[Gen 9] Anything Goes","log":"|j|\u2606caligulahar\n|j|\u2606Tedtosterone\n|t:|1699470770\n|gametype|singles\n|player|p1|caligulahar|richboy-gen4|\n|player|p2|Tedtosterone|ghetsis-gen5bw|\n|teamsize|p1|6\n|teamsize|p2|6\n|gen|9\n|tier|[Gen 9] Anything Goes\n|rule|HP Percentage Mod: HP is shown in percentages\n|rule|Endless Battle Clause: Forcing endless battles is banned\n|clearpoke\n|poke|p1|Dragapult, M|\n|poke|p1|Clefable, F|\n|poke|p1|Manaphy|\n|poke|p1|Landorus-Therian, M|\n|poke|p1|Corviknight, M|\n|poke|p1|Skeledirge, M|\n|poke|p2|Samurott-Hisui, M|\n|poke|p2|Kingambit, F|\n|poke|p2|Baxcalibur, M|\n|poke|p2|Mimikyu, F|\n|poke|p2|Slowking-Galar, M|\n|poke|p2|Arcanine-Hisui, F|\n|teampreview\n|inactive|Battle timer is ON: inactive players will automatically lose when time's up. (requested by caligulahar)\n|\n|t:|1699470781\n|start\n|switch|p1a: Landorus|Landorus-Therian, M|100\/100\n|switch|p2a: Jin|Samurott-Hisui, M, shiny|100\/100\n|-ability|p1a: Landorus|Intimidate|boost\n|-unboost|p2a: Jin|atk|1\n|turn|1\n|\n|t:|1699470788\n|move|p2a: Jin|Ceaseless Edge|p1a: Landorus\n|-damage|p1a: Landorus|65\/100\n|-sidestart|p1: caligulahar|Spikes\n|move|p1a: Landorus|U-turn|p2a: Jin\n|-supereffective|p2a: Jin\n|-damage|p2a: Jin|30\/100\n|\n|t:|1699470799\n|switch|p1a: Dragapult|Dragapult, M, shiny|100\/100|[from] U-turn\n|-damage|p1a: Dragapult|88\/100|[from] Spikes\n|\n|upkeep\n|turn|2\n|\n|t:|1699470808\n|move|p1a: Dragapult|Shadow Ball|p2a: Jin\n|-resisted|p2a: Jin\n|-damage|p2a: Jin|0 fnt\n|faint|p2a: Jin\n|\n|upkeep\n|\n|t:|1699470813\n|switch|p2a: Gooner|Mimikyu, F|100\/100\n|turn|3\n|\n|t:|1699470816\n|move|p1a: Dragapult|Shadow Ball|p2a: Gooner\n|-activate|p2a: Gooner|ability: Disguise\n|-damage|p2a: Gooner|100\/100\n|detailschange|p2a: Gooner|Mimikyu-Busted, F\n|-damage|p2a: Gooner|88\/100|[from] pokemon: Mimikyu-Busted\n|move|p2a: Gooner|Play Rough|p1a: Dragapult\n|-supereffective|p1a: Dragapult\n|-crit|p1a: Dragapult\n|-damage|p1a: Dragapult|0 fnt\n|faint|p1a: Dragapult\n|-damage|p2a: Gooner|78\/100|[from] item: Life Orb\n|\n|upkeep\n|\n|t:|1699470834\n|switch|p1a: Corviknight|Corviknight, M, shiny|100\/100\n|-ability|p1a: Corviknight|Pressure\n|turn|4\n|\n|t:|1699470840\n|move|p2a: Gooner|Shadow Sneak|p1a: Corviknight\n|-damage|p1a: Corviknight|84\/100\n|-damage|p2a: Gooner|68\/100|[from] item: Life Orb\n|move|p1a: Corviknight|Bulk Up|p1a: Corviknight\n|-boost|p1a: Corviknight|atk|1\n|-boost|p1a: Corviknight|def|1\n|\n|-heal|p1a: Corviknight|91\/100|[from] item: Leftovers\n|upkeep\n|turn|5\n|\n|t:|1699470850\n|move|p2a: Gooner|Shadow Claw|p1a: Corviknight\n|-damage|p1a: Corviknight|72\/100\n|-damage|p2a: Gooner|58\/100|[from] item: Life Orb\n|move|p1a: Corviknight|Bulk Up|p1a: Corviknight\n|-boost|p1a: Corviknight|atk|1\n|-boost|p1a: Corviknight|def|1\n|\n|-heal|p1a: Corviknight|78\/100|[from] item: Leftovers\n|upkeep\n|turn|6\n|j| Flacko2nice\n|\n|t:|1699470859\n|move|p2a: Gooner|Shadow Claw|p1a: Corviknight\n|-damage|p1a: Corviknight|64\/100\n|-damage|p2a: Gooner|48\/100|[from] item: Life Orb\n|move|p1a: Corviknight|Bulk Up|p1a: Corviknight\n|-boost|p1a: Corviknight|atk|1\n|-boost|p1a: Corviknight|def|1\n|\n|-heal|p1a: Corviknight|70\/100|[from] item: Leftovers\n|upkeep\n|turn|7\n|\n|t:|1699470869\n|switch|p2a: Arcanine|Arcanine-Hisui, F|100\/100\n|move|p1a: Corviknight|Bulk Up|p1a: Corviknight\n|-boost|p1a: Corviknight|atk|1\n|-boost|p1a: Corviknight|def|1\n|\n|-heal|p1a: Corviknight|77\/100|[from] item: Leftovers\n|upkeep\n|turn|8\n|\n|t:|1699470879\n|move|p2a: Arcanine|Flare Blitz|p1a: Corviknight\n|-supereffective|p1a: Corviknight\n|-damage|p1a: Corviknight|34\/100\n|move|p1a: Corviknight|Roost|p1a: Corviknight\n|-heal|p1a: Corviknight|84\/100\n|-singleturn|p1a: Corviknight|move: Roost\n|\n|-heal|p1a: Corviknight|90\/100|[from] item: Leftovers\n|upkeep\n|turn|9\n|\n|t:|1699470888\n|move|p2a: Arcanine|Flare Blitz|p1a: Corviknight\n|-supereffective|p1a: Corviknight\n|-damage|p1a: Corviknight|48\/100\n|move|p1a: Corviknight|Bulk Up|p1a: Corviknight\n|-boost|p1a: Corviknight|atk|1\n|-boost|p1a: Corviknight|def|1\n|\n|-heal|p1a: Corviknight|54\/100|[from] item: Leftovers\n|upkeep\n|turn|10\n|\n|t:|1699470895\n|move|p2a: Arcanine|Flare Blitz|p1a: Corviknight\n|-supereffective|p1a: Corviknight\n|-damage|p1a: Corviknight|15\/100\n|move|p1a: Corviknight|Roost|p1a: Corviknight\n|-heal|p1a: Corviknight|65\/100\n|-singleturn|p1a: Corviknight|move: Roost\n|\n|-heal|p1a: Corviknight|71\/100|[from] item: Leftovers\n|upkeep\n|turn|11\n|\n|t:|1699470903\n|move|p2a: Arcanine|Flare Blitz|p1a: Corviknight\n|-supereffective|p1a: Corviknight\n|-crit|p1a: Corviknight\n|-damage|p1a: Corviknight|0 fnt\n|faint|p1a: Corviknight\n|\n|upkeep\n|\n|t:|1699470911\n|switch|p1a: Manaphy|Manaphy|100\/100\n|-damage|p1a: Manaphy|88\/100|[from] Spikes\n|turn|12\n|\n|t:|1699470915\n|switch|p2a: Gooner|Mimikyu-Busted, F|48\/100\n|move|p1a: Manaphy|Tail Glow|p1a: Manaphy\n|-boost|p1a: Manaphy|spa|3\n|\n|-heal|p1a: Manaphy|94\/100|[from] item: Leftovers\n|upkeep\n|turn|13\n|\n|t:|1699470923\n|move|p2a: Gooner|Shadow Sneak|p1a: Manaphy\n|-damage|p1a: Manaphy|76\/100\n|-damage|p2a: Gooner|38\/100|[from] item: Life Orb\n|move|p1a: Manaphy|Baton Pass|p1a: Manaphy\n|\n|t:|1699470929\n|switch|p1a: Clefable|Clefable, F|100\/100|[from] Baton Pass\n|\n|upkeep\n|turn|14\n|\n|t:|1699470943\n|move|p2a: Gooner|Shadow Claw|p1a: Clefable\n|-crit|p1a: Clefable\n|-damage|p1a: Clefable|48\/100\n|-damage|p2a: Gooner|28\/100|[from] item: Life Orb\n|move|p1a: Clefable|Moonblast|p2a: Gooner\n|-damage|p2a: Gooner|0 fnt\n|faint|p2a: Gooner\n|\n|-heal|p1a: Clefable|54\/100|[from] item: Leftovers\n|upkeep\n|\n|t:|1699470952\n|switch|p2a: Toji|Kingambit, F|100\/100\n|-activate|p2a: Toji|ability: Supreme Overlord\n|-start|p2a: Toji|fallen2|[silent]\n|turn|15\n|\n|t:|1699470962\n|move|p1a: Clefable|Wish|p1a: Clefable\n|move|p2a: Toji|X-Scissor|p1a: Clefable\n|-resisted|p1a: Clefable\n|-damage|p1a: Clefable|30\/100\n|-damage|p2a: Toji|91\/100|[from] item: Life Orb\n|\n|-heal|p1a: Clefable|36\/100|[from] item: Leftovers\n|upkeep\n|turn|16\n|\n|t:|1699470971\n|-end|p2a: Toji|fallen2|[silent]\n|switch|p2a: Duke|Slowking-Galar, M|100\/100\n|move|p1a: Clefable|Moonblast|p2a: Duke\n|-resisted|p2a: Duke\n|-damage|p2a: Duke|70\/100\n|\n|-heal|p1a: Clefable|86\/100|[from] move: Wish|[wisher] Clefable\n|-heal|p1a: Clefable|92\/100|[from] item: Leftovers\n|upkeep\n|turn|17\n|\n|t:|1699470980\n|move|p1a: Clefable|Knock Off|p2a: Duke\n|-supereffective|p2a: Duke\n|-damage|p2a: Duke|41\/100\n|-enditem|p2a: Duke|Heavy-Duty Boots|[from] move: Knock Off|[of] p1a: Clefable\n|move|p2a: Duke|Thunder Wave|p1a: Clefable\n|-status|p1a: Clefable|par\n|\n|-heal|p1a: Clefable|98\/100 par|[from] item: Leftovers\n|upkeep\n|turn|18\n|\n|t:|1699470989\n|move|p2a: Duke|Sludge Bomb|p1a: Clefable\n|-supereffective|p1a: Clefable\n|-damage|p1a: Clefable|39\/100 par\n|move|p1a: Clefable|Wish|p1a: Clefable\n|\n|-heal|p1a: Clefable|45\/100 par|[from] item: Leftovers\n|upkeep\n|turn|19\n|\n|t:|1699470996\n|move|p1a: Clefable|Protect|p1a: Clefable\n|-singleturn|p1a: Clefable|Protect\n|move|p2a: Duke|Sludge Bomb|p1a: Clefable\n|-activate|p1a: Clefable|move: Protect\n|\n|-heal|p1a: Clefable|95\/100 par|[from] move: Wish|[wisher] Clefable\n|-heal|p1a: Clefable|100\/100 par|[from] item: Leftovers\n|upkeep\n|turn|20\n|\n|t:|1699471004\n|move|p2a: Duke|Sludge Bomb|p1a: Clefable\n|-supereffective|p1a: Clefable\n|-damage|p1a: Clefable|35\/100 par\n|cant|p1a: Clefable|par\n|\n|-heal|p1a: Clefable|41\/100 par|[from] item: Leftovers\n|upkeep\n|turn|21\n|\n|t:|1699471012\n|switch|p1a: Landorus|Landorus-Therian, M|65\/100\n|-ability|p1a: Landorus|Intimidate|boost\n|-unboost|p2a: Duke|atk|1\n|move|p2a: Duke|Sludge Bomb|p1a: Landorus\n|-resisted|p1a: Landorus\n|-damage|p1a: Landorus|45\/100\n|-status|p1a: Landorus|psn\n|\n|-damage|p1a: Landorus|32\/100 psn|[from] psn\n|upkeep\n|turn|22\n|\n|t:|1699471021\n|move|p1a: Landorus|Earthquake|p2a: Duke\n|-supereffective|p2a: Duke\n|-damage|p2a: Duke|0 fnt\n|faint|p2a: Duke\n|\n|-damage|p1a: Landorus|20\/100 psn|[from] psn\n|upkeep\n|\n|t:|1699471028\n|switch|p2a: Arcanine|Arcanine-Hisui, F|100\/100\n|turn|23\n|\n|t:|1699471032\n|switch|p1a: Skeledirge|Skeledirge, M, shiny|100\/100\n|move|p2a: Arcanine|Extreme Speed|p1a: Skeledirge\n|-immune|p1a: Skeledirge\n|\n|upkeep\n|turn|24\n|\n|t:|1699471038\n|switch|p2a: Joe|Baxcalibur, M|100\/100\n|move|p1a: Skeledirge|Torch Song|p2a: Joe\n|-damage|p2a: Joe|60\/100\n|-boost|p1a: Skeledirge|spa|1\n|-ability|p2a: Joe|Thermal Exchange|boost\n|-boost|p2a: Joe|atk|1\n|\n|upkeep\n|turn|25\n|\n|t:|1699471048\n|move|p2a: Joe|Earthquake|p1a: Skeledirge\n|-supereffective|p1a: Skeledirge\n|-damage|p1a: Skeledirge|43\/100\n|move|p1a: Skeledirge|Torch Song|p2a: Joe\n|-damage|p2a: Joe|0 fnt\n|-boost|p1a: Skeledirge|spa|1\n|faint|p2a: Joe\n|\n|upkeep\n|\n|t:|1699471056\n|switch|p2a: Arcanine|Arcanine-Hisui, F|100\/100\n|turn|26\n|\n|t:|1699471062\n|switch|p1a: Landorus|Landorus-Therian, M|20\/100 psn\n|-ability|p1a: Landorus|Intimidate|boost\n|-unboost|p2a: Arcanine|atk|1\n|move|p2a: Arcanine|Head Smash|p1a: Landorus\n|-damage|p1a: Landorus|0 fnt\n|faint|p1a: Landorus\n|\n|upkeep\n|\n|t:|1699471067\n|switch|p1a: Manaphy|Manaphy|76\/100\n|-damage|p1a: Manaphy|64\/100|[from] Spikes\n|turn|27\n|\n|t:|1699471072\n|move|p2a: Arcanine|Head Smash|p1a: Manaphy\n|-damage|p1a: Manaphy|5\/100\n|move|p1a: Manaphy|Scald|p2a: Arcanine\n|-supereffective|p2a: Arcanine\n|-damage|p2a: Arcanine|0 fnt\n|faint|p2a: Arcanine\n|\n|-heal|p1a: Manaphy|11\/100|[from] item: Leftovers\n|upkeep\n|\n|t:|1699471080\n|switch|p2a: Toji|Kingambit, F|91\/100\n|-activate|p2a: Toji|ability: Supreme Overlord\n|-start|p2a: Toji|fallen5|[silent]\n|turn|28\n|\n|t:|1699471085\n|move|p1a: Manaphy|Baton Pass|p1a: Manaphy\n|\n|t:|1699471088\n|switch|p1a: Skeledirge|Skeledirge, M, shiny|43\/100|[from] Baton Pass\n|move|p2a: Toji|Kowtow Cleave|p1a: Skeledirge\n|-supereffective|p1a: Skeledirge\n|-damage|p1a: Skeledirge|0 fnt\n|faint|p1a: Skeledirge\n|-damage|p2a: Toji|81\/100|[from] item: Life Orb\n|\n|upkeep\n|\n|t:|1699471094\n|switch|p1a: Clefable|Clefable, F|41\/100 par\n|turn|29\n|\n|t:|1699471102\n|move|p2a: Toji|Swords Dance|p2a: Toji\n|-boost|p2a: Toji|atk|2\n|cant|p1a: Clefable|par\n|\n|-heal|p1a: Clefable|47\/100 par|[from] item: Leftovers\n|upkeep\n|turn|30\n|\n|t:|1699471108\n|move|p2a: Toji|X-Scissor|p1a: Clefable\n|-resisted|p1a: Clefable\n|-damage|p1a: Clefable|0 fnt\n|faint|p1a: Clefable\n|-damage|p2a: Toji|71\/100|[from] item: Life Orb\n|\n|upkeep\n|\n|t:|1699471111\n|switch|p1a: Manaphy|Manaphy|11\/100\n|-damage|p1a: Manaphy|0 fnt|[from] Spikes\n|faint|p1a: Manaphy\n|\n|win|Tedtosterone\n|l|\u2606caligulahar\n","uploadtime":1699471119,"views":7,"p1id":"caligulahar","p2id":"tedtosterone","formatid":"gen9anythinggoes","rating":0,"private":0,"password":""}