{"id":"gen9anythinggoes-1976996600","p1":"Future king of ou","p2":"zd oneshot","format":"[Gen 9] Anything Goes","log":"|j|\u2606Future king of ou\n|j|\u2606zd oneshot\n|inactive|Battle timer is ON: inactive players will automatically lose when time's up.\n|t:|1698360031\n|gametype|singles\n|player|p1|Future king of ou|elaine|\n|player|p2|zd oneshot|1|\n|teamsize|p1|6\n|teamsize|p2|6\n|gen|9\n|tier|[Gen 9] Anything Goes\n|rated|Tournament battle\n|rule|HP Percentage Mod: HP is shown in percentages\n|rule|Endless Battle Clause: Forcing endless battles is banned\n|clearpoke\n|poke|p1|Toxapex, M|\n|poke|p1|Koraidon|\n|poke|p1|Arceus|\n|poke|p1|Calyrex-Shadow|\n|poke|p1|Arceus-Fairy|\n|poke|p1|Ting-Lu|\n|poke|p2|Great Tusk|\n|poke|p2|Kingambit, M|\n|poke|p2|Corviknight, M|\n|poke|p2|Chandelure, M|\n|poke|p2|Zoroark-Hisui, F|\n|poke|p2|Weavile, M|\n|teampreview\n|j| Lord Rekkuza\n|c|\u2606Future king of ou|Have fun\n|\n|t:|1698360056\n|start\n|switch|p1a: Arceus|Arceus-Fairy|100\/100\n|switch|p2a: Great Tusk|Great Tusk|100\/100\n|turn|1\n|\n|t:|1698360069\n|-end|p2a: Great Tusk|Protosynthesis|[silent]\n|switch|p2a: Corviknight|Corviknight, M|100\/100\n|move|p1a: Arceus|Judgment|p2a: Corviknight\n|-resisted|p2a: Corviknight\n|-damage|p2a: Corviknight|82\/100\n|\n|upkeep\n|turn|2\n|j|+PrimalKyogre555\n|\n|t:|1698360080\n|move|p1a: Arceus|Judgment|p2a: Corviknight\n|-resisted|p2a: Corviknight\n|-damage|p2a: Corviknight|64\/100\n|move|p2a: Corviknight|Brave Bird|p1a: Arceus\n|-damage|p1a: Arceus|74\/100\n|-damage|p2a: Corviknight|54\/100|[from] Recoil\n|\n|upkeep\n|turn|3\n|l|+PrimalKyogre555\n|\n|t:|1698360091\n|move|p1a: Arceus|Taunt|p2a: Corviknight\n|-start|p2a: Corviknight|move: Taunt\n|cant|p2a: Corviknight|move: Taunt|Roost\n|\n|upkeep\n|turn|4\n|\n|t:|1698360115\n|move|p1a: Arceus|Judgment|p2a: Corviknight\n|-resisted|p2a: Corviknight\n|-damage|p2a: Corviknight|35\/100\n|move|p2a: Corviknight|Brave Bird|p1a: Arceus\n|-damage|p1a: Arceus|48\/100\n|-damage|p2a: Corviknight|26\/100|[from] Recoil\n|\n|upkeep\n|turn|5\n|\n|t:|1698360127\n|move|p1a: Arceus|Recover|p1a: Arceus\n|-heal|p1a: Arceus|98\/100\n|move|p2a: Corviknight|Body Press|p1a: Arceus\n|-resisted|p1a: Arceus\n|-damage|p1a: Arceus|91\/100\n|\n|-end|p2a: Corviknight|move: Taunt\n|upkeep\n|turn|6\n|\n|t:|1698360138\n|move|p1a: Arceus|Taunt|p2a: Corviknight\n|-start|p2a: Corviknight|move: Taunt\n|move|p2a: Corviknight|Brave Bird|p1a: Arceus\n|-damage|p1a: Arceus|65\/100\n|-damage|p2a: Corviknight|16\/100|[from] Recoil\n|\n|upkeep\n|turn|7\n|\n|t:|1698360152\n|move|p1a: Arceus|Recover|p1a: Arceus\n|-heal|p1a: Arceus|100\/100\n|move|p2a: Corviknight|Brave Bird|p1a: Arceus\n|-damage|p1a: Arceus|75\/100\n|-damage|p2a: Corviknight|7\/100|[from] Recoil\n|\n|upkeep\n|turn|8\n|\n|t:|1698360165\n|move|p1a: Arceus|Judgment|p2a: Corviknight\n|-resisted|p2a: Corviknight\n|-damage|p2a: Corviknight|0 fnt\n|faint|p2a: Corviknight\n|\n|upkeep\n|inactive|zd oneshot has 120 seconds left.\n|\n|t:|1698360193\n|switch|p2a: Weavile|Weavile, M, shiny|100\/100\n|turn|9\n|\n|t:|1698360202\n|move|p2a: Weavile|Endure|p2a: Weavile\n|-singleturn|p2a: Weavile|move: Endure\n|move|p1a: Arceus|Recover|p1a: Arceus\n|-heal|p1a: Arceus|100\/100\n|\n|upkeep\n|turn|10\n|inactive|zd oneshot has 120 seconds left.\n|\n|t:|1698360213\n|move|p2a: Weavile|Ice Spinner|p1a: Arceus\n|-crit|p1a: Arceus\n|-damage|p1a: Arceus|64\/100\n|move|p1a: Arceus|Taunt|p2a: Weavile\n|-start|p2a: Weavile|move: Taunt\n|\n|upkeep\n|turn|11\n|inactive|zd oneshot has 120 seconds left.\n|\n|t:|1698360228\n|move|p2a: Weavile|Ice Spinner|p1a: Arceus\n|-damage|p1a: Arceus|38\/100\n|move|p1a: Arceus|Recover|p1a: Arceus\n|-heal|p1a: Arceus|88\/100\n|\n|upkeep\n|turn|12\n|\n|t:|1698360240\n|move|p2a: Weavile|Night Slash|p1a: Arceus\n|-resisted|p1a: Arceus\n|-damage|p1a: Arceus|78\/100\n|move|p1a: Arceus|Judgment|p2a: Weavile\n|-supereffective|p2a: Weavile\n|-damage|p2a: Weavile|0 fnt\n|faint|p2a: Weavile\n|\n|upkeep\n|inactive|zd oneshot has 90 seconds left.\n|\n|t:|1698360273\n|switch|p2a: Chandelure|Chandelure, M, shiny|100\/100\n|turn|13\n|inactive|zd oneshot has 90 seconds left.\n|\n|t:|1698360287\n|switch|p1a: Ting-Lu|Ting-Lu|100\/100\n|-ability|p1a: Ting-Lu|Vessel of Ruin\n|move|p2a: Chandelure|Sludge Bomb|p1a: Ting-Lu\n|-resisted|p1a: Ting-Lu\n|-damage|p1a: Ting-Lu|94\/100\n|-status|p1a: Ting-Lu|psn\n|\n|-heal|p1a: Ting-Lu|99\/100 psn|[from] item: Leftovers\n|-damage|p1a: Ting-Lu|88\/100 psn|[from] psn\n|upkeep\n|turn|14\n|inactive|zd oneshot has 90 seconds left.\n|\n|t:|1698360304\n|switch|p2a: Great Tusk|Great Tusk|100\/100\n|move|p1a: Ting-Lu|Spikes|p2a: Great Tusk\n|-sidestart|p2: zd oneshot|Spikes\n|\n|-heal|p1a: Ting-Lu|94\/100 psn|[from] item: Leftovers\n|-damage|p1a: Ting-Lu|81\/100 psn|[from] psn\n|upkeep\n|turn|15\n|\n|t:|1698360318\n|move|p2a: Great Tusk|Rapid Spin|p1a: Ting-Lu\n|-crit|p1a: Ting-Lu\n|-damage|p1a: Ting-Lu|66\/100 psn\n|-boost|p2a: Great Tusk|spe|1\n|-sideend|p2: zd oneshot|Spikes|[from] move: Rapid Spin|[of] p2a: Great Tusk\n|move|p1a: Ting-Lu|Spikes|p2a: Great Tusk\n|-sidestart|p2: zd oneshot|Spikes\n|\n|-heal|p1a: Ting-Lu|72\/100 psn|[from] item: Leftovers\n|-damage|p1a: Ting-Lu|60\/100 psn|[from] psn\n|upkeep\n|turn|16\n|\n|t:|1698360330\n|switch|p1a: Toxapex|Toxapex, M|100\/100\n|move|p2a: Great Tusk|Rapid Spin|p1a: Toxapex\n|-damage|p1a: Toxapex|90\/100\n|-boost|p2a: Great Tusk|spe|1\n|-damage|p2a: Great Tusk|84\/100|[from] item: Rocky Helmet|[of] p1a: Toxapex\n|-sideend|p2: zd oneshot|Spikes|[from] move: Rapid Spin|[of] p2a: Great Tusk\n|\n|upkeep\n|turn|17\n|\n|t:|1698360343\n|switch|p1a: Arceus|Arceus-Fairy|78\/100\n|move|p2a: Great Tusk|Headlong Rush|p1a: Arceus\n|-damage|p1a: Arceus|35\/100\n|-unboost|p2a: Great Tusk|def|1\n|-unboost|p2a: Great Tusk|spd|1\n|\n|upkeep\n|turn|18\n|\n|t:|1698360358\n|move|p2a: Great Tusk|Headlong Rush|p1a: Arceus\n|-damage|p1a: Arceus|0 fnt\n|-unboost|p2a: Great Tusk|def|1\n|-unboost|p2a: Great Tusk|spd|1\n|faint|p1a: Arceus\n|\n|upkeep\n|\n|t:|1698360365\n|switch|p1a: Arceus|Arceus|100\/100\n|turn|19\n|\n|t:|1698360387\n|move|p2a: Great Tusk|Close Combat|p1a: Arceus\n|-supereffective|p1a: Arceus\n|-damage|p1a: Arceus|12\/100\n|-unboost|p2a: Great Tusk|def|1\n|-unboost|p2a: Great Tusk|spd|1\n|move|p1a: Arceus|Swords Dance|p1a: Arceus\n|-boost|p1a: Arceus|atk|2\n|\n|upkeep\n|turn|20\n|\n|t:|1698360398\n|move|p1a: Arceus|Extreme Speed|p2a: Great Tusk\n|-damage|p2a: Great Tusk|0 fnt\n|faint|p2a: Great Tusk\n|-end|p2a: Great Tusk|Protosynthesis|[silent]\n|\n|upkeep\n|\n|t:|1698360404\n|switch|p2a: Chandelure|Chandelure, M, shiny|100\/100\n|turn|21\n|\n|t:|1698360423\n|-terastallize|p2a: Chandelure|Fighting\n|move|p2a: Chandelure|Tera Blast|p1a: Arceus|[anim] Tera Blast Fighting\n|-supereffective|p1a: Arceus\n|-damage|p1a: Arceus|0 fnt\n|faint|p1a: Arceus\n|\n|upkeep\n|j| 4xexede3d\n|\n|t:|1698360428\n|switch|p1a: Koraidon|Koraidon|100\/100\n|-weather|SunnyDay|[from] ability: Orichalcum Pulse|[of] p1a: Koraidon\n|-activate|p1a: Koraidon|Orichalcum Pulse|[source]\n|turn|22\n|\n|t:|1698360444\n|move|p1a: Koraidon|U-turn|p2a: Chandelure\n|-resisted|p2a: Chandelure\n|-damage|p2a: Chandelure|66\/100\n|replace|p2a: Zoroark|Zoroark-Hisui, F, shiny\n|-end|p2a: Zoroark|Illusion\n|\n|t:|1698360450\n|switch|p1a: Ting-Lu|Ting-Lu|60\/100 psn|[from] U-turn\n|-ability|p1a: Ting-Lu|Vessel of Ruin\n|move|p2a: Zoroark|Sludge Bomb|p1a: Ting-Lu\n|-resisted|p1a: Ting-Lu\n|-damage|p1a: Ting-Lu|54\/100 psn\n|\n|-weather|SunnyDay|[upkeep]\n|-heal|p1a: Ting-Lu|60\/100 psn|[from] item: Leftovers\n|-damage|p1a: Ting-Lu|48\/100 psn|[from] psn\n|upkeep\n|turn|23\n|\n|t:|1698360467\n|move|p2a: Zoroark|Tera Blast|p1a: Ting-Lu|[anim] Tera Blast Fighting\n|-supereffective|p1a: Ting-Lu\n|-damage|p1a: Ting-Lu|16\/100 psn\n|move|p1a: Ting-Lu|Spikes|p2a: Zoroark\n|-sidestart|p2: zd oneshot|Spikes\n|\n|-weather|SunnyDay|[upkeep]\n|-heal|p1a: Ting-Lu|22\/100 psn|[from] item: Leftovers\n|-damage|p1a: Ting-Lu|10\/100 psn|[from] psn\n|upkeep\n|turn|24\n|\n|t:|1698360478\n|switch|p1a: Toxapex|Toxapex, M|100\/100\n|move|p2a: Zoroark|Shadow Ball|p1a: Toxapex\n|-damage|p1a: Toxapex|64\/100\n|\n|-weather|SunnyDay|[upkeep]\n|upkeep\n|turn|25\n|\n|t:|1698360489\n|move|p2a: Zoroark|Hyper Voice|p1a: Toxapex\n|-damage|p1a: Toxapex|27\/100\n|move|p1a: Toxapex|Toxic Spikes|p2a: Zoroark\n|-sidestart|p2: zd oneshot|move: Toxic Spikes\n|\n|-weather|SunnyDay|[upkeep]\n|upkeep\n|turn|26\n|\n|t:|1698360499\n|switch|p1a: Ting-Lu|Ting-Lu|10\/100 psn\n|-ability|p1a: Ting-Lu|Vessel of Ruin\n|move|p2a: Zoroark|Hyper Voice|p1a: Ting-Lu\n|-damage|p1a: Ting-Lu|0 fnt\n|faint|p1a: Ting-Lu\n|\n|-weather|none\n|upkeep\n|\n|t:|1698360500\n|switch|p1a: Calyrex|Calyrex-Shadow|100\/100\n|-ability|p1a: Calyrex|As One\n|-ability|p1a: Calyrex|Unnerve\n|turn|27\n|\n|t:|1698360515\n|move|p1a: Calyrex|Psyshock|p2a: Zoroark\n|-supereffective|p2a: Zoroark\n|-damage|p2a: Zoroark|0 fnt\n|faint|p2a: Zoroark\n|-ability|p1a: Calyrex|Grim Neigh|boost\n|-boost|p1a: Calyrex|spa|1\n|\n|upkeep\n|\n|t:|1698360523\n|switch|p2a: Chandelure|Chandelure, M, shiny|100\/100\n|-damage|p2a: Chandelure|88\/100|[from] Spikes\n|-status|p2a: Chandelure|psn\n|turn|28\n|\n|t:|1698360531\n|switch|p1a: Toxapex|Toxapex, M|60\/100\n|move|p2a: Chandelure|Shadow Ball|p1a: Toxapex\n|-damage|p1a: Toxapex|21\/100\n|-unboost|p1a: Toxapex|spd|1\n|\n|-damage|p2a: Chandelure|76\/100 psn|[from] psn\n|upkeep\n|turn|29\n|inactive|zd oneshot has 90 seconds left.\n|\n|t:|1698360550\n|move|p2a: Chandelure|Shadow Ball|p1a: Toxapex\n|-damage|p1a: Toxapex|0 fnt\n|faint|p1a: Toxapex\n|\n|-damage|p2a: Chandelure|64\/100 psn|[from] psn\n|upkeep\n|\n|t:|1698360553\n|switch|p1a: Koraidon|Koraidon|100\/100\n|-weather|SunnyDay|[from] ability: Orichalcum Pulse|[of] p1a: Koraidon\n|-activate|p1a: Koraidon|Orichalcum Pulse|[source]\n|turn|30\n|inactive|zd oneshot has 90 seconds left.\n|\n|t:|1698360561\n|move|p1a: Koraidon|Outrage|p2a: Chandelure\n|-damage|p2a: Chandelure|0 fnt\n|faint|p2a: Chandelure\n|\n|-weather|SunnyDay|[upkeep]\n|upkeep\n|inactive|zd oneshot has 90 seconds left.\n|\n|t:|1698360568\n|switch|p2a: Kingambit|Kingambit, M, shiny|100\/100\n|-damage|p2a: Kingambit|88\/100|[from] Spikes\n|-activate|p2a: Kingambit|ability: Supreme Overlord\n|-start|p2a: Kingambit|fallen5|[silent]\n|turn|31\n|inactive|zd oneshot has 90 seconds left.\n|\n|t:|1698360581\n|move|p1a: Koraidon|Outrage|p2a: Kingambit|[from]lockedmove\n|-resisted|p2a: Kingambit\n|-damage|p2a: Kingambit|53\/100\n|-start|p1a: Koraidon|confusion|[fatigue]\n|move|p2a: Kingambit|Kowtow Cleave|p1a: Koraidon\n|-resisted|p1a: Koraidon\n|-damage|p1a: Koraidon|71\/100\n|\n|-weather|SunnyDay|[upkeep]\n|upkeep\n|turn|32\n|inactive|zd oneshot has 90 seconds left.\n|\n|t:|1698360593\n|-activate|p1a: Koraidon|confusion\n|-damage|p1a: Koraidon|59\/100|[from] confusion\n|move|p2a: Kingambit|Kowtow Cleave|p1a: Koraidon\n|-resisted|p1a: Koraidon\n|-damage|p1a: Koraidon|31\/100\n|\n|-weather|SunnyDay|[upkeep]\n|upkeep\n|turn|33\n|\n|t:|1698360601\n|-activate|p1a: Koraidon|confusion\n|move|p1a: Koraidon|Outrage|p2a: Kingambit\n|-resisted|p2a: Kingambit\n|-damage|p2a: Kingambit|20\/100\n|move|p2a: Kingambit|Kowtow Cleave|p1a: Koraidon\n|-resisted|p1a: Koraidon\n|-damage|p1a: Koraidon|0 fnt\n|faint|p1a: Koraidon\n|\n|-weather|SunnyDay|[upkeep]\n|upkeep\n|\n|t:|1698360603\n|switch|p1a: Calyrex|Calyrex-Shadow|100\/100\n|-ability|p1a: Calyrex|As One\n|-ability|p1a: Calyrex|Unnerve\n|turn|34\n|c|\u2606Future king of ou|Ggs\n|\n|t:|1698360616\n|-terastallize|p1a: Calyrex|Fighting\n|move|p1a: Calyrex|Tera Blast|p2a: Kingambit|[anim] Tera Blast Fighting\n|-supereffective|p2a: Kingambit\n|-damage|p2a: Kingambit|0 fnt\n|faint|p2a: Kingambit\n|-end|p2a: Kingambit|fallen5|[silent]\n|\n|win|Future king of ou\n|n|\u2606Future king of ou|futurekingofou\n|n|\u2606zd oneshot|zdoneshot\n|n| Lord Rekkuza|lordrekkuza\n|n| 4xexede3d|4xexede3d\n|l|\u2606zd oneshot\n|j| Kavorka\n|l| Kavorka\n|l| Lord Rekkuza\n|j| click_hax_win\n","uploadtime":1698360990,"views":10,"p1id":"futurekingofou","p2id":"zdoneshot","formatid":"gen9anythinggoes","rating":0,"private":0,"password":""}