{"id":"gen9anythinggoes-1977772175","p1":"NoHopeNoJoy","p2":"godnotagain3","format":"[Gen 9] Anything Goes","log":"|j|\u2606NoHopeNoJoy\n|j|\u2606godnotagain3\n|t:|1698447759\n|gametype|singles\n|player|p1|NoHopeNoJoy|102|1106\n|player|p2|godnotagain3|1|1159\n|teamsize|p1|6\n|teamsize|p2|6\n|gen|9\n|tier|[Gen 9] Anything Goes\n|rated|\n|rule|HP Percentage Mod: HP is shown in percentages\n|rule|Endless Battle Clause: Forcing endless battles is banned\n|clearpoke\n|poke|p1|Annihilape, M|\n|poke|p1|Snorlax, M|\n|poke|p1|Brambleghast, F|\n|poke|p1|Clefable, F|\n|poke|p1|Clefable, M|\n|poke|p1|Kleavor, F|\n|poke|p2|Skeledirge, M|\n|poke|p2|Garganacl, F|\n|poke|p2|Garchomp, F|\n|poke|p2|Kilowattrel, F|\n|poke|p2|Lilligant-Hisui, F|\n|poke|p2|Flutter Mane|\n|teampreview\n|\n|t:|1698447765\n|start\n|switch|p1a: Snorlax|Snorlax, M|100\/100\n|switch|p2a: Kilowattrel|Kilowattrel, F|100\/100\n|turn|1\n|\n|t:|1698447772\n|move|p2a: Kilowattrel|Volt Switch|p1a: Snorlax\n|-crit|p1a: Snorlax\n|-damage|p1a: Snorlax|59\/100\n|\n|t:|1698447778\n|switch|p2a: Lilligant|Lilligant-Hisui, F|100\/100|[from] Volt Switch\n|move|p1a: Snorlax|Body Slam|p2a: Lilligant\n|-damage|p2a: Lilligant|34\/100\n|\n|-heal|p1a: Snorlax|65\/100|[from] item: Leftovers\n|upkeep\n|turn|2\n|\n|t:|1698447789\n|move|p2a: Lilligant|Close Combat|p1a: Snorlax\n|-supereffective|p1a: Snorlax\n|-damage|p1a: Snorlax|0 fnt\n|-unboost|p2a: Lilligant|def|1\n|-unboost|p2a: Lilligant|spd|1\n|faint|p1a: Snorlax\n|-damage|p2a: Lilligant|24\/100|[from] item: Life Orb\n|\n|upkeep\n|\n|t:|1698447797\n|switch|p1a: Kleavor|Kleavor, F|100\/100\n|turn|3\n|\n|t:|1698447800\n|move|p1a: Kleavor|X-Scissor|p2a: Lilligant\n|-damage|p2a: Lilligant|0 fnt\n|faint|p2a: Lilligant\n|\n|upkeep\n|\n|t:|1698447812\n|switch|p2a: Skeledirge|Skeledirge, M, shiny|100\/100\n|turn|4\n|\n|t:|1698447828\n|switch|p1a: Clefable|Clefable, M|100\/100\n|move|p2a: Skeledirge|Will-O-Wisp|p1a: Clefable\n|-status|p1a: Clefable|brn\n|\n|upkeep\n|turn|5\n|\n|t:|1698447835\n|move|p2a: Skeledirge|Torch Song|p1a: Clefable\n|-damage|p1a: Clefable|70\/100 brn\n|-boost|p2a: Skeledirge|spa|1\n|move|p1a: Clefable|Moonblast|p2a: Skeledirge\n|-resisted|p2a: Skeledirge\n|-damage|p2a: Skeledirge|79\/100\n|-unboost|p2a: Skeledirge|spa|1\n|\n|-heal|p2a: Skeledirge|85\/100|[from] item: Leftovers\n|upkeep\n|turn|6\n|\n|t:|1698447840\n|move|p2a: Skeledirge|Torch Song|p1a: Clefable\n|-crit|p1a: Clefable\n|-damage|p1a: Clefable|27\/100 brn\n|-boost|p2a: Skeledirge|spa|1\n|move|p1a: Clefable|Moonblast|p2a: Skeledirge\n|-resisted|p2a: Skeledirge\n|-damage|p2a: Skeledirge|60\/100\n|\n|-heal|p2a: Skeledirge|67\/100|[from] item: Leftovers\n|upkeep\n|turn|7\n|\n|t:|1698447845\n|move|p2a: Skeledirge|Slack Off|p2a: Skeledirge\n|-heal|p2a: Skeledirge|100\/100\n|move|p1a: Clefable|Moonblast|p2a: Skeledirge\n|-resisted|p2a: Skeledirge\n|-damage|p2a: Skeledirge|77\/100\n|\n|-heal|p2a: Skeledirge|83\/100|[from] item: Leftovers\n|upkeep\n|turn|8\n|\n|t:|1698447849\n|move|p2a: Skeledirge|Torch Song|p1a: Clefable\n|-damage|p1a: Clefable|0 fnt\n|-boost|p2a: Skeledirge|spa|1\n|faint|p1a: Clefable\n|\n|-heal|p2a: Skeledirge|89\/100|[from] item: Leftovers\n|upkeep\n|\n|t:|1698447853\n|switch|p1a: Kleavor|Kleavor, F|100\/100\n|turn|9\n|\n|t:|1698447858\n|switch|p2a: Garganacl|Garganacl, F, shiny|100\/100\n|move|p1a: Kleavor|Night Slash|p2a: Garganacl\n|-damage|p2a: Garganacl|83\/100\n|\n|-heal|p2a: Garganacl|89\/100|[from] item: Leftovers\n|upkeep\n|turn|10\n|-message|NoHopeNoJoy forfeited.\n|\n|win|godnotagain3\n|raw|NoHopeNoJoy's rating: 1106 &rarr; <strong>1085<\/strong><br \/>(-21 for losing)\n|raw|godnotagain3's rating: 1159 &rarr; <strong>1180<\/strong><br \/>(+21 for winning)\n|l|\u2606NoHopeNoJoy\n","uploadtime":1698447868,"views":13,"p1id":"nohopenojoy","p2id":"godnotagain3","formatid":"gen9anythinggoes","rating":1085,"private":0,"password":""}