{"id":"gen9anythinggoes-1972854035","p1":"person613","p2":"Dumbfudge","format":"[Gen 9] Anything Goes","log":"|j|\u2606person613\n|j|\u2606Dumbfudge\n|t:|1697902451\n|gametype|singles\n|player|p1|person613|266|1233\n|player|p2|Dumbfudge|blackbelt-gen4dp|1315\n|teamsize|p1|6\n|teamsize|p2|6\n|gen|9\n|tier|[Gen 9] Anything Goes\n|rated|\n|rule|HP Percentage Mod: HP is shown in percentages\n|rule|Endless Battle Clause: Forcing endless battles is banned\n|clearpoke\n|poke|p1|Breloom, M|\n|poke|p1|Dondozo, M|\n|poke|p1|Dragapult, F|\n|poke|p1|Calyrex-Shadow|\n|poke|p1|Zacian-*|\n|poke|p1|Zapdos|\n|poke|p2|Espathra, M|\n|poke|p2|Darkrai|\n|poke|p2|Breloom, M|\n|poke|p2|Tyranitar, M|\n|poke|p2|Calyrex-Shadow|\n|poke|p2|Grimmsnarl, M|\n|teampreview\n|\n|t:|1697902462\n|start\n|switch|p1a: Dragapult|Dragapult, F|100\/100\n|switch|p2a: Darkrai|Darkrai|100\/100\n|turn|1\n|inactive|Battle timer is ON: inactive players will automatically lose when time's up. (requested by Dumbfudge)\n|\n|t:|1697902471\n|-terastallize|p1a: Dragapult|Dragon\n|move|p1a: Dragapult|Dragon Dance|p1a: Dragapult\n|-boost|p1a: Dragapult|atk|1\n|-boost|p1a: Dragapult|spe|1\n|move|p2a: Darkrai|Hypnosis|p1a: Dragapult|[miss]\n|-miss|p2a: Darkrai|p1a: Dragapult\n|\n|upkeep\n|turn|2\n|\n|t:|1697902480\n|move|p1a: Dragapult|Dragon Dance|p1a: Dragapult\n|-boost|p1a: Dragapult|atk|1\n|-boost|p1a: Dragapult|spe|1\n|move|p2a: Darkrai|Hex|p1a: Dragapult\n|-damage|p1a: Dragapult|74\/100\n|\n|-heal|p1a: Dragapult|80\/100|[from] item: Leftovers\n|upkeep\n|turn|3\n|\n|t:|1697902492\n|move|p1a: Dragapult|Psychic Fangs|p2a: Darkrai\n|-immune|p2a: Darkrai\n|move|p2a: Darkrai|Hypnosis|p1a: Dragapult\n|-status|p1a: Dragapult|slp|[from] move: Hypnosis\n|\n|-heal|p1a: Dragapult|86\/100 slp|[from] item: Leftovers\n|-damage|p1a: Dragapult|74\/100 slp|[from] ability: Bad Dreams|[of] p2a: Darkrai\n|upkeep\n|turn|4\n|\n|t:|1697902505\n|cant|p1a: Dragapult|slp\n|move|p2a: Darkrai|Haze|p2a: Darkrai\n|-clearallboost\n|\n|-heal|p1a: Dragapult|80\/100 slp|[from] item: Leftovers\n|-damage|p1a: Dragapult|67\/100 slp|[from] ability: Bad Dreams|[of] p2a: Darkrai\n|upkeep\n|turn|5\n|\n|t:|1697902515\n|move|p2a: Darkrai|Dark Pulse|p1a: Dragapult\n|-damage|p1a: Dragapult|17\/100 slp\n|cant|p1a: Dragapult|slp\n|\n|-heal|p1a: Dragapult|23\/100 slp|[from] item: Leftovers\n|-damage|p1a: Dragapult|11\/100 slp|[from] ability: Bad Dreams|[of] p2a: Darkrai\n|upkeep\n|turn|6\n|\n|t:|1697902527\n|switch|p1a: Zacian|Zacian-Crowned, shiny|100\/100\n|-ability|p1a: Zacian|Intrepid Sword|boost\n|-boost|p1a: Zacian|atk|1\n|move|p2a: Darkrai|Dark Pulse|p1a: Zacian\n|-resisted|p1a: Zacian\n|-damage|p1a: Zacian|85\/100\n|\n|upkeep\n|turn|7\n|\n|t:|1697902538\n|move|p2a: Darkrai|Hypnosis|p1a: Zacian|[miss]\n|-miss|p2a: Darkrai|p1a: Zacian\n|move|p1a: Zacian|Close Combat|p2a: Darkrai\n|-supereffective|p2a: Darkrai\n|-damage|p2a: Darkrai|0 fnt\n|-unboost|p1a: Zacian|def|1\n|-unboost|p1a: Zacian|spd|1\n|faint|p2a: Darkrai\n|\n|upkeep\n|\n|t:|1697902548\n|switch|p2a: Grimmsnarl|Grimmsnarl, M|100\/100\n|turn|8\n|\n|t:|1697902556\n|move|p2a: Grimmsnarl|Reflect|p2a: Grimmsnarl\n|-sidestart|p2: Dumbfudge|Reflect\n|move|p1a: Zacian|Behemoth Blade|p2a: Grimmsnarl\n|-supereffective|p2a: Grimmsnarl\n|-damage|p2a: Grimmsnarl|16\/100\n|-damage|p1a: Zacian|68\/100|[from] item: Rocky Helmet|[of] p2a: Grimmsnarl\n|\n|upkeep\n|turn|9\n|\n|t:|1697902565\n|move|p2a: Grimmsnarl|Sucker Punch|p1a: Zacian\n|-resisted|p1a: Zacian\n|-damage|p1a: Zacian|49\/100\n|move|p1a: Zacian|Behemoth Blade|p2a: Grimmsnarl\n|-supereffective|p2a: Grimmsnarl\n|-damage|p2a: Grimmsnarl|0 fnt\n|-damage|p1a: Zacian|32\/100|[from] item: Rocky Helmet|[of] p2a: Grimmsnarl\n|faint|p2a: Grimmsnarl\n|\n|upkeep\n|\n|t:|1697902574\n|switch|p2a: Calyrex|Calyrex-Shadow|100\/100\n|-ability|p2a: Calyrex|As One\n|-ability|p2a: Calyrex|Unnerve\n|turn|10\n|inactive|person613 has 120 seconds left.\n|\n|t:|1697902608\n|move|p2a: Calyrex|Astral Barrage|p1a: Zacian\n|-damage|p1a: Zacian|0 fnt\n|faint|p1a: Zacian\n|-ability|p2a: Calyrex|Grim Neigh|boost\n|-boost|p2a: Calyrex|spa|1\n|\n|upkeep\n|inactive|person613 has 120 seconds left.\n|\n|t:|1697902623\n|switch|p1a: Zapdos|Zapdos|100\/100\n|turn|11\n|\n|t:|1697902627\n|move|p2a: Calyrex|Astral Barrage|p1a: Zapdos\n|-damage|p1a: Zapdos|0 fnt\n|faint|p1a: Zapdos\n|-ability|p2a: Calyrex|Grim Neigh|boost\n|-boost|p2a: Calyrex|spa|1\n|\n|upkeep\n|\n|t:|1697902634\n|switch|p1a: Calyrex|Calyrex-Shadow|100\/100\n|-ability|p1a: Calyrex|As One\n|-ability|p1a: Calyrex|Unnerve\n|turn|12\n|\n|t:|1697902641\n|switch|p2a: Tyranitar|Tyranitar, M|100\/100\n|-weather|Sandstorm|[from] ability: Sand Stream|[of] p2a: Tyranitar\n|move|p1a: Calyrex|Astral Barrage|p2a: Tyranitar\n|-resisted|p2a: Tyranitar\n|-damage|p2a: Tyranitar|82\/100\n|\n|-weather|Sandstorm|[upkeep]\n|-damage|p1a: Calyrex|94\/100|[from] Sandstorm\n|-sideend|p2: Dumbfudge|Reflect\n|upkeep\n|turn|13\n|inactive|person613 has 120 seconds left.\n|\n|t:|1697902674\n|move|p1a: Calyrex|Calm Mind|p1a: Calyrex\n|-boost|p1a: Calyrex|spa|1\n|-boost|p1a: Calyrex|spd|1\n|move|p2a: Tyranitar|Stone Edge|p1a: Calyrex\n|-crit|p1a: Calyrex\n|-damage|p1a: Calyrex|26\/100\n|\n|-weather|Sandstorm|[upkeep]\n|-damage|p1a: Calyrex|20\/100|[from] Sandstorm\n|upkeep\n|turn|14\n|\n|t:|1697902684\n|move|p1a: Calyrex|Baton Pass|p1a: Calyrex\n|\n|t:|1697902689\n|switch|p1a: Dondozo|Dondozo, M|100\/100|[from] Baton Pass\n|move|p2a: Tyranitar|Earthquake|p1a: Dondozo\n|-damage|p1a: Dondozo|87\/100\n|\n|-weather|Sandstorm|[upkeep]\n|-damage|p1a: Dondozo|81\/100|[from] Sandstorm\n|-heal|p1a: Dondozo|87\/100|[from] item: Leftovers\n|upkeep\n|turn|15\n|inactive|person613 has 120 seconds left.\n|\n|t:|1697902708\n|move|p2a: Tyranitar|Stone Edge|p1a: Dondozo\n|-damage|p1a: Dondozo|64\/100\n|move|p1a: Dondozo|Curse|p1a: Dondozo\n|-unboost|p1a: Dondozo|spe|1\n|-boost|p1a: Dondozo|atk|1\n|-boost|p1a: Dondozo|def|1\n|\n|-weather|Sandstorm|[upkeep]\n|-damage|p1a: Dondozo|58\/100|[from] Sandstorm\n|-heal|p1a: Dondozo|64\/100|[from] item: Leftovers\n|upkeep\n|turn|16\n|\n|t:|1697902723\n|move|p2a: Tyranitar|Stone Edge|p1a: Dondozo\n|-crit|p1a: Dondozo\n|-damage|p1a: Dondozo|31\/100\n|move|p1a: Dondozo|Curse|p1a: Dondozo\n|-unboost|p1a: Dondozo|spe|1\n|-boost|p1a: Dondozo|atk|1\n|-boost|p1a: Dondozo|def|1\n|\n|-weather|none\n|-heal|p1a: Dondozo|37\/100|[from] item: Leftovers\n|upkeep\n|turn|17\n|\n|t:|1697902733\n|move|p2a: Tyranitar|Stone Edge|p1a: Dondozo|[miss]\n|-miss|p2a: Tyranitar|p1a: Dondozo\n|move|p1a: Dondozo|Rest|p1a: Dondozo\n|-status|p1a: Dondozo|slp|[from] move: Rest\n|-heal|p1a: Dondozo|100\/100 slp|[silent]\n|\n|upkeep\n|turn|18\n|\n|t:|1697902741\n|switch|p2a: Espathra|Espathra, M|100\/100\n|cant|p1a: Dondozo|slp\n|move|p1a: Dondozo|Sleep Talk|p1a: Dondozo\n|move|p1a: Dondozo|Curse|p1a: Dondozo|[from]move: Sleep Talk\n|-unboost|p1a: Dondozo|spe|1\n|-boost|p1a: Dondozo|atk|1\n|-boost|p1a: Dondozo|def|1\n|\n|upkeep\n|turn|19\n|-activate|p2a: Espathra|item: Quick Claw\n|\n|t:|1697902751\n|move|p2a: Espathra|Substitute|p2a: Espathra\n|-start|p2a: Espathra|Substitute\n|-damage|p2a: Espathra|76\/100\n|cant|p1a: Dondozo|slp\n|move|p1a: Dondozo|Sleep Talk|p1a: Dondozo\n|move|p1a: Dondozo|Avalanche|p2a: Espathra|[from]move: Sleep Talk\n|-end|p2a: Espathra|Substitute\n|\n|-ability|p2a: Espathra|Speed Boost|boost\n|-boost|p2a: Espathra|spe|1\n|upkeep\n|turn|20\n|-activate|p2a: Espathra|item: Quick Claw\n|\n|t:|1697902765\n|move|p2a: Espathra|Substitute|p2a: Espathra\n|-start|p2a: Espathra|Substitute\n|-damage|p2a: Espathra|51\/100\n|-curestatus|p1a: Dondozo|slp|[msg]\n|move|p1a: Dondozo|Curse|p1a: Dondozo\n|-unboost|p1a: Dondozo|spe|1\n|-boost|p1a: Dondozo|atk|1\n|-boost|p1a: Dondozo|def|1\n|\n|-ability|p2a: Espathra|Speed Boost|boost\n|-boost|p2a: Espathra|spe|1\n|upkeep\n|turn|21\n|\n|t:|1697902777\n|move|p2a: Espathra|Baton Pass|p2a: Espathra\n|\n|t:|1697902778\n|switch|p2a: Breloom|Breloom, M|100\/100|[from] Baton Pass\n|move|p1a: Dondozo|Avalanche|p2a: Breloom\n|-supereffective|p2a: Breloom\n|-end|p2a: Breloom|Substitute\n|\n|upkeep\n|turn|22\n|\n|t:|1697902786\n|move|p2a: Breloom|Spore|p1a: Dondozo\n|-status|p1a: Dondozo|slp|[from] move: Spore\n|cant|p1a: Dondozo|slp\n|\n|upkeep\n|turn|23\n|\n|t:|1697902793\n|move|p2a: Breloom|Substitute|p2a: Breloom\n|-start|p2a: Breloom|Substitute\n|-damage|p2a: Breloom|75\/100\n|cant|p1a: Dondozo|slp\n|move|p1a: Dondozo|Sleep Talk|p1a: Dondozo\n|move|p1a: Dondozo|Rest||[from]move: Sleep Talk|[still]\n|-fail|p1a: Dondozo\n|\n|upkeep\n|turn|24\n|\n|t:|1697902802\n|move|p2a: Breloom|Leech Seed|p1a: Dondozo\n|-start|p1a: Dondozo|move: Leech Seed\n|-curestatus|p1a: Dondozo|slp|[msg]\n|move|p1a: Dondozo|Sleep Talk||[still]\n|-fail|p1a: Dondozo\n|\n|-damage|p1a: Dondozo|88\/100|[from] Leech Seed|[of] p2a: Breloom\n|-heal|p2a: Breloom|95\/100|[silent]\n|upkeep\n|turn|25\n|\n|t:|1697902811\n|move|p2a: Breloom|Spore|p1a: Dondozo\n|-status|p1a: Dondozo|slp|[from] move: Spore\n|cant|p1a: Dondozo|slp\n|\n|-heal|p1a: Dondozo|94\/100 slp|[from] item: Leftovers\n|-damage|p1a: Dondozo|82\/100 slp|[from] Leech Seed|[of] p2a: Breloom\n|-heal|p2a: Breloom|100\/100|[silent]\n|upkeep\n|turn|26\n|\n|t:|1697902820\n|-singleturn|p2a: Breloom|move: Focus Punch\n|-curestatus|p1a: Dondozo|slp|[msg]\n|move|p1a: Dondozo|Sleep Talk||[still]\n|-fail|p1a: Dondozo\n|move|p2a: Breloom|Focus Punch|p1a: Dondozo\n|-damage|p1a: Dondozo|73\/100\n|\n|-heal|p1a: Dondozo|79\/100|[from] item: Leftovers\n|-damage|p1a: Dondozo|66\/100|[from] Leech Seed|[of] p2a: Breloom\n|upkeep\n|turn|27\n|\n|t:|1697902833\n|move|p2a: Breloom|Spore|p1a: Dondozo\n|-status|p1a: Dondozo|slp|[from] move: Spore\n|cant|p1a: Dondozo|slp\n|move|p1a: Dondozo|Sleep Talk|p1a: Dondozo\n|move|p1a: Dondozo|Curse|p1a: Dondozo|[from]move: Sleep Talk\n|-unboost|p1a: Dondozo|spe|1\n|-boost|p1a: Dondozo|atk|1\n|-boost|p1a: Dondozo|def|1\n|\n|-heal|p1a: Dondozo|73\/100 slp|[from] item: Leftovers\n|-damage|p1a: Dondozo|60\/100 slp|[from] Leech Seed|[of] p2a: Breloom\n|upkeep\n|turn|28\n|\n|t:|1697902849\n|-singleturn|p2a: Breloom|move: Focus Punch\n|cant|p1a: Dondozo|slp\n|move|p1a: Dondozo|Sleep Talk|p1a: Dondozo\n|move|p1a: Dondozo|Avalanche|p2a: Breloom|[from]move: Sleep Talk\n|-supereffective|p2a: Breloom\n|-end|p2a: Breloom|Substitute\n|move|p2a: Breloom|Focus Punch|p1a: Dondozo\n|-crit|p1a: Dondozo\n|-damage|p1a: Dondozo|14\/100 slp\n|\n|-heal|p1a: Dondozo|20\/100 slp|[from] item: Leftovers\n|-damage|p1a: Dondozo|8\/100 slp|[from] Leech Seed|[of] p2a: Breloom\n|upkeep\n|turn|29\n|\n|t:|1697902868\n|move|p2a: Breloom|Substitute|p2a: Breloom\n|-start|p2a: Breloom|Substitute\n|-damage|p2a: Breloom|75\/100\n|-curestatus|p1a: Dondozo|slp|[msg]\n|move|p1a: Dondozo|Avalanche|p2a: Breloom\n|-supereffective|p2a: Breloom\n|-end|p2a: Breloom|Substitute\n|\n|-heal|p1a: Dondozo|14\/100|[from] item: Leftovers\n|-damage|p1a: Dondozo|1\/100|[from] Leech Seed|[of] p2a: Breloom\n|-heal|p2a: Breloom|95\/100|[silent]\n|upkeep\n|turn|30\n|\n|t:|1697902879\n|move|p2a: Breloom|Spore|p1a: Dondozo\n|-status|p1a: Dondozo|slp|[from] move: Spore\n|cant|p1a: Dondozo|slp\n|\n|-heal|p1a: Dondozo|8\/100 slp|[from] item: Leftovers\n|-damage|p1a: Dondozo|0 fnt|[from] Leech Seed|[of] p2a: Breloom\n|-heal|p2a: Breloom|100\/100|[silent]\n|faint|p1a: Dondozo\n|upkeep\n|\n|t:|1697902891\n|switch|p1a: Calyrex|Calyrex-Shadow|20\/100\n|-ability|p1a: Calyrex|As One\n|-ability|p1a: Calyrex|Unnerve\n|turn|31\n|\n|t:|1697902897\n|move|p2a: Breloom|Spore|p1a: Calyrex\n|-status|p1a: Calyrex|slp|[from] move: Spore\n|cant|p1a: Calyrex|slp\n|\n|upkeep\n|turn|32\n|\n|t:|1697902904\n|move|p2a: Breloom|Substitute|p2a: Breloom\n|-start|p2a: Breloom|Substitute\n|-damage|p2a: Breloom|75\/100\n|-curestatus|p1a: Calyrex|slp|[msg]\n|move|p1a: Calyrex|Astral Barrage|p2a: Breloom\n|-end|p2a: Breloom|Substitute\n|\n|upkeep\n|turn|33\n|\n|t:|1697902913\n|move|p2a: Breloom|Spore|p1a: Calyrex\n|-status|p1a: Calyrex|slp|[from] move: Spore\n|cant|p1a: Calyrex|slp\n|\n|upkeep\n|turn|34\n|\n|t:|1697902920\n|move|p2a: Breloom|Substitute|p2a: Breloom\n|-start|p2a: Breloom|Substitute\n|-damage|p2a: Breloom|50\/100\n|cant|p1a: Calyrex|slp\n|\n|upkeep\n|turn|35\n|\n|t:|1697902926\n|move|p2a: Breloom|Leech Seed|p1a: Calyrex\n|-start|p1a: Calyrex|move: Leech Seed\n|cant|p1a: Calyrex|slp\n|\n|-damage|p1a: Calyrex|7\/100 slp|[from] Leech Seed|[of] p2a: Breloom\n|-heal|p2a: Breloom|66\/100|[silent]\n|upkeep\n|turn|36\n|\n|t:|1697902933\n|-singleturn|p2a: Breloom|move: Focus Punch\n|-curestatus|p1a: Calyrex|slp|[msg]\n|move|p1a: Calyrex|Calm Mind|p1a: Calyrex\n|-boost|p1a: Calyrex|spa|1\n|-boost|p1a: Calyrex|spd|1\n|move|p2a: Breloom|Focus Punch|p1a: Calyrex\n|-immune|p1a: Calyrex\n|\n|-damage|p1a: Calyrex|0 fnt|[from] Leech Seed|[of] p2a: Breloom\n|-heal|p2a: Breloom|75\/100|[silent]\n|faint|p1a: Calyrex\n|upkeep\n|\n|t:|1697902944\n|switch|p1a: Breloom|Breloom, M, shiny|100\/100\n|turn|37\n|\n|t:|1697902954\n|-terastallize|p2a: Breloom|Grass\n|-singleturn|p2a: Breloom|move: Focus Punch\n|move|p1a: Breloom|Substitute|p1a: Breloom\n|-start|p1a: Breloom|Substitute\n|-damage|p1a: Breloom|75\/100\n|move|p2a: Breloom|Focus Punch|p1a: Breloom\n|-end|p1a: Breloom|Substitute\n|\n|-status|p1a: Breloom|tox|[from] item: Toxic Orb\n|upkeep\n|turn|38\n|\n|t:|1697902968\n|-singleturn|p2a: Breloom|move: Focus Punch\n|move|p1a: Breloom|Spore|p2a: Breloom\n|-immune|p2a: Breloom\n|move|p2a: Breloom|Focus Punch|p1a: Breloom\n|-damage|p1a: Breloom|4\/100 tox\n|\n|-heal|p1a: Breloom|16\/100 tox|[from] ability: Poison Heal\n|upkeep\n|turn|39\n|\n|t:|1697902980\n|-singleturn|p2a: Breloom|move: Focus Punch\n|move|p1a: Breloom|Mach Punch|p2a: Breloom\n|-activate|p2a: Breloom|move: Substitute|[damage]\n|move|p2a: Breloom|Focus Punch|p1a: Breloom\n|-damage|p1a: Breloom|0 fnt\n|faint|p1a: Breloom\n|\n|upkeep\n|\n|t:|1697902988\n|switch|p1a: Dragapult|Dragapult, F, tera:Dragon|11\/100 slp\n|turn|40\n|\n|t:|1697902992\n|-singleturn|p2a: Breloom|move: Focus Punch\n|cant|p1a: Dragapult|slp\n|move|p2a: Breloom|Focus Punch|p1a: Dragapult\n|-crit|p1a: Dragapult\n|-damage|p1a: Dragapult|0 fnt\n|faint|p1a: Dragapult\n|\n|win|Dumbfudge\n|raw|person613's rating: 1233 &rarr; <strong>1214<\/strong><br \/>(-19 for losing)\n|raw|Dumbfudge's rating: 1315 &rarr; <strong>1330<\/strong><br \/>(+15 for winning)\n|l|\u2606person613\n","uploadtime":1697903005,"views":5,"p1id":"person613","p2id":"dumbfudge","formatid":"gen9anythinggoes","rating":1214,"private":0,"password":""}