{"id":"gen9anythinggoes-1989291359","p1":"alexwave55","p2":"TheLocalOnion","format":"[Gen 9] Anything Goes","log":"|j|\u2606alexwave55\n|j|\u2606TheLocalOnion\n|t:|1699832607\n|gametype|singles\n|player|p1|alexwave55|doubleteam|\n|player|p2|TheLocalOnion|265|\n|teamsize|p1|6\n|teamsize|p2|6\n|gen|9\n|tier|[Gen 9] Anything Goes\n|rule|HP Percentage Mod: HP is shown in percentages\n|rule|Endless Battle Clause: Forcing endless battles is banned\n|clearpoke\n|poke|p1|Palafin, M|\n|poke|p1|Skeledirge, F|\n|poke|p1|Iron Treads|\n|poke|p1|Mandibuzz, F|\n|poke|p1|Florges-White, F|\n|poke|p1|Ursaring, F|\n|poke|p2|Chesnaught, M|\n|poke|p2|Moltres|\n|poke|p2|Gengar, F|\n|poke|p2|Golem-Alola, F|\n|poke|p2|Hydreigon, M|\n|poke|p2|Brute Bonnet|\n|teampreview\n|j| dancingnightmare\n|\n|t:|1699832631\n|start\n|switch|p1a: Wave Jr.|Palafin, M|100\/100\n|switch|p2a: S.W.A.T.|Golem-Alola, F, shiny|100\/100\n|turn|1\n|\n|t:|1699832660\n|detailschange|p1a: Wave Jr.|Palafin-Hero, M\n|switch|p1a: Queen|Skeledirge, F|100\/100\n|move|p2a: S.W.A.T.|Explosion|p1a: Queen\n|-damage|p1a: Queen|0 fnt\n|faint|p2a: S.W.A.T.\n|faint|p1a: Queen\n|\n|upkeep\n|j| FLOOR IT\n|\n|t:|1699832684\n|switch|p1a: Ursaring|Ursaring, F|100\/100\n|switch|p2a: Aaron Burr|Chesnaught, M|100\/100\n|turn|2\n|\n|t:|1699832701\n|switch|p1a: Babalu|Mandibuzz, F|100\/100\n|move|p2a: Aaron Burr|Hammer Arm|p1a: Babalu\n|-damage|p1a: Babalu|72\/100\n|-unboost|p2a: Aaron Burr|spe|1\n|-damage|p2a: Aaron Burr|84\/100|[from] item: Rocky Helmet|[of] p1a: Babalu\n|\n|upkeep\n|turn|3\n|\n|t:|1699832715\n|-terastallize|p2a: Aaron Burr|Electric\n|move|p1a: Babalu|U-turn|p2a: Aaron Burr\n|-damage|p2a: Aaron Burr|76\/100\n|\n|t:|1699832719\n|switch|p1a: Franky|Iron Treads|100\/100|[from] U-turn\n|move|p2a: Aaron Burr|Thunder Punch|p1a: Franky\n|-immune|p1a: Franky\n|\n|upkeep\n|turn|4\n|\n|t:|1699832729\n|move|p1a: Franky|Earthquake|p2a: Aaron Burr\n|-supereffective|p2a: Aaron Burr\n|-damage|p2a: Aaron Burr|0 fnt\n|faint|p2a: Aaron Burr\n|\n|upkeep\n|\n|t:|1699832754\n|switch|p2a: Shroombert|Brute Bonnet|100\/100\n|-enditem|p2a: Shroombert|Booster Energy\n|-activate|p2a: Shroombert|ability: Protosynthesis|[fromitem]\n|-start|p2a: Shroombert|protosynthesisatk\n|turn|5\n|\n|t:|1699832768\n|move|p1a: Franky|Ice Spinner|p2a: Shroombert\n|-supereffective|p2a: Shroombert\n|-damage|p2a: Shroombert|56\/100\n|move|p2a: Shroombert|Outrage|p1a: Franky\n|-resisted|p1a: Franky\n|-damage|p1a: Franky|74\/100\n|\n|upkeep\n|turn|6\n|\n|t:|1699832780\n|move|p1a: Franky|Ice Spinner|p2a: Shroombert\n|-supereffective|p2a: Shroombert\n|-damage|p2a: Shroombert|9\/100\n|move|p2a: Shroombert|Outrage|p1a: Franky|[from]lockedmove\n|-resisted|p1a: Franky\n|-damage|p1a: Franky|50\/100\n|-start|p2a: Shroombert|confusion|[fatigue]\n|\n|upkeep\n|turn|7\n|\n|t:|1699832808\n|move|p1a: Franky|Rapid Spin|p2a: Shroombert\n|-damage|p2a: Shroombert|0 fnt\n|-boost|p1a: Franky|spe|1\n|faint|p2a: Shroombert\n|-end|p2a: Shroombert|Protosynthesis|[silent]\n|\n|upkeep\n|\n|t:|1699832837\n|switch|p2a: Fawkes|Moltres|100\/100\n|turn|8\n|\n|t:|1699832849\n|-end|p1a: Franky|Quark Drive|[silent]\n|switch|p1a: Ursaring|Ursaring, F|100\/100\n|move|p2a: Fawkes|Hurricane|p1a: Ursaring\n|-damage|p1a: Ursaring|24\/100\n|-start|p1a: Ursaring|confusion\n|\n|-status|p1a: Ursaring|tox|[from] item: Toxic Orb\n|upkeep\n|turn|9\n|\n|t:|1699832863\n|-activate|p1a: Ursaring|confusion\n|move|p1a: Ursaring|Facade|p2a: Fawkes\n|-damage|p2a: Fawkes|0 fnt\n|faint|p2a: Fawkes\n|\n|-damage|p1a: Ursaring|18\/100 tox|[from] psn\n|upkeep\n|\n|t:|1699832895\n|switch|p2a: Abominus|Hydreigon, M|100\/100\n|turn|10\n|\n|t:|1699832903\n|move|p2a: Abominus|Dark Pulse|p1a: Ursaring\n|-damage|p1a: Ursaring|0 fnt\n|faint|p1a: Ursaring\n|\n|upkeep\n|\n|t:|1699832910\n|switch|p1a: Wave Jr.|Palafin-Hero, M|100\/100\n|-activate|p1a: Wave Jr.|ability: Zero to Hero\n|turn|11\n|\n|t:|1699832931\n|move|p1a: Wave Jr.|Close Combat|p2a: Abominus\n|-supereffective|p2a: Abominus\n|-damage|p2a: Abominus|0 fnt\n|-unboost|p1a: Wave Jr.|def|1\n|-unboost|p1a: Wave Jr.|spd|1\n|-enditem|p1a: Wave Jr.|White Herb\n|-clearnegativeboost|p1a: Wave Jr.|[silent]\n|faint|p2a: Abominus\n|\n|upkeep\n|\n|t:|1699832942\n|switch|p2a: Abyss|Gengar, F|100\/100\n|turn|12\n|\n|t:|1699832954\n|move|p2a: Abyss|Thunder|p1a: Wave Jr.\n|-supereffective|p1a: Wave Jr.\n|-damage|p1a: Wave Jr.|21\/100\n|move|p1a: Wave Jr.|Acrobatics|p2a: Abyss\n|-damage|p2a: Abyss|19\/100\n|\n|-heal|p2a: Abyss|25\/100|[from] item: Black Sludge\n|upkeep\n|turn|13\n|\n|t:|1699832970\n|move|p1a: Wave Jr.|Jet Punch|p2a: Abyss\n|-damage|p2a: Abyss|0 fnt\n|-start|p1a: Wave Jr.|Disable|Jet Punch|[from] ability: Cursed Body|[of] p2a: Abyss\n|faint|p2a: Abyss\n|\n|win|alexwave55\n|c|\u2606alexwave55|ggs\n|c|\u2606alexwave55|explosion caught me off guard completely\n","uploadtime":1699833011,"views":21,"p1id":"alexwave55","p2id":"thelocalonion","formatid":"gen9anythinggoes","rating":0,"private":0,"password":""}