{"id":"gen9anythinggoes-1975519714","p1":"Great help to","p2":"dddedezss","format":"[Gen 9] Anything Goes","log":"|j|\u2606Great help to\n|j|\u2606dddedezss\n|t:|1698200154\n|gametype|singles\n|player|p1|Great help to|backpacker|1102\n|player|p2|dddedezss|volkner|1208\n|teamsize|p1|6\n|teamsize|p2|6\n|gen|9\n|tier|[Gen 9] Anything Goes\n|rated|\n|rule|HP Percentage Mod: HP is shown in percentages\n|rule|Endless Battle Clause: Forcing endless battles is banned\n|clearpoke\n|poke|p1|Orthworm, F|\n|poke|p1|Clodsire, M|\n|poke|p1|Glimmora, M|\n|poke|p1|Garganacl, F|\n|poke|p1|Kingambit, F|\n|poke|p1|Ceruledge, F|\n|poke|p2|Toxapex, F|\n|poke|p2|Meowscarada, M|\n|poke|p2|Rayquaza|\n|poke|p2|Garganacl, F|\n|poke|p2|Mimikyu, M|\n|poke|p2|Corviknight, F|\n|teampreview\n|\n|t:|1698200160\n|start\n|switch|p1a: Garganacl|Garganacl, F, shiny|100\/100\n|switch|p2a: Toxapex|Toxapex, F|100\/100\n|turn|1\n|\n|t:|1698200170\n|-terastallize|p1a: Garganacl|Flying\n|move|p2a: Toxapex|Toxic|p1a: Garganacl\n|-immune|p1a: Garganacl|[from] ability: Purifying Salt\n|move|p1a: Garganacl|Salt Cure|p2a: Toxapex\n|-damage|p2a: Toxapex|89\/100\n|-start|p2a: Toxapex|Salt Cure\n|\n|-heal|p2a: Toxapex|95\/100|[from] item: Leftovers\n|-damage|p2a: Toxapex|70\/100|[from] Salt Cure\n|upkeep\n|turn|2\n|inactive|Battle timer is ON: inactive players will automatically lose when time's up. (requested by Great help to)\n|\n|t:|1698200186\n|switch|p2a: Garganacl|Garganacl, F|100\/100\n|move|p1a: Garganacl|Iron Defense|p1a: Garganacl\n|-boost|p1a: Garganacl|def|2\n|\n|upkeep\n|turn|3\n|\n|t:|1698200194\n|move|p2a: Garganacl|Salt Cure|p1a: Garganacl\n|-supereffective|p1a: Garganacl\n|-damage|p1a: Garganacl|91\/100\n|move|p1a: Garganacl|Salt Cure|p2a: Garganacl\n|-damage|p2a: Garganacl|92\/100\n|-start|p2a: Garganacl|Salt Cure\n|\n|-heal|p2a: Garganacl|98\/100|[from] item: Leftovers\n|-damage|p2a: Garganacl|85\/100|[from] Salt Cure\n|upkeep\n|turn|4\n|\n|t:|1698200209\n|move|p2a: Garganacl|Salt Cure|p1a: Garganacl\n|-supereffective|p1a: Garganacl\n|-crit|p1a: Garganacl\n|-damage|p1a: Garganacl|67\/100\n|move|p1a: Garganacl|Iron Defense|p1a: Garganacl\n|-boost|p1a: Garganacl|def|2\n|\n|-heal|p2a: Garganacl|92\/100|[from] item: Leftovers\n|-damage|p2a: Garganacl|79\/100|[from] Salt Cure\n|upkeep\n|turn|5\n|\n|t:|1698200222\n|move|p2a: Garganacl|Body Press|p1a: Garganacl\n|-resisted|p1a: Garganacl\n|-damage|p1a: Garganacl|64\/100\n|move|p1a: Garganacl|Iron Defense|p1a: Garganacl\n|-boost|p1a: Garganacl|def|2\n|\n|-heal|p2a: Garganacl|85\/100|[from] item: Leftovers\n|-damage|p2a: Garganacl|73\/100|[from] Salt Cure\n|upkeep\n|turn|6\n|-message|dddedezss forfeited.\n|\n|win|Great help to\n|raw|Great help to's rating: 1102 &rarr; <strong>1134<\/strong><br \/>(+32 for winning)\n|raw|dddedezss's rating: 1208 &rarr; <strong>1176<\/strong><br \/>(-32 for losing)\n|l|\u2606dddedezss\n","uploadtime":1698200248,"views":7,"p1id":"greathelpto","p2id":"dddedezss","formatid":"gen9anythinggoes","rating":1134,"private":0,"password":""}