{"id":"gen9anythinggoes-1977611651","p1":"th5g5g5f4g","p2":"BDonutGLXY","format":"[Gen 9] Anything Goes","log":"|j|\u2606th5g5g5f4g\n|j|\u2606BDonutGLXY\n|t:|1698431750\n|gametype|singles\n|player|p1|th5g5g5f4g|102|1000\n|player|p2|BDonutGLXY|colress|1099\n|teamsize|p1|1\n|teamsize|p2|6\n|gen|9\n|tier|[Gen 9] Anything Goes\n|rated|\n|rule|HP Percentage Mod: HP is shown in percentages\n|rule|Endless Battle Clause: Forcing endless battles is banned\n|clearpoke\n|poke|p1|Jirachi|\n|poke|p2|Revavroom, F|\n|poke|p2|Dragapult, M|\n|poke|p2|Iron Valiant|\n|poke|p2|Tatsugiri-Droopy, F|\n|poke|p2|Skeledirge, F|\n|poke|p2|Dragonite, M|\n|teampreview\n|inactive|Battle timer is ON: inactive players will automatically lose when time's up. (requested by th5g5g5f4g)\n|c|\u2606BDonutGLXY|every time i see a team with just one pokemon i get filled with fear\n|\n|t:|1698431769\n|start\n|switch|p1a: Jirachi|Jirachi, shiny|100\/100\n|switch|p2a: FIREARMS|Dragapult, M|100\/100\n|turn|1\n|\n|t:|1698431777\n|-terastallize|p1a: Jirachi|Poison\n|move|p2a: FIREARMS|Thunder Wave|p1a: Jirachi\n|-status|p1a: Jirachi|par\n|move|p1a: Jirachi|Cosmic Power|p1a: Jirachi\n|-boost|p1a: Jirachi|def|1\n|-boost|p1a: Jirachi|spd|1\n|\n|upkeep\n|turn|2\n|\n|t:|1698431787\n|move|p2a: FIREARMS|Hex|p1a: Jirachi\n|-damage|p1a: Jirachi|75\/100 par\n|move|p1a: Jirachi|Doom Desire|p2a: FIREARMS\n|-start|p1a: Jirachi|Doom Desire\n|\n|-heal|p1a: Jirachi|81\/100 par|[from] item: Leftovers\n|upkeep\n|turn|3\n|c|\u2606BDonutGLXY|fym doom desire ive never heard of this onr\n|inactive|BDonutGLXY has 120 seconds left.\n|\n|t:|1698431818\n|move|p2a: FIREARMS|Dragon Darts|p1a: Jirachi\n|-damage|p1a: Jirachi|71\/100 par\n|-anim|p2a: FIREARMS|Dragon Darts|p1a: Jirachi\n|-damage|p1a: Jirachi|60\/100 par\n|move|p1a: Jirachi|Wish|p1a: Jirachi\n|\n|-heal|p1a: Jirachi|66\/100 par|[from] item: Leftovers\n|upkeep\n|turn|4\n|inactive|BDonutGLXY has 120 seconds left.\n|\n|t:|1698431829\n|-terastallize|p2a: FIREARMS|Ice\n|move|p2a: FIREARMS|Tera Blast|p1a: Jirachi|[anim] Tera Blast Ice\n|-damage|p1a: Jirachi|48\/100 par\n|move|p1a: Jirachi|Cosmic Power|p1a: Jirachi\n|-boost|p1a: Jirachi|def|1\n|-boost|p1a: Jirachi|spd|1\n|\n|-end|p2a: FIREARMS|move: Doom Desire\n|-supereffective|p2a: FIREARMS\n|-damage|p2a: FIREARMS|0 fnt\n|faint|p2a: FIREARMS\n|-heal|p1a: Jirachi|98\/100 par|[from] move: Wish|[wisher] Jirachi\n|-heal|p1a: Jirachi|100\/100 par|[from] item: Leftovers\n|upkeep\n|inactive|BDonutGLXY has 120 seconds left.\n|c|\u2606BDonutGLXY|i see\n|\n|t:|1698431855\n|switch|p2a: Frye|Skeledirge, F|100\/100\n|turn|5\n|\n|t:|1698431864\n|move|p2a: Frye|Torch Song|p1a: Jirachi\n|-damage|p1a: Jirachi|81\/100 par\n|-boost|p2a: Frye|spa|1\n|move|p1a: Jirachi|Doom Desire|p2a: Frye\n|-start|p1a: Jirachi|Doom Desire\n|\n|-heal|p1a: Jirachi|87\/100 par|[from] item: Leftovers\n|upkeep\n|turn|6\n|\n|t:|1698431874\n|move|p2a: Frye|Torch Song|p1a: Jirachi\n|-damage|p1a: Jirachi|61\/100 par\n|-boost|p2a: Frye|spa|1\n|cant|p1a: Jirachi|par\n|\n|-heal|p1a: Jirachi|68\/100 par|[from] item: Leftovers\n|upkeep\n|turn|7\n|inactive|BDonutGLXY has 120 seconds left.\n|\n|t:|1698431883\n|move|p2a: Frye|Earth Power|p1a: Jirachi\n|-supereffective|p1a: Jirachi\n|-damage|p1a: Jirachi|21\/100 par\n|-unboost|p1a: Jirachi|spd|1\n|move|p1a: Jirachi|Stored Power|p2a: Frye\n|-damage|p2a: Frye|53\/100\n|\n|-end|p2a: Frye|move: Doom Desire\n|-resisted|p2a: Frye\n|-damage|p2a: Frye|13\/100\n|-heal|p1a: Jirachi|27\/100 par|[from] item: Leftovers\n|upkeep\n|turn|8\n|inactive|BDonutGLXY has 120 seconds left.\n|c|\u2606BDonutGLXY|how did i survive that\n|\n|t:|1698431899\n|move|p2a: Frye|Earth Power|p1a: Jirachi\n|-supereffective|p1a: Jirachi\n|-damage|p1a: Jirachi|0 fnt\n|faint|p1a: Jirachi\n|\n|win|BDonutGLXY\n|raw|th5g5g5f4g's rating: 1000 &rarr; <strong>1000<\/strong><br \/>(+0 for losing)\n|raw|BDonutGLXY's rating: 1099 &rarr; <strong>1117<\/strong><br \/>(+18 for winning)\n|c|\u2606BDonutGLXY|ggs funny battle\n|l|\u2606th5g5g5f4g\n","uploadtime":1698432142,"views":13,"p1id":"th5g5g5f4g","p2id":"bdonutglxy","formatid":"gen9anythinggoes","rating":1000,"private":0,"password":""}