{"id":"gen9anythinggoes-1988745590","p1":"Monsieur Manny","p2":"Littleroot Losers","format":"[Gen 9] Anything Goes","log":"|j|\u2606Monsieur Manny\n|j|\u2606Littleroot Losers\n|t:|1699757766\n|gametype|singles\n|player|p1|Monsieur Manny|gentleman-gen8|\n|player|p2|Littleroot Losers|n|\n|teamsize|p1|6\n|teamsize|p2|6\n|gen|9\n|tier|[Gen 9] Anything Goes\n|rule|HP Percentage Mod: HP is shown in percentages\n|rule|Endless Battle Clause: Forcing endless battles is banned\n|clearpoke\n|poke|p1|Dondozo, M|\n|poke|p1|Pikachu, M|\n|poke|p1|Roaring Moon|\n|poke|p1|Flutter Mane|\n|poke|p1|Torkoal, F|\n|poke|p1|Maushold-Four|\n|poke|p2|Landorus, M|\n|poke|p2|Ting-Lu|\n|poke|p2|Tyranitar, M|\n|poke|p2|Hippowdon, M|\n|poke|p2|Forretress, F|\n|poke|p2|Bronzong|\n|teampreview\n|\n|t:|1699757788\n|start\n|switch|p1a: Torkussy|Torkoal, F|100\/100\n|switch|p2a: O---O|Bronzong|100\/100\n|-weather|SunnyDay|[from] ability: Drought|[of] p1a: Torkussy\n|turn|1\n|\n|t:|1699757795\n|move|p2a: O---O|Confuse Ray|p1a: Torkussy\n|-start|p1a: Torkussy|confusion\n|-activate|p1a: Torkussy|confusion\n|move|p1a: Torkussy|Stealth Rock|p2a: O---O\n|-sidestart|p2: Littleroot Losers|move: Stealth Rock\n|\n|-weather|SunnyDay|[upkeep]\n|upkeep\n|turn|2\n|\n|t:|1699757804\n|move|p2a: O---O|Earthquake|p1a: Torkussy\n|-supereffective|p1a: Torkussy\n|-damage|p1a: Torkussy|67\/100\n|-end|p1a: Torkussy|confusion\n|move|p1a: Torkussy|Yawn|p2a: O---O\n|-start|p2a: O---O|move: Yawn|[of] p1a: Torkussy\n|\n|-weather|SunnyDay|[upkeep]\n|upkeep\n|turn|3\n|j| 3llipses\n|j| Armoredhipster\n|j| PraiseThePuns\n|j| SuperbPineapple\n|j| Ace Trainer Erica\n|\n|t:|1699757842\n|switch|p2a: Moto Moto|Hippowdon, M|100\/100\n|-damage|p2a: Moto Moto|94\/100|[from] Stealth Rock\n|-weather|Sandstorm|[from] ability: Sand Stream|[of] p2a: Moto Moto\n|move|p1a: Torkussy|Lava Plume|p2a: Moto Moto\n|-damage|p2a: Moto Moto|69\/100\n|\n|-weather|Sandstorm|[upkeep]\n|-damage|p1a: Torkussy|61\/100|[from] Sandstorm\n|-heal|p2a: Moto Moto|75\/100|[from] item: Leftovers\n|upkeep\n|turn|4\n|\n|t:|1699757855\n|move|p2a: Moto Moto|Stealth Rock|p1a: Torkussy\n|-sidestart|p1: Monsieur Manny|move: Stealth Rock\n|move|p1a: Torkussy|Yawn|p2a: Moto Moto\n|-start|p2a: Moto Moto|move: Yawn|[of] p1a: Torkussy\n|\n|-weather|Sandstorm|[upkeep]\n|-damage|p1a: Torkussy|55\/100|[from] Sandstorm\n|-heal|p2a: Moto Moto|81\/100|[from] item: Leftovers\n|upkeep\n|turn|5\n|\n|t:|1699757878\n|move|p2a: Moto Moto|Slack Off|p2a: Moto Moto\n|-heal|p2a: Moto Moto|100\/100\n|move|p1a: Torkussy|Rapid Spin|p2a: Moto Moto\n|-damage|p2a: Moto Moto|95\/100\n|-boost|p1a: Torkussy|spe|1\n|-sideend|p1: Monsieur Manny|Stealth Rock|[from] move: Rapid Spin|[of] p1a: Torkussy\n|\n|-weather|Sandstorm|[upkeep]\n|-damage|p1a: Torkussy|48\/100|[from] Sandstorm\n|-heal|p2a: Moto Moto|100\/100|[from] item: Leftovers\n|-end|p2a: Moto Moto|move: Yawn|[silent]\n|-status|p2a: Moto Moto|slp\n|upkeep\n|turn|6\n|\n|t:|1699757896\n|switch|p1a: Flussy Mussy|Flutter Mane|100\/100\n|-enditem|p1a: Flussy Mussy|Booster Energy\n|-activate|p1a: Flussy Mussy|ability: Protosynthesis|[fromitem]\n|-start|p1a: Flussy Mussy|protosynthesisspe\n|cant|p2a: Moto Moto|slp\n|\n|-weather|Sandstorm|[upkeep]\n|-damage|p1a: Flussy Mussy|95\/100|[from] Sandstorm\n|upkeep\n|turn|7\n|\n|t:|1699757912\n|switch|p2a: O---O|Bronzong|100\/100\n|-damage|p2a: O---O|94\/100|[from] Stealth Rock\n|move|p1a: Flussy Mussy|Energy Ball|p2a: O---O\n|-resisted|p2a: O---O\n|-damage|p2a: O---O|79\/100\n|\n|-weather|none\n|-heal|p2a: O---O|86\/100|[from] item: Leftovers\n|upkeep\n|turn|8\n|\n|t:|1699757925\n|move|p1a: Flussy Mussy|Shadow Ball|p2a: O---O\n|-supereffective|p2a: O---O\n|-damage|p2a: O---O|3\/100\n|move|p2a: O---O|Confuse Ray|p1a: Flussy Mussy\n|-start|p1a: Flussy Mussy|confusion\n|\n|-heal|p2a: O---O|10\/100|[from] item: Leftovers\n|upkeep\n|turn|9\n|\n|t:|1699757940\n|-activate|p1a: Flussy Mussy|confusion\n|move|p1a: Flussy Mussy|Shadow Ball|p2a: O---O\n|-supereffective|p2a: O---O\n|-damage|p2a: O---O|0 fnt\n|faint|p2a: O---O\n|\n|upkeep\n|\n|t:|1699757950\n|switch|p2a: Moto Moto|Hippowdon, M|100\/100 slp\n|-damage|p2a: Moto Moto|94\/100 slp|[from] Stealth Rock\n|-weather|Sandstorm|[from] ability: Sand Stream|[of] p2a: Moto Moto\n|turn|10\n|\n|t:|1699757957\n|-activate|p1a: Flussy Mussy|confusion\n|move|p1a: Flussy Mussy|Energy Ball|p2a: Moto Moto\n|-supereffective|p2a: Moto Moto\n|-damage|p2a: Moto Moto|22\/100 slp\n|cant|p2a: Moto Moto|slp\n|\n|-weather|Sandstorm|[upkeep]\n|-damage|p1a: Flussy Mussy|89\/100|[from] Sandstorm\n|-heal|p2a: Moto Moto|29\/100 slp|[from] item: Leftovers\n|upkeep\n|turn|11\n|\n|t:|1699757967\n|-activate|p1a: Flussy Mussy|confusion\n|-damage|p1a: Flussy Mussy|80\/100|[from] confusion\n|-curestatus|p2a: Moto Moto|slp|[msg]\n|move|p2a: Moto Moto|Stealth Rock|p1a: Flussy Mussy\n|-sidestart|p1: Monsieur Manny|move: Stealth Rock\n|\n|-weather|Sandstorm|[upkeep]\n|-damage|p1a: Flussy Mussy|74\/100|[from] Sandstorm\n|-heal|p2a: Moto Moto|35\/100|[from] item: Leftovers\n|upkeep\n|turn|12\n|\n|t:|1699757975\n|-end|p1a: Flussy Mussy|confusion\n|move|p1a: Flussy Mussy|Energy Ball|p2a: Moto Moto\n|-supereffective|p2a: Moto Moto\n|-damage|p2a: Moto Moto|0 fnt\n|faint|p2a: Moto Moto\n|\n|-weather|Sandstorm|[upkeep]\n|-damage|p1a: Flussy Mussy|68\/100|[from] Sandstorm\n|upkeep\n|\n|t:|1699757985\n|switch|p2a: Reginald|Ting-Lu|100\/100\n|-damage|p2a: Reginald|94\/100|[from] Stealth Rock\n|-ability|p2a: Reginald|Vessel of Ruin\n|turn|13\n|\n|t:|1699757990\n|move|p1a: Flussy Mussy|Moonblast|p2a: Reginald\n|-supereffective|p2a: Reginald\n|-damage|p2a: Reginald|28\/100\n|move|p2a: Reginald|Whirlwind|p1a: Flussy Mussy\n|-end|p1a: Flussy Mussy|Protosynthesis|[silent]\n|drag|p1a: Dondussy|Dondozo, M|100\/100\n|-damage|p1a: Dondussy|88\/100|[from] Stealth Rock\n|\n|-weather|Sandstorm|[upkeep]\n|-damage|p1a: Dondussy|82\/100|[from] Sandstorm\n|-heal|p2a: Reginald|34\/100|[from] item: Leftovers\n|-heal|p1a: Dondussy|88\/100|[from] item: Leftovers\n|upkeep\n|turn|14\n|\n|t:|1699758013\n|switch|p2a: alt f4 pls uwu|Forretress, F|100\/100\n|-damage|p2a: alt f4 pls uwu|88\/100|[from] Stealth Rock\n|move|p1a: Dondussy|Curse|p1a: Dondussy\n|-unboost|p1a: Dondussy|spe|1\n|-boost|p1a: Dondussy|atk|1\n|-boost|p1a: Dondussy|def|1\n|\n|-weather|none\n|-heal|p1a: Dondussy|94\/100|[from] item: Leftovers\n|upkeep\n|turn|15\n|\n|t:|1699758033\n|move|p2a: alt f4 pls uwu|Reflect|p2a: alt f4 pls uwu\n|-sidestart|p2: Littleroot Losers|Reflect\n|move|p1a: Dondussy|Curse|p1a: Dondussy\n|-unboost|p1a: Dondussy|spe|1\n|-boost|p1a: Dondussy|atk|1\n|-boost|p1a: Dondussy|def|1\n|\n|-heal|p1a: Dondussy|99\/100|[from] item: Leftovers\n|upkeep\n|turn|16\n|l| Ace Trainer Erica\n|j| Ace Trainer Erica\n|\n|t:|1699758044\n|move|p2a: alt f4 pls uwu|Toxic Spikes|p1a: Dondussy\n|-sidestart|p1: Monsieur Manny|move: Toxic Spikes\n|move|p1a: Dondussy|Curse|p1a: Dondussy\n|-unboost|p1a: Dondussy|spe|1\n|-boost|p1a: Dondussy|atk|1\n|-boost|p1a: Dondussy|def|1\n|\n|-heal|p1a: Dondussy|100\/100|[from] item: Leftovers\n|upkeep\n|turn|17\n|\n|t:|1699758060\n|move|p2a: alt f4 pls uwu|Toxic Spikes|p1a: Dondussy\n|-sidestart|p1: Monsieur Manny|move: Toxic Spikes\n|move|p1a: Dondussy|Curse|p1a: Dondussy\n|-unboost|p1a: Dondussy|spe|1\n|-boost|p1a: Dondussy|atk|1\n|-boost|p1a: Dondussy|def|1\n|\n|upkeep\n|turn|18\n|\n|t:|1699758067\n|move|p2a: alt f4 pls uwu|Rapid Spin|p1a: Dondussy\n|-damage|p1a: Dondussy|99\/100\n|-boost|p2a: alt f4 pls uwu|spe|1\n|-sideend|p2: Littleroot Losers|Stealth Rock|[from] move: Rapid Spin|[of] p2a: alt f4 pls uwu\n|move|p1a: Dondussy|Curse|p1a: Dondussy\n|-unboost|p1a: Dondussy|spe|1\n|-boost|p1a: Dondussy|atk|1\n|-boost|p1a: Dondussy|def|1\n|\n|-heal|p1a: Dondussy|100\/100|[from] item: Leftovers\n|upkeep\n|turn|19\n|\n|t:|1699758077\n|move|p2a: alt f4 pls uwu|Iron Defense|p2a: alt f4 pls uwu\n|-boost|p2a: alt f4 pls uwu|def|2\n|move|p1a: Dondussy|Curse|p1a: Dondussy\n|-unboost|p1a: Dondussy|spe|1\n|-boost|p1a: Dondussy|atk|1\n|-boost|p1a: Dondussy|def|1\n|\n|-sideend|p2: Littleroot Losers|Reflect\n|upkeep\n|turn|20\n|\n|t:|1699758085\n|move|p2a: alt f4 pls uwu|Iron Defense|p2a: alt f4 pls uwu\n|-boost|p2a: alt f4 pls uwu|def|2\n|move|p1a: Dondussy|Liquidation|p2a: alt f4 pls uwu\n|-damage|p2a: alt f4 pls uwu|24\/100\n|-damage|p1a: Dondussy|84\/100|[from] item: Rocky Helmet|[of] p2a: alt f4 pls uwu\n|\n|-heal|p1a: Dondussy|90\/100|[from] item: Leftovers\n|upkeep\n|turn|21\n|\n|t:|1699758096\n|move|p2a: alt f4 pls uwu|Reflect|p2a: alt f4 pls uwu\n|-sidestart|p2: Littleroot Losers|Reflect\n|move|p1a: Dondussy|Liquidation|p2a: alt f4 pls uwu\n|-damage|p2a: alt f4 pls uwu|0 fnt\n|-damage|p1a: Dondussy|73\/100|[from] item: Rocky Helmet|[of] p2a: alt f4 pls uwu\n|faint|p2a: alt f4 pls uwu\n|\n|-heal|p1a: Dondussy|79\/100|[from] item: Leftovers\n|upkeep\n|\n|t:|1699758115\n|switch|p2a: :3|Landorus, M|100\/100\n|turn|22\n|\n|t:|1699758119\n|move|p2a: :3|Grass Knot|p1a: Dondussy\n|-supereffective|p1a: Dondussy\n|-damage|p1a: Dondussy|29\/100\n|move|p1a: Dondussy|Liquidation|p2a: :3\n|-supereffective|p2a: :3\n|-damage|p2a: :3|0 fnt\n|faint|p2a: :3\n|\n|-heal|p1a: Dondussy|36\/100|[from] item: Leftovers\n|upkeep\n|\n|t:|1699758130\n|switch|p2a: Reginald|Ting-Lu|34\/100\n|-ability|p2a: Reginald|Vessel of Ruin\n|turn|23\n|\n|t:|1699758134\n|move|p2a: Reginald|Ruination|p1a: Dondussy\n|-damage|p1a: Dondussy|18\/100\n|move|p1a: Dondussy|Liquidation|p2a: Reginald\n|-supereffective|p2a: Reginald\n|-damage|p2a: Reginald|0 fnt\n|faint|p2a: Reginald\n|\n|-heal|p1a: Dondussy|24\/100|[from] item: Leftovers\n|upkeep\n|\n|t:|1699758137\n|switch|p2a: >:3|Tyranitar, M|100\/100\n|-weather|Sandstorm|[from] ability: Sand Stream|[of] p2a: >:3\n|turn|24\n|\n|t:|1699758145\n|-terastallize|p2a: >:3|Poison\n|move|p2a: >:3|Thunder Punch|p1a: Dondussy\n|-supereffective|p1a: Dondussy\n|-damage|p1a: Dondussy|16\/100\n|move|p1a: Dondussy|Liquidation|p2a: >:3\n|-damage|p2a: >:3|47\/100\n|\n|-weather|Sandstorm|[upkeep]\n|-damage|p2a: >:3|41\/100|[from] Sandstorm\n|-damage|p1a: Dondussy|10\/100|[from] Sandstorm\n|-heal|p1a: Dondussy|16\/100|[from] item: Leftovers\n|upkeep\n|turn|25\n|\n|t:|1699758156\n|move|p2a: >:3|Thunder Punch|p1a: Dondussy\n|-supereffective|p1a: Dondussy\n|-damage|p1a: Dondussy|9\/100\n|move|p1a: Dondussy|Liquidation|p2a: >:3\n|-damage|p2a: >:3|0 fnt\n|faint|p2a: >:3\n|\n|win|Monsieur Manny\n|l| PraiseThePuns\n|l| SuperbPineapple\n|l|\u2606Monsieur Manny\n|l|\u2606Littleroot Losers\n","uploadtime":1699758238,"views":10,"p1id":"monsieurmanny","p2id":"littlerootlosers","formatid":"gen9anythinggoes","rating":0,"private":0,"password":""}