{"id":"gen9anythinggoes-1978375641","p1":"xXBlipperXx","p2":"Ruffoe","format":"[Gen 9] Anything Goes","log":"|j|\u2606xXBlipperXx\n|j|\u2606Ruffoe\n|t:|1698531065\n|gametype|singles\n|player|p1|xXBlipperXx|saturn|\n|player|p2|Ruffoe|palmer|\n|teamsize|p1|6\n|teamsize|p2|6\n|gen|9\n|tier|[Gen 9] Anything Goes\n|rule|HP Percentage Mod: HP is shown in percentages\n|rule|Endless Battle Clause: Forcing endless battles is banned\n|clearpoke\n|poke|p1|Dragonite, M|\n|poke|p1|Abomasnow, M|\n|poke|p1|Skeledirge, F|\n|poke|p1|Iron Hands|\n|poke|p1|Great Tusk|\n|poke|p1|Mewtwo|\n|poke|p2|Jigglypuff, F|\n|poke|p2|Pichu, M|\n|poke|p2|Ditto|\n|poke|p2|Eevee, M|\n|poke|p2|Slakoth, M|\n|poke|p2|Igglybuff, M|\n|teampreview\n|inactive|Battle timer is ON: inactive players will automatically lose when time's up. (requested by Ruffoe)\n|\n|t:|1698531094\n|start\n|switch|p1a: Mewtwo|Mewtwo|100\/100\n|switch|p2a: Pichu|Pichu, M|100\/100\n|-ability|p1a: Mewtwo|Pressure\n|turn|1\n|\n|t:|1698531105\n|move|p2a: Pichu|Fake Out|p1a: Mewtwo\n|-damage|p1a: Mewtwo|96\/100\n|-damage|p2a: Pichu|84\/100|[from] item: Rocky Helmet|[of] p1a: Mewtwo\n|cant|p1a: Mewtwo|flinch\n|\n|upkeep\n|turn|2\n|\n|t:|1698531123\n|move|p2a: Pichu|Protect|p2a: Pichu\n|-singleturn|p2a: Pichu|Protect\n|move|p1a: Mewtwo|Future Sight|p2a: Pichu\n|-start|p1a: Mewtwo|move: Future Sight\n|\n|upkeep\n|turn|3\n|inactive|xXBlipperXx has 270 seconds left.\n|inactive|Ruffoe has 270 seconds left.\n|\n|t:|1698531164\n|move|p2a: Pichu|Protect|p2a: Pichu\n|-singleturn|p2a: Pichu|Protect\n|move|p1a: Mewtwo|Agility|p1a: Mewtwo\n|-boost|p1a: Mewtwo|spe|2\n|\n|upkeep\n|turn|4\n|\n|t:|1698531184\n|move|p1a: Mewtwo|Future Sight||[still]\n|-fail|p1a: Mewtwo\n|move|p2a: Pichu|Sweet Kiss|p1a: Mewtwo\n|-start|p1a: Mewtwo|confusion\n|\n|-end|p2a: Pichu|move: Future Sight\n|-damage|p2a: Pichu|0 fnt\n|faint|p2a: Pichu\n|upkeep\n|\n|t:|1698531191\n|switch|p2a: Igglybuff|Igglybuff, M|100\/100\n|turn|5\n|inactive|Ruffoe has 270 seconds left.\n|\n|t:|1698531199\n|-terastallize|p2a: Igglybuff|Dark\n|-activate|p1a: Mewtwo|confusion\n|-damage|p1a: Mewtwo|87\/100|[from] confusion\n|move|p2a: Igglybuff|Perish Song|p2a: Igglybuff\n|-start|p1a: Mewtwo|perish3|[silent]\n|-start|p2a: Igglybuff|perish3|[silent]\n|-fieldactivate|move: Perish Song\n|\n|-start|p1a: Mewtwo|perish3\n|-start|p2a: Igglybuff|perish3\n|upkeep\n|turn|6\n|inactive|xXBlipperXx has 270 seconds left.\n|inactive|Ruffoe has 270 seconds left.\n|\n|t:|1698531227\n|-activate|p1a: Mewtwo|confusion\n|-damage|p1a: Mewtwo|78\/100|[from] confusion\n|move|p2a: Igglybuff|Wish|p2a: Igglybuff\n|\n|-start|p1a: Mewtwo|perish2\n|-start|p2a: Igglybuff|perish2\n|upkeep\n|turn|7\n|\n|t:|1698531238\n|-terastallize|p1a: Mewtwo|Psychic\n|move|p2a: Igglybuff|Protect|p2a: Igglybuff\n|-singleturn|p2a: Igglybuff|Protect\n|-activate|p1a: Mewtwo|confusion\n|move|p1a: Mewtwo|Psystrike|p2a: Igglybuff\n|-activate|p2a: Igglybuff|move: Protect\n|\n|-start|p1a: Mewtwo|perish1\n|-start|p2a: Igglybuff|perish1\n|upkeep\n|turn|8\n|\n|t:|1698531256\n|switch|p2a: Slakoth|Slakoth, M|100\/100\n|-activate|p1a: Mewtwo|confusion\n|move|p1a: Mewtwo|Agility|p1a: Mewtwo\n|-boost|p1a: Mewtwo|spe|2\n|\n|-start|p1a: Mewtwo|perish0\n|upkeep\n|faint|p1a: Mewtwo\n|inactive|xXBlipperXx has 240 seconds left.\n|\n|t:|1698531286\n|switch|p1a: Iron Hands|Iron Hands|100\/100\n|turn|9\n|\n|t:|1698531293\n|move|p2a: Slakoth|Protect|p2a: Slakoth\n|-singleturn|p2a: Slakoth|Protect\n|move|p1a: Iron Hands|Close Combat|p2a: Slakoth\n|-activate|p2a: Slakoth|move: Protect\n|\n|upkeep\n|turn|10\n|inactive|xXBlipperXx has 240 seconds left.\n|\n|t:|1698531302\n|cant|p2a: Slakoth|ability: Truant\n|move|p1a: Iron Hands|Close Combat|p2a: Slakoth\n|-supereffective|p2a: Slakoth\n|-damage|p2a: Slakoth|0 fnt\n|-unboost|p1a: Iron Hands|def|1\n|-unboost|p1a: Iron Hands|spd|1\n|faint|p2a: Slakoth\n|\n|upkeep\n|\n|t:|1698531310\n|switch|p2a: Ditto|Ditto|100\/100\n|-transform|p2a: Ditto|p1a: Iron Hands|[from] ability: Imposter\n|turn|11\n|inactive|xXBlipperXx has 240 seconds left.\n|\n|t:|1698531339\n|-end|p2a: Ditto|Quark Drive|[silent]\n|switch|p2a: Eevee|Eevee, M|100\/100\n|-ability|p2a: Eevee|Anticipation\n|move|p1a: Iron Hands|Close Combat|p2a: Eevee\n|-supereffective|p2a: Eevee\n|-enditem|p2a: Eevee|Focus Sash\n|-damage|p2a: Eevee|1\/100\n|-unboost|p1a: Iron Hands|def|1\n|-unboost|p1a: Iron Hands|spd|1\n|\n|upkeep\n|turn|12\n|inactive|xXBlipperXx has 240 seconds left.\n|\n|t:|1698531350\n|move|p2a: Eevee|Protect|p2a: Eevee\n|-singleturn|p2a: Eevee|Protect\n|move|p1a: Iron Hands|Close Combat|p2a: Eevee\n|-activate|p2a: Eevee|move: Protect\n|\n|upkeep\n|turn|13\n|inactive|xXBlipperXx has 240 seconds left.\n|\n|t:|1698531363\n|move|p2a: Eevee|Yawn|p1a: Iron Hands\n|-start|p1a: Iron Hands|move: Yawn|[of] p2a: Eevee\n|move|p1a: Iron Hands|Close Combat|p2a: Eevee\n|-supereffective|p2a: Eevee\n|-damage|p2a: Eevee|0 fnt\n|-unboost|p1a: Iron Hands|def|1\n|-unboost|p1a: Iron Hands|spd|1\n|faint|p2a: Eevee\n|\n|upkeep\n|inactive|Ruffoe has 270 seconds left.\n|\n|t:|1698531379\n|switch|p2a: Igglybuff|Igglybuff, M, tera:Dark|100\/100\n|turn|14\n|\n|t:|1698531384\n|move|p2a: Igglybuff|Protect|p2a: Igglybuff\n|-singleturn|p2a: Igglybuff|Protect\n|move|p1a: Iron Hands|Close Combat|p2a: Igglybuff\n|-activate|p2a: Igglybuff|move: Protect\n|\n|-end|p1a: Iron Hands|move: Yawn|[silent]\n|-status|p1a: Iron Hands|slp\n|upkeep\n|turn|15\n|\n|t:|1698531394\n|cant|p1a: Iron Hands|slp\n|move|p2a: Igglybuff|Perish Song|p2a: Igglybuff\n|-start|p1a: Iron Hands|perish3|[silent]\n|-start|p2a: Igglybuff|perish3|[silent]\n|-fieldactivate|move: Perish Song\n|\n|-start|p1a: Iron Hands|perish3\n|-start|p2a: Igglybuff|perish3\n|upkeep\n|turn|16\n|\n|t:|1698531403\n|-end|p1a: Iron Hands|Quark Drive|[silent]\n|switch|p1a: Dragonite|Dragonite, M|100\/100\n|move|p2a: Igglybuff|Wish|p2a: Igglybuff\n|\n|-start|p2a: Igglybuff|perish2\n|upkeep\n|turn|17\n|inactive|xXBlipperXx has 270 seconds left.\n|\n|t:|1698531423\n|switch|p2a: Jigglypuff|Jigglypuff, F|100\/100\n|move|p1a: Dragonite|Brick Break|p2a: Jigglypuff\n|-damage|p2a: Jigglypuff|52\/100\n|\n|-heal|p2a: Jigglypuff|97\/100|[from] move: Wish|[wisher] Igglybuff\n|upkeep\n|turn|18\n|\n|t:|1698531436\n|move|p1a: Dragonite|Brick Break|p2a: Jigglypuff\n|-damage|p2a: Jigglypuff|47\/100\n|move|p2a: Jigglypuff|Thunder Wave|p1a: Dragonite\n|-status|p1a: Dragonite|par\n|\n|upkeep\n|turn|19\n|inactive|xXBlipperXx has 270 seconds left.\n|\n|t:|1698531444\n|move|p1a: Dragonite|Blizzard|p2a: Jigglypuff\n|-damage|p2a: Jigglypuff|7\/100\n|move|p2a: Jigglypuff|Perish Song|p2a: Jigglypuff\n|-start|p1a: Dragonite|perish3|[silent]\n|-start|p2a: Jigglypuff|perish3|[silent]\n|-fieldactivate|move: Perish Song\n|\n|-start|p1a: Dragonite|perish3\n|-start|p2a: Jigglypuff|perish3\n|upkeep\n|turn|20\n|inactive|xXBlipperXx has 270 seconds left.\n|inactive|Ruffoe has 270 seconds left.\n|\n|t:|1698531479\n|switch|p2a: Ditto|Ditto|100\/100\n|-transform|p2a: Ditto|p1a: Dragonite|[from] ability: Imposter\n|move|p1a: Dragonite|Aqua Jet|p2a: Ditto\n|-resisted|p2a: Ditto\n|-damage|p2a: Ditto|91\/100\n|\n|-start|p1a: Dragonite|perish2\n|upkeep\n|turn|21\n|inactive|Ruffoe has 270 seconds left.\n|inactive|xXBlipperXx has 270 seconds left.\n|\n|t:|1698531509\n|move|p2a: Ditto|Blizzard|p1a: Dragonite\n|-supereffective|p1a: Dragonite\n|-damage|p1a: Dragonite|27\/100 par\n|move|p1a: Dragonite|Earthquake|p2a: Ditto\n|-immune|p2a: Ditto\n|\n|-start|p1a: Dragonite|perish1\n|upkeep\n|turn|22\n|inactive|Ruffoe has 270 seconds left.\n|\n|t:|1698531526\n|move|p2a: Ditto|Blizzard|p1a: Dragonite|[miss]\n|-miss|p2a: Ditto|p1a: Dragonite\n|move|p1a: Dragonite|Blizzard|p2a: Ditto|[miss]\n|-miss|p1a: Dragonite|p2a: Ditto\n|\n|-start|p1a: Dragonite|perish0\n|upkeep\n|faint|p1a: Dragonite\n|\n|t:|1698531539\n|switch|p1a: Abomasnow|Abomasnow, M|100\/100\n|-weather|Snow|[from] ability: Snow Warning|[of] p1a: Abomasnow\n|turn|23\n|inactive|Ruffoe has 270 seconds left.\n|\n|t:|1698531551\n|switch|p2a: Jigglypuff|Jigglypuff, F|7\/100\n|move|p1a: Abomasnow|Outrage|p2a: Jigglypuff\n|-immune|p2a: Jigglypuff\n|\n|-weather|Snow|[upkeep]\n|upkeep\n|turn|24\n|inactive|Ruffoe has 270 seconds left.\n|\n|t:|1698531563\n|move|p1a: Abomasnow|Blizzard|p2a: Jigglypuff\n|-damage|p2a: Jigglypuff|0 fnt\n|faint|p2a: Jigglypuff\n|\n|-weather|Snow|[upkeep]\n|upkeep\n|\n|t:|1698531568\n|switch|p2a: Igglybuff|Igglybuff, M, tera:Dark|100\/100\n|turn|25\n|\n|t:|1698531573\n|move|p1a: Abomasnow|Blizzard|p2a: Igglybuff\n|-damage|p2a: Igglybuff|47\/100\n|move|p2a: Igglybuff|Perish Song|p2a: Igglybuff\n|-start|p1a: Abomasnow|perish3|[silent]\n|-start|p2a: Igglybuff|perish3|[silent]\n|-fieldactivate|move: Perish Song\n|\n|-weather|Snow|[upkeep]\n|-start|p1a: Abomasnow|perish3\n|-start|p2a: Igglybuff|perish3\n|upkeep\n|turn|26\n|\n|t:|1698531588\n|switch|p1a: Iron Hands|Iron Hands|100\/100 slp\n|move|p2a: Igglybuff|Wish|p2a: Igglybuff\n|\n|-weather|Snow|[upkeep]\n|-start|p2a: Igglybuff|perish2\n|upkeep\n|turn|27\n|\n|t:|1698531596\n|cant|p1a: Iron Hands|slp\n|move|p2a: Igglybuff|Perish Song|p2a: Igglybuff\n|-start|p1a: Iron Hands|perish3|[silent]\n|-fieldactivate|move: Perish Song\n|\n|-weather|none\n|-heal|p2a: Igglybuff|97\/100|[from] move: Wish|[wisher] Igglybuff\n|-start|p1a: Iron Hands|perish3\n|-start|p2a: Igglybuff|perish1\n|upkeep\n|turn|28\n|\n|t:|1698531607\n|switch|p2a: Ditto|Ditto|91\/100\n|-transform|p2a: Ditto|p1a: Iron Hands|[from] ability: Imposter\n|-curestatus|p1a: Iron Hands|slp|[msg]\n|move|p1a: Iron Hands|Close Combat|p2a: Ditto\n|-damage|p2a: Ditto|17\/100\n|-unboost|p1a: Iron Hands|def|1\n|-unboost|p1a: Iron Hands|spd|1\n|\n|-start|p1a: Iron Hands|perish2\n|upkeep\n|turn|29\n|\n|t:|1698531619\n|move|p2a: Ditto|Close Combat|p1a: Iron Hands\n|-damage|p1a: Iron Hands|37\/100\n|-unboost|p2a: Ditto|def|1\n|-unboost|p2a: Ditto|spd|1\n|move|p1a: Iron Hands|Close Combat|p2a: Ditto\n|-damage|p2a: Ditto|0 fnt\n|-unboost|p1a: Iron Hands|def|1\n|-unboost|p1a: Iron Hands|spd|1\n|faint|p2a: Ditto\n|-end|p2a: Ditto|Quark Drive|[silent]\n|\n|-start|p1a: Iron Hands|perish1\n|upkeep\n|\n|t:|1698531631\n|switch|p2a: Igglybuff|Igglybuff, M, tera:Dark|97\/100\n|turn|30\n|\n|t:|1698531638\n|-activate|p1a: Iron Hands|move: Struggle\n|move|p1a: Iron Hands|Struggle|p2a: Igglybuff\n|-damage|p2a: Igglybuff|30\/100\n|-damage|p1a: Iron Hands|11\/100|[from] recoil\n|move|p2a: Igglybuff|Wish|p2a: Igglybuff\n|\n|-start|p1a: Iron Hands|perish0\n|upkeep\n|faint|p1a: Iron Hands\n|-end|p1a: Iron Hands|Quark Drive|[silent]\n|\n|t:|1698531645\n|switch|p1a: Skeledirge|Skeledirge, F|100\/100\n|turn|31\n|\n|t:|1698531675\n|move|p1a: Skeledirge|Poltergeist|p2a: Igglybuff\n|-activate|p2a: Igglybuff|move: Poltergeist|Focus Sash\n|-resisted|p2a: Igglybuff\n|-damage|p2a: Igglybuff|0 fnt\n|faint|p2a: Igglybuff\n|\n|win|xXBlipperXx\n|l|\u2606Ruffoe\n","uploadtime":1698531691,"views":5,"p1id":"xxblipperxx","p2id":"ruffoe","formatid":"gen9anythinggoes","rating":0,"private":0,"password":""}