{"id":"gen9anythinggoes-1979471289","p1":"Outdated Puppet","p2":"Classic frisk","format":"[Gen 9] Anything Goes","log":"|j|\u2606Outdated Puppet\n|j|\u2606Classic frisk\n|t:|1698685301\n|gametype|singles\n|player|p1|Outdated Puppet|170|1351\n|player|p2|Classic frisk|serena-masters|1403\n|teamsize|p1|6\n|teamsize|p2|6\n|gen|9\n|tier|[Gen 9] Anything Goes\n|rated|\n|rule|HP Percentage Mod: HP is shown in percentages\n|rule|Endless Battle Clause: Forcing endless battles is banned\n|clearpoke\n|poke|p1|Clefable, F|\n|poke|p1|Tyranitar, F|\n|poke|p1|Toxapex, M|\n|poke|p1|Scovillain, F|\n|poke|p1|Milotic, F|\n|poke|p1|Quagsire, M|\n|poke|p2|Zacian-*|\n|poke|p2|Calyrex-Shadow|\n|poke|p2|Rayquaza|\n|poke|p2|Darkrai|\n|poke|p2|Manaphy|\n|poke|p2|Regieleki|\n|teampreview\n|inactive|Battle timer is ON: inactive players will automatically lose when time's up. (requested by Classic frisk)\n|\n|t:|1698685313\n|start\n|switch|p1a: Scovillain|Scovillain, F|100\/100\n|switch|p2a: RAHHH|Rayquaza|100\/100\n|-ability|p2a: RAHHH|Air Lock\n|turn|1\n|c|\u2606Classic frisk|BIG LEGEND SPAMMER RAHH\n|\n|t:|1698685320\n|move|p2a: RAHHH|Dragon Dance|p2a: RAHHH\n|-boost|p2a: RAHHH|atk|1\n|-boost|p2a: RAHHH|spe|1\n|move|p1a: Scovillain|Leech Seed|p2a: RAHHH\n|-start|p2a: RAHHH|move: Leech Seed\n|\n|-damage|p2a: RAHHH|88\/100|[from] Leech Seed|[of] p1a: Scovillain\n|-ability|p1a: Scovillain|Moody|boost\n|-boost|p1a: Scovillain|spd|2\n|-unboost|p1a: Scovillain|spe|1\n|upkeep\n|turn|2\n|\n|t:|1698685332\n|move|p1a: Scovillain|Protect|p1a: Scovillain\n|-singleturn|p1a: Scovillain|Protect\n|move|p2a: RAHHH|Dragon Ascent|p1a: Scovillain\n|-activate|p1a: Scovillain|move: Protect\n|\n|-damage|p2a: RAHHH|76\/100|[from] Leech Seed|[of] p1a: Scovillain\n|-ability|p1a: Scovillain|Moody|boost\n|-boost|p1a: Scovillain|def|2\n|-unboost|p1a: Scovillain|spa|1\n|upkeep\n|turn|3\n|\n|t:|1698685340\n|move|p2a: RAHHH|Dragon Ascent|p1a: Scovillain\n|-supereffective|p1a: Scovillain\n|-damage|p1a: Scovillain|0 fnt\n|-unboost|p2a: RAHHH|def|1\n|-unboost|p2a: RAHHH|spd|1\n|faint|p1a: Scovillain\n|-damage|p2a: RAHHH|66\/100|[from] item: Life Orb\n|\n|upkeep\n|\n|t:|1698685370\n|switch|p1a: Toxapex|Toxapex, M, shiny|100\/100\n|turn|4\n|\n|t:|1698685374\n|move|p1a: Toxapex|Baneful Bunker|p1a: Toxapex\n|-singleturn|p1a: Toxapex|move: Protect\n|move|p2a: RAHHH|Dragon Ascent|p1a: Toxapex\n|-activate|p1a: Toxapex|move: Protect\n|-status|p2a: RAHHH|psn\n|\n|-damage|p2a: RAHHH|54\/100 psn|[from] Leech Seed|[of] p1a: Toxapex\n|-damage|p2a: RAHHH|42\/100 psn|[from] psn\n|upkeep\n|turn|5\n|\n|t:|1698685391\n|move|p2a: RAHHH|Dragon Ascent|p1a: Toxapex\n|-damage|p1a: Toxapex|14\/100\n|-unboost|p2a: RAHHH|def|1\n|-unboost|p2a: RAHHH|spd|1\n|-damage|p2a: RAHHH|25\/100 psn|[from] item: Rocky Helmet|[of] p1a: Toxapex\n|-damage|p2a: RAHHH|15\/100 psn|[from] item: Life Orb\n|move|p1a: Toxapex|Recover|p1a: Toxapex\n|-heal|p1a: Toxapex|64\/100\n|\n|-damage|p2a: RAHHH|3\/100 psn|[from] Leech Seed|[of] p1a: Toxapex\n|-heal|p1a: Toxapex|78\/100|[silent]\n|-damage|p2a: RAHHH|0 fnt|[from] psn\n|faint|p2a: RAHHH\n|upkeep\n|\n|t:|1698685401\n|switch|p2a: Not Un Un Un|Regieleki|100\/100\n|turn|6\n|\n|t:|1698685408\n|move|p2a: Not Un Un Un|Thunderbolt|p1a: Toxapex\n|-supereffective|p1a: Toxapex\n|-damage|p1a: Toxapex|0 fnt\n|faint|p1a: Toxapex\n|\n|upkeep\n|\n|t:|1698685416\n|switch|p1a: Quagsire|Quagsire, M|100\/100\n|turn|7\n|\n|t:|1698685431\n|switch|p2a: Dark|Darkrai|100\/100\n|move|p1a: Quagsire|Earthquake|p2a: Dark\n|-damage|p2a: Dark|60\/100\n|\n|upkeep\n|turn|8\n|\n|t:|1698685442\n|move|p2a: Dark|Hypnosis|p1a: Quagsire|[miss]\n|-miss|p2a: Dark|p1a: Quagsire\n|move|p1a: Quagsire|Drain Punch|p2a: Dark\n|-supereffective|p2a: Dark\n|-damage|p2a: Dark|20\/100\n|\n|upkeep\n|turn|9\n|\n|t:|1698685448\n|move|p2a: Dark|Hypnosis|p1a: Quagsire\n|-status|p1a: Quagsire|slp|[from] move: Hypnosis\n|cant|p1a: Quagsire|slp\n|\n|-damage|p1a: Quagsire|88\/100 slp|[from] ability: Bad Dreams|[of] p2a: Dark\n|upkeep\n|turn|10\n|\n|t:|1698685455\n|move|p2a: Dark|Nasty Plot|p2a: Dark\n|-boost|p2a: Dark|spa|2\n|-curestatus|p1a: Quagsire|slp|[msg]\n|move|p1a: Quagsire|Drain Punch|p2a: Dark\n|-supereffective|p2a: Dark\n|-damage|p2a: Dark|0 fnt\n|-heal|p1a: Quagsire|95\/100|[from] drain|[of] p2a: Dark\n|faint|p2a: Dark\n|\n|upkeep\n|\n|t:|1698685458\n|switch|p2a: Horsey :D|Calyrex-Shadow|100\/100\n|-ability|p2a: Horsey :D|As One\n|-ability|p2a: Horsey :D|Unnerve\n|turn|11\n|\n|t:|1698685471\n|switch|p1a: Tyranitar|Tyranitar, F|100\/100\n|-weather|Sandstorm|[from] ability: Sand Stream|[of] p1a: Tyranitar\n|move|p2a: Horsey :D|Giga Drain|p1a: Tyranitar\n|-supereffective|p1a: Tyranitar\n|-damage|p1a: Tyranitar|82\/100\n|\n|-weather|Sandstorm|[upkeep]\n|-damage|p2a: Horsey :D|94\/100|[from] Sandstorm\n|upkeep\n|turn|12\n|\n|t:|1698685477\n|move|p2a: Horsey :D|Giga Drain|p1a: Tyranitar\n|-supereffective|p1a: Tyranitar\n|-damage|p1a: Tyranitar|64\/100\n|-heal|p2a: Horsey :D|100\/100|[from] drain|[of] p1a: Tyranitar\n|move|p1a: Tyranitar|Foul Play|p2a: Horsey :D\n|-supereffective|p2a: Horsey :D\n|-damage|p2a: Horsey :D|1\/100\n|\n|-weather|Sandstorm|[upkeep]\n|-damage|p2a: Horsey :D|0 fnt|[from] Sandstorm\n|faint|p2a: Horsey :D\n|upkeep\n|\n|t:|1698685482\n|switch|p2a: Bork|Zacian-Crowned|100\/100\n|-ability|p2a: Bork|Intrepid Sword|boost\n|-boost|p2a: Bork|atk|1\n|turn|13\n|\n|t:|1698685495\n|move|p2a: Bork|Swords Dance|p2a: Bork\n|-boost|p2a: Bork|atk|2\n|move|p1a: Tyranitar|Earthquake|p2a: Bork\n|-supereffective|p2a: Bork\n|-damage|p2a: Bork|48\/100\n|\n|-weather|Sandstorm|[upkeep]\n|upkeep\n|turn|14\n|\n|t:|1698685507\n|move|p2a: Bork|Behemoth Blade|p1a: Tyranitar\n|-supereffective|p1a: Tyranitar\n|-damage|p1a: Tyranitar|0 fnt\n|faint|p1a: Tyranitar\n|\n|-weather|Sandstorm|[upkeep]\n|upkeep\n|\n|t:|1698685513\n|switch|p1a: Quagsire|Quagsire, M|95\/100\n|turn|15\n|\n|t:|1698685532\n|move|p2a: Bork|Play Rough|p1a: Quagsire\n|-damage|p1a: Quagsire|56\/100\n|move|p1a: Quagsire|Earthquake|p2a: Bork\n|-supereffective|p2a: Bork\n|-damage|p2a: Bork|0 fnt\n|faint|p2a: Bork\n|\n|-weather|none\n|upkeep\n|\n|t:|1698685536\n|switch|p2a: Mana :D|Manaphy|100\/100\n|turn|16\n|\n|t:|1698685551\n|move|p2a: Mana :D|Energy Ball|p1a: Quagsire\n|-supereffective|p1a: Quagsire\n|-damage|p1a: Quagsire|0 fnt\n|faint|p1a: Quagsire\n|\n|upkeep\n|\n|t:|1698685561\n|switch|p1a: Milotic|Milotic, F|100\/100\n|turn|17\n|\n|t:|1698685565\n|move|p2a: Mana :D|Energy Ball|p1a: Milotic\n|-supereffective|p1a: Milotic\n|-crit|p1a: Milotic\n|-damage|p1a: Milotic|42\/100\n|move|p1a: Milotic|Coil|p1a: Milotic\n|-boost|p1a: Milotic|atk|1\n|-boost|p1a: Milotic|def|1\n|-boost|p1a: Milotic|accuracy|1\n|\n|-heal|p1a: Milotic|48\/100|[from] item: Leftovers\n|upkeep\n|turn|18\n|\n|t:|1698685571\n|move|p2a: Mana :D|Energy Ball|p1a: Milotic\n|-supereffective|p1a: Milotic\n|-crit|p1a: Milotic\n|-damage|p1a: Milotic|0 fnt\n|faint|p1a: Milotic\n|\n|upkeep\n|\n|t:|1698685574\n|switch|p1a: Clefable|Clefable, F|100\/100\n|turn|19\n|\n|t:|1698685580\n|move|p2a: Mana :D|Energy Ball|p1a: Clefable\n|-damage|p1a: Clefable|77\/100\n|move|p1a: Clefable|Wish|p1a: Clefable\n|\n|-heal|p1a: Clefable|83\/100|[from] item: Leftovers\n|upkeep\n|turn|20\n|\n|t:|1698685584\n|move|p2a: Mana :D|Energy Ball|p1a: Clefable\n|-damage|p1a: Clefable|58\/100\n|move|p1a: Clefable|Calm Mind|p1a: Clefable\n|-boost|p1a: Clefable|spa|1\n|-boost|p1a: Clefable|spd|1\n|\n|-heal|p1a: Clefable|100\/100|[from] move: Wish|[wisher] Clefable\n|upkeep\n|turn|21\n|\n|t:|1698685590\n|move|p2a: Mana :D|Energy Ball|p1a: Clefable\n|-damage|p1a: Clefable|85\/100\n|move|p1a: Clefable|Calm Mind|p1a: Clefable\n|-boost|p1a: Clefable|spa|1\n|-boost|p1a: Clefable|spd|1\n|\n|-heal|p1a: Clefable|91\/100|[from] item: Leftovers\n|upkeep\n|turn|22\n|\n|t:|1698685593\n|move|p2a: Mana :D|Energy Ball|p1a: Clefable\n|-damage|p1a: Clefable|78\/100\n|move|p1a: Clefable|Calm Mind|p1a: Clefable\n|-boost|p1a: Clefable|spa|1\n|-boost|p1a: Clefable|spd|1\n|\n|-heal|p1a: Clefable|84\/100|[from] item: Leftovers\n|upkeep\n|turn|23\n|c|\u2606Classic frisk|hey so I'm scarfed and I know leki can't break that-\n|\n|t:|1698685614\n|move|p2a: Mana :D|Energy Ball|p1a: Clefable\n|-damage|p1a: Clefable|75\/100\n|-unboost|p1a: Clefable|spd|1\n|move|p1a: Clefable|Calm Mind|p1a: Clefable\n|-boost|p1a: Clefable|spa|1\n|-boost|p1a: Clefable|spd|1\n|\n|-heal|p1a: Clefable|81\/100|[from] item: Leftovers\n|upkeep\n|turn|24\n|c|\u2606Outdated Puppet|i thought so tbh\n|\n|t:|1698685627\n|move|p2a: Mana :D|Energy Ball|p1a: Clefable\n|-damage|p1a: Clefable|72\/100\n|move|p1a: Clefable|Calm Mind|p1a: Clefable\n|-boost|p1a: Clefable|spa|1\n|-boost|p1a: Clefable|spd|1\n|\n|-heal|p1a: Clefable|78\/100|[from] item: Leftovers\n|upkeep\n|turn|25\n|\n|t:|1698685630\n|move|p2a: Mana :D|Energy Ball|p1a: Clefable\n|-damage|p1a: Clefable|70\/100\n|move|p1a: Clefable|Calm Mind|p1a: Clefable\n|-boost|p1a: Clefable|spa|1\n|-boost|p1a: Clefable|spd|1\n|\n|-heal|p1a: Clefable|76\/100|[from] item: Leftovers\n|upkeep\n|turn|26\n|\n|t:|1698685636\n|move|p2a: Mana :D|Energy Ball|p1a: Clefable\n|-damage|p1a: Clefable|69\/100\n|move|p1a: Clefable|Draining Kiss|p2a: Mana :D\n|-damage|p2a: Mana :D|32\/100\n|-heal|p1a: Clefable|100\/100|[from] drain|[of] p2a: Mana :D\n|\n|upkeep\n|turn|27\n|\n|t:|1698685640\n|move|p2a: Mana :D|Heart Swap|p1a: Clefable\n|-swapboost|p2a: Mana :D|p1a: Clefable|[from] move: Heart Swap\n|move|p1a: Clefable|Draining Kiss|p2a: Mana :D\n|-damage|p2a: Mana :D|14\/100\n|\n|upkeep\n|turn|28\n|\n|t:|1698685647\n|move|p2a: Mana :D|Dazzling Gleam|p1a: Clefable\n|-damage|p1a: Clefable|77\/100\n|move|p1a: Clefable|Draining Kiss|p2a: Mana :D\n|-damage|p2a: Mana :D|0 fnt\n|-heal|p1a: Clefable|86\/100|[from] drain|[of] p2a: Mana :D\n|faint|p2a: Mana :D\n|\n|-heal|p1a: Clefable|92\/100|[from] item: Leftovers\n|upkeep\n|\n|t:|1698685649\n|switch|p2a: Not Un Un Un|Regieleki|100\/100\n|turn|29\n|c|\u2606Outdated Puppet|loo\n|c|\u2606Outdated Puppet|lol thats was a good try\n|c|\u2606Classic frisk|unaware is wild\n|\n|t:|1698685669\n|move|p2a: Not Un Un Un|Thunderbolt|p1a: Clefable\n|-damage|p1a: Clefable|46\/100\n|move|p1a: Clefable|Wish|p1a: Clefable\n|\n|-heal|p1a: Clefable|53\/100|[from] item: Leftovers\n|upkeep\n|turn|30\n|c|\u2606Classic frisk|lol\n|\n|t:|1698685675\n|move|p1a: Clefable|Protect|p1a: Clefable\n|-singleturn|p1a: Clefable|Protect\n|move|p2a: Not Un Un Un|Thunderbolt|p1a: Clefable\n|-activate|p1a: Clefable|move: Protect\n|\n|-heal|p1a: Clefable|100\/100|[from] move: Wish|[wisher] Clefable\n|upkeep\n|turn|31\n|\n|t:|1698685681\n|move|p2a: Not Un Un Un|Thunderbolt|p1a: Clefable\n|-damage|p1a: Clefable|48\/100\n|move|p1a: Clefable|Wish|p1a: Clefable\n|\n|-heal|p1a: Clefable|55\/100|[from] item: Leftovers\n|upkeep\n|turn|32\n|\n|t:|1698685688\n|move|p2a: Not Un Un Un|Thunderbolt|p1a: Clefable\n|-damage|p1a: Clefable|9\/100\n|move|p1a: Clefable|Calm Mind|p1a: Clefable\n|-boost|p1a: Clefable|spa|1\n|-boost|p1a: Clefable|spd|1\n|\n|-heal|p1a: Clefable|59\/100|[from] move: Wish|[wisher] Clefable\n|-heal|p1a: Clefable|65\/100|[from] item: Leftovers\n|upkeep\n|turn|33\n|\n|t:|1698685710\n|move|p1a: Clefable|Protect|p1a: Clefable\n|-singleturn|p1a: Clefable|Protect\n|move|p2a: Not Un Un Un|Thunderbolt|p1a: Clefable\n|-activate|p1a: Clefable|move: Protect\n|\n|-heal|p1a: Clefable|72\/100|[from] item: Leftovers\n|upkeep\n|turn|34\n|c|\u2606Outdated Puppet|unaware is op af\n|c|\u2606Classic frisk|fr\n|\n|t:|1698685717\n|move|p2a: Not Un Un Un|Thunderbolt|p1a: Clefable\n|-damage|p1a: Clefable|42\/100\n|move|p1a: Clefable|Wish|p1a: Clefable\n|\n|-heal|p1a: Clefable|48\/100|[from] item: Leftovers\n|upkeep\n|turn|35\n|\n|t:|1698685721\n|move|p2a: Not Un Un Un|Volt Switch|p1a: Clefable\n|-damage|p1a: Clefable|22\/100\n|move|p1a: Clefable|Calm Mind|p1a: Clefable\n|-boost|p1a: Clefable|spa|1\n|-boost|p1a: Clefable|spd|1\n|\n|-heal|p1a: Clefable|72\/100|[from] move: Wish|[wisher] Clefable\n|-heal|p1a: Clefable|78\/100|[from] item: Leftovers\n|upkeep\n|turn|36\n|\n|t:|1698685725\n|move|p2a: Not Un Un Un|Volt Switch|p1a: Clefable\n|-damage|p1a: Clefable|60\/100\n|move|p1a: Clefable|Wish|p1a: Clefable\n|\n|-heal|p1a: Clefable|66\/100|[from] item: Leftovers\n|upkeep\n|turn|37\n|\n|t:|1698685730\n|move|p2a: Not Un Un Un|Volt Switch|p1a: Clefable\n|-damage|p1a: Clefable|47\/100\n|move|p1a: Clefable|Calm Mind|p1a: Clefable\n|-boost|p1a: Clefable|spa|1\n|-boost|p1a: Clefable|spd|1\n|\n|-heal|p1a: Clefable|97\/100|[from] move: Wish|[wisher] Clefable\n|-heal|p1a: Clefable|100\/100|[from] item: Leftovers\n|upkeep\n|turn|38\n|\n|t:|1698685734\n|move|p2a: Not Un Un Un|Volt Switch|p1a: Clefable\n|-damage|p1a: Clefable|84\/100\n|move|p1a: Clefable|Calm Mind|p1a: Clefable\n|-boost|p1a: Clefable|spa|1\n|-boost|p1a: Clefable|spd|1\n|\n|-heal|p1a: Clefable|90\/100|[from] item: Leftovers\n|upkeep\n|turn|39\n|c|\u2606Classic frisk|gg\n|\n|t:|1698685737\n|move|p2a: Not Un Un Un|Thunderbolt|p1a: Clefable\n|-damage|p1a: Clefable|73\/100\n|move|p1a: Clefable|Calm Mind|p1a: Clefable\n|-boost|p1a: Clefable|spa|1\n|-boost|p1a: Clefable|spd|1\n|\n|-heal|p1a: Clefable|79\/100|[from] item: Leftovers\n|upkeep\n|turn|40\n|-message|Classic frisk forfeited.\n|\n|win|Outdated Puppet\n|raw|Outdated Puppet's rating: 1351 &rarr; <strong>1374<\/strong><br \/>(+23 for winning)\n|raw|Classic frisk's rating: 1403 &rarr; <strong>1380<\/strong><br \/>(-23 for losing)\n|c|\u2606Outdated Puppet|gg\n|l|\u2606Outdated Puppet\n","uploadtime":1698685749,"views":10,"p1id":"outdatedpuppet","p2id":"classicfrisk","formatid":"gen9anythinggoes","rating":1374,"private":0,"password":""}