{"id":"gen9anythinggoes-1976637815","p1":"krummshot","p2":"LingLing007","format":"[Gen 9] Anything Goes","log":"|j|\u2606krummshot\n|j|\u2606LingLing007\n|t:|1698329430\n|gametype|singles\n|player|p1|krummshot|dancer|1094\n|player|p2|LingLing007|proton|1190\n|teamsize|p1|6\n|teamsize|p2|6\n|gen|9\n|tier|[Gen 9] Anything Goes\n|rated|\n|rule|HP Percentage Mod: HP is shown in percentages\n|rule|Endless Battle Clause: Forcing endless battles is banned\n|clearpoke\n|poke|p1|Mew|\n|poke|p1|Skeledirge, M|\n|poke|p1|Leafeon, F|\n|poke|p1|Sylveon, F|\n|poke|p1|Gyarados, M|\n|poke|p1|Tyranitar, F|\n|poke|p2|Torkoal, F|\n|poke|p2|Roaring Moon|\n|poke|p2|Gengar, F|\n|poke|p2|Toxapex, M|\n|poke|p2|Ursaluna-Bloodmoon, M|\n|poke|p2|Walking Wake|\n|teampreview\n|inactive|Battle timer is ON: inactive players will automatically lose when time's up. (requested by LingLing007)\n|inactive|krummshot has 120 seconds left.\n|\n|t:|1698329467\n|start\n|switch|p1a: Mew|Mew|100\/100\n|switch|p2a: Gengar|Gengar, F|100\/100\n|turn|1\n|\n|t:|1698329480\n|move|p2a: Gengar|Mean Look|p1a: Mew\n|-activate|p1a: Mew|trapped\n|move|p1a: Mew|Light Screen|p1a: Mew\n|-sidestart|p1: krummshot|move: Light Screen\n|\n|upkeep\n|turn|2\n|\n|t:|1698329484\n|move|p2a: Gengar|Encore|p1a: Mew\n|-start|p1a: Mew|Encore\n|move|p1a: Mew|Light Screen||[still]\n|-fail|p1a: Mew\n|\n|upkeep\n|turn|3\n|\n|t:|1698329498\n|move|p2a: Gengar|Perish Song|p2a: Gengar\n|-start|p1a: Mew|perish3|[silent]\n|-start|p2a: Gengar|perish3|[silent]\n|-fieldactivate|move: Perish Song\n|move|p1a: Mew|Light Screen||[still]\n|-fail|p1a: Mew\n|\n|-start|p2a: Gengar|perish3\n|-start|p1a: Mew|perish3\n|upkeep\n|turn|4\n|\n|t:|1698329503\n|move|p2a: Gengar|Destiny Bond|p2a: Gengar\n|-singlemove|p2a: Gengar|Destiny Bond\n|move|p1a: Mew|Light Screen||[still]\n|-fail|p1a: Mew\n|\n|-end|p1a: Mew|Encore\n|-start|p2a: Gengar|perish2\n|-start|p1a: Mew|perish2\n|upkeep\n|turn|5\n|\n|t:|1698329517\n|move|p2a: Gengar|Encore|p1a: Mew\n|-start|p1a: Mew|Encore\n|move|p1a: Mew|Light Screen||[still]\n|-fail|p1a: Mew\n|\n|-start|p2a: Gengar|perish1\n|-start|p1a: Mew|perish1\n|-sideend|p1: krummshot|move: Light Screen\n|upkeep\n|turn|6\n|\n|t:|1698329525\n|switch|p2a: Torkoal|Torkoal, F|100\/100\n|-weather|SunnyDay|[from] ability: Drought|[of] p2a: Torkoal\n|move|p1a: Mew|Light Screen|p1a: Mew\n|-sidestart|p1: krummshot|move: Light Screen\n|\n|-weather|SunnyDay|[upkeep]\n|-start|p1a: Mew|perish0\n|faint|p1a: Mew\n|upkeep\n|\n|t:|1698329532\n|switch|p1a: Gyarados|Gyarados, M|100\/100\n|-ability|p1a: Gyarados|Intimidate|boost\n|-unboost|p2a: Torkoal|atk|1\n|turn|7\n|\n|t:|1698329541\n|switch|p2a: Toxapex|Toxapex, M|100\/100\n|move|p1a: Gyarados|Aqua Tail|p2a: Toxapex\n|-resisted|p2a: Toxapex\n|-damage|p2a: Toxapex|92\/100\n|-damage|p1a: Gyarados|84\/100|[from] item: Rocky Helmet|[of] p2a: Toxapex\n|\n|-weather|SunnyDay|[upkeep]\n|upkeep\n|turn|8\n|\n|t:|1698329551\n|move|p1a: Gyarados|Thunderbolt|p2a: Toxapex\n|-supereffective|p2a: Toxapex\n|-damage|p2a: Toxapex|69\/100\n|move|p2a: Toxapex|Chilling Water|p1a: Gyarados\n|-resisted|p1a: Gyarados\n|-damage|p1a: Gyarados|83\/100\n|-unboost|p1a: Gyarados|atk|1\n|\n|-weather|SunnyDay|[upkeep]\n|upkeep\n|turn|9\n|\n|t:|1698329556\n|move|p1a: Gyarados|Thunderbolt|p2a: Toxapex\n|-supereffective|p2a: Toxapex\n|-damage|p2a: Toxapex|45\/100\n|move|p2a: Toxapex|Ice Beam|p1a: Gyarados\n|-damage|p1a: Gyarados|78\/100\n|\n|-weather|SunnyDay|[upkeep]\n|upkeep\n|turn|10\n|\n|t:|1698329560\n|move|p1a: Gyarados|Thunderbolt|p2a: Toxapex\n|-supereffective|p2a: Toxapex\n|-damage|p2a: Toxapex|19\/100\n|move|p2a: Toxapex|Recover|p2a: Toxapex\n|-heal|p2a: Toxapex|69\/100\n|\n|-weather|SunnyDay|[upkeep]\n|-sideend|p1: krummshot|move: Light Screen\n|upkeep\n|turn|11\n|\n|t:|1698329565\n|switch|p2a: Ursaluna|Ursaluna-Bloodmoon, M|100\/100\n|move|p1a: Gyarados|Thunderbolt|p2a: Ursaluna\n|-immune|p2a: Ursaluna\n|\n|-weather|SunnyDay|[upkeep]\n|upkeep\n|turn|12\n|\n|t:|1698329582\n|switch|p2a: Walking Wake|Walking Wake|100\/100\n|-activate|p2a: Walking Wake|ability: Protosynthesis\n|-start|p2a: Walking Wake|protosynthesisspe\n|move|p1a: Gyarados|Aqua Tail|p2a: Walking Wake\n|-resisted|p2a: Walking Wake\n|-damage|p2a: Walking Wake|97\/100\n|\n|-weather|SunnyDay|[upkeep]\n|upkeep\n|turn|13\n|\n|t:|1698329603\n|switch|p1a: Leafeon|Leafeon, F, shiny|100\/100\n|move|p2a: Walking Wake|Draco Meteor|p1a: Leafeon|[miss]\n|-miss|p2a: Walking Wake|p1a: Leafeon\n|\n|-weather|none\n|-end|p2a: Walking Wake|Protosynthesis\n|upkeep\n|turn|14\n|\n|t:|1698329611\n|-end|p2a: Walking Wake|Protosynthesis|[silent]\n|switch|p2a: Torkoal|Torkoal, F|100\/100\n|-weather|SunnyDay|[from] ability: Drought|[of] p2a: Torkoal\n|move|p1a: Leafeon|Sunny Day||[still]\n|-fail|p1a: Leafeon\n|\n|-weather|SunnyDay|[upkeep]\n|upkeep\n|turn|15\n|\n|t:|1698329624\n|-terastallize|p1a: Leafeon|Fire\n|move|p1a: Leafeon|Solar Blade||[still]\n|-prepare|p1a: Leafeon|Solar Blade\n|-anim|p1a: Leafeon|Solar Blade|p2a: Torkoal\n|-resisted|p2a: Torkoal\n|-damage|p2a: Torkoal|85\/100\n|move|p2a: Torkoal|Stealth Rock|p1a: Leafeon\n|-sidestart|p1: krummshot|move: Stealth Rock\n|\n|-weather|SunnyDay|[upkeep]\n|upkeep\n|turn|16\n|\n|t:|1698329640\n|move|p1a: Leafeon|Giga Drain|p2a: Torkoal\n|-resisted|p2a: Torkoal\n|-damage|p2a: Torkoal|67\/100\n|move|p2a: Torkoal|Yawn|p1a: Leafeon\n|-start|p1a: Leafeon|move: Yawn|[of] p2a: Torkoal\n|\n|-weather|SunnyDay|[upkeep]\n|upkeep\n|turn|17\n|\n|t:|1698329648\n|switch|p1a: Skeledirge|Skeledirge, M, shiny|100\/100\n|-damage|p1a: Skeledirge|76\/100|[from] Stealth Rock\n|switch|p2a: Gengar|Gengar, F|100\/100\n|\n|-weather|SunnyDay|[upkeep]\n|upkeep\n|turn|18\n|\n|t:|1698329658\n|move|p2a: Gengar|Mean Look||[still]\n|-fail|p2a: Gengar\n|move|p1a: Skeledirge|Zen Headbutt|p2a: Gengar\n|-supereffective|p2a: Gengar\n|-damage|p2a: Gengar|47\/100\n|\n|-weather|SunnyDay|[upkeep]\n|upkeep\n|turn|19\n|\n|t:|1698329678\n|move|p2a: Gengar|Destiny Bond|p2a: Gengar\n|-singlemove|p2a: Gengar|Destiny Bond\n|move|p1a: Skeledirge|Zen Headbutt|p2a: Gengar\n|-supereffective|p2a: Gengar\n|-damage|p2a: Gengar|0 fnt\n|faint|p2a: Gengar\n|-activate|p2a: Gengar|move: Destiny Bond\n|faint|p1a: Skeledirge\n|\n|-weather|SunnyDay|[upkeep]\n|upkeep\n|\n|t:|1698329695\n|switch|p2a: Ursaluna|Ursaluna-Bloodmoon, M|100\/100\n|switch|p1a: Tyranitar|Tyranitar, F|100\/100\n|-damage|p1a: Tyranitar|88\/100|[from] Stealth Rock\n|-weather|Sandstorm|[from] ability: Sand Stream|[of] p1a: Tyranitar\n|turn|20\n|\n|t:|1698329702\n|move|p1a: Tyranitar|Stealth Rock|p2a: Ursaluna\n|-sidestart|p2: LingLing007|move: Stealth Rock\n|move|p2a: Ursaluna|Calm Mind|p2a: Ursaluna\n|-boost|p2a: Ursaluna|spa|1\n|-boost|p2a: Ursaluna|spd|1\n|\n|-weather|Sandstorm|[upkeep]\n|-heal|p1a: Tyranitar|94\/100|[from] item: Leftovers\n|upkeep\n|turn|21\n|\n|t:|1698329709\n|move|p1a: Tyranitar|Body Press|p2a: Ursaluna\n|-supereffective|p2a: Ursaluna\n|-damage|p2a: Ursaluna|71\/100\n|move|p2a: Ursaluna|Calm Mind|p2a: Ursaluna\n|-boost|p2a: Ursaluna|spa|1\n|-boost|p2a: Ursaluna|spd|1\n|\n|-weather|Sandstorm|[upkeep]\n|-heal|p1a: Tyranitar|100\/100|[from] item: Leftovers\n|upkeep\n|turn|22\n|\n|t:|1698329716\n|move|p2a: Ursaluna|Vacuum Wave|p1a: Tyranitar\n|-supereffective|p1a: Tyranitar\n|-damage|p1a: Tyranitar|41\/100\n|move|p1a: Tyranitar|Body Press|p2a: Ursaluna\n|-supereffective|p2a: Ursaluna\n|-damage|p2a: Ursaluna|46\/100\n|\n|-weather|Sandstorm|[upkeep]\n|-heal|p1a: Tyranitar|47\/100|[from] item: Leftovers\n|upkeep\n|turn|23\n|\n|t:|1698329727\n|switch|p1a: Sylveon|Sylveon, F, shiny|100\/100\n|-damage|p1a: Sylveon|88\/100|[from] Stealth Rock\n|move|p2a: Ursaluna|Moonlight|p2a: Ursaluna\n|-heal|p2a: Ursaluna|70\/100\n|\n|-weather|Sandstorm|[upkeep]\n|-damage|p1a: Sylveon|82\/100|[from] Sandstorm\n|-heal|p1a: Sylveon|88\/100|[from] item: Leftovers\n|upkeep\n|turn|24\n|\n|t:|1698329732\n|move|p1a: Sylveon|Moonblast|p2a: Ursaluna\n|-damage|p2a: Ursaluna|45\/100\n|move|p2a: Ursaluna|Calm Mind|p2a: Ursaluna\n|-boost|p2a: Ursaluna|spa|1\n|-boost|p2a: Ursaluna|spd|1\n|\n|-weather|none\n|-heal|p1a: Sylveon|94\/100|[from] item: Leftovers\n|upkeep\n|turn|25\n|\n|t:|1698329740\n|move|p1a: Sylveon|Moonblast|p2a: Ursaluna\n|-damage|p2a: Ursaluna|24\/100\n|move|p2a: Ursaluna|Moonlight|p2a: Ursaluna\n|-heal|p2a: Ursaluna|74\/100\n|\n|-heal|p1a: Sylveon|99\/100|[from] item: Leftovers\n|upkeep\n|turn|26\n|-activate|p2a: Ursaluna|item: Quick Claw\n|\n|t:|1698329747\n|move|p2a: Ursaluna|Calm Mind|p2a: Ursaluna\n|-boost|p2a: Ursaluna|spa|1\n|-boost|p2a: Ursaluna|spd|1\n|move|p1a: Sylveon|Moonblast|p2a: Ursaluna\n|-damage|p2a: Ursaluna|58\/100\n|\n|-heal|p1a: Sylveon|100\/100|[from] item: Leftovers\n|upkeep\n|turn|27\n|\n|t:|1698329758\n|move|p1a: Sylveon|Moonblast|p2a: Ursaluna\n|-damage|p2a: Ursaluna|41\/100\n|move|p2a: Ursaluna|Moonlight|p2a: Ursaluna\n|-heal|p2a: Ursaluna|91\/100\n|\n|upkeep\n|turn|28\n|\n|t:|1698329762\n|move|p1a: Sylveon|Moonblast|p2a: Ursaluna\n|-crit|p2a: Ursaluna\n|-damage|p2a: Ursaluna|12\/100\n|move|p2a: Ursaluna|Calm Mind|p2a: Ursaluna\n|-boost|p2a: Ursaluna|spa|1\n|-boost|p2a: Ursaluna|spd|1\n|\n|upkeep\n|turn|29\n|-activate|p2a: Ursaluna|item: Quick Claw\n|\n|t:|1698329767\n|move|p2a: Ursaluna|Moonlight|p2a: Ursaluna\n|-heal|p2a: Ursaluna|62\/100\n|move|p1a: Sylveon|Moonblast|p2a: Ursaluna\n|-damage|p2a: Ursaluna|47\/100\n|-unboost|p2a: Ursaluna|spa|1\n|\n|upkeep\n|turn|30\n|-activate|p2a: Ursaluna|item: Quick Claw\n|\n|t:|1698329775\n|move|p2a: Ursaluna|Moonlight|p2a: Ursaluna\n|-heal|p2a: Ursaluna|97\/100\n|move|p1a: Sylveon|Moonblast|p2a: Ursaluna\n|-damage|p2a: Ursaluna|83\/100\n|-unboost|p2a: Ursaluna|spa|1\n|\n|upkeep\n|turn|31\n|\n|t:|1698329783\n|move|p1a: Sylveon|Wish|p1a: Sylveon\n|move|p2a: Ursaluna|Calm Mind|p2a: Ursaluna\n|-boost|p2a: Ursaluna|spa|1\n|-boost|p2a: Ursaluna|spd|1\n|\n|upkeep\n|turn|32\n|\n|t:|1698329787\n|move|p2a: Ursaluna|Vacuum Wave|p1a: Sylveon\n|-resisted|p1a: Sylveon\n|-damage|p1a: Sylveon|84\/100\n|move|p1a: Sylveon|Moonblast|p2a: Ursaluna\n|-damage|p2a: Ursaluna|69\/100\n|-unboost|p2a: Ursaluna|spa|1\n|\n|-heal|p1a: Sylveon|100\/100|[from] move: Wish|[wisher] Sylveon\n|upkeep\n|turn|33\n|\n|t:|1698329795\n|move|p1a: Sylveon|Moonblast|p2a: Ursaluna\n|-damage|p2a: Ursaluna|57\/100\n|-unboost|p2a: Ursaluna|spa|1\n|move|p2a: Ursaluna|Blood Moon|p1a: Sylveon\n|-damage|p1a: Sylveon|0 fnt\n|faint|p1a: Sylveon\n|\n|upkeep\n|\n|t:|1698329809\n|switch|p1a: Gyarados|Gyarados, M|78\/100\n|-damage|p1a: Gyarados|53\/100|[from] Stealth Rock\n|-ability|p1a: Gyarados|Intimidate|boost\n|-unboost|p2a: Ursaluna|atk|1\n|turn|34\n|\n|t:|1698329814\n|move|p2a: Ursaluna|Vacuum Wave|p1a: Gyarados\n|-resisted|p1a: Gyarados\n|-damage|p1a: Gyarados|40\/100\n|move|p1a: Gyarados|Aqua Tail|p2a: Ursaluna\n|-supereffective|p2a: Ursaluna\n|-damage|p2a: Ursaluna|0 fnt\n|faint|p2a: Ursaluna\n|\n|upkeep\n|\n|t:|1698329822\n|switch|p2a: Torkoal|Torkoal, F|67\/100\n|-damage|p2a: Torkoal|42\/100|[from] Stealth Rock\n|-weather|SunnyDay|[from] ability: Drought|[of] p2a: Torkoal\n|turn|35\n|\n|t:|1698329827\n|move|p1a: Gyarados|Aqua Tail|p2a: Torkoal\n|-supereffective|p2a: Torkoal\n|-damage|p2a: Torkoal|17\/100\n|move|p2a: Torkoal|Rapid Spin|p1a: Gyarados\n|-damage|p1a: Gyarados|26\/100\n|-boost|p2a: Torkoal|spe|1\n|-sideend|p2: LingLing007|Stealth Rock|[from] move: Rapid Spin|[of] p2a: Torkoal\n|\n|-weather|SunnyDay|[upkeep]\n|upkeep\n|turn|36\n|\n|t:|1698329840\n|switch|p2a: Walking Wake|Walking Wake|97\/100\n|-activate|p2a: Walking Wake|ability: Protosynthesis\n|-start|p2a: Walking Wake|protosynthesisspe\n|move|p1a: Gyarados|Aqua Tail|p2a: Walking Wake\n|-resisted|p2a: Walking Wake\n|-damage|p2a: Walking Wake|91\/100\n|\n|-weather|SunnyDay|[upkeep]\n|upkeep\n|turn|37\n|\n|t:|1698329850\n|move|p2a: Walking Wake|Hydro Steam|p1a: Gyarados\n|-resisted|p1a: Gyarados\n|-damage|p1a: Gyarados|0 fnt\n|faint|p1a: Gyarados\n|\n|-weather|SunnyDay|[upkeep]\n|upkeep\n|inactive|krummshot has 120 seconds left.\n|inactive|krummshot has 90 seconds left.\n|\n|t:|1698329921\n|switch|p1a: Leafeon|Leafeon, F, shiny, tera:Fire|100\/100\n|-damage|p1a: Leafeon|76\/100|[from] Stealth Rock\n|turn|38\n|inactive|LingLing007 has 120 seconds left.\n|\n|t:|1698329962\n|-end|p2a: Walking Wake|Protosynthesis|[silent]\n|switch|p2a: Toxapex|Toxapex, M|100\/100\n|move|p1a: Leafeon|Solar Blade||[still]\n|-prepare|p1a: Leafeon|Solar Blade\n|-anim|p1a: Leafeon|Solar Blade|p2a: Toxapex\n|-damage|p2a: Toxapex|53\/100\n|-damage|p1a: Leafeon|59\/100|[from] item: Rocky Helmet|[of] p2a: Toxapex\n|\n|-weather|SunnyDay|[upkeep]\n|upkeep\n|turn|39\n|inactive|krummshot has 90 seconds left.\n|\n|t:|1698329971\n|move|p1a: Leafeon|Giga Drain|p2a: Toxapex\n|-crit|p2a: Toxapex\n|-damage|p2a: Toxapex|25\/100\n|-heal|p1a: Leafeon|75\/100|[from] drain|[of] p2a: Toxapex\n|move|p2a: Toxapex|Chilling Water|p1a: Leafeon\n|-supereffective|p1a: Leafeon\n|-damage|p1a: Leafeon|61\/100\n|-unboost|p1a: Leafeon|atk|1\n|\n|-weather|SunnyDay|[upkeep]\n|upkeep\n|turn|40\n|inactive|LingLing007 has 120 seconds left.\n|\n|t:|1698329977\n|move|p1a: Leafeon|Solar Blade||[still]\n|-prepare|p1a: Leafeon|Solar Blade\n|-anim|p1a: Leafeon|Solar Blade|p2a: Toxapex\n|-damage|p2a: Toxapex|0 fnt\n|-damage|p1a: Leafeon|44\/100|[from] item: Rocky Helmet|[of] p2a: Toxapex\n|faint|p2a: Toxapex\n|\n|-weather|SunnyDay|[upkeep]\n|upkeep\n|inactive|LingLing007 has 120 seconds left.\n|\n|t:|1698329983\n|switch|p2a: Walking Wake|Walking Wake|91\/100\n|-activate|p2a: Walking Wake|ability: Protosynthesis\n|-start|p2a: Walking Wake|protosynthesisspe\n|turn|41\n|\n|t:|1698329987\n|-terastallize|p2a: Walking Wake|Water\n|move|p2a: Walking Wake|Hydro Steam|p1a: Leafeon\n|-supereffective|p1a: Leafeon\n|-damage|p1a: Leafeon|0 fnt\n|faint|p1a: Leafeon\n|\n|-weather|SunnyDay|[upkeep]\n|upkeep\n|\n|t:|1698329994\n|switch|p1a: Tyranitar|Tyranitar, F|47\/100\n|-damage|p1a: Tyranitar|35\/100|[from] Stealth Rock\n|-weather|Sandstorm|[from] ability: Sand Stream|[of] p1a: Tyranitar\n|-end|p2a: Walking Wake|Protosynthesis\n|turn|42\n|\n|t:|1698329999\n|move|p2a: Walking Wake|Hydro Steam|p1a: Tyranitar\n|-supereffective|p1a: Tyranitar\n|-damage|p1a: Tyranitar|0 fnt\n|faint|p1a: Tyranitar\n|\n|win|LingLing007\n|raw|krummshot's rating: 1094 &rarr; <strong>1076<\/strong><br \/>(-18 for losing)\n|raw|LingLing007's rating: 1190 &rarr; <strong>1208<\/strong><br \/>(+18 for winning)\n","uploadtime":1698330005,"views":8,"p1id":"krummshot","p2id":"lingling007","formatid":"gen9anythinggoes","rating":1076,"private":0,"password":""}