{"id":"gen9anythinggoes-2000249350","p1":"sumitvs138","p2":"Yakkosalabama","format":"[Gen 9] Anything Goes","log":"|j|\u2606sumitvs138\n|j|\u2606Yakkosalabama\n|inactive|Battle timer is ON: inactive players will automatically lose when time's up.\n|t:|1701177441\n|gametype|singles\n|player|p1|sumitvs138|youngcouple-gen4dp|\n|player|p2|Yakkosalabama|volo|\n|teamsize|p1|6\n|teamsize|p2|6\n|gen|9\n|tier|[Gen 9] Anything Goes\n|rated|Tournament battle\n|rule|HP Percentage Mod: HP is shown in percentages\n|rule|Endless Battle Clause: Forcing endless battles is banned\n|clearpoke\n|poke|p1|Calyrex-Shadow|\n|poke|p1|Basculegion, M|\n|poke|p1|Iron Leaves|\n|poke|p1|Glimmora, M|\n|poke|p1|Arceus|\n|poke|p1|Miraidon|\n|poke|p2|Dondozo, F|\n|poke|p2|Calyrex-Shadow|\n|poke|p2|Zacian-*|\n|poke|p2|Arceus|\n|poke|p2|Koraidon|\n|poke|p2|Miraidon|\n|teampreview\n|inactive|Yakkosalabama also wants the timer to be on.\n|c|\u2606Yakkosalabama|Hi\n|\n|t:|1701177449\n|start\n|switch|p1a: Miraidon|Miraidon|100\/100\n|switch|p2a: Koraidon|Koraidon|100\/100\n|-fieldstart|move: Electric Terrain|[from] ability: Hadron Engine|[of] p1a: Miraidon\n|-weather|SunnyDay|[from] ability: Orichalcum Pulse|[of] p2a: Koraidon\n|-activate|p2a: Koraidon|Orichalcum Pulse|[source]\n|turn|1\n|\n|t:|1701177462\n|move|p1a: Miraidon|Volt Switch|p2a: Koraidon\n|-resisted|p2a: Koraidon\n|-damage|p2a: Koraidon|68\/100\n|\n|t:|1701177468\n|switch|p1a: Arceus|Arceus|100\/100|[from] Volt Switch\n|move|p2a: Koraidon|Outrage|p1a: Arceus\n|-damage|p1a: Arceus|0 fnt\n|faint|p1a: Arceus\n|\n|-weather|SunnyDay|[upkeep]\n|upkeep\n|\n|t:|1701177478\n|switch|p1a: Glimmora|Glimmora, M|100\/100\n|turn|2\n|c|\u2606sumitvs138|Yoo\n|\n|t:|1701177491\n|move|p2a: Koraidon|Outrage|p1a: Glimmora|[from]lockedmove\n|-enditem|p1a: Glimmora|Focus Sash\n|-damage|p1a: Glimmora|1\/100\n|move|p1a: Glimmora|Toxic Spikes|p2a: Koraidon\n|-sidestart|p2: Yakkosalabama|move: Toxic Spikes\n|\n|-weather|SunnyDay|[upkeep]\n|upkeep\n|turn|3\n|c|\u2606Yakkosalabama|Hru?\n|\n|t:|1701177500\n|move|p2a: Koraidon|Outrage|p1a: Glimmora|[from]lockedmove\n|-damage|p1a: Glimmora|0 fnt\n|faint|p1a: Glimmora\n|-start|p2a: Koraidon|confusion|[fatigue]\n|\n|-weather|SunnyDay|[upkeep]\n|upkeep\n|\n|t:|1701177508\n|switch|p1a: Calyrex|Calyrex-Shadow|100\/100\n|-ability|p1a: Calyrex|As One\n|-ability|p1a: Calyrex|Unnerve\n|turn|4\n|c|\u2606Yakkosalabama|Wait corrosion glimmora?\n|\n|t:|1701177514\n|move|p1a: Calyrex|Psyshock|p2a: Koraidon\n|-supereffective|p2a: Koraidon\n|-damage|p2a: Koraidon|0 fnt\n|faint|p2a: Koraidon\n|-ability|p1a: Calyrex|Grim Neigh|boost\n|-boost|p1a: Calyrex|spa|1\n|\n|-weather|SunnyDay|[upkeep]\n|upkeep\n|\n|t:|1701177515\n|switch|p2a: Calyrex|Calyrex-Shadow|100\/100\n|-ability|p2a: Calyrex|As One\n|-ability|p2a: Calyrex|Unnerve\n|-status|p2a: Calyrex|psn\n|turn|5\n|\n|t:|1701177530\n|-terastallize|p1a: Calyrex|Dark\n|move|p1a: Calyrex|Psyshock|p2a: Calyrex\n|-resisted|p2a: Calyrex\n|-damage|p2a: Calyrex|56\/100 psn\n|move|p2a: Calyrex|Astral Barrage|p1a: Calyrex\n|-resisted|p1a: Calyrex\n|-damage|p1a: Calyrex|61\/100\n|\n|-weather|none\n|-damage|p2a: Calyrex|44\/100 psn|[from] psn\n|-fieldend|move: Electric Terrain\n|upkeep\n|turn|6\n|\n|t:|1701177543\n|move|p1a: Calyrex|Psyshock|p2a: Calyrex\n|-resisted|p2a: Calyrex\n|-damage|p2a: Calyrex|0 fnt\n|faint|p2a: Calyrex\n|-ability|p1a: Calyrex|Grim Neigh|boost\n|-boost|p1a: Calyrex|spa|1\n|\n|upkeep\n|\n|t:|1701177545\n|switch|p2a: Zacian|Zacian-Crowned|100\/100\n|-ability|p2a: Zacian|Intrepid Sword|boost\n|-boost|p2a: Zacian|atk|1\n|turn|7\n|c|\u2606sumitvs138|Yep\n|\n|t:|1701177564\n|move|p1a: Calyrex|Psyshock|p2a: Zacian\n|-resisted|p2a: Zacian\n|-damage|p2a: Zacian|57\/100\n|move|p2a: Zacian|Play Rough|p1a: Calyrex\n|-supereffective|p1a: Calyrex\n|-damage|p1a: Calyrex|0 fnt\n|faint|p1a: Calyrex\n|\n|upkeep\n|j| ashfqwer\n|inactive|sumitvs138 has 120 seconds left.\n|\n|t:|1701177587\n|switch|p1a: Miraidon|Miraidon|100\/100\n|-fieldstart|move: Electric Terrain|[from] ability: Hadron Engine|[of] p1a: Miraidon\n|turn|8\n|\n|t:|1701177593\n|move|p1a: Miraidon|Volt Switch|p2a: Zacian\n|-damage|p2a: Zacian|0 fnt\n|faint|p2a: Zacian\n|\n|t:|1701177598\n|switch|p1a: Iron Leaves|Iron Leaves|100\/100|[from] Volt Switch\n|-activate|p1a: Iron Leaves|ability: Quark Drive\n|-start|p1a: Iron Leaves|quarkdriveatk\n|\n|upkeep\n|\n|t:|1701177603\n|switch|p2a: Miraidon|Miraidon|100\/100\n|-status|p2a: Miraidon|psn\n|-activate|p2a: Miraidon|ability: Hadron Engine\n|turn|9\n|\n|t:|1701177621\n|move|p1a: Iron Leaves|Psyblade|p2a: Miraidon\n|-damage|p2a: Miraidon|6\/100 psn\n|move|p2a: Miraidon|Substitute|p2a: Miraidon\n|-fail|p2a: Miraidon|move: Substitute|[weak]\n|\n|-heal|p2a: Miraidon|12\/100 psn|[from] item: Leftovers\n|-damage|p2a: Miraidon|0 fnt|[from] psn\n|faint|p2a: Miraidon\n|upkeep\n|c|\u2606Yakkosalabama|Ow scarf\n|\n|t:|1701177627\n|switch|p2a: Dondozo|Dondozo, F|100\/100\n|-status|p2a: Dondozo|psn\n|turn|10\n|c|\u2606sumitvs138|Yoo\n|\n|t:|1701177636\n|-terastallize|p2a: Dondozo|Water\n|move|p1a: Iron Leaves|Psyblade|p2a: Dondozo\n|-damage|p2a: Dondozo|58\/100 psn\n|move|p2a: Dondozo|Wave Crash|p1a: Iron Leaves\n|-resisted|p1a: Iron Leaves\n|-damage|p1a: Iron Leaves|69\/100\n|-damage|p2a: Dondozo|51\/100 psn|[from] Recoil\n|\n|-heal|p2a: Dondozo|57\/100 psn|[from] item: Leftovers\n|-damage|p2a: Dondozo|45\/100 psn|[from] psn\n|upkeep\n|turn|11\n|l| ashfqwer\n|\n|t:|1701177649\n|move|p1a: Iron Leaves|Psyblade|p2a: Dondozo\n|-damage|p2a: Dondozo|4\/100 psn\n|move|p2a: Dondozo|Wave Crash|p1a: Iron Leaves\n|-resisted|p1a: Iron Leaves\n|-damage|p1a: Iron Leaves|37\/100\n|-damage|p2a: Dondozo|0 fnt|[from] Recoil\n|faint|p2a: Dondozo\n|\n|upkeep\n|\n|t:|1701177651\n|switch|p2a: Arceus|Arceus|100\/100\n|-status|p2a: Arceus|psn\n|turn|12\n|\n|t:|1701177661\n|move|p2a: Arceus|Extreme Speed|p1a: Iron Leaves\n|-damage|p1a: Iron Leaves|0 fnt\n|faint|p1a: Iron Leaves\n|-end|p1a: Iron Leaves|Quark Drive|[silent]\n|\n|-damage|p2a: Arceus|88\/100 psn|[from] psn\n|-fieldend|move: Electric Terrain\n|upkeep\n|\n|t:|1701177669\n|switch|p1a: Miraidon|Miraidon|100\/100\n|-fieldstart|move: Electric Terrain|[from] ability: Hadron Engine|[of] p1a: Miraidon\n|turn|13\n|\n|t:|1701177675\n|move|p1a: Miraidon|Electro Drift|p2a: Arceus\n|-damage|p2a: Arceus|27\/100 psn\n|move|p2a: Arceus|Earthquake|p1a: Miraidon\n|-supereffective|p1a: Miraidon\n|-damage|p1a: Miraidon|33\/100\n|\n|-heal|p2a: Arceus|33\/100 psn|[from] item: Leftovers\n|-damage|p2a: Arceus|21\/100 psn|[from] psn\n|upkeep\n|turn|14\n|\n|t:|1701177686\n|move|p2a: Arceus|Extreme Speed|p1a: Miraidon\n|-damage|p1a: Miraidon|0 fnt\n|faint|p1a: Miraidon\n|\n|-heal|p2a: Arceus|27\/100 psn|[from] item: Leftovers\n|-damage|p2a: Arceus|14\/100 psn|[from] psn\n|upkeep\n|\n|t:|1701177698\n|switch|p1a: Basculegion|Basculegion, M|100\/100\n|turn|15\n|\n|t:|1701177703\n|move|p1a: Basculegion|Wave Crash|p2a: Arceus\n|-damage|p2a: Arceus|0 fnt\n|faint|p2a: Arceus\n|-damage|p1a: Basculegion|95\/100|[from] Recoil\n|\n|win|sumitvs138\n|n|\u2606sumitvs138|sumitvs138\n|n|\u2606Yakkosalabama|yakkosalabama\n|c|\u2606Yakkosalabama|Gg\n","uploadtime":1701177709,"views":0,"p1id":"sumitvs138","p2id":"yakkosalabama","formatid":"gen9anythinggoes","rating":0,"private":0,"password":""}