{"id":"gen9anythinggoes-1986227986","p1":"poopgun45","p2":"monkey>anything","format":"[Gen 9] Anything Goes","log":"|j|\u2606poopgun45\n|j|\u2606monkey>anything\n|t:|1699461560\n|gametype|singles\n|player|p1|poopgun45|169|1054\n|player|p2|monkey>anything|ninjaboy|1000\n|teamsize|p1|6\n|teamsize|p2|6\n|gen|9\n|tier|[Gen 9] Anything Goes\n|rated|\n|rule|HP Percentage Mod: HP is shown in percentages\n|rule|Endless Battle Clause: Forcing endless battles is banned\n|clearpoke\n|poke|p1|Sandaconda, F|\n|poke|p1|Slugma, M|\n|poke|p1|Drifblim, F|\n|poke|p1|Drifblim, M|\n|poke|p1|Maushold-Four|\n|poke|p1|Drifblim, M|\n|poke|p2|Infernape, F|\n|poke|p2|Gliscor, M|\n|poke|p2|Baxcalibur, F|\n|poke|p2|Mimikyu, F|\n|poke|p2|Palafin, F|\n|poke|p2|Toxtricity, F|\n|teampreview\n|\n|t:|1699461566\n|start\n|switch|p1a: im gonna look at u|Sandaconda, F|100\/100\n|switch|p2a: Palafin|Palafin, F|100\/100\n|turn|1\n|\n|t:|1699461572\n|move|p2a: Palafin|Flip Turn|p1a: im gonna look at u\n|-supereffective|p1a: im gonna look at u\n|-crit|p1a: im gonna look at u\n|-damage|p1a: im gonna look at u|47\/100\n|\n|t:|1699461577\n|detailschange|p2a: Palafin|Palafin-Hero, F\n|switch|p2a: Gliscor|Gliscor, M, shiny|100\/100|[from] Flip Turn\n|move|p1a: im gonna look at u|Glare|p2a: Gliscor\n|-status|p2a: Gliscor|par\n|\n|upkeep\n|turn|2\n|\n|t:|1699461585\n|move|p1a: im gonna look at u|Drill Run|p2a: Gliscor\n|-immune|p2a: Gliscor\n|move|p2a: Gliscor|Ice Fang|p1a: im gonna look at u\n|-supereffective|p1a: im gonna look at u\n|-damage|p1a: im gonna look at u|18\/100\n|\n|upkeep\n|turn|3\n|\n|t:|1699461591\n|move|p1a: im gonna look at u|Body Slam|p2a: Gliscor\n|-damage|p2a: Gliscor|85\/100 par\n|cant|p2a: Gliscor|par\n|\n|upkeep\n|turn|4\n|\n|t:|1699461595\n|move|p1a: im gonna look at u|Body Slam|p2a: Gliscor\n|-damage|p2a: Gliscor|69\/100 par\n|move|p2a: Gliscor|Ice Fang|p1a: im gonna look at u\n|-supereffective|p1a: im gonna look at u\n|-damage|p1a: im gonna look at u|0 fnt\n|faint|p1a: im gonna look at u\n|\n|upkeep\n|\n|t:|1699461602\n|switch|p1a: Dang Nabbit|Drifblim, F, shiny|100\/100\n|turn|5\n|\n|t:|1699461606\n|move|p1a: Dang Nabbit|Minimize|p1a: Dang Nabbit\n|-boost|p1a: Dang Nabbit|evasion|2\n|move|p2a: Gliscor|Ice Fang|p1a: Dang Nabbit|[miss]\n|-miss|p2a: Gliscor|p1a: Dang Nabbit\n|\n|upkeep\n|turn|6\n|\n|t:|1699461611\n|move|p1a: Dang Nabbit|Minimize|p1a: Dang Nabbit\n|-boost|p1a: Dang Nabbit|evasion|2\n|move|p2a: Gliscor|Knock Off|p1a: Dang Nabbit\n|-supereffective|p1a: Dang Nabbit\n|-damage|p1a: Dang Nabbit|31\/100\n|-enditem|p1a: Dang Nabbit|Focus Sash|[from] move: Knock Off|[of] p2a: Gliscor\n|\n|upkeep\n|turn|7\n|\n|t:|1699461618\n|move|p1a: Dang Nabbit|Minimize|p1a: Dang Nabbit\n|-boost|p1a: Dang Nabbit|evasion|2\n|cant|p2a: Gliscor|par\n|\n|upkeep\n|turn|8\n|\n|t:|1699461623\n|move|p1a: Dang Nabbit|Baton Pass|p1a: Dang Nabbit\n|\n|t:|1699461625\n|switch|p1a: im so small|Drifblim, M|100\/100|[from] Baton Pass\n|move|p2a: Gliscor|Knock Off|p1a: im so small|[miss]\n|-miss|p2a: Gliscor|p1a: im so small\n|\n|upkeep\n|turn|9\n|\n|t:|1699461638\n|move|p1a: im so small|Calm Mind|p1a: im so small\n|-boost|p1a: im so small|spa|1\n|-boost|p1a: im so small|spd|1\n|move|p2a: Gliscor|Knock Off|p1a: im so small|[miss]\n|-miss|p2a: Gliscor|p1a: im so small\n|\n|upkeep\n|turn|10\n|\n|t:|1699461649\n|switch|p2a: Baxcalibur|Baxcalibur, F, shiny|100\/100\n|move|p1a: im so small|Calm Mind|p1a: im so small\n|-boost|p1a: im so small|spa|1\n|-boost|p1a: im so small|spd|1\n|\n|upkeep\n|turn|11\n|n|!poopgun45|poopgun45\n|\n|t:|1699461659\n|move|p1a: im so small|Calm Mind|p1a: im so small\n|-boost|p1a: im so small|spa|1\n|-boost|p1a: im so small|spd|1\n|move|p2a: Baxcalibur|Icicle Spear|p1a: im so small|[miss]\n|-miss|p2a: Baxcalibur|p1a: im so small\n|\n|upkeep\n|turn|12\n|\n|t:|1699461671\n|move|p1a: im so small|Thunder Wave|p2a: Baxcalibur\n|-status|p2a: Baxcalibur|par\n|cant|p2a: Baxcalibur|par\n|\n|upkeep\n|turn|13\n|\n|t:|1699461678\n|move|p1a: im so small|Calm Mind|p1a: im so small\n|-boost|p1a: im so small|spa|1\n|-boost|p1a: im so small|spd|1\n|cant|p2a: Baxcalibur|par\n|\n|upkeep\n|turn|14\n|\n|t:|1699461683\n|move|p1a: im so small|Calm Mind|p1a: im so small\n|-boost|p1a: im so small|spa|1\n|-boost|p1a: im so small|spd|1\n|move|p2a: Baxcalibur|Icicle Spear|p1a: im so small\n|-supereffective|p1a: im so small\n|-damage|p1a: im so small|61\/100\n|-supereffective|p1a: im so small\n|-damage|p1a: im so small|16\/100\n|-supereffective|p1a: im so small\n|-damage|p1a: im so small|0 fnt\n|faint|p1a: im so small\n|-hitcount|p1: im so small|3\n|\n|upkeep\n|-message|poopgun45 forfeited.\n|\n|win|monkey>anything\n|raw|poopgun45's rating: 1054 &rarr; <strong>1033<\/strong><br \/>(-21 for losing)\n|raw|monkey&gt;anything's rating: 1000 &rarr; <strong>1046<\/strong><br \/>(+46 for winning)\n|l|!poopgun45\n","uploadtime":1699461653,"views":5,"p1id":"poopgun45","p2id":"monkeyanything","formatid":"gen9anythinggoes","rating":1033,"private":0,"password":""}