{"id":"gen9anythinggoes-1975061411","p1":"IMTHEFALSESHEPHERD","p2":"Aimantic","format":"[Gen 9] Anything Goes","log":"|j|\u2606IMTHEFALSESHEPHERD\n|j|\u2606Aimantic\n|t:|1698158867\n|gametype|singles\n|player|p1|IMTHEFALSESHEPHERD|red|1358\n|player|p2|Aimantic|preschooler|1486\n|teamsize|p1|6\n|teamsize|p2|6\n|gen|9\n|tier|[Gen 9] Anything Goes\n|rated|\n|rule|HP Percentage Mod: HP is shown in percentages\n|rule|Endless Battle Clause: Forcing endless battles is banned\n|clearpoke\n|poke|p1|Typhlosion, M|\n|poke|p1|Sudowoodo, F|\n|poke|p1|Ursaluna-Bloodmoon, M|\n|poke|p1|Arceus-Electric|\n|poke|p1|Dragonite, M|\n|poke|p1|Annihilape, M|\n|poke|p2|Iron Valiant|\n|poke|p2|Ceruledge, F|\n|poke|p2|Miraidon|\n|poke|p2|Tyranitar, F|\n|poke|p2|Houndstone, F|\n|poke|p2|Arceus-Water|\n|teampreview\n|inactive|Battle timer is ON: inactive players will automatically lose when time's up. (requested by Aimantic)\n|c|\u2606IMTHEFALSESHEPHERD|glhf\n|c|\u2606Aimantic|gl\n|\n|t:|1698158877\n|start\n|switch|p1a: AipomDied|Annihilape, M|100\/100\n|switch|p2a: Miraidon|Miraidon|100\/100\n|-fieldstart|move: Electric Terrain|[from] ability: Hadron Engine|[of] p2a: Miraidon\n|turn|1\n|\n|t:|1698158885\n|switch|p1a: Ursaluna|Ursaluna-Bloodmoon, M|100\/100\n|move|p2a: Miraidon|Volt Switch|p1a: Ursaluna\n|-immune|p1a: Ursaluna\n|\n|upkeep\n|turn|2\n|\n|t:|1698158895\n|switch|p2a: Iron Valiant|Iron Valiant|100\/100\n|-activate|p2a: Iron Valiant|ability: Quark Drive\n|-start|p2a: Iron Valiant|quarkdrivespe\n|move|p1a: Ursaluna|Earth Power|p2a: Iron Valiant\n|-damage|p2a: Iron Valiant|4\/100\n|\n|upkeep\n|turn|3\n|\n|t:|1698158905\n|switch|p1a: AipomDied|Annihilape, M|100\/100\n|move|p2a: Iron Valiant|Close Combat|p1a: AipomDied\n|-immune|p1a: AipomDied\n|\n|upkeep\n|turn|4\n|\n|t:|1698158911\n|move|p2a: Iron Valiant|Shadow Claw|p1a: AipomDied\n|-supereffective|p1a: AipomDied\n|-damage|p1a: AipomDied|48\/100\n|move|p1a: AipomDied|Rage Fist|p2a: Iron Valiant\n|-damage|p2a: Iron Valiant|0 fnt\n|faint|p2a: Iron Valiant\n|-end|p2a: Iron Valiant|Quark Drive|[silent]\n|\n|upkeep\n|\n|t:|1698158927\n|switch|p2a: Ceruledge|Ceruledge, F|100\/100\n|turn|5\n|\n|t:|1698158932\n|move|p1a: AipomDied|Rage Fist|p2a: Ceruledge\n|-supereffective|p2a: Ceruledge\n|-enditem|p2a: Ceruledge|Focus Sash\n|-damage|p2a: Ceruledge|1\/100\n|-ability|p2a: Ceruledge|Weak Armor|boost\n|-unboost|p2a: Ceruledge|def|1\n|-boost|p2a: Ceruledge|spe|2\n|move|p2a: Ceruledge|Swords Dance|p2a: Ceruledge\n|-boost|p2a: Ceruledge|atk|2\n|\n|-fieldend|move: Electric Terrain\n|upkeep\n|turn|6\n|\n|t:|1698158939\n|move|p2a: Ceruledge|Shadow Sneak|p1a: AipomDied\n|-supereffective|p1a: AipomDied\n|-damage|p1a: AipomDied|0 fnt\n|faint|p1a: AipomDied\n|\n|upkeep\n|\n|t:|1698158946\n|switch|p1a: Tree|Sudowoodo, F|100\/100\n|turn|7\n|\n|t:|1698158951\n|move|p2a: Ceruledge|Close Combat|p1a: Tree\n|-supereffective|p1a: Tree\n|-enditem|p1a: Tree|Focus Sash\n|-damage|p1a: Tree|1\/100\n|-unboost|p2a: Ceruledge|def|1\n|-unboost|p2a: Ceruledge|spd|1\n|move|p1a: Tree|Wood Hammer|p2a: Ceruledge\n|-resisted|p2a: Ceruledge\n|-damage|p2a: Ceruledge|0 fnt\n|faint|p2a: Ceruledge\n|\n|upkeep\n|\n|t:|1698158957\n|switch|p2a: Miraidon|Miraidon|100\/100\n|-fieldstart|move: Electric Terrain|[from] ability: Hadron Engine|[of] p2a: Miraidon\n|turn|8\n|\n|t:|1698158960\n|move|p1a: Tree|Sucker Punch|p2a: Miraidon\n|-damage|p2a: Miraidon|77\/100\n|move|p2a: Miraidon|Volt Switch|p1a: Tree\n|-damage|p1a: Tree|0 fnt\n|faint|p1a: Tree\n|\n|t:|1698158963\n|switch|p2a: Arceus|Arceus-Water|100\/100|[from] Volt Switch\n|\n|upkeep\n|\n|t:|1698158967\n|switch|p1a: RaikouOnSteriods|Arceus-Electric, shiny|100\/100\n|turn|9\n|\n|t:|1698158975\n|-terastallize|p2a: Arceus|Normal\n|move|p1a: RaikouOnSteriods|Calm Mind|p1a: RaikouOnSteriods\n|-boost|p1a: RaikouOnSteriods|spa|1\n|-boost|p1a: RaikouOnSteriods|spd|1\n|move|p2a: Arceus|Bulk Up|p2a: Arceus\n|-boost|p2a: Arceus|atk|1\n|-boost|p2a: Arceus|def|1\n|\n|upkeep\n|turn|10\n|\n|t:|1698158981\n|move|p2a: Arceus|Extreme Speed|p1a: RaikouOnSteriods\n|-damage|p1a: RaikouOnSteriods|55\/100\n|move|p1a: RaikouOnSteriods|Judgment|p2a: Arceus\n|-damage|p2a: Arceus|28\/100\n|\n|upkeep\n|turn|11\n|\n|t:|1698158989\n|move|p2a: Arceus|Extreme Speed|p1a: RaikouOnSteriods\n|-damage|p1a: RaikouOnSteriods|9\/100\n|move|p1a: RaikouOnSteriods|Judgment|p2a: Arceus\n|-damage|p2a: Arceus|0 fnt\n|faint|p2a: Arceus\n|\n|upkeep\n|\n|t:|1698158998\n|switch|p2a: Miraidon|Miraidon|77\/100\n|-activate|p2a: Miraidon|ability: Hadron Engine\n|turn|12\n|\n|t:|1698159001\n|move|p2a: Miraidon|Volt Switch|p1a: RaikouOnSteriods\n|-resisted|p1a: RaikouOnSteriods\n|-damage|p1a: RaikouOnSteriods|0 fnt\n|faint|p1a: RaikouOnSteriods\n|\n|t:|1698159005\n|switch|p2a: Tyranitar|Tyranitar, F|100\/100|[from] Volt Switch\n|-weather|Sandstorm|[from] ability: Sand Stream|[of] p2a: Tyranitar\n|\n|-weather|Sandstorm|[upkeep]\n|-fieldend|move: Electric Terrain\n|upkeep\n|\n|t:|1698159021\n|switch|p1a: GoldHadItIdccc|Dragonite, M|100\/100\n|turn|13\n|\n|t:|1698159025\n|move|p1a: GoldHadItIdccc|Dragon Dance|p1a: GoldHadItIdccc\n|-boost|p1a: GoldHadItIdccc|atk|1\n|-boost|p1a: GoldHadItIdccc|spe|1\n|move|p2a: Tyranitar|Thunder Wave|p1a: GoldHadItIdccc\n|-status|p1a: GoldHadItIdccc|par\n|\n|-weather|Sandstorm|[upkeep]\n|-damage|p1a: GoldHadItIdccc|94\/100 par|[from] Sandstorm\n|-heal|p1a: GoldHadItIdccc|100\/100 par|[from] item: Leftovers\n|upkeep\n|turn|14\n|\n|t:|1698159028\n|move|p1a: GoldHadItIdccc|Dragon Dance|p1a: GoldHadItIdccc\n|-boost|p1a: GoldHadItIdccc|atk|1\n|-boost|p1a: GoldHadItIdccc|spe|1\n|move|p2a: Tyranitar|Rock Blast|p1a: GoldHadItIdccc\n|-supereffective|p1a: GoldHadItIdccc\n|-crit|p1a: GoldHadItIdccc\n|-damage|p1a: GoldHadItIdccc|82\/100 par\n|-supereffective|p1a: GoldHadItIdccc\n|-damage|p1a: GoldHadItIdccc|59\/100 par\n|-supereffective|p1a: GoldHadItIdccc\n|-damage|p1a: GoldHadItIdccc|35\/100 par\n|-hitcount|p1a: GoldHadItIdccc|3\n|\n|-weather|Sandstorm|[upkeep]\n|-damage|p1a: GoldHadItIdccc|29\/100 par|[from] Sandstorm\n|-heal|p1a: GoldHadItIdccc|35\/100 par|[from] item: Leftovers\n|upkeep\n|turn|15\n|\n|t:|1698159037\n|-terastallize|p1a: GoldHadItIdccc|Normal\n|move|p1a: GoldHadItIdccc|Brick Break|p2a: Tyranitar\n|-supereffective|p2a: Tyranitar\n|-damage|p2a: Tyranitar|0 fnt\n|faint|p2a: Tyranitar\n|\n|-weather|Sandstorm|[upkeep]\n|-damage|p1a: GoldHadItIdccc|29\/100 par|[from] Sandstorm\n|-heal|p1a: GoldHadItIdccc|35\/100 par|[from] item: Leftovers\n|upkeep\n|\n|t:|1698159044\n|switch|p2a: Miraidon|Miraidon|77\/100\n|-fieldstart|move: Electric Terrain|[from] ability: Hadron Engine|[of] p2a: Miraidon\n|turn|16\n|\n|t:|1698159056\n|switch|p2a: Houndstone|Houndstone, F|100\/100\n|move|p1a: GoldHadItIdccc|Extreme Speed|p2a: Houndstone\n|-immune|p2a: Houndstone\n|\n|-weather|none\n|-heal|p1a: GoldHadItIdccc|41\/100 par|[from] item: Leftovers\n|upkeep\n|turn|17\n|\n|t:|1698159062\n|move|p1a: GoldHadItIdccc|Outrage|p2a: Houndstone\n|-damage|p2a: Houndstone|0 fnt\n|faint|p2a: Houndstone\n|\n|-heal|p1a: GoldHadItIdccc|47\/100 par|[from] item: Leftovers\n|upkeep\n|\n|t:|1698159066\n|switch|p2a: Miraidon|Miraidon|77\/100\n|-activate|p2a: Miraidon|ability: Hadron Engine\n|turn|18\n|\n|t:|1698159071\n|move|p2a: Miraidon|Draco Meteor|p1a: GoldHadItIdccc\n|-damage|p1a: GoldHadItIdccc|0 fnt\n|-unboost|p2a: Miraidon|spa|2\n|faint|p1a: GoldHadItIdccc\n|\n|upkeep\n|\n|t:|1698159077\n|switch|p1a: Beloved|Typhlosion, M|100\/100\n|turn|19\n|\n|t:|1698159080\n|move|p2a: Miraidon|Draco Meteor|p1a: Beloved\n|-damage|p1a: Beloved|15\/100\n|-unboost|p2a: Miraidon|spa|2\n|move|p1a: Beloved|Focus Blast|p2a: Miraidon|[miss]\n|-miss|p1a: Beloved|p2a: Miraidon\n|\n|upkeep\n|turn|20\n|\n|t:|1698159084\n|move|p2a: Miraidon|Draco Meteor|p1a: Beloved\n|-damage|p1a: Beloved|0 fnt\n|-unboost|p2a: Miraidon|spa|2\n|faint|p1a: Beloved\n|\n|-fieldend|move: Electric Terrain\n|upkeep\n|\n|t:|1698159086\n|switch|p1a: Ursaluna|Ursaluna-Bloodmoon, M|100\/100\n|turn|21\n|\n|t:|1698159088\n|move|p2a: Miraidon|Draco Meteor|p1a: Ursaluna\n|-crit|p1a: Ursaluna\n|-damage|p1a: Ursaluna|0 fnt\n|faint|p1a: Ursaluna\n|\n|win|Aimantic\n|raw|IMTHEFALSESHEPHERD's rating: 1358 &rarr; <strong>1345<\/strong><br \/>(-13 for losing)\n|raw|Aimantic's rating: 1486 &rarr; <strong>1499<\/strong><br \/>(+13 for winning)\n|c|\u2606IMTHEFALSESHEPHERD|dude.\n|c|\u2606Aimantic|it happens, gg\n|c|\u2606IMTHEFALSESHEPHERD|ggs\n","uploadtime":1698159104,"views":7,"p1id":"imthefalseshepherd","p2id":"aimantic","formatid":"gen9anythinggoes","rating":1345,"private":0,"password":""}