{"id":"gen9anythinggoes-1983583557","p1":"baibian","p2":"Iknowmyabc'slol","format":"[Gen 9] Anything Goes","log":"|j|\u2606baibian\n|j|\u2606Iknowmyabc'slol\n|t:|1699146037\n|gametype|singles\n|player|p1|baibian|cynthia-gen4|1609\n|player|p2|Iknowmyabc'slol|raihan|1534\n|teamsize|p1|6\n|teamsize|p2|6\n|gen|9\n|tier|[Gen 9] Anything Goes\n|rated|\n|rule|HP Percentage Mod: HP is shown in percentages\n|rule|Endless Battle Clause: Forcing endless battles is banned\n|clearpoke\n|poke|p1|Eternatus|\n|poke|p1|Arceus|\n|poke|p1|Calyrex-Shadow|\n|poke|p1|Ditto|\n|poke|p1|Ditto|\n|poke|p1|Arceus|\n|poke|p2|Arceus-Fairy|\n|poke|p2|Toxapex, F|\n|poke|p2|Ting-Lu|\n|poke|p2|Calyrex-Shadow|\n|poke|p2|Koraidon|\n|poke|p2|Arceus|\n|teampreview\n|\n|t:|1699146048\n|start\n|switch|p1a: Calyrex|Calyrex-Shadow|100\/100\n|switch|p2a: Koraidon|Koraidon|100\/100\n|-ability|p1a: Calyrex|As One\n|-ability|p1a: Calyrex|Unnerve\n|-weather|SunnyDay|[from] ability: Orichalcum Pulse|[of] p2a: Koraidon\n|-activate|p2a: Koraidon|Orichalcum Pulse|[source]\n|turn|1\n|inactive|Battle timer is ON: inactive players will automatically lose when time's up. (requested by baibian)\n|c|\u2606Iknowmyabc'slol|hey bud\n|\n|t:|1699146061\n|-terastallize|p2a: Koraidon|Fire\n|move|p2a: Koraidon|Flare Blitz|p1a: Calyrex\n|-damage|p1a: Calyrex|0 fnt\n|faint|p1a: Calyrex\n|-damage|p2a: Koraidon|61\/100|[from] Recoil\n|\n|-weather|SunnyDay|[upkeep]\n|upkeep\n|\n|t:|1699146067\n|switch|p1a: Eternatus|Eternatus|100\/100\n|-ability|p1a: Eternatus|Pressure\n|turn|2\n|\n|t:|1699146078\n|switch|p2a: Arceus|Arceus-Fairy|100\/100\n|-terastallize|p1a: Eternatus|Poison\n|move|p1a: Eternatus|Cosmic Power|p1a: Eternatus\n|-boost|p1a: Eternatus|def|1\n|-boost|p1a: Eternatus|spd|1\n|\n|-weather|SunnyDay|[upkeep]\n|upkeep\n|turn|3\n|\n|t:|1699146089\n|move|p2a: Arceus|Taunt|p1a: Eternatus\n|-start|p1a: Eternatus|move: Taunt\n|cant|p1a: Eternatus|move: Taunt|Cosmic Power\n|\n|-weather|SunnyDay|[upkeep]\n|upkeep\n|turn|4\n|c|\u2606Iknowmyabc'slol|!weak normal\n|c| Iknowmyabc'slol|\/raw <div class=\"infobox\">Normal:<br \/><span class=\"message-effect-weak\">Weaknesses<\/span>: Fighting<br \/><span class=\"message-effect-resist\">Resistances<\/span>: <font color=#999999>None<\/font><br \/><span class=\"message-effect-immune\">Immunities<\/span>: Ghost<\/div>\n|\n|t:|1699146102\n|switch|p2a: Arceus|Arceus|100\/100\n|switch|p1a: \u6740\u751f\u4e38|Arceus|100\/100\n|\n|-weather|SunnyDay|[upkeep]\n|upkeep\n|turn|5\n|\n|t:|1699146109\n|move|p2a: Arceus|Swords Dance|p2a: Arceus\n|-boost|p2a: Arceus|atk|2\n|move|p1a: \u6740\u751f\u4e38|Swords Dance|p1a: \u6740\u751f\u4e38\n|-boost|p1a: \u6740\u751f\u4e38|atk|2\n|\n|-weather|none\n|upkeep\n|turn|6\n|\n|t:|1699146115\n|move|p2a: Arceus|Extreme Speed|p1a: \u6740\u751f\u4e38\n|-damage|p1a: \u6740\u751f\u4e38|39\/100\n|move|p1a: \u6740\u751f\u4e38|Extreme Speed|p2a: Arceus\n|-damage|p2a: Arceus|46\/100\n|\n|-heal|p1a: \u6740\u751f\u4e38|45\/100|[from] item: Leftovers\n|upkeep\n|turn|7\n|\n|t:|1699146123\n|move|p2a: Arceus|Extreme Speed|p1a: \u6740\u751f\u4e38\n|-damage|p1a: \u6740\u751f\u4e38|0 fnt\n|faint|p1a: \u6740\u751f\u4e38\n|\n|upkeep\n|\n|t:|1699146129\n|switch|p1a: Ditto|Ditto, shiny|100\/100\n|-transform|p1a: Ditto|p2a: Arceus|[from] ability: Imposter\n|turn|8\n|\n|t:|1699146137\n|switch|p2a: Calyrex|Calyrex-Shadow|100\/100\n|-ability|p2a: Calyrex|As One\n|-ability|p2a: Calyrex|Unnerve\n|move|p1a: Ditto|Extreme Speed|p2a: Calyrex\n|-immune|p2a: Calyrex\n|\n|upkeep\n|turn|9\n|\n|t:|1699146151\n|move|p2a: Calyrex|Substitute|p2a: Calyrex\n|-start|p2a: Calyrex|Substitute\n|-damage|p2a: Calyrex|76\/100\n|move|p1a: Ditto|Shadow Claw|p2a: Calyrex\n|-supereffective|p2a: Calyrex\n|-end|p2a: Calyrex|Substitute\n|\n|upkeep\n|turn|10\n|\n|t:|1699146160\n|switch|p2a: Arceus|Arceus|46\/100\n|move|p1a: Ditto|Shadow Claw|p2a: Arceus\n|-immune|p2a: Arceus\n|\n|upkeep\n|turn|11\n|\n|t:|1699146168\n|move|p1a: Ditto|Extreme Speed|p2a: Arceus\n|-damage|p2a: Arceus|0 fnt\n|faint|p2a: Arceus\n|\n|upkeep\n|\n|t:|1699146176\n|switch|p2a: Koraidon|Koraidon, tera:Fire|61\/100\n|-weather|SunnyDay|[from] ability: Orichalcum Pulse|[of] p2a: Koraidon\n|-activate|p2a: Koraidon|Orichalcum Pulse|[source]\n|turn|12\n|\n|t:|1699146181\n|move|p1a: Ditto|Extreme Speed|p2a: Koraidon\n|-damage|p2a: Koraidon|0 fnt\n|faint|p2a: Koraidon\n|\n|-weather|SunnyDay|[upkeep]\n|upkeep\n|\n|t:|1699146192\n|switch|p2a: Toxapex|Toxapex, F|100\/100\n|turn|13\n|\n|t:|1699146197\n|move|p1a: Ditto|Shadow Claw|p2a: Toxapex\n|-damage|p2a: Toxapex|70\/100\n|-damage|p1a: Ditto|84\/100|[from] item: Rocky Helmet|[of] p2a: Toxapex\n|move|p2a: Toxapex|Haze|p2a: Toxapex\n|-clearallboost\n|\n|-weather|SunnyDay|[upkeep]\n|upkeep\n|turn|14\n|\n|t:|1699146205\n|switch|p1a: Eternatus|Eternatus, tera:Poison|100\/100\n|-ability|p1a: Eternatus|Pressure\n|move|p2a: Toxapex|Recover|p2a: Toxapex\n|-heal|p2a: Toxapex|100\/100\n|\n|-weather|SunnyDay|[upkeep]\n|upkeep\n|turn|15\n|\n|t:|1699146214\n|switch|p2a: Arceus|Arceus-Fairy|100\/100\n|move|p1a: Eternatus|Toxic Spikes|p2a: Arceus\n|-sidestart|p2: Iknowmyabc'slol|move: Toxic Spikes\n|\n|-weather|SunnyDay|[upkeep]\n|upkeep\n|turn|16\n|\n|t:|1699146219\n|move|p2a: Arceus|Taunt|p1a: Eternatus\n|-start|p1a: Eternatus|move: Taunt\n|cant|p1a: Eternatus|move: Taunt|Toxic Spikes\n|\n|-weather|none\n|upkeep\n|turn|17\n|\n|t:|1699146226\n|move|p2a: Arceus|Judgment|p1a: Eternatus\n|-resisted|p1a: Eternatus\n|-damage|p1a: Eternatus|84\/100\n|move|p1a: Eternatus|Dragon Tail|p2a: Arceus\n|-immune|p2a: Arceus\n|\n|-heal|p1a: Eternatus|90\/100|[from] item: Leftovers\n|upkeep\n|turn|18\n|\n|t:|1699146235\n|move|p2a: Arceus|Judgment|p1a: Eternatus\n|-resisted|p1a: Eternatus\n|-damage|p1a: Eternatus|74\/100\n|move|p1a: Eternatus|Dragon Tail|p2a: Arceus\n|-immune|p2a: Arceus\n|\n|-heal|p1a: Eternatus|80\/100|[from] item: Leftovers\n|-end|p1a: Eternatus|move: Taunt\n|upkeep\n|turn|19\n|c|\u2606Iknowmyabc'slol|forth move?\n|\n|t:|1699146244\n|move|p2a: Arceus|Taunt|p1a: Eternatus\n|-start|p1a: Eternatus|move: Taunt\n|cant|p1a: Eternatus|move: Taunt|Cosmic Power\n|\n|-heal|p1a: Eternatus|86\/100|[from] item: Leftovers\n|upkeep\n|turn|20\n|\n|t:|1699146251\n|move|p2a: Arceus|Judgment|p1a: Eternatus\n|-resisted|p1a: Eternatus\n|-damage|p1a: Eternatus|71\/100\n|move|p1a: Eternatus|Dragon Tail|p2a: Arceus\n|-immune|p2a: Arceus\n|\n|-heal|p1a: Eternatus|77\/100|[from] item: Leftovers\n|upkeep\n|turn|21\n|\n|t:|1699146261\n|move|p2a: Arceus|Will-O-Wisp|p1a: Eternatus\n|-status|p1a: Eternatus|brn\n|move|p1a: Eternatus|Dragon Tail|p2a: Arceus\n|-immune|p2a: Arceus\n|\n|-heal|p1a: Eternatus|83\/100 brn|[from] item: Leftovers\n|-damage|p1a: Eternatus|77\/100 brn|[from] brn\n|-end|p1a: Eternatus|move: Taunt\n|upkeep\n|turn|22\n|\n|t:|1699146275\n|move|p2a: Arceus|Taunt|p1a: Eternatus\n|-start|p1a: Eternatus|move: Taunt\n|cant|p1a: Eternatus|move: Taunt|Recover\n|\n|-heal|p1a: Eternatus|83\/100 brn|[from] item: Leftovers\n|-damage|p1a: Eternatus|77\/100 brn|[from] brn\n|upkeep\n|turn|23\n|\n|t:|1699146282\n|move|p2a: Arceus|Judgment|p1a: Eternatus\n|-resisted|p1a: Eternatus\n|-crit|p1a: Eternatus\n|-damage|p1a: Eternatus|55\/100 brn\n|move|p1a: Eternatus|Dragon Tail|p2a: Arceus\n|-immune|p2a: Arceus\n|\n|-heal|p1a: Eternatus|61\/100 brn|[from] item: Leftovers\n|-damage|p1a: Eternatus|55\/100 brn|[from] brn\n|upkeep\n|turn|24\n|\n|t:|1699146291\n|move|p2a: Arceus|Judgment|p1a: Eternatus\n|-resisted|p1a: Eternatus\n|-damage|p1a: Eternatus|40\/100 brn\n|move|p1a: Eternatus|Dragon Tail|p2a: Arceus\n|-immune|p2a: Arceus\n|\n|-heal|p1a: Eternatus|46\/100 brn|[from] item: Leftovers\n|-damage|p1a: Eternatus|40\/100 brn|[from] brn\n|-end|p1a: Eternatus|move: Taunt\n|upkeep\n|turn|25\n|\n|t:|1699146300\n|switch|p1a: Ditto|Ditto, shiny|84\/100\n|-transform|p1a: Ditto|p2a: Arceus|[from] ability: Imposter\n|move|p2a: Arceus|Taunt|p1a: Ditto\n|-start|p1a: Ditto|move: Taunt\n|\n|upkeep\n|turn|26\n|\n|t:|1699146308\n|move|p1a: Ditto|Judgment|p2a: Arceus\n|-damage|p2a: Arceus|82\/100\n|move|p2a: Arceus|Judgment|p1a: Ditto\n|-crit|p1a: Ditto\n|-damage|p1a: Ditto|9\/100\n|\n|upkeep\n|turn|27\n|\n|t:|1699146316\n|move|p2a: Arceus|Judgment|p1a: Ditto\n|-damage|p1a: Ditto|0 fnt\n|faint|p1a: Ditto\n|\n|upkeep\n|\n|t:|1699146325\n|switch|p1a: \u653b\u51fb\u5821\u5792|Arceus|100\/100\n|turn|28\n|\n|t:|1699146331\n|move|p2a: Arceus|Will-O-Wisp|p1a: \u653b\u51fb\u5821\u5792\n|-status|p1a: \u653b\u51fb\u5821\u5792|brn\n|move|p1a: \u653b\u51fb\u5821\u5792|Substitute|p1a: \u653b\u51fb\u5821\u5792\n|-start|p1a: \u653b\u51fb\u5821\u5792|Substitute\n|-damage|p1a: \u653b\u51fb\u5821\u5792|75\/100 brn\n|\n|-heal|p1a: \u653b\u51fb\u5821\u5792|82\/100 brn|[from] item: Leftovers\n|-damage|p1a: \u653b\u51fb\u5821\u5792|75\/100 brn|[from] brn\n|upkeep\n|turn|29\n|\n|t:|1699146340\n|move|p2a: Arceus|Judgment|p1a: \u653b\u51fb\u5821\u5792\n|-end|p1a: \u653b\u51fb\u5821\u5792|Substitute\n|move|p1a: \u653b\u51fb\u5821\u5792|Cosmic Power|p1a: \u653b\u51fb\u5821\u5792\n|-boost|p1a: \u653b\u51fb\u5821\u5792|def|1\n|-boost|p1a: \u653b\u51fb\u5821\u5792|spd|1\n|\n|-heal|p1a: \u653b\u51fb\u5821\u5792|82\/100 brn|[from] item: Leftovers\n|-damage|p1a: \u653b\u51fb\u5821\u5792|75\/100 brn|[from] brn\n|upkeep\n|turn|30\n|\n|t:|1699146349\n|move|p2a: Arceus|Taunt|p1a: \u653b\u51fb\u5821\u5792\n|-start|p1a: \u653b\u51fb\u5821\u5792|move: Taunt\n|cant|p1a: \u653b\u51fb\u5821\u5792|move: Taunt|Cosmic Power\n|\n|-heal|p1a: \u653b\u51fb\u5821\u5792|82\/100 brn|[from] item: Leftovers\n|-damage|p1a: \u653b\u51fb\u5821\u5792|75\/100 brn|[from] brn\n|upkeep\n|turn|31\n|\n|t:|1699146356\n|move|p2a: Arceus|Judgment|p1a: \u653b\u51fb\u5821\u5792\n|-damage|p1a: \u653b\u51fb\u5821\u5792|55\/100 brn\n|move|p1a: \u653b\u51fb\u5821\u5792|Stored Power|p2a: Arceus\n|-damage|p2a: Arceus|70\/100\n|\n|-heal|p1a: \u653b\u51fb\u5821\u5792|61\/100 brn|[from] item: Leftovers\n|-damage|p1a: \u653b\u51fb\u5821\u5792|55\/100 brn|[from] brn\n|upkeep\n|turn|32\n|\n|t:|1699146364\n|move|p2a: Arceus|Judgment|p1a: \u653b\u51fb\u5821\u5792\n|-damage|p1a: \u653b\u51fb\u5821\u5792|32\/100 brn\n|move|p1a: \u653b\u51fb\u5821\u5792|Stored Power|p2a: Arceus\n|-damage|p2a: Arceus|60\/100\n|\n|-heal|p1a: \u653b\u51fb\u5821\u5792|39\/100 brn|[from] item: Leftovers\n|-damage|p1a: \u653b\u51fb\u5821\u5792|32\/100 brn|[from] brn\n|-end|p1a: \u653b\u51fb\u5821\u5792|move: Taunt\n|upkeep\n|turn|33\n|\n|t:|1699146374\n|move|p2a: Arceus|Taunt|p1a: \u653b\u51fb\u5821\u5792\n|-start|p1a: \u653b\u51fb\u5821\u5792|move: Taunt\n|move|p1a: \u653b\u51fb\u5821\u5792|Stored Power|p2a: Arceus\n|-crit|p2a: Arceus\n|-damage|p2a: Arceus|44\/100\n|\n|-heal|p1a: \u653b\u51fb\u5821\u5792|39\/100 brn|[from] item: Leftovers\n|-damage|p1a: \u653b\u51fb\u5821\u5792|32\/100 brn|[from] brn\n|upkeep\n|turn|34\n|\n|t:|1699146382\n|move|p2a: Arceus|Recover|p2a: Arceus\n|-heal|p2a: Arceus|94\/100\n|move|p1a: \u653b\u51fb\u5821\u5792|Stored Power|p2a: Arceus\n|-damage|p2a: Arceus|83\/100\n|\n|-heal|p1a: \u653b\u51fb\u5821\u5792|39\/100 brn|[from] item: Leftovers\n|-damage|p1a: \u653b\u51fb\u5821\u5792|32\/100 brn|[from] brn\n|upkeep\n|turn|35\n|\n|t:|1699146391\n|move|p2a: Arceus|Judgment|p1a: \u653b\u51fb\u5821\u5792\n|-damage|p1a: \u653b\u51fb\u5821\u5792|12\/100 brn\n|move|p1a: \u653b\u51fb\u5821\u5792|Stored Power|p2a: Arceus\n|-damage|p2a: Arceus|73\/100\n|\n|-heal|p1a: \u653b\u51fb\u5821\u5792|18\/100 brn|[from] item: Leftovers\n|-damage|p1a: \u653b\u51fb\u5821\u5792|12\/100 brn|[from] brn\n|-end|p1a: \u653b\u51fb\u5821\u5792|move: Taunt\n|upkeep\n|turn|36\n|\n|t:|1699146402\n|move|p2a: Arceus|Taunt|p1a: \u653b\u51fb\u5821\u5792\n|-start|p1a: \u653b\u51fb\u5821\u5792|move: Taunt\n|cant|p1a: \u653b\u51fb\u5821\u5792|move: Taunt|Recover\n|\n|-heal|p1a: \u653b\u51fb\u5821\u5792|18\/100 brn|[from] item: Leftovers\n|-damage|p1a: \u653b\u51fb\u5821\u5792|12\/100 brn|[from] brn\n|upkeep\n|turn|37\n|\n|t:|1699146411\n|switch|p2a: Ting-Lu|Ting-Lu|100\/100\n|-status|p2a: Ting-Lu|psn\n|-ability|p2a: Ting-Lu|Vessel of Ruin\n|move|p1a: \u653b\u51fb\u5821\u5792|Stored Power|p2a: Ting-Lu\n|-immune|p2a: Ting-Lu\n|\n|-heal|p1a: \u653b\u51fb\u5821\u5792|18\/100 brn|[from] item: Leftovers\n|-damage|p2a: Ting-Lu|88\/100 psn|[from] psn\n|-damage|p1a: \u653b\u51fb\u5821\u5792|12\/100 brn|[from] brn\n|upkeep\n|turn|38\n|\n|t:|1699146423\n|switch|p1a: Eternatus|Eternatus, tera:Poison|40\/100 brn\n|-ability|p1a: Eternatus|Pressure\n|move|p2a: Ting-Lu|Earthquake|p1a: Eternatus\n|-supereffective|p1a: Eternatus\n|-damage|p1a: Eternatus|0 fnt\n|faint|p1a: Eternatus\n|\n|-heal|p2a: Ting-Lu|94\/100 psn|[from] item: Leftovers\n|-damage|p2a: Ting-Lu|82\/100 psn|[from] psn\n|upkeep\n|\n|t:|1699146430\n|switch|p1a: \u653b\u51fb\u5821\u5792|Arceus|12\/100 brn\n|turn|39\n|\n|t:|1699146439\n|move|p1a: \u653b\u51fb\u5821\u5792|Recover|p1a: \u653b\u51fb\u5821\u5792\n|-heal|p1a: \u653b\u51fb\u5821\u5792|62\/100 brn\n|move|p2a: Ting-Lu|Ruination|p1a: \u653b\u51fb\u5821\u5792\n|-damage|p1a: \u653b\u51fb\u5821\u5792|31\/100 brn\n|\n|-heal|p1a: \u653b\u51fb\u5821\u5792|37\/100 brn|[from] item: Leftovers\n|-heal|p2a: Ting-Lu|88\/100 psn|[from] item: Leftovers\n|-damage|p2a: Ting-Lu|76\/100 psn|[from] psn\n|-damage|p1a: \u653b\u51fb\u5821\u5792|31\/100 brn|[from] brn\n|upkeep\n|turn|40\n|-message|baibian forfeited.\n|\n|win|Iknowmyabc'slol\n|raw|baibian's rating: 1609 &rarr; <strong>1585<\/strong><br \/>(-24 for losing)\n|raw|Iknowmyabc&apos;slol's rating: 1534 &rarr; <strong>1558<\/strong><br \/>(+24 for winning)\n|l|\u2606baibian\n|c|\u2606Iknowmyabc'slol|gg\n","uploadtime":1699146458,"views":11,"p1id":"baibian","p2id":"iknowmyabcslol","formatid":"gen9anythinggoes","rating":1558,"private":0,"password":""}