{"id":"gen9anythinggoes-1982334016","p1":"MrMimeIsMrKetchum","p2":"Hesley Rokemon","format":"[Gen 9] Anything Goes","log":"|j|\u2606MrMimeIsMrKetchum\n|j|\u2606Hesley Rokemon\n|t:|1698999359\n|gametype|singles\n|player|p1|MrMimeIsMrKetchum|swimmerf-gen4|1273\n|player|p2|Hesley Rokemon|hilbert|1445\n|teamsize|p1|6\n|teamsize|p2|6\n|gen|9\n|tier|[Gen 9] Anything Goes\n|rated|\n|rule|HP Percentage Mod: HP is shown in percentages\n|rule|Endless Battle Clause: Forcing endless battles is banned\n|clearpoke\n|poke|p1|Hatterene, F|\n|poke|p1|Glimmora, F|\n|poke|p1|Dugtrio, F|\n|poke|p1|Dugtrio, F|\n|poke|p1|Dugtrio, F|\n|poke|p1|Scovillain, F|\n|poke|p2|Regieleki|\n|poke|p2|Landorus-Therian, M|\n|poke|p2|Palafin, M|\n|poke|p2|Koraidon|\n|poke|p2|Chien-Pao|\n|poke|p2|Flutter Mane|\n|teampreview\n|inactive|Battle timer is ON: inactive players will automatically lose when time's up. (requested by Hesley Rokemon)\n|\n|t:|1698999368\n|start\n|switch|p1a: Glimmora|Glimmora, F, shiny|100\/100\n|switch|p2a: Palafin|Palafin, M|100\/100\n|turn|1\n|\n|t:|1698999375\n|detailschange|p2a: Palafin|Palafin-Hero, M\n|switch|p2a: Landorus|Landorus-Therian, M, shiny|100\/100\n|-ability|p2a: Landorus|Intimidate|boost\n|-unboost|p1a: Glimmora|atk|1\n|move|p1a: Glimmora|Toxic Spikes|p2a: Landorus\n|-sidestart|p2: Hesley Rokemon|move: Toxic Spikes\n|\n|upkeep\n|turn|2\n|\n|t:|1698999378\n|move|p2a: Landorus|Earthquake|p1a: Glimmora\n|-supereffective|p1a: Glimmora\n|-enditem|p1a: Glimmora|Focus Sash\n|-damage|p1a: Glimmora|1\/100\n|-activate|p1a: Glimmora|ability: Toxic Debris\n|-sidestart|p2: Hesley Rokemon|move: Toxic Spikes\n|move|p1a: Glimmora|Toxic Spikes||[still]\n|-fail|p1a: Glimmora\n|\n|upkeep\n|turn|3\n|\n|t:|1698999386\n|move|p2a: Landorus|Earthquake|p1a: Glimmora\n|-supereffective|p1a: Glimmora\n|-damage|p1a: Glimmora|0 fnt\n|faint|p1a: Glimmora\n|\n|upkeep\n|\n|t:|1698999393\n|switch|p1a: Hatterene|Hatterene, F, shiny|100\/100\n|turn|4\n|\n|t:|1698999404\n|move|p2a: Landorus|Swords Dance|p2a: Landorus\n|-boost|p2a: Landorus|atk|2\n|move|p1a: Hatterene|Reflect|p1a: Hatterene\n|-sidestart|p1: MrMimeIsMrKetchum|Reflect\n|\n|upkeep\n|turn|5\n|\n|t:|1698999408\n|move|p2a: Landorus|Earthquake|p1a: Hatterene\n|-damage|p1a: Hatterene|40\/100\n|move|p1a: Hatterene|Magic Powder|p2a: Landorus\n|-start|p2a: Landorus|typechange|Psychic\n|\n|upkeep\n|turn|6\n|\n|t:|1698999414\n|move|p2a: Landorus|Earthquake|p1a: Hatterene\n|-damage|p1a: Hatterene|5\/100\n|move|p1a: Hatterene|Nuzzle|p2a: Landorus\n|-damage|p2a: Landorus|96\/100\n|-status|p2a: Landorus|par\n|-damage|p1a: Hatterene|0 fnt|[from] item: Rocky Helmet|[of] p2a: Landorus\n|faint|p1a: Hatterene\n|\n|upkeep\n|\n|t:|1698999434\n|switch|p1a: Dugtrio|Dugtrio, F, shiny|100\/100\n|turn|7\n|\n|t:|1698999453\n|move|p1a: Dugtrio|Substitute|p1a: Dugtrio\n|-start|p1a: Dugtrio|Substitute\n|-damage|p1a: Dugtrio|76\/100\n|move|p2a: Landorus|Earthquake|p1a: Dugtrio\n|-end|p1a: Dugtrio|Substitute\n|\n|-heal|p1a: Dugtrio|82\/100|[from] item: Leftovers\n|upkeep\n|turn|8\n|\n|t:|1698999460\n|move|p1a: Dugtrio|Sand Attack|p2a: Landorus\n|-unboost|p2a: Landorus|accuracy|1\n|move|p2a: Landorus|Earthquake|p1a: Dugtrio\n|-damage|p1a: Dugtrio|14\/100\n|\n|-heal|p1a: Dugtrio|20\/100|[from] item: Leftovers\n|upkeep\n|turn|9\n|\n|t:|1698999466\n|move|p1a: Dugtrio|Memento|p2a: Landorus\n|-unboost|p2a: Landorus|atk|2\n|-unboost|p2a: Landorus|spa|2\n|faint|p1a: Dugtrio\n|cant|p2a: Landorus|par\n|\n|upkeep\n|\n|t:|1698999474\n|switch|p1a: Dugtrio|Dugtrio, F, shiny|100\/100\n|turn|10\n|\n|t:|1698999483\n|move|p1a: Dugtrio|Sand Attack|p2a: Landorus\n|-unboost|p2a: Landorus|accuracy|1\n|cant|p2a: Landorus|par\n|\n|upkeep\n|turn|11\n|\n|t:|1698999487\n|move|p1a: Dugtrio|Sand Attack|p2a: Landorus\n|-unboost|p2a: Landorus|accuracy|1\n|move|p2a: Landorus|Earthquake|p1a: Dugtrio\n|-damage|p1a: Dugtrio|65\/100\n|\n|-heal|p1a: Dugtrio|72\/100|[from] item: Leftovers\n|-sideend|p1: MrMimeIsMrKetchum|Reflect\n|upkeep\n|turn|12\n|\n|t:|1698999493\n|move|p1a: Dugtrio|Sand Attack|p2a: Landorus\n|-unboost|p2a: Landorus|accuracy|1\n|move|p2a: Landorus|Earthquake|p1a: Dugtrio|[miss]\n|-miss|p2a: Landorus|p1a: Dugtrio\n|\n|-heal|p1a: Dugtrio|78\/100|[from] item: Leftovers\n|upkeep\n|turn|13\n|\n|t:|1698999497\n|move|p1a: Dugtrio|Sand Attack|p2a: Landorus\n|-unboost|p2a: Landorus|accuracy|1\n|cant|p2a: Landorus|par\n|\n|-heal|p1a: Dugtrio|84\/100|[from] item: Leftovers\n|upkeep\n|turn|14\n|\n|t:|1698999501\n|move|p1a: Dugtrio|Sand Attack|p2a: Landorus\n|-unboost|p2a: Landorus|accuracy|1\n|move|p2a: Landorus|Earthquake|p1a: Dugtrio|[miss]\n|-miss|p2a: Landorus|p1a: Dugtrio\n|\n|-heal|p1a: Dugtrio|90\/100|[from] item: Leftovers\n|upkeep\n|turn|15\n|\n|t:|1698999525\n|move|p1a: Dugtrio|Memento|p2a: Landorus\n|-unboost|p2a: Landorus|atk|2\n|-unboost|p2a: Landorus|spa|2\n|faint|p1a: Dugtrio\n|move|p2a: Landorus|Earthquake|p1: Dugtrio|[notarget]\n|-fail|p2a: Landorus\n|\n|upkeep\n|\n|t:|1698999529\n|switch|p1a: Scovillain|Scovillain, F, shiny|100\/100\n|turn|16\n|\n|t:|1698999533\n|move|p1a: Scovillain|Substitute|p1a: Scovillain\n|-start|p1a: Scovillain|Substitute\n|-damage|p1a: Scovillain|76\/100\n|move|p2a: Landorus|Swords Dance|p2a: Landorus\n|-boost|p2a: Landorus|atk|2\n|\n|-heal|p1a: Scovillain|82\/100|[from] item: Leftovers\n|-ability|p1a: Scovillain|Moody|boost\n|-boost|p1a: Scovillain|spa|2\n|-unboost|p1a: Scovillain|def|1\n|upkeep\n|turn|17\n|\n|t:|1698999539\n|move|p1a: Scovillain|Leech Seed|p2a: Landorus\n|-start|p2a: Landorus|move: Leech Seed\n|move|p2a: Landorus|Swords Dance|p2a: Landorus\n|-boost|p2a: Landorus|atk|2\n|\n|-heal|p1a: Scovillain|88\/100|[from] item: Leftovers\n|-damage|p2a: Landorus|84\/100 par|[from] Leech Seed|[of] p1a: Scovillain\n|-heal|p1a: Scovillain|99\/100|[silent]\n|-ability|p1a: Scovillain|Moody|boost\n|-boost|p1a: Scovillain|spe|2\n|-unboost|p1a: Scovillain|spd|1\n|upkeep\n|turn|18\n|\n|t:|1698999550\n|move|p1a: Scovillain|Flamethrower|p2a: Landorus\n|-damage|p2a: Landorus|1\/100 par\n|move|p2a: Landorus|Earthquake|p1a: Scovillain|[miss]\n|-miss|p2a: Landorus|p1a: Scovillain\n|\n|-heal|p1a: Scovillain|100\/100|[from] item: Leftovers\n|-damage|p2a: Landorus|0 fnt|[from] Leech Seed|[of] p1a: Scovillain\n|faint|p2a: Landorus\n|-ability|p1a: Scovillain|Moody|boost\n|-boost|p1a: Scovillain|spe|2\n|-unboost|p1a: Scovillain|atk|1\n|upkeep\n|\n|t:|1698999554\n|switch|p2a: Regieleki|Regieleki, shiny|100\/100\n|turn|19\n|\n|t:|1698999559\n|move|p1a: Scovillain|Leech Seed|p2a: Regieleki\n|-start|p2a: Regieleki|move: Leech Seed\n|move|p2a: Regieleki|Rapid Spin|p1a: Scovillain\n|-activate|p1a: Scovillain|move: Substitute|[damage]\n|-end|p2a: Regieleki|Leech Seed|[from] move: Rapid Spin|[of] p2a: Regieleki\n|-sideend|p2: Hesley Rokemon|Toxic Spikes|[from] move: Rapid Spin|[of] p2a: Regieleki\n|-boost|p2a: Regieleki|spe|1\n|\n|-ability|p1a: Scovillain|Moody|boost\n|-boost|p1a: Scovillain|spd|2\n|-unboost|p1a: Scovillain|def|1\n|upkeep\n|turn|20\n|\n|t:|1698999575\n|move|p2a: Regieleki|Volt Switch|p1a: Scovillain\n|-resisted|p1a: Scovillain\n|-end|p1a: Scovillain|Substitute\n|\n|t:|1698999582\n|switch|p2a: Chien-Pao|Chien-Pao|100\/100|[from] Volt Switch\n|-ability|p2a: Chien-Pao|Sword of Ruin\n|move|p1a: Scovillain|Flamethrower|p2a: Chien-Pao\n|-supereffective|p2a: Chien-Pao\n|-enditem|p2a: Chien-Pao|Focus Sash\n|-damage|p2a: Chien-Pao|1\/100\n|\n|-ability|p1a: Scovillain|Moody|boost\n|-boost|p1a: Scovillain|spe|2\n|-unboost|p1a: Scovillain|atk|1\n|upkeep\n|turn|21\n|\n|t:|1698999587\n|move|p2a: Chien-Pao|Sucker Punch||[still]\n|-fail|p2a: Chien-Pao\n|move|p1a: Scovillain|Substitute|p1a: Scovillain\n|-start|p1a: Scovillain|Substitute\n|-damage|p1a: Scovillain|76\/100\n|\n|-heal|p1a: Scovillain|82\/100|[from] item: Leftovers\n|-ability|p1a: Scovillain|Moody|boost\n|-boost|p1a: Scovillain|spd|2\n|-unboost|p1a: Scovillain|spe|1\n|upkeep\n|turn|22\n|\n|t:|1698999594\n|move|p1a: Scovillain|Protect|p1a: Scovillain\n|-singleturn|p1a: Scovillain|Protect\n|move|p2a: Chien-Pao|Sucker Punch||[still]\n|-fail|p2a: Chien-Pao\n|\n|-heal|p1a: Scovillain|88\/100|[from] item: Leftovers\n|-ability|p1a: Scovillain|Moody|boost\n|-boost|p1a: Scovillain|def|2\n|-unboost|p1a: Scovillain|spe|1\n|upkeep\n|turn|23\n|\n|t:|1698999602\n|move|p2a: Chien-Pao|Sucker Punch||[still]\n|-fail|p2a: Chien-Pao\n|move|p1a: Scovillain|Substitute|p1a: Scovillain\n|-fail|p1a: Scovillain|move: Substitute\n|\n|-heal|p1a: Scovillain|94\/100|[from] item: Leftovers\n|-ability|p1a: Scovillain|Moody|boost\n|-boost|p1a: Scovillain|spa|2\n|-unboost|p1a: Scovillain|def|1\n|upkeep\n|turn|24\n|\n|t:|1698999607\n|move|p1a: Scovillain|Protect|p1a: Scovillain\n|-singleturn|p1a: Scovillain|Protect\n|move|p2a: Chien-Pao|Ice Spinner|p1a: Scovillain\n|-activate|p1a: Scovillain|move: Protect\n|\n|-heal|p1a: Scovillain|99\/100|[from] item: Leftovers\n|-ability|p1a: Scovillain|Moody|boost\n|-boost|p1a: Scovillain|spd|2\n|-unboost|p1a: Scovillain|atk|1\n|upkeep\n|turn|25\n|\n|t:|1698999612\n|move|p1a: Scovillain|Leech Seed|p2a: Chien-Pao\n|-start|p2a: Chien-Pao|move: Leech Seed\n|move|p2a: Chien-Pao|Ice Spinner|p1a: Scovillain\n|-end|p1a: Scovillain|Substitute\n|\n|-heal|p1a: Scovillain|100\/100|[from] item: Leftovers\n|-damage|p2a: Chien-Pao|0 fnt|[from] Leech Seed|[of] p1a: Scovillain\n|faint|p2a: Chien-Pao\n|-ability|p1a: Scovillain|Moody|boost\n|-boost|p1a: Scovillain|def|2\n|-unboost|p1a: Scovillain|spd|1\n|upkeep\n|\n|t:|1698999622\n|switch|p2a: Koraidon|Koraidon|100\/100\n|-weather|SunnyDay|[from] ability: Orichalcum Pulse|[of] p2a: Koraidon\n|-activate|p2a: Koraidon|Orichalcum Pulse|[source]\n|turn|26\n|\n|t:|1698999631\n|move|p1a: Scovillain|Flamethrower|p2a: Koraidon\n|-resisted|p2a: Koraidon\n|-damage|p2a: Koraidon|29\/100\n|-status|p2a: Koraidon|brn\n|move|p2a: Koraidon|Scale Shot|p1a: Scovillain\n|-damage|p1a: Scovillain|92\/100\n|-damage|p1a: Scovillain|84\/100\n|-damage|p1a: Scovillain|74\/100\n|-damage|p1a: Scovillain|65\/100\n|-hitcount|p1a: Scovillain|4\n|-unboost|p2a: Koraidon|def|1\n|-boost|p2a: Koraidon|spe|1\n|\n|-weather|SunnyDay|[upkeep]\n|-heal|p1a: Scovillain|71\/100|[from] item: Leftovers\n|-damage|p2a: Koraidon|23\/100 brn|[from] brn\n|-ability|p1a: Scovillain|Moody|boost\n|-boost|p1a: Scovillain|atk|2\n|-unboost|p1a: Scovillain|spa|1\n|upkeep\n|turn|27\n|\n|t:|1698999645\n|move|p1a: Scovillain|Leech Seed|p2a: Koraidon\n|-start|p2a: Koraidon|move: Leech Seed\n|move|p2a: Koraidon|Collision Course|p1a: Scovillain\n|-damage|p1a: Scovillain|36\/100\n|\n|-weather|SunnyDay|[upkeep]\n|-heal|p1a: Scovillain|42\/100|[from] item: Leftovers\n|-damage|p2a: Koraidon|11\/100 brn|[from] Leech Seed|[of] p1a: Scovillain\n|-heal|p1a: Scovillain|54\/100|[silent]\n|-damage|p2a: Koraidon|5\/100 brn|[from] brn\n|-ability|p1a: Scovillain|Moody|boost\n|-boost|p1a: Scovillain|def|2\n|-unboost|p1a: Scovillain|spe|1\n|upkeep\n|turn|28\n|\n|t:|1698999653\n|move|p1a: Scovillain|Protect|p1a: Scovillain\n|-singleturn|p1a: Scovillain|Protect\n|move|p2a: Koraidon|Collision Course|p1a: Scovillain\n|-activate|p1a: Scovillain|move: Protect\n|\n|-weather|SunnyDay|[upkeep]\n|-heal|p1a: Scovillain|60\/100|[from] item: Leftovers\n|-damage|p2a: Koraidon|0 fnt|[from] Leech Seed|[of] p1a: Scovillain\n|-heal|p1a: Scovillain|64\/100|[silent]\n|faint|p2a: Koraidon\n|-ability|p1a: Scovillain|Moody|boost\n|-boost|p1a: Scovillain|spa|2\n|-unboost|p1a: Scovillain|spe|1\n|upkeep\n|\n|t:|1698999663\n|switch|p2a: Flutter Mane|Flutter Mane, shiny|100\/100\n|-activate|p2a: Flutter Mane|ability: Protosynthesis\n|-start|p2a: Flutter Mane|protosynthesisspe\n|turn|29\n|\n|t:|1698999673\n|move|p1a: Scovillain|Protect|p1a: Scovillain\n|-singleturn|p1a: Scovillain|Protect\n|move|p2a: Flutter Mane|Moonblast|p1a: Scovillain\n|-activate|p1a: Scovillain|move: Protect\n|\n|-weather|SunnyDay|[upkeep]\n|-heal|p1a: Scovillain|70\/100|[from] item: Leftovers\n|-ability|p1a: Scovillain|Moody|boost\n|-boost|p1a: Scovillain|spa|1\n|-unboost|p1a: Scovillain|spd|1\n|upkeep\n|turn|30\n|\n|t:|1698999694\n|move|p2a: Flutter Mane|Moonblast|p1a: Scovillain\n|-resisted|p1a: Scovillain\n|-damage|p1a: Scovillain|56\/100\n|move|p1a: Scovillain|Leech Seed|p2a: Flutter Mane\n|-start|p2a: Flutter Mane|move: Leech Seed\n|\n|-weather|none\n|-end|p2a: Flutter Mane|Protosynthesis\n|-heal|p1a: Scovillain|62\/100|[from] item: Leftovers\n|-damage|p2a: Flutter Mane|88\/100|[from] Leech Seed|[of] p1a: Scovillain\n|-heal|p1a: Scovillain|71\/100|[silent]\n|-ability|p1a: Scovillain|Moody|boost\n|-boost|p1a: Scovillain|spd|2\n|-unboost|p1a: Scovillain|spa|1\n|upkeep\n|turn|31\n|\n|t:|1698999703\n|move|p1a: Scovillain|Substitute|p1a: Scovillain\n|-start|p1a: Scovillain|Substitute\n|-damage|p1a: Scovillain|46\/100\n|move|p2a: Flutter Mane|Shadow Ball|p1a: Scovillain\n|-activate|p1a: Scovillain|move: Substitute|[damage]\n|\n|-heal|p1a: Scovillain|52\/100|[from] item: Leftovers\n|-damage|p2a: Flutter Mane|76\/100|[from] Leech Seed|[of] p1a: Scovillain\n|-heal|p1a: Scovillain|62\/100|[silent]\n|-ability|p1a: Scovillain|Moody|boost\n|-boost|p1a: Scovillain|spe|2\n|-unboost|p1a: Scovillain|spa|1\n|upkeep\n|turn|32\n|\n|t:|1698999709\n|-end|p2a: Flutter Mane|Protosynthesis|[silent]\n|switch|p2a: Palafin|Palafin-Hero, M|100\/100\n|-activate|p2a: Palafin|ability: Zero to Hero\n|move|p1a: Scovillain|Protect||[still]\n|-fail|p1a: Scovillain\n|\n|-heal|p1a: Scovillain|68\/100|[from] item: Leftovers\n|-ability|p1a: Scovillain|Moody|boost\n|-boost|p1a: Scovillain|atk|2\n|-unboost|p1a: Scovillain|spe|1\n|upkeep\n|turn|33\n|\n|t:|1698999714\n|-terastallize|p2a: Palafin|Water\n|move|p2a: Palafin|Jet Punch|p1a: Scovillain\n|-end|p1a: Scovillain|Substitute\n|move|p1a: Scovillain|Leech Seed|p2a: Palafin\n|-start|p2a: Palafin|move: Leech Seed\n|\n|-heal|p1a: Scovillain|74\/100|[from] item: Leftovers\n|-damage|p2a: Palafin|88\/100|[from] Leech Seed|[of] p1a: Scovillain\n|-heal|p1a: Scovillain|86\/100|[silent]\n|-ability|p1a: Scovillain|Moody|boost\n|-boost|p1a: Scovillain|spd|1\n|-unboost|p1a: Scovillain|atk|1\n|upkeep\n|turn|34\n|\n|t:|1698999720\n|move|p1a: Scovillain|Protect|p1a: Scovillain\n|-singleturn|p1a: Scovillain|Protect\n|move|p2a: Palafin|Jet Punch|p1a: Scovillain\n|-activate|p1a: Scovillain|move: Protect\n|\n|-heal|p1a: Scovillain|92\/100|[from] item: Leftovers\n|-damage|p2a: Palafin|76\/100|[from] Leech Seed|[of] p1a: Scovillain\n|-heal|p1a: Scovillain|100\/100|[silent]\n|-ability|p1a: Scovillain|Moody|boost\n|-boost|p1a: Scovillain|spa|2\n|-unboost|p1a: Scovillain|spd|1\n|upkeep\n|turn|35\n|\n|t:|1698999722\n|move|p2a: Palafin|Jet Punch|p1a: Scovillain\n|-crit|p1a: Scovillain\n|-damage|p1a: Scovillain|0 fnt\n|faint|p1a: Scovillain\n|\n|upkeep\n|-message|MrMimeIsMrKetchum forfeited.\n|\n|win|Hesley Rokemon\n|raw|MrMimeIsMrKetchum's rating: 1273 &rarr; <strong>1259<\/strong><br \/>(-14 for losing)\n|raw|Hesley Rokemon's rating: 1445 &rarr; <strong>1456<\/strong><br \/>(+11 for winning)\n|l|\u2606MrMimeIsMrKetchum\n|l|\u2606Hesley Rokemon\n","uploadtime":1698999811,"views":7,"p1id":"mrmimeismrketchum","p2id":"hesleyrokemon","formatid":"gen9anythinggoes","rating":1259,"private":0,"password":""}