{"id":"gen9anythinggoes-1984246667","p1":"0-9p8p9p7","p2":"Carlex04","format":"[Gen 9] Anything Goes","log":"|j|\u26060-9p8p9p7\n|j|\u2606Carlex04\n|t:|1699234595\n|gametype|singles\n|player|p1|0-9p8p9p7|1|1039\n|player|p2|Carlex04|hilbert|1058\n|teamsize|p1|6\n|teamsize|p2|6\n|gen|9\n|tier|[Gen 9] Anything Goes\n|rated|\n|rule|HP Percentage Mod: HP is shown in percentages\n|rule|Endless Battle Clause: Forcing endless battles is banned\n|clearpoke\n|poke|p1|Azurill, M|\n|poke|p1|Snom, M|\n|poke|p1|Noctowl, M|\n|poke|p1|Vulpix, F|\n|poke|p1|Leavanny, M|\n|poke|p1|Lucario, M|\n|poke|p2|Dondozo, M|\n|poke|p2|Iron Moth|\n|poke|p2|Iron Hands|\n|poke|p2|Roaring Moon|\n|poke|p2|Ceruledge, M|\n|poke|p2|Meowscarada, F|\n|teampreview\n|\n|t:|1699234600\n|start\n|switch|p1a: Vulpix|Vulpix, F|100\/100\n|switch|p2a: Meowscarada|Meowscarada, F|100\/100\n|-weather|SunnyDay|[from] ability: Drought|[of] p1a: Vulpix\n|turn|1\n|\n|t:|1699234612\n|move|p2a: Meowscarada|U-turn|p1a: Vulpix\n|-start|p2a: Meowscarada|typechange|Bug|[from] ability: Protean\n|-resisted|p1a: Vulpix\n|-damage|p1a: Vulpix|61\/100\n|\n|t:|1699234637\n|switch|p2a: Dondozo|Dondozo, M, shiny|100\/100|[from] U-turn\n|move|p1a: Vulpix|Will-O-Wisp|p2a: Dondozo\n|-status|p2a: Dondozo|brn\n|\n|-weather|SunnyDay|[upkeep]\n|-damage|p2a: Dondozo|94\/100 brn|[from] brn\n|upkeep\n|turn|2\n|\n|t:|1699234651\n|move|p1a: Vulpix|Energy Ball|p2a: Dondozo\n|-supereffective|p2a: Dondozo\n|-damage|p2a: Dondozo|59\/100 brn\n|move|p2a: Dondozo|Earthquake|p1a: Vulpix\n|-supereffective|p1a: Vulpix\n|-damage|p1a: Vulpix|0 fnt\n|faint|p1a: Vulpix\n|\n|-weather|SunnyDay|[upkeep]\n|-heal|p2a: Dondozo|66\/100 brn|[from] item: Leftovers\n|-damage|p2a: Dondozo|59\/100 brn|[from] brn\n|upkeep\n|\n|t:|1699234657\n|switch|p1a: Leavanny|Leavanny, M|100\/100\n|turn|3\n|\n|t:|1699234685\n|move|p1a: Leavanny|Sticky Web|p2a: Dondozo\n|-sidestart|p2: Carlex04|move: Sticky Web\n|move|p2a: Dondozo|Substitute|p2a: Dondozo\n|-start|p2a: Dondozo|Substitute\n|-damage|p2a: Dondozo|35\/100 brn\n|\n|-weather|SunnyDay|[upkeep]\n|-heal|p2a: Dondozo|41\/100 brn|[from] item: Leftovers\n|-damage|p2a: Dondozo|35\/100 brn|[from] brn\n|upkeep\n|turn|4\n|\n|t:|1699234696\n|move|p1a: Leavanny|Leaf Blade|p2a: Dondozo\n|-supereffective|p2a: Dondozo\n|-crit|p2a: Dondozo\n|-end|p2a: Dondozo|Substitute\n|move|p2a: Dondozo|Aqua Tail|p1a: Leavanny\n|-resisted|p1a: Leavanny\n|-damage|p1a: Leavanny|94\/100\n|\n|-weather|SunnyDay|[upkeep]\n|-heal|p2a: Dondozo|41\/100 brn|[from] item: Leftovers\n|-damage|p2a: Dondozo|35\/100 brn|[from] brn\n|upkeep\n|turn|5\n|\n|t:|1699234711\n|move|p1a: Leavanny|Leaf Blade|p2a: Dondozo\n|-supereffective|p2a: Dondozo\n|-damage|p2a: Dondozo|0 fnt\n|faint|p2a: Dondozo\n|\n|-weather|none\n|upkeep\n|\n|t:|1699234719\n|switch|p2a: Iron Moth|Iron Moth, shiny|100\/100\n|-activate|p2a: Iron Moth|move: Sticky Web\n|-unboost|p2a: Iron Moth|spe|1\n|turn|6\n|\n|t:|1699234728\n|move|p1a: Leavanny|Knock Off|p2a: Iron Moth\n|-crit|p2a: Iron Moth\n|-damage|p2a: Iron Moth|26\/100\n|-damage|p1a: Leavanny|77\/100|[from] item: Rocky Helmet|[of] p2a: Iron Moth\n|-enditem|p2a: Iron Moth|Rocky Helmet|[from] move: Knock Off|[of] p1a: Leavanny\n|move|p2a: Iron Moth|Toxic Spikes|p1a: Leavanny\n|-sidestart|p1: 0-9p8p9p7|move: Toxic Spikes\n|\n|upkeep\n|turn|7\n|\n|t:|1699234739\n|move|p1a: Leavanny|Knock Off|p2a: Iron Moth\n|-damage|p2a: Iron Moth|0 fnt\n|faint|p2a: Iron Moth\n|-end|p2a: Iron Moth|Quark Drive|[silent]\n|\n|upkeep\n|\n|t:|1699234746\n|switch|p2a: Roaring Moon|Roaring Moon, shiny|100\/100\n|-activate|p2a: Roaring Moon|move: Sticky Web\n|-unboost|p2a: Roaring Moon|spe|1\n|turn|8\n|\n|t:|1699234753\n|move|p1a: Leavanny|Leaf Blade|p2a: Roaring Moon\n|-resisted|p2a: Roaring Moon\n|-damage|p2a: Roaring Moon|82\/100\n|-damage|p1a: Leavanny|61\/100|[from] item: Rocky Helmet|[of] p2a: Roaring Moon\n|move|p2a: Roaring Moon|Crunch|p1a: Leavanny\n|-damage|p1a: Leavanny|4\/100\n|\n|upkeep\n|turn|9\n|\n|t:|1699234768\n|move|p1a: Leavanny|Knock Off|p2a: Roaring Moon\n|-resisted|p2a: Roaring Moon\n|-damage|p2a: Roaring Moon|68\/100\n|-damage|p1a: Leavanny|0 fnt|[from] item: Rocky Helmet|[of] p2a: Roaring Moon\n|faint|p1a: Leavanny\n|move|p2a: Roaring Moon|Crunch|p1: Leavanny|[notarget]\n|-fail|p2a: Roaring Moon\n|\n|upkeep\n|\n|t:|1699234778\n|switch|p1a: big birb|Noctowl, M, shiny|100\/100\n|turn|10\n|\n|t:|1699234784\n|move|p1a: big birb|Hurricane|p2a: Roaring Moon\n|-damage|p2a: Roaring Moon|14\/100\n|-start|p2a: Roaring Moon|confusion\n|-damage|p1a: big birb|91\/100|[from] item: Life Orb\n|-activate|p2a: Roaring Moon|confusion\n|move|p2a: Roaring Moon|Crunch|p1a: big birb\n|-damage|p1a: big birb|17\/100\n|\n|upkeep\n|turn|11\n|\n|t:|1699234796\n|move|p1a: big birb|Hurricane|p2a: Roaring Moon\n|-damage|p2a: Roaring Moon|0 fnt\n|faint|p2a: Roaring Moon\n|-end|p2a: Roaring Moon|Protosynthesis|[silent]\n|-damage|p1a: big birb|7\/100|[from] item: Life Orb\n|\n|upkeep\n|inactive|Battle timer is ON: inactive players will automatically lose when time's up. (requested by 0-9p8p9p7)\n|inactive|Carlex04 has 120 seconds left.\n|inactive|Carlex04 has 90 seconds left.\n|inactive|Carlex04 has 60 seconds left.\n|inactive|Carlex04 has 30 seconds left.\n|inactive|Carlex04 has 20 seconds left.\n|inactive|Carlex04 has 15 seconds left.\n|inactive|Carlex04 has 10 seconds left.\n|inactive|Carlex04 has 5 seconds left.\n|-message|Carlex04 lost due to inactivity.\n|\n|win|0-9p8p9p7\n|raw|0-9p8p9p7's rating: 1039 &rarr; <strong>1075<\/strong><br \/>(+36 for winning)\n|raw|Carlex04's rating: 1058 &rarr; <strong>1038<\/strong><br \/>(-20 for losing)\n","uploadtime":1699234990,"views":3,"p1id":"09p8p9p7","p2id":"carlex04","formatid":"gen9anythinggoes","rating":1038,"private":0,"password":""}