{"id":"gen9anythinggoes-1984798320","p1":"Henzai","p2":"StarJay222","format":"[Gen 9] Anything Goes","log":"|j|\u2606Henzai\n|j|\u2606StarJay222\n|t:|1699299869\n|gametype|singles\n|player|p1|Henzai|allister|1064\n|player|p2|StarJay222|cyclist-gen4|1027\n|teamsize|p1|6\n|teamsize|p2|6\n|gen|9\n|tier|[Gen 9] Anything Goes\n|rated|\n|rule|HP Percentage Mod: HP is shown in percentages\n|rule|Endless Battle Clause: Forcing endless battles is banned\n|clearpoke\n|poke|p1|Calyrex-Ice|\n|poke|p1|Weavile, M|\n|poke|p1|Espathra, M|\n|poke|p1|Drifblim, M|\n|poke|p1|Krookodile, M|\n|poke|p1|Mewtwo|\n|poke|p2|Maushold-Four|\n|poke|p2|Annihilape, F|\n|poke|p2|Blissey, F|\n|poke|p2|Kingambit, F|\n|poke|p2|Ursaluna-Bloodmoon, M|\n|poke|p2|Maushold-Four|\n|teampreview\n|inactive|Battle timer is ON: inactive players will automatically lose when time's up. (requested by Henzai)\n|\n|t:|1699299878\n|start\n|switch|p1a: Calyrex|Calyrex-Ice|100\/100\n|switch|p2a: Maushold|Maushold-Four|100\/100\n|-ability|p1a: Calyrex|As One\n|-ability|p1a: Calyrex|Unnerve\n|turn|1\n|\n|t:|1699299886\n|move|p2a: Maushold|Tidy Up|p2a: Maushold\n|-boost|p2a: Maushold|atk|1\n|-boost|p2a: Maushold|spe|1\n|move|p1a: Calyrex|Iron Defense|p1a: Calyrex\n|-boost|p1a: Calyrex|def|2\n|\n|upkeep\n|turn|2\n|\n|t:|1699299894\n|move|p2a: Maushold|Agility|p2a: Maushold\n|-boost|p2a: Maushold|spe|2\n|move|p1a: Calyrex|Iron Defense|p1a: Calyrex\n|-boost|p1a: Calyrex|def|2\n|\n|upkeep\n|turn|3\n|\n|t:|1699299901\n|move|p2a: Maushold|Tidy Up|p2a: Maushold\n|-boost|p2a: Maushold|atk|1\n|-boost|p2a: Maushold|spe|1\n|move|p1a: Calyrex|Substitute|p1a: Calyrex\n|-start|p1a: Calyrex|Substitute\n|-damage|p1a: Calyrex|75\/100\n|\n|-heal|p1a: Calyrex|82\/100|[from] item: Leftovers\n|upkeep\n|turn|4\n|\n|t:|1699299909\n|move|p2a: Maushold|Tidy Up|p2a: Maushold\n|-end|p1a: Calyrex|Substitute\n|-activate|p2a: Maushold|move: Tidy Up\n|-boost|p2a: Maushold|atk|1\n|-boost|p2a: Maushold|spe|1\n|move|p1a: Calyrex|Iron Defense|p1a: Calyrex\n|-boost|p1a: Calyrex|def|2\n|\n|-heal|p1a: Calyrex|88\/100|[from] item: Leftovers\n|upkeep\n|turn|5\n|\n|t:|1699299916\n|move|p2a: Maushold|Baton Pass|p2a: Maushold\n|\n|t:|1699299918\n|switch|p2a: Annihilape|Annihilape, F|100\/100|[from] Baton Pass\n|move|p1a: Calyrex|Baton Pass|p1a: Calyrex\n|\n|t:|1699299931\n|switch|p1a: Espathra|Espathra, M, shiny|100\/100|[from] Baton Pass\n|\n|upkeep\n|turn|6\n|\n|t:|1699299942\n|move|p2a: Annihilape|Cross Chop|p1a: Espathra\n|-resisted|p1a: Espathra\n|-damage|p1a: Espathra|84\/100\n|move|p1a: Espathra|Agility|p1a: Espathra\n|-boost|p1a: Espathra|spe|2\n|\n|-ability|p1a: Espathra|Speed Boost|boost\n|-boost|p1a: Espathra|spe|1\n|upkeep\n|turn|7\n|\n|t:|1699299963\n|-singleturn|p2a: Annihilape|move: Focus Punch\n|move|p1a: Espathra|Calm Mind|p1a: Espathra\n|-boost|p1a: Espathra|spa|1\n|-boost|p1a: Espathra|spd|1\n|move|p2a: Annihilape|Focus Punch|p1a: Espathra\n|-resisted|p1a: Espathra\n|-damage|p1a: Espathra|57\/100\n|\n|-ability|p1a: Espathra|Speed Boost|boost\n|-boost|p1a: Espathra|spe|1\n|upkeep\n|turn|8\n|\n|t:|1699299982\n|move|p2a: Annihilape|Body Slam|p1a: Espathra\n|-damage|p1a: Espathra|39\/100\n|-enditem|p1a: Espathra|Sitrus Berry|[eat]\n|-heal|p1a: Espathra|64\/100|[from] item: Sitrus Berry\n|move|p1a: Espathra|Calm Mind|p1a: Espathra\n|-boost|p1a: Espathra|spa|1\n|-boost|p1a: Espathra|spd|1\n|\n|-ability|p1a: Espathra|Speed Boost|boost\n|-boost|p1a: Espathra|spe|1\n|upkeep\n|turn|9\n|\n|t:|1699300001\n|-terastallize|p2a: Annihilape|Fighting\n|-singleturn|p2a: Annihilape|move: Focus Punch\n|move|p1a: Espathra|Protect|p1a: Espathra\n|-singleturn|p1a: Espathra|Protect\n|move|p2a: Annihilape|Focus Punch|p1a: Espathra\n|-activate|p1a: Espathra|move: Protect\n|\n|-ability|p1a: Espathra|Speed Boost|boost\n|-boost|p1a: Espathra|spe|1\n|upkeep\n|turn|10\n|\n|t:|1699300011\n|-singleturn|p2a: Annihilape|move: Focus Punch\n|move|p1a: Espathra|Baton Pass|p1a: Espathra\n|\n|t:|1699300016\n|switch|p1a: Drifblim|Drifblim, M, shiny|100\/100|[from] Baton Pass\n|move|p2a: Annihilape|Focus Punch|p1a: Drifblim\n|-immune|p1a: Drifblim\n|\n|upkeep\n|turn|11\n|\n|t:|1699300026\n|switch|p2a: Kingambit|Kingambit, F|100\/100\n|move|p1a: Drifblim|Minimize|p1a: Drifblim\n|-boost|p1a: Drifblim|evasion|2\n|\n|upkeep\n|turn|12\n|-message|StarJay222 forfeited.\n|\n|win|Henzai\n|raw|Henzai's rating: 1064 &rarr; <strong>1091<\/strong><br \/>(+27 for winning)\n|raw|StarJay222's rating: 1027 &rarr; <strong>1014<\/strong><br \/>(-13 for losing)\n|l|\u2606StarJay222\n","uploadtime":1699300054,"views":6,"p1id":"henzai","p2id":"starjay222","formatid":"gen9anythinggoes","rating":1014,"private":0,"password":""}