{"id":"gen9anythinggoes-1980590126","p1":"RositaV (TRAINER)","p2":"skythefire","format":"[Gen 9] Anything Goes","log":"|j|\u2606RositaV (TRAINER)\n|j|\u2606skythefire\n|t:|1698800715\n|gametype|singles\n|player|p1|RositaV (TRAINER)|rosa|\n|player|p2|skythefire|hilda-wonderlauncher|\n|teamsize|p1|6\n|teamsize|p2|6\n|gen|9\n|tier|[Gen 9] Anything Goes\n|rule|HP Percentage Mod: HP is shown in percentages\n|rule|Endless Battle Clause: Forcing endless battles is banned\n|clearpoke\n|poke|p1|Ditto|\n|poke|p1|Ditto|\n|poke|p1|Ditto|\n|poke|p1|Ditto|\n|poke|p1|Ditto|\n|poke|p1|Ditto|\n|poke|p2|Mimikyu, M|\n|poke|p2|Mimikyu, M|\n|poke|p2|Mimikyu, F|\n|poke|p2|Mimikyu, F|\n|poke|p2|Mimikyu, M|\n|poke|p2|Mimikyu, M|\n|teampreview\n|\n|t:|1698800720\n|start\n|switch|p1a: Ditto|Ditto|100\/100\n|switch|p2a: Mimikyu|Mimikyu, M|100\/100\n|-transform|p1a: Ditto|p2a: Mimikyu|[from] ability: Imposter\n|turn|1\n|\n|t:|1698800746\n|move|p1a: Ditto|Thunder Wave|p2a: Mimikyu\n|-status|p2a: Mimikyu|par\n|move|p2a: Mimikyu|Trick|p1a: Ditto\n|-activate|p2a: Mimikyu|move: Trick|[of] p1a: Ditto\n|-item|p1a: Ditto|Lagging Tail|[from] move: Trick\n|-item|p2a: Mimikyu|Leftovers|[from] move: Trick\n|\n|upkeep\n|turn|2\n|\n|t:|1698800754\n|cant|p2a: Mimikyu|par\n|move|p1a: Ditto|Trick|p2a: Mimikyu\n|-activate|p1a: Ditto|move: Trick|[of] p2a: Mimikyu\n|-item|p2a: Mimikyu|Lagging Tail|[from] move: Trick\n|-item|p1a: Ditto|Leftovers|[from] move: Trick\n|\n|upkeep\n|turn|3\n|\n|t:|1698800763\n|move|p1a: Ditto|Leech Life|p2a: Mimikyu\n|-activate|p2a: Mimikyu|ability: Disguise\n|-damage|p2a: Mimikyu|100\/100 par\n|detailschange|p2a: Mimikyu|Mimikyu-Busted, M\n|-damage|p2a: Mimikyu|88\/100 par|[from] pokemon: Mimikyu-Busted\n|move|p2a: Mimikyu|Trick|p1a: Ditto\n|-activate|p2a: Mimikyu|move: Trick|[of] p1a: Ditto\n|-item|p1a: Ditto|Lagging Tail|[from] move: Trick\n|-item|p2a: Mimikyu|Leftovers|[from] move: Trick\n|\n|-heal|p2a: Mimikyu|94\/100 par|[from] item: Leftovers\n|upkeep\n|turn|4\n|\n|t:|1698800778\n|move|p2a: Mimikyu|Trick|p1a: Ditto\n|-activate|p2a: Mimikyu|move: Trick|[of] p1a: Ditto\n|-item|p1a: Ditto|Leftovers|[from] move: Trick\n|-item|p2a: Mimikyu|Lagging Tail|[from] move: Trick\n|move|p1a: Ditto|Leech Life|p2a: Mimikyu\n|-resisted|p2a: Mimikyu\n|-damage|p2a: Mimikyu|85\/100 par\n|\n|upkeep\n|turn|5\n|\n|t:|1698800789\n|move|p1a: Ditto|Leech Life|p2a: Mimikyu\n|-resisted|p2a: Mimikyu\n|-damage|p2a: Mimikyu|77\/100 par\n|cant|p2a: Mimikyu|par\n|\n|upkeep\n|turn|6\n|\n|t:|1698800798\n|move|p1a: Ditto|Leech Life|p2a: Mimikyu\n|-resisted|p2a: Mimikyu\n|-damage|p2a: Mimikyu|67\/100 par\n|move|p2a: Mimikyu|Thunder Wave|p1a: Ditto\n|-status|p1a: Ditto|par\n|\n|upkeep\n|turn|7\n|\n|t:|1698800810\n|move|p1a: Ditto|Leech Life|p2a: Mimikyu\n|-resisted|p2a: Mimikyu\n|-damage|p2a: Mimikyu|58\/100 par\n|move|p2a: Mimikyu|Trick|p1a: Ditto\n|-activate|p2a: Mimikyu|move: Trick|[of] p1a: Ditto\n|-item|p1a: Ditto|Lagging Tail|[from] move: Trick\n|-item|p2a: Mimikyu|Leftovers|[from] move: Trick\n|\n|-heal|p2a: Mimikyu|64\/100 par|[from] item: Leftovers\n|upkeep\n|turn|8\n|\n|t:|1698800826\n|move|p2a: Mimikyu|Leech Life|p1a: Ditto\n|-resisted|p1a: Ditto\n|-damage|p1a: Ditto|93\/100 par\n|-heal|p2a: Mimikyu|69\/100 par|[from] drain|[of] p1a: Ditto\n|cant|p1a: Ditto|par\n|\n|-heal|p2a: Mimikyu|75\/100 par|[from] item: Leftovers\n|upkeep\n|turn|9\n|\n|t:|1698800846\n|move|p2a: Mimikyu|Pain Split|p1a: Ditto\n|-sethp|p1a: Ditto|78\/100 par|[from] move: Pain Split|[silent]\n|-sethp|p2a: Mimikyu|93\/100 par|[from] move: Pain Split\n|move|p1a: Ditto|Trick|p2a: Mimikyu\n|-activate|p1a: Ditto|move: Trick|[of] p2a: Mimikyu\n|-item|p2a: Mimikyu|Lagging Tail|[from] move: Trick\n|-item|p1a: Ditto|Leftovers|[from] move: Trick\n|\n|-heal|p1a: Ditto|84\/100 par|[from] item: Leftovers\n|upkeep\n|turn|10\n|\n|t:|1698800858\n|move|p1a: Ditto|Trick|p2a: Mimikyu\n|-activate|p1a: Ditto|move: Trick|[of] p2a: Mimikyu\n|-item|p2a: Mimikyu|Leftovers|[from] move: Trick\n|-item|p1a: Ditto|Lagging Tail|[from] move: Trick\n|move|p2a: Mimikyu|Trick|p1a: Ditto\n|-activate|p2a: Mimikyu|move: Trick|[of] p1a: Ditto\n|-item|p1a: Ditto|Leftovers|[from] move: Trick\n|-item|p2a: Mimikyu|Lagging Tail|[from] move: Trick\n|\n|-heal|p1a: Ditto|90\/100 par|[from] item: Leftovers\n|upkeep\n|turn|11\n|\n|t:|1698800869\n|cant|p1a: Ditto|par\n|move|p2a: Mimikyu|Trick|p1a: Ditto\n|-activate|p2a: Mimikyu|move: Trick|[of] p1a: Ditto\n|-item|p1a: Ditto|Lagging Tail|[from] move: Trick\n|-item|p2a: Mimikyu|Leftovers|[from] move: Trick\n|\n|-heal|p2a: Mimikyu|99\/100 par|[from] item: Leftovers\n|upkeep\n|turn|12\n|\n|t:|1698800882\n|move|p2a: Mimikyu|Leech Life|p1a: Ditto\n|-resisted|p1a: Ditto\n|-damage|p1a: Ditto|83\/100 par\n|-heal|p2a: Mimikyu|100\/100 par|[from] drain|[of] p1a: Ditto\n|move|p1a: Ditto|Trick|p2a: Mimikyu\n|-activate|p1a: Ditto|move: Trick|[of] p2a: Mimikyu\n|-item|p2a: Mimikyu|Lagging Tail|[from] move: Trick\n|-item|p1a: Ditto|Leftovers|[from] move: Trick\n|\n|-heal|p1a: Ditto|89\/100 par|[from] item: Leftovers\n|upkeep\n|turn|13\n|\n|t:|1698800891\n|move|p1a: Ditto|Trick|p2a: Mimikyu\n|-activate|p1a: Ditto|move: Trick|[of] p2a: Mimikyu\n|-item|p2a: Mimikyu|Leftovers|[from] move: Trick\n|-item|p1a: Ditto|Lagging Tail|[from] move: Trick\n|move|p2a: Mimikyu|Trick|p1a: Ditto\n|-activate|p2a: Mimikyu|move: Trick|[of] p1a: Ditto\n|-item|p1a: Ditto|Leftovers|[from] move: Trick\n|-item|p2a: Mimikyu|Lagging Tail|[from] move: Trick\n|\n|-heal|p1a: Ditto|95\/100 par|[from] item: Leftovers\n|upkeep\n|turn|14\n|\n|t:|1698800904\n|move|p1a: Ditto|Thunder Wave|p2a: Mimikyu\n|-fail|p2a: Mimikyu|par\n|move|p2a: Mimikyu|Trick|p1a: Ditto\n|-activate|p2a: Mimikyu|move: Trick|[of] p1a: Ditto\n|-item|p1a: Ditto|Lagging Tail|[from] move: Trick\n|-item|p2a: Mimikyu|Leftovers|[from] move: Trick\n|\n|upkeep\n|turn|15\n|\n|t:|1698800920\n|move|p2a: Mimikyu|Trick|p1a: Ditto\n|-activate|p2a: Mimikyu|move: Trick|[of] p1a: Ditto\n|-item|p1a: Ditto|Leftovers|[from] move: Trick\n|-item|p2a: Mimikyu|Lagging Tail|[from] move: Trick\n|move|p1a: Ditto|Thunder Wave|p2a: Mimikyu\n|-fail|p2a: Mimikyu|par\n|\n|-heal|p1a: Ditto|100\/100 par|[from] item: Leftovers\n|upkeep\n|turn|16\n|\n|t:|1698800930\n|move|p1a: Ditto|Thunder Wave|p2a: Mimikyu\n|-fail|p2a: Mimikyu|par\n|move|p2a: Mimikyu|Trick|p1a: Ditto\n|-activate|p2a: Mimikyu|move: Trick|[of] p1a: Ditto\n|-item|p1a: Ditto|Lagging Tail|[from] move: Trick\n|-item|p2a: Mimikyu|Leftovers|[from] move: Trick\n|\n|upkeep\n|turn|17\n|\n|t:|1698800938\n|move|p2a: Mimikyu|Trick|p1a: Ditto\n|-activate|p2a: Mimikyu|move: Trick|[of] p1a: Ditto\n|-item|p1a: Ditto|Leftovers|[from] move: Trick\n|-item|p2a: Mimikyu|Lagging Tail|[from] move: Trick\n|cant|p1a: Ditto|par\n|\n|upkeep\n|turn|18\n|\n|t:|1698800946\n|move|p1a: Ditto|Thunder Wave|p2a: Mimikyu\n|-fail|p2a: Mimikyu|par\n|move|p2a: Mimikyu|Leech Life|p1a: Ditto\n|-resisted|p1a: Ditto\n|-damage|p1a: Ditto|93\/100 par\n|\n|-heal|p1a: Ditto|99\/100 par|[from] item: Leftovers\n|upkeep\n|turn|19\n|\n|t:|1698800957\n|move|p1a: Ditto|Pain Split|p2a: Mimikyu\n|-sethp|p2a: Mimikyu|100\/100 par|[from] move: Pain Split|[silent]\n|-sethp|p1a: Ditto|92\/100 par|[from] move: Pain Split\n|move|p2a: Mimikyu|Pain Split|p1a: Ditto\n|-sethp|p1a: Ditto|88\/100 par|[from] move: Pain Split|[silent]\n|-sethp|p2a: Mimikyu|100\/100 par|[from] move: Pain Split\n|\n|-heal|p1a: Ditto|94\/100 par|[from] item: Leftovers\n|upkeep\n|turn|20\n|\n|t:|1698800968\n|move|p1a: Ditto|Pain Split|p2a: Mimikyu\n|-sethp|p2a: Mimikyu|100\/100 par|[from] move: Pain Split|[silent]\n|-sethp|p1a: Ditto|89\/100 par|[from] move: Pain Split\n|move|p2a: Mimikyu|Pain Split|p1a: Ditto\n|-sethp|p1a: Ditto|87\/100 par|[from] move: Pain Split|[silent]\n|-sethp|p2a: Mimikyu|100\/100 par|[from] move: Pain Split\n|\n|-heal|p1a: Ditto|93\/100 par|[from] item: Leftovers\n|upkeep\n|turn|21\n|\n|t:|1698800979\n|move|p1a: Ditto|Pain Split|p2a: Mimikyu\n|-sethp|p2a: Mimikyu|100\/100 par|[from] move: Pain Split|[silent]\n|-sethp|p1a: Ditto|88\/100 par|[from] move: Pain Split\n|move|p2a: Mimikyu|Pain Split|p1a: Ditto\n|-sethp|p1a: Ditto|86\/100 par|[from] move: Pain Split|[silent]\n|-sethp|p2a: Mimikyu|100\/100 par|[from] move: Pain Split\n|\n|-heal|p1a: Ditto|92\/100 par|[from] item: Leftovers\n|upkeep\n|turn|22\n|\n|t:|1698800991\n|move|p1a: Ditto|Pain Split|p2a: Mimikyu\n|-sethp|p2a: Mimikyu|100\/100 par|[from] move: Pain Split|[silent]\n|-sethp|p1a: Ditto|88\/100 par|[from] move: Pain Split\n|move|p2a: Mimikyu|Pain Split|p1a: Ditto\n|-sethp|p1a: Ditto|86\/100 par|[from] move: Pain Split|[silent]\n|-sethp|p2a: Mimikyu|100\/100 par|[from] move: Pain Split\n|\n|-heal|p1a: Ditto|92\/100 par|[from] item: Leftovers\n|upkeep\n|turn|23\n|\n|t:|1698801002\n|move|p1a: Ditto|Pain Split|p2a: Mimikyu\n|-sethp|p2a: Mimikyu|100\/100 par|[from] move: Pain Split|[silent]\n|-sethp|p1a: Ditto|88\/100 par|[from] move: Pain Split\n|move|p2a: Mimikyu|Pain Split|p1a: Ditto\n|-sethp|p1a: Ditto|86\/100 par|[from] move: Pain Split|[silent]\n|-sethp|p2a: Mimikyu|100\/100 par|[from] move: Pain Split\n|\n|-heal|p1a: Ditto|92\/100 par|[from] item: Leftovers\n|upkeep\n|turn|24\n|c|\u2606skythefire|this is great\n|\n|t:|1698801016\n|cant|p1a: Ditto|par\n|cant|p2a: Mimikyu|par\n|\n|-heal|p1a: Ditto|98\/100 par|[from] item: Leftovers\n|upkeep\n|turn|25\n|\n|t:|1698801024\n|-activate|p1a: Ditto|move: Struggle\n|move|p1a: Ditto|Struggle|p2a: Mimikyu\n|-damage|p2a: Mimikyu|79\/100 par\n|-damage|p1a: Ditto|73\/100 par|[from] recoil\n|cant|p2a: Mimikyu|par\n|\n|-heal|p1a: Ditto|79\/100 par|[from] item: Leftovers\n|upkeep\n|turn|26\n|\n|t:|1698801034\n|cant|p1a: Ditto|par\n|move|p2a: Mimikyu|Pain Split|p1a: Ditto\n|-sethp|p1a: Ditto|73\/100 par|[from] move: Pain Split|[silent]\n|-sethp|p2a: Mimikyu|87\/100 par|[from] move: Pain Split\n|\n|-heal|p1a: Ditto|79\/100 par|[from] item: Leftovers\n|upkeep\n|turn|27\n|\n|t:|1698801045\n|cant|p1a: Ditto|par\n|move|p2a: Mimikyu|Thunder Wave|p1a: Ditto\n|-fail|p1a: Ditto|par\n|\n|-heal|p1a: Ditto|85\/100 par|[from] item: Leftovers\n|upkeep\n|turn|28\n|\n|t:|1698801053\n|-activate|p1a: Ditto|move: Struggle\n|move|p1a: Ditto|Struggle|p2a: Mimikyu\n|-damage|p2a: Mimikyu|66\/100 par\n|-damage|p1a: Ditto|60\/100 par|[from] recoil\n|cant|p2a: Mimikyu|par\n|\n|-heal|p1a: Ditto|66\/100 par|[from] item: Leftovers\n|upkeep\n|turn|29\n|\n|t:|1698801064\n|-activate|p1a: Ditto|move: Struggle\n|move|p1a: Ditto|Struggle|p2a: Mimikyu\n|-damage|p2a: Mimikyu|45\/100 par\n|-damage|p1a: Ditto|41\/100 par|[from] recoil\n|move|p2a: Mimikyu|Leech Life|p1a: Ditto\n|-resisted|p1a: Ditto\n|-damage|p1a: Ditto|33\/100 par\n|-heal|p2a: Mimikyu|50\/100 par|[from] drain|[of] p1a: Ditto\n|\n|-heal|p1a: Ditto|39\/100 par|[from] item: Leftovers\n|upkeep\n|turn|30\n|\n|t:|1698801082\n|-activate|p1a: Ditto|move: Struggle\n|move|p1a: Ditto|Struggle|p2a: Mimikyu\n|-damage|p2a: Mimikyu|28\/100 par\n|-damage|p1a: Ditto|14\/100 par|[from] recoil\n|move|p2a: Mimikyu|Thunder Wave|p1a: Ditto\n|-fail|p1a: Ditto|par\n|\n|-heal|p1a: Ditto|20\/100 par|[from] item: Leftovers\n|upkeep\n|turn|31\n|\n|t:|1698801093\n|-activate|p1a: Ditto|move: Struggle\n|move|p1a: Ditto|Struggle|p2a: Mimikyu\n|-damage|p2a: Mimikyu|7\/100 par\n|-damage|p1a: Ditto|0 fnt|[from] recoil\n|faint|p1a: Ditto\n|move|p2a: Mimikyu|Thunder Wave|p1: Ditto|[notarget]\n|-fail|p2a: Mimikyu\n|\n|upkeep\n|\n|t:|1698801107\n|switch|p1a: Ditto|Ditto|100\/100\n|-transform|p1a: Ditto|p2a: Mimikyu|[from] ability: Imposter\n|turn|32\n|\n|t:|1698801115\n|move|p1a: Ditto|Leech Life|p2a: Mimikyu\n|-resisted|p2a: Mimikyu\n|-damage|p2a: Mimikyu|0 fnt\n|faint|p2a: Mimikyu\n|-damage|p1a: Ditto|91\/100|[from] item: Life Orb\n|\n|upkeep\n|\n|t:|1698801122\n|switch|p2a: Mimikyu|Mimikyu, M, shiny|100\/100\n|turn|33\n|\n|t:|1698801131\n|move|p2a: Mimikyu|Swords Dance|p2a: Mimikyu\n|-boost|p2a: Mimikyu|atk|2\n|move|p1a: Ditto|Thunder Wave|p2a: Mimikyu\n|-status|p2a: Mimikyu|par\n|\n|upkeep\n|turn|34\n|\n|t:|1698801143\n|move|p2a: Mimikyu|Shadow Sneak|p1a: Ditto\n|-supereffective|p1a: Ditto\n|-crit|p1a: Ditto\n|-damage|p1a: Ditto|0 fnt\n|faint|p1a: Ditto\n|\n|upkeep\n|\n|t:|1698801150\n|switch|p1a: Ditto|Ditto|100\/100\n|-transform|p1a: Ditto|p2a: Mimikyu|[from] ability: Imposter\n|turn|35\n|\n|t:|1698801165\n|move|p1a: Ditto|Shadow Sneak|p2a: Mimikyu\n|-activate|p2a: Mimikyu|ability: Disguise\n|-damage|p2a: Mimikyu|100\/100 par\n|detailschange|p2a: Mimikyu|Mimikyu-Busted, M, shiny\n|-damage|p2a: Mimikyu|88\/100 par|[from] pokemon: Mimikyu-Busted\n|-damage|p1a: Ditto|91\/100|[from] item: Life Orb\n|cant|p2a: Mimikyu|par\n|\n|upkeep\n|turn|36\n|\n|t:|1698801177\n|move|p1a: Ditto|Shadow Sneak|p2a: Mimikyu\n|-supereffective|p2a: Mimikyu\n|-damage|p2a: Mimikyu|0 fnt\n|faint|p2a: Mimikyu\n|-damage|p1a: Ditto|81\/100|[from] item: Life Orb\n|\n|upkeep\n|\n|t:|1698801182\n|switch|p2a: Mimikyu|Mimikyu, M|100\/100\n|turn|37\n|\n|t:|1698801189\n|move|p1a: Ditto|Swords Dance|p1a: Ditto\n|-boost|p1a: Ditto|atk|2\n|move|p2a: Mimikyu|Trick|p1a: Ditto\n|-activate|p2a: Mimikyu|move: Trick|[of] p1a: Ditto\n|-item|p1a: Ditto|Lagging Tail|[from] move: Trick\n|-item|p2a: Mimikyu|Life Orb|[from] move: Trick\n|\n|upkeep\n|turn|38\n|\n|t:|1698801199\n|move|p1a: Ditto|Shadow Sneak|p2a: Mimikyu\n|-activate|p2a: Mimikyu|ability: Disguise\n|-damage|p2a: Mimikyu|100\/100\n|detailschange|p2a: Mimikyu|Mimikyu-Busted, M\n|-damage|p2a: Mimikyu|88\/100|[from] pokemon: Mimikyu-Busted\n|move|p2a: Mimikyu|Thunder Wave|p1a: Ditto\n|-status|p1a: Ditto|par\n|\n|upkeep\n|turn|39\n|\n|t:|1698801210\n|move|p1a: Ditto|Shadow Sneak|p2a: Mimikyu\n|-supereffective|p2a: Mimikyu\n|-crit|p2a: Mimikyu\n|-damage|p2a: Mimikyu|0 fnt\n|faint|p2a: Mimikyu\n|\n|upkeep\n|\n|t:|1698801215\n|switch|p2a: Mimikyu|Mimikyu, F|100\/100\n|turn|40\n|\n|t:|1698801221\n|move|p1a: Ditto|Shadow Sneak|p2a: Mimikyu\n|-activate|p2a: Mimikyu|ability: Disguise\n|-damage|p2a: Mimikyu|100\/100\n|detailschange|p2a: Mimikyu|Mimikyu-Busted, F\n|-damage|p2a: Mimikyu|88\/100|[from] pokemon: Mimikyu-Busted\n|move|p2a: Mimikyu|Pain Split|p1a: Ditto\n|-sethp|p1a: Ditto|77\/100 par|[from] move: Pain Split|[silent]\n|-sethp|p2a: Mimikyu|92\/100|[from] move: Pain Split\n|\n|upkeep\n|turn|41\n|\n|t:|1698801237\n|move|p2a: Mimikyu|Pain Split|p1a: Ditto\n|-sethp|p1a: Ditto|77\/100 par|[from] move: Pain Split|[silent]\n|-sethp|p2a: Mimikyu|92\/100|[from] move: Pain Split\n|move|p1a: Ditto|Play Rough|p2a: Mimikyu\n|-damage|p2a: Mimikyu|0 fnt\n|faint|p2a: Mimikyu\n|\n|upkeep\n|\n|t:|1698801246\n|switch|p2a: Mimikyu|Mimikyu, M|100\/100\n|turn|42\n|\n|t:|1698801254\n|move|p2a: Mimikyu|Leech Life|p1a: Ditto\n|-resisted|p1a: Ditto\n|-damage|p1a: Ditto|70\/100 par\n|move|p1a: Ditto|Swords Dance|p1a: Ditto\n|-boost|p1a: Ditto|atk|2\n|\n|upkeep\n|turn|43\n|\n|t:|1698801266\n|move|p2a: Mimikyu|Leech Life|p1a: Ditto\n|-resisted|p1a: Ditto\n|-damage|p1a: Ditto|62\/100 par\n|cant|p1a: Ditto|par\n|\n|upkeep\n|turn|44\n|\n|t:|1698801275\n|move|p2a: Mimikyu|Leech Life|p1a: Ditto\n|-resisted|p1a: Ditto\n|-damage|p1a: Ditto|55\/100 par\n|move|p1a: Ditto|Play Rough|p2a: Mimikyu\n|-activate|p2a: Mimikyu|ability: Disguise\n|-damage|p2a: Mimikyu|100\/100\n|detailschange|p2a: Mimikyu|Mimikyu-Busted, M\n|-damage|p2a: Mimikyu|88\/100|[from] pokemon: Mimikyu-Busted\n|\n|upkeep\n|turn|45\n|\n|t:|1698801288\n|move|p2a: Mimikyu|Leech Life|p1a: Ditto\n|-resisted|p1a: Ditto\n|-damage|p1a: Ditto|48\/100 par\n|-heal|p2a: Mimikyu|93\/100|[from] drain|[of] p1a: Ditto\n|move|p1a: Ditto|Play Rough|p2a: Mimikyu|[miss]\n|-miss|p1a: Ditto|p2a: Mimikyu\n|\n|upkeep\n|turn|46\n|\n|t:|1698801298\n|move|p2a: Mimikyu|Leech Life|p1a: Ditto\n|-resisted|p1a: Ditto\n|-damage|p1a: Ditto|41\/100 par\n|-heal|p2a: Mimikyu|97\/100|[from] drain|[of] p1a: Ditto\n|cant|p1a: Ditto|par\n|\n|upkeep\n|turn|47\n|\n|t:|1698801307\n|move|p2a: Mimikyu|Pain Split|p1a: Ditto\n|-sethp|p1a: Ditto|61\/100 par|[from] move: Pain Split|[silent]\n|-sethp|p2a: Mimikyu|73\/100|[from] move: Pain Split\n|cant|p1a: Ditto|par\n|\n|upkeep\n|turn|48\n|\n|t:|1698801322\n|move|p2a: Mimikyu|Pain Split|p1a: Ditto\n|-sethp|p1a: Ditto|61\/100 par|[from] move: Pain Split|[silent]\n|-sethp|p2a: Mimikyu|73\/100|[from] move: Pain Split\n|move|p1a: Ditto|Play Rough|p2a: Mimikyu\n|-damage|p2a: Mimikyu|0 fnt\n|faint|p2a: Mimikyu\n|\n|upkeep\n|\n|t:|1698801329\n|switch|p2a: Mimikyu|Mimikyu, F|100\/100\n|turn|49\n|\n|t:|1698801342\n|move|p2a: Mimikyu|Pain Split|p1a: Ditto\n|-sethp|p1a: Ditto|73\/100 par|[from] move: Pain Split|[silent]\n|-sethp|p2a: Mimikyu|87\/100|[from] move: Pain Split\n|cant|p1a: Ditto|par\n|\n|upkeep\n|turn|50\n|\n|t:|1698801352\n|move|p2a: Mimikyu|Pain Split|p1a: Ditto\n|-sethp|p1a: Ditto|73\/100 par|[from] move: Pain Split|[silent]\n|-sethp|p2a: Mimikyu|87\/100|[from] move: Pain Split\n|move|p1a: Ditto|Drain Punch|p2a: Mimikyu\n|-immune|p2a: Mimikyu\n|\n|upkeep\n|turn|51\n|\n|t:|1698801370\n|move|p2a: Mimikyu|Leech Life|p1a: Ditto\n|-resisted|p1a: Ditto\n|-damage|p1a: Ditto|65\/100 par\n|-heal|p2a: Mimikyu|91\/100|[from] drain|[of] p1a: Ditto\n|move|p1a: Ditto|Drain Punch|p2a: Mimikyu\n|-immune|p2a: Mimikyu\n|\n|upkeep\n|turn|52\n|\n|t:|1698801381\n|move|p2a: Mimikyu|Leech Life|p1a: Ditto\n|-resisted|p1a: Ditto\n|-damage|p1a: Ditto|58\/100 par\n|-heal|p2a: Mimikyu|96\/100|[from] drain|[of] p1a: Ditto\n|move|p1a: Ditto|Drain Punch|p2a: Mimikyu\n|-immune|p2a: Mimikyu\n|\n|upkeep\n|turn|53\n|\n|t:|1698801392\n|move|p2a: Mimikyu|Leech Life|p1a: Ditto\n|-resisted|p1a: Ditto\n|-crit|p1a: Ditto\n|-damage|p1a: Ditto|47\/100 par\n|-heal|p2a: Mimikyu|100\/100|[from] drain|[of] p1a: Ditto\n|move|p1a: Ditto|Drain Punch|p2a: Mimikyu\n|-immune|p2a: Mimikyu\n|\n|upkeep\n|turn|54\n|\n|t:|1698801404\n|move|p2a: Mimikyu|Leech Life|p1a: Ditto\n|-resisted|p1a: Ditto\n|-damage|p1a: Ditto|39\/100 par\n|move|p1a: Ditto|Drain Punch|p2a: Mimikyu\n|-immune|p2a: Mimikyu\n|\n|upkeep\n|turn|55\n|\n|t:|1698801420\n|move|p2a: Mimikyu|Leech Life|p1a: Ditto\n|-resisted|p1a: Ditto\n|-damage|p1a: Ditto|33\/100 par\n|move|p1a: Ditto|Swords Dance|p1a: Ditto\n|-boost|p1a: Ditto|atk|0\n|\n|upkeep\n|turn|56\n|\n|t:|1698801428\n|move|p2a: Mimikyu|Leech Life|p1a: Ditto\n|-resisted|p1a: Ditto\n|-damage|p1a: Ditto|25\/100 par\n|move|p1a: Ditto|Swords Dance|p1a: Ditto\n|-boost|p1a: Ditto|atk|0\n|\n|upkeep\n|turn|57\n|\n|t:|1698801436\n|move|p2a: Mimikyu|Leech Life|p1a: Ditto\n|-resisted|p1a: Ditto\n|-damage|p1a: Ditto|18\/100 par\n|move|p1a: Ditto|Swords Dance|p1a: Ditto\n|-boost|p1a: Ditto|atk|0\n|\n|upkeep\n|turn|58\n|\n|t:|1698801445\n|move|p2a: Mimikyu|Thunder Wave|p1a: Ditto\n|-fail|p1a: Ditto|par\n|cant|p1a: Ditto|par\n|\n|upkeep\n|turn|59\n|\n|t:|1698801454\n|move|p2a: Mimikyu|Thunder Wave|p1a: Ditto\n|-fail|p1a: Ditto|par\n|cant|p1a: Ditto|par\n|\n|upkeep\n|turn|60\n|\n|t:|1698801461\n|move|p2a: Mimikyu|Thunder Wave|p1a: Ditto\n|-fail|p1a: Ditto|par\n|move|p1a: Ditto|Play Rough|p2a: Mimikyu\n|-activate|p2a: Mimikyu|ability: Disguise\n|-damage|p2a: Mimikyu|100\/100\n|detailschange|p2a: Mimikyu|Mimikyu-Busted, F\n|-damage|p2a: Mimikyu|88\/100|[from] pokemon: Mimikyu-Busted\n|\n|upkeep\n|turn|61\n|\n|t:|1698801472\n|move|p2a: Mimikyu|Thunder Wave|p1a: Ditto\n|-fail|p1a: Ditto|par\n|-activate|p1a: Ditto|move: Struggle\n|move|p1a: Ditto|Struggle|p2a: Mimikyu\n|-damage|p2a: Mimikyu|0 fnt\n|faint|p2a: Mimikyu\n|-damage|p1a: Ditto|0 fnt|[from] recoil\n|faint|p1a: Ditto\n|\n|win|RositaV (TRAINER)\n|c|\u2606skythefire|gg\n|l|\u2606skythefire\n","uploadtime":1698801500,"views":3,"p1id":"rositavtrainer","p2id":"skythefire","formatid":"gen9anythinggoes","rating":0,"private":0,"password":""}