{"id":"gen9anythinggoes-1973757552","p1":"Darkrai7777","p2":"MelancholyBill","format":"[Gen 9] Anything Goes","log":"|j|\u2606Darkrai7777\n|j|\u2606MelancholyBill\n|t:|1698010371\n|gametype|singles\n|player|p1|Darkrai7777|102|1450\n|player|p2|MelancholyBill|benga|1403\n|teamsize|p1|6\n|teamsize|p2|6\n|gen|9\n|tier|[Gen 9] Anything Goes\n|rated|\n|rule|HP Percentage Mod: HP is shown in percentages\n|rule|Endless Battle Clause: Forcing endless battles is banned\n|clearpoke\n|poke|p1|Miraidon|\n|poke|p1|Volcarona, M|\n|poke|p1|Calyrex-Shadow|\n|poke|p1|Zacian-*|\n|poke|p1|Kyogre|\n|poke|p1|Garganacl, M|\n|poke|p2|Ting-Lu|\n|poke|p2|Vikavolt, M|\n|poke|p2|Hatterene, F|\n|poke|p2|Krookodile, M|\n|poke|p2|Ceruledge, M|\n|poke|p2|Toxapex, F|\n|teampreview\n|inactive|Battle timer is ON: inactive players will automatically lose when time's up. (requested by Darkrai7777)\n|\n|t:|1698010376\n|start\n|switch|p1a: Volcarona|Volcarona, M|100\/100\n|switch|p2a: Echo Act 2|Vikavolt, M|100\/100\n|turn|1\n|\n|t:|1698010383\n|move|p1a: Volcarona|Quiver Dance|p1a: Volcarona\n|-boost|p1a: Volcarona|spa|1\n|-boost|p1a: Volcarona|spd|1\n|-boost|p1a: Volcarona|spe|1\n|move|p2a: Echo Act 2|Sticky Web|p1a: Volcarona\n|-sidestart|p1: Darkrai7777|move: Sticky Web\n|\n|upkeep\n|turn|2\n|\n|t:|1698010389\n|move|p1a: Volcarona|Quiver Dance|p1a: Volcarona\n|-boost|p1a: Volcarona|spa|1\n|-boost|p1a: Volcarona|spd|1\n|-boost|p1a: Volcarona|spe|1\n|move|p2a: Echo Act 2|Thunder Wave|p1a: Volcarona\n|-status|p1a: Volcarona|par\n|\n|upkeep\n|turn|3\n|\n|t:|1698010395\n|move|p1a: Volcarona|Quiver Dance|p1a: Volcarona\n|-boost|p1a: Volcarona|spa|1\n|-boost|p1a: Volcarona|spd|1\n|-boost|p1a: Volcarona|spe|1\n|move|p2a: Echo Act 2|Thunderbolt|p1a: Volcarona\n|-damage|p1a: Volcarona|78\/100 par\n|\n|upkeep\n|turn|4\n|\n|t:|1698010401\n|move|p1a: Volcarona|Flamethrower|p2a: Echo Act 2\n|-supereffective|p2a: Echo Act 2\n|-enditem|p2a: Echo Act 2|Focus Sash\n|-damage|p2a: Echo Act 2|1\/100\n|move|p2a: Echo Act 2|Thunderbolt|p1a: Volcarona\n|-damage|p1a: Volcarona|54\/100 par\n|\n|upkeep\n|turn|5\n|\n|t:|1698010407\n|cant|p1a: Volcarona|par\n|move|p2a: Echo Act 2|Thunderbolt|p1a: Volcarona\n|-crit|p1a: Volcarona\n|-damage|p1a: Volcarona|0 fnt\n|faint|p1a: Volcarona\n|\n|upkeep\n|\n|t:|1698010416\n|switch|p1a: Garganacl|Garganacl, M|100\/100\n|-activate|p1a: Garganacl|move: Sticky Web\n|-unboost|p1a: Garganacl|spe|1\n|turn|6\n|\n|t:|1698010419\n|move|p2a: Echo Act 2|Thunderbolt|p1a: Garganacl\n|-damage|p1a: Garganacl|64\/100\n|move|p1a: Garganacl|Iron Defense|p1a: Garganacl\n|-boost|p1a: Garganacl|def|2\n|\n|-heal|p1a: Garganacl|70\/100|[from] item: Leftovers\n|upkeep\n|turn|7\n|\n|t:|1698010423\n|move|p2a: Echo Act 2|Thunderbolt|p1a: Garganacl\n|-damage|p1a: Garganacl|28\/100\n|move|p1a: Garganacl|Recover|p1a: Garganacl\n|-heal|p1a: Garganacl|78\/100\n|\n|-heal|p1a: Garganacl|84\/100|[from] item: Leftovers\n|upkeep\n|turn|8\n|\n|t:|1698010427\n|move|p2a: Echo Act 2|Thunderbolt|p1a: Garganacl\n|-damage|p1a: Garganacl|44\/100\n|move|p1a: Garganacl|Salt Cure|p2a: Echo Act 2\n|-supereffective|p2a: Echo Act 2\n|-damage|p2a: Echo Act 2|0 fnt\n|faint|p2a: Echo Act 2\n|\n|-heal|p1a: Garganacl|50\/100|[from] item: Leftovers\n|upkeep\n|\n|t:|1698010432\n|switch|p2a: Hata|Hatterene, F|100\/100\n|turn|9\n|\n|t:|1698010436\n|move|p2a: Hata|Psychic|p1a: Garganacl\n|-damage|p1a: Garganacl|15\/100\n|move|p1a: Garganacl|Recover|p1a: Garganacl\n|-heal|p1a: Garganacl|65\/100\n|\n|-heal|p1a: Garganacl|71\/100|[from] item: Leftovers\n|upkeep\n|turn|10\n|\n|t:|1698010440\n|move|p2a: Hata|Psychic|p1a: Garganacl\n|-damage|p1a: Garganacl|32\/100\n|move|p1a: Garganacl|Salt Cure|p2a: Hata\n|-damage|p2a: Hata|85\/100\n|-start|p2a: Hata|Salt Cure\n|\n|-heal|p1a: Garganacl|38\/100|[from] item: Leftovers\n|-damage|p2a: Hata|73\/100|[from] Salt Cure\n|upkeep\n|turn|11\n|\n|t:|1698010455\n|move|p2a: Hata|Psychic|p1a: Garganacl\n|-damage|p1a: Garganacl|0 fnt\n|faint|p1a: Garganacl\n|\n|-damage|p2a: Hata|61\/100|[from] Salt Cure\n|upkeep\n|\n|t:|1698010465\n|switch|p1a: Kyogre|Kyogre|100\/100\n|-activate|p1a: Kyogre|move: Sticky Web\n|-unboost|p1a: Kyogre|spe|1\n|-weather|RainDance|[from] ability: Drizzle|[of] p1a: Kyogre\n|turn|12\n|\n|t:|1698010468\n|move|p1a: Kyogre|Water Spout|p2a: Hata\n|-damage|p2a: Hata|0 fnt\n|faint|p2a: Hata\n|\n|-weather|RainDance|[upkeep]\n|upkeep\n|\n|t:|1698010496\n|switch|p2a: Meanie|Toxapex, F, shiny|100\/100\n|turn|13\n|\n|t:|1698010500\n|switch|p1a: Miraidon|Miraidon|100\/100\n|-activate|p1a: Miraidon|move: Sticky Web\n|-unboost|p1a: Miraidon|spe|1\n|-fieldstart|move: Electric Terrain|[from] ability: Hadron Engine|[of] p1a: Miraidon\n|move|p2a: Meanie|Toxic Spikes|p1a: Miraidon\n|-sidestart|p1: Darkrai7777|move: Toxic Spikes\n|\n|-weather|RainDance|[upkeep]\n|upkeep\n|turn|14\n|\n|t:|1698010506\n|switch|p2a: Wammu|Ting-Lu|100\/100\n|-ability|p2a: Wammu|Vessel of Ruin\n|move|p1a: Miraidon|Draco Meteor|p2a: Wammu\n|-damage|p2a: Wammu|50\/100\n|-unboost|p1a: Miraidon|spa|2\n|\n|-weather|RainDance|[upkeep]\n|-heal|p2a: Wammu|56\/100|[from] item: Leftovers\n|upkeep\n|turn|15\n|\n|t:|1698010514\n|switch|p1a: Zacian|Zacian-Crowned|100\/100\n|-activate|p1a: Zacian|move: Sticky Web\n|-unboost|p1a: Zacian|spe|1\n|-ability|p1a: Zacian|Intrepid Sword|boost\n|-boost|p1a: Zacian|atk|1\n|move|p2a: Wammu|Stealth Rock|p1a: Zacian\n|-sidestart|p1: Darkrai7777|move: Stealth Rock\n|\n|-weather|RainDance|[upkeep]\n|-heal|p2a: Wammu|62\/100|[from] item: Leftovers\n|upkeep\n|turn|16\n|\n|t:|1698010524\n|switch|p2a: Meanie|Toxapex, F, shiny|100\/100\n|move|p1a: Zacian|Swords Dance|p1a: Zacian\n|-boost|p1a: Zacian|atk|2\n|\n|-weather|none\n|upkeep\n|turn|17\n|\n|t:|1698010529\n|-terastallize|p1a: Zacian|Normal\n|move|p1a: Zacian|Body Slam|p2a: Meanie\n|-damage|p2a: Meanie|27\/100\n|-damage|p1a: Zacian|84\/100|[from] item: Rocky Helmet|[of] p2a: Meanie\n|move|p2a: Meanie|Chilling Water|p1a: Zacian\n|-damage|p1a: Zacian|74\/100\n|-unboost|p1a: Zacian|atk|1\n|\n|-fieldend|move: Electric Terrain\n|upkeep\n|turn|18\n|\n|t:|1698010536\n|move|p2a: Meanie|Baneful Bunker|p2a: Meanie\n|-singleturn|p2a: Meanie|move: Protect\n|move|p1a: Zacian|Body Slam|p2a: Meanie\n|-activate|p2a: Meanie|move: Protect\n|-status|p1a: Zacian|psn\n|\n|-damage|p1a: Zacian|61\/100 psn|[from] psn\n|upkeep\n|turn|19\n|\n|t:|1698010544\n|switch|p2a: Wammu|Ting-Lu|62\/100\n|-ability|p2a: Wammu|Vessel of Ruin\n|move|p1a: Zacian|Body Slam|p2a: Wammu\n|-damage|p2a: Wammu|20\/100\n|-status|p2a: Wammu|par\n|\n|-heal|p2a: Wammu|26\/100 par|[from] item: Leftovers\n|-damage|p1a: Zacian|49\/100 psn|[from] psn\n|upkeep\n|turn|20\n|\n|t:|1698010562\n|move|p1a: Zacian|Behemoth Blade|p2a: Wammu\n|-crit|p2a: Wammu\n|-damage|p2a: Wammu|0 fnt\n|faint|p2a: Wammu\n|\n|-damage|p1a: Zacian|37\/100 psn|[from] psn\n|upkeep\n|\n|t:|1698010565\n|switch|p2a: Meanie|Toxapex, F, shiny|61\/100\n|turn|21\n|\n|t:|1698010575\n|switch|p2a: Silver Chariot|Ceruledge, M|100\/100\n|move|p1a: Zacian|Body Slam|p2a: Silver Chariot\n|-immune|p2a: Silver Chariot\n|\n|-damage|p1a: Zacian|24\/100 psn|[from] psn\n|upkeep\n|turn|22\n|\n|t:|1698010584\n|move|p1a: Zacian|Behemoth Blade|p2a: Silver Chariot\n|-resisted|p2a: Silver Chariot\n|-damage|p2a: Silver Chariot|15\/100\n|-ability|p2a: Silver Chariot|Weak Armor|boost\n|-unboost|p2a: Silver Chariot|def|1\n|-boost|p2a: Silver Chariot|spe|2\n|move|p2a: Silver Chariot|Bitter Blade|p1a: Zacian\n|-damage|p1a: Zacian|0 fnt\n|-heal|p2a: Silver Chariot|29\/100|[from] drain|[of] p1a: Zacian\n|faint|p1a: Zacian\n|\n|upkeep\n|\n|t:|1698010593\n|switch|p1a: Kyogre|Kyogre|100\/100\n|-activate|p1a: Kyogre|move: Sticky Web\n|-unboost|p1a: Kyogre|spe|1\n|-status|p1a: Kyogre|psn\n|-damage|p1a: Kyogre|88\/100 psn|[from] Stealth Rock\n|-weather|RainDance|[from] ability: Drizzle|[of] p1a: Kyogre\n|turn|23\n|\n|t:|1698010596\n|move|p2a: Silver Chariot|Endure|p2a: Silver Chariot\n|-singleturn|p2a: Silver Chariot|move: Endure\n|move|p1a: Kyogre|Surf|p2a: Silver Chariot\n|-supereffective|p2a: Silver Chariot\n|-activate|p2a: Silver Chariot|move: Endure\n|-damage|p2a: Silver Chariot|1\/100\n|-enditem|p2a: Silver Chariot|Weakness Policy\n|-boost|p2a: Silver Chariot|atk|2|[from] item: Weakness Policy\n|-boost|p2a: Silver Chariot|spa|2|[from] item: Weakness Policy\n|\n|-weather|RainDance|[upkeep]\n|-damage|p1a: Kyogre|76\/100 psn|[from] psn\n|upkeep\n|turn|24\n|\n|t:|1698010604\n|-terastallize|p2a: Silver Chariot|Fighting\n|move|p2a: Silver Chariot|Close Combat|p1a: Kyogre\n|-damage|p1a: Kyogre|0 fnt\n|-unboost|p2a: Silver Chariot|def|1\n|-unboost|p2a: Silver Chariot|spd|1\n|faint|p1a: Kyogre\n|\n|-weather|RainDance|[upkeep]\n|upkeep\n|\n|t:|1698010610\n|switch|p1a: Calyrex|Calyrex-Shadow|100\/100\n|-ability|p1a: Calyrex|As One\n|-ability|p1a: Calyrex|Unnerve\n|-activate|p1a: Calyrex|move: Sticky Web\n|-unboost|p1a: Calyrex|spe|1\n|-status|p1a: Calyrex|psn\n|-damage|p1a: Calyrex|88\/100 psn|[from] Stealth Rock\n|turn|25\n|\n|t:|1698010613\n|move|p2a: Silver Chariot|Shadow Sneak|p1a: Calyrex\n|-supereffective|p1a: Calyrex\n|-damage|p1a: Calyrex|0 fnt\n|faint|p1a: Calyrex\n|\n|-weather|RainDance|[upkeep]\n|upkeep\n|\n|t:|1698010616\n|switch|p1a: Miraidon|Miraidon|100\/100\n|-activate|p1a: Miraidon|move: Sticky Web\n|-unboost|p1a: Miraidon|spe|1\n|-status|p1a: Miraidon|psn\n|-damage|p1a: Miraidon|88\/100 psn|[from] Stealth Rock\n|-fieldstart|move: Electric Terrain|[from] ability: Hadron Engine|[of] p1a: Miraidon\n|turn|26\n|\n|t:|1698010624\n|move|p2a: Silver Chariot|Close Combat|p1a: Miraidon\n|-damage|p1a: Miraidon|0 fnt\n|-unboost|p2a: Silver Chariot|def|1\n|-unboost|p2a: Silver Chariot|spd|1\n|faint|p1a: Miraidon\n|\n|win|MelancholyBill\n|raw|Darkrai7777's rating: 1450 &rarr; <strong>1427<\/strong><br \/>(-23 for losing)\n|raw|MelancholyBill's rating: 1403 &rarr; <strong>1426<\/strong><br \/>(+23 for winning)\n|l|\u2606Darkrai7777\n|c|\u2606MelancholyBill|Gg\n|c|\u2606MelancholyBill|Wp\n","uploadtime":1698010634,"views":11,"p1id":"darkrai7777","p2id":"melancholybill","formatid":"gen9anythinggoes","rating":1426,"private":0,"password":""}