{"id":"gen9anythinggoes-1992685674","p1":"MEME\/\/BRAIN","p2":"idoubtiwin","format":"[Gen 9] Anything Goes","log":"|j|\u203dMEME\/\/BRAIN\n|j|\u2606idoubtiwin\n|t:|1700225114\n|gametype|singles\n|player|p1|MEME\/\/BRAIN|guitarist|1173\n|player|p2|idoubtiwin|unknown|1076\n|teamsize|p1|6\n|teamsize|p2|6\n|gen|9\n|tier|[Gen 9] Anything Goes\n|rated|\n|rule|HP Percentage Mod: HP is shown in percentages\n|rule|Endless Battle Clause: Forcing endless battles is banned\n|clearpoke\n|poke|p1|Cyclizar, M|\n|poke|p1|Espathra, F|\n|poke|p1|Medicham, F|\n|poke|p1|Cloyster, F|\n|poke|p1|Drifblim, F|\n|poke|p1|Skeledirge, M|\n|poke|p2|Ditto|\n|poke|p2|Ditto|\n|poke|p2|Ditto|\n|poke|p2|Ditto|\n|poke|p2|Ditto|\n|poke|p2|Zoroark-Hisui, M|\n|teampreview\n|c|\u2606idoubtiwin|do u talk\n|\n|t:|1700225127\n|start\n|switch|p1a: Cyclizar|Cyclizar, M|100\/100\n|switch|p2a: Health Ditto|Ditto|100\/100\n|-transform|p2a: Health Ditto|p1a: Cyclizar|[from] ability: Imposter\n|turn|1\n|\n|t:|1700225140\n|move|p1a: Cyclizar|Dragon Tail|p2a: Health Ditto\n|-supereffective|p2a: Health Ditto\n|-damage|p2a: Health Ditto|38\/100\n|drag|p2a: Speed Ditto|Ditto|100\/100\n|-transform|p2a: Speed Ditto|p1a: Cyclizar|[from] ability: Imposter\n|\n|upkeep\n|turn|2\n|c|\u2606idoubtiwin|do u talk at all\n|\n|t:|1700225150\n|move|p2a: Speed Ditto|Rapid Spin|p1a: Cyclizar\n|-damage|p1a: Cyclizar|78\/100\n|-boost|p2a: Speed Ditto|spe|1\n|move|p1a: Cyclizar|Shed Tail|p1a: Cyclizar\n|-start|p1a: Cyclizar|Substitute|[from] move: Shed Tail\n|-damage|p1a: Cyclizar|28\/100\n|\n|t:|1700225156\n|switch|p1a: Espathra|Espathra, F|100\/100|[from] Shed Tail\n|\n|upkeep\n|turn|3\n|\n|t:|1700225161\n|move|p1a: Espathra|Calm Mind|p1a: Espathra\n|-boost|p1a: Espathra|spa|1\n|-boost|p1a: Espathra|spd|1\n|move|p2a: Speed Ditto|Dragon Tail|p1a: Espathra|[miss]\n|-miss|p2a: Speed Ditto|p1a: Espathra\n|\n|-ability|p1a: Espathra|Speed Boost|boost\n|-boost|p1a: Espathra|spe|1\n|upkeep\n|turn|4\n|\n|t:|1700225175\n|move|p2a: Speed Ditto|Shed Tail|p2a: Speed Ditto\n|-start|p2a: Speed Ditto|Substitute|[from] move: Shed Tail\n|-damage|p2a: Speed Ditto|50\/100\n|\n|t:|1700225179\n|switch|p2a: Attack Ditto|Ditto|100\/100|[from] Shed Tail\n|move|p1a: Espathra|Stored Power|p2a: Attack Ditto\n|-end|p2a: Attack Ditto|Substitute\n|\n|-ability|p1a: Espathra|Speed Boost|boost\n|-boost|p1a: Espathra|spe|1\n|upkeep\n|turn|5\n|\n|t:|1700225193\n|move|p1a: Espathra|Stored Power|p2a: Attack Ditto\n|-damage|p2a: Attack Ditto|0 fnt\n|faint|p2a: Attack Ditto\n|\n|-ability|p1a: Espathra|Speed Boost|boost\n|-boost|p1a: Espathra|spe|1\n|upkeep\n|\n|t:|1700225200\n|switch|p2a: Defense Ditto|Ditto|100\/100\n|turn|6\n|\n|t:|1700225204\n|move|p1a: Espathra|Calm Mind|p1a: Espathra\n|-boost|p1a: Espathra|spa|1\n|-boost|p1a: Espathra|spd|1\n|move|p2a: Defense Ditto|Transform||[still]\n|-fail|p2a: Defense Ditto\n|\n|-ability|p1a: Espathra|Speed Boost|boost\n|-boost|p1a: Espathra|spe|1\n|upkeep\n|turn|7\n|\n|t:|1700225213\n|switch|p2a: Balanced Ditto|Ditto, shiny|100\/100\n|move|p1a: Espathra|Calm Mind|p1a: Espathra\n|-boost|p1a: Espathra|spa|1\n|-boost|p1a: Espathra|spd|1\n|\n|-ability|p1a: Espathra|Speed Boost|boost\n|-boost|p1a: Espathra|spe|1\n|upkeep\n|turn|8\n|\n|t:|1700225224\n|move|p1a: Espathra|Stored Power|p2a: Balanced Ditto\n|-damage|p2a: Balanced Ditto|0 fnt\n|replace|p2a: Ditto Boss|Zoroark-Hisui, M\n|-end|p2a: Ditto Boss|Illusion\n|faint|p2a: Ditto Boss\n|\n|-ability|p1a: Espathra|Speed Boost|boost\n|-boost|p1a: Espathra|spe|1\n|upkeep\n|c|\u2606idoubtiwin|borinh\n|c|\u2606idoubtiwin|boring\n|-message|idoubtiwin forfeited.\n|\n|win|MEME\/\/BRAIN\n|raw|MEME&#x2f;&#x2f;BRAIN's rating: 1173 &rarr; <strong>1191<\/strong><br \/>(+18 for winning)\n|raw|idoubtiwin's rating: 1076 &rarr; <strong>1060<\/strong><br \/>(-16 for losing)\n|l|\u2606idoubtiwin\n","uploadtime":1700225270,"views":4,"p1id":"memebrain","p2id":"idoubtiwin","formatid":"gen9anythinggoes","rating":1060,"private":0,"password":""}