{"id":"gen9anythinggoes-1975543279","p1":"PanaRabbit","p2":"Sly Killdex 2","format":"[Gen 9] Anything Goes","log":"|j|\u2606PanaRabbit\n|j|\u2606Sly Killdex 2\n|t:|1698202875\n|gametype|singles\n|player|p1|PanaRabbit|ghetsis|1033\n|player|p2|Sly Killdex 2|palmer|1000\n|teamsize|p1|4\n|teamsize|p2|6\n|gen|9\n|tier|[Gen 9] Anything Goes\n|rated|\n|rule|HP Percentage Mod: HP is shown in percentages\n|rule|Endless Battle Clause: Forcing endless battles is banned\n|clearpoke\n|poke|p1|Ribombee, F|\n|poke|p1|Ribombee, F|\n|poke|p1|Cutiefly, F|\n|poke|p1|Cutiefly, F|\n|poke|p2|Sinistcha|\n|poke|p2|Ogerpon-Wellspring, F|\n|poke|p2|Walking Wake|\n|poke|p2|Miraidon|\n|poke|p2|Koraidon|\n|poke|p2|Iron Valiant|\n|teampreview\n|\n|t:|1698202897\n|start\n|switch|p1a: Cutiefly|Cutiefly, F|100\/100\n|switch|p2a: Koraidon|Koraidon|100\/100\n|-weather|SunnyDay|[from] ability: Orichalcum Pulse|[of] p2a: Koraidon\n|-activate|p2a: Koraidon|Orichalcum Pulse|[source]\n|turn|1\n|\n|t:|1698202902\n|move|p2a: Koraidon|Flare Blitz|p1a: Cutiefly\n|-supereffective|p1a: Cutiefly\n|-enditem|p1a: Cutiefly|Focus Sash\n|-damage|p1a: Cutiefly|1\/100\n|-damage|p2a: Koraidon|73\/100|[from] Recoil\n|move|p1a: Cutiefly|Stun Spore|p2a: Koraidon\n|-status|p2a: Koraidon|par\n|\n|-weather|SunnyDay|[upkeep]\n|upkeep\n|turn|2\n|\n|t:|1698202908\n|move|p1a: Cutiefly|Sticky Web|p2a: Koraidon\n|-sidestart|p2: Sly Killdex 2|move: Sticky Web\n|move|p2a: Koraidon|Flare Blitz|p1a: Cutiefly\n|-supereffective|p1a: Cutiefly\n|-damage|p1a: Cutiefly|0 fnt\n|faint|p1a: Cutiefly\n|-damage|p2a: Koraidon|73\/100 par|[from] Recoil\n|\n|-weather|SunnyDay|[upkeep]\n|upkeep\n|\n|t:|1698202915\n|switch|p1a: Ribombee|Ribombee, F, shiny|100\/100\n|turn|3\n|\n|t:|1698202921\n|-terastallize|p2a: Koraidon|Fire\n|move|p1a: Ribombee|Substitute|p1a: Ribombee\n|-start|p1a: Ribombee|Substitute\n|-damage|p1a: Ribombee|76\/100\n|move|p2a: Koraidon|Flare Blitz|p1a: Ribombee\n|-supereffective|p1a: Ribombee\n|-end|p1a: Ribombee|Substitute\n|-damage|p2a: Koraidon|67\/100 par|[from] Recoil|[of] p1a: Ribombee\n|\n|-weather|SunnyDay|[upkeep]\n|upkeep\n|turn|4\n|\n|t:|1698202929\n|move|p1a: Ribombee|Substitute|p1a: Ribombee\n|-start|p1a: Ribombee|Substitute\n|-damage|p1a: Ribombee|51\/100\n|move|p2a: Koraidon|Flare Blitz|p1a: Ribombee\n|-supereffective|p1a: Ribombee\n|-end|p1a: Ribombee|Substitute\n|-damage|p2a: Koraidon|61\/100 par|[from] Recoil|[of] p1a: Ribombee\n|\n|-weather|SunnyDay|[upkeep]\n|upkeep\n|turn|5\n|\n|t:|1698202934\n|move|p1a: Ribombee|Substitute|p1a: Ribombee\n|-start|p1a: Ribombee|Substitute\n|-damage|p1a: Ribombee|26\/100\n|cant|p2a: Koraidon|par\n|\n|-weather|none\n|upkeep\n|turn|6\n|\n|t:|1698202941\n|move|p1a: Ribombee|Leech Life|p2a: Koraidon\n|-resisted|p2a: Koraidon\n|-damage|p2a: Koraidon|49\/100 par\n|-heal|p1a: Ribombee|33\/100|[from] drain|[of] p2a: Koraidon\n|move|p2a: Koraidon|Flare Blitz|p1a: Ribombee\n|-supereffective|p1a: Ribombee\n|-end|p1a: Ribombee|Substitute\n|-damage|p2a: Koraidon|43\/100 par|[from] Recoil|[of] p1a: Ribombee\n|\n|upkeep\n|turn|7\n|\n|t:|1698202949\n|move|p1a: Ribombee|Substitute|p1a: Ribombee\n|-start|p1a: Ribombee|Substitute\n|-damage|p1a: Ribombee|9\/100\n|-enditem|p1a: Ribombee|Liechi Berry|[eat]\n|-boost|p1a: Ribombee|atk|1|[from] item: Liechi Berry\n|move|p2a: Koraidon|Flare Blitz|p1a: Ribombee\n|-supereffective|p1a: Ribombee\n|-end|p1a: Ribombee|Substitute\n|-damage|p2a: Koraidon|37\/100 par|[from] Recoil|[of] p1a: Ribombee\n|\n|upkeep\n|turn|8\n|\n|t:|1698202957\n|move|p1a: Ribombee|Acrobatics|p2a: Koraidon\n|-damage|p2a: Koraidon|5\/100 par\n|move|p2a: Koraidon|Flare Blitz|p1a: Ribombee\n|-supereffective|p1a: Ribombee\n|-damage|p1a: Ribombee|0 fnt\n|faint|p1a: Ribombee\n|-damage|p2a: Koraidon|3\/100 par|[from] Recoil\n|\n|upkeep\n|\n|t:|1698202964\n|switch|p1a: Ribombee|Ribombee, F|100\/100\n|turn|9\n|\n|t:|1698202967\n|-terastallize|p1a: Ribombee|Ghost\n|move|p1a: Ribombee|Quiver Dance|p1a: Ribombee\n|-boost|p1a: Ribombee|spa|1\n|-boost|p1a: Ribombee|spd|1\n|-boost|p1a: Ribombee|spe|1\n|move|p2a: Koraidon|Flare Blitz|p1a: Ribombee\n|-enditem|p1a: Ribombee|Focus Sash\n|-damage|p1a: Ribombee|1\/100\n|-damage|p2a: Koraidon|0 fnt|[from] Recoil\n|faint|p2a: Koraidon\n|\n|upkeep\n|\n|t:|1698202976\n|switch|p2a: Ogerpon|Ogerpon-Wellspring, F|100\/100\n|-activate|p2a: Ogerpon|move: Sticky Web\n|-unboost|p2a: Ogerpon|spe|1\n|turn|10\n|\n|t:|1698202981\n|move|p1a: Ribombee|Moonblast|p2a: Ogerpon\n|-damage|p2a: Ogerpon|41\/100\n|move|p2a: Ogerpon|Horn Leech|p1a: Ribombee\n|-damage|p1a: Ribombee|0 fnt\n|-heal|p2a: Ogerpon|41\/100|[from] drain|[of] p1a: Ribombee\n|faint|p1a: Ribombee\n|\n|upkeep\n|\n|t:|1698202984\n|switch|p1a: Cutiefly|Cutiefly, F, shiny|100\/100\n|turn|11\n|\n|t:|1698202998\n|move|p2a: Ogerpon|Ivy Cudgel|p1a: Cutiefly\n|-crit|p1a: Cutiefly\n|-damage|p1a: Cutiefly|3\/100\n|move|p1a: Cutiefly|Quiver Dance|p1a: Cutiefly\n|-boost|p1a: Cutiefly|spa|1\n|-boost|p1a: Cutiefly|spd|1\n|-boost|p1a: Cutiefly|spe|1\n|\n|upkeep\n|turn|12\n|\n|t:|1698203003\n|move|p1a: Cutiefly|Bug Buzz|p2a: Ogerpon\n|-supereffective|p2a: Ogerpon\n|-damage|p2a: Ogerpon|0 fnt\n|faint|p2a: Ogerpon\n|\n|upkeep\n|\n|t:|1698203007\n|switch|p2a: Sinistcha|Sinistcha|100\/100\n|-activate|p2a: Sinistcha|move: Sticky Web\n|-unboost|p2a: Sinistcha|spe|1\n|turn|13\n|\n|t:|1698203012\n|move|p1a: Cutiefly|Bug Buzz|p2a: Sinistcha\n|-damage|p2a: Sinistcha|67\/100\n|move|p2a: Sinistcha|Hex|p1a: Cutiefly\n|-damage|p1a: Cutiefly|0 fnt\n|faint|p1a: Cutiefly\n|\n|win|Sly Killdex 2\n|raw|PanaRabbit's rating: 1033 &rarr; <strong>1017<\/strong><br \/>(-16 for losing)\n|raw|Sly Killdex 2's rating: 1000 &rarr; <strong>1044<\/strong><br \/>(+44 for winning)\n|c|\u2606PanaRabbit|gg\n|l|\u2606PanaRabbit\n","uploadtime":1698203119,"views":7,"p1id":"panarabbit","p2id":"slykilldex2","formatid":"gen9anythinggoes","rating":1017,"private":0,"password":""}