{"id":"gen9anythinggoes-1977057408","p1":"50UP","p2":"Swag1432","format":"[Gen 9] Anything Goes","log":"|j|\u260650UP\n|j|\u2606Swag1432\n|t:|1698366744\n|gametype|singles\n|player|p1|50UP|ethan|\n|player|p2|Swag1432|170|\n|teamsize|p1|6\n|teamsize|p2|6\n|gen|9\n|tier|[Gen 9] Anything Goes\n|rule|HP Percentage Mod: HP is shown in percentages\n|rule|Endless Battle Clause: Forcing endless battles is banned\n|clearpoke\n|poke|p1|Carbink|\n|poke|p1|Glastrier|\n|poke|p1|Mew|\n|poke|p1|Greninja-*, M|\n|poke|p1|Zarude|\n|poke|p1|Sylveon, M|\n|poke|p2|Slowking, M|\n|poke|p2|Ting-Lu|\n|poke|p2|Ampharos, F|\n|poke|p2|Ursaring, F|\n|poke|p2|Lurantis, M|\n|poke|p2|Dragapult, M|\n|teampreview\n|j| patddontpee\n|\n|t:|1698366809\n|start\n|switch|p1a: Carbink|Carbink|100\/100\n|switch|p2a: Dragapult|Dragapult, M|100\/100\n|turn|1\n|\n|t:|1698366849\n|switch|p2a: Ting-Lu|Ting-Lu|100\/100\n|-ability|p2a: Ting-Lu|Vessel of Ruin\n|move|p1a: Carbink|Stealth Rock|p2a: Ting-Lu\n|-sidestart|p2: Swag1432|move: Stealth Rock\n|\n|upkeep\n|turn|2\n|\n|t:|1698366886\n|move|p2a: Ting-Lu|Stealth Rock|p1a: Carbink\n|-sidestart|p1: 50UP|move: Stealth Rock\n|move|p1a: Carbink|Body Press|p2a: Ting-Lu\n|-supereffective|p2a: Ting-Lu\n|-damage|p2a: Ting-Lu|60\/100\n|\n|-heal|p2a: Ting-Lu|66\/100|[from] item: Leftovers\n|upkeep\n|turn|3\n|\n|t:|1698366920\n|move|p2a: Ting-Lu|Protect|p2a: Ting-Lu\n|-singleturn|p2a: Ting-Lu|Protect\n|move|p1a: Carbink|Trick Room|p1a: Carbink\n|-fieldstart|move: Trick Room|[of] p1a: Carbink\n|\n|-heal|p2a: Ting-Lu|72\/100|[from] item: Leftovers\n|upkeep\n|turn|4\n|\n|t:|1698366930\n|move|p1a: Carbink|Body Press|p2a: Ting-Lu\n|-supereffective|p2a: Ting-Lu\n|-damage|p2a: Ting-Lu|33\/100\n|move|p2a: Ting-Lu|Earthquake|p1a: Carbink\n|-supereffective|p1a: Carbink\n|-damage|p1a: Carbink|48\/100\n|\n|-heal|p2a: Ting-Lu|39\/100|[from] item: Leftovers\n|upkeep\n|turn|5\n|\n|t:|1698366954\n|switch|p1a: Glastrier|Glastrier|100\/100\n|-damage|p1a: Glastrier|75\/100|[from] Stealth Rock\n|move|p2a: Ting-Lu|Earthquake|p1a: Glastrier\n|-damage|p1a: Glastrier|49\/100\n|\n|-heal|p2a: Ting-Lu|46\/100|[from] item: Leftovers\n|upkeep\n|turn|6\n|\n|t:|1698366975\n|switch|p2a: Ursaring|Ursaring, F|100\/100\n|-damage|p2a: Ursaring|88\/100|[from] Stealth Rock\n|move|p1a: Glastrier|Icicle Crash|p2a: Ursaring\n|-damage|p2a: Ursaring|52\/100\n|\n|upkeep\n|turn|7\n|\n|t:|1698366998\n|switch|p1a: Carbink|Carbink|48\/100\n|-damage|p1a: Carbink|35\/100|[from] Stealth Rock\n|move|p2a: Ursaring|Close Combat|p1a: Carbink\n|-damage|p1a: Carbink|1\/100\n|-unboost|p2a: Ursaring|def|1\n|-unboost|p2a: Ursaring|spd|1\n|-damage|p2a: Ursaring|35\/100|[from] item: Rocky Helmet|[of] p1a: Carbink\n|\n|-fieldend|move: Trick Room\n|upkeep\n|turn|8\n|\n|t:|1698367028\n|move|p2a: Ursaring|Crunch|p1a: Carbink\n|-resisted|p1a: Carbink\n|-damage|p1a: Carbink|0 fnt\n|-damage|p2a: Ursaring|18\/100|[from] item: Rocky Helmet|[of] p1a: Carbink\n|faint|p1a: Carbink\n|\n|upkeep\n|\n|t:|1698367037\n|switch|p1a: Zarude|Zarude|100\/100\n|-damage|p1a: Zarude|88\/100|[from] Stealth Rock\n|turn|9\n|\n|t:|1698367065\n|switch|p2a: Dragapult|Dragapult, M|100\/100\n|-damage|p2a: Dragapult|88\/100|[from] Stealth Rock\n|move|p1a: Zarude|Trailblaze|p2a: Dragapult\n|-resisted|p2a: Dragapult\n|-damage|p2a: Dragapult|66\/100\n|-boost|p1a: Zarude|spe|1\n|-damage|p1a: Zarude|78\/100|[from] item: Life Orb\n|\n|upkeep\n|turn|10\n|\n|t:|1698367076\n|move|p1a: Zarude|Knock Off|p2a: Dragapult\n|-supereffective|p2a: Dragapult\n|-damage|p2a: Dragapult|0 fnt\n|-enditem|p2a: Dragapult|Choice Specs|[from] move: Knock Off|[of] p1a: Zarude\n|faint|p2a: Dragapult\n|-damage|p1a: Zarude|68\/100|[from] item: Life Orb\n|\n|upkeep\n|\n|t:|1698367104\n|switch|p2a: Ampharos|Ampharos, F|100\/100\n|-damage|p2a: Ampharos|88\/100|[from] Stealth Rock\n|turn|11\n|\n|t:|1698367126\n|move|p1a: Zarude|Power Whip|p2a: Ampharos\n|-damage|p2a: Ampharos|14\/100\n|-damage|p1a: Zarude|58\/100|[from] item: Life Orb\n|move|p2a: Ampharos|Focus Blast|p1a: Zarude\n|-supereffective|p1a: Zarude\n|-damage|p1a: Zarude|0 fnt\n|faint|p1a: Zarude\n|\n|upkeep\n|\n|t:|1698367138\n|switch|p1a: Sylveon|Sylveon, M|100\/100\n|-damage|p1a: Sylveon|88\/100|[from] Stealth Rock\n|turn|12\n|\n|t:|1698367213\n|switch|p2a: Ting-Lu|Ting-Lu|46\/100\n|-damage|p2a: Ting-Lu|39\/100|[from] Stealth Rock\n|-ability|p2a: Ting-Lu|Vessel of Ruin\n|move|p1a: Sylveon|Hyper Voice|p2a: Ting-Lu\n|-supereffective|p2a: Ting-Lu\n|-damage|p2a: Ting-Lu|8\/100\n|\n|-heal|p2a: Ting-Lu|14\/100|[from] item: Leftovers\n|upkeep\n|turn|13\n|\n|t:|1698367231\n|move|p2a: Ting-Lu|Protect|p2a: Ting-Lu\n|-singleturn|p2a: Ting-Lu|Protect\n|move|p1a: Sylveon|Hyper Voice|p2a: Ting-Lu\n|-activate|p2a: Ting-Lu|move: Protect\n|\n|-heal|p2a: Ting-Lu|20\/100|[from] item: Leftovers\n|upkeep\n|turn|14\n|\n|t:|1698367243\n|move|p1a: Sylveon|Hyper Voice|p2a: Ting-Lu\n|-supereffective|p2a: Ting-Lu\n|-damage|p2a: Ting-Lu|0 fnt\n|faint|p2a: Ting-Lu\n|\n|upkeep\n|\n|t:|1698367295\n|switch|p2a: Slowking|Slowking, M|100\/100\n|-damage|p2a: Slowking|88\/100|[from] Stealth Rock\n|turn|15\n|\n|t:|1698367307\n|move|p1a: Sylveon|Shadow Ball|p2a: Slowking\n|-supereffective|p2a: Slowking\n|-damage|p2a: Slowking|55\/100\n|move|p2a: Slowking|Psychic|p1a: Sylveon\n|-damage|p1a: Sylveon|77\/100\n|\n|upkeep\n|turn|16\n|\n|t:|1698367326\n|move|p1a: Sylveon|Shadow Ball|p2a: Slowking\n|-supereffective|p2a: Slowking\n|-damage|p2a: Slowking|22\/100\n|-unboost|p2a: Slowking|spd|1\n|move|p2a: Slowking|Scald|p1a: Sylveon\n|-damage|p1a: Sylveon|67\/100\n|-status|p1a: Sylveon|brn\n|\n|-damage|p1a: Sylveon|61\/100 brn|[from] brn\n|upkeep\n|turn|17\n|\n|t:|1698367340\n|switch|p2a: Lurantis|Lurantis, M|100\/100\n|-damage|p2a: Lurantis|88\/100|[from] Stealth Rock\n|move|p1a: Sylveon|Shadow Ball|p2a: Lurantis\n|-crit|p2a: Lurantis\n|-damage|p2a: Lurantis|55\/100\n|\n|-damage|p1a: Sylveon|55\/100 brn|[from] brn\n|upkeep\n|turn|18\n|\n|t:|1698367369\n|move|p1a: Sylveon|Hyper Beam|p2a: Lurantis|[miss]\n|-miss|p1a: Sylveon|p2a: Lurantis\n|move|p2a: Lurantis|Leaf Storm|p1a: Sylveon\n|-damage|p1a: Sylveon|37\/100 brn\n|-boost|p2a: Lurantis|spa|2\n|\n|-damage|p1a: Sylveon|31\/100 brn|[from] brn\n|upkeep\n|turn|19\n|\n|t:|1698367395\n|move|p1a: Sylveon|Hyper Beam|p2a: Lurantis\n|-damage|p2a: Lurantis|0 fnt\n|-mustrecharge|p1a: Sylveon\n|faint|p2a: Lurantis\n|\n|-damage|p1a: Sylveon|25\/100 brn|[from] brn\n|upkeep\n|\n|t:|1698367401\n|switch|p2a: Slowking|Slowking, M|55\/100\n|-damage|p2a: Slowking|42\/100|[from] Stealth Rock\n|turn|20\n|\n|t:|1698367409\n|cant|p1a: Sylveon|recharge\n|move|p2a: Slowking|Slack Off|p2a: Slowking\n|-heal|p2a: Slowking|92\/100\n|\n|-damage|p1a: Sylveon|19\/100 brn|[from] brn\n|upkeep\n|turn|21\n|\n|t:|1698367424\n|move|p1a: Sylveon|Shadow Ball|p2a: Slowking\n|-supereffective|p2a: Slowking\n|-damage|p2a: Slowking|61\/100\n|move|p2a: Slowking|Psychic|p1a: Sylveon\n|-damage|p1a: Sylveon|7\/100 brn\n|\n|-damage|p1a: Sylveon|1\/100 brn|[from] brn\n|upkeep\n|turn|22\n|\n|t:|1698367432\n|move|p1a: Sylveon|Shadow Ball|p2a: Slowking\n|-supereffective|p2a: Slowking\n|-damage|p2a: Slowking|31\/100\n|move|p2a: Slowking|Slack Off|p2a: Slowking\n|-heal|p2a: Slowking|81\/100\n|\n|-damage|p1a: Sylveon|0 fnt|[from] brn\n|faint|p1a: Sylveon\n|upkeep\n|\n|t:|1698367452\n|switch|p1a: Glastrier|Glastrier|49\/100\n|-damage|p1a: Glastrier|24\/100|[from] Stealth Rock\n|turn|23\n|\n|t:|1698367467\n|move|p2a: Slowking|Fire Blast|p1a: Glastrier\n|-supereffective|p1a: Glastrier\n|-damage|p1a: Glastrier|0 fnt\n|faint|p1a: Glastrier\n|\n|upkeep\n|\n|t:|1698367475\n|switch|p1a: Mew|Mew|100\/100\n|-damage|p1a: Mew|88\/100|[from] Stealth Rock\n|turn|24\n|\n|t:|1698367512\n|switch|p2a: Ampharos|Ampharos, F|14\/100\n|-damage|p2a: Ampharos|1\/100|[from] Stealth Rock\n|move|p1a: Mew|Bulk Up|p1a: Mew\n|-boost|p1a: Mew|atk|1\n|-boost|p1a: Mew|def|1\n|\n|-heal|p1a: Mew|94\/100|[from] item: Leftovers\n|upkeep\n|turn|25\n|\n|t:|1698367529\n|move|p1a: Mew|Crunch|p2a: Ampharos\n|-damage|p2a: Ampharos|0 fnt\n|faint|p2a: Ampharos\n|\n|-heal|p1a: Mew|100\/100|[from] item: Leftovers\n|upkeep\n|\n|t:|1698367539\n|switch|p2a: Ursaring|Ursaring, F|18\/100\n|-damage|p2a: Ursaring|6\/100|[from] Stealth Rock\n|turn|26\n|\n|t:|1698367551\n|move|p1a: Mew|Crunch|p2a: Ursaring\n|-damage|p2a: Ursaring|0 fnt\n|faint|p2a: Ursaring\n|\n|upkeep\n|\n|t:|1698367555\n|switch|p2a: Slowking|Slowking, M|100\/100\n|-damage|p2a: Slowking|88\/100|[from] Stealth Rock\n|turn|27\n|\n|t:|1698367566\n|move|p1a: Mew|Crunch|p2a: Slowking\n|-supereffective|p2a: Slowking\n|-damage|p2a: Slowking|46\/100\n|-damage|p1a: Mew|84\/100|[from] item: Rocky Helmet|[of] p2a: Slowking\n|move|p2a: Slowking|Scald|p1a: Mew\n|-damage|p1a: Mew|60\/100\n|\n|-heal|p1a: Mew|66\/100|[from] item: Leftovers\n|upkeep\n|turn|28\n|\n|t:|1698367582\n|move|p1a: Mew|Crunch|p2a: Slowking\n|-supereffective|p2a: Slowking\n|-damage|p2a: Slowking|6\/100\n|-damage|p1a: Mew|50\/100|[from] item: Rocky Helmet|[of] p2a: Slowking\n|move|p2a: Slowking|Slack Off|p2a: Slowking\n|-heal|p2a: Slowking|56\/100\n|\n|-heal|p1a: Mew|56\/100|[from] item: Leftovers\n|upkeep\n|turn|29\n|\n|t:|1698367596\n|move|p1a: Mew|Crunch|p2a: Slowking\n|-supereffective|p2a: Slowking\n|-damage|p2a: Slowking|14\/100\n|-damage|p1a: Mew|39\/100|[from] item: Rocky Helmet|[of] p2a: Slowking\n|move|p2a: Slowking|Slack Off|p2a: Slowking\n|-heal|p2a: Slowking|64\/100\n|\n|-heal|p1a: Mew|46\/100|[from] item: Leftovers\n|upkeep\n|turn|30\n|\n|t:|1698367604\n|move|p1a: Mew|Bulk Up|p1a: Mew\n|-boost|p1a: Mew|atk|1\n|-boost|p1a: Mew|def|1\n|move|p2a: Slowking|Scald|p1a: Mew\n|-damage|p1a: Mew|22\/100\n|-status|p1a: Mew|brn\n|-activate|p1a: Mew|ability: Synchronize\n|-status|p2a: Slowking|brn\n|\n|-heal|p1a: Mew|28\/100 brn|[from] item: Leftovers\n|-damage|p1a: Mew|22\/100 brn|[from] brn\n|-damage|p2a: Slowking|58\/100 brn|[from] brn\n|upkeep\n|turn|31\n|\n|t:|1698367618\n|move|p1a: Mew|Crunch|p2a: Slowking\n|-supereffective|p2a: Slowking\n|-damage|p2a: Slowking|32\/100 brn\n|-damage|p1a: Mew|6\/100 brn|[from] item: Rocky Helmet|[of] p2a: Slowking\n|move|p2a: Slowking|Slack Off|p2a: Slowking\n|-heal|p2a: Slowking|82\/100 brn\n|\n|-heal|p1a: Mew|12\/100 brn|[from] item: Leftovers\n|-damage|p1a: Mew|6\/100 brn|[from] brn\n|-damage|p2a: Slowking|76\/100 brn|[from] brn\n|upkeep\n|turn|32\n|\n|t:|1698367634\n|move|p1a: Mew|Crunch|p2a: Slowking\n|-supereffective|p2a: Slowking\n|-damage|p2a: Slowking|49\/100 brn\n|-unboost|p2a: Slowking|def|1\n|-damage|p1a: Mew|0 fnt|[from] item: Rocky Helmet|[of] p2a: Slowking\n|faint|p1a: Mew\n|move|p2a: Slowking|Slack Off|p2a: Slowking\n|-heal|p2a: Slowking|99\/100 brn\n|\n|-damage|p2a: Slowking|93\/100 brn|[from] brn\n|upkeep\n|\n|t:|1698367645\n|switch|p1a: Greninja|Greninja, M|100\/100\n|-damage|p1a: Greninja|88\/100|[from] Stealth Rock\n|turn|33\n|\n|t:|1698367661\n|move|p1a: Greninja|U-turn|p2a: Slowking\n|-start|p1a: Greninja|typechange|Bug|[from] ability: Protean\n|-supereffective|p2a: Slowking\n|-damage|p2a: Slowking|48\/100 brn\n|-damage|p1a: Greninja|72\/100|[from] item: Rocky Helmet|[of] p2a: Slowking\n|move|p2a: Slowking|Scald|p1a: Greninja\n|-crit|p1a: Greninja\n|-damage|p1a: Greninja|14\/100\n|\n|-damage|p2a: Slowking|42\/100 brn|[from] brn\n|upkeep\n|turn|34\n|\n|t:|1698367683\n|move|p1a: Greninja|U-turn|p2a: Slowking\n|-supereffective|p2a: Slowking\n|-damage|p2a: Slowking|0 fnt\n|-damage|p1a: Greninja|0 fnt|[from] item: Rocky Helmet|[of] p2a: Slowking\n|faint|p2a: Slowking\n|faint|p1a: Greninja\n|\n|win|50UP\n","uploadtime":1698367698,"views":11,"p1id":"50up","p2id":"swag1432","formatid":"gen9anythinggoes","rating":0,"private":0,"password":""}