{"id":"gen9anythinggoes-1988449138","p1":"AGisgood\u82cd\u54cd\u4fa0","p2":"bailongzhenshuai","format":"[Gen 9] Anything Goes","log":"|j|\u2606AGisgood\u82cd\u54cd\u4fa0\n|j|\u2606bailongzhenshuai\n|t:|1699724123\n|gametype|singles\n|player|p1|AGisgood\u82cd\u54cd\u4fa0|cowgirl|1772\n|player|p2|bailongzhenshuai|roxie|1898\n|teamsize|p1|6\n|teamsize|p2|6\n|gen|9\n|tier|[Gen 9] Anything Goes\n|rated|\n|rule|HP Percentage Mod: HP is shown in percentages\n|rule|Endless Battle Clause: Forcing endless battles is banned\n|clearpoke\n|poke|p1|Slowking-Galar, M|\n|poke|p1|Calyrex-Ice|\n|poke|p1|Kyogre|\n|poke|p1|Koraidon|\n|poke|p1|Arceus|\n|poke|p1|Ursaluna-Bloodmoon, M|\n|poke|p2|Calyrex-Ice|\n|poke|p2|Kyogre|\n|poke|p2|Koraidon|\n|poke|p2|Arceus|\n|poke|p2|Ursaluna-Bloodmoon, M|\n|poke|p2|Arceus-Fairy|\n|teampreview\n|inactive|Battle timer is ON: inactive players will automatically lose when time's up. (requested by bailongzhenshuai)\n|inactive|AGisgood\u82cd\u54cd\u4fa0 also wants the timer to be on.\n|c|\u2606AGisgood\u82cd\u54cd\u4fa0|\u6211\u53bb\n|c|\u2606AGisgood\u82cd\u54cd\u4fa0|\u660e\u767d\n|c|\u2606AGisgood\u82cd\u54cd\u4fa0|\u725b\u903c\n|c|\u2606bailongzhenshuai|\u4f60\u5988\u6b7b\u4e86\n|inactive|AGisgood\u82cd\u54cd\u4fa0 has 120 seconds left.\n|inactive|bailongzhenshuai has 120 seconds left.\n|\n|t:|1699724164\n|start\n|switch|p1a: Koraidon|Koraidon|100\/100\n|switch|p2a: Ursaluna|Ursaluna-Bloodmoon, M|100\/100\n|-weather|SunnyDay|[from] ability: Orichalcum Pulse|[of] p1a: Koraidon\n|-activate|p1a: Koraidon|Orichalcum Pulse|[source]\n|turn|1\n|\n|t:|1699724181\n|-terastallize|p2a: Ursaluna|Ghost\n|move|p1a: Koraidon|U-turn|p2a: Ursaluna\n|-resisted|p2a: Ursaluna\n|-damage|p2a: Ursaluna|89\/100\n|c|\u2606AGisgood\u82cd\u54cd\u4fa0|\u6211\u5c31\u77e5\u9053\n|\n|t:|1699724197\n|switch|p1a: Slowking|Slowking-Galar, M|100\/100|[from] U-turn\n|move|p2a: Ursaluna|Blood Moon|p1a: Slowking\n|-damage|p1a: Slowking|36\/100\n|-damage|p2a: Ursaluna|79\/100|[from] item: Life Orb\n|\n|-weather|SunnyDay|[upkeep]\n|upkeep\n|turn|2\n|c|\u2606bailongzhenshuai|\u6211\u53bb\u4f60\u77e5\u9053\u4e5f\u6ca1\u7528\n|\n|t:|1699724215\n|move|p2a: Ursaluna|Earth Power|p1a: Slowking\n|-supereffective|p1a: Slowking\n|-damage|p1a: Slowking|0 fnt\n|faint|p1a: Slowking\n|-damage|p2a: Ursaluna|69\/100|[from] item: Life Orb\n|\n|-weather|SunnyDay|[upkeep]\n|upkeep\n|\n|t:|1699724221\n|switch|p1a: Kyogre|Kyogre|100\/100\n|-weather|RainDance|[from] ability: Drizzle|[of] p1a: Kyogre\n|turn|3\n|\n|t:|1699724226\n|move|p2a: Ursaluna|Vacuum Wave|p1a: Kyogre\n|-damage|p1a: Kyogre|87\/100\n|-damage|p2a: Ursaluna|59\/100|[from] item: Life Orb\n|move|p1a: Kyogre|Ice Beam|p2a: Ursaluna\n|-damage|p2a: Ursaluna|0 fnt\n|faint|p2a: Ursaluna\n|\n|-weather|RainDance|[upkeep]\n|upkeep\n|\n|t:|1699724231\n|switch|p2a: Kyogre|Kyogre|100\/100\n|turn|4\n|\n|t:|1699724237\n|switch|p1a: Koraidon|Koraidon|100\/100\n|-weather|SunnyDay|[from] ability: Orichalcum Pulse|[of] p1a: Koraidon\n|-activate|p1a: Koraidon|Orichalcum Pulse|[source]\n|move|p2a: Kyogre|Ice Beam|p1a: Koraidon\n|-supereffective|p1a: Koraidon\n|-damage|p1a: Koraidon|0 fnt\n|faint|p1a: Koraidon\n|\n|-weather|SunnyDay|[upkeep]\n|upkeep\n|\n|t:|1699724242\n|switch|p1a: Kyogre|Kyogre|87\/100\n|-weather|RainDance|[from] ability: Drizzle|[of] p1a: Kyogre\n|turn|5\n|\n|t:|1699724250\n|switch|p2a: Arceus|Arceus|100\/100\n|move|p1a: Kyogre|Water Spout|p2a: Arceus\n|-damage|p2a: Arceus|0 fnt\n|faint|p2a: Arceus\n|\n|-weather|RainDance|[upkeep]\n|upkeep\n|c|\u2606AGisgood\u82cd\u54cd\u4fa0|\u725b\u903c\n|\n|t:|1699724258\n|switch|p2a: Koraidon|Koraidon|100\/100\n|-weather|SunnyDay|[from] ability: Orichalcum Pulse|[of] p2a: Koraidon\n|-activate|p2a: Koraidon|Orichalcum Pulse|[source]\n|turn|6\n|\n|t:|1699724268\n|switch|p1a: Ursaluna|Ursaluna-Bloodmoon, M|100\/100\n|move|p2a: Koraidon|Close Combat|p1a: Ursaluna\n|-supereffective|p1a: Ursaluna\n|-damage|p1a: Ursaluna|0 fnt\n|-unboost|p2a: Koraidon|def|1\n|-unboost|p2a: Koraidon|spd|1\n|faint|p1a: Ursaluna\n|\n|-weather|SunnyDay|[upkeep]\n|upkeep\n|\n|t:|1699724273\n|switch|p1a: Calyrex|Calyrex-Ice|100\/100\n|-ability|p1a: Calyrex|As One\n|-ability|p1a: Calyrex|Unnerve\n|turn|7\n|\n|t:|1699724276\n|switch|p2a: Kyogre|Kyogre|100\/100\n|-weather|RainDance|[from] ability: Drizzle|[of] p2a: Kyogre\n|move|p1a: Calyrex|Glacial Lance|p2a: Kyogre\n|-resisted|p2a: Kyogre\n|-damage|p2a: Kyogre|47\/100\n|\n|-weather|RainDance|[upkeep]\n|upkeep\n|turn|8\n|c|\u2606bailongzhenshuai|\u725b\u903c\n|c|\u2606bailongzhenshuai|\u8fd9\u4e2a\u529b\u5ea6\n|c|\u2606bailongzhenshuai|\u6211\u8349\n|c|\u2606AGisgood\u82cd\u54cd\u4fa0|\u5367\u69fd\n|c|\u2606AGisgood\u82cd\u54cd\u4fa0|\u8fd9\u5c31\u662fcb\u51b0\u9a6c\n|c|\u2606bailongzhenshuai|\u4f60\u662fcb\u5417\n|c|\u2606AGisgood\u82cd\u54cd\u4fa0|\u662f\n|c|\u2606bailongzhenshuai|\u725b\u903c\n|\n|t:|1699724302\n|move|p2a: Kyogre|Thunder|p1a: Calyrex\n|-damage|p1a: Calyrex|50\/100\n|move|p1a: Calyrex|Glacial Lance|p2a: Kyogre\n|-resisted|p2a: Kyogre\n|-damage|p2a: Kyogre|0 fnt\n|faint|p2a: Kyogre\n|-ability|p1a: Calyrex|Chilling Neigh|boost\n|-boost|p1a: Calyrex|atk|1\n|\n|-weather|RainDance|[upkeep]\n|upkeep\n|\n|t:|1699724307\n|switch|p2a: Koraidon|Koraidon|100\/100\n|-weather|SunnyDay|[from] ability: Orichalcum Pulse|[of] p2a: Koraidon\n|-activate|p2a: Koraidon|Orichalcum Pulse|[source]\n|turn|9\n|\n|t:|1699724329\n|move|p2a: Koraidon|Close Combat|p1a: Calyrex\n|-damage|p1a: Calyrex|0 fnt\n|-unboost|p2a: Koraidon|def|1\n|-unboost|p2a: Koraidon|spd|1\n|faint|p1a: Calyrex\n|\n|-weather|SunnyDay|[upkeep]\n|upkeep\n|\n|t:|1699724333\n|switch|p1a: Arceus|Arceus|100\/100\n|turn|10\n|\n|t:|1699724336\n|move|p2a: Koraidon|Close Combat|p1a: Arceus\n|-supereffective|p1a: Arceus\n|-damage|p1a: Arceus|22\/100\n|-unboost|p2a: Koraidon|def|1\n|-unboost|p2a: Koraidon|spd|1\n|move|p1a: Arceus|Trick Room|p1a: Arceus\n|-fieldstart|move: Trick Room|[of] p1a: Arceus\n|\n|-weather|SunnyDay|[upkeep]\n|upkeep\n|turn|11\n|c|\u2606AGisgood\u82cd\u54cd\u4fa0|\u6211\u8fd8\u6ca1\u4ea4\u592a\u6676\n|c|\u2606AGisgood\u82cd\u54cd\u4fa0|\u7262\u5e95\n|\n|t:|1699724345\n|move|p1a: Arceus|Healing Wish|p1a: Arceus\n|faint|p1a: Arceus\n|move|p2a: Koraidon|Close Combat|p1: Arceus|[notarget]\n|-fail|p2a: Koraidon\n|\n|-weather|SunnyDay|[upkeep]\n|upkeep\n|\n|t:|1699724348\n|switch|p1a: Kyogre|Kyogre|87\/100\n|-heal|p1a: Kyogre|100\/100|[from] move: Healing Wish\n|-weather|RainDance|[from] ability: Drizzle|[of] p1a: Kyogre\n|turn|12\n|\n|t:|1699724357\n|switch|p2a: Calyrex|Calyrex-Ice|100\/100\n|-ability|p2a: Calyrex|As One\n|-ability|p2a: Calyrex|Unnerve\n|-terastallize|p1a: Kyogre|Water\n|move|p1a: Kyogre|Water Spout|p2a: Calyrex\n|-damage|p2a: Calyrex|0 fnt\n|faint|p2a: Calyrex\n|\n|-weather|RainDance|[upkeep]\n|upkeep\n|\n|t:|1699724361\n|switch|p2a: Koraidon|Koraidon|100\/100\n|-weather|SunnyDay|[from] ability: Orichalcum Pulse|[of] p2a: Koraidon\n|-activate|p2a: Koraidon|Orichalcum Pulse|[source]\n|turn|13\n|\n|t:|1699724365\n|move|p1a: Kyogre|Water Spout|p2a: Koraidon\n|-resisted|p2a: Koraidon\n|-damage|p2a: Koraidon|55\/100\n|move|p2a: Koraidon|Outrage|p1a: Kyogre\n|-damage|p1a: Kyogre|25\/100\n|\n|-weather|SunnyDay|[upkeep]\n|upkeep\n|turn|14\n|\n|t:|1699724368\n|move|p1a: Kyogre|Water Spout|p2a: Koraidon\n|-resisted|p2a: Koraidon\n|-damage|p2a: Koraidon|43\/100\n|move|p2a: Koraidon|Outrage|p1a: Kyogre|[from]lockedmove\n|-crit|p1a: Kyogre\n|-damage|p1a: Kyogre|0 fnt\n|faint|p1a: Kyogre\n|-start|p2a: Koraidon|confusion|[fatigue]\n|\n|win|bailongzhenshuai\n|raw|AGisgood\u82cd\u54cd\u4fa0's rating: 1772 &rarr; <strong>1759<\/strong><br \/>(-13 for losing)\n|raw|bailongzhenshuai's rating: 1898 &rarr; <strong>1911<\/strong><br \/>(+13 for winning)\n|c|\u2606bailongzhenshuai|\u597d\n|c|\u2606AGisgood\u82cd\u54cd\u4fa0|\u6211\u8349\n|c|\u2606bailongzhenshuai|\u8fd9\u5c31\u662f\u6545\n","uploadtime":1699724387,"views":9,"p1id":"agisgood","p2id":"bailongzhenshuai","formatid":"gen9anythinggoes","rating":1759,"private":0,"password":""}