{"id":"gen9anythinggoes-1983548960","p1":"MOVEFASTERGOGOGO","p2":"0-9p8p9p7","format":"[Gen 9] Anything Goes","log":"|j|\u203dMOVEFASTERGOGOGO\n|j|\u26060-9p8p9p7\n|t:|1699142204\n|gametype|singles\n|player|p1|MOVEFASTERGOGOGO|2|1078\n|player|p2|0-9p8p9p7|102|1023\n|teamsize|p1|6\n|teamsize|p2|6\n|gen|9\n|tier|[Gen 9] Anything Goes\n|rated|\n|rule|HP Percentage Mod: HP is shown in percentages\n|rule|Endless Battle Clause: Forcing endless battles is banned\n|clearpoke\n|poke|p1|Arcanine-Hisui, M|\n|poke|p1|Arcanine-Hisui, F|\n|poke|p1|Arcanine-Hisui, M|\n|poke|p1|Arcanine-Hisui, F|\n|poke|p1|Arcanine-Hisui, M|\n|poke|p1|Arcanine-Hisui, F|\n|poke|p2|Azurill, M|\n|poke|p2|Snom, F|\n|poke|p2|Kirlia, F|\n|poke|p2|Surskit, M|\n|poke|p2|Furret, M|\n|poke|p2|Dugtrio, F|\n|teampreview\n|\n|t:|1699142213\n|start\n|switch|p1a: Arcanine|Arcanine-Hisui, M|100\/100\n|switch|p2a: telekinetic child|Kirlia, F|100\/100\n|-ability|p2a: telekinetic child|Rock Head|[from] ability: Trace|[of] p1a: Arcanine\n|turn|1\n|\n|t:|1699142223\n|move|p1a: Arcanine|Head Smash|p2a: telekinetic child\n|-enditem|p2a: telekinetic child|Focus Sash\n|-damage|p2a: telekinetic child|1\/100\n|move|p2a: telekinetic child|Reflect|p2a: telekinetic child\n|-sidestart|p2: 0-9p8p9p7|Reflect\n|\n|upkeep\n|turn|2\n|\n|t:|1699142230\n|move|p1a: Arcanine|Head Smash|p2a: telekinetic child\n|-damage|p2a: telekinetic child|0 fnt\n|faint|p2a: telekinetic child\n|\n|upkeep\n|\n|t:|1699142239\n|switch|p2a: wotuh botl|Surskit, M|100\/100\n|turn|3\n|\n|t:|1699142245\n|move|p1a: Arcanine|Head Smash|p2a: wotuh botl\n|-supereffective|p2a: wotuh botl\n|-crit|p2a: wotuh botl\n|-enditem|p2a: wotuh botl|Focus Sash\n|-damage|p2a: wotuh botl|1\/100\n|move|p2a: wotuh botl|Sticky Web|p1a: Arcanine\n|-sidestart|p1: MOVEFASTERGOGOGO|move: Sticky Web\n|\n|upkeep\n|turn|4\n|\n|t:|1699142254\n|move|p1a: Arcanine|Head Smash|p2a: wotuh botl\n|-supereffective|p2a: wotuh botl\n|-damage|p2a: wotuh botl|0 fnt\n|faint|p2a: wotuh botl\n|\n|upkeep\n|\n|t:|1699142257\n|switch|p2a: rugtrio|Dugtrio, F|100\/100\n|turn|5\n|\n|t:|1699142261\n|move|p2a: rugtrio|Earthquake|p1a: Arcanine\n|-supereffective|p1a: Arcanine\n|-damage|p1a: Arcanine|0 fnt\n|faint|p1a: Arcanine\n|\n|-sideend|p2: 0-9p8p9p7|Reflect\n|upkeep\n|\n|t:|1699142265\n|switch|p1a: Arcanine|Arcanine-Hisui, F|100\/100\n|-activate|p1a: Arcanine|move: Sticky Web\n|-unboost|p1a: Arcanine|spe|1\n|turn|6\n|\n|t:|1699142269\n|-terastallize|p1a: Arcanine|Normal\n|move|p2a: rugtrio|Earthquake|p1a: Arcanine\n|-damage|p1a: Arcanine|47\/100\n|move|p1a: Arcanine|Giga Impact|p2a: rugtrio\n|-damage|p2a: rugtrio|0 fnt\n|-mustrecharge|p1a: Arcanine\n|faint|p2a: rugtrio\n|\n|upkeep\n|\n|t:|1699142277\n|switch|p2a: spacehopper|Azurill, M|100\/100\n|turn|7\n|\n|t:|1699142281\n|cant|p1a: Arcanine|recharge\n|move|p2a: spacehopper|Belly Drum|p2a: spacehopper\n|-damage|p2a: spacehopper|51\/100\n|-setboost|p2a: spacehopper|atk|6|[from] move: Belly Drum\n|\n|upkeep\n|turn|8\n|\n|t:|1699142289\n|move|p2a: spacehopper|Aqua Jet|p1a: Arcanine\n|-damage|p1a: Arcanine|0 fnt\n|faint|p1a: Arcanine\n|\n|upkeep\n|\n|t:|1699142293\n|switch|p1a: Arcanine|Arcanine-Hisui, M|100\/100\n|-activate|p1a: Arcanine|move: Sticky Web\n|-unboost|p1a: Arcanine|spe|1\n|turn|9\n|\n|t:|1699142298\n|move|p2a: spacehopper|Aqua Jet|p1a: Arcanine\n|-supereffective|p1a: Arcanine\n|-damage|p1a: Arcanine|0 fnt\n|faint|p1a: Arcanine\n|\n|upkeep\n|\n|t:|1699142303\n|switch|p1a: Arcanine|Arcanine-Hisui, F|100\/100\n|-activate|p1a: Arcanine|move: Sticky Web\n|-unboost|p1a: Arcanine|spe|1\n|turn|10\n|\n|t:|1699142307\n|move|p2a: spacehopper|Aqua Jet|p1a: Arcanine\n|-supereffective|p1a: Arcanine\n|-damage|p1a: Arcanine|0 fnt\n|faint|p1a: Arcanine\n|\n|upkeep\n|\n|t:|1699142310\n|switch|p1a: Arcanine|Arcanine-Hisui, M|100\/100\n|-activate|p1a: Arcanine|move: Sticky Web\n|-unboost|p1a: Arcanine|spe|1\n|turn|11\n|\n|t:|1699142315\n|move|p2a: spacehopper|Aqua Jet|p1a: Arcanine\n|-supereffective|p1a: Arcanine\n|-damage|p1a: Arcanine|0 fnt\n|faint|p1a: Arcanine\n|\n|upkeep\n|\n|t:|1699142318\n|switch|p1a: Arcanine|Arcanine-Hisui, F|100\/100\n|-activate|p1a: Arcanine|move: Sticky Web\n|-unboost|p1a: Arcanine|spe|1\n|turn|12\n|\n|t:|1699142323\n|move|p2a: spacehopper|Aqua Jet|p1a: Arcanine\n|-supereffective|p1a: Arcanine\n|-damage|p1a: Arcanine|0 fnt\n|faint|p1a: Arcanine\n|\n|win|0-9p8p9p7\n|raw|MOVEFASTERGOGOGO's rating: 1078 &rarr; <strong>1053<\/strong><br \/>(-25 for losing)\n|raw|0-9p8p9p7's rating: 1023 &rarr; <strong>1065<\/strong><br \/>(+42 for winning)\n|l|\u203dMOVEFASTERGOGOGO\n|j| Istil\n|c| Istil|baby vs dog\n|c| Istil|there\u2019s a joke here but i\u2019m afraid of getting banned\n|l| Istil\n|c|\u26060-9p8p9p7|ill just searvh it up\n|c|\u26060-9p8p9p7|yessir\n","uploadtime":1699142337,"views":9,"p1id":"movefastergogogo","p2id":"09p8p9p7","formatid":"gen9anythinggoes","rating":1053,"private":0,"password":""}