{"id":"gen9anythinggoes-1972071338","p1":"ypytaph","p2":"MY HERO TRAINER","format":"[Gen 9] Anything Goes","log":"|j|\u2606ypytaph\n|j|\u2606MY HERO TRAINER\n|t:|1697810380\n|gametype|singles\n|player|p1|ypytaph|li|1045\n|player|p2|MY HERO TRAINER|unknownf|1040\n|teamsize|p1|2\n|teamsize|p2|6\n|gen|9\n|tier|[Gen 9] Anything Goes\n|rated|\n|rule|HP Percentage Mod: HP is shown in percentages\n|rule|Endless Battle Clause: Forcing endless battles is banned\n|clearpoke\n|poke|p1|Drifblim, F|\n|poke|p1|Magearna|\n|poke|p2|Gallade, M|\n|poke|p2|Zacian-*|\n|poke|p2|Regieleki|\n|poke|p2|Veluza, F|\n|poke|p2|Blissey, F|\n|poke|p2|Urshifu-*, F|\n|teampreview\n|\n|t:|1697810385\n|start\n|switch|p1a: Ballin'|Drifblim, F|100\/100\n|switch|p2a: THE TANK|Blissey, F, shiny|100\/100\n|turn|1\n|\n|t:|1697810401\n|move|p1a: Ballin'|Minimize|p1a: Ballin'\n|-boost|p1a: Ballin'|evasion|2\n|move|p2a: THE TANK|Thunder|p1a: Ballin'\n|-supereffective|p1a: Ballin'\n|-damage|p1a: Ballin'|68\/100\n|-status|p1a: Ballin'|par\n|\n|upkeep\n|turn|2\n|\n|t:|1697810410\n|move|p2a: THE TANK|Thunder|p1a: Ballin'\n|-supereffective|p1a: Ballin'\n|-damage|p1a: Ballin'|36\/100 par\n|cant|p1a: Ballin'|par\n|\n|upkeep\n|turn|3\n|c|\u2606ypytaph|you're very lucky\n|\n|t:|1697810418\n|move|p2a: THE TANK|Shadow Ball|p1a: Ballin'\n|-supereffective|p1a: Ballin'\n|-damage|p1a: Ballin'|10\/100 par\n|-unboost|p1a: Ballin'|spd|1\n|move|p1a: Ballin'|Substitute|p1a: Ballin'\n|-fail|p1a: Ballin'|move: Substitute|[weak]\n|\n|upkeep\n|turn|4\n|\n|t:|1697810425\n|move|p2a: THE TANK|Shadow Ball|p1a: Ballin'\n|-supereffective|p1a: Ballin'\n|-crit|p1a: Ballin'\n|-damage|p1a: Ballin'|0 fnt\n|faint|p1a: Ballin'\n|\n|upkeep\n|\n|t:|1697810428\n|switch|p1a: Magearna|Magearna|100\/100\n|turn|5\n|\n|t:|1697810436\n|move|p1a: Magearna|Iron Defense|p1a: Magearna\n|-boost|p1a: Magearna|def|2\n|move|p2a: THE TANK|Thunder|p1a: Magearna|[miss]\n|-miss|p2a: THE TANK|p1a: Magearna\n|\n|upkeep\n|turn|6\n|c|\u2606MY HERO TRAINER|no\n|c|\u2606ypytaph|you are\n|c|\u2606MY HERO TRAINER|i have serene grace\n|c|\u2606MY HERO TRAINER|60% to paralyze :)\n|c|\u2606ypytaph|thunder hits half of the time\n|\n|t:|1697810462\n|move|p1a: Magearna|Iron Defense|p1a: Magearna\n|-boost|p1a: Magearna|def|2\n|move|p2a: THE TANK|Shadow Ball|p1a: Magearna\n|-damage|p1a: Magearna|88\/100\n|\n|upkeep\n|turn|7\n|c|\u2606ypytaph|and yes thats an exaggeration\n|c|\u2606MY HERO TRAINER|no it doesnt\n|c|\u2606ypytaph|but idrc\n|c|\u2606ypytaph|ye\n|c|\u2606ypytaph|it does\n|c|\u2606MY HERO TRAINER|dont be mad\n|c|\u2606ypytaph|not to mention i was with lv 2 evasion or something\n|c|\u2606MY HERO TRAINER|ggs lil bro\n|c|\u2606ypytaph|idk what gave you the impression that i Am mad\n|c|\u2606ypytaph|let me guess\n|c|\u2606MY HERO TRAINER|ggs lil bro\n|\n|t:|1697810504\n|move|p1a: Magearna|Iron Defense|p1a: Magearna\n|-boost|p1a: Magearna|def|2\n|move|p2a: THE TANK|Thunder|p1a: Magearna|[miss]\n|-miss|p2a: THE TANK|p1a: Magearna\n|\n|upkeep\n|turn|8\n|\n|t:|1697810515\n|switch|p2a: oogway|Urshifu-Rapid-Strike, F|100\/100\n|move|p1a: Magearna|Calm Mind|p1a: Magearna\n|-boost|p1a: Magearna|spa|1\n|-boost|p1a: Magearna|spd|1\n|\n|upkeep\n|turn|9\n|\n|t:|1697810523\n|-terastallize|p2a: oogway|Fighting\n|move|p2a: oogway|Close Combat|p1a: Magearna\n|-damage|p1a: Magearna|74\/100\n|-unboost|p2a: oogway|def|1\n|-unboost|p2a: oogway|spd|1\n|move|p1a: Magearna|Stored Power|p2a: oogway\n|-supereffective|p2a: oogway\n|-damage|p2a: oogway|0 fnt\n|faint|p2a: oogway\n|-ability|p1a: Magearna|Soul-Heart|boost\n|-boost|p1a: Magearna|spa|1\n|\n|upkeep\n|\n|t:|1697810537\n|switch|p2a: Veluza|Veluza, F, shiny|100\/100\n|turn|10\n|\n|t:|1697810540\n|move|p2a: Veluza|Fillet Away|p2a: Veluza\n|-boost|p2a: Veluza|atk|2\n|-boost|p2a: Veluza|spa|2\n|-boost|p2a: Veluza|spe|2\n|-damage|p2a: Veluza|51\/100\n|move|p1a: Magearna|Draining Kiss|p2a: Veluza\n|-damage|p2a: Veluza|0 fnt\n|-heal|p1a: Magearna|100\/100|[from] drain|[of] p2a: Veluza\n|faint|p2a: Veluza\n|-ability|p1a: Magearna|Soul-Heart|boost\n|-boost|p1a: Magearna|spa|1\n|\n|upkeep\n|\n|t:|1697810553\n|switch|p2a: Doggo|Zacian-Crowned|100\/100\n|-ability|p2a: Doggo|Intrepid Sword|boost\n|-boost|p2a: Doggo|atk|1\n|turn|11\n|\n|t:|1697810560\n|-terastallize|p1a: Magearna|Water\n|move|p2a: Doggo|Behemoth Blade|p1a: Magearna\n|-resisted|p1a: Magearna\n|-damage|p1a: Magearna|94\/100\n|move|p1a: Magearna|Stored Power|p2a: Doggo\n|-resisted|p2a: Doggo\n|-damage|p2a: Doggo|29\/100\n|\n|upkeep\n|turn|12\n|\n|t:|1697810571\n|move|p2a: Doggo|Play Rough|p1a: Magearna\n|-damage|p1a: Magearna|82\/100\n|move|p1a: Magearna|Stored Power|p2a: Doggo\n|-resisted|p2a: Doggo\n|-damage|p2a: Doggo|0 fnt\n|faint|p2a: Doggo\n|-ability|p1a: Magearna|Soul-Heart|boost\n|-boost|p1a: Magearna|spa|1\n|\n|upkeep\n|\n|t:|1697810580\n|switch|p2a: electro|Regieleki, shiny|100\/100\n|turn|13\n|\n|t:|1697810586\n|move|p2a: electro|Thunder Cage|p1a: Magearna\n|-supereffective|p1a: Magearna\n|-damage|p1a: Magearna|22\/100\n|-activate|p1a: Magearna|move: Thunder Cage|[of] p2a: electro\n|-enditem|p1a: Magearna|Weakness Policy\n|-boost|p1a: Magearna|atk|2|[from] item: Weakness Policy\n|-boost|p1a: Magearna|spa|2|[from] item: Weakness Policy\n|-damage|p2a: electro|91\/100|[from] item: Life Orb\n|move|p1a: Magearna|Stored Power|p2a: electro\n|-damage|p2a: electro|0 fnt\n|faint|p2a: electro\n|\n|-end|p1a: Magearna|Thunder Cage|[partiallytrapped]|[silent]\n|upkeep\n|\n|t:|1697810599\n|switch|p2a: The blade|Gallade, M, shiny|100\/100\n|turn|14\n|\n|t:|1697810606\n|move|p2a: The blade|Psycho Cut|p1a: Magearna\n|-damage|p1a: Magearna|10\/100\n|-damage|p2a: The blade|91\/100|[from] item: Life Orb\n|move|p1a: Magearna|Draining Kiss|p2a: The blade\n|-supereffective|p2a: The blade\n|-damage|p2a: The blade|0 fnt\n|-heal|p1a: Magearna|62\/100|[from] drain|[of] p2a: The blade\n|faint|p2a: The blade\n|\n|upkeep\n|\n|t:|1697810640\n|switch|p2a: THE TANK|Blissey, F, shiny|100\/100\n|turn|15\n|\n|t:|1697810646\n|move|p1a: Magearna|Stored Power|p2a: THE TANK\n|-damage|p2a: THE TANK|3\/100\n|move|p2a: THE TANK|Thunder|p1a: Magearna|[miss]\n|-miss|p2a: THE TANK|p1a: Magearna\n|\n|upkeep\n|turn|16\n|c|\u2606ypytaph|ggs\n|c|\u2606MY HERO TRAINER|dang\n|c|\u2606ypytaph|lil bro?\n|c|\u2606MY HERO TRAINER|ggs\n|c|\u2606MY HERO TRAINER|ye lil bro\n|c|\u2606MY HERO TRAINER|ggs\n|\n|t:|1697810699\n|move|p1a: Magearna|Draining Kiss|p2a: THE TANK\n|-damage|p2a: THE TANK|0 fnt\n|-heal|p1a: Magearna|66\/100|[from] drain|[of] p2a: THE TANK\n|faint|p2a: THE TANK\n|\n|win|ypytaph\n|raw|ypytaph's rating: 1045 &rarr; <strong>1078<\/strong><br \/>(+33 for winning)\n|raw|MY HERO TRAINER's rating: 1040 &rarr; <strong>1024<\/strong><br \/>(-16 for losing)\n|c|\u2606MY HERO TRAINER|1024 :(((\n|l|\u2606MY HERO TRAINER\n","uploadtime":1697810719,"views":5,"p1id":"ypytaph","p2id":"myherotrainer","formatid":"gen9anythinggoes","rating":1024,"private":0,"password":""}