{"id":"gen9anythinggoes-1976786440","p1":"tyoone","p2":"Jeremy647","format":"[Gen 9] Anything Goes","log":"|j|\u2606tyoone\n|j|\u2606Jeremy647\n|t:|1698341268\n|gametype|singles\n|player|p1|tyoone|170|1257\n|player|p2|Jeremy647|ruinmaniac|1366\n|teamsize|p1|6\n|teamsize|p2|6\n|gen|9\n|tier|[Gen 9] Anything Goes\n|rated|\n|rule|HP Percentage Mod: HP is shown in percentages\n|rule|Endless Battle Clause: Forcing endless battles is banned\n|clearpoke\n|poke|p1|Decidueye-Hisui, M|\n|poke|p1|Palkia-Origin|\n|poke|p1|Corviknight, F|\n|poke|p1|Greninja-*, M|\n|poke|p1|Kingambit, F|\n|poke|p1|Lucario, M|\n|poke|p2|Iron Bundle|\n|poke|p2|Miraidon|\n|poke|p2|Zacian-*|\n|poke|p2|Annihilape, M|\n|poke|p2|Roaring Moon|\n|poke|p2|Rillaboom, M|\n|teampreview\n|inactive|Battle timer is ON: inactive players will automatically lose when time's up. (requested by Jeremy647)\n|inactive|Jeremy647 has 120 seconds left.\n|\n|t:|1698341305\n|start\n|switch|p1a: Decidueye|Decidueye-Hisui, M, shiny|100\/100\n|switch|p2a: Iron Bundle|Iron Bundle, shiny|100\/100\n|turn|1\n|\n|t:|1698341310\n|move|p2a: Iron Bundle|Flip Turn|p1a: Decidueye\n|-resisted|p1a: Decidueye\n|-damage|p1a: Decidueye|93\/100\n|\n|t:|1698341314\n|-end|p2a: Iron Bundle|Quark Drive|[silent]\n|switch|p2a: Roaring Moon|Roaring Moon|100\/100|[from] Flip Turn\n|-enditem|p2a: Roaring Moon|Booster Energy\n|-activate|p2a: Roaring Moon|ability: Protosynthesis|[fromitem]\n|-start|p2a: Roaring Moon|protosynthesisatk\n|move|p1a: Decidueye|Triple Arrows|p2a: Roaring Moon\n|-supereffective|p2a: Roaring Moon\n|-damage|p2a: Roaring Moon|0 fnt\n|faint|p2a: Roaring Moon\n|-end|p2a: Roaring Moon|Protosynthesis|[silent]\n|\n|upkeep\n|\n|t:|1698341327\n|switch|p2a: Miraidon|Miraidon|100\/100\n|-fieldstart|move: Electric Terrain|[from] ability: Hadron Engine|[of] p2a: Miraidon\n|turn|2\n|\n|t:|1698341333\n|move|p2a: Miraidon|Volt Switch|p1a: Decidueye\n|-resisted|p1a: Decidueye\n|-damage|p1a: Decidueye|58\/100\n|\n|t:|1698341337\n|switch|p2a: Annihilape|Annihilape, M|100\/100|[from] Volt Switch\n|move|p1a: Decidueye|Triple Arrows|p2a: Annihilape\n|-damage|p2a: Annihilape|25\/100\n|-unboost|p2a: Annihilape|def|1\n|-ability|p2a: Annihilape|Defiant|boost\n|-boost|p2a: Annihilape|atk|2\n|\n|upkeep\n|turn|3\n|\n|t:|1698341345\n|move|p2a: Annihilape|Rage Fist|p1a: Decidueye\n|-damage|p1a: Decidueye|0 fnt\n|faint|p1a: Decidueye\n|\n|upkeep\n|\n|t:|1698341349\n|switch|p1a: Corviknight|Corviknight, F, shiny|100\/100\n|turn|4\n|\n|t:|1698341354\n|move|p2a: Annihilape|Rage Fist|p1a: Corviknight\n|-damage|p1a: Corviknight|31\/100\n|move|p1a: Corviknight|Brave Bird|p2a: Annihilape\n|-supereffective|p2a: Annihilape\n|-damage|p2a: Annihilape|0 fnt\n|faint|p2a: Annihilape\n|-damage|p1a: Corviknight|23\/100|[from] Recoil\n|\n|-heal|p1a: Corviknight|29\/100|[from] item: Leftovers\n|upkeep\n|\n|t:|1698341363\n|switch|p2a: Miraidon|Miraidon|100\/100\n|-activate|p2a: Miraidon|ability: Hadron Engine\n|turn|5\n|\n|t:|1698341367\n|move|p2a: Miraidon|Volt Switch|p1a: Corviknight\n|-supereffective|p1a: Corviknight\n|-damage|p1a: Corviknight|0 fnt\n|faint|p1a: Corviknight\n|\n|t:|1698341371\n|switch|p2a: Iron Bundle|Iron Bundle, shiny|100\/100|[from] Volt Switch\n|-activate|p2a: Iron Bundle|ability: Quark Drive\n|-start|p2a: Iron Bundle|quarkdrivespa\n|\n|upkeep\n|\n|t:|1698341383\n|switch|p1a: Palkia|Palkia-Origin, shiny|100\/100\n|-ability|p1a: Palkia|Pressure\n|turn|6\n|\n|t:|1698341399\n|move|p2a: Iron Bundle|Freeze-Dry|p1a: Palkia\n|-supereffective|p1a: Palkia\n|-damage|p1a: Palkia|0 fnt\n|faint|p1a: Palkia\n|\n|-fieldend|move: Electric Terrain\n|-end|p2a: Iron Bundle|Quark Drive\n|upkeep\n|\n|t:|1698341406\n|switch|p1a: Greninja|Greninja, M, shiny|100\/100\n|turn|7\n|\n|t:|1698341410\n|move|p2a: Iron Bundle|Freeze-Dry|p1a: Greninja\n|-supereffective|p1a: Greninja\n|-damage|p1a: Greninja|0 fnt\n|faint|p1a: Greninja\n|\n|upkeep\n|\n|t:|1698341413\n|switch|p1a: Kingambit|Kingambit, F, shiny|100\/100\n|-activate|p1a: Kingambit|ability: Supreme Overlord\n|-start|p1a: Kingambit|fallen4|[silent]\n|turn|8\n|\n|t:|1698341418\n|-end|p2a: Iron Bundle|Quark Drive|[silent]\n|switch|p2a: Miraidon|Miraidon|100\/100\n|-fieldstart|move: Electric Terrain|[from] ability: Hadron Engine|[of] p2a: Miraidon\n|move|p1a: Kingambit|Sucker Punch||[still]\n|-fail|p1a: Kingambit\n|\n|upkeep\n|turn|9\n|\n|t:|1698341426\n|move|p2a: Miraidon|Volt Switch|p1a: Kingambit\n|-damage|p1a: Kingambit|37\/100\n|\n|t:|1698341430\n|switch|p2a: Iron Bundle|Iron Bundle, shiny|100\/100|[from] Volt Switch\n|-activate|p2a: Iron Bundle|ability: Quark Drive\n|-start|p2a: Iron Bundle|quarkdrivespa\n|move|p1a: Kingambit|Night Slash|p2a: Iron Bundle\n|-damage|p2a: Iron Bundle|28\/100\n|\n|upkeep\n|turn|10\n|\n|t:|1698341433\n|move|p1a: Kingambit|Sucker Punch|p2a: Iron Bundle\n|-damage|p2a: Iron Bundle|0 fnt\n|faint|p2a: Iron Bundle\n|-end|p2a: Iron Bundle|Quark Drive|[silent]\n|\n|upkeep\n|\n|t:|1698341437\n|switch|p2a: Miraidon|Miraidon|100\/100\n|-activate|p2a: Miraidon|ability: Hadron Engine\n|turn|11\n|\n|t:|1698341446\n|move|p1a: Kingambit|Sucker Punch|p2a: Miraidon\n|-damage|p2a: Miraidon|48\/100\n|move|p2a: Miraidon|Volt Switch|p1a: Kingambit\n|-damage|p1a: Kingambit|0 fnt\n|faint|p1a: Kingambit\n|-end|p1a: Kingambit|fallen4|[silent]\n|\n|t:|1698341449\n|switch|p2a: Zacian|Zacian-Crowned, shiny|100\/100|[from] Volt Switch\n|-ability|p2a: Zacian|Intrepid Sword|boost\n|-boost|p2a: Zacian|atk|1\n|\n|upkeep\n|\n|t:|1698341452\n|switch|p1a: Lucario|Lucario, M, shiny|100\/100\n|turn|12\n|\n|t:|1698341457\n|-terastallize|p2a: Zacian|Steel\n|-terastallize|p1a: Lucario|Normal\n|move|p2a: Zacian|Behemoth Blade|p1a: Lucario\n|-damage|p1a: Lucario|0 fnt\n|faint|p1a: Lucario\n|\n|win|Jeremy647\n|raw|tyoone's rating: 1257 &rarr; <strong>1240<\/strong><br \/>(-17 for losing)\n|raw|Jeremy647's rating: 1366 &rarr; <strong>1380<\/strong><br \/>(+14 for winning)\n|l|\u2606tyoone\n|c|\u2606Jeremy647|gg\n","uploadtime":1698341469,"views":4,"p1id":"tyoone","p2id":"jeremy647","formatid":"gen9anythinggoes","rating":1240,"private":0,"password":""}