{"id":"gen9anythinggoes-1987591748","p1":"krookodilemoxie","p2":"savagewolf98420","format":"[Gen 9] Anything Goes","log":"|j|\u2606krookodilemoxie\n|j|\u2606savagewolf98420\n|t:|1699616731\n|gametype|singles\n|player|p1|krookodilemoxie|byron|1223\n|player|p2|savagewolf98420|koga|1214\n|teamsize|p1|6\n|teamsize|p2|6\n|gen|9\n|tier|[Gen 9] Anything Goes\n|rated|\n|rule|HP Percentage Mod: HP is shown in percentages\n|rule|Endless Battle Clause: Forcing endless battles is banned\n|clearpoke\n|poke|p1|Cinderace, F|\n|poke|p1|Chesnaught, M|\n|poke|p1|Electrode|\n|poke|p1|Grimmsnarl, M|\n|poke|p1|Passimian, M|\n|poke|p1|Arceus-Dragon|\n|poke|p2|Koraidon|\n|poke|p2|Lilligant-Hisui, F|\n|poke|p2|Toxapex, M|\n|poke|p2|Jirachi|\n|poke|p2|Arcanine-Hisui, M|\n|poke|p2|Eternatus|\n|teampreview\n|inactive|Battle timer is ON: inactive players will automatically lose when time's up. (requested by krookodilemoxie)\n|inactive|savagewolf98420 has 120 seconds left.\n|\n|t:|1699616798\n|start\n|switch|p1a: Football|Electrode, shiny|100\/100\n|switch|p2a: Jirachi|Jirachi|100\/100\n|turn|1\n|\n|t:|1699616813\n|move|p2a: Jirachi|Iron Head|p1a: Football\n|-resisted|p1a: Football\n|-damage|p1a: Football|68\/100\n|move|p1a: Football|Thunder Wave|p2a: Jirachi\n|-status|p2a: Jirachi|par\n|\n|upkeep\n|turn|2\n|\n|t:|1699616822\n|move|p1a: Football|Spark|p2a: Jirachi\n|-crit|p2a: Jirachi\n|-damage|p2a: Jirachi|70\/100 par\n|move|p2a: Jirachi|Iron Head|p1a: Football\n|-resisted|p1a: Football\n|-damage|p1a: Football|37\/100\n|\n|upkeep\n|turn|3\n|\n|t:|1699616842\n|move|p1a: Football|Self-Destruct|p2a: Jirachi\n|-resisted|p2a: Jirachi\n|-damage|p2a: Jirachi|49\/100 par\n|faint|p1a: Football\n|move|p2a: Jirachi|Iron Head|p1: Football|[notarget]\n|-fail|p2a: Jirachi\n|\n|upkeep\n|\n|t:|1699616845\n|switch|p1a: Modric|Passimian, M|100\/100\n|turn|4\n|\n|t:|1699616853\n|move|p1a: Modric|Bulk Up|p1a: Modric\n|-boost|p1a: Modric|atk|1\n|-boost|p1a: Modric|def|1\n|move|p2a: Jirachi|Iron Head|p1a: Modric\n|-damage|p1a: Modric|76\/100\n|\n|upkeep\n|turn|5\n|\n|t:|1699616861\n|move|p1a: Modric|Bulk Up|p1a: Modric\n|-boost|p1a: Modric|atk|1\n|-boost|p1a: Modric|def|1\n|move|p2a: Jirachi|Iron Head|p1a: Modric\n|-damage|p1a: Modric|58\/100\n|\n|upkeep\n|turn|6\n|inactive|savagewolf98420 has 120 seconds left.\n|\n|t:|1699616901\n|move|p1a: Modric|Baton Pass|p1a: Modric\n|\n|t:|1699616915\n|switch|p1a: Haaland|Cinderace, F|100\/100|[from] Baton Pass\n|move|p2a: Jirachi|Iron Head|p1a: Haaland\n|-resisted|p1a: Haaland\n|-damage|p1a: Haaland|88\/100\n|\n|upkeep\n|turn|7\n|inactive|savagewolf98420 has 120 seconds left.\n|\n|t:|1699616927\n|switch|p2a: Arcanine|Arcanine-Hisui, M, shiny|100\/100\n|move|p1a: Haaland|Pyro Ball|p2a: Arcanine\n|-resisted|p2a: Arcanine\n|-damage|p2a: Arcanine|74\/100\n|\n|upkeep\n|turn|8\n|inactive|savagewolf98420 has 120 seconds left.\n|\n|t:|1699616941\n|move|p1a: Haaland|Shadow Ball|p2a: Arcanine\n|-start|p1a: Haaland|typechange|Ghost|[from] ability: Libero\n|-damage|p2a: Arcanine|38\/100\n|move|p2a: Arcanine|Head Smash|p1a: Haaland|[miss]\n|-miss|p2a: Arcanine|p1a: Haaland\n|\n|upkeep\n|turn|9\n|inactive|savagewolf98420 has 120 seconds left.\n|\n|t:|1699616955\n|move|p1a: Haaland|Shadow Ball|p2a: Arcanine\n|-damage|p2a: Arcanine|3\/100\n|-unboost|p2a: Arcanine|spd|1\n|move|p2a: Arcanine|Head Smash|p1a: Haaland\n|-damage|p1a: Haaland|34\/100\n|\n|upkeep\n|turn|10\n|inactive|savagewolf98420 has 120 seconds left.\n|\n|t:|1699616968\n|move|p1a: Haaland|Endure|p1a: Haaland\n|-singleturn|p1a: Haaland|move: Endure\n|move|p2a: Arcanine|Flare Blitz|p1a: Haaland\n|-activate|p1a: Haaland|move: Endure\n|-damage|p1a: Haaland|1\/100\n|-enditem|p1a: Haaland|Starf Berry|[eat]\n|-boost|p1a: Haaland|spe|2|[from] item: Starf Berry\n|\n|upkeep\n|turn|11\n|inactive|savagewolf98420 has 120 seconds left.\n|\n|t:|1699616990\n|move|p1a: Haaland|Shadow Ball|p2a: Arcanine\n|-damage|p2a: Arcanine|0 fnt\n|faint|p2a: Arcanine\n|\n|upkeep\n|\n|t:|1699617001\n|switch|p2a: Toxapex|Toxapex, M|100\/100\n|turn|12\n|\n|t:|1699617020\n|-terastallize|p1a: Haaland|Fire\n|move|p2a: Toxapex|Baneful Bunker|p2a: Toxapex\n|-singleturn|p2a: Toxapex|move: Protect\n|move|p1a: Haaland|Pyro Ball|p2a: Toxapex\n|-activate|p2a: Toxapex|move: Protect\n|\n|upkeep\n|turn|13\n|\n|t:|1699617037\n|move|p1a: Haaland|Pyro Ball|p2a: Toxapex\n|-resisted|p2a: Toxapex\n|-damage|p2a: Toxapex|74\/100\n|move|p2a: Toxapex|Liquidation|p1a: Haaland\n|-supereffective|p1a: Haaland\n|-damage|p1a: Haaland|0 fnt\n|faint|p1a: Haaland\n|\n|-heal|p2a: Toxapex|80\/100|[from] item: Leftovers\n|upkeep\n|\n|t:|1699617044\n|switch|p1a: van Dijk|Grimmsnarl, M|100\/100\n|turn|14\n|\n|t:|1699617054\n|move|p2a: Toxapex|Baneful Bunker|p2a: Toxapex\n|-singleturn|p2a: Toxapex|move: Protect\n|move|p1a: van Dijk|Thunder Wave|p2a: Toxapex\n|-activate|p2a: Toxapex|move: Protect\n|\n|-heal|p2a: Toxapex|86\/100|[from] item: Leftovers\n|upkeep\n|turn|15\n|\n|t:|1699617065\n|move|p1a: van Dijk|Thunder Wave|p2a: Toxapex\n|-status|p2a: Toxapex|par\n|cant|p2a: Toxapex|par\n|\n|-heal|p2a: Toxapex|92\/100 par|[from] item: Leftovers\n|upkeep\n|turn|16\n|\n|t:|1699617073\n|move|p1a: van Dijk|Swagger|p2a: Toxapex\n|-boost|p2a: Toxapex|atk|2\n|-start|p2a: Toxapex|confusion\n|-activate|p2a: Toxapex|confusion\n|cant|p2a: Toxapex|par\n|\n|-heal|p2a: Toxapex|99\/100 par|[from] item: Leftovers\n|upkeep\n|turn|17\n|\n|t:|1699617085\n|switch|p1a: Courtouis|Chesnaught, M|100\/100\n|-activate|p2a: Toxapex|confusion\n|-damage|p2a: Toxapex|91\/100 par|[from] confusion\n|\n|-heal|p2a: Toxapex|98\/100 par|[from] item: Leftovers\n|upkeep\n|turn|18\n|inactive|savagewolf98420 has 120 seconds left.\n|\n|t:|1699617105\n|switch|p2a: Jirachi|Jirachi|49\/100 par\n|move|p1a: Courtouis|Leech Seed|p2a: Jirachi\n|-start|p2a: Jirachi|move: Leech Seed\n|\n|-damage|p2a: Jirachi|36\/100 par|[from] Leech Seed|[of] p1a: Courtouis\n|upkeep\n|turn|19\n|\n|t:|1699617114\n|switch|p1a: Modric|Passimian, M|58\/100\n|cant|p2a: Jirachi|par\n|\n|-damage|p2a: Jirachi|24\/100 par|[from] Leech Seed|[of] p1a: Modric\n|-heal|p1a: Modric|70\/100|[silent]\n|upkeep\n|turn|20\n|\n|t:|1699617122\n|move|p1a: Modric|Bulk Up|p1a: Modric\n|-boost|p1a: Modric|atk|1\n|-boost|p1a: Modric|def|1\n|move|p2a: Jirachi|Zen Headbutt|p1a: Modric\n|-supereffective|p1a: Modric\n|-damage|p1a: Modric|19\/100\n|-enditem|p1a: Modric|Starf Berry|[eat]\n|-boost|p1a: Modric|def|2|[from] item: Starf Berry\n|\n|-damage|p2a: Jirachi|12\/100 par|[from] Leech Seed|[of] p1a: Modric\n|-heal|p1a: Modric|32\/100|[silent]\n|upkeep\n|turn|21\n|inactive|savagewolf98420 has 120 seconds left.\n|\n|t:|1699617145\n|move|p1a: Modric|Baton Pass|p1a: Modric\n|\n|t:|1699617158\n|switch|p1a: van Dijk|Grimmsnarl, M|100\/100|[from] Baton Pass\n|move|p2a: Jirachi|Zen Headbutt|p1a: van Dijk\n|-immune|p1a: van Dijk\n|\n|-damage|p2a: Jirachi|0 fnt|[from] Leech Seed|[of] p1a: van Dijk\n|faint|p2a: Jirachi\n|upkeep\n|inactive|savagewolf98420 has 120 seconds left.\n|\n|t:|1699617175\n|switch|p2a: Koraidon|Koraidon|100\/100\n|-weather|SunnyDay|[from] ability: Orichalcum Pulse|[of] p2a: Koraidon\n|-activate|p2a: Koraidon|Orichalcum Pulse|[source]\n|turn|22\n|\n|t:|1699617189\n|move|p1a: van Dijk|Thunder Wave|p2a: Koraidon\n|-status|p2a: Koraidon|par\n|cant|p2a: Koraidon|par\n|\n|-weather|SunnyDay|[upkeep]\n|upkeep\n|turn|23\n|\n|t:|1699617197\n|move|p2a: Koraidon|U-turn|p1a: van Dijk\n|-damage|p1a: van Dijk|89\/100\n|-damage|p2a: Koraidon|84\/100 par|[from] item: Rocky Helmet|[of] p1a: van Dijk\n|\n|t:|1699617201\n|switch|p2a: Lilligant|Lilligant-Hisui, F|100\/100|[from] U-turn\n|move|p1a: van Dijk|Play Rough|p2a: Lilligant\n|-supereffective|p2a: Lilligant\n|-enditem|p2a: Lilligant|Focus Sash\n|-damage|p2a: Lilligant|1\/100\n|\n|-weather|SunnyDay|[upkeep]\n|upkeep\n|turn|24\n|inactive|savagewolf98420 has 120 seconds left.\n|\n|t:|1699617213\n|move|p2a: Lilligant|Sleep Powder|p1a: van Dijk\n|-status|p1a: van Dijk|slp|[from] move: Sleep Powder\n|cant|p1a: van Dijk|slp\n|\n|-weather|SunnyDay|[upkeep]\n|upkeep\n|turn|25\n|\n|t:|1699617221\n|move|p2a: Lilligant|Victory Dance|p2a: Lilligant\n|-boost|p2a: Lilligant|atk|1\n|-boost|p2a: Lilligant|def|1\n|-boost|p2a: Lilligant|spe|1\n|-curestatus|p1a: van Dijk|slp|[msg]\n|move|p1a: van Dijk|Foul Play|p2a: Lilligant\n|-resisted|p2a: Lilligant\n|-damage|p2a: Lilligant|0 fnt\n|faint|p2a: Lilligant\n|\n|-weather|SunnyDay|[upkeep]\n|upkeep\n|inactive|savagewolf98420 has 120 seconds left.\n|\n|t:|1699617238\n|switch|p2a: Toxapex|Toxapex, M|98\/100 par\n|turn|26\n|\n|t:|1699617242\n|move|p1a: van Dijk|Swagger|p2a: Toxapex\n|-boost|p2a: Toxapex|atk|2\n|-start|p2a: Toxapex|confusion\n|-activate|p2a: Toxapex|confusion\n|cant|p2a: Toxapex|par\n|\n|-weather|none\n|-heal|p2a: Toxapex|100\/100 par|[from] item: Leftovers\n|upkeep\n|turn|27\n|\n|t:|1699617251\n|move|p1a: van Dijk|Swagger|p2a: Toxapex\n|-boost|p2a: Toxapex|atk|2\n|-activate|p2a: Toxapex|confusion\n|-damage|p2a: Toxapex|88\/100 par|[from] confusion\n|\n|-heal|p2a: Toxapex|94\/100 par|[from] item: Leftovers\n|upkeep\n|turn|28\n|\n|t:|1699617259\n|move|p1a: van Dijk|Foul Play|p2a: Toxapex\n|-damage|p2a: Toxapex|56\/100 par\n|-activate|p2a: Toxapex|confusion\n|move|p2a: Toxapex|Haze|p2a: Toxapex\n|-clearallboost\n|\n|-heal|p2a: Toxapex|63\/100 par|[from] item: Leftovers\n|upkeep\n|turn|29\n|\n|t:|1699617279\n|-activate|p2a: Toxapex|confusion\n|-damage|p2a: Toxapex|59\/100 par|[from] confusion\n|move|p1a: van Dijk|Swagger|p2a: Toxapex\n|-boost|p2a: Toxapex|atk|2\n|\n|-heal|p2a: Toxapex|65\/100 par|[from] item: Leftovers\n|upkeep\n|turn|30\n|\n|t:|1699617287\n|switch|p1a: Modric|Passimian, M|32\/100\n|-end|p2a: Toxapex|confusion\n|move|p2a: Toxapex|Liquidation|p1a: Modric\n|-damage|p1a: Modric|0 fnt\n|faint|p1a: Modric\n|\n|-heal|p2a: Toxapex|71\/100 par|[from] item: Leftovers\n|upkeep\n|\n|t:|1699617296\n|switch|p1a: van Dijk|Grimmsnarl, M|89\/100\n|turn|31\n|\n|t:|1699617302\n|move|p1a: van Dijk|Swagger|p2a: Toxapex\n|-boost|p2a: Toxapex|atk|2\n|-start|p2a: Toxapex|confusion\n|-activate|p2a: Toxapex|confusion\n|move|p2a: Toxapex|Liquidation|p1a: van Dijk\n|-damage|p1a: van Dijk|39\/100\n|-damage|p2a: Toxapex|55\/100 par|[from] item: Rocky Helmet|[of] p1a: van Dijk\n|\n|-heal|p2a: Toxapex|61\/100 par|[from] item: Leftovers\n|upkeep\n|turn|32\n|\n|t:|1699617314\n|switch|p1a: Courtouis|Chesnaught, M|100\/100\n|-activate|p2a: Toxapex|confusion\n|move|p2a: Toxapex|Liquidation|p1a: Courtouis\n|-resisted|p1a: Courtouis\n|-damage|p1a: Courtouis|79\/100\n|\n|-heal|p2a: Toxapex|67\/100 par|[from] item: Leftovers\n|upkeep\n|turn|33\n|\n|t:|1699617328\n|-activate|p2a: Toxapex|confusion\n|-damage|p2a: Toxapex|55\/100 par|[from] confusion\n|move|p1a: Courtouis|Leech Seed|p2a: Toxapex\n|-start|p2a: Toxapex|move: Leech Seed\n|\n|-heal|p2a: Toxapex|61\/100 par|[from] item: Leftovers\n|-damage|p2a: Toxapex|49\/100 par|[from] Leech Seed|[of] p1a: Courtouis\n|-heal|p1a: Courtouis|89\/100|[silent]\n|upkeep\n|turn|34\n|\n|t:|1699617342\n|switch|p1a: Referee|Arceus-Dragon|100\/100\n|-activate|p2a: Toxapex|confusion\n|move|p2a: Toxapex|Baneful Bunker||[still]\n|-fail|p2a: Toxapex\n|\n|-heal|p2a: Toxapex|55\/100 par|[from] item: Leftovers\n|-damage|p2a: Toxapex|42\/100 par|[from] Leech Seed|[of] p1a: Referee\n|upkeep\n|turn|35\n|\n|t:|1699617355\n|move|p1a: Referee|Future Sight|p2a: Toxapex\n|-start|p1a: Referee|move: Future Sight\n|-end|p2a: Toxapex|confusion\n|move|p2a: Toxapex|Recover|p2a: Toxapex\n|-heal|p2a: Toxapex|92\/100 par\n|\n|-heal|p2a: Toxapex|99\/100 par|[from] item: Leftovers\n|-damage|p2a: Toxapex|86\/100 par|[from] Leech Seed|[of] p1a: Referee\n|upkeep\n|turn|36\n|\n|t:|1699617366\n|move|p1a: Referee|Judgment|p2a: Toxapex\n|-damage|p2a: Toxapex|45\/100 par\n|move|p2a: Toxapex|Liquidation|p1a: Referee\n|-resisted|p1a: Referee\n|-damage|p1a: Referee|82\/100\n|\n|-heal|p2a: Toxapex|51\/100 par|[from] item: Leftovers\n|-damage|p2a: Toxapex|38\/100 par|[from] Leech Seed|[of] p1a: Referee\n|-heal|p1a: Referee|92\/100|[silent]\n|upkeep\n|turn|37\n|\n|t:|1699617378\n|cant|p2a: Toxapex|par\n|move|p1a: Referee|Judgment|p2a: Toxapex\n|-damage|p2a: Toxapex|0 fnt\n|faint|p2a: Toxapex\n|\n|-hint|Future Sight did not hit because the target is fainted.\n|upkeep\n|\n|t:|1699617387\n|switch|p2a: Koraidon|Koraidon|84\/100 par\n|-weather|SunnyDay|[from] ability: Orichalcum Pulse|[of] p2a: Koraidon\n|-activate|p2a: Koraidon|Orichalcum Pulse|[source]\n|turn|38\n|\n|t:|1699617402\n|-terastallize|p2a: Koraidon|Fighting\n|move|p2a: Koraidon|Dragon Claw|p1a: Referee\n|-supereffective|p1a: Referee\n|-damage|p1a: Referee|23\/100\n|move|p1a: Referee|Judgment|p2a: Koraidon\n|-damage|p2a: Koraidon|38\/100 par\n|\n|-weather|SunnyDay|[upkeep]\n|upkeep\n|turn|39\n|\n|t:|1699617413\n|switch|p1a: van Dijk|Grimmsnarl, M|39\/100\n|move|p2a: Koraidon|Dragon Claw|p1a: van Dijk\n|-immune|p1a: van Dijk\n|\n|-weather|SunnyDay|[upkeep]\n|upkeep\n|turn|40\n|\n|t:|1699617426\n|switch|p2a: Eternatus|Eternatus|100\/100\n|-ability|p2a: Eternatus|Pressure\n|move|p1a: van Dijk|Thunder Wave|p2a: Eternatus\n|-status|p2a: Eternatus|par\n|\n|-weather|SunnyDay|[upkeep]\n|upkeep\n|turn|41\n|\n|t:|1699617439\n|move|p1a: van Dijk|Swagger|p2a: Eternatus\n|-boost|p2a: Eternatus|atk|2\n|-start|p2a: Eternatus|confusion\n|-activate|p2a: Eternatus|confusion\n|move|p2a: Eternatus|Cosmic Power|p2a: Eternatus\n|-boost|p2a: Eternatus|def|1\n|-boost|p2a: Eternatus|spd|1\n|\n|-weather|SunnyDay|[upkeep]\n|upkeep\n|turn|42\n|\n|t:|1699617449\n|switch|p1a: Courtouis|Chesnaught, M|89\/100\n|-activate|p2a: Eternatus|confusion\n|cant|p2a: Eternatus|par\n|\n|-weather|none\n|upkeep\n|turn|43\n|\n|t:|1699617456\n|-activate|p2a: Eternatus|confusion\n|move|p2a: Eternatus|Cosmic Power|p2a: Eternatus\n|-boost|p2a: Eternatus|def|1\n|-boost|p2a: Eternatus|spd|1\n|move|p1a: Courtouis|Leech Seed|p2a: Eternatus\n|-start|p2a: Eternatus|move: Leech Seed\n|\n|-damage|p2a: Eternatus|88\/100 par|[from] Leech Seed|[of] p1a: Courtouis\n|-heal|p1a: Courtouis|100\/100|[silent]\n|upkeep\n|turn|44\n|\n|t:|1699617470\n|switch|p1a: Referee|Arceus-Dragon|23\/100\n|-activate|p2a: Eternatus|confusion\n|move|p2a: Eternatus|Sludge Bomb|p1a: Referee\n|-crit|p1a: Referee\n|-damage|p1a: Referee|0 fnt\n|faint|p1a: Referee\n|\n|-heal|p2a: Eternatus|94\/100 par|[from] item: Leftovers\n|upkeep\n|c|\u2606krookodilemoxie|sweaty beach\n|c|\u2606krookodilemoxie|just sweat for no reasonj\n|\n|t:|1699617492\n|switch|p1a: van Dijk|Grimmsnarl, M|39\/100\n|turn|45\n|\n|t:|1699617496\n|-end|p2a: Eternatus|confusion\n|move|p2a: Eternatus|Sludge Bomb|p1a: van Dijk\n|-supereffective|p1a: van Dijk\n|-damage|p1a: van Dijk|0 fnt\n|faint|p1a: van Dijk\n|\n|-heal|p2a: Eternatus|100\/100 par|[from] item: Leftovers\n|upkeep\n|c|\u2606krookodilemoxie|as all retorded swaearts\n|c|\u2606krookodilemoxie|fk uy\n|-message|krookodilemoxie forfeited.\n|\n|win|savagewolf98420\n|raw|krookodilemoxie's rating: 1223 &rarr; <strong>1197<\/strong><br \/>(-26 for losing)\n|raw|savagewolf98420's rating: 1214 &rarr; <strong>1240<\/strong><br \/>(+26 for winning)\n|l|\u2606krookodilemoxie\n","uploadtime":1699617512,"views":5,"p1id":"krookodilemoxie","p2id":"savagewolf98420","formatid":"gen9anythinggoes","rating":1197,"private":0,"password":""}