{"id":"gen9anythinggoes-1978784842","p1":"Grimora","p2":"Tenku G Takeru","format":"[Gen 9] Anything Goes","log":"|j|\u2606Grimora\n|j|\u2606Tenku G Takeru\n|t:|1698594852\n|gametype|singles\n|player|p1|Grimora|larry|\n|player|p2|Tenku G Takeru|ghetsis|\n|teamsize|p1|6\n|teamsize|p2|6\n|gen|9\n|tier|[Gen 9] Anything Goes\n|rule|HP Percentage Mod: HP is shown in percentages\n|rule|Endless Battle Clause: Forcing endless battles is banned\n|clearpoke\n|poke|p1|Murkrow, M|\n|poke|p1|Shaymin-Sky|\n|poke|p1|Dragonite, M|\n|poke|p1|Charizard, M|\n|poke|p1|Landorus, M|\n|poke|p1|Gliscor, M|\n|poke|p2|Calyrex-Shadow|\n|poke|p2|Arceus-Ground|\n|poke|p2|Koraidon|\n|poke|p2|Arceus|\n|poke|p2|Zacian-*|\n|poke|p2|Glimmora, M|\n|teampreview\n|c|\u2606Grimora|woah\n|c|\u2606Grimora|oh no\n|c|\u2606Grimora|glimmora\n|\n|t:|1698594865\n|start\n|switch|p1a: Landorus|Landorus, M, shiny|100\/100\n|switch|p2a: Grimora|Glimmora, M|100\/100\n|turn|1\n|\n|t:|1698594874\n|move|p1a: Landorus|Sunny Day|p1a: Landorus\n|-weather|SunnyDay\n|move|p2a: Grimora|Mortal Spin|p1a: Landorus\n|-resisted|p1a: Landorus\n|-damage|p1a: Landorus|97\/100\n|-status|p1a: Landorus|psn\n|\n|-weather|SunnyDay|[upkeep]\n|-damage|p1a: Landorus|85\/100 psn|[from] psn\n|upkeep\n|turn|2\n|\n|t:|1698594882\n|switch|p1a: Gliscor|Gliscor, M, shiny|100\/100\n|move|p2a: Grimora|Stealth Rock|p1a: Gliscor\n|-sidestart|p1: Grimora|move: Stealth Rock\n|\n|-weather|SunnyDay|[upkeep]\n|-status|p1a: Gliscor|tox|[from] item: Toxic Orb\n|upkeep\n|turn|3\n|\n|t:|1698594894\n|move|p1a: Gliscor|Swords Dance|p1a: Gliscor\n|-boost|p1a: Gliscor|atk|2\n|move|p2a: Grimora|Memento|p1a: Gliscor\n|-unboost|p1a: Gliscor|atk|2\n|-unboost|p1a: Gliscor|spa|2\n|faint|p2a: Grimora\n|\n|-weather|SunnyDay|[upkeep]\n|upkeep\n|\n|t:|1698594902\n|switch|p2a: Saber Doge|Zacian-Crowned|100\/100\n|-ability|p2a: Saber Doge|Intrepid Sword|boost\n|-boost|p2a: Saber Doge|atk|1\n|turn|4\n|\n|t:|1698594910\n|move|p2a: Saber Doge|Play Rough|p1a: Gliscor\n|-damage|p1a: Gliscor|18\/100 tox\n|move|p1a: Gliscor|Swords Dance|p1a: Gliscor\n|-boost|p1a: Gliscor|atk|2\n|\n|-weather|SunnyDay|[upkeep]\n|-heal|p1a: Gliscor|30\/100 tox|[from] ability: Poison Heal\n|upkeep\n|turn|5\n|\n|t:|1698594919\n|move|p1a: Gliscor|Protect|p1a: Gliscor\n|-singleturn|p1a: Gliscor|Protect\n|move|p2a: Saber Doge|Behemoth Blade|p1a: Gliscor\n|-activate|p1a: Gliscor|move: Protect\n|\n|-weather|SunnyDay|[upkeep]\n|-heal|p1a: Gliscor|43\/100 tox|[from] ability: Poison Heal\n|upkeep\n|turn|6\n|\n|t:|1698594929\n|move|p2a: Saber Doge|Behemoth Blade|p1a: Gliscor\n|-damage|p1a: Gliscor|0 fnt\n|faint|p1a: Gliscor\n|\n|-weather|SunnyDay|[upkeep]\n|upkeep\n|\n|t:|1698594934\n|switch|p1a: Charizard|Charizard, M, shiny|100\/100\n|-damage|p1a: Charizard|51\/100|[from] Stealth Rock\n|turn|7\n|\n|t:|1698594941\n|move|p2a: Saber Doge|Behemoth Blade|p1a: Charizard\n|-resisted|p1a: Charizard\n|-damage|p1a: Charizard|0 fnt\n|faint|p1a: Charizard\n|\n|-weather|SunnyDay|[upkeep]\n|upkeep\n|\n|t:|1698594946\n|switch|p1a: Murkrow|Murkrow, M, shiny|100\/100\n|-damage|p1a: Murkrow|76\/100|[from] Stealth Rock\n|turn|8\n|\n|t:|1698594952\n|move|p2a: Saber Doge|Play Rough|p1a: Murkrow\n|-supereffective|p1a: Murkrow\n|-damage|p1a: Murkrow|0 fnt\n|faint|p1a: Murkrow\n|\n|-weather|none\n|upkeep\n|\n|t:|1698594957\n|switch|p1a: Dragonite|Dragonite, M, shiny|100\/100\n|-damage|p1a: Dragonite|76\/100|[from] Stealth Rock\n|turn|9\n|c|\u2606Tenku G Takeru|Should've run Haze\n|\n|t:|1698594965\n|move|p2a: Saber Doge|Play Rough|p1a: Dragonite\n|-supereffective|p1a: Dragonite\n|-damage|p1a: Dragonite|0 fnt\n|faint|p1a: Dragonite\n|\n|upkeep\n|\n|t:|1698594970\n|switch|p1a: Landorus|Landorus, M, shiny|85\/100 psn\n|-damage|p1a: Landorus|73\/100 psn|[from] Stealth Rock\n|turn|10\n|\n|t:|1698594983\n|move|p2a: Saber Doge|Behemoth Blade|p1a: Landorus\n|-damage|p1a: Landorus|0 fnt\n|faint|p1a: Landorus\n|\n|upkeep\n|\n|t:|1698594987\n|switch|p1a: Shaymin|Shaymin-Sky, shiny|100\/100\n|-damage|p1a: Shaymin|75\/100|[from] Stealth Rock\n|turn|11\n|\n|t:|1698594993\n|move|p2a: Saber Doge|Play Rough|p1a: Shaymin\n|-damage|p1a: Shaymin|0 fnt\n|faint|p1a: Shaymin\n|\n|win|Tenku G Takeru\n|c|\u2606Tenku G Takeru|gg\n|c|\u2606Grimora|well\n|c|\u2606Grimora|ok\n","uploadtime":1698595001,"views":6,"p1id":"grimora","p2id":"tenkugtakeru","formatid":"gen9anythinggoes","rating":0,"private":0,"password":""}