{"id":"gen9anythinggoes-1974032612","p1":"Hzozv","p2":"vector479","format":"[Gen 9] Anything Goes","log":"|j|\u2606Hzozv\n|j|\u2606vector479\n|t:|1698045247\n|gametype|singles\n|player|p1|Hzozv|lusamine-nihilego|1539\n|player|p2|vector479|170|1420\n|teamsize|p1|6\n|teamsize|p2|6\n|gen|9\n|tier|[Gen 9] Anything Goes\n|rated|\n|rule|HP Percentage Mod: HP is shown in percentages\n|rule|Endless Battle Clause: Forcing endless battles is banned\n|clearpoke\n|poke|p1|Glimmora, M|\n|poke|p1|Miraidon|\n|poke|p1|Koraidon|\n|poke|p1|Iron Bundle|\n|poke|p1|Great Tusk|\n|poke|p1|Ditto|\n|poke|p2|Quaquaval, M|\n|poke|p2|Ursaluna-Bloodmoon, M|\n|poke|p2|Scovillain, M|\n|poke|p2|Glimmora, M|\n|poke|p2|Baxcalibur, M|\n|poke|p2|Annihilape, F|\n|teampreview\n|inactive|Battle timer is ON: inactive players will automatically lose when time's up. (requested by Hzozv)\n|\n|t:|1698045258\n|start\n|switch|p1a: Glimmora|Glimmora, M|100\/100\n|switch|p2a: Ursaluna|Ursaluna-Bloodmoon, M|100\/100\n|turn|1\n|\n|t:|1698045264\n|move|p1a: Glimmora|Stealth Rock|p2a: Ursaluna\n|-sidestart|p2: vector479|move: Stealth Rock\n|move|p2a: Ursaluna|Earth Power|p1a: Glimmora\n|-supereffective|p1a: Glimmora\n|-damage|p1a: Glimmora|0 fnt\n|faint|p1a: Glimmora\n|\n|upkeep\n|\n|t:|1698045275\n|switch|p1a: Koraidon|Koraidon|100\/100\n|-weather|SunnyDay|[from] ability: Orichalcum Pulse|[of] p1a: Koraidon\n|-activate|p1a: Koraidon|Orichalcum Pulse|[source]\n|turn|2\n|\n|t:|1698045284\n|switch|p2a: Annihilape|Annihilape, F|100\/100\n|-damage|p2a: Annihilape|94\/100|[from] Stealth Rock\n|-terastallize|p1a: Koraidon|Fire\n|move|p1a: Koraidon|Flare Blitz|p2a: Annihilape\n|-damage|p2a: Annihilape|0 fnt\n|faint|p2a: Annihilape\n|-damage|p1a: Koraidon|62\/100|[from] Recoil\n|\n|-weather|SunnyDay|[upkeep]\n|upkeep\n|\n|t:|1698045302\n|switch|p2a: Glimmora|Glimmora, M|100\/100\n|-damage|p2a: Glimmora|88\/100|[from] Stealth Rock\n|-item|p2a: Glimmora|Air Balloon\n|turn|3\n|\n|t:|1698045311\n|move|p1a: Koraidon|Flare Blitz|p2a: Glimmora\n|-resisted|p2a: Glimmora\n|-damage|p2a: Glimmora|8\/100\n|-activate|p2a: Glimmora|ability: Toxic Debris\n|-sidestart|p1: Hzozv|move: Toxic Spikes\n|-enditem|p2a: Glimmora|Air Balloon\n|-damage|p1a: Koraidon|38\/100|[from] Recoil\n|move|p2a: Glimmora|Earth Power|p1a: Koraidon\n|-supereffective|p1a: Koraidon\n|-damage|p1a: Koraidon|0 fnt\n|faint|p1a: Koraidon\n|\n|-weather|SunnyDay|[upkeep]\n|upkeep\n|\n|t:|1698045322\n|switch|p1a: Great Tusk|Great Tusk|100\/100\n|-activate|p1a: Great Tusk|ability: Protosynthesis\n|-start|p1a: Great Tusk|protosynthesisatk\n|turn|4\n|\n|t:|1698045331\n|move|p1a: Great Tusk|Rapid Spin|p2a: Glimmora\n|-resisted|p2a: Glimmora\n|-damage|p2a: Glimmora|0 fnt\n|-boost|p1a: Great Tusk|spe|1\n|-activate|p2a: Glimmora|ability: Toxic Debris\n|-sidestart|p1: Hzozv|move: Toxic Spikes\n|-sideend|p1: Hzozv|Toxic Spikes|[from] move: Rapid Spin|[of] p1a: Great Tusk\n|faint|p2a: Glimmora\n|\n|-weather|SunnyDay|[upkeep]\n|upkeep\n|\n|t:|1698045342\n|switch|p2a: Ursaluna|Ursaluna-Bloodmoon, M|100\/100\n|-damage|p2a: Ursaluna|94\/100|[from] Stealth Rock\n|turn|5\n|\n|t:|1698045347\n|-terastallize|p2a: Ursaluna|Ghost\n|move|p1a: Great Tusk|Close Combat|p2a: Ursaluna\n|-immune|p2a: Ursaluna\n|move|p2a: Ursaluna|Blood Moon|p1a: Great Tusk\n|-damage|p1a: Great Tusk|3\/100\n|\n|-weather|SunnyDay|[upkeep]\n|-heal|p2a: Ursaluna|100\/100|[from] item: Leftovers\n|upkeep\n|turn|6\n|\n|t:|1698045358\n|move|p2a: Ursaluna|Vacuum Wave|p1a: Great Tusk\n|-damage|p1a: Great Tusk|0 fnt\n|faint|p1a: Great Tusk\n|-end|p1a: Great Tusk|Protosynthesis|[silent]\n|\n|-weather|none\n|upkeep\n|\n|t:|1698045363\n|switch|p1a: Miraidon|Miraidon|100\/100\n|-fieldstart|move: Electric Terrain|[from] ability: Hadron Engine|[of] p1a: Miraidon\n|turn|7\n|\n|t:|1698045373\n|move|p1a: Miraidon|Electro Drift|p2a: Ursaluna\n|-damage|p2a: Ursaluna|2\/100\n|-damage|p1a: Miraidon|91\/100|[from] item: Life Orb\n|move|p2a: Ursaluna|Blood Moon|p1a: Miraidon\n|-damage|p1a: Miraidon|36\/100\n|\n|-heal|p2a: Ursaluna|8\/100|[from] item: Leftovers\n|upkeep\n|turn|8\n|\n|t:|1698045383\n|move|p2a: Ursaluna|Vacuum Wave|p1a: Miraidon\n|-damage|p1a: Miraidon|26\/100\n|move|p1a: Miraidon|Volt Switch|p2a: Ursaluna\n|-damage|p2a: Ursaluna|0 fnt\n|faint|p2a: Ursaluna\n|-damage|p1a: Miraidon|16\/100|[from] item: Life Orb\n|\n|t:|1698045389\n|switch|p1a: Iron Bundle|Iron Bundle|100\/100|[from] Volt Switch\n|-activate|p1a: Iron Bundle|ability: Quark Drive\n|-start|p1a: Iron Bundle|quarkdrivespe\n|\n|upkeep\n|\n|t:|1698045397\n|switch|p2a: Scovillain|Scovillain, M|100\/100\n|-damage|p2a: Scovillain|76\/100|[from] Stealth Rock\n|turn|9\n|\n|t:|1698045410\n|move|p1a: Iron Bundle|Hydro Pump|p2a: Scovillain\n|-damage|p2a: Scovillain|0 fnt\n|faint|p2a: Scovillain\n|-damage|p1a: Iron Bundle|91\/100|[from] item: Life Orb\n|\n|upkeep\n|-message|vector479 forfeited.\n|\n|win|Hzozv\n|raw|Hzozv's rating: 1539 &rarr; <strong>1552<\/strong><br \/>(+13 for winning)\n|raw|vector479's rating: 1420 &rarr; <strong>1407<\/strong><br \/>(-13 for losing)\n|l|\u2606vector479\n","uploadtime":1698045424,"views":10,"p1id":"hzozv","p2id":"vector479","formatid":"gen9anythinggoes","rating":1407,"private":0,"password":""}