{"id":"gen9anythinggoes-1990921382","p1":"KirbyGames125","p2":"chicknom","format":"[Gen 9] Anything Goes","log":"|j|\u2606KirbyGames125\n|j|\u203dchicknom\n|t:|1700015375\n|gametype|singles\n|player|p1|KirbyGames125|nate|1321\n|player|p2|chicknom|brycenman|1554\n|teamsize|p1|6\n|teamsize|p2|6\n|gen|9\n|tier|[Gen 9] Anything Goes\n|rated|\n|rule|HP Percentage Mod: HP is shown in percentages\n|rule|Endless Battle Clause: Forcing endless battles is banned\n|clearpoke\n|poke|p1|Grimmsnarl, M|\n|poke|p1|Palafin, F|\n|poke|p1|Espathra, F|\n|poke|p1|Sandy Shocks|\n|poke|p1|Maushold-Four|\n|poke|p1|Ogerpon-Hearthflame, F|\n|poke|p2|Kyogre|\n|poke|p2|Rayquaza|\n|poke|p2|Groudon|\n|poke|p2|Zacian-*|\n|poke|p2|Zacian-*|\n|poke|p2|Calyrex-Shadow|\n|teampreview\n|\n|t:|1700015386\n|start\n|switch|p1a: Maushold|Maushold-Four, shiny|100\/100\n|switch|p2a: Zacian|Zacian-Crowned, shiny|100\/100\n|-ability|p2a: Zacian|Intrepid Sword|boost\n|-boost|p2a: Zacian|atk|1\n|turn|1\n|\n|t:|1700015398\n|switch|p1a: Sandy Shocks|Sandy Shocks, shiny|100\/100\n|-enditem|p1a: Sandy Shocks|Booster Energy\n|-activate|p1a: Sandy Shocks|ability: Protosynthesis|[fromitem]\n|-start|p1a: Sandy Shocks|protosynthesisspa\n|move|p2a: Zacian|Behemoth Blade|p1a: Sandy Shocks\n|-resisted|p1a: Sandy Shocks\n|-damage|p1a: Sandy Shocks|43\/100\n|\n|upkeep\n|turn|2\n|\n|t:|1700015407\n|move|p2a: Zacian|Behemoth Blade|p1a: Sandy Shocks\n|-resisted|p1a: Sandy Shocks\n|-damage|p1a: Sandy Shocks|0 fnt\n|faint|p1a: Sandy Shocks\n|-end|p1a: Sandy Shocks|Protosynthesis|[silent]\n|\n|upkeep\n|\n|t:|1700015414\n|switch|p1a: Grimmsnarl|Grimmsnarl, M, shiny|100\/100\n|turn|3\n|\n|t:|1700015420\n|move|p1a: Grimmsnarl|Reflect|p1a: Grimmsnarl\n|-sidestart|p1: KirbyGames125|Reflect\n|move|p2a: Zacian|Behemoth Blade|p1a: Grimmsnarl\n|-supereffective|p1a: Grimmsnarl\n|-damage|p1a: Grimmsnarl|17\/100\n|\n|upkeep\n|turn|4\n|\n|t:|1700015426\n|move|p1a: Grimmsnarl|Parting Shot|p2a: Zacian\n|-unboost|p2a: Zacian|atk|1\n|-unboost|p2a: Zacian|spa|1\n|\n|t:|1700015433\n|switch|p1a: Maushold|Maushold-Four, shiny|100\/100|[from] Parting Shot\n|move|p2a: Zacian|Behemoth Blade|p1a: Maushold\n|-damage|p1a: Maushold|57\/100\n|\n|upkeep\n|turn|5\n|\n|t:|1700015441\n|move|p2a: Zacian|Behemoth Blade|p1a: Maushold\n|-damage|p1a: Maushold|12\/100\n|move|p1a: Maushold|Tidy Up|p1a: Maushold\n|-boost|p1a: Maushold|atk|1\n|-boost|p1a: Maushold|spe|1\n|\n|upkeep\n|turn|6\n|\n|t:|1700015457\n|move|p1a: Maushold|Baton Pass|p1a: Maushold\n|\n|t:|1700015458\n|switch|p1a: Ogerpon|Ogerpon-Hearthflame, F|100\/100|[from] Baton Pass\n|-ability|p1a: Ogerpon|Mold Breaker\n|move|p2a: Zacian|Trailblaze|p1a: Ogerpon\n|-resisted|p1a: Ogerpon\n|-damage|p1a: Ogerpon|97\/100\n|-boost|p2a: Zacian|spe|1\n|\n|upkeep\n|turn|7\n|\n|t:|1700015471\n|-terastallize|p1a: Ogerpon|Fire\n|detailschange|p1a: Ogerpon|Ogerpon-Hearthflame-Tera, F, tera:Fire\n|-ability|p1a: Ogerpon|Embody Aspect (Hearthflame)|boost\n|-boost|p1a: Ogerpon|atk|1\n|move|p2a: Zacian|Behemoth Blade|p1a: Ogerpon\n|-resisted|p1a: Ogerpon\n|-damage|p1a: Ogerpon|78\/100\n|move|p1a: Ogerpon|Ivy Cudgel|p2a: Zacian|[anim] Ivy Cudgel Fire\n|-supereffective|p2a: Zacian\n|-damage|p2a: Zacian|0 fnt\n|faint|p2a: Zacian\n|\n|upkeep\n|\n|t:|1700015479\n|switch|p2a: Kyogre|Kyogre, shiny|100\/100\n|-weather|RainDance|[from] ability: Drizzle|[of] p2a: Kyogre\n|turn|8\n|\n|t:|1700015487\n|move|p1a: Ogerpon|Horn Leech|p2a: Kyogre\n|-supereffective|p2a: Kyogre\n|-enditem|p2a: Kyogre|Focus Sash\n|-damage|p2a: Kyogre|1\/100\n|-heal|p1a: Ogerpon|100\/100|[from] drain|[of] p2a: Kyogre\n|move|p2a: Kyogre|Origin Pulse|p1a: Ogerpon\n|-supereffective|p1a: Ogerpon\n|-damage|p1a: Ogerpon|0 fnt\n|faint|p1a: Ogerpon\n|\n|-weather|RainDance|[upkeep]\n|upkeep\n|n|!KirbyGames125|kirbygames125\n|\n|t:|1700015521\n|switch|p1a: Palafin|Palafin, F, shiny|100\/100\n|turn|9\n|\n|t:|1700015531\n|move|p1a: Palafin|Jet Punch|p2a: Kyogre\n|-resisted|p2a: Kyogre\n|-damage|p2a: Kyogre|0 fnt\n|faint|p2a: Kyogre\n|\n|-weather|RainDance|[upkeep]\n|upkeep\n|\n|t:|1700015540\n|switch|p2a: Rayquaza|Rayquaza, shiny|100\/100\n|-ability|p2a: Rayquaza|Air Lock\n|turn|10\n|\n|t:|1700015550\n|detailschange|p1a: Palafin|Palafin-Hero, F, shiny\n|switch|p1a: Grimmsnarl|Grimmsnarl, M, shiny|17\/100\n|move|p2a: Rayquaza|Dragon Ascent|p1a: Grimmsnarl\n|-damage|p1a: Grimmsnarl|0 fnt\n|-unboost|p2a: Rayquaza|def|1\n|-unboost|p2a: Rayquaza|spd|1\n|faint|p1a: Grimmsnarl\n|-damage|p2a: Rayquaza|91\/100|[from] item: Life Orb\n|\n|-weather|RainDance|[upkeep]\n|-sideend|p1: KirbyGames125|Reflect\n|upkeep\n|\n|t:|1700015562\n|switch|p1a: Palafin|Palafin-Hero, F, shiny|100\/100\n|-activate|p1a: Palafin|ability: Zero to Hero\n|turn|11\n|\n|t:|1700015572\n|move|p2a: Rayquaza|Extreme Speed|p1a: Palafin\n|-damage|p1a: Palafin|52\/100\n|-damage|p2a: Rayquaza|81\/100|[from] item: Life Orb\n|move|p1a: Palafin|Bulk Up|p1a: Palafin\n|-boost|p1a: Palafin|atk|1\n|-boost|p1a: Palafin|def|1\n|\n|-weather|RainDance|[upkeep]\n|upkeep\n|turn|12\n|\n|t:|1700015582\n|move|p2a: Rayquaza|Dragon Ascent|p1a: Palafin\n|-damage|p1a: Palafin|0 fnt\n|-unboost|p2a: Rayquaza|def|1\n|-unboost|p2a: Rayquaza|spd|1\n|faint|p1a: Palafin\n|-damage|p2a: Rayquaza|71\/100|[from] item: Life Orb\n|\n|-weather|none\n|upkeep\n|inactive|Battle timer is ON: inactive players will automatically lose when time's up. (requested by chicknom)\n|l|!KirbyGames125\n|inactive|KirbyGames125 disconnected and has a minute to reconnect!\n|player|p1|\n|j|!KirbyGames125\n|inactive|KirbyGames125 reconnected and has 140 seconds left.\n|player|p1|KirbyGames125|nate\n|inactive|KirbyGames125 has 120 seconds left.\n|-message|KirbyGames125 forfeited.\n|\n|win|chicknom\n|raw|KirbyGames125's rating: 1321 &rarr; <strong>1313<\/strong><br \/>(-8 for losing)\n|raw|chicknom's rating: 1554 &rarr; <strong>1562<\/strong><br \/>(+8 for winning)\n","uploadtime":1700015514,"views":3,"p1id":"kirbygames125","p2id":"chicknom","formatid":"gen9anythinggoes","rating":1313,"private":0,"password":""}