{"id":"gen9anythinggoes-1991341654","p1":"Eyeos","p2":"PhotosFromJames","format":"[Gen 9] Anything Goes","log":"|j|\u2606Eyeos\n|j|\u2606PhotosFromJames\n|t:|1700069113\n|gametype|singles\n|player|p1|Eyeos|roxie|1522\n|player|p2|PhotosFromJames|266|1390\n|teamsize|p1|6\n|teamsize|p2|6\n|gen|9\n|tier|[Gen 9] Anything Goes\n|rated|\n|rule|HP Percentage Mod: HP is shown in percentages\n|rule|Endless Battle Clause: Forcing endless battles is banned\n|clearpoke\n|poke|p1|Calyrex-Shadow|\n|poke|p1|Toxapex, F|\n|poke|p1|Corviknight, M|\n|poke|p1|Clodsire, F|\n|poke|p1|Miraidon|\n|poke|p1|Gothitelle, F|\n|poke|p2|Scovillain, M|\n|poke|p2|Electrode-Hisui|\n|poke|p2|Arboliva, F|\n|poke|p2|Meowscarada, M|\n|poke|p2|Jumpluff, M|\n|poke|p2|Toxapex, F|\n|teampreview\n|\n|t:|1700069151\n|start\n|switch|p1a: Corviknight|Corviknight, M|100\/100\n|switch|p2a: Jumpluff|Jumpluff, M|100\/100\n|-ability|p1a: Corviknight|Pressure\n|turn|1\n|\n|t:|1700069161\n|move|p2a: Jumpluff|Cotton Guard|p2a: Jumpluff\n|-boost|p2a: Jumpluff|def|3\n|move|p1a: Corviknight|U-turn|p2a: Jumpluff\n|-damage|p2a: Jumpluff|91\/100\n|-damage|p1a: Corviknight|84\/100|[from] item: Rocky Helmet|[of] p2a: Jumpluff\n|\n|t:|1700069167\n|switch|p1a: Miraidon|Miraidon|100\/100|[from] U-turn\n|-fieldstart|move: Electric Terrain|[from] ability: Hadron Engine|[of] p1a: Miraidon\n|\n|upkeep\n|turn|2\n|\n|t:|1700069175\n|move|p2a: Jumpluff|Leech Seed|p1a: Miraidon\n|-start|p1a: Miraidon|move: Leech Seed\n|move|p1a: Miraidon|Parabolic Charge|p2a: Jumpluff\n|-damage|p2a: Jumpluff|23\/100\n|\n|-damage|p1a: Miraidon|88\/100|[from] Leech Seed|[of] p2a: Jumpluff\n|-heal|p2a: Jumpluff|39\/100|[silent]\n|upkeep\n|turn|3\n|\n|t:|1700069184\n|move|p2a: Jumpluff|Strength Sap|p1a: Miraidon\n|-unboost|p1a: Miraidon|atk|1\n|-heal|p2a: Jumpluff|100\/100\n|move|p1a: Miraidon|Parabolic Charge|p2a: Jumpluff\n|-damage|p2a: Jumpluff|32\/100\n|-heal|p1a: Miraidon|100\/100|[from] drain|[of] p2a: Jumpluff\n|\n|-damage|p1a: Miraidon|88\/100|[from] Leech Seed|[of] p2a: Jumpluff\n|-heal|p2a: Jumpluff|48\/100|[silent]\n|upkeep\n|turn|4\n|\n|t:|1700069200\n|switch|p2a: Arboliva|Arboliva, F|100\/100\n|move|p1a: Miraidon|Parabolic Charge|p2a: Arboliva\n|-resisted|p2a: Arboliva\n|-damage|p2a: Arboliva|76\/100\n|-heal|p1a: Miraidon|99\/100|[from] drain|[of] p2a: Arboliva\n|\n|-heal|p1a: Miraidon|100\/100|[from] item: Leftovers\n|-damage|p1a: Miraidon|88\/100|[from] Leech Seed|[of] p2a: Arboliva\n|-heal|p2a: Arboliva|90\/100|[silent]\n|upkeep\n|turn|5\n|\n|t:|1700069207\n|switch|p1a: Toxapex|Toxapex, F|100\/100\n|move|p2a: Arboliva|Substitute|p2a: Arboliva\n|-start|p2a: Arboliva|Substitute\n|-damage|p2a: Arboliva|65\/100\n|\n|-fieldend|move: Electric Terrain\n|upkeep\n|turn|6\n|\n|t:|1700069211\n|move|p2a: Arboliva|Leech Seed|p1a: Toxapex\n|-start|p1a: Toxapex|move: Leech Seed\n|move|p1a: Toxapex|Infestation|p2a: Arboliva\n|-supereffective|p2a: Arboliva\n|-activate|p2a: Arboliva|move: Substitute|[damage]\n|\n|-damage|p1a: Toxapex|88\/100|[from] Leech Seed|[of] p2a: Arboliva\n|-heal|p2a: Arboliva|76\/100|[silent]\n|upkeep\n|turn|7\n|\n|t:|1700069220\n|switch|p1a: Corviknight|Corviknight, M|84\/100\n|-ability|p1a: Corviknight|Pressure\n|move|p2a: Arboliva|Strength Sap|p1a: Corviknight\n|-unboost|p1a: Corviknight|atk|1\n|-heal|p2a: Arboliva|100\/100\n|\n|-heal|p1a: Corviknight|90\/100|[from] item: Leftovers\n|upkeep\n|turn|8\n|\n|t:|1700069227\n|move|p1a: Corviknight|U-turn|p2a: Arboliva\n|-supereffective|p2a: Arboliva\n|-activate|p2a: Arboliva|move: Substitute|[damage]\n|\n|t:|1700069229\n|switch|p1a: Toxapex|Toxapex, F|100\/100|[from] U-turn\n|move|p2a: Arboliva|Leech Seed|p1a: Toxapex\n|-start|p1a: Toxapex|move: Leech Seed\n|\n|-damage|p1a: Toxapex|88\/100|[from] Leech Seed|[of] p2a: Arboliva\n|upkeep\n|turn|9\n|c|\u2606Eyeos|U can\u2019t break me\n|\n|t:|1700069248\n|switch|p1a: Corviknight|Corviknight, M|90\/100\n|-ability|p1a: Corviknight|Pressure\n|move|p2a: Arboliva|Dazzling Gleam|p1a: Corviknight\n|-resisted|p1a: Corviknight\n|-damage|p1a: Corviknight|80\/100\n|\n|-heal|p1a: Corviknight|86\/100|[from] item: Leftovers\n|upkeep\n|turn|10\n|\n|t:|1700069252\n|move|p1a: Corviknight|U-turn|p2a: Arboliva\n|-supereffective|p2a: Arboliva\n|-end|p2a: Arboliva|Substitute\n|\n|t:|1700069254\n|switch|p1a: Toxapex|Toxapex, F|100\/100|[from] U-turn\n|move|p2a: Arboliva|Leech Seed|p1a: Toxapex\n|-start|p1a: Toxapex|move: Leech Seed\n|\n|-damage|p1a: Toxapex|88\/100|[from] Leech Seed|[of] p2a: Arboliva\n|upkeep\n|turn|11\n|\n|t:|1700069274\n|move|p2a: Arboliva|Substitute|p2a: Arboliva\n|-start|p2a: Arboliva|Substitute\n|-damage|p2a: Arboliva|76\/100\n|move|p1a: Toxapex|Toxic||[still]\n|-fail|p1a: Toxapex\n|\n|-damage|p1a: Toxapex|76\/100|[from] Leech Seed|[of] p2a: Arboliva\n|-heal|p2a: Arboliva|86\/100|[silent]\n|upkeep\n|turn|12\n|\n|t:|1700069286\n|switch|p1a: Corviknight|Corviknight, M|86\/100\n|-ability|p1a: Corviknight|Pressure\n|move|p2a: Arboliva|Leech Seed|p1a: Corviknight\n|-start|p1a: Corviknight|move: Leech Seed\n|\n|-heal|p1a: Corviknight|92\/100|[from] item: Leftovers\n|-damage|p1a: Corviknight|80\/100|[from] Leech Seed|[of] p2a: Arboliva\n|-heal|p2a: Arboliva|100\/100|[silent]\n|upkeep\n|turn|13\n|\n|t:|1700069327\n|switch|p1a: Toxapex|Toxapex, F|100\/100\n|move|p2a: Arboliva|Dazzling Gleam|p1a: Toxapex\n|-resisted|p1a: Toxapex\n|-damage|p1a: Toxapex|91\/100\n|\n|upkeep\n|turn|14\n|\n|t:|1700069336\n|switch|p2a: Scovillain|Scovillain, M|100\/100\n|switch|p1a: Corviknight|Corviknight, M|80\/100\n|-ability|p1a: Corviknight|Pressure\n|\n|-heal|p1a: Corviknight|86\/100|[from] item: Leftovers\n|-ability|p2a: Scovillain|Moody|boost\n|-boost|p2a: Scovillain|spe|2\n|-unboost|p2a: Scovillain|spd|1\n|upkeep\n|turn|15\n|\n|t:|1700069347\n|move|p2a: Scovillain|Substitute|p2a: Scovillain\n|-start|p2a: Scovillain|Substitute\n|-damage|p2a: Scovillain|76\/100\n|move|p1a: Corviknight|U-turn|p2a: Scovillain\n|-activate|p2a: Scovillain|move: Substitute|[damage]\n|\n|t:|1700069353\n|switch|p1a: Miraidon|Miraidon|88\/100|[from] U-turn\n|-fieldstart|move: Electric Terrain|[from] ability: Hadron Engine|[of] p1a: Miraidon\n|\n|-heal|p2a: Scovillain|82\/100|[from] item: Leftovers\n|-heal|p1a: Miraidon|94\/100|[from] item: Leftovers\n|-ability|p2a: Scovillain|Moody|boost\n|-boost|p2a: Scovillain|spa|2\n|-unboost|p2a: Scovillain|spe|1\n|upkeep\n|turn|16\n|\n|t:|1700069360\n|move|p2a: Scovillain|Protect|p2a: Scovillain\n|-singleturn|p2a: Scovillain|Protect\n|move|p1a: Miraidon|Parabolic Charge|p2a: Scovillain\n|-activate|p2a: Scovillain|move: Protect\n|\n|-heal|p1a: Miraidon|99\/100|[from] item: Leftovers\n|-heal|p2a: Scovillain|88\/100|[from] item: Leftovers\n|-ability|p2a: Scovillain|Moody|boost\n|-boost|p2a: Scovillain|spa|2\n|-unboost|p2a: Scovillain|spd|1\n|upkeep\n|turn|17\n|\n|t:|1700069367\n|move|p1a: Miraidon|Parabolic Charge|p2a: Scovillain\n|-resisted|p2a: Scovillain\n|-end|p2a: Scovillain|Substitute\n|-heal|p1a: Miraidon|100\/100|[from] drain|[of] p2a: Scovillain\n|move|p2a: Scovillain|Leech Seed|p1a: Miraidon\n|-start|p1a: Miraidon|move: Leech Seed\n|\n|-heal|p2a: Scovillain|94\/100|[from] item: Leftovers\n|-damage|p1a: Miraidon|88\/100|[from] Leech Seed|[of] p2a: Scovillain\n|-heal|p2a: Scovillain|100\/100|[silent]\n|-ability|p2a: Scovillain|Moody|boost\n|-boost|p2a: Scovillain|spa|2\n|-unboost|p2a: Scovillain|atk|1\n|upkeep\n|turn|18\n|\n|t:|1700069374\n|move|p2a: Scovillain|Protect|p2a: Scovillain\n|-singleturn|p2a: Scovillain|Protect\n|move|p1a: Miraidon|Parabolic Charge|p2a: Scovillain\n|-activate|p2a: Scovillain|move: Protect\n|\n|-heal|p1a: Miraidon|94\/100|[from] item: Leftovers\n|-damage|p1a: Miraidon|82\/100|[from] Leech Seed|[of] p2a: Scovillain\n|-ability|p2a: Scovillain|Moody|boost\n|-boost|p2a: Scovillain|atk|2\n|-unboost|p2a: Scovillain|spe|1\n|upkeep\n|turn|19\n|\n|t:|1700069383\n|move|p1a: Miraidon|Parabolic Charge|p2a: Scovillain\n|-resisted|p2a: Scovillain\n|-damage|p2a: Scovillain|28\/100\n|-heal|p1a: Miraidon|100\/100|[from] drain|[of] p2a: Scovillain\n|move|p2a: Scovillain|Substitute|p2a: Scovillain\n|-start|p2a: Scovillain|Substitute\n|-damage|p2a: Scovillain|3\/100\n|\n|-heal|p2a: Scovillain|9\/100|[from] item: Leftovers\n|-damage|p1a: Miraidon|88\/100|[from] Leech Seed|[of] p2a: Scovillain\n|-heal|p2a: Scovillain|23\/100|[silent]\n|-fieldend|move: Electric Terrain\n|-ability|p2a: Scovillain|Moody|boost\n|-boost|p2a: Scovillain|spd|2\n|-unboost|p2a: Scovillain|spa|1\n|upkeep\n|turn|20\n|\n|t:|1700069394\n|move|p2a: Scovillain|Protect|p2a: Scovillain\n|-singleturn|p2a: Scovillain|Protect\n|move|p1a: Miraidon|Calm Mind|p1a: Miraidon\n|-boost|p1a: Miraidon|spa|1\n|-boost|p1a: Miraidon|spd|1\n|\n|-heal|p1a: Miraidon|94\/100|[from] item: Leftovers\n|-heal|p2a: Scovillain|29\/100|[from] item: Leftovers\n|-damage|p1a: Miraidon|82\/100|[from] Leech Seed|[of] p2a: Scovillain\n|-heal|p2a: Scovillain|43\/100|[silent]\n|-ability|p2a: Scovillain|Moody|boost\n|-boost|p2a: Scovillain|spe|2\n|-unboost|p2a: Scovillain|atk|1\n|upkeep\n|turn|21\n|\n|t:|1700069410\n|move|p2a: Scovillain|Flamethrower|p1a: Miraidon\n|-resisted|p1a: Miraidon\n|-damage|p1a: Miraidon|49\/100\n|move|p1a: Miraidon|Parabolic Charge|p2a: Scovillain\n|-resisted|p2a: Scovillain\n|-end|p2a: Scovillain|Substitute\n|-heal|p1a: Miraidon|60\/100|[from] drain|[of] p2a: Scovillain\n|\n|-heal|p2a: Scovillain|49\/100|[from] item: Leftovers\n|-heal|p1a: Miraidon|66\/100|[from] item: Leftovers\n|-damage|p1a: Miraidon|54\/100|[from] Leech Seed|[of] p2a: Scovillain\n|-heal|p2a: Scovillain|63\/100|[silent]\n|-ability|p2a: Scovillain|Moody|boost\n|-boost|p2a: Scovillain|spa|1\n|-unboost|p2a: Scovillain|spe|1\n|upkeep\n|turn|22\n|\n|t:|1700069432\n|move|p2a: Scovillain|Protect|p2a: Scovillain\n|-singleturn|p2a: Scovillain|Protect\n|move|p1a: Miraidon|Parabolic Charge|p2a: Scovillain\n|-activate|p2a: Scovillain|move: Protect\n|\n|-heal|p1a: Miraidon|60\/100|[from] item: Leftovers\n|-heal|p2a: Scovillain|69\/100|[from] item: Leftovers\n|-damage|p1a: Miraidon|47\/100|[from] Leech Seed|[of] p2a: Scovillain\n|-heal|p2a: Scovillain|83\/100|[silent]\n|-ability|p2a: Scovillain|Moody|boost\n|-boost|p2a: Scovillain|def|2\n|-unboost|p2a: Scovillain|spa|1\n|upkeep\n|turn|23\n|\n|t:|1700069441\n|move|p1a: Miraidon|Parabolic Charge|p2a: Scovillain\n|-resisted|p2a: Scovillain\n|-damage|p2a: Scovillain|50\/100\n|-heal|p1a: Miraidon|62\/100|[from] drain|[of] p2a: Scovillain\n|move|p2a: Scovillain|Substitute|p2a: Scovillain\n|-start|p2a: Scovillain|Substitute\n|-damage|p2a: Scovillain|25\/100\n|\n|-heal|p1a: Miraidon|68\/100|[from] item: Leftovers\n|-heal|p2a: Scovillain|31\/100|[from] item: Leftovers\n|-damage|p1a: Miraidon|56\/100|[from] Leech Seed|[of] p2a: Scovillain\n|-heal|p2a: Scovillain|45\/100|[silent]\n|-ability|p2a: Scovillain|Moody|boost\n|-boost|p2a: Scovillain|spe|2\n|-unboost|p2a: Scovillain|atk|1\n|upkeep\n|turn|24\n|\n|t:|1700069447\n|switch|p1a: Toxapex|Toxapex, F|100\/100\n|move|p2a: Scovillain|Protect||[still]\n|-fail|p2a: Scovillain\n|\n|-heal|p2a: Scovillain|51\/100|[from] item: Leftovers\n|-ability|p2a: Scovillain|Moody|boost\n|-boost|p2a: Scovillain|atk|2\n|-unboost|p2a: Scovillain|spd|1\n|upkeep\n|turn|25\n|\n|t:|1700069450\n|move|p2a: Scovillain|Leech Seed|p1a: Toxapex\n|-start|p1a: Toxapex|move: Leech Seed\n|move|p1a: Toxapex|Haze|p1a: Toxapex\n|-clearallboost\n|\n|-heal|p2a: Scovillain|57\/100|[from] item: Leftovers\n|-damage|p1a: Toxapex|88\/100|[from] Leech Seed|[of] p2a: Scovillain\n|-heal|p2a: Scovillain|68\/100|[silent]\n|-ability|p2a: Scovillain|Moody|boost\n|-boost|p2a: Scovillain|spa|2\n|-unboost|p2a: Scovillain|spe|1\n|upkeep\n|turn|26\n|l|\u2606PhotosFromJames\n|player|p2|\n|inactive|Battle timer is ON: inactive players will automatically lose when time's up. (requested by Eyeos)\n|inactive|PhotosFromJames has 30 seconds to reconnect!\n|inactive|PhotosFromJames has 20 seconds to reconnect!\n|inactive|PhotosFromJames has 15 seconds to reconnect!\n|inactive|PhotosFromJames has 10 seconds to reconnect!\n|inactive|PhotosFromJames has 5 seconds to reconnect!\n|-message|PhotosFromJames lost due to inactivity.\n|\n|win|Eyeos\n|raw|Eyeos's rating: 1522 &rarr; <strong>1535<\/strong><br \/>(+13 for winning)\n|raw|PhotosFromJames's rating: 1390 &rarr; <strong>1377<\/strong><br \/>(-13 for losing)\n","uploadtime":1700069548,"views":5,"p1id":"eyeos","p2id":"photosfromjames","formatid":"gen9anythinggoes","rating":1377,"private":0,"password":""}