{"id":"gen9anythinggoes-1979909786","p1":"imerxityy","p2":"Bakitaladelbarrio","format":"[Gen 9] Anything Goes","log":"|j|\u2606imerxityy\n|j|\u2606Bakitaladelbarrio\n|t:|1698727841\n|gametype|singles\n|player|p1|imerxityy|cynthia-gen4|1000\n|player|p2|Bakitaladelbarrio|dawn|1090\n|teamsize|p1|6\n|teamsize|p2|6\n|gen|9\n|tier|[Gen 9] Anything Goes\n|rated|\n|rule|HP Percentage Mod: HP is shown in percentages\n|rule|Endless Battle Clause: Forcing endless battles is banned\n|clearpoke\n|poke|p1|Drifloon, L1, F|\n|poke|p1|Glimmet, L1, M|\n|poke|p1|Pineco, L1, M|\n|poke|p1|Rolycoly, L1, F|\n|poke|p1|Voltorb, L41|\n|poke|p1|Kingambit, M|\n|poke|p2|Espathra, F|\n|poke|p2|Drifblim, M|\n|poke|p2|Espeon, F|\n|poke|p2|Manaphy|\n|poke|p2|Clefable, F|\n|poke|p2|Basculegion, M|\n|teampreview\n|inactive|Battle timer is ON: inactive players will automatically lose when time's up. (requested by Bakitaladelbarrio)\n|\n|t:|1698727848\n|start\n|switch|p1a: Drifloon|Drifloon, L1, F, shiny|100\/100\n|switch|p2a: Drifblim|Drifblim, M|100\/100\n|turn|1\n|\n|t:|1698727855\n|move|p2a: Drifblim|Minimize|p2a: Drifblim\n|-boost|p2a: Drifblim|evasion|2\n|move|p1a: Drifloon|Explosion|p2a: Drifblim\n|-immune|p2a: Drifblim\n|faint|p1a: Drifloon\n|\n|upkeep\n|\n|t:|1698727862\n|switch|p1a: Glimmet|Glimmet, L1, M, shiny|100\/100\n|turn|2\n|\n|t:|1698727866\n|move|p2a: Drifblim|Minimize|p2a: Drifblim\n|-boost|p2a: Drifblim|evasion|2\n|move|p1a: Glimmet|Explosion|p2a: Drifblim\n|-immune|p2a: Drifblim\n|faint|p1a: Glimmet\n|\n|upkeep\n|\n|t:|1698727881\n|switch|p1a: Pineco|Pineco, L1, M, shiny|100\/100\n|turn|3\n|\n|t:|1698727886\n|move|p2a: Drifblim|Minimize|p2a: Drifblim\n|-boost|p2a: Drifblim|evasion|2\n|move|p1a: Pineco|Explosion|p2a: Drifblim\n|-immune|p2a: Drifblim\n|faint|p1a: Pineco\n|\n|upkeep\n|\n|t:|1698727892\n|switch|p1a: Rolycoly|Rolycoly, L1, F, shiny|100\/100\n|turn|4\n|\n|t:|1698727898\n|move|p2a: Drifblim|Baton Pass|p2a: Drifblim\n|\n|t:|1698727900\n|switch|p2a: Manaphy|Manaphy|100\/100|[from] Baton Pass\n|move|p1a: Rolycoly|Explosion|p2a: Manaphy|[miss]\n|-miss|p1a: Rolycoly|p2a: Manaphy\n|faint|p1a: Rolycoly\n|\n|upkeep\n|\n|t:|1698727908\n|switch|p1a: Voltorb|Voltorb, L41, shiny|100\/100\n|turn|5\n|\n|t:|1698727911\n|move|p2a: Manaphy|Acid Armor|p2a: Manaphy\n|-boost|p2a: Manaphy|def|2\n|move|p1a: Voltorb|Explosion|p2a: Manaphy\n|-damage|p2a: Manaphy|97\/100\n|faint|p1a: Voltorb\n|\n|-heal|p2a: Manaphy|100\/100|[from] item: Leftovers\n|upkeep\n|\n|t:|1698727920\n|switch|p1a: Kingambit|Kingambit, M|100\/100\n|-activate|p1a: Kingambit|ability: Supreme Overlord\n|-start|p1a: Kingambit|fallen5|[silent]\n|turn|6\n|\n|t:|1698727938\n|move|p1a: Kingambit|Brick Break|p2a: Manaphy\n|-damage|p2a: Manaphy|87\/100\n|move|p2a: Manaphy|Scald|p1a: Kingambit\n|-damage|p1a: Kingambit|68\/100\n|\n|-heal|p2a: Manaphy|93\/100|[from] item: Leftovers\n|upkeep\n|turn|7\n|\n|t:|1698727949\n|move|p1a: Kingambit|Brick Break|p2a: Manaphy\n|-damage|p2a: Manaphy|78\/100\n|move|p2a: Manaphy|Acid Armor|p2a: Manaphy\n|-boost|p2a: Manaphy|def|2\n|\n|-heal|p2a: Manaphy|84\/100|[from] item: Leftovers\n|upkeep\n|turn|8\n|\n|t:|1698727958\n|move|p1a: Kingambit|Brick Break|p2a: Manaphy\n|-damage|p2a: Manaphy|74\/100\n|move|p2a: Manaphy|Scald|p1a: Kingambit\n|-damage|p1a: Kingambit|34\/100\n|\n|-heal|p2a: Manaphy|80\/100|[from] item: Leftovers\n|upkeep\n|turn|9\n|l|\u2606Bakitaladelbarrio\n|inactive|Bakitaladelbarrio disconnected and has a minute to reconnect!\n|player|p2|\n|j|\u2606Bakitaladelbarrio\n|inactive|Bakitaladelbarrio reconnected and has 140 seconds left.\n|player|p2|Bakitaladelbarrio|dawn\n|\n|t:|1698727976\n|move|p1a: Kingambit|Brick Break|p2a: Manaphy\n|-damage|p2a: Manaphy|70\/100\n|move|p2a: Manaphy|Scald|p1a: Kingambit\n|-damage|p1a: Kingambit|0 fnt\n|faint|p1a: Kingambit\n|-end|p1a: Kingambit|fallen5|[silent]\n|\n|win|Bakitaladelbarrio\n|raw|imerxityy's rating: 1000 &rarr; <strong>1000<\/strong><br \/>(+0 for losing)\n|raw|Bakitaladelbarrio's rating: 1090 &rarr; <strong>1110<\/strong><br \/>(+20 for winning)\n","uploadtime":1698727984,"views":10,"p1id":"imerxityy","p2id":"bakitaladelbarrio","formatid":"gen9anythinggoes","rating":1000,"private":0,"password":""}