{"id":"gen9anythinggoes-1974482022","p1":"Lakwondo","p2":"NightX120","format":"[Gen 9] Anything Goes","log":"|j|\u2606Lakwondo\n|j|\u2606NightX120\n|t:|1698090626\n|gametype|singles\n|player|p1|Lakwondo|koga|1315\n|player|p2|NightX120|cynthia-gen4|1156\n|teamsize|p1|6\n|teamsize|p2|6\n|gen|9\n|tier|[Gen 9] Anything Goes\n|rated|\n|rule|HP Percentage Mod: HP is shown in percentages\n|rule|Endless Battle Clause: Forcing endless battles is banned\n|clearpoke\n|poke|p1|Garganacl, M|\n|poke|p1|Moltres-Galar|\n|poke|p1|Urshifu-*, F|\n|poke|p1|Hatterene, F|\n|poke|p1|Dragapult, M|\n|poke|p1|Zamazenta-*|\n|poke|p2|Mimikyu, M|\n|poke|p2|Garchomp, F|\n|poke|p2|Lucario, M|\n|poke|p2|Greninja-*, F|\n|poke|p2|Jirachi|\n|poke|p2|Talonflame, M|\n|teampreview\n|\n|t:|1698090633\n|start\n|switch|p1a: Moltres|Moltres-Galar|100\/100\n|switch|p2a: Kamikaze|Talonflame, M|100\/100\n|turn|1\n|\n|t:|1698090643\n|move|p2a: Kamikaze|Brave Bird|p1a: Moltres\n|-damage|p1a: Moltres|51\/100\n|-damage|p2a: Kamikaze|82\/100|[from] Recoil\n|move|p1a: Moltres|Fiery Wrath|p2a: Kamikaze\n|-damage|p2a: Kamikaze|14\/100\n|\n|-heal|p2a: Kamikaze|20\/100|[from] item: Leftovers\n|upkeep\n|turn|2\n|\n|t:|1698090656\n|move|p2a: Kamikaze|U-turn|p1a: Moltres\n|-damage|p1a: Moltres|31\/100\n|-ability|p1a: Moltres|Berserk|boost\n|-boost|p1a: Moltres|spa|1\n|\n|t:|1698090667\n|switch|p2a: Samurana|Greninja, F, shiny|100\/100|[from] U-turn\n|move|p1a: Moltres|Tailwind|p1a: Moltres\n|-sidestart|p1: Lakwondo|move: Tailwind\n|\n|upkeep\n|turn|3\n|\n|t:|1698090678\n|move|p1a: Moltres|Brave Bird|p2a: Samurana\n|-damage|p2a: Samurana|18\/100\n|-damage|p1a: Moltres|8\/100|[from] Recoil\n|move|p2a: Samurana|Blizzard|p1a: Moltres\n|-supereffective|p1a: Moltres\n|-damage|p1a: Moltres|0 fnt\n|faint|p1a: Moltres\n|\n|upkeep\n|\n|t:|1698090692\n|switch|p1a: Urshifu|Urshifu-Rapid-Strike, F|100\/100\n|turn|4\n|\n|t:|1698090704\n|move|p1a: Urshifu|Bulk Up|p1a: Urshifu\n|-boost|p1a: Urshifu|atk|1\n|-boost|p1a: Urshifu|def|1\n|move|p2a: Samurana|Blizzard|p1a: Urshifu\n|-resisted|p1a: Urshifu\n|-damage|p1a: Urshifu|78\/100\n|-status|p1a: Urshifu|frz\n|\n|upkeep\n|turn|5\n|\n|t:|1698090711\n|-terastallize|p2a: Samurana|Water\n|cant|p1a: Urshifu|frz\n|move|p2a: Samurana|Hydro Pump|p1a: Urshifu|[miss]\n|-miss|p2a: Samurana|p1a: Urshifu\n|\n|-sideend|p1: Lakwondo|move: Tailwind\n|upkeep\n|turn|6\n|\n|t:|1698090720\n|cant|p1a: Urshifu|frz\n|move|p2a: Samurana|Hydro Pump|p1a: Urshifu\n|-resisted|p1a: Urshifu\n|-damage|p1a: Urshifu|0 fnt\n|faint|p1a: Urshifu\n|\n|upkeep\n|c|\u2606NightX120|LETS GOO\n|\n|t:|1698090729\n|switch|p1a: Hatterene|Hatterene, F, shiny|100\/100\n|turn|7\n|c|\u2606NightX120|Blizzard gamble worked\n|\n|t:|1698090741\n|move|p2a: Samurana|Dark Pulse|p1a: Hatterene\n|-damage|p1a: Hatterene|61\/100\n|move|p1a: Hatterene|Psychic|p2a: Samurana\n|-damage|p2a: Samurana|0 fnt\n|faint|p2a: Samurana\n|\n|upkeep\n|\n|t:|1698090749\n|switch|p2a: Kamikaze|Talonflame, M|20\/100\n|turn|8\n|\n|t:|1698090757\n|switch|p1a: Garganacl|Garganacl, M|100\/100\n|move|p2a: Kamikaze|U-turn|p1a: Garganacl\n|-damage|p1a: Garganacl|88\/100\n|-damage|p2a: Kamikaze|4\/100|[from] item: Rocky Helmet|[of] p1a: Garganacl\n|\n|t:|1698090765\n|switch|p2a: Make-A-Wish|Jirachi, shiny|100\/100|[from] U-turn\n|\n|upkeep\n|turn|9\n|\n|t:|1698090771\n|move|p2a: Make-A-Wish|Doom Desire|p1a: Garganacl\n|-start|p2a: Make-A-Wish|Doom Desire\n|move|p1a: Garganacl|Salt Cure|p2a: Make-A-Wish\n|-resisted|p2a: Make-A-Wish\n|-damage|p2a: Make-A-Wish|95\/100\n|-start|p2a: Make-A-Wish|Salt Cure\n|\n|-damage|p2a: Make-A-Wish|70\/100|[from] Salt Cure\n|upkeep\n|turn|10\n|\n|t:|1698090784\n|switch|p1a: Zamazenta|Zamazenta-Crowned|100\/100\n|-ability|p1a: Zamazenta|Dauntless Shield|boost\n|-boost|p1a: Zamazenta|def|1\n|move|p2a: Make-A-Wish|Wish|p2a: Make-A-Wish\n|\n|-damage|p2a: Make-A-Wish|45\/100|[from] Salt Cure\n|upkeep\n|turn|11\n|\n|t:|1698090797\n|move|p1a: Zamazenta|Body Press|p2a: Make-A-Wish\n|-damage|p2a: Make-A-Wish|0 fnt\n|-damage|p1a: Zamazenta|84\/100|[from] item: Rocky Helmet|[of] p2a: Make-A-Wish\n|faint|p2a: Make-A-Wish\n|\n|-end|p1a: Zamazenta|move: Doom Desire\n|-resisted|p1a: Zamazenta\n|-damage|p1a: Zamazenta|68\/100\n|upkeep\n|\n|t:|1698090810\n|switch|p2a: Nibbles|Garchomp, F, shiny|100\/100\n|turn|12\n|\n|t:|1698090818\n|move|p2a: Nibbles|Earthquake|p1a: Zamazenta\n|-supereffective|p1a: Zamazenta\n|-damage|p1a: Zamazenta|17\/100\n|move|p1a: Zamazenta|Behemoth Bash|p2a: Nibbles\n|-damage|p2a: Nibbles|48\/100\n|-damage|p1a: Zamazenta|4\/100|[from] ability: Rough Skin|[of] p2a: Nibbles\n|-damage|p1a: Zamazenta|0 fnt|[from] item: Rocky Helmet|[of] p2a: Nibbles\n|faint|p1a: Zamazenta\n|\n|upkeep\n|\n|t:|1698090827\n|switch|p1a: Dragapult|Dragapult, M|100\/100\n|turn|13\n|\n|t:|1698090837\n|move|p1a: Dragapult|Dragon Darts|p2a: Nibbles\n|-supereffective|p2a: Nibbles\n|-damage|p2a: Nibbles|0 fnt\n|faint|p2a: Nibbles\n|\n|upkeep\n|\n|t:|1698090842\n|switch|p2a: Sleepy|Mimikyu, M, shiny|100\/100\n|turn|14\n|\n|t:|1698090851\n|move|p1a: Dragapult|Curse|p2a: Sleepy\n|-start|p2a: Sleepy|Curse|[of] p1a: Dragapult\n|-damage|p1a: Dragapult|51\/100\n|move|p2a: Sleepy|Swords Dance|p2a: Sleepy\n|-boost|p2a: Sleepy|atk|2\n|\n|-damage|p2a: Sleepy|76\/100|[from] Curse\n|upkeep\n|turn|15\n|\n|t:|1698090860\n|move|p1a: Dragapult|Phantom Force||[still]\n|-prepare|p1a: Dragapult|Phantom Force\n|move|p2a: Sleepy|Play Rough|p1a: Dragapult|[miss]\n|-miss|p2a: Sleepy|p1a: Dragapult\n|\n|-damage|p2a: Sleepy|51\/100|[from] Curse\n|upkeep\n|turn|16\n|\n|t:|1698090867\n|move|p1a: Dragapult|Phantom Force|p2a: Sleepy|[from]lockedmove\n|-activate|p2a: Sleepy|ability: Disguise\n|-damage|p2a: Sleepy|51\/100\n|detailschange|p2a: Sleepy|Mimikyu-Busted, M, shiny\n|-damage|p2a: Sleepy|39\/100|[from] pokemon: Mimikyu-Busted\n|move|p2a: Sleepy|Play Rough|p1a: Dragapult\n|-supereffective|p1a: Dragapult\n|-damage|p1a: Dragapult|0 fnt\n|-start|p2a: Sleepy|Disable|Play Rough|[from] ability: Cursed Body|[of] p1a: Dragapult\n|faint|p1a: Dragapult\n|\n|-damage|p2a: Sleepy|14\/100|[from] Curse\n|upkeep\n|\n|t:|1698090874\n|switch|p1a: Garganacl|Garganacl, M|88\/100\n|turn|17\n|\n|t:|1698090878\n|move|p2a: Sleepy|Drain Punch|p1a: Garganacl\n|-supereffective|p1a: Garganacl\n|-damage|p1a: Garganacl|27\/100\n|-heal|p2a: Sleepy|63\/100|[from] drain|[of] p1a: Garganacl\n|-damage|p2a: Sleepy|47\/100|[from] item: Rocky Helmet|[of] p1a: Garganacl\n|move|p1a: Garganacl|Iron Defense|p1a: Garganacl\n|-boost|p1a: Garganacl|def|2\n|\n|-damage|p2a: Sleepy|22\/100|[from] Curse\n|upkeep\n|turn|18\n|\n|t:|1698090888\n|move|p2a: Sleepy|Drain Punch|p1a: Garganacl\n|-supereffective|p1a: Garganacl\n|-damage|p1a: Garganacl|0 fnt\n|-heal|p2a: Sleepy|44\/100|[from] drain|[of] p1a: Garganacl\n|-damage|p2a: Sleepy|27\/100|[from] item: Rocky Helmet|[of] p1a: Garganacl\n|faint|p1a: Garganacl\n|\n|-damage|p2a: Sleepy|2\/100|[from] Curse\n|upkeep\n|-message|Lakwondo forfeited.\n|\n|win|NightX120\n|raw|Lakwondo's rating: 1315 &rarr; <strong>1286<\/strong><br \/>(-29 for losing)\n|raw|NightX120's rating: 1156 &rarr; <strong>1192<\/strong><br \/>(+36 for winning)\n|l|\u2606Lakwondo\n","uploadtime":1698090908,"views":10,"p1id":"lakwondo","p2id":"nightx120","formatid":"gen9anythinggoes","rating":1192,"private":0,"password":""}