{"id":"gen9anythinggoes-1983967779","p1":"flavitoes","p2":"ELGRANCRAC","format":"[Gen 9] Anything Goes","log":"|j|\u2606flavitoes\n|j|\u2606ELGRANCRAC\n|t:|1699205116\n|gametype|singles\n|player|p1|flavitoes|ethan|\n|player|p2|ELGRANCRAC|red|\n|teamsize|p1|6\n|teamsize|p2|6\n|gen|9\n|tier|[Gen 9] Anything Goes\n|rule|HP Percentage Mod: HP is shown in percentages\n|rule|Endless Battle Clause: Forcing endless battles is banned\n|clearpoke\n|poke|p1|Sneasler, M|\n|poke|p1|Enamorus, F|\n|poke|p1|Iron Moth|\n|poke|p1|Garganacl, M|\n|poke|p1|Alomomola, M|\n|poke|p1|Azumarill, F|\n|poke|p2|Pelipper, F|\n|poke|p2|Garchomp, M|\n|poke|p2|Magneton|\n|poke|p2|Salamence, M|\n|poke|p2|Barraskewda, M|\n|poke|p2|Weavile, F|\n|teampreview\n|inactive|Battle timer is ON: inactive players will automatically lose when time's up. (requested by ELGRANCRAC)\n|c|\u2606ELGRANCRAC|Suerte\n|c|\u2606flavitoes|Ola\n|\n|t:|1699205135\n|start\n|switch|p1a: FODEN|Enamorus, F|100\/100\n|switch|p2a: When|Pelipper, F, shiny|100\/100\n|-weather|RainDance|[from] ability: Drizzle|[of] p2a: When\n|turn|1\n|\n|t:|1699205144\n|switch|p2a: Tus|Magneton, shiny|100\/100\n|move|p1a: FODEN|Moonblast|p2a: Tus\n|-resisted|p2a: Tus\n|-damage|p2a: Tus|52\/100\n|\n|-weather|RainDance|[upkeep]\n|upkeep\n|turn|2\n|\n|t:|1699205154\n|switch|p1a: GVARDIOL|Garganacl, M|100\/100\n|move|p2a: Tus|Flash Cannon|p1a: GVARDIOL\n|-supereffective|p1a: GVARDIOL\n|-crit|p1a: GVARDIOL\n|-damage|p1a: GVARDIOL|0 fnt\n|faint|p1a: GVARDIOL\n|\n|-weather|RainDance|[upkeep]\n|upkeep\n|l|\u2606flavitoes\n|inactive|flavitoes disconnected and has 300 seconds to reconnect!\n|player|p1|\n|c|\u2606ELGRANCRAC|Ola flavi\n|j|\u2606flavitoes\n|inactive|flavitoes reconnected and has 295 seconds left.\n|player|p1|flavitoes|ethan\n|inactiveoff|Battle timer is now OFF.\n|\n|t:|1699205183\n|switch|p1a: KDB|Sneasler, M|100\/100\n|turn|3\n|\n|t:|1699205193\n|move|p1a: KDB|Fake Out|p2a: Tus\n|-resisted|p2a: Tus\n|-damage|p2a: Tus|45\/100\n|cant|p2a: Tus|flinch\n|\n|-weather|RainDance|[upkeep]\n|upkeep\n|turn|4\n|\n|t:|1699205199\n|-terastallize|p2a: Tus|Fairy\n|move|p1a: KDB|Close Combat|p2a: Tus\n|-resisted|p2a: Tus\n|-damage|p2a: Tus|13\/100\n|-unboost|p1a: KDB|def|1\n|-unboost|p1a: KDB|spd|1\n|-status|p2a: Tus|psn|[from] ability: Poison Touch|[of] p1a: KDB\n|move|p2a: Tus|Volt Switch|p1a: KDB\n|-damage|p1a: KDB|7\/100\n|\n|t:|1699205211\n|switch|p2a: Barry Cuda|Barraskewda, M, shiny|100\/100|[from] Volt Switch\n|\n|-weather|RainDance|[upkeep]\n|upkeep\n|turn|5\n|\n|t:|1699205223\n|switch|p1a: Alomomola|Alomomola, M|100\/100\n|move|p2a: Barry Cuda|Flip Turn|p1a: Alomomola\n|-resisted|p1a: Alomomola\n|-damage|p1a: Alomomola|82\/100\n|-enditem|p1a: Alomomola|Red Card|[of] p2a: Barry Cuda\n|drag|p2a: Showdown|Weavile, F, shiny|100\/100\n|-ability|p2a: Showdown|Pressure\n|\n|-weather|none\n|upkeep\n|turn|6\n|inactive|Battle timer is ON: inactive players will automatically lose when time's up. (requested by ELGRANCRAC)\n|\n|t:|1699205234\n|switch|p2a: Salamence|Salamence, M, shiny|100\/100\n|move|p1a: Alomomola|Flip Turn|p2a: Salamence\n|-resisted|p2a: Salamence\n|-crit|p2a: Salamence\n|-damage|p2a: Salamence|84\/100\n|\n|t:|1699205237\n|switch|p1a: FODEN|Enamorus, F|100\/100|[from] Flip Turn\n|\n|upkeep\n|turn|7\n|\n|t:|1699205252\n|switch|p2a: Tus|Magneton, shiny, tera:Fairy|13\/100 psn\n|move|p1a: FODEN|Moonblast|p2a: Tus\n|-damage|p2a: Tus|0 fnt\n|faint|p2a: Tus\n|\n|upkeep\n|c|\u2606flavitoes|Foden 1\n|\n|t:|1699205264\n|switch|p2a: When|Pelipper, F, shiny|100\/100\n|-weather|RainDance|[from] ability: Drizzle|[of] p2a: When\n|turn|8\n|\n|t:|1699205269\n|move|p1a: FODEN|Moonblast|p2a: When\n|-damage|p2a: When|0 fnt\n|faint|p2a: When\n|\n|-weather|RainDance|[upkeep]\n|upkeep\n|\n|t:|1699205274\n|switch|p2a: Barry Cuda|Barraskewda, M, shiny|100\/100\n|turn|9\n|\n|t:|1699205280\n|switch|p1a: KDB|Sneasler, M|7\/100\n|move|p2a: Barry Cuda|Liquidation|p1a: KDB\n|-damage|p1a: KDB|0 fnt\n|faint|p1a: KDB\n|\n|-weather|RainDance|[upkeep]\n|upkeep\n|l|\u2606flavitoes\n|inactive|flavitoes disconnected and has 290 seconds to reconnect!\n|player|p1|\n|inactive|flavitoes has 270 seconds to reconnect!\n|c|\u2606ELGRANCRAC|Que es foddn 1\n|inactiveoff|Battle timer is now OFF.\n|j|\u2606flavitoes\n|player|p1|flavitoes|ethan\n|c|\u2606flavitoes|Sorry\n|\n|t:|1699205354\n|switch|p1a: JULIAAAAAAAN|Azumarill, F|100\/100\n|turn|10\n|\n|t:|1699205359\n|move|p2a: Barry Cuda|Liquidation|p1a: JULIAAAAAAAN\n|-resisted|p1a: JULIAAAAAAAN\n|-damage|p1a: JULIAAAAAAAN|49\/100\n|-enditem|p1a: JULIAAAAAAAN|Sitrus Berry|[eat]\n|-heal|p1a: JULIAAAAAAAN|74\/100|[from] item: Sitrus Berry\n|move|p1a: JULIAAAAAAAN|Belly Drum|p1a: JULIAAAAAAAN\n|-damage|p1a: JULIAAAAAAAN|24\/100\n|-setboost|p1a: JULIAAAAAAAN|atk|6|[from] move: Belly Drum\n|\n|-weather|RainDance|[upkeep]\n|upkeep\n|turn|11\n|\n|t:|1699205364\n|move|p1a: JULIAAAAAAAN|Aqua Jet|p2a: Barry Cuda\n|-resisted|p2a: Barry Cuda\n|-damage|p2a: Barry Cuda|0 fnt\n|faint|p2a: Barry Cuda\n|\n|-weather|RainDance|[upkeep]\n|upkeep\n|\n|t:|1699205370\n|switch|p2a: Salamence|Salamence, M, shiny|84\/100\n|turn|12\n|\n|t:|1699205374\n|move|p1a: JULIAAAAAAAN|Aqua Jet|p2a: Salamence\n|-resisted|p2a: Salamence\n|-damage|p2a: Salamence|0 fnt\n|faint|p2a: Salamence\n|\n|-weather|none\n|upkeep\n|\n|t:|1699205379\n|switch|p2a: Showdown|Weavile, F, shiny|100\/100\n|-ability|p2a: Showdown|Pressure\n|turn|13\n|c|\u2606flavitoes|Foden 2\n|\n|t:|1699205390\n|move|p2a: Showdown|Ice Shard|p1a: JULIAAAAAAAN\n|-resisted|p1a: JULIAAAAAAAN\n|-damage|p1a: JULIAAAAAAAN|9\/100\n|move|p1a: JULIAAAAAAAN|Aqua Jet|p2a: Showdown\n|-crit|p2a: Showdown\n|-damage|p2a: Showdown|0 fnt\n|faint|p2a: Showdown\n|\n|upkeep\n|\n|t:|1699205393\n|switch|p2a: Haces|Garchomp, M, shiny|100\/100\n|turn|14\n|\n|t:|1699205400\n|move|p1a: JULIAAAAAAAN|Aqua Jet|p2a: Haces\n|-damage|p2a: Haces|0 fnt\n|-damage|p1a: JULIAAAAAAAN|0 fnt|[from] ability: Rough Skin|[of] p2a: Haces\n|faint|p2a: Haces\n|faint|p1a: JULIAAAAAAAN\n|\n|win|flavitoes\n|c|\u2606flavitoes|Julian 4\n|l|\u2606ELGRANCRAC\n|c|\u2606flavitoes|Las kills que cuento\n","uploadtime":1699205418,"views":25,"p1id":"flavitoes","p2id":"elgrancrac","formatid":"gen9anythinggoes","rating":0,"private":0,"password":""}