{"id":"gen9anythinggoes-1999546584","p1":"decidueyemybeloved","p2":"Tangomann","format":"[Gen 9] Anything Goes","log":"|j|\u2606decidueyemybeloved\n|j|\u2606Tangomann\n|t:|1701094786\n|gametype|singles\n|player|p1|decidueyemybeloved|policeman-gen4|1000\n|player|p2|Tangomann|266|1100\n|teamsize|p1|6\n|teamsize|p2|6\n|gen|9\n|tier|[Gen 9] Anything Goes\n|rated|\n|rule|HP Percentage Mod: HP is shown in percentages\n|rule|Endless Battle Clause: Forcing endless battles is banned\n|clearpoke\n|poke|p1|Zangoose, M|\n|poke|p1|Iron Hands|\n|poke|p1|Calyrex-Shadow|\n|poke|p1|Regieleki|\n|poke|p1|Talonflame, M|\n|poke|p1|Palafin, M|\n|poke|p2|Groudon|\n|poke|p2|Quaquaval, M|\n|poke|p2|Dunsparce, M|\n|poke|p2|Zacian-*|\n|poke|p2|Rayquaza|\n|poke|p2|Giratina-Origin|\n|teampreview\n|\n|t:|1701094790\n|start\n|switch|p1a: sweep2|Zangoose, M|100\/100\n|switch|p2a: Dunsparce|Dunsparce, M|100\/100\n|turn|1\n|\n|t:|1701094802\n|move|p1a: sweep2|Swords Dance|p1a: sweep2\n|-boost|p1a: sweep2|atk|2\n|move|p2a: Dunsparce|Coil|p2a: Dunsparce\n|-boost|p2a: Dunsparce|atk|1\n|-boost|p2a: Dunsparce|def|1\n|-boost|p2a: Dunsparce|accuracy|1\n|\n|-status|p1a: sweep2|tox|[from] item: Toxic Orb\n|upkeep\n|turn|2\n|inactive|Battle timer is ON: inactive players will automatically lose when time's up. (requested by Tangomann)\n|\n|t:|1701094840\n|move|p1a: sweep2|Baton Pass|p1a: sweep2\n|\n|t:|1701094844\n|switch|p1a: sweep but help|Calyrex-Shadow|100\/100|[from] Baton Pass\n|-ability|p1a: sweep but help|As One\n|-ability|p1a: sweep but help|Unnerve\n|move|p2a: Dunsparce|Coil|p2a: Dunsparce\n|-boost|p2a: Dunsparce|atk|1\n|-boost|p2a: Dunsparce|def|1\n|-boost|p2a: Dunsparce|accuracy|1\n|\n|upkeep\n|turn|3\n|\n|t:|1701094861\n|move|p1a: sweep but help|Baton Pass|p1a: sweep but help\n|\n|t:|1701094864\n|switch|p1a: mid!!|Palafin, M|100\/100|[from] Baton Pass\n|move|p2a: Dunsparce|Agility|p2a: Dunsparce\n|-boost|p2a: Dunsparce|spe|2\n|\n|upkeep\n|turn|4\n|\n|t:|1701094882\n|move|p1a: mid!!|Flip Turn|p2a: Dunsparce\n|-damage|p2a: Dunsparce|84\/100\n|\n|t:|1701094887\n|detailschange|p1a: mid!!|Palafin-Hero, M\n|switch|p1a: sweep2|Zangoose, M|100\/100 tox|[from] Flip Turn\n|move|p2a: Dunsparce|Baton Pass|p2a: Dunsparce\n|inactive|Tangomann has 120 seconds left.\n|\n|t:|1701094917\n|switch|p2a: BOOGEYMAN|Rayquaza, shiny|100\/100|[from] Baton Pass\n|-ability|p2a: BOOGEYMAN|Air Lock\n|\n|-damage|p1a: sweep2|94\/100 tox|[from] psn\n|upkeep\n|turn|5\n|\n|t:|1701094926\n|-terastallize|p2a: BOOGEYMAN|Normal\n|move|p2a: BOOGEYMAN|Extreme Speed|p1a: sweep2\n|-damage|p1a: sweep2|0 fnt\n|faint|p1a: sweep2\n|\n|upkeep\n|\n|t:|1701094941\n|switch|p1a: mid!!|Palafin-Hero, M|100\/100\n|-activate|p1a: mid!!|ability: Zero to Hero\n|turn|6\n|\n|t:|1701094956\n|move|p2a: BOOGEYMAN|Extreme Speed|p1a: mid!!\n|-damage|p1a: mid!!|9\/100\n|move|p1a: mid!!|Waterfall|p2a: BOOGEYMAN\n|-damage|p2a: BOOGEYMAN|51\/100\n|\n|upkeep\n|turn|7\n|\n|t:|1701094965\n|move|p2a: BOOGEYMAN|Iron Head|p1a: mid!!\n|-resisted|p1a: mid!!\n|-damage|p1a: mid!!|0 fnt\n|faint|p1a: mid!!\n|\n|upkeep\n|\n|t:|1701094971\n|switch|p1a: sweep1|Regieleki|100\/100\n|turn|8\n|\n|t:|1701094977\n|move|p2a: BOOGEYMAN|Extreme Speed|p1a: sweep1\n|-damage|p1a: sweep1|0 fnt\n|faint|p1a: sweep1\n|\n|upkeep\n|\n|t:|1701094983\n|switch|p1a: stolen|Iron Hands|100\/100\n|-enditem|p1a: stolen|Booster Energy\n|-activate|p1a: stolen|ability: Quark Drive|[fromitem]\n|-start|p1a: stolen|quarkdriveatk\n|turn|9\n|\n|t:|1701094999\n|move|p1a: stolen|Fake Out|p2a: BOOGEYMAN\n|-damage|p2a: BOOGEYMAN|38\/100\n|cant|p2a: BOOGEYMAN|flinch\n|\n|upkeep\n|turn|10\n|\n|t:|1701095011\n|move|p2a: BOOGEYMAN|Dragon Claw|p1a: stolen\n|-damage|p1a: stolen|39\/100\n|move|p1a: stolen|Thunder Punch|p2a: BOOGEYMAN\n|-damage|p2a: BOOGEYMAN|5\/100\n|\n|upkeep\n|turn|11\n|\n|t:|1701095020\n|move|p2a: BOOGEYMAN|Extreme Speed|p1a: stolen\n|-damage|p1a: stolen|0 fnt\n|faint|p1a: stolen\n|-end|p1a: stolen|Quark Drive|[silent]\n|\n|upkeep\n|\n|t:|1701095024\n|switch|p1a: sweep but help|Calyrex-Shadow|100\/100\n|-ability|p1a: sweep but help|As One\n|-ability|p1a: sweep but help|Unnerve\n|turn|12\n|\n|t:|1701095045\n|move|p2a: BOOGEYMAN|Stone Edge|p1a: sweep but help\n|-damage|p1a: sweep but help|30\/100\n|move|p1a: sweep but help|Hex|p2a: BOOGEYMAN\n|-immune|p2a: BOOGEYMAN\n|\n|upkeep\n|turn|13\n|\n|t:|1701095058\n|move|p2a: BOOGEYMAN|Dragon Claw|p1a: sweep but help\n|-damage|p1a: sweep but help|0 fnt\n|faint|p1a: sweep but help\n|\n|upkeep\n|\n|t:|1701095062\n|switch|p1a: beloved|Talonflame, M, shiny|100\/100\n|turn|14\n|\n|t:|1701095067\n|move|p2a: BOOGEYMAN|Extreme Speed|p1a: beloved\n|-damage|p1a: beloved|0 fnt\n|faint|p1a: beloved\n|\n|win|Tangomann\n|raw|decidueyemybeloved's rating: 1000 &rarr; <strong>1000<\/strong><br \/>(+0 for losing)\n|raw|Tangomann's rating: 1100 &rarr; <strong>1118<\/strong><br \/>(+18 for winning)\n|c|\u2606decidueyemybeloved|damn\n|c|\u2606decidueyemybeloved|i messed up\n","uploadtime":1701095078,"views":0,"p1id":"decidueyemybeloved","p2id":"tangomann","formatid":"gen9anythinggoes","rating":1000,"private":0,"password":""}