{"id":"gen9anythinggoes-1971813075","p1":"linkthecat01","p2":"MarceloMonotype","format":"[Gen 9] Anything Goes","log":"|j|\u2606linkthecat01\n|j|\u2606MarceloMonotype\n|t:|1697775534\n|gametype|singles\n|player|p1|linkthecat01|101|1227\n|player|p2|MarceloMonotype|wattson|1340\n|teamsize|p1|6\n|teamsize|p2|6\n|gen|9\n|tier|[Gen 9] Anything Goes\n|rated|\n|rule|HP Percentage Mod: HP is shown in percentages\n|rule|Endless Battle Clause: Forcing endless battles is banned\n|clearpoke\n|poke|p1|Regieleki|\n|poke|p1|Espathra, M|\n|poke|p1|Ursaluna-Bloodmoon, M|\n|poke|p1|Drifblim, F|\n|poke|p1|Dragapult, M|\n|poke|p1|Chien-Pao|\n|poke|p2|Iron Valiant|\n|poke|p2|Magearna|\n|poke|p2|Gardevoir, M|\n|poke|p2|Hatterene, F|\n|poke|p2|Diancie|\n|poke|p2|Scream Tail|\n|teampreview\n|inactive|Battle timer is ON: inactive players will automatically lose when time's up. (requested by linkthecat01)\n|inactive|MarceloMonotype also wants the timer to be on.\n|\n|t:|1697775544\n|start\n|switch|p1a: Regieleki|Regieleki|100\/100\n|switch|p2a: Hypno|Scream Tail|100\/100\n|-enditem|p2a: Hypno|Booster Energy\n|-activate|p2a: Hypno|ability: Protosynthesis|[fromitem]\n|-start|p2a: Hypno|protosynthesisspe\n|turn|1\n|\n|t:|1697775548\n|move|p2a: Hypno|Reflect|p2a: Hypno\n|-sidestart|p2: MarceloMonotype|Reflect\n|move|p1a: Regieleki|Explosion|p2a: Hypno\n|-enditem|p1a: Regieleki|Normal Gem|[from] gem\n|-damage|p2a: Hypno|62\/100\n|faint|p1a: Regieleki\n|\n|upkeep\n|\n|t:|1697775554\n|switch|p1a: Drifblim|Drifblim, F|100\/100\n|turn|2\n|\n|t:|1697775557\n|move|p2a: Hypno|Thunder Wave|p1a: Drifblim\n|-status|p1a: Drifblim|par\n|move|p1a: Drifblim|Minimize|p1a: Drifblim\n|-boost|p1a: Drifblim|evasion|2\n|\n|upkeep\n|turn|3\n|\n|t:|1697775561\n|move|p2a: Hypno|Perish Song|p2a: Hypno\n|-start|p1a: Drifblim|perish3|[silent]\n|-start|p2a: Hypno|perish3|[silent]\n|-fieldactivate|move: Perish Song\n|move|p1a: Drifblim|Minimize|p1a: Drifblim\n|-boost|p1a: Drifblim|evasion|2\n|\n|-start|p2a: Hypno|perish3\n|-start|p1a: Drifblim|perish3\n|upkeep\n|turn|4\n|\n|t:|1697775569\n|-end|p2a: Hypno|Protosynthesis|[silent]\n|switch|p2a: Aphrodite|Magearna|100\/100\n|move|p1a: Drifblim|Stored Power|p2a: Aphrodite\n|-resisted|p2a: Aphrodite\n|-damage|p2a: Aphrodite|89\/100\n|\n|-heal|p2a: Aphrodite|95\/100|[from] item: Leftovers\n|-start|p1a: Drifblim|perish2\n|upkeep\n|turn|5\n|\n|t:|1697775574\n|move|p2a: Aphrodite|Calm Mind|p2a: Aphrodite\n|-boost|p2a: Aphrodite|spa|1\n|-boost|p2a: Aphrodite|spd|1\n|cant|p1a: Drifblim|par\n|\n|-heal|p2a: Aphrodite|100\/100|[from] item: Leftovers\n|-start|p1a: Drifblim|perish1\n|-sideend|p2: MarceloMonotype|Reflect\n|upkeep\n|turn|6\n|\n|t:|1697775580\n|switch|p1a: Espathra|Espathra, M|100\/100\n|move|p2a: Aphrodite|Calm Mind|p2a: Aphrodite\n|-boost|p2a: Aphrodite|spa|1\n|-boost|p2a: Aphrodite|spd|1\n|-ability|p1a: Espathra|Opportunist|boost\n|-boost|p1a: Espathra|spa|1\n|-boost|p1a: Espathra|spd|1\n|\n|upkeep\n|turn|7\n|\n|t:|1697775586\n|-terastallize|p1a: Espathra|Normal\n|move|p1a: Espathra|Lumina Crash|p2a: Aphrodite\n|-resisted|p2a: Aphrodite\n|-damage|p2a: Aphrodite|90\/100\n|-unboost|p2a: Aphrodite|spd|2\n|move|p2a: Aphrodite|Calm Mind|p2a: Aphrodite\n|-boost|p2a: Aphrodite|spa|1\n|-boost|p2a: Aphrodite|spd|1\n|-ability|p1a: Espathra|Opportunist|boost\n|-boost|p1a: Espathra|spa|1\n|-boost|p1a: Espathra|spd|1\n|\n|-heal|p2a: Aphrodite|96\/100|[from] item: Leftovers\n|upkeep\n|turn|8\n|\n|t:|1697775595\n|move|p1a: Espathra|Lumina Crash|p2a: Aphrodite\n|-resisted|p2a: Aphrodite\n|-damage|p2a: Aphrodite|78\/100\n|-unboost|p2a: Aphrodite|spd|2\n|move|p2a: Aphrodite|Baton Pass|p2a: Aphrodite\n|c|\u2606linkthecat01|Nuh uh\n|\n|t:|1697775600\n|switch|p2a: Nix|Hatterene, F, shiny|100\/100|[from] Baton Pass\n|\n|upkeep\n|turn|9\n|\n|t:|1697775607\n|move|p1a: Espathra|Lumina Crash|p2a: Nix\n|-resisted|p2a: Nix\n|-damage|p2a: Nix|49\/100\n|-unboost|p2a: Nix|spd|2\n|move|p2a: Nix|Stored Power|p1a: Espathra\n|-damage|p1a: Espathra|8\/100\n|-enditem|p1a: Espathra|Aguav Berry|[eat]\n|-heal|p1a: Espathra|41\/100|[from] item: Aguav Berry\n|\n|upkeep\n|turn|10\n|\n|t:|1697775617\n|-terastallize|p2a: Nix|Dark\n|move|p1a: Espathra|Lumina Crash|p2a: Nix\n|-immune|p2a: Nix\n|move|p2a: Nix|Baton Pass|p2a: Nix\n|\n|t:|1697775622\n|switch|p2a: Ares|Iron Valiant|100\/100|[from] Baton Pass\n|-enditem|p2a: Ares|Booster Energy\n|-activate|p2a: Ares|ability: Quark Drive|[fromitem]\n|-start|p2a: Ares|quarkdrivespa\n|\n|upkeep\n|turn|11\n|\n|t:|1697775626\n|move|p2a: Ares|Aura Sphere|p1a: Espathra\n|-supereffective|p1a: Espathra\n|-damage|p1a: Espathra|0 fnt\n|faint|p1a: Espathra\n|\n|upkeep\n|\n|t:|1697775630\n|switch|p1a: Chien-Pao|Chien-Pao|100\/100\n|-ability|p1a: Chien-Pao|Sword of Ruin\n|turn|12\n|\n|t:|1697775633\n|move|p1a: Chien-Pao|Haze|p1a: Chien-Pao\n|-clearallboost\n|move|p2a: Ares|Aura Sphere|p1a: Chien-Pao\n|-supereffective|p1a: Chien-Pao\n|-damage|p1a: Chien-Pao|0 fnt\n|faint|p1a: Chien-Pao\n|\n|upkeep\n|\n|t:|1697775636\n|switch|p1a: Drifblim|Drifblim, F|100\/100 par\n|turn|13\n|\n|t:|1697775639\n|move|p2a: Ares|Hex|p1a: Drifblim\n|-supereffective|p1a: Drifblim\n|-enditem|p1a: Drifblim|Focus Sash\n|-damage|p1a: Drifblim|1\/100 par\n|move|p1a: Drifblim|Minimize|p1a: Drifblim\n|-boost|p1a: Drifblim|evasion|2\n|\n|upkeep\n|turn|14\n|\n|t:|1697775645\n|move|p2a: Ares|Hex|p1a: Drifblim\n|-supereffective|p1a: Drifblim\n|-damage|p1a: Drifblim|0 fnt\n|faint|p1a: Drifblim\n|\n|upkeep\n|\n|t:|1697775647\n|switch|p1a: Dragapult|Dragapult, M|100\/100\n|turn|15\n|\n|t:|1697775650\n|move|p1a: Dragapult|Phantom Force||[still]\n|-prepare|p1a: Dragapult|Phantom Force\n|move|p2a: Ares|Hex|p1a: Dragapult|[miss]\n|-miss|p2a: Ares|p1a: Dragapult\n|\n|upkeep\n|turn|16\n|\n|t:|1697775654\n|move|p1a: Dragapult|Phantom Force|p2a: Ares|[from]lockedmove\n|-damage|p2a: Ares|43\/100\n|move|p2a: Ares|Hex|p1a: Dragapult\n|-supereffective|p1a: Dragapult\n|-damage|p1a: Dragapult|26\/100\n|\n|upkeep\n|turn|17\n|\n|t:|1697775659\n|move|p1a: Dragapult|Phantom Force||[still]\n|-prepare|p1a: Dragapult|Phantom Force\n|move|p2a: Ares|Hex|p1a: Dragapult|[miss]\n|-miss|p2a: Ares|p1a: Dragapult\n|\n|upkeep\n|turn|18\n|\n|t:|1697775663\n|move|p1a: Dragapult|Phantom Force|p2a: Ares|[from]lockedmove\n|-damage|p2a: Ares|0 fnt\n|faint|p2a: Ares\n|-end|p2a: Ares|Quark Drive|[silent]\n|\n|upkeep\n|\n|t:|1697775666\n|switch|p2a: Hypno|Scream Tail|62\/100\n|turn|19\n|\n|t:|1697775671\n|move|p1a: Dragapult|Sucker Punch||[still]\n|-fail|p1a: Dragapult\n|move|p2a: Hypno|Reflect|p2a: Hypno\n|-sidestart|p2: MarceloMonotype|Reflect\n|\n|upkeep\n|turn|20\n|\n|t:|1697775674\n|move|p1a: Dragapult|Sucker Punch||[still]\n|-fail|p1a: Dragapult\n|move|p2a: Hypno|Thunder Wave|p1a: Dragapult\n|-status|p1a: Dragapult|par\n|\n|upkeep\n|turn|21\n|\n|t:|1697775676\n|move|p1a: Dragapult|Sucker Punch||[still]\n|-fail|p1a: Dragapult\n|move|p2a: Hypno|Perish Song|p2a: Hypno\n|-start|p1a: Dragapult|perish3|[silent]\n|-start|p2a: Hypno|perish3|[silent]\n|-fieldactivate|move: Perish Song\n|\n|-start|p2a: Hypno|perish3\n|-start|p1a: Dragapult|perish3\n|upkeep\n|turn|22\n|\n|t:|1697775678\n|move|p1a: Dragapult|Sucker Punch||[still]\n|-fail|p1a: Dragapult\n|move|p2a: Hypno|Light Screen|p2a: Hypno\n|-sidestart|p2: MarceloMonotype|move: Light Screen\n|\n|-start|p2a: Hypno|perish2\n|-start|p1a: Dragapult|perish2\n|upkeep\n|turn|23\n|\n|t:|1697775681\n|-end|p2a: Hypno|Protosynthesis|[silent]\n|switch|p2a: Athena|Gardevoir, M|100\/100\n|cant|p1a: Dragapult|par\n|\n|-start|p1a: Dragapult|perish1\n|-sideend|p2: MarceloMonotype|Reflect\n|upkeep\n|turn|24\n|\n|t:|1697775688\n|switch|p1a: Ursaluna|Ursaluna-Bloodmoon, M|100\/100\n|move|p2a: Athena|Draining Kiss|p1a: Ursaluna\n|-damage|p1a: Ursaluna|77\/100\n|\n|upkeep\n|turn|25\n|-message|linkthecat01 forfeited.\n|\n|win|MarceloMonotype\n|raw|linkthecat01's rating: 1227 &rarr; <strong>1210<\/strong><br \/>(-17 for losing)\n|raw|MarceloMonotype's rating: 1340 &rarr; <strong>1354<\/strong><br \/>(+14 for winning)\n|l|\u2606linkthecat01\n","uploadtime":1697775699,"views":9,"p1id":"linkthecat01","p2id":"marcelomonotype","formatid":"gen9anythinggoes","rating":1210,"private":0,"password":""}