{"id":"gen9anythinggoes-1983783010","p1":"haozisss","p2":"Mesprit20","format":"[Gen 9] Anything Goes","log":"|j|\u2606haozisss\n|j|\u2606Mesprit20\n|t:|1699180191\n|gametype|singles\n|player|p1|haozisss|265|1108\n|player|p2|Mesprit20|gentleman-gen4|1164\n|teamsize|p1|6\n|teamsize|p2|6\n|gen|9\n|tier|[Gen 9] Anything Goes\n|rated|\n|rule|HP Percentage Mod: HP is shown in percentages\n|rule|Endless Battle Clause: Forcing endless battles is banned\n|clearpoke\n|poke|p1|Ceruledge, M|\n|poke|p1|Eternatus|\n|poke|p1|Iron Valiant|\n|poke|p1|Calyrex-Shadow|\n|poke|p1|Espathra, F|\n|poke|p1|Rayquaza|\n|poke|p2|Ceruledge, M|\n|poke|p2|Basculegion, M|\n|poke|p2|Gengar, M|\n|poke|p2|Jirachi|\n|poke|p2|Drifblim, M|\n|poke|p2|Drifblim, F|\n|teampreview\n|inactive|Battle timer is ON: inactive players will automatically lose when time's up. (requested by Mesprit20)\n|\n|t:|1699180198\n|start\n|switch|p1a: Espathra|Espathra, F, shiny|100\/100\n|switch|p2a: Drifblim|Drifblim, M|100\/100\n|turn|1\n|\n|t:|1699180207\n|move|p1a: Espathra|Substitute|p1a: Espathra\n|-start|p1a: Espathra|Substitute\n|-damage|p1a: Espathra|76\/100\n|move|p2a: Drifblim|Minimize|p2a: Drifblim\n|-boost|p2a: Drifblim|evasion|2\n|\n|-ability|p1a: Espathra|Speed Boost|boost\n|-boost|p1a: Espathra|spe|1\n|upkeep\n|turn|2\n|\n|t:|1699180220\n|move|p1a: Espathra|Calm Mind|p1a: Espathra\n|-boost|p1a: Espathra|spa|1\n|-boost|p1a: Espathra|spd|1\n|move|p2a: Drifblim|Minimize|p2a: Drifblim\n|-boost|p2a: Drifblim|evasion|2\n|\n|-ability|p1a: Espathra|Speed Boost|boost\n|-boost|p1a: Espathra|spe|1\n|upkeep\n|turn|3\n|\n|t:|1699180230\n|move|p1a: Espathra|Calm Mind|p1a: Espathra\n|-boost|p1a: Espathra|spa|1\n|-boost|p1a: Espathra|spd|1\n|move|p2a: Drifblim|Minimize|p2a: Drifblim\n|-boost|p2a: Drifblim|evasion|2\n|\n|-ability|p1a: Espathra|Speed Boost|boost\n|-boost|p1a: Espathra|spe|1\n|upkeep\n|turn|4\n|\n|t:|1699180239\n|move|p1a: Espathra|Calm Mind|p1a: Espathra\n|-boost|p1a: Espathra|spa|1\n|-boost|p1a: Espathra|spd|1\n|move|p2a: Drifblim|Amnesia|p2a: Drifblim\n|-boost|p2a: Drifblim|spd|2\n|\n|-ability|p1a: Espathra|Speed Boost|boost\n|-boost|p1a: Espathra|spe|1\n|upkeep\n|turn|5\n|\n|t:|1699180248\n|move|p1a: Espathra|Calm Mind|p1a: Espathra\n|-boost|p1a: Espathra|spa|1\n|-boost|p1a: Espathra|spd|1\n|move|p2a: Drifblim|Amnesia|p2a: Drifblim\n|-boost|p2a: Drifblim|spd|2\n|\n|-ability|p1a: Espathra|Speed Boost|boost\n|-boost|p1a: Espathra|spe|1\n|upkeep\n|turn|6\n|\n|t:|1699180258\n|move|p1a: Espathra|Baton Pass|p1a: Espathra\n|\n|t:|1699180276\n|switch|p1a: Ceruledge|Ceruledge, M, shiny|100\/100|[from] Baton Pass\n|move|p2a: Drifblim|Amnesia|p2a: Drifblim\n|-boost|p2a: Drifblim|spd|2\n|\n|upkeep\n|turn|7\n|\n|t:|1699180289\n|move|p1a: Ceruledge|Shadow Claw|p2a: Drifblim|[miss]\n|-miss|p1a: Ceruledge|p2a: Drifblim\n|move|p2a: Drifblim|Baton Pass|p2a: Drifblim\n|\n|t:|1699180294\n|switch|p2a: Jirachi|Jirachi|100\/100|[from] Baton Pass\n|\n|upkeep\n|turn|8\n|l|\u2606haozisss\n|inactive|haozisss disconnected and has a minute to reconnect!\n|player|p1|\n|inactive|haozisss has 30 seconds to reconnect!\n|j|\u2606haozisss\n|inactive|haozisss reconnected and has 95 seconds left.\n|player|p1|haozisss|265\n|inactive|haozisss has 90 seconds left.\n|\n|t:|1699180357\n|move|p1a: Ceruledge|Bitter Blade|p2a: Jirachi|[miss]\n|-miss|p1a: Ceruledge|p2a: Jirachi\n|move|p2a: Jirachi|Iron Defense|p2a: Jirachi\n|-boost|p2a: Jirachi|def|2\n|\n|upkeep\n|turn|9\n|\n|t:|1699180374\n|move|p1a: Ceruledge|Bitter Blade|p2a: Jirachi\n|-supereffective|p2a: Jirachi\n|-damage|p2a: Jirachi|51\/100\n|-damage|p1a: Ceruledge|91\/100|[from] item: Life Orb\n|move|p2a: Jirachi|Iron Defense|p2a: Jirachi\n|-boost|p2a: Jirachi|def|2\n|\n|-heal|p2a: Jirachi|58\/100|[from] item: Leftovers\n|upkeep\n|turn|10\n|\n|t:|1699180385\n|move|p1a: Ceruledge|Bulk Up|p1a: Ceruledge\n|-boost|p1a: Ceruledge|atk|1\n|-boost|p1a: Ceruledge|def|1\n|move|p2a: Jirachi|Charge Beam|p1a: Ceruledge\n|-activate|p1a: Ceruledge|move: Substitute|[damage]\n|-boost|p2a: Jirachi|spa|1\n|\n|-heal|p2a: Jirachi|64\/100|[from] item: Leftovers\n|upkeep\n|turn|11\n|\n|t:|1699180395\n|move|p1a: Ceruledge|Bulk Up|p1a: Ceruledge\n|-boost|p1a: Ceruledge|atk|1\n|-boost|p1a: Ceruledge|def|1\n|move|p2a: Jirachi|Charge Beam|p1a: Ceruledge\n|-activate|p1a: Ceruledge|move: Substitute|[damage]\n|-boost|p2a: Jirachi|spa|1\n|\n|-heal|p2a: Jirachi|70\/100|[from] item: Leftovers\n|upkeep\n|turn|12\n|\n|t:|1699180418\n|move|p1a: Ceruledge|Bitter Blade|p2a: Jirachi\n|-supereffective|p2a: Jirachi\n|-damage|p2a: Jirachi|2\/100\n|-heal|p1a: Ceruledge|100\/100|[from] drain|[of] p2a: Jirachi\n|-damage|p1a: Ceruledge|91\/100|[from] item: Life Orb\n|move|p2a: Jirachi|Charge Beam|p1a: Ceruledge|[miss]\n|-miss|p2a: Jirachi|p1a: Ceruledge\n|\n|-heal|p2a: Jirachi|9\/100|[from] item: Leftovers\n|upkeep\n|turn|13\n|\n|t:|1699180435\n|move|p1a: Ceruledge|Bitter Blade|p2a: Jirachi|[miss]\n|-miss|p1a: Ceruledge|p2a: Jirachi\n|move|p2a: Jirachi|Baton Pass|p2a: Jirachi\n|\n|t:|1699180447\n|switch|p2a: Gengar|Gengar, M|100\/100|[from] Baton Pass\n|\n|upkeep\n|turn|14\n|\n|t:|1699180460\n|move|p1a: Ceruledge|Shadow Claw|p2a: Gengar|[miss]\n|-miss|p1a: Ceruledge|p2a: Gengar\n|move|p2a: Gengar|Clear Smog|p1a: Ceruledge\n|-resisted|p1a: Ceruledge\n|-activate|p1a: Ceruledge|move: Substitute|[damage]\n|\n|upkeep\n|turn|15\n|\n|t:|1699180469\n|move|p1a: Ceruledge|Shadow Claw|p2a: Gengar|[miss]\n|-miss|p1a: Ceruledge|p2a: Gengar\n|move|p2a: Gengar|Shadow Ball|p1a: Ceruledge\n|-supereffective|p1a: Ceruledge\n|-end|p1a: Ceruledge|Substitute\n|\n|upkeep\n|turn|16\n|\n|t:|1699180478\n|move|p1a: Ceruledge|Shadow Claw|p2a: Gengar|[miss]\n|-miss|p1a: Ceruledge|p2a: Gengar\n|move|p2a: Gengar|Clear Smog|p1a: Ceruledge\n|-resisted|p1a: Ceruledge\n|-damage|p1a: Ceruledge|81\/100\n|-clearboost|p1a: Ceruledge\n|\n|upkeep\n|turn|17\n|\n|t:|1699180490\n|move|p2a: Gengar|Shadow Ball|p1a: Ceruledge\n|-supereffective|p1a: Ceruledge\n|-damage|p1a: Ceruledge|0 fnt\n|faint|p1a: Ceruledge\n|\n|upkeep\n|\n|t:|1699180495\n|switch|p1a: Espathra|Espathra, F, shiny|76\/100\n|turn|18\n|\n|t:|1699180505\n|move|p1a: Espathra|Protect|p1a: Espathra\n|-singleturn|p1a: Espathra|Protect\n|move|p2a: Gengar|Shadow Ball|p1a: Espathra\n|-activate|p1a: Espathra|move: Protect\n|\n|-ability|p1a: Espathra|Speed Boost|boost\n|-boost|p1a: Espathra|spe|1\n|upkeep\n|turn|19\n|\n|t:|1699180514\n|move|p1a: Espathra|Substitute|p1a: Espathra\n|-start|p1a: Espathra|Substitute\n|-damage|p1a: Espathra|51\/100\n|move|p2a: Gengar|Shadow Ball|p1a: Espathra\n|-supereffective|p1a: Espathra\n|-end|p1a: Espathra|Substitute\n|\n|-ability|p1a: Espathra|Speed Boost|boost\n|-boost|p1a: Espathra|spe|1\n|upkeep\n|turn|20\n|\n|t:|1699180524\n|move|p1a: Espathra|Protect|p1a: Espathra\n|-singleturn|p1a: Espathra|Protect\n|move|p2a: Gengar|Shadow Ball|p1a: Espathra\n|-activate|p1a: Espathra|move: Protect\n|\n|-ability|p1a: Espathra|Speed Boost|boost\n|-boost|p1a: Espathra|spe|1\n|upkeep\n|turn|21\n|\n|t:|1699180533\n|move|p1a: Espathra|Substitute|p1a: Espathra\n|-start|p1a: Espathra|Substitute\n|-damage|p1a: Espathra|26\/100\n|move|p2a: Gengar|Clear Smog|p1a: Espathra\n|-end|p1a: Espathra|Substitute\n|\n|-ability|p1a: Espathra|Speed Boost|boost\n|-boost|p1a: Espathra|spe|1\n|upkeep\n|turn|22\n|\n|t:|1699180542\n|move|p1a: Espathra|Protect|p1a: Espathra\n|-singleturn|p1a: Espathra|Protect\n|move|p2a: Gengar|Clear Smog|p1a: Espathra\n|-activate|p1a: Espathra|move: Protect\n|\n|-ability|p1a: Espathra|Speed Boost|boost\n|-boost|p1a: Espathra|spe|1\n|upkeep\n|turn|23\n|\n|t:|1699180551\n|move|p1a: Espathra|Baton Pass|p1a: Espathra\n|\n|t:|1699180563\n|switch|p1a: Rayquaza|Rayquaza, shiny|100\/100|[from] Baton Pass\n|-ability|p1a: Rayquaza|Air Lock\n|move|p2a: Gengar|Clear Smog|p1a: Rayquaza\n|-damage|p1a: Rayquaza|43\/100\n|-clearboost|p1a: Rayquaza\n|\n|upkeep\n|turn|24\n|\n|t:|1699180577\n|move|p1a: Rayquaza|Extreme Speed|p2a: Gengar\n|-immune|p2a: Gengar\n|move|p2a: Gengar|Dazzling Gleam|p1a: Rayquaza\n|-supereffective|p1a: Rayquaza\n|-damage|p1a: Rayquaza|0 fnt\n|faint|p1a: Rayquaza\n|\n|upkeep\n|\n|t:|1699180586\n|switch|p1a: WorldEnder|Calyrex-Shadow|100\/100\n|-ability|p1a: WorldEnder|As One\n|-ability|p1a: WorldEnder|Unnerve\n|turn|25\n|\n|t:|1699180597\n|move|p1a: WorldEnder|Astral Barrage|p2a: Gengar|[miss]\n|-miss|p1a: WorldEnder|p2a: Gengar\n|move|p2a: Gengar|Shadow Ball|p1a: WorldEnder\n|-supereffective|p1a: WorldEnder\n|-damage|p1a: WorldEnder|0 fnt\n|faint|p1a: WorldEnder\n|\n|upkeep\n|\n|t:|1699180607\n|switch|p1a: Espathra|Espathra, F, shiny|26\/100\n|turn|26\n|\n|t:|1699180614\n|move|p1a: Espathra|Protect|p1a: Espathra\n|-singleturn|p1a: Espathra|Protect\n|move|p2a: Gengar|Clear Smog|p1a: Espathra\n|-activate|p1a: Espathra|move: Protect\n|\n|-ability|p1a: Espathra|Speed Boost|boost\n|-boost|p1a: Espathra|spe|1\n|upkeep\n|turn|27\n|\n|t:|1699180629\n|move|p1a: Espathra|Substitute|p1a: Espathra\n|-start|p1a: Espathra|Substitute\n|-damage|p1a: Espathra|1\/100\n|move|p2a: Gengar|Shadow Ball|p1a: Espathra\n|-supereffective|p1a: Espathra\n|-end|p1a: Espathra|Substitute\n|\n|-ability|p1a: Espathra|Speed Boost|boost\n|-boost|p1a: Espathra|spe|1\n|upkeep\n|turn|28\n|\n|t:|1699180639\n|move|p1a: Espathra|Baton Pass|p1a: Espathra\n|\n|t:|1699180644\n|switch|p1a: Eternatus|Eternatus, shiny|100\/100|[from] Baton Pass\n|-ability|p1a: Eternatus|Pressure\n|move|p2a: Gengar|Dazzling Gleam|p1a: Eternatus\n|-damage|p1a: Eternatus|57\/100\n|\n|-heal|p1a: Eternatus|63\/100|[from] item: Black Sludge\n|upkeep\n|turn|29\n|\n|t:|1699180657\n|move|p1a: Eternatus|Dynamax Cannon|p2a: Gengar|[miss]\n|-miss|p1a: Eternatus|p2a: Gengar\n|move|p2a: Gengar|Clear Smog|p1a: Eternatus\n|-resisted|p1a: Eternatus\n|-damage|p1a: Eternatus|41\/100\n|-clearboost|p1a: Eternatus\n|\n|-heal|p1a: Eternatus|47\/100|[from] item: Black Sludge\n|upkeep\n|turn|30\n|\n|t:|1699180668\n|move|p2a: Gengar|Shadow Ball|p1a: Eternatus\n|-damage|p1a: Eternatus|0 fnt\n|faint|p1a: Eternatus\n|\n|upkeep\n|\n|t:|1699180673\n|switch|p1a: Espathra|Espathra, F, shiny|1\/100\n|turn|31\n|\n|t:|1699180678\n|move|p1a: Espathra|Protect|p1a: Espathra\n|-singleturn|p1a: Espathra|Protect\n|move|p2a: Gengar|Clear Smog|p1a: Espathra\n|-activate|p1a: Espathra|move: Protect\n|\n|-ability|p1a: Espathra|Speed Boost|boost\n|-boost|p1a: Espathra|spe|1\n|upkeep\n|turn|32\n|\n|t:|1699180687\n|move|p1a: Espathra|Baton Pass|p1a: Espathra\n|\n|t:|1699180689\n|switch|p1a: Iron Valiant|Iron Valiant, shiny|100\/100|[from] Baton Pass\n|move|p2a: Gengar|Clear Smog|p1a: Iron Valiant\n|-supereffective|p1a: Iron Valiant\n|-damage|p1a: Iron Valiant|0 fnt\n|-clearboost|p1a: Iron Valiant\n|faint|p1a: Iron Valiant\n|-end|p1a: Iron Valiant|Quark Drive|[silent]\n|\n|upkeep\n|\n|t:|1699180697\n|switch|p1a: Espathra|Espathra, F, shiny|1\/100\n|turn|33\n|\n|t:|1699180705\n|move|p1a: Espathra|Protect|p1a: Espathra\n|-singleturn|p1a: Espathra|Protect\n|move|p2a: Gengar|Clear Smog|p1a: Espathra\n|-activate|p1a: Espathra|move: Protect\n|\n|-ability|p1a: Espathra|Speed Boost|boost\n|-boost|p1a: Espathra|spe|1\n|upkeep\n|turn|34\n|\n|t:|1699180716\n|-terastallize|p1a: Espathra|Psychic\n|move|p1a: Espathra|Calm Mind|p1a: Espathra\n|-boost|p1a: Espathra|spa|1\n|-boost|p1a: Espathra|spd|1\n|move|p2a: Gengar|Shadow Ball|p1a: Espathra\n|-supereffective|p1a: Espathra\n|-damage|p1a: Espathra|0 fnt\n|faint|p1a: Espathra\n|\n|win|Mesprit20\n|raw|haozisss's rating: 1108 &rarr; <strong>1087<\/strong><br \/>(-21 for losing)\n|raw|Mesprit20's rating: 1164 &rarr; <strong>1185<\/strong><br \/>(+21 for winning)\n|l|\u2606haozisss\n","uploadtime":1699180729,"views":7,"p1id":"haozisss","p2id":"mesprit20","formatid":"gen9anythinggoes","rating":1087,"private":0,"password":""}