{"id":"gen9anythinggoes-1994839111","p1":"Brenzino","p2":"kowtow kleabe","format":"[Gen 9] Anything Goes","log":"|j|\u2606Brenzino\n|j|\u2606kowtow kleabe\n|t:|1700497519\n|gametype|singles\n|player|p1|Brenzino|pokemaniac|\n|player|p2|kowtow kleabe|swimmerf-gen4|\n|teamsize|p1|6\n|teamsize|p2|6\n|gen|9\n|tier|[Gen 9] Anything Goes\n|rule|HP Percentage Mod: HP is shown in percentages\n|rule|Endless Battle Clause: Forcing endless battles is banned\n|clearpoke\n|poke|p1|Cresselia, F|\n|poke|p1|Landorus-Therian, M|\n|poke|p1|Slaking, F|\n|poke|p1|Samurott-Hisui, M|\n|poke|p1|Clodsire, M|\n|poke|p1|Cloyster, F|\n|poke|p2|Inteleon, M|\n|poke|p2|Weavile, F|\n|poke|p2|Decidueye, F|\n|poke|p2|Rillaboom, F|\n|poke|p2|Infernape, M|\n|poke|p2|Morpeko, F|\n|teampreview\n|\n|t:|1700497524\n|start\n|switch|p1a: Samurott|Samurott-Hisui, M|100\/100\n|switch|p2a: Morpeko|Morpeko, F|100\/100\n|turn|1\n|\n|t:|1700497538\n|move|p2a: Morpeko|Fake Out|p1a: Samurott\n|-damage|p1a: Samurott|87\/100\n|cant|p1a: Samurott|flinch\n|\n|-formechange|p2a: Morpeko|Morpeko-Hangry||[from] ability: Hunger Switch\n|upkeep\n|turn|2\n|\n|t:|1700497545\n|move|p2a: Morpeko|Protect|p2a: Morpeko\n|-singleturn|p2a: Morpeko|Protect\n|move|p1a: Samurott|Sacred Sword|p2a: Morpeko\n|-activate|p2a: Morpeko|move: Protect\n|\n|-formechange|p2a: Morpeko|Morpeko||[from] ability: Hunger Switch\n|upkeep\n|turn|3\n|\n|t:|1700497555\n|move|p1a: Samurott|Sacred Sword|p2a: Morpeko\n|-supereffective|p2a: Morpeko\n|-damage|p2a: Morpeko|0 fnt\n|faint|p2a: Morpeko\n|\n|upkeep\n|\n|t:|1700497568\n|switch|p2a: Rillaboom|Rillaboom, F|100\/100\n|-fieldstart|move: Grassy Terrain|[from] ability: Grassy Surge|[of] p2a: Rillaboom\n|turn|4\n|\n|t:|1700497578\n|switch|p1a: Cloyster|Cloyster, F|100\/100\n|move|p2a: Rillaboom|Grassy Glide|p1a: Cloyster\n|-supereffective|p1a: Cloyster\n|-damage|p1a: Cloyster|41\/100\n|\n|-heal|p1a: Cloyster|47\/100|[from] Grassy Terrain\n|upkeep\n|turn|5\n|\n|t:|1700497585\n|move|p2a: Rillaboom|Grassy Glide|p1a: Cloyster\n|-supereffective|p1a: Cloyster\n|-damage|p1a: Cloyster|0 fnt\n|faint|p1a: Cloyster\n|\n|upkeep\n|\n|t:|1700497588\n|switch|p1a: Slaking|Slaking, F|100\/100\n|turn|6\n|\n|t:|1700497593\n|move|p1a: Slaking|Fire Blast|p2a: Rillaboom\n|-supereffective|p2a: Rillaboom\n|-damage|p2a: Rillaboom|42\/100\n|-enditem|p2a: Rillaboom|Eject Button\n|\n|t:|1700497601\n|switch|p2a: Decidueye|Decidueye, F|100\/100\n|-enditem|p2a: Decidueye|Grassy Seed\n|-boost|p2a: Decidueye|def|1|[from] item: Grassy Seed\n|\n|upkeep\n|turn|7\n|\n|t:|1700497618\n|cant|p1a: Slaking|ability: Truant\n|move|p2a: Decidueye|Swords Dance|p2a: Decidueye\n|-boost|p2a: Decidueye|atk|2\n|\n|upkeep\n|turn|8\n|\n|t:|1700497626\n|-terastallize|p2a: Decidueye|Flying\n|move|p1a: Slaking|Giga Impact|p2a: Decidueye\n|-damage|p2a: Decidueye|20\/100\n|-mustrecharge|p1a: Slaking\n|move|p2a: Decidueye|Leaf Blade|p1a: Slaking\n|-damage|p1a: Slaking|32\/100\n|\n|-heal|p1a: Slaking|38\/100|[from] Grassy Terrain\n|-fieldend|move: Grassy Terrain\n|upkeep\n|turn|9\n|\n|t:|1700497643\n|cant|p1a: Slaking|recharge\n|move|p2a: Decidueye|Acrobatics|p1a: Slaking\n|-damage|p1a: Slaking|0 fnt\n|faint|p1a: Slaking\n|\n|upkeep\n|\n|t:|1700497648\n|switch|p1a: Landorus|Landorus-Therian, M|100\/100\n|-ability|p1a: Landorus|Intimidate|boost\n|-unboost|p2a: Decidueye|atk|1\n|turn|10\n|\n|t:|1700497665\n|move|p1a: Landorus|Crunch|p2a: Decidueye\n|-damage|p2a: Decidueye|0 fnt\n|faint|p2a: Decidueye\n|-damage|p1a: Landorus|91\/100|[from] item: Life Orb\n|\n|upkeep\n|\n|t:|1700497670\n|switch|p2a: Weavile|Weavile, F|100\/100\n|-ability|p2a: Weavile|Pressure\n|turn|11\n|\n|t:|1700497689\n|move|p2a: Weavile|Swords Dance|p2a: Weavile\n|-boost|p2a: Weavile|atk|2\n|move|p1a: Landorus|Rock Slide|p2a: Weavile\n|-supereffective|p2a: Weavile\n|-crit|p2a: Weavile\n|-enditem|p2a: Weavile|Focus Sash\n|-damage|p2a: Weavile|1\/100\n|-damage|p1a: Landorus|81\/100|[from] item: Life Orb\n|\n|upkeep\n|turn|12\n|\n|t:|1700497698\n|move|p2a: Weavile|Icicle Crash|p1a: Landorus|[miss]\n|-miss|p2a: Weavile|p1a: Landorus\n|move|p1a: Landorus|U-turn|p2a: Weavile\n|-supereffective|p2a: Weavile\n|-damage|p2a: Weavile|0 fnt\n|faint|p2a: Weavile\n|-damage|p1a: Landorus|71\/100|[from] item: Life Orb\n|\n|t:|1700497705\n|switch|p1a: Samurott|Samurott-Hisui, M|87\/100|[from] U-turn\n|\n|upkeep\n|\n|t:|1700497720\n|switch|p2a: Rillaboom|Rillaboom, F|42\/100\n|-fieldstart|move: Grassy Terrain|[from] ability: Grassy Surge|[of] p2a: Rillaboom\n|turn|13\n|\n|t:|1700497744\n|move|p2a: Rillaboom|Grassy Glide|p1a: Samurott\n|-supereffective|p1a: Samurott\n|-damage|p1a: Samurott|10\/100\n|move|p1a: Samurott|Flip Turn|p2a: Rillaboom\n|-resisted|p2a: Rillaboom\n|-damage|p2a: Rillaboom|28\/100\n|\n|t:|1700497751\n|switch|p1a: Clodsire|Clodsire, M|100\/100|[from] Flip Turn\n|\n|-heal|p2a: Rillaboom|34\/100|[from] Grassy Terrain\n|upkeep\n|turn|14\n|\n|t:|1700497757\n|move|p2a: Rillaboom|Knock Off|p1a: Clodsire\n|-damage|p1a: Clodsire|67\/100\n|-enditem|p1a: Clodsire|Leftovers|[from] move: Knock Off|[of] p2a: Rillaboom\n|move|p1a: Clodsire|Gunk Shot|p2a: Rillaboom\n|-supereffective|p2a: Rillaboom\n|-damage|p2a: Rillaboom|0 fnt\n|faint|p2a: Rillaboom\n|\n|-heal|p1a: Clodsire|74\/100|[from] Grassy Terrain\n|upkeep\n|\n|t:|1700497764\n|switch|p2a: Inteleon|Inteleon, M|100\/100\n|turn|15\n|\n|t:|1700497777\n|switch|p1a: Cresselia|Cresselia, F|100\/100\n|move|p2a: Inteleon|Snipe Shot|p1a: Cresselia\n|-damage|p1a: Cresselia|70\/100\n|\n|-heal|p1a: Cresselia|77\/100|[from] item: Leftovers\n|upkeep\n|turn|16\n|\n|t:|1700497782\n|move|p2a: Inteleon|U-turn|p1a: Cresselia\n|-supereffective|p1a: Cresselia\n|-damage|p1a: Cresselia|53\/100\n|\n|t:|1700497786\n|switch|p2a: Infernape|Infernape, M|100\/100|[from] U-turn\n|move|p1a: Cresselia|Thunderbolt|p2a: Infernape\n|-damage|p2a: Infernape|71\/100\n|\n|-heal|p2a: Infernape|77\/100|[from] Grassy Terrain\n|-heal|p1a: Cresselia|60\/100|[from] item: Leftovers\n|upkeep\n|turn|17\n|\n|t:|1700497795\n|move|p2a: Infernape|Overheat|p1a: Cresselia\n|-damage|p1a: Cresselia|27\/100\n|-unboost|p2a: Infernape|spa|2\n|move|p1a: Cresselia|Psyshock|p2a: Infernape\n|-supereffective|p2a: Infernape\n|-crit|p2a: Infernape\n|-damage|p2a: Infernape|0 fnt\n|faint|p2a: Infernape\n|\n|-heal|p1a: Cresselia|34\/100|[from] item: Leftovers\n|-fieldend|move: Grassy Terrain\n|upkeep\n|\n|t:|1700497801\n|switch|p2a: Inteleon|Inteleon, M|100\/100\n|turn|18\n|\n|t:|1700497805\n|move|p2a: Inteleon|Snipe Shot|p1a: Cresselia\n|-damage|p1a: Cresselia|5\/100\n|move|p1a: Cresselia|Thunderbolt|p2a: Inteleon\n|-supereffective|p2a: Inteleon\n|-damage|p2a: Inteleon|34\/100\n|\n|-heal|p1a: Cresselia|11\/100|[from] item: Leftovers\n|upkeep\n|turn|19\n|\n|t:|1700497814\n|move|p2a: Inteleon|Snipe Shot|p1a: Cresselia\n|-damage|p1a: Cresselia|0 fnt\n|faint|p1a: Cresselia\n|\n|upkeep\n|\n|t:|1700497818\n|switch|p1a: Clodsire|Clodsire, M|74\/100\n|turn|20\n|\n|t:|1700497831\n|move|p2a: Inteleon|Ice Beam|p1a: Clodsire\n|-supereffective|p1a: Clodsire\n|-damage|p1a: Clodsire|27\/100\n|move|p1a: Clodsire|Gunk Shot|p2a: Inteleon\n|-damage|p2a: Inteleon|0 fnt\n|faint|p2a: Inteleon\n|\n|win|Brenzino\n|l|\u2606kowtow kleabe\n","uploadtime":1700497884,"views":1,"p1id":"brenzino","p2id":"kowtowkleabe","formatid":"gen9anythinggoes","rating":0,"private":0,"password":""}