{"id":"gen9anythinggoes-1999059040","p1":"ZappyPowYT","p2":"roblox coil sound","format":"[Gen 9] Anything Goes","log":"|j|\u2606ZappyPowYT\n|j|\u2606roblox coil sound\n|t:|1701028752\n|gametype|singles\n|player|p1|ZappyPowYT|red|1140\n|player|p2|roblox coil sound|1|1063\n|teamsize|p1|6\n|teamsize|p2|6\n|gen|9\n|tier|[Gen 9] Anything Goes\n|rated|\n|rule|HP Percentage Mod: HP is shown in percentages\n|rule|Endless Battle Clause: Forcing endless battles is banned\n|clearpoke\n|poke|p1|Goodra-Hisui, M|\n|poke|p1|Goodra-Hisui, M|\n|poke|p1|Goodra-Hisui, M|\n|poke|p1|Goodra-Hisui, M|\n|poke|p1|Goodra-Hisui, M|\n|poke|p1|Goodra-Hisui, M|\n|poke|p2|Kingambit, M|\n|poke|p2|Wattrel, L1, F|\n|poke|p2|Meowscarada, F|\n|poke|p2|Flutter Mane|\n|poke|p2|Maushold-Four|\n|poke|p2|Garganacl, F|\n|teampreview\n|l|\u2606roblox coil sound\n|player|p2|\n|j|\u2606roblox coil sound\n|player|p2|roblox coil sound|1\n|c|\u2606ZappyPowYT|to easy\n|inactive|Battle timer is ON: inactive players will automatically lose when time's up. (requested by roblox coil sound)\n|\n|t:|1701028779\n|start\n|switch|p1a: Goodra|Goodra-Hisui, M|100\/100\n|switch|p2a: Meowscarada|Meowscarada, F|100\/100\n|turn|1\n|c|\u2606roblox coil sound|bet\n|\n|t:|1701028790\n|move|p2a: Meowscarada|Spikes|p1a: Goodra\n|-start|p2a: Meowscarada|typechange|Ground|[from] ability: Protean\n|-sidestart|p1: ZappyPowYT|Spikes\n|move|p1a: Goodra|Shelter|p1a: Goodra\n|-boost|p1a: Goodra|def|2\n|\n|upkeep\n|turn|2\n|\n|t:|1701028796\n|move|p1a: Goodra|Protect|p1a: Goodra\n|-singleturn|p1a: Goodra|Protect\n|move|p2a: Meowscarada|Spikes|p1a: Goodra\n|-sidestart|p1: ZappyPowYT|Spikes\n|\n|upkeep\n|turn|3\n|\n|t:|1701028803\n|move|p2a: Meowscarada|Spikes|p1a: Goodra\n|-sidestart|p1: ZappyPowYT|Spikes\n|move|p1a: Goodra|Shelter|p1a: Goodra\n|-boost|p1a: Goodra|def|2\n|\n|upkeep\n|turn|4\n|\n|t:|1701028807\n|move|p1a: Goodra|Protect|p1a: Goodra\n|-singleturn|p1a: Goodra|Protect\n|move|p2a: Meowscarada|Leech Seed|p1a: Goodra\n|-activate|p1a: Goodra|move: Protect\n|\n|upkeep\n|turn|5\n|\n|t:|1701028813\n|move|p2a: Meowscarada|Leech Seed|p1a: Goodra\n|-start|p1a: Goodra|move: Leech Seed\n|move|p1a: Goodra|Shelter|p1a: Goodra\n|-boost|p1a: Goodra|def|2\n|\n|-damage|p1a: Goodra|88\/100|[from] Leech Seed|[of] p2a: Meowscarada\n|upkeep\n|turn|6\n|\n|t:|1701028821\n|move|p2a: Meowscarada|Flower Trick|p1a: Goodra\n|-resisted|p1a: Goodra\n|-damage|p1a: Goodra|87\/100\n|move|p1a: Goodra|Body Press|p2a: Meowscarada\n|-enditem|p2a: Meowscarada|Focus Sash\n|-damage|p2a: Meowscarada|1\/100\n|\n|-heal|p1a: Goodra|93\/100|[from] item: Leftovers\n|-damage|p1a: Goodra|81\/100|[from] Leech Seed|[of] p2a: Meowscarada\n|-heal|p2a: Meowscarada|13\/100|[silent]\n|upkeep\n|turn|7\n|\n|t:|1701028835\n|switch|p2a: Wattrel|Wattrel, L1, F|100\/100\n|move|p1a: Goodra|Heavy Slam|p2a: Wattrel\n|-resisted|p2a: Wattrel\n|-enditem|p2a: Wattrel|Focus Sash\n|-damage|p2a: Wattrel|9\/100\n|\n|-heal|p1a: Goodra|87\/100|[from] item: Leftovers\n|-damage|p1a: Goodra|74\/100|[from] Leech Seed|[of] p2a: Wattrel\n|-heal|p2a: Wattrel|100\/100|[silent]\n|upkeep\n|turn|8\n|\n|t:|1701028845\n|move|p1a: Goodra|Body Press|p2a: Wattrel\n|-resisted|p2a: Wattrel\n|-damage|p2a: Wattrel|0 fnt\n|faint|p2a: Wattrel\n|\n|-heal|p1a: Goodra|80\/100|[from] item: Leftovers\n|upkeep\n|\n|t:|1701028849\n|switch|p2a: Meowscarada|Meowscarada, F|13\/100\n|turn|9\n|\n|t:|1701028853\n|move|p2a: Meowscarada|Leech Seed||[still]\n|-start|p2a: Meowscarada|typechange|Grass|[from] ability: Protean\n|-fail|p2a: Meowscarada\n|move|p1a: Goodra|Heavy Slam|p2a: Meowscarada\n|-damage|p2a: Meowscarada|0 fnt\n|faint|p2a: Meowscarada\n|\n|-heal|p1a: Goodra|86\/100|[from] item: Leftovers\n|upkeep\n|\n|t:|1701028861\n|switch|p2a: Maushold|Maushold-Four|100\/100\n|turn|10\n|\n|t:|1701028870\n|move|p2a: Maushold|Encore|p1a: Goodra\n|-start|p1a: Goodra|Encore\n|move|p1a: Goodra|Heavy Slam|p2a: Maushold\n|-damage|p2a: Maushold|36\/100\n|\n|-heal|p1a: Goodra|93\/100|[from] item: Leftovers\n|-damage|p1a: Goodra|80\/100|[from] Leech Seed|[of] p2a: Maushold\n|-heal|p2a: Maushold|52\/100|[silent]\n|upkeep\n|turn|11\n|\n|t:|1701028882\n|move|p2a: Maushold|Population Bomb|p1a: Goodra\n|-resisted|p1a: Goodra\n|-damage|p1a: Goodra|79\/100\n|-resisted|p1a: Goodra\n|-damage|p1a: Goodra|78\/100\n|-resisted|p1a: Goodra\n|-damage|p1a: Goodra|76\/100\n|-resisted|p1a: Goodra\n|-damage|p1a: Goodra|75\/100\n|-resisted|p1a: Goodra\n|-damage|p1a: Goodra|73\/100\n|-resisted|p1a: Goodra\n|-damage|p1a: Goodra|72\/100\n|-resisted|p1a: Goodra\n|-damage|p1a: Goodra|71\/100\n|-resisted|p1a: Goodra\n|-damage|p1a: Goodra|69\/100\n|-resisted|p1a: Goodra\n|-damage|p1a: Goodra|68\/100\n|-resisted|p1a: Goodra\n|-damage|p1a: Goodra|67\/100\n|-hitcount|p1a: Goodra|10\n|move|p1a: Goodra|Heavy Slam|p2a: Maushold\n|-damage|p2a: Maushold|0 fnt\n|faint|p2a: Maushold\n|\n|-heal|p1a: Goodra|73\/100|[from] item: Leftovers\n|upkeep\n|\n|t:|1701028890\n|switch|p2a: Garganacl|Garganacl, F|100\/100\n|turn|12\n|\n|t:|1701028906\n|move|p1a: Goodra|Heavy Slam|p2a: Garganacl\n|-supereffective|p2a: Garganacl\n|-damage|p2a: Garganacl|86\/100\n|move|p2a: Garganacl|Substitute|p2a: Garganacl\n|-start|p2a: Garganacl|Substitute\n|-damage|p2a: Garganacl|61\/100\n|\n|-heal|p1a: Goodra|79\/100|[from] item: Leftovers\n|-heal|p2a: Garganacl|67\/100|[from] item: Leftovers\n|-damage|p1a: Goodra|66\/100|[from] Leech Seed|[of] p2a: Garganacl\n|-heal|p2a: Garganacl|78\/100|[silent]\n|-end|p1a: Goodra|Encore\n|upkeep\n|turn|13\n|l|\u2606roblox coil sound\n|inactive|roblox coil sound disconnected and has a minute to reconnect!\n|player|p2|\n|j|\u2606roblox coil sound\n|inactive|roblox coil sound reconnected and has 140 seconds left.\n|player|p2|roblox coil sound|1\n|\n|t:|1701028923\n|move|p1a: Goodra|Heavy Slam|p2a: Garganacl\n|-supereffective|p2a: Garganacl\n|-activate|p2a: Garganacl|move: Substitute|[damage]\n|move|p2a: Garganacl|Iron Defense|p2a: Garganacl\n|-boost|p2a: Garganacl|def|2\n|\n|-heal|p1a: Goodra|72\/100|[from] item: Leftovers\n|-heal|p2a: Garganacl|84\/100|[from] item: Leftovers\n|-damage|p1a: Goodra|60\/100|[from] Leech Seed|[of] p2a: Garganacl\n|-heal|p2a: Garganacl|96\/100|[silent]\n|upkeep\n|turn|14\n|\n|t:|1701028934\n|move|p1a: Goodra|Heavy Slam|p2a: Garganacl\n|-supereffective|p2a: Garganacl\n|-crit|p2a: Garganacl\n|-end|p2a: Garganacl|Substitute\n|move|p2a: Garganacl|Iron Defense|p2a: Garganacl\n|-boost|p2a: Garganacl|def|2\n|\n|-heal|p1a: Goodra|66\/100|[from] item: Leftovers\n|-heal|p2a: Garganacl|100\/100|[from] item: Leftovers\n|-damage|p1a: Goodra|54\/100|[from] Leech Seed|[of] p2a: Garganacl\n|upkeep\n|turn|15\n|\n|t:|1701028944\n|move|p1a: Goodra|Body Press|p2a: Garganacl\n|-supereffective|p2a: Garganacl\n|-damage|p2a: Garganacl|76\/100\n|move|p2a: Garganacl|Iron Defense|p2a: Garganacl\n|-boost|p2a: Garganacl|def|2\n|\n|-heal|p1a: Goodra|60\/100|[from] item: Leftovers\n|-heal|p2a: Garganacl|82\/100|[from] item: Leftovers\n|-damage|p1a: Goodra|47\/100|[from] Leech Seed|[of] p2a: Garganacl\n|-heal|p2a: Garganacl|94\/100|[silent]\n|upkeep\n|turn|16\n|\n|t:|1701028953\n|move|p1a: Goodra|Body Press|p2a: Garganacl\n|-supereffective|p2a: Garganacl\n|-damage|p2a: Garganacl|76\/100\n|move|p2a: Garganacl|Substitute|p2a: Garganacl\n|-start|p2a: Garganacl|Substitute\n|-damage|p2a: Garganacl|51\/100\n|\n|-heal|p1a: Goodra|54\/100|[from] item: Leftovers\n|-heal|p2a: Garganacl|58\/100|[from] item: Leftovers\n|-damage|p1a: Goodra|41\/100|[from] Leech Seed|[of] p2a: Garganacl\n|-heal|p2a: Garganacl|69\/100|[silent]\n|upkeep\n|turn|17\n|\n|t:|1701028964\n|move|p1a: Goodra|Body Press|p2a: Garganacl\n|-supereffective|p2a: Garganacl\n|-activate|p2a: Garganacl|move: Substitute|[damage]\n|move|p2a: Garganacl|Body Press|p1a: Goodra\n|-supereffective|p1a: Goodra\n|-damage|p1a: Goodra|0 fnt\n|faint|p1a: Goodra\n|\n|-heal|p2a: Garganacl|75\/100|[from] item: Leftovers\n|upkeep\n|\n|t:|1701028974\n|switch|p1a: Goodra|Goodra-Hisui, M|100\/100\n|-damage|p1a: Goodra|75\/100|[from] Spikes\n|turn|18\n|\n|t:|1701028987\n|move|p1a: Goodra|Shelter|p1a: Goodra\n|-boost|p1a: Goodra|def|2\n|move|p2a: Garganacl|Body Press|p1a: Goodra\n|-supereffective|p1a: Goodra\n|-damage|p1a: Goodra|0 fnt\n|faint|p1a: Goodra\n|\n|-heal|p2a: Garganacl|81\/100|[from] item: Leftovers\n|upkeep\n|\n|t:|1701028996\n|switch|p1a: Goodra|Goodra-Hisui, M|100\/100\n|-damage|p1a: Goodra|75\/100|[from] Spikes\n|turn|19\n|\n|t:|1701028999\n|move|p1a: Goodra|Shelter|p1a: Goodra\n|-boost|p1a: Goodra|def|2\n|move|p2a: Garganacl|Body Press|p1a: Goodra\n|-supereffective|p1a: Goodra\n|-damage|p1a: Goodra|0 fnt\n|faint|p1a: Goodra\n|\n|-heal|p2a: Garganacl|87\/100|[from] item: Leftovers\n|upkeep\n|\n|t:|1701029008\n|switch|p1a: Goodra|Goodra-Hisui, M|100\/100\n|-damage|p1a: Goodra|75\/100|[from] Spikes\n|turn|20\n|\n|t:|1701029011\n|move|p1a: Goodra|Protect|p1a: Goodra\n|-singleturn|p1a: Goodra|Protect\n|move|p2a: Garganacl|Body Press|p1a: Goodra\n|-activate|p1a: Goodra|move: Protect\n|\n|-heal|p1a: Goodra|82\/100|[from] item: Leftovers\n|-heal|p2a: Garganacl|94\/100|[from] item: Leftovers\n|upkeep\n|turn|21\n|\n|t:|1701029023\n|move|p1a: Goodra|Shelter|p1a: Goodra\n|-boost|p1a: Goodra|def|2\n|move|p2a: Garganacl|Body Press|p1a: Goodra\n|-supereffective|p1a: Goodra\n|-damage|p1a: Goodra|0 fnt\n|faint|p1a: Goodra\n|\n|-heal|p2a: Garganacl|99\/100|[from] item: Leftovers\n|upkeep\n|\n|t:|1701029031\n|switch|p1a: Goodra|Goodra-Hisui, M|100\/100\n|-damage|p1a: Goodra|75\/100|[from] Spikes\n|turn|22\n|\n|t:|1701029036\n|move|p1a: Goodra|Protect|p1a: Goodra\n|-singleturn|p1a: Goodra|Protect\n|move|p2a: Garganacl|Body Press|p1a: Goodra\n|-activate|p1a: Goodra|move: Protect\n|\n|-heal|p1a: Goodra|82\/100|[from] item: Leftovers\n|-heal|p2a: Garganacl|100\/100|[from] item: Leftovers\n|upkeep\n|turn|23\n|\n|t:|1701029044\n|move|p1a: Goodra|Shelter|p1a: Goodra\n|-boost|p1a: Goodra|def|2\n|move|p2a: Garganacl|Body Press|p1a: Goodra\n|-supereffective|p1a: Goodra\n|-damage|p1a: Goodra|0 fnt\n|faint|p1a: Goodra\n|\n|upkeep\n|\n|t:|1701029052\n|switch|p1a: Goodra|Goodra-Hisui, M|100\/100\n|-damage|p1a: Goodra|75\/100|[from] Spikes\n|turn|24\n|\n|t:|1701029056\n|-terastallize|p1a: Goodra|Flying\n|move|p1a: Goodra|Protect|p1a: Goodra\n|-singleturn|p1a: Goodra|Protect\n|move|p2a: Garganacl|Body Press|p1a: Goodra\n|-activate|p1a: Goodra|move: Protect\n|\n|-heal|p1a: Goodra|82\/100|[from] item: Leftovers\n|upkeep\n|turn|25\n|\n|t:|1701029065\n|move|p1a: Goodra|Shelter|p1a: Goodra\n|-boost|p1a: Goodra|def|2\n|move|p2a: Garganacl|Body Press|p1a: Goodra\n|-resisted|p1a: Goodra\n|-damage|p1a: Goodra|51\/100\n|\n|-heal|p1a: Goodra|57\/100|[from] item: Leftovers\n|upkeep\n|turn|26\n|\n|t:|1701029072\n|move|p1a: Goodra|Protect|p1a: Goodra\n|-singleturn|p1a: Goodra|Protect\n|move|p2a: Garganacl|Body Press|p1a: Goodra\n|-activate|p1a: Goodra|move: Protect\n|\n|-heal|p1a: Goodra|63\/100|[from] item: Leftovers\n|upkeep\n|turn|27\n|\n|t:|1701029080\n|move|p1a: Goodra|Shelter|p1a: Goodra\n|-boost|p1a: Goodra|def|2\n|move|p2a: Garganacl|Body Press|p1a: Goodra\n|-resisted|p1a: Goodra\n|-damage|p1a: Goodra|43\/100\n|\n|-heal|p1a: Goodra|49\/100|[from] item: Leftovers\n|upkeep\n|turn|28\n|\n|t:|1701029087\n|move|p1a: Goodra|Protect|p1a: Goodra\n|-singleturn|p1a: Goodra|Protect\n|move|p2a: Garganacl|Body Press|p1a: Goodra\n|-activate|p1a: Goodra|move: Protect\n|\n|-heal|p1a: Goodra|55\/100|[from] item: Leftovers\n|upkeep\n|turn|29\n|\n|t:|1701029095\n|move|p1a: Goodra|Shelter|p1a: Goodra\n|-boost|p1a: Goodra|def|2\n|move|p2a: Garganacl|Body Press|p1a: Goodra\n|-resisted|p1a: Goodra\n|-damage|p1a: Goodra|41\/100\n|\n|-heal|p1a: Goodra|47\/100|[from] item: Leftovers\n|upkeep\n|turn|30\n|\n|t:|1701029102\n|move|p1a: Goodra|Protect|p1a: Goodra\n|-singleturn|p1a: Goodra|Protect\n|move|p2a: Garganacl|Body Press|p1a: Goodra\n|-activate|p1a: Goodra|move: Protect\n|\n|-heal|p1a: Goodra|54\/100|[from] item: Leftovers\n|upkeep\n|turn|31\n|\n|t:|1701029110\n|move|p1a: Goodra|Body Press|p2a: Garganacl\n|-supereffective|p2a: Garganacl\n|-end|p2a: Garganacl|Substitute\n|move|p2a: Garganacl|Body Press|p1a: Goodra\n|-resisted|p1a: Goodra\n|-damage|p1a: Goodra|39\/100\n|\n|-heal|p1a: Goodra|45\/100|[from] item: Leftovers\n|upkeep\n|turn|32\n|\n|t:|1701029120\n|move|p1a: Goodra|Body Press|p2a: Garganacl\n|-supereffective|p2a: Garganacl\n|-damage|p2a: Garganacl|81\/100\n|move|p2a: Garganacl|Body Press|p1a: Goodra\n|-resisted|p1a: Goodra\n|-damage|p1a: Goodra|30\/100\n|\n|-heal|p1a: Goodra|36\/100|[from] item: Leftovers\n|-heal|p2a: Garganacl|87\/100|[from] item: Leftovers\n|upkeep\n|turn|33\n|\n|t:|1701029138\n|move|p1a: Goodra|Body Press|p2a: Garganacl\n|-supereffective|p2a: Garganacl\n|-damage|p2a: Garganacl|69\/100\n|move|p2a: Garganacl|Iron Defense|p2a: Garganacl\n|-boost|p2a: Garganacl|def|0\n|\n|-heal|p1a: Goodra|42\/100|[from] item: Leftovers\n|-heal|p2a: Garganacl|76\/100|[from] item: Leftovers\n|upkeep\n|turn|34\n|\n|t:|1701029148\n|move|p1a: Goodra|Protect|p1a: Goodra\n|-singleturn|p1a: Goodra|Protect\n|move|p2a: Garganacl|Substitute|p2a: Garganacl\n|-start|p2a: Garganacl|Substitute\n|-damage|p2a: Garganacl|51\/100\n|\n|-heal|p1a: Goodra|48\/100|[from] item: Leftovers\n|-heal|p2a: Garganacl|57\/100|[from] item: Leftovers\n|upkeep\n|turn|35\n|-message|ZappyPowYT forfeited.\n|\n|win|roblox coil sound\n|raw|ZappyPowYT's rating: 1140 &rarr; <strong>1110<\/strong><br \/>(-30 for losing)\n|raw|roblox coil sound's rating: 1063 &rarr; <strong>1100<\/strong><br \/>(+37 for winning)\n|l|\u2606ZappyPowYT\n|l|\u2606roblox coil sound\n|j|\u2606roblox coil sound\n|player|p2|roblox coil sound|1\n","uploadtime":1701029178,"views":7,"p1id":"zappypowyt","p2id":"robloxcoilsound","formatid":"gen9anythinggoes","rating":1100,"private":0,"password":""}