{"id":"gen9anythinggoes-1980543017","p1":"Hamonic Dog","p2":"eurybie","format":"[Gen 9] Anything Goes","log":"|j|\u2606Hamonic Dog\n|j|\u2606eurybie\n|t:|1698795470\n|gametype|singles\n|player|p1|Hamonic Dog|266|1610\n|player|p2|eurybie|1|1836\n|teamsize|p1|6\n|teamsize|p2|6\n|gen|9\n|tier|[Gen 9] Anything Goes\n|rated|\n|rule|HP Percentage Mod: HP is shown in percentages\n|rule|Endless Battle Clause: Forcing endless battles is banned\n|clearpoke\n|poke|p1|Quaquaval, F|\n|poke|p1|Calyrex-Shadow|\n|poke|p1|Shaymin-Sky|\n|poke|p1|Kingambit, M|\n|poke|p1|Arceus-Fairy|\n|poke|p1|Koraidon|\n|poke|p2|Miraidon|\n|poke|p2|Grimmsnarl, M|\n|poke|p2|Skeledirge, M|\n|poke|p2|Blissey, F|\n|poke|p2|Moltres|\n|poke|p2|Calyrex-Ice|\n|teampreview\n|inactive|Battle timer is ON: inactive players will automatically lose when time's up. (requested by Hamonic Dog)\n|\n|t:|1698795496\n|start\n|switch|p1a: Arceus|Arceus-Fairy|100\/100\n|switch|p2a: Grimmsnarl|Grimmsnarl, M|100\/100\n|turn|1\n|\n|t:|1698795502\n|move|p2a: Grimmsnarl|Parting Shot|p1a: Arceus\n|-unboost|p1a: Arceus|atk|1\n|-unboost|p1a: Arceus|spa|1\n|j| s3rp3rior\n|\n|t:|1698795507\n|switch|p2a: Moltres|Moltres|100\/100|[from] Parting Shot\n|move|p1a: Arceus|Taunt|p2a: Moltres\n|-start|p2a: Moltres|move: Taunt\n|\n|upkeep\n|turn|2\n|\n|t:|1698795514\n|move|p1a: Arceus|Calm Mind|p1a: Arceus\n|-boost|p1a: Arceus|spa|1\n|-boost|p1a: Arceus|spd|1\n|move|p2a: Moltres|Burning Jealousy|p1a: Arceus\n|-damage|p1a: Arceus|88\/100\n|-status|p1a: Arceus|brn\n|\n|-damage|p1a: Arceus|82\/100 brn|[from] brn\n|upkeep\n|turn|3\n|\n|t:|1698795524\n|move|p1a: Arceus|Calm Mind|p1a: Arceus\n|-boost|p1a: Arceus|spa|1\n|-boost|p1a: Arceus|spd|1\n|move|p2a: Moltres|U-turn|p1a: Arceus\n|-resisted|p1a: Arceus\n|-damage|p1a: Arceus|77\/100 brn\n|\n|t:|1698795533\n|switch|p2a: Grimmsnarl|Grimmsnarl, M|100\/100|[from] U-turn\n|\n|-damage|p1a: Arceus|71\/100 brn|[from] brn\n|upkeep\n|turn|4\n|\n|t:|1698795540\n|move|p2a: Grimmsnarl|Parting Shot|p1a: Arceus\n|-unboost|p1a: Arceus|atk|1\n|-unboost|p1a: Arceus|spa|1\n|\n|t:|1698795544\n|switch|p2a: Moltres|Moltres|100\/100|[from] Parting Shot\n|move|p1a: Arceus|Calm Mind|p1a: Arceus\n|-boost|p1a: Arceus|spa|1\n|-boost|p1a: Arceus|spd|1\n|\n|-damage|p1a: Arceus|65\/100 brn|[from] brn\n|upkeep\n|turn|5\n|\n|t:|1698795554\n|move|p1a: Arceus|Recover|p1a: Arceus\n|-heal|p1a: Arceus|100\/100 brn\n|move|p2a: Moltres|U-turn|p1a: Arceus\n|-resisted|p1a: Arceus\n|-damage|p1a: Arceus|95\/100 brn\n|\n|t:|1698795561\n|switch|p2a: Grimmsnarl|Grimmsnarl, M|100\/100|[from] U-turn\n|\n|-damage|p1a: Arceus|89\/100 brn|[from] brn\n|upkeep\n|turn|6\n|\n|t:|1698795567\n|move|p2a: Grimmsnarl|Parting Shot|p1a: Arceus\n|-unboost|p1a: Arceus|atk|1\n|-unboost|p1a: Arceus|spa|1\n|\n|t:|1698795571\n|switch|p2a: Moltres|Moltres|100\/100|[from] Parting Shot\n|move|p1a: Arceus|Calm Mind|p1a: Arceus\n|-boost|p1a: Arceus|spa|1\n|-boost|p1a: Arceus|spd|1\n|\n|-damage|p1a: Arceus|83\/100 brn|[from] brn\n|upkeep\n|turn|7\n|\n|t:|1698795580\n|move|p1a: Arceus|Judgment|p2a: Moltres\n|-resisted|p2a: Moltres\n|-damage|p2a: Moltres|64\/100\n|move|p2a: Moltres|U-turn|p1a: Arceus\n|-resisted|p1a: Arceus\n|-damage|p1a: Arceus|78\/100 brn\n|\n|t:|1698795589\n|switch|p2a: Grimmsnarl|Grimmsnarl, M|100\/100|[from] U-turn\n|\n|-damage|p1a: Arceus|72\/100 brn|[from] brn\n|upkeep\n|turn|8\n|\n|t:|1698795595\n|move|p2a: Grimmsnarl|Parting Shot|p1a: Arceus\n|-unboost|p1a: Arceus|atk|1\n|-unboost|p1a: Arceus|spa|1\n|\n|t:|1698795607\n|switch|p2a: Calyrex|Calyrex-Ice|100\/100|[from] Parting Shot\n|-ability|p2a: Calyrex|As One\n|-ability|p2a: Calyrex|Unnerve\n|move|p1a: Arceus|Calm Mind|p1a: Arceus\n|-boost|p1a: Arceus|spa|1\n|-boost|p1a: Arceus|spd|1\n|\n|-damage|p1a: Arceus|66\/100 brn|[from] brn\n|upkeep\n|turn|9\n|\n|t:|1698795617\n|move|p1a: Arceus|Taunt|p2a: Calyrex\n|-start|p2a: Calyrex|move: Taunt\n|move|p2a: Calyrex|Glacial Lance|p1a: Arceus\n|-damage|p1a: Arceus|9\/100 brn\n|\n|-damage|p1a: Arceus|3\/100 brn|[from] brn\n|upkeep\n|turn|10\n|\n|t:|1698795626\n|move|p1a: Arceus|Judgment|p2a: Calyrex\n|-damage|p2a: Calyrex|50\/100\n|move|p2a: Calyrex|Glacial Lance|p1a: Arceus\n|-damage|p1a: Arceus|0 fnt\n|faint|p1a: Arceus\n|-ability|p2a: Calyrex|Chilling Neigh|boost\n|-boost|p2a: Calyrex|atk|1\n|\n|upkeep\n|\n|t:|1698795644\n|switch|p1a: Koraidon|Koraidon|100\/100\n|-weather|SunnyDay|[from] ability: Orichalcum Pulse|[of] p1a: Koraidon\n|-activate|p1a: Koraidon|Orichalcum Pulse|[source]\n|turn|11\n|\n|t:|1698795656\n|move|p1a: Koraidon|Flame Charge|p2a: Calyrex\n|-supereffective|p2a: Calyrex\n|-damage|p2a: Calyrex|11\/100\n|-boost|p1a: Koraidon|spe|1\n|move|p2a: Calyrex|Glacial Lance|p1a: Koraidon\n|-supereffective|p1a: Koraidon\n|-enditem|p1a: Koraidon|Focus Sash\n|-damage|p1a: Koraidon|1\/100\n|\n|-weather|SunnyDay|[upkeep]\n|-end|p2a: Calyrex|move: Taunt\n|upkeep\n|turn|12\n|\n|t:|1698795667\n|move|p1a: Koraidon|Flame Charge|p2a: Calyrex\n|-supereffective|p2a: Calyrex\n|-damage|p2a: Calyrex|0 fnt\n|-boost|p1a: Koraidon|spe|1\n|faint|p2a: Calyrex\n|\n|-weather|SunnyDay|[upkeep]\n|upkeep\n|\n|t:|1698795674\n|switch|p2a: Grimmsnarl|Grimmsnarl, M|100\/100\n|turn|13\n|l| s3rp3rior\n|\n|t:|1698795679\n|move|p2a: Grimmsnarl|Sucker Punch||[still]\n|-fail|p2a: Grimmsnarl\n|move|p1a: Koraidon|Swords Dance|p1a: Koraidon\n|-boost|p1a: Koraidon|atk|2\n|\n|-weather|SunnyDay|[upkeep]\n|upkeep\n|turn|14\n|j| s3rp3rior\n|l| s3rp3rior\n|\n|t:|1698795689\n|move|p2a: Grimmsnarl|Sucker Punch||[still]\n|-fail|p2a: Grimmsnarl\n|move|p1a: Koraidon|Swords Dance|p1a: Koraidon\n|-boost|p1a: Koraidon|atk|2\n|\n|-weather|SunnyDay|[upkeep]\n|upkeep\n|turn|15\n|\n|t:|1698795698\n|move|p2a: Grimmsnarl|Sucker Punch||[still]\n|-fail|p2a: Grimmsnarl\n|move|p1a: Koraidon|Swords Dance|p1a: Koraidon\n|-boost|p1a: Koraidon|atk|2\n|\n|-weather|none\n|upkeep\n|turn|16\n|\n|t:|1698795706\n|move|p2a: Grimmsnarl|Sucker Punch||[still]\n|-fail|p2a: Grimmsnarl\n|move|p1a: Koraidon|Swords Dance|p1a: Koraidon\n|-boost|p1a: Koraidon|atk|0\n|\n|upkeep\n|turn|17\n|\n|t:|1698795711\n|move|p1a: Koraidon|Swords Dance|p1a: Koraidon\n|-boost|p1a: Koraidon|atk|0\n|move|p2a: Grimmsnarl|Spirit Break|p1a: Koraidon\n|-supereffective|p1a: Koraidon\n|-damage|p1a: Koraidon|0 fnt\n|faint|p1a: Koraidon\n|\n|upkeep\n|\n|t:|1698795719\n|switch|p1a: Quaquaval|Quaquaval, F|100\/100\n|turn|18\n|\n|t:|1698795726\n|move|p1a: Quaquaval|Aqua Step|p2a: Grimmsnarl\n|-damage|p2a: Grimmsnarl|56\/100\n|-boost|p1a: Quaquaval|spe|1\n|move|p2a: Grimmsnarl|Spirit Break|p1a: Quaquaval\n|-supereffective|p1a: Quaquaval\n|-damage|p1a: Quaquaval|21\/100\n|-unboost|p1a: Quaquaval|spa|1\n|\n|upkeep\n|turn|19\n|\n|t:|1698795738\n|move|p2a: Grimmsnarl|Parting Shot|p1a: Quaquaval\n|-unboost|p1a: Quaquaval|atk|1\n|-unboost|p1a: Quaquaval|spa|1\n|\n|t:|1698795745\n|switch|p2a: Miraidon|Miraidon|100\/100|[from] Parting Shot\n|-fieldstart|move: Electric Terrain|[from] ability: Hadron Engine|[of] p2a: Miraidon\n|move|p1a: Quaquaval|Close Combat|p2a: Miraidon\n|-damage|p2a: Miraidon|58\/100\n|-unboost|p1a: Quaquaval|def|1\n|-unboost|p1a: Quaquaval|spd|1\n|\n|upkeep\n|turn|20\n|\n|t:|1698795756\n|-terastallize|p1a: Quaquaval|Ground\n|move|p1a: Quaquaval|Knock Off|p2a: Miraidon\n|-damage|p2a: Miraidon|37\/100\n|-enditem|p2a: Miraidon|Heavy-Duty Boots|[from] move: Knock Off|[of] p1a: Quaquaval\n|move|p2a: Miraidon|Dragon Pulse|p1a: Quaquaval\n|-damage|p1a: Quaquaval|0 fnt\n|faint|p1a: Quaquaval\n|\n|upkeep\n|\n|t:|1698795765\n|switch|p1a: Calyrex|Calyrex-Shadow|100\/100\n|-ability|p1a: Calyrex|As One\n|-ability|p1a: Calyrex|Unnerve\n|turn|21\n|\n|t:|1698795771\n|switch|p2a: Grimmsnarl|Grimmsnarl, M|56\/100\n|move|p1a: Calyrex|Draining Kiss|p2a: Grimmsnarl\n|-supereffective|p2a: Grimmsnarl\n|-damage|p2a: Grimmsnarl|23\/100\n|\n|upkeep\n|turn|22\n|j| s3rp3rior\n|\n|t:|1698795784\n|move|p2a: Grimmsnarl|Sucker Punch|p1a: Calyrex\n|-supereffective|p1a: Calyrex\n|-enditem|p1a: Calyrex|Focus Sash\n|-damage|p1a: Calyrex|1\/100\n|move|p1a: Calyrex|Psyshock|p2a: Grimmsnarl\n|-immune|p2a: Grimmsnarl\n|\n|upkeep\n|turn|23\n|\n|t:|1698795793\n|move|p2a: Grimmsnarl|Sucker Punch||[still]\n|-fail|p2a: Grimmsnarl\n|move|p1a: Calyrex|Will-O-Wisp|p2a: Grimmsnarl\n|-status|p2a: Grimmsnarl|brn\n|\n|-damage|p2a: Grimmsnarl|16\/100 brn|[from] brn\n|-fieldend|move: Electric Terrain\n|upkeep\n|turn|24\n|\n|t:|1698795800\n|switch|p1a: Shaymin|Shaymin-Sky|100\/100\n|move|p2a: Grimmsnarl|Spirit Break|p1a: Shaymin\n|-damage|p1a: Shaymin|81\/100\n|-unboost|p1a: Shaymin|spa|1\n|\n|-damage|p2a: Grimmsnarl|10\/100 brn|[from] brn\n|upkeep\n|turn|25\n|\n|t:|1698795811\n|move|p2a: Grimmsnarl|Parting Shot|p1a: Shaymin\n|-unboost|p1a: Shaymin|atk|1\n|-unboost|p1a: Shaymin|spa|1\n|\n|t:|1698795817\n|switch|p2a: Blissey|Blissey, F|100\/100|[from] Parting Shot\n|move|p1a: Shaymin|Trailblaze|p2a: Blissey\n|-damage|p2a: Blissey|78\/100\n|-boost|p1a: Shaymin|spe|1\n|\n|upkeep\n|turn|26\n|l| s3rp3rior\n|\n|t:|1698795825\n|move|p1a: Shaymin|Seed Flare|p2a: Blissey\n|-damage|p2a: Blissey|70\/100\n|move|p2a: Blissey|Stealth Rock|p1a: Shaymin\n|-sidestart|p1: Hamonic Dog|move: Stealth Rock\n|\n|upkeep\n|turn|27\n|\n|t:|1698795839\n|move|p1a: Shaymin|Seed Flare|p2a: Blissey\n|-damage|p2a: Blissey|61\/100\n|move|p2a: Blissey|Seismic Toss|p1a: Shaymin\n|-damage|p1a: Shaymin|52\/100\n|\n|upkeep\n|turn|28\n|\n|t:|1698795848\n|move|p1a: Shaymin|Seed Flare|p2a: Blissey|[miss]\n|-miss|p1a: Shaymin|p2a: Blissey\n|move|p2a: Blissey|Soft-Boiled|p2a: Blissey\n|-heal|p2a: Blissey|100\/100\n|\n|upkeep\n|turn|29\n|\n|t:|1698795854\n|switch|p1a: Calyrex|Calyrex-Shadow|1\/100\n|-ability|p1a: Calyrex|As One\n|-ability|p1a: Calyrex|Unnerve\n|-damage|p1a: Calyrex|0 fnt|[from] Stealth Rock\n|faint|p1a: Calyrex\n|move|p2a: Blissey|Seismic Toss|p1: Calyrex|[notarget]\n|-fail|p2a: Blissey\n|\n|upkeep\n|\n|t:|1698795855\n|switch|p1a: Shaymin|Shaymin-Sky|52\/100\n|-damage|p1a: Shaymin|27\/100|[from] Stealth Rock\n|turn|30\n|\n|t:|1698795865\n|move|p1a: Shaymin|Seed Flare|p2a: Blissey\n|-damage|p2a: Blissey|85\/100\n|-unboost|p2a: Blissey|spd|2\n|move|p2a: Blissey|Seismic Toss|p1a: Shaymin\n|-damage|p1a: Shaymin|0 fnt\n|faint|p1a: Shaymin\n|\n|upkeep\n|\n|t:|1698795868\n|switch|p1a: Kingambit|Kingambit, M|100\/100\n|-damage|p1a: Kingambit|94\/100|[from] Stealth Rock\n|-activate|p1a: Kingambit|ability: Supreme Overlord\n|-start|p1a: Kingambit|fallen5|[silent]\n|turn|31\n|\n|t:|1698795877\n|switch|p2a: Moltres|Moltres|64\/100\n|move|p1a: Kingambit|Kowtow Cleave|p2a: Moltres\n|-damage|p2a: Moltres|17\/100\n|-status|p1a: Kingambit|brn|[from] ability: Flame Body|[of] p2a: Moltres\n|\n|-damage|p1a: Kingambit|88\/100 brn|[from] brn\n|upkeep\n|turn|32\n|\n|t:|1698795887\n|move|p2a: Moltres|Roost|p2a: Moltres\n|-heal|p2a: Moltres|67\/100\n|-singleturn|p2a: Moltres|move: Roost\n|move|p1a: Kingambit|Kowtow Cleave|p2a: Moltres\n|-damage|p2a: Moltres|42\/100\n|\n|-damage|p1a: Kingambit|82\/100 brn|[from] brn\n|upkeep\n|turn|33\n|-message|Hamonic Dog forfeited.\n|\n|win|eurybie\n|raw|Hamonic Dog's rating: 1610 &rarr; <strong>1601<\/strong><br \/>(-9 for losing)\n|raw|eurybie's rating: 1836 &rarr; <strong>1845<\/strong><br \/>(+9 for winning)\n|l|\u2606Hamonic Dog\n","uploadtime":1698795951,"views":8,"p1id":"hamonicdog","p2id":"eurybie","formatid":"gen9anythinggoes","rating":1601,"private":0,"password":""}