{"id":"gen9anythinggoes-1998057189","p1":"Mr Abingdon","p2":"Am Pokmon","format":"[Gen 9] Anything Goes","log":"|j|\u2606Mr Abingdon\n|j|\u2606Am Pokmon\n|t:|1700884770\n|gametype|singles\n|player|p1|Mr Abingdon|266|1112\n|player|p2|Am Pokmon|gambler|1002\n|teamsize|p1|6\n|teamsize|p2|6\n|gen|9\n|tier|[Gen 9] Anything Goes\n|rated|\n|rule|HP Percentage Mod: HP is shown in percentages\n|rule|Endless Battle Clause: Forcing endless battles is banned\n|clearpoke\n|poke|p1|Maushold-Four|\n|poke|p1|Flutter Mane|\n|poke|p1|Miraidon|\n|poke|p1|Rabsca, M|\n|poke|p1|Garganacl, F|\n|poke|p1|Houndstone, M|\n|poke|p2|Drifblim, M|\n|poke|p2|Quaquaval, M|\n|poke|p2|Zangoose, F|\n|poke|p2|Alomomola, M|\n|poke|p2|Dudunsparce-*, F|\n|poke|p2|Flutter Mane|\n|teampreview\n|\n|t:|1700884786\n|start\n|switch|p1a: Maushold|Maushold-Four|100\/100\n|switch|p2a: Drif|Drifblim, M|100\/100\n|turn|1\n|\n|t:|1700884796\n|switch|p1a: DeMarco|Miraidon|100\/100\n|-fieldstart|move: Electric Terrain|[from] ability: Hadron Engine|[of] p1a: DeMarco\n|move|p2a: Drif|Minimize|p2a: Drif\n|-boost|p2a: Drif|evasion|2\n|\n|upkeep\n|turn|2\n|\n|t:|1700884804\n|-terastallize|p1a: DeMarco|Electric\n|move|p1a: DeMarco|Electro Drift|p2a: Drif|[miss]\n|-miss|p1a: DeMarco|p2a: Drif\n|move|p2a: Drif|Minimize|p2a: Drif\n|-boost|p2a: Drif|evasion|2\n|\n|upkeep\n|turn|3\n|\n|t:|1700884813\n|move|p1a: DeMarco|Electro Drift|p2a: Drif|[miss]\n|-miss|p1a: DeMarco|p2a: Drif\n|move|p2a: Drif|Substitute|p2a: Drif\n|-start|p2a: Drif|Substitute\n|-damage|p2a: Drif|75\/100\n|\n|-heal|p2a: Drif|82\/100|[from] item: Leftovers\n|upkeep\n|turn|4\n|\n|t:|1700884820\n|move|p1a: DeMarco|Electro Drift|p2a: Drif|[miss]\n|-miss|p1a: DeMarco|p2a: Drif\n|move|p2a: Drif|Minimize|p2a: Drif\n|-boost|p2a: Drif|evasion|2\n|\n|-heal|p2a: Drif|88\/100|[from] item: Leftovers\n|upkeep\n|turn|5\n|\n|t:|1700884828\n|move|p1a: DeMarco|Electro Drift|p2a: Drif|[miss]\n|-miss|p1a: DeMarco|p2a: Drif\n|move|p2a: Drif|Calm Mind|p2a: Drif\n|-boost|p2a: Drif|spa|1\n|-boost|p2a: Drif|spd|1\n|\n|-heal|p2a: Drif|94\/100|[from] item: Leftovers\n|-fieldend|move: Electric Terrain\n|upkeep\n|turn|6\n|\n|t:|1700884834\n|move|p1a: DeMarco|Electro Drift|p2a: Drif|[miss]\n|-miss|p1a: DeMarco|p2a: Drif\n|move|p2a: Drif|Calm Mind|p2a: Drif\n|-boost|p2a: Drif|spa|1\n|-boost|p2a: Drif|spd|1\n|\n|-heal|p2a: Drif|99\/100|[from] item: Leftovers\n|upkeep\n|turn|7\n|\n|t:|1700884844\n|move|p1a: DeMarco|Electro Drift|p2a: Drif|[miss]\n|-miss|p1a: DeMarco|p2a: Drif\n|move|p2a: Drif|Calm Mind|p2a: Drif\n|-boost|p2a: Drif|spa|1\n|-boost|p2a: Drif|spd|1\n|\n|-heal|p2a: Drif|100\/100|[from] item: Leftovers\n|upkeep\n|turn|8\n|\n|t:|1700884851\n|switch|p1a: Rabsca|Rabsca, M, shiny|100\/100\n|move|p2a: Drif|Calm Mind|p2a: Drif\n|-boost|p2a: Drif|spa|1\n|-boost|p2a: Drif|spd|1\n|\n|upkeep\n|turn|9\n|\n|t:|1700884856\n|move|p2a: Drif|Calm Mind|p2a: Drif\n|-boost|p2a: Drif|spa|1\n|-boost|p2a: Drif|spd|1\n|move|p1a: Rabsca|Trick Room|p1a: Rabsca\n|-fieldstart|move: Trick Room|[of] p1a: Rabsca\n|\n|upkeep\n|turn|10\n|\n|t:|1700884862\n|switch|p1a: SSSReplacement|Garganacl, F, shiny|100\/100\n|move|p2a: Drif|Calm Mind|p2a: Drif\n|-boost|p2a: Drif|spa|1\n|-boost|p2a: Drif|spd|1\n|\n|upkeep\n|turn|11\n|\n|t:|1700884869\n|move|p1a: SSSReplacement|Iron Defense|p1a: SSSReplacement\n|-boost|p1a: SSSReplacement|def|2\n|move|p2a: Drif|Baton Pass|p2a: Drif\n|\n|t:|1700884881\n|switch|p2a: Alo|Alomomola, M|100\/100|[from] Baton Pass\n|\n|upkeep\n|turn|12\n|inactive|Battle timer is ON: inactive players will automatically lose when time's up. (requested by Am Pokmon)\n|\n|t:|1700884888\n|move|p1a: SSSReplacement|Salt Cure|p2a: Alo\n|-activate|p2a: Alo|move: Substitute|[damage]\n|move|p2a: Alo|Aqua Ring|p2a: Alo\n|-start|p2a: Alo|Aqua Ring\n|\n|upkeep\n|turn|13\n|\n|t:|1700884896\n|move|p1a: SSSReplacement|Body Press|p2a: Alo\n|-end|p2a: Alo|Substitute\n|move|p2a: Alo|Baton Pass|p2a: Alo\n|\n|t:|1700884905\n|switch|p2a: Quaq|Quaquaval, M|100\/100|[from] Baton Pass\n|\n|-fieldend|move: Trick Room\n|upkeep\n|turn|14\n|\n|t:|1700884915\n|move|p2a: Quaq|Focus Energy|p2a: Quaq\n|-start|p2a: Quaq|move: Focus Energy\n|move|p1a: SSSReplacement|Salt Cure|p2a: Quaq\n|-resisted|p2a: Quaq\n|-damage|p2a: Quaq|93\/100\n|-start|p2a: Quaq|Salt Cure\n|\n|-heal|p2a: Quaq|99\/100|[from] Aqua Ring\n|-damage|p2a: Quaq|75\/100|[from] Salt Cure\n|upkeep\n|turn|15\n|\n|t:|1700884933\n|switch|p1a: Flutter Mane|Flutter Mane, shiny|100\/100\n|move|p2a: Quaq|Baton Pass|p2a: Quaq\n|\n|t:|1700884952\n|switch|p2a: Dud|Dudunsparce-Three-Segment, F|100\/100|[from] Baton Pass\n|\n|upkeep\n|turn|16\n|\n|t:|1700884958\n|move|p1a: Flutter Mane|Moonblast|p2a: Dud\n|-damage|p2a: Dud|87\/100\n|-damage|p1a: Flutter Mane|91\/100|[from] item: Life Orb\n|move|p2a: Dud|Coil|p2a: Dud\n|-boost|p2a: Dud|atk|1\n|-boost|p2a: Dud|def|1\n|-boost|p2a: Dud|accuracy|1\n|\n|-heal|p2a: Dud|93\/100|[from] item: Leftovers\n|-heal|p2a: Dud|99\/100|[from] Aqua Ring\n|upkeep\n|turn|17\n|\n|t:|1700884965\n|move|p1a: Flutter Mane|Mystical Fire|p2a: Dud|[miss]\n|-miss|p1a: Flutter Mane|p2a: Dud\n|move|p2a: Dud|Coil|p2a: Dud\n|-boost|p2a: Dud|atk|1\n|-boost|p2a: Dud|def|1\n|-boost|p2a: Dud|accuracy|1\n|\n|-heal|p2a: Dud|100\/100|[from] item: Leftovers\n|upkeep\n|turn|18\n|\n|t:|1700884975\n|move|p1a: Flutter Mane|Mystical Fire|p2a: Dud\n|-damage|p2a: Dud|93\/100\n|-unboost|p2a: Dud|spa|1\n|-damage|p1a: Flutter Mane|81\/100|[from] item: Life Orb\n|move|p2a: Dud|Coil|p2a: Dud\n|-boost|p2a: Dud|atk|1\n|-boost|p2a: Dud|def|1\n|-boost|p2a: Dud|accuracy|1\n|\n|-heal|p2a: Dud|99\/100|[from] item: Leftovers\n|-heal|p2a: Dud|100\/100|[from] Aqua Ring\n|upkeep\n|turn|19\n|\n|t:|1700884988\n|move|p1a: Flutter Mane|Mystical Fire|p2a: Dud|[miss]\n|-miss|p1a: Flutter Mane|p2a: Dud\n|move|p2a: Dud|Coil|p2a: Dud\n|-boost|p2a: Dud|atk|1\n|-boost|p2a: Dud|def|1\n|-boost|p2a: Dud|accuracy|1\n|\n|upkeep\n|turn|20\n|\n|t:|1700884996\n|-end|p1a: Flutter Mane|Protosynthesis|[silent]\n|switch|p1a: Maushold|Maushold-Four|100\/100\n|move|p2a: Dud|Coil|p2a: Dud\n|-boost|p2a: Dud|atk|1\n|-boost|p2a: Dud|def|1\n|-boost|p2a: Dud|accuracy|1\n|\n|upkeep\n|turn|21\n|\n|t:|1700885003\n|move|p1a: Maushold|Encore|p2a: Dud|[miss]\n|-miss|p1a: Maushold|p2a: Dud\n|move|p2a: Dud|Coil|p2a: Dud\n|-boost|p2a: Dud|atk|1\n|-boost|p2a: Dud|def|1\n|-boost|p2a: Dud|accuracy|1\n|\n|upkeep\n|turn|22\n|\n|t:|1700885014\n|move|p1a: Maushold|Encore|p2a: Dud|[miss]\n|-miss|p1a: Maushold|p2a: Dud\n|move|p2a: Dud|Coil|p2a: Dud\n|-boost|p2a: Dud|atk|0\n|-boost|p2a: Dud|def|0\n|-boost|p2a: Dud|accuracy|0\n|\n|upkeep\n|turn|23\n|\n|t:|1700885018\n|move|p1a: Maushold|Encore|p2a: Dud|[miss]\n|-miss|p1a: Maushold|p2a: Dud\n|move|p2a: Dud|Agility|p2a: Dud\n|-boost|p2a: Dud|spe|2\n|\n|upkeep\n|turn|24\n|\n|t:|1700885021\n|move|p2a: Dud|Agility|p2a: Dud\n|-boost|p2a: Dud|spe|2\n|move|p1a: Maushold|Encore|p2a: Dud|[miss]\n|-miss|p1a: Maushold|p2a: Dud\n|\n|upkeep\n|turn|25\n|\n|t:|1700885027\n|move|p2a: Dud|Agility|p2a: Dud\n|-boost|p2a: Dud|spe|2\n|move|p1a: Maushold|Encore|p2a: Dud|[miss]\n|-miss|p1a: Maushold|p2a: Dud\n|\n|upkeep\n|turn|26\n|\n|t:|1700885032\n|move|p2a: Dud|Baton Pass|p2a: Dud\n|\n|t:|1700885035\n|switch|p2a: Zang|Zangoose, F|100\/100|[from] Baton Pass\n|move|p1a: Maushold|Encore|p2a: Zang|[miss]\n|-miss|p1a: Maushold|p2a: Zang\n|\n|upkeep\n|turn|27\n|\n|t:|1700885044\n|move|p2a: Zang|Baton Pass|p2a: Zang\n|\n|t:|1700885047\n|switch|p2a: Alo|Alomomola, M|100\/100|[from] Baton Pass\n|move|p1a: Maushold|Population Bomb|p2a: Alo|[miss]\n|-miss|p1a: Maushold|p2a: Alo\n|\n|upkeep\n|turn|28\n|\n|t:|1700885058\n|move|p2a: Alo|Calm Mind|p2a: Alo\n|-boost|p2a: Alo|spa|1\n|-boost|p2a: Alo|spd|0\n|move|p1a: Maushold|Population Bomb|p2a: Alo|[miss]\n|-miss|p1a: Maushold|p2a: Alo\n|\n|upkeep\n|turn|29\n|\n|t:|1700885062\n|move|p2a: Alo|Baton Pass|p2a: Alo\n|\n|t:|1700885064\n|switch|p2a: Flutter|Flutter Mane|100\/100|[from] Baton Pass\n|move|p1a: Maushold|Encore|p2a: Flutter|[miss]\n|-miss|p1a: Maushold|p2a: Flutter\n|\n|upkeep\n|turn|30\n|\n|t:|1700885081\n|switch|p1a: Rabsca|Rabsca, M, shiny|100\/100\n|move|p2a: Flutter|Stored Power|p1a: Rabsca\n|-resisted|p1a: Rabsca\n|-crit|p1a: Rabsca\n|-damage|p1a: Rabsca|0 fnt\n|faint|p1a: Rabsca\n|\n|upkeep\n|\n|t:|1700885094\n|switch|p1a: SSSReplacement|Garganacl, F, shiny|100\/100\n|turn|31\n|inactive|Am Pokmon has 120 seconds left.\n|inactive|Am Pokmon has 90 seconds left.\n|\n|t:|1700885171\n|move|p2a: Flutter|Stored Power|p1a: SSSReplacement\n|-crit|p1a: SSSReplacement\n|-damage|p1a: SSSReplacement|0 fnt\n|faint|p1a: SSSReplacement\n|\n|upkeep\n|\n|t:|1700885184\n|switch|p1a: Flutter Mane|Flutter Mane, shiny|81\/100\n|turn|32\n|\n|t:|1700885192\n|move|p2a: Flutter|Draining Kiss|p1a: Flutter Mane\n|-damage|p1a: Flutter Mane|0 fnt\n|faint|p1a: Flutter Mane\n|-end|p1a: Flutter Mane|Protosynthesis|[silent]\n|\n|upkeep\n|inactive|Mr Abingdon has 120 seconds left.\n|\n|t:|1700885217\n|switch|p1a: Houndstone|Houndstone, M|100\/100\n|turn|33\n|\n|t:|1700885221\n|move|p2a: Flutter|Dazzling Gleam|p1a: Houndstone\n|-crit|p1a: Houndstone\n|-damage|p1a: Houndstone|0 fnt\n|faint|p1a: Houndstone\n|\n|upkeep\n|\n|t:|1700885226\n|switch|p1a: DeMarco|Miraidon, tera:Electric|100\/100\n|-fieldstart|move: Electric Terrain|[from] ability: Hadron Engine|[of] p1a: DeMarco\n|turn|34\n|\n|t:|1700885233\n|move|p2a: Flutter|Substitute|p2a: Flutter\n|-start|p2a: Flutter|Substitute\n|-damage|p2a: Flutter|76\/100\n|move|p1a: DeMarco|Electro Drift|p2a: Flutter|[miss]\n|-miss|p1a: DeMarco|p2a: Flutter\n|\n|-heal|p2a: Flutter|82\/100|[from] Aqua Ring\n|upkeep\n|turn|35\n|\n|t:|1700885255\n|-terastallize|p2a: Flutter|Fairy\n|move|p2a: Flutter|Draining Kiss|p1a: DeMarco\n|-damage|p1a: DeMarco|19\/100\n|-heal|p2a: Flutter|100\/100|[from] drain|[of] p1a: DeMarco\n|move|p1a: DeMarco|Electro Drift|p2a: Flutter\n|-end|p2a: Flutter|Substitute\n|\n|upkeep\n|turn|36\n|j| MeltedSea\n|\n|t:|1700885275\n|move|p2a: Flutter|Draining Kiss|p1a: DeMarco\n|-crit|p1a: DeMarco\n|-damage|p1a: DeMarco|0 fnt\n|faint|p1a: DeMarco\n|\n|upkeep\n|\n|t:|1700885277\n|switch|p1a: Maushold|Maushold-Four|100\/100\n|turn|37\n|\n|t:|1700885282\n|move|p2a: Flutter|Substitute|p2a: Flutter\n|-start|p2a: Flutter|Substitute\n|-damage|p2a: Flutter|76\/100\n|move|p1a: Maushold|Population Bomb|p2a: Flutter\n|-activate|p2a: Flutter|move: Substitute|[damage]\n|-activate|p2a: Flutter|move: Substitute|[damage]\n|-hitcount|p2a: Flutter|2\n|\n|-heal|p2a: Flutter|82\/100|[from] Aqua Ring\n|upkeep\n|turn|38\n|\n|t:|1700885298\n|move|p2a: Flutter|Draining Kiss|p1a: Maushold\n|-crit|p1a: Maushold\n|-damage|p1a: Maushold|0 fnt\n|-heal|p2a: Flutter|100\/100|[from] drain|[of] p1a: Maushold\n|faint|p1a: Maushold\n|\n|win|Am Pokmon\n|raw|Mr Abingdon's rating: 1112 &rarr; <strong>1079<\/strong><br \/>(-33 for losing)\n|raw|Am Pokmon's rating: 1002 &rarr; <strong>1054<\/strong><br \/>(+52 for winning)\n","uploadtime":1700885304,"views":0,"p1id":"mrabingdon","p2id":"ampokmon","formatid":"gen9anythinggoes","rating":1054,"private":0,"password":""}