{"id":"gen9anythinggoes-1998080544","p1":"Kuziee","p2":"MEME\/\/BRAIN","format":"[Gen 9] Anything Goes","log":"|j|\u2606Kuziee\n|j|\u2606MEME\/\/BRAIN\n|t:|1700888125\n|gametype|singles\n|player|p1|Kuziee|roxie|1294\n|player|p2|MEME\/\/BRAIN|guitarist|1348\n|teamsize|p1|6\n|teamsize|p2|6\n|gen|9\n|tier|[Gen 9] Anything Goes\n|rated|\n|rule|HP Percentage Mod: HP is shown in percentages\n|rule|Endless Battle Clause: Forcing endless battles is banned\n|clearpoke\n|poke|p1|Gholdengo|\n|poke|p1|Hippowdon, M|\n|poke|p1|Eternatus|\n|poke|p1|Gliscor, M|\n|poke|p1|Kyogre|\n|poke|p1|Spidops, M|\n|poke|p2|Cyclizar, M|\n|poke|p2|Espathra, F|\n|poke|p2|Cloyster, F|\n|poke|p2|Drifblim, F|\n|poke|p2|Skeledirge, M|\n|poke|p2|Mew|\n|teampreview\n|\n|t:|1700888144\n|start\n|switch|p1a: Hippowdon|Hippowdon, M|100\/100\n|switch|p2a: B A L L O O N|Drifblim, F|100\/100\n|-weather|Sandstorm|[from] ability: Sand Stream|[of] p1a: Hippowdon\n|turn|1\n|c|\u2606MEME\/\/BRAIN|That spidops is scary\n|inactive|Battle timer is ON: inactive players will automatically lose when time's up. (requested by MEME\/\/BRAIN)\n|\n|t:|1700888171\n|-terastallize|p2a: B A L L O O N|Ground\n|move|p2a: B A L L O O N|Minimize|p2a: B A L L O O N\n|-boost|p2a: B A L L O O N|evasion|2\n|move|p1a: Hippowdon|Whirlwind|p2a: B A L L O O N\n|drag|p2a: Crest ov L@bi@|Cloyster, F, shiny|100\/100\n|\n|-weather|Sandstorm|[upkeep]\n|-damage|p2a: Crest ov L@bi@|94\/100|[from] Sandstorm\n|upkeep\n|turn|2\n|\n|t:|1700888197\n|move|p2a: Crest ov L@bi@|Icicle Spear|p1a: Hippowdon\n|-supereffective|p1a: Hippowdon\n|-damage|p1a: Hippowdon|88\/100\n|-supereffective|p1a: Hippowdon\n|-damage|p1a: Hippowdon|76\/100\n|-supereffective|p1a: Hippowdon\n|-damage|p1a: Hippowdon|63\/100\n|-supereffective|p1a: Hippowdon\n|-crit|p1a: Hippowdon\n|-damage|p1a: Hippowdon|45\/100\n|-supereffective|p1a: Hippowdon\n|-damage|p1a: Hippowdon|33\/100\n|-hitcount|p1a: Hippowdon|5\n|move|p1a: Hippowdon|Whirlwind|p2a: Crest ov L@bi@\n|drag|p2a: Cycle|Cyclizar, M|100\/100\n|\n|-weather|Sandstorm|[upkeep]\n|-damage|p2a: Cycle|94\/100|[from] Sandstorm\n|-heal|p1a: Hippowdon|40\/100|[from] item: Leftovers\n|upkeep\n|turn|3\n|inactive|Kuziee has 120 seconds left.\n|\n|t:|1700888214\n|move|p1a: Hippowdon|Stealth Rock|p2a: Cycle\n|-sidestart|p2: MEME\/\/BRAIN|move: Stealth Rock\n|move|p2a: Cycle|Dragon Tail|p1a: Hippowdon|[miss]\n|-miss|p2a: Cycle|p1a: Hippowdon\n|\n|-weather|Sandstorm|[upkeep]\n|-damage|p2a: Cycle|88\/100|[from] Sandstorm\n|-heal|p1a: Hippowdon|46\/100|[from] item: Leftovers\n|upkeep\n|turn|4\n|\n|t:|1700888224\n|switch|p1a: Spidops|Spidops, M|100\/100\n|move|p2a: Cycle|Dragon Tail|p1a: Spidops\n|-damage|p1a: Spidops|78\/100\n|drag|p1a: Hippowdon|Hippowdon, M|46\/100\n|\n|-weather|Sandstorm|[upkeep]\n|-damage|p2a: Cycle|82\/100|[from] Sandstorm\n|-heal|p1a: Hippowdon|52\/100|[from] item: Leftovers\n|upkeep\n|turn|5\n|\n|t:|1700888237\n|move|p2a: Cycle|Rapid Spin|p1a: Hippowdon\n|-damage|p1a: Hippowdon|42\/100\n|-boost|p2a: Cycle|spe|1\n|-sideend|p2: MEME\/\/BRAIN|Stealth Rock|[from] move: Rapid Spin|[of] p2a: Cycle\n|move|p1a: Hippowdon|Slack Off|p1a: Hippowdon\n|-heal|p1a: Hippowdon|92\/100\n|\n|-weather|none\n|-heal|p1a: Hippowdon|98\/100|[from] item: Leftovers\n|upkeep\n|turn|6\n|\n|t:|1700888247\n|move|p1a: Hippowdon|Stealth Rock|p2a: Cycle\n|-sidestart|p2: MEME\/\/BRAIN|move: Stealth Rock\n|move|p2a: Cycle|Dragon Tail|p1a: Hippowdon\n|-damage|p1a: Hippowdon|87\/100\n|drag|p1a: Spidops|Spidops, M|78\/100\n|\n|-heal|p1a: Spidops|84\/100|[from] item: Leftovers\n|upkeep\n|turn|7\n|\n|t:|1700888257\n|switch|p1a: Gholdengo|Gholdengo|100\/100\n|move|p2a: Cycle|Rapid Spin|p1a: Gholdengo\n|-immune|p1a: Gholdengo\n|\n|upkeep\n|turn|8\n|-activate|p2a: Cycle|item: Quick Claw\n|\n|t:|1700888267\n|move|p2a: Cycle|Shed Tail|p2a: Cycle\n|-start|p2a: Cycle|Substitute|[from] move: Shed Tail\n|-damage|p2a: Cycle|32\/100\n|\n|t:|1700888272\n|switch|p2a: B A L L O O N|Drifblim, F, tera:Ground|100\/100|[from] Shed Tail\n|-damage|p2a: B A L L O O N|94\/100|[from] Stealth Rock\n|move|p1a: Gholdengo|Nasty Plot|p1a: Gholdengo\n|-boost|p1a: Gholdengo|spa|2\n|\n|-heal|p2a: B A L L O O N|100\/100|[from] item: Leftovers\n|upkeep\n|turn|9\n|\n|t:|1700888290\n|switch|p1a: Hippowdon|Hippowdon, M|87\/100\n|-weather|Sandstorm|[from] ability: Sand Stream|[of] p1a: Hippowdon\n|move|p2a: B A L L O O N|Minimize|p2a: B A L L O O N\n|-boost|p2a: B A L L O O N|evasion|2\n|\n|-weather|Sandstorm|[upkeep]\n|-heal|p1a: Hippowdon|93\/100|[from] item: Leftovers\n|upkeep\n|turn|10\n|\n|t:|1700888302\n|move|p2a: B A L L O O N|Knock Off|p1a: Hippowdon\n|-damage|p1a: Hippowdon|82\/100\n|-enditem|p1a: Hippowdon|Leftovers|[from] move: Knock Off|[of] p2a: B A L L O O N\n|move|p1a: Hippowdon|Whirlwind|p2a: B A L L O O N\n|drag|p2a: BirB|Espathra, F|100\/100\n|-damage|p2a: BirB|88\/100|[from] Stealth Rock\n|\n|-weather|Sandstorm|[upkeep]\n|-damage|p2a: BirB|82\/100|[from] Sandstorm\n|upkeep\n|turn|11\n|\n|t:|1700888318\n|switch|p1a: Spidops|Spidops, M|84\/100\n|move|p2a: BirB|Calm Mind|p2a: BirB\n|-boost|p2a: BirB|spa|1\n|-boost|p2a: BirB|spd|1\n|\n|-weather|Sandstorm|[upkeep]\n|-damage|p2a: BirB|76\/100|[from] Sandstorm\n|-damage|p1a: Spidops|78\/100|[from] Sandstorm\n|-heal|p1a: Spidops|84\/100|[from] item: Leftovers\n|-ability|p2a: BirB|Speed Boost|boost\n|-boost|p2a: BirB|spe|1\n|upkeep\n|turn|12\n|\n|t:|1700888332\n|move|p2a: BirB|Calm Mind|p2a: BirB\n|-boost|p2a: BirB|spa|1\n|-boost|p2a: BirB|spd|1\n|move|p1a: Spidops|Circle Throw|p2a: BirB\n|-resisted|p2a: BirB\n|-damage|p2a: BirB|69\/100\n|drag|p2a: B A L L O O N|Drifblim, F, tera:Ground|100\/100\n|-damage|p2a: B A L L O O N|94\/100|[from] Stealth Rock\n|\n|-weather|Sandstorm|[upkeep]\n|-damage|p1a: Spidops|78\/100|[from] Sandstorm\n|-heal|p2a: B A L L O O N|100\/100|[from] item: Leftovers\n|-heal|p1a: Spidops|84\/100|[from] item: Leftovers\n|upkeep\n|turn|13\n|\n|t:|1700888348\n|move|p2a: B A L L O O N|Minimize|p2a: B A L L O O N\n|-boost|p2a: B A L L O O N|evasion|2\n|move|p1a: Spidops|Knock Off|p2a: B A L L O O N|[miss]\n|-miss|p1a: Spidops|p2a: B A L L O O N\n|\n|-weather|none\n|-heal|p1a: Spidops|90\/100|[from] item: Leftovers\n|upkeep\n|turn|14\n|\n|t:|1700888358\n|move|p2a: B A L L O O N|Baton Pass|p2a: B A L L O O N\n|\n|t:|1700888360\n|switch|p2a: Blew|Mew, shiny|100\/100|[from] Baton Pass\n|-damage|p2a: Blew|88\/100|[from] Stealth Rock\n|move|p1a: Spidops|Sticky Web|p2a: Blew\n|-sidestart|p2: MEME\/\/BRAIN|move: Sticky Web\n|\n|-heal|p1a: Spidops|96\/100|[from] item: Leftovers\n|upkeep\n|turn|15\n|\n|t:|1700888376\n|move|p2a: Blew|Imprison|p2a: Blew\n|-start|p2a: Blew|move: Imprison\n|move|p1a: Spidops|Knock Off|p2a: Blew\n|-supereffective|p2a: Blew\n|-damage|p2a: Blew|35\/100\n|-enditem|p2a: Blew|Focus Sash|[from] move: Knock Off|[of] p1a: Spidops\n|\n|-heal|p1a: Spidops|100\/100|[from] item: Leftovers\n|upkeep\n|turn|16\n|\n|t:|1700888386\n|move|p2a: Blew|Transform|p1a: Spidops\n|-transform|p2a: Blew|p1a: Spidops\n|cant|p1a: Spidops|move: Imprison|Knock Off\n|\n|upkeep\n|turn|17\n|\n|t:|1700888398\n|-activate|p1a: Spidops|move: Struggle\n|move|p1a: Spidops|Struggle|p2a: Blew\n|-damage|p2a: Blew|22\/100\n|-damage|p1a: Spidops|75\/100|[from] recoil\n|move|p2a: Blew|Spikes|p1a: Spidops\n|-sidestart|p1: Kuziee|Spikes\n|\n|-heal|p1a: Spidops|82\/100|[from] item: Leftovers\n|upkeep\n|turn|18\n|\n|t:|1700888409\n|switch|p1a: Gholdengo|Gholdengo|100\/100\n|-damage|p1a: Gholdengo|88\/100|[from] Spikes\n|move|p2a: Blew|Sticky Web|p1a: Gholdengo\n|-sidestart|p1: Kuziee|move: Sticky Web\n|\n|upkeep\n|turn|19\n|\n|t:|1700888419\n|move|p1a: Gholdengo|Make It Rain|p2a: Blew\n|-damage|p2a: Blew|0 fnt\n|-unboost|p1a: Gholdengo|spa|1\n|faint|p2a: Blew\n|\n|upkeep\n|\n|t:|1700888427\n|switch|p2a: Cycle|Cyclizar, M|65\/100\n|-damage|p2a: Cycle|53\/100|[from] Stealth Rock\n|-activate|p2a: Cycle|move: Sticky Web\n|-unboost|p2a: Cycle|spe|1\n|turn|20\n|\n|t:|1700888435\n|switch|p1a: Eternatus|Eternatus|100\/100\n|-damage|p1a: Eternatus|88\/100|[from] Spikes\n|-activate|p1a: Eternatus|move: Sticky Web\n|-unboost|p1a: Eternatus|spe|1\n|-ability|p1a: Eternatus|Pressure\n|move|p2a: Cycle|Dragon Tail|p1a: Eternatus\n|-supereffective|p1a: Eternatus\n|-damage|p1a: Eternatus|55\/100\n|drag|p1a: Gliscor|Gliscor, M|100\/100\n|\n|-status|p1a: Gliscor|tox|[from] item: Toxic Orb\n|upkeep\n|turn|21\n|\n|t:|1700888452\n|move|p2a: Cycle|Rapid Spin|p1a: Gliscor\n|-damage|p1a: Gliscor|88\/100 tox\n|-boost|p2a: Cycle|spe|1\n|-sideend|p2: MEME\/\/BRAIN|Stealth Rock|[from] move: Rapid Spin|[of] p2a: Cycle\n|-sideend|p2: MEME\/\/BRAIN|Sticky Web|[from] move: Rapid Spin|[of] p2a: Cycle\n|move|p1a: Gliscor|Substitute|p1a: Gliscor\n|-start|p1a: Gliscor|Substitute\n|-damage|p1a: Gliscor|63\/100 tox\n|\n|-heal|p1a: Gliscor|75\/100 tox|[from] ability: Poison Heal\n|upkeep\n|turn|22\n|\n|t:|1700888464\n|move|p2a: Cycle|Shed Tail|p2a: Cycle\n|-start|p2a: Cycle|Substitute|[from] move: Shed Tail\n|-damage|p2a: Cycle|3\/100\n|\n|t:|1700888467\n|switch|p2a: BirB|Espathra, F|69\/100|[from] Shed Tail\n|move|p1a: Gliscor|Earthquake|p2a: BirB\n|-end|p2a: BirB|Substitute\n|\n|-heal|p1a: Gliscor|88\/100 tox|[from] ability: Poison Heal\n|upkeep\n|turn|23\n|\n|t:|1700888478\n|move|p2a: BirB|Calm Mind|p2a: BirB\n|-boost|p2a: BirB|spa|1\n|-boost|p2a: BirB|spd|1\n|move|p1a: Gliscor|Toxic|p2a: BirB\n|-status|p2a: BirB|tox\n|\n|-damage|p2a: BirB|63\/100 tox|[from] psn\n|-heal|p1a: Gliscor|99\/100 tox|[from] ability: Poison Heal\n|-ability|p2a: BirB|Speed Boost|boost\n|-boost|p2a: BirB|spe|1\n|upkeep\n|turn|24\n|c|\u2606Kuziee|I'm a professional racist person\n|\n|t:|1700888500\n|move|p2a: BirB|Stored Power|p1a: Gliscor\n|-end|p1a: Gliscor|Substitute\n|move|p1a: Gliscor|Earthquake|p2a: BirB\n|-crit|p2a: BirB\n|-damage|p2a: BirB|24\/100 tox\n|\n|-damage|p2a: BirB|12\/100 tox|[from] psn\n|-heal|p1a: Gliscor|100\/100 tox|[from] ability: Poison Heal\n|-ability|p2a: BirB|Speed Boost|boost\n|-boost|p2a: BirB|spe|1\n|upkeep\n|turn|25\n|\n|t:|1700888513\n|move|p1a: Gliscor|Protect|p1a: Gliscor\n|-singleturn|p1a: Gliscor|Protect\n|move|p2a: BirB|Stored Power|p1a: Gliscor\n|-activate|p1a: Gliscor|move: Protect\n|\n|-damage|p2a: BirB|0 fnt|[from] psn\n|faint|p2a: BirB\n|upkeep\n|\n|t:|1700888521\n|switch|p2a: Crest ov L@bi@|Cloyster, F, shiny|94\/100\n|turn|26\n|\n|t:|1700888539\n|switch|p1a: Spidops|Spidops, M|82\/100\n|-damage|p1a: Spidops|69\/100|[from] Spikes\n|-activate|p1a: Spidops|move: Sticky Web\n|-unboost|p1a: Spidops|spe|1\n|move|p2a: Crest ov L@bi@|Shell Smash|p2a: Crest ov L@bi@\n|-unboost|p2a: Crest ov L@bi@|def|1\n|-unboost|p2a: Crest ov L@bi@|spd|1\n|-boost|p2a: Crest ov L@bi@|atk|2\n|-boost|p2a: Crest ov L@bi@|spa|2\n|-boost|p2a: Crest ov L@bi@|spe|2\n|\n|-heal|p1a: Spidops|75\/100|[from] item: Leftovers\n|upkeep\n|turn|27\n|\n|t:|1700888554\n|move|p2a: Crest ov L@bi@|Icicle Spear|p1a: Spidops\n|-damage|p1a: Spidops|53\/100\n|-crit|p1a: Spidops\n|-damage|p1a: Spidops|16\/100\n|-damage|p1a: Spidops|0 fnt\n|faint|p1a: Spidops\n|-hitcount|p1: Spidops|3\n|\n|upkeep\n|c|\u2606MEME\/\/BRAIN|Racism is for losers\n|\n|t:|1700888568\n|switch|p1a: Eternatus|Eternatus|55\/100\n|-damage|p1a: Eternatus|43\/100|[from] Spikes\n|-activate|p1a: Eternatus|move: Sticky Web\n|-unboost|p1a: Eternatus|spe|1\n|-ability|p1a: Eternatus|Pressure\n|turn|28\n|c|\u2606Kuziee|God I should have brought kingambit\n|inactive|Kuziee has 120 seconds left.\n|\n|t:|1700888592\n|move|p2a: Crest ov L@bi@|Icicle Spear|p1a: Eternatus\n|-supereffective|p1a: Eternatus\n|-damage|p1a: Eternatus|10\/100\n|-supereffective|p1a: Eternatus\n|-damage|p1a: Eternatus|0 fnt\n|faint|p1a: Eternatus\n|-hitcount|p1: Eternatus|2\n|\n|upkeep\n|\n|t:|1700888602\n|switch|p1a: Gliscor|Gliscor, M|100\/100 tox\n|turn|29\n|\n|t:|1700888607\n|move|p1a: Gliscor|Protect|p1a: Gliscor\n|-singleturn|p1a: Gliscor|Protect\n|move|p2a: Crest ov L@bi@|Icicle Spear|p1a: Gliscor\n|-activate|p1a: Gliscor|move: Protect\n|\n|upkeep\n|turn|30\n|\n|t:|1700888616\n|switch|p1a: Hippowdon|Hippowdon, M|82\/100\n|-damage|p1a: Hippowdon|69\/100|[from] Spikes\n|-activate|p1a: Hippowdon|move: Sticky Web\n|-unboost|p1a: Hippowdon|spe|1\n|-weather|Sandstorm|[from] ability: Sand Stream|[of] p1a: Hippowdon\n|move|p2a: Crest ov L@bi@|Icicle Spear|p1a: Hippowdon\n|-supereffective|p1a: Hippowdon\n|-damage|p1a: Hippowdon|45\/100\n|-supereffective|p1a: Hippowdon\n|-damage|p1a: Hippowdon|21\/100\n|-supereffective|p1a: Hippowdon\n|-damage|p1a: Hippowdon|0 fnt\n|faint|p1a: Hippowdon\n|-hitcount|p1: Hippowdon|3\n|\n|-weather|Sandstorm|[upkeep]\n|-damage|p2a: Crest ov L@bi@|88\/100|[from] Sandstorm\n|upkeep\n|inactive|Kuziee has 120 seconds left.\n|\n|t:|1700888640\n|switch|p1a: Kyogre|Kyogre|100\/100\n|-damage|p1a: Kyogre|88\/100|[from] Spikes\n|-activate|p1a: Kyogre|move: Sticky Web\n|-unboost|p1a: Kyogre|spe|1\n|-weather|RainDance|[from] ability: Drizzle|[of] p1a: Kyogre\n|turn|31\n|\n|t:|1700888664\n|move|p2a: Crest ov L@bi@|Rock Blast|p1a: Kyogre\n|-damage|p1a: Kyogre|72\/100\n|-crit|p1a: Kyogre\n|-damage|p1a: Kyogre|49\/100\n|-damage|p1a: Kyogre|35\/100\n|-crit|p1a: Kyogre\n|-damage|p1a: Kyogre|13\/100\n|-damage|p1a: Kyogre|0 fnt\n|faint|p1a: Kyogre\n|-hitcount|p1: Kyogre|5\n|\n|-weather|RainDance|[upkeep]\n|upkeep\n|\n|t:|1700888675\n|switch|p1a: Gholdengo|Gholdengo|88\/100\n|-damage|p1a: Gholdengo|76\/100|[from] Spikes\n|-activate|p1a: Gholdengo|move: Sticky Web\n|-unboost|p1a: Gholdengo|spe|1\n|turn|32\n|\n|t:|1700888689\n|-terastallize|p1a: Gholdengo|Steel\n|move|p2a: Crest ov L@bi@|Icicle Spear|p1a: Gholdengo\n|-resisted|p1a: Gholdengo\n|-damage|p1a: Gholdengo|65\/100\n|-resisted|p1a: Gholdengo\n|-damage|p1a: Gholdengo|54\/100\n|-resisted|p1a: Gholdengo\n|-damage|p1a: Gholdengo|45\/100\n|-resisted|p1a: Gholdengo\n|-damage|p1a: Gholdengo|35\/100\n|-resisted|p1a: Gholdengo\n|-damage|p1a: Gholdengo|25\/100\n|-enditem|p1a: Gholdengo|Salac Berry|[eat]\n|-boost|p1a: Gholdengo|spe|1|[from] item: Salac Berry\n|-hitcount|p1a: Gholdengo|5\n|cant|p1a: Gholdengo|flinch\n|\n|-weather|RainDance|[upkeep]\n|upkeep\n|turn|33\n|inactive|Kuziee has 90 seconds left.\n|\n|t:|1700888705\n|move|p2a: Crest ov L@bi@|Icicle Spear|p1a: Gholdengo\n|-resisted|p1a: Gholdengo\n|-damage|p1a: Gholdengo|15\/100\n|-resisted|p1a: Gholdengo\n|-damage|p1a: Gholdengo|5\/100\n|-resisted|p1a: Gholdengo\n|-damage|p1a: Gholdengo|0 fnt\n|faint|p1a: Gholdengo\n|-hitcount|p1: Gholdengo|3\n|\n|-weather|RainDance|[upkeep]\n|upkeep\n|inactive|Kuziee has 90 seconds left.\n|c|\u2606Kuziee|Rahhhh I should have brought kingambit\n|\n|t:|1700888722\n|switch|p1a: Gliscor|Gliscor, M|100\/100 tox\n|turn|34\n|-message|Kuziee forfeited.\n|\n|win|MEME\/\/BRAIN\n|raw|Kuziee's rating: 1294 &rarr; <strong>1273<\/strong><br \/>(-21 for losing)\n|raw|MEME&#x2f;&#x2f;BRAIN's rating: 1348 &rarr; <strong>1365<\/strong><br \/>(+17 for winning)\n|l|\u2606Kuziee\n|c|\u2606MEME\/\/BRAIN|Then I could have knocked out a racist's kingambit\n","uploadtime":1700888755,"views":4,"p1id":"kuziee","p2id":"memebrain","formatid":"gen9anythinggoes","rating":1273,"private":0,"password":""}