{"id":"gen9anythinggoes-1978505788","p1":"CupSSB","p2":"pbb6812","format":"[Gen 9] Anything Goes","log":"|j|\u2606CupSSB\n|j|\u2606pbb6812\n|t:|1698547852\n|gametype|singles\n|player|p1|CupSSB|n|1172\n|player|p2|pbb6812|gentleman-gen4dp|1075\n|teamsize|p1|6\n|teamsize|p2|6\n|gen|9\n|tier|[Gen 9] Anything Goes\n|rated|\n|rule|HP Percentage Mod: HP is shown in percentages\n|rule|Endless Battle Clause: Forcing endless battles is banned\n|clearpoke\n|poke|p1|Gothitelle, M|\n|poke|p1|Gothitelle, F|\n|poke|p1|Gothitelle, F|\n|poke|p1|Gothitelle, M|\n|poke|p1|Gothitelle, M|\n|poke|p1|Gothitelle, M|\n|poke|p2|Volcarona, M|\n|poke|p2|Kleavor, F|\n|poke|p2|Lokix, M|\n|poke|p2|Scizor, F|\n|poke|p2|Vikavolt, F|\n|poke|p2|Ribombee, F|\n|teampreview\n|c|\u2606pbb6812|it's YOU\n|c|\u2606CupSSB|Wym by \"you\"\n|c|\u2606pbb6812|i remember you u beat the crap out of me in the gen 7 tourment\n|c|\u2606CupSSB|Oh you got the wrong guy\n|c|\u2606pbb6812|same team same name\n|c|\u2606pbb6812|this is my revenge\n|c|\u2606CupSSB|Nah this is where I go to shitpost lmao\n|\n|t:|1698547973\n|start\n|switch|p1a: Gothitelle|Gothitelle, M|100\/100\n|switch|p2a: Scizor|Scizor, F, shiny|100\/100\n|turn|1\n|\n|t:|1698547988\n|move|p1a: Gothitelle|Trick|p2a: Scizor\n|-activate|p1a: Gothitelle|move: Trick|[of] p2a: Scizor\n|-item|p2a: Scizor|Choice Scarf|[from] move: Trick\n|-item|p1a: Gothitelle|Metal Coat|[from] move: Trick\n|move|p2a: Scizor|Knock Off|p1a: Gothitelle\n|-supereffective|p1a: Gothitelle\n|-damage|p1a: Gothitelle|17\/100\n|-enditem|p1a: Gothitelle|Metal Coat|[from] move: Knock Off|[of] p2a: Scizor\n|\n|upkeep\n|turn|2\n|\n|t:|1698548006\n|move|p2a: Scizor|Knock Off|p1a: Gothitelle\n|-supereffective|p1a: Gothitelle\n|-damage|p1a: Gothitelle|0 fnt\n|faint|p1a: Gothitelle\n|\n|upkeep\n|\n|t:|1698548010\n|switch|p1a: Gothitelle|Gothitelle, F|100\/100\n|turn|3\n|\n|t:|1698548015\n|-terastallize|p1a: Gothitelle|Fairy\n|move|p2a: Scizor|Knock Off|p1a: Gothitelle\n|-resisted|p1a: Gothitelle\n|-damage|p1a: Gothitelle|87\/100\n|-enditem|p1a: Gothitelle|Leftovers|[from] move: Knock Off|[of] p2a: Scizor\n|move|p1a: Gothitelle|Charm|p2a: Scizor\n|-unboost|p2a: Scizor|atk|2\n|\n|upkeep\n|turn|4\n|\n|t:|1698548029\n|-terastallize|p2a: Scizor|Bug\n|move|p2a: Scizor|Knock Off|p1a: Gothitelle\n|-resisted|p1a: Gothitelle\n|-damage|p1a: Gothitelle|83\/100\n|move|p1a: Gothitelle|Charm|p2a: Scizor\n|-unboost|p2a: Scizor|atk|2\n|\n|upkeep\n|turn|5\n|\n|t:|1698548061\n|move|p2a: Scizor|Knock Off|p1a: Gothitelle\n|-resisted|p1a: Gothitelle\n|-damage|p1a: Gothitelle|80\/100\n|move|p1a: Gothitelle|Charm|p2a: Scizor\n|-unboost|p2a: Scizor|atk|2\n|\n|upkeep\n|turn|6\n|\n|t:|1698548066\n|move|p2a: Scizor|Knock Off|p1a: Gothitelle\n|-resisted|p1a: Gothitelle\n|-damage|p1a: Gothitelle|78\/100\n|move|p1a: Gothitelle|Calm Mind|p1a: Gothitelle\n|-boost|p1a: Gothitelle|spa|1\n|-boost|p1a: Gothitelle|spd|1\n|\n|upkeep\n|turn|7\n|\n|t:|1698548077\n|move|p2a: Scizor|Knock Off|p1a: Gothitelle\n|-resisted|p1a: Gothitelle\n|-damage|p1a: Gothitelle|76\/100\n|move|p1a: Gothitelle|Calm Mind|p1a: Gothitelle\n|-boost|p1a: Gothitelle|spa|1\n|-boost|p1a: Gothitelle|spd|1\n|\n|upkeep\n|turn|8\n|\n|t:|1698548086\n|move|p2a: Scizor|Knock Off|p1a: Gothitelle\n|-resisted|p1a: Gothitelle\n|-damage|p1a: Gothitelle|74\/100\n|move|p1a: Gothitelle|Calm Mind|p1a: Gothitelle\n|-boost|p1a: Gothitelle|spa|1\n|-boost|p1a: Gothitelle|spd|1\n|\n|upkeep\n|turn|9\n|\n|t:|1698548101\n|move|p2a: Scizor|Knock Off|p1a: Gothitelle\n|-resisted|p1a: Gothitelle\n|-damage|p1a: Gothitelle|72\/100\n|move|p1a: Gothitelle|Calm Mind|p1a: Gothitelle\n|-boost|p1a: Gothitelle|spa|1\n|-boost|p1a: Gothitelle|spd|1\n|\n|upkeep\n|turn|10\n|\n|t:|1698548107\n|move|p2a: Scizor|Knock Off|p1a: Gothitelle\n|-resisted|p1a: Gothitelle\n|-damage|p1a: Gothitelle|70\/100\n|move|p1a: Gothitelle|Calm Mind|p1a: Gothitelle\n|-boost|p1a: Gothitelle|spa|1\n|-boost|p1a: Gothitelle|spd|1\n|\n|upkeep\n|turn|11\n|\n|t:|1698548113\n|move|p2a: Scizor|Knock Off|p1a: Gothitelle\n|-resisted|p1a: Gothitelle\n|-damage|p1a: Gothitelle|68\/100\n|move|p1a: Gothitelle|Calm Mind|p1a: Gothitelle\n|-boost|p1a: Gothitelle|spa|1\n|-boost|p1a: Gothitelle|spd|1\n|\n|upkeep\n|turn|12\n|\n|t:|1698548118\n|move|p2a: Scizor|Knock Off|p1a: Gothitelle\n|-resisted|p1a: Gothitelle\n|-damage|p1a: Gothitelle|66\/100\n|move|p1a: Gothitelle|Stored Power|p2a: Scizor\n|-damage|p2a: Scizor|0 fnt\n|faint|p2a: Scizor\n|\n|upkeep\n|\n|t:|1698548126\n|switch|p2a: Kleavor|Kleavor, F, shiny|100\/100\n|turn|13\n|\n|t:|1698548132\n|move|p2a: Kleavor|Stone Axe|p1a: Gothitelle\n|-damage|p1a: Gothitelle|19\/100\n|-sidestart|p1: CupSSB|move: Stealth Rock\n|move|p1a: Gothitelle|Stored Power|p2a: Kleavor\n|-damage|p2a: Kleavor|0 fnt\n|faint|p2a: Kleavor\n|\n|upkeep\n|\n|t:|1698548143\n|switch|p2a: Lokix|Lokix, M, shiny|100\/100\n|turn|14\n|\n|t:|1698548147\n|move|p2a: Lokix|Throat Chop|p1a: Gothitelle\n|-resisted|p1a: Gothitelle\n|-damage|p1a: Gothitelle|6\/100\n|-start|p1a: Gothitelle|Throat Chop|[silent]\n|move|p1a: Gothitelle|Rest|p1a: Gothitelle\n|-status|p1a: Gothitelle|slp|[from] move: Rest\n|-heal|p1a: Gothitelle|100\/100 slp|[silent]\n|\n|upkeep\n|turn|15\n|\n|t:|1698548153\n|move|p2a: Lokix|First Impression||[still]\n|-hint|First Impression only works on your first turn out.\n|-fail|p2a: Lokix\n|cant|p1a: Gothitelle|slp\n|\n|-end|p1a: Gothitelle|Throat Chop|[silent]\n|upkeep\n|turn|16\n|\n|t:|1698548159\n|move|p2a: Lokix|Dark Pulse|p1a: Gothitelle\n|-resisted|p1a: Gothitelle\n|-damage|p1a: Gothitelle|99\/100 slp\n|cant|p1a: Gothitelle|slp\n|\n|upkeep\n|turn|17\n|\n|t:|1698548165\n|move|p2a: Lokix|Throat Chop|p1a: Gothitelle\n|-resisted|p1a: Gothitelle\n|-damage|p1a: Gothitelle|86\/100 slp\n|-start|p1a: Gothitelle|Throat Chop|[silent]\n|-curestatus|p1a: Gothitelle|slp|[msg]\n|move|p1a: Gothitelle|Charm|p2a: Lokix\n|-unboost|p2a: Lokix|atk|2\n|\n|upkeep\n|turn|18\n|\n|t:|1698548172\n|move|p2a: Lokix|Throat Chop|p1a: Gothitelle\n|-resisted|p1a: Gothitelle\n|-damage|p1a: Gothitelle|80\/100\n|move|p1a: Gothitelle|Charm|p2a: Lokix\n|-unboost|p2a: Lokix|atk|2\n|\n|-end|p1a: Gothitelle|Throat Chop|[silent]\n|upkeep\n|turn|19\n|\n|t:|1698548177\n|move|p2a: Lokix|Axe Kick|p1a: Gothitelle\n|-resisted|p1a: Gothitelle\n|-damage|p1a: Gothitelle|75\/100\n|move|p1a: Gothitelle|Charm|p2a: Lokix\n|-unboost|p2a: Lokix|atk|2\n|\n|upkeep\n|turn|20\n|\n|t:|1698548184\n|switch|p1a: Gothitelle|Gothitelle, M|100\/100\n|-damage|p1a: Gothitelle|88\/100|[from] Stealth Rock\n|move|p2a: Lokix|Axe Kick|p1a: Gothitelle\n|-resisted|p1a: Gothitelle\n|-damage|p1a: Gothitelle|83\/100\n|\n|upkeep\n|turn|21\n|\n|t:|1698548199\n|move|p2a: Lokix|Dark Pulse|p1a: Gothitelle\n|-supereffective|p1a: Gothitelle\n|-damage|p1a: Gothitelle|48\/100\n|move|p1a: Gothitelle|Thunderbolt|p2a: Lokix\n|-damage|p2a: Lokix|30\/100\n|\n|upkeep\n|turn|22\n|\n|t:|1698548227\n|move|p2a: Lokix|Dark Pulse|p1a: Gothitelle\n|-supereffective|p1a: Gothitelle\n|-damage|p1a: Gothitelle|9\/100\n|move|p1a: Gothitelle|Thunderbolt|p2a: Lokix\n|-damage|p2a: Lokix|0 fnt\n|faint|p2a: Lokix\n|\n|upkeep\n|\n|t:|1698548233\n|switch|p2a: Volcarona|Volcarona, M, shiny|100\/100\n|turn|23\n|\n|t:|1698548238\n|move|p2a: Volcarona|Calm Mind|p2a: Volcarona\n|-boost|p2a: Volcarona|spa|1\n|-boost|p2a: Volcarona|spd|1\n|move|p1a: Gothitelle|Thunderbolt|p2a: Volcarona\n|-damage|p2a: Volcarona|76\/100\n|\n|upkeep\n|turn|24\n|\n|t:|1698548241\n|move|p2a: Volcarona|Calm Mind|p2a: Volcarona\n|-boost|p2a: Volcarona|spa|1\n|-boost|p2a: Volcarona|spd|1\n|move|p1a: Gothitelle|Thunderbolt|p2a: Volcarona\n|-damage|p2a: Volcarona|57\/100\n|\n|upkeep\n|turn|25\n|\n|t:|1698548251\n|move|p2a: Volcarona|Calm Mind|p2a: Volcarona\n|-boost|p2a: Volcarona|spa|1\n|-boost|p2a: Volcarona|spd|1\n|move|p1a: Gothitelle|Thunderbolt|p2a: Volcarona\n|-damage|p2a: Volcarona|41\/100\n|\n|upkeep\n|turn|26\n|\n|t:|1698548257\n|move|p2a: Volcarona|Calm Mind|p2a: Volcarona\n|-boost|p2a: Volcarona|spa|1\n|-boost|p2a: Volcarona|spd|1\n|move|p1a: Gothitelle|Thunderbolt|p2a: Volcarona\n|-damage|p2a: Volcarona|28\/100\n|\n|upkeep\n|turn|27\n|\n|t:|1698548262\n|move|p2a: Volcarona|Calm Mind|p2a: Volcarona\n|-boost|p2a: Volcarona|spa|1\n|-boost|p2a: Volcarona|spd|1\n|move|p1a: Gothitelle|Thunderbolt|p2a: Volcarona\n|-damage|p2a: Volcarona|18\/100\n|\n|upkeep\n|turn|28\n|\n|t:|1698548271\n|move|p2a: Volcarona|Bug Buzz|p1a: Gothitelle\n|-supereffective|p1a: Gothitelle\n|-damage|p1a: Gothitelle|0 fnt\n|faint|p1a: Gothitelle\n|\n|upkeep\n|\n|t:|1698548275\n|switch|p1a: Gothitelle|Gothitelle, M|100\/100\n|-damage|p1a: Gothitelle|88\/100|[from] Stealth Rock\n|turn|29\n|\n|t:|1698548283\n|move|p1a: Gothitelle|Psyshock|p2a: Volcarona\n|-damage|p2a: Volcarona|0 fnt\n|faint|p2a: Volcarona\n|\n|upkeep\n|\n|t:|1698548286\n|switch|p2a: Vikavolt|Vikavolt, F, shiny|100\/100\n|turn|30\n|\n|t:|1698548291\n|move|p1a: Gothitelle|Psyshock|p2a: Vikavolt\n|-damage|p2a: Vikavolt|60\/100\n|move|p2a: Vikavolt|Flash Cannon|p1a: Gothitelle\n|-damage|p1a: Gothitelle|56\/100\n|-unboost|p1a: Gothitelle|spd|1\n|\n|upkeep\n|turn|31\n|\n|t:|1698548299\n|move|p1a: Gothitelle|Psyshock|p2a: Vikavolt\n|-damage|p2a: Vikavolt|24\/100\n|move|p2a: Vikavolt|Energy Ball|p1a: Gothitelle\n|-damage|p1a: Gothitelle|0 fnt\n|faint|p1a: Gothitelle\n|\n|upkeep\n|\n|t:|1698548306\n|switch|p1a: Gothitelle|Gothitelle, F|100\/100\n|-damage|p1a: Gothitelle|88\/100|[from] Stealth Rock\n|turn|32\n|\n|t:|1698548311\n|move|p1a: Gothitelle|Psyshock|p2a: Vikavolt\n|-damage|p2a: Vikavolt|0 fnt\n|faint|p2a: Vikavolt\n|\n|upkeep\n|\n|t:|1698548329\n|switch|p2a: Ribombee|Ribombee, F, shiny|100\/100\n|turn|33\n|\n|t:|1698548335\n|move|p1a: Gothitelle|Psyshock|p2a: Ribombee\n|-damage|p2a: Ribombee|43\/100\n|move|p2a: Ribombee|Calm Mind|p2a: Ribombee\n|-boost|p2a: Ribombee|spa|1\n|-boost|p2a: Ribombee|spd|1\n|\n|upkeep\n|turn|34\n|\n|t:|1698548338\n|move|p1a: Gothitelle|Psyshock|p2a: Ribombee\n|-damage|p2a: Ribombee|0 fnt\n|faint|p2a: Ribombee\n|\n|win|CupSSB\n|raw|CupSSB's rating: 1172 &rarr; <strong>1190<\/strong><br \/>(+18 for winning)\n|raw|pbb6812's rating: 1075 &rarr; <strong>1060<\/strong><br \/>(-15 for losing)\n|l|\u2606pbb6812\n|c|\u2606CupSSB|Gg\n","uploadtime":1698548362,"views":7,"p1id":"cupssb","p2id":"pbb6812","formatid":"gen9anythinggoes","rating":1060,"private":0,"password":""}