{"id":"gen9anythinggoes-1992692357","p1":"isthat jojos?!","p2":"2448a","format":"[Gen 9] Anything Goes","log":"|j|\u2606isthat jojos?!\n|j|\u26062448a\n|t:|1700225871\n|gametype|singles\n|player|p1|isthat jojos?!|peonia|1745\n|player|p2|2448a|erika-gen2|1836\n|teamsize|p1|6\n|teamsize|p2|6\n|gen|9\n|tier|[Gen 9] Anything Goes\n|rated|\n|rule|HP Percentage Mod: HP is shown in percentages\n|rule|Endless Battle Clause: Forcing endless battles is banned\n|clearpoke\n|poke|p1|Grimmsnarl, M|\n|poke|p1|Glimmora, F|\n|poke|p1|Arceus|\n|poke|p1|Arceus-Ground|\n|poke|p1|Koraidon|\n|poke|p1|Calyrex-Shadow|\n|poke|p2|Kingambit, F|\n|poke|p2|Ting-Lu|\n|poke|p2|Eternatus|\n|poke|p2|Calyrex-Shadow|\n|poke|p2|Landorus-Therian, M|\n|poke|p2|Koraidon|\n|teampreview\n|inactive|Battle timer is ON: inactive players will automatically lose when time's up. (requested by 2448a)\n|inactive|isthat jojos?! also wants the timer to be on.\n|c|\u26062448a|hf\n|c|\u2606isthat jojos?!|gl\n|\n|t:|1700225882\n|start\n|switch|p1a: Glimmora|Glimmora, F|100\/100\n|switch|p2a: Desert Anchor|Ting-Lu|100\/100\n|-ability|p2a: Desert Anchor|Vessel of Ruin\n|turn|1\n|\n|t:|1700225891\n|switch|p2a: Eternal Suffering|Eternatus, shiny|100\/100\n|-ability|p2a: Eternal Suffering|Pressure\n|move|p1a: Glimmora|Stealth Rock|p2a: Eternal Suffering\n|-sidestart|p2: 2448a|move: Stealth Rock\n|\n|upkeep\n|turn|2\n|\n|t:|1700225900\n|move|p2a: Eternal Suffering|Dynamax Cannon|p1a: Glimmora\n|-damage|p1a: Glimmora|39\/100\n|move|p1a: Glimmora|Mud Shot|p2a: Eternal Suffering\n|-supereffective|p2a: Eternal Suffering\n|-damage|p2a: Eternal Suffering|75\/100\n|-unboost|p2a: Eternal Suffering|spe|1\n|\n|upkeep\n|turn|3\n|\n|t:|1700225910\n|move|p1a: Glimmora|Spikes|p2a: Eternal Suffering\n|-sidestart|p2: 2448a|Spikes\n|move|p2a: Eternal Suffering|Dynamax Cannon|p1a: Glimmora\n|-damage|p1a: Glimmora|0 fnt\n|faint|p1a: Glimmora\n|\n|upkeep\n|\n|t:|1700225920\n|switch|p1a: Koraidon|Koraidon|100\/100\n|-weather|SunnyDay|[from] ability: Orichalcum Pulse|[of] p1a: Koraidon\n|-activate|p1a: Koraidon|Orichalcum Pulse|[source]\n|turn|4\n|\n|t:|1700225927\n|switch|p2a: In The Clouds|Landorus-Therian, M, shiny|100\/100\n|-damage|p2a: In The Clouds|88\/100|[from] Stealth Rock\n|-ability|p2a: In The Clouds|Intimidate|boost\n|-unboost|p1a: Koraidon|atk|1\n|move|p1a: Koraidon|Swords Dance|p1a: Koraidon\n|-boost|p1a: Koraidon|atk|2\n|\n|-weather|SunnyDay|[upkeep]\n|upkeep\n|turn|5\n|\n|t:|1700225937\n|-terastallize|p2a: In The Clouds|Fairy\n|move|p1a: Koraidon|Scale Shot|p2a: In The Clouds\n|-immune|p2a: In The Clouds\n|move|p2a: In The Clouds|Earthquake|p1a: Koraidon\n|-damage|p1a: Koraidon|61\/100\n|\n|-weather|SunnyDay|[upkeep]\n|upkeep\n|turn|6\n|\n|t:|1700225946\n|move|p1a: Koraidon|Flare Blitz|p2a: In The Clouds\n|-damage|p2a: In The Clouds|0 fnt\n|-damage|p1a: Koraidon|44\/100|[from] item: Rocky Helmet|[of] p2a: In The Clouds\n|faint|p2a: In The Clouds\n|-damage|p1a: Koraidon|12\/100|[from] Recoil\n|\n|-weather|SunnyDay|[upkeep]\n|upkeep\n|\n|t:|1700225955\n|switch|p2a: The Dark Horse|Calyrex-Shadow|100\/100\n|-ability|p2a: The Dark Horse|As One\n|-ability|p2a: The Dark Horse|Unnerve\n|turn|7\n|\n|t:|1700225964\n|switch|p1a: Grimmsnarl|Grimmsnarl, M|100\/100\n|move|p2a: The Dark Horse|Astral Barrage|p1a: Grimmsnarl\n|-resisted|p1a: Grimmsnarl\n|-damage|p1a: Grimmsnarl|71\/100\n|\n|-weather|SunnyDay|[upkeep]\n|upkeep\n|turn|8\n|\n|t:|1700225974\n|switch|p2a: Desert Anchor|Ting-Lu|100\/100\n|-damage|p2a: Desert Anchor|94\/100|[from] Stealth Rock\n|-damage|p2a: Desert Anchor|82\/100|[from] Spikes\n|-ability|p2a: Desert Anchor|Vessel of Ruin\n|move|p1a: Grimmsnarl|Spirit Break|p2a: Desert Anchor\n|-supereffective|p2a: Desert Anchor\n|-damage|p2a: Desert Anchor|49\/100\n|-unboost|p2a: Desert Anchor|spa|1\n|\n|-weather|none\n|-heal|p2a: Desert Anchor|55\/100|[from] item: Leftovers\n|upkeep\n|turn|9\n|\n|t:|1700225981\n|switch|p1a: Koraidon|Koraidon|12\/100\n|-weather|SunnyDay|[from] ability: Orichalcum Pulse|[of] p1a: Koraidon\n|-activate|p1a: Koraidon|Orichalcum Pulse|[source]\n|move|p2a: Desert Anchor|Spikes|p1a: Koraidon\n|-sidestart|p1: isthat jojos?!|Spikes\n|\n|-weather|SunnyDay|[upkeep]\n|-heal|p2a: Desert Anchor|61\/100|[from] item: Leftovers\n|upkeep\n|turn|10\n|\n|t:|1700225995\n|move|p1a: Koraidon|Low Kick|p2a: Desert Anchor\n|-supereffective|p2a: Desert Anchor\n|-damage|p2a: Desert Anchor|0 fnt\n|faint|p2a: Desert Anchor\n|\n|-weather|SunnyDay|[upkeep]\n|upkeep\n|\n|t:|1700225998\n|switch|p2a: The Dark Horse|Calyrex-Shadow|100\/100\n|-ability|p2a: The Dark Horse|As One\n|-ability|p2a: The Dark Horse|Unnerve\n|turn|11\n|\n|t:|1700226005\n|switch|p1a: Arceus|Arceus|100\/100\n|-damage|p1a: Arceus|88\/100|[from] Spikes\n|move|p2a: The Dark Horse|Astral Barrage|p1a: Arceus\n|-immune|p1a: Arceus\n|\n|-weather|SunnyDay|[upkeep]\n|-heal|p1a: Arceus|94\/100|[from] item: Leftovers\n|upkeep\n|turn|12\n|\n|t:|1700226033\n|switch|p2a: The Botez Gambit|Kingambit, F, shiny|100\/100\n|-damage|p2a: The Botez Gambit|94\/100|[from] Stealth Rock\n|-damage|p2a: The Botez Gambit|82\/100|[from] Spikes\n|-activate|p2a: The Botez Gambit|ability: Supreme Overlord\n|-start|p2a: The Botez Gambit|fallen2|[silent]\n|move|p1a: Arceus|Shadow Claw|p2a: The Botez Gambit\n|-resisted|p2a: The Botez Gambit\n|-damage|p2a: The Botez Gambit|71\/100\n|\n|-weather|SunnyDay|[upkeep]\n|-heal|p1a: Arceus|100\/100|[from] item: Leftovers\n|-heal|p2a: The Botez Gambit|77\/100|[from] item: Leftovers\n|upkeep\n|turn|13\n|\n|t:|1700226040\n|move|p1a: Arceus|Bulk Up|p1a: Arceus\n|-boost|p1a: Arceus|atk|1\n|-boost|p1a: Arceus|def|1\n|move|p2a: The Botez Gambit|Swords Dance|p2a: The Botez Gambit\n|-boost|p2a: The Botez Gambit|atk|2\n|\n|-weather|none\n|-heal|p2a: The Botez Gambit|83\/100|[from] item: Leftovers\n|upkeep\n|turn|14\n|\n|t:|1700226046\n|move|p1a: Arceus|Bulk Up|p1a: Arceus\n|-boost|p1a: Arceus|atk|1\n|-boost|p1a: Arceus|def|1\n|move|p2a: The Botez Gambit|Swords Dance|p2a: The Botez Gambit\n|-boost|p2a: The Botez Gambit|atk|2\n|\n|-heal|p2a: The Botez Gambit|89\/100|[from] item: Leftovers\n|upkeep\n|turn|15\n|\n|t:|1700226052\n|move|p1a: Arceus|Bulk Up|p1a: Arceus\n|-boost|p1a: Arceus|atk|1\n|-boost|p1a: Arceus|def|1\n|move|p2a: The Botez Gambit|Low Kick|p1a: Arceus\n|-supereffective|p1a: Arceus\n|-damage|p1a: Arceus|25\/100\n|\n|-heal|p1a: Arceus|32\/100|[from] item: Leftovers\n|-heal|p2a: The Botez Gambit|95\/100|[from] item: Leftovers\n|upkeep\n|turn|16\n|\n|t:|1700226068\n|move|p1a: Arceus|Recover|p1a: Arceus\n|-heal|p1a: Arceus|82\/100\n|move|p2a: The Botez Gambit|Kowtow Cleave|p1a: Arceus\n|-damage|p1a: Arceus|38\/100\n|\n|-heal|p1a: Arceus|44\/100|[from] item: Leftovers\n|-heal|p2a: The Botez Gambit|100\/100|[from] item: Leftovers\n|upkeep\n|turn|17\n|\n|t:|1700226086\n|move|p1a: Arceus|Extreme Speed|p2a: The Botez Gambit\n|-resisted|p2a: The Botez Gambit\n|-damage|p2a: The Botez Gambit|52\/100\n|move|p2a: The Botez Gambit|Low Kick|p1a: Arceus\n|-supereffective|p1a: Arceus\n|-damage|p1a: Arceus|0 fnt\n|faint|p1a: Arceus\n|\n|-heal|p2a: The Botez Gambit|58\/100|[from] item: Leftovers\n|upkeep\n|\n|t:|1700226099\n|switch|p1a: Calyrex|Calyrex-Shadow|100\/100\n|-ability|p1a: Calyrex|As One\n|-ability|p1a: Calyrex|Unnerve\n|-damage|p1a: Calyrex|88\/100|[from] Spikes\n|turn|18\n|\n|t:|1700226114\n|move|p2a: The Botez Gambit|Sucker Punch||[still]\n|-fail|p2a: The Botez Gambit\n|move|p1a: Calyrex|Encore|p2a: The Botez Gambit\n|-start|p2a: The Botez Gambit|Encore\n|\n|-heal|p1a: Calyrex|94\/100|[from] item: Leftovers\n|-heal|p2a: The Botez Gambit|64\/100|[from] item: Leftovers\n|upkeep\n|turn|19\n|\n|t:|1700226122\n|-end|p2a: The Botez Gambit|fallen2|[silent]\n|switch|p2a: Featured Today|Koraidon|100\/100\n|-damage|p2a: Featured Today|94\/100|[from] Stealth Rock\n|-damage|p2a: Featured Today|82\/100|[from] Spikes\n|-weather|SunnyDay|[from] ability: Orichalcum Pulse|[of] p2a: Featured Today\n|-activate|p2a: Featured Today|Orichalcum Pulse|[source]\n|move|p1a: Calyrex|Nasty Plot|p1a: Calyrex\n|-boost|p1a: Calyrex|spa|2\n|\n|-weather|SunnyDay|[upkeep]\n|-heal|p1a: Calyrex|99\/100|[from] item: Leftovers\n|upkeep\n|turn|20\n|\n|t:|1700226128\n|move|p2a: Featured Today|Flare Blitz|p1a: Calyrex\n|-damage|p1a: Calyrex|9\/100\n|-damage|p2a: Featured Today|50\/100|[from] Recoil\n|move|p1a: Calyrex|Draining Kiss|p2a: Featured Today\n|-supereffective|p2a: Featured Today\n|-crit|p2a: Featured Today\n|-damage|p2a: Featured Today|0 fnt\n|-heal|p1a: Calyrex|45\/100|[from] drain|[of] p2a: Featured Today\n|faint|p2a: Featured Today\n|-ability|p1a: Calyrex|Grim Neigh|boost\n|-boost|p1a: Calyrex|spa|1\n|\n|-weather|SunnyDay|[upkeep]\n|-heal|p1a: Calyrex|51\/100|[from] item: Leftovers\n|upkeep\n|\n|t:|1700226132\n|switch|p2a: The Botez Gambit|Kingambit, F, shiny|64\/100\n|-damage|p2a: The Botez Gambit|58\/100|[from] Stealth Rock\n|-damage|p2a: The Botez Gambit|45\/100|[from] Spikes\n|-activate|p2a: The Botez Gambit|ability: Supreme Overlord\n|-start|p2a: The Botez Gambit|fallen3|[silent]\n|turn|21\n|\n|t:|1700226157\n|-terastallize|p1a: Calyrex|Fairy\n|move|p1a: Calyrex|Draining Kiss|p2a: The Botez Gambit\n|-damage|p2a: The Botez Gambit|0 fnt\n|-heal|p1a: Calyrex|81\/100|[from] drain|[of] p2a: The Botez Gambit\n|faint|p2a: The Botez Gambit\n|-end|p2a: The Botez Gambit|fallen3|[silent]\n|-ability|p1a: Calyrex|Grim Neigh|boost\n|-boost|p1a: Calyrex|spa|1\n|\n|-weather|SunnyDay|[upkeep]\n|-heal|p1a: Calyrex|87\/100|[from] item: Leftovers\n|upkeep\n|\n|t:|1700226160\n|switch|p2a: Eternal Suffering|Eternatus, shiny|75\/100\n|-ability|p2a: Eternal Suffering|Pressure\n|turn|22\n|inactive|isthat jojos?! has 120 seconds left.\n|\n|t:|1700226181\n|move|p1a: Calyrex|Astral Barrage|p2a: Eternal Suffering\n|-damage|p2a: Eternal Suffering|0 fnt\n|faint|p2a: Eternal Suffering\n|-ability|p1a: Calyrex|Grim Neigh|boost\n|-boost|p1a: Calyrex|spa|1\n|\n|-weather|SunnyDay|[upkeep]\n|-heal|p1a: Calyrex|93\/100|[from] item: Leftovers\n|upkeep\n|\n|t:|1700226184\n|switch|p2a: The Dark Horse|Calyrex-Shadow|100\/100\n|-ability|p2a: The Dark Horse|As One\n|-ability|p2a: The Dark Horse|Unnerve\n|turn|23\n|c|\u26062448a|._.\n|c|\u2606isthat jojos?!|what?\n|inactive|isthat jojos?! has 120 seconds left.\n|inactive|isthat jojos?! has 90 seconds left.\n|c|\u2606isthat jojos?!|gg\n|\n|t:|1700226239\n|move|p2a: The Dark Horse|Astral Barrage|p1a: Calyrex\n|-damage|p1a: Calyrex|29\/100\n|move|p1a: Calyrex|Astral Barrage|p2a: The Dark Horse\n|-supereffective|p2a: The Dark Horse\n|-damage|p2a: The Dark Horse|0 fnt\n|faint|p2a: The Dark Horse\n|\n|win|isthat jojos?!\n|raw|isthat jojos?!'s rating: 1745 &rarr; <strong>1770<\/strong><br \/>(+25 for winning)\n|raw|2448a's rating: 1836 &rarr; <strong>1811<\/strong><br \/>(-25 for losing)\n|c|\u26062448a|g_g\n|l|\u26062448a\n|l|\u2606isthat jojos?!\n","uploadtime":1700226281,"views":6,"p1id":"isthatjojos","p2id":"2448a","formatid":"gen9anythinggoes","rating":1770,"private":0,"password":""}