{"id":"gen9anythinggoes-1983999355","p1":"cesarislh","p2":"eldonas265","format":"[Gen 9] Anything Goes","log":"|j|\u2606cesarislh\n|j|\u2606eldonas265\n|t:|1699208379\n|gametype|singles\n|player|p1|cesarislh|riley|\n|player|p2|eldonas265|roxanne|\n|teamsize|p1|6\n|teamsize|p2|6\n|gen|9\n|tier|[Gen 9] Anything Goes\n|rule|HP Percentage Mod: HP is shown in percentages\n|rule|Endless Battle Clause: Forcing endless battles is banned\n|clearpoke\n|poke|p1|Pelipper, F|\n|poke|p1|Greninja-*, F|\n|poke|p1|Iron Valiant|\n|poke|p1|Ampharos, F|\n|poke|p1|Ninetales, M|\n|poke|p1|Great Tusk|\n|poke|p2|Walking Wake|\n|poke|p2|Roaring Moon|\n|poke|p2|Slither Wing|\n|poke|p2|Scream Tail|\n|poke|p2|Sableye, F|\n|poke|p2|Great Tusk|\n|teampreview\n|\n|t:|1699208395\n|start\n|switch|p1a: Pelipper|Pelipper, F, shiny|100\/100\n|switch|p2a: Sableye|Sableye, F, shiny|100\/100\n|-weather|RainDance|[from] ability: Drizzle|[of] p1a: Pelipper\n|turn|1\n|\n|t:|1699208410\n|move|p2a: Sableye|Sunny Day|p2a: Sableye\n|-weather|SunnyDay\n|move|p1a: Pelipper|Tailwind|p1a: Pelipper\n|-sidestart|p1: cesarislh|move: Tailwind\n|\n|-weather|SunnyDay|[upkeep]\n|upkeep\n|turn|2\n|\n|t:|1699208434\n|switch|p2a: Slither Wing|Slither Wing|100\/100\n|-activate|p2a: Slither Wing|ability: Protosynthesis\n|-start|p2a: Slither Wing|protosynthesisatk\n|move|p1a: Pelipper|Protect||[still]\n|-fail|p1a: Pelipper\n|\n|-weather|SunnyDay|[upkeep]\n|upkeep\n|turn|3\n|\n|t:|1699208450\n|switch|p1a: Great Tusk|Great Tusk, shiny|100\/100\n|-activate|p1a: Great Tusk|ability: Protosynthesis\n|-start|p1a: Great Tusk|protosynthesisatk\n|move|p2a: Slither Wing|U-turn|p1a: Great Tusk\n|-resisted|p1a: Great Tusk\n|-damage|p1a: Great Tusk|84\/100\n|\n|t:|1699208467\n|-end|p2a: Slither Wing|Protosynthesis|[silent]\n|switch|p2a: Walking Wake|Walking Wake|100\/100|[from] U-turn\n|-activate|p2a: Walking Wake|ability: Protosynthesis\n|-start|p2a: Walking Wake|protosynthesisspa\n|\n|-weather|SunnyDay|[upkeep]\n|upkeep\n|turn|4\n|\n|t:|1699208488\n|-terastallize|p1a: Great Tusk|Normal\n|move|p1a: Great Tusk|Body Slam|p2a: Walking Wake\n|-damage|p2a: Walking Wake|46\/100\n|-status|p2a: Walking Wake|par\n|move|p2a: Walking Wake|Hydro Steam|p1a: Great Tusk\n|-damage|p1a: Great Tusk|13\/100\n|\n|-weather|SunnyDay|[upkeep]\n|-sideend|p1: cesarislh|move: Tailwind\n|upkeep\n|turn|5\n|\n|t:|1699208501\n|-end|p2a: Walking Wake|Protosynthesis|[silent]\n|switch|p2a: Sableye|Sableye, F, shiny|100\/100\n|move|p1a: Great Tusk|Body Slam|p2a: Sableye\n|-immune|p2a: Sableye\n|\n|-weather|none\n|-end|p1a: Great Tusk|Protosynthesis\n|upkeep\n|turn|6\n|\n|t:|1699208510\n|move|p2a: Sableye|Encore|p1a: Great Tusk\n|-start|p1a: Great Tusk|Encore\n|move|p1a: Great Tusk|Body Slam|p2a: Sableye\n|-immune|p2a: Sableye\n|\n|upkeep\n|turn|7\n|\n|t:|1699208518\n|-end|p1a: Great Tusk|Protosynthesis|[silent]\n|switch|p1a: Pelipper|Pelipper, F, shiny|100\/100\n|-weather|RainDance|[from] ability: Drizzle|[of] p1a: Pelipper\n|move|p2a: Sableye|Sunny Day|p2a: Sableye\n|-weather|SunnyDay\n|\n|-weather|SunnyDay|[upkeep]\n|upkeep\n|turn|8\n|\n|t:|1699208532\n|switch|p2a: Scream Tail|Scream Tail, shiny|100\/100\n|-activate|p2a: Scream Tail|ability: Protosynthesis\n|-start|p2a: Scream Tail|protosynthesisdef\n|move|p1a: Pelipper|Tailwind|p1a: Pelipper\n|-sidestart|p1: cesarislh|move: Tailwind\n|\n|-weather|SunnyDay|[upkeep]\n|upkeep\n|turn|9\n|\n|t:|1699208549\n|switch|p1a: Great Tusk|Great Tusk, shiny, tera:Normal|13\/100\n|-activate|p1a: Great Tusk|ability: Protosynthesis\n|-start|p1a: Great Tusk|protosynthesisatk\n|move|p2a: Scream Tail|Calm Mind|p2a: Scream Tail\n|-boost|p2a: Scream Tail|spa|1\n|-boost|p2a: Scream Tail|spd|1\n|\n|-weather|SunnyDay|[upkeep]\n|upkeep\n|turn|10\n|\n|t:|1699208559\n|move|p1a: Great Tusk|Megahorn|p2a: Scream Tail\n|-damage|p2a: Scream Tail|74\/100\n|move|p2a: Scream Tail|Calm Mind|p2a: Scream Tail\n|-boost|p2a: Scream Tail|spa|1\n|-boost|p2a: Scream Tail|spd|1\n|\n|-weather|SunnyDay|[upkeep]\n|-heal|p2a: Scream Tail|80\/100|[from] item: Leftovers\n|upkeep\n|turn|11\n|\n|t:|1699208569\n|move|p1a: Great Tusk|Body Slam|p2a: Scream Tail\n|-damage|p2a: Scream Tail|51\/100\n|move|p2a: Scream Tail|Stored Power|p1a: Great Tusk\n|-damage|p1a: Great Tusk|0 fnt\n|faint|p1a: Great Tusk\n|-end|p1a: Great Tusk|Protosynthesis|[silent]\n|\n|-weather|none\n|-end|p2a: Scream Tail|Protosynthesis\n|-heal|p2a: Scream Tail|57\/100|[from] item: Leftovers\n|-sideend|p1: cesarislh|move: Tailwind\n|upkeep\n|\n|t:|1699208587\n|switch|p1a: Ampharos|Ampharos, F, shiny|100\/100\n|turn|12\n|\n|t:|1699208593\n|move|p2a: Scream Tail|Wish|p2a: Scream Tail\n|move|p1a: Ampharos|Electric Terrain|p1a: Ampharos\n|-fieldstart|move: Electric Terrain\n|\n|-heal|p2a: Scream Tail|64\/100|[from] item: Leftovers\n|upkeep\n|turn|13\n|\n|t:|1699208601\n|move|p2a: Scream Tail|Stored Power|p1a: Ampharos\n|-damage|p1a: Ampharos|56\/100\n|move|p1a: Ampharos|Thunder|p2a: Scream Tail|[miss]\n|-miss|p1a: Ampharos|p2a: Scream Tail\n|\n|-heal|p2a: Scream Tail|100\/100|[from] move: Wish|[wisher] Scream Tail\n|-heal|p1a: Ampharos|62\/100|[from] item: Leftovers\n|upkeep\n|turn|14\n|\n|t:|1699208615\n|move|p2a: Scream Tail|Calm Mind|p2a: Scream Tail\n|-boost|p2a: Scream Tail|spa|1\n|-boost|p2a: Scream Tail|spd|1\n|move|p1a: Ampharos|Volt Switch|p2a: Scream Tail\n|-damage|p2a: Scream Tail|89\/100\n|\n|t:|1699208627\n|switch|p1a: Pelipper|Pelipper, F, shiny|100\/100|[from] Volt Switch\n|-weather|RainDance|[from] ability: Drizzle|[of] p1a: Pelipper\n|\n|-weather|RainDance|[upkeep]\n|-heal|p2a: Scream Tail|96\/100|[from] item: Leftovers\n|upkeep\n|turn|15\n|\n|t:|1699208645\n|move|p2a: Scream Tail|Calm Mind|p2a: Scream Tail\n|-boost|p2a: Scream Tail|spa|1\n|-boost|p2a: Scream Tail|spd|1\n|move|p1a: Pelipper|Tailwind|p1a: Pelipper\n|-sidestart|p1: cesarislh|move: Tailwind\n|\n|-weather|RainDance|[upkeep]\n|-heal|p2a: Scream Tail|100\/100|[from] item: Leftovers\n|upkeep\n|turn|16\n|\n|t:|1699208653\n|switch|p1a: Ampharos|Ampharos, F, shiny|62\/100\n|move|p2a: Scream Tail|Stored Power|p1a: Ampharos\n|-damage|p1a: Ampharos|0 fnt\n|faint|p1a: Ampharos\n|\n|-weather|RainDance|[upkeep]\n|-fieldend|move: Electric Terrain\n|upkeep\n|\n|t:|1699208678\n|switch|p1a: Greninja|Greninja, F|100\/100\n|turn|17\n|\n|t:|1699208699\n|-end|p2a: Scream Tail|Protosynthesis|[silent]\n|switch|p2a: Walking Wake|Walking Wake|46\/100 par\n|move|p1a: Greninja|Gunk Shot|p2a: Walking Wake\n|-start|p1a: Greninja|typechange|Poison|[from] ability: Protean\n|-damage|p2a: Walking Wake|18\/100 par\n|\n|-weather|RainDance|[upkeep]\n|upkeep\n|turn|18\n|\n|t:|1699208710\n|move|p1a: Greninja|Gunk Shot|p2a: Walking Wake\n|-damage|p2a: Walking Wake|0 fnt\n|faint|p2a: Walking Wake\n|-end|p2a: Walking Wake|Protosynthesis|[silent]\n|\n|-weather|none\n|-sideend|p1: cesarislh|move: Tailwind\n|upkeep\n|\n|t:|1699208718\n|switch|p2a: Sableye|Sableye, F, shiny|100\/100\n|turn|19\n|\n|t:|1699208724\n|switch|p1a: Pelipper|Pelipper, F, shiny|100\/100\n|-weather|RainDance|[from] ability: Drizzle|[of] p1a: Pelipper\n|move|p2a: Sableye|Encore||[still]\n|-fail|p2a: Sableye\n|\n|-weather|RainDance|[upkeep]\n|upkeep\n|turn|20\n|\n|t:|1699208733\n|move|p2a: Sableye|Sunny Day|p2a: Sableye\n|-weather|SunnyDay\n|move|p1a: Pelipper|Hydro Pump|p2a: Sableye\n|-damage|p2a: Sableye|77\/100\n|\n|-weather|SunnyDay|[upkeep]\n|-heal|p2a: Sableye|83\/100|[from] item: Leftovers\n|upkeep\n|turn|21\n|\n|t:|1699208770\n|switch|p2a: Roaring Moon|Roaring Moon|100\/100\n|-activate|p2a: Roaring Moon|ability: Protosynthesis\n|-start|p2a: Roaring Moon|protosynthesisatk\n|move|p1a: Pelipper|Tailwind|p1a: Pelipper\n|-sidestart|p1: cesarislh|move: Tailwind\n|\n|-weather|SunnyDay|[upkeep]\n|upkeep\n|turn|22\n|\n|t:|1699208786\n|move|p1a: Pelipper|Protect|p1a: Pelipper\n|-singleturn|p1a: Pelipper|Protect\n|move|p2a: Roaring Moon|Crunch|p1a: Pelipper\n|-activate|p1a: Pelipper|move: Protect\n|\n|-weather|SunnyDay|[upkeep]\n|upkeep\n|turn|23\n|\n|t:|1699208795\n|move|p1a: Pelipper|Hurricane|p2a: Roaring Moon|[miss]\n|-miss|p1a: Pelipper|p2a: Roaring Moon\n|move|p2a: Roaring Moon|Dragon Claw|p1a: Pelipper\n|-damage|p1a: Pelipper|18\/100\n|-damage|p2a: Roaring Moon|91\/100|[from] item: Life Orb\n|\n|-weather|SunnyDay|[upkeep]\n|-heal|p1a: Pelipper|24\/100|[from] item: Leftovers\n|upkeep\n|turn|24\n|\n|t:|1699208805\n|move|p1a: Pelipper|Protect|p1a: Pelipper\n|-singleturn|p1a: Pelipper|Protect\n|move|p2a: Roaring Moon|Dragon Claw|p1a: Pelipper\n|-activate|p1a: Pelipper|move: Protect\n|\n|-weather|none\n|-end|p2a: Roaring Moon|Protosynthesis\n|-heal|p1a: Pelipper|30\/100|[from] item: Leftovers\n|-sideend|p1: cesarislh|move: Tailwind\n|upkeep\n|turn|25\n|\n|t:|1699208820\n|switch|p1a: Iron Valiant|Iron Valiant|100\/100\n|move|p2a: Roaring Moon|Dragon Claw|p1a: Iron Valiant\n|-immune|p1a: Iron Valiant\n|\n|upkeep\n|turn|26\n|\n|t:|1699208830\n|-end|p2a: Roaring Moon|Protosynthesis|[silent]\n|switch|p2a: Scream Tail|Scream Tail, shiny|100\/100\n|move|p1a: Iron Valiant|Poison Jab|p2a: Scream Tail\n|-supereffective|p2a: Scream Tail\n|-damage|p2a: Scream Tail|69\/100\n|-status|p2a: Scream Tail|psn\n|-damage|p1a: Iron Valiant|91\/100|[from] item: Life Orb\n|\n|-heal|p2a: Scream Tail|75\/100 psn|[from] item: Leftovers\n|-damage|p2a: Scream Tail|62\/100 psn|[from] psn\n|upkeep\n|turn|27\n|\n|t:|1699208848\n|-end|p1a: Iron Valiant|Quark Drive|[silent]\n|switch|p1a: Greninja|Greninja, F|100\/100\n|-end|p2a: Scream Tail|Protosynthesis|[silent]\n|switch|p2a: Sableye|Sableye, F, shiny|83\/100\n|\n|-heal|p2a: Sableye|89\/100|[from] item: Leftovers\n|upkeep\n|turn|28\n|\n|t:|1699208860\n|move|p2a: Sableye|Sunny Day|p2a: Sableye\n|-weather|SunnyDay\n|move|p1a: Greninja|Ice Beam|p2a: Sableye\n|-start|p1a: Greninja|typechange|Ice|[from] ability: Protean\n|-damage|p2a: Sableye|36\/100\n|\n|-weather|SunnyDay|[upkeep]\n|-heal|p2a: Sableye|42\/100|[from] item: Leftovers\n|upkeep\n|turn|29\n|\n|t:|1699208872\n|move|p2a: Sableye|Disable|p1a: Greninja\n|-start|p1a: Greninja|Disable|Ice Beam\n|cant|p1a: Greninja|Disable|Ice Beam\n|\n|-weather|SunnyDay|[upkeep]\n|-heal|p2a: Sableye|48\/100|[from] item: Leftovers\n|upkeep\n|turn|30\n|\n|t:|1699208880\n|switch|p1a: Pelipper|Pelipper, F, shiny|30\/100\n|-weather|RainDance|[from] ability: Drizzle|[of] p1a: Pelipper\n|move|p2a: Sableye|Encore||[still]\n|-fail|p2a: Sableye\n|\n|-weather|RainDance|[upkeep]\n|-heal|p1a: Pelipper|36\/100|[from] item: Leftovers\n|-heal|p2a: Sableye|55\/100|[from] item: Leftovers\n|upkeep\n|turn|31\n|\n|t:|1699208891\n|move|p2a: Sableye|Sunny Day|p2a: Sableye\n|-weather|SunnyDay\n|move|p1a: Pelipper|Tailwind|p1a: Pelipper\n|-sidestart|p1: cesarislh|move: Tailwind\n|\n|-weather|SunnyDay|[upkeep]\n|-heal|p1a: Pelipper|42\/100|[from] item: Leftovers\n|-heal|p2a: Sableye|61\/100|[from] item: Leftovers\n|upkeep\n|turn|32\n|\n|t:|1699208902\n|move|p2a: Sableye|Recover|p2a: Sableye\n|-heal|p2a: Sableye|100\/100\n|move|p1a: Pelipper|Hurricane|p2a: Sableye|[miss]\n|-miss|p1a: Pelipper|p2a: Sableye\n|\n|-weather|SunnyDay|[upkeep]\n|-heal|p1a: Pelipper|48\/100|[from] item: Leftovers\n|upkeep\n|turn|33\n|\n|t:|1699208918\n|switch|p2a: Slither Wing|Slither Wing|100\/100\n|-activate|p2a: Slither Wing|ability: Protosynthesis\n|-start|p2a: Slither Wing|protosynthesisatk\n|move|p1a: Pelipper|Hurricane|p2a: Slither Wing\n|-supereffective|p2a: Slither Wing\n|-damage|p2a: Slither Wing|0 fnt\n|faint|p2a: Slither Wing\n|-end|p2a: Slither Wing|Protosynthesis|[silent]\n|\n|-weather|SunnyDay|[upkeep]\n|-heal|p1a: Pelipper|55\/100|[from] item: Leftovers\n|upkeep\n|\n|t:|1699208924\n|switch|p2a: Great Tusk|Great Tusk|100\/100\n|-activate|p2a: Great Tusk|ability: Protosynthesis\n|-start|p2a: Great Tusk|protosynthesisdef\n|turn|34\n|\n|t:|1699208937\n|move|p1a: Pelipper|Protect|p1a: Pelipper\n|-singleturn|p1a: Pelipper|Protect\n|move|p2a: Great Tusk|Ice Spinner|p1a: Pelipper\n|-activate|p1a: Pelipper|move: Protect\n|\n|-weather|SunnyDay|[upkeep]\n|-heal|p1a: Pelipper|61\/100|[from] item: Leftovers\n|-sideend|p1: cesarislh|move: Tailwind\n|upkeep\n|turn|35\n|\n|t:|1699208947\n|move|p2a: Great Tusk|Ice Spinner|p1a: Pelipper\n|-damage|p1a: Pelipper|25\/100\n|-damage|p2a: Great Tusk|91\/100|[from] item: Life Orb\n|move|p1a: Pelipper|Tailwind|p1a: Pelipper\n|-sidestart|p1: cesarislh|move: Tailwind\n|\n|-weather|none\n|-end|p2a: Great Tusk|Protosynthesis\n|-heal|p1a: Pelipper|32\/100|[from] item: Leftovers\n|upkeep\n|turn|36\n|\n|t:|1699208986\n|switch|p1a: Iron Valiant|Iron Valiant|91\/100\n|-end|p2a: Great Tusk|Protosynthesis|[silent]\n|switch|p2a: Sableye|Sableye, F, shiny|100\/100\n|\n|upkeep\n|turn|37\n|\n|t:|1699209001\n|move|p2a: Sableye|Sunny Day|p2a: Sableye\n|-weather|SunnyDay\n|move|p1a: Iron Valiant|Poison Jab|p2a: Sableye\n|-resisted|p2a: Sableye\n|-damage|p2a: Sableye|82\/100\n|-damage|p1a: Iron Valiant|81\/100|[from] item: Life Orb\n|\n|-weather|SunnyDay|[upkeep]\n|-heal|p2a: Sableye|89\/100|[from] item: Leftovers\n|upkeep\n|turn|38\n|\n|t:|1699209017\n|-end|p1a: Iron Valiant|Quark Drive|[silent]\n|switch|p1a: Greninja|Greninja, F|100\/100\n|switch|p2a: Great Tusk|Great Tusk|91\/100\n|-activate|p2a: Great Tusk|ability: Protosynthesis\n|-start|p2a: Great Tusk|protosynthesisdef\n|\n|-weather|SunnyDay|[upkeep]\n|-sideend|p1: cesarislh|move: Tailwind\n|upkeep\n|turn|39\n|\n|t:|1699209031\n|switch|p1a: Pelipper|Pelipper, F, shiny|32\/100\n|-weather|RainDance|[from] ability: Drizzle|[of] p1a: Pelipper\n|-end|p2a: Great Tusk|Protosynthesis\n|move|p2a: Great Tusk|Close Combat|p1a: Pelipper\n|-resisted|p1a: Pelipper\n|-damage|p1a: Pelipper|0 fnt\n|-unboost|p2a: Great Tusk|def|1\n|-unboost|p2a: Great Tusk|spd|1\n|faint|p1a: Pelipper\n|-damage|p2a: Great Tusk|81\/100|[from] item: Life Orb\n|\n|-weather|RainDance|[upkeep]\n|upkeep\n|\n|t:|1699209046\n|switch|p1a: Greninja|Greninja, F|100\/100\n|turn|40\n|\n|t:|1699209054\n|-end|p2a: Great Tusk|Protosynthesis|[silent]\n|switch|p2a: Scream Tail|Scream Tail, shiny|62\/100 psn\n|move|p1a: Greninja|Hydro Pump|p2a: Scream Tail\n|-start|p1a: Greninja|typechange|Water|[from] ability: Protean\n|-damage|p2a: Scream Tail|18\/100 psn\n|\n|-weather|RainDance|[upkeep]\n|-heal|p2a: Scream Tail|24\/100 psn|[from] item: Leftovers\n|-damage|p2a: Scream Tail|12\/100 psn|[from] psn\n|upkeep\n|turn|41\n|\n|t:|1699209066\n|move|p1a: Greninja|Hydro Pump|p2a: Scream Tail\n|-damage|p2a: Scream Tail|0 fnt\n|faint|p2a: Scream Tail\n|-end|p2a: Scream Tail|Protosynthesis|[silent]\n|\n|-weather|RainDance|[upkeep]\n|upkeep\n|\n|t:|1699209069\n|switch|p2a: Sableye|Sableye, F, shiny|89\/100\n|turn|42\n|\n|t:|1699209075\n|move|p2a: Sableye|Sunny Day|p2a: Sableye\n|-weather|SunnyDay\n|move|p1a: Greninja|Hydro Pump|p2a: Sableye\n|-damage|p2a: Sableye|55\/100\n|\n|-weather|SunnyDay|[upkeep]\n|-heal|p2a: Sableye|61\/100|[from] item: Leftovers\n|upkeep\n|turn|43\n|\n|t:|1699209086\n|switch|p1a: Iron Valiant|Iron Valiant|81\/100\n|move|p2a: Sableye|Recover|p2a: Sableye\n|-heal|p2a: Sableye|100\/100\n|\n|-weather|SunnyDay|[upkeep]\n|upkeep\n|turn|44\n|\n|t:|1699209097\n|move|p2a: Sableye|Disable||[still]\n|-fail|p2a: Sableye\n|move|p1a: Iron Valiant|Calm Mind|p1a: Iron Valiant\n|-boost|p1a: Iron Valiant|spa|1\n|-boost|p1a: Iron Valiant|spd|1\n|\n|-weather|SunnyDay|[upkeep]\n|upkeep\n|turn|45\n|\n|t:|1699209113\n|move|p2a: Sableye|Encore|p1a: Iron Valiant\n|-start|p1a: Iron Valiant|Encore\n|move|p1a: Iron Valiant|Calm Mind|p1a: Iron Valiant\n|-boost|p1a: Iron Valiant|spa|1\n|-boost|p1a: Iron Valiant|spd|1\n|\n|-weather|SunnyDay|[upkeep]\n|upkeep\n|turn|46\n|\n|t:|1699209120\n|switch|p2a: Roaring Moon|Roaring Moon|91\/100\n|-activate|p2a: Roaring Moon|ability: Protosynthesis\n|-start|p2a: Roaring Moon|protosynthesisatk\n|move|p1a: Iron Valiant|Calm Mind|p1a: Iron Valiant\n|-boost|p1a: Iron Valiant|spa|1\n|-boost|p1a: Iron Valiant|spd|1\n|\n|-weather|none\n|-end|p2a: Roaring Moon|Protosynthesis\n|upkeep\n|turn|47\n|\n|t:|1699209130\n|move|p1a: Iron Valiant|Calm Mind|p1a: Iron Valiant\n|-boost|p1a: Iron Valiant|spa|1\n|-boost|p1a: Iron Valiant|spd|1\n|move|p2a: Roaring Moon|Dragon Dance|p2a: Roaring Moon\n|-boost|p2a: Roaring Moon|atk|1\n|-boost|p2a: Roaring Moon|spe|1\n|\n|-end|p1a: Iron Valiant|Encore\n|upkeep\n|turn|48\n|\n|t:|1699209140\n|move|p2a: Roaring Moon|Crunch|p1a: Iron Valiant\n|-resisted|p1a: Iron Valiant\n|-damage|p1a: Iron Valiant|52\/100\n|-damage|p2a: Roaring Moon|81\/100|[from] item: Life Orb\n|move|p1a: Iron Valiant|Moonblast|p2a: Roaring Moon\n|-supereffective|p2a: Roaring Moon\n|-damage|p2a: Roaring Moon|0 fnt\n|faint|p2a: Roaring Moon\n|-end|p2a: Roaring Moon|Protosynthesis|[silent]\n|-damage|p1a: Iron Valiant|42\/100|[from] item: Life Orb\n|\n|upkeep\n|\n|t:|1699209146\n|switch|p2a: Sableye|Sableye, F, shiny|100\/100\n|turn|49\n|\n|t:|1699209154\n|-terastallize|p2a: Sableye|Steel\n|move|p2a: Sableye|Disable|p1a: Iron Valiant\n|-start|p1a: Iron Valiant|Disable|Moonblast\n|cant|p1a: Iron Valiant|Disable|Moonblast\n|\n|upkeep\n|turn|50\n|\n|t:|1699209164\n|-end|p1a: Iron Valiant|Quark Drive|[silent]\n|switch|p1a: Ninetales|Ninetales, M, shiny|100\/100\n|-weather|SunnyDay|[from] ability: Drought|[of] p1a: Ninetales\n|move|p2a: Sableye|Encore||[still]\n|-fail|p2a: Sableye\n|\n|-weather|SunnyDay|[upkeep]\n|upkeep\n|turn|51\n|\n|t:|1699209175\n|move|p2a: Sableye|Disable||[still]\n|-fail|p2a: Sableye\n|move|p1a: Ninetales|Energy Ball|p2a: Sableye\n|-resisted|p2a: Sableye\n|-damage|p2a: Sableye|86\/100\n|\n|-weather|SunnyDay|[upkeep]\n|-heal|p2a: Sableye|93\/100|[from] item: Leftovers\n|upkeep\n|turn|52\n|\n|t:|1699209186\n|move|p2a: Sableye|Disable|p1a: Ninetales\n|-start|p1a: Ninetales|Disable|Energy Ball\n|move|p1a: Ninetales|Flamethrower|p2a: Sableye\n|-supereffective|p2a: Sableye\n|-damage|p2a: Sableye|0 fnt\n|faint|p2a: Sableye\n|\n|-weather|SunnyDay|[upkeep]\n|upkeep\n|\n|t:|1699209192\n|switch|p2a: Great Tusk|Great Tusk|81\/100\n|-activate|p2a: Great Tusk|ability: Protosynthesis\n|-start|p2a: Great Tusk|protosynthesisdef\n|turn|53\n|\n|t:|1699209199\n|switch|p1a: Greninja|Greninja, F|100\/100\n|move|p2a: Great Tusk|Close Combat|p1a: Greninja\n|-supereffective|p1a: Greninja\n|-damage|p1a: Greninja|0 fnt\n|-unboost|p2a: Great Tusk|def|1\n|-unboost|p2a: Great Tusk|spd|1\n|faint|p1a: Greninja\n|-damage|p2a: Great Tusk|71\/100|[from] item: Life Orb\n|\n|-weather|SunnyDay|[upkeep]\n|upkeep\n|\n|t:|1699209212\n|switch|p1a: Iron Valiant|Iron Valiant|42\/100\n|turn|54\n|\n|t:|1699209216\n|move|p1a: Iron Valiant|Moonblast|p2a: Great Tusk\n|-supereffective|p2a: Great Tusk\n|-damage|p2a: Great Tusk|0 fnt\n|faint|p2a: Great Tusk\n|-end|p2a: Great Tusk|Protosynthesis|[silent]\n|-damage|p1a: Iron Valiant|33\/100|[from] item: Life Orb\n|\n|win|cesarislh\n","uploadtime":1699209224,"views":3,"p1id":"cesarislh","p2id":"eldonas265","formatid":"gen9anythinggoes","rating":0,"private":0,"password":""}