{"id":"gen9anythinggoes-1984045753","p1":"tortoisetimes22","p2":"Aadvak Adivk","format":"[Gen 9] Anything Goes","log":"|j|\u2606tortoisetimes22\n|j|\u2606Aadvak Adivk\n|t:|1699213093\n|gametype|singles\n|player|p1|tortoisetimes22|silver|1123\n|player|p2|Aadvak Adivk|hugh|1087\n|teamsize|p1|6\n|teamsize|p2|6\n|gen|9\n|tier|[Gen 9] Anything Goes\n|rated|\n|rule|HP Percentage Mod: HP is shown in percentages\n|rule|Endless Battle Clause: Forcing endless battles is banned\n|clearpoke\n|poke|p1|Eternatus|\n|poke|p1|Calyrex-Ice|\n|poke|p1|Mewtwo|\n|poke|p1|Palkia|\n|poke|p1|Zacian-*|\n|poke|p1|Arceus-Water|\n|poke|p2|Gholdengo|\n|poke|p2|Rayquaza|\n|poke|p2|Palkia-Origin|\n|poke|p2|Groudon|\n|poke|p2|Shaymin-Sky|\n|poke|p2|Zacian-*|\n|teampreview\n|\n|t:|1699213099\n|start\n|switch|p1a: Mewtwo|Mewtwo, shiny|100\/100\n|switch|p2a: Rayquaza|Rayquaza, shiny|100\/100\n|-ability|p1a: Mewtwo|Pressure\n|-ability|p2a: Rayquaza|Air Lock\n|turn|1\n|\n|t:|1699213113\n|move|p1a: Mewtwo|Calm Mind|p1a: Mewtwo\n|-boost|p1a: Mewtwo|spa|1\n|-boost|p1a: Mewtwo|spd|1\n|move|p2a: Rayquaza|Earthquake|p1a: Mewtwo\n|-damage|p1a: Mewtwo|60\/100\n|\n|-heal|p1a: Mewtwo|67\/100|[from] item: Leftovers\n|upkeep\n|turn|2\n|\n|t:|1699213122\n|move|p1a: Mewtwo|Calm Mind|p1a: Mewtwo\n|-boost|p1a: Mewtwo|spa|1\n|-boost|p1a: Mewtwo|spd|1\n|move|p2a: Rayquaza|Earthquake|p1a: Mewtwo\n|-damage|p1a: Mewtwo|27\/100\n|\n|-heal|p1a: Mewtwo|34\/100|[from] item: Leftovers\n|upkeep\n|turn|3\n|\n|t:|1699213132\n|move|p1a: Mewtwo|Psystrike|p2a: Rayquaza\n|-enditem|p2a: Rayquaza|Focus Sash\n|-damage|p2a: Rayquaza|1\/100\n|move|p2a: Rayquaza|Earthquake|p1a: Mewtwo\n|-damage|p1a: Mewtwo|0 fnt\n|faint|p1a: Mewtwo\n|\n|upkeep\n|\n|t:|1699213143\n|switch|p1a: Zacian|Zacian-Crowned, shiny|100\/100\n|-ability|p1a: Zacian|Intrepid Sword|boost\n|-boost|p1a: Zacian|atk|1\n|turn|4\n|\n|t:|1699213148\n|move|p1a: Zacian|Swords Dance|p1a: Zacian\n|-boost|p1a: Zacian|atk|2\n|move|p2a: Rayquaza|Fire Blast|p1a: Zacian\n|-supereffective|p1a: Zacian\n|-crit|p1a: Zacian\n|-damage|p1a: Zacian|7\/100\n|\n|upkeep\n|turn|5\n|\n|t:|1699213157\n|move|p1a: Zacian|Play Rough|p2a: Rayquaza\n|-supereffective|p2a: Rayquaza\n|-damage|p2a: Rayquaza|0 fnt\n|faint|p2a: Rayquaza\n|\n|upkeep\n|inactive|Battle timer is ON: inactive players will automatically lose when time's up. (requested by tortoisetimes22)\n|\n|t:|1699213167\n|switch|p2a: Zacian|Zacian-Crowned, shiny|100\/100\n|-ability|p2a: Zacian|Intrepid Sword|boost\n|-boost|p2a: Zacian|atk|1\n|turn|6\n|\n|t:|1699213178\n|move|p1a: Zacian|Close Combat|p2a: Zacian\n|-damage|p2a: Zacian|0 fnt\n|-unboost|p1a: Zacian|def|1\n|-unboost|p1a: Zacian|spd|1\n|faint|p2a: Zacian\n|\n|upkeep\n|\n|t:|1699213186\n|switch|p2a: Shaymin|Shaymin-Sky|100\/100\n|turn|7\n|\n|t:|1699213192\n|move|p1a: Zacian|Play Rough|p2a: Shaymin\n|-enditem|p2a: Shaymin|Focus Sash\n|-damage|p2a: Shaymin|1\/100\n|move|p2a: Shaymin|Giga Drain|p1a: Zacian\n|-resisted|p1a: Zacian\n|-damage|p1a: Zacian|0 fnt\n|-heal|p2a: Shaymin|4\/100|[from] drain|[of] p1a: Zacian\n|faint|p1a: Zacian\n|\n|upkeep\n|\n|t:|1699213205\n|switch|p1a: Eternatus|Eternatus|100\/100\n|-ability|p1a: Eternatus|Pressure\n|turn|8\n|\n|t:|1699213215\n|move|p1a: Eternatus|Sludge Bomb|p2a: Shaymin\n|-supereffective|p2a: Shaymin\n|-damage|p2a: Shaymin|0 fnt\n|faint|p2a: Shaymin\n|\n|upkeep\n|\n|t:|1699213223\n|switch|p2a: Palkia|Palkia-Origin, shiny|100\/100\n|-ability|p2a: Palkia|Pressure\n|turn|9\n|\n|t:|1699213228\n|move|p1a: Eternatus|Dynamax Cannon|p2a: Palkia\n|-supereffective|p2a: Palkia\n|-damage|p2a: Palkia|13\/100\n|move|p2a: Palkia|Draco Meteor|p1a: Eternatus\n|-supereffective|p1a: Eternatus\n|-damage|p1a: Eternatus|0 fnt\n|-unboost|p2a: Palkia|spa|2\n|faint|p1a: Eternatus\n|\n|upkeep\n|\n|t:|1699213237\n|switch|p1a: Palkia|Palkia, shiny|100\/100\n|-ability|p1a: Palkia|Pressure\n|turn|10\n|\n|t:|1699213243\n|move|p2a: Palkia|Draco Meteor|p1a: Palkia\n|-supereffective|p1a: Palkia\n|-damage|p1a: Palkia|18\/100\n|-unboost|p2a: Palkia|spa|2\n|move|p1a: Palkia|Thunderbolt|p2a: Palkia\n|-damage|p2a: Palkia|0 fnt\n|faint|p2a: Palkia\n|\n|upkeep\n|\n|t:|1699213253\n|switch|p2a: Gholdengo|Gholdengo|100\/100\n|turn|11\n|\n|t:|1699213267\n|move|p1a: Palkia|Spacial Rend|p2a: Gholdengo\n|-resisted|p2a: Gholdengo\n|-crit|p2a: Gholdengo\n|-damage|p2a: Gholdengo|37\/100\n|move|p2a: Gholdengo|Make It Rain|p1a: Palkia\n|-resisted|p1a: Palkia\n|-crit|p1a: Palkia\n|-damage|p1a: Palkia|0 fnt\n|-unboost|p2a: Gholdengo|spa|1\n|faint|p1a: Palkia\n|\n|upkeep\n|\n|t:|1699213281\n|switch|p1a: Calyrex|Calyrex-Ice|100\/100\n|-ability|p1a: Calyrex|As One\n|-ability|p1a: Calyrex|Unnerve\n|turn|12\n|\n|t:|1699213291\n|move|p2a: Gholdengo|Make It Rain|p1a: Calyrex\n|-supereffective|p1a: Calyrex\n|-damage|p1a: Calyrex|41\/100\n|-unboost|p2a: Gholdengo|spa|1\n|move|p1a: Calyrex|Glacial Lance|p2a: Gholdengo\n|-resisted|p2a: Gholdengo\n|-damage|p2a: Gholdengo|0 fnt\n|faint|p2a: Gholdengo\n|-ability|p1a: Calyrex|Chilling Neigh|boost\n|-boost|p1a: Calyrex|atk|1\n|-damage|p1a: Calyrex|31\/100|[from] item: Life Orb\n|\n|upkeep\n|\n|t:|1699213305\n|switch|p2a: Groudon|Groudon, shiny|100\/100\n|-weather|SunnyDay|[from] ability: Drought|[of] p2a: Groudon\n|turn|13\n|\n|t:|1699213311\n|-terastallize|p2a: Groudon|Fire\n|move|p2a: Groudon|Eruption|p1a: Calyrex\n|-supereffective|p1a: Calyrex\n|-damage|p1a: Calyrex|0 fnt\n|faint|p1a: Calyrex\n|\n|-weather|SunnyDay|[upkeep]\n|upkeep\n|\n|t:|1699213318\n|switch|p1a: Arceus|Arceus-Water|100\/100\n|turn|14\n|\n|t:|1699213325\n|-terastallize|p1a: Arceus|Water\n|move|p1a: Arceus|Chilling Water|p2a: Groudon\n|-supereffective|p2a: Groudon\n|-damage|p2a: Groudon|66\/100\n|-unboost|p2a: Groudon|atk|1\n|move|p2a: Groudon|Solar Beam||[still]\n|-prepare|p2a: Groudon|Solar Beam\n|-anim|p2a: Groudon|Solar Beam|p1a: Arceus\n|-supereffective|p1a: Arceus\n|-damage|p1a: Arceus|64\/100\n|\n|-weather|SunnyDay|[upkeep]\n|upkeep\n|turn|15\n|\n|t:|1699213339\n|move|p1a: Arceus|Judgment|p2a: Groudon\n|-supereffective|p2a: Groudon\n|-damage|p2a: Groudon|0 fnt\n|faint|p2a: Groudon\n|\n|win|tortoisetimes22\n|raw|tortoisetimes22's rating: 1123 &rarr; <strong>1145<\/strong><br \/>(+22 for winning)\n|raw|Aadvak Adivk's rating: 1087 &rarr; <strong>1066<\/strong><br \/>(-21 for losing)\n","uploadtime":1699213347,"views":4,"p1id":"tortoisetimes22","p2id":"aadvakadivk","formatid":"gen9anythinggoes","rating":1066,"private":0,"password":""}