{"id":"gen9anythinggoes-1984207788","p1":"DingusDipplesPRIME","p2":"Mr.Palm","format":"[Gen 9] Anything Goes","log":"|j|\u2606DingusDipplesPRIME\n|j|\u2606Mr.Palm\n|t:|1699230254\n|gametype|singles\n|player|p1|DingusDipplesPRIME|infielder|\n|player|p2|Mr.Palm|lance-gen1rb|\n|teamsize|p1|6\n|teamsize|p2|6\n|gen|9\n|tier|[Gen 9] Anything Goes\n|rule|HP Percentage Mod: HP is shown in percentages\n|rule|Endless Battle Clause: Forcing endless battles is banned\n|clearpoke\n|poke|p1|Ambipom, M|\n|poke|p1|Magnezone|\n|poke|p1|Cramorant, F|\n|poke|p1|Kommo-o, F|\n|poke|p1|Hatterene, F|\n|poke|p1|Gholdengo|\n|poke|p2|Gliscor, M|\n|poke|p2|Kingambit, F|\n|poke|p2|Mienshao, M|\n|poke|p2|Cryogonal|\n|poke|p2|Drifblim, F|\n|poke|p2|Empoleon, F|\n|teampreview\n|inactive|Battle timer is ON: inactive players will automatically lose when time's up. (requested by Mr.Palm)\n|j| Garburator\n|j| Demandread\n|j| Bentherebefore\n|j| ambrosa\n|j| mambroeru\n|inactive|Mr.Palm has 270 seconds left.\n|j| wattyrows\n|inactive|Mr.Palm has 240 seconds left.\n|\n|t:|1699230328\n|start\n|switch|p1a: CRAPorant|Cramorant, F|100\/100\n|switch|p2a: TheyCallMeWhiskers|Mienshao, M|100\/100\n|turn|1\n|\n|t:|1699230348\n|switch|p2a: Lord Belfast|Empoleon, F|100\/100\n|move|p1a: CRAPorant|Surf|p2a: Lord Belfast\n|-formechange|p1a: CRAPorant|Cramorant-Gulping|\n|-resisted|p2a: Lord Belfast\n|-damage|p2a: Lord Belfast|92\/100\n|\n|-heal|p2a: Lord Belfast|98\/100|[from] item: Leftovers\n|upkeep\n|turn|2\n|j| GreatKingJack\n|\n|t:|1699230358\n|move|p1a: CRAPorant|Drill Peck|p2a: Lord Belfast\n|-resisted|p2a: Lord Belfast\n|-crit|p2a: Lord Belfast\n|-damage|p2a: Lord Belfast|78\/100\n|move|p2a: Lord Belfast|Iron Defense|p2a: Lord Belfast\n|-boost|p2a: Lord Belfast|def|2\n|\n|-heal|p2a: Lord Belfast|84\/100|[from] item: Leftovers\n|upkeep\n|turn|3\n|inactive|DingusDipplesPRIME has 270 seconds left.\n|\n|t:|1699230394\n|move|p1a: CRAPorant|Drill Peck|p2a: Lord Belfast\n|-resisted|p2a: Lord Belfast\n|-damage|p2a: Lord Belfast|78\/100\n|move|p2a: Lord Belfast|Knock Off|p1a: CRAPorant\n|-damage|p1a: CRAPorant|80\/100\n|-damage|p2a: Lord Belfast|53\/100|[from] ability: Gulp Missile|[of] p1a: CRAPorant\n|-unboost|p2a: Lord Belfast|def|1\n|-ability|p2a: Lord Belfast|Competitive|boost\n|-boost|p2a: Lord Belfast|spa|2\n|-formechange|p1a: CRAPorant|Cramorant|\n|-enditem|p1a: CRAPorant|Heavy-Duty Boots|[from] move: Knock Off|[of] p2a: Lord Belfast\n|\n|-heal|p2a: Lord Belfast|59\/100|[from] item: Leftovers\n|upkeep\n|turn|4\n|inactive|DingusDipplesPRIME has 270 seconds left.\n|c|\u2606DingusDipplesPRIME|ooho right\n|c|\u2606DingusDipplesPRIME|well that's not good\n|inactive|Mr.Palm has 270 seconds left.\n|\n|t:|1699230445\n|switch|p2a: The Covid Bat|Gliscor, M|100\/100\n|move|p1a: CRAPorant|Surf|p2a: The Covid Bat\n|-formechange|p1a: CRAPorant|Cramorant-Gulping|\n|-supereffective|p2a: The Covid Bat\n|-crit|p2a: The Covid Bat\n|-damage|p2a: The Covid Bat|16\/100\n|\n|-status|p2a: The Covid Bat|tox|[from] item: Toxic Orb\n|upkeep\n|turn|5\n|\n|t:|1699230459\n|move|p2a: The Covid Bat|Protect|p2a: The Covid Bat\n|-singleturn|p2a: The Covid Bat|Protect\n|move|p1a: CRAPorant|Surf|p2a: The Covid Bat\n|-activate|p2a: The Covid Bat|move: Protect\n|\n|-heal|p2a: The Covid Bat|28\/100 tox|[from] ability: Poison Heal\n|upkeep\n|turn|6\n|\n|t:|1699230466\n|switch|p2a: Lord Belfast|Empoleon, F|59\/100\n|move|p1a: CRAPorant|Surf|p2a: Lord Belfast\n|-resisted|p2a: Lord Belfast\n|-damage|p2a: Lord Belfast|51\/100\n|\n|-heal|p2a: Lord Belfast|57\/100|[from] item: Leftovers\n|upkeep\n|turn|7\n|inactive|DingusDipplesPRIME has 270 seconds left.\n|\n|t:|1699230473\n|move|p1a: CRAPorant|Drill Peck|p2a: Lord Belfast\n|-resisted|p2a: Lord Belfast\n|-damage|p2a: Lord Belfast|44\/100\n|move|p2a: Lord Belfast|Roost|p2a: Lord Belfast\n|-heal|p2a: Lord Belfast|94\/100\n|-singleturn|p2a: Lord Belfast|move: Roost\n|\n|-heal|p2a: Lord Belfast|100\/100|[from] item: Leftovers\n|upkeep\n|turn|8\n|\n|t:|1699230482\n|switch|p1a: MagneBONE|Magnezone|100\/100\n|-item|p1a: MagneBONE|Air Balloon\n|move|p2a: Lord Belfast|Iron Defense|p2a: Lord Belfast\n|-boost|p2a: Lord Belfast|def|2\n|\n|upkeep\n|turn|9\n|\n|t:|1699230494\n|move|p1a: MagneBONE|Iron Defense|p1a: MagneBONE\n|-boost|p1a: MagneBONE|def|2\n|move|p2a: Lord Belfast|Surf|p1a: MagneBONE\n|-damage|p1a: MagneBONE|52\/100\n|-enditem|p1a: MagneBONE|Air Balloon\n|\n|upkeep\n|turn|10\n|inactive|Mr.Palm has 270 seconds left.\n|\n|t:|1699230518\n|move|p1a: MagneBONE|Body Press|p2a: Lord Belfast\n|-supereffective|p2a: Lord Belfast\n|-damage|p2a: Lord Belfast|55\/100\n|move|p2a: Lord Belfast|Surf|p1a: MagneBONE\n|-damage|p1a: MagneBONE|8\/100\n|\n|-heal|p2a: Lord Belfast|62\/100|[from] item: Leftovers\n|upkeep\n|turn|11\n|inactive|Mr.Palm has 270 seconds left.\n|\n|t:|1699230543\n|move|p1a: MagneBONE|Volt Switch|p2a: Lord Belfast\n|-supereffective|p2a: Lord Belfast\n|-damage|p2a: Lord Belfast|13\/100\n|\n|t:|1699230549\n|switch|p1a: LAMEbipom|Ambipom, M|100\/100|[from] Volt Switch\n|move|p2a: Lord Belfast|Surf|p1a: LAMEbipom\n|-damage|p1a: LAMEbipom|43\/100\n|\n|-heal|p2a: Lord Belfast|19\/100|[from] item: Leftovers\n|upkeep\n|turn|12\n|inactive|Mr.Palm has 270 seconds left.\n|c|\u2606DingusDipplesPRIME|that thing\n|inactive|DingusDipplesPRIME has 270 seconds left.\n|inactive|Mr.Palm has 240 seconds left.\n|\n|t:|1699230607\n|switch|p2a: TheyCallMeWhiskers|Mienshao, M|100\/100\n|move|p1a: LAMEbipom|Knock Off|p2a: TheyCallMeWhiskers\n|-resisted|p2a: TheyCallMeWhiskers\n|-damage|p2a: TheyCallMeWhiskers|72\/100\n|-enditem|p2a: TheyCallMeWhiskers|Choice Scarf|[from] move: Knock Off|[of] p1a: LAMEbipom\n|\n|upkeep\n|turn|13\n|inactive|Mr.Palm has 210 seconds left.\n|\n|t:|1699230634\n|switch|p1a: CRAPorant|Cramorant, F|80\/100\n|move|p2a: TheyCallMeWhiskers|Close Combat|p1a: CRAPorant\n|-resisted|p1a: CRAPorant\n|-damage|p1a: CRAPorant|48\/100\n|-unboost|p2a: TheyCallMeWhiskers|def|1\n|-unboost|p2a: TheyCallMeWhiskers|spd|1\n|\n|upkeep\n|turn|14\n|inactive|Mr.Palm has 210 seconds left.\n|\n|t:|1699230645\n|move|p2a: TheyCallMeWhiskers|U-turn|p1a: CRAPorant\n|-resisted|p1a: CRAPorant\n|-damage|p1a: CRAPorant|34\/100\n|\n|t:|1699230649\n|switch|p2a: CryMeAFrozenRiver|Cryogonal|100\/100|[from] U-turn\n|move|p1a: CRAPorant|Roost|p1a: CRAPorant\n|-heal|p1a: CRAPorant|84\/100\n|-singleturn|p1a: CRAPorant|move: Roost\n|\n|upkeep\n|turn|15\n|inactive|Mr.Palm has 210 seconds left.\n|inactive|DingusDipplesPRIME has 240 seconds left.\n|\n|t:|1699230679\n|switch|p1a: GholdenGROSS|Gholdengo|100\/100\n|move|p2a: CryMeAFrozenRiver|Freeze-Dry|p1a: GholdenGROSS\n|-resisted|p1a: GholdenGROSS\n|-damage|p1a: GholdenGROSS|88\/100\n|\n|upkeep\n|turn|16\n|inactive|DingusDipplesPRIME has 240 seconds left.\n|inactive|Mr.Palm has 180 seconds left.\n|\n|t:|1699230716\n|switch|p2a: Lord Belfast|Empoleon, F|19\/100\n|move|p1a: GholdenGROSS|Shadow Ball|p2a: Lord Belfast\n|-damage|p2a: Lord Belfast|0 fnt\n|faint|p2a: Lord Belfast\n|\n|upkeep\n|\n|t:|1699230728\n|switch|p2a: TheyCallMeWhiskers|Mienshao, M|100\/100\n|turn|17\n|inactive|DingusDipplesPRIME has 240 seconds left.\n|\n|t:|1699230747\n|move|p2a: TheyCallMeWhiskers|Knock Off|p1a: GholdenGROSS\n|-supereffective|p1a: GholdenGROSS\n|-damage|p1a: GholdenGROSS|5\/100\n|-enditem|p1a: GholdenGROSS|Covert Cloak|[from] move: Knock Off|[of] p2a: TheyCallMeWhiskers\n|move|p1a: GholdenGROSS|Make It Rain|p2a: TheyCallMeWhiskers\n|-damage|p2a: TheyCallMeWhiskers|0 fnt\n|-unboost|p1a: GholdenGROSS|spa|1\n|faint|p2a: TheyCallMeWhiskers\n|\n|upkeep\n|inactive|Mr.Palm has 150 seconds left.\n|\n|t:|1699230788\n|switch|p2a: Balloon Boy|Drifblim, F|100\/100\n|turn|18\n|\n|t:|1699230794\n|move|p1a: GholdenGROSS|Recover|p1a: GholdenGROSS\n|-heal|p1a: GholdenGROSS|55\/100\n|move|p2a: Balloon Boy|Substitute|p2a: Balloon Boy\n|-start|p2a: Balloon Boy|Substitute\n|-damage|p2a: Balloon Boy|76\/100\n|\n|upkeep\n|turn|19\n|\n|t:|1699230799\n|move|p1a: GholdenGROSS|Shadow Ball|p2a: Balloon Boy\n|-supereffective|p2a: Balloon Boy\n|-end|p2a: Balloon Boy|Substitute\n|move|p2a: Balloon Boy|Calm Mind|p2a: Balloon Boy\n|-boost|p2a: Balloon Boy|spa|1\n|-boost|p2a: Balloon Boy|spd|1\n|\n|upkeep\n|turn|20\n|\n|t:|1699230816\n|switch|p1a: CRAPorant|Cramorant, F|84\/100\n|move|p2a: Balloon Boy|Substitute|p2a: Balloon Boy\n|-start|p2a: Balloon Boy|Substitute\n|-damage|p2a: Balloon Boy|51\/100\n|\n|upkeep\n|turn|21\n|\n|t:|1699230823\n|move|p2a: Balloon Boy|Calm Mind|p2a: Balloon Boy\n|-boost|p2a: Balloon Boy|spa|1\n|-boost|p2a: Balloon Boy|spd|1\n|move|p1a: CRAPorant|Surf|p2a: Balloon Boy\n|-formechange|p1a: CRAPorant|Cramorant-Gulping|\n|-activate|p2a: Balloon Boy|move: Substitute|[damage]\n|\n|upkeep\n|turn|22\n|inactive|DingusDipplesPRIME has 270 seconds left.\n|\n|t:|1699230844\n|move|p2a: Balloon Boy|Air Slash|p1a: CRAPorant\n|-damage|p1a: CRAPorant|14\/100\n|-damage|p2a: Balloon Boy|26\/100|[from] ability: Gulp Missile|[of] p1a: CRAPorant\n|-unboost|p2a: Balloon Boy|def|1\n|-formechange|p1a: CRAPorant|Cramorant|\n|-enditem|p2a: Balloon Boy|Sitrus Berry|[eat]\n|-heal|p2a: Balloon Boy|51\/100|[from] item: Sitrus Berry\n|move|p1a: CRAPorant|Drill Peck|p2a: Balloon Boy\n|-end|p2a: Balloon Boy|Substitute\n|\n|upkeep\n|turn|23\n|inactive|DingusDipplesPRIME has 270 seconds left.\n|inactive|Mr.Palm has 150 seconds left.\n|\n|t:|1699230863\n|move|p2a: Balloon Boy|Air Slash|p1a: CRAPorant\n|-damage|p1a: CRAPorant|0 fnt\n|faint|p1a: CRAPorant\n|\n|upkeep\n|inactive|DingusDipplesPRIME has 270 seconds left.\n|c|\u2606Mr.Palm|did not know that went through sub lol\n|\n|t:|1699230891\n|switch|p1a: Kommo-UH-OH|Kommo-o, F|100\/100\n|turn|24\n|\n|t:|1699230900\n|-terastallize|p1a: Kommo-UH-OH|Steel\n|move|p2a: Balloon Boy|Substitute|p2a: Balloon Boy\n|-start|p2a: Balloon Boy|Substitute\n|-damage|p2a: Balloon Boy|26\/100\n|move|p1a: Kommo-UH-OH|Scale Shot|p2a: Balloon Boy|[miss]\n|-miss|p1a: Kommo-UH-OH|p2a: Balloon Boy\n|\n|upkeep\n|turn|25\n|c|\u2606DingusDipplesPRIME|listen\n|\n|t:|1699230912\n|move|p2a: Balloon Boy|Hex|p1a: Kommo-UH-OH\n|-damage|p1a: Kommo-UH-OH|37\/100\n|move|p1a: Kommo-UH-OH|Scale Shot|p2a: Balloon Boy\n|-activate|p2a: Balloon Boy|move: Substitute|[damage]\n|-end|p2a: Balloon Boy|Substitute\n|-damage|p2a: Balloon Boy|1\/100\n|-damage|p2a: Balloon Boy|0 fnt\n|faint|p2a: Balloon Boy\n|-hitcount|p2: Balloon Boy|4\n|-unboost|p1a: Kommo-UH-OH|def|1\n|-boost|p1a: Kommo-UH-OH|spe|1\n|\n|upkeep\n|inactive|Mr.Palm has 150 seconds left.\n|inactive|Mr.Palm has 120 seconds left.\n|\n|t:|1699230960\n|switch|p2a: Horned Up|Kingambit, F|100\/100\n|-activate|p2a: Horned Up|ability: Supreme Overlord\n|-start|p2a: Horned Up|fallen3|[silent]\n|turn|26\n|inactive|Mr.Palm has 120 seconds left.\n|\n|t:|1699230984\n|switch|p1a: MagneBONE|Magnezone|8\/100\n|-terastallize|p2a: Horned Up|Ground\n|move|p2a: Horned Up|Swords Dance|p2a: Horned Up\n|-boost|p2a: Horned Up|atk|2\n|\n|upkeep\n|turn|27\n|\n|t:|1699230994\n|move|p2a: Horned Up|Sucker Punch|p1a: MagneBONE\n|-damage|p1a: MagneBONE|0 fnt\n|faint|p1a: MagneBONE\n|\n|upkeep\n|\n|t:|1699230999\n|switch|p1a: LAMEbipom|Ambipom, M|43\/100\n|turn|28\n|inactive|Mr.Palm has 120 seconds left.\n|\n|t:|1699231004\n|move|p2a: Horned Up|Sucker Punch||[still]\n|-fail|p2a: Horned Up\n|move|p1a: LAMEbipom|Switcheroo|p2a: Horned Up\n|-activate|p1a: LAMEbipom|move: Trick|[of] p2a: Horned Up\n|-item|p2a: Horned Up|Choice Scarf|[from] move: Switcheroo\n|-item|p1a: LAMEbipom|Black Glasses|[from] move: Switcheroo\n|\n|upkeep\n|turn|29\n|inactive|Mr.Palm has 120 seconds left.\n|\n|t:|1699231023\n|move|p1a: LAMEbipom|Ice Punch|p2a: Horned Up\n|-supereffective|p2a: Horned Up\n|-damage|p2a: Horned Up|71\/100\n|move|p2a: Horned Up|Kowtow Cleave|p1a: LAMEbipom\n|-damage|p1a: LAMEbipom|0 fnt\n|faint|p1a: LAMEbipom\n|\n|upkeep\n|\n|t:|1699231040\n|switch|p1a: GholdenGROSS|Gholdengo|55\/100\n|turn|30\n|inactive|Mr.Palm has 120 seconds left.\n|\n|t:|1699231053\n|-end|p2a: Horned Up|fallen3|[silent]\n|switch|p2a: CryMeAFrozenRiver|Cryogonal|100\/100\n|move|p1a: GholdenGROSS|Make It Rain|p2a: CryMeAFrozenRiver\n|-supereffective|p2a: CryMeAFrozenRiver\n|-damage|p2a: CryMeAFrozenRiver|2\/100\n|-unboost|p1a: GholdenGROSS|spa|1\n|\n|upkeep\n|turn|31\n|\n|t:|1699231063\n|switch|p1a: SHATTERene|Hatterene, F|100\/100\n|move|p2a: CryMeAFrozenRiver|Recover|p2a: CryMeAFrozenRiver\n|-heal|p2a: CryMeAFrozenRiver|53\/100\n|\n|upkeep\n|turn|32\n|\n|t:|1699231075\n|move|p2a: CryMeAFrozenRiver|Freeze-Dry|p1a: SHATTERene\n|-damage|p1a: SHATTERene|76\/100\n|move|p1a: SHATTERene|Psyshock|p2a: CryMeAFrozenRiver\n|-damage|p2a: CryMeAFrozenRiver|0 fnt\n|faint|p2a: CryMeAFrozenRiver\n|\n|-heal|p1a: SHATTERene|82\/100|[from] item: Leftovers\n|upkeep\n|inactive|Mr.Palm has 120 seconds left.\n|\n|t:|1699231117\n|switch|p2a: Horned Up|Kingambit, F, tera:Ground|71\/100\n|-activate|p2a: Horned Up|ability: Supreme Overlord\n|-start|p2a: Horned Up|fallen4|[silent]\n|turn|33\n|\n|t:|1699231135\n|switch|p1a: Kommo-UH-OH|Kommo-o, F, tera:Steel|37\/100\n|move|p2a: Horned Up|Kowtow Cleave|p1a: Kommo-UH-OH\n|-damage|p1a: Kommo-UH-OH|0 fnt\n|faint|p1a: Kommo-UH-OH\n|\n|upkeep\n|\n|t:|1699231145\n|switch|p1a: GholdenGROSS|Gholdengo|55\/100\n|turn|34\n|\n|t:|1699231149\n|-end|p2a: Horned Up|fallen4|[silent]\n|switch|p2a: The Covid Bat|Gliscor, M|28\/100 tox\n|move|p1a: GholdenGROSS|Make It Rain|p2a: The Covid Bat\n|-damage|p2a: The Covid Bat|0 fnt\n|-unboost|p1a: GholdenGROSS|spa|1\n|faint|p2a: The Covid Bat\n|\n|upkeep\n|inactive|Mr.Palm has 120 seconds left.\n|\n|t:|1699231174\n|switch|p2a: Horned Up|Kingambit, F, tera:Ground|71\/100\n|-activate|p2a: Horned Up|ability: Supreme Overlord\n|-start|p2a: Horned Up|fallen5|[silent]\n|turn|35\n|inactive|DingusDipplesPRIME has 270 seconds left.\n|\n|t:|1699231216\n|move|p1a: GholdenGROSS|Make It Rain|p2a: Horned Up\n|-damage|p2a: Horned Up|28\/100\n|-unboost|p1a: GholdenGROSS|spa|1\n|move|p2a: Horned Up|Kowtow Cleave|p1a: GholdenGROSS\n|-supereffective|p1a: GholdenGROSS\n|-damage|p1a: GholdenGROSS|0 fnt\n|faint|p1a: GholdenGROSS\n|\n|upkeep\n|\n|t:|1699231225\n|switch|p1a: SHATTERene|Hatterene, F|82\/100\n|turn|36\n|\n|t:|1699231229\n|move|p2a: Horned Up|Kowtow Cleave|p1a: SHATTERene\n|-damage|p1a: SHATTERene|23\/100\n|move|p1a: SHATTERene|Psyshock|p2a: Horned Up\n|-damage|p2a: Horned Up|1\/100\n|\n|-heal|p1a: SHATTERene|29\/100|[from] item: Leftovers\n|upkeep\n|turn|37\n|c|\u2606DingusDipplesPRIME|thats brutal\n|c|\u2606Mr.Palm|omfg\n|c|\u2606DingusDipplesPRIME|gg dude\n|inactive|DingusDipplesPRIME has 270 seconds left.\n|c| wattyrows|lmfao\n|c| Garburator|yoooo\n|c| wattyrows|shiiiiit\n|c|\u2606DingusDipplesPRIME|it was 63% KO\n|c| Bentherebefore|gg\n|\n|t:|1699231247\n|move|p2a: Horned Up|Kowtow Cleave|p1a: SHATTERene\n|-damage|p1a: SHATTERene|0 fnt\n|faint|p1a: SHATTERene\n|\n|win|Mr.Palm\n|c| ambrosa|wow\n|c|\u2606Mr.Palm|man i ccant believe hatterene took that so well\n|c|\u2606Mr.Palm|gg\n|l| wattyrows\n|c| Garburator|thats craaaazy\n","uploadtime":1699231262,"views":3,"p1id":"dingusdipplesprime","p2id":"mrpalm","formatid":"gen9anythinggoes","rating":0,"private":0,"password":""}