{"id":"gen9anythinggoes-1985279740","p1":"Lunarquay","p2":"neko7w7","format":"[Gen 9] Anything Goes","log":"|j|\u2606Lunarquay\n|j|\u2606neko7w7\n|t:|1699359373\n|gametype|singles\n|player|p1|Lunarquay|cynthia-gen4|1299\n|player|p2|neko7w7|pokemonrangerf-gen4|1386\n|teamsize|p1|6\n|teamsize|p2|6\n|gen|9\n|tier|[Gen 9] Anything Goes\n|rated|\n|rule|HP Percentage Mod: HP is shown in percentages\n|rule|Endless Battle Clause: Forcing endless battles is banned\n|clearpoke\n|poke|p1|Manaphy|\n|poke|p1|Politoed, F|\n|poke|p1|Pelipper, F|\n|poke|p1|Basculegion, M|\n|poke|p1|Mew|\n|poke|p1|Cloyster, F|\n|poke|p2|Ting-Lu|\n|poke|p2|Weavile, F|\n|poke|p2|Corviknight, M|\n|poke|p2|Slowbro, F|\n|poke|p2|Weezing-Galar, M|\n|poke|p2|Miraidon|\n|teampreview\n|inactive|Battle timer is ON: inactive players will automatically lose when time's up. (requested by Lunarquay)\n|\n|t:|1699359377\n|start\n|switch|p1a: blue pain|Cloyster, F, shiny|100\/100\n|switch|p2a: Miraidon|Miraidon|100\/100\n|-fieldstart|move: Electric Terrain|[from] ability: Hadron Engine|[of] p2a: Miraidon\n|turn|1\n|\n|t:|1699359396\n|move|p1a: blue pain|Protect|p1a: blue pain\n|-singleturn|p1a: blue pain|Protect\n|move|p2a: Miraidon|Volt Switch|p1a: blue pain\n|-activate|p1a: blue pain|move: Protect\n|\n|upkeep\n|turn|2\n|\n|t:|1699359410\n|switch|p1a: pleb|Mew, shiny|100\/100\n|move|p2a: Miraidon|Volt Switch|p1a: pleb\n|-damage|p1a: pleb|43\/100\n|\n|t:|1699359416\n|switch|p2a: Metro y medio|Weavile, F|100\/100|[from] Volt Switch\n|-ability|p2a: Metro y medio|Pressure\n|\n|-heal|p1a: pleb|50\/100|[from] item: Leftovers\n|upkeep\n|turn|3\n|\n|t:|1699359431\n|-terastallize|p1a: pleb|Dark\n|move|p2a: Metro y medio|Knock Off|p1a: pleb\n|-resisted|p1a: pleb\n|-damage|p1a: pleb|28\/100\n|-enditem|p1a: pleb|Leftovers|[from] move: Knock Off|[of] p2a: Metro y medio\n|move|p1a: pleb|Agility|p1a: pleb\n|-boost|p1a: pleb|spe|2\n|\n|upkeep\n|turn|4\n|\n|t:|1699359440\n|move|p2a: Metro y medio|Ice Shard|p1a: pleb\n|-damage|p1a: pleb|11\/100\n|move|p1a: pleb|Baton Pass|p1a: pleb\n|\n|t:|1699359452\n|switch|p1a: blue pain|Cloyster, F, shiny|100\/100|[from] Baton Pass\n|\n|upkeep\n|turn|5\n|\n|t:|1699359458\n|move|p1a: blue pain|Rock Blast|p2a: Metro y medio\n|-supereffective|p2a: Metro y medio\n|-damage|p2a: Metro y medio|71\/100\n|-supereffective|p2a: Metro y medio\n|-damage|p2a: Metro y medio|42\/100\n|-supereffective|p2a: Metro y medio\n|-damage|p2a: Metro y medio|16\/100\n|-supereffective|p2a: Metro y medio\n|-damage|p2a: Metro y medio|0 fnt\n|faint|p2a: Metro y medio\n|-hitcount|p2: Metro y medio|4\n|\n|-fieldend|move: Electric Terrain\n|upkeep\n|\n|t:|1699359470\n|switch|p2a: Mamawebo|Corviknight, M|100\/100\n|turn|6\n|\n|t:|1699359475\n|move|p1a: blue pain|Shell Smash|p1a: blue pain\n|-unboost|p1a: blue pain|def|1\n|-unboost|p1a: blue pain|spd|1\n|-boost|p1a: blue pain|atk|2\n|-boost|p1a: blue pain|spa|2\n|-boost|p1a: blue pain|spe|2\n|-enditem|p1a: blue pain|White Herb\n|-clearnegativeboost|p1a: blue pain|[silent]\n|move|p2a: Mamawebo|Body Press|p1a: blue pain\n|-supereffective|p1a: blue pain\n|-damage|p1a: blue pain|53\/100\n|\n|upkeep\n|turn|7\n|\n|t:|1699359498\n|move|p1a: blue pain|Icicle Spear|p2a: Mamawebo\n|-damage|p2a: Mamawebo|83\/100\n|-crit|p2a: Mamawebo\n|-damage|p2a: Mamawebo|57\/100\n|-damage|p2a: Mamawebo|39\/100\n|-damage|p2a: Mamawebo|22\/100\n|-crit|p2a: Mamawebo\n|-damage|p2a: Mamawebo|0 fnt\n|faint|p2a: Mamawebo\n|-hitcount|p2: Mamawebo|5\n|\n|upkeep\n|c|\u2606Lunarquay|Ez\n|\n|t:|1699359508\n|switch|p2a: Mondongo|Slowbro, F|100\/100\n|turn|8\n|\n|t:|1699359520\n|move|p1a: blue pain|Rock Blast|p2a: Mondongo\n|-damage|p2a: Mondongo|87\/100\n|-damage|p2a: Mondongo|72\/100\n|-damage|p2a: Mondongo|60\/100\n|-damage|p2a: Mondongo|46\/100\n|-damage|p2a: Mondongo|33\/100\n|-hitcount|p2a: Mondongo|5\n|move|p2a: Mondongo|Future Sight|p1a: blue pain\n|-start|p2a: Mondongo|move: Future Sight\n|\n|upkeep\n|turn|9\n|\n|t:|1699359537\n|switch|p2a: Chi-yu feo|Ting-Lu|100\/100\n|-ability|p2a: Chi-yu feo|Vessel of Ruin\n|move|p1a: blue pain|Rock Blast|p2a: Chi-yu feo\n|-resisted|p2a: Chi-yu feo\n|-damage|p2a: Chi-yu feo|96\/100\n|-resisted|p2a: Chi-yu feo\n|-damage|p2a: Chi-yu feo|91\/100\n|-resisted|p2a: Chi-yu feo\n|-damage|p2a: Chi-yu feo|87\/100\n|-resisted|p2a: Chi-yu feo\n|-damage|p2a: Chi-yu feo|82\/100\n|-resisted|p2a: Chi-yu feo\n|-damage|p2a: Chi-yu feo|78\/100\n|-hitcount|p2a: Chi-yu feo|5\n|\n|upkeep\n|turn|10\n|\n|t:|1699359552\n|switch|p2a: Mondongo|Slowbro, F|66\/100\n|move|p1a: blue pain|Icicle Spear|p2a: Mondongo\n|-resisted|p2a: Mondongo\n|-damage|p2a: Mondongo|55\/100\n|-resisted|p2a: Mondongo\n|-damage|p2a: Mondongo|46\/100\n|-resisted|p2a: Mondongo\n|-damage|p2a: Mondongo|36\/100\n|-resisted|p2a: Mondongo\n|-damage|p2a: Mondongo|26\/100\n|-resisted|p2a: Mondongo\n|-damage|p2a: Mondongo|16\/100\n|-hitcount|p2a: Mondongo|5\n|\n|-end|p1a: blue pain|move: Future Sight\n|-damage|p1a: blue pain|0 fnt\n|faint|p1a: blue pain\n|upkeep\n|inactive|Lunarquay has 120 seconds left.\n|\n|t:|1699359577\n|switch|p1a: fish swallower|Pelipper, F, shiny|100\/100\n|-weather|RainDance|[from] ability: Drizzle|[of] p1a: fish swallower\n|turn|11\n|\n|t:|1699359587\n|switch|p2a: Miraidon|Miraidon|100\/100\n|-fieldstart|move: Electric Terrain|[from] ability: Hadron Engine|[of] p2a: Miraidon\n|move|p1a: fish swallower|Hurricane|p2a: Miraidon\n|-resisted|p2a: Miraidon\n|-damage|p2a: Miraidon|79\/100\n|\n|-weather|RainDance|[upkeep]\n|upkeep\n|turn|12\n|inactive|Lunarquay has 120 seconds left.\n|\n|t:|1699359602\n|switch|p1a: pleb|Mew, shiny, tera:Dark|11\/100\n|move|p2a: Miraidon|Electro Drift|p1a: pleb\n|-damage|p1a: pleb|0 fnt\n|faint|p1a: pleb\n|\n|-weather|RainDance|[upkeep]\n|upkeep\n|inactive|Lunarquay has 120 seconds left.\n|\n|t:|1699359628\n|switch|p1a: cute toad|Politoed, F, shiny|100\/100\n|turn|13\n|\n|t:|1699359638\n|move|p2a: Miraidon|Electro Drift|p1a: cute toad\n|-supereffective|p1a: cute toad\n|-damage|p1a: cute toad|0 fnt\n|faint|p1a: cute toad\n|\n|-weather|RainDance|[upkeep]\n|upkeep\n|\n|t:|1699359644\n|switch|p1a: lost project|Manaphy, shiny|100\/100\n|turn|14\n|\n|t:|1699359648\n|move|p2a: Miraidon|Electro Drift|p1a: lost project\n|-supereffective|p1a: lost project\n|-damage|p1a: lost project|0 fnt\n|faint|p1a: lost project\n|\n|-weather|RainDance|[upkeep]\n|upkeep\n|inactive|Lunarquay has 120 seconds left.\n|\n|t:|1699359655\n|switch|p1a: death violet|Basculegion, M, shiny|100\/100\n|turn|15\n|inactive|Lunarquay has 120 seconds left.\n|\n|t:|1699359669\n|move|p2a: Miraidon|Electro Drift|p1a: death violet\n|-supereffective|p1a: death violet\n|-damage|p1a: death violet|0 fnt\n|faint|p1a: death violet\n|\n|-weather|none\n|-fieldend|move: Electric Terrain\n|upkeep\n|inactive|Lunarquay has 120 seconds left.\n|c|\u2606Lunarquay|Fuk u\n|c|\u2606Lunarquay|idiot\n|-message|Lunarquay forfeited.\n|\n|win|neko7w7\n|raw|Lunarquay's rating: 1299 &rarr; <strong>1280<\/strong><br \/>(-19 for losing)\n|raw|neko7w7's rating: 1386 &rarr; <strong>1401<\/strong><br \/>(+15 for winning)\n|l|\u2606Lunarquay\n","uploadtime":1699359687,"views":5,"p1id":"lunarquay","p2id":"neko7w7","formatid":"gen9anythinggoes","rating":1280,"private":0,"password":""}