{"id":"gen9anythinggoes-1989567218","p1":"siams","p2":"hell20","format":"[Gen 9] Anything Goes","log":"|j|\u2606siams\n|j|\u2606hell20\n|t:|1699872438\n|gametype|singles\n|player|p1|siams|lance|\n|player|p2|hell20|ash|\n|teamsize|p1|6\n|teamsize|p2|6\n|gen|9\n|tier|[Gen 9] Anything Goes\n|rule|HP Percentage Mod: HP is shown in percentages\n|rule|Endless Battle Clause: Forcing endless battles is banned\n|clearpoke\n|poke|p1|Ursaluna-Bloodmoon, M|\n|poke|p1|Calyrex-Shadow|\n|poke|p1|Miraidon|\n|poke|p1|Darkrai|\n|poke|p1|Volbeat, M|\n|poke|p1|Grimmsnarl, M|\n|poke|p2|Calyrex-Shadow|\n|poke|p2|Arceus|\n|poke|p2|Zacian-*|\n|poke|p2|Koraidon|\n|poke|p2|Leavanny, F|\n|poke|p2|Koraidon|\n|teampreview\n|inactive|Battle timer is ON: inactive players will automatically lose when time's up. (requested by hell20)\n|\n|t:|1699872441\n|start\n|switch|p1a: Volbeat|Volbeat, M|100\/100\n|switch|p2a: Leavanny|Leavanny, F, shiny|100\/100\n|turn|1\n|\n|t:|1699872446\n|move|p1a: Volbeat|Tail Glow|p1a: Volbeat\n|-boost|p1a: Volbeat|spa|3\n|move|p2a: Leavanny|Sticky Web|p1a: Volbeat\n|-sidestart|p1: siams|move: Sticky Web\n|\n|upkeep\n|turn|2\n|\n|t:|1699872453\n|move|p1a: Volbeat|Tail Glow|p1a: Volbeat\n|-boost|p1a: Volbeat|spa|3\n|move|p2a: Leavanny|String Shot|p1a: Volbeat\n|-unboost|p1a: Volbeat|spe|2\n|\n|upkeep\n|turn|3\n|\n|t:|1699872459\n|move|p1a: Volbeat|Baton Pass|p1a: Volbeat\n|\n|t:|1699872464\n|switch|p1a: Darkrai|Darkrai|100\/100|[from] Baton Pass\n|-activate|p1a: Darkrai|move: Sticky Web\n|-unboost|p1a: Darkrai|spe|1\n|move|p2a: Leavanny|Air Slash|p1a: Darkrai\n|-crit|p1a: Darkrai\n|-damage|p1a: Darkrai|66\/100\n|\n|upkeep\n|turn|4\n|\n|t:|1699872474\n|-terastallize|p1a: Darkrai|Dark\n|move|p2a: Leavanny|Sticky Web||[still]\n|-fail|p2a: Leavanny\n|move|p1a: Darkrai|Dark Void|p2a: Leavanny|[miss]\n|-miss|p1a: Darkrai|p2a: Leavanny\n|\n|upkeep\n|turn|5\n|c|\u2606hell20|fuck i misclicke\n|c|\u2606hell20|d\n|\n|t:|1699872482\n|move|p2a: Leavanny|Low Kick|p1a: Darkrai\n|-supereffective|p1a: Darkrai\n|-damage|p1a: Darkrai|11\/100\n|-damage|p2a: Leavanny|84\/100|[from] item: Rocky Helmet|[of] p1a: Darkrai\n|move|p1a: Darkrai|Dark Pulse|p2a: Leavanny\n|-damage|p2a: Leavanny|0 fnt\n|faint|p2a: Leavanny\n|\n|upkeep\n|\n|t:|1699872500\n|switch|p2a: Koraidon|Koraidon|100\/100\n|-weather|SunnyDay|[from] ability: Orichalcum Pulse|[of] p2a: Koraidon\n|-activate|p2a: Koraidon|Orichalcum Pulse|[source]\n|turn|6\n|c|\u2606siams|bruh\n|\n|t:|1699872509\n|move|p2a: Koraidon|U-turn|p1a: Darkrai\n|-supereffective|p1a: Darkrai\n|-damage|p1a: Darkrai|0 fnt\n|-damage|p2a: Koraidon|84\/100|[from] item: Rocky Helmet|[of] p1a: Darkrai\n|faint|p1a: Darkrai\n|\n|t:|1699872515\n|switch|p2a: Calyrex|Calyrex-Shadow|100\/100|[from] U-turn\n|-ability|p2a: Calyrex|As One\n|-ability|p2a: Calyrex|Unnerve\n|\n|-weather|SunnyDay|[upkeep]\n|upkeep\n|\n|t:|1699872521\n|switch|p1a: Grimmsnarl|Grimmsnarl, M|100\/100\n|-activate|p1a: Grimmsnarl|move: Sticky Web\n|-unboost|p1a: Grimmsnarl|spe|1\n|turn|7\n|\n|t:|1699872527\n|move|p1a: Grimmsnarl|Reflect|p1a: Grimmsnarl\n|-sidestart|p1: siams|Reflect\n|move|p2a: Calyrex|Taunt|p1a: Grimmsnarl\n|-start|p1a: Grimmsnarl|move: Taunt\n|\n|-weather|SunnyDay|[upkeep]\n|upkeep\n|turn|8\n|\n|t:|1699872531\n|move|p2a: Calyrex|Nasty Plot|p2a: Calyrex\n|-boost|p2a: Calyrex|spa|2\n|-activate|p1a: Grimmsnarl|move: Struggle\n|move|p1a: Grimmsnarl|Struggle|p2a: Calyrex\n|-damage|p2a: Calyrex|88\/100\n|-damage|p1a: Grimmsnarl|75\/100|[from] recoil\n|\n|-weather|SunnyDay|[upkeep]\n|-heal|p2a: Calyrex|94\/100|[from] item: Leftovers\n|-heal|p1a: Grimmsnarl|81\/100|[from] item: Leftovers\n|upkeep\n|turn|9\n|\n|t:|1699872542\n|switch|p1a: Ghost Rider|Calyrex-Shadow|100\/100\n|-ability|p1a: Ghost Rider|As One\n|-ability|p1a: Ghost Rider|Unnerve\n|-activate|p1a: Ghost Rider|move: Sticky Web\n|-unboost|p1a: Ghost Rider|spe|1\n|move|p2a: Calyrex|Giga Drain|p1a: Ghost Rider\n|-damage|p1a: Ghost Rider|46\/100\n|-heal|p2a: Calyrex|100\/100|[from] drain|[of] p1a: Ghost Rider\n|\n|-weather|SunnyDay|[upkeep]\n|upkeep\n|turn|10\n|\n|t:|1699872550\n|move|p2a: Calyrex|Astral Barrage|p1a: Ghost Rider\n|-supereffective|p1a: Ghost Rider\n|-damage|p1a: Ghost Rider|0 fnt\n|faint|p1a: Ghost Rider\n|-ability|p2a: Calyrex|Grim Neigh|boost\n|-boost|p2a: Calyrex|spa|1\n|\n|-weather|none\n|upkeep\n|\n|t:|1699872555\n|switch|p1a: NOT a legendary|Ursaluna-Bloodmoon, M|100\/100\n|-activate|p1a: NOT a legendary|move: Sticky Web\n|-unboost|p1a: NOT a legendary|spe|1\n|turn|11\n|\n|t:|1699872563\n|move|p2a: Calyrex|Giga Drain|p1a: NOT a legendary\n|-supereffective|p1a: NOT a legendary\n|-damage|p1a: NOT a legendary|0 fnt\n|faint|p1a: NOT a legendary\n|-ability|p2a: Calyrex|Grim Neigh|boost\n|-boost|p2a: Calyrex|spa|1\n|\n|-sideend|p1: siams|Reflect\n|upkeep\n|\n|t:|1699872571\n|switch|p1a: ME Rhydon|Miraidon|100\/100\n|-fieldstart|move: Electric Terrain|[from] ability: Hadron Engine|[of] p1a: ME Rhydon\n|turn|12\n|\n|t:|1699872575\n|-terastallize|p2a: Calyrex|Grass\n|move|p2a: Calyrex|Astral Barrage|p1a: ME Rhydon\n|-damage|p1a: ME Rhydon|0 fnt\n|faint|p1a: ME Rhydon\n|-ability|p2a: Calyrex|Grim Neigh|boost\n|-boost|p2a: Calyrex|spa|1\n|\n|upkeep\n|c|\u2606siams|ok you win\n|c|\u2606siams|gg\n|c|\u2606hell20|bruh\n|c|\u2606hell20|gg\n|\n|t:|1699872591\n|switch|p1a: Grimmsnarl|Grimmsnarl, M|81\/100\n|-activate|p1a: Grimmsnarl|move: Sticky Web\n|-unboost|p1a: Grimmsnarl|spe|1\n|turn|13\n|-message|siams forfeited.\n|\n|win|hell20\n|l|\u2606siams\n","uploadtime":1699872604,"views":5,"p1id":"siams","p2id":"hell20","formatid":"gen9anythinggoes","rating":0,"private":0,"password":""}