{"id":"gen9anythinggoes-1997904335","p1":"Free00","p2":"iH8Gen8&Up","format":"[Gen 9] Anything Goes","log":"|j|\u2606Free00\n|j|\u2606iH8Gen8&Up\n|t:|1700865735\n|gametype|singles\n|player|p1|Free00|sage|1082\n|player|p2|iH8Gen8&Up|101|1000\n|teamsize|p1|2\n|teamsize|p2|6\n|gen|9\n|tier|[Gen 9] Anything Goes\n|rated|\n|rule|HP Percentage Mod: HP is shown in percentages\n|rule|Endless Battle Clause: Forcing endless battles is banned\n|clearpoke\n|poke|p1|Golem-Alola, M|\n|poke|p1|Golem, F|\n|poke|p2|Toxicroak, F|\n|poke|p2|Milotic, M|\n|poke|p2|Breloom, M|\n|poke|p2|Zoroark, F|\n|poke|p2|Luxray, M|\n|poke|p2|Weavile, M|\n|teampreview\n|\n|t:|1700865749\n|start\n|switch|p1a: Golem|Golem, F, shiny|100\/100\n|switch|p2a: Toxicroak|Toxicroak, F|100\/100\n|turn|1\n|\n|t:|1700865767\n|-terastallize|p1a: Golem|Steel\n|move|p2a: Toxicroak|Rain Dance|p2a: Toxicroak\n|-weather|RainDance\n|move|p1a: Golem|Iron Defense|p1a: Golem\n|-boost|p1a: Golem|def|2\n|\n|-weather|RainDance|[upkeep]\n|upkeep\n|turn|2\n|\n|t:|1700865776\n|move|p2a: Toxicroak|Gunk Shot|p1a: Golem\n|-immune|p1a: Golem\n|move|p1a: Golem|Heavy Slam|p2a: Toxicroak\n|-damage|p2a: Toxicroak|0 fnt\n|faint|p2a: Toxicroak\n|\n|-weather|RainDance|[upkeep]\n|upkeep\n|\n|t:|1700865784\n|switch|p2a: Breloom|Breloom, M|100\/100\n|turn|3\n|\n|t:|1700865792\n|move|p2a: Breloom|Substitute|p2a: Breloom\n|-start|p2a: Breloom|Substitute\n|-damage|p2a: Breloom|76\/100\n|move|p1a: Golem|Heavy Slam|p2a: Breloom\n|-end|p2a: Breloom|Substitute\n|\n|-weather|RainDance|[upkeep]\n|-status|p2a: Breloom|tox|[from] item: Toxic Orb\n|upkeep\n|turn|4\n|\n|t:|1700865801\n|move|p2a: Breloom|Drain Punch|p1a: Golem\n|-supereffective|p1a: Golem\n|-damage|p1a: Golem|74\/100\n|-heal|p2a: Breloom|94\/100 tox|[from] drain|[of] p1a: Golem\n|move|p1a: Golem|Heavy Slam|p2a: Breloom\n|-damage|p2a: Breloom|0 fnt\n|faint|p2a: Breloom\n|\n|-weather|RainDance|[upkeep]\n|upkeep\n|\n|t:|1700865818\n|switch|p2a: Weavile|Weavile, M|100\/100\n|turn|5\n|\n|t:|1700865827\n|move|p2a: Weavile|Night Daze|p1a: Golem\n|-damage|p1a: Golem|22\/100\n|move|p1a: Golem|Hammer Arm|p2a: Weavile\n|-supereffective|p2a: Weavile\n|-damage|p2a: Weavile|0 fnt\n|-unboost|p1a: Golem|spe|1\n|replace|p2a: Zoroark|Zoroark, F\n|-end|p2a: Zoroark|Illusion\n|faint|p2a: Zoroark\n|\n|-weather|none\n|upkeep\n|\n|t:|1700865838\n|switch|p2a: Luxray|Luxray, M|100\/100\n|-ability|p2a: Luxray|Intimidate|boost\n|-unboost|p1a: Golem|atk|1\n|turn|6\n|\n|t:|1700865842\n|move|p2a: Luxray|Volt Switch|p1a: Golem\n|-damage|p1a: Golem|0 fnt\n|faint|p1a: Golem\n|\n|t:|1700865848\n|switch|p2a: Weavile|Weavile, M|100\/100|[from] Volt Switch\n|\n|upkeep\n|\n|t:|1700865852\n|switch|p1a: Golem|Golem-Alola, M, shiny|100\/100\n|turn|7\n|\n|t:|1700865865\n|move|p2a: Weavile|Snowscape|p2a: Weavile\n|-weather|Snow\n|move|p1a: Golem|Body Press|p2a: Weavile\n|-supereffective|p2a: Weavile\n|-damage|p2a: Weavile|8\/100\n|-enditem|p1a: Golem|Metal Coat|[silent]|[from] ability: Pickpocket|[of] p1a: Golem\n|-item|p2a: Weavile|Metal Coat|[from] ability: Pickpocket|[of] p1a: Golem\n|\n|-weather|Snow|[upkeep]\n|upkeep\n|turn|8\n|\n|t:|1700865875\n|move|p2a: Weavile|Ice Spinner|p1a: Golem\n|-damage|p1a: Golem|76\/100\n|move|p1a: Golem|Body Press|p2a: Weavile\n|-supereffective|p2a: Weavile\n|-damage|p2a: Weavile|0 fnt\n|faint|p2a: Weavile\n|\n|-weather|Snow|[upkeep]\n|upkeep\n|\n|t:|1700865884\n|switch|p2a: Milotic|Milotic, M, shiny|100\/100\n|turn|9\n|\n|t:|1700865892\n|move|p2a: Milotic|Surf|p1a: Golem\n|-supereffective|p1a: Golem\n|-damage|p1a: Golem|0 fnt\n|faint|p1a: Golem\n|\n|win|iH8Gen8&Up\n|raw|Free00's rating: 1082 &rarr; <strong>1055<\/strong><br \/>(-27 for losing)\n|raw|iH8Gen8&amp;Up's rating: 1000 &rarr; <strong>1049<\/strong><br \/>(+49 for winning)\n|c|\u2606Free00|Gg\n","uploadtime":1700865925,"views":1,"p1id":"free00","p2id":"ih8gen8up","formatid":"gen9anythinggoes","rating":1049,"private":0,"password":""}