{"id":"gen9anythinggoes-1997172481","p1":"Superrmuin","p2":"YoungEsq","format":"[Gen 9] Anything Goes","log":"|j|\u2606Superrmuin\n|j|\u2606YoungEsq\n|t:|1700771941\n|gametype|singles\n|player|p1|Superrmuin|265|1257\n|player|p2|YoungEsq|1|1321\n|teamsize|p1|6\n|teamsize|p2|6\n|gen|9\n|tier|[Gen 9] Anything Goes\n|rated|\n|rule|HP Percentage Mod: HP is shown in percentages\n|rule|Endless Battle Clause: Forcing endless battles is banned\n|clearpoke\n|poke|p1|Clawitzer, M|\n|poke|p1|Rillaboom, M|\n|poke|p1|Gliscor, M|\n|poke|p1|Typhlosion-Hisui, F|\n|poke|p1|Overqwil, F|\n|poke|p1|Sableye, M|\n|poke|p2|Ting-Lu|\n|poke|p2|Gholdengo|\n|poke|p2|Roaring Moon|\n|poke|p2|Chi-Yu|\n|poke|p2|Samurott-Hisui, F|\n|poke|p2|Mandibuzz, F|\n|teampreview\n|inactive|Battle timer is ON: inactive players will automatically lose when time's up. (requested by YoungEsq)\n|\n|t:|1700771950\n|start\n|switch|p1a: Typhlosion|Typhlosion-Hisui, F|100\/100\n|switch|p2a: Ting-Lu|Ting-Lu|100\/100\n|-ability|p2a: Ting-Lu|Vessel of Ruin\n|turn|1\n|\n|t:|1700771958\n|switch|p1a: Gliscor|Gliscor, M|100\/100\n|move|p2a: Ting-Lu|Whirlwind|p1a: Gliscor\n|drag|p1a: Clawitzer|Clawitzer, M|100\/100\n|\n|upkeep\n|turn|2\n|\n|t:|1700771965\n|move|p1a: Clawitzer|Water Pulse|p2a: Ting-Lu\n|-supereffective|p2a: Ting-Lu\n|-damage|p2a: Ting-Lu|50\/100\n|-damage|p1a: Clawitzer|91\/100|[from] item: Life Orb\n|move|p2a: Ting-Lu|Stealth Rock|p1a: Clawitzer\n|-sidestart|p1: Superrmuin|move: Stealth Rock\n|\n|-heal|p2a: Ting-Lu|57\/100|[from] item: Leftovers\n|upkeep\n|turn|3\n|\n|t:|1700771969\n|switch|p2a: Mandibuzz|Mandibuzz, F|100\/100\n|move|p1a: Clawitzer|Water Pulse|p2a: Mandibuzz\n|-damage|p2a: Mandibuzz|59\/100\n|-damage|p1a: Clawitzer|81\/100|[from] item: Life Orb\n|\n|upkeep\n|turn|4\n|\n|t:|1700771977\n|move|p2a: Mandibuzz|Roost|p2a: Mandibuzz\n|-heal|p2a: Mandibuzz|100\/100\n|-singleturn|p2a: Mandibuzz|move: Roost\n|move|p1a: Clawitzer|Dragon Pulse|p2a: Mandibuzz\n|-damage|p2a: Mandibuzz|62\/100\n|-damage|p1a: Clawitzer|71\/100|[from] item: Life Orb\n|\n|upkeep\n|turn|5\n|\n|t:|1700771985\n|switch|p1a: Rillaboom|Rillaboom, M|100\/100\n|-damage|p1a: Rillaboom|88\/100|[from] Stealth Rock\n|-fieldstart|move: Grassy Terrain|[from] ability: Grassy Surge|[of] p1a: Rillaboom\n|move|p2a: Mandibuzz|Toxic|p1a: Rillaboom\n|-status|p1a: Rillaboom|tox\n|\n|-heal|p1a: Rillaboom|94\/100 tox|[from] Grassy Terrain\n|-damage|p1a: Rillaboom|88\/100 tox|[from] psn\n|upkeep\n|turn|6\n|\n|t:|1700772003\n|move|p1a: Rillaboom|U-turn|p2a: Mandibuzz\n|-damage|p2a: Mandibuzz|40\/100\n|-damage|p1a: Rillaboom|78\/100 tox|[from] item: Life Orb\n|\n|t:|1700772009\n|switch|p1a: Typhlosion|Typhlosion-Hisui, F|100\/100|[from] U-turn\n|-damage|p1a: Typhlosion|76\/100|[from] Stealth Rock\n|move|p2a: Mandibuzz|Roost|p2a: Mandibuzz\n|-heal|p2a: Mandibuzz|90\/100\n|-singleturn|p2a: Mandibuzz|move: Roost\n|\n|-heal|p1a: Typhlosion|82\/100|[from] Grassy Terrain\n|-heal|p2a: Mandibuzz|96\/100|[from] Grassy Terrain\n|upkeep\n|turn|7\n|\n|t:|1700772019\n|move|p1a: Typhlosion|Flamethrower|p2a: Mandibuzz\n|-damage|p2a: Mandibuzz|68\/100\n|move|p2a: Mandibuzz|Toxic|p1a: Typhlosion\n|-status|p1a: Typhlosion|tox\n|\n|-heal|p1a: Typhlosion|88\/100 tox|[from] Grassy Terrain\n|-damage|p1a: Typhlosion|82\/100 tox|[from] psn\n|upkeep\n|turn|8\n|\n|t:|1700772031\n|switch|p2a: Chi-Yu|Chi-Yu|100\/100\n|-ability|p2a: Chi-Yu|Beads of Ruin\n|move|p1a: Typhlosion|Flamethrower|p2a: Chi-Yu\n|-resisted|p2a: Chi-Yu\n|-damage|p2a: Chi-Yu|75\/100\n|\n|-heal|p2a: Chi-Yu|81\/100|[from] Grassy Terrain\n|-heal|p1a: Typhlosion|88\/100 tox|[from] Grassy Terrain\n|-damage|p1a: Typhlosion|76\/100 tox|[from] psn\n|upkeep\n|turn|9\n|\n|t:|1700772049\n|move|p2a: Chi-Yu|Dark Pulse|p1a: Typhlosion\n|-supereffective|p1a: Typhlosion\n|-damage|p1a: Typhlosion|0 fnt\n|faint|p1a: Typhlosion\n|\n|-heal|p2a: Chi-Yu|87\/100|[from] Grassy Terrain\n|-fieldend|move: Grassy Terrain\n|upkeep\n|\n|t:|1700772057\n|switch|p1a: Clawitzer|Clawitzer, M|71\/100\n|-damage|p1a: Clawitzer|59\/100|[from] Stealth Rock\n|turn|10\n|\n|t:|1700772066\n|-terastallize|p2a: Chi-Yu|Poison\n|move|p2a: Chi-Yu|Dark Pulse|p1a: Clawitzer\n|-damage|p1a: Clawitzer|0 fnt\n|faint|p1a: Clawitzer\n|\n|upkeep\n|\n|t:|1700772072\n|switch|p1a: Gliscor|Gliscor, M|100\/100\n|-damage|p1a: Gliscor|88\/100|[from] Stealth Rock\n|turn|11\n|\n|t:|1700772078\n|switch|p2a: Mandibuzz|Mandibuzz, F|68\/100\n|move|p1a: Gliscor|Earthquake|p2a: Mandibuzz\n|-immune|p2a: Mandibuzz\n|\n|-status|p1a: Gliscor|tox|[from] item: Toxic Orb\n|upkeep\n|turn|12\n|\n|t:|1700772088\n|switch|p2a: Samurott|Samurott-Hisui, F|100\/100\n|move|p1a: Gliscor|Crabhammer|p2a: Samurott\n|-resisted|p2a: Samurott\n|-damage|p2a: Samurott|83\/100\n|\n|-heal|p1a: Gliscor|100\/100 tox|[from] ability: Poison Heal\n|upkeep\n|turn|13\n|\n|t:|1700772095\n|move|p1a: Gliscor|U-turn|p2a: Samurott\n|-supereffective|p2a: Samurott\n|-damage|p2a: Samurott|34\/100\n|\n|t:|1700772098\n|switch|p1a: Overqwil|Overqwil, F|100\/100|[from] U-turn\n|-damage|p1a: Overqwil|88\/100|[from] Stealth Rock\n|move|p2a: Samurott|Ceaseless Edge|p1a: Overqwil\n|-resisted|p1a: Overqwil\n|-damage|p1a: Overqwil|62\/100\n|-sidestart|p1: Superrmuin|Spikes\n|\n|upkeep\n|turn|14\n|\n|t:|1700772109\n|switch|p2a: Mandibuzz|Mandibuzz, F|68\/100\n|move|p1a: Overqwil|Barb Barrage|p2a: Mandibuzz\n|-damage|p2a: Mandibuzz|44\/100\n|\n|upkeep\n|turn|15\n|\n|t:|1700772127\n|move|p1a: Overqwil|Barb Barrage|p2a: Mandibuzz\n|-damage|p2a: Mandibuzz|23\/100\n|move|p2a: Mandibuzz|Roost|p2a: Mandibuzz\n|-heal|p2a: Mandibuzz|73\/100\n|-singleturn|p2a: Mandibuzz|move: Roost\n|\n|upkeep\n|turn|16\n|\n|t:|1700772134\n|move|p1a: Overqwil|Barb Barrage|p2a: Mandibuzz\n|-damage|p2a: Mandibuzz|51\/100\n|-status|p2a: Mandibuzz|psn\n|move|p2a: Mandibuzz|Roost|p2a: Mandibuzz\n|-heal|p2a: Mandibuzz|100\/100 psn\n|-singleturn|p2a: Mandibuzz|move: Roost\n|\n|-damage|p2a: Mandibuzz|88\/100 psn|[from] psn\n|upkeep\n|turn|17\n|\n|t:|1700772146\n|switch|p2a: Ting-Lu|Ting-Lu|57\/100\n|-ability|p2a: Ting-Lu|Vessel of Ruin\n|move|p1a: Overqwil|Barb Barrage|p2a: Ting-Lu\n|-resisted|p2a: Ting-Lu\n|-crit|p2a: Ting-Lu\n|-damage|p2a: Ting-Lu|45\/100\n|-status|p2a: Ting-Lu|psn\n|\n|-heal|p2a: Ting-Lu|51\/100 psn|[from] item: Leftovers\n|-damage|p2a: Ting-Lu|39\/100 psn|[from] psn\n|upkeep\n|turn|18\n|\n|t:|1700772156\n|move|p1a: Overqwil|Liquidation|p2a: Ting-Lu\n|-supereffective|p2a: Ting-Lu\n|-crit|p2a: Ting-Lu\n|-damage|p2a: Ting-Lu|0 fnt\n|faint|p2a: Ting-Lu\n|\n|upkeep\n|\n|t:|1700772162\n|switch|p2a: Roaring Moon|Roaring Moon|100\/100\n|-enditem|p2a: Roaring Moon|Booster Energy\n|-activate|p2a: Roaring Moon|ability: Protosynthesis|[fromitem]\n|-start|p2a: Roaring Moon|protosynthesisatk\n|turn|19\n|\n|t:|1700772167\n|move|p2a: Roaring Moon|Dragon Dance|p2a: Roaring Moon\n|-boost|p2a: Roaring Moon|atk|1\n|-boost|p2a: Roaring Moon|spe|1\n|move|p1a: Overqwil|Barb Barrage|p2a: Roaring Moon\n|-damage|p2a: Roaring Moon|65\/100\n|\n|upkeep\n|turn|20\n|\n|t:|1700772177\n|move|p2a: Roaring Moon|Dragon Claw|p1a: Overqwil\n|-damage|p1a: Overqwil|0 fnt\n|faint|p1a: Overqwil\n|\n|upkeep\n|\n|t:|1700772189\n|switch|p1a: Sableye|Sableye, M|100\/100\n|-damage|p1a: Sableye|88\/100|[from] Stealth Rock\n|-damage|p1a: Sableye|76\/100|[from] Spikes\n|turn|21\n|\n|t:|1700772194\n|move|p1a: Sableye|Will-O-Wisp|p2a: Roaring Moon\n|-hint|Since gen 7, Dark is immune to Prankster moves.\n|-immune|p2a: Roaring Moon\n|move|p2a: Roaring Moon|Dragon Claw|p1a: Sableye\n|-crit|p1a: Sableye\n|-damage|p1a: Sableye|0 fnt\n|-damage|p2a: Roaring Moon|49\/100|[from] item: Rocky Helmet|[of] p1a: Sableye\n|faint|p1a: Sableye\n|\n|upkeep\n|-message|Superrmuin forfeited.\n|\n|win|YoungEsq\n|raw|Superrmuin's rating: 1257 &rarr; <strong>1237<\/strong><br \/>(-20 for losing)\n|raw|YoungEsq's rating: 1321 &rarr; <strong>1337<\/strong><br \/>(+16 for winning)\n|l|\u2606Superrmuin\n|j|\u2606Superrmuin\n|player|p1|Superrmuin|265\n","uploadtime":1700772206,"views":0,"p1id":"superrmuin","p2id":"youngesq","formatid":"gen9anythinggoes","rating":1237,"private":0,"password":""}