{"id":"gen9anythinggoes-1984115776","p1":"Dinounicorn7","p2":"Huntau1562","format":"[Gen 9] Anything Goes","log":"|j|\u2606Dinounicorn7\n|j|\u2606Huntau1562\n|t:|1699220299\n|gametype|singles\n|player|p1|Dinounicorn7|pokemaniac|1170\n|player|p2|Huntau1562|169|1130\n|teamsize|p1|6\n|teamsize|p2|6\n|gen|9\n|tier|[Gen 9] Anything Goes\n|rated|\n|rule|HP Percentage Mod: HP is shown in percentages\n|rule|Endless Battle Clause: Forcing endless battles is banned\n|clearpoke\n|poke|p1|Kilowattrel, F|\n|poke|p1|Annihilape, F|\n|poke|p1|Arcanine, F|\n|poke|p1|Slaking, F|\n|poke|p1|Miraidon|\n|poke|p1|Dialga-Origin|\n|poke|p2|Sinistcha-Masterpiece|\n|poke|p2|Flutter Mane|\n|poke|p2|Gengar, M|\n|poke|p2|Palossand, F|\n|poke|p2|Dragapult, F|\n|poke|p2|Skeledirge, M|\n|teampreview\n|\n|t:|1699220309\n|start\n|switch|p1a: Slaking Off|Slaking, F|100\/100\n|switch|p2a: Toxic Ghost|Gengar, M|100\/100\n|turn|1\n|\n|t:|1699220322\n|move|p2a: Toxic Ghost|Curse|p1a: Slaking Off\n|-start|p1a: Slaking Off|Curse|[of] p2a: Toxic Ghost\n|-damage|p2a: Toxic Ghost|50\/100\n|move|p1a: Slaking Off|Rock Slide|p2a: Toxic Ghost\n|-damage|p2a: Toxic Ghost|0 fnt\n|-start|p1a: Slaking Off|Disable|Rock Slide|[from] ability: Cursed Body|[of] p2a: Toxic Ghost\n|faint|p2a: Toxic Ghost\n|\n|-damage|p1a: Slaking Off|76\/100|[from] Curse\n|upkeep\n|\n|t:|1699220338\n|switch|p2a: Daring Darts|Dragapult, F|100\/100\n|turn|2\n|\n|t:|1699220343\n|move|p2a: Daring Darts|Dragon Dance|p2a: Daring Darts\n|-boost|p2a: Daring Darts|atk|1\n|-boost|p2a: Daring Darts|spe|1\n|cant|p1a: Slaking Off|ability: Truant\n|\n|-damage|p1a: Slaking Off|51\/100|[from] Curse\n|upkeep\n|turn|3\n|\n|t:|1699220352\n|move|p2a: Daring Darts|Dragon Darts|p1a: Slaking Off\n|-damage|p1a: Slaking Off|23\/100\n|-anim|p2a: Daring Darts|Dragon Darts|p1a: Slaking Off\n|-damage|p1a: Slaking Off|0 fnt\n|faint|p1a: Slaking Off\n|\n|upkeep\n|\n|t:|1699220359\n|switch|p1a: Canin|Arcanine, F|100\/100\n|turn|4\n|\n|t:|1699220364\n|move|p2a: Daring Darts|Dragon Darts|p1a: Canin\n|-damage|p1a: Canin|47\/100\n|-anim|p2a: Daring Darts|Dragon Darts|p1a: Canin\n|-damage|p1a: Canin|0 fnt\n|faint|p1a: Canin\n|\n|upkeep\n|\n|t:|1699220371\n|switch|p1a: Buff Boi|Annihilape, F|100\/100\n|turn|5\n|\n|t:|1699220379\n|move|p2a: Daring Darts|Dragon Darts|p1a: Buff Boi\n|-damage|p1a: Buff Boi|42\/100\n|-anim|p2a: Daring Darts|Dragon Darts|p1a: Buff Boi\n|-damage|p1a: Buff Boi|0 fnt\n|faint|p1a: Buff Boi\n|\n|upkeep\n|\n|t:|1699220385\n|switch|p1a: Squawk|Kilowattrel, F|100\/100\n|turn|6\n|\n|t:|1699220390\n|move|p2a: Daring Darts|Dragon Darts|p1a: Squawk\n|-damage|p1a: Squawk|0 fnt\n|faint|p1a: Squawk\n|\n|upkeep\n|\n|t:|1699220395\n|switch|p1a: Nearly There|Miraidon|100\/100\n|-fieldstart|move: Electric Terrain|[from] ability: Hadron Engine|[of] p1a: Nearly There\n|turn|7\n|c|\u2606Huntau1562|metronome babyyyy\n|\n|t:|1699220401\n|move|p2a: Daring Darts|Dragon Darts|p1a: Nearly There\n|-supereffective|p1a: Nearly There\n|-damage|p1a: Nearly There|0 fnt\n|faint|p1a: Nearly There\n|\n|upkeep\n|\n|t:|1699220407\n|switch|p1a: Last Chance|Dialga-Origin, shiny|100\/100\n|-ability|p1a: Last Chance|Pressure\n|turn|8\n|c|\u2606Dinounicorn7|dangg\n|\n|t:|1699220427\n|move|p2a: Daring Darts|Dragon Darts|p1a: Last Chance\n|-damage|p1a: Last Chance|35\/100\n|-anim|p2a: Daring Darts|Dragon Darts|p1a: Last Chance\n|-damage|p1a: Last Chance|0 fnt\n|faint|p1a: Last Chance\n|\n|win|Huntau1562\n|raw|Dinounicorn7's rating: 1170 &rarr; <strong>1142<\/strong><br \/>(-28 for losing)\n|raw|Huntau1562's rating: 1130 &rarr; <strong>1158<\/strong><br \/>(+28 for winning)\n|c|\u2606Dinounicorn7|gg\n|c|\u2606Huntau1562|gg\n|c|\u2606Huntau1562|rematch?\n|c|\u2606Dinounicorn7|yep\n|l|\u2606Dinounicorn7\n","uploadtime":1699220678,"views":3,"p1id":"dinounicorn7","p2id":"huntau1562","formatid":"gen9anythinggoes","rating":1142,"private":0,"password":""}