{"id":"gen9anythinggoes-1977547586","p1":"Bobbyjwi","p2":"BigShaq189","format":"[Gen 9] Anything Goes","log":"|j|\u2606Bobbyjwi\n|j|\u2606BigShaq189\n|t:|1698426297\n|gametype|singles\n|player|p1|Bobbyjwi|169|\n|player|p2|BigShaq189|veteran|\n|teamsize|p1|6\n|teamsize|p2|6\n|gen|9\n|tier|[Gen 9] Anything Goes\n|rule|HP Percentage Mod: HP is shown in percentages\n|rule|Endless Battle Clause: Forcing endless battles is banned\n|clearpoke\n|poke|p1|Delphox, F|\n|poke|p1|Appletun, F|\n|poke|p1|Heatran, M|\n|poke|p1|Clefable, F|\n|poke|p1|Iron Valiant|\n|poke|p1|Ninetales-Alola, F|\n|poke|p2|Great Tusk|\n|poke|p2|Iron Bundle|\n|poke|p2|Iron Hands|\n|poke|p2|Gholdengo|\n|poke|p2|Amoonguss, F|\n|poke|p2|Sneasler, M|\n|teampreview\n|\n|t:|1698426364\n|start\n|switch|p1a: Ninetales|Ninetales-Alola, F|100\/100\n|switch|p2a: Sneasler|Sneasler, M|100\/100\n|-weather|Snow|[from] ability: Snow Warning|[of] p1a: Ninetales\n|turn|1\n|\n|t:|1698426394\n|move|p2a: Sneasler|U-turn|p1a: Ninetales\n|-resisted|p1a: Ninetales\n|-damage|p1a: Ninetales|81\/100\n|\n|t:|1698426401\n|switch|p2a: Gholdengo|Gholdengo|100\/100|[from] U-turn\n|move|p1a: Ninetales|Aurora Veil|p1a: Ninetales\n|-sidestart|p1: Bobbyjwi|move: Aurora Veil\n|\n|-weather|Snow|[upkeep]\n|upkeep\n|turn|2\n|\n|t:|1698426415\n|switch|p1a: Heatran|Heatran, M|100\/100\n|move|p2a: Gholdengo|Make It Rain|p1a: Heatran\n|-resisted|p1a: Heatran\n|-damage|p1a: Heatran|96\/100\n|-unboost|p2a: Gholdengo|spa|1\n|\n|-weather|Snow|[upkeep]\n|upkeep\n|turn|3\n|\n|t:|1698426431\n|switch|p2a: Great Tusk|Great Tusk|100\/100\n|move|p1a: Heatran|Magma Storm|p2a: Great Tusk\n|-damage|p2a: Great Tusk|16\/100\n|-activate|p2a: Great Tusk|move: Magma Storm|[of] p1a: Heatran\n|\n|-weather|Snow|[upkeep]\n|-heal|p2a: Great Tusk|22\/100|[from] item: Leftovers\n|-damage|p2a: Great Tusk|10\/100|[from] move: Magma Storm|[partiallytrapped]\n|upkeep\n|turn|4\n|\n|t:|1698426448\n|switch|p1a: Clefable|Clefable, F|100\/100\n|move|p2a: Great Tusk|Headlong Rush|p1a: Clefable\n|-damage|p1a: Clefable|75\/100\n|-unboost|p2a: Great Tusk|def|1\n|-unboost|p2a: Great Tusk|spd|1\n|\n|-weather|Snow|[upkeep]\n|-heal|p2a: Great Tusk|16\/100|[from] item: Leftovers\n|-heal|p1a: Clefable|81\/100|[from] item: Leftovers\n|-end|p2a: Great Tusk|Magma Storm|[partiallytrapped]|[silent]\n|upkeep\n|turn|5\n|\n|t:|1698426462\n|move|p2a: Great Tusk|Knock Off|p1a: Clefable\n|-resisted|p1a: Clefable\n|-damage|p1a: Clefable|74\/100\n|-enditem|p1a: Clefable|Leftovers|[from] move: Knock Off|[of] p2a: Great Tusk\n|move|p1a: Clefable|Moonblast|p2a: Great Tusk\n|-supereffective|p2a: Great Tusk\n|-damage|p2a: Great Tusk|0 fnt\n|faint|p2a: Great Tusk\n|-end|p2a: Great Tusk|Protosynthesis|[silent]\n|\n|-weather|none\n|upkeep\n|\n|t:|1698426471\n|switch|p2a: Sneasler|Sneasler, M|100\/100\n|turn|6\n|\n|t:|1698426508\n|switch|p1a: Delphox|Delphox, F|100\/100\n|move|p2a: Sneasler|Dire Claw|p1a: Delphox\n|-damage|p1a: Delphox|55\/100\n|-status|p1a: Delphox|par\n|\n|upkeep\n|turn|7\n|\n|t:|1698426540\n|switch|p2a: Gholdengo|Gholdengo|100\/100\n|move|p1a: Delphox|Psychic|p2a: Gholdengo\n|-resisted|p2a: Gholdengo\n|-damage|p2a: Gholdengo|76\/100\n|\n|upkeep\n|turn|8\n|\n|t:|1698426573\n|move|p1a: Delphox|Psychic|p2a: Gholdengo\n|-resisted|p2a: Gholdengo\n|-damage|p2a: Gholdengo|53\/100\n|move|p2a: Gholdengo|Shadow Ball|p1a: Delphox\n|-supereffective|p1a: Delphox\n|-damage|p1a: Delphox|4\/100 par\n|-unboost|p1a: Delphox|spd|1\n|\n|-sideend|p1: Bobbyjwi|move: Aurora Veil\n|upkeep\n|turn|9\n|\n|t:|1698426604\n|move|p1a: Delphox|Psychic|p2a: Gholdengo\n|-resisted|p2a: Gholdengo\n|-damage|p2a: Gholdengo|32\/100\n|move|p2a: Gholdengo|Recover|p2a: Gholdengo\n|-heal|p2a: Gholdengo|82\/100\n|\n|upkeep\n|turn|10\n|\n|t:|1698426640\n|move|p1a: Delphox|Psychic|p2a: Gholdengo\n|-resisted|p2a: Gholdengo\n|-damage|p2a: Gholdengo|57\/100\n|move|p2a: Gholdengo|Nasty Plot|p2a: Gholdengo\n|-boost|p2a: Gholdengo|spa|2\n|\n|upkeep\n|turn|11\n|\n|t:|1698426693\n|move|p1a: Delphox|Psychic|p2a: Gholdengo\n|-resisted|p2a: Gholdengo\n|-damage|p2a: Gholdengo|34\/100\n|move|p2a: Gholdengo|Recover|p2a: Gholdengo\n|-heal|p2a: Gholdengo|84\/100\n|\n|upkeep\n|turn|12\n|\n|t:|1698426752\n|switch|p1a: Ninetales|Ninetales-Alola, F|81\/100\n|-weather|Snow|[from] ability: Snow Warning|[of] p1a: Ninetales\n|move|p2a: Gholdengo|Shadow Ball|p1a: Ninetales\n|-damage|p1a: Ninetales|0 fnt\n|faint|p1a: Ninetales\n|\n|-weather|Snow|[upkeep]\n|upkeep\n|\n|t:|1698426759\n|switch|p1a: Appletun|Appletun, F|100\/100\n|turn|13\n|\n|t:|1698426785\n|-terastallize|p1a: Appletun|Steel\n|move|p2a: Gholdengo|Shadow Ball|p1a: Appletun\n|-damage|p1a: Appletun|56\/100\n|move|p1a: Appletun|Dragon Tail|p2a: Gholdengo\n|-resisted|p2a: Gholdengo\n|-damage|p2a: Gholdengo|76\/100\n|drag|p2a: Sneasler|Sneasler, M|100\/100\n|\n|-weather|Snow|[upkeep]\n|upkeep\n|turn|14\n|\n|t:|1698426854\n|switch|p1a: Iron Valiant|Iron Valiant|100\/100\n|-enditem|p1a: Iron Valiant|Booster Energy\n|-activate|p1a: Iron Valiant|ability: Quark Drive|[fromitem]\n|-start|p1a: Iron Valiant|quarkdrivespe\n|move|p2a: Sneasler|Close Combat|p1a: Iron Valiant\n|-resisted|p1a: Iron Valiant\n|-damage|p1a: Iron Valiant|36\/100\n|-unboost|p2a: Sneasler|def|1\n|-unboost|p2a: Sneasler|spd|1\n|-status|p1a: Iron Valiant|psn|[from] ability: Poison Touch|[of] p2a: Sneasler\n|\n|-weather|Snow|[upkeep]\n|-damage|p1a: Iron Valiant|24\/100 psn|[from] psn\n|upkeep\n|turn|15\n|\n|t:|1698426874\n|switch|p2a: Amoonguss|Amoonguss, F|100\/100\n|move|p1a: Iron Valiant|Psychic|p2a: Amoonguss\n|-supereffective|p2a: Amoonguss\n|-damage|p2a: Amoonguss|60\/100\n|\n|-weather|Snow|[upkeep]\n|-heal|p2a: Amoonguss|66\/100|[from] item: Black Sludge\n|-damage|p1a: Iron Valiant|12\/100 psn|[from] psn\n|upkeep\n|turn|16\n|\n|t:|1698426906\n|-end|p1a: Iron Valiant|Quark Drive|[silent]\n|switch|p1a: Heatran|Heatran, M|96\/100\n|move|p2a: Amoonguss|Giga Drain|p1a: Heatran\n|-resisted|p1a: Heatran\n|-damage|p1a: Heatran|93\/100\n|-heal|p2a: Amoonguss|67\/100|[from] drain|[of] p1a: Heatran\n|\n|-weather|none\n|-heal|p2a: Amoonguss|73\/100|[from] item: Black Sludge\n|upkeep\n|turn|17\n|\n|t:|1698426927\n|switch|p2a: Iron Hands|Iron Hands|100\/100\n|move|p1a: Heatran|Magma Storm|p2a: Iron Hands\n|-damage|p2a: Iron Hands|65\/100\n|-activate|p2a: Iron Hands|move: Magma Storm|[of] p1a: Heatran\n|\n|-damage|p2a: Iron Hands|53\/100|[from] move: Magma Storm|[partiallytrapped]\n|upkeep\n|turn|18\n|\n|t:|1698426938\n|switch|p1a: Clefable|Clefable, F|74\/100\n|move|p2a: Iron Hands|Drain Punch|p1a: Clefable\n|-resisted|p1a: Clefable\n|-damage|p1a: Clefable|56\/100\n|-heal|p2a: Iron Hands|60\/100|[from] drain|[of] p1a: Clefable\n|\n|-end|p2a: Iron Hands|Magma Storm|[partiallytrapped]|[silent]\n|upkeep\n|turn|19\n|\n|t:|1698426958\n|move|p2a: Iron Hands|Wild Charge|p1a: Clefable\n|-damage|p1a: Clefable|16\/100\n|-damage|p2a: Iron Hands|52\/100|[from] Recoil\n|move|p1a: Clefable|Wish|p1a: Clefable\n|\n|upkeep\n|turn|20\n|\n|t:|1698427018\n|move|p1a: Clefable|Protect|p1a: Clefable\n|-singleturn|p1a: Clefable|Protect\n|move|p2a: Iron Hands|Close Combat|p1a: Clefable\n|-activate|p1a: Clefable|move: Protect\n|\n|-heal|p1a: Clefable|66\/100|[from] move: Wish|[wisher] Clefable\n|upkeep\n|turn|21\n|\n|t:|1698427044\n|-end|p2a: Iron Hands|Quark Drive|[silent]\n|switch|p2a: Gholdengo|Gholdengo|76\/100\n|move|p1a: Clefable|Stealth Rock|p2a: Gholdengo\n|-sidestart|p2: BigShaq189|move: Stealth Rock\n|\n|upkeep\n|turn|22\n|\n|t:|1698427072\n|switch|p1a: Delphox|Delphox, F|4\/100 par\n|move|p2a: Gholdengo|Make It Rain|p1a: Delphox\n|-resisted|p1a: Delphox\n|-damage|p1a: Delphox|0 fnt\n|-unboost|p2a: Gholdengo|spa|1\n|faint|p1a: Delphox\n|\n|upkeep\n|\n|t:|1698427082\n|switch|p1a: Heatran|Heatran, M|93\/100\n|turn|23\n|\n|t:|1698427091\n|switch|p2a: Iron Hands|Iron Hands|52\/100\n|-damage|p2a: Iron Hands|46\/100|[from] Stealth Rock\n|move|p1a: Heatran|Magma Storm|p2a: Iron Hands\n|-crit|p2a: Iron Hands\n|-damage|p2a: Iron Hands|0 fnt\n|faint|p2a: Iron Hands\n|-end|p2a: Iron Hands|Quark Drive|[silent]\n|\n|upkeep\n|\n|t:|1698427100\n|switch|p2a: Sneasler|Sneasler, M|100\/100\n|-damage|p2a: Sneasler|95\/100|[from] Stealth Rock\n|turn|24\n|\n|t:|1698427173\n|switch|p1a: Iron Valiant|Iron Valiant|12\/100 psn\n|move|p2a: Sneasler|U-turn|p1a: Iron Valiant\n|-resisted|p1a: Iron Valiant\n|-damage|p1a: Iron Valiant|0 fnt\n|faint|p1a: Iron Valiant\n|-end|p1a: Iron Valiant|Quark Drive|[silent]\n|\n|t:|1698427186\n|switch|p2a: Iron Bundle|Iron Bundle|100\/100|[from] U-turn\n|\n|upkeep\n|\n|t:|1698427197\n|switch|p1a: Appletun|Appletun, F, tera:Steel|56\/100\n|turn|25\n|\n|t:|1698427226\n|move|p2a: Iron Bundle|Hydro Pump|p1a: Appletun\n|-damage|p1a: Appletun|30\/100\n|move|p1a: Appletun|Apple Acid|p2a: Iron Bundle\n|-supereffective|p2a: Iron Bundle\n|-damage|p2a: Iron Bundle|0 fnt\n|faint|p2a: Iron Bundle\n|-end|p2a: Iron Bundle|Quark Drive|[silent]\n|\n|upkeep\n|\n|t:|1698427233\n|switch|p2a: Sneasler|Sneasler, M|95\/100\n|-damage|p2a: Sneasler|89\/100|[from] Stealth Rock\n|turn|26\n|\n|t:|1698427240\n|switch|p1a: Clefable|Clefable, F|66\/100\n|move|p2a: Sneasler|Close Combat|p1a: Clefable\n|-resisted|p1a: Clefable\n|-damage|p1a: Clefable|30\/100\n|-unboost|p2a: Sneasler|def|1\n|-unboost|p2a: Sneasler|spd|1\n|-status|p1a: Clefable|psn|[from] ability: Poison Touch|[of] p2a: Sneasler\n|\n|-damage|p1a: Clefable|18\/100 psn|[from] psn\n|upkeep\n|turn|27\n|\n|t:|1698427267\n|move|p2a: Sneasler|Close Combat|p1a: Clefable\n|-resisted|p1a: Clefable\n|-damage|p1a: Clefable|0 fnt\n|-unboost|p2a: Sneasler|def|1\n|-unboost|p2a: Sneasler|spd|1\n|faint|p1a: Clefable\n|\n|upkeep\n|\n|t:|1698427270\n|switch|p1a: Heatran|Heatran, M|93\/100\n|turn|28\n|\n|t:|1698427277\n|move|p2a: Sneasler|Close Combat|p1a: Heatran\n|-supereffective|p1a: Heatran\n|-damage|p1a: Heatran|0 fnt\n|-unboost|p2a: Sneasler|def|1\n|-unboost|p2a: Sneasler|spd|1\n|faint|p1a: Heatran\n|\n|upkeep\n|\n|t:|1698427280\n|switch|p1a: Appletun|Appletun, F, tera:Steel|30\/100\n|turn|29\n|\n|t:|1698427285\n|move|p2a: Sneasler|Close Combat|p1a: Appletun\n|-supereffective|p1a: Appletun\n|-damage|p1a: Appletun|0 fnt\n|-unboost|p2a: Sneasler|def|1\n|-unboost|p2a: Sneasler|spd|1\n|faint|p1a: Appletun\n|\n|win|BigShaq189\n|l|\u2606Bobbyjwi\n|c|\u2606BigShaq189|gg\n","uploadtime":1698427297,"views":15,"p1id":"bobbyjwi","p2id":"bigshaq189","formatid":"gen9anythinggoes","rating":0,"private":0,"password":""}