{"id":"gen9anythinggoes-1977030345","p1":"Ace of Cakes","p2":"Gracious Shaymin","format":"[Gen 9] Anything Goes","log":"|j|\u2606Ace of Cakes\n|j|\u2606Gracious Shaymin\n|t:|1698363679\n|gametype|singles\n|player|p1|Ace of Cakes|dancer|1112\n|player|p2|Gracious Shaymin|170|1087\n|teamsize|p1|6\n|teamsize|p2|4\n|gen|9\n|tier|[Gen 9] Anything Goes\n|rated|\n|rule|HP Percentage Mod: HP is shown in percentages\n|rule|Endless Battle Clause: Forcing endless battles is banned\n|clearpoke\n|poke|p1|Calyrex-Shadow|\n|poke|p1|Miraidon|\n|poke|p1|Miraidon|\n|poke|p1|Miraidon|\n|poke|p1|Miraidon|\n|poke|p1|Miraidon|\n|poke|p2|Slowking, M|\n|poke|p2|Cetitan, M|\n|poke|p2|Orthworm, M|\n|poke|p2|Dragapult, F|\n|teampreview\n|\n|t:|1698363688\n|start\n|switch|p1a: Miraidon|Miraidon|100\/100\n|switch|p2a: Orthworm|Orthworm, M|100\/100\n|-fieldstart|move: Electric Terrain|[from] ability: Hadron Engine|[of] p1a: Miraidon\n|turn|1\n|\n|t:|1698363699\n|move|p1a: Miraidon|Electro Drift|p2a: Orthworm\n|-damage|p2a: Orthworm|0 fnt\n|faint|p2a: Orthworm\n|\n|upkeep\n|\n|t:|1698363712\n|switch|p2a: Dragapult|Dragapult, F|100\/100\n|turn|2\n|\n|t:|1698363718\n|switch|p1a: Miraidon|Miraidon|100\/100\n|-activate|p1a: Miraidon|ability: Hadron Engine\n|move|p2a: Dragapult|Dragon Dance|p2a: Dragapult\n|-boost|p2a: Dragapult|atk|1\n|-boost|p2a: Dragapult|spe|1\n|\n|upkeep\n|turn|3\n|\n|t:|1698363727\n|move|p2a: Dragapult|Dragon Darts|p1a: Miraidon\n|-supereffective|p1a: Miraidon\n|-damage|p1a: Miraidon|25\/100\n|-anim|p2a: Dragapult|Dragon Darts|p1a: Miraidon\n|-supereffective|p1a: Miraidon\n|-damage|p1a: Miraidon|0 fnt\n|faint|p1a: Miraidon\n|\n|upkeep\n|\n|t:|1698363730\n|switch|p1a: Calyrex|Calyrex-Shadow|100\/100\n|-ability|p1a: Calyrex|As One\n|-ability|p1a: Calyrex|Unnerve\n|turn|4\n|\n|t:|1698363739\n|-terastallize|p1a: Calyrex|Fairy\n|move|p2a: Dragapult|Dragon Darts|p1a: Calyrex\n|-immune|p1a: Calyrex\n|move|p1a: Calyrex|Astral Barrage|p2a: Dragapult\n|-supereffective|p2a: Dragapult\n|-enditem|p2a: Dragapult|Focus Sash\n|-damage|p2a: Dragapult|1\/100\n|\n|upkeep\n|turn|5\n|\n|t:|1698363754\n|-terastallize|p2a: Dragapult|Dragon\n|move|p2a: Dragapult|Phantom Force||[still]\n|-prepare|p2a: Dragapult|Phantom Force\n|move|p1a: Calyrex|Astral Barrage|p2a: Dragapult|[miss]\n|-miss|p1a: Calyrex|p2a: Dragapult\n|\n|-fieldend|move: Electric Terrain\n|upkeep\n|turn|6\n|inactive|Battle timer is ON: inactive players will automatically lose when time's up. (requested by Gracious Shaymin)\n|\n|t:|1698363764\n|move|p2a: Dragapult|Phantom Force|p1a: Calyrex|[from]lockedmove\n|-damage|p1a: Calyrex|15\/100\n|move|p1a: Calyrex|Astral Barrage|p2a: Dragapult\n|-damage|p2a: Dragapult|0 fnt\n|faint|p2a: Dragapult\n|-ability|p1a: Calyrex|Grim Neigh|boost\n|-boost|p1a: Calyrex|spa|1\n|\n|upkeep\n|\n|t:|1698363768\n|switch|p2a: Slowking|Slowking, M|100\/100\n|turn|7\n|\n|t:|1698363772\n|move|p1a: Calyrex|Astral Barrage|p2a: Slowking\n|-supereffective|p2a: Slowking\n|-damage|p2a: Slowking|0 fnt\n|faint|p2a: Slowking\n|-ability|p1a: Calyrex|Grim Neigh|boost\n|-boost|p1a: Calyrex|spa|1\n|\n|upkeep\n|\n|t:|1698363775\n|switch|p2a: Cetitan|Cetitan, M|100\/100\n|turn|8\n|\n|t:|1698363778\n|move|p1a: Calyrex|Astral Barrage|p2a: Cetitan\n|-damage|p2a: Cetitan|0 fnt\n|faint|p2a: Cetitan\n|\n|win|Ace of Cakes\n|raw|Ace of Cakes's rating: 1112 &rarr; <strong>1135<\/strong><br \/>(+23 for winning)\n|raw|Gracious Shaymin's rating: 1087 &rarr; <strong>1066<\/strong><br \/>(-21 for losing)\n|l|\u2606Gracious Shaymin\n","uploadtime":1698363846,"views":8,"p1id":"aceofcakes","p2id":"graciousshaymin","formatid":"gen9anythinggoes","rating":1066,"private":0,"password":""}