{"id":"gen9anythinggoes-1993200036","p1":"pan1535","p2":"xiaotwo","format":"[Gen 9] Anything Goes","log":"|j|\u2606pan1535\n|j|\u2606xiaotwo\n|t:|1700277132\n|gametype|singles\n|player|p1|pan1535|266|1164\n|player|p2|xiaotwo|hilbert-wonderlauncher|1299\n|teamsize|p1|6\n|teamsize|p2|6\n|gen|9\n|tier|[Gen 9] Anything Goes\n|rated|\n|rule|HP Percentage Mod: HP is shown in percentages\n|rule|Endless Battle Clause: Forcing endless battles is banned\n|clearpoke\n|poke|p1|Torkoal, F|\n|poke|p1|Groudon|\n|poke|p1|Lilligant-Hisui, F|\n|poke|p1|Charizard, F|\n|poke|p1|Victreebel, F|\n|poke|p1|Arboliva, M|\n|poke|p2|Calyrex-Shadow|\n|poke|p2|Annihilape, M|\n|poke|p2|Basculegion, M|\n|poke|p2|Flutter Mane|\n|poke|p2|Zoroark-Hisui, M|\n|poke|p2|Sableye, F|\n|teampreview\n|inactive|Battle timer is ON: inactive players will automatically lose when time's up. (requested by pan1535)\n|\n|t:|1700277148\n|start\n|switch|p1a: Torkoal|Torkoal, F|100\/100\n|switch|p2a: Annihilape|Annihilape, M|100\/100\n|-weather|SunnyDay|[from] ability: Drought|[of] p1a: Torkoal\n|turn|1\n|\n|t:|1700277157\n|move|p2a: Annihilape|Stealth Rock|p1a: Torkoal\n|-sidestart|p1: pan1535|move: Stealth Rock\n|move|p1a: Torkoal|Stealth Rock|p2a: Annihilape\n|-sidestart|p2: xiaotwo|move: Stealth Rock\n|\n|-weather|SunnyDay|[upkeep]\n|upkeep\n|turn|2\n|\n|t:|1700277168\n|move|p2a: Annihilape|Final Gambit|p1a: Torkoal\n|-damage|p1a: Torkoal|0 fnt\n|faint|p2a: Annihilape\n|faint|p1a: Torkoal\n|\n|-weather|SunnyDay|[upkeep]\n|upkeep\n|\n|t:|1700277188\n|switch|p2a: Sableye|Sableye, F|100\/100\n|switch|p1a: Lilligant|Lilligant-Hisui, F|100\/100\n|-damage|p1a: Lilligant|94\/100|[from] Stealth Rock\n|-damage|p2a: Sableye|88\/100|[from] Stealth Rock\n|turn|3\n|\n|t:|1700277195\n|move|p2a: Sableye|Fake Out|p1a: Lilligant\n|-damage|p1a: Lilligant|79\/100\n|cant|p1a: Lilligant|flinch\n|\n|-weather|SunnyDay|[upkeep]\n|upkeep\n|turn|4\n|\n|t:|1700277209\n|move|p2a: Sableye|Rain Dance|p2a: Sableye\n|-weather|RainDance\n|move|p1a: Lilligant|Victory Dance|p1a: Lilligant\n|-boost|p1a: Lilligant|atk|1\n|-boost|p1a: Lilligant|def|1\n|-boost|p1a: Lilligant|spe|1\n|\n|-weather|RainDance|[upkeep]\n|upkeep\n|turn|5\n|\n|t:|1700277226\n|move|p2a: Sableye|Thunder Wave|p1a: Lilligant\n|-status|p1a: Lilligant|par\n|move|p1a: Lilligant|Ice Spinner|p2a: Sableye\n|-damage|p2a: Sableye|39\/100\n|\n|-weather|RainDance|[upkeep]\n|upkeep\n|turn|6\n|\n|t:|1700277248\n|switch|p2a: Flutter Mane|Flutter Mane|100\/100\n|-damage|p2a: Flutter Mane|88\/100|[from] Stealth Rock\n|-enditem|p2a: Flutter Mane|Booster Energy\n|-activate|p2a: Flutter Mane|ability: Protosynthesis|[fromitem]\n|-start|p2a: Flutter Mane|protosynthesisspe\n|move|p1a: Lilligant|Ice Spinner|p2a: Flutter Mane\n|-damage|p2a: Flutter Mane|1\/100\n|\n|-weather|RainDance|[upkeep]\n|upkeep\n|turn|7\n|\n|t:|1700277261\n|move|p2a: Flutter Mane|Moonblast|p1a: Lilligant\n|-supereffective|p1a: Lilligant\n|-damage|p1a: Lilligant|0 fnt\n|faint|p1a: Lilligant\n|\n|-weather|RainDance|[upkeep]\n|upkeep\n|\n|t:|1700277266\n|switch|p1a: Groudon|Groudon|100\/100\n|-damage|p1a: Groudon|94\/100|[from] Stealth Rock\n|-weather|SunnyDay|[from] ability: Drought|[of] p1a: Groudon\n|turn|8\n|\n|t:|1700277280\n|move|p2a: Flutter Mane|Moonblast|p1a: Groudon\n|-damage|p1a: Groudon|39\/100\n|-unboost|p1a: Groudon|spa|1\n|move|p1a: Groudon|Crunch|p2a: Flutter Mane\n|-damage|p2a: Flutter Mane|0 fnt\n|faint|p2a: Flutter Mane\n|-end|p2a: Flutter Mane|Protosynthesis|[silent]\n|\n|-weather|SunnyDay|[upkeep]\n|-heal|p1a: Groudon|45\/100|[from] item: Leftovers\n|upkeep\n|inactive|xiaotwo has 120 seconds left.\n|\n|t:|1700277296\n|switch|p2a: Sableye|Sableye, F|100\/100\n|-damage|p2a: Sableye|88\/100|[from] Stealth Rock\n|turn|9\n|inactive|xiaotwo has 120 seconds left.\n|\n|t:|1700277309\n|move|p2a: Sableye|Flamethrower|p1a: Groudon\n|-damage|p1a: Groudon|0 fnt\n|faint|p1a: Groudon\n|\n|-weather|SunnyDay|[upkeep]\n|upkeep\n|inactive|pan1535 has 120 seconds left.\n|\n|t:|1700277343\n|switch|p1a: Victreebel|Victreebel, F|100\/100\n|-damage|p1a: Victreebel|88\/100|[from] Stealth Rock\n|turn|10\n|\n|t:|1700277348\n|move|p1a: Victreebel|Growth|p1a: Victreebel\n|-boost|p1a: Victreebel|atk|2\n|-boost|p1a: Victreebel|spa|2\n|move|p2a: Sableye|Flamethrower|p1a: Victreebel\n|-supereffective|p1a: Victreebel\n|-damage|p1a: Victreebel|0 fnt\n|faint|p1a: Victreebel\n|\n|-weather|SunnyDay|[upkeep]\n|upkeep\n|\n|t:|1700277354\n|switch|p1a: Charizard|Charizard, F|100\/100\n|-damage|p1a: Charizard|51\/100|[from] Stealth Rock\n|turn|11\n|\n|t:|1700277358\n|move|p1a: Charizard|Solar Beam||[still]\n|-prepare|p1a: Charizard|Solar Beam\n|-anim|p1a: Charizard|Solar Beam|p2a: Sableye\n|-damage|p2a: Sableye|0 fnt\n|replace|p2a: Zoroark|Zoroark-Hisui, M\n|-end|p2a: Zoroark|Illusion\n|faint|p2a: Zoroark\n|\n|-weather|SunnyDay|[upkeep]\n|-damage|p1a: Charizard|38\/100|[from] ability: Solar Power|[of] p1a: Charizard\n|upkeep\n|\n|t:|1700277366\n|switch|p2a: Sableye|Sableye, F|39\/100\n|-damage|p2a: Sableye|27\/100|[from] Stealth Rock\n|turn|12\n|\n|t:|1700277376\n|move|p2a: Sableye|Fake Out|p1a: Charizard\n|-damage|p1a: Charizard|22\/100\n|cant|p1a: Charizard|flinch\n|\n|-weather|none\n|upkeep\n|turn|13\n|\n|t:|1700277387\n|move|p2a: Sableye|Rain Dance|p2a: Sableye\n|-weather|RainDance\n|move|p1a: Charizard|Solar Beam||[still]\n|-prepare|p1a: Charizard|Solar Beam\n|\n|-weather|RainDance|[upkeep]\n|upkeep\n|turn|14\n|\n|t:|1700277395\n|move|p2a: Sableye|Thunder Wave|p1a: Charizard\n|-status|p1a: Charizard|par\n|move|p1a: Charizard|Solar Beam|p2a: Sableye|[from]lockedmove\n|-damage|p2a: Sableye|0 fnt\n|faint|p2a: Sableye\n|\n|-weather|RainDance|[upkeep]\n|upkeep\n|\n|t:|1700277404\n|switch|p2a: Basculegion|Basculegion, M|100\/100\n|-damage|p2a: Basculegion|88\/100|[from] Stealth Rock\n|turn|15\n|\n|t:|1700277409\n|move|p2a: Basculegion|Last Respects|p1a: Charizard\n|-damage|p1a: Charizard|0 fnt\n|faint|p1a: Charizard\n|\n|-weather|RainDance|[upkeep]\n|upkeep\n|\n|t:|1700277412\n|switch|p1a: Arboliva|Arboliva, M|100\/100\n|-damage|p1a: Arboliva|88\/100|[from] Stealth Rock\n|turn|16\n|\n|t:|1700277418\n|switch|p2a: Calyrex|Calyrex-Shadow|100\/100\n|-ability|p2a: Calyrex|As One\n|-ability|p2a: Calyrex|Unnerve\n|-damage|p2a: Calyrex|88\/100|[from] Stealth Rock\n|move|p1a: Arboliva|Leech Seed|p2a: Calyrex\n|-start|p2a: Calyrex|move: Leech Seed\n|\n|-weather|RainDance|[upkeep]\n|-damage|p2a: Calyrex|76\/100|[from] Leech Seed|[of] p1a: Arboliva\n|-heal|p1a: Arboliva|99\/100|[silent]\n|upkeep\n|turn|17\n|\n|t:|1700277441\n|move|p2a: Calyrex|Future Sight|p1a: Arboliva\n|-start|p2a: Calyrex|move: Future Sight\n|move|p1a: Arboliva|Earth Power|p2a: Calyrex\n|-damage|p2a: Calyrex|50\/100\n|\n|-weather|RainDance|[upkeep]\n|-damage|p2a: Calyrex|38\/100|[from] Leech Seed|[of] p1a: Arboliva\n|-heal|p1a: Arboliva|100\/100|[silent]\n|upkeep\n|turn|18\n|\n|t:|1700277449\n|-terastallize|p2a: Calyrex|Fairy\n|move|p2a: Calyrex|Draining Kiss|p1a: Arboliva\n|-damage|p1a: Arboliva|57\/100\n|-heal|p2a: Calyrex|72\/100|[from] drain|[of] p1a: Arboliva\n|-damage|p2a: Calyrex|62\/100|[from] item: Life Orb\n|move|p1a: Arboliva|Giga Drain|p2a: Calyrex\n|-damage|p2a: Calyrex|32\/100\n|-heal|p1a: Arboliva|72\/100|[from] drain|[of] p2a: Calyrex\n|\n|-weather|RainDance|[upkeep]\n|-damage|p2a: Calyrex|20\/100|[from] Leech Seed|[of] p1a: Arboliva\n|-heal|p1a: Arboliva|83\/100|[silent]\n|upkeep\n|turn|19\n|\n|t:|1700277462\n|move|p2a: Calyrex|Draining Kiss|p1a: Arboliva\n|-damage|p1a: Arboliva|44\/100\n|-heal|p2a: Calyrex|51\/100|[from] drain|[of] p1a: Arboliva\n|-damage|p2a: Calyrex|41\/100|[from] item: Life Orb\n|move|p1a: Arboliva|Giga Drain|p2a: Calyrex\n|-damage|p2a: Calyrex|7\/100\n|-heal|p1a: Arboliva|60\/100|[from] drain|[of] p2a: Calyrex\n|\n|-weather|RainDance|[upkeep]\n|-end|p1a: Arboliva|move: Future Sight\n|-damage|p1a: Arboliva|0 fnt\n|faint|p1a: Arboliva\n|-damage|p2a: Calyrex|0 fnt|[from] item: Life Orb\n|\n|win|xiaotwo\n|upkeep\n|raw|pan1535's rating: 1164 &rarr; <strong>1148<\/strong><br \/>(-16 for losing)\n|raw|xiaotwo's rating: 1299 &rarr; <strong>1315<\/strong><br \/>(+16 for winning)\n|l|\u2606pan1535\n","uploadtime":1700277486,"views":4,"p1id":"pan1535","p2id":"xiaotwo","formatid":"gen9anythinggoes","rating":1148,"private":0,"password":""}