{"id":"gen9anythinggoes-1998818769","p1":"Peyton2010","p2":"ghostlyplanets","format":"[Gen 9] Anything Goes","log":"|j|\u2606Peyton2010\n|j|\u2606ghostlyplanets\n|t:|1700997196\n|gametype|singles\n|player|p1|Peyton2010|red|1627\n|player|p2|ghostlyplanets|zirco-unite|1533\n|teamsize|p1|6\n|teamsize|p2|6\n|gen|9\n|tier|[Gen 9] Anything Goes\n|rated|\n|rule|HP Percentage Mod: HP is shown in percentages\n|rule|Endless Battle Clause: Forcing endless battles is banned\n|clearpoke\n|poke|p1|Glimmora, M|\n|poke|p1|Spidops, M|\n|poke|p1|Calyrex-Shadow|\n|poke|p1|Regieleki|\n|poke|p1|Ogerpon-Wellspring, F|\n|poke|p1|Gholdengo|\n|poke|p2|Calyrex-Shadow|\n|poke|p2|Arceus-Ground|\n|poke|p2|Koraidon|\n|poke|p2|Arceus|\n|poke|p2|Eternatus|\n|poke|p2|Eternatus|\n|teampreview\n|inactive|Battle timer is ON: inactive players will automatically lose when time's up. (requested by Peyton2010)\n|c|\u2606ghostlyplanets|glhf\n|\n|t:|1700997216\n|start\n|switch|p1a: Ogerpon|Ogerpon-Wellspring, F|100\/100\n|switch|p2a: Arceus|Arceus-Ground|100\/100\n|turn|1\n|\n|t:|1700997223\n|move|p2a: Arceus|Taunt|p1a: Ogerpon\n|-start|p1a: Ogerpon|move: Taunt\n|move|p1a: Ogerpon|Ivy Cudgel|p2a: Arceus|[anim] Ivy Cudgel Water\n|-supereffective|p2a: Arceus\n|-damage|p2a: Arceus|18\/100\n|\n|upkeep\n|turn|2\n|\n|t:|1700997232\n|move|p2a: Arceus|Stealth Rock|p1a: Ogerpon\n|-sidestart|p1: Peyton2010|move: Stealth Rock\n|move|p1a: Ogerpon|Horn Leech|p2a: Arceus\n|-supereffective|p2a: Arceus\n|-damage|p2a: Arceus|0 fnt\n|faint|p2a: Arceus\n|\n|upkeep\n|\n|t:|1700997242\n|switch|p2a: Calyrex|Calyrex-Shadow|100\/100\n|-ability|p2a: Calyrex|As One\n|-ability|p2a: Calyrex|Unnerve\n|turn|3\n|\n|t:|1700997245\n|move|p2a: Calyrex|Nasty Plot|p2a: Calyrex\n|-boost|p2a: Calyrex|spa|2\n|move|p1a: Ogerpon|Ivy Cudgel|p2a: Calyrex|[anim] Ivy Cudgel Water\n|-damage|p2a: Calyrex|39\/100\n|\n|-end|p1a: Ogerpon|move: Taunt\n|upkeep\n|turn|4\n|\n|t:|1700997251\n|move|p2a: Calyrex|Baton Pass|p2a: Calyrex\n|\n|t:|1700997253\n|switch|p2a: Eternatus|Eternatus|100\/100|[from] Baton Pass\n|-ability|p2a: Eternatus|Pressure\n|move|p1a: Ogerpon|Horn Leech|p2a: Eternatus\n|-resisted|p2a: Eternatus\n|-damage|p2a: Eternatus|92\/100\n|\n|upkeep\n|turn|5\n|\n|t:|1700997262\n|switch|p1a: Regieleki|Regieleki|100\/100\n|-damage|p1a: Regieleki|88\/100|[from] Stealth Rock\n|move|p2a: Eternatus|Agility|p2a: Eternatus\n|-boost|p2a: Eternatus|spe|2\n|\n|upkeep\n|turn|6\n|\n|t:|1700997268\n|move|p2a: Eternatus|Dynamax Cannon|p1a: Regieleki\n|-damage|p1a: Regieleki|0 fnt\n|faint|p1a: Regieleki\n|-damage|p2a: Eternatus|82\/100|[from] item: Life Orb\n|\n|upkeep\n|\n|t:|1700997279\n|switch|p1a: Glimmora|Glimmora, M|100\/100\n|-damage|p1a: Glimmora|88\/100|[from] Stealth Rock\n|turn|7\n|\n|t:|1700997282\n|move|p2a: Eternatus|Dynamax Cannon|p1a: Glimmora\n|-damage|p1a: Glimmora|0 fnt\n|faint|p1a: Glimmora\n|-damage|p2a: Eternatus|72\/100|[from] item: Life Orb\n|\n|upkeep\n|c|\u2606ghostlyplanets|gg\n|\n|t:|1700997289\n|switch|p1a: Gholdengo|Gholdengo|100\/100\n|-damage|p1a: Gholdengo|94\/100|[from] Stealth Rock\n|turn|8\n|\n|t:|1700997291\n|move|p2a: Eternatus|Fire Blast|p1a: Gholdengo|[miss]\n|-miss|p2a: Eternatus|p1a: Gholdengo\n|move|p1a: Gholdengo|Make It Rain|p2a: Eternatus\n|-damage|p2a: Eternatus|19\/100\n|-unboost|p1a: Gholdengo|spa|1\n|\n|upkeep\n|turn|9\n|c|\u2606ghostlyplanets|wtf\n|\n|t:|1700997297\n|move|p2a: Eternatus|Fire Blast|p1a: Gholdengo\n|-supereffective|p1a: Gholdengo\n|-damage|p1a: Gholdengo|0 fnt\n|faint|p1a: Gholdengo\n|-damage|p2a: Eternatus|9\/100|[from] item: Life Orb\n|\n|upkeep\n|c|\u2606ghostlyplanets|not gg\n|\n|t:|1700997303\n|switch|p1a: Spidops|Spidops, M|100\/100\n|-damage|p1a: Spidops|75\/100|[from] Stealth Rock\n|turn|10\n|n|!ghostlyplanets|ghostlyplanets\n|\n|t:|1700997313\n|move|p2a: Eternatus|Dynamax Cannon|p1a: Spidops\n|-damage|p1a: Spidops|0 fnt\n|faint|p1a: Spidops\n|-damage|p2a: Eternatus|0 fnt|[from] item: Life Orb\n|faint|p2a: Eternatus\n|\n|upkeep\n|\n|t:|1700997324\n|switch|p2a: Koraidon|Koraidon|100\/100\n|switch|p1a: Ogerpon|Ogerpon-Wellspring, F|100\/100\n|-weather|SunnyDay|[from] ability: Orichalcum Pulse|[of] p2a: Koraidon\n|-activate|p2a: Koraidon|Orichalcum Pulse|[source]\n|-damage|p1a: Ogerpon|88\/100|[from] Stealth Rock\n|turn|11\n|\n|t:|1700997331\n|move|p2a: Koraidon|Outrage|p1a: Ogerpon\n|-damage|p1a: Ogerpon|0 fnt\n|faint|p1a: Ogerpon\n|\n|-weather|SunnyDay|[upkeep]\n|upkeep\n|\n|t:|1700997335\n|switch|p1a: Calyrex|Calyrex-Shadow|100\/100\n|-ability|p1a: Calyrex|As One\n|-ability|p1a: Calyrex|Unnerve\n|-damage|p1a: Calyrex|88\/100|[from] Stealth Rock\n|turn|12\n|\n|t:|1700997338\n|move|p2a: Koraidon|Outrage|p1a: Calyrex|[from]lockedmove\n|-damage|p1a: Calyrex|0 fnt\n|faint|p1a: Calyrex\n|-start|p2a: Koraidon|confusion|[fatigue]\n|\n|win|ghostlyplanets\n|raw|Peyton2010's rating: 1627 &rarr; <strong>1602<\/strong><br \/>(-25 for losing)\n|raw|ghostlyplanets's rating: 1533 &rarr; <strong>1558<\/strong><br \/>(+25 for winning)\n","uploadtime":1700997306,"views":6,"p1id":"peyton2010","p2id":"ghostlyplanets","formatid":"gen9anythinggoes","rating":1558,"private":0,"password":""}