{"id":"gen9anythinggoes-1994365002","p1":"Jayzilla_09","p2":"trotman","format":"[Gen 9] Anything Goes","log":"|j|\u2606Jayzilla_09\n|j|\u2606trotman\n|t:|1700435582\n|gametype|singles\n|player|p1|Jayzilla_09|barry|1148\n|player|p2|trotman|brycenman|1213\n|teamsize|p1|6\n|teamsize|p2|6\n|gen|9\n|tier|[Gen 9] Anything Goes\n|rated|\n|rule|HP Percentage Mod: HP is shown in percentages\n|rule|Endless Battle Clause: Forcing endless battles is banned\n|clearpoke\n|poke|p1|Rotom|\n|poke|p1|Rotom-Fan|\n|poke|p1|Rotom-Frost|\n|poke|p1|Rotom-Heat|\n|poke|p1|Rotom-Mow|\n|poke|p1|Rotom-Wash|\n|poke|p2|Ogerpon-Cornerstone, F|\n|poke|p2|Sinistcha-Masterpiece|\n|poke|p2|Fezandipiti, M|\n|poke|p2|Landorus-Therian, M|\n|poke|p2|Kyogre|\n|poke|p2|Regieleki|\n|teampreview\n|\n|t:|1700435586\n|start\n|switch|p1a: Bzzz|Rotom|100\/100\n|switch|p2a: Landorus|Landorus-Therian, M|100\/100\n|-ability|p2a: Landorus|Intimidate|boost\n|-unboost|p1a: Bzzz|atk|1\n|turn|1\n|\n|t:|1700435596\n|move|p1a: Bzzz|Trick|p2a: Landorus\n|-activate|p1a: Bzzz|move: Trick|[of] p2a: Landorus\n|-item|p2a: Landorus|Choice Scarf|[from] move: Trick\n|-item|p1a: Bzzz|Leftovers|[from] move: Trick\n|move|p2a: Landorus|Stealth Rock|p1a: Bzzz\n|-sidestart|p1: Jayzilla_09|move: Stealth Rock\n|\n|upkeep\n|turn|2\n|\n|t:|1700435606\n|switch|p2a: Fezandipiti|Fezandipiti, M|100\/100\n|move|p1a: Bzzz|Will-O-Wisp|p2a: Fezandipiti\n|-status|p2a: Fezandipiti|brn\n|\n|-damage|p2a: Fezandipiti|94\/100 brn|[from] brn\n|upkeep\n|turn|3\n|\n|t:|1700435614\n|move|p1a: Bzzz|Volt Switch|p2a: Fezandipiti\n|-crit|p2a: Fezandipiti\n|-damage|p2a: Fezandipiti|63\/100 brn\n|\n|t:|1700435618\n|switch|p1a: Big Chill|Rotom-Frost|100\/100|[from] Volt Switch\n|-damage|p1a: Big Chill|76\/100|[from] Stealth Rock\n|move|p2a: Fezandipiti|Light Screen|p2a: Fezandipiti\n|-sidestart|p2: trotman|move: Light Screen\n|\n|-damage|p2a: Fezandipiti|57\/100 brn|[from] brn\n|upkeep\n|turn|4\n|\n|t:|1700435625\n|move|p1a: Big Chill|Hex|p2a: Fezandipiti\n|-damage|p2a: Fezandipiti|42\/100 brn\n|move|p2a: Fezandipiti|U-turn|p1a: Big Chill\n|-damage|p1a: Big Chill|65\/100\n|\n|t:|1700435630\n|switch|p2a: Kyogre|Kyogre, shiny|100\/100|[from] U-turn\n|-weather|RainDance|[from] ability: Drizzle|[of] p2a: Kyogre\n|\n|-weather|RainDance|[upkeep]\n|upkeep\n|turn|5\n|\n|t:|1700435640\n|move|p2a: Kyogre|Water Spout|p1a: Big Chill\n|-damage|p1a: Big Chill|0 fnt\n|faint|p1a: Big Chill\n|\n|-weather|RainDance|[upkeep]\n|upkeep\n|\n|t:|1700435646\n|switch|p1a: jugajuga|Rotom-Wash|100\/100\n|-damage|p1a: jugajuga|88\/100|[from] Stealth Rock\n|turn|6\n|\n|t:|1700435654\n|switch|p2a: Fezandipiti|Fezandipiti, M|42\/100 brn\n|move|p1a: jugajuga|Thunderbolt|p2a: Fezandipiti\n|-damage|p2a: Fezandipiti|27\/100 brn\n|\n|-weather|RainDance|[upkeep]\n|-heal|p1a: jugajuga|94\/100|[from] item: Leftovers\n|-damage|p2a: Fezandipiti|21\/100 brn|[from] brn\n|upkeep\n|turn|7\n|\n|t:|1700435663\n|move|p1a: jugajuga|Volt Switch|p2a: Fezandipiti\n|-damage|p2a: Fezandipiti|10\/100 brn\n|\n|t:|1700435667\n|switch|p1a: Bzzz|Rotom|100\/100|[from] Volt Switch\n|-damage|p1a: Bzzz|88\/100|[from] Stealth Rock\n|move|p2a: Fezandipiti|U-turn|p1a: Bzzz\n|-resisted|p1a: Bzzz\n|-crit|p1a: Bzzz\n|-damage|p1a: Bzzz|78\/100\n|-status|p1a: Bzzz|tox|[from] ability: Toxic Chain|[of] p2a: Fezandipiti\n|\n|t:|1700435675\n|switch|p2a: Kyogre|Kyogre, shiny|100\/100|[from] U-turn\n|\n|-weather|RainDance|[upkeep]\n|-heal|p1a: Bzzz|84\/100 tox|[from] item: Leftovers\n|-damage|p1a: Bzzz|78\/100 tox|[from] psn\n|upkeep\n|turn|8\n|\n|t:|1700435681\n|move|p2a: Kyogre|Water Spout|p1a: Bzzz\n|-damage|p1a: Bzzz|0 fnt\n|faint|p1a: Bzzz\n|\n|-weather|none\n|upkeep\n|\n|t:|1700435685\n|switch|p1a: jugajuga|Rotom-Wash|94\/100\n|-damage|p1a: jugajuga|82\/100|[from] Stealth Rock\n|turn|9\n|\n|t:|1700435690\n|switch|p2a: Fezandipiti|Fezandipiti, M|10\/100 brn\n|move|p1a: jugajuga|Thunderbolt|p2a: Fezandipiti\n|-damage|p2a: Fezandipiti|0 fnt\n|faint|p2a: Fezandipiti\n|\n|-heal|p1a: jugajuga|88\/100|[from] item: Leftovers\n|upkeep\n|\n|t:|1700435698\n|switch|p2a: Sinistcha|Sinistcha-Masterpiece, shiny|100\/100\n|turn|10\n|\n|t:|1700435703\n|move|p1a: jugajuga|Volt Switch|p2a: Sinistcha\n|-resisted|p2a: Sinistcha\n|-damage|p2a: Sinistcha|94\/100\n|\n|t:|1700435706\n|switch|p1a: vwummmm|Rotom-Fan|100\/100|[from] Volt Switch\n|move|p2a: Sinistcha|Matcha Gotcha|p1a: vwummmm\n|-resisted|p1a: vwummmm\n|-damage|p1a: vwummmm|78\/100\n|-heal|p2a: Sinistcha|100\/100|[from] drain|[of] p1a: vwummmm\n|\n|-sideend|p2: trotman|move: Light Screen\n|upkeep\n|turn|11\n|\n|t:|1700435715\n|move|p1a: vwummmm|Air Slash|p2a: Sinistcha\n|-supereffective|p2a: Sinistcha\n|-damage|p2a: Sinistcha|48\/100\n|move|p2a: Sinistcha|Hex|p1a: vwummmm\n|-damage|p1a: vwummmm|42\/100\n|\n|upkeep\n|turn|12\n|\n|t:|1700435722\n|move|p1a: vwummmm|Air Slash|p2a: Sinistcha\n|-supereffective|p2a: Sinistcha\n|-damage|p2a: Sinistcha|0 fnt\n|faint|p2a: Sinistcha\n|\n|upkeep\n|\n|t:|1700435727\n|switch|p2a: Regieleki|Regieleki, shiny|100\/100\n|turn|13\n|\n|t:|1700435731\n|move|p2a: Regieleki|Volt Switch|p1a: vwummmm\n|-damage|p1a: vwummmm|0 fnt\n|faint|p1a: vwummmm\n|-damage|p2a: Regieleki|91\/100|[from] item: Life Orb\n|\n|t:|1700435736\n|switch|p2a: Kyogre|Kyogre, shiny|100\/100|[from] Volt Switch\n|-weather|RainDance|[from] ability: Drizzle|[of] p2a: Kyogre\n|\n|-weather|RainDance|[upkeep]\n|upkeep\n|\n|t:|1700435741\n|switch|p1a: Saturday morning|Rotom-Mow|100\/100\n|-damage|p1a: Saturday morning|88\/100|[from] Stealth Rock\n|turn|14\n|\n|t:|1700435765\n|-terastallize|p2a: Kyogre|Water\n|move|p2a: Kyogre|Water Spout|p1a: Saturday morning\n|-resisted|p1a: Saturday morning\n|-damage|p1a: Saturday morning|0 fnt\n|faint|p1a: Saturday morning\n|\n|-weather|RainDance|[upkeep]\n|upkeep\n|\n|t:|1700435770\n|switch|p1a: jugajuga|Rotom-Wash|88\/100\n|-damage|p1a: jugajuga|76\/100|[from] Stealth Rock\n|turn|15\n|\n|t:|1700435774\n|move|p2a: Kyogre|Water Spout|p1a: jugajuga\n|-resisted|p1a: jugajuga\n|-damage|p1a: jugajuga|0 fnt\n|faint|p1a: jugajuga\n|\n|-weather|RainDance|[upkeep]\n|upkeep\n|\n|t:|1700435778\n|switch|p1a: TOAST|Rotom-Heat|100\/100\n|turn|16\n|c|\u2606Jayzilla_09|gg\n|c|\u2606trotman|gg\n|\n|t:|1700435786\n|-terastallize|p1a: TOAST|Electric\n|move|p2a: Kyogre|Water Spout|p1a: TOAST\n|-damage|p1a: TOAST|0 fnt\n|faint|p1a: TOAST\n|\n|win|trotman\n|raw|Jayzilla_09's rating: 1148 &rarr; <strong>1128<\/strong><br \/>(-20 for losing)\n|raw|trotman's rating: 1213 &rarr; <strong>1233<\/strong><br \/>(+20 for winning)\n","uploadtime":1700435793,"views":1,"p1id":"jayzilla09","p2id":"trotman","formatid":"gen9anythinggoes","rating":1128,"private":0,"password":""}