{"id":"gen9anythinggoes-1995778212","p1":"Khryce","p2":"RayQuazaIsNotBro","format":"[Gen 9] Anything Goes","log":"|j|\u2606Khryce\n|j|\u2606RayQuazaIsNotBro\n|t:|1700602268\n|gametype|singles\n|player|p1|Khryce|preschooler|1258\n|player|p2|RayQuazaIsNotBro|265|1177\n|teamsize|p1|6\n|teamsize|p2|6\n|gen|9\n|tier|[Gen 9] Anything Goes\n|rated|\n|rule|HP Percentage Mod: HP is shown in percentages\n|rule|Endless Battle Clause: Forcing endless battles is banned\n|clearpoke\n|poke|p1|Cinderace, M|\n|poke|p1|Mandibuzz, F|\n|poke|p1|Mudsdale, M|\n|poke|p1|Gholdengo|\n|poke|p1|Kommo-o, M|\n|poke|p1|Clefable, F|\n|poke|p2|Maushold-Four|\n|poke|p2|Maushold-Four|\n|poke|p2|Maushold-Four|\n|poke|p2|Maushold-Four|\n|poke|p2|Maushold-Four|\n|poke|p2|Maushold-Four|\n|teampreview\n|inactive|Battle timer is ON: inactive players will automatically lose when time's up. (requested by Khryce)\n|\n|t:|1700602275\n|start\n|switch|p1a: Mudsdale|Mudsdale, M|100\/100\n|switch|p2a: Maushold|Maushold-Four, shiny|100\/100\n|turn|1\n|\n|t:|1700602291\n|-terastallize|p1a: Mudsdale|Steel\n|move|p2a: Maushold|Tidy Up|p2a: Maushold\n|-boost|p2a: Maushold|atk|1\n|-boost|p2a: Maushold|spe|1\n|move|p1a: Mudsdale|Body Press|p2a: Maushold\n|-supereffective|p2a: Maushold\n|-damage|p2a: Maushold|38\/100\n|\n|upkeep\n|turn|2\n|\n|t:|1700602300\n|move|p2a: Maushold|Population Bomb|p1a: Mudsdale\n|-resisted|p1a: Mudsdale\n|-damage|p1a: Mudsdale|93\/100\n|-damage|p2a: Maushold|22\/100|[from] item: Rocky Helmet|[of] p1a: Mudsdale\n|-ability|p1a: Mudsdale|Stamina|boost\n|-boost|p1a: Mudsdale|def|1\n|-resisted|p1a: Mudsdale\n|-damage|p1a: Mudsdale|89\/100\n|-damage|p2a: Maushold|5\/100|[from] item: Rocky Helmet|[of] p1a: Mudsdale\n|-ability|p1a: Mudsdale|Stamina|boost\n|-boost|p1a: Mudsdale|def|1\n|-resisted|p1a: Mudsdale\n|-damage|p1a: Mudsdale|85\/100\n|-damage|p2a: Maushold|0 fnt|[from] item: Rocky Helmet|[of] p1a: Mudsdale\n|-ability|p1a: Mudsdale|Stamina|boost\n|-boost|p1a: Mudsdale|def|1\n|faint|p2a: Maushold\n|-hitcount|p1a: Mudsdale|3\n|move|p1a: Mudsdale|Body Press|p2: Maushold|[notarget]\n|-fail|p1a: Mudsdale\n|\n|upkeep\n|\n|t:|1700602315\n|switch|p2a: Maushold|Maushold-Four, shiny|100\/100\n|turn|3\n|\n|t:|1700602323\n|-terastallize|p2a: Maushold|Ghost\n|move|p2a: Maushold|Beat Up|p1a: Mudsdale\n|-damage|p1a: Mudsdale|83\/100\n|-ability|p1a: Mudsdale|Stamina|boost\n|-boost|p1a: Mudsdale|def|1\n|-damage|p1a: Mudsdale|82\/100\n|-ability|p1a: Mudsdale|Stamina|boost\n|-boost|p1a: Mudsdale|def|1\n|-damage|p1a: Mudsdale|80\/100\n|-ability|p1a: Mudsdale|Stamina|boost\n|-boost|p1a: Mudsdale|def|1\n|-crit|p1a: Mudsdale\n|-damage|p1a: Mudsdale|75\/100\n|-damage|p1a: Mudsdale|74\/100\n|-hitcount|p1a: Mudsdale|5\n|move|p1a: Mudsdale|Body Press|p2a: Maushold\n|-immune|p2a: Maushold\n|\n|upkeep\n|turn|4\n|\n|t:|1700602341\n|move|p2a: Maushold|Population Bomb|p1a: Mudsdale\n|-resisted|p1a: Mudsdale\n|-damage|p1a: Mudsdale|73\/100\n|-damage|p2a: Maushold|84\/100|[from] item: Rocky Helmet|[of] p1a: Mudsdale\n|-resisted|p1a: Mudsdale\n|-damage|p1a: Mudsdale|72\/100\n|-damage|p2a: Maushold|67\/100|[from] item: Rocky Helmet|[of] p1a: Mudsdale\n|-resisted|p1a: Mudsdale\n|-damage|p1a: Mudsdale|70\/100\n|-damage|p2a: Maushold|51\/100|[from] item: Rocky Helmet|[of] p1a: Mudsdale\n|-resisted|p1a: Mudsdale\n|-damage|p1a: Mudsdale|69\/100\n|-damage|p2a: Maushold|34\/100|[from] item: Rocky Helmet|[of] p1a: Mudsdale\n|-resisted|p1a: Mudsdale\n|-damage|p1a: Mudsdale|68\/100\n|-damage|p2a: Maushold|18\/100|[from] item: Rocky Helmet|[of] p1a: Mudsdale\n|-resisted|p1a: Mudsdale\n|-damage|p1a: Mudsdale|66\/100\n|-damage|p2a: Maushold|1\/100|[from] item: Rocky Helmet|[of] p1a: Mudsdale\n|-resisted|p1a: Mudsdale\n|-damage|p1a: Mudsdale|65\/100\n|-damage|p2a: Maushold|0 fnt|[from] item: Rocky Helmet|[of] p1a: Mudsdale\n|faint|p2a: Maushold\n|-hitcount|p1a: Mudsdale|7\n|move|p1a: Mudsdale|Heavy Slam|p2: Maushold|[notarget]\n|-fail|p1a: Mudsdale\n|\n|upkeep\n|inactive|RayQuazaIsNotBro has 120 seconds left.\n|\n|t:|1700602356\n|switch|p2a: Maushold|Maushold-Four, shiny|100\/100\n|turn|5\n|\n|t:|1700602365\n|move|p2a: Maushold|Beat Up|p1a: Mudsdale\n|-damage|p1a: Mudsdale|64\/100\n|-damage|p1a: Mudsdale|63\/100\n|-damage|p1a: Mudsdale|62\/100\n|-damage|p1a: Mudsdale|61\/100\n|-hitcount|p1a: Mudsdale|4\n|move|p1a: Mudsdale|Rest|p1a: Mudsdale\n|-status|p1a: Mudsdale|slp|[from] move: Rest\n|-heal|p1a: Mudsdale|100\/100 slp|[silent]\n|\n|upkeep\n|turn|6\n|\n|t:|1700602377\n|move|p2a: Maushold|Beat Up|p1a: Mudsdale\n|-damage|p1a: Mudsdale|99\/100 slp\n|-damage|p1a: Mudsdale|98\/100 slp\n|-damage|p1a: Mudsdale|97\/100 slp\n|-damage|p1a: Mudsdale|96\/100 slp\n|-hitcount|p1a: Mudsdale|4\n|cant|p1a: Mudsdale|slp\n|\n|upkeep\n|turn|7\n|\n|t:|1700602386\n|move|p2a: Maushold|Beat Up|p1a: Mudsdale\n|-damage|p1a: Mudsdale|95\/100 slp\n|-damage|p1a: Mudsdale|94\/100 slp\n|-damage|p1a: Mudsdale|93\/100 slp\n|-damage|p1a: Mudsdale|92\/100 slp\n|-hitcount|p1a: Mudsdale|4\n|cant|p1a: Mudsdale|slp\n|\n|upkeep\n|turn|8\n|\n|t:|1700602395\n|move|p2a: Maushold|Beat Up|p1a: Mudsdale\n|-damage|p1a: Mudsdale|91\/100 slp\n|-damage|p1a: Mudsdale|90\/100 slp\n|-damage|p1a: Mudsdale|89\/100 slp\n|-damage|p1a: Mudsdale|88\/100 slp\n|-hitcount|p1a: Mudsdale|4\n|-curestatus|p1a: Mudsdale|slp|[msg]\n|move|p1a: Mudsdale|Heavy Slam|p2a: Maushold\n|-damage|p2a: Maushold|0 fnt\n|faint|p2a: Maushold\n|\n|upkeep\n|inactive|RayQuazaIsNotBro has 120 seconds left.\n|inactive|RayQuazaIsNotBro has 90 seconds left.\n|inactive|RayQuazaIsNotBro has 60 seconds left.\n|\n|t:|1700602508\n|switch|p2a: Maushold|Maushold-Four, shiny|100\/100\n|turn|9\n|\n|t:|1700602519\n|move|p2a: Maushold|Population Bomb|p1a: Mudsdale\n|-resisted|p1a: Mudsdale\n|-damage|p1a: Mudsdale|87\/100\n|-damage|p2a: Maushold|84\/100|[from] item: Rocky Helmet|[of] p1a: Mudsdale\n|-resisted|p1a: Mudsdale\n|-damage|p1a: Mudsdale|86\/100\n|-damage|p2a: Maushold|67\/100|[from] item: Rocky Helmet|[of] p1a: Mudsdale\n|-resisted|p1a: Mudsdale\n|-damage|p1a: Mudsdale|85\/100\n|-damage|p2a: Maushold|51\/100|[from] item: Rocky Helmet|[of] p1a: Mudsdale\n|-resisted|p1a: Mudsdale\n|-damage|p1a: Mudsdale|84\/100\n|-damage|p2a: Maushold|34\/100|[from] item: Rocky Helmet|[of] p1a: Mudsdale\n|-hitcount|p1a: Mudsdale|4\n|move|p1a: Mudsdale|Heavy Slam|p2a: Maushold\n|-damage|p2a: Maushold|0 fnt\n|faint|p2a: Maushold\n|\n|upkeep\n|inactive|RayQuazaIsNotBro has 30 seconds left.\n|inactive|RayQuazaIsNotBro has 20 seconds left.\n|inactive|RayQuazaIsNotBro has 15 seconds left.\n|\n|t:|1700602547\n|switch|p2a: Maushold|Maushold-Four, shiny|100\/100\n|turn|10\n|inactive|RayQuazaIsNotBro has 25 seconds left this turn.\n|\n|t:|1700602550\n|move|p2a: Maushold|Population Bomb|p1a: Mudsdale\n|-resisted|p1a: Mudsdale\n|-crit|p1a: Mudsdale\n|-damage|p1a: Mudsdale|76\/100\n|-damage|p2a: Maushold|84\/100|[from] item: Rocky Helmet|[of] p1a: Mudsdale\n|-resisted|p1a: Mudsdale\n|-damage|p1a: Mudsdale|75\/100\n|-damage|p2a: Maushold|67\/100|[from] item: Rocky Helmet|[of] p1a: Mudsdale\n|-resisted|p1a: Mudsdale\n|-damage|p1a: Mudsdale|74\/100\n|-damage|p2a: Maushold|51\/100|[from] item: Rocky Helmet|[of] p1a: Mudsdale\n|-resisted|p1a: Mudsdale\n|-damage|p1a: Mudsdale|73\/100\n|-damage|p2a: Maushold|34\/100|[from] item: Rocky Helmet|[of] p1a: Mudsdale\n|-resisted|p1a: Mudsdale\n|-crit|p1a: Mudsdale\n|-damage|p1a: Mudsdale|66\/100\n|-damage|p2a: Maushold|18\/100|[from] item: Rocky Helmet|[of] p1a: Mudsdale\n|-resisted|p1a: Mudsdale\n|-damage|p1a: Mudsdale|65\/100\n|-damage|p2a: Maushold|1\/100|[from] item: Rocky Helmet|[of] p1a: Mudsdale\n|-resisted|p1a: Mudsdale\n|-damage|p1a: Mudsdale|64\/100\n|-damage|p2a: Maushold|0 fnt|[from] item: Rocky Helmet|[of] p1a: Mudsdale\n|faint|p2a: Maushold\n|-hitcount|p1a: Mudsdale|7\n|move|p1a: Mudsdale|Heavy Slam|p2: Maushold|[notarget]\n|-fail|p1a: Mudsdale\n|\n|upkeep\n|inactive|RayQuazaIsNotBro has 30 seconds left this turn.\n|\n|t:|1700602554\n|switch|p2a: Maushold|Maushold-Four, shiny|100\/100\n|turn|11\n|inactive|Khryce has 120 seconds left.\n|c|\u2606Khryce|I love Maushold but for instances like these, I just HAD to bring Mudsdale lol\n|c|\u2606Khryce|Oh and there are two other mons that can resist Maushold's PBomb on my team soooooo\n|\n|t:|1700602611\n|move|p2a: Maushold|Population Bomb|p1a: Mudsdale\n|-resisted|p1a: Mudsdale\n|-damage|p1a: Mudsdale|63\/100\n|-damage|p2a: Maushold|84\/100|[from] item: Rocky Helmet|[of] p1a: Mudsdale\n|-resisted|p1a: Mudsdale\n|-damage|p1a: Mudsdale|61\/100\n|-damage|p2a: Maushold|67\/100|[from] item: Rocky Helmet|[of] p1a: Mudsdale\n|-resisted|p1a: Mudsdale\n|-damage|p1a: Mudsdale|60\/100\n|-damage|p2a: Maushold|51\/100|[from] item: Rocky Helmet|[of] p1a: Mudsdale\n|-resisted|p1a: Mudsdale\n|-damage|p1a: Mudsdale|59\/100\n|-damage|p2a: Maushold|34\/100|[from] item: Rocky Helmet|[of] p1a: Mudsdale\n|-resisted|p1a: Mudsdale\n|-damage|p1a: Mudsdale|57\/100\n|-damage|p2a: Maushold|18\/100|[from] item: Rocky Helmet|[of] p1a: Mudsdale\n|-hitcount|p1a: Mudsdale|5\n|move|p1a: Mudsdale|Body Press|p2a: Maushold\n|-supereffective|p2a: Maushold\n|-damage|p2a: Maushold|0 fnt\n|faint|p2a: Maushold\n|\n|win|Khryce\n|raw|Khryce's rating: 1258 &rarr; <strong>1277<\/strong><br \/>(+19 for winning)\n|raw|RayQuazaIsNotBro's rating: 1177 &rarr; <strong>1158<\/strong><br \/>(-19 for losing)\n|c|\u2606Khryce|gg\n","uploadtime":1700602622,"views":1,"p1id":"khryce","p2id":"rayquazaisnotbro","formatid":"gen9anythinggoes","rating":1158,"private":0,"password":""}