{"id":"gen9anythinggoes-1974167228","p1":"Uzumaki and I","p2":"NotWetCheese","format":"[Gen 9] Anything Goes","log":"|j|\u2606Uzumaki and I\n|j|\u2606NotWetCheese\n|t:|1698064335\n|gametype|singles\n|player|p1|Uzumaki and I|169|1153\n|player|p2|NotWetCheese|policeman-gen4|1211\n|teamsize|p1|6\n|teamsize|p2|6\n|gen|9\n|tier|[Gen 9] Anything Goes\n|rated|\n|rule|HP Percentage Mod: HP is shown in percentages\n|rule|Endless Battle Clause: Forcing endless battles is banned\n|clearpoke\n|poke|p1|Corviknight, F|\n|poke|p1|Dragonite, F|\n|poke|p1|Zapdos|\n|poke|p1|Enamorus, F|\n|poke|p1|Thundurus-Therian, M|\n|poke|p1|Braviary-Hisui, M|\n|poke|p2|Clefable, M|\n|poke|p2|Clefable, M|\n|poke|p2|Drifblim, F|\n|poke|p2|Drifblim, F|\n|poke|p2|Drifblim, M|\n|poke|p2|Drifblim, M|\n|teampreview\n|inactive|Battle timer is ON: inactive players will automatically lose when time's up. (requested by NotWetCheese)\n|\n|t:|1698064341\n|start\n|switch|p1a: Thundurus|Thundurus-Therian, M|100\/100\n|switch|p2a: Drifblim|Drifblim, F, shiny|100\/100\n|turn|1\n|\n|t:|1698064345\n|move|p1a: Thundurus|Rain Dance|p1a: Thundurus\n|-weather|RainDance\n|move|p2a: Drifblim|Minimize|p2a: Drifblim\n|-boost|p2a: Drifblim|evasion|2\n|\n|-weather|RainDance|[upkeep]\n|upkeep\n|turn|2\n|\n|t:|1698064351\n|move|p1a: Thundurus|Wildbolt Storm|p2a: Drifblim\n|-supereffective|p2a: Drifblim\n|-enditem|p2a: Drifblim|Focus Sash\n|-damage|p2a: Drifblim|1\/100\n|move|p2a: Drifblim|Minimize|p2a: Drifblim\n|-boost|p2a: Drifblim|evasion|2\n|\n|-weather|RainDance|[upkeep]\n|upkeep\n|turn|3\n|\n|t:|1698064355\n|move|p1a: Thundurus|Wildbolt Storm|p2a: Drifblim\n|-supereffective|p2a: Drifblim\n|-damage|p2a: Drifblim|0 fnt\n|faint|p2a: Drifblim\n|\n|-weather|RainDance|[upkeep]\n|upkeep\n|\n|t:|1698064357\n|switch|p2a: Drifblim|Drifblim, M, shiny|100\/100\n|turn|4\n|\n|t:|1698064360\n|move|p1a: Thundurus|Wildbolt Storm|p2a: Drifblim\n|-supereffective|p2a: Drifblim\n|-enditem|p2a: Drifblim|Focus Sash\n|-damage|p2a: Drifblim|1\/100\n|move|p2a: Drifblim|Minimize|p2a: Drifblim\n|-boost|p2a: Drifblim|evasion|2\n|\n|-weather|RainDance|[upkeep]\n|upkeep\n|turn|5\n|\n|t:|1698064363\n|move|p1a: Thundurus|Wildbolt Storm|p2a: Drifblim\n|-supereffective|p2a: Drifblim\n|-damage|p2a: Drifblim|0 fnt\n|faint|p2a: Drifblim\n|\n|-weather|none\n|upkeep\n|\n|t:|1698064365\n|switch|p2a: Drifblim|Drifblim, M, shiny|100\/100\n|turn|6\n|\n|t:|1698064367\n|move|p1a: Thundurus|Rain Dance|p1a: Thundurus\n|-weather|RainDance\n|move|p2a: Drifblim|Minimize|p2a: Drifblim\n|-boost|p2a: Drifblim|evasion|2\n|\n|-weather|RainDance|[upkeep]\n|upkeep\n|turn|7\n|\n|t:|1698064370\n|-terastallize|p2a: Drifblim|Ground\n|move|p1a: Thundurus|Wildbolt Storm|p2a: Drifblim\n|-immune|p2a: Drifblim\n|move|p2a: Drifblim|Minimize|p2a: Drifblim\n|-boost|p2a: Drifblim|evasion|2\n|\n|-weather|RainDance|[upkeep]\n|upkeep\n|turn|8\n|\n|t:|1698064374\n|move|p1a: Thundurus|Acrobatics|p2a: Drifblim\n|-damage|p2a: Drifblim|32\/100\n|move|p2a: Drifblim|Minimize|p2a: Drifblim\n|-boost|p2a: Drifblim|evasion|2\n|\n|-weather|RainDance|[upkeep]\n|upkeep\n|turn|9\n|\n|t:|1698064377\n|move|p1a: Thundurus|Acrobatics|p2a: Drifblim|[miss]\n|-miss|p1a: Thundurus|p2a: Drifblim\n|move|p2a: Drifblim|Baton Pass|p2a: Drifblim\n|\n|t:|1698064381\n|switch|p2a: Clefable|Clefable, M, shiny|100\/100|[from] Baton Pass\n|\n|-weather|RainDance|[upkeep]\n|upkeep\n|turn|10\n|\n|t:|1698064385\n|move|p1a: Thundurus|Wildbolt Storm|p2a: Clefable\n|-damage|p2a: Clefable|62\/100\n|move|p2a: Clefable|Calm Mind|p2a: Clefable\n|-boost|p2a: Clefable|spa|1\n|-boost|p2a: Clefable|spd|1\n|\n|-weather|none\n|-heal|p2a: Clefable|68\/100|[from] item: Leftovers\n|upkeep\n|turn|11\n|\n|t:|1698064390\n|move|p1a: Thundurus|Rain Dance|p1a: Thundurus\n|-weather|RainDance\n|move|p2a: Clefable|Calm Mind|p2a: Clefable\n|-boost|p2a: Clefable|spa|1\n|-boost|p2a: Clefable|spd|1\n|\n|-weather|RainDance|[upkeep]\n|-heal|p2a: Clefable|74\/100|[from] item: Leftovers\n|upkeep\n|turn|12\n|\n|t:|1698064417\n|move|p1a: Thundurus|Wildbolt Storm|p2a: Clefable\n|-damage|p2a: Clefable|53\/100\n|move|p2a: Clefable|Calm Mind|p2a: Clefable\n|-boost|p2a: Clefable|spa|1\n|-boost|p2a: Clefable|spd|1\n|\n|-weather|RainDance|[upkeep]\n|-heal|p2a: Clefable|59\/100|[from] item: Leftovers\n|upkeep\n|turn|13\n|\n|t:|1698064422\n|switch|p1a: Zapdos|Zapdos, shiny|100\/100\n|move|p2a: Clefable|Stored Power|p1a: Zapdos\n|-damage|p1a: Zapdos|0 fnt\n|faint|p1a: Zapdos\n|\n|-weather|RainDance|[upkeep]\n|-heal|p2a: Clefable|65\/100|[from] item: Leftovers\n|upkeep\n|\n|t:|1698064426\n|switch|p1a: Thundurus|Thundurus-Therian, M|100\/100\n|turn|14\n|\n|t:|1698064429\n|move|p1a: Thundurus|Wildbolt Storm|p2a: Clefable\n|-damage|p2a: Clefable|48\/100\n|-status|p2a: Clefable|par\n|cant|p2a: Clefable|par\n|\n|-weather|RainDance|[upkeep]\n|-heal|p2a: Clefable|54\/100 par|[from] item: Leftovers\n|upkeep\n|turn|15\n|\n|t:|1698064437\n|move|p1a: Thundurus|Sludge Bomb|p2a: Clefable\n|-supereffective|p2a: Clefable\n|-damage|p2a: Clefable|35\/100 par\n|move|p2a: Clefable|Calm Mind|p2a: Clefable\n|-boost|p2a: Clefable|spa|1\n|-boost|p2a: Clefable|spd|1\n|\n|-weather|none\n|-heal|p2a: Clefable|41\/100 par|[from] item: Leftovers\n|upkeep\n|turn|16\n|\n|t:|1698064441\n|move|p1a: Thundurus|Sludge Bomb|p2a: Clefable\n|-supereffective|p2a: Clefable\n|-damage|p2a: Clefable|25\/100 par\n|move|p2a: Clefable|Stored Power|p1a: Thundurus\n|-damage|p1a: Thundurus|0 fnt\n|faint|p1a: Thundurus\n|\n|-heal|p2a: Clefable|31\/100 par|[from] item: Leftovers\n|upkeep\n|\n|t:|1698064449\n|switch|p1a: Braviary|Braviary-Hisui, M, shiny|100\/100\n|turn|17\n|\n|t:|1698064454\n|move|p1a: Braviary|Psychic|p2a: Clefable|[miss]\n|-miss|p1a: Braviary|p2a: Clefable\n|move|p2a: Clefable|Moonlight|p2a: Clefable\n|-heal|p2a: Clefable|81\/100 par\n|\n|-heal|p2a: Clefable|87\/100 par|[from] item: Leftovers\n|upkeep\n|turn|18\n|\n|t:|1698064458\n|move|p1a: Braviary|Psychic|p2a: Clefable\n|-damage|p2a: Clefable|67\/100 par\n|cant|p2a: Clefable|par\n|\n|-heal|p2a: Clefable|73\/100 par|[from] item: Leftovers\n|upkeep\n|turn|19\n|\n|t:|1698064469\n|move|p1a: Braviary|Esper Wing|p2a: Clefable\n|-damage|p2a: Clefable|53\/100 par\n|move|p2a: Clefable|Calm Mind|p2a: Clefable\n|-boost|p2a: Clefable|spa|1\n|-boost|p2a: Clefable|spd|1\n|\n|-heal|p2a: Clefable|59\/100 par|[from] item: Leftovers\n|upkeep\n|turn|20\n|\n|t:|1698064479\n|-terastallize|p1a: Braviary|Psychic\n|move|p1a: Braviary|Psychic|p2a: Clefable|[miss]\n|-miss|p1a: Braviary|p2a: Clefable\n|move|p2a: Clefable|Calm Mind|p2a: Clefable\n|-boost|p2a: Clefable|spa|1\n|-boost|p2a: Clefable|spd|1\n|\n|-heal|p2a: Clefable|65\/100 par|[from] item: Leftovers\n|upkeep\n|turn|21\n|\n|t:|1698064484\n|move|p1a: Braviary|Psychic|p2a: Clefable|[miss]\n|-miss|p1a: Braviary|p2a: Clefable\n|move|p2a: Clefable|Moonlight|p2a: Clefable\n|-heal|p2a: Clefable|100\/100 par\n|\n|upkeep\n|turn|22\n|\n|t:|1698064488\n|move|p1a: Braviary|Esper Wing|p2a: Clefable\n|-crit|p2a: Clefable\n|-damage|p2a: Clefable|0 fnt\n|faint|p2a: Clefable\n|\n|upkeep\n|c|\u2606NotWetCheese|what???????\n|inactive|NotWetCheese has 120 seconds left.\n|c|\u2606NotWetCheese|nromal hit: 19%\n|inactive|NotWetCheese has 90 seconds left.\n|c|\u2606Uzumaki and I|Hey ass hole\n|c|\u2606NotWetCheese|asshole?\n|c|\u2606NotWetCheese|says the legendary spammer\n|\n|t:|1698064570\n|switch|p2a: Drifblim|Drifblim, F, shiny|100\/100\n|turn|23\n|\n|t:|1698064574\n|move|p2a: Drifblim|Minimize|p2a: Drifblim\n|-boost|p2a: Drifblim|evasion|2\n|move|p1a: Braviary|Esper Wing|p2a: Drifblim\n|-enditem|p2a: Drifblim|Focus Sash\n|-damage|p2a: Drifblim|1\/100\n|\n|upkeep\n|turn|24\n|\n|t:|1698064580\n|move|p2a: Drifblim|Minimize|p2a: Drifblim\n|-boost|p2a: Drifblim|evasion|2\n|move|p1a: Braviary|Esper Wing|p2a: Drifblim\n|-damage|p2a: Drifblim|0 fnt\n|faint|p2a: Drifblim\n|\n|upkeep\n|inactive|NotWetCheese has 90 seconds left.\n|\n|t:|1698064595\n|switch|p2a: Clefable|Clefable, M, shiny|100\/100\n|turn|25\n|inactive|Uzumaki and I has 120 seconds left.\n|c|\u2606Uzumaki and I|I have 3 legendarys\n|\n|t:|1698064632\n|move|p1a: Braviary|Esper Wing|p2a: Clefable\n|-damage|p2a: Clefable|26\/100\n|move|p2a: Clefable|Calm Mind|p2a: Clefable\n|-boost|p2a: Clefable|spa|1\n|-boost|p2a: Clefable|spd|1\n|\n|upkeep\n|turn|26\n|inactive|NotWetCheese has 90 seconds left.\n|inactive|NotWetCheese has 60 seconds left.\n|c|\u2606NotWetCheese|1 is okay half of your team being legendaries is being a legendary spammer\n|\n|t:|1698064684\n|move|p1a: Braviary|Esper Wing|p2a: Clefable\n|-crit|p2a: Clefable\n|-damage|p2a: Clefable|0 fnt\n|faint|p2a: Clefable\n|\n|upkeep\n|\n|t:|1698064687\n|switch|p2a: Drifblim|Drifblim, M, shiny, tera:Ground|32\/100\n|turn|27\n|c|\u2606Uzumaki and I|Lies\n|\n|t:|1698064695\n|move|p2a: Drifblim|Minimize|p2a: Drifblim\n|-boost|p2a: Drifblim|evasion|2\n|move|p1a: Braviary|Esper Wing|p2a: Drifblim\n|-damage|p2a: Drifblim|0 fnt\n|faint|p2a: Drifblim\n|\n|win|Uzumaki and I\n|raw|Uzumaki and I's rating: 1153 &rarr; <strong>1182<\/strong><br \/>(+29 for winning)\n|raw|NotWetCheese's rating: 1211 &rarr; <strong>1182<\/strong><br \/>(-29 for losing)\n","uploadtime":1698064653,"views":13,"p1id":"uzumakiandi","p2id":"notwetcheese","formatid":"gen9anythinggoes","rating":1182,"private":0,"password":""}