{"id":"gen9anythinggoes-1987753923","p1":"challeneg","p2":"TTV Sickscream28","format":"[Gen 9] Anything Goes","log":"|j|\u2606challeneg\n|j|\u2606TTV Sickscream28\n|t:|1699633856\n|gametype|singles\n|player|p1|challeneg|2|1179\n|player|p2|TTV Sickscream28|169|1430\n|teamsize|p1|6\n|teamsize|p2|6\n|gen|9\n|tier|[Gen 9] Anything Goes\n|rated|\n|rule|HP Percentage Mod: HP is shown in percentages\n|rule|Endless Battle Clause: Forcing endless battles is banned\n|clearpoke\n|poke|p1|Zoroark-Hisui, M|\n|poke|p1|Garchomp, F|\n|poke|p1|Dragonite, F|\n|poke|p1|Groudon|\n|poke|p1|Kleavor, F|\n|poke|p1|Pikachu, M|\n|poke|p2|Calyrex-Shadow|\n|poke|p2|Magearna|\n|poke|p2|Zacian-*|\n|poke|p2|Zamazenta-*|\n|poke|p2|Mewtwo|\n|poke|p2|Arceus-Steel|\n|teampreview\n|inactive|Battle timer is ON: inactive players will automatically lose when time's up. (requested by TTV Sickscream28)\n|inactive|challeneg also wants the timer to be on.\n|c|\u2606challeneg|Hi, I'm doing a challenge where every game my opponent will replace one pokemon on my team. So which pokemon would you like to replace and what so you want to replace it with?\n|\n|t:|1699633882\n|start\n|switch|p1a: Pikachu|Pikachu, M|100\/100\n|switch|p2a: Calyrex|Calyrex-Shadow|100\/100\n|-ability|p2a: Calyrex|As One\n|-ability|p2a: Calyrex|Unnerve\n|turn|1\n|c|\u2606TTV Sickscream28|zoroark with gastly\n|\n|t:|1699633901\n|move|p2a: Calyrex|Dark Pulse|p1a: Pikachu\n|-damage|p1a: Pikachu|6\/100\n|move|p1a: Pikachu|Knock Off|p2a: Calyrex\n|-supereffective|p2a: Calyrex\n|-damage|p2a: Calyrex|0 fnt\n|-enditem|p2a: Calyrex|Expert Belt|[from] move: Knock Off|[of] p1a: Pikachu\n|faint|p2a: Calyrex\n|\n|upkeep\n|c|\u2606challeneg|ok thanks\n|\n|t:|1699633913\n|switch|p2a: Magearna|Magearna|100\/100\n|turn|2\n|\n|t:|1699633920\n|move|p1a: Pikachu|Volt Tackle|p2a: Magearna\n|-damage|p2a: Magearna|40\/100\n|-damage|p1a: Pikachu|0 fnt|[from] Recoil\n|faint|p1a: Pikachu\n|-ability|p2a: Magearna|Soul-Heart|boost\n|-boost|p2a: Magearna|spa|1\n|move|p2a: Magearna|Flash Cannon|p1: Pikachu|[notarget]\n|-fail|p2a: Magearna\n|\n|upkeep\n|\n|t:|1699633927\n|switch|p1a: Kleavor|Kleavor, F|100\/100\n|turn|3\n|\n|t:|1699633931\n|move|p1a: Kleavor|Stone Axe|p2a: Magearna\n|-resisted|p2a: Magearna\n|-damage|p2a: Magearna|17\/100\n|-sidestart|p2: TTV Sickscream28|move: Stealth Rock\n|move|p2a: Magearna|Flash Cannon|p1a: Kleavor\n|-supereffective|p1a: Kleavor\n|-damage|p1a: Kleavor|0 fnt\n|faint|p1a: Kleavor\n|-ability|p2a: Magearna|Soul-Heart|boost\n|-boost|p2a: Magearna|spa|1\n|\n|upkeep\n|\n|t:|1699633947\n|switch|p1a: Garchomp|Garchomp, F|100\/100\n|turn|4\n|\n|t:|1699633953\n|move|p1a: Garchomp|Earthquake|p2a: Magearna\n|-supereffective|p2a: Magearna\n|-crit|p2a: Magearna\n|-damage|p2a: Magearna|0 fnt\n|faint|p2a: Magearna\n|\n|upkeep\n|\n|t:|1699633968\n|switch|p2a: Mewtwo|Mewtwo|100\/100\n|-ability|p2a: Mewtwo|Unnerve\n|-damage|p2a: Mewtwo|88\/100|[from] Stealth Rock\n|turn|5\n|\n|t:|1699633977\n|move|p2a: Mewtwo|Ice Beam|p1a: Garchomp\n|-supereffective|p1a: Garchomp\n|-damage|p1a: Garchomp|0 fnt\n|faint|p1a: Garchomp\n|\n|upkeep\n|\n|t:|1699633980\n|switch|p1a: Dragonite|Dragonite, F|100\/100\n|turn|6\n|\n|t:|1699633983\n|-terastallize|p1a: Dragonite|Steel\n|move|p2a: Mewtwo|Ice Beam|p1a: Dragonite\n|-resisted|p1a: Dragonite\n|-damage|p1a: Dragonite|92\/100\n|move|p1a: Dragonite|Dragon Dance|p1a: Dragonite\n|-boost|p1a: Dragonite|atk|1\n|-boost|p1a: Dragonite|spe|1\n|\n|upkeep\n|turn|7\n|\n|t:|1699633990\n|move|p2a: Mewtwo|Aura Sphere|p1a: Dragonite\n|-supereffective|p1a: Dragonite\n|-damage|p1a: Dragonite|27\/100\n|move|p1a: Dragonite|Iron Head|p2a: Mewtwo\n|-damage|p2a: Mewtwo|14\/100\n|\n|upkeep\n|turn|8\n|\n|t:|1699633998\n|move|p1a: Dragonite|Extreme Speed|p2a: Mewtwo\n|-damage|p2a: Mewtwo|0 fnt\n|faint|p2a: Mewtwo\n|\n|upkeep\n|\n|t:|1699634007\n|switch|p2a: Arceus|Arceus-Steel|100\/100\n|-damage|p2a: Arceus|94\/100|[from] Stealth Rock\n|turn|9\n|\n|t:|1699634016\n|move|p1a: Dragonite|Earthquake|p2a: Arceus\n|-supereffective|p2a: Arceus\n|-damage|p2a: Arceus|0 fnt\n|faint|p2a: Arceus\n|\n|upkeep\n|\n|t:|1699634036\n|switch|p2a: Zacian|Zacian-Crowned|100\/100\n|-damage|p2a: Zacian|94\/100|[from] Stealth Rock\n|-ability|p2a: Zacian|Intrepid Sword|boost\n|-boost|p2a: Zacian|atk|1\n|turn|10\n|\n|t:|1699634044\n|-terastallize|p2a: Zacian|Psychic\n|move|p2a: Zacian|Close Combat|p1a: Dragonite\n|-supereffective|p1a: Dragonite\n|-damage|p1a: Dragonite|0 fnt\n|-unboost|p2a: Zacian|def|1\n|-unboost|p2a: Zacian|spd|1\n|faint|p1a: Dragonite\n|\n|upkeep\n|\n|t:|1699634051\n|switch|p1a: Groudon|Groudon|100\/100\n|-weather|SunnyDay|[from] ability: Drought|[of] p1a: Groudon\n|turn|11\n|\n|t:|1699634075\n|move|p2a: Zacian|Psychic Fangs|p1a: Groudon\n|-damage|p1a: Groudon|42\/100\n|move|p1a: Groudon|Precipice Blades|p2a: Zacian\n|-damage|p2a: Zacian|0 fnt\n|faint|p2a: Zacian\n|\n|-weather|SunnyDay|[upkeep]\n|upkeep\n|\n|t:|1699634078\n|switch|p2a: Zamazenta|Zamazenta-Crowned|100\/100\n|-damage|p2a: Zamazenta|97\/100|[from] Stealth Rock\n|-ability|p2a: Zamazenta|Dauntless Shield|boost\n|-boost|p2a: Zamazenta|def|1\n|turn|12\n|\n|t:|1699634082\n|move|p1a: Groudon|Precipice Blades|p2a: Zamazenta\n|-supereffective|p2a: Zamazenta\n|-damage|p2a: Zamazenta|38\/100\n|move|p2a: Zamazenta|Body Press|p1a: Groudon\n|-damage|p1a: Groudon|4\/100\n|\n|-weather|SunnyDay|[upkeep]\n|upkeep\n|turn|13\n|\n|t:|1699634087\n|move|p1a: Groudon|Precipice Blades|p2a: Zamazenta\n|-supereffective|p2a: Zamazenta\n|-damage|p2a: Zamazenta|0 fnt\n|faint|p2a: Zamazenta\n|\n|win|challeneg\n|raw|challeneg's rating: 1179 &rarr; <strong>1219<\/strong><br \/>(+40 for winning)\n|raw|TTV Sickscream28's rating: 1430 &rarr; <strong>1398<\/strong><br \/>(-32 for losing)\n|c|\u2606challeneg|GG\n|l|\u2606TTV Sickscream28\n|l|\u2606challeneg\n|j| theonewhom\n","uploadtime":1699634592,"views":4,"p1id":"challeneg","p2id":"ttvsickscream28","formatid":"gen9anythinggoes","rating":1219,"private":0,"password":""}