{"id":"gen9anythinggoes-1988158252","p1":"Dreezy peezy","p2":"Blade Z Knights","format":"[Gen 9] Anything Goes","log":"|j|\u2606Dreezy peezy\n|j|\u2606Blade Z Knights\n|t:|1699677131\n|gametype|singles\n|player|p1|Dreezy peezy|hilda-wonderlauncher|1346\n|player|p2|Blade Z Knights|giovanni|1286\n|teamsize|p1|6\n|teamsize|p2|6\n|gen|9\n|tier|[Gen 9] Anything Goes\n|rated|\n|rule|HP Percentage Mod: HP is shown in percentages\n|rule|Endless Battle Clause: Forcing endless battles is banned\n|clearpoke\n|poke|p1|Raichu, M|\n|poke|p1|Scizor, M|\n|poke|p1|Walking Wake|\n|poke|p1|Ceruledge, M|\n|poke|p1|Great Tusk|\n|poke|p1|Ogerpon-Cornerstone, F|\n|poke|p2|Calyrex-Ice|\n|poke|p2|Dialga|\n|poke|p2|Palafin, F|\n|poke|p2|Glimmora, F|\n|poke|p2|Sinistcha-Masterpiece|\n|poke|p2|Zoroark-Hisui, F|\n|teampreview\n|inactive|Battle timer is ON: inactive players will automatically lose when time's up. (requested by Blade Z Knights)\n|c|\u2606Dreezy peezy|glhf\n|\n|t:|1699677145\n|start\n|switch|p1a: Great Tusk|Great Tusk|100\/100\n|switch|p2a: Sinistcha|Sinistcha-Masterpiece|100\/100\n|-enditem|p1a: Great Tusk|Booster Energy\n|-activate|p1a: Great Tusk|ability: Protosynthesis|[fromitem]\n|-start|p1a: Great Tusk|protosynthesisatk\n|turn|1\n|\n|t:|1699677154\n|-end|p1a: Great Tusk|Protosynthesis|[silent]\n|switch|p1a: Scizor|Scizor, M|100\/100\n|move|p2a: Sinistcha|Will-O-Wisp|p1a: Scizor|[miss]\n|-miss|p2a: Sinistcha|p1a: Scizor\n|\n|upkeep\n|turn|2\n|\n|t:|1699677161\n|switch|p1a: Ceruledge|Ceruledge, M|100\/100\n|move|p2a: Sinistcha|Will-O-Wisp|p1a: Ceruledge\n|-immune|p1a: Ceruledge\n|\n|upkeep\n|turn|3\n|\n|t:|1699677173\n|move|p1a: Ceruledge|Shadow Sneak|p2a: Sinistcha\n|-immune|p2a: Sinistcha\n|move|p2a: Sinistcha|Shadow Ball|p1a: Ceruledge\n|-supereffective|p1a: Ceruledge\n|-damage|p1a: Ceruledge|3\/100\n|-unboost|p1a: Ceruledge|spd|1\n|-enditem|p1a: Ceruledge|White Herb\n|-clearnegativeboost|p1a: Ceruledge|[silent]\n|\n|upkeep\n|turn|4\n|\n|t:|1699677185\n|move|p2a: Sinistcha|Shadow Ball|p1a: Ceruledge\n|-supereffective|p1a: Ceruledge\n|-damage|p1a: Ceruledge|0 fnt\n|faint|p1a: Ceruledge\n|\n|upkeep\n|\n|t:|1699677202\n|switch|p1a: Raichu|Raichu, M|100\/100\n|turn|5\n|\n|t:|1699677209\n|move|p2a: Sinistcha|U-turn|p1a: Raichu\n|-damage|p1a: Raichu|71\/100\n|\n|t:|1699677216\n|switch|p2a: Glimmora|Glimmora, F|100\/100|[from] U-turn\n|move|p1a: Raichu|Volt Tackle|p2a: Glimmora\n|-damage|p2a: Glimmora|13\/100\n|-activate|p2a: Glimmora|ability: Toxic Debris\n|-sidestart|p1: Dreezy peezy|move: Toxic Spikes\n|-damage|p1a: Raichu|37\/100|[from] Recoil\n|\n|upkeep\n|turn|6\n|\n|t:|1699677228\n|move|p1a: Raichu|Volt Tackle|p2a: Glimmora\n|-damage|p2a: Glimmora|0 fnt\n|-activate|p2a: Glimmora|ability: Toxic Debris\n|-sidestart|p1: Dreezy peezy|move: Toxic Spikes\n|faint|p2a: Glimmora\n|-damage|p1a: Raichu|32\/100|[from] Recoil\n|\n|upkeep\n|\n|t:|1699677238\n|switch|p2a: Dialga|Dialga|100\/100\n|-ability|p2a: Dialga|Pressure\n|turn|7\n|\n|t:|1699677244\n|move|p1a: Raichu|Volt Tackle|p2a: Dialga\n|-resisted|p2a: Dialga\n|-damage|p2a: Dialga|77\/100\n|-damage|p1a: Raichu|20\/100|[from] Recoil\n|move|p2a: Dialga|Stealth Rock|p1a: Raichu\n|-sidestart|p1: Dreezy peezy|move: Stealth Rock\n|\n|upkeep\n|turn|8\n|\n|t:|1699677253\n|move|p1a: Raichu|Volt Tackle|p2a: Dialga\n|-resisted|p2a: Dialga\n|-damage|p2a: Dialga|54\/100\n|-damage|p1a: Raichu|9\/100|[from] Recoil\n|move|p2a: Dialga|Trick Room|p2a: Dialga\n|-fieldstart|move: Trick Room|[of] p2a: Dialga\n|\n|upkeep\n|turn|9\n|\n|t:|1699677267\n|move|p2a: Dialga|Stealth Rock||[still]\n|-fail|p2a: Dialga\n|move|p1a: Raichu|Volt Tackle|p2a: Dialga\n|-resisted|p2a: Dialga\n|-damage|p2a: Dialga|34\/100\n|-damage|p1a: Raichu|0 fnt|[from] Recoil\n|faint|p1a: Raichu\n|\n|upkeep\n|\n|t:|1699677272\n|switch|p1a: Great Tusk|Great Tusk|100\/100\n|-status|p1a: Great Tusk|tox\n|-damage|p1a: Great Tusk|98\/100 tox|[from] Stealth Rock\n|turn|10\n|\n|t:|1699677287\n|switch|p2a: Palafin|Palafin, F|100\/100\n|move|p1a: Great Tusk|Rapid Spin|p2a: Palafin\n|-damage|p2a: Palafin|73\/100\n|-boost|p1a: Great Tusk|spe|1\n|-sideend|p1: Dreezy peezy|Toxic Spikes|[from] move: Rapid Spin|[of] p1a: Great Tusk\n|-sideend|p1: Dreezy peezy|Stealth Rock|[from] move: Rapid Spin|[of] p1a: Great Tusk\n|\n|-damage|p1a: Great Tusk|91\/100 tox|[from] psn\n|upkeep\n|turn|11\n|\n|t:|1699677300\n|move|p1a: Great Tusk|Brick Break|p2a: Palafin\n|-damage|p2a: Palafin|12\/100\n|move|p2a: Palafin|Flip Turn|p1a: Great Tusk\n|-supereffective|p1a: Great Tusk\n|-damage|p1a: Great Tusk|51\/100 tox\n|\n|t:|1699677311\n|detailschange|p2a: Palafin|Palafin-Hero, F\n|switch|p2a: Sinistcha|Sinistcha-Masterpiece|100\/100|[from] Flip Turn\n|\n|-damage|p1a: Great Tusk|38\/100 tox|[from] psn\n|upkeep\n|turn|12\n|\n|t:|1699677321\n|move|p2a: Sinistcha|Matcha Gotcha|p1a: Great Tusk\n|-supereffective|p1a: Great Tusk\n|-damage|p1a: Great Tusk|0 fnt\n|faint|p1a: Great Tusk\n|-end|p1a: Great Tusk|Protosynthesis|[silent]\n|\n|-fieldend|move: Trick Room\n|upkeep\n|\n|t:|1699677324\n|switch|p1a: Scizor|Scizor, M|100\/100\n|turn|13\n|\n|t:|1699677333\n|move|p1a: Scizor|Bug Bite|p2a: Sinistcha\n|-damage|p2a: Sinistcha|55\/100\n|move|p2a: Sinistcha|Trick Room|p2a: Sinistcha\n|-fieldstart|move: Trick Room|[of] p2a: Sinistcha\n|\n|-heal|p2a: Sinistcha|61\/100|[from] item: Leftovers\n|upkeep\n|turn|14\n|\n|t:|1699677343\n|move|p1a: Scizor|Bullet Punch|p2a: Sinistcha\n|-damage|p2a: Sinistcha|27\/100\n|move|p2a: Sinistcha|Scald|p1a: Scizor\n|-damage|p1a: Scizor|70\/100\n|\n|-heal|p2a: Sinistcha|33\/100|[from] item: Leftovers\n|upkeep\n|turn|15\n|\n|t:|1699677352\n|move|p1a: Scizor|Bullet Punch|p2a: Sinistcha\n|-damage|p2a: Sinistcha|3\/100\n|move|p2a: Sinistcha|Strength Sap|p1a: Scizor\n|-unboost|p1a: Scizor|atk|1\n|-heal|p2a: Sinistcha|100\/100\n|\n|upkeep\n|turn|16\n|\n|t:|1699677364\n|move|p1a: Scizor|Swords Dance|p1a: Scizor\n|-boost|p1a: Scizor|atk|2\n|move|p2a: Sinistcha|Matcha Gotcha|p1a: Scizor\n|-resisted|p1a: Scizor\n|-damage|p1a: Scizor|60\/100\n|\n|upkeep\n|turn|17\n|\n|t:|1699677375\n|move|p1a: Scizor|Bug Bite|p2a: Sinistcha\n|-damage|p2a: Sinistcha|34\/100\n|move|p2a: Sinistcha|Scald|p1a: Scizor\n|-damage|p1a: Scizor|32\/100\n|\n|-heal|p2a: Sinistcha|40\/100|[from] item: Leftovers\n|-fieldend|move: Trick Room\n|upkeep\n|turn|18\n|\n|t:|1699677384\n|move|p1a: Scizor|Bullet Punch|p2a: Sinistcha\n|-damage|p2a: Sinistcha|0 fnt\n|faint|p2a: Sinistcha\n|\n|upkeep\n|\n|t:|1699677390\n|switch|p2a: Dialga|Dialga|34\/100\n|-ability|p2a: Dialga|Pressure\n|turn|19\n|\n|t:|1699677403\n|move|p1a: Scizor|Aerial Ace|p2a: Dialga\n|-resisted|p2a: Dialga\n|-damage|p2a: Dialga|17\/100\n|move|p2a: Dialga|Trick Room|p2a: Dialga\n|-fieldstart|move: Trick Room|[of] p2a: Dialga\n|\n|upkeep\n|turn|20\n|\n|t:|1699677412\n|move|p1a: Scizor|Bullet Punch|p2a: Dialga\n|-resisted|p2a: Dialga\n|-damage|p2a: Dialga|0 fnt\n|faint|p2a: Dialga\n|\n|upkeep\n|\n|t:|1699677418\n|switch|p2a: Calyrex|Calyrex-Ice|100\/100\n|-ability|p2a: Calyrex|As One\n|-ability|p2a: Calyrex|Unnerve\n|turn|21\n|\n|t:|1699677427\n|-terastallize|p2a: Calyrex|Fire\n|move|p1a: Scizor|Bullet Punch|p2a: Calyrex\n|-resisted|p2a: Calyrex\n|-damage|p2a: Calyrex|85\/100\n|move|p2a: Calyrex|Tera Blast|p1a: Scizor|[anim] Tera Blast Fire\n|-supereffective|p1a: Scizor\n|-damage|p1a: Scizor|0 fnt\n|faint|p1a: Scizor\n|-ability|p2a: Calyrex|Chilling Neigh|boost\n|-boost|p2a: Calyrex|atk|1\n|\n|upkeep\n|\n|t:|1699677438\n|switch|p1a: Ogerpon|Ogerpon-Cornerstone, F|100\/100\n|turn|22\n|\n|t:|1699677451\n|-terastallize|p1a: Ogerpon|Rock\n|detailschange|p1a: Ogerpon|Ogerpon-Cornerstone-Tera, F, tera:Rock\n|-ability|p1a: Ogerpon|Embody Aspect (Cornerstone)|boost\n|-boost|p1a: Ogerpon|def|1\n|move|p2a: Calyrex|Heavy Slam|p1a: Ogerpon\n|-supereffective|p1a: Ogerpon\n|-damage|p1a: Ogerpon|0 fnt\n|faint|p1a: Ogerpon\n|-ability|p2a: Calyrex|Chilling Neigh|boost\n|-boost|p2a: Calyrex|atk|1\n|\n|upkeep\n|\n|t:|1699677457\n|switch|p1a: Walking Wake|Walking Wake|100\/100\n|-enditem|p1a: Walking Wake|Booster Energy\n|-activate|p1a: Walking Wake|ability: Protosynthesis|[fromitem]\n|-start|p1a: Walking Wake|protosynthesisspa\n|turn|23\n|\n|t:|1699677472\n|move|p2a: Calyrex|Glacial Lance|p1a: Walking Wake\n|-damage|p1a: Walking Wake|0 fnt\n|faint|p1a: Walking Wake\n|-end|p1a: Walking Wake|Protosynthesis|[silent]\n|\n|win|Blade Z Knights\n|raw|Dreezy peezy's rating: 1346 &rarr; <strong>1323<\/strong><br \/>(-23 for losing)\n|raw|Blade Z Knights's rating: 1286 &rarr; <strong>1315<\/strong><br \/>(+29 for winning)\n|c|\u2606Dreezy peezy|damn gg\n|l|\u2606Dreezy peezy\n|c|\u2606Blade Z Knights|Gg\n","uploadtime":1699677493,"views":15,"p1id":"dreezypeezy","p2id":"bladezknights","formatid":"gen9anythinggoes","rating":1315,"private":0,"password":""}