{"id":"gen9anythinggoes-1973502524","p1":"Red_Ice_Games","p2":"Hzozv","format":"[Gen 9] Anything Goes","log":"|j|\u2606Red_Ice_Games\n|j|\u2606Hzozv\n|t:|1697984489\n|gametype|singles\n|player|p1|Red_Ice_Games|psychic|1342\n|player|p2|Hzozv|lusamine-nihilego|1403\n|teamsize|p1|6\n|teamsize|p2|6\n|gen|9\n|tier|[Gen 9] Anything Goes\n|rated|\n|rule|HP Percentage Mod: HP is shown in percentages\n|rule|Endless Battle Clause: Forcing endless battles is banned\n|clearpoke\n|poke|p1|Cyclizar, F|\n|poke|p1|Weavile, M|\n|poke|p1|Espeon, M|\n|poke|p1|Jolteon, F|\n|poke|p1|Quaquaval, F|\n|poke|p1|Oricorio-Sensu, F|\n|poke|p2|Glimmora, M|\n|poke|p2|Miraidon|\n|poke|p2|Koraidon|\n|poke|p2|Iron Bundle|\n|poke|p2|Great Tusk|\n|poke|p2|Ditto|\n|teampreview\n|inactive|Battle timer is ON: inactive players will automatically lose when time's up. (requested by Hzozv)\n|\n|t:|1697984502\n|start\n|switch|p1a: Czar|Cyclizar, F|100\/100\n|switch|p2a: Ditto|Ditto|100\/100\n|-transform|p2a: Ditto|p1a: Czar|[from] ability: Imposter\n|turn|1\n|\n|t:|1697984517\n|-terastallize|p1a: Czar|Steel\n|move|p2a: Ditto|Shed Tail|p2a: Ditto\n|-start|p2a: Ditto|Substitute|[from] move: Shed Tail\n|-damage|p2a: Ditto|50\/100\n|\n|t:|1697984529\n|switch|p2a: Koraidon|Koraidon|100\/100|[from] Shed Tail\n|-weather|SunnyDay|[from] ability: Orichalcum Pulse|[of] p2a: Koraidon\n|-activate|p2a: Koraidon|Orichalcum Pulse|[source]\n|move|p1a: Czar|Shift Gear|p1a: Czar\n|-boost|p1a: Czar|spe|2\n|-boost|p1a: Czar|atk|1\n|\n|-weather|SunnyDay|[upkeep]\n|upkeep\n|turn|2\n|\n|t:|1697984541\n|-terastallize|p2a: Koraidon|Fire\n|move|p1a: Czar|Shed Tail|p1a: Czar\n|-start|p1a: Czar|Substitute|[from] move: Shed Tail\n|-damage|p1a: Czar|50\/100\n|\n|t:|1697984545\n|switch|p1a: Weavile|Weavile, M|100\/100|[from] Shed Tail\n|move|p2a: Koraidon|Flare Blitz|p1a: Weavile\n|-supereffective|p1a: Weavile\n|-end|p1a: Weavile|Substitute\n|-damage|p2a: Koraidon|94\/100|[from] Recoil|[of] p1a: Weavile\n|\n|-weather|SunnyDay|[upkeep]\n|upkeep\n|turn|3\n|\n|t:|1697984554\n|move|p2a: Koraidon|Flare Blitz|p1a: Weavile\n|-supereffective|p1a: Weavile\n|-enditem|p1a: Weavile|Focus Sash\n|-damage|p1a: Weavile|1\/100\n|-damage|p2a: Koraidon|67\/100|[from] Recoil\n|-enditem|p2a: Koraidon|Choice Scarf|[silent]|[from] ability: Pickpocket|[of] p2a: Koraidon\n|-item|p1a: Weavile|Choice Scarf|[from] ability: Pickpocket|[of] p2a: Koraidon\n|move|p1a: Weavile|Knock Off|p2a: Koraidon\n|-end|p2a: Koraidon|Substitute\n|\n|-weather|SunnyDay|[upkeep]\n|upkeep\n|turn|4\n|\n|t:|1697984567\n|move|p1a: Weavile|Knock Off|p2a: Koraidon\n|-damage|p2a: Koraidon|40\/100\n|move|p2a: Koraidon|U-turn|p1a: Weavile\n|-supereffective|p1a: Weavile\n|-damage|p1a: Weavile|0 fnt\n|faint|p1a: Weavile\n|\n|t:|1697984583\n|switch|p2a: Miraidon|Miraidon|100\/100|[from] U-turn\n|-fieldstart|move: Electric Terrain|[from] ability: Hadron Engine|[of] p2a: Miraidon\n|\n|-weather|SunnyDay|[upkeep]\n|upkeep\n|\n|t:|1697984591\n|switch|p1a: Czar|Cyclizar, F, tera:Steel|83\/100\n|turn|5\n|\n|t:|1697984596\n|switch|p1a: Ohm-Nom|Jolteon, F|100\/100\n|move|p2a: Miraidon|Volt Switch|p1a: Ohm-Nom\n|-immune|p1a: Ohm-Nom|[from] ability: Volt Absorb\n|\n|-weather|none\n|upkeep\n|turn|6\n|\n|t:|1697984604\n|switch|p2a: Glimmora|Glimmora, M|100\/100\n|move|p1a: Ohm-Nom|Baton Pass|p1a: Ohm-Nom\n|\n|t:|1697984608\n|switch|p1a: Czar|Cyclizar, F, tera:Steel|100\/100|[from] Baton Pass\n|\n|upkeep\n|turn|7\n|\n|t:|1697984613\n|move|p1a: Czar|Shed Tail|p1a: Czar\n|-start|p1a: Czar|Substitute|[from] move: Shed Tail\n|-damage|p1a: Czar|50\/100\n|\n|t:|1697984615\n|switch|p1a: Sharingan|Espeon, M|100\/100|[from] Shed Tail\n|move|p2a: Glimmora|Earth Power|p1a: Sharingan\n|-end|p1a: Sharingan|Substitute\n|\n|upkeep\n|turn|8\n|\n|t:|1697984622\n|move|p1a: Sharingan|Psychic|p2a: Glimmora\n|-supereffective|p2a: Glimmora\n|-damage|p2a: Glimmora|0 fnt\n|faint|p2a: Glimmora\n|\n|-fieldend|move: Electric Terrain\n|upkeep\n|\n|t:|1697984632\n|switch|p2a: Koraidon|Koraidon, tera:Fire|40\/100\n|-weather|SunnyDay|[from] ability: Orichalcum Pulse|[of] p2a: Koraidon\n|-activate|p2a: Koraidon|Orichalcum Pulse|[source]\n|turn|9\n|\n|t:|1697984638\n|move|p2a: Koraidon|U-turn|p1a: Sharingan\n|-supereffective|p1a: Sharingan\n|-enditem|p1a: Sharingan|Focus Sash\n|-damage|p1a: Sharingan|1\/100\n|\n|t:|1697984647\n|switch|p2a: Ditto|Ditto|83\/100|[from] U-turn\n|-transform|p2a: Ditto|p1a: Sharingan|[from] ability: Imposter\n|move|p1a: Sharingan|Psychic|p2a: Ditto\n|-resisted|p2a: Ditto\n|-damage|p2a: Ditto|55\/100\n|\n|-weather|SunnyDay|[upkeep]\n|upkeep\n|turn|10\n|\n|t:|1697984676\n|move|p2a: Ditto|Baton Pass|p2a: Ditto\n|\n|t:|1697984678\n|switch|p2a: Miraidon|Miraidon|100\/100|[from] Baton Pass\n|-fieldstart|move: Electric Terrain|[from] ability: Hadron Engine|[of] p2a: Miraidon\n|move|p1a: Sharingan|Psychic|p2a: Miraidon\n|-damage|p2a: Miraidon|61\/100\n|\n|-weather|SunnyDay|[upkeep]\n|upkeep\n|turn|11\n|\n|t:|1697984688\n|move|p2a: Miraidon|Solar Beam||[still]\n|-prepare|p2a: Miraidon|Solar Beam\n|-anim|p2a: Miraidon|Solar Beam|p1a: Sharingan\n|-damage|p1a: Sharingan|0 fnt\n|faint|p1a: Sharingan\n|\n|-weather|SunnyDay|[upkeep]\n|upkeep\n|\n|t:|1697984697\n|switch|p1a: Czar|Cyclizar, F, tera:Steel|83\/100\n|turn|12\n|\n|t:|1697984705\n|switch|p2a: Iron Bundle|Iron Bundle|100\/100\n|-activate|p2a: Iron Bundle|ability: Quark Drive\n|-start|p2a: Iron Bundle|quarkdrivespe\n|move|p1a: Czar|Shift Gear|p1a: Czar\n|-boost|p1a: Czar|spe|2\n|-boost|p1a: Czar|atk|1\n|\n|-weather|SunnyDay|[upkeep]\n|-heal|p1a: Czar|89\/100|[from] item: Leftovers\n|upkeep\n|turn|13\n|\n|t:|1697984724\n|move|p1a: Czar|Shift Gear|p1a: Czar\n|-boost|p1a: Czar|spe|2\n|-boost|p1a: Czar|atk|1\n|move|p2a: Iron Bundle|Hydro Pump|p1a: Czar|[miss]\n|-miss|p2a: Iron Bundle|p1a: Czar\n|\n|-weather|none\n|-heal|p1a: Czar|96\/100|[from] item: Leftovers\n|upkeep\n|turn|14\n|\n|t:|1697984732\n|move|p1a: Czar|Iron Head|p2a: Iron Bundle\n|-damage|p2a: Iron Bundle|23\/100\n|move|p2a: Iron Bundle|Encore|p1a: Czar\n|-start|p1a: Czar|Encore\n|\n|-heal|p1a: Czar|100\/100|[from] item: Leftovers\n|-fieldend|move: Electric Terrain\n|-end|p2a: Iron Bundle|Quark Drive\n|upkeep\n|turn|15\n|\n|t:|1697984739\n|move|p1a: Czar|Iron Head|p2a: Iron Bundle\n|-damage|p2a: Iron Bundle|0 fnt\n|faint|p2a: Iron Bundle\n|-end|p2a: Iron Bundle|Quark Drive|[silent]\n|\n|upkeep\n|\n|t:|1697984745\n|switch|p2a: Ditto|Ditto|55\/100\n|-transform|p2a: Ditto|p1a: Czar|[from] ability: Imposter\n|turn|16\n|inactive|Hzozv has 120 seconds left.\n|\n|t:|1697984780\n|move|p2a: Ditto|Dragon Claw|p1a: Czar\n|-resisted|p1a: Czar\n|-damage|p1a: Czar|46\/100\n|move|p1a: Czar|Iron Head|p2a: Ditto\n|-damage|p2a: Ditto|0 fnt\n|faint|p2a: Ditto\n|\n|-heal|p1a: Czar|52\/100|[from] item: Leftovers\n|upkeep\n|\n|t:|1697984789\n|switch|p2a: Great Tusk|Great Tusk|100\/100\n|turn|17\n|inactive|Hzozv has 120 seconds left.\n|\n|t:|1697984797\n|switch|p1a: Asian Twitter|Oricorio-Sensu, F|100\/100\n|-end|p2a: Great Tusk|Protosynthesis|[silent]\n|switch|p2a: Koraidon|Koraidon, tera:Fire|40\/100\n|-weather|SunnyDay|[from] ability: Orichalcum Pulse|[of] p2a: Koraidon\n|-activate|p2a: Koraidon|Orichalcum Pulse|[source]\n|\n|-weather|SunnyDay|[upkeep]\n|upkeep\n|turn|18\n|inactive|Hzozv has 120 seconds left.\n|\n|t:|1697984822\n|move|p2a: Koraidon|Flare Blitz|p1a: Asian Twitter\n|-enditem|p1a: Asian Twitter|Focus Sash\n|-damage|p1a: Asian Twitter|1\/100\n|-damage|p2a: Koraidon|12\/100|[from] Recoil\n|move|p1a: Asian Twitter|Revelation Dance|p2a: Koraidon\n|-damage|p2a: Koraidon|0 fnt\n|faint|p2a: Koraidon\n|\n|-weather|SunnyDay|[upkeep]\n|upkeep\n|\n|t:|1697984834\n|switch|p2a: Miraidon|Miraidon|61\/100\n|-fieldstart|move: Electric Terrain|[from] ability: Hadron Engine|[of] p2a: Miraidon\n|turn|19\n|\n|t:|1697984843\n|switch|p1a: Ohm-Nom|Jolteon, F|100\/100\n|move|p2a: Miraidon|Solar Beam||[still]\n|-prepare|p2a: Miraidon|Solar Beam\n|-anim|p2a: Miraidon|Solar Beam|p1a: Ohm-Nom\n|-crit|p1a: Ohm-Nom\n|-enditem|p1a: Ohm-Nom|Focus Sash\n|-damage|p1a: Ohm-Nom|1\/100\n|\n|-weather|SunnyDay|[upkeep]\n|upkeep\n|turn|20\n|\n|t:|1697984852\n|switch|p1a: Czar|Cyclizar, F, tera:Steel|85\/100\n|move|p2a: Miraidon|Solar Beam||[still]\n|-prepare|p2a: Miraidon|Solar Beam\n|-anim|p2a: Miraidon|Solar Beam|p1a: Czar\n|-resisted|p1a: Czar\n|-damage|p1a: Czar|9\/100\n|\n|-weather|SunnyDay|[upkeep]\n|-heal|p1a: Czar|15\/100|[from] item: Leftovers\n|upkeep\n|turn|21\n|inactive|Hzozv has 120 seconds left.\n|\n|t:|1697984863\n|switch|p1a: Asian Twitter|Oricorio-Sensu, F|1\/100\n|move|p2a: Miraidon|Solar Beam||[still]\n|-prepare|p2a: Miraidon|Solar Beam\n|-anim|p2a: Miraidon|Solar Beam|p1a: Asian Twitter\n|-resisted|p1a: Asian Twitter\n|-damage|p1a: Asian Twitter|0 fnt\n|faint|p1a: Asian Twitter\n|\n|-weather|none\n|upkeep\n|\n|t:|1697984865\n|switch|p1a: Czar|Cyclizar, F, tera:Steel|48\/100\n|turn|22\n|\n|t:|1697984873\n|switch|p2a: Great Tusk|Great Tusk|100\/100\n|switch|p1a: Ohm-Nom|Jolteon, F|1\/100\n|\n|upkeep\n|turn|23\n|\n|t:|1697984880\n|move|p1a: Ohm-Nom|Tera Blast|p2a: Great Tusk\n|-damage|p2a: Great Tusk|60\/100\n|move|p2a: Great Tusk|Ice Spinner|p1a: Ohm-Nom\n|-damage|p1a: Ohm-Nom|0 fnt\n|-fieldend|move: Electric Terrain\n|faint|p1a: Ohm-Nom\n|\n|upkeep\n|\n|t:|1697984885\n|switch|p1a: He Just Like Me fr|Quaquaval, F|100\/100\n|turn|24\n|\n|t:|1697984895\n|move|p2a: Great Tusk|Headlong Rush|p1a: He Just Like Me fr\n|-damage|p1a: He Just Like Me fr|14\/100\n|-unboost|p2a: Great Tusk|def|1\n|-unboost|p2a: Great Tusk|spd|1\n|move|p1a: He Just Like Me fr|Aqua Step|p2a: Great Tusk\n|-supereffective|p2a: Great Tusk\n|-damage|p2a: Great Tusk|0 fnt\n|-boost|p1a: He Just Like Me fr|spe|1\n|faint|p2a: Great Tusk\n|-end|p2a: Great Tusk|Protosynthesis|[silent]\n|-ability|p1a: He Just Like Me fr|Moxie|boost\n|-boost|p1a: He Just Like Me fr|atk|1\n|\n|upkeep\n|\n|t:|1697984906\n|switch|p2a: Miraidon|Miraidon|61\/100\n|-fieldstart|move: Electric Terrain|[from] ability: Hadron Engine|[of] p2a: Miraidon\n|turn|25\n|\n|t:|1697984911\n|move|p2a: Miraidon|Electro Drift|p1a: He Just Like Me fr\n|-supereffective|p1a: He Just Like Me fr\n|-damage|p1a: He Just Like Me fr|0 fnt\n|faint|p1a: He Just Like Me fr\n|\n|upkeep\n|\n|t:|1697984912\n|switch|p1a: Czar|Cyclizar, F, tera:Steel|81\/100\n|turn|26\n|\n|t:|1697984938\n|move|p2a: Miraidon|Electro Drift|p1a: Czar\n|-damage|p1a: Czar|0 fnt\n|faint|p1a: Czar\n|\n|win|Hzozv\n|raw|Red_Ice_Games's rating: 1342 &rarr; <strong>1325<\/strong><br \/>(-17 for losing)\n|raw|Hzozv's rating: 1403 &rarr; <strong>1420<\/strong><br \/>(+17 for winning)\n","uploadtime":1697984946,"views":12,"p1id":"redicegames","p2id":"hzozv","formatid":"gen9anythinggoes","rating":1325,"private":0,"password":""}