{"id":"gen9anythinggoes-1974376791","p1":"itinghaystack","p2":"Slow gymleader","format":"[Gen 9] Anything Goes","log":"|j|\u2606itinghaystack\n|j|\u2606Slow gymleader\n|t:|1698082118\n|gametype|singles\n|player|p1|itinghaystack|harlequin|1181\n|player|p2|Slow gymleader|riley|1155\n|teamsize|p1|6\n|teamsize|p2|6\n|gen|9\n|tier|[Gen 9] Anything Goes\n|rated|\n|rule|HP Percentage Mod: HP is shown in percentages\n|rule|Endless Battle Clause: Forcing endless battles is banned\n|clearpoke\n|poke|p1|Garchomp, F|\n|poke|p1|Cloyster, M|\n|poke|p1|Ditto|\n|poke|p1|Dudunsparce-*, F|\n|poke|p1|Calyrex-Shadow|\n|poke|p1|Mewtwo|\n|poke|p2|Kommo-o, M|\n|poke|p2|Chandelure, F|\n|poke|p2|Lokix, F|\n|poke|p2|Glimmora, M|\n|poke|p2|Darkrai|\n|poke|p2|Electrode-Hisui|\n|teampreview\n|\n|t:|1698082130\n|start\n|switch|p1a: Dudunsparce|Dudunsparce-Three-Segment, F|100\/100\n|switch|p2a: Electrode|Electrode-Hisui|100\/100\n|turn|1\n|\n|t:|1698082149\n|move|p2a: Electrode|Leech Seed|p1a: Dudunsparce|[miss]\n|-miss|p2a: Electrode|p1a: Dudunsparce\n|move|p1a: Dudunsparce|Coil|p1a: Dudunsparce\n|-boost|p1a: Dudunsparce|atk|1\n|-boost|p1a: Dudunsparce|def|1\n|-boost|p1a: Dudunsparce|accuracy|1\n|\n|upkeep\n|turn|2\n|\n|t:|1698082157\n|move|p2a: Electrode|Leech Seed|p1a: Dudunsparce\n|-start|p1a: Dudunsparce|move: Leech Seed\n|move|p1a: Dudunsparce|Coil|p1a: Dudunsparce\n|-boost|p1a: Dudunsparce|atk|1\n|-boost|p1a: Dudunsparce|def|1\n|-boost|p1a: Dudunsparce|accuracy|1\n|\n|-damage|p1a: Dudunsparce|88\/100|[from] Leech Seed|[of] p2a: Electrode\n|upkeep\n|turn|3\n|\n|t:|1698082163\n|move|p2a: Electrode|Thunder|p1a: Dudunsparce\n|-damage|p1a: Dudunsparce|64\/100\n|-status|p1a: Dudunsparce|par\n|cant|p1a: Dudunsparce|par\n|\n|-heal|p1a: Dudunsparce|70\/100 par|[from] item: Leftovers\n|-damage|p1a: Dudunsparce|58\/100 par|[from] Leech Seed|[of] p2a: Electrode\n|upkeep\n|turn|4\n|\n|t:|1698082195\n|move|p2a: Electrode|Chloroblast|p1a: Dudunsparce\n|-damage|p1a: Dudunsparce|21\/100 par\n|-damage|p2a: Electrode|50\/100|[from] Recoil\n|move|p1a: Dudunsparce|Agility|p1a: Dudunsparce\n|-boost|p1a: Dudunsparce|spe|2\n|\n|-heal|p2a: Electrode|57\/100|[from] item: Leftovers\n|-heal|p1a: Dudunsparce|27\/100 par|[from] item: Leftovers\n|-damage|p1a: Dudunsparce|15\/100 par|[from] Leech Seed|[of] p2a: Electrode\n|-heal|p2a: Electrode|74\/100|[silent]\n|upkeep\n|turn|5\n|\n|t:|1698082206\n|move|p2a: Electrode|Thunder|p1a: Dudunsparce|[miss]\n|-miss|p2a: Electrode|p1a: Dudunsparce\n|move|p1a: Dudunsparce|Baton Pass|p1a: Dudunsparce\n|\n|t:|1698082211\n|switch|p1a: Garchomp|Garchomp, F|100\/100|[from] Baton Pass\n|\n|-heal|p2a: Electrode|80\/100|[from] item: Leftovers\n|-damage|p1a: Garchomp|88\/100|[from] Leech Seed|[of] p2a: Electrode\n|-heal|p2a: Electrode|94\/100|[silent]\n|upkeep\n|turn|6\n|\n|t:|1698082218\n|move|p1a: Garchomp|Earthquake|p2a: Electrode\n|-damage|p2a: Electrode|0 fnt\n|faint|p2a: Electrode\n|\n|-heal|p1a: Garchomp|94\/100|[from] item: Leftovers\n|upkeep\n|\n|t:|1698082228\n|switch|p2a: Glimmora|Glimmora, M|100\/100\n|turn|7\n|\n|t:|1698082234\n|move|p1a: Garchomp|Earthquake|p2a: Glimmora\n|-supereffective|p2a: Glimmora\n|-damage|p2a: Glimmora|0 fnt\n|faint|p2a: Glimmora\n|\n|-heal|p1a: Garchomp|100\/100|[from] item: Leftovers\n|upkeep\n|\n|t:|1698082241\n|switch|p2a: Lokix|Lokix, F|100\/100\n|turn|8\n|-activate|p2a: Lokix|item: Quick Claw\n|\n|t:|1698082244\n|move|p2a: Lokix|Knock Off|p1a: Garchomp\n|-damage|p1a: Garchomp|80\/100\n|-damage|p2a: Lokix|88\/100|[from] ability: Rough Skin|[of] p1a: Garchomp\n|-enditem|p1a: Garchomp|Leftovers|[from] move: Knock Off|[of] p2a: Lokix\n|move|p1a: Garchomp|Fire Fang|p2a: Lokix\n|-supereffective|p2a: Lokix\n|-damage|p2a: Lokix|0 fnt\n|faint|p2a: Lokix\n|\n|upkeep\n|\n|t:|1698082257\n|switch|p2a: Kommo-o|Kommo-o, M|100\/100\n|turn|9\n|\n|t:|1698082264\n|move|p1a: Garchomp|Dragon Claw|p2a: Kommo-o\n|-supereffective|p2a: Kommo-o\n|-damage|p2a: Kommo-o|0 fnt\n|faint|p2a: Kommo-o\n|\n|upkeep\n|\n|t:|1698082270\n|switch|p2a: Chandelure|Chandelure, F|100\/100\n|turn|10\n|\n|t:|1698082275\n|move|p1a: Garchomp|Shadow Claw|p2a: Chandelure\n|-supereffective|p2a: Chandelure\n|-damage|p2a: Chandelure|0 fnt\n|faint|p2a: Chandelure\n|\n|upkeep\n|\n|t:|1698082279\n|switch|p2a: Darkrai|Darkrai, shiny|100\/100\n|turn|11\n|\n|t:|1698082283\n|move|p1a: Garchomp|Earthquake|p2a: Darkrai\n|-damage|p2a: Darkrai|0 fnt\n|faint|p2a: Darkrai\n|\n|win|itinghaystack\n|raw|itinghaystack's rating: 1181 &rarr; <strong>1204<\/strong><br \/>(+23 for winning)\n|raw|Slow gymleader's rating: 1155 &rarr; <strong>1132<\/strong><br \/>(-23 for losing)\n|l|\u2606Slow gymleader\n","uploadtime":1698082297,"views":10,"p1id":"itinghaystack","p2id":"slowgymleader","formatid":"gen9anythinggoes","rating":1132,"private":0,"password":""}