{"id":"gen9anythinggoes-1987115083","p1":"Jus sets","p2":"gass chamber","format":"[Gen 9] Anything Goes","log":"|j|\u2606Jus sets\n|j|\u2606gass chamber\n|t:|1699557284\n|gametype|singles\n|player|p1|Jus sets|266|1072\n|player|p2|gass chamber|red|1055\n|teamsize|p1|6\n|teamsize|p2|6\n|gen|9\n|tier|[Gen 9] Anything Goes\n|rated|\n|rule|HP Percentage Mod: HP is shown in percentages\n|rule|Endless Battle Clause: Forcing endless battles is banned\n|clearpoke\n|poke|p1|Hariyama, F|\n|poke|p1|Dragonite, M|\n|poke|p1|Vikavolt, M|\n|poke|p1|Conkeldurr, F|\n|poke|p1|Klawf, M|\n|poke|p1|Magneton|\n|poke|p2|Dialga|\n|poke|p2|Inteleon, M|\n|poke|p2|Infernape, M|\n|poke|p2|Torterra, M|\n|poke|p2|Gastrodon-East, M|\n|poke|p2|Pikachu-Kalos, M|\n|teampreview\n|\n|t:|1699557289\n|start\n|switch|p1a: Magneton|Magneton|100\/100\n|switch|p2a: thriller bark|Torterra, M|100\/100\n|turn|1\n|\n|t:|1699557298\n|move|p1a: Magneton|Reflect|p1a: Magneton\n|-sidestart|p1: Jus sets|Reflect\n|move|p2a: thriller bark|Earthquake|p1a: Magneton\n|-supereffective|p1a: Magneton\n|-damage|p1a: Magneton|7\/100\n|\n|upkeep\n|turn|2\n|\n|t:|1699557305\n|move|p1a: Magneton|Light Screen|p1a: Magneton\n|-sidestart|p1: Jus sets|move: Light Screen\n|move|p2a: thriller bark|Leaf Storm|p1a: Magneton\n|-resisted|p1a: Magneton\n|-damage|p1a: Magneton|0 fnt\n|-unboost|p2a: thriller bark|spa|2\n|faint|p1a: Magneton\n|\n|upkeep\n|\n|t:|1699557327\n|switch|p1a: Vikavolt|Vikavolt, M|100\/100\n|turn|3\n|\n|t:|1699557330\n|move|p1a: Vikavolt|Agility|p1a: Vikavolt\n|-boost|p1a: Vikavolt|spe|2\n|move|p2a: thriller bark|Earthquake|p1a: Vikavolt\n|-immune|p1a: Vikavolt|[from] ability: Levitate\n|\n|upkeep\n|turn|4\n|\n|t:|1699557340\n|move|p1a: Vikavolt|Agility|p1a: Vikavolt\n|-boost|p1a: Vikavolt|spe|2\n|move|p2a: thriller bark|Earthquake|p1a: Vikavolt\n|-immune|p1a: Vikavolt|[from] ability: Levitate\n|\n|upkeep\n|turn|5\n|\n|t:|1699557349\n|move|p1a: Vikavolt|Bug Buzz|p2a: thriller bark\n|-supereffective|p2a: thriller bark\n|-damage|p2a: thriller bark|0 fnt\n|faint|p2a: thriller bark\n|\n|upkeep\n|\n|t:|1699557354\n|switch|p2a: monkey d luffy|Infernape, M, shiny|100\/100\n|turn|6\n|\n|t:|1699557359\n|move|p1a: Vikavolt|Thunder|p2a: monkey d luffy\n|-damage|p2a: monkey d luffy|0 fnt\n|faint|p2a: monkey d luffy\n|\n|upkeep\n|\n|t:|1699557364\n|switch|p2a: Gastrodon|Gastrodon-East, M|100\/100\n|turn|7\n|\n|t:|1699557370\n|move|p1a: Vikavolt|Bug Buzz|p2a: Gastrodon\n|-damage|p2a: Gastrodon|50\/100\n|move|p2a: Gastrodon|Hydro Pump|p1a: Vikavolt\n|-damage|p1a: Vikavolt|71\/100\n|\n|upkeep\n|turn|8\n|\n|t:|1699557378\n|move|p1a: Vikavolt|Bug Buzz|p2a: Gastrodon\n|-damage|p2a: Gastrodon|0 fnt\n|faint|p2a: Gastrodon\n|\n|-sideend|p1: Jus sets|Reflect\n|upkeep\n|\n|t:|1699557385\n|switch|p2a: Dialga|Dialga, shiny|100\/100\n|-ability|p2a: Dialga|Pressure\n|turn|9\n|\n|t:|1699557391\n|move|p1a: Vikavolt|Thunder|p2a: Dialga|[miss]\n|-miss|p1a: Vikavolt|p2a: Dialga\n|move|p2a: Dialga|Blizzard|p1a: Vikavolt\n|-damage|p1a: Vikavolt|45\/100\n|\n|-sideend|p1: Jus sets|move: Light Screen\n|upkeep\n|turn|10\n|\n|t:|1699557400\n|move|p1a: Vikavolt|Thunder|p2a: Dialga|[miss]\n|-miss|p1a: Vikavolt|p2a: Dialga\n|move|p2a: Dialga|Blizzard|p1a: Vikavolt\n|-damage|p1a: Vikavolt|0 fnt\n|faint|p1a: Vikavolt\n|\n|upkeep\n|\n|t:|1699557416\n|switch|p1a: Conkeldurr|Conkeldurr, F|100\/100\n|turn|11\n|\n|t:|1699557420\n|move|p2a: Dialga|Aura Sphere|p1a: Conkeldurr\n|-damage|p1a: Conkeldurr|68\/100\n|move|p1a: Conkeldurr|Fire Punch|p2a: Dialga\n|-damage|p2a: Dialga|68\/100\n|\n|upkeep\n|turn|12\n|\n|t:|1699557433\n|move|p2a: Dialga|Blizzard|p1a: Conkeldurr\n|-damage|p1a: Conkeldurr|28\/100\n|move|p1a: Conkeldurr|Ice Punch|p2a: Dialga\n|-damage|p2a: Dialga|36\/100\n|\n|upkeep\n|turn|13\n|\n|t:|1699557442\n|move|p2a: Dialga|Blizzard|p1a: Conkeldurr\n|-damage|p1a: Conkeldurr|0 fnt\n|faint|p1a: Conkeldurr\n|\n|upkeep\n|\n|t:|1699557459\n|switch|p1a: Klawf|Klawf, M|100\/100\n|turn|14\n|\n|t:|1699557466\n|move|p1a: Klawf|Substitute|p1a: Klawf\n|-start|p1a: Klawf|Substitute\n|-damage|p1a: Klawf|76\/100\n|move|p2a: Dialga|Draco Meteor|p1a: Klawf|[miss]\n|-miss|p2a: Dialga|p1a: Klawf\n|\n|upkeep\n|turn|15\n|\n|t:|1699557474\n|move|p1a: Klawf|Trailblaze|p2a: Dialga\n|-resisted|p2a: Dialga\n|-damage|p2a: Dialga|33\/100\n|-boost|p1a: Klawf|spe|1\n|move|p2a: Dialga|Blizzard|p1a: Klawf\n|-end|p1a: Klawf|Substitute\n|\n|upkeep\n|turn|16\n|\n|t:|1699557483\n|move|p1a: Klawf|Substitute|p1a: Klawf\n|-start|p1a: Klawf|Substitute\n|-damage|p1a: Klawf|51\/100\n|move|p2a: Dialga|Blizzard|p1a: Klawf\n|-end|p1a: Klawf|Substitute\n|\n|upkeep\n|turn|17\n|\n|t:|1699557489\n|move|p1a: Klawf|Substitute|p1a: Klawf\n|-start|p1a: Klawf|Substitute\n|-damage|p1a: Klawf|26\/100\n|move|p2a: Dialga|Blizzard|p1a: Klawf\n|-end|p1a: Klawf|Substitute\n|\n|upkeep\n|turn|18\n|\n|t:|1699557518\n|move|p1a: Klawf|Substitute|p1a: Klawf\n|-start|p1a: Klawf|Substitute\n|-damage|p1a: Klawf|1\/100\n|move|p2a: Dialga|Blizzard|p1a: Klawf|[miss]\n|-miss|p2a: Dialga|p1a: Klawf\n|\n|upkeep\n|turn|19\n|\n|t:|1699557527\n|move|p1a: Klawf|Crabhammer|p2a: Dialga\n|-resisted|p2a: Dialga\n|-damage|p2a: Dialga|22\/100\n|move|p2a: Dialga|Draco Meteor|p1a: Klawf\n|-end|p1a: Klawf|Substitute\n|-unboost|p2a: Dialga|spa|2\n|\n|upkeep\n|turn|20\n|\n|t:|1699557542\n|move|p1a: Klawf|Trailblaze|p2a: Dialga\n|-resisted|p2a: Dialga\n|-damage|p2a: Dialga|19\/100\n|-boost|p1a: Klawf|spe|1\n|move|p2a: Dialga|Aura Sphere|p1a: Klawf\n|-supereffective|p1a: Klawf\n|-damage|p1a: Klawf|0 fnt\n|faint|p1a: Klawf\n|\n|upkeep\n|\n|t:|1699557549\n|switch|p1a: Dragonite|Dragonite, M|100\/100\n|turn|21\n|\n|t:|1699557556\n|move|p1a: Dragonite|Dragon Dance|p1a: Dragonite\n|-boost|p1a: Dragonite|atk|1\n|-boost|p1a: Dragonite|spe|1\n|move|p2a: Dialga|Draco Meteor|p1a: Dragonite\n|-supereffective|p1a: Dragonite\n|-damage|p1a: Dragonite|15\/100\n|-unboost|p2a: Dialga|spa|2\n|\n|upkeep\n|turn|22\n|\n|t:|1699557567\n|move|p1a: Dragonite|Extreme Speed|p2a: Dialga\n|-resisted|p2a: Dialga\n|-damage|p2a: Dialga|2\/100\n|move|p2a: Dialga|Draco Meteor|p1a: Dragonite\n|-supereffective|p1a: Dragonite\n|-damage|p1a: Dragonite|0 fnt\n|-unboost|p2a: Dialga|spa|2\n|faint|p1a: Dragonite\n|\n|upkeep\n|\n|t:|1699557573\n|switch|p1a: Hariyama|Hariyama, F|100\/100\n|turn|23\n|\n|t:|1699557579\n|move|p1a: Hariyama|Fake Out|p2a: Dialga\n|-resisted|p2a: Dialga\n|-damage|p2a: Dialga|0 fnt\n|faint|p2a: Dialga\n|\n|upkeep\n|\n|t:|1699557584\n|switch|p2a: xyzachu|Pikachu-Kalos, M|100\/100\n|turn|24\n|\n|t:|1699557589\n|-terastallize|p1a: Hariyama|Steel\n|move|p2a: xyzachu|Sleep Talk||[still]\n|-fail|p2a: xyzachu\n|move|p1a: Hariyama|Ice Punch|p2a: xyzachu\n|-damage|p2a: xyzachu|0 fnt\n|faint|p2a: xyzachu\n|\n|upkeep\n|\n|t:|1699557598\n|switch|p2a: james bond|Inteleon, M|100\/100\n|turn|25\n|c|\u2606Jus sets|You seem very confused\n|\n|t:|1699557610\n|move|p2a: james bond|Snipe Shot|p1a: Hariyama\n|-damage|p1a: Hariyama|50\/100\n|move|p1a: Hariyama|Thunder Punch|p2a: james bond\n|-supereffective|p2a: james bond\n|-damage|p2a: james bond|0 fnt\n|faint|p2a: james bond\n|\n|win|Jus sets\n|raw|Jus sets's rating: 1072 &rarr; <strong>1100<\/strong><br \/>(+28 for winning)\n|raw|gass chamber's rating: 1055 &rarr; <strong>1038<\/strong><br \/>(-17 for losing)\n|l|\u2606Jus sets\n","uploadtime":1699557643,"views":5,"p1id":"jussets","p2id":"gasschamber","formatid":"gen9anythinggoes","rating":1038,"private":0,"password":""}