{"id":"gen9anythinggoes-1980964486","p1":"xiaoqing three","p2":"person13","format":"[Gen 9] Anything Goes","log":"|j|\u2606xiaoqing three\n|j|\u2606person13\n|t:|1698852795\n|gametype|singles\n|player|p1|xiaoqing three|grusha|1701\n|player|p2|person13|pokekid|1610\n|teamsize|p1|6\n|teamsize|p2|6\n|gen|9\n|tier|[Gen 9] Anything Goes\n|rated|\n|rule|HP Percentage Mod: HP is shown in percentages\n|rule|Endless Battle Clause: Forcing endless battles is banned\n|clearpoke\n|poke|p1|Ditto|\n|poke|p1|Calyrex-Shadow|\n|poke|p1|Toxapex, F|\n|poke|p1|Ting-Lu|\n|poke|p1|Eternatus|\n|poke|p1|Arceus|\n|poke|p2|Flutter Mane|\n|poke|p2|Donphan, L1, M|\n|poke|p2|Koraidon|\n|poke|p2|Vivillon-Tundra, F|\n|poke|p2|Kingambit, M|\n|poke|p2|Glimmora, F|\n|teampreview\n|\n|t:|1698852807\n|start\n|switch|p1a: \u4e07\u80fd\u9996\u53d1|Ting-Lu|100\/100\n|switch|p2a: Glimmora|Glimmora, F|100\/100\n|-ability|p1a: \u4e07\u80fd\u9996\u53d1|Vessel of Ruin\n|turn|1\n|\n|t:|1698852814\n|move|p2a: Glimmora|Toxic|p1a: \u4e07\u80fd\u9996\u53d1\n|-status|p1a: \u4e07\u80fd\u9996\u53d1|tox\n|move|p1a: \u4e07\u80fd\u9996\u53d1|Stealth Rock|p2a: Glimmora\n|-sidestart|p2: person13|move: Stealth Rock\n|\n|-damage|p1a: \u4e07\u80fd\u9996\u53d1|94\/100 tox|[from] psn\n|upkeep\n|turn|2\n|\n|t:|1698852817\n|move|p2a: Glimmora|Mortal Spin|p1a: \u4e07\u80fd\u9996\u53d1\n|-resisted|p1a: \u4e07\u80fd\u9996\u53d1\n|-damage|p1a: \u4e07\u80fd\u9996\u53d1|93\/100 tox\n|-sideend|p2: person13|Stealth Rock|[from] move: Mortal Spin|[of] p2a: Glimmora\n|move|p1a: \u4e07\u80fd\u9996\u53d1|Spikes|p2a: Glimmora\n|-sidestart|p2: person13|Spikes\n|\n|-heal|p1a: \u4e07\u80fd\u9996\u53d1|99\/100 tox|[from] item: Leftovers\n|-damage|p1a: \u4e07\u80fd\u9996\u53d1|87\/100 tox|[from] psn\n|upkeep\n|turn|3\n|\n|t:|1698852823\n|move|p2a: Glimmora|Mortal Spin|p1a: \u4e07\u80fd\u9996\u53d1\n|-resisted|p1a: \u4e07\u80fd\u9996\u53d1\n|-damage|p1a: \u4e07\u80fd\u9996\u53d1|86\/100 tox\n|-sideend|p2: person13|Spikes|[from] move: Mortal Spin|[of] p2a: Glimmora\n|move|p1a: \u4e07\u80fd\u9996\u53d1|Whirlwind|p2a: Glimmora\n|drag|p2a: Koraidon|Koraidon|100\/100\n|-weather|SunnyDay|[from] ability: Orichalcum Pulse|[of] p2a: Koraidon\n|-activate|p2a: Koraidon|Orichalcum Pulse|[source]\n|\n|-weather|SunnyDay|[upkeep]\n|-heal|p1a: \u4e07\u80fd\u9996\u53d1|92\/100 tox|[from] item: Leftovers\n|-damage|p1a: \u4e07\u80fd\u9996\u53d1|73\/100 tox|[from] psn\n|upkeep\n|turn|4\n|\n|t:|1698852833\n|switch|p1a: \u574f\u574f|Toxapex, F|100\/100\n|move|p2a: Koraidon|U-turn|p1a: \u574f\u574f\n|-resisted|p1a: \u574f\u574f\n|-damage|p1a: \u574f\u574f|87\/100\n|-damage|p2a: Koraidon|84\/100|[from] item: Rocky Helmet|[of] p1a: \u574f\u574f\n|\n|t:|1698852842\n|switch|p2a: Vivillon|Vivillon-Tundra, F, shiny|100\/100|[from] U-turn\n|\n|-weather|SunnyDay|[upkeep]\n|upkeep\n|turn|5\n|\n|t:|1698852848\n|switch|p1a: \u4e07\u80fd\u9996\u53d1|Ting-Lu|73\/100 tox\n|-ability|p1a: \u4e07\u80fd\u9996\u53d1|Vessel of Ruin\n|move|p2a: Vivillon|Sleep Powder||[still]\n|-fail|p2a: Vivillon\n|\n|-weather|SunnyDay|[upkeep]\n|-heal|p1a: \u4e07\u80fd\u9996\u53d1|79\/100 tox|[from] item: Leftovers\n|-damage|p1a: \u4e07\u80fd\u9996\u53d1|73\/100 tox|[from] psn\n|upkeep\n|turn|6\n|\n|t:|1698852867\n|switch|p2a: Glimmora|Glimmora, F|100\/100\n|move|p1a: \u4e07\u80fd\u9996\u53d1|Stealth Rock|p2a: Glimmora\n|-sidestart|p2: person13|move: Stealth Rock\n|\n|-weather|SunnyDay|[upkeep]\n|-heal|p1a: \u4e07\u80fd\u9996\u53d1|79\/100 tox|[from] item: Leftovers\n|-damage|p1a: \u4e07\u80fd\u9996\u53d1|67\/100 tox|[from] psn\n|upkeep\n|turn|7\n|\n|t:|1698852872\n|move|p2a: Glimmora|Mortal Spin|p1a: \u4e07\u80fd\u9996\u53d1\n|-resisted|p1a: \u4e07\u80fd\u9996\u53d1\n|-damage|p1a: \u4e07\u80fd\u9996\u53d1|65\/100 tox\n|-sideend|p2: person13|Stealth Rock|[from] move: Mortal Spin|[of] p2a: Glimmora\n|move|p1a: \u4e07\u80fd\u9996\u53d1|Earthquake|p2a: Glimmora\n|-supereffective|p2a: Glimmora\n|-enditem|p2a: Glimmora|Focus Sash\n|-damage|p2a: Glimmora|1\/100\n|-activate|p2a: Glimmora|ability: Toxic Debris\n|-sidestart|p1: xiaoqing three|move: Toxic Spikes\n|\n|-weather|none\n|-heal|p1a: \u4e07\u80fd\u9996\u53d1|72\/100 tox|[from] item: Leftovers\n|-damage|p1a: \u4e07\u80fd\u9996\u53d1|53\/100 tox|[from] psn\n|upkeep\n|turn|8\n|\n|t:|1698852880\n|switch|p1a: \u574f\u574f|Toxapex, F|100\/100\n|-sideend|p1: xiaoqing three|move: Toxic Spikes|[of] p1a: \u574f\u574f\n|move|p2a: Glimmora|Stealth Rock|p1a: \u574f\u574f\n|-sidestart|p1: xiaoqing three|move: Stealth Rock\n|\n|upkeep\n|turn|9\n|\n|t:|1698852885\n|switch|p2a: Kingambit|Kingambit, M|100\/100\n|move|p1a: \u574f\u574f|Infestation|p2a: Kingambit\n|-damage|p2a: Kingambit|98\/100\n|-activate|p2a: Kingambit|move: Infestation|[of] p1a: \u574f\u574f\n|\n|-damage|p2a: Kingambit|85\/100|[from] move: Infestation|[partiallytrapped]\n|upkeep\n|turn|10\n|\n|t:|1698852891\n|move|p2a: Kingambit|Swords Dance|p2a: Kingambit\n|-boost|p2a: Kingambit|atk|2\n|move|p1a: \u574f\u574f|Haze|p1a: \u574f\u574f\n|-clearallboost\n|\n|-damage|p2a: Kingambit|73\/100|[from] move: Infestation|[partiallytrapped]\n|upkeep\n|turn|11\n|\n|t:|1698852901\n|move|p2a: Kingambit|Swords Dance|p2a: Kingambit\n|-boost|p2a: Kingambit|atk|2\n|move|p1a: \u574f\u574f|Haze|p1a: \u574f\u574f\n|-clearallboost\n|\n|-damage|p2a: Kingambit|60\/100|[from] move: Infestation|[partiallytrapped]\n|upkeep\n|turn|12\n|\n|t:|1698852904\n|move|p2a: Kingambit|Kowtow Cleave|p1a: \u574f\u574f\n|-damage|p1a: \u574f\u574f|64\/100\n|-damage|p2a: Kingambit|44\/100|[from] item: Rocky Helmet|[of] p1a: \u574f\u574f\n|move|p1a: \u574f\u574f|Haze|p1a: \u574f\u574f\n|-clearallboost\n|\n|-damage|p2a: Kingambit|31\/100|[from] move: Infestation|[partiallytrapped]\n|upkeep\n|turn|13\n|\n|t:|1698852908\n|move|p2a: Kingambit|Swords Dance|p2a: Kingambit\n|-boost|p2a: Kingambit|atk|2\n|move|p1a: \u574f\u574f|Recover|p1a: \u574f\u574f\n|-heal|p1a: \u574f\u574f|100\/100\n|\n|-damage|p2a: Kingambit|19\/100|[from] move: Infestation|[partiallytrapped]\n|upkeep\n|turn|14\n|\n|t:|1698852915\n|move|p2a: Kingambit|Kowtow Cleave|p1a: \u574f\u574f\n|-damage|p1a: \u574f\u574f|29\/100\n|-damage|p2a: Kingambit|2\/100|[from] item: Rocky Helmet|[of] p1a: \u574f\u574f\n|move|p1a: \u574f\u574f|Haze|p1a: \u574f\u574f\n|-clearallboost\n|\n|-end|p2a: Kingambit|Infestation|[partiallytrapped]\n|upkeep\n|turn|15\n|\n|t:|1698852923\n|switch|p1a: \u4e07\u80fd\u9996\u53d1|Ting-Lu|53\/100 tox\n|-damage|p1a: \u4e07\u80fd\u9996\u53d1|47\/100 tox|[from] Stealth Rock\n|-ability|p1a: \u4e07\u80fd\u9996\u53d1|Vessel of Ruin\n|move|p2a: Kingambit|Kowtow Cleave|p1a: \u4e07\u80fd\u9996\u53d1\n|-resisted|p1a: \u4e07\u80fd\u9996\u53d1\n|-damage|p1a: \u4e07\u80fd\u9996\u53d1|35\/100 tox\n|\n|-heal|p1a: \u4e07\u80fd\u9996\u53d1|41\/100 tox|[from] item: Leftovers\n|-damage|p1a: \u4e07\u80fd\u9996\u53d1|35\/100 tox|[from] psn\n|upkeep\n|turn|16\n|\n|t:|1698852930\n|-end|p2a: Kingambit|fallenundefined|[silent]\n|switch|p2a: Glimmora|Glimmora, F|1\/100\n|move|p1a: \u4e07\u80fd\u9996\u53d1|Stealth Rock|p2a: Glimmora\n|-sidestart|p2: person13|move: Stealth Rock\n|\n|-heal|p1a: \u4e07\u80fd\u9996\u53d1|41\/100 tox|[from] item: Leftovers\n|-damage|p1a: \u4e07\u80fd\u9996\u53d1|29\/100 tox|[from] psn\n|upkeep\n|turn|17\n|\n|t:|1698852935\n|move|p2a: Glimmora|Mortal Spin|p1a: \u4e07\u80fd\u9996\u53d1\n|-resisted|p1a: \u4e07\u80fd\u9996\u53d1\n|-damage|p1a: \u4e07\u80fd\u9996\u53d1|28\/100 tox\n|-sideend|p2: person13|Stealth Rock|[from] move: Mortal Spin|[of] p2a: Glimmora\n|move|p1a: \u4e07\u80fd\u9996\u53d1|Whirlwind|p2a: Glimmora\n|drag|p2a: Vivillon|Vivillon-Tundra, F, shiny|100\/100\n|\n|-heal|p1a: \u4e07\u80fd\u9996\u53d1|34\/100 tox|[from] item: Leftovers\n|-damage|p1a: \u4e07\u80fd\u9996\u53d1|15\/100 tox|[from] psn\n|upkeep\n|turn|18\n|\n|t:|1698852943\n|move|p2a: Vivillon|Hurricane|p1a: \u4e07\u80fd\u9996\u53d1\n|-damage|p1a: \u4e07\u80fd\u9996\u53d1|0 fnt\n|faint|p1a: \u4e07\u80fd\u9996\u53d1\n|\n|upkeep\n|\n|t:|1698852955\n|switch|p1a: \u6ca1\u6709\u64cd\u4f5c\uff0c\u5168\u662f\u5f3a\u5ea6|Eternatus|100\/100\n|-ability|p1a: \u6ca1\u6709\u64cd\u4f5c\uff0c\u5168\u662f\u5f3a\u5ea6|Pressure\n|turn|19\n|\n|t:|1698852959\n|switch|p2a: Glimmora|Glimmora, F|1\/100\n|move|p1a: \u6ca1\u6709\u64cd\u4f5c\uff0c\u5168\u662f\u5f3a\u5ea6|Flamethrower|p2a: Glimmora\n|-resisted|p2a: Glimmora\n|-damage|p2a: Glimmora|0 fnt\n|faint|p2a: Glimmora\n|\n|upkeep\n|\n|t:|1698852970\n|switch|p2a: Donphan|Donphan, L1, M, shiny|100\/100\n|turn|20\n|\n|t:|1698852976\n|move|p1a: \u6ca1\u6709\u64cd\u4f5c\uff0c\u5168\u662f\u5f3a\u5ea6|Toxic Spikes|p2a: Donphan\n|-sidestart|p2: person13|move: Toxic Spikes\n|move|p2a: Donphan|Endeavor|p1a: \u6ca1\u6709\u64cd\u4f5c\uff0c\u5168\u662f\u5f3a\u5ea6\n|-damage|p1a: \u6ca1\u6709\u64cd\u4f5c\uff0c\u5168\u662f\u5f3a\u5ea6|3\/100\n|\n|upkeep\n|turn|21\n|\n|t:|1698852979\n|move|p1a: \u6ca1\u6709\u64cd\u4f5c\uff0c\u5168\u662f\u5f3a\u5ea6|Toxic Spikes|p2a: Donphan\n|-sidestart|p2: person13|move: Toxic Spikes\n|move|p2a: Donphan|Sandstorm|p2a: Donphan\n|-weather|Sandstorm\n|\n|-weather|Sandstorm|[upkeep]\n|-damage|p1a: \u6ca1\u6709\u64cd\u4f5c\uff0c\u5168\u662f\u5f3a\u5ea6|0 fnt|[from] Sandstorm\n|faint|p1a: \u6ca1\u6709\u64cd\u4f5c\uff0c\u5168\u662f\u5f3a\u5ea6\n|upkeep\n|\n|t:|1698852997\n|switch|p1a: \u574f\u574f|Toxapex, F|62\/100\n|-damage|p1a: \u574f\u574f|50\/100|[from] Stealth Rock\n|turn|22\n|\n|t:|1698853000\n|move|p1a: \u574f\u574f|Toxic|p2a: Donphan\n|-status|p2a: Donphan|tox\n|move|p2a: Donphan|Endeavor|p1a: \u574f\u574f\n|-damage|p1a: \u574f\u574f|5\/100\n|-damage|p2a: Donphan|85\/100 tox|[from] item: Rocky Helmet|[of] p1a: \u574f\u574f\n|-heal|p2a: Donphan|100\/100 tox|[from] item: Shell Bell|[of] p1a: \u574f\u574f\n|\n|-weather|Sandstorm|[upkeep]\n|-damage|p1a: \u574f\u574f|0 fnt|[from] Sandstorm\n|faint|p1a: \u574f\u574f\n|-damage|p2a: Donphan|93\/100 tox|[from] psn\n|upkeep\n|\n|t:|1698853015\n|switch|p1a: \u9ed1\u9a6c\u738b|Calyrex-Shadow|100\/100\n|-ability|p1a: \u9ed1\u9a6c\u738b|As One\n|-ability|p1a: \u9ed1\u9a6c\u738b|Unnerve\n|-damage|p1a: \u9ed1\u9a6c\u738b|88\/100|[from] Stealth Rock\n|turn|23\n|\n|t:|1698853020\n|move|p1a: \u9ed1\u9a6c\u738b|Astral Barrage|p2a: Donphan\n|-damage|p2a: Donphan|0 fnt\n|faint|p2a: Donphan\n|-ability|p1a: \u9ed1\u9a6c\u738b|Grim Neigh|boost\n|-boost|p1a: \u9ed1\u9a6c\u738b|spa|1\n|\n|-weather|Sandstorm|[upkeep]\n|-damage|p1a: \u9ed1\u9a6c\u738b|82\/100|[from] Sandstorm\n|upkeep\n|\n|t:|1698853024\n|switch|p2a: Kingambit|Kingambit, M|2\/100\n|-activate|p2a: Kingambit|ability: Supreme Overlord\n|-start|p2a: Kingambit|fallen2|[silent]\n|turn|24\n|\n|t:|1698853032\n|switch|p1a: \u7f8a\u9a7c|Arceus, shiny|100\/100\n|-damage|p1a: \u7f8a\u9a7c|88\/100|[from] Stealth Rock\n|move|p2a: Kingambit|Sucker Punch||[still]\n|-fail|p2a: Kingambit\n|\n|-weather|Sandstorm|[upkeep]\n|-damage|p1a: \u7f8a\u9a7c|82\/100|[from] Sandstorm\n|-heal|p1a: \u7f8a\u9a7c|88\/100|[from] item: Leftovers\n|upkeep\n|turn|25\n|\n|t:|1698853037\n|-end|p2a: Kingambit|fallen2|[silent]\n|switch|p2a: Flutter Mane|Flutter Mane, shiny|100\/100\n|-status|p2a: Flutter Mane|tox\n|move|p1a: \u7f8a\u9a7c|Extreme Speed|p2a: Flutter Mane\n|-immune|p2a: Flutter Mane\n|\n|-weather|none\n|-heal|p1a: \u7f8a\u9a7c|94\/100|[from] item: Leftovers\n|-damage|p2a: Flutter Mane|95\/100 tox|[from] psn\n|upkeep\n|turn|26\n|\n|t:|1698853044\n|move|p2a: Flutter Mane|Moonblast|p1a: \u7f8a\u9a7c\n|-damage|p1a: \u7f8a\u9a7c|44\/100\n|move|p1a: \u7f8a\u9a7c|Shadow Claw|p2a: Flutter Mane\n|-supereffective|p2a: Flutter Mane\n|-damage|p2a: Flutter Mane|0 fnt\n|faint|p2a: Flutter Mane\n|-end|p2a: Flutter Mane|Protosynthesis|[silent]\n|\n|-heal|p1a: \u7f8a\u9a7c|50\/100|[from] item: Leftovers\n|upkeep\n|\n|t:|1698853050\n|switch|p2a: Koraidon|Koraidon|84\/100\n|-status|p2a: Koraidon|tox\n|-weather|SunnyDay|[from] ability: Orichalcum Pulse|[of] p2a: Koraidon\n|-activate|p2a: Koraidon|Orichalcum Pulse|[source]\n|turn|27\n|\n|t:|1698853066\n|move|p1a: \u7f8a\u9a7c|Extreme Speed|p2a: Koraidon\n|-damage|p2a: Koraidon|43\/100 tox\n|move|p2a: Koraidon|Flare Blitz|p1a: \u7f8a\u9a7c\n|-damage|p1a: \u7f8a\u9a7c|0 fnt\n|faint|p1a: \u7f8a\u9a7c\n|-damage|p2a: Koraidon|22\/100 tox|[from] Recoil\n|\n|-weather|SunnyDay|[upkeep]\n|-damage|p2a: Koraidon|16\/100 tox|[from] psn\n|upkeep\n|\n|t:|1698853081\n|switch|p1a: \uff1a\uff09|Ditto|100\/100\n|-damage|p1a: \uff1a\uff09|88\/100|[from] Stealth Rock\n|-transform|p1a: \uff1a\uff09|p2a: Koraidon|[from] ability: Imposter\n|-activate|p1a: \uff1a\uff09|ability: Orichalcum Pulse\n|turn|28\n|\n|t:|1698853094\n|move|p1a: \uff1a\uff09|Flare Blitz|p2a: Koraidon\n|-resisted|p2a: Koraidon\n|-damage|p2a: Koraidon|0 fnt\n|faint|p2a: Koraidon\n|-damage|p1a: \uff1a\uff09|82\/100|[from] Recoil\n|\n|-weather|SunnyDay|[upkeep]\n|upkeep\n|\n|t:|1698853101\n|switch|p2a: Kingambit|Kingambit, M|2\/100\n|-activate|p2a: Kingambit|ability: Supreme Overlord\n|-start|p2a: Kingambit|fallen4|[silent]\n|turn|29\n|\n|t:|1698853105\n|move|p2a: Kingambit|Sucker Punch|p1a: \uff1a\uff09\n|-resisted|p1a: \uff1a\uff09\n|-damage|p1a: \uff1a\uff09|45\/100\n|move|p1a: \uff1a\uff09|Flare Blitz|p2a: Kingambit\n|-supereffective|p2a: Kingambit\n|-damage|p2a: Kingambit|0 fnt\n|faint|p2a: Kingambit\n|-end|p2a: Kingambit|fallen4|[silent]\n|-damage|p1a: \uff1a\uff09|44\/100|[from] Recoil\n|\n|-weather|SunnyDay|[upkeep]\n|upkeep\n|\n|t:|1698853108\n|switch|p2a: Vivillon|Vivillon-Tundra, F, shiny|100\/100\n|turn|30\n|\n|t:|1698853110\n|move|p1a: \uff1a\uff09|Flare Blitz|p2a: Vivillon\n|-supereffective|p2a: Vivillon\n|-damage|p2a: Vivillon|0 fnt\n|faint|p2a: Vivillon\n|-damage|p1a: \uff1a\uff09|11\/100|[from] Recoil\n|\n|win|xiaoqing three\n|raw|xiaoqing three's rating: 1701 &rarr; <strong>1716<\/strong><br \/>(+15 for winning)\n|raw|person13's rating: 1610 &rarr; <strong>1595<\/strong><br \/>(-15 for losing)\n","uploadtime":1698853124,"views":3,"p1id":"xiaoqingthree","p2id":"person13","formatid":"gen9anythinggoes","rating":1595,"private":0,"password":""}