{"id":"gen9anythinggoes-1982862249","p1":"Jonusto","p2":"TTanic","format":"[Gen 9] Anything Goes","log":"|j|\u2606Jonusto\n|j|\u2606TTanic\n|t:|1699052389\n|gametype|singles\n|player|p1|Jonusto|170|\n|player|p2|TTanic|unknownf|\n|teamsize|p1|6\n|teamsize|p2|6\n|gen|9\n|tier|[Gen 9] Anything Goes\n|rule|HP Percentage Mod: HP is shown in percentages\n|rule|Endless Battle Clause: Forcing endless battles is banned\n|clearpoke\n|poke|p1|Torterra, F|\n|poke|p1|Overqwil, M|\n|poke|p1|Haunter, M|\n|poke|p1|Samurott, M|\n|poke|p1|Toxicroak, F|\n|poke|p1|Honchkrow, F|\n|poke|p2|Dondozo, M|\n|poke|p2|Cinderace, F|\n|poke|p2|Corviknight, M|\n|poke|p2|Krookodile, M|\n|poke|p2|Klawf, F|\n|poke|p2|Sylveon, F|\n|teampreview\n|\n|t:|1699052400\n|start\n|switch|p1a: Overqwil|Overqwil, M|100\/100\n|switch|p2a: Cinderace|Cinderace, F|100\/100\n|-ability|p1a: Overqwil|Intimidate|boost\n|-unboost|p2a: Cinderace|atk|1\n|turn|1\n|c|\u2606Jonusto|gonna introduce you to hazards\n|c|\u2606TTanic|I'm trying to do something I'm sorry if my play is delayed while trying to figure this the fuck out\n|c|\u2606TTanic|Hm?\n|\n|t:|1699052433\n|move|p2a: Cinderace|Pyro Ball|p1a: Overqwil\n|-damage|p1a: Overqwil|72\/100\n|move|p1a: Overqwil|Spikes|p2a: Cinderace\n|-sidestart|p2: TTanic|Spikes\n|\n|-heal|p1a: Overqwil|78\/100|[from] item: Leftovers\n|upkeep\n|turn|2\n|c|\u2606Jonusto|thats okay and uhh youll see what those do in a moment\n|\n|t:|1699052485\n|move|p2a: Cinderace|Sucker Punch|p1a: Overqwil\n|-start|p2a: Cinderace|typechange|Dark|[from] ability: Libero\n|-resisted|p1a: Overqwil\n|-crit|p1a: Overqwil\n|-damage|p1a: Overqwil|60\/100\n|move|p1a: Overqwil|Barb Barrage|p2a: Cinderace\n|-damage|p2a: Cinderace|70\/100\n|\n|-heal|p1a: Overqwil|66\/100|[from] item: Leftovers\n|upkeep\n|turn|3\n|\n|t:|1699052505\n|move|p2a: Cinderace|Court Change|p2a: Cinderace\n|-swapsideconditions\n|-activate|p2a: Cinderace|move: Court Change\n|move|p1a: Overqwil|Spikes|p2a: Cinderace\n|-sidestart|p2: TTanic|Spikes\n|\n|-heal|p1a: Overqwil|72\/100|[from] item: Leftovers\n|upkeep\n|turn|4\n|c|\u2606Jonusto|WOAH\n|c|\u2606Jonusto|SMART MOVE\n|c|\u2606Jonusto|i forgot you had that\n|\n|t:|1699052528\n|move|p2a: Cinderace|Pyro Ball|p1a: Overqwil\n|-damage|p1a: Overqwil|55\/100\n|move|p1a: Overqwil|Barb Barrage|p2a: Cinderace\n|-damage|p2a: Cinderace|34\/100\n|-status|p2a: Cinderace|psn\n|\n|-heal|p1a: Overqwil|61\/100|[from] item: Leftovers\n|-damage|p2a: Cinderace|22\/100 psn|[from] psn\n|upkeep\n|turn|5\n|\n|t:|1699052551\n|move|p2a: Cinderace|Pyro Ball|p1a: Overqwil\n|-damage|p1a: Overqwil|41\/100\n|move|p1a: Overqwil|Barb Barrage|p2a: Cinderace\n|-damage|p2a: Cinderace|0 fnt\n|faint|p2a: Cinderace\n|\n|-heal|p1a: Overqwil|48\/100|[from] item: Leftovers\n|upkeep\n|\n|t:|1699052563\n|switch|p2a: Corviknight|Corviknight, M|100\/100\n|-ability|p2a: Corviknight|Pressure\n|turn|6\n|\n|t:|1699052580\n|switch|p1a: Toxicroak|Toxicroak, F|100\/100\n|-damage|p1a: Toxicroak|88\/100|[from] Spikes\n|move|p2a: Corviknight|Brave Bird|p1a: Toxicroak\n|-supereffective|p1a: Toxicroak\n|-damage|p1a: Toxicroak|0 fnt\n|faint|p1a: Toxicroak\n|-damage|p2a: Corviknight|78\/100|[from] Recoil\n|\n|-heal|p2a: Corviknight|84\/100|[from] item: Leftovers\n|upkeep\n|\n|t:|1699052586\n|switch|p1a: Honchkrow|Honchkrow, F|100\/100\n|turn|7\n|\n|t:|1699052602\n|move|p1a: Honchkrow|Sucker Punch|p2a: Corviknight\n|-damage|p2a: Corviknight|63\/100\n|move|p2a: Corviknight|Body Press|p1a: Honchkrow\n|-damage|p1a: Honchkrow|57\/100\n|\n|-heal|p2a: Corviknight|69\/100|[from] item: Leftovers\n|upkeep\n|turn|8\n|\n|t:|1699052610\n|move|p1a: Honchkrow|Night Slash|p2a: Corviknight\n|-damage|p2a: Corviknight|48\/100\n|move|p2a: Corviknight|Brave Bird|p1a: Honchkrow\n|-damage|p1a: Honchkrow|0 fnt\n|faint|p1a: Honchkrow\n|-damage|p2a: Corviknight|32\/100|[from] Recoil\n|\n|-heal|p2a: Corviknight|38\/100|[from] item: Leftovers\n|upkeep\n|\n|t:|1699052616\n|switch|p1a: Torterra|Torterra, F|100\/100\n|-damage|p1a: Torterra|88\/100|[from] Spikes\n|turn|9\n|\n|t:|1699052623\n|move|p1a: Torterra|Shell Smash|p1a: Torterra\n|-unboost|p1a: Torterra|def|1\n|-unboost|p1a: Torterra|spd|1\n|-boost|p1a: Torterra|atk|2\n|-boost|p1a: Torterra|spa|2\n|-boost|p1a: Torterra|spe|2\n|move|p2a: Corviknight|Roost|p2a: Corviknight\n|-heal|p2a: Corviknight|88\/100\n|-singleturn|p2a: Corviknight|move: Roost\n|\n|-heal|p2a: Corviknight|94\/100|[from] item: Leftovers\n|upkeep\n|turn|10\n|\n|t:|1699052635\n|move|p1a: Torterra|Rock Blast|p2a: Corviknight\n|-damage|p2a: Corviknight|83\/100\n|-damage|p2a: Corviknight|73\/100\n|-damage|p2a: Corviknight|62\/100\n|-damage|p2a: Corviknight|53\/100\n|-damage|p2a: Corviknight|43\/100\n|-hitcount|p2a: Corviknight|5\n|move|p2a: Corviknight|Brave Bird|p1a: Torterra\n|-supereffective|p1a: Torterra\n|-damage|p1a: Torterra|0 fnt\n|faint|p1a: Torterra\n|-damage|p2a: Corviknight|19\/100|[from] Recoil\n|\n|-heal|p2a: Corviknight|25\/100|[from] item: Leftovers\n|upkeep\n|\n|t:|1699052645\n|switch|p1a: Samurott|Samurott, M|100\/100\n|-damage|p1a: Samurott|88\/100|[from] Spikes\n|turn|11\n|\n|t:|1699052651\n|move|p1a: Samurott|Swords Dance|p1a: Samurott\n|-boost|p1a: Samurott|atk|2\n|move|p2a: Corviknight|Roost|p2a: Corviknight\n|-heal|p2a: Corviknight|75\/100\n|-singleturn|p2a: Corviknight|move: Roost\n|\n|-heal|p2a: Corviknight|81\/100|[from] item: Leftovers\n|upkeep\n|turn|12\n|\n|t:|1699052672\n|move|p1a: Samurott|Megahorn|p2a: Corviknight\n|-resisted|p2a: Corviknight\n|-damage|p2a: Corviknight|65\/100\n|-damage|p1a: Samurott|78\/100|[from] item: Life Orb\n|move|p2a: Corviknight|Brave Bird|p1a: Samurott\n|-damage|p1a: Samurott|39\/100\n|-damage|p2a: Corviknight|53\/100|[from] Recoil\n|\n|-heal|p2a: Corviknight|59\/100|[from] item: Leftovers\n|upkeep\n|turn|13\n|\n|t:|1699052685\n|move|p1a: Samurott|Liquidation|p2a: Corviknight\n|-damage|p2a: Corviknight|0 fnt\n|faint|p2a: Corviknight\n|-damage|p1a: Samurott|29\/100|[from] item: Life Orb\n|\n|upkeep\n|\n|t:|1699052693\n|switch|p2a: Klawf|Klawf, F|100\/100\n|turn|14\n|c|\u2606Jonusto|torrent!!\n|c|\u2606TTanic|Hm?\n|\n|t:|1699052712\n|move|p1a: Samurott|Aqua Jet|p2a: Klawf\n|-supereffective|p2a: Klawf\n|-damage|p2a: Klawf|0 fnt\n|faint|p2a: Klawf\n|-damage|p1a: Samurott|19\/100|[from] item: Life Orb\n|\n|upkeep\n|\n|t:|1699052719\n|switch|p2a: Krookodile|Krookodile, M|100\/100\n|-damage|p2a: Krookodile|88\/100|[from] Spikes\n|-ability|p2a: Krookodile|Intimidate|boost\n|-unboost|p1a: Samurott|atk|1\n|turn|15\n|\n|t:|1699052735\n|move|p1a: Samurott|Aqua Jet|p2a: Krookodile\n|-supereffective|p2a: Krookodile\n|-damage|p2a: Krookodile|0 fnt\n|faint|p2a: Krookodile\n|-damage|p1a: Samurott|9\/100|[from] item: Life Orb\n|\n|upkeep\n|\n|t:|1699052744\n|switch|p2a: Dondozo|Dondozo, M|100\/100\n|turn|16\n|\n|t:|1699052756\n|move|p1a: Samurott|Megahorn|p2a: Dondozo\n|-damage|p2a: Dondozo|78\/100\n|-damage|p1a: Samurott|0 fnt|[from] item: Life Orb\n|faint|p1a: Samurott\n|move|p2a: Dondozo|Liquidation|p1: Samurott|[notarget]\n|-fail|p2a: Dondozo\n|\n|upkeep\n|\n|t:|1699052765\n|switch|p1a: Overqwil|Overqwil, M|48\/100\n|-damage|p1a: Overqwil|35\/100|[from] Spikes\n|-ability|p1a: Overqwil|Intimidate|boost\n|-unboost|p2a: Dondozo|atk|1\n|turn|17\n|\n|t:|1699052774\n|move|p1a: Overqwil|Spikes|p2a: Dondozo\n|-sidestart|p2: TTanic|Spikes\n|move|p2a: Dondozo|Liquidation|p1a: Overqwil\n|-damage|p1a: Overqwil|20\/100\n|\n|-heal|p1a: Overqwil|26\/100|[from] item: Leftovers\n|upkeep\n|turn|18\n|\n|t:|1699052783\n|move|p1a: Overqwil|Barb Barrage|p2a: Dondozo\n|-damage|p2a: Dondozo|66\/100\n|move|p2a: Dondozo|Liquidation|p1a: Overqwil\n|-damage|p1a: Overqwil|11\/100\n|\n|-heal|p1a: Overqwil|17\/100|[from] item: Leftovers\n|upkeep\n|turn|19\n|\n|t:|1699052792\n|move|p1a: Overqwil|Barb Barrage|p2a: Dondozo\n|-damage|p2a: Dondozo|56\/100\n|-status|p2a: Dondozo|psn\n|move|p2a: Dondozo|Body Press|p1a: Overqwil\n|-damage|p1a: Overqwil|0 fnt\n|faint|p1a: Overqwil\n|\n|-damage|p2a: Dondozo|44\/100 psn|[from] psn\n|upkeep\n|\n|t:|1699052799\n|switch|p1a: Haunter|Haunter, M|100\/100\n|turn|20\n|\n|t:|1699052809\n|move|p1a: Haunter|Trick|p2a: Dondozo\n|-activate|p1a: Haunter|move: Trick|[of] p2a: Dondozo\n|-item|p2a: Dondozo|Choice Specs|[from] move: Trick\n|-item|p1a: Haunter|Heavy-Duty Boots|[from] move: Trick\n|move|p2a: Dondozo|Liquidation|p1a: Haunter\n|-damage|p1a: Haunter|43\/100\n|\n|-damage|p2a: Dondozo|31\/100 psn|[from] psn\n|upkeep\n|turn|21\n|\n|t:|1699052825\n|move|p1a: Haunter|Shadow Ball|p2a: Dondozo\n|-damage|p2a: Dondozo|0 fnt\n|faint|p2a: Dondozo\n|\n|upkeep\n|\n|t:|1699052830\n|switch|p2a: Sylveon|Sylveon, F|100\/100\n|-damage|p2a: Sylveon|84\/100|[from] Spikes\n|turn|22\n|\n|t:|1699052839\n|move|p1a: Haunter|Sludge Bomb|p2a: Sylveon\n|-supereffective|p2a: Sylveon\n|-damage|p2a: Sylveon|35\/100\n|move|p2a: Sylveon|Hyper Voice|p1a: Haunter\n|-resisted|p1a: Haunter\n|-damage|p1a: Haunter|0 fnt\n|faint|p1a: Haunter\n|\n|win|TTanic\n|c|\u2606TTanic|Gg!\n|c|\u2606Jonusto|amazing job cara mia!\n|c|\u2606Jonusto|so maybe we can call that.. an A-game\n|c|\u2606Jonusto|imsorrythatonewasnotit\n|c|\u2606Jonusto|but fr gg cara mia\n|c|\u2606TTanic|It's fine ! I''m not that smart so I don't really get it but what were the hazards?\n","uploadtime":1699052941,"views":11,"p1id":"jonusto","p2id":"ttanic","formatid":"gen9anythinggoes","rating":0,"private":0,"password":""}