{"id":"gen9anythinggoes-1993729204","p1":"INeverLoseiditos","p2":"hoenn militian","format":"[Gen 9] Anything Goes","log":"|j|\u2606INeverLoseiditos\n|j|\u2606hoenn militian\n|t:|1700350324\n|gametype|singles\n|player|p1|INeverLoseiditos|blackbelt-gen4dp|1520\n|player|p2|hoenn militian|266|1778\n|teamsize|p1|6\n|teamsize|p2|6\n|gen|9\n|tier|[Gen 9] Anything Goes\n|rated|\n|rule|HP Percentage Mod: HP is shown in percentages\n|rule|Endless Battle Clause: Forcing endless battles is banned\n|clearpoke\n|poke|p1|Ditto|\n|poke|p1|Miraidon|\n|poke|p1|Calyrex-Shadow|\n|poke|p1|Dondozo, M|\n|poke|p1|Arceus|\n|poke|p1|Glimmora, M|\n|poke|p2|Miraidon|\n|poke|p2|Grimmsnarl, M|\n|poke|p2|Skeledirge, F|\n|poke|p2|Blissey, F|\n|poke|p2|Pelipper, M|\n|poke|p2|Calyrex-Ice|\n|teampreview\n|inactive|Battle timer is ON: inactive players will automatically lose when time's up. (requested by INeverLoseiditos)\n|\n|t:|1700350340\n|start\n|switch|p1a: Glimmora|Glimmora, M|100\/100\n|switch|p2a: Miraidon|Miraidon|100\/100\n|-fieldstart|move: Electric Terrain|[from] ability: Hadron Engine|[of] p2a: Miraidon\n|turn|1\n|\n|t:|1700350346\n|move|p2a: Miraidon|Dragon Pulse|p1a: Glimmora\n|-damage|p1a: Glimmora|27\/100\n|move|p1a: Glimmora|Stealth Rock|p2a: Miraidon\n|-sidestart|p2: hoenn militian|move: Stealth Rock\n|\n|upkeep\n|turn|2\n|\n|t:|1700350354\n|move|p2a: Miraidon|Electro Drift|p1a: Glimmora\n|-damage|p1a: Glimmora|0 fnt\n|faint|p1a: Glimmora\n|\n|upkeep\n|\n|t:|1700350364\n|switch|p1a: Ditto|Ditto|100\/100\n|-transform|p1a: Ditto|p2a: Miraidon|[from] ability: Imposter\n|-activate|p1a: Ditto|ability: Hadron Engine\n|turn|3\n|\n|t:|1700350370\n|move|p2a: Miraidon|Protect|p2a: Miraidon\n|-singleturn|p2a: Miraidon|Protect\n|move|p1a: Ditto|Protect||[still]\n|-fail|p1a: Ditto\n|\n|upkeep\n|turn|4\n|\n|t:|1700350376\n|switch|p2a: Blissey|Blissey, F|100\/100\n|move|p1a: Ditto|Protect||[still]\n|-fail|p1a: Ditto\n|\n|upkeep\n|turn|5\n|\n|t:|1700350381\n|move|p1a: Ditto|U-turn|p2a: Blissey\n|-damage|p2a: Blissey|76\/100\n|\n|t:|1700350387\n|switch|p1a: Dondozo|Dondozo, M|100\/100|[from] U-turn\n|move|p2a: Blissey|Stealth Rock|p1a: Dondozo\n|-sidestart|p1: INeverLoseiditos|move: Stealth Rock\n|\n|-fieldend|move: Electric Terrain\n|upkeep\n|turn|6\n|\n|t:|1700350393\n|switch|p2a: Pelipper|Pelipper, M|100\/100\n|-weather|RainDance|[from] ability: Drizzle|[of] p2a: Pelipper\n|move|p1a: Dondozo|Bulldoze|p2a: Pelipper\n|-immune|p2a: Pelipper\n|\n|-weather|RainDance|[upkeep]\n|upkeep\n|turn|7\n|\n|t:|1700350400\n|switch|p1a: Ditto|Ditto|100\/100\n|-damage|p1a: Ditto|88\/100|[from] Stealth Rock\n|-transform|p1a: Ditto|p2a: Pelipper|[from] ability: Imposter\n|move|p2a: Pelipper|Hurricane|p1a: Ditto\n|-damage|p1a: Ditto|31\/100\n|\n|-weather|RainDance|[upkeep]\n|upkeep\n|turn|8\n|\n|t:|1700350412\n|move|p1a: Ditto|Roost|p1a: Ditto\n|-heal|p1a: Ditto|81\/100\n|-singleturn|p1a: Ditto|move: Roost\n|move|p2a: Pelipper|Hurricane|p1a: Ditto\n|-crit|p1a: Ditto\n|-damage|p1a: Ditto|2\/100\n|\n|-weather|RainDance|[upkeep]\n|upkeep\n|turn|9\n|\n|t:|1700350420\n|move|p1a: Ditto|Hurricane|p2a: Pelipper\n|-damage|p2a: Pelipper|51\/100\n|move|p2a: Pelipper|U-turn|p1a: Ditto\n|-resisted|p1a: Ditto\n|-damage|p1a: Ditto|0 fnt\n|faint|p1a: Ditto\n|\n|t:|1700350434\n|switch|p2a: Miraidon|Miraidon|100\/100|[from] U-turn\n|-fieldstart|move: Electric Terrain|[from] ability: Hadron Engine|[of] p2a: Miraidon\n|\n|-weather|RainDance|[upkeep]\n|upkeep\n|\n|t:|1700350448\n|switch|p1a: Arceus|Arceus|100\/100\n|-damage|p1a: Arceus|88\/100|[from] Stealth Rock\n|turn|10\n|\n|t:|1700350457\n|switch|p2a: Skeledirge|Skeledirge, F|100\/100\n|move|p1a: Arceus|Dragon Dance|p1a: Arceus\n|-boost|p1a: Arceus|atk|1\n|-boost|p1a: Arceus|spe|1\n|\n|-weather|none\n|upkeep\n|turn|11\n|\n|t:|1700350464\n|move|p1a: Arceus|Shadow Claw|p2a: Skeledirge\n|-supereffective|p2a: Skeledirge\n|-damage|p2a: Skeledirge|71\/100\n|move|p2a: Skeledirge|Will-O-Wisp|p1a: Arceus\n|-status|p1a: Arceus|brn\n|\n|-damage|p1a: Arceus|82\/100 brn|[from] brn\n|upkeep\n|turn|12\n|\n|t:|1700350473\n|move|p1a: Arceus|Shadow Claw|p2a: Skeledirge\n|-supereffective|p2a: Skeledirge\n|-damage|p2a: Skeledirge|55\/100\n|move|p2a: Skeledirge|Slack Off|p2a: Skeledirge\n|-heal|p2a: Skeledirge|100\/100\n|\n|-damage|p1a: Arceus|76\/100 brn|[from] brn\n|upkeep\n|turn|13\n|\n|t:|1700350480\n|switch|p1a: Calyrex|Calyrex-Shadow|100\/100\n|-ability|p1a: Calyrex|As One\n|-ability|p1a: Calyrex|Unnerve\n|-damage|p1a: Calyrex|88\/100|[from] Stealth Rock\n|move|p2a: Skeledirge|Torch Song|p1a: Calyrex\n|-damage|p1a: Calyrex|60\/100\n|-boost|p2a: Skeledirge|spa|1\n|\n|-fieldend|move: Electric Terrain\n|upkeep\n|turn|14\n|\n|t:|1700350493\n|switch|p2a: Grimmsnarl|Grimmsnarl, M|100\/100\n|move|p1a: Calyrex|Dark Pulse|p2a: Grimmsnarl\n|-resisted|p2a: Grimmsnarl\n|-crit|p2a: Grimmsnarl\n|-damage|p2a: Grimmsnarl|92\/100\n|\n|upkeep\n|turn|15\n|\n|t:|1700350500\n|switch|p1a: Dondozo|Dondozo, M|100\/100\n|-damage|p1a: Dondozo|88\/100|[from] Stealth Rock\n|move|p2a: Grimmsnarl|Spirit Break|p1a: Dondozo\n|-damage|p1a: Dondozo|68\/100\n|-unboost|p1a: Dondozo|spa|1\n|\n|-heal|p1a: Dondozo|74\/100|[from] item: Leftovers\n|upkeep\n|turn|16\n|\n|t:|1700350509\n|move|p2a: Grimmsnarl|Parting Shot|p1a: Dondozo\n|-unboost|p1a: Dondozo|atk|1\n|-unboost|p1a: Dondozo|spa|1\n|\n|t:|1700350512\n|switch|p2a: Pelipper|Pelipper, M|51\/100|[from] Parting Shot\n|-weather|RainDance|[from] ability: Drizzle|[of] p2a: Pelipper\n|move|p1a: Dondozo|Wave Crash|p2a: Pelipper\n|-resisted|p2a: Pelipper\n|-damage|p2a: Pelipper|28\/100\n|-damage|p1a: Dondozo|69\/100|[from] Recoil\n|\n|-weather|RainDance|[upkeep]\n|-heal|p1a: Dondozo|75\/100|[from] item: Leftovers\n|upkeep\n|turn|17\n|\n|t:|1700350523\n|move|p2a: Pelipper|Roost|p2a: Pelipper\n|-heal|p2a: Pelipper|78\/100\n|-singleturn|p2a: Pelipper|move: Roost\n|move|p1a: Dondozo|Rest|p1a: Dondozo\n|-status|p1a: Dondozo|slp|[from] move: Rest\n|-heal|p1a: Dondozo|100\/100 slp|[silent]\n|\n|-weather|RainDance|[upkeep]\n|upkeep\n|turn|18\n|\n|t:|1700350534\n|switch|p1a: Arceus|Arceus|76\/100 brn\n|-damage|p1a: Arceus|64\/100 brn|[from] Stealth Rock\n|move|p2a: Pelipper|Hurricane|p1a: Arceus\n|-damage|p1a: Arceus|38\/100 brn\n|\n|-weather|RainDance|[upkeep]\n|-damage|p1a: Arceus|32\/100 brn|[from] brn\n|upkeep\n|turn|19\n|\n|t:|1700350544\n|move|p1a: Arceus|Recover|p1a: Arceus\n|-heal|p1a: Arceus|82\/100 brn\n|move|p2a: Pelipper|Hurricane|p1a: Arceus\n|-damage|p1a: Arceus|53\/100 brn\n|\n|-weather|RainDance|[upkeep]\n|-damage|p1a: Arceus|47\/100 brn|[from] brn\n|upkeep\n|turn|20\n|\n|t:|1700350557\n|move|p1a: Arceus|Recover|p1a: Arceus\n|-heal|p1a: Arceus|97\/100 brn\n|move|p2a: Pelipper|U-turn|p1a: Arceus\n|-damage|p1a: Arceus|91\/100 brn\n|\n|t:|1700350565\n|switch|p2a: Skeledirge|Skeledirge, F|100\/100|[from] U-turn\n|\n|-weather|none\n|-damage|p1a: Arceus|85\/100 brn|[from] brn\n|upkeep\n|turn|21\n|\n|t:|1700350584\n|move|p1a: Arceus|Shadow Claw|p2a: Skeledirge\n|-supereffective|p2a: Skeledirge\n|-crit|p2a: Skeledirge\n|-damage|p2a: Skeledirge|78\/100\n|move|p2a: Skeledirge|Will-O-Wisp|p1a: Arceus\n|-fail|p1a: Arceus|brn\n|\n|-damage|p1a: Arceus|79\/100 brn|[from] brn\n|upkeep\n|turn|22\n|\n|t:|1700350593\n|switch|p1a: Calyrex|Calyrex-Shadow|60\/100\n|-ability|p1a: Calyrex|As One\n|-ability|p1a: Calyrex|Unnerve\n|-damage|p1a: Calyrex|47\/100|[from] Stealth Rock\n|move|p2a: Skeledirge|Will-O-Wisp|p1a: Calyrex|[miss]\n|-miss|p2a: Skeledirge|p1a: Calyrex\n|\n|upkeep\n|turn|23\n|\n|t:|1700350605\n|switch|p2a: Blissey|Blissey, F|76\/100\n|move|p1a: Calyrex|Dark Pulse|p2a: Blissey\n|-damage|p2a: Blissey|66\/100\n|\n|upkeep\n|turn|24\n|\n|t:|1700350611\n|move|p1a: Calyrex|Psyshock|p2a: Blissey\n|-damage|p2a: Blissey|0 fnt\n|faint|p2a: Blissey\n|-ability|p1a: Calyrex|Grim Neigh|boost\n|-boost|p1a: Calyrex|spa|1\n|\n|upkeep\n|\n|t:|1700350619\n|switch|p2a: Grimmsnarl|Grimmsnarl, M|92\/100\n|turn|25\n|\n|t:|1700350626\n|move|p1a: Calyrex|Grass Knot|p2a: Grimmsnarl\n|-damage|p2a: Grimmsnarl|52\/100\n|move|p2a: Grimmsnarl|Spirit Break|p1a: Calyrex\n|-damage|p1a: Calyrex|10\/100\n|-unboost|p1a: Calyrex|spa|1\n|\n|upkeep\n|turn|26\n|\n|t:|1700350633\n|move|p1a: Calyrex|Grass Knot|p2a: Grimmsnarl\n|-damage|p2a: Grimmsnarl|28\/100\n|move|p2a: Grimmsnarl|Spirit Break|p1a: Calyrex\n|-damage|p1a: Calyrex|0 fnt\n|faint|p1a: Calyrex\n|\n|upkeep\n|\n|t:|1700350637\n|switch|p1a: Miraidon|Miraidon|100\/100\n|-damage|p1a: Miraidon|88\/100|[from] Stealth Rock\n|-fieldstart|move: Electric Terrain|[from] ability: Hadron Engine|[of] p1a: Miraidon\n|turn|27\n|\n|t:|1700350647\n|move|p2a: Grimmsnarl|Parting Shot|p1a: Miraidon\n|-unboost|p1a: Miraidon|atk|1\n|-unboost|p1a: Miraidon|spa|1\n|\n|t:|1700350652\n|switch|p2a: Miraidon|Miraidon|100\/100|[from] Parting Shot\n|-activate|p2a: Miraidon|ability: Hadron Engine\n|move|p1a: Miraidon|Electro Drift|p2a: Miraidon\n|-resisted|p2a: Miraidon\n|-damage|p2a: Miraidon|86\/100\n|\n|upkeep\n|turn|28\n|\n|t:|1700350661\n|-terastallize|p1a: Miraidon|Fairy\n|move|p1a: Miraidon|Dazzling Gleam|p2a: Miraidon\n|-supereffective|p2a: Miraidon\n|-damage|p2a: Miraidon|18\/100\n|move|p2a: Miraidon|Dragon Pulse|p1a: Miraidon\n|-immune|p1a: Miraidon\n|\n|upkeep\n|turn|29\n|\n|t:|1700350670\n|move|p2a: Miraidon|Electro Drift|p1a: Miraidon\n|-damage|p1a: Miraidon|5\/100\n|move|p1a: Miraidon|Dazzling Gleam|p2a: Miraidon\n|-supereffective|p2a: Miraidon\n|-damage|p2a: Miraidon|0 fnt\n|faint|p2a: Miraidon\n|\n|upkeep\n|c|\u2606INeverLoseiditos|What the\n|\n|t:|1700350678\n|switch|p2a: Grimmsnarl|Grimmsnarl, M|28\/100\n|turn|30\n|\n|t:|1700350682\n|switch|p1a: Arceus|Arceus|79\/100 brn\n|-damage|p1a: Arceus|66\/100 brn|[from] Stealth Rock\n|move|p2a: Grimmsnarl|Sucker Punch||[still]\n|-fail|p2a: Grimmsnarl\n|\n|-damage|p1a: Arceus|60\/100 brn|[from] brn\n|upkeep\n|turn|31\n|\n|t:|1700350691\n|switch|p2a: Skeledirge|Skeledirge, F|78\/100\n|move|p1a: Arceus|Dragon Dance|p1a: Arceus\n|-boost|p1a: Arceus|atk|1\n|-boost|p1a: Arceus|spe|1\n|\n|-damage|p1a: Arceus|54\/100 brn|[from] brn\n|-fieldend|move: Electric Terrain\n|upkeep\n|turn|32\n|\n|t:|1700350699\n|move|p1a: Arceus|Recover|p1a: Arceus\n|-heal|p1a: Arceus|100\/100 brn\n|move|p2a: Skeledirge|Slack Off|p2a: Skeledirge\n|-heal|p2a: Skeledirge|100\/100\n|\n|-damage|p1a: Arceus|94\/100 brn|[from] brn\n|upkeep\n|turn|33\n|\n|t:|1700350705\n|move|p1a: Arceus|Shadow Claw|p2a: Skeledirge\n|-supereffective|p2a: Skeledirge\n|-damage|p2a: Skeledirge|85\/100\n|move|p2a: Skeledirge|Torch Song|p1a: Arceus\n|-damage|p1a: Arceus|72\/100 brn\n|-boost|p2a: Skeledirge|spa|1\n|\n|-damage|p1a: Arceus|66\/100 brn|[from] brn\n|upkeep\n|turn|34\n|\n|t:|1700350715\n|switch|p1a: Dondozo|Dondozo, M|100\/100 slp\n|-damage|p1a: Dondozo|88\/100 slp|[from] Stealth Rock\n|move|p2a: Skeledirge|Torch Song|p1a: Dondozo\n|-resisted|p1a: Dondozo\n|-damage|p1a: Dondozo|75\/100 slp\n|-boost|p2a: Skeledirge|spa|1\n|\n|-heal|p1a: Dondozo|81\/100 slp|[from] item: Leftovers\n|upkeep\n|turn|35\n|\n|t:|1700350725\n|move|p2a: Skeledirge|Hex|p1a: Dondozo\n|-damage|p1a: Dondozo|35\/100 slp\n|cant|p1a: Dondozo|slp\n|\n|-heal|p1a: Dondozo|42\/100 slp|[from] item: Leftovers\n|upkeep\n|turn|36\n|\n|t:|1700350730\n|switch|p1a: Arceus|Arceus|66\/100 brn\n|-damage|p1a: Arceus|54\/100 brn|[from] Stealth Rock\n|move|p2a: Skeledirge|Hex|p1a: Arceus\n|-immune|p1a: Arceus\n|\n|-damage|p1a: Arceus|48\/100 brn|[from] brn\n|upkeep\n|turn|37\n|\n|t:|1700350739\n|move|p1a: Arceus|Shadow Claw|p2a: Skeledirge\n|-supereffective|p2a: Skeledirge\n|-damage|p2a: Skeledirge|69\/100\n|move|p2a: Skeledirge|Torch Song|p1a: Arceus\n|-damage|p1a: Arceus|5\/100 brn\n|-boost|p2a: Skeledirge|spa|1\n|\n|-damage|p1a: Arceus|0 fnt|[from] brn\n|faint|p1a: Arceus\n|upkeep\n|\n|t:|1700350742\n|switch|p1a: Miraidon|Miraidon, tera:Fairy|5\/100\n|-damage|p1a: Miraidon|0 fnt|[from] Stealth Rock\n|faint|p1a: Miraidon\n|\n|t:|1700350745\n|switch|p1a: Dondozo|Dondozo, M|42\/100 slp\n|-damage|p1a: Dondozo|29\/100 slp|[from] Stealth Rock\n|turn|38\n|\n|t:|1700350754\n|move|p2a: Skeledirge|Hex|p1a: Dondozo\n|-damage|p1a: Dondozo|0 fnt\n|faint|p1a: Dondozo\n|\n|win|hoenn militian\n|raw|INeverLoseiditos's rating: 1520 &rarr; <strong>1513<\/strong><br \/>(-7 for losing)\n|raw|hoenn militian's rating: 1778 &rarr; <strong>1785<\/strong><br \/>(+7 for winning)\n|l|\u2606INeverLoseiditos\n","uploadtime":1700350784,"views":4,"p1id":"ineverloseiditos","p2id":"hoennmilitian","formatid":"gen9anythinggoes","rating":1513,"private":0,"password":""}