{"id":"gen9anythinggoes-1975201093","p1":"AarushDude","p2":"zyxu","format":"[Gen 9] Anything Goes","log":"|j|\u2606AarushDude\n|j|\u2606zyxu\n|t:|1698169740\n|gametype|singles\n|player|p1|AarushDude|cynthia-gen4|1000\n|player|p2|zyxu|266|1000\n|teamsize|p1|1\n|teamsize|p2|6\n|gen|9\n|tier|[Gen 9] Anything Goes\n|rated|\n|rule|HP Percentage Mod: HP is shown in percentages\n|rule|Endless Battle Clause: Forcing endless battles is banned\n|clearpoke\n|poke|p1|Dragonite, M|\n|poke|p2|Annihilape, F|\n|poke|p2|Cinderace, M|\n|poke|p2|Baxcalibur, F|\n|poke|p2|Mewtwo|\n|poke|p2|Gengar, F|\n|poke|p2|Garchomp, M|\n|teampreview\n|inactive|Battle timer is ON: inactive players will automatically lose when time's up. (requested by AarushDude)\n|\n|t:|1698169752\n|start\n|switch|p1a: Dragonite|Dragonite, M|100\/100\n|switch|p2a: Garchomp|Garchomp, M|100\/100\n|turn|1\n|c|\u2606AarushDude|dont use dragon move\n|c|\u2606AarushDude|please\n|inactive|zyxu has 120 seconds left.\n|c|\u2606AarushDude|let me win\n|\n|t:|1698169783\n|move|p2a: Garchomp|Draco Meteor|p1a: Dragonite\n|-supereffective|p1a: Dragonite\n|-damage|p1a: Dragonite|65\/100\n|-unboost|p2a: Garchomp|spa|2\n|-enditem|p1a: Dragonite|Weakness Policy\n|-boost|p1a: Dragonite|atk|2|[from] item: Weakness Policy\n|-boost|p1a: Dragonite|spa|2|[from] item: Weakness Policy\n|move|p1a: Dragonite|Dragon Dance|p1a: Dragonite\n|-boost|p1a: Dragonite|atk|1\n|-boost|p1a: Dragonite|spe|1\n|\n|upkeep\n|turn|2\n|inactive|zyxu has 120 seconds left.\n|\n|t:|1698169801\n|move|p1a: Dragonite|Fly||[still]\n|-prepare|p1a: Dragonite|Fly\n|move|p2a: Garchomp|Earthquake|p1a: Dragonite|[miss]\n|-miss|p2a: Garchomp|p1a: Dragonite\n|\n|upkeep\n|turn|3\n|inactive|zyxu has 120 seconds left.\n|\n|t:|1698169807\n|move|p1a: Dragonite|Fly|p2a: Garchomp|[from]lockedmove\n|-damage|p2a: Garchomp|3\/100\n|-damage|p1a: Dragonite|53\/100|[from] ability: Rough Skin|[of] p2a: Garchomp\n|move|p2a: Garchomp|Flamethrower|p1a: Dragonite\n|-resisted|p1a: Dragonite\n|-damage|p1a: Dragonite|49\/100\n|\n|upkeep\n|turn|4\n|\n|t:|1698169818\n|move|p1a: Dragonite|Earthquake|p2a: Garchomp\n|-damage|p2a: Garchomp|0 fnt\n|faint|p2a: Garchomp\n|\n|upkeep\n|inactive|zyxu has 120 seconds left.\n|\n|t:|1698169830\n|switch|p2a: Annihilape|Annihilape, F|100\/100\n|turn|5\n|\n|t:|1698169839\n|move|p1a: Dragonite|Fly||[still]\n|-prepare|p1a: Dragonite|Fly\n|move|p2a: Annihilape|Close Combat|p1a: Dragonite|[miss]\n|-miss|p2a: Annihilape|p1a: Dragonite\n|\n|upkeep\n|turn|6\n|\n|t:|1698169844\n|move|p1a: Dragonite|Fly|p2a: Annihilape|[from]lockedmove\n|-supereffective|p2a: Annihilape\n|-damage|p2a: Annihilape|0 fnt\n|faint|p2a: Annihilape\n|\n|upkeep\n|\n|t:|1698169853\n|switch|p2a: Gengar|Gengar, F|100\/100\n|turn|7\n|\n|t:|1698169860\n|move|p1a: Dragonite|Earthquake|p2a: Gengar\n|-supereffective|p2a: Gengar\n|-damage|p2a: Gengar|0 fnt\n|-start|p1a: Dragonite|Disable|Earthquake|[from] ability: Cursed Body|[of] p2a: Gengar\n|faint|p2a: Gengar\n|\n|upkeep\n|\n|t:|1698169875\n|switch|p2a: Baxcalibur|Baxcalibur, F|100\/100\n|turn|8\n|\n|t:|1698169884\n|move|p1a: Dragonite|Fly||[still]\n|-prepare|p1a: Dragonite|Fly\n|move|p2a: Baxcalibur|Earthquake|p1a: Dragonite|[miss]\n|-miss|p2a: Baxcalibur|p1a: Dragonite\n|\n|upkeep\n|turn|9\n|\n|t:|1698169892\n|move|p1a: Dragonite|Fly|p2a: Baxcalibur|[from]lockedmove\n|-damage|p2a: Baxcalibur|0 fnt\n|faint|p2a: Baxcalibur\n|\n|upkeep\n|\n|t:|1698169898\n|switch|p2a: Cinderace|Cinderace, M|100\/100\n|turn|10\n|\n|t:|1698169906\n|move|p1a: Dragonite|Fly||[still]\n|-prepare|p1a: Dragonite|Fly\n|move|p2a: Cinderace|Flamethrower|p1a: Dragonite|[miss]\n|-miss|p2a: Cinderace|p1a: Dragonite\n|\n|-end|p1a: Dragonite|Disable\n|upkeep\n|turn|11\n|\n|t:|1698169915\n|switch|p2a: Mewtwo|Mewtwo|100\/100\n|-ability|p2a: Mewtwo|Unnerve\n|move|p1a: Dragonite|Fly|p2a: Mewtwo|[from]lockedmove\n|-damage|p2a: Mewtwo|1\/100\n|\n|upkeep\n|turn|12\n|\n|t:|1698169924\n|move|p1a: Dragonite|Earthquake|p2a: Mewtwo\n|-damage|p2a: Mewtwo|0 fnt\n|faint|p2a: Mewtwo\n|\n|upkeep\n|\n|t:|1698169929\n|switch|p2a: Cinderace|Cinderace, M|100\/100\n|turn|13\n|\n|t:|1698169943\n|-terastallize|p2a: Cinderace|Fire\n|move|p1a: Dragonite|Earthquake|p2a: Cinderace\n|-supereffective|p2a: Cinderace\n|-enditem|p2a: Cinderace|Focus Sash\n|-damage|p2a: Cinderace|1\/100\n|move|p2a: Cinderace|Flamethrower|p1a: Dragonite\n|-resisted|p1a: Dragonite\n|-damage|p1a: Dragonite|37\/100\n|\n|upkeep\n|turn|14\n|\n|t:|1698169958\n|move|p1a: Dragonite|Earthquake|p2a: Cinderace\n|-supereffective|p2a: Cinderace\n|-crit|p2a: Cinderace\n|-damage|p2a: Cinderace|0 fnt\n|faint|p2a: Cinderace\n|\n|win|AarushDude\n|raw|AarushDude's rating: 1000 &rarr; <strong>1040<\/strong><br \/>(+40 for winning)\n|raw|zyxu's rating: 1000 &rarr; <strong>1000<\/strong><br \/>(+0 for losing)\n|l|\u2606zyxu\n","uploadtime":1698169972,"views":11,"p1id":"aarushdude","p2id":"zyxu","formatid":"gen9anythinggoes","rating":1000,"private":0,"password":""}