{"id":"gen9anythinggoes-1997816465","p1":"Mike79","p2":"Guest 3107088","format":"[Gen 9] Anything Goes","log":"|j|\u2606Mike79\n|j|\u203dGuest 3107088\n|t:|1700855805\n|gametype|singles\n|player|p1|Mike79|102|1106\n|player|p2|Guest 3107088|266|1209\n|teamsize|p1|6\n|teamsize|p2|6\n|gen|9\n|tier|[Gen 9] Anything Goes\n|rated|\n|rule|HP Percentage Mod: HP is shown in percentages\n|rule|Endless Battle Clause: Forcing endless battles is banned\n|clearpoke\n|poke|p1|Tyranitar, F|\n|poke|p1|Quagsire, F|\n|poke|p1|Lucario, F|\n|poke|p1|Jolteon, M|\n|poke|p1|Dragonite, F|\n|poke|p1|Gengar, M|\n|poke|p2|Annihilape, F|\n|poke|p2|Annihilape, M|\n|poke|p2|Kingambit, F|\n|poke|p2|Annihilape, F|\n|poke|p2|Annihilape, M|\n|poke|p2|Annihilape, M|\n|teampreview\n|\n|t:|1700855814\n|start\n|switch|p1a: Jolteon|Jolteon, M|100\/100\n|switch|p2a: Annihilape|Annihilape, F|100\/100\n|-item|p1a: Jolteon|Air Balloon\n|turn|1\n|\n|t:|1700855822\n|move|p1a: Jolteon|Thunder Wave|p2a: Annihilape\n|-status|p2a: Annihilape|par\n|move|p2a: Annihilape|Stealth Rock|p1a: Jolteon\n|-sidestart|p1: Mike79|move: Stealth Rock\n|\n|upkeep\n|turn|2\n|\n|t:|1700855828\n|move|p1a: Jolteon|Shadow Ball|p2a: Annihilape\n|-supereffective|p2a: Annihilape\n|-damage|p2a: Annihilape|62\/100 par\n|cant|p2a: Annihilape|par\n|\n|-heal|p2a: Annihilape|68\/100 par|[from] item: Leftovers\n|upkeep\n|turn|3\n|\n|t:|1700855835\n|move|p1a: Jolteon|Shadow Ball|p2a: Annihilape\n|-supereffective|p2a: Annihilape\n|-damage|p2a: Annihilape|23\/100 par\n|move|p2a: Annihilape|Rage Fist|p1a: Jolteon\n|-damage|p1a: Jolteon|2\/100\n|-enditem|p1a: Jolteon|Air Balloon\n|\n|-heal|p2a: Annihilape|29\/100 par|[from] item: Leftovers\n|upkeep\n|turn|4\n|\n|t:|1700855843\n|move|p1a: Jolteon|Shadow Ball|p2a: Annihilape\n|-supereffective|p2a: Annihilape\n|-damage|p2a: Annihilape|0 fnt\n|faint|p2a: Annihilape\n|\n|upkeep\n|\n|t:|1700855846\n|switch|p2a: Annihilape|Annihilape, F|100\/100\n|turn|5\n|\n|t:|1700855849\n|move|p2a: Annihilape|U-turn|p1a: Jolteon\n|-damage|p1a: Jolteon|0 fnt\n|faint|p1a: Jolteon\n|\n|t:|1700855853\n|switch|p2a: Annihilape|Annihilape, M|100\/100|[from] U-turn\n|\n|upkeep\n|inactive|Battle timer is ON: inactive players will automatically lose when time's up. (requested by Guest 3107088)\n|\n|t:|1700855871\n|switch|p1a: Quagsire|Quagsire, F|100\/100\n|-damage|p1a: Quagsire|94\/100|[from] Stealth Rock\n|turn|6\n|\n|t:|1700855875\n|move|p2a: Annihilape|Final Gambit|p1a: Quagsire\n|-damage|p1a: Quagsire|0 fnt\n|faint|p2a: Annihilape\n|faint|p1a: Quagsire\n|\n|upkeep\n|\n|t:|1700855884\n|switch|p2a: Annihilape|Annihilape, F|100\/100\n|switch|p1a: Dragonite|Dragonite, F|100\/100\n|-damage|p1a: Dragonite|76\/100|[from] Stealth Rock\n|turn|7\n|\n|t:|1700855890\n|move|p2a: Annihilape|Final Gambit|p1a: Dragonite\n|-damage|p1a: Dragonite|0 fnt\n|faint|p2a: Annihilape\n|faint|p1a: Dragonite\n|\n|upkeep\n|\n|t:|1700855897\n|switch|p2a: Annihilape|Annihilape, M|100\/100\n|switch|p1a: Gengar|Gengar, M|100\/100\n|-damage|p1a: Gengar|88\/100|[from] Stealth Rock\n|turn|8\n|\n|t:|1700855908\n|move|p2a: Annihilape|Rage Fist|p1a: Gengar\n|-supereffective|p1a: Gengar\n|-damage|p1a: Gengar|36\/100\n|move|p1a: Gengar|Psychic|p2a: Annihilape\n|-supereffective|p2a: Annihilape\n|-damage|p2a: Annihilape|46\/100\n|\n|-heal|p1a: Gengar|42\/100|[from] item: Black Sludge\n|upkeep\n|turn|9\n|\n|t:|1700855917\n|-terastallize|p1a: Gengar|Poison\n|move|p2a: Annihilape|Rage Fist|p1a: Gengar\n|-damage|p1a: Gengar|0 fnt\n|faint|p1a: Gengar\n|\n|upkeep\n|\n|t:|1700855931\n|switch|p1a: Tyranitar|Tyranitar, F|100\/100\n|-damage|p1a: Tyranitar|88\/100|[from] Stealth Rock\n|-weather|Sandstorm|[from] ability: Sand Stream|[of] p1a: Tyranitar\n|turn|10\n|\n|t:|1700855937\n|move|p2a: Annihilape|Rage Fist|p1a: Tyranitar\n|-resisted|p1a: Tyranitar\n|-damage|p1a: Tyranitar|73\/100\n|move|p1a: Tyranitar|Shadow Claw|p2a: Annihilape\n|-supereffective|p2a: Annihilape\n|-damage|p2a: Annihilape|0 fnt\n|faint|p2a: Annihilape\n|\n|-weather|Sandstorm|[upkeep]\n|-heal|p1a: Tyranitar|79\/100|[from] item: Leftovers\n|upkeep\n|\n|t:|1700855943\n|switch|p2a: Kingambit|Kingambit, F|100\/100\n|-activate|p2a: Kingambit|ability: Supreme Overlord\n|-start|p2a: Kingambit|fallen4|[silent]\n|turn|11\n|\n|t:|1700855949\n|move|p1a: Tyranitar|Brick Break|p2a: Kingambit\n|-supereffective|p2a: Kingambit\n|-damage|p2a: Kingambit|28\/100\n|move|p2a: Kingambit|Swords Dance|p2a: Kingambit\n|-boost|p2a: Kingambit|atk|2\n|\n|-weather|Sandstorm|[upkeep]\n|-heal|p1a: Tyranitar|85\/100|[from] item: Leftovers\n|upkeep\n|turn|12\n|\n|t:|1700855957\n|move|p2a: Kingambit|Sucker Punch|p1a: Tyranitar\n|-resisted|p1a: Tyranitar\n|-damage|p1a: Tyranitar|30\/100\n|move|p1a: Tyranitar|Fire Punch|p2a: Kingambit\n|-supereffective|p2a: Kingambit\n|-damage|p2a: Kingambit|0 fnt\n|faint|p2a: Kingambit\n|-end|p2a: Kingambit|fallen4|[silent]\n|\n|-weather|Sandstorm|[upkeep]\n|-heal|p1a: Tyranitar|36\/100|[from] item: Leftovers\n|upkeep\n|\n|t:|1700855960\n|switch|p2a: Annihilape|Annihilape, M|100\/100\n|turn|13\n|\n|t:|1700855968\n|move|p2a: Annihilape|Close Combat|p1a: Tyranitar\n|-supereffective|p1a: Tyranitar\n|-crit|p1a: Tyranitar\n|-damage|p1a: Tyranitar|0 fnt\n|-unboost|p2a: Annihilape|def|1\n|-unboost|p2a: Annihilape|spd|1\n|faint|p1a: Tyranitar\n|\n|-weather|Sandstorm|[upkeep]\n|-damage|p2a: Annihilape|94\/100|[from] Sandstorm\n|upkeep\n|\n|t:|1700855976\n|switch|p1a: Lucario|Lucario, F|100\/100\n|-damage|p1a: Lucario|98\/100|[from] Stealth Rock\n|turn|14\n|\n|t:|1700855982\n|-terastallize|p2a: Annihilape|Fighting\n|move|p2a: Annihilape|Close Combat|p1a: Lucario\n|-supereffective|p1a: Lucario\n|-damage|p1a: Lucario|0 fnt\n|-unboost|p2a: Annihilape|def|1\n|-unboost|p2a: Annihilape|spd|1\n|faint|p1a: Lucario\n|\n|win|Guest 3107088\n|raw|Mike79's rating: 1106 &rarr; <strong>1090<\/strong><br \/>(-16 for losing)\n|raw|Guest 3107088's rating: 1231 &rarr; <strong>1247<\/strong><br \/>(+16 for winning)\n","uploadtime":1700855991,"views":0,"p1id":"mike79","p2id":"guest3107088","formatid":"gen9anythinggoes","rating":1090,"private":0,"password":""}