{"id":"gen9anythinggoes-1973458325","p1":"firecreepr","p2":"Apsogoso","format":"[Gen 9] Anything Goes","log":"|j|\u2606firecreepr\n|j|\u2606Apsogoso\n|t:|1697978724\n|gametype|singles\n|player|p1|firecreepr|silver|1000\n|player|p2|Apsogoso|1|1045\n|teamsize|p1|6\n|teamsize|p2|4\n|gen|9\n|tier|[Gen 9] Anything Goes\n|rated|\n|rule|HP Percentage Mod: HP is shown in percentages\n|rule|Endless Battle Clause: Forcing endless battles is banned\n|clearpoke\n|poke|p1|Magearna|\n|poke|p1|Calyrex-Shadow|\n|poke|p1|Roaring Moon|\n|poke|p1|Goodra-Hisui, M|\n|poke|p1|Torkoal, F|\n|poke|p1|Thundurus-Therian, M|\n|poke|p2|Maushold-Four|\n|poke|p2|Maushold|\n|poke|p2|Noivern, F|\n|poke|p2|Drifblim, M|\n|teampreview\n|inactive|Battle timer is ON: inactive players will automatically lose when time's up. (requested by firecreepr)\n|\n|t:|1697978743\n|start\n|switch|p1a: Torkoal|Torkoal, F|100\/100\n|switch|p2a: Drifblim|Drifblim, M|100\/100\n|-weather|SunnyDay|[from] ability: Drought|[of] p1a: Torkoal\n|turn|1\n|\n|t:|1697978754\n|move|p2a: Drifblim|Minimize|p2a: Drifblim\n|-boost|p2a: Drifblim|evasion|2\n|move|p1a: Torkoal|Yawn|p2a: Drifblim\n|-start|p2a: Drifblim|move: Yawn|[of] p1a: Torkoal\n|\n|-weather|SunnyDay|[upkeep]\n|upkeep\n|turn|2\n|\n|t:|1697978763\n|move|p2a: Drifblim|Minimize|p2a: Drifblim\n|-boost|p2a: Drifblim|evasion|2\n|move|p1a: Torkoal|Stealth Rock|p2a: Drifblim\n|-sidestart|p2: Apsogoso|move: Stealth Rock\n|\n|-weather|SunnyDay|[upkeep]\n|-end|p2a: Drifblim|move: Yawn|[silent]\n|-status|p2a: Drifblim|slp\n|upkeep\n|turn|3\n|\n|t:|1697978773\n|switch|p1a: Magearna|Magearna|100\/100\n|cant|p2a: Drifblim|slp\n|\n|-weather|SunnyDay|[upkeep]\n|upkeep\n|turn|4\n|\n|t:|1697978780\n|cant|p2a: Drifblim|slp\n|move|p1a: Magearna|Substitute|p1a: Magearna\n|-start|p1a: Magearna|Substitute\n|-damage|p1a: Magearna|76\/100\n|\n|-weather|SunnyDay|[upkeep]\n|upkeep\n|turn|5\n|\n|t:|1697978786\n|-curestatus|p2a: Drifblim|slp|[msg]\n|move|p2a: Drifblim|Minimize|p2a: Drifblim\n|-boost|p2a: Drifblim|evasion|2\n|move|p1a: Magearna|Shift Gear|p1a: Magearna\n|-boost|p1a: Magearna|spe|2\n|-boost|p1a: Magearna|atk|1\n|\n|-weather|SunnyDay|[upkeep]\n|upkeep\n|turn|6\n|\n|t:|1697978799\n|move|p1a: Magearna|Shift Gear|p1a: Magearna\n|-boost|p1a: Magearna|spe|2\n|-boost|p1a: Magearna|atk|1\n|move|p2a: Drifblim|Calm Mind|p2a: Drifblim\n|-boost|p2a: Drifblim|spa|1\n|-boost|p2a: Drifblim|spd|1\n|\n|-weather|SunnyDay|[upkeep]\n|upkeep\n|turn|7\n|\n|t:|1697978807\n|move|p1a: Magearna|Shift Gear|p1a: Magearna\n|-boost|p1a: Magearna|spe|2\n|-boost|p1a: Magearna|atk|1\n|move|p2a: Drifblim|Calm Mind|p2a: Drifblim\n|-boost|p2a: Drifblim|spa|1\n|-boost|p2a: Drifblim|spd|1\n|\n|-weather|SunnyDay|[upkeep]\n|upkeep\n|turn|8\n|\n|t:|1697978818\n|move|p1a: Magearna|Shift Gear|p1a: Magearna\n|-boost|p1a: Magearna|spe|0\n|-boost|p1a: Magearna|atk|1\n|move|p2a: Drifblim|Baton Pass|p2a: Drifblim\n|\n|t:|1697978827\n|switch|p2a: Maushold|Maushold|100\/100|[from] Baton Pass\n|-damage|p2a: Maushold|88\/100|[from] Stealth Rock\n|\n|-weather|none\n|upkeep\n|turn|9\n|\n|t:|1697978857\n|move|p1a: Magearna|Shift Gear|p1a: Magearna\n|-boost|p1a: Magearna|spe|0\n|-boost|p1a: Magearna|atk|1\n|move|p2a: Maushold|Substitute|p2a: Maushold\n|-start|p2a: Maushold|Substitute\n|-damage|p2a: Maushold|63\/100\n|\n|upkeep\n|turn|10\n|\n|t:|1697978866\n|move|p1a: Magearna|Baton Pass|p1a: Magearna\n|\n|t:|1697978870\n|switch|p1a: Roaring Moon|Roaring Moon|100\/100|[from] Baton Pass\n|-enditem|p1a: Roaring Moon|Booster Energy\n|-activate|p1a: Roaring Moon|ability: Protosynthesis|[fromitem]\n|-start|p1a: Roaring Moon|protosynthesisatk\n|move|p2a: Maushold|Agility|p2a: Maushold\n|-boost|p2a: Maushold|spe|2\n|\n|upkeep\n|turn|11\n|\n|t:|1697978880\n|move|p1a: Roaring Moon|Earthquake|p2a: Maushold|[miss]\n|-miss|p1a: Roaring Moon|p2a: Maushold\n|move|p2a: Maushold|Agility|p2a: Maushold\n|-boost|p2a: Maushold|spe|2\n|\n|upkeep\n|turn|12\n|\n|t:|1697978889\n|move|p1a: Roaring Moon|Earthquake|p2a: Maushold\n|-end|p2a: Maushold|Substitute\n|move|p2a: Maushold|Agility|p2a: Maushold\n|-boost|p2a: Maushold|spe|2\n|\n|upkeep\n|turn|13\n|\n|t:|1697978898\n|move|p1a: Roaring Moon|Knock Off|p2a: Maushold|[miss]\n|-miss|p1a: Roaring Moon|p2a: Maushold\n|move|p2a: Maushold|Substitute|p2a: Maushold\n|-start|p2a: Maushold|Substitute\n|-damage|p2a: Maushold|38\/100\n|\n|upkeep\n|turn|14\n|\n|t:|1697978907\n|move|p1a: Roaring Moon|Earthquake|p2a: Maushold\n|-end|p2a: Maushold|Substitute\n|move|p2a: Maushold|Baton Pass|p2a: Maushold\n|\n|t:|1697978920\n|switch|p2a: Noivern|Noivern, F|100\/100|[from] Baton Pass\n|-damage|p2a: Noivern|75\/100|[from] Stealth Rock\n|\n|upkeep\n|turn|15\n|\n|t:|1697978932\n|move|p1a: Roaring Moon|Knock Off|p2a: Noivern|[miss]\n|-miss|p1a: Roaring Moon|p2a: Noivern\n|move|p2a: Noivern|Boomburst|p1a: Roaring Moon\n|-damage|p1a: Roaring Moon|14\/100\n|\n|upkeep\n|turn|16\n|\n|t:|1697978940\n|move|p1a: Roaring Moon|Dragon Claw|p2a: Noivern\n|-supereffective|p2a: Noivern\n|-damage|p2a: Noivern|0 fnt\n|faint|p2a: Noivern\n|\n|upkeep\n|\n|t:|1697978948\n|switch|p2a: Maushold|Maushold-Four|100\/100\n|-damage|p2a: Maushold|88\/100|[from] Stealth Rock\n|turn|17\n|\n|t:|1697978952\n|move|p1a: Roaring Moon|Knock Off|p2a: Maushold\n|-damage|p2a: Maushold|0 fnt\n|-enditem|p2a: Maushold|Loaded Dice|[from] move: Knock Off|[of] p1a: Roaring Moon\n|faint|p2a: Maushold\n|\n|upkeep\n|\n|t:|1697978960\n|switch|p2a: Drifblim|Drifblim, M|100\/100\n|-damage|p2a: Drifblim|75\/100|[from] Stealth Rock\n|turn|18\n|\n|t:|1697978965\n|move|p1a: Roaring Moon|Knock Off|p2a: Drifblim\n|-supereffective|p2a: Drifblim\n|-damage|p2a: Drifblim|0 fnt\n|-enditem|p2a: Drifblim|Covert Cloak|[from] move: Knock Off|[of] p1a: Roaring Moon\n|faint|p2a: Drifblim\n|\n|upkeep\n|c|\u2606firecreepr|gg\n|-message|Apsogoso forfeited.\n|\n|win|firecreepr\n|raw|firecreepr's rating: 1000 &rarr; <strong>1045<\/strong><br \/>(+45 for winning)\n|raw|Apsogoso's rating: 1045 &rarr; <strong>1026<\/strong><br \/>(-19 for losing)\n|l|\u2606Apsogoso\n","uploadtime":1697979050,"views":13,"p1id":"firecreepr","p2id":"apsogoso","formatid":"gen9anythinggoes","rating":1026,"private":0,"password":""}