{"id":"gen9anythinggoes-1973045043","p1":"Shade041","p2":"Ecco4502","format":"[Gen 9] Anything Goes","log":"|j|\u2606Shade041\n|j|\u2606Ecco4502\n|t:|1697921707\n|gametype|singles\n|player|p1|Shade041|170|\n|player|p2|Ecco4502|hilbert|\n|teamsize|p1|6\n|teamsize|p2|6\n|gen|9\n|tier|[Gen 9] Anything Goes\n|rule|HP Percentage Mod: HP is shown in percentages\n|rule|Endless Battle Clause: Forcing endless battles is banned\n|clearpoke\n|poke|p1|Abomasnow, M|\n|poke|p1|Victreebel, F|\n|poke|p1|Golem, F|\n|poke|p1|Torterra, F|\n|poke|p1|Decidueye, M|\n|poke|p1|Dugtrio, F|\n|poke|p2|Lucario, M|\n|poke|p2|Milotic, F|\n|poke|p2|Flareon, M|\n|poke|p2|Ninetales-Alola, M|\n|poke|p2|Gogoat, M|\n|poke|p2|Furret, F|\n|teampreview\n|\n|t:|1697921778\n|start\n|switch|p1a: Torterra|Torterra, F|100\/100\n|switch|p2a: Frost|Ninetales-Alola, M|100\/100\n|-weather|Snow|[from] ability: Snow Warning|[of] p2a: Frost\n|turn|1\n|\n|t:|1697921785\n|move|p2a: Frost|Aurora Veil|p2a: Frost\n|-sidestart|p2: Ecco4502|move: Aurora Veil\n|move|p1a: Torterra|Stealth Rock|p2a: Frost\n|-sidestart|p2: Ecco4502|move: Stealth Rock\n|\n|-weather|Snow|[upkeep]\n|upkeep\n|turn|2\n|\n|t:|1697921806\n|switch|p1a: Golem|Golem, F|100\/100\n|move|p2a: Frost|Blizzard|p1a: Golem\n|-supereffective|p1a: Golem\n|-damage|p1a: Golem|41\/100\n|\n|-weather|Snow|[upkeep]\n|upkeep\n|turn|3\n|\n|t:|1697921816\n|move|p2a: Frost|Blizzard|p1a: Golem\n|-supereffective|p1a: Golem\n|-damage|p1a: Golem|0 fnt\n|faint|p1a: Golem\n|\n|-weather|Snow|[upkeep]\n|upkeep\n|\n|t:|1697921828\n|switch|p1a: Dugtrio|Dugtrio, F|100\/100\n|turn|4\n|\n|t:|1697921836\n|move|p1a: Dugtrio|Stone Edge|p2a: Frost\n|-supereffective|p2a: Frost\n|-damage|p2a: Frost|76\/100\n|move|p2a: Frost|Blizzard|p1a: Dugtrio\n|-supereffective|p1a: Dugtrio\n|-enditem|p1a: Dugtrio|Focus Sash\n|-damage|p1a: Dugtrio|1\/100\n|\n|-weather|Snow|[upkeep]\n|upkeep\n|turn|5\n|\n|t:|1697921847\n|move|p1a: Dugtrio|Stone Edge|p2a: Frost\n|-supereffective|p2a: Frost\n|-damage|p2a: Frost|53\/100\n|move|p2a: Frost|Blizzard|p1a: Dugtrio\n|-supereffective|p1a: Dugtrio\n|-damage|p1a: Dugtrio|0 fnt\n|faint|p1a: Dugtrio\n|\n|-weather|none\n|upkeep\n|\n|t:|1697921873\n|switch|p1a: Decidueye|Decidueye, M|100\/100\n|turn|6\n|\n|t:|1697921881\n|switch|p2a: Gidget|Furret, F, shiny|100\/100\n|-damage|p2a: Gidget|88\/100|[from] Stealth Rock\n|-item|p1a: Decidueye|Scope Lens|[from] ability: Frisk|[of] p2a: Gidget|[identify]\n|move|p1a: Decidueye|U-turn|p2a: Gidget\n|-damage|p2a: Gidget|72\/100\n|\n|t:|1697921896\n|switch|p1a: Abomasnow|Abomasnow, M|100\/100|[from] U-turn\n|-weather|Snow|[from] ability: Snow Warning|[of] p1a: Abomasnow\n|\n|-weather|Snow|[upkeep]\n|upkeep\n|turn|7\n|\n|t:|1697921906\n|move|p2a: Gidget|Tidy Up|p2a: Gidget\n|-sideend|p2: Ecco4502|Stealth Rock\n|-activate|p2a: Gidget|move: Tidy Up\n|-boost|p2a: Gidget|atk|1\n|-boost|p2a: Gidget|spe|1\n|move|p1a: Abomasnow|Aurora Veil|p1a: Abomasnow\n|-sidestart|p1: Shade041|move: Aurora Veil\n|\n|-weather|Snow|[upkeep]\n|upkeep\n|turn|8\n|\n|t:|1697921916\n|move|p2a: Gidget|Knock Off|p1a: Abomasnow\n|-damage|p1a: Abomasnow|85\/100\n|-enditem|p1a: Abomasnow|Leftovers|[from] move: Knock Off|[of] p2a: Gidget\n|-damage|p2a: Gidget|62\/100|[from] item: Life Orb\n|move|p1a: Abomasnow|Blizzard|p2a: Gidget\n|-damage|p2a: Gidget|31\/100\n|-status|p2a: Gidget|frz\n|\n|-weather|Snow|[upkeep]\n|-sideend|p2: Ecco4502|move: Aurora Veil\n|upkeep\n|turn|9\n|\n|t:|1697921928\n|cant|p2a: Gidget|frz\n|move|p1a: Abomasnow|Blizzard|p2a: Gidget\n|-damage|p2a: Gidget|0 fnt\n|faint|p2a: Gidget\n|\n|-weather|Snow|[upkeep]\n|upkeep\n|\n|t:|1697921946\n|switch|p2a: Flare|Flareon, M|100\/100\n|turn|10\n|\n|t:|1697921951\n|move|p2a: Flare|Protect|p2a: Flare\n|-singleturn|p2a: Flare|Protect\n|move|p1a: Abomasnow|Earth Power|p2a: Flare\n|-activate|p2a: Flare|move: Protect\n|\n|-weather|none\n|-status|p2a: Flare|tox|[from] item: Toxic Orb\n|upkeep\n|turn|11\n|\n|t:|1697921959\n|move|p2a: Flare|Flare Blitz|p1a: Abomasnow\n|-supereffective|p1a: Abomasnow\n|-damage|p1a: Abomasnow|0 fnt\n|faint|p1a: Abomasnow\n|-damage|p2a: Flare|74\/100 tox|[from] Recoil\n|\n|-damage|p2a: Flare|68\/100 tox|[from] psn\n|-sideend|p1: Shade041|move: Aurora Veil\n|upkeep\n|\n|t:|1697921976\n|switch|p1a: Torterra|Torterra, F|100\/100\n|turn|12\n|\n|t:|1697921982\n|-terastallize|p2a: Flare|Normal\n|move|p2a: Flare|Facade|p1a: Torterra\n|-damage|p1a: Torterra|4\/100\n|move|p1a: Torterra|Earthquake|p2a: Flare\n|-damage|p2a: Flare|9\/100 tox\n|\n|-heal|p1a: Torterra|10\/100|[from] item: Leftovers\n|-damage|p2a: Flare|0 fnt|[from] psn\n|faint|p2a: Flare\n|upkeep\n|\n|t:|1697921996\n|switch|p2a: Hayato|Lucario, M|100\/100\n|turn|13\n|\n|t:|1697922001\n|move|p2a: Hayato|Aura Sphere|p1a: Torterra\n|-damage|p1a: Torterra|0 fnt\n|faint|p1a: Torterra\n|\n|upkeep\n|\n|t:|1697922012\n|switch|p1a: Decidueye|Decidueye, M|100\/100\n|turn|14\n|\n|t:|1697922018\n|move|p2a: Hayato|Dark Pulse|p1a: Decidueye\n|-supereffective|p1a: Decidueye\n|-damage|p1a: Decidueye|37\/100\n|cant|p1a: Decidueye|flinch\n|\n|upkeep\n|turn|15\n|\n|t:|1697922028\n|move|p2a: Hayato|Dark Pulse|p1a: Decidueye\n|-supereffective|p1a: Decidueye\n|-damage|p1a: Decidueye|0 fnt\n|faint|p1a: Decidueye\n|\n|upkeep\n|\n|t:|1697922033\n|switch|p1a: Victreebel|Victreebel, F|100\/100\n|turn|16\n|\n|t:|1697922063\n|move|p1a: Victreebel|Sucker Punch|p2a: Hayato\n|-resisted|p2a: Hayato\n|-damage|p2a: Hayato|83\/100\n|move|p2a: Hayato|Steel Beam|p1a: Victreebel\n|-crit|p1a: Victreebel\n|-damage|p1a: Victreebel|0 fnt\n|-damage|p2a: Hayato|33\/100|[from] steelbeam\n|faint|p1a: Victreebel\n|\n|win|Ecco4502\n|l|\u2606Shade041\n","uploadtime":1697922102,"views":10,"p1id":"shade041","p2id":"ecco4502","formatid":"gen9anythinggoes","rating":0,"private":0,"password":""}