{"id":"gen9anythinggoes-1985074030","p1":"Dumbfudge","p2":"F3EF0O","format":"[Gen 9] Anything Goes","log":"|j|\u2606Dumbfudge\n|j|\u203dF3EF0O\n|t:|1699327505\n|gametype|singles\n|player|p1|Dumbfudge|blackbelt-gen4dp|1389\n|player|p2|F3EF0O|169|1314\n|teamsize|p1|6\n|teamsize|p2|6\n|gen|9\n|tier|[Gen 9] Anything Goes\n|rated|\n|rule|HP Percentage Mod: HP is shown in percentages\n|rule|Endless Battle Clause: Forcing endless battles is banned\n|clearpoke\n|poke|p1|Espathra, F|\n|poke|p1|Giratina|\n|poke|p1|Shaymin-Sky|\n|poke|p1|Zacian-*|\n|poke|p1|Ditto|\n|poke|p1|Breloom, F|\n|poke|p2|Gastrodon-East, F|\n|poke|p2|Rillaboom, M|\n|poke|p2|Sneasler, F|\n|poke|p2|Arcanine-Hisui, M|\n|poke|p2|Goodra-Hisui, F|\n|poke|p2|Tauros-Paldea-Aqua, M|\n|teampreview\n|inactive|Battle timer is ON: inactive players will automatically lose when time's up. (requested by Dumbfudge)\n|\n|t:|1699327520\n|start\n|switch|p1a: Cancer|Shaymin-Sky|100\/100\n|switch|p2a: Arcanine|Arcanine-Hisui, M|100\/100\n|turn|1\n|\n|t:|1699327526\n|move|p1a: Cancer|Air Slash|p2a: Arcanine\n|-resisted|p2a: Arcanine\n|-damage|p2a: Arcanine|79\/100\n|move|p2a: Arcanine|Flare Blitz|p1a: Cancer\n|-supereffective|p1a: Cancer\n|-damage|p1a: Cancer|0 fnt\n|faint|p1a: Cancer\n|\n|upkeep\n|\n|t:|1699327536\n|switch|p1a: Lice|Giratina|100\/100\n|-ability|p1a: Lice|Pressure\n|turn|2\n|\n|t:|1699327542\n|move|p2a: Arcanine|Head Smash|p1a: Lice|[miss]\n|-miss|p2a: Arcanine|p1a: Lice\n|move|p1a: Lice|Outrage|p2a: Arcanine\n|-damage|p2a: Arcanine|0 fnt\n|faint|p2a: Arcanine\n|\n|upkeep\n|\n|t:|1699327547\n|switch|p2a: Goodra|Goodra-Hisui, F|100\/100\n|turn|3\n|\n|t:|1699327553\n|move|p1a: Lice|Outrage|p2a: Goodra|[from]lockedmove\n|-damage|p2a: Goodra|49\/100\n|-start|p1a: Lice|confusion|[fatigue]\n|move|p2a: Goodra|Dragon Tail|p1a: Lice\n|-supereffective|p1a: Lice\n|-damage|p1a: Lice|76\/100\n|drag|p1a: Chickenpox|Espathra, F|100\/100\n|\n|-heal|p2a: Goodra|55\/100|[from] item: Leftovers\n|upkeep\n|turn|4\n|\n|t:|1699327566\n|move|p1a: Chickenpox|Hypnosis|p2a: Goodra\n|-status|p2a: Goodra|slp|[from] move: Hypnosis\n|cant|p2a: Goodra|slp\n|\n|-heal|p2a: Goodra|61\/100 slp|[from] item: Leftovers\n|-ability|p1a: Chickenpox|Speed Boost|boost\n|-boost|p1a: Chickenpox|spe|1\n|upkeep\n|turn|5\n|\n|t:|1699327576\n|move|p1a: Chickenpox|Substitute|p1a: Chickenpox\n|-start|p1a: Chickenpox|Substitute\n|-damage|p1a: Chickenpox|76\/100\n|cant|p2a: Goodra|slp\n|\n|-heal|p2a: Goodra|67\/100 slp|[from] item: Leftovers\n|-ability|p1a: Chickenpox|Speed Boost|boost\n|-boost|p1a: Chickenpox|spe|1\n|upkeep\n|turn|6\n|\n|t:|1699327588\n|move|p1a: Chickenpox|Protect|p1a: Chickenpox\n|-singleturn|p1a: Chickenpox|Protect\n|-curestatus|p2a: Goodra|slp|[msg]\n|move|p2a: Goodra|Dragon Tail|p1a: Chickenpox\n|-activate|p1a: Chickenpox|move: Protect\n|\n|-heal|p2a: Goodra|73\/100|[from] item: Leftovers\n|-ability|p1a: Chickenpox|Speed Boost|boost\n|-boost|p1a: Chickenpox|spe|1\n|upkeep\n|turn|7\n|\n|t:|1699327602\n|move|p1a: Chickenpox|Baton Pass|p1a: Chickenpox\n|\n|t:|1699327605\n|switch|p1a: Flat out AIDS|Breloom, F|100\/100|[from] Baton Pass\n|move|p2a: Goodra|Dragon Tail|p1a: Flat out AIDS\n|-activate|p1a: Flat out AIDS|move: Substitute|[damage]\n|\n|-heal|p2a: Goodra|79\/100|[from] item: Leftovers\n|upkeep\n|turn|8\n|\n|t:|1699327615\n|move|p1a: Flat out AIDS|Spore|p2a: Goodra\n|-ability|p2a: Goodra|Sap Sipper|boost\n|-boost|p2a: Goodra|atk|1\n|move|p2a: Goodra|Flamethrower|p1a: Flat out AIDS\n|-supereffective|p1a: Flat out AIDS\n|-end|p1a: Flat out AIDS|Substitute\n|\n|-heal|p2a: Goodra|85\/100|[from] item: Leftovers\n|upkeep\n|turn|9\n|\n|t:|1699327628\n|-terastallize|p1a: Flat out AIDS|Ghost\n|move|p1a: Flat out AIDS|Mach Punch|p2a: Goodra\n|-supereffective|p2a: Goodra\n|-damage|p2a: Goodra|16\/100\n|move|p2a: Goodra|Flamethrower|p1a: Flat out AIDS\n|-damage|p1a: Flat out AIDS|63\/100\n|-status|p1a: Flat out AIDS|brn\n|\n|-heal|p2a: Goodra|22\/100|[from] item: Leftovers\n|-damage|p1a: Flat out AIDS|57\/100 brn|[from] brn\n|upkeep\n|turn|10\n|\n|t:|1699327640\n|move|p1a: Flat out AIDS|Mach Punch|p2a: Goodra\n|-supereffective|p2a: Goodra\n|-damage|p2a: Goodra|0 fnt\n|faint|p2a: Goodra\n|\n|-damage|p1a: Flat out AIDS|50\/100 brn|[from] brn\n|upkeep\n|\n|t:|1699327643\n|switch|p2a: Rillaboom|Rillaboom, M|100\/100\n|-fieldstart|move: Grassy Terrain|[from] ability: Grassy Surge|[of] p2a: Rillaboom\n|turn|11\n|\n|t:|1699327652\n|move|p1a: Flat out AIDS|Mach Punch|p2a: Rillaboom\n|-damage|p2a: Rillaboom|78\/100\n|move|p2a: Rillaboom|Grassy Glide|p1a: Flat out AIDS\n|-damage|p1a: Flat out AIDS|0 fnt\n|faint|p1a: Flat out AIDS\n|\n|-heal|p2a: Rillaboom|84\/100|[from] Grassy Terrain\n|upkeep\n|\n|t:|1699327665\n|switch|p1a: Whooping cough|Zacian-Crowned|100\/100\n|-ability|p1a: Whooping cough|Intrepid Sword|boost\n|-boost|p1a: Whooping cough|atk|1\n|turn|12\n|\n|t:|1699327670\n|move|p2a: Rillaboom|Grassy Glide|p1a: Whooping cough\n|-resisted|p1a: Whooping cough\n|-damage|p1a: Whooping cough|75\/100\n|move|p1a: Whooping cough|Behemoth Blade|p2a: Rillaboom\n|-damage|p2a: Rillaboom|0 fnt\n|faint|p2a: Rillaboom\n|\n|-heal|p1a: Whooping cough|81\/100|[from] Grassy Terrain\n|upkeep\n|\n|t:|1699327680\n|switch|p2a: Sneasler|Sneasler, F|100\/100\n|-enditem|p2a: Sneasler|Grassy Seed\n|-boost|p2a: Sneasler|def|1|[from] item: Grassy Seed\n|turn|13\n|\n|t:|1699327690\n|-terastallize|p2a: Sneasler|Flying\n|move|p2a: Sneasler|Swords Dance|p2a: Sneasler\n|-boost|p2a: Sneasler|atk|2\n|move|p1a: Whooping cough|Play Rough|p2a: Sneasler\n|-damage|p2a: Sneasler|18\/100\n|\n|-heal|p1a: Whooping cough|87\/100|[from] Grassy Terrain\n|upkeep\n|turn|14\n|\n|t:|1699327701\n|move|p1a: Whooping cough|Quick Attack|p2a: Sneasler\n|-damage|p2a: Sneasler|0 fnt\n|faint|p2a: Sneasler\n|\n|-heal|p1a: Whooping cough|93\/100|[from] Grassy Terrain\n|upkeep\n|\n|t:|1699327706\n|switch|p2a: Gastrodon|Gastrodon-East, F, shiny|100\/100\n|turn|15\n|\n|t:|1699327710\n|move|p1a: Whooping cough|Behemoth Blade|p2a: Gastrodon\n|-resisted|p2a: Gastrodon\n|-damage|p2a: Gastrodon|53\/100\n|move|p2a: Gastrodon|Yawn|p1a: Whooping cough\n|-start|p1a: Whooping cough|move: Yawn|[of] p2a: Gastrodon\n|\n|-heal|p1a: Whooping cough|99\/100|[from] Grassy Terrain\n|-heal|p2a: Gastrodon|59\/100|[from] Grassy Terrain\n|-fieldend|move: Grassy Terrain\n|upkeep\n|turn|16\n|\n|t:|1699327730\n|switch|p1a: Lice|Giratina|76\/100\n|-ability|p1a: Lice|Pressure\n|move|p2a: Gastrodon|Stealth Rock|p1a: Lice\n|-sidestart|p1: Dumbfudge|move: Stealth Rock\n|\n|upkeep\n|turn|17\n|\n|t:|1699327738\n|move|p1a: Lice|Outrage|p2a: Gastrodon\n|-damage|p2a: Gastrodon|0 fnt\n|faint|p2a: Gastrodon\n|\n|upkeep\n|\n|t:|1699327741\n|switch|p2a: Tauros|Tauros-Paldea-Aqua, M|100\/100\n|-ability|p2a: Tauros|Intimidate|boost\n|-unboost|p1a: Lice|atk|1\n|turn|18\n|\n|t:|1699327751\n|move|p2a: Tauros|Raging Bull|p1a: Lice\n|-resisted|p1a: Lice\n|-damage|p1a: Lice|58\/100\n|-damage|p2a: Tauros|91\/100|[from] item: Life Orb\n|move|p1a: Lice|Outrage|p2a: Tauros|[from]lockedmove\n|-damage|p2a: Tauros|43\/100\n|-start|p1a: Lice|confusion|[fatigue]\n|\n|upkeep\n|turn|19\n|\n|t:|1699327766\n|move|p2a: Tauros|Earthquake|p1a: Lice\n|-damage|p1a: Lice|32\/100\n|-damage|p2a: Tauros|33\/100|[from] item: Life Orb\n|-activate|p1a: Lice|confusion\n|move|p1a: Lice|Defog|p2a: Tauros\n|-unboost|p2a: Tauros|evasion|1\n|-sideend|p1: Dumbfudge|Stealth Rock|[from] move: Defog|[of] p1a: Lice\n|\n|upkeep\n|turn|20\n|\n|t:|1699327780\n|-end|p1a: Lice|confusion\n|move|p1a: Lice|Shadow Sneak|p2a: Tauros\n|-damage|p2a: Tauros|16\/100\n|move|p2a: Tauros|Wild Charge|p1a: Lice\n|-resisted|p1a: Lice\n|-damage|p1a: Lice|20\/100\n|-damage|p2a: Tauros|11\/100|[from] Recoil\n|-damage|p2a: Tauros|2\/100|[from] item: Life Orb\n|\n|upkeep\n|turn|21\n|\n|t:|1699327791\n|move|p1a: Lice|Shadow Sneak|p2a: Tauros\n|-damage|p2a: Tauros|0 fnt\n|faint|p2a: Tauros\n|\n|win|Dumbfudge\n|raw|Dumbfudge's rating: 1389 &rarr; <strong>1405<\/strong><br \/>(+16 for winning)\n|raw|F3EF0O's rating: 1314 &rarr; <strong>1298<\/strong><br \/>(-16 for losing)\n|l|\u203dF3EF0O\n","uploadtime":1699327815,"views":4,"p1id":"dumbfudge","p2id":"f3ef0o","formatid":"gen9anythinggoes","rating":1298,"private":0,"password":""}