{"id":"gen9anythinggoes-1974239690","p1":"Big meat bee","p2":"Jazzybloon","format":"[Gen 9] Anything Goes","log":"|j|\u2606Big meat bee\n|j|\u2606Jazzybloon\n|t:|1698071150\n|gametype|singles\n|player|p1|Big meat bee|266|1128\n|player|p2|Jazzybloon|gambler|1082\n|teamsize|p1|6\n|teamsize|p2|6\n|gen|9\n|tier|[Gen 9] Anything Goes\n|rated|\n|rule|HP Percentage Mod: HP is shown in percentages\n|rule|Endless Battle Clause: Forcing endless battles is banned\n|clearpoke\n|poke|p1|Chi-Yu|\n|poke|p1|Landorus-Therian, M|\n|poke|p1|Kommo-o, F|\n|poke|p1|Miraidon|\n|poke|p1|Glimmora, M|\n|poke|p1|Toxapex, M|\n|poke|p2|Glimmora, M|\n|poke|p2|Haunter, M|\n|poke|p2|Vikavolt, M|\n|poke|p2|Azumarill, F|\n|poke|p2|Eternatus|\n|poke|p2|Zapdos-Galar|\n|teampreview\n|\n|t:|1698071154\n|start\n|switch|p1a: Glimmora|Glimmora, M|100\/100\n|switch|p2a: Raspberry|Azumarill, F|100\/100\n|turn|1\n|\n|t:|1698071160\n|-terastallize|p2a: Raspberry|Water\n|move|p1a: Glimmora|Stealth Rock|p2a: Raspberry\n|-sidestart|p2: Jazzybloon|move: Stealth Rock\n|move|p2a: Raspberry|Belly Drum|p2a: Raspberry\n|-damage|p2a: Raspberry|51\/100\n|-setboost|p2a: Raspberry|atk|6|[from] move: Belly Drum\n|\n|upkeep\n|turn|2\n|\n|t:|1698071171\n|move|p2a: Raspberry|Aqua Jet|p1a: Glimmora\n|-supereffective|p1a: Glimmora\n|-enditem|p1a: Glimmora|Focus Sash\n|-damage|p1a: Glimmora|1\/100\n|-activate|p1a: Glimmora|ability: Toxic Debris\n|-sidestart|p2: Jazzybloon|move: Toxic Spikes\n|move|p1a: Glimmora|Toxic|p2a: Raspberry\n|-status|p2a: Raspberry|tox\n|\n|-damage|p2a: Raspberry|44\/100 tox|[from] psn\n|upkeep\n|-enditem|p2a: Raspberry|Sitrus Berry|[eat]\n|-heal|p2a: Raspberry|69\/100 tox|[from] item: Sitrus Berry\n|turn|3\n|\n|t:|1698071186\n|move|p2a: Raspberry|Aqua Jet|p1a: Glimmora\n|-supereffective|p1a: Glimmora\n|-damage|p1a: Glimmora|0 fnt\n|-activate|p1a: Glimmora|ability: Toxic Debris\n|-sidestart|p2: Jazzybloon|move: Toxic Spikes\n|faint|p1a: Glimmora\n|\n|-damage|p2a: Raspberry|57\/100 tox|[from] psn\n|upkeep\n|\n|t:|1698071201\n|switch|p1a: Toxapex|Toxapex, M|100\/100\n|turn|4\n|\n|t:|1698071205\n|move|p2a: Raspberry|Knock Off|p1a: Toxapex\n|-damage|p1a: Toxapex|1\/100\n|-enditem|p1a: Toxapex|Leftovers|[from] move: Knock Off|[of] p2a: Raspberry\n|move|p1a: Toxapex|Recover|p1a: Toxapex\n|-heal|p1a: Toxapex|51\/100\n|\n|-damage|p2a: Raspberry|38\/100 tox|[from] psn\n|upkeep\n|turn|5\n|\n|t:|1698071212\n|move|p1a: Toxapex|Baneful Bunker|p1a: Toxapex\n|-singleturn|p1a: Toxapex|move: Protect\n|move|p2a: Raspberry|Knock Off|p1a: Toxapex\n|-activate|p1a: Toxapex|move: Protect\n|\n|-damage|p2a: Raspberry|13\/100 tox|[from] psn\n|upkeep\n|turn|6\n|\n|t:|1698071223\n|move|p2a: Raspberry|Knock Off|p1a: Toxapex\n|-damage|p1a: Toxapex|0 fnt\n|faint|p1a: Toxapex\n|\n|-damage|p2a: Raspberry|0 fnt|[from] psn\n|faint|p2a: Raspberry\n|upkeep\n|\n|t:|1698071232\n|switch|p2a: Tank|Glimmora, M, shiny|100\/100\n|switch|p1a: Kommo-o|Kommo-o, F|100\/100\n|-damage|p2a: Tank|88\/100|[from] Stealth Rock\n|-sideend|p2: Jazzybloon|move: Toxic Spikes|[of] p2a: Tank\n|turn|7\n|\n|t:|1698071241\n|move|p1a: Kommo-o|Clangorous Soul|p1a: Kommo-o\n|-boost|p1a: Kommo-o|atk|1\n|-boost|p1a: Kommo-o|def|1\n|-boost|p1a: Kommo-o|spa|1\n|-boost|p1a: Kommo-o|spd|1\n|-boost|p1a: Kommo-o|spe|1\n|-damage|p1a: Kommo-o|68\/100\n|-enditem|p1a: Kommo-o|Throat Spray\n|-boost|p1a: Kommo-o|spa|1|[from] item: Throat Spray\n|move|p2a: Tank|Spikes|p1a: Kommo-o\n|-sidestart|p1: Big meat bee|Spikes\n|\n|-heal|p2a: Tank|94\/100|[from] item: Black Sludge\n|upkeep\n|turn|8\n|\n|t:|1698071253\n|move|p2a: Tank|Spiky Shield|p2a: Tank\n|-singleturn|p2a: Tank|move: Protect\n|move|p1a: Kommo-o|Aura Sphere|p2a: Tank\n|-activate|p2a: Tank|move: Protect\n|\n|-heal|p2a: Tank|100\/100|[from] item: Black Sludge\n|upkeep\n|turn|9\n|\n|t:|1698071267\n|switch|p2a: Spooky|Haunter, M, shiny|100\/100\n|-damage|p2a: Spooky|88\/100|[from] Stealth Rock\n|move|p1a: Kommo-o|Flash Cannon|p2a: Spooky\n|-damage|p2a: Spooky|0 fnt\n|faint|p2a: Spooky\n|\n|upkeep\n|\n|t:|1698071281\n|switch|p2a: Zapdos 2|Zapdos-Galar, shiny|100\/100\n|-damage|p2a: Zapdos 2|88\/100|[from] Stealth Rock\n|turn|10\n|\n|t:|1698071302\n|move|p1a: Kommo-o|Flash Cannon|p2a: Zapdos 2\n|-damage|p2a: Zapdos 2|32\/100\n|move|p2a: Zapdos 2|Acrobatics|p1a: Kommo-o\n|-supereffective|p1a: Kommo-o\n|-damage|p1a: Kommo-o|1\/100\n|\n|upkeep\n|turn|11\n|inactive|Battle timer is ON: inactive players will automatically lose when time's up. (requested by Jazzybloon)\n|\n|t:|1698071314\n|move|p1a: Kommo-o|Flash Cannon|p2a: Zapdos 2\n|-damage|p2a: Zapdos 2|0 fnt\n|faint|p2a: Zapdos 2\n|\n|upkeep\n|\n|t:|1698071321\n|switch|p2a: Eternal|Eternatus|100\/100\n|-damage|p2a: Eternal|88\/100|[from] Stealth Rock\n|-ability|p2a: Eternal|Pressure\n|turn|12\n|\n|t:|1698071329\n|move|p1a: Kommo-o|Clanging Scales|p2a: Eternal\n|-supereffective|p2a: Eternal\n|-damage|p2a: Eternal|0 fnt\n|faint|p2a: Eternal\n|-unboost|p1a: Kommo-o|def|1\n|\n|upkeep\n|\n|t:|1698071336\n|switch|p2a: Batman|Vikavolt, M|100\/100\n|-damage|p2a: Batman|76\/100|[from] Stealth Rock\n|turn|13\n|\n|t:|1698071341\n|move|p1a: Kommo-o|Clanging Scales|p2a: Batman\n|-damage|p2a: Batman|0 fnt\n|faint|p2a: Batman\n|-unboost|p1a: Kommo-o|def|1\n|\n|upkeep\n|-message|Jazzybloon forfeited.\n|\n|win|Big meat bee\n|raw|Big meat bee's rating: 1102 &rarr; <strong>1126<\/strong><br \/>(+24 for winning)\n|raw|Jazzybloon's rating: 1082 &rarr; <strong>1061<\/strong><br \/>(-21 for losing)\n|l|\u2606Jazzybloon\n","uploadtime":1698071349,"views":8,"p1id":"bigmeatbee","p2id":"jazzybloon","formatid":"gen9anythinggoes","rating":1061,"private":0,"password":""}