{"id":"gen9anythinggoes-1973361608","p1":"Arceuso","p2":"lebaguette30","format":"[Gen 9] Anything Goes","log":"|j|\u2606Arceuso\n|j|\u2606lebaguette30\n|t:|1697961755\n|gametype|singles\n|player|p1|Arceuso|169|1076\n|player|p2|lebaguette30|101|1164\n|teamsize|p1|6\n|teamsize|p2|6\n|gen|9\n|tier|[Gen 9] Anything Goes\n|rated|\n|rule|HP Percentage Mod: HP is shown in percentages\n|rule|Endless Battle Clause: Forcing endless battles is banned\n|clearpoke\n|poke|p1|Arceus|\n|poke|p1|Koraidon|\n|poke|p1|Miraidon|\n|poke|p1|Skeledirge, M|\n|poke|p1|Glimmora, F|\n|poke|p1|Arceus-Ground|\n|poke|p2|Magearna|\n|poke|p2|Calyrex-Shadow|\n|poke|p2|Drifblim, M|\n|poke|p2|Koraidon|\n|poke|p2|Miraidon|\n|poke|p2|Glimmora, F|\n|teampreview\n|\n|t:|1697961761\n|start\n|switch|p1a: Glimmora|Glimmora, F|100\/100\n|switch|p2a: Magearna|Magearna|100\/100\n|turn|1\n|\n|t:|1697961770\n|move|p1a: Glimmora|Mud Shot|p2a: Magearna\n|-supereffective|p2a: Magearna\n|-damage|p2a: Magearna|80\/100\n|-unboost|p2a: Magearna|spe|1\n|move|p2a: Magearna|Shift Gear|p2a: Magearna\n|-boost|p2a: Magearna|spe|2\n|-boost|p2a: Magearna|atk|1\n|\n|-heal|p2a: Magearna|86\/100|[from] item: Leftovers\n|upkeep\n|turn|2\n|\n|t:|1697961781\n|move|p1a: Glimmora|Stealth Rock|p2a: Magearna\n|-sidestart|p2: lebaguette30|move: Stealth Rock\n|move|p2a: Magearna|Shift Gear|p2a: Magearna\n|-boost|p2a: Magearna|spe|2\n|-boost|p2a: Magearna|atk|1\n|\n|-heal|p2a: Magearna|92\/100|[from] item: Leftovers\n|upkeep\n|turn|3\n|\n|t:|1697961792\n|move|p2a: Magearna|Encore|p1a: Glimmora\n|-start|p1a: Glimmora|Encore\n|move|p1a: Glimmora|Stealth Rock||[still]\n|-fail|p1a: Glimmora\n|\n|-heal|p2a: Magearna|98\/100|[from] item: Leftovers\n|upkeep\n|turn|4\n|\n|t:|1697961804\n|switch|p1a: Skeledirge|Skeledirge, M, shiny|100\/100\n|move|p2a: Magearna|Shift Gear|p2a: Magearna\n|-boost|p2a: Magearna|spe|2\n|-boost|p2a: Magearna|atk|1\n|\n|-heal|p2a: Magearna|100\/100|[from] item: Leftovers\n|upkeep\n|turn|5\n|inactive|Battle timer is ON: inactive players will automatically lose when time's up. (requested by lebaguette30)\n|\n|t:|1697961845\n|move|p2a: Magearna|Baton Pass|p2a: Magearna\n|\n|t:|1697961856\n|switch|p2a: Calyrex|Calyrex-Shadow|100\/100|[from] Baton Pass\n|-ability|p2a: Calyrex|As One\n|-ability|p2a: Calyrex|Unnerve\n|-damage|p2a: Calyrex|88\/100|[from] Stealth Rock\n|move|p1a: Skeledirge|Torch Song|p2a: Calyrex\n|-damage|p2a: Calyrex|59\/100\n|-boost|p1a: Skeledirge|spa|1\n|\n|upkeep\n|turn|6\n|\n|t:|1697961876\n|-terastallize|p1a: Skeledirge|Dark\n|move|p2a: Calyrex|Astral Barrage|p1a: Skeledirge\n|-resisted|p1a: Skeledirge\n|-damage|p1a: Skeledirge|71\/100\n|move|p1a: Skeledirge|Hex|p2a: Calyrex\n|-supereffective|p2a: Calyrex\n|-damage|p2a: Calyrex|0 fnt\n|faint|p2a: Calyrex\n|\n|upkeep\n|\n|t:|1697961887\n|switch|p2a: Koraidon|Koraidon|100\/100\n|-damage|p2a: Koraidon|94\/100|[from] Stealth Rock\n|-weather|SunnyDay|[from] ability: Orichalcum Pulse|[of] p2a: Koraidon\n|-activate|p2a: Koraidon|Orichalcum Pulse|[source]\n|turn|7\n|inactive|lebaguette30 has 120 seconds left.\n|\n|t:|1697961910\n|switch|p1a: Arceus|Arceus|100\/100\n|move|p2a: Koraidon|Collision Course|p1a: Arceus\n|-supereffective|p1a: Arceus\n|-damage|p1a: Arceus|0 fnt\n|faint|p1a: Arceus\n|\n|-weather|SunnyDay|[upkeep]\n|upkeep\n|inactive|Arceuso has 120 seconds left.\n|inactive|Arceuso has 90 seconds left.\n|inactive|Arceuso has 60 seconds left.\n|inactive|Arceuso has 30 seconds left.\n|\n|t:|1697962030\n|switch|p1a: Glimmora|Glimmora, F|100\/100\n|turn|8\n|\n|t:|1697962042\n|-singleturn|p2a: Koraidon|move: Focus Punch\n|move|p1a: Glimmora|Mud Shot|p2a: Koraidon\n|-damage|p2a: Koraidon|78\/100\n|-unboost|p2a: Koraidon|spe|1\n|cant|p2a: Koraidon|Focus Punch|Focus Punch\n|\n|-weather|SunnyDay|[upkeep]\n|upkeep\n|turn|9\n|\n|t:|1697962054\n|move|p1a: Glimmora|Mortal Spin|p2a: Koraidon\n|-damage|p2a: Koraidon|72\/100\n|-status|p2a: Koraidon|psn\n|move|p2a: Koraidon|Collision Course|p1a: Glimmora\n|-damage|p1a: Glimmora|27\/100\n|-activate|p1a: Glimmora|ability: Toxic Debris\n|-sidestart|p2: lebaguette30|move: Toxic Spikes\n|\n|-weather|SunnyDay|[upkeep]\n|-damage|p2a: Koraidon|60\/100 psn|[from] psn\n|upkeep\n|turn|10\n|inactive|lebaguette30 has 120 seconds left.\n|\n|t:|1697962071\n|move|p1a: Glimmora|Memento|p2a: Koraidon\n|-unboost|p2a: Koraidon|atk|2\n|-unboost|p2a: Koraidon|spa|2\n|faint|p1a: Glimmora\n|move|p2a: Koraidon|Collision Course|p1: Glimmora|[notarget]\n|-fail|p2a: Koraidon\n|\n|-weather|SunnyDay|[upkeep]\n|-damage|p2a: Koraidon|48\/100 psn|[from] psn\n|upkeep\n|\n|t:|1697962079\n|switch|p1a: Arceus|Arceus-Ground|100\/100\n|turn|11\n|\n|t:|1697962091\n|move|p1a: Arceus|Dragon Dance|p1a: Arceus\n|-boost|p1a: Arceus|atk|1\n|-boost|p1a: Arceus|spe|1\n|move|p2a: Koraidon|Solar Beam||[still]\n|-prepare|p2a: Koraidon|Solar Beam\n|-anim|p2a: Koraidon|Solar Beam|p1a: Arceus\n|-supereffective|p1a: Arceus\n|-damage|p1a: Arceus|83\/100\n|\n|-weather|none\n|-damage|p2a: Koraidon|35\/100 psn|[from] psn\n|upkeep\n|turn|12\n|\n|t:|1697962102\n|-singleturn|p2a: Koraidon|move: Focus Punch\n|move|p1a: Arceus|Earthquake|p2a: Koraidon\n|-damage|p2a: Koraidon|0 fnt\n|faint|p2a: Koraidon\n|\n|upkeep\n|\n|t:|1697962110\n|switch|p2a: Glimmora|Glimmora, F, shiny|100\/100\n|-damage|p2a: Glimmora|88\/100|[from] Stealth Rock\n|-sideend|p2: lebaguette30|move: Toxic Spikes|[of] p2a: Glimmora\n|turn|13\n|inactive|Arceuso has 60 seconds left.\n|\n|t:|1697962139\n|move|p2a: Glimmora|Spiky Shield|p2a: Glimmora\n|-singleturn|p2a: Glimmora|move: Protect\n|move|p1a: Arceus|Earthquake|p2a: Glimmora\n|-activate|p2a: Glimmora|move: Protect\n|\n|upkeep\n|turn|14\n|\n|t:|1697962148\n|move|p1a: Arceus|Earthquake|p2a: Glimmora\n|-supereffective|p2a: Glimmora\n|-damage|p2a: Glimmora|0 fnt\n|-activate|p2a: Glimmora|ability: Toxic Debris\n|-sidestart|p1: Arceuso|move: Toxic Spikes\n|faint|p2a: Glimmora\n|\n|upkeep\n|\n|t:|1697962161\n|switch|p2a: Drifblim|Drifblim, M, shiny|100\/100\n|-damage|p2a: Drifblim|76\/100|[from] Stealth Rock\n|turn|15\n|\n|t:|1697962174\n|move|p1a: Arceus|Shadow Claw|p2a: Drifblim\n|-supereffective|p2a: Drifblim\n|-damage|p2a: Drifblim|0 fnt\n|-damage|p1a: Arceus|58\/100|[from] ability: Aftermath|[of] p2a: Drifblim\n|faint|p2a: Drifblim\n|\n|upkeep\n|\n|t:|1697962184\n|switch|p2a: Miraidon|Miraidon|100\/100\n|-damage|p2a: Miraidon|88\/100|[from] Stealth Rock\n|-fieldstart|move: Electric Terrain|[from] ability: Hadron Engine|[of] p2a: Miraidon\n|turn|16\n|\n|t:|1697962198\n|move|p1a: Arceus|Earthquake|p2a: Miraidon\n|-supereffective|p2a: Miraidon\n|-damage|p2a: Miraidon|0 fnt\n|faint|p2a: Miraidon\n|\n|upkeep\n|-message|lebaguette30 forfeited.\n|\n|win|Arceuso\n|raw|Arceuso's rating: 1076 &rarr; <strong>1112<\/strong><br \/>(+36 for winning)\n|raw|lebaguette30's rating: 1164 &rarr; <strong>1133<\/strong><br \/>(-31 for losing)\n|l|\u2606lebaguette30\n","uploadtime":1697962334,"views":11,"p1id":"arceuso","p2id":"lebaguette30","formatid":"gen9anythinggoes","rating":1112,"private":0,"password":""}