{"id":"gen9anythinggoes-1998191250","p1":"AGLP 1","p2":"arafatr871","format":"[Gen 9] Anything Goes","log":"|j|\u2606AGLP 1\n|j|\u2606arafatr871\n|t:|1700909681\n|gametype|singles\n|player|p1|AGLP 1|anabel|1595\n|player|p2|arafatr871|ingo|1652\n|teamsize|p1|6\n|teamsize|p2|6\n|gen|9\n|tier|[Gen 9] Anything Goes\n|rated|\n|rule|HP Percentage Mod: HP is shown in percentages\n|rule|Endless Battle Clause: Forcing endless battles is banned\n|clearpoke\n|poke|p1|Blissey, F|\n|poke|p1|Gliscor, F|\n|poke|p1|Mandibuzz, F|\n|poke|p1|Dondozo, F|\n|poke|p1|Alomomola, F|\n|poke|p1|Clodsire, F|\n|poke|p2|Calyrex-Shadow|\n|poke|p2|Chansey, F|\n|poke|p2|Clodsire, F|\n|poke|p2|Mandibuzz, F|\n|poke|p2|Skeledirge, F|\n|poke|p2|Koraidon|\n|teampreview\n|inactive|Battle timer is ON: inactive players will automatically lose when time's up. (requested by arafatr871)\n|inactive|AGLP 1 also wants the timer to be on.\n|\n|t:|1700909705\n|start\n|switch|p1a: Gliscor|Gliscor, F|100\/100\n|switch|p2a: Chansey|Chansey, F, shiny|100\/100\n|turn|1\n|j| AGisgood\u82cd\u54cd\u4fa0\n|\n|t:|1700909712\n|move|p1a: Gliscor|Toxic|p2a: Chansey\n|-status|p2a: Chansey|tox\n|move|p2a: Chansey|Stealth Rock|p1a: Gliscor\n|-sidestart|p1: AGLP 1|move: Stealth Rock\n|\n|-damage|p2a: Chansey|94\/100 tox|[from] psn\n|-status|p1a: Gliscor|tox|[from] item: Toxic Orb\n|upkeep\n|turn|2\n|l| AGisgood\u82cd\u54cd\u4fa0\n|\n|t:|1700909724\n|-curestatus|p2a: Chansey|tox|[from] ability: Natural Cure\n|switch|p2a: Clodsire|Clodsire, F, shiny|100\/100\n|move|p1a: Gliscor|Spikes|p2a: Clodsire\n|-sidestart|p2: arafatr871|Spikes\n|\n|upkeep\n|turn|3\n|\n|t:|1700909733\n|move|p1a: Gliscor|Earthquake|p2a: Clodsire\n|-supereffective|p2a: Clodsire\n|-damage|p2a: Clodsire|24\/100\n|move|p2a: Clodsire|Toxic Spikes|p1a: Gliscor\n|-sidestart|p1: AGLP 1|move: Toxic Spikes\n|\n|-heal|p2a: Clodsire|30\/100|[from] item: Leftovers\n|upkeep\n|turn|4\n|\n|t:|1700909741\n|switch|p2a: Mandibuzz|Mandibuzz, F, shiny|100\/100\n|move|p1a: Gliscor|Earthquake|p2a: Mandibuzz\n|-immune|p2a: Mandibuzz\n|\n|upkeep\n|turn|5\n|\n|t:|1700909748\n|move|p1a: Gliscor|Toxic|p2a: Mandibuzz\n|-status|p2a: Mandibuzz|tox\n|move|p2a: Mandibuzz|Whirlwind|p1a: Gliscor\n|drag|p1a: Dondozo|Dondozo, F|100\/100\n|\n|-damage|p2a: Mandibuzz|94\/100 tox|[from] psn\n|upkeep\n|turn|6\n|\n|t:|1700909756\n|move|p1a: Dondozo|Body Press|p2a: Mandibuzz\n|-damage|p2a: Mandibuzz|77\/100 tox\n|move|p2a: Mandibuzz|Whirlwind|p1a: Dondozo\n|drag|p1a: Mandibuzz|Mandibuzz, F|100\/100\n|\n|-heal|p2a: Mandibuzz|83\/100 tox|[from] item: Leftovers\n|-damage|p2a: Mandibuzz|71\/100 tox|[from] psn\n|upkeep\n|turn|7\n|\n|t:|1700909762\n|move|p1a: Mandibuzz|Knock Off|p2a: Mandibuzz\n|-resisted|p2a: Mandibuzz\n|-damage|p2a: Mandibuzz|65\/100 tox\n|-enditem|p2a: Mandibuzz|Leftovers|[from] move: Knock Off|[of] p1a: Mandibuzz\n|move|p2a: Mandibuzz|Whirlwind|p1a: Mandibuzz\n|drag|p1a: Gliscor|Gliscor, F|100\/100 tox\n|-damage|p1a: Gliscor|88\/100 tox|[from] Stealth Rock\n|\n|-heal|p1a: Gliscor|100\/100 tox|[from] ability: Poison Heal\n|-damage|p2a: Mandibuzz|46\/100 tox|[from] psn\n|upkeep\n|turn|8\n|\n|t:|1700909770\n|move|p1a: Gliscor|Spikes|p2a: Mandibuzz\n|-sidestart|p2: arafatr871|Spikes\n|move|p2a: Mandibuzz|Whirlwind|p1a: Gliscor\n|drag|p1a: Dondozo|Dondozo, F|100\/100\n|\n|-damage|p2a: Mandibuzz|22\/100 tox|[from] psn\n|upkeep\n|turn|9\n|\n|t:|1700909774\n|move|p2a: Mandibuzz|Defog|p1a: Dondozo\n|-unboost|p1a: Dondozo|evasion|1\n|-sideend|p1: AGLP 1|Toxic Spikes|[from] move: Defog|[of] p2a: Mandibuzz\n|-sideend|p1: AGLP 1|Stealth Rock|[from] move: Defog|[of] p2a: Mandibuzz\n|-sideend|p2: arafatr871|Spikes|[from] move: Defog|[of] p2a: Mandibuzz\n|move|p1a: Dondozo|Body Press|p2a: Mandibuzz\n|-damage|p2a: Mandibuzz|6\/100 tox\n|\n|-damage|p2a: Mandibuzz|0 fnt|[from] psn\n|faint|p2a: Mandibuzz\n|upkeep\n|\n|t:|1700909781\n|switch|p2a: Calyrex|Calyrex-Shadow|100\/100\n|-ability|p2a: Calyrex|As One\n|-ability|p2a: Calyrex|Unnerve\n|turn|10\n|\n|t:|1700909792\n|move|p2a: Calyrex|Nasty Plot|p2a: Calyrex\n|-boost|p2a: Calyrex|spa|2\n|move|p1a: Dondozo|Fissure|p2a: Calyrex|[miss]\n|-miss|p1a: Dondozo|p2a: Calyrex\n|\n|upkeep\n|turn|11\n|\n|t:|1700909798\n|move|p2a: Calyrex|Astral Barrage|p1a: Dondozo\n|-damage|p1a: Dondozo|27\/100\n|move|p1a: Dondozo|Fissure|p2a: Calyrex|[miss]\n|-miss|p1a: Dondozo|p2a: Calyrex\n|\n|upkeep\n|turn|12\n|\n|t:|1700909804\n|switch|p1a: Blissey|Blissey, F|100\/100\n|move|p2a: Calyrex|Psychic|p1a: Blissey\n|-damage|p1a: Blissey|58\/100\n|\n|upkeep\n|turn|13\n|\n|t:|1700909810\n|move|p2a: Calyrex|Psychic|p1a: Blissey\n|-damage|p1a: Blissey|13\/100\n|move|p1a: Blissey|Shadow Ball|p2a: Calyrex\n|-supereffective|p2a: Calyrex\n|-damage|p2a: Calyrex|41\/100\n|\n|upkeep\n|turn|14\n|\n|t:|1700909815\n|switch|p1a: Mandibuzz|Mandibuzz, F|100\/100\n|move|p2a: Calyrex|Psychic|p1a: Mandibuzz\n|-immune|p1a: Mandibuzz\n|\n|upkeep\n|turn|15\n|\n|t:|1700909819\n|-terastallize|p2a: Calyrex|Dark\n|move|p2a: Calyrex|Draining Kiss|p1a: Mandibuzz\n|-supereffective|p1a: Mandibuzz\n|-damage|p1a: Mandibuzz|52\/100\n|-heal|p2a: Calyrex|86\/100|[from] drain|[of] p1a: Mandibuzz\n|move|p1a: Mandibuzz|Knock Off|p2a: Calyrex\n|-resisted|p2a: Calyrex\n|-damage|p2a: Calyrex|72\/100\n|-enditem|p2a: Calyrex|Focus Sash|[from] move: Knock Off|[of] p1a: Mandibuzz\n|\n|upkeep\n|turn|16\n|\n|t:|1700909826\n|move|p2a: Calyrex|Draining Kiss|p1a: Mandibuzz\n|-supereffective|p1a: Mandibuzz\n|-damage|p1a: Mandibuzz|1\/100\n|-heal|p2a: Calyrex|100\/100|[from] drain|[of] p1a: Mandibuzz\n|move|p1a: Mandibuzz|Toxic|p2a: Calyrex|[miss]\n|-miss|p1a: Mandibuzz|p2a: Calyrex\n|\n|upkeep\n|turn|17\n|\n|t:|1700909835\n|switch|p1a: Alomomola|Alomomola, F|100\/100\n|move|p2a: Calyrex|Draining Kiss|p1a: Alomomola\n|-damage|p1a: Alomomola|49\/100\n|\n|upkeep\n|turn|18\n|\n|t:|1700909842\n|move|p1a: Alomomola|Protect|p1a: Alomomola\n|-singleturn|p1a: Alomomola|Protect\n|move|p2a: Calyrex|Psychic|p1a: Alomomola\n|-activate|p1a: Alomomola|move: Protect\n|\n|upkeep\n|turn|19\n|\n|t:|1700909852\n|move|p2a: Calyrex|Psychic|p1a: Alomomola\n|-damage|p1a: Alomomola|0 fnt\n|faint|p1a: Alomomola\n|-ability|p2a: Calyrex|Grim Neigh|boost\n|-boost|p2a: Calyrex|spa|1\n|\n|upkeep\n|\n|t:|1700909858\n|switch|p1a: Mandibuzz|Mandibuzz, F|1\/100\n|turn|20\n|\n|t:|1700909873\n|switch|p1a: Clodsire|Clodsire, F|100\/100\n|move|p2a: Calyrex|Draining Kiss|p1a: Clodsire\n|-resisted|p1a: Clodsire\n|-crit|p1a: Clodsire\n|-damage|p1a: Clodsire|93\/100\n|\n|upkeep\n|turn|21\n|\n|t:|1700909887\n|-terastallize|p1a: Clodsire|Dark\n|move|p2a: Calyrex|Psychic|p1a: Clodsire\n|-immune|p1a: Clodsire\n|move|p1a: Clodsire|Earthquake|p2a: Calyrex\n|-damage|p2a: Calyrex|67\/100\n|\n|upkeep\n|turn|22\n|\n|t:|1700909896\n|move|p2a: Calyrex|Draining Kiss|p1a: Clodsire\n|-supereffective|p1a: Clodsire\n|-damage|p1a: Clodsire|70\/100\n|-heal|p2a: Calyrex|91\/100|[from] drain|[of] p1a: Clodsire\n|move|p1a: Clodsire|Recover|p1a: Clodsire\n|-heal|p1a: Clodsire|100\/100\n|\n|upkeep\n|turn|23\n|\n|t:|1700909905\n|move|p2a: Calyrex|Draining Kiss|p1a: Clodsire\n|-supereffective|p1a: Clodsire\n|-damage|p1a: Clodsire|79\/100\n|-heal|p2a: Calyrex|100\/100|[from] drain|[of] p1a: Clodsire\n|move|p1a: Clodsire|Poison Jab|p2a: Calyrex\n|-damage|p2a: Calyrex|76\/100\n|\n|upkeep\n|turn|24\n|\n|t:|1700909932\n|switch|p2a: Koraidon|Koraidon|100\/100\n|-weather|SunnyDay|[from] ability: Orichalcum Pulse|[of] p2a: Koraidon\n|-activate|p2a: Koraidon|Orichalcum Pulse|[source]\n|move|p1a: Clodsire|Earthquake|p2a: Koraidon\n|-damage|p2a: Koraidon|77\/100\n|\n|-weather|SunnyDay|[upkeep]\n|upkeep\n|turn|25\n|\n|t:|1700909942\n|move|p2a: Koraidon|Swords Dance|p2a: Koraidon\n|-boost|p2a: Koraidon|atk|2\n|move|p1a: Clodsire|Earthquake|p2a: Koraidon\n|-damage|p2a: Koraidon|53\/100\n|\n|-weather|SunnyDay|[upkeep]\n|upkeep\n|turn|26\n|\n|t:|1700909956\n|move|p2a: Koraidon|Iron Head|p1a: Clodsire\n|-damage|p1a: Clodsire|38\/100\n|move|p1a: Clodsire|Earthquake|p2a: Koraidon\n|-damage|p2a: Koraidon|31\/100\n|\n|-weather|SunnyDay|[upkeep]\n|upkeep\n|turn|27\n|\n|t:|1700909967\n|switch|p1a: Dondozo|Dondozo, F|27\/100\n|move|p2a: Koraidon|Iron Head|p1a: Dondozo\n|-resisted|p1a: Dondozo\n|-damage|p1a: Dondozo|19\/100\n|\n|-weather|SunnyDay|[upkeep]\n|upkeep\n|turn|28\n|\n|t:|1700909972\n|move|p2a: Koraidon|Scale Shot|p1a: Dondozo\n|-damage|p1a: Dondozo|11\/100\n|-damage|p1a: Dondozo|3\/100\n|-hitcount|p1a: Dondozo|2\n|-unboost|p2a: Koraidon|def|1\n|-boost|p2a: Koraidon|spe|1\n|move|p1a: Dondozo|Rest|p1a: Dondozo\n|-status|p1a: Dondozo|slp|[from] move: Rest\n|-heal|p1a: Dondozo|100\/100 slp|[silent]\n|\n|-weather|none\n|upkeep\n|turn|29\n|\n|t:|1700909981\n|switch|p2a: Calyrex|Calyrex-Shadow, tera:Dark|76\/100\n|-ability|p2a: Calyrex|As One\n|-ability|p2a: Calyrex|Unnerve\n|cant|p1a: Dondozo|slp\n|move|p1a: Dondozo|Sleep Talk|p1a: Dondozo\n|move|p1a: Dondozo|Fissure|p2a: Calyrex|[from]move: Sleep Talk|[miss]\n|-miss|p1a: Dondozo|p2a: Calyrex\n|\n|upkeep\n|turn|30\n|\n|t:|1700909986\n|move|p2a: Calyrex|Nasty Plot|p2a: Calyrex\n|-boost|p2a: Calyrex|spa|2\n|cant|p1a: Dondozo|slp\n|move|p1a: Dondozo|Sleep Talk|p1a: Dondozo\n|move|p1a: Dondozo|Rest||[from]move: Sleep Talk|[still]\n|-fail|p1a: Dondozo\n|\n|upkeep\n|turn|31\n|\n|t:|1700909993\n|move|p2a: Calyrex|Draining Kiss|p1a: Dondozo\n|-damage|p1a: Dondozo|81\/100 slp\n|-heal|p2a: Calyrex|97\/100|[from] drain|[of] p1a: Dondozo\n|-curestatus|p1a: Dondozo|slp|[msg]\n|move|p1a: Dondozo|Sleep Talk||[still]\n|-fail|p1a: Dondozo\n|\n|upkeep\n|turn|32\n|\n|t:|1700910001\n|move|p2a: Calyrex|Astral Barrage|p1a: Dondozo\n|-damage|p1a: Dondozo|7\/100\n|move|p1a: Dondozo|Body Press|p2a: Calyrex\n|-supereffective|p2a: Calyrex\n|-damage|p2a: Calyrex|34\/100\n|\n|upkeep\n|turn|33\n|\n|t:|1700910012\n|switch|p1a: Blissey|Blissey, F|13\/100\n|move|p2a: Calyrex|Draining Kiss|p1a: Blissey\n|-damage|p1a: Blissey|0 fnt\n|-heal|p2a: Calyrex|54\/100|[from] drain|[of] p1a: Blissey\n|faint|p1a: Blissey\n|-ability|p2a: Calyrex|Grim Neigh|boost\n|-boost|p2a: Calyrex|spa|1\n|\n|upkeep\n|\n|t:|1700910030\n|switch|p1a: Clodsire|Clodsire, F, tera:Dark|38\/100\n|turn|34\n|\n|t:|1700910034\n|move|p2a: Calyrex|Draining Kiss|p1a: Clodsire\n|-supereffective|p1a: Clodsire\n|-damage|p1a: Clodsire|16\/100\n|-heal|p2a: Calyrex|76\/100|[from] drain|[of] p1a: Clodsire\n|move|p1a: Clodsire|Recover|p1a: Clodsire\n|-heal|p1a: Clodsire|66\/100\n|\n|upkeep\n|turn|35\n|\n|t:|1700910044\n|move|p2a: Calyrex|Draining Kiss|p1a: Clodsire\n|-supereffective|p1a: Clodsire\n|-damage|p1a: Clodsire|46\/100\n|-heal|p2a: Calyrex|97\/100|[from] drain|[of] p1a: Clodsire\n|move|p1a: Clodsire|Earthquake|p2a: Calyrex\n|-damage|p2a: Calyrex|64\/100\n|\n|upkeep\n|turn|36\n|\n|t:|1700910050\n|move|p2a: Calyrex|Draining Kiss|p1a: Clodsire\n|-supereffective|p1a: Clodsire\n|-damage|p1a: Clodsire|25\/100\n|-heal|p2a: Calyrex|85\/100|[from] drain|[of] p1a: Clodsire\n|move|p1a: Clodsire|Recover|p1a: Clodsire\n|-heal|p1a: Clodsire|75\/100\n|\n|upkeep\n|turn|37\n|\n|t:|1700910061\n|move|p2a: Calyrex|Draining Kiss|p1a: Clodsire\n|-supereffective|p1a: Clodsire\n|-damage|p1a: Clodsire|54\/100\n|-heal|p2a: Calyrex|100\/100|[from] drain|[of] p1a: Clodsire\n|move|p1a: Clodsire|Toxic Spikes|p2a: Calyrex\n|-sidestart|p2: arafatr871|move: Toxic Spikes\n|\n|upkeep\n|turn|38\n|\n|t:|1700910071\n|move|p2a: Calyrex|Draining Kiss|p1a: Clodsire\n|-supereffective|p1a: Clodsire\n|-damage|p1a: Clodsire|31\/100\n|move|p1a: Clodsire|Earthquake|p2a: Calyrex\n|-damage|p2a: Calyrex|65\/100\n|\n|upkeep\n|turn|39\n|\n|t:|1700910079\n|switch|p2a: Clodsire|Clodsire, F, shiny|30\/100\n|-sideend|p2: arafatr871|move: Toxic Spikes|[of] p2a: Clodsire\n|move|p1a: Clodsire|Recover|p1a: Clodsire\n|-heal|p1a: Clodsire|81\/100\n|\n|-heal|p2a: Clodsire|36\/100|[from] item: Leftovers\n|upkeep\n|turn|40\n|\n|t:|1700910085\n|move|p1a: Clodsire|Earthquake|p2a: Clodsire\n|-supereffective|p2a: Clodsire\n|-damage|p2a: Clodsire|0 fnt\n|faint|p2a: Clodsire\n|\n|upkeep\n|\n|t:|1700910090\n|switch|p2a: Chansey|Chansey, F, shiny|94\/100\n|turn|41\n|\n|t:|1700910099\n|switch|p1a: Mandibuzz|Mandibuzz, F|1\/100\n|move|p2a: Chansey|Thunder Wave|p1a: Mandibuzz\n|-status|p1a: Mandibuzz|par\n|\n|upkeep\n|turn|42\n|\n|t:|1700910102\n|move|p2a: Chansey|Seismic Toss|p1a: Mandibuzz\n|-damage|p1a: Mandibuzz|0 fnt\n|faint|p1a: Mandibuzz\n|\n|upkeep\n|\n|t:|1700910105\n|switch|p1a: Dondozo|Dondozo, F|7\/100\n|turn|43\n|\n|t:|1700910109\n|move|p2a: Chansey|Seismic Toss|p1a: Dondozo\n|-damage|p1a: Dondozo|0 fnt\n|faint|p1a: Dondozo\n|\n|upkeep\n|\n|t:|1700910113\n|switch|p1a: Gliscor|Gliscor, F|100\/100 tox\n|turn|44\n|\n|t:|1700910123\n|move|p1a: Gliscor|Spikes|p2a: Chansey\n|-sidestart|p2: arafatr871|Spikes\n|move|p2a: Chansey|Seismic Toss|p1a: Gliscor\n|-damage|p1a: Gliscor|72\/100 tox\n|\n|-heal|p1a: Gliscor|85\/100 tox|[from] ability: Poison Heal\n|upkeep\n|turn|45\n|\n|t:|1700910133\n|move|p1a: Gliscor|Spikes|p2a: Chansey\n|-sidestart|p2: arafatr871|Spikes\n|move|p2a: Chansey|Seismic Toss|p1a: Gliscor\n|-damage|p1a: Gliscor|56\/100 tox\n|\n|-heal|p1a: Gliscor|69\/100 tox|[from] ability: Poison Heal\n|upkeep\n|turn|46\n|\n|t:|1700910142\n|move|p1a: Gliscor|Protect|p1a: Gliscor\n|-singleturn|p1a: Gliscor|Protect\n|move|p2a: Chansey|Seismic Toss|p1a: Gliscor\n|-activate|p1a: Gliscor|move: Protect\n|\n|-heal|p1a: Gliscor|81\/100 tox|[from] ability: Poison Heal\n|upkeep\n|turn|47\n|\n|t:|1700910146\n|move|p1a: Gliscor|Toxic|p2a: Chansey\n|-status|p2a: Chansey|tox\n|move|p2a: Chansey|Stealth Rock|p1a: Gliscor\n|-sidestart|p1: AGLP 1|move: Stealth Rock\n|\n|-heal|p1a: Gliscor|94\/100 tox|[from] ability: Poison Heal\n|-damage|p2a: Chansey|88\/100 tox|[from] psn\n|upkeep\n|turn|48\n|j| iompgwposd\n|\n|t:|1700910156\n|-curestatus|p2a: Chansey|tox|[from] ability: Natural Cure\n|switch|p2a: Koraidon|Koraidon|31\/100\n|-damage|p2a: Koraidon|14\/100|[from] Spikes\n|-weather|SunnyDay|[from] ability: Orichalcum Pulse|[of] p2a: Koraidon\n|-activate|p2a: Koraidon|Orichalcum Pulse|[source]\n|move|p1a: Gliscor|Spikes|p2a: Koraidon\n|-sidestart|p2: arafatr871|Spikes\n|\n|-weather|SunnyDay|[upkeep]\n|-heal|p1a: Gliscor|100\/100 tox|[from] ability: Poison Heal\n|upkeep\n|turn|49\n|\n|t:|1700910171\n|move|p2a: Koraidon|Iron Head|p1a: Gliscor\n|-crit|p1a: Gliscor\n|-damage|p1a: Gliscor|63\/100 tox\n|move|p1a: Gliscor|Earthquake|p2a: Koraidon\n|-damage|p2a: Koraidon|0 fnt\n|faint|p2a: Koraidon\n|\n|-weather|SunnyDay|[upkeep]\n|-heal|p1a: Gliscor|76\/100 tox|[from] ability: Poison Heal\n|upkeep\n|\n|t:|1700910176\n|switch|p2a: Calyrex|Calyrex-Shadow, tera:Dark|65\/100\n|-ability|p2a: Calyrex|As One\n|-ability|p2a: Calyrex|Unnerve\n|-damage|p2a: Calyrex|40\/100|[from] Spikes\n|turn|50\n|\n|t:|1700910184\n|move|p2a: Calyrex|Astral Barrage|p1a: Gliscor\n|-damage|p1a: Gliscor|0 fnt\n|faint|p1a: Gliscor\n|-ability|p2a: Calyrex|Grim Neigh|boost\n|-boost|p2a: Calyrex|spa|1\n|\n|-weather|SunnyDay|[upkeep]\n|upkeep\n|\n|t:|1700910185\n|switch|p1a: Clodsire|Clodsire, F, tera:Dark|81\/100\n|turn|51\n|\n|t:|1700910193\n|move|p2a: Calyrex|Draining Kiss|p1a: Clodsire\n|-supereffective|p1a: Clodsire\n|-damage|p1a: Clodsire|60\/100\n|-heal|p2a: Calyrex|61\/100|[from] drain|[of] p1a: Clodsire\n|move|p1a: Clodsire|Earthquake|p2a: Calyrex\n|-damage|p2a: Calyrex|30\/100\n|\n|-weather|SunnyDay|[upkeep]\n|upkeep\n|turn|52\n|\n|t:|1700910208\n|switch|p2a: Chansey|Chansey, F, shiny|88\/100\n|-damage|p2a: Chansey|63\/100|[from] Spikes\n|move|p1a: Clodsire|Earthquake|p2a: Chansey\n|-damage|p2a: Chansey|45\/100\n|\n|-weather|none\n|upkeep\n|turn|53\n|\n|t:|1700910215\n|move|p2a: Chansey|Thunder Wave|p1a: Clodsire\n|-status|p1a: Clodsire|par\n|move|p1a: Clodsire|Toxic Spikes|p2a: Chansey\n|-sidestart|p2: arafatr871|move: Toxic Spikes\n|\n|upkeep\n|turn|54\n|\n|t:|1700910220\n|move|p2a: Chansey|Soft-Boiled|p2a: Chansey\n|-heal|p2a: Chansey|95\/100\n|move|p1a: Clodsire|Toxic Spikes|p2a: Chansey\n|-sidestart|p2: arafatr871|move: Toxic Spikes\n|\n|upkeep\n|turn|55\n|\n|t:|1700910224\n|move|p2a: Chansey|Seismic Toss|p1a: Clodsire\n|-damage|p1a: Clodsire|39\/100 par\n|move|p1a: Clodsire|Poison Jab|p2a: Chansey\n|-damage|p2a: Chansey|81\/100\n|\n|upkeep\n|turn|56\n|\n|t:|1700910229\n|move|p2a: Chansey|Seismic Toss|p1a: Clodsire\n|-damage|p1a: Clodsire|17\/100 par\n|move|p1a: Clodsire|Recover|p1a: Clodsire\n|-heal|p1a: Clodsire|67\/100 par\n|\n|upkeep\n|turn|57\n|\n|t:|1700910236\n|move|p2a: Chansey|Seismic Toss|p1a: Clodsire\n|-damage|p1a: Clodsire|46\/100 par\n|move|p1a: Clodsire|Earthquake|p2a: Chansey\n|-damage|p2a: Chansey|63\/100\n|\n|upkeep\n|turn|58\n|\n|t:|1700910243\n|move|p2a: Chansey|Seismic Toss|p1a: Clodsire\n|-damage|p1a: Clodsire|24\/100 par\n|move|p1a: Clodsire|Recover|p1a: Clodsire\n|-heal|p1a: Clodsire|74\/100 par\n|\n|upkeep\n|turn|59\n|\n|t:|1700910247\n|move|p2a: Chansey|Seismic Toss|p1a: Clodsire\n|-damage|p1a: Clodsire|53\/100 par\n|cant|p1a: Clodsire|par\n|\n|upkeep\n|turn|60\n|\n|t:|1700910251\n|move|p2a: Chansey|Seismic Toss|p1a: Clodsire\n|-damage|p1a: Clodsire|31\/100 par\n|cant|p1a: Clodsire|par\n|\n|upkeep\n|turn|61\n|\n|t:|1700910255\n|move|p2a: Chansey|Seismic Toss|p1a: Clodsire\n|-damage|p1a: Clodsire|10\/100 par\n|move|p1a: Clodsire|Recover|p1a: Clodsire\n|-heal|p1a: Clodsire|60\/100 par\n|\n|upkeep\n|turn|62\n|\n|t:|1700910269\n|move|p2a: Chansey|Seismic Toss|p1a: Clodsire\n|-damage|p1a: Clodsire|38\/100 par\n|move|p1a: Clodsire|Poison Jab|p2a: Chansey\n|-damage|p2a: Chansey|48\/100\n|-status|p2a: Chansey|psn\n|\n|-damage|p2a: Chansey|35\/100 psn|[from] psn\n|upkeep\n|turn|63\n|\n|t:|1700910279\n|move|p2a: Chansey|Soft-Boiled|p2a: Chansey\n|-heal|p2a: Chansey|85\/100 psn\n|move|p1a: Clodsire|Recover|p1a: Clodsire\n|-heal|p1a: Clodsire|88\/100 par\n|\n|-damage|p2a: Chansey|73\/100 psn|[from] psn\n|upkeep\n|turn|64\n|l|\u2606AGLP 1\n|inactive|AGLP 1 disconnected and has a minute to reconnect!\n|player|p1|\n|\n|t:|1700910286\n|-curestatus|p2a: Chansey|psn|[from] ability: Natural Cure\n|switch|p2a: Skeledirge|Skeledirge, F, shiny|100\/100\n|cant|p1a: Clodsire|par\n|\n|upkeep\n|turn|65\n|inactive|AGLP 1 has 30 seconds to reconnect!\n|inactive|AGLP 1 has 20 seconds to reconnect!\n|inactive|AGLP 1 has 15 seconds to reconnect!\n|inactive|AGLP 1 has 10 seconds to reconnect!\n|inactive|AGLP 1 has 5 seconds to reconnect!\n|-message|AGLP 1 lost due to inactivity.\n|\n|win|arafatr871\n|raw|AGLP 1's rating: 1595 &rarr; <strong>1578<\/strong><br \/>(-17 for losing)\n|raw|arafatr871's rating: 1652 &rarr; <strong>1669<\/strong><br \/>(+17 for winning)\n|l|\u2606arafatr871\n","uploadtime":1700910404,"views":2,"p1id":"aglp1","p2id":"arafatr871","formatid":"gen9anythinggoes","rating":1578,"private":0,"password":""}