{"id":"gen9anythinggoes-1980587045","p1":"Ankun4","p2":"BananaBread007","format":"[Gen 9] Anything Goes","log":"|j|\u2606Ankun4\n|j|\u2606BananaBread007\n|t:|1698800371\n|gametype|singles\n|player|p1|Ankun4|101|1082\n|player|p2|BananaBread007|169|1041\n|teamsize|p1|6\n|teamsize|p2|3\n|gen|9\n|tier|[Gen 9] Anything Goes\n|rated|\n|rule|HP Percentage Mod: HP is shown in percentages\n|rule|Endless Battle Clause: Forcing endless battles is banned\n|clearpoke\n|poke|p1|Pikachu, F|\n|poke|p1|Gardevoir, M|\n|poke|p1|Floatzel, M|\n|poke|p1|Staraptor, F|\n|poke|p1|Glaceon, M|\n|poke|p1|Diglett, M|\n|poke|p2|Drifblim, F|\n|poke|p2|Dragapult, M|\n|poke|p2|Dudunsparce-*, M|\n|teampreview\n|\n|t:|1698800377\n|start\n|switch|p1a: Pikachu|Pikachu, F|100\/100\n|switch|p2a: Drifblim|Drifblim, F, shiny|100\/100\n|turn|1\n|\n|t:|1698800383\n|move|p1a: Pikachu|Nuzzle|p2a: Drifblim\n|-supereffective|p2a: Drifblim\n|-damage|p2a: Drifblim|76\/100\n|-status|p2a: Drifblim|par\n|move|p2a: Drifblim|Minimize|p2a: Drifblim\n|-boost|p2a: Drifblim|evasion|2\n|\n|upkeep\n|turn|2\n|\n|t:|1698800394\n|move|p1a: Pikachu|Volt Switch|p2a: Drifblim|[miss]\n|-miss|p1a: Pikachu|p2a: Drifblim\n|move|p2a: Drifblim|Minimize|p2a: Drifblim\n|-boost|p2a: Drifblim|evasion|2\n|\n|upkeep\n|turn|3\n|\n|t:|1698800401\n|move|p1a: Pikachu|Nasty Plot|p1a: Pikachu\n|-boost|p1a: Pikachu|spa|2\n|move|p2a: Drifblim|Minimize|p2a: Drifblim\n|-boost|p2a: Drifblim|evasion|2\n|\n|upkeep\n|turn|4\n|\n|t:|1698800410\n|move|p1a: Pikachu|Thunderbolt|p2a: Drifblim\n|-supereffective|p2a: Drifblim\n|-damage|p2a: Drifblim|0 fnt\n|faint|p2a: Drifblim\n|\n|upkeep\n|\n|t:|1698800413\n|switch|p2a: Dudunsparce|Dudunsparce, M|100\/100\n|turn|5\n|\n|t:|1698800419\n|move|p1a: Pikachu|Nuzzle|p2a: Dudunsparce\n|-damage|p2a: Dudunsparce|91\/100\n|-status|p2a: Dudunsparce|par\n|move|p2a: Dudunsparce|Coil|p2a: Dudunsparce\n|-boost|p2a: Dudunsparce|atk|1\n|-boost|p2a: Dudunsparce|def|1\n|-boost|p2a: Dudunsparce|accuracy|1\n|\n|upkeep\n|turn|6\n|\n|t:|1698800434\n|move|p1a: Pikachu|Volt Switch|p2a: Dudunsparce\n|-damage|p2a: Dudunsparce|19\/100 par\n|\n|t:|1698800438\n|switch|p1a: Staraptor|Staraptor, F|100\/100|[from] Volt Switch\n|-ability|p1a: Staraptor|Intimidate|boost\n|-unboost|p2a: Dudunsparce|atk|1\n|move|p2a: Dudunsparce|Amnesia|p2a: Dudunsparce\n|-boost|p2a: Dudunsparce|spd|2\n|\n|upkeep\n|turn|7\n|\n|t:|1698800458\n|move|p1a: Staraptor|Acrobatics|p2a: Dudunsparce\n|-crit|p2a: Dudunsparce\n|-damage|p2a: Dudunsparce|0 fnt\n|faint|p2a: Dudunsparce\n|\n|upkeep\n|\n|t:|1698800461\n|switch|p2a: Dragapult|Dragapult, M, shiny|100\/100\n|turn|8\n|\n|t:|1698800475\n|move|p2a: Dragapult|Dragon Dance|p2a: Dragapult\n|-boost|p2a: Dragapult|atk|1\n|-boost|p2a: Dragapult|spe|1\n|move|p1a: Staraptor|U-turn|p2a: Dragapult\n|-resisted|p2a: Dragapult\n|-damage|p2a: Dragapult|85\/100\n|\n|t:|1698800480\n|switch|p1a: Gardevoir|Gardevoir, M|100\/100|[from] U-turn\n|\n|upkeep\n|turn|9\n|\n|t:|1698800487\n|move|p2a: Dragapult|Dragon Dance|p2a: Dragapult\n|-boost|p2a: Dragapult|atk|1\n|-boost|p2a: Dragapult|spe|1\n|move|p1a: Gardevoir|Moonblast|p2a: Dragapult\n|-supereffective|p2a: Dragapult\n|-damage|p2a: Dragapult|0 fnt\n|faint|p2a: Dragapult\n|\n|win|Ankun4\n|raw|Ankun4's rating: 1082 &rarr; <strong>1106<\/strong><br \/>(+24 for winning)\n|raw|BananaBread007's rating: 1041 &rarr; <strong>1027<\/strong><br \/>(-14 for losing)\n|l|\u2606BananaBread007\n","uploadtime":1698800501,"views":9,"p1id":"ankun4","p2id":"bananabread007","formatid":"gen9anythinggoes","rating":1027,"private":0,"password":""}