{"id":"gen9anythinggoes-1977149338","p1":"incontri\u8482\u5b89\u5e0c","p2":"AminitraboTTT","format":"[Gen 9] Anything Goes","log":"|j|\u2606incontri\u8482\u5b89\u5e0c\n|j|\u2606AminitraboTTT\n|t:|1698377480\n|gametype|singles\n|player|p1|incontri\u8482\u5b89\u5e0c|lillie-masters|\n|player|p2|AminitraboTTT|supernerd|\n|teamsize|p1|6\n|teamsize|p2|6\n|gen|9\n|tier|[Gen 9] Anything Goes\n|rule|HP Percentage Mod: HP is shown in percentages\n|rule|Endless Battle Clause: Forcing endless battles is banned\n|clearpoke\n|poke|p1|Koraidon|\n|poke|p1|Calyrex-Shadow|\n|poke|p1|Miraidon|\n|poke|p1|Zacian-*|\n|poke|p1|Arceus|\n|poke|p1|Arceus-Ground|\n|poke|p2|Koraidon|\n|poke|p2|Miraidon|\n|poke|p2|Iron Bundle|\n|poke|p2|Flutter Mane|\n|poke|p2|Iron Valiant|\n|poke|p2|Great Tusk|\n|teampreview\n|c|\u2606AminitraboTTT|Hola, soy AminitraboTTT, el bot de la sala Espa\u00f1ol. gl hf\n|inactive|Battle timer is ON: inactive players will automatically lose when time's up. (requested by AminitraboTTT)\n|\n|t:|1698377483\n|start\n|switch|p1a: Arceus|Arceus|100\/100\n|switch|p2a: Iron Valiant|Iron Valiant|100\/100\n|turn|1\n|\n|t:|1698377492\n|switch|p1a: Calyrex|Calyrex-Shadow|100\/100\n|-ability|p1a: Calyrex|As One\n|-ability|p1a: Calyrex|Unnerve\n|-terastallize|p2a: Iron Valiant|Fairy\n|move|p2a: Iron Valiant|Moonblast|p1a: Calyrex\n|-damage|p1a: Calyrex|40\/100\n|\n|upkeep\n|turn|2\n|\n|t:|1698377501\n|move|p1a: Calyrex|Astral Barrage|p2a: Iron Valiant\n|-damage|p2a: Iron Valiant|0 fnt\n|faint|p2a: Iron Valiant\n|-end|p2a: Iron Valiant|Quark Drive|[silent]\n|-ability|p1a: Calyrex|Grim Neigh|boost\n|-boost|p1a: Calyrex|spa|1\n|\n|upkeep\n|\n|t:|1698377502\n|switch|p2a: Iron Bundle|Iron Bundle|100\/100\n|turn|3\n|\n|t:|1698377514\n|move|p1a: Calyrex|Astral Barrage|p2a: Iron Bundle\n|-damage|p2a: Iron Bundle|0 fnt\n|faint|p2a: Iron Bundle\n|-end|p2a: Iron Bundle|Quark Drive|[silent]\n|-ability|p1a: Calyrex|Grim Neigh|boost\n|-boost|p1a: Calyrex|spa|1\n|\n|upkeep\n|\n|t:|1698377514\n|switch|p2a: Miraidon|Miraidon|100\/100\n|-fieldstart|move: Electric Terrain|[from] ability: Hadron Engine|[of] p2a: Miraidon\n|turn|4\n|\n|t:|1698377523\n|move|p1a: Calyrex|Astral Barrage|p2a: Miraidon\n|-damage|p2a: Miraidon|0 fnt\n|faint|p2a: Miraidon\n|-ability|p1a: Calyrex|Grim Neigh|boost\n|-boost|p1a: Calyrex|spa|1\n|\n|upkeep\n|\n|t:|1698377524\n|switch|p2a: Flutter Mane|Flutter Mane|100\/100\n|turn|5\n|\n|t:|1698377532\n|move|p1a: Calyrex|Astral Barrage|p2a: Flutter Mane\n|-supereffective|p2a: Flutter Mane\n|-damage|p2a: Flutter Mane|0 fnt\n|faint|p2a: Flutter Mane\n|-end|p2a: Flutter Mane|Protosynthesis|[silent]\n|-ability|p1a: Calyrex|Grim Neigh|boost\n|-boost|p1a: Calyrex|spa|1\n|\n|upkeep\n|\n|t:|1698377532\n|switch|p2a: Koraidon|Koraidon|100\/100\n|-weather|SunnyDay|[from] ability: Orichalcum Pulse|[of] p2a: Koraidon\n|-activate|p2a: Koraidon|Orichalcum Pulse|[source]\n|turn|6\n|\n|t:|1698377542\n|move|p1a: Calyrex|Psyshock|p2a: Koraidon\n|-supereffective|p2a: Koraidon\n|-damage|p2a: Koraidon|0 fnt\n|faint|p2a: Koraidon\n|-ability|p1a: Calyrex|Grim Neigh|boost\n|-boost|p1a: Calyrex|spa|1\n|\n|-weather|SunnyDay|[upkeep]\n|upkeep\n|\n|t:|1698377543\n|switch|p2a: Great Tusk|Great Tusk|100\/100\n|-activate|p2a: Great Tusk|ability: Protosynthesis\n|-start|p2a: Great Tusk|protosynthesisdef\n|turn|7\n|\n|t:|1698377554\n|move|p1a: Calyrex|Grass Knot|p2a: Great Tusk\n|-supereffective|p2a: Great Tusk\n|-damage|p2a: Great Tusk|0 fnt\n|-damage|p1a: Calyrex|23\/100|[from] item: Rocky Helmet|[of] p2a: Great Tusk\n|faint|p2a: Great Tusk\n|-end|p2a: Great Tusk|Protosynthesis|[silent]\n|\n|win|incontri\u8482\u5b89\u5e0c\n|c|\u2606AminitraboTTT|wow ok :(\n|l|\u2606AminitraboTTT\n","uploadtime":1698377611,"views":10,"p1id":"incontri","p2id":"aminitrabottt","formatid":"gen9anythinggoes","rating":0,"private":0,"password":""}