{"id":"gen9anythinggoes-1994785851","p1":"riggytherunky","p2":"Jeremy647","format":"[Gen 9] Anything Goes","log":"|j|\u2606riggytherunky\n|j|\u2606Jeremy647\n|t:|1700492597\n|gametype|singles\n|player|p1|riggytherunky|benga|1254\n|player|p2|Jeremy647|ruinmaniac|1322\n|teamsize|p1|6\n|teamsize|p2|6\n|gen|9\n|tier|[Gen 9] Anything Goes\n|rated|\n|rule|HP Percentage Mod: HP is shown in percentages\n|rule|Endless Battle Clause: Forcing endless battles is banned\n|clearpoke\n|poke|p1|Ogerpon-Hearthflame, F|\n|poke|p1|Ursaluna-Bloodmoon, M|\n|poke|p1|Gliscor, M|\n|poke|p1|Palafin, M|\n|poke|p1|Regieleki|\n|poke|p1|Kingambit, M|\n|poke|p2|Iron Bundle|\n|poke|p2|Miraidon|\n|poke|p2|Zacian-*|\n|poke|p2|Roaring Moon|\n|poke|p2|Rillaboom, M|\n|poke|p2|Rayquaza|\n|teampreview\n|inactive|Battle timer is ON: inactive players will automatically lose when time's up. (requested by Jeremy647)\n|\n|t:|1700492608\n|start\n|switch|p1a: Palafin|Palafin, M, shiny|100\/100\n|switch|p2a: Roaring Moon|Roaring Moon|100\/100\n|-enditem|p2a: Roaring Moon|Booster Energy\n|-activate|p2a: Roaring Moon|ability: Protosynthesis|[fromitem]\n|-start|p2a: Roaring Moon|protosynthesisatk\n|turn|1\n|\n|t:|1700492619\n|move|p1a: Palafin|Flip Turn|p2a: Roaring Moon\n|-resisted|p2a: Roaring Moon\n|-damage|p2a: Roaring Moon|85\/100\n|\n|t:|1700492625\n|detailschange|p1a: Palafin|Palafin-Hero, M, shiny\n|switch|p1a: Gliscor|Gliscor, M, shiny|100\/100|[from] Flip Turn\n|move|p2a: Roaring Moon|Dragon Dance|p2a: Roaring Moon\n|-boost|p2a: Roaring Moon|atk|1\n|-boost|p2a: Roaring Moon|spe|1\n|\n|-status|p1a: Gliscor|tox|[from] item: Toxic Orb\n|upkeep\n|turn|2\n|\n|t:|1700492633\n|move|p2a: Roaring Moon|Acrobatics|p1a: Gliscor\n|-damage|p1a: Gliscor|40\/100 tox\n|move|p1a: Gliscor|Fling|p2a: Roaring Moon\n|-resisted|p2a: Roaring Moon\n|-damage|p2a: Roaring Moon|80\/100\n|-status|p2a: Roaring Moon|tox\n|-enditem|p1a: Gliscor|Toxic Orb|[from] move: Fling\n|\n|-damage|p2a: Roaring Moon|74\/100 tox|[from] psn\n|-heal|p1a: Gliscor|53\/100 tox|[from] ability: Poison Heal\n|upkeep\n|turn|3\n|\n|t:|1700492646\n|move|p1a: Gliscor|Protect|p1a: Gliscor\n|-singleturn|p1a: Gliscor|Protect\n|move|p2a: Roaring Moon|Acrobatics|p1a: Gliscor\n|-activate|p1a: Gliscor|move: Protect\n|\n|-damage|p2a: Roaring Moon|61\/100 tox|[from] psn\n|-heal|p1a: Gliscor|65\/100 tox|[from] ability: Poison Heal\n|upkeep\n|turn|4\n|c|\u2606Jeremy647|Yies\n|c|\u2606Jeremy647|Yikes*\n|\n|t:|1700492657\n|move|p2a: Roaring Moon|Acrobatics|p1a: Gliscor\n|-damage|p1a: Gliscor|0 fnt\n|faint|p1a: Gliscor\n|\n|-damage|p2a: Roaring Moon|43\/100 tox|[from] psn\n|upkeep\n|\n|t:|1700492677\n|switch|p1a: Freddy|Ursaluna-Bloodmoon, M|100\/100\n|turn|5\n|\n|t:|1700492681\n|move|p2a: Roaring Moon|Outrage|p1a: Freddy\n|-damage|p1a: Freddy|0 fnt\n|faint|p1a: Freddy\n|\n|-damage|p2a: Roaring Moon|18\/100 tox|[from] psn\n|upkeep\n|\n|t:|1700492688\n|switch|p1a: BEST GIRL|Ogerpon-Hearthflame, F|100\/100\n|-ability|p1a: BEST GIRL|Mold Breaker\n|turn|6\n|\n|t:|1700492692\n|move|p1a: BEST GIRL|Spiky Shield|p1a: BEST GIRL\n|-singleturn|p1a: BEST GIRL|move: Protect\n|move|p2a: Roaring Moon|Outrage|p1a: BEST GIRL|[from]lockedmove\n|-activate|p1a: BEST GIRL|move: Protect\n|-damage|p2a: Roaring Moon|5\/100 tox|[from] Spiky Shield|[of] p1a: BEST GIRL\n|\n|-damage|p2a: Roaring Moon|0 fnt|[from] psn\n|faint|p2a: Roaring Moon\n|-end|p2a: Roaring Moon|Protosynthesis|[silent]\n|upkeep\n|\n|t:|1700492701\n|switch|p2a: Miraidon|Miraidon|100\/100\n|-fieldstart|move: Electric Terrain|[from] ability: Hadron Engine|[of] p2a: Miraidon\n|turn|7\n|\n|t:|1700492713\n|switch|p1a: Regieleki|Regieleki, shiny|100\/100\n|move|p2a: Miraidon|Volt Switch|p1a: Regieleki\n|-resisted|p1a: Regieleki\n|-damage|p1a: Regieleki|35\/100\n|\n|t:|1700492720\n|switch|p2a: Rillaboom|Rillaboom, M|100\/100|[from] Volt Switch\n|-fieldstart|move: Grassy Terrain|[from] ability: Grassy Surge|[of] p2a: Rillaboom\n|\n|-heal|p1a: Regieleki|41\/100|[from] Grassy Terrain\n|upkeep\n|turn|8\n|\n|t:|1700492728\n|move|p2a: Rillaboom|Grassy Glide|p1a: Regieleki\n|-damage|p1a: Regieleki|0 fnt\n|faint|p1a: Regieleki\n|\n|upkeep\n|\n|t:|1700492736\n|switch|p1a: BEST GIRL|Ogerpon-Hearthflame, F|100\/100\n|-ability|p1a: BEST GIRL|Mold Breaker\n|turn|9\n|\n|t:|1700492743\n|-terastallize|p1a: BEST GIRL|Fire\n|detailschange|p1a: BEST GIRL|Ogerpon-Hearthflame-Tera, F, tera:Fire\n|-ability|p1a: BEST GIRL|Embody Aspect (Hearthflame)|boost\n|-boost|p1a: BEST GIRL|atk|1\n|move|p2a: Rillaboom|Grassy Glide|p1a: BEST GIRL\n|-resisted|p1a: BEST GIRL\n|-damage|p1a: BEST GIRL|64\/100\n|move|p1a: BEST GIRL|Ivy Cudgel|p2a: Rillaboom|[anim] Ivy Cudgel Fire\n|-supereffective|p2a: Rillaboom\n|-damage|p2a: Rillaboom|0 fnt\n|faint|p2a: Rillaboom\n|\n|-heal|p1a: BEST GIRL|70\/100|[from] Grassy Terrain\n|upkeep\n|\n|t:|1700492754\n|switch|p2a: Miraidon|Miraidon|100\/100\n|-fieldstart|move: Electric Terrain|[from] ability: Hadron Engine|[of] p2a: Miraidon\n|turn|10\n|\n|t:|1700492762\n|move|p1a: BEST GIRL|Spiky Shield|p1a: BEST GIRL\n|-singleturn|p1a: BEST GIRL|move: Protect\n|move|p2a: Miraidon|Volt Switch|p1a: BEST GIRL\n|-activate|p1a: BEST GIRL|move: Protect\n|\n|upkeep\n|turn|11\n|\n|t:|1700492771\n|move|p2a: Miraidon|Volt Switch|p1a: BEST GIRL\n|-damage|p1a: BEST GIRL|0 fnt\n|faint|p1a: BEST GIRL\n|\n|t:|1700492774\n|switch|p2a: Iron Bundle|Iron Bundle, shiny|100\/100|[from] Volt Switch\n|-activate|p2a: Iron Bundle|ability: Quark Drive\n|-start|p2a: Iron Bundle|quarkdrivespe\n|\n|upkeep\n|\n|t:|1700492780\n|switch|p1a: Palafin|Palafin-Hero, M, shiny|100\/100\n|-activate|p1a: Palafin|ability: Zero to Hero\n|turn|12\n|c|\u2606Jeremy647|Ngl the the shiny version ugly asl \ud83d\ude2d\n|\n|t:|1700492803\n|move|p2a: Iron Bundle|Freeze-Dry|p1a: Palafin\n|-supereffective|p1a: Palafin\n|-damage|p1a: Palafin|0 fnt\n|faint|p1a: Palafin\n|\n|upkeep\n|c|\u2606riggytherunky|villon\n|\n|t:|1700492820\n|switch|p1a: Kingambit|Kingambit, M, shiny|100\/100\n|-activate|p1a: Kingambit|ability: Supreme Overlord\n|-start|p1a: Kingambit|fallen5|[silent]\n|turn|13\n|c|\u2606Jeremy647|Villan*\n|\n|t:|1700492831\n|move|p2a: Iron Bundle|Freeze-Dry|p1a: Kingambit\n|-resisted|p1a: Kingambit\n|-damage|p1a: Kingambit|79\/100\n|move|p1a: Kingambit|Iron Head|p2a: Iron Bundle\n|-damage|p2a: Iron Bundle|22\/100\n|\n|upkeep\n|turn|14\n|\n|t:|1700492838\n|move|p1a: Kingambit|Sucker Punch|p2a: Iron Bundle\n|-damage|p2a: Iron Bundle|0 fnt\n|faint|p2a: Iron Bundle\n|-end|p2a: Iron Bundle|Quark Drive|[silent]\n|\n|-fieldend|move: Electric Terrain\n|upkeep\n|\n|t:|1700492841\n|switch|p2a: Rayquaza|Rayquaza|100\/100\n|-ability|p2a: Rayquaza|Air Lock\n|turn|15\n|\n|t:|1700492851\n|move|p2a: Rayquaza|Swords Dance|p2a: Rayquaza\n|-boost|p2a: Rayquaza|atk|2\n|move|p1a: Kingambit|Kowtow Cleave|p2a: Rayquaza\n|-damage|p2a: Rayquaza|28\/100\n|\n|upkeep\n|turn|16\n|\n|t:|1700492861\n|-terastallize|p2a: Rayquaza|Normal\n|move|p2a: Rayquaza|Extreme Speed|p1a: Kingambit\n|-resisted|p1a: Kingambit\n|-damage|p1a: Kingambit|29\/100\n|-damage|p2a: Rayquaza|18\/100|[from] item: Life Orb\n|move|p1a: Kingambit|Sucker Punch||[still]\n|-fail|p1a: Kingambit\n|\n|upkeep\n|turn|17\n|c|\u2606Jeremy647|ggs\n|\n|t:|1700492882\n|move|p2a: Rayquaza|Extreme Speed|p1a: Kingambit\n|-resisted|p1a: Kingambit\n|-damage|p1a: Kingambit|0 fnt\n|faint|p1a: Kingambit\n|-end|p1a: Kingambit|fallen5|[silent]\n|-damage|p2a: Rayquaza|8\/100|[from] item: Life Orb\n|\n|win|Jeremy647\n|raw|riggytherunky's rating: 1254 &rarr; <strong>1234<\/strong><br \/>(-20 for losing)\n|raw|Jeremy647's rating: 1322 &rarr; <strong>1338<\/strong><br \/>(+16 for winning)\n","uploadtime":1700492896,"views":0,"p1id":"riggytherunky","p2id":"jeremy647","formatid":"gen9anythinggoes","rating":1234,"private":0,"password":""}