{"id":"gen9anythinggoes-1973642164","p1":"Lucasoduncu","p2":"durpmurp","format":"[Gen 9] Anything Goes","log":"|j|\u2606Lucasoduncu\n|j|\u2606durpmurp\n|t:|1697999018\n|gametype|singles\n|player|p1|Lucasoduncu|cameraman|1096\n|player|p2|durpmurp|hiker-gen4|1147\n|teamsize|p1|6\n|teamsize|p2|6\n|gen|9\n|tier|[Gen 9] Anything Goes\n|rated|\n|rule|HP Percentage Mod: HP is shown in percentages\n|rule|Endless Battle Clause: Forcing endless battles is banned\n|clearpoke\n|poke|p1|Grimmsnarl, M|\n|poke|p1|Bisharp, M|\n|poke|p1|Samurott-Hisui, F|\n|poke|p1|Krookodile, M|\n|poke|p1|Vullaby, F|\n|poke|p1|Zarude|\n|poke|p2|Annihilape, M|\n|poke|p2|Pawmot, M|\n|poke|p2|Zacian-*|\n|poke|p2|Forretress, M|\n|poke|p2|Dragonite, F|\n|poke|p2|Glalie, F|\n|teampreview\n|\n|t:|1697999025\n|start\n|switch|p1a: Bisharp|Bisharp, M, shiny|100\/100\n|switch|p2a: Annihilape|Annihilape, M|100\/100\n|-ability|p1a: Bisharp|Pressure\n|turn|1\n|\n|t:|1697999033\n|move|p2a: Annihilape|Final Gambit|p1a: Bisharp\n|-damage|p1a: Bisharp|0 fnt\n|faint|p2a: Annihilape\n|faint|p1a: Bisharp\n|\n|upkeep\n|\n|t:|1697999042\n|switch|p2a: Forretress|Forretress, M|100\/100\n|switch|p1a: Krookodile|Krookodile, M, shiny|100\/100\n|-ability|p1a: Krookodile|Intimidate|boost\n|-unboost|p2a: Forretress|atk|1\n|turn|2\n|\n|t:|1697999049\n|move|p1a: Krookodile|Bite|p2a: Forretress\n|-damage|p2a: Forretress|80\/100\n|move|p2a: Forretress|Explosion|p1a: Krookodile\n|-enditem|p2a: Forretress|Normal Gem|[from] gem\n|-damage|p1a: Krookodile|30\/100\n|faint|p2a: Forretress\n|\n|upkeep\n|\n|t:|1697999057\n|switch|p2a: Dragonite|Dragonite, F|100\/100\n|-item|p2a: Dragonite|Air Balloon\n|turn|3\n|\n|t:|1697999063\n|move|p1a: Krookodile|Bite|p2a: Dragonite\n|-damage|p2a: Dragonite|85\/100\n|-enditem|p2a: Dragonite|Air Balloon\n|move|p2a: Dragonite|Dragon Dance|p2a: Dragonite\n|-boost|p2a: Dragonite|atk|1\n|-boost|p2a: Dragonite|spe|1\n|\n|upkeep\n|turn|4\n|\n|t:|1697999071\n|move|p2a: Dragonite|Waterfall|p1a: Krookodile\n|-supereffective|p1a: Krookodile\n|-damage|p1a: Krookodile|0 fnt\n|faint|p1a: Krookodile\n|\n|upkeep\n|\n|t:|1697999078\n|switch|p1a: Zarude|Zarude|100\/100\n|turn|5\n|\n|t:|1697999087\n|move|p2a: Dragonite|Dragon Claw|p1a: Zarude\n|-damage|p1a: Zarude|36\/100\n|move|p1a: Zarude|Hyper Voice|p2a: Dragonite\n|-damage|p2a: Dragonite|62\/100\n|-enditem|p1a: Zarude|Throat Spray\n|-boost|p1a: Zarude|spa|1|[from] item: Throat Spray\n|\n|upkeep\n|turn|6\n|\n|t:|1697999096\n|move|p2a: Dragonite|Dragon Claw|p1a: Zarude\n|-damage|p1a: Zarude|0 fnt\n|faint|p1a: Zarude\n|\n|upkeep\n|\n|t:|1697999100\n|switch|p1a: Grimmsnarl|Grimmsnarl, M, shiny|100\/100\n|turn|7\n|\n|t:|1697999106\n|move|p2a: Dragonite|Extreme Speed|p1a: Grimmsnarl\n|-damage|p1a: Grimmsnarl|45\/100\n|move|p1a: Grimmsnarl|Spirit Break|p2a: Dragonite\n|-supereffective|p2a: Dragonite\n|-damage|p2a: Dragonite|0 fnt\n|faint|p2a: Dragonite\n|\n|-heal|p1a: Grimmsnarl|51\/100|[from] item: Leftovers\n|upkeep\n|\n|t:|1697999116\n|switch|p2a: Pawmot|Pawmot, M|100\/100\n|turn|8\n|\n|t:|1697999122\n|-terastallize|p2a: Pawmot|Electric\n|move|p2a: Pawmot|Double Shock|p1a: Grimmsnarl\n|-damage|p1a: Grimmsnarl|0 fnt\n|-start|p2a: Pawmot|typechange|Electric|[from] move: Double Shock\n|faint|p1a: Grimmsnarl\n|\n|upkeep\n|\n|t:|1697999127\n|switch|p1a: Vullaby|Vullaby, F, shiny|100\/100\n|turn|9\n|\n|t:|1697999132\n|move|p1a: Vullaby|Endure|p1a: Vullaby\n|-singleturn|p1a: Vullaby|move: Endure\n|move|p2a: Pawmot|Double Shock|p1a: Vullaby\n|-supereffective|p1a: Vullaby\n|-activate|p1a: Vullaby|move: Endure\n|-damage|p1a: Vullaby|1\/100\n|-start|p2a: Pawmot|typechange|Electric|[from] move: Double Shock\n|-ability|p1a: Vullaby|Weak Armor|boost\n|-unboost|p1a: Vullaby|def|1\n|-boost|p1a: Vullaby|spe|2\n|-enditem|p1a: Vullaby|Weakness Policy\n|-boost|p1a: Vullaby|atk|2|[from] item: Weakness Policy\n|-boost|p1a: Vullaby|spa|2|[from] item: Weakness Policy\n|\n|upkeep\n|turn|10\n|\n|t:|1697999144\n|move|p1a: Vullaby|Air Slash|p2a: Pawmot\n|-resisted|p2a: Pawmot\n|-damage|p2a: Pawmot|56\/100\n|cant|p2a: Pawmot|flinch\n|\n|upkeep\n|turn|11\n|\n|t:|1697999150\n|move|p1a: Vullaby|Dark Pulse|p2a: Pawmot\n|-damage|p2a: Pawmot|0 fnt\n|faint|p2a: Pawmot\n|\n|upkeep\n|\n|t:|1697999155\n|switch|p2a: Zacian|Zacian|100\/100\n|-ability|p2a: Zacian|Intrepid Sword|boost\n|-boost|p2a: Zacian|atk|1\n|turn|12\n|\n|t:|1697999164\n|move|p1a: Vullaby|Endure|p1a: Vullaby\n|-singleturn|p1a: Vullaby|move: Endure\n|move|p2a: Zacian|Close Combat|p1a: Vullaby\n|-activate|p1a: Vullaby|move: Endure\n|-damage|p1a: Vullaby|1\/100\n|-unboost|p2a: Zacian|def|1\n|-unboost|p2a: Zacian|spd|1\n|-ability|p1a: Vullaby|Weak Armor|boost\n|-unboost|p1a: Vullaby|def|1\n|-boost|p1a: Vullaby|spe|2\n|\n|upkeep\n|turn|13\n|\n|t:|1697999174\n|move|p1a: Vullaby|Air Slash|p2a: Zacian\n|-damage|p2a: Zacian|52\/100\n|move|p2a: Zacian|Close Combat|p1a: Vullaby\n|-damage|p1a: Vullaby|0 fnt\n|-unboost|p2a: Zacian|def|1\n|-unboost|p2a: Zacian|spd|1\n|faint|p1a: Vullaby\n|\n|upkeep\n|\n|t:|1697999179\n|switch|p1a: Samurott|Samurott-Hisui, F, shiny|100\/100\n|turn|14\n|\n|t:|1697999188\n|-terastallize|p1a: Samurott|Ground\n|move|p2a: Zacian|Close Combat|p1a: Samurott\n|-damage|p1a: Samurott|1\/100\n|-unboost|p2a: Zacian|def|1\n|-unboost|p2a: Zacian|spd|1\n|-enditem|p1a: Samurott|Salac Berry|[eat]\n|-boost|p1a: Samurott|spe|1|[from] item: Salac Berry\n|move|p1a: Samurott|Drill Run|p2a: Zacian\n|-damage|p2a: Zacian|0 fnt\n|faint|p2a: Zacian\n|\n|upkeep\n|\n|t:|1697999200\n|switch|p2a: Glalie|Glalie, F|100\/100\n|turn|15\n|\n|t:|1697999204\n|move|p2a: Glalie|Protect|p2a: Glalie\n|-singleturn|p2a: Glalie|Protect\n|move|p1a: Samurott|Drill Run|p2a: Glalie\n|-activate|p2a: Glalie|move: Protect\n|\n|-ability|p2a: Glalie|Moody|boost\n|-boost|p2a: Glalie|spe|2\n|-unboost|p2a: Glalie|def|1\n|upkeep\n|turn|16\n|\n|t:|1697999214\n|move|p1a: Samurott|Drill Run|p2a: Glalie\n|-damage|p2a: Glalie|34\/100\n|move|p2a: Glalie|Ice Spinner|p1a: Samurott\n|-supereffective|p1a: Samurott\n|-crit|p1a: Samurott\n|-damage|p1a: Samurott|0 fnt\n|faint|p1a: Samurott\n|\n|win|durpmurp\n|raw|Lucasoduncu's rating: 1096 &rarr; <strong>1075<\/strong><br \/>(-21 for losing)\n|raw|durpmurp's rating: 1147 &rarr; <strong>1168<\/strong><br \/>(+21 for winning)\n|c|\u2606durpmurp|Gg\n","uploadtime":1697999222,"views":5,"p1id":"lucasoduncu","p2id":"durpmurp","formatid":"gen9anythinggoes","rating":1075,"private":0,"password":""}