{"id":"gen9anythinggoes-1984173370","p1":"oznova55","p2":"FlintyBeast","format":"[Gen 9] Anything Goes","log":"|j|\u2606oznova55\n|j|\u2606FlintyBeast\n|t:|1699226431\n|gametype|singles\n|player|p1|oznova55|clair|\n|player|p2|FlintyBeast|101|\n|teamsize|p1|6\n|teamsize|p2|6\n|gen|9\n|tier|[Gen 9] Anything Goes\n|rule|HP Percentage Mod: HP is shown in percentages\n|rule|Endless Battle Clause: Forcing endless battles is banned\n|clearpoke\n|poke|p1|Ogerpon-Wellspring, F|\n|poke|p1|Typhlosion-Hisui, M|\n|poke|p1|Gliscor, M|\n|poke|p1|Zapdos|\n|poke|p1|Lucario, M|\n|poke|p1|Dragonite, M|\n|poke|p2|Donphan, M|\n|poke|p2|Dragapult, F|\n|poke|p2|Ogerpon, F|\n|poke|p2|Vikavolt, F|\n|poke|p2|Bellibolt, M|\n|poke|p2|Sylveon, M|\n|teampreview\n|\n|t:|1699226436\n|start\n|switch|p1a: Gliscor|Gliscor, M, shiny|100\/100\n|switch|p2a: Donphan|Donphan, M|100\/100\n|turn|1\n|\n|t:|1699226443\n|move|p1a: Gliscor|Spikes|p2a: Donphan\n|-sidestart|p2: FlintyBeast|Spikes\n|move|p2a: Donphan|Stealth Rock|p1a: Gliscor\n|-sidestart|p1: oznova55|move: Stealth Rock\n|\n|-status|p1a: Gliscor|tox|[from] item: Toxic Orb\n|upkeep\n|turn|2\n|\n|t:|1699226466\n|move|p1a: Gliscor|Toxic|p2a: Donphan\n|-status|p2a: Donphan|tox\n|move|p2a: Donphan|Knock Off|p1a: Gliscor\n|-damage|p1a: Gliscor|81\/100 tox\n|-enditem|p1a: Gliscor|Toxic Orb|[from] move: Knock Off|[of] p2a: Donphan\n|\n|-heal|p1a: Gliscor|93\/100 tox|[from] ability: Poison Heal\n|-damage|p2a: Donphan|94\/100 tox|[from] psn\n|upkeep\n|turn|3\n|\n|t:|1699226497\n|move|p1a: Gliscor|Earthquake|p2a: Donphan\n|-damage|p2a: Donphan|68\/100 tox\n|move|p2a: Donphan|Rapid Spin|p1a: Gliscor\n|-damage|p1a: Gliscor|83\/100 tox\n|-boost|p2a: Donphan|spe|1\n|-sideend|p2: FlintyBeast|Spikes|[from] move: Rapid Spin|[of] p2a: Donphan\n|\n|-heal|p2a: Donphan|74\/100 tox|[from] item: Leftovers\n|-heal|p1a: Gliscor|95\/100 tox|[from] ability: Poison Heal\n|-damage|p2a: Donphan|62\/100 tox|[from] psn\n|upkeep\n|turn|4\n|\n|t:|1699226521\n|switch|p2a: Bellibolt|Bellibolt, M, shiny|100\/100\n|move|p1a: Gliscor|Spikes|p2a: Bellibolt\n|-sidestart|p2: FlintyBeast|Spikes\n|\n|-heal|p1a: Gliscor|100\/100 tox|[from] ability: Poison Heal\n|upkeep\n|turn|5\n|\n|t:|1699226529\n|move|p1a: Gliscor|Toxic|p2a: Bellibolt|[miss]\n|-miss|p1a: Gliscor|p2a: Bellibolt\n|move|p2a: Bellibolt|Soak|p1a: Gliscor\n|-start|p1a: Gliscor|typechange|Water\n|\n|upkeep\n|turn|6\n|\n|t:|1699226547\n|switch|p1a: Zapdos|Zapdos|100\/100\n|move|p2a: Bellibolt|Parabolic Charge|p1a: Zapdos\n|-damage|p1a: Zapdos|75\/100\n|\n|upkeep\n|turn|7\n|\n|t:|1699226559\n|move|p1a: Zapdos|Discharge|p2a: Bellibolt\n|-resisted|p2a: Bellibolt\n|-damage|p2a: Bellibolt|82\/100\n|move|p2a: Bellibolt|Toxic|p1a: Zapdos\n|-status|p1a: Zapdos|tox\n|\n|-heal|p2a: Bellibolt|88\/100|[from] item: Leftovers\n|-damage|p1a: Zapdos|69\/100 tox|[from] psn\n|upkeep\n|turn|8\n|\n|t:|1699226587\n|switch|p1a: Gliscor|Gliscor, M, shiny|100\/100 tox\n|-damage|p1a: Gliscor|88\/100 tox|[from] Stealth Rock\n|move|p2a: Bellibolt|Soak|p1a: Gliscor\n|-start|p1a: Gliscor|typechange|Water\n|\n|-heal|p2a: Bellibolt|94\/100|[from] item: Leftovers\n|-heal|p1a: Gliscor|100\/100 tox|[from] ability: Poison Heal\n|upkeep\n|turn|9\n|\n|t:|1699226597\n|move|p1a: Gliscor|Toxic|p2a: Bellibolt\n|-status|p2a: Bellibolt|tox\n|move|p2a: Bellibolt|Parabolic Charge|p1a: Gliscor\n|-supereffective|p1a: Gliscor\n|-damage|p1a: Gliscor|48\/100 tox\n|-heal|p2a: Bellibolt|100\/100 tox|[from] drain|[of] p1a: Gliscor\n|\n|-heal|p1a: Gliscor|60\/100 tox|[from] ability: Poison Heal\n|-damage|p2a: Bellibolt|94\/100 tox|[from] psn\n|upkeep\n|turn|10\n|\n|t:|1699226609\n|move|p1a: Gliscor|Protect|p1a: Gliscor\n|-singleturn|p1a: Gliscor|Protect\n|move|p2a: Bellibolt|Parabolic Charge|p1a: Gliscor\n|-activate|p1a: Gliscor|move: Protect\n|\n|-heal|p2a: Bellibolt|100\/100 tox|[from] item: Leftovers\n|-heal|p1a: Gliscor|73\/100 tox|[from] ability: Poison Heal\n|-damage|p2a: Bellibolt|88\/100 tox|[from] psn\n|upkeep\n|turn|11\n|\n|t:|1699226624\n|switch|p2a: Vikavolt|Vikavolt, F, shiny|100\/100\n|move|p1a: Gliscor|Earthquake|p2a: Vikavolt\n|-immune|p2a: Vikavolt|[from] ability: Levitate\n|\n|-heal|p1a: Gliscor|85\/100 tox|[from] ability: Poison Heal\n|upkeep\n|turn|12\n|\n|t:|1699226633\n|move|p1a: Gliscor|Toxic|p2a: Vikavolt\n|-status|p2a: Vikavolt|tox\n|move|p2a: Vikavolt|Volt Switch|p1a: Gliscor\n|-supereffective|p1a: Gliscor\n|-crit|p1a: Gliscor\n|-damage|p1a: Gliscor|0 fnt\n|faint|p1a: Gliscor\n|\n|t:|1699226641\n|switch|p2a: Bellibolt|Bellibolt, M, shiny|88\/100 tox|[from] Volt Switch\n|-damage|p2a: Bellibolt|76\/100 tox|[from] Spikes\n|\n|-heal|p2a: Bellibolt|82\/100 tox|[from] item: Leftovers\n|-damage|p2a: Bellibolt|76\/100 tox|[from] psn\n|upkeep\n|\n|t:|1699226653\n|switch|p1a: Typhlosion|Typhlosion-Hisui, M, shiny|100\/100\n|-damage|p1a: Typhlosion|76\/100|[from] Stealth Rock\n|-item|p2a: Bellibolt|Leftovers|[from] ability: Frisk|[of] p1a: Typhlosion|[identify]\n|turn|13\n|\n|t:|1699226673\n|-terastallize|p1a: Typhlosion|Fire\n|-terastallize|p2a: Bellibolt|Ground\n|move|p1a: Typhlosion|Flamethrower|p2a: Bellibolt\n|-damage|p2a: Bellibolt|22\/100 tox\n|move|p2a: Bellibolt|Toxic|p1a: Typhlosion\n|-status|p1a: Typhlosion|tox\n|\n|-heal|p2a: Bellibolt|28\/100 tox|[from] item: Leftovers\n|-damage|p1a: Typhlosion|70\/100 tox|[from] psn\n|-damage|p2a: Bellibolt|16\/100 tox|[from] psn\n|upkeep\n|turn|14\n|\n|t:|1699226683\n|move|p1a: Typhlosion|Flamethrower|p2a: Bellibolt\n|-damage|p2a: Bellibolt|0 fnt\n|faint|p2a: Bellibolt\n|\n|-damage|p1a: Typhlosion|58\/100 tox|[from] psn\n|upkeep\n|\n|t:|1699226691\n|switch|p2a: Donphan|Donphan, M|62\/100 tox\n|-damage|p2a: Donphan|49\/100 tox|[from] Spikes\n|turn|15\n|\n|t:|1699226697\n|switch|p1a: Zapdos|Zapdos|69\/100 tox\n|move|p2a: Donphan|Earthquake|p1a: Zapdos\n|-immune|p1a: Zapdos\n|\n|-heal|p2a: Donphan|56\/100 tox|[from] item: Leftovers\n|-damage|p1a: Zapdos|63\/100 tox|[from] psn\n|-damage|p2a: Donphan|49\/100 tox|[from] psn\n|upkeep\n|turn|16\n|\n|t:|1699226709\n|move|p1a: Zapdos|Roost|p1a: Zapdos\n|-heal|p1a: Zapdos|100\/100 tox\n|-singleturn|p1a: Zapdos|move: Roost\n|move|p2a: Donphan|Rapid Spin|p1a: Zapdos\n|-damage|p1a: Zapdos|86\/100 tox\n|-boost|p2a: Donphan|spe|1\n|-sideend|p2: FlintyBeast|Spikes|[from] move: Rapid Spin|[of] p2a: Donphan\n|\n|-heal|p2a: Donphan|56\/100 tox|[from] item: Leftovers\n|-damage|p1a: Zapdos|73\/100 tox|[from] psn\n|-damage|p2a: Donphan|43\/100 tox|[from] psn\n|upkeep\n|turn|17\n|\n|t:|1699226724\n|switch|p1a: Lucario|Lucario, M|100\/100\n|-damage|p1a: Lucario|98\/100|[from] Stealth Rock\n|move|p2a: Donphan|Knock Off|p1a: Lucario\n|-resisted|p1a: Lucario\n|-damage|p1a: Lucario|68\/100\n|-enditem|p1a: Lucario|Life Orb|[from] move: Knock Off|[of] p2a: Donphan\n|\n|-heal|p2a: Donphan|49\/100 tox|[from] item: Leftovers\n|-damage|p2a: Donphan|31\/100 tox|[from] psn\n|upkeep\n|turn|18\n|\n|t:|1699226761\n|move|p1a: Lucario|Meteor Mash|p2a: Donphan\n|-crit|p2a: Donphan\n|-damage|p2a: Donphan|0 fnt\n|faint|p2a: Donphan\n|\n|upkeep\n|\n|t:|1699226769\n|switch|p2a: Vikavolt|Vikavolt, F, shiny|100\/100 tox\n|turn|19\n|\n|t:|1699226781\n|move|p1a: Lucario|Swords Dance|p1a: Lucario\n|-boost|p1a: Lucario|atk|2\n|move|p2a: Vikavolt|Bug Buzz|p1a: Lucario\n|-resisted|p1a: Lucario\n|-damage|p1a: Lucario|47\/100\n|\n|-damage|p2a: Vikavolt|94\/100 tox|[from] psn\n|upkeep\n|turn|20\n|\n|t:|1699226795\n|move|p1a: Lucario|Swords Dance|p1a: Lucario\n|-boost|p1a: Lucario|atk|2\n|move|p2a: Vikavolt|Energy Ball|p1a: Lucario\n|-resisted|p1a: Lucario\n|-damage|p1a: Lucario|17\/100\n|\n|-damage|p2a: Vikavolt|82\/100 tox|[from] psn\n|upkeep\n|turn|21\n|\n|t:|1699226803\n|move|p1a: Lucario|Extreme Speed|p2a: Vikavolt\n|-crit|p2a: Vikavolt\n|-damage|p2a: Vikavolt|0 fnt\n|faint|p2a: Vikavolt\n|\n|upkeep\n|\n|t:|1699226818\n|switch|p2a: Dragapult|Dragapult, F|100\/100\n|turn|22\n|\n|t:|1699226832\n|move|p2a: Dragapult|Sucker Punch|p1a: Lucario\n|-resisted|p1a: Lucario\n|-damage|p1a: Lucario|0 fnt\n|faint|p1a: Lucario\n|\n|upkeep\n|\n|t:|1699226846\n|switch|p1a: Zapdos|Zapdos|73\/100 tox\n|turn|23\n|\n|t:|1699226854\n|move|p2a: Dragapult|Sucker Punch||[still]\n|-fail|p2a: Dragapult\n|move|p1a: Zapdos|Thunder Wave|p2a: Dragapult\n|-status|p2a: Dragapult|par\n|\n|-damage|p1a: Zapdos|67\/100 tox|[from] psn\n|upkeep\n|turn|24\n|\n|t:|1699226862\n|move|p2a: Dragapult|Sucker Punch||[still]\n|-fail|p2a: Dragapult\n|move|p1a: Zapdos|Roost|p1a: Zapdos\n|-heal|p1a: Zapdos|100\/100 tox\n|-singleturn|p1a: Zapdos|move: Roost\n|\n|-damage|p1a: Zapdos|88\/100 tox|[from] psn\n|upkeep\n|turn|25\n|\n|t:|1699226875\n|switch|p2a: Sylveon|Sylveon, M, shiny|100\/100\n|move|p1a: Zapdos|Volt Switch|p2a: Sylveon\n|-damage|p2a: Sylveon|75\/100\n|\n|t:|1699226880\n|switch|p1a: Dragonite|Dragonite, M, shiny|100\/100|[from] Volt Switch\n|\n|upkeep\n|turn|26\n|\n|t:|1699226898\n|move|p1a: Dragonite|Earthquake|p2a: Sylveon\n|-damage|p2a: Sylveon|48\/100\n|move|p2a: Sylveon|Wish|p2a: Sylveon\n|\n|upkeep\n|turn|27\n|\n|t:|1699226903\n|move|p1a: Dragonite|Dragon Dance|p1a: Dragonite\n|-boost|p1a: Dragonite|atk|1\n|-boost|p1a: Dragonite|spe|1\n|move|p2a: Sylveon|Calm Mind|p2a: Sylveon\n|-boost|p2a: Sylveon|spa|1\n|-boost|p2a: Sylveon|spd|1\n|\n|-heal|p2a: Sylveon|98\/100|[from] move: Wish|[wisher] Sylveon\n|upkeep\n|turn|28\n|\n|t:|1699226915\n|move|p1a: Dragonite|Earthquake|p2a: Sylveon\n|-damage|p2a: Sylveon|54\/100\n|move|p2a: Sylveon|Hyper Voice|p1a: Dragonite\n|-supereffective|p1a: Dragonite\n|-damage|p1a: Dragonite|31\/100\n|\n|upkeep\n|turn|29\n|\n|t:|1699226934\n|switch|p2a: Dragapult|Dragapult, F|100\/100 par\n|move|p1a: Dragonite|Extreme Speed|p2a: Dragapult\n|-immune|p2a: Dragapult\n|\n|upkeep\n|turn|30\n|\n|t:|1699226945\n|move|p1a: Dragonite|Earthquake|p2a: Dragapult\n|-damage|p2a: Dragapult|29\/100 par\n|move|p2a: Dragapult|Dragon Darts|p1a: Dragonite\n|-supereffective|p1a: Dragonite\n|-damage|p1a: Dragonite|0 fnt\n|faint|p1a: Dragonite\n|\n|upkeep\n|\n|t:|1699226961\n|switch|p1a: Zapdos|Zapdos|88\/100 tox\n|turn|31\n|\n|t:|1699226966\n|switch|p2a: Ogerpon|Ogerpon, F|100\/100\n|move|p1a: Zapdos|Discharge|p2a: Ogerpon\n|-resisted|p2a: Ogerpon\n|-damage|p2a: Ogerpon|79\/100\n|-status|p2a: Ogerpon|par\n|\n|-damage|p1a: Zapdos|82\/100 tox|[from] psn\n|upkeep\n|turn|32\n|\n|t:|1699226977\n|move|p1a: Zapdos|Volt Switch|p2a: Ogerpon\n|-resisted|p2a: Ogerpon\n|-damage|p2a: Ogerpon|56\/100 par\n|\n|t:|1699226987\n|switch|p1a: Typhlosion|Typhlosion-Hisui, M, shiny, tera:Fire|58\/100 tox|[from] Volt Switch\n|-damage|p1a: Typhlosion|33\/100 tox|[from] Stealth Rock\n|-item|p2a: Ogerpon|Heavy-Duty Boots|[from] ability: Frisk|[of] p1a: Typhlosion|[identify]\n|cant|p2a: Ogerpon|par\n|\n|-damage|p1a: Typhlosion|27\/100 tox|[from] psn\n|upkeep\n|turn|33\n|\n|t:|1699226999\n|move|p1a: Typhlosion|Flamethrower|p2a: Ogerpon\n|-supereffective|p2a: Ogerpon\n|-damage|p2a: Ogerpon|0 fnt\n|faint|p2a: Ogerpon\n|\n|-damage|p1a: Typhlosion|15\/100 tox|[from] psn\n|upkeep\n|\n|t:|1699227007\n|switch|p2a: Dragapult|Dragapult, F|29\/100 par\n|turn|34\n|\n|t:|1699227010\n|move|p2a: Dragapult|Sucker Punch|p1a: Typhlosion\n|-damage|p1a: Typhlosion|0 fnt\n|faint|p1a: Typhlosion\n|\n|upkeep\n|\n|t:|1699227020\n|switch|p1a: Ogerpon|Ogerpon-Wellspring, F|100\/100\n|-damage|p1a: Ogerpon|88\/100|[from] Stealth Rock\n|turn|35\n|\n|t:|1699227025\n|move|p2a: Dragapult|Sucker Punch|p1a: Ogerpon\n|-damage|p1a: Ogerpon|42\/100\n|move|p1a: Ogerpon|Horn Leech|p2a: Dragapult\n|-resisted|p2a: Dragapult\n|-damage|p2a: Dragapult|0 fnt\n|-heal|p1a: Ogerpon|57\/100|[from] drain|[of] p2a: Dragapult\n|faint|p2a: Dragapult\n|\n|upkeep\n|\n|t:|1699227032\n|switch|p2a: Sylveon|Sylveon, M, shiny|54\/100\n|turn|36\n|\n|t:|1699227040\n|move|p1a: Ogerpon|Taunt|p2a: Sylveon\n|-start|p2a: Sylveon|move: Taunt\n|cant|p2a: Sylveon|move: Taunt|Wish\n|\n|upkeep\n|turn|37\n|\n|t:|1699227044\n|move|p1a: Ogerpon|Ivy Cudgel|p2a: Sylveon\n|-damage|p2a: Sylveon|7\/100\n|move|p2a: Sylveon|Hyper Voice|p1a: Ogerpon\n|-damage|p1a: Ogerpon|8\/100\n|\n|upkeep\n|turn|38\n|\n|t:|1699227050\n|move|p1a: Ogerpon|Ivy Cudgel|p2a: Sylveon\n|-damage|p2a: Sylveon|0 fnt\n|faint|p2a: Sylveon\n|\n|win|oznova55\n","uploadtime":1699227059,"views":12,"p1id":"oznova55","p2id":"flintybeast","formatid":"gen9anythinggoes","rating":0,"private":0,"password":""}