{"id":"gen9anythinggoes-1998329085","p1":"Genesis94","p2":"ItsCapman","format":"[Gen 9] Anything Goes","log":"|j|\u2606Genesis94\n|j|\u2606ItsCapman\n|t:|1700930092\n|gametype|singles\n|player|p1|Genesis94|alder|\n|player|p2|ItsCapman|266|\n|teamsize|p1|6\n|teamsize|p2|6\n|gen|9\n|tier|[Gen 9] Anything Goes\n|rule|HP Percentage Mod: HP is shown in percentages\n|rule|Endless Battle Clause: Forcing endless battles is banned\n|clearpoke\n|poke|p1|Milotic, M|\n|poke|p1|Magearna|\n|poke|p1|Noivern, M|\n|poke|p1|Torterra, F|\n|poke|p1|Glimmora, F|\n|poke|p1|Slither Wing|\n|poke|p2|Ting-Lu|\n|poke|p2|Okidogi, M|\n|poke|p2|Gligar, M|\n|poke|p2|Cresselia, F|\n|poke|p2|Goodra-Hisui, M|\n|poke|p2|Skeledirge, M|\n|teampreview\n|\n|t:|1700930135\n|start\n|switch|p1a: Noivern|Noivern, M|100\/100\n|switch|p2a: Cresselia|Cresselia, F|100\/100\n|turn|1\n|\n|t:|1700930146\n|-terastallize|p2a: Cresselia|Electric\n|move|p1a: Noivern|U-turn|p2a: Cresselia\n|-damage|p2a: Cresselia|95\/100\n|\n|t:|1700930152\n|switch|p1a: Torterra|Torterra, F|100\/100|[from] U-turn\n|move|p2a: Cresselia|Calm Mind|p2a: Cresselia\n|-boost|p2a: Cresselia|spa|1\n|-boost|p2a: Cresselia|spd|1\n|\n|-heal|p2a: Cresselia|100\/100|[from] item: Leftovers\n|upkeep\n|turn|2\n|\n|t:|1700930161\n|move|p1a: Torterra|Shell Smash|p1a: Torterra\n|-unboost|p1a: Torterra|def|1\n|-unboost|p1a: Torterra|spd|1\n|-boost|p1a: Torterra|atk|2\n|-boost|p1a: Torterra|spa|2\n|-boost|p1a: Torterra|spe|2\n|move|p2a: Cresselia|Calm Mind|p2a: Cresselia\n|-boost|p2a: Cresselia|spa|1\n|-boost|p2a: Cresselia|spd|1\n|\n|upkeep\n|turn|3\n|\n|t:|1700930170\n|move|p1a: Torterra|Rock Blast|p2a: Cresselia\n|-damage|p2a: Cresselia|94\/100\n|-damage|p2a: Cresselia|87\/100\n|-damage|p2a: Cresselia|80\/100\n|-damage|p2a: Cresselia|73\/100\n|-hitcount|p2a: Cresselia|4\n|move|p2a: Cresselia|Moonblast|p1a: Torterra\n|-damage|p1a: Torterra|45\/100\n|\n|-heal|p2a: Cresselia|79\/100|[from] item: Leftovers\n|upkeep\n|turn|4\n|\n|t:|1700930182\n|move|p1a: Torterra|Bullet Seed|p2a: Cresselia\n|-damage|p2a: Cresselia|68\/100\n|-damage|p2a: Cresselia|56\/100\n|-damage|p2a: Cresselia|45\/100\n|-damage|p2a: Cresselia|34\/100\n|-damage|p2a: Cresselia|23\/100\n|-hitcount|p2a: Cresselia|5\n|move|p2a: Cresselia|Moonblast|p1a: Torterra\n|-damage|p1a: Torterra|0 fnt\n|faint|p1a: Torterra\n|\n|-heal|p2a: Cresselia|29\/100|[from] item: Leftovers\n|upkeep\n|\n|t:|1700930188\n|switch|p1a: Glimmora|Glimmora, F|100\/100\n|turn|5\n|\n|t:|1700930197\n|move|p1a: Glimmora|Sludge Bomb|p2a: Cresselia\n|-damage|p2a: Cresselia|18\/100\n|move|p2a: Cresselia|Moonlight|p2a: Cresselia\n|-heal|p2a: Cresselia|68\/100\n|\n|-heal|p2a: Cresselia|74\/100|[from] item: Leftovers\n|upkeep\n|turn|6\n|\n|t:|1700930220\n|move|p1a: Glimmora|Spiky Shield|p1a: Glimmora\n|-singleturn|p1a: Glimmora|move: Protect\n|move|p2a: Cresselia|Thunderbolt|p1a: Glimmora\n|-activate|p1a: Glimmora|move: Protect\n|\n|-heal|p2a: Cresselia|80\/100|[from] item: Leftovers\n|upkeep\n|turn|7\n|\n|t:|1700930228\n|switch|p1a: Milotic|Milotic, M|100\/100\n|move|p2a: Cresselia|Thunderbolt|p1a: Milotic\n|-supereffective|p1a: Milotic\n|-damage|p1a: Milotic|44\/100\n|\n|-heal|p2a: Cresselia|86\/100|[from] item: Leftovers\n|upkeep\n|turn|8\n|\n|t:|1700930241\n|move|p2a: Cresselia|Thunderbolt|p1a: Milotic\n|-supereffective|p1a: Milotic\n|-damage|p1a: Milotic|0 fnt\n|faint|p1a: Milotic\n|\n|-heal|p2a: Cresselia|92\/100|[from] item: Leftovers\n|upkeep\n|\n|t:|1700930244\n|switch|p1a: Slither Wing|Slither Wing|100\/100\n|turn|9\n|\n|t:|1700930251\n|move|p1a: Slither Wing|First Impression|p2a: Cresselia\n|-damage|p2a: Cresselia|72\/100\n|move|p2a: Cresselia|Moonblast|p1a: Slither Wing\n|-supereffective|p1a: Slither Wing\n|-damage|p1a: Slither Wing|38\/100\n|\n|-heal|p2a: Cresselia|78\/100|[from] item: Leftovers\n|upkeep\n|turn|10\n|\n|t:|1700930262\n|move|p2a: Cresselia|Calm Mind|p2a: Cresselia\n|-boost|p2a: Cresselia|spa|1\n|-boost|p2a: Cresselia|spd|1\n|move|p1a: Slither Wing|Close Combat|p2a: Cresselia\n|-damage|p2a: Cresselia|48\/100\n|-unboost|p1a: Slither Wing|def|1\n|-unboost|p1a: Slither Wing|spd|1\n|\n|-heal|p2a: Cresselia|54\/100|[from] item: Leftovers\n|upkeep\n|turn|11\n|\n|t:|1700930270\n|-end|p1a: Slither Wing|Protosynthesis|[silent]\n|switch|p1a: Magearna|Magearna|100\/100\n|move|p2a: Cresselia|Moonlight|p2a: Cresselia\n|-heal|p2a: Cresselia|100\/100\n|\n|upkeep\n|turn|12\n|\n|t:|1700930277\n|move|p2a: Cresselia|Thunderbolt|p1a: Magearna\n|-damage|p1a: Magearna|60\/100\n|move|p1a: Magearna|Flash Cannon|p2a: Cresselia\n|-resisted|p2a: Cresselia\n|-damage|p2a: Cresselia|96\/100\n|\n|-heal|p2a: Cresselia|100\/100|[from] item: Leftovers\n|-heal|p1a: Magearna|66\/100|[from] item: Leftovers\n|upkeep\n|turn|13\n|\n|t:|1700930287\n|move|p2a: Cresselia|Thunderbolt|p1a: Magearna\n|-damage|p1a: Magearna|28\/100\n|move|p1a: Magearna|Volt Switch|p2a: Cresselia\n|-resisted|p2a: Cresselia\n|-damage|p2a: Cresselia|98\/100\n|\n|t:|1700930293\n|switch|p1a: Noivern|Noivern, M|100\/100|[from] Volt Switch\n|\n|-heal|p2a: Cresselia|100\/100|[from] item: Leftovers\n|upkeep\n|turn|14\n|\n|t:|1700930299\n|-terastallize|p1a: Noivern|Normal\n|move|p1a: Noivern|U-turn|p2a: Cresselia\n|-damage|p2a: Cresselia|94\/100\n|\n|t:|1700930307\n|switch|p1a: Glimmora|Glimmora, F|100\/100|[from] U-turn\n|move|p2a: Cresselia|Moonblast|p1a: Glimmora\n|-resisted|p1a: Glimmora\n|-damage|p1a: Glimmora|74\/100\n|-unboost|p1a: Glimmora|spa|1\n|\n|-heal|p2a: Cresselia|99\/100|[from] item: Leftovers\n|upkeep\n|turn|15\n|\n|t:|1700930315\n|move|p1a: Glimmora|Sludge Bomb|p2a: Cresselia\n|-damage|p2a: Cresselia|94\/100\n|move|p2a: Cresselia|Thunderbolt|p1a: Glimmora\n|-damage|p1a: Glimmora|0 fnt\n|faint|p1a: Glimmora\n|\n|-heal|p2a: Cresselia|99\/100|[from] item: Leftovers\n|upkeep\n|\n|t:|1700930318\n|switch|p1a: Slither Wing|Slither Wing|38\/100\n|turn|16\n|\n|t:|1700930324\n|move|p2a: Cresselia|Moonblast|p1a: Slither Wing\n|-supereffective|p1a: Slither Wing\n|-damage|p1a: Slither Wing|0 fnt\n|faint|p1a: Slither Wing\n|-end|p1a: Slither Wing|Protosynthesis|[silent]\n|\n|-heal|p2a: Cresselia|100\/100|[from] item: Leftovers\n|upkeep\n|c|\u2606Genesis94|GG hab nichts gegen den\n|\n|t:|1700930343\n|switch|p1a: Magearna|Magearna|28\/100\n|turn|17\n|c|\u2606ItsCapman|Gg\n|\n|t:|1700930349\n|move|p2a: Cresselia|Thunderbolt|p1a: Magearna\n|-damage|p1a: Magearna|0 fnt\n|faint|p1a: Magearna\n|\n|upkeep\n|\n|t:|1700930351\n|switch|p1a: Noivern|Noivern, M, tera:Normal|100\/100\n|turn|18\n|\n|t:|1700930355\n|move|p1a: Noivern|Boomburst|p2a: Cresselia\n|-damage|p2a: Cresselia|78\/100\n|move|p2a: Cresselia|Thunderbolt|p1a: Noivern\n|-damage|p1a: Noivern|15\/100\n|\n|-heal|p2a: Cresselia|84\/100|[from] item: Leftovers\n|upkeep\n|turn|19\n|\n|t:|1700930361\n|move|p1a: Noivern|Boomburst|p2a: Cresselia\n|-damage|p2a: Cresselia|62\/100\n|move|p2a: Cresselia|Thunderbolt|p1a: Noivern\n|-damage|p1a: Noivern|0 fnt\n|faint|p1a: Noivern\n|\n|win|ItsCapman\n|l|\u2606Genesis94\n","uploadtime":1700930398,"views":25,"p1id":"genesis94","p2id":"itscapman","formatid":"gen9anythinggoes","rating":0,"private":0,"password":""}