{"id":"gen9anythinggoes-1985178408","p1":"isurmomcuteaf","p2":"quaxli","format":"[Gen 9] Anything Goes","log":"|j|\u2606isurmomcuteaf\n|j|\u2606quaxli\n|t:|1699343887\n|gametype|singles\n|player|p1|isurmomcuteaf|ghetsis-gen5bw|\n|player|p2|quaxli|brawly|\n|teamsize|p1|6\n|teamsize|p2|6\n|gen|9\n|tier|[Gen 9] Anything Goes\n|rule|HP Percentage Mod: HP is shown in percentages\n|rule|Endless Battle Clause: Forcing endless battles is banned\n|clearpoke\n|poke|p1|Lycanroc-Dusk, M|\n|poke|p1|Dragapult, M|\n|poke|p1|Calyrex-Shadow|\n|poke|p1|Arceus|\n|poke|p1|Regieleki|\n|poke|p1|Zacian-*|\n|poke|p2|Koraidon|\n|poke|p2|Miraidon|\n|poke|p2|Zacian-*|\n|poke|p2|Ditto|\n|poke|p2|Calyrex-Shadow|\n|poke|p2|Regieleki|\n|teampreview\n|inactive|Battle timer is ON: inactive players will automatically lose when time's up. (requested by quaxli)\n|j| Galo03\n|\n|t:|1699343898\n|start\n|switch|p1a: Lycanroc|Lycanroc-Dusk, M|100\/100\n|switch|p2a: Zacian|Zacian-Crowned|100\/100\n|-ability|p2a: Zacian|Intrepid Sword|boost\n|-boost|p2a: Zacian|atk|1\n|turn|1\n|\n|t:|1699343904\n|move|p2a: Zacian|Behemoth Blade|p1a: Lycanroc\n|-supereffective|p1a: Lycanroc\n|-enditem|p1a: Lycanroc|Focus Sash\n|-damage|p1a: Lycanroc|1\/100\n|move|p1a: Lycanroc|Stealth Rock|p2a: Zacian\n|-sidestart|p2: quaxli|move: Stealth Rock\n|\n|upkeep\n|turn|2\n|\n|t:|1699343910\n|move|p1a: Lycanroc|Accelerock|p2a: Zacian\n|-resisted|p2a: Zacian\n|-damage|p2a: Zacian|89\/100\n|move|p2a: Zacian|Behemoth Blade|p1a: Lycanroc\n|-supereffective|p1a: Lycanroc\n|-damage|p1a: Lycanroc|0 fnt\n|faint|p1a: Lycanroc\n|\n|upkeep\n|\n|t:|1699343930\n|switch|p1a: Arceus|Arceus|100\/100\n|turn|3\n|\n|t:|1699343937\n|move|p2a: Zacian|Close Combat|p1a: Arceus\n|-supereffective|p1a: Arceus\n|-damage|p1a: Arceus|6\/100\n|-unboost|p2a: Zacian|def|1\n|-unboost|p2a: Zacian|spd|1\n|move|p1a: Arceus|Earthquake|p2a: Zacian\n|-supereffective|p2a: Zacian\n|-damage|p2a: Zacian|0 fnt\n|faint|p2a: Zacian\n|\n|upkeep\n|\n|t:|1699343958\n|switch|p2a: Miraidon|Miraidon|100\/100\n|-fieldstart|move: Electric Terrain|[from] ability: Hadron Engine|[of] p2a: Miraidon\n|turn|4\n|\n|t:|1699343971\n|move|p1a: Arceus|Extreme Speed|p2a: Miraidon\n|-damage|p2a: Miraidon|60\/100\n|move|p2a: Miraidon|Parabolic Charge|p1a: Arceus\n|-damage|p1a: Arceus|0 fnt\n|-heal|p2a: Miraidon|64\/100|[from] drain|[of] p1a: Arceus\n|faint|p1a: Arceus\n|\n|upkeep\n|\n|t:|1699343978\n|switch|p1a: Zacian|Zacian-Crowned|100\/100\n|-ability|p1a: Zacian|Intrepid Sword|boost\n|-boost|p1a: Zacian|atk|1\n|turn|5\n|\n|t:|1699343985\n|move|p1a: Zacian|Swords Dance|p1a: Zacian\n|-boost|p1a: Zacian|atk|2\n|move|p2a: Miraidon|Parabolic Charge|p1a: Zacian\n|-damage|p1a: Zacian|44\/100\n|-heal|p2a: Miraidon|91\/100|[from] drain|[of] p1a: Zacian\n|\n|upkeep\n|turn|6\n|\n|t:|1699343991\n|move|p1a: Zacian|Play Rough|p2a: Miraidon\n|-supereffective|p2a: Miraidon\n|-damage|p2a: Miraidon|0 fnt\n|faint|p2a: Miraidon\n|\n|upkeep\n|\n|t:|1699343998\n|switch|p2a: Regieleki|Regieleki|100\/100\n|-damage|p2a: Regieleki|88\/100|[from] Stealth Rock\n|turn|7\n|\n|t:|1699344003\n|move|p2a: Regieleki|Rapid Spin|p1a: Zacian\n|-resisted|p1a: Zacian\n|-damage|p1a: Zacian|36\/100\n|-boost|p2a: Regieleki|spe|1\n|-sideend|p2: quaxli|Stealth Rock|[from] move: Rapid Spin|[of] p2a: Regieleki\n|-damage|p2a: Regieleki|78\/100|[from] item: Life Orb\n|move|p1a: Zacian|Play Rough|p2a: Regieleki\n|-damage|p2a: Regieleki|0 fnt\n|faint|p2a: Regieleki\n|\n|upkeep\n|\n|t:|1699344016\n|switch|p2a: Ditto|Ditto|100\/100\n|-transform|p2a: Ditto|p1a: Zacian|[from] ability: Imposter\n|-ability|p2a: Ditto|Intrepid Sword|boost\n|-boost|p2a: Ditto|atk|1\n|turn|8\n|\n|t:|1699344032\n|move|p1a: Zacian|Close Combat|p2a: Ditto\n|-enditem|p2a: Ditto|Focus Sash\n|-damage|p2a: Ditto|1\/100\n|-unboost|p1a: Zacian|def|1\n|-unboost|p1a: Zacian|spd|1\n|move|p2a: Ditto|Behemoth Blade|p1a: Zacian\n|-damage|p1a: Zacian|0 fnt\n|faint|p1a: Zacian\n|\n|-fieldend|move: Electric Terrain\n|upkeep\n|\n|t:|1699344035\n|switch|p1a: Regieleki|Regieleki|100\/100\n|turn|9\n|\n|t:|1699344041\n|move|p1a: Regieleki|Extreme Speed|p2a: Ditto\n|-resisted|p2a: Ditto\n|-damage|p2a: Ditto|0 fnt\n|faint|p2a: Ditto\n|\n|upkeep\n|\n|t:|1699344046\n|switch|p2a: Calyrex|Calyrex-Shadow|100\/100\n|-ability|p2a: Calyrex|As One\n|-ability|p2a: Calyrex|Unnerve\n|turn|10\n|\n|t:|1699344058\n|move|p1a: Regieleki|Thunderbolt|p2a: Calyrex\n|-damage|p2a: Calyrex|35\/100\n|-status|p2a: Calyrex|par\n|cant|p2a: Calyrex|par\n|\n|upkeep\n|turn|11\n|\n|t:|1699344064\n|move|p1a: Regieleki|Thunderbolt|p2a: Calyrex\n|-damage|p2a: Calyrex|0 fnt\n|faint|p2a: Calyrex\n|\n|upkeep\n|\n|t:|1699344067\n|switch|p2a: Koraidon|Koraidon|100\/100\n|-weather|SunnyDay|[from] ability: Orichalcum Pulse|[of] p2a: Koraidon\n|-activate|p2a: Koraidon|Orichalcum Pulse|[source]\n|turn|12\n|\n|t:|1699344079\n|-terastallize|p2a: Koraidon|Fire\n|move|p2a: Koraidon|Dragon Claw|p1a: Regieleki\n|-damage|p1a: Regieleki|0 fnt\n|faint|p1a: Regieleki\n|\n|-weather|SunnyDay|[upkeep]\n|upkeep\n|\n|t:|1699344087\n|switch|p1a: Calyrex|Calyrex-Shadow|100\/100\n|-ability|p1a: Calyrex|As One\n|-ability|p1a: Calyrex|Unnerve\n|turn|13\n|\n|t:|1699344090\n|move|p2a: Koraidon|Dragon Claw|p1a: Calyrex\n|-damage|p1a: Calyrex|30\/100\n|move|p1a: Calyrex|Psychic|p2a: Koraidon\n|-damage|p2a: Koraidon|11\/100\n|\n|-weather|SunnyDay|[upkeep]\n|upkeep\n|turn|14\n|\n|t:|1699344096\n|move|p2a: Koraidon|Dragon Claw|p1a: Calyrex\n|-damage|p1a: Calyrex|0 fnt\n|faint|p1a: Calyrex\n|\n|-weather|SunnyDay|[upkeep]\n|upkeep\n|\n|t:|1699344098\n|switch|p1a: Dragapult|Dragapult, M|100\/100\n|turn|15\n|\n|t:|1699344107\n|move|p2a: Koraidon|Dragon Claw|p1a: Dragapult\n|-supereffective|p1a: Dragapult\n|-damage|p1a: Dragapult|0 fnt\n|faint|p1a: Dragapult\n|\n|win|quaxli\n","uploadtime":1699344115,"views":6,"p1id":"isurmomcuteaf","p2id":"quaxli","formatid":"gen9anythinggoes","rating":0,"private":0,"password":""}