{"id":"gen9anythinggoes-1995028848","p1":"papi de quatro","p2":"doofusmitch","format":"[Gen 9] Anything Goes","log":"|j|\u2606papi de quatro\n|j|\u2606doofusmitch\n|t:|1700514960\n|gametype|singles\n|player|p1|papi de quatro|169|1214\n|player|p2|doofusmitch|265|1140\n|teamsize|p1|6\n|teamsize|p2|6\n|gen|9\n|tier|[Gen 9] Anything Goes\n|rated|\n|rule|HP Percentage Mod: HP is shown in percentages\n|rule|Endless Battle Clause: Forcing endless battles is banned\n|clearpoke\n|poke|p1|Ninetales-Alola, M|\n|poke|p1|Baxcalibur, F|\n|poke|p1|Orthworm, M|\n|poke|p1|Kingambit, M|\n|poke|p1|Ceruledge, M|\n|poke|p1|Great Tusk|\n|poke|p2|Gholdengo|\n|poke|p2|Annihilape, M|\n|poke|p2|Gengar, F|\n|poke|p2|Armarouge, F|\n|poke|p2|Perrserker, F|\n|poke|p2|Tinkaton, F|\n|teampreview\n|\n|t:|1700514968\n|start\n|switch|p1a: Great Tusk|Great Tusk|100\/100\n|switch|p2a: hamma woman|Tinkaton, F, shiny|100\/100\n|-ability|p2a: hamma woman|Mold Breaker\n|-item|p2a: hamma woman|Air Balloon\n|turn|1\n|inactive|Battle timer is ON: inactive players will automatically lose when time's up. (requested by doofusmitch)\n|c|\u2606doofusmitch|yoo\n|\n|t:|1700514979\n|move|p2a: hamma woman|Thunder Wave|p1a: Great Tusk\n|-immune|p1a: Great Tusk\n|move|p1a: Great Tusk|Stealth Rock|p2a: hamma woman\n|-sidestart|p2: doofusmitch|move: Stealth Rock\n|\n|upkeep\n|turn|2\n|c|\u2606papi de quatro|hey\n|\n|t:|1700515005\n|move|p2a: hamma woman|Stealth Rock|p1a: Great Tusk\n|-sidestart|p1: papi de quatro|move: Stealth Rock\n|move|p1a: Great Tusk|Close Combat|p2a: hamma woman\n|-damage|p2a: hamma woman|46\/100\n|-unboost|p1a: Great Tusk|def|1\n|-unboost|p1a: Great Tusk|spd|1\n|-enditem|p2a: hamma woman|Air Balloon\n|\n|upkeep\n|turn|3\n|c|\u2606doofusmitch|i forgot he was ground\n|\n|t:|1700515013\n|move|p2a: hamma woman|Knock Off|p1a: Great Tusk\n|-resisted|p1a: Great Tusk\n|-damage|p1a: Great Tusk|92\/100\n|-enditem|p1a: Great Tusk|Heavy-Duty Boots|[from] move: Knock Off|[of] p2a: hamma woman\n|move|p1a: Great Tusk|Rapid Spin|p2a: hamma woman\n|-resisted|p2a: hamma woman\n|-crit|p2a: hamma woman\n|-damage|p2a: hamma woman|35\/100\n|-boost|p1a: Great Tusk|spe|1\n|-sideend|p1: papi de quatro|Stealth Rock|[from] move: Rapid Spin|[of] p1a: Great Tusk\n|\n|upkeep\n|turn|4\n|\n|t:|1700515025\n|move|p1a: Great Tusk|Headlong Rush|p2a: hamma woman\n|-supereffective|p2a: hamma woman\n|-damage|p2a: hamma woman|0 fnt\n|-unboost|p1a: Great Tusk|def|1\n|-unboost|p1a: Great Tusk|spd|1\n|faint|p2a: hamma woman\n|\n|upkeep\n|\n|t:|1700515032\n|switch|p2a: claws|Perrserker, F, shiny|100\/100\n|-damage|p2a: claws|94\/100|[from] Stealth Rock\n|turn|5\n|\n|t:|1700515043\n|move|p2a: claws|Fake Out|p1a: Great Tusk\n|-damage|p1a: Great Tusk|76\/100\n|cant|p1a: Great Tusk|flinch\n|\n|upkeep\n|turn|6\n|\n|t:|1700515048\n|move|p1a: Great Tusk|Close Combat|p2a: claws\n|-supereffective|p2a: claws\n|-damage|p2a: claws|0 fnt\n|-unboost|p1a: Great Tusk|def|1\n|-unboost|p1a: Great Tusk|spd|1\n|faint|p2a: claws\n|\n|upkeep\n|\n|t:|1700515059\n|switch|p2a: armor fire|Armarouge, F, shiny|100\/100\n|-damage|p2a: armor fire|76\/100|[from] Stealth Rock\n|turn|7\n|\n|t:|1700515071\n|move|p1a: Great Tusk|Headlong Rush|p2a: armor fire\n|-supereffective|p2a: armor fire\n|-damage|p2a: armor fire|0 fnt\n|-unboost|p1a: Great Tusk|def|1\n|-unboost|p1a: Great Tusk|spd|1\n|faint|p2a: armor fire\n|\n|upkeep\n|\n|t:|1700515078\n|switch|p2a: monkey-hand|Annihilape, M, shiny|100\/100\n|-damage|p2a: monkey-hand|94\/100|[from] Stealth Rock\n|turn|8\n|\n|t:|1700515089\n|-terastallize|p2a: monkey-hand|Fire\n|move|p1a: Great Tusk|Headlong Rush|p2a: monkey-hand\n|-supereffective|p2a: monkey-hand\n|-damage|p2a: monkey-hand|0 fnt\n|-unboost|p1a: Great Tusk|def|1\n|-unboost|p1a: Great Tusk|spd|1\n|faint|p2a: monkey-hand\n|\n|upkeep\n|\n|t:|1700515099\n|switch|p2a: your shadow|Gengar, F, shiny|100\/100\n|-damage|p2a: your shadow|88\/100|[from] Stealth Rock\n|turn|9\n|\n|t:|1700515107\n|move|p1a: Great Tusk|Headlong Rush|p2a: your shadow\n|-supereffective|p2a: your shadow\n|-damage|p2a: your shadow|0 fnt\n|-unboost|p1a: Great Tusk|def|1\n|-unboost|p1a: Great Tusk|spd|1\n|faint|p2a: your shadow\n|\n|upkeep\n|\n|t:|1700515116\n|switch|p2a: gold dude|Gholdengo, shiny|100\/100\n|-damage|p2a: gold dude|94\/100|[from] Stealth Rock\n|turn|10\n|\n|t:|1700515122\n|move|p2a: gold dude|Trick|p1a: Great Tusk\n|-activate|p2a: gold dude|move: Trick|[of] p1a: Great Tusk\n|-item|p1a: Great Tusk|Choice Scarf|[from] move: Trick\n|-enditem|p2a: gold dude|Choice Scarf|[silent]|[from] move: Trick\n|move|p1a: Great Tusk|Headlong Rush|p2a: gold dude\n|-supereffective|p2a: gold dude\n|-damage|p2a: gold dude|0 fnt\n|faint|p2a: gold dude\n|\n|win|papi de quatro\n|raw|papi de quatro's rating: 1214 &rarr; <strong>1234<\/strong><br \/>(+20 for winning)\n|raw|doofusmitch's rating: 1140 &rarr; <strong>1120<\/strong><br \/>(-20 for losing)\n|l|\u2606doofusmitch\n","uploadtime":1700515138,"views":0,"p1id":"papidequatro","p2id":"doofusmitch","formatid":"gen9anythinggoes","rating":1120,"private":0,"password":""}