{"id":"gen9anythinggoes-1979055381","p1":"ceezeec","p2":"CheesyRhys","format":"[Gen 9] Anything Goes","log":"|j|\u2606ceezeec\n|j|\u2606CheesyRhys\n|t:|1698626478\n|gametype|singles\n|player|p1|ceezeec|169|\n|player|p2|CheesyRhys|benga|\n|teamsize|p1|6\n|teamsize|p2|6\n|gen|9\n|tier|[Gen 9] Anything Goes\n|rule|HP Percentage Mod: HP is shown in percentages\n|rule|Endless Battle Clause: Forcing endless battles is banned\n|clearpoke\n|poke|p1|Calyrex-Shadow|\n|poke|p1|Regieleki|\n|poke|p1|Flutter Mane|\n|poke|p1|Kleavor, F|\n|poke|p1|Urshifu-*, F|\n|poke|p1|Ting-Lu|\n|poke|p2|Annihilape, M|\n|poke|p2|Chi-Yu|\n|poke|p2|Iron Hands|\n|poke|p2|Polteageist|\n|poke|p2|Koraidon|\n|poke|p2|Iron Treads|\n|teampreview\n|inactive|Battle timer is ON: inactive players will automatically lose when time's up. (requested by CheesyRhys)\n|c|\u2606ceezeec|!weak polteageist\n|c| ceezeec|\/raw <div class=\"infobox\">Polteageist (ignoring abilities):<br \/><span class=\"message-effect-weak\">Weaknesses<\/span>: Dark, Ghost<br \/><span class=\"message-effect-resist\">Resistances<\/span>: Bug, Poison<br \/><span class=\"message-effect-immune\">Immunities<\/span>: Fighting, Normal, Trapping<\/div>\n|\n|t:|1698626495\n|start\n|switch|p1a: Ting-Lu|Ting-Lu|100\/100\n|switch|p2a: Iron Hands|Iron Hands|100\/100\n|-ability|p1a: Ting-Lu|Vessel of Ruin\n|turn|1\n|\n|t:|1698626502\n|move|p2a: Iron Hands|Fake Out|p1a: Ting-Lu\n|-damage|p1a: Ting-Lu|91\/100\n|cant|p1a: Ting-Lu|flinch\n|\n|-heal|p1a: Ting-Lu|97\/100|[from] item: Leftovers\n|upkeep\n|turn|2\n|\n|t:|1698626506\n|move|p2a: Iron Hands|Drain Punch|p1a: Ting-Lu\n|-supereffective|p1a: Ting-Lu\n|-damage|p1a: Ting-Lu|44\/100\n|move|p1a: Ting-Lu|Earthquake|p2a: Iron Hands\n|-supereffective|p2a: Iron Hands\n|-damage|p2a: Iron Hands|37\/100\n|\n|-heal|p1a: Ting-Lu|50\/100|[from] item: Leftovers\n|upkeep\n|turn|3\n|\n|t:|1698626509\n|move|p2a: Iron Hands|Drain Punch|p1a: Ting-Lu\n|-supereffective|p1a: Ting-Lu\n|-damage|p1a: Ting-Lu|2\/100\n|-heal|p2a: Iron Hands|61\/100|[from] drain|[of] p1a: Ting-Lu\n|move|p1a: Ting-Lu|Earthquake|p2a: Iron Hands\n|-supereffective|p2a: Iron Hands\n|-damage|p2a: Iron Hands|2\/100\n|\n|-heal|p1a: Ting-Lu|8\/100|[from] item: Leftovers\n|upkeep\n|turn|4\n|\n|t:|1698626516\n|move|p2a: Iron Hands|Drain Punch|p1a: Ting-Lu\n|-supereffective|p1a: Ting-Lu\n|-damage|p1a: Ting-Lu|0 fnt\n|-heal|p2a: Iron Hands|6\/100|[from] drain|[of] p1a: Ting-Lu\n|faint|p1a: Ting-Lu\n|\n|upkeep\n|\n|t:|1698626522\n|switch|p1a: Regieleki|Regieleki, shiny|100\/100\n|turn|5\n|\n|t:|1698626527\n|move|p1a: Regieleki|Tera Blast|p2a: Iron Hands\n|-damage|p2a: Iron Hands|0 fnt\n|faint|p2a: Iron Hands\n|-end|p2a: Iron Hands|Quark Drive|[silent]\n|\n|upkeep\n|\n|t:|1698626531\n|switch|p2a: Iron Treads|Iron Treads|100\/100\n|-enditem|p2a: Iron Treads|Booster Energy\n|-activate|p2a: Iron Treads|ability: Quark Drive|[fromitem]\n|-start|p2a: Iron Treads|quarkdrivespe\n|turn|6\n|\n|t:|1698626535\n|move|p1a: Regieleki|Tera Blast|p2a: Iron Treads\n|-resisted|p2a: Iron Treads\n|-damage|p2a: Iron Treads|85\/100\n|move|p2a: Iron Treads|Earthquake|p1a: Regieleki\n|-supereffective|p1a: Regieleki\n|-damage|p1a: Regieleki|0 fnt\n|faint|p1a: Regieleki\n|\n|upkeep\n|\n|t:|1698626542\n|switch|p1a: Urshifu|Urshifu-Rapid-Strike, F|100\/100\n|turn|7\n|\n|t:|1698626545\n|move|p2a: Iron Treads|Stealth Rock|p1a: Urshifu\n|-sidestart|p1: ceezeec|move: Stealth Rock\n|move|p1a: Urshifu|Close Combat|p2a: Iron Treads\n|-supereffective|p2a: Iron Treads\n|-damage|p2a: Iron Treads|0 fnt\n|-unboost|p1a: Urshifu|def|1\n|-unboost|p1a: Urshifu|spd|1\n|faint|p2a: Iron Treads\n|-end|p2a: Iron Treads|Quark Drive|[silent]\n|\n|upkeep\n|\n|t:|1698626551\n|switch|p2a: Polteageist|Polteageist|100\/100\n|turn|8\n|\n|t:|1698626557\n|switch|p1a: Flutter Mane|Flutter Mane|100\/100\n|-damage|p1a: Flutter Mane|88\/100|[from] Stealth Rock\n|-enditem|p1a: Flutter Mane|Booster Energy\n|-activate|p1a: Flutter Mane|ability: Protosynthesis|[fromitem]\n|-start|p1a: Flutter Mane|protosynthesisspe\n|-terastallize|p2a: Polteageist|Steel\n|move|p2a: Polteageist|Shell Smash|p2a: Polteageist\n|-unboost|p2a: Polteageist|def|1\n|-unboost|p2a: Polteageist|spd|1\n|-boost|p2a: Polteageist|atk|2\n|-boost|p2a: Polteageist|spa|2\n|-boost|p2a: Polteageist|spe|2\n|\n|upkeep\n|turn|9\n|\n|t:|1698626571\n|move|p1a: Flutter Mane|Shadow Ball|p2a: Polteageist\n|-damage|p2a: Polteageist|20\/100\n|move|p2a: Polteageist|Shell Smash|p2a: Polteageist\n|-unboost|p2a: Polteageist|def|1\n|-unboost|p2a: Polteageist|spd|1\n|-boost|p2a: Polteageist|atk|2\n|-boost|p2a: Polteageist|spa|2\n|-boost|p2a: Polteageist|spe|2\n|\n|upkeep\n|turn|10\n|\n|t:|1698626575\n|move|p2a: Polteageist|Shadow Ball|p1a: Flutter Mane\n|-supereffective|p1a: Flutter Mane\n|-damage|p1a: Flutter Mane|0 fnt\n|faint|p1a: Flutter Mane\n|-end|p1a: Flutter Mane|Protosynthesis|[silent]\n|\n|upkeep\n|\n|t:|1698626581\n|switch|p1a: Calyrex|Calyrex-Shadow|100\/100\n|-ability|p1a: Calyrex|As One\n|-ability|p1a: Calyrex|Unnerve\n|-damage|p1a: Calyrex|88\/100|[from] Stealth Rock\n|turn|11\n|\n|t:|1698626590\n|-terastallize|p1a: Calyrex|Psychic\n|move|p2a: Polteageist|Shadow Ball|p1a: Calyrex\n|-supereffective|p1a: Calyrex\n|-damage|p1a: Calyrex|0 fnt\n|faint|p1a: Calyrex\n|\n|upkeep\n|\n|t:|1698626596\n|switch|p1a: Urshifu|Urshifu-Rapid-Strike, F|100\/100\n|-damage|p1a: Urshifu|94\/100|[from] Stealth Rock\n|turn|12\n|\n|t:|1698626601\n|move|p2a: Polteageist|Giga Drain|p1a: Urshifu\n|-supereffective|p1a: Urshifu\n|-damage|p1a: Urshifu|0 fnt\n|-heal|p2a: Polteageist|81\/100|[from] drain|[of] p1a: Urshifu\n|faint|p1a: Urshifu\n|\n|upkeep\n|\n|t:|1698626603\n|switch|p1a: Kleavor|Kleavor, F|100\/100\n|turn|13\n|\n|t:|1698626609\n|move|p2a: Polteageist|Shadow Ball|p1a: Kleavor\n|-damage|p1a: Kleavor|0 fnt\n|faint|p1a: Kleavor\n|\n|win|CheesyRhys\n","uploadtime":1698626616,"views":8,"p1id":"ceezeec","p2id":"cheesyrhys","formatid":"gen9anythinggoes","rating":0,"private":0,"password":""}