{"id":"gen9anythinggoes-1972714689","p1":"pyukumukuworship","p2":"quoc44","format":"[Gen 9] Anything Goes","log":"|j|\u2606pyukumukuworship\n|j|\u2606quoc44\n|t:|1697883217\n|gametype|singles\n|player|p1|pyukumukuworship|hexmaniac-gen6|1097\n|player|p2|quoc44|cynthia|1254\n|teamsize|p1|6\n|teamsize|p2|6\n|gen|9\n|tier|[Gen 9] Anything Goes\n|rated|\n|rule|HP Percentage Mod: HP is shown in percentages\n|rule|Endless Battle Clause: Forcing endless battles is banned\n|clearpoke\n|poke|p1|Miraidon|\n|poke|p1|Koraidon|\n|poke|p1|Calyrex-Shadow|\n|poke|p1|Grafaiai, F|\n|poke|p1|Landorus, M|\n|poke|p1|Giratina|\n|poke|p2|Gliscor, M|\n|poke|p2|Dragonite, M|\n|poke|p2|Kingambit, M|\n|poke|p2|Meowscarada, M|\n|poke|p2|Chien-Pao|\n|poke|p2|Urshifu-*, F|\n|teampreview\n|inactive|Battle timer is ON: inactive players will automatically lose when time's up. (requested by pyukumukuworship)\n|\n|t:|1697883245\n|start\n|switch|p1a: Koraidon|Koraidon|100\/100\n|switch|p2a: Gliscor|Gliscor, M|100\/100\n|-weather|SunnyDay|[from] ability: Orichalcum Pulse|[of] p1a: Koraidon\n|-activate|p1a: Koraidon|Orichalcum Pulse|[source]\n|turn|1\n|\n|t:|1697883267\n|move|p2a: Gliscor|Protect|p2a: Gliscor\n|-singleturn|p2a: Gliscor|Protect\n|move|p1a: Koraidon|Flare Blitz|p2a: Gliscor\n|-activate|p2a: Gliscor|move: Protect\n|\n|-weather|SunnyDay|[upkeep]\n|-status|p2a: Gliscor|tox|[from] item: Toxic Orb\n|upkeep\n|turn|2\n|\n|t:|1697883280\n|move|p1a: Koraidon|Flare Blitz|p2a: Gliscor\n|-damage|p2a: Gliscor|18\/100 tox\n|-damage|p1a: Koraidon|77\/100|[from] Recoil\n|move|p2a: Gliscor|Poison Jab|p1a: Koraidon\n|-damage|p1a: Koraidon|58\/100\n|\n|-weather|SunnyDay|[upkeep]\n|-heal|p2a: Gliscor|30\/100 tox|[from] ability: Poison Heal\n|upkeep\n|turn|3\n|inactive|quoc44 has 120 seconds left.\n|\n|t:|1697883317\n|switch|p1a: Grafaiai|Grafaiai, F|100\/100\n|switch|p2a: Urshifu|Urshifu-Rapid-Strike, F|100\/100\n|\n|-weather|SunnyDay|[upkeep]\n|upkeep\n|turn|4\n|\n|t:|1697883325\n|move|p1a: Grafaiai|Substitute|p1a: Grafaiai\n|-start|p1a: Grafaiai|Substitute\n|-damage|p1a: Grafaiai|76\/100\n|move|p2a: Urshifu|Surging Strikes|p1a: Grafaiai\n|-crit|p1a: Grafaiai\n|-activate|p1a: Grafaiai|move: Substitute|[damage]\n|-crit|p1a: Grafaiai\n|-end|p1a: Grafaiai|Substitute\n|-crit|p1a: Grafaiai\n|-damage|p1a: Grafaiai|53\/100\n|-hitcount|p1a: Grafaiai|3\n|\n|-weather|SunnyDay|[upkeep]\n|-heal|p1a: Grafaiai|59\/100|[from] item: Leftovers\n|upkeep\n|turn|5\n|inactive|quoc44 has 120 seconds left.\n|\n|t:|1697883360\n|move|p1a: Grafaiai|Baton Pass|p1a: Grafaiai\n|\n|t:|1697883363\n|switch|p1a: Giratina|Giratina|100\/100|[from] Baton Pass\n|-ability|p1a: Giratina|Pressure\n|move|p2a: Urshifu|Surging Strikes|p1a: Giratina\n|-resisted|p1a: Giratina\n|-crit|p1a: Giratina\n|-damage|p1a: Giratina|98\/100\n|-resisted|p1a: Giratina\n|-crit|p1a: Giratina\n|-damage|p1a: Giratina|94\/100\n|-resisted|p1a: Giratina\n|-crit|p1a: Giratina\n|-damage|p1a: Giratina|91\/100\n|-hitcount|p1a: Giratina|3\n|\n|-weather|none\n|-heal|p1a: Giratina|97\/100|[from] item: Leftovers\n|upkeep\n|turn|6\n|\n|t:|1697883385\n|move|p2a: Urshifu|Surging Strikes|p1a: Giratina\n|-resisted|p1a: Giratina\n|-crit|p1a: Giratina\n|-damage|p1a: Giratina|91\/100\n|-resisted|p1a: Giratina\n|-crit|p1a: Giratina\n|-damage|p1a: Giratina|84\/100\n|-resisted|p1a: Giratina\n|-crit|p1a: Giratina\n|-damage|p1a: Giratina|78\/100\n|-hitcount|p1a: Giratina|3\n|move|p1a: Giratina|Will-O-Wisp|p2a: Urshifu\n|-status|p2a: Urshifu|brn\n|\n|-heal|p1a: Giratina|84\/100|[from] item: Leftovers\n|-damage|p2a: Urshifu|94\/100 brn|[from] brn\n|upkeep\n|turn|7\n|\n|t:|1697883399\n|move|p2a: Urshifu|U-turn|p1a: Giratina\n|-resisted|p1a: Giratina\n|-damage|p1a: Giratina|81\/100\n|\n|t:|1697883407\n|switch|p2a: Meowscarada|Meowscarada, M|100\/100|[from] U-turn\n|move|p1a: Giratina|Will-O-Wisp|p2a: Meowscarada\n|-status|p2a: Meowscarada|brn\n|\n|-heal|p1a: Giratina|87\/100|[from] item: Leftovers\n|-damage|p2a: Meowscarada|94\/100 brn|[from] brn\n|upkeep\n|turn|8\n|inactive|quoc44 has 90 seconds left.\n|\n|t:|1697883431\n|switch|p1a: Landorus|Landorus, M|100\/100\n|move|p2a: Meowscarada|Play Rough|p1a: Landorus\n|-start|p2a: Meowscarada|typechange|Fairy|[from] ability: Protean\n|-damage|p1a: Landorus|75\/100\n|\n|-damage|p2a: Meowscarada|88\/100 brn|[from] brn\n|upkeep\n|turn|9\n|inactive|quoc44 has 90 seconds left.\n|\n|t:|1697883467\n|move|p2a: Meowscarada|Sucker Punch|p1a: Landorus\n|-damage|p1a: Landorus|61\/100\n|move|p1a: Landorus|Sandsear Storm|p2a: Meowscarada\n|-damage|p2a: Meowscarada|0 fnt\n|faint|p2a: Meowscarada\n|\n|upkeep\n|\n|t:|1697883476\n|switch|p2a: Chien-Pao|Chien-Pao|100\/100\n|-ability|p2a: Chien-Pao|Sword of Ruin\n|turn|10\n|\n|t:|1697883491\n|move|p2a: Chien-Pao|Icicle Crash|p1a: Landorus\n|-supereffective|p1a: Landorus\n|-damage|p1a: Landorus|0 fnt\n|faint|p1a: Landorus\n|\n|upkeep\n|\n|t:|1697883494\n|switch|p1a: Koraidon|Koraidon|58\/100\n|-weather|SunnyDay|[from] ability: Orichalcum Pulse|[of] p1a: Koraidon\n|-activate|p1a: Koraidon|Orichalcum Pulse|[source]\n|turn|11\n|\n|t:|1697883508\n|move|p1a: Koraidon|Collision Course|p2a: Chien-Pao\n|-supereffective|p2a: Chien-Pao\n|-damage|p2a: Chien-Pao|0 fnt\n|faint|p2a: Chien-Pao\n|\n|-weather|SunnyDay|[upkeep]\n|upkeep\n|\n|t:|1697883516\n|switch|p2a: Urshifu|Urshifu-Rapid-Strike, F|94\/100 brn\n|turn|12\n|\n|t:|1697883537\n|switch|p1a: Giratina|Giratina|87\/100\n|-ability|p1a: Giratina|Pressure\n|move|p2a: Urshifu|Surging Strikes|p1a: Giratina\n|-resisted|p1a: Giratina\n|-crit|p1a: Giratina\n|-damage|p1a: Giratina|86\/100\n|-resisted|p1a: Giratina\n|-crit|p1a: Giratina\n|-damage|p1a: Giratina|84\/100\n|-resisted|p1a: Giratina\n|-crit|p1a: Giratina\n|-damage|p1a: Giratina|83\/100\n|-hitcount|p1a: Giratina|3\n|\n|-weather|SunnyDay|[upkeep]\n|-heal|p1a: Giratina|89\/100|[from] item: Leftovers\n|-damage|p2a: Urshifu|88\/100 brn|[from] brn\n|upkeep\n|turn|13\n|inactive|quoc44 has 90 seconds left.\n|inactive|pyukumukuworship has 120 seconds left.\n|\n|t:|1697883561\n|move|p2a: Urshifu|Surging Strikes|p1a: Giratina\n|-resisted|p1a: Giratina\n|-crit|p1a: Giratina\n|-damage|p1a: Giratina|88\/100\n|-resisted|p1a: Giratina\n|-crit|p1a: Giratina\n|-damage|p1a: Giratina|86\/100\n|-resisted|p1a: Giratina\n|-crit|p1a: Giratina\n|-damage|p1a: Giratina|85\/100\n|-hitcount|p1a: Giratina|3\n|move|p1a: Giratina|Will-O-Wisp|p2a: Urshifu\n|-fail|p2a: Urshifu|brn\n|\n|-weather|SunnyDay|[upkeep]\n|-heal|p1a: Giratina|91\/100|[from] item: Leftovers\n|-damage|p2a: Urshifu|82\/100 brn|[from] brn\n|upkeep\n|turn|14\n|\n|t:|1697883571\n|move|p2a: Urshifu|Aqua Jet|p1a: Giratina\n|-resisted|p1a: Giratina\n|-damage|p1a: Giratina|89\/100\n|move|p1a: Giratina|Hex|p2a: Urshifu\n|-damage|p2a: Urshifu|15\/100 brn\n|\n|-weather|SunnyDay|[upkeep]\n|-heal|p1a: Giratina|95\/100|[from] item: Leftovers\n|-damage|p2a: Urshifu|9\/100 brn|[from] brn\n|upkeep\n|turn|15\n|inactive|pyukumukuworship has 120 seconds left.\n|inactive|pyukumukuworship has 90 seconds left.\n|\n|t:|1697883627\n|move|p2a: Urshifu|U-turn|p1a: Giratina\n|-resisted|p1a: Giratina\n|-crit|p1a: Giratina\n|-damage|p1a: Giratina|90\/100\n|\n|t:|1697883642\n|switch|p2a: Dragonite|Dragonite, M|100\/100|[from] U-turn\n|move|p1a: Giratina|Will-O-Wisp|p2a: Dragonite\n|-status|p2a: Dragonite|brn\n|\n|-weather|none\n|-heal|p1a: Giratina|97\/100|[from] item: Leftovers\n|-damage|p2a: Dragonite|94\/100 brn|[from] brn\n|upkeep\n|turn|16\n|inactive|pyukumukuworship has 90 seconds left.\n|\n|t:|1697883654\n|switch|p1a: Grafaiai|Grafaiai, F|59\/100\n|-terastallize|p2a: Dragonite|Normal\n|move|p2a: Dragonite|Dragon Dance|p2a: Dragonite\n|-boost|p2a: Dragonite|atk|1\n|-boost|p2a: Dragonite|spe|1\n|\n|-heal|p1a: Grafaiai|65\/100|[from] item: Leftovers\n|-damage|p2a: Dragonite|88\/100 brn|[from] brn\n|upkeep\n|turn|17\n|\n|t:|1697883660\n|move|p2a: Dragonite|Extreme Speed|p1a: Grafaiai\n|-damage|p1a: Grafaiai|0 fnt\n|faint|p1a: Grafaiai\n|\n|-damage|p2a: Dragonite|82\/100 brn|[from] brn\n|upkeep\n|\n|t:|1697883666\n|switch|p1a: Koraidon|Koraidon|58\/100\n|-weather|SunnyDay|[from] ability: Orichalcum Pulse|[of] p1a: Koraidon\n|-activate|p1a: Koraidon|Orichalcum Pulse|[source]\n|turn|18\n|\n|t:|1697883671\n|move|p1a: Koraidon|Collision Course|p2a: Dragonite\n|-supereffective|p2a: Dragonite\n|-damage|p2a: Dragonite|0 fnt\n|faint|p2a: Dragonite\n|\n|-weather|SunnyDay|[upkeep]\n|upkeep\n|\n|t:|1697883674\n|switch|p2a: Kingambit|Kingambit, M|100\/100\n|turn|19\n|\n|t:|1697883683\n|move|p1a: Koraidon|Collision Course|p2a: Kingambit\n|-supereffective|p2a: Kingambit\n|-crit|p2a: Kingambit\n|-damage|p2a: Kingambit|0 fnt\n|faint|p2a: Kingambit\n|\n|-weather|SunnyDay|[upkeep]\n|upkeep\n|\n|t:|1697883687\n|switch|p2a: Gliscor|Gliscor, M|30\/100 tox\n|turn|20\n|\n|t:|1697883691\n|move|p1a: Koraidon|Collision Course|p2a: Gliscor\n|-resisted|p2a: Gliscor\n|-damage|p2a: Gliscor|0 fnt\n|faint|p2a: Gliscor\n|\n|-weather|SunnyDay|[upkeep]\n|upkeep\n|\n|t:|1697883695\n|switch|p2a: Urshifu|Urshifu-Rapid-Strike, F|9\/100 brn\n|turn|21\n|\n|t:|1697883698\n|move|p2a: Urshifu|Aqua Jet|p1a: Koraidon\n|-resisted|p1a: Koraidon\n|-damage|p1a: Koraidon|55\/100\n|move|p1a: Koraidon|Collision Course|p2a: Urshifu\n|-damage|p2a: Urshifu|0 fnt\n|faint|p2a: Urshifu\n|\n|win|pyukumukuworship\n|raw|pyukumukuworship's rating: 1097 &rarr; <strong>1133<\/strong><br \/>(+36 for winning)\n|raw|quoc44's rating: 1254 &rarr; <strong>1218<\/strong><br \/>(-36 for losing)\n|l|\u2606quoc44\n","uploadtime":1697883707,"views":10,"p1id":"pyukumukuworship","p2id":"quoc44","formatid":"gen9anythinggoes","rating":1133,"private":0,"password":""}