{"id":"gen9anythinggoes-1990286724","p1":"gg188","p2":"nishisakana","format":"[Gen 9] Anything Goes","log":"|j|\u2606gg188\n|j|\u2606nishisakana\n|t:|1699950969\n|gametype|singles\n|player|p1|gg188|265|1242\n|player|p2|nishisakana|cynthia-gen4|1307\n|teamsize|p1|6\n|teamsize|p2|6\n|gen|9\n|tier|[Gen 9] Anything Goes\n|rated|\n|rule|HP Percentage Mod: HP is shown in percentages\n|rule|Endless Battle Clause: Forcing endless battles is banned\n|clearpoke\n|poke|p1|Roaring Moon|\n|poke|p1|Vivillon-Pokeball, F|\n|poke|p1|Ninetales-Alola, M|\n|poke|p1|Kommo-o, M|\n|poke|p1|Breloom, F|\n|poke|p1|Cinderace, F|\n|poke|p2|Zacian-*|\n|poke|p2|Kyogre|\n|poke|p2|Dipplin, M|\n|poke|p2|Rillaboom, M|\n|poke|p2|Ditto|\n|poke|p2|Giratina|\n|teampreview\n|inactive|Battle timer is ON: inactive players will automatically lose when time's up. (requested by gg188)\n|\n|t:|1699950989\n|start\n|switch|p1a: Ninetales|Ninetales-Alola, M|100\/100\n|switch|p2a: Ditto|Ditto|100\/100\n|-weather|Snow|[from] ability: Snow Warning|[of] p1a: Ninetales\n|-transform|p2a: Ditto|p1a: Ninetales|[from] ability: Imposter\n|turn|1\n|c|\u2606gg188|Gg soon\n|c|\u2606gg188|Yep\n|\n|t:|1699951007\n|move|p1a: Ninetales|Substitute|p1a: Ninetales\n|-start|p1a: Ninetales|Substitute\n|-damage|p1a: Ninetales|76\/100\n|move|p2a: Ditto|Aurora Veil|p2a: Ditto\n|-sidestart|p2: nishisakana|move: Aurora Veil\n|\n|-weather|Snow|[upkeep]\n|-heal|p1a: Ninetales|82\/100|[from] item: Leftovers\n|upkeep\n|turn|2\n|\n|t:|1699951016\n|move|p2a: Ditto|Substitute|p2a: Ditto\n|-start|p2a: Ditto|Substitute\n|-damage|p2a: Ditto|75\/100\n|move|p1a: Ninetales|Agility|p1a: Ninetales\n|-boost|p1a: Ninetales|spe|2\n|\n|-weather|Snow|[upkeep]\n|-heal|p1a: Ninetales|88\/100|[from] item: Leftovers\n|upkeep\n|turn|3\n|\n|t:|1699951029\n|move|p1a: Ninetales|Baton Pass|p1a: Ninetales\n|\n|t:|1699951030\n|switch|p1a: Breloom|Breloom, F|100\/100|[from] Baton Pass\n|move|p2a: Ditto|Agility|p2a: Ditto\n|-boost|p2a: Ditto|spe|2\n|\n|-weather|Snow|[upkeep]\n|upkeep\n|turn|4\n|\n|t:|1699951041\n|move|p2a: Ditto|Agility|p2a: Ditto\n|-boost|p2a: Ditto|spe|2\n|move|p1a: Breloom|Swords Dance|p1a: Breloom\n|-boost|p1a: Breloom|atk|2\n|\n|-weather|Snow|[upkeep]\n|upkeep\n|turn|5\n|\n|t:|1699951052\n|move|p2a: Ditto|Baton Pass|p2a: Ditto\n|\n|t:|1699951074\n|switch|p2a: Zacian|Zacian-Crowned, shiny|100\/100|[from] Baton Pass\n|-ability|p2a: Zacian|Intrepid Sword|boost\n|-boost|p2a: Zacian|atk|1\n|move|p1a: Breloom|Swords Dance|p1a: Breloom\n|-boost|p1a: Breloom|atk|2\n|\n|-weather|none\n|-sideend|p2: nishisakana|move: Aurora Veil\n|upkeep\n|turn|6\n|inactive|nishisakana has 120 seconds left.\n|\n|t:|1699951095\n|move|p2a: Zacian|Play Rough|p1a: Breloom\n|-supereffective|p1a: Breloom\n|-end|p1a: Breloom|Substitute\n|move|p1a: Breloom|Bullet Seed|p2a: Zacian\n|-resisted|p2a: Zacian\n|-end|p2a: Zacian|Substitute\n|-resisted|p2a: Zacian\n|-damage|p2a: Zacian|75\/100\n|-hitcount|p2a: Zacian|2\n|\n|upkeep\n|turn|7\n|inactive|nishisakana has 120 seconds left.\n|\n|t:|1699951109\n|move|p2a: Zacian|Play Rough|p1a: Breloom\n|-supereffective|p1a: Breloom\n|-enditem|p1a: Breloom|Focus Sash\n|-damage|p1a: Breloom|1\/100\n|move|p1a: Breloom|Spore|p2a: Zacian\n|-status|p2a: Zacian|slp|[from] move: Spore\n|\n|upkeep\n|turn|8\n|inactive|nishisakana has 120 seconds left.\n|\n|t:|1699951132\n|move|p1a: Breloom|Mach Punch|p2a: Zacian\n|-damage|p2a: Zacian|0 fnt\n|faint|p2a: Zacian\n|\n|upkeep\n|\n|t:|1699951140\n|switch|p2a: Rillaboom|Rillaboom, M|100\/100\n|-fieldstart|move: Grassy Terrain|[from] ability: Grassy Surge|[of] p2a: Rillaboom\n|turn|9\n|\n|t:|1699951148\n|move|p1a: Breloom|Mach Punch|p2a: Rillaboom\n|-damage|p2a: Rillaboom|4\/100\n|-damage|p1a: Breloom|0 fnt|[from] item: Rocky Helmet|[of] p2a: Rillaboom\n|faint|p1a: Breloom\n|move|p2a: Rillaboom|Grassy Glide|p1: Breloom|[notarget]\n|-fail|p2a: Rillaboom\n|\n|-heal|p2a: Rillaboom|10\/100|[from] Grassy Terrain\n|upkeep\n|\n|t:|1699951157\n|switch|p1a: Cinderace|Cinderace, F|100\/100\n|turn|10\n|inactive|nishisakana has 120 seconds left.\n|\n|t:|1699951166\n|move|p1a: Cinderace|Pyro Ball|p2a: Rillaboom\n|-supereffective|p2a: Rillaboom\n|-damage|p2a: Rillaboom|0 fnt\n|faint|p2a: Rillaboom\n|\n|upkeep\n|inactive|nishisakana has 120 seconds left.\n|\n|t:|1699951181\n|switch|p2a: Kyogre|Kyogre|100\/100\n|-weather|RainDance|[from] ability: Drizzle|[of] p2a: Kyogre\n|turn|11\n|inactive|nishisakana has 90 seconds left.\n|c|\u2606gg188|Hi little man?\n|c|\u2606gg188|You good?\n|c|\u2606gg188|Still here?\n|\n|t:|1699951216\n|switch|p1a: Ninetales|Ninetales-Alola, M|88\/100\n|-weather|Snow|[from] ability: Snow Warning|[of] p1a: Ninetales\n|move|p2a: Kyogre|Water Spout|p1a: Ninetales\n|-damage|p1a: Ninetales|0 fnt\n|faint|p1a: Ninetales\n|\n|-weather|Snow|[upkeep]\n|upkeep\n|\n|t:|1699951225\n|switch|p1a: Kommo-o|Kommo-o, M|100\/100\n|turn|12\n|\n|t:|1699951231\n|move|p2a: Kyogre|Ice Beam|p1a: Kommo-o\n|-supereffective|p1a: Kommo-o\n|-damage|p1a: Kommo-o|32\/100\n|move|p1a: Kommo-o|Clangorous Soul||[still]\n|-fail|p1a: Kommo-o\n|\n|-weather|Snow|[upkeep]\n|-heal|p1a: Kommo-o|38\/100|[from] Grassy Terrain\n|-heal|p1a: Kommo-o|45\/100|[from] item: Leftovers\n|upkeep\n|turn|13\n|\n|t:|1699951251\n|-terastallize|p1a: Kommo-o|Steel\n|move|p2a: Kyogre|Ice Beam|p1a: Kommo-o\n|-resisted|p1a: Kommo-o\n|-crit|p1a: Kommo-o\n|-damage|p1a: Kommo-o|19\/100\n|move|p1a: Kommo-o|Drain Punch|p2a: Kyogre\n|-damage|p2a: Kyogre|63\/100\n|-heal|p1a: Kommo-o|38\/100|[from] drain|[of] p2a: Kyogre\n|\n|-weather|Snow|[upkeep]\n|-heal|p2a: Kyogre|69\/100|[from] Grassy Terrain\n|-heal|p1a: Kommo-o|44\/100|[from] Grassy Terrain\n|-heal|p1a: Kommo-o|50\/100|[from] item: Leftovers\n|-fieldend|move: Grassy Terrain\n|upkeep\n|turn|14\n|inactive|nishisakana has 90 seconds left.\n|\n|t:|1699951273\n|move|p2a: Kyogre|Water Spout|p1a: Kommo-o\n|-damage|p1a: Kommo-o|0 fnt\n|faint|p1a: Kommo-o\n|\n|-weather|Snow|[upkeep]\n|upkeep\n|\n|t:|1699951280\n|switch|p1a: Vivillon|Vivillon-Pokeball, F|100\/100\n|turn|15\n|\n|t:|1699951287\n|move|p1a: Vivillon|Sleep Powder|p2a: Kyogre\n|-status|p2a: Kyogre|slp|[from] move: Sleep Powder\n|cant|p2a: Kyogre|slp\n|\n|-weather|none\n|upkeep\n|turn|16\n|\n|t:|1699951295\n|move|p1a: Vivillon|Substitute|p1a: Vivillon\n|-start|p1a: Vivillon|Substitute\n|-damage|p1a: Vivillon|76\/100\n|-curestatus|p2a: Kyogre|slp|[msg]\n|move|p2a: Kyogre|Ice Beam|p1a: Vivillon\n|-supereffective|p1a: Vivillon\n|-end|p1a: Vivillon|Substitute\n|\n|upkeep\n|turn|17\n|inactive|nishisakana has 90 seconds left.\n|\n|t:|1699951333\n|move|p1a: Vivillon|Sleep Powder|p2a: Kyogre\n|-status|p2a: Kyogre|slp|[from] move: Sleep Powder\n|cant|p2a: Kyogre|slp\n|\n|upkeep\n|turn|18\n|c|\u2606gg188|Come on little man\n|\n|t:|1699951339\n|move|p1a: Vivillon|Substitute|p1a: Vivillon\n|-start|p1a: Vivillon|Substitute\n|-damage|p1a: Vivillon|51\/100\n|-curestatus|p2a: Kyogre|slp|[msg]\n|move|p2a: Kyogre|Ice Beam|p1a: Vivillon\n|-supereffective|p1a: Vivillon\n|-end|p1a: Vivillon|Substitute\n|\n|upkeep\n|turn|19\n|\n|t:|1699951349\n|move|p1a: Vivillon|Sleep Powder|p2a: Kyogre\n|-status|p2a: Kyogre|slp|[from] move: Sleep Powder\n|cant|p2a: Kyogre|slp\n|\n|upkeep\n|turn|20\n|inactive|nishisakana has 90 seconds left.\n|\n|t:|1699951355\n|move|p1a: Vivillon|Substitute|p1a: Vivillon\n|-start|p1a: Vivillon|Substitute\n|-damage|p1a: Vivillon|26\/100\n|cant|p2a: Kyogre|slp\n|\n|upkeep\n|turn|21\n|\n|t:|1699951362\n|move|p1a: Vivillon|Quiver Dance|p1a: Vivillon\n|-boost|p1a: Vivillon|spa|1\n|-boost|p1a: Vivillon|spd|1\n|-boost|p1a: Vivillon|spe|1\n|-curestatus|p2a: Kyogre|slp|[msg]\n|move|p2a: Kyogre|Ice Beam|p1a: Vivillon\n|-supereffective|p1a: Vivillon\n|-end|p1a: Vivillon|Substitute\n|\n|upkeep\n|turn|22\n|c|\u2606gg188|About time\n|\n|t:|1699951371\n|move|p1a: Vivillon|Sleep Powder|p2a: Kyogre\n|-status|p2a: Kyogre|slp|[from] move: Sleep Powder\n|cant|p2a: Kyogre|slp\n|\n|upkeep\n|turn|23\n|\n|t:|1699951378\n|move|p1a: Vivillon|Substitute|p1a: Vivillon\n|-start|p1a: Vivillon|Substitute\n|-damage|p1a: Vivillon|1\/100\n|cant|p2a: Kyogre|slp\n|\n|upkeep\n|turn|24\n|\n|t:|1699951385\n|move|p1a: Vivillon|Quiver Dance|p1a: Vivillon\n|-boost|p1a: Vivillon|spa|1\n|-boost|p1a: Vivillon|spd|1\n|-boost|p1a: Vivillon|spe|1\n|cant|p2a: Kyogre|slp\n|\n|upkeep\n|turn|25\n|\n|t:|1699951393\n|move|p1a: Vivillon|Hurricane|p2a: Kyogre\n|-damage|p2a: Kyogre|24\/100 slp\n|-curestatus|p2a: Kyogre|slp|[msg]\n|move|p2a: Kyogre|Ice Beam|p1a: Vivillon\n|-supereffective|p1a: Vivillon\n|-end|p1a: Vivillon|Substitute\n|\n|upkeep\n|turn|26\n|inactive|nishisakana has 120 seconds left.\n|\n|t:|1699951404\n|move|p1a: Vivillon|Hurricane|p2a: Kyogre\n|-damage|p2a: Kyogre|0 fnt\n|faint|p2a: Kyogre\n|\n|upkeep\n|\n|t:|1699951418\n|switch|p2a: Ditto|Ditto|75\/100\n|-transform|p2a: Ditto|p1a: Vivillon|[from] ability: Imposter\n|turn|27\n|inactive|nishisakana has 90 seconds left.\n|\n|t:|1699951451\n|-terastallize|p2a: Ditto|Normal\n|move|p2a: Ditto|Sleep Powder|p1a: Vivillon\n|-status|p1a: Vivillon|slp|[from] move: Sleep Powder\n|cant|p1a: Vivillon|slp\n|\n|upkeep\n|turn|28\n|\n|t:|1699951465\n|cant|p1a: Vivillon|slp\n|move|p2a: Ditto|Substitute|p2a: Ditto\n|-start|p2a: Ditto|Substitute\n|-damage|p2a: Ditto|50\/100\n|\n|upkeep\n|turn|29\n|\n|t:|1699951477\n|move|p2a: Ditto|Quiver Dance|p2a: Ditto\n|-boost|p2a: Ditto|spa|1\n|-boost|p2a: Ditto|spd|1\n|-boost|p2a: Ditto|spe|1\n|-curestatus|p1a: Vivillon|slp|[msg]\n|move|p1a: Vivillon|Hurricane|p2a: Ditto\n|-end|p2a: Ditto|Substitute\n|\n|upkeep\n|turn|30\n|\n|t:|1699951495\n|move|p2a: Ditto|Substitute|p2a: Ditto\n|-start|p2a: Ditto|Substitute\n|-damage|p2a: Ditto|25\/100\n|move|p1a: Vivillon|Sleep Powder||[still]\n|-fail|p1a: Vivillon\n|\n|upkeep\n|turn|31\n|\n|t:|1699951514\n|switch|p1a: Roaring Moon|Roaring Moon|100\/100\n|move|p2a: Ditto|Sleep Powder|p1a: Roaring Moon\n|-status|p1a: Roaring Moon|slp|[from] move: Sleep Powder\n|\n|upkeep\n|turn|32\n|\n|t:|1699951525\n|move|p2a: Ditto|Quiver Dance|p2a: Ditto\n|-boost|p2a: Ditto|spa|1\n|-boost|p2a: Ditto|spd|1\n|-boost|p2a: Ditto|spe|1\n|cant|p1a: Roaring Moon|slp\n|\n|upkeep\n|turn|33\n|\n|t:|1699951532\n|move|p2a: Ditto|Hurricane|p1a: Roaring Moon\n|-damage|p1a: Roaring Moon|0 fnt\n|faint|p1a: Roaring Moon\n|-end|p1a: Roaring Moon|Protosynthesis|[silent]\n|\n|upkeep\n|c|\u2606gg188|Sigh\n|c|\u2606gg188|So uncreative\n|\n|t:|1699951547\n|switch|p1a: Cinderace|Cinderace, F|100\/100\n|turn|34\n|\n|t:|1699951557\n|move|p2a: Ditto|Hurricane|p1a: Cinderace\n|-crit|p1a: Cinderace\n|-enditem|p1a: Cinderace|Focus Sash\n|-damage|p1a: Cinderace|1\/100\n|move|p1a: Cinderace|Court Change||[still]\n|-start|p1a: Cinderace|typechange|Normal|[from] ability: Libero\n|-swapsideconditions\n|-fail|p1a: Cinderace\n|\n|upkeep\n|turn|35\n|c|\u2606gg188|Idiot\n|c|\u2606gg188|You're. A fucking idiot\n|n|!gg188|gg188\n|inactive|gg188 has 120 seconds left.\n|-message|gg188 forfeited.\n|\n|win|nishisakana\n|raw|gg188's rating: 1242 &rarr; <strong>1222<\/strong><br \/>(-20 for losing)\n|raw|nishisakana's rating: 1307 &rarr; <strong>1323<\/strong><br \/>(+16 for winning)\n|l|!gg188\n","uploadtime":1699951564,"views":4,"p1id":"gg188","p2id":"nishisakana","formatid":"gen9anythinggoes","rating":1222,"private":0,"password":""}