{"id":"gen9anythinggoes-1974682243","p1":"A Bread Sandwich","p2":"ZowwyCafe\u2764","format":"[Gen 9] Anything Goes","log":"|j|\u2606A Bread Sandwich\n|j|\u2606ZowwyCafe\u2764\n|inactive|Battle timer is ON: inactive players will automatically lose when time's up.\n|t:|1698110022\n|gametype|singles\n|player|p1|A Bread Sandwich|triathleteswimmer-gen6|\n|player|p2|ZowwyCafe\u2764|marnie|\n|teamsize|p1|6\n|teamsize|p2|6\n|gen|9\n|tier|[Gen 9] Anything Goes\n|rated|Tournament battle\n|rule|HP Percentage Mod: HP is shown in percentages\n|rule|Endless Battle Clause: Forcing endless battles is banned\n|clearpoke\n|poke|p1|Ribombee, F|\n|poke|p1|Landorus-Therian, M|\n|poke|p1|Vivillon, F|\n|poke|p1|Calyrex-Shadow|\n|poke|p1|Arceus|\n|poke|p1|Koraidon|\n|poke|p2|Ribombee, F|\n|poke|p2|Calyrex-Shadow|\n|poke|p2|Arceus-Ground|\n|poke|p2|Koraidon|\n|poke|p2|Zacian-*|\n|poke|p2|Arceus|\n|teampreview\n|inactive|ZowwyCafe\u2764 also wants the timer to be on.\n|c|\u2606ZowwyCafe\u2764|hf\n|\n|t:|1698110030\n|start\n|switch|p1a: Ribombee|Ribombee, F|100\/100\n|switch|p2a: Arceus|Arceus-Ground|100\/100\n|turn|1\n|c|\u2606A Bread Sandwich|u2\n|\n|t:|1698110038\n|move|p1a: Ribombee|Sticky Web|p2a: Arceus\n|-sidestart|p2: ZowwyCafe\u2764|move: Sticky Web\n|move|p2a: Arceus|Stealth Rock|p1a: Ribombee\n|-sidestart|p1: A Bread Sandwich|move: Stealth Rock\n|\n|upkeep\n|turn|2\n|\n|t:|1698110056\n|move|p1a: Ribombee|U-turn|p2a: Arceus\n|-damage|p2a: Arceus|91\/100\n|\n|t:|1698110060\n|switch|p1a: Landorus|Landorus-Therian, M|100\/100|[from] U-turn\n|-damage|p1a: Landorus|88\/100|[from] Stealth Rock\n|-ability|p1a: Landorus|Intimidate|boost\n|-unboost|p2a: Arceus|atk|1\n|move|p2a: Arceus|Ice Beam|p1a: Landorus\n|-supereffective|p1a: Landorus\n|-damage|p1a: Landorus|0 fnt\n|faint|p1a: Landorus\n|\n|upkeep\n|j| vector479\n|\n|t:|1698110071\n|switch|p1a: Calyrex|Calyrex-Shadow|100\/100\n|-ability|p1a: Calyrex|As One\n|-ability|p1a: Calyrex|Unnerve\n|turn|3\n|\n|t:|1698110101\n|switch|p2a: Arceus|Arceus|100\/100\n|-activate|p2a: Arceus|move: Sticky Web\n|-unboost|p2a: Arceus|spe|1\n|move|p1a: Calyrex|Nasty Plot|p1a: Calyrex\n|-boost|p1a: Calyrex|spa|2\n|\n|upkeep\n|turn|4\n|j| pok3m0n_001\n|inactive|ZowwyCafe\u2764 has 120 seconds left.\n|\n|t:|1698110123\n|switch|p2a: Arceus|Arceus-Ground|91\/100\n|-activate|p2a: Arceus|move: Sticky Web\n|-unboost|p2a: Arceus|spe|1\n|-terastallize|p1a: Calyrex|Grass\n|move|p1a: Calyrex|Grass Knot|p2a: Arceus\n|-supereffective|p2a: Arceus\n|-damage|p2a: Arceus|0 fnt\n|faint|p2a: Arceus\n|-ability|p1a: Calyrex|Grim Neigh|boost\n|-boost|p1a: Calyrex|spa|1\n|\n|upkeep\n|\n|t:|1698110125\n|switch|p2a: Ribombee|Ribombee, F|100\/100\n|-activate|p2a: Ribombee|move: Sticky Web\n|-unboost|p2a: Ribombee|spe|1\n|turn|5\n|j| ProtoPugs\n|\n|t:|1698110131\n|move|p1a: Calyrex|Astral Barrage|p2a: Ribombee\n|-enditem|p2a: Ribombee|Focus Sash\n|-damage|p2a: Ribombee|1\/100\n|move|p2a: Ribombee|Tailwind|p2a: Ribombee\n|-sidestart|p2: ZowwyCafe\u2764|move: Tailwind\n|\n|upkeep\n|turn|6\n|\n|t:|1698110136\n|move|p2a: Ribombee|Sticky Web|p1a: Calyrex\n|-sidestart|p1: A Bread Sandwich|move: Sticky Web\n|move|p1a: Calyrex|Encore|p2a: Ribombee\n|-start|p2a: Ribombee|Encore\n|\n|upkeep\n|turn|7\n|\n|t:|1698110146\n|switch|p2a: Arceus|Arceus|100\/100\n|-activate|p2a: Arceus|move: Sticky Web\n|-unboost|p2a: Arceus|spe|1\n|move|p1a: Calyrex|Nasty Plot|p1a: Calyrex\n|-boost|p1a: Calyrex|spa|2\n|\n|upkeep\n|turn|8\n|\n|t:|1698110162\n|-terastallize|p2a: Arceus|Steel\n|move|p1a: Calyrex|Grass Knot|p2a: Arceus\n|-resisted|p2a: Arceus\n|-damage|p2a: Arceus|16\/100\n|move|p2a: Arceus|Swords Dance|p2a: Arceus\n|-boost|p2a: Arceus|atk|2\n|\n|-sideend|p2: ZowwyCafe\u2764|move: Tailwind\n|upkeep\n|turn|9\n|\n|t:|1698110168\n|move|p2a: Arceus|Extreme Speed|p1a: Calyrex\n|-damage|p1a: Calyrex|0 fnt\n|faint|p1a: Calyrex\n|-damage|p2a: Arceus|6\/100|[from] item: Life Orb\n|\n|upkeep\n|\n|t:|1698110175\n|switch|p1a: Arceus|Arceus|100\/100\n|-damage|p1a: Arceus|88\/100|[from] Stealth Rock\n|-activate|p1a: Arceus|move: Sticky Web\n|-unboost|p1a: Arceus|spe|1\n|turn|10\n|\n|t:|1698110180\n|switch|p1a: Ribombee|Ribombee, F|100\/100\n|-damage|p1a: Ribombee|76\/100|[from] Stealth Rock\n|-activate|p1a: Ribombee|move: Sticky Web\n|-unboost|p1a: Ribombee|spe|1\n|move|p2a: Arceus|Extreme Speed|p1a: Ribombee\n|-damage|p1a: Ribombee|0 fnt\n|faint|p1a: Ribombee\n|-damage|p2a: Arceus|0 fnt|[from] item: Life Orb\n|faint|p2a: Arceus\n|\n|upkeep\n|\n|t:|1698110189\n|switch|p1a: Vivillon|Vivillon, F|100\/100\n|switch|p2a: Calyrex|Calyrex-Shadow|100\/100\n|-ability|p2a: Calyrex|As One\n|-ability|p2a: Calyrex|Unnerve\n|-activate|p2a: Calyrex|move: Sticky Web\n|-unboost|p2a: Calyrex|spe|1\n|-damage|p1a: Vivillon|51\/100|[from] Stealth Rock\n|turn|11\n|\n|t:|1698110193\n|move|p1a: Vivillon|Sleep Powder|p2a: Calyrex\n|-status|p2a: Calyrex|slp|[from] move: Sleep Powder\n|cant|p2a: Calyrex|slp\n|\n|-heal|p1a: Vivillon|57\/100|[from] item: Leftovers\n|upkeep\n|turn|12\n|\n|t:|1698110197\n|move|p1a: Vivillon|Substitute|p1a: Vivillon\n|-start|p1a: Vivillon|Substitute\n|-damage|p1a: Vivillon|32\/100\n|cant|p2a: Calyrex|slp\n|\n|-heal|p1a: Vivillon|38\/100|[from] item: Leftovers\n|upkeep\n|turn|13\n|\n|t:|1698110200\n|move|p1a: Vivillon|Hurricane|p2a: Calyrex\n|-damage|p2a: Calyrex|58\/100 slp\n|-start|p2a: Calyrex|confusion\n|-curestatus|p2a: Calyrex|slp|[msg]\n|-activate|p2a: Calyrex|confusion\n|move|p2a: Calyrex|Taunt|p1a: Vivillon\n|-start|p1a: Vivillon|move: Taunt\n|\n|-heal|p1a: Vivillon|44\/100|[from] item: Leftovers\n|upkeep\n|turn|14\n|\n|t:|1698110205\n|move|p1a: Vivillon|Hurricane|p2a: Calyrex\n|-damage|p2a: Calyrex|16\/100\n|-end|p2a: Calyrex|confusion\n|move|p2a: Calyrex|Astral Barrage|p1a: Vivillon\n|-end|p1a: Vivillon|Substitute\n|-damage|p2a: Calyrex|6\/100|[from] item: Life Orb\n|\n|-heal|p1a: Vivillon|50\/100|[from] item: Leftovers\n|upkeep\n|turn|15\n|\n|t:|1698110210\n|move|p1a: Vivillon|Hurricane|p2a: Calyrex\n|-damage|p2a: Calyrex|0 fnt\n|faint|p2a: Calyrex\n|\n|-heal|p1a: Vivillon|56\/100|[from] item: Leftovers\n|upkeep\n|\n|t:|1698110214\n|switch|p2a: Zacian|Zacian-Crowned|100\/100\n|-activate|p2a: Zacian|move: Sticky Web\n|-unboost|p2a: Zacian|spe|1\n|-ability|p2a: Zacian|Intrepid Sword|boost\n|-boost|p2a: Zacian|atk|1\n|turn|16\n|\n|t:|1698110220\n|move|p1a: Vivillon|Hurricane|p2a: Zacian\n|-resisted|p2a: Zacian\n|-damage|p2a: Zacian|83\/100\n|-start|p2a: Zacian|confusion\n|-activate|p2a: Zacian|confusion\n|-damage|p2a: Zacian|62\/100|[from] confusion\n|\n|-heal|p1a: Vivillon|62\/100|[from] item: Leftovers\n|-end|p1a: Vivillon|move: Taunt\n|upkeep\n|turn|17\n|\n|t:|1698110224\n|move|p1a: Vivillon|Sleep Powder|p2a: Zacian\n|-status|p2a: Zacian|slp|[from] move: Sleep Powder\n|cant|p2a: Zacian|slp\n|\n|-heal|p1a: Vivillon|68\/100|[from] item: Leftovers\n|upkeep\n|turn|18\n|c|\u2606A Bread Sandwich|lets goo\n|c|\u2606ZowwyCafe\u2764|qwq\n|c|\u2606A Bread Sandwich|goated mon\n|c|\u2606ZowwyCafe\u2764|gege\n|\n|t:|1698110234\n|move|p1a: Vivillon|Substitute|p1a: Vivillon\n|-start|p1a: Vivillon|Substitute\n|-damage|p1a: Vivillon|43\/100\n|cant|p2a: Zacian|slp\n|\n|-heal|p1a: Vivillon|49\/100|[from] item: Leftovers\n|upkeep\n|turn|19\n|\n|t:|1698110237\n|move|p1a: Vivillon|Quiver Dance|p1a: Vivillon\n|-boost|p1a: Vivillon|spa|1\n|-boost|p1a: Vivillon|spd|1\n|-boost|p1a: Vivillon|spe|1\n|-curestatus|p2a: Zacian|slp|[msg]\n|-end|p2a: Zacian|confusion\n|move|p2a: Zacian|Behemoth Blade|p1a: Vivillon\n|-end|p1a: Vivillon|Substitute\n|\n|-heal|p1a: Vivillon|55\/100|[from] item: Leftovers\n|upkeep\n|turn|20\n|\n|t:|1698110241\n|move|p1a: Vivillon|Sleep Powder|p2a: Zacian\n|-status|p2a: Zacian|slp|[from] move: Sleep Powder\n|cant|p2a: Zacian|slp\n|\n|-heal|p1a: Vivillon|61\/100|[from] item: Leftovers\n|upkeep\n|turn|21\n|l| ProtoPugs\n|\n|t:|1698110249\n|switch|p2a: Koraidon|Koraidon|100\/100\n|-activate|p2a: Koraidon|move: Sticky Web\n|-unboost|p2a: Koraidon|spe|1\n|-weather|SunnyDay|[from] ability: Orichalcum Pulse|[of] p2a: Koraidon\n|-activate|p2a: Koraidon|Orichalcum Pulse|[source]\n|move|p1a: Vivillon|Substitute|p1a: Vivillon\n|-start|p1a: Vivillon|Substitute\n|-damage|p1a: Vivillon|36\/100\n|\n|-weather|SunnyDay|[upkeep]\n|-heal|p1a: Vivillon|42\/100|[from] item: Leftovers\n|upkeep\n|turn|22\n|\n|t:|1698110256\n|move|p1a: Vivillon|Sleep Powder|p2a: Koraidon\n|-status|p2a: Koraidon|slp|[from] move: Sleep Powder\n|cant|p2a: Koraidon|slp\n|\n|-weather|SunnyDay|[upkeep]\n|-heal|p1a: Vivillon|48\/100|[from] item: Leftovers\n|upkeep\n|turn|23\n|\n|t:|1698110258\n|move|p1a: Vivillon|Hurricane|p2a: Koraidon|[miss]\n|-miss|p1a: Vivillon|p2a: Koraidon\n|cant|p2a: Koraidon|slp\n|\n|-weather|SunnyDay|[upkeep]\n|-heal|p1a: Vivillon|54\/100|[from] item: Leftovers\n|upkeep\n|turn|24\n|\n|t:|1698110261\n|move|p1a: Vivillon|Hurricane|p2a: Koraidon\n|-supereffective|p2a: Koraidon\n|-damage|p2a: Koraidon|1\/100 slp\n|-curestatus|p2a: Koraidon|slp|[msg]\n|move|p2a: Koraidon|Scale Shot|p1a: Vivillon\n|-end|p1a: Vivillon|Substitute\n|-damage|p1a: Vivillon|25\/100\n|-damage|p1a: Vivillon|0 fnt\n|faint|p1a: Vivillon\n|-hitcount|p1: Vivillon|3\n|-unboost|p2a: Koraidon|def|1\n|-boost|p2a: Koraidon|spe|1\n|\n|-weather|SunnyDay|[upkeep]\n|upkeep\n|\n|t:|1698110266\n|switch|p1a: Arceus|Arceus|88\/100\n|-damage|p1a: Arceus|76\/100|[from] Stealth Rock\n|-activate|p1a: Arceus|move: Sticky Web\n|-unboost|p1a: Arceus|spe|1\n|turn|25\n|\n|t:|1698110272\n|switch|p2a: Ribombee|Ribombee, F|1\/100\n|-activate|p2a: Ribombee|move: Sticky Web\n|-unboost|p2a: Ribombee|spe|1\n|move|p1a: Arceus|Extreme Speed|p2a: Ribombee\n|-damage|p2a: Ribombee|0 fnt\n|faint|p2a: Ribombee\n|\n|-weather|none\n|upkeep\n|\n|t:|1698110276\n|switch|p2a: Zacian|Zacian-Crowned|62\/100 slp\n|-activate|p2a: Zacian|move: Sticky Web\n|-unboost|p2a: Zacian|spe|1\n|turn|26\n|\n|t:|1698110281\n|-curestatus|p2a: Zacian|slp|[msg]\n|move|p2a: Zacian|Swords Dance|p2a: Zacian\n|-boost|p2a: Zacian|atk|2\n|move|p1a: Arceus|Dragon Dance|p1a: Arceus\n|-boost|p1a: Arceus|atk|1\n|-boost|p1a: Arceus|spe|1\n|\n|upkeep\n|turn|27\n|\n|t:|1698110286\n|move|p1a: Arceus|Shadow Claw|p2a: Zacian\n|-crit|p2a: Zacian\n|-damage|p2a: Zacian|15\/100\n|move|p2a: Zacian|Behemoth Blade|p1a: Arceus\n|-damage|p1a: Arceus|0 fnt\n|faint|p1a: Arceus\n|\n|upkeep\n|\n|t:|1698110290\n|switch|p1a: Koraidon|Koraidon|100\/100\n|-damage|p1a: Koraidon|94\/100|[from] Stealth Rock\n|-activate|p1a: Koraidon|move: Sticky Web\n|-unboost|p1a: Koraidon|spe|1\n|-weather|SunnyDay|[from] ability: Orichalcum Pulse|[of] p1a: Koraidon\n|-activate|p1a: Koraidon|Orichalcum Pulse|[source]\n|turn|28\n|\n|t:|1698110293\n|move|p1a: Koraidon|Low Kick|p2a: Zacian\n|-damage|p2a: Zacian|0 fnt\n|faint|p2a: Zacian\n|\n|-weather|SunnyDay|[upkeep]\n|upkeep\n|\n|t:|1698110295\n|switch|p2a: Koraidon|Koraidon|1\/100\n|-activate|p2a: Koraidon|move: Sticky Web\n|-unboost|p2a: Koraidon|spe|1\n|-activate|p2a: Koraidon|ability: Orichalcum Pulse\n|turn|29\n|\n|t:|1698110298\n|move|p1a: Koraidon|Low Kick|p2a: Koraidon\n|-damage|p2a: Koraidon|0 fnt\n|faint|p2a: Koraidon\n|\n|win|A Bread Sandwich\n|n|\u2606A Bread Sandwich|abreadsandwich\n|n|\u2606ZowwyCafe\u2764|zowwycafe\n|n| vector479|vector479\n|n| pok3m0n_001|pok3m0n001\n|l|\u2606A Bread Sandwich\n","uploadtime":1698110299,"views":14,"p1id":"abreadsandwich","p2id":"zowwycafe","formatid":"gen9anythinggoes","rating":0,"private":0,"password":""}