{"id":"gen9anythinggoes-1978809089","p1":"FroaklintheFroakie","p2":"Gamingdumy","format":"[Gen 9] Anything Goes","log":"|j|\u2606FroaklintheFroakie\n|j|\u2606Gamingdumy\n|t:|1698597810\n|gametype|singles\n|player|p1|FroaklintheFroakie|n|1066\n|player|p2|Gamingdumy|red|1133\n|teamsize|p1|6\n|teamsize|p2|6\n|gen|9\n|tier|[Gen 9] Anything Goes\n|rated|\n|rule|HP Percentage Mod: HP is shown in percentages\n|rule|Endless Battle Clause: Forcing endless battles is banned\n|clearpoke\n|poke|p1|Slither Wing|\n|poke|p1|Volcarona, F|\n|poke|p1|Lokix, F|\n|poke|p1|Scizor, M|\n|poke|p1|Venomoth, M|\n|poke|p1|Kleavor, M|\n|poke|p2|Lokix, M|\n|poke|p2|Annihilape, M|\n|poke|p2|Garganacl, M|\n|poke|p2|Iron Moth|\n|poke|p2|Glimmora, M|\n|poke|p2|Chi-Yu|\n|teampreview\n|inactive|Battle timer is ON: inactive players will automatically lose when time's up. (requested by FroaklintheFroakie)\n|\n|t:|1698597831\n|start\n|switch|p1a: Kleavor|Kleavor, M|100\/100\n|switch|p2a: Glimmora|Glimmora, M|100\/100\n|turn|1\n|inactive|FroaklintheFroakie has 120 seconds left.\n|\n|t:|1698597886\n|switch|p1a: Venomoth|Venomoth, M, shiny|100\/100\n|move|p2a: Glimmora|Toxic Spikes|p1a: Venomoth\n|-sidestart|p1: FroaklintheFroakie|move: Toxic Spikes\n|\n|upkeep\n|turn|2\n|inactive|FroaklintheFroakie has 90 seconds left.\n|\n|t:|1698597907\n|move|p1a: Venomoth|Quiver Dance|p1a: Venomoth\n|-boost|p1a: Venomoth|spa|1\n|-boost|p1a: Venomoth|spd|1\n|-boost|p1a: Venomoth|spe|1\n|move|p2a: Glimmora|Power Gem|p1a: Venomoth\n|-supereffective|p1a: Venomoth\n|-damage|p1a: Venomoth|26\/100\n|\n|upkeep\n|turn|3\n|inactive|FroaklintheFroakie has 90 seconds left.\n|\n|t:|1698597918\n|move|p1a: Venomoth|Giga Drain|p2a: Glimmora\n|-damage|p2a: Glimmora|62\/100\n|-heal|p1a: Venomoth|51\/100|[from] drain|[of] p2a: Glimmora\n|move|p2a: Glimmora|Power Gem|p1a: Venomoth\n|-supereffective|p1a: Venomoth\n|-damage|p1a: Venomoth|0 fnt\n|faint|p1a: Venomoth\n|\n|upkeep\n|inactive|FroaklintheFroakie has 90 seconds left.\n|\n|t:|1698597927\n|switch|p1a: Volcarona|Volcarona, F, shiny|100\/100\n|-status|p1a: Volcarona|psn\n|turn|4\n|\n|t:|1698597934\n|move|p1a: Volcarona|Fiery Dance|p2a: Glimmora\n|-resisted|p2a: Glimmora\n|-damage|p2a: Glimmora|37\/100\n|-boost|p1a: Volcarona|spa|1\n|move|p2a: Glimmora|Toxic Spikes|p1a: Volcarona\n|-sidestart|p1: FroaklintheFroakie|move: Toxic Spikes\n|\n|-damage|p1a: Volcarona|88\/100 psn|[from] psn\n|upkeep\n|turn|5\n|\n|t:|1698597944\n|move|p1a: Volcarona|Fiery Dance|p2a: Glimmora\n|-resisted|p2a: Glimmora\n|-damage|p2a: Glimmora|2\/100\n|move|p2a: Glimmora|Power Gem|p1a: Volcarona\n|-supereffective|p1a: Volcarona\n|-damage|p1a: Volcarona|0 fnt\n|faint|p1a: Volcarona\n|\n|upkeep\n|inactive|FroaklintheFroakie has 90 seconds left.\n|\n|t:|1698597956\n|switch|p1a: Scizor|Scizor, M, shiny|100\/100\n|turn|6\n|\n|t:|1698597964\n|move|p1a: Scizor|Bullet Punch|p2a: Glimmora\n|-supereffective|p2a: Glimmora\n|-damage|p2a: Glimmora|0 fnt\n|faint|p2a: Glimmora\n|-damage|p1a: Scizor|91\/100|[from] item: Life Orb\n|\n|upkeep\n|\n|t:|1698597973\n|switch|p2a: Annihilape|Annihilape, M|100\/100\n|turn|7\n|\n|t:|1698597982\n|move|p2a: Annihilape|Rage Fist|p1a: Scizor\n|-damage|p1a: Scizor|58\/100\n|-damage|p2a: Annihilape|91\/100|[from] item: Life Orb\n|move|p1a: Scizor|Swords Dance|p1a: Scizor\n|-boost|p1a: Scizor|atk|2\n|\n|upkeep\n|turn|8\n|\n|t:|1698597995\n|move|p2a: Annihilape|Rage Fist|p1a: Scizor\n|-damage|p1a: Scizor|24\/100\n|-damage|p2a: Annihilape|81\/100|[from] item: Life Orb\n|move|p1a: Scizor|Dual Wingbeat|p2a: Annihilape\n|-supereffective|p2a: Annihilape\n|-damage|p2a: Annihilape|0 fnt\n|faint|p2a: Annihilape\n|-hitcount|p2: Annihilape|1\n|-damage|p1a: Scizor|14\/100|[from] item: Life Orb\n|\n|upkeep\n|\n|t:|1698598004\n|switch|p2a: Garganacl|Garganacl, M|100\/100\n|turn|9\n|\n|t:|1698598010\n|move|p1a: Scizor|Bullet Punch|p2a: Garganacl\n|-supereffective|p2a: Garganacl\n|-damage|p2a: Garganacl|7\/100\n|-damage|p1a: Scizor|4\/100|[from] item: Life Orb\n|move|p2a: Garganacl|Salt Cure|p1a: Scizor\n|-damage|p1a: Scizor|0 fnt\n|faint|p1a: Scizor\n|\n|-heal|p2a: Garganacl|13\/100|[from] item: Leftovers\n|upkeep\n|\n|t:|1698598021\n|switch|p1a: Kleavor|Kleavor, M|100\/100\n|-status|p1a: Kleavor|tox\n|turn|10\n|\n|t:|1698598032\n|move|p1a: Kleavor|Night Slash|p2a: Garganacl\n|-damage|p2a: Garganacl|0 fnt\n|faint|p2a: Garganacl\n|\n|-damage|p1a: Kleavor|94\/100 tox|[from] psn\n|upkeep\n|\n|t:|1698598044\n|switch|p2a: Lokix|Lokix, M|100\/100\n|turn|11\n|\n|t:|1698598050\n|move|p2a: Lokix|First Impression|p1a: Kleavor\n|-damage|p1a: Kleavor|30\/100 tox\n|-damage|p2a: Lokix|91\/100|[from] item: Life Orb\n|move|p1a: Kleavor|Stone Axe|p2a: Lokix|[miss]\n|-miss|p1a: Kleavor|p2a: Lokix\n|\n|-damage|p1a: Kleavor|18\/100 tox|[from] psn\n|upkeep\n|turn|12\n|\n|t:|1698598059\n|move|p2a: Lokix|Detect|p2a: Lokix\n|-singleturn|p2a: Lokix|Protect\n|move|p1a: Kleavor|Stone Axe|p2a: Lokix\n|-activate|p2a: Lokix|move: Protect\n|\n|-damage|p1a: Kleavor|0 fnt|[from] psn\n|faint|p1a: Kleavor\n|upkeep\n|\n|t:|1698598068\n|switch|p1a: Lokix|Lokix, F, shiny|100\/100\n|-status|p1a: Lokix|tox\n|turn|13\n|\n|t:|1698598075\n|move|p1a: Lokix|First Impression|p2a: Lokix\n|-supereffective|p2a: Lokix\n|-damage|p2a: Lokix|0 fnt\n|faint|p2a: Lokix\n|-damage|p1a: Lokix|91\/100 tox|[from] item: Life Orb\n|\n|-damage|p1a: Lokix|85\/100 tox|[from] psn\n|upkeep\n|\n|t:|1698598079\n|switch|p2a: Iron Moth|Iron Moth|100\/100\n|-enditem|p2a: Iron Moth|Booster Energy\n|-activate|p2a: Iron Moth|ability: Quark Drive|[fromitem]\n|-start|p2a: Iron Moth|quarkdrivespa\n|turn|14\n|\n|t:|1698598096\n|move|p2a: Iron Moth|Fiery Dance|p1a: Lokix\n|-supereffective|p1a: Lokix\n|-damage|p1a: Lokix|0 fnt\n|faint|p1a: Lokix\n|\n|upkeep\n|\n|t:|1698598102\n|switch|p1a: Slither Wing|Slither Wing, shiny|100\/100\n|-status|p1a: Slither Wing|tox\n|-enditem|p1a: Slither Wing|Booster Energy\n|-activate|p1a: Slither Wing|ability: Protosynthesis|[fromitem]\n|-start|p1a: Slither Wing|protosynthesisatk\n|turn|15\n|\n|t:|1698598110\n|-terastallize|p1a: Slither Wing|Flying\n|move|p2a: Iron Moth|Venoshock|p1a: Slither Wing\n|-damage|p1a: Slither Wing|1\/100 tox\n|move|p1a: Slither Wing|Acrobatics|p2a: Iron Moth\n|-damage|p2a: Iron Moth|0 fnt\n|faint|p2a: Iron Moth\n|-end|p2a: Iron Moth|Quark Drive|[silent]\n|\n|-damage|p1a: Slither Wing|0 fnt|[from] psn\n|faint|p1a: Slither Wing\n|-end|p1a: Slither Wing|Protosynthesis|[silent]\n|\n|win|Gamingdumy\n|upkeep\n|raw|FroaklintheFroakie's rating: 1066 &rarr; <strong>1050<\/strong><br \/>(-16 for losing)\n|raw|Gamingdumy's rating: 1133 &rarr; <strong>1153<\/strong><br \/>(+20 for winning)\n|l|\u2606FroaklintheFroakie\n","uploadtime":1698598127,"views":7,"p1id":"froaklinthefroakie","p2id":"gamingdumy","formatid":"gen9anythinggoes","rating":1050,"private":0,"password":""}