{"id":"gen9anythinggoes-1988035238","p1":"3RG Hammy","p2":"Imakebadchoices8","format":"[Gen 9] Anything Goes","log":"|j|\u26063RG Hammy\n|j|\u2606Imakebadchoices8\n|t:|1699661678\n|gametype|singles\n|player|p1|3RG Hammy|101|1000\n|player|p2|Imakebadchoices8|red|1029\n|teamsize|p1|6\n|teamsize|p2|6\n|gen|9\n|tier|[Gen 9] Anything Goes\n|rated|\n|rule|HP Percentage Mod: HP is shown in percentages\n|rule|Endless Battle Clause: Forcing endless battles is banned\n|clearpoke\n|poke|p1|Qwilfish-Hisui, M|\n|poke|p1|Shuppet, M|\n|poke|p1|Gastly, F|\n|poke|p1|Misdreavus, M|\n|poke|p1|Kirlia, F|\n|poke|p1|Kingambit, M|\n|poke|p2|Gligar, M|\n|poke|p2|Zacian-*|\n|poke|p2|Rayquaza|\n|poke|p2|Urshifu-*, F|\n|poke|p2|Maushold-Four|\n|poke|p2|Drifblim, F|\n|teampreview\n|inactive|Battle timer is ON: inactive players will automatically lose when time's up. (requested by Imakebadchoices8)\n|\n|t:|1699661683\n|start\n|switch|p1a: Qwilfish|Qwilfish-Hisui, M|100\/100\n|switch|p2a: Drifblim|Drifblim, F|100\/100\n|-ability|p1a: Qwilfish|Intimidate|boost\n|-unboost|p2a: Drifblim|atk|1\n|turn|1\n|\n|t:|1699661701\n|move|p1a: Qwilfish|Destiny Bond|p1a: Qwilfish\n|-singlemove|p1a: Qwilfish|Destiny Bond\n|move|p2a: Drifblim|Minimize|p2a: Drifblim\n|-boost|p2a: Drifblim|evasion|2\n|\n|upkeep\n|turn|2\n|inactive|3RG Hammy has 120 seconds left.\n|inactive|3RG Hammy has 90 seconds left.\n|\n|t:|1699661762\n|move|p1a: Qwilfish|Destiny Bond||[still]\n|-fail|p1a: Qwilfish\n|move|p2a: Drifblim|Substitute|p2a: Drifblim\n|-start|p2a: Drifblim|Substitute\n|-damage|p2a: Drifblim|76\/100\n|\n|upkeep\n|turn|3\n|\n|t:|1699661769\n|move|p1a: Qwilfish|Destiny Bond|p1a: Qwilfish\n|-singlemove|p1a: Qwilfish|Destiny Bond\n|move|p2a: Drifblim|Minimize|p2a: Drifblim\n|-boost|p2a: Drifblim|evasion|2\n|\n|upkeep\n|turn|4\n|\n|t:|1699661783\n|move|p1a: Qwilfish|Destiny Bond||[still]\n|-fail|p1a: Qwilfish\n|move|p2a: Drifblim|Minimize|p2a: Drifblim\n|-boost|p2a: Drifblim|evasion|2\n|\n|upkeep\n|turn|5\n|\n|t:|1699661790\n|move|p1a: Qwilfish|Destiny Bond|p1a: Qwilfish\n|-singlemove|p1a: Qwilfish|Destiny Bond\n|move|p2a: Drifblim|Baton Pass|p2a: Drifblim\n|\n|t:|1699661796\n|switch|p2a: Gligar|Gligar, M|100\/100|[from] Baton Pass\n|\n|upkeep\n|turn|6\n|\n|t:|1699661803\n|move|p2a: Gligar|Swords Dance|p2a: Gligar\n|-boost|p2a: Gligar|atk|2\n|move|p1a: Qwilfish|Destiny Bond||[still]\n|-fail|p1a: Qwilfish\n|\n|upkeep\n|turn|7\n|\n|t:|1699661809\n|move|p2a: Gligar|Swords Dance|p2a: Gligar\n|-boost|p2a: Gligar|atk|2\n|move|p1a: Qwilfish|Destiny Bond|p1a: Qwilfish\n|-singlemove|p1a: Qwilfish|Destiny Bond\n|\n|upkeep\n|turn|8\n|\n|t:|1699661824\n|move|p2a: Gligar|Sludge Bomb|p1a: Qwilfish\n|-resisted|p1a: Qwilfish\n|-damage|p1a: Qwilfish|91\/100\n|move|p1a: Qwilfish|Destiny Bond||[still]\n|-fail|p1a: Qwilfish\n|\n|upkeep\n|turn|9\n|\n|t:|1699661833\n|move|p2a: Gligar|Agility|p2a: Gligar\n|-boost|p2a: Gligar|spe|2\n|-activate|p1a: Qwilfish|move: Struggle\n|move|p1a: Qwilfish|Struggle|p2a: Gligar\n|-activate|p2a: Gligar|move: Substitute|[damage]\n|-damage|p1a: Qwilfish|65\/100|[from] recoil\n|\n|upkeep\n|turn|10\n|\n|t:|1699661842\n|move|p2a: Gligar|Swords Dance|p2a: Gligar\n|-boost|p2a: Gligar|atk|2\n|-activate|p1a: Qwilfish|move: Struggle\n|move|p1a: Qwilfish|Struggle|p2a: Gligar\n|-crit|p2a: Gligar\n|-activate|p2a: Gligar|move: Substitute|[damage]\n|-damage|p1a: Qwilfish|40\/100|[from] recoil\n|\n|upkeep\n|turn|11\n|\n|t:|1699661850\n|move|p2a: Gligar|Agility|p2a: Gligar\n|-boost|p2a: Gligar|spe|2\n|-activate|p1a: Qwilfish|move: Struggle\n|move|p1a: Qwilfish|Struggle|p2a: Gligar\n|-activate|p2a: Gligar|move: Substitute|[damage]\n|-damage|p1a: Qwilfish|15\/100|[from] recoil\n|\n|upkeep\n|turn|12\n|\n|t:|1699661858\n|move|p2a: Gligar|Agility|p2a: Gligar\n|-boost|p2a: Gligar|spe|2\n|-activate|p1a: Qwilfish|move: Struggle\n|move|p1a: Qwilfish|Struggle|p2a: Gligar\n|-end|p2a: Gligar|Substitute\n|-damage|p1a: Qwilfish|0 fnt|[from] recoil\n|faint|p1a: Qwilfish\n|\n|upkeep\n|\n|t:|1699661867\n|switch|p1a: Shuppet|Shuppet, M|100\/100\n|turn|13\n|\n|t:|1699661872\n|move|p2a: Gligar|Baton Pass|p2a: Gligar\n|\n|t:|1699661875\n|switch|p2a: Drifblim|Drifblim, F|76\/100|[from] Baton Pass\n|move|p1a: Shuppet|Destiny Bond|p1a: Shuppet\n|-singlemove|p1a: Shuppet|Destiny Bond\n|\n|upkeep\n|turn|14\n|\n|t:|1699661887\n|switch|p1a: Gastly|Gastly, F|100\/100\n|move|p2a: Drifblim|Substitute|p2a: Drifblim\n|-start|p2a: Drifblim|Substitute\n|-damage|p2a: Drifblim|51\/100\n|\n|upkeep\n|turn|15\n|\n|t:|1699661894\n|switch|p1a: Misdreavus|Misdreavus, M|100\/100\n|move|p2a: Drifblim|Baton Pass|p2a: Drifblim\n|\n|t:|1699661913\n|switch|p2a: Urshifu|Urshifu-Rapid-Strike, F|100\/100|[from] Baton Pass\n|\n|upkeep\n|turn|16\n|\n|t:|1699661923\n|move|p2a: Urshifu|Surging Strikes|p1a: Misdreavus\n|-crit|p1a: Misdreavus\n|-damage|p1a: Misdreavus|0 fnt\n|faint|p1a: Misdreavus\n|-hitcount|p1: Misdreavus|1\n|\n|upkeep\n|\n|t:|1699661929\n|switch|p1a: Shuppet|Shuppet, M|100\/100\n|turn|17\n|\n|t:|1699661932\n|move|p2a: Urshifu|Surging Strikes|p1a: Shuppet\n|-crit|p1a: Shuppet\n|-damage|p1a: Shuppet|0 fnt\n|faint|p1a: Shuppet\n|-hitcount|p1: Shuppet|1\n|\n|upkeep\n|\n|t:|1699661938\n|switch|p1a: Gastly|Gastly, F|100\/100\n|turn|18\n|\n|t:|1699661942\n|move|p2a: Urshifu|Surging Strikes|p1a: Gastly\n|-crit|p1a: Gastly\n|-damage|p1a: Gastly|0 fnt\n|faint|p1a: Gastly\n|-hitcount|p1: Gastly|1\n|\n|upkeep\n|\n|t:|1699661947\n|switch|p1a: Kirlia|Kirlia, F|100\/100\n|turn|19\n|\n|t:|1699661952\n|move|p2a: Urshifu|Surging Strikes|p1a: Kirlia\n|-crit|p1a: Kirlia\n|-damage|p1a: Kirlia|0 fnt\n|faint|p1a: Kirlia\n|-hitcount|p1: Kirlia|1\n|\n|upkeep\n|\n|t:|1699661958\n|switch|p1a: Kingambit|Kingambit, M, shiny|100\/100\n|-activate|p1a: Kingambit|ability: Supreme Overlord\n|-start|p1a: Kingambit|fallen5|[silent]\n|turn|20\n|\n|t:|1699661971\n|move|p2a: Urshifu|Surging Strikes|p1a: Kingambit\n|-crit|p1a: Kingambit\n|-damage|p1a: Kingambit|13\/100\n|-crit|p1a: Kingambit\n|-damage|p1a: Kingambit|0 fnt\n|faint|p1a: Kingambit\n|-end|p1a: Kingambit|fallen5|[silent]\n|-hitcount|p1: Kingambit|2\n|\n|win|Imakebadchoices8\n|raw|3RG Hammy's rating: 1000 &rarr; <strong>1000<\/strong><br \/>(+0 for losing)\n|raw|Imakebadchoices8's rating: 1016 &rarr; <strong>1052<\/strong><br \/>(+36 for winning)\n|l|\u26063RG Hammy\n","uploadtime":1699661982,"views":23,"p1id":"3rghammy","p2id":"imakebadchoices8","formatid":"gen9anythinggoes","rating":1000,"private":0,"password":""}