{"id":"gen9anythinggoes-1978166480","p1":"QCicicleCrashers","p2":"HemmingfordEQs","format":"[Gen 9] Anything Goes","log":"|j|\u2606QCicicleCrashers\n|j|\u2606HemmingfordEQs\n|t:|1698507267\n|gametype|singles\n|player|p1|QCicicleCrashers|hilbert|\n|player|p2|HemmingfordEQs|cynthia-gen4|\n|teamsize|p1|6\n|teamsize|p2|6\n|gen|9\n|tier|[Gen 9] Anything Goes\n|rule|HP Percentage Mod: HP is shown in percentages\n|rule|Endless Battle Clause: Forcing endless battles is banned\n|clearpoke\n|poke|p1|Toxapex, F|\n|poke|p1|Umbreon, M|\n|poke|p1|Ursaluna, M|\n|poke|p1|Typhlosion-Hisui, M|\n|poke|p1|Cresselia, F|\n|poke|p1|Chien-Pao|\n|poke|p2|Electrode-Hisui|\n|poke|p2|Braviary-Hisui, M|\n|poke|p2|Heatran, F|\n|poke|p2|Overqwil, F|\n|poke|p2|Arcanine-Hisui, F|\n|poke|p2|Espeon, M|\n|teampreview\n|\n|t:|1698507296\n|start\n|switch|p1a: Umbreon|Umbreon, M, shiny|100\/100\n|switch|p2a: Electrode|Electrode-Hisui|100\/100\n|turn|1\n|\n|t:|1698507302\n|move|p2a: Electrode|Volt Switch|p1a: Umbreon\n|-damage|p1a: Umbreon|85\/100\n|\n|t:|1698507312\n|switch|p2a: Overqwil|Overqwil, F|100\/100|[from] Volt Switch\n|-ability|p2a: Overqwil|Intimidate|boost\n|-unboost|p1a: Umbreon|atk|1\n|move|p1a: Umbreon|Snarl|p2a: Overqwil\n|-resisted|p2a: Overqwil\n|-damage|p2a: Overqwil|92\/100\n|-unboost|p2a: Overqwil|spa|1\n|\n|-heal|p2a: Overqwil|98\/100|[from] item: Black Sludge\n|upkeep\n|turn|2\n|\n|t:|1698507324\n|move|p2a: Overqwil|Spikes|p1a: Umbreon\n|-sidestart|p1: QCicicleCrashers|Spikes\n|move|p1a: Umbreon|Thunder Wave|p2a: Overqwil\n|-status|p2a: Overqwil|par\n|\n|-heal|p2a: Overqwil|100\/100 par|[from] item: Black Sludge\n|upkeep\n|turn|3\n|\n|t:|1698507336\n|move|p1a: Umbreon|Wish|p1a: Umbreon\n|move|p2a: Overqwil|Spikes|p1a: Umbreon\n|-sidestart|p1: QCicicleCrashers|Spikes\n|\n|upkeep\n|turn|4\n|\n|t:|1698507344\n|switch|p1a: Ursaluna|Ursaluna, M|100\/100\n|-damage|p1a: Ursaluna|84\/100|[from] Spikes\n|move|p2a: Overqwil|Barb Barrage|p1a: Ursaluna\n|-resisted|p1a: Ursaluna\n|-damage|p1a: Ursaluna|76\/100\n|\n|-heal|p1a: Ursaluna|100\/100|[from] move: Wish|[wisher] Umbreon\n|-status|p1a: Ursaluna|brn|[from] item: Flame Orb\n|upkeep\n|turn|5\n|\n|t:|1698507363\n|move|p1a: Ursaluna|Headlong Rush|p2a: Overqwil\n|-supereffective|p2a: Overqwil\n|-damage|p2a: Overqwil|0 fnt\n|-unboost|p1a: Ursaluna|def|1\n|-unboost|p1a: Ursaluna|spd|1\n|faint|p2a: Overqwil\n|\n|-damage|p1a: Ursaluna|94\/100 brn|[from] brn\n|upkeep\n|\n|t:|1698507387\n|switch|p2a: Arcanine|Arcanine-Hisui, F|100\/100\n|turn|6\n|\n|t:|1698507400\n|switch|p1a: Toxapex|Toxapex, F|100\/100\n|-damage|p1a: Toxapex|84\/100|[from] Spikes\n|move|p2a: Arcanine|Flare Blitz|p1a: Toxapex\n|-resisted|p1a: Toxapex\n|-damage|p1a: Toxapex|59\/100\n|\n|-heal|p1a: Toxapex|66\/100|[from] item: Black Sludge\n|upkeep\n|turn|7\n|\n|t:|1698507415\n|switch|p2a: Espeon|Espeon, M|100\/100\n|move|p1a: Toxapex|Recover|p1a: Toxapex\n|-heal|p1a: Toxapex|100\/100\n|\n|upkeep\n|turn|8\n|\n|t:|1698507421\n|switch|p1a: Ursaluna|Ursaluna, M|94\/100 brn\n|-damage|p1a: Ursaluna|78\/100 brn|[from] Spikes\n|move|p2a: Espeon|Dazzling Gleam|p1a: Ursaluna\n|-damage|p1a: Ursaluna|52\/100 brn\n|\n|-damage|p1a: Ursaluna|46\/100 brn|[from] brn\n|upkeep\n|turn|9\n|\n|t:|1698507452\n|switch|p2a: Heatran|Heatran, F|100\/100\n|move|p1a: Ursaluna|Facade|p2a: Heatran\n|-resisted|p2a: Heatran\n|-damage|p2a: Heatran|48\/100\n|\n|-heal|p2a: Heatran|54\/100|[from] item: Leftovers\n|-damage|p1a: Ursaluna|40\/100 brn|[from] brn\n|upkeep\n|turn|10\n|\n|t:|1698507462\n|switch|p1a: Umbreon|Umbreon, M, shiny|85\/100\n|-damage|p1a: Umbreon|69\/100|[from] Spikes\n|move|p2a: Heatran|Magma Storm|p1a: Umbreon|[miss]\n|-miss|p2a: Heatran|p1a: Umbreon\n|\n|-heal|p2a: Heatran|61\/100|[from] item: Leftovers\n|upkeep\n|turn|11\n|\n|t:|1698507472\n|move|p2a: Heatran|Taunt|p1a: Umbreon\n|-start|p1a: Umbreon|move: Taunt\n|move|p1a: Umbreon|Snarl|p2a: Heatran\n|-damage|p2a: Heatran|50\/100\n|-unboost|p2a: Heatran|spa|1\n|\n|-heal|p2a: Heatran|56\/100|[from] item: Leftovers\n|upkeep\n|turn|12\n|\n|t:|1698507489\n|switch|p2a: Arcanine|Arcanine-Hisui, F|100\/100\n|switch|p1a: Toxapex|Toxapex, F|100\/100\n|-damage|p1a: Toxapex|84\/100|[from] Spikes\n|\n|-heal|p1a: Toxapex|90\/100|[from] item: Black Sludge\n|upkeep\n|turn|13\n|\n|t:|1698507498\n|-terastallize|p2a: Arcanine|Rock\n|move|p2a: Arcanine|Head Smash|p1a: Toxapex|[miss]\n|-miss|p2a: Arcanine|p1a: Toxapex\n|move|p1a: Toxapex|Chilling Water|p2a: Arcanine\n|-supereffective|p2a: Arcanine\n|-damage|p2a: Arcanine|75\/100\n|-unboost|p2a: Arcanine|atk|1\n|\n|-heal|p1a: Toxapex|97\/100|[from] item: Black Sludge\n|upkeep\n|turn|14\n|\n|t:|1698507512\n|switch|p2a: Electrode|Electrode-Hisui|100\/100\n|switch|p1a: Umbreon|Umbreon, M, shiny|69\/100\n|-damage|p1a: Umbreon|52\/100|[from] Spikes\n|\n|upkeep\n|turn|15\n|\n|t:|1698507526\n|switch|p2a: Arcanine|Arcanine-Hisui, F, tera:Rock|75\/100\n|move|p1a: Umbreon|Wish|p1a: Umbreon\n|\n|upkeep\n|turn|16\n|\n|t:|1698507534\n|move|p1a: Umbreon|Protect|p1a: Umbreon\n|-singleturn|p1a: Umbreon|Protect\n|move|p2a: Arcanine|Head Smash|p1a: Umbreon\n|-activate|p1a: Umbreon|move: Protect\n|\n|-heal|p1a: Umbreon|100\/100|[from] move: Wish|[wisher] Umbreon\n|upkeep\n|turn|17\n|\n|t:|1698507543\n|move|p2a: Arcanine|Head Smash|p1a: Umbreon\n|-damage|p1a: Umbreon|0 fnt\n|-damage|p2a: Arcanine|58\/100|[from] item: Rocky Helmet|[of] p1a: Umbreon\n|faint|p1a: Umbreon\n|\n|upkeep\n|\n|t:|1698507549\n|switch|p1a: Chien-Pao|Chien-Pao|100\/100\n|-damage|p1a: Chien-Pao|84\/100|[from] Spikes\n|-ability|p1a: Chien-Pao|Sword of Ruin\n|turn|18\n|\n|t:|1698507567\n|switch|p2a: Braviary|Braviary-Hisui, M|100\/100\n|move|p1a: Chien-Pao|Sacred Sword|p2a: Braviary\n|-resisted|p2a: Braviary\n|-damage|p2a: Braviary|88\/100\n|-damage|p1a: Chien-Pao|74\/100|[from] item: Life Orb\n|\n|upkeep\n|turn|19\n|\n|t:|1698507591\n|switch|p1a: Cresselia|Cresselia, F|100\/100\n|switch|p2a: Espeon|Espeon, M|100\/100\n|\n|upkeep\n|turn|20\n|\n|t:|1698507615\n|switch|p1a: Toxapex|Toxapex, F|100\/100\n|-damage|p1a: Toxapex|84\/100|[from] Spikes\n|move|p2a: Espeon|Shadow Ball|p1a: Toxapex\n|-damage|p1a: Toxapex|61\/100\n|-unboost|p1a: Toxapex|spd|1\n|\n|-heal|p1a: Toxapex|67\/100|[from] item: Black Sludge\n|upkeep\n|turn|21\n|\n|t:|1698507628\n|switch|p2a: Heatran|Heatran, F|56\/100\n|move|p1a: Toxapex|Chilling Water|p2a: Heatran\n|-supereffective|p2a: Heatran\n|-damage|p2a: Heatran|37\/100\n|-unboost|p2a: Heatran|atk|1\n|\n|-heal|p2a: Heatran|43\/100|[from] item: Leftovers\n|-heal|p1a: Toxapex|74\/100|[from] item: Black Sludge\n|upkeep\n|turn|22\n|\n|t:|1698507638\n|move|p2a: Heatran|Magma Storm|p1a: Toxapex\n|-resisted|p1a: Toxapex\n|-damage|p1a: Toxapex|46\/100\n|-activate|p1a: Toxapex|move: Magma Storm|[of] p2a: Heatran\n|move|p1a: Toxapex|Chilling Water|p2a: Heatran\n|-supereffective|p2a: Heatran\n|-damage|p2a: Heatran|24\/100\n|-unboost|p2a: Heatran|atk|1\n|\n|-heal|p2a: Heatran|31\/100|[from] item: Leftovers\n|-heal|p1a: Toxapex|52\/100|[from] item: Black Sludge\n|-damage|p1a: Toxapex|39\/100|[from] move: Magma Storm|[partiallytrapped]\n|upkeep\n|turn|23\n|\n|t:|1698507650\n|move|p2a: Heatran|Earth Power|p1a: Toxapex\n|-supereffective|p1a: Toxapex\n|-damage|p1a: Toxapex|0 fnt\n|faint|p1a: Toxapex\n|\n|-heal|p2a: Heatran|37\/100|[from] item: Leftovers\n|upkeep\n|\n|t:|1698507653\n|switch|p1a: Cresselia|Cresselia, F|100\/100\n|turn|24\n|\n|t:|1698507693\n|-terastallize|p1a: Cresselia|Electric\n|move|p2a: Heatran|Magma Storm|p1a: Cresselia\n|-damage|p1a: Cresselia|73\/100\n|-activate|p1a: Cresselia|move: Magma Storm|[of] p2a: Heatran\n|move|p1a: Cresselia|Tera Blast|p2a: Heatran|[anim] Tera Blast Electric\n|-damage|p2a: Heatran|13\/100\n|\n|-heal|p2a: Heatran|19\/100|[from] item: Leftovers\n|-heal|p1a: Cresselia|79\/100|[from] item: Leftovers\n|-damage|p1a: Cresselia|67\/100|[from] move: Magma Storm|[partiallytrapped]\n|upkeep\n|turn|25\n|\n|t:|1698507706\n|move|p2a: Heatran|Magma Storm|p1a: Cresselia\n|-damage|p1a: Cresselia|40\/100\n|move|p1a: Cresselia|Moonlight|p1a: Cresselia\n|-heal|p1a: Cresselia|90\/100\n|\n|-heal|p2a: Heatran|26\/100|[from] item: Leftovers\n|-heal|p1a: Cresselia|96\/100|[from] item: Leftovers\n|-damage|p1a: Cresselia|83\/100|[from] move: Magma Storm|[partiallytrapped]\n|upkeep\n|turn|26\n|\n|t:|1698507718\n|move|p2a: Heatran|Magma Storm|p1a: Cresselia\n|-damage|p1a: Cresselia|59\/100\n|move|p1a: Cresselia|Thunder Wave|p2a: Heatran|[miss]\n|-miss|p1a: Cresselia|p2a: Heatran\n|\n|-heal|p2a: Heatran|32\/100|[from] item: Leftovers\n|-heal|p1a: Cresselia|65\/100|[from] item: Leftovers\n|-damage|p1a: Cresselia|53\/100|[from] move: Magma Storm|[partiallytrapped]\n|upkeep\n|turn|27\n|\n|t:|1698507729\n|move|p2a: Heatran|Taunt|p1a: Cresselia\n|-start|p1a: Cresselia|move: Taunt\n|cant|p1a: Cresselia|move: Taunt|Moonlight\n|\n|-heal|p2a: Heatran|38\/100|[from] item: Leftovers\n|-heal|p1a: Cresselia|59\/100|[from] item: Leftovers\n|-damage|p1a: Cresselia|46\/100|[from] move: Magma Storm|[partiallytrapped]\n|upkeep\n|turn|28\n|\n|t:|1698507738\n|move|p2a: Heatran|Magma Storm|p1a: Cresselia\n|-damage|p1a: Cresselia|22\/100\n|move|p1a: Cresselia|Tera Blast|p2a: Heatran|[anim] Tera Blast Electric\n|-damage|p2a: Heatran|17\/100\n|\n|-heal|p2a: Heatran|23\/100|[from] item: Leftovers\n|-heal|p1a: Cresselia|28\/100|[from] item: Leftovers\n|-end|p1a: Cresselia|Magma Storm|[partiallytrapped]\n|upkeep\n|turn|29\n|\n|t:|1698507750\n|move|p2a: Heatran|Magma Storm|p1a: Cresselia\n|-damage|p1a: Cresselia|5\/100\n|-activate|p1a: Cresselia|move: Magma Storm|[of] p2a: Heatran\n|move|p1a: Cresselia|Tera Blast|p2a: Heatran|[anim] Tera Blast Electric\n|-damage|p2a: Heatran|3\/100\n|\n|-heal|p2a: Heatran|9\/100|[from] item: Leftovers\n|-heal|p1a: Cresselia|11\/100|[from] item: Leftovers\n|-damage|p1a: Cresselia|0 fnt|[from] move: Magma Storm|[partiallytrapped]\n|faint|p1a: Cresselia\n|upkeep\n|\n|t:|1698507762\n|switch|p1a: Typhlosion|Typhlosion-Hisui, M|100\/100\n|-damage|p1a: Typhlosion|84\/100|[from] Spikes\n|-item|p2a: Heatran|Leftovers|[from] ability: Frisk|[of] p1a: Typhlosion|[identify]\n|turn|30\n|\n|t:|1698507775\n|move|p1a: Typhlosion|Shadow Ball|p2a: Heatran\n|-damage|p2a: Heatran|0 fnt\n|faint|p2a: Heatran\n|\n|upkeep\n|\n|t:|1698507783\n|switch|p2a: Espeon|Espeon, M|100\/100\n|turn|31\n|\n|t:|1698507788\n|move|p2a: Espeon|Shadow Ball|p1a: Typhlosion\n|-supereffective|p1a: Typhlosion\n|-damage|p1a: Typhlosion|14\/100\n|move|p1a: Typhlosion|Shadow Ball|p2a: Espeon\n|-supereffective|p2a: Espeon\n|-damage|p2a: Espeon|5\/100\n|\n|upkeep\n|turn|32\n|\n|t:|1698507801\n|switch|p2a: Braviary|Braviary-Hisui, M|88\/100\n|move|p1a: Typhlosion|Shadow Ball|p2a: Braviary\n|-supereffective|p2a: Braviary\n|-damage|p2a: Braviary|34\/100\n|\n|upkeep\n|turn|33\n|\n|t:|1698507813\n|move|p1a: Typhlosion|Shadow Ball|p2a: Braviary\n|-supereffective|p2a: Braviary\n|-damage|p2a: Braviary|0 fnt\n|faint|p2a: Braviary\n|\n|upkeep\n|\n|t:|1698507819\n|switch|p2a: Espeon|Espeon, M|5\/100\n|turn|34\n|\n|t:|1698507835\n|move|p2a: Espeon|Psyshock|p1a: Typhlosion\n|-damage|p1a: Typhlosion|0 fnt\n|faint|p1a: Typhlosion\n|\n|upkeep\n|\n|t:|1698507838\n|switch|p1a: Chien-Pao|Chien-Pao|74\/100\n|-damage|p1a: Chien-Pao|57\/100|[from] Spikes\n|-ability|p1a: Chien-Pao|Sword of Ruin\n|turn|35\n|\n|t:|1698507856\n|move|p1a: Chien-Pao|Ice Shard|p2a: Espeon\n|-damage|p2a: Espeon|0 fnt\n|faint|p2a: Espeon\n|-damage|p1a: Chien-Pao|47\/100|[from] item: Life Orb\n|\n|upkeep\n|\n|t:|1698507862\n|switch|p2a: Arcanine|Arcanine-Hisui, F, tera:Rock|58\/100\n|turn|36\n|\n|t:|1698507865\n|move|p2a: Arcanine|Extreme Speed|p1a: Chien-Pao\n|-damage|p1a: Chien-Pao|0 fnt\n|faint|p1a: Chien-Pao\n|\n|upkeep\n|\n|t:|1698507868\n|switch|p1a: Ursaluna|Ursaluna, M|40\/100 brn\n|-damage|p1a: Ursaluna|23\/100 brn|[from] Spikes\n|turn|37\n|\n|t:|1698507873\n|move|p2a: Arcanine|Extreme Speed|p1a: Ursaluna\n|-damage|p1a: Ursaluna|0 fnt\n|faint|p1a: Ursaluna\n|\n|win|HemmingfordEQs\n|l|\u2606QCicicleCrashers\n","uploadtime":1698507897,"views":13,"p1id":"qciciclecrashers","p2id":"hemmingfordeqs","formatid":"gen9anythinggoes","rating":0,"private":0,"password":""}