{"id":"gen9anythinggoes-1998282123","p1":"MiseryRaven","p2":"IlluChaos","format":"[Gen 9] Anything Goes","log":"|j|\u2606MiseryRaven\n|j|\u2606IlluChaos\n|t:|1700924283\n|gametype|singles\n|player|p1|MiseryRaven|n|\n|player|p2|IlluChaos|cynthia-gen4|\n|teamsize|p1|6\n|teamsize|p2|6\n|gen|9\n|tier|[Gen 9] Anything Goes\n|rule|HP Percentage Mod: HP is shown in percentages\n|rule|Endless Battle Clause: Forcing endless battles is banned\n|clearpoke\n|poke|p1|Calyrex-Ice|\n|poke|p1|Iron Treads|\n|poke|p1|Slither Wing|\n|poke|p1|Giratina-Origin|\n|poke|p1|Iron Jugulis|\n|poke|p1|Arceus-Steel|\n|poke|p2|Zacian-*|\n|poke|p2|Torterra, M|\n|poke|p2|Dondozo, M|\n|poke|p2|Rayquaza|\n|poke|p2|Mandibuzz, F|\n|poke|p2|Mamoswine, M|\n|teampreview\n|c|\u2606IlluChaos|gl hf\n|c|\u2606MiseryRaven|hf\n|\n|t:|1700924327\n|start\n|switch|p1a: Anemoi|Iron Jugulis|100\/100\n|switch|p2a: Zacian|Zacian|100\/100\n|-ability|p2a: Zacian|Intrepid Sword|boost\n|-boost|p2a: Zacian|atk|1\n|turn|1\n|\n|t:|1700924363\n|-end|p1a: Anemoi|Quark Drive|[silent]\n|switch|p1a: Plutos|Iron Treads|100\/100\n|move|p2a: Zacian|Play Rough|p1a: Plutos\n|-resisted|p1a: Plutos\n|-damage|p1a: Plutos|49\/100\n|\n|upkeep\n|turn|2\n|\n|t:|1700924386\n|move|p2a: Zacian|Play Rough|p1a: Plutos|[miss]\n|-miss|p2a: Zacian|p1a: Plutos\n|move|p1a: Plutos|Volt Switch|p2a: Zacian\n|-damage|p2a: Zacian|90\/100\n|\n|t:|1700924392\n|-end|p1a: Plutos|Quark Drive|[silent]\n|switch|p1a: Zeus|Arceus-Steel|100\/100|[from] Volt Switch\n|\n|upkeep\n|turn|3\n|\n|t:|1700924411\n|switch|p2a: Torterra|Torterra, M, shiny|100\/100\n|move|p1a: Zeus|Judgment|p2a: Torterra\n|-damage|p2a: Torterra|36\/100\n|\n|upkeep\n|turn|4\n|\n|t:|1700924427\n|switch|p2a: Dondozo|Dondozo, M, shiny|100\/100\n|move|p1a: Zeus|Judgment|p2a: Dondozo\n|-resisted|p2a: Dondozo\n|-damage|p2a: Dondozo|82\/100\n|\n|-heal|p2a: Dondozo|88\/100|[from] item: Leftovers\n|upkeep\n|turn|5\n|\n|t:|1700924445\n|switch|p1a: Persephone|Giratina-Origin, shiny|100\/100\n|move|p2a: Dondozo|Curse|p2a: Dondozo\n|-unboost|p2a: Dondozo|spe|1\n|-boost|p2a: Dondozo|atk|1\n|-boost|p2a: Dondozo|def|1\n|\n|-heal|p2a: Dondozo|94\/100|[from] item: Leftovers\n|upkeep\n|turn|6\n|\n|t:|1700924452\n|move|p1a: Persephone|Will-O-Wisp|p2a: Dondozo|[miss]\n|-miss|p1a: Persephone|p2a: Dondozo\n|move|p2a: Dondozo|Curse|p2a: Dondozo\n|-unboost|p2a: Dondozo|spe|1\n|-boost|p2a: Dondozo|atk|1\n|-boost|p2a: Dondozo|def|1\n|\n|-heal|p2a: Dondozo|100\/100|[from] item: Leftovers\n|upkeep\n|turn|7\n|\n|t:|1700924456\n|move|p1a: Persephone|Will-O-Wisp|p2a: Dondozo\n|-status|p2a: Dondozo|brn\n|move|p2a: Dondozo|Curse|p2a: Dondozo\n|-unboost|p2a: Dondozo|spe|1\n|-boost|p2a: Dondozo|atk|1\n|-boost|p2a: Dondozo|def|1\n|\n|-damage|p2a: Dondozo|94\/100 brn|[from] brn\n|upkeep\n|turn|8\n|\n|t:|1700924461\n|move|p1a: Persephone|Energy Ball|p2a: Dondozo\n|-supereffective|p2a: Dondozo\n|-damage|p2a: Dondozo|50\/100 brn\n|move|p2a: Dondozo|Curse|p2a: Dondozo\n|-unboost|p2a: Dondozo|spe|1\n|-boost|p2a: Dondozo|atk|1\n|-boost|p2a: Dondozo|def|1\n|\n|-heal|p2a: Dondozo|56\/100 brn|[from] item: Leftovers\n|-damage|p2a: Dondozo|50\/100 brn|[from] brn\n|upkeep\n|turn|9\n|\n|t:|1700924543\n|move|p1a: Persephone|Hex|p2a: Dondozo\n|-damage|p2a: Dondozo|0 fnt\n|faint|p2a: Dondozo\n|\n|upkeep\n|\n|t:|1700924574\n|switch|p2a: Mamoswine|Mamoswine, M|100\/100\n|turn|10\n|\n|t:|1700924581\n|move|p2a: Mamoswine|Icicle Crash|p1a: Persephone\n|-supereffective|p1a: Persephone\n|-damage|p1a: Persephone|1\/100\n|move|p1a: Persephone|Will-O-Wisp|p2a: Mamoswine\n|-status|p2a: Mamoswine|brn\n|\n|-damage|p2a: Mamoswine|94\/100 brn|[from] brn\n|upkeep\n|turn|11\n|\n|t:|1700924604\n|move|p2a: Mamoswine|Icicle Crash|p1a: Persephone\n|-supereffective|p1a: Persephone\n|-damage|p1a: Persephone|0 fnt\n|faint|p1a: Persephone\n|\n|-damage|p2a: Mamoswine|88\/100 brn|[from] brn\n|upkeep\n|c|\u2606IlluChaos|das ist unlucky\n|\n|t:|1700924697\n|switch|p1a: Zeus|Arceus-Steel|100\/100\n|turn|12\n|\n|t:|1700924707\n|move|p1a: Zeus|Judgment|p2a: Mamoswine\n|-supereffective|p2a: Mamoswine\n|-damage|p2a: Mamoswine|0 fnt\n|faint|p2a: Mamoswine\n|\n|upkeep\n|\n|t:|1700924711\n|switch|p2a: Zacian|Zacian|90\/100\n|turn|13\n|\n|t:|1700924728\n|switch|p1a: Plutos|Iron Treads|49\/100\n|move|p2a: Zacian|Close Combat|p1a: Plutos\n|-supereffective|p1a: Plutos\n|-damage|p1a: Plutos|0 fnt\n|-unboost|p2a: Zacian|def|1\n|-unboost|p2a: Zacian|spd|1\n|faint|p1a: Plutos\n|-end|p1a: Plutos|Quark Drive|[silent]\n|\n|upkeep\n|\n|t:|1700924800\n|switch|p1a: Ares|Slither Wing, shiny|100\/100\n|turn|14\n|\n|t:|1700924822\n|switch|p2a: Mandibuzz|Mandibuzz, F|100\/100\n|move|p1a: Ares|Close Combat|p2a: Mandibuzz\n|-damage|p2a: Mandibuzz|60\/100\n|-unboost|p1a: Ares|def|1\n|-unboost|p1a: Ares|spd|1\n|-damage|p1a: Ares|84\/100|[from] item: Rocky Helmet|[of] p2a: Mandibuzz\n|\n|upkeep\n|turn|15\n|\n|t:|1700924869\n|-end|p1a: Ares|Protosynthesis|[silent]\n|switch|p1a: Anemoi|Iron Jugulis|100\/100\n|move|p2a: Mandibuzz|Foul Play|p1a: Anemoi\n|-resisted|p1a: Anemoi\n|-damage|p1a: Anemoi|86\/100\n|\n|upkeep\n|turn|16\n|\n|t:|1700924888\n|switch|p2a: Torterra|Torterra, M, shiny|36\/100\n|move|p1a: Anemoi|Flamethrower|p2a: Torterra\n|-supereffective|p2a: Torterra\n|-damage|p2a: Torterra|0 fnt\n|faint|p2a: Torterra\n|\n|upkeep\n|\n|t:|1700924946\n|switch|p2a: Rayquaza|Rayquaza, shiny|100\/100\n|-ability|p2a: Rayquaza|Air Lock\n|turn|17\n|\n|t:|1700924963\n|move|p1a: Anemoi|Flamethrower|p2a: Rayquaza\n|-resisted|p2a: Rayquaza\n|-damage|p2a: Rayquaza|85\/100\n|-status|p2a: Rayquaza|brn\n|move|p2a: Rayquaza|Dragon Dance|p2a: Rayquaza\n|-boost|p2a: Rayquaza|atk|1\n|-boost|p2a: Rayquaza|spe|1\n|\n|-damage|p2a: Rayquaza|79\/100 brn|[from] brn\n|upkeep\n|turn|18\n|c|\u2606MiseryRaven|sehr lucky\n|c|\u2606IlluChaos|Ich hatte vorhin schon genug hax, was soll das\u00df\n|c|\u2606IlluChaos|?\n|c|\u2606IlluChaos|ABer ja, lucky f\u00fcr dich\n|\n|t:|1700925005\n|-end|p1a: Anemoi|Quark Drive|[silent]\n|switch|p1a: Zeus|Arceus-Steel|100\/100\n|move|p2a: Rayquaza|Dragon Dance|p2a: Rayquaza\n|-boost|p2a: Rayquaza|atk|1\n|-boost|p2a: Rayquaza|spe|1\n|\n|-damage|p2a: Rayquaza|73\/100 brn|[from] brn\n|upkeep\n|turn|19\n|\n|t:|1700925023\n|move|p2a: Rayquaza|Earthquake|p1a: Zeus\n|-supereffective|p1a: Zeus\n|-damage|p1a: Zeus|17\/100\n|-damage|p2a: Rayquaza|63\/100 brn|[from] item: Life Orb\n|move|p1a: Zeus|Ice Beam|p2a: Rayquaza\n|-supereffective|p2a: Rayquaza\n|-damage|p2a: Rayquaza|0 fnt\n|faint|p2a: Rayquaza\n|\n|upkeep\n|\n|t:|1700925099\n|switch|p2a: Zacian|Zacian|90\/100\n|turn|20\n|\n|t:|1700925112\n|switch|p1a: Ares|Slither Wing, shiny|84\/100\n|move|p2a: Zacian|Play Rough|p1a: Ares\n|-supereffective|p1a: Ares\n|-damage|p1a: Ares|0 fnt\n|faint|p1a: Ares\n|-end|p1a: Ares|Protosynthesis|[silent]\n|\n|upkeep\n|\n|t:|1700925127\n|switch|p1a: Anemoi|Iron Jugulis|86\/100\n|turn|21\n|\n|t:|1700925163\n|move|p1a: Anemoi|Flamethrower|p2a: Zacian\n|-crit|p2a: Zacian\n|-damage|p2a: Zacian|49\/100\n|move|p2a: Zacian|Play Rough|p1a: Anemoi\n|-supereffective|p1a: Anemoi\n|-damage|p1a: Anemoi|0 fnt\n|faint|p1a: Anemoi\n|-end|p1a: Anemoi|Quark Drive|[silent]\n|\n|upkeep\n|\n|t:|1700925177\n|switch|p1a: Hermes|Calyrex-Ice|100\/100\n|-ability|p1a: Hermes|As One\n|-ability|p1a: Hermes|Unnerve\n|turn|22\n|\n|t:|1700925205\n|switch|p2a: Mandibuzz|Mandibuzz, F|60\/100\n|move|p1a: Hermes|Trick Room|p1a: Hermes\n|-fieldstart|move: Trick Room|[of] p1a: Hermes\n|\n|upkeep\n|turn|23\n|\n|t:|1700925217\n|move|p1a: Hermes|Glacial Lance|p2a: Mandibuzz\n|-supereffective|p2a: Mandibuzz\n|-damage|p2a: Mandibuzz|0 fnt\n|faint|p2a: Mandibuzz\n|-ability|p1a: Hermes|Chilling Neigh|boost\n|-boost|p1a: Hermes|atk|1\n|\n|upkeep\n|c|\u2606IlluChaos|gg\n|\n|t:|1700925223\n|switch|p2a: Zacian|Zacian|49\/100\n|turn|24\n|\n|t:|1700925227\n|move|p1a: Hermes|Glacial Lance|p2a: Zacian\n|-damage|p2a: Zacian|0 fnt\n|faint|p2a: Zacian\n|\n|win|MiseryRaven\n|c|\u2606MiseryRaven|gg\n","uploadtime":1700925234,"views":10,"p1id":"miseryraven","p2id":"illuchaos","formatid":"gen9anythinggoes","rating":0,"private":0,"password":""}