{"id":"gen9anythinggoes-1995026501","p1":"umbreonluna","p2":"Kiworco","format":"[Gen 9] Anything Goes","log":"|j|\u2606umbreonluna\n|j|\u2606Kiworco\n|t:|1700514722\n|gametype|singles\n|player|p1|umbreonluna|iris-gen5bw2|\n|player|p2|Kiworco|265|\n|teamsize|p1|6\n|teamsize|p2|6\n|gen|9\n|tier|[Gen 9] Anything Goes\n|rule|HP Percentage Mod: HP is shown in percentages\n|rule|Endless Battle Clause: Forcing endless battles is banned\n|clearpoke\n|poke|p1|Glimmora, M|\n|poke|p1|Cyclizar, M|\n|poke|p1|Chi-Yu|\n|poke|p1|Annihilape, F|\n|poke|p1|Mamoswine, F|\n|poke|p1|Ogerpon-Wellspring, F|\n|poke|p2|Iron Moth|\n|poke|p2|Ribombee, F|\n|poke|p2|Iron Leaves|\n|poke|p2|Pincurchin, F|\n|poke|p2|Mimikyu, M|\n|poke|p2|Ursaluna-Bloodmoon, M|\n|teampreview\n|c|\u2606umbreonluna|buena suertee\n|c|\u2606Kiworco|igualmente :)\n|\n|t:|1700514781\n|start\n|switch|p1a: Keria|Glimmora, M|100\/100\n|switch|p2a: Ribombee|Ribombee, F|100\/100\n|turn|1\n|\n|t:|1700514805\n|switch|p2a: Ursaluna|Ursaluna-Bloodmoon, M|100\/100\n|move|p1a: Keria|Mortal Spin|p2a: Ursaluna\n|-resisted|p2a: Ursaluna\n|-damage|p2a: Ursaluna|99\/100\n|-status|p2a: Ursaluna|psn\n|\n|-heal|p2a: Ursaluna|100\/100 psn|[from] item: Leftovers\n|-damage|p2a: Ursaluna|88\/100 psn|[from] psn\n|upkeep\n|turn|2\n|\n|t:|1700514828\n|switch|p1a: Oner|Ogerpon-Wellspring, F|100\/100\n|move|p2a: Ursaluna|Calm Mind|p2a: Ursaluna\n|-boost|p2a: Ursaluna|spa|1\n|-boost|p2a: Ursaluna|spd|1\n|\n|-heal|p2a: Ursaluna|94\/100 psn|[from] item: Leftovers\n|-damage|p2a: Ursaluna|82\/100 psn|[from] psn\n|upkeep\n|turn|3\n|\n|t:|1700514850\n|move|p1a: Oner|Ivy Cudgel|p2a: Ursaluna|[anim] Ivy Cudgel Water\n|-supereffective|p2a: Ursaluna\n|-damage|p2a: Ursaluna|1\/100 psn\n|move|p2a: Ursaluna|Blood Moon|p1a: Oner\n|-damage|p1a: Oner|0 fnt\n|faint|p1a: Oner\n|\n|-heal|p2a: Ursaluna|8\/100 psn|[from] item: Leftovers\n|-damage|p2a: Ursaluna|0 fnt|[from] psn\n|faint|p2a: Ursaluna\n|upkeep\n|\n|t:|1700514876\n|switch|p1a: Keria|Glimmora, M|100\/100\n|switch|p2a: Pincurchin|Pincurchin, F|100\/100\n|-fieldstart|move: Electric Terrain|[from] ability: Electric Surge|[of] p2a: Pincurchin\n|turn|4\n|\n|t:|1700514885\n|move|p1a: Keria|Stealth Rock|p2a: Pincurchin\n|-sidestart|p2: Kiworco|move: Stealth Rock\n|move|p2a: Pincurchin|Thunder Wave|p1a: Keria\n|-status|p1a: Keria|par\n|\n|upkeep\n|turn|5\n|\n|t:|1700514910\n|move|p1a: Keria|Earth Power|p2a: Pincurchin\n|-supereffective|p2a: Pincurchin\n|-damage|p2a: Pincurchin|5\/100\n|move|p2a: Pincurchin|Discharge|p1a: Keria\n|-crit|p1a: Keria\n|-damage|p1a: Keria|40\/100 par\n|\n|-heal|p1a: Keria|46\/100 par|[from] item: Black Sludge\n|upkeep\n|turn|6\n|\n|t:|1700514923\n|cant|p1a: Keria|par\n|move|p2a: Pincurchin|Memento|p1a: Keria\n|-unboost|p1a: Keria|atk|2\n|-unboost|p1a: Keria|spa|2\n|faint|p2a: Pincurchin\n|\n|-heal|p1a: Keria|53\/100 par|[from] item: Black Sludge\n|upkeep\n|\n|t:|1700514949\n|switch|p2a: Iron Leaves|Iron Leaves|100\/100\n|-damage|p2a: Iron Leaves|88\/100|[from] Stealth Rock\n|-activate|p2a: Iron Leaves|ability: Quark Drive\n|-start|p2a: Iron Leaves|quarkdrivespe\n|turn|7\n|\n|t:|1700515004\n|switch|p1a: Faker|Chi-Yu|100\/100\n|-ability|p1a: Faker|Beads of Ruin\n|move|p2a: Iron Leaves|Leaf Blade|p1a: Faker\n|-resisted|p1a: Faker\n|-damage|p1a: Faker|54\/100\n|-damage|p2a: Iron Leaves|78\/100|[from] item: Life Orb\n|\n|upkeep\n|turn|8\n|j| draquest\n|\n|t:|1700515019\n|move|p2a: Iron Leaves|Sacred Sword|p1a: Faker\n|-supereffective|p1a: Faker\n|-damage|p1a: Faker|0 fnt\n|faint|p1a: Faker\n|-damage|p2a: Iron Leaves|68\/100|[from] item: Life Orb\n|\n|upkeep\n|\n|t:|1700515032\n|switch|p1a: Gumayusi|Cyclizar, M|100\/100\n|turn|9\n|\n|t:|1700515063\n|-terastallize|p1a: Gumayusi|Water\n|move|p2a: Iron Leaves|Psyblade|p1a: Gumayusi\n|-damage|p1a: Gumayusi|0 fnt\n|faint|p1a: Gumayusi\n|-damage|p2a: Iron Leaves|58\/100|[from] item: Life Orb\n|\n|upkeep\n|\n|t:|1700515085\n|switch|p1a: Zeus|Mamoswine, F|100\/100\n|turn|10\n|\n|t:|1700515102\n|move|p1a: Zeus|Ice Shard|p2a: Iron Leaves\n|-supereffective|p2a: Iron Leaves\n|-damage|p2a: Iron Leaves|11\/100\n|move|p2a: Iron Leaves|Leaf Blade|p1a: Zeus\n|-supereffective|p1a: Zeus\n|-damage|p1a: Zeus|0 fnt\n|faint|p1a: Zeus\n|-damage|p2a: Iron Leaves|1\/100|[from] item: Life Orb\n|\n|upkeep\n|\n|t:|1700515113\n|switch|p1a: Ruler|Annihilape, F|100\/100\n|turn|11\n|\n|t:|1700515120\n|move|p2a: Iron Leaves|Psyblade|p1a: Ruler\n|-supereffective|p1a: Ruler\n|-damage|p1a: Ruler|0 fnt\n|faint|p1a: Ruler\n|-damage|p2a: Iron Leaves|0 fnt|[from] item: Life Orb\n|faint|p2a: Iron Leaves\n|-end|p2a: Iron Leaves|Quark Drive|[silent]\n|\n|-fieldend|move: Electric Terrain\n|upkeep\n|\n|t:|1700515133\n|switch|p2a: Mimikyu|Mimikyu, M|100\/100\n|switch|p1a: Keria|Glimmora, M|53\/100 par\n|-damage|p2a: Mimikyu|88\/100|[from] Stealth Rock\n|turn|12\n|\n|t:|1700515150\n|move|p2a: Mimikyu|Shadow Claw|p1a: Keria\n|-crit|p1a: Keria\n|-damage|p1a: Keria|0 fnt\n|-activate|p1a: Keria|ability: Toxic Debris\n|-sidestart|p2: Kiworco|move: Toxic Spikes\n|faint|p1a: Keria\n|-damage|p2a: Mimikyu|78\/100|[from] item: Life Orb\n|\n|win|Kiworco\n|c|\u2606umbreonluna|gg\n|c|\u2606Kiworco|ggs\n|l|\u2606umbreonluna\n|c|\u2606Kiworco|paso repe?\n|c|\u2606Kiworco|a\n","uploadtime":1700515177,"views":26,"p1id":"umbreonluna","p2id":"kiworco","formatid":"gen9anythinggoes","rating":0,"private":0,"password":""}