{"id":"gen9anythinggoes-1972521162","p1":"gvan707","p2":"devin59697","format":"[Gen 9] Anything Goes","log":"|j|\u2606gvan707\n|j|\u2606devin59697\n|t:|1697852396\n|gametype|singles\n|player|p1|gvan707|worker|1090\n|player|p2|devin59697|hilbert|1065\n|teamsize|p1|6\n|teamsize|p2|6\n|gen|9\n|tier|[Gen 9] Anything Goes\n|rated|\n|rule|HP Percentage Mod: HP is shown in percentages\n|rule|Endless Battle Clause: Forcing endless battles is banned\n|clearpoke\n|poke|p1|Snorlax, M|\n|poke|p1|Snorlax, M|\n|poke|p1|Snorlax, F|\n|poke|p1|Snorlax, F|\n|poke|p1|Snorlax, M|\n|poke|p1|Snorlax, F|\n|poke|p2|Chien-Pao|\n|poke|p2|Baxcalibur, M|\n|poke|p2|Ninetales-Alola, M|\n|poke|p2|Cloyster, M|\n|poke|p2|Mamoswine, M|\n|poke|p2|Articuno|\n|teampreview\n|inactive|Battle timer is ON: inactive players will automatically lose when time's up. (requested by gvan707)\n|\n|t:|1697852399\n|start\n|switch|p1a: Snorlax|Snorlax, M|100\/100\n|switch|p2a: Ninetales|Ninetales-Alola, M|100\/100\n|-weather|Snow|[from] ability: Snow Warning|[of] p2a: Ninetales\n|turn|1\n|\n|t:|1697852406\n|move|p2a: Ninetales|Aurora Veil|p2a: Ninetales\n|-sidestart|p2: devin59697|move: Aurora Veil\n|move|p1a: Snorlax|Fissure|p2a: Ninetales\n|-damage|p2a: Ninetales|0 fnt\n|faint|p2a: Ninetales\n|-ohko\n|\n|-weather|Snow|[upkeep]\n|upkeep\n|\n|t:|1697852415\n|switch|p2a: Chien-Pao|Chien-Pao|100\/100\n|-ability|p2a: Chien-Pao|Sword of Ruin\n|turn|2\n|\n|t:|1697852419\n|move|p2a: Chien-Pao|Sacred Sword|p1a: Snorlax\n|-supereffective|p1a: Snorlax\n|-damage|p1a: Snorlax|54\/100\n|move|p1a: Snorlax|Fissure|p2a: Chien-Pao|[miss]\n|-miss|p1a: Snorlax|p2a: Chien-Pao\n|\n|-weather|Snow|[upkeep]\n|-heal|p1a: Snorlax|60\/100|[from] item: Leftovers\n|upkeep\n|turn|3\n|\n|t:|1697852428\n|move|p2a: Chien-Pao|Sacred Sword|p1a: Snorlax\n|-supereffective|p1a: Snorlax\n|-damage|p1a: Snorlax|9\/100\n|move|p1a: Snorlax|Rest|p1a: Snorlax\n|-status|p1a: Snorlax|slp|[from] move: Rest\n|-heal|p1a: Snorlax|100\/100 slp|[silent]\n|\n|-weather|Snow|[upkeep]\n|upkeep\n|turn|4\n|\n|t:|1697852436\n|move|p2a: Chien-Pao|Sacred Sword|p1a: Snorlax\n|-supereffective|p1a: Snorlax\n|-damage|p1a: Snorlax|49\/100 slp\n|cant|p1a: Snorlax|slp\n|move|p1a: Snorlax|Sleep Talk|p1a: Snorlax\n|move|p1a: Snorlax|Rest||[from]move: Sleep Talk|[still]\n|-fail|p1a: Snorlax\n|\n|-weather|Snow|[upkeep]\n|-heal|p1a: Snorlax|55\/100 slp|[from] item: Leftovers\n|upkeep\n|turn|5\n|\n|t:|1697852446\n|move|p2a: Chien-Pao|Sacred Sword|p1a: Snorlax\n|-supereffective|p1a: Snorlax\n|-damage|p1a: Snorlax|7\/100 slp\n|cant|p1a: Snorlax|slp\n|move|p1a: Snorlax|Sleep Talk|p1a: Snorlax\n|move|p1a: Snorlax|Fissure|p2a: Chien-Pao|[from]move: Sleep Talk\n|-damage|p2a: Chien-Pao|0 fnt\n|faint|p2a: Chien-Pao\n|-ohko\n|\n|-weather|none\n|-heal|p1a: Snorlax|13\/100 slp|[from] item: Leftovers\n|upkeep\n|\n|t:|1697852449\n|switch|p2a: Baxcalibur|Baxcalibur, M|100\/100\n|turn|6\n|\n|t:|1697852460\n|-curestatus|p1a: Snorlax|slp|[msg]\n|move|p1a: Snorlax|Rest|p1a: Snorlax\n|-status|p1a: Snorlax|slp|[from] move: Rest\n|-heal|p1a: Snorlax|100\/100 slp|[silent]\n|move|p2a: Baxcalibur|Dragon Tail|p1a: Snorlax\n|-damage|p1a: Snorlax|83\/100 slp\n|drag|p1a: Snorlax|Snorlax, M|100\/100\n|\n|upkeep\n|turn|7\n|\n|t:|1697852472\n|move|p1a: Snorlax|Ice Punch|p2a: Baxcalibur\n|-damage|p2a: Baxcalibur|90\/100\n|move|p2a: Baxcalibur|Dragon Tail|p1a: Snorlax\n|-damage|p1a: Snorlax|76\/100\n|drag|p1a: Snorlax|Snorlax, M|83\/100 slp\n|\n|-heal|p1a: Snorlax|89\/100 slp|[from] item: Leftovers\n|upkeep\n|turn|8\n|\n|t:|1697852481\n|switch|p2a: Articuno|Articuno|100\/100\n|cant|p1a: Snorlax|slp\n|move|p1a: Snorlax|Sleep Talk|p1a: Snorlax\n|move|p1a: Snorlax|Fissure|p2a: Articuno|[from]move: Sleep Talk\n|-immune|p2a: Articuno\n|\n|-heal|p1a: Snorlax|95\/100 slp|[from] item: Leftovers\n|-sideend|p2: devin59697|move: Aurora Veil\n|upkeep\n|turn|9\n|\n|t:|1697852491\n|switch|p1a: Snorlax|Snorlax, F|100\/100\n|move|p2a: Articuno|Ancient Power|p1a: Snorlax\n|-damage|p1a: Snorlax|91\/100\n|-boost|p2a: Articuno|atk|1\n|-boost|p2a: Articuno|def|1\n|-boost|p2a: Articuno|spa|1\n|-boost|p2a: Articuno|spd|1\n|-boost|p2a: Articuno|spe|1\n|\n|-heal|p1a: Snorlax|97\/100|[from] item: Leftovers\n|upkeep\n|turn|10\n|\n|t:|1697852501\n|move|p2a: Articuno|Air Slash|p1a: Snorlax\n|-damage|p1a: Snorlax|69\/100\n|move|p1a: Snorlax|Thunder Punch|p2a: Articuno\n|-supereffective|p2a: Articuno\n|-damage|p2a: Articuno|67\/100\n|\n|-heal|p1a: Snorlax|75\/100|[from] item: Leftovers\n|upkeep\n|turn|11\n|\n|t:|1697852508\n|move|p2a: Articuno|Ancient Power|p1a: Snorlax\n|-crit|p1a: Snorlax\n|-damage|p1a: Snorlax|52\/100\n|move|p1a: Snorlax|Thunder Punch|p2a: Articuno\n|-supereffective|p2a: Articuno\n|-damage|p2a: Articuno|30\/100\n|\n|-heal|p1a: Snorlax|58\/100|[from] item: Leftovers\n|upkeep\n|turn|12\n|\n|t:|1697852516\n|move|p2a: Articuno|Roost|p2a: Articuno\n|-heal|p2a: Articuno|80\/100\n|-singleturn|p2a: Articuno|move: Roost\n|move|p1a: Snorlax|Thunder Punch|p2a: Articuno\n|-damage|p2a: Articuno|65\/100\n|\n|-heal|p1a: Snorlax|64\/100|[from] item: Leftovers\n|upkeep\n|turn|13\n|\n|t:|1697852524\n|move|p2a: Articuno|Ancient Power|p1a: Snorlax\n|-damage|p1a: Snorlax|49\/100\n|move|p1a: Snorlax|Thunder Punch|p2a: Articuno\n|-supereffective|p2a: Articuno\n|-damage|p2a: Articuno|33\/100\n|-status|p2a: Articuno|par\n|\n|-heal|p1a: Snorlax|55\/100|[from] item: Leftovers\n|upkeep\n|turn|14\n|\n|t:|1697852532\n|move|p2a: Articuno|Roost|p2a: Articuno\n|-heal|p2a: Articuno|83\/100 par\n|-singleturn|p2a: Articuno|move: Roost\n|move|p1a: Snorlax|Thunder Punch|p2a: Articuno\n|-damage|p2a: Articuno|65\/100 par\n|\n|-heal|p1a: Snorlax|61\/100|[from] item: Leftovers\n|upkeep\n|turn|15\n|\n|t:|1697852540\n|move|p2a: Articuno|Ancient Power|p1a: Snorlax\n|-damage|p1a: Snorlax|46\/100\n|move|p1a: Snorlax|Thunder Punch|p2a: Articuno\n|-supereffective|p2a: Articuno\n|-crit|p2a: Articuno\n|-damage|p2a: Articuno|0 fnt\n|faint|p2a: Articuno\n|\n|-heal|p1a: Snorlax|52\/100|[from] item: Leftovers\n|upkeep\n|\n|t:|1697852545\n|switch|p2a: Cloyster|Cloyster, M|100\/100\n|turn|16\n|\n|t:|1697852553\n|move|p2a: Cloyster|Icicle Spear|p1a: Snorlax\n|-damage|p1a: Snorlax|47\/100\n|-damage|p1a: Snorlax|42\/100\n|-damage|p1a: Snorlax|36\/100\n|-damage|p1a: Snorlax|31\/100\n|-damage|p1a: Snorlax|26\/100\n|-hitcount|p1a: Snorlax|5\n|move|p1a: Snorlax|Rest|p1a: Snorlax\n|-status|p1a: Snorlax|slp|[from] move: Rest\n|-heal|p1a: Snorlax|100\/100 slp|[silent]\n|\n|upkeep\n|turn|17\n|\n|t:|1697852564\n|move|p2a: Cloyster|Poison Jab|p1a: Snorlax\n|-damage|p1a: Snorlax|79\/100 slp\n|cant|p1a: Snorlax|slp\n|cant|p1a: Snorlax|flinch\n|\n|-heal|p1a: Snorlax|85\/100 slp|[from] item: Leftovers\n|upkeep\n|turn|18\n|\n|t:|1697852574\n|switch|p2a: Mamoswine|Mamoswine, M|100\/100\n|cant|p1a: Snorlax|slp\n|move|p1a: Snorlax|Sleep Talk|p1a: Snorlax\n|move|p1a: Snorlax|Thunder Punch|p2a: Mamoswine|[from]move: Sleep Talk\n|-immune|p2a: Mamoswine\n|\n|-heal|p1a: Snorlax|91\/100 slp|[from] item: Leftovers\n|upkeep\n|turn|19\n|\n|t:|1697852586\n|switch|p1a: Snorlax|Snorlax, M|100\/100\n|move|p2a: Mamoswine|Earthquake|p1a: Snorlax\n|-damage|p1a: Snorlax|67\/100\n|\n|-heal|p1a: Snorlax|73\/100|[from] item: Leftovers\n|upkeep\n|turn|20\n|\n|t:|1697852602\n|move|p2a: Mamoswine|Heavy Slam|p1a: Snorlax\n|-damage|p1a: Snorlax|64\/100\n|move|p1a: Snorlax|Fissure|p2a: Mamoswine\n|-damage|p2a: Mamoswine|0 fnt\n|faint|p2a: Mamoswine\n|-ohko\n|\n|-heal|p1a: Snorlax|70\/100|[from] item: Leftovers\n|upkeep\n|-message|devin59697 forfeited.\n|\n|win|gvan707\n|raw|gvan707's rating: 1090 &rarr; <strong>1115<\/strong><br \/>(+25 for winning)\n|raw|devin59697's rating: 1065 &rarr; <strong>1047<\/strong><br \/>(-18 for losing)\n|l|\u2606devin59697\n","uploadtime":1697852615,"views":8,"p1id":"gvan707","p2id":"devin59697","formatid":"gen9anythinggoes","rating":1047,"private":0,"password":""}