{"id":"gen9anythinggoes-1996913456","p1":"Lagartijo","p2":"Gjvctbv","format":"[Gen 9] Anything Goes","log":"|j|\u2606Lagartijo\n|j|\u2606Gjvctbv\n|t:|1700744056\n|gametype|singles\n|player|p1|Lagartijo|brawly|1196\n|player|p2|Gjvctbv|169|1048\n|teamsize|p1|6\n|teamsize|p2|6\n|gen|9\n|tier|[Gen 9] Anything Goes\n|rated|\n|rule|HP Percentage Mod: HP is shown in percentages\n|rule|Endless Battle Clause: Forcing endless battles is banned\n|clearpoke\n|poke|p1|Ursaluna-Bloodmoon, M|\n|poke|p1|Ursaluna, F|\n|poke|p1|Grafaiai, M|\n|poke|p1|Maushold-Four|\n|poke|p1|Zoroark-Hisui, M|\n|poke|p1|Ambipom, M|\n|poke|p2|Dudunsparce-*, F|\n|poke|p2|Zoroark-Hisui, F|\n|poke|p2|Cyclizar, M|\n|poke|p2|Ambipom, M|\n|poke|p2|Staraptor, F|\n|poke|p2|Grafaiai, M|\n|teampreview\n|\n|t:|1700744073\n|start\n|switch|p1a: Ursaluna|Ursaluna-Bloodmoon, M|100\/100\n|switch|p2a: Ambipom|Ambipom, M|100\/100\n|turn|1\n|\n|t:|1700744080\n|move|p2a: Ambipom|Fake Out|p1a: Ursaluna\n|-damage|p1a: Ursaluna|77\/100\n|cant|p1a: Ursaluna|flinch\n|\n|upkeep\n|turn|2\n|\n|t:|1700744092\n|move|p2a: Ambipom|Protect|p2a: Ambipom\n|-singleturn|p2a: Ambipom|Protect\n|move|p1a: Ursaluna|Blood Moon|p2a: Ambipom\n|-activate|p2a: Ambipom|move: Protect\n|\n|upkeep\n|turn|3\n|\n|t:|1700744102\n|move|p2a: Ambipom|Last Resort|p1a: Ursaluna\n|-damage|p1a: Ursaluna|24\/100\n|move|p1a: Ursaluna|Earth Power|p2a: Ambipom\n|-damage|p2a: Ambipom|0 fnt\n|faint|p2a: Ambipom\n|-damage|p1a: Ursaluna|14\/100|[from] item: Life Orb\n|\n|upkeep\n|\n|t:|1700744106\n|switch|p2a: Dudunsparce|Dudunsparce-Three-Segment, F|100\/100\n|turn|4\n|\n|t:|1700744113\n|move|p2a: Dudunsparce|Substitute|p2a: Dudunsparce\n|-start|p2a: Dudunsparce|Substitute\n|-damage|p2a: Dudunsparce|76\/100\n|move|p1a: Ursaluna|Blood Moon|p2a: Dudunsparce\n|-end|p2a: Dudunsparce|Substitute\n|-damage|p1a: Ursaluna|4\/100|[from] item: Life Orb\n|\n|upkeep\n|turn|5\n|inactive|Battle timer is ON: inactive players will automatically lose when time's up. (requested by Gjvctbv)\n|\n|t:|1700744122\n|move|p1a: Ursaluna|Vacuum Wave|p2a: Dudunsparce\n|-supereffective|p2a: Dudunsparce\n|-damage|p2a: Dudunsparce|0 fnt\n|replace|p2a: Zoroark|Zoroark-Hisui, F\n|-end|p2a: Zoroark|Illusion\n|faint|p2a: Zoroark\n|-damage|p1a: Ursaluna|0 fnt|[from] item: Life Orb\n|faint|p1a: Ursaluna\n|\n|upkeep\n|\n|t:|1700744135\n|switch|p2a: Grafaiai|Grafaiai, M|100\/100\n|switch|p1a: Maushold|Maushold-Four|100\/100\n|turn|6\n|\n|t:|1700744144\n|move|p1a: Maushold|Hyper Voice|p2a: Grafaiai\n|-damage|p2a: Grafaiai|27\/100\n|-enditem|p2a: Grafaiai|Sitrus Berry|[eat]\n|-heal|p2a: Grafaiai|52\/100|[from] item: Sitrus Berry\n|-enditem|p1a: Maushold|Throat Spray\n|-boost|p1a: Maushold|spa|1|[from] item: Throat Spray\n|move|p2a: Grafaiai|Swords Dance|p2a: Grafaiai\n|-boost|p2a: Grafaiai|atk|2\n|\n|upkeep\n|turn|7\n|\n|t:|1700744152\n|move|p2a: Grafaiai|Gunk Shot|p1a: Maushold\n|-resisted|p1a: Maushold\n|-damage|p1a: Maushold|0 fnt\n|replace|p1a: Zoroark|Zoroark-Hisui, M\n|-end|p1a: Zoroark|Illusion\n|faint|p1a: Zoroark\n|\n|upkeep\n|l|\u2606Gjvctbv\n|inactive|Gjvctbv disconnected and has a minute to reconnect!\n|player|p2|\n|\n|t:|1700744175\n|switch|p1a: Maushold|Maushold-Four|100\/100\n|turn|8\n|j|\u2606Gjvctbv\n|inactive|Gjvctbv reconnected and has 140 seconds left.\n|player|p2|Gjvctbv|169\n|\n|t:|1700744192\n|move|p2a: Grafaiai|Gunk Shot|p1a: Maushold\n|-damage|p1a: Maushold|0 fnt\n|faint|p1a: Maushold\n|\n|upkeep\n|inactive|Lagartijo has 120 seconds left.\n|\n|t:|1700744235\n|switch|p1a: Ambipom|Ambipom, M|100\/100\n|-item|p1a: Ambipom|Air Balloon\n|turn|9\n|\n|t:|1700744241\n|move|p1a: Ambipom|Fake Out|p2a: Grafaiai\n|-damage|p2a: Grafaiai|7\/100\n|cant|p2a: Grafaiai|flinch\n|\n|upkeep\n|turn|10\n|\n|t:|1700744246\n|move|p2a: Grafaiai|Gunk Shot|p1a: Ambipom\n|-damage|p1a: Ambipom|0 fnt\n|-enditem|p1a: Ambipom|Air Balloon\n|faint|p1a: Ambipom\n|\n|upkeep\n|inactive|Lagartijo has 120 seconds left.\n|\n|t:|1700744272\n|switch|p1a: Grafaiai|Grafaiai, M, shiny|100\/100\n|turn|11\n|\n|t:|1700744276\n|move|p1a: Grafaiai|Switcheroo|p2a: Grafaiai\n|-activate|p1a: Grafaiai|move: Trick|[of] p2a: Grafaiai\n|-item|p2a: Grafaiai|Choice Band|[from] move: Switcheroo\n|-enditem|p1a: Grafaiai|Choice Band|[silent]|[from] move: Switcheroo\n|move|p2a: Grafaiai|Acrobatics|p1a: Grafaiai\n|-damage|p1a: Grafaiai|16\/100\n|\n|upkeep\n|turn|12\n|\n|t:|1700744302\n|move|p1a: Grafaiai|Slash|p2a: Grafaiai\n|-damage|p2a: Grafaiai|0 fnt\n|faint|p2a: Grafaiai\n|\n|upkeep\n|\n|t:|1700744308\n|switch|p2a: Staraptor|Staraptor, F|100\/100\n|-ability|p2a: Staraptor|Intimidate|boost\n|-unboost|p1a: Grafaiai|atk|1\n|turn|13\n|\n|t:|1700744313\n|move|p1a: Grafaiai|Switcheroo|p2a: Staraptor\n|-activate|p1a: Grafaiai|move: Trick|[of] p2a: Staraptor\n|-enditem|p2a: Staraptor|Life Orb|[silent]|[from] move: Switcheroo\n|-item|p1a: Grafaiai|Life Orb|[from] move: Switcheroo\n|move|p2a: Staraptor|Quick Attack|p1a: Grafaiai\n|-damage|p1a: Grafaiai|0 fnt\n|faint|p1a: Grafaiai\n|\n|upkeep\n|\n|t:|1700744320\n|switch|p1a: Ursaluna|Ursaluna, F, shiny|100\/100\n|turn|14\n|\n|t:|1700744329\n|-terastallize|p1a: Ursaluna|Normal\n|move|p2a: Staraptor|Close Combat|p1a: Ursaluna\n|-supereffective|p1a: Ursaluna\n|-damage|p1a: Ursaluna|49\/100\n|-unboost|p2a: Staraptor|def|1\n|-unboost|p2a: Staraptor|spd|1\n|move|p1a: Ursaluna|Facade|p2a: Staraptor\n|-damage|p2a: Staraptor|0 fnt\n|faint|p2a: Staraptor\n|\n|-status|p1a: Ursaluna|brn|[from] item: Flame Orb\n|upkeep\n|\n|t:|1700744339\n|switch|p2a: Dudunsparce|Dudunsparce-Three-Segment, F|100\/100\n|turn|15\n|\n|t:|1700744343\n|move|p2a: Dudunsparce|Body Slam|p1a: Ursaluna\n|-damage|p1a: Ursaluna|29\/100 brn\n|move|p1a: Ursaluna|Facade|p2a: Dudunsparce\n|-damage|p2a: Dudunsparce|0 fnt\n|faint|p2a: Dudunsparce\n|\n|-damage|p1a: Ursaluna|23\/100 brn|[from] brn\n|upkeep\n|\n|t:|1700744352\n|switch|p2a: Cyclizar|Cyclizar, M|100\/100\n|turn|16\n|\n|t:|1700744362\n|move|p2a: Cyclizar|Substitute|p2a: Cyclizar\n|-start|p2a: Cyclizar|Substitute\n|-damage|p2a: Cyclizar|75\/100\n|move|p1a: Ursaluna|Facade|p2a: Cyclizar\n|-end|p2a: Cyclizar|Substitute\n|\n|-damage|p1a: Ursaluna|17\/100 brn|[from] brn\n|upkeep\n|turn|17\n|\n|t:|1700744377\n|move|p2a: Cyclizar|Substitute|p2a: Cyclizar\n|-start|p2a: Cyclizar|Substitute\n|-damage|p2a: Cyclizar|50\/100\n|-enditem|p2a: Cyclizar|Sitrus Berry|[eat]\n|-heal|p2a: Cyclizar|75\/100|[from] item: Sitrus Berry\n|move|p1a: Ursaluna|Facade|p2a: Cyclizar\n|-end|p2a: Cyclizar|Substitute\n|\n|-damage|p1a: Ursaluna|11\/100 brn|[from] brn\n|upkeep\n|turn|18\n|\n|t:|1700744387\n|move|p2a: Cyclizar|Dragon Claw|p1a: Ursaluna\n|-damage|p1a: Ursaluna|0 fnt\n|faint|p1a: Ursaluna\n|\n|win|Gjvctbv\n|raw|Lagartijo's rating: 1196 &rarr; <strong>1161<\/strong><br \/>(-35 for losing)\n|raw|Gjvctbv's rating: 1048 &rarr; <strong>1094<\/strong><br \/>(+46 for winning)\n|l|\u2606Gjvctbv\n","uploadtime":1700744395,"views":11,"p1id":"lagartijo","p2id":"gjvctbv","formatid":"gen9anythinggoes","rating":1094,"private":0,"password":""}