{"id":"gen9anythinggoes-1983678284","p1":"Kuziee","p2":"The False Pariah","format":"[Gen 9] Anything Goes","log":"|j|\u2606Kuziee\n|j|\u2606The False Pariah\n|t:|1699159291\n|gametype|singles\n|player|p1|Kuziee|roxie|1266\n|player|p2|The False Pariah|cameraman|1338\n|teamsize|p1|6\n|teamsize|p2|6\n|gen|9\n|tier|[Gen 9] Anything Goes\n|rated|\n|rule|HP Percentage Mod: HP is shown in percentages\n|rule|Endless Battle Clause: Forcing endless battles is banned\n|clearpoke\n|poke|p1|Arceus|\n|poke|p1|Calyrex-Shadow|\n|poke|p1|Kingambit, F|\n|poke|p1|Flutter Mane|\n|poke|p1|Urshifu-*, F|\n|poke|p1|Gliscor, F|\n|poke|p2|Koraidon|\n|poke|p2|Miraidon|\n|poke|p2|Grimmsnarl, M|\n|poke|p2|Dondozo, M|\n|poke|p2|Zacian-*|\n|poke|p2|Cinderace, F|\n|teampreview\n|inactive|Battle timer is ON: inactive players will automatically lose when time's up. (requested by The False Pariah)\n|\n|t:|1699159309\n|start\n|switch|p1a: Gliscor|Gliscor, F|100\/100\n|switch|p2a: Grimmsnarl|Grimmsnarl, M, shiny|100\/100\n|turn|1\n|\n|t:|1699159319\n|move|p2a: Grimmsnarl|Fake Out|p1a: Gliscor\n|-damage|p1a: Gliscor|94\/100\n|cant|p1a: Gliscor|flinch\n|\n|-status|p1a: Gliscor|tox|[from] item: Toxic Orb\n|upkeep\n|turn|2\n|c|\u2606The False Pariah|i got somethin for that dumbash horse\n|c|\u2606The False Pariah|just wait\n|\n|t:|1699159328\n|move|p2a: Grimmsnarl|Taunt|p1a: Gliscor\n|-start|p1a: Gliscor|move: Taunt\n|cant|p1a: Gliscor|move: Taunt|Taunt\n|\n|-heal|p1a: Gliscor|100\/100 tox|[from] ability: Poison Heal\n|upkeep\n|turn|3\n|\n|t:|1699159337\n|move|p2a: Grimmsnarl|Reflect|p2a: Grimmsnarl\n|-sidestart|p2: The False Pariah|Reflect\n|move|p1a: Gliscor|Earthquake|p2a: Grimmsnarl\n|-damage|p2a: Grimmsnarl|86\/100\n|\n|upkeep\n|turn|4\n|\n|t:|1699159355\n|switch|p2a: Miraidon|Miraidon|100\/100\n|-fieldstart|move: Electric Terrain|[from] ability: Hadron Engine|[of] p2a: Miraidon\n|move|p1a: Gliscor|Earthquake|p2a: Miraidon\n|-supereffective|p2a: Miraidon\n|-damage|p2a: Miraidon|63\/100\n|\n|-end|p1a: Gliscor|move: Taunt\n|upkeep\n|turn|5\n|\n|t:|1699159367\n|move|p2a: Miraidon|Draco Meteor|p1a: Gliscor\n|-damage|p1a: Gliscor|0 fnt\n|-unboost|p2a: Miraidon|spa|2\n|faint|p1a: Gliscor\n|\n|upkeep\n|c|\u2606The False Pariah|none of that\n|c|\u2606The False Pariah|>:v\n|\n|t:|1699159377\n|switch|p1a: Arceus|Arceus|100\/100\n|turn|6\n|inactive|The False Pariah has 120 seconds left.\n|c|\u2606Kuziee|Erm what the scallop\n|c|\u2606The False Pariah|wow\n|c|\u2606The False Pariah|everyone is saying that now\n|c|\u2606The False Pariah|since i said it\n|\n|t:|1699159434\n|switch|p2a: Koraidon|Koraidon|100\/100\n|-weather|SunnyDay|[from] ability: Orichalcum Pulse|[of] p2a: Koraidon\n|-activate|p2a: Koraidon|Orichalcum Pulse|[source]\n|move|p1a: Arceus|Swords Dance|p1a: Arceus\n|-boost|p1a: Arceus|atk|2\n|\n|-weather|SunnyDay|[upkeep]\n|upkeep\n|turn|7\n|c|\u2606The False Pariah|dont do it\n|c|\u2606Kuziee|Erm what the flip\n|c|\u2606The False Pariah|DONTTTT DO IT\n|c|\u2606The False Pariah|i know what u are gonna do\n|\n|t:|1699159451\n|move|p2a: Koraidon|Low Kick|p1a: Arceus\n|-supereffective|p1a: Arceus\n|-damage|p1a: Arceus|0 fnt\n|faint|p1a: Arceus\n|\n|-weather|SunnyDay|[upkeep]\n|upkeep\n|c|\u2606The False Pariah|im warning u\n|c|\u2606The False Pariah|damn it bro\n|c|\u2606The False Pariah|i warned u\n|c|\u2606The False Pariah|:v\n|\n|t:|1699159461\n|switch|p1a: Flutter Mane|Flutter Mane|100\/100\n|-activate|p1a: Flutter Mane|ability: Protosynthesis\n|-start|p1a: Flutter Mane|protosynthesisspa\n|turn|8\n|inactive|The False Pariah has 90 seconds left.\n|\n|t:|1699159492\n|switch|p2a: Zacian|Zacian-Crowned|100\/100\n|-ability|p2a: Zacian|Intrepid Sword|boost\n|-boost|p2a: Zacian|atk|1\n|move|p1a: Flutter Mane|Moonblast|p2a: Zacian\n|-resisted|p2a: Zacian\n|-damage|p2a: Zacian|68\/100\n|\n|-weather|SunnyDay|[upkeep]\n|-fieldend|move: Electric Terrain\n|upkeep\n|turn|9\n|c|\u2606The False Pariah|wanna hear a joke\n|\n|t:|1699159508\n|-terastallize|p2a: Zacian|Ground\n|move|p2a: Zacian|Tera Blast|p1a: Flutter Mane|[anim] Tera Blast Ground\n|-damage|p1a: Flutter Mane|0 fnt\n|faint|p1a: Flutter Mane\n|-end|p1a: Flutter Mane|Protosynthesis|[silent]\n|\n|-weather|SunnyDay|[upkeep]\n|upkeep\n|\n|t:|1699159515\n|switch|p1a: Urshifu|Urshifu-Rapid-Strike, F|100\/100\n|turn|10\n|\n|t:|1699159520\n|move|p2a: Zacian|Wild Charge|p1a: Urshifu\n|-supereffective|p1a: Urshifu\n|-damage|p1a: Urshifu|4\/100\n|-damage|p2a: Zacian|42\/100|[from] Recoil\n|move|p1a: Urshifu|Swords Dance|p1a: Urshifu\n|-boost|p1a: Urshifu|atk|2\n|\n|-weather|none\n|-sideend|p2: The False Pariah|Reflect\n|upkeep\n|turn|11\n|\n|t:|1699159531\n|move|p1a: Urshifu|Aqua Jet|p2a: Zacian\n|-supereffective|p2a: Zacian\n|-damage|p2a: Zacian|0 fnt\n|faint|p2a: Zacian\n|\n|upkeep\n|\n|t:|1699159535\n|switch|p2a: Cinderace|Cinderace, F|100\/100\n|turn|12\n|\n|t:|1699159540\n|switch|p2a: Miraidon|Miraidon|63\/100\n|-fieldstart|move: Electric Terrain|[from] ability: Hadron Engine|[of] p2a: Miraidon\n|move|p1a: Urshifu|Aqua Jet|p2a: Miraidon\n|-resisted|p2a: Miraidon\n|-damage|p2a: Miraidon|35\/100\n|\n|upkeep\n|turn|13\n|\n|t:|1699159560\n|move|p1a: Urshifu|Aqua Jet|p2a: Miraidon\n|-resisted|p2a: Miraidon\n|-damage|p2a: Miraidon|8\/100\n|move|p2a: Miraidon|Electro Drift|p1a: Urshifu\n|-supereffective|p1a: Urshifu\n|-damage|p1a: Urshifu|0 fnt\n|faint|p1a: Urshifu\n|\n|upkeep\n|\n|t:|1699159570\n|switch|p1a: Calyrex|Calyrex-Shadow|100\/100\n|-ability|p1a: Calyrex|As One\n|-ability|p1a: Calyrex|Unnerve\n|turn|14\n|\n|t:|1699159590\n|switch|p2a: Grimmsnarl|Grimmsnarl, M, shiny|86\/100\n|move|p1a: Calyrex|Astral Barrage|p2a: Grimmsnarl\n|-resisted|p2a: Grimmsnarl\n|-damage|p2a: Grimmsnarl|43\/100\n|\n|upkeep\n|turn|15\n|c|\u2606The False Pariah|this needs to stop\n|\n|t:|1699159605\n|move|p2a: Grimmsnarl|Light Screen|p2a: Grimmsnarl\n|-sidestart|p2: The False Pariah|move: Light Screen\n|move|p1a: Calyrex|Psychic|p2a: Grimmsnarl\n|-immune|p2a: Grimmsnarl\n|\n|upkeep\n|turn|16\n|\n|t:|1699159618\n|move|p2a: Grimmsnarl|Reflect|p2a: Grimmsnarl\n|-sidestart|p2: The False Pariah|Reflect\n|move|p1a: Calyrex|Agility|p1a: Calyrex\n|-boost|p1a: Calyrex|spe|2\n|\n|-fieldend|move: Electric Terrain\n|upkeep\n|turn|17\n|c|\u2606The False Pariah|lol thats not gonna save you\n|\n|t:|1699159626\n|move|p2a: Grimmsnarl|Taunt|p1a: Calyrex\n|-start|p1a: Calyrex|move: Taunt\n|move|p1a: Calyrex|Giga Drain|p2a: Grimmsnarl\n|-damage|p2a: Grimmsnarl|24\/100\n|\n|upkeep\n|turn|18\n|c|\u2606The False Pariah|i just wanted to taunt you\n|\n|t:|1699159633\n|move|p2a: Grimmsnarl|Taunt||[still]\n|-fail|p2a: Grimmsnarl\n|move|p1a: Calyrex|Astral Barrage|p2a: Grimmsnarl\n|-resisted|p2a: Grimmsnarl\n|-damage|p2a: Grimmsnarl|2\/100\n|\n|upkeep\n|turn|19\n|\n|t:|1699159642\n|move|p2a: Grimmsnarl|Taunt||[still]\n|-fail|p2a: Grimmsnarl\n|move|p1a: Calyrex|Giga Drain|p2a: Grimmsnarl\n|-crit|p2a: Grimmsnarl\n|-damage|p2a: Grimmsnarl|0 fnt\n|faint|p2a: Grimmsnarl\n|-ability|p1a: Calyrex|Grim Neigh|boost\n|-boost|p1a: Calyrex|spa|1\n|\n|-end|p1a: Calyrex|move: Taunt\n|upkeep\n|\n|t:|1699159645\n|switch|p2a: Cinderace|Cinderace, F|100\/100\n|turn|20\n|c|\u2606The False Pariah|:trollface:\n|\n|t:|1699159657\n|move|p2a: Cinderace|Sucker Punch|p1a: Calyrex\n|-start|p2a: Cinderace|typechange|Dark|[from] ability: Libero\n|-supereffective|p1a: Calyrex\n|-damage|p1a: Calyrex|0 fnt\n|faint|p1a: Calyrex\n|\n|upkeep\n|\n|t:|1699159664\n|switch|p1a: Kingambit|Kingambit, F|100\/100\n|-activate|p1a: Kingambit|ability: Supreme Overlord\n|-start|p1a: Kingambit|fallen5|[silent]\n|turn|21\n|c|\u2606Kuziee|Ambatudie\n|inactive|The False Pariah has 120 seconds left.\n|\n|t:|1699159695\n|switch|p2a: Dondozo|Dondozo, M, shiny|100\/100\n|-terastallize|p1a: Kingambit|Steel\n|move|p1a: Kingambit|Swords Dance|p1a: Kingambit\n|-boost|p1a: Kingambit|atk|2\n|\n|upkeep\n|turn|22\n|c|\u2606The False Pariah|yes, truly\n|c|\u2606The False Pariah|donbozo will assist you in this\n|c|\u2606The False Pariah|a slow\n|\n|t:|1699159707\n|move|p1a: Kingambit|Kowtow Cleave|p2a: Dondozo\n|-damage|p2a: Dondozo|81\/100\n|move|p2a: Dondozo|Liquidation|p1a: Kingambit\n|-damage|p1a: Kingambit|80\/100\n|\n|-sideend|p2: The False Pariah|move: Light Screen\n|upkeep\n|turn|23\n|c|\u2606The False Pariah|painful\n|c|\u2606The False Pariah|death\n|\n|t:|1699159717\n|move|p1a: Kingambit|Low Kick|p2a: Dondozo\n|-damage|p2a: Dondozo|66\/100\n|move|p2a: Dondozo|Curse|p2a: Dondozo\n|-unboost|p2a: Dondozo|spe|1\n|-boost|p2a: Dondozo|atk|1\n|-boost|p2a: Dondozo|def|1\n|\n|-sideend|p2: The False Pariah|Reflect\n|upkeep\n|turn|24\n|\n|t:|1699159732\n|move|p1a: Kingambit|Kowtow Cleave|p2a: Dondozo\n|-damage|p2a: Dondozo|41\/100\n|move|p2a: Dondozo|Curse|p2a: Dondozo\n|-unboost|p2a: Dondozo|spe|1\n|-boost|p2a: Dondozo|atk|1\n|-boost|p2a: Dondozo|def|1\n|\n|upkeep\n|turn|25\n|\n|t:|1699159753\n|move|p1a: Kingambit|Low Kick|p2a: Dondozo\n|-damage|p2a: Dondozo|26\/100\n|move|p2a: Dondozo|Rest|p2a: Dondozo\n|-status|p2a: Dondozo|slp|[from] move: Rest\n|-heal|p2a: Dondozo|100\/100 slp|[silent]\n|-enditem|p2a: Dondozo|Chesto Berry|[eat]\n|-curestatus|p2a: Dondozo|slp|[msg]\n|\n|upkeep\n|turn|26\n|n|!The False Pariah|thefalsepariah\n|c|\u2606Kuziee|Dear god\n|inactive|Kuziee has 120 seconds left.\n|\n|t:|1699159768\n|move|p1a: Kingambit|Swords Dance|p1a: Kingambit\n|-boost|p1a: Kingambit|atk|2\n|move|p2a: Dondozo|Yawn|p1a: Kingambit\n|-start|p1a: Kingambit|move: Yawn|[of] p2a: Dondozo\n|\n|upkeep\n|turn|27\n|\n|t:|1699159776\n|move|p1a: Kingambit|Swords Dance|p1a: Kingambit\n|-boost|p1a: Kingambit|atk|2\n|move|p2a: Dondozo|Liquidation|p1a: Kingambit\n|-damage|p1a: Kingambit|40\/100\n|\n|-end|p1a: Kingambit|move: Yawn|[silent]\n|-status|p1a: Kingambit|slp\n|upkeep\n|turn|28\n|inactive|Kuziee has 120 seconds left.\n|\n|t:|1699159794\n|cant|p1a: Kingambit|slp\n|move|p2a: Dondozo|Liquidation|p1a: Kingambit\n|-damage|p1a: Kingambit|0 fnt\n|faint|p1a: Kingambit\n|-end|p1a: Kingambit|fallen5|[silent]\n|\n|win|The False Pariah\n|raw|Kuziee's rating: 1266 &rarr; <strong>1246<\/strong><br \/>(-20 for losing)\n|raw|The False Pariah's rating: 1338 &rarr; <strong>1354<\/strong><br \/>(+16 for winning)\n","uploadtime":1699159761,"views":5,"p1id":"kuziee","p2id":"thefalsepariah","formatid":"gen9anythinggoes","rating":1246,"private":0,"password":""}