{"id":"gen9anythinggoes-1993320163","p1":"wer2834","p2":"nnyyy","format":"[Gen 9] Anything Goes","log":"|j|\u2606wer2834\n|j|\u2606nnyyy\n|t:|1700297605\n|gametype|singles\n|player|p1|wer2834|266|1257\n|player|p2|nnyyy|102|1445\n|teamsize|p1|6\n|teamsize|p2|6\n|gen|9\n|tier|[Gen 9] Anything Goes\n|rated|\n|rule|HP Percentage Mod: HP is shown in percentages\n|rule|Endless Battle Clause: Forcing endless battles is banned\n|clearpoke\n|poke|p1|Masquerain, F|\n|poke|p1|Infernape, M|\n|poke|p1|Calyrex-Shadow|\n|poke|p1|Zacian-*|\n|poke|p1|Shaymin-Sky|\n|poke|p1|Kingambit, F|\n|poke|p2|Calyrex-Shadow|\n|poke|p2|Dondozo, M|\n|poke|p2|Scizor, M|\n|poke|p2|Spidops, M|\n|poke|p2|Arceus|\n|poke|p2|Zacian-*|\n|teampreview\n|\n|t:|1700297617\n|start\n|switch|p1a: Masquerain|Masquerain, F|100\/100\n|switch|p2a: Spidops|Spidops, M|100\/100\n|-ability|p1a: Masquerain|Intimidate|boost\n|-unboost|p2a: Spidops|atk|1\n|turn|1\n|inactive|Battle timer is ON: inactive players will automatically lose when time's up. (requested by wer2834)\n|\n|t:|1700297629\n|move|p1a: Masquerain|Sticky Web|p2a: Spidops\n|-sidestart|p2: nnyyy|move: Sticky Web\n|move|p2a: Spidops|Circle Throw|p1a: Masquerain\n|-resisted|p1a: Masquerain\n|-crit|p1a: Masquerain\n|-damage|p1a: Masquerain|93\/100\n|drag|p1a: Kingambit|Kingambit, F|100\/100\n|-item|p1a: Kingambit|Air Balloon\n|\n|upkeep\n|turn|2\n|\n|t:|1700297638\n|switch|p2a: Scizor|Scizor, M|100\/100\n|-activate|p2a: Scizor|move: Sticky Web\n|-unboost|p2a: Scizor|spe|1\n|move|p1a: Kingambit|Iron Head|p2a: Scizor\n|-resisted|p2a: Scizor\n|-damage|p2a: Scizor|81\/100\n|\n|-heal|p2a: Scizor|87\/100|[from] item: Leftovers\n|upkeep\n|turn|3\n|\n|t:|1700297650\n|-end|p1a: Kingambit|fallenundefined|[silent]\n|switch|p1a: Infernape|Infernape, M, shiny|100\/100\n|move|p2a: Scizor|Defog|p1a: Infernape\n|-unboost|p1a: Infernape|evasion|1\n|-sideend|p2: nnyyy|Sticky Web|[from] move: Defog|[of] p2a: Scizor\n|\n|-heal|p2a: Scizor|93\/100|[from] item: Leftovers\n|upkeep\n|turn|4\n|\n|t:|1700297660\n|switch|p2a: Dondozo|Dondozo, M|100\/100\n|move|p1a: Infernape|Knock Off|p2a: Dondozo\n|-damage|p2a: Dondozo|83\/100\n|-enditem|p2a: Dondozo|Leftovers|[from] move: Knock Off|[of] p1a: Infernape\n|\n|upkeep\n|turn|5\n|\n|t:|1700297668\n|switch|p1a: Masquerain|Masquerain, F|93\/100\n|-ability|p1a: Masquerain|Intimidate|boost\n|-unboost|p2a: Dondozo|atk|1\n|move|p2a: Dondozo|Body Press|p1a: Masquerain\n|-resisted|p1a: Masquerain\n|-damage|p1a: Masquerain|81\/100\n|\n|upkeep\n|turn|6\n|\n|t:|1700297682\n|switch|p2a: Scizor|Scizor, M|93\/100\n|move|p1a: Masquerain|Stun Spore|p2a: Scizor\n|-status|p2a: Scizor|par\n|\n|-heal|p2a: Scizor|99\/100 par|[from] item: Leftovers\n|upkeep\n|turn|7\n|\n|t:|1700297694\n|move|p1a: Masquerain|Sticky Web|p2a: Scizor\n|-sidestart|p2: nnyyy|move: Sticky Web\n|cant|p2a: Scizor|par\n|\n|-heal|p2a: Scizor|100\/100 par|[from] item: Leftovers\n|upkeep\n|turn|8\n|\n|t:|1700297701\n|switch|p1a: Infernape|Infernape, M, shiny|100\/100\n|move|p2a: Scizor|Defog|p1a: Infernape\n|-unboost|p1a: Infernape|evasion|1\n|-sideend|p2: nnyyy|Sticky Web|[from] move: Defog|[of] p2a: Scizor\n|\n|upkeep\n|turn|9\n|\n|t:|1700297708\n|switch|p2a: Dondozo|Dondozo, M|83\/100\n|move|p1a: Infernape|Knock Off|p2a: Dondozo\n|-damage|p2a: Dondozo|72\/100\n|\n|upkeep\n|turn|10\n|\n|t:|1700297715\n|switch|p1a: Shaymin|Shaymin-Sky|100\/100\n|move|p2a: Dondozo|Yawn|p1a: Shaymin\n|-start|p1a: Shaymin|move: Yawn|[of] p2a: Dondozo\n|\n|upkeep\n|turn|11\n|\n|t:|1700297724\n|switch|p1a: Masquerain|Masquerain, F|81\/100\n|-ability|p1a: Masquerain|Intimidate|boost\n|-unboost|p2a: Dondozo|atk|1\n|switch|p2a: Zacian|Zacian-Crowned|100\/100\n|-ability|p2a: Zacian|Intrepid Sword|boost\n|-boost|p2a: Zacian|atk|1\n|\n|upkeep\n|turn|12\n|\n|t:|1700297740\n|switch|p1a: Zacian|Zacian-Crowned|100\/100\n|-ability|p1a: Zacian|Intrepid Sword|boost\n|-boost|p1a: Zacian|atk|1\n|move|p2a: Zacian|Behemoth Blade|p1a: Zacian\n|-damage|p1a: Zacian|26\/100\n|\n|upkeep\n|turn|13\n|\n|t:|1700297751\n|move|p2a: Zacian|Behemoth Blade|p1a: Zacian\n|-damage|p1a: Zacian|0 fnt\n|faint|p1a: Zacian\n|\n|upkeep\n|\n|t:|1700297755\n|switch|p1a: Infernape|Infernape, M, shiny|100\/100\n|turn|14\n|\n|t:|1700297767\n|switch|p2a: Dondozo|Dondozo, M|72\/100\n|move|p1a: Infernape|Raging Fury|p2a: Dondozo\n|-resisted|p2a: Dondozo\n|-damage|p2a: Dondozo|57\/100\n|\n|upkeep\n|turn|15\n|\n|t:|1700297775\n|move|p1a: Infernape|Raging Fury|p2a: Dondozo|[from]lockedmove\n|-resisted|p2a: Dondozo\n|-damage|p2a: Dondozo|43\/100\n|move|p2a: Dondozo|Yawn|p1a: Infernape\n|-start|p1a: Infernape|move: Yawn|[of] p2a: Dondozo\n|\n|upkeep\n|turn|16\n|\n|t:|1700297787\n|move|p1a: Infernape|Raging Fury|p2a: Dondozo|[from]lockedmove\n|-resisted|p2a: Dondozo\n|-damage|p2a: Dondozo|29\/100\n|-start|p1a: Infernape|confusion|[fatigue]\n|move|p2a: Dondozo|Yawn||[still]\n|-fail|p2a: Dondozo\n|\n|-end|p1a: Infernape|move: Yawn|[silent]\n|-status|p1a: Infernape|slp\n|upkeep\n|turn|17\n|\n|t:|1700297798\n|cant|p1a: Infernape|slp\n|move|p2a: Dondozo|Rest|p2a: Dondozo\n|-status|p2a: Dondozo|slp|[from] move: Rest\n|-heal|p2a: Dondozo|100\/100 slp|[silent]\n|\n|upkeep\n|turn|18\n|\n|t:|1700297809\n|switch|p2a: Calyrex|Calyrex-Shadow|100\/100\n|-ability|p2a: Calyrex|As One\n|-ability|p2a: Calyrex|Unnerve\n|-curestatus|p1a: Infernape|slp|[msg]\n|-activate|p1a: Infernape|confusion\n|-damage|p1a: Infernape|83\/100|[from] confusion\n|\n|upkeep\n|turn|19\n|\n|t:|1700297828\n|switch|p1a: Kingambit|Kingambit, F|100\/100\n|-activate|p1a: Kingambit|ability: Supreme Overlord\n|-start|p1a: Kingambit|fallen1|[silent]\n|-item|p1a: Kingambit|Air Balloon\n|move|p2a: Calyrex|Astral Barrage|p1a: Kingambit\n|-resisted|p1a: Kingambit\n|-damage|p1a: Kingambit|51\/100\n|-enditem|p1a: Kingambit|Air Balloon\n|\n|upkeep\n|turn|20\n|\n|t:|1700297843\n|-terastallize|p2a: Calyrex|Fighting\n|move|p2a: Calyrex|Tera Blast|p1a: Kingambit|[anim] Tera Blast Fighting\n|-supereffective|p1a: Kingambit\n|-damage|p1a: Kingambit|0 fnt\n|faint|p1a: Kingambit\n|-end|p1a: Kingambit|fallen1|[silent]\n|-ability|p2a: Calyrex|Grim Neigh|boost\n|-boost|p2a: Calyrex|spa|1\n|\n|upkeep\n|\n|t:|1700297849\n|switch|p1a: Calyrex|Calyrex-Shadow|100\/100\n|-ability|p1a: Calyrex|As One\n|-ability|p1a: Calyrex|Unnerve\n|turn|21\n|j| goodturnoutforthe\n|\n|t:|1700297868\n|move|p1a: Calyrex|Encore|p2a: Calyrex\n|-start|p2a: Calyrex|Encore\n|move|p2a: Calyrex|Tera Blast|p1a: Calyrex|[anim] Tera Blast Fighting\n|-immune|p1a: Calyrex\n|\n|upkeep\n|turn|22\n|\n|t:|1700297878\n|switch|p2a: Arceus|Arceus|100\/100\n|move|p1a: Calyrex|Astral Barrage|p2a: Arceus\n|-immune|p2a: Arceus\n|\n|upkeep\n|turn|23\n|\n|t:|1700297888\n|switch|p1a: Masquerain|Masquerain, F|81\/100\n|-ability|p1a: Masquerain|Intimidate|boost\n|-unboost|p2a: Arceus|atk|1\n|move|p2a: Arceus|Thunder Wave|p1a: Masquerain\n|-status|p1a: Masquerain|par\n|\n|upkeep\n|turn|24\n|\n|t:|1700297897\n|move|p1a: Masquerain|Sticky Web|p2a: Arceus\n|-sidestart|p2: nnyyy|move: Sticky Web\n|move|p2a: Arceus|Roar|p1a: Masquerain\n|drag|p1a: Infernape|Infernape, M, shiny|83\/100\n|\n|upkeep\n|turn|25\n|\n|t:|1700297905\n|move|p1a: Infernape|Close Combat|p2a: Arceus\n|-supereffective|p2a: Arceus\n|-damage|p2a: Arceus|30\/100\n|-unboost|p1a: Infernape|def|1\n|-unboost|p1a: Infernape|spd|1\n|move|p2a: Arceus|Thunder Wave|p1a: Infernape\n|-status|p1a: Infernape|par\n|\n|-heal|p2a: Arceus|36\/100|[from] item: Leftovers\n|upkeep\n|turn|26\n|\n|t:|1700297917\n|switch|p2a: Dondozo|Dondozo, M|100\/100 slp\n|-activate|p2a: Dondozo|move: Sticky Web\n|-unboost|p2a: Dondozo|spe|1\n|cant|p1a: Infernape|par\n|\n|upkeep\n|turn|27\n|\n|t:|1700297926\n|switch|p1a: Shaymin|Shaymin-Sky|100\/100\n|cant|p2a: Dondozo|slp\n|\n|upkeep\n|turn|28\n|\n|t:|1700297942\n|switch|p2a: Scizor|Scizor, M|100\/100 par\n|-activate|p2a: Scizor|move: Sticky Web\n|-unboost|p2a: Scizor|spe|1\n|move|p1a: Shaymin|Air Slash|p2a: Scizor\n|-crit|p2a: Scizor\n|-damage|p2a: Scizor|9\/100 par\n|\n|-heal|p2a: Scizor|15\/100 par|[from] item: Leftovers\n|upkeep\n|turn|29\n|inactive|nnyyy has 120 seconds left.\n|\n|t:|1700297990\n|move|p1a: Shaymin|Air Slash|p2a: Scizor\n|-damage|p2a: Scizor|0 fnt\n|faint|p2a: Scizor\n|\n|upkeep\n|inactive|nnyyy has 90 seconds left.\n|\n|t:|1700298006\n|switch|p2a: Spidops|Spidops, M|100\/100\n|-activate|p2a: Spidops|move: Sticky Web\n|-unboost|p2a: Spidops|spe|1\n|turn|30\n|\n|t:|1700298013\n|move|p1a: Shaymin|Air Slash|p2a: Spidops\n|-supereffective|p2a: Spidops\n|-enditem|p2a: Spidops|Focus Sash\n|-damage|p2a: Spidops|1\/100\n|cant|p2a: Spidops|flinch\n|\n|upkeep\n|turn|31\n|\n|t:|1700298020\n|move|p2a: Spidops|Silk Trap|p2a: Spidops\n|-singleturn|p2a: Spidops|Protect\n|move|p1a: Shaymin|Air Slash|p2a: Spidops\n|-activate|p2a: Spidops|move: Protect\n|\n|upkeep\n|turn|32\n|\n|t:|1700298027\n|move|p1a: Shaymin|Air Slash|p2a: Spidops\n|-supereffective|p2a: Spidops\n|-damage|p2a: Spidops|0 fnt\n|faint|p2a: Spidops\n|\n|upkeep\n|\n|t:|1700298035\n|switch|p2a: Zacian|Zacian-Crowned|100\/100\n|-activate|p2a: Zacian|move: Sticky Web\n|-unboost|p2a: Zacian|spe|1\n|turn|33\n|\n|t:|1700298041\n|switch|p1a: Masquerain|Masquerain, F|81\/100 par\n|-ability|p1a: Masquerain|Intimidate|boost\n|-unboost|p2a: Zacian|atk|1\n|move|p2a: Zacian|Wild Charge|p1a: Masquerain\n|-supereffective|p1a: Masquerain\n|-damage|p1a: Masquerain|0 fnt\n|faint|p1a: Masquerain\n|-damage|p2a: Zacian|83\/100|[from] Recoil\n|\n|upkeep\n|\n|t:|1700298049\n|switch|p1a: Shaymin|Shaymin-Sky|100\/100\n|turn|34\n|inactive|nnyyy has 120 seconds left.\n|\n|t:|1700298054\n|move|p1a: Shaymin|Earth Power|p2a: Zacian\n|-supereffective|p2a: Zacian\n|-damage|p2a: Zacian|1\/100\n|move|p2a: Zacian|Wild Charge|p1a: Shaymin\n|-damage|p1a: Shaymin|73\/100\n|-damage|p2a: Zacian|0 fnt|[from] Recoil\n|faint|p2a: Zacian\n|\n|upkeep\n|inactive|nnyyy has 120 seconds left.\n|inactive|nnyyy has 90 seconds left.\n|\n|t:|1700298090\n|switch|p2a: Arceus|Arceus|36\/100\n|-activate|p2a: Arceus|move: Sticky Web\n|-unboost|p2a: Arceus|spe|1\n|turn|35\n|\n|t:|1700298102\n|switch|p1a: Infernape|Infernape, M, shiny|83\/100 par\n|move|p2a: Arceus|Thunder Wave|p1a: Infernape\n|-fail|p1a: Infernape|par\n|\n|-heal|p2a: Arceus|42\/100|[from] item: Leftovers\n|upkeep\n|turn|36\n|\n|t:|1700298112\n|switch|p2a: Dondozo|Dondozo, M|100\/100 slp\n|-activate|p2a: Dondozo|move: Sticky Web\n|-unboost|p2a: Dondozo|spe|1\n|cant|p1a: Infernape|par\n|\n|upkeep\n|turn|37\n|\n|t:|1700298121\n|switch|p1a: Shaymin|Shaymin-Sky|73\/100\n|switch|p2a: Arceus|Arceus|42\/100\n|-activate|p2a: Arceus|move: Sticky Web\n|-unboost|p2a: Arceus|spe|1\n|\n|-heal|p2a: Arceus|48\/100|[from] item: Leftovers\n|upkeep\n|turn|38\n|\n|t:|1700298131\n|move|p1a: Shaymin|Seed Flare|p2a: Arceus\n|-damage|p2a: Arceus|0 fnt\n|faint|p2a: Arceus\n|\n|upkeep\n|\n|t:|1700298138\n|switch|p2a: Calyrex|Calyrex-Shadow, tera:Fighting|100\/100\n|-ability|p2a: Calyrex|As One\n|-ability|p2a: Calyrex|Unnerve\n|-activate|p2a: Calyrex|move: Sticky Web\n|-unboost|p2a: Calyrex|spe|1\n|turn|39\n|\n|t:|1700298147\n|switch|p1a: Infernape|Infernape, M, shiny|83\/100 par\n|move|p2a: Calyrex|Psyshock|p1a: Infernape\n|-supereffective|p1a: Infernape\n|-damage|p1a: Infernape|0 fnt\n|faint|p1a: Infernape\n|-ability|p2a: Calyrex|Grim Neigh|boost\n|-boost|p2a: Calyrex|spa|1\n|\n|upkeep\n|\n|t:|1700298149\n|switch|p1a: Shaymin|Shaymin-Sky|73\/100\n|turn|40\n|inactive|nnyyy has 120 seconds left.\n|\n|t:|1700298160\n|switch|p2a: Dondozo|Dondozo, M|100\/100 slp\n|-activate|p2a: Dondozo|move: Sticky Web\n|-unboost|p2a: Dondozo|spe|1\n|move|p1a: Shaymin|Air Slash|p2a: Dondozo\n|-damage|p2a: Dondozo|57\/100 slp\n|\n|upkeep\n|turn|41\n|inactive|nnyyy has 120 seconds left.\n|\n|t:|1700298171\n|switch|p1a: Calyrex|Calyrex-Shadow|100\/100\n|-ability|p1a: Calyrex|As One\n|-ability|p1a: Calyrex|Unnerve\n|cant|p2a: Dondozo|slp\n|\n|upkeep\n|turn|42\n|inactive|nnyyy has 120 seconds left.\n|\n|t:|1700298185\n|move|p1a: Calyrex|Substitute|p1a: Calyrex\n|-start|p1a: Calyrex|Substitute\n|-damage|p1a: Calyrex|76\/100\n|-curestatus|p2a: Dondozo|slp|[msg]\n|move|p2a: Dondozo|Yawn||[still]\n|-fail|p2a: Dondozo\n|\n|-heal|p1a: Calyrex|82\/100|[from] item: Leftovers\n|upkeep\n|turn|43\n|inactive|nnyyy has 120 seconds left.\n|\n|t:|1700298195\n|move|p1a: Calyrex|Encore|p2a: Dondozo\n|-start|p2a: Dondozo|Encore\n|move|p2a: Dondozo|Yawn||[still]\n|-fail|p2a: Dondozo\n|\n|-heal|p1a: Calyrex|88\/100|[from] item: Leftovers\n|upkeep\n|turn|44\n|inactive|nnyyy has 120 seconds left.\n|\n|t:|1700298205\n|switch|p2a: Calyrex|Calyrex-Shadow, tera:Fighting|100\/100\n|-ability|p2a: Calyrex|As One\n|-ability|p2a: Calyrex|Unnerve\n|-activate|p2a: Calyrex|move: Sticky Web\n|-unboost|p2a: Calyrex|spe|1\n|move|p1a: Calyrex|Astral Barrage|p2a: Calyrex\n|-damage|p2a: Calyrex|21\/100\n|\n|-heal|p1a: Calyrex|94\/100|[from] item: Leftovers\n|upkeep\n|turn|45\n|inactive|nnyyy has 120 seconds left.\n|\n|t:|1700298219\n|move|p1a: Calyrex|Astral Barrage|p2a: Calyrex\n|-damage|p2a: Calyrex|0 fnt\n|faint|p2a: Calyrex\n|-ability|p1a: Calyrex|Grim Neigh|boost\n|-boost|p1a: Calyrex|spa|1\n|\n|-heal|p1a: Calyrex|99\/100|[from] item: Leftovers\n|upkeep\n|inactive|nnyyy has 120 seconds left.\n|\n|t:|1700298229\n|switch|p2a: Dondozo|Dondozo, M|57\/100\n|-activate|p2a: Dondozo|move: Sticky Web\n|-unboost|p2a: Dondozo|spe|1\n|turn|46\n|\n|t:|1700298237\n|switch|p1a: Shaymin|Shaymin-Sky|73\/100\n|move|p2a: Dondozo|Liquidation|p1a: Shaymin\n|-resisted|p1a: Shaymin\n|-damage|p1a: Shaymin|54\/100\n|-unboost|p1a: Shaymin|def|1\n|\n|upkeep\n|turn|47\n|\n|t:|1700298246\n|switch|p1a: Calyrex|Calyrex-Shadow|99\/100\n|-ability|p1a: Calyrex|As One\n|-ability|p1a: Calyrex|Unnerve\n|move|p2a: Dondozo|Yawn|p1a: Calyrex\n|-start|p1a: Calyrex|move: Yawn|[of] p2a: Dondozo\n|\n|-heal|p1a: Calyrex|100\/100|[from] item: Leftovers\n|upkeep\n|turn|48\n|\n|t:|1700298257\n|switch|p1a: Shaymin|Shaymin-Sky|54\/100\n|move|p2a: Dondozo|Liquidation|p1a: Shaymin\n|-resisted|p1a: Shaymin\n|-damage|p1a: Shaymin|36\/100\n|\n|upkeep\n|turn|49\n|\n|t:|1700298265\n|move|p1a: Shaymin|Seed Flare|p2a: Dondozo\n|-supereffective|p2a: Dondozo\n|-damage|p2a: Dondozo|0 fnt\n|faint|p2a: Dondozo\n|\n|win|wer2834\n|raw|wer2834's rating: 1276 &rarr; <strong>1312<\/strong><br \/>(+36 for winning)\n|raw|nnyyy's rating: 1445 &rarr; <strong>1416<\/strong><br \/>(-29 for losing)\n|l|\u2606nnyyy\n","uploadtime":1700298271,"views":4,"p1id":"wer2834","p2id":"nnyyy","formatid":"gen9anythinggoes","rating":1312,"private":0,"password":""}