{"id":"gen9anythinggoes-1999831650","p1":"sou_ruim_e_nobola","p2":"shad0w99","format":"[Gen 9] Anything Goes","log":"|j|\u2606sou_ruim_e_nobola\n|j|\u2606shad0w99\n|t:|1701120834\n|gametype|singles\n|player|p1|sou_ruim_e_nobola|lance|1007\n|player|p2|shad0w99|ghetsis-gen5bw|1022\n|teamsize|p1|6\n|teamsize|p2|6\n|gen|9\n|tier|[Gen 9] Anything Goes\n|rated|\n|rule|HP Percentage Mod: HP is shown in percentages\n|rule|Endless Battle Clause: Forcing endless battles is banned\n|clearpoke\n|poke|p1|Espeon, M|\n|poke|p1|Scream Tail|\n|poke|p1|Espathra, F|\n|poke|p1|Drifblim, M|\n|poke|p1|Farigiraf, M|\n|poke|p1|Lechonk, M|\n|poke|p2|Quaquaval, M|\n|poke|p2|Koraidon|\n|poke|p2|Iron Jugulis|\n|poke|p2|Greninja-*, M|\n|poke|p2|Miraidon|\n|poke|p2|Dialga-Origin|\n|teampreview\n|\n|t:|1701120839\n|start\n|switch|p1a: Scream Tail|Scream Tail|100\/100\n|switch|p2a: Greninja|Greninja, M|100\/100\n|-enditem|p1a: Scream Tail|Booster Energy\n|-activate|p1a: Scream Tail|ability: Protosynthesis|[fromitem]\n|-start|p1a: Scream Tail|protosynthesisspe\n|turn|1\n|c|\u2606sou_ruim_e_nobola|hi\n|\n|t:|1701120861\n|move|p2a: Greninja|Water Shuriken|p1a: Scream Tail\n|-damage|p1a: Scream Tail|96\/100\n|-damage|p1a: Scream Tail|92\/100\n|-damage|p1a: Scream Tail|88\/100\n|-hitcount|p1a: Scream Tail|3\n|move|p1a: Scream Tail|Bulk Up|p1a: Scream Tail\n|-boost|p1a: Scream Tail|atk|1\n|-boost|p1a: Scream Tail|def|1\n|\n|upkeep\n|turn|2\n|\n|t:|1701120870\n|move|p1a: Scream Tail|Bulk Up|p1a: Scream Tail\n|-boost|p1a: Scream Tail|atk|1\n|-boost|p1a: Scream Tail|def|1\n|move|p2a: Greninja|Dark Pulse|p1a: Scream Tail\n|-damage|p1a: Scream Tail|69\/100\n|\n|upkeep\n|turn|3\n|\n|t:|1701120881\n|move|p1a: Scream Tail|Bulk Up|p1a: Scream Tail\n|-boost|p1a: Scream Tail|atk|1\n|-boost|p1a: Scream Tail|def|1\n|move|p2a: Greninja|Dark Pulse|p1a: Scream Tail\n|-damage|p1a: Scream Tail|49\/100\n|\n|upkeep\n|turn|4\n|\n|t:|1701120888\n|move|p1a: Scream Tail|Substitute|p1a: Scream Tail\n|-start|p1a: Scream Tail|Substitute\n|-damage|p1a: Scream Tail|24\/100\n|move|p2a: Greninja|U-turn|p1a: Scream Tail\n|-activate|p1a: Scream Tail|move: Substitute|[damage]\n|\n|t:|1701120904\n|switch|p2a: Koraidon|Koraidon|100\/100|[from] U-turn\n|-weather|SunnyDay|[from] ability: Orichalcum Pulse|[of] p2a: Koraidon\n|-activate|p2a: Koraidon|Orichalcum Pulse|[source]\n|\n|-weather|SunnyDay|[upkeep]\n|upkeep\n|turn|5\n|\n|t:|1701120914\n|move|p1a: Scream Tail|Bulk Up|p1a: Scream Tail\n|-boost|p1a: Scream Tail|atk|1\n|-boost|p1a: Scream Tail|def|1\n|move|p2a: Koraidon|Ancient Power|p1a: Scream Tail\n|-activate|p1a: Scream Tail|move: Substitute|[damage]\n|\n|-weather|SunnyDay|[upkeep]\n|upkeep\n|turn|6\n|\n|t:|1701120922\n|move|p1a: Scream Tail|Bulk Up|p1a: Scream Tail\n|-boost|p1a: Scream Tail|atk|1\n|-boost|p1a: Scream Tail|def|1\n|move|p2a: Koraidon|Ancient Power|p1a: Scream Tail\n|-activate|p1a: Scream Tail|move: Substitute|[damage]\n|\n|-weather|SunnyDay|[upkeep]\n|upkeep\n|turn|7\n|\n|t:|1701120930\n|move|p1a: Scream Tail|Bulk Up|p1a: Scream Tail\n|-boost|p1a: Scream Tail|atk|1\n|-boost|p1a: Scream Tail|def|1\n|move|p2a: Koraidon|Agility|p2a: Koraidon\n|-boost|p2a: Koraidon|spe|2\n|\n|-weather|SunnyDay|[upkeep]\n|upkeep\n|turn|8\n|\n|t:|1701120939\n|move|p2a: Koraidon|Bulk Up|p2a: Koraidon\n|-boost|p2a: Koraidon|atk|1\n|-boost|p2a: Koraidon|def|1\n|move|p1a: Scream Tail|Baton Pass|p1a: Scream Tail\n|\n|t:|1701120944\n|-end|p1a: Scream Tail|Protosynthesis|[silent]\n|switch|p1a: Drifblim|Drifblim, M, shiny|100\/100|[from] Baton Pass\n|\n|-weather|none\n|upkeep\n|turn|9\n|\n|t:|1701120949\n|move|p2a: Koraidon|Bulk Up|p2a: Koraidon\n|-boost|p2a: Koraidon|atk|1\n|-boost|p2a: Koraidon|def|1\n|move|p1a: Drifblim|Minimize|p1a: Drifblim\n|-boost|p1a: Drifblim|evasion|2\n|\n|upkeep\n|turn|10\n|\n|t:|1701120961\n|move|p2a: Koraidon|Ancient Power|p1a: Drifblim\n|-supereffective|p1a: Drifblim\n|-end|p1a: Drifblim|Substitute\n|move|p1a: Drifblim|Minimize|p1a: Drifblim\n|-boost|p1a: Drifblim|evasion|2\n|\n|upkeep\n|turn|11\n|\n|t:|1701120967\n|move|p2a: Koraidon|Ancient Power|p1a: Drifblim|[miss]\n|-miss|p2a: Koraidon|p1a: Drifblim\n|move|p1a: Drifblim|Substitute|p1a: Drifblim\n|-start|p1a: Drifblim|Substitute\n|-damage|p1a: Drifblim|75\/100\n|\n|upkeep\n|turn|12\n|\n|t:|1701120972\n|move|p2a: Koraidon|Ancient Power|p1a: Drifblim|[miss]\n|-miss|p2a: Koraidon|p1a: Drifblim\n|move|p1a: Drifblim|Minimize|p1a: Drifblim\n|-boost|p1a: Drifblim|evasion|2\n|\n|upkeep\n|turn|13\n|\n|t:|1701120978\n|move|p2a: Koraidon|Bulk Up|p2a: Koraidon\n|-boost|p2a: Koraidon|atk|1\n|-boost|p2a: Koraidon|def|1\n|move|p1a: Drifblim|Baton Pass|p1a: Drifblim\n|\n|t:|1701120988\n|switch|p1a: Espeon|Espeon, M, shiny|100\/100|[from] Baton Pass\n|\n|upkeep\n|turn|14\n|\n|t:|1701120999\n|switch|p2a: Greninja|Greninja, M|100\/100\n|move|p1a: Espeon|Calm Mind|p1a: Espeon\n|-boost|p1a: Espeon|spa|1\n|-boost|p1a: Espeon|spd|1\n|\n|upkeep\n|turn|15\n|\n|t:|1701121006\n|move|p1a: Espeon|Calm Mind|p1a: Espeon\n|-boost|p1a: Espeon|spa|1\n|-boost|p1a: Espeon|spd|1\n|move|p2a: Greninja|Dark Pulse|p1a: Espeon|[miss]\n|-miss|p2a: Greninja|p1a: Espeon\n|\n|upkeep\n|turn|16\n|\n|t:|1701121014\n|move|p1a: Espeon|Calm Mind|p1a: Espeon\n|-boost|p1a: Espeon|spa|1\n|-boost|p1a: Espeon|spd|1\n|move|p2a: Greninja|Dark Pulse|p1a: Espeon|[miss]\n|-miss|p2a: Greninja|p1a: Espeon\n|\n|upkeep\n|turn|17\n|\n|t:|1701121029\n|move|p1a: Espeon|Calm Mind|p1a: Espeon\n|-boost|p1a: Espeon|spa|1\n|-boost|p1a: Espeon|spd|1\n|move|p2a: Greninja|Dark Pulse|p1a: Espeon|[miss]\n|-miss|p2a: Greninja|p1a: Espeon\n|\n|upkeep\n|turn|18\n|\n|t:|1701121037\n|move|p1a: Espeon|Calm Mind|p1a: Espeon\n|-boost|p1a: Espeon|spa|1\n|-boost|p1a: Espeon|spd|1\n|move|p2a: Greninja|U-turn|p1a: Espeon|[miss]\n|-miss|p2a: Greninja|p1a: Espeon\n|\n|upkeep\n|turn|19\n|c|\u2606sou_ruim_e_nobola|jjjajajjaajajjaa\n|c|\u2606sou_ruim_e_nobola|so luck\n|-message|shad0w99 forfeited.\n|\n|win|sou_ruim_e_nobola\n|raw|sou_ruim_e_nobola's rating: 1007 &rarr; <strong>1048<\/strong><br \/>(+41 for winning)\n|raw|shad0w99's rating: 1022 &rarr; <strong>1008<\/strong><br \/>(-14 for losing)\n|l|\u2606shad0w99\n","uploadtime":1701121057,"views":7,"p1id":"souruimenobola","p2id":"shad0w99","formatid":"gen9anythinggoes","rating":1008,"private":0,"password":""}