{"id":"gen9anythinggoes-1986932881","p1":"fries god","p2":"Rocky&zay","format":"[Gen 9] Anything Goes","log":"|j|\u2606fries god\n|j|\u2606Rocky&zay\n|t:|1699542245\n|gametype|singles\n|player|p1|fries god|hilbert-wonderlauncher|1098\n|player|p2|Rocky&zay|169|1175\n|teamsize|p1|6\n|teamsize|p2|6\n|gen|9\n|tier|[Gen 9] Anything Goes\n|rated|\n|rule|HP Percentage Mod: HP is shown in percentages\n|rule|Endless Battle Clause: Forcing endless battles is banned\n|clearpoke\n|poke|p1|Dragalge, F|\n|poke|p1|Pawmot, M|\n|poke|p1|Electrode|\n|poke|p1|Ceruledge, M|\n|poke|p1|Mimikyu, F|\n|poke|p1|Orthworm, M|\n|poke|p2|Greninja-*, F|\n|poke|p2|Krookodile, M|\n|poke|p2|Mandibuzz, F|\n|poke|p2|Umbreon, F|\n|poke|p2|Kingambit, F|\n|poke|p2|Roaring Moon|\n|teampreview\n|\n|t:|1699542251\n|start\n|switch|p1a: Electrode|Electrode|100\/100\n|switch|p2a: Krookodile|Krookodile, M, shiny|100\/100\n|-ability|p2a: Krookodile|Intimidate|boost\n|-unboost|p1a: Electrode|atk|1\n|turn|1\n|\n|t:|1699542259\n|move|p1a: Electrode|Rain Dance|p1a: Electrode\n|-weather|RainDance\n|move|p2a: Krookodile|Knock Off|p1a: Electrode\n|-damage|p1a: Electrode|29\/100\n|-enditem|p1a: Electrode|Focus Sash|[from] move: Knock Off|[of] p2a: Krookodile\n|\n|-weather|RainDance|[upkeep]\n|upkeep\n|turn|2\n|\n|t:|1699542266\n|move|p1a: Electrode|Explosion|p2a: Krookodile\n|-damage|p2a: Krookodile|70\/100\n|faint|p1a: Electrode\n|move|p2a: Krookodile|Earthquake|p1: Electrode|[notarget]\n|-fail|p2a: Krookodile\n|\n|-weather|RainDance|[upkeep]\n|upkeep\n|\n|t:|1699542275\n|switch|p1a: Orthworm|Orthworm, M|100\/100\n|turn|3\n|\n|t:|1699542288\n|move|p2a: Krookodile|Fire Fang|p1a: Orthworm\n|-supereffective|p1a: Orthworm\n|-damage|p1a: Orthworm|90\/100\n|-status|p1a: Orthworm|brn\n|move|p1a: Orthworm|Shed Tail|p1a: Orthworm\n|-start|p1a: Orthworm|Substitute|[from] move: Shed Tail\n|-damage|p1a: Orthworm|40\/100 brn\n|-enditem|p1a: Orthworm|Sitrus Berry|[eat]\n|-heal|p1a: Orthworm|65\/100 brn|[from] item: Sitrus Berry\n|\n|t:|1699542297\n|switch|p1a: Dragalge|Dragalge, F|100\/100|[from] Shed Tail\n|\n|-weather|RainDance|[upkeep]\n|upkeep\n|turn|4\n|\n|t:|1699542305\n|-terastallize|p1a: Dragalge|Water\n|move|p2a: Krookodile|Earthquake|p1a: Dragalge\n|-end|p1a: Dragalge|Substitute\n|move|p1a: Dragalge|Tera Blast|p2a: Krookodile|[anim] Tera Blast Water\n|-supereffective|p2a: Krookodile\n|-damage|p2a: Krookodile|0 fnt\n|faint|p2a: Krookodile\n|\n|-weather|RainDance|[upkeep]\n|upkeep\n|\n|t:|1699542320\n|switch|p2a: Umbreon|Umbreon, F, shiny|100\/100\n|turn|5\n|\n|t:|1699542325\n|move|p2a: Umbreon|Light Screen|p2a: Umbreon\n|-sidestart|p2: Rocky&zay|move: Light Screen\n|move|p1a: Dragalge|Tera Blast|p2a: Umbreon|[anim] Tera Blast Water\n|-damage|p2a: Umbreon|70\/100\n|\n|-weather|none\n|-heal|p2a: Umbreon|76\/100|[from] item: Leftovers\n|upkeep\n|turn|6\n|\n|t:|1699542338\n|move|p2a: Umbreon|Reflect|p2a: Umbreon\n|-sidestart|p2: Rocky&zay|Reflect\n|move|p1a: Dragalge|Sludge Bomb|p2a: Umbreon\n|-damage|p2a: Umbreon|60\/100\n|\n|-heal|p2a: Umbreon|66\/100|[from] item: Leftovers\n|upkeep\n|turn|7\n|\n|t:|1699542346\n|switch|p2a: Kingambit|Kingambit, F|100\/100\n|move|p1a: Dragalge|Sludge Bomb|p2a: Kingambit\n|-immune|p2a: Kingambit\n|\n|upkeep\n|turn|8\n|\n|t:|1699542356\n|move|p1a: Dragalge|Protect|p1a: Dragalge\n|-singleturn|p1a: Dragalge|Protect\n|move|p2a: Kingambit|Zen Headbutt|p1a: Dragalge\n|-activate|p1a: Dragalge|move: Protect\n|\n|upkeep\n|turn|9\n|\n|t:|1699542365\n|switch|p1a: Ceruledge|Ceruledge, M|100\/100\n|move|p2a: Kingambit|Kowtow Cleave|p1a: Ceruledge\n|-supereffective|p1a: Ceruledge\n|-damage|p1a: Ceruledge|0 fnt\n|faint|p1a: Ceruledge\n|\n|-sideend|p2: Rocky&zay|move: Light Screen\n|upkeep\n|\n|t:|1699542377\n|switch|p1a: Pawmot|Pawmot, M|100\/100\n|turn|10\n|\n|t:|1699542383\n|move|p1a: Pawmot|Fake Out|p2a: Kingambit\n|-resisted|p2a: Kingambit\n|-damage|p2a: Kingambit|98\/100\n|cant|p2a: Kingambit|flinch\n|\n|-sideend|p2: Rocky&zay|Reflect\n|upkeep\n|turn|11\n|\n|t:|1699542394\n|move|p1a: Pawmot|Close Combat|p2a: Kingambit\n|-supereffective|p2a: Kingambit\n|-damage|p2a: Kingambit|0 fnt\n|-unboost|p1a: Pawmot|def|1\n|-unboost|p1a: Pawmot|spd|1\n|faint|p2a: Kingambit\n|\n|upkeep\n|\n|t:|1699542403\n|switch|p2a: Mandibuzz|Mandibuzz, F, shiny|100\/100\n|turn|12\n|\n|t:|1699542413\n|-terastallize|p2a: Mandibuzz|Electric\n|move|p1a: Pawmot|Double Shock|p2a: Mandibuzz\n|-resisted|p2a: Mandibuzz\n|-damage|p2a: Mandibuzz|76\/100\n|-start|p1a: Pawmot|typechange|???\/Fighting|[from] move: Double Shock\n|move|p2a: Mandibuzz|Bone Rush|p1a: Pawmot\n|-damage|p1a: Pawmot|90\/100\n|-damage|p1a: Pawmot|77\/100\n|-hitcount|p1a: Pawmot|2\n|\n|upkeep\n|turn|13\n|\n|t:|1699542427\n|move|p1a: Pawmot|Revival Blessing|p1a: Pawmot\n|\n|t:|1699542431\n|-heal|p1: Electrode|50\/100|[from] move: Revival Blessing\n|move|p2a: Mandibuzz|Air Slash|p1a: Pawmot\n|-supereffective|p1a: Pawmot\n|-damage|p1a: Pawmot|0 fnt\n|faint|p1a: Pawmot\n|\n|upkeep\n|\n|t:|1699542441\n|switch|p1a: Electrode|Electrode|50\/100\n|turn|14\n|\n|t:|1699542446\n|move|p1a: Electrode|Rain Dance|p1a: Electrode\n|-weather|RainDance\n|move|p2a: Mandibuzz|Bone Rush|p1a: Electrode\n|-supereffective|p1a: Electrode\n|-damage|p1a: Electrode|35\/100\n|-supereffective|p1a: Electrode\n|-damage|p1a: Electrode|19\/100\n|-supereffective|p1a: Electrode\n|-damage|p1a: Electrode|2\/100\n|-hitcount|p1a: Electrode|3\n|\n|-weather|RainDance|[upkeep]\n|upkeep\n|turn|15\n|\n|t:|1699542456\n|move|p1a: Electrode|Explosion|p2a: Mandibuzz\n|-damage|p2a: Mandibuzz|33\/100\n|faint|p1a: Electrode\n|move|p2a: Mandibuzz|Roost|p2a: Mandibuzz\n|-heal|p2a: Mandibuzz|84\/100\n|\n|-weather|RainDance|[upkeep]\n|upkeep\n|\n|t:|1699542466\n|switch|p1a: Orthworm|Orthworm, M|65\/100 brn\n|turn|16\n|\n|t:|1699542480\n|move|p2a: Mandibuzz|Air Slash|p1a: Orthworm\n|-resisted|p1a: Orthworm\n|-crit|p1a: Orthworm\n|-damage|p1a: Orthworm|39\/100 brn\n|move|p1a: Orthworm|Shed Tail|p1a: Orthworm\n|-fail|p1a: Orthworm|move: Shed Tail|[weak]\n|\n|-weather|RainDance|[upkeep]\n|-damage|p1a: Orthworm|33\/100 brn|[from] brn\n|upkeep\n|turn|17\n|\n|t:|1699542491\n|move|p2a: Mandibuzz|Air Slash|p1a: Orthworm\n|-resisted|p1a: Orthworm\n|-damage|p1a: Orthworm|19\/100 brn\n|cant|p1a: Orthworm|flinch\n|\n|-weather|RainDance|[upkeep]\n|-damage|p1a: Orthworm|13\/100 brn|[from] brn\n|upkeep\n|turn|18\n|\n|t:|1699542501\n|move|p2a: Mandibuzz|Roost|p2a: Mandibuzz\n|-heal|p2a: Mandibuzz|100\/100\n|move|p1a: Orthworm|Stomping Tantrum|p2a: Mandibuzz\n|-supereffective|p2a: Mandibuzz\n|-crit|p2a: Mandibuzz\n|-damage|p2a: Mandibuzz|60\/100\n|\n|-weather|none\n|-damage|p1a: Orthworm|7\/100 brn|[from] brn\n|upkeep\n|turn|19\n|\n|t:|1699542511\n|move|p2a: Mandibuzz|Air Slash|p1a: Orthworm\n|-resisted|p1a: Orthworm\n|-damage|p1a: Orthworm|0 fnt\n|faint|p1a: Orthworm\n|\n|upkeep\n|\n|t:|1699542517\n|switch|p1a: Mimikyu|Mimikyu, F|100\/100\n|turn|20\n|\n|t:|1699542523\n|move|p1a: Mimikyu|Swords Dance|p1a: Mimikyu\n|-boost|p1a: Mimikyu|atk|2\n|move|p2a: Mandibuzz|Bone Rush|p1a: Mimikyu\n|-activate|p1a: Mimikyu|ability: Disguise\n|-damage|p1a: Mimikyu|100\/100\n|detailschange|p1a: Mimikyu|Mimikyu-Busted, F\n|-damage|p1a: Mimikyu|88\/100|[from] pokemon: Mimikyu-Busted\n|-damage|p1a: Mimikyu|81\/100\n|-damage|p1a: Mimikyu|73\/100\n|-hitcount|p1a: Mimikyu|3\n|\n|upkeep\n|turn|21\n|\n|t:|1699542545\n|move|p1a: Mimikyu|Drain Punch|p2a: Mandibuzz\n|-damage|p2a: Mandibuzz|17\/100\n|-heal|p1a: Mimikyu|100\/100|[from] drain|[of] p2a: Mandibuzz\n|-damage|p1a: Mimikyu|91\/100|[from] item: Life Orb\n|move|p2a: Mandibuzz|Roost|p2a: Mandibuzz\n|-heal|p2a: Mandibuzz|67\/100\n|\n|upkeep\n|turn|22\n|\n|t:|1699542571\n|move|p1a: Mimikyu|Swords Dance|p1a: Mimikyu\n|-boost|p1a: Mimikyu|atk|2\n|move|p2a: Mandibuzz|Bone Rush|p1a: Mimikyu\n|-damage|p1a: Mimikyu|83\/100\n|-damage|p1a: Mimikyu|76\/100\n|-hitcount|p1a: Mimikyu|2\n|\n|upkeep\n|turn|23\n|\n|t:|1699542580\n|move|p1a: Mimikyu|Swords Dance|p1a: Mimikyu\n|-boost|p1a: Mimikyu|atk|2\n|move|p2a: Mandibuzz|Air Slash|p1a: Mimikyu\n|-damage|p1a: Mimikyu|49\/100\n|\n|upkeep\n|turn|24\n|\n|t:|1699542587\n|move|p1a: Mimikyu|Drain Punch|p2a: Mandibuzz\n|-damage|p2a: Mandibuzz|0 fnt\n|-heal|p1a: Mimikyu|96\/100|[from] drain|[of] p2a: Mandibuzz\n|faint|p2a: Mandibuzz\n|-damage|p1a: Mimikyu|86\/100|[from] item: Life Orb\n|\n|upkeep\n|\n|t:|1699542595\n|switch|p2a: Greninja|Greninja, F, shiny|100\/100\n|turn|25\n|\n|t:|1699542602\n|move|p1a: Mimikyu|Drain Punch|p2a: Greninja\n|-supereffective|p2a: Greninja\n|-damage|p2a: Greninja|0 fnt\n|-heal|p1a: Mimikyu|100\/100|[from] drain|[of] p2a: Greninja\n|faint|p2a: Greninja\n|-damage|p1a: Mimikyu|91\/100|[from] item: Life Orb\n|\n|upkeep\n|-message|Rocky&zay forfeited.\n|\n|win|fries god\n|raw|fries god's rating: 1098 &rarr; <strong>1129<\/strong><br \/>(+31 for winning)\n|raw|Rocky&amp;zay's rating: 1175 &rarr; <strong>1145<\/strong><br \/>(-30 for losing)\n|l|\u2606Rocky&zay\n","uploadtime":1699542626,"views":28,"p1id":"friesgod","p2id":"rockyzay","formatid":"gen9anythinggoes","rating":1129,"private":0,"password":""}