{"id":"gen9anythinggoes-1985910019","p1":"Xelvaza","p2":"Thracia775","format":"[Gen 9] Anything Goes","log":"|j|\u2606Xelvaza\n|j|\u2606Thracia775\n|t:|1699421173\n|gametype|singles\n|player|p1|Xelvaza|2|\n|player|p2|Thracia775|rosa|\n|teamsize|p1|6\n|teamsize|p2|6\n|gen|9\n|tier|[Gen 9] Anything Goes\n|rule|HP Percentage Mod: HP is shown in percentages\n|rule|Endless Battle Clause: Forcing endless battles is banned\n|clearpoke\n|poke|p1|Klawf, F|\n|poke|p1|Sandslash, F|\n|poke|p1|Charizard, M|\n|poke|p1|Passimian, M|\n|poke|p1|Toedscruel, M|\n|poke|p1|Chimecho, F|\n|poke|p2|Zoroark-Hisui, F|\n|poke|p2|Mismagius, F|\n|poke|p2|Slaking, F|\n|poke|p2|Veluza, F|\n|poke|p2|Volbeat, M|\n|poke|p2|Orthworm, F|\n|teampreview\n|\n|t:|1699421247\n|start\n|switch|p1a: Toadsworth|Toedscruel, M|100\/100\n|switch|p2a: Orthworm|Orthworm, F|100\/100\n|turn|1\n|\n|t:|1699421267\n|move|p2a: Orthworm|Shed Tail|p2a: Orthworm\n|-start|p2a: Orthworm|Substitute|[from] move: Shed Tail\n|-damage|p2a: Orthworm|50\/100\n|\n|t:|1699421292\n|switch|p2a: Veluza|Veluza, F|100\/100|[from] Shed Tail\n|move|p1a: Toadsworth|Spore||[still]\n|-fail|p1a: Toadsworth\n|\n|upkeep\n|turn|2\n|\n|t:|1699421305\n|move|p1a: Toadsworth|Foul Play|p2a: Veluza\n|-supereffective|p2a: Veluza\n|-end|p2a: Veluza|Substitute\n|move|p2a: Veluza|Fillet Away|p2a: Veluza\n|-boost|p2a: Veluza|atk|2\n|-boost|p2a: Veluza|spa|2\n|-boost|p2a: Veluza|spe|2\n|-damage|p2a: Veluza|50\/100\n|\n|upkeep\n|turn|3\n|\n|t:|1699421378\n|move|p2a: Veluza|Psycho Cut|p1a: Toadsworth\n|-crit|p1a: Toadsworth\n|-damage|p1a: Toadsworth|0 fnt\n|faint|p1a: Toadsworth\n|\n|upkeep\n|\n|t:|1699421428\n|switch|p1a: Frodo|Sandslash, F|100\/100\n|turn|4\n|\n|t:|1699421439\n|-terastallize|p2a: Veluza|Water\n|-terastallize|p1a: Frodo|Bug\n|move|p2a: Veluza|Aqua Cutter|p1a: Frodo\n|-damage|p1a: Frodo|0 fnt\n|faint|p1a: Frodo\n|\n|upkeep\n|\n|t:|1699421459\n|switch|p1a: TRAAANS!!|Passimian, M|100\/100\n|turn|5\n|\n|t:|1699421470\n|move|p2a: Veluza|Psycho Cut|p1a: TRAAANS!!\n|-supereffective|p1a: TRAAANS!!\n|-crit|p1a: TRAAANS!!\n|-damage|p1a: TRAAANS!!|0 fnt\n|faint|p1a: TRAAANS!!\n|\n|upkeep\n|\n|t:|1699421480\n|switch|p1a: Klawfull|Klawf, F|100\/100\n|turn|6\n|\n|t:|1699421486\n|move|p2a: Veluza|Aqua Cutter|p1a: Klawfull\n|-supereffective|p1a: Klawfull\n|-crit|p1a: Klawfull\n|-damage|p1a: Klawfull|0 fnt\n|faint|p1a: Klawfull\n|\n|upkeep\n|\n|t:|1699421491\n|switch|p1a: sonias eyes|Charizard, M|100\/100\n|turn|7\n|\n|t:|1699421499\n|move|p2a: Veluza|Aqua Cutter|p1a: sonias eyes\n|-supereffective|p1a: sonias eyes\n|-damage|p1a: sonias eyes|0 fnt\n|faint|p1a: sonias eyes\n|\n|upkeep\n|\n|t:|1699421504\n|switch|p1a: beloved <3|Chimecho, F|100\/100\n|turn|8\n|\n|t:|1699421513\n|move|p2a: Veluza|Aqua Cutter|p1a: beloved <3\n|-damage|p1a: beloved <3|0 fnt\n|faint|p1a: beloved <3\n|\n|win|Thracia775\n|l|\u2606Thracia775\n|l|\u2606Xelvaza\n|j|\u2606Thracia775\n|player|p2|Thracia775|rosa\n","uploadtime":1699421566,"views":10,"p1id":"xelvaza","p2id":"thracia775","formatid":"gen9anythinggoes","rating":0,"private":0,"password":""}