{"id":"gen9anythinggoes-1989965589","p1":"ArGb","p2":"beyondXneuxs","format":"[Gen 9] Anything Goes","log":"|j|\u2606ArGb\n|j|\u2606beyondXneuxs\n|t:|1699910842\n|gametype|singles\n|player|p1|ArGb|265|1096\n|player|p2|beyondXneuxs|266|1160\n|teamsize|p1|6\n|teamsize|p2|5\n|gen|9\n|tier|[Gen 9] Anything Goes\n|rated|\n|rule|HP Percentage Mod: HP is shown in percentages\n|rule|Endless Battle Clause: Forcing endless battles is banned\n|clearpoke\n|poke|p1|Klefki, F|\n|poke|p1|Calyrex-Shadow|\n|poke|p1|Ogerpon, F|\n|poke|p1|Kingambit, M|\n|poke|p1|Giratina-Origin|\n|poke|p1|Ursaluna, F|\n|poke|p2|Drifblim, M|\n|poke|p2|Ribombee, M|\n|poke|p2|Gliscor, M|\n|poke|p2|Calyrex-Shadow|\n|poke|p2|Zacian-*|\n|teampreview\n|\n|t:|1699910852\n|start\n|switch|p1a: Zelda|Calyrex-Shadow|100\/100\n|switch|p2a: Clodsire|Drifblim, M|100\/100\n|-ability|p1a: Zelda|As One\n|-ability|p1a: Zelda|Unnerve\n|turn|1\n|\n|t:|1699910864\n|-terastallize|p2a: Clodsire|Normal\n|move|p1a: Zelda|Astral Barrage|p2a: Clodsire\n|-immune|p2a: Clodsire\n|move|p2a: Clodsire|Minimize|p2a: Clodsire\n|-boost|p2a: Clodsire|evasion|2\n|\n|upkeep\n|turn|2\n|c|\u2606beyondXneuxs|????\n|\n|t:|1699910873\n|switch|p1a: Fat Man|Kingambit, M|100\/100\n|move|p2a: Clodsire|Minimize|p2a: Clodsire\n|-boost|p2a: Clodsire|evasion|2\n|\n|upkeep\n|turn|3\n|\n|t:|1699910881\n|move|p2a: Clodsire|Minimize|p2a: Clodsire\n|-boost|p2a: Clodsire|evasion|2\n|move|p1a: Fat Man|Kowtow Cleave|p2a: Clodsire\n|-damage|p2a: Clodsire|18\/100\n|-damage|p1a: Fat Man|84\/100|[from] item: Rocky Helmet|[of] p2a: Clodsire\n|-damage|p1a: Fat Man|74\/100|[from] item: Life Orb\n|\n|upkeep\n|turn|4\n|\n|t:|1699910912\n|move|p2a: Clodsire|Baton Pass|p2a: Clodsire\n|\n|t:|1699910924\n|switch|p2a: Clodsire|Zacian-Crowned, shiny|100\/100|[from] Baton Pass\n|-ability|p2a: Clodsire|Intrepid Sword|boost\n|-boost|p2a: Clodsire|atk|1\n|move|p1a: Fat Man|Kowtow Cleave|p2a: Clodsire\n|-resisted|p2a: Clodsire\n|-damage|p2a: Clodsire|70\/100\n|-damage|p1a: Fat Man|64\/100|[from] item: Life Orb\n|\n|upkeep\n|turn|5\n|\n|t:|1699910936\n|move|p2a: Clodsire|Close Combat|p1a: Fat Man\n|-supereffective|p1a: Fat Man\n|-damage|p1a: Fat Man|0 fnt\n|-unboost|p2a: Clodsire|def|1\n|-unboost|p2a: Clodsire|spd|1\n|faint|p1a: Fat Man\n|-end|p1a: Fat Man|fallenundefined|[silent]\n|\n|upkeep\n|\n|t:|1699910945\n|switch|p1a: Forest Fires|Ursaluna, F, shiny|100\/100\n|turn|6\n|\n|t:|1699910953\n|move|p2a: Clodsire|Close Combat|p1a: Forest Fires\n|-supereffective|p1a: Forest Fires\n|-crit|p1a: Forest Fires\n|-damage|p1a: Forest Fires|0 fnt\n|-unboost|p2a: Clodsire|def|1\n|-unboost|p2a: Clodsire|spd|1\n|faint|p1a: Forest Fires\n|\n|upkeep\n|\n|t:|1699910960\n|switch|p1a: DnD|Giratina-Origin, shiny|100\/100\n|turn|7\n|c|\u2606beyondXneuxs|yoink\n|\n|t:|1699910968\n|move|p2a: Clodsire|Play Rough|p1a: DnD\n|-supereffective|p1a: DnD\n|-damage|p1a: DnD|0 fnt\n|faint|p1a: DnD\n|\n|upkeep\n|c|\u2606beyondXneuxs|yoink\n|\n|t:|1699910975\n|switch|p1a: Omega Satan|Klefki, F, shiny|100\/100\n|turn|8\n|\n|t:|1699910980\n|move|p1a: Omega Satan|Thunder Wave|p2a: Clodsire|[miss]\n|-miss|p1a: Omega Satan|p2a: Clodsire\n|move|p2a: Clodsire|Close Combat|p1a: Omega Satan\n|-damage|p1a: Omega Satan|11\/100\n|-unboost|p2a: Clodsire|def|1\n|-unboost|p2a: Clodsire|spd|1\n|\n|upkeep\n|turn|9\n|\n|t:|1699910988\n|move|p1a: Omega Satan|Reflect|p1a: Omega Satan\n|-sidestart|p1: ArGb|Reflect\n|move|p2a: Clodsire|Play Rough|p1a: Omega Satan\n|-resisted|p1a: Omega Satan\n|-damage|p1a: Omega Satan|0 fnt\n|faint|p1a: Omega Satan\n|\n|upkeep\n|c|\u2606beyondXneuxs|yoink\n|\n|t:|1699910995\n|switch|p1a: Nifty|Ogerpon, F|100\/100\n|turn|10\n|\n|t:|1699911000\n|move|p2a: Clodsire|Swords Dance|p2a: Clodsire\n|-boost|p2a: Clodsire|atk|2\n|move|p1a: Nifty|Trailblaze|p2a: Clodsire|[miss]\n|-miss|p1a: Nifty|p2a: Clodsire\n|\n|upkeep\n|turn|11\n|\n|t:|1699911007\n|move|p2a: Clodsire|Swords Dance|p2a: Clodsire\n|-boost|p2a: Clodsire|atk|2\n|move|p1a: Nifty|Trailblaze|p2a: Clodsire\n|-resisted|p2a: Clodsire\n|-damage|p2a: Clodsire|25\/100\n|-boost|p1a: Nifty|spe|1\n|\n|upkeep\n|turn|12\n|\n|t:|1699911017\n|move|p1a: Nifty|Trailblaze|p2a: Clodsire|[miss]\n|-miss|p1a: Nifty|p2a: Clodsire\n|move|p2a: Clodsire|Close Combat|p1a: Nifty\n|-damage|p1a: Nifty|0 fnt\n|-unboost|p2a: Clodsire|def|1\n|-unboost|p2a: Clodsire|spd|1\n|faint|p1a: Nifty\n|\n|upkeep\n|c|\u2606beyondXneuxs|yoink\n|\n|t:|1699911026\n|switch|p1a: Zelda|Calyrex-Shadow|100\/100\n|-ability|p1a: Zelda|As One\n|-ability|p1a: Zelda|Unnerve\n|turn|13\n|\n|t:|1699911033\n|move|p1a: Zelda|Astral Barrage|p2a: Clodsire|[miss]\n|-miss|p1a: Zelda|p2a: Clodsire\n|move|p2a: Clodsire|Play Rough|p1a: Zelda\n|-damage|p1a: Zelda|0 fnt\n|faint|p1a: Zelda\n|\n|win|beyondXneuxs\n|raw|ArGb's rating: 1096 &rarr; <strong>1076<\/strong><br \/>(-20 for losing)\n|raw|beyondXneuxs's rating: 1160 &rarr; <strong>1180<\/strong><br \/>(+20 for winning)\n|c|\u2606beyondXneuxs|yoink\n|l|\u2606ArGb\n|c|\u2606beyondXneuxs|gg\n","uploadtime":1699911046,"views":7,"p1id":"argb","p2id":"beyondxneuxs","formatid":"gen9anythinggoes","rating":1076,"private":0,"password":""}