{"id":"gen9anythinggoes-1990300964","p1":"SoulOfTheLunar","p2":"flouis","format":"[Gen 9] Anything Goes","log":"|j|\u2606SoulOfTheLunar\n|j|\u2606flouis\n|t:|1699953278\n|gametype|singles\n|player|p1|SoulOfTheLunar|170|1179\n|player|p2|flouis|1|1255\n|teamsize|p1|6\n|teamsize|p2|6\n|gen|9\n|tier|[Gen 9] Anything Goes\n|rated|\n|rule|HP Percentage Mod: HP is shown in percentages\n|rule|Endless Battle Clause: Forcing endless battles is banned\n|clearpoke\n|poke|p1|Arceus|\n|poke|p1|Arceus|\n|poke|p1|Arceus|\n|poke|p1|Arceus|\n|poke|p1|Arceus|\n|poke|p1|Arceus|\n|poke|p2|Abomasnow, M|\n|poke|p2|Beartic, M|\n|poke|p2|Mamoswine, M|\n|poke|p2|Ninetales-Alola, F|\n|poke|p2|Sandslash-Alola, M|\n|poke|p2|Glalie, M|\n|teampreview\n|inactive|Battle timer is ON: inactive players will automatically lose when time's up. (requested by flouis)\n|\n|t:|1699953289\n|start\n|switch|p1a: Arceus|Arceus|100\/100\n|switch|p2a: Ninetales|Ninetales-Alola, F|100\/100\n|-weather|Snow|[from] ability: Snow Warning|[of] p2a: Ninetales\n|turn|1\n|\n|t:|1699953295\n|move|p2a: Ninetales|Aurora Veil|p2a: Ninetales\n|-sidestart|p2: flouis|move: Aurora Veil\n|move|p1a: Arceus|Swords Dance|p1a: Arceus\n|-boost|p1a: Arceus|atk|2\n|\n|-weather|Snow|[upkeep]\n|upkeep\n|turn|2\n|\n|t:|1699953304\n|move|p2a: Ninetales|Blizzard|p1a: Arceus\n|-damage|p1a: Arceus|75\/100\n|move|p1a: Arceus|Swords Dance|p1a: Arceus\n|-boost|p1a: Arceus|atk|2\n|\n|-weather|Snow|[upkeep]\n|upkeep\n|turn|3\n|\n|t:|1699953309\n|move|p2a: Ninetales|Blizzard|p1a: Arceus\n|-damage|p1a: Arceus|46\/100\n|move|p1a: Arceus|Swords Dance|p1a: Arceus\n|-boost|p1a: Arceus|atk|2\n|\n|-weather|Snow|[upkeep]\n|upkeep\n|turn|4\n|\n|t:|1699953325\n|move|p1a: Arceus|Extreme Speed|p2a: Ninetales\n|-damage|p2a: Ninetales|5\/100\n|move|p2a: Ninetales|Blizzard|p1a: Arceus\n|-damage|p1a: Arceus|20\/100\n|\n|-weather|Snow|[upkeep]\n|upkeep\n|turn|5\n|\n|t:|1699953333\n|move|p1a: Arceus|Extreme Speed|p2a: Ninetales\n|-damage|p2a: Ninetales|0 fnt\n|faint|p2a: Ninetales\n|\n|-weather|none\n|upkeep\n|\n|t:|1699953348\n|switch|p2a: anti hazards|Sandslash-Alola, M|100\/100\n|-item|p2a: anti hazards|Air Balloon\n|turn|6\n|\n|t:|1699953354\n|move|p1a: Arceus|Earthquake|p2a: anti hazards\n|-immune|p2a: anti hazards\n|move|p2a: anti hazards|Earthquake|p1a: Arceus\n|-damage|p1a: Arceus|0 fnt\n|faint|p1a: Arceus\n|\n|upkeep\n|\n|t:|1699953365\n|switch|p1a: Arceus|Arceus|100\/100\n|turn|7\n|\n|t:|1699953371\n|move|p1a: Arceus|Swords Dance|p1a: Arceus\n|-boost|p1a: Arceus|atk|2\n|move|p2a: anti hazards|Earthquake|p1a: Arceus\n|-damage|p1a: Arceus|75\/100\n|\n|upkeep\n|turn|8\n|\n|t:|1699953380\n|move|p1a: Arceus|Shadow Claw|p2a: anti hazards\n|-damage|p2a: anti hazards|71\/100\n|-enditem|p2a: anti hazards|Air Balloon\n|-damage|p1a: Arceus|65\/100|[from] item: Life Orb\n|move|p2a: anti hazards|Earthquake|p1a: Arceus\n|-damage|p1a: Arceus|40\/100\n|\n|-sideend|p2: flouis|move: Aurora Veil\n|upkeep\n|turn|9\n|\n|t:|1699953390\n|move|p1a: Arceus|Earthquake|p2a: anti hazards\n|-supereffective|p2a: anti hazards\n|-damage|p2a: anti hazards|0 fnt\n|faint|p2a: anti hazards\n|-damage|p1a: Arceus|30\/100|[from] item: Life Orb\n|\n|upkeep\n|inactive|flouis has 120 seconds left.\n|\n|t:|1699953443\n|switch|p2a: Mamoswine|Mamoswine, M|100\/100\n|turn|10\n|\n|t:|1699953450\n|-terastallize|p1a: Arceus|Normal\n|move|p1a: Arceus|Extreme Speed|p2a: Mamoswine\n|-damage|p2a: Mamoswine|0 fnt\n|faint|p2a: Mamoswine\n|-damage|p1a: Arceus|20\/100|[from] item: Life Orb\n|\n|upkeep\n|\n|t:|1699953457\n|switch|p2a: Abomasnow|Abomasnow, M, shiny|100\/100\n|-weather|Snow|[from] ability: Snow Warning|[of] p2a: Abomasnow\n|turn|11\n|\n|t:|1699953461\n|move|p1a: Arceus|Extreme Speed|p2a: Abomasnow\n|-damage|p2a: Abomasnow|0 fnt\n|faint|p2a: Abomasnow\n|-damage|p1a: Arceus|10\/100|[from] item: Life Orb\n|\n|-weather|Snow|[upkeep]\n|upkeep\n|c|\u2606SoulOfTheLunar|Obamna\n|inactive|flouis has 90 seconds left.\n|\n|t:|1699953494\n|switch|p2a: Beartic|Beartic, M|100\/100\n|turn|12\n|\n|t:|1699953505\n|move|p1a: Arceus|Extreme Speed|p2a: Beartic\n|-damage|p2a: Beartic|0 fnt\n|faint|p2a: Beartic\n|-damage|p1a: Arceus|0 fnt|[from] item: Life Orb\n|faint|p1a: Arceus\n|\n|-weather|Snow|[upkeep]\n|upkeep\n|\n|t:|1699953509\n|switch|p1a: Arceus|Arceus|100\/100\n|switch|p2a: mood|Glalie, M, shiny|100\/100\n|turn|13\n|\n|t:|1699953515\n|move|p1a: Arceus|Extreme Speed|p2a: mood\n|-damage|p2a: mood|45\/100\n|-damage|p1a: Arceus|91\/100|[from] item: Life Orb\n|move|p2a: mood|Substitute|p2a: mood\n|-start|p2a: mood|Substitute\n|-damage|p2a: mood|20\/100\n|\n|-weather|Snow|[upkeep]\n|-heal|p2a: mood|26\/100|[from] item: Leftovers\n|-ability|p2a: mood|Moody|boost\n|-boost|p2a: mood|spa|2\n|-unboost|p2a: mood|spd|1\n|upkeep\n|turn|14\n|inactive|flouis has 120 seconds left.\n|\n|t:|1699953523\n|move|p2a: mood|Protect|p2a: mood\n|-singleturn|p2a: mood|Protect\n|move|p1a: Arceus|Swords Dance|p1a: Arceus\n|-boost|p1a: Arceus|atk|2\n|\n|-weather|Snow|[upkeep]\n|-heal|p2a: mood|32\/100|[from] item: Leftovers\n|-ability|p2a: mood|Moody|boost\n|-boost|p2a: mood|spd|2\n|-unboost|p2a: mood|def|1\n|upkeep\n|turn|15\n|inactive|flouis has 120 seconds left.\n|\n|t:|1699953536\n|-terastallize|p2a: mood|Ghost\n|move|p1a: Arceus|Extreme Speed|p2a: mood\n|-immune|p2a: mood\n|move|p2a: mood|Freeze-Dry|p1a: Arceus\n|-damage|p1a: Arceus|51\/100\n|-status|p1a: Arceus|frz\n|\n|-weather|none\n|-heal|p2a: mood|38\/100|[from] item: Leftovers\n|-ability|p2a: mood|Moody|boost\n|-boost|p2a: mood|spa|2\n|-unboost|p2a: mood|spe|1\n|upkeep\n|turn|16\n|inactive|flouis has 120 seconds left.\n|\n|t:|1699953552\n|-curestatus|p1a: Arceus|frz|[msg]\n|move|p1a: Arceus|Shadow Claw|p2a: mood\n|-supereffective|p2a: mood\n|-end|p2a: mood|Substitute\n|-damage|p1a: Arceus|41\/100|[from] item: Life Orb\n|move|p2a: mood|Substitute|p2a: mood\n|-start|p2a: mood|Substitute\n|-damage|p2a: mood|13\/100\n|\n|-heal|p2a: mood|19\/100|[from] item: Leftovers\n|-ability|p2a: mood|Moody|boost\n|-boost|p2a: mood|atk|2\n|-unboost|p2a: mood|def|1\n|upkeep\n|turn|17\n|inactive|flouis has 120 seconds left.\n|\n|t:|1699953564\n|move|p2a: mood|Protect|p2a: mood\n|-singleturn|p2a: mood|Protect\n|move|p1a: Arceus|Shadow Claw|p2a: mood\n|-activate|p2a: mood|move: Protect\n|\n|-heal|p2a: mood|25\/100|[from] item: Leftovers\n|-ability|p2a: mood|Moody|boost\n|-boost|p2a: mood|atk|2\n|-unboost|p2a: mood|spe|1\n|upkeep\n|turn|18\n|inactive|flouis has 120 seconds left.\n|\n|t:|1699953582\n|move|p2a: mood|Protect|p2a: mood\n|-singleturn|p2a: mood|Protect\n|move|p1a: Arceus|Shadow Claw|p2a: mood\n|-activate|p2a: mood|move: Protect\n|\n|-heal|p2a: mood|31\/100|[from] item: Leftovers\n|-ability|p2a: mood|Moody|boost\n|-boost|p2a: mood|spe|2\n|-unboost|p2a: mood|spd|1\n|upkeep\n|turn|19\n|\n|t:|1699953593\n|move|p1a: Arceus|Swords Dance|p1a: Arceus\n|-boost|p1a: Arceus|atk|2\n|move|p2a: mood|Freeze-Dry|p1a: Arceus\n|-damage|p1a: Arceus|0 fnt\n|faint|p1a: Arceus\n|\n|-heal|p2a: mood|37\/100|[from] item: Leftovers\n|-ability|p2a: mood|Moody|boost\n|-boost|p2a: mood|spe|2\n|-unboost|p2a: mood|spa|1\n|upkeep\n|\n|t:|1699953606\n|switch|p1a: Arceus|Arceus|100\/100\n|turn|20\n|\n|t:|1699953610\n|move|p2a: mood|Freeze-Dry|p1a: Arceus\n|-damage|p1a: Arceus|52\/100\n|move|p1a: Arceus|Shadow Claw|p2a: mood\n|-supereffective|p2a: mood\n|-end|p2a: mood|Substitute\n|\n|-heal|p2a: mood|43\/100|[from] item: Leftovers\n|-ability|p2a: mood|Moody|boost\n|-boost|p2a: mood|spe|2\n|-unboost|p2a: mood|spd|1\n|upkeep\n|turn|21\n|\n|t:|1699953620\n|move|p2a: mood|Protect|p2a: mood\n|-singleturn|p2a: mood|Protect\n|move|p1a: Arceus|Shadow Claw|p2a: mood\n|-activate|p2a: mood|move: Protect\n|\n|-heal|p2a: mood|49\/100|[from] item: Leftovers\n|-ability|p2a: mood|Moody|boost\n|-boost|p2a: mood|atk|2\n|-unboost|p2a: mood|spa|1\n|upkeep\n|turn|22\n|inactive|flouis has 120 seconds left.\n|\n|t:|1699953636\n|move|p2a: mood|Substitute|p2a: mood\n|-start|p2a: mood|Substitute\n|-damage|p2a: mood|24\/100\n|move|p1a: Arceus|Shadow Claw|p2a: mood\n|-supereffective|p2a: mood\n|-crit|p2a: mood\n|-end|p2a: mood|Substitute\n|\n|-heal|p2a: mood|30\/100|[from] item: Leftovers\n|-ability|p2a: mood|Moody|boost\n|-boost|p2a: mood|def|2\n|-unboost|p2a: mood|spd|1\n|upkeep\n|turn|23\n|inactive|flouis has 120 seconds left.\n|\n|t:|1699953652\n|move|p2a: mood|Protect|p2a: mood\n|-singleturn|p2a: mood|Protect\n|move|p1a: Arceus|Shadow Claw|p2a: mood\n|-activate|p2a: mood|move: Protect\n|\n|-heal|p2a: mood|36\/100|[from] item: Leftovers\n|-ability|p2a: mood|Moody|boost\n|-boost|p2a: mood|spe|2\n|-unboost|p2a: mood|def|1\n|upkeep\n|turn|24\n|inactive|flouis has 120 seconds left.\n|\n|t:|1699953665\n|move|p2a: mood|Substitute|p2a: mood\n|-start|p2a: mood|Substitute\n|-damage|p2a: mood|11\/100\n|move|p1a: Arceus|Shadow Claw|p2a: mood\n|-supereffective|p2a: mood\n|-end|p2a: mood|Substitute\n|\n|-heal|p2a: mood|17\/100|[from] item: Leftovers\n|-ability|p2a: mood|Moody|boost\n|-boost|p2a: mood|spa|2\n|-unboost|p2a: mood|spd|1\n|upkeep\n|turn|25\n|inactive|flouis has 120 seconds left.\n|\n|t:|1699953675\n|move|p2a: mood|Protect|p2a: mood\n|-singleturn|p2a: mood|Protect\n|move|p1a: Arceus|Shadow Claw|p2a: mood\n|-activate|p2a: mood|move: Protect\n|\n|-heal|p2a: mood|23\/100|[from] item: Leftovers\n|-ability|p2a: mood|Moody|boost\n|-boost|p2a: mood|spa|2\n|-unboost|p2a: mood|atk|1\n|upkeep\n|turn|26\n|inactive|flouis has 120 seconds left.\n|\n|t:|1699953686\n|move|p2a: mood|Freeze-Dry|p1a: Arceus\n|-damage|p1a: Arceus|0 fnt\n|faint|p1a: Arceus\n|\n|-heal|p2a: mood|29\/100|[from] item: Leftovers\n|-ability|p2a: mood|Moody|boost\n|-boost|p2a: mood|def|2\n|-unboost|p2a: mood|atk|1\n|upkeep\n|\n|t:|1699953691\n|switch|p1a: Arceus|Arceus|100\/100\n|turn|27\n|inactive|flouis has 120 seconds left.\n|\n|t:|1699953709\n|move|p2a: mood|Protect|p2a: mood\n|-singleturn|p2a: mood|Protect\n|move|p1a: Arceus|Shadow Claw|p2a: mood\n|-activate|p2a: mood|move: Protect\n|\n|-heal|p2a: mood|35\/100|[from] item: Leftovers\n|-ability|p2a: mood|Moody|boost\n|-boost|p2a: mood|def|2\n|-unboost|p2a: mood|spe|1\n|upkeep\n|turn|28\n|inactive|flouis has 120 seconds left.\n|\n|t:|1699953719\n|move|p2a: mood|Freeze-Dry|p1a: Arceus\n|-damage|p1a: Arceus|14\/100\n|move|p1a: Arceus|Shadow Claw|p2a: mood\n|-supereffective|p2a: mood\n|-crit|p2a: mood\n|-damage|p2a: mood|0 fnt\n|faint|p2a: mood\n|-damage|p1a: Arceus|4\/100|[from] item: Life Orb\n|\n|win|SoulOfTheLunar\n|raw|SoulOfTheLunar's rating: 1195 &rarr; <strong>1224<\/strong><br \/>(+29 for winning)\n|raw|flouis's rating: 1255 &rarr; <strong>1226<\/strong><br \/>(-29 for losing)\n","uploadtime":1699953724,"views":31,"p1id":"soulofthelunar","p2id":"flouis","formatid":"gen9anythinggoes","rating":1224,"private":0,"password":""}