{"id":"gen9anythinggoes-1986882823","p1":"DiffusionDiff","p2":"ragemonkey99","format":"[Gen 9] Anything Goes","log":"|j|\u2606DiffusionDiff\n|j|\u2606ragemonkey99\n|t:|1699537502\n|gametype|singles\n|player|p1|DiffusionDiff|riley|1236\n|player|p2|ragemonkey99|benga|1232\n|teamsize|p1|6\n|teamsize|p2|6\n|gen|9\n|tier|[Gen 9] Anything Goes\n|rated|\n|rule|HP Percentage Mod: HP is shown in percentages\n|rule|Endless Battle Clause: Forcing endless battles is banned\n|clearpoke\n|poke|p1|Maushold-Four|\n|poke|p1|Flutter Mane|\n|poke|p1|Miraidon|\n|poke|p1|Rabsca, M|\n|poke|p1|Garganacl, F|\n|poke|p1|Houndstone, M|\n|poke|p2|Annihilape, M|\n|poke|p2|Kleavor, M|\n|poke|p2|Slowbro-Galar, M|\n|poke|p2|Gardevoir, F|\n|poke|p2|Volcarona, F|\n|poke|p2|Urshifu-*, M|\n|teampreview\n|\n|t:|1699537507\n|start\n|switch|p1a: Maushold|Maushold-Four|100\/100\n|switch|p2a: Athena|Gardevoir, F|100\/100\n|-ability|p2a: Athena|Technician|[from] ability: Trace|[of] p1a: Maushold\n|turn|1\n|inactive|Battle timer is ON: inactive players will automatically lose when time's up. (requested by DiffusionDiff)\n|\n|t:|1699537515\n|move|p2a: Athena|Moonblast|p1a: Maushold\n|-damage|p1a: Maushold|34\/100\n|move|p1a: Maushold|Population Bomb|p2a: Athena\n|-crit|p2a: Athena\n|-damage|p2a: Athena|70\/100\n|-crit|p2a: Athena\n|-damage|p2a: Athena|40\/100\n|-damage|p2a: Athena|21\/100\n|-damage|p2a: Athena|1\/100\n|-damage|p2a: Athena|0 fnt\n|faint|p2a: Athena\n|-hitcount|p2: Athena|5\n|\n|upkeep\n|\n|t:|1699537531\n|switch|p2a: Asura|Annihilape, M, shiny|100\/100\n|turn|2\n|\n|t:|1699537535\n|move|p1a: Maushold|Tidy Up|p1a: Maushold\n|-boost|p1a: Maushold|atk|1\n|-boost|p1a: Maushold|spe|1\n|move|p2a: Asura|Earthquake|p1a: Maushold\n|-damage|p1a: Maushold|0 fnt\n|faint|p1a: Maushold\n|\n|upkeep\n|\n|t:|1699537539\n|switch|p1a: Flutter Mane|Flutter Mane, shiny|100\/100\n|turn|3\n|\n|t:|1699537551\n|move|p2a: Asura|Endure|p2a: Asura\n|-singleturn|p2a: Asura|move: Endure\n|move|p1a: Flutter Mane|Moonblast|p2a: Asura\n|-supereffective|p2a: Asura\n|-activate|p2a: Asura|move: Endure\n|-damage|p2a: Asura|1\/100\n|-enditem|p2a: Asura|Salac Berry|[eat]\n|-boost|p2a: Asura|spe|1|[from] item: Salac Berry\n|-damage|p1a: Flutter Mane|91\/100|[from] item: Life Orb\n|\n|upkeep\n|turn|4\n|\n|t:|1699537562\n|move|p2a: Asura|Rage Fist|p1a: Flutter Mane\n|-supereffective|p1a: Flutter Mane\n|-damage|p1a: Flutter Mane|0 fnt\n|faint|p1a: Flutter Mane\n|-end|p1a: Flutter Mane|Protosynthesis|[silent]\n|\n|upkeep\n|\n|t:|1699537564\n|switch|p1a: Houndstone|Houndstone, M|100\/100\n|turn|5\n|\n|t:|1699537570\n|move|p1a: Houndstone|Shadow Sneak|p2a: Asura\n|-supereffective|p2a: Asura\n|-damage|p2a: Asura|0 fnt\n|faint|p2a: Asura\n|\n|upkeep\n|\n|t:|1699537588\n|switch|p2a: Splitter|Kleavor, M|100\/100\n|turn|6\n|\n|t:|1699537598\n|move|p2a: Splitter|Stone Axe|p1a: Houndstone\n|-damage|p1a: Houndstone|75\/100\n|-sidestart|p1: DiffusionDiff|move: Stealth Rock\n|move|p1a: Houndstone|Last Respects|p2a: Splitter\n|-damage|p2a: Splitter|16\/100\n|-enditem|p2a: Splitter|Sitrus Berry|[eat]\n|-heal|p2a: Splitter|41\/100|[from] item: Sitrus Berry\n|\n|upkeep\n|turn|7\n|\n|t:|1699537609\n|move|p2a: Splitter|Stone Axe|p1a: Houndstone\n|-damage|p1a: Houndstone|49\/100\n|move|p1a: Houndstone|Last Respects|p2a: Splitter\n|-damage|p2a: Splitter|0 fnt\n|faint|p2a: Splitter\n|\n|upkeep\n|\n|t:|1699537626\n|switch|p2a: Cleopatra|Volcarona, F|100\/100\n|turn|8\n|\n|t:|1699537629\n|move|p2a: Cleopatra|Quiver Dance|p2a: Cleopatra\n|-boost|p2a: Cleopatra|spa|1\n|-boost|p2a: Cleopatra|spd|1\n|-boost|p2a: Cleopatra|spe|1\n|move|p1a: Houndstone|Last Respects|p2a: Cleopatra\n|-damage|p2a: Cleopatra|0 fnt\n|faint|p2a: Cleopatra\n|\n|upkeep\n|-message|ragemonkey99 forfeited.\n|\n|win|DiffusionDiff\n|raw|DiffusionDiff's rating: 1236 &rarr; <strong>1261<\/strong><br \/>(+25 for winning)\n|raw|ragemonkey99's rating: 1232 &rarr; <strong>1207<\/strong><br \/>(-25 for losing)\n|l|\u2606ragemonkey99\n","uploadtime":1699537640,"views":9,"p1id":"diffusiondiff","p2id":"ragemonkey99","formatid":"gen9anythinggoes","rating":1207,"private":0,"password":""}