{"id":"gen9anythinggoes-1980291419","p1":"0987p","p2":"Bakitaladelbarrio","format":"[Gen 9] Anything Goes","log":"|j|\u26060987p\n|j|\u2606Bakitaladelbarrio\n|t:|1698772829\n|gametype|singles\n|player|p1|0987p|2|1339\n|player|p2|Bakitaladelbarrio|colress|1431\n|teamsize|p1|6\n|teamsize|p2|6\n|gen|9\n|tier|[Gen 9] Anything Goes\n|rated|\n|rule|HP Percentage Mod: HP is shown in percentages\n|rule|Endless Battle Clause: Forcing endless battles is banned\n|clearpoke\n|poke|p1|Calyrex-Shadow|\n|poke|p1|Dragapult, F|\n|poke|p1|Kyogre|\n|poke|p1|Ursaluna-Bloodmoon, M|\n|poke|p1|Urshifu-*, F|\n|poke|p1|Annihilape, M|\n|poke|p2|Calyrex-Shadow|\n|poke|p2|Darkrai|\n|poke|p2|Ditto|\n|poke|p2|Zacian-*|\n|poke|p2|Miraidon|\n|poke|p2|Glimmora, F|\n|teampreview\n|inactive|Battle timer is ON: inactive players will automatically lose when time's up. (requested by 0987p)\n|\n|t:|1698772836\n|start\n|switch|p1a: Dragapult|Dragapult, F|100\/100\n|switch|p2a: Darkrai|Darkrai|100\/100\n|turn|1\n|\n|t:|1698772843\n|move|p1a: Dragapult|Dragon Darts|p2a: Darkrai\n|-damage|p2a: Darkrai|65\/100\n|-anim|p1a: Dragapult|Dragon Darts|p2a: Darkrai\n|-damage|p2a: Darkrai|34\/100\n|move|p2a: Darkrai|Hypnosis|p1a: Dragapult\n|-status|p1a: Dragapult|slp|[from] move: Hypnosis\n|\n|-damage|p1a: Dragapult|88\/100 slp|[from] ability: Bad Dreams|[of] p2a: Darkrai\n|upkeep\n|turn|2\n|\n|t:|1698772856\n|cant|p1a: Dragapult|slp\n|move|p2a: Darkrai|Nasty Plot|p2a: Darkrai\n|-boost|p2a: Darkrai|spa|2\n|\n|-damage|p1a: Dragapult|76\/100 slp|[from] ability: Bad Dreams|[of] p2a: Darkrai\n|upkeep\n|turn|3\n|\n|t:|1698772864\n|cant|p1a: Dragapult|slp\n|move|p2a: Darkrai|Hex|p1a: Dragapult\n|-supereffective|p1a: Dragapult\n|-damage|p1a: Dragapult|0 fnt\n|faint|p1a: Dragapult\n|\n|upkeep\n|\n|t:|1698772873\n|switch|p1a: Ursaluna|Ursaluna-Bloodmoon, M|100\/100\n|turn|4\n|\n|t:|1698772877\n|move|p2a: Darkrai|Hypnosis|p1a: Ursaluna\n|-status|p1a: Ursaluna|slp|[from] move: Hypnosis\n|cant|p1a: Ursaluna|slp\n|\n|-damage|p1a: Ursaluna|88\/100 slp|[from] ability: Bad Dreams|[of] p2a: Darkrai\n|upkeep\n|turn|5\n|\n|t:|1698772885\n|move|p2a: Darkrai|Dark Pulse|p1a: Ursaluna\n|-damage|p1a: Ursaluna|22\/100 slp\n|cant|p1a: Ursaluna|slp\n|\n|-heal|p1a: Ursaluna|28\/100 slp|[from] item: Leftovers\n|-damage|p1a: Ursaluna|16\/100 slp|[from] ability: Bad Dreams|[of] p2a: Darkrai\n|upkeep\n|turn|6\n|\n|t:|1698772894\n|move|p2a: Darkrai|Dark Pulse|p1a: Ursaluna\n|-damage|p1a: Ursaluna|0 fnt\n|faint|p1a: Ursaluna\n|\n|upkeep\n|\n|t:|1698772903\n|switch|p1a: Urshifu|Urshifu-Rapid-Strike, F|100\/100\n|turn|7\n|\n|t:|1698772906\n|move|p2a: Darkrai|Hypnosis|p1a: Urshifu\n|-status|p1a: Urshifu|slp|[from] move: Hypnosis\n|cant|p1a: Urshifu|slp\n|\n|-damage|p1a: Urshifu|88\/100 slp|[from] ability: Bad Dreams|[of] p2a: Darkrai\n|upkeep\n|turn|8\n|\n|t:|1698772916\n|move|p2a: Darkrai|Hex|p1a: Urshifu\n|-damage|p1a: Urshifu|0 fnt\n|faint|p1a: Urshifu\n|\n|upkeep\n|\n|t:|1698772920\n|switch|p1a: Calyrex|Calyrex-Shadow|100\/100\n|-ability|p1a: Calyrex|As One\n|-ability|p1a: Calyrex|Unnerve\n|turn|9\n|\n|t:|1698772926\n|move|p1a: Calyrex|Dark Pulse|p2a: Darkrai\n|-resisted|p2a: Darkrai\n|-damage|p2a: Darkrai|11\/100\n|cant|p2a: Darkrai|flinch\n|\n|upkeep\n|turn|10\n|\n|t:|1698772934\n|move|p1a: Calyrex|Dark Pulse|p2a: Darkrai\n|-resisted|p2a: Darkrai\n|-damage|p2a: Darkrai|0 fnt\n|faint|p2a: Darkrai\n|-ability|p1a: Calyrex|Grim Neigh|boost\n|-boost|p1a: Calyrex|spa|1\n|\n|upkeep\n|\n|t:|1698772940\n|switch|p2a: Miraidon|Miraidon|100\/100\n|-fieldstart|move: Electric Terrain|[from] ability: Hadron Engine|[of] p2a: Miraidon\n|turn|11\n|\n|t:|1698772945\n|move|p2a: Miraidon|Volt Switch|p1a: Calyrex|[miss]\n|-miss|p2a: Miraidon|p1a: Calyrex\n|move|p1a: Calyrex|Astral Barrage|p2a: Miraidon\n|-damage|p2a: Miraidon|9\/100\n|\n|upkeep\n|turn|12\n|\n|t:|1698772954\n|move|p2a: Miraidon|Volt Switch|p1a: Calyrex\n|-damage|p1a: Calyrex|32\/100\n|\n|t:|1698772960\n|switch|p2a: Glimmora|Glimmora, F|100\/100|[from] Volt Switch\n|move|p1a: Calyrex|Giga Drain|p2a: Glimmora\n|-damage|p2a: Glimmora|40\/100\n|-heal|p1a: Calyrex|59\/100|[from] drain|[of] p2a: Glimmora\n|\n|upkeep\n|turn|13\n|\n|t:|1698772973\n|move|p1a: Calyrex|Giga Drain|p2a: Glimmora\n|-damage|p2a: Glimmora|0 fnt\n|-heal|p1a: Calyrex|77\/100|[from] drain|[of] p2a: Glimmora\n|faint|p2a: Glimmora\n|-ability|p1a: Calyrex|Grim Neigh|boost\n|-boost|p1a: Calyrex|spa|1\n|\n|upkeep\n|\n|t:|1698772981\n|switch|p2a: Ditto|Ditto|100\/100\n|-transform|p2a: Ditto|p1a: Calyrex|[from] ability: Imposter\n|turn|14\n|\n|t:|1698772988\n|move|p2a: Ditto|Dark Pulse|p1a: Calyrex\n|-supereffective|p1a: Calyrex\n|-damage|p1a: Calyrex|0 fnt\n|faint|p1a: Calyrex\n|-ability|p2a: Ditto|Grim Neigh|boost\n|-boost|p2a: Ditto|spa|1\n|\n|upkeep\n|\n|t:|1698772992\n|switch|p1a: Kyogre|Kyogre|100\/100\n|-weather|RainDance|[from] ability: Drizzle|[of] p1a: Kyogre\n|turn|15\n|\n|t:|1698772999\n|move|p2a: Ditto|Dark Pulse|p1a: Kyogre\n|-damage|p1a: Kyogre|52\/100\n|cant|p1a: Kyogre|flinch\n|\n|-weather|RainDance|[upkeep]\n|-heal|p1a: Kyogre|59\/100|[from] item: Leftovers\n|-fieldend|move: Electric Terrain\n|upkeep\n|turn|16\n|\n|t:|1698773008\n|move|p2a: Ditto|Dark Pulse|p1a: Kyogre\n|-damage|p1a: Kyogre|8\/100\n|move|p1a: Kyogre|Origin Pulse|p2a: Ditto|[miss]\n|-miss|p1a: Kyogre|p2a: Ditto\n|\n|-weather|RainDance|[upkeep]\n|-heal|p1a: Kyogre|15\/100|[from] item: Leftovers\n|upkeep\n|turn|17\n|\n|t:|1698773017\n|move|p2a: Ditto|Dark Pulse|p1a: Kyogre\n|-damage|p1a: Kyogre|0 fnt\n|faint|p1a: Kyogre\n|-ability|p2a: Ditto|Grim Neigh|boost\n|-boost|p2a: Ditto|spa|1\n|\n|-weather|RainDance|[upkeep]\n|upkeep\n|-message|0987p forfeited.\n|\n|win|Bakitaladelbarrio\n|raw|0987p's rating: 1339 &rarr; <strong>1324<\/strong><br \/>(-15 for losing)\n|raw|Bakitaladelbarrio's rating: 1431 &rarr; <strong>1446<\/strong><br \/>(+15 for winning)\n|l|\u26060987p\n","uploadtime":1698773026,"views":5,"p1id":"0987p","p2id":"bakitaladelbarrio","formatid":"gen9anythinggoes","rating":1324,"private":0,"password":""}