{"id":"gen9anythinggoes-1978296569","p1":"AbcdGhostttBoo","p2":"Hannyah","format":"[Gen 9] Anything Goes","log":"|j|\u2606AbcdGhostttBoo\n|j|\u2606Hannyah\n|t:|1698522133\n|gametype|singles\n|player|p1|AbcdGhostttBoo|unknownf|\n|player|p2|Hannyah|cynthia|\n|teamsize|p1|6\n|teamsize|p2|6\n|gen|9\n|tier|[Gen 9] Anything Goes\n|rule|HP Percentage Mod: HP is shown in percentages\n|rule|Endless Battle Clause: Forcing endless battles is banned\n|clearpoke\n|poke|p1|Pikachu-Partner, M|\n|poke|p1|Pikachu-Unova, M|\n|poke|p1|Pikachu-Hoenn, M|\n|poke|p1|Pikachu-Alola, M|\n|poke|p1|Pikachu-World, M|\n|poke|p1|Regieleki|\n|poke|p2|Toxapex, M|\n|poke|p2|Slowbro-Galar, M|\n|poke|p2|Eternatus|\n|poke|p2|Venonat, M|\n|poke|p2|Victreebel, M|\n|poke|p2|Muk-Alola, M|\n|teampreview\n|\n|t:|1698522138\n|start\n|switch|p1a: P|Pikachu-Partner, M|100\/100\n|switch|p2a: Epep|Eternatus|100\/100\n|-ability|p2a: Epep|Pressure\n|turn|1\n|\n|t:|1698522146\n|move|p2a: Epep|Fire Blast|p1a: P\n|-damage|p1a: P|23\/100\n|-status|p1a: P|brn\n|move|p1a: P|Iron Tail|p2a: Epep\n|-damage|p2a: Epep|86\/100\n|\n|-damage|p1a: P|17\/100 brn|[from] brn\n|upkeep\n|turn|2\n|\n|t:|1698522156\n|move|p2a: Epep|Dynamax Cannon|p1a: P\n|-damage|p1a: P|0 fnt\n|faint|p1a: P\n|\n|upkeep\n|\n|t:|1698522160\n|switch|p1a: I|Pikachu-Unova, M|100\/100\n|turn|3\n|\n|t:|1698522165\n|move|p2a: Epep|Fire Blast|p1a: I|[miss]\n|-miss|p2a: Epep|p1a: I\n|move|p1a: I|Thunder|p2a: Epep\n|-resisted|p2a: Epep\n|-crit|p2a: Epep\n|-damage|p2a: Epep|59\/100\n|-status|p2a: Epep|par\n|\n|upkeep\n|turn|4\n|\n|t:|1698522175\n|move|p1a: I|Nuzzle|p2a: Epep\n|-resisted|p2a: Epep\n|-damage|p2a: Epep|55\/100 par\n|cant|p2a: Epep|par\n|\n|upkeep\n|turn|5\n|\n|t:|1698522185\n|move|p1a: I|Thunder|p2a: Epep\n|-resisted|p2a: Epep\n|-damage|p2a: Epep|38\/100 par\n|move|p2a: Epep|Draco Meteor|p1a: I|[miss]\n|-miss|p2a: Epep|p1a: I\n|\n|upkeep\n|turn|6\n|\n|t:|1698522193\n|switch|p2a: Mr color|Muk-Alola, M|100\/100\n|move|p1a: I|Thunder|p2a: Mr color|[miss]\n|-miss|p1a: I|p2a: Mr color\n|\n|upkeep\n|turn|7\n|\n|t:|1698522201\n|-terastallize|p2a: Mr color|Poison\n|move|p1a: I|Nuzzle|p2a: Mr color\n|-damage|p2a: Mr color|86\/100\n|-status|p2a: Mr color|par\n|move|p2a: Mr color|Clear Smog|p1a: I\n|-damage|p1a: I|45\/100\n|-clearboost|p1a: I\n|\n|upkeep\n|turn|8\n|\n|t:|1698522211\n|move|p1a: I|Thunder Punch|p2a: Mr color\n|-damage|p2a: Mr color|32\/100 par\n|move|p2a: Mr color|Brick Break|p1a: I\n|-damage|p1a: I|0 fnt\n|faint|p1a: I\n|\n|upkeep\n|\n|t:|1698522218\n|switch|p1a: K|Pikachu-Hoenn, M|100\/100\n|turn|9\n|\n|t:|1698522222\n|move|p1a: K|Draining Kiss|p2a: Mr color\n|-resisted|p2a: Mr color\n|-damage|p2a: Mr color|25\/100 par\n|move|p2a: Mr color|Crunch|p1a: K\n|-damage|p1a: K|20\/100\n|\n|upkeep\n|turn|10\n|\n|t:|1698522229\n|move|p1a: K|Thunder|p2a: Mr color\n|-damage|p2a: Mr color|0 fnt\n|faint|p2a: Mr color\n|\n|upkeep\n|\n|t:|1698522234\n|switch|p2a: Mr slow man|Slowbro-Galar, M, shiny|100\/100\n|turn|11\n|-activate|p2a: Mr slow man|ability: Quick Draw\n|\n|t:|1698522238\n|move|p2a: Mr slow man|Drain Punch|p1a: K\n|-damage|p1a: K|0 fnt\n|faint|p1a: K\n|\n|upkeep\n|\n|t:|1698522244\n|switch|p1a: A|Pikachu-Alola, M|100\/100\n|turn|12\n|\n|t:|1698522249\n|-singleturn|p1a: A|move: Focus Punch\n|move|p2a: Mr slow man|Fire Blast|p1a: A\n|-damage|p1a: A|27\/100\n|cant|p1a: A|Focus Punch|Focus Punch\n|\n|upkeep\n|turn|13\n|\n|t:|1698522257\n|move|p1a: A|Iron Tail|p2a: Mr slow man|[miss]\n|-miss|p1a: A|p2a: Mr slow man\n|move|p2a: Mr slow man|Fire Blast|p1a: A\n|-damage|p1a: A|0 fnt\n|faint|p1a: A\n|\n|upkeep\n|\n|t:|1698522264\n|switch|p1a: C|Pikachu-World, M|100\/100\n|turn|14\n|\n|t:|1698522273\n|switch|p2a: Beepbeep|Venonat, M|100\/100\n|-terastallize|p1a: C|Electric\n|move|p1a: C|Nuzzle|p2a: Beepbeep\n|-damage|p2a: Beepbeep|23\/100\n|-status|p2a: Beepbeep|par\n|\n|upkeep\n|turn|15\n|\n|t:|1698522282\n|move|p1a: C|Discharge|p2a: Beepbeep\n|-damage|p2a: Beepbeep|0 fnt\n|faint|p2a: Beepbeep\n|\n|upkeep\n|\n|t:|1698522287\n|switch|p2a: Mr toe|Toxapex, M|100\/100\n|turn|16\n|\n|t:|1698522290\n|move|p1a: C|Nuzzle|p2a: Mr toe\n|-supereffective|p2a: Mr toe\n|-damage|p2a: Mr toe|23\/100\n|-status|p2a: Mr toe|par\n|cant|p2a: Mr toe|par\n|\n|upkeep\n|turn|17\n|\n|t:|1698522298\n|switch|p2a: Drill|Victreebel, M|100\/100\n|move|p1a: C|Discharge|p2a: Drill\n|-resisted|p2a: Drill\n|-damage|p2a: Drill|69\/100\n|-status|p2a: Drill|par\n|\n|upkeep\n|turn|18\n|\n|t:|1698522307\n|move|p1a: C|Nuzzle|p2a: Drill\n|-resisted|p2a: Drill\n|-damage|p2a: Drill|40\/100 par\n|move|p2a: Drill|Poison Jab|p1a: C\n|-damage|p1a: C|24\/100\n|\n|upkeep\n|turn|19\n|\n|t:|1698522314\n|move|p1a: C|Encore|p2a: Drill\n|-start|p2a: Drill|Encore\n|move|p2a: Drill|Poison Jab|p1a: C\n|-crit|p1a: C\n|-damage|p1a: C|0 fnt\n|faint|p1a: C\n|\n|upkeep\n|\n|t:|1698522320\n|switch|p1a: HU|Regieleki, shiny|100\/100\n|turn|20\n|\n|t:|1698522327\n|move|p1a: HU|Thunder Cage|p2a: Drill\n|-resisted|p2a: Drill\n|-damage|p2a: Drill|13\/100 par\n|-activate|p2a: Drill|move: Thunder Cage|[of] p1a: HU\n|move|p2a: Drill|Poison Jab|p1a: HU\n|-damage|p1a: HU|50\/100\n|\n|-damage|p2a: Drill|0 fnt|[from] move: Thunder Cage|[partiallytrapped]\n|faint|p2a: Drill\n|upkeep\n|\n|t:|1698522335\n|switch|p2a: Mr slow man|Slowbro-Galar, M, shiny|100\/100\n|turn|21\n|-activate|p2a: Mr slow man|ability: Quick Draw\n|\n|t:|1698522340\n|move|p2a: Mr slow man|Drain Punch|p1a: HU\n|-damage|p1a: HU|25\/100\n|move|p1a: HU|Thunder|p2a: Mr slow man|[miss]\n|-miss|p1a: HU|p2a: Mr slow man\n|\n|upkeep\n|turn|22\n|\n|t:|1698522349\n|move|p1a: HU|Thunder|p2a: Mr slow man\n|-damage|p2a: Mr slow man|35\/100\n|-status|p2a: Mr slow man|par\n|move|p2a: Mr slow man|Drain Punch|p1a: HU\n|-damage|p1a: HU|0 fnt\n|-heal|p2a: Mr slow man|46\/100 par|[from] drain|[of] p1a: HU\n|faint|p1a: HU\n|\n|win|Hannyah\n|l|\u2606AbcdGhostttBoo\n","uploadtime":1698522361,"views":9,"p1id":"abcdghostttboo","p2id":"hannyah","formatid":"gen9anythinggoes","rating":0,"private":0,"password":""}