{"id":"gen9anythinggoes-1998332011","p1":"ghostlyplanets","p2":"AGLP 1","format":"[Gen 9] Anything Goes","log":"|j|\u2606ghostlyplanets\n|j|\u2606AGLP 1\n|t:|1700930431\n|gametype|singles\n|player|p1|ghostlyplanets|zirco-unite|1442\n|player|p2|AGLP 1|anabel|1570\n|teamsize|p1|6\n|teamsize|p2|6\n|gen|9\n|tier|[Gen 9] Anything Goes\n|rated|\n|rule|HP Percentage Mod: HP is shown in percentages\n|rule|Endless Battle Clause: Forcing endless battles is banned\n|clearpoke\n|poke|p1|Calyrex-Shadow|\n|poke|p1|Arceus-Ground|\n|poke|p1|Koraidon|\n|poke|p1|Arceus|\n|poke|p1|Eternatus|\n|poke|p1|Eternatus|\n|poke|p2|Blissey, F|\n|poke|p2|Gliscor, F|\n|poke|p2|Mandibuzz, F|\n|poke|p2|Dondozo, M|\n|poke|p2|Alomomola, M|\n|poke|p2|Clodsire, F|\n|teampreview\n|inactive|Battle timer is ON: inactive players will automatically lose when time's up. (requested by AGLP 1)\n|\n|t:|1700930439\n|start\n|switch|p1a: Arceus|Arceus-Ground|100\/100\n|switch|p2a: Gliscor|Gliscor, F|100\/100\n|turn|1\n|\n|t:|1700930450\n|move|p2a: Gliscor|Protect|p2a: Gliscor\n|-singleturn|p2a: Gliscor|Protect\n|move|p1a: Arceus|Stealth Rock|p2a: Gliscor\n|-sidestart|p2: AGLP 1|move: Stealth Rock\n|\n|-status|p2a: Gliscor|tox|[from] item: Toxic Orb\n|upkeep\n|turn|2\n|\n|t:|1700930458\n|move|p1a: Arceus|Taunt|p2a: Gliscor\n|-start|p2a: Gliscor|move: Taunt\n|cant|p2a: Gliscor|move: Taunt|Toxic\n|\n|upkeep\n|turn|3\n|\n|t:|1700930468\n|move|p1a: Arceus|Icy Wind|p2a: Gliscor\n|-supereffective|p2a: Gliscor\n|-damage|p2a: Gliscor|10\/100 tox\n|-unboost|p2a: Gliscor|spe|1\n|move|p2a: Gliscor|Knock Off|p1a: Arceus\n|-damage|p1a: Arceus|89\/100\n|\n|-heal|p2a: Gliscor|23\/100 tox|[from] ability: Poison Heal\n|upkeep\n|turn|4\n|\n|t:|1700930472\n|switch|p2a: Alomomola|Alomomola, M|100\/100\n|move|p1a: Arceus|Icy Wind|p2a: Alomomola\n|-resisted|p2a: Alomomola\n|-damage|p2a: Alomomola|89\/100\n|-unboost|p2a: Alomomola|spe|1\n|\n|upkeep\n|turn|5\n|inactive|AGLP 1 has 120 seconds left.\n|\n|t:|1700930521\n|move|p2a: Alomomola|Protect|p2a: Alomomola\n|-singleturn|p2a: Alomomola|Protect\n|move|p1a: Arceus|Taunt|p2a: Alomomola\n|-activate|p2a: Alomomola|move: Protect\n|\n|upkeep\n|turn|6\n|\n|t:|1700930533\n|move|p1a: Arceus|Judgment|p2a: Alomomola\n|-damage|p2a: Alomomola|20\/100\n|move|p2a: Alomomola|Play Rough|p1a: Arceus\n|-damage|p1a: Arceus|78\/100\n|\n|upkeep\n|turn|7\n|\n|t:|1700930563\n|switch|p2a: Mandibuzz|Mandibuzz, F|100\/100\n|move|p1a: Arceus|Icy Wind|p2a: Mandibuzz\n|-supereffective|p2a: Mandibuzz\n|-damage|p2a: Mandibuzz|69\/100\n|-unboost|p2a: Mandibuzz|spe|1\n|\n|upkeep\n|turn|8\n|\n|t:|1700930571\n|move|p1a: Arceus|Taunt|p2a: Mandibuzz\n|-start|p2a: Mandibuzz|move: Taunt\n|cant|p2a: Mandibuzz|move: Taunt|Toxic\n|\n|upkeep\n|turn|9\n|\n|t:|1700930591\n|switch|p1a: Eternatus|Eternatus|100\/100\n|-ability|p1a: Eternatus|Pressure\n|switch|p2a: Dondozo|Dondozo, M|100\/100\n|\n|upkeep\n|turn|10\n|inactive|ghostlyplanets has 120 seconds left.\n|\n|t:|1700930640\n|move|p1a: Eternatus|Toxic|p2a: Dondozo\n|-status|p2a: Dondozo|tox\n|move|p2a: Dondozo|Fissure|p1a: Eternatus|[miss]\n|-miss|p2a: Dondozo|p1a: Eternatus\n|\n|-damage|p2a: Dondozo|94\/100 tox|[from] psn\n|upkeep\n|turn|11\n|\n|t:|1700930661\n|switch|p1a: Arceus|Arceus-Ground|78\/100\n|move|p2a: Dondozo|Fissure|p1a: Arceus\n|-damage|p1a: Arceus|0 fnt\n|faint|p1a: Arceus\n|-ohko\n|\n|-damage|p2a: Dondozo|82\/100 tox|[from] psn\n|upkeep\n|inactive|ghostlyplanets has 90 seconds left.\n|c|\u2606ghostlyplanets|im\n|c|\u2606ghostlyplanets|ok\n|\n|t:|1700930697\n|switch|p1a: Eternatus|Eternatus|100\/100\n|-ability|p1a: Eternatus|Pressure\n|turn|12\n|\n|t:|1700930708\n|move|p1a: Eternatus|Dynamax Cannon|p2a: Dondozo\n|-crit|p2a: Dondozo\n|-damage|p2a: Dondozo|0 fnt\n|faint|p2a: Dondozo\n|-damage|p1a: Eternatus|91\/100|[from] item: Life Orb\n|\n|upkeep\n|\n|t:|1700930714\n|switch|p2a: Alomomola|Alomomola, M|53\/100\n|turn|13\n|\n|t:|1700930719\n|switch|p2a: Clodsire|Clodsire, F|100\/100\n|move|p1a: Eternatus|Dynamax Cannon|p2a: Clodsire\n|-damage|p2a: Clodsire|61\/100\n|-damage|p1a: Eternatus|81\/100|[from] item: Life Orb\n|\n|upkeep\n|turn|14\n|\n|t:|1700930729\n|switch|p1a: Eternatus|Eternatus|100\/100\n|-ability|p1a: Eternatus|Pressure\n|move|p2a: Clodsire|Earthquake|p1a: Eternatus\n|-supereffective|p1a: Eternatus\n|-crit|p1a: Eternatus\n|-damage|p1a: Eternatus|40\/100\n|\n|-heal|p1a: Eternatus|46\/100|[from] item: Black Sludge\n|upkeep\n|turn|15\n|inactive|AGLP 1 has 120 seconds left.\n|\n|t:|1700930752\n|move|p1a: Eternatus|Cosmic Power|p1a: Eternatus\n|-boost|p1a: Eternatus|def|1\n|-boost|p1a: Eternatus|spd|1\n|move|p2a: Clodsire|Earthquake|p1a: Eternatus\n|-supereffective|p1a: Eternatus\n|-damage|p1a: Eternatus|4\/100\n|\n|-heal|p1a: Eternatus|10\/100|[from] item: Black Sludge\n|upkeep\n|turn|16\n|\n|t:|1700930760\n|move|p1a: Eternatus|Recover|p1a: Eternatus\n|-heal|p1a: Eternatus|60\/100\n|move|p2a: Clodsire|Earthquake|p1a: Eternatus\n|-supereffective|p1a: Eternatus\n|-damage|p1a: Eternatus|22\/100\n|\n|-heal|p1a: Eternatus|29\/100|[from] item: Black Sludge\n|upkeep\n|turn|17\n|\n|t:|1700930785\n|move|p1a: Eternatus|Recover|p1a: Eternatus\n|-heal|p1a: Eternatus|79\/100\n|move|p2a: Clodsire|Earthquake|p1a: Eternatus\n|-supereffective|p1a: Eternatus\n|-damage|p1a: Eternatus|40\/100\n|\n|-heal|p1a: Eternatus|46\/100|[from] item: Black Sludge\n|upkeep\n|turn|18\n|\n|t:|1700930798\n|switch|p2a: Alomomola|Alomomola, M|87\/100\n|move|p1a: Eternatus|Cosmic Power|p1a: Eternatus\n|-boost|p1a: Eternatus|def|1\n|-boost|p1a: Eternatus|spd|1\n|\n|-heal|p1a: Eternatus|53\/100|[from] item: Black Sludge\n|upkeep\n|turn|19\n|\n|t:|1700930804\n|move|p2a: Alomomola|Protect|p2a: Alomomola\n|-singleturn|p2a: Alomomola|Protect\n|move|p1a: Eternatus|Toxic|p2a: Alomomola\n|-activate|p2a: Alomomola|move: Protect\n|\n|-heal|p1a: Eternatus|59\/100|[from] item: Black Sludge\n|upkeep\n|turn|20\n|\n|t:|1700930810\n|switch|p2a: Clodsire|Clodsire, F|61\/100\n|move|p1a: Eternatus|Toxic|p2a: Clodsire\n|-immune|p2a: Clodsire\n|\n|-heal|p1a: Eternatus|65\/100|[from] item: Black Sludge\n|upkeep\n|turn|21\n|\n|t:|1700930818\n|move|p1a: Eternatus|Cosmic Power|p1a: Eternatus\n|-boost|p1a: Eternatus|def|1\n|-boost|p1a: Eternatus|spd|1\n|move|p2a: Clodsire|Toxic Spikes|p1a: Eternatus\n|-sidestart|p1: ghostlyplanets|move: Toxic Spikes\n|\n|-heal|p1a: Eternatus|71\/100|[from] item: Black Sludge\n|upkeep\n|turn|22\n|\n|t:|1700930830\n|move|p1a: Eternatus|Cosmic Power|p1a: Eternatus\n|-boost|p1a: Eternatus|def|1\n|-boost|p1a: Eternatus|spd|1\n|move|p2a: Clodsire|Recover|p2a: Clodsire\n|-heal|p2a: Clodsire|100\/100\n|\n|-heal|p1a: Eternatus|77\/100|[from] item: Black Sludge\n|upkeep\n|turn|23\n|inactive|AGLP 1 has 120 seconds left.\n|\n|t:|1700930842\n|move|p1a: Eternatus|Cosmic Power|p1a: Eternatus\n|-boost|p1a: Eternatus|def|1\n|-boost|p1a: Eternatus|spd|1\n|move|p2a: Clodsire|Toxic Spikes|p1a: Eternatus\n|-sidestart|p1: ghostlyplanets|move: Toxic Spikes\n|\n|-heal|p1a: Eternatus|84\/100|[from] item: Black Sludge\n|upkeep\n|turn|24\n|inactive|ghostlyplanets has 120 seconds left.\n|inactive|ghostlyplanets has 90 seconds left.\n|\n|t:|1700930908\n|move|p1a: Eternatus|Cosmic Power|p1a: Eternatus\n|-boost|p1a: Eternatus|def|1\n|-boost|p1a: Eternatus|spd|1\n|move|p2a: Clodsire|Earthquake|p1a: Eternatus\n|-supereffective|p1a: Eternatus\n|-damage|p1a: Eternatus|40\/100\n|\n|-heal|p1a: Eternatus|46\/100|[from] item: Black Sludge\n|upkeep\n|turn|25\n|c|\u2606ghostlyplanets|ah\n|c|\u2606ghostlyplanets|:forgets unaware:\n|c|\u2606ghostlyplanets|real\n|inactive|AGLP 1 has 120 seconds left.\n|inactive|AGLP 1 has 90 seconds left.\n|\n|t:|1700930984\n|move|p1a: Eternatus|Flamethrower|p2a: Clodsire\n|-damage|p2a: Clodsire|85\/100\n|move|p2a: Clodsire|Earthquake|p1a: Eternatus\n|-supereffective|p1a: Eternatus\n|-damage|p1a: Eternatus|2\/100\n|\n|-heal|p1a: Eternatus|8\/100|[from] item: Black Sludge\n|upkeep\n|turn|26\n|inactive|ghostlyplanets has 90 seconds left.\n|l|\u2606ghostlyplanets\n|inactive|ghostlyplanets disconnected and has a minute to reconnect!\n|player|p1|\n|inactive|ghostlyplanets has 30 seconds to reconnect!\n|inactive|ghostlyplanets has 20 seconds to reconnect!\n|inactive|ghostlyplanets has 15 seconds to reconnect!\n|inactive|ghostlyplanets has 10 seconds to reconnect!\n|inactive|ghostlyplanets has 5 seconds to reconnect!\n|-message|ghostlyplanets lost due to inactivity.\n|\n|win|AGLP 1\n|inactive|ghostlyplanets has 20 seconds left this turn.\n|raw|ghostlyplanets's rating: 1442 &rarr; <strong>1428<\/strong><br \/>(-14 for losing)\n|raw|AGLP 1's rating: 1555 &rarr; <strong>1569<\/strong><br \/>(+14 for winning)\n|l|\u2606AGLP 1\n","uploadtime":1700931078,"views":1,"p1id":"ghostlyplanets","p2id":"aglp1","formatid":"gen9anythinggoes","rating":1428,"private":0,"password":""}