{"id":"gen9anythinggoes-1981475998","p1":"WafflyWaff","p2":"NotAtAllPockchan","format":"[Gen 9] Anything Goes","log":"|j|\u2606WafflyWaff\n|j|\u2606NotAtAllPockchan\n|t:|1698902882\n|gametype|singles\n|player|p1|WafflyWaff|265|\n|player|p2|NotAtAllPockchan|cynthia-masters|\n|teamsize|p1|6\n|teamsize|p2|6\n|gen|9\n|tier|[Gen 9] Anything Goes\n|rule|HP Percentage Mod: HP is shown in percentages\n|rule|Endless Battle Clause: Forcing endless battles is banned\n|clearpoke\n|poke|p1|Basculegion, M|\n|poke|p1|Calyrex-Shadow|\n|poke|p1|Eiscue, F|\n|poke|p1|Drifblim, F|\n|poke|p1|Toxapex, F|\n|poke|p1|Haxorus, M|\n|poke|p2|Calyrex-Shadow|\n|poke|p2|Zacian-*|\n|poke|p2|Groudon|\n|poke|p2|Arceus|\n|poke|p2|Chien-Pao|\n|poke|p2|Ditto|\n|teampreview\n|inactive|Battle timer is ON: inactive players will automatically lose when time's up. (requested by WafflyWaff)\n|inactive|NotAtAllPockchan also wants the timer to be on.\n|c|\u2606NotAtAllPockchan|u prolly will clap\n|\n|t:|1698902897\n|start\n|switch|p1a: Golden Ball|Drifblim, F, shiny|100\/100\n|switch|p2a: Groudon|Groudon|100\/100\n|-weather|SunnyDay|[from] ability: Drought|[of] p2a: Groudon\n|turn|1\n|\n|t:|1698902903\n|move|p1a: Golden Ball|Minimize|p1a: Golden Ball\n|-boost|p1a: Golden Ball|evasion|2\n|move|p2a: Groudon|Stealth Rock|p1a: Golden Ball\n|-sidestart|p1: WafflyWaff|move: Stealth Rock\n|\n|-weather|SunnyDay|[upkeep]\n|upkeep\n|turn|2\n|\n|t:|1698902905\n|move|p1a: Golden Ball|Minimize|p1a: Golden Ball\n|-boost|p1a: Golden Ball|evasion|2\n|move|p2a: Groudon|Roar|p1a: Golden Ball\n|drag|p1a: Robert|Toxapex, F, shiny|100\/100\n|-damage|p1a: Robert|88\/100|[from] Stealth Rock\n|\n|-weather|SunnyDay|[upkeep]\n|-heal|p1a: Robert|94\/100|[from] item: Leftovers\n|upkeep\n|turn|3\n|\n|t:|1698902912\n|move|p2a: Groudon|Spikes|p1a: Robert\n|-sidestart|p1: WafflyWaff|Spikes\n|move|p1a: Robert|Infestation|p2a: Groudon\n|-damage|p2a: Groudon|98\/100\n|-activate|p2a: Groudon|move: Infestation|[of] p1a: Robert\n|\n|-weather|SunnyDay|[upkeep]\n|-heal|p1a: Robert|100\/100|[from] item: Leftovers\n|-damage|p2a: Groudon|85\/100|[from] move: Infestation|[partiallytrapped]\n|upkeep\n|turn|4\n|\n|t:|1698902919\n|move|p2a: Groudon|Spikes|p1a: Robert\n|-sidestart|p1: WafflyWaff|Spikes\n|move|p1a: Robert|Infestation|p2a: Groudon\n|-damage|p2a: Groudon|82\/100\n|\n|-weather|SunnyDay|[upkeep]\n|-damage|p2a: Groudon|70\/100|[from] move: Infestation|[partiallytrapped]\n|upkeep\n|turn|5\n|\n|t:|1698902925\n|move|p2a: Groudon|Spikes|p1a: Robert\n|-sidestart|p1: WafflyWaff|Spikes\n|move|p1a: Robert|Infestation|p2a: Groudon\n|-crit|p2a: Groudon\n|-damage|p2a: Groudon|66\/100\n|\n|-weather|none\n|-damage|p2a: Groudon|53\/100|[from] move: Infestation|[partiallytrapped]\n|upkeep\n|turn|6\n|\n|t:|1698902932\n|move|p1a: Robert|Infestation|p2a: Groudon\n|-damage|p2a: Groudon|50\/100\n|move|p2a: Groudon|Roar|p1a: Robert\n|drag|p1a: Hamsi|Basculegion, M, shiny|100\/100\n|-damage|p1a: Hamsi|88\/100|[from] Stealth Rock\n|-damage|p1a: Hamsi|63\/100|[from] Spikes\n|\n|-end|p2a: Groudon|Infestation|[partiallytrapped]|[silent]\n|upkeep\n|turn|7\n|\n|t:|1698902940\n|move|p1a: Hamsi|Aqua Jet|p2a: Groudon\n|-supereffective|p2a: Groudon\n|-damage|p2a: Groudon|30\/100\n|move|p2a: Groudon|Roar|p1a: Hamsi\n|drag|p1a: GGWP|Calyrex-Shadow|100\/100\n|-ability|p1a: GGWP|As One\n|-ability|p1a: GGWP|Unnerve\n|-damage|p1a: GGWP|88\/100|[from] Stealth Rock\n|-damage|p1a: GGWP|63\/100|[from] Spikes\n|\n|upkeep\n|turn|8\n|\n|t:|1698902946\n|move|p1a: GGWP|Astral Barrage|p2a: Groudon\n|-damage|p2a: Groudon|0 fnt\n|faint|p2a: Groudon\n|-ability|p1a: GGWP|Grim Neigh|boost\n|-boost|p1a: GGWP|spa|1\n|\n|upkeep\n|\n|t:|1698902949\n|switch|p2a: Chien-Pao|Chien-Pao|100\/100\n|-ability|p2a: Chien-Pao|Sword of Ruin\n|turn|9\n|\n|t:|1698902963\n|move|p2a: Chien-Pao|Sucker Punch|p1a: GGWP\n|-supereffective|p1a: GGWP\n|-damage|p1a: GGWP|0 fnt\n|faint|p1a: GGWP\n|\n|upkeep\n|\n|t:|1698902967\n|switch|p1a: Robert|Toxapex, F, shiny|100\/100\n|-damage|p1a: Robert|88\/100|[from] Stealth Rock\n|-damage|p1a: Robert|63\/100|[from] Spikes\n|turn|10\n|\n|t:|1698902976\n|switch|p2a: Zacian|Zacian-Crowned|100\/100\n|-ability|p2a: Zacian|Intrepid Sword|boost\n|-boost|p2a: Zacian|atk|1\n|move|p1a: Robert|Infestation|p2a: Zacian\n|-resisted|p2a: Zacian\n|-damage|p2a: Zacian|99\/100\n|-activate|p2a: Zacian|move: Infestation|[of] p1a: Robert\n|\n|-heal|p1a: Robert|69\/100|[from] item: Leftovers\n|-damage|p2a: Zacian|88\/100|[from] move: Infestation|[partiallytrapped]\n|upkeep\n|turn|11\n|\n|t:|1698902980\n|move|p1a: Robert|Baneful Bunker|p1a: Robert\n|-singleturn|p1a: Robert|move: Protect\n|move|p2a: Zacian|Wild Charge|p1a: Robert\n|-activate|p1a: Robert|move: Protect\n|\n|-heal|p1a: Robert|75\/100|[from] item: Leftovers\n|-damage|p2a: Zacian|75\/100|[from] move: Infestation|[partiallytrapped]\n|upkeep\n|turn|12\n|\n|t:|1698902989\n|move|p2a: Zacian|Wild Charge|p1a: Robert\n|-supereffective|p1a: Robert\n|-damage|p1a: Robert|13\/100\n|-damage|p2a: Zacian|60\/100|[from] Recoil\n|move|p1a: Robert|Haze|p1a: Robert\n|-clearallboost\n|\n|-heal|p1a: Robert|19\/100|[from] item: Leftovers\n|-damage|p2a: Zacian|48\/100|[from] move: Infestation|[partiallytrapped]\n|upkeep\n|turn|13\n|\n|t:|1698902995\n|move|p1a: Robert|Baneful Bunker|p1a: Robert\n|-singleturn|p1a: Robert|move: Protect\n|move|p2a: Zacian|Wild Charge|p1a: Robert\n|-activate|p1a: Robert|move: Protect\n|\n|-heal|p1a: Robert|25\/100|[from] item: Leftovers\n|-damage|p2a: Zacian|36\/100|[from] move: Infestation|[partiallytrapped]\n|upkeep\n|turn|14\n|\n|t:|1698903002\n|move|p2a: Zacian|Wild Charge|p1a: Robert\n|-supereffective|p1a: Robert\n|-damage|p1a: Robert|0 fnt\n|faint|p1a: Robert\n|-damage|p2a: Zacian|30\/100|[from] Recoil\n|\n|-end|p2a: Zacian|Infestation|[partiallytrapped]\n|upkeep\n|\n|t:|1698903004\n|switch|p1a: Oscar|Eiscue, F, shiny|100\/100\n|-damage|p1a: Oscar|75\/100|[from] Stealth Rock\n|-damage|p1a: Oscar|50\/100|[from] Spikes\n|turn|15\n|\n|t:|1698903010\n|move|p2a: Zacian|Behemoth Blade|p1a: Oscar\n|-activate|p1a: Oscar|ability: Ice Face\n|-damage|p1a: Oscar|50\/100\n|detailschange|p1a: Oscar|Eiscue-Noice, F, shiny\n|move|p1a: Oscar|Belly Drum||[still]\n|-fail|p1a: Oscar\n|\n|upkeep\n|turn|16\n|c|\u2606NotAtAllPockchan|belly drum?\n|\n|t:|1698903024\n|move|p2a: Zacian|Behemoth Blade|p1a: Oscar\n|-supereffective|p1a: Oscar\n|-damage|p1a: Oscar|0 fnt\n|faint|p1a: Oscar\n|\n|upkeep\n|c|\u2606WafflyWaff|Yeah\n|c|\u2606WafflyWaff|Because of your stupid groudon with roar\n|c|\u2606WafflyWaff|My whole strat is invalid\n|c|\u2606WafflyWaff|Rematch me again noob\n|c|\u2606NotAtAllPockchan|\ud83d\udc80 its really helpful\n|inactive|WafflyWaff has 270 seconds left.\n|c|\u2606NotAtAllPockchan|why ru so toxic bro\n|-message|WafflyWaff forfeited.\n|\n|win|NotAtAllPockchan\n|c|\u2606NotAtAllPockchan|:(\n|l|\u2606WafflyWaff\n","uploadtime":1698903060,"views":9,"p1id":"wafflywaff","p2id":"notatallpockchan","formatid":"gen9anythinggoes","rating":0,"private":0,"password":""}