{"id":"gen9anythinggoes-1972931994","p1":"lemur8889","p2":"Naiit","format":"[Gen 9] Anything Goes","log":"|j|\u2606lemur8889\n|j|\u2606Naiit\n|t:|1697910160\n|gametype|singles\n|player|p1|lemur8889|lucas|1109\n|player|p2|Naiit|265|1000\n|teamsize|p1|6\n|teamsize|p2|6\n|gen|9\n|tier|[Gen 9] Anything Goes\n|rated|\n|rule|HP Percentage Mod: HP is shown in percentages\n|rule|Endless Battle Clause: Forcing endless battles is banned\n|clearpoke\n|poke|p1|Flutter Mane|\n|poke|p1|Flutter Mane|\n|poke|p1|Flutter Mane|\n|poke|p1|Flutter Mane|\n|poke|p1|Flutter Mane|\n|poke|p1|Flutter Mane|\n|poke|p2|Pawmot, M|\n|poke|p2|Pawmot, F|\n|poke|p2|Pawmot, M|\n|poke|p2|Pawmot, F|\n|poke|p2|Pawmot, F|\n|poke|p2|Basculegion-F, F|\n|teampreview\n|\n|t:|1697910178\n|start\n|switch|p1a: Flutter Mane2|Flutter Mane|100\/100\n|switch|p2a: Pawmot|Pawmot, M|100\/100\n|turn|1\n|\n|t:|1697910186\n|move|p1a: Flutter Mane2|Sunny Day|p1a: Flutter Mane2\n|-weather|SunnyDay\n|-activate|p1a: Flutter Mane2|ability: Protosynthesis\n|-start|p1a: Flutter Mane2|protosynthesisspe\n|move|p2a: Pawmot|Nuzzle|p1a: Flutter Mane2\n|-damage|p1a: Flutter Mane2|84\/100\n|-status|p1a: Flutter Mane2|par\n|\n|-weather|SunnyDay|[upkeep]\n|upkeep\n|turn|2\n|\n|t:|1697910201\n|move|p2a: Pawmot|Discharge|p1a: Flutter Mane2\n|-damage|p1a: Flutter Mane2|62\/100 par\n|move|p1a: Flutter Mane2|Moonblast|p2a: Pawmot\n|-supereffective|p2a: Pawmot\n|-damage|p2a: Pawmot|0 fnt\n|faint|p2a: Pawmot\n|\n|-weather|SunnyDay|[upkeep]\n|upkeep\n|\n|t:|1697910207\n|switch|p2a: Pawmot|Pawmot, F|100\/100\n|turn|3\n|\n|t:|1697910215\n|move|p2a: Pawmot|Revival Blessing|p2a: Pawmot\n|\n|t:|1697910221\n|-heal|p2: Pawmot|50\/100|[from] move: Revival Blessing\n|move|p1a: Flutter Mane2|Moonblast|p2a: Pawmot\n|-supereffective|p2a: Pawmot\n|-damage|p2a: Pawmot|0 fnt\n|faint|p2a: Pawmot\n|\n|-weather|SunnyDay|[upkeep]\n|upkeep\n|\n|t:|1697910228\n|switch|p2a: Pawmot|Pawmot, M|50\/100\n|-enditem|p2a: Pawmot|Sitrus Berry|[eat]\n|-heal|p2a: Pawmot|75\/100|[from] item: Sitrus Berry\n|turn|4\n|\n|t:|1697910237\n|move|p2a: Pawmot|Revival Blessing|p2a: Pawmot\n|\n|t:|1697910239\n|-heal|p2: Pawmot|50\/100|[from] move: Revival Blessing\n|move|p1a: Flutter Mane2|Moonblast|p2a: Pawmot\n|-supereffective|p2a: Pawmot\n|-crit|p2a: Pawmot\n|-damage|p2a: Pawmot|0 fnt\n|faint|p2a: Pawmot\n|\n|-weather|SunnyDay|[upkeep]\n|upkeep\n|\n|t:|1697910251\n|switch|p2a: Pawmot|Pawmot, M|100\/100\n|turn|5\n|\n|t:|1697910260\n|move|p2a: Pawmot|Crunch|p1a: Flutter Mane2\n|-damage|p1a: Flutter Mane2|14\/100 par\n|move|p1a: Flutter Mane2|Moonblast|p2a: Pawmot\n|-supereffective|p2a: Pawmot\n|-damage|p2a: Pawmot|0 fnt\n|faint|p2a: Pawmot\n|\n|-weather|SunnyDay|[upkeep]\n|upkeep\n|\n|t:|1697910263\n|switch|p2a: Pawmot|Pawmot, F|100\/100\n|turn|6\n|\n|t:|1697910274\n|move|p2a: Pawmot|Revival Blessing|p2a: Pawmot\n|\n|t:|1697910276\n|-heal|p2: Pawmot|50\/100|[from] move: Revival Blessing\n|move|p1a: Flutter Mane2|Moonblast|p2a: Pawmot\n|-supereffective|p2a: Pawmot\n|-damage|p2a: Pawmot|0 fnt\n|faint|p2a: Pawmot\n|\n|-weather|SunnyDay|[upkeep]\n|upkeep\n|\n|t:|1697910279\n|switch|p2a: Pawmot|Pawmot, M|50\/100\n|turn|7\n|\n|t:|1697910288\n|move|p2a: Pawmot|Discharge|p1a: Flutter Mane2\n|-damage|p1a: Flutter Mane2|0 fnt\n|faint|p1a: Flutter Mane2\n|-end|p1a: Flutter Mane2|Protosynthesis|[silent]\n|\n|-weather|SunnyDay|[upkeep]\n|upkeep\n|\n|t:|1697910299\n|switch|p1a: Flutter Mane1|Flutter Mane|100\/100\n|-activate|p1a: Flutter Mane1|ability: Protosynthesis\n|-start|p1a: Flutter Mane1|protosynthesisspa\n|turn|8\n|\n|t:|1697910307\n|move|p1a: Flutter Mane1|Moonblast|p2a: Pawmot\n|-supereffective|p2a: Pawmot\n|-damage|p2a: Pawmot|0 fnt\n|faint|p2a: Pawmot\n|\n|-weather|none\n|-end|p1a: Flutter Mane1|Protosynthesis\n|upkeep\n|-enditem|p1a: Flutter Mane1|Booster Energy\n|-activate|p1a: Flutter Mane1|ability: Protosynthesis|[fromitem]\n|-start|p1a: Flutter Mane1|protosynthesisspa\n|\n|t:|1697910314\n|switch|p2a: Pawmot|Pawmot, F|50\/100\n|-enditem|p2a: Pawmot|Sitrus Berry|[eat]\n|-heal|p2a: Pawmot|75\/100|[from] item: Sitrus Berry\n|turn|9\n|\n|t:|1697910320\n|move|p1a: Flutter Mane1|Moonblast|p2a: Pawmot\n|-supereffective|p2a: Pawmot\n|-damage|p2a: Pawmot|0 fnt\n|faint|p2a: Pawmot\n|\n|upkeep\n|\n|t:|1697910323\n|switch|p2a: Pawmot|Pawmot, F|100\/100\n|turn|10\n|\n|t:|1697910330\n|-terastallize|p1a: Flutter Mane1|Fairy\n|move|p1a: Flutter Mane1|Moonblast|p2a: Pawmot\n|-supereffective|p2a: Pawmot\n|-damage|p2a: Pawmot|0 fnt\n|faint|p2a: Pawmot\n|\n|upkeep\n|\n|t:|1697910333\n|switch|p2a: Basculegion|Basculegion-F, F|100\/100\n|turn|11\n|\n|t:|1697910341\n|move|p2a: Basculegion|Last Respects|p1a: Flutter Mane1\n|-damage|p1a: Flutter Mane1|0 fnt\n|faint|p1a: Flutter Mane1\n|-end|p1a: Flutter Mane1|Protosynthesis|[silent]\n|\n|upkeep\n|\n|t:|1697910346\n|switch|p1a: Flutter Mane3|Flutter Mane|100\/100\n|turn|12\n|\n|t:|1697910352\n|move|p2a: Basculegion|Last Respects|p1a: Flutter Mane3\n|-supereffective|p1a: Flutter Mane3\n|-damage|p1a: Flutter Mane3|0 fnt\n|faint|p1a: Flutter Mane3\n|-end|p1a: Flutter Mane3|Protosynthesis|[silent]\n|\n|upkeep\n|\n|t:|1697910358\n|switch|p1a: Flutter Mane4|Flutter Mane|100\/100\n|turn|13\n|\n|t:|1697910364\n|-end|p1a: Flutter Mane4|Protosynthesis|[silent]\n|switch|p1a: Flutter Mane5|Flutter Mane|100\/100\n|move|p2a: Basculegion|Last Respects|p1a: Flutter Mane5\n|-supereffective|p1a: Flutter Mane5\n|-damage|p1a: Flutter Mane5|0 fnt\n|faint|p1a: Flutter Mane5\n|-end|p1a: Flutter Mane5|Protosynthesis|[silent]\n|\n|upkeep\n|\n|t:|1697910371\n|switch|p1a: Flutter Mane6|Flutter Mane|100\/100\n|turn|14\n|\n|t:|1697910376\n|move|p2a: Basculegion|Last Respects|p1a: Flutter Mane6\n|-supereffective|p1a: Flutter Mane6\n|-damage|p1a: Flutter Mane6|0 fnt\n|faint|p1a: Flutter Mane6\n|-end|p1a: Flutter Mane6|Protosynthesis|[silent]\n|\n|upkeep\n|\n|t:|1697910382\n|switch|p1a: Flutter Mane4|Flutter Mane|100\/100\n|turn|15\n|\n|t:|1697910391\n|move|p2a: Basculegion|Last Respects|p1a: Flutter Mane4\n|-supereffective|p1a: Flutter Mane4\n|-enditem|p1a: Flutter Mane4|Focus Sash\n|-damage|p1a: Flutter Mane4|1\/100\n|move|p1a: Flutter Mane4|Shadow Ball|p2a: Basculegion\n|-supereffective|p2a: Basculegion\n|-damage|p2a: Basculegion|0 fnt\n|faint|p2a: Basculegion\n|\n|win|lemur8889\n|raw|lemur8889's rating: 1109 &rarr; <strong>1126<\/strong><br \/>(+17 for winning)\n|raw|Naiit's rating: 1000 &rarr; <strong>1000<\/strong><br \/>(+0 for losing)\n|l|\u2606Naiit\n","uploadtime":1697910565,"views":13,"p1id":"lemur8889","p2id":"naiit","formatid":"gen9anythinggoes","rating":1000,"private":0,"password":""}