{"id":"gen9anythinggoes-1982336082","p1":"MrMimeIsMrKetchum","p2":"Jirachiisnotop","format":"[Gen 9] Anything Goes","log":"|j|\u2606MrMimeIsMrKetchum\n|j|\u2606Jirachiisnotop\n|t:|1698999732\n|gametype|singles\n|player|p1|MrMimeIsMrKetchum|swimmerf-gen4|1259\n|player|p2|Jirachiisnotop|unknown|1397\n|teamsize|p1|6\n|teamsize|p2|6\n|gen|9\n|tier|[Gen 9] Anything Goes\n|rated|\n|rule|HP Percentage Mod: HP is shown in percentages\n|rule|Endless Battle Clause: Forcing endless battles is banned\n|clearpoke\n|poke|p1|Hatterene, F|\n|poke|p1|Glimmora, F|\n|poke|p1|Dugtrio, F|\n|poke|p1|Dugtrio, F|\n|poke|p1|Dugtrio, F|\n|poke|p1|Scovillain, F|\n|poke|p2|Tyranitar, F|\n|poke|p2|Houndstone, F|\n|poke|p2|Ditto|\n|poke|p2|Espeon, F|\n|poke|p2|Maushold-Four|\n|poke|p2|Polteageist-Antique|\n|teampreview\n|inactive|Battle timer is ON: inactive players will automatically lose when time's up. (requested by Jirachiisnotop)\n|\n|t:|1698999750\n|start\n|switch|p1a: Glimmora|Glimmora, F, shiny|100\/100\n|switch|p2a: Polteageist|Polteageist-Antique|100\/100\n|turn|1\n|\n|t:|1698999759\n|move|p1a: Glimmora|Toxic Spikes|p2a: Polteageist\n|-sidestart|p2: Jirachiisnotop|move: Toxic Spikes\n|move|p2a: Polteageist|Shell Smash|p2a: Polteageist\n|-unboost|p2a: Polteageist|def|1\n|-unboost|p2a: Polteageist|spd|1\n|-boost|p2a: Polteageist|atk|2\n|-boost|p2a: Polteageist|spa|2\n|-boost|p2a: Polteageist|spe|2\n|-enditem|p2a: Polteageist|White Herb\n|-clearnegativeboost|p2a: Polteageist|[silent]\n|\n|upkeep\n|turn|2\n|\n|t:|1698999766\n|move|p2a: Polteageist|Stored Power|p1a: Glimmora\n|-supereffective|p1a: Glimmora\n|-enditem|p1a: Glimmora|Focus Sash\n|-damage|p1a: Glimmora|1\/100\n|move|p1a: Glimmora|Mortal Spin|p2a: Polteageist\n|-resisted|p2a: Polteageist\n|-damage|p2a: Polteageist|96\/100\n|-status|p2a: Polteageist|psn\n|\n|-damage|p2a: Polteageist|84\/100 psn|[from] psn\n|upkeep\n|turn|3\n|\n|t:|1698999782\n|switch|p1a: Hatterene|Hatterene, F, shiny|100\/100\n|move|p2a: Polteageist|Baton Pass|p2a: Polteageist\n|\n|t:|1698999785\n|switch|p2a: DeadMau5|Maushold-Four|100\/100|[from] Baton Pass\n|-status|p2a: DeadMau5|psn\n|\n|-damage|p2a: DeadMau5|88\/100 psn|[from] psn\n|upkeep\n|turn|4\n|\n|t:|1698999793\n|move|p2a: DeadMau5|Population Bomb|p1a: Hatterene\n|-damage|p1a: Hatterene|81\/100\n|-damage|p1a: Hatterene|60\/100\n|-damage|p1a: Hatterene|37\/100\n|-damage|p1a: Hatterene|14\/100\n|-damage|p1a: Hatterene|0 fnt\n|faint|p1a: Hatterene\n|-hitcount|p1: Hatterene|5\n|\n|-damage|p2a: DeadMau5|76\/100 psn|[from] psn\n|upkeep\n|\n|t:|1698999796\n|switch|p1a: Glimmora|Glimmora, F, shiny|1\/100\n|turn|5\n|\n|t:|1698999810\n|move|p2a: DeadMau5|Population Bomb|p1a: Glimmora\n|-resisted|p1a: Glimmora\n|-damage|p1a: Glimmora|0 fnt\n|-activate|p1a: Glimmora|ability: Toxic Debris\n|-sidestart|p2: Jirachiisnotop|move: Toxic Spikes\n|faint|p1a: Glimmora\n|-hitcount|p1: Glimmora|1\n|\n|-damage|p2a: DeadMau5|63\/100 psn|[from] psn\n|upkeep\n|\n|t:|1698999818\n|switch|p1a: Dugtrio|Dugtrio, F, shiny|100\/100\n|turn|6\n|\n|t:|1698999823\n|move|p1a: Dugtrio|Protect|p1a: Dugtrio\n|-singleturn|p1a: Dugtrio|Protect\n|move|p2a: DeadMau5|Population Bomb|p1a: Dugtrio\n|-activate|p1a: Dugtrio|move: Protect\n|\n|-damage|p2a: DeadMau5|51\/100 psn|[from] psn\n|upkeep\n|turn|7\n|\n|t:|1698999831\n|move|p2a: DeadMau5|Population Bomb|p1a: Dugtrio\n|-damage|p1a: Dugtrio|60\/100\n|-damage|p1a: Dugtrio|16\/100\n|-damage|p1a: Dugtrio|0 fnt\n|faint|p1a: Dugtrio\n|-hitcount|p1: Dugtrio|3\n|\n|-damage|p2a: DeadMau5|38\/100 psn|[from] psn\n|upkeep\n|\n|t:|1698999834\n|switch|p1a: Dugtrio|Dugtrio, F, shiny|100\/100\n|turn|8\n|\n|t:|1698999836\n|move|p1a: Dugtrio|Protect|p1a: Dugtrio\n|-singleturn|p1a: Dugtrio|Protect\n|move|p2a: DeadMau5|Tidy Up|p2a: DeadMau5\n|-sideend|p2: Jirachiisnotop|Toxic Spikes\n|-activate|p2a: DeadMau5|move: Tidy Up\n|-boost|p2a: DeadMau5|atk|1\n|-boost|p2a: DeadMau5|spe|1\n|\n|-damage|p2a: DeadMau5|26\/100 psn|[from] psn\n|upkeep\n|turn|9\n|\n|t:|1698999841\n|move|p2a: DeadMau5|Population Bomb|p1a: Dugtrio|[miss]\n|-miss|p2a: DeadMau5|p1a: Dugtrio\n|move|p1a: Dugtrio|Sand Attack|p2a: DeadMau5\n|-unboost|p2a: DeadMau5|accuracy|1\n|\n|-damage|p2a: DeadMau5|14\/100 psn|[from] psn\n|upkeep\n|turn|10\n|\n|t:|1698999845\n|move|p1a: Dugtrio|Protect|p1a: Dugtrio\n|-singleturn|p1a: Dugtrio|Protect\n|move|p2a: DeadMau5|Population Bomb|p1a: Dugtrio\n|-activate|p1a: Dugtrio|move: Protect\n|\n|-damage|p2a: DeadMau5|1\/100 psn|[from] psn\n|upkeep\n|turn|11\n|\n|t:|1698999853\n|move|p2a: DeadMau5|Population Bomb|p1a: Dugtrio\n|-damage|p1a: Dugtrio|49\/100\n|-hitcount|p1a: Dugtrio|1\n|move|p1a: Dugtrio|Substitute|p1a: Dugtrio\n|-start|p1a: Dugtrio|Substitute\n|-damage|p1a: Dugtrio|24\/100\n|\n|-heal|p1a: Dugtrio|30\/100|[from] item: Leftovers\n|-damage|p2a: DeadMau5|0 fnt|[from] psn\n|faint|p2a: DeadMau5\n|upkeep\n|\n|t:|1698999859\n|switch|p2a: Polteageist|Polteageist-Antique|84\/100 psn\n|turn|12\n|\n|t:|1698999864\n|move|p1a: Dugtrio|Sand Attack|p2a: Polteageist\n|-unboost|p2a: Polteageist|accuracy|1\n|move|p2a: Polteageist|Shell Smash|p2a: Polteageist\n|-unboost|p2a: Polteageist|def|1\n|-unboost|p2a: Polteageist|spd|1\n|-boost|p2a: Polteageist|atk|2\n|-boost|p2a: Polteageist|spa|2\n|-boost|p2a: Polteageist|spe|2\n|\n|-heal|p1a: Dugtrio|36\/100|[from] item: Leftovers\n|-damage|p2a: Polteageist|71\/100 psn|[from] psn\n|upkeep\n|turn|13\n|\n|t:|1698999883\n|move|p1a: Dugtrio|Protect|p1a: Dugtrio\n|-singleturn|p1a: Dugtrio|Protect\n|move|p2a: Polteageist|Stored Power|p1a: Dugtrio\n|-activate|p1a: Dugtrio|move: Protect\n|\n|-heal|p1a: Dugtrio|42\/100|[from] item: Leftovers\n|-damage|p2a: Polteageist|59\/100 psn|[from] psn\n|upkeep\n|turn|14\n|\n|t:|1698999888\n|move|p2a: Polteageist|Stored Power|p1a: Dugtrio\n|-end|p1a: Dugtrio|Substitute\n|move|p1a: Dugtrio|Memento|p2a: Polteageist\n|-unboost|p2a: Polteageist|atk|2\n|-unboost|p2a: Polteageist|spa|2\n|faint|p1a: Dugtrio\n|\n|-damage|p2a: Polteageist|46\/100 psn|[from] psn\n|upkeep\n|\n|t:|1698999897\n|switch|p1a: Dugtrio|Dugtrio, F, shiny|100\/100\n|turn|15\n|\n|t:|1698999902\n|move|p2a: Polteageist|Shell Smash|p2a: Polteageist\n|-unboost|p2a: Polteageist|def|1\n|-unboost|p2a: Polteageist|spd|1\n|-boost|p2a: Polteageist|atk|2\n|-boost|p2a: Polteageist|spa|2\n|-boost|p2a: Polteageist|spe|2\n|move|p1a: Dugtrio|Substitute|p1a: Dugtrio\n|-start|p1a: Dugtrio|Substitute\n|-damage|p1a: Dugtrio|76\/100\n|\n|-heal|p1a: Dugtrio|82\/100|[from] item: Leftovers\n|-damage|p2a: Polteageist|34\/100 psn|[from] psn\n|upkeep\n|turn|16\n|\n|t:|1698999906\n|move|p1a: Dugtrio|Protect|p1a: Dugtrio\n|-singleturn|p1a: Dugtrio|Protect\n|move|p2a: Polteageist|Stored Power|p1a: Dugtrio\n|-activate|p1a: Dugtrio|move: Protect\n|\n|-heal|p1a: Dugtrio|88\/100|[from] item: Leftovers\n|-damage|p2a: Polteageist|22\/100 psn|[from] psn\n|upkeep\n|turn|17\n|\n|t:|1698999909\n|move|p2a: Polteageist|Stored Power|p1a: Dugtrio\n|-end|p1a: Dugtrio|Substitute\n|move|p1a: Dugtrio|Substitute|p1a: Dugtrio\n|-start|p1a: Dugtrio|Substitute\n|-damage|p1a: Dugtrio|63\/100\n|\n|-heal|p1a: Dugtrio|69\/100|[from] item: Leftovers\n|-damage|p2a: Polteageist|9\/100 psn|[from] psn\n|upkeep\n|turn|18\n|\n|t:|1698999912\n|move|p1a: Dugtrio|Protect|p1a: Dugtrio\n|-singleturn|p1a: Dugtrio|Protect\n|move|p2a: Polteageist|Stored Power|p1a: Dugtrio\n|-activate|p1a: Dugtrio|move: Protect\n|\n|-heal|p1a: Dugtrio|76\/100|[from] item: Leftovers\n|-damage|p2a: Polteageist|0 fnt|[from] psn\n|faint|p2a: Polteageist\n|upkeep\n|\n|t:|1698999917\n|switch|p2a: OG Godzilla|Tyranitar, F|100\/100\n|-weather|Sandstorm|[from] ability: Sand Stream|[of] p2a: OG Godzilla\n|turn|19\n|\n|t:|1698999922\n|move|p1a: Dugtrio|Sand Attack|p2a: OG Godzilla\n|-unboost|p2a: OG Godzilla|accuracy|1\n|move|p2a: OG Godzilla|Rock Tomb|p1a: Dugtrio\n|-resisted|p1a: Dugtrio\n|-end|p1a: Dugtrio|Substitute\n|\n|-weather|Sandstorm|[upkeep]\n|-heal|p1a: Dugtrio|82\/100|[from] item: Leftovers\n|upkeep\n|turn|20\n|\n|t:|1698999925\n|move|p1a: Dugtrio|Protect|p1a: Dugtrio\n|-singleturn|p1a: Dugtrio|Protect\n|move|p2a: OG Godzilla|Rock Tomb|p1a: Dugtrio\n|-activate|p1a: Dugtrio|move: Protect\n|\n|-weather|Sandstorm|[upkeep]\n|-heal|p1a: Dugtrio|88\/100|[from] item: Leftovers\n|upkeep\n|turn|21\n|\n|t:|1698999927\n|move|p1a: Dugtrio|Substitute|p1a: Dugtrio\n|-start|p1a: Dugtrio|Substitute\n|-damage|p1a: Dugtrio|63\/100\n|move|p2a: OG Godzilla|Rock Tomb|p1a: Dugtrio\n|-resisted|p1a: Dugtrio\n|-end|p1a: Dugtrio|Substitute\n|\n|-weather|Sandstorm|[upkeep]\n|-heal|p1a: Dugtrio|69\/100|[from] item: Leftovers\n|upkeep\n|turn|22\n|\n|t:|1698999931\n|move|p1a: Dugtrio|Protect|p1a: Dugtrio\n|-singleturn|p1a: Dugtrio|Protect\n|move|p2a: OG Godzilla|Rock Tomb|p1a: Dugtrio\n|-activate|p1a: Dugtrio|move: Protect\n|\n|-weather|Sandstorm|[upkeep]\n|-heal|p1a: Dugtrio|76\/100|[from] item: Leftovers\n|upkeep\n|turn|23\n|\n|t:|1698999934\n|move|p1a: Dugtrio|Substitute|p1a: Dugtrio\n|-start|p1a: Dugtrio|Substitute\n|-damage|p1a: Dugtrio|51\/100\n|move|p2a: OG Godzilla|Dragon Tail|p1a: Dugtrio\n|-end|p1a: Dugtrio|Substitute\n|\n|-weather|Sandstorm|[upkeep]\n|-heal|p1a: Dugtrio|57\/100|[from] item: Leftovers\n|upkeep\n|turn|24\n|\n|t:|1698999937\n|move|p1a: Dugtrio|Protect|p1a: Dugtrio\n|-singleturn|p1a: Dugtrio|Protect\n|move|p2a: OG Godzilla|Dragon Tail|p1a: Dugtrio\n|-activate|p1a: Dugtrio|move: Protect\n|\n|-weather|Sandstorm|[upkeep]\n|-heal|p1a: Dugtrio|63\/100|[from] item: Leftovers\n|upkeep\n|turn|25\n|\n|t:|1698999945\n|move|p1a: Dugtrio|Substitute|p1a: Dugtrio\n|-start|p1a: Dugtrio|Substitute\n|-damage|p1a: Dugtrio|38\/100\n|move|p2a: OG Godzilla|Dragon Tail|p1a: Dugtrio\n|-end|p1a: Dugtrio|Substitute\n|\n|-weather|Sandstorm|[upkeep]\n|-heal|p1a: Dugtrio|45\/100|[from] item: Leftovers\n|upkeep\n|turn|26\n|\n|t:|1698999948\n|move|p1a: Dugtrio|Protect|p1a: Dugtrio\n|-singleturn|p1a: Dugtrio|Protect\n|move|p2a: OG Godzilla|Avalanche|p1a: Dugtrio\n|-activate|p1a: Dugtrio|move: Protect\n|\n|-weather|none\n|-heal|p1a: Dugtrio|51\/100|[from] item: Leftovers\n|upkeep\n|turn|27\n|\n|t:|1698999950\n|move|p1a: Dugtrio|Substitute|p1a: Dugtrio\n|-start|p1a: Dugtrio|Substitute\n|-damage|p1a: Dugtrio|26\/100\n|move|p2a: OG Godzilla|Avalanche|p1a: Dugtrio\n|-supereffective|p1a: Dugtrio\n|-crit|p1a: Dugtrio\n|-end|p1a: Dugtrio|Substitute\n|\n|-heal|p1a: Dugtrio|32\/100|[from] item: Leftovers\n|upkeep\n|turn|28\n|\n|t:|1698999953\n|move|p1a: Dugtrio|Protect|p1a: Dugtrio\n|-singleturn|p1a: Dugtrio|Protect\n|move|p2a: OG Godzilla|Avalanche|p1a: Dugtrio\n|-activate|p1a: Dugtrio|move: Protect\n|\n|-heal|p1a: Dugtrio|38\/100|[from] item: Leftovers\n|upkeep\n|turn|29\n|\n|t:|1698999957\n|move|p1a: Dugtrio|Substitute|p1a: Dugtrio\n|-start|p1a: Dugtrio|Substitute\n|-damage|p1a: Dugtrio|14\/100\n|move|p2a: OG Godzilla|Rock Tomb|p1a: Dugtrio\n|-resisted|p1a: Dugtrio\n|-end|p1a: Dugtrio|Substitute\n|\n|-heal|p1a: Dugtrio|20\/100|[from] item: Leftovers\n|upkeep\n|turn|30\n|\n|t:|1698999959\n|move|p1a: Dugtrio|Protect|p1a: Dugtrio\n|-singleturn|p1a: Dugtrio|Protect\n|move|p2a: OG Godzilla|Rock Tomb|p1a: Dugtrio\n|-activate|p1a: Dugtrio|move: Protect\n|\n|-heal|p1a: Dugtrio|26\/100|[from] item: Leftovers\n|upkeep\n|turn|31\n|\n|t:|1698999962\n|move|p1a: Dugtrio|Substitute|p1a: Dugtrio\n|-start|p1a: Dugtrio|Substitute\n|-damage|p1a: Dugtrio|1\/100\n|move|p2a: OG Godzilla|Rock Tomb|p1a: Dugtrio\n|-resisted|p1a: Dugtrio\n|-end|p1a: Dugtrio|Substitute\n|\n|-heal|p1a: Dugtrio|7\/100|[from] item: Leftovers\n|upkeep\n|turn|32\n|\n|t:|1698999965\n|move|p1a: Dugtrio|Protect|p1a: Dugtrio\n|-singleturn|p1a: Dugtrio|Protect\n|move|p2a: OG Godzilla|Rock Tomb|p1a: Dugtrio\n|-activate|p1a: Dugtrio|move: Protect\n|\n|-heal|p1a: Dugtrio|14\/100|[from] item: Leftovers\n|upkeep\n|turn|33\n|\n|t:|1698999971\n|move|p1a: Dugtrio|Memento|p2a: OG Godzilla\n|-unboost|p2a: OG Godzilla|atk|2\n|-unboost|p2a: OG Godzilla|spa|2\n|faint|p1a: Dugtrio\n|move|p2a: OG Godzilla|Rock Tomb|p1: Dugtrio|[notarget]\n|-fail|p2a: OG Godzilla\n|\n|upkeep\n|\n|t:|1698999975\n|switch|p1a: Scovillain|Scovillain, F, shiny|100\/100\n|turn|34\n|\n|t:|1698999979\n|switch|p2a: Espeon|Espeon, F|100\/100\n|move|p1a: Scovillain|Substitute|p1a: Scovillain\n|-start|p1a: Scovillain|Substitute\n|-damage|p1a: Scovillain|76\/100\n|\n|-heal|p1a: Scovillain|82\/100|[from] item: Leftovers\n|-ability|p1a: Scovillain|Moody|boost\n|-boost|p1a: Scovillain|spd|2\n|-unboost|p1a: Scovillain|spe|1\n|upkeep\n|turn|35\n|\n|t:|1698999986\n|move|p1a: Scovillain|Protect|p1a: Scovillain\n|-singleturn|p1a: Scovillain|Protect\n|move|p2a: Espeon|Psyshock|p1a: Scovillain\n|-activate|p1a: Scovillain|move: Protect\n|\n|-heal|p1a: Scovillain|88\/100|[from] item: Leftovers\n|-ability|p1a: Scovillain|Moody|boost\n|-boost|p1a: Scovillain|spa|2\n|-unboost|p1a: Scovillain|atk|1\n|upkeep\n|turn|36\n|\n|t:|1698999997\n|move|p2a: Espeon|Psyshock|p1a: Scovillain\n|-end|p1a: Scovillain|Substitute\n|move|p1a: Scovillain|Substitute|p1a: Scovillain\n|-start|p1a: Scovillain|Substitute\n|-damage|p1a: Scovillain|63\/100\n|\n|-heal|p1a: Scovillain|69\/100|[from] item: Leftovers\n|-ability|p1a: Scovillain|Moody|boost\n|-boost|p1a: Scovillain|spe|2\n|-unboost|p1a: Scovillain|def|1\n|upkeep\n|turn|37\n|\n|t:|1698999999\n|move|p1a: Scovillain|Protect|p1a: Scovillain\n|-singleturn|p1a: Scovillain|Protect\n|move|p2a: Espeon|Psyshock|p1a: Scovillain\n|-activate|p1a: Scovillain|move: Protect\n|\n|-heal|p1a: Scovillain|75\/100|[from] item: Leftovers\n|-ability|p1a: Scovillain|Moody|boost\n|-boost|p1a: Scovillain|def|2\n|-unboost|p1a: Scovillain|atk|1\n|upkeep\n|turn|38\n|\n|t:|1699000011\n|move|p1a: Scovillain|Flamethrower|p2a: Espeon\n|-damage|p2a: Espeon|14\/100\n|move|p2a: Espeon|Psyshock|p1a: Scovillain\n|-end|p1a: Scovillain|Substitute\n|\n|-heal|p1a: Scovillain|81\/100|[from] item: Leftovers\n|-ability|p1a: Scovillain|Moody|boost\n|-boost|p1a: Scovillain|def|2\n|-unboost|p1a: Scovillain|spa|1\n|upkeep\n|turn|39\n|\n|t:|1699000019\n|move|p1a: Scovillain|Substitute|p1a: Scovillain\n|-start|p1a: Scovillain|Substitute\n|-damage|p1a: Scovillain|56\/100\n|move|p2a: Espeon|Yawn||[still]\n|-fail|p2a: Espeon\n|\n|-heal|p1a: Scovillain|62\/100|[from] item: Leftovers\n|-ability|p1a: Scovillain|Moody|boost\n|-boost|p1a: Scovillain|atk|2\n|-unboost|p1a: Scovillain|spe|1\n|upkeep\n|turn|40\n|\n|t:|1699000023\n|move|p1a: Scovillain|Protect|p1a: Scovillain\n|-singleturn|p1a: Scovillain|Protect\n|move|p2a: Espeon|Psyshock|p1a: Scovillain\n|-activate|p1a: Scovillain|move: Protect\n|\n|-heal|p1a: Scovillain|68\/100|[from] item: Leftovers\n|-ability|p1a: Scovillain|Moody|boost\n|-boost|p1a: Scovillain|atk|2\n|-unboost|p1a: Scovillain|spd|1\n|upkeep\n|turn|41\n|\n|t:|1699000031\n|move|p2a: Espeon|Psyshock|p1a: Scovillain\n|-activate|p1a: Scovillain|move: Substitute|[damage]\n|move|p1a: Scovillain|Substitute|p1a: Scovillain\n|-fail|p1a: Scovillain|move: Substitute\n|\n|-heal|p1a: Scovillain|74\/100|[from] item: Leftovers\n|-ability|p1a: Scovillain|Moody|boost\n|-boost|p1a: Scovillain|def|2\n|-unboost|p1a: Scovillain|atk|1\n|upkeep\n|turn|42\n|\n|t:|1699000038\n|move|p1a: Scovillain|Protect|p1a: Scovillain\n|-singleturn|p1a: Scovillain|Protect\n|move|p2a: Espeon|Psyshock|p1a: Scovillain\n|-activate|p1a: Scovillain|move: Protect\n|\n|-heal|p1a: Scovillain|80\/100|[from] item: Leftovers\n|-ability|p1a: Scovillain|Moody|boost\n|-boost|p1a: Scovillain|atk|2\n|-unboost|p1a: Scovillain|spa|1\n|upkeep\n|turn|43\n|\n|t:|1699000042\n|move|p2a: Espeon|Psyshock|p1a: Scovillain\n|-end|p1a: Scovillain|Substitute\n|move|p1a: Scovillain|Substitute|p1a: Scovillain\n|-start|p1a: Scovillain|Substitute\n|-damage|p1a: Scovillain|55\/100\n|\n|-heal|p1a: Scovillain|61\/100|[from] item: Leftovers\n|-ability|p1a: Scovillain|Moody|boost\n|-boost|p1a: Scovillain|spe|2\n|-unboost|p1a: Scovillain|atk|1\n|upkeep\n|turn|44\n|\n|t:|1699000049\n|move|p1a: Scovillain|Protect|p1a: Scovillain\n|-singleturn|p1a: Scovillain|Protect\n|move|p2a: Espeon|Psyshock|p1a: Scovillain\n|-activate|p1a: Scovillain|move: Protect\n|\n|-heal|p1a: Scovillain|67\/100|[from] item: Leftovers\n|-ability|p1a: Scovillain|Moody|boost\n|-boost|p1a: Scovillain|spa|2\n|-unboost|p1a: Scovillain|def|1\n|upkeep\n|turn|45\n|\n|t:|1699000052\n|move|p1a: Scovillain|Flamethrower|p2a: Espeon\n|-damage|p2a: Espeon|0 fnt\n|faint|p2a: Espeon\n|\n|-heal|p1a: Scovillain|73\/100|[from] item: Leftovers\n|-ability|p1a: Scovillain|Moody|boost\n|-boost|p1a: Scovillain|spa|2\n|-unboost|p1a: Scovillain|spe|1\n|upkeep\n|\n|t:|1699000062\n|switch|p2a: OG Godzilla|Tyranitar, F|100\/100\n|-weather|Sandstorm|[from] ability: Sand Stream|[of] p2a: OG Godzilla\n|turn|46\n|\n|t:|1699000074\n|move|p1a: Scovillain|Leech Seed|p2a: OG Godzilla\n|-start|p2a: OG Godzilla|move: Leech Seed\n|move|p2a: OG Godzilla|Rock Tomb|p1a: Scovillain\n|-supereffective|p1a: Scovillain\n|-end|p1a: Scovillain|Substitute\n|\n|-weather|Sandstorm|[upkeep]\n|-damage|p1a: Scovillain|67\/100|[from] Sandstorm\n|-heal|p1a: Scovillain|73\/100|[from] item: Leftovers\n|-damage|p2a: OG Godzilla|88\/100|[from] Leech Seed|[of] p1a: Scovillain\n|-heal|p1a: Scovillain|86\/100|[silent]\n|-ability|p1a: Scovillain|Moody|boost\n|-boost|p1a: Scovillain|def|2\n|-unboost|p1a: Scovillain|atk|1\n|upkeep\n|turn|47\n|\n|t:|1699000077\n|switch|p2a: Fast Boi|Ditto|100\/100\n|-transform|p2a: Fast Boi|p1a: Scovillain|[from] ability: Imposter\n|move|p1a: Scovillain|Substitute|p1a: Scovillain\n|-start|p1a: Scovillain|Substitute\n|-damage|p1a: Scovillain|61\/100\n|\n|-weather|Sandstorm|[upkeep]\n|-damage|p2a: Fast Boi|94\/100|[from] Sandstorm\n|-damage|p1a: Scovillain|55\/100|[from] Sandstorm\n|-heal|p1a: Scovillain|61\/100|[from] item: Leftovers\n|-ability|p2a: Fast Boi|Moody|boost\n|-boost|p2a: Fast Boi|atk|2\n|-unboost|p2a: Fast Boi|def|1\n|-ability|p1a: Scovillain|Moody|boost\n|-boost|p1a: Scovillain|atk|2\n|-unboost|p1a: Scovillain|spa|1\n|upkeep\n|turn|48\n|\n|t:|1699000084\n|move|p2a: Fast Boi|Flamethrower|p1a: Scovillain\n|-end|p1a: Scovillain|Substitute\n|move|p1a: Scovillain|Flamethrower|p2a: Fast Boi\n|-damage|p2a: Fast Boi|12\/100\n|\n|-weather|Sandstorm|[upkeep]\n|-damage|p2a: Fast Boi|6\/100|[from] Sandstorm\n|-damage|p1a: Scovillain|55\/100|[from] Sandstorm\n|-heal|p1a: Scovillain|61\/100|[from] item: Leftovers\n|-ability|p2a: Fast Boi|Moody|boost\n|-boost|p2a: Fast Boi|spe|2\n|-unboost|p2a: Fast Boi|spa|1\n|-ability|p1a: Scovillain|Moody|boost\n|-boost|p1a: Scovillain|atk|2\n|-unboost|p1a: Scovillain|spd|1\n|upkeep\n|turn|49\n|\n|t:|1699000093\n|move|p1a: Scovillain|Protect|p1a: Scovillain\n|-singleturn|p1a: Scovillain|Protect\n|move|p2a: Fast Boi|Flamethrower|p1a: Scovillain\n|-activate|p1a: Scovillain|move: Protect\n|\n|-weather|Sandstorm|[upkeep]\n|-damage|p2a: Fast Boi|0 fnt|[from] Sandstorm\n|-damage|p1a: Scovillain|55\/100|[from] Sandstorm\n|faint|p2a: Fast Boi\n|-heal|p1a: Scovillain|61\/100|[from] item: Leftovers\n|-ability|p1a: Scovillain|Moody|boost\n|-boost|p1a: Scovillain|spe|2\n|-unboost|p1a: Scovillain|def|1\n|upkeep\n|\n|t:|1699000095\n|switch|p2a: Houndstone|Houndstone, F|100\/100\n|turn|50\n|\n|t:|1699000117\n|-terastallize|p1a: Scovillain|Fire\n|move|p1a: Scovillain|Flamethrower|p2a: Houndstone\n|-enditem|p2a: Houndstone|Focus Sash\n|-damage|p2a: Houndstone|1\/100\n|move|p2a: Houndstone|Last Respects|p1a: Scovillain\n|-damage|p1a: Scovillain|11\/100\n|\n|-weather|Sandstorm|[upkeep]\n|-damage|p1a: Scovillain|5\/100|[from] Sandstorm\n|-heal|p1a: Scovillain|11\/100|[from] item: Leftovers\n|-ability|p1a: Scovillain|Moody|boost\n|-boost|p1a: Scovillain|atk|1\n|-unboost|p1a: Scovillain|def|1\n|upkeep\n|turn|51\n|\n|t:|1699000127\n|move|p2a: Houndstone|Shadow Sneak|p1a: Scovillain\n|-damage|p1a: Scovillain|2\/100\n|move|p1a: Scovillain|Flamethrower|p2a: Houndstone\n|-damage|p2a: Houndstone|0 fnt\n|faint|p2a: Houndstone\n|\n|-weather|Sandstorm|[upkeep]\n|-damage|p1a: Scovillain|0 fnt|[from] Sandstorm\n|faint|p1a: Scovillain\n|\n|win|Jirachiisnotop\n|upkeep\n|raw|MrMimeIsMrKetchum's rating: 1259 &rarr; <strong>1243<\/strong><br \/>(-16 for losing)\n|raw|Jirachiisnotop's rating: 1397 &rarr; <strong>1409<\/strong><br \/>(+12 for winning)\n|l|\u2606Jirachiisnotop\n|l|\u2606MrMimeIsMrKetchum\n","uploadtime":1699000141,"views":10,"p1id":"mrmimeismrketchum","p2id":"jirachiisnotop","formatid":"gen9anythinggoes","rating":1243,"private":0,"password":""}