{"id":"gen9anythinggoes-1986844498","p1":"Wiilyam","p2":"Cartus","format":"[Gen 9] Anything Goes","log":"|j|\u2606Wiilyam\n|j|\u2606Cartus\n|t:|1699533226\n|gametype|singles\n|player|p1|Wiilyam|ingo|1381\n|player|p2|Cartus|iris|1270\n|teamsize|p1|6\n|teamsize|p2|6\n|gen|9\n|tier|[Gen 9] Anything Goes\n|rated|\n|rule|HP Percentage Mod: HP is shown in percentages\n|rule|Endless Battle Clause: Forcing endless battles is banned\n|clearpoke\n|poke|p1|Gliscor, M|\n|poke|p1|Palafin, M|\n|poke|p1|Calyrex-Ice|\n|poke|p1|Rillaboom, M|\n|poke|p1|Sneasler, M|\n|poke|p1|Garganacl, F|\n|poke|p2|Palafin, M|\n|poke|p2|Annihilape, F|\n|poke|p2|Chi-Yu|\n|poke|p2|Garganacl, M|\n|poke|p2|Flutter Mane|\n|poke|p2|Miraidon|\n|teampreview\n|\n|t:|1699533232\n|start\n|switch|p1a: Palafin|Palafin, M|100\/100\n|switch|p2a: Fish|Palafin, M|100\/100\n|turn|1\n|\n|t:|1699533256\n|detailschange|p2a: Fish|Palafin-Hero, M\n|switch|p2a: Annihilape|Annihilape, F|100\/100\n|detailschange|p1a: Palafin|Palafin-Hero, M\n|switch|p1a: Rillaboom|Rillaboom, M|100\/100\n|-fieldstart|move: Grassy Terrain|[from] ability: Grassy Surge|[of] p1a: Rillaboom\n|\n|upkeep\n|turn|2\n|\n|t:|1699533268\n|move|p1a: Rillaboom|Grassy Glide|p2a: Annihilape\n|-damage|p2a: Annihilape|41\/100\n|move|p2a: Annihilape|Bulk Up|p2a: Annihilape\n|-boost|p2a: Annihilape|atk|1\n|-boost|p2a: Annihilape|def|1\n|\n|-heal|p2a: Annihilape|47\/100|[from] Grassy Terrain\n|-heal|p2a: Annihilape|53\/100|[from] item: Leftovers\n|upkeep\n|turn|3\n|\n|t:|1699533288\n|move|p1a: Rillaboom|Grassy Glide|p2a: Annihilape\n|-damage|p2a: Annihilape|16\/100\n|move|p2a: Annihilape|Bulk Up|p2a: Annihilape\n|-boost|p2a: Annihilape|atk|1\n|-boost|p2a: Annihilape|def|1\n|\n|-heal|p2a: Annihilape|22\/100|[from] Grassy Terrain\n|-heal|p2a: Annihilape|29\/100|[from] item: Leftovers\n|upkeep\n|turn|4\n|\n|t:|1699533301\n|move|p1a: Rillaboom|Grassy Glide|p2a: Annihilape\n|-damage|p2a: Annihilape|0 fnt\n|faint|p2a: Annihilape\n|\n|upkeep\n|\n|t:|1699533311\n|switch|p2a: Fish|Chi-Yu|100\/100\n|-ability|p2a: Fish|Beads of Ruin\n|turn|5\n|\n|t:|1699533330\n|move|p1a: Rillaboom|Grassy Glide|p2a: Fish\n|-resisted|p2a: Fish\n|-damage|p2a: Fish|54\/100\n|move|p2a: Fish|Psychic|p1a: Rillaboom\n|-damage|p1a: Rillaboom|46\/100\n|\n|-heal|p2a: Fish|60\/100|[from] Grassy Terrain\n|-heal|p1a: Rillaboom|52\/100|[from] Grassy Terrain\n|-fieldend|move: Grassy Terrain\n|upkeep\n|turn|6\n|\n|t:|1699533343\n|move|p2a: Fish|Psychic|p1a: Rillaboom\n|-damage|p1a: Rillaboom|0 fnt\n|faint|p1a: Rillaboom\n|\n|upkeep\n|\n|t:|1699533347\n|switch|p1a: Gliscor|Gliscor, M|100\/100\n|turn|7\n|\n|t:|1699533357\n|switch|p2a: Rock|Garganacl, M|100\/100\n|move|p1a: Gliscor|Swords Dance|p1a: Gliscor\n|-boost|p1a: Gliscor|atk|2\n|\n|-status|p1a: Gliscor|tox|[from] item: Toxic Orb\n|upkeep\n|turn|8\n|\n|t:|1699533389\n|move|p1a: Gliscor|Swords Dance|p1a: Gliscor\n|-boost|p1a: Gliscor|atk|2\n|move|p2a: Rock|Curse|p2a: Rock\n|-unboost|p2a: Rock|spe|1\n|-boost|p2a: Rock|atk|1\n|-boost|p2a: Rock|def|1\n|\n|upkeep\n|turn|9\n|\n|t:|1699533400\n|-terastallize|p2a: Rock|Ghost\n|move|p1a: Gliscor|Earthquake|p2a: Rock\n|-damage|p2a: Rock|55\/100\n|move|p2a: Rock|Salt Cure|p1a: Gliscor\n|-damage|p1a: Gliscor|83\/100 tox\n|-start|p1a: Gliscor|Salt Cure\n|\n|-heal|p2a: Rock|61\/100|[from] item: Leftovers\n|-heal|p1a: Gliscor|95\/100 tox|[from] ability: Poison Heal\n|-damage|p1a: Gliscor|83\/100 tox|[from] Salt Cure\n|upkeep\n|turn|10\n|\n|t:|1699533419\n|move|p1a: Gliscor|Earthquake|p2a: Rock\n|-damage|p2a: Rock|14\/100\n|move|p2a: Rock|Recover|p2a: Rock\n|-heal|p2a: Rock|64\/100\n|\n|-heal|p2a: Rock|71\/100|[from] item: Leftovers\n|-heal|p1a: Gliscor|95\/100 tox|[from] ability: Poison Heal\n|-damage|p1a: Gliscor|83\/100 tox|[from] Salt Cure\n|upkeep\n|turn|11\n|inactive|Battle timer is ON: inactive players will automatically lose when time's up. (requested by Wiilyam)\n|\n|t:|1699533453\n|move|p1a: Gliscor|Swords Dance|p1a: Gliscor\n|-boost|p1a: Gliscor|atk|2\n|move|p2a: Rock|Salt Cure|p1a: Gliscor\n|-damage|p1a: Gliscor|65\/100 tox\n|\n|-heal|p2a: Rock|77\/100|[from] item: Leftovers\n|-heal|p1a: Gliscor|77\/100 tox|[from] ability: Poison Heal\n|-damage|p1a: Gliscor|65\/100 tox|[from] Salt Cure\n|upkeep\n|turn|12\n|\n|t:|1699533473\n|move|p1a: Gliscor|Baton Pass|p1a: Gliscor\n|\n|t:|1699533475\n|switch|p1a: Palafin|Palafin-Hero, M|100\/100|[from] Baton Pass\n|-activate|p1a: Palafin|ability: Zero to Hero\n|move|p2a: Rock|Curse|p1a: Palafin\n|-start|p1a: Palafin|Curse|[of] p2a: Rock\n|-damage|p2a: Rock|27\/100\n|\n|-heal|p2a: Rock|33\/100|[from] item: Leftovers\n|-damage|p1a: Palafin|76\/100|[from] Curse\n|upkeep\n|turn|13\n|\n|t:|1699533491\n|-terastallize|p1a: Palafin|Water\n|move|p1a: Palafin|Jet Punch|p2a: Rock\n|-damage|p2a: Rock|0 fnt\n|faint|p2a: Rock\n|\n|-damage|p1a: Palafin|51\/100|[from] Curse\n|upkeep\n|\n|t:|1699533501\n|switch|p2a: Bike|Miraidon|100\/100\n|-fieldstart|move: Electric Terrain|[from] ability: Hadron Engine|[of] p2a: Bike\n|turn|14\n|\n|t:|1699533508\n|move|p1a: Palafin|Jet Punch|p2a: Bike\n|-resisted|p2a: Bike\n|-damage|p2a: Bike|0 fnt\n|faint|p2a: Bike\n|\n|-damage|p1a: Palafin|26\/100|[from] Curse\n|upkeep\n|\n|t:|1699533519\n|switch|p2a: Fish|Palafin-Hero, M|100\/100\n|-activate|p2a: Fish|ability: Zero to Hero\n|turn|15\n|\n|t:|1699533535\n|move|p1a: Palafin|Jet Punch|p2a: Fish\n|-resisted|p2a: Fish\n|-damage|p2a: Fish|0 fnt\n|faint|p2a: Fish\n|\n|-damage|p1a: Palafin|1\/100|[from] Curse\n|upkeep\n|-message|Cartus forfeited.\n|\n|win|Wiilyam\n|raw|Wiilyam's rating: 1381 &rarr; <strong>1395<\/strong><br \/>(+14 for winning)\n|raw|Cartus's rating: 1270 &rarr; <strong>1253<\/strong><br \/>(-17 for losing)\n|l|\u2606Cartus\n","uploadtime":1699533549,"views":10,"p1id":"wiilyam","p2id":"cartus","formatid":"gen9anythinggoes","rating":1253,"private":0,"password":""}