{"id":"gen9anythinggoes-1993187980","p1":"Cxlin4","p2":"Kotalee","format":"[Gen 9] Anything Goes","log":"|j|\u2606Cxlin4\n|j|\u2606Kotalee\n|t:|1700275602\n|gametype|singles\n|player|p1|Cxlin4|clown|\n|player|p2|Kotalee|swimmer|\n|teamsize|p1|6\n|teamsize|p2|6\n|gen|9\n|tier|[Gen 9] Anything Goes\n|rule|HP Percentage Mod: HP is shown in percentages\n|rule|Endless Battle Clause: Forcing endless battles is banned\n|clearpoke\n|poke|p1|Arcanine-Hisui, M|\n|poke|p1|Dragonite, M|\n|poke|p1|Meowscarada, M|\n|poke|p1|Klefki, F|\n|poke|p1|Venomoth, F|\n|poke|p1|Greninja-*, M|\n|poke|p2|Weezing-Galar, F|\n|poke|p2|Armarouge, F|\n|poke|p2|Manaphy|\n|poke|p2|Articuno|\n|poke|p2|Hydreigon, F|\n|poke|p2|Okidogi, M|\n|teampreview\n|\n|t:|1700275673\n|start\n|switch|p1a: Pierced Nips|Klefki, F|100\/100\n|switch|p2a: Manaphy|Manaphy|100\/100\n|turn|1\n|\n|t:|1700275759\n|switch|p2a: Hydreigon|Hydreigon, F|100\/100\n|move|p1a: Pierced Nips|Reflect|p1a: Pierced Nips\n|-sidestart|p1: Cxlin4|Reflect\n|\n|upkeep\n|turn|2\n|\n|t:|1700275773\n|move|p2a: Hydreigon|Fire Blast|p1a: Pierced Nips\n|-supereffective|p1a: Pierced Nips\n|-damage|p1a: Pierced Nips|0 fnt\n|faint|p1a: Pierced Nips\n|\n|upkeep\n|\n|t:|1700275798\n|switch|p1a: Pussimon|Meowscarada, M|100\/100\n|turn|3\n|\n|t:|1700275845\n|move|p1a: Pussimon|Play Rough|p2a: Hydreigon|[miss]\n|-start|p1a: Pussimon|typechange|Fairy|[from] ability: Protean\n|-miss|p1a: Pussimon|p2a: Hydreigon\n|move|p2a: Hydreigon|Fire Blast|p1a: Pussimon\n|-damage|p1a: Pussimon|28\/100\n|\n|upkeep\n|turn|4\n|\n|t:|1700275857\n|move|p1a: Pussimon|Play Rough|p2a: Hydreigon|[miss]\n|-miss|p1a: Pussimon|p2a: Hydreigon\n|move|p2a: Hydreigon|Fire Blast|p1a: Pussimon\n|-damage|p1a: Pussimon|0 fnt\n|faint|p1a: Pussimon\n|\n|upkeep\n|\n|t:|1700275963\n|switch|p1a: Drag Queen|Dragonite, M|100\/100\n|turn|5\n|\n|t:|1700275989\n|switch|p2a: Weezing|Weezing-Galar, F|100\/100\n|move|p1a: Drag Queen|Dragon Claw|p2a: Weezing\n|-immune|p2a: Weezing\n|\n|upkeep\n|turn|6\n|\n|t:|1700276023\n|move|p1a: Drag Queen|Earthquake|p2a: Weezing\n|-immune|p2a: Weezing|[from] ability: Levitate\n|move|p2a: Weezing|Will-O-Wisp|p1a: Drag Queen\n|-status|p1a: Drag Queen|brn\n|\n|-damage|p1a: Drag Queen|94\/100 brn|[from] brn\n|upkeep\n|turn|7\n|c|\u2606Kotalee|yeah baby rick flare in the whip go wooo in this bitch\n|\n|t:|1700276056\n|switch|p1a: Norm|Venomoth, F|100\/100\n|move|p2a: Weezing|Strange Steam|p1a: Norm\n|-resisted|p1a: Norm\n|-damage|p1a: Norm|80\/100\n|\n|upkeep\n|turn|8\n|\n|t:|1700276114\n|switch|p2a: Armarouge|Armarouge, F|100\/100\n|move|p1a: Norm|Sleep Powder|p2a: Armarouge\n|-status|p2a: Armarouge|slp|[from] move: Sleep Powder\n|\n|-sideend|p1: Cxlin4|Reflect\n|upkeep\n|turn|9\n|c|\u2606Cxlin4|rick flare oofed me\n|\n|t:|1700276128\n|switch|p2a: Hydreigon|Hydreigon, F|100\/100\n|move|p1a: Norm|Sludge Bomb|p2a: Hydreigon\n|-damage|p2a: Hydreigon|68\/100\n|\n|upkeep\n|turn|10\n|\n|t:|1700276137\n|switch|p1a: Drag Queen|Dragonite, M|94\/100 brn\n|move|p2a: Hydreigon|Fire Blast|p1a: Drag Queen\n|-resisted|p1a: Drag Queen\n|-damage|p1a: Drag Queen|69\/100 brn\n|\n|-damage|p1a: Drag Queen|63\/100 brn|[from] brn\n|upkeep\n|turn|11\n|\n|t:|1700276153\n|switch|p2a: Weezing|Weezing-Galar, F|100\/100\n|move|p1a: Drag Queen|Dragon Claw|p2a: Weezing\n|-immune|p2a: Weezing\n|\n|-damage|p1a: Drag Queen|57\/100 brn|[from] brn\n|upkeep\n|turn|12\n|\n|t:|1700276204\n|move|p1a: Drag Queen|Roost|p1a: Drag Queen\n|-heal|p1a: Drag Queen|100\/100 brn\n|-singleturn|p1a: Drag Queen|move: Roost\n|move|p2a: Weezing|Will-O-Wisp|p1a: Drag Queen\n|-fail|p1a: Drag Queen|brn\n|\n|-damage|p1a: Drag Queen|94\/100 brn|[from] brn\n|upkeep\n|turn|13\n|\n|t:|1700276240\n|switch|p1a: Smooth Brain|Greninja, M|100\/100\n|move|p2a: Weezing|Will-O-Wisp|p1a: Smooth Brain|[miss]\n|-miss|p2a: Weezing|p1a: Smooth Brain\n|\n|upkeep\n|turn|14\n|\n|t:|1700276274\n|move|p1a: Smooth Brain|Ice Beam|p2a: Weezing\n|-start|p1a: Smooth Brain|typechange|Ice|[from] ability: Protean\n|-damage|p2a: Weezing|47\/100\n|move|p2a: Weezing|Strange Steam|p1a: Smooth Brain\n|-damage|p1a: Smooth Brain|57\/100\n|\n|-heal|p1a: Smooth Brain|63\/100|[from] item: Leftovers\n|upkeep\n|turn|15\n|\n|t:|1700276284\n|move|p1a: Smooth Brain|Ice Beam|p2a: Weezing\n|-damage|p2a: Weezing|0 fnt\n|faint|p2a: Weezing\n|\n|-heal|p1a: Smooth Brain|69\/100|[from] item: Leftovers\n|upkeep\n|\n|t:|1700276288\n|switch|p2a: Okidogi|Okidogi, M|100\/100\n|turn|16\n|\n|t:|1700276354\n|move|p1a: Smooth Brain|Surf|p2a: Okidogi\n|-damage|p2a: Okidogi|73\/100\n|move|p2a: Okidogi|Substitute|p2a: Okidogi\n|-start|p2a: Okidogi|Substitute\n|-damage|p2a: Okidogi|48\/100\n|\n|-heal|p1a: Smooth Brain|75\/100|[from] item: Leftovers\n|-heal|p2a: Okidogi|54\/100|[from] item: Leftovers\n|upkeep\n|turn|17\n|\n|t:|1700276386\n|-singleturn|p2a: Okidogi|move: Focus Punch\n|move|p1a: Smooth Brain|Surf|p2a: Okidogi\n|-end|p2a: Okidogi|Substitute\n|move|p2a: Okidogi|Focus Punch|p1a: Smooth Brain\n|-supereffective|p1a: Smooth Brain\n|-damage|p1a: Smooth Brain|0 fnt\n|faint|p1a: Smooth Brain\n|\n|-heal|p2a: Okidogi|60\/100|[from] item: Leftovers\n|upkeep\n|\n|t:|1700276438\n|switch|p1a: Drag Queen|Dragonite, M|94\/100 brn\n|turn|18\n|\n|t:|1700276452\n|move|p2a: Okidogi|Gunk Shot|p1a: Drag Queen\n|-damage|p1a: Drag Queen|41\/100 brn\n|move|p1a: Drag Queen|Earthquake|p2a: Okidogi\n|-supereffective|p2a: Okidogi\n|-damage|p2a: Okidogi|31\/100\n|\n|-heal|p2a: Okidogi|37\/100|[from] item: Leftovers\n|-damage|p1a: Drag Queen|35\/100 brn|[from] brn\n|upkeep\n|turn|19\n|\n|t:|1700276480\n|move|p2a: Okidogi|Gunk Shot|p1a: Drag Queen\n|-damage|p1a: Drag Queen|0 fnt\n|faint|p1a: Drag Queen\n|\n|-heal|p2a: Okidogi|43\/100|[from] item: Leftovers\n|upkeep\n|\n|t:|1700276525\n|switch|p1a: Lava Dog|Arcanine-Hisui, M|100\/100\n|turn|20\n|\n|t:|1700276547\n|move|p1a: Lava Dog|Flare Blitz|p2a: Okidogi\n|-damage|p2a: Okidogi|0 fnt\n|faint|p2a: Okidogi\n|\n|upkeep\n|\n|t:|1700276551\n|switch|p2a: Manaphy|Manaphy|100\/100\n|turn|21\n|\n|t:|1700276564\n|switch|p1a: Norm|Venomoth, F|80\/100\n|move|p2a: Manaphy|Scald|p1a: Norm\n|-damage|p1a: Norm|41\/100\n|\n|upkeep\n|turn|22\n|\n|t:|1700276654\n|move|p2a: Manaphy|Tail Glow|p2a: Manaphy\n|-boost|p2a: Manaphy|spa|3\n|move|p1a: Norm|Sludge Bomb|p2a: Manaphy\n|-damage|p2a: Manaphy|70\/100\n|\n|upkeep\n|turn|23\n|\n|t:|1700276699\n|move|p2a: Manaphy|Scald|p1a: Norm\n|-damage|p1a: Norm|0 fnt\n|faint|p1a: Norm\n|\n|upkeep\n|\n|t:|1700276704\n|switch|p1a: Lava Dog|Arcanine-Hisui, M|100\/100\n|turn|24\n|\n|t:|1700276737\n|move|p2a: Manaphy|Scald|p1a: Lava Dog\n|-supereffective|p1a: Lava Dog\n|-damage|p1a: Lava Dog|0 fnt\n|faint|p1a: Lava Dog\n|\n|win|Kotalee\n|c|\u2606Kotalee|gg\n|c|\u2606Kotalee|i love u\n","uploadtime":1700276746,"views":31,"p1id":"cxlin4","p2id":"kotalee","formatid":"gen9anythinggoes","rating":0,"private":0,"password":""}