{"id":"gen9anythinggoes-1973890402","p1":"tee2green72","p2":"garth4325","format":"[Gen 9] Anything Goes","log":"|j|\u2606tee2green72\n|j|\u2606garth4325\n|t:|1698024856\n|gametype|singles\n|player|p1|tee2green72|169|\n|player|p2|garth4325|102|\n|teamsize|p1|6\n|teamsize|p2|6\n|gen|9\n|tier|[Gen 9] Anything Goes\n|rule|HP Percentage Mod: HP is shown in percentages\n|rule|Endless Battle Clause: Forcing endless battles is banned\n|clearpoke\n|poke|p1|Ting-Lu|\n|poke|p1|Iron Moth|\n|poke|p1|Haxorus, M|\n|poke|p1|Slowking-Galar, M|\n|poke|p1|Regieleki|\n|poke|p1|Quaquaval, M|\n|poke|p2|Garchomp, F|\n|poke|p2|Greninja-*, F|\n|poke|p2|Tyranitar, M|\n|poke|p2|Slither Wing|\n|poke|p2|Mimikyu, M|\n|poke|p2|Articuno|\n|teampreview\n|\n|t:|1698024866\n|start\n|switch|p1a: Slowking|Slowking-Galar, M|100\/100\n|switch|p2a: Garchomp|Garchomp, F, shiny|100\/100\n|turn|1\n|\n|t:|1698024878\n|switch|p1a: Quaquaval|Quaquaval, M|100\/100\n|move|p2a: Garchomp|Swords Dance|p2a: Garchomp\n|-boost|p2a: Garchomp|atk|2\n|\n|upkeep\n|turn|2\n|\n|t:|1698024895\n|switch|p2a: Articuno|Articuno|100\/100\n|-ability|p2a: Articuno|Pressure\n|move|p1a: Quaquaval|Aqua Step|p2a: Articuno\n|-damage|p2a: Articuno|56\/100\n|-boost|p1a: Quaquaval|spe|1\n|\n|-heal|p2a: Articuno|62\/100|[from] item: Leftovers\n|upkeep\n|turn|3\n|\n|t:|1698024912\n|switch|p1a: Regieleki|Regieleki, shiny|100\/100\n|move|p2a: Articuno|Substitute|p2a: Articuno\n|-start|p2a: Articuno|Substitute\n|-damage|p2a: Articuno|37\/100\n|\n|-heal|p2a: Articuno|43\/100|[from] item: Leftovers\n|upkeep\n|turn|4\n|\n|t:|1698024932\n|switch|p2a: Garchomp|Garchomp, F, shiny|100\/100\n|move|p1a: Regieleki|Volt Switch|p2a: Garchomp\n|-immune|p2a: Garchomp\n|\n|upkeep\n|turn|5\n|\n|t:|1698024939\n|switch|p1a: Quaquaval|Quaquaval, M|100\/100\n|move|p2a: Garchomp|Earthquake|p1a: Quaquaval\n|-damage|p1a: Quaquaval|33\/100\n|\n|upkeep\n|turn|6\n|\n|t:|1698024977\n|switch|p1a: Ting-Lu|Ting-Lu|100\/100\n|-ability|p1a: Ting-Lu|Vessel of Ruin\n|move|p2a: Garchomp|Earthquake|p1a: Ting-Lu\n|-damage|p1a: Ting-Lu|76\/100\n|\n|upkeep\n|turn|7\n|\n|t:|1698025004\n|switch|p2a: Greninja|Greninja, F|100\/100\n|move|p1a: Ting-Lu|Body Press|p2a: Greninja\n|-supereffective|p2a: Greninja\n|-damage|p2a: Greninja|0 fnt\n|faint|p2a: Greninja\n|\n|upkeep\n|\n|t:|1698025008\n|switch|p2a: Slither Wing|Slither Wing|100\/100\n|-enditem|p2a: Slither Wing|Booster Energy\n|-activate|p2a: Slither Wing|ability: Protosynthesis|[fromitem]\n|-start|p2a: Slither Wing|protosynthesisatk\n|turn|8\n|\n|t:|1698025047\n|switch|p1a: Iron Moth|Iron Moth|100\/100\n|-enditem|p1a: Iron Moth|Booster Energy\n|-activate|p1a: Iron Moth|ability: Quark Drive|[fromitem]\n|-start|p1a: Iron Moth|quarkdrivespe\n|move|p2a: Slither Wing|Lunge|p1a: Iron Moth\n|-resisted|p1a: Iron Moth\n|-damage|p1a: Iron Moth|80\/100\n|-unboost|p1a: Iron Moth|atk|1\n|\n|upkeep\n|turn|9\n|\n|t:|1698025073\n|-terastallize|p1a: Iron Moth|Water\n|move|p1a: Iron Moth|Dazzling Gleam|p2a: Slither Wing\n|-supereffective|p2a: Slither Wing\n|-damage|p2a: Slither Wing|47\/100\n|move|p2a: Slither Wing|Wild Charge|p1a: Iron Moth\n|-supereffective|p1a: Iron Moth\n|-damage|p1a: Iron Moth|0 fnt\n|faint|p1a: Iron Moth\n|-end|p1a: Iron Moth|Quark Drive|[silent]\n|-damage|p2a: Slither Wing|28\/100|[from] Recoil\n|\n|upkeep\n|\n|t:|1698025096\n|switch|p1a: Slowking|Slowking-Galar, M|100\/100\n|turn|10\n|\n|t:|1698025107\n|move|p2a: Slither Wing|Flare Blitz|p1a: Slowking\n|-damage|p1a: Slowking|25\/100\n|-damage|p2a: Slither Wing|0 fnt|[from] Recoil\n|faint|p2a: Slither Wing\n|-end|p2a: Slither Wing|Protosynthesis|[silent]\n|move|p1a: Slowking|Calm Mind|p1a: Slowking\n|-boost|p1a: Slowking|spa|1\n|-boost|p1a: Slowking|spd|1\n|\n|upkeep\n|\n|t:|1698025111\n|switch|p2a: Mimikyu|Mimikyu, M, shiny|100\/100\n|turn|11\n|\n|t:|1698025122\n|move|p2a: Mimikyu|Swords Dance|p2a: Mimikyu\n|-boost|p2a: Mimikyu|atk|2\n|move|p1a: Slowking|Rest|p1a: Slowking\n|-status|p1a: Slowking|slp|[from] move: Rest\n|-heal|p1a: Slowking|100\/100 slp|[silent]\n|-enditem|p1a: Slowking|Chesto Berry|[eat]\n|-curestatus|p1a: Slowking|slp|[msg]\n|\n|upkeep\n|turn|12\n|\n|t:|1698025142\n|move|p2a: Mimikyu|Shadow Sneak|p1a: Slowking\n|-supereffective|p1a: Slowking\n|-damage|p1a: Slowking|0 fnt\n|faint|p1a: Slowking\n|-damage|p2a: Mimikyu|91\/100|[from] item: Life Orb\n|\n|upkeep\n|\n|t:|1698025155\n|switch|p1a: Regieleki|Regieleki, shiny|100\/100\n|turn|13\n|\n|t:|1698025165\n|move|p2a: Mimikyu|Shadow Sneak|p1a: Regieleki\n|-damage|p1a: Regieleki|16\/100\n|-damage|p2a: Mimikyu|81\/100|[from] item: Life Orb\n|move|p1a: Regieleki|Volt Switch|p2a: Mimikyu\n|-activate|p2a: Mimikyu|ability: Disguise\n|-damage|p2a: Mimikyu|81\/100\n|detailschange|p2a: Mimikyu|Mimikyu-Busted, M, shiny\n|-damage|p2a: Mimikyu|68\/100|[from] pokemon: Mimikyu-Busted\n|\n|t:|1698025181\n|switch|p1a: Quaquaval|Quaquaval, M|33\/100|[from] Volt Switch\n|\n|upkeep\n|turn|14\n|\n|t:|1698025197\n|move|p2a: Mimikyu|Shadow Sneak|p1a: Quaquaval\n|-damage|p1a: Quaquaval|0 fnt\n|faint|p1a: Quaquaval\n|-damage|p2a: Mimikyu|58\/100|[from] item: Life Orb\n|\n|upkeep\n|\n|t:|1698025203\n|switch|p1a: Ting-Lu|Ting-Lu|76\/100\n|-ability|p1a: Ting-Lu|Vessel of Ruin\n|turn|15\n|\n|t:|1698025217\n|move|p2a: Mimikyu|Drain Punch|p1a: Ting-Lu\n|-supereffective|p1a: Ting-Lu\n|-damage|p1a: Ting-Lu|23\/100\n|-heal|p2a: Mimikyu|100\/100|[from] drain|[of] p1a: Ting-Lu\n|-damage|p2a: Mimikyu|91\/100|[from] item: Life Orb\n|move|p1a: Ting-Lu|Earthquake|p2a: Mimikyu\n|-damage|p2a: Mimikyu|14\/100\n|\n|upkeep\n|turn|16\n|\n|t:|1698025229\n|move|p2a: Mimikyu|Drain Punch|p1a: Ting-Lu\n|-supereffective|p1a: Ting-Lu\n|-damage|p1a: Ting-Lu|0 fnt\n|-heal|p2a: Mimikyu|35\/100|[from] drain|[of] p1a: Ting-Lu\n|faint|p1a: Ting-Lu\n|-damage|p2a: Mimikyu|25\/100|[from] item: Life Orb\n|\n|upkeep\n|\n|t:|1698025239\n|switch|p1a: Regieleki|Regieleki, shiny|16\/100\n|turn|17\n|\n|t:|1698025243\n|move|p2a: Mimikyu|Shadow Sneak|p1a: Regieleki\n|-damage|p1a: Regieleki|0 fnt\n|faint|p1a: Regieleki\n|-damage|p2a: Mimikyu|15\/100|[from] item: Life Orb\n|\n|upkeep\n|\n|t:|1698025247\n|switch|p1a: Haxorus|Haxorus, M, shiny|100\/100\n|-ability|p1a: Haxorus|Mold Breaker\n|turn|18\n|\n|t:|1698025253\n|move|p1a: Haxorus|First Impression|p2a: Mimikyu\n|-resisted|p2a: Mimikyu\n|-damage|p2a: Mimikyu|1\/100\n|move|p2a: Mimikyu|Shadow Sneak|p1a: Haxorus\n|-damage|p1a: Haxorus|42\/100\n|-damage|p2a: Mimikyu|0 fnt|[from] item: Life Orb\n|faint|p2a: Mimikyu\n|\n|upkeep\n|\n|t:|1698025264\n|switch|p2a: Tyranitar|Tyranitar, M|100\/100\n|-weather|Sandstorm|[from] ability: Sand Stream|[of] p2a: Tyranitar\n|turn|19\n|\n|t:|1698025282\n|move|p1a: Haxorus|Iron Head|p2a: Tyranitar\n|-supereffective|p2a: Tyranitar\n|-damage|p2a: Tyranitar|52\/100\n|cant|p2a: Tyranitar|flinch\n|\n|-weather|Sandstorm|[upkeep]\n|-damage|p1a: Haxorus|36\/100|[from] Sandstorm\n|-heal|p2a: Tyranitar|59\/100|[from] item: Leftovers\n|upkeep\n|turn|20\n|c|\u2606garth4325|no way\n|\n|t:|1698025295\n|move|p1a: Haxorus|Iron Head|p2a: Tyranitar\n|-supereffective|p2a: Tyranitar\n|-damage|p2a: Tyranitar|13\/100\n|cant|p2a: Tyranitar|flinch\n|\n|-weather|Sandstorm|[upkeep]\n|-damage|p1a: Haxorus|30\/100|[from] Sandstorm\n|-heal|p2a: Tyranitar|19\/100|[from] item: Leftovers\n|upkeep\n|turn|21\n|\n|t:|1698025302\n|move|p1a: Haxorus|Iron Head|p2a: Tyranitar\n|-supereffective|p2a: Tyranitar\n|-damage|p2a: Tyranitar|0 fnt\n|faint|p2a: Tyranitar\n|\n|-weather|Sandstorm|[upkeep]\n|-damage|p1a: Haxorus|23\/100|[from] Sandstorm\n|upkeep\n|\n|t:|1698025304\n|switch|p2a: Garchomp|Garchomp, F, shiny|100\/100\n|turn|22\n|\n|t:|1698025316\n|-terastallize|p2a: Garchomp|Ground\n|move|p2a: Garchomp|Dragon Claw|p1a: Haxorus\n|-supereffective|p1a: Haxorus\n|-damage|p1a: Haxorus|0 fnt\n|faint|p1a: Haxorus\n|\n|win|garth4325\n|c|\u2606garth4325|gg\n|c|\u2606tee2green72|gg\n","uploadtime":1698025330,"views":9,"p1id":"tee2green72","p2id":"garth4325","formatid":"gen9anythinggoes","rating":0,"private":0,"password":""}