{"id":"gen9anythinggoes-1999036754","p1":"colinsommer7","p2":"MrMimeIsMrKetchum","format":"[Gen 9] Anything Goes","log":"|j|\u2606colinsommer7\n|j|\u2606MrMimeIsMrKetchum\n|t:|1701026377\n|gametype|singles\n|player|p1|colinsommer7|1|1161\n|player|p2|MrMimeIsMrKetchum|swimmerf-gen4|1130\n|teamsize|p1|6\n|teamsize|p2|6\n|gen|9\n|tier|[Gen 9] Anything Goes\n|rated|\n|rule|HP Percentage Mod: HP is shown in percentages\n|rule|Endless Battle Clause: Forcing endless battles is banned\n|clearpoke\n|poke|p1|Gallade, M|\n|poke|p1|Delphox, M|\n|poke|p1|Decidueye, F|\n|poke|p1|Empoleon, F|\n|poke|p1|Salamence, F|\n|poke|p1|Miraidon|\n|poke|p2|Annihilape, M|\n|poke|p2|Blissey, F|\n|poke|p2|Pawmot, M|\n|poke|p2|Rabsca, M|\n|poke|p2|Pelipper, M|\n|poke|p2|Basculegion, M|\n|teampreview\n|inactive|Battle timer is ON: inactive players will automatically lose when time's up. (requested by MrMimeIsMrKetchum)\n|\n|t:|1701026399\n|start\n|switch|p1a: Gallade|Gallade, M|100\/100\n|switch|p2a: Annihilape|Annihilape, M, shiny|100\/100\n|turn|1\n|\n|t:|1701026427\n|-terastallize|p1a: Gallade|Dark\n|move|p2a: Annihilape|Final Gambit|p1a: Gallade\n|-damage|p1a: Gallade|0 fnt\n|faint|p2a: Annihilape\n|faint|p1a: Gallade\n|\n|upkeep\n|\n|t:|1701026435\n|switch|p2a: Blissey|Blissey, F, shiny|100\/100\n|switch|p1a: Salamence|Salamence, F|100\/100\n|turn|2\n|\n|t:|1701026448\n|move|p2a: Blissey|Copycat|p2a: Blissey\n|move|p2a: Blissey|Final Gambit|p1a: Salamence|[from]move: Copycat\n|-enditem|p1a: Salamence|Focus Sash\n|-damage|p1a: Salamence|1\/100\n|faint|p2a: Blissey\n|move|p1a: Salamence|Earthquake|p2: Blissey|[notarget]\n|-fail|p1a: Salamence\n|\n|upkeep\n|\n|t:|1701026457\n|switch|p2a: Pawmot|Pawmot, M, shiny|100\/100\n|turn|3\n|\n|t:|1701026461\n|move|p2a: Pawmot|Ice Punch|p1a: Salamence\n|-supereffective|p1a: Salamence\n|-damage|p1a: Salamence|0 fnt\n|faint|p1a: Salamence\n|\n|upkeep\n|\n|t:|1701026466\n|switch|p1a: Miraidon|Miraidon|100\/100\n|-fieldstart|move: Electric Terrain|[from] ability: Hadron Engine|[of] p1a: Miraidon\n|turn|4\n|\n|t:|1701026473\n|move|p1a: Miraidon|Dazzling Gleam|p2a: Pawmot\n|-supereffective|p2a: Pawmot\n|-damage|p2a: Pawmot|5\/100\n|move|p2a: Pawmot|Revival Blessing|p2a: Pawmot\n|-enditem|p2a: Pawmot|Leppa Berry|[eat]\n|-activate|p2a: Pawmot|item: Leppa Berry|Revival Blessing|[consumed]\n|\n|t:|1701026480\n|-heal|p2: Annihilape|50\/100|[from] move: Revival Blessing\n|\n|upkeep\n|turn|5\n|\n|t:|1701026488\n|move|p2a: Pawmot|Mach Punch|p1a: Miraidon\n|-crit|p1a: Miraidon\n|-damage|p1a: Miraidon|79\/100\n|move|p1a: Miraidon|Dazzling Gleam|p2a: Pawmot\n|-supereffective|p2a: Pawmot\n|-damage|p2a: Pawmot|0 fnt\n|faint|p2a: Pawmot\n|\n|-heal|p1a: Miraidon|85\/100|[from] item: Leftovers\n|upkeep\n|\n|t:|1701026499\n|switch|p2a: Rabsca|Rabsca, M, shiny|100\/100\n|turn|6\n|\n|t:|1701026508\n|move|p1a: Miraidon|Electro Drift|p2a: Rabsca\n|-damage|p2a: Rabsca|32\/100\n|move|p2a: Rabsca|Revival Blessing|p2a: Rabsca\n|-enditem|p2a: Rabsca|Leppa Berry|[eat]\n|-activate|p2a: Rabsca|item: Leppa Berry|Revival Blessing|[consumed]\n|\n|t:|1701026515\n|-heal|p2: Blissey|50\/100|[from] move: Revival Blessing\n|\n|-heal|p1a: Miraidon|91\/100|[from] item: Leftovers\n|upkeep\n|turn|7\n|\n|t:|1701026520\n|move|p1a: Miraidon|Electro Drift|p2a: Rabsca\n|-damage|p2a: Rabsca|0 fnt\n|faint|p2a: Rabsca\n|\n|-heal|p1a: Miraidon|98\/100|[from] item: Leftovers\n|upkeep\n|\n|t:|1701026527\n|switch|p2a: Annihilape|Annihilape, M, shiny|50\/100\n|turn|8\n|\n|t:|1701026541\n|switch|p1a: Empoleon|Empoleon, F|100\/100\n|move|p2a: Annihilape|Final Gambit|p1a: Empoleon\n|-damage|p1a: Empoleon|34\/100\n|faint|p2a: Annihilape\n|\n|-fieldend|move: Electric Terrain\n|upkeep\n|\n|t:|1701026544\n|switch|p2a: Blissey|Blissey, F, shiny|50\/100\n|turn|9\n|\n|t:|1701026554\n|move|p2a: Blissey|Copycat|p2a: Blissey\n|move|p2a: Blissey|Final Gambit|p1a: Empoleon|[from]move: Copycat\n|-damage|p1a: Empoleon|0 fnt\n|faint|p2a: Blissey\n|faint|p1a: Empoleon\n|\n|upkeep\n|\n|t:|1701026559\n|switch|p2a: Pelipper|Pelipper, M, shiny|100\/100\n|switch|p1a: Decidueye|Decidueye, F|100\/100\n|-weather|RainDance|[from] ability: Drizzle|[of] p2a: Pelipper\n|turn|10\n|\n|t:|1701026568\n|move|p1a: Decidueye|Giga Drain|p2a: Pelipper\n|-damage|p2a: Pelipper|60\/100\n|move|p2a: Pelipper|Hurricane|p1a: Decidueye\n|-supereffective|p1a: Decidueye\n|-crit|p1a: Decidueye\n|-damage|p1a: Decidueye|0 fnt\n|faint|p1a: Decidueye\n|\n|-weather|RainDance|[upkeep]\n|upkeep\n|\n|t:|1701026575\n|switch|p1a: Miraidon|Miraidon|98\/100\n|-fieldstart|move: Electric Terrain|[from] ability: Hadron Engine|[of] p1a: Miraidon\n|turn|11\n|\n|t:|1701026595\n|-terastallize|p2a: Pelipper|Ground\n|move|p1a: Miraidon|Electro Drift|p2a: Pelipper\n|-immune|p2a: Pelipper\n|move|p2a: Pelipper|Tera Blast|p1a: Miraidon|[anim] Tera Blast Ground\n|-supereffective|p1a: Miraidon\n|-damage|p1a: Miraidon|51\/100\n|\n|-weather|RainDance|[upkeep]\n|-heal|p1a: Miraidon|57\/100|[from] item: Leftovers\n|upkeep\n|turn|12\n|\n|t:|1701026602\n|move|p1a: Miraidon|Dazzling Gleam|p2a: Pelipper\n|-damage|p2a: Pelipper|14\/100\n|move|p2a: Pelipper|Tera Blast|p1a: Miraidon|[anim] Tera Blast Ground\n|-supereffective|p1a: Miraidon\n|-damage|p1a: Miraidon|17\/100\n|\n|-weather|RainDance|[upkeep]\n|-heal|p1a: Miraidon|23\/100|[from] item: Leftovers\n|upkeep\n|turn|13\n|\n|t:|1701026606\n|move|p1a: Miraidon|Dazzling Gleam|p2a: Pelipper\n|-damage|p2a: Pelipper|0 fnt\n|faint|p2a: Pelipper\n|\n|-weather|RainDance|[upkeep]\n|-heal|p1a: Miraidon|29\/100|[from] item: Leftovers\n|upkeep\n|\n|t:|1701026608\n|switch|p2a: Basculegion|Basculegion, M, shiny|100\/100\n|turn|14\n|\n|t:|1701026613\n|move|p2a: Basculegion|Last Respects|p1a: Miraidon\n|-damage|p1a: Miraidon|0 fnt\n|faint|p1a: Miraidon\n|\n|-weather|RainDance|[upkeep]\n|upkeep\n|\n|t:|1701026616\n|switch|p1a: Delphox|Delphox, M|100\/100\n|turn|15\n|\n|t:|1701026618\n|move|p2a: Basculegion|Last Respects|p1a: Delphox\n|-supereffective|p1a: Delphox\n|-damage|p1a: Delphox|0 fnt\n|faint|p1a: Delphox\n|\n|win|MrMimeIsMrKetchum\n|raw|colinsommer7's rating: 1161 &rarr; <strong>1134<\/strong><br \/>(-27 for losing)\n|raw|MrMimeIsMrKetchum's rating: 1130 &rarr; <strong>1157<\/strong><br \/>(+27 for winning)\n|l|\u2606colinsommer7\n|c|\u2606MrMimeIsMrKetchum|gg\n","uploadtime":1701026650,"views":0,"p1id":"colinsommer7","p2id":"mrmimeismrketchum","formatid":"gen9anythinggoes","rating":1134,"private":0,"password":""}