{"id":"gen9anythinggoes-1976767203","p1":"Kowtow kleabe","p2":"Brenzino","format":"[Gen 9] Anything Goes","log":"|j|\u2606Kowtow kleabe\n|j|\u2606Brenzino\n|t:|1698339745\n|gametype|singles\n|player|p1|Kowtow kleabe|steven|\n|player|p2|Brenzino|pokemaniac|\n|teamsize|p1|6\n|teamsize|p2|6\n|gen|9\n|tier|[Gen 9] Anything Goes\n|rule|HP Percentage Mod: HP is shown in percentages\n|rule|Endless Battle Clause: Forcing endless battles is banned\n|clearpoke\n|poke|p1|Gliscor, F|\n|poke|p1|Morpeko, F|\n|poke|p1|Weavile, F|\n|poke|p1|Rillaboom, M|\n|poke|p1|Inteleon, F|\n|poke|p1|Infernape, F|\n|poke|p2|Cresselia, F|\n|poke|p2|Iron Jugulis|\n|poke|p2|Slaking, F|\n|poke|p2|Samurott-Hisui, M|\n|poke|p2|Clodsire, F|\n|poke|p2|Spiritomb, M|\n|teampreview\n|inactive|Battle timer is ON: inactive players will automatically lose when time's up. (requested by Kowtow kleabe)\n|\n|t:|1698339763\n|start\n|switch|p1a: resist ice x4|Gliscor, F|100\/100\n|switch|p2a: Spiritomb|Spiritomb, M|100\/100\n|turn|1\n|\n|t:|1698339778\n|move|p1a: resist ice x4|Toxic|p2a: Spiritomb\n|-status|p2a: Spiritomb|tox\n|move|p2a: Spiritomb|Rest|p2a: Spiritomb\n|-fail|p2a: Spiritomb|heal\n|\n|-damage|p2a: Spiritomb|94\/100 tox|[from] psn\n|-status|p1a: resist ice x4|tox|[from] item: Toxic Orb\n|upkeep\n|turn|2\n|\n|t:|1698339786\n|move|p1a: resist ice x4|Earthquake|p2a: Spiritomb\n|-damage|p2a: Spiritomb|56\/100 tox\n|move|p2a: Spiritomb|Psychic|p1a: resist ice x4\n|-damage|p1a: resist ice x4|80\/100 tox\n|-unboost|p1a: resist ice x4|spd|1\n|\n|-heal|p1a: resist ice x4|92\/100 tox|[from] ability: Poison Heal\n|-damage|p2a: Spiritomb|44\/100 tox|[from] psn\n|upkeep\n|turn|3\n|\n|t:|1698339800\n|switch|p2a: Samurott|Samurott-Hisui, M|100\/100\n|move|p1a: resist ice x4|Earthquake|p2a: Samurott\n|-damage|p2a: Samurott|62\/100\n|\n|-heal|p1a: resist ice x4|100\/100 tox|[from] ability: Poison Heal\n|upkeep\n|turn|4\n|\n|t:|1698339807\n|move|p1a: resist ice x4|Protect|p1a: resist ice x4\n|-singleturn|p1a: resist ice x4|Protect\n|move|p2a: Samurott|Liquidation|p1a: resist ice x4\n|-activate|p1a: resist ice x4|move: Protect\n|\n|upkeep\n|turn|5\n|\n|t:|1698339816\n|switch|p1a: monk|Rillaboom, M|100\/100\n|-fieldstart|move: Grassy Terrain|[from] ability: Grassy Surge|[of] p1a: monk\n|move|p2a: Samurott|Liquidation|p1a: monk\n|-resisted|p1a: monk\n|-damage|p1a: monk|83\/100\n|-damage|p2a: Samurott|52\/100|[from] item: Life Orb\n|\n|-heal|p2a: Samurott|58\/100|[from] Grassy Terrain\n|-heal|p1a: monk|89\/100|[from] Grassy Terrain\n|-heal|p1a: monk|95\/100|[from] item: Leftovers\n|upkeep\n|turn|6\n|\n|t:|1698339828\n|move|p2a: Samurott|Ice Beam|p1a: monk\n|-supereffective|p1a: monk\n|-damage|p1a: monk|22\/100\n|-damage|p2a: Samurott|48\/100|[from] item: Life Orb\n|move|p1a: monk|Swords Dance|p1a: monk\n|-boost|p1a: monk|atk|2\n|\n|-heal|p2a: Samurott|55\/100|[from] Grassy Terrain\n|-heal|p1a: monk|28\/100|[from] Grassy Terrain\n|-heal|p1a: monk|34\/100|[from] item: Leftovers\n|upkeep\n|turn|7\n|\n|t:|1698339834\n|move|p1a: monk|Grassy Glide|p2a: Samurott\n|-supereffective|p2a: Samurott\n|-crit|p2a: Samurott\n|-damage|p2a: Samurott|0 fnt\n|faint|p2a: Samurott\n|\n|-heal|p1a: monk|40\/100|[from] Grassy Terrain\n|-heal|p1a: monk|46\/100|[from] item: Leftovers\n|upkeep\n|\n|t:|1698339845\n|switch|p2a: Slaking|Slaking, F|100\/100\n|turn|8\n|\n|t:|1698339848\n|move|p2a: Slaking|Ice Beam|p1a: monk\n|-supereffective|p1a: monk\n|-damage|p1a: monk|0 fnt\n|faint|p1a: monk\n|\n|upkeep\n|\n|t:|1698339851\n|switch|p1a: moepius|Morpeko, F|100\/100\n|turn|9\n|\n|t:|1698339864\n|switch|p2a: Clodsire|Clodsire, F|100\/100\n|move|p1a: moepius|Aura Wheel|p2a: Clodsire\n|-immune|p2a: Clodsire\n|\n|-fieldend|move: Grassy Terrain\n|-formechange|p1a: moepius|Morpeko-Hangry||[from] ability: Hunger Switch\n|upkeep\n|turn|10\n|\n|t:|1698339882\n|switch|p1a: resist ice x4|Gliscor, F|100\/100 tox\n|move|p2a: Clodsire|Trailblaze|p1a: resist ice x4\n|-damage|p1a: resist ice x4|93\/100 tox\n|-boost|p2a: Clodsire|spe|1\n|\n|-heal|p1a: resist ice x4|100\/100 tox|[from] ability: Poison Heal\n|upkeep\n|turn|11\n|\n|t:|1698339895\n|switch|p2a: Slaking|Slaking, F|100\/100\n|move|p1a: resist ice x4|Earthquake|p2a: Slaking\n|-damage|p2a: Slaking|73\/100\n|\n|upkeep\n|turn|12\n|\n|t:|1698339900\n|move|p1a: resist ice x4|Protect|p1a: resist ice x4\n|-singleturn|p1a: resist ice x4|Protect\n|move|p2a: Slaking|Ice Beam|p1a: resist ice x4\n|-activate|p1a: resist ice x4|move: Protect\n|\n|upkeep\n|turn|13\n|\n|t:|1698339906\n|switch|p2a: Iron Jugulis|Iron Jugulis|100\/100\n|move|p1a: resist ice x4|Toxic|p2a: Iron Jugulis\n|-status|p2a: Iron Jugulis|tox\n|\n|-damage|p2a: Iron Jugulis|94\/100 tox|[from] psn\n|upkeep\n|turn|14\n|\n|t:|1698339914\n|move|p1a: resist ice x4|Protect|p1a: resist ice x4\n|-singleturn|p1a: resist ice x4|Protect\n|move|p2a: Iron Jugulis|U-turn|p1a: resist ice x4\n|-activate|p1a: resist ice x4|move: Protect\n|\n|-damage|p2a: Iron Jugulis|82\/100 tox|[from] psn\n|upkeep\n|turn|15\n|\n|t:|1698339921\n|-end|p2a: Iron Jugulis|Quark Drive|[silent]\n|switch|p2a: Cresselia|Cresselia, F|100\/100\n|move|p1a: resist ice x4|U-turn|p2a: Cresselia\n|-supereffective|p2a: Cresselia\n|-crit|p2a: Cresselia\n|-damage|p2a: Cresselia|63\/100\n|\n|t:|1698339930\n|switch|p1a: taller than ben|Weavile, F|100\/100|[from] U-turn\n|-ability|p1a: taller than ben|Pressure\n|\n|-heal|p2a: Cresselia|69\/100|[from] item: Leftovers\n|upkeep\n|turn|16\n|\n|t:|1698339941\n|move|p1a: taller than ben|Knock Off|p2a: Cresselia\n|-supereffective|p2a: Cresselia\n|-damage|p2a: Cresselia|0 fnt\n|-enditem|p2a: Cresselia|Leftovers|[from] move: Knock Off|[of] p1a: taller than ben\n|faint|p2a: Cresselia\n|-damage|p1a: taller than ben|91\/100|[from] item: Life Orb\n|\n|upkeep\n|\n|t:|1698339947\n|switch|p2a: Slaking|Slaking, F|73\/100\n|turn|17\n|\n|t:|1698339953\n|move|p1a: taller than ben|Brick Break|p2a: Slaking\n|-supereffective|p2a: Slaking\n|-damage|p2a: Slaking|22\/100\n|-damage|p1a: taller than ben|81\/100|[from] item: Life Orb\n|move|p2a: Slaking|Fire Blast|p1a: taller than ben\n|-supereffective|p1a: taller than ben\n|-damage|p1a: taller than ben|0 fnt\n|faint|p1a: taller than ben\n|\n|upkeep\n|\n|t:|1698339965\n|switch|p1a: resist ice x4|Gliscor, F|100\/100 tox\n|turn|18\n|\n|t:|1698339979\n|switch|p2a: Clodsire|Clodsire, F|100\/100\n|move|p1a: resist ice x4|Toxic|p2a: Clodsire\n|-immune|p2a: Clodsire\n|\n|upkeep\n|turn|19\n|\n|t:|1698339991\n|move|p1a: resist ice x4|Earthquake|p2a: Clodsire\n|-supereffective|p2a: Clodsire\n|-damage|p2a: Clodsire|34\/100\n|move|p2a: Clodsire|Trailblaze|p1a: resist ice x4\n|-damage|p1a: resist ice x4|93\/100 tox\n|-boost|p2a: Clodsire|spe|1\n|\n|-heal|p2a: Clodsire|40\/100|[from] item: Leftovers\n|-heal|p1a: resist ice x4|100\/100 tox|[from] ability: Poison Heal\n|upkeep\n|turn|20\n|\n|t:|1698339998\n|switch|p2a: Slaking|Slaking, F|22\/100\n|move|p1a: resist ice x4|Earthquake|p2a: Slaking\n|-damage|p2a: Slaking|0 fnt\n|faint|p2a: Slaking\n|\n|upkeep\n|\n|t:|1698340002\n|switch|p2a: Iron Jugulis|Iron Jugulis|82\/100 tox\n|turn|21\n|\n|t:|1698340010\n|move|p1a: resist ice x4|Protect|p1a: resist ice x4\n|-singleturn|p1a: resist ice x4|Protect\n|move|p2a: Iron Jugulis|Knock Off|p1a: resist ice x4\n|-activate|p1a: resist ice x4|move: Protect\n|\n|-damage|p2a: Iron Jugulis|76\/100 tox|[from] psn\n|upkeep\n|turn|22\n|\n|t:|1698340014\n|move|p2a: Iron Jugulis|Knock Off|p1a: resist ice x4\n|-damage|p1a: resist ice x4|73\/100 tox\n|-enditem|p1a: resist ice x4|Toxic Orb|[from] move: Knock Off|[of] p2a: Iron Jugulis\n|move|p1a: resist ice x4|U-turn|p2a: Iron Jugulis\n|-damage|p2a: Iron Jugulis|60\/100 tox\n|\n|t:|1698340022\n|switch|p1a: Sun Wukong|Infernape, F|100\/100|[from] U-turn\n|\n|-damage|p2a: Iron Jugulis|47\/100 tox|[from] psn\n|upkeep\n|turn|23\n|\n|t:|1698340031\n|-end|p2a: Iron Jugulis|Quark Drive|[silent]\n|switch|p2a: Clodsire|Clodsire, F|40\/100\n|move|p1a: Sun Wukong|Flare Blitz|p2a: Clodsire\n|-damage|p2a: Clodsire|0 fnt\n|faint|p2a: Clodsire\n|-damage|p1a: Sun Wukong|81\/100|[from] Recoil\n|\n|upkeep\n|\n|t:|1698340036\n|switch|p2a: Spiritomb|Spiritomb, M|44\/100 tox\n|turn|24\n|-message|Brenzino forfeited.\n|\n|win|Kowtow kleabe\n|l|\u2606Brenzino\n","uploadtime":1698340124,"views":12,"p1id":"kowtowkleabe","p2id":"brenzino","formatid":"gen9anythinggoes","rating":0,"private":0,"password":""}