{"id":"gen9anythinggoes-1987300690","p1":"Spartan-912","p2":"Average_Gamer20","format":"[Gen 9] Anything Goes","log":"|j|\u2606Spartan-912\n|j|\u2606Average_Gamer20\n|t:|1699574915\n|gametype|singles\n|player|p1|Spartan-912|skyla|1044\n|player|p2|Average_Gamer20|102|1077\n|teamsize|p1|6\n|teamsize|p2|6\n|gen|9\n|tier|[Gen 9] Anything Goes\n|rated|\n|rule|HP Percentage Mod: HP is shown in percentages\n|rule|Endless Battle Clause: Forcing endless battles is banned\n|clearpoke\n|poke|p1|Iron Moth|\n|poke|p1|Iron Valiant|\n|poke|p1|Landorus-Therian, M|\n|poke|p1|Hatterene, F|\n|poke|p1|Dragonite, M|\n|poke|p1|Dragapult, M|\n|poke|p2|Shaymin-Sky|\n|poke|p2|Azumarill, F|\n|poke|p2|Clodsire, F|\n|poke|p2|Conkeldurr, M|\n|poke|p2|Alomomola, F|\n|poke|p2|Toxapex, F|\n|teampreview\n|\n|t:|1699574928\n|start\n|switch|p1a: Iron Moth|Iron Moth|100\/100\n|switch|p2a: Azumarill|Azumarill, F|100\/100\n|-enditem|p1a: Iron Moth|Booster Energy\n|-activate|p1a: Iron Moth|ability: Quark Drive|[fromitem]\n|-start|p1a: Iron Moth|quarkdrivespe\n|turn|1\n|\n|t:|1699574941\n|move|p1a: Iron Moth|Energy Ball|p2a: Azumarill\n|-ability|p2a: Azumarill|Sap Sipper|boost\n|-boost|p2a: Azumarill|atk|1\n|move|p2a: Azumarill|Substitute|p2a: Azumarill\n|-start|p2a: Azumarill|Substitute\n|-damage|p2a: Azumarill|76\/100\n|\n|-heal|p2a: Azumarill|82\/100|[from] item: Leftovers\n|upkeep\n|turn|2\n|inactive|Battle timer is ON: inactive players will automatically lose when time's up. (requested by Average_Gamer20)\n|\n|t:|1699574961\n|move|p1a: Iron Moth|Fiery Dance|p2a: Azumarill\n|-resisted|p2a: Azumarill\n|-activate|p2a: Azumarill|move: Substitute|[damage]\n|move|p2a: Azumarill|Belly Drum|p2a: Azumarill\n|-damage|p2a: Azumarill|32\/100\n|-setboost|p2a: Azumarill|atk|6|[from] move: Belly Drum\n|\n|-heal|p2a: Azumarill|38\/100|[from] item: Leftovers\n|upkeep\n|turn|3\n|\n|t:|1699574972\n|move|p2a: Azumarill|Aqua Jet|p1a: Iron Moth\n|-supereffective|p1a: Iron Moth\n|-damage|p1a: Iron Moth|0 fnt\n|faint|p1a: Iron Moth\n|-end|p1a: Iron Moth|Quark Drive|[silent]\n|\n|-heal|p2a: Azumarill|44\/100|[from] item: Leftovers\n|upkeep\n|\n|t:|1699574988\n|switch|p1a: Iron Valiant|Iron Valiant|100\/100\n|-enditem|p1a: Iron Valiant|Booster Energy\n|-activate|p1a: Iron Valiant|ability: Quark Drive|[fromitem]\n|-start|p1a: Iron Valiant|quarkdrivespe\n|turn|4\n|\n|t:|1699575001\n|move|p2a: Azumarill|Aqua Jet|p1a: Iron Valiant\n|-damage|p1a: Iron Valiant|47\/100\n|move|p1a: Iron Valiant|Swords Dance|p1a: Iron Valiant\n|-boost|p1a: Iron Valiant|atk|2\n|\n|-heal|p2a: Azumarill|50\/100|[from] item: Leftovers\n|upkeep\n|turn|5\n|\n|t:|1699575015\n|-terastallize|p1a: Iron Valiant|Dark\n|move|p2a: Azumarill|Aqua Jet|p1a: Iron Valiant\n|-damage|p1a: Iron Valiant|0 fnt\n|faint|p1a: Iron Valiant\n|-end|p1a: Iron Valiant|Quark Drive|[silent]\n|\n|-heal|p2a: Azumarill|56\/100|[from] item: Leftovers\n|upkeep\n|\n|t:|1699575025\n|switch|p1a: Dragonite|Dragonite, M|100\/100\n|turn|6\n|\n|t:|1699575034\n|move|p2a: Azumarill|Aqua Jet|p1a: Dragonite\n|-resisted|p1a: Dragonite\n|-damage|p1a: Dragonite|90\/100\n|move|p1a: Dragonite|Earthquake|p2a: Azumarill\n|-end|p2a: Azumarill|Substitute\n|\n|-heal|p2a: Azumarill|63\/100|[from] item: Leftovers\n|upkeep\n|turn|7\n|\n|t:|1699575046\n|move|p2a: Azumarill|Protect|p2a: Azumarill\n|-singleturn|p2a: Azumarill|Protect\n|move|p1a: Dragonite|Extreme Speed|p2a: Azumarill\n|-activate|p2a: Azumarill|move: Protect\n|\n|-heal|p2a: Azumarill|69\/100|[from] item: Leftovers\n|upkeep\n|turn|8\n|\n|t:|1699575061\n|move|p2a: Azumarill|Aqua Jet|p1a: Dragonite\n|-resisted|p1a: Dragonite\n|-damage|p1a: Dragonite|70\/100\n|move|p1a: Dragonite|Earthquake|p2a: Azumarill\n|-damage|p2a: Azumarill|28\/100\n|\n|-heal|p2a: Azumarill|34\/100|[from] item: Leftovers\n|upkeep\n|turn|9\n|\n|t:|1699575071\n|move|p2a: Azumarill|Protect|p2a: Azumarill\n|-singleturn|p2a: Azumarill|Protect\n|move|p1a: Dragonite|Fire Punch|p2a: Azumarill\n|-activate|p2a: Azumarill|move: Protect\n|\n|-heal|p2a: Azumarill|41\/100|[from] item: Leftovers\n|upkeep\n|turn|10\n|\n|t:|1699575081\n|move|p1a: Dragonite|Extreme Speed|p2a: Azumarill\n|-damage|p2a: Azumarill|8\/100\n|move|p2a: Azumarill|Substitute|p2a: Azumarill\n|-fail|p2a: Azumarill|move: Substitute|[weak]\n|\n|-heal|p2a: Azumarill|14\/100|[from] item: Leftovers\n|upkeep\n|turn|11\n|\n|t:|1699575091\n|move|p2a: Azumarill|Protect|p2a: Azumarill\n|-singleturn|p2a: Azumarill|Protect\n|move|p1a: Dragonite|Dragon Dance|p1a: Dragonite\n|-boost|p1a: Dragonite|atk|1\n|-boost|p1a: Dragonite|spe|1\n|\n|-heal|p2a: Azumarill|20\/100|[from] item: Leftovers\n|upkeep\n|turn|12\n|\n|t:|1699575102\n|move|p1a: Dragonite|Extreme Speed|p2a: Azumarill\n|-damage|p2a: Azumarill|0 fnt\n|faint|p2a: Azumarill\n|\n|upkeep\n|\n|t:|1699575111\n|switch|p2a: Conkeldurr|Conkeldurr, M|100\/100\n|turn|13\n|\n|t:|1699575120\n|move|p1a: Dragonite|Earthquake|p2a: Conkeldurr\n|-damage|p2a: Conkeldurr|53\/100\n|move|p2a: Conkeldurr|Knock Off|p1a: Dragonite\n|-damage|p1a: Dragonite|33\/100\n|-enditem|p1a: Dragonite|Heavy-Duty Boots|[from] move: Knock Off|[of] p2a: Conkeldurr\n|\n|-status|p2a: Conkeldurr|brn|[from] item: Flame Orb\n|upkeep\n|turn|14\n|\n|t:|1699575130\n|move|p1a: Dragonite|Fire Punch|p2a: Conkeldurr\n|-damage|p2a: Conkeldurr|14\/100 brn\n|move|p2a: Conkeldurr|Drain Punch|p1a: Dragonite\n|-resisted|p1a: Dragonite\n|-damage|p1a: Dragonite|1\/100\n|-heal|p2a: Conkeldurr|28\/100 brn|[from] drain|[of] p1a: Dragonite\n|\n|-damage|p2a: Conkeldurr|22\/100 brn|[from] brn\n|upkeep\n|turn|15\n|\n|t:|1699575149\n|move|p1a: Dragonite|Earthquake|p2a: Conkeldurr\n|-damage|p2a: Conkeldurr|0 fnt\n|faint|p2a: Conkeldurr\n|\n|upkeep\n|\n|t:|1699575164\n|switch|p2a: Shaymin|Shaymin-Sky|100\/100\n|turn|16\n|\n|t:|1699575170\n|move|p1a: Dragonite|Fire Punch|p2a: Shaymin\n|-supereffective|p2a: Shaymin\n|-damage|p2a: Shaymin|5\/100\n|move|p2a: Shaymin|Air Slash|p1a: Dragonite\n|-damage|p1a: Dragonite|0 fnt\n|faint|p1a: Dragonite\n|-damage|p2a: Shaymin|0 fnt|[from] item: Life Orb\n|faint|p2a: Shaymin\n|\n|upkeep\n|\n|t:|1699575187\n|switch|p2a: Clodsire|Clodsire, F|100\/100\n|switch|p1a: Hatterene|Hatterene, F|100\/100\n|turn|17\n|\n|t:|1699575200\n|move|p1a: Hatterene|Nuzzle|p2a: Clodsire\n|-immune|p2a: Clodsire\n|move|p2a: Clodsire|Earthquake|p1a: Hatterene\n|-damage|p1a: Hatterene|71\/100\n|-enditem|p1a: Hatterene|Eject Button\n|\n|t:|1699575210\n|switch|p1a: Landorus|Landorus-Therian, M|100\/100\n|-ability|p1a: Landorus|Intimidate|boost\n|-unboost|p2a: Clodsire|atk|1\n|\n|upkeep\n|turn|18\n|\n|t:|1699575230\n|move|p1a: Landorus|Stealth Rock|p2a: Clodsire\n|-sidestart|p2: Average_Gamer20|move: Stealth Rock\n|move|p2a: Clodsire|Stealth Rock|p1a: Landorus\n|-sidestart|p1: Spartan-912|move: Stealth Rock\n|\n|upkeep\n|turn|19\n|\n|t:|1699575239\n|move|p1a: Landorus|Earthquake|p2a: Clodsire\n|-supereffective|p2a: Clodsire\n|-damage|p2a: Clodsire|3\/100\n|move|p2a: Clodsire|Zen Headbutt|p1a: Landorus\n|-damage|p1a: Landorus|92\/100\n|-damage|p2a: Clodsire|0 fnt|[from] item: Rocky Helmet|[of] p1a: Landorus\n|faint|p2a: Clodsire\n|\n|upkeep\n|\n|t:|1699575256\n|switch|p2a: Toxapex|Toxapex, F|100\/100\n|-damage|p2a: Toxapex|88\/100|[from] Stealth Rock\n|turn|20\n|\n|t:|1699575262\n|move|p1a: Landorus|Grass Knot|p2a: Toxapex\n|-damage|p2a: Toxapex|81\/100\n|-damage|p1a: Landorus|76\/100|[from] item: Rocky Helmet|[of] p2a: Toxapex\n|move|p2a: Toxapex|Toxic|p1a: Landorus\n|-status|p1a: Landorus|tox\n|\n|-damage|p1a: Landorus|70\/100 tox|[from] psn\n|upkeep\n|turn|21\n|\n|t:|1699575273\n|move|p1a: Landorus|U-turn|p2a: Toxapex\n|-resisted|p2a: Toxapex\n|-damage|p2a: Toxapex|73\/100\n|-damage|p1a: Landorus|53\/100 tox|[from] item: Rocky Helmet|[of] p2a: Toxapex\n|\n|t:|1699575279\n|switch|p1a: Dragapult|Dragapult, M|100\/100|[from] U-turn\n|-damage|p1a: Dragapult|88\/100|[from] Stealth Rock\n|move|p2a: Toxapex|Toxic Spikes|p1a: Dragapult\n|-sidestart|p1: Spartan-912|move: Toxic Spikes\n|\n|upkeep\n|turn|22\n|\n|t:|1699575290\n|move|p1a: Dragapult|Draco Meteor|p2a: Toxapex\n|-damage|p2a: Toxapex|6\/100\n|-unboost|p1a: Dragapult|spa|2\n|move|p2a: Toxapex|Toxic|p1a: Dragapult\n|-status|p1a: Dragapult|tox\n|\n|-damage|p1a: Dragapult|82\/100 tox|[from] psn\n|upkeep\n|turn|23\n|\n|t:|1699575302\n|move|p1a: Dragapult|Draco Meteor|p2a: Toxapex\n|-damage|p2a: Toxapex|0 fnt\n|-unboost|p1a: Dragapult|spa|2\n|faint|p2a: Toxapex\n|\n|-damage|p1a: Dragapult|70\/100 tox|[from] psn\n|upkeep\n|\n|t:|1699575308\n|switch|p2a: Alomomola|Alomomola, F|100\/100\n|-damage|p2a: Alomomola|88\/100|[from] Stealth Rock\n|turn|24\n|\n|t:|1699575316\n|move|p1a: Dragapult|Draco Meteor|p2a: Alomomola\n|-damage|p2a: Alomomola|67\/100\n|-unboost|p1a: Dragapult|spa|2\n|move|p2a: Alomomola|Ice Beam|p1a: Dragapult\n|-supereffective|p1a: Dragapult\n|-damage|p1a: Dragapult|36\/100 tox\n|\n|-damage|p1a: Dragapult|18\/100 tox|[from] psn\n|upkeep\n|turn|25\n|\n|t:|1699575330\n|switch|p1a: Landorus|Landorus-Therian, M|53\/100 tox\n|-damage|p1a: Landorus|41\/100 tox|[from] Stealth Rock\n|-ability|p1a: Landorus|Intimidate|boost\n|-unboost|p2a: Alomomola|atk|1\n|move|p2a: Alomomola|Ice Beam|p1a: Landorus\n|-supereffective|p1a: Landorus\n|-damage|p1a: Landorus|0 fnt\n|faint|p1a: Landorus\n|\n|upkeep\n|\n|t:|1699575341\n|switch|p1a: Hatterene|Hatterene, F|71\/100\n|-damage|p1a: Hatterene|59\/100|[from] Stealth Rock\n|-status|p1a: Hatterene|psn\n|turn|26\n|\n|t:|1699575352\n|move|p2a: Alomomola|Shadow Ball|p1a: Hatterene\n|-supereffective|p1a: Hatterene\n|-damage|p1a: Hatterene|36\/100 psn\n|move|p1a: Hatterene|Nuzzle|p2a: Alomomola\n|-supereffective|p2a: Alomomola\n|-crit|p2a: Alomomola\n|-damage|p2a: Alomomola|57\/100\n|-status|p2a: Alomomola|par\n|\n|-damage|p1a: Hatterene|24\/100 psn|[from] psn\n|upkeep\n|turn|27\n|\n|t:|1699575378\n|move|p1a: Hatterene|Healing Wish|p1a: Hatterene\n|faint|p1a: Hatterene\n|move|p2a: Alomomola|Shadow Ball|p1: Hatterene|[notarget]\n|-fail|p2a: Alomomola\n|\n|upkeep\n|\n|t:|1699575383\n|switch|p1a: Dragapult|Dragapult, M|18\/100 tox\n|-heal|p1a: Dragapult|100\/100|[from] move: Healing Wish\n|-damage|p1a: Dragapult|88\/100|[from] Stealth Rock\n|-status|p1a: Dragapult|psn\n|turn|28\n|\n|t:|1699575394\n|-terastallize|p2a: Alomomola|Ground\n|move|p1a: Dragapult|Shadow Ball|p2a: Alomomola\n|-damage|p2a: Alomomola|22\/100 par\n|cant|p2a: Alomomola|par\n|\n|-damage|p1a: Dragapult|76\/100 psn|[from] psn\n|upkeep\n|turn|29\n|\n|t:|1699575405\n|move|p1a: Dragapult|Shadow Ball|p2a: Alomomola\n|-damage|p2a: Alomomola|0 fnt\n|faint|p2a: Alomomola\n|\n|win|Spartan-912\n|raw|Spartan-912's rating: 1044 &rarr; <strong>1081<\/strong><br \/>(+37 for winning)\n|raw|Average_Gamer20's rating: 1077 &rarr; <strong>1053<\/strong><br \/>(-24 for losing)\n|l|\u2606Average_Gamer20\n","uploadtime":1699575415,"views":19,"p1id":"spartan912","p2id":"averagegamer20","formatid":"gen9anythinggoes","rating":1053,"private":0,"password":""}