{"id":"gen9anythinggoes-1977563576","p1":"11223344556677889C","p2":"Shounak1","format":"[Gen 9] Anything Goes","log":"|j|\u260611223344556677889C\n|j|\u2606Shounak1\n|t:|1698427647\n|gametype|singles\n|player|p1|11223344556677889C|101|1185\n|player|p2|Shounak1|koga|1331\n|teamsize|p1|6\n|teamsize|p2|6\n|gen|9\n|tier|[Gen 9] Anything Goes\n|rated|\n|rule|HP Percentage Mod: HP is shown in percentages\n|rule|Endless Battle Clause: Forcing endless battles is banned\n|clearpoke\n|poke|p1|Koraidon|\n|poke|p1|Ting-Lu|\n|poke|p1|Arceus|\n|poke|p1|Calyrex-Shadow|\n|poke|p1|Zacian-*|\n|poke|p1|Skeledirge, F|\n|poke|p2|Zacian-*|\n|poke|p2|Infernape, M|\n|poke|p2|Flutter Mane|\n|poke|p2|Dialga-Origin|\n|poke|p2|Ogerpon-Hearthflame, F|\n|poke|p2|Calyrex-Shadow|\n|teampreview\n|\n|t:|1698427654\n|start\n|switch|p1a: Skeledirge|Skeledirge, F|100\/100\n|switch|p2a: Calyrex|Calyrex-Shadow|100\/100\n|-ability|p2a: Calyrex|As One\n|-ability|p2a: Calyrex|Unnerve\n|turn|1\n|\n|t:|1698427664\n|move|p2a: Calyrex|Psyshock|p1a: Skeledirge\n|-damage|p1a: Skeledirge|53\/100\n|move|p1a: Skeledirge|Hex|p2a: Calyrex\n|-supereffective|p2a: Calyrex\n|-damage|p2a: Calyrex|0 fnt\n|faint|p2a: Calyrex\n|\n|upkeep\n|\n|t:|1698427673\n|switch|p2a: Flutter Mane|Flutter Mane|100\/100\n|-enditem|p2a: Flutter Mane|Booster Energy\n|-activate|p2a: Flutter Mane|ability: Protosynthesis|[fromitem]\n|-start|p2a: Flutter Mane|protosynthesisspe\n|turn|2\n|\n|t:|1698427679\n|move|p2a: Flutter Mane|Shadow Ball|p1a: Skeledirge\n|-supereffective|p1a: Skeledirge\n|-damage|p1a: Skeledirge|0 fnt\n|faint|p1a: Skeledirge\n|\n|upkeep\n|\n|t:|1698427684\n|switch|p1a: Zacian|Zacian-Crowned|100\/100\n|-ability|p1a: Zacian|Intrepid Sword|boost\n|-boost|p1a: Zacian|atk|1\n|turn|3\n|\n|t:|1698427690\n|move|p2a: Flutter Mane|Shadow Ball|p1a: Zacian\n|-damage|p1a: Zacian|68\/100\n|move|p1a: Zacian|Behemoth Blade|p2a: Flutter Mane\n|-supereffective|p2a: Flutter Mane\n|-damage|p2a: Flutter Mane|0 fnt\n|faint|p2a: Flutter Mane\n|-end|p2a: Flutter Mane|Protosynthesis|[silent]\n|\n|upkeep\n|\n|t:|1698427700\n|switch|p2a: Infernape|Infernape, M|100\/100\n|turn|4\n|\n|t:|1698427716\n|move|p1a: Zacian|Play Rough|p2a: Infernape\n|-damage|p2a: Infernape|0 fnt\n|faint|p2a: Infernape\n|\n|upkeep\n|\n|t:|1698427724\n|switch|p2a: Zacian|Zacian-Crowned|100\/100\n|-ability|p2a: Zacian|Intrepid Sword|boost\n|-boost|p2a: Zacian|atk|1\n|turn|5\n|\n|t:|1698427733\n|-terastallize|p2a: Zacian|Water\n|move|p2a: Zacian|Sacred Sword|p1a: Zacian\n|-damage|p1a: Zacian|22\/100\n|move|p1a: Zacian|Behemoth Blade|p2a: Zacian\n|-resisted|p2a: Zacian\n|-damage|p2a: Zacian|66\/100\n|\n|upkeep\n|turn|6\n|\n|t:|1698427744\n|-terastallize|p1a: Zacian|Fairy\n|move|p2a: Zacian|Sacred Sword|p1a: Zacian\n|-resisted|p1a: Zacian\n|-damage|p1a: Zacian|3\/100\n|move|p1a: Zacian|Wild Charge|p2a: Zacian\n|-supereffective|p2a: Zacian\n|-damage|p2a: Zacian|0 fnt\n|faint|p2a: Zacian\n|-damage|p1a: Zacian|0 fnt|[from] Recoil\n|faint|p1a: Zacian\n|\n|upkeep\n|\n|t:|1698427757\n|switch|p2a: Dialga|Dialga-Origin|100\/100\n|switch|p1a: Koraidon|Koraidon|100\/100\n|-weather|SunnyDay|[from] ability: Orichalcum Pulse|[of] p1a: Koraidon\n|-activate|p1a: Koraidon|Orichalcum Pulse|[source]\n|-ability|p2a: Dialga|Pressure\n|turn|7\n|\n|t:|1698427779\n|move|p1a: Koraidon|Low Kick|p2a: Dialga\n|-supereffective|p2a: Dialga\n|-damage|p2a: Dialga|0 fnt\n|faint|p2a: Dialga\n|\n|-weather|SunnyDay|[upkeep]\n|upkeep\n|\n|t:|1698427785\n|switch|p2a: Ogerpon|Ogerpon-Hearthflame, F|100\/100\n|-ability|p2a: Ogerpon|Mold Breaker\n|turn|8\n|-message|Shounak1 forfeited.\n|\n|win|11223344556677889C\n|raw|11223344556677889C's rating: 1185 &rarr; <strong>1220<\/strong><br \/>(+35 for winning)\n|raw|Shounak1's rating: 1331 &rarr; <strong>1303<\/strong><br \/>(-28 for losing)\n|l|\u2606Shounak1\n","uploadtime":1698427816,"views":9,"p1id":"11223344556677889c","p2id":"shounak1","formatid":"gen9anythinggoes","rating":1220,"private":0,"password":""}