{"id":"gen9anythinggoes-1978828772","p1":"kadudomingues","p2":"Golden_tranier","format":"[Gen 9] Anything Goes","log":"|j|\u2606kadudomingues\n|j|\u2606Golden_tranier\n|t:|1698600107\n|gametype|singles\n|player|p1|kadudomingues|clerk-boss|\n|player|p2|Golden_tranier|lucas|\n|teamsize|p1|6\n|teamsize|p2|6\n|gen|9\n|tier|[Gen 9] Anything Goes\n|rule|HP Percentage Mod: HP is shown in percentages\n|rule|Endless Battle Clause: Forcing endless battles is banned\n|clearpoke\n|poke|p1|Zacian-*|\n|poke|p1|Espathra, M|\n|poke|p1|Annihilape, M|\n|poke|p1|Greninja-*, M|\n|poke|p1|Cinderace, F|\n|poke|p1|Ribombee, M|\n|poke|p2|Rayquaza|\n|poke|p2|Forretress, M|\n|poke|p2|Houndstone, M|\n|poke|p2|Tyranitar, M|\n|poke|p2|Iron Treads|\n|poke|p2|Ceruledge, M|\n|teampreview\n|j| Alizoun\n|j| megalomegalon\n|c| Alizoun|pode come\u00e7ar\n|j| Tiagin\n|\n|t:|1698600171\n|start\n|switch|p1a: Ribombee|Ribombee, M|100\/100\n|switch|p2a: Spike|Forretress, M, shiny|100\/100\n|turn|1\n|\n|t:|1698600183\n|move|p1a: Ribombee|U-turn|p2a: Spike\n|-resisted|p2a: Spike\n|-damage|p2a: Spike|96\/100\n|j| randomguy4321\n|\n|t:|1698600186\n|switch|p1a: Cinderace|Cinderace, F|100\/100|[from] U-turn\n|move|p2a: Spike|Stealth Rock|p1a: Cinderace\n|-sidestart|p1: kadudomingues|move: Stealth Rock\n|\n|-heal|p2a: Spike|100\/100|[from] item: Leftovers\n|upkeep\n|turn|2\n|\n|t:|1698600192\n|move|p1a: Cinderace|Pyro Ball|p2a: Spike\n|-supereffective|p2a: Spike\n|-ability|p2a: Spike|Sturdy\n|-damage|p2a: Spike|1\/100\n|move|p2a: Spike|Spikes|p1a: Cinderace\n|-sidestart|p1: kadudomingues|Spikes\n|\n|-heal|p2a: Spike|7\/100|[from] item: Leftovers\n|upkeep\n|turn|3\n|\n|t:|1698600199\n|move|p1a: Cinderace|Pyro Ball|p2a: Spike\n|-supereffective|p2a: Spike\n|-crit|p2a: Spike\n|-damage|p2a: Spike|0 fnt\n|faint|p2a: Spike\n|\n|upkeep\n|\n|t:|1698600204\n|switch|p2a: Khamsin|Tyranitar, M|100\/100\n|-weather|Sandstorm|[from] ability: Sand Stream|[of] p2a: Khamsin\n|turn|4\n|j| mc rapper 3\n|j| HoneySan\n|\n|t:|1698600238\n|switch|p1a: Annihilape|Annihilape, M|100\/100\n|-damage|p1a: Annihilape|94\/100|[from] Stealth Rock\n|-damage|p1a: Annihilape|82\/100|[from] Spikes\n|move|p2a: Khamsin|Dragon Dance|p2a: Khamsin\n|-boost|p2a: Khamsin|atk|1\n|-boost|p2a: Khamsin|spe|1\n|\n|-weather|Sandstorm|[upkeep]\n|-damage|p1a: Annihilape|76\/100|[from] Sandstorm\n|upkeep\n|turn|5\n|j| Victinimaniac\n|\n|t:|1698600246\n|move|p2a: Khamsin|Crunch|p1a: Annihilape\n|-crit|p1a: Annihilape\n|-damage|p1a: Annihilape|0 fnt\n|faint|p1a: Annihilape\n|\n|-weather|Sandstorm|[upkeep]\n|upkeep\n|\n|t:|1698600250\n|switch|p1a: Zacian|Zacian-Crowned|100\/100\n|-damage|p1a: Zacian|94\/100|[from] Stealth Rock\n|-damage|p1a: Zacian|82\/100|[from] Spikes\n|-ability|p1a: Zacian|Intrepid Sword|boost\n|-boost|p1a: Zacian|atk|1\n|turn|6\n|\n|t:|1698600261\n|-terastallize|p1a: Zacian|Fighting\n|move|p1a: Zacian|Close Combat|p2a: Khamsin\n|-supereffective|p2a: Khamsin\n|-damage|p2a: Khamsin|0 fnt\n|-unboost|p1a: Zacian|def|1\n|-unboost|p1a: Zacian|spd|1\n|faint|p2a: Khamsin\n|\n|-weather|Sandstorm|[upkeep]\n|-damage|p1a: Zacian|76\/100|[from] Sandstorm\n|upkeep\n|j| Seup\n|\n|t:|1698600273\n|switch|p2a: Road Roller|Iron Treads|100\/100\n|-enditem|p2a: Road Roller|Booster Energy\n|-activate|p2a: Road Roller|ability: Quark Drive|[fromitem]\n|-start|p2a: Road Roller|quarkdrivespe\n|turn|7\n|c| Seup|oi gentche\n|c| Tiagin|cala boca seu merda\n|c| megalomegalon|fala isso do seup n\n|\n|t:|1698600310\n|switch|p1a: Ribombee|Ribombee, M|100\/100\n|-damage|p1a: Ribombee|76\/100|[from] Stealth Rock\n|-damage|p1a: Ribombee|63\/100|[from] Spikes\n|move|p2a: Road Roller|Knock Off|p1a: Ribombee\n|-resisted|p1a: Ribombee\n|-damage|p1a: Ribombee|40\/100\n|-enditem|p1a: Ribombee|Focus Sash|[from] move: Knock Off|[of] p2a: Road Roller\n|\n|-weather|Sandstorm|[upkeep]\n|-damage|p1a: Ribombee|34\/100|[from] Sandstorm\n|upkeep\n|turn|8\n|j| Surprisehrs\n|\n|t:|1698600322\n|move|p2a: Road Roller|Heavy Slam|p1a: Ribombee\n|-supereffective|p1a: Ribombee\n|-damage|p1a: Ribombee|0 fnt\n|faint|p1a: Ribombee\n|\n|-weather|Sandstorm|[upkeep]\n|upkeep\n|c| Seup|e se eu\n|c| Surprisehrs|cheguei agor\n|c| Seup|mudar a cor do minior\n|c| Seup|pode?\n|c| Surprisehrs|pode nao\n|\n|t:|1698600345\n|switch|p1a: Zacian|Zacian-Crowned, tera:Fighting|76\/100\n|-damage|p1a: Zacian|70\/100|[from] Stealth Rock\n|-damage|p1a: Zacian|57\/100|[from] Spikes\n|turn|9\n|c| megalomegalon|Aff\n|\n|t:|1698600353\n|move|p2a: Road Roller|Earthquake|p1a: Zacian\n|-damage|p1a: Zacian|17\/100\n|move|p1a: Zacian|Close Combat|p2a: Road Roller\n|-supereffective|p2a: Road Roller\n|-damage|p2a: Road Roller|0 fnt\n|-unboost|p1a: Zacian|def|1\n|-unboost|p1a: Zacian|spd|1\n|faint|p2a: Road Roller\n|-end|p2a: Road Roller|Quark Drive|[silent]\n|\n|-weather|Sandstorm|[upkeep]\n|-damage|p1a: Zacian|11\/100|[from] Sandstorm\n|upkeep\n|c| Seup|cara\n|c| megalomegalon|S\u00f3 pq eu ia mudar a cor da minha Vivillon\n|\n|t:|1698600359\n|switch|p2a: Zero|Ceruledge, M|100\/100\n|turn|10\n|c| Seup|eu nem sei o tipo desse bicho ai\n|c| Seup|kkkkkkkkkkkkkkk\n|c| Seup|morreu\n|\n|t:|1698600368\n|switch|p1a: Greninja|Greninja, M|100\/100\n|-damage|p1a: Greninja|88\/100|[from] Stealth Rock\n|-damage|p1a: Greninja|76\/100|[from] Spikes\n|move|p2a: Zero|Shadow Sneak|p1a: Greninja\n|-resisted|p1a: Greninja\n|-damage|p1a: Greninja|57\/100\n|\n|-weather|Sandstorm|[upkeep]\n|-damage|p1a: Greninja|51\/100|[from] Sandstorm\n|-damage|p2a: Zero|94\/100|[from] Sandstorm\n|upkeep\n|turn|11\n|c| Seup|ih o cara mudou de tipo\n|c| Seup|\u00e9 viad*\n|\n|t:|1698600383\n|move|p1a: Greninja|Dark Pulse|p2a: Zero\n|-supereffective|p2a: Zero\n|-damage|p2a: Zero|0 fnt\n|faint|p2a: Zero\n|-ability|p1a: Greninja|Battle Bond|boost\n|-boost|p1a: Greninja|atk|1\n|-boost|p1a: Greninja|spa|1\n|-boost|p1a: Greninja|spe|1\n|-activate|p1a: Greninja|ability: Battle Bond\n|\n|-weather|none\n|upkeep\n|\n|t:|1698600388\n|switch|p2a: Skull|Houndstone, M|100\/100\n|turn|12\n|c| Seup|q bicho \u00e9 aquele segundo ali\n|c| Surprisehrs|o battlebond\n|\n|t:|1698600397\n|-terastallize|p2a: Skull|Normal\n|move|p1a: Greninja|Dark Pulse|p2a: Skull\n|-damage|p2a: Skull|0 fnt\n|faint|p2a: Skull\n|\n|upkeep\n|c| Seup|dps do zacian\n|c| megalomegalon|Ihhhh, j\u00e1 elves\n|\n|t:|1698600402\n|switch|p2a: Finese|Rayquaza|100\/100\n|-ability|p2a: Finese|Air Lock\n|turn|13\n|c| Surprisehrs|F\n|c| megalomegalon|Gege\n|c|\u2606Golden_tranier|gg, eu perdi\n|j| Bigijumplufffan\n|c| Surprisehrs|greninja chatao ein\n|\n|t:|1698600420\n|move|p2a: Finese|Extreme Speed|p1a: Greninja\n|-damage|p1a: Greninja|0 fnt\n|faint|p1a: Greninja\n|-damage|p2a: Finese|91\/100|[from] item: Life Orb\n|\n|upkeep\n|c| Surprisehrs|eu bania\n|c| megalomegalon|\u00c9 a Espathra seupo\n|c| Seup|ah\n|c| Victinimaniac|Kadu amassou slk\n|c| megalomegalon|Vai l\u00e1 eu confio eu confio\n|c| Seup|o avestruz\n|c| Surprisehrs|eita\n|c|\u2606kadudomingues|amasei nada\n|c| Surprisehrs|vai l\u00e1 finese\n|c|\u2606kadudomingues|oq meu batenjo rayquasa ? kssksk\n|\n|t:|1698600444\n|switch|p1a: Espathra|Espathra, M|100\/100\n|-damage|p1a: Espathra|88\/100|[from] Stealth Rock\n|-damage|p1a: Espathra|76\/100|[from] Spikes\n|turn|14\n|c| Seup|KKKKKKKKKKKKK\n|c| Seup|Q BICHO FEIO\n|c| megalomegalon|para de falar mal do meu ps\u00edquico favorito dessa gen\n|c| Seup|ooo vei\n|c| Seup|n vale mudar de tipo\n|c| megalomegalon|Eu sei que \u00e9 feio, mas deixe ele\n|c| Surprisehrs|um dos meus favs <3\n|\n|t:|1698600474\n|move|p1a: Espathra|Protect|p1a: Espathra\n|-singleturn|p1a: Espathra|Protect\n|move|p2a: Finese|Dragon Dance|p2a: Finese\n|-boost|p2a: Finese|atk|1\n|-boost|p2a: Finese|spe|1\n|\n|-heal|p1a: Espathra|82\/100|[from] item: Leftovers\n|-ability|p1a: Espathra|Speed Boost|boost\n|-boost|p1a: Espathra|spe|1\n|upkeep\n|turn|15\n|c| Seup|zacian lutador\n|c| megalomegalon|KKKKKKKKKKKKKKKKKK\n|c| Surprisehrs|eita\n|c| Seup|\u00e9 puss\n|c| Seup|y\n|c| Surprisehrs|nossa q lindo\n|c| Seup|VAI PERDER EM\n|c| megalomegalon|Ihhh seup\n|\n|t:|1698600491\n|move|p1a: Espathra|Protect||[still]\n|-fail|p1a: Espathra\n|move|p2a: Finese|Dragon Ascent|p1a: Espathra\n|-damage|p1a: Espathra|0 fnt\n|-unboost|p2a: Finese|def|1\n|-unboost|p2a: Finese|spd|1\n|faint|p1a: Espathra\n|-damage|p2a: Finese|81\/100|[from] item: Life Orb\n|\n|upkeep\n|c| Seup|RUIM\n|c| megalomegalon|qq \u00e9 isso\n|\n|t:|1698600495\n|switch|p1a: Cinderace|Cinderace, F|100\/100\n|-damage|p1a: Cinderace|76\/100|[from] Stealth Rock\n|-damage|p1a: Cinderace|63\/100|[from] Spikes\n|turn|16\n|c| megalomegalon|uiaaaaaa\n|c| Surprisehrs|arriscado\n|c| Seup|MORREU\n|c| Victinimaniac|Zikei o cara\n|\n|t:|1698600502\n|move|p2a: Finese|Extreme Speed|p1a: Cinderace\n|-damage|p1a: Cinderace|0 fnt\n|faint|p1a: Cinderace\n|-damage|p2a: Finese|71\/100|[from] item: Life Orb\n|\n|upkeep\n|\n|t:|1698600504\n|switch|p1a: Zacian|Zacian-Crowned, tera:Fighting|11\/100\n|-damage|p1a: Zacian|5\/100|[from] Stealth Rock\n|-damage|p1a: Zacian|0 fnt|[from] Spikes\n|faint|p1a: Zacian\n|\n|win|Golden_tranier\n|c| Seup|SE PERDER \u00c9 RUIM\n|c| Seup|KKKKKKKKKKKKKKKKKKKKKKKKK\n|c| Surprisehrs|vey\n|c| Seup|PERDEU AINDA\n|c| Surprisehrs|nao eeee possivel\n|c|\u2606Golden_tranier|gg\n|c| Seup|KLKKKKKKKKKKKKKKKKKKKKK\n|c| Seup|K\n|c| megalomegalon|A VIRADA DO JOGOOO\n|c| Seup|K\n|c| Surprisehrs|virou o jogo\n|c| Seup|K\n|c| Seup|K\n|c| Seup|K\n|c| Surprisehrs|de ultima hora\n|c| Seup|K\n|c| Seup|K\n|l| Bigijumplufffan\n|c| Seup|K\n|c| Surprisehrs|q lendario\n|c| megalomegalon|Carai\n|c|\u2606kadudomingues|gg\n|l| mc rapper 3\n|c| megalomegalon|foi muito bom essa ein\n|c| Surprisehrs|amei\n|l| Victinimaniac\n|l| randomguy4321\n|l| HoneySan\n|l| megalomegalon\n|j| Helton Uzumaki\n|l| Tiagin\n","uploadtime":1698600573,"views":11,"p1id":"kadudomingues","p2id":"goldentranier","formatid":"gen9anythinggoes","rating":0,"private":0,"password":""}