{"id":"gen9anythinggoes-1991777289","p1":"EChompe","p2":"JayXander","format":"[Gen 9] Anything Goes","log":"|j|\u2606EChompe\n|j|\u2606JayXander\n|t:|1700115422\n|gametype|singles\n|player|p1|EChompe|266|1061\n|player|p2|JayXander|veteran|1040\n|teamsize|p1|6\n|teamsize|p2|6\n|gen|9\n|tier|[Gen 9] Anything Goes\n|rated|\n|rule|HP Percentage Mod: HP is shown in percentages\n|rule|Endless Battle Clause: Forcing endless battles is banned\n|clearpoke\n|poke|p1|Uxie|\n|poke|p1|Charizard, M|\n|poke|p1|Charizard, F|\n|poke|p1|Charizard, M|\n|poke|p1|Charizard, F|\n|poke|p1|Maushold-Four|\n|poke|p2|Clodsire, M|\n|poke|p2|Goodra-Hisui, M|\n|poke|p2|Poliwrath, M|\n|poke|p2|Ting-Lu|\n|poke|p2|Gyarados, M|\n|poke|p2|Dragapult, M|\n|teampreview\n|\n|t:|1700115432\n|start\n|switch|p1a: Uxie|Uxie, shiny|100\/100\n|switch|p2a: Clodsire|Clodsire, M|100\/100\n|turn|1\n|\n|t:|1700115444\n|-terastallize|p2a: Clodsire|Flying\n|move|p1a: Uxie|Yawn|p2a: Clodsire\n|-start|p2a: Clodsire|move: Yawn|[of] p1a: Uxie\n|move|p2a: Clodsire|Yawn|p1a: Uxie\n|-start|p1a: Uxie|move: Yawn|[of] p2a: Clodsire\n|\n|-damage|p2a: Clodsire|88\/100|[from] item: Black Sludge\n|upkeep\n|turn|2\n|l|\u2606EChompe\n|player|p1|\n|inactive|Battle timer is ON: inactive players will automatically lose when time's up. (requested by JayXander)\n|j|\u2606EChompe\n|inactive|EChompe reconnected and has 150 seconds left.\n|player|p1|EChompe|266\n|\n|t:|1700115482\n|move|p1a: Uxie|Reflect|p1a: Uxie\n|-sidestart|p1: EChompe|Reflect\n|move|p2a: Clodsire|Stealth Rock|p1a: Uxie\n|-sidestart|p1: EChompe|move: Stealth Rock\n|\n|-damage|p2a: Clodsire|75\/100|[from] item: Black Sludge\n|-end|p1a: Uxie|move: Yawn|[silent]\n|-status|p1a: Uxie|slp\n|-end|p2a: Clodsire|move: Yawn|[silent]\n|-status|p2a: Clodsire|slp\n|upkeep\n|turn|3\n|\n|t:|1700115500\n|switch|p1a: Maushold|Maushold-Four|100\/100\n|-damage|p1a: Maushold|88\/100|[from] Stealth Rock\n|cant|p2a: Clodsire|slp\n|\n|-damage|p2a: Clodsire|63\/100 slp|[from] item: Black Sludge\n|upkeep\n|turn|4\n|\n|t:|1700115508\n|move|p1a: Maushold|Tidy Up|p1a: Maushold\n|-sideend|p1: EChompe|Stealth Rock\n|-activate|p1a: Maushold|move: Tidy Up\n|-boost|p1a: Maushold|atk|1\n|-boost|p1a: Maushold|spe|1\n|cant|p2a: Clodsire|slp\n|\n|-damage|p2a: Clodsire|50\/100 slp|[from] item: Black Sludge\n|upkeep\n|turn|5\n|\n|t:|1700115516\n|move|p1a: Maushold|Population Bomb|p2a: Clodsire\n|-damage|p2a: Clodsire|40\/100 slp\n|-hitcount|p2a: Clodsire|1\n|-curestatus|p2a: Clodsire|slp|[msg]\n|move|p2a: Clodsire|Yawn|p1a: Maushold\n|-start|p1a: Maushold|move: Yawn|[of] p2a: Clodsire\n|\n|-damage|p2a: Clodsire|27\/100|[from] item: Black Sludge\n|upkeep\n|turn|6\n|\n|t:|1700115525\n|move|p1a: Maushold|Population Bomb|p2a: Clodsire\n|-damage|p2a: Clodsire|17\/100\n|-damage|p2a: Clodsire|6\/100\n|-damage|p2a: Clodsire|0 fnt\n|faint|p2a: Clodsire\n|-hitcount|p2: Clodsire|3\n|\n|-end|p1a: Maushold|move: Yawn|[silent]\n|-status|p1a: Maushold|slp\n|-sideend|p1: EChompe|Reflect\n|upkeep\n|\n|t:|1700115537\n|switch|p2a: Ting-Lu|Ting-Lu|100\/100\n|-ability|p2a: Ting-Lu|Vessel of Ruin\n|turn|7\n|\n|t:|1700115543\n|cant|p1a: Maushold|slp\n|move|p2a: Ting-Lu|Spikes|p1a: Maushold\n|-sidestart|p1: EChompe|Spikes\n|\n|upkeep\n|turn|8\n|\n|t:|1700115548\n|cant|p1a: Maushold|slp\n|move|p2a: Ting-Lu|Whirlwind|p1a: Maushold\n|drag|p1a: Uxie|Uxie, shiny|100\/100 slp\n|\n|upkeep\n|turn|9\n|\n|t:|1700115556\n|switch|p1a: Maushold|Maushold-Four|88\/100 slp\n|-damage|p1a: Maushold|76\/100 slp|[from] Spikes\n|move|p2a: Ting-Lu|Ruination|p1a: Maushold\n|-damage|p1a: Maushold|38\/100 slp\n|\n|upkeep\n|turn|10\n|\n|t:|1700115563\n|cant|p1a: Maushold|slp\n|move|p2a: Ting-Lu|Whirlwind|p1a: Maushold\n|drag|p1a: Charizard|Charizard, M, shiny|100\/100\n|\n|upkeep\n|turn|11\n|\n|t:|1700115575\n|move|p1a: Charizard|Substitute|p1a: Charizard\n|-start|p1a: Charizard|Substitute\n|-damage|p1a: Charizard|76\/100\n|move|p2a: Ting-Lu|Substitute|p2a: Ting-Lu\n|-start|p2a: Ting-Lu|Substitute\n|-damage|p2a: Ting-Lu|76\/100\n|\n|-heal|p1a: Charizard|82\/100|[from] item: Leftovers\n|-heal|p2a: Ting-Lu|82\/100|[from] item: Leftovers\n|upkeep\n|turn|12\n|\n|t:|1700115603\n|switch|p2a: Dragapult|Dragapult, M|100\/100\n|move|p1a: Charizard|Belly Drum|p1a: Charizard\n|-damage|p1a: Charizard|32\/100\n|-setboost|p1a: Charizard|atk|6|[from] move: Belly Drum\n|\n|-heal|p1a: Charizard|38\/100|[from] item: Leftovers\n|upkeep\n|turn|13\n|inactive|JayXander has 120 seconds left.\n|\n|t:|1700115618\n|move|p2a: Dragapult|Dragon Darts|p1a: Charizard\n|-damage|p1a: Charizard|0 fnt\n|faint|p1a: Charizard\n|\n|upkeep\n|\n|t:|1700115626\n|switch|p1a: Charizard|Charizard, M, shiny|100\/100\n|turn|14\n|\n|t:|1700115636\n|move|p2a: Dragapult|Dragon Darts|p1a: Charizard\n|-damage|p1a: Charizard|45\/100\n|-anim|p2a: Dragapult|Dragon Darts|p1a: Charizard\n|-damage|p1a: Charizard|0 fnt\n|faint|p1a: Charizard\n|\n|upkeep\n|\n|t:|1700115644\n|switch|p1a: Uxie|Uxie, shiny|100\/100 slp\n|turn|15\n|\n|t:|1700115651\n|move|p2a: Dragapult|Dragon Darts|p1a: Uxie\n|-damage|p1a: Uxie|63\/100 slp\n|-anim|p2a: Dragapult|Dragon Darts|p1a: Uxie\n|-damage|p1a: Uxie|26\/100 slp\n|cant|p1a: Uxie|slp\n|\n|upkeep\n|turn|16\n|c|\u2606EChompe|Fuck uuuu\n|c|\u2606EChompe|you fatherless shithead\n|-message|EChompe forfeited.\n|\n|win|JayXander\n|raw|EChompe's rating: 1061 &rarr; <strong>1041<\/strong><br \/>(-20 for losing)\n|raw|JayXander's rating: 1040 &rarr; <strong>1076<\/strong><br \/>(+36 for winning)\n","uploadtime":1700115671,"views":5,"p1id":"echompe","p2id":"jayxander","formatid":"gen9anythinggoes","rating":1041,"private":0,"password":""}