{"id":"gen9anythinggoes-1999107544","p1":"Aziii","p2":"Mr Kipling Ct","format":"[Gen 9] Anything Goes","log":"|j|\u2606Aziii\n|j|\u2606Mr Kipling Ct\n|t:|1701033922\n|gametype|singles\n|player|p1|Aziii|265|1054\n|player|p2|Mr Kipling Ct|169|1000\n|teamsize|p1|6\n|teamsize|p2|6\n|gen|9\n|tier|[Gen 9] Anything Goes\n|rated|\n|rule|HP Percentage Mod: HP is shown in percentages\n|rule|Endless Battle Clause: Forcing endless battles is banned\n|clearpoke\n|poke|p1|Groudon|\n|poke|p1|Quaquaval, F|\n|poke|p1|Dunsparce, M|\n|poke|p1|Zacian-*|\n|poke|p1|Rayquaza|\n|poke|p1|Giratina-Origin|\n|poke|p2|Maushold-Four|\n|poke|p2|Flutter Mane|\n|poke|p2|Miraidon|\n|poke|p2|Rabsca, M|\n|poke|p2|Garganacl, F|\n|poke|p2|Houndstone, M|\n|teampreview\n|inactive|Battle timer is ON: inactive players will automatically lose when time's up. (requested by Aziii)\n|\n|t:|1701033954\n|start\n|switch|p1a: Dunsparce|Dunsparce, M|100\/100\n|switch|p2a: Flutter Mane|Flutter Mane, shiny|100\/100\n|turn|1\n|\n|t:|1701033961\n|-end|p2a: Flutter Mane|Protosynthesis|[silent]\n|switch|p2a: SSSReplacement|Garganacl, F, shiny|100\/100\n|move|p1a: Dunsparce|Coil|p1a: Dunsparce\n|-boost|p1a: Dunsparce|atk|1\n|-boost|p1a: Dunsparce|def|1\n|-boost|p1a: Dunsparce|accuracy|1\n|\n|upkeep\n|turn|2\n|\n|t:|1701033969\n|move|p1a: Dunsparce|Coil|p1a: Dunsparce\n|-boost|p1a: Dunsparce|atk|1\n|-boost|p1a: Dunsparce|def|1\n|-boost|p1a: Dunsparce|accuracy|1\n|move|p2a: SSSReplacement|Iron Defense|p2a: SSSReplacement\n|-boost|p2a: SSSReplacement|def|2\n|\n|upkeep\n|turn|3\n|\n|t:|1701033976\n|move|p1a: Dunsparce|Coil|p1a: Dunsparce\n|-boost|p1a: Dunsparce|atk|1\n|-boost|p1a: Dunsparce|def|1\n|-boost|p1a: Dunsparce|accuracy|1\n|move|p2a: SSSReplacement|Iron Defense|p2a: SSSReplacement\n|-boost|p2a: SSSReplacement|def|2\n|\n|upkeep\n|turn|4\n|\n|t:|1701033986\n|move|p1a: Dunsparce|Coil|p1a: Dunsparce\n|-boost|p1a: Dunsparce|atk|1\n|-boost|p1a: Dunsparce|def|1\n|-boost|p1a: Dunsparce|accuracy|1\n|move|p2a: SSSReplacement|Body Press|p1a: Dunsparce\n|-supereffective|p1a: Dunsparce\n|-damage|p1a: Dunsparce|77\/100\n|\n|upkeep\n|turn|5\n|\n|t:|1701033994\n|move|p1a: Dunsparce|Coil|p1a: Dunsparce\n|-boost|p1a: Dunsparce|atk|1\n|-boost|p1a: Dunsparce|def|1\n|-boost|p1a: Dunsparce|accuracy|1\n|move|p2a: SSSReplacement|Salt Cure|p1a: Dunsparce\n|-damage|p1a: Dunsparce|75\/100\n|-start|p1a: Dunsparce|Salt Cure\n|\n|-damage|p1a: Dunsparce|62\/100|[from] Salt Cure\n|upkeep\n|turn|6\n|\n|t:|1701034004\n|move|p1a: Dunsparce|Agility|p1a: Dunsparce\n|-boost|p1a: Dunsparce|spe|2\n|move|p2a: SSSReplacement|Body Press|p1a: Dunsparce\n|-supereffective|p1a: Dunsparce\n|-damage|p1a: Dunsparce|40\/100\n|\n|-damage|p1a: Dunsparce|27\/100|[from] Salt Cure\n|upkeep\n|turn|7\n|\n|t:|1701034015\n|move|p1a: Dunsparce|Baton Pass|p1a: Dunsparce\n|\n|t:|1701034023\n|switch|p1a: Zacian|Zacian-Crowned|100\/100|[from] Baton Pass\n|-ability|p1a: Zacian|Intrepid Sword|boost\n|-boost|p1a: Zacian|atk|1\n|move|p2a: SSSReplacement|Iron Defense|p2a: SSSReplacement\n|-boost|p2a: SSSReplacement|def|2\n|\n|upkeep\n|turn|8\n|\n|t:|1701034032\n|move|p1a: Zacian|Behemoth Blade|p2a: SSSReplacement\n|-supereffective|p2a: SSSReplacement\n|-damage|p2a: SSSReplacement|16\/100\n|move|p2a: SSSReplacement|Salt Cure|p1a: Zacian\n|-resisted|p1a: Zacian\n|-damage|p1a: Zacian|99\/100\n|-start|p1a: Zacian|Salt Cure\n|\n|-heal|p2a: SSSReplacement|22\/100|[from] item: Leftovers\n|-damage|p1a: Zacian|74\/100|[from] Salt Cure\n|upkeep\n|turn|9\n|\n|t:|1701034059\n|move|p1a: Zacian|Behemoth Blade|p2a: SSSReplacement\n|-supereffective|p2a: SSSReplacement\n|-damage|p2a: SSSReplacement|0 fnt\n|faint|p2a: SSSReplacement\n|\n|-damage|p1a: Zacian|49\/100|[from] Salt Cure\n|upkeep\n|inactive|Mr Kipling Ct has 120 seconds left.\n|\n|t:|1701034071\n|switch|p2a: Houndstone|Houndstone, M|100\/100\n|turn|10\n|\n|t:|1701034079\n|move|p2a: Houndstone|Shadow Sneak|p1a: Zacian\n|-damage|p1a: Zacian|44\/100\n|move|p1a: Zacian|Play Rough|p2a: Houndstone\n|-damage|p2a: Houndstone|0 fnt\n|faint|p2a: Houndstone\n|\n|-damage|p1a: Zacian|19\/100|[from] Salt Cure\n|upkeep\n|\n|t:|1701034088\n|switch|p2a: Flutter Mane|Flutter Mane, shiny|100\/100\n|turn|11\n|\n|t:|1701034100\n|move|p1a: Zacian|Behemoth Blade|p2a: Flutter Mane\n|-supereffective|p2a: Flutter Mane\n|-damage|p2a: Flutter Mane|0 fnt\n|faint|p2a: Flutter Mane\n|-end|p2a: Flutter Mane|Protosynthesis|[silent]\n|\n|-damage|p1a: Zacian|0 fnt|[from] Salt Cure\n|faint|p1a: Zacian\n|upkeep\n|\n|t:|1701034126\n|switch|p1a: Groudon|Groudon|100\/100\n|switch|p2a: Rabsca|Rabsca, M, shiny|100\/100\n|-weather|SunnyDay|[from] ability: Drought|[of] p1a: Groudon\n|turn|12\n|inactive|Aziii has 120 seconds left.\n|\n|t:|1701034146\n|move|p1a: Groudon|Stone Edge|p2a: Rabsca\n|-supereffective|p2a: Rabsca\n|-damage|p2a: Rabsca|39\/100\n|move|p2a: Rabsca|Trick Room|p2a: Rabsca\n|-fieldstart|move: Trick Room|[of] p2a: Rabsca\n|\n|-weather|SunnyDay|[upkeep]\n|upkeep\n|turn|13\n|inactive|Aziii has 120 seconds left.\n|\n|t:|1701034161\n|move|p2a: Rabsca|Revival Blessing|p2a: Rabsca\n|-enditem|p2a: Rabsca|Leppa Berry|[eat]\n|-activate|p2a: Rabsca|item: Leppa Berry|Revival Blessing|[consumed]\n|\n|t:|1701034165\n|-heal|p2: Houndstone|50\/100|[from] move: Revival Blessing\n|move|p1a: Groudon|Stone Edge|p2a: Rabsca\n|-supereffective|p2a: Rabsca\n|-damage|p2a: Rabsca|0 fnt\n|faint|p2a: Rabsca\n|\n|-weather|SunnyDay|[upkeep]\n|upkeep\n|\n|t:|1701034171\n|switch|p2a: Houndstone|Houndstone, M|50\/100\n|turn|14\n|\n|t:|1701034184\n|-terastallize|p1a: Groudon|Fairy\n|move|p2a: Houndstone|Last Respects|p1a: Groudon\n|-damage|p1a: Groudon|17\/100\n|move|p1a: Groudon|Precipice Blades|p2a: Houndstone|[miss]\n|-miss|p1a: Groudon|p2a: Houndstone\n|\n|-weather|SunnyDay|[upkeep]\n|-heal|p1a: Groudon|23\/100|[from] item: Leftovers\n|upkeep\n|turn|15\n|\n|t:|1701034202\n|move|p2a: Houndstone|Last Respects|p1a: Groudon\n|-damage|p1a: Groudon|0 fnt\n|faint|p1a: Groudon\n|\n|-weather|SunnyDay|[upkeep]\n|upkeep\n|\n|t:|1701034209\n|switch|p1a: Dunsparce|Dunsparce, M|27\/100\n|turn|16\n|\n|t:|1701034213\n|move|p1a: Dunsparce|Roost|p1a: Dunsparce\n|-heal|p1a: Dunsparce|77\/100\n|-singleturn|p1a: Dunsparce|move: Roost\n|move|p2a: Houndstone|Crunch|p1a: Dunsparce\n|-damage|p1a: Dunsparce|64\/100\n|-unboost|p1a: Dunsparce|def|1\n|-ability|p1a: Dunsparce|Rattled|boost\n|-boost|p1a: Dunsparce|spe|1\n|\n|-weather|none\n|-fieldend|move: Trick Room\n|upkeep\n|turn|17\n|\n|t:|1701034229\n|switch|p2a: Maushold|Maushold-Four|100\/100\n|move|p1a: Dunsparce|Roost|p1a: Dunsparce\n|-heal|p1a: Dunsparce|100\/100\n|-singleturn|p1a: Dunsparce|move: Roost\n|\n|upkeep\n|turn|18\n|\n|t:|1701034236\n|move|p2a: Maushold|Encore|p1a: Dunsparce\n|-start|p1a: Dunsparce|Encore\n|move|p1a: Dunsparce|Roost||[still]\n|-fail|p1a: Dunsparce|heal\n|\n|upkeep\n|turn|19\n|\n|t:|1701034245\n|switch|p1a: Giratina|Giratina-Origin|100\/100\n|move|p2a: Maushold|Tidy Up|p2a: Maushold\n|-boost|p2a: Maushold|atk|1\n|-boost|p2a: Maushold|spe|1\n|\n|upkeep\n|turn|20\n|\n|t:|1701034257\n|move|p2a: Maushold|Tidy Up|p2a: Maushold\n|-boost|p2a: Maushold|atk|1\n|-boost|p2a: Maushold|spe|1\n|move|p1a: Giratina|Dual Wingbeat|p2a: Maushold\n|-damage|p2a: Maushold|79\/100\n|-damage|p2a: Maushold|55\/100\n|-hitcount|p2a: Maushold|2\n|\n|upkeep\n|turn|21\n|\n|t:|1701034267\n|move|p2a: Maushold|Baton Pass|p2a: Maushold\n|\n|t:|1701034285\n|switch|p2a: DeMarco|Miraidon|100\/100|[from] Baton Pass\n|-fieldstart|move: Electric Terrain|[from] ability: Hadron Engine|[of] p2a: DeMarco\n|move|p1a: Giratina|Earthquake|p2a: DeMarco\n|-supereffective|p2a: DeMarco\n|-damage|p2a: DeMarco|33\/100\n|\n|upkeep\n|turn|22\n|\n|t:|1701034296\n|move|p2a: DeMarco|Dragon Pulse|p1a: Giratina\n|-supereffective|p1a: Giratina\n|-damage|p1a: Giratina|12\/100\n|move|p1a: Giratina|Earthquake|p2a: DeMarco\n|-supereffective|p2a: DeMarco\n|-damage|p2a: DeMarco|0 fnt\n|faint|p2a: DeMarco\n|\n|upkeep\n|\n|t:|1701034300\n|switch|p2a: Maushold|Maushold-Four|55\/100\n|turn|23\n|\n|t:|1701034316\n|move|p2a: Maushold|Tidy Up|p2a: Maushold\n|-boost|p2a: Maushold|atk|1\n|-boost|p2a: Maushold|spe|1\n|move|p1a: Giratina|Earthquake|p2a: Maushold\n|-damage|p2a: Maushold|0 fnt\n|faint|p2a: Maushold\n|\n|upkeep\n|\n|t:|1701034319\n|switch|p2a: Houndstone|Houndstone, M|50\/100\n|turn|24\n|\n|t:|1701034329\n|move|p2a: Houndstone|Shadow Sneak|p1a: Giratina\n|-supereffective|p1a: Giratina\n|-damage|p1a: Giratina|0 fnt\n|faint|p1a: Giratina\n|\n|upkeep\n|\n|t:|1701034335\n|switch|p1a: Quaquaval|Quaquaval, F|100\/100\n|turn|25\n|\n|t:|1701034338\n|move|p1a: Quaquaval|Aqua Step|p2a: Houndstone\n|-damage|p2a: Houndstone|33\/100\n|-boost|p1a: Quaquaval|spe|1\n|move|p2a: Houndstone|Last Respects|p1a: Quaquaval\n|-enditem|p1a: Quaquaval|Focus Sash\n|-damage|p1a: Quaquaval|1\/100\n|\n|-fieldend|move: Electric Terrain\n|upkeep\n|turn|26\n|\n|t:|1701034350\n|move|p2a: Houndstone|Shadow Sneak|p1a: Quaquaval\n|-damage|p1a: Quaquaval|0 fnt\n|faint|p1a: Quaquaval\n|\n|upkeep\n|\n|t:|1701034359\n|switch|p1a: Dunsparce|Dunsparce, M|100\/100\n|turn|27\n|\n|t:|1701034365\n|move|p2a: Houndstone|Play Rough|p1a: Dunsparce\n|-damage|p1a: Dunsparce|85\/100\n|move|p1a: Dunsparce|Coil|p1a: Dunsparce\n|-boost|p1a: Dunsparce|atk|1\n|-boost|p1a: Dunsparce|def|1\n|-boost|p1a: Dunsparce|accuracy|1\n|\n|upkeep\n|turn|28\n|\n|t:|1701034373\n|move|p2a: Houndstone|Last Respects|p1a: Dunsparce\n|-immune|p1a: Dunsparce\n|move|p1a: Dunsparce|Coil|p1a: Dunsparce\n|-boost|p1a: Dunsparce|atk|1\n|-boost|p1a: Dunsparce|def|1\n|-boost|p1a: Dunsparce|accuracy|1\n|\n|upkeep\n|turn|29\n|\n|t:|1701034381\n|move|p2a: Houndstone|Last Respects|p1a: Dunsparce\n|-immune|p1a: Dunsparce\n|move|p1a: Dunsparce|Agility|p1a: Dunsparce\n|-boost|p1a: Dunsparce|spe|2\n|\n|upkeep\n|turn|30\n|\n|t:|1701034388\n|move|p1a: Dunsparce|Baton Pass|p1a: Dunsparce\n|\n|t:|1701034390\n|switch|p1a: BOOGEYMAN|Rayquaza, shiny|100\/100|[from] Baton Pass\n|-ability|p1a: BOOGEYMAN|Air Lock\n|move|p2a: Houndstone|Last Respects|p1a: BOOGEYMAN\n|-damage|p1a: BOOGEYMAN|2\/100\n|\n|upkeep\n|turn|31\n|\n|t:|1701034400\n|move|p2a: Houndstone|Shadow Sneak|p1a: BOOGEYMAN\n|-damage|p1a: BOOGEYMAN|0 fnt\n|faint|p1a: BOOGEYMAN\n|\n|upkeep\n|\n|t:|1701034405\n|switch|p1a: Dunsparce|Dunsparce, M|85\/100\n|turn|32\n|\n|t:|1701034408\n|move|p2a: Houndstone|Crunch|p1a: Dunsparce\n|-damage|p1a: Dunsparce|72\/100\n|-ability|p1a: Dunsparce|Rattled|boost\n|-boost|p1a: Dunsparce|spe|1\n|move|p1a: Dunsparce|Coil|p1a: Dunsparce\n|-boost|p1a: Dunsparce|atk|1\n|-boost|p1a: Dunsparce|def|1\n|-boost|p1a: Dunsparce|accuracy|1\n|\n|upkeep\n|turn|33\n|\n|t:|1701034418\n|move|p1a: Dunsparce|Coil|p1a: Dunsparce\n|-boost|p1a: Dunsparce|atk|1\n|-boost|p1a: Dunsparce|def|1\n|-boost|p1a: Dunsparce|accuracy|1\n|move|p2a: Houndstone|Crunch|p1a: Dunsparce\n|-damage|p1a: Dunsparce|66\/100\n|-ability|p1a: Dunsparce|Rattled|boost\n|-boost|p1a: Dunsparce|spe|1\n|\n|upkeep\n|turn|34\n|\n|t:|1701034427\n|move|p1a: Dunsparce|Coil|p1a: Dunsparce\n|-boost|p1a: Dunsparce|atk|1\n|-boost|p1a: Dunsparce|def|1\n|-boost|p1a: Dunsparce|accuracy|1\n|move|p2a: Houndstone|Crunch|p1a: Dunsparce\n|-damage|p1a: Dunsparce|61\/100\n|-ability|p1a: Dunsparce|Rattled|boost\n|-boost|p1a: Dunsparce|spe|1\n|\n|upkeep\n|turn|35\n|\n|t:|1701034436\n|move|p1a: Dunsparce|Coil|p1a: Dunsparce\n|-boost|p1a: Dunsparce|atk|1\n|-boost|p1a: Dunsparce|def|1\n|-boost|p1a: Dunsparce|accuracy|1\n|move|p2a: Houndstone|Crunch|p1a: Dunsparce\n|-damage|p1a: Dunsparce|56\/100\n|-ability|p1a: Dunsparce|Rattled|boost\n|-boost|p1a: Dunsparce|spe|1\n|\n|upkeep\n|turn|36\n|inactive|Mr Kipling Ct has 120 seconds left.\n|\n|t:|1701034467\n|move|p1a: Dunsparce|Roost|p1a: Dunsparce\n|-heal|p1a: Dunsparce|100\/100\n|-singleturn|p1a: Dunsparce|move: Roost\n|move|p2a: Houndstone|Crunch|p1a: Dunsparce\n|-damage|p1a: Dunsparce|96\/100\n|-ability|p1a: Dunsparce|Rattled|boost\n|-boost|p1a: Dunsparce|spe|1\n|\n|upkeep\n|turn|37\n|\n|t:|1701034476\n|move|p1a: Dunsparce|Coil|p1a: Dunsparce\n|-boost|p1a: Dunsparce|atk|1\n|-boost|p1a: Dunsparce|def|1\n|-boost|p1a: Dunsparce|accuracy|1\n|move|p2a: Houndstone|Crunch|p1a: Dunsparce\n|-damage|p1a: Dunsparce|92\/100\n|-ability|p1a: Dunsparce|Rattled|boost\n|-boost|p1a: Dunsparce|spe|1\n|\n|upkeep\n|turn|38\n|\n|t:|1701034484\n|move|p1a: Dunsparce|Coil|p1a: Dunsparce\n|-boost|p1a: Dunsparce|atk|1\n|-boost|p1a: Dunsparce|def|1\n|-boost|p1a: Dunsparce|accuracy|1\n|move|p2a: Houndstone|Crunch|p1a: Dunsparce\n|-damage|p1a: Dunsparce|89\/100\n|\n|upkeep\n|turn|39\n|\n|t:|1701034492\n|move|p1a: Dunsparce|Baton Pass||[still]\n|-fail|p1a: Dunsparce\n|move|p2a: Houndstone|Crunch|p1a: Dunsparce\n|-damage|p1a: Dunsparce|85\/100\n|\n|upkeep\n|turn|40\n|\n|t:|1701034498\n|move|p1a: Dunsparce|Baton Pass||[still]\n|-fail|p1a: Dunsparce\n|move|p2a: Houndstone|Crunch|p1a: Dunsparce\n|-damage|p1a: Dunsparce|82\/100\n|\n|upkeep\n|turn|41\n|\n|t:|1701034505\n|move|p1a: Dunsparce|Baton Pass||[still]\n|-fail|p1a: Dunsparce\n|move|p2a: Houndstone|Play Rough|p1a: Dunsparce\n|-damage|p1a: Dunsparce|78\/100\n|-unboost|p1a: Dunsparce|atk|1\n|\n|upkeep\n|turn|42\n|\n|t:|1701034514\n|move|p2a: Houndstone|Shadow Sneak|p1a: Dunsparce\n|-immune|p1a: Dunsparce\n|move|p1a: Dunsparce|Coil|p1a: Dunsparce\n|-boost|p1a: Dunsparce|atk|1\n|-boost|p1a: Dunsparce|def|0\n|-boost|p1a: Dunsparce|accuracy|0\n|\n|upkeep\n|turn|43\n|\n|t:|1701034521\n|move|p2a: Houndstone|Shadow Sneak|p1a: Dunsparce\n|-immune|p1a: Dunsparce\n|move|p1a: Dunsparce|Baton Pass||[still]\n|-fail|p1a: Dunsparce\n|\n|upkeep\n|turn|44\n|\n|t:|1701034527\n|move|p2a: Houndstone|Shadow Sneak|p1a: Dunsparce\n|-immune|p1a: Dunsparce\n|move|p1a: Dunsparce|Baton Pass||[still]\n|-fail|p1a: Dunsparce\n|\n|upkeep\n|turn|45\n|\n|t:|1701034533\n|move|p2a: Houndstone|Shadow Sneak|p1a: Dunsparce\n|-immune|p1a: Dunsparce\n|move|p1a: Dunsparce|Baton Pass||[still]\n|-fail|p1a: Dunsparce\n|\n|upkeep\n|turn|46\n|\n|t:|1701034540\n|move|p2a: Houndstone|Shadow Sneak|p1a: Dunsparce\n|-immune|p1a: Dunsparce\n|move|p1a: Dunsparce|Baton Pass||[still]\n|-fail|p1a: Dunsparce\n|\n|upkeep\n|turn|47\n|\n|t:|1701034547\n|move|p2a: Houndstone|Shadow Sneak|p1a: Dunsparce\n|-immune|p1a: Dunsparce\n|move|p1a: Dunsparce|Baton Pass||[still]\n|-fail|p1a: Dunsparce\n|\n|upkeep\n|turn|48\n|\n|t:|1701034553\n|move|p2a: Houndstone|Shadow Sneak|p1a: Dunsparce\n|-immune|p1a: Dunsparce\n|move|p1a: Dunsparce|Baton Pass||[still]\n|-fail|p1a: Dunsparce\n|\n|upkeep\n|turn|49\n|\n|t:|1701034559\n|move|p2a: Houndstone|Shadow Sneak|p1a: Dunsparce\n|-immune|p1a: Dunsparce\n|move|p1a: Dunsparce|Baton Pass||[still]\n|-fail|p1a: Dunsparce\n|\n|upkeep\n|turn|50\n|\n|t:|1701034565\n|move|p2a: Houndstone|Shadow Sneak|p1a: Dunsparce\n|-immune|p1a: Dunsparce\n|move|p1a: Dunsparce|Baton Pass||[still]\n|-fail|p1a: Dunsparce\n|\n|upkeep\n|turn|51\n|inactiveoff|Battle timer is now OFF.\n|\n|t:|1701034571\n|move|p2a: Houndstone|Shadow Sneak|p1a: Dunsparce\n|-immune|p1a: Dunsparce\n|move|p1a: Dunsparce|Baton Pass||[still]\n|-fail|p1a: Dunsparce\n|\n|upkeep\n|turn|52\n|inactive|Battle timer is ON: inactive players will automatically lose when time's up. (requested by Mr Kipling Ct)\n|\n|t:|1701034582\n|move|p2a: Houndstone|Shadow Sneak|p1a: Dunsparce\n|-immune|p1a: Dunsparce\n|move|p1a: Dunsparce|Coil|p1a: Dunsparce\n|-boost|p1a: Dunsparce|atk|0\n|-boost|p1a: Dunsparce|def|0\n|-boost|p1a: Dunsparce|accuracy|0\n|\n|upkeep\n|turn|53\n|\n|t:|1701034589\n|move|p2a: Houndstone|Shadow Sneak|p1a: Dunsparce\n|-immune|p1a: Dunsparce\n|move|p1a: Dunsparce|Baton Pass||[still]\n|-fail|p1a: Dunsparce\n|\n|upkeep\n|turn|54\n|\n|t:|1701034595\n|move|p2a: Houndstone|Shadow Sneak|p1a: Dunsparce\n|-immune|p1a: Dunsparce\n|move|p1a: Dunsparce|Baton Pass||[still]\n|-fail|p1a: Dunsparce\n|\n|upkeep\n|turn|55\n|\n|t:|1701034602\n|move|p2a: Houndstone|Shadow Sneak|p1a: Dunsparce\n|-immune|p1a: Dunsparce\n|move|p1a: Dunsparce|Baton Pass||[still]\n|-fail|p1a: Dunsparce\n|\n|upkeep\n|turn|56\n|\n|t:|1701034607\n|move|p2a: Houndstone|Shadow Sneak|p1a: Dunsparce\n|-immune|p1a: Dunsparce\n|move|p1a: Dunsparce|Baton Pass||[still]\n|-fail|p1a: Dunsparce\n|\n|upkeep\n|turn|57\n|\n|t:|1701034613\n|move|p2a: Houndstone|Shadow Sneak|p1a: Dunsparce\n|-immune|p1a: Dunsparce\n|move|p1a: Dunsparce|Baton Pass||[still]\n|-fail|p1a: Dunsparce\n|\n|upkeep\n|turn|58\n|\n|t:|1701034619\n|move|p2a: Houndstone|Shadow Sneak|p1a: Dunsparce\n|-immune|p1a: Dunsparce\n|move|p1a: Dunsparce|Baton Pass||[still]\n|-fail|p1a: Dunsparce\n|\n|upkeep\n|turn|59\n|\n|t:|1701034625\n|move|p2a: Houndstone|Shadow Sneak|p1a: Dunsparce\n|-immune|p1a: Dunsparce\n|move|p1a: Dunsparce|Baton Pass||[still]\n|-fail|p1a: Dunsparce\n|\n|upkeep\n|turn|60\n|\n|t:|1701034631\n|move|p2a: Houndstone|Shadow Sneak|p1a: Dunsparce\n|-immune|p1a: Dunsparce\n|move|p1a: Dunsparce|Baton Pass||[still]\n|-fail|p1a: Dunsparce\n|\n|upkeep\n|turn|61\n|\n|t:|1701034637\n|move|p2a: Houndstone|Shadow Sneak|p1a: Dunsparce\n|-immune|p1a: Dunsparce\n|move|p1a: Dunsparce|Baton Pass||[still]\n|-fail|p1a: Dunsparce\n|\n|upkeep\n|turn|62\n|\n|t:|1701034644\n|move|p2a: Houndstone|Shadow Sneak|p1a: Dunsparce\n|-immune|p1a: Dunsparce\n|move|p1a: Dunsparce|Baton Pass||[still]\n|-fail|p1a: Dunsparce\n|\n|upkeep\n|turn|63\n|\n|t:|1701034650\n|move|p2a: Houndstone|Shadow Sneak|p1a: Dunsparce\n|-immune|p1a: Dunsparce\n|move|p1a: Dunsparce|Baton Pass||[still]\n|-fail|p1a: Dunsparce\n|\n|upkeep\n|turn|64\n|n|\u2606Aziii|aziii\n|\n|t:|1701034670\n|move|p2a: Houndstone|Shadow Sneak|p1a: Dunsparce\n|-immune|p1a: Dunsparce\n|move|p1a: Dunsparce|Baton Pass||[still]\n|-fail|p1a: Dunsparce\n|\n|upkeep\n|turn|65\n|\n|t:|1701034675\n|move|p1a: Dunsparce|Baton Pass||[still]\n|-fail|p1a: Dunsparce\n|move|p2a: Houndstone|Last Respects|p1a: Dunsparce\n|-immune|p1a: Dunsparce\n|\n|upkeep\n|turn|66\n|c|\u2606Aziii|I can do this all day\n|\n|t:|1701034687\n|move|p1a: Dunsparce|Baton Pass||[still]\n|-fail|p1a: Dunsparce\n|move|p2a: Houndstone|Last Respects|p1a: Dunsparce\n|-immune|p1a: Dunsparce\n|\n|upkeep\n|turn|67\n|\n|t:|1701034694\n|move|p1a: Dunsparce|Baton Pass||[still]\n|-fail|p1a: Dunsparce\n|move|p2a: Houndstone|Last Respects|p1a: Dunsparce\n|-immune|p1a: Dunsparce\n|\n|upkeep\n|turn|68\n|\n|t:|1701034701\n|move|p1a: Dunsparce|Baton Pass||[still]\n|-fail|p1a: Dunsparce\n|move|p2a: Houndstone|Last Respects|p1a: Dunsparce\n|-immune|p1a: Dunsparce\n|\n|upkeep\n|turn|69\n|c|\u2606Aziii|Gg tho,lol\n|\n|t:|1701034711\n|move|p1a: Dunsparce|Baton Pass||[still]\n|-fail|p1a: Dunsparce\n|move|p2a: Houndstone|Last Respects|p1a: Dunsparce\n|-immune|p1a: Dunsparce\n|\n|upkeep\n|turn|70\n|\n|t:|1701034731\n|move|p1a: Dunsparce|Baton Pass||[still]\n|-fail|p1a: Dunsparce\n|move|p2a: Houndstone|Crunch|p1a: Dunsparce\n|-crit|p1a: Dunsparce\n|-damage|p1a: Dunsparce|58\/100\n|\n|upkeep\n|turn|71\n|\n|t:|1701034738\n|move|p1a: Dunsparce|Baton Pass||[still]\n|-fail|p1a: Dunsparce\n|move|p2a: Houndstone|Crunch|p1a: Dunsparce\n|-damage|p1a: Dunsparce|55\/100\n|\n|upkeep\n|turn|72\n|\n|t:|1701034744\n|move|p1a: Dunsparce|Roost|p1a: Dunsparce\n|-heal|p1a: Dunsparce|100\/100\n|-singleturn|p1a: Dunsparce|move: Roost\n|move|p2a: Houndstone|Play Rough|p1a: Dunsparce\n|-damage|p1a: Dunsparce|97\/100\n|\n|upkeep\n|turn|73\n|\n|t:|1701034751\n|move|p1a: Dunsparce|Baton Pass||[still]\n|-fail|p1a: Dunsparce\n|move|p2a: Houndstone|Play Rough|p1a: Dunsparce\n|-damage|p1a: Dunsparce|93\/100\n|\n|upkeep\n|turn|74\n|\n|t:|1701034758\n|move|p1a: Dunsparce|Baton Pass||[still]\n|-fail|p1a: Dunsparce\n|move|p2a: Houndstone|Play Rough|p1a: Dunsparce\n|-damage|p1a: Dunsparce|89\/100\n|\n|upkeep\n|turn|75\n|\n|t:|1701034767\n|move|p1a: Dunsparce|Baton Pass||[still]\n|-fail|p1a: Dunsparce\n|move|p2a: Houndstone|Play Rough|p1a: Dunsparce\n|-damage|p1a: Dunsparce|85\/100\n|\n|upkeep\n|turn|76\n|\n|t:|1701034773\n|move|p1a: Dunsparce|Baton Pass||[still]\n|-fail|p1a: Dunsparce\n|move|p2a: Houndstone|Play Rough|p1a: Dunsparce\n|-damage|p1a: Dunsparce|81\/100\n|-unboost|p1a: Dunsparce|atk|1\n|\n|upkeep\n|turn|77\n|\n|t:|1701034782\n|move|p1a: Dunsparce|Baton Pass||[still]\n|-fail|p1a: Dunsparce\n|move|p2a: Houndstone|Play Rough|p1a: Dunsparce\n|-damage|p1a: Dunsparce|77\/100\n|\n|upkeep\n|turn|78\n|\n|t:|1701034790\n|move|p1a: Dunsparce|Baton Pass||[still]\n|-fail|p1a: Dunsparce\n|move|p2a: Houndstone|Play Rough|p1a: Dunsparce\n|-damage|p1a: Dunsparce|73\/100\n|\n|upkeep\n|turn|79\n|\n|t:|1701034797\n|move|p1a: Dunsparce|Baton Pass||[still]\n|-fail|p1a: Dunsparce\n|move|p2a: Houndstone|Play Rough|p1a: Dunsparce\n|-damage|p1a: Dunsparce|69\/100\n|\n|upkeep\n|turn|80\n|\n|t:|1701034804\n|move|p1a: Dunsparce|Baton Pass||[still]\n|-fail|p1a: Dunsparce\n|move|p2a: Houndstone|Play Rough|p1a: Dunsparce\n|-damage|p1a: Dunsparce|65\/100\n|\n|upkeep\n|turn|81\n|\n|t:|1701034811\n|move|p1a: Dunsparce|Baton Pass||[still]\n|-fail|p1a: Dunsparce\n|move|p2a: Houndstone|Play Rough|p1a: Dunsparce\n|-damage|p1a: Dunsparce|61\/100\n|\n|upkeep\n|turn|82\n|\n|t:|1701034817\n|move|p1a: Dunsparce|Baton Pass||[still]\n|-fail|p1a: Dunsparce\n|move|p2a: Houndstone|Play Rough|p1a: Dunsparce\n|-damage|p1a: Dunsparce|57\/100\n|\n|upkeep\n|turn|83\n|\n|t:|1701034824\n|move|p1a: Dunsparce|Baton Pass||[still]\n|-fail|p1a: Dunsparce\n|move|p2a: Houndstone|Crunch|p1a: Dunsparce\n|-damage|p1a: Dunsparce|54\/100\n|\n|upkeep\n|turn|84\n|\n|t:|1701034830\n|move|p1a: Dunsparce|Baton Pass||[still]\n|-fail|p1a: Dunsparce\n|move|p2a: Houndstone|Crunch|p1a: Dunsparce\n|-damage|p1a: Dunsparce|50\/100\n|-unboost|p1a: Dunsparce|def|1\n|\n|upkeep\n|turn|85\n|\n|t:|1701034844\n|move|p1a: Dunsparce|Baton Pass||[still]\n|-fail|p1a: Dunsparce\n|move|p2a: Houndstone|Play Rough|p1a: Dunsparce\n|-damage|p1a: Dunsparce|46\/100\n|\n|upkeep\n|turn|86\n|\n|t:|1701034851\n|move|p1a: Dunsparce|Roost|p1a: Dunsparce\n|-heal|p1a: Dunsparce|96\/100\n|-singleturn|p1a: Dunsparce|move: Roost\n|move|p2a: Houndstone|Play Rough|p1a: Dunsparce|[miss]\n|-miss|p2a: Houndstone|p1a: Dunsparce\n|\n|upkeep\n|turn|87\n|\n|t:|1701034858\n|move|p1a: Dunsparce|Baton Pass||[still]\n|-fail|p1a: Dunsparce\n|move|p2a: Houndstone|Crunch|p1a: Dunsparce\n|-damage|p1a: Dunsparce|92\/100\n|\n|upkeep\n|turn|88\n|\n|t:|1701034871\n|move|p1a: Dunsparce|Baton Pass||[still]\n|-fail|p1a: Dunsparce\n|move|p2a: Houndstone|Crunch|p1a: Dunsparce\n|-damage|p1a: Dunsparce|88\/100\n|\n|upkeep\n|turn|89\n|\n|t:|1701034879\n|move|p1a: Dunsparce|Baton Pass||[still]\n|-fail|p1a: Dunsparce\n|move|p2a: Houndstone|Crunch|p1a: Dunsparce\n|-damage|p1a: Dunsparce|83\/100\n|\n|upkeep\n|turn|90\n|\n|t:|1701034885\n|move|p1a: Dunsparce|Baton Pass||[still]\n|-fail|p1a: Dunsparce\n|move|p2a: Houndstone|Crunch|p1a: Dunsparce\n|-damage|p1a: Dunsparce|79\/100\n|-unboost|p1a: Dunsparce|def|1\n|\n|upkeep\n|turn|91\n|\n|t:|1701034893\n|move|p1a: Dunsparce|Baton Pass||[still]\n|-fail|p1a: Dunsparce\n|move|p2a: Houndstone|Crunch|p1a: Dunsparce\n|-damage|p1a: Dunsparce|74\/100\n|\n|upkeep\n|turn|92\n|\n|t:|1701034899\n|move|p1a: Dunsparce|Baton Pass||[still]\n|-fail|p1a: Dunsparce\n|move|p2a: Houndstone|Play Rough|p1a: Dunsparce\n|-damage|p1a: Dunsparce|69\/100\n|\n|upkeep\n|turn|93\n|\n|t:|1701034906\n|move|p1a: Dunsparce|Baton Pass||[still]\n|-fail|p1a: Dunsparce\n|move|p2a: Houndstone|Crunch|p1a: Dunsparce\n|-crit|p1a: Dunsparce\n|-damage|p1a: Dunsparce|51\/100\n|\n|upkeep\n|turn|94\n|\n|t:|1701034912\n|move|p1a: Dunsparce|Baton Pass||[still]\n|-fail|p1a: Dunsparce\n|move|p2a: Houndstone|Crunch|p1a: Dunsparce\n|-crit|p1a: Dunsparce\n|-damage|p1a: Dunsparce|32\/100\n|\n|upkeep\n|turn|95\n|\n|t:|1701034920\n|move|p1a: Dunsparce|Roost|p1a: Dunsparce\n|-heal|p1a: Dunsparce|82\/100\n|-singleturn|p1a: Dunsparce|move: Roost\n|move|p2a: Houndstone|Crunch|p1a: Dunsparce\n|-damage|p1a: Dunsparce|77\/100\n|\n|upkeep\n|turn|96\n|\n|t:|1701034926\n|move|p1a: Dunsparce|Baton Pass||[still]\n|-fail|p1a: Dunsparce\n|move|p2a: Houndstone|Crunch|p1a: Dunsparce\n|-damage|p1a: Dunsparce|73\/100\n|\n|upkeep\n|turn|97\n|\n|t:|1701034932\n|move|p1a: Dunsparce|Baton Pass||[still]\n|-fail|p1a: Dunsparce\n|move|p2a: Houndstone|Crunch|p1a: Dunsparce\n|-damage|p1a: Dunsparce|69\/100\n|\n|upkeep\n|turn|98\n|c|\u2606Aziii|2 crits in a row\n|c|\u2606Aziii|Damn\n|\n|t:|1701034944\n|move|p2a: Houndstone|Shadow Sneak|p1a: Dunsparce\n|-immune|p1a: Dunsparce\n|move|p1a: Dunsparce|Baton Pass||[still]\n|-fail|p1a: Dunsparce\n|\n|upkeep\n|turn|99\n|\n|t:|1701034952\n|move|p2a: Houndstone|Shadow Sneak|p1a: Dunsparce\n|-immune|p1a: Dunsparce\n|move|p1a: Dunsparce|Baton Pass||[still]\n|-fail|p1a: Dunsparce\n|\n|upkeep\n|turn|100\n|\n|t:|1701034961\n|move|p2a: Houndstone|Shadow Sneak|p1a: Dunsparce\n|-immune|p1a: Dunsparce\n|move|p1a: Dunsparce|Baton Pass||[still]\n|-fail|p1a: Dunsparce\n|\n|upkeep\n|turn|101\n|\n|t:|1701034967\n|move|p2a: Houndstone|Shadow Sneak|p1a: Dunsparce\n|-immune|p1a: Dunsparce\n|move|p1a: Dunsparce|Baton Pass||[still]\n|-fail|p1a: Dunsparce\n|\n|upkeep\n|turn|102\n|\n|t:|1701034973\n|move|p2a: Houndstone|Shadow Sneak|p1a: Dunsparce\n|-immune|p1a: Dunsparce\n|move|p1a: Dunsparce|Baton Pass||[still]\n|-fail|p1a: Dunsparce\n|\n|upkeep\n|turn|103\n|\n|t:|1701034979\n|move|p2a: Houndstone|Shadow Sneak|p1a: Dunsparce\n|-immune|p1a: Dunsparce\n|move|p1a: Dunsparce|Baton Pass||[still]\n|-fail|p1a: Dunsparce\n|\n|upkeep\n|turn|104\n|\n|t:|1701034984\n|move|p2a: Houndstone|Shadow Sneak|p1a: Dunsparce\n|-immune|p1a: Dunsparce\n|move|p1a: Dunsparce|Baton Pass||[still]\n|-fail|p1a: Dunsparce\n|\n|upkeep\n|turn|105\n|\n|t:|1701034990\n|move|p2a: Houndstone|Shadow Sneak|p1a: Dunsparce\n|-immune|p1a: Dunsparce\n|move|p1a: Dunsparce|Baton Pass||[still]\n|-fail|p1a: Dunsparce\n|\n|upkeep\n|turn|106\n|\n|t:|1701034997\n|move|p2a: Houndstone|Shadow Sneak|p1a: Dunsparce\n|-immune|p1a: Dunsparce\n|move|p1a: Dunsparce|Agility|p1a: Dunsparce\n|-boost|p1a: Dunsparce|spe|0\n|\n|upkeep\n|turn|107\n|\n|t:|1701035005\n|move|p2a: Houndstone|Shadow Sneak|p1a: Dunsparce\n|-immune|p1a: Dunsparce\n|move|p1a: Dunsparce|Coil|p1a: Dunsparce\n|-boost|p1a: Dunsparce|atk|1\n|-boost|p1a: Dunsparce|def|1\n|-boost|p1a: Dunsparce|accuracy|0\n|\n|upkeep\n|turn|108\n|\n|t:|1701035012\n|move|p2a: Houndstone|Shadow Sneak|p1a: Dunsparce\n|-immune|p1a: Dunsparce\n|move|p1a: Dunsparce|Coil|p1a: Dunsparce\n|-boost|p1a: Dunsparce|atk|0\n|-boost|p1a: Dunsparce|def|1\n|-boost|p1a: Dunsparce|accuracy|0\n|\n|upkeep\n|turn|109\n|\n|t:|1701035019\n|move|p2a: Houndstone|Shadow Sneak|p1a: Dunsparce\n|-immune|p1a: Dunsparce\n|move|p1a: Dunsparce|Coil|p1a: Dunsparce\n|-boost|p1a: Dunsparce|atk|0\n|-boost|p1a: Dunsparce|def|0\n|-boost|p1a: Dunsparce|accuracy|0\n|\n|upkeep\n|turn|110\n|\n|t:|1701035026\n|move|p2a: Houndstone|Shadow Sneak|p1a: Dunsparce\n|-immune|p1a: Dunsparce\n|move|p1a: Dunsparce|Coil|p1a: Dunsparce\n|-boost|p1a: Dunsparce|atk|0\n|-boost|p1a: Dunsparce|def|0\n|-boost|p1a: Dunsparce|accuracy|0\n|\n|upkeep\n|turn|111\n|\n|t:|1701035033\n|move|p2a: Houndstone|Shadow Sneak|p1a: Dunsparce\n|-immune|p1a: Dunsparce\n|move|p1a: Dunsparce|Agility|p1a: Dunsparce\n|-boost|p1a: Dunsparce|spe|0\n|\n|upkeep\n|turn|112\n|\n|t:|1701035040\n|move|p2a: Houndstone|Shadow Sneak|p1a: Dunsparce\n|-immune|p1a: Dunsparce\n|move|p1a: Dunsparce|Agility|p1a: Dunsparce\n|-boost|p1a: Dunsparce|spe|0\n|\n|upkeep\n|turn|113\n|\n|t:|1701035046\n|move|p2a: Houndstone|Shadow Sneak|p1a: Dunsparce\n|-immune|p1a: Dunsparce\n|move|p1a: Dunsparce|Agility|p1a: Dunsparce\n|-boost|p1a: Dunsparce|spe|0\n|\n|upkeep\n|turn|114\n|\n|t:|1701035054\n|move|p2a: Houndstone|Shadow Sneak|p1a: Dunsparce\n|-immune|p1a: Dunsparce\n|move|p1a: Dunsparce|Agility|p1a: Dunsparce\n|-boost|p1a: Dunsparce|spe|0\n|\n|upkeep\n|turn|115\n|\n|t:|1701035061\n|move|p2a: Houndstone|Shadow Sneak|p1a: Dunsparce\n|-immune|p1a: Dunsparce\n|move|p1a: Dunsparce|Agility|p1a: Dunsparce\n|-boost|p1a: Dunsparce|spe|0\n|\n|upkeep\n|turn|116\n|\n|t:|1701035070\n|move|p2a: Houndstone|Shadow Sneak|p1a: Dunsparce\n|-immune|p1a: Dunsparce\n|move|p1a: Dunsparce|Agility|p1a: Dunsparce\n|-boost|p1a: Dunsparce|spe|0\n|\n|upkeep\n|turn|117\n|\n|t:|1701035078\n|move|p2a: Houndstone|Shadow Sneak|p1a: Dunsparce\n|-immune|p1a: Dunsparce\n|move|p1a: Dunsparce|Agility|p1a: Dunsparce\n|-boost|p1a: Dunsparce|spe|0\n|\n|upkeep\n|turn|118\n|\n|t:|1701035085\n|move|p2a: Houndstone|Shadow Sneak|p1a: Dunsparce\n|-immune|p1a: Dunsparce\n|move|p1a: Dunsparce|Agility|p1a: Dunsparce\n|-boost|p1a: Dunsparce|spe|0\n|\n|upkeep\n|turn|119\n|c|\u2606Aziii|Just give up bro\n|\n|t:|1701035096\n|move|p1a: Dunsparce|Agility|p1a: Dunsparce\n|-boost|p1a: Dunsparce|spe|0\n|move|p2a: Houndstone|Last Respects|p1a: Dunsparce\n|-immune|p1a: Dunsparce\n|\n|upkeep\n|turn|120\n|\n|t:|1701035105\n|move|p1a: Dunsparce|Agility|p1a: Dunsparce\n|-boost|p1a: Dunsparce|spe|0\n|move|p2a: Houndstone|Last Respects|p1a: Dunsparce\n|-immune|p1a: Dunsparce\n|\n|upkeep\n|turn|121\n|\n|t:|1701035113\n|move|p1a: Dunsparce|Agility|p1a: Dunsparce\n|-boost|p1a: Dunsparce|spe|0\n|move|p2a: Houndstone|Last Respects|p1a: Dunsparce\n|-immune|p1a: Dunsparce\n|\n|upkeep\n|turn|122\n|c|\u2606Aziii|Done???\n|\n|t:|1701035133\n|move|p1a: Dunsparce|Agility|p1a: Dunsparce\n|-boost|p1a: Dunsparce|spe|0\n|move|p2a: Houndstone|Last Respects|p1a: Dunsparce\n|-immune|p1a: Dunsparce\n|\n|upkeep\n|turn|123\n|\n|t:|1701035143\n|move|p1a: Dunsparce|Agility|p1a: Dunsparce\n|-boost|p1a: Dunsparce|spe|0\n|move|p2a: Houndstone|Last Respects|p1a: Dunsparce\n|-immune|p1a: Dunsparce\n|\n|upkeep\n|turn|124\n|c|\u2606Aziii|Now the struggle\n|inactive|Aziii has 120 seconds left.\n|\n|t:|1701035154\n|move|p1a: Dunsparce|Agility|p1a: Dunsparce\n|-boost|p1a: Dunsparce|spe|0\n|-activate|p2a: Houndstone|move: Struggle\n|move|p2a: Houndstone|Struggle|p1a: Dunsparce\n|-damage|p1a: Dunsparce|67\/100\n|-damage|p2a: Houndstone|8\/100|[from] recoil\n|\n|upkeep\n|turn|125\n|inactive|Aziii has 120 seconds left.\n|\n|t:|1701035162\n|move|p1a: Dunsparce|Roost|p1a: Dunsparce\n|-heal|p1a: Dunsparce|100\/100\n|-singleturn|p1a: Dunsparce|move: Roost\n|-activate|p2a: Houndstone|move: Struggle\n|move|p2a: Houndstone|Struggle|p1a: Dunsparce\n|-damage|p1a: Dunsparce|98\/100\n|-damage|p2a: Houndstone|0 fnt|[from] recoil\n|faint|p2a: Houndstone\n|\n|win|Aziii\n|raw|Aziii's rating: 1054 &rarr; <strong>1081<\/strong><br \/>(+27 for winning)\n|raw|Mr Kipling Ct's rating: 1000 &rarr; <strong>1000<\/strong><br \/>(+0 for losing)\n","uploadtime":1701035169,"views":5,"p1id":"aziii","p2id":"mrkiplingct","formatid":"gen9anythinggoes","rating":1000,"private":0,"password":""}