{"id":"gen9anythinggoes-1973307742","p1":"flqreiv","p2":"IceBerryCoffee","format":"[Gen 9] Anything Goes","log":"|j|\u2606flqreiv\n|j|\u2606IceBerryCoffee\n|t:|1697952183\n|gametype|singles\n|player|p1|flqreiv|101|1322\n|player|p2|IceBerryCoffee|101|1402\n|teamsize|p1|6\n|teamsize|p2|6\n|gen|9\n|tier|[Gen 9] Anything Goes\n|rated|\n|rule|HP Percentage Mod: HP is shown in percentages\n|rule|Endless Battle Clause: Forcing endless battles is banned\n|clearpoke\n|poke|p1|Chien-Pao|\n|poke|p1|Espathra, F|\n|poke|p1|Calyrex-Shadow|\n|poke|p1|Florges, F|\n|poke|p1|Ditto|\n|poke|p1|Arceus|\n|poke|p2|Staraptor, F|\n|poke|p2|Torterra, M|\n|poke|p2|Uxie|\n|poke|p2|Palkia-Origin|\n|poke|p2|Calyrex-Shadow|\n|poke|p2|Arcanine, M|\n|teampreview\n|inactive|Battle timer is ON: inactive players will automatically lose when time's up. (requested by IceBerryCoffee)\n|\n|t:|1697952198\n|start\n|switch|p1a: Espathra|Espathra, F|100\/100\n|switch|p2a: Staraptor|Staraptor, F|100\/100\n|turn|1\n|\n|t:|1697952205\n|move|p2a: Staraptor|U-turn|p1a: Espathra\n|-supereffective|p1a: Espathra\n|-damage|p1a: Espathra|17\/100\n|\n|t:|1697952221\n|switch|p2a: Calyrex|Calyrex-Shadow|100\/100|[from] U-turn\n|-ability|p2a: Calyrex|As One\n|-ability|p2a: Calyrex|Unnerve\n|move|p1a: Espathra|Substitute|p1a: Espathra\n|-fail|p1a: Espathra|move: Substitute|[weak]\n|\n|-heal|p1a: Espathra|23\/100|[from] item: Leftovers\n|-ability|p1a: Espathra|Speed Boost|boost\n|-boost|p1a: Espathra|spe|1\n|upkeep\n|turn|2\n|\n|t:|1697952233\n|move|p1a: Espathra|Protect|p1a: Espathra\n|-singleturn|p1a: Espathra|Protect\n|move|p2a: Calyrex|Astral Barrage|p1a: Espathra\n|-activate|p1a: Espathra|move: Protect\n|\n|-heal|p1a: Espathra|29\/100|[from] item: Leftovers\n|-ability|p1a: Espathra|Speed Boost|boost\n|-boost|p1a: Espathra|spe|1\n|upkeep\n|turn|3\n|\n|t:|1697952246\n|move|p1a: Espathra|Substitute|p1a: Espathra\n|-start|p1a: Espathra|Substitute\n|-damage|p1a: Espathra|4\/100\n|move|p2a: Calyrex|Dark Pulse|p1a: Espathra\n|-supereffective|p1a: Espathra\n|-end|p1a: Espathra|Substitute\n|\n|-heal|p1a: Espathra|10\/100|[from] item: Leftovers\n|-ability|p1a: Espathra|Speed Boost|boost\n|-boost|p1a: Espathra|spe|1\n|upkeep\n|turn|4\n|\n|t:|1697952275\n|move|p1a: Espathra|Baton Pass|p1a: Espathra\n|inactive|flqreiv has 120 seconds left.\n|\n|t:|1697952289\n|switch|p1a: Chien-Pao|Chien-Pao|100\/100|[from] Baton Pass\n|-ability|p1a: Chien-Pao|Sword of Ruin\n|move|p2a: Calyrex|Astral Barrage|p1a: Chien-Pao\n|-resisted|p1a: Chien-Pao\n|-damage|p1a: Chien-Pao|40\/100\n|\n|upkeep\n|turn|5\n|inactive|flqreiv has 120 seconds left.\n|\n|t:|1697952301\n|switch|p2a: Arcanine|Arcanine, M|100\/100\n|-ability|p2a: Arcanine|Intimidate|boost\n|-unboost|p1a: Chien-Pao|atk|1\n|move|p1a: Chien-Pao|Throat Chop|p2a: Arcanine\n|-damage|p2a: Arcanine|61\/100\n|-start|p2a: Arcanine|Throat Chop|[silent]\n|\n|upkeep\n|turn|6\n|\n|t:|1697952311\n|move|p1a: Chien-Pao|Throat Chop|p2a: Arcanine\n|-damage|p2a: Arcanine|24\/100\n|move|p2a: Arcanine|Flare Blitz|p1a: Chien-Pao\n|-supereffective|p1a: Chien-Pao\n|-damage|p1a: Chien-Pao|0 fnt\n|faint|p1a: Chien-Pao\n|-damage|p2a: Arcanine|14\/100|[from] Recoil\n|\n|-end|p2a: Arcanine|Throat Chop|[silent]\n|upkeep\n|\n|t:|1697952320\n|switch|p1a: Calyrex|Calyrex-Shadow|100\/100\n|-ability|p1a: Calyrex|As One\n|-ability|p1a: Calyrex|Unnerve\n|turn|7\n|\n|t:|1697952332\n|switch|p2a: Staraptor|Staraptor, F|100\/100\n|move|p1a: Calyrex|Dark Pulse|p2a: Staraptor\n|-damage|p2a: Staraptor|34\/100\n|-damage|p1a: Calyrex|91\/100|[from] item: Life Orb\n|\n|upkeep\n|turn|8\n|\n|t:|1697952338\n|move|p2a: Staraptor|Brave Bird|p1a: Calyrex\n|-damage|p1a: Calyrex|0 fnt\n|faint|p1a: Calyrex\n|-damage|p2a: Staraptor|1\/100|[from] Recoil\n|\n|upkeep\n|\n|t:|1697952347\n|switch|p1a: Arceus|Arceus|100\/100\n|turn|9\n|\n|t:|1697952353\n|switch|p2a: Uxie|Uxie|100\/100\n|move|p1a: Arceus|Extreme Speed|p2a: Uxie\n|-crit|p2a: Uxie\n|-damage|p2a: Uxie|34\/100\n|\n|upkeep\n|turn|10\n|\n|t:|1697952364\n|switch|p1a: Ditto|Ditto|100\/100\n|-transform|p1a: Ditto|p2a: Uxie|[from] ability: Imposter\n|move|p2a: Uxie|Memento|p1a: Ditto\n|-unboost|p1a: Ditto|atk|2\n|-unboost|p1a: Ditto|spa|2\n|faint|p2a: Uxie\n|\n|upkeep\n|\n|t:|1697952379\n|switch|p2a: Staraptor|Staraptor, F|1\/100\n|turn|11\n|\n|t:|1697952385\n|switch|p1a: Arceus|Arceus|100\/100\n|move|p2a: Staraptor|Brave Bird|p1a: Arceus\n|-damage|p1a: Arceus|39\/100\n|-damage|p2a: Staraptor|0 fnt|[from] Recoil\n|faint|p2a: Staraptor\n|\n|upkeep\n|\n|t:|1697952394\n|switch|p2a: Arcanine|Arcanine, M|14\/100\n|-ability|p2a: Arcanine|Intimidate|boost\n|-unboost|p1a: Arceus|atk|1\n|turn|12\n|\n|t:|1697952399\n|move|p1a: Arceus|Extreme Speed|p2a: Arcanine\n|-damage|p2a: Arcanine|0 fnt\n|faint|p2a: Arcanine\n|\n|upkeep\n|\n|t:|1697952404\n|switch|p2a: Torterra|Torterra, M|100\/100\n|turn|13\n|\n|t:|1697952413\n|move|p1a: Arceus|Extreme Speed|p2a: Torterra\n|-damage|p2a: Torterra|65\/100\n|move|p2a: Torterra|Shell Smash|p2a: Torterra\n|-unboost|p2a: Torterra|def|1\n|-unboost|p2a: Torterra|spd|1\n|-boost|p2a: Torterra|atk|2\n|-boost|p2a: Torterra|spa|2\n|-boost|p2a: Torterra|spe|2\n|-enditem|p2a: Torterra|White Herb\n|-clearnegativeboost|p2a: Torterra|[silent]\n|\n|upkeep\n|turn|14\n|\n|t:|1697952426\n|move|p1a: Arceus|Extreme Speed|p2a: Torterra\n|-damage|p2a: Torterra|27\/100\n|move|p2a: Torterra|Seed Bomb|p1a: Arceus\n|-damage|p1a: Arceus|0 fnt\n|faint|p1a: Arceus\n|\n|upkeep\n|\n|t:|1697952433\n|switch|p1a: Ditto|Ditto|100\/100\n|-transform|p1a: Ditto|p2a: Torterra|[from] ability: Imposter\n|turn|15\n|\n|t:|1697952447\n|move|p1a: Ditto|Seed Bomb|p2a: Torterra\n|-damage|p2a: Torterra|0 fnt\n|faint|p2a: Torterra\n|\n|upkeep\n|\n|t:|1697952452\n|switch|p2a: Palkia|Palkia-Origin|100\/100\n|-ability|p2a: Palkia|Pressure\n|turn|16\n|\n|t:|1697952463\n|switch|p1a: Espathra|Espathra, F|10\/100\n|move|p2a: Palkia|Fire Blast|p1a: Espathra\n|-damage|p1a: Espathra|0 fnt\n|faint|p1a: Espathra\n|\n|upkeep\n|\n|t:|1697952469\n|switch|p1a: Florges|Florges, F|100\/100\n|turn|17\n|\n|t:|1697952478\n|move|p2a: Palkia|Hydro Pump|p1a: Florges\n|-damage|p1a: Florges|55\/100\n|move|p1a: Florges|Wish|p1a: Florges\n|\n|-heal|p1a: Florges|61\/100|[from] item: Leftovers\n|upkeep\n|turn|18\n|\n|t:|1697952491\n|-terastallize|p1a: Florges|Fairy\n|move|p2a: Palkia|Hydro Pump|p1a: Florges\n|-damage|p1a: Florges|13\/100\n|move|p1a: Florges|Moonblast|p2a: Palkia\n|-supereffective|p2a: Palkia\n|-damage|p2a: Palkia|0 fnt\n|faint|p2a: Palkia\n|\n|-heal|p1a: Florges|63\/100|[from] move: Wish|[wisher] Florges\n|-heal|p1a: Florges|69\/100|[from] item: Leftovers\n|upkeep\n|\n|t:|1697952501\n|switch|p2a: Calyrex|Calyrex-Shadow|100\/100\n|-ability|p2a: Calyrex|As One\n|-ability|p2a: Calyrex|Unnerve\n|turn|19\n|\n|t:|1697952508\n|move|p2a: Calyrex|Astral Barrage|p1a: Florges\n|-damage|p1a: Florges|26\/100\n|move|p1a: Florges|Moonblast|p2a: Calyrex\n|-damage|p2a: Calyrex|40\/100\n|\n|-heal|p1a: Florges|32\/100|[from] item: Leftovers\n|upkeep\n|turn|20\n|\n|t:|1697952517\n|move|p2a: Calyrex|Astral Barrage|p1a: Florges\n|-damage|p1a: Florges|0 fnt\n|faint|p1a: Florges\n|-ability|p2a: Calyrex|Grim Neigh|boost\n|-boost|p2a: Calyrex|spa|1\n|\n|upkeep\n|j| NutzYaboku\n|\n|t:|1697952524\n|switch|p1a: Ditto|Ditto|100\/100\n|-transform|p1a: Ditto|p2a: Calyrex|[from] ability: Imposter\n|turn|21\n|\n|t:|1697952529\n|-terastallize|p2a: Calyrex|Dark\n|move|p1a: Ditto|Dark Pulse|p2a: Calyrex\n|-resisted|p2a: Calyrex\n|-damage|p2a: Calyrex|15\/100\n|move|p2a: Calyrex|Astral Barrage|p1a: Ditto\n|-supereffective|p1a: Ditto\n|-damage|p1a: Ditto|0 fnt\n|faint|p1a: Ditto\n|\n|win|IceBerryCoffee\n|raw|flqreiv's rating: 1322 &rarr; <strong>1307<\/strong><br \/>(-15 for losing)\n|raw|IceBerryCoffee's rating: 1402 &rarr; <strong>1417<\/strong><br \/>(+15 for winning)\n|l| NutzYaboku\n","uploadtime":1697952542,"views":18,"p1id":"flqreiv","p2id":"iceberrycoffee","formatid":"gen9anythinggoes","rating":1307,"private":0,"password":""}