{"id":"gen9anythinggoes-1998343528","p1":"Skmdmd","p2":"ospina2301","format":"[Gen 9] Anything Goes","log":"|j|\u2606Skmdmd\n|j|\u2606ospina2301\n|t:|1700931727\n|gametype|singles\n|player|p1|Skmdmd|red|1411\n|player|p2|ospina2301|linebacker|1282\n|teamsize|p1|6\n|teamsize|p2|6\n|gen|9\n|tier|[Gen 9] Anything Goes\n|rated|\n|rule|HP Percentage Mod: HP is shown in percentages\n|rule|Endless Battle Clause: Forcing endless battles is banned\n|clearpoke\n|poke|p1|Haunter, M|\n|poke|p1|Slowbro-Galar, F|\n|poke|p1|Umbreon, M|\n|poke|p1|Quagsire, F|\n|poke|p1|Cinderace, F|\n|poke|p1|Garchomp, F|\n|poke|p2|Trevenant, M|\n|poke|p2|Oricorio-Pom-Pom, M|\n|poke|p2|Ursaluna, F|\n|poke|p2|Rotom-Wash|\n|poke|p2|Ogerpon-Hearthflame, F|\n|poke|p2|Skeledirge, M|\n|teampreview\n|inactive|Battle timer is ON: inactive players will automatically lose when time's up. (requested by Skmdmd)\n|\n|t:|1700931733\n|start\n|switch|p1a: Garchomp|Garchomp, F|100\/100\n|switch|p2a: Ogerpon|Ogerpon-Hearthflame, F|100\/100\n|-ability|p2a: Ogerpon|Mold Breaker\n|turn|1\n|\n|t:|1700931741\n|move|p2a: Ogerpon|Knock Off|p1a: Garchomp\n|-damage|p1a: Garchomp|61\/100\n|-damage|p2a: Ogerpon|88\/100|[from] ability: Rough Skin|[of] p1a: Garchomp\n|-damage|p2a: Ogerpon|72\/100|[from] item: Rocky Helmet|[of] p1a: Garchomp\n|-enditem|p1a: Garchomp|Rocky Helmet|[from] move: Knock Off|[of] p2a: Ogerpon\n|move|p1a: Garchomp|Stealth Rock|p2a: Ogerpon\n|-sidestart|p2: ospina2301|move: Stealth Rock\n|\n|upkeep\n|turn|2\n|\n|t:|1700931750\n|move|p2a: Ogerpon|Horn Leech|p1a: Garchomp\n|-damage|p1a: Garchomp|20\/100\n|-heal|p2a: Ogerpon|96\/100|[from] drain|[of] p1a: Garchomp\n|-damage|p2a: Ogerpon|84\/100|[from] ability: Rough Skin|[of] p1a: Garchomp\n|move|p1a: Garchomp|Earthquake|p2a: Ogerpon\n|-damage|p2a: Ogerpon|11\/100\n|\n|upkeep\n|turn|3\n|\n|t:|1700931758\n|move|p2a: Ogerpon|Horn Leech|p1a: Garchomp\n|-damage|p1a: Garchomp|0 fnt\n|-heal|p2a: Ogerpon|23\/100|[from] drain|[of] p1a: Garchomp\n|-damage|p2a: Ogerpon|10\/100|[from] ability: Rough Skin|[of] p1a: Garchomp\n|faint|p1a: Garchomp\n|\n|upkeep\n|\n|t:|1700931768\n|switch|p1a: Slowbro|Slowbro-Galar, F|100\/100\n|turn|4\n|\n|t:|1700931777\n|move|p2a: Ogerpon|Ivy Cudgel|p1a: Slowbro|[anim] Ivy Cudgel Fire\n|-damage|p1a: Slowbro|51\/100\n|move|p1a: Slowbro|Shell Side Arm|p2a: Ogerpon|[anim] Shell Side Arm Special\n|-supereffective|p2a: Ogerpon\n|-damage|p2a: Ogerpon|0 fnt\n|-hint|Special Shell Side Arm\n|faint|p2a: Ogerpon\n|\n|upkeep\n|\n|t:|1700931784\n|switch|p2a: Skeledirge|Skeledirge, M|100\/100\n|-damage|p2a: Skeledirge|76\/100|[from] Stealth Rock\n|turn|5\n|-activate|p1a: Slowbro|ability: Quick Draw\n|\n|t:|1700931788\n|move|p1a: Slowbro|Surf|p2a: Skeledirge\n|-supereffective|p2a: Skeledirge\n|-damage|p2a: Skeledirge|33\/100\n|move|p2a: Skeledirge|Torch Song|p1a: Slowbro\n|-crit|p1a: Slowbro\n|-damage|p1a: Slowbro|0 fnt\n|-boost|p2a: Skeledirge|spa|1\n|faint|p1a: Slowbro\n|\n|upkeep\n|\n|t:|1700931801\n|switch|p1a: Haunter|Haunter, M|100\/100\n|turn|6\n|inactive|ospina2301 has 120 seconds left.\n|inactive|ospina2301 has 90 seconds left.\n|inactive|ospina2301 has 60 seconds left.\n|\n|t:|1700931894\n|-terastallize|p2a: Skeledirge|Fairy\n|move|p1a: Haunter|Shadow Ball|p2a: Skeledirge\n|-damage|p2a: Skeledirge|4\/100\n|-unboost|p2a: Skeledirge|spd|1\n|move|p2a: Skeledirge|Shadow Ball|p1a: Haunter\n|-supereffective|p1a: Haunter\n|-damage|p1a: Haunter|0 fnt\n|faint|p1a: Haunter\n|\n|upkeep\n|\n|t:|1700931911\n|switch|p1a: Cinderace|Cinderace, F|100\/100\n|turn|7\n|\n|t:|1700931915\n|move|p1a: Cinderace|Pyro Ball|p2a: Skeledirge\n|-crit|p2a: Skeledirge\n|-damage|p2a: Skeledirge|0 fnt\n|faint|p2a: Skeledirge\n|\n|upkeep\n|\n|t:|1700931919\n|switch|p2a: Rotom|Rotom-Wash|100\/100\n|-damage|p2a: Rotom|88\/100|[from] Stealth Rock\n|turn|8\n|\n|t:|1700931926\n|switch|p1a: Quagsire|Quagsire, F|100\/100\n|move|p2a: Rotom|Hydro Pump|p1a: Quagsire|[miss]\n|-miss|p2a: Rotom|p1a: Quagsire\n|\n|upkeep\n|turn|9\n|\n|t:|1700931932\n|switch|p2a: Ursaluna|Ursaluna, F|100\/100\n|-damage|p2a: Ursaluna|94\/100|[from] Stealth Rock\n|move|p1a: Quagsire|Toxic|p2a: Ursaluna\n|-status|p2a: Ursaluna|tox\n|\n|-damage|p2a: Ursaluna|88\/100 tox|[from] psn\n|upkeep\n|turn|10\n|\n|t:|1700931940\n|switch|p1a: Umbreon|Umbreon, M|100\/100\n|move|p2a: Ursaluna|Facade|p1a: Umbreon\n|-damage|p1a: Umbreon|0 fnt\n|faint|p1a: Umbreon\n|\n|-damage|p2a: Ursaluna|76\/100 tox|[from] psn\n|upkeep\n|\n|t:|1700931951\n|switch|p1a: Quagsire|Quagsire, F|100\/100\n|turn|11\n|\n|t:|1700931960\n|-terastallize|p1a: Quagsire|Steel\n|move|p2a: Ursaluna|Facade|p1a: Quagsire\n|-resisted|p1a: Quagsire\n|-damage|p1a: Quagsire|58\/100\n|-damage|p2a: Ursaluna|60\/100 tox|[from] item: Rocky Helmet|[of] p1a: Quagsire\n|move|p1a: Quagsire|Recover|p1a: Quagsire\n|-heal|p1a: Quagsire|100\/100\n|\n|-damage|p2a: Ursaluna|42\/100 tox|[from] psn\n|upkeep\n|turn|12\n|inactive|ospina2301 has 120 seconds left.\n|\n|t:|1700931972\n|move|p2a: Ursaluna|Earthquake|p1a: Quagsire\n|-supereffective|p1a: Quagsire\n|-damage|p1a: Quagsire|0 fnt\n|faint|p1a: Quagsire\n|\n|-damage|p2a: Ursaluna|17\/100 tox|[from] psn\n|upkeep\n|\n|t:|1700931974\n|switch|p1a: Cinderace|Cinderace, F|100\/100\n|turn|13\n|\n|t:|1700931980\n|move|p1a: Cinderace|Gunk Shot|p2a: Ursaluna\n|-start|p1a: Cinderace|typechange|Poison|[from] ability: Libero\n|-resisted|p2a: Ursaluna\n|-damage|p2a: Ursaluna|0 fnt\n|faint|p2a: Ursaluna\n|\n|upkeep\n|\n|t:|1700931988\n|switch|p2a: Rotom|Rotom-Wash|88\/100\n|-damage|p2a: Rotom|76\/100|[from] Stealth Rock\n|turn|14\n|\n|t:|1700931993\n|move|p1a: Cinderace|Gunk Shot|p2a: Rotom\n|-damage|p2a: Rotom|0 fnt\n|faint|p2a: Rotom\n|\n|upkeep\n|\n|t:|1700931998\n|switch|p2a: Oricorio|Oricorio-Pom-Pom, M, shiny|100\/100\n|-damage|p2a: Oricorio|76\/100|[from] Stealth Rock\n|turn|15\n|\n|t:|1700932001\n|move|p1a: Cinderace|Gunk Shot|p2a: Oricorio\n|-damage|p2a: Oricorio|4\/100\n|move|p2a: Oricorio|Quiver Dance|p2a: Oricorio\n|-boost|p2a: Oricorio|spa|1\n|-boost|p2a: Oricorio|spd|1\n|-boost|p2a: Oricorio|spe|1\n|\n|-heal|p2a: Oricorio|10\/100|[from] item: Leftovers\n|upkeep\n|turn|16\n|\n|t:|1700932009\n|move|p1a: Cinderace|Gunk Shot|p2a: Oricorio\n|-damage|p2a: Oricorio|0 fnt\n|faint|p2a: Oricorio\n|\n|upkeep\n|\n|t:|1700932011\n|switch|p2a: Trevenant|Trevenant, M, shiny|100\/100\n|-damage|p2a: Trevenant|88\/100|[from] Stealth Rock\n|turn|17\n|\n|t:|1700932013\n|move|p1a: Cinderace|Gunk Shot|p2a: Trevenant\n|-damage|p2a: Trevenant|0 fnt\n|faint|p2a: Trevenant\n|\n|win|Skmdmd\n|raw|Skmdmd's rating: 1411 &rarr; <strong>1424<\/strong><br \/>(+13 for winning)\n|raw|ospina2301's rating: 1282 &rarr; <strong>1266<\/strong><br \/>(-16 for losing)\n|l|\u2606ospina2301\n","uploadtime":1700932174,"views":0,"p1id":"skmdmd","p2id":"ospina2301","formatid":"gen9anythinggoes","rating":1266,"private":0,"password":""}