{"id":"gen9anythinggoes-1987712829","p1":"Scorpion257","p2":"2448a","format":"[Gen 9] Anything Goes","log":"|j|\u2606Scorpion257\n|j|\u26062448a\n|t:|1699630082\n|gametype|singles\n|player|p1|Scorpion257|giovanni|1746\n|player|p2|2448a|backersf|1808\n|teamsize|p1|6\n|teamsize|p2|6\n|gen|9\n|tier|[Gen 9] Anything Goes\n|rated|\n|rule|HP Percentage Mod: HP is shown in percentages\n|rule|Endless Battle Clause: Forcing endless battles is banned\n|clearpoke\n|poke|p1|Miraidon|\n|poke|p1|Calyrex-Shadow|\n|poke|p1|Arceus-Water|\n|poke|p1|Ting-Lu|\n|poke|p1|Koraidon|\n|poke|p1|Zacian-*|\n|poke|p2|Kingambit, F|\n|poke|p2|Ting-Lu|\n|poke|p2|Eternatus|\n|poke|p2|Calyrex-Shadow|\n|poke|p2|Landorus-Therian, M|\n|poke|p2|Koraidon|\n|teampreview\n|inactive|Battle timer is ON: inactive players will automatically lose when time's up. (requested by 2448a)\n|inactive|Scorpion257 also wants the timer to be on.\n|j| laprasplayer\n|\n|t:|1699630106\n|start\n|switch|p1a: Crashing Waves|Arceus-Water|100\/100\n|switch|p2a: Featured Today|Koraidon|100\/100\n|-weather|SunnyDay|[from] ability: Orichalcum Pulse|[of] p2a: Featured Today\n|-activate|p2a: Featured Today|Orichalcum Pulse|[source]\n|turn|1\n|\n|t:|1699630119\n|move|p2a: Featured Today|U-turn|p1a: Crashing Waves\n|-damage|p1a: Crashing Waves|80\/100\n|\n|t:|1699630121\n|switch|p2a: Eternal Suffering|Eternatus, shiny|100\/100|[from] U-turn\n|-ability|p2a: Eternal Suffering|Pressure\n|move|p1a: Crashing Waves|Will-O-Wisp|p2a: Eternal Suffering|[miss]\n|-miss|p1a: Crashing Waves|p2a: Eternal Suffering\n|\n|-weather|SunnyDay|[upkeep]\n|upkeep\n|turn|2\n|\n|t:|1699630126\n|switch|p1a: Dark Prison|Ting-Lu|100\/100\n|-ability|p1a: Dark Prison|Vessel of Ruin\n|move|p2a: Eternal Suffering|Toxic Spikes|p1a: Dark Prison\n|-sidestart|p1: Scorpion257|move: Toxic Spikes\n|\n|-weather|SunnyDay|[upkeep]\n|upkeep\n|turn|3\n|c| laprasplayer|oh that's hot\n|c|\u26062448a|is that my team lmao\n|c| laprasplayer|yeah it is\n|c|\u26062448a|goat\n|\n|t:|1699630141\n|switch|p2a: In The Clouds|Landorus-Therian, M, shiny|100\/100\n|-ability|p2a: In The Clouds|Intimidate|boost\n|-unboost|p1a: Dark Prison|atk|1\n|move|p1a: Dark Prison|Spikes|p2a: In The Clouds\n|-sidestart|p2: 2448a|Spikes\n|\n|-weather|SunnyDay|[upkeep]\n|upkeep\n|turn|4\n|\n|t:|1699630144\n|move|p2a: In The Clouds|Taunt|p1a: Dark Prison\n|-start|p1a: Dark Prison|move: Taunt\n|cant|p1a: Dark Prison|move: Taunt|Spikes\n|\n|-weather|SunnyDay|[upkeep]\n|upkeep\n|turn|5\n|c|\u26062448a|too bad it's outdated\n|\n|t:|1699630154\n|move|p2a: In The Clouds|Stealth Rock|p1a: Dark Prison\n|-sidestart|p1: Scorpion257|move: Stealth Rock\n|move|p1a: Dark Prison|Payback|p2a: In The Clouds\n|-damage|p2a: In The Clouds|83\/100\n|-damage|p1a: Dark Prison|84\/100|[from] item: Rocky Helmet|[of] p2a: In The Clouds\n|\n|-weather|none\n|-heal|p1a: Dark Prison|90\/100|[from] item: Leftovers\n|upkeep\n|turn|6\n|\n|t:|1699630160\n|move|p2a: In The Clouds|U-turn|p1a: Dark Prison\n|-supereffective|p1a: Dark Prison\n|-damage|p1a: Dark Prison|62\/100\n|\n|t:|1699630161\n|switch|p2a: Desert Anchor|Ting-Lu|100\/100|[from] U-turn\n|-damage|p2a: Desert Anchor|88\/100|[from] Spikes\n|-ability|p2a: Desert Anchor|Vessel of Ruin\n|move|p1a: Dark Prison|Payback|p2a: Desert Anchor\n|-resisted|p2a: Desert Anchor\n|-damage|p2a: Desert Anchor|85\/100\n|\n|-heal|p1a: Dark Prison|69\/100|[from] item: Leftovers\n|-heal|p2a: Desert Anchor|91\/100|[from] item: Leftovers\n|-end|p1a: Dark Prison|move: Taunt\n|upkeep\n|turn|7\n|\n|t:|1699630166\n|move|p1a: Dark Prison|Taunt|p2a: Desert Anchor\n|-start|p2a: Desert Anchor|move: Taunt\n|cant|p2a: Desert Anchor|move: Taunt|Spikes\n|\n|-heal|p1a: Dark Prison|75\/100|[from] item: Leftovers\n|-heal|p2a: Desert Anchor|97\/100|[from] item: Leftovers\n|upkeep\n|turn|8\n|\n|t:|1699630168\n|move|p1a: Dark Prison|Spikes|p2a: Desert Anchor\n|-sidestart|p2: 2448a|Spikes\n|move|p2a: Desert Anchor|Ruination|p1a: Dark Prison\n|-damage|p1a: Dark Prison|38\/100\n|\n|-heal|p1a: Dark Prison|44\/100|[from] item: Leftovers\n|-heal|p2a: Desert Anchor|100\/100|[from] item: Leftovers\n|upkeep\n|turn|9\n|c| laprasplayer|If only the team actually has a way to deal w tspikes\n|\n|t:|1699630174\n|move|p1a: Dark Prison|Spikes|p2a: Desert Anchor\n|-sidestart|p2: 2448a|Spikes\n|move|p2a: Desert Anchor|Ruination|p1a: Dark Prison\n|-damage|p1a: Dark Prison|22\/100\n|\n|-heal|p1a: Dark Prison|29\/100|[from] item: Leftovers\n|-end|p2a: Desert Anchor|move: Taunt\n|upkeep\n|turn|10\n|\n|t:|1699630178\n|move|p1a: Dark Prison|Taunt|p2a: Desert Anchor\n|-start|p2a: Desert Anchor|move: Taunt\n|move|p2a: Desert Anchor|Earthquake|p1a: Dark Prison\n|-damage|p1a: Dark Prison|6\/100\n|\n|-heal|p1a: Dark Prison|12\/100|[from] item: Leftovers\n|upkeep\n|turn|11\n|\n|t:|1699630182\n|switch|p2a: In The Clouds|Landorus-Therian, M, shiny|83\/100\n|-ability|p2a: In The Clouds|Intimidate|boost\n|-unboost|p1a: Dark Prison|atk|1\n|move|p1a: Dark Prison|Whirlwind|p2a: In The Clouds\n|drag|p2a: Featured Today|Koraidon|100\/100\n|-damage|p2a: Featured Today|76\/100|[from] Spikes\n|-weather|SunnyDay|[from] ability: Orichalcum Pulse|[of] p2a: Featured Today\n|-activate|p2a: Featured Today|Orichalcum Pulse|[source]\n|\n|-weather|SunnyDay|[upkeep]\n|-heal|p1a: Dark Prison|19\/100|[from] item: Leftovers\n|upkeep\n|turn|12\n|\n|t:|1699630186\n|move|p2a: Featured Today|Flare Blitz|p1a: Dark Prison\n|-damage|p1a: Dark Prison|0 fnt\n|faint|p1a: Dark Prison\n|-damage|p2a: Featured Today|67\/100|[from] Recoil\n|\n|-weather|SunnyDay|[upkeep]\n|upkeep\n|\n|t:|1699630198\n|switch|p1a: Ruler of The World|Calyrex-Shadow|100\/100\n|-ability|p1a: Ruler of The World|As One\n|-ability|p1a: Ruler of The World|Unnerve\n|-status|p1a: Ruler of The World|psn\n|-damage|p1a: Ruler of The World|88\/100 psn|[from] Stealth Rock\n|turn|13\n|\n|t:|1699630204\n|switch|p2a: Desert Anchor|Ting-Lu|100\/100\n|-damage|p2a: Desert Anchor|76\/100|[from] Spikes\n|-ability|p2a: Desert Anchor|Vessel of Ruin\n|move|p1a: Ruler of The World|Astral Barrage|p2a: Desert Anchor\n|-resisted|p2a: Desert Anchor\n|-damage|p2a: Desert Anchor|61\/100\n|\n|-weather|SunnyDay|[upkeep]\n|-heal|p2a: Desert Anchor|67\/100|[from] item: Leftovers\n|-damage|p1a: Ruler of The World|76\/100 psn|[from] psn\n|upkeep\n|turn|14\n|\n|t:|1699630209\n|switch|p1a: Altar of The Sunne|Koraidon|100\/100\n|-status|p1a: Altar of The Sunne|psn\n|-damage|p1a: Altar of The Sunne|94\/100 psn|[from] Stealth Rock\n|-activate|p1a: Altar of The Sunne|ability: Orichalcum Pulse\n|move|p2a: Desert Anchor|Spikes|p1a: Altar of The Sunne\n|-sidestart|p1: Scorpion257|Spikes\n|\n|-weather|SunnyDay|[upkeep]\n|-heal|p2a: Desert Anchor|73\/100|[from] item: Leftovers\n|-damage|p1a: Altar of The Sunne|82\/100 psn|[from] psn\n|upkeep\n|turn|15\n|\n|t:|1699630212\n|switch|p2a: In The Clouds|Landorus-Therian, M, shiny|83\/100\n|-ability|p2a: In The Clouds|Intimidate|boost\n|-unboost|p1a: Altar of The Sunne|atk|1\n|move|p1a: Altar of The Sunne|Scale Shot|p2a: In The Clouds\n|-damage|p2a: In The Clouds|74\/100\n|-damage|p2a: In The Clouds|65\/100\n|-damage|p2a: In The Clouds|56\/100\n|-damage|p2a: In The Clouds|47\/100\n|-damage|p2a: In The Clouds|38\/100\n|-hitcount|p2a: In The Clouds|5\n|-unboost|p1a: Altar of The Sunne|def|1\n|-boost|p1a: Altar of The Sunne|spe|1\n|\n|-weather|none\n|-damage|p1a: Altar of The Sunne|70\/100 psn|[from] psn\n|upkeep\n|turn|16\n|\n|t:|1699630216\n|-terastallize|p2a: In The Clouds|Fairy\n|move|p1a: Altar of The Sunne|Scale Shot|p2a: In The Clouds\n|-immune|p2a: In The Clouds\n|move|p2a: In The Clouds|Earthquake|p1a: Altar of The Sunne\n|-damage|p1a: Altar of The Sunne|5\/100 psn\n|\n|-damage|p1a: Altar of The Sunne|0 fnt|[from] psn\n|faint|p1a: Altar of The Sunne\n|upkeep\n|\n|t:|1699630225\n|switch|p1a: Ruler of The World|Calyrex-Shadow|76\/100 psn\n|-ability|p1a: Ruler of The World|As One\n|-ability|p1a: Ruler of The World|Unnerve\n|-damage|p1a: Ruler of The World|64\/100 psn|[from] Stealth Rock\n|-damage|p1a: Ruler of The World|51\/100 psn|[from] Spikes\n|turn|17\n|\n|t:|1699630231\n|switch|p2a: The Botez Gambit|Kingambit, F, shiny|100\/100\n|-damage|p2a: The Botez Gambit|75\/100|[from] Spikes\n|move|p1a: Ruler of The World|Astral Barrage|p2a: The Botez Gambit\n|-resisted|p2a: The Botez Gambit\n|-damage|p2a: The Botez Gambit|43\/100\n|\n|-heal|p2a: The Botez Gambit|49\/100|[from] item: Leftovers\n|-damage|p1a: Ruler of The World|39\/100 psn|[from] psn\n|upkeep\n|turn|18\n|\n|t:|1699630237\n|move|p1a: Ruler of The World|Astral Barrage|p2a: The Botez Gambit\n|-resisted|p2a: The Botez Gambit\n|-crit|p2a: The Botez Gambit\n|-damage|p2a: The Botez Gambit|2\/100\n|move|p2a: The Botez Gambit|Kowtow Cleave|p1a: Ruler of The World\n|-supereffective|p1a: Ruler of The World\n|-damage|p1a: Ruler of The World|0 fnt\n|faint|p1a: Ruler of The World\n|\n|-heal|p2a: The Botez Gambit|8\/100|[from] item: Leftovers\n|upkeep\n|-message|Scorpion257 forfeited.\n|\n|win|2448a\n|raw|Scorpion257's rating: 1746 &rarr; <strong>1730<\/strong><br \/>(-16 for losing)\n|raw|2448a's rating: 1808 &rarr; <strong>1824<\/strong><br \/>(+16 for winning)\n|l|\u2606Scorpion257\n|c|\u26062448a|man\n|c|\u26062448a|!showteam\n|c| 2448a|\/raw <div class=\"infobox\"><details><summary>View team<\/summary>The Botez Gambit (Kingambit) (F) @ Leftovers  <br \/>Ability: Supreme Overlord  <br \/>Shiny: Yes  <br \/>Tera Type: Flying  <br \/>EVs: 12 HP &#x2f; 92 Atk &#x2f; 248 SpD &#x2f; 156 Spe  <br \/>Adamant Nature  <br \/>- Kowtow Cleave  <br \/>- Sucker Punch  <br \/>- Swords Dance  <br \/>- Low Kick  <br \/><br \/>Desert Anchor (Ting-Lu) @ Leftovers  <br \/>Ability: Vessel of Ruin  <br \/>Tera Type: Grass  <br \/>EVs: 252 HP &#x2f; 4 Def &#x2f; 252 SpD  <br \/>Careful Nature  <br \/>- Spikes  <br \/>- Whirlwind  <br \/>- Ruination  <br \/>- Earthquake  <br \/><br \/>Eternal Suffering (Eternatus) @ Heavy-Duty Boots  <br \/>Ability: Pressure  <br \/>Shiny: Yes  <br \/>Tera Type: Fairy  <br \/>EVs: 96 HP &#x2f; 236 SpD &#x2f; 176 Spe  <br \/>Timid Nature  <br \/>- Dynamax Cannon  <br \/>- Flamethrower  <br \/>- Recover  <br \/>- Toxic Spikes  <br \/><br \/>The Dark Horse (Calyrex-Shadow) @ Heavy-Duty Boots  <br \/>Ability: As One (Spectrier)  <br \/>Tera Type: Grass  <br \/>EVs: 252 SpA &#x2f; 4 SpD &#x2f; 252 Spe  <br \/>Timid Nature  <br \/>- Nasty Plot  <br \/>- Astral Barrage  <br \/>- Grass Knot  <br \/>- Encore  <br \/><br \/>In The Clouds (Landorus-Therian) (M) @ Rocky Helmet  <br \/>Ability: Intimidate  <br \/>Shiny: Yes  <br \/>Tera Type: Fairy  <br \/>EVs: 248 HP &#x2f; 224 Def &#x2f; 36 Spe  <br \/>Impish Nature  <br \/>- U-turn  <br \/>- Earthquake  <br \/>- Taunt  <br \/>- Stealth Rock  <br \/><br \/>Featured Today (Koraidon) @ Choice Scarf  <br \/>Ability: Orichalcum Pulse  <br \/>Hidden Power: Ghost  <br \/>Tera Type: Ghost  <br \/>EVs: 84 HP &#x2f; 252 Atk &#x2f; 32 Def &#x2f; 140 Spe  <br \/>Adamant Nature  <br \/>- Outrage  <br \/>- Flare Blitz  <br \/>- U-turn  <br \/>- Low Kick  <br \/><br \/><\/details><\/div>\n|c| laprasplayer|moan\n|c| laprasplayer|mid ahh team ngl\n|c|\u26062448a|true\n|c|\u26062448a|kingambit + hazards is literal aids to deal with though\n|c|\u26062448a|like all of a sudden you are unable to do anything\n|c| laprasplayer|true\n","uploadtime":1699630628,"views":5,"p1id":"scorpion257","p2id":"2448a","formatid":"gen9anythinggoes","rating":1730,"private":0,"password":""}