{"id":"gen9anythinggoes-1990901047","p1":"Superrug","p2":"OlafTheCrabLord","format":"[Gen 9] Anything Goes","log":"|j|\u2606Superrug\n|j|\u2606OlafTheCrabLord\n|t:|1700013063\n|gametype|singles\n|player|p1|Superrug|102|\n|player|p2|OlafTheCrabLord|youngster-gen4dp|\n|teamsize|p1|6\n|teamsize|p2|6\n|gen|9\n|tier|[Gen 9] Anything Goes\n|rule|HP Percentage Mod: HP is shown in percentages\n|rule|Endless Battle Clause: Forcing endless battles is banned\n|clearpoke\n|poke|p1|Ninetales-Alola, F|\n|poke|p1|Gholdengo|\n|poke|p1|Landorus-Therian, M|\n|poke|p1|Infernape, M|\n|poke|p1|Iron Leaves|\n|poke|p1|Dragonite, F|\n|poke|p2|Annihilape, M|\n|poke|p2|Glimmora, F|\n|poke|p2|Volcarona, M|\n|poke|p2|Manaphy|\n|poke|p2|Sylveon, F|\n|poke|p2|Magnezone|\n|teampreview\n|j| Portiscunningham\n|j| weechunk\n|j| DukeGoolies\n|c| Portiscunningham|first\n|\n|t:|1700013087\n|start\n|switch|p1a: Landorus|Landorus-Therian, M|100\/100\n|switch|p2a: Manaphy|Manaphy, shiny|100\/100\n|-ability|p1a: Landorus|Intimidate|boost\n|-unboost|p2a: Manaphy|atk|1\n|turn|1\n|\n|t:|1700013096\n|move|p1a: Landorus|Earthquake|p2a: Manaphy\n|-damage|p2a: Manaphy|40\/100\n|move|p2a: Manaphy|Tail Glow|p2a: Manaphy\n|-boost|p2a: Manaphy|spa|3\n|\n|-heal|p2a: Manaphy|47\/100|[from] item: Leftovers\n|upkeep\n|turn|2\n|\n|t:|1700013105\n|move|p1a: Landorus|Earthquake|p2a: Manaphy\n|-damage|p2a: Manaphy|0 fnt\n|faint|p2a: Manaphy\n|\n|upkeep\n|j| stormbrow\n|l| stormbrow\n|\n|t:|1700013128\n|switch|p2a: Annihilape|Annihilape, M|100\/100\n|turn|3\n|\n|t:|1700013137\n|move|p1a: Landorus|Earthquake|p2a: Annihilape\n|-damage|p2a: Annihilape|41\/100\n|-enditem|p2a: Annihilape|Sitrus Berry|[eat]\n|-heal|p2a: Annihilape|66\/100|[from] item: Sitrus Berry\n|move|p2a: Annihilape|Drain Punch|p1a: Landorus\n|-resisted|p1a: Landorus\n|-damage|p1a: Landorus|84\/100\n|-heal|p2a: Annihilape|73\/100|[from] drain|[of] p1a: Landorus\n|\n|upkeep\n|turn|4\n|j| pat2B\n|\n|t:|1700013149\n|move|p1a: Landorus|Earthquake|p2a: Annihilape\n|-damage|p2a: Annihilape|21\/100\n|move|p2a: Annihilape|Rage Fist|p1a: Landorus\n|-damage|p1a: Landorus|20\/100\n|\n|upkeep\n|turn|5\n|\n|t:|1700013154\n|move|p1a: Landorus|Earthquake|p2a: Annihilape\n|-damage|p2a: Annihilape|0 fnt\n|faint|p2a: Annihilape\n|\n|upkeep\n|\n|t:|1700013158\n|switch|p2a: Volcarona|Volcarona, M|100\/100\n|turn|6\n|\n|t:|1700013161\n|move|p1a: Landorus|Earthquake|p2a: Volcarona\n|-damage|p2a: Volcarona|20\/100\n|move|p2a: Volcarona|Giga Drain|p1a: Landorus\n|-damage|p1a: Landorus|0 fnt\n|-heal|p2a: Volcarona|30\/100|[from] drain|[of] p1a: Landorus\n|faint|p1a: Landorus\n|\n|upkeep\n|\n|t:|1700013172\n|switch|p1a: Dragonite|Dragonite, F|100\/100\n|turn|7\n|\n|t:|1700013177\n|move|p2a: Volcarona|Fiery Dance|p1a: Dragonite\n|-resisted|p1a: Dragonite\n|-damage|p1a: Dragonite|90\/100\n|-boost|p2a: Volcarona|spa|1\n|move|p1a: Dragonite|Dragon Dance|p1a: Dragonite\n|-boost|p1a: Dragonite|atk|1\n|-boost|p1a: Dragonite|spe|1\n|\n|upkeep\n|turn|8\n|\n|t:|1700013185\n|move|p1a: Dragonite|Extreme Speed|p2a: Volcarona\n|-damage|p2a: Volcarona|0 fnt\n|faint|p2a: Volcarona\n|\n|upkeep\n|\n|t:|1700013189\n|switch|p2a: Glimmora|Glimmora, F|100\/100\n|turn|9\n|\n|t:|1700013192\n|move|p1a: Dragonite|Earthquake|p2a: Glimmora\n|-supereffective|p2a: Glimmora\n|-enditem|p2a: Glimmora|Focus Sash\n|-damage|p2a: Glimmora|1\/100\n|-activate|p2a: Glimmora|ability: Toxic Debris\n|-sidestart|p1: Superrug|move: Toxic Spikes\n|move|p2a: Glimmora|Mortal Spin|p1a: Dragonite\n|-damage|p1a: Dragonite|83\/100\n|-status|p1a: Dragonite|psn\n|\n|-damage|p1a: Dragonite|71\/100 psn|[from] psn\n|upkeep\n|turn|10\n|\n|t:|1700013202\n|move|p1a: Dragonite|Earthquake|p2a: Glimmora\n|-supereffective|p2a: Glimmora\n|-damage|p2a: Glimmora|0 fnt\n|-activate|p2a: Glimmora|ability: Toxic Debris\n|-sidestart|p1: Superrug|move: Toxic Spikes\n|faint|p2a: Glimmora\n|\n|-damage|p1a: Dragonite|58\/100 psn|[from] psn\n|upkeep\n|\n|t:|1700013209\n|switch|p2a: Sylveon|Sylveon, F|100\/100\n|turn|11\n|\n|t:|1700013215\n|switch|p1a: Gholdengo|Gholdengo|100\/100\n|move|p2a: Sylveon|Hyper Voice|p1a: Gholdengo\n|-resisted|p1a: Gholdengo\n|-damage|p1a: Gholdengo|76\/100\n|-enditem|p2a: Sylveon|Throat Spray\n|-boost|p2a: Sylveon|spa|1|[from] item: Throat Spray\n|\n|upkeep\n|turn|12\n|\n|t:|1700013222\n|move|p1a: Gholdengo|Make It Rain|p2a: Sylveon\n|-supereffective|p2a: Sylveon\n|-damage|p2a: Sylveon|8\/100\n|-unboost|p1a: Gholdengo|spa|1\n|move|p2a: Sylveon|Hyper Voice|p1a: Gholdengo\n|-resisted|p1a: Gholdengo\n|-damage|p1a: Gholdengo|43\/100\n|\n|upkeep\n|turn|13\n|\n|t:|1700013235\n|move|p1a: Gholdengo|Shadow Ball|p2a: Sylveon\n|-damage|p2a: Sylveon|0 fnt\n|faint|p2a: Sylveon\n|\n|upkeep\n|\n|t:|1700013239\n|switch|p2a: Magnezone|Magnezone, shiny|100\/100\n|turn|14\n|\n|t:|1700013247\n|move|p1a: Gholdengo|Recover|p1a: Gholdengo\n|-heal|p1a: Gholdengo|93\/100\n|move|p2a: Magnezone|Thunderbolt|p1a: Gholdengo\n|-damage|p1a: Gholdengo|0 fnt\n|faint|p1a: Gholdengo\n|\n|upkeep\n|\n|t:|1700013255\n|switch|p1a: Dragonite|Dragonite, F|58\/100 psn\n|turn|15\n|\n|t:|1700013260\n|move|p1a: Dragonite|Earthquake|p2a: Magnezone\n|-supereffective|p2a: Magnezone\n|-damage|p2a: Magnezone|0 fnt\n|faint|p2a: Magnezone\n|\n|win|Superrug\n|c|\u2606Superrug|gg\n|l| pat2B\n","uploadtime":1700013270,"views":27,"p1id":"superrug","p2id":"olafthecrablord","formatid":"gen9anythinggoes","rating":0,"private":0,"password":""}