{"id":"gen9anythinggoes-1999124134","p1":"midni0","p2":"Mr Kipling Ct","format":"[Gen 9] Anything Goes","log":"|j|\u2606midni0\n|j|\u2606Mr Kipling Ct\n|t:|1701035726\n|gametype|singles\n|player|p1|midni0|firebreather|1169\n|player|p2|Mr Kipling Ct|169|1136\n|teamsize|p1|6\n|teamsize|p2|6\n|gen|9\n|tier|[Gen 9] Anything Goes\n|rated|\n|rule|HP Percentage Mod: HP is shown in percentages\n|rule|Endless Battle Clause: Forcing endless battles is banned\n|clearpoke\n|poke|p1|Zacian-*|\n|poke|p1|Cloyster, M|\n|poke|p1|Calyrex-Shadow|\n|poke|p1|Gliscor, M|\n|poke|p1|Eternatus|\n|poke|p1|Volcarona, M|\n|poke|p2|Maushold-Four|\n|poke|p2|Flutter Mane|\n|poke|p2|Miraidon|\n|poke|p2|Rabsca, M|\n|poke|p2|Garganacl, F|\n|poke|p2|Houndstone, M|\n|teampreview\n|\n|t:|1701035735\n|start\n|switch|p1a: Cloyster|Cloyster, M|100\/100\n|switch|p2a: DeMarco|Miraidon|100\/100\n|-fieldstart|move: Electric Terrain|[from] ability: Hadron Engine|[of] p2a: DeMarco\n|turn|1\n|\n|t:|1701035749\n|-terastallize|p2a: DeMarco|Electric\n|move|p2a: DeMarco|Electro Drift|p1a: Cloyster\n|-supereffective|p1a: Cloyster\n|-damage|p1a: Cloyster|0 fnt\n|faint|p1a: Cloyster\n|\n|upkeep\n|\n|t:|1701035760\n|switch|p1a: Zacian|Zacian-Crowned|100\/100\n|-ability|p1a: Zacian|Intrepid Sword|boost\n|-boost|p1a: Zacian|atk|1\n|turn|2\n|\n|t:|1701035764\n|move|p1a: Zacian|Behemoth Blade|p2a: DeMarco\n|-resisted|p2a: DeMarco\n|-damage|p2a: DeMarco|60\/100\n|move|p2a: DeMarco|Electro Drift|p1a: Zacian\n|-damage|p1a: Zacian|0 fnt\n|faint|p1a: Zacian\n|\n|upkeep\n|\n|t:|1701035769\n|switch|p1a: Calyrex|Calyrex-Shadow|100\/100\n|-ability|p1a: Calyrex|As One\n|-ability|p1a: Calyrex|Unnerve\n|turn|3\n|\n|t:|1701035775\n|-terastallize|p1a: Calyrex|Ghost\n|move|p1a: Calyrex|Astral Barrage|p2a: DeMarco\n|-damage|p2a: DeMarco|0 fnt\n|faint|p2a: DeMarco\n|-ability|p1a: Calyrex|Grim Neigh|boost\n|-boost|p1a: Calyrex|spa|1\n|\n|upkeep\n|\n|t:|1701035786\n|switch|p2a: SSSReplacement|Garganacl, F, shiny|100\/100\n|turn|4\n|inactive|Battle timer is ON: inactive players will automatically lose when time's up. (requested by Mr Kipling Ct)\n|\n|t:|1701035799\n|move|p1a: Calyrex|Astral Barrage|p2a: SSSReplacement\n|-damage|p2a: SSSReplacement|23\/100\n|move|p2a: SSSReplacement|Salt Cure|p1a: Calyrex\n|-damage|p1a: Calyrex|85\/100\n|-start|p1a: Calyrex|Salt Cure\n|\n|-heal|p2a: SSSReplacement|29\/100|[from] item: Leftovers\n|-damage|p1a: Calyrex|73\/100|[from] Salt Cure\n|upkeep\n|turn|5\n|\n|t:|1701035807\n|switch|p2a: Maushold|Maushold-Four|100\/100\n|move|p1a: Calyrex|Astral Barrage|p2a: Maushold\n|-immune|p2a: Maushold\n|\n|-damage|p1a: Calyrex|61\/100|[from] Salt Cure\n|-fieldend|move: Electric Terrain\n|upkeep\n|turn|6\n|\n|t:|1701035819\n|move|p1a: Calyrex|Astral Barrage|p2a: Maushold\n|-immune|p2a: Maushold\n|move|p2a: Maushold|Encore|p1a: Calyrex\n|-start|p1a: Calyrex|Encore\n|\n|-damage|p1a: Calyrex|48\/100|[from] Salt Cure\n|upkeep\n|turn|7\n|\n|t:|1701035831\n|switch|p1a: Volcarona|Volcarona, M|100\/100\n|move|p2a: Maushold|Tidy Up|p2a: Maushold\n|-boost|p2a: Maushold|atk|1\n|-boost|p2a: Maushold|spe|1\n|\n|upkeep\n|turn|8\n|\n|t:|1701035841\n|move|p2a: Maushold|Population Bomb|p1a: Volcarona\n|-damage|p1a: Volcarona|84\/100\n|-damage|p1a: Volcarona|68\/100\n|-damage|p1a: Volcarona|52\/100\n|-status|p2a: Maushold|brn|[from] ability: Flame Body|[of] p1a: Volcarona\n|-damage|p1a: Volcarona|42\/100\n|-damage|p1a: Volcarona|34\/100\n|-damage|p1a: Volcarona|25\/100\n|-damage|p1a: Volcarona|16\/100\n|-damage|p1a: Volcarona|7\/100\n|-damage|p1a: Volcarona|0 fnt\n|faint|p1a: Volcarona\n|-hitcount|p1: Volcarona|9\n|\n|-damage|p2a: Maushold|94\/100 brn|[from] brn\n|upkeep\n|\n|t:|1701035853\n|switch|p1a: Eternatus|Eternatus|100\/100\n|-ability|p1a: Eternatus|Pressure\n|turn|9\n|\n|t:|1701035861\n|move|p2a: Maushold|Population Bomb|p1a: Eternatus\n|-damage|p1a: Eternatus|94\/100\n|-damage|p1a: Eternatus|88\/100\n|-crit|p1a: Eternatus\n|-damage|p1a: Eternatus|78\/100\n|-damage|p1a: Eternatus|71\/100\n|-damage|p1a: Eternatus|65\/100\n|-damage|p1a: Eternatus|58\/100\n|-damage|p1a: Eternatus|51\/100\n|-damage|p1a: Eternatus|44\/100\n|-damage|p1a: Eternatus|37\/100\n|-damage|p1a: Eternatus|31\/100\n|-hitcount|p1a: Eternatus|10\n|cant|p1a: Eternatus|flinch\n|\n|-damage|p2a: Maushold|88\/100 brn|[from] brn\n|upkeep\n|turn|10\n|\n|t:|1701035877\n|move|p2a: Maushold|Population Bomb|p1a: Eternatus\n|-damage|p1a: Eternatus|25\/100\n|-damage|p1a: Eternatus|19\/100\n|-damage|p1a: Eternatus|13\/100\n|-damage|p1a: Eternatus|6\/100\n|-damage|p1a: Eternatus|0 fnt\n|faint|p1a: Eternatus\n|-hitcount|p1: Eternatus|5\n|\n|-damage|p2a: Maushold|82\/100 brn|[from] brn\n|upkeep\n|\n|t:|1701035883\n|switch|p1a: Gliscor|Gliscor, M|100\/100\n|turn|11\n|\n|t:|1701035888\n|move|p2a: Maushold|Population Bomb|p1a: Gliscor\n|-damage|p1a: Gliscor|96\/100\n|-hitcount|p1a: Gliscor|1\n|move|p1a: Gliscor|Earthquake|p2a: Maushold\n|-damage|p2a: Maushold|31\/100 brn\n|\n|-damage|p2a: Maushold|25\/100 brn|[from] brn\n|-status|p1a: Gliscor|tox|[from] item: Toxic Orb\n|upkeep\n|turn|12\n|\n|t:|1701035896\n|move|p2a: Maushold|Population Bomb|p1a: Gliscor\n|-damage|p1a: Gliscor|91\/100 tox\n|-damage|p1a: Gliscor|86\/100 tox\n|-damage|p1a: Gliscor|81\/100 tox\n|-damage|p1a: Gliscor|76\/100 tox\n|-damage|p1a: Gliscor|71\/100 tox\n|-hitcount|p1a: Gliscor|5\n|move|p1a: Gliscor|Earthquake|p2a: Maushold\n|-damage|p2a: Maushold|0 fnt\n|faint|p2a: Maushold\n|\n|-heal|p1a: Gliscor|83\/100 tox|[from] ability: Poison Heal\n|upkeep\n|\n|t:|1701035910\n|switch|p2a: Rabsca|Rabsca, M, shiny|100\/100\n|turn|13\n|\n|t:|1701035924\n|switch|p1a: Calyrex|Calyrex-Shadow, tera:Ghost|48\/100\n|-ability|p1a: Calyrex|As One\n|-ability|p1a: Calyrex|Unnerve\n|move|p2a: Rabsca|Trick Room|p2a: Rabsca\n|-fieldstart|move: Trick Room|[of] p2a: Rabsca\n|\n|upkeep\n|turn|14\n|\n|t:|1701035930\n|move|p2a: Rabsca|Revival Blessing|p2a: Rabsca\n|\n|t:|1701035935\n|-heal|p2: Maushold|50\/100|[from] move: Revival Blessing\n|move|p1a: Calyrex|Astral Barrage|p2a: Rabsca\n|-supereffective|p2a: Rabsca\n|-damage|p2a: Rabsca|0 fnt\n|faint|p2a: Rabsca\n|-ability|p1a: Calyrex|Grim Neigh|boost\n|-boost|p1a: Calyrex|spa|1\n|\n|upkeep\n|\n|t:|1701035939\n|switch|p2a: Houndstone|Houndstone, M|100\/100\n|turn|15\n|\n|t:|1701035949\n|move|p2a: Houndstone|Last Respects|p1a: Calyrex\n|-supereffective|p1a: Calyrex\n|-damage|p1a: Calyrex|0 fnt\n|faint|p1a: Calyrex\n|\n|upkeep\n|\n|t:|1701035952\n|switch|p1a: Gliscor|Gliscor, M|83\/100 tox\n|turn|16\n|\n|t:|1701035962\n|move|p1a: Gliscor|Protect|p1a: Gliscor\n|-singleturn|p1a: Gliscor|Protect\n|move|p2a: Houndstone|Last Respects|p1a: Gliscor\n|-activate|p1a: Gliscor|move: Protect\n|\n|-heal|p1a: Gliscor|96\/100 tox|[from] ability: Poison Heal\n|upkeep\n|turn|17\n|\n|t:|1701035972\n|move|p1a: Gliscor|Protect||[still]\n|-fail|p1a: Gliscor\n|move|p2a: Houndstone|Last Respects|p1a: Gliscor\n|-damage|p1a: Gliscor|35\/100 tox\n|\n|-heal|p1a: Gliscor|47\/100 tox|[from] ability: Poison Heal\n|-fieldend|move: Trick Room\n|upkeep\n|turn|18\n|\n|t:|1701035979\n|move|p1a: Gliscor|Toxic|p2a: Houndstone\n|-status|p2a: Houndstone|tox\n|move|p2a: Houndstone|Last Respects|p1a: Gliscor\n|-damage|p1a: Gliscor|0 fnt\n|faint|p1a: Gliscor\n|\n|win|Mr Kipling Ct\n|raw|midni0's rating: 1169 &rarr; <strong>1142<\/strong><br \/>(-27 for losing)\n|raw|Mr Kipling Ct's rating: 1136 &rarr; <strong>1163<\/strong><br \/>(+27 for winning)\n","uploadtime":1701035983,"views":0,"p1id":"midni0","p2id":"mrkiplingct","formatid":"gen9anythinggoes","rating":1142,"private":0,"password":""}