{"id":"gen9anythinggoes-1979835244","p1":"Uwufuckayou","p2":"BananaBread006","format":"[Gen 9] Anything Goes","log":"|j|\u2606Uwufuckayou\n|j|\u2606BananaBread006\n|t:|1698718225\n|gametype|singles\n|player|p1|Uwufuckayou|266|1068\n|player|p2|BananaBread006|170|1056\n|teamsize|p1|6\n|teamsize|p2|6\n|gen|9\n|tier|[Gen 9] Anything Goes\n|rated|\n|rule|HP Percentage Mod: HP is shown in percentages\n|rule|Endless Battle Clause: Forcing endless battles is banned\n|clearpoke\n|poke|p1|Scyther, F|\n|poke|p1|Gliscor, M|\n|poke|p1|Iron Valiant|\n|poke|p1|Gallade, M|\n|poke|p1|Scizor, M|\n|poke|p1|Kingambit, M|\n|poke|p2|Basculegion-F, F|\n|poke|p2|Gengar, M|\n|poke|p2|Haxorus, F|\n|poke|p2|Conkeldurr, F|\n|poke|p2|Orthworm, M|\n|poke|p2|Chesnaught, F|\n|teampreview\n|\n|t:|1698718234\n|start\n|switch|p1a: Scyther|Scyther, F|100\/100\n|switch|p2a: Cinderblock|Conkeldurr, F, shiny|100\/100\n|turn|1\n|\n|t:|1698718240\n|-singleturn|p2a: Cinderblock|move: Focus Punch\n|move|p1a: Scyther|Fury Cutter|p2a: Cinderblock\n|-resisted|p2a: Cinderblock\n|-damage|p2a: Cinderblock|89\/100\n|cant|p2a: Cinderblock|Focus Punch|Focus Punch\n|\n|upkeep\n|turn|2\n|\n|t:|1698718252\n|-singleturn|p2a: Cinderblock|move: Focus Punch\n|move|p1a: Scyther|Fury Cutter|p2a: Cinderblock\n|-resisted|p2a: Cinderblock\n|-damage|p2a: Cinderblock|67\/100\n|cant|p2a: Cinderblock|Focus Punch|Focus Punch\n|\n|upkeep\n|turn|3\n|\n|t:|1698718260\n|-singleturn|p2a: Cinderblock|move: Focus Punch\n|move|p1a: Scyther|Fury Cutter|p2a: Cinderblock\n|-resisted|p2a: Cinderblock\n|-damage|p2a: Cinderblock|18\/100\n|cant|p2a: Cinderblock|Focus Punch|Focus Punch\n|\n|upkeep\n|turn|4\n|\n|t:|1698718268\n|move|p1a: Scyther|Fury Cutter|p2a: Cinderblock\n|-resisted|p2a: Cinderblock\n|-damage|p2a: Cinderblock|0 fnt\n|faint|p2a: Cinderblock\n|\n|upkeep\n|\n|t:|1698718273\n|switch|p2a: Porcupine?|Chesnaught, F, shiny|100\/100\n|turn|5\n|\n|t:|1698718280\n|move|p1a: Scyther|Fury Cutter|p2a: Porcupine?|[miss]\n|-miss|p1a: Scyther|p2a: Porcupine?\n|move|p2a: Porcupine?|Frenzy Plant|p1a: Scyther\n|-resisted|p1a: Scyther\n|-damage|p1a: Scyther|79\/100\n|-mustrecharge|p2a: Porcupine?\n|\n|upkeep\n|turn|6\n|\n|t:|1698718288\n|move|p1a: Scyther|Fury Cutter|p2a: Porcupine?\n|-damage|p2a: Porcupine?|81\/100\n|cant|p2a: Porcupine?|recharge\n|\n|upkeep\n|turn|7\n|\n|t:|1698718293\n|move|p1a: Scyther|Fury Cutter|p2a: Porcupine?\n|-damage|p2a: Porcupine?|42\/100\n|move|p2a: Porcupine?|Grass Pledge|p1a: Scyther\n|-resisted|p1a: Scyther\n|-crit|p1a: Scyther\n|-damage|p1a: Scyther|61\/100\n|\n|upkeep\n|turn|8\n|\n|t:|1698718301\n|move|p1a: Scyther|Fury Cutter|p2a: Porcupine?\n|-damage|p2a: Porcupine?|0 fnt\n|faint|p2a: Porcupine?\n|\n|upkeep\n|\n|t:|1698718306\n|switch|p2a: Worm|Orthworm, M, shiny|100\/100\n|turn|9\n|\n|t:|1698718309\n|move|p1a: Scyther|Fury Cutter|p2a: Worm\n|-resisted|p2a: Worm\n|-damage|p2a: Worm|70\/100\n|move|p2a: Worm|Body Press|p1a: Scyther\n|-resisted|p1a: Scyther\n|-damage|p1a: Scyther|47\/100\n|\n|upkeep\n|turn|10\n|\n|t:|1698718315\n|move|p1a: Scyther|Fury Cutter|p2a: Worm\n|-resisted|p2a: Worm\n|-damage|p2a: Worm|39\/100\n|move|p2a: Worm|Body Press|p1a: Scyther\n|-resisted|p1a: Scyther\n|-damage|p1a: Scyther|33\/100\n|\n|upkeep\n|turn|11\n|\n|t:|1698718322\n|move|p1a: Scyther|Fury Cutter|p2a: Worm\n|-resisted|p2a: Worm\n|-damage|p2a: Worm|0 fnt\n|faint|p2a: Worm\n|\n|upkeep\n|\n|t:|1698718328\n|switch|p2a: Purplemon|Gengar, M, shiny|100\/100\n|turn|12\n|\n|t:|1698718333\n|move|p1a: Scyther|Fury Cutter|p2a: Purplemon\n|-resisted|p2a: Purplemon\n|-damage|p2a: Purplemon|33\/100\n|move|p2a: Purplemon|Poltergeist|p1a: Scyther\n|-activate|p1a: Scyther|move: Poltergeist|Choice Band\n|-damage|p1a: Scyther|0 fnt\n|faint|p1a: Scyther\n|\n|upkeep\n|\n|t:|1698718341\n|switch|p1a: Gliscor|Gliscor, M|100\/100\n|turn|13\n|\n|t:|1698718347\n|move|p2a: Purplemon|Hypnosis|p1a: Gliscor|[miss]\n|-miss|p2a: Purplemon|p1a: Gliscor\n|move|p1a: Gliscor|Fury Cutter|p2a: Purplemon\n|-resisted|p2a: Purplemon\n|-crit|p2a: Purplemon\n|-damage|p2a: Purplemon|24\/100\n|\n|upkeep\n|turn|14\n|\n|t:|1698718353\n|move|p2a: Purplemon|Hypnosis|p1a: Gliscor\n|-status|p1a: Gliscor|slp|[from] move: Hypnosis\n|cant|p1a: Gliscor|slp\n|\n|upkeep\n|turn|15\n|\n|t:|1698718358\n|move|p2a: Purplemon|Poltergeist|p1a: Gliscor|[miss]\n|-miss|p2a: Purplemon|p1a: Gliscor\n|cant|p1a: Gliscor|slp\n|\n|upkeep\n|turn|16\n|\n|t:|1698718366\n|move|p2a: Purplemon|Gunk Shot|p1a: Gliscor|[miss]\n|-miss|p2a: Purplemon|p1a: Gliscor\n|cant|p1a: Gliscor|slp\n|\n|upkeep\n|turn|17\n|\n|t:|1698718371\n|move|p2a: Purplemon|Poltergeist|p1a: Gliscor\n|-activate|p1a: Gliscor|move: Poltergeist|Choice Band\n|-damage|p1a: Gliscor|73\/100 slp\n|-curestatus|p1a: Gliscor|slp|[msg]\n|move|p1a: Gliscor|Fury Cutter|p2a: Purplemon\n|-resisted|p2a: Purplemon\n|-damage|p2a: Purplemon|17\/100\n|\n|upkeep\n|turn|18\n|\n|t:|1698718380\n|move|p2a: Purplemon|Hypnosis|p1a: Gliscor\n|-status|p1a: Gliscor|slp|[from] move: Hypnosis\n|cant|p1a: Gliscor|slp\n|\n|upkeep\n|turn|19\n|\n|t:|1698718384\n|move|p2a: Purplemon|Poltergeist|p1a: Gliscor\n|-activate|p1a: Gliscor|move: Poltergeist|Choice Band\n|-damage|p1a: Gliscor|49\/100 slp\n|cant|p1a: Gliscor|slp\n|\n|upkeep\n|turn|20\n|\n|t:|1698718391\n|move|p2a: Purplemon|Poltergeist|p1a: Gliscor\n|-activate|p1a: Gliscor|move: Poltergeist|Choice Band\n|-damage|p1a: Gliscor|23\/100 slp\n|cant|p1a: Gliscor|slp\n|\n|upkeep\n|turn|21\n|\n|t:|1698718397\n|move|p2a: Purplemon|Gunk Shot|p1a: Gliscor\n|-resisted|p1a: Gliscor\n|-damage|p1a: Gliscor|9\/100 slp\n|-curestatus|p1a: Gliscor|slp|[msg]\n|move|p1a: Gliscor|Fury Cutter|p2a: Purplemon\n|-resisted|p2a: Purplemon\n|-damage|p2a: Purplemon|10\/100\n|\n|upkeep\n|turn|22\n|\n|t:|1698718406\n|move|p2a: Purplemon|Poltergeist|p1a: Gliscor\n|-activate|p1a: Gliscor|move: Poltergeist|Choice Band\n|-damage|p1a: Gliscor|0 fnt\n|faint|p1a: Gliscor\n|\n|upkeep\n|\n|t:|1698718412\n|switch|p1a: Iron Valiant|Iron Valiant|100\/100\n|turn|23\n|\n|t:|1698718416\n|move|p1a: Iron Valiant|Fury Cutter|p2a: Purplemon\n|-resisted|p2a: Purplemon\n|-damage|p2a: Purplemon|2\/100\n|move|p2a: Purplemon|Hypnosis|p1a: Iron Valiant|[miss]\n|-miss|p2a: Purplemon|p1a: Iron Valiant\n|\n|upkeep\n|turn|24\n|\n|t:|1698718422\n|move|p1a: Iron Valiant|Fury Cutter|p2a: Purplemon\n|-resisted|p2a: Purplemon\n|-damage|p2a: Purplemon|0 fnt\n|-start|p1a: Iron Valiant|Disable|Fury Cutter|[from] ability: Cursed Body|[of] p2a: Purplemon\n|faint|p2a: Purplemon\n|\n|upkeep\n|\n|t:|1698718429\n|switch|p2a: Blud looks sick af|Haxorus, F, shiny|100\/100\n|-ability|p2a: Blud looks sick af|Mold Breaker\n|turn|25\n|\n|t:|1698718440\n|-activate|p1a: Iron Valiant|move: Struggle\n|move|p1a: Iron Valiant|Struggle|p2a: Blud looks sick af\n|-damage|p2a: Blud looks sick af|73\/100\n|-damage|p1a: Iron Valiant|75\/100|[from] recoil\n|move|p2a: Blud looks sick af|Dragon Dance|p2a: Blud looks sick af\n|-boost|p2a: Blud looks sick af|atk|1\n|-boost|p2a: Blud looks sick af|spe|1\n|\n|upkeep\n|turn|26\n|\n|t:|1698718447\n|move|p2a: Blud looks sick af|Dragon Dance|p2a: Blud looks sick af\n|-boost|p2a: Blud looks sick af|atk|1\n|-boost|p2a: Blud looks sick af|spe|1\n|-activate|p1a: Iron Valiant|move: Struggle\n|move|p1a: Iron Valiant|Struggle|p2a: Blud looks sick af\n|-damage|p2a: Blud looks sick af|43\/100\n|-damage|p1a: Iron Valiant|50\/100|[from] recoil\n|\n|upkeep\n|turn|27\n|\n|t:|1698718455\n|move|p2a: Blud looks sick af|Dragon Dance|p2a: Blud looks sick af\n|-boost|p2a: Blud looks sick af|atk|1\n|-boost|p2a: Blud looks sick af|spe|1\n|-activate|p1a: Iron Valiant|move: Struggle\n|move|p1a: Iron Valiant|Struggle|p2a: Blud looks sick af\n|-damage|p2a: Blud looks sick af|17\/100\n|-damage|p1a: Iron Valiant|25\/100|[from] recoil\n|\n|-end|p1a: Iron Valiant|Disable\n|upkeep\n|turn|28\n|\n|t:|1698718463\n|move|p2a: Blud looks sick af|Dragon Claw|p1a: Iron Valiant\n|-immune|p1a: Iron Valiant\n|move|p1a: Iron Valiant|Fury Cutter|p2a: Blud looks sick af\n|-damage|p2a: Blud looks sick af|0 fnt\n|faint|p2a: Blud looks sick af\n|\n|upkeep\n|\n|t:|1698718468\n|switch|p2a: Sweeper?|Basculegion-F, F, shiny|100\/100\n|turn|29\n|\n|t:|1698718473\n|-terastallize|p2a: Sweeper?|Ghost\n|move|p1a: Iron Valiant|Fury Cutter|p2a: Sweeper?\n|-resisted|p2a: Sweeper?\n|-damage|p2a: Sweeper?|77\/100\n|move|p2a: Sweeper?|Last Respects|p1a: Iron Valiant\n|-damage|p1a: Iron Valiant|0 fnt\n|faint|p1a: Iron Valiant\n|-end|p1a: Iron Valiant|Quark Drive|[silent]\n|\n|upkeep\n|\n|t:|1698718482\n|switch|p1a: Kingambit|Kingambit, M, shiny|100\/100\n|-activate|p1a: Kingambit|ability: Supreme Overlord\n|-start|p1a: Kingambit|fallen3|[silent]\n|turn|30\n|\n|t:|1698718489\n|move|p1a: Kingambit|Sucker Punch|p2a: Sweeper?\n|-supereffective|p2a: Sweeper?\n|-damage|p2a: Sweeper?|0 fnt\n|faint|p2a: Sweeper?\n|\n|win|Uwufuckayou\n|raw|Uwufuckayou's rating: 1068 &rarr; <strong>1095<\/strong><br \/>(+27 for winning)\n|raw|BananaBread006's rating: 1035 &rarr; <strong>1021<\/strong><br \/>(-14 for losing)\n|l|\u2606BananaBread006\n","uploadtime":1698718682,"views":8,"p1id":"uwufuckayou","p2id":"bananabread006","formatid":"gen9anythinggoes","rating":1021,"private":0,"password":""}