{"id":"gen9anythinggoes-1992257872","p1":"FLOOR IT","p2":"Jaylek","format":"[Gen 9] Anything Goes","log":"|j|\u2606FLOOR IT\n|j|\u2606Jaylek\n|t:|1700168385\n|gametype|singles\n|player|p1|FLOOR IT|cynthia-masters|\n|player|p2|Jaylek|aaron|\n|teamsize|p1|6\n|teamsize|p2|6\n|gen|9\n|tier|[Gen 9] Anything Goes\n|rule|HP Percentage Mod: HP is shown in percentages\n|rule|Endless Battle Clause: Forcing endless battles is banned\n|clearpoke\n|poke|p1|Garchomp, F|\n|poke|p1|Sneasel-Hisui, M|\n|poke|p1|Quagsire, M|\n|poke|p1|Lycanroc-Dusk, M|\n|poke|p1|Milotic, F|\n|poke|p1|Diancie|\n|poke|p2|Dipplin, M|\n|poke|p2|Iron Bundle|\n|poke|p2|Clodsire, M|\n|poke|p2|Kingambit, F|\n|poke|p2|Slowking-Galar, F|\n|poke|p2|Typhlosion-Hisui, F|\n|teampreview\n|c|\u2606Jaylek|glhf!\n|c|\u2606FLOOR IT|glhf!\n|\n|t:|1700168416\n|start\n|switch|p1a: Lad|Quagsire, M|100\/100\n|switch|p2a: Kris Kringle|Iron Bundle|100\/100\n|turn|1\n|j| Ryno5311\n|j| Nuwyrm\n|\n|t:|1700168452\n|switch|p1a: Elysia|Diancie|100\/100\n|move|p2a: Kris Kringle|Freeze-Dry|p1a: Elysia\n|-damage|p1a: Elysia|81\/100\n|\n|upkeep\n|turn|2\n|\n|t:|1700168467\n|move|p2a: Kris Kringle|Flip Turn|p1a: Elysia\n|-supereffective|p1a: Elysia\n|-damage|p1a: Elysia|51\/100\n|\n|t:|1700168486\n|-end|p2a: Kris Kringle|Quark Drive|[silent]\n|switch|p2a: Clod Bod|Clodsire, M|100\/100|[from] Flip Turn\n|move|p1a: Elysia|Draining Kiss|p2a: Clod Bod\n|-resisted|p2a: Clod Bod\n|-damage|p2a: Clod Bod|92\/100\n|-heal|p1a: Elysia|62\/100|[from] drain|[of] p2a: Clod Bod\n|\n|-heal|p2a: Clod Bod|98\/100|[from] item: Black Sludge\n|upkeep\n|turn|3\n|\n|t:|1700168511\n|switch|p1a: Velvet|Garchomp, F|100\/100\n|move|p2a: Clod Bod|Earthquake|p1a: Velvet\n|-damage|p1a: Velvet|71\/100\n|\n|-heal|p2a: Clod Bod|100\/100|[from] item: Black Sludge\n|upkeep\n|turn|4\n|\n|t:|1700168534\n|move|p1a: Velvet|Scale Shot|p2a: Clod Bod\n|-damage|p2a: Clod Bod|91\/100\n|-crit|p2a: Clod Bod\n|-damage|p2a: Clod Bod|77\/100\n|-hitcount|p2a: Clod Bod|2\n|-unboost|p1a: Velvet|def|1\n|-boost|p1a: Velvet|spe|1\n|move|p2a: Clod Bod|Earthquake|p1a: Velvet\n|-damage|p1a: Velvet|32\/100\n|\n|-heal|p2a: Clod Bod|84\/100|[from] item: Black Sludge\n|upkeep\n|turn|5\n|\n|t:|1700168546\n|move|p1a: Velvet|Earthquake|p2a: Clod Bod\n|-supereffective|p2a: Clod Bod\n|-damage|p2a: Clod Bod|12\/100\n|move|p2a: Clod Bod|Earthquake|p1a: Velvet\n|-damage|p1a: Velvet|0 fnt\n|faint|p1a: Velvet\n|\n|-heal|p2a: Clod Bod|18\/100|[from] item: Black Sludge\n|upkeep\n|c| Nuwyrm|Bring in quag\n|\n|t:|1700168575\n|switch|p1a: Kairi|Milotic, F, shiny|100\/100\n|turn|6\n|\n|t:|1700168579\n|move|p1a: Kairi|Ice Beam|p2a: Clod Bod\n|-supereffective|p2a: Clod Bod\n|-damage|p2a: Clod Bod|0 fnt\n|faint|p2a: Clod Bod\n|\n|-status|p1a: Kairi|brn|[from] item: Flame Orb\n|upkeep\n|c| Nuwyrm|battle of the sire\n|\n|t:|1700168604\n|switch|p2a: Dripplin|Dipplin, M|100\/100\n|turn|7\n|\n|t:|1700168617\n|switch|p1a: Kosma|Sneasel-Hisui, M, shiny|100\/100\n|-terastallize|p2a: Dripplin|Water\n|move|p2a: Dripplin|Giga Drain|p1a: Kosma\n|-resisted|p1a: Kosma\n|-damage|p1a: Kosma|88\/100\n|\n|upkeep\n|turn|8\n|l| Nuwyrm\n|\n|t:|1700168627\n|move|p1a: Kosma|Fake Out|p2a: Dripplin\n|-damage|p2a: Dripplin|93\/100\n|cant|p2a: Dripplin|flinch\n|\n|upkeep\n|turn|9\n|j| Nuwyrm\n|l| Nuwyrm\n|\n|t:|1700168675\n|move|p1a: Kosma|Gunk Shot|p2a: Dripplin\n|-damage|p2a: Dripplin|62\/100\n|-status|p2a: Dripplin|psn\n|move|p2a: Dripplin|Dragon Pulse|p1a: Kosma\n|-damage|p1a: Kosma|59\/100\n|\n|-damage|p2a: Dripplin|50\/100 psn|[from] psn\n|upkeep\n|turn|10\n|\n|t:|1700168694\n|switch|p1a: Lad|Quagsire, M|100\/100\n|move|p2a: Dripplin|Recover|p2a: Dripplin\n|-heal|p2a: Dripplin|99\/100 psn\n|\n|-damage|p2a: Dripplin|87\/100 psn|[from] psn\n|upkeep\n|turn|11\n|\n|t:|1700168727\n|move|p2a: Dripplin|Giga Drain|p1a: Lad\n|-supereffective|p1a: Lad\n|-damage|p1a: Lad|0 fnt\n|-heal|p2a: Dripplin|100\/100 psn|[from] drain|[of] p1a: Lad\n|faint|p1a: Lad\n|\n|-damage|p2a: Dripplin|88\/100 psn|[from] psn\n|upkeep\n|\n|t:|1700168755\n|switch|p1a: Elysia|Diancie|62\/100\n|turn|12\n|\n|t:|1700168761\n|move|p1a: Elysia|Draining Kiss|p2a: Dripplin\n|-damage|p2a: Dripplin|75\/100 psn\n|-heal|p1a: Elysia|73\/100|[from] drain|[of] p2a: Dripplin\n|move|p2a: Dripplin|Giga Drain|p1a: Elysia\n|-supereffective|p1a: Elysia\n|-damage|p1a: Elysia|47\/100\n|-heal|p2a: Dripplin|86\/100 psn|[from] drain|[of] p1a: Elysia\n|\n|-damage|p2a: Dripplin|74\/100 psn|[from] psn\n|upkeep\n|turn|13\n|j| TheJoeyGuy\n|\n|t:|1700168798\n|move|p1a: Elysia|Diamond Storm|p2a: Dripplin\n|-damage|p2a: Dripplin|53\/100 psn\n|move|p2a: Dripplin|Giga Drain|p1a: Elysia\n|-supereffective|p1a: Elysia\n|-damage|p1a: Elysia|18\/100\n|-heal|p2a: Dripplin|65\/100 psn|[from] drain|[of] p1a: Elysia\n|\n|-damage|p2a: Dripplin|53\/100 psn|[from] psn\n|upkeep\n|turn|14\n|\n|t:|1700168806\n|move|p1a: Elysia|Draining Kiss|p2a: Dripplin\n|-damage|p2a: Dripplin|39\/100 psn\n|-heal|p1a: Elysia|31\/100|[from] drain|[of] p2a: Dripplin\n|move|p2a: Dripplin|Recover|p2a: Dripplin\n|-heal|p2a: Dripplin|89\/100 psn\n|\n|-damage|p2a: Dripplin|77\/100 psn|[from] psn\n|upkeep\n|turn|15\n|\n|t:|1700168813\n|move|p1a: Elysia|Draining Kiss|p2a: Dripplin\n|-damage|p2a: Dripplin|65\/100 psn\n|-heal|p1a: Elysia|42\/100|[from] drain|[of] p2a: Dripplin\n|move|p2a: Dripplin|Recover|p2a: Dripplin\n|-heal|p2a: Dripplin|100\/100 psn\n|\n|-damage|p2a: Dripplin|88\/100 psn|[from] psn\n|upkeep\n|turn|16\n|\n|t:|1700168833\n|move|p1a: Elysia|Diamond Storm|p2a: Dripplin\n|-damage|p2a: Dripplin|67\/100 psn\n|-boost|p1a: Elysia|def|2\n|move|p2a: Dripplin|Giga Drain|p1a: Elysia\n|-supereffective|p1a: Elysia\n|-damage|p1a: Elysia|14\/100\n|-heal|p2a: Dripplin|79\/100 psn|[from] drain|[of] p1a: Elysia\n|\n|-damage|p2a: Dripplin|66\/100 psn|[from] psn\n|upkeep\n|turn|17\n|\n|t:|1700168858\n|move|p1a: Elysia|Draining Kiss|p2a: Dripplin\n|-damage|p2a: Dripplin|54\/100 psn\n|-heal|p1a: Elysia|25\/100|[from] drain|[of] p2a: Dripplin\n|move|p2a: Dripplin|Giga Drain|p1a: Elysia\n|-supereffective|p1a: Elysia\n|-damage|p1a: Elysia|0 fnt\n|-heal|p2a: Dripplin|65\/100 psn|[from] drain|[of] p1a: Elysia\n|faint|p1a: Elysia\n|\n|-damage|p2a: Dripplin|52\/100 psn|[from] psn\n|upkeep\n|\n|t:|1700168868\n|switch|p1a: Kosma|Sneasel-Hisui, M, shiny|59\/100\n|turn|18\n|\n|t:|1700168871\n|move|p1a: Kosma|Fake Out|p2a: Dripplin\n|-damage|p2a: Dripplin|46\/100 psn\n|cant|p2a: Dripplin|flinch\n|\n|-damage|p2a: Dripplin|33\/100 psn|[from] psn\n|upkeep\n|turn|19\n|\n|t:|1700168888\n|switch|p2a: Imperator|Slowking-Galar, F|100\/100\n|move|p1a: Kosma|Close Combat|p2a: Imperator\n|-resisted|p2a: Imperator\n|-damage|p2a: Imperator|91\/100\n|-unboost|p1a: Kosma|def|1\n|-unboost|p1a: Kosma|spd|1\n|\n|upkeep\n|turn|20\n|\n|t:|1700168906\n|switch|p1a: Repede|Lycanroc-Dusk, M|100\/100\n|move|p2a: Imperator|Chilly Reception|p2a: Imperator\n|-weather|Snow\n|\n|t:|1700168942\n|switch|p2a: Kris Kringle|Iron Bundle|100\/100|[from] Chilly Reception\n|\n|-weather|Snow|[upkeep]\n|upkeep\n|turn|21\n|\n|t:|1700168973\n|switch|p1a: Kosma|Sneasel-Hisui, M, shiny|59\/100\n|move|p2a: Kris Kringle|Hydro Pump|p1a: Kosma\n|-damage|p1a: Kosma|5\/100\n|\n|-weather|Snow|[upkeep]\n|upkeep\n|turn|22\n|\n|t:|1700168982\n|move|p1a: Kosma|Fake Out|p2a: Kris Kringle\n|-damage|p2a: Kris Kringle|91\/100\n|cant|p2a: Kris Kringle|flinch\n|\n|-weather|Snow|[upkeep]\n|upkeep\n|turn|23\n|\n|t:|1700168995\n|move|p2a: Kris Kringle|Freeze-Dry|p1a: Kosma\n|-damage|p1a: Kosma|0 fnt\n|faint|p1a: Kosma\n|\n|-weather|Snow|[upkeep]\n|upkeep\n|\n|t:|1700169005\n|switch|p1a: Kairi|Milotic, F, shiny|100\/100 brn\n|turn|24\n|\n|t:|1700169027\n|move|p2a: Kris Kringle|Freeze-Dry|p1a: Kairi\n|-supereffective|p1a: Kairi\n|-damage|p1a: Kairi|54\/100 brn\n|move|p1a: Kairi|Flip Turn|p2a: Kris Kringle\n|-resisted|p2a: Kris Kringle\n|-damage|p2a: Kris Kringle|88\/100\n|\n|t:|1700169033\n|switch|p1a: Repede|Lycanroc-Dusk, M|100\/100|[from] Flip Turn\n|\n|-weather|none\n|upkeep\n|turn|25\n|j| Nuwyrm\n|\n|t:|1700169062\n|-end|p2a: Kris Kringle|Quark Drive|[silent]\n|switch|p2a: Spectre|Typhlosion-Hisui, F|100\/100\n|-item|p1a: Repede|Choice Band|[from] ability: Frisk|[of] p2a: Spectre|[identify]\n|move|p1a: Repede|Accelerock|p2a: Spectre\n|-supereffective|p2a: Spectre\n|-damage|p2a: Spectre|0 fnt\n|-damage|p1a: Repede|84\/100|[from] item: Rocky Helmet|[of] p2a: Spectre\n|faint|p2a: Spectre\n|\n|upkeep\n|l| Nuwyrm\n|\n|t:|1700169072\n|switch|p2a: Dripplin|Dipplin, M, tera:Water|33\/100 psn\n|turn|26\n|\n|t:|1700169079\n|move|p1a: Repede|Accelerock|p2a: Dripplin\n|-damage|p2a: Dripplin|8\/100 psn\n|move|p2a: Dripplin|Recover|p2a: Dripplin\n|-heal|p2a: Dripplin|58\/100 psn\n|\n|-damage|p2a: Dripplin|46\/100 psn|[from] psn\n|upkeep\n|turn|27\n|\n|t:|1700169099\n|switch|p1a: Kairi|Milotic, F, shiny|54\/100 brn\n|move|p2a: Dripplin|Recover|p2a: Dripplin\n|-heal|p2a: Dripplin|96\/100 psn\n|\n|-damage|p2a: Dripplin|84\/100 psn|[from] psn\n|-damage|p1a: Kairi|48\/100 brn|[from] brn\n|upkeep\n|turn|28\n|\n|t:|1700169111\n|move|p1a: Kairi|Recover|p1a: Kairi\n|-heal|p1a: Kairi|98\/100 brn\n|move|p2a: Dripplin|Giga Drain|p1a: Kairi\n|-supereffective|p1a: Kairi\n|-damage|p1a: Kairi|71\/100 brn\n|-heal|p2a: Dripplin|99\/100 psn|[from] drain|[of] p1a: Kairi\n|\n|-damage|p2a: Dripplin|86\/100 psn|[from] psn\n|-damage|p1a: Kairi|65\/100 brn|[from] brn\n|upkeep\n|turn|29\n|l| TheJoeyGuy\n|\n|t:|1700169122\n|move|p1a: Kairi|Recover|p1a: Kairi\n|-heal|p1a: Kairi|100\/100 brn\n|move|p2a: Dripplin|Dragon Pulse|p1a: Kairi\n|-damage|p1a: Kairi|85\/100 brn\n|\n|-damage|p2a: Dripplin|74\/100 psn|[from] psn\n|-damage|p1a: Kairi|79\/100 brn|[from] brn\n|upkeep\n|turn|30\n|\n|t:|1700169137\n|move|p1a: Kairi|Scald|p2a: Dripplin\n|-resisted|p2a: Dripplin\n|-damage|p2a: Dripplin|66\/100 psn\n|move|p2a: Dripplin|Giga Drain|p1a: Kairi\n|-supereffective|p1a: Kairi\n|-damage|p1a: Kairi|50\/100 brn\n|-heal|p2a: Dripplin|82\/100 psn|[from] drain|[of] p1a: Kairi\n|\n|-damage|p2a: Dripplin|70\/100 psn|[from] psn\n|-damage|p1a: Kairi|44\/100 brn|[from] brn\n|upkeep\n|turn|31\n|\n|t:|1700169148\n|move|p1a: Kairi|Recover|p1a: Kairi\n|-heal|p1a: Kairi|94\/100 brn\n|move|p2a: Dripplin|Dragon Pulse|p1a: Kairi\n|-damage|p1a: Kairi|77\/100 brn\n|\n|-damage|p2a: Dripplin|58\/100 psn|[from] psn\n|-damage|p1a: Kairi|71\/100 brn|[from] brn\n|upkeep\n|turn|32\n|\n|t:|1700169160\n|switch|p1a: Repede|Lycanroc-Dusk, M|84\/100\n|move|p2a: Dripplin|Giga Drain|p1a: Repede\n|-supereffective|p1a: Repede\n|-damage|p1a: Repede|1\/100\n|-heal|p2a: Dripplin|91\/100 psn|[from] drain|[of] p1a: Repede\n|\n|-damage|p2a: Dripplin|79\/100 psn|[from] psn\n|upkeep\n|turn|33\n|\n|t:|1700169176\n|move|p1a: Repede|Close Combat|p2a: Dripplin\n|-damage|p2a: Dripplin|32\/100 psn\n|-unboost|p1a: Repede|def|1\n|-unboost|p1a: Repede|spd|1\n|move|p2a: Dripplin|Dragon Pulse|p1a: Repede\n|-damage|p1a: Repede|0 fnt\n|faint|p1a: Repede\n|\n|-damage|p2a: Dripplin|19\/100 psn|[from] psn\n|upkeep\n|\n|t:|1700169185\n|switch|p1a: Kairi|Milotic, F, shiny|71\/100 brn\n|turn|34\n|\n|t:|1700169197\n|move|p1a: Kairi|Scald|p2a: Dripplin\n|-resisted|p2a: Dripplin\n|-damage|p2a: Dripplin|11\/100 psn\n|move|p2a: Dripplin|Giga Drain|p1a: Kairi\n|-supereffective|p1a: Kairi\n|-damage|p1a: Kairi|43\/100 brn\n|-heal|p2a: Dripplin|27\/100 psn|[from] drain|[of] p1a: Kairi\n|\n|-damage|p2a: Dripplin|14\/100 psn|[from] psn\n|-damage|p1a: Kairi|37\/100 brn|[from] brn\n|upkeep\n|turn|35\n|\n|t:|1700169216\n|move|p1a: Kairi|Recover|p1a: Kairi\n|-heal|p1a: Kairi|87\/100 brn\n|move|p2a: Dripplin|Recover|p2a: Dripplin\n|-heal|p2a: Dripplin|64\/100 psn\n|\n|-damage|p2a: Dripplin|52\/100 psn|[from] psn\n|-damage|p1a: Kairi|81\/100 brn|[from] brn\n|upkeep\n|turn|36\n|c|\u2606FLOOR IT|yeah I rather not put either of us through this so\n|c|\u2606FLOOR IT|gg\n|c|\u2606Jaylek|gg\n|-message|FLOOR IT forfeited.\n|\n|win|Jaylek\n|l|\u2606FLOOR IT\n|j|\u2606FLOOR IT\n|player|p1|FLOOR IT|cynthia-masters\n|l| Ryno5311\n|l|\u2606FLOOR IT\n|player|p1|\n|j| Nuwyrm\n|j| dancingnightmare\n|l| Nuwyrm\n|j|\u2606FLOOR IT\n|player|p1|FLOOR IT|cynthia-masters\n|l|\u2606FLOOR IT\n|player|p1|\n|j|\u2606FLOOR IT\n|player|p1|FLOOR IT|cynthia-masters\n","uploadtime":1700169288,"views":19,"p1id":"floorit","p2id":"jaylek","formatid":"gen9anythinggoes","rating":0,"private":0,"password":""}