{"id":"gen9anythinggoes-1982411824","p1":"JayzonAlcantara","p2":"Littinpokemontalk","format":"[Gen 9] Anything Goes","log":"|j|\u2606JayzonAlcantara\n|j|\u2606Littinpokemontalk\n|t:|1699011554\n|gametype|singles\n|player|p1|JayzonAlcantara|giovanni|1085\n|player|p2|Littinpokemontalk|2|1040\n|teamsize|p1|6\n|teamsize|p2|6\n|gen|9\n|tier|[Gen 9] Anything Goes\n|rated|\n|rule|HP Percentage Mod: HP is shown in percentages\n|rule|Endless Battle Clause: Forcing endless battles is banned\n|clearpoke\n|poke|p1|Maushold-Four|\n|poke|p1|Maushold-Four|\n|poke|p1|Maushold-Four|\n|poke|p1|Maushold-Four|\n|poke|p1|Maushold-Four|\n|poke|p1|Zacian-*|\n|poke|p2|Zapdos-Galar|\n|poke|p2|Gardevoir, F|\n|poke|p2|Gliscor, M|\n|poke|p2|Giratina-Origin|\n|poke|p2|Gholdengo|\n|poke|p2|Kingambit, M|\n|teampreview\n|c|\u2606Littinpokemontalk|Oh no\n|\n|t:|1699011567\n|start\n|switch|p1a: Maushold|Maushold-Four|100\/100\n|switch|p2a: LvL 1 crook|Zapdos-Galar|100\/100\n|turn|1\n|\n|t:|1699011576\n|move|p2a: LvL 1 crook|Ancient Power|p1a: Maushold\n|-damage|p1a: Maushold|82\/100\n|move|p1a: Maushold|Population Bomb|p2a: LvL 1 crook\n|-damage|p2a: LvL 1 crook|86\/100\n|-damage|p2a: LvL 1 crook|73\/100\n|-damage|p2a: LvL 1 crook|59\/100\n|-damage|p2a: LvL 1 crook|46\/100\n|-damage|p2a: LvL 1 crook|31\/100\n|-damage|p2a: LvL 1 crook|17\/100\n|-damage|p2a: LvL 1 crook|4\/100\n|-damage|p2a: LvL 1 crook|0 fnt\n|faint|p2a: LvL 1 crook\n|-hitcount|p2: LvL 1 crook|8\n|\n|upkeep\n|inactive|Battle timer is ON: inactive players will automatically lose when time's up. (requested by JayzonAlcantara)\n|\n|t:|1699011595\n|switch|p2a: LvL1 feminist|Gardevoir, F|100\/100\n|-ability|p2a: LvL1 feminist|Technician|[from] ability: Trace|[of] p1a: Maushold\n|turn|2\n|\n|t:|1699011605\n|move|p1a: Maushold|Population Bomb|p2a: LvL1 feminist\n|-damage|p2a: LvL1 feminist|80\/100\n|-damage|p2a: LvL1 feminist|62\/100\n|-damage|p2a: LvL1 feminist|42\/100\n|-damage|p2a: LvL1 feminist|22\/100\n|-damage|p2a: LvL1 feminist|2\/100\n|-damage|p2a: LvL1 feminist|0 fnt\n|faint|p2a: LvL1 feminist\n|-hitcount|p2: LvL1 feminist|6\n|\n|upkeep\n|\n|t:|1699011617\n|switch|p2a: Fat|Giratina-Origin|100\/100\n|turn|3\n|\n|t:|1699011627\n|move|p1a: Maushold|Crunch|p2a: Fat\n|-supereffective|p2a: Fat\n|-damage|p2a: Fat|70\/100\n|-unboost|p2a: Fat|def|1\n|move|p2a: Fat|Dragon Pulse|p1a: Maushold\n|-damage|p1a: Maushold|17\/100\n|\n|upkeep\n|turn|4\n|\n|t:|1699011641\n|move|p2a: Fat|Protect|p2a: Fat\n|-singleturn|p2a: Fat|Protect\n|move|p1a: Maushold|Crunch|p2a: Fat\n|-activate|p2a: Fat|move: Protect\n|\n|upkeep\n|turn|5\n|\n|t:|1699011649\n|move|p1a: Maushold|Crunch|p2a: Fat\n|-supereffective|p2a: Fat\n|-damage|p2a: Fat|28\/100\n|move|p2a: Fat|Dragon Pulse|p1a: Maushold\n|-damage|p1a: Maushold|0 fnt\n|faint|p1a: Maushold\n|\n|upkeep\n|inactive|JayzonAlcantara has 120 seconds left.\n|\n|t:|1699011682\n|switch|p1a: Maushold|Maushold-Four|100\/100\n|turn|6\n|c|\u2606JayzonAlcantara|Maushold\n|\n|t:|1699011689\n|move|p1a: Maushold|Bullet Seed|p2a: Fat\n|-resisted|p2a: Fat\n|-damage|p2a: Fat|23\/100\n|-resisted|p2a: Fat\n|-damage|p2a: Fat|18\/100\n|-resisted|p2a: Fat\n|-damage|p2a: Fat|13\/100\n|-hitcount|p2a: Fat|3\n|move|p2a: Fat|Dragon Pulse|p1a: Maushold\n|-damage|p1a: Maushold|44\/100\n|\n|upkeep\n|turn|7\n|inactive|JayzonAlcantara has 120 seconds left.\n|\n|t:|1699011709\n|move|p1a: Maushold|Bullet Seed|p2a: Fat\n|-resisted|p2a: Fat\n|-damage|p2a: Fat|8\/100\n|-resisted|p2a: Fat\n|-damage|p2a: Fat|3\/100\n|-resisted|p2a: Fat\n|-damage|p2a: Fat|0 fnt\n|faint|p2a: Fat\n|-hitcount|p2: Fat|3\n|\n|upkeep\n|c|\u2606Littinpokemontalk|I\u2019m gonna lose\n|\n|t:|1699011720\n|switch|p2a: Overrated but\ud83d\udc4d|Gliscor, M|100\/100\n|turn|8\n|inactive|JayzonAlcantara has 120 seconds left.\n|c|\u2606JayzonAlcantara|Maushold\n|\n|t:|1699011739\n|move|p1a: Maushold|Population Bomb|p2a: Overrated but\ud83d\udc4d\n|-damage|p2a: Overrated but\ud83d\udc4d|89\/100\n|-damage|p2a: Overrated but\ud83d\udc4d|80\/100\n|-damage|p2a: Overrated but\ud83d\udc4d|70\/100\n|-damage|p2a: Overrated but\ud83d\udc4d|59\/100\n|-damage|p2a: Overrated but\ud83d\udc4d|49\/100\n|-damage|p2a: Overrated but\ud83d\udc4d|38\/100\n|-damage|p2a: Overrated but\ud83d\udc4d|29\/100\n|-damage|p2a: Overrated but\ud83d\udc4d|18\/100\n|-crit|p2a: Overrated but\ud83d\udc4d\n|-damage|p2a: Overrated but\ud83d\udc4d|4\/100\n|-damage|p2a: Overrated but\ud83d\udc4d|0 fnt\n|faint|p2a: Overrated but\ud83d\udc4d\n|-hitcount|p2: Overrated but\ud83d\udc4d|10\n|\n|upkeep\n|c|\u2606Littinpokemontalk|Ues\n|inactive|Littinpokemontalk has 120 seconds left.\n|\n|t:|1699011758\n|switch|p2a: Mr BEEEAAAASSST|Gholdengo|100\/100\n|turn|9\n|inactive|JayzonAlcantara has 120 seconds left.\n|inactive|Littinpokemontalk has 120 seconds left.\n|inactive|JayzonAlcantara has 90 seconds left.\n|c|\u2606Littinpokemontalk|Aaaaaaa\n|\n|t:|1699011813\n|move|p1a: Maushold|Bullet Seed|p2a: Mr BEEEAAAASSST\n|-resisted|p2a: Mr BEEEAAAASSST\n|-damage|p2a: Mr BEEEAAAASSST|96\/100\n|-resisted|p2a: Mr BEEEAAAASSST\n|-damage|p2a: Mr BEEEAAAASSST|92\/100\n|-resisted|p2a: Mr BEEEAAAASSST\n|-damage|p2a: Mr BEEEAAAASSST|87\/100\n|-resisted|p2a: Mr BEEEAAAASSST\n|-damage|p2a: Mr BEEEAAAASSST|82\/100\n|-resisted|p2a: Mr BEEEAAAASSST\n|-damage|p2a: Mr BEEEAAAASSST|78\/100\n|-hitcount|p2a: Mr BEEEAAAASSST|5\n|cant|p2a: Mr BEEEAAAASSST|flinch\n|\n|upkeep\n|turn|10\n|c|\u2606Littinpokemontalk|get the mousehauld away please\n|c|\u2606JayzonAlcantara|no\n|inactive|Littinpokemontalk has 120 seconds left.\n|inactive|JayzonAlcantara has 60 seconds left.\n|\n|t:|1699011843\n|move|p1a: Maushold|Bullet Seed|p2a: Mr BEEEAAAASSST\n|-resisted|p2a: Mr BEEEAAAASSST\n|-damage|p2a: Mr BEEEAAAASSST|73\/100\n|-resisted|p2a: Mr BEEEAAAASSST\n|-crit|p2a: Mr BEEEAAAASSST\n|-damage|p2a: Mr BEEEAAAASSST|65\/100\n|-hitcount|p2a: Mr BEEEAAAASSST|2\n|move|p2a: Mr BEEEAAAASSST|Flash Cannon|p1a: Maushold\n|-damage|p1a: Maushold|0 fnt\n|faint|p1a: Maushold\n|\n|upkeep\n|c|\u2606Littinpokemontalk|I\u2019ve developed a fear\n|inactive|JayzonAlcantara has 60 seconds left.\n|\n|t:|1699011852\n|switch|p1a: Zacian|Zacian-Crowned|100\/100\n|-ability|p1a: Zacian|Intrepid Sword|boost\n|-boost|p1a: Zacian|atk|1\n|turn|11\n|c|\u2606Littinpokemontalk|Thank you\n|inactive|Littinpokemontalk has 120 seconds left.\n|\n|t:|1699011871\n|-terastallize|p1a: Zacian|Fairy\n|move|p1a: Zacian|Play Rough|p2a: Mr BEEEAAAASSST\n|-resisted|p2a: Mr BEEEAAAASSST\n|-damage|p2a: Mr BEEEAAAASSST|0 fnt\n|faint|p2a: Mr BEEEAAAASSST\n|\n|upkeep\n|inactive|Littinpokemontalk has 120 seconds left.\n|\n|t:|1699011879\n|switch|p2a: Where queen?|Kingambit, M|100\/100\n|-activate|p2a: Where queen?|ability: Supreme Overlord\n|-start|p2a: Where queen?|fallen5|[silent]\n|turn|12\n|inactive|Littinpokemontalk has 120 seconds left.\n|\n|t:|1699011890\n|switch|p1a: Maushold|Maushold-Four, shiny|100\/100\n|move|p2a: Where queen?|Protect||[still]\n|-fail|p2a: Where queen?\n|\n|upkeep\n|turn|13\n|c|\u2606JayzonAlcantara|Maushold\n|inactive|JayzonAlcantara has 90 seconds left.\n|\n|t:|1699011898\n|move|p1a: Maushold|Population Bomb|p2a: Where queen?|[miss]\n|-miss|p1a: Maushold|p2a: Where queen?\n|move|p2a: Where queen?|Poison Jab|p1a: Maushold\n|-damage|p1a: Maushold|34\/100\n|\n|upkeep\n|turn|14\n|inactive|JayzonAlcantara has 90 seconds left.\n|\n|t:|1699011913\n|move|p2a: Where queen?|Protect|p2a: Where queen?\n|-singleturn|p2a: Where queen?|Protect\n|move|p1a: Maushold|Population Bomb|p2a: Where queen?\n|-activate|p2a: Where queen?|move: Protect\n|\n|upkeep\n|turn|15\n|\n|t:|1699011921\n|move|p2a: Where queen?|Sucker Punch|p1a: Maushold\n|-damage|p1a: Maushold|0 fnt\n|faint|p1a: Maushold\n|\n|upkeep\n|c|\u2606JayzonAlcantara|Maushold\n|\n|t:|1699011930\n|switch|p1a: Maushold|Maushold-Four|100\/100\n|turn|16\n|\n|t:|1699011937\n|move|p2a: Where queen?|Sucker Punch|p1a: Maushold\n|-damage|p1a: Maushold|20\/100\n|move|p1a: Maushold|Population Bomb|p2a: Where queen?\n|-resisted|p2a: Where queen?\n|-damage|p2a: Where queen?|97\/100\n|-resisted|p2a: Where queen?\n|-crit|p2a: Where queen?\n|-damage|p2a: Where queen?|90\/100\n|-hitcount|p2a: Where queen?|2\n|\n|upkeep\n|turn|17\n|inactive|JayzonAlcantara has 90 seconds left.\n|\n|t:|1699011968\n|move|p2a: Where queen?|Sucker Punch|p1a: Maushold\n|-damage|p1a: Maushold|0 fnt\n|faint|p1a: Maushold\n|\n|upkeep\n|\n|t:|1699011987\n|switch|p1a: Zacian|Zacian-Crowned, tera:Fairy|100\/100\n|turn|18\n|c|\u2606Littinpokemontalk|I\u2019ve lost my fear\n|c|\u2606JayzonAlcantara|Zacian\n|\n|t:|1699012011\n|move|p1a: Zacian|Fire Fang|p2a: Where queen?\n|-supereffective|p2a: Where queen?\n|-damage|p2a: Where queen?|46\/100\n|cant|p2a: Where queen?|flinch\n|\n|upkeep\n|turn|19\n|\n|t:|1699012021\n|move|p1a: Zacian|Close Combat|p2a: Where queen?\n|-supereffective|p2a: Where queen?\n|-damage|p2a: Where queen?|0 fnt\n|-unboost|p1a: Zacian|def|1\n|-unboost|p1a: Zacian|spd|1\n|faint|p2a: Where queen?\n|-end|p2a: Where queen?|fallen5|[silent]\n|\n|win|JayzonAlcantara\n|raw|JayzonAlcantara's rating: 1064 &rarr; <strong>1092<\/strong><br \/>(+28 for winning)\n|raw|Littinpokemontalk's rating: 1040 &rarr; <strong>1025<\/strong><br \/>(-15 for losing)\n","uploadtime":1699012030,"views":16,"p1id":"jayzonalcantara","p2id":"littinpokemontalk","formatid":"gen9anythinggoes","rating":1025,"private":0,"password":""}