{"id":"gen9anythinggoes-1982463740","p1":"Fur Else Gambit","p2":"gilter","format":"[Gen 9] Anything Goes","log":"|j|\u2606Fur Else Gambit\n|j|\u2606gilter\n|t:|1699017273\n|gametype|singles\n|player|p1|Fur Else Gambit|170|1150\n|player|p2|gilter|101|1116\n|teamsize|p1|6\n|teamsize|p2|6\n|gen|9\n|tier|[Gen 9] Anything Goes\n|rated|\n|rule|HP Percentage Mod: HP is shown in percentages\n|rule|Endless Battle Clause: Forcing endless battles is banned\n|clearpoke\n|poke|p1|Meowscarada, M|\n|poke|p1|Annihilape, F|\n|poke|p1|Talonflame, M|\n|poke|p1|Skeledirge, M|\n|poke|p1|Dragonite, F|\n|poke|p1|Lurantis, F|\n|poke|p2|Lilligant-Hisui, F|\n|poke|p2|Ceruledge, M|\n|poke|p2|Sylveon, F|\n|poke|p2|Glimmora, M|\n|poke|p2|Blissey, F|\n|poke|p2|Dragapult, F|\n|teampreview\n|\n|t:|1699017280\n|start\n|switch|p1a: Talonflame|Talonflame, M, shiny|100\/100\n|switch|p2a: Baby|Glimmora, M|100\/100\n|turn|1\n|\n|t:|1699017289\n|move|p1a: Talonflame|Tailwind|p1a: Talonflame\n|-sidestart|p1: Fur Else Gambit|move: Tailwind\n|move|p2a: Baby|Mortal Spin|p1a: Talonflame\n|-damage|p1a: Talonflame|91\/100\n|-status|p1a: Talonflame|psn\n|\n|-damage|p1a: Talonflame|79\/100 psn|[from] psn\n|upkeep\n|turn|2\n|\n|t:|1699017307\n|move|p1a: Talonflame|Swords Dance|p1a: Talonflame\n|-boost|p1a: Talonflame|atk|2\n|move|p2a: Baby|Earth Power|p1a: Talonflame\n|-immune|p1a: Talonflame\n|\n|-damage|p1a: Talonflame|66\/100 psn|[from] psn\n|upkeep\n|turn|3\n|-activate|p1a: Talonflame|item: Quick Claw\n|\n|t:|1699017315\n|-terastallize|p1a: Talonflame|Flying\n|move|p1a: Talonflame|Brave Bird|p2a: Baby\n|-resisted|p2a: Baby\n|-damage|p2a: Baby|28\/100\n|-activate|p2a: Baby|ability: Toxic Debris\n|-sidestart|p1: Fur Else Gambit|move: Toxic Spikes\n|-damage|p1a: Talonflame|42\/100 psn|[from] Recoil\n|move|p2a: Baby|Stealth Rock|p1a: Talonflame\n|-sidestart|p1: Fur Else Gambit|move: Stealth Rock\n|\n|-damage|p1a: Talonflame|29\/100 psn|[from] psn\n|upkeep\n|turn|4\n|\n|t:|1699017333\n|switch|p2a: Blissey|Blissey, F|100\/100\n|move|p1a: Talonflame|Brave Bird|p2a: Blissey\n|-damage|p2a: Blissey|0 fnt\n|faint|p2a: Blissey\n|-damage|p1a: Talonflame|0 fnt|[from] Recoil\n|faint|p1a: Talonflame\n|\n|-sideend|p1: Fur Else Gambit|move: Tailwind\n|upkeep\n|\n|t:|1699017345\n|switch|p1a: Dragonite|Dragonite, F|100\/100\n|switch|p2a: :3|Ceruledge, M, shiny|100\/100\n|-damage|p1a: Dragonite|76\/100|[from] Stealth Rock\n|turn|5\n|\n|t:|1699017355\n|move|p1a: Dragonite|Aqua Tail|p2a: :3\n|-supereffective|p2a: :3\n|-damage|p2a: :3|22\/100\n|move|p2a: :3|Taunt|p1a: Dragonite\n|-start|p1a: Dragonite|move: Taunt\n|\n|upkeep\n|turn|6\n|\n|t:|1699017363\n|switch|p2a: Sylveon|Sylveon, F|100\/100\n|move|p1a: Dragonite|Aqua Tail|p2a: Sylveon\n|-damage|p2a: Sylveon|61\/100\n|\n|-heal|p2a: Sylveon|67\/100|[from] item: Leftovers\n|upkeep\n|turn|7\n|\n|t:|1699017384\n|switch|p1a: Lurantis|Lurantis, F|100\/100\n|-status|p1a: Lurantis|psn\n|-damage|p1a: Lurantis|88\/100 psn|[from] Stealth Rock\n|move|p2a: Sylveon|Hyper Voice|p1a: Lurantis\n|-damage|p1a: Lurantis|59\/100 psn\n|\n|-heal|p2a: Sylveon|73\/100|[from] item: Leftovers\n|-damage|p1a: Lurantis|47\/100 psn|[from] psn\n|upkeep\n|turn|8\n|\n|t:|1699017397\n|move|p2a: Sylveon|Protect|p2a: Sylveon\n|-singleturn|p2a: Sylveon|Protect\n|move|p1a: Lurantis|Leaf Storm|p2a: Sylveon\n|-activate|p2a: Sylveon|move: Protect\n|\n|-heal|p2a: Sylveon|79\/100|[from] item: Leftovers\n|-damage|p1a: Lurantis|35\/100 psn|[from] psn\n|upkeep\n|turn|9\n|\n|t:|1699017405\n|move|p2a: Sylveon|Protect||[still]\n|-fail|p2a: Sylveon\n|move|p1a: Lurantis|Leaf Storm|p2a: Sylveon\n|-damage|p2a: Sylveon|61\/100\n|-boost|p1a: Lurantis|spa|2\n|\n|-heal|p2a: Sylveon|67\/100|[from] item: Leftovers\n|-damage|p1a: Lurantis|23\/100 psn|[from] psn\n|upkeep\n|turn|10\n|\n|t:|1699017419\n|move|p2a: Sylveon|Calm Mind|p2a: Sylveon\n|-boost|p2a: Sylveon|spa|1\n|-boost|p2a: Sylveon|spd|1\n|move|p1a: Lurantis|Leaf Storm|p2a: Sylveon\n|-damage|p2a: Sylveon|42\/100\n|-boost|p1a: Lurantis|spa|2\n|\n|-heal|p2a: Sylveon|48\/100|[from] item: Leftovers\n|-damage|p1a: Lurantis|10\/100 psn|[from] psn\n|upkeep\n|turn|11\n|\n|t:|1699017428\n|move|p2a: Sylveon|Protect|p2a: Sylveon\n|-singleturn|p2a: Sylveon|Protect\n|move|p1a: Lurantis|Leaf Storm|p2a: Sylveon\n|-activate|p2a: Sylveon|move: Protect\n|\n|-heal|p2a: Sylveon|54\/100|[from] item: Leftovers\n|-damage|p1a: Lurantis|0 fnt|[from] psn\n|faint|p1a: Lurantis\n|upkeep\n|\n|t:|1699017438\n|switch|p1a: Meowscarada|Meowscarada, M|100\/100\n|-status|p1a: Meowscarada|psn\n|-damage|p1a: Meowscarada|88\/100 psn|[from] Stealth Rock\n|turn|12\n|\n|t:|1699017446\n|move|p2a: Sylveon|Protect||[still]\n|-fail|p2a: Sylveon\n|move|p1a: Meowscarada|Flower Trick|p2a: Sylveon\n|-crit|p2a: Sylveon\n|-damage|p2a: Sylveon|0 fnt\n|faint|p2a: Sylveon\n|\n|-damage|p1a: Meowscarada|76\/100 psn|[from] psn\n|upkeep\n|\n|t:|1699017457\n|switch|p2a: Lilligant|Lilligant-Hisui, F|100\/100\n|turn|13\n|\n|t:|1699017463\n|move|p1a: Meowscarada|Flower Trick|p2a: Lilligant\n|-resisted|p2a: Lilligant\n|-crit|p2a: Lilligant\n|-damage|p2a: Lilligant|43\/100\n|move|p2a: Lilligant|Ice Spinner|p1a: Meowscarada\n|-supereffective|p1a: Meowscarada\n|-damage|p1a: Meowscarada|0 fnt\n|faint|p1a: Meowscarada\n|\n|-heal|p2a: Lilligant|49\/100|[from] item: Leftovers\n|upkeep\n|\n|t:|1699017477\n|switch|p1a: Skeledirge|Skeledirge, M|100\/100\n|-status|p1a: Skeledirge|psn\n|-damage|p1a: Skeledirge|75\/100 psn|[from] Stealth Rock\n|turn|14\n|\n|t:|1699017489\n|-terastallize|p2a: Lilligant|Ghost\n|move|p2a: Lilligant|Close Combat|p1a: Skeledirge\n|-immune|p1a: Skeledirge\n|move|p1a: Skeledirge|Torch Song|p2a: Lilligant\n|-damage|p2a: Lilligant|0 fnt\n|-boost|p1a: Skeledirge|spa|1\n|faint|p2a: Lilligant\n|\n|-heal|p1a: Skeledirge|82\/100 psn|[from] item: Leftovers\n|-damage|p1a: Skeledirge|69\/100 psn|[from] psn\n|upkeep\n|\n|t:|1699017493\n|switch|p2a: Dragapult|Dragapult, F|100\/100\n|turn|15\n|\n|t:|1699017505\n|move|p2a: Dragapult|Phantom Force||[still]\n|-prepare|p2a: Dragapult|Phantom Force\n|move|p1a: Skeledirge|Poltergeist|p2a: Dragapult|[miss]\n|-miss|p1a: Skeledirge|p2a: Dragapult\n|\n|-heal|p1a: Skeledirge|75\/100 psn|[from] item: Leftovers\n|-damage|p1a: Skeledirge|63\/100 psn|[from] psn\n|upkeep\n|turn|16\n|\n|t:|1699017519\n|switch|p1a: Dragonite|Dragonite, F|76\/100\n|-damage|p1a: Dragonite|51\/100|[from] Stealth Rock\n|move|p2a: Dragapult|Phantom Force|p1a: Dragonite|[from]lockedmove\n|-damage|p1a: Dragonite|0 fnt\n|faint|p1a: Dragonite\n|-damage|p2a: Dragapult|91\/100|[from] item: Life Orb\n|\n|upkeep\n|\n|t:|1699017529\n|switch|p1a: Annihilape|Annihilape, F|100\/100\n|-status|p1a: Annihilape|psn\n|-damage|p1a: Annihilape|94\/100 psn|[from] Stealth Rock\n|turn|17\n|\n|t:|1699017541\n|move|p2a: Dragapult|Phantom Force||[still]\n|-prepare|p2a: Dragapult|Phantom Force\n|move|p1a: Annihilape|Rage Fist|p2a: Dragapult|[miss]\n|-miss|p1a: Annihilape|p2a: Dragapult\n|\n|-heal|p1a: Annihilape|100\/100 psn|[from] item: Leftovers\n|-damage|p1a: Annihilape|88\/100 psn|[from] psn\n|upkeep\n|turn|18\n|\n|t:|1699017548\n|move|p2a: Dragapult|Phantom Force|p1a: Annihilape|[from]lockedmove\n|-supereffective|p1a: Annihilape\n|-damage|p1a: Annihilape|0 fnt\n|faint|p1a: Annihilape\n|-damage|p2a: Dragapult|81\/100|[from] item: Life Orb\n|\n|upkeep\n|\n|t:|1699017554\n|switch|p1a: Skeledirge|Skeledirge, M|63\/100 psn\n|-damage|p1a: Skeledirge|38\/100 psn|[from] Stealth Rock\n|turn|19\n|\n|t:|1699017558\n|move|p2a: Dragapult|Phantom Force||[still]\n|-prepare|p2a: Dragapult|Phantom Force\n|move|p1a: Skeledirge|Slack Off|p1a: Skeledirge\n|-heal|p1a: Skeledirge|88\/100 psn\n|\n|-heal|p1a: Skeledirge|94\/100 psn|[from] item: Leftovers\n|-damage|p1a: Skeledirge|82\/100 psn|[from] psn\n|upkeep\n|turn|20\n|\n|t:|1699017565\n|move|p2a: Dragapult|Phantom Force|p1a: Skeledirge|[from]lockedmove\n|-supereffective|p1a: Skeledirge\n|-damage|p1a: Skeledirge|0 fnt\n|faint|p1a: Skeledirge\n|-damage|p2a: Dragapult|71\/100|[from] item: Life Orb\n|\n|win|gilter\n|raw|Fur Else Gambit's rating: 1150 &rarr; <strong>1123<\/strong><br \/>(-27 for losing)\n|raw|gilter's rating: 1116 &rarr; <strong>1143<\/strong><br \/>(+27 for winning)\n|c|\u2606gilter|gg\n|l|\u2606Fur Else Gambit\n","uploadtime":1699017574,"views":6,"p1id":"furelsegambit","p2id":"gilter","formatid":"gen9anythinggoes","rating":1123,"private":0,"password":""}