{"id":"gen9anythinggoes-1990509954","p1":"pizzafire6","p2":"20sideddiogenes","format":"[Gen 9] Anything Goes","log":"|j|\u2606pizzafire6\n|j|\u260620sideddiogenes\n|t:|1699977356\n|gametype|singles\n|player|p1|pizzafire6|ethan|1313\n|player|p2|20sideddiogenes|plumeria|1348\n|teamsize|p1|6\n|teamsize|p2|6\n|gen|9\n|tier|[Gen 9] Anything Goes\n|rated|\n|rule|HP Percentage Mod: HP is shown in percentages\n|rule|Endless Battle Clause: Forcing endless battles is banned\n|clearpoke\n|poke|p1|Honchkrow, M|\n|poke|p1|Lokix, F|\n|poke|p1|Shaymin-Sky|\n|poke|p1|Sneasler, M|\n|poke|p1|Samurott-Hisui, M|\n|poke|p1|Ditto|\n|poke|p2|Azumarill, M|\n|poke|p2|Iron Moth|\n|poke|p2|Espathra, F|\n|poke|p2|Annihilape, M|\n|poke|p2|Ursaluna-Bloodmoon, M|\n|poke|p2|Pincurchin, M|\n|teampreview\n|c|\u2606pizzafire6|bloodmoon -_-\n|\n|t:|1699977367\n|start\n|switch|p1a: Sneasler|Sneasler, M|100\/100\n|switch|p2a: Our Car|Espathra, F|100\/100\n|turn|1\n|c|\u260620sideddiogenes|teehee\n|\n|t:|1699977378\n|move|p1a: Sneasler|Taunt|p2a: Our Car\n|-start|p2a: Our Car|move: Taunt\n|cant|p2a: Our Car|move: Taunt|Calm Mind\n|\n|-ability|p2a: Our Car|Speed Boost|boost\n|-boost|p2a: Our Car|spe|1\n|upkeep\n|turn|2\n|\n|t:|1699977388\n|move|p2a: Our Car|Stored Power|p1a: Sneasler\n|-supereffective|p1a: Sneasler\n|-damage|p1a: Sneasler|0 fnt\n|faint|p1a: Sneasler\n|\n|-ability|p2a: Our Car|Speed Boost|boost\n|-boost|p2a: Our Car|spe|1\n|upkeep\n|\n|t:|1699977402\n|switch|p1a: Ditto|Ditto|100\/100\n|-transform|p1a: Ditto|p2a: Our Car|[from] ability: Imposter\n|turn|3\n|c|\u2606pizzafire6|I accidently pasted my entire team xd\n|c|\u2606pizzafire6|had to backspace\n|c|\u260620sideddiogenes|ehehe damn\n|\n|t:|1699977436\n|move|p1a: Ditto|Protect|p1a: Ditto\n|-singleturn|p1a: Ditto|Protect\n|move|p2a: Our Car|Stored Power|p1a: Ditto\n|-activate|p1a: Ditto|move: Protect\n|\n|-end|p2a: Our Car|move: Taunt\n|-ability|p1a: Ditto|Speed Boost|boost\n|-boost|p1a: Ditto|spe|1\n|-ability|p2a: Our Car|Speed Boost|boost\n|-boost|p2a: Our Car|spe|1\n|upkeep\n|turn|4\n|\n|t:|1699977473\n|move|p1a: Ditto|Baton Pass|p1a: Ditto\n|\n|t:|1699977480\n|switch|p1a: Honchkrow|Honchkrow, M|100\/100|[from] Baton Pass\n|move|p2a: Our Car|Baton Pass|p2a: Our Car\n|\n|t:|1699977511\n|switch|p2a: The Husband|Ursaluna-Bloodmoon, M|100\/100|[from] Baton Pass\n|\n|upkeep\n|turn|5\n|c|\u2606pizzafire6|watch me die in 0.2 seconds\n|c|\u260620sideddiogenes|:3\n|\n|t:|1699977537\n|move|p1a: Honchkrow|Haze|p1a: Honchkrow\n|-clearallboost\n|move|p2a: The Husband|Blood Moon|p1a: Honchkrow\n|-enditem|p1a: Honchkrow|Focus Sash\n|-damage|p1a: Honchkrow|1\/100\n|\n|upkeep\n|turn|6\n|\n|t:|1699977544\n|move|p2a: The Husband|Vacuum Wave|p1a: Honchkrow\n|-damage|p1a: Honchkrow|0 fnt\n|faint|p1a: Honchkrow\n|\n|upkeep\n|c|\u260620sideddiogenes|teehee\n|c|\u2606pizzafire6|!dt vacuum wave\n|raw|<ul class=\"utilichart\"><li class=\"result\"><span class=\"col movenamecol\"><a href=\"https:\/\/dex.pokemonshowdown.com\/moves\/vacuumwave\">Vacuum Wave<\/a><\/span> <span class=\"col typecol\"><img src=\"\/\/play.pokemonshowdown.com\/sprites\/types\/Fighting.png\" alt=\"Fighting\" width=\"32\" height=\"14\"><img src=\"\/\/play.pokemonshowdown.com\/sprites\/categories\/Special.png\" alt=\"Special\" width=\"32\" height=\"14\"><\/span> <span class=\"col labelcol\"><em>Power<\/em><br>40<\/span> <span class=\"col widelabelcol\"><em>Accuracy<\/em><br>100%<\/span> <span class=\"col pplabelcol\"><em>PP<\/em><br>48<\/span> <span class=\"col movedesccol\">Usually goes first.<\/span> <\/li><li style=\"clear:both\"><\/li><\/ul>\n|raw|<font size=\"1\"><font color=\"#686868\">Priority:<\/font> 1&nbsp;|&ThickSpace;<font color=\"#686868\">Gen:<\/font> 4&nbsp;|&ThickSpace;<font color=\"#686868\">Z-Power:<\/font> 100&nbsp;|&ThickSpace;<font color=\"#686868\">Dynamax Power:<\/font> 70&nbsp;|&ThickSpace;<font color=\"#686868\">Target:<\/font> One Adjacent Pok\u00e9mon<\/font>\n\n|c|\u2606pizzafire6|owy\n|c|\u260620sideddiogenes|thats why I took it\n|c|\u260620sideddiogenes|priority\n|\n|t:|1699977562\n|switch|p1a: Samurott|Samurott-Hisui, M, shiny|100\/100\n|turn|7\n|c|\u2606pizzafire6|priority this\n|c|\u260620sideddiogenes|sure\n|inactive|Battle timer is ON: inactive players will automatically lose when time's up. (requested by 20sideddiogenes)\n|c|\u2606pizzafire6|oh wait......\n|c|\u260620sideddiogenes|lmao\n|c|\u2606pizzafire6|I cant even tera out of this\n|\n|t:|1699977594\n|switch|p2a: The Repellant|Pincurchin, M|100\/100\n|move|p1a: Samurott|Ceaseless Edge|p2a: The Repellant\n|-damage|p2a: The Repellant|47\/100\n|-sidestart|p2: 20sideddiogenes|Spikes\n|\n|upkeep\n|turn|8\n|c|\u2606pizzafire6|ahhhhh\n|\n|t:|1699977602\n|move|p1a: Samurott|Ceaseless Edge|p2a: The Repellant\n|-damage|p2a: The Repellant|0 fnt\n|-sidestart|p2: 20sideddiogenes|Spikes\n|faint|p2a: The Repellant\n|\n|upkeep\n|\n|t:|1699977605\n|switch|p2a: My Son|Azumarill, M|100\/100\n|-damage|p2a: My Son|84\/100|[from] Spikes\n|turn|9\n|\n|t:|1699977618\n|move|p1a: Samurott|Ceaseless Edge|p2a: My Son\n|-resisted|p2a: My Son\n|-crit|p2a: My Son\n|-damage|p2a: My Son|52\/100\n|-sidestart|p2: 20sideddiogenes|Spikes\n|move|p2a: My Son|Play Rough|p1a: Samurott|[miss]\n|-miss|p2a: My Son|p1a: Samurott\n|\n|upkeep\n|turn|10\n|\n|t:|1699977629\n|move|p1a: Samurott|Drill Run|p2a: My Son\n|-crit|p2a: My Son\n|-damage|p2a: My Son|13\/100\n|-enditem|p2a: My Son|Sitrus Berry|[eat]\n|-heal|p2a: My Son|38\/100|[from] item: Sitrus Berry\n|move|p2a: My Son|Play Rough|p1a: Samurott\n|-supereffective|p1a: Samurott\n|-damage|p1a: Samurott|0 fnt\n|faint|p1a: Samurott\n|\n|upkeep\n|\n|t:|1699977635\n|switch|p1a: Shaymin|Shaymin-Sky, shiny|100\/100\n|turn|11\n|\n|t:|1699977645\n|move|p2a: My Son|Aqua Jet|p1a: Shaymin\n|-resisted|p1a: Shaymin\n|-damage|p1a: Shaymin|86\/100\n|move|p1a: Shaymin|Air Slash|p2a: My Son\n|-damage|p2a: My Son|3\/100\n|\n|upkeep\n|turn|12\n|c|\u2606pizzafire6|your son must die\n|\n|t:|1699977651\n|move|p2a: My Son|Aqua Jet|p1a: Shaymin\n|-resisted|p1a: Shaymin\n|-damage|p1a: Shaymin|70\/100\n|move|p1a: Shaymin|Air Slash|p2a: My Son\n|-damage|p2a: My Son|0 fnt\n|faint|p2a: My Son\n|\n|upkeep\n|c|\u260620sideddiogenes|he's done his part\n|c|\u260620sideddiogenes|I love him\n|\n|t:|1699977661\n|switch|p2a: The Wife|Iron Moth|100\/100\n|-damage|p2a: The Wife|76\/100|[from] Spikes\n|-enditem|p2a: The Wife|Booster Energy\n|-activate|p2a: The Wife|ability: Quark Drive|[fromitem]\n|-start|p2a: The Wife|quarkdrivespa\n|turn|13\n|c|\u2606pizzafire6|20 sidedd io genes\n|c|\u260620sideddiogenes|lmao\n|inactive|pizzafire6 has 120 seconds left.\n|c|\u260620sideddiogenes|20 sided diogenes\n|c|\u260620sideddiogenes|like 20 sided dice\n|c|\u2606pizzafire6|naw I like my version better\n|c|\u260620sideddiogenes|and diogenes, my favorite philosopher\n|\n|t:|1699977715\n|move|p1a: Shaymin|Air Slash|p2a: The Wife\n|-damage|p2a: The Wife|33\/100\n|cant|p2a: The Wife|flinch\n|\n|upkeep\n|turn|14\n|c|\u2606pizzafire6|hehe\n|c|\u2606pizzafire6|flinch\n|\n|t:|1699977722\n|move|p1a: Shaymin|Air Slash|p2a: The Wife\n|-damage|p2a: The Wife|0 fnt\n|faint|p2a: The Wife\n|-end|p2a: The Wife|Quark Drive|[silent]\n|\n|upkeep\n|\n|t:|1699977726\n|switch|p2a: The Husband|Ursaluna-Bloodmoon, M|100\/100\n|-damage|p2a: The Husband|76\/100|[from] Spikes\n|turn|15\n|inactive|pizzafire6 has 120 seconds left.\n|c|\u2606pizzafire6|hmmmmmmm\n|\n|t:|1699977739\n|move|p1a: Shaymin|Air Slash|p2a: The Husband\n|-damage|p2a: The Husband|32\/100\n|move|p2a: The Husband|Blood Moon|p1a: Shaymin\n|-damage|p1a: Shaymin|0 fnt\n|faint|p1a: Shaymin\n|\n|-heal|p2a: The Husband|38\/100|[from] item: Leftovers\n|upkeep\n|c|\u2606pizzafire6|damn\n|c|\u2606pizzafire6|priority vs priority\n|\n|t:|1699977754\n|switch|p1a: Lokix|Lokix, F|100\/100\n|turn|16\n|\n|t:|1699977762\n|-terastallize|p1a: Lokix|Bug\n|move|p1a: Lokix|First Impression|p2a: The Husband\n|-damage|p2a: The Husband|0 fnt\n|faint|p2a: The Husband\n|-damage|p1a: Lokix|91\/100|[from] item: Life Orb\n|\n|upkeep\n|c|\u2606pizzafire6|yeet\n|\n|t:|1699977768\n|switch|p2a: Grandpa|Annihilape, M|100\/100\n|-damage|p2a: Grandpa|76\/100|[from] Spikes\n|turn|17\n|inactive|pizzafire6 has 120 seconds left.\n|\n|t:|1699977780\n|move|p1a: Lokix|U-turn|p2a: Grandpa\n|-resisted|p2a: Grandpa\n|-damage|p2a: Grandpa|50\/100\n|-damage|p1a: Lokix|81\/100|[from] item: Life Orb\n|\n|t:|1699977783\n|switch|p1a: Ditto|Ditto|100\/100|[from] U-turn\n|-transform|p1a: Ditto|p2a: Grandpa|[from] ability: Imposter\n|move|p2a: Grandpa|Rage Fist|p1a: Ditto\n|-supereffective|p1a: Ditto\n|-crit|p1a: Ditto\n|-damage|p1a: Ditto|0 fnt\n|faint|p1a: Ditto\n|\n|upkeep\n|\n|t:|1699977786\n|switch|p1a: Lokix|Lokix, F, tera:Bug|81\/100\n|turn|18\n|c|\u2606pizzafire6|OOF\n|c|\u260620sideddiogenes|:3\n|c|\u2606pizzafire6|gg\n|\n|t:|1699977794\n|move|p1a: Lokix|First Impression|p2a: Grandpa\n|-resisted|p2a: Grandpa\n|-damage|p2a: Grandpa|19\/100\n|-damage|p1a: Lokix|71\/100|[from] item: Life Orb\n|move|p2a: Grandpa|Rage Fist|p1a: Lokix\n|-damage|p1a: Lokix|0 fnt\n|faint|p1a: Lokix\n|\n|win|20sideddiogenes\n|raw|pizzafire6's rating: 1313 &rarr; <strong>1295<\/strong><br \/>(-18 for losing)\n|raw|20sideddiogenes's rating: 1348 &rarr; <strong>1366<\/strong><br \/>(+18 for winning)\n","uploadtime":1699977651,"views":3,"p1id":"pizzafire6","p2id":"20sideddiogenes","formatid":"gen9anythinggoes","rating":1295,"private":0,"password":""}