{"id":"gen9anythinggoes-1999370349","p1":"cxrecrack","p2":"Khryce","format":"[Gen 9] Anything Goes","log":"|j|\u2606cxrecrack\n|j|\u2606Khryce\n|t:|1701068532\n|gametype|singles\n|player|p1|cxrecrack|169|1130\n|player|p2|Khryce|preschooler|1119\n|teamsize|p1|6\n|teamsize|p2|6\n|gen|9\n|tier|[Gen 9] Anything Goes\n|rated|\n|rule|HP Percentage Mod: HP is shown in percentages\n|rule|Endless Battle Clause: Forcing endless battles is banned\n|clearpoke\n|poke|p1|Regieleki|\n|poke|p1|Empoleon, F|\n|poke|p1|Scovillain, F|\n|poke|p1|Ursaluna-Bloodmoon, M|\n|poke|p1|Grafaiai, M|\n|poke|p1|Gengar, M|\n|poke|p2|Grafaiai, F|\n|poke|p2|Ursaluna, M|\n|poke|p2|Blissey, F|\n|poke|p2|Ambipom, F|\n|poke|p2|Zoroark-Hisui, F|\n|poke|p2|Ursaluna-Bloodmoon, M|\n|teampreview\n|inactive|Battle timer is ON: inactive players will automatically lose when time's up. (requested by Khryce)\n|j| 163c\n|\n|t:|1701068556\n|start\n|switch|p1a: Grafaiai|Grafaiai, M|100\/100\n|switch|p2a: Grafaiai|Grafaiai, F|100\/100\n|turn|1\n|\n|t:|1701068561\n|move|p1a: Grafaiai|Taunt|p2a: Grafaiai\n|-start|p2a: Grafaiai|move: Taunt\n|move|p2a: Grafaiai|Knock Off|p1a: Grafaiai\n|-damage|p1a: Grafaiai|72\/100\n|-enditem|p1a: Grafaiai|Focus Sash|[from] move: Knock Off|[of] p2a: Grafaiai\n|\n|upkeep\n|turn|2\n|\n|t:|1701068568\n|move|p1a: Grafaiai|Nasty Plot|p1a: Grafaiai\n|-boost|p1a: Grafaiai|spa|2\n|move|p2a: Grafaiai|Foul Play|p1a: Grafaiai\n|-damage|p1a: Grafaiai|50\/100\n|\n|upkeep\n|turn|3\n|\n|t:|1701068576\n|switch|p2a: Blissey|Blissey, F|100\/100\n|move|p1a: Grafaiai|Baton Pass|p1a: Grafaiai\n|\n|t:|1701068581\n|switch|p1a: Ursaluna|Ursaluna-Bloodmoon, M|100\/100|[from] Baton Pass\n|\n|upkeep\n|turn|4\n|\n|t:|1701068586\n|move|p2a: Blissey|Light Screen|p2a: Blissey\n|-sidestart|p2: Khryce|move: Light Screen\n|move|p1a: Ursaluna|Blood Moon|p2a: Blissey\n|-damage|p2a: Blissey|77\/100\n|\n|-heal|p2a: Blissey|83\/100|[from] item: Leftovers\n|upkeep\n|turn|5\n|\n|t:|1701068600\n|move|p2a: Blissey|Seismic Toss|p1a: Ursaluna\n|-damage|p1a: Ursaluna|77\/100\n|move|p1a: Ursaluna|Body Press|p2a: Blissey\n|-supereffective|p2a: Blissey\n|-damage|p2a: Blissey|0 fnt\n|faint|p2a: Blissey\n|\n|upkeep\n|\n|t:|1701068611\n|switch|p2a: Ambipom|Ambipom, F|100\/100\n|turn|6\n|\n|t:|1701068618\n|-terastallize|p2a: Ambipom|Normal\n|move|p2a: Ambipom|Fake Out|p1a: Ursaluna\n|-damage|p1a: Ursaluna|46\/100\n|cant|p1a: Ursaluna|flinch\n|\n|upkeep\n|turn|7\n|\n|t:|1701068624\n|move|p2a: Ambipom|Double Hit|p1a: Ursaluna\n|-damage|p1a: Ursaluna|19\/100\n|-damage|p1a: Ursaluna|0 fnt\n|faint|p1a: Ursaluna\n|-hitcount|p1: Ursaluna|2\n|\n|upkeep\n|\n|t:|1701068636\n|switch|p1a: Empoleon|Empoleon, F|100\/100\n|turn|8\n|\n|t:|1701068641\n|switch|p1a: Gengar|Gengar, M|100\/100\n|move|p2a: Ambipom|Knock Off|p1a: Gengar\n|-supereffective|p1a: Gengar\n|-damage|p1a: Gengar|0 fnt\n|-enditem|p1a: Gengar|Quick Claw|[from] move: Knock Off|[of] p2a: Ambipom\n|faint|p1a: Gengar\n|\n|-sideend|p2: Khryce|move: Light Screen\n|upkeep\n|-message|cxrecrack forfeited.\n|\n|win|Khryce\n|raw|cxrecrack's rating: 1130 &rarr; <strong>1104<\/strong><br \/>(-26 for losing)\n|raw|Khryce's rating: 1119 &rarr; <strong>1145<\/strong><br \/>(+26 for winning)\n|l|\u2606cxrecrack\n","uploadtime":1701068653,"views":2,"p1id":"cxrecrack","p2id":"khryce","formatid":"gen9anythinggoes","rating":1104,"private":0,"password":""}