{"id":"gen9anythinggoes-1974803117","p1":"Detroit14","p2":"Sni30","format":"[Gen 9] Anything Goes","log":"|j|\u2606Detroit14\n|j|\u2606Sni30\n|t:|1698127003\n|gametype|singles\n|player|p1|Detroit14|102|1185\n|player|p2|Sni30|pokemaniac|1058\n|teamsize|p1|6\n|teamsize|p2|6\n|gen|9\n|tier|[Gen 9] Anything Goes\n|rated|\n|rule|HP Percentage Mod: HP is shown in percentages\n|rule|Endless Battle Clause: Forcing endless battles is banned\n|clearpoke\n|poke|p1|Basculegion, M|\n|poke|p1|Mimikyu, F|\n|poke|p1|Staraptor, M|\n|poke|p1|Azelf|\n|poke|p1|Starly, L1, F|\n|poke|p1|Giratina-Origin|\n|poke|p2|Drifblim, F|\n|poke|p2|Medicham, M|\n|poke|p2|Krookodile, M|\n|poke|p2|Snorlax, M|\n|poke|p2|Dragapult, F|\n|poke|p2|Charizard, M|\n|teampreview\n|inactive|Battle timer is ON: inactive players will automatically lose when time's up. (requested by Sni30)\n|\n|t:|1698127007\n|start\n|switch|p1a: Starly|Starly, L1, F|100\/100\n|switch|p2a: Drifblim|Drifblim, F, shiny|100\/100\n|turn|1\n|c|\u2606Sni30|Hi\n|\n|t:|1698127014\n|switch|p1a: Mimikyu|Mimikyu, F|100\/100\n|move|p2a: Drifblim|Substitute|p2a: Drifblim\n|-start|p2a: Drifblim|Substitute\n|-damage|p2a: Drifblim|75\/100\n|\n|-heal|p2a: Drifblim|82\/100|[from] item: Leftovers\n|upkeep\n|turn|2\n|\n|t:|1698127022\n|move|p1a: Mimikyu|Shadow Sneak|p2a: Drifblim\n|-supereffective|p2a: Drifblim\n|-end|p2a: Drifblim|Substitute\n|move|p2a: Drifblim|Minimize|p2a: Drifblim\n|-boost|p2a: Drifblim|evasion|2\n|\n|-heal|p2a: Drifblim|88\/100|[from] item: Leftovers\n|upkeep\n|turn|3\n|\n|t:|1698127031\n|move|p1a: Mimikyu|Shadow Sneak|p2a: Drifblim\n|-supereffective|p2a: Drifblim\n|-damage|p2a: Drifblim|51\/100\n|move|p2a: Drifblim|Substitute|p2a: Drifblim\n|-start|p2a: Drifblim|Substitute\n|-damage|p2a: Drifblim|26\/100\n|\n|-heal|p2a: Drifblim|32\/100|[from] item: Leftovers\n|upkeep\n|turn|4\n|\n|t:|1698127039\n|move|p1a: Mimikyu|Shadow Sneak|p2a: Drifblim\n|-supereffective|p2a: Drifblim\n|-end|p2a: Drifblim|Substitute\n|move|p2a: Drifblim|Minimize|p2a: Drifblim\n|-boost|p2a: Drifblim|evasion|2\n|\n|-heal|p2a: Drifblim|38\/100|[from] item: Leftovers\n|upkeep\n|turn|5\n|\n|t:|1698127047\n|move|p1a: Mimikyu|Shadow Sneak|p2a: Drifblim|[miss]\n|-miss|p1a: Mimikyu|p2a: Drifblim\n|move|p2a: Drifblim|Substitute|p2a: Drifblim\n|-start|p2a: Drifblim|Substitute\n|-damage|p2a: Drifblim|13\/100\n|\n|-heal|p2a: Drifblim|19\/100|[from] item: Leftovers\n|upkeep\n|turn|6\n|\n|t:|1698127055\n|move|p1a: Mimikyu|Shadow Sneak|p2a: Drifblim|[miss]\n|-miss|p1a: Mimikyu|p2a: Drifblim\n|move|p2a: Drifblim|Minimize|p2a: Drifblim\n|-boost|p2a: Drifblim|evasion|2\n|\n|-heal|p2a: Drifblim|25\/100|[from] item: Leftovers\n|upkeep\n|turn|7\n|c|\u2606Sni30|You ready for a bad time?\n|\n|t:|1698127075\n|move|p1a: Mimikyu|Shadow Sneak|p2a: Drifblim|[miss]\n|-miss|p1a: Mimikyu|p2a: Drifblim\n|move|p2a: Drifblim|Baton Pass|p2a: Drifblim\n|\n|t:|1698127079\n|switch|p2a: Medicham|Medicham, M|100\/100|[from] Baton Pass\n|\n|upkeep\n|turn|8\n|\n|t:|1698127087\n|move|p1a: Mimikyu|Play Rough|p2a: Medicham|[miss]\n|-miss|p1a: Mimikyu|p2a: Medicham\n|move|p2a: Medicham|Acupressure|p2a: Medicham\n|-boost|p2a: Medicham|def|2\n|\n|upkeep\n|turn|9\n|\n|t:|1698127094\n|move|p1a: Mimikyu|Play Rough|p2a: Medicham|[miss]\n|-miss|p1a: Mimikyu|p2a: Medicham\n|move|p2a: Medicham|Acupressure|p2a: Medicham\n|-boost|p2a: Medicham|spa|2\n|\n|upkeep\n|turn|10\n|\n|t:|1698127103\n|move|p1a: Mimikyu|Play Rough|p2a: Medicham|[miss]\n|-miss|p1a: Mimikyu|p2a: Medicham\n|move|p2a: Medicham|Acupressure|p2a: Medicham\n|-boost|p2a: Medicham|def|2\n|\n|upkeep\n|turn|11\n|\n|t:|1698127110\n|move|p1a: Mimikyu|Play Rough|p2a: Medicham\n|-supereffective|p2a: Medicham\n|-activate|p2a: Medicham|move: Substitute|[damage]\n|move|p2a: Medicham|Bulk Up|p2a: Medicham\n|-boost|p2a: Medicham|atk|1\n|-boost|p2a: Medicham|def|1\n|\n|upkeep\n|turn|12\n|\n|t:|1698127118\n|move|p1a: Mimikyu|Play Rough|p2a: Medicham|[miss]\n|-miss|p1a: Mimikyu|p2a: Medicham\n|move|p2a: Medicham|Acupressure|p2a: Medicham\n|-boost|p2a: Medicham|atk|2\n|\n|upkeep\n|turn|13\n|\n|t:|1698127125\n|move|p1a: Mimikyu|Play Rough|p2a: Medicham\n|-supereffective|p2a: Medicham\n|-end|p2a: Medicham|Substitute\n|move|p2a: Medicham|Acupressure|p2a: Medicham\n|-boost|p2a: Medicham|spa|2\n|\n|upkeep\n|turn|14\n|\n|t:|1698127134\n|switch|p1a: Starly|Starly, L1, F|100\/100\n|move|p2a: Medicham|Protect||[still]\n|-fail|p2a: Medicham\n|\n|upkeep\n|turn|15\n|\n|t:|1698127140\n|move|p2a: Medicham|Baton Pass|p2a: Medicham\n|\n|t:|1698127143\n|switch|p2a: Drifblim|Drifblim, F, shiny|25\/100|[from] Baton Pass\n|move|p1a: Starly|Endeavor|p2a: Drifblim\n|-immune|p2a: Drifblim\n|\n|-heal|p2a: Drifblim|32\/100|[from] item: Leftovers\n|upkeep\n|turn|16\n|\n|t:|1698127153\n|switch|p1a: Giratina|Giratina-Origin|100\/100\n|move|p2a: Drifblim|Substitute|p2a: Drifblim\n|-start|p2a: Drifblim|Substitute\n|-damage|p2a: Drifblim|7\/100\n|\n|-heal|p2a: Drifblim|13\/100|[from] item: Leftovers\n|upkeep\n|turn|17\n|\n|t:|1698127164\n|move|p2a: Drifblim|Baton Pass|p2a: Drifblim\n|\n|t:|1698127166\n|switch|p2a: Medicham|Medicham, M|100\/100|[from] Baton Pass\n|move|p1a: Giratina|Shadow Ball|p2a: Medicham\n|-supereffective|p2a: Medicham\n|-end|p2a: Medicham|Substitute\n|\n|upkeep\n|turn|18\n|\n|t:|1698127183\n|move|p2a: Medicham|Baton Pass|p2a: Medicham\n|\n|t:|1698127188\n|switch|p2a: Krookodile|Krookodile, M, shiny|100\/100|[from] Baton Pass\n|move|p1a: Giratina|Destiny Bond|p1a: Giratina\n|-singlemove|p1a: Giratina|Destiny Bond\n|\n|upkeep\n|turn|19\n|l|\u2606Sni30\n|inactive|Sni30 disconnected and has a minute to reconnect!\n|player|p2|\n|c|\u2606Detroit14|lol\n|inactive|Sni30 has 30 seconds to reconnect!\n|j|\u2606Sni30\n|inactive|Sni30 reconnected and has 100 seconds left.\n|player|p2|Sni30|pokemaniac\n|\n|t:|1698127241\n|move|p2a: Krookodile|Crunch|p1a: Giratina\n|-supereffective|p1a: Giratina\n|-damage|p1a: Giratina|0 fnt\n|faint|p1a: Giratina\n|-activate|p1a: Giratina|move: Destiny Bond\n|faint|p2a: Krookodile\n|\n|upkeep\n|\n|t:|1698127254\n|switch|p2a: Dragapult|Dragapult, F, shiny|100\/100\n|switch|p1a: Mimikyu|Mimikyu, F|100\/100\n|turn|20\n|\n|t:|1698127262\n|move|p2a: Dragapult|Dragon Dance|p2a: Dragapult\n|-boost|p2a: Dragapult|atk|1\n|-boost|p2a: Dragapult|spe|1\n|move|p1a: Mimikyu|Play Rough|p2a: Dragapult\n|-supereffective|p2a: Dragapult\n|-damage|p2a: Dragapult|8\/100\n|\n|upkeep\n|turn|21\n|\n|t:|1698127270\n|move|p1a: Mimikyu|Shadow Sneak|p2a: Dragapult\n|-supereffective|p2a: Dragapult\n|-damage|p2a: Dragapult|0 fnt\n|faint|p2a: Dragapult\n|\n|upkeep\n|\n|t:|1698127275\n|switch|p2a: Drifblim|Drifblim, F, shiny|13\/100\n|turn|22\n|\n|t:|1698127279\n|move|p2a: Drifblim|Protect|p2a: Drifblim\n|-singleturn|p2a: Drifblim|Protect\n|move|p1a: Mimikyu|Shadow Sneak|p2a: Drifblim\n|-activate|p2a: Drifblim|move: Protect\n|\n|-heal|p2a: Drifblim|19\/100|[from] item: Leftovers\n|upkeep\n|turn|23\n|\n|t:|1698127287\n|move|p2a: Drifblim|Protect||[still]\n|-fail|p2a: Drifblim\n|move|p1a: Mimikyu|Play Rough|p2a: Drifblim\n|-damage|p2a: Drifblim|0 fnt\n|-damage|p1a: Mimikyu|76\/100|[from] ability: Aftermath|[of] p2a: Drifblim\n|faint|p2a: Drifblim\n|\n|upkeep\n|\n|t:|1698127296\n|switch|p2a: Charizard|Charizard, M, shiny|100\/100\n|turn|24\n|\n|t:|1698127306\n|switch|p1a: Staraptor|Staraptor, M|100\/100\n|-ability|p1a: Staraptor|Intimidate|boost\n|-unboost|p2a: Charizard|atk|1\n|move|p2a: Charizard|Sunny Day|p2a: Charizard\n|-weather|SunnyDay\n|\n|-weather|SunnyDay|[upkeep]\n|-damage|p2a: Charizard|88\/100|[from] ability: Solar Power|[of] p2a: Charizard\n|upkeep\n|turn|25\n|\n|t:|1698127326\n|move|p1a: Staraptor|Double-Edge|p2a: Charizard\n|-damage|p2a: Charizard|0 fnt\n|faint|p2a: Charizard\n|-damage|p1a: Staraptor|73\/100|[from] Recoil\n|\n|-weather|SunnyDay|[upkeep]\n|upkeep\n|\n|t:|1698127333\n|switch|p2a: Medicham|Medicham, M|100\/100\n|turn|26\n|\n|t:|1698127338\n|move|p1a: Staraptor|Brave Bird|p2a: Medicham\n|-supereffective|p2a: Medicham\n|-damage|p2a: Medicham|0 fnt\n|faint|p2a: Medicham\n|-damage|p1a: Staraptor|38\/100|[from] Recoil\n|\n|-weather|SunnyDay|[upkeep]\n|upkeep\n|\n|t:|1698127346\n|switch|p2a: Snorlax|Snorlax, M|100\/100\n|turn|27\n|\n|t:|1698127350\n|-terastallize|p1a: Staraptor|Fighting\n|move|p1a: Staraptor|Close Combat|p2a: Snorlax\n|-supereffective|p2a: Snorlax\n|-damage|p2a: Snorlax|0 fnt\n|-unboost|p1a: Staraptor|def|1\n|-unboost|p1a: Staraptor|spd|1\n|faint|p2a: Snorlax\n|\n|win|Detroit14\n|raw|Detroit14's rating: 1185 &rarr; <strong>1201<\/strong><br \/>(+16 for winning)\n|raw|Sni30's rating: 1058 &rarr; <strong>1046<\/strong><br \/>(-12 for losing)\n|c|\u2606Detroit14|tough time sure\n|l|\u2606Sni30\n|c|\u2606Detroit14|gg\n","uploadtime":1698127366,"views":20,"p1id":"detroit14","p2id":"sni30","formatid":"gen9anythinggoes","rating":1046,"private":0,"password":""}