{"id":"gen9anythinggoes-1979332856","p1":"Weddy Wenev","p2":"vationgod2","format":"[Gen 9] Anything Goes","log":"|j|\u203dWeddy Wenev\n|j|\u203dvationgod2\n|t:|1698672279\n|gametype|singles\n|player|p1|Weddy Wenev|170|1109\n|player|p2|vationgod2|1|1104\n|teamsize|p1|6\n|teamsize|p2|6\n|gen|9\n|tier|[Gen 9] Anything Goes\n|rated|\n|rule|HP Percentage Mod: HP is shown in percentages\n|rule|Endless Battle Clause: Forcing endless battles is banned\n|clearpoke\n|poke|p1|Rayquaza|\n|poke|p1|Greninja-*, M|\n|poke|p1|Dialga-Origin|\n|poke|p1|Rillaboom, M|\n|poke|p1|Dragonite, F|\n|poke|p1|Regieleki|\n|poke|p2|Rillaboom, M|\n|poke|p2|Weavile, M|\n|poke|p2|Mamoswine, M|\n|poke|p2|Corviknight, M|\n|poke|p2|Zoroark, F|\n|poke|p2|Dragapult, M|\n|teampreview\n|\n|t:|1698672295\n|start\n|switch|p1a: Greninja|Greninja, M|100\/100\n|switch|p2a: Weavile|Weavile, M, shiny|100\/100\n|-ability|p2a: Weavile|Pressure\n|turn|1\n|\n|t:|1698672303\n|move|p1a: Greninja|Brick Break|p2a: Weavile\n|-supereffective|p2a: Weavile\n|-damage|p2a: Weavile|0 fnt\n|-damage|p1a: Greninja|84\/100|[from] item: Rocky Helmet|[of] p2a: Weavile\n|faint|p2a: Weavile\n|-ability|p1a: Greninja|Battle Bond|boost\n|-boost|p1a: Greninja|atk|1\n|-boost|p1a: Greninja|spa|1\n|-boost|p1a: Greninja|spe|1\n|-activate|p1a: Greninja|ability: Battle Bond\n|\n|upkeep\n|\n|t:|1698672313\n|switch|p2a: Rillaboom|Rillaboom, M, shiny|100\/100\n|-fieldstart|move: Grassy Terrain|[from] ability: Grassy Surge|[of] p2a: Rillaboom\n|turn|2\n|\n|t:|1698672317\n|move|p1a: Greninja|Ice Beam|p2a: Rillaboom\n|-supereffective|p2a: Rillaboom\n|-damage|p2a: Rillaboom|0 fnt\n|faint|p2a: Rillaboom\n|\n|-heal|p1a: Greninja|90\/100|[from] Grassy Terrain\n|upkeep\n|\n|t:|1698672322\n|switch|p2a: Corviknight|Corviknight, M, shiny|100\/100\n|-ability|p2a: Corviknight|Pressure\n|turn|3\n|\n|t:|1698672328\n|move|p1a: Greninja|Ice Beam|p2a: Corviknight\n|-damage|p2a: Corviknight|64\/100\n|move|p2a: Corviknight|Iron Defense|p2a: Corviknight\n|-boost|p2a: Corviknight|def|2\n|\n|-heal|p1a: Greninja|96\/100|[from] Grassy Terrain\n|upkeep\n|turn|4\n|\n|t:|1698672337\n|move|p1a: Greninja|Ice Beam|p2a: Corviknight\n|-damage|p2a: Corviknight|23\/100\n|move|p2a: Corviknight|Body Press|p1a: Greninja\n|-supereffective|p1a: Greninja\n|-damage|p1a: Greninja|0 fnt\n|-damage|p2a: Corviknight|6\/100|[from] item: Rocky Helmet|[of] p1a: Greninja\n|faint|p1a: Greninja\n|\n|upkeep\n|\n|t:|1698672341\n|switch|p1a: Rillaboom|Rillaboom, M, shiny|100\/100\n|turn|5\n|\n|t:|1698672350\n|move|p1a: Rillaboom|Grassy Glide|p2a: Corviknight\n|-resisted|p2a: Corviknight\n|-damage|p2a: Corviknight|3\/100\n|-damage|p1a: Rillaboom|84\/100|[from] item: Rocky Helmet|[of] p2a: Corviknight\n|move|p2a: Corviknight|Roost|p2a: Corviknight\n|-heal|p2a: Corviknight|53\/100\n|-singleturn|p2a: Corviknight|move: Roost\n|\n|-heal|p1a: Rillaboom|90\/100|[from] Grassy Terrain\n|-heal|p1a: Rillaboom|96\/100|[from] item: Leftovers\n|-heal|p2a: Corviknight|60\/100|[from] Grassy Terrain\n|upkeep\n|turn|6\n|\n|t:|1698672363\n|move|p1a: Rillaboom|Bulk Up|p1a: Rillaboom\n|-boost|p1a: Rillaboom|atk|1\n|-boost|p1a: Rillaboom|def|1\n|move|p2a: Corviknight|Roost|p2a: Corviknight\n|-heal|p2a: Corviknight|100\/100\n|-singleturn|p2a: Corviknight|move: Roost\n|\n|-heal|p1a: Rillaboom|100\/100|[from] Grassy Terrain\n|-fieldend|move: Grassy Terrain\n|upkeep\n|turn|7\n|\n|t:|1698672382\n|switch|p1a: Regieleki|Regieleki|100\/100\n|move|p2a: Corviknight|Body Press|p1a: Regieleki\n|-damage|p1a: Regieleki|24\/100\n|\n|upkeep\n|turn|8\n|\n|t:|1698672388\n|move|p1a: Regieleki|Thunderbolt|p2a: Corviknight\n|-supereffective|p2a: Corviknight\n|-damage|p2a: Corviknight|19\/100\n|move|p2a: Corviknight|Body Press|p1a: Regieleki\n|-damage|p1a: Regieleki|0 fnt\n|faint|p1a: Regieleki\n|\n|upkeep\n|\n|t:|1698672398\n|switch|p1a: Rayquaza|Rayquaza, shiny|100\/100\n|-ability|p1a: Rayquaza|Air Lock\n|turn|9\n|\n|t:|1698672404\n|move|p1a: Rayquaza|Fire Blast|p2a: Corviknight\n|-supereffective|p2a: Corviknight\n|-damage|p2a: Corviknight|0 fnt\n|faint|p2a: Corviknight\n|\n|upkeep\n|\n|t:|1698672415\n|switch|p2a: Mamoswine|Mamoswine, M, shiny|100\/100\n|turn|10\n|\n|t:|1698672422\n|move|p1a: Rayquaza|Fire Blast|p2a: Mamoswine|[miss]\n|-miss|p1a: Rayquaza|p2a: Mamoswine\n|move|p2a: Mamoswine|Icicle Spear|p1a: Rayquaza\n|-supereffective|p1a: Rayquaza\n|-damage|p1a: Rayquaza|28\/100\n|-supereffective|p1a: Rayquaza\n|-damage|p1a: Rayquaza|0 fnt\n|faint|p1a: Rayquaza\n|-hitcount|p1: Rayquaza|2\n|\n|upkeep\n|\n|t:|1698672431\n|switch|p1a: Dialga|Dialga-Origin, shiny|100\/100\n|-ability|p1a: Dialga|Pressure\n|turn|11\n|\n|t:|1698672435\n|move|p2a: Mamoswine|Icicle Spear|p1a: Dialga\n|-damage|p1a: Dialga|89\/100\n|-damage|p1a: Dialga|80\/100\n|-damage|p1a: Dialga|70\/100\n|-damage|p1a: Dialga|59\/100\n|-hitcount|p1a: Dialga|4\n|move|p1a: Dialga|Aura Sphere|p2a: Mamoswine\n|-supereffective|p2a: Mamoswine\n|-damage|p2a: Mamoswine|3\/100\n|\n|-heal|p2a: Mamoswine|9\/100|[from] item: Leftovers\n|upkeep\n|turn|12\n|\n|t:|1698672450\n|move|p2a: Mamoswine|Icicle Spear|p1a: Dialga\n|-damage|p1a: Dialga|49\/100\n|-damage|p1a: Dialga|39\/100\n|-damage|p1a: Dialga|29\/100\n|-damage|p1a: Dialga|20\/100\n|-hitcount|p1a: Dialga|4\n|move|p1a: Dialga|Aura Sphere|p2a: Mamoswine\n|-supereffective|p2a: Mamoswine\n|-damage|p2a: Mamoswine|0 fnt\n|faint|p2a: Mamoswine\n|\n|upkeep\n|\n|t:|1698672460\n|switch|p2a: Dragapult|Dragapult, M, shiny|100\/100\n|-item|p2a: Dragapult|Air Balloon\n|turn|13\n|\n|t:|1698672466\n|move|p2a: Dragapult|Flamethrower|p1a: Dialga\n|-crit|p1a: Dialga\n|-damage|p1a: Dialga|0 fnt\n|faint|p1a: Dialga\n|\n|upkeep\n|\n|t:|1698672468\n|switch|p1a: Dragonite|Dragonite, F, shiny|100\/100\n|turn|14\n|\n|t:|1698672473\n|switch|p1a: Rillaboom|Rillaboom, M, shiny|100\/100\n|move|p2a: Dragapult|Dragon Darts|p1a: Rillaboom\n|-damage|p1a: Rillaboom|77\/100\n|-anim|p2a: Dragapult|Dragon Darts|p1a: Rillaboom\n|-damage|p1a: Rillaboom|55\/100\n|\n|-heal|p1a: Rillaboom|61\/100|[from] item: Leftovers\n|upkeep\n|turn|15\n|\n|t:|1698672487\n|move|p2a: Dragapult|Flamethrower|p1a: Rillaboom\n|-supereffective|p1a: Rillaboom\n|-damage|p1a: Rillaboom|9\/100\n|move|p1a: Rillaboom|Drum Beating|p2a: Dragapult\n|-resisted|p2a: Dragapult\n|-damage|p2a: Dragapult|57\/100\n|-enditem|p2a: Dragapult|Air Balloon\n|\n|-heal|p1a: Rillaboom|15\/100|[from] item: Leftovers\n|upkeep\n|turn|16\n|\n|t:|1698672496\n|move|p2a: Dragapult|Flamethrower|p1a: Rillaboom\n|-supereffective|p1a: Rillaboom\n|-damage|p1a: Rillaboom|0 fnt\n|faint|p1a: Rillaboom\n|\n|upkeep\n|\n|t:|1698672498\n|switch|p1a: Dragonite|Dragonite, F, shiny|100\/100\n|turn|17\n|\n|t:|1698672510\n|move|p1a: Dragonite|Extreme Speed|p2a: Dragapult\n|-immune|p2a: Dragapult\n|move|p2a: Dragapult|Dragon Darts|p1a: Dragonite\n|-supereffective|p1a: Dragonite\n|-damage|p1a: Dragonite|57\/100\n|-anim|p2a: Dragapult|Dragon Darts|p1a: Dragonite\n|-supereffective|p1a: Dragonite\n|-damage|p1a: Dragonite|10\/100\n|\n|upkeep\n|turn|18\n|\n|t:|1698672519\n|move|p1a: Dragonite|Extreme Speed|p2a: Dragapult\n|-immune|p2a: Dragapult\n|move|p2a: Dragapult|Dragon Darts|p1a: Dragonite\n|-supereffective|p1a: Dragonite\n|-damage|p1a: Dragonite|0 fnt\n|faint|p1a: Dragonite\n|\n|win|vationgod2\n|raw|Weddy Wenev's rating: 1109 &rarr; <strong>1084<\/strong><br \/>(-25 for losing)\n|raw|vationgod2's rating: 1104 &rarr; <strong>1129<\/strong><br \/>(+25 for winning)\n","uploadtime":1698672528,"views":6,"p1id":"weddywenev","p2id":"vationgod2","formatid":"gen9anythinggoes","rating":1084,"private":0,"password":""}