{"id":"gen9anythinggoes-1978288647","p1":"JaxMewtwo","p2":"Lucasoduncu","format":"[Gen 9] Anything Goes","log":"|j|\u2606JaxMewtwo\n|j|\u2606Lucasoduncu\n|t:|1698521273\n|gametype|singles\n|player|p1|JaxMewtwo|102|1131\n|player|p2|Lucasoduncu|cameraman|1069\n|teamsize|p1|6\n|teamsize|p2|6\n|gen|9\n|tier|[Gen 9] Anything Goes\n|rated|\n|rule|HP Percentage Mod: HP is shown in percentages\n|rule|Endless Battle Clause: Forcing endless battles is banned\n|clearpoke\n|poke|p1|Miraidon|\n|poke|p1|Mewtwo|\n|poke|p1|Calyrex-Shadow|\n|poke|p1|Kyogre|\n|poke|p1|Groudon|\n|poke|p1|Rayquaza|\n|poke|p2|Ogerpon, F|\n|poke|p2|Trevenant, M|\n|poke|p2|Tsareena, F|\n|poke|p2|Rotom-Mow|\n|poke|p2|Sawsbuck-Autumn, F|\n|poke|p2|Lombre, F|\n|teampreview\n|\n|t:|1698521277\n|start\n|switch|p1a: Groudon|Groudon|100\/100\n|switch|p2a: Rotom|Rotom-Mow, shiny|100\/100\n|-weather|SunnyDay|[from] ability: Drought|[of] p1a: Groudon\n|turn|1\n|\n|t:|1698521285\n|move|p1a: Groudon|Fire Punch|p2a: Rotom\n|-supereffective|p2a: Rotom\n|-damage|p2a: Rotom|3\/100\n|move|p2a: Rotom|Trick|p1a: Groudon\n|-activate|p2a: Rotom|move: Trick|[of] p1a: Groudon\n|-item|p1a: Groudon|Lagging Tail|[from] move: Trick\n|-item|p2a: Rotom|Assault Vest|[from] move: Trick\n|\n|-weather|SunnyDay|[upkeep]\n|upkeep\n|turn|2\n|\n|t:|1698521295\n|move|p2a: Rotom|Astonish|p1a: Groudon\n|-damage|p1a: Groudon|96\/100\n|move|p1a: Groudon|Fire Punch|p2a: Rotom\n|-supereffective|p2a: Rotom\n|-damage|p2a: Rotom|0 fnt\n|faint|p2a: Rotom\n|\n|-weather|SunnyDay|[upkeep]\n|upkeep\n|\n|t:|1698521304\n|switch|p2a: Sawsbuck|Sawsbuck-Autumn, F, shiny|100\/100\n|turn|3\n|\n|t:|1698521310\n|move|p2a: Sawsbuck|Solar Beam||[still]\n|-prepare|p2a: Sawsbuck|Solar Beam\n|-anim|p2a: Sawsbuck|Solar Beam|p1a: Groudon\n|-supereffective|p1a: Groudon\n|-damage|p1a: Groudon|10\/100\n|move|p1a: Groudon|Fire Punch|p2a: Sawsbuck\n|-supereffective|p2a: Sawsbuck\n|-damage|p2a: Sawsbuck|0 fnt\n|faint|p2a: Sawsbuck\n|\n|-weather|SunnyDay|[upkeep]\n|upkeep\n|\n|t:|1698521320\n|switch|p2a: Trevenant|Trevenant, M, shiny|100\/100\n|turn|4\n|\n|t:|1698521324\n|move|p2a: Trevenant|Shadow Claw|p1a: Groudon\n|-crit|p1a: Groudon\n|-damage|p1a: Groudon|0 fnt\n|faint|p1a: Groudon\n|\n|-weather|SunnyDay|[upkeep]\n|upkeep\n|\n|t:|1698521331\n|switch|p1a: Calyrex|Calyrex-Shadow|100\/100\n|-ability|p1a: Calyrex|As One\n|-ability|p1a: Calyrex|Unnerve\n|turn|5\n|\n|t:|1698521339\n|move|p1a: Calyrex|Astral Barrage|p2a: Trevenant\n|-supereffective|p2a: Trevenant\n|-damage|p2a: Trevenant|0 fnt\n|faint|p2a: Trevenant\n|-ability|p1a: Calyrex|Grim Neigh|boost\n|-boost|p1a: Calyrex|spa|1\n|\n|-weather|none\n|upkeep\n|\n|t:|1698521342\n|switch|p2a: Ogerpon|Ogerpon, F|100\/100\n|turn|6\n|\n|t:|1698521350\n|-terastallize|p2a: Ogerpon|Grass\n|detailschange|p2a: Ogerpon|Ogerpon-Teal-Tera, F, tera:Grass\n|-ability|p2a: Ogerpon|Embody Aspect (Teal)|boost\n|-boost|p2a: Ogerpon|spe|1\n|move|p2a: Ogerpon|Knock Off|p1a: Calyrex\n|-supereffective|p1a: Calyrex\n|-damage|p1a: Calyrex|0 fnt\n|-enditem|p1a: Calyrex|Choice Specs|[from] move: Knock Off|[of] p2a: Ogerpon\n|faint|p1a: Calyrex\n|\n|upkeep\n|\n|t:|1698521362\n|switch|p1a: Rayquaza|Rayquaza, shiny|100\/100\n|-ability|p1a: Rayquaza|Air Lock\n|turn|7\n|\n|t:|1698521368\n|switch|p2a: Tsareena|Tsareena, F, shiny|100\/100\n|move|p1a: Rayquaza|Flamethrower|p2a: Tsareena\n|-supereffective|p2a: Tsareena\n|-damage|p2a: Tsareena|25\/100\n|\n|-heal|p2a: Tsareena|31\/100|[from] item: Leftovers\n|upkeep\n|turn|8\n|\n|t:|1698521377\n|move|p1a: Rayquaza|Flamethrower|p2a: Tsareena\n|-supereffective|p2a: Tsareena\n|-damage|p2a: Tsareena|0 fnt\n|faint|p2a: Tsareena\n|\n|upkeep\n|\n|t:|1698521378\n|switch|p2a: Lombre|Lombre, F, shiny|100\/100\n|turn|9\n|\n|t:|1698521384\n|move|p1a: Rayquaza|Flamethrower|p2a: Lombre\n|-damage|p2a: Lombre|75\/100\n|move|p2a: Lombre|Leech Seed|p1a: Rayquaza\n|-start|p1a: Rayquaza|move: Leech Seed\n|\n|-damage|p1a: Rayquaza|88\/100|[from] Leech Seed|[of] p2a: Lombre\n|-heal|p2a: Lombre|88\/100|[silent]\n|upkeep\n|turn|10\n|\n|t:|1698521393\n|move|p1a: Rayquaza|Flamethrower|p2a: Lombre\n|-damage|p2a: Lombre|65\/100\n|move|p2a: Lombre|Metronome|p2a: Lombre\n|move|p2a: Lombre|Take Heart|p2a: Lombre|[from]move: Metronome\n|-boost|p2a: Lombre|spa|1\n|-boost|p2a: Lombre|spd|1\n|\n|-damage|p1a: Rayquaza|76\/100|[from] Leech Seed|[of] p2a: Lombre\n|-heal|p2a: Lombre|78\/100|[silent]\n|upkeep\n|turn|11\n|\n|t:|1698521404\n|switch|p1a: Kyogre|Kyogre|100\/100\n|-weather|RainDance|[from] ability: Drizzle|[of] p1a: Kyogre\n|move|p2a: Lombre|Metronome|p2a: Lombre\n|move|p2a: Lombre|Thrash|p1a: Kyogre|[from]move: Metronome\n|-damage|p1a: Kyogre|85\/100\n|\n|-weather|RainDance|[upkeep]\n|upkeep\n|turn|12\n|\n|t:|1698521415\n|move|p1a: Kyogre|Thunder|p2a: Lombre\n|-damage|p2a: Lombre|58\/100\n|move|p2a: Lombre|Thrash|p1a: Kyogre|[from]lockedmove\n|-damage|p1a: Kyogre|71\/100\n|\n|-weather|RainDance|[upkeep]\n|upkeep\n|turn|13\n|\n|t:|1698521424\n|move|p1a: Kyogre|Thunder|p2a: Lombre\n|-damage|p2a: Lombre|38\/100\n|move|p2a: Lombre|Thrash|p1a: Kyogre|[from]lockedmove\n|-damage|p1a: Kyogre|55\/100\n|\n|-weather|RainDance|[upkeep]\n|upkeep\n|turn|14\n|\n|t:|1698521433\n|move|p1a: Kyogre|Thunder|p2a: Lombre\n|-damage|p2a: Lombre|19\/100\n|-status|p2a: Lombre|par\n|move|p2a: Lombre|Leech Seed|p1a: Kyogre\n|-start|p1a: Kyogre|move: Leech Seed\n|\n|-weather|RainDance|[upkeep]\n|-damage|p1a: Kyogre|43\/100|[from] Leech Seed|[of] p2a: Lombre\n|-heal|p2a: Lombre|32\/100 par|[silent]\n|upkeep\n|turn|15\n|\n|t:|1698521443\n|move|p1a: Kyogre|Thunder|p2a: Lombre\n|-damage|p2a: Lombre|14\/100 par\n|cant|p2a: Lombre|par\n|\n|-weather|none\n|-damage|p1a: Kyogre|31\/100|[from] Leech Seed|[of] p2a: Lombre\n|-heal|p2a: Lombre|27\/100 par|[silent]\n|upkeep\n|turn|16\n|\n|t:|1698521452\n|move|p1a: Kyogre|Thunder|p2a: Lombre\n|-damage|p2a: Lombre|7\/100 par\n|move|p2a: Lombre|Metronome|p2a: Lombre\n|move|p2a: Lombre|Rock Slide|p1a: Kyogre|[from]move: Metronome\n|-damage|p1a: Kyogre|21\/100\n|\n|-damage|p1a: Kyogre|9\/100|[from] Leech Seed|[of] p2a: Lombre\n|-heal|p2a: Lombre|20\/100 par|[silent]\n|upkeep\n|turn|17\n|\n|t:|1698521463\n|move|p1a: Kyogre|Thunder|p2a: Lombre\n|-damage|p2a: Lombre|0 fnt\n|faint|p2a: Lombre\n|\n|upkeep\n|\n|t:|1698521466\n|switch|p2a: Ogerpon|Ogerpon-Teal-Tera, F, tera:Grass|100\/100\n|-ability|p2a: Ogerpon|Embody Aspect (Teal)|boost\n|-boost|p2a: Ogerpon|spe|1\n|turn|18\n|\n|t:|1698521472\n|move|p2a: Ogerpon|Swords Dance|p2a: Ogerpon\n|-boost|p2a: Ogerpon|atk|2\n|move|p1a: Kyogre|Thunder|p2a: Ogerpon|[miss]\n|-miss|p1a: Kyogre|p2a: Ogerpon\n|\n|-damage|p1a: Kyogre|0 fnt|[from] Leech Seed|[of] p2a: Ogerpon\n|faint|p1a: Kyogre\n|upkeep\n|\n|t:|1698521484\n|switch|p1a: Rayquaza|Rayquaza, shiny|76\/100\n|-ability|p1a: Rayquaza|Air Lock\n|turn|19\n|\n|t:|1698521490\n|move|p2a: Ogerpon|Rock Tomb|p1a: Rayquaza\n|-supereffective|p1a: Rayquaza\n|-damage|p1a: Rayquaza|0 fnt\n|faint|p1a: Rayquaza\n|\n|upkeep\n|\n|t:|1698521496\n|switch|p1a: Miraidon|Miraidon|100\/100\n|-fieldstart|move: Electric Terrain|[from] ability: Hadron Engine|[of] p1a: Miraidon\n|turn|20\n|\n|t:|1698521503\n|-terastallize|p1a: Miraidon|Electric\n|move|p2a: Ogerpon|Ivy Cudgel|p1a: Miraidon\n|-damage|p1a: Miraidon|0 fnt\n|faint|p1a: Miraidon\n|\n|upkeep\n|\n|t:|1698521509\n|switch|p1a: Mewtwo|Mewtwo, shiny|100\/100\n|-ability|p1a: Mewtwo|Unnerve\n|turn|21\n|\n|t:|1698521517\n|move|p1a: Mewtwo|Psystrike|p2a: Ogerpon\n|-damage|p2a: Ogerpon|9\/100\n|move|p2a: Ogerpon|Ivy Cudgel|p1a: Mewtwo\n|-damage|p1a: Mewtwo|0 fnt\n|faint|p1a: Mewtwo\n|\n|win|Lucasoduncu\n|raw|JaxMewtwo's rating: 1131 &rarr; <strong>1102<\/strong><br \/>(-29 for losing)\n|raw|Lucasoduncu's rating: 1069 &rarr; <strong>1104<\/strong><br \/>(+35 for winning)\n","uploadtime":1698521525,"views":11,"p1id":"jaxmewtwo","p2id":"lucasoduncu","formatid":"gen9anythinggoes","rating":1102,"private":0,"password":""}