{"id":"gen9anythinggoes-1979761444","p1":"dennis wa","p2":"EnOfFla","format":"[Gen 9] Anything Goes","log":"|j|\u2606dennis wa\n|j|\u2606EnOfFla\n|t:|1698710518\n|gametype|singles\n|player|p1|dennis wa|striker|\n|player|p2|EnOfFla|bruno|\n|teamsize|p1|6\n|teamsize|p2|6\n|gen|9\n|tier|[Gen 9] Anything Goes\n|rule|HP Percentage Mod: HP is shown in percentages\n|rule|Endless Battle Clause: Forcing endless battles is banned\n|clearpoke\n|poke|p1|Weezing, M|\n|poke|p1|Ninetales, F|\n|poke|p1|Tinkaton, F|\n|poke|p1|Walking Wake|\n|poke|p1|Drifblim, M|\n|poke|p1|Ogerpon-Hearthflame, F|\n|poke|p2|Ninetales-Alola, F|\n|poke|p2|Azelf|\n|poke|p2|Roaring Moon|\n|poke|p2|Chandelure, F|\n|poke|p2|Articuno-Galar|\n|poke|p2|Pawmot, M|\n|teampreview\n|j| Batikan17\n|\n|t:|1698710592\n|start\n|switch|p1a: Ninetales|Ninetales, F|100\/100\n|switch|p2a: Azelf|Azelf|100\/100\n|-weather|SunnyDay|[from] ability: Drought|[of] p1a: Ninetales\n|turn|1\n|\n|t:|1698710641\n|move|p2a: Azelf|Mystical Power|p1a: Ninetales\n|-damage|p1a: Ninetales|65\/100\n|-boost|p2a: Azelf|spa|1\n|move|p1a: Ninetales|Baton Pass|p1a: Ninetales\n|\n|t:|1698710650\n|switch|p1a: Walking Wake|Walking Wake|100\/100|[from] Baton Pass\n|-activate|p1a: Walking Wake|ability: Protosynthesis\n|-start|p1a: Walking Wake|protosynthesisspe\n|\n|-weather|SunnyDay|[upkeep]\n|upkeep\n|turn|2\n|\n|t:|1698710686\n|move|p1a: Walking Wake|Hydro Steam|p2a: Azelf\n|-damage|p2a: Azelf|48\/100\n|move|p2a: Azelf|Draining Kiss|p1a: Walking Wake\n|-supereffective|p1a: Walking Wake\n|-damage|p1a: Walking Wake|53\/100\n|-heal|p2a: Azelf|82\/100|[from] drain|[of] p1a: Walking Wake\n|\n|-weather|SunnyDay|[upkeep]\n|upkeep\n|turn|3\n|\n|t:|1698710726\n|move|p1a: Walking Wake|Hydro Steam|p2a: Azelf\n|-damage|p2a: Azelf|28\/100\n|move|p2a: Azelf|Mystical Power|p1a: Walking Wake\n|-damage|p1a: Walking Wake|0 fnt\n|-boost|p2a: Azelf|spa|1\n|faint|p1a: Walking Wake\n|-end|p1a: Walking Wake|Protosynthesis|[silent]\n|\n|-weather|SunnyDay|[upkeep]\n|upkeep\n|\n|t:|1698710748\n|switch|p1a: Tinkaton|Tinkaton, F|100\/100\n|turn|4\n|\n|t:|1698710757\n|move|p2a: Azelf|Flamethrower|p1a: Tinkaton\n|-supereffective|p1a: Tinkaton\n|-crit|p1a: Tinkaton\n|-damage|p1a: Tinkaton|0 fnt\n|faint|p1a: Tinkaton\n|\n|-weather|SunnyDay|[upkeep]\n|upkeep\n|\n|t:|1698710774\n|switch|p1a: Drifblim|Drifblim, M|100\/100\n|turn|5\n|\n|t:|1698710790\n|-terastallize|p1a: Drifblim|Fairy\n|move|p2a: Azelf|Knock Off|p1a: Drifblim\n|-resisted|p1a: Drifblim\n|-damage|p1a: Drifblim|91\/100\n|-enditem|p1a: Drifblim|Heavy-Duty Boots|[from] move: Knock Off|[of] p2a: Azelf\n|move|p1a: Drifblim|Tera Blast|p2a: Azelf|[anim] Tera Blast Fairy\n|-damage|p2a: Azelf|8\/100\n|\n|-weather|none\n|upkeep\n|turn|6\n|\n|t:|1698710812\n|move|p2a: Azelf|Draining Kiss|p1a: Drifblim\n|-damage|p1a: Drifblim|61\/100\n|-heal|p2a: Azelf|41\/100|[from] drain|[of] p1a: Drifblim\n|move|p1a: Drifblim|Tera Blast|p2a: Azelf|[anim] Tera Blast Fairy\n|-damage|p2a: Azelf|18\/100\n|\n|upkeep\n|turn|7\n|\n|t:|1698710824\n|move|p2a: Azelf|Draining Kiss|p1a: Drifblim\n|-damage|p1a: Drifblim|32\/100\n|-heal|p2a: Azelf|49\/100|[from] drain|[of] p1a: Drifblim\n|move|p1a: Drifblim|Will-O-Wisp|p2a: Azelf\n|-status|p2a: Azelf|brn\n|\n|-damage|p2a: Azelf|42\/100 brn|[from] brn\n|upkeep\n|turn|8\n|\n|t:|1698710833\n|move|p2a: Azelf|Draining Kiss|p1a: Drifblim\n|-damage|p1a: Drifblim|1\/100\n|-heal|p2a: Azelf|75\/100 brn|[from] drain|[of] p1a: Drifblim\n|move|p1a: Drifblim|Strength Sap|p2a: Azelf\n|-unboost|p2a: Azelf|atk|1\n|-heal|p1a: Drifblim|53\/100\n|\n|-damage|p2a: Azelf|69\/100 brn|[from] brn\n|upkeep\n|turn|9\n|\n|t:|1698710847\n|move|p2a: Azelf|Draining Kiss|p1a: Drifblim\n|-damage|p1a: Drifblim|21\/100\n|-heal|p2a: Azelf|100\/100 brn|[from] drain|[of] p1a: Drifblim\n|move|p1a: Drifblim|Tera Blast|p2a: Azelf|[anim] Tera Blast Fairy\n|-damage|p2a: Azelf|78\/100 brn\n|\n|-damage|p2a: Azelf|72\/100 brn|[from] brn\n|upkeep\n|turn|10\n|\n|t:|1698710855\n|move|p2a: Azelf|Draining Kiss|p1a: Drifblim\n|-damage|p1a: Drifblim|0 fnt\n|-heal|p2a: Azelf|94\/100 brn|[from] drain|[of] p1a: Drifblim\n|faint|p1a: Drifblim\n|\n|-damage|p2a: Azelf|88\/100 brn|[from] brn\n|upkeep\n|\n|t:|1698710881\n|switch|p1a: Ogerpon|Ogerpon-Hearthflame, F|100\/100\n|-ability|p1a: Ogerpon|Mold Breaker\n|turn|11\n|\n|t:|1698710892\n|move|p2a: Azelf|Flamethrower|p1a: Ogerpon\n|-damage|p1a: Ogerpon|44\/100\n|move|p1a: Ogerpon|Trailblaze|p2a: Azelf\n|-damage|p2a: Azelf|48\/100 brn\n|-boost|p1a: Ogerpon|spe|1\n|\n|-damage|p2a: Azelf|42\/100 brn|[from] brn\n|upkeep\n|turn|12\n|\n|t:|1698710936\n|move|p1a: Ogerpon|Ivy Cudgel|p2a: Azelf\n|-damage|p2a: Azelf|0 fnt\n|faint|p2a: Azelf\n|\n|upkeep\n|\n|t:|1698710945\n|switch|p2a: Articuno|Articuno-Galar|100\/100\n|turn|13\n|\n|t:|1698710965\n|switch|p1a: Weezing|Weezing, M|100\/100\n|move|p2a: Articuno|Agility|p2a: Articuno\n|-boost|p2a: Articuno|spe|2\n|\n|upkeep\n|turn|14\n|\n|t:|1698710982\n|move|p2a: Articuno|Freezing Glare|p1a: Weezing\n|-supereffective|p1a: Weezing\n|-damage|p1a: Weezing|28\/100\n|move|p1a: Weezing|Gyro Ball|p2a: Articuno\n|-damage|p2a: Articuno|84\/100\n|\n|-heal|p1a: Weezing|34\/100|[from] item: Black Sludge\n|upkeep\n|turn|15\n|\n|t:|1698710994\n|move|p2a: Articuno|Freezing Glare|p1a: Weezing\n|-supereffective|p1a: Weezing\n|-damage|p1a: Weezing|0 fnt\n|faint|p1a: Weezing\n|\n|upkeep\n|\n|t:|1698711006\n|switch|p1a: Ninetales|Ninetales, F|65\/100\n|-weather|SunnyDay|[from] ability: Drought|[of] p1a: Ninetales\n|turn|16\n|\n|t:|1698711018\n|move|p2a: Articuno|Freezing Glare|p1a: Ninetales\n|-damage|p1a: Ninetales|14\/100\n|move|p1a: Ninetales|Substitute|p1a: Ninetales\n|-fail|p1a: Ninetales|move: Substitute|[weak]\n|\n|-weather|SunnyDay|[upkeep]\n|upkeep\n|turn|17\n|\n|t:|1698711025\n|move|p2a: Articuno|Freezing Glare|p1a: Ninetales\n|-damage|p1a: Ninetales|0 fnt\n|faint|p1a: Ninetales\n|\n|-weather|SunnyDay|[upkeep]\n|upkeep\n|\n|t:|1698711030\n|switch|p1a: Ogerpon|Ogerpon-Hearthflame, F|44\/100\n|-ability|p1a: Ogerpon|Mold Breaker\n|turn|18\n|\n|t:|1698711035\n|move|p2a: Articuno|Air Slash|p1a: Ogerpon\n|-supereffective|p1a: Ogerpon\n|-damage|p1a: Ogerpon|0 fnt\n|faint|p1a: Ogerpon\n|\n|win|EnOfFla\n","uploadtime":1698711045,"views":7,"p1id":"denniswa","p2id":"enoffla","formatid":"gen9anythinggoes","rating":0,"private":0,"password":""}