{"id":"gen9anythinggoes-1988173678","p1":"Riikard","p2":"jamaica1996","format":"[Gen 9] Anything Goes","log":"|j|\u2606Riikard\n|j|\u2606jamaica1996\n|t:|1699679466\n|gametype|singles\n|player|p1|Riikard|101|1026\n|player|p2|jamaica1996|2|1026\n|teamsize|p1|6\n|teamsize|p2|6\n|gen|9\n|tier|[Gen 9] Anything Goes\n|rated|\n|rule|HP Percentage Mod: HP is shown in percentages\n|rule|Endless Battle Clause: Forcing endless battles is banned\n|clearpoke\n|poke|p1|Greninja-*, M|\n|poke|p1|Charizard, F|\n|poke|p1|Mewtwo|\n|poke|p1|Tornadus, M|\n|poke|p1|Thundurus, M|\n|poke|p1|Pikachu-Original, M|\n|poke|p2|Cloyster, F|\n|poke|p2|Azumarill, M|\n|poke|p2|Dragapult, M|\n|poke|p2|Corviknight, F|\n|poke|p2|Gastrodon, F|\n|poke|p2|Pawmot, M|\n|teampreview\n|\n|t:|1699679475\n|start\n|switch|p1a: Greninja|Greninja, M|100\/100\n|switch|p2a: Cloyster|Cloyster, F, shiny|100\/100\n|turn|1\n|-activate|p2a: Cloyster|item: Quick Claw\n|\n|t:|1699679483\n|move|p2a: Cloyster|Shell Smash|p2a: Cloyster\n|-unboost|p2a: Cloyster|def|1\n|-unboost|p2a: Cloyster|spd|1\n|-boost|p2a: Cloyster|atk|2\n|-boost|p2a: Cloyster|spa|2\n|-boost|p2a: Cloyster|spe|2\n|move|p1a: Greninja|Dark Pulse|p2a: Cloyster\n|-damage|p2a: Cloyster|3\/100\n|\n|upkeep\n|turn|2\n|\n|t:|1699679495\n|move|p2a: Cloyster|Rock Blast|p1a: Greninja|[miss]\n|-miss|p2a: Cloyster|p1a: Greninja\n|move|p1a: Greninja|Blizzard|p2a: Cloyster\n|-resisted|p2a: Cloyster\n|-damage|p2a: Cloyster|0 fnt\n|faint|p2a: Cloyster\n|-ability|p1a: Greninja|Battle Bond|boost\n|-boost|p1a: Greninja|atk|1\n|-boost|p1a: Greninja|spa|1\n|-boost|p1a: Greninja|spe|1\n|-activate|p1a: Greninja|ability: Battle Bond\n|\n|upkeep\n|\n|t:|1699679507\n|switch|p2a: Pawmot|Pawmot, M|100\/100\n|turn|3\n|\n|t:|1699679511\n|move|p1a: Greninja|Night Slash|p2a: Pawmot\n|-resisted|p2a: Pawmot\n|-damage|p2a: Pawmot|74\/100\n|move|p2a: Pawmot|Double Shock|p1a: Greninja\n|-supereffective|p1a: Greninja\n|-damage|p1a: Greninja|0 fnt\n|-start|p2a: Pawmot|typechange|???\/Fighting|[from] move: Double Shock\n|-damage|p2a: Pawmot|58\/100|[from] item: Rocky Helmet|[of] p1a: Greninja\n|faint|p1a: Greninja\n|\n|upkeep\n|\n|t:|1699679523\n|switch|p1a: Charizard|Charizard, F|100\/100\n|turn|4\n|\n|t:|1699679528\n|move|p2a: Pawmot|Double Shock||[still]\n|-fail|p2a: Pawmot|move: Double Shock\n|move|p1a: Charizard|Body Slam|p2a: Pawmot\n|-damage|p2a: Pawmot|29\/100\n|\n|upkeep\n|turn|5\n|\n|t:|1699679535\n|move|p2a: Pawmot|Double Shock||[still]\n|-fail|p2a: Pawmot|move: Double Shock\n|move|p1a: Charizard|Counter||[still]\n|-fail|p1a: Charizard\n|\n|upkeep\n|turn|6\n|\n|t:|1699679557\n|-terastallize|p2a: Pawmot|Flying\n|move|p2a: Pawmot|Crunch|p1a: Charizard\n|-damage|p1a: Charizard|76\/100\n|move|p1a: Charizard|Fire Blast|p2a: Pawmot\n|-damage|p2a: Pawmot|0 fnt\n|faint|p2a: Pawmot\n|\n|upkeep\n|\n|t:|1699679567\n|switch|p2a: Gastrodon|Gastrodon, F|100\/100\n|turn|7\n|\n|t:|1699679575\n|move|p1a: Charizard|Body Slam|p2a: Gastrodon\n|-damage|p2a: Gastrodon|79\/100\n|move|p2a: Gastrodon|Sludge Bomb|p1a: Charizard\n|-damage|p1a: Charizard|53\/100\n|\n|upkeep\n|turn|8\n|inactive|Battle timer is ON: inactive players will automatically lose when time's up. (requested by Riikard)\n|\n|t:|1699679583\n|switch|p1a: Tornadus|Tornadus, M|100\/100\n|move|p2a: Gastrodon|Sludge Bomb|p1a: Tornadus\n|-damage|p1a: Tornadus|79\/100\n|\n|upkeep\n|turn|9\n|\n|t:|1699679591\n|move|p1a: Tornadus|Sludge Bomb|p2a: Gastrodon\n|-resisted|p2a: Gastrodon\n|-damage|p2a: Gastrodon|68\/100\n|-status|p2a: Gastrodon|psn\n|move|p2a: Gastrodon|Ice Beam|p1a: Tornadus\n|-supereffective|p1a: Tornadus\n|-damage|p1a: Tornadus|34\/100\n|\n|-damage|p2a: Gastrodon|55\/100 psn|[from] psn\n|upkeep\n|turn|10\n|\n|t:|1699679602\n|move|p1a: Tornadus|Focus Blast|p2a: Gastrodon\n|-damage|p2a: Gastrodon|26\/100 psn\n|move|p2a: Gastrodon|Ice Beam|p1a: Tornadus\n|-supereffective|p1a: Tornadus\n|-damage|p1a: Tornadus|0 fnt\n|faint|p1a: Tornadus\n|\n|-damage|p2a: Gastrodon|14\/100 psn|[from] psn\n|upkeep\n|\n|t:|1699679613\n|switch|p1a: Thundurus|Thundurus, M|100\/100\n|turn|11\n|\n|t:|1699679617\n|move|p1a: Thundurus|Crunch|p2a: Gastrodon\n|-damage|p2a: Gastrodon|0 fnt\n|faint|p2a: Gastrodon\n|\n|upkeep\n|\n|t:|1699679631\n|switch|p2a: Dragapult|Dragapult, M|100\/100\n|turn|12\n|\n|t:|1699679635\n|move|p2a: Dragapult|Draco Meteor|p1a: Thundurus\n|-damage|p1a: Thundurus|54\/100\n|-unboost|p2a: Dragapult|spa|2\n|move|p1a: Thundurus|Focus Blast|p2a: Dragapult\n|-immune|p2a: Dragapult\n|\n|upkeep\n|turn|13\n|-activate|p2a: Dragapult|item: Quick Claw\n|\n|t:|1699679646\n|-terastallize|p1a: Thundurus|Electric\n|move|p2a: Dragapult|Phantom Force||[still]\n|-prepare|p2a: Dragapult|Phantom Force\n|move|p1a: Thundurus|Brick Break|p2a: Dragapult|[miss]\n|-miss|p1a: Thundurus|p2a: Dragapult\n|\n|upkeep\n|turn|14\n|\n|t:|1699679657\n|switch|p1a: Mewtwo|Mewtwo|100\/100\n|-ability|p1a: Mewtwo|Pressure\n|move|p2a: Dragapult|Phantom Force|p1a: Mewtwo|[from]lockedmove\n|-supereffective|p1a: Mewtwo\n|-damage|p1a: Mewtwo|22\/100\n|-damage|p2a: Dragapult|84\/100|[from] item: Rocky Helmet|[of] p1a: Mewtwo\n|\n|upkeep\n|turn|15\n|\n|t:|1699679669\n|move|p1a: Mewtwo|Disable|p2a: Dragapult\n|-start|p2a: Dragapult|Disable|Phantom Force\n|cant|p2a: Dragapult|Disable|Phantom Force\n|\n|upkeep\n|turn|16\n|\n|t:|1699679680\n|move|p2a: Dragapult|Draco Meteor|p1a: Mewtwo\n|-damage|p1a: Mewtwo|0 fnt\n|-unboost|p2a: Dragapult|spa|2\n|faint|p1a: Mewtwo\n|\n|upkeep\n|\n|t:|1699679686\n|switch|p1a: Charizard|Charizard, F|53\/100\n|turn|17\n|\n|t:|1699679692\n|move|p2a: Dragapult|Draco Meteor|p1a: Charizard\n|-damage|p1a: Charizard|33\/100\n|-unboost|p2a: Dragapult|spa|2\n|move|p1a: Charizard|Counter||[still]\n|-fail|p1a: Charizard\n|\n|upkeep\n|turn|18\n|\n|t:|1699679700\n|move|p2a: Dragapult|Flamethrower|p1a: Charizard\n|-resisted|p1a: Charizard\n|-crit|p1a: Charizard\n|-damage|p1a: Charizard|15\/100\n|move|p1a: Charizard|Body Slam|p2a: Dragapult\n|-immune|p2a: Dragapult\n|\n|-end|p2a: Dragapult|Disable\n|upkeep\n|turn|19\n|\n|t:|1699679711\n|switch|p1a: Thundurus|Thundurus, M, tera:Electric|54\/100\n|move|p2a: Dragapult|Phantom Force||[still]\n|-prepare|p2a: Dragapult|Phantom Force\n|\n|upkeep\n|turn|20\n|\n|t:|1699679718\n|move|p2a: Dragapult|Phantom Force|p1a: Thundurus|[from]lockedmove\n|-damage|p1a: Thundurus|7\/100\n|-damage|p2a: Dragapult|68\/100|[from] item: Rocky Helmet|[of] p1a: Thundurus\n|move|p1a: Thundurus|Focus Blast|p2a: Dragapult\n|-immune|p2a: Dragapult\n|\n|upkeep\n|turn|21\n|\n|t:|1699679728\n|move|p2a: Dragapult|Flamethrower|p1a: Thundurus\n|-damage|p1a: Thundurus|0 fnt\n|faint|p1a: Thundurus\n|\n|upkeep\n|\n|t:|1699679733\n|switch|p1a: Pikachu|Pikachu-Original, M|100\/100\n|turn|22\n|\n|t:|1699679742\n|move|p2a: Dragapult|Flamethrower|p1a: Pikachu\n|-damage|p1a: Pikachu|84\/100\n|move|p1a: Pikachu|Discharge|p2a: Dragapult\n|-resisted|p2a: Dragapult\n|-damage|p2a: Dragapult|45\/100\n|\n|upkeep\n|turn|23\n|\n|t:|1699679751\n|-singleturn|p1a: Pikachu|move: Focus Punch\n|move|p2a: Dragapult|Phantom Force||[still]\n|-prepare|p2a: Dragapult|Phantom Force\n|move|p1a: Pikachu|Focus Punch|p2a: Dragapult|[miss]\n|-miss|p1a: Pikachu|p2a: Dragapult\n|\n|upkeep\n|turn|24\n|\n|t:|1699679759\n|move|p2a: Dragapult|Phantom Force|p1a: Pikachu|[from]lockedmove\n|-damage|p1a: Pikachu|0 fnt\n|faint|p1a: Pikachu\n|\n|upkeep\n|\n|t:|1699679764\n|switch|p1a: Charizard|Charizard, F|15\/100\n|turn|25\n|c|\u2606jamaica1996|normal and fighting does not affect ghost pokemon'\n|\n|t:|1699679779\n|move|p2a: Dragapult|Phantom Force||[still]\n|-prepare|p2a: Dragapult|Phantom Force\n|move|p1a: Charizard|Fire Blast|p2a: Dragapult|[miss]\n|-miss|p1a: Charizard|p2a: Dragapult\n|\n|upkeep\n|turn|26\n|-activate|p2a: Dragapult|item: Quick Claw\n|\n|t:|1699679788\n|move|p2a: Dragapult|Phantom Force|p1a: Charizard|[from]lockedmove\n|-damage|p1a: Charizard|0 fnt\n|faint|p1a: Charizard\n|\n|win|jamaica1996\n|raw|Riikard's rating: 1026 &rarr; <strong>1012<\/strong><br \/>(-14 for losing)\n|raw|jamaica1996's rating: 1026 &rarr; <strong>1062<\/strong><br \/>(+36 for winning)\n|l|\u2606jamaica1996\n","uploadtime":1699679804,"views":5,"p1id":"riikard","p2id":"jamaica1996","formatid":"gen9anythinggoes","rating":1012,"private":0,"password":""}