{"id":"gen9anythinggoes-1978842340","p1":"Iknowmyabc'slol","p2":"Puigson","format":"[Gen 9] Anything Goes","log":"|j|\u2606Iknowmyabc'slol\n|j|\u2606Puigson\n|t:|1698601653\n|gametype|singles\n|player|p1|Iknowmyabc'slol|raihan|\n|player|p2|Puigson|steven|\n|teamsize|p1|6\n|teamsize|p2|6\n|gen|9\n|tier|[Gen 9] Anything Goes\n|rule|HP Percentage Mod: HP is shown in percentages\n|rule|Endless Battle Clause: Forcing endless battles is banned\n|clearpoke\n|poke|p1|Arceus-Fairy|\n|poke|p1|Toxapex, M|\n|poke|p1|Ting-Lu|\n|poke|p1|Calyrex-Shadow|\n|poke|p1|Koraidon|\n|poke|p1|Arceus|\n|poke|p2|Calyrex-Shadow|\n|poke|p2|Koraidon|\n|poke|p2|Arceus|\n|poke|p2|Arceus-Fairy|\n|poke|p2|Toxapex, F|\n|poke|p2|Ting-Lu|\n|teampreview\n|inactive|Battle timer is ON: inactive players will automatically lose when time's up. (requested by Puigson)\n|c|\u2606Iknowmyabc'slol|this time ill try not to lose focus\n|\n|t:|1698601665\n|start\n|switch|p1a: Ting-Lu|Ting-Lu|100\/100\n|switch|p2a: Ting-Lu|Ting-Lu|100\/100\n|-ability|p2a: Ting-Lu|Vessel of Ruin\n|-ability|p1a: Ting-Lu|Vessel of Ruin\n|turn|1\n|\n|t:|1698601673\n|move|p2a: Ting-Lu|Spikes|p1a: Ting-Lu\n|-sidestart|p1: Iknowmyabc'slol|Spikes\n|move|p1a: Ting-Lu|Spikes|p2a: Ting-Lu\n|-sidestart|p2: Puigson|Spikes\n|\n|upkeep\n|turn|2\n|\n|t:|1698601679\n|move|p2a: Ting-Lu|Spikes|p1a: Ting-Lu\n|-sidestart|p1: Iknowmyabc'slol|Spikes\n|move|p1a: Ting-Lu|Spikes|p2a: Ting-Lu\n|-sidestart|p2: Puigson|Spikes\n|\n|upkeep\n|turn|3\n|\n|t:|1698601684\n|move|p2a: Ting-Lu|Spikes|p1a: Ting-Lu\n|-sidestart|p1: Iknowmyabc'slol|Spikes\n|move|p1a: Ting-Lu|Spikes|p2a: Ting-Lu\n|-sidestart|p2: Puigson|Spikes\n|\n|upkeep\n|turn|4\n|\n|t:|1698601691\n|move|p2a: Ting-Lu|Ruination|p1a: Ting-Lu\n|-damage|p1a: Ting-Lu|50\/100\n|move|p1a: Ting-Lu|Ruination|p2a: Ting-Lu\n|-damage|p2a: Ting-Lu|51\/100\n|\n|-heal|p2a: Ting-Lu|57\/100|[from] item: Leftovers\n|-heal|p1a: Ting-Lu|57\/100|[from] item: Leftovers\n|upkeep\n|turn|5\n|c|\u2606Iknowmyabc'slol|lol\n|\n|t:|1698601701\n|move|p2a: Ting-Lu|Ruination|p1a: Ting-Lu\n|-damage|p1a: Ting-Lu|29\/100\n|move|p1a: Ting-Lu|Whirlwind|p2a: Ting-Lu\n|drag|p2a: Arceus|Arceus-Fairy|100\/100\n|-damage|p2a: Arceus|76\/100|[from] Spikes\n|\n|-heal|p1a: Ting-Lu|35\/100|[from] item: Leftovers\n|upkeep\n|turn|6\n|\n|t:|1698601715\n|switch|p1a: Toxapex|Toxapex, M|100\/100\n|-damage|p1a: Toxapex|76\/100|[from] Spikes\n|move|p2a: Arceus|Judgment|p1a: Toxapex\n|-resisted|p1a: Toxapex\n|-damage|p1a: Toxapex|54\/100\n|\n|upkeep\n|turn|7\n|c|\u2606Puigson|Odd hp scores\n|c|\u2606Puigson|Those are better\n|\n|t:|1698601730\n|move|p1a: Toxapex|Baneful Bunker|p1a: Toxapex\n|-singleturn|p1a: Toxapex|move: Protect\n|move|p2a: Arceus|Calm Mind|p2a: Arceus\n|-boost|p2a: Arceus|spa|1\n|-boost|p2a: Arceus|spd|1\n|\n|upkeep\n|turn|8\n|c|\u2606Iknowmyabc'slol|?\n|\n|t:|1698601737\n|move|p2a: Arceus|Judgment|p1a: Toxapex\n|-resisted|p1a: Toxapex\n|-damage|p1a: Toxapex|24\/100\n|move|p1a: Toxapex|Haze|p1a: Toxapex\n|-clearallboost\n|\n|upkeep\n|turn|9\n|c|\u2606Iknowmyabc'slol|crud\n|\n|t:|1698601745\n|switch|p1a: Arceus|Arceus|100\/100\n|move|p2a: Arceus|Judgment|p1a: Arceus\n|-damage|p1a: Arceus|66\/100\n|\n|upkeep\n|turn|10\n|c|\u2606Iknowmyabc'slol|im getting chipped\n|\n|t:|1698601767\n|switch|p1a: Toxapex|Toxapex, M|57\/100\n|-damage|p1a: Toxapex|32\/100|[from] Spikes\n|move|p2a: Arceus|Will-O-Wisp|p1a: Toxapex\n|-status|p1a: Toxapex|brn\n|\n|-damage|p1a: Toxapex|26\/100 brn|[from] brn\n|upkeep\n|turn|11\n|\n|t:|1698601775\n|move|p2a: Arceus|Calm Mind|p2a: Arceus\n|-boost|p2a: Arceus|spa|1\n|-boost|p2a: Arceus|spd|1\n|move|p1a: Toxapex|Recover|p1a: Toxapex\n|-heal|p1a: Toxapex|76\/100 brn\n|\n|-damage|p1a: Toxapex|70\/100 brn|[from] brn\n|upkeep\n|turn|12\n|\n|t:|1698601782\n|move|p2a: Arceus|Calm Mind|p2a: Arceus\n|-boost|p2a: Arceus|spa|1\n|-boost|p2a: Arceus|spd|1\n|move|p1a: Toxapex|Recover|p1a: Toxapex\n|-heal|p1a: Toxapex|100\/100 brn\n|\n|-damage|p1a: Toxapex|95\/100 brn|[from] brn\n|upkeep\n|turn|13\n|\n|t:|1698601789\n|move|p2a: Arceus|Calm Mind|p2a: Arceus\n|-boost|p2a: Arceus|spa|1\n|-boost|p2a: Arceus|spd|1\n|move|p1a: Toxapex|Haze|p1a: Toxapex\n|-clearallboost\n|\n|-damage|p1a: Toxapex|89\/100 brn|[from] brn\n|upkeep\n|turn|14\n|\n|t:|1698601805\n|switch|p1a: Arceus|Arceus-Fairy|100\/100\n|-damage|p1a: Arceus|76\/100|[from] Spikes\n|move|p2a: Arceus|Calm Mind|p2a: Arceus\n|-boost|p2a: Arceus|spa|1\n|-boost|p2a: Arceus|spd|1\n|\n|upkeep\n|turn|15\n|\n|t:|1698601816\n|move|p1a: Arceus|Taunt|p2a: Arceus\n|-start|p2a: Arceus|move: Taunt\n|move|p2a: Arceus|Judgment|p1a: Arceus\n|-damage|p1a: Arceus|28\/100\n|\n|upkeep\n|turn|16\n|\n|t:|1698601822\n|move|p1a: Arceus|Recover|p1a: Arceus\n|-heal|p1a: Arceus|78\/100\n|move|p2a: Arceus|Judgment|p1a: Arceus\n|-damage|p1a: Arceus|32\/100\n|\n|upkeep\n|turn|17\n|\n|t:|1698601828\n|move|p1a: Arceus|Recover|p1a: Arceus\n|-heal|p1a: Arceus|82\/100\n|move|p2a: Arceus|Judgment|p1a: Arceus\n|-damage|p1a: Arceus|35\/100\n|\n|-end|p2a: Arceus|move: Taunt\n|upkeep\n|turn|18\n|\n|t:|1698601835\n|move|p1a: Arceus|Recover|p1a: Arceus\n|-heal|p1a: Arceus|85\/100\n|move|p2a: Arceus|Judgment|p1a: Arceus\n|-damage|p1a: Arceus|37\/100\n|\n|upkeep\n|turn|19\n|c|\u2606Iknowmyabc'slol|crit when?\n|\n|t:|1698601846\n|move|p1a: Arceus|Recover|p1a: Arceus\n|-heal|p1a: Arceus|87\/100\n|move|p2a: Arceus|Calm Mind|p2a: Arceus\n|-boost|p2a: Arceus|spa|1\n|-boost|p2a: Arceus|spd|1\n|\n|upkeep\n|turn|20\n|\n|t:|1698601853\n|move|p1a: Arceus|Judgment|p2a: Arceus\n|-damage|p2a: Arceus|61\/100\n|move|p2a: Arceus|Judgment|p1a: Arceus\n|-damage|p1a: Arceus|26\/100\n|\n|upkeep\n|turn|21\n|c|\u2606Puigson|I'm waiting for it\n|\n|t:|1698601865\n|move|p1a: Arceus|Recover|p1a: Arceus\n|-heal|p1a: Arceus|76\/100\n|move|p2a: Arceus|Calm Mind|p2a: Arceus\n|-boost|p2a: Arceus|spa|1\n|-boost|p2a: Arceus|spd|1\n|\n|upkeep\n|turn|22\n|c|\u2606Iknowmyabc'slol|my recover will run out\n|\n|t:|1698601875\n|switch|p1a: Toxapex|Toxapex, M|100\/100 brn\n|-damage|p1a: Toxapex|76\/100 brn|[from] Spikes\n|move|p2a: Arceus|Judgment|p1a: Toxapex\n|-resisted|p1a: Toxapex\n|-damage|p1a: Toxapex|26\/100 brn\n|\n|-damage|p1a: Toxapex|20\/100 brn|[from] brn\n|upkeep\n|turn|23\n|\n|t:|1698601884\n|move|p1a: Toxapex|Baneful Bunker|p1a: Toxapex\n|-singleturn|p1a: Toxapex|move: Protect\n|move|p2a: Arceus|Judgment|p1a: Toxapex\n|-activate|p1a: Toxapex|move: Protect\n|\n|-damage|p1a: Toxapex|14\/100 brn|[from] brn\n|upkeep\n|turn|24\n|c|\u2606Iknowmyabc'slol|yea im doomed\n|\n|t:|1698601893\n|move|p2a: Arceus|Judgment|p1a: Toxapex\n|-resisted|p1a: Toxapex\n|-damage|p1a: Toxapex|0 fnt\n|faint|p1a: Toxapex\n|\n|upkeep\n|\n|t:|1698601898\n|switch|p1a: Koraidon|Koraidon|100\/100\n|-damage|p1a: Koraidon|76\/100|[from] Spikes\n|-weather|SunnyDay|[from] ability: Orichalcum Pulse|[of] p1a: Koraidon\n|-activate|p1a: Koraidon|Orichalcum Pulse|[source]\n|turn|25\n|c|\u2606Puigson|Not entirely, I don't have enough uses of judgment\n|\n|t:|1698601926\n|-terastallize|p1a: Koraidon|Fire\n|move|p1a: Koraidon|Flare Blitz|p2a: Arceus\n|-damage|p2a: Arceus|0 fnt\n|faint|p2a: Arceus\n|-damage|p1a: Koraidon|50\/100|[from] Recoil\n|\n|-weather|SunnyDay|[upkeep]\n|upkeep\n|\n|t:|1698601931\n|switch|p2a: Calyrex|Calyrex-Shadow|100\/100\n|-ability|p2a: Calyrex|As One\n|-ability|p2a: Calyrex|Unnerve\n|-damage|p2a: Calyrex|76\/100|[from] Spikes\n|turn|26\n|\n|t:|1698601940\n|switch|p1a: Arceus|Arceus|66\/100\n|move|p2a: Calyrex|Astral Barrage|p1a: Arceus\n|-immune|p1a: Arceus\n|\n|-weather|SunnyDay|[upkeep]\n|upkeep\n|turn|27\n|\n|t:|1698601947\n|switch|p2a: Toxapex|Toxapex, F|100\/100\n|-damage|p2a: Toxapex|76\/100|[from] Spikes\n|move|p1a: Arceus|Shadow Claw|p2a: Toxapex\n|-damage|p2a: Toxapex|62\/100\n|-damage|p1a: Arceus|50\/100|[from] item: Rocky Helmet|[of] p2a: Toxapex\n|\n|-weather|SunnyDay|[upkeep]\n|upkeep\n|turn|28\n|c|\u2606Iknowmyabc'slol|that did more to me\n|\n|t:|1698601960\n|switch|p1a: Koraidon|Koraidon, tera:Fire|50\/100\n|-damage|p1a: Koraidon|25\/100|[from] Spikes\n|-activate|p1a: Koraidon|ability: Orichalcum Pulse\n|move|p2a: Toxapex|Toxic|p1a: Koraidon\n|-status|p1a: Koraidon|tox\n|\n|-weather|SunnyDay|[upkeep]\n|-damage|p1a: Koraidon|19\/100 tox|[from] psn\n|upkeep\n|turn|29\n|\n|t:|1698601971\n|move|p1a: Koraidon|Outrage|p2a: Toxapex\n|-damage|p2a: Toxapex|9\/100\n|-damage|p1a: Koraidon|2\/100 tox|[from] item: Rocky Helmet|[of] p2a: Toxapex\n|move|p2a: Toxapex|Recover|p2a: Toxapex\n|-heal|p2a: Toxapex|59\/100\n|\n|-weather|none\n|-damage|p1a: Koraidon|0 fnt|[from] psn\n|faint|p1a: Koraidon\n|upkeep\n|\n|t:|1698601982\n|switch|p1a: Arceus|Arceus|50\/100\n|turn|30\n|\n|t:|1698601987\n|move|p1a: Arceus|Recover|p1a: Arceus\n|-heal|p1a: Arceus|99\/100\n|move|p2a: Toxapex|Toxic|p1a: Arceus\n|-status|p1a: Arceus|tox\n|\n|-damage|p1a: Arceus|94\/100 tox|[from] psn\n|upkeep\n|turn|31\n|\n|t:|1698601994\n|move|p1a: Arceus|Swords Dance|p1a: Arceus\n|-boost|p1a: Arceus|atk|2\n|move|p2a: Toxapex|Recover|p2a: Toxapex\n|-heal|p2a: Toxapex|100\/100\n|\n|-damage|p1a: Arceus|81\/100 tox|[from] psn\n|upkeep\n|turn|32\n|\n|t:|1698602002\n|move|p1a: Arceus|Extreme Speed|p2a: Toxapex\n|-damage|p2a: Toxapex|52\/100\n|-damage|p1a: Arceus|65\/100 tox|[from] item: Rocky Helmet|[of] p2a: Toxapex\n|move|p2a: Toxapex|Haze|p2a: Toxapex\n|-clearallboost\n|\n|-damage|p1a: Arceus|46\/100 tox|[from] psn\n|upkeep\n|turn|33\n|c|\u2606Puigson|I think taunt would be better on normal arc instead of on the fairy\n|\n|t:|1698602031\n|move|p1a: Arceus|Recover|p1a: Arceus\n|-heal|p1a: Arceus|96\/100 tox\n|move|p2a: Toxapex|Recover|p2a: Toxapex\n|-heal|p2a: Toxapex|100\/100\n|\n|-damage|p1a: Arceus|72\/100 tox|[from] psn\n|upkeep\n|turn|34\n|c|\u2606Iknowmyabc'slol|the slots are full\n|c|\u2606Puigson|I thought so\n|\n|t:|1698602046\n|move|p1a: Arceus|Swords Dance|p1a: Arceus\n|-boost|p1a: Arceus|atk|2\n|move|p2a: Toxapex|Chilling Water|p1a: Arceus\n|-damage|p1a: Arceus|65\/100 tox\n|-unboost|p1a: Arceus|atk|1\n|\n|-damage|p1a: Arceus|34\/100 tox|[from] psn\n|upkeep\n|turn|35\n|\n|t:|1698602054\n|move|p1a: Arceus|Recover|p1a: Arceus\n|-heal|p1a: Arceus|84\/100 tox\n|move|p2a: Toxapex|Haze|p2a: Toxapex\n|-clearallboost\n|\n|-damage|p1a: Arceus|48\/100 tox|[from] psn\n|upkeep\n|turn|36\n|\n|t:|1698602061\n|move|p1a: Arceus|Recover|p1a: Arceus\n|-heal|p1a: Arceus|98\/100 tox\n|move|p2a: Toxapex|Chilling Water|p1a: Arceus\n|-damage|p1a: Arceus|91\/100 tox\n|-unboost|p1a: Arceus|atk|1\n|\n|-damage|p1a: Arceus|48\/100 tox|[from] psn\n|upkeep\n|turn|37\n|\n|t:|1698602069\n|move|p1a: Arceus|Recover|p1a: Arceus\n|-heal|p1a: Arceus|98\/100 tox\n|move|p2a: Toxapex|Chilling Water|p1a: Arceus\n|-damage|p1a: Arceus|91\/100 tox\n|-unboost|p1a: Arceus|atk|1\n|\n|-damage|p1a: Arceus|42\/100 tox|[from] psn\n|upkeep\n|turn|38\n|\n|t:|1698602079\n|switch|p1a: Ting-Lu|Ting-Lu|35\/100\n|-damage|p1a: Ting-Lu|10\/100|[from] Spikes\n|-ability|p1a: Ting-Lu|Vessel of Ruin\n|move|p2a: Toxapex|Chilling Water|p1a: Ting-Lu\n|-supereffective|p1a: Ting-Lu\n|-damage|p1a: Ting-Lu|1\/100\n|-unboost|p1a: Ting-Lu|atk|1\n|\n|-heal|p1a: Ting-Lu|7\/100|[from] item: Leftovers\n|upkeep\n|turn|39\n|c|\u2606Iknowmyabc'slol|I gtg\n|c|\u2606Iknowmyabc'slol|cya\n|\n|t:|1698602090\n|move|p2a: Toxapex|Chilling Water|p1a: Ting-Lu\n|-supereffective|p1a: Ting-Lu\n|-damage|p1a: Ting-Lu|0 fnt\n|faint|p1a: Ting-Lu\n|\n|upkeep\n|\n|t:|1698602099\n|switch|p1a: Arceus|Arceus-Fairy|76\/100\n|-damage|p1a: Arceus|52\/100|[from] Spikes\n|turn|40\n|\n|t:|1698602114\n|switch|p2a: Arceus|Arceus|100\/100\n|-damage|p2a: Arceus|76\/100|[from] Spikes\n|move|p1a: Arceus|Taunt|p2a: Arceus\n|-start|p2a: Arceus|move: Taunt\n|\n|upkeep\n|turn|41\n|\n|t:|1698602121\n|move|p2a: Arceus|Extreme Speed|p1a: Arceus\n|-damage|p1a: Arceus|21\/100\n|-damage|p2a: Arceus|66\/100|[from] item: Life Orb\n|move|p1a: Arceus|Will-O-Wisp|p2a: Arceus\n|-status|p2a: Arceus|brn\n|\n|-damage|p2a: Arceus|60\/100 brn|[from] brn\n|upkeep\n|turn|42\n|\n|t:|1698602131\n|switch|p1a: Calyrex|Calyrex-Shadow|100\/100\n|-ability|p1a: Calyrex|As One\n|-ability|p1a: Calyrex|Unnerve\n|move|p2a: Arceus|Extreme Speed|p1a: Calyrex\n|-immune|p1a: Calyrex\n|\n|-damage|p2a: Arceus|54\/100 brn|[from] brn\n|-end|p2a: Arceus|move: Taunt\n|upkeep\n|turn|43\n|\n|t:|1698602143\n|move|p1a: Calyrex|Substitute|p1a: Calyrex\n|-start|p1a: Calyrex|Substitute\n|-damage|p1a: Calyrex|76\/100\n|move|p2a: Arceus|Shadow Claw|p1a: Calyrex\n|-supereffective|p1a: Calyrex\n|-end|p1a: Calyrex|Substitute\n|-damage|p2a: Arceus|44\/100 brn|[from] item: Life Orb\n|\n|-damage|p2a: Arceus|38\/100 brn|[from] brn\n|upkeep\n|turn|44\n|c|\u2606Puigson|You're still quad weak to ghost\n|\n|t:|1698602163\n|move|p1a: Calyrex|Substitute|p1a: Calyrex\n|-start|p1a: Calyrex|Substitute\n|-damage|p1a: Calyrex|51\/100\n|move|p2a: Arceus|Shadow Claw|p1a: Calyrex\n|-supereffective|p1a: Calyrex\n|-end|p1a: Calyrex|Substitute\n|-damage|p2a: Arceus|28\/100 brn|[from] item: Life Orb\n|\n|-damage|p2a: Arceus|21\/100 brn|[from] brn\n|upkeep\n|turn|45\n|\n|t:|1698602173\n|move|p1a: Calyrex|Grass Knot|p2a: Arceus\n|-damage|p2a: Arceus|0 fnt\n|faint|p2a: Arceus\n|-ability|p1a: Calyrex|Grim Neigh|boost\n|-boost|p1a: Calyrex|spa|1\n|\n|upkeep\n|\n|t:|1698602176\n|switch|p2a: Calyrex|Calyrex-Shadow|76\/100\n|-ability|p2a: Calyrex|As One\n|-ability|p2a: Calyrex|Unnerve\n|-damage|p2a: Calyrex|51\/100|[from] Spikes\n|turn|46\n|c|\u2606Iknowmyabc'slol|true\n|\n|t:|1698602185\n|switch|p1a: Arceus|Arceus|42\/100 tox\n|move|p2a: Calyrex|Astral Barrage|p1a: Arceus\n|-immune|p1a: Arceus\n|\n|-damage|p1a: Arceus|36\/100 tox|[from] psn\n|upkeep\n|turn|47\n|\n|t:|1698602194\n|switch|p2a: Toxapex|Toxapex, F|100\/100\n|-damage|p2a: Toxapex|76\/100|[from] Spikes\n|switch|p1a: Calyrex|Calyrex-Shadow|51\/100\n|-ability|p1a: Calyrex|As One\n|-ability|p1a: Calyrex|Unnerve\n|\n|upkeep\n|turn|48\n|\n|t:|1698602203\n|switch|p2a: Ting-Lu|Ting-Lu|57\/100\n|-damage|p2a: Ting-Lu|32\/100|[from] Spikes\n|-ability|p2a: Ting-Lu|Vessel of Ruin\n|move|p1a: Calyrex|Substitute|p1a: Calyrex\n|-start|p1a: Calyrex|Substitute\n|-damage|p1a: Calyrex|26\/100\n|\n|-heal|p2a: Ting-Lu|38\/100|[from] item: Leftovers\n|upkeep\n|turn|49\n|\n|t:|1698602213\n|move|p1a: Calyrex|Grass Knot|p2a: Ting-Lu\n|-supereffective|p2a: Ting-Lu\n|-damage|p2a: Ting-Lu|0 fnt\n|faint|p2a: Ting-Lu\n|-ability|p1a: Calyrex|Grim Neigh|boost\n|-boost|p1a: Calyrex|spa|1\n|\n|upkeep\n|c|\u2606Iknowmyabc'slol|YES\n|\n|t:|1698602221\n|switch|p2a: Toxapex|Toxapex, F|100\/100\n|-damage|p2a: Toxapex|76\/100|[from] Spikes\n|turn|50\n|\n|t:|1698602235\n|-terastallize|p2a: Toxapex|Dark\n|move|p1a: Calyrex|Astral Barrage|p2a: Toxapex\n|-resisted|p2a: Toxapex\n|-damage|p2a: Toxapex|28\/100\n|move|p2a: Toxapex|Haze|p2a: Toxapex\n|-clearallboost\n|\n|upkeep\n|turn|51\n|c|\u2606Iknowmyabc'slol|wut\n|\n|t:|1698602248\n|move|p1a: Calyrex|Nasty Plot|p1a: Calyrex\n|-boost|p1a: Calyrex|spa|2\n|move|p2a: Toxapex|Recover|p2a: Toxapex\n|-heal|p2a: Toxapex|78\/100\n|\n|upkeep\n|turn|52\n|c|\u2606Puigson|Probably gg\n|\n|t:|1698602260\n|move|p1a: Calyrex|Astral Barrage|p2a: Toxapex\n|-resisted|p2a: Toxapex\n|-crit|p2a: Toxapex\n|-damage|p2a: Toxapex|0 fnt\n|faint|p2a: Toxapex\n|-ability|p1a: Calyrex|Grim Neigh|boost\n|-boost|p1a: Calyrex|spa|1\n|\n|upkeep\n|\n|t:|1698602262\n|switch|p2a: Calyrex|Calyrex-Shadow|51\/100\n|-ability|p2a: Calyrex|As One\n|-ability|p2a: Calyrex|Unnerve\n|-damage|p2a: Calyrex|26\/100|[from] Spikes\n|turn|53\n|c|\u2606Iknowmyabc'slol|u win obviously\n|c|\u2606Iknowmyabc'slol|OH?\n|c|\u2606Iknowmyabc'slol|OHOH?\n|\n|t:|1698602275\n|move|p2a: Calyrex|Astral Barrage|p1a: Calyrex\n|-supereffective|p1a: Calyrex\n|-end|p1a: Calyrex|Substitute\n|move|p1a: Calyrex|Grass Knot|p2a: Calyrex\n|-damage|p2a: Calyrex|0 fnt\n|faint|p2a: Calyrex\n|-ability|p1a: Calyrex|Grim Neigh|boost\n|-boost|p1a: Calyrex|spa|1\n|\n|upkeep\n|c|\u2606Puigson|Go for it\n|\n|t:|1698602278\n|switch|p2a: Koraidon|Koraidon|100\/100\n|-damage|p2a: Koraidon|76\/100|[from] Spikes\n|-weather|SunnyDay|[from] ability: Orichalcum Pulse|[of] p2a: Koraidon\n|-activate|p2a: Koraidon|Orichalcum Pulse|[source]\n|turn|54\n|\n|t:|1698602291\n|move|p1a: Calyrex|Substitute|p1a: Calyrex\n|-start|p1a: Calyrex|Substitute\n|-damage|p1a: Calyrex|1\/100\n|move|p2a: Koraidon|Flare Blitz|p1a: Calyrex\n|-end|p1a: Calyrex|Substitute\n|-damage|p2a: Koraidon|67\/100|[from] Recoil|[of] p1a: Calyrex\n|\n|-weather|SunnyDay|[upkeep]\n|upkeep\n|turn|55\n|c|\u2606Puigson|Gg my boy\n|c|\u2606Iknowmyabc'slol|dont worry\n|c|\u2606Iknowmyabc'slol|just testing\n|c|\u2606Iknowmyabc'slol|gg\n|\n|t:|1698602303\n|move|p1a: Calyrex|Astral Barrage|p2a: Koraidon\n|-damage|p2a: Koraidon|0 fnt\n|faint|p2a: Koraidon\n|\n|win|Iknowmyabc'slol\n|c|\u2606Iknowmyabc'slol|third try\n|c|\u2606Iknowmyabc'slol|although I gtg now\n|c|\u2606Iknowmyabc'slol|thanks\n","uploadtime":1698602316,"views":7,"p1id":"iknowmyabcslol","p2id":"puigson","formatid":"gen9anythinggoes","rating":0,"private":0,"password":""}