{"id":"gen9anythinggoes-1998102267","p1":"TheGriffinKing2O","p2":"dreepy airlines","format":"[Gen 9] Anything Goes","log":"|j|\u2606TheGriffinKing2O\n|j|\u2606dreepy airlines\n|inactive|Battle timer is ON: inactive players will automatically lose when time's up.\n|t:|1700891652\n|gametype|singles\n|player|p1|TheGriffinKing2O|n-masters3|\n|player|p2|dreepy airlines|waitress-gen6|\n|teamsize|p1|6\n|teamsize|p2|6\n|gen|9\n|tier|[Gen 9] Anything Goes\n|rated|Tournament battle\n|rule|HP Percentage Mod: HP is shown in percentages\n|rule|Endless Battle Clause: Forcing endless battles is banned\n|clearpoke\n|poke|p1|Calyrex-Shadow|\n|poke|p1|Thundurus, M|\n|poke|p1|Koraidon|\n|poke|p1|Scizor, F|\n|poke|p1|Zacian-*|\n|poke|p1|Giratina-Origin|\n|poke|p2|Ursaluna, F|\n|poke|p2|Ursaluna, M|\n|poke|p2|Calyrex-Shadow|\n|poke|p2|Corviknight, M|\n|poke|p2|Chien-Pao|\n|poke|p2|Grimmsnarl, M|\n|teampreview\n|j|*Lady Monita \u2746\n|inactive|dreepy airlines also wants the timer to be on.\n|j| Rhik\n|j| bruhmach\n|c|\u2606TheGriffinKing2O|Hf\n|\n|t:|1700891659\n|start\n|switch|p1a: Giratina|Giratina-Origin|100\/100\n|switch|p2a: Grimmsnarl|Grimmsnarl, M|100\/100\n|turn|1\n|\n|t:|1700891663\n|move|p2a: Grimmsnarl|Spore|p1a: Giratina\n|-status|p1a: Giratina|slp|[from] move: Spore\n|cant|p1a: Giratina|slp\n|\n|upkeep\n|turn|2\n|\n|t:|1700891667\n|switch|p1a: Thundurus|Thundurus, M|100\/100\n|move|p2a: Grimmsnarl|Shed Tail|p2a: Grimmsnarl\n|-start|p2a: Grimmsnarl|Substitute|[from] move: Shed Tail\n|-damage|p2a: Grimmsnarl|50\/100\n|j| NoTollsNoRolls\n|\n|t:|1700891673\n|switch|p2a: Ursaluna|Ursaluna, F|100\/100|[from] Shed Tail\n|\n|-status|p2a: Ursaluna|brn|[from] item: Flame Orb\n|upkeep\n|turn|3\n|j| Pure Hackmons\n|\n|t:|1700891685\n|move|p2a: Ursaluna|Extreme Speed|p1a: Thundurus\n|-damage|p1a: Thundurus|8\/100\n|move|p1a: Thundurus|Substitute|p1a: Thundurus\n|-fail|p1a: Thundurus|move: Substitute|[weak]\n|\n|-damage|p2a: Ursaluna|94\/100 brn|[from] brn\n|upkeep\n|turn|4\n|j| Greedy4 ?\n|\n|t:|1700891697\n|move|p2a: Ursaluna|Extreme Speed|p1a: Thundurus\n|-damage|p1a: Thundurus|0 fnt\n|faint|p1a: Thundurus\n|\n|-damage|p2a: Ursaluna|88\/100 brn|[from] brn\n|upkeep\n|\n|t:|1700891703\n|switch|p1a: Koraidon|Koraidon|100\/100\n|-weather|SunnyDay|[from] ability: Orichalcum Pulse|[of] p1a: Koraidon\n|-activate|p1a: Koraidon|Orichalcum Pulse|[source]\n|turn|5\n|\n|t:|1700891709\n|move|p1a: Koraidon|Collision Course|p2a: Ursaluna\n|-supereffective|p2a: Ursaluna\n|-end|p2a: Ursaluna|Substitute\n|-damage|p1a: Koraidon|91\/100|[from] item: Life Orb\n|move|p2a: Ursaluna|Earthquake|p1a: Koraidon\n|-damage|p1a: Koraidon|12\/100\n|\n|-weather|SunnyDay|[upkeep]\n|-damage|p2a: Ursaluna|82\/100 brn|[from] brn\n|upkeep\n|turn|6\n|\n|t:|1700891717\n|move|p2a: Ursaluna|Extreme Speed|p1a: Koraidon\n|-damage|p1a: Koraidon|0 fnt\n|faint|p1a: Koraidon\n|\n|-weather|SunnyDay|[upkeep]\n|-damage|p2a: Ursaluna|76\/100 brn|[from] brn\n|upkeep\n|c| Greedy4 ?|hello\n|\n|t:|1700891723\n|switch|p1a: Zacian|Zacian-Crowned|100\/100\n|-ability|p1a: Zacian|Intrepid Sword|boost\n|-boost|p1a: Zacian|atk|1\n|turn|7\n|\n|t:|1700891730\n|move|p1a: Zacian|Aqua Step|p2a: Ursaluna\n|-supereffective|p2a: Ursaluna\n|-damage|p2a: Ursaluna|35\/100 brn\n|-boost|p1a: Zacian|spe|1\n|move|p2a: Ursaluna|Earthquake|p1a: Zacian\n|-supereffective|p1a: Zacian\n|-damage|p1a: Zacian|0 fnt\n|faint|p1a: Zacian\n|\n|-weather|SunnyDay|[upkeep]\n|-damage|p2a: Ursaluna|29\/100 brn|[from] brn\n|upkeep\n|\n|t:|1700891737\n|switch|p1a: Scizor|Scizor, F|100\/100\n|turn|8\n|\n|t:|1700891740\n|move|p2a: Ursaluna|Earthquake|p1a: Scizor\n|-damage|p1a: Scizor|9\/100\n|move|p1a: Scizor|Swords Dance|p1a: Scizor\n|-boost|p1a: Scizor|atk|2\n|\n|-weather|SunnyDay|[upkeep]\n|-damage|p2a: Ursaluna|23\/100 brn|[from] brn\n|upkeep\n|turn|9\n|\n|t:|1700891744\n|move|p2a: Ursaluna|Extreme Speed|p1a: Scizor\n|-resisted|p1a: Scizor\n|-damage|p1a: Scizor|0 fnt\n|faint|p1a: Scizor\n|\n|-weather|none\n|-damage|p2a: Ursaluna|16\/100 brn|[from] brn\n|upkeep\n|c|\u2606TheGriffinKing2O|What am i doing\n|\n|t:|1700891753\n|switch|p1a: Calyrex|Calyrex-Shadow|100\/100\n|-ability|p1a: Calyrex|As One\n|-ability|p1a: Calyrex|Unnerve\n|turn|10\n|\n|t:|1700891760\n|move|p2a: Ursaluna|Shadow Sneak|p1a: Calyrex\n|-supereffective|p1a: Calyrex\n|-enditem|p1a: Calyrex|Focus Sash\n|-damage|p1a: Calyrex|1\/100\n|move|p1a: Calyrex|Quiver Dance|p1a: Calyrex\n|-boost|p1a: Calyrex|spa|1\n|-boost|p1a: Calyrex|spd|1\n|-boost|p1a: Calyrex|spe|1\n|\n|-damage|p2a: Ursaluna|10\/100 brn|[from] brn\n|upkeep\n|turn|11\n|c|\u2606TheGriffinKing2O|Ok\n|c| Greedy4 ?|idk\n|-message|TheGriffinKing2O forfeited.\n|\n|win|dreepy airlines\n|n|\u2606TheGriffinKing2O|thegriffinking2o\n|n|\u2606dreepy airlines|dreepyairlines\n|n|*Lady Monita \u2746|ladymonita\n|n| Rhik|rhik\n|n| bruhmach|bruhmach\n|n| NoTollsNoRolls|notollsnorolls\n|n| Pure Hackmons|purehackmons\n|n| Greedy4 ?|greedy4\n","uploadtime":1700891768,"views":1,"p1id":"thegriffinking2o","p2id":"dreepyairlines","formatid":"gen9anythinggoes","rating":0,"private":0,"password":""}