{"id":"gen9anythinggoes-1977940943","p1":"Jojospicydong","p2":"jeezus1023","format":"[Gen 9] Anything Goes","log":"|j|\u2606Jojospicydong\n|j|\u2606jeezus1023\n|t:|1698469934\n|gametype|singles\n|player|p1|Jojospicydong|cameraman|\n|player|p2|jeezus1023|clair|\n|teamsize|p1|6\n|teamsize|p2|6\n|gen|9\n|tier|[Gen 9] Anything Goes\n|rule|HP Percentage Mod: HP is shown in percentages\n|rule|Endless Battle Clause: Forcing endless battles is banned\n|clearpoke\n|poke|p1|Flutter Mane|\n|poke|p1|Dragapult, F|\n|poke|p1|Azumarill, M|\n|poke|p1|Blissey, F|\n|poke|p1|Slowking-Galar, F|\n|poke|p1|Tsareena, F|\n|poke|p2|Walking Wake|\n|poke|p2|Mimikyu, M|\n|poke|p2|Garchomp, M|\n|poke|p2|Oricorio, M|\n|poke|p2|Muk-Alola, M|\n|poke|p2|Annihilape, M|\n|teampreview\n|\n|t:|1698469956\n|start\n|switch|p1a: Sorghaghtani|Tsareena, F, shiny|100\/100\n|switch|p2a: Diable Jambe|Oricorio, M, shiny|100\/100\n|turn|1\n|\n|t:|1698469970\n|switch|p1a: Hooverville|Blissey, F|100\/100\n|move|p2a: Diable Jambe|U-turn|p1a: Hooverville\n|-damage|p1a: Hooverville|90\/100\n|-damage|p2a: Diable Jambe|84\/100|[from] item: Rocky Helmet|[of] p1a: Hooverville\n|\n|t:|1698469979\n|switch|p2a: Tommy Devito|Annihilape, M|100\/100|[from] U-turn\n|\n|upkeep\n|turn|2\n|\n|t:|1698469989\n|move|p2a: Tommy Devito|Taunt|p1a: Hooverville\n|-start|p1a: Hooverville|move: Taunt\n|cant|p1a: Hooverville|move: Taunt|Thunder Wave\n|\n|upkeep\n|turn|3\n|\n|t:|1698470014\n|switch|p1a: Sorghaghtani|Tsareena, F, shiny|100\/100\n|move|p2a: Tommy Devito|Rage Fist|p1a: Sorghaghtani\n|-damage|p1a: Sorghaghtani|81\/100\n|\n|upkeep\n|turn|4\n|\n|t:|1698470031\n|switch|p2a: Diable Jambe|Oricorio, M, shiny|84\/100\n|move|p1a: Sorghaghtani|Knock Off|p2a: Diable Jambe\n|-damage|p2a: Diable Jambe|48\/100\n|-enditem|p2a: Diable Jambe|Heavy-Duty Boots|[from] move: Knock Off|[of] p1a: Sorghaghtani\n|\n|upkeep\n|turn|5\n|\n|t:|1698470049\n|switch|p1a: Hooverville|Blissey, F|90\/100\n|move|p2a: Diable Jambe|Air Slash|p1a: Hooverville\n|-damage|p1a: Hooverville|82\/100\n|\n|upkeep\n|turn|6\n|\n|t:|1698470061\n|move|p2a: Diable Jambe|U-turn|p1a: Hooverville\n|-damage|p1a: Hooverville|73\/100\n|-damage|p2a: Diable Jambe|32\/100|[from] item: Rocky Helmet|[of] p1a: Hooverville\n|\n|t:|1698470070\n|switch|p2a: Demon|Garchomp, M|100\/100|[from] U-turn\n|move|p1a: Hooverville|Thunder Wave|p2a: Demon\n|-immune|p2a: Demon\n|\n|upkeep\n|turn|7\n|\n|t:|1698470083\n|move|p2a: Demon|Stealth Rock|p1a: Hooverville\n|-sidestart|p1: Jojospicydong|move: Stealth Rock\n|move|p1a: Hooverville|Stealth Rock|p2a: Demon\n|-sidestart|p2: jeezus1023|move: Stealth Rock\n|\n|upkeep\n|turn|8\n|\n|t:|1698470091\n|move|p2a: Demon|Earthquake|p1a: Hooverville\n|-damage|p1a: Hooverville|33\/100\n|move|p1a: Hooverville|Soft-Boiled|p1a: Hooverville\n|-heal|p1a: Hooverville|83\/100\n|\n|upkeep\n|turn|9\n|\n|t:|1698470098\n|switch|p1a: Sorghaghtani|Tsareena, F, shiny|81\/100\n|move|p2a: Demon|Spikes|p1a: Sorghaghtani\n|-sidestart|p1: Jojospicydong|Spikes\n|\n|upkeep\n|turn|10\n|\n|t:|1698470114\n|move|p2a: Demon|Dragon Claw|p1a: Sorghaghtani\n|-damage|p1a: Sorghaghtani|49\/100\n|move|p1a: Sorghaghtani|Rapid Spin|p2a: Demon\n|-damage|p2a: Demon|87\/100\n|-boost|p1a: Sorghaghtani|spe|1\n|-damage|p1a: Sorghaghtani|37\/100|[from] ability: Rough Skin|[of] p2a: Demon\n|-damage|p1a: Sorghaghtani|20\/100|[from] item: Rocky Helmet|[of] p2a: Demon\n|-sideend|p1: Jojospicydong|Spikes|[from] move: Rapid Spin|[of] p1a: Sorghaghtani\n|-sideend|p1: Jojospicydong|Stealth Rock|[from] move: Rapid Spin|[of] p1a: Sorghaghtani\n|\n|upkeep\n|turn|11\n|\n|t:|1698470136\n|move|p2a: Demon|Dragon Claw|p1a: Sorghaghtani\n|-damage|p1a: Sorghaghtani|0 fnt\n|faint|p1a: Sorghaghtani\n|\n|upkeep\n|\n|t:|1698470144\n|switch|p1a: Flutter Mane|Flutter Mane|100\/100\n|-enditem|p1a: Flutter Mane|Booster Energy\n|-activate|p1a: Flutter Mane|ability: Protosynthesis|[fromitem]\n|-start|p1a: Flutter Mane|protosynthesisspe\n|turn|12\n|\n|t:|1698470157\n|switch|p2a: LSD|Muk-Alola, M|100\/100\n|-damage|p2a: LSD|88\/100|[from] Stealth Rock\n|move|p1a: Flutter Mane|Moonblast|p2a: LSD\n|-damage|p2a: LSD|66\/100\n|-unboost|p2a: LSD|spa|1\n|\n|upkeep\n|turn|13\n|\n|t:|1698470172\n|-end|p1a: Flutter Mane|Protosynthesis|[silent]\n|switch|p1a: wehttaMselleD|Slowking-Galar, F|100\/100\n|move|p2a: LSD|Knock Off|p1a: wehttaMselleD\n|-supereffective|p1a: wehttaMselleD\n|-damage|p1a: wehttaMselleD|36\/100\n|-enditem|p1a: wehttaMselleD|Black Sludge|[from] move: Knock Off|[of] p2a: LSD\n|\n|upkeep\n|turn|14\n|\n|t:|1698470181\n|move|p2a: LSD|Knock Off|p1a: wehttaMselleD\n|-supereffective|p1a: wehttaMselleD\n|-damage|p1a: wehttaMselleD|0 fnt\n|faint|p1a: wehttaMselleD\n|\n|upkeep\n|\n|t:|1698470189\n|switch|p1a: Hooverville|Blissey, F|83\/100\n|turn|15\n|\n|t:|1698470203\n|switch|p2a: Demon|Garchomp, M|87\/100\n|-damage|p2a: Demon|81\/100|[from] Stealth Rock\n|move|p1a: Hooverville|Facade|p2a: Demon\n|-damage|p2a: Demon|76\/100\n|-damage|p1a: Hooverville|71\/100|[from] ability: Rough Skin|[of] p2a: Demon\n|-damage|p1a: Hooverville|54\/100|[from] item: Rocky Helmet|[of] p2a: Demon\n|\n|upkeep\n|turn|16\n|\n|t:|1698470229\n|switch|p2a: Tommy Devito|Annihilape, M|100\/100\n|-damage|p2a: Tommy Devito|94\/100|[from] Stealth Rock\n|move|p1a: Hooverville|Soft-Boiled|p1a: Hooverville\n|-heal|p1a: Hooverville|100\/100\n|\n|-heal|p2a: Tommy Devito|100\/100|[from] item: Leftovers\n|upkeep\n|turn|17\n|c|\u2606Jojospicydong|Fuck\n|\n|t:|1698470239\n|move|p2a: Tommy Devito|Taunt|p1a: Hooverville\n|-start|p1a: Hooverville|move: Taunt\n|cant|p1a: Hooverville|move: Taunt|Thunder Wave\n|\n|upkeep\n|turn|18\n|\n|t:|1698470256\n|switch|p1a: Flutter Mane|Flutter Mane|100\/100\n|move|p2a: Tommy Devito|Bulk Up|p2a: Tommy Devito\n|-boost|p2a: Tommy Devito|atk|1\n|-boost|p2a: Tommy Devito|def|1\n|\n|upkeep\n|turn|19\n|\n|t:|1698470265\n|move|p1a: Flutter Mane|Moonblast|p2a: Tommy Devito\n|-supereffective|p2a: Tommy Devito\n|-damage|p2a: Tommy Devito|34\/100\n|move|p2a: Tommy Devito|Rage Fist|p1a: Flutter Mane\n|-supereffective|p1a: Flutter Mane\n|-damage|p1a: Flutter Mane|0 fnt\n|faint|p1a: Flutter Mane\n|-end|p1a: Flutter Mane|Protosynthesis|[silent]\n|\n|-heal|p2a: Tommy Devito|40\/100|[from] item: Leftovers\n|upkeep\n|\n|t:|1698470275\n|switch|p1a: Empress Cixi|Dragapult, F, shiny|100\/100\n|turn|20\n|\n|t:|1698470284\n|move|p1a: Empress Cixi|Draco Meteor|p2a: Tommy Devito\n|-damage|p2a: Tommy Devito|3\/100\n|-unboost|p1a: Empress Cixi|spa|2\n|move|p2a: Tommy Devito|Rage Fist|p1a: Empress Cixi\n|-supereffective|p1a: Empress Cixi\n|-damage|p1a: Empress Cixi|0 fnt\n|faint|p1a: Empress Cixi\n|\n|-heal|p2a: Tommy Devito|10\/100|[from] item: Leftovers\n|upkeep\n|\n|t:|1698470295\n|switch|p1a: DongFuxiang|Azumarill, M, shiny|100\/100\n|turn|21\n|\n|t:|1698470331\n|switch|p2a: Demon|Garchomp, M|76\/100\n|-damage|p2a: Demon|70\/100|[from] Stealth Rock\n|move|p1a: DongFuxiang|Aqua Jet|p2a: Demon\n|-damage|p2a: Demon|50\/100\n|-damage|p1a: DongFuxiang|88\/100|[from] ability: Rough Skin|[of] p2a: Demon\n|-damage|p1a: DongFuxiang|72\/100|[from] item: Rocky Helmet|[of] p2a: Demon\n|\n|upkeep\n|turn|22\n|\n|t:|1698470342\n|move|p2a: Demon|Earthquake|p1a: DongFuxiang\n|-damage|p1a: DongFuxiang|20\/100\n|-enditem|p1a: DongFuxiang|Sitrus Berry|[eat]\n|-heal|p1a: DongFuxiang|45\/100|[from] item: Sitrus Berry\n|move|p1a: DongFuxiang|Play Rough|p2a: Demon\n|-supereffective|p2a: Demon\n|-damage|p2a: Demon|0 fnt\n|-damage|p1a: DongFuxiang|33\/100|[from] ability: Rough Skin|[of] p2a: Demon\n|-damage|p1a: DongFuxiang|16\/100|[from] item: Rocky Helmet|[of] p2a: Demon\n|faint|p2a: Demon\n|\n|upkeep\n|\n|t:|1698470354\n|switch|p2a: LSD|Muk-Alola, M|66\/100\n|-damage|p2a: LSD|53\/100|[from] Stealth Rock\n|turn|23\n|\n|t:|1698470371\n|move|p1a: DongFuxiang|Play Rough|p2a: LSD\n|-damage|p2a: LSD|0 fnt\n|faint|p2a: LSD\n|\n|upkeep\n|\n|t:|1698470381\n|switch|p2a: Eldritch Horror|Mimikyu, M, shiny|100\/100\n|-damage|p2a: Eldritch Horror|88\/100|[from] Stealth Rock\n|turn|24\n|\n|t:|1698470388\n|switch|p1a: Hooverville|Blissey, F|100\/100\n|move|p2a: Eldritch Horror|Trailblaze|p1a: Hooverville\n|-damage|p1a: Hooverville|88\/100\n|-boost|p2a: Eldritch Horror|spe|1\n|-damage|p2a: Eldritch Horror|72\/100|[from] item: Rocky Helmet|[of] p1a: Hooverville\n|\n|upkeep\n|turn|25\n|\n|t:|1698470411\n|switch|p2a: Tommy Devito|Annihilape, M|10\/100\n|-damage|p2a: Tommy Devito|3\/100|[from] Stealth Rock\n|move|p1a: Hooverville|Thunder Wave|p2a: Tommy Devito\n|-status|p2a: Tommy Devito|par\n|\n|-heal|p2a: Tommy Devito|10\/100 par|[from] item: Leftovers\n|upkeep\n|turn|26\n|\n|t:|1698470420\n|switch|p1a: DongFuxiang|Azumarill, M, shiny|16\/100\n|move|p2a: Tommy Devito|Drain Punch|p1a: DongFuxiang\n|-resisted|p1a: DongFuxiang\n|-damage|p1a: DongFuxiang|0 fnt\n|-heal|p2a: Tommy Devito|16\/100 par|[from] drain|[of] p1a: DongFuxiang\n|faint|p1a: DongFuxiang\n|\n|-heal|p2a: Tommy Devito|22\/100 par|[from] item: Leftovers\n|upkeep\n|\n|t:|1698470431\n|switch|p1a: Hooverville|Blissey, F|88\/100\n|turn|27\n|c|\u2606Jojospicydong|Gg\n|c|\u2606jeezus1023|gg\n|\n|t:|1698470441\n|move|p1a: Hooverville|Stealth Rock||[still]\n|-fail|p1a: Hooverville\n|move|p2a: Tommy Devito|Drain Punch|p1a: Hooverville\n|-supereffective|p1a: Hooverville\n|-damage|p1a: Hooverville|34\/100\n|-heal|p2a: Tommy Devito|64\/100 par|[from] drain|[of] p1a: Hooverville\n|-damage|p2a: Tommy Devito|47\/100 par|[from] item: Rocky Helmet|[of] p1a: Hooverville\n|\n|-heal|p2a: Tommy Devito|53\/100 par|[from] item: Leftovers\n|upkeep\n|turn|28\n|\n|t:|1698470452\n|move|p1a: Hooverville|Soft-Boiled|p1a: Hooverville\n|-heal|p1a: Hooverville|85\/100\n|move|p2a: Tommy Devito|Drain Punch|p1a: Hooverville\n|-supereffective|p1a: Hooverville\n|-damage|p1a: Hooverville|25\/100\n|-heal|p2a: Tommy Devito|99\/100 par|[from] drain|[of] p1a: Hooverville\n|-damage|p2a: Tommy Devito|83\/100 par|[from] item: Rocky Helmet|[of] p1a: Hooverville\n|\n|-heal|p2a: Tommy Devito|89\/100 par|[from] item: Leftovers\n|upkeep\n|turn|29\n|\n|t:|1698470465\n|move|p1a: Hooverville|Stealth Rock||[still]\n|-fail|p1a: Hooverville\n|cant|p2a: Tommy Devito|par\n|\n|-heal|p2a: Tommy Devito|95\/100 par|[from] item: Leftovers\n|upkeep\n|turn|30\n|\n|t:|1698470473\n|move|p1a: Hooverville|Soft-Boiled|p1a: Hooverville\n|-heal|p1a: Hooverville|75\/100\n|move|p2a: Tommy Devito|Drain Punch|p1a: Hooverville\n|-supereffective|p1a: Hooverville\n|-damage|p1a: Hooverville|18\/100\n|-heal|p2a: Tommy Devito|100\/100 par|[from] drain|[of] p1a: Hooverville\n|-damage|p2a: Tommy Devito|84\/100 par|[from] item: Rocky Helmet|[of] p1a: Hooverville\n|\n|-heal|p2a: Tommy Devito|90\/100 par|[from] item: Leftovers\n|upkeep\n|turn|31\n|\n|t:|1698470484\n|move|p1a: Hooverville|Soft-Boiled|p1a: Hooverville\n|-heal|p1a: Hooverville|68\/100\n|move|p2a: Tommy Devito|Drain Punch|p1a: Hooverville\n|-supereffective|p1a: Hooverville\n|-damage|p1a: Hooverville|14\/100\n|-heal|p2a: Tommy Devito|100\/100 par|[from] drain|[of] p1a: Hooverville\n|-damage|p2a: Tommy Devito|84\/100 par|[from] item: Rocky Helmet|[of] p1a: Hooverville\n|\n|-heal|p2a: Tommy Devito|90\/100 par|[from] item: Leftovers\n|upkeep\n|turn|32\n|\n|t:|1698470495\n|move|p1a: Hooverville|Soft-Boiled|p1a: Hooverville\n|-heal|p1a: Hooverville|64\/100\n|move|p2a: Tommy Devito|Bulk Up|p2a: Tommy Devito\n|-boost|p2a: Tommy Devito|atk|1\n|-boost|p2a: Tommy Devito|def|1\n|\n|-heal|p2a: Tommy Devito|96\/100 par|[from] item: Leftovers\n|upkeep\n|turn|33\n|\n|t:|1698470511\n|move|p1a: Hooverville|Soft-Boiled|p1a: Hooverville\n|-heal|p1a: Hooverville|100\/100\n|cant|p2a: Tommy Devito|par\n|\n|-heal|p2a: Tommy Devito|100\/100 par|[from] item: Leftovers\n|upkeep\n|turn|34\n|\n|t:|1698470519\n|move|p1a: Hooverville|Facade|p2a: Tommy Devito\n|-immune|p2a: Tommy Devito\n|move|p2a: Tommy Devito|Drain Punch|p1a: Hooverville\n|-supereffective|p1a: Hooverville\n|-damage|p1a: Hooverville|11\/100\n|-damage|p2a: Tommy Devito|84\/100 par|[from] item: Rocky Helmet|[of] p1a: Hooverville\n|\n|-heal|p2a: Tommy Devito|90\/100 par|[from] item: Leftovers\n|upkeep\n|turn|35\n|\n|t:|1698470530\n|move|p1a: Hooverville|Soft-Boiled|p1a: Hooverville\n|-heal|p1a: Hooverville|61\/100\n|cant|p2a: Tommy Devito|par\n|\n|-heal|p2a: Tommy Devito|96\/100 par|[from] item: Leftovers\n|upkeep\n|turn|36\n|\n|t:|1698470539\n|move|p1a: Hooverville|Facade|p2a: Tommy Devito\n|-immune|p2a: Tommy Devito\n|move|p2a: Tommy Devito|Drain Punch|p1a: Hooverville\n|-supereffective|p1a: Hooverville\n|-damage|p1a: Hooverville|0 fnt\n|-heal|p2a: Tommy Devito|100\/100 par|[from] drain|[of] p1a: Hooverville\n|-damage|p2a: Tommy Devito|84\/100 par|[from] item: Rocky Helmet|[of] p1a: Hooverville\n|faint|p1a: Hooverville\n|\n|win|jeezus1023\n","uploadtime":1698470551,"views":13,"p1id":"jojospicydong","p2id":"jeezus1023","formatid":"gen9anythinggoes","rating":0,"private":0,"password":""}