{"id":"gen9anythinggoes-1982920835","p1":"pikatchouk 2","p2":"OFFTHEZERC","format":"[Gen 9] Anything Goes","log":"|j|\u2606pikatchouk 2\n|j|\u2606OFFTHEZERC\n|t:|1699058833\n|gametype|singles\n|player|p1|pikatchouk 2|102|1645\n|player|p2|OFFTHEZERC|n|1832\n|teamsize|p1|6\n|teamsize|p2|6\n|gen|9\n|tier|[Gen 9] Anything Goes\n|rated|\n|rule|HP Percentage Mod: HP is shown in percentages\n|rule|Endless Battle Clause: Forcing endless battles is banned\n|clearpoke\n|poke|p1|Miraidon|\n|poke|p1|Ting-Lu|\n|poke|p1|Calyrex-Shadow|\n|poke|p1|Toxapex, M|\n|poke|p1|Zacian-*|\n|poke|p1|Arceus|\n|poke|p2|Calyrex-Shadow|\n|poke|p2|Miraidon|\n|poke|p2|Koraidon|\n|poke|p2|Zacian-*|\n|poke|p2|Landorus-Therian, M|\n|poke|p2|Ting-Lu|\n|teampreview\n|inactive|Battle timer is ON: inactive players will automatically lose when time's up. (requested by pikatchouk 2)\n|\n|t:|1699058875\n|start\n|switch|p1a: Arceus|Arceus|100\/100\n|switch|p2a: Koraidon|Koraidon|100\/100\n|-weather|SunnyDay|[from] ability: Orichalcum Pulse|[of] p2a: Koraidon\n|-activate|p2a: Koraidon|Orichalcum Pulse|[source]\n|turn|1\n|\n|t:|1699058886\n|switch|p1a: Toxapex|Toxapex, M|100\/100\n|move|p2a: Koraidon|U-turn|p1a: Toxapex\n|-resisted|p1a: Toxapex\n|-damage|p1a: Toxapex|90\/100\n|-damage|p2a: Koraidon|84\/100|[from] item: Rocky Helmet|[of] p1a: Toxapex\n|inactive|OFFTHEZERC has 120 seconds left.\n|\n|t:|1699058923\n|switch|p2a: Calyrex|Calyrex-Shadow|100\/100|[from] U-turn\n|-ability|p2a: Calyrex|As One\n|-ability|p2a: Calyrex|Unnerve\n|\n|-weather|SunnyDay|[upkeep]\n|upkeep\n|turn|2\n|\n|t:|1699058931\n|switch|p1a: Ting-Lu|Ting-Lu|100\/100\n|-ability|p1a: Ting-Lu|Vessel of Ruin\n|move|p2a: Calyrex|Grass Knot|p1a: Ting-Lu\n|-supereffective|p1a: Ting-Lu\n|-damage|p1a: Ting-Lu|43\/100\n|-damage|p2a: Calyrex|91\/100|[from] item: Life Orb\n|\n|-weather|SunnyDay|[upkeep]\n|-heal|p1a: Ting-Lu|50\/100|[from] item: Leftovers\n|upkeep\n|turn|3\n|\n|t:|1699058950\n|-terastallize|p1a: Ting-Lu|Grass\n|move|p2a: Calyrex|Grass Knot|p1a: Ting-Lu\n|-resisted|p1a: Ting-Lu\n|-damage|p1a: Ting-Lu|35\/100\n|-damage|p2a: Calyrex|81\/100|[from] item: Life Orb\n|move|p1a: Ting-Lu|Whirlwind|p2a: Calyrex\n|drag|p2a: Zacian|Zacian-Crowned, shiny|100\/100\n|-ability|p2a: Zacian|Intrepid Sword|boost\n|-boost|p2a: Zacian|atk|1\n|\n|-weather|SunnyDay|[upkeep]\n|-heal|p1a: Ting-Lu|41\/100|[from] item: Leftovers\n|upkeep\n|turn|4\n|\n|t:|1699058970\n|switch|p1a: Toxapex|Toxapex, M|100\/100\n|move|p2a: Zacian|Behemoth Blade|p1a: Toxapex\n|-resisted|p1a: Toxapex\n|-damage|p1a: Toxapex|77\/100\n|-damage|p2a: Zacian|84\/100|[from] item: Rocky Helmet|[of] p1a: Toxapex\n|\n|-weather|SunnyDay|[upkeep]\n|upkeep\n|turn|5\n|\n|t:|1699058983\n|switch|p2a: Miraidon|Miraidon|100\/100\n|-fieldstart|move: Electric Terrain|[from] ability: Hadron Engine|[of] p2a: Miraidon\n|move|p1a: Toxapex|Haze|p1a: Toxapex\n|-clearallboost\n|\n|-weather|none\n|upkeep\n|turn|6\n|\n|t:|1699058997\n|switch|p1a: Miraidon|Miraidon|100\/100\n|-activate|p1a: Miraidon|ability: Hadron Engine\n|move|p2a: Miraidon|Draco Meteor|p1a: Miraidon|[miss]\n|-miss|p2a: Miraidon|p1a: Miraidon\n|\n|upkeep\n|turn|7\n|\n|t:|1699059004\n|switch|p2a: Ting-Lu|Ting-Lu|100\/100\n|-ability|p2a: Ting-Lu|Vessel of Ruin\n|move|p1a: Miraidon|Draco Meteor|p2a: Ting-Lu\n|-damage|p2a: Ting-Lu|64\/100\n|-unboost|p1a: Miraidon|spa|2\n|\n|-heal|p2a: Ting-Lu|71\/100|[from] item: Leftovers\n|upkeep\n|turn|8\n|\n|t:|1699059023\n|switch|p1a: Arceus|Arceus|100\/100\n|move|p2a: Ting-Lu|Spikes|p1a: Arceus\n|-sidestart|p1: pikatchouk 2|Spikes\n|\n|-heal|p2a: Ting-Lu|77\/100|[from] item: Leftovers\n|upkeep\n|turn|9\n|\n|t:|1699059041\n|switch|p2a: Zacian|Zacian-Crowned, shiny|84\/100\n|move|p1a: Arceus|Taunt|p2a: Zacian\n|-start|p2a: Zacian|move: Taunt\n|\n|-fieldend|move: Electric Terrain\n|upkeep\n|turn|10\n|\n|t:|1699059061\n|move|p2a: Zacian|Behemoth Blade|p1a: Arceus\n|-damage|p1a: Arceus|58\/100\n|move|p1a: Arceus|Earthquake|p2a: Zacian\n|-supereffective|p2a: Zacian\n|-damage|p2a: Zacian|18\/100\n|\n|-heal|p1a: Arceus|64\/100|[from] item: Leftovers\n|upkeep\n|turn|11\n|\n|t:|1699059071\n|switch|p1a: Toxapex|Toxapex, M|100\/100\n|-damage|p1a: Toxapex|88\/100|[from] Spikes\n|move|p2a: Zacian|Behemoth Blade|p1a: Toxapex\n|-resisted|p1a: Toxapex\n|-damage|p1a: Toxapex|69\/100\n|-damage|p2a: Zacian|1\/100|[from] item: Rocky Helmet|[of] p1a: Toxapex\n|\n|-end|p2a: Zacian|move: Taunt\n|upkeep\n|turn|12\n|\n|t:|1699059084\n|switch|p2a: Miraidon|Miraidon|100\/100\n|-fieldstart|move: Electric Terrain|[from] ability: Hadron Engine|[of] p2a: Miraidon\n|move|p1a: Toxapex|Toxic|p2a: Miraidon\n|-status|p2a: Miraidon|tox\n|\n|-damage|p2a: Miraidon|94\/100 tox|[from] psn\n|upkeep\n|turn|13\n|\n|t:|1699059103\n|switch|p1a: Zacian|Zacian-Crowned|100\/100\n|-damage|p1a: Zacian|88\/100|[from] Spikes\n|-ability|p1a: Zacian|Intrepid Sword|boost\n|-boost|p1a: Zacian|atk|1\n|move|p2a: Miraidon|Draco Meteor|p1a: Zacian\n|-immune|p1a: Zacian\n|\n|-damage|p2a: Miraidon|82\/100 tox|[from] psn\n|upkeep\n|turn|14\n|\n|t:|1699059113\n|switch|p2a: Landorus|Landorus-Therian, M|100\/100\n|-ability|p2a: Landorus|Intimidate|boost\n|-unboost|p1a: Zacian|atk|1\n|move|p1a: Zacian|Behemoth Blade|p2a: Landorus\n|-damage|p2a: Landorus|59\/100\n|-damage|p1a: Zacian|72\/100|[from] item: Rocky Helmet|[of] p2a: Landorus\n|\n|upkeep\n|turn|15\n|inactive|pikatchouk 2 has 120 seconds left.\n|\n|t:|1699059139\n|move|p1a: Zacian|Behemoth Blade|p2a: Landorus\n|-damage|p2a: Landorus|16\/100\n|-damage|p1a: Zacian|55\/100|[from] item: Rocky Helmet|[of] p2a: Landorus\n|move|p2a: Landorus|Earthquake|p1a: Zacian\n|-supereffective|p1a: Zacian\n|-damage|p1a: Zacian|0 fnt\n|faint|p1a: Zacian\n|\n|upkeep\n|\n|t:|1699059148\n|switch|p1a: Calyrex|Calyrex-Shadow|100\/100\n|-ability|p1a: Calyrex|As One\n|-ability|p1a: Calyrex|Unnerve\n|turn|16\n|\n|t:|1699059158\n|move|p1a: Calyrex|Astral Barrage|p2a: Landorus\n|-damage|p2a: Landorus|0 fnt\n|faint|p2a: Landorus\n|-ability|p1a: Calyrex|Grim Neigh|boost\n|-boost|p1a: Calyrex|spa|1\n|\n|-fieldend|move: Electric Terrain\n|upkeep\n|\n|t:|1699059171\n|switch|p2a: Koraidon|Koraidon|84\/100\n|-weather|SunnyDay|[from] ability: Orichalcum Pulse|[of] p2a: Koraidon\n|-activate|p2a: Koraidon|Orichalcum Pulse|[source]\n|turn|17\n|\n|t:|1699059191\n|switch|p1a: Toxapex|Toxapex, M|100\/100\n|-damage|p1a: Toxapex|88\/100|[from] Spikes\n|move|p2a: Koraidon|Flare Blitz|p1a: Toxapex\n|-resisted|p1a: Toxapex\n|-damage|p1a: Toxapex|65\/100\n|-damage|p2a: Koraidon|68\/100|[from] item: Rocky Helmet|[of] p1a: Toxapex\n|-damage|p2a: Koraidon|61\/100|[from] Recoil\n|\n|-weather|SunnyDay|[upkeep]\n|upkeep\n|turn|18\n|\n|t:|1699059203\n|switch|p2a: Miraidon|Miraidon|82\/100 tox\n|-fieldstart|move: Electric Terrain|[from] ability: Hadron Engine|[of] p2a: Miraidon\n|move|p1a: Toxapex|Toxic Spikes|p2a: Miraidon\n|-sidestart|p2: OFFTHEZERC|move: Toxic Spikes\n|\n|-weather|SunnyDay|[upkeep]\n|-damage|p2a: Miraidon|76\/100 tox|[from] psn\n|upkeep\n|turn|19\n|inactive|pikatchouk 2 has 120 seconds left.\n|\n|t:|1699059234\n|switch|p1a: Ting-Lu|Ting-Lu, tera:Grass|41\/100\n|-damage|p1a: Ting-Lu|28\/100|[from] Spikes\n|-ability|p1a: Ting-Lu|Vessel of Ruin\n|move|p2a: Miraidon|Draco Meteor|p1a: Ting-Lu\n|-damage|p1a: Ting-Lu|0 fnt\n|-unboost|p2a: Miraidon|spa|2\n|faint|p1a: Ting-Lu\n|\n|-weather|SunnyDay|[upkeep]\n|-damage|p2a: Miraidon|64\/100 tox|[from] psn\n|upkeep\n|inactive|pikatchouk 2 has 90 seconds left.\n|\n|t:|1699059262\n|switch|p1a: Arceus|Arceus|64\/100\n|-damage|p1a: Arceus|51\/100|[from] Spikes\n|turn|20\n|inactive|pikatchouk 2 has 90 seconds left.\n|\n|t:|1699059271\n|switch|p2a: Zacian|Zacian-Crowned, shiny|1\/100\n|move|p1a: Arceus|Extreme Speed|p2a: Zacian\n|-resisted|p2a: Zacian\n|-damage|p2a: Zacian|0 fnt\n|faint|p2a: Zacian\n|\n|-weather|SunnyDay|[upkeep]\n|-heal|p1a: Arceus|57\/100|[from] item: Leftovers\n|upkeep\n|inactive|OFFTHEZERC has 120 seconds left.\n|\n|t:|1699059328\n|switch|p2a: Miraidon|Miraidon|64\/100 tox\n|-activate|p2a: Miraidon|ability: Hadron Engine\n|turn|21\n|\n|t:|1699059338\n|move|p1a: Arceus|Extreme Speed|p2a: Miraidon\n|-damage|p2a: Miraidon|22\/100 tox\n|move|p2a: Miraidon|Draco Meteor|p1a: Arceus\n|-damage|p1a: Arceus|0 fnt\n|-unboost|p2a: Miraidon|spa|2\n|faint|p1a: Arceus\n|\n|-weather|none\n|-damage|p2a: Miraidon|16\/100 tox|[from] psn\n|upkeep\n|inactive|pikatchouk 2 has 90 seconds left.\n|\n|t:|1699059358\n|switch|p1a: Calyrex|Calyrex-Shadow|100\/100\n|-ability|p1a: Calyrex|As One\n|-ability|p1a: Calyrex|Unnerve\n|turn|22\n|inactive|pikatchouk 2 has 90 seconds left.\n|\n|t:|1699059370\n|switch|p2a: Ting-Lu|Ting-Lu|77\/100\n|-status|p2a: Ting-Lu|psn\n|-ability|p2a: Ting-Lu|Vessel of Ruin\n|move|p1a: Calyrex|Astral Barrage|p2a: Ting-Lu\n|-resisted|p2a: Ting-Lu\n|-damage|p2a: Ting-Lu|62\/100 psn\n|\n|-heal|p2a: Ting-Lu|68\/100 psn|[from] item: Leftovers\n|-damage|p2a: Ting-Lu|56\/100 psn|[from] psn\n|-fieldend|move: Electric Terrain\n|upkeep\n|turn|23\n|inactive|pikatchouk 2 has 90 seconds left.\n|\n|t:|1699059385\n|move|p1a: Calyrex|Grass Knot|p2a: Ting-Lu\n|-supereffective|p2a: Ting-Lu\n|-damage|p2a: Ting-Lu|13\/100 psn\n|move|p2a: Ting-Lu|Earthquake|p1a: Calyrex\n|-damage|p1a: Calyrex|56\/100\n|\n|-heal|p2a: Ting-Lu|19\/100 psn|[from] item: Leftovers\n|-damage|p2a: Ting-Lu|7\/100 psn|[from] psn\n|upkeep\n|turn|24\n|inactive|pikatchouk 2 has 90 seconds left.\n|\n|t:|1699059395\n|move|p1a: Calyrex|Astral Barrage|p2a: Ting-Lu\n|-resisted|p2a: Ting-Lu\n|-damage|p2a: Ting-Lu|0 fnt\n|faint|p2a: Ting-Lu\n|-ability|p1a: Calyrex|Grim Neigh|boost\n|-boost|p1a: Calyrex|spa|1\n|\n|upkeep\n|inactive|OFFTHEZERC has 120 seconds left.\n|\n|t:|1699059421\n|switch|p2a: Miraidon|Miraidon|16\/100 tox\n|-fieldstart|move: Electric Terrain|[from] ability: Hadron Engine|[of] p2a: Miraidon\n|turn|25\n|inactive|pikatchouk 2 has 90 seconds left.\n|\n|t:|1699059450\n|move|p2a: Miraidon|Draco Meteor|p1a: Calyrex\n|-damage|p1a: Calyrex|0 fnt\n|-unboost|p2a: Miraidon|spa|2\n|faint|p1a: Calyrex\n|\n|-damage|p2a: Miraidon|10\/100 tox|[from] psn\n|upkeep\n|\n|t:|1699059465\n|switch|p1a: Miraidon|Miraidon|100\/100\n|-damage|p1a: Miraidon|88\/100|[from] Spikes\n|-activate|p1a: Miraidon|ability: Hadron Engine\n|turn|26\n|\n|t:|1699059468\n|switch|p2a: Koraidon|Koraidon|61\/100\n|-status|p2a: Koraidon|psn\n|-weather|SunnyDay|[from] ability: Orichalcum Pulse|[of] p2a: Koraidon\n|-activate|p2a: Koraidon|Orichalcum Pulse|[source]\n|move|p1a: Miraidon|Electro Drift|p2a: Koraidon\n|-resisted|p2a: Koraidon\n|-damage|p2a: Koraidon|17\/100 psn\n|\n|-weather|SunnyDay|[upkeep]\n|-damage|p2a: Koraidon|5\/100 psn|[from] psn\n|upkeep\n|turn|27\n|\n|t:|1699059482\n|move|p1a: Miraidon|Electro Drift|p2a: Koraidon\n|-resisted|p2a: Koraidon\n|-damage|p2a: Koraidon|0 fnt\n|faint|p2a: Koraidon\n|\n|-weather|SunnyDay|[upkeep]\n|upkeep\n|\n|t:|1699059502\n|switch|p2a: Miraidon|Miraidon|10\/100 tox\n|-activate|p2a: Miraidon|ability: Hadron Engine\n|turn|28\n|inactive|pikatchouk 2 has 90 seconds left.\n|c|\u2606OFFTHEZERC|if i lose both speed ties after missing draco...\n|inactive|OFFTHEZERC has 120 seconds left.\n|\n|t:|1699059525\n|switch|p1a: Toxapex|Toxapex, M|98\/100\n|-damage|p1a: Toxapex|86\/100|[from] Spikes\n|move|p2a: Miraidon|Draco Meteor|p1a: Toxapex\n|-damage|p1a: Toxapex|6\/100\n|-unboost|p2a: Miraidon|spa|2\n|\n|-weather|SunnyDay|[upkeep]\n|-damage|p2a: Miraidon|3\/100 tox|[from] psn\n|upkeep\n|turn|29\n|inactive|pikatchouk 2 has 90 seconds left.\n|\n|t:|1699059538\n|switch|p2a: Calyrex|Calyrex-Shadow|81\/100\n|-ability|p2a: Calyrex|As One\n|-ability|p2a: Calyrex|Unnerve\n|-status|p2a: Calyrex|psn\n|move|p1a: Toxapex|Recover|p1a: Toxapex\n|-heal|p1a: Toxapex|56\/100\n|\n|-weather|SunnyDay|[upkeep]\n|-damage|p2a: Calyrex|68\/100 psn|[from] psn\n|-fieldend|move: Electric Terrain\n|upkeep\n|turn|30\n|inactive|pikatchouk 2 has 90 seconds left.\n|inactive|OFFTHEZERC has 120 seconds left.\n|\n|t:|1699059556\n|move|p2a: Calyrex|Astral Barrage|p1a: Toxapex\n|-damage|p1a: Toxapex|0 fnt\n|faint|p1a: Toxapex\n|-ability|p2a: Calyrex|Grim Neigh|boost\n|-boost|p2a: Calyrex|spa|1\n|-damage|p2a: Calyrex|58\/100 psn|[from] item: Life Orb\n|\n|-weather|none\n|-damage|p2a: Calyrex|46\/100 psn|[from] psn\n|upkeep\n|\n|t:|1699059568\n|switch|p1a: Miraidon|Miraidon|88\/100\n|-damage|p1a: Miraidon|76\/100|[from] Spikes\n|-fieldstart|move: Electric Terrain|[from] ability: Hadron Engine|[of] p1a: Miraidon\n|turn|31\n|\n|t:|1699059573\n|-terastallize|p2a: Calyrex|Fairy\n|move|p1a: Miraidon|Electro Drift|p2a: Calyrex\n|-damage|p2a: Calyrex|0 fnt\n|faint|p2a: Calyrex\n|\n|upkeep\n|\n|t:|1699059576\n|switch|p2a: Miraidon|Miraidon|3\/100 tox\n|-activate|p2a: Miraidon|ability: Hadron Engine\n|turn|32\n|\n|t:|1699059579\n|move|p1a: Miraidon|Electro Drift|p2a: Miraidon\n|-resisted|p2a: Miraidon\n|-damage|p2a: Miraidon|0 fnt\n|faint|p2a: Miraidon\n|\n|win|pikatchouk 2\n|raw|pikatchouk 2's rating: 1645 &rarr; <strong>1675<\/strong><br \/>(+30 for winning)\n|raw|OFFTHEZERC's rating: 1832 &rarr; <strong>1802<\/strong><br \/>(-30 for losing)\n|c|\u2606OFFTHEZERC|dude\n","uploadtime":1699059598,"views":3,"p1id":"pikatchouk2","p2id":"offthezerc","formatid":"gen9anythinggoes","rating":1675,"private":0,"password":""}