{"id":"gen9anythinggoes-1986447404","p1":"Henzai","p2":"TealThelordBidoof","format":"[Gen 9] Anything Goes","log":"|j|\u2606Henzai\n|j|\u2606TealThelordBidoof\n|t:|1699480070\n|gametype|singles\n|player|p1|Henzai|allister|1097\n|player|p2|TealThelordBidoof|grimsley|1156\n|teamsize|p1|6\n|teamsize|p2|6\n|gen|9\n|tier|[Gen 9] Anything Goes\n|rated|\n|rule|HP Percentage Mod: HP is shown in percentages\n|rule|Endless Battle Clause: Forcing endless battles is banned\n|clearpoke\n|poke|p1|Weavile, M|\n|poke|p1|Espathra, M|\n|poke|p1|Drifblim, M|\n|poke|p1|Krookodile, M|\n|poke|p1|Mewtwo|\n|poke|p1|Jirachi|\n|poke|p2|Kyogre|\n|poke|p2|Greninja-*, M|\n|poke|p2|Palafin, M|\n|poke|p2|Kilowattrel, M|\n|poke|p2|Urshifu-*, F|\n|poke|p2|Arceus-Water|\n|teampreview\n|inactive|Battle timer is ON: inactive players will automatically lose when time's up. (requested by Henzai)\n|\n|t:|1699480082\n|start\n|switch|p1a: Jirachi|Jirachi, shiny|100\/100\n|switch|p2a: Whale|Kyogre|100\/100\n|-weather|RainDance|[from] ability: Drizzle|[of] p2a: Whale\n|turn|1\n|\n|t:|1699480091\n|move|p1a: Jirachi|Stored Power|p2a: Whale\n|-damage|p2a: Whale|96\/100\n|move|p2a: Whale|Origin Pulse|p1a: Jirachi|[miss]\n|-miss|p2a: Whale|p1a: Jirachi\n|\n|-weather|RainDance|[upkeep]\n|upkeep\n|turn|2\n|\n|t:|1699480098\n|move|p1a: Jirachi|Cosmic Power|p1a: Jirachi\n|-boost|p1a: Jirachi|def|1\n|-boost|p1a: Jirachi|spd|1\n|move|p2a: Whale|Origin Pulse|p1a: Jirachi\n|-damage|p1a: Jirachi|56\/100\n|\n|-weather|RainDance|[upkeep]\n|-heal|p1a: Jirachi|62\/100|[from] item: Leftovers\n|upkeep\n|turn|3\n|\n|t:|1699480109\n|move|p1a: Jirachi|Cosmic Power|p1a: Jirachi\n|-boost|p1a: Jirachi|def|1\n|-boost|p1a: Jirachi|spd|1\n|move|p2a: Whale|Origin Pulse|p1a: Jirachi\n|-damage|p1a: Jirachi|29\/100\n|\n|-weather|RainDance|[upkeep]\n|-heal|p1a: Jirachi|35\/100|[from] item: Leftovers\n|upkeep\n|turn|4\n|\n|t:|1699480117\n|move|p1a: Jirachi|Cosmic Power|p1a: Jirachi\n|-boost|p1a: Jirachi|def|1\n|-boost|p1a: Jirachi|spd|1\n|move|p2a: Whale|Origin Pulse|p1a: Jirachi\n|-damage|p1a: Jirachi|11\/100\n|\n|-weather|RainDance|[upkeep]\n|-heal|p1a: Jirachi|18\/100|[from] item: Leftovers\n|upkeep\n|turn|5\n|j| Alex_50505\n|\n|t:|1699480140\n|move|p1a: Jirachi|Baton Pass|p1a: Jirachi\n|\n|t:|1699480147\n|switch|p1a: Weavile|Weavile, M, shiny|100\/100|[from] Baton Pass\n|-ability|p1a: Weavile|Pressure\n|move|p2a: Whale|Origin Pulse|p1a: Weavile|[miss]\n|-miss|p2a: Whale|p1a: Weavile\n|\n|-weather|RainDance|[upkeep]\n|upkeep\n|turn|6\n|\n|t:|1699480158\n|move|p1a: Weavile|Knock Off|p2a: Whale\n|-damage|p2a: Whale|60\/100\n|-enditem|p2a: Whale|Damp Rock|[from] move: Knock Off|[of] p1a: Weavile\n|move|p2a: Whale|Origin Pulse|p1a: Weavile\n|-damage|p1a: Weavile|63\/100\n|\n|-weather|RainDance|[upkeep]\n|upkeep\n|turn|7\n|\n|t:|1699480167\n|-terastallize|p2a: Whale|Ground\n|move|p1a: Weavile|Hone Claws|p1a: Weavile\n|-boost|p1a: Weavile|atk|1\n|-boost|p1a: Weavile|accuracy|1\n|move|p2a: Whale|Tera Blast|p1a: Weavile|[anim] Tera Blast Ground\n|-damage|p1a: Weavile|43\/100\n|\n|-weather|RainDance|[upkeep]\n|upkeep\n|turn|8\n|\n|t:|1699480175\n|move|p1a: Weavile|Baton Pass|p1a: Weavile\n|\n|t:|1699480177\n|switch|p1a: Drifblim|Drifblim, M, shiny|100\/100|[from] Baton Pass\n|move|p2a: Whale|Origin Pulse|p1a: Drifblim|[miss]\n|-miss|p2a: Whale|p1a: Drifblim\n|\n|-weather|none\n|upkeep\n|turn|9\n|\n|t:|1699480183\n|move|p1a: Drifblim|Minimize|p1a: Drifblim\n|-boost|p1a: Drifblim|evasion|2\n|move|p2a: Whale|Origin Pulse|p1a: Drifblim|[miss]\n|-miss|p2a: Whale|p1a: Drifblim\n|\n|upkeep\n|turn|10\n|\n|t:|1699480194\n|switch|p2a: Hero|Palafin, M|100\/100\n|move|p1a: Drifblim|Minimize|p1a: Drifblim\n|-boost|p1a: Drifblim|evasion|2\n|\n|upkeep\n|turn|11\n|\n|t:|1699480202\n|detailschange|p2a: Hero|Palafin-Hero, M\n|switch|p2a: Whale|Kyogre, tera:Ground|60\/100\n|-weather|RainDance|[from] ability: Drizzle|[of] p2a: Whale\n|move|p1a: Drifblim|Minimize|p1a: Drifblim\n|-boost|p1a: Drifblim|evasion|2\n|\n|-weather|RainDance|[upkeep]\n|upkeep\n|turn|12\n|\n|t:|1699480209\n|move|p1a: Drifblim|Calm Mind|p1a: Drifblim\n|-boost|p1a: Drifblim|spa|1\n|-boost|p1a: Drifblim|spd|1\n|move|p2a: Whale|Origin Pulse|p1a: Drifblim|[miss]\n|-miss|p2a: Whale|p1a: Drifblim\n|\n|-weather|RainDance|[upkeep]\n|upkeep\n|turn|13\n|\n|t:|1699480217\n|move|p1a: Drifblim|Calm Mind|p1a: Drifblim\n|-boost|p1a: Drifblim|spa|1\n|-boost|p1a: Drifblim|spd|1\n|move|p2a: Whale|Origin Pulse|p1a: Drifblim|[miss]\n|-miss|p2a: Whale|p1a: Drifblim\n|\n|-weather|RainDance|[upkeep]\n|upkeep\n|turn|14\n|\n|t:|1699480223\n|move|p1a: Drifblim|Calm Mind|p1a: Drifblim\n|-boost|p1a: Drifblim|spa|1\n|-boost|p1a: Drifblim|spd|1\n|move|p2a: Whale|Tera Blast|p1a: Drifblim|[anim] Tera Blast Ground\n|-immune|p1a: Drifblim\n|\n|-weather|RainDance|[upkeep]\n|upkeep\n|turn|15\n|\n|t:|1699480231\n|move|p1a: Drifblim|Calm Mind|p1a: Drifblim\n|-boost|p1a: Drifblim|spa|1\n|-boost|p1a: Drifblim|spd|0\n|move|p2a: Whale|Ice Beam|p1a: Drifblim|[miss]\n|-miss|p2a: Whale|p1a: Drifblim\n|\n|-weather|none\n|upkeep\n|turn|16\n|\n|t:|1699480242\n|move|p1a: Drifblim|Baton Pass|p1a: Drifblim\n|c|\u2606TealThelordBidoof|you asshole\n|\n|t:|1699480246\n|switch|p1a: Espathra|Espathra, M, shiny|100\/100|[from] Baton Pass\n|move|p2a: Whale|Ice Beam|p1a: Espathra|[miss]\n|-miss|p2a: Whale|p1a: Espathra\n|\n|upkeep\n|turn|17\n|\n|t:|1699480255\n|move|p1a: Espathra|Calm Mind|p1a: Espathra\n|-boost|p1a: Espathra|spa|1\n|-boost|p1a: Espathra|spd|0\n|move|p2a: Whale|Origin Pulse|p1a: Espathra\n|-damage|p1a: Espathra|85\/100\n|\n|-heal|p1a: Espathra|91\/100|[from] item: Leftovers\n|-ability|p1a: Espathra|Speed Boost|boost\n|-boost|p1a: Espathra|spe|1\n|upkeep\n|turn|18\n|c|\u2606TealThelordBidoof|hhhhhhhhhhhaaaaaaaaaaaaaaaaaaaaaaaaaaaaaaaaaaaaaaaaa!\n|\n|t:|1699480270\n|move|p1a: Espathra|Calm Mind|p1a: Espathra\n|-boost|p1a: Espathra|spa|1\n|-boost|p1a: Espathra|spd|0\n|move|p2a: Whale|Origin Pulse|p1a: Espathra|[miss]\n|-miss|p2a: Whale|p1a: Espathra\n|\n|-heal|p1a: Espathra|97\/100|[from] item: Leftovers\n|-ability|p1a: Espathra|Speed Boost|boost\n|-boost|p1a: Espathra|spe|1\n|upkeep\n|turn|19\n|inactive|Henzai has 120 seconds left.\n|\n|t:|1699480301\n|switch|p2a: ninja|Greninja, M|100\/100\n|move|p1a: Espathra|Protect||[still]\n|-fail|p1a: Espathra\n|\n|-heal|p1a: Espathra|100\/100|[from] item: Leftovers\n|-ability|p1a: Espathra|Speed Boost|boost\n|-boost|p1a: Espathra|spe|1\n|upkeep\n|turn|20\n|inactive|Henzai has 120 seconds left.\n|\n|t:|1699480316\n|move|p1a: Espathra|Baton Pass|p1a: Espathra\n|\n|t:|1699480328\n|switch|p1a: Mewtwo|Mewtwo, shiny|100\/100|[from] Baton Pass\n|-ability|p1a: Mewtwo|Pressure\n|move|p2a: ninja|Dark Pulse|p1a: Mewtwo|[miss]\n|-miss|p2a: ninja|p1a: Mewtwo\n|\n|upkeep\n|turn|21\n|\n|t:|1699480338\n|move|p1a: Mewtwo|Electro Ball|p2a: ninja\n|-supereffective|p2a: ninja\n|-enditem|p2a: ninja|Focus Sash\n|-damage|p2a: ninja|1\/100\n|move|p2a: ninja|Dark Pulse|p1a: Mewtwo|[miss]\n|-miss|p2a: ninja|p1a: Mewtwo\n|\n|upkeep\n|turn|22\n|c|\u2606TealThelordBidoof|stop plz not fun\n|\n|t:|1699480350\n|move|p1a: Mewtwo|Electro Ball|p2a: ninja\n|-supereffective|p2a: ninja\n|-damage|p2a: ninja|0 fnt\n|faint|p2a: ninja\n|\n|upkeep\n|\n|t:|1699480358\n|switch|p2a: Whale|Kyogre, tera:Ground|60\/100\n|-weather|RainDance|[from] ability: Drizzle|[of] p2a: Whale\n|turn|23\n|\n|t:|1699480364\n|move|p1a: Mewtwo|Stored Power|p2a: Whale\n|-damage|p2a: Whale|0 fnt\n|faint|p2a: Whale\n|\n|-weather|RainDance|[upkeep]\n|upkeep\n|\n|t:|1699480369\n|switch|p2a: Ult pigeon|Kilowattrel, M|100\/100\n|turn|24\n|\n|t:|1699480373\n|move|p1a: Mewtwo|Stored Power|p2a: Ult pigeon\n|-damage|p2a: Ult pigeon|0 fnt\n|faint|p2a: Ult pigeon\n|\n|-weather|RainDance|[upkeep]\n|upkeep\n|\n|t:|1699480378\n|switch|p2a: Kung Fu|Urshifu-Rapid-Strike, F|100\/100\n|turn|25\n|\n|t:|1699480383\n|move|p1a: Mewtwo|Stored Power|p2a: Kung Fu\n|-supereffective|p2a: Kung Fu\n|-damage|p2a: Kung Fu|0 fnt\n|faint|p2a: Kung Fu\n|\n|-weather|RainDance|[upkeep]\n|upkeep\n|\n|t:|1699480390\n|switch|p2a: Poseidon|Arceus-Water|100\/100\n|turn|26\n|c|\u2606TealThelordBidoof|get a life bro\n|\n|t:|1699480400\n|move|p2a: Poseidon|Extreme Speed|p1a: Mewtwo\n|-damage|p1a: Mewtwo|91\/100\n|move|p1a: Mewtwo|Stored Power|p2a: Poseidon\n|-damage|p2a: Poseidon|0 fnt\n|faint|p2a: Poseidon\n|\n|-weather|RainDance|[upkeep]\n|-heal|p1a: Mewtwo|97\/100|[from] item: Leftovers\n|upkeep\n|\n|t:|1699480409\n|switch|p2a: Hero|Palafin-Hero, M|100\/100\n|-activate|p2a: Hero|ability: Zero to Hero\n|turn|27\n|\n|t:|1699480416\n|move|p1a: Mewtwo|Stored Power|p2a: Hero\n|-damage|p2a: Hero|0 fnt\n|faint|p2a: Hero\n|\n|win|Henzai\n|raw|Henzai's rating: 1097 &rarr; <strong>1127<\/strong><br \/>(+30 for winning)\n|raw|TealThelordBidoof's rating: 1156 &rarr; <strong>1127<\/strong><br \/>(-29 for losing)\n|c|\u2606TealThelordBidoof|f you\n|l|\u2606TealThelordBidoof\n|l| Alex_50505\n","uploadtime":1699480458,"views":5,"p1id":"henzai","p2id":"tealthelordbidoof","formatid":"gen9anythinggoes","rating":1127,"private":0,"password":""}