{"id":"gen9anythinggoes-1972306169","p1":"Tio Nayib","p2":"T8745f","format":"[Gen 9] Anything Goes","log":"|j|\u203dTio Nayib\n|j|\u2606T8745f\n|t:|1697829829\n|gametype|singles\n|player|p1|Tio Nayib|hoopster|1155\n|player|p2|T8745f|170|1218\n|teamsize|p1|6\n|teamsize|p2|6\n|gen|9\n|tier|[Gen 9] Anything Goes\n|rated|\n|rule|HP Percentage Mod: HP is shown in percentages\n|rule|Endless Battle Clause: Forcing endless battles is banned\n|clearpoke\n|poke|p1|Dragapult, F|\n|poke|p1|Gliscor, M|\n|poke|p1|Iron Moth|\n|poke|p1|Tyranitar, M|\n|poke|p1|Calyrex-Shadow|\n|poke|p1|Clefable, M|\n|poke|p2|Mew|\n|poke|p2|Dondozo, M|\n|poke|p2|Enamorus-Therian, F|\n|poke|p2|Dragapult, F|\n|poke|p2|Garganacl, F|\n|poke|p2|Frosmoth, F|\n|teampreview\n|inactive|Battle timer is ON: inactive players will automatically lose when time's up. (requested by T8745f)\n|\n|t:|1697829853\n|start\n|switch|p1a: Tyranitar|Tyranitar, M|100\/100\n|switch|p2a: Frosmoth|Frosmoth, F|100\/100\n|-weather|Sandstorm|[from] ability: Sand Stream|[of] p1a: Tyranitar\n|turn|1\n|\n|t:|1697829872\n|-terastallize|p2a: Frosmoth|Ground\n|move|p2a: Frosmoth|Quiver Dance|p2a: Frosmoth\n|-boost|p2a: Frosmoth|spa|1\n|-boost|p2a: Frosmoth|spd|1\n|-boost|p2a: Frosmoth|spe|1\n|move|p1a: Tyranitar|Stone Edge|p2a: Frosmoth\n|-resisted|p2a: Frosmoth\n|-damage|p2a: Frosmoth|65\/100\n|\n|-weather|Sandstorm|[upkeep]\n|-heal|p2a: Frosmoth|71\/100|[from] item: Leftovers\n|upkeep\n|turn|2\n|inactive|Tio Nayib has 120 seconds left.\n|\n|t:|1697829898\n|switch|p1a: Calyrex|Calyrex-Shadow|100\/100\n|-ability|p1a: Calyrex|As One\n|-ability|p1a: Calyrex|Unnerve\n|move|p2a: Frosmoth|Quiver Dance|p2a: Frosmoth\n|-boost|p2a: Frosmoth|spa|1\n|-boost|p2a: Frosmoth|spd|1\n|-boost|p2a: Frosmoth|spe|1\n|\n|-weather|Sandstorm|[upkeep]\n|-damage|p1a: Calyrex|94\/100|[from] Sandstorm\n|-heal|p2a: Frosmoth|77\/100|[from] item: Leftovers\n|upkeep\n|turn|3\n|inactive|Tio Nayib has 120 seconds left.\n|\n|t:|1697829915\n|move|p2a: Frosmoth|Bug Buzz|p1a: Calyrex\n|-damage|p1a: Calyrex|23\/100\n|move|p1a: Calyrex|Giga Drain|p2a: Frosmoth\n|-supereffective|p2a: Frosmoth\n|-damage|p2a: Frosmoth|20\/100\n|-heal|p1a: Calyrex|47\/100|[from] drain|[of] p2a: Frosmoth\n|-damage|p1a: Calyrex|37\/100|[from] item: Life Orb\n|\n|-weather|Sandstorm|[upkeep]\n|-damage|p1a: Calyrex|31\/100|[from] Sandstorm\n|-heal|p2a: Frosmoth|26\/100|[from] item: Leftovers\n|upkeep\n|turn|4\n|inactive|Tio Nayib has 120 seconds left.\n|\n|t:|1697829929\n|-terastallize|p1a: Calyrex|Dark\n|move|p2a: Frosmoth|Bug Buzz|p1a: Calyrex\n|-supereffective|p1a: Calyrex\n|-damage|p1a: Calyrex|0 fnt\n|faint|p1a: Calyrex\n|\n|-weather|Sandstorm|[upkeep]\n|-heal|p2a: Frosmoth|32\/100|[from] item: Leftovers\n|upkeep\n|\n|t:|1697829954\n|switch|p1a: Clefable|Clefable, M|100\/100\n|turn|5\n|\n|t:|1697829959\n|move|p2a: Frosmoth|Giga Drain|p1a: Clefable\n|-damage|p1a: Clefable|59\/100\n|-heal|p2a: Frosmoth|61\/100|[from] drain|[of] p1a: Clefable\n|move|p1a: Clefable|Ice Beam|p2a: Frosmoth\n|-supereffective|p2a: Frosmoth\n|-damage|p2a: Frosmoth|23\/100\n|\n|-weather|none\n|-heal|p2a: Frosmoth|29\/100|[from] item: Leftovers\n|-heal|p1a: Clefable|65\/100|[from] item: Leftovers\n|upkeep\n|turn|6\n|\n|t:|1697829976\n|move|p2a: Frosmoth|Quiver Dance|p2a: Frosmoth\n|-boost|p2a: Frosmoth|spa|1\n|-boost|p2a: Frosmoth|spd|1\n|-boost|p2a: Frosmoth|spe|1\n|move|p1a: Clefable|Ice Beam|p2a: Frosmoth\n|-supereffective|p2a: Frosmoth\n|-damage|p2a: Frosmoth|0 fnt\n|faint|p2a: Frosmoth\n|\n|-heal|p1a: Clefable|71\/100|[from] item: Leftovers\n|upkeep\n|inactive|T8745f has 120 seconds left.\n|\n|t:|1697830005\n|switch|p2a: Mew|Mew|100\/100\n|turn|7\n|inactive|T8745f has 120 seconds left.\n|\n|t:|1697830019\n|switch|p1a: Tyranitar|Tyranitar, M|100\/100\n|-weather|Sandstorm|[from] ability: Sand Stream|[of] p1a: Tyranitar\n|move|p2a: Mew|Calm Mind|p2a: Mew\n|-boost|p2a: Mew|spa|1\n|-boost|p2a: Mew|spd|1\n|\n|-weather|Sandstorm|[upkeep]\n|-damage|p2a: Mew|94\/100|[from] Sandstorm\n|-heal|p2a: Mew|100\/100|[from] item: Leftovers\n|upkeep\n|turn|8\n|inactive|T8745f has 120 seconds left.\n|\n|t:|1697830031\n|move|p2a: Mew|Aura Sphere|p1a: Tyranitar\n|-supereffective|p1a: Tyranitar\n|-damage|p1a: Tyranitar|43\/100\n|move|p1a: Tyranitar|Iron Head|p2a: Mew\n|-damage|p2a: Mew|69\/100\n|\n|-weather|Sandstorm|[upkeep]\n|-damage|p2a: Mew|63\/100|[from] Sandstorm\n|-heal|p2a: Mew|69\/100|[from] item: Leftovers\n|upkeep\n|turn|9\n|inactive|T8745f has 120 seconds left.\n|\n|t:|1697830043\n|move|p2a: Mew|Aura Sphere|p1a: Tyranitar\n|-supereffective|p1a: Tyranitar\n|-damage|p1a: Tyranitar|0 fnt\n|faint|p1a: Tyranitar\n|\n|-weather|Sandstorm|[upkeep]\n|-damage|p2a: Mew|63\/100|[from] Sandstorm\n|-heal|p2a: Mew|69\/100|[from] item: Leftovers\n|upkeep\n|\n|t:|1697830058\n|switch|p1a: Dragapult|Dragapult, F|100\/100\n|turn|10\n|inactive|T8745f has 120 seconds left.\n|\n|t:|1697830077\n|move|p1a: Dragapult|Phantom Force||[still]\n|-prepare|p1a: Dragapult|Phantom Force\n|move|p2a: Mew|Baton Pass|p2a: Mew\n|\n|t:|1697830080\n|switch|p2a: Enamorus|Enamorus-Therian, F|100\/100|[from] Baton Pass\n|\n|-weather|Sandstorm|[upkeep]\n|-damage|p1a: Dragapult|95\/100|[from] Sandstorm\n|upkeep\n|turn|11\n|inactive|Tio Nayib has 120 seconds left.\n|\n|t:|1697830089\n|move|p1a: Dragapult|Phantom Force|p2a: Enamorus|[from]lockedmove\n|-damage|p2a: Enamorus|53\/100\n|-damage|p1a: Dragapult|85\/100|[from] item: Life Orb\n|move|p2a: Enamorus|Draining Kiss|p1a: Dragapult\n|-supereffective|p1a: Dragapult\n|-damage|p1a: Dragapult|0 fnt\n|-heal|p2a: Enamorus|100\/100|[from] drain|[of] p1a: Dragapult\n|faint|p1a: Dragapult\n|\n|-weather|none\n|upkeep\n|inactive|Tio Nayib has 120 seconds left.\n|-message|Tio Nayib forfeited.\n|\n|win|T8745f\n|raw|Tio Nayib's rating: 1155 &rarr; <strong>1134<\/strong><br \/>(-21 for losing)\n|raw|T8745f's rating: 1218 &rarr; <strong>1239<\/strong><br \/>(+21 for winning)\n|l|\u203dTio Nayib\n|c|\u2606T8745f|GG\n","uploadtime":1697830121,"views":10,"p1id":"tionayib","p2id":"t8745f","formatid":"gen9anythinggoes","rating":1134,"private":0,"password":""}