{"id":"gen9anythinggoes-1984598333","p1":"MrTRB","p2":"Lostmyacc72","format":"[Gen 9] Anything Goes","log":"|j|\u2606MrTRB\n|j|\u2606Lostmyacc72\n|t:|1699283338\n|gametype|singles\n|player|p1|MrTRB|benga|1142\n|player|p2|Lostmyacc72|giovanni|1159\n|teamsize|p1|6\n|teamsize|p2|6\n|gen|9\n|tier|[Gen 9] Anything Goes\n|rated|\n|rule|HP Percentage Mod: HP is shown in percentages\n|rule|Endless Battle Clause: Forcing endless battles is banned\n|clearpoke\n|poke|p1|Gholdengo|\n|poke|p1|Cyclizar, M|\n|poke|p1|Volcarona, F|\n|poke|p1|Dipplin, M|\n|poke|p1|Garganacl, F|\n|poke|p1|Glimmora, M|\n|poke|p2|Zacian-*|\n|poke|p2|Maushold-Four|\n|poke|p2|Arceus|\n|poke|p2|Koraidon|\n|poke|p2|Calyrex-Shadow|\n|poke|p2|Gliscor, F|\n|teampreview\n|c|\u2606MrTRB|calyrex jumpscare\n|c|\u2606Lostmyacc72|yes.\n|c|\u2606MrTRB|first match of the day, too\n|c|\u2606Lostmyacc72|mhm\n|\n|t:|1699283358\n|start\n|switch|p1a: Glimmora|Glimmora, M|100\/100\n|switch|p2a: HOPE|Zacian-Crowned, shiny|100\/100\n|-ability|p2a: HOPE|Intrepid Sword|boost\n|-boost|p2a: HOPE|atk|1\n|turn|1\n|c|\u2606Lostmyacc72|It's really good tbh\n|c|\u2606MrTRB|anyways\n|c|\u2606MrTRB|Considering it is only allowed in AG\n|c|\u2606Lostmyacc72|mhm\n|c|\u2606MrTRB|yeah i expect it to be good\n|\n|t:|1699283382\n|move|p2a: HOPE|Wild Charge|p1a: Glimmora\n|-damage|p1a: Glimmora|39\/100\n|-activate|p1a: Glimmora|ability: Toxic Debris\n|-sidestart|p2: Lostmyacc72|move: Toxic Spikes\n|-damage|p2a: HOPE|86\/100|[from] Recoil\n|move|p1a: Glimmora|Stealth Rock|p2a: HOPE\n|-sidestart|p2: Lostmyacc72|move: Stealth Rock\n|\n|upkeep\n|turn|2\n|inactive|Battle timer is ON: inactive players will automatically lose when time's up. (requested by Lostmyacc72)\n|\n|t:|1699283391\n|move|p2a: HOPE|Wild Charge|p1a: Glimmora\n|-damage|p1a: Glimmora|0 fnt\n|-activate|p1a: Glimmora|ability: Toxic Debris\n|-sidestart|p2: Lostmyacc72|move: Toxic Spikes\n|faint|p1a: Glimmora\n|-damage|p2a: HOPE|78\/100|[from] Recoil\n|\n|upkeep\n|\n|t:|1699283406\n|switch|p1a: Garganacl|Garganacl, F|100\/100\n|turn|3\n|\n|t:|1699283424\n|move|p2a: HOPE|Behemoth Blade|p1a: Garganacl\n|-supereffective|p1a: Garganacl\n|-damage|p1a: Garganacl|0 fnt\n|faint|p1a: Garganacl\n|\n|upkeep\n|c|\u2606MrTRB|GARGY NOO-\n|\n|t:|1699283447\n|switch|p1a: Volcarona|Volcarona, F|100\/100\n|turn|4\n|c|\u2606Lostmyacc72|Gargy is a w\n|\n|t:|1699283460\n|move|p2a: HOPE|Wild Charge|p1a: Volcarona\n|-damage|p1a: Volcarona|36\/100\n|-damage|p2a: HOPE|60\/100|[from] Recoil\n|move|p1a: Volcarona|Fiery Dance|p2a: HOPE\n|-supereffective|p2a: HOPE\n|-damage|p2a: HOPE|0 fnt\n|-boost|p1a: Volcarona|spa|1\n|faint|p2a: HOPE\n|\n|upkeep\n|\n|t:|1699283464\n|switch|p2a: CAREFUL|Calyrex-Shadow|100\/100\n|-ability|p2a: CAREFUL|As One\n|-ability|p2a: CAREFUL|Unnerve\n|-status|p2a: CAREFUL|tox\n|-damage|p2a: CAREFUL|88\/100 tox|[from] Stealth Rock\n|turn|5\n|\n|t:|1699283472\n|move|p2a: CAREFUL|Astral Barrage|p1a: Volcarona\n|-damage|p1a: Volcarona|0 fnt\n|faint|p1a: Volcarona\n|-ability|p2a: CAREFUL|Grim Neigh|boost\n|-boost|p2a: CAREFUL|spa|1\n|\n|-damage|p2a: CAREFUL|82\/100 tox|[from] psn\n|upkeep\n|c|\u2606MrTRB|is\n|c|\u2606MrTRB|is it 100% accurate?\n|\n|t:|1699283489\n|switch|p1a: Dipplin|Dipplin, M|100\/100\n|turn|6\n|c|\u2606Lostmyacc72|yes\n|c|\u2606MrTRB|anyways, dip\n|c|\u2606MrTRB|dam\n|\n|t:|1699283506\n|move|p2a: CAREFUL|Astral Barrage|p1a: Dipplin\n|-damage|p1a: Dipplin|14\/100\n|move|p1a: Dipplin|Dragon Pulse|p2a: CAREFUL\n|-damage|p2a: CAREFUL|51\/100 tox\n|\n|-damage|p2a: CAREFUL|39\/100 tox|[from] psn\n|upkeep\n|turn|7\n|\n|t:|1699283516\n|move|p2a: CAREFUL|Astral Barrage|p1a: Dipplin\n|-damage|p1a: Dipplin|0 fnt\n|faint|p1a: Dipplin\n|-ability|p2a: CAREFUL|Grim Neigh|boost\n|-boost|p2a: CAREFUL|spa|1\n|\n|-damage|p2a: CAREFUL|20\/100 tox|[from] psn\n|upkeep\n|\n|t:|1699283521\n|switch|p1a: Cyclizar|Cyclizar, M|100\/100\n|turn|8\n|c|\u2606MrTRB|guess i gotta sweep with one\n|\n|t:|1699283544\n|-terastallize|p2a: CAREFUL|Grass\n|move|p2a: CAREFUL|Astral Barrage|p1a: Cyclizar\n|-immune|p1a: Cyclizar\n|move|p1a: Cyclizar|Shed Tail|p1a: Cyclizar\n|-start|p1a: Cyclizar|Substitute|[from] move: Shed Tail\n|-damage|p1a: Cyclizar|50\/100\n|\n|t:|1699283553\n|switch|p1a: Gholdengo|Gholdengo|100\/100|[from] Shed Tail\n|\n|-damage|p2a: CAREFUL|0 fnt|[from] psn\n|faint|p2a: CAREFUL\n|upkeep\n|\n|t:|1699283556\n|switch|p2a: I MISS THE DAYS|Koraidon|100\/100\n|-status|p2a: I MISS THE DAYS|tox\n|-damage|p2a: I MISS THE DAYS|94\/100 tox|[from] Stealth Rock\n|-weather|SunnyDay|[from] ability: Orichalcum Pulse|[of] p2a: I MISS THE DAYS\n|-activate|p2a: I MISS THE DAYS|Orichalcum Pulse|[source]\n|turn|9\n|c|\u2606MrTRB|Cyclizar, you chad\n|\n|t:|1699283572\n|move|p2a: I MISS THE DAYS|Scale Shot|p1a: Gholdengo\n|-resisted|p1a: Gholdengo\n|-activate|p1a: Gholdengo|move: Substitute|[damage]\n|-resisted|p1a: Gholdengo\n|-activate|p1a: Gholdengo|move: Substitute|[damage]\n|-hitcount|p1a: Gholdengo|2\n|-unboost|p2a: I MISS THE DAYS|def|1\n|-boost|p2a: I MISS THE DAYS|spe|1\n|move|p1a: Gholdengo|Nasty Plot|p1a: Gholdengo\n|-boost|p1a: Gholdengo|spa|2\n|\n|-weather|SunnyDay|[upkeep]\n|-damage|p2a: I MISS THE DAYS|88\/100 tox|[from] psn\n|upkeep\n|turn|10\n|\n|t:|1699283591\n|move|p2a: I MISS THE DAYS|Collision Course|p1a: Gholdengo\n|-immune|p1a: Gholdengo\n|move|p1a: Gholdengo|Make It Rain|p2a: I MISS THE DAYS\n|-damage|p2a: I MISS THE DAYS|0 fnt\n|-unboost|p1a: Gholdengo|spa|1\n|faint|p2a: I MISS THE DAYS\n|\n|-weather|SunnyDay|[upkeep]\n|upkeep\n|\n|t:|1699283595\n|switch|p2a: RUNNING|Arceus, shiny|100\/100\n|turn|11\n|c|\u2606MrTRB|i\n|c|\u2606Lostmyacc72|gg\n|c|\u2606MrTRB|if i had a nickel for every time someone tried a fighting move against gholdengo\n|inactive|MrTRB has 120 seconds left.\n|\n|t:|1699283627\n|move|p2a: RUNNING|Extreme Speed|p1a: Gholdengo\n|-immune|p1a: Gholdengo\n|move|p1a: Gholdengo|Make It Rain|p2a: RUNNING\n|-crit|p2a: RUNNING\n|-damage|p2a: RUNNING|0 fnt\n|-unboost|p1a: Gholdengo|spa|1\n|faint|p2a: RUNNING\n|\n|-weather|SunnyDay|[upkeep]\n|upkeep\n|\n|t:|1699283631\n|switch|p2a: MOTTO|Maushold-Four|100\/100\n|-status|p2a: MOTTO|tox\n|-damage|p2a: MOTTO|88\/100 tox|[from] Stealth Rock\n|turn|12\n|inactive|MrTRB has 120 seconds left.\n|-message|Lostmyacc72 forfeited.\n|\n|win|MrTRB\n|raw|MrTRB's rating: 1142 &rarr; <strong>1168<\/strong><br \/>(+26 for winning)\n|raw|Lostmyacc72's rating: 1159 &rarr; <strong>1133<\/strong><br \/>(-26 for losing)\n|l|\u2606Lostmyacc72\n|c|\u2606MrTRB|i' be scrooge mcduck\n","uploadtime":1699283650,"views":9,"p1id":"mrtrb","p2id":"lostmyacc72","formatid":"gen9anythinggoes","rating":1133,"private":0,"password":""}