{"id":"gen9anythinggoes-1982088422","p1":"Gooooper","p2":"lovegodloveppl","format":"[Gen 9] Anything Goes","log":"|j|\u2606Gooooper\n|j|\u2606lovegodloveppl\n|t:|1698966657\n|gametype|singles\n|player|p1|Gooooper|evelyn|1298\n|player|p2|lovegodloveppl|clerkf|1364\n|teamsize|p1|6\n|teamsize|p2|6\n|gen|9\n|tier|[Gen 9] Anything Goes\n|rated|\n|rule|HP Percentage Mod: HP is shown in percentages\n|rule|Endless Battle Clause: Forcing endless battles is banned\n|clearpoke\n|poke|p1|Ditto|\n|poke|p1|Wooper-Paldea, M|\n|poke|p1|Clodsire, M|\n|poke|p1|Arceus|\n|poke|p1|Eternatus|\n|poke|p1|Calyrex-Shadow|\n|poke|p2|Gliscor, F|\n|poke|p2|Manaphy|\n|poke|p2|Charizard, F|\n|poke|p2|Grimmsnarl, M|\n|poke|p2|Ariados, M|\n|poke|p2|Espeon, F|\n|teampreview\n|inactive|Battle timer is ON: inactive players will automatically lose when time's up. (requested by Gooooper)\n|\n|t:|1698966674\n|start\n|switch|p1a: Gooper|Wooper-Paldea, M, shiny|100\/100\n|switch|p2a: Ariados|Ariados, M|100\/100\n|turn|1\n|\n|t:|1698966681\n|move|p2a: Ariados|Sticky Web|p1a: Gooper\n|-sidestart|p1: Gooooper|move: Sticky Web\n|move|p1a: Gooper|Toxic Spikes|p2a: Ariados\n|-sidestart|p2: lovegodloveppl|move: Toxic Spikes\n|\n|upkeep\n|turn|2\n|\n|t:|1698966691\n|switch|p2a: Gliscor|Gliscor, F|100\/100\n|move|p1a: Gooper|Toxic Spikes|p2a: Gliscor\n|-sidestart|p2: lovegodloveppl|move: Toxic Spikes\n|\n|-status|p2a: Gliscor|tox|[from] item: Toxic Orb\n|upkeep\n|turn|3\n|\n|t:|1698966700\n|switch|p2a: Ariados|Ariados, M|100\/100\n|-sideend|p2: lovegodloveppl|move: Toxic Spikes|[of] p2a: Ariados\n|move|p1a: Gooper|Spikes|p2a: Ariados\n|-sidestart|p2: lovegodloveppl|Spikes\n|\n|upkeep\n|turn|4\n|\n|t:|1698966712\n|switch|p2a: Espeon|Espeon, F|100\/100\n|-damage|p2a: Espeon|88\/100|[from] Spikes\n|switch|p1a: Blue|Ditto, shiny|100\/100\n|-activate|p1a: Blue|move: Sticky Web\n|-unboost|p1a: Blue|spe|1\n|-transform|p1a: Blue|p2a: Espeon|[from] ability: Imposter\n|\n|upkeep\n|turn|5\n|\n|t:|1698966732\n|move|p1a: Blue|Shadow Ball|p2a: Espeon\n|-supereffective|p2a: Espeon\n|-damage|p2a: Espeon|17\/100\n|move|p2a: Espeon|Calm Mind|p2a: Espeon\n|-boost|p2a: Espeon|spa|1\n|-boost|p2a: Espeon|spd|1\n|\n|upkeep\n|turn|6\n|\n|t:|1698966741\n|move|p1a: Blue|Shadow Ball|p2a: Espeon\n|-supereffective|p2a: Espeon\n|-damage|p2a: Espeon|0 fnt\n|faint|p2a: Espeon\n|\n|upkeep\n|\n|t:|1698966747\n|switch|p2a: Gliscor|Gliscor, F|100\/100 tox\n|turn|7\n|\n|t:|1698966751\n|switch|p1a: God ?|Arceus, shiny|100\/100\n|-activate|p1a: God ?|move: Sticky Web\n|-unboost|p1a: God ?|spe|1\n|move|p2a: Gliscor|Knock Off|p1a: God ?\n|-damage|p1a: God ?|85\/100\n|-enditem|p1a: God ?|Leftovers|[from] move: Knock Off|[of] p2a: Gliscor\n|\n|upkeep\n|turn|8\n|\n|t:|1698966762\n|move|p2a: Gliscor|Earthquake|p1a: God ?\n|-damage|p1a: God ?|61\/100\n|move|p1a: God ?|Roar|p2a: Gliscor\n|drag|p2a: Charizard|Charizard, F, shiny|100\/100\n|\n|upkeep\n|turn|9\n|\n|t:|1698966770\n|move|p2a: Charizard|Substitute|p2a: Charizard\n|-start|p2a: Charizard|Substitute\n|-damage|p2a: Charizard|75\/100\n|move|p1a: God ?|Recover|p1a: God ?\n|-heal|p1a: God ?|100\/100\n|\n|upkeep\n|turn|10\n|\n|t:|1698966777\n|move|p2a: Charizard|Belly Drum|p2a: Charizard\n|-damage|p2a: Charizard|25\/100\n|-setboost|p2a: Charizard|atk|6|[from] move: Belly Drum\n|-enditem|p2a: Charizard|Salac Berry|[eat]\n|-boost|p2a: Charizard|spe|1|[from] item: Salac Berry\n|move|p1a: God ?|Roar|p2a: Charizard\n|drag|p2a: Gliscor|Gliscor, F|100\/100 tox\n|\n|upkeep\n|turn|11\n|c|\u2606lovegodloveppl|k\n|\n|t:|1698966792\n|move|p2a: Gliscor|Facade|p1a: God ?\n|-damage|p1a: God ?|79\/100\n|move|p1a: God ?|Roar|p2a: Gliscor\n|drag|p2a: Ariados|Ariados, M|100\/100\n|-damage|p2a: Ariados|88\/100|[from] Spikes\n|\n|upkeep\n|turn|12\n|\n|t:|1698966804\n|switch|p1a: Blue|Ditto, shiny|100\/100\n|-activate|p1a: Blue|move: Sticky Web\n|-unboost|p1a: Blue|spe|1\n|-transform|p1a: Blue|p2a: Ariados|[from] ability: Imposter\n|move|p2a: Ariados|Toxic Spikes|p1a: Blue\n|-sidestart|p1: Gooooper|move: Toxic Spikes\n|\n|upkeep\n|turn|13\n|\n|t:|1698966823\n|switch|p2a: Grimmsnarl|Grimmsnarl, M, shiny|100\/100\n|-damage|p2a: Grimmsnarl|88\/100|[from] Spikes\n|move|p1a: Blue|Sticky Web|p2a: Grimmsnarl\n|-sidestart|p2: lovegodloveppl|move: Sticky Web\n|\n|upkeep\n|turn|14\n|\n|t:|1698966832\n|switch|p1a: Clod|Clodsire, M, shiny|100\/100\n|-activate|p1a: Clod|move: Sticky Web\n|-unboost|p1a: Clod|spe|1\n|-sideend|p1: Gooooper|move: Toxic Spikes|[of] p1a: Clod\n|move|p2a: Grimmsnarl|Thunder Wave|p1a: Clod\n|-immune|p1a: Clod\n|\n|upkeep\n|turn|15\n|c|\u2606lovegodloveppl|so whats your goal?\n|\n|t:|1698966859\n|-terastallize|p1a: Clod|Dark\n|move|p2a: Grimmsnarl|Parting Shot|p1a: Clod\n|-hint|Since gen 7, Dark is immune to Prankster moves.\n|-immune|p1a: Clod\n|move|p1a: Clod|Stealth Rock|p2a: Grimmsnarl\n|-sidestart|p2: lovegodloveppl|move: Stealth Rock\n|\n|upkeep\n|turn|16\n|c|\u2606lovegodloveppl|?\n|c|\u2606Gooooper|break you\n|c|\u2606lovegodloveppl|okay gg\n|-message|lovegodloveppl forfeited.\n|\n|win|Gooooper\n|raw|Gooooper's rating: 1298 &rarr; <strong>1328<\/strong><br \/>(+30 for winning)\n|raw|lovegodloveppl's rating: 1364 &rarr; <strong>1340<\/strong><br \/>(-24 for losing)\n|l|\u2606lovegodloveppl\n","uploadtime":1698966891,"views":5,"p1id":"gooooper","p2id":"lovegodloveppl","formatid":"gen9anythinggoes","rating":1328,"private":0,"password":""}