{"id":"gen9anythinggoes-1997025604","p1":"hzhdjd","p2":"Koibitio","format":"[Gen 9] Anything Goes","log":"|j|\u2606hzhdjd\n|j|\u203dKoibitio\n|t:|1700756974\n|gametype|singles\n|player|p1|hzhdjd|skier|1270\n|player|p2|Koibitio|buck|1486\n|teamsize|p1|6\n|teamsize|p2|6\n|gen|9\n|tier|[Gen 9] Anything Goes\n|rated|\n|rule|HP Percentage Mod: HP is shown in percentages\n|rule|Endless Battle Clause: Forcing endless battles is banned\n|clearpoke\n|poke|p1|Annihilape, F|\n|poke|p1|Arceus-Fairy|\n|poke|p1|Urshifu-*, M|\n|poke|p1|Regieleki|\n|poke|p1|Volcarona, F|\n|poke|p1|Baxcalibur, M|\n|poke|p2|Koraidon|\n|poke|p2|Flutter Mane|\n|poke|p2|Torkoal, F|\n|poke|p2|Chi-Yu|\n|poke|p2|Lilligant-Hisui, F|\n|poke|p2|Maushold-Four|\n|teampreview\n|\n|t:|1700756979\n|start\n|switch|p1a: Volcarona|Volcarona, F, shiny|100\/100\n|switch|p2a: Torkoal|Torkoal, F, shiny|100\/100\n|-weather|SunnyDay|[from] ability: Drought|[of] p2a: Torkoal\n|turn|1\n|inactive|Battle timer is ON: inactive players will automatically lose when time's up. (requested by hzhdjd)\n|\n|t:|1700756996\n|switch|p1a: Baxcalibur|Baxcalibur, M, shiny|100\/100\n|move|p2a: Torkoal|Yawn|p1a: Baxcalibur\n|-start|p1a: Baxcalibur|move: Yawn|[of] p2a: Torkoal\n|\n|-weather|SunnyDay|[upkeep]\n|upkeep\n|turn|2\n|\n|t:|1700757006\n|move|p1a: Baxcalibur|Earthquake|p2a: Torkoal\n|-supereffective|p2a: Torkoal\n|-damage|p2a: Torkoal|50\/100\n|move|p2a: Torkoal|Stealth Rock|p1a: Baxcalibur\n|-sidestart|p1: hzhdjd|move: Stealth Rock\n|\n|-weather|SunnyDay|[upkeep]\n|-end|p1a: Baxcalibur|move: Yawn|[silent]\n|-status|p1a: Baxcalibur|slp\n|upkeep\n|turn|3\n|\n|t:|1700757017\n|switch|p2a: Flutter Mane|Flutter Mane|100\/100\n|-activate|p2a: Flutter Mane|ability: Protosynthesis\n|-start|p2a: Flutter Mane|protosynthesisspe\n|cant|p1a: Baxcalibur|slp\n|\n|-weather|SunnyDay|[upkeep]\n|upkeep\n|turn|4\n|\n|t:|1700757033\n|switch|p1a: Annihilape|Annihilape, F, shiny|100\/100\n|-damage|p1a: Annihilape|94\/100|[from] Stealth Rock\n|move|p2a: Flutter Mane|Moonblast|p1a: Annihilape\n|-supereffective|p1a: Annihilape\n|-damage|p1a: Annihilape|0 fnt\n|faint|p1a: Annihilape\n|\n|-weather|SunnyDay|[upkeep]\n|upkeep\n|\n|t:|1700757044\n|switch|p1a: Urshifu|Urshifu-Rapid-Strike, M|100\/100\n|-damage|p1a: Urshifu|94\/100|[from] Stealth Rock\n|turn|5\n|\n|t:|1700757050\n|move|p2a: Flutter Mane|Moonblast|p1a: Urshifu\n|-supereffective|p1a: Urshifu\n|-damage|p1a: Urshifu|0 fnt\n|faint|p1a: Urshifu\n|\n|-weather|SunnyDay|[upkeep]\n|upkeep\n|\n|t:|1700757058\n|switch|p1a: Baxcalibur|Baxcalibur, M, shiny|100\/100 slp\n|-damage|p1a: Baxcalibur|76\/100 slp|[from] Stealth Rock\n|turn|6\n|\n|t:|1700757065\n|move|p2a: Flutter Mane|Moonblast|p1a: Baxcalibur\n|-supereffective|p1a: Baxcalibur\n|-damage|p1a: Baxcalibur|0 fnt\n|faint|p1a: Baxcalibur\n|\n|-weather|SunnyDay|[upkeep]\n|upkeep\n|\n|t:|1700757070\n|switch|p1a: Arceus|Arceus-Fairy, shiny|100\/100\n|-damage|p1a: Arceus|88\/100|[from] Stealth Rock\n|turn|7\n|\n|t:|1700757075\n|-end|p2a: Flutter Mane|Protosynthesis|[silent]\n|switch|p2a: Chi-Yu|Chi-Yu|100\/100\n|-ability|p2a: Chi-Yu|Beads of Ruin\n|move|p1a: Arceus|Judgment|p2a: Chi-Yu\n|-damage|p2a: Chi-Yu|46\/100\n|\n|-weather|SunnyDay|[upkeep]\n|upkeep\n|turn|8\n|\n|t:|1700757083\n|move|p2a: Chi-Yu|Heat Wave|p1a: Arceus\n|-damage|p1a: Arceus|19\/100\n|move|p1a: Arceus|Calm Mind|p1a: Arceus\n|-boost|p1a: Arceus|spa|1\n|-boost|p1a: Arceus|spd|1\n|\n|-weather|none\n|upkeep\n|turn|9\n|\n|t:|1700757089\n|move|p2a: Chi-Yu|Heat Wave|p1a: Arceus\n|-damage|p1a: Arceus|0 fnt\n|faint|p1a: Arceus\n|\n|upkeep\n|\n|t:|1700757094\n|switch|p1a: Regieleki|Regieleki, shiny|100\/100\n|-damage|p1a: Regieleki|88\/100|[from] Stealth Rock\n|turn|10\n|\n|t:|1700757099\n|switch|p2a: Torkoal|Torkoal, F, shiny|50\/100\n|-weather|SunnyDay|[from] ability: Drought|[of] p2a: Torkoal\n|move|p1a: Regieleki|Electroweb|p2a: Torkoal\n|-damage|p2a: Torkoal|10\/100\n|-unboost|p2a: Torkoal|spe|1\n|-damage|p1a: Regieleki|78\/100|[from] item: Life Orb\n|\n|-weather|SunnyDay|[upkeep]\n|upkeep\n|turn|11\n|\n|t:|1700757109\n|move|p1a: Regieleki|Electroweb|p2a: Torkoal\n|-damage|p2a: Torkoal|0 fnt\n|faint|p2a: Torkoal\n|-damage|p1a: Regieleki|68\/100|[from] item: Life Orb\n|\n|-weather|SunnyDay|[upkeep]\n|upkeep\n|\n|t:|1700757116\n|switch|p2a: Lilligant|Lilligant-Hisui, F, shiny|100\/100\n|turn|12\n|\n|t:|1700757127\n|move|p2a: Lilligant|Close Combat|p1a: Regieleki\n|-damage|p1a: Regieleki|0 fnt\n|-unboost|p2a: Lilligant|def|1\n|-unboost|p2a: Lilligant|spd|1\n|faint|p1a: Regieleki\n|\n|-weather|SunnyDay|[upkeep]\n|upkeep\n|\n|t:|1700757134\n|switch|p1a: Volcarona|Volcarona, F, shiny|100\/100\n|-damage|p1a: Volcarona|51\/100|[from] Stealth Rock\n|turn|13\n|\n|t:|1700757141\n|move|p2a: Lilligant|Close Combat|p1a: Volcarona\n|-resisted|p1a: Volcarona\n|-damage|p1a: Volcarona|0 fnt\n|-unboost|p2a: Lilligant|def|1\n|-unboost|p2a: Lilligant|spd|1\n|faint|p1a: Volcarona\n|\n|win|Koibitio\n|raw|hzhdjd's rating: 1270 &rarr; <strong>1259<\/strong><br \/>(-11 for losing)\n|raw|Koibitio's rating: 1486 &rarr; <strong>1495<\/strong><br \/>(+9 for winning)\n|l|\u2606hzhdjd\n","uploadtime":1700757158,"views":0,"p1id":"hzhdjd","p2id":"koibitio","formatid":"gen9anythinggoes","rating":1259,"private":0,"password":""}