{"id":"gen9anythinggoes-1984894233","p1":"NotPG13","p2":"anonymints","format":"[Gen 9] Anything Goes","log":"|j|\u2606NotPG13\n|j|\u2606anonymints\n|t:|1699308367\n|gametype|singles\n|player|p1|NotPG13|fisherman-gen4|1243\n|player|p2|anonymints|pilot|1205\n|teamsize|p1|6\n|teamsize|p2|6\n|gen|9\n|tier|[Gen 9] Anything Goes\n|rated|\n|rule|HP Percentage Mod: HP is shown in percentages\n|rule|Endless Battle Clause: Forcing endless battles is banned\n|clearpoke\n|poke|p1|Meowscarada, F|\n|poke|p1|Lucario, F|\n|poke|p1|Gardevoir, F|\n|poke|p1|Noivern, M|\n|poke|p1|Barraskewda, M|\n|poke|p1|Gliscor, F|\n|poke|p2|Arceus|\n|poke|p2|Arceus-Fairy|\n|poke|p2|Arceus-Poison|\n|poke|p2|Arceus-Steel|\n|poke|p2|Arceus-Dragon|\n|poke|p2|Arceus-Ghost|\n|teampreview\n|inactive|Battle timer is ON: inactive players will automatically lose when time's up. (requested by NotPG13)\n|\n|t:|1699308381\n|start\n|switch|p1a: Gliscor|Gliscor, F, shiny|100\/100\n|switch|p2a: Arceus|Arceus-Dragon|100\/100\n|turn|1\n|\n|t:|1699308384\n|move|p1a: Gliscor|Agility|p1a: Gliscor\n|-boost|p1a: Gliscor|spe|2\n|move|p2a: Arceus|Stealth Rock|p1a: Gliscor\n|-sidestart|p1: NotPG13|move: Stealth Rock\n|\n|-status|p1a: Gliscor|tox|[from] item: Toxic Orb\n|upkeep\n|turn|2\n|\n|t:|1699308389\n|move|p1a: Gliscor|Facade|p2a: Arceus\n|-damage|p2a: Arceus|81\/100\n|move|p2a: Arceus|Roar|p1a: Gliscor\n|drag|p1a: Noivern|Noivern, M, shiny|100\/100\n|-damage|p1a: Noivern|76\/100|[from] Stealth Rock\n|\n|upkeep\n|turn|3\n|\n|t:|1699308395\n|move|p1a: Noivern|Dragon Pulse|p2a: Arceus\n|-supereffective|p2a: Arceus\n|-damage|p2a: Arceus|32\/100\n|move|p2a: Arceus|Will-O-Wisp|p1a: Noivern\n|-status|p1a: Noivern|brn\n|\n|-damage|p1a: Noivern|70\/100 brn|[from] brn\n|upkeep\n|turn|4\n|\n|t:|1699308400\n|switch|p2a: Arceus|Arceus-Fairy|100\/100\n|move|p1a: Noivern|Dragon Pulse|p2a: Arceus\n|-immune|p2a: Arceus\n|\n|-damage|p1a: Noivern|64\/100 brn|[from] brn\n|upkeep\n|turn|5\n|\n|t:|1699308403\n|-terastallize|p1a: Noivern|Steel\n|move|p1a: Noivern|Tera Blast|p2a: Arceus|[anim] Tera Blast Steel\n|-supereffective|p2a: Arceus\n|-damage|p2a: Arceus|56\/100\n|move|p2a: Arceus|Calm Mind|p2a: Arceus\n|-boost|p2a: Arceus|spa|1\n|-boost|p2a: Arceus|spd|1\n|\n|-damage|p1a: Noivern|57\/100 brn|[from] brn\n|upkeep\n|turn|6\n|\n|t:|1699308408\n|move|p1a: Noivern|Tera Blast|p2a: Arceus|[anim] Tera Blast Steel\n|-supereffective|p2a: Arceus\n|-damage|p2a: Arceus|25\/100\n|move|p2a: Arceus|Recover|p2a: Arceus\n|-heal|p2a: Arceus|75\/100\n|\n|-damage|p1a: Noivern|51\/100 brn|[from] brn\n|upkeep\n|turn|7\n|\n|t:|1699308411\n|move|p1a: Noivern|Tera Blast|p2a: Arceus|[anim] Tera Blast Steel\n|-supereffective|p2a: Arceus\n|-damage|p2a: Arceus|45\/100\n|move|p2a: Arceus|Calm Mind|p2a: Arceus\n|-boost|p2a: Arceus|spa|1\n|-boost|p2a: Arceus|spd|1\n|\n|-damage|p1a: Noivern|45\/100 brn|[from] brn\n|upkeep\n|turn|8\n|\n|t:|1699308413\n|move|p1a: Noivern|Tera Blast|p2a: Arceus|[anim] Tera Blast Steel\n|-supereffective|p2a: Arceus\n|-damage|p2a: Arceus|20\/100\n|move|p2a: Arceus|Recover|p2a: Arceus\n|-heal|p2a: Arceus|70\/100\n|\n|-damage|p1a: Noivern|39\/100 brn|[from] brn\n|upkeep\n|turn|9\n|\n|t:|1699308416\n|move|p1a: Noivern|Tera Blast|p2a: Arceus|[anim] Tera Blast Steel\n|-supereffective|p2a: Arceus\n|-crit|p2a: Arceus\n|-damage|p2a: Arceus|1\/100\n|move|p2a: Arceus|Judgment|p1a: Noivern\n|-resisted|p1a: Noivern\n|-damage|p1a: Noivern|0 fnt\n|faint|p1a: Noivern\n|\n|upkeep\n|\n|t:|1699308432\n|switch|p1a: Gliscor|Gliscor, F, shiny|100\/100 tox\n|-damage|p1a: Gliscor|88\/100 tox|[from] Stealth Rock\n|turn|10\n|\n|t:|1699308435\n|move|p2a: Arceus|Judgment|p1a: Gliscor\n|-damage|p1a: Gliscor|0 fnt\n|faint|p1a: Gliscor\n|\n|upkeep\n|\n|t:|1699308443\n|switch|p1a: Lucario|Lucario, F, shiny|100\/100\n|-damage|p1a: Lucario|98\/100|[from] Stealth Rock\n|turn|11\n|\n|t:|1699308447\n|move|p1a: Lucario|Flash Cannon|p2a: Arceus\n|-supereffective|p2a: Arceus\n|-damage|p2a: Arceus|0 fnt\n|faint|p2a: Arceus\n|\n|upkeep\n|\n|t:|1699308454\n|switch|p2a: Arceus|Arceus-Ghost|100\/100\n|turn|12\n|\n|t:|1699308467\n|switch|p1a: Meowscarada|Meowscarada, F, shiny|100\/100\n|-damage|p1a: Meowscarada|88\/100|[from] Stealth Rock\n|move|p2a: Arceus|Phantom Force||[still]\n|-prepare|p2a: Arceus|Phantom Force\n|\n|upkeep\n|turn|13\n|\n|t:|1699308472\n|move|p2a: Arceus|Phantom Force|p1a: Meowscarada|[from]lockedmove\n|-resisted|p1a: Meowscarada\n|-damage|p1a: Meowscarada|43\/100\n|move|p1a: Meowscarada|Night Slash|p2a: Arceus\n|-start|p1a: Meowscarada|typechange|Dark|[from] ability: Protean\n|-supereffective|p2a: Arceus\n|-crit|p2a: Arceus\n|-damage|p2a: Arceus|22\/100\n|\n|upkeep\n|turn|14\n|\n|t:|1699308476\n|move|p2a: Arceus|Extreme Speed|p1a: Meowscarada\n|-damage|p1a: Meowscarada|0 fnt\n|faint|p1a: Meowscarada\n|\n|upkeep\n|\n|t:|1699308479\n|switch|p1a: Barraskewda|Barraskewda, M, shiny|100\/100\n|-damage|p1a: Barraskewda|88\/100|[from] Stealth Rock\n|turn|15\n|\n|t:|1699308484\n|move|p2a: Arceus|Extreme Speed|p1a: Barraskewda\n|-damage|p1a: Barraskewda|35\/100\n|move|p1a: Barraskewda|Waterfall|p2a: Arceus\n|-damage|p2a: Arceus|0 fnt\n|faint|p2a: Arceus\n|\n|upkeep\n|\n|t:|1699308488\n|switch|p2a: Arceus|Arceus|100\/100\n|turn|16\n|\n|t:|1699308491\n|move|p2a: Arceus|Extreme Speed|p1a: Barraskewda\n|-damage|p1a: Barraskewda|0 fnt\n|faint|p1a: Barraskewda\n|\n|upkeep\n|\n|t:|1699308494\n|switch|p1a: Lucario|Lucario, F, shiny|98\/100\n|-damage|p1a: Lucario|95\/100|[from] Stealth Rock\n|turn|17\n|\n|t:|1699308498\n|move|p2a: Arceus|Earthquake|p1a: Lucario\n|-supereffective|p1a: Lucario\n|-damage|p1a: Lucario|0 fnt\n|faint|p1a: Lucario\n|\n|upkeep\n|\n|t:|1699308501\n|switch|p1a: Gardevoir|Gardevoir, F, shiny|100\/100\n|-damage|p1a: Gardevoir|88\/100|[from] Stealth Rock\n|turn|18\n|\n|t:|1699308505\n|move|p2a: Arceus|Swords Dance|p2a: Arceus\n|-boost|p2a: Arceus|atk|2\n|move|p1a: Gardevoir|Dazzling Gleam|p2a: Arceus\n|-damage|p2a: Arceus|67\/100\n|-damage|p1a: Gardevoir|78\/100|[from] item: Life Orb\n|\n|upkeep\n|turn|19\n|-message|NotPG13 forfeited.\n|\n|win|anonymints\n|raw|NotPG13's rating: 1243 &rarr; <strong>1215<\/strong><br \/>(-28 for losing)\n|raw|anonymints's rating: 1205 &rarr; <strong>1233<\/strong><br \/>(+28 for winning)\n|l|\u2606NotPG13\n","uploadtime":1699308513,"views":6,"p1id":"notpg13","p2id":"anonymints","formatid":"gen9anythinggoes","rating":1215,"private":0,"password":""}