{"id":"gen9anythinggoes-1971950614","p1":"Xamorrow_MMX","p2":"xbrainstew","format":"[Gen 9] Anything Goes","log":"|j|\u2606Xamorrow_MMX\n|j|\u203dxbrainstew\n|t:|1697796692\n|gametype|singles\n|player|p1|Xamorrow_MMX|2|1000\n|player|p2|xbrainstew|volkner|1030\n|teamsize|p1|6\n|teamsize|p2|6\n|gen|9\n|tier|[Gen 9] Anything Goes\n|rated|\n|rule|HP Percentage Mod: HP is shown in percentages\n|rule|Endless Battle Clause: Forcing endless battles is banned\n|clearpoke\n|poke|p1|Dragapult, M|\n|poke|p1|Kingambit, M|\n|poke|p1|Iron Valiant|\n|poke|p1|Electrode-Hisui|\n|poke|p1|Ceruledge, F|\n|poke|p1|Ditto|\n|poke|p2|Forretress, M|\n|poke|p2|Magnezone|\n|poke|p2|Golem, F|\n|poke|p2|Regidrago|\n|poke|p2|Kingambit, M|\n|poke|p2|Glimmora, F|\n|teampreview\n|\n|t:|1697796702\n|start\n|switch|p1a: B a l l|Electrode-Hisui, shiny|100\/100\n|switch|p2a: Magnezone|Magnezone|100\/100\n|turn|1\n|\n|t:|1697796711\n|move|p1a: B a l l|Foul Play|p2a: Magnezone\n|-damage|p2a: Magnezone|72\/100\n|move|p2a: Magnezone|Explosion|p1a: B a l l\n|-enditem|p2a: Magnezone|Normal Gem|[from] gem\n|-damage|p1a: B a l l|0 fnt\n|faint|p2a: Magnezone\n|faint|p1a: B a l l\n|\n|upkeep\n|\n|t:|1697796723\n|switch|p1a: Skins stealer|Ditto, shiny|100\/100\n|switch|p2a: Regidrago|Regidrago|100\/100\n|-transform|p1a: Skins stealer|p2a: Regidrago|[from] ability: Imposter\n|turn|2\n|\n|t:|1697796734\n|move|p2a: Regidrago|Explosion|p1a: Skins stealer\n|-damage|p1a: Skins stealer|0 fnt\n|faint|p2a: Regidrago\n|faint|p1a: Skins stealer\n|\n|upkeep\n|\n|t:|1697796743\n|switch|p2a: Golem|Golem, F|100\/100\n|switch|p1a: Gallavoir|Iron Valiant, shiny|100\/100\n|turn|3\n|\n|t:|1697796752\n|move|p1a: Gallavoir|Brick Break|p2a: Golem\n|-supereffective|p2a: Golem\n|-damage|p2a: Golem|51\/100\n|move|p2a: Golem|Explosion|p1a: Gallavoir\n|-damage|p1a: Gallavoir|0 fnt\n|faint|p2a: Golem\n|faint|p1a: Gallavoir\n|-end|p1a: Gallavoir|Quark Drive|[silent]\n|\n|upkeep\n|\n|t:|1697796762\n|switch|p1a: Fire slash|Ceruledge, F|100\/100\n|switch|p2a: Glimmora|Glimmora, F|100\/100\n|turn|4\n|\n|t:|1697796769\n|move|p2a: Glimmora|Toxic|p1a: Fire slash\n|-status|p1a: Fire slash|tox\n|move|p1a: Fire slash|Bitter Blade|p2a: Glimmora\n|-resisted|p2a: Glimmora\n|-damage|p2a: Glimmora|68\/100\n|-activate|p2a: Glimmora|ability: Toxic Debris\n|-sidestart|p1: Xamorrow_MMX|move: Toxic Spikes\n|-damage|p1a: Fire slash|91\/100 tox|[from] item: Life Orb\n|\n|-damage|p1a: Fire slash|84\/100 tox|[from] psn\n|upkeep\n|turn|5\n|\n|t:|1697796781\n|move|p2a: Glimmora|Dazzling Gleam|p1a: Fire slash\n|-resisted|p1a: Fire slash\n|-damage|p1a: Fire slash|70\/100 tox\n|move|p1a: Fire slash|Heat Wave|p2a: Glimmora\n|-resisted|p2a: Glimmora\n|-damage|p2a: Glimmora|37\/100\n|-damage|p1a: Fire slash|60\/100 tox|[from] item: Life Orb\n|\n|-damage|p1a: Fire slash|47\/100 tox|[from] psn\n|upkeep\n|turn|6\n|\n|t:|1697796792\n|move|p2a: Glimmora|Dazzling Gleam|p1a: Fire slash\n|-resisted|p1a: Fire slash\n|-damage|p1a: Fire slash|33\/100 tox\n|move|p1a: Fire slash|Heat Wave|p2a: Glimmora|[miss]\n|-miss|p1a: Fire slash|p2a: Glimmora\n|\n|-damage|p1a: Fire slash|15\/100 tox|[from] psn\n|upkeep\n|turn|7\n|\n|t:|1697796802\n|move|p2a: Glimmora|Dazzling Gleam|p1a: Fire slash\n|-resisted|p1a: Fire slash\n|-damage|p1a: Fire slash|0 fnt\n|faint|p1a: Fire slash\n|\n|upkeep\n|\n|t:|1697796807\n|switch|p1a: D r a g o n|Dragapult, M, shiny|100\/100\n|-status|p1a: D r a g o n|psn\n|turn|8\n|\n|t:|1697796815\n|move|p1a: D r a g o n|Hydro Pump|p2a: Glimmora\n|-supereffective|p2a: Glimmora\n|-damage|p2a: Glimmora|0 fnt\n|faint|p2a: Glimmora\n|\n|-damage|p1a: D r a g o n|88\/100 psn|[from] psn\n|upkeep\n|\n|t:|1697796819\n|switch|p2a: Forretress|Forretress, M, shiny|100\/100\n|turn|9\n|\n|t:|1697796827\n|-terastallize|p2a: Forretress|Normal\n|move|p1a: D r a g o n|Dragon Darts|p2a: Forretress\n|-damage|p2a: Forretress|83\/100\n|-anim|p1a: D r a g o n|Dragon Darts|p2a: Forretress\n|-damage|p2a: Forretress|67\/100\n|move|p2a: Forretress|Explosion|p1a: D r a g o n\n|-immune|p1a: D r a g o n\n|faint|p2a: Forretress\n|\n|-damage|p1a: D r a g o n|76\/100 psn|[from] psn\n|upkeep\n|\n|t:|1697796830\n|switch|p2a: Kingambit|Kingambit, M, shiny|100\/100\n|-activate|p2a: Kingambit|ability: Supreme Overlord\n|-start|p2a: Kingambit|fallen5|[silent]\n|-item|p2a: Kingambit|Air Balloon\n|turn|10\n|\n|t:|1697796844\n|move|p1a: D r a g o n|Dragon Darts|p2a: Kingambit\n|-resisted|p2a: Kingambit\n|-damage|p2a: Kingambit|91\/100\n|-enditem|p2a: Kingambit|Air Balloon\n|-anim|p1a: D r a g o n|Dragon Darts|p2a: Kingambit\n|-resisted|p2a: Kingambit\n|-damage|p2a: Kingambit|82\/100\n|move|p2a: Kingambit|Thief|p1a: D r a g o n\n|-supereffective|p1a: D r a g o n\n|-damage|p1a: D r a g o n|0 fnt\n|-damage|p2a: Kingambit|65\/100|[from] item: Rocky Helmet|[of] p1a: D r a g o n\n|-enditem|p1a: D r a g o n|Rocky Helmet|[silent]|[from] move: Thief|[of] p2a: Kingambit\n|-item|p2a: Kingambit|Rocky Helmet|[from] move: Thief|[of] p1a: D r a g o n\n|faint|p1a: D r a g o n\n|\n|upkeep\n|\n|t:|1697796858\n|switch|p1a: Jotaro|Kingambit, M, shiny|100\/100\n|-activate|p1a: Jotaro|ability: Supreme Overlord\n|-start|p1a: Jotaro|fallen5|[silent]\n|turn|11\n|\n|t:|1697796864\n|move|p2a: Kingambit|Brick Break|p1a: Jotaro\n|-supereffective|p1a: Jotaro\n|-damage|p1a: Jotaro|0 fnt\n|faint|p1a: Jotaro\n|-end|p1a: Jotaro|fallen5|[silent]\n|\n|win|xbrainstew\n|raw|Xamorrow_MMX's rating: 1000 &rarr; <strong>1000<\/strong><br \/>(+0 for losing)\n|raw|xbrainstew's rating: 1030 &rarr; <strong>1062<\/strong><br \/>(+32 for winning)\n|l|\u2606Xamorrow_MMX\n|l|\u203dxbrainstew\n|j|\u203dxbrainstew\n|player|p2|xbrainstew|volkner\n|n|\u203dxbrainstew|xbrainstew\n|n|\u203dxbrainstew|xbrainstew\n|n|\u203dxbrainstew|xbrainstew\n|n|\u203dxbrainstew|xbrainstew\n|n|\u203dxbrainstew|xbrainstew\n","uploadtime":1697796873,"views":18,"p1id":"xamorrowmmx","p2id":"xbrainstew","formatid":"gen9anythinggoes","rating":1000,"private":0,"password":""}