{"id":"gen9anythinggoes-1974559817","p1":"niyose","p2":"Hzozv","format":"[Gen 9] Anything Goes","log":"|j|\u2606niyose\n|j|\u2606Hzozv\n|t:|1698097347\n|gametype|singles\n|player|p1|niyose|pokemonranger|1280\n|player|p2|Hzozv|lusamine-nihilego|1535\n|teamsize|p1|6\n|teamsize|p2|6\n|gen|9\n|tier|[Gen 9] Anything Goes\n|rated|\n|rule|HP Percentage Mod: HP is shown in percentages\n|rule|Endless Battle Clause: Forcing endless battles is banned\n|clearpoke\n|poke|p1|Glimmora, F|\n|poke|p1|Dudunsparce-*, M|\n|poke|p1|Ditto|\n|poke|p1|Maushold|\n|poke|p1|Annihilape, M|\n|poke|p1|Scovillain, M|\n|poke|p2|Calyrex-Shadow|\n|poke|p2|Hatterene, F|\n|poke|p2|Clefable, F|\n|poke|p2|Drifblim, M|\n|poke|p2|Krookodile, M|\n|poke|p2|Ditto|\n|teampreview\n|inactive|Battle timer is ON: inactive players will automatically lose when time's up. (requested by Hzozv)\n|\n|t:|1698097356\n|start\n|switch|p1a: Glimmora|Glimmora, F|100\/100\n|switch|p2a: Hatterene|Hatterene, F|100\/100\n|turn|1\n|\n|t:|1698097365\n|move|p1a: Glimmora|Mortal Spin|p2a: Hatterene\n|-supereffective|p2a: Hatterene\n|-damage|p2a: Hatterene|91\/100\n|-status|p2a: Hatterene|psn\n|move|p2a: Hatterene|Agility|p2a: Hatterene\n|-boost|p2a: Hatterene|spe|2\n|\n|-heal|p2a: Hatterene|97\/100 psn|[from] item: Leftovers\n|-damage|p2a: Hatterene|85\/100 psn|[from] psn\n|upkeep\n|turn|2\n|\n|t:|1698097384\n|move|p1a: Glimmora|Earth Power|p2a: Hatterene\n|-damage|p2a: Hatterene|49\/100 psn\n|move|p2a: Hatterene|Agility|p2a: Hatterene\n|-boost|p2a: Hatterene|spe|2\n|\n|-heal|p2a: Hatterene|55\/100 psn|[from] item: Leftovers\n|-damage|p2a: Hatterene|43\/100 psn|[from] psn\n|upkeep\n|turn|3\n|\n|t:|1698097403\n|move|p1a: Glimmora|Stealth Rock|p2a: Hatterene\n|move|p2a: Hatterene|Stealth Rock|p1a: Glimmora|[from]ability: Magic Bounce\n|-sidestart|p1: niyose|move: Stealth Rock\n|move|p2a: Hatterene|Baton Pass|p2a: Hatterene\n|\n|t:|1698097407\n|switch|p2a: Calyrex|Calyrex-Shadow|100\/100|[from] Baton Pass\n|-ability|p2a: Calyrex|As One\n|-ability|p2a: Calyrex|Unnerve\n|\n|upkeep\n|turn|4\n|\n|t:|1698097419\n|move|p2a: Calyrex|Substitute|p2a: Calyrex\n|-start|p2a: Calyrex|Substitute\n|-damage|p2a: Calyrex|76\/100\n|move|p1a: Glimmora|Spikes|p2a: Calyrex\n|-sidestart|p2: Hzozv|Spikes\n|\n|-heal|p2a: Calyrex|82\/100|[from] item: Leftovers\n|upkeep\n|turn|5\n|\n|t:|1698097426\n|move|p2a: Calyrex|Taunt|p1a: Glimmora\n|-start|p1a: Glimmora|move: Taunt\n|move|p1a: Glimmora|Earth Power|p2a: Calyrex\n|-end|p2a: Calyrex|Substitute\n|\n|-heal|p2a: Calyrex|88\/100|[from] item: Leftovers\n|upkeep\n|turn|6\n|\n|t:|1698097434\n|move|p2a: Calyrex|Calm Mind|p2a: Calyrex\n|-boost|p2a: Calyrex|spa|1\n|-boost|p2a: Calyrex|spd|1\n|move|p1a: Glimmora|Earth Power|p2a: Calyrex\n|-damage|p2a: Calyrex|71\/100\n|\n|-heal|p2a: Calyrex|78\/100|[from] item: Leftovers\n|upkeep\n|turn|7\n|\n|t:|1698097442\n|move|p2a: Calyrex|Substitute|p2a: Calyrex\n|-start|p2a: Calyrex|Substitute\n|-damage|p2a: Calyrex|53\/100\n|move|p1a: Glimmora|Mortal Spin|p2a: Calyrex\n|-resisted|p2a: Calyrex\n|-crit|p2a: Calyrex\n|-activate|p2a: Calyrex|move: Substitute|[damage]\n|-sideend|p1: niyose|Stealth Rock|[from] move: Mortal Spin|[of] p1a: Glimmora\n|\n|-heal|p2a: Calyrex|59\/100|[from] item: Leftovers\n|-end|p1a: Glimmora|move: Taunt\n|upkeep\n|turn|8\n|\n|t:|1698097452\n|move|p2a: Calyrex|Calm Mind|p2a: Calyrex\n|-boost|p2a: Calyrex|spa|1\n|-boost|p2a: Calyrex|spd|1\n|move|p1a: Glimmora|Earth Power|p2a: Calyrex\n|-activate|p2a: Calyrex|move: Substitute|[damage]\n|\n|-heal|p2a: Calyrex|65\/100|[from] item: Leftovers\n|upkeep\n|turn|9\n|\n|t:|1698097459\n|move|p2a: Calyrex|Taunt|p1a: Glimmora\n|-start|p1a: Glimmora|move: Taunt\n|move|p1a: Glimmora|Earth Power|p2a: Calyrex\n|-end|p2a: Calyrex|Substitute\n|\n|-heal|p2a: Calyrex|71\/100|[from] item: Leftovers\n|upkeep\n|turn|10\n|\n|t:|1698097467\n|move|p2a: Calyrex|Substitute|p2a: Calyrex\n|-start|p2a: Calyrex|Substitute\n|-damage|p2a: Calyrex|47\/100\n|move|p1a: Glimmora|Earth Power|p2a: Calyrex\n|-activate|p2a: Calyrex|move: Substitute|[damage]\n|\n|-heal|p2a: Calyrex|53\/100|[from] item: Leftovers\n|upkeep\n|turn|11\n|\n|t:|1698097476\n|move|p2a: Calyrex|Baton Pass|p2a: Calyrex\n|\n|t:|1698097478\n|switch|p2a: Drifblim|Drifblim, M|100\/100|[from] Baton Pass\n|move|p1a: Glimmora|Earth Power|p2a: Drifblim\n|-immune|p2a: Drifblim\n|\n|-end|p1a: Glimmora|move: Taunt\n|upkeep\n|turn|12\n|\n|t:|1698097489\n|move|p2a: Drifblim|Baton Pass|p2a: Drifblim\n|\n|t:|1698097491\n|switch|p2a: Hatterene|Hatterene, F|43\/100 psn|[from] Baton Pass\n|-damage|p2a: Hatterene|31\/100 psn|[from] Spikes\n|move|p1a: Glimmora|Stealth Rock|p2a: Hatterene\n|move|p2a: Hatterene|Stealth Rock|p1a: Glimmora|[from]ability: Magic Bounce\n|-sidestart|p1: niyose|move: Stealth Rock\n|\n|-heal|p2a: Hatterene|37\/100 psn|[from] item: Leftovers\n|-damage|p2a: Hatterene|24\/100 psn|[from] psn\n|upkeep\n|turn|13\n|\n|t:|1698097508\n|move|p1a: Glimmora|Earth Power|p2a: Hatterene\n|-end|p2a: Hatterene|Substitute\n|move|p2a: Hatterene|Swords Dance|p2a: Hatterene\n|-boost|p2a: Hatterene|atk|2\n|\n|-heal|p2a: Hatterene|30\/100 psn|[from] item: Leftovers\n|-damage|p2a: Hatterene|18\/100 psn|[from] psn\n|upkeep\n|turn|14\n|\n|t:|1698097517\n|move|p1a: Glimmora|Earth Power|p2a: Hatterene\n|-damage|p2a: Hatterene|1\/100 psn\n|move|p2a: Hatterene|Baton Pass|p2a: Hatterene\n|\n|t:|1698097521\n|switch|p2a: Drifblim|Drifblim, M|100\/100|[from] Baton Pass\n|\n|upkeep\n|turn|15\n|\n|t:|1698097527\n|move|p2a: Drifblim|Substitute|p2a: Drifblim\n|-start|p2a: Drifblim|Substitute\n|-damage|p2a: Drifblim|76\/100\n|move|p1a: Glimmora|Mortal Spin|p2a: Drifblim\n|-resisted|p2a: Drifblim\n|-activate|p2a: Drifblim|move: Substitute|[damage]\n|-sideend|p1: niyose|Stealth Rock|[from] move: Mortal Spin|[of] p1a: Glimmora\n|\n|upkeep\n|turn|16\n|\n|t:|1698097534\n|move|p2a: Drifblim|Minimize|p2a: Drifblim\n|-boost|p2a: Drifblim|evasion|2\n|move|p1a: Glimmora|Stealth Rock|p2a: Drifblim\n|-sidestart|p2: Hzozv|move: Stealth Rock\n|\n|upkeep\n|turn|17\n|\n|t:|1698097539\n|move|p2a: Drifblim|Minimize|p2a: Drifblim\n|-boost|p2a: Drifblim|evasion|2\n|move|p1a: Glimmora|Spikes|p2a: Drifblim\n|-sidestart|p2: Hzozv|Spikes\n|\n|upkeep\n|turn|18\n|\n|t:|1698097545\n|move|p2a: Drifblim|Minimize|p2a: Drifblim\n|-boost|p2a: Drifblim|evasion|2\n|move|p1a: Glimmora|Spikes|p2a: Drifblim\n|-sidestart|p2: Hzozv|Spikes\n|\n|upkeep\n|turn|19\n|\n|t:|1698097555\n|move|p2a: Drifblim|Strength Sap|p1a: Glimmora\n|-unboost|p1a: Glimmora|atk|1\n|-heal|p2a: Drifblim|100\/100\n|move|p1a: Glimmora|Earth Power|p2a: Drifblim\n|-immune|p2a: Drifblim\n|\n|upkeep\n|turn|20\n|\n|t:|1698097563\n|move|p2a: Drifblim|Baton Pass|p2a: Drifblim\n|\n|t:|1698097564\n|switch|p2a: Clefable|Clefable, F|100\/100|[from] Baton Pass\n|move|p1a: Glimmora|Mortal Spin|p2a: Clefable|[miss]\n|-miss|p1a: Glimmora|p2a: Clefable\n|\n|upkeep\n|turn|21\n|\n|t:|1698097572\n|move|p2a: Clefable|Cosmic Power|p2a: Clefable\n|-boost|p2a: Clefable|def|1\n|-boost|p2a: Clefable|spd|1\n|move|p1a: Glimmora|Mortal Spin|p2a: Clefable|[miss]\n|-miss|p1a: Glimmora|p2a: Clefable\n|\n|upkeep\n|turn|22\n|\n|t:|1698097579\n|move|p2a: Clefable|Cosmic Power|p2a: Clefable\n|-boost|p2a: Clefable|def|1\n|-boost|p2a: Clefable|spd|1\n|move|p1a: Glimmora|Mortal Spin|p2a: Clefable|[miss]\n|-miss|p1a: Glimmora|p2a: Clefable\n|\n|upkeep\n|turn|23\n|\n|t:|1698097585\n|move|p2a: Clefable|Cosmic Power|p2a: Clefable\n|-boost|p2a: Clefable|def|1\n|-boost|p2a: Clefable|spd|1\n|move|p1a: Glimmora|Mortal Spin|p2a: Clefable|[miss]\n|-miss|p1a: Glimmora|p2a: Clefable\n|\n|upkeep\n|turn|24\n|\n|t:|1698097592\n|move|p2a: Clefable|Cosmic Power|p2a: Clefable\n|-boost|p2a: Clefable|def|1\n|-boost|p2a: Clefable|spd|1\n|move|p1a: Glimmora|Mortal Spin|p2a: Clefable|[miss]\n|-miss|p1a: Glimmora|p2a: Clefable\n|\n|upkeep\n|turn|25\n|\n|t:|1698097598\n|move|p2a: Clefable|Cosmic Power|p2a: Clefable\n|-boost|p2a: Clefable|def|1\n|-boost|p2a: Clefable|spd|0\n|move|p1a: Glimmora|Mortal Spin|p2a: Clefable|[miss]\n|-miss|p1a: Glimmora|p2a: Clefable\n|\n|upkeep\n|turn|26\n|\n|t:|1698097605\n|move|p2a: Clefable|Cosmic Power|p2a: Clefable\n|-boost|p2a: Clefable|def|1\n|-boost|p2a: Clefable|spd|0\n|move|p1a: Glimmora|Mortal Spin|p2a: Clefable|[miss]\n|-miss|p1a: Glimmora|p2a: Clefable\n|\n|upkeep\n|turn|27\n|\n|t:|1698097611\n|move|p2a: Clefable|Wish|p2a: Clefable\n|move|p1a: Glimmora|Mortal Spin|p2a: Clefable|[miss]\n|-miss|p1a: Glimmora|p2a: Clefable\n|\n|upkeep\n|turn|28\n|\n|t:|1698097616\n|move|p2a: Clefable|Baton Pass|p2a: Clefable\n|\n|t:|1698097618\n|switch|p2a: Krookodile|Krookodile, M|100\/100|[from] Baton Pass\n|-damage|p2a: Krookodile|76\/100|[from] Spikes\n|-damage|p2a: Krookodile|70\/100|[from] Stealth Rock\n|move|p1a: Glimmora|Mortal Spin|p2a: Krookodile|[miss]\n|-miss|p1a: Glimmora|p2a: Krookodile\n|\n|-heal|p2a: Krookodile|100\/100|[from] move: Wish|[wisher] Clefable\n|upkeep\n|turn|29\n|\n|t:|1698097629\n|move|p2a: Krookodile|Power Trip|p1a: Glimmora\n|-enditem|p1a: Glimmora|Focus Sash\n|-damage|p1a: Glimmora|1\/100\n|-activate|p1a: Glimmora|ability: Toxic Debris\n|-sidestart|p2: Hzozv|move: Toxic Spikes\n|move|p1a: Glimmora|Mortal Spin|p2a: Krookodile\n|-resisted|p2a: Krookodile\n|-activate|p2a: Krookodile|move: Substitute|[damage]\n|\n|upkeep\n|turn|30\n|\n|t:|1698097641\n|move|p2a: Krookodile|Aerial Ace|p1a: Glimmora\n|-resisted|p1a: Glimmora\n|-damage|p1a: Glimmora|0 fnt\n|-activate|p1a: Glimmora|ability: Toxic Debris\n|-sidestart|p2: Hzozv|move: Toxic Spikes\n|faint|p1a: Glimmora\n|-ability|p2a: Krookodile|Moxie|boost\n|-boost|p2a: Krookodile|atk|1\n|\n|upkeep\n|\n|t:|1698097651\n|switch|p1a: Dudunsparce|Dudunsparce, M|100\/100\n|turn|31\n|\n|t:|1698097657\n|-terastallize|p2a: Krookodile|Ghost\n|move|p2a: Krookodile|Power Trip|p1a: Dudunsparce\n|-damage|p1a: Dudunsparce|0 fnt\n|faint|p1a: Dudunsparce\n|-ability|p2a: Krookodile|Moxie|boost\n|-boost|p2a: Krookodile|atk|1\n|\n|upkeep\n|\n|t:|1698097666\n|switch|p1a: Maushold|Maushold|100\/100\n|turn|32\n|\n|t:|1698097672\n|move|p2a: Krookodile|Power Trip|p1a: Maushold\n|-damage|p1a: Maushold|0 fnt\n|faint|p1a: Maushold\n|-ability|p2a: Krookodile|Moxie|boost\n|-boost|p2a: Krookodile|atk|1\n|\n|upkeep\n|\n|t:|1698097686\n|switch|p1a: Scovillain|Scovillain, M|100\/100\n|turn|33\n|\n|t:|1698097690\n|move|p2a: Krookodile|Power Trip|p1a: Scovillain\n|-damage|p1a: Scovillain|0 fnt\n|faint|p1a: Scovillain\n|-ability|p2a: Krookodile|Moxie|boost\n|-boost|p2a: Krookodile|atk|1\n|\n|upkeep\n|\n|t:|1698097697\n|switch|p1a: Ditto|Ditto|100\/100\n|turn|34\n|\n|t:|1698097702\n|move|p2a: Krookodile|Taunt|p1a: Ditto\n|-start|p1a: Ditto|move: Taunt\n|cant|p1a: Ditto|move: Taunt|Transform\n|\n|upkeep\n|turn|35\n|-message|niyose forfeited.\n|\n|win|Hzozv\n|raw|niyose's rating: 1280 &rarr; <strong>1271<\/strong><br \/>(-9 for losing)\n|raw|Hzozv's rating: 1535 &rarr; <strong>1542<\/strong><br \/>(+7 for winning)\n|l|\u2606niyose\n","uploadtime":1698097711,"views":9,"p1id":"niyose","p2id":"hzozv","formatid":"gen9anythinggoes","rating":1271,"private":0,"password":""}