{"id":"gen9anythinggoes-1982174517","p1":"SilverPolitan","p2":"al5ex","format":"[Gen 9] Anything Goes","log":"|j|\u2606SilverPolitan\n|j|\u2606al5ex\n|t:|1698975621\n|gametype|singles\n|player|p1|SilverPolitan|1|\n|player|p2|al5ex|101|\n|teamsize|p1|6\n|teamsize|p2|6\n|gen|9\n|tier|[Gen 9] Anything Goes\n|rule|HP Percentage Mod: HP is shown in percentages\n|rule|Endless Battle Clause: Forcing endless battles is banned\n|clearpoke\n|poke|p1|Palafin, F|\n|poke|p1|Walking Wake|\n|poke|p1|Torkoal, M|\n|poke|p1|Mimikyu, F|\n|poke|p1|Milotic, F|\n|poke|p1|Zoroark-Hisui, M|\n|poke|p2|Gengar, F|\n|poke|p2|Cloyster, M|\n|poke|p2|Garchomp, F|\n|poke|p2|Salamence, F|\n|poke|p2|Froslass, F|\n|poke|p2|Glaceon, F|\n|teampreview\n|\n|t:|1698975634\n|start\n|switch|p1a: Palafin|Palafin, F|100\/100\n|switch|p2a: Glaceon|Glaceon, F|100\/100\n|turn|1\n|\n|t:|1698975660\n|move|p1a: Palafin|Flip Turn|p2a: Glaceon\n|-damage|p2a: Glaceon|78\/100\n|\n|t:|1698975680\n|detailschange|p1a: Palafin|Palafin-Hero, F\n|switch|p1a: Mimikyu|Mimikyu, F|100\/100|[from] Flip Turn\n|move|p2a: Glaceon|Snowscape|p2a: Glaceon\n|-weather|Snow\n|\n|-weather|Snow|[upkeep]\n|-heal|p2a: Glaceon|84\/100|[from] ability: Ice Body\n|upkeep\n|turn|2\n|\n|t:|1698975691\n|move|p1a: Mimikyu|Swords Dance|p1a: Mimikyu\n|-boost|p1a: Mimikyu|atk|2\n|move|p2a: Glaceon|Blizzard|p1a: Mimikyu\n|-activate|p1a: Mimikyu|ability: Disguise\n|-damage|p1a: Mimikyu|100\/100\n|detailschange|p1a: Mimikyu|Mimikyu-Busted, F\n|-damage|p1a: Mimikyu|88\/100|[from] pokemon: Mimikyu-Busted\n|\n|-weather|Snow|[upkeep]\n|-heal|p2a: Glaceon|90\/100|[from] ability: Ice Body\n|upkeep\n|turn|3\n|\n|t:|1698975710\n|move|p1a: Mimikyu|Play Rough|p2a: Glaceon\n|-damage|p2a: Glaceon|27\/100\n|-unboost|p2a: Glaceon|atk|1\n|-damage|p1a: Mimikyu|78\/100|[from] item: Life Orb\n|move|p2a: Glaceon|Blizzard|p1a: Mimikyu\n|-damage|p1a: Mimikyu|0 fnt\n|faint|p1a: Mimikyu\n|\n|-weather|Snow|[upkeep]\n|-heal|p2a: Glaceon|33\/100|[from] ability: Ice Body\n|upkeep\n|\n|t:|1698975722\n|switch|p1a: Torkoal|Torkoal, M|100\/100\n|-weather|SunnyDay|[from] ability: Drought|[of] p1a: Torkoal\n|turn|4\n|\n|t:|1698975745\n|switch|p2a: Garchomp|Garchomp, F|100\/100\n|move|p1a: Torkoal|Heat Wave|p2a: Garchomp\n|-resisted|p2a: Garchomp\n|-damage|p2a: Garchomp|79\/100\n|\n|-weather|SunnyDay|[upkeep]\n|upkeep\n|turn|5\n|\n|t:|1698975755\n|switch|p1a: Walking Wake|Walking Wake|100\/100\n|-activate|p1a: Walking Wake|ability: Protosynthesis\n|-start|p1a: Walking Wake|protosynthesisspe\n|move|p2a: Garchomp|Sandstorm|p2a: Garchomp\n|-weather|Sandstorm\n|-end|p1a: Walking Wake|Protosynthesis\n|\n|-weather|Sandstorm|[upkeep]\n|-damage|p1a: Walking Wake|94\/100|[from] Sandstorm\n|upkeep\n|turn|6\n|\n|t:|1698975800\n|move|p1a: Walking Wake|Dragon Pulse|p2a: Garchomp\n|-supereffective|p2a: Garchomp\n|-damage|p2a: Garchomp|0 fnt\n|faint|p2a: Garchomp\n|\n|-weather|Sandstorm|[upkeep]\n|-damage|p1a: Walking Wake|88\/100|[from] Sandstorm\n|upkeep\n|\n|t:|1698975810\n|switch|p2a: Salamence|Salamence, F|100\/100\n|-ability|p2a: Salamence|Intimidate|boost\n|-unboost|p1a: Walking Wake|atk|1\n|turn|7\n|\n|t:|1698975822\n|move|p1a: Walking Wake|Dragon Pulse|p2a: Salamence\n|-supereffective|p2a: Salamence\n|-damage|p2a: Salamence|11\/100\n|move|p2a: Salamence|Dragon Tail|p1a: Walking Wake\n|-supereffective|p1a: Walking Wake\n|-damage|p1a: Walking Wake|21\/100\n|-end|p1a: Walking Wake|Protosynthesis|[silent]\n|drag|p1a: Palafin|Palafin-Hero, F|100\/100\n|-activate|p1a: Palafin|ability: Zero to Hero\n|\n|-weather|Sandstorm|[upkeep]\n|-damage|p1a: Palafin|94\/100|[from] Sandstorm\n|-damage|p2a: Salamence|5\/100|[from] Sandstorm\n|-heal|p2a: Salamence|11\/100|[from] item: Leftovers\n|upkeep\n|turn|8\n|\n|t:|1698975850\n|move|p1a: Palafin|Drain Punch|p2a: Salamence\n|-resisted|p2a: Salamence\n|-damage|p2a: Salamence|0 fnt\n|-heal|p1a: Palafin|99\/100|[from] drain|[of] p2a: Salamence\n|faint|p2a: Salamence\n|\n|-weather|Sandstorm|[upkeep]\n|-damage|p1a: Palafin|94\/100|[from] Sandstorm\n|upkeep\n|\n|t:|1698975861\n|switch|p2a: Cloyster|Cloyster, M|100\/100\n|turn|9\n|\n|t:|1698975868\n|move|p1a: Palafin|Drain Punch|p2a: Cloyster\n|-supereffective|p2a: Cloyster\n|-damage|p2a: Cloyster|64\/100\n|-heal|p1a: Palafin|100\/100|[from] drain|[of] p2a: Cloyster\n|move|p2a: Cloyster|Razor Shell|p1a: Palafin\n|-resisted|p1a: Palafin\n|-damage|p1a: Palafin|88\/100\n|\n|-weather|none\n|-heal|p2a: Cloyster|70\/100|[from] item: Leftovers\n|upkeep\n|turn|10\n|\n|t:|1698975882\n|move|p1a: Palafin|Drain Punch|p2a: Cloyster\n|-supereffective|p2a: Cloyster\n|-damage|p2a: Cloyster|31\/100\n|-heal|p1a: Palafin|100\/100|[from] drain|[of] p2a: Cloyster\n|move|p2a: Cloyster|Ice Beam|p1a: Palafin\n|-resisted|p1a: Palafin\n|-damage|p1a: Palafin|85\/100\n|\n|-heal|p2a: Cloyster|37\/100|[from] item: Leftovers\n|upkeep\n|turn|11\n|\n|t:|1698975896\n|move|p1a: Palafin|Drain Punch|p2a: Cloyster\n|-supereffective|p2a: Cloyster\n|-damage|p2a: Cloyster|0 fnt\n|-heal|p1a: Palafin|100\/100|[from] drain|[of] p2a: Cloyster\n|faint|p2a: Cloyster\n|\n|upkeep\n|\n|t:|1698975916\n|switch|p2a: Gengar|Gengar, F|100\/100\n|turn|12\n|\n|t:|1698975922\n|switch|p1a: Torkoal|Torkoal, M|100\/100\n|-weather|SunnyDay|[from] ability: Drought|[of] p1a: Torkoal\n|move|p2a: Gengar|Hypnosis|p1a: Torkoal|[miss]\n|-miss|p2a: Gengar|p1a: Torkoal\n|\n|-weather|SunnyDay|[upkeep]\n|upkeep\n|turn|13\n|\n|t:|1698975932\n|move|p2a: Gengar|Hypnosis|p1a: Torkoal\n|-status|p1a: Torkoal|slp|[from] move: Hypnosis\n|cant|p1a: Torkoal|slp\n|\n|-weather|SunnyDay|[upkeep]\n|upkeep\n|turn|14\n|\n|t:|1698975939\n|move|p2a: Gengar|Hex|p1a: Torkoal\n|-damage|p1a: Torkoal|40\/100 slp\n|-enditem|p1a: Torkoal|Sitrus Berry|[eat]\n|-heal|p1a: Torkoal|65\/100 slp|[from] item: Sitrus Berry\n|-curestatus|p1a: Torkoal|slp|[msg]\n|move|p1a: Torkoal|Eruption|p2a: Gengar\n|-damage|p2a: Gengar|31\/100\n|\n|-weather|SunnyDay|[upkeep]\n|-heal|p2a: Gengar|37\/100|[from] item: Leftovers\n|upkeep\n|turn|15\n|\n|t:|1698975952\n|move|p2a: Gengar|Hypnosis|p1a: Torkoal\n|-status|p1a: Torkoal|slp|[from] move: Hypnosis\n|cant|p1a: Torkoal|slp\n|\n|-weather|SunnyDay|[upkeep]\n|-heal|p2a: Gengar|43\/100|[from] item: Leftovers\n|upkeep\n|turn|16\n|\n|t:|1698975960\n|move|p2a: Gengar|Hex|p1a: Torkoal\n|-damage|p1a: Torkoal|2\/100 slp\n|-curestatus|p1a: Torkoal|slp|[msg]\n|move|p1a: Torkoal|Heat Wave|p2a: Gengar\n|-damage|p2a: Gengar|0 fnt\n|faint|p2a: Gengar\n|\n|-weather|none\n|upkeep\n|\n|t:|1698975972\n|switch|p2a: Glaceon|Glaceon, F|33\/100\n|turn|17\n|\n|t:|1698975975\n|move|p2a: Glaceon|Snowscape|p2a: Glaceon\n|-weather|Snow\n|move|p1a: Torkoal|Overheat|p2a: Glaceon|[miss]\n|-miss|p1a: Torkoal|p2a: Glaceon\n|\n|-weather|Snow|[upkeep]\n|-heal|p2a: Glaceon|39\/100|[from] ability: Ice Body\n|upkeep\n|turn|18\n|\n|t:|1698975984\n|move|p2a: Glaceon|Blizzard|p1a: Torkoal\n|-resisted|p1a: Torkoal\n|-damage|p1a: Torkoal|0 fnt\n|faint|p1a: Torkoal\n|\n|-weather|Snow|[upkeep]\n|-heal|p2a: Glaceon|44\/100|[from] ability: Ice Body\n|upkeep\n|\n|t:|1698975995\n|switch|p1a: Palafin|Palafin-Hero, F|100\/100\n|turn|19\n|\n|t:|1698976034\n|move|p1a: Palafin|Drain Punch|p2a: Glaceon\n|-supereffective|p2a: Glaceon\n|-damage|p2a: Glaceon|5\/100\n|move|p2a: Glaceon|Wish|p2a: Glaceon\n|\n|-weather|Snow|[upkeep]\n|-heal|p2a: Glaceon|11\/100|[from] ability: Ice Body\n|upkeep\n|turn|20\n|\n|t:|1698976044\n|move|p1a: Palafin|Drain Punch|p2a: Glaceon\n|-supereffective|p2a: Glaceon\n|-damage|p2a: Glaceon|0 fnt\n|faint|p2a: Glaceon\n|\n|-weather|Snow|[upkeep]\n|upkeep\n|\n|t:|1698976051\n|switch|p2a: Froslass|Froslass, F|100\/100\n|turn|21\n|\n|t:|1698976056\n|switch|p1a: Palafin|Palafin-Hero, F|100\/100\n|move|p2a: Froslass|Draining Kiss|p1a: Palafin\n|-damage|p1a: Palafin|79\/100\n|replace|p1a: Zoroark|Zoroark-Hisui, M\n|-end|p1a: Zoroark|Illusion\n|\n|-weather|none\n|upkeep\n|turn|22\n|\n|t:|1698976069\n|move|p1a: Zoroark|Shadow Ball|p2a: Froslass\n|-supereffective|p2a: Froslass\n|-damage|p2a: Froslass|0 fnt\n|faint|p2a: Froslass\n|\n|win|SilverPolitan\n|l|\u2606SilverPolitan\n","uploadtime":1698977987,"views":4,"p1id":"silverpolitan","p2id":"al5ex","formatid":"gen9anythinggoes","rating":0,"private":0,"password":""}