{"id":"gen9anythinggoes-1975423070","p1":"hfdgg","p2":"Lady Nai","format":"[Gen 9] Anything Goes","log":"|j|\u2606hfdgg\n|j|\u2606Lady Nai\n|t:|1698189674\n|gametype|singles\n|player|p1|hfdgg|1|1198\n|player|p2|Lady Nai|n-masters|1296\n|teamsize|p1|6\n|teamsize|p2|6\n|gen|9\n|tier|[Gen 9] Anything Goes\n|rated|\n|rule|HP Percentage Mod: HP is shown in percentages\n|rule|Endless Battle Clause: Forcing endless battles is banned\n|clearpoke\n|poke|p1|Conkeldurr, F|\n|poke|p1|Cresselia, F|\n|poke|p1|Ursaluna-Bloodmoon, M|\n|poke|p1|Conkeldurr, M|\n|poke|p1|Cresselia, F|\n|poke|p1|Ursaluna-Bloodmoon, M|\n|poke|p2|Jumpluff, M|\n|poke|p2|Espathra, M|\n|poke|p2|Medicham, F|\n|poke|p2|Miraidon|\n|poke|p2|Koraidon|\n|poke|p2|Drifblim, M|\n|teampreview\n|inactive|Battle timer is ON: inactive players will automatically lose when time's up. (requested by Lady Nai)\n|\n|t:|1698189678\n|start\n|switch|p1a: Conkeldurr|Conkeldurr, F|100\/100\n|switch|p2a: Jumpluff|Jumpluff, M, shiny|100\/100\n|turn|1\n|\n|t:|1698189684\n|move|p2a: Jumpluff|Sleep Powder|p1a: Conkeldurr\n|-status|p1a: Conkeldurr|slp|[from] move: Sleep Powder\n|cant|p1a: Conkeldurr|slp\n|\n|upkeep\n|turn|2\n|\n|t:|1698189689\n|move|p2a: Jumpluff|Substitute|p2a: Jumpluff\n|-start|p2a: Jumpluff|Substitute\n|-damage|p2a: Jumpluff|76\/100\n|-curestatus|p1a: Conkeldurr|slp|[msg]\n|move|p1a: Conkeldurr|Ice Punch|p2a: Jumpluff\n|-supereffective|p2a: Jumpluff\n|-end|p2a: Jumpluff|Substitute\n|\n|-heal|p2a: Jumpluff|82\/100|[from] item: Leftovers\n|upkeep\n|turn|3\n|\n|t:|1698189693\n|move|p2a: Jumpluff|Sleep Powder|p1a: Conkeldurr\n|-status|p1a: Conkeldurr|slp|[from] move: Sleep Powder\n|cant|p1a: Conkeldurr|slp\n|\n|-heal|p2a: Jumpluff|88\/100|[from] item: Leftovers\n|upkeep\n|turn|4\n|\n|t:|1698189695\n|move|p2a: Jumpluff|Substitute|p2a: Jumpluff\n|-start|p2a: Jumpluff|Substitute\n|-damage|p2a: Jumpluff|63\/100\n|cant|p1a: Conkeldurr|slp\n|\n|-heal|p2a: Jumpluff|70\/100|[from] item: Leftovers\n|upkeep\n|turn|5\n|\n|t:|1698189698\n|move|p2a: Jumpluff|Cotton Guard|p2a: Jumpluff\n|-boost|p2a: Jumpluff|def|3\n|cant|p1a: Conkeldurr|slp\n|\n|-heal|p2a: Jumpluff|76\/100|[from] item: Leftovers\n|upkeep\n|turn|6\n|\n|t:|1698189702\n|move|p2a: Jumpluff|Cotton Guard|p2a: Jumpluff\n|-boost|p2a: Jumpluff|def|3\n|-curestatus|p1a: Conkeldurr|slp|[msg]\n|move|p1a: Conkeldurr|Ice Punch|p2a: Jumpluff\n|-supereffective|p2a: Jumpluff\n|-end|p2a: Jumpluff|Substitute\n|\n|-heal|p2a: Jumpluff|82\/100|[from] item: Leftovers\n|upkeep\n|turn|7\n|\n|t:|1698189704\n|move|p2a: Jumpluff|Sleep Powder|p1a: Conkeldurr\n|-status|p1a: Conkeldurr|slp|[from] move: Sleep Powder\n|cant|p1a: Conkeldurr|slp\n|\n|-heal|p2a: Jumpluff|88\/100|[from] item: Leftovers\n|upkeep\n|turn|8\n|\n|t:|1698189707\n|move|p2a: Jumpluff|Substitute|p2a: Jumpluff\n|-start|p2a: Jumpluff|Substitute\n|-damage|p2a: Jumpluff|63\/100\n|cant|p1a: Conkeldurr|slp\n|\n|-heal|p2a: Jumpluff|70\/100|[from] item: Leftovers\n|upkeep\n|turn|9\n|\n|t:|1698189709\n|move|p2a: Jumpluff|Baton Pass|p2a: Jumpluff\n|\n|t:|1698189710\n|switch|p2a: Drifblim|Drifblim, M|100\/100|[from] Baton Pass\n|cant|p1a: Conkeldurr|slp\n|\n|upkeep\n|turn|10\n|\n|t:|1698189713\n|move|p2a: Drifblim|Minimize|p2a: Drifblim\n|-boost|p2a: Drifblim|evasion|2\n|-curestatus|p1a: Conkeldurr|slp|[msg]\n|move|p1a: Conkeldurr|Ice Punch|p2a: Drifblim\n|-supereffective|p2a: Drifblim\n|-end|p2a: Drifblim|Substitute\n|\n|upkeep\n|turn|11\n|\n|t:|1698189716\n|move|p2a: Drifblim|Substitute|p2a: Drifblim\n|-start|p2a: Drifblim|Substitute\n|-damage|p2a: Drifblim|76\/100\n|move|p1a: Conkeldurr|Ice Punch|p2a: Drifblim|[miss]\n|-miss|p1a: Conkeldurr|p2a: Drifblim\n|\n|-heal|p2a: Drifblim|82\/100|[from] item: Leftovers\n|upkeep\n|turn|12\n|\n|t:|1698189718\n|move|p2a: Drifblim|Minimize|p2a: Drifblim\n|-boost|p2a: Drifblim|evasion|2\n|move|p1a: Conkeldurr|Ice Punch|p2a: Drifblim\n|-supereffective|p2a: Drifblim\n|-end|p2a: Drifblim|Substitute\n|\n|-heal|p2a: Drifblim|88\/100|[from] item: Leftovers\n|upkeep\n|turn|13\n|\n|t:|1698189720\n|move|p2a: Drifblim|Substitute|p2a: Drifblim\n|-start|p2a: Drifblim|Substitute\n|-damage|p2a: Drifblim|63\/100\n|move|p1a: Conkeldurr|Ice Punch|p2a: Drifblim|[miss]\n|-miss|p1a: Conkeldurr|p2a: Drifblim\n|\n|-heal|p2a: Drifblim|69\/100|[from] item: Leftovers\n|upkeep\n|turn|14\n|\n|t:|1698189726\n|move|p2a: Drifblim|Minimize|p2a: Drifblim\n|-boost|p2a: Drifblim|evasion|2\n|move|p1a: Conkeldurr|Ice Punch|p2a: Drifblim|[miss]\n|-miss|p1a: Conkeldurr|p2a: Drifblim\n|\n|-heal|p2a: Drifblim|75\/100|[from] item: Leftovers\n|upkeep\n|turn|15\n|\n|t:|1698189728\n|move|p2a: Drifblim|Baton Pass|p2a: Drifblim\n|\n|t:|1698189732\n|switch|p2a: Espathra|Espathra, M|100\/100|[from] Baton Pass\n|move|p1a: Conkeldurr|Ice Punch|p2a: Espathra\n|-activate|p2a: Espathra|move: Substitute|[damage]\n|\n|upkeep\n|turn|16\n|n|!hfdgg|hfdgg\n|\n|t:|1698189757\n|switch|p1a: Ursaluna|Ursaluna-Bloodmoon, M|100\/100\n|move|p2a: Espathra|Calm Mind|p2a: Espathra\n|-boost|p2a: Espathra|spa|1\n|-boost|p2a: Espathra|spd|1\n|\n|-ability|p2a: Espathra|Speed Boost|boost\n|-boost|p2a: Espathra|spe|1\n|upkeep\n|turn|17\n|\n|t:|1698189762\n|-terastallize|p1a: Ursaluna|Normal\n|move|p2a: Espathra|Baton Pass|p2a: Espathra\n|\n|t:|1698189766\n|switch|p2a: Medicham|Medicham, F, shiny|100\/100|[from] Baton Pass\n|move|p1a: Ursaluna|Hyper Voice|p2a: Medicham\n|-damage|p2a: Medicham|0 fnt\n|faint|p2a: Medicham\n|\n|upkeep\n|\n|t:|1698189774\n|switch|p2a: Koraidon|Koraidon|100\/100\n|-weather|SunnyDay|[from] ability: Orichalcum Pulse|[of] p2a: Koraidon\n|-activate|p2a: Koraidon|Orichalcum Pulse|[source]\n|turn|18\n|\n|t:|1698189779\n|switch|p1a: Conkeldurr|Conkeldurr, F|100\/100\n|move|p2a: Koraidon|Drain Punch|p1a: Conkeldurr\n|-damage|p1a: Conkeldurr|51\/100\n|\n|-weather|SunnyDay|[upkeep]\n|upkeep\n|turn|19\n|\n|t:|1698189783\n|move|p2a: Koraidon|Drain Punch|p1a: Conkeldurr\n|-damage|p1a: Conkeldurr|0 fnt\n|faint|p1a: Conkeldurr\n|\n|-weather|SunnyDay|[upkeep]\n|upkeep\n|\n|t:|1698189787\n|switch|p1a: Conkeldurr|Conkeldurr, M|100\/100\n|turn|20\n|\n|t:|1698189789\n|move|p2a: Koraidon|Drain Punch|p1a: Conkeldurr\n|-crit|p1a: Conkeldurr\n|-damage|p1a: Conkeldurr|26\/100\n|move|p1a: Conkeldurr|Ice Punch|p2a: Koraidon\n|-supereffective|p2a: Koraidon\n|-damage|p2a: Koraidon|15\/100\n|\n|-weather|SunnyDay|[upkeep]\n|-heal|p2a: Koraidon|22\/100|[from] item: Leftovers\n|upkeep\n|turn|21\n|\n|t:|1698189794\n|move|p2a: Koraidon|Flame Charge|p1a: Conkeldurr\n|-damage|p1a: Conkeldurr|0 fnt\n|-boost|p2a: Koraidon|spe|1\n|faint|p1a: Conkeldurr\n|\n|-weather|SunnyDay|[upkeep]\n|-heal|p2a: Koraidon|28\/100|[from] item: Leftovers\n|upkeep\n|\n|t:|1698189797\n|switch|p1a: Cresselia|Cresselia, F|100\/100\n|turn|22\n|\n|t:|1698189803\n|move|p2a: Koraidon|Flame Charge|p1a: Cresselia\n|-damage|p1a: Cresselia|78\/100\n|-boost|p2a: Koraidon|spe|1\n|-damage|p2a: Koraidon|11\/100|[from] item: Rocky Helmet|[of] p1a: Cresselia\n|move|p1a: Cresselia|Trick Room|p1a: Cresselia\n|-fieldstart|move: Trick Room|[of] p1a: Cresselia\n|\n|-weather|none\n|-heal|p2a: Koraidon|18\/100|[from] item: Leftovers\n|upkeep\n|turn|23\n|\n|t:|1698189810\n|move|p1a: Cresselia|Lunar Dance|p1a: Cresselia\n|faint|p1a: Cresselia\n|move|p2a: Koraidon|Dragon Tail|p1: Cresselia|[notarget]\n|-fail|p2a: Koraidon\n|\n|-heal|p2a: Koraidon|24\/100|[from] item: Leftovers\n|upkeep\n|\n|t:|1698189814\n|switch|p1a: Ursaluna|Ursaluna-Bloodmoon, M, tera:Normal|100\/100\n|-heal|p1a: Ursaluna|100\/100|[from] move: Lunar Dance\n|turn|24\n|\n|t:|1698189819\n|move|p1a: Ursaluna|Hyper Voice|p2a: Koraidon\n|-damage|p2a: Koraidon|0 fnt\n|faint|p2a: Koraidon\n|\n|upkeep\n|\n|t:|1698189822\n|switch|p2a: Drifblim|Drifblim, M|75\/100\n|turn|25\n|\n|t:|1698189826\n|move|p1a: Ursaluna|Blood Moon|p2a: Drifblim\n|-damage|p2a: Drifblim|0 fnt\n|faint|p2a: Drifblim\n|\n|upkeep\n|\n|t:|1698189829\n|switch|p2a: Espathra|Espathra, M|100\/100\n|turn|26\n|\n|t:|1698189835\n|move|p2a: Espathra|Protect|p2a: Espathra\n|-singleturn|p2a: Espathra|Protect\n|move|p1a: Ursaluna|Hyper Voice|p2a: Espathra\n|-activate|p2a: Espathra|move: Protect\n|\n|-fieldend|move: Trick Room\n|-ability|p2a: Espathra|Speed Boost|boost\n|-boost|p2a: Espathra|spe|1\n|upkeep\n|turn|27\n|\n|t:|1698189841\n|move|p2a: Espathra|Calm Mind|p2a: Espathra\n|-boost|p2a: Espathra|spa|1\n|-boost|p2a: Espathra|spd|1\n|move|p1a: Ursaluna|Blood Moon|p2a: Espathra\n|-damage|p2a: Espathra|4\/100\n|\n|-heal|p2a: Espathra|10\/100|[from] item: Leftovers\n|-ability|p2a: Espathra|Speed Boost|boost\n|-boost|p2a: Espathra|spe|1\n|upkeep\n|turn|28\n|\n|t:|1698189846\n|move|p2a: Espathra|Protect|p2a: Espathra\n|-singleturn|p2a: Espathra|Protect\n|move|p1a: Ursaluna|Earth Power|p2a: Espathra\n|-activate|p2a: Espathra|move: Protect\n|\n|-heal|p2a: Espathra|16\/100|[from] item: Leftovers\n|-ability|p2a: Espathra|Speed Boost|boost\n|-boost|p2a: Espathra|spe|1\n|upkeep\n|turn|29\n|\n|t:|1698189852\n|move|p2a: Espathra|Baton Pass|p2a: Espathra\n|\n|t:|1698189854\n|switch|p2a: Miraidon|Miraidon|100\/100|[from] Baton Pass\n|-fieldstart|move: Electric Terrain|[from] ability: Hadron Engine|[of] p2a: Miraidon\n|move|p1a: Ursaluna|Earth Power|p2a: Miraidon\n|-supereffective|p2a: Miraidon\n|-damage|p2a: Miraidon|39\/100\n|\n|-heal|p2a: Miraidon|45\/100|[from] item: Leftovers\n|upkeep\n|turn|30\n|\n|t:|1698189861\n|switch|p1a: Ursaluna|Ursaluna-Bloodmoon, M|100\/100\n|-terastallize|p2a: Miraidon|Fairy\n|move|p2a: Miraidon|Dazzling Gleam|p1a: Ursaluna\n|-damage|p1a: Ursaluna|5\/100\n|\n|-heal|p2a: Miraidon|51\/100|[from] item: Leftovers\n|upkeep\n|turn|31\n|\n|t:|1698189867\n|move|p2a: Miraidon|Dazzling Gleam|p1a: Ursaluna\n|-damage|p1a: Ursaluna|0 fnt\n|faint|p1a: Ursaluna\n|\n|-heal|p2a: Miraidon|58\/100|[from] item: Leftovers\n|upkeep\n|\n|t:|1698189870\n|switch|p1a: Cresselia|Cresselia, F|100\/100\n|turn|32\n|\n|t:|1698189873\n|move|p2a: Miraidon|Parabolic Charge|p1a: Cresselia\n|-damage|p1a: Cresselia|44\/100\n|-heal|p2a: Miraidon|94\/100|[from] drain|[of] p1a: Cresselia\n|move|p1a: Cresselia|Trick Room|p1a: Cresselia\n|-fieldstart|move: Trick Room|[of] p1a: Cresselia\n|\n|-heal|p2a: Miraidon|99\/100|[from] item: Leftovers\n|upkeep\n|turn|33\n|\n|t:|1698189883\n|move|p1a: Cresselia|Future Sight|p2a: Miraidon\n|-start|p1a: Cresselia|move: Future Sight\n|move|p2a: Miraidon|Parabolic Charge|p1a: Cresselia\n|-damage|p1a: Cresselia|0 fnt\n|-heal|p2a: Miraidon|100\/100|[from] drain|[of] p1a: Cresselia\n|faint|p1a: Cresselia\n|\n|-fieldend|move: Electric Terrain\n|upkeep\n|\n|t:|1698189887\n|switch|p1a: Ursaluna|Ursaluna-Bloodmoon, M, tera:Normal|100\/100\n|turn|34\n|\n|t:|1698189890\n|move|p1a: Ursaluna|Blood Moon|p2a: Miraidon\n|-damage|p2a: Miraidon|28\/100\n|move|p2a: Miraidon|Parabolic Charge|p1a: Ursaluna\n|-damage|p1a: Ursaluna|38\/100\n|-heal|p2a: Miraidon|67\/100|[from] drain|[of] p1a: Ursaluna\n|\n|-heal|p2a: Miraidon|74\/100|[from] item: Leftovers\n|upkeep\n|turn|35\n|\n|t:|1698189894\n|switch|p2a: Jumpluff|Jumpluff, M, shiny|70\/100\n|move|p1a: Ursaluna|Hyper Beam|p2a: Jumpluff\n|-damage|p2a: Jumpluff|0 fnt\n|-mustrecharge|p1a: Ursaluna\n|faint|p2a: Jumpluff\n|\n|-hint|Future Sight did not hit because the target is fainted.\n|upkeep\n|\n|t:|1698189897\n|switch|p2a: Espathra|Espathra, M|16\/100\n|turn|36\n|\n|t:|1698189902\n|cant|p1a: Ursaluna|recharge\n|move|p2a: Espathra|Calm Mind|p2a: Espathra\n|-boost|p2a: Espathra|spa|1\n|-boost|p2a: Espathra|spd|1\n|\n|-heal|p2a: Espathra|22\/100|[from] item: Leftovers\n|-fieldend|move: Trick Room\n|-ability|p2a: Espathra|Speed Boost|boost\n|-boost|p2a: Espathra|spe|1\n|upkeep\n|turn|37\n|\n|t:|1698189910\n|move|p2a: Espathra|Protect|p2a: Espathra\n|-singleturn|p2a: Espathra|Protect\n|move|p1a: Ursaluna|Blood Moon|p2a: Espathra\n|-activate|p2a: Espathra|move: Protect\n|\n|-heal|p2a: Espathra|28\/100|[from] item: Leftovers\n|-ability|p2a: Espathra|Speed Boost|boost\n|-boost|p2a: Espathra|spe|1\n|upkeep\n|turn|38\n|\n|t:|1698189915\n|move|p2a: Espathra|Baton Pass|p2a: Espathra\n|\n|t:|1698189917\n|switch|p2a: Miraidon|Miraidon, tera:Fairy|74\/100|[from] Baton Pass\n|-fieldstart|move: Electric Terrain|[from] ability: Hadron Engine|[of] p2a: Miraidon\n|move|p1a: Ursaluna|Hyper Voice|p2a: Miraidon\n|-damage|p2a: Miraidon|26\/100\n|\n|-heal|p2a: Miraidon|32\/100|[from] item: Leftovers\n|upkeep\n|turn|39\n|\n|t:|1698189920\n|move|p2a: Miraidon|Parabolic Charge|p1a: Ursaluna\n|-damage|p1a: Ursaluna|0 fnt\n|-heal|p2a: Miraidon|55\/100|[from] drain|[of] p1a: Ursaluna\n|faint|p1a: Ursaluna\n|\n|win|Lady Nai\n|raw|hfdgg's rating: 1173 &rarr; <strong>1156<\/strong><br \/>(-17 for losing)\n|raw|Lady Nai's rating: 1296 &rarr; <strong>1313<\/strong><br \/>(+17 for winning)\n","uploadtime":1698189739,"views":8,"p1id":"hfdgg","p2id":"ladynai","formatid":"gen9anythinggoes","rating":1156,"private":0,"password":""}