{"id":"gen9anythinggoes-1985167952","p1":"kloaked_123456","p2":"Soccerpanda1012","format":"[Gen 9] Anything Goes","log":"|j|\u2606kloaked_123456\n|j|\u2606Soccerpanda1012\n|t:|1699342037\n|gametype|singles\n|player|p1|kloaked_123456|102|1090\n|player|p2|Soccerpanda1012|red|1264\n|teamsize|p1|6\n|teamsize|p2|6\n|gen|9\n|tier|[Gen 9] Anything Goes\n|rated|\n|rule|HP Percentage Mod: HP is shown in percentages\n|rule|Endless Battle Clause: Forcing endless battles is banned\n|clearpoke\n|poke|p1|Roaring Moon|\n|poke|p1|Munkidori, M|\n|poke|p1|Walking Wake|\n|poke|p1|Ninetales, M|\n|poke|p1|Ogerpon-Hearthflame, F|\n|poke|p1|Great Tusk|\n|poke|p2|Giratina|\n|poke|p2|Regidrago|\n|poke|p2|Rayquaza|\n|poke|p2|Zacian-*|\n|poke|p2|Koraidon|\n|poke|p2|Arceus|\n|teampreview\n|\n|t:|1699342052\n|start\n|switch|p1a: Ninetales|Ninetales, M|100\/100\n|switch|p2a: Regidrago|Regidrago, shiny|100\/100\n|-weather|SunnyDay|[from] ability: Drought|[of] p1a: Ninetales\n|turn|1\n|\n|t:|1699342059\n|move|p2a: Regidrago|Dragon Energy|p1a: Ninetales\n|-damage|p1a: Ninetales|1\/100\n|move|p1a: Ninetales|Solar Beam||[still]\n|-prepare|p1a: Ninetales|Solar Beam\n|-anim|p1a: Ninetales|Solar Beam|p2a: Regidrago\n|-resisted|p2a: Regidrago\n|-damage|p2a: Regidrago|88\/100\n|\n|-weather|SunnyDay|[upkeep]\n|upkeep\n|turn|2\n|\n|t:|1699342068\n|move|p2a: Regidrago|Dragon Energy|p1a: Ninetales\n|-damage|p1a: Ninetales|0 fnt\n|faint|p1a: Ninetales\n|\n|-weather|SunnyDay|[upkeep]\n|upkeep\n|\n|t:|1699342077\n|switch|p1a: Great Tusk|Great Tusk|100\/100\n|-activate|p1a: Great Tusk|ability: Protosynthesis\n|-start|p1a: Great Tusk|protosynthesisdef\n|turn|3\n|\n|t:|1699342082\n|move|p2a: Regidrago|Dragon Energy|p1a: Great Tusk\n|-damage|p1a: Great Tusk|0 fnt\n|faint|p1a: Great Tusk\n|-end|p1a: Great Tusk|Protosynthesis|[silent]\n|\n|-weather|SunnyDay|[upkeep]\n|upkeep\n|c|\u2606kloaked_123456|BRO STOP FUCKING USING THAT ASS LEGENDARY\n|\n|t:|1699342099\n|switch|p1a: Roaring Moon|Roaring Moon|100\/100\n|-activate|p1a: Roaring Moon|ability: Protosynthesis\n|-start|p1a: Roaring Moon|protosynthesisatk\n|turn|4\n|c|\u2606Soccerpanda1012|Why\n|\n|t:|1699342121\n|move|p2a: Regidrago|Dragon Energy|p1a: Roaring Moon\n|-supereffective|p1a: Roaring Moon\n|-damage|p1a: Roaring Moon|0 fnt\n|faint|p1a: Roaring Moon\n|-end|p1a: Roaring Moon|Protosynthesis|[silent]\n|\n|-weather|SunnyDay|[upkeep]\n|upkeep\n|\n|t:|1699342132\n|switch|p1a: Ogerpon|Ogerpon-Hearthflame, F|100\/100\n|-ability|p1a: Ogerpon|Mold Breaker\n|turn|5\n|\n|t:|1699342137\n|-terastallize|p1a: Ogerpon|Fire\n|detailschange|p1a: Ogerpon|Ogerpon-Hearthflame-Tera, F, tera:Fire\n|-ability|p1a: Ogerpon|Embody Aspect (Hearthflame)|boost\n|-boost|p1a: Ogerpon|atk|1\n|move|p2a: Regidrago|Dragon Energy|p1a: Ogerpon\n|-damage|p1a: Ogerpon|4\/100\n|move|p1a: Ogerpon|Ivy Cudgel|p2a: Regidrago\n|-resisted|p2a: Regidrago\n|-damage|p2a: Regidrago|0 fnt\n|faint|p2a: Regidrago\n|\n|-weather|SunnyDay|[upkeep]\n|upkeep\n|\n|t:|1699342148\n|switch|p2a: Giratina|Giratina|100\/100\n|-ability|p2a: Giratina|Pressure\n|turn|6\n|\n|t:|1699342153\n|move|p2a: Giratina|Shadow Sneak|p1a: Ogerpon\n|-damage|p1a: Ogerpon|0 fnt\n|faint|p1a: Ogerpon\n|\n|-weather|SunnyDay|[upkeep]\n|upkeep\n|\n|t:|1699342157\n|switch|p1a: Walking Wake|Walking Wake|100\/100\n|-activate|p1a: Walking Wake|ability: Protosynthesis\n|-start|p1a: Walking Wake|protosynthesisspa\n|turn|7\n|\n|t:|1699342165\n|move|p1a: Walking Wake|Hydro Steam|p2a: Giratina\n|-resisted|p2a: Giratina\n|-damage|p2a: Giratina|72\/100\n|-damage|p1a: Walking Wake|91\/100|[from] item: Life Orb\n|move|p2a: Giratina|Dragon Pulse|p1a: Walking Wake\n|-supereffective|p1a: Walking Wake\n|-damage|p1a: Walking Wake|0 fnt\n|faint|p1a: Walking Wake\n|-end|p1a: Walking Wake|Protosynthesis|[silent]\n|\n|-weather|SunnyDay|[upkeep]\n|upkeep\n|c|\u2606kloaked_123456|ur so cringe\n|c|\u2606kloaked_123456|go fuck urself\n|\n|t:|1699342178\n|switch|p1a: Munkidori|Munkidori, M|100\/100\n|turn|8\n|c|\u2606Soccerpanda1012|I don't care\n|\n|t:|1699342191\n|move|p1a: Munkidori|Psychic|p2a: Giratina\n|-damage|p2a: Giratina|46\/100\n|-status|p2a: Giratina|tox|[from] ability: Toxic Chain|[of] p1a: Munkidori\n|move|p2a: Giratina|Earth Power|p1a: Munkidori\n|-supereffective|p1a: Munkidori\n|-damage|p1a: Munkidori|39\/100\n|\n|-weather|none\n|-damage|p2a: Giratina|40\/100 tox|[from] psn\n|upkeep\n|turn|9\n|c|\u2606kloaked_123456|u cant spell autistic without u\n|\n|t:|1699342211\n|move|p1a: Munkidori|Psychic|p2a: Giratina\n|-damage|p2a: Giratina|11\/100 tox\n|move|p2a: Giratina|Earth Power|p1a: Munkidori\n|-supereffective|p1a: Munkidori\n|-damage|p1a: Munkidori|0 fnt\n|faint|p1a: Munkidori\n|\n|win|Soccerpanda1012\n|raw|kloaked_123456's rating: 1090 &rarr; <strong>1077<\/strong><br \/>(-13 for losing)\n|raw|Soccerpanda1012's rating: 1264 &rarr; <strong>1277<\/strong><br \/>(+13 for winning)\n","uploadtime":1699342097,"views":5,"p1id":"kloaked123456","p2id":"soccerpanda1012","formatid":"gen9anythinggoes","rating":1077,"private":0,"password":""}