{"id":"gen9anythinggoes-1982018083","p1":"juchan\/marie","p2":"Cerecedo","format":"[Gen 9] Anything Goes","log":"|j|\u2606juchan\/marie\n|j|\u2606Cerecedo\n|t:|1698960040\n|gametype|singles\n|player|p1|juchan\/marie|iono|1704\n|player|p2|Cerecedo|alder|1738\n|teamsize|p1|6\n|teamsize|p2|6\n|gen|9\n|tier|[Gen 9] Anything Goes\n|rated|\n|rule|HP Percentage Mod: HP is shown in percentages\n|rule|Endless Battle Clause: Forcing endless battles is banned\n|clearpoke\n|poke|p1|Great Tusk|\n|poke|p1|Arceus|\n|poke|p1|Koraidon|\n|poke|p1|Flutter Mane|\n|poke|p1|Kingambit, M|\n|poke|p1|Miraidon|\n|poke|p2|Arceus-Ground|\n|poke|p2|Weezing-Galar, F|\n|poke|p2|Ditto|\n|poke|p2|Arceus|\n|poke|p2|Miraidon|\n|poke|p2|Calyrex-Shadow|\n|teampreview\n|\n|t:|1698960079\n|start\n|switch|p1a: Great Tusk|Great Tusk|100\/100\n|switch|p2a: Weezing|Weezing-Galar, F, shiny|100\/100\n|turn|1\n|inactive|Battle timer is ON: inactive players will automatically lose when time's up. (requested by Cerecedo)\n|\n|t:|1698960102\n|move|p1a: Great Tusk|Stealth Rock|p2a: Weezing\n|-sidestart|p2: Cerecedo|move: Stealth Rock\n|move|p2a: Weezing|Toxic|p1a: Great Tusk\n|-status|p1a: Great Tusk|tox\n|\n|-damage|p1a: Great Tusk|94\/100 tox|[from] psn\n|upkeep\n|turn|2\n|inactive|Cerecedo has 120 seconds left.\n|\n|t:|1698960142\n|-end|p1a: Great Tusk|Protosynthesis|[silent]\n|switch|p1a: Kingambit|Kingambit, M|100\/100\n|move|p2a: Weezing|Defog|p1a: Kingambit\n|-unboost|p1a: Kingambit|evasion|1\n|-sideend|p2: Cerecedo|Stealth Rock|[from] move: Defog|[of] p2a: Weezing\n|\n|upkeep\n|turn|3\n|\n|t:|1698960153\n|switch|p2a: Arceus|Arceus-Ground|100\/100\n|move|p1a: Kingambit|Iron Head|p2a: Arceus\n|-damage|p2a: Arceus|69\/100\n|\n|upkeep\n|turn|4\n|inactive|Cerecedo has 120 seconds left.\n|\n|t:|1698960161\n|-end|p1a: Kingambit|fallenundefined|[silent]\n|switch|p1a: Arceus|Arceus|100\/100\n|move|p2a: Arceus|Judgment|p1a: Arceus\n|-damage|p1a: Arceus|68\/100\n|\n|upkeep\n|turn|5\n|\n|t:|1698960168\n|move|p1a: Arceus|Extreme Speed|p2a: Arceus\n|-damage|p2a: Arceus|40\/100\n|move|p2a: Arceus|Thunder Wave|p1a: Arceus|[miss]\n|-miss|p2a: Arceus|p1a: Arceus\n|\n|upkeep\n|turn|6\n|\n|t:|1698960175\n|switch|p1a: Miraidon|Miraidon|100\/100\n|-fieldstart|move: Electric Terrain|[from] ability: Hadron Engine|[of] p1a: Miraidon\n|move|p2a: Arceus|Recover|p2a: Arceus\n|-heal|p2a: Arceus|90\/100\n|\n|upkeep\n|turn|7\n|\n|t:|1698960182\n|-terastallize|p1a: Miraidon|Fairy\n|move|p1a: Miraidon|Draco Meteor|p2a: Arceus\n|-damage|p2a: Arceus|34\/100\n|-unboost|p1a: Miraidon|spa|2\n|move|p2a: Arceus|Judgment|p1a: Miraidon\n|-damage|p1a: Miraidon|54\/100\n|\n|upkeep\n|turn|8\n|\n|t:|1698960193\n|switch|p1a: Great Tusk|Great Tusk|94\/100 tox\n|switch|p2a: Arceus|Arceus|100\/100\n|\n|-heal|p1a: Great Tusk|100\/100 tox|[from] item: Leftovers\n|-damage|p1a: Great Tusk|94\/100 tox|[from] psn\n|upkeep\n|turn|9\n|\n|t:|1698960202\n|switch|p2a: Weezing|Weezing-Galar, F, shiny|100\/100\n|move|p1a: Great Tusk|Earthquake|p2a: Weezing\n|-immune|p2a: Weezing|[from] ability: Levitate\n|\n|-heal|p1a: Great Tusk|100\/100 tox|[from] item: Leftovers\n|-damage|p1a: Great Tusk|88\/100 tox|[from] psn\n|upkeep\n|turn|10\n|\n|t:|1698960210\n|move|p1a: Great Tusk|Stealth Rock|p2a: Weezing\n|-sidestart|p2: Cerecedo|move: Stealth Rock\n|move|p2a: Weezing|Strange Steam|p1a: Great Tusk\n|-supereffective|p1a: Great Tusk\n|-damage|p1a: Great Tusk|16\/100 tox\n|-start|p1a: Great Tusk|confusion\n|\n|-heal|p1a: Great Tusk|22\/100 tox|[from] item: Leftovers\n|-damage|p1a: Great Tusk|4\/100 tox|[from] psn\n|-fieldend|move: Electric Terrain\n|upkeep\n|turn|11\n|\n|t:|1698960219\n|-end|p1a: Great Tusk|Protosynthesis|[silent]\n|switch|p1a: Kingambit|Kingambit, M|100\/100\n|move|p2a: Weezing|Defog|p1a: Kingambit\n|-unboost|p1a: Kingambit|evasion|1\n|-sideend|p2: Cerecedo|Stealth Rock|[from] move: Defog|[of] p2a: Weezing\n|\n|upkeep\n|turn|12\n|\n|t:|1698960232\n|switch|p2a: Arceus|Arceus|100\/100\n|move|p1a: Kingambit|Iron Head|p2a: Arceus\n|-damage|p2a: Arceus|64\/100\n|\n|-heal|p2a: Arceus|70\/100|[from] item: Leftovers\n|upkeep\n|turn|13\n|\n|t:|1698960241\n|move|p2a: Arceus|Earthquake|p1a: Kingambit\n|-supereffective|p1a: Kingambit\n|-crit|p1a: Kingambit\n|-damage|p1a: Kingambit|18\/100\n|move|p1a: Kingambit|Iron Head|p2a: Arceus\n|-damage|p2a: Arceus|34\/100\n|\n|-heal|p2a: Arceus|40\/100|[from] item: Leftovers\n|-heal|p1a: Kingambit|24\/100|[from] item: Leftovers\n|upkeep\n|turn|14\n|\n|t:|1698960250\n|-end|p1a: Kingambit|fallenundefined|[silent]\n|switch|p1a: Koraidon|Koraidon|100\/100\n|-weather|SunnyDay|[from] ability: Orichalcum Pulse|[of] p1a: Koraidon\n|-activate|p1a: Koraidon|Orichalcum Pulse|[source]\n|move|p2a: Arceus|Earthquake|p1a: Koraidon\n|-damage|p1a: Koraidon|71\/100\n|\n|-weather|SunnyDay|[upkeep]\n|-heal|p2a: Arceus|46\/100|[from] item: Leftovers\n|upkeep\n|turn|15\n|\n|t:|1698960268\n|switch|p2a: Weezing|Weezing-Galar, F, shiny|100\/100\n|move|p1a: Koraidon|Flare Blitz|p2a: Weezing\n|-damage|p2a: Weezing|36\/100\n|-damage|p1a: Koraidon|54\/100|[from] item: Rocky Helmet|[of] p2a: Weezing\n|-damage|p1a: Koraidon|37\/100|[from] Recoil\n|\n|-weather|SunnyDay|[upkeep]\n|upkeep\n|turn|16\n|\n|t:|1698960279\n|switch|p2a: Arceus|Arceus-Ground|34\/100\n|move|p1a: Koraidon|Flare Blitz|p2a: Arceus\n|-damage|p2a: Arceus|0 fnt\n|faint|p2a: Arceus\n|-damage|p1a: Koraidon|25\/100|[from] Recoil\n|\n|-weather|SunnyDay|[upkeep]\n|upkeep\n|\n|t:|1698960291\n|switch|p2a: Miraidon|Miraidon|100\/100\n|-fieldstart|move: Electric Terrain|[from] ability: Hadron Engine|[of] p2a: Miraidon\n|turn|17\n|\n|t:|1698960295\n|switch|p1a: Great Tusk|Great Tusk|4\/100 tox\n|-activate|p1a: Great Tusk|ability: Protosynthesis\n|-start|p1a: Great Tusk|protosynthesisdef\n|move|p2a: Miraidon|Dazzling Gleam|p1a: Great Tusk\n|-supereffective|p1a: Great Tusk\n|-damage|p1a: Great Tusk|0 fnt\n|faint|p1a: Great Tusk\n|-end|p1a: Great Tusk|Protosynthesis|[silent]\n|\n|-weather|SunnyDay|[upkeep]\n|upkeep\n|\n|t:|1698960299\n|switch|p1a: Koraidon|Koraidon|25\/100\n|-activate|p1a: Koraidon|ability: Orichalcum Pulse\n|turn|18\n|\n|t:|1698960309\n|-terastallize|p2a: Miraidon|Fairy\n|move|p2a: Miraidon|Dazzling Gleam|p1a: Koraidon\n|-supereffective|p1a: Koraidon\n|-damage|p1a: Koraidon|0 fnt\n|faint|p1a: Koraidon\n|\n|-weather|none\n|upkeep\n|\n|t:|1698960319\n|switch|p1a: Arceus|Arceus|68\/100\n|turn|19\n|\n|t:|1698960326\n|switch|p2a: Weezing|Weezing-Galar, F, shiny|36\/100\n|move|p1a: Arceus|Extreme Speed|p2a: Weezing\n|-damage|p2a: Weezing|1\/100\n|-damage|p1a: Arceus|51\/100|[from] item: Rocky Helmet|[of] p2a: Weezing\n|\n|upkeep\n|turn|20\n|\n|t:|1698960342\n|move|p1a: Arceus|Recover|p1a: Arceus\n|-heal|p1a: Arceus|100\/100\n|move|p2a: Weezing|Toxic|p1a: Arceus\n|-status|p1a: Arceus|tox\n|\n|-damage|p1a: Arceus|94\/100 tox|[from] psn\n|upkeep\n|turn|21\n|\n|t:|1698960349\n|move|p1a: Arceus|Swords Dance|p1a: Arceus\n|-boost|p1a: Arceus|atk|2\n|move|p2a: Weezing|Clear Smog|p1a: Arceus\n|-damage|p1a: Arceus|85\/100 tox\n|-clearboost|p1a: Arceus\n|\n|-damage|p1a: Arceus|73\/100 tox|[from] psn\n|-fieldend|move: Electric Terrain\n|upkeep\n|turn|22\n|\n|t:|1698960358\n|move|p1a: Arceus|Extreme Speed|p2a: Weezing\n|-damage|p2a: Weezing|0 fnt\n|-damage|p1a: Arceus|56\/100 tox|[from] item: Rocky Helmet|[of] p2a: Weezing\n|faint|p2a: Weezing\n|\n|-damage|p1a: Arceus|38\/100 tox|[from] psn\n|upkeep\n|\n|t:|1698960367\n|switch|p2a: Miraidon|Miraidon, tera:Fairy|100\/100\n|-fieldstart|move: Electric Terrain|[from] ability: Hadron Engine|[of] p2a: Miraidon\n|turn|23\n|\n|t:|1698960372\n|move|p1a: Arceus|Extreme Speed|p2a: Miraidon\n|-damage|p2a: Miraidon|59\/100\n|move|p2a: Miraidon|Electro Drift|p1a: Arceus\n|-damage|p1a: Arceus|0 fnt\n|faint|p1a: Arceus\n|\n|upkeep\n|\n|t:|1698960381\n|switch|p1a: Miraidon|Miraidon, tera:Fairy|54\/100\n|-activate|p1a: Miraidon|ability: Hadron Engine\n|turn|24\n|\n|t:|1698960385\n|move|p1a: Miraidon|Electro Drift|p2a: Miraidon\n|-damage|p2a: Miraidon|0 fnt\n|faint|p2a: Miraidon\n|\n|upkeep\n|\n|t:|1698960396\n|switch|p2a: Calyrex|Calyrex-Shadow|100\/100\n|-ability|p2a: Calyrex|As One\n|-ability|p2a: Calyrex|Unnerve\n|turn|25\n|\n|t:|1698960415\n|switch|p1a: Kingambit|Kingambit, M|24\/100\n|-activate|p1a: Kingambit|ability: Supreme Overlord\n|-start|p1a: Kingambit|fallen3|[silent]\n|switch|p2a: Ditto|Ditto|100\/100\n|-transform|p2a: Ditto|p1a: Kingambit|[from] ability: Imposter\n|-activate|p2a: Ditto|ability: Supreme Overlord\n|-start|p2a: Ditto|fallen3|[silent]\n|\n|-heal|p1a: Kingambit|31\/100|[from] item: Leftovers\n|upkeep\n|turn|26\n|\n|t:|1698960428\n|move|p2a: Ditto|Kowtow Cleave|p1a: Kingambit\n|-resisted|p1a: Kingambit\n|-damage|p1a: Kingambit|3\/100\n|move|p1a: Kingambit|Iron Head|p2a: Ditto\n|-resisted|p2a: Ditto\n|-damage|p2a: Ditto|63\/100\n|\n|-heal|p1a: Kingambit|9\/100|[from] item: Leftovers\n|upkeep\n|turn|27\n|\n|t:|1698960439\n|move|p1a: Kingambit|Sucker Punch|p2a: Ditto\n|-resisted|p2a: Ditto\n|-damage|p2a: Ditto|29\/100\n|move|p2a: Ditto|Kowtow Cleave|p1a: Kingambit\n|-resisted|p1a: Kingambit\n|-crit|p1a: Kingambit\n|-damage|p1a: Kingambit|0 fnt\n|faint|p1a: Kingambit\n|-end|p1a: Kingambit|fallen3|[silent]\n|\n|-fieldend|move: Electric Terrain\n|upkeep\n|\n|t:|1698960447\n|switch|p1a: Flutter Mane|Flutter Mane|100\/100\n|-enditem|p1a: Flutter Mane|Booster Energy\n|-activate|p1a: Flutter Mane|ability: Protosynthesis|[fromitem]\n|-start|p1a: Flutter Mane|protosynthesisspe\n|turn|28\n|\n|t:|1698960453\n|-end|p2a: Ditto|fallen3|[silent]\n|switch|p2a: Arceus|Arceus|46\/100\n|move|p1a: Flutter Mane|Mystical Fire|p2a: Arceus\n|-damage|p2a: Arceus|25\/100\n|-unboost|p2a: Arceus|spa|1\n|\n|-heal|p2a: Arceus|31\/100|[from] item: Leftovers\n|upkeep\n|turn|29\n|\n|t:|1698960462\n|move|p1a: Flutter Mane|Moonblast|p2a: Arceus\n|-damage|p2a: Arceus|0 fnt\n|faint|p2a: Arceus\n|\n|upkeep\n|\n|t:|1698960473\n|switch|p2a: Calyrex|Calyrex-Shadow|100\/100\n|-ability|p2a: Calyrex|As One\n|-ability|p2a: Calyrex|Unnerve\n|turn|30\n|\n|t:|1698960479\n|move|p1a: Flutter Mane|Shadow Ball|p2a: Calyrex\n|-supereffective|p2a: Calyrex\n|-enditem|p2a: Calyrex|Focus Sash\n|-damage|p2a: Calyrex|1\/100\n|move|p2a: Calyrex|Astral Barrage|p1a: Flutter Mane\n|-supereffective|p1a: Flutter Mane\n|-damage|p1a: Flutter Mane|0 fnt\n|faint|p1a: Flutter Mane\n|-end|p1a: Flutter Mane|Protosynthesis|[silent]\n|-ability|p2a: Calyrex|Grim Neigh|boost\n|-boost|p2a: Calyrex|spa|1\n|\n|upkeep\n|j| EpicGamer069420\n|\n|t:|1698960486\n|switch|p1a: Miraidon|Miraidon, tera:Fairy|54\/100\n|-fieldstart|move: Electric Terrain|[from] ability: Hadron Engine|[of] p1a: Miraidon\n|turn|31\n|\n|t:|1698960497\n|move|p1a: Miraidon|Electro Drift|p2a: Calyrex\n|-damage|p2a: Calyrex|0 fnt\n|faint|p2a: Calyrex\n|\n|upkeep\n|\n|t:|1698960502\n|switch|p2a: Ditto|Ditto|29\/100\n|-transform|p2a: Ditto|p1a: Miraidon|[from] ability: Imposter\n|-activate|p2a: Ditto|ability: Hadron Engine\n|turn|32\n|\n|t:|1698960509\n|move|p1a: Miraidon|Electro Drift|p2a: Ditto\n|-resisted|p2a: Ditto\n|-damage|p2a: Ditto|1\/100\n|move|p2a: Ditto|Electro Drift|p1a: Miraidon\n|-damage|p1a: Miraidon|0 fnt\n|faint|p1a: Miraidon\n|\n|win|Cerecedo\n|raw|juchan&#x2f;marie's rating: 1704 &rarr; <strong>1686<\/strong><br \/>(-18 for losing)\n|raw|Cerecedo's rating: 1738 &rarr; <strong>1756<\/strong><br \/>(+18 for winning)\n|l|\u2606juchan\/marie\n|c|\u2606Cerecedo|gg\n|c| EpicGamer069420|gg\n|l|\u2606Cerecedo\n","uploadtime":1698960958,"views":16,"p1id":"juchanmarie","p2id":"cerecedo","formatid":"gen9anythinggoes","rating":1686,"private":0,"password":""}