{"id":"gen9anythinggoes-1975469154","p1":"lasttiger","p2":"HanzKrautsmann","format":"[Gen 9] Anything Goes","log":"|j|\u2606lasttiger\n|j|\u2606HanzKrautsmann\n|t:|1698194690\n|gametype|singles\n|player|p1|lasttiger|benga|1030\n|player|p2|HanzKrautsmann|fisherman-gen4|1050\n|teamsize|p1|6\n|teamsize|p2|5\n|gen|9\n|tier|[Gen 9] Anything Goes\n|rated|\n|rule|HP Percentage Mod: HP is shown in percentages\n|rule|Endless Battle Clause: Forcing endless battles is banned\n|clearpoke\n|poke|p1|Drifblim, M|\n|poke|p1|Sinistcha-Masterpiece|\n|poke|p1|Clefable, M|\n|poke|p1|Regieleki|\n|poke|p1|Espathra, F|\n|poke|p1|Zacian-*|\n|poke|p2|Drifblim, M|\n|poke|p2|Clefable, M|\n|poke|p2|Calyrex-Shadow|\n|poke|p2|Shaymin-Sky|\n|poke|p2|Thundurus, M|\n|teampreview\n|\n|t:|1698194695\n|start\n|switch|p1a: Espathra|Espathra, F|100\/100\n|switch|p2a: Drifblim|Drifblim, M|100\/100\n|turn|1\n|\n|t:|1698194699\n|move|p1a: Espathra|Substitute|p1a: Espathra\n|-start|p1a: Espathra|Substitute\n|-damage|p1a: Espathra|76\/100\n|move|p2a: Drifblim|Substitute|p2a: Drifblim\n|-start|p2a: Drifblim|Substitute\n|-damage|p2a: Drifblim|75\/100\n|\n|-heal|p1a: Espathra|82\/100|[from] item: Leftovers\n|-ability|p1a: Espathra|Speed Boost|boost\n|-boost|p1a: Espathra|spe|1\n|upkeep\n|turn|2\n|c|\u2606HanzKrautsmann|oh no\n|\n|t:|1698194708\n|move|p1a: Espathra|Calm Mind|p1a: Espathra\n|-boost|p1a: Espathra|spa|1\n|-boost|p1a: Espathra|spd|1\n|move|p2a: Drifblim|Minimize|p2a: Drifblim\n|-boost|p2a: Drifblim|evasion|2\n|\n|-heal|p1a: Espathra|88\/100|[from] item: Leftovers\n|-ability|p1a: Espathra|Speed Boost|boost\n|-boost|p1a: Espathra|spe|1\n|upkeep\n|turn|3\n|c|\u2606lasttiger|ive met my match\n|c|\u2606HanzKrautsmann|oh god no\n|\n|t:|1698194718\n|move|p1a: Espathra|Calm Mind|p1a: Espathra\n|-boost|p1a: Espathra|spa|1\n|-boost|p1a: Espathra|spd|1\n|move|p2a: Drifblim|Minimize|p2a: Drifblim\n|-boost|p2a: Drifblim|evasion|2\n|\n|-heal|p1a: Espathra|94\/100|[from] item: Leftovers\n|-ability|p1a: Espathra|Speed Boost|boost\n|-boost|p1a: Espathra|spe|1\n|upkeep\n|turn|4\n|c|\u2606lasttiger|baton to driftblim\n|c|\u2606HanzKrautsmann|yours is better than mine\n|\n|t:|1698194731\n|move|p1a: Espathra|Calm Mind|p1a: Espathra\n|-boost|p1a: Espathra|spa|1\n|-boost|p1a: Espathra|spd|1\n|move|p2a: Drifblim|Minimize|p2a: Drifblim\n|-boost|p2a: Drifblim|evasion|2\n|\n|-heal|p1a: Espathra|99\/100|[from] item: Leftovers\n|-ability|p1a: Espathra|Speed Boost|boost\n|-boost|p1a: Espathra|spe|1\n|upkeep\n|turn|5\n|\n|t:|1698194741\n|move|p1a: Espathra|Calm Mind|p1a: Espathra\n|-boost|p1a: Espathra|spa|1\n|-boost|p1a: Espathra|spd|1\n|move|p2a: Drifblim|Baton Pass|p2a: Drifblim\n|\n|t:|1698194745\n|switch|p2a: Calyrex|Calyrex-Shadow|100\/100|[from] Baton Pass\n|-ability|p2a: Calyrex|As One\n|-ability|p2a: Calyrex|Unnerve\n|\n|-heal|p1a: Espathra|100\/100|[from] item: Leftovers\n|-ability|p1a: Espathra|Speed Boost|boost\n|-boost|p1a: Espathra|spe|1\n|upkeep\n|turn|6\n|\n|t:|1698194756\n|move|p1a: Espathra|Calm Mind|p1a: Espathra\n|-boost|p1a: Espathra|spa|1\n|-boost|p1a: Espathra|spd|1\n|move|p2a: Calyrex|Agility|p2a: Calyrex\n|-boost|p2a: Calyrex|spe|2\n|\n|-ability|p1a: Espathra|Speed Boost|boost\n|-boost|p1a: Espathra|spe|1\n|upkeep\n|turn|7\n|\n|t:|1698194768\n|move|p1a: Espathra|Calm Mind|p1a: Espathra\n|-boost|p1a: Espathra|spa|1\n|-boost|p1a: Espathra|spd|1\n|move|p2a: Calyrex|Dark Pulse|p1a: Espathra\n|-supereffective|p1a: Espathra\n|-activate|p1a: Espathra|move: Substitute|[damage]\n|\n|upkeep\n|turn|8\n|c|\u2606lasttiger|minimive drifblim\n|\n|t:|1698194779\n|move|p1a: Espathra|Baton Pass|p1a: Espathra\n|\n|t:|1698194781\n|switch|p1a: Drifblim|Drifblim, M|100\/100|[from] Baton Pass\n|move|p2a: Calyrex|Dark Pulse|p1a: Drifblim\n|-supereffective|p1a: Drifblim\n|-end|p1a: Drifblim|Substitute\n|\n|upkeep\n|turn|9\n|c|\u2606HanzKrautsmann|this is bad\n|c|\u2606HanzKrautsmann|this is BAD\n|\n|t:|1698194791\n|move|p1a: Drifblim|Substitute|p1a: Drifblim\n|-start|p1a: Drifblim|Substitute\n|-damage|p1a: Drifblim|75\/100\n|move|p2a: Calyrex|Dark Pulse|p1a: Drifblim\n|-supereffective|p1a: Drifblim\n|-crit|p1a: Drifblim\n|-end|p1a: Drifblim|Substitute\n|\n|upkeep\n|turn|10\n|\n|t:|1698194798\n|move|p1a: Drifblim|Minimize|p1a: Drifblim\n|-boost|p1a: Drifblim|evasion|2\n|move|p2a: Calyrex|Dark Pulse|p1a: Drifblim\n|-supereffective|p1a: Drifblim\n|-damage|p1a: Drifblim|57\/100\n|\n|upkeep\n|turn|11\n|c|\u2606HanzKrautsmann|fuck\n|\n|t:|1698194808\n|move|p1a: Drifblim|Minimize|p1a: Drifblim\n|-boost|p1a: Drifblim|evasion|2\n|move|p2a: Calyrex|Astral Barrage|p1a: Drifblim\n|-supereffective|p1a: Drifblim\n|-damage|p1a: Drifblim|18\/100\n|\n|upkeep\n|turn|12\n|\n|t:|1698194818\n|move|p1a: Drifblim|Baton Pass|p1a: Drifblim\n|\n|t:|1698194820\n|switch|p1a: Regieleki|Regieleki|100\/100|[from] Baton Pass\n|move|p2a: Calyrex|Astral Barrage|p1a: Regieleki|[miss]\n|-miss|p2a: Calyrex|p1a: Regieleki\n|\n|upkeep\n|turn|13\n|c|\u2606lasttiger|1196 special attack\n|c|\u2606HanzKrautsmann|do u have unburden on driftblim\n|\n|t:|1698194846\n|move|p1a: Regieleki|Thunder Cage|p2a: Calyrex\n|-end|p2a: Calyrex|Substitute\n|move|p2a: Calyrex|Astral Barrage|p1a: Regieleki|[miss]\n|-miss|p2a: Calyrex|p1a: Regieleki\n|\n|upkeep\n|turn|14\n|\n|t:|1698194853\n|move|p1a: Regieleki|Thunder Cage|p2a: Calyrex|[miss]\n|-miss|p1a: Regieleki|p2a: Calyrex\n|move|p2a: Calyrex|Astral Barrage|p1a: Regieleki|[miss]\n|-miss|p2a: Calyrex|p1a: Regieleki\n|\n|upkeep\n|turn|15\n|\n|t:|1698194861\n|move|p1a: Regieleki|Ancient Power|p2a: Calyrex|[miss]\n|-miss|p1a: Regieleki|p2a: Calyrex\n|move|p2a: Calyrex|Astral Barrage|p1a: Regieleki|[miss]\n|-miss|p2a: Calyrex|p1a: Regieleki\n|\n|upkeep\n|turn|16\n|\n|t:|1698194867\n|move|p1a: Regieleki|Thunder Cage|p2a: Calyrex\n|-damage|p2a: Calyrex|0 fnt\n|faint|p2a: Calyrex\n|\n|upkeep\n|c|\u2606lasttiger|no\n|c|\u2606HanzKrautsmann|welp gg\n|c|\u2606lasttiger|gg\n|-message|HanzKrautsmann forfeited.\n|\n|win|lasttiger\n|raw|lasttiger's rating: 1030 &rarr; <strong>1068<\/strong><br \/>(+38 for winning)\n|raw|HanzKrautsmann's rating: 1050 &rarr; <strong>1031<\/strong><br \/>(-19 for losing)\n|l|\u2606lasttiger\n","uploadtime":1698194900,"views":10,"p1id":"lasttiger","p2id":"hanzkrautsmann","formatid":"gen9anythinggoes","rating":1031,"private":0,"password":""}