{"id":"gen9anythinggoes-1985823462","p1":"St1ckbug_","p2":"MaleVaporeon","format":"[Gen 9] Anything Goes","log":"|j|\u2606St1ckbug_\n|j|\u2606MaleVaporeon\n|t:|1699410026\n|gametype|singles\n|player|p1|St1ckbug_|elesa|\n|player|p2|MaleVaporeon|will|\n|teamsize|p1|6\n|teamsize|p2|6\n|gen|9\n|tier|[Gen 9] Anything Goes\n|rule|HP Percentage Mod: HP is shown in percentages\n|rule|Endless Battle Clause: Forcing endless battles is banned\n|clearpoke\n|poke|p1|Garchomp, F|\n|poke|p1|Barraskewda, F|\n|poke|p1|Clefable, M|\n|poke|p1|Bisharp, F|\n|poke|p1|Azumarill, F|\n|poke|p1|Zapdos|\n|poke|p2|Drifblim, M|\n|poke|p2|Espeon, M|\n|poke|p2|Chien-Pao|\n|poke|p2|Chi-Yu|\n|poke|p2|Maushold-Four|\n|poke|p2|Goodra, M|\n|teampreview\n|\n|t:|1699410038\n|start\n|switch|p1a: Zapdos|Zapdos|100\/100\n|switch|p2a: Drifblim|Drifblim, M, shiny|100\/100\n|-ability|p1a: Zapdos|Pressure\n|turn|1\n|\n|t:|1699410049\n|move|p2a: Drifblim|Substitute|p2a: Drifblim\n|-start|p2a: Drifblim|Substitute\n|-damage|p2a: Drifblim|76\/100\n|move|p1a: Zapdos|Thunder Wave||[still]\n|-fail|p1a: Zapdos\n|\n|upkeep\n|turn|2\n|\n|t:|1699410059\n|move|p2a: Drifblim|Minimize|p2a: Drifblim\n|-boost|p2a: Drifblim|evasion|2\n|move|p1a: Zapdos|Thunder Wave|p2a: Drifblim|[miss]\n|-miss|p1a: Zapdos|p2a: Drifblim\n|\n|upkeep\n|turn|3\n|\n|t:|1699410066\n|move|p2a: Drifblim|Minimize|p2a: Drifblim\n|-boost|p2a: Drifblim|evasion|2\n|move|p1a: Zapdos|Thunder Wave||[still]\n|-fail|p1a: Zapdos\n|\n|upkeep\n|turn|4\n|\n|t:|1699410073\n|move|p2a: Drifblim|Minimize|p2a: Drifblim\n|-boost|p2a: Drifblim|evasion|2\n|move|p1a: Zapdos|Thunder Wave|p2a: Drifblim|[miss]\n|-miss|p1a: Zapdos|p2a: Drifblim\n|\n|upkeep\n|turn|5\n|\n|t:|1699410086\n|switch|p1a: Garchomp|Garchomp, F|100\/100\n|move|p2a: Drifblim|Calm Mind|p2a: Drifblim\n|-boost|p2a: Drifblim|spa|1\n|-boost|p2a: Drifblim|spd|1\n|\n|upkeep\n|turn|6\n|\n|t:|1699410093\n|move|p1a: Garchomp|Stealth Rock|p2a: Drifblim\n|-sidestart|p2: MaleVaporeon|move: Stealth Rock\n|move|p2a: Drifblim|Calm Mind|p2a: Drifblim\n|-boost|p2a: Drifblim|spa|1\n|-boost|p2a: Drifblim|spd|1\n|\n|upkeep\n|turn|7\n|\n|t:|1699410105\n|move|p1a: Garchomp|Earthquake|p2a: Drifblim\n|-immune|p2a: Drifblim\n|move|p2a: Drifblim|Calm Mind|p2a: Drifblim\n|-boost|p2a: Drifblim|spa|1\n|-boost|p2a: Drifblim|spd|1\n|\n|upkeep\n|turn|8\n|\n|t:|1699410115\n|move|p2a: Drifblim|Calm Mind|p2a: Drifblim\n|-boost|p2a: Drifblim|spa|1\n|-boost|p2a: Drifblim|spd|1\n|move|p1a: Garchomp|Dragon Tail|p2a: Drifblim|[miss]\n|-miss|p1a: Garchomp|p2a: Drifblim\n|\n|upkeep\n|turn|9\n|\n|t:|1699410129\n|move|p1a: Garchomp|Fire Blast|p2a: Drifblim|[miss]\n|-miss|p1a: Garchomp|p2a: Drifblim\n|move|p2a: Drifblim|Calm Mind|p2a: Drifblim\n|-boost|p2a: Drifblim|spa|1\n|-boost|p2a: Drifblim|spd|1\n|\n|upkeep\n|turn|10\n|\n|t:|1699410137\n|move|p2a: Drifblim|Calm Mind|p2a: Drifblim\n|-boost|p2a: Drifblim|spa|1\n|-boost|p2a: Drifblim|spd|1\n|move|p1a: Garchomp|Dragon Tail|p2a: Drifblim|[miss]\n|-miss|p1a: Garchomp|p2a: Drifblim\n|\n|upkeep\n|turn|11\n|\n|t:|1699410145\n|move|p2a: Drifblim|Baton Pass|p2a: Drifblim\n|\n|t:|1699410147\n|switch|p2a: Chi-Yu|Chi-Yu|100\/100|[from] Baton Pass\n|-damage|p2a: Chi-Yu|76\/100|[from] Stealth Rock\n|-ability|p2a: Chi-Yu|Beads of Ruin\n|move|p1a: Garchomp|Dragon Tail|p2a: Chi-Yu|[miss]\n|-miss|p1a: Garchomp|p2a: Chi-Yu\n|\n|upkeep\n|turn|12\n|\n|t:|1699410179\n|move|p2a: Chi-Yu|Overheat|p1a: Garchomp\n|-resisted|p1a: Garchomp\n|-damage|p1a: Garchomp|0 fnt\n|-unboost|p2a: Chi-Yu|spa|2\n|faint|p1a: Garchomp\n|\n|upkeep\n|\n|t:|1699410188\n|switch|p1a: Barraskewda|Barraskewda, F|100\/100\n|turn|13\n|\n|t:|1699410199\n|move|p1a: Barraskewda|Liquidation|p2a: Chi-Yu|[miss]\n|-miss|p1a: Barraskewda|p2a: Chi-Yu\n|move|p2a: Chi-Yu|Overheat|p1a: Barraskewda\n|-resisted|p1a: Barraskewda\n|-damage|p1a: Barraskewda|0 fnt\n|-unboost|p2a: Chi-Yu|spa|2\n|faint|p1a: Barraskewda\n|\n|upkeep\n|\n|t:|1699410207\n|switch|p1a: Bisharp|Bisharp, F|100\/100\n|turn|14\n|\n|t:|1699410212\n|move|p1a: Bisharp|Sucker Punch|p2a: Chi-Yu|[miss]\n|-miss|p1a: Bisharp|p2a: Chi-Yu\n|move|p2a: Chi-Yu|Overheat|p1a: Bisharp\n|-supereffective|p1a: Bisharp\n|-crit|p1a: Bisharp\n|-damage|p1a: Bisharp|0 fnt\n|-unboost|p2a: Chi-Yu|spa|2\n|faint|p1a: Bisharp\n|\n|upkeep\n|\n|t:|1699410220\n|switch|p1a: Clefable|Clefable, M|100\/100\n|turn|15\n|\n|t:|1699410225\n|move|p2a: Chi-Yu|Overheat|p1a: Clefable\n|-damage|p1a: Clefable|0 fnt\n|-unboost|p2a: Chi-Yu|spa|2\n|faint|p1a: Clefable\n|\n|upkeep\n|\n|t:|1699410230\n|switch|p1a: Azumarill|Azumarill, F|100\/100\n|turn|16\n|\n|t:|1699410235\n|move|p2a: Chi-Yu|Overheat|p1a: Azumarill|[miss]\n|-miss|p2a: Chi-Yu|p1a: Azumarill\n|move|p1a: Azumarill|Belly Drum|p1a: Azumarill\n|-damage|p1a: Azumarill|51\/100\n|-setboost|p1a: Azumarill|atk|6|[from] move: Belly Drum\n|\n|upkeep\n|turn|17\n|\n|t:|1699410246\n|move|p1a: Azumarill|Aqua Jet|p2a: Chi-Yu|[miss]\n|-miss|p1a: Azumarill|p2a: Chi-Yu\n|move|p2a: Chi-Yu|Overheat|p1a: Azumarill\n|-resisted|p1a: Azumarill\n|-damage|p1a: Azumarill|14\/100\n|-unboost|p2a: Chi-Yu|spa|2\n|-enditem|p1a: Azumarill|Sitrus Berry|[eat]\n|-heal|p1a: Azumarill|39\/100|[from] item: Sitrus Berry\n|\n|upkeep\n|turn|18\n|\n|t:|1699410257\n|move|p1a: Azumarill|Aqua Jet|p2a: Chi-Yu\n|-supereffective|p2a: Chi-Yu\n|-end|p2a: Chi-Yu|Substitute\n|move|p2a: Chi-Yu|Overheat|p1a: Azumarill\n|-resisted|p1a: Azumarill\n|-damage|p1a: Azumarill|15\/100\n|-unboost|p2a: Chi-Yu|spa|2\n|\n|upkeep\n|turn|19\n|\n|t:|1699410267\n|move|p1a: Azumarill|Aqua Jet|p2a: Chi-Yu\n|-supereffective|p2a: Chi-Yu\n|-damage|p2a: Chi-Yu|0 fnt\n|faint|p2a: Chi-Yu\n|\n|upkeep\n|\n|t:|1699410284\n|switch|p2a: Chien-Pao|Chien-Pao|100\/100\n|-ability|p2a: Chien-Pao|Sword of Ruin\n|turn|20\n|\n|t:|1699410296\n|move|p2a: Chien-Pao|Sucker Punch||[still]\n|-fail|p2a: Chien-Pao\n|move|p1a: Azumarill|Belly Drum||[still]\n|-fail|p1a: Azumarill\n|\n|upkeep\n|turn|21\n|\n|t:|1699410307\n|move|p2a: Chien-Pao|Icicle Crash|p1a: Azumarill\n|-resisted|p1a: Azumarill\n|-damage|p1a: Azumarill|0 fnt\n|faint|p1a: Azumarill\n|\n|upkeep\n|\n|t:|1699410312\n|switch|p1a: Zapdos|Zapdos|100\/100\n|-ability|p1a: Zapdos|Pressure\n|turn|22\n|\n|t:|1699410318\n|-terastallize|p2a: Chien-Pao|Dark\n|move|p2a: Chien-Pao|Sucker Punch||[still]\n|-fail|p2a: Chien-Pao\n|move|p1a: Zapdos|Thunder Wave|p2a: Chien-Pao\n|-status|p2a: Chien-Pao|par\n|\n|upkeep\n|turn|23\n|\n|t:|1699410330\n|switch|p2a: Espeon|Espeon, M, shiny|100\/100\n|move|p1a: Zapdos|Thunder Wave|p2a: Espeon\n|move|p2a: Espeon|Thunder Wave|p1a: Zapdos|[from]ability: Magic Bounce\n|-immune|p1a: Zapdos\n|\n|upkeep\n|turn|24\n|\n|t:|1699410342\n|move|p2a: Espeon|Substitute|p2a: Espeon\n|-start|p2a: Espeon|Substitute\n|-damage|p2a: Espeon|76\/100\n|move|p1a: Zapdos|Thunder Wave|p2a: Espeon\n|move|p2a: Espeon|Thunder Wave|p1a: Zapdos|[from]ability: Magic Bounce|[miss]\n|-miss|p2a: Espeon|p1a: Zapdos\n|\n|upkeep\n|turn|25\n|\n|t:|1699410351\n|-terastallize|p1a: Zapdos|Electric\n|move|p2a: Espeon|Calm Mind|p2a: Espeon\n|-boost|p2a: Espeon|spa|1\n|-boost|p2a: Espeon|spd|1\n|move|p1a: Zapdos|Thunder Wave|p2a: Espeon\n|move|p2a: Espeon|Thunder Wave|p1a: Zapdos|[from]ability: Magic Bounce\n|-immune|p1a: Zapdos\n|\n|upkeep\n|turn|26\n|-message|St1ckbug_ forfeited.\n|\n|win|MaleVaporeon\n|l|\u2606St1ckbug_\n","uploadtime":1699410366,"views":4,"p1id":"st1ckbug","p2id":"malevaporeon","formatid":"gen9anythinggoes","rating":0,"private":0,"password":""}