{"id":"gen9anythinggoes-1977785540","p1":"AshGreninja7X","p2":"GigaBytes7","format":"[Gen 9] Anything Goes","log":"|j|\u2606AshGreninja7X\n|j|\u2606GigaBytes7\n|t:|1698449348\n|gametype|singles\n|player|p1|AshGreninja7X|barry|1631\n|player|p2|GigaBytes7|elaine|1737\n|teamsize|p1|6\n|teamsize|p2|6\n|gen|9\n|tier|[Gen 9] Anything Goes\n|rated|\n|rule|HP Percentage Mod: HP is shown in percentages\n|rule|Endless Battle Clause: Forcing endless battles is banned\n|clearpoke\n|poke|p1|Arceus|\n|poke|p1|Giratina-Origin|\n|poke|p1|Ting-Lu|\n|poke|p1|Calyrex-Shadow|\n|poke|p1|Koraidon|\n|poke|p1|Miraidon|\n|poke|p2|Koraidon|\n|poke|p2|Miraidon|\n|poke|p2|Ting-Lu|\n|poke|p2|Calyrex-Shadow|\n|poke|p2|Arceus|\n|poke|p2|Arceus-Water|\n|teampreview\n|inactive|Battle timer is ON: inactive players will automatically lose when time's up. (requested by GigaBytes7)\n|inactive|AshGreninja7X also wants the timer to be on.\n|\n|t:|1698449369\n|start\n|switch|p1a: Miraidon|Miraidon|100\/100\n|switch|p2a: Miraidon|Miraidon|100\/100\n|-fieldstart|move: Electric Terrain|[from] ability: Hadron Engine|[of] p1a: Miraidon\n|-activate|p2a: Miraidon|ability: Hadron Engine\n|turn|1\n|\n|t:|1698449371\n|switch|p2a: Ting-Lu|Ting-Lu|100\/100\n|-ability|p2a: Ting-Lu|Vessel of Ruin\n|move|p1a: Miraidon|U-turn|p2a: Ting-Lu\n|-supereffective|p2a: Ting-Lu\n|-damage|p2a: Ting-Lu|86\/100\n|\n|t:|1698449378\n|switch|p1a: Ting-Lu|Ting-Lu|100\/100|[from] U-turn\n|-ability|p1a: Ting-Lu|Vessel of Ruin\n|\n|-heal|p2a: Ting-Lu|92\/100|[from] item: Leftovers\n|upkeep\n|turn|2\n|\n|t:|1698449381\n|move|p1a: Ting-Lu|Ruination|p2a: Ting-Lu\n|-damage|p2a: Ting-Lu|46\/100\n|move|p2a: Ting-Lu|Taunt|p1a: Ting-Lu\n|-start|p1a: Ting-Lu|move: Taunt\n|\n|-heal|p2a: Ting-Lu|52\/100|[from] item: Leftovers\n|upkeep\n|turn|3\n|\n|t:|1698449385\n|switch|p2a: Koraidon|Koraidon|100\/100\n|-weather|SunnyDay|[from] ability: Orichalcum Pulse|[of] p2a: Koraidon\n|-activate|p2a: Koraidon|Orichalcum Pulse|[source]\n|move|p1a: Ting-Lu|Ruination|p2a: Koraidon\n|-damage|p2a: Koraidon|51\/100\n|\n|-weather|SunnyDay|[upkeep]\n|upkeep\n|turn|4\n|\n|t:|1698449390\n|switch|p1a: Giratina|Giratina-Origin|100\/100\n|move|p2a: Koraidon|U-turn|p1a: Giratina\n|-resisted|p1a: Giratina\n|-damage|p1a: Giratina|92\/100\n|\n|t:|1698449393\n|switch|p2a: Miraidon|Miraidon|100\/100|[from] U-turn\n|-activate|p2a: Miraidon|ability: Hadron Engine\n|\n|-weather|SunnyDay|[upkeep]\n|upkeep\n|turn|5\n|\n|t:|1698449399\n|move|p2a: Miraidon|Draco Meteor|p1a: Giratina\n|-supereffective|p1a: Giratina\n|-damage|p1a: Giratina|0 fnt\n|-unboost|p2a: Miraidon|spa|2\n|faint|p1a: Giratina\n|-damage|p2a: Miraidon|91\/100|[from] item: Life Orb\n|\n|-weather|SunnyDay|[upkeep]\n|-fieldend|move: Electric Terrain\n|upkeep\n|\n|t:|1698449402\n|switch|p1a: Ting-Lu|Ting-Lu|100\/100\n|-ability|p1a: Ting-Lu|Vessel of Ruin\n|turn|6\n|\n|t:|1698449406\n|switch|p2a: Koraidon|Koraidon|51\/100\n|-activate|p2a: Koraidon|ability: Orichalcum Pulse\n|move|p1a: Ting-Lu|Stealth Rock|p2a: Koraidon\n|-sidestart|p2: GigaBytes7|move: Stealth Rock\n|\n|-weather|SunnyDay|[upkeep]\n|upkeep\n|turn|7\n|\n|t:|1698449413\n|move|p2a: Koraidon|Close Combat|p1a: Ting-Lu\n|-supereffective|p1a: Ting-Lu\n|-damage|p1a: Ting-Lu|7\/100\n|-unboost|p2a: Koraidon|def|1\n|-unboost|p2a: Koraidon|spd|1\n|move|p1a: Ting-Lu|Ruination|p2a: Koraidon\n|-damage|p2a: Koraidon|26\/100\n|\n|-weather|none\n|-heal|p1a: Ting-Lu|13\/100|[from] item: Leftovers\n|upkeep\n|turn|8\n|\n|t:|1698449418\n|switch|p2a: Arceus|Arceus|100\/100\n|move|p1a: Ting-Lu|Earthquake|p2a: Arceus\n|-damage|p2a: Arceus|75\/100\n|\n|-heal|p1a: Ting-Lu|20\/100|[from] item: Leftovers\n|upkeep\n|turn|9\n|\n|t:|1698449421\n|move|p2a: Arceus|Extreme Speed|p1a: Ting-Lu\n|-damage|p1a: Ting-Lu|0 fnt\n|faint|p1a: Ting-Lu\n|\n|upkeep\n|\n|t:|1698449426\n|switch|p1a: Koraidon|Koraidon|100\/100\n|-weather|SunnyDay|[from] ability: Orichalcum Pulse|[of] p1a: Koraidon\n|-activate|p1a: Koraidon|Orichalcum Pulse|[source]\n|turn|10\n|\n|t:|1698449431\n|move|p1a: Koraidon|U-turn|p2a: Arceus\n|-damage|p2a: Arceus|51\/100\n|\n|t:|1698449434\n|switch|p1a: Calyrex|Calyrex-Shadow|100\/100|[from] U-turn\n|-ability|p1a: Calyrex|As One\n|-ability|p1a: Calyrex|Unnerve\n|move|p2a: Arceus|Swords Dance|p2a: Arceus\n|-boost|p2a: Arceus|atk|2\n|\n|-weather|SunnyDay|[upkeep]\n|upkeep\n|turn|11\n|\n|t:|1698449437\n|switch|p2a: Ting-Lu|Ting-Lu|52\/100\n|-damage|p2a: Ting-Lu|46\/100|[from] Stealth Rock\n|-ability|p2a: Ting-Lu|Vessel of Ruin\n|move|p1a: Calyrex|Psychic|p2a: Ting-Lu\n|-immune|p2a: Ting-Lu\n|\n|-weather|SunnyDay|[upkeep]\n|-heal|p2a: Ting-Lu|52\/100|[from] item: Leftovers\n|upkeep\n|turn|12\n|\n|t:|1698449443\n|switch|p1a: Koraidon|Koraidon|100\/100\n|-activate|p1a: Koraidon|ability: Orichalcum Pulse\n|move|p2a: Ting-Lu|Earthquake|p1a: Koraidon\n|-damage|p1a: Koraidon|66\/100\n|\n|-weather|SunnyDay|[upkeep]\n|-heal|p2a: Ting-Lu|59\/100|[from] item: Leftovers\n|upkeep\n|turn|13\n|\n|t:|1698449448\n|switch|p2a: Calyrex|Calyrex-Shadow|100\/100\n|-ability|p2a: Calyrex|As One\n|-ability|p2a: Calyrex|Unnerve\n|move|p1a: Koraidon|U-turn|p2a: Calyrex\n|-damage|p2a: Calyrex|57\/100\n|\n|t:|1698449451\n|switch|p1a: Miraidon|Miraidon|100\/100|[from] U-turn\n|-fieldstart|move: Electric Terrain|[from] ability: Hadron Engine|[of] p1a: Miraidon\n|\n|-weather|SunnyDay|[upkeep]\n|upkeep\n|turn|14\n|\n|t:|1698449461\n|switch|p2a: Ting-Lu|Ting-Lu|59\/100\n|-damage|p2a: Ting-Lu|52\/100|[from] Stealth Rock\n|-ability|p2a: Ting-Lu|Vessel of Ruin\n|move|p1a: Miraidon|Draco Meteor|p2a: Ting-Lu\n|-damage|p2a: Ting-Lu|15\/100\n|-unboost|p1a: Miraidon|spa|2\n|\n|-weather|none\n|-heal|p2a: Ting-Lu|21\/100|[from] item: Leftovers\n|upkeep\n|turn|15\n|\n|t:|1698449470\n|switch|p1a: Koraidon|Koraidon|66\/100\n|-weather|SunnyDay|[from] ability: Orichalcum Pulse|[of] p1a: Koraidon\n|-activate|p1a: Koraidon|Orichalcum Pulse|[source]\n|move|p2a: Ting-Lu|Spikes|p1a: Koraidon\n|-sidestart|p1: AshGreninja7X|Spikes\n|\n|-weather|SunnyDay|[upkeep]\n|-heal|p2a: Ting-Lu|28\/100|[from] item: Leftovers\n|upkeep\n|turn|16\n|\n|t:|1698449477\n|switch|p2a: Arceus|Arceus-Water|100\/100\n|-damage|p2a: Arceus|88\/100|[from] Stealth Rock\n|move|p1a: Koraidon|U-turn|p2a: Arceus\n|-damage|p2a: Arceus|72\/100\n|\n|t:|1698449480\n|switch|p1a: Calyrex|Calyrex-Shadow|100\/100|[from] U-turn\n|-ability|p1a: Calyrex|As One\n|-ability|p1a: Calyrex|Unnerve\n|-damage|p1a: Calyrex|88\/100|[from] Spikes\n|\n|-weather|SunnyDay|[upkeep]\n|upkeep\n|turn|17\n|\n|t:|1698449487\n|switch|p2a: Ting-Lu|Ting-Lu|28\/100\n|-damage|p2a: Ting-Lu|21\/100|[from] Stealth Rock\n|-ability|p2a: Ting-Lu|Vessel of Ruin\n|move|p1a: Calyrex|Astral Barrage|p2a: Ting-Lu\n|-resisted|p2a: Ting-Lu\n|-crit|p2a: Ting-Lu\n|-damage|p2a: Ting-Lu|0 fnt\n|faint|p2a: Ting-Lu\n|-ability|p1a: Calyrex|Grim Neigh|boost\n|-boost|p1a: Calyrex|spa|1\n|-damage|p1a: Calyrex|78\/100|[from] item: Life Orb\n|\n|-weather|SunnyDay|[upkeep]\n|-fieldend|move: Electric Terrain\n|upkeep\n|\n|t:|1698449489\n|switch|p2a: Koraidon|Koraidon|26\/100\n|-damage|p2a: Koraidon|20\/100|[from] Stealth Rock\n|-activate|p2a: Koraidon|ability: Orichalcum Pulse\n|turn|18\n|\n|t:|1698449496\n|switch|p1a: Koraidon|Koraidon|66\/100\n|-damage|p1a: Koraidon|54\/100|[from] Spikes\n|-activate|p1a: Koraidon|ability: Orichalcum Pulse\n|move|p2a: Koraidon|U-turn|p1a: Koraidon\n|-resisted|p1a: Koraidon\n|-damage|p1a: Koraidon|40\/100\n|\n|t:|1698449500\n|switch|p2a: Arceus|Arceus|51\/100|[from] U-turn\n|\n|-weather|SunnyDay|[upkeep]\n|upkeep\n|turn|19\n|\n|t:|1698449508\n|move|p2a: Arceus|Extreme Speed|p1a: Koraidon\n|-damage|p1a: Koraidon|3\/100\n|move|p1a: Koraidon|Outrage|p2a: Arceus\n|-damage|p2a: Arceus|0 fnt\n|faint|p2a: Arceus\n|\n|-weather|none\n|upkeep\n|\n|t:|1698449525\n|switch|p2a: Calyrex|Calyrex-Shadow|57\/100\n|-ability|p2a: Calyrex|As One\n|-ability|p2a: Calyrex|Unnerve\n|turn|20\n|\n|t:|1698449529\n|-terastallize|p2a: Calyrex|Fairy\n|move|p1a: Koraidon|Outrage|p2a: Calyrex|[from]lockedmove\n|-immune|p2a: Calyrex\n|move|p2a: Calyrex|Nasty Plot|p2a: Calyrex\n|-boost|p2a: Calyrex|spa|2\n|\n|upkeep\n|turn|21\n|\n|t:|1698449532\n|move|p1a: Koraidon|Outrage|p2a: Calyrex\n|-immune|p2a: Calyrex\n|move|p2a: Calyrex|Draining Kiss|p1a: Koraidon\n|-supereffective|p1a: Koraidon\n|-damage|p1a: Koraidon|0 fnt\n|-heal|p2a: Calyrex|59\/100|[from] drain|[of] p1a: Koraidon\n|faint|p1a: Koraidon\n|-ability|p2a: Calyrex|Grim Neigh|boost\n|-boost|p2a: Calyrex|spa|1\n|\n|upkeep\n|\n|t:|1698449535\n|switch|p1a: Miraidon|Miraidon|100\/100\n|-damage|p1a: Miraidon|88\/100|[from] Spikes\n|-fieldstart|move: Electric Terrain|[from] ability: Hadron Engine|[of] p1a: Miraidon\n|turn|22\n|\n|t:|1698449547\n|move|p1a: Miraidon|Electro Drift|p2a: Calyrex\n|-damage|p2a: Calyrex|0 fnt\n|faint|p2a: Calyrex\n|\n|upkeep\n|\n|t:|1698449550\n|switch|p2a: Miraidon|Miraidon|91\/100\n|-damage|p2a: Miraidon|78\/100|[from] Stealth Rock\n|-activate|p2a: Miraidon|ability: Hadron Engine\n|turn|23\n|\n|t:|1698449558\n|switch|p1a: Calyrex|Calyrex-Shadow|78\/100\n|-ability|p1a: Calyrex|As One\n|-ability|p1a: Calyrex|Unnerve\n|-damage|p1a: Calyrex|66\/100|[from] Spikes\n|move|p2a: Miraidon|Calm Mind|p2a: Miraidon\n|-boost|p2a: Miraidon|spa|1\n|-boost|p2a: Miraidon|spd|1\n|\n|upkeep\n|turn|24\n|\n|t:|1698449567\n|move|p1a: Calyrex|Astral Barrage|p2a: Miraidon\n|-damage|p2a: Miraidon|25\/100\n|-damage|p1a: Calyrex|56\/100|[from] item: Life Orb\n|move|p2a: Miraidon|Parabolic Charge|p1a: Calyrex\n|-damage|p1a: Calyrex|0 fnt\n|-heal|p2a: Miraidon|53\/100|[from] drain|[of] p1a: Calyrex\n|faint|p1a: Calyrex\n|-damage|p2a: Miraidon|43\/100|[from] item: Life Orb\n|\n|upkeep\n|\n|t:|1698449577\n|switch|p1a: Miraidon|Miraidon|88\/100\n|-damage|p1a: Miraidon|76\/100|[from] Spikes\n|-activate|p1a: Miraidon|ability: Hadron Engine\n|turn|25\n|\n|t:|1698449593\n|switch|p2a: Koraidon|Koraidon|20\/100\n|-damage|p2a: Koraidon|13\/100|[from] Stealth Rock\n|-weather|SunnyDay|[from] ability: Orichalcum Pulse|[of] p2a: Koraidon\n|-activate|p2a: Koraidon|Orichalcum Pulse|[source]\n|move|p1a: Miraidon|Draco Meteor|p2a: Koraidon\n|-supereffective|p2a: Koraidon\n|-damage|p2a: Koraidon|0 fnt\n|-unboost|p1a: Miraidon|spa|2\n|faint|p2a: Koraidon\n|\n|-weather|SunnyDay|[upkeep]\n|upkeep\n|\n|t:|1698449596\n|switch|p2a: Arceus|Arceus-Water|72\/100\n|-damage|p2a: Arceus|60\/100|[from] Stealth Rock\n|turn|26\n|\n|t:|1698449601\n|move|p1a: Miraidon|Draco Meteor|p2a: Arceus\n|-damage|p2a: Arceus|27\/100\n|-unboost|p1a: Miraidon|spa|2\n|move|p2a: Arceus|Will-O-Wisp|p1a: Miraidon|[miss]\n|-miss|p2a: Arceus|p1a: Miraidon\n|\n|-weather|SunnyDay|[upkeep]\n|-fieldend|move: Electric Terrain\n|upkeep\n|turn|27\n|\n|t:|1698449606\n|switch|p1a: Arceus|Arceus|100\/100\n|-damage|p1a: Arceus|88\/100|[from] Spikes\n|move|p2a: Arceus|Recover|p2a: Arceus\n|-heal|p2a: Arceus|77\/100\n|\n|-weather|SunnyDay|[upkeep]\n|upkeep\n|turn|28\n|\n|t:|1698449608\n|move|p1a: Arceus|Taunt|p2a: Arceus\n|-start|p2a: Arceus|move: Taunt\n|cant|p2a: Arceus|move: Taunt|Will-O-Wisp\n|\n|-weather|SunnyDay|[upkeep]\n|upkeep\n|turn|29\n|\n|t:|1698449611\n|move|p1a: Arceus|Dragon Dance|p1a: Arceus\n|-boost|p1a: Arceus|atk|1\n|-boost|p1a: Arceus|spe|1\n|move|p2a: Arceus|Ice Beam|p1a: Arceus\n|-damage|p1a: Arceus|71\/100\n|\n|-weather|none\n|upkeep\n|turn|30\n|\n|t:|1698449615\n|-terastallize|p1a: Arceus|Ghost\n|move|p1a: Arceus|Shadow Claw|p2a: Arceus\n|-damage|p2a: Arceus|40\/100\n|-damage|p1a: Arceus|62\/100|[from] item: Life Orb\n|move|p2a: Arceus|Ice Beam|p1a: Arceus\n|-damage|p1a: Arceus|44\/100\n|-status|p1a: Arceus|frz\n|\n|-end|p2a: Arceus|move: Taunt\n|upkeep\n|turn|31\n|\n|t:|1698449624\n|cant|p1a: Arceus|frz\n|move|p2a: Arceus|Recover|p2a: Arceus\n|-heal|p2a: Arceus|90\/100\n|\n|upkeep\n|turn|32\n|\n|t:|1698449626\n|switch|p2a: Miraidon|Miraidon|43\/100\n|-damage|p2a: Miraidon|31\/100|[from] Stealth Rock\n|-fieldstart|move: Electric Terrain|[from] ability: Hadron Engine|[of] p2a: Miraidon\n|cant|p1a: Arceus|frz\n|\n|upkeep\n|turn|33\n|\n|t:|1698449632\n|cant|p1a: Arceus|frz\n|move|p2a: Miraidon|Parabolic Charge|p1a: Arceus\n|-damage|p1a: Arceus|0 fnt\n|-heal|p2a: Miraidon|57\/100|[from] drain|[of] p1a: Arceus\n|faint|p1a: Arceus\n|-damage|p2a: Miraidon|47\/100|[from] item: Life Orb\n|\n|upkeep\n|\n|t:|1698449634\n|switch|p1a: Miraidon|Miraidon|76\/100\n|-damage|p1a: Miraidon|64\/100|[from] Spikes\n|-activate|p1a: Miraidon|ability: Hadron Engine\n|turn|34\n|\n|t:|1698449639\n|move|p1a: Miraidon|Draco Meteor|p2a: Miraidon\n|-supereffective|p2a: Miraidon\n|-damage|p2a: Miraidon|0 fnt\n|-unboost|p1a: Miraidon|spa|2\n|faint|p2a: Miraidon\n|\n|upkeep\n|\n|t:|1698449640\n|switch|p2a: Arceus|Arceus-Water|90\/100\n|-damage|p2a: Arceus|78\/100|[from] Stealth Rock\n|turn|35\n|c|\u2606GigaBytes7|gg\n|\n|t:|1698449643\n|move|p1a: Miraidon|Draco Meteor|p2a: Arceus\n|-damage|p2a: Arceus|45\/100\n|-unboost|p1a: Miraidon|spa|2\n|move|p2a: Arceus|Recover|p2a: Arceus\n|-heal|p2a: Arceus|95\/100\n|\n|upkeep\n|turn|36\n|c|\u2606GigaBytes7|i got lucky\n|\n|t:|1698449648\n|move|p1a: Miraidon|Draco Meteor|p2a: Arceus\n|-damage|p2a: Arceus|76\/100\n|-unboost|p1a: Miraidon|spa|2\n|move|p2a: Arceus|Ice Beam|p1a: Miraidon\n|-supereffective|p1a: Miraidon\n|-damage|p1a: Miraidon|21\/100\n|\n|-fieldend|move: Electric Terrain\n|upkeep\n|turn|37\n|\n|t:|1698449651\n|move|p1a: Miraidon|Draco Meteor|p2a: Arceus\n|-damage|p2a: Arceus|65\/100\n|move|p2a: Arceus|Ice Beam|p1a: Miraidon\n|-supereffective|p1a: Miraidon\n|-damage|p1a: Miraidon|0 fnt\n|faint|p1a: Miraidon\n|\n|win|GigaBytes7\n|raw|AshGreninja7X's rating: 1631 &rarr; <strong>1617<\/strong><br \/>(-14 for losing)\n|raw|GigaBytes7's rating: 1747 &rarr; <strong>1761<\/strong><br \/>(+14 for winning)\n|l|\u2606AshGreninja7X\n","uploadtime":1698449663,"views":10,"p1id":"ashgreninja7x","p2id":"gigabytes7","formatid":"gen9anythinggoes","rating":1617,"private":0,"password":""}