{"id":"gen9anythinggoes-1973527213","p1":"meyers13","p2":"Masontomato","format":"[Gen 9] Anything Goes","log":"|j|\u2606meyers13\n|j|\u2606Masontomato\n|t:|1697987334\n|gametype|singles\n|player|p1|meyers13|backpacker|\n|player|p2|Masontomato|pokemonbreeder|\n|teamsize|p1|6\n|teamsize|p2|6\n|gen|9\n|tier|[Gen 9] Anything Goes\n|rule|HP Percentage Mod: HP is shown in percentages\n|rule|Endless Battle Clause: Forcing endless battles is banned\n|clearpoke\n|poke|p1|Electrode-Hisui|\n|poke|p1|Clodsire, F|\n|poke|p1|Volcanion|\n|poke|p1|Mesprit|\n|poke|p1|Bisharp, M|\n|poke|p1|Quaquaval, M|\n|poke|p2|Gholdengo|\n|poke|p2|Glimmet, F|\n|poke|p2|Pelipper, M|\n|poke|p2|Kilowattrel, F|\n|poke|p2|Grimmsnarl, M|\n|poke|p2|Floatzel, F|\n|teampreview\n|j| Beng1021\n|\n|t:|1697987361\n|start\n|switch|p1a: ham|Bisharp, M|100\/100\n|switch|p2a: Grimmsnarl|Grimmsnarl, M, shiny|100\/100\n|turn|1\n|l|\u2606Masontomato\n|player|p2|\n|j|\u2606Masontomato\n|player|p2|Masontomato|pokemonbreeder\n|\n|t:|1697987468\n|switch|p2a: Glimmet|Glimmet, F|100\/100\n|move|p1a: ham|Iron Head|p2a: Glimmet\n|-supereffective|p2a: Glimmet\n|-enditem|p2a: Glimmet|Focus Sash\n|-damage|p2a: Glimmet|1\/100\n|-activate|p2a: Glimmet|ability: Toxic Debris\n|-sidestart|p1: meyers13|move: Toxic Spikes\n|\n|upkeep\n|turn|2\n|\n|t:|1697987492\n|move|p1a: ham|Sucker Punch||[still]\n|-fail|p1a: ham\n|move|p2a: Glimmet|Stealth Rock|p1a: ham\n|-sidestart|p1: meyers13|move: Stealth Rock\n|\n|upkeep\n|turn|3\n|\n|t:|1697987523\n|move|p2a: Glimmet|Protect|p2a: Glimmet\n|-singleturn|p2a: Glimmet|Protect\n|move|p1a: ham|Iron Head|p2a: Glimmet\n|-activate|p2a: Glimmet|move: Protect\n|\n|upkeep\n|turn|4\n|\n|t:|1697987541\n|move|p1a: ham|Swords Dance|p1a: ham\n|-boost|p1a: ham|atk|2\n|move|p2a: Glimmet|Explosion|p1a: ham\n|-resisted|p1a: ham\n|-damage|p1a: ham|89\/100\n|faint|p2a: Glimmet\n|\n|upkeep\n|\n|t:|1697987553\n|switch|p2a: Pelipper|Pelipper, M|100\/100\n|-weather|RainDance|[from] ability: Drizzle|[of] p2a: Pelipper\n|turn|5\n|c| Beng1021|well\n|\n|t:|1697987609\n|move|p1a: ham|Sucker Punch|p2a: Pelipper\n|-damage|p2a: Pelipper|2\/100\n|move|p2a: Pelipper|Surf|p1a: ham\n|-damage|p1a: ham|25\/100\n|\n|-weather|RainDance|[upkeep]\n|upkeep\n|turn|6\n|\n|t:|1697987656\n|switch|p2a: Kilowattrel|Kilowattrel, F|100\/100\n|move|p1a: ham|Iron Head|p2a: Kilowattrel\n|-resisted|p2a: Kilowattrel\n|-damage|p2a: Kilowattrel|21\/100\n|\n|-weather|RainDance|[upkeep]\n|upkeep\n|turn|7\n|\n|t:|1697987698\n|switch|p2a: Gholdengo|Gholdengo|100\/100\n|switch|p1a: fat fuck|Clodsire, F|100\/100\n|-sideend|p1: meyers13|move: Toxic Spikes|[of] p1a: fat fuck\n|-damage|p1a: fat fuck|94\/100|[from] Stealth Rock\n|\n|-weather|RainDance|[upkeep]\n|-heal|p1a: fat fuck|100\/100|[from] item: Black Sludge\n|upkeep\n|turn|8\n|\n|t:|1697987713\n|move|p2a: Gholdengo|Psyshock|p1a: fat fuck\n|-supereffective|p1a: fat fuck\n|-damage|p1a: fat fuck|42\/100\n|move|p1a: fat fuck|High Horsepower|p2a: Gholdengo\n|-supereffective|p2a: Gholdengo\n|-damage|p2a: Gholdengo|47\/100\n|\n|-weather|RainDance|[upkeep]\n|-heal|p1a: fat fuck|49\/100|[from] item: Black Sludge\n|upkeep\n|turn|9\n|\n|t:|1697987757\n|switch|p1a: Volcanion (Ze\/Zim)|Volcanion|100\/100\n|-damage|p1a: Volcanion (Ze\/Zim)|75\/100|[from] Stealth Rock\n|move|p2a: Gholdengo|Psyshock|p1a: Volcanion (Ze\/Zim)\n|-damage|p1a: Volcanion (Ze\/Zim)|58\/100\n|\n|-weather|RainDance|[upkeep]\n|-heal|p1a: Volcanion (Ze\/Zim)|64\/100|[from] item: Leftovers\n|upkeep\n|turn|10\n|\n|t:|1697987857\n|switch|p2a: Grimmsnarl|Grimmsnarl, M, shiny|100\/100\n|move|p1a: Volcanion (Ze\/Zim)|Protect||[still]\n|-fail|p1a: Volcanion (Ze\/Zim)\n|\n|-weather|RainDance|[upkeep]\n|-heal|p1a: Volcanion (Ze\/Zim)|70\/100|[from] item: Leftovers\n|upkeep\n|turn|11\n|\n|t:|1697987891\n|move|p2a: Grimmsnarl|Thunder Wave|p1a: Volcanion (Ze\/Zim)\n|-status|p1a: Volcanion (Ze\/Zim)|par\n|move|p1a: Volcanion (Ze\/Zim)|Steam Eruption|p2a: Grimmsnarl\n|-damage|p2a: Grimmsnarl|19\/100\n|\n|-weather|RainDance|[upkeep]\n|-heal|p2a: Grimmsnarl|25\/100|[from] item: Leftovers\n|-heal|p1a: Volcanion (Ze\/Zim)|76\/100 par|[from] item: Leftovers\n|upkeep\n|turn|12\n|\n|t:|1697987937\n|move|p2a: Grimmsnarl|Parting Shot|p1a: Volcanion (Ze\/Zim)\n|-unboost|p1a: Volcanion (Ze\/Zim)|atk|1\n|-unboost|p1a: Volcanion (Ze\/Zim)|spa|1\n|\n|t:|1697987953\n|switch|p2a: Kilowattrel|Kilowattrel, F|21\/100|[from] Parting Shot\n|cant|p1a: Volcanion (Ze\/Zim)|par\n|\n|-weather|none\n|-heal|p1a: Volcanion (Ze\/Zim)|82\/100 par|[from] item: Leftovers\n|upkeep\n|turn|13\n|c| Beng1021|pain\n|\n|t:|1697988010\n|switch|p1a: fat fuck|Clodsire, F|49\/100\n|-damage|p1a: fat fuck|42\/100|[from] Stealth Rock\n|move|p2a: Kilowattrel|U-turn|p1a: fat fuck\n|-resisted|p1a: fat fuck\n|-damage|p1a: fat fuck|37\/100\n|\n|t:|1697988063\n|switch|p2a: Grimmsnarl|Grimmsnarl, M, shiny|25\/100|[from] U-turn\n|\n|-heal|p2a: Grimmsnarl|31\/100|[from] item: Leftovers\n|-heal|p1a: fat fuck|44\/100|[from] item: Black Sludge\n|upkeep\n|turn|14\n|\n|t:|1697988094\n|move|p2a: Grimmsnarl|Stomping Tantrum|p1a: fat fuck\n|-supereffective|p1a: fat fuck\n|-damage|p1a: fat fuck|0 fnt\n|faint|p1a: fat fuck\n|\n|-heal|p2a: Grimmsnarl|37\/100|[from] item: Leftovers\n|upkeep\n|\n|t:|1697988123\n|switch|p1a: Chrislay-ar|Mesprit|100\/100\n|-damage|p1a: Chrislay-ar|88\/100|[from] Stealth Rock\n|turn|15\n|\n|t:|1697988181\n|move|p2a: Grimmsnarl|Thunder Wave|p1a: Chrislay-ar\n|-status|p1a: Chrislay-ar|par\n|move|p1a: Chrislay-ar|Draining Kiss|p2a: Grimmsnarl\n|-supereffective|p2a: Grimmsnarl\n|-damage|p2a: Grimmsnarl|1\/100\n|-heal|p1a: Chrislay-ar|100\/100 par|[from] drain|[of] p2a: Grimmsnarl\n|\n|-heal|p2a: Grimmsnarl|7\/100|[from] item: Leftovers\n|upkeep\n|turn|16\n|\n|t:|1697988219\n|move|p2a: Grimmsnarl|Parting Shot|p1a: Chrislay-ar\n|-unboost|p1a: Chrislay-ar|atk|1\n|-unboost|p1a: Chrislay-ar|spa|1\n|\n|t:|1697988237\n|switch|p2a: Gholdengo|Gholdengo|47\/100|[from] Parting Shot\n|move|p1a: Chrislay-ar|Draining Kiss|p2a: Gholdengo\n|-resisted|p2a: Gholdengo\n|-damage|p2a: Gholdengo|40\/100\n|\n|upkeep\n|turn|17\n|\n|t:|1697988286\n|switch|p1a: Volcanion (Ze\/Zim)|Volcanion|82\/100 par\n|-damage|p1a: Volcanion (Ze\/Zim)|57\/100 par|[from] Stealth Rock\n|move|p2a: Gholdengo|Shadow Ball|p1a: Volcanion (Ze\/Zim)\n|-damage|p1a: Volcanion (Ze\/Zim)|11\/100 par\n|\n|-heal|p1a: Volcanion (Ze\/Zim)|17\/100 par|[from] item: Leftovers\n|upkeep\n|turn|18\n|l|\u2606Masontomato\n|player|p2|\n|\n|t:|1697988359\n|switch|p1a: Chrislay-ar|Mesprit|100\/100 par\n|-damage|p1a: Chrislay-ar|88\/100 par|[from] Stealth Rock\n|move|p2a: Gholdengo|Shadow Ball|p1a: Chrislay-ar\n|-supereffective|p1a: Chrislay-ar\n|-damage|p1a: Chrislay-ar|12\/100 par\n|\n|upkeep\n|turn|19\n|j|\u2606Masontomato\n|player|p2|Masontomato|pokemonbreeder\n|\n|t:|1697988392\n|switch|p1a: Quaquaballs|Quaquaval, M|100\/100\n|-damage|p1a: Quaquaballs|94\/100|[from] Stealth Rock\n|move|p2a: Gholdengo|Shadow Ball|p1a: Quaquaballs\n|-damage|p1a: Quaquaballs|32\/100\n|\n|upkeep\n|turn|20\n|c|\u2606Masontomato|quaquaballs\n|c|\u2606Masontomato|just making sure: i'm prone to disconnecting\n|c|\u2606Masontomato|are we still here\n|c|\u2606Masontomato|me we\n|\n|t:|1697988590\n|move|p2a: Gholdengo|Shadow Ball|p1a: Quaquaballs\n|-damage|p1a: Quaquaballs|0 fnt\n|faint|p1a: Quaquaballs\n|\n|upkeep\n|j| 50UP\n|\n|t:|1697988617\n|switch|p1a: ham|Bisharp, M|25\/100\n|-damage|p1a: ham|19\/100|[from] Stealth Rock\n|turn|21\n|\n|t:|1697988656\n|switch|p2a: Pelipper|Pelipper, M|2\/100\n|-weather|RainDance|[from] ability: Drizzle|[of] p2a: Pelipper\n|move|p1a: ham|Sucker Punch||[still]\n|-fail|p1a: ham\n|\n|-weather|RainDance|[upkeep]\n|upkeep\n|turn|22\n|\n|t:|1697988698\n|move|p1a: ham|Iron Head|p2a: Pelipper\n|-resisted|p2a: Pelipper\n|-damage|p2a: Pelipper|0 fnt\n|faint|p2a: Pelipper\n|\n|-weather|RainDance|[upkeep]\n|upkeep\n|\n|t:|1697988709\n|switch|p2a: Floatzel|Floatzel, F, shiny|100\/100\n|turn|23\n|\n|t:|1697988740\n|switch|p1a: Volcanion (Ze\/Zim)|Volcanion|17\/100 par\n|-damage|p1a: Volcanion (Ze\/Zim)|0 fnt|[from] Stealth Rock\n|faint|p1a: Volcanion (Ze\/Zim)\n|-terastallize|p2a: Floatzel|Electric\n|move|p2a: Floatzel|Tera Blast|p1: Volcanion (Ze\/Zim)|[notarget]\n|-fail|p2a: Floatzel\n|\n|-weather|RainDance|[upkeep]\n|upkeep\n|\n|t:|1697988758\n|switch|p1a: Chrislay-ar|Mesprit|12\/100 par\n|-damage|p1a: Chrislay-ar|0 fnt|[from] Stealth Rock\n|faint|p1a: Chrislay-ar\n|\n|t:|1697988771\n|switch|p1a: deez|Electrode-Hisui|100\/100\n|-damage|p1a: deez|88\/100|[from] Stealth Rock\n|turn|24\n|\n|t:|1697988795\n|move|p2a: Floatzel|Ice Spinner|p1a: deez\n|-supereffective|p1a: deez\n|-damage|p1a: deez|0 fnt\n|faint|p1a: deez\n|-damage|p2a: Floatzel|91\/100|[from] item: Life Orb\n|\n|-weather|RainDance|[upkeep]\n|upkeep\n|\n|t:|1697988803\n|switch|p1a: ham|Bisharp, M|19\/100\n|-damage|p1a: ham|13\/100|[from] Stealth Rock\n|turn|25\n|\n|t:|1697988831\n|move|p2a: Floatzel|Tera Blast|p1a: ham|[anim] Tera Blast Electric\n|-damage|p1a: ham|0 fnt\n|faint|p1a: ham\n|-damage|p2a: Floatzel|81\/100|[from] item: Life Orb\n|\n|win|Masontomato\n|c|\u2606Masontomato|ggs\n|c| Beng1021|gg\n|l| 50UP\n|l|\u2606Masontomato\n|l| Beng1021\n|j|\u2606Masontomato\n|player|p2|Masontomato|pokemonbreeder\n","uploadtime":1697988971,"views":17,"p1id":"meyers13","p2id":"masontomato","formatid":"gen9anythinggoes","rating":0,"private":0,"password":""}