{"id":"gen9anythinggoes-1982580262","p1":"boomidk","p2":"Model Niko Niko Ni","format":"[Gen 9] Anything Goes","log":"|j|\u2606boomidk\n|j|\u2606Model Niko Niko Ni\n|t:|1699027209\n|gametype|singles\n|player|p1|boomidk|twins|1231\n|player|p2|Model Niko Niko Ni|dawn|1303\n|teamsize|p1|6\n|teamsize|p2|6\n|gen|9\n|tier|[Gen 9] Anything Goes\n|rated|\n|rule|HP Percentage Mod: HP is shown in percentages\n|rule|Endless Battle Clause: Forcing endless battles is banned\n|clearpoke\n|poke|p1|Rayquaza|\n|poke|p1|Lilligant-Hisui, F|\n|poke|p1|Arcanine-Hisui, F|\n|poke|p1|Zoroark-Hisui, F|\n|poke|p1|Zacian-*|\n|poke|p1|Mew|\n|poke|p2|Dragapult, M|\n|poke|p2|Meowscarada, M|\n|poke|p2|Volcarona, M|\n|poke|p2|Kingambit, M|\n|poke|p2|Baxcalibur, F|\n|poke|p2|Iron Valiant|\n|teampreview\n|inactive|Battle timer is ON: inactive players will automatically lose when time's up. (requested by Model Niko Niko Ni)\n|\n|t:|1699027223\n|start\n|switch|p1a: Lilligant|Lilligant-Hisui, F, shiny|100\/100\n|switch|p2a: Polterghast|Dragapult, M|100\/100\n|turn|1\n|\n|t:|1699027231\n|move|p2a: Polterghast|Reflect|p2a: Polterghast\n|-sidestart|p2: Model Niko Niko Ni|Reflect\n|move|p1a: Lilligant|Sunny Day|p1a: Lilligant\n|-weather|SunnyDay\n|\n|-weather|SunnyDay|[upkeep]\n|upkeep\n|turn|2\n|\n|t:|1699027237\n|move|p1a: Lilligant|Solar Blade||[still]\n|-prepare|p1a: Lilligant|Solar Blade\n|-anim|p1a: Lilligant|Solar Blade|p2a: Polterghast\n|-resisted|p2a: Polterghast\n|-damage|p2a: Polterghast|82\/100\n|move|p2a: Polterghast|Light Screen|p2a: Polterghast\n|-sidestart|p2: Model Niko Niko Ni|move: Light Screen\n|\n|-weather|SunnyDay|[upkeep]\n|upkeep\n|turn|3\n|\n|t:|1699027248\n|move|p1a: Lilligant|Tera Blast|p2a: Polterghast\n|-immune|p2a: Polterghast\n|move|p2a: Polterghast|Curse|p1a: Lilligant\n|-start|p1a: Lilligant|Curse|[of] p2a: Polterghast\n|-damage|p2a: Polterghast|32\/100\n|\n|-weather|SunnyDay|[upkeep]\n|-damage|p1a: Lilligant|76\/100|[from] Curse\n|upkeep\n|turn|4\n|\n|t:|1699027260\n|move|p1a: Lilligant|Solar Blade||[still]\n|-prepare|p1a: Lilligant|Solar Blade\n|-anim|p1a: Lilligant|Solar Blade|p2a: Polterghast\n|-resisted|p2a: Polterghast\n|-crit|p2a: Polterghast\n|-damage|p2a: Polterghast|0 fnt\n|-start|p1a: Lilligant|Disable|Solar Blade|[from] ability: Cursed Body|[of] p2a: Polterghast\n|faint|p2a: Polterghast\n|\n|-weather|SunnyDay|[upkeep]\n|-damage|p1a: Lilligant|51\/100|[from] Curse\n|upkeep\n|\n|t:|1699027271\n|switch|p2a: Providence|Volcarona, M|100\/100\n|turn|5\n|\n|t:|1699027279\n|move|p1a: Lilligant|Axe Kick|p2a: Providence\n|-resisted|p2a: Providence\n|-damage|p2a: Providence|81\/100\n|-status|p1a: Lilligant|brn|[from] ability: Flame Body|[of] p2a: Providence\n|move|p2a: Providence|Quiver Dance|p2a: Providence\n|-boost|p2a: Providence|spa|1\n|-boost|p2a: Providence|spd|1\n|-boost|p2a: Providence|spe|1\n|\n|-weather|SunnyDay|[upkeep]\n|-damage|p1a: Lilligant|45\/100 brn|[from] brn\n|-damage|p1a: Lilligant|20\/100 brn|[from] Curse\n|upkeep\n|turn|6\n|\n|t:|1699027289\n|move|p1a: Lilligant|Axe Kick|p2a: Providence\n|-resisted|p2a: Providence\n|-damage|p2a: Providence|72\/100\n|move|p2a: Providence|Quiver Dance|p2a: Providence\n|-boost|p2a: Providence|spa|1\n|-boost|p2a: Providence|spd|1\n|-boost|p2a: Providence|spe|1\n|\n|-weather|SunnyDay|[upkeep]\n|-damage|p1a: Lilligant|14\/100 brn|[from] brn\n|-damage|p1a: Lilligant|0 fnt|[from] Curse\n|faint|p1a: Lilligant\n|upkeep\n|inactive|boomidk has 120 seconds left.\n|\n|t:|1699027315\n|switch|p1a: Arcanine|Arcanine-Hisui, F|100\/100\n|turn|7\n|\n|t:|1699027322\n|move|p2a: Providence|Giga Drain|p1a: Arcanine\n|-damage|p1a: Arcanine|37\/100\n|-heal|p2a: Providence|100\/100|[from] drain|[of] p1a: Arcanine\n|move|p1a: Arcanine|Head Smash|p2a: Providence\n|-supereffective|p2a: Providence\n|-damage|p2a: Providence|0 fnt\n|faint|p2a: Providence\n|\n|-weather|SunnyDay|[upkeep]\n|upkeep\n|\n|t:|1699027329\n|switch|p2a: Devourer of Gods|Baxcalibur, F|100\/100\n|turn|8\n|\n|t:|1699027337\n|-terastallize|p2a: Devourer of Gods|Fairy\n|move|p2a: Devourer of Gods|Dragon Dance|p2a: Devourer of Gods\n|-boost|p2a: Devourer of Gods|atk|1\n|-boost|p2a: Devourer of Gods|spe|1\n|move|p1a: Arcanine|Head Smash|p2a: Devourer of Gods|[miss]\n|-miss|p1a: Arcanine|p2a: Devourer of Gods\n|\n|-weather|none\n|-sideend|p2: Model Niko Niko Ni|Reflect\n|upkeep\n|turn|9\n|\n|t:|1699027349\n|move|p2a: Devourer of Gods|Dragon Dance|p2a: Devourer of Gods\n|-boost|p2a: Devourer of Gods|atk|1\n|-boost|p2a: Devourer of Gods|spe|1\n|move|p1a: Arcanine|Flare Blitz|p2a: Devourer of Gods\n|-damage|p2a: Devourer of Gods|25\/100\n|-ability|p2a: Devourer of Gods|Thermal Exchange|boost\n|-boost|p2a: Devourer of Gods|atk|1\n|\n|-sideend|p2: Model Niko Niko Ni|move: Light Screen\n|upkeep\n|turn|10\n|\n|t:|1699027360\n|move|p2a: Devourer of Gods|Earthquake|p1a: Arcanine\n|-supereffective|p1a: Arcanine\n|-damage|p1a: Arcanine|0 fnt\n|faint|p1a: Arcanine\n|\n|upkeep\n|\n|t:|1699027364\n|switch|p1a: Rayquaza|Rayquaza, shiny|100\/100\n|-ability|p1a: Rayquaza|Air Lock\n|turn|11\n|\n|t:|1699027370\n|move|p2a: Devourer of Gods|Icicle Spear|p1a: Rayquaza\n|-supereffective|p1a: Rayquaza\n|-damage|p1a: Rayquaza|0 fnt\n|faint|p1a: Rayquaza\n|-hitcount|p1: Rayquaza|1\n|\n|upkeep\n|\n|t:|1699027378\n|switch|p1a: Mew|Mew, shiny|100\/100\n|turn|12\n|\n|t:|1699027384\n|move|p2a: Devourer of Gods|Icicle Spear|p1a: Mew\n|-damage|p1a: Mew|28\/100\n|replace|p1a: Zoroark|Zoroark-Hisui, F, shiny\n|-end|p1a: Zoroark|Illusion\n|-crit|p1a: Zoroark\n|-damage|p1a: Zoroark|0 fnt\n|faint|p1a: Zoroark\n|-hitcount|p1: Zoroark|2\n|\n|upkeep\n|\n|t:|1699027391\n|switch|p1a: Zacian|Zacian-Crowned, shiny|100\/100\n|-ability|p1a: Zacian|Intrepid Sword|boost\n|-boost|p1a: Zacian|atk|1\n|turn|13\n|\n|t:|1699027396\n|move|p2a: Devourer of Gods|Earthquake|p1a: Zacian\n|-supereffective|p1a: Zacian\n|-damage|p1a: Zacian|0 fnt\n|faint|p1a: Zacian\n|\n|upkeep\n|\n|t:|1699027402\n|switch|p1a: Mew|Mew, shiny|100\/100\n|turn|14\n|c|\u2606Model Niko Niko Ni|ruh roh raggy\n|\n|t:|1699027411\n|move|p2a: Devourer of Gods|Icicle Spear|p1a: Mew\n|-damage|p1a: Mew|71\/100\n|-damage|p1a: Mew|41\/100\n|-damage|p1a: Mew|10\/100\n|-damage|p1a: Mew|0 fnt\n|faint|p1a: Mew\n|-hitcount|p1: Mew|4\n|\n|win|Model Niko Niko Ni\n|raw|boomidk's rating: 1231 &rarr; <strong>1211<\/strong><br \/>(-20 for losing)\n|raw|Model Niko Niko Ni's rating: 1303 &rarr; <strong>1319<\/strong><br \/>(+16 for winning)\n|l|\u2606boomidk\n","uploadtime":1699027433,"views":8,"p1id":"boomidk","p2id":"modelnikonikoni","formatid":"gen9anythinggoes","rating":1211,"private":0,"password":""}