{"id":"gen9anythinggoes-1993609018","p1":"imtryintolearn","p2":"Pokefous","format":"[Gen 9] Anything Goes","log":"|j|\u2606imtryintolearn\n|j|\u2606Pokefous\n|t:|1700337078\n|gametype|singles\n|player|p1|imtryintolearn|170|1198\n|player|p2|Pokefous|cynthia|1466\n|teamsize|p1|6\n|teamsize|p2|6\n|gen|9\n|tier|[Gen 9] Anything Goes\n|rated|\n|rule|HP Percentage Mod: HP is shown in percentages\n|rule|Endless Battle Clause: Forcing endless battles is banned\n|clearpoke\n|poke|p1|Jolteon, F|\n|poke|p1|Glimmora, F|\n|poke|p1|Forretress, F|\n|poke|p1|Ribombee, M|\n|poke|p1|Zoroark-Hisui, F|\n|poke|p1|Quaquaval, F|\n|poke|p2|Calyrex-Shadow|\n|poke|p2|Zacian-*|\n|poke|p2|Koraidon|\n|poke|p2|Miraidon|\n|poke|p2|Corviknight, M|\n|poke|p2|Arceus-Ground|\n|teampreview\n|inactive|Battle timer is ON: inactive players will automatically lose when time's up. (requested by Pokefous)\n|inactive|imtryintolearn also wants the timer to be on.\n|\n|t:|1700337096\n|start\n|switch|p1a: Glimmora|Glimmora, F|100\/100\n|switch|p2a: Koraidon|Koraidon|100\/100\n|-weather|SunnyDay|[from] ability: Orichalcum Pulse|[of] p2a: Koraidon\n|-activate|p2a: Koraidon|Orichalcum Pulse|[source]\n|turn|1\n|\n|t:|1700337112\n|move|p2a: Koraidon|Collision Course|p1a: Glimmora\n|-damage|p1a: Glimmora|26\/100\n|-activate|p1a: Glimmora|ability: Toxic Debris\n|-sidestart|p2: Pokefous|move: Toxic Spikes\n|move|p1a: Glimmora|Mortal Spin|p2a: Koraidon\n|-damage|p2a: Koraidon|94\/100\n|-status|p2a: Koraidon|psn\n|\n|-weather|SunnyDay|[upkeep]\n|-damage|p2a: Koraidon|82\/100 psn|[from] psn\n|upkeep\n|turn|2\n|\n|t:|1700337126\n|move|p1a: Glimmora|Spiky Shield|p1a: Glimmora\n|-singleturn|p1a: Glimmora|move: Protect\n|move|p2a: Koraidon|Collision Course|p1a: Glimmora\n|-activate|p1a: Glimmora|move: Protect\n|-damage|p2a: Koraidon|70\/100 psn|[from] Spiky Shield|[of] p1a: Glimmora\n|\n|-weather|SunnyDay|[upkeep]\n|-damage|p2a: Koraidon|57\/100 psn|[from] psn\n|upkeep\n|turn|3\n|\n|t:|1700337138\n|move|p2a: Koraidon|Collision Course|p1a: Glimmora\n|-damage|p1a: Glimmora|0 fnt\n|-activate|p1a: Glimmora|ability: Toxic Debris\n|-sidestart|p2: Pokefous|move: Toxic Spikes\n|faint|p1a: Glimmora\n|\n|-weather|SunnyDay|[upkeep]\n|-damage|p2a: Koraidon|45\/100 psn|[from] psn\n|upkeep\n|inactive|imtryintolearn has 120 seconds left.\n|\n|t:|1700337170\n|switch|p1a: Ribombee|Ribombee, M|100\/100\n|turn|4\n|\n|t:|1700337177\n|switch|p2a: Corviknight|Corviknight, M|100\/100\n|move|p1a: Ribombee|Roar|p2a: Corviknight\n|drag|p2a: Koraidon|Koraidon|45\/100 psn\n|-activate|p2a: Koraidon|ability: Orichalcum Pulse\n|\n|-weather|SunnyDay|[upkeep]\n|-damage|p2a: Koraidon|33\/100 psn|[from] psn\n|upkeep\n|turn|5\n|\n|t:|1700337191\n|switch|p1a: Forretress|Forretress, F|100\/100\n|switch|p2a: Corviknight|Corviknight, M|100\/100\n|\n|-weather|none\n|upkeep\n|turn|6\n|\n|t:|1700337201\n|move|p2a: Corviknight|Defog|p1a: Forretress\n|-unboost|p1a: Forretress|evasion|1\n|-sideend|p2: Pokefous|Toxic Spikes|[from] move: Defog|[of] p2a: Corviknight\n|move|p1a: Forretress|Spikes|p2a: Corviknight\n|-sidestart|p2: Pokefous|Spikes\n|\n|upkeep\n|turn|7\n|inactive|imtryintolearn has 120 seconds left.\n|\n|t:|1700337235\n|move|p2a: Corviknight|Defog|p1a: Forretress\n|-unboost|p1a: Forretress|evasion|1\n|-sideend|p2: Pokefous|Spikes|[from] move: Defog|[of] p2a: Corviknight\n|move|p1a: Forretress|Body Press|p2a: Corviknight\n|-damage|p2a: Corviknight|80\/100\n|\n|-heal|p2a: Corviknight|86\/100|[from] item: Leftovers\n|upkeep\n|turn|8\n|\n|t:|1700337254\n|switch|p2a: Koraidon|Koraidon|33\/100 psn\n|-weather|SunnyDay|[from] ability: Orichalcum Pulse|[of] p2a: Koraidon\n|-activate|p2a: Koraidon|Orichalcum Pulse|[source]\n|move|p1a: Forretress|Body Press|p2a: Koraidon\n|-damage|p2a: Koraidon|4\/100 psn\n|\n|-weather|SunnyDay|[upkeep]\n|-damage|p2a: Koraidon|0 fnt|[from] psn\n|faint|p2a: Koraidon\n|upkeep\n|\n|t:|1700337272\n|switch|p2a: Zacian|Zacian-Crowned|100\/100\n|-ability|p2a: Zacian|Intrepid Sword|boost\n|-boost|p2a: Zacian|atk|1\n|turn|9\n|inactive|imtryintolearn has 120 seconds left.\n|inactive|Pokefous has 120 seconds left.\n|\n|t:|1700337304\n|move|p2a: Zacian|Swords Dance|p2a: Zacian\n|-boost|p2a: Zacian|atk|2\n|move|p1a: Forretress|Thunder Wave|p2a: Zacian\n|-status|p2a: Zacian|par\n|\n|-weather|SunnyDay|[upkeep]\n|upkeep\n|turn|10\n|inactive|Pokefous has 120 seconds left.\n|\n|t:|1700337324\n|cant|p2a: Zacian|par\n|move|p1a: Forretress|Body Press|p2a: Zacian\n|-damage|p2a: Zacian|69\/100 par\n|\n|-weather|SunnyDay|[upkeep]\n|upkeep\n|turn|11\n|\n|t:|1700337331\n|move|p2a: Zacian|Behemoth Blade|p1a: Forretress\n|-resisted|p1a: Forretress\n|-damage|p1a: Forretress|61\/100\n|move|p1a: Forretress|Body Press|p2a: Zacian\n|-damage|p2a: Zacian|40\/100 par\n|\n|-weather|SunnyDay|[upkeep]\n|-heal|p1a: Forretress|67\/100|[from] item: Leftovers\n|upkeep\n|turn|12\n|inactive|Pokefous has 120 seconds left.\n|inactive|imtryintolearn has 120 seconds left.\n|inactive|imtryintolearn has 90 seconds left.\n|inactive|imtryintolearn has 60 seconds left.\n|\n|t:|1700337403\n|cant|p2a: Zacian|par\n|move|p1a: Forretress|Body Press|p2a: Zacian\n|-damage|p2a: Zacian|7\/100 par\n|\n|-weather|none\n|-heal|p1a: Forretress|74\/100|[from] item: Leftovers\n|upkeep\n|turn|13\n|\n|t:|1700337411\n|move|p2a: Zacian|Play Rough|p1a: Forretress\n|-resisted|p1a: Forretress\n|-damage|p1a: Forretress|39\/100\n|move|p1a: Forretress|Body Press|p2a: Zacian\n|-damage|p2a: Zacian|0 fnt\n|faint|p2a: Zacian\n|\n|-heal|p1a: Forretress|46\/100|[from] item: Leftovers\n|upkeep\n|\n|t:|1700337423\n|switch|p2a: Calyrex|Calyrex-Shadow|100\/100\n|-ability|p2a: Calyrex|As One\n|-ability|p2a: Calyrex|Unnerve\n|turn|14\n|\n|t:|1700337435\n|move|p2a: Calyrex|Psychic|p1a: Forretress\n|-resisted|p1a: Forretress\n|-damage|p1a: Forretress|2\/100\n|move|p1a: Forretress|Thunder Wave|p2a: Calyrex\n|-status|p2a: Calyrex|par\n|\n|-heal|p1a: Forretress|8\/100|[from] item: Leftovers\n|upkeep\n|turn|15\n|\n|t:|1700337446\n|move|p2a: Calyrex|Psychic|p1a: Forretress\n|-resisted|p1a: Forretress\n|-damage|p1a: Forretress|0 fnt\n|faint|p1a: Forretress\n|-ability|p2a: Calyrex|Grim Neigh|boost\n|-boost|p2a: Calyrex|spa|1\n|\n|upkeep\n|\n|t:|1700337452\n|switch|p1a: Ribombee|Ribombee, M|100\/100\n|turn|16\n|inactive|Pokefous has 120 seconds left.\n|\n|t:|1700337458\n|move|p1a: Ribombee|Dark Pulse|p2a: Calyrex\n|-supereffective|p2a: Calyrex\n|-enditem|p2a: Calyrex|Focus Sash\n|-damage|p2a: Calyrex|1\/100 par\n|cant|p2a: Calyrex|flinch\n|\n|upkeep\n|turn|17\n|inactive|imtryintolearn has 90 seconds left.\n|inactive|Pokefous has 120 seconds left.\n|\n|t:|1700337489\n|move|p1a: Ribombee|Dark Pulse|p2a: Calyrex\n|-supereffective|p2a: Calyrex\n|-damage|p2a: Calyrex|0 fnt\n|faint|p2a: Calyrex\n|\n|upkeep\n|inactive|Pokefous has 120 seconds left.\n|\n|t:|1700337500\n|switch|p2a: Corviknight|Corviknight, M|86\/100\n|turn|18\n|inactive|Pokefous has 120 seconds left.\n|\n|t:|1700337515\n|switch|p1a: Jolteon|Jolteon, F|100\/100\n|move|p2a: Corviknight|Body Press|p1a: Jolteon\n|-damage|p1a: Jolteon|51\/100\n|\n|-heal|p2a: Corviknight|92\/100|[from] item: Leftovers\n|upkeep\n|turn|19\n|\n|t:|1700337524\n|switch|p2a: Arceus|Arceus-Ground|100\/100\n|move|p1a: Jolteon|Discharge|p2a: Arceus\n|-immune|p2a: Arceus\n|\n|upkeep\n|turn|20\n|\n|t:|1700337536\n|-terastallize|p1a: Jolteon|Water\n|move|p1a: Jolteon|Tera Blast|p2a: Arceus|[anim] Tera Blast Water\n|-supereffective|p2a: Arceus\n|-crit|p2a: Arceus\n|-damage|p2a: Arceus|7\/100\n|move|p2a: Arceus|Stealth Rock|p1a: Jolteon\n|-sidestart|p1: imtryintolearn|move: Stealth Rock\n|\n|upkeep\n|turn|21\n|\n|t:|1700337546\n|switch|p2a: Miraidon|Miraidon|100\/100\n|-fieldstart|move: Electric Terrain|[from] ability: Hadron Engine|[of] p2a: Miraidon\n|move|p1a: Jolteon|Tera Blast|p2a: Miraidon|[anim] Tera Blast Water\n|-resisted|p2a: Miraidon\n|-damage|p2a: Miraidon|83\/100\n|\n|upkeep\n|turn|22\n|\n|t:|1700337555\n|move|p2a: Miraidon|Electro Drift|p1a: Jolteon\n|-heal|p1a: Jolteon|76\/100|[from] ability: Volt Absorb|[of] p2a: Miraidon\n|move|p1a: Jolteon|Shadow Ball|p2a: Miraidon\n|-crit|p2a: Miraidon\n|-damage|p2a: Miraidon|47\/100\n|\n|upkeep\n|turn|23\n|-message|Pokefous forfeited.\n|\n|win|imtryintolearn\n|raw|imtryintolearn's rating: 1198 &rarr; <strong>1239<\/strong><br \/>(+41 for winning)\n|raw|Pokefous's rating: 1466 &rarr; <strong>1433<\/strong><br \/>(-33 for losing)\n|l|\u2606Pokefous\n","uploadtime":1700337618,"views":38,"p1id":"imtryintolearn","p2id":"pokefous","formatid":"gen9anythinggoes","rating":1239,"private":0,"password":""}