{"id":"gen9anythinggoes-1977398139","p1":"Ureter","p2":"wewss","format":"[Gen 9] Anything Goes","log":"|j|\u2606Ureter\n|j|\u2606wewss\n|t:|1698413518\n|gametype|singles\n|player|p1|Ureter|169|1413\n|player|p2|wewss|ghetsis-gen5bw|1352\n|teamsize|p1|6\n|teamsize|p2|6\n|gen|9\n|tier|[Gen 9] Anything Goes\n|rated|\n|rule|HP Percentage Mod: HP is shown in percentages\n|rule|Endless Battle Clause: Forcing endless battles is banned\n|clearpoke\n|poke|p1|Calyrex-Shadow|\n|poke|p1|Zacian-*|\n|poke|p1|Vikavolt, M|\n|poke|p1|Kyogre|\n|poke|p1|Iron Treads|\n|poke|p1|Eternatus|\n|poke|p2|Kyogre|\n|poke|p2|Zacian-*|\n|poke|p2|Basculegion, M|\n|poke|p2|Scizor, F|\n|poke|p2|Ludicolo, M|\n|poke|p2|Miraidon|\n|teampreview\n|inactive|Battle timer is ON: inactive players will automatically lose when time's up. (requested by Ureter)\n|inactive|wewss also wants the timer to be on.\n|\n|t:|1698413525\n|start\n|switch|p1a: Taseyboy|Vikavolt, M|100\/100\n|switch|p2a: Miraidon|Miraidon|100\/100\n|-fieldstart|move: Electric Terrain|[from] ability: Hadron Engine|[of] p2a: Miraidon\n|turn|1\n|\n|t:|1698413537\n|move|p2a: Miraidon|Volt Switch|p1a: Taseyboy\n|-resisted|p1a: Taseyboy\n|-damage|p1a: Taseyboy|60\/100\n|\n|t:|1698413549\n|switch|p2a: Ludicolo|Ludicolo, M|100\/100|[from] Volt Switch\n|move|p1a: Taseyboy|Sticky Web|p2a: Ludicolo\n|-sidestart|p2: wewss|move: Sticky Web\n|\n|upkeep\n|turn|2\n|\n|t:|1698413559\n|move|p2a: Ludicolo|Encore|p1a: Taseyboy\n|-start|p1a: Taseyboy|Encore\n|move|p1a: Taseyboy|Sticky Web||[still]\n|-fail|p1a: Taseyboy\n|\n|upkeep\n|turn|3\n|\n|t:|1698413570\n|switch|p1a: Kyogre|Kyogre|100\/100\n|-weather|RainDance|[from] ability: Drizzle|[of] p1a: Kyogre\n|move|p2a: Ludicolo|Hydro Pump|p1a: Kyogre\n|-resisted|p1a: Kyogre\n|-damage|p1a: Kyogre|61\/100\n|-damage|p2a: Ludicolo|91\/100|[from] item: Life Orb\n|\n|-weather|RainDance|[upkeep]\n|upkeep\n|turn|4\n|\n|t:|1698413581\n|move|p2a: Ludicolo|Giga Drain|p1a: Kyogre\n|-supereffective|p1a: Kyogre\n|-damage|p1a: Kyogre|0 fnt\n|-heal|p2a: Ludicolo|100\/100|[from] drain|[of] p1a: Kyogre\n|faint|p1a: Kyogre\n|-damage|p2a: Ludicolo|91\/100|[from] item: Life Orb\n|\n|-weather|RainDance|[upkeep]\n|upkeep\n|\n|t:|1698413585\n|switch|p1a: Taseyboy|Vikavolt, M|60\/100\n|turn|5\n|\n|t:|1698413593\n|move|p2a: Ludicolo|Hydro Pump|p1a: Taseyboy|[miss]\n|-miss|p2a: Ludicolo|p1a: Taseyboy\n|move|p1a: Taseyboy|Bug Buzz|p2a: Ludicolo\n|-supereffective|p2a: Ludicolo\n|-damage|p2a: Ludicolo|0 fnt\n|faint|p2a: Ludicolo\n|\n|-weather|RainDance|[upkeep]\n|-fieldend|move: Electric Terrain\n|upkeep\n|\n|t:|1698413605\n|switch|p2a: Miraidon|Miraidon|100\/100\n|-activate|p2a: Miraidon|move: Sticky Web\n|-unboost|p2a: Miraidon|spe|1\n|-fieldstart|move: Electric Terrain|[from] ability: Hadron Engine|[of] p2a: Miraidon\n|turn|6\n|\n|t:|1698413625\n|move|p2a: Miraidon|Electro Drift|p1a: Taseyboy\n|-resisted|p1a: Taseyboy\n|-damage|p1a: Taseyboy|2\/100\n|move|p1a: Taseyboy|Bug Buzz|p2a: Miraidon\n|-damage|p2a: Miraidon|50\/100\n|\n|-weather|RainDance|[upkeep]\n|upkeep\n|turn|7\n|\n|t:|1698413639\n|switch|p2a: Scizor|Scizor, F|100\/100\n|-activate|p2a: Scizor|move: Sticky Web\n|-unboost|p2a: Scizor|spe|1\n|move|p1a: Taseyboy|String Shot|p2a: Scizor\n|-unboost|p2a: Scizor|spe|2\n|\n|-weather|none\n|upkeep\n|turn|8\n|\n|t:|1698413650\n|move|p1a: Taseyboy|Discharge|p2a: Scizor\n|-damage|p2a: Scizor|43\/100\n|move|p2a: Scizor|Swords Dance|p2a: Scizor\n|-boost|p2a: Scizor|atk|2\n|\n|upkeep\n|turn|9\n|\n|t:|1698413659\n|move|p2a: Scizor|Bullet Punch|p1a: Taseyboy\n|-resisted|p1a: Taseyboy\n|-damage|p1a: Taseyboy|0 fnt\n|faint|p1a: Taseyboy\n|\n|upkeep\n|\n|t:|1698413662\n|switch|p1a: Eternatus|Eternatus|100\/100\n|-ability|p1a: Eternatus|Pressure\n|turn|10\n|\n|t:|1698413678\n|move|p2a: Scizor|Bullet Punch|p1a: Eternatus\n|-damage|p1a: Eternatus|47\/100\n|move|p1a: Eternatus|Flamethrower|p2a: Scizor\n|-supereffective|p2a: Scizor\n|-damage|p2a: Scizor|0 fnt\n|faint|p2a: Scizor\n|-damage|p1a: Eternatus|37\/100|[from] item: Life Orb\n|\n|-fieldend|move: Electric Terrain\n|upkeep\n|inactive|wewss has 120 seconds left.\n|\n|t:|1698413699\n|switch|p2a: Zacian|Zacian-Crowned|100\/100\n|-activate|p2a: Zacian|move: Sticky Web\n|-unboost|p2a: Zacian|spe|1\n|-ability|p2a: Zacian|Intrepid Sword|boost\n|-boost|p2a: Zacian|atk|1\n|turn|11\n|\n|t:|1698413706\n|move|p1a: Eternatus|Flamethrower|p2a: Zacian\n|-supereffective|p2a: Zacian\n|-damage|p2a: Zacian|9\/100\n|-damage|p1a: Eternatus|27\/100|[from] item: Life Orb\n|move|p2a: Zacian|Swords Dance|p2a: Zacian\n|-boost|p2a: Zacian|atk|2\n|\n|upkeep\n|turn|12\n|\n|t:|1698413716\n|move|p1a: Eternatus|Flamethrower|p2a: Zacian\n|-supereffective|p2a: Zacian\n|-damage|p2a: Zacian|0 fnt\n|faint|p2a: Zacian\n|-damage|p1a: Eternatus|17\/100|[from] item: Life Orb\n|\n|upkeep\n|\n|t:|1698413725\n|switch|p2a: Miraidon|Miraidon|50\/100\n|-activate|p2a: Miraidon|move: Sticky Web\n|-unboost|p2a: Miraidon|spe|1\n|-fieldstart|move: Electric Terrain|[from] ability: Hadron Engine|[of] p2a: Miraidon\n|turn|13\n|inactive|wewss has 120 seconds left.\n|\n|t:|1698413741\n|move|p2a: Miraidon|Volt Switch|p1a: Eternatus\n|-resisted|p1a: Eternatus\n|-damage|p1a: Eternatus|0 fnt\n|faint|p1a: Eternatus\n|inactive|wewss has 120 seconds left.\n|\n|t:|1698413748\n|switch|p2a: Kyogre|Kyogre|100\/100|[from] Volt Switch\n|-activate|p2a: Kyogre|move: Sticky Web\n|-unboost|p2a: Kyogre|spe|1\n|-weather|RainDance|[from] ability: Drizzle|[of] p2a: Kyogre\n|\n|-weather|RainDance|[upkeep]\n|upkeep\n|\n|t:|1698413762\n|switch|p1a: BallOnAHorse|Calyrex-Shadow|100\/100\n|-ability|p1a: BallOnAHorse|As One\n|-ability|p1a: BallOnAHorse|Unnerve\n|turn|14\n|\n|t:|1698413774\n|move|p1a: BallOnAHorse|Giga Drain|p2a: Kyogre\n|-supereffective|p2a: Kyogre\n|-damage|p2a: Kyogre|54\/100\n|move|p2a: Kyogre|Origin Pulse|p1a: BallOnAHorse\n|-crit|p1a: BallOnAHorse\n|-enditem|p1a: BallOnAHorse|Focus Sash\n|-damage|p1a: BallOnAHorse|1\/100\n|\n|-weather|RainDance|[upkeep]\n|upkeep\n|turn|15\n|\n|t:|1698413785\n|move|p1a: BallOnAHorse|Astral Barrage|p2a: Kyogre\n|-damage|p2a: Kyogre|0 fnt\n|faint|p2a: Kyogre\n|-ability|p1a: BallOnAHorse|Grim Neigh|boost\n|-boost|p1a: BallOnAHorse|spa|1\n|\n|-weather|RainDance|[upkeep]\n|upkeep\n|\n|t:|1698413794\n|switch|p2a: Basculegion|Basculegion, M, shiny|100\/100\n|-activate|p2a: Basculegion|move: Sticky Web\n|-unboost|p2a: Basculegion|spe|1\n|turn|16\n|\n|t:|1698413803\n|move|p2a: Basculegion|Aqua Jet|p1a: BallOnAHorse\n|-damage|p1a: BallOnAHorse|0 fnt\n|faint|p1a: BallOnAHorse\n|\n|-weather|RainDance|[upkeep]\n|upkeep\n|\n|t:|1698413806\n|switch|p1a: Rapidash-metal|Zacian-Crowned|100\/100\n|-ability|p1a: Rapidash-metal|Intrepid Sword|boost\n|-boost|p1a: Rapidash-metal|atk|1\n|turn|17\n|\n|t:|1698413825\n|move|p1a: Rapidash-metal|Behemoth Blade|p2a: Basculegion\n|-resisted|p2a: Basculegion\n|-damage|p2a: Basculegion|46\/100\n|move|p2a: Basculegion|Last Respects|p1a: Rapidash-metal\n|-damage|p1a: Rapidash-metal|0 fnt\n|faint|p1a: Rapidash-metal\n|\n|-weather|none\n|-fieldend|move: Electric Terrain\n|upkeep\n|\n|t:|1698413829\n|switch|p1a: Iron Treads|Iron Treads|100\/100\n|-enditem|p1a: Iron Treads|Booster Energy\n|-activate|p1a: Iron Treads|ability: Quark Drive|[fromitem]\n|-start|p1a: Iron Treads|quarkdrivespe\n|turn|18\n|\n|t:|1698413842\n|move|p1a: Iron Treads|Earthquake|p2a: Basculegion\n|-damage|p2a: Basculegion|0 fnt\n|faint|p2a: Basculegion\n|\n|upkeep\n|\n|t:|1698413852\n|switch|p2a: Miraidon|Miraidon|50\/100\n|-activate|p2a: Miraidon|move: Sticky Web\n|-unboost|p2a: Miraidon|spe|1\n|-fieldstart|move: Electric Terrain|[from] ability: Hadron Engine|[of] p2a: Miraidon\n|turn|19\n|\n|t:|1698413864\n|-terastallize|p2a: Miraidon|Electric\n|move|p1a: Iron Treads|Earthquake|p2a: Miraidon\n|-supereffective|p2a: Miraidon\n|-damage|p2a: Miraidon|0 fnt\n|faint|p2a: Miraidon\n|\n|win|Ureter\n|raw|Ureter's rating: 1413 &rarr; <strong>1430<\/strong><br \/>(+17 for winning)\n|raw|wewss's rating: 1352 &rarr; <strong>1335<\/strong><br \/>(-17 for losing)\n","uploadtime":1698413874,"views":11,"p1id":"ureter","p2id":"wewss","formatid":"gen9anythinggoes","rating":1335,"private":0,"password":""}