{"id":"gen9anythinggoes-1989364559","p1":"snmpluto","p2":"MAMADEAL","format":"[Gen 9] Anything Goes","log":"|j|\u2606snmpluto\n|j|\u2606MAMADEAL\n|t:|1699841123\n|gametype|singles\n|player|p1|snmpluto|caitlin|\n|player|p2|MAMADEAL|102|\n|teamsize|p1|6\n|teamsize|p2|6\n|gen|9\n|tier|[Gen 9] Anything Goes\n|rule|HP Percentage Mod: HP is shown in percentages\n|rule|Endless Battle Clause: Forcing endless battles is banned\n|clearpoke\n|poke|p1|Giratina-Origin|\n|poke|p1|Meowscarada, F|\n|poke|p1|Palafin, M|\n|poke|p1|Iron Leaves|\n|poke|p1|Meowscarada, F|\n|poke|p1|Groudon|\n|poke|p2|Samurott-Hisui, M|\n|poke|p2|Typhlosion-Hisui, M|\n|poke|p2|Sneasler, F|\n|poke|p2|Glimmora, M|\n|poke|p2|Garganacl, M|\n|poke|p2|Skeledirge, M|\n|teampreview\n|j| Nwapple\n|\n|t:|1699841129\n|start\n|switch|p1a: hewo|Meowscarada, F, shiny|100\/100\n|switch|p2a: Glimmora|Glimmora, M|100\/100\n|turn|1\n|\n|t:|1699841143\n|move|p1a: hewo|Spikes|p2a: Glimmora\n|-sidestart|p2: MAMADEAL|Spikes\n|move|p2a: Glimmora|Stealth Rock|p1a: hewo\n|-sidestart|p1: snmpluto|move: Stealth Rock\n|\n|upkeep\n|turn|2\n|\n|t:|1699841148\n|move|p1a: hewo|Spikes|p2a: Glimmora\n|-sidestart|p2: MAMADEAL|Spikes\n|move|p2a: Glimmora|Sludge Wave|p1a: hewo\n|-supereffective|p1a: hewo\n|-damage|p1a: hewo|0 fnt\n|faint|p1a: hewo\n|\n|upkeep\n|\n|t:|1699841157\n|switch|p1a: weed cat|Meowscarada, F|100\/100\n|-damage|p1a: weed cat|88\/100|[from] Stealth Rock\n|turn|3\n|\n|t:|1699841162\n|-terastallize|p1a: weed cat|Poison\n|move|p1a: weed cat|Knock Off|p2a: Glimmora\n|-damage|p2a: Glimmora|49\/100\n|-activate|p2a: Glimmora|ability: Toxic Debris\n|-sidestart|p1: snmpluto|move: Toxic Spikes\n|-enditem|p2a: Glimmora|Heavy-Duty Boots|[from] move: Knock Off|[of] p1a: weed cat\n|move|p2a: Glimmora|Mortal Spin|p1a: weed cat\n|-resisted|p1a: weed cat\n|-damage|p1a: weed cat|83\/100\n|-sideend|p2: MAMADEAL|Spikes|[from] move: Mortal Spin|[of] p2a: Glimmora\n|\n|-heal|p1a: weed cat|89\/100|[from] item: Leftovers\n|upkeep\n|turn|4\n|\n|t:|1699841188\n|move|p1a: weed cat|Nasty Plot|p1a: weed cat\n|-boost|p1a: weed cat|spa|2\n|move|p2a: Glimmora|Power Gem|p1a: weed cat\n|-damage|p1a: weed cat|28\/100\n|\n|-heal|p1a: weed cat|34\/100|[from] item: Leftovers\n|upkeep\n|turn|5\n|\n|t:|1699841217\n|move|p1a: weed cat|Giga Drain|p2a: Glimmora\n|-damage|p2a: Glimmora|0 fnt\n|-heal|p1a: weed cat|60\/100|[from] drain|[of] p2a: Glimmora\n|faint|p2a: Glimmora\n|\n|-heal|p1a: weed cat|66\/100|[from] item: Leftovers\n|upkeep\n|\n|t:|1699841263\n|switch|p2a: Sneasler|Sneasler, F|100\/100\n|turn|6\n|\n|t:|1699841266\n|move|p2a: Sneasler|Fake Out|p1a: weed cat\n|-damage|p1a: weed cat|39\/100\n|cant|p1a: weed cat|flinch\n|\n|-heal|p1a: weed cat|45\/100|[from] item: Leftovers\n|upkeep\n|turn|7\n|\n|t:|1699841276\n|move|p1a: weed cat|Knock Off|p2a: Sneasler\n|-resisted|p2a: Sneasler\n|-damage|p2a: Sneasler|62\/100\n|-enditem|p2a: Sneasler|White Herb|[from] move: Knock Off|[of] p1a: weed cat\n|move|p2a: Sneasler|Swords Dance|p2a: Sneasler\n|-boost|p2a: Sneasler|atk|2\n|\n|-heal|p1a: weed cat|51\/100|[from] item: Leftovers\n|upkeep\n|turn|8\n|\n|t:|1699841288\n|move|p2a: Sneasler|Close Combat|p1a: weed cat\n|-resisted|p1a: weed cat\n|-damage|p1a: weed cat|0 fnt\n|-unboost|p2a: Sneasler|def|1\n|-unboost|p2a: Sneasler|spd|1\n|faint|p1a: weed cat\n|\n|upkeep\n|\n|t:|1699841296\n|switch|p1a: i am here!!!|Palafin, M, shiny|100\/100\n|-damage|p1a: i am here!!!|88\/100|[from] Stealth Rock\n|-status|p1a: i am here!!!|psn\n|turn|9\n|\n|t:|1699841309\n|detailschange|p1a: i am here!!!|Palafin-Hero, M, shiny\n|switch|p1a: robot thing|Iron Leaves|100\/100\n|-damage|p1a: robot thing|88\/100|[from] Stealth Rock\n|-status|p1a: robot thing|psn\n|move|p2a: Sneasler|Close Combat|p1a: robot thing\n|-resisted|p1a: robot thing\n|-damage|p1a: robot thing|6\/100 psn\n|-unboost|p2a: Sneasler|def|1\n|-unboost|p2a: Sneasler|spd|1\n|-damage|p2a: Sneasler|45\/100|[from] item: Rocky Helmet|[of] p1a: robot thing\n|\n|-damage|p1a: robot thing|0 fnt|[from] psn\n|faint|p1a: robot thing\n|-end|p1a: robot thing|Quark Drive|[silent]\n|upkeep\n|\n|t:|1699841316\n|switch|p1a: Slowbro|Giratina-Origin, shiny|100\/100\n|-damage|p1a: Slowbro|88\/100|[from] Stealth Rock\n|turn|10\n|\n|t:|1699841325\n|move|p2a: Sneasler|Dire Claw|p1a: Slowbro\n|-resisted|p1a: Slowbro\n|-damage|p1a: Slowbro|58\/100\n|-status|p1a: Slowbro|psn\n|move|p1a: Slowbro|Calm Mind|p1a: Slowbro\n|-boost|p1a: Slowbro|spa|1\n|-boost|p1a: Slowbro|spd|1\n|\n|-damage|p1a: Slowbro|46\/100 psn|[from] psn\n|upkeep\n|turn|11\n|\n|t:|1699841335\n|move|p2a: Sneasler|Dire Claw|p1a: Slowbro\n|-resisted|p1a: Slowbro\n|-damage|p1a: Slowbro|15\/100 psn\n|move|p1a: Slowbro|Draco Meteor|p2a: Sneasler\n|-damage|p2a: Sneasler|0 fnt\n|-unboost|p1a: Slowbro|spa|2\n|faint|p2a: Sneasler\n|\n|-damage|p1a: Slowbro|3\/100 psn|[from] psn\n|upkeep\n|\n|t:|1699841377\n|switch|p2a: Samurott|Samurott-Hisui, M|100\/100\n|turn|12\n|\n|t:|1699841397\n|move|p2a: Samurott|Ceaseless Edge|p1a: Slowbro\n|-supereffective|p1a: Slowbro\n|-damage|p1a: Slowbro|0 fnt\n|-sidestart|p1: snmpluto|Spikes\n|faint|p1a: Slowbro\n|-damage|p2a: Samurott|91\/100|[from] item: Life Orb\n|\n|upkeep\n|\n|t:|1699841402\n|switch|p1a: i am here!!!|Palafin-Hero, M, shiny|88\/100 psn\n|-damage|p1a: i am here!!!|76\/100 psn|[from] Stealth Rock\n|-damage|p1a: i am here!!!|63\/100 psn|[from] Spikes\n|-activate|p1a: i am here!!!|ability: Zero to Hero\n|turn|13\n|\n|t:|1699841424\n|move|p2a: Samurott|Ceaseless Edge|p1a: i am here!!!|[miss]\n|-miss|p2a: Samurott|p1a: i am here!!!\n|move|p1a: i am here!!!|Outrage|p2a: Samurott\n|-damage|p2a: Samurott|38\/100\n|\n|-damage|p1a: i am here!!!|51\/100 psn|[from] psn\n|upkeep\n|turn|14\n|\n|t:|1699841432\n|move|p2a: Samurott|Ceaseless Edge|p1a: i am here!!!\n|-damage|p1a: i am here!!!|0 fnt\n|-sidestart|p1: snmpluto|Spikes\n|faint|p1a: i am here!!!\n|-damage|p2a: Samurott|28\/100|[from] item: Life Orb\n|\n|upkeep\n|\n|t:|1699841438\n|switch|p1a: big scary!!!!!|Groudon|100\/100\n|-damage|p1a: big scary!!!!!|94\/100|[from] Stealth Rock\n|-status|p1a: big scary!!!!!|psn\n|-damage|p1a: big scary!!!!!|78\/100 psn|[from] Spikes\n|-weather|SunnyDay|[from] ability: Drought|[of] p1a: big scary!!!!!\n|turn|15\n|\n|t:|1699841445\n|move|p1a: big scary!!!!!|Hammer Arm|p2a: Samurott\n|-supereffective|p2a: Samurott\n|-damage|p2a: Samurott|0 fnt\n|-unboost|p1a: big scary!!!!!|spe|1\n|faint|p2a: Samurott\n|\n|-weather|SunnyDay|[upkeep]\n|-damage|p1a: big scary!!!!!|66\/100 psn|[from] psn\n|upkeep\n|\n|t:|1699841460\n|switch|p2a: Skeledirge|Skeledirge, M|100\/100\n|turn|16\n|\n|t:|1699841486\n|move|p1a: big scary!!!!!|Precipice Blades|p2a: Skeledirge\n|-supereffective|p2a: Skeledirge\n|-crit|p2a: Skeledirge\n|-damage|p2a: Skeledirge|0 fnt\n|faint|p2a: Skeledirge\n|\n|-weather|SunnyDay|[upkeep]\n|-damage|p1a: big scary!!!!!|53\/100 psn|[from] psn\n|upkeep\n|\n|t:|1699841494\n|switch|p2a: Garganacl|Garganacl, M|100\/100\n|turn|17\n|\n|t:|1699841503\n|move|p1a: big scary!!!!!|Precipice Blades|p2a: Garganacl\n|-supereffective|p2a: Garganacl\n|-damage|p2a: Garganacl|6\/100\n|move|p2a: Garganacl|Salt Cure|p1a: big scary!!!!!\n|-resisted|p1a: big scary!!!!!\n|-damage|p1a: big scary!!!!!|49\/100 psn\n|-start|p1a: big scary!!!!!|Salt Cure\n|\n|-weather|SunnyDay|[upkeep]\n|-heal|p2a: Garganacl|13\/100|[from] item: Leftovers\n|-damage|p1a: big scary!!!!!|36\/100 psn|[from] psn\n|-damage|p1a: big scary!!!!!|24\/100 psn|[from] Salt Cure\n|upkeep\n|turn|18\n|\n|t:|1699841514\n|move|p1a: big scary!!!!!|Precipice Blades|p2a: Garganacl\n|-supereffective|p2a: Garganacl\n|-damage|p2a: Garganacl|0 fnt\n|faint|p2a: Garganacl\n|\n|-weather|SunnyDay|[upkeep]\n|-damage|p1a: big scary!!!!!|12\/100 psn|[from] psn\n|-damage|p1a: big scary!!!!!|0 fnt|[from] Salt Cure\n|faint|p1a: big scary!!!!!\n|\n|win|MAMADEAL\n|upkeep\n","uploadtime":1699841527,"views":13,"p1id":"snmpluto","p2id":"mamadeal","formatid":"gen9anythinggoes","rating":0,"private":0,"password":""}