{"id":"gen9anythinggoes-1977605761","p1":"twerpymebs","p2":"MelancholyBill","format":"[Gen 9] Anything Goes","log":"|j|\u203dtwerpymebs\n|j|\u2606MelancholyBill\n|t:|1698431244\n|gametype|singles\n|player|p1|twerpymebs|unknown|1451\n|player|p2|MelancholyBill|benga|1389\n|teamsize|p1|6\n|teamsize|p2|6\n|gen|9\n|tier|[Gen 9] Anything Goes\n|rated|\n|rule|HP Percentage Mod: HP is shown in percentages\n|rule|Endless Battle Clause: Forcing endless battles is banned\n|clearpoke\n|poke|p1|Spinarak, M|\n|poke|p1|Urshifu-*, M|\n|poke|p1|Miraidon|\n|poke|p1|Bruxish, M|\n|poke|p1|Bergmite, M|\n|poke|p1|Trevenant, M|\n|poke|p2|Salamence, M|\n|poke|p2|Quaquaval, M|\n|poke|p2|Vikavolt, M|\n|poke|p2|Ting-Lu|\n|poke|p2|Toxapex, F|\n|poke|p2|Ceruledge, M|\n|teampreview\n|\n|t:|1698431275\n|start\n|switch|p1a: Spinarak|Spinarak, M|100\/100\n|switch|p2a: Wammu|Ting-Lu|100\/100\n|-ability|p2a: Wammu|Vessel of Ruin\n|turn|1\n|\n|t:|1698431292\n|move|p1a: Spinarak|Sticky Web|p2a: Wammu\n|-sidestart|p2: MelancholyBill|move: Sticky Web\n|move|p2a: Wammu|Stealth Rock|p1a: Spinarak\n|-sidestart|p1: twerpymebs|move: Stealth Rock\n|\n|upkeep\n|turn|2\n|\n|t:|1698431316\n|move|p1a: Spinarak|Toxic|p2a: Wammu\n|-status|p2a: Wammu|tox\n|move|p2a: Wammu|Spikes|p1a: Spinarak\n|-sidestart|p1: twerpymebs|Spikes\n|\n|-damage|p2a: Wammu|94\/100 tox|[from] psn\n|upkeep\n|turn|3\n|\n|t:|1698431319\n|move|p1a: Spinarak|Infestation|p2a: Wammu\n|-supereffective|p2a: Wammu\n|-damage|p2a: Wammu|90\/100 tox\n|-activate|p2a: Wammu|move: Infestation|[of] p1a: Spinarak\n|move|p2a: Wammu|Spikes|p1a: Spinarak\n|-sidestart|p1: twerpymebs|Spikes\n|\n|-heal|p2a: Wammu|97\/100 tox|[from] item: Leftovers\n|-damage|p2a: Wammu|84\/100 tox|[from] psn\n|-damage|p2a: Wammu|72\/100 tox|[from] move: Infestation|[partiallytrapped]\n|upkeep\n|turn|4\n|\n|t:|1698431323\n|move|p1a: Spinarak|Infestation|p2a: Wammu\n|-supereffective|p2a: Wammu\n|-damage|p2a: Wammu|68\/100 tox\n|move|p2a: Wammu|Spikes|p1a: Spinarak\n|-sidestart|p1: twerpymebs|Spikes\n|\n|-heal|p2a: Wammu|74\/100 tox|[from] item: Leftovers\n|-damage|p2a: Wammu|55\/100 tox|[from] psn\n|-damage|p2a: Wammu|43\/100 tox|[from] move: Infestation|[partiallytrapped]\n|upkeep\n|turn|5\n|\n|t:|1698431326\n|move|p1a: Spinarak|Protect|p1a: Spinarak\n|-singleturn|p1a: Spinarak|Protect\n|move|p2a: Wammu|Earthquake|p1a: Spinarak\n|-activate|p1a: Spinarak|move: Protect\n|\n|-heal|p2a: Wammu|49\/100 tox|[from] item: Leftovers\n|-damage|p2a: Wammu|24\/100 tox|[from] psn\n|-damage|p2a: Wammu|12\/100 tox|[from] move: Infestation|[partiallytrapped]\n|upkeep\n|turn|6\n|\n|t:|1698431329\n|move|p1a: Spinarak|Infestation|p2a: Wammu\n|-supereffective|p2a: Wammu\n|-damage|p2a: Wammu|7\/100 tox\n|move|p2a: Wammu|Whirlwind|p1a: Spinarak\n|drag|p1a: Miraidon|Miraidon|100\/100\n|-damage|p1a: Miraidon|88\/100|[from] Stealth Rock\n|-damage|p1a: Miraidon|63\/100|[from] Spikes\n|-fieldstart|move: Electric Terrain|[from] ability: Hadron Engine|[of] p1a: Miraidon\n|\n|-heal|p2a: Wammu|13\/100 tox|[from] item: Leftovers\n|-damage|p2a: Wammu|0 fnt|[from] psn\n|faint|p2a: Wammu\n|upkeep\n|\n|t:|1698431334\n|switch|p2a: Echo Act 2|Vikavolt, M|100\/100\n|turn|7\n|\n|t:|1698431339\n|move|p1a: Miraidon|Electro Drift|p2a: Echo Act 2\n|-resisted|p2a: Echo Act 2\n|-damage|p2a: Echo Act 2|25\/100\n|-damage|p1a: Miraidon|53\/100|[from] item: Life Orb\n|move|p2a: Echo Act 2|Sticky Web|p1a: Miraidon\n|-sidestart|p1: twerpymebs|move: Sticky Web\n|\n|upkeep\n|turn|8\n|\n|t:|1698431348\n|move|p1a: Miraidon|Electro Drift|p2a: Echo Act 2\n|-resisted|p2a: Echo Act 2\n|-damage|p2a: Echo Act 2|0 fnt\n|faint|p2a: Echo Act 2\n|-damage|p1a: Miraidon|43\/100|[from] item: Life Orb\n|\n|upkeep\n|\n|t:|1698431356\n|switch|p2a: The Hand|Quaquaval, M|100\/100\n|-activate|p2a: The Hand|move: Sticky Web\n|-unboost|p2a: The Hand|spe|1\n|turn|9\n|\n|t:|1698431363\n|move|p1a: Miraidon|Electro Drift|p2a: The Hand\n|-supereffective|p2a: The Hand\n|-damage|p2a: The Hand|0 fnt\n|faint|p2a: The Hand\n|-damage|p1a: Miraidon|33\/100|[from] item: Life Orb\n|\n|upkeep\n|\n|t:|1698431365\n|switch|p2a: Meanie|Toxapex, F, shiny|100\/100\n|-activate|p2a: Meanie|move: Sticky Web\n|-unboost|p2a: Meanie|spe|1\n|turn|10\n|\n|t:|1698431369\n|move|p2a: Meanie|Baneful Bunker|p2a: Meanie\n|-singleturn|p2a: Meanie|move: Protect\n|move|p1a: Miraidon|Calm Mind|p1a: Miraidon\n|-boost|p1a: Miraidon|spa|1\n|-boost|p1a: Miraidon|spd|1\n|\n|-fieldend|move: Electric Terrain\n|upkeep\n|turn|11\n|c|\u2606MelancholyBill|I see\n|\n|t:|1698431379\n|move|p1a: Miraidon|Electro Drift|p2a: Meanie\n|-supereffective|p2a: Meanie\n|-damage|p2a: Meanie|0 fnt\n|-damage|p1a: Miraidon|17\/100|[from] item: Rocky Helmet|[of] p2a: Meanie\n|faint|p2a: Meanie\n|-damage|p1a: Miraidon|7\/100|[from] item: Life Orb\n|\n|upkeep\n|\n|t:|1698431381\n|switch|p2a: Silver Chariot|Ceruledge, M|100\/100\n|-activate|p2a: Silver Chariot|move: Sticky Web\n|-unboost|p2a: Silver Chariot|spe|1\n|turn|12\n|\n|t:|1698431389\n|move|p2a: Silver Chariot|Shadow Sneak|p1a: Miraidon\n|-damage|p1a: Miraidon|0 fnt\n|faint|p1a: Miraidon\n|\n|upkeep\n|\n|t:|1698431401\n|switch|p1a: Bruxish|Bruxish, M|100\/100\n|-damage|p1a: Bruxish|88\/100|[from] Stealth Rock\n|-damage|p1a: Bruxish|63\/100|[from] Spikes\n|-activate|p1a: Bruxish|move: Sticky Web\n|-unboost|p1a: Bruxish|spe|1\n|turn|13\n|\n|t:|1698431407\n|-terastallize|p1a: Bruxish|Water\n|move|p2a: Silver Chariot|Shadow Sneak|p1a: Bruxish\n|-damage|p1a: Bruxish|29\/100\n|move|p1a: Bruxish|Crunch|p2a: Silver Chariot\n|-supereffective|p2a: Silver Chariot\n|-damage|p2a: Silver Chariot|0 fnt\n|faint|p2a: Silver Chariot\n|\n|upkeep\n|\n|t:|1698431410\n|switch|p2a: Salamanca|Salamence, M|100\/100\n|turn|14\n|\n|t:|1698431412\n|move|p2a: Salamanca|Dragon Dance|p2a: Salamanca\n|-boost|p2a: Salamanca|atk|1\n|-boost|p2a: Salamanca|spe|1\n|move|p1a: Bruxish|Psychic Fangs|p2a: Salamanca\n|-damage|p2a: Salamanca|23\/100\n|\n|upkeep\n|turn|15\n|\n|t:|1698431418\n|move|p1a: Bruxish|Aqua Jet|p2a: Salamanca\n|-resisted|p2a: Salamanca\n|-damage|p2a: Salamanca|8\/100\n|move|p2a: Salamanca|Dragon Claw|p1a: Bruxish\n|-damage|p1a: Bruxish|0 fnt\n|faint|p1a: Bruxish\n|-ability|p2a: Salamanca|Moxie|boost\n|-boost|p2a: Salamanca|atk|1\n|\n|upkeep\n|\n|t:|1698431426\n|switch|p1a: Bergmite|Bergmite, M|100\/100\n|turn|16\n|\n|t:|1698431430\n|-terastallize|p2a: Salamanca|Fire\n|move|p2a: Salamanca|Tera Blast|p1a: Bergmite|[anim] Tera Blast Fire\n|-supereffective|p1a: Bergmite\n|-ability|p1a: Bergmite|Sturdy\n|-damage|p1a: Bergmite|1\/100\n|move|p1a: Bergmite|Icy Wind|p2a: Salamanca\n|-resisted|p2a: Salamanca\n|-damage|p2a: Salamanca|1\/100\n|-unboost|p2a: Salamanca|spe|1\n|\n|upkeep\n|turn|17\n|\n|t:|1698431439\n|move|p2a: Salamanca|Tera Blast|p1a: Bergmite|[anim] Tera Blast Fire\n|-supereffective|p1a: Bergmite\n|-damage|p1a: Bergmite|0 fnt\n|faint|p1a: Bergmite\n|-ability|p2a: Salamanca|Moxie|boost\n|-boost|p2a: Salamanca|atk|1\n|\n|upkeep\n|\n|t:|1698431446\n|switch|p1a: Urshifu|Urshifu-Rapid-Strike, M|100\/100\n|-damage|p1a: Urshifu|94\/100|[from] Stealth Rock\n|-damage|p1a: Urshifu|69\/100|[from] Spikes\n|-activate|p1a: Urshifu|move: Sticky Web\n|-unboost|p1a: Urshifu|spe|1\n|turn|18\n|\n|t:|1698431449\n|move|p2a: Salamanca|Dragon Claw|p1a: Urshifu\n|-damage|p1a: Urshifu|0 fnt\n|faint|p1a: Urshifu\n|-ability|p2a: Salamanca|Moxie|boost\n|-boost|p2a: Salamanca|atk|1\n|\n|upkeep\n|\n|t:|1698431452\n|switch|p1a: Trevenant|Trevenant, M, shiny|100\/100\n|-damage|p1a: Trevenant|88\/100|[from] Stealth Rock\n|-damage|p1a: Trevenant|64\/100|[from] Spikes\n|-activate|p1a: Trevenant|move: Sticky Web\n|-unboost|p1a: Trevenant|spe|1\n|turn|19\n|\n|t:|1698431457\n|move|p2a: Salamanca|Tera Blast|p1a: Trevenant|[anim] Tera Blast Fire\n|-supereffective|p1a: Trevenant\n|-damage|p1a: Trevenant|0 fnt\n|faint|p1a: Trevenant\n|-ability|p2a: Salamanca|Moxie|boost\n|-boost|p2a: Salamanca|atk|1\n|\n|upkeep\n|\n|t:|1698431460\n|switch|p1a: Spinarak|Spinarak, M|100\/100\n|-damage|p1a: Spinarak|76\/100|[from] Stealth Rock\n|-damage|p1a: Spinarak|51\/100|[from] Spikes\n|-activate|p1a: Spinarak|move: Sticky Web\n|-unboost|p1a: Spinarak|spe|1\n|turn|20\n|\n|t:|1698431461\n|move|p2a: Salamanca|Tera Blast|p1a: Spinarak|[anim] Tera Blast Fire\n|-supereffective|p1a: Spinarak\n|-damage|p1a: Spinarak|0 fnt\n|faint|p1a: Spinarak\n|\n|win|MelancholyBill\n|raw|twerpymebs's rating: 1451 &rarr; <strong>1427<\/strong><br \/>(-24 for losing)\n|raw|MelancholyBill's rating: 1389 &rarr; <strong>1413<\/strong><br \/>(+24 for winning)\n|l|\u203dtwerpymebs\n|c|\u2606MelancholyBill|Holy\n|c|\u2606MelancholyBill|Gg\n","uploadtime":1698431471,"views":8,"p1id":"twerpymebs","p2id":"melancholybill","formatid":"gen9anythinggoes","rating":1413,"private":0,"password":""}