{"id":"gen9anythinggoes-1978288613","p1":"AbcdGhostttBoo","p2":"Hannyah","format":"[Gen 9] Anything Goes","log":"|j|\u2606AbcdGhostttBoo\n|j|\u2606Hannyah\n|t:|1698521268\n|gametype|singles\n|player|p1|AbcdGhostttBoo|rocketgruntf|\n|player|p2|Hannyah|caitlin|\n|teamsize|p1|6\n|teamsize|p2|6\n|gen|9\n|tier|[Gen 9] Anything Goes\n|rule|HP Percentage Mod: HP is shown in percentages\n|rule|Endless Battle Clause: Forcing endless battles is banned\n|clearpoke\n|poke|p1|Corviknight, M|\n|poke|p1|Talonflame, F|\n|poke|p1|Mandibuzz, F|\n|poke|p1|Pelipper, F|\n|poke|p1|Kilowattrel, M|\n|poke|p1|Thundurus, M|\n|poke|p2|Ninetales-Alola, F|\n|poke|p2|Glaceon, F|\n|poke|p2|Articuno|\n|poke|p2|Weavile, M|\n|poke|p2|Eiscue, M|\n|poke|p2|Chien-Pao|\n|teampreview\n|\n|t:|1698521276\n|start\n|switch|p1a: Knight|Corviknight, M|100\/100\n|switch|p2a: Prime|Ninetales-Alola, F|100\/100\n|turn|1\n|\n|t:|1698521287\n|-terastallize|p2a: Prime|Ice\n|move|p2a: Prime|Blizzard|p1a: Knight\n|-crit|p1a: Knight\n|-damage|p1a: Knight|13\/100\n|move|p1a: Knight|Brave Bird|p2a: Prime\n|-damage|p2a: Prime|47\/100\n|-damage|p1a: Knight|0 fnt|[from] Recoil\n|faint|p1a: Knight\n|\n|upkeep\n|\n|t:|1698521297\n|switch|p1a: Talon|Talonflame, F|100\/100\n|turn|2\n|\n|t:|1698521302\n|move|p2a: Prime|Blizzard|p1a: Talon|[miss]\n|-miss|p2a: Prime|p1a: Talon\n|move|p1a: Talon|Dual Wingbeat|p2a: Prime\n|-damage|p2a: Prime|27\/100\n|-damage|p2a: Prime|4\/100\n|-hitcount|p2a: Prime|2\n|\n|upkeep\n|turn|3\n|\n|t:|1698521310\n|move|p2a: Prime|Blizzard|p1a: Talon|[miss]\n|-miss|p2a: Prime|p1a: Talon\n|move|p1a: Talon|Dual Wingbeat|p2a: Prime\n|-damage|p2a: Prime|0 fnt\n|faint|p2a: Prime\n|-hitcount|p2: Prime|1\n|\n|upkeep\n|\n|t:|1698521319\n|switch|p2a: Mr yay|Eiscue, M|100\/100\n|turn|4\n|\n|t:|1698521323\n|move|p1a: Talon|Dual Wingbeat|p2a: Mr yay\n|-activate|p2a: Mr yay|ability: Ice Face\n|-damage|p2a: Mr yay|100\/100\n|detailschange|p2a: Mr yay|Eiscue-Noice, M\n|-damage|p2a: Mr yay|79\/100\n|-hitcount|p2a: Mr yay|2\n|move|p2a: Mr yay|Avalanche|p1a: Talon\n|-damage|p1a: Talon|57\/100\n|-status|p2a: Mr yay|brn|[from] ability: Flame Body|[of] p1a: Talon\n|\n|-damage|p2a: Mr yay|73\/100 brn|[from] brn\n|upkeep\n|turn|5\n|\n|t:|1698521338\n|move|p2a: Mr yay|Blizzard|p1a: Talon\n|-damage|p1a: Talon|14\/100\n|move|p1a: Talon|Flamethrower|p2a: Mr yay\n|-supereffective|p2a: Mr yay\n|-damage|p2a: Mr yay|0 fnt\n|faint|p2a: Mr yay\n|\n|upkeep\n|\n|t:|1698521345\n|switch|p2a: Weedle|Weavile, M|100\/100\n|-ability|p2a: Weedle|Pressure\n|turn|6\n|\n|t:|1698521351\n|switch|p1a: Mandi|Mandibuzz, F, shiny|100\/100\n|-singleturn|p2a: Weedle|move: Focus Punch\n|move|p2a: Weedle|Focus Punch|p1a: Mandi\n|-damage|p1a: Mandi|62\/100\n|-ability|p1a: Mandi|Weak Armor|boost\n|-unboost|p1a: Mandi|def|1\n|-boost|p1a: Mandi|spe|2\n|\n|-heal|p1a: Mandi|68\/100|[from] item: Leftovers\n|upkeep\n|turn|7\n|\n|t:|1698521369\n|move|p1a: Mandi|Dual Wingbeat|p2a: Weedle\n|-damage|p2a: Weedle|81\/100\n|-damage|p2a: Weedle|59\/100\n|-hitcount|p2a: Weedle|2\n|move|p2a: Weedle|Blizzard|p1a: Mandi\n|-supereffective|p1a: Mandi\n|-damage|p1a: Mandi|18\/100\n|\n|-heal|p1a: Mandi|24\/100|[from] item: Leftovers\n|upkeep\n|turn|8\n|\n|t:|1698521379\n|-singleturn|p2a: Weedle|move: Focus Punch\n|move|p1a: Mandi|Air Slash|p2a: Weedle\n|-damage|p2a: Weedle|31\/100\n|cant|p2a: Weedle|Focus Punch|Focus Punch\n|\n|-heal|p1a: Mandi|30\/100|[from] item: Leftovers\n|upkeep\n|turn|9\n|\n|t:|1698521389\n|switch|p2a: Co cow|Articuno, shiny|100\/100\n|-ability|p2a: Co cow|Pressure\n|move|p1a: Mandi|Dual Wingbeat|p2a: Co cow\n|-damage|p2a: Co cow|88\/100\n|-damage|p2a: Co cow|76\/100\n|-hitcount|p2a: Co cow|2\n|\n|-heal|p1a: Mandi|36\/100|[from] item: Leftovers\n|upkeep\n|turn|10\n|\n|t:|1698521415\n|switch|p1a: Pelipper|Pelipper, F, shiny|100\/100\n|move|p2a: Co cow|Brave Bird|p1a: Pelipper\n|-damage|p1a: Pelipper|63\/100\n|-damage|p2a: Co cow|66\/100|[from] Recoil\n|\n|upkeep\n|turn|11\n|\n|t:|1698521423\n|move|p2a: Co cow|Brave Bird|p1a: Pelipper\n|-damage|p1a: Pelipper|24\/100\n|-damage|p2a: Co cow|55\/100|[from] Recoil\n|move|p1a: Pelipper|Fly||[still]\n|-prepare|p1a: Pelipper|Fly\n|\n|upkeep\n|turn|12\n|\n|t:|1698521430\n|move|p2a: Co cow|Blizzard|p1a: Pelipper|[miss]\n|-miss|p2a: Co cow|p1a: Pelipper\n|move|p1a: Pelipper|Fly|p2a: Co cow|[from]lockedmove\n|-damage|p2a: Co cow|31\/100\n|\n|upkeep\n|turn|13\n|\n|t:|1698521437\n|switch|p1a: Kilo|Kilowattrel, M|100\/100\n|move|p2a: Co cow|Blizzard|p1a: Kilo|[miss]\n|-miss|p2a: Co cow|p1a: Kilo\n|\n|upkeep\n|turn|14\n|\n|t:|1698521445\n|switch|p2a: Powpow|Chien-Pao|100\/100\n|-ability|p2a: Powpow|Sword of Ruin\n|move|p1a: Kilo|Hurricane|p2a: Powpow\n|-damage|p2a: Powpow|40\/100\n|-start|p2a: Powpow|confusion\n|\n|upkeep\n|turn|15\n|\n|t:|1698521457\n|-activate|p2a: Powpow|confusion\n|move|p2a: Powpow|Dark Pulse|p1a: Kilo\n|-damage|p1a: Kilo|50\/100\n|move|p1a: Kilo|Hurricane|p2a: Powpow\n|-damage|p2a: Powpow|0 fnt\n|faint|p2a: Powpow\n|\n|upkeep\n|\n|t:|1698521465\n|switch|p2a: Mrs yay|Glaceon, F, shiny|100\/100\n|turn|16\n|\n|t:|1698521468\n|move|p1a: Kilo|Hurricane|p2a: Mrs yay|[miss]\n|-miss|p1a: Kilo|p2a: Mrs yay\n|move|p2a: Mrs yay|Chilling Water|p1a: Kilo\n|-damage|p1a: Kilo|20\/100\n|-unboost|p1a: Kilo|atk|1\n|\n|upkeep\n|turn|17\n|\n|t:|1698521475\n|move|p1a: Kilo|Hurricane|p2a: Mrs yay|[miss]\n|-miss|p1a: Kilo|p2a: Mrs yay\n|move|p2a: Mrs yay|Chilling Water|p1a: Kilo\n|-damage|p1a: Kilo|0 fnt\n|faint|p1a: Kilo\n|\n|upkeep\n|\n|t:|1698521484\n|switch|p1a: Pelipper|Pelipper, F, shiny|24\/100\n|turn|18\n|\n|t:|1698521490\n|move|p2a: Mrs yay|Blizzard|p1a: Pelipper\n|-damage|p1a: Pelipper|0 fnt\n|faint|p1a: Pelipper\n|\n|upkeep\n|\n|t:|1698521495\n|switch|p1a: Thundur|Thundurus, M, shiny|100\/100\n|turn|19\n|\n|t:|1698521503\n|move|p1a: Thundur|Wildbolt Storm|p2a: Mrs yay\n|-damage|p2a: Mrs yay|45\/100\n|move|p2a: Mrs yay|Blizzard|p1a: Thundur\n|-supereffective|p1a: Thundur\n|-crit|p1a: Thundur\n|-damage|p1a: Thundur|0 fnt\n|faint|p1a: Thundur\n|\n|upkeep\n|\n|t:|1698521510\n|switch|p1a: Mandi|Mandibuzz, F, shiny|36\/100\n|turn|20\n|\n|t:|1698521516\n|move|p2a: Mrs yay|Blizzard|p1a: Mandi\n|-supereffective|p1a: Mandi\n|-damage|p1a: Mandi|0 fnt\n|faint|p1a: Mandi\n|\n|upkeep\n|\n|t:|1698521521\n|switch|p1a: Talon|Talonflame, F|14\/100\n|turn|21\n|\n|t:|1698521525\n|move|p1a: Talon|Flamethrower|p2a: Mrs yay\n|-supereffective|p2a: Mrs yay\n|-damage|p2a: Mrs yay|0 fnt\n|faint|p2a: Mrs yay\n|\n|upkeep\n|\n|t:|1698521529\n|switch|p2a: Co cow|Articuno, shiny|31\/100\n|-ability|p2a: Co cow|Pressure\n|turn|22\n|\n|t:|1698521533\n|move|p1a: Talon|Flamethrower|p2a: Co cow\n|-supereffective|p2a: Co cow\n|-damage|p2a: Co cow|0 fnt\n|faint|p2a: Co cow\n|\n|upkeep\n|\n|t:|1698521538\n|switch|p2a: Weedle|Weavile, M|31\/100\n|-ability|p2a: Weedle|Pressure\n|turn|23\n|\n|t:|1698521542\n|-singleturn|p2a: Weedle|move: Focus Punch\n|move|p1a: Talon|Flamethrower|p2a: Weedle\n|-supereffective|p2a: Weedle\n|-damage|p2a: Weedle|0 fnt\n|faint|p2a: Weedle\n|\n|win|AbcdGhostttBoo\n|l|\u2606Hannyah\n","uploadtime":1698521556,"views":7,"p1id":"abcdghostttboo","p2id":"hannyah","formatid":"gen9anythinggoes","rating":0,"private":0,"password":""}