{"id":"gen9anythinggoes-1994221750","p1":"Kurdeus","p2":"Cheikhlock Holmes","format":"[Gen 9] Anything Goes","log":"|j|\u2606Kurdeus\n|j|\u2606Cheikhlock Holmes\n|t:|1700420478\n|gametype|singles\n|player|p1|Kurdeus|hugh|\n|player|p2|Cheikhlock Holmes|veteran|\n|teamsize|p1|6\n|teamsize|p2|6\n|gen|9\n|tier|[Gen 9] Anything Goes\n|rule|HP Percentage Mod: HP is shown in percentages\n|rule|Endless Battle Clause: Forcing endless battles is banned\n|clearpoke\n|poke|p1|Iron Valiant|\n|poke|p1|Roaring Moon|\n|poke|p1|Hariyama, M|\n|poke|p1|Munkidori, M|\n|poke|p1|Avalugg, F|\n|poke|p1|Chandelure, F|\n|poke|p2|Gholdengo|\n|poke|p2|Noivern, M|\n|poke|p2|Weezing, M|\n|poke|p2|Ting-Lu|\n|poke|p2|Rotom-Wash|\n|poke|p2|Ursaring, M|\n|teampreview\n|\n|t:|1700420521\n|start\n|switch|p1a: Avalugg|Avalugg, F|100\/100\n|switch|p2a: Ursaring|Ursaring, M|100\/100\n|turn|1\n|\n|t:|1700420539\n|-terastallize|p2a: Ursaring|Fairy\n|move|p2a: Ursaring|Play Rough|p1a: Avalugg|[miss]\n|-miss|p2a: Ursaring|p1a: Avalugg\n|move|p1a: Avalugg|Body Press|p2a: Ursaring\n|-resisted|p2a: Ursaring\n|-damage|p2a: Ursaring|85\/100\n|\n|upkeep\n|turn|2\n|\n|t:|1700420584\n|move|p2a: Ursaring|Play Rough|p1a: Avalugg\n|-damage|p1a: Avalugg|79\/100\n|move|p1a: Avalugg|Ice Spinner|p2a: Ursaring\n|-damage|p2a: Ursaring|60\/100\n|\n|upkeep\n|turn|3\n|\n|t:|1700420598\n|switch|p2a: Weezing|Weezing, M|100\/100\n|move|p1a: Avalugg|Ice Spinner|p2a: Weezing\n|-damage|p2a: Weezing|81\/100\n|\n|-heal|p2a: Weezing|87\/100|[from] item: Black Sludge\n|upkeep\n|turn|4\n|\n|t:|1700420613\n|switch|p1a: Munkidori|Munkidori, M|100\/100\n|-item|p2a: Weezing|Black Sludge|[from] ability: Frisk|[of] p1a: Munkidori|[identify]\n|move|p2a: Weezing|Toxic|p1a: Munkidori\n|-immune|p1a: Munkidori\n|\n|-heal|p2a: Weezing|93\/100|[from] item: Black Sludge\n|upkeep\n|turn|5\n|\n|t:|1700420653\n|switch|p2a: Ting-Lu|Ting-Lu|100\/100\n|-ability|p2a: Ting-Lu|Vessel of Ruin\n|move|p1a: Munkidori|Future Sight|p2a: Ting-Lu\n|-start|p1a: Munkidori|move: Future Sight\n|\n|upkeep\n|turn|6\n|\n|t:|1700420693\n|switch|p1a: Hariyama|Hariyama, M|100\/100\n|move|p2a: Ting-Lu|Stealth Rock|p1a: Hariyama\n|-sidestart|p1: Kurdeus|move: Stealth Rock\n|\n|-status|p1a: Hariyama|brn|[from] item: Flame Orb\n|upkeep\n|turn|7\n|\n|t:|1700420717\n|switch|p2a: Rotom|Rotom-Wash|100\/100\n|move|p1a: Hariyama|Facade|p2a: Rotom\n|-damage|p2a: Rotom|43\/100\n|-damage|p1a: Hariyama|84\/100 brn|[from] item: Rocky Helmet|[of] p2a: Rotom\n|\n|-end|p2a: Rotom|move: Future Sight\n|-damage|p2a: Rotom|0 fnt\n|faint|p2a: Rotom\n|-damage|p1a: Hariyama|78\/100 brn|[from] brn\n|upkeep\n|\n|t:|1700420749\n|switch|p2a: Ursaring|Ursaring, M, tera:Fairy|60\/100\n|turn|8\n|\n|t:|1700420777\n|move|p1a: Hariyama|Bullet Punch|p2a: Ursaring\n|-supereffective|p2a: Ursaring\n|-damage|p2a: Ursaring|29\/100\n|move|p2a: Ursaring|Rest|p2a: Ursaring\n|-status|p2a: Ursaring|slp|[from] move: Rest\n|-heal|p2a: Ursaring|100\/100 slp|[silent]\n|\n|-damage|p1a: Hariyama|72\/100 brn|[from] brn\n|upkeep\n|turn|9\n|\n|t:|1700420788\n|move|p1a: Hariyama|Knock Off|p2a: Ursaring\n|-resisted|p2a: Ursaring\n|-damage|p2a: Ursaring|81\/100 slp\n|-enditem|p2a: Ursaring|Eviolite|[from] move: Knock Off|[of] p1a: Hariyama\n|cant|p2a: Ursaring|slp\n|move|p2a: Ursaring|Sleep Talk|p2a: Ursaring\n|move|p2a: Ursaring|Play Rough|p1a: Hariyama|[from]move: Sleep Talk\n|-supereffective|p1a: Hariyama\n|-damage|p1a: Hariyama|0 fnt\n|faint|p1a: Hariyama\n|\n|upkeep\n|\n|t:|1700420798\n|switch|p1a: Avalugg|Avalugg, F|79\/100\n|turn|10\n|\n|t:|1700420811\n|switch|p2a: Weezing|Weezing, M|93\/100\n|move|p1a: Avalugg|Rapid Spin|p2a: Weezing\n|-damage|p2a: Weezing|83\/100\n|-boost|p1a: Avalugg|spe|1\n|-sideend|p1: Kurdeus|Stealth Rock|[from] move: Rapid Spin|[of] p1a: Avalugg\n|\n|-heal|p2a: Weezing|89\/100|[from] item: Black Sludge\n|upkeep\n|turn|11\n|\n|t:|1700420827\n|switch|p2a: Ting-Lu|Ting-Lu|100\/100\n|-ability|p2a: Ting-Lu|Vessel of Ruin\n|switch|p1a: Munkidori|Munkidori, M|100\/100\n|-item|p2a: Ting-Lu|Leftovers|[from] ability: Frisk|[of] p1a: Munkidori|[identify]\n|\n|upkeep\n|turn|12\n|\n|t:|1700420844\n|switch|p1a: Avalugg|Avalugg, F|79\/100\n|move|p2a: Ting-Lu|Ruination|p1a: Avalugg\n|-damage|p1a: Avalugg|40\/100\n|\n|upkeep\n|turn|13\n|\n|t:|1700420858\n|move|p2a: Ting-Lu|Earthquake|p1a: Avalugg\n|-damage|p1a: Avalugg|25\/100\n|move|p1a: Avalugg|Recover|p1a: Avalugg\n|-heal|p1a: Avalugg|75\/100\n|\n|upkeep\n|turn|14\n|\n|t:|1700420884\n|switch|p2a: Ursaring|Ursaring, M, tera:Fairy|81\/100 slp\n|move|p1a: Avalugg|Ice Spinner|p2a: Ursaring\n|-damage|p2a: Ursaring|43\/100 slp\n|\n|upkeep\n|turn|15\n|\n|t:|1700420891\n|cant|p2a: Ursaring|slp\n|move|p2a: Ursaring|Sleep Talk|p2a: Ursaring\n|move|p2a: Ursaring|Rest||[from]move: Sleep Talk|[still]\n|-fail|p2a: Ursaring\n|move|p1a: Avalugg|Ice Spinner|p2a: Ursaring\n|-damage|p2a: Ursaring|5\/100 slp\n|\n|upkeep\n|turn|16\n|\n|t:|1700420901\n|-curestatus|p2a: Ursaring|slp|[msg]\n|move|p2a: Ursaring|Rest|p2a: Ursaring\n|-status|p2a: Ursaring|slp|[from] move: Rest\n|-heal|p2a: Ursaring|100\/100 slp|[silent]\n|move|p1a: Avalugg|Ice Spinner|p2a: Ursaring\n|-damage|p2a: Ursaring|67\/100 slp\n|\n|upkeep\n|turn|17\n|\n|t:|1700420910\n|cant|p2a: Ursaring|slp\n|move|p2a: Ursaring|Sleep Talk|p2a: Ursaring\n|move|p2a: Ursaring|Bulk Up|p2a: Ursaring|[from]move: Sleep Talk\n|-boost|p2a: Ursaring|atk|1\n|-boost|p2a: Ursaring|def|1\n|move|p1a: Avalugg|Ice Spinner|p2a: Ursaring\n|-crit|p2a: Ursaring\n|-damage|p2a: Ursaring|16\/100 slp\n|\n|upkeep\n|turn|18\n|\n|t:|1700420927\n|switch|p2a: Weezing|Weezing, M|89\/100\n|move|p1a: Avalugg|Ice Spinner|p2a: Weezing\n|-damage|p2a: Weezing|70\/100\n|\n|-heal|p2a: Weezing|76\/100|[from] item: Black Sludge\n|upkeep\n|turn|19\n|\n|t:|1700420939\n|move|p2a: Weezing|Taunt|p1a: Avalugg\n|-start|p1a: Avalugg|move: Taunt\n|move|p1a: Avalugg|Body Press|p2a: Weezing\n|-resisted|p2a: Weezing\n|-damage|p2a: Weezing|62\/100\n|\n|-heal|p2a: Weezing|68\/100|[from] item: Black Sludge\n|upkeep\n|turn|20\n|\n|t:|1700420966\n|switch|p1a: Chandelure|Chandelure, F|100\/100\n|move|p2a: Weezing|Toxic|p1a: Chandelure\n|-status|p1a: Chandelure|tox\n|\n|-heal|p2a: Weezing|74\/100|[from] item: Black Sludge\n|-damage|p1a: Chandelure|94\/100 tox|[from] psn\n|upkeep\n|turn|21\n|\n|t:|1700420988\n|switch|p2a: Noivern|Noivern, M|100\/100\n|move|p1a: Chandelure|Flamethrower|p2a: Noivern\n|-resisted|p2a: Noivern\n|-damage|p2a: Noivern|73\/100\n|\n|-damage|p1a: Chandelure|82\/100 tox|[from] psn\n|upkeep\n|turn|22\n|\n|t:|1700421001\n|switch|p1a: Avalugg|Avalugg, F|75\/100\n|move|p2a: Noivern|Draco Meteor|p1a: Avalugg\n|-damage|p1a: Avalugg|4\/100\n|-unboost|p2a: Noivern|spa|2\n|\n|upkeep\n|turn|23\n|\n|t:|1700421017\n|move|p2a: Noivern|U-turn|p1a: Avalugg\n|-damage|p1a: Avalugg|0 fnt\n|faint|p1a: Avalugg\n|\n|t:|1700421025\n|switch|p2a: Ting-Lu|Ting-Lu|100\/100|[from] U-turn\n|-ability|p2a: Ting-Lu|Vessel of Ruin\n|\n|upkeep\n|\n|t:|1700421036\n|switch|p1a: Iron Valiant|Iron Valiant|100\/100\n|turn|24\n|\n|t:|1700421051\n|move|p1a: Iron Valiant|Close Combat|p2a: Ting-Lu\n|-supereffective|p2a: Ting-Lu\n|-damage|p2a: Ting-Lu|6\/100\n|-unboost|p1a: Iron Valiant|def|1\n|-unboost|p1a: Iron Valiant|spd|1\n|move|p2a: Ting-Lu|Earthquake|p1a: Iron Valiant\n|-damage|p1a: Iron Valiant|30\/100\n|\n|-heal|p2a: Ting-Lu|12\/100|[from] item: Leftovers\n|upkeep\n|turn|25\n|\n|t:|1700421138\n|switch|p2a: Gholdengo|Gholdengo|100\/100\n|move|p1a: Iron Valiant|Close Combat|p2a: Gholdengo\n|-immune|p2a: Gholdengo\n|\n|upkeep\n|turn|26\n|\n|t:|1700421154\n|-end|p1a: Iron Valiant|Quark Drive|[silent]\n|switch|p1a: Roaring Moon|Roaring Moon|100\/100\n|-enditem|p1a: Roaring Moon|Booster Energy\n|-activate|p1a: Roaring Moon|ability: Protosynthesis|[fromitem]\n|-start|p1a: Roaring Moon|protosynthesisatk\n|move|p2a: Gholdengo|Shadow Ball|p1a: Roaring Moon\n|-resisted|p1a: Roaring Moon\n|-damage|p1a: Roaring Moon|79\/100\n|\n|upkeep\n|turn|27\n|\n|t:|1700421179\n|switch|p2a: Ting-Lu|Ting-Lu|12\/100\n|-ability|p2a: Ting-Lu|Vessel of Ruin\n|move|p1a: Roaring Moon|Earthquake|p2a: Ting-Lu\n|-damage|p2a: Ting-Lu|0 fnt\n|faint|p2a: Ting-Lu\n|\n|upkeep\n|\n|t:|1700421257\n|switch|p2a: Gholdengo|Gholdengo|100\/100\n|turn|28\n|\n|t:|1700421267\n|move|p2a: Gholdengo|Make It Rain|p1a: Roaring Moon\n|-crit|p1a: Roaring Moon\n|-damage|p1a: Roaring Moon|0 fnt\n|-unboost|p2a: Gholdengo|spa|1\n|faint|p1a: Roaring Moon\n|-end|p1a: Roaring Moon|Protosynthesis|[silent]\n|\n|upkeep\n|\n|t:|1700421274\n|switch|p1a: Chandelure|Chandelure, F|82\/100 tox\n|turn|29\n|\n|t:|1700421283\n|switch|p2a: Ursaring|Ursaring, M, tera:Fairy|16\/100 slp\n|-terastallize|p1a: Chandelure|Fighting\n|move|p1a: Chandelure|Dark Pulse|p2a: Ursaring\n|-resisted|p2a: Ursaring\n|-damage|p2a: Ursaring|0 fnt\n|faint|p2a: Ursaring\n|\n|-damage|p1a: Chandelure|76\/100 tox|[from] psn\n|upkeep\n|\n|t:|1700421299\n|switch|p2a: Noivern|Noivern, M|73\/100\n|turn|30\n|\n|t:|1700421304\n|move|p1a: Chandelure|Dark Pulse|p2a: Noivern\n|-damage|p2a: Noivern|38\/100\n|move|p2a: Noivern|Draco Meteor|p1a: Chandelure|[miss]\n|-miss|p2a: Noivern|p1a: Chandelure\n|\n|-damage|p1a: Chandelure|64\/100 tox|[from] psn\n|upkeep\n|turn|31\n|\n|t:|1700421328\n|move|p1a: Chandelure|Dark Pulse|p2a: Noivern\n|-damage|p2a: Noivern|6\/100\n|move|p2a: Noivern|Draco Meteor|p1a: Chandelure\n|-damage|p1a: Chandelure|0 fnt\n|-unboost|p2a: Noivern|spa|2\n|faint|p1a: Chandelure\n|\n|upkeep\n|\n|t:|1700421355\n|switch|p1a: Iron Valiant|Iron Valiant|30\/100\n|turn|32\n|\n|t:|1700421376\n|move|p2a: Noivern|U-turn|p1a: Iron Valiant\n|-resisted|p1a: Iron Valiant\n|-damage|p1a: Iron Valiant|26\/100\n|\n|t:|1700421379\n|switch|p2a: Weezing|Weezing, M|74\/100|[from] U-turn\n|move|p1a: Iron Valiant|Liquidation|p2a: Weezing\n|-damage|p2a: Weezing|45\/100\n|-unboost|p2a: Weezing|def|1\n|\n|-heal|p2a: Weezing|51\/100|[from] item: Black Sludge\n|upkeep\n|turn|33\n|\n|t:|1700421412\n|move|p1a: Iron Valiant|Liquidation|p2a: Weezing\n|-damage|p2a: Weezing|6\/100\n|move|p2a: Weezing|Sludge Bomb|p1a: Iron Valiant\n|-supereffective|p1a: Iron Valiant\n|-damage|p1a: Iron Valiant|0 fnt\n|faint|p1a: Iron Valiant\n|-end|p1a: Iron Valiant|Quark Drive|[silent]\n|\n|-heal|p2a: Weezing|12\/100|[from] item: Black Sludge\n|upkeep\n|\n|t:|1700421418\n|switch|p1a: Munkidori|Munkidori, M|100\/100\n|-item|p2a: Weezing|Black Sludge|[from] ability: Frisk|[of] p1a: Munkidori|[identify]\n|turn|34\n|\n|t:|1700421430\n|move|p1a: Munkidori|Sludge Wave|p2a: Weezing\n|-resisted|p2a: Weezing\n|-damage|p2a: Weezing|0 fnt\n|faint|p2a: Weezing\n|\n|upkeep\n|\n|t:|1700421477\n|switch|p2a: Noivern|Noivern, M|6\/100\n|turn|35\n|\n|t:|1700421485\n|move|p2a: Noivern|Draco Meteor|p1a: Munkidori\n|-damage|p1a: Munkidori|67\/100\n|-unboost|p2a: Noivern|spa|2\n|move|p1a: Munkidori|Hex|p2a: Noivern\n|-damage|p2a: Noivern|0 fnt\n|faint|p2a: Noivern\n|\n|upkeep\n|\n|t:|1700421494\n|switch|p2a: Gholdengo|Gholdengo|100\/100\n|turn|36\n|\n|t:|1700421499\n|move|p2a: Gholdengo|Shadow Ball|p1a: Munkidori\n|-supereffective|p1a: Munkidori\n|-damage|p1a: Munkidori|5\/100\n|move|p1a: Munkidori|Hex|p2a: Gholdengo\n|-supereffective|p2a: Gholdengo\n|-damage|p2a: Gholdengo|48\/100\n|\n|upkeep\n|turn|37\n|\n|t:|1700421510\n|move|p2a: Gholdengo|Shadow Ball|p1a: Munkidori\n|-supereffective|p1a: Munkidori\n|-crit|p1a: Munkidori\n|-damage|p1a: Munkidori|0 fnt\n|faint|p1a: Munkidori\n|\n|win|Cheikhlock Holmes\n|c|\u2606Kurdeus|gg\n|l|\u2606Kurdeus\n","uploadtime":1700421534,"views":19,"p1id":"kurdeus","p2id":"cheikhlockholmes","formatid":"gen9anythinggoes","rating":0,"private":0,"password":""}