{"id":"gen9anythinggoes-1971699873","p1":"ExodiaOT","p2":"QuadeSpades","format":"[Gen 9] Anything Goes","log":"|j|\u2606ExodiaOT\n|j|\u2606QuadeSpades\n|t:|1697762535\n|gametype|singles\n|player|p1|ExodiaOT|guitarist|1032\n|player|p2|QuadeSpades|ethan|1121\n|teamsize|p1|6\n|teamsize|p2|6\n|gen|9\n|tier|[Gen 9] Anything Goes\n|rated|\n|rule|HP Percentage Mod: HP is shown in percentages\n|rule|Endless Battle Clause: Forcing endless battles is banned\n|clearpoke\n|poke|p1|Gengar, M|\n|poke|p1|Garchomp, M|\n|poke|p1|Great Tusk|\n|poke|p1|Drifblim, M|\n|poke|p1|Zamazenta-*|\n|poke|p1|Slaking, F|\n|poke|p2|Gholdengo|\n|poke|p2|Garchomp, F|\n|poke|p2|Zoroark-Hisui, M|\n|poke|p2|Rotom-Wash|\n|poke|p2|Charizard, M|\n|poke|p2|Gardevoir, F|\n|teampreview\n|\n|t:|1697762543\n|start\n|switch|p1a: Drifblim|Drifblim, M|100\/100\n|switch|p2a: Reddit Gold|Gholdengo, shiny|100\/100\n|turn|1\n|inactive|Battle timer is ON: inactive players will automatically lose when time's up. (requested by QuadeSpades)\n|\n|t:|1697762549\n|move|p2a: Reddit Gold|Calm Mind|p2a: Reddit Gold\n|-boost|p2a: Reddit Gold|spa|1\n|-boost|p2a: Reddit Gold|spd|1\n|move|p1a: Drifblim|Minimize|p1a: Drifblim\n|-boost|p1a: Drifblim|evasion|2\n|\n|upkeep\n|turn|2\n|\n|t:|1697762556\n|move|p2a: Reddit Gold|Dark Pulse|p1a: Drifblim\n|-supereffective|p1a: Drifblim\n|-damage|p1a: Drifblim|26\/100\n|move|p1a: Drifblim|Minimize|p1a: Drifblim\n|-boost|p1a: Drifblim|evasion|2\n|\n|-heal|p1a: Drifblim|32\/100|[from] item: Leftovers\n|upkeep\n|turn|3\n|\n|t:|1697762564\n|move|p2a: Reddit Gold|Dark Pulse|p1a: Drifblim|[miss]\n|-miss|p2a: Reddit Gold|p1a: Drifblim\n|move|p1a: Drifblim|Minimize|p1a: Drifblim\n|-boost|p1a: Drifblim|evasion|2\n|\n|-heal|p1a: Drifblim|38\/100|[from] item: Leftovers\n|upkeep\n|turn|4\n|\n|t:|1697762576\n|move|p2a: Reddit Gold|Dark Pulse|p1a: Drifblim\n|-supereffective|p1a: Drifblim\n|-damage|p1a: Drifblim|0 fnt\n|faint|p1a: Drifblim\n|\n|upkeep\n|\n|t:|1697762582\n|switch|p1a: Gengar|Gengar, M, shiny|100\/100\n|turn|5\n|\n|t:|1697762587\n|move|p1a: Gengar|Toxic Spikes|p2a: Reddit Gold\n|-sidestart|p2: QuadeSpades|move: Toxic Spikes\n|move|p2a: Reddit Gold|Calm Mind|p2a: Reddit Gold\n|-boost|p2a: Reddit Gold|spa|1\n|-boost|p2a: Reddit Gold|spd|1\n|\n|upkeep\n|turn|6\n|\n|t:|1697762601\n|move|p1a: Gengar|Destiny Bond|p1a: Gengar\n|-singlemove|p1a: Gengar|Destiny Bond\n|move|p2a: Reddit Gold|Bitter Malice|p1a: Gengar\n|-supereffective|p1a: Gengar\n|-damage|p1a: Gengar|0 fnt\n|faint|p1a: Gengar\n|-activate|p1a: Gengar|move: Destiny Bond\n|faint|p2a: Reddit Gold\n|\n|upkeep\n|\n|t:|1697762628\n|switch|p1a: Garchomp|Garchomp, M, shiny|100\/100\n|switch|p2a: Little Timmy|Charizard, M, shiny|100\/100\n|turn|7\n|inactive|ExodiaOT has 120 seconds left.\n|\n|t:|1697762662\n|switch|p2a: MOMMY|Gardevoir, F, shiny|100\/100\n|-status|p2a: MOMMY|psn\n|move|p1a: Garchomp|Crunch|p2a: MOMMY\n|-damage|p2a: MOMMY|55\/100 psn\n|\n|-heal|p2a: MOMMY|62\/100 psn|[from] item: Leftovers\n|-damage|p2a: MOMMY|49\/100 psn|[from] psn\n|upkeep\n|turn|8\n|\n|t:|1697762674\n|move|p1a: Garchomp|Crunch|p2a: MOMMY\n|-damage|p2a: MOMMY|0 fnt\n|faint|p2a: MOMMY\n|\n|upkeep\n|\n|t:|1697762678\n|switch|p2a: Captain Crunch|Garchomp, F, shiny|100\/100\n|-status|p2a: Captain Crunch|psn\n|turn|9\n|inactive|ExodiaOT has 90 seconds left.\n|inactive|ExodiaOT has 60 seconds left.\n|\n|t:|1697762739\n|-terastallize|p1a: Garchomp|Ice\n|move|p2a: Captain Crunch|Dragon Claw|p1a: Garchomp\n|-damage|p1a: Garchomp|62\/100\n|move|p1a: Garchomp|Earthquake|p2a: Captain Crunch\n|-damage|p2a: Captain Crunch|55\/100 psn\n|\n|-heal|p2a: Captain Crunch|61\/100 psn|[from] item: Leftovers\n|-damage|p2a: Captain Crunch|49\/100 psn|[from] psn\n|upkeep\n|turn|10\n|inactive|ExodiaOT has 60 seconds left.\n|\n|t:|1697762758\n|switch|p2a: Little Timmy|Charizard, M, shiny|100\/100\n|switch|p1a: Great Tusk|Great Tusk, shiny|100\/100\n|\n|upkeep\n|turn|11\n|inactive|ExodiaOT has 60 seconds left.\n|\n|t:|1697762778\n|move|p2a: Little Timmy|Air Slash|p1a: Great Tusk\n|-supereffective|p1a: Great Tusk\n|-damage|p1a: Great Tusk|22\/100\n|cant|p1a: Great Tusk|flinch\n|\n|upkeep\n|turn|12\n|inactive|ExodiaOT has 30 seconds left.\n|\n|t:|1697762805\n|-end|p1a: Great Tusk|Protosynthesis|[silent]\n|switch|p1a: Zamazenta|Zamazenta|100\/100\n|-ability|p1a: Zamazenta|Dauntless Shield|boost\n|-boost|p1a: Zamazenta|def|1\n|move|p2a: Little Timmy|Air Slash|p1a: Zamazenta\n|-supereffective|p1a: Zamazenta\n|-damage|p1a: Zamazenta|46\/100\n|\n|upkeep\n|turn|13\n|inactive|ExodiaOT has 30 seconds left.\n|\n|t:|1697762817\n|move|p1a: Zamazenta|Stone Edge|p2a: Little Timmy\n|-supereffective|p2a: Little Timmy\n|-damage|p2a: Little Timmy|0 fnt\n|faint|p2a: Little Timmy\n|\n|upkeep\n|\n|t:|1697762825\n|switch|p2a: Captain Crunch|Garchomp, F, shiny|49\/100 psn\n|turn|14\n|inactive|ExodiaOT has 30 seconds left.\n|\n|t:|1697762845\n|move|p1a: Zamazenta|Body Slam|p2a: Captain Crunch\n|-damage|p2a: Captain Crunch|25\/100 psn\n|move|p2a: Captain Crunch|Earthquake|p1a: Zamazenta\n|-damage|p1a: Zamazenta|22\/100\n|\n|-heal|p2a: Captain Crunch|31\/100 psn|[from] item: Leftovers\n|-damage|p2a: Captain Crunch|18\/100 psn|[from] psn\n|upkeep\n|turn|15\n|\n|t:|1697762855\n|move|p1a: Zamazenta|Stone Edge|p2a: Captain Crunch\n|-resisted|p2a: Captain Crunch\n|-damage|p2a: Captain Crunch|3\/100 psn\n|move|p2a: Captain Crunch|Earthquake|p1a: Zamazenta\n|-damage|p1a: Zamazenta|0 fnt\n|faint|p1a: Zamazenta\n|\n|-heal|p2a: Captain Crunch|9\/100 psn|[from] item: Leftovers\n|-damage|p2a: Captain Crunch|0 fnt|[from] psn\n|faint|p2a: Captain Crunch\n|upkeep\n|inactive|ExodiaOT has 30 seconds left.\n|inactive|ExodiaOT has 20 seconds left.\n|\n|t:|1697762880\n|switch|p1a: Great Tusk|Great Tusk, shiny|22\/100\n|switch|p2a: Washer Basher|Rotom-Wash, shiny|100\/100\n|turn|16\n|inactive|ExodiaOT has 30 seconds left this turn.\n|inactive|ExodiaOT has 20 seconds left.\n|inactive|ExodiaOT has 15 seconds left.\n|\n|t:|1697762897\n|move|p2a: Washer Basher|Hydro Pump|p1a: Great Tusk\n|-supereffective|p1a: Great Tusk\n|-crit|p1a: Great Tusk\n|-damage|p1a: Great Tusk|0 fnt\n|faint|p1a: Great Tusk\n|-end|p1a: Great Tusk|Protosynthesis|[silent]\n|\n|upkeep\n|inactive|ExodiaOT has 20 seconds left this turn.\n|inactive|ExodiaOT has 15 seconds left.\n|\n|t:|1697762903\n|switch|p1a: Slaking|Slaking, F, shiny|100\/100\n|turn|17\n|inactive|ExodiaOT has 25 seconds left this turn.\n|inactive|ExodiaOT has 20 seconds left.\n|\n|t:|1697762913\n|move|p1a: Slaking|Giga Impact|p2a: Washer Basher\n|-damage|p2a: Washer Basher|0 fnt\n|-mustrecharge|p1a: Slaking\n|faint|p2a: Washer Basher\n|\n|upkeep\n|inactive|ExodiaOT has 25 seconds left this turn.\n|\n|t:|1697762917\n|switch|p2a: Reddit Gold|Gholdengo, shiny|100\/100\n|turn|18\n|inactive|ExodiaOT has 30 seconds left.\n|\n|t:|1697762923\n|cant|p1a: Slaking|recharge\n|move|p2a: Reddit Gold|Flash Cannon|p1a: Slaking\n|-damage|p1a: Slaking|59\/100\n|\n|upkeep\n|turn|19\n|inactive|ExodiaOT has 30 seconds left.\n|\n|t:|1697762947\n|-terastallize|p2a: Reddit Gold|Steel\n|move|p1a: Slaking|Earthquake|p2a: Reddit Gold\n|-supereffective|p2a: Reddit Gold\n|-crit|p2a: Reddit Gold\n|-damage|p2a: Reddit Gold|0 fnt\n|faint|p2a: Reddit Gold\n|-heal|p1a: Slaking|68\/100|[from] item: Shell Bell|[of] p2: Reddit Gold\n|\n|win|ExodiaOT\n|inactive|ExodiaOT has 30 seconds left this turn.\n|raw|ExodiaOT's rating: 1032 &rarr; <strong>1076<\/strong><br \/>(+44 for winning)\n|raw|QuadeSpades's rating: 1121 &rarr; <strong>1090<\/strong><br \/>(-31 for losing)\n|l|\u2606QuadeSpades\n","uploadtime":1697762958,"views":7,"p1id":"exodiaot","p2id":"quadespades","formatid":"gen9anythinggoes","rating":1076,"private":0,"password":""}