{"id":"gen9anythinggoes-1975447633","p1":"Sunowa","p2":"Mr_Giavonni","format":"[Gen 9] Anything Goes","log":"|j|\u2606Sunowa\n|j|\u2606Mr_Giavonni\n|t:|1698192358\n|gametype|singles\n|player|p1|Sunowa|lillie-masters2|\n|player|p2|Mr_Giavonni|2|\n|teamsize|p1|6\n|teamsize|p2|6\n|gen|9\n|tier|[Gen 9] Anything Goes\n|rule|HP Percentage Mod: HP is shown in percentages\n|rule|Endless Battle Clause: Forcing endless battles is banned\n|clearpoke\n|poke|p1|Calyrex-Shadow|\n|poke|p1|Miraidon|\n|poke|p1|Zacian-*|\n|poke|p1|Tornadus, M|\n|poke|p1|Arceus-Dark|\n|poke|p1|Eternatus|\n|poke|p2|Pawmot, M|\n|poke|p2|Pawmot, F|\n|poke|p2|Pawmot, F|\n|poke|p2|Houndstone, M|\n|poke|p2|Espathra, F|\n|poke|p2|Samurott-Hisui, M|\n|teampreview\n|\n|t:|1698192367\n|start\n|switch|p1a: Tornadus|Tornadus, M|100\/100\n|switch|p2a: Samurott|Samurott-Hisui, M|100\/100\n|turn|1\n|\n|t:|1698192370\n|move|p1a: Tornadus|Taunt|p2a: Samurott\n|-hint|Since gen 7, Dark is immune to Prankster moves.\n|-immune|p2a: Samurott\n|move|p2a: Samurott|Ceaseless Edge|p1a: Tornadus\n|-damage|p1a: Tornadus|57\/100\n|-sidestart|p1: Sunowa|Spikes\n|\n|upkeep\n|turn|2\n|c|\u2606Mr_Giavonni|taunt\n|\n|t:|1698192381\n|move|p1a: Tornadus|Tailwind|p1a: Tornadus\n|-sidestart|p1: Sunowa|move: Tailwind\n|move|p2a: Samurott|Ceaseless Edge|p1a: Tornadus\n|-damage|p1a: Tornadus|14\/100\n|-sidestart|p1: Sunowa|Spikes\n|\n|upkeep\n|turn|3\n|c|\u2606Mr_Giavonni|i knew\n|\n|t:|1698192386\n|move|p1a: Tornadus|Bleakwind Storm|p2a: Samurott\n|-damage|p2a: Samurott|23\/100\n|move|p2a: Samurott|Ceaseless Edge|p1a: Tornadus\n|-damage|p1a: Tornadus|0 fnt\n|-sidestart|p1: Sunowa|Spikes\n|faint|p1a: Tornadus\n|\n|upkeep\n|\n|t:|1698192390\n|switch|p1a: Eternatus|Eternatus|100\/100\n|-damage|p1a: Eternatus|76\/100|[from] Spikes\n|-ability|p1a: Eternatus|Pressure\n|turn|4\n|\n|t:|1698192398\n|move|p2a: Samurott|Detect|p2a: Samurott\n|-singleturn|p2a: Samurott|Protect\n|move|p1a: Eternatus|Dynamax Cannon|p2a: Samurott\n|-activate|p2a: Samurott|move: Protect\n|\n|upkeep\n|turn|5\n|\n|t:|1698192405\n|move|p2a: Samurott|Detect||[still]\n|-fail|p2a: Samurott\n|move|p1a: Eternatus|Dynamax Cannon|p2a: Samurott\n|-damage|p2a: Samurott|0 fnt\n|faint|p2a: Samurott\n|\n|-sideend|p1: Sunowa|move: Tailwind\n|upkeep\n|\n|t:|1698192408\n|switch|p2a: Pawmot|Pawmot, M|100\/100\n|turn|6\n|\n|t:|1698192412\n|-terastallize|p1a: Eternatus|Dragon\n|move|p2a: Pawmot|Revival Blessing|p2a: Pawmot\n|-enditem|p2a: Pawmot|Leppa Berry|[eat]\n|-activate|p2a: Pawmot|item: Leppa Berry|Revival Blessing|[consumed]\n|\n|t:|1698192416\n|-heal|p2: Samurott|50\/100|[from] move: Revival Blessing\n|move|p1a: Eternatus|Dynamax Cannon|p2a: Pawmot\n|-damage|p2a: Pawmot|0 fnt\n|faint|p2a: Pawmot\n|\n|upkeep\n|\n|t:|1698192420\n|switch|p2a: Samurott|Samurott-Hisui, M|50\/100\n|turn|7\n|\n|t:|1698192424\n|move|p1a: Eternatus|Dynamax Cannon|p2a: Samurott\n|-damage|p2a: Samurott|0 fnt\n|faint|p2a: Samurott\n|\n|upkeep\n|\n|t:|1698192427\n|switch|p2a: Pawmot|Pawmot, F|100\/100\n|turn|8\n|\n|t:|1698192432\n|move|p2a: Pawmot|Revival Blessing|p2a: Pawmot\n|-enditem|p2a: Pawmot|Leppa Berry|[eat]\n|-activate|p2a: Pawmot|item: Leppa Berry|Revival Blessing|[consumed]\n|\n|t:|1698192438\n|-heal|p2: Pawmot|50\/100|[from] move: Revival Blessing\n|move|p1a: Eternatus|Dynamax Cannon|p2a: Pawmot\n|-damage|p2a: Pawmot|0 fnt\n|faint|p2a: Pawmot\n|\n|upkeep\n|\n|t:|1698192441\n|switch|p2a: Pawmot|Pawmot, M|50\/100\n|turn|9\n|\n|t:|1698192445\n|move|p2a: Pawmot|Revival Blessing|p2a: Pawmot\n|\n|t:|1698192448\n|-heal|p2: Pawmot|50\/100|[from] move: Revival Blessing\n|move|p1a: Eternatus|Shadow Ball|p2a: Pawmot\n|-damage|p2a: Pawmot|0 fnt\n|faint|p2a: Pawmot\n|\n|upkeep\n|c|\u2606Mr_Giavonni|yooo h oo hoo ho hooooo\n|\n|t:|1698192455\n|switch|p2a: Pawmot|Pawmot, F|50\/100\n|turn|10\n|\n|t:|1698192458\n|move|p2a: Pawmot|Revival Blessing|p2a: Pawmot\n|\n|t:|1698192459\n|-heal|p2: Samurott|50\/100|[from] move: Revival Blessing\n|move|p1a: Eternatus|Dynamax Cannon|p2a: Pawmot\n|-damage|p2a: Pawmot|0 fnt\n|faint|p2a: Pawmot\n|\n|upkeep\n|\n|t:|1698192463\n|switch|p2a: Samurott|Samurott-Hisui, M|50\/100\n|turn|11\n|\n|t:|1698192472\n|move|p1a: Eternatus|Dynamax Cannon|p2a: Samurott\n|-damage|p2a: Samurott|0 fnt\n|faint|p2a: Samurott\n|\n|upkeep\n|\n|t:|1698192476\n|switch|p2a: Pawmot|Pawmot, F|100\/100\n|turn|12\n|\n|t:|1698192482\n|move|p2a: Pawmot|Revival Blessing|p2a: Pawmot\n|-enditem|p2a: Pawmot|Leppa Berry|[eat]\n|-activate|p2a: Pawmot|item: Leppa Berry|Revival Blessing|[consumed]\n|\n|t:|1698192486\n|-heal|p2: Samurott|50\/100|[from] move: Revival Blessing\n|move|p1a: Eternatus|Shadow Ball|p2a: Pawmot\n|-damage|p2a: Pawmot|46\/100\n|\n|upkeep\n|turn|13\n|\n|t:|1698192493\n|switch|p2a: Samurott|Samurott-Hisui, M|50\/100\n|move|p1a: Eternatus|Dynamax Cannon|p2a: Samurott\n|-damage|p2a: Samurott|0 fnt\n|faint|p2a: Samurott\n|\n|upkeep\n|\n|t:|1698192496\n|switch|p2a: Pawmot|Pawmot, F|46\/100\n|turn|14\n|\n|t:|1698192507\n|move|p2a: Pawmot|Revival Blessing|p2a: Pawmot\n|\n|t:|1698192510\n|-heal|p2: Samurott|50\/100|[from] move: Revival Blessing\n|move|p1a: Eternatus|Shadow Ball|p2a: Pawmot\n|-damage|p2a: Pawmot|0 fnt\n|faint|p2a: Pawmot\n|\n|upkeep\n|inactive|Battle timer is ON: inactive players will automatically lose when time's up. (requested by Sunowa)\n|\n|t:|1698192514\n|switch|p2a: Samurott|Samurott-Hisui, M|50\/100\n|turn|15\n|\n|t:|1698192518\n|move|p2a: Samurott|Detect|p2a: Samurott\n|-singleturn|p2a: Samurott|Protect\n|move|p1a: Eternatus|Flash Cannon|p2a: Samurott\n|-activate|p2a: Samurott|move: Protect\n|\n|upkeep\n|turn|16\n|\n|t:|1698192523\n|move|p1a: Eternatus|Flash Cannon|p2a: Samurott\n|-resisted|p2a: Samurott\n|-damage|p2a: Samurott|28\/100\n|-unboost|p2a: Samurott|spd|1\n|move|p2a: Samurott|Ceaseless Edge|p1a: Eternatus\n|-damage|p1a: Eternatus|47\/100\n|\n|upkeep\n|turn|17\n|\n|t:|1698192531\n|move|p1a: Eternatus|Flash Cannon|p2a: Samurott\n|-resisted|p2a: Samurott\n|-damage|p2a: Samurott|0 fnt\n|faint|p2a: Samurott\n|\n|upkeep\n|\n|t:|1698192536\n|switch|p2a: Espathra|Espathra, F|100\/100\n|turn|18\n|-activate|p2a: Espathra|item: Quick Claw\n|\n|t:|1698192540\n|move|p2a: Espathra|Lumina Crash|p1a: Eternatus\n|-crit|p1a: Eternatus\n|-damage|p1a: Eternatus|30\/100\n|-unboost|p1a: Eternatus|spd|2\n|move|p1a: Eternatus|Shadow Ball|p2a: Espathra\n|-supereffective|p2a: Espathra\n|-damage|p2a: Espathra|20\/100\n|\n|upkeep\n|turn|19\n|\n|t:|1698192548\n|move|p2a: Espathra|Hypnosis|p1a: Eternatus\n|-status|p1a: Eternatus|slp|[from] move: Hypnosis\n|cant|p1a: Eternatus|slp\n|\n|upkeep\n|turn|20\n|\n|t:|1698192552\n|move|p2a: Espathra|Lumina Crash|p1a: Eternatus\n|-damage|p1a: Eternatus|6\/100 slp\n|-unboost|p1a: Eternatus|spd|2\n|-curestatus|p1a: Eternatus|slp|[msg]\n|move|p1a: Eternatus|Shadow Ball|p2a: Espathra\n|-supereffective|p2a: Espathra\n|-damage|p2a: Espathra|0 fnt\n|faint|p2a: Espathra\n|\n|upkeep\n|\n|t:|1698192555\n|switch|p2a: Houndstone|Houndstone, M|100\/100\n|turn|21\n|\n|t:|1698192560\n|-terastallize|p2a: Houndstone|Fighting\n|move|p1a: Eternatus|Shadow Ball|p2a: Houndstone\n|-damage|p2a: Houndstone|75\/100\n|move|p2a: Houndstone|Last Respects|p1a: Eternatus\n|-damage|p1a: Eternatus|0 fnt\n|faint|p1a: Eternatus\n|\n|upkeep\n|\n|t:|1698192564\n|switch|p1a: Apocalypse|Calyrex-Shadow|100\/100\n|-ability|p1a: Apocalypse|As One\n|-ability|p1a: Apocalypse|Unnerve\n|-damage|p1a: Apocalypse|76\/100|[from] Spikes\n|turn|22\n|\n|t:|1698192570\n|move|p1a: Apocalypse|Psyshock|p2a: Houndstone\n|-supereffective|p2a: Houndstone\n|-damage|p2a: Houndstone|0 fnt\n|faint|p2a: Houndstone\n|\n|win|Sunowa\n|c|\u2606Mr_Giavonni|gg\n|c|\u2606Sunowa|Gg cutie\n|c|\u2606Mr_Giavonni|woooow\n","uploadtime":1698192585,"views":15,"p1id":"sunowa","p2id":"mrgiavonni","formatid":"gen9anythinggoes","rating":0,"private":0,"password":""}