{"id":"gen9anythinggoes-1987982534","p1":"CheesyChap94","p2":"cattya","format":"[Gen 9] Anything Goes","log":"|j|\u2606CheesyChap94\n|j|\u203dcattya\n|t:|1699655748\n|gametype|singles\n|player|p1|CheesyChap94|giovanni|1053\n|player|p2|cattya|265|1100\n|teamsize|p1|6\n|teamsize|p2|6\n|gen|9\n|tier|[Gen 9] Anything Goes\n|rated|\n|rule|HP Percentage Mod: HP is shown in percentages\n|rule|Endless Battle Clause: Forcing endless battles is banned\n|clearpoke\n|poke|p1|Iron Moth|\n|poke|p1|Chandelure, M|\n|poke|p1|Hydreigon, M|\n|poke|p1|Annihilape, M|\n|poke|p1|Iron Hands|\n|poke|p1|Ninetales-Alola, M|\n|poke|p2|Glimmora, M|\n|poke|p2|Spiritomb, F|\n|poke|p2|Iron Hands|\n|poke|p2|Samurott-Hisui, M|\n|poke|p2|Rayquaza|\n|poke|p2|Kingambit, M|\n|teampreview\n|c|\u2606CheesyChap94|idek what this team is\n|\n|t:|1699655757\n|start\n|switch|p1a: NikocadoAvocado|Iron Hands, shiny|100\/100\n|switch|p2a: Glimmora|Glimmora, M|100\/100\n|-item|p2a: Glimmora|Air Balloon\n|turn|1\n|-activate|p1a: NikocadoAvocado|item: Quick Claw\n|\n|t:|1699655767\n|move|p1a: NikocadoAvocado|Detect|p1a: NikocadoAvocado\n|-singleturn|p1a: NikocadoAvocado|Protect\n|move|p2a: Glimmora|Stealth Rock|p1a: NikocadoAvocado\n|-sidestart|p1: CheesyChap94|move: Stealth Rock\n|\n|upkeep\n|turn|2\n|\n|t:|1699655773\n|move|p2a: Glimmora|Spikes|p1a: NikocadoAvocado\n|-sidestart|p1: CheesyChap94|Spikes\n|move|p1a: NikocadoAvocado|Electric Terrain|p1a: NikocadoAvocado\n|-fieldstart|move: Electric Terrain\n|-activate|p1a: NikocadoAvocado|ability: Quark Drive\n|-start|p1a: NikocadoAvocado|quarkdriveatk\n|\n|upkeep\n|turn|3\n|-activate|p1a: NikocadoAvocado|item: Quick Claw\n|\n|t:|1699655782\n|move|p1a: NikocadoAvocado|Drain Punch|p2a: Glimmora\n|-damage|p2a: Glimmora|61\/100\n|-activate|p2a: Glimmora|ability: Toxic Debris\n|-sidestart|p1: CheesyChap94|move: Toxic Spikes\n|-enditem|p2a: Glimmora|Air Balloon\n|move|p2a: Glimmora|Spikes|p1a: NikocadoAvocado\n|-sidestart|p1: CheesyChap94|Spikes\n|\n|upkeep\n|turn|4\n|\n|t:|1699655793\n|move|p2a: Glimmora|Spikes|p1a: NikocadoAvocado\n|-sidestart|p1: CheesyChap94|Spikes\n|move|p1a: NikocadoAvocado|Ice Punch|p2a: Glimmora\n|-damage|p2a: Glimmora|30\/100\n|-activate|p2a: Glimmora|ability: Toxic Debris\n|-sidestart|p1: CheesyChap94|move: Toxic Spikes\n|\n|upkeep\n|turn|5\n|c|\u2606CheesyChap94|damn hazards\n|\n|t:|1699655813\n|move|p2a: Glimmora|Rock Slide|p1a: NikocadoAvocado\n|-resisted|p1a: NikocadoAvocado\n|-damage|p1a: NikocadoAvocado|96\/100\n|move|p1a: NikocadoAvocado|Ice Punch|p2a: Glimmora\n|-damage|p2a: Glimmora|3\/100\n|\n|upkeep\n|turn|6\n|\n|t:|1699655826\n|move|p2a: Glimmora|Energy Ball|p1a: NikocadoAvocado\n|-damage|p1a: NikocadoAvocado|72\/100\n|-unboost|p1a: NikocadoAvocado|spd|1\n|move|p1a: NikocadoAvocado|Drain Punch|p2a: Glimmora\n|-damage|p2a: Glimmora|0 fnt\n|-heal|p1a: NikocadoAvocado|73\/100|[from] drain|[of] p2a: Glimmora\n|faint|p2a: Glimmora\n|\n|-fieldend|move: Electric Terrain\n|-end|p1a: NikocadoAvocado|Quark Drive\n|upkeep\n|\n|t:|1699655839\n|switch|p2a: Spiritomb|Spiritomb, F, shiny|100\/100\n|turn|7\n|\n|t:|1699655853\n|-end|p1a: NikocadoAvocado|Quark Drive|[silent]\n|switch|p1a: uhhhhh|Annihilape, M, shiny|100\/100\n|-damage|p1a: uhhhhh|94\/100|[from] Stealth Rock\n|-damage|p1a: uhhhhh|70\/100|[from] Spikes\n|-status|p1a: uhhhhh|tox\n|move|p2a: Spiritomb|Hex|p1a: uhhhhh\n|-supereffective|p1a: uhhhhh\n|-damage|p1a: uhhhhh|0 fnt\n|faint|p1a: uhhhhh\n|\n|-status|p2a: Spiritomb|brn|[from] item: Flame Orb\n|upkeep\n|\n|t:|1699655866\n|switch|p1a: Hi Don't Rage|Chandelure, M|100\/100\n|-damage|p1a: Hi Don't Rage|75\/100|[from] Stealth Rock\n|-damage|p1a: Hi Don't Rage|50\/100|[from] Spikes\n|-status|p1a: Hi Don't Rage|tox\n|turn|8\n|\n|t:|1699655876\n|-terastallize|p2a: Spiritomb|Ghost\n|move|p2a: Spiritomb|Hex|p1a: Hi Don't Rage\n|-supereffective|p1a: Hi Don't Rage\n|-damage|p1a: Hi Don't Rage|0 fnt\n|faint|p1a: Hi Don't Rage\n|\n|-damage|p2a: Spiritomb|94\/100 brn|[from] brn\n|upkeep\n|\n|t:|1699655888\n|switch|p1a: Ooops|Ninetales-Alola, M|100\/100\n|-damage|p1a: Ooops|76\/100|[from] Stealth Rock\n|-damage|p1a: Ooops|51\/100|[from] Spikes\n|-status|p1a: Ooops|tox\n|turn|9\n|\n|t:|1699655897\n|move|p1a: Ooops|Agility|p1a: Ooops\n|-boost|p1a: Ooops|spe|2\n|move|p2a: Spiritomb|Hex|p1a: Ooops\n|-damage|p1a: Ooops|0 fnt\n|faint|p1a: Ooops\n|\n|-damage|p2a: Spiritomb|88\/100 brn|[from] brn\n|upkeep\n|-message|CheesyChap94 forfeited.\n|\n|win|cattya\n|raw|CheesyChap94's rating: 1053 &rarr; <strong>1037<\/strong><br \/>(-16 for losing)\n|raw|cattya's rating: 1100 &rarr; <strong>1122<\/strong><br \/>(+22 for winning)\n|l|\u2606CheesyChap94\n","uploadtime":1699656041,"views":5,"p1id":"cheesychap94","p2id":"cattya","formatid":"gen9anythinggoes","rating":1037,"private":0,"password":""}