{"id":"gen9anythinggoes-1977022282","p1":"BIGTGAMER09","p2":"hermanuuu","format":"[Gen 9] Anything Goes","log":"|j|\u2606BIGTGAMER09\n|j|\u2606hermanuuu\n|t:|1698362790\n|gametype|singles\n|player|p1|BIGTGAMER09|will|1058\n|player|p2|hermanuuu|colress|1000\n|teamsize|p1|6\n|teamsize|p2|6\n|gen|9\n|tier|[Gen 9] Anything Goes\n|rated|\n|rule|HP Percentage Mod: HP is shown in percentages\n|rule|Endless Battle Clause: Forcing endless battles is banned\n|clearpoke\n|poke|p1|Slowbro, M|\n|poke|p1|Chien-Pao|\n|poke|p1|Clodsire, M|\n|poke|p1|Skeledirge, F|\n|poke|p1|Koraidon|\n|poke|p1|Maushold-Four|\n|poke|p2|Thundurus, M|\n|poke|p2|Thundurus, M|\n|poke|p2|Thundurus, M|\n|poke|p2|Thundurus, M|\n|poke|p2|Thundurus, M|\n|poke|p2|Thundurus, M|\n|teampreview\n|inactive|Battle timer is ON: inactive players will automatically lose when time's up. (requested by hermanuuu)\n|c|\u2606BIGTGAMER09|what?\n|\n|t:|1698362802\n|start\n|switch|p1a: Koraidon|Koraidon|100\/100\n|switch|p2a: Thundurus|Thundurus, M|100\/100\n|-weather|SunnyDay|[from] ability: Orichalcum Pulse|[of] p1a: Koraidon\n|-activate|p1a: Koraidon|Orichalcum Pulse|[source]\n|turn|1\n|\n|t:|1698362813\n|move|p2a: Thundurus|Swagger|p1a: Koraidon|[miss]\n|-miss|p2a: Thundurus|p1a: Koraidon\n|move|p1a: Koraidon|Dragon Pulse|p2a: Thundurus\n|-damage|p2a: Thundurus|64\/100\n|\n|-weather|SunnyDay|[upkeep]\n|upkeep\n|turn|2\n|\n|t:|1698362821\n|move|p2a: Thundurus|Swagger|p1a: Koraidon\n|-boost|p1a: Koraidon|atk|2\n|-start|p1a: Koraidon|confusion\n|-activate|p1a: Koraidon|confusion\n|-damage|p1a: Koraidon|83\/100|[from] confusion\n|\n|-weather|SunnyDay|[upkeep]\n|upkeep\n|turn|3\n|\n|t:|1698362830\n|-activate|p1a: Koraidon|confusion\n|-damage|p1a: Koraidon|65\/100|[from] confusion\n|move|p2a: Thundurus|Foul Play|p1a: Koraidon\n|-resisted|p1a: Koraidon\n|-damage|p1a: Koraidon|43\/100\n|\n|-weather|SunnyDay|[upkeep]\n|upkeep\n|turn|4\n|\n|t:|1698362836\n|-end|p1a: Koraidon|confusion\n|move|p1a: Koraidon|Collision Course|p2a: Thundurus\n|-resisted|p2a: Thundurus\n|-damage|p2a: Thundurus|0 fnt\n|faint|p2a: Thundurus\n|\n|-weather|SunnyDay|[upkeep]\n|upkeep\n|\n|t:|1698362843\n|switch|p2a: Thundurus|Thundurus, M|100\/100\n|turn|5\n|\n|t:|1698362846\n|move|p2a: Thundurus|Swagger|p1a: Koraidon\n|-boost|p1a: Koraidon|atk|2\n|-start|p1a: Koraidon|confusion\n|-activate|p1a: Koraidon|confusion\n|move|p1a: Koraidon|Collision Course|p2a: Thundurus\n|-resisted|p2a: Thundurus\n|-damage|p2a: Thundurus|0 fnt\n|faint|p2a: Thundurus\n|\n|-weather|none\n|upkeep\n|\n|t:|1698362855\n|switch|p2a: Thundurus|Thundurus, M|100\/100\n|turn|6\n|\n|t:|1698362868\n|-end|p1a: Koraidon|confusion\n|move|p1a: Koraidon|Acrobatics|p2a: Thundurus\n|-resisted|p2a: Thundurus\n|-damage|p2a: Thundurus|26\/100\n|move|p2a: Thundurus|Foul Play|p1a: Koraidon\n|-resisted|p1a: Koraidon\n|-damage|p1a: Koraidon|9\/100\n|\n|upkeep\n|turn|7\n|\n|t:|1698362877\n|move|p2a: Thundurus|Swagger|p1a: Koraidon|[miss]\n|-miss|p2a: Thundurus|p1a: Koraidon\n|move|p1a: Koraidon|Dragon Pulse|p2a: Thundurus\n|-damage|p2a: Thundurus|0 fnt\n|faint|p2a: Thundurus\n|\n|upkeep\n|\n|t:|1698362883\n|switch|p2a: Thundurus|Thundurus, M|100\/100\n|turn|8\n|\n|t:|1698362904\n|move|p2a: Thundurus|Swagger|p1a: Koraidon|[miss]\n|-miss|p2a: Thundurus|p1a: Koraidon\n|move|p1a: Koraidon|Collision Course|p2a: Thundurus\n|-resisted|p2a: Thundurus\n|-damage|p2a: Thundurus|4\/100\n|\n|upkeep\n|turn|9\n|\n|t:|1698362911\n|move|p2a: Thundurus|Swagger|p1a: Koraidon\n|-boost|p1a: Koraidon|atk|2\n|-start|p1a: Koraidon|confusion\n|-activate|p1a: Koraidon|confusion\n|move|p1a: Koraidon|Dragon Pulse|p2a: Thundurus|[miss]\n|-miss|p1a: Koraidon|p2a: Thundurus\n|\n|upkeep\n|turn|10\n|\n|t:|1698362919\n|-activate|p1a: Koraidon|confusion\n|move|p1a: Koraidon|Dragon Pulse|p2a: Thundurus\n|-crit|p2a: Thundurus\n|-damage|p2a: Thundurus|0 fnt\n|faint|p2a: Thundurus\n|\n|upkeep\n|\n|t:|1698362924\n|switch|p2a: Thundurus|Thundurus, M|100\/100\n|turn|11\n|\n|t:|1698362939\n|move|p2a: Thundurus|Swagger||[still]\n|-boost|p1a: Koraidon|atk|0\n|-fail|p2a: Thundurus\n|-end|p1a: Koraidon|confusion\n|move|p1a: Koraidon|Collision Course|p2a: Thundurus\n|-resisted|p2a: Thundurus\n|-damage|p2a: Thundurus|0 fnt\n|faint|p2a: Thundurus\n|\n|upkeep\n|\n|t:|1698362948\n|switch|p2a: Thundurus|Thundurus, M|100\/100\n|turn|12\n|c|\u2606BIGTGAMER09|I thought I couldn't win\n|\n|t:|1698362958\n|move|p2a: Thundurus|Swagger|p1a: Koraidon|[miss]\n|-miss|p2a: Thundurus|p1a: Koraidon\n|move|p1a: Koraidon|Collision Course|p2a: Thundurus|[miss]\n|-miss|p1a: Koraidon|p2a: Thundurus\n|\n|upkeep\n|turn|13\n|\n|t:|1698362965\n|move|p2a: Thundurus|Swagger|p1a: Koraidon\n|-boost|p1a: Koraidon|atk|0\n|-start|p1a: Koraidon|confusion\n|-activate|p1a: Koraidon|confusion\n|move|p1a: Koraidon|Collision Course|p2a: Thundurus\n|-resisted|p2a: Thundurus\n|-damage|p2a: Thundurus|0 fnt\n|faint|p2a: Thundurus\n|\n|win|BIGTGAMER09\n|raw|BIGTGAMER09's rating: 1058 &rarr; <strong>1084<\/strong><br \/>(+26 for winning)\n|raw|hermanuuu's rating: 1000 &rarr; <strong>1000<\/strong><br \/>(+0 for losing)\n|c|\u2606BIGTGAMER09|gg\n|l|\u2606hermanuuu\n","uploadtime":1698362984,"views":10,"p1id":"bigtgamer09","p2id":"hermanuuu","formatid":"gen9anythinggoes","rating":1000,"private":0,"password":""}