{"id":"gen9anythinggoes-1977926750","p1":"Hanar...","p2":"Naeval_Eco","format":"[Gen 9] Anything Goes","log":"|j|\u2606Hanar...\n|j|\u2606Naeval_Eco\n|t:|1698467644\n|gametype|singles\n|player|p1|Hanar...|waiter|1187\n|player|p2|Naeval_Eco|iris-gen5bw2|1153\n|teamsize|p1|6\n|teamsize|p2|6\n|gen|9\n|tier|[Gen 9] Anything Goes\n|rated|\n|rule|HP Percentage Mod: HP is shown in percentages\n|rule|Endless Battle Clause: Forcing endless battles is banned\n|clearpoke\n|poke|p1|Masquerain, F|\n|poke|p1|Vivillon-Icy Snow, M|\n|poke|p1|Forretress, F|\n|poke|p1|Kommo-o, M|\n|poke|p1|Kleavor, F|\n|poke|p1|Ninetales-Alola, F|\n|poke|p2|Espeon, F|\n|poke|p2|Glimmora, M|\n|poke|p2|Leafeon, F|\n|poke|p2|Walking Wake|\n|poke|p2|Polteageist|\n|poke|p2|Honchkrow, M|\n|teampreview\n|inactive|Battle timer is ON: inactive players will automatically lose when time's up. (requested by Naeval_Eco)\n|inactive|Hanar... also wants the timer to be on.\n|\n|t:|1698467650\n|start\n|switch|p1a: Masquerain|Masquerain, F|100\/100\n|switch|p2a: Espeon|Espeon, F|100\/100\n|-ability|p1a: Masquerain|Intimidate|boost\n|-unboost|p2a: Espeon|atk|1\n|turn|1\n|\n|t:|1698467659\n|move|p1a: Masquerain|Bug Buzz|p2a: Espeon\n|-supereffective|p2a: Espeon\n|-damage|p2a: Espeon|27\/100\n|move|p2a: Espeon|Light Screen|p2a: Espeon\n|-sidestart|p2: Naeval_Eco|move: Light Screen\n|\n|upkeep\n|turn|2\n|\n|t:|1698467669\n|move|p1a: Masquerain|Bug Buzz|p2a: Espeon\n|-supereffective|p2a: Espeon\n|-damage|p2a: Espeon|0 fnt\n|faint|p2a: Espeon\n|\n|upkeep\n|\n|t:|1698467675\n|switch|p2a: Glimmora|Glimmora, M|100\/100\n|turn|3\n|\n|t:|1698467683\n|switch|p1a: Vivillon|Vivillon-Icy Snow, M|100\/100\n|move|p2a: Glimmora|Stealth Rock|p1a: Vivillon\n|-sidestart|p1: Hanar...|move: Stealth Rock\n|\n|upkeep\n|turn|4\n|\n|t:|1698467691\n|move|p1a: Vivillon|Quiver Dance|p1a: Vivillon\n|-boost|p1a: Vivillon|spa|1\n|-boost|p1a: Vivillon|spd|1\n|-boost|p1a: Vivillon|spe|1\n|move|p2a: Glimmora|Spikes|p1a: Vivillon\n|-sidestart|p1: Hanar...|Spikes\n|\n|upkeep\n|turn|5\n|\n|t:|1698467698\n|move|p1a: Vivillon|Stun Spore|p2a: Glimmora\n|-status|p2a: Glimmora|par\n|move|p2a: Glimmora|Spikes|p1a: Vivillon\n|-sidestart|p1: Hanar...|Spikes\n|\n|-sideend|p2: Naeval_Eco|move: Light Screen\n|upkeep\n|turn|6\n|\n|t:|1698467709\n|move|p1a: Vivillon|Quiver Dance|p1a: Vivillon\n|-boost|p1a: Vivillon|spa|1\n|-boost|p1a: Vivillon|spd|1\n|-boost|p1a: Vivillon|spe|1\n|move|p2a: Glimmora|Spikes|p1a: Vivillon\n|-sidestart|p1: Hanar...|Spikes\n|\n|upkeep\n|turn|7\n|\n|t:|1698467733\n|move|p1a: Vivillon|Giga Drain|p2a: Glimmora\n|-damage|p2a: Glimmora|66\/100 par\n|cant|p2a: Glimmora|par\n|\n|-heal|p2a: Glimmora|72\/100 par|[from] item: Leftovers\n|upkeep\n|turn|8\n|\n|t:|1698467741\n|move|p1a: Vivillon|Giga Drain|p2a: Glimmora\n|-damage|p2a: Glimmora|36\/100 par\n|move|p2a: Glimmora|Toxic Spikes|p1a: Vivillon\n|-sidestart|p1: Hanar...|move: Toxic Spikes\n|\n|-heal|p2a: Glimmora|42\/100 par|[from] item: Leftovers\n|upkeep\n|turn|9\n|\n|t:|1698467749\n|move|p1a: Vivillon|Giga Drain|p2a: Glimmora\n|-damage|p2a: Glimmora|5\/100 par\n|move|p2a: Glimmora|Toxic Spikes|p1a: Vivillon\n|-sidestart|p1: Hanar...|move: Toxic Spikes\n|\n|-heal|p2a: Glimmora|11\/100 par|[from] item: Leftovers\n|upkeep\n|turn|10\n|\n|t:|1698467758\n|move|p1a: Vivillon|Quiver Dance|p1a: Vivillon\n|-boost|p1a: Vivillon|spa|1\n|-boost|p1a: Vivillon|spd|1\n|-boost|p1a: Vivillon|spe|1\n|cant|p2a: Glimmora|par\n|\n|-heal|p2a: Glimmora|17\/100 par|[from] item: Leftovers\n|upkeep\n|turn|11\n|\n|t:|1698467767\n|move|p1a: Vivillon|Giga Drain|p2a: Glimmora\n|-damage|p2a: Glimmora|0 fnt\n|faint|p2a: Glimmora\n|\n|upkeep\n|\n|t:|1698467776\n|switch|p2a: Honchkrow|Honchkrow, M|100\/100\n|turn|12\n|\n|t:|1698467785\n|move|p1a: Vivillon|Bug Buzz|p2a: Honchkrow\n|-damage|p2a: Honchkrow|0 fnt\n|faint|p2a: Honchkrow\n|\n|upkeep\n|\n|t:|1698467791\n|switch|p2a: Walking Wake|Walking Wake|100\/100\n|turn|13\n|\n|t:|1698467795\n|move|p1a: Vivillon|Giga Drain|p2a: Walking Wake\n|-damage|p2a: Walking Wake|35\/100\n|move|p2a: Walking Wake|Dragon Tail|p1a: Vivillon\n|-damage|p1a: Vivillon|64\/100\n|drag|p1a: Masquerain|Masquerain, F|100\/100\n|-damage|p1a: Masquerain|51\/100|[from] Stealth Rock\n|-ability|p1a: Masquerain|Intimidate|boost\n|-unboost|p2a: Walking Wake|atk|1\n|\n|upkeep\n|turn|14\n|\n|t:|1698467808\n|move|p1a: Masquerain|Sticky Web|p2a: Walking Wake\n|-sidestart|p2: Naeval_Eco|move: Sticky Web\n|move|p2a: Walking Wake|Dragon Tail|p1a: Masquerain\n|-damage|p1a: Masquerain|29\/100\n|drag|p1a: Vivillon|Vivillon-Icy Snow, M|64\/100\n|\n|upkeep\n|turn|15\n|\n|t:|1698467819\n|move|p2a: Walking Wake|Flamethrower|p1a: Vivillon\n|-supereffective|p1a: Vivillon\n|-damage|p1a: Vivillon|0 fnt\n|faint|p1a: Vivillon\n|\n|upkeep\n|\n|t:|1698467830\n|switch|p1a: Forretress|Forretress, F|100\/100\n|-damage|p1a: Forretress|88\/100|[from] Stealth Rock\n|-damage|p1a: Forretress|63\/100|[from] Spikes\n|turn|16\n|\n|t:|1698467839\n|move|p1a: Forretress|Rapid Spin|p2a: Walking Wake\n|-damage|p2a: Walking Wake|24\/100\n|-boost|p1a: Forretress|spe|1\n|-enditem|p2a: Walking Wake|Mirror Herb\n|-boost|p2a: Walking Wake|spe|1|[from] item: Mirror Herb\n|-sideend|p1: Hanar...|Spikes|[from] move: Rapid Spin|[of] p1a: Forretress\n|-sideend|p1: Hanar...|Toxic Spikes|[from] move: Rapid Spin|[of] p1a: Forretress\n|-sideend|p1: Hanar...|Stealth Rock|[from] move: Rapid Spin|[of] p1a: Forretress\n|move|p2a: Walking Wake|Dragon Tail|p1a: Forretress\n|-resisted|p1a: Forretress\n|-crit|p1a: Forretress\n|-damage|p1a: Forretress|56\/100\n|drag|p1a: Masquerain|Masquerain, F|29\/100\n|-ability|p1a: Masquerain|Intimidate|boost\n|-unboost|p2a: Walking Wake|atk|1\n|\n|upkeep\n|turn|17\n|\n|t:|1698467855\n|move|p2a: Walking Wake|Dragon Tail|p1a: Masquerain\n|-damage|p1a: Masquerain|15\/100\n|drag|p1a: Kleavor|Kleavor, F|100\/100\n|\n|upkeep\n|turn|18\n|\n|t:|1698467868\n|move|p2a: Walking Wake|Hydro Steam|p1a: Kleavor\n|-supereffective|p1a: Kleavor\n|-damage|p1a: Kleavor|0 fnt\n|faint|p1a: Kleavor\n|\n|upkeep\n|\n|t:|1698467881\n|switch|p1a: Ninetales|Ninetales-Alola, F|100\/100\n|-weather|Snow|[from] ability: Snow Warning|[of] p1a: Ninetales\n|turn|19\n|\n|t:|1698467890\n|move|p2a: Walking Wake|Flamethrower|p1a: Ninetales\n|-supereffective|p1a: Ninetales\n|-damage|p1a: Ninetales|34\/100\n|move|p1a: Ninetales|Dazzling Gleam|p2a: Walking Wake\n|-supereffective|p2a: Walking Wake\n|-damage|p2a: Walking Wake|0 fnt\n|faint|p2a: Walking Wake\n|-end|p2a: Walking Wake|Protosynthesis|[silent]\n|\n|-weather|Snow|[upkeep]\n|upkeep\n|\n|t:|1698467901\n|switch|p2a: Polteageist|Polteageist|100\/100\n|-activate|p2a: Polteageist|move: Sticky Web\n|-unboost|p2a: Polteageist|spe|1\n|-enditem|p2a: Polteageist|White Herb\n|-clearnegativeboost|p2a: Polteageist|[silent]\n|turn|20\n|\n|t:|1698467911\n|move|p1a: Ninetales|Blizzard|p2a: Polteageist\n|-damage|p2a: Polteageist|58\/100\n|-start|p1a: Ninetales|Disable|Blizzard|[from] ability: Cursed Body|[of] p2a: Polteageist\n|move|p2a: Polteageist|Shell Smash|p2a: Polteageist\n|-unboost|p2a: Polteageist|def|1\n|-unboost|p2a: Polteageist|spd|1\n|-boost|p2a: Polteageist|atk|2\n|-boost|p2a: Polteageist|spa|2\n|-boost|p2a: Polteageist|spe|2\n|\n|-weather|Snow|[upkeep]\n|upkeep\n|turn|21\n|\n|t:|1698467924\n|move|p2a: Polteageist|Psychic|p1a: Ninetales\n|-damage|p1a: Ninetales|0 fnt\n|faint|p1a: Ninetales\n|\n|-weather|Snow|[upkeep]\n|upkeep\n|\n|t:|1698467931\n|switch|p1a: Kommo-o|Kommo-o, M|100\/100\n|turn|22\n|\n|t:|1698467936\n|move|p2a: Polteageist|Psychic|p1a: Kommo-o\n|-supereffective|p1a: Kommo-o\n|-damage|p1a: Kommo-o|0 fnt\n|faint|p1a: Kommo-o\n|\n|-weather|Snow|[upkeep]\n|upkeep\n|\n|t:|1698467943\n|switch|p1a: Masquerain|Masquerain, F|15\/100\n|-ability|p1a: Masquerain|Intimidate|boost\n|-unboost|p2a: Polteageist|atk|1\n|turn|23\n|\n|t:|1698467951\n|move|p2a: Polteageist|Shadow Ball|p1a: Masquerain\n|-damage|p1a: Masquerain|0 fnt\n|faint|p1a: Masquerain\n|\n|-weather|none\n|upkeep\n|\n|t:|1698467965\n|switch|p1a: Forretress|Forretress, F|56\/100\n|turn|24\n|\n|t:|1698467978\n|move|p2a: Polteageist|Dark Pulse|p1a: Forretress\n|-damage|p1a: Forretress|0 fnt\n|faint|p1a: Forretress\n|\n|win|Naeval_Eco\n|raw|Hanar...'s rating: 1187 &rarr; <strong>1160<\/strong><br \/>(-27 for losing)\n|raw|Naeval_Eco's rating: 1153 &rarr; <strong>1180<\/strong><br \/>(+27 for winning)\n","uploadtime":1698467986,"views":15,"p1id":"hanar","p2id":"naevaleco","formatid":"gen9anythinggoes","rating":1160,"private":0,"password":""}