{"id":"gen9anythinggoes-1995738838","p1":"ahaven12345","p2":"GildedSapphire","format":"[Gen 9] Anything Goes","log":"|j|\u2606ahaven12345\n|j|\u2606GildedSapphire\n|t:|1700598605\n|gametype|singles\n|player|p1|ahaven12345|170|1000\n|player|p2|GildedSapphire|wallace|1114\n|teamsize|p1|6\n|teamsize|p2|6\n|gen|9\n|tier|[Gen 9] Anything Goes\n|rated|\n|rule|HP Percentage Mod: HP is shown in percentages\n|rule|Endless Battle Clause: Forcing endless battles is banned\n|clearpoke\n|poke|p1|Zacian-*|\n|poke|p1|Arceus-Ground|\n|poke|p1|Rayquaza|\n|poke|p1|Darkrai|\n|poke|p1|Mewtwo|\n|poke|p1|Hoopa-Unbound|\n|poke|p2|Houndstone, M|\n|poke|p2|Tyranitar, F|\n|poke|p2|Flutter Mane|\n|poke|p2|Glimmora, M|\n|poke|p2|Zoroark-Hisui, M|\n|poke|p2|Drifblim, F|\n|teampreview\n|\n|t:|1700598617\n|start\n|switch|p1a: Zacian|Zacian-Crowned|100\/100\n|switch|p2a: Glimmora|Glimmora, M|100\/100\n|-ability|p1a: Zacian|Intrepid Sword|boost\n|-boost|p1a: Zacian|atk|1\n|turn|1\n|inactive|Battle timer is ON: inactive players will automatically lose when time's up. (requested by ahaven12345)\n|\n|t:|1700598629\n|move|p1a: Zacian|Behemoth Blade|p2a: Glimmora\n|-supereffective|p2a: Glimmora\n|-damage|p2a: Glimmora|0 fnt\n|-activate|p2a: Glimmora|ability: Toxic Debris\n|-sidestart|p1: ahaven12345|move: Toxic Spikes\n|faint|p2a: Glimmora\n|\n|upkeep\n|c|\u2606GildedSapphire|damn a little overboard on the legends lololololol\n|\n|t:|1700598650\n|switch|p2a: Tyranitar|Tyranitar, F|100\/100\n|turn|2\n|\n|t:|1700598656\n|move|p2a: Tyranitar|Flamethrower|p1a: Zacian\n|-supereffective|p1a: Zacian\n|-crit|p1a: Zacian\n|-damage|p1a: Zacian|10\/100\n|move|p1a: Zacian|Close Combat|p2a: Tyranitar\n|-immune|p2a: Tyranitar\n|\n|upkeep\n|turn|3\n|\n|t:|1700598675\n|switch|p1a: Arceus|Arceus-Ground|100\/100\n|-status|p1a: Arceus|psn\n|move|p2a: Tyranitar|Flamethrower|p1a: Arceus\n|-damage|p1a: Arceus|81\/100 psn\n|\n|-damage|p1a: Arceus|68\/100 psn|[from] psn\n|upkeep\n|turn|4\n|\n|t:|1700598686\n|move|p2a: Tyranitar|Bitter Malice|p1a: Arceus\n|-damage|p1a: Arceus|43\/100 psn\n|-unboost|p1a: Arceus|atk|1\n|move|p1a: Arceus|Judgment|p2a: Tyranitar\n|-damage|p2a: Tyranitar|0 fnt\n|replace|p2a: Zoroark|Zoroark-Hisui, M\n|-end|p2a: Zoroark|Illusion\n|faint|p2a: Zoroark\n|\n|-damage|p1a: Arceus|31\/100 psn|[from] psn\n|upkeep\n|\n|t:|1700598698\n|switch|p2a: Drifblim|Drifblim, F|100\/100\n|turn|5\n|\n|t:|1700598704\n|switch|p1a: Darkrai|Darkrai|100\/100\n|-status|p1a: Darkrai|psn\n|move|p2a: Drifblim|Minimize|p2a: Drifblim\n|-boost|p2a: Drifblim|evasion|2\n|\n|-damage|p1a: Darkrai|88\/100 psn|[from] psn\n|upkeep\n|turn|6\n|\n|t:|1700598714\n|move|p1a: Darkrai|Dark Pulse|p2a: Drifblim|[miss]\n|-miss|p1a: Darkrai|p2a: Drifblim\n|move|p2a: Drifblim|Minimize|p2a: Drifblim\n|-boost|p2a: Drifblim|evasion|2\n|\n|-heal|p1a: Darkrai|94\/100 psn|[from] item: Leftovers\n|-damage|p1a: Darkrai|82\/100 psn|[from] psn\n|upkeep\n|turn|7\n|\n|t:|1700598726\n|move|p1a: Darkrai|Dark Pulse|p2a: Drifblim|[miss]\n|-miss|p1a: Darkrai|p2a: Drifblim\n|move|p2a: Drifblim|Minimize|p2a: Drifblim\n|-boost|p2a: Drifblim|evasion|2\n|\n|-heal|p1a: Darkrai|88\/100 psn|[from] item: Leftovers\n|-damage|p1a: Darkrai|75\/100 psn|[from] psn\n|upkeep\n|turn|8\n|\n|t:|1700598736\n|move|p1a: Darkrai|Dark Pulse|p2a: Drifblim\n|-supereffective|p2a: Drifblim\n|-damage|p2a: Drifblim|53\/100\n|move|p2a: Drifblim|Baton Pass|p2a: Drifblim\n|\n|t:|1700598740\n|switch|p2a: Flutter Mane|Flutter Mane|100\/100|[from] Baton Pass\n|-enditem|p2a: Flutter Mane|Booster Energy\n|-activate|p2a: Flutter Mane|ability: Protosynthesis|[fromitem]\n|-start|p2a: Flutter Mane|protosynthesisspe\n|\n|-heal|p1a: Darkrai|81\/100 psn|[from] item: Leftovers\n|-damage|p1a: Darkrai|69\/100 psn|[from] psn\n|upkeep\n|turn|9\n|\n|t:|1700598758\n|switch|p1a: Hoopa|Hoopa-Unbound|100\/100\n|-status|p1a: Hoopa|psn\n|move|p2a: Flutter Mane|Moonblast|p1a: Hoopa\n|-supereffective|p1a: Hoopa\n|-damage|p1a: Hoopa|17\/100 psn\n|\n|-heal|p1a: Hoopa|23\/100 psn|[from] item: Leftovers\n|-damage|p1a: Hoopa|11\/100 psn|[from] psn\n|upkeep\n|turn|10\n|inactive|ahaven12345 has 120 seconds left.\n|\n|t:|1700598789\n|switch|p1a: Zacian|Zacian-Crowned|10\/100\n|move|p2a: Flutter Mane|Moonblast|p1a: Zacian\n|-resisted|p1a: Zacian\n|-crit|p1a: Zacian\n|-damage|p1a: Zacian|0 fnt\n|faint|p1a: Zacian\n|\n|upkeep\n|\n|t:|1700598799\n|switch|p1a: Rayquaza|Rayquaza|100\/100\n|-ability|p1a: Rayquaza|Air Lock\n|turn|11\n|inactive|ahaven12345 has 120 seconds left.\n|\n|t:|1700598809\n|move|p2a: Flutter Mane|Moonblast|p1a: Rayquaza\n|-supereffective|p1a: Rayquaza\n|-damage|p1a: Rayquaza|0 fnt\n|faint|p1a: Rayquaza\n|\n|upkeep\n|-message|ahaven12345 forfeited.\n|\n|win|GildedSapphire\n|raw|ahaven12345's rating: 1000 &rarr; <strong>1000<\/strong><br \/>(+0 for losing)\n|raw|GildedSapphire's rating: 1114 &rarr; <strong>1131<\/strong><br \/>(+17 for winning)\n|l|\u2606ahaven12345\n","uploadtime":1700598820,"views":1,"p1id":"ahaven12345","p2id":"gildedsapphire","formatid":"gen9anythinggoes","rating":1000,"private":0,"password":""}