{"id":"gen9anythinggoes-1974877712","p1":"what-did-u-expect","p2":"most mid AG player","format":"[Gen 9] Anything Goes","log":"|j|\u2606what-did-u-expect\n|j|\u2606most mid AG player\n|t:|1698138760\n|gametype|singles\n|player|p1|what-did-u-expect|winona|1350\n|player|p2|most mid AG player|dancer|1391\n|teamsize|p1|6\n|teamsize|p2|6\n|gen|9\n|tier|[Gen 9] Anything Goes\n|rated|\n|rule|HP Percentage Mod: HP is shown in percentages\n|rule|Endless Battle Clause: Forcing endless battles is banned\n|clearpoke\n|poke|p1|Cinderace, F|\n|poke|p1|Ting-Lu|\n|poke|p1|Koraidon|\n|poke|p1|Glimmora, F|\n|poke|p1|Ogerpon-Hearthflame, F|\n|poke|p1|Zoroark-Hisui, F|\n|poke|p2|Koraidon|\n|poke|p2|Miraidon|\n|poke|p2|Groudon|\n|poke|p2|Calyrex-Shadow|\n|poke|p2|Flutter Mane|\n|poke|p2|Cloyster, M|\n|teampreview\n|inactive|Battle timer is ON: inactive players will automatically lose when time's up. (requested by what-did-u-expect)\n|c|\u2606what-did-u-expect|very common and not original\n|\n|t:|1698138785\n|start\n|switch|p1a: Poisoned?|Glimmora, F|100\/100\n|switch|p2a: Groudon|Groudon|100\/100\n|-weather|SunnyDay|[from] ability: Drought|[of] p2a: Groudon\n|turn|1\n|\n|t:|1698138795\n|move|p1a: Poisoned?|Energy Ball|p2a: Groudon\n|-supereffective|p2a: Groudon\n|-damage|p2a: Groudon|37\/100\n|move|p2a: Groudon|Spikes|p1a: Poisoned?\n|-sidestart|p1: what-did-u-expect|Spikes\n|\n|-weather|SunnyDay|[upkeep]\n|-heal|p2a: Groudon|43\/100|[from] item: Leftovers\n|upkeep\n|turn|2\n|\n|t:|1698138803\n|move|p2a: Groudon|Protect|p2a: Groudon\n|-singleturn|p2a: Groudon|Protect\n|move|p1a: Poisoned?|Stealth Rock|p2a: Groudon\n|-sidestart|p2: most mid AG player|move: Stealth Rock\n|\n|-weather|SunnyDay|[upkeep]\n|-heal|p2a: Groudon|50\/100|[from] item: Leftovers\n|upkeep\n|turn|3\n|c|\u2606what-did-u-expect|expected\n|\n|t:|1698138812\n|switch|p2a: Koraidon|Koraidon|100\/100\n|-damage|p2a: Koraidon|94\/100|[from] Stealth Rock\n|-activate|p2a: Koraidon|ability: Orichalcum Pulse\n|move|p1a: Poisoned?|Energy Ball|p2a: Koraidon\n|-resisted|p2a: Koraidon\n|-damage|p2a: Koraidon|78\/100\n|\n|-weather|SunnyDay|[upkeep]\n|upkeep\n|turn|4\n|c|\u2606what-did-u-expect|protect on everything\n|\n|t:|1698138823\n|move|p2a: Koraidon|Swords Dance|p2a: Koraidon\n|-boost|p2a: Koraidon|atk|2\n|move|p1a: Poisoned?|Mortal Spin|p2a: Koraidon\n|-damage|p2a: Koraidon|73\/100\n|-status|p2a: Koraidon|psn\n|-sideend|p1: what-did-u-expect|Spikes|[from] move: Mortal Spin|[of] p1a: Poisoned?\n|\n|-weather|SunnyDay|[upkeep]\n|-damage|p2a: Koraidon|60\/100 psn|[from] psn\n|upkeep\n|turn|5\n|\n|t:|1698138828\n|move|p2a: Koraidon|Scale Shot|p1a: Poisoned?\n|-damage|p1a: Poisoned?|59\/100\n|-activate|p1a: Poisoned?|ability: Toxic Debris\n|-sidestart|p2: most mid AG player|move: Toxic Spikes\n|-damage|p1a: Poisoned?|16\/100\n|-activate|p1a: Poisoned?|ability: Toxic Debris\n|-sidestart|p2: most mid AG player|move: Toxic Spikes\n|-damage|p1a: Poisoned?|0 fnt\n|faint|p1a: Poisoned?\n|-hitcount|p1: Poisoned?|3\n|-unboost|p2a: Koraidon|def|1\n|-boost|p2a: Koraidon|spe|1\n|\n|-weather|none\n|-damage|p2a: Koraidon|48\/100 psn|[from] psn\n|upkeep\n|\n|t:|1698138840\n|switch|p1a: Moose with a bowl|Ting-Lu|100\/100\n|turn|6\n|\n|t:|1698138846\n|move|p2a: Koraidon|Low Kick|p1a: Moose with a bowl\n|-immune|p1a: Moose with a bowl\n|move|p1a: Moose with a bowl|Bitter Malice|p2a: Koraidon\n|-damage|p2a: Koraidon|0 fnt\n|faint|p2a: Koraidon\n|\n|upkeep\n|\n|t:|1698138855\n|switch|p2a: Miraidon|Miraidon|100\/100\n|-damage|p2a: Miraidon|88\/100|[from] Stealth Rock\n|-status|p2a: Miraidon|tox\n|-fieldstart|move: Electric Terrain|[from] ability: Hadron Engine|[of] p2a: Miraidon\n|turn|7\n|\n|t:|1698138865\n|switch|p1a: Moose with a bowl|Ting-Lu|100\/100\n|-ability|p1a: Moose with a bowl|Vessel of Ruin\n|move|p2a: Miraidon|Electro Drift|p1a: Moose with a bowl\n|-immune|p1a: Moose with a bowl\n|\n|-damage|p2a: Miraidon|82\/100 tox|[from] psn\n|upkeep\n|turn|8\n|\n|t:|1698138870\n|switch|p2a: Groudon|Groudon|50\/100\n|-damage|p2a: Groudon|43\/100|[from] Stealth Rock\n|-status|p2a: Groudon|tox\n|-weather|SunnyDay|[from] ability: Drought|[of] p2a: Groudon\n|move|p1a: Moose with a bowl|Whirlwind|p2a: Groudon\n|drag|p2a: Miraidon|Miraidon|82\/100 tox\n|-damage|p2a: Miraidon|70\/100 tox|[from] Stealth Rock\n|-activate|p2a: Miraidon|ability: Hadron Engine\n|\n|-weather|SunnyDay|[upkeep]\n|-damage|p2a: Miraidon|64\/100 tox|[from] psn\n|upkeep\n|turn|9\n|\n|t:|1698138879\n|move|p2a: Miraidon|U-turn|p1a: Moose with a bowl\n|-supereffective|p1a: Moose with a bowl\n|-damage|p1a: Moose with a bowl|85\/100\n|\n|t:|1698138881\n|switch|p2a: Groudon|Groudon|43\/100 tox|[from] U-turn\n|-damage|p2a: Groudon|37\/100 tox|[from] Stealth Rock\n|move|p1a: Moose with a bowl|Stone Edge|p2a: Groudon\n|-resisted|p2a: Groudon\n|-damage|p2a: Groudon|31\/100 tox\n|\n|-weather|SunnyDay|[upkeep]\n|-heal|p2a: Groudon|37\/100 tox|[from] item: Leftovers\n|-heal|p1a: Moose with a bowl|91\/100|[from] item: Leftovers\n|-damage|p2a: Groudon|31\/100 tox|[from] psn\n|upkeep\n|turn|10\n|inactive|what-did-u-expect has 120 seconds left.\n|\n|t:|1698138934\n|move|p2a: Groudon|Will-O-Wisp|p1a: Moose with a bowl\n|-status|p1a: Moose with a bowl|brn\n|move|p1a: Moose with a bowl|Stomping Tantrum|p2a: Groudon\n|-damage|p2a: Groudon|23\/100 tox\n|\n|-weather|SunnyDay|[upkeep]\n|-heal|p2a: Groudon|30\/100 tox|[from] item: Leftovers\n|-heal|p1a: Moose with a bowl|97\/100 brn|[from] item: Leftovers\n|-damage|p2a: Groudon|17\/100 tox|[from] psn\n|-damage|p1a: Moose with a bowl|91\/100 brn|[from] brn\n|upkeep\n|turn|11\n|\n|t:|1698138945\n|move|p2a: Groudon|Spikes|p1a: Moose with a bowl\n|-sidestart|p1: what-did-u-expect|Spikes\n|move|p1a: Moose with a bowl|Stone Edge|p2a: Groudon\n|-resisted|p2a: Groudon\n|-damage|p2a: Groudon|14\/100 tox\n|\n|-weather|SunnyDay|[upkeep]\n|-heal|p2a: Groudon|20\/100 tox|[from] item: Leftovers\n|-heal|p1a: Moose with a bowl|97\/100 brn|[from] item: Leftovers\n|-damage|p2a: Groudon|1\/100 tox|[from] psn\n|-damage|p1a: Moose with a bowl|91\/100 brn|[from] brn\n|-fieldend|move: Electric Terrain\n|upkeep\n|turn|12\n|\n|t:|1698138954\n|switch|p1a: Girl With a bat|Ogerpon-Hearthflame, F|100\/100\n|-damage|p1a: Girl With a bat|88\/100|[from] Spikes\n|-ability|p1a: Girl With a bat|Mold Breaker\n|move|p2a: Groudon|Spikes|p1a: Girl With a bat\n|-sidestart|p1: what-did-u-expect|Spikes\n|\n|-weather|none\n|-heal|p2a: Groudon|7\/100 tox|[from] item: Leftovers\n|-damage|p2a: Groudon|0 fnt|[from] psn\n|faint|p2a: Groudon\n|upkeep\n|\n|t:|1698138966\n|switch|p2a: Calyrex|Calyrex-Shadow|100\/100\n|-ability|p2a: Calyrex|As One\n|-ability|p2a: Calyrex|Unnerve\n|-damage|p2a: Calyrex|88\/100|[from] Stealth Rock\n|-status|p2a: Calyrex|tox\n|turn|13\n|inactive|what-did-u-expect has 120 seconds left.\n|\n|t:|1698138977\n|move|p2a: Calyrex|Astral Barrage|p1a: Girl With a bat\n|-damage|p1a: Girl With a bat|3\/100\n|move|p1a: Girl With a bat|Trailblaze|p2a: Calyrex\n|-damage|p2a: Calyrex|55\/100 tox\n|-boost|p1a: Girl With a bat|spe|1\n|\n|-damage|p2a: Calyrex|49\/100 tox|[from] psn\n|upkeep\n|turn|14\n|\n|t:|1698138986\n|move|p1a: Girl With a bat|Horn Leech|p2a: Calyrex\n|-damage|p2a: Calyrex|0 fnt\n|-heal|p1a: Girl With a bat|31\/100|[from] drain|[of] p2a: Calyrex\n|faint|p2a: Calyrex\n|\n|upkeep\n|\n|t:|1698138991\n|switch|p2a: Cloyster|Cloyster, M|100\/100\n|-damage|p2a: Cloyster|76\/100|[from] Stealth Rock\n|-status|p2a: Cloyster|tox\n|turn|15\n|\n|t:|1698139001\n|move|p2a: Cloyster|Ice Shard|p1a: Girl With a bat\n|-damage|p1a: Girl With a bat|8\/100\n|move|p1a: Girl With a bat|Horn Leech|p2a: Cloyster\n|-supereffective|p2a: Cloyster\n|-damage|p2a: Cloyster|0 fnt\n|-heal|p1a: Girl With a bat|39\/100|[from] drain|[of] p2a: Cloyster\n|faint|p2a: Cloyster\n|\n|upkeep\n|\n|t:|1698139005\n|switch|p2a: Miraidon|Miraidon|64\/100 tox\n|-damage|p2a: Miraidon|51\/100 tox|[from] Stealth Rock\n|-fieldstart|move: Electric Terrain|[from] ability: Hadron Engine|[of] p2a: Miraidon\n|turn|16\n|\n|t:|1698139016\n|move|p2a: Miraidon|Electro Drift|p1a: Girl With a bat\n|-resisted|p1a: Girl With a bat\n|-damage|p1a: Girl With a bat|0 fnt\n|faint|p1a: Girl With a bat\n|\n|-damage|p2a: Miraidon|45\/100 tox|[from] psn\n|upkeep\n|\n|t:|1698139021\n|switch|p1a: Koraidon|Koraidon|100\/100\n|-damage|p1a: Koraidon|84\/100|[from] Spikes\n|-weather|SunnyDay|[from] ability: Orichalcum Pulse|[of] p1a: Koraidon\n|-activate|p1a: Koraidon|Orichalcum Pulse|[source]\n|turn|17\n|\n|t:|1698139036\n|-terastallize|p2a: Miraidon|Fairy\n|-terastallize|p1a: Koraidon|Steel\n|move|p2a: Miraidon|Electro Drift|p1a: Koraidon\n|-damage|p1a: Koraidon|0 fnt\n|faint|p1a: Koraidon\n|\n|-weather|SunnyDay|[upkeep]\n|-damage|p2a: Miraidon|33\/100 tox|[from] psn\n|upkeep\n|\n|t:|1698139052\n|switch|p1a: Moose with a bowl|Ting-Lu|91\/100 brn\n|-damage|p1a: Moose with a bowl|75\/100 brn|[from] Spikes\n|-ability|p1a: Moose with a bowl|Vessel of Ruin\n|turn|18\n|\n|t:|1698139057\n|move|p2a: Miraidon|Electro Drift|p1a: Moose with a bowl\n|-immune|p1a: Moose with a bowl\n|move|p1a: Moose with a bowl|Stone Edge|p2a: Miraidon\n|-damage|p2a: Miraidon|20\/100 tox\n|\n|-weather|SunnyDay|[upkeep]\n|-heal|p1a: Moose with a bowl|81\/100 brn|[from] item: Leftovers\n|-damage|p2a: Miraidon|1\/100 tox|[from] psn\n|-damage|p1a: Moose with a bowl|75\/100 brn|[from] brn\n|upkeep\n|turn|19\n|c|\u2606what-did-u-expect|choice spec\n|\n|t:|1698139071\n|switch|p1a: Moose with a bowl|Ting-Lu|100\/100\n|-damage|p1a: Moose with a bowl|84\/100|[from] Spikes\n|move|p2a: Miraidon|Electro Drift|p1a: Moose with a bowl\n|-crit|p1a: Moose with a bowl\n|-damage|p1a: Moose with a bowl|0 fnt\n|replace|p1a: What i am zoroark?|Zoroark-Hisui, F\n|-end|p1a: What i am zoroark?|Illusion\n|faint|p1a: What i am zoroark?\n|\n|-weather|SunnyDay|[upkeep]\n|-damage|p2a: Miraidon|0 fnt|[from] psn\n|faint|p2a: Miraidon\n|upkeep\n|\n|t:|1698139079\n|switch|p2a: Flutter Mane|Flutter Mane|100\/100\n|switch|p1a: Moose with a bowl|Ting-Lu|75\/100 brn\n|-damage|p2a: Flutter Mane|88\/100|[from] Stealth Rock\n|-status|p2a: Flutter Mane|tox\n|-activate|p2a: Flutter Mane|ability: Protosynthesis\n|-start|p2a: Flutter Mane|protosynthesisspe\n|-damage|p1a: Moose with a bowl|58\/100 brn|[from] Spikes\n|-ability|p1a: Moose with a bowl|Vessel of Ruin\n|turn|20\n|\n|t:|1698139085\n|move|p2a: Flutter Mane|Moonblast|p1a: Moose with a bowl\n|-supereffective|p1a: Moose with a bowl\n|-damage|p1a: Moose with a bowl|0 fnt\n|faint|p1a: Moose with a bowl\n|\n|-weather|SunnyDay|[upkeep]\n|-damage|p2a: Flutter Mane|82\/100 tox|[from] psn\n|-fieldend|move: Electric Terrain\n|upkeep\n|\n|t:|1698139087\n|switch|p1a: Best gen 8 starter|Cinderace, F, shiny|100\/100\n|-damage|p1a: Best gen 8 starter|84\/100|[from] Spikes\n|turn|21\n|\n|t:|1698139089\n|move|p1a: Best gen 8 starter|Sucker Punch|p2a: Flutter Mane\n|-start|p1a: Best gen 8 starter|typechange|Dark|[from] ability: Libero\n|-damage|p2a: Flutter Mane|7\/100 tox\n|move|p2a: Flutter Mane|Moonblast|p1a: Best gen 8 starter\n|-supereffective|p1a: Best gen 8 starter\n|-damage|p1a: Best gen 8 starter|0 fnt\n|faint|p1a: Best gen 8 starter\n|\n|win|most mid AG player\n|raw|what-did-u-expect's rating: 1350 &rarr; <strong>1332<\/strong><br \/>(-18 for losing)\n|raw|most mid AG player's rating: 1391 &rarr; <strong>1409<\/strong><br \/>(+18 for winning)\n|c|\u2606most mid AG player|gg\n|c|\u2606what-did-u-expect|nah\n|c|\u2606what-did-u-expect|of course\n|c|\u2606what-did-u-expect|you open after the game is done\n|c|\u2606what-did-u-expect|but yh\n|c|\u2606what-did-u-expect|mid is what you are for sure\n|c|\u2606what-did-u-expect|AG spams\n|l|\u2606what-did-u-expect\n|c|\u2606most mid AG player|lmao\n","uploadtime":1698139135,"views":17,"p1id":"whatdiduexpect","p2id":"mostmidagplayer","formatid":"gen9anythinggoes","rating":1332,"private":0,"password":""}