{"id":"gen9anythinggoes-1992976349","p1":"kai_medrano1","p2":"Nekogamer2168","format":"[Gen 9] Anything Goes","log":"|j|\u2606kai_medrano1\n|j|\u2606Nekogamer2168\n|t:|1700251966\n|gametype|singles\n|player|p1|kai_medrano1|265|1139\n|player|p2|Nekogamer2168|palmer|1108\n|teamsize|p1|6\n|teamsize|p2|6\n|gen|9\n|tier|[Gen 9] Anything Goes\n|rated|\n|rule|HP Percentage Mod: HP is shown in percentages\n|rule|Endless Battle Clause: Forcing endless battles is banned\n|clearpoke\n|poke|p1|Giratina-Origin|\n|poke|p1|Palkia-Origin|\n|poke|p1|Zacian-*|\n|poke|p1|Arceus-Dark|\n|poke|p1|Dialga-Origin|\n|poke|p1|Mew|\n|poke|p2|Klefki, F|\n|poke|p2|Drifloon, M|\n|poke|p2|Volcarona, F|\n|poke|p2|Primeape, M|\n|poke|p2|Blissey, F|\n|poke|p2|Gengar, M|\n|teampreview\n|c|\u2606kai_medrano1|legend for life\n|\n|t:|1700251981\n|start\n|switch|p1a: Giratina|Giratina-Origin|100\/100\n|switch|p2a: Key's r useful.|Klefki, F, shiny|100\/100\n|turn|1\n|inactive|Battle timer is ON: inactive players will automatically lose when time's up. (requested by Nekogamer2168)\n|\n|t:|1700251990\n|move|p2a: Key's r useful.|Thunder Wave|p1a: Giratina\n|-status|p1a: Giratina|par\n|cant|p1a: Giratina|par\n|\n|upkeep\n|turn|2\n|\n|t:|1700251995\n|move|p2a: Key's r useful.|Light Screen|p2a: Key's r useful.\n|-sidestart|p2: Nekogamer2168|move: Light Screen\n|move|p1a: Giratina|Dragon Pulse|p2a: Key's r useful.\n|-immune|p2a: Key's r useful.\n|\n|upkeep\n|turn|3\n|\n|t:|1700251999\n|move|p2a: Key's r useful.|Reflect|p2a: Key's r useful.\n|-sidestart|p2: Nekogamer2168|Reflect\n|cant|p1a: Giratina|par\n|\n|upkeep\n|turn|4\n|\n|t:|1700252002\n|move|p2a: Key's r useful.|Spikes|p1a: Giratina\n|-sidestart|p1: kai_medrano1|Spikes\n|move|p1a: Giratina|Draco Meteor|p2a: Key's r useful.\n|-immune|p2a: Key's r useful.\n|\n|upkeep\n|turn|5\n|\n|t:|1700252007\n|move|p2a: Key's r useful.|Spikes|p1a: Giratina\n|-sidestart|p1: kai_medrano1|Spikes\n|move|p1a: Giratina|Calm Mind|p1a: Giratina\n|-boost|p1a: Giratina|spa|1\n|-boost|p1a: Giratina|spd|1\n|\n|upkeep\n|turn|6\n|\n|t:|1700252012\n|move|p2a: Key's r useful.|Spikes|p1a: Giratina\n|-sidestart|p1: kai_medrano1|Spikes\n|move|p1a: Giratina|Calm Mind|p1a: Giratina\n|-boost|p1a: Giratina|spa|1\n|-boost|p1a: Giratina|spd|1\n|\n|upkeep\n|turn|7\n|\n|t:|1700252019\n|switch|p2a: Ello|Drifloon, M, shiny|100\/100\n|move|p1a: Giratina|Calm Mind|p1a: Giratina\n|-boost|p1a: Giratina|spa|1\n|-boost|p1a: Giratina|spd|1\n|\n|upkeep\n|turn|8\n|\n|t:|1700252024\n|move|p2a: Ello|Minimize|p2a: Ello\n|-boost|p2a: Ello|evasion|2\n|move|p1a: Giratina|Draco Meteor|p2a: Ello\n|-damage|p2a: Ello|1\/100\n|-unboost|p1a: Giratina|spa|2\n|\n|upkeep\n|turn|9\n|\n|t:|1700252030\n|move|p2a: Ello|Baton Pass|p2a: Ello\n|\n|t:|1700252035\n|switch|p2a: Ghost|Gengar, M|100\/100|[from] Baton Pass\n|move|p1a: Giratina|Draco Meteor|p2a: Ghost|[miss]\n|-miss|p1a: Giratina|p2a: Ghost\n|\n|-sideend|p2: Nekogamer2168|move: Light Screen\n|upkeep\n|turn|10\n|\n|t:|1700252041\n|move|p2a: Ghost|Toxic Spikes|p1a: Giratina\n|-sidestart|p1: kai_medrano1|move: Toxic Spikes\n|move|p1a: Giratina|Draco Meteor|p2a: Ghost|[miss]\n|-miss|p1a: Giratina|p2a: Ghost\n|\n|-sideend|p2: Nekogamer2168|Reflect\n|upkeep\n|turn|11\n|\n|t:|1700252047\n|move|p2a: Ghost|Dazzling Gleam|p1a: Giratina\n|-supereffective|p1a: Giratina\n|-damage|p1a: Giratina|81\/100 par\n|cant|p1a: Giratina|par\n|\n|upkeep\n|turn|12\n|\n|t:|1700252051\n|move|p2a: Ghost|Nasty Plot|p2a: Ghost\n|-boost|p2a: Ghost|spa|2\n|cant|p1a: Giratina|par\n|\n|upkeep\n|turn|13\n|\n|t:|1700252056\n|move|p2a: Ghost|Nasty Plot|p2a: Ghost\n|-boost|p2a: Ghost|spa|2\n|cant|p1a: Giratina|par\n|\n|upkeep\n|turn|14\n|\n|t:|1700252060\n|move|p2a: Ghost|Nasty Plot|p2a: Ghost\n|-boost|p2a: Ghost|spa|2\n|move|p1a: Giratina|Draco Meteor|p2a: Ghost|[miss]\n|-miss|p1a: Giratina|p2a: Ghost\n|\n|upkeep\n|turn|15\n|\n|t:|1700252066\n|move|p2a: Ghost|Dazzling Gleam|p1a: Giratina\n|-supereffective|p1a: Giratina\n|-damage|p1a: Giratina|0 fnt\n|faint|p1a: Giratina\n|\n|upkeep\n|\n|t:|1700252072\n|switch|p1a: Palkia|Palkia-Origin|100\/100\n|-damage|p1a: Palkia|76\/100|[from] Spikes\n|-status|p1a: Palkia|psn\n|-ability|p1a: Palkia|Pressure\n|turn|16\n|\n|t:|1700252079\n|move|p2a: Ghost|Dazzling Gleam|p1a: Palkia\n|-supereffective|p1a: Palkia\n|-damage|p1a: Palkia|0 fnt\n|faint|p1a: Palkia\n|\n|upkeep\n|-message|kai_medrano1 forfeited.\n|\n|win|Nekogamer2168\n|raw|kai_medrano1's rating: 1139 &rarr; <strong>1112<\/strong><br \/>(-27 for losing)\n|raw|Nekogamer2168's rating: 1108 &rarr; <strong>1135<\/strong><br \/>(+27 for winning)\n|l|\u2606kai_medrano1\n|c|\u2606Nekogamer2168|lol\n","uploadtime":1700252115,"views":5,"p1id":"kaimedrano1","p2id":"nekogamer2168","formatid":"gen9anythinggoes","rating":1112,"private":0,"password":""}