{"id":"gen9anythinggoes-1994696214","p1":"teirinan","p2":"DrontDoDugs","format":"[Gen 9] Anything Goes","log":"|j|\u2606teirinan\n|j|\u2606DrontDoDugs\n|t:|1700482376\n|gametype|singles\n|player|p1|teirinan|1|1414\n|player|p2|DrontDoDugs|shadowtriad|1480\n|teamsize|p1|6\n|teamsize|p2|6\n|gen|9\n|tier|[Gen 9] Anything Goes\n|rated|\n|rule|HP Percentage Mod: HP is shown in percentages\n|rule|Endless Battle Clause: Forcing endless battles is banned\n|clearpoke\n|poke|p1|Dragapult, F|\n|poke|p1|Urshifu-*, M|\n|poke|p1|Arceus|\n|poke|p1|Jirachi|\n|poke|p1|Zacian-*|\n|poke|p1|Calyrex-Shadow|\n|poke|p2|Magearna|\n|poke|p2|Blissey, F|\n|poke|p2|Eternatus|\n|poke|p2|Jirachi|\n|poke|p2|Magearna|\n|poke|p2|Calyrex-Shadow|\n|teampreview\n|inactive|Battle timer is ON: inactive players will automatically lose when time's up. (requested by DrontDoDugs)\n|\n|t:|1700482386\n|start\n|switch|p1a: Arceus|Arceus|100\/100\n|switch|p2a: Calyrex|Calyrex-Shadow|100\/100\n|-ability|p2a: Calyrex|As One\n|-ability|p2a: Calyrex|Unnerve\n|turn|1\n|\n|t:|1700482395\n|move|p2a: Calyrex|Taunt|p1a: Arceus\n|-start|p1a: Arceus|move: Taunt\n|move|p1a: Arceus|Dark Pulse|p2a: Calyrex\n|-supereffective|p2a: Calyrex\n|-damage|p2a: Calyrex|26\/100\n|\n|upkeep\n|turn|2\n|\n|t:|1700482404\n|move|p2a: Calyrex|Nasty Plot|p2a: Calyrex\n|-boost|p2a: Calyrex|spa|2\n|move|p1a: Arceus|Dark Pulse|p2a: Calyrex\n|-supereffective|p2a: Calyrex\n|-damage|p2a: Calyrex|0 fnt\n|faint|p2a: Calyrex\n|\n|upkeep\n|\n|t:|1700482409\n|switch|p2a: Jirachi|Jirachi|100\/100\n|turn|3\n|\n|t:|1700482414\n|move|p1a: Arceus|Dazzling Gleam|p2a: Jirachi\n|-resisted|p2a: Jirachi\n|-damage|p2a: Jirachi|93\/100\n|move|p2a: Jirachi|Cosmic Power|p2a: Jirachi\n|-boost|p2a: Jirachi|def|1\n|-boost|p2a: Jirachi|spd|1\n|\n|-heal|p2a: Jirachi|99\/100|[from] item: Leftovers\n|-end|p1a: Arceus|move: Taunt\n|upkeep\n|turn|4\n|\n|t:|1700482420\n|move|p1a: Arceus|Stealth Rock|p2a: Jirachi\n|-sidestart|p2: DrontDoDugs|move: Stealth Rock\n|move|p2a: Jirachi|Cosmic Power|p2a: Jirachi\n|-boost|p2a: Jirachi|def|1\n|-boost|p2a: Jirachi|spd|1\n|\n|-heal|p2a: Jirachi|100\/100|[from] item: Leftovers\n|upkeep\n|turn|5\n|\n|t:|1700482423\n|move|p1a: Arceus|Thunder Wave|p2a: Jirachi\n|-status|p2a: Jirachi|par\n|move|p2a: Jirachi|Cosmic Power|p2a: Jirachi\n|-boost|p2a: Jirachi|def|1\n|-boost|p2a: Jirachi|spd|1\n|\n|upkeep\n|turn|6\n|\n|t:|1700482435\n|switch|p1a: Jirachi|Jirachi|100\/100\n|cant|p2a: Jirachi|par\n|\n|upkeep\n|turn|7\n|\n|t:|1700482441\n|-terastallize|p1a: Jirachi|Steel\n|move|p1a: Jirachi|Iron Head|p2a: Jirachi\n|-resisted|p2a: Jirachi\n|-damage|p2a: Jirachi|92\/100 par\n|move|p2a: Jirachi|Cosmic Power|p2a: Jirachi\n|-boost|p2a: Jirachi|def|1\n|-boost|p2a: Jirachi|spd|1\n|\n|-heal|p2a: Jirachi|98\/100 par|[from] item: Leftovers\n|upkeep\n|turn|8\n|\n|t:|1700482449\n|switch|p1a: Urshifu|Urshifu-Rapid-Strike, M|100\/100\n|cant|p2a: Jirachi|par\n|\n|-heal|p2a: Jirachi|100\/100 par|[from] item: Leftovers\n|upkeep\n|turn|9\n|\n|t:|1700482456\n|move|p1a: Urshifu|Drain Punch|p2a: Jirachi\n|-damage|p2a: Jirachi|90\/100 par\n|move|p2a: Jirachi|Baton Pass|p2a: Jirachi\n|\n|t:|1700482463\n|switch|p2a: Magearna|Magearna|100\/100|[from] Baton Pass\n|-damage|p2a: Magearna|94\/100|[from] Stealth Rock\n|\n|-heal|p2a: Magearna|100\/100|[from] item: Leftovers\n|upkeep\n|turn|10\n|\n|t:|1700482473\n|move|p1a: Urshifu|Surging Strikes|p2a: Magearna\n|-crit|p2a: Magearna\n|-damage|p2a: Magearna|89\/100\n|-crit|p2a: Magearna\n|-damage|p2a: Magearna|77\/100\n|-crit|p2a: Magearna\n|-damage|p2a: Magearna|66\/100\n|-hitcount|p2a: Magearna|3\n|move|p2a: Magearna|Shift Gear|p2a: Magearna\n|-boost|p2a: Magearna|spe|2\n|-boost|p2a: Magearna|atk|1\n|\n|-heal|p2a: Magearna|72\/100|[from] item: Leftovers\n|upkeep\n|turn|11\n|\n|t:|1700482485\n|move|p2a: Magearna|Shift Gear|p2a: Magearna\n|-boost|p2a: Magearna|spe|2\n|-boost|p2a: Magearna|atk|1\n|move|p1a: Urshifu|Surging Strikes|p2a: Magearna\n|-crit|p2a: Magearna\n|-damage|p2a: Magearna|59\/100\n|-crit|p2a: Magearna\n|-damage|p2a: Magearna|48\/100\n|-crit|p2a: Magearna\n|-damage|p2a: Magearna|35\/100\n|-hitcount|p2a: Magearna|3\n|\n|-heal|p2a: Magearna|41\/100|[from] item: Leftovers\n|upkeep\n|turn|12\n|\n|t:|1700482501\n|move|p2a: Magearna|Stored Power|p1a: Urshifu\n|-supereffective|p1a: Urshifu\n|-enditem|p1a: Urshifu|Focus Sash\n|-damage|p1a: Urshifu|1\/100\n|move|p1a: Urshifu|Surging Strikes|p2a: Magearna\n|-crit|p2a: Magearna\n|-damage|p2a: Magearna|28\/100\n|-crit|p2a: Magearna\n|-damage|p2a: Magearna|15\/100\n|-crit|p2a: Magearna\n|-damage|p2a: Magearna|3\/100\n|-hitcount|p2a: Magearna|3\n|\n|-heal|p2a: Magearna|9\/100|[from] item: Leftovers\n|upkeep\n|turn|13\n|\n|t:|1700482514\n|move|p1a: Urshifu|Aqua Jet|p2a: Magearna\n|-damage|p2a: Magearna|4\/100\n|move|p2a: Magearna|Dazzling Gleam|p1a: Urshifu\n|-supereffective|p1a: Urshifu\n|-damage|p1a: Urshifu|0 fnt\n|faint|p1a: Urshifu\n|-ability|p2a: Magearna|Soul-Heart|boost\n|-boost|p2a: Magearna|spa|1\n|\n|-heal|p2a: Magearna|10\/100|[from] item: Leftovers\n|upkeep\n|inactive|teirinan has 120 seconds left.\n|\n|t:|1700482538\n|switch|p1a: Dragapult|Dragapult, F|100\/100\n|turn|14\n|\n|t:|1700482548\n|move|p2a: Magearna|Shift Gear|p2a: Magearna\n|-boost|p2a: Magearna|spe|2\n|-boost|p2a: Magearna|atk|1\n|move|p1a: Dragapult|Phantom Force||[still]\n|-prepare|p1a: Dragapult|Phantom Force\n|\n|-heal|p2a: Magearna|16\/100|[from] item: Leftovers\n|upkeep\n|turn|15\n|\n|t:|1700482557\n|move|p2a: Magearna|Shift Gear|p2a: Magearna\n|-boost|p2a: Magearna|spe|0\n|-boost|p2a: Magearna|atk|1\n|move|p1a: Dragapult|Phantom Force|p2a: Magearna|[from]lockedmove\n|-damage|p2a: Magearna|5\/100\n|-damage|p1a: Dragapult|91\/100|[from] item: Life Orb\n|\n|-heal|p2a: Magearna|11\/100|[from] item: Leftovers\n|upkeep\n|turn|16\n|\n|t:|1700482567\n|move|p1a: Dragapult|Sucker Punch|p2a: Magearna\n|-resisted|p2a: Magearna\n|-damage|p2a: Magearna|8\/100\n|-damage|p1a: Dragapult|81\/100|[from] item: Life Orb\n|move|p2a: Magearna|Dazzling Gleam|p1a: Dragapult\n|-supereffective|p1a: Dragapult\n|-damage|p1a: Dragapult|0 fnt\n|faint|p1a: Dragapult\n|-ability|p2a: Magearna|Soul-Heart|boost\n|-boost|p2a: Magearna|spa|1\n|\n|-heal|p2a: Magearna|14\/100|[from] item: Leftovers\n|upkeep\n|\n|t:|1700482572\n|switch|p1a: Calyrex|Calyrex-Shadow|100\/100\n|-ability|p1a: Calyrex|As One\n|-ability|p1a: Calyrex|Unnerve\n|turn|17\n|\n|t:|1700482585\n|move|p2a: Magearna|Flash Cannon|p1a: Calyrex\n|-damage|p1a: Calyrex|37\/100\n|move|p1a: Calyrex|Astral Barrage|p2a: Magearna\n|-damage|p2a: Magearna|0 fnt\n|faint|p2a: Magearna\n|-ability|p1a: Calyrex|Grim Neigh|boost\n|-boost|p1a: Calyrex|spa|1\n|\n|upkeep\n|\n|t:|1700482603\n|switch|p2a: Jirachi|Jirachi|90\/100 par\n|-damage|p2a: Jirachi|84\/100 par|[from] Stealth Rock\n|turn|18\n|\n|t:|1700482609\n|switch|p2a: Blissey|Blissey, F|100\/100\n|-damage|p2a: Blissey|88\/100|[from] Stealth Rock\n|move|p1a: Calyrex|Astral Barrage|p2a: Blissey\n|-immune|p2a: Blissey\n|\n|-heal|p2a: Blissey|94\/100|[from] item: Leftovers\n|upkeep\n|turn|19\n|\n|t:|1700482616\n|switch|p1a: Jirachi|Jirachi, tera:Steel|100\/100\n|move|p2a: Blissey|Thunder Wave|p1a: Jirachi|[miss]\n|-miss|p2a: Blissey|p1a: Jirachi\n|\n|-heal|p2a: Blissey|99\/100|[from] item: Leftovers\n|upkeep\n|turn|20\n|\n|t:|1700482622\n|move|p1a: Jirachi|Iron Head|p2a: Blissey\n|-damage|p2a: Blissey|13\/100\n|cant|p2a: Blissey|flinch\n|\n|-heal|p2a: Blissey|19\/100|[from] item: Leftovers\n|upkeep\n|turn|21\n|\n|t:|1700482629\n|move|p1a: Jirachi|Iron Head|p2a: Blissey\n|-damage|p2a: Blissey|0 fnt\n|faint|p2a: Blissey\n|\n|upkeep\n|\n|t:|1700482631\n|switch|p2a: Jirachi|Jirachi|84\/100 par\n|-damage|p2a: Jirachi|78\/100 par|[from] Stealth Rock\n|turn|22\n|\n|t:|1700482637\n|move|p1a: Jirachi|Iron Head|p2a: Jirachi\n|-resisted|p2a: Jirachi\n|-damage|p2a: Jirachi|58\/100 par\n|cant|p2a: Jirachi|flinch\n|\n|-heal|p2a: Jirachi|65\/100 par|[from] item: Leftovers\n|upkeep\n|turn|23\n|\n|t:|1700482641\n|move|p1a: Jirachi|Iron Head|p2a: Jirachi\n|-resisted|p2a: Jirachi\n|-damage|p2a: Jirachi|46\/100 par\n|cant|p2a: Jirachi|flinch\n|\n|-heal|p2a: Jirachi|52\/100 par|[from] item: Leftovers\n|upkeep\n|turn|24\n|\n|t:|1700482645\n|move|p1a: Jirachi|Iron Head|p2a: Jirachi\n|-resisted|p2a: Jirachi\n|-damage|p2a: Jirachi|31\/100 par\n|cant|p2a: Jirachi|flinch\n|\n|-heal|p2a: Jirachi|38\/100 par|[from] item: Leftovers\n|upkeep\n|turn|25\n|\n|t:|1700482652\n|move|p2a: Jirachi|Protect|p2a: Jirachi\n|-singleturn|p2a: Jirachi|Protect\n|move|p1a: Jirachi|Iron Head|p2a: Jirachi\n|-activate|p2a: Jirachi|move: Protect\n|\n|-heal|p2a: Jirachi|44\/100 par|[from] item: Leftovers\n|upkeep\n|turn|26\n|\n|t:|1700482657\n|move|p1a: Jirachi|Iron Head|p2a: Jirachi\n|-resisted|p2a: Jirachi\n|-damage|p2a: Jirachi|24\/100 par\n|cant|p2a: Jirachi|flinch\n|\n|-heal|p2a: Jirachi|30\/100 par|[from] item: Leftovers\n|upkeep\n|turn|27\n|\n|t:|1700482664\n|move|p1a: Jirachi|Iron Head|p2a: Jirachi\n|-resisted|p2a: Jirachi\n|-damage|p2a: Jirachi|9\/100 par\n|cant|p2a: Jirachi|flinch\n|\n|-heal|p2a: Jirachi|15\/100 par|[from] item: Leftovers\n|upkeep\n|turn|28\n|\n|t:|1700482670\n|move|p2a: Jirachi|Protect|p2a: Jirachi\n|-singleturn|p2a: Jirachi|Protect\n|move|p1a: Jirachi|Iron Head|p2a: Jirachi\n|-activate|p2a: Jirachi|move: Protect\n|\n|-heal|p2a: Jirachi|21\/100 par|[from] item: Leftovers\n|upkeep\n|turn|29\n|\n|t:|1700482674\n|move|p1a: Jirachi|Iron Head|p2a: Jirachi\n|-resisted|p2a: Jirachi\n|-damage|p2a: Jirachi|1\/100 par\n|cant|p2a: Jirachi|flinch\n|\n|-heal|p2a: Jirachi|7\/100 par|[from] item: Leftovers\n|upkeep\n|turn|30\n|\n|t:|1700482680\n|cant|p2a: Jirachi|par\n|move|p1a: Jirachi|Iron Head|p2a: Jirachi\n|-resisted|p2a: Jirachi\n|-damage|p2a: Jirachi|0 fnt\n|faint|p2a: Jirachi\n|\n|upkeep\n|\n|t:|1700482683\n|switch|p2a: Magearna|Magearna|100\/100\n|-damage|p2a: Magearna|94\/100|[from] Stealth Rock\n|turn|31\n|\n|t:|1700482689\n|move|p1a: Jirachi|Iron Head|p2a: Magearna\n|-damage|p2a: Magearna|58\/100\n|move|p2a: Magearna|Substitute|p2a: Magearna\n|-start|p2a: Magearna|Substitute\n|-damage|p2a: Magearna|33\/100\n|\n|-heal|p2a: Magearna|39\/100|[from] item: Leftovers\n|upkeep\n|turn|32\n|\n|t:|1700482694\n|move|p1a: Jirachi|Iron Head|p2a: Magearna\n|-end|p2a: Magearna|Substitute\n|move|p2a: Magearna|Shift Gear|p2a: Magearna\n|-boost|p2a: Magearna|spe|2\n|-boost|p2a: Magearna|atk|1\n|\n|-heal|p2a: Magearna|45\/100|[from] item: Leftovers\n|upkeep\n|turn|33\n|\n|t:|1700482703\n|move|p1a: Jirachi|Iron Head|p2a: Magearna\n|-damage|p2a: Magearna|9\/100\n|move|p2a: Magearna|Shift Gear|p2a: Magearna\n|-boost|p2a: Magearna|spe|2\n|-boost|p2a: Magearna|atk|1\n|\n|-heal|p2a: Magearna|15\/100|[from] item: Leftovers\n|upkeep\n|turn|34\n|\n|t:|1700482707\n|move|p2a: Magearna|Stored Power|p1a: Jirachi\n|-resisted|p1a: Jirachi\n|-damage|p1a: Jirachi|82\/100\n|move|p1a: Jirachi|Iron Head|p2a: Magearna\n|-damage|p2a: Magearna|0 fnt\n|faint|p2a: Magearna\n|\n|upkeep\n|\n|t:|1700482710\n|switch|p2a: Eternatus|Eternatus|100\/100\n|-damage|p2a: Eternatus|88\/100|[from] Stealth Rock\n|-ability|p2a: Eternatus|Pressure\n|turn|35\n|\n|t:|1700482718\n|move|p1a: Jirachi|Iron Head|p2a: Eternatus\n|-damage|p2a: Eternatus|52\/100\n|move|p2a: Eternatus|Flamethrower|p1a: Jirachi\n|-supereffective|p1a: Jirachi\n|-damage|p1a: Jirachi|27\/100\n|\n|-heal|p2a: Eternatus|58\/100|[from] item: Black Sludge\n|upkeep\n|turn|36\n|\n|t:|1700482724\n|move|p1a: Jirachi|Iron Head|p2a: Eternatus\n|-damage|p2a: Eternatus|26\/100\n|cant|p2a: Eternatus|flinch\n|\n|-heal|p2a: Eternatus|32\/100|[from] item: Black Sludge\n|upkeep\n|turn|37\n|\n|t:|1700482729\n|move|p1a: Jirachi|Iron Head|p2a: Eternatus\n|-damage|p2a: Eternatus|0 fnt\n|faint|p2a: Eternatus\n|\n|win|teirinan\n|raw|teirinan's rating: 1414 &rarr; <strong>1438<\/strong><br \/>(+24 for winning)\n|raw|DrontDoDugs's rating: 1480 &rarr; <strong>1456<\/strong><br \/>(-24 for losing)\n","uploadtime":1700482732,"views":0,"p1id":"teirinan","p2id":"drontdodugs","formatid":"gen9anythinggoes","rating":1438,"private":0,"password":""}