{"id":"gen9anythinggoes-1979152761","p1":"SkyPrincess420","p2":"aiajsdjjd","format":"[Gen 9] Anything Goes","log":"|j|\u2606SkyPrincess420\n|j|\u2606aiajsdjjd\n|t:|1698639857\n|gametype|singles\n|player|p1|SkyPrincess420|caitlin|1120\n|player|p2|aiajsdjjd|1|1045\n|teamsize|p1|6\n|teamsize|p2|6\n|gen|9\n|tier|[Gen 9] Anything Goes\n|rated|\n|rule|HP Percentage Mod: HP is shown in percentages\n|rule|Endless Battle Clause: Forcing endless battles is banned\n|clearpoke\n|poke|p1|Tropius, M|\n|poke|p1|Cramorant, F|\n|poke|p1|Ditto|\n|poke|p1|Houndstone, F|\n|poke|p1|Chansey, F|\n|poke|p1|Weezing, F|\n|poke|p2|Hawlucha, M|\n|poke|p2|Ribombee, F|\n|poke|p2|Glimmora, M|\n|poke|p2|Dragapult, F|\n|poke|p2|Palafin, M|\n|poke|p2|Corviknight, M|\n|teampreview\n|\n|t:|1698639875\n|start\n|switch|p1a: Cramorant|Cramorant, F|100\/100\n|switch|p2a: Ribombee|Ribombee, F|100\/100\n|turn|1\n|\n|t:|1698639880\n|move|p2a: Ribombee|Sticky Web|p1a: Cramorant\n|-sidestart|p1: SkyPrincess420|move: Sticky Web\n|move|p1a: Cramorant|Surf|p2a: Ribombee\n|-formechange|p1a: Cramorant|Cramorant-Gulping|\n|-damage|p2a: Ribombee|56\/100\n|\n|upkeep\n|turn|2\n|\n|t:|1698639888\n|move|p2a: Ribombee|Stun Spore|p1a: Cramorant|[miss]\n|-miss|p2a: Ribombee|p1a: Cramorant\n|move|p1a: Cramorant|Surf|p2a: Ribombee\n|-crit|p2a: Ribombee\n|-damage|p2a: Ribombee|0 fnt\n|faint|p2a: Ribombee\n|\n|upkeep\n|\n|t:|1698639896\n|switch|p2a: Palafin|Palafin, M|100\/100\n|turn|3\n|\n|t:|1698639901\n|move|p2a: Palafin|Flip Turn|p1a: Cramorant\n|-resisted|p1a: Cramorant\n|-damage|p1a: Cramorant|80\/100\n|-damage|p2a: Palafin|76\/100|[from] ability: Gulp Missile|[of] p1a: Cramorant\n|-unboost|p2a: Palafin|def|1\n|-formechange|p1a: Cramorant|Cramorant|\n|-damage|p2a: Palafin|66\/100|[from] item: Life Orb\n|\n|t:|1698639909\n|detailschange|p2a: Palafin|Palafin-Hero, M\n|switch|p2a: Dragapult|Dragapult, F|100\/100|[from] Flip Turn\n|move|p1a: Cramorant|Defog|p2a: Dragapult\n|-unboost|p2a: Dragapult|evasion|1\n|-sideend|p1: SkyPrincess420|Sticky Web|[from] move: Defog|[of] p1a: Cramorant\n|\n|upkeep\n|turn|4\n|\n|t:|1698639918\n|move|p2a: Dragapult|Draco Meteor|p1a: Cramorant\n|-damage|p1a: Cramorant|22\/100\n|-unboost|p2a: Dragapult|spa|2\n|move|p1a: Cramorant|Surf|p2a: Dragapult\n|-formechange|p1a: Cramorant|Cramorant-Gorging|\n|-resisted|p2a: Dragapult\n|-damage|p2a: Dragapult|82\/100\n|\n|upkeep\n|turn|5\n|\n|t:|1698639926\n|move|p2a: Dragapult|Draco Meteor|p1a: Cramorant|[miss]\n|-miss|p2a: Dragapult|p1a: Cramorant\n|move|p1a: Cramorant|Roost|p1a: Cramorant\n|-heal|p1a: Cramorant|72\/100\n|-singleturn|p1a: Cramorant|move: Roost\n|\n|upkeep\n|turn|6\n|\n|t:|1698639935\n|switch|p2a: Corviknight|Corviknight, M|100\/100\n|-ability|p2a: Corviknight|Unnerve\n|move|p1a: Cramorant|Surf|p2a: Corviknight\n|-damage|p2a: Corviknight|73\/100\n|\n|upkeep\n|turn|7\n|\n|t:|1698639945\n|move|p1a: Cramorant|Roost|p1a: Cramorant\n|-heal|p1a: Cramorant|100\/100\n|-singleturn|p1a: Cramorant|move: Roost\n|move|p2a: Corviknight|Body Press|p1a: Cramorant\n|-damage|p1a: Cramorant|61\/100\n|-damage|p2a: Corviknight|49\/100|[from] ability: Gulp Missile|[of] p1a: Cramorant\n|-status|p2a: Corviknight|par\n|-formechange|p1a: Cramorant|Cramorant|\n|\n|upkeep\n|turn|8\n|\n|t:|1698639953\n|move|p1a: Cramorant|Surf|p2a: Corviknight\n|-formechange|p1a: Cramorant|Cramorant-Gulping|\n|-damage|p2a: Corviknight|24\/100 par\n|move|p2a: Corviknight|Taunt|p1a: Cramorant\n|-start|p1a: Cramorant|move: Taunt\n|\n|upkeep\n|turn|9\n|\n|t:|1698639960\n|switch|p2a: Dragapult|Dragapult, F|82\/100\n|move|p1a: Cramorant|Surf|p2a: Dragapult\n|-resisted|p2a: Dragapult\n|-damage|p2a: Dragapult|64\/100\n|\n|upkeep\n|turn|10\n|\n|t:|1698639970\n|switch|p1a: Chansey|Chansey, F|100\/100\n|move|p2a: Dragapult|Draco Meteor|p1a: Chansey\n|-damage|p1a: Chansey|76\/100\n|-unboost|p2a: Dragapult|spa|2\n|\n|upkeep\n|turn|11\n|\n|t:|1698639979\n|switch|p2a: Hawlucha|Hawlucha, M|100\/100\n|move|p1a: Chansey|Seismic Toss|p2a: Hawlucha\n|-damage|p2a: Hawlucha|67\/100\n|\n|upkeep\n|turn|12\n|\n|t:|1698639990\n|switch|p1a: Weezing|Weezing, F|100\/100\n|-ability|p1a: Weezing|Neutralizing Gas\n|move|p2a: Hawlucha|Drain Punch|p1a: Weezing\n|-resisted|p1a: Weezing\n|-damage|p1a: Weezing|90\/100\n|-heal|p2a: Hawlucha|73\/100|[from] drain|[of] p1a: Weezing\n|\n|-heal|p1a: Weezing|96\/100|[from] item: Leftovers\n|upkeep\n|turn|13\n|\n|t:|1698640009\n|switch|p2a: Glimmora|Glimmora, M|100\/100\n|-end|p1a: Weezing|ability: Neutralizing Gas\n|switch|p1a: Cramorant|Cramorant, F|61\/100\n|\n|upkeep\n|turn|14\n|\n|t:|1698640018\n|move|p2a: Glimmora|Energy Ball|p1a: Cramorant\n|-damage|p1a: Cramorant|39\/100\n|move|p1a: Cramorant|Surf|p2a: Glimmora\n|-formechange|p1a: Cramorant|Cramorant-Gorging|\n|-supereffective|p2a: Glimmora\n|-damage|p2a: Glimmora|26\/100\n|\n|upkeep\n|turn|15\n|\n|t:|1698640028\n|switch|p2a: Dragapult|Dragapult, F|64\/100\n|move|p1a: Cramorant|Roost|p1a: Cramorant\n|-heal|p1a: Cramorant|89\/100\n|-singleturn|p1a: Cramorant|move: Roost\n|\n|upkeep\n|turn|16\n|\n|t:|1698640034\n|move|p2a: Dragapult|Shadow Ball|p1a: Cramorant\n|-damage|p1a: Cramorant|51\/100\n|-damage|p2a: Dragapult|39\/100|[from] ability: Gulp Missile|[of] p1a: Cramorant\n|-status|p2a: Dragapult|par\n|-formechange|p1a: Cramorant|Cramorant|\n|move|p1a: Cramorant|Roost|p1a: Cramorant\n|-heal|p1a: Cramorant|100\/100\n|-singleturn|p1a: Cramorant|move: Roost\n|\n|upkeep\n|turn|17\n|\n|t:|1698640045\n|switch|p2a: Corviknight|Corviknight, M|24\/100 par\n|-ability|p2a: Corviknight|Unnerve\n|move|p1a: Cramorant|Surf|p2a: Corviknight\n|-formechange|p1a: Cramorant|Cramorant-Gulping|\n|-damage|p2a: Corviknight|0 fnt\n|faint|p2a: Corviknight\n|\n|upkeep\n|\n|t:|1698640048\n|switch|p2a: Palafin|Palafin-Hero, M|66\/100\n|-activate|p2a: Palafin|ability: Zero to Hero\n|turn|18\n|\n|t:|1698640062\n|move|p2a: Palafin|Wave Crash|p1a: Cramorant\n|-resisted|p1a: Cramorant\n|-damage|p1a: Cramorant|27\/100\n|-damage|p2a: Palafin|41\/100|[from] ability: Gulp Missile|[of] p1a: Cramorant\n|-unboost|p2a: Palafin|def|1\n|-formechange|p1a: Cramorant|Cramorant|\n|-damage|p2a: Palafin|16\/100|[from] Recoil\n|-damage|p2a: Palafin|6\/100|[from] item: Life Orb\n|move|p1a: Cramorant|Roost|p1a: Cramorant\n|-heal|p1a: Cramorant|77\/100\n|-singleturn|p1a: Cramorant|move: Roost\n|\n|upkeep\n|turn|19\n|\n|t:|1698640077\n|switch|p1a: Tropius|Tropius, M|100\/100\n|move|p2a: Palafin|Wave Crash|p1a: Tropius\n|-resisted|p1a: Tropius\n|-damage|p1a: Tropius|65\/100\n|-damage|p2a: Palafin|0 fnt|[from] Recoil\n|faint|p2a: Palafin\n|\n|upkeep\n|\n|t:|1698640084\n|switch|p2a: Hawlucha|Hawlucha, M|73\/100\n|turn|20\n|\n|t:|1698640089\n|switch|p1a: Weezing|Weezing, F|96\/100\n|-ability|p1a: Weezing|Neutralizing Gas\n|move|p2a: Hawlucha|Endure||[still]\n|-fail|p2a: Hawlucha\n|\n|-heal|p1a: Weezing|100\/100|[from] item: Leftovers\n|upkeep\n|turn|21\n|\n|t:|1698640100\n|move|p2a: Hawlucha|Acrobatics|p1a: Weezing\n|-damage|p1a: Weezing|84\/100\n|move|p1a: Weezing|Will-O-Wisp|p2a: Hawlucha\n|-status|p2a: Hawlucha|brn\n|\n|-heal|p1a: Weezing|90\/100|[from] item: Leftovers\n|-damage|p2a: Hawlucha|66\/100 brn|[from] brn\n|upkeep\n|turn|22\n|-message|aiajsdjjd forfeited.\n|\n|win|SkyPrincess420\n|raw|SkyPrincess420's rating: 1120 &rarr; <strong>1140<\/strong><br \/>(+20 for winning)\n|raw|aiajsdjjd's rating: 1045 &rarr; <strong>1032<\/strong><br \/>(-13 for losing)\n|l|\u2606aiajsdjjd\n","uploadtime":1698640112,"views":18,"p1id":"skyprincess420","p2id":"aiajsdjjd","formatid":"gen9anythinggoes","rating":1032,"private":0,"password":""}