{"id":"gen9anythinggoes-1989844213","p1":"geckzek","p2":"babbona","format":"[Gen 9] Anything Goes","log":"|j|\u2606geckzek\n|j|\u2606babbona\n|t:|1699900438\n|gametype|singles\n|player|p1|geckzek|102|1121\n|player|p2|babbona|ghetsis-gen5bw|1161\n|teamsize|p1|6\n|teamsize|p2|6\n|gen|9\n|tier|[Gen 9] Anything Goes\n|rated|\n|rule|HP Percentage Mod: HP is shown in percentages\n|rule|Endless Battle Clause: Forcing endless battles is banned\n|clearpoke\n|poke|p1|Ursaluna-Bloodmoon, M|\n|poke|p1|Zacian-*|\n|poke|p1|Ceruledge, F|\n|poke|p1|Munkidori, M|\n|poke|p1|Gliscor, M|\n|poke|p1|Maushold-Four|\n|poke|p2|Mimikyu, F|\n|poke|p2|Calyrex-Shadow|\n|poke|p2|Sneasler, M|\n|poke|p2|Rayquaza|\n|poke|p2|Hatterene, F|\n|poke|p2|Magearna|\n|teampreview\n|\n|t:|1699900451\n|start\n|switch|p1a: Suffer|Maushold-Four|100\/100\n|switch|p2a: mage|Hatterene, F|100\/100\n|turn|1\n|\n|t:|1699900457\n|-terastallize|p1a: Suffer|Normal\n|move|p1a: Suffer|Population Bomb|p2a: mage\n|-damage|p2a: mage|82\/100\n|-damage|p2a: mage|64\/100\n|-damage|p2a: mage|46\/100\n|-damage|p2a: mage|28\/100\n|-damage|p2a: mage|8\/100\n|-damage|p2a: mage|0 fnt\n|faint|p2a: mage\n|-hitcount|p2: mage|6\n|\n|upkeep\n|\n|t:|1699900462\n|switch|p2a: notpikachu|Mimikyu, F|100\/100\n|turn|2\n|\n|t:|1699900465\n|move|p1a: Suffer|Beat Up|p2a: notpikachu\n|-activate|p2a: notpikachu|ability: Disguise\n|-damage|p2a: notpikachu|100\/100\n|detailschange|p2a: notpikachu|Mimikyu-Busted, F\n|-damage|p2a: notpikachu|88\/100|[from] pokemon: Mimikyu-Busted\n|-damage|p2a: notpikachu|74\/100\n|-damage|p2a: notpikachu|62\/100\n|-damage|p2a: notpikachu|54\/100\n|-damage|p2a: notpikachu|44\/100\n|-damage|p2a: notpikachu|36\/100\n|-hitcount|p2a: notpikachu|6\n|move|p2a: notpikachu|Swords Dance|p2a: notpikachu\n|-boost|p2a: notpikachu|atk|2\n|\n|upkeep\n|turn|3\n|\n|t:|1699900471\n|move|p1a: Suffer|Beat Up|p2a: notpikachu\n|-damage|p2a: notpikachu|27\/100\n|-damage|p2a: notpikachu|14\/100\n|-crit|p2a: notpikachu\n|-damage|p2a: notpikachu|0 fnt\n|faint|p2a: notpikachu\n|-hitcount|p2: notpikachu|3\n|\n|upkeep\n|\n|t:|1699900473\n|switch|p2a: quetzalcoatl|Rayquaza, shiny|100\/100\n|-ability|p2a: quetzalcoatl|Air Lock\n|turn|4\n|\n|t:|1699900477\n|move|p1a: Suffer|Population Bomb|p2a: quetzalcoatl\n|-damage|p2a: quetzalcoatl|84\/100\n|-damage|p2a: quetzalcoatl|66\/100\n|-damage|p2a: quetzalcoatl|49\/100\n|-damage|p2a: quetzalcoatl|31\/100\n|-damage|p2a: quetzalcoatl|14\/100\n|-enditem|p2a: quetzalcoatl|Salac Berry|[eat]\n|-boost|p2a: quetzalcoatl|spe|1|[from] item: Salac Berry\n|-hitcount|p2a: quetzalcoatl|5\n|move|p2a: quetzalcoatl|Dragon Dance|p2a: quetzalcoatl\n|-boost|p2a: quetzalcoatl|atk|1\n|-boost|p2a: quetzalcoatl|spe|1\n|\n|upkeep\n|turn|5\n|\n|t:|1699900501\n|move|p2a: quetzalcoatl|Dragon Claw|p1a: Suffer\n|-damage|p1a: Suffer|0 fnt\n|faint|p1a: Suffer\n|\n|upkeep\n|\n|t:|1699900518\n|switch|p1a: Munkidori|Munkidori, M|100\/100\n|turn|6\n|\n|t:|1699900527\n|move|p2a: quetzalcoatl|Earthquake|p1a: Munkidori\n|-supereffective|p1a: Munkidori\n|-damage|p1a: Munkidori|0 fnt\n|faint|p1a: Munkidori\n|\n|upkeep\n|\n|t:|1699900538\n|switch|p1a: hehe haha|Gliscor, M|100\/100\n|turn|7\n|\n|t:|1699900546\n|move|p1a: hehe haha|Protect|p1a: hehe haha\n|-singleturn|p1a: hehe haha|Protect\n|move|p2a: quetzalcoatl|Waterfall|p1a: hehe haha\n|-activate|p1a: hehe haha|move: Protect\n|\n|-status|p1a: hehe haha|tox|[from] item: Toxic Orb\n|upkeep\n|turn|8\n|\n|t:|1699900551\n|move|p2a: quetzalcoatl|Waterfall|p1a: hehe haha\n|-supereffective|p1a: hehe haha\n|-damage|p1a: hehe haha|6\/100 tox\n|cant|p1a: hehe haha|flinch\n|\n|-heal|p1a: hehe haha|18\/100 tox|[from] ability: Poison Heal\n|upkeep\n|turn|9\n|\n|t:|1699900556\n|move|p2a: quetzalcoatl|Waterfall|p1a: hehe haha\n|-supereffective|p1a: hehe haha\n|-damage|p1a: hehe haha|0 fnt\n|faint|p1a: hehe haha\n|\n|upkeep\n|\n|t:|1699900560\n|switch|p1a: Cool Guy|Ceruledge, F|100\/100\n|turn|10\n|\n|t:|1699900567\n|move|p2a: quetzalcoatl|Earthquake|p1a: Cool Guy\n|-supereffective|p1a: Cool Guy\n|-damage|p1a: Cool Guy|0 fnt\n|faint|p1a: Cool Guy\n|\n|upkeep\n|\n|t:|1699900569\n|switch|p1a: HEHEHAHA|Ursaluna-Bloodmoon, M|100\/100\n|turn|11\n|\n|t:|1699900576\n|move|p2a: quetzalcoatl|Waterfall|p1a: HEHEHAHA\n|-supereffective|p1a: HEHEHAHA\n|-crit|p1a: HEHEHAHA\n|-damage|p1a: HEHEHAHA|0 fnt\n|faint|p1a: HEHEHAHA\n|\n|upkeep\n|\n|t:|1699900578\n|switch|p1a: I\"m Bad|Zacian-Crowned|100\/100\n|-ability|p1a: I\"m Bad|Intrepid Sword|boost\n|-boost|p1a: I\"m Bad|atk|1\n|turn|12\n|\n|t:|1699900583\n|-terastallize|p2a: quetzalcoatl|Ground\n|move|p2a: quetzalcoatl|Earthquake|p1a: I\"m Bad\n|-supereffective|p1a: I\"m Bad\n|-damage|p1a: I\"m Bad|0 fnt\n|faint|p1a: I\"m Bad\n|\n|win|babbona\n|raw|geckzek's rating: 1121 &rarr; <strong>1099<\/strong><br \/>(-22 for losing)\n|raw|babbona's rating: 1161 &rarr; <strong>1183<\/strong><br \/>(+22 for winning)\n|l|\u2606geckzek\n|c|\u2606babbona|gg\n","uploadtime":1699900590,"views":5,"p1id":"geckzek","p2id":"babbona","formatid":"gen9anythinggoes","rating":1099,"private":0,"password":""}