{"id":"gen9anythinggoes-1974814907","p1":"Dregone","p2":"eavo","format":"[Gen 9] Anything Goes","log":"|j|\u2606Dregone\n|j|\u2606eavo\n|t:|1698128963\n|gametype|singles\n|player|p1|Dregone|cynthia-masters|1695\n|player|p2|eavo|acerola|1785\n|teamsize|p1|6\n|teamsize|p2|6\n|gen|9\n|tier|[Gen 9] Anything Goes\n|rated|\n|rule|HP Percentage Mod: HP is shown in percentages\n|rule|Endless Battle Clause: Forcing endless battles is banned\n|clearpoke\n|poke|p1|Calyrex-Shadow|\n|poke|p1|Koraidon|\n|poke|p1|Ribombee, M|\n|poke|p1|Vivillon-Icy Snow, M|\n|poke|p1|Koraidon|\n|poke|p1|Landorus-Therian, M|\n|poke|p2|Calyrex-Shadow|\n|poke|p2|Arceus-Fairy|\n|poke|p2|Arceus|\n|poke|p2|Ting-Lu|\n|poke|p2|Landorus-Therian, M|\n|poke|p2|Koraidon|\n|teampreview\n|inactive|Battle timer is ON: inactive players will automatically lose when time's up. (requested by Dregone)\n|inactive|eavo also wants the timer to be on.\n|c|\u2606Dregone|bruh i clicked cancel\n|c|\u2606eavo|it's the DREGONE\n|c|\u2606eavo|ok now click ff then if real\n|c|\u2606Dregone|i didnt mean to start\n|c|\u2606Dregone|bruh imma lose anyways dis a joke team\n|inactive|Dregone has 120 seconds left.\n|\n|t:|1698129003\n|start\n|switch|p1a: Landorus|Landorus-Therian, M|100\/100\n|switch|p2a: Hollow Sprit|Calyrex-Shadow|100\/100\n|-ability|p2a: Hollow Sprit|As One\n|-ability|p2a: Hollow Sprit|Unnerve\n|-ability|p1a: Landorus|Intimidate|boost\n|-unboost|p2a: Hollow Sprit|atk|1\n|turn|1\n|j| ZowwyCafe\u2764\n|j| Primordiallite\n|c| ZowwyCafe\u2764|sus\n|\n|t:|1698129018\n|move|p2a: Hollow Sprit|Astral Barrage|p1a: Landorus\n|-damage|p1a: Landorus|16\/100\n|move|p1a: Landorus|U-turn|p2a: Hollow Sprit\n|-damage|p2a: Hollow Sprit|73\/100\n|\n|t:|1698129025\n|switch|p1a: Ribombee|Ribombee, M|100\/100|[from] U-turn\n|\n|upkeep\n|turn|2\n|\n|t:|1698129028\n|move|p2a: Hollow Sprit|Taunt|p1a: Ribombee\n|-start|p1a: Ribombee|move: Taunt\n|cant|p1a: Ribombee|move: Taunt|Stun Spore\n|\n|upkeep\n|turn|3\n|\n|t:|1698129034\n|switch|p1a: Koraidon|Koraidon|100\/100\n|-weather|SunnyDay|[from] ability: Orichalcum Pulse|[of] p1a: Koraidon\n|-activate|p1a: Koraidon|Orichalcum Pulse|[source]\n|move|p2a: Hollow Sprit|Astral Barrage|p1a: Koraidon\n|-damage|p1a: Koraidon|23\/100\n|\n|-weather|SunnyDay|[upkeep]\n|upkeep\n|turn|4\n|c|\u2606Dregone|bruh\n|c|\u2606Dregone|taunt caly auto L\n|\n|t:|1698129055\n|switch|p2a: Collision|Landorus-Therian, M|100\/100\n|-ability|p2a: Collision|Intimidate|boost\n|-unboost|p1a: Koraidon|atk|1\n|move|p1a: Koraidon|Flare Blitz|p2a: Collision\n|-damage|p2a: Collision|60\/100\n|-damage|p1a: Koraidon|7\/100|[from] item: Rocky Helmet|[of] p2a: Collision\n|-damage|p1a: Koraidon|0 fnt|[from] Recoil\n|faint|p1a: Koraidon\n|\n|-weather|SunnyDay|[upkeep]\n|upkeep\n|\n|t:|1698129060\n|switch|p1a: Ribombee|Ribombee, M|100\/100\n|turn|5\n|c| Primordiallite|Shouldve brought mental herb ribombee\n|c|\u2606eavo|riboober\n|\n|t:|1698129075\n|move|p1a: Ribombee|Sticky Web|p2a: Collision\n|-sidestart|p2: eavo|move: Sticky Web\n|move|p2a: Collision|Stealth Rock|p1a: Ribombee\n|-sidestart|p1: Dregone|move: Stealth Rock\n|\n|-weather|SunnyDay|[upkeep]\n|upkeep\n|turn|6\n|\n|t:|1698129085\n|move|p1a: Ribombee|Moonblast|p2a: Collision\n|-damage|p2a: Collision|20\/100\n|move|p2a: Collision|Taunt|p1a: Ribombee\n|-start|p1a: Ribombee|move: Taunt\n|\n|-weather|SunnyDay|[upkeep]\n|upkeep\n|turn|7\n|\n|t:|1698129091\n|move|p1a: Ribombee|Moonblast|p2a: Collision\n|-damage|p2a: Collision|0 fnt\n|faint|p2a: Collision\n|\n|-weather|none\n|upkeep\n|c| Primordiallite|We did 8s last night dregone. U missed it\n|\n|t:|1698129104\n|switch|p2a: Hollow Sprit|Calyrex-Shadow|73\/100\n|-ability|p2a: Hollow Sprit|As One\n|-ability|p2a: Hollow Sprit|Unnerve\n|turn|8\n|c|\u2606Dregone|what is 8s\n|c| Primordiallite|....\n|c| Primordiallite|U played it before...\n|c|\u2606Dregone|i got too high last night and fell asleep\n|c| Primordiallite|Rip\n|\n|t:|1698129132\n|move|p2a: Hollow Sprit|Astral Barrage|p1a: Ribombee\n|-crit|p1a: Ribombee\n|-enditem|p1a: Ribombee|Focus Sash\n|-damage|p1a: Ribombee|1\/100\n|move|p1a: Ribombee|U-turn|p2a: Hollow Sprit\n|-damage|p2a: Hollow Sprit|57\/100\n|c| Primordiallite|We will do tonight as well\n|\n|t:|1698129139\n|switch|p1a: Calyrex|Calyrex-Shadow|100\/100|[from] U-turn\n|-ability|p1a: Calyrex|As One\n|-ability|p1a: Calyrex|Unnerve\n|\n|upkeep\n|turn|9\n|inactive|Dregone has 120 seconds left.\n|\n|t:|1698129155\n|-terastallize|p1a: Calyrex|Fairy\n|move|p1a: Calyrex|Nasty Plot|p1a: Calyrex\n|-boost|p1a: Calyrex|spa|2\n|move|p2a: Hollow Sprit|Astral Barrage|p1a: Calyrex\n|-damage|p1a: Calyrex|38\/100\n|\n|upkeep\n|turn|10\n|c|\u2606eavo|sussy\n|inactive|Dregone has 120 seconds left.\n|c| Primordiallite|The greed\n|\n|t:|1698129167\n|move|p1a: Calyrex|Draining Kiss|p2a: Hollow Sprit\n|-damage|p2a: Hollow Sprit|0 fnt\n|-heal|p1a: Calyrex|76\/100|[from] drain|[of] p2a: Hollow Sprit\n|faint|p2a: Hollow Sprit\n|-ability|p1a: Calyrex|Grim Neigh|boost\n|-boost|p1a: Calyrex|spa|1\n|\n|upkeep\n|\n|t:|1698129178\n|switch|p2a: Rock Candy|Arceus|100\/100\n|turn|11\n|\n|t:|1698129183\n|-terastallize|p2a: Rock Candy|Fire\n|move|p1a: Calyrex|Draining Kiss|p2a: Rock Candy\n|-resisted|p2a: Rock Candy\n|-damage|p2a: Rock Candy|73\/100\n|-heal|p1a: Calyrex|98\/100|[from] drain|[of] p2a: Rock Candy\n|move|p2a: Rock Candy|Swords Dance|p2a: Rock Candy\n|-boost|p2a: Rock Candy|atk|2\n|\n|upkeep\n|turn|12\n|\n|t:|1698129187\n|move|p2a: Rock Candy|Extreme Speed|p1a: Calyrex\n|-damage|p1a: Calyrex|19\/100\n|move|p1a: Calyrex|Astral Barrage|p2a: Rock Candy\n|-damage|p2a: Rock Candy|0 fnt\n|faint|p2a: Rock Candy\n|-ability|p1a: Calyrex|Grim Neigh|boost\n|-boost|p1a: Calyrex|spa|1\n|\n|upkeep\n|c|\u2606eavo|oh wait\n|c|\u2606Dregone|gg\n|c|\u2606eavo|i threw\n|c| Primordiallite|Average\n|\n|t:|1698129206\n|switch|p2a: Broken Fissures|Ting-Lu|100\/100\n|-activate|p2a: Broken Fissures|move: Sticky Web\n|-unboost|p2a: Broken Fissures|spe|1\n|-ability|p2a: Broken Fissures|Vessel of Ruin\n|turn|13\n|\n|t:|1698129213\n|move|p1a: Calyrex|Draining Kiss|p2a: Broken Fissures\n|-supereffective|p2a: Broken Fissures\n|-damage|p2a: Broken Fissures|12\/100\n|-heal|p1a: Calyrex|99\/100|[from] drain|[of] p2a: Broken Fissures\n|move|p2a: Broken Fissures|Whirlwind|p1a: Calyrex\n|drag|p1a: Ribombee|Ribombee, M|1\/100\n|-damage|p1a: Ribombee|0 fnt|[from] Stealth Rock\n|faint|p1a: Ribombee\n|\n|-heal|p2a: Broken Fissures|18\/100|[from] item: Leftovers\n|upkeep\n|c| Primordiallite|Bro really lived\n|\n|t:|1698129228\n|switch|p1a: Calyrex|Calyrex-Shadow, tera:Fairy|99\/100\n|-ability|p1a: Calyrex|As One\n|-ability|p1a: Calyrex|Unnerve\n|turn|14\n|\n|t:|1698129241\n|switch|p2a: The Hallow|Arceus-Fairy|100\/100\n|-activate|p2a: The Hallow|move: Sticky Web\n|-unboost|p2a: The Hallow|spe|1\n|move|p1a: Calyrex|Taunt|p2a: The Hallow\n|-start|p2a: The Hallow|move: Taunt\n|\n|upkeep\n|turn|15\n|\n|t:|1698129247\n|move|p1a: Calyrex|Nasty Plot|p1a: Calyrex\n|-boost|p1a: Calyrex|spa|2\n|move|p2a: The Hallow|Judgment|p1a: Calyrex\n|-damage|p1a: Calyrex|54\/100\n|\n|upkeep\n|turn|16\n|\n|t:|1698129256\n|move|p1a: Calyrex|Astral Barrage|p2a: The Hallow\n|-damage|p2a: The Hallow|15\/100\n|move|p2a: The Hallow|Judgment|p1a: Calyrex\n|-damage|p1a: Calyrex|14\/100\n|\n|-end|p2a: The Hallow|move: Taunt\n|upkeep\n|turn|17\n|\n|t:|1698129263\n|move|p1a: Calyrex|Draining Kiss|p2a: The Hallow\n|-damage|p2a: The Hallow|0 fnt\n|-heal|p1a: Calyrex|27\/100|[from] drain|[of] p2a: The Hallow\n|faint|p2a: The Hallow\n|-ability|p1a: Calyrex|Grim Neigh|boost\n|-boost|p1a: Calyrex|spa|1\n|\n|upkeep\n|\n|t:|1698129267\n|switch|p2a: Featured Today|Koraidon|100\/100\n|-activate|p2a: Featured Today|move: Sticky Web\n|-unboost|p2a: Featured Today|spe|1\n|-weather|SunnyDay|[from] ability: Orichalcum Pulse|[of] p2a: Featured Today\n|-activate|p2a: Featured Today|Orichalcum Pulse|[source]\n|turn|18\n|\n|t:|1698129271\n|move|p1a: Calyrex|Draining Kiss|p2a: Featured Today\n|-supereffective|p2a: Featured Today\n|-damage|p2a: Featured Today|0 fnt\n|-heal|p1a: Calyrex|97\/100|[from] drain|[of] p2a: Featured Today\n|faint|p2a: Featured Today\n|-ability|p1a: Calyrex|Grim Neigh|boost\n|-boost|p1a: Calyrex|spa|1\n|\n|-weather|SunnyDay|[upkeep]\n|upkeep\n|-message|eavo forfeited.\n|\n|win|Dregone\n|raw|Dregone's rating: 1695 &rarr; <strong>1720<\/strong><br \/>(+25 for winning)\n|raw|eavo's rating: 1785 &rarr; <strong>1760<\/strong><br \/>(-25 for losing)\n|c|\u2606Dregone|hehe\n|c|\u2606eavo|lame\n","uploadtime":1698129043,"views":28,"p1id":"dregone","p2id":"eavo","formatid":"gen9anythinggoes","rating":1720,"private":0,"password":""}