{"id":"gen9anythinggoes-1973262489","p1":"OUDJ UU to Suspect","p2":"So Long Adele","format":"[Gen 9] Anything Goes","log":"|j|\u2606OUDJ UU to Suspect\n|j|\u2606So Long Adele\n|t:|1697945829\n|gametype|singles\n|player|p1|OUDJ UU to Suspect|gardenia|\n|player|p2|So Long Adele|cress|\n|teamsize|p1|6\n|teamsize|p2|6\n|gen|9\n|tier|[Gen 9] Anything Goes\n|rule|HP Percentage Mod: HP is shown in percentages\n|rule|Endless Battle Clause: Forcing endless battles is banned\n|clearpoke\n|poke|p1|Pelipper, F|\n|poke|p1|Floatzel, M|\n|poke|p1|Golduck, M|\n|poke|p1|Azumarill, F|\n|poke|p1|Pawmot, M|\n|poke|p1|Toedscruel, F|\n|poke|p2|Calyrex-Shadow|\n|poke|p2|Arceus|\n|poke|p2|Arceus|\n|poke|p2|Arceus|\n|poke|p2|Arceus|\n|poke|p2|Arceus|\n|teampreview\n|inactive|Battle timer is ON: inactive players will automatically lose when time's up. (requested by OUDJ UU to Suspect)\n|\n|t:|1697945858\n|start\n|switch|p1a: Ghoti carrier|Pelipper, F|100\/100\n|switch|p2a: Calyrex|Calyrex-Shadow|100\/100\n|-ability|p2a: Calyrex|As One\n|-ability|p2a: Calyrex|Unnerve\n|-weather|RainDance|[from] ability: Drizzle|[of] p1a: Ghoti carrier\n|turn|1\n|\n|t:|1697945867\n|switch|p1a: Spaghetti Memory|Toedscruel, F|100\/100\n|-terastallize|p2a: Calyrex|Ghost\n|move|p2a: Calyrex|Astral Barrage|p1a: Spaghetti Memory\n|-damage|p1a: Spaghetti Memory|45\/100\n|\n|-weather|RainDance|[upkeep]\n|upkeep\n|turn|2\n|\n|t:|1697945876\n|move|p2a: Calyrex|Astral Barrage|p1a: Spaghetti Memory\n|-damage|p1a: Spaghetti Memory|0 fnt\n|faint|p1a: Spaghetti Memory\n|-ability|p2a: Calyrex|Grim Neigh|boost\n|-boost|p2a: Calyrex|spa|1\n|\n|-weather|RainDance|[upkeep]\n|upkeep\n|\n|t:|1697945879\n|switch|p1a: BandedSkewda|Floatzel, M|100\/100\n|turn|3\n|\n|t:|1697945888\n|move|p2a: Calyrex|Astral Barrage|p1a: BandedSkewda\n|-damage|p1a: BandedSkewda|0 fnt\n|faint|p1a: BandedSkewda\n|-ability|p2a: Calyrex|Grim Neigh|boost\n|-boost|p2a: Calyrex|spa|1\n|\n|-weather|RainDance|[upkeep]\n|upkeep\n|\n|t:|1697945892\n|switch|p1a: The Goat|Azumarill, F|100\/100\n|turn|4\n|\n|t:|1697945897\n|move|p2a: Calyrex|Astral Barrage|p1a: The Goat\n|-damage|p1a: The Goat|0 fnt\n|faint|p1a: The Goat\n|-ability|p2a: Calyrex|Grim Neigh|boost\n|-boost|p2a: Calyrex|spa|1\n|\n|-weather|RainDance|[upkeep]\n|upkeep\n|\n|t:|1697945899\n|switch|p1a: Seaking Duck|Golduck, M|100\/100\n|turn|5\n|\n|t:|1697945906\n|move|p2a: Calyrex|Astral Barrage|p1a: Seaking Duck\n|-damage|p1a: Seaking Duck|0 fnt\n|faint|p1a: Seaking Duck\n|-ability|p2a: Calyrex|Grim Neigh|boost\n|-boost|p2a: Calyrex|spa|1\n|\n|-weather|RainDance|[upkeep]\n|upkeep\n|\n|t:|1697945908\n|switch|p1a: Really want eject|Pawmot, M|100\/100\n|turn|6\n|\n|t:|1697945915\n|move|p2a: Calyrex|Astral Barrage|p1a: Really want eject\n|-damage|p1a: Really want eject|0 fnt\n|faint|p1a: Really want eject\n|-ability|p2a: Calyrex|Grim Neigh|boost\n|-boost|p2a: Calyrex|spa|1\n|\n|-weather|RainDance|[upkeep]\n|upkeep\n|\n|t:|1697945917\n|switch|p1a: Ghoti carrier|Pelipper, F|100\/100\n|turn|7\n|\n|t:|1697945924\n|move|p2a: Calyrex|Astral Barrage|p1a: Ghoti carrier\n|-damage|p1a: Ghoti carrier|0 fnt\n|faint|p1a: Ghoti carrier\n|\n|win|So Long Adele\n|c|\u2606So Long Adele|I'm so skilled\n|c|\u2606OUDJ UU to Suspect|Run it back\n","uploadtime":1697945941,"views":13,"p1id":"oudjuutosuspect","p2id":"solongadele","formatid":"gen9anythinggoes","rating":0,"private":0,"password":""}