{"id":"gen9anythinggoes-1977312604","p1":"Xxkurdish_Monsta","p2":"LPtiDim","format":"[Gen 9] Anything Goes","log":"|j|\u2606Xxkurdish_Monsta\n|j|\u2606LPtiDim\n|t:|1698403538\n|gametype|singles\n|player|p1|Xxkurdish_Monsta|ethan|1041\n|player|p2|LPtiDim|alder|1130\n|teamsize|p1|6\n|teamsize|p2|6\n|gen|9\n|tier|[Gen 9] Anything Goes\n|rated|\n|rule|HP Percentage Mod: HP is shown in percentages\n|rule|Endless Battle Clause: Forcing endless battles is banned\n|clearpoke\n|poke|p1|Pikachu-Kalos, M|\n|poke|p1|Charizard, M|\n|poke|p1|Mew|\n|poke|p1|Gengar, M|\n|poke|p1|Rayquaza|\n|poke|p1|Kingambit, M|\n|poke|p2|Forretress, M|\n|poke|p2|Volcarona, M|\n|poke|p2|Gliscor, F|\n|poke|p2|Corviknight, M|\n|poke|p2|Zapdos|\n|poke|p2|Garganacl, M|\n|teampreview\n|\n|t:|1698403555\n|start\n|switch|p1a: Pikachu|Pikachu-Kalos, M|100\/100\n|switch|p2a: Forretress|Forretress, M|100\/100\n|turn|1\n|\n|t:|1698403562\n|move|p1a: Pikachu|Thunder|p2a: Forretress\n|-damage|p2a: Forretress|32\/100\n|-status|p2a: Forretress|par\n|move|p2a: Forretress|Stealth Rock|p1a: Pikachu\n|-sidestart|p1: Xxkurdish_Monsta|move: Stealth Rock\n|\n|upkeep\n|turn|2\n|\n|t:|1698403570\n|move|p1a: Pikachu|Electro Ball|p2a: Forretress\n|-damage|p2a: Forretress|0 fnt\n|faint|p2a: Forretress\n|\n|upkeep\n|\n|t:|1698403585\n|switch|p2a: Gliscor|Gliscor, F|100\/100\n|turn|3\n|\n|t:|1698403593\n|move|p1a: Pikachu|Iron Tail|p2a: Gliscor\n|-damage|p2a: Gliscor|75\/100\n|-unboost|p2a: Gliscor|def|1\n|move|p2a: Gliscor|Crabhammer|p1a: Pikachu\n|-damage|p1a: Pikachu|30\/100\n|-status|p2a: Gliscor|par|[from] ability: Static|[of] p1a: Pikachu\n|\n|upkeep\n|turn|4\n|\n|t:|1698403602\n|move|p1a: Pikachu|Iron Tail|p2a: Gliscor|[miss]\n|-miss|p1a: Pikachu|p2a: Gliscor\n|move|p2a: Gliscor|Crabhammer|p1a: Pikachu|[miss]\n|-miss|p2a: Gliscor|p1a: Pikachu\n|\n|upkeep\n|turn|5\n|\n|t:|1698403609\n|move|p1a: Pikachu|Iron Tail|p2a: Gliscor\n|-damage|p2a: Gliscor|38\/100 par\n|-unboost|p2a: Gliscor|def|1\n|move|p2a: Gliscor|Crabhammer|p1a: Pikachu\n|-crit|p1a: Pikachu\n|-damage|p1a: Pikachu|0 fnt\n|faint|p1a: Pikachu\n|\n|upkeep\n|\n|t:|1698403623\n|switch|p1a: Mew|Mew|100\/100\n|-damage|p1a: Mew|88\/100|[from] Stealth Rock\n|turn|6\n|\n|t:|1698403635\n|move|p1a: Mew|Agility|p1a: Mew\n|-boost|p1a: Mew|spe|2\n|move|p2a: Gliscor|Dark Pulse|p1a: Mew\n|-supereffective|p1a: Mew\n|-damage|p1a: Mew|71\/100\n|\n|upkeep\n|turn|7\n|\n|t:|1698403644\n|move|p1a: Mew|Psychic|p2a: Gliscor\n|-damage|p2a: Gliscor|0 fnt\n|faint|p2a: Gliscor\n|\n|upkeep\n|\n|t:|1698403651\n|switch|p2a: Volcarona|Volcarona, M, shiny|100\/100\n|turn|8\n|\n|t:|1698403657\n|move|p1a: Mew|Aura Sphere|p2a: Volcarona\n|-resisted|p2a: Volcarona\n|-damage|p2a: Volcarona|88\/100\n|move|p2a: Volcarona|Bug Buzz|p1a: Mew\n|-supereffective|p1a: Mew\n|-damage|p1a: Mew|0 fnt\n|faint|p1a: Mew\n|\n|upkeep\n|\n|t:|1698403670\n|switch|p1a: Charizard|Charizard, M|100\/100\n|-damage|p1a: Charizard|51\/100|[from] Stealth Rock\n|turn|9\n|\n|t:|1698403677\n|switch|p2a: Garganacl|Garganacl, M|100\/100\n|move|p1a: Charizard|Air Slash|p2a: Garganacl\n|-resisted|p2a: Garganacl\n|-damage|p2a: Garganacl|88\/100\n|\n|-heal|p2a: Garganacl|94\/100|[from] item: Leftovers\n|upkeep\n|turn|10\n|\n|t:|1698403686\n|move|p1a: Charizard|Flamethrower|p2a: Garganacl\n|-resisted|p2a: Garganacl\n|-damage|p2a: Garganacl|77\/100\n|move|p2a: Garganacl|Salt Cure|p1a: Charizard\n|-supereffective|p1a: Charizard\n|-damage|p1a: Charizard|0 fnt\n|faint|p1a: Charizard\n|\n|-heal|p2a: Garganacl|83\/100|[from] item: Leftovers\n|upkeep\n|\n|t:|1698403696\n|switch|p1a: Rayquaza|Rayquaza|100\/100\n|-damage|p1a: Rayquaza|75\/100|[from] Stealth Rock\n|-ability|p1a: Rayquaza|Air Lock\n|turn|11\n|\n|t:|1698403703\n|move|p1a: Rayquaza|Energy Ball|p2a: Garganacl\n|-supereffective|p2a: Garganacl\n|-damage|p2a: Garganacl|29\/100\n|-damage|p1a: Rayquaza|66\/100|[from] item: Life Orb\n|move|p2a: Garganacl|Salt Cure|p1a: Rayquaza\n|-supereffective|p1a: Rayquaza\n|-damage|p1a: Rayquaza|38\/100\n|-start|p1a: Rayquaza|Salt Cure\n|\n|-heal|p2a: Garganacl|36\/100|[from] item: Leftovers\n|-damage|p1a: Rayquaza|25\/100|[from] Salt Cure\n|upkeep\n|turn|12\n|\n|t:|1698403715\n|switch|p2a: Corviknight|Corviknight, M, shiny|100\/100\n|-ability|p2a: Corviknight|Pressure\n|move|p1a: Rayquaza|Energy Ball|p2a: Corviknight\n|-resisted|p2a: Corviknight\n|-damage|p2a: Corviknight|94\/100\n|-damage|p1a: Rayquaza|15\/100|[from] item: Life Orb\n|\n|-heal|p2a: Corviknight|100\/100|[from] item: Leftovers\n|-damage|p1a: Rayquaza|3\/100|[from] Salt Cure\n|upkeep\n|turn|13\n|\n|t:|1698403728\n|move|p1a: Rayquaza|Outrage|p2a: Corviknight\n|-resisted|p2a: Corviknight\n|-damage|p2a: Corviknight|60\/100\n|-damage|p1a: Rayquaza|0 fnt|[from] item: Life Orb\n|faint|p1a: Rayquaza\n|move|p2a: Corviknight|Body Slam|p1: Rayquaza|[notarget]\n|-fail|p2a: Corviknight\n|\n|-heal|p2a: Corviknight|66\/100|[from] item: Leftovers\n|upkeep\n|\n|t:|1698403739\n|switch|p1a: Gengar|Gengar, M|100\/100\n|-damage|p1a: Gengar|88\/100|[from] Stealth Rock\n|turn|14\n|\n|t:|1698403745\n|move|p1a: Gengar|Shadow Ball|p2a: Corviknight\n|-damage|p2a: Corviknight|25\/100\n|-unboost|p2a: Corviknight|spd|1\n|move|p2a: Corviknight|Roost|p2a: Corviknight\n|-heal|p2a: Corviknight|76\/100\n|-singleturn|p2a: Corviknight|move: Roost\n|\n|-heal|p2a: Corviknight|82\/100|[from] item: Leftovers\n|upkeep\n|turn|15\n|\n|t:|1698403757\n|move|p1a: Gengar|Shadow Ball|p2a: Corviknight\n|-damage|p2a: Corviknight|22\/100\n|move|p2a: Corviknight|Brave Bird|p1a: Gengar\n|-damage|p1a: Gengar|18\/100\n|-damage|p2a: Corviknight|4\/100|[from] Recoil\n|\n|-heal|p2a: Corviknight|10\/100|[from] item: Leftovers\n|upkeep\n|turn|16\n|\n|t:|1698403772\n|switch|p2a: Volcarona|Volcarona, M, shiny|88\/100\n|move|p1a: Gengar|Shadow Ball|p2a: Volcarona\n|-damage|p2a: Volcarona|32\/100\n|\n|upkeep\n|turn|17\n|\n|t:|1698403783\n|move|p2a: Volcarona|Flame Charge|p1a: Gengar\n|-damage|p1a: Gengar|0 fnt\n|-boost|p2a: Volcarona|spe|1\n|faint|p1a: Gengar\n|\n|upkeep\n|\n|t:|1698403790\n|switch|p1a: Kingambit|Kingambit, M|100\/100\n|-damage|p1a: Kingambit|94\/100|[from] Stealth Rock\n|-activate|p1a: Kingambit|ability: Supreme Overlord\n|-start|p1a: Kingambit|fallen5|[silent]\n|turn|18\n|\n|t:|1698403799\n|-terastallize|p1a: Kingambit|Dark\n|move|p1a: Kingambit|Sucker Punch|p2a: Volcarona\n|-damage|p2a: Volcarona|0 fnt\n|faint|p2a: Volcarona\n|\n|upkeep\n|j| FreezeGlaceon09\n|\n|t:|1698403808\n|switch|p2a: Zapdos|Zapdos, shiny|100\/100\n|turn|19\n|\n|t:|1698403814\n|move|p1a: Kingambit|Sucker Punch|p2a: Zapdos\n|-damage|p2a: Zapdos|15\/100\n|move|p2a: Zapdos|Heat Wave|p1a: Kingambit\n|-damage|p1a: Kingambit|52\/100\n|-damage|p2a: Zapdos|5\/100|[from] item: Life Orb\n|\n|upkeep\n|turn|20\n|\n|t:|1698403823\n|move|p1a: Kingambit|Sucker Punch||[still]\n|-fail|p1a: Kingambit\n|move|p2a: Zapdos|Roost|p2a: Zapdos\n|-heal|p2a: Zapdos|55\/100\n|-singleturn|p2a: Zapdos|move: Roost\n|\n|upkeep\n|turn|21\n|\n|t:|1698403831\n|move|p1a: Kingambit|Sucker Punch||[still]\n|-fail|p1a: Kingambit\n|move|p2a: Zapdos|Roost|p2a: Zapdos\n|-heal|p2a: Zapdos|100\/100\n|-singleturn|p2a: Zapdos|move: Roost\n|\n|upkeep\n|turn|22\n|\n|t:|1698403838\n|move|p1a: Kingambit|Sucker Punch|p2a: Zapdos\n|-damage|p2a: Zapdos|8\/100\n|-status|p1a: Kingambit|par|[from] ability: Static|[of] p2a: Zapdos\n|move|p2a: Zapdos|Heat Wave|p1a: Kingambit\n|-damage|p1a: Kingambit|12\/100 par\n|-damage|p2a: Zapdos|0 fnt|[from] item: Life Orb\n|faint|p2a: Zapdos\n|\n|upkeep\n|\n|t:|1698403847\n|switch|p2a: Corviknight|Corviknight, M, shiny|10\/100\n|-ability|p2a: Corviknight|Pressure\n|turn|23\n|\n|t:|1698403852\n|move|p2a: Corviknight|Roost|p2a: Corviknight\n|-heal|p2a: Corviknight|60\/100\n|-singleturn|p2a: Corviknight|move: Roost\n|move|p1a: Kingambit|Dark Pulse|p2a: Corviknight\n|-damage|p2a: Corviknight|30\/100\n|\n|-heal|p2a: Corviknight|37\/100|[from] item: Leftovers\n|upkeep\n|turn|24\n|\n|t:|1698403862\n|move|p1a: Kingambit|Sucker Punch||[still]\n|-fail|p1a: Kingambit\n|move|p2a: Corviknight|Roost|p2a: Corviknight\n|-heal|p2a: Corviknight|87\/100\n|-singleturn|p2a: Corviknight|move: Roost\n|\n|-heal|p2a: Corviknight|93\/100|[from] item: Leftovers\n|upkeep\n|turn|25\n|\n|t:|1698403872\n|move|p1a: Kingambit|Sucker Punch|p2a: Corviknight\n|-damage|p2a: Corviknight|0 fnt\n|faint|p2a: Corviknight\n|\n|upkeep\n|\n|t:|1698403876\n|switch|p2a: Garganacl|Garganacl, M|36\/100\n|turn|26\n|\n|t:|1698403883\n|move|p1a: Kingambit|Focus Blast|p2a: Garganacl\n|-supereffective|p2a: Garganacl\n|-damage|p2a: Garganacl|0 fnt\n|faint|p2a: Garganacl\n|\n|win|Xxkurdish_Monsta\n|raw|Xxkurdish_Monsta's rating: 1041 &rarr; <strong>1083<\/strong><br \/>(+42 for winning)\n|raw|LPtiDim's rating: 1130 &rarr; <strong>1099<\/strong><br \/>(-31 for losing)\n|c|\u2606Xxkurdish_Monsta|Gg\n|c|\u2606Xxkurdish_Monsta|Good game\n|l| FreezeGlaceon09\n","uploadtime":1698403919,"views":10,"p1id":"xxkurdishmonsta","p2id":"lptidim","formatid":"gen9anythinggoes","rating":1083,"private":0,"password":""}