{"id":"gen9anythinggoes-1995530174","p1":"chandelurecandy","p2":"Armond Armor","format":"[Gen 9] Anything Goes","log":"|j|\u203dchandelurecandy\n|j|\u2606Armond Armor\n|t:|1700580255\n|gametype|singles\n|player|p1|chandelurecandy|dragontamer|1076\n|player|p2|Armond Armor|blackbelt-gen4dp|1143\n|teamsize|p1|6\n|teamsize|p2|6\n|gen|9\n|tier|[Gen 9] Anything Goes\n|rated|\n|rule|HP Percentage Mod: HP is shown in percentages\n|rule|Endless Battle Clause: Forcing endless battles is banned\n|clearpoke\n|poke|p1|Toxicroak, F|\n|poke|p1|Avalugg, F|\n|poke|p1|Chansey, F|\n|poke|p1|Mismagius, M|\n|poke|p1|Electrode-Hisui|\n|poke|p1|Gligar, M|\n|poke|p2|Skeledirge, M|\n|poke|p2|Maushold-Four|\n|poke|p2|Glimmora, M|\n|poke|p2|Roaring Moon|\n|poke|p2|Garganacl, F|\n|poke|p2|Iron Valiant|\n|teampreview\n|inactive|Battle timer is ON: inactive players will automatically lose when time's up. (requested by chandelurecandy)\n|\n|t:|1700580260\n|start\n|switch|p1a: Chansey|Chansey, F|100\/100\n|switch|p2a: Glimmora|Glimmora, M, shiny|100\/100\n|turn|1\n|\n|t:|1700580266\n|move|p2a: Glimmora|Stealth Rock|p1a: Chansey\n|-sidestart|p1: chandelurecandy|move: Stealth Rock\n|move|p1a: Chansey|Thunder Wave|p2a: Glimmora\n|-status|p2a: Glimmora|par\n|\n|upkeep\n|turn|2\n|\n|t:|1700580276\n|move|p2a: Glimmora|Sludge Wave|p1a: Chansey\n|-damage|p1a: Chansey|88\/100\n|-status|p1a: Chansey|psn\n|move|p1a: Chansey|Stealth Rock|p2a: Glimmora\n|-sidestart|p2: Armond Armor|move: Stealth Rock\n|\n|-damage|p1a: Chansey|75\/100 psn|[from] psn\n|upkeep\n|turn|3\n|\n|t:|1700580297\n|-curestatus|p1a: Chansey|psn|[from] ability: Natural Cure\n|switch|p1a: Avalugg|Avalugg, F|100\/100\n|-damage|p1a: Avalugg|76\/100|[from] Stealth Rock\n|move|p2a: Glimmora|Mortal Spin|p1a: Avalugg\n|-damage|p1a: Avalugg|72\/100\n|-status|p1a: Avalugg|psn\n|-sideend|p2: Armond Armor|Stealth Rock|[from] move: Mortal Spin|[of] p2a: Glimmora\n|\n|-heal|p1a: Avalugg|78\/100 psn|[from] item: Leftovers\n|-damage|p1a: Avalugg|66\/100 psn|[from] psn\n|upkeep\n|turn|4\n|\n|t:|1700580307\n|move|p2a: Glimmora|Earth Power|p1a: Avalugg\n|-damage|p1a: Avalugg|42\/100 psn\n|move|p1a: Avalugg|Rapid Spin|p2a: Glimmora\n|-resisted|p2a: Glimmora\n|-damage|p2a: Glimmora|94\/100 par\n|-boost|p1a: Avalugg|spe|1\n|-activate|p2a: Glimmora|ability: Toxic Debris\n|-sidestart|p1: chandelurecandy|move: Toxic Spikes\n|-sideend|p1: chandelurecandy|Toxic Spikes|[from] move: Rapid Spin|[of] p1a: Avalugg\n|-sideend|p1: chandelurecandy|Stealth Rock|[from] move: Rapid Spin|[of] p1a: Avalugg\n|\n|-heal|p1a: Avalugg|48\/100 psn|[from] item: Leftovers\n|-damage|p1a: Avalugg|36\/100 psn|[from] psn\n|upkeep\n|turn|5\n|\n|t:|1700580313\n|switch|p1a: Mismagius|Mismagius, M|100\/100\n|move|p2a: Glimmora|Stealth Rock|p1a: Mismagius\n|-sidestart|p1: chandelurecandy|move: Stealth Rock\n|\n|upkeep\n|turn|6\n|\n|t:|1700580319\n|move|p1a: Mismagius|Substitute|p1a: Mismagius\n|-start|p1a: Mismagius|Substitute\n|-damage|p1a: Mismagius|76\/100\n|move|p2a: Glimmora|Mortal Spin|p1a: Mismagius\n|-resisted|p1a: Mismagius\n|-activate|p1a: Mismagius|move: Substitute|[damage]\n|\n|upkeep\n|turn|7\n|\n|t:|1700580326\n|move|p1a: Mismagius|Nasty Plot|p1a: Mismagius\n|-boost|p1a: Mismagius|spa|2\n|cant|p2a: Glimmora|par\n|\n|upkeep\n|turn|8\n|\n|t:|1700580331\n|move|p1a: Mismagius|Nasty Plot|p1a: Mismagius\n|-boost|p1a: Mismagius|spa|2\n|cant|p2a: Glimmora|par\n|\n|upkeep\n|turn|9\n|\n|t:|1700580341\n|switch|p2a: Roaring Moon|Roaring Moon|100\/100\n|-enditem|p2a: Roaring Moon|Booster Energy\n|-activate|p2a: Roaring Moon|ability: Protosynthesis|[fromitem]\n|-start|p2a: Roaring Moon|protosynthesisatk\n|move|p1a: Mismagius|Nasty Plot|p1a: Mismagius\n|-boost|p1a: Mismagius|spa|2\n|\n|upkeep\n|turn|10\n|\n|t:|1700580348\n|move|p1a: Mismagius|Draining Kiss|p2a: Roaring Moon\n|-supereffective|p2a: Roaring Moon\n|-damage|p2a: Roaring Moon|0 fnt\n|-heal|p1a: Mismagius|100\/100|[from] drain|[of] p2a: Roaring Moon\n|faint|p2a: Roaring Moon\n|-end|p2a: Roaring Moon|Protosynthesis|[silent]\n|\n|upkeep\n|l|\u2606Armond Armor\n|inactive|Armond Armor disconnected and has a minute to reconnect!\n|player|p2|\n|inactive|Armond Armor has 30 seconds to reconnect!\n|inactive|Armond Armor has 20 seconds to reconnect!\n|inactive|Armond Armor has 15 seconds to reconnect!\n|inactive|Armond Armor has 10 seconds to reconnect!\n|inactive|Armond Armor has 5 seconds to reconnect!\n|-message|Armond Armor lost due to inactivity.\n|\n|win|chandelurecandy\n|raw|chandelurecandy's rating: 1076 &rarr; <strong>1110<\/strong><br \/>(+34 for winning)\n|raw|Armond Armor's rating: 1143 &rarr; <strong>1113<\/strong><br \/>(-30 for losing)\n","uploadtime":1700580416,"views":2,"p1id":"chandelurecandy","p2id":"armondarmor","formatid":"gen9anythinggoes","rating":1110,"private":0,"password":""}