{"id":"gen9anythinggoes-1974234952","p1":"Plushy157","p2":"Copy Cat Charles","format":"[Gen 9] Anything Goes","log":"|j|\u2606Plushy157\n|j|\u2606Copy Cat Charles\n|t:|1698070754\n|gametype|singles\n|player|p1|Plushy157|shadowtriad|1195\n|player|p2|Copy Cat Charles|collector|1072\n|teamsize|p1|6\n|teamsize|p2|6\n|gen|9\n|tier|[Gen 9] Anything Goes\n|rated|\n|rule|HP Percentage Mod: HP is shown in percentages\n|rule|Endless Battle Clause: Forcing endless battles is banned\n|clearpoke\n|poke|p1|Bisharp, F|\n|poke|p1|Dusclops, F|\n|poke|p1|Sliggoo-Hisui, F|\n|poke|p1|Scyther, F|\n|poke|p1|Gulpin, F|\n|poke|p1|Dunsparce, F|\n|poke|p2|Ditto|\n|poke|p2|Ditto|\n|poke|p2|Ditto|\n|poke|p2|Ditto|\n|poke|p2|Ditto|\n|poke|p2|Mew|\n|teampreview\n|inactive|Battle timer is ON: inactive players will automatically lose when time's up. (requested by Plushy157)\n|c|\u2606Copy Cat Charles|This is the power of copy cat charles!\n|\n|t:|1698070784\n|start\n|switch|p1a: Dunsparce|Dunsparce, F, shiny|100\/100\n|switch|p2a: Ditto|Ditto|100\/100\n|-transform|p2a: Ditto|p1a: Dunsparce|[from] ability: Imposter\n|turn|1\n|c|\u2606Plushy157|Ok\n|\n|t:|1698070797\n|move|p1a: Dunsparce|Body Slam|p2a: Ditto\n|-damage|p2a: Ditto|54\/100\n|-status|p2a: Ditto|par\n|move|p2a: Ditto|Stealth Rock|p1a: Dunsparce\n|-sidestart|p1: Plushy157|move: Stealth Rock\n|\n|upkeep\n|turn|2\n|\n|t:|1698070814\n|move|p1a: Dunsparce|Stealth Rock|p2a: Ditto\n|-sidestart|p2: Copy Cat Charles|move: Stealth Rock\n|move|p2a: Ditto|Body Slam|p1a: Dunsparce\n|-damage|p1a: Dunsparce|74\/100\n|-status|p1a: Dunsparce|par\n|\n|upkeep\n|turn|3\n|inactive|Plushy157 has 120 seconds left.\n|\n|t:|1698070848\n|cant|p1a: Dunsparce|par\n|move|p2a: Ditto|Roost|p2a: Ditto\n|-heal|p2a: Ditto|100\/100 par\n|-singleturn|p2a: Ditto|move: Roost\n|\n|upkeep\n|turn|4\n|-activate|p2a: Ditto|item: Quick Claw\n|\n|t:|1698070854\n|move|p2a: Ditto|Body Slam|p1a: Dunsparce\n|-damage|p1a: Dunsparce|51\/100 par\n|cant|p1a: Dunsparce|par\n|\n|upkeep\n|turn|5\n|c|\u2606Copy Cat Charles|damn\n|c|\u2606Copy Cat Charles|game loves me rn\n|inactive|Plushy157 has 120 seconds left.\n|\n|t:|1698070876\n|cant|p2a: Ditto|par\n|move|p1a: Dunsparce|Roost|p1a: Dunsparce\n|-heal|p1a: Dunsparce|100\/100 par\n|-singleturn|p1a: Dunsparce|move: Roost\n|\n|upkeep\n|turn|6\n|c|\u2606Copy Cat Charles|spoke too soon lol\n|\n|t:|1698070886\n|move|p1a: Dunsparce|Ancient Power|p2a: Ditto\n|-damage|p2a: Ditto|87\/100 par\n|move|p2a: Ditto|Ancient Power|p1a: Dunsparce\n|-damage|p1a: Dunsparce|93\/100 par\n|\n|upkeep\n|turn|7\n|\n|t:|1698070893\n|move|p1a: Dunsparce|Ancient Power|p2a: Ditto\n|-damage|p2a: Ditto|74\/100 par\n|move|p2a: Ditto|Body Slam|p1a: Dunsparce\n|-damage|p1a: Dunsparce|69\/100 par\n|\n|upkeep\n|turn|8\n|\n|t:|1698070908\n|move|p1a: Dunsparce|Ancient Power|p2a: Ditto\n|-damage|p2a: Ditto|60\/100 par\n|move|p2a: Ditto|Stealth Rock||[still]\n|-fail|p2a: Ditto\n|\n|upkeep\n|turn|9\n|\n|t:|1698070917\n|move|p2a: Ditto|Roost|p2a: Ditto\n|-heal|p2a: Ditto|100\/100 par\n|-singleturn|p2a: Ditto|move: Roost\n|move|p1a: Dunsparce|Ancient Power|p2a: Ditto\n|-damage|p2a: Ditto|87\/100 par\n|-boost|p1a: Dunsparce|atk|1\n|-boost|p1a: Dunsparce|def|1\n|-boost|p1a: Dunsparce|spa|1\n|-boost|p1a: Dunsparce|spd|1\n|-boost|p1a: Dunsparce|spe|1\n|\n|upkeep\n|turn|10\n|\n|t:|1698070928\n|move|p1a: Dunsparce|Ancient Power|p2a: Ditto\n|-damage|p2a: Ditto|65\/100 par\n|cant|p2a: Ditto|par\n|\n|upkeep\n|turn|11\n|c|\u2606Copy Cat Charles|hahaha thats bad\n|c|\u2606Copy Cat Charles|for you\n|\n|t:|1698070941\n|switch|p2a: Ditto|Ditto|100\/100\n|-damage|p2a: Ditto|88\/100|[from] Stealth Rock\n|-transform|p2a: Ditto|p1a: Dunsparce|[from] ability: Imposter\n|cant|p1a: Dunsparce|par\n|\n|upkeep\n|turn|12\n|\n|t:|1698070953\n|move|p2a: Ditto|Ancient Power|p1a: Dunsparce\n|-damage|p1a: Dunsparce|63\/100 par\n|move|p1a: Dunsparce|Ancient Power|p2a: Ditto\n|-damage|p2a: Ditto|75\/100\n|-boost|p1a: Dunsparce|atk|1\n|-boost|p1a: Dunsparce|def|1\n|-boost|p1a: Dunsparce|spa|1\n|-boost|p1a: Dunsparce|spd|1\n|-boost|p1a: Dunsparce|spe|1\n|\n|upkeep\n|turn|13\n|\n|t:|1698070962\n|move|p2a: Ditto|Ancient Power|p1a: Dunsparce\n|-damage|p1a: Dunsparce|57\/100 par\n|move|p1a: Dunsparce|Body Slam|p2a: Ditto\n|-damage|p2a: Ditto|13\/100\n|-status|p2a: Ditto|par\n|-damage|p1a: Dunsparce|41\/100 par|[from] item: Rocky Helmet|[of] p2a: Ditto\n|\n|upkeep\n|turn|14\n|\n|t:|1698070971\n|cant|p1a: Dunsparce|par\n|move|p2a: Ditto|Roost|p2a: Ditto\n|-heal|p2a: Ditto|63\/100 par\n|-singleturn|p2a: Ditto|move: Roost\n|\n|upkeep\n|turn|15\n|\n|t:|1698070978\n|cant|p1a: Dunsparce|par\n|cant|p2a: Ditto|par\n|\n|upkeep\n|turn|16\n|\n|t:|1698070987\n|cant|p1a: Dunsparce|par\n|move|p2a: Ditto|Roost|p2a: Ditto\n|-heal|p2a: Ditto|100\/100 par\n|-singleturn|p2a: Ditto|move: Roost\n|\n|upkeep\n|turn|17\n|\n|t:|1698070993\n|move|p1a: Dunsparce|Roost|p1a: Dunsparce\n|-heal|p1a: Dunsparce|91\/100 par\n|-singleturn|p1a: Dunsparce|move: Roost\n|move|p2a: Ditto|Body Slam|p1a: Dunsparce\n|-damage|p1a: Dunsparce|71\/100 par\n|\n|upkeep\n|turn|18\n|c|\u2606Plushy157|My team is good for this\n|\n|t:|1698071018\n|move|p1a: Dunsparce|Body Slam|p2a: Ditto\n|-damage|p2a: Ditto|39\/100 par\n|-damage|p1a: Dunsparce|54\/100 par|[from] item: Rocky Helmet|[of] p2a: Ditto\n|move|p2a: Ditto|Ancient Power|p1a: Dunsparce\n|-damage|p1a: Dunsparce|49\/100 par\n|-boost|p2a: Ditto|atk|1\n|-boost|p2a: Ditto|def|1\n|-boost|p2a: Ditto|spa|1\n|-boost|p2a: Ditto|spd|1\n|-boost|p2a: Ditto|spe|1\n|\n|upkeep\n|turn|19\n|\n|t:|1698071028\n|move|p2a: Ditto|Roost|p2a: Ditto\n|-heal|p2a: Ditto|89\/100 par\n|-singleturn|p2a: Ditto|move: Roost\n|move|p1a: Dunsparce|Roost|p1a: Dunsparce\n|-heal|p1a: Dunsparce|99\/100 par\n|-singleturn|p1a: Dunsparce|move: Roost\n|\n|upkeep\n|turn|20\n|c|\u2606Copy Cat Charles|ye ngl this dunsparce is a pretty good counter to me\n|inactive|Copy Cat Charles has 120 seconds left.\n|c|\u2606Plushy157|It's op\n|c|\u2606Copy Cat Charles|cause it has a very high amount of HP\n|c|\u2606Plushy157|Better than its evolution\n|\n|t:|1698071074\n|cant|p1a: Dunsparce|par\n|cant|p2a: Ditto|par\n|\n|upkeep\n|turn|21\n|\n|t:|1698071082\n|cant|p1a: Dunsparce|par\n|move|p2a: Ditto|Ancient Power|p1a: Dunsparce\n|-damage|p1a: Dunsparce|92\/100 par\n|\n|upkeep\n|turn|22\n|\n|t:|1698071088\n|cant|p1a: Dunsparce|par\n|cant|p2a: Ditto|par\n|\n|upkeep\n|turn|23\n|inactive|Copy Cat Charles has 120 seconds left.\n|c|\u2606Copy Cat Charles|geez\n|c|\u2606Copy Cat Charles|sad thing is that this is a losing game for me\n|\n|t:|1698071109\n|switch|p2a: Ditto|Ditto|100\/100\n|-damage|p2a: Ditto|88\/100|[from] Stealth Rock\n|-transform|p2a: Ditto|p1a: Dunsparce|[from] ability: Imposter\n|move|p1a: Dunsparce|Ancient Power|p2a: Ditto\n|-damage|p2a: Ditto|74\/100\n|-boost|p1a: Dunsparce|atk|1\n|-boost|p1a: Dunsparce|def|1\n|-boost|p1a: Dunsparce|spa|1\n|-boost|p1a: Dunsparce|spd|1\n|-boost|p1a: Dunsparce|spe|1\n|\n|upkeep\n|turn|24\n|c|\u2606Copy Cat Charles|oh thats just not fair\n|\n|t:|1698071125\n|switch|p2a: Ditto|Ditto|100\/100\n|-damage|p2a: Ditto|88\/100|[from] Stealth Rock\n|-transform|p2a: Ditto|p1a: Dunsparce|[from] ability: Imposter\n|cant|p1a: Dunsparce|par\n|\n|-heal|p2a: Ditto|94\/100|[from] item: Leftovers\n|upkeep\n|turn|25\n|c|\u2606Plushy157|Nice\n|\n|t:|1698071135\n|move|p2a: Ditto|Ancient Power|p1a: Dunsparce\n|-damage|p1a: Dunsparce|84\/100 par\n|cant|p1a: Dunsparce|par\n|\n|-heal|p2a: Ditto|99\/100|[from] item: Leftovers\n|upkeep\n|turn|26\n|\n|t:|1698071141\n|move|p2a: Ditto|Ancient Power|p1a: Dunsparce\n|-damage|p1a: Dunsparce|77\/100 par\n|move|p1a: Dunsparce|Body Slam|p2a: Ditto\n|-damage|p2a: Ditto|46\/100\n|\n|-heal|p2a: Ditto|52\/100|[from] item: Leftovers\n|upkeep\n|turn|27\n|c|\u2606Copy Cat Charles|GYAT DAMN\n|\n|t:|1698071153\n|move|p2a: Ditto|Roost|p2a: Ditto\n|-heal|p2a: Ditto|100\/100\n|-singleturn|p2a: Ditto|move: Roost\n|cant|p1a: Dunsparce|par\n|\n|upkeep\n|turn|28\n|c|\u2606Plushy157|Op\n|\n|t:|1698071160\n|move|p2a: Ditto|Body Slam|p1a: Dunsparce\n|-damage|p1a: Dunsparce|51\/100 par\n|move|p1a: Dunsparce|Ancient Power|p2a: Ditto\n|-damage|p2a: Ditto|87\/100\n|\n|-heal|p2a: Ditto|93\/100|[from] item: Leftovers\n|upkeep\n|turn|29\n|inactive|Copy Cat Charles has 120 seconds left.\n|\n|t:|1698071167\n|move|p2a: Ditto|Body Slam|p1a: Dunsparce\n|-damage|p1a: Dunsparce|25\/100 par\n|move|p1a: Dunsparce|Roost|p1a: Dunsparce\n|-heal|p1a: Dunsparce|75\/100 par\n|-singleturn|p1a: Dunsparce|move: Roost\n|\n|-heal|p2a: Ditto|99\/100|[from] item: Leftovers\n|upkeep\n|turn|30\n|\n|t:|1698071175\n|move|p2a: Ditto|Body Slam|p1a: Dunsparce\n|-damage|p1a: Dunsparce|49\/100 par\n|cant|p1a: Dunsparce|par\n|\n|-heal|p2a: Ditto|100\/100|[from] item: Leftovers\n|upkeep\n|turn|31\n|\n|t:|1698071181\n|move|p2a: Ditto|Body Slam|p1a: Dunsparce\n|-damage|p1a: Dunsparce|23\/100 par\n|move|p1a: Dunsparce|Roost|p1a: Dunsparce\n|-heal|p1a: Dunsparce|73\/100 par\n|-singleturn|p1a: Dunsparce|move: Roost\n|\n|upkeep\n|turn|32\n|\n|t:|1698071187\n|move|p2a: Ditto|Body Slam|p1a: Dunsparce\n|-damage|p1a: Dunsparce|48\/100 par\n|move|p1a: Dunsparce|Roost|p1a: Dunsparce\n|-heal|p1a: Dunsparce|98\/100 par\n|-singleturn|p1a: Dunsparce|move: Roost\n|\n|upkeep\n|turn|33\n|\n|t:|1698071196\n|switch|p2a: Ditto|Ditto|74\/100\n|-damage|p2a: Ditto|62\/100|[from] Stealth Rock\n|-transform|p2a: Ditto|p1a: Dunsparce|[from] ability: Imposter\n|move|p1a: Dunsparce|Body Slam|p2a: Ditto\n|-damage|p2a: Ditto|13\/100\n|\n|upkeep\n|turn|34\n|\n|t:|1698071208\n|move|p2a: Ditto|Roost|p2a: Ditto\n|-heal|p2a: Ditto|63\/100\n|-singleturn|p2a: Ditto|move: Roost\n|move|p1a: Dunsparce|Body Slam|p2a: Ditto\n|-damage|p2a: Ditto|10\/100\n|\n|upkeep\n|turn|35\n|\n|t:|1698071214\n|move|p2a: Ditto|Body Slam|p1a: Dunsparce\n|-damage|p1a: Dunsparce|72\/100 par\n|move|p1a: Dunsparce|Body Slam|p2a: Ditto\n|-damage|p2a: Ditto|0 fnt\n|faint|p2a: Ditto\n|\n|upkeep\n|\n|t:|1698071222\n|switch|p2a: Ditto|Ditto|100\/100\n|-damage|p2a: Ditto|88\/100|[from] Stealth Rock\n|-transform|p2a: Ditto|p1a: Dunsparce|[from] ability: Imposter\n|turn|36\n|c|\u2606Plushy157|1 down\n|\n|t:|1698071235\n|move|p2a: Ditto|Body Slam|p1a: Dunsparce\n|-damage|p1a: Dunsparce|46\/100 par\n|move|p1a: Dunsparce|Body Slam|p2a: Ditto\n|-damage|p2a: Ditto|37\/100\n|-status|p2a: Ditto|par\n|\n|-heal|p2a: Ditto|43\/100 par|[from] item: Leftovers\n|upkeep\n|turn|37\n|c|\u2606Copy Cat Charles|hehehehehe\n|c|\u2606Copy Cat Charles|fool\n|\n|t:|1698071243\n|cant|p2a: Ditto|par\n|move|p1a: Dunsparce|Roost|p1a: Dunsparce\n|-heal|p1a: Dunsparce|96\/100 par\n|-singleturn|p1a: Dunsparce|move: Roost\n|\n|-heal|p2a: Ditto|49\/100 par|[from] item: Leftovers\n|upkeep\n|turn|38\n|c|\u2606Plushy157|Nice\n|c|\u2606Copy Cat Charles|youre down to 1 last rest arent you boy?\n|c|\u2606Plushy157|Oh\n|c|\u2606Plushy157|Oh no\n|c|\u2606Copy Cat Charles|HAHAHAHAHA\n|\n|t:|1698071279\n|cant|p1a: Dunsparce|par\n|move|p2a: Ditto|Roost|p2a: Ditto\n|-heal|p2a: Ditto|99\/100 par\n|-singleturn|p2a: Ditto|move: Roost\n|\n|-heal|p2a: Ditto|100\/100 par|[from] item: Leftovers\n|upkeep\n|turn|39\n|c|\u2606Copy Cat Charles|this was my WHOLE PLAN!\n|\n|t:|1698071286\n|-terastallize|p1a: Dunsparce|Normal\n|move|p1a: Dunsparce|Body Slam|p2a: Ditto\n|-damage|p2a: Ditto|31\/100 par\n|move|p2a: Ditto|Body Slam|p1a: Dunsparce\n|-damage|p1a: Dunsparce|72\/100 par\n|\n|-heal|p2a: Ditto|37\/100 par|[from] item: Leftovers\n|upkeep\n|turn|40\n|c|\u2606Plushy157|NO\n|c|\u2606Copy Cat Charles|oh?\n|inactive|Copy Cat Charles has 120 seconds left.\n|c|\u2606Copy Cat Charles|is that FEAR I sense?\n|\n|t:|1698071313\n|move|p1a: Dunsparce|Body Slam|p2a: Ditto\n|-damage|p2a: Ditto|0 fnt\n|faint|p2a: Ditto\n|\n|upkeep\n|\n|t:|1698071319\n|switch|p2a: Ditto|Ditto|100\/100\n|-damage|p2a: Ditto|88\/100|[from] Stealth Rock\n|-transform|p2a: Ditto|p1a: Dunsparce|[from] ability: Imposter\n|turn|41\n|inactive|Copy Cat Charles has 120 seconds left.\n|c|\u2606Copy Cat Charles|wanna know\n|c|\u2606Plushy157|Nope\n|inactive|Plushy157 has 120 seconds left.\n|c|\u2606Copy Cat Charles|something funny\n|c|\u2606Plushy157|?\n|c|\u2606Copy Cat Charles|because you used your tera\n|\n|t:|1698071356\n|-terastallize|p2a: Ditto|Normal\n|move|p2a: Ditto|Body Slam|p1a: Dunsparce\n|-damage|p1a: Dunsparce|36\/100 par\n|cant|p1a: Dunsparce|par\n|\n|upkeep\n|turn|42\n|c|\u2606Copy Cat Charles|and I copy it\n|inactive|Plushy157 has 120 seconds left.\n|c|\u2606Plushy157|Oh wha\n|c|\u2606Copy Cat Charles|I GET IT TOO AND ON TOP OF THAT\n|inactive|Copy Cat Charles has 120 seconds left.\n|c|\u2606Copy Cat Charles|I CAN USE MY OWN TO STACK MORE!!\n|\n|t:|1698071373\n|move|p2a: Ditto|Body Slam|p1a: Dunsparce\n|-damage|p1a: Dunsparce|5\/100 par\n|cant|p1a: Dunsparce|par\n|\n|upkeep\n|turn|43\n|c|\u2606Plushy157|...\n|inactive|Copy Cat Charles has 120 seconds left.\n|c|\u2606Copy Cat Charles|THIS IS THE END\n|c|\u2606Copy Cat Charles|THE GAME HAS MOVED TO MY FAVOR\n|c|\u2606Plushy157|Not yet\n|c|\u2606Copy Cat Charles|FOR RNGESUS RECOGNIZES ME AS HIS TRUE SON\n|\n|t:|1698071401\n|move|p2a: Ditto|Body Slam|p1a: Dunsparce\n|-damage|p1a: Dunsparce|0 fnt\n|faint|p1a: Dunsparce\n|\n|upkeep\n|inactive|Plushy157 has 90 seconds left.\n|c|\u2606Plushy157|U see u can't win yet\n|\n|t:|1698071429\n|switch|p1a: Dusclops|Dusclops, F, shiny|100\/100\n|-damage|p1a: Dusclops|88\/100|[from] Stealth Rock\n|-item|p2a: Ditto|Blunder Policy|[from] ability: Frisk|[of] p1a: Dusclops|[identify]\n|turn|44\n|c|\u2606Copy Cat Charles|oh?\n|c|\u2606Copy Cat Charles|and whys that.\n|c|\u2606Plushy157|...\n|c|\u2606Copy Cat Charles|you think this silly little ghost type is a problem?\n|inactive|Plushy157 has 60 seconds left.\n|inactive|Copy Cat Charles has 90 seconds left.\n|c|\u2606Copy Cat Charles|IS THAT WHAT YOU THINK WILL STOP ME???\n|c|\u2606Copy Cat Charles|you fool\n|c|\u2606Plushy157|I have all ghost moves...\n|c|\u2606Copy Cat Charles|oh damn LOLLLL\n|c|\u2606Plushy157|And a bug move\n|\n|t:|1698071482\n|move|p2a: Ditto|Ancient Power|p1a: Dusclops\n|-damage|p1a: Dusclops|74\/100\n|move|p1a: Dusclops|Leech Life|p2a: Ditto\n|-damage|p2a: Ditto|80\/100\n|-heal|p1a: Dusclops|79\/100|[from] drain|[of] p2a: Ditto\n|\n|upkeep\n|turn|45\n|inactive|Copy Cat Charles has 90 seconds left.\n|c|\u2606Copy Cat Charles|this is just gonna be you slowly dying\n|c|\u2606Copy Cat Charles|ngl\n|\n|t:|1698071498\n|move|p2a: Ditto|Ancient Power|p1a: Dusclops\n|-damage|p1a: Dusclops|66\/100\n|move|p1a: Dusclops|Leech Life|p2a: Ditto\n|-damage|p2a: Ditto|71\/100\n|-heal|p1a: Dusclops|71\/100|[from] drain|[of] p2a: Ditto\n|\n|upkeep\n|turn|46\n|inactive|Copy Cat Charles has 90 seconds left.\n|c|\u2606Plushy157|Yea lol\n|inactive|Plushy157 has 30 seconds left.\n|c|\u2606Plushy157|80+ turns\n|inactive|Plushy157 has 20 seconds left.\n|c|\u2606Plushy157|Game\n|inactive|Plushy157 has 15 seconds left.\n|\n|t:|1698071528\n|move|p2a: Ditto|Ancient Power|p1a: Dusclops\n|-damage|p1a: Dusclops|59\/100\n|move|p1a: Dusclops|Leech Life|p2a: Ditto\n|-damage|p2a: Ditto|62\/100\n|-heal|p1a: Dusclops|64\/100|[from] drain|[of] p2a: Ditto\n|\n|upkeep\n|turn|47\n|inactive|Plushy157 has 25 seconds left this turn.\n|c|\u2606Copy Cat Charles|lets just skip to the part where I wn\n|\n|t:|1698071536\n|move|p2a: Ditto|Ancient Power|p1a: Dusclops\n|-damage|p1a: Dusclops|52\/100\n|move|p1a: Dusclops|Leech Life|p2a: Ditto\n|-damage|p2a: Ditto|54\/100\n|-heal|p1a: Dusclops|57\/100|[from] drain|[of] p2a: Ditto\n|\n|upkeep\n|turn|48\n|inactive|Plushy157 has 30 seconds left.\n|c|\u2606Plushy157|Let's see\n|\n|t:|1698071547\n|move|p2a: Ditto|Ancient Power|p1a: Dusclops\n|-damage|p1a: Dusclops|43\/100\n|move|p1a: Dusclops|Leech Life|p2a: Ditto\n|-damage|p2a: Ditto|45\/100\n|-heal|p1a: Dusclops|48\/100|[from] drain|[of] p2a: Ditto\n|\n|upkeep\n|turn|49\n|\n|t:|1698071556\n|move|p2a: Ditto|Roost|p2a: Ditto\n|-heal|p2a: Ditto|95\/100\n|move|p1a: Dusclops|Leech Life|p2a: Ditto\n|-damage|p2a: Ditto|87\/100\n|-heal|p1a: Dusclops|53\/100|[from] drain|[of] p2a: Ditto\n|\n|upkeep\n|turn|50\n|c|\u2606Copy Cat Charles|hm\n|c|\u2606Copy Cat Charles|what a shame\n|c|\u2606Plushy157|See\n|\n|t:|1698071573\n|move|p2a: Ditto|Stealth Rock||[still]\n|-fail|p2a: Ditto\n|move|p1a: Dusclops|Pain Split|p2a: Ditto\n|-sethp|p2a: Ditto|66\/100|[from] move: Pain Split|[silent]\n|-sethp|p1a: Dusclops|77\/100|[from] move: Pain Split\n|\n|upkeep\n|turn|51\n|inactive|Plushy157 has 30 seconds left.\n|\n|t:|1698071598\n|move|p2a: Ditto|Stealth Rock||[still]\n|-fail|p2a: Ditto\n|move|p1a: Dusclops|Leech Life|p2a: Ditto\n|-damage|p2a: Ditto|58\/100\n|-heal|p1a: Dusclops|82\/100|[from] drain|[of] p2a: Ditto\n|\n|upkeep\n|turn|52\n|inactive|Plushy157 has 30 seconds left.\n|\n|t:|1698071605\n|switch|p1a: Gulpin|Gulpin, F, shiny|100\/100\n|-damage|p1a: Gulpin|88\/100|[from] Stealth Rock\n|move|p2a: Ditto|Stealth Rock||[still]\n|-fail|p2a: Ditto\n|\n|upkeep\n|turn|53\n|c|\u2606Plushy157|Oh 1 sec\n|c|\u2606Copy Cat Charles|ruh roh\n|\n|t:|1698071617\n|move|p2a: Ditto|Roost|p2a: Ditto\n|-heal|p2a: Ditto|100\/100\n|move|p1a: Gulpin|Toxic Spikes|p2a: Ditto\n|-sidestart|p2: Copy Cat Charles|move: Toxic Spikes\n|\n|upkeep\n|turn|54\n|c|\u2606Plushy157|Ok\n|\n|t:|1698071625\n|switch|p2a: Ditto|Ditto|89\/100 par\n|-damage|p2a: Ditto|77\/100 par|[from] Stealth Rock\n|-transform|p2a: Ditto|p1a: Gulpin|[from] ability: Imposter\n|switch|p1a: Dusclops|Dusclops, F, shiny|82\/100\n|-damage|p1a: Dusclops|70\/100|[from] Stealth Rock\n|-item|p2a: Ditto|Rocky Helmet|[from] ability: Frisk|[of] p1a: Dusclops|[identify]\n|\n|upkeep\n|turn|55\n|inactive|Copy Cat Charles has 120 seconds left.\n|c|\u2606Copy Cat Charles|thanks for that lol\n|c|\u2606Plushy157|No problem\n|inactive|Plushy157 has 30 seconds left.\n|\n|t:|1698071651\n|move|p1a: Dusclops|Poltergeist|p2a: Ditto\n|-activate|p2a: Ditto|move: Poltergeist|Rocky Helmet\n|-damage|p2a: Ditto|42\/100 par\n|move|p2a: Ditto|Toxic Spikes|p1a: Dusclops\n|-sidestart|p1: Plushy157|move: Toxic Spikes\n|\n|upkeep\n|turn|56\n|inactive|Plushy157 has 30 seconds left.\n|\n|t:|1698071658\n|move|p1a: Dusclops|Poltergeist|p2a: Ditto|[miss]\n|-miss|p1a: Dusclops|p2a: Ditto\n|move|p2a: Ditto|Pain Split|p1a: Dusclops\n|-sethp|p1a: Dusclops|59\/100|[from] move: Pain Split|[silent]\n|-sethp|p2a: Ditto|50\/100 par|[from] move: Pain Split\n|\n|upkeep\n|turn|57\n|inactive|Copy Cat Charles has 120 seconds left.\n|\n|t:|1698071671\n|move|p1a: Dusclops|Poltergeist|p2a: Ditto\n|-activate|p2a: Ditto|move: Poltergeist|Rocky Helmet\n|-damage|p2a: Ditto|14\/100 par\n|move|p2a: Ditto|Toxic Spikes|p1a: Dusclops\n|-sidestart|p1: Plushy157|move: Toxic Spikes\n|\n|upkeep\n|turn|58\n|inactive|Copy Cat Charles has 120 seconds left.\n|\n|t:|1698071678\n|move|p1a: Dusclops|Poltergeist|p2a: Ditto\n|-activate|p2a: Ditto|move: Poltergeist|Rocky Helmet\n|-damage|p2a: Ditto|0 fnt\n|faint|p2a: Ditto\n|\n|upkeep\n|inactive|Copy Cat Charles has 120 seconds left.\n|c|\u2606Copy Cat Charles|hehehehehe\n|\n|t:|1698071686\n|switch|p2a: Ditto|Ditto, tera:Normal|100\/100\n|-damage|p2a: Ditto|88\/100|[from] Stealth Rock\n|-status|p2a: Ditto|psn\n|-transform|p2a: Ditto|p1a: Dusclops|[from] ability: Imposter\n|-item|p1a: Dusclops|Eviolite|[from] ability: Frisk|[of] p2a: Ditto|[identify]\n|turn|59\n|c|\u2606Plushy157|Lol\n|inactive|Copy Cat Charles has 120 seconds left.\n|\n|t:|1698071697\n|switch|p1a: Gulpin|Gulpin, F, shiny|88\/100\n|-damage|p1a: Gulpin|76\/100|[from] Stealth Rock\n|-sideend|p1: Plushy157|move: Toxic Spikes|[of] p1a: Gulpin\n|move|p2a: Ditto|Shadow Sneak|p1a: Gulpin\n|-damage|p1a: Gulpin|67\/100\n|\n|-damage|p2a: Ditto|76\/100 psn|[from] psn\n|upkeep\n|turn|60\n|inactive|Plushy157 has 60 seconds left.\n|inactive|Copy Cat Charles has 120 seconds left.\n|\n|t:|1698071711\n|switch|p1a: Bisharp|Bisharp, F, shiny|100\/100\n|-damage|p1a: Bisharp|95\/100|[from] Stealth Rock\n|move|p2a: Ditto|Leech Life|p1a: Bisharp\n|-damage|p1a: Bisharp|86\/100\n|-heal|p2a: Ditto|80\/100 psn|[from] drain|[of] p1a: Bisharp\n|\n|-damage|p2a: Ditto|68\/100 psn|[from] psn\n|upkeep\n|turn|61\n|c|\u2606Copy Cat Charles|uh oh\n|c|\u2606Copy Cat Charles|this was an oversite!!\n|inactive|Plushy157 has 60 seconds left.\n|inactive|Copy Cat Charles has 120 seconds left.\n|c|\u2606Copy Cat Charles|BY\n|c|\u2606Copy Cat Charles|ME????\n|c|\u2606Plushy157|Yes u fool\n|\n|t:|1698071743\n|move|p2a: Ditto|Shadow Sneak|p1a: Bisharp\n|-resisted|p1a: Bisharp\n|-damage|p1a: Bisharp|83\/100\n|move|p1a: Bisharp|Iron Head|p2a: Ditto\n|-damage|p2a: Ditto|38\/100 psn\n|\n|-damage|p2a: Ditto|26\/100 psn|[from] psn\n|upkeep\n|turn|62\n|c|\u2606Copy Cat Charles|this is literally a jojo moment\n|inactive|Copy Cat Charles has 120 seconds left.\n|c|\u2606Plushy157|U lost all that buffs\n|inactive|Plushy157 has 30 seconds left.\n|c|\u2606Copy Cat Charles|\"You may have outsmarted me... BUT I OUTSMARTED YOUR OUTSMARTING\"\n|c|\u2606Copy Cat Charles|this is literally that\n|\n|t:|1698071776\n|move|p1a: Bisharp|Iron Head|p2a: Ditto\n|-damage|p2a: Ditto|0 fnt\n|faint|p2a: Ditto\n|\n|upkeep\n|inactive|Plushy157 has 30 seconds left this turn.\n|c|\u2606Plushy157|Yea lol\n|\n|t:|1698071780\n|switch|p2a: Ditto|Ditto|65\/100 par\n|-damage|p2a: Ditto|53\/100 par|[from] Stealth Rock\n|-transform|p2a: Ditto|p1a: Bisharp|[from] ability: Imposter\n|turn|63\n|inactive|Plushy157 has 30 seconds left.\n|inactive|Plushy157 has 20 seconds left.\n|c|\u2606Plushy157|2 more than I win\n|\n|t:|1698071804\n|move|p1a: Bisharp|Iron Head|p2a: Ditto\n|-resisted|p2a: Ditto\n|-damage|p2a: Ditto|33\/100 par\n|move|p2a: Ditto|Rest|p2a: Ditto\n|-status|p2a: Ditto|slp|[from] move: Rest\n|-heal|p2a: Ditto|100\/100 slp|[silent]\n|\n|upkeep\n|turn|64\n|inactive|Plushy157 has 30 seconds left this turn.\n|c|\u2606Copy Cat Charles|what if I told you\n|c|\u2606Copy Cat Charles|nuh uh.\n|inactive|Plushy157 has 20 seconds left.\n|\n|t:|1698071816\n|move|p1a: Bisharp|Iron Head|p2a: Ditto\n|-resisted|p2a: Ditto\n|-damage|p2a: Ditto|79\/100 slp\n|cant|p2a: Ditto|slp\n|move|p2a: Ditto|Sleep Talk|p2a: Ditto\n|move|p2a: Ditto|Sucker Punch||[from]move: Sleep Talk|[still]\n|-fail|p2a: Ditto\n|\n|upkeep\n|turn|65\n|inactive|Plushy157 has 30 seconds left this turn.\n|c|\u2606Plushy157|?\n|\n|t:|1698071828\n|move|p1a: Bisharp|Iron Head|p2a: Ditto\n|-resisted|p2a: Ditto\n|-damage|p2a: Ditto|57\/100 slp\n|cant|p2a: Ditto|slp\n|move|p2a: Ditto|Sleep Talk|p2a: Ditto\n|move|p2a: Ditto|Iron Head|p1a: Bisharp|[from]move: Sleep Talk\n|-resisted|p1a: Bisharp\n|-damage|p1a: Bisharp|70\/100\n|\n|upkeep\n|turn|66\n|\n|t:|1698071837\n|-curestatus|p2a: Ditto|slp|[msg]\n|move|p2a: Ditto|Sleep Talk||[still]\n|-fail|p2a: Ditto\n|move|p1a: Bisharp|Iron Head|p2a: Ditto\n|-resisted|p2a: Ditto\n|-damage|p2a: Ditto|38\/100\n|\n|upkeep\n|turn|67\n|inactive|Plushy157 has 30 seconds left.\n|\n|t:|1698071855\n|move|p2a: Ditto|Sucker Punch|p1a: Bisharp\n|-resisted|p1a: Bisharp\n|-damage|p1a: Bisharp|59\/100\n|move|p1a: Bisharp|Iron Head|p2a: Ditto\n|-resisted|p2a: Ditto\n|-damage|p2a: Ditto|16\/100\n|\n|upkeep\n|turn|68\n|c|\u2606Copy Cat Charles|IM PULLING OUT MY HAX!!!!\n|inactive|Copy Cat Charles has 120 seconds left.\n|\n|t:|1698071865\n|move|p2a: Ditto|Rest|p2a: Ditto\n|-status|p2a: Ditto|slp|[from] move: Rest\n|-heal|p2a: Ditto|100\/100 slp|[silent]\n|move|p1a: Bisharp|Iron Head|p2a: Ditto\n|-resisted|p2a: Ditto\n|-damage|p2a: Ditto|81\/100 slp\n|\n|upkeep\n|turn|69\n|c|\u2606Copy Cat Charles|nah jk\n|inactive|Copy Cat Charles has 120 seconds left.\n|c|\u2606Copy Cat Charles|im just screwed lol\n|c|\u2606Plushy157|Good ;-;\n|c|\u2606Copy Cat Charles|your team countered mine\n|inactive|Plushy157 has 30 seconds left.\n|c|\u2606Copy Cat Charles|to the extreme\n|\n|t:|1698071894\n|cant|p2a: Ditto|slp\n|move|p1a: Bisharp|Iron Head|p2a: Ditto\n|-resisted|p2a: Ditto\n|-damage|p2a: Ditto|61\/100 slp\n|\n|upkeep\n|turn|70\n|c|\u2606Plushy157|Like I said\n|inactive|Plushy157 has 30 seconds left.\n|c|\u2606Plushy157|My team is good for this\n|\n|t:|1698071913\n|move|p1a: Bisharp|Iron Head|p2a: Ditto\n|-resisted|p2a: Ditto\n|-damage|p2a: Ditto|40\/100 slp\n|cant|p2a: Ditto|slp\n|\n|upkeep\n|turn|71\n|c|\u2606Copy Cat Charles|I agree\n|inactive|Plushy157 has 30 seconds left.\n|inactive|Copy Cat Charles has 120 seconds left.\n|inactive|Plushy157 has 20 seconds left.\n|inactive|Plushy157 has 15 seconds left.\n|\n|t:|1698071936\n|-curestatus|p2a: Ditto|slp|[msg]\n|move|p2a: Ditto|Rest|p2a: Ditto\n|-status|p2a: Ditto|slp|[from] move: Rest\n|-heal|p2a: Ditto|100\/100 slp|[silent]\n|move|p1a: Bisharp|Iron Head|p2a: Ditto\n|-resisted|p2a: Ditto\n|-damage|p2a: Ditto|78\/100 slp\n|\n|upkeep\n|turn|72\n|inactive|Plushy157 has 25 seconds left this turn.\n|inactive|Plushy157 has 20 seconds left.\n|inactive|Copy Cat Charles has 120 seconds left.\n|c|\u2606Copy Cat Charles|;)\n|-activate|p2a: Ditto|item: Quick Claw\n|\n|t:|1698071945\n|cant|p2a: Ditto|slp\n|move|p2a: Ditto|Sleep Talk|p2a: Ditto\n|move|p2a: Ditto|Sucker Punch|p1a: Bisharp|[from]move: Sleep Talk\n|-resisted|p1a: Bisharp\n|-damage|p1a: Bisharp|48\/100\n|move|p1a: Bisharp|Iron Head|p2a: Ditto\n|-resisted|p2a: Ditto\n|-damage|p2a: Ditto|57\/100 slp\n|\n|upkeep\n|turn|73\n|inactive|Plushy157 has 30 seconds left this turn.\n|-activate|p2a: Ditto|item: Quick Claw\n|\n|t:|1698071954\n|cant|p2a: Ditto|slp\n|move|p2a: Ditto|Sleep Talk|p2a: Ditto\n|move|p2a: Ditto|Sucker Punch|p1a: Bisharp|[from]move: Sleep Talk\n|-resisted|p1a: Bisharp\n|-damage|p1a: Bisharp|37\/100\n|move|p1a: Bisharp|Iron Head|p2a: Ditto\n|-resisted|p2a: Ditto\n|-damage|p2a: Ditto|34\/100 slp\n|\n|upkeep\n|turn|74\n|c|\u2606Plushy157|It's cuz all my Pokemon has eviolite\n|inactive|Plushy157 has 30 seconds left.\n|\n|t:|1698071965\n|-curestatus|p2a: Ditto|slp|[msg]\n|move|p2a: Ditto|Rest|p2a: Ditto\n|-status|p2a: Ditto|slp|[from] move: Rest\n|-heal|p2a: Ditto|100\/100 slp|[silent]\n|move|p1a: Bisharp|Iron Head|p2a: Ditto\n|-resisted|p2a: Ditto\n|-damage|p2a: Ditto|79\/100 slp\n|\n|upkeep\n|turn|75\n|-activate|p2a: Ditto|item: Quick Claw\n|\n|t:|1698071974\n|cant|p2a: Ditto|slp\n|move|p1a: Bisharp|Rest|p1a: Bisharp\n|-status|p1a: Bisharp|slp|[from] move: Rest\n|-heal|p1a: Bisharp|100\/100 slp|[silent]\n|\n|upkeep\n|turn|76\n|\n|t:|1698071979\n|switch|p2a: Mew|Mew|100\/100\n|-damage|p2a: Mew|88\/100|[from] Stealth Rock\n|-status|p2a: Mew|psn\n|switch|p1a: Scyther|Scyther, F, shiny|100\/100\n|-damage|p1a: Scyther|51\/100|[from] Stealth Rock\n|\n|-damage|p2a: Mew|76\/100 psn|[from] psn\n|upkeep\n|turn|77\n|c|\u2606Copy Cat Charles|lets see how THIS goes...\n|\n|t:|1698071993\n|move|p1a: Scyther|Bug Bite|p2a: Mew\n|-supereffective|p2a: Mew\n|-damage|p2a: Mew|23\/100 psn\n|move|p2a: Mew|Air Slash|p1a: Scyther\n|-supereffective|p1a: Scyther\n|-damage|p1a: Scyther|19\/100\n|-damage|p2a: Mew|13\/100 psn|[from] item: Life Orb\n|\n|-damage|p2a: Mew|0 fnt|[from] psn\n|faint|p2a: Mew\n|upkeep\n|c|\u2606Plushy157|Oh\n|c|\u2606Plushy157|Nice\n|c|\u2606Copy Cat Charles|goes bad lol\n|c|\u2606Copy Cat Charles|well u\n|c|\u2606Copy Cat Charles|we both know\n|inactive|Copy Cat Charles has 120 seconds left.\n|c|\u2606Copy Cat Charles|that I have no chance\n|c|\u2606Plushy157|Yea\n|c|\u2606Plushy157|GG\n|c|\u2606Copy Cat Charles|imma forfeit to save time lol\n|c|\u2606Copy Cat Charles|gg\n|-message|Copy Cat Charles forfeited.\n|\n|win|Plushy157\n|raw|Plushy157's rating: 1195 &rarr; <strong>1212<\/strong><br \/>(+17 for winning)\n|raw|Copy Cat Charles's rating: 1072 &rarr; <strong>1058<\/strong><br \/>(-14 for losing)\n|l|\u2606Copy Cat Charles\n|c|\u2606Plushy157|That was fun\n","uploadtime":1698072035,"views":6,"p1id":"plushy157","p2id":"copycatcharles","formatid":"gen9anythinggoes","rating":1058,"private":0,"password":""}