{"id":"gen9anythinggoes-1994385374","p1":"SilverSunsetInk","p2":"CrimsonGame","format":"[Gen 9] Anything Goes","log":"|j|\u2606SilverSunsetInk\n|j|\u2606CrimsonGame\n|t:|1700437878\n|gametype|singles\n|player|p1|SilverSunsetInk|roxie|1146\n|player|p2|CrimsonGame|101|1110\n|teamsize|p1|6\n|teamsize|p2|6\n|gen|9\n|tier|[Gen 9] Anything Goes\n|rated|\n|rule|HP Percentage Mod: HP is shown in percentages\n|rule|Endless Battle Clause: Forcing endless battles is banned\n|clearpoke\n|poke|p1|Noctowl, M|\n|poke|p1|Kingambit, M|\n|poke|p1|Noivern, F|\n|poke|p1|Mewtwo|\n|poke|p1|Goodra-Hisui, M|\n|poke|p1|Eternatus|\n|poke|p2|Drifblim, F|\n|poke|p2|Calyrex-Shadow|\n|poke|p2|Drifblim, M|\n|poke|p2|Infernape, M|\n|poke|p2|Drifblim, M|\n|poke|p2|Gholdengo|\n|teampreview\n|\n|t:|1700437887\n|start\n|switch|p1a: Eternatus|Eternatus|100\/100\n|switch|p2a: Drifblim|Drifblim, F, shiny|100\/100\n|-ability|p1a: Eternatus|Pressure\n|turn|1\n|\n|t:|1700437902\n|move|p1a: Eternatus|Toxic Spikes|p2a: Drifblim\n|-sidestart|p2: CrimsonGame|move: Toxic Spikes\n|move|p2a: Drifblim|Minimize|p2a: Drifblim\n|-boost|p2a: Drifblim|evasion|2\n|\n|upkeep\n|turn|2\n|\n|t:|1700437910\n|move|p1a: Eternatus|Gunk Shot|p2a: Drifblim|[miss]\n|-miss|p1a: Eternatus|p2a: Drifblim\n|move|p2a: Drifblim|Minimize|p2a: Drifblim\n|-boost|p2a: Drifblim|evasion|2\n|\n|upkeep\n|turn|3\n|\n|t:|1700437916\n|move|p1a: Eternatus|Gunk Shot|p2a: Drifblim|[miss]\n|-miss|p1a: Eternatus|p2a: Drifblim\n|move|p2a: Drifblim|Minimize|p2a: Drifblim\n|-boost|p2a: Drifblim|evasion|2\n|\n|upkeep\n|turn|4\n|\n|t:|1700437930\n|move|p1a: Eternatus|Dynamax Cannon|p2a: Drifblim|[miss]\n|-miss|p1a: Eternatus|p2a: Drifblim\n|move|p2a: Drifblim|Substitute|p2a: Drifblim\n|-start|p2a: Drifblim|Substitute\n|-damage|p2a: Drifblim|76\/100\n|\n|upkeep\n|turn|5\n|\n|t:|1700437938\n|move|p1a: Eternatus|Gunk Shot|p2a: Drifblim\n|-resisted|p2a: Drifblim\n|-end|p2a: Drifblim|Substitute\n|move|p2a: Drifblim|Will-O-Wisp|p1a: Eternatus|[miss]\n|-miss|p2a: Drifblim|p1a: Eternatus\n|\n|upkeep\n|turn|6\n|\n|t:|1700437946\n|move|p1a: Eternatus|Gunk Shot|p2a: Drifblim|[miss]\n|-miss|p1a: Eternatus|p2a: Drifblim\n|move|p2a: Drifblim|Substitute|p2a: Drifblim\n|-start|p2a: Drifblim|Substitute\n|-damage|p2a: Drifblim|51\/100\n|\n|upkeep\n|turn|7\n|\n|t:|1700437953\n|move|p1a: Eternatus|Gunk Shot|p2a: Drifblim|[miss]\n|-miss|p1a: Eternatus|p2a: Drifblim\n|move|p2a: Drifblim|Baton Pass|p2a: Drifblim\n|\n|t:|1700437957\n|switch|p2a: Calyrex|Calyrex-Shadow|100\/100|[from] Baton Pass\n|-ability|p2a: Calyrex|As One\n|-ability|p2a: Calyrex|Unnerve\n|-status|p2a: Calyrex|psn\n|\n|-damage|p2a: Calyrex|88\/100 psn|[from] psn\n|upkeep\n|turn|8\n|\n|t:|1700437972\n|move|p2a: Calyrex|Nasty Plot|p2a: Calyrex\n|-boost|p2a: Calyrex|spa|2\n|move|p1a: Eternatus|Gunk Shot|p2a: Calyrex|[miss]\n|-miss|p1a: Eternatus|p2a: Calyrex\n|\n|-heal|p2a: Calyrex|94\/100 psn|[from] item: Leftovers\n|-damage|p2a: Calyrex|82\/100 psn|[from] psn\n|upkeep\n|turn|9\n|\n|t:|1700437982\n|move|p2a: Calyrex|Nasty Plot|p2a: Calyrex\n|-boost|p2a: Calyrex|spa|2\n|move|p1a: Eternatus|Gunk Shot|p2a: Calyrex|[miss]\n|-miss|p1a: Eternatus|p2a: Calyrex\n|\n|-heal|p2a: Calyrex|88\/100 psn|[from] item: Leftovers\n|-damage|p2a: Calyrex|76\/100 psn|[from] psn\n|upkeep\n|turn|10\n|\n|t:|1700437993\n|switch|p1a: Noivern|Noivern, F, shiny|100\/100\n|move|p2a: Calyrex|Nasty Plot|p2a: Calyrex\n|-boost|p2a: Calyrex|spa|2\n|\n|-heal|p2a: Calyrex|82\/100 psn|[from] item: Leftovers\n|-damage|p2a: Calyrex|70\/100 psn|[from] psn\n|upkeep\n|turn|11\n|\n|t:|1700438008\n|move|p2a: Calyrex|Astral Barrage|p1a: Noivern\n|-damage|p1a: Noivern|0 fnt\n|faint|p1a: Noivern\n|\n|-heal|p2a: Calyrex|76\/100 psn|[from] item: Leftovers\n|-damage|p2a: Calyrex|63\/100 psn|[from] psn\n|upkeep\n|\n|t:|1700438020\n|switch|p1a: Kingambit|Kingambit, M, shiny|100\/100\n|-activate|p1a: Kingambit|ability: Supreme Overlord\n|-start|p1a: Kingambit|fallen1|[silent]\n|turn|12\n|\n|t:|1700438028\n|move|p2a: Calyrex|Astral Barrage|p1a: Kingambit\n|-resisted|p1a: Kingambit\n|-damage|p1a: Kingambit|0 fnt\n|faint|p1a: Kingambit\n|-end|p1a: Kingambit|fallen1|[silent]\n|\n|-heal|p2a: Calyrex|70\/100 psn|[from] item: Leftovers\n|-damage|p2a: Calyrex|57\/100 psn|[from] psn\n|upkeep\n|\n|t:|1700438038\n|switch|p1a: Goodra|Goodra-Hisui, M|100\/100\n|turn|13\n|\n|t:|1700438043\n|move|p2a: Calyrex|Astral Barrage|p1a: Goodra\n|-damage|p1a: Goodra|0 fnt\n|faint|p1a: Goodra\n|\n|-heal|p2a: Calyrex|63\/100 psn|[from] item: Leftovers\n|-damage|p2a: Calyrex|51\/100 psn|[from] psn\n|upkeep\n|\n|t:|1700438054\n|switch|p1a: Noctowl|Noctowl, M|100\/100\n|turn|14\n|-activate|p1a: Noctowl|item: Quick Claw\n|\n|t:|1700438061\n|move|p1a: Noctowl|Heat Wave|p2a: Calyrex\n|-activate|p2a: Calyrex|move: Substitute|[damage]\n|move|p2a: Calyrex|Astral Barrage|p1a: Noctowl\n|-immune|p1a: Noctowl\n|\n|-heal|p2a: Calyrex|57\/100 psn|[from] item: Leftovers\n|-damage|p2a: Calyrex|45\/100 psn|[from] psn\n|upkeep\n|turn|15\n|-activate|p1a: Noctowl|item: Quick Claw\n|\n|t:|1700438074\n|move|p1a: Noctowl|Psychic|p2a: Calyrex\n|-resisted|p2a: Calyrex\n|-activate|p2a: Calyrex|move: Substitute|[damage]\n|move|p2a: Calyrex|Leech Seed|p1a: Noctowl\n|-start|p1a: Noctowl|move: Leech Seed\n|\n|-heal|p2a: Calyrex|51\/100 psn|[from] item: Leftovers\n|-damage|p1a: Noctowl|88\/100|[from] Leech Seed|[of] p2a: Calyrex\n|-heal|p2a: Calyrex|62\/100 psn|[silent]\n|-damage|p2a: Calyrex|50\/100 psn|[from] psn\n|upkeep\n|turn|16\n|\n|t:|1700438087\n|switch|p1a: Eternatus|Eternatus|100\/100\n|-ability|p1a: Eternatus|Pressure\n|move|p2a: Calyrex|Nasty Plot|p2a: Calyrex\n|-boost|p2a: Calyrex|spa|0\n|\n|-heal|p2a: Calyrex|56\/100 psn|[from] item: Leftovers\n|-damage|p2a: Calyrex|44\/100 psn|[from] psn\n|upkeep\n|turn|17\n|\n|t:|1700438100\n|move|p2a: Calyrex|Astral Barrage|p1a: Eternatus\n|-enditem|p1a: Eternatus|Focus Sash\n|-damage|p1a: Eternatus|1\/100\n|move|p1a: Eternatus|Dynamax Cannon|p2a: Calyrex\n|-end|p2a: Calyrex|Substitute\n|\n|-heal|p2a: Calyrex|50\/100 psn|[from] item: Leftovers\n|-damage|p2a: Calyrex|37\/100 psn|[from] psn\n|upkeep\n|turn|18\n|\n|t:|1700438113\n|move|p2a: Calyrex|Astral Barrage|p1a: Eternatus\n|-damage|p1a: Eternatus|0 fnt\n|faint|p1a: Eternatus\n|\n|-heal|p2a: Calyrex|44\/100 psn|[from] item: Leftovers\n|-damage|p2a: Calyrex|31\/100 psn|[from] psn\n|upkeep\n|\n|t:|1700438127\n|switch|p1a: Mewtwo|Mewtwo|100\/100\n|-ability|p1a: Mewtwo|Unnerve\n|turn|19\n|\n|t:|1700438133\n|move|p2a: Calyrex|Leech Seed|p1a: Mewtwo\n|-start|p1a: Mewtwo|move: Leech Seed\n|move|p1a: Mewtwo|Psychic|p2a: Calyrex\n|-resisted|p2a: Calyrex\n|-damage|p2a: Calyrex|10\/100 psn\n|\n|-heal|p2a: Calyrex|16\/100 psn|[from] item: Leftovers\n|-damage|p1a: Mewtwo|88\/100|[from] Leech Seed|[of] p2a: Calyrex\n|-heal|p2a: Calyrex|27\/100 psn|[silent]\n|-damage|p2a: Calyrex|15\/100 psn|[from] psn\n|upkeep\n|turn|20\n|\n|t:|1700438146\n|move|p2a: Calyrex|Leech Seed|p1a: Mewtwo|[miss]\n|-miss|p2a: Calyrex|p1a: Mewtwo\n|move|p1a: Mewtwo|Psychic|p2a: Calyrex\n|-resisted|p2a: Calyrex\n|-damage|p2a: Calyrex|0 fnt\n|faint|p2a: Calyrex\n|\n|upkeep\n|\n|t:|1700438153\n|switch|p2a: Drifblim|Drifblim, F, shiny|51\/100\n|turn|21\n|\n|t:|1700438156\n|move|p1a: Mewtwo|Psychic|p2a: Drifblim\n|-damage|p2a: Drifblim|0 fnt\n|faint|p2a: Drifblim\n|\n|upkeep\n|\n|t:|1700438161\n|switch|p2a: Drifblim|Drifblim, M, shiny|100\/100\n|turn|22\n|\n|t:|1700438164\n|move|p1a: Mewtwo|Psychic|p2a: Drifblim\n|-damage|p2a: Drifblim|40\/100\n|move|p2a: Drifblim|Minimize|p2a: Drifblim\n|-boost|p2a: Drifblim|evasion|2\n|\n|-damage|p1a: Mewtwo|76\/100|[from] Leech Seed|[of] p2a: Drifblim\n|-heal|p2a: Drifblim|49\/100|[silent]\n|upkeep\n|turn|23\n|\n|t:|1700438173\n|move|p1a: Mewtwo|Psychic|p2a: Drifblim\n|-damage|p2a: Drifblim|0 fnt\n|faint|p2a: Drifblim\n|\n|upkeep\n|\n|t:|1700438176\n|switch|p2a: Infernape|Infernape, M, shiny|100\/100\n|-status|p2a: Infernape|psn\n|turn|24\n|\n|t:|1700438190\n|move|p2a: Infernape|Fire Blast|p1a: Mewtwo\n|-damage|p1a: Mewtwo|19\/100\n|-damage|p2a: Infernape|91\/100 psn|[from] item: Life Orb\n|move|p1a: Mewtwo|Psychic|p2a: Infernape\n|-supereffective|p2a: Infernape\n|-damage|p2a: Infernape|0 fnt\n|faint|p2a: Infernape\n|\n|upkeep\n|\n|t:|1700438193\n|switch|p2a: Drifblim|Drifblim, M, shiny|100\/100\n|turn|25\n|\n|t:|1700438201\n|move|p1a: Mewtwo|Psychic|p2a: Drifblim\n|-damage|p2a: Drifblim|41\/100\n|move|p2a: Drifblim|Minimize|p2a: Drifblim\n|-boost|p2a: Drifblim|evasion|2\n|\n|-damage|p1a: Mewtwo|7\/100|[from] Leech Seed|[of] p2a: Drifblim\n|-heal|p2a: Drifblim|50\/100|[silent]\n|upkeep\n|turn|26\n|\n|t:|1700438210\n|move|p1a: Mewtwo|Psychic|p2a: Drifblim\n|-damage|p2a: Drifblim|0 fnt\n|faint|p2a: Drifblim\n|\n|upkeep\n|\n|t:|1700438212\n|switch|p2a: Gholdengo|Gholdengo|100\/100\n|turn|27\n|\n|t:|1700438231\n|move|p1a: Mewtwo|Night Shade|p2a: Gholdengo\n|-damage|p2a: Gholdengo|69\/100\n|move|p2a: Gholdengo|Shadow Ball|p1a: Mewtwo\n|-supereffective|p1a: Mewtwo\n|-damage|p1a: Mewtwo|0 fnt\n|faint|p1a: Mewtwo\n|\n|upkeep\n|\n|t:|1700438239\n|switch|p1a: Noctowl|Noctowl, M|88\/100\n|turn|28\n|\n|t:|1700438243\n|move|p2a: Gholdengo|Make It Rain|p1a: Noctowl\n|-damage|p1a: Noctowl|29\/100\n|-unboost|p2a: Gholdengo|spa|1\n|move|p1a: Noctowl|Heat Wave|p2a: Gholdengo\n|-supereffective|p2a: Gholdengo\n|-damage|p2a: Gholdengo|21\/100\n|\n|upkeep\n|turn|29\n|\n|t:|1700438254\n|move|p2a: Gholdengo|Shadow Ball|p1a: Noctowl\n|-immune|p1a: Noctowl\n|move|p1a: Noctowl|Heat Wave|p2a: Gholdengo|[miss]\n|-miss|p1a: Noctowl|p2a: Gholdengo\n|\n|upkeep\n|turn|30\n|\n|t:|1700438262\n|move|p2a: Gholdengo|Make It Rain|p1a: Noctowl\n|-damage|p1a: Noctowl|0 fnt\n|-unboost|p2a: Gholdengo|spa|1\n|faint|p1a: Noctowl\n|\n|win|CrimsonGame\n|raw|SilverSunsetInk's rating: 1146 &rarr; <strong>1118<\/strong><br \/>(-28 for losing)\n|raw|CrimsonGame's rating: 1110 &rarr; <strong>1138<\/strong><br \/>(+28 for winning)\n|l|\u2606CrimsonGame\n|c|\u2606SilverSunsetInk|Ggs nice\n","uploadtime":1700438284,"views":2,"p1id":"silversunsetink","p2id":"crimsongame","formatid":"gen9anythinggoes","rating":1118,"private":0,"password":""}