{"id":"gen9anythinggoes-1972266023","p1":"Alex5674","p2":"ResurrectedDragon","format":"[Gen 9] Anything Goes","log":"|j|\u2606Alex5674\n|j|\u2606ResurrectedDragon\n|t:|1697826375\n|gametype|singles\n|player|p1|Alex5674|1|1082\n|player|p2|ResurrectedDragon|unknown|1126\n|teamsize|p1|2\n|teamsize|p2|6\n|gen|9\n|tier|[Gen 9] Anything Goes\n|rated|\n|rule|HP Percentage Mod: HP is shown in percentages\n|rule|Endless Battle Clause: Forcing endless battles is banned\n|clearpoke\n|poke|p1|Polteageist-Antique|\n|poke|p1|Krookodile, F|\n|poke|p2|Scizor, F|\n|poke|p2|Chi-Yu|\n|poke|p2|Pelipper, F|\n|poke|p2|Garganacl, F|\n|poke|p2|Zacian-*|\n|poke|p2|Toxapex, M|\n|teampreview\n|\n|t:|1697826382\n|start\n|switch|p1a: Polteageist|Polteageist-Antique|100\/100\n|switch|p2a: Scizor|Scizor, F|100\/100\n|turn|1\n|inactive|Battle timer is ON: inactive players will automatically lose when time's up. (requested by ResurrectedDragon)\n|\n|t:|1697826397\n|-terastallize|p1a: Polteageist|Psychic\n|move|p1a: Polteageist|Shell Smash|p1a: Polteageist\n|-unboost|p1a: Polteageist|def|1\n|-unboost|p1a: Polteageist|spd|1\n|-boost|p1a: Polteageist|atk|2\n|-boost|p1a: Polteageist|spa|2\n|-boost|p1a: Polteageist|spe|2\n|move|p2a: Scizor|Swords Dance|p2a: Scizor\n|-boost|p2a: Scizor|atk|2\n|\n|upkeep\n|turn|2\n|\n|t:|1697826406\n|move|p1a: Polteageist|Stored Power|p2a: Scizor\n|-resisted|p2a: Scizor\n|-damage|p2a: Scizor|33\/100\n|move|p2a: Scizor|Baton Pass|p2a: Scizor\n|\n|t:|1697826410\n|switch|p2a: Zacian|Zacian-Crowned|100\/100|[from] Baton Pass\n|-ability|p2a: Zacian|Intrepid Sword|boost\n|-boost|p2a: Zacian|atk|1\n|\n|upkeep\n|turn|3\n|\n|t:|1697826423\n|move|p1a: Polteageist|Stored Power|p2a: Zacian\n|-resisted|p2a: Zacian\n|-damage|p2a: Zacian|48\/100\n|move|p2a: Zacian|Sacred Sword|p1a: Polteageist\n|-resisted|p1a: Polteageist\n|-damage|p1a: Polteageist|19\/100\n|-ability|p1a: Polteageist|Weak Armor|boost\n|-unboost|p1a: Polteageist|def|1\n|-boost|p1a: Polteageist|spe|2\n|\n|upkeep\n|turn|4\n|\n|t:|1697826436\n|-terastallize|p2a: Zacian|Fairy\n|move|p1a: Polteageist|Stored Power|p2a: Zacian\n|-damage|p2a: Zacian|0 fnt\n|faint|p2a: Zacian\n|\n|upkeep\n|\n|t:|1697826443\n|switch|p2a: Pelipper|Pelipper, F|100\/100\n|turn|5\n|\n|t:|1697826447\n|move|p1a: Polteageist|Stored Power|p2a: Pelipper\n|-damage|p2a: Pelipper|0 fnt\n|faint|p2a: Pelipper\n|\n|upkeep\n|\n|t:|1697826454\n|switch|p2a: Toxapex|Toxapex, M|100\/100\n|turn|6\n|\n|t:|1697826457\n|move|p1a: Polteageist|Stored Power|p2a: Toxapex\n|-supereffective|p2a: Toxapex\n|-damage|p2a: Toxapex|0 fnt\n|faint|p2a: Toxapex\n|\n|upkeep\n|\n|t:|1697826462\n|switch|p2a: Scizor|Scizor, F|33\/100\n|turn|7\n|\n|t:|1697826468\n|move|p2a: Scizor|Bullet Punch|p1a: Polteageist\n|-crit|p1a: Polteageist\n|-damage|p1a: Polteageist|0 fnt\n|faint|p1a: Polteageist\n|\n|upkeep\n|\n|t:|1697826472\n|switch|p1a: Krookodile|Krookodile, F|100\/100\n|-ability|p1a: Krookodile|Intimidate|boost\n|-unboost|p2a: Scizor|atk|1\n|turn|8\n|\n|t:|1697826479\n|move|p2a: Scizor|Bullet Punch|p1a: Krookodile\n|-damage|p1a: Krookodile|89\/100\n|move|p1a: Krookodile|Hone Claws|p1a: Krookodile\n|-boost|p1a: Krookodile|atk|1\n|-boost|p1a: Krookodile|accuracy|1\n|\n|upkeep\n|turn|9\n|\n|t:|1697826487\n|move|p2a: Scizor|Bullet Punch|p1a: Krookodile\n|-crit|p1a: Krookodile\n|-damage|p1a: Krookodile|60\/100\n|move|p1a: Krookodile|Earthquake|p2a: Scizor\n|-damage|p2a: Scizor|0 fnt\n|faint|p2a: Scizor\n|\n|upkeep\n|\n|t:|1697826494\n|switch|p2a: Garganacl|Garganacl, F|100\/100\n|turn|10\n|\n|t:|1697826499\n|move|p1a: Krookodile|Earthquake|p2a: Garganacl\n|-supereffective|p2a: Garganacl\n|-damage|p2a: Garganacl|11\/100\n|-enditem|p2a: Garganacl|Sitrus Berry|[eat]\n|-heal|p2a: Garganacl|36\/100|[from] item: Sitrus Berry\n|move|p2a: Garganacl|Salt Cure|p1a: Krookodile\n|-resisted|p1a: Krookodile\n|-damage|p1a: Krookodile|50\/100\n|-start|p1a: Krookodile|Salt Cure\n|\n|-damage|p1a: Krookodile|38\/100|[from] Salt Cure\n|upkeep\n|turn|11\n|\n|t:|1697826510\n|move|p1a: Krookodile|Earthquake|p2a: Garganacl\n|-supereffective|p2a: Garganacl\n|-damage|p2a: Garganacl|0 fnt\n|faint|p2a: Garganacl\n|\n|-damage|p1a: Krookodile|25\/100|[from] Salt Cure\n|upkeep\n|\n|t:|1697826517\n|switch|p2a: Chi-Yu|Chi-Yu|100\/100\n|-ability|p2a: Chi-Yu|Beads of Ruin\n|turn|12\n|\n|t:|1697826524\n|move|p2a: Chi-Yu|Dark Pulse|p1a: Krookodile\n|-resisted|p1a: Krookodile\n|-crit|p1a: Krookodile\n|-damage|p1a: Krookodile|0 fnt\n|faint|p1a: Krookodile\n|\n|win|ResurrectedDragon\n|raw|Alex5674's rating: 1082 &rarr; <strong>1063<\/strong><br \/>(-19 for losing)\n|raw|ResurrectedDragon's rating: 1126 &rarr; <strong>1148<\/strong><br \/>(+22 for winning)\n|l|\u2606Alex5674\n","uploadtime":1697826539,"views":9,"p1id":"alex5674","p2id":"resurrecteddragon","formatid":"gen9anythinggoes","rating":1063,"private":0,"password":""}