{"id":"gen9anythinggoes-1979360625","p1":"oswaldmosleycombr","p2":"dooodo","format":"[Gen 9] Anything Goes","log":"|j|\u2606oswaldmosleycombr\n|j|\u2606dooodo\n|t:|1698675162\n|gametype|singles\n|player|p1|oswaldmosleycombr|depotagent|1078\n|player|p2|dooodo|pokefan|1111\n|teamsize|p1|6\n|teamsize|p2|6\n|gen|9\n|tier|[Gen 9] Anything Goes\n|rated|\n|rule|HP Percentage Mod: HP is shown in percentages\n|rule|Endless Battle Clause: Forcing endless battles is banned\n|clearpoke\n|poke|p1|Regieleki|\n|poke|p1|Pincurchin, M|\n|poke|p1|Arceus-Steel|\n|poke|p1|Chi-Yu|\n|poke|p1|Gliscor, M|\n|poke|p1|Rayquaza|\n|poke|p2|Stonjourner, F|\n|poke|p2|Maushold-Four|\n|poke|p2|Gastrodon, F|\n|poke|p2|Blissey, F|\n|poke|p2|Dragapult, M|\n|poke|p2|Torkoal, F|\n|teampreview\n|inactive|Battle timer is ON: inactive players will automatically lose when time's up. (requested by oswaldmosleycombr)\n|\n|t:|1698675180\n|start\n|switch|p1a: Pintopaurola|Pincurchin, M, shiny|100\/100\n|switch|p2a: Stonjourner|Stonjourner, F|100\/100\n|-fieldstart|move: Electric Terrain|[from] ability: Electric Surge|[of] p1a: Pintopaurola\n|turn|1\n|c|\u2606oswaldmosleycombr|we live in a society whre politicians are not so popular\n|\n|t:|1698675196\n|move|p2a: Stonjourner|Earthquake|p1a: Pintopaurola\n|-supereffective|p1a: Pintopaurola\n|-damage|p1a: Pintopaurola|11\/100\n|move|p1a: Pintopaurola|Thunder Wave|p2a: Stonjourner|[miss]\n|-miss|p1a: Pintopaurola|p2a: Stonjourner\n|\n|upkeep\n|turn|2\n|c|\u2606dooodo|yes\n|\n|t:|1698675204\n|move|p2a: Stonjourner|Earthquake|p1a: Pintopaurola\n|-supereffective|p1a: Pintopaurola\n|-damage|p1a: Pintopaurola|0 fnt\n|faint|p1a: Pintopaurola\n|\n|upkeep\n|\n|t:|1698675210\n|switch|p1a: fiadaputa|Chi-Yu|100\/100\n|-ability|p1a: fiadaputa|Beads of Ruin\n|turn|3\n|\n|t:|1698675215\n|-terastallize|p1a: fiadaputa|Fire\n|move|p1a: fiadaputa|Overheat|p2a: Stonjourner\n|-resisted|p2a: Stonjourner\n|-damage|p2a: Stonjourner|0 fnt\n|-unboost|p1a: fiadaputa|spa|2\n|faint|p2a: Stonjourner\n|-damage|p1a: fiadaputa|91\/100|[from] item: Life Orb\n|\n|upkeep\n|\n|t:|1698675223\n|switch|p2a: Gastrodon|Gastrodon, F|100\/100\n|turn|4\n|\n|t:|1698675233\n|switch|p1a: bengus|Arceus-Steel, shiny|100\/100\n|move|p2a: Gastrodon|Hydro Pump|p1a: bengus\n|-damage|p1a: bengus|66\/100\n|\n|upkeep\n|turn|5\n|\n|t:|1698675246\n|move|p1a: bengus|Ice Beam|p2a: Gastrodon\n|-damage|p2a: Gastrodon|66\/100\n|move|p2a: Gastrodon|Hydro Pump|p1a: bengus\n|-damage|p1a: bengus|32\/100\n|\n|-fieldend|move: Electric Terrain\n|upkeep\n|turn|6\n|\n|t:|1698675253\n|move|p1a: bengus|Ice Beam|p2a: Gastrodon\n|-damage|p2a: Gastrodon|29\/100\n|move|p2a: Gastrodon|Hydro Pump|p1a: bengus\n|-damage|p1a: bengus|0 fnt\n|faint|p1a: bengus\n|\n|upkeep\n|\n|t:|1698675260\n|switch|p1a: Cleverson|Regieleki, shiny|100\/100\n|turn|7\n|\n|t:|1698675268\n|move|p1a: Cleverson|Tera Blast|p2a: Gastrodon\n|-damage|p2a: Gastrodon|0 fnt\n|faint|p2a: Gastrodon\n|\n|upkeep\n|\n|t:|1698675278\n|switch|p2a: Maushold|Maushold-Four|100\/100\n|turn|8\n|\n|t:|1698675284\n|move|p1a: Cleverson|Tera Blast|p2a: Maushold\n|-damage|p2a: Maushold|45\/100\n|move|p2a: Maushold|Population Bomb|p1a: Cleverson\n|-damage|p1a: Cleverson|75\/100\n|-hitcount|p1a: Cleverson|1\n|\n|upkeep\n|turn|9\n|c|\u2606oswaldmosleycombr|lol\n|\n|t:|1698675297\n|move|p1a: Cleverson|Tera Blast|p2a: Maushold\n|-damage|p2a: Maushold|0 fnt\n|faint|p2a: Maushold\n|\n|upkeep\n|c|\u2606dooodo|?\n|raw|<div class=\"broadcast-red\"><b>The server is restarting soon.<\/b><br \/>Please finish your battles quickly. No new battles can be started until the server resets in a few minutes.<\/div>\n|inactive|staff also wants the timer to be on.\n|raw|<div class=\"broadcast-red\"><b>Moderated chat was set to +!<\/b><br \/>Only users of rank + and higher can talk.<\/div>\n|\n|t:|1698675302\n|switch|p2a: Dragapult|Dragapult, M|100\/100\n|turn|10\n|\n|t:|1698675313\n|switch|p1a: jailsonmendes|Gliscor, M, shiny|100\/100\n|move|p2a: Dragapult|Fire Blast|p1a: jailsonmendes\n|-damage|p1a: jailsonmendes|61\/100\n|\n|-status|p1a: jailsonmendes|tox|[from] item: Toxic Orb\n|upkeep\n|turn|11\n|\n|t:|1698675321\n|move|p1a: jailsonmendes|Protect|p1a: jailsonmendes\n|-singleturn|p1a: jailsonmendes|Protect\n|move|p2a: Dragapult|Dragon Darts|p1a: jailsonmendes\n|-activate|p1a: jailsonmendes|move: Protect\n|\n|-heal|p1a: jailsonmendes|73\/100 tox|[from] ability: Poison Heal\n|upkeep\n|turn|12\n|\n|t:|1698675329\n|move|p2a: Dragapult|Dragon Darts|p1a: jailsonmendes\n|-damage|p1a: jailsonmendes|49\/100 tox\n|-anim|p2a: Dragapult|Dragon Darts|p1a: jailsonmendes\n|-damage|p1a: jailsonmendes|27\/100 tox\n|move|p1a: jailsonmendes|Crunch|p2a: Dragapult\n|-supereffective|p2a: Dragapult\n|-damage|p2a: Dragapult|36\/100\n|\n|-heal|p1a: jailsonmendes|39\/100 tox|[from] ability: Poison Heal\n|upkeep\n|turn|13\n|\n|t:|1698675339\n|move|p1a: jailsonmendes|Protect|p1a: jailsonmendes\n|-singleturn|p1a: jailsonmendes|Protect\n|move|p2a: Dragapult|Dragon Darts|p1a: jailsonmendes\n|-activate|p1a: jailsonmendes|move: Protect\n|\n|-heal|p1a: jailsonmendes|52\/100 tox|[from] ability: Poison Heal\n|upkeep\n|turn|14\n|\n|t:|1698675347\n|move|p2a: Dragapult|Dragon Darts|p1a: jailsonmendes\n|-damage|p1a: jailsonmendes|27\/100 tox\n|-anim|p2a: Dragapult|Dragon Darts|p1a: jailsonmendes\n|-damage|p1a: jailsonmendes|4\/100 tox\n|move|p1a: jailsonmendes|Crunch|p2a: Dragapult\n|-supereffective|p2a: Dragapult\n|-damage|p2a: Dragapult|0 fnt\n|faint|p2a: Dragapult\n|\n|-heal|p1a: jailsonmendes|17\/100 tox|[from] ability: Poison Heal\n|upkeep\n|\n|t:|1698675357\n|switch|p2a: Torkoal|Torkoal, F|100\/100\n|turn|15\n|\n|t:|1698675366\n|move|p1a: jailsonmendes|Protect|p1a: jailsonmendes\n|-singleturn|p1a: jailsonmendes|Protect\n|move|p2a: Torkoal|Gyro Ball|p1a: jailsonmendes\n|-activate|p1a: jailsonmendes|move: Protect\n|\n|-heal|p1a: jailsonmendes|29\/100 tox|[from] ability: Poison Heal\n|upkeep\n|turn|16\n|\n|t:|1698675373\n|move|p1a: jailsonmendes|Earthquake|p2a: Torkoal\n|-supereffective|p2a: Torkoal\n|-damage|p2a: Torkoal|24\/100\n|move|p2a: Torkoal|Yawn||[still]\n|-fail|p2a: Torkoal\n|\n|-heal|p1a: jailsonmendes|41\/100 tox|[from] ability: Poison Heal\n|upkeep\n|turn|17\n|\n|t:|1698675380\n|move|p1a: jailsonmendes|Protect|p1a: jailsonmendes\n|-singleturn|p1a: jailsonmendes|Protect\n|move|p2a: Torkoal|Gyro Ball|p1a: jailsonmendes\n|-activate|p1a: jailsonmendes|move: Protect\n|\n|-heal|p1a: jailsonmendes|54\/100 tox|[from] ability: Poison Heal\n|upkeep\n|turn|18\n|\n|t:|1698675387\n|move|p1a: jailsonmendes|Earthquake|p2a: Torkoal\n|-supereffective|p2a: Torkoal\n|-damage|p2a: Torkoal|0 fnt\n|faint|p2a: Torkoal\n|\n|-heal|p1a: jailsonmendes|66\/100 tox|[from] ability: Poison Heal\n|upkeep\n|-message|dooodo forfeited.\n|\n|win|oswaldmosleycombr\n|raw|oswaldmosleycombr's rating: 1078 &rarr; <strong>1109<\/strong><br \/>(+31 for winning)\n|raw|dooodo's rating: 1111 &rarr; <strong>1084<\/strong><br \/>(-27 for losing)\n|l|\u2606dooodo\n","uploadtime":1698675401,"views":13,"p1id":"oswaldmosleycombr","p2id":"dooodo","formatid":"gen9anythinggoes","rating":1084,"private":0,"password":""}