{"id":"gen9anythinggoes-1974725795","p1":"Iamthelawitzer","p2":"MelloBello","format":"[Gen 9] Anything Goes","log":"|j|\u2606Iamthelawitzer\n|j|\u2606MelloBello\n|t:|1698114647\n|gametype|singles\n|player|p1|Iamthelawitzer|policeman-gen4|1198\n|player|p2|MelloBello|101|1219\n|teamsize|p1|6\n|teamsize|p2|6\n|gen|9\n|tier|[Gen 9] Anything Goes\n|rated|\n|rule|HP Percentage Mod: HP is shown in percentages\n|rule|Endless Battle Clause: Forcing endless battles is banned\n|clearpoke\n|poke|p1|Clawitzer, M|\n|poke|p1|Clawitzer, F|\n|poke|p1|Clawitzer, M|\n|poke|p1|Clawitzer, M|\n|poke|p1|Clawitzer, M|\n|poke|p1|Clawitzer, F|\n|poke|p2|Alomomola, M|\n|poke|p2|Calyrex-Shadow|\n|poke|p2|Volcarona, F|\n|poke|p2|Forretress, F|\n|poke|p2|Masquerain, F|\n|poke|p2|Iron Valiant|\n|teampreview\n|c|\u2606MelloBello|LOL ITS YOU AGAIN\n|\n|t:|1698114662\n|start\n|switch|p1a: Me rn ---|Clawitzer, M|100\/100\n|switch|p2a: Forretress|Forretress, F|100\/100\n|turn|1\n|\n|t:|1698114671\n|move|p1a: Me rn ---|Water Pulse|p2a: Forretress\n|-damage|p2a: Forretress|43\/100\n|-start|p2a: Forretress|confusion\n|-activate|p2a: Forretress|confusion\n|move|p2a: Forretress|Spikes|p1a: Me rn ---\n|-sidestart|p1: Iamthelawitzer|Spikes\n|\n|upkeep\n|turn|2\n|c|\u2606Iamthelawitzer|ye\n|\n|t:|1698114678\n|move|p1a: Me rn ---|Water Pulse|p2a: Forretress\n|-damage|p2a: Forretress|0 fnt\n|faint|p2a: Forretress\n|\n|upkeep\n|\n|t:|1698114682\n|switch|p2a: Masquerain|Masquerain, F|100\/100\n|-ability|p2a: Masquerain|Intimidate|boost\n|-unboost|p1a: Me rn ---|atk|1\n|turn|3\n|\n|t:|1698114687\n|move|p2a: Masquerain|Sticky Web|p1a: Me rn ---\n|-sidestart|p1: Iamthelawitzer|move: Sticky Web\n|move|p1a: Me rn ---|Water Pulse|p2a: Masquerain\n|-damage|p2a: Masquerain|28\/100\n|\n|upkeep\n|turn|4\n|\n|t:|1698114693\n|move|p1a: Me rn ---|Water Pulse|p2a: Masquerain\n|-damage|p2a: Masquerain|0 fnt\n|faint|p2a: Masquerain\n|\n|upkeep\n|\n|t:|1698114699\n|switch|p2a: Iron Valiant|Iron Valiant|100\/100\n|-enditem|p2a: Iron Valiant|Booster Energy\n|-activate|p2a: Iron Valiant|ability: Quark Drive|[fromitem]\n|-start|p2a: Iron Valiant|quarkdrivespe\n|turn|5\n|\n|t:|1698114707\n|move|p2a: Iron Valiant|Swords Dance|p2a: Iron Valiant\n|-boost|p2a: Iron Valiant|atk|2\n|move|p1a: Me rn ---|Water Pulse|p2a: Iron Valiant\n|-damage|p2a: Iron Valiant|16\/100\n|\n|upkeep\n|turn|6\n|\n|t:|1698114714\n|move|p2a: Iron Valiant|Psycho Cut|p1a: Me rn ---\n|-damage|p1a: Me rn ---|48\/100\n|move|p1a: Me rn ---|Water Pulse|p2a: Iron Valiant\n|-damage|p2a: Iron Valiant|0 fnt\n|faint|p2a: Iron Valiant\n|-end|p2a: Iron Valiant|Quark Drive|[silent]\n|\n|upkeep\n|\n|t:|1698114721\n|switch|p2a: Calyrex|Calyrex-Shadow|100\/100\n|-ability|p2a: Calyrex|As One\n|-ability|p2a: Calyrex|Unnerve\n|turn|7\n|\n|t:|1698114731\n|move|p2a: Calyrex|Giga Drain|p1a: Me rn ---\n|-supereffective|p1a: Me rn ---\n|-damage|p1a: Me rn ---|0 fnt\n|faint|p1a: Me rn ---\n|-ability|p2a: Calyrex|Grim Neigh|boost\n|-boost|p2a: Calyrex|spa|1\n|\n|upkeep\n|\n|t:|1698114736\n|switch|p1a: Me rn --|Clawitzer, M|100\/100\n|-damage|p1a: Me rn --|88\/100|[from] Spikes\n|-activate|p1a: Me rn --|move: Sticky Web\n|-unboost|p1a: Me rn --|spe|1\n|turn|8\n|\n|t:|1698114743\n|move|p2a: Calyrex|Giga Drain|p1a: Me rn --\n|-supereffective|p1a: Me rn --\n|-damage|p1a: Me rn --|19\/100\n|move|p1a: Me rn --|Dark Pulse|p2a: Calyrex\n|-supereffective|p2a: Calyrex\n|-enditem|p2a: Calyrex|Focus Sash\n|-damage|p2a: Calyrex|1\/100\n|\n|upkeep\n|turn|9\n|\n|t:|1698114751\n|move|p2a: Calyrex|Giga Drain|p1a: Me rn --\n|-supereffective|p1a: Me rn --\n|-damage|p1a: Me rn --|0 fnt\n|-heal|p2a: Calyrex|10\/100|[from] drain|[of] p1a: Me rn --\n|faint|p1a: Me rn --\n|-ability|p2a: Calyrex|Grim Neigh|boost\n|-boost|p2a: Calyrex|spa|1\n|\n|upkeep\n|\n|t:|1698114760\n|switch|p1a: Me rn -|Clawitzer, F|100\/100\n|-damage|p1a: Me rn -|88\/100|[from] Spikes\n|-activate|p1a: Me rn -|move: Sticky Web\n|-unboost|p1a: Me rn -|spe|1\n|turn|10\n|\n|t:|1698114765\n|move|p2a: Calyrex|Giga Drain|p1a: Me rn -\n|-supereffective|p1a: Me rn -\n|-damage|p1a: Me rn -|0 fnt\n|-heal|p2a: Calyrex|47\/100|[from] drain|[of] p1a: Me rn -\n|faint|p1a: Me rn -\n|-ability|p2a: Calyrex|Grim Neigh|boost\n|-boost|p2a: Calyrex|spa|1\n|\n|upkeep\n|\n|t:|1698114772\n|switch|p1a: Me rn|Clawitzer, M|100\/100\n|-damage|p1a: Me rn|88\/100|[from] Spikes\n|-activate|p1a: Me rn|move: Sticky Web\n|-unboost|p1a: Me rn|spe|1\n|turn|11\n|\n|t:|1698114777\n|move|p2a: Calyrex|Giga Drain|p1a: Me rn\n|-supereffective|p1a: Me rn\n|-damage|p1a: Me rn|0 fnt\n|-heal|p2a: Calyrex|91\/100|[from] drain|[of] p1a: Me rn\n|faint|p1a: Me rn\n|-ability|p2a: Calyrex|Grim Neigh|boost\n|-boost|p2a: Calyrex|spa|1\n|\n|upkeep\n|\n|t:|1698114784\n|switch|p1a: Me rn ----|Clawitzer, M|100\/100\n|-damage|p1a: Me rn ----|88\/100|[from] Spikes\n|-activate|p1a: Me rn ----|move: Sticky Web\n|-unboost|p1a: Me rn ----|spe|1\n|turn|12\n|\n|t:|1698114790\n|move|p2a: Calyrex|Giga Drain|p1a: Me rn ----\n|-supereffective|p1a: Me rn ----\n|-damage|p1a: Me rn ----|0 fnt\n|-heal|p2a: Calyrex|100\/100|[from] drain|[of] p1a: Me rn ----\n|faint|p1a: Me rn ----\n|-ability|p2a: Calyrex|Grim Neigh|boost\n|-boost|p2a: Calyrex|spa|1\n|\n|upkeep\n|\n|t:|1698114796\n|switch|p1a: Me rn -----|Clawitzer, F|100\/100\n|turn|13\n|c|\u2606Iamthelawitzer|gg\n|\n|t:|1698114807\n|move|p2a: Calyrex|Giga Drain|p1a: Me rn -----\n|-supereffective|p1a: Me rn -----\n|-damage|p1a: Me rn -----|0 fnt\n|faint|p1a: Me rn -----\n|\n|win|MelloBello\n|raw|Iamthelawitzer's rating: 1198 &rarr; <strong>1175<\/strong><br \/>(-23 for losing)\n|raw|MelloBello's rating: 1219 &rarr; <strong>1242<\/strong><br \/>(+23 for winning)\n|c|\u2606MelloBello|gg\n|l|\u2606Iamthelawitzer\n","uploadtime":1698114834,"views":10,"p1id":"iamthelawitzer","p2id":"mellobello","formatid":"gen9anythinggoes","rating":1175,"private":0,"password":""}