{"id":"gen9anythinggoes-1973685023","p1":"kipperace","p2":"rickastley3.0","format":"[Gen 9] Anything Goes","log":"|j|\u2606kipperace\n|j|\u2606rickastley3.0\n|t:|1698003197\n|gametype|singles\n|player|p1|kipperace|101|1088\n|player|p2|rickastley3.0|170|1101\n|teamsize|p1|6\n|teamsize|p2|6\n|gen|9\n|tier|[Gen 9] Anything Goes\n|rated|\n|rule|HP Percentage Mod: HP is shown in percentages\n|rule|Endless Battle Clause: Forcing endless battles is banned\n|clearpoke\n|poke|p1|Venomoth, F|\n|poke|p1|Regidrago|\n|poke|p1|Garganacl, M|\n|poke|p1|Furret, F|\n|poke|p1|Hydreigon, F|\n|poke|p1|Kilowattrel, M|\n|poke|p2|Ogerpon-Hearthflame, F|\n|poke|p2|Poliwrath, M|\n|poke|p2|Sneasler, M|\n|poke|p2|Ursaluna-Bloodmoon, M|\n|poke|p2|Ribombee, F|\n|poke|p2|Mimikyu, F|\n|teampreview\n|inactive|Battle timer is ON: inactive players will automatically lose when time's up. (requested by rickastley3.0)\n|\n|t:|1698003216\n|start\n|switch|p1a: Kilowattrel|Kilowattrel, M|100\/100\n|switch|p2a: Ribombee|Ribombee, F|100\/100\n|turn|1\n|\n|t:|1698003223\n|move|p1a: Kilowattrel|Hurricane|p2a: Ribombee|[miss]\n|-miss|p1a: Kilowattrel|p2a: Ribombee\n|move|p2a: Ribombee|Sticky Web|p1a: Kilowattrel\n|-sidestart|p1: kipperace|move: Sticky Web\n|\n|upkeep\n|turn|2\n|\n|t:|1698003228\n|move|p1a: Kilowattrel|Hurricane|p2a: Ribombee\n|-supereffective|p2a: Ribombee\n|-enditem|p2a: Ribombee|Focus Sash\n|-damage|p2a: Ribombee|1\/100\n|move|p2a: Ribombee|Stun Spore|p1a: Kilowattrel\n|-immune|p1a: Kilowattrel\n|\n|upkeep\n|turn|3\n|\n|t:|1698003239\n|switch|p2a: Mimikyu|Mimikyu, F|100\/100\n|move|p1a: Kilowattrel|Thunderbolt|p2a: Mimikyu\n|-activate|p2a: Mimikyu|ability: Disguise\n|-damage|p2a: Mimikyu|100\/100\n|detailschange|p2a: Mimikyu|Mimikyu-Busted, F\n|-damage|p2a: Mimikyu|88\/100|[from] pokemon: Mimikyu-Busted\n|\n|upkeep\n|turn|4\n|\n|t:|1698003253\n|move|p1a: Kilowattrel|Hurricane|p2a: Mimikyu|[miss]\n|-miss|p1a: Kilowattrel|p2a: Mimikyu\n|move|p2a: Mimikyu|Trick|p1a: Kilowattrel\n|-activate|p2a: Mimikyu|move: Trick|[of] p1a: Kilowattrel\n|-item|p1a: Kilowattrel|Choice Band|[from] move: Trick\n|-item|p2a: Mimikyu|Heavy-Duty Boots|[from] move: Trick\n|\n|upkeep\n|turn|5\n|\n|t:|1698003264\n|switch|p2a: Ursaluna|Ursaluna-Bloodmoon, M|100\/100\n|move|p1a: Kilowattrel|U-turn|p2a: Ursaluna\n|-damage|p2a: Ursaluna|87\/100\n|\n|t:|1698003280\n|switch|p1a: Furret|Furret, F|100\/100|[from] U-turn\n|-activate|p1a: Furret|move: Sticky Web\n|-unboost|p1a: Furret|spe|1\n|-item|p2a: Ursaluna|Normal Gem|[from] ability: Frisk|[of] p1a: Furret|[identify]\n|\n|upkeep\n|turn|6\n|\n|t:|1698003287\n|move|p2a: Ursaluna|Blood Moon|p1a: Furret\n|-enditem|p2a: Ursaluna|Normal Gem|[from] gem\n|-damage|p1a: Furret|0 fnt\n|faint|p1a: Furret\n|\n|upkeep\n|c|\u2606rickastley3.0|lol\n|\n|t:|1698003306\n|switch|p1a: Hydreigon|Hydreigon, F|100\/100\n|turn|7\n|\n|t:|1698003315\n|-terastallize|p1a: Hydreigon|Dark\n|move|p1a: Hydreigon|Dark Pulse|p2a: Ursaluna\n|-damage|p2a: Ursaluna|0 fnt\n|faint|p2a: Ursaluna\n|\n|upkeep\n|\n|t:|1698003321\n|switch|p2a: Sneasler|Sneasler, M|100\/100\n|turn|8\n|\n|t:|1698003343\n|switch|p1a: Kilowattrel|Kilowattrel, M|100\/100\n|move|p2a: Sneasler|Fake Out|p1a: Kilowattrel\n|-damage|p1a: Kilowattrel|70\/100\n|\n|upkeep\n|turn|9\n|\n|t:|1698003358\n|move|p1a: Kilowattrel|Hurricane|p2a: Sneasler\n|-supereffective|p2a: Sneasler\n|-damage|p2a: Sneasler|0 fnt\n|faint|p2a: Sneasler\n|\n|upkeep\n|inactive|rickastley3.0 has 120 seconds left.\n|inactive|rickastley3.0 has 90 seconds left.\n|c|\u2606kipperace|You there?\n|inactive|rickastley3.0 has 60 seconds left.\n|c|\u2606kipperace|Dude you'll lose if you don't do something\n|inactive|rickastley3.0 has 30 seconds left.\n|inactive|rickastley3.0 has 20 seconds left.\n|inactive|rickastley3.0 has 15 seconds left.\n|inactive|rickastley3.0 has 10 seconds left.\n|inactive|rickastley3.0 has 5 seconds left.\n|-message|rickastley3.0 lost due to inactivity.\n|\n|win|kipperace\n|raw|kipperace's rating: 1088 &rarr; <strong>1116<\/strong><br \/>(+28 for winning)\n|raw|rickastley3.0's rating: 1101 &rarr; <strong>1075<\/strong><br \/>(-26 for losing)\n|c|\u2606kipperace|Why didn't you do something\n","uploadtime":1698003564,"views":13,"p1id":"kipperace","p2id":"rickastley30","formatid":"gen9anythinggoes","rating":1075,"private":0,"password":""}