{"id":"gen9anythinggoes-1989969737","p1":"UgodadaYT","p2":"MozezzRS","format":"[Gen 9] Anything Goes","log":"|j|\u2606UgodadaYT\n|j|\u2606MozezzRS\n|t:|1699911214\n|gametype|singles\n|player|p1|UgodadaYT|102|1364\n|player|p2|MozezzRS|acetrainer-gen4dp|1419\n|teamsize|p1|6\n|teamsize|p2|6\n|gen|9\n|tier|[Gen 9] Anything Goes\n|rated|\n|rule|HP Percentage Mod: HP is shown in percentages\n|rule|Endless Battle Clause: Forcing endless battles is banned\n|clearpoke\n|poke|p1|Pelipper, M|\n|poke|p1|Weezing-Galar, M|\n|poke|p1|Clefable, F|\n|poke|p1|Gliscor, M|\n|poke|p1|Grimmsnarl, M|\n|poke|p1|Manaphy|\n|poke|p2|Toxapex, M|\n|poke|p2|Maushold-Four|\n|poke|p2|Basculegion, M|\n|poke|p2|Vikavolt, M|\n|poke|p2|Glimmora, M|\n|poke|p2|Chesnaught, M|\n|teampreview\n|inactive|Battle timer is ON: inactive players will automatically lose when time's up. (requested by MozezzRS)\n|inactive|UgodadaYT has 120 seconds left.\n|inactive|UgodadaYT has 90 seconds left.\n|\n|t:|1699911293\n|start\n|switch|p1a: Pelipper|Pelipper, M|100\/100\n|switch|p2a: Maushold|Maushold-Four|100\/100\n|-weather|RainDance|[from] ability: Drizzle|[of] p1a: Pelipper\n|turn|1\n|c|\u2606UgodadaYT|:)\n|\n|t:|1699911316\n|move|p2a: Maushold|Population Bomb|p1a: Pelipper\n|-damage|p1a: Pelipper|93\/100\n|-damage|p1a: Pelipper|85\/100\n|-damage|p1a: Pelipper|77\/100\n|-damage|p1a: Pelipper|70\/100\n|-damage|p1a: Pelipper|62\/100\n|-damage|p1a: Pelipper|53\/100\n|-damage|p1a: Pelipper|45\/100\n|-damage|p1a: Pelipper|37\/100\n|-damage|p1a: Pelipper|29\/100\n|-damage|p1a: Pelipper|21\/100\n|-hitcount|p1a: Pelipper|10\n|move|p1a: Pelipper|U-turn|p2a: Maushold\n|-damage|p2a: Maushold|90\/100\n|inactive|UgodadaYT has 120 seconds left.\n|\n|t:|1699911332\n|switch|p1a: :D|Manaphy|100\/100|[from] U-turn\n|\n|-weather|RainDance|[upkeep]\n|upkeep\n|turn|2\n|inactive|UgodadaYT has 120 seconds left.\n|\n|t:|1699911343\n|move|p2a: Maushold|Tidy Up|p2a: Maushold\n|-boost|p2a: Maushold|atk|1\n|-boost|p2a: Maushold|spe|1\n|move|p1a: :D|Surf|p2a: Maushold\n|-damage|p2a: Maushold|0 fnt\n|faint|p2a: Maushold\n|\n|-weather|RainDance|[upkeep]\n|upkeep\n|\n|t:|1699911352\n|switch|p2a: Toxapex|Toxapex, M|100\/100\n|turn|3\n|inactive|UgodadaYT has 120 seconds left.\n|\n|t:|1699911380\n|switch|p1a: Clefable|Clefable, F|100\/100\n|move|p2a: Toxapex|Infestation|p1a: Clefable\n|-resisted|p1a: Clefable\n|-damage|p1a: Clefable|99\/100\n|-activate|p1a: Clefable|move: Infestation|[of] p2a: Toxapex\n|\n|-weather|RainDance|[upkeep]\n|-heal|p1a: Clefable|100\/100|[from] item: Leftovers\n|-damage|p1a: Clefable|88\/100|[from] move: Infestation|[partiallytrapped]\n|upkeep\n|turn|4\n|inactive|UgodadaYT has 90 seconds left.\n|\n|t:|1699911428\n|move|p1a: Clefable|Cosmic Power|p1a: Clefable\n|-boost|p1a: Clefable|def|1\n|-boost|p1a: Clefable|spd|1\n|move|p2a: Toxapex|Toxic|p1a: Clefable\n|-status|p1a: Clefable|tox\n|\n|-weather|RainDance|[upkeep]\n|-heal|p1a: Clefable|94\/100 tox|[from] item: Leftovers\n|-damage|p1a: Clefable|88\/100 tox|[from] psn\n|-damage|p1a: Clefable|76\/100 tox|[from] move: Infestation|[partiallytrapped]\n|upkeep\n|turn|5\n|\n|t:|1699911441\n|switch|p2a: Vikavolt|Vikavolt, M|100\/100\n|move|p1a: Clefable|Cosmic Power|p1a: Clefable\n|-boost|p1a: Clefable|def|1\n|-boost|p1a: Clefable|spd|1\n|\n|-weather|RainDance|[upkeep]\n|-heal|p1a: Clefable|82\/100 tox|[from] item: Leftovers\n|-damage|p1a: Clefable|70\/100 tox|[from] psn\n|-end|p1a: Clefable|Infestation|[partiallytrapped]|[silent]\n|upkeep\n|turn|6\n|\n|t:|1699911455\n|move|p2a: Vikavolt|Sticky Web|p1a: Clefable\n|-sidestart|p1: UgodadaYT|move: Sticky Web\n|move|p1a: Clefable|Dazzling Gleam|p2a: Vikavolt\n|-damage|p2a: Vikavolt|66\/100\n|\n|-weather|RainDance|[upkeep]\n|-heal|p1a: Clefable|76\/100 tox|[from] item: Leftovers\n|-damage|p1a: Clefable|57\/100 tox|[from] psn\n|upkeep\n|turn|7\n|\n|t:|1699911467\n|switch|p1a: Weezing|Weezing-Galar, M|100\/100\n|move|p2a: Vikavolt|Volt Switch|p1a: Weezing\n|-damage|p1a: Weezing|41\/100\n|\n|t:|1699911474\n|switch|p2a: Glimmora|Glimmora, M|100\/100|[from] Volt Switch\n|\n|-weather|RainDance|[upkeep]\n|-heal|p1a: Weezing|47\/100|[from] item: Leftovers\n|upkeep\n|turn|8\n|\n|t:|1699911484\n|move|p2a: Glimmora|Stealth Rock|p1a: Weezing\n|-sidestart|p1: UgodadaYT|move: Stealth Rock\n|move|p1a: Weezing|Defog|p2a: Glimmora\n|-unboost|p2a: Glimmora|evasion|1\n|-sideend|p1: UgodadaYT|Stealth Rock|[from] move: Defog|[of] p1a: Weezing\n|-sideend|p1: UgodadaYT|Sticky Web|[from] move: Defog|[of] p1a: Weezing\n|\n|-weather|none\n|-heal|p1a: Weezing|53\/100|[from] item: Leftovers\n|upkeep\n|turn|9\n|\n|t:|1699911507\n|switch|p1a: Clefable|Clefable, F|57\/100 tox\n|move|p2a: Glimmora|Earth Power|p1a: Clefable\n|-damage|p1a: Clefable|39\/100 tox\n|\n|-heal|p1a: Clefable|45\/100 tox|[from] item: Leftovers\n|-damage|p1a: Clefable|39\/100 tox|[from] psn\n|upkeep\n|turn|10\n|\n|t:|1699911523\n|move|p2a: Glimmora|Stealth Rock|p1a: Clefable\n|-sidestart|p1: UgodadaYT|move: Stealth Rock\n|move|p1a: Clefable|Stored Power|p2a: Glimmora\n|-supereffective|p2a: Glimmora\n|-damage|p2a: Glimmora|90\/100\n|\n|-heal|p1a: Clefable|45\/100 tox|[from] item: Leftovers\n|-damage|p1a: Clefable|33\/100 tox|[from] psn\n|upkeep\n|turn|11\n|\n|t:|1699911536\n|move|p2a: Glimmora|Spikes|p1a: Clefable\n|-sidestart|p1: UgodadaYT|Spikes\n|move|p1a: Clefable|Wish|p1a: Clefable\n|\n|-heal|p1a: Clefable|39\/100 tox|[from] item: Leftovers\n|-damage|p1a: Clefable|21\/100 tox|[from] psn\n|upkeep\n|turn|12\n|\n|t:|1699911544\n|switch|p1a: Weezing|Weezing-Galar, M|53\/100\n|-damage|p1a: Weezing|41\/100|[from] Stealth Rock\n|move|p2a: Glimmora|Spikes|p1a: Weezing\n|-sidestart|p1: UgodadaYT|Spikes\n|\n|-heal|p1a: Weezing|99\/100|[from] move: Wish|[wisher] Clefable\n|-heal|p1a: Weezing|100\/100|[from] item: Leftovers\n|upkeep\n|turn|13\n|\n|t:|1699911558\n|move|p2a: Glimmora|Earth Power|p1a: Weezing\n|-immune|p1a: Weezing|[from] ability: Levitate\n|move|p1a: Weezing|Defog|p2a: Glimmora\n|-unboost|p2a: Glimmora|evasion|1\n|-sideend|p1: UgodadaYT|Spikes|[from] move: Defog|[of] p1a: Weezing\n|-sideend|p1: UgodadaYT|Stealth Rock|[from] move: Defog|[of] p1a: Weezing\n|\n|upkeep\n|turn|14\n|inactive|UgodadaYT has 60 seconds left.\n|\n|t:|1699911580\n|switch|p2a: Vikavolt|Vikavolt, M|66\/100\n|move|p1a: Weezing|Gunk Shot|p2a: Vikavolt\n|-damage|p2a: Vikavolt|0 fnt\n|faint|p2a: Vikavolt\n|\n|upkeep\n|\n|t:|1699911589\n|switch|p2a: Chesnaught|Chesnaught, M, shiny|100\/100\n|turn|15\n|\n|t:|1699911596\n|-terastallize|p2a: Chesnaught|Poison\n|move|p2a: Chesnaught|Leech Seed|p1a: Weezing\n|-start|p1a: Weezing|move: Leech Seed\n|move|p1a: Weezing|Play Rough|p2a: Chesnaught\n|-resisted|p2a: Chesnaught\n|-damage|p2a: Chesnaught|86\/100\n|-unboost|p2a: Chesnaught|atk|1\n|\n|-heal|p2a: Chesnaught|92\/100|[from] item: Leftovers\n|-damage|p1a: Weezing|88\/100|[from] Leech Seed|[of] p2a: Chesnaught\n|-heal|p2a: Chesnaught|100\/100|[silent]\n|upkeep\n|turn|16\n|\n|t:|1699911611\n|switch|p1a: Clefable|Clefable, F|21\/100 tox\n|move|p2a: Chesnaught|Drain Punch|p1a: Clefable\n|-resisted|p1a: Clefable\n|-damage|p1a: Clefable|0 fnt\n|faint|p1a: Clefable\n|\n|upkeep\n|inactive|UgodadaYT has 60 seconds left.\n|\n|t:|1699911626\n|switch|p1a: Grimmsnarl|Grimmsnarl, M|100\/100\n|turn|17\n|\n|t:|1699911630\n|move|p1a: Grimmsnarl|Reflect|p1a: Grimmsnarl\n|-sidestart|p1: UgodadaYT|Reflect\n|move|p2a: Chesnaught|Drain Punch|p1a: Grimmsnarl\n|-damage|p1a: Grimmsnarl|84\/100\n|\n|upkeep\n|turn|18\n|\n|t:|1699911637\n|move|p1a: Grimmsnarl|Parting Shot|p2a: Chesnaught\n|-unboost|p2a: Chesnaught|atk|1\n|-unboost|p2a: Chesnaught|spa|1\n|\n|t:|1699911649\n|switch|p1a: Pelipper|Pelipper, M|21\/100|[from] Parting Shot\n|-weather|RainDance|[from] ability: Drizzle|[of] p1a: Pelipper\n|move|p2a: Chesnaught|Leech Seed|p1a: Pelipper\n|-start|p1a: Pelipper|move: Leech Seed\n|\n|-weather|RainDance|[upkeep]\n|-damage|p1a: Pelipper|8\/100|[from] Leech Seed|[of] p2a: Chesnaught\n|upkeep\n|turn|19\n|\n|t:|1699911659\n|move|p2a: Chesnaught|Spiky Shield|p2a: Chesnaught\n|-singleturn|p2a: Chesnaught|move: Protect\n|move|p1a: Pelipper|Roost|p1a: Pelipper\n|-heal|p1a: Pelipper|58\/100\n|-singleturn|p1a: Pelipper|move: Roost\n|\n|-weather|RainDance|[upkeep]\n|-damage|p1a: Pelipper|46\/100|[from] Leech Seed|[of] p2a: Chesnaught\n|upkeep\n|turn|20\n|\n|t:|1699911669\n|move|p1a: Pelipper|U-turn|p2a: Chesnaught\n|-resisted|p2a: Chesnaught\n|-damage|p2a: Chesnaught|97\/100\n|\n|t:|1699911673\n|switch|p1a: :D|Manaphy|100\/100|[from] U-turn\n|move|p2a: Chesnaught|Seed Bomb|p1a: :D\n|-supereffective|p1a: :D\n|-damage|p1a: :D|79\/100\n|\n|-weather|RainDance|[upkeep]\n|-heal|p2a: Chesnaught|100\/100|[from] item: Leftovers\n|upkeep\n|turn|21\n|inactive|UgodadaYT has 90 seconds left.\n|\n|t:|1699911683\n|move|p1a: :D|Tail Glow|p1a: :D\n|-boost|p1a: :D|spa|3\n|move|p2a: Chesnaught|Leech Seed|p1a: :D\n|-start|p1a: :D|move: Leech Seed\n|\n|-weather|RainDance|[upkeep]\n|-damage|p1a: :D|67\/100|[from] Leech Seed|[of] p2a: Chesnaught\n|upkeep\n|turn|22\n|inactive|UgodadaYT has 90 seconds left.\n|\n|t:|1699911692\n|move|p1a: :D|Surf|p2a: Chesnaught\n|-damage|p2a: Chesnaught|0 fnt\n|faint|p2a: Chesnaught\n|\n|-weather|RainDance|[upkeep]\n|upkeep\n|\n|t:|1699911698\n|switch|p2a: Toxapex|Toxapex, M|100\/100\n|turn|23\n|\n|t:|1699911704\n|-terastallize|p1a: :D|Electric\n|move|p1a: :D|Tera Blast|p2a: Toxapex|[anim] Tera Blast Electric\n|-supereffective|p2a: Toxapex\n|-damage|p2a: Toxapex|0 fnt\n|faint|p2a: Toxapex\n|\n|-weather|RainDance|[upkeep]\n|upkeep\n|\n|t:|1699911710\n|switch|p2a: Glimmora|Glimmora, M|90\/100\n|turn|24\n|\n|t:|1699911715\n|move|p1a: :D|Surf|p2a: Glimmora\n|-supereffective|p2a: Glimmora\n|-damage|p2a: Glimmora|0 fnt\n|faint|p2a: Glimmora\n|\n|-weather|RainDance|[upkeep]\n|-sideend|p1: UgodadaYT|Reflect\n|upkeep\n|\n|t:|1699911720\n|switch|p2a: Basculegion|Basculegion, M|100\/100\n|turn|25\n|\n|t:|1699911725\n|move|p2a: Basculegion|Last Respects|p1a: :D\n|-damage|p1a: :D|0 fnt\n|faint|p1a: :D\n|\n|-weather|none\n|upkeep\n|inactive|UgodadaYT has 120 seconds left.\n|\n|t:|1699911741\n|switch|p1a: Grimmsnarl|Grimmsnarl, M|84\/100\n|turn|26\n|inactive|UgodadaYT has 120 seconds left.\n|\n|t:|1699911747\n|move|p1a: Grimmsnarl|Reflect|p1a: Grimmsnarl\n|-sidestart|p1: UgodadaYT|Reflect\n|move|p2a: Basculegion|Last Respects|p1a: Grimmsnarl\n|-resisted|p1a: Grimmsnarl\n|-crit|p1a: Grimmsnarl\n|-damage|p1a: Grimmsnarl|0 fnt\n|faint|p1a: Grimmsnarl\n|\n|upkeep\n|inactive|UgodadaYT has 120 seconds left.\n|\n|t:|1699911774\n|switch|p1a: Weezing|Weezing-Galar, M|88\/100\n|turn|27\n|\n|t:|1699911783\n|move|p2a: Basculegion|Last Respects|p1a: Weezing\n|-damage|p1a: Weezing|5\/100\n|move|p1a: Weezing|Play Rough|p2a: Basculegion\n|-damage|p2a: Basculegion|54\/100\n|\n|-heal|p1a: Weezing|11\/100|[from] item: Leftovers\n|upkeep\n|turn|28\n|\n|t:|1699911794\n|move|p2a: Basculegion|Last Respects|p1a: Weezing\n|-damage|p1a: Weezing|0 fnt\n|faint|p1a: Weezing\n|\n|upkeep\n|\n|t:|1699911809\n|switch|p1a: Gliscor|Gliscor, M, shiny|100\/100\n|turn|29\n|\n|t:|1699911814\n|move|p1a: Gliscor|Protect|p1a: Gliscor\n|-singleturn|p1a: Gliscor|Protect\n|move|p2a: Basculegion|Last Respects|p1a: Gliscor\n|-activate|p1a: Gliscor|move: Protect\n|\n|-status|p1a: Gliscor|tox|[from] item: Toxic Orb\n|upkeep\n|turn|30\n|\n|t:|1699911826\n|move|p2a: Basculegion|Last Respects|p1a: Gliscor\n|-damage|p1a: Gliscor|2\/100 tox\n|move|p1a: Gliscor|Fling|p2a: Basculegion\n|-supereffective|p2a: Basculegion\n|-damage|p2a: Basculegion|33\/100\n|-status|p2a: Basculegion|tox\n|-enditem|p1a: Gliscor|Toxic Orb|[from] move: Fling\n|\n|-damage|p2a: Basculegion|27\/100 tox|[from] psn\n|-heal|p1a: Gliscor|15\/100 tox|[from] ability: Poison Heal\n|upkeep\n|turn|31\n|\n|t:|1699911839\n|move|p1a: Gliscor|Protect|p1a: Gliscor\n|-singleturn|p1a: Gliscor|Protect\n|move|p2a: Basculegion|Last Respects|p1a: Gliscor\n|-activate|p1a: Gliscor|move: Protect\n|\n|-damage|p2a: Basculegion|15\/100 tox|[from] psn\n|-heal|p1a: Gliscor|27\/100 tox|[from] ability: Poison Heal\n|upkeep\n|turn|32\n|\n|t:|1699911848\n|switch|p1a: Pelipper|Pelipper, M|46\/100\n|-weather|RainDance|[from] ability: Drizzle|[of] p1a: Pelipper\n|move|p2a: Basculegion|Last Respects|p1a: Pelipper\n|-damage|p1a: Pelipper|0 fnt\n|faint|p1a: Pelipper\n|\n|-weather|RainDance|[upkeep]\n|-damage|p2a: Basculegion|0 fnt|[from] psn\n|faint|p2a: Basculegion\n|\n|win|UgodadaYT\n|upkeep\n|raw|UgodadaYT's rating: 1364 &rarr; <strong>1387<\/strong><br \/>(+23 for winning)\n|raw|MozezzRS's rating: 1419 &rarr; <strong>1396<\/strong><br \/>(-23 for losing)\n|c|\u2606UgodadaYT|gg\n|l|\u2606MozezzRS\n","uploadtime":1699911862,"views":6,"p1id":"ugodadayt","p2id":"mozezzrs","formatid":"gen9anythinggoes","rating":1387,"private":0,"password":""}