{"id":"gen9anythinggoes-1989406520","p1":"Llenka","p2":"Bisco14","format":"[Gen 9] Anything Goes","log":"|j|\u2606Llenka\n|j|\u2606Bisco14\n|t:|1699846189\n|gametype|singles\n|player|p1|Llenka|ethan|1051\n|player|p2|Bisco14|cynthia-gen4|1078\n|teamsize|p1|6\n|teamsize|p2|6\n|gen|9\n|tier|[Gen 9] Anything Goes\n|rated|\n|rule|HP Percentage Mod: HP is shown in percentages\n|rule|Endless Battle Clause: Forcing endless battles is banned\n|clearpoke\n|poke|p1|Toxapex, F|\n|poke|p1|Dondozo, F|\n|poke|p1|Ditto|\n|poke|p1|Blissey, F|\n|poke|p1|Alomomola, F|\n|poke|p1|Ting-Lu|\n|poke|p2|Arceus|\n|poke|p2|Giratina|\n|poke|p2|Dialga|\n|poke|p2|Palkia|\n|poke|p2|Rayquaza|\n|poke|p2|Mewtwo|\n|teampreview\n|\n|t:|1699846199\n|start\n|switch|p1a: Toxapex|Toxapex, F|100\/100\n|switch|p2a: Arceus|Arceus|100\/100\n|turn|1\n|\n|t:|1699846205\n|move|p2a: Arceus|Future Sight|p1a: Toxapex\n|-start|p2a: Arceus|move: Future Sight\n|move|p1a: Toxapex|Toxic Spikes|p2a: Arceus\n|-sidestart|p2: Bisco14|move: Toxic Spikes\n|\n|upkeep\n|turn|2\n|\n|t:|1699846212\n|move|p2a: Arceus|Judgment|p1a: Toxapex\n|-damage|p1a: Toxapex|65\/100\n|move|p1a: Toxapex|Toxic Spikes|p2a: Arceus\n|-sidestart|p2: Bisco14|move: Toxic Spikes\n|\n|upkeep\n|turn|3\n|\n|t:|1699846220\n|switch|p1a: Blissey|Blissey, F|100\/100\n|move|p2a: Arceus|Draco Meteor|p1a: Blissey|[miss]\n|-miss|p2a: Arceus|p1a: Blissey\n|\n|-end|p1a: Blissey|move: Future Sight\n|-damage|p1a: Blissey|91\/100\n|upkeep\n|turn|4\n|\n|t:|1699846230\n|move|p2a: Arceus|Future Sight|p1a: Blissey\n|-start|p2a: Arceus|move: Future Sight\n|move|p1a: Blissey|Stealth Rock|p2a: Arceus\n|-sidestart|p2: Bisco14|move: Stealth Rock\n|\n|upkeep\n|turn|5\n|\n|t:|1699846234\n|move|p2a: Arceus|Flare Blitz|p1a: Blissey\n|-damage|p1a: Blissey|55\/100\n|-damage|p2a: Arceus|81\/100|[from] Recoil\n|move|p1a: Blissey|Calm Mind|p1a: Blissey\n|-boost|p1a: Blissey|spa|1\n|-boost|p1a: Blissey|spd|1\n|\n|-heal|p2a: Arceus|87\/100|[from] item: Leftovers\n|upkeep\n|turn|6\n|\n|t:|1699846246\n|move|p2a: Arceus|Draco Meteor|p1a: Blissey\n|-damage|p1a: Blissey|47\/100\n|-unboost|p2a: Arceus|spa|2\n|move|p1a: Blissey|Soft-Boiled|p1a: Blissey\n|-heal|p1a: Blissey|97\/100\n|\n|-end|p1a: Blissey|move: Future Sight\n|-damage|p1a: Blissey|93\/100\n|-heal|p2a: Arceus|93\/100|[from] item: Leftovers\n|upkeep\n|turn|7\n|\n|t:|1699846259\n|switch|p1a: Toxapex|Toxapex, F|98\/100\n|move|p2a: Arceus|Flare Blitz|p1a: Toxapex\n|-resisted|p1a: Toxapex\n|-damage|p1a: Toxapex|87\/100\n|-damage|p2a: Arceus|91\/100|[from] Recoil\n|\n|-heal|p2a: Arceus|97\/100|[from] item: Leftovers\n|upkeep\n|turn|8\n|\n|t:|1699846268\n|move|p2a: Arceus|Future Sight|p1a: Toxapex\n|-start|p2a: Arceus|move: Future Sight\n|move|p1a: Toxapex|Toxic|p2a: Arceus\n|-status|p2a: Arceus|tox\n|\n|-heal|p2a: Arceus|100\/100 tox|[from] item: Leftovers\n|-damage|p2a: Arceus|94\/100 tox|[from] psn\n|upkeep\n|turn|9\n|\n|t:|1699846276\n|move|p2a: Arceus|Draco Meteor|p1a: Toxapex\n|-damage|p1a: Toxapex|72\/100\n|-unboost|p2a: Arceus|spa|2\n|move|p1a: Toxapex|Toxic Spikes||[still]\n|-fail|p1a: Toxapex\n|\n|-heal|p2a: Arceus|100\/100 tox|[from] item: Leftovers\n|-damage|p2a: Arceus|88\/100 tox|[from] psn\n|upkeep\n|turn|10\n|\n|t:|1699846287\n|switch|p1a: Blissey|Blissey, F|93\/100\n|move|p2a: Arceus|Judgment|p1a: Blissey\n|-damage|p1a: Blissey|88\/100\n|\n|-end|p1a: Blissey|move: Future Sight\n|-damage|p1a: Blissey|85\/100\n|-heal|p2a: Arceus|94\/100 tox|[from] item: Leftovers\n|-damage|p2a: Arceus|75\/100 tox|[from] psn\n|upkeep\n|turn|11\n|\n|t:|1699846302\n|move|p2a: Arceus|Flare Blitz|p1a: Blissey\n|-damage|p1a: Blissey|44\/100\n|-damage|p2a: Arceus|53\/100 tox|[from] Recoil\n|move|p1a: Blissey|Calm Mind|p1a: Blissey\n|-boost|p1a: Blissey|spa|1\n|-boost|p1a: Blissey|spd|1\n|\n|-heal|p2a: Arceus|60\/100 tox|[from] item: Leftovers\n|-damage|p2a: Arceus|35\/100 tox|[from] psn\n|upkeep\n|turn|12\n|\n|t:|1699846330\n|switch|p1a: Alomomola|Alomomola, F|100\/100\n|move|p2a: Arceus|Flare Blitz|p1a: Alomomola\n|-resisted|p1a: Alomomola\n|-damage|p1a: Alomomola|91\/100\n|-damage|p2a: Arceus|30\/100 tox|[from] Recoil\n|\n|-heal|p2a: Arceus|37\/100 tox|[from] item: Leftovers\n|-damage|p2a: Arceus|5\/100 tox|[from] psn\n|upkeep\n|turn|13\n|\n|t:|1699846340\n|move|p2a: Arceus|Future Sight|p1a: Alomomola\n|-start|p2a: Arceus|move: Future Sight\n|move|p1a: Alomomola|Wish|p1a: Alomomola\n|\n|-heal|p2a: Arceus|12\/100 tox|[from] item: Leftovers\n|-damage|p2a: Arceus|0 fnt|[from] psn\n|faint|p2a: Arceus\n|upkeep\n|\n|t:|1699846356\n|switch|p2a: Giratina|Giratina|100\/100\n|-status|p2a: Giratina|tox\n|-damage|p2a: Giratina|88\/100 tox|[from] Stealth Rock\n|-ability|p2a: Giratina|Pressure\n|turn|14\n|\n|t:|1699846363\n|move|p2a: Giratina|Confuse Ray|p1a: Alomomola\n|-start|p1a: Alomomola|confusion\n|-activate|p1a: Alomomola|confusion\n|-damage|p1a: Alomomola|88\/100|[from] confusion\n|\n|-heal|p1a: Alomomola|100\/100|[from] move: Wish|[wisher] Alomomola\n|-damage|p2a: Giratina|82\/100 tox|[from] psn\n|upkeep\n|turn|15\n|\n|t:|1699846374\n|move|p2a: Giratina|Draco Meteor|p1a: Alomomola\n|-damage|p1a: Alomomola|31\/100\n|-unboost|p2a: Giratina|spa|2\n|-activate|p1a: Alomomola|confusion\n|-damage|p1a: Alomomola|28\/100|[from] confusion\n|\n|-end|p1a: Alomomola|move: Future Sight\n|-damage|p1a: Alomomola|0 fnt\n|faint|p1a: Alomomola\n|-damage|p2a: Giratina|69\/100 tox|[from] psn\n|upkeep\n|\n|t:|1699846392\n|switch|p1a: Ditto|Ditto|100\/100\n|-transform|p1a: Ditto|p2a: Giratina|[from] ability: Imposter\n|-ability|p1a: Ditto|Pressure\n|-item|p1a: Ditto|Air Balloon\n|turn|16\n|\n|t:|1699846402\n|move|p2a: Giratina|Confuse Ray|p1a: Ditto\n|-start|p1a: Ditto|confusion\n|-activate|p1a: Ditto|confusion\n|move|p1a: Ditto|Shadow Force||[still]\n|-prepare|p1a: Ditto|Shadow Force\n|\n|-damage|p2a: Giratina|51\/100 tox|[from] psn\n|upkeep\n|turn|17\n|\n|t:|1699846409\n|-end|p1a: Ditto|confusion\n|move|p1a: Ditto|Shadow Force|p2a: Giratina|[from]lockedmove\n|-supereffective|p2a: Giratina\n|-damage|p2a: Giratina|1\/100 tox\n|move|p2a: Giratina|Shadow Force||[still]\n|-prepare|p2a: Giratina|Shadow Force\n|\n|-damage|p2a: Giratina|0 fnt|[from] psn\n|faint|p2a: Giratina\n|upkeep\n|\n|t:|1699846419\n|switch|p2a: Dialga|Dialga|100\/100\n|-damage|p2a: Dialga|94\/100|[from] Stealth Rock\n|-ability|p2a: Dialga|Pressure\n|turn|18\n|\n|t:|1699846426\n|move|p1a: Ditto|Confuse Ray|p2a: Dialga\n|-start|p2a: Dialga|confusion\n|-activate|p2a: Dialga|confusion\n|move|p2a: Dialga|Blizzard|p1a: Ditto\n|-supereffective|p1a: Ditto\n|-damage|p1a: Ditto|32\/100\n|-enditem|p1a: Ditto|Air Balloon\n|\n|upkeep\n|turn|19\n|\n|t:|1699846436\n|move|p1a: Ditto|Draco Meteor|p2a: Dialga\n|-damage|p2a: Dialga|75\/100\n|-unboost|p1a: Ditto|spa|2\n|-end|p2a: Dialga|confusion\n|move|p2a: Dialga|Draco Meteor|p1a: Ditto\n|-supereffective|p1a: Ditto\n|-damage|p1a: Ditto|0 fnt\n|-unboost|p2a: Dialga|spa|2\n|faint|p1a: Ditto\n|\n|upkeep\n|\n|t:|1699846452\n|switch|p1a: Blissey|Blissey, F|44\/100\n|turn|20\n|\n|t:|1699846457\n|move|p2a: Dialga|Fire Blast|p1a: Blissey\n|-crit|p1a: Blissey\n|-damage|p1a: Blissey|25\/100\n|move|p1a: Blissey|Soft-Boiled|p1a: Blissey\n|-heal|p1a: Blissey|75\/100\n|\n|upkeep\n|turn|21\n|\n|t:|1699846465\n|move|p2a: Dialga|Roar of Time|p1a: Blissey\n|-damage|p1a: Blissey|62\/100\n|-mustrecharge|p2a: Dialga\n|move|p1a: Blissey|Calm Mind|p1a: Blissey\n|-boost|p1a: Blissey|spa|1\n|-boost|p1a: Blissey|spd|1\n|\n|upkeep\n|turn|22\n|\n|t:|1699846472\n|cant|p2a: Dialga|recharge\n|move|p1a: Blissey|Calm Mind|p1a: Blissey\n|-boost|p1a: Blissey|spa|1\n|-boost|p1a: Blissey|spd|1\n|\n|upkeep\n|turn|23\n|\n|t:|1699846478\n|move|p2a: Dialga|Blizzard|p1a: Blissey\n|-damage|p1a: Blissey|59\/100\n|-status|p1a: Blissey|frz\n|cant|p1a: Blissey|frz\n|\n|upkeep\n|turn|24\n|\n|t:|1699846486\n|move|p2a: Dialga|Draco Meteor|p1a: Blissey\n|-damage|p1a: Blissey|53\/100 frz\n|-unboost|p2a: Dialga|spa|2\n|-curestatus|p1a: Blissey|frz|[msg]\n|move|p1a: Blissey|Soft-Boiled|p1a: Blissey\n|-heal|p1a: Blissey|100\/100\n|\n|upkeep\n|turn|25\n|\n|t:|1699846498\n|move|p2a: Dialga|Fire Blast|p1a: Blissey|[miss]\n|-miss|p2a: Dialga|p1a: Blissey\n|move|p1a: Blissey|Seismic Toss|p2a: Dialga\n|-damage|p2a: Dialga|47\/100\n|\n|upkeep\n|turn|26\n|\n|t:|1699846510\n|move|p2a: Dialga|Fire Blast|p1a: Blissey\n|-damage|p1a: Blissey|98\/100\n|move|p1a: Blissey|Seismic Toss|p2a: Dialga\n|-damage|p2a: Dialga|19\/100\n|\n|upkeep\n|turn|27\n|\n|t:|1699846518\n|move|p2a: Dialga|Roar of Time|p1a: Blissey\n|-damage|p1a: Blissey|94\/100\n|-mustrecharge|p2a: Dialga\n|move|p1a: Blissey|Seismic Toss|p2a: Dialga\n|-damage|p2a: Dialga|0 fnt\n|faint|p2a: Dialga\n|\n|upkeep\n|\n|t:|1699846528\n|switch|p2a: Mewtwo|Mewtwo|100\/100\n|-status|p2a: Mewtwo|tox\n|-damage|p2a: Mewtwo|88\/100 tox|[from] Stealth Rock\n|-ability|p2a: Mewtwo|Pressure\n|turn|28\n|\n|t:|1699846536\n|move|p2a: Mewtwo|Aura Sphere|p1a: Blissey\n|-supereffective|p1a: Blissey\n|-damage|p1a: Blissey|83\/100\n|move|p1a: Blissey|Stealth Rock||[still]\n|-fail|p1a: Blissey\n|\n|-damage|p2a: Mewtwo|82\/100 tox|[from] psn\n|upkeep\n|turn|29\n|\n|t:|1699846544\n|move|p2a: Mewtwo|Future Sight|p1a: Blissey\n|-start|p2a: Mewtwo|move: Future Sight\n|move|p1a: Blissey|Seismic Toss|p2a: Mewtwo\n|-damage|p2a: Mewtwo|54\/100 tox\n|\n|-damage|p2a: Mewtwo|42\/100 tox|[from] psn\n|upkeep\n|turn|30\n|\n|t:|1699846550\n|move|p2a: Mewtwo|Foul Play|p1a: Blissey\n|-damage|p1a: Blissey|81\/100\n|move|p1a: Blissey|Seismic Toss|p2a: Mewtwo\n|-damage|p2a: Mewtwo|14\/100 tox\n|-enditem|p2a: Mewtwo|Aguav Berry|[eat]\n|-heal|p2a: Mewtwo|47\/100 tox|[from] item: Aguav Berry\n|\n|-damage|p2a: Mewtwo|29\/100 tox|[from] psn\n|upkeep\n|turn|31\n|\n|t:|1699846570\n|move|p2a: Mewtwo|Aura Sphere|p1a: Blissey\n|-supereffective|p1a: Blissey\n|-damage|p1a: Blissey|72\/100\n|move|p1a: Blissey|Calm Mind|p1a: Blissey\n|-boost|p1a: Blissey|spa|1\n|-boost|p1a: Blissey|spd|1\n|\n|-end|p1a: Blissey|move: Future Sight\n|-damage|p1a: Blissey|64\/100\n|-damage|p2a: Mewtwo|4\/100 tox|[from] psn\n|upkeep\n|turn|32\n|\n|t:|1699846580\n|move|p2a: Mewtwo|Aura Sphere|p1a: Blissey\n|-supereffective|p1a: Blissey\n|-damage|p1a: Blissey|56\/100\n|move|p1a: Blissey|Calm Mind|p1a: Blissey\n|-boost|p1a: Blissey|spa|1\n|-boost|p1a: Blissey|spd|1\n|\n|-damage|p2a: Mewtwo|0 fnt|[from] psn\n|faint|p2a: Mewtwo\n|upkeep\n|\n|t:|1699846590\n|switch|p2a: Rayquaza|Rayquaza|100\/100\n|-damage|p2a: Rayquaza|76\/100|[from] Stealth Rock\n|-ability|p2a: Rayquaza|Air Lock\n|turn|33\n|\n|t:|1699846609\n|switch|p1a: Toxapex|Toxapex, F|100\/100\n|move|p2a: Rayquaza|Dragon Ascent|p1a: Toxapex\n|-damage|p1a: Toxapex|63\/100\n|-unboost|p2a: Rayquaza|def|1\n|-unboost|p2a: Rayquaza|spd|1\n|\n|-heal|p2a: Rayquaza|82\/100|[from] item: Leftovers\n|upkeep\n|turn|34\n|\n|t:|1699846625\n|move|p2a: Rayquaza|Crunch|p1a: Toxapex\n|-damage|p1a: Toxapex|46\/100\n|move|p1a: Toxapex|Toxic|p2a: Rayquaza\n|-status|p2a: Rayquaza|tox\n|\n|-heal|p2a: Rayquaza|88\/100 tox|[from] item: Leftovers\n|-damage|p2a: Rayquaza|82\/100 tox|[from] psn\n|upkeep\n|turn|35\n|\n|t:|1699846633\n|move|p2a: Rayquaza|Dragon Ascent|p1a: Toxapex\n|-damage|p1a: Toxapex|7\/100\n|-unboost|p2a: Rayquaza|def|1\n|-unboost|p2a: Rayquaza|spd|1\n|move|p1a: Toxapex|Recover|p1a: Toxapex\n|-heal|p1a: Toxapex|57\/100\n|\n|-heal|p2a: Rayquaza|88\/100 tox|[from] item: Leftovers\n|-damage|p2a: Rayquaza|76\/100 tox|[from] psn\n|upkeep\n|turn|36\n|\n|t:|1699846643\n|move|p2a: Rayquaza|Draco Meteor|p1a: Toxapex\n|-damage|p1a: Toxapex|7\/100\n|-unboost|p2a: Rayquaza|spa|2\n|move|p1a: Toxapex|Recover|p1a: Toxapex\n|-heal|p1a: Toxapex|57\/100\n|\n|-heal|p2a: Rayquaza|82\/100 tox|[from] item: Leftovers\n|-damage|p2a: Rayquaza|64\/100 tox|[from] psn\n|upkeep\n|turn|37\n|\n|t:|1699846654\n|move|p2a: Rayquaza|Dragon Ascent|p1a: Toxapex\n|-damage|p1a: Toxapex|19\/100\n|-unboost|p2a: Rayquaza|def|1\n|-unboost|p2a: Rayquaza|spd|1\n|move|p1a: Toxapex|Recover|p1a: Toxapex\n|-heal|p1a: Toxapex|69\/100\n|\n|-heal|p2a: Rayquaza|70\/100 tox|[from] item: Leftovers\n|-damage|p2a: Rayquaza|45\/100 tox|[from] psn\n|upkeep\n|turn|38\n|\n|t:|1699846664\n|move|p2a: Rayquaza|Fire Blast|p1a: Toxapex|[miss]\n|-miss|p2a: Rayquaza|p1a: Toxapex\n|move|p1a: Toxapex|Recover|p1a: Toxapex\n|-heal|p1a: Toxapex|100\/100\n|\n|-heal|p2a: Rayquaza|51\/100 tox|[from] item: Leftovers\n|-damage|p2a: Rayquaza|21\/100 tox|[from] psn\n|upkeep\n|turn|39\n|\n|t:|1699846677\n|move|p2a: Rayquaza|Dragon Ascent|p1a: Toxapex\n|-damage|p1a: Toxapex|63\/100\n|-unboost|p2a: Rayquaza|def|1\n|-unboost|p2a: Rayquaza|spd|1\n|move|p1a: Toxapex|Toxic|p2a: Rayquaza\n|-fail|p2a: Rayquaza|tox\n|\n|-heal|p2a: Rayquaza|27\/100 tox|[from] item: Leftovers\n|-damage|p2a: Rayquaza|0 fnt|[from] psn\n|faint|p2a: Rayquaza\n|upkeep\n|\n|t:|1699846687\n|switch|p2a: Palkia|Palkia|100\/100\n|-status|p2a: Palkia|tox\n|-damage|p2a: Palkia|88\/100 tox|[from] Stealth Rock\n|-ability|p2a: Palkia|Pressure\n|turn|40\n|\n|t:|1699846693\n|move|p2a: Palkia|Earthquake|p1a: Toxapex\n|-supereffective|p1a: Toxapex\n|-damage|p1a: Toxapex|27\/100\n|move|p1a: Toxapex|Recover|p1a: Toxapex\n|-heal|p1a: Toxapex|77\/100\n|\n|-damage|p2a: Palkia|82\/100 tox|[from] psn\n|upkeep\n|turn|41\n|\n|t:|1699846711\n|switch|p1a: Dondozo|Dondozo, F|100\/100\n|move|p2a: Palkia|Spacial Rend|p1a: Dondozo\n|-damage|p1a: Dondozo|44\/100\n|\n|-heal|p1a: Dondozo|50\/100|[from] item: Leftovers\n|-damage|p2a: Palkia|70\/100 tox|[from] psn\n|upkeep\n|turn|42\n|\n|t:|1699846722\n|move|p2a: Palkia|Spacial Rend|p1a: Dondozo|[miss]\n|-miss|p2a: Palkia|p1a: Dondozo\n|move|p1a: Dondozo|Rest|p1a: Dondozo\n|-status|p1a: Dondozo|slp|[from] move: Rest\n|-heal|p1a: Dondozo|100\/100 slp|[silent]\n|\n|-damage|p2a: Palkia|51\/100 tox|[from] psn\n|upkeep\n|turn|43\n|\n|t:|1699846733\n|switch|p1a: Blissey|Blissey, F|56\/100\n|move|p2a: Palkia|Spacial Rend|p1a: Blissey\n|-damage|p1a: Blissey|36\/100\n|\n|-damage|p2a: Palkia|27\/100 tox|[from] psn\n|upkeep\n|turn|44\n|\n|t:|1699846740\n|move|p2a: Palkia|Spacial Rend|p1a: Blissey\n|-damage|p1a: Blissey|18\/100\n|move|p1a: Blissey|Soft-Boiled|p1a: Blissey\n|-heal|p1a: Blissey|68\/100\n|\n|-damage|p2a: Palkia|0 fnt|[from] psn\n|faint|p2a: Palkia\n|\n|win|Llenka\n|upkeep\n|raw|Llenka's rating: 1051 &rarr; <strong>1086<\/strong><br \/>(+35 for winning)\n|raw|Bisco14's rating: 1078 &rarr; <strong>1055<\/strong><br \/>(-23 for losing)\n|l|\u2606Bisco14\n","uploadtime":1699846773,"views":10,"p1id":"llenka","p2id":"bisco14","formatid":"gen9anythinggoes","rating":1055,"private":0,"password":""}