{"id":"gen9anythinggoes-1999161642","p1":"GildedSapphire","p2":"therookieguy","format":"[Gen 9] Anything Goes","log":"|j|\u2606GildedSapphire\n|j|\u2606therookieguy\n|t:|1701039960\n|gametype|singles\n|player|p1|GildedSapphire|wallace|1183\n|player|p2|therookieguy|cynthia-gen4|1068\n|teamsize|p1|6\n|teamsize|p2|6\n|gen|9\n|tier|[Gen 9] Anything Goes\n|rated|\n|rule|HP Percentage Mod: HP is shown in percentages\n|rule|Endless Battle Clause: Forcing endless battles is banned\n|clearpoke\n|poke|p1|Houndstone, F|\n|poke|p1|Tyranitar, F|\n|poke|p1|Flutter Mane|\n|poke|p1|Glimmora, F|\n|poke|p1|Zoroark-Hisui, M|\n|poke|p1|Drifblim, F|\n|poke|p2|Chien-Pao|\n|poke|p2|Zacian-*|\n|poke|p2|Iron Valiant|\n|poke|p2|Sinistcha|\n|poke|p2|Oricorio-Sensu, F|\n|poke|p2|Palafin, F|\n|teampreview\n|inactive|Battle timer is ON: inactive players will automatically lose when time's up. (requested by GildedSapphire)\n|\n|t:|1701039978\n|start\n|switch|p1a: Glimmora|Glimmora, F|100\/100\n|switch|p2a: Oricorio|Oricorio-Sensu, F, shiny|100\/100\n|turn|1\n|\n|t:|1701039986\n|move|p2a: Oricorio|Substitute|p2a: Oricorio\n|-start|p2a: Oricorio|Substitute\n|-damage|p2a: Oricorio|76\/100\n|move|p1a: Glimmora|Spikes|p2a: Oricorio\n|-sidestart|p2: therookieguy|Spikes\n|\n|-heal|p2a: Oricorio|82\/100|[from] item: Leftovers\n|upkeep\n|turn|2\n|\n|t:|1701039992\n|move|p2a: Oricorio|Quiver Dance|p2a: Oricorio\n|-boost|p2a: Oricorio|spa|1\n|-boost|p2a: Oricorio|spd|1\n|-boost|p2a: Oricorio|spe|1\n|move|p1a: Glimmora|Spikes|p2a: Oricorio\n|-sidestart|p2: therookieguy|Spikes\n|\n|-heal|p2a: Oricorio|88\/100|[from] item: Leftovers\n|upkeep\n|turn|3\n|\n|t:|1701040000\n|move|p2a: Oricorio|Quiver Dance|p2a: Oricorio\n|-boost|p2a: Oricorio|spa|1\n|-boost|p2a: Oricorio|spd|1\n|-boost|p2a: Oricorio|spe|1\n|move|p1a: Glimmora|Memento||[still]\n|-fail|p1a: Glimmora\n|\n|-heal|p2a: Oricorio|94\/100|[from] item: Leftovers\n|upkeep\n|turn|4\n|\n|t:|1701040008\n|move|p2a: Oricorio|Quiver Dance|p2a: Oricorio\n|-boost|p2a: Oricorio|spa|1\n|-boost|p2a: Oricorio|spd|1\n|-boost|p2a: Oricorio|spe|1\n|move|p1a: Glimmora|Sludge Wave|p2a: Oricorio\n|-resisted|p2a: Oricorio\n|-activate|p2a: Oricorio|move: Substitute|[damage]\n|\n|-heal|p2a: Oricorio|100\/100|[from] item: Leftovers\n|upkeep\n|turn|5\n|\n|t:|1701040016\n|switch|p1a: Flutter Mane|Flutter Mane|100\/100\n|-enditem|p1a: Flutter Mane|Booster Energy\n|-activate|p1a: Flutter Mane|ability: Protosynthesis|[fromitem]\n|-start|p1a: Flutter Mane|protosynthesisspe\n|move|p2a: Oricorio|Quiver Dance|p2a: Oricorio\n|-boost|p2a: Oricorio|spa|1\n|-boost|p2a: Oricorio|spd|1\n|-boost|p2a: Oricorio|spe|1\n|\n|upkeep\n|turn|6\n|\n|t:|1701040028\n|move|p2a: Oricorio|Quiver Dance|p2a: Oricorio\n|-boost|p2a: Oricorio|spa|1\n|-boost|p2a: Oricorio|spd|1\n|-boost|p2a: Oricorio|spe|1\n|move|p1a: Flutter Mane|Shadow Ball|p2a: Oricorio\n|-supereffective|p2a: Oricorio\n|-end|p2a: Oricorio|Substitute\n|\n|upkeep\n|turn|7\n|\n|t:|1701040043\n|move|p2a: Oricorio|Baton Pass|p2a: Oricorio\n|\n|t:|1701040047\n|switch|p2a: Chien-Pao|Chien-Pao|100\/100|[from] Baton Pass\n|-damage|p2a: Chien-Pao|84\/100|[from] Spikes\n|-ability|p2a: Chien-Pao|Sword of Ruin\n|move|p1a: Flutter Mane|Shadow Ball|p2a: Chien-Pao\n|-resisted|p2a: Chien-Pao\n|-damage|p2a: Chien-Pao|73\/100\n|\n|upkeep\n|turn|8\n|\n|t:|1701040060\n|-terastallize|p1a: Flutter Mane|Fairy\n|move|p2a: Chien-Pao|Sacred Sword|p1a: Flutter Mane\n|-resisted|p1a: Flutter Mane\n|-damage|p1a: Flutter Mane|55\/100\n|move|p1a: Flutter Mane|Moonblast|p2a: Chien-Pao\n|-supereffective|p2a: Chien-Pao\n|-damage|p2a: Chien-Pao|11\/100\n|-unboost|p2a: Chien-Pao|spa|1\n|\n|upkeep\n|turn|9\n|\n|t:|1701040072\n|move|p2a: Chien-Pao|Icicle Crash|p1a: Flutter Mane\n|-damage|p1a: Flutter Mane|0 fnt\n|faint|p1a: Flutter Mane\n|-end|p1a: Flutter Mane|Protosynthesis|[silent]\n|\n|upkeep\n|\n|t:|1701040077\n|switch|p1a: Tyranitar|Tyranitar, F|100\/100\n|turn|10\n|\n|t:|1701040087\n|move|p2a: Chien-Pao|Icicle Crash|p1a: Tyranitar\n|-damage|p1a: Tyranitar|0 fnt\n|replace|p1a: Zoroark|Zoroark-Hisui, M\n|-end|p1a: Zoroark|Illusion\n|faint|p1a: Zoroark\n|\n|upkeep\n|\n|t:|1701040093\n|switch|p1a: Glimmora|Glimmora, F|100\/100\n|turn|11\n|\n|t:|1701040100\n|move|p2a: Chien-Pao|Sacred Sword|p1a: Glimmora\n|-damage|p1a: Glimmora|49\/100\n|-activate|p1a: Glimmora|ability: Toxic Debris\n|-sidestart|p2: therookieguy|move: Toxic Spikes\n|move|p1a: Glimmora|Earth Power|p2a: Chien-Pao\n|-damage|p2a: Chien-Pao|0 fnt\n|faint|p2a: Chien-Pao\n|\n|-heal|p1a: Glimmora|55\/100|[from] item: Leftovers\n|upkeep\n|\n|t:|1701040112\n|switch|p2a: Iron Valiant|Iron Valiant, shiny|100\/100\n|-damage|p2a: Iron Valiant|84\/100|[from] Spikes\n|-status|p2a: Iron Valiant|psn\n|turn|12\n|\n|t:|1701040120\n|move|p2a: Iron Valiant|Drain Punch|p1a: Glimmora\n|-damage|p1a: Glimmora|11\/100\n|-heal|p2a: Iron Valiant|100\/100 psn|[from] drain|[of] p1a: Glimmora\n|-activate|p1a: Glimmora|ability: Toxic Debris\n|-sidestart|p2: therookieguy|move: Toxic Spikes\n|move|p1a: Glimmora|Earth Power|p2a: Iron Valiant\n|-damage|p2a: Iron Valiant|35\/100 psn\n|\n|-heal|p2a: Iron Valiant|41\/100 psn|[from] item: Leftovers\n|-heal|p1a: Glimmora|17\/100|[from] item: Leftovers\n|-damage|p2a: Iron Valiant|29\/100 psn|[from] psn\n|upkeep\n|turn|13\n|\n|t:|1701040133\n|move|p2a: Iron Valiant|Drain Punch|p1a: Glimmora\n|-damage|p1a: Glimmora|0 fnt\n|-heal|p2a: Iron Valiant|38\/100 psn|[from] drain|[of] p1a: Glimmora\n|faint|p1a: Glimmora\n|\n|-heal|p2a: Iron Valiant|44\/100 psn|[from] item: Leftovers\n|-damage|p2a: Iron Valiant|32\/100 psn|[from] psn\n|upkeep\n|\n|t:|1701040144\n|switch|p1a: Drifblim|Drifblim, F|100\/100\n|turn|14\n|\n|t:|1701040149\n|move|p2a: Iron Valiant|Shadow Ball|p1a: Drifblim\n|-supereffective|p1a: Drifblim\n|-damage|p1a: Drifblim|70\/100\n|move|p1a: Drifblim|Minimize|p1a: Drifblim\n|-boost|p1a: Drifblim|evasion|2\n|\n|-heal|p2a: Iron Valiant|38\/100 psn|[from] item: Leftovers\n|-damage|p2a: Iron Valiant|25\/100 psn|[from] psn\n|upkeep\n|turn|15\n|\n|t:|1701040158\n|move|p2a: Iron Valiant|Shadow Ball|p1a: Drifblim|[miss]\n|-miss|p2a: Iron Valiant|p1a: Drifblim\n|move|p1a: Drifblim|Minimize|p1a: Drifblim\n|-boost|p1a: Drifblim|evasion|2\n|\n|-heal|p2a: Iron Valiant|32\/100 psn|[from] item: Leftovers\n|-damage|p2a: Iron Valiant|19\/100 psn|[from] psn\n|upkeep\n|turn|16\n|\n|t:|1701040168\n|move|p2a: Iron Valiant|Shadow Ball|p1a: Drifblim|[miss]\n|-miss|p2a: Iron Valiant|p1a: Drifblim\n|move|p1a: Drifblim|Minimize|p1a: Drifblim\n|-boost|p1a: Drifblim|evasion|2\n|\n|-heal|p2a: Iron Valiant|25\/100 psn|[from] item: Leftovers\n|-damage|p2a: Iron Valiant|13\/100 psn|[from] psn\n|upkeep\n|turn|17\n|\n|t:|1701040180\n|move|p2a: Iron Valiant|Shadow Ball|p1a: Drifblim\n|-supereffective|p1a: Drifblim\n|-damage|p1a: Drifblim|40\/100\n|move|p1a: Drifblim|Clear Smog|p2a: Iron Valiant\n|-supereffective|p2a: Iron Valiant\n|-damage|p2a: Iron Valiant|0 fnt\n|-clearboost|p2a: Iron Valiant\n|faint|p2a: Iron Valiant\n|-end|p2a: Iron Valiant|Quark Drive|[silent]\n|\n|upkeep\n|\n|t:|1701040191\n|switch|p2a: Zacian|Zacian-Crowned, shiny|100\/100\n|-damage|p2a: Zacian|84\/100|[from] Spikes\n|-ability|p2a: Zacian|Intrepid Sword|boost\n|-boost|p2a: Zacian|atk|1\n|turn|18\n|\n|t:|1701040198\n|move|p2a: Zacian|Behemoth Blade|p1a: Drifblim|[miss]\n|-miss|p2a: Zacian|p1a: Drifblim\n|move|p1a: Drifblim|Clear Smog|p2a: Zacian\n|-immune|p2a: Zacian\n|\n|upkeep\n|turn|19\n|\n|t:|1701040205\n|move|p2a: Zacian|Behemoth Blade|p1a: Drifblim|[miss]\n|-miss|p2a: Zacian|p1a: Drifblim\n|move|p1a: Drifblim|Baton Pass|p1a: Drifblim\n|\n|t:|1701040209\n|switch|p1a: Tyranitar|Tyranitar, F|100\/100|[from] Baton Pass\n|-weather|Sandstorm|[from] ability: Sand Stream|[of] p1a: Tyranitar\n|\n|-weather|Sandstorm|[upkeep]\n|upkeep\n|turn|20\n|\n|t:|1701040216\n|move|p2a: Zacian|Behemoth Blade|p1a: Tyranitar|[miss]\n|-miss|p2a: Zacian|p1a: Tyranitar\n|move|p1a: Tyranitar|Brick Break|p2a: Zacian\n|-damage|p2a: Zacian|55\/100\n|\n|-weather|Sandstorm|[upkeep]\n|upkeep\n|turn|21\n|\n|t:|1701040226\n|move|p2a: Zacian|Close Combat|p1a: Tyranitar\n|-supereffective|p1a: Tyranitar\n|-damage|p1a: Tyranitar|0 fnt\n|-unboost|p2a: Zacian|def|1\n|-unboost|p2a: Zacian|spd|1\n|faint|p1a: Tyranitar\n|\n|-weather|Sandstorm|[upkeep]\n|upkeep\n|\n|t:|1701040232\n|switch|p1a: Houndstone|Houndstone, F|100\/100\n|turn|22\n|\n|t:|1701040235\n|move|p1a: Houndstone|Last Respects|p2a: Zacian\n|-damage|p2a: Zacian|0 fnt\n|faint|p2a: Zacian\n|\n|-weather|Sandstorm|[upkeep]\n|upkeep\n|\n|t:|1701040249\n|switch|p2a: Palafin|Palafin, F, shiny|100\/100\n|-damage|p2a: Palafin|84\/100|[from] Spikes\n|-status|p2a: Palafin|tox\n|turn|23\n|\n|t:|1701040256\n|-singleturn|p2a: Palafin|move: Focus Punch\n|move|p1a: Houndstone|Last Respects|p2a: Palafin\n|-damage|p2a: Palafin|0 fnt\n|faint|p2a: Palafin\n|\n|-weather|Sandstorm|[upkeep]\n|upkeep\n|\n|t:|1701040263\n|switch|p2a: Sinistcha|Sinistcha, shiny|100\/100\n|-damage|p2a: Sinistcha|84\/100|[from] Spikes\n|-status|p2a: Sinistcha|tox\n|turn|24\n|\n|t:|1701040269\n|move|p2a: Sinistcha|Protect|p2a: Sinistcha\n|-singleturn|p2a: Sinistcha|Protect\n|move|p1a: Houndstone|Last Respects|p2a: Sinistcha\n|-activate|p2a: Sinistcha|move: Protect\n|\n|-weather|Sandstorm|[upkeep]\n|-damage|p2a: Sinistcha|78\/100 tox|[from] Sandstorm\n|-damage|p2a: Sinistcha|72\/100 tox|[from] psn\n|upkeep\n|turn|25\n|\n|t:|1701040278\n|move|p1a: Houndstone|Last Respects|p2a: Sinistcha\n|-supereffective|p2a: Sinistcha\n|-damage|p2a: Sinistcha|0 fnt\n|faint|p2a: Sinistcha\n|\n|-weather|Sandstorm|[upkeep]\n|upkeep\n|\n|t:|1701040283\n|switch|p2a: Oricorio|Oricorio-Sensu, F, shiny|100\/100\n|turn|26\n|\n|t:|1701040287\n|move|p1a: Houndstone|Last Respects|p2a: Oricorio\n|-supereffective|p2a: Oricorio\n|-damage|p2a: Oricorio|0 fnt\n|faint|p2a: Oricorio\n|\n|win|GildedSapphire\n|raw|GildedSapphire's rating: 1183 &rarr; <strong>1200<\/strong><br \/>(+17 for winning)\n|raw|therookieguy's rating: 1068 &rarr; <strong>1054<\/strong><br \/>(-14 for losing)\n|c|\u2606GildedSapphire|gg\n|c|\u2606therookieguy|gg\n|l|\u2606therookieguy\n","uploadtime":1701040298,"views":0,"p1id":"gildedsapphire","p2id":"therookieguy","formatid":"gen9anythinggoes","rating":1054,"private":0,"password":""}