{"id":"gen9anythinggoes-1977032112","p1":"flamingbomber","p2":"adpg.alt","format":"[Gen 9] Anything Goes","log":"|j|\u203dflamingbomber\n|j|\u2606adpg.alt\n|inactive|Battle timer is ON: inactive players will automatically lose when time's up.\n|t:|1698363875\n|gametype|singles\n|player|p1|flamingbomber|red-masters2|\n|player|p2|adpg.alt|hilbert-wonderlauncher|\n|teamsize|p1|6\n|teamsize|p2|6\n|gen|9\n|tier|[Gen 9] Anything Goes\n|rated|Tournament battle\n|rule|HP Percentage Mod: HP is shown in percentages\n|rule|Endless Battle Clause: Forcing endless battles is banned\n|rule|Re-Evolution Mod: Pok\u00e9mon gain the boosts they would gain from evolving again\n|rule|Sleep Moves Clause: Sleep-inducing moves are banned\n|rule|Species Clause: Limit one of each Pok\u00e9mon\n|rule|OHKO Clause: OHKO moves are banned\n|rule|Evasion Moves Clause: Evasion moves are banned\n|rule|Terastal Clause: You cannot Terastallize\n|clearpoke\n|poke|p1|Kleavor, F|\n|poke|p1|Corviknight, M|\n|poke|p1|Urshifu-*, F|\n|poke|p1|Zamazenta-*|\n|poke|p1|Noivern, F|\n|poke|p1|Toxapex, M|\n|poke|p2|Glimmora, M|\n|poke|p2|Urshifu-*, M|\n|poke|p2|Maushold|\n|poke|p2|Dragapult, M|\n|poke|p2|Kingambit, M|\n|poke|p2|Volcarona, M|\n|teampreview\n|inactive|flamingbomber also wants the timer to be on.\n|inactive|flamingbomber has 120 seconds left.\n|\n|t:|1698363913\n|start\n|switch|p1a: Kleavor|Kleavor, F|100\/100\n|switch|p2a: Glimmora|Glimmora, M|100\/100\n|turn|1\n|\n|t:|1698363918\n|switch|p1a: Toxapex|Toxapex, M|100\/100\n|move|p2a: Glimmora|Stealth Rock|p1a: Toxapex\n|-sidestart|p1: flamingbomber|move: Stealth Rock\n|\n|upkeep\n|turn|2\n|\n|t:|1698363923\n|move|p2a: Glimmora|Earth Power|p1a: Toxapex\n|-supereffective|p1a: Toxapex\n|-damage|p1a: Toxapex|66\/100\n|move|p1a: Toxapex|Liquidation|p2a: Glimmora\n|-supereffective|p2a: Glimmora\n|-damage|p2a: Glimmora|67\/100\n|-unboost|p2a: Glimmora|def|1\n|-activate|p2a: Glimmora|ability: Toxic Debris\n|-sidestart|p1: flamingbomber|move: Toxic Spikes\n|\n|upkeep\n|turn|3\n|\n|t:|1698363936\n|move|p2a: Glimmora|Earth Power|p1a: Toxapex\n|-supereffective|p1a: Toxapex\n|-damage|p1a: Toxapex|31\/100\n|move|p1a: Toxapex|Liquidation|p2a: Glimmora\n|-supereffective|p2a: Glimmora\n|-damage|p2a: Glimmora|23\/100\n|-activate|p2a: Glimmora|ability: Toxic Debris\n|-sidestart|p1: flamingbomber|move: Toxic Spikes\n|\n|upkeep\n|turn|4\n|\n|t:|1698363946\n|move|p1a: Toxapex|Baneful Bunker|p1a: Toxapex\n|-singleturn|p1a: Toxapex|move: Protect\n|move|p2a: Glimmora|Power Gem|p1a: Toxapex\n|-activate|p1a: Toxapex|move: Protect\n|\n|upkeep\n|turn|5\n|\n|t:|1698363963\n|move|p2a: Glimmora|Earth Power|p1a: Toxapex\n|-supereffective|p1a: Toxapex\n|-damage|p1a: Toxapex|0 fnt\n|faint|p1a: Toxapex\n|\n|upkeep\n|\n|t:|1698363967\n|switch|p1a: Corviknight|Corviknight, M|100\/100\n|-damage|p1a: Corviknight|88\/100|[from] Stealth Rock\n|-ability|p1a: Corviknight|Pressure\n|turn|6\n|\n|t:|1698363973\n|move|p2a: Glimmora|Power Gem|p1a: Corviknight\n|-damage|p1a: Corviknight|59\/100\n|move|p1a: Corviknight|Defog|p2a: Glimmora\n|-unboost|p2a: Glimmora|evasion|1\n|-sideend|p1: flamingbomber|Toxic Spikes|[from] move: Defog|[of] p1a: Corviknight\n|-sideend|p1: flamingbomber|Stealth Rock|[from] move: Defog|[of] p1a: Corviknight\n|\n|-heal|p1a: Corviknight|65\/100|[from] item: Leftovers\n|upkeep\n|turn|7\n|\n|t:|1698363986\n|move|p2a: Glimmora|Stealth Rock|p1a: Corviknight\n|-sidestart|p1: flamingbomber|move: Stealth Rock\n|move|p1a: Corviknight|Body Press|p2a: Glimmora\n|-damage|p2a: Glimmora|0 fnt\n|-activate|p2a: Glimmora|ability: Toxic Debris\n|-sidestart|p1: flamingbomber|move: Toxic Spikes\n|faint|p2a: Glimmora\n|\n|-heal|p1a: Corviknight|72\/100|[from] item: Leftovers\n|upkeep\n|\n|t:|1698363996\n|switch|p2a: Urshifu|Urshifu-Rapid-Strike, M|100\/100\n|turn|8\n|\n|t:|1698364014\n|move|p2a: Urshifu|Surging Strikes|p1a: Corviknight\n|-crit|p1a: Corviknight\n|-damage|p1a: Corviknight|57\/100\n|-crit|p1a: Corviknight\n|-damage|p1a: Corviknight|43\/100\n|-crit|p1a: Corviknight\n|-damage|p1a: Corviknight|28\/100\n|-hitcount|p1a: Corviknight|3\n|move|p1a: Corviknight|Brave Bird|p2a: Urshifu\n|-supereffective|p2a: Urshifu\n|-damage|p2a: Urshifu|45\/100\n|-damage|p1a: Corviknight|11\/100|[from] Recoil\n|\n|-heal|p1a: Corviknight|17\/100|[from] item: Leftovers\n|upkeep\n|turn|9\n|\n|t:|1698364028\n|move|p2a: Urshifu|Surging Strikes|p1a: Corviknight\n|-crit|p1a: Corviknight\n|-damage|p1a: Corviknight|1\/100\n|-crit|p1a: Corviknight\n|-damage|p1a: Corviknight|0 fnt\n|faint|p1a: Corviknight\n|-hitcount|p1: Corviknight|2\n|\n|upkeep\n|\n|t:|1698364042\n|switch|p1a: Noivern|Noivern, F|100\/100\n|-damage|p1a: Noivern|76\/100|[from] Stealth Rock\n|turn|10\n|\n|t:|1698364049\n|move|p1a: Noivern|Boomburst|p2a: Urshifu\n|-damage|p2a: Urshifu|0 fnt\n|faint|p2a: Urshifu\n|\n|upkeep\n|\n|t:|1698364055\n|switch|p2a: Dragapult|Dragapult, M|100\/100\n|turn|11\n|\n|t:|1698364064\n|switch|p1a: Zamazenta|Zamazenta|100\/100\n|-damage|p1a: Zamazenta|94\/100|[from] Stealth Rock\n|-status|p1a: Zamazenta|psn\n|-ability|p1a: Zamazenta|Dauntless Shield|boost\n|-boost|p1a: Zamazenta|def|1\n|move|p2a: Dragapult|Shadow Ball|p1a: Zamazenta\n|-damage|p1a: Zamazenta|43\/100 psn\n|\n|-heal|p1a: Zamazenta|49\/100 psn|[from] item: Leftovers\n|-damage|p1a: Zamazenta|37\/100 psn|[from] psn\n|upkeep\n|turn|12\n|\n|t:|1698364079\n|move|p2a: Dragapult|Shadow Ball|p1a: Zamazenta\n|-damage|p1a: Zamazenta|0 fnt\n|faint|p1a: Zamazenta\n|\n|upkeep\n|\n|t:|1698364082\n|switch|p1a: Noivern|Noivern, F|76\/100\n|-damage|p1a: Noivern|51\/100|[from] Stealth Rock\n|turn|13\n|\n|t:|1698364088\n|switch|p2a: Kingambit|Kingambit, M|100\/100\n|-activate|p2a: Kingambit|ability: Supreme Overlord\n|-start|p2a: Kingambit|fallen2|[silent]\n|move|p1a: Noivern|Draco Meteor|p2a: Kingambit\n|-resisted|p2a: Kingambit\n|-damage|p2a: Kingambit|64\/100\n|-unboost|p1a: Noivern|spa|2\n|\n|upkeep\n|turn|14\n|\n|t:|1698364104\n|switch|p1a: Urshifu|Urshifu-Rapid-Strike, F|100\/100\n|-damage|p1a: Urshifu|94\/100|[from] Stealth Rock\n|-status|p1a: Urshifu|psn\n|-end|p2a: Kingambit|fallen2|[silent]\n|switch|p2a: Dragapult|Dragapult, M|100\/100\n|\n|-damage|p1a: Urshifu|82\/100 psn|[from] psn\n|upkeep\n|turn|15\n|inactive|flamingbomber has 120 seconds left.\n|\n|t:|1698364140\n|move|p2a: Dragapult|Draco Meteor|p1a: Urshifu\n|-damage|p1a: Urshifu|0 fnt\n|-unboost|p2a: Dragapult|spa|2\n|faint|p1a: Urshifu\n|\n|upkeep\n|-message|flamingbomber forfeited.\n|\n|win|adpg.alt\n|n|\u203dflamingbomber|flamingbomber\n|n|\u2606adpg.alt|adpgalt\n|l|\u203dflamingbomber\n","uploadtime":1698365324,"views":6,"p1id":"flamingbomber","p2id":"adpgalt","formatid":"gen9anythinggoes","rating":0,"private":0,"password":""}