{"id":"gen9anythinggoes-1990721687","p1":"Dogsncatswoofmeout","p2":"umberon better","format":"[Gen 9] Anything Goes","log":"|j|\u2606Dogsncatswoofmeout\n|j|\u2606umberon better\n|t:|1699994763\n|gametype|singles\n|player|p1|Dogsncatswoofmeout|1|1248\n|player|p2|umberon better|dawn|1314\n|teamsize|p1|6\n|teamsize|p2|6\n|gen|9\n|tier|[Gen 9] Anything Goes\n|rated|\n|rule|HP Percentage Mod: HP is shown in percentages\n|rule|Endless Battle Clause: Forcing endless battles is banned\n|clearpoke\n|poke|p1|Grafaiai, M|\n|poke|p1|Walking Wake|\n|poke|p1|Zacian-*|\n|poke|p1|Ting-Lu|\n|poke|p1|Calyrex-Shadow|\n|poke|p1|Gholdengo|\n|poke|p2|Zacian-*|\n|poke|p2|Ting-Lu|\n|poke|p2|Urshifu-*, M|\n|poke|p2|Great Tusk|\n|poke|p2|Flutter Mane|\n|poke|p2|Baxcalibur, F|\n|teampreview\n|inactive|Battle timer is ON: inactive players will automatically lose when time's up. (requested by Dogsncatswoofmeout)\n|\n|t:|1699994786\n|start\n|switch|p1a: Grafaiai|Grafaiai, M|100\/100\n|switch|p2a: Ting-Lu|Ting-Lu|100\/100\n|-ability|p2a: Ting-Lu|Vessel of Ruin\n|turn|1\n|\n|t:|1699994804\n|switch|p1a: Ting-Lu|Ting-Lu|100\/100\n|-ability|p1a: Ting-Lu|Vessel of Ruin\n|move|p2a: Ting-Lu|Fissure|p1a: Ting-Lu\n|-damage|p1a: Ting-Lu|0 fnt\n|faint|p1a: Ting-Lu\n|-ohko\n|\n|upkeep\n|\n|t:|1699994809\n|switch|p1a: Walking Wake|Walking Wake|100\/100\n|turn|2\n|\n|t:|1699994817\n|move|p1a: Walking Wake|Hydro Steam|p2a: Ting-Lu\n|-supereffective|p2a: Ting-Lu\n|-damage|p2a: Ting-Lu|76\/100\n|move|p2a: Ting-Lu|Fissure|p1a: Walking Wake\n|-damage|p1a: Walking Wake|0 fnt\n|faint|p1a: Walking Wake\n|-end|p1a: Walking Wake|Protosynthesis|[silent]\n|-ohko\n|\n|upkeep\n|\n|t:|1699994831\n|switch|p1a: Zacian|Zacian-Crowned|100\/100\n|-ability|p1a: Zacian|Intrepid Sword|boost\n|-boost|p1a: Zacian|atk|1\n|turn|3\n|c|\u2606umberon better|GET DUMBFUCKED\n|c|\u2606umberon better|BLACK MONKEY\n|\n|t:|1699994850\n|move|p1a: Zacian|Close Combat|p2a: Ting-Lu\n|-supereffective|p2a: Ting-Lu\n|-damage|p2a: Ting-Lu|4\/100\n|-unboost|p1a: Zacian|def|1\n|-unboost|p1a: Zacian|spd|1\n|move|p2a: Ting-Lu|Fissure|p1a: Zacian|[miss]\n|-miss|p2a: Ting-Lu|p1a: Zacian\n|\n|upkeep\n|turn|4\n|\n|t:|1699994859\n|move|p1a: Zacian|Behemoth Blade|p2a: Ting-Lu\n|-damage|p2a: Ting-Lu|0 fnt\n|faint|p2a: Ting-Lu\n|\n|upkeep\n|\n|t:|1699994870\n|switch|p2a: Zacian|Zacian-Crowned|100\/100\n|-ability|p2a: Zacian|Intrepid Sword|boost\n|-boost|p2a: Zacian|atk|1\n|turn|5\n|\n|t:|1699994878\n|move|p2a: Zacian|Swords Dance|p2a: Zacian\n|-boost|p2a: Zacian|atk|2\n|move|p1a: Zacian|Behemoth Blade|p2a: Zacian\n|-damage|p2a: Zacian|23\/100\n|\n|upkeep\n|turn|6\n|\n|t:|1699994885\n|move|p1a: Zacian|Behemoth Blade|p2a: Zacian\n|-damage|p2a: Zacian|0 fnt\n|faint|p2a: Zacian\n|\n|upkeep\n|\n|t:|1699994892\n|switch|p2a: Flutter Mane|Flutter Mane|100\/100\n|-enditem|p2a: Flutter Mane|Booster Energy\n|-activate|p2a: Flutter Mane|ability: Protosynthesis|[fromitem]\n|-start|p2a: Flutter Mane|protosynthesisspe\n|turn|7\n|\n|t:|1699994906\n|-terastallize|p2a: Flutter Mane|Ghost\n|move|p2a: Flutter Mane|Shadow Ball|p1a: Zacian\n|-damage|p1a: Zacian|17\/100\n|move|p1a: Zacian|Behemoth Blade|p2a: Flutter Mane\n|-damage|p2a: Flutter Mane|0 fnt\n|faint|p2a: Flutter Mane\n|-end|p2a: Flutter Mane|Protosynthesis|[silent]\n|\n|upkeep\n|\n|t:|1699994918\n|switch|p2a: Urshifu|Urshifu-Rapid-Strike, M|100\/100\n|turn|8\n|\n|t:|1699994921\n|move|p2a: Urshifu|Aqua Jet|p1a: Zacian\n|-damage|p1a: Zacian|0 fnt\n|faint|p1a: Zacian\n|-damage|p2a: Urshifu|91\/100|[from] item: Life Orb\n|\n|upkeep\n|\n|t:|1699994932\n|switch|p1a: Grafaiai|Grafaiai, M|100\/100\n|turn|9\n|\n|t:|1699994940\n|move|p1a: Grafaiai|Switcheroo|p2a: Urshifu\n|-activate|p1a: Grafaiai|move: Trick|[of] p2a: Urshifu\n|-item|p2a: Urshifu|Choice Scarf|[from] move: Switcheroo\n|-item|p1a: Grafaiai|Life Orb|[from] move: Switcheroo\n|move|p2a: Urshifu|Surging Strikes|p1a: Grafaiai\n|-crit|p1a: Grafaiai\n|-damage|p1a: Grafaiai|79\/100\n|-crit|p1a: Grafaiai\n|-damage|p1a: Grafaiai|58\/100\n|-crit|p1a: Grafaiai\n|-damage|p1a: Grafaiai|36\/100\n|-hitcount|p1a: Grafaiai|3\n|\n|upkeep\n|turn|10\n|\n|t:|1699994954\n|move|p1a: Grafaiai|Toxic|p2a: Urshifu\n|-status|p2a: Urshifu|tox\n|move|p2a: Urshifu|Surging Strikes|p1a: Grafaiai\n|-crit|p1a: Grafaiai\n|-damage|p1a: Grafaiai|13\/100\n|-crit|p1a: Grafaiai\n|-damage|p1a: Grafaiai|0 fnt\n|faint|p1a: Grafaiai\n|-hitcount|p1: Grafaiai|2\n|\n|-damage|p2a: Urshifu|84\/100 tox|[from] psn\n|upkeep\n|inactive|Dogsncatswoofmeout has 120 seconds left.\n|c|\u2606umberon better|SUCK NUTS\n|c|\u2606umberon better|BIGGER TIGGER\n|c|\u2606umberon better|YOU ZESTY NIGERIAN\n|c|\u2606umberon better|YEAH THATS RIGHT\n|c|\u2606umberon better|LEAVE\n|inactive|Dogsncatswoofmeout has 90 seconds left.\n|c|\u2606umberon better|IVE GOT YOUR PICKLE\n|\n|t:|1699995020\n|switch|p1a: Calyrex|Calyrex-Shadow|100\/100\n|-ability|p1a: Calyrex|As One\n|-ability|p1a: Calyrex|Unnerve\n|turn|11\n|\n|t:|1699995027\n|move|p2a: Urshifu|Surging Strikes|p1a: Calyrex\n|-crit|p1a: Calyrex\n|-damage|p1a: Calyrex|79\/100\n|-crit|p1a: Calyrex\n|-damage|p1a: Calyrex|57\/100\n|-crit|p1a: Calyrex\n|-damage|p1a: Calyrex|36\/100\n|-hitcount|p1a: Calyrex|3\n|move|p1a: Calyrex|Giga Drain|p2a: Urshifu\n|-supereffective|p2a: Urshifu\n|-damage|p2a: Urshifu|0 fnt\n|-heal|p1a: Calyrex|71\/100|[from] drain|[of] p2a: Urshifu\n|faint|p2a: Urshifu\n|-ability|p1a: Calyrex|Grim Neigh|boost\n|-boost|p1a: Calyrex|spa|1\n|\n|upkeep\n|\n|t:|1699995041\n|switch|p2a: Baxcalibur|Baxcalibur, F|100\/100\n|turn|12\n|\n|t:|1699995052\n|move|p1a: Calyrex|Astral Barrage|p2a: Baxcalibur\n|-damage|p2a: Baxcalibur|0 fnt\n|faint|p2a: Baxcalibur\n|-ability|p1a: Calyrex|Grim Neigh|boost\n|-boost|p1a: Calyrex|spa|1\n|\n|upkeep\n|l|\u2606umberon better\n|inactive|umberon better disconnected and has a minute to reconnect!\n|player|p2|\n|inactive|umberon better has 30 seconds to reconnect!\n|inactive|umberon better has 20 seconds to reconnect!\n|inactive|umberon better has 15 seconds to reconnect!\n|inactive|umberon better has 10 seconds to reconnect!\n|inactive|umberon better has 5 seconds to reconnect!\n|-message|umberon better lost due to inactivity.\n|\n|win|Dogsncatswoofmeout\n|raw|Dogsncatswoofmeout's rating: 1248 &rarr; <strong>1278<\/strong><br \/>(+30 for winning)\n|raw|umberon better's rating: 1314 &rarr; <strong>1290<\/strong><br \/>(-24 for losing)\n","uploadtime":1699994848,"views":4,"p1id":"dogsncatswoofmeout","p2id":"umberonbetter","formatid":"gen9anythinggoes","rating":1278,"private":0,"password":""}