{"id":"gen9anythinggoes-1987442681","p1":"Ramekbal","p2":"atomic_knight3","format":"[Gen 9] Anything Goes","log":"|j|\u2606Ramekbal\n|j|\u2606atomic_knight3\n|t:|1699592214\n|gametype|singles\n|player|p1|Ramekbal|raihan|\n|player|p2|atomic_knight3|101|\n|teamsize|p1|6\n|teamsize|p2|6\n|gen|9\n|tier|[Gen 9] Anything Goes\n|rule|HP Percentage Mod: HP is shown in percentages\n|rule|Endless Battle Clause: Forcing endless battles is banned\n|clearpoke\n|poke|p1|Greninja-*, F|\n|poke|p1|Floatzel, M|\n|poke|p1|Politoed, M|\n|poke|p1|Kilowattrel, M|\n|poke|p1|Gliscor, M|\n|poke|p1|Wo-Chien|\n|poke|p2|Kingambit, M|\n|poke|p2|Iron Valiant|\n|poke|p2|Glimmora, F|\n|poke|p2|Breloom, F|\n|poke|p2|Hydreigon, M|\n|poke|p2|Talonflame, F|\n|teampreview\n|\n|t:|1699592223\n|start\n|switch|p1a: Granny|Greninja, F|100\/100\n|switch|p2a: Glimmora|Glimmora, F|100\/100\n|turn|1\n|\n|t:|1699592230\n|move|p1a: Granny|Taunt|p2a: Glimmora\n|-start|p1a: Granny|typechange|Dark|[from] ability: Protean\n|-start|p2a: Glimmora|move: Taunt\n|cant|p2a: Glimmora|move: Taunt|Stealth Rock\n|\n|upkeep\n|turn|2\n|\n|t:|1699592238\n|switch|p1a: WEATHER WARS|Politoed, M|100\/100\n|-weather|RainDance|[from] ability: Drizzle|[of] p1a: WEATHER WARS\n|move|p2a: Glimmora|Energy Ball|p1a: WEATHER WARS\n|-supereffective|p1a: WEATHER WARS\n|-damage|p1a: WEATHER WARS|45\/100\n|\n|-weather|RainDance|[upkeep]\n|upkeep\n|turn|3\n|\n|t:|1699592258\n|switch|p1a: Scored!|Gliscor, M|100\/100\n|move|p2a: Glimmora|Energy Ball|p1a: Scored!\n|-damage|p1a: Scored!|62\/100\n|\n|-weather|RainDance|[upkeep]\n|-end|p2a: Glimmora|move: Taunt\n|-status|p1a: Scored!|tox|[from] item: Toxic Orb\n|upkeep\n|turn|4\n|\n|t:|1699592290\n|move|p2a: Glimmora|Stealth Rock|p1a: Scored!\n|-sidestart|p1: Ramekbal|move: Stealth Rock\n|move|p1a: Scored!|Earthquake|p2a: Glimmora\n|-supereffective|p2a: Glimmora\n|-enditem|p2a: Glimmora|Focus Sash\n|-damage|p2a: Glimmora|1\/100\n|-activate|p2a: Glimmora|ability: Toxic Debris\n|-sidestart|p1: Ramekbal|move: Toxic Spikes\n|\n|-weather|RainDance|[upkeep]\n|-heal|p1a: Scored!|74\/100 tox|[from] ability: Poison Heal\n|upkeep\n|turn|5\n|\n|t:|1699592298\n|move|p2a: Glimmora|Energy Ball|p1a: Scored!\n|-damage|p1a: Scored!|35\/100 tox\n|move|p1a: Scored!|Earthquake|p2a: Glimmora\n|-supereffective|p2a: Glimmora\n|-damage|p2a: Glimmora|0 fnt\n|-activate|p2a: Glimmora|ability: Toxic Debris\n|-sidestart|p1: Ramekbal|move: Toxic Spikes\n|faint|p2a: Glimmora\n|\n|-weather|RainDance|[upkeep]\n|-heal|p1a: Scored!|48\/100 tox|[from] ability: Poison Heal\n|upkeep\n|\n|t:|1699592306\n|switch|p2a: Hydreigon|Hydreigon, M|100\/100\n|turn|6\n|\n|t:|1699592323\n|switch|p1a: LIVE REACTION|Wo-Chien|100\/100\n|-damage|p1a: LIVE REACTION|88\/100|[from] Stealth Rock\n|-status|p1a: LIVE REACTION|tox\n|-ability|p1a: LIVE REACTION|Tablets of Ruin\n|move|p2a: Hydreigon|Dark Pulse|p1a: LIVE REACTION\n|-resisted|p1a: LIVE REACTION\n|-damage|p1a: LIVE REACTION|74\/100 tox\n|\n|-weather|RainDance|[upkeep]\n|-heal|p1a: LIVE REACTION|80\/100 tox|[from] item: Leftovers\n|-damage|p1a: LIVE REACTION|74\/100 tox|[from] psn\n|upkeep\n|turn|7\n|\n|t:|1699592345\n|switch|p2a: Talonflame|Talonflame, F|100\/100\n|move|p1a: LIVE REACTION|Body Press|p2a: Talonflame\n|-resisted|p2a: Talonflame\n|-damage|p2a: Talonflame|87\/100\n|\n|-weather|RainDance|[upkeep]\n|-heal|p1a: LIVE REACTION|80\/100 tox|[from] item: Leftovers\n|-damage|p1a: LIVE REACTION|68\/100 tox|[from] psn\n|upkeep\n|turn|8\n|\n|t:|1699592366\n|switch|p1a: Crasher Wake|Floatzel, M|100\/100\n|-damage|p1a: Crasher Wake|88\/100|[from] Stealth Rock\n|-status|p1a: Crasher Wake|tox\n|move|p2a: Talonflame|Brave Bird|p1a: Crasher Wake\n|-damage|p1a: Crasher Wake|26\/100 tox\n|-damage|p2a: Talonflame|69\/100|[from] Recoil\n|\n|-weather|RainDance|[upkeep]\n|-damage|p1a: Crasher Wake|20\/100 tox|[from] psn\n|upkeep\n|turn|9\n|\n|t:|1699592380\n|move|p1a: Crasher Wake|Flip Turn|p2a: Talonflame\n|-supereffective|p2a: Talonflame\n|-damage|p2a: Talonflame|0 fnt\n|faint|p2a: Talonflame\n|\n|t:|1699592391\n|switch|p1a: Scored!|Gliscor, M|48\/100 tox|[from] Flip Turn\n|-damage|p1a: Scored!|35\/100 tox|[from] Stealth Rock\n|\n|-weather|none\n|-heal|p1a: Scored!|48\/100 tox|[from] ability: Poison Heal\n|upkeep\n|\n|t:|1699592395\n|switch|p2a: Breloom|Breloom, F, shiny|100\/100\n|turn|10\n|\n|t:|1699592401\n|move|p1a: Scored!|Protect|p1a: Scored!\n|-singleturn|p1a: Scored!|Protect\n|move|p2a: Breloom|Mach Punch|p1a: Scored!\n|-activate|p1a: Scored!|move: Protect\n|\n|-heal|p1a: Scored!|60\/100 tox|[from] ability: Poison Heal\n|upkeep\n|turn|11\n|\n|t:|1699592418\n|move|p2a: Breloom|Bullet Seed|p1a: Scored!\n|-damage|p1a: Scored!|47\/100 tox\n|-damage|p1a: Scored!|35\/100 tox\n|-damage|p1a: Scored!|24\/100 tox\n|-damage|p1a: Scored!|12\/100 tox\n|-hitcount|p1a: Scored!|4\n|move|p1a: Scored!|Spikes|p2a: Breloom\n|-sidestart|p2: atomic_knight3|Spikes\n|\n|-heal|p1a: Scored!|24\/100 tox|[from] ability: Poison Heal\n|upkeep\n|turn|12\n|\n|t:|1699592429\n|move|p1a: Scored!|Protect|p1a: Scored!\n|-singleturn|p1a: Scored!|Protect\n|move|p2a: Breloom|Mach Punch|p1a: Scored!\n|-activate|p1a: Scored!|move: Protect\n|\n|-heal|p1a: Scored!|37\/100 tox|[from] ability: Poison Heal\n|upkeep\n|turn|13\n|\n|t:|1699592444\n|switch|p1a: Defogger|Kilowattrel, M|100\/100\n|move|p2a: Breloom|Mach Punch|p1a: Defogger\n|-resisted|p1a: Defogger\n|-damage|p1a: Defogger|71\/100\n|\n|upkeep\n|turn|14\n|\n|t:|1699592471\n|move|p1a: Defogger|Hurricane|p2a: Breloom\n|-supereffective|p2a: Breloom\n|-damage|p2a: Breloom|0 fnt\n|faint|p2a: Breloom\n|\n|upkeep\n|\n|t:|1699592474\n|switch|p2a: Hydreigon|Hydreigon, M|100\/100\n|turn|15\n|\n|t:|1699592489\n|move|p2a: Hydreigon|Fire Blast|p1a: Defogger\n|-damage|p1a: Defogger|3\/100\n|move|p1a: Defogger|U-turn|p2a: Hydreigon\n|-supereffective|p2a: Hydreigon\n|-damage|p2a: Hydreigon|73\/100\n|\n|t:|1699592511\n|switch|p1a: WEATHER WARS|Politoed, M|45\/100|[from] U-turn\n|-damage|p1a: WEATHER WARS|32\/100|[from] Stealth Rock\n|-status|p1a: WEATHER WARS|tox\n|-weather|RainDance|[from] ability: Drizzle|[of] p1a: WEATHER WARS\n|\n|-weather|RainDance|[upkeep]\n|-damage|p1a: WEATHER WARS|26\/100 tox|[from] psn\n|upkeep\n|turn|16\n|\n|t:|1699592547\n|move|p2a: Hydreigon|Fire Blast|p1a: WEATHER WARS|[miss]\n|-miss|p2a: Hydreigon|p1a: WEATHER WARS\n|move|p1a: WEATHER WARS|Focus Blast|p2a: Hydreigon\n|-supereffective|p2a: Hydreigon\n|-crit|p2a: Hydreigon\n|-damage|p2a: Hydreigon|0 fnt\n|faint|p2a: Hydreigon\n|\n|-weather|RainDance|[upkeep]\n|-damage|p1a: WEATHER WARS|14\/100 tox|[from] psn\n|upkeep\n|\n|t:|1699592554\n|switch|p2a: Iron Valiant|Iron Valiant|100\/100\n|-damage|p2a: Iron Valiant|88\/100|[from] Spikes\n|-enditem|p2a: Iron Valiant|Booster Energy\n|-activate|p2a: Iron Valiant|ability: Quark Drive|[fromitem]\n|-start|p2a: Iron Valiant|quarkdrivespe\n|turn|17\n|\n|t:|1699592572\n|move|p2a: Iron Valiant|Knock Off|p1a: WEATHER WARS\n|-damage|p1a: WEATHER WARS|0 fnt\n|-enditem|p1a: WEATHER WARS|Damp Rock|[from] move: Knock Off|[of] p2a: Iron Valiant\n|faint|p1a: WEATHER WARS\n|\n|-weather|RainDance|[upkeep]\n|upkeep\n|\n|t:|1699592580\n|switch|p1a: Crasher Wake|Floatzel, M|20\/100 tox\n|-damage|p1a: Crasher Wake|8\/100 tox|[from] Stealth Rock\n|turn|18\n|\n|t:|1699592585\n|move|p1a: Crasher Wake|Wave Crash|p2a: Iron Valiant\n|-damage|p2a: Iron Valiant|0 fnt\n|faint|p2a: Iron Valiant\n|-end|p2a: Iron Valiant|Quark Drive|[silent]\n|-damage|p1a: Crasher Wake|0 fnt|[from] Recoil\n|faint|p1a: Crasher Wake\n|\n|-weather|RainDance|[upkeep]\n|upkeep\n|\n|t:|1699592613\n|switch|p2a: Kingambit|Kingambit, M|100\/100\n|switch|p1a: LIVE REACTION|Wo-Chien|68\/100 tox\n|-damage|p1a: LIVE REACTION|56\/100 tox|[from] Stealth Rock\n|-ability|p1a: LIVE REACTION|Tablets of Ruin\n|-activate|p2a: Kingambit|ability: Supreme Overlord\n|-start|p2a: Kingambit|fallen5|[silent]\n|turn|19\n|\n|t:|1699592620\n|move|p2a: Kingambit|Sucker Punch|p1a: LIVE REACTION\n|-resisted|p1a: LIVE REACTION\n|-damage|p1a: LIVE REACTION|37\/100 tox\n|move|p1a: LIVE REACTION|Body Press|p2a: Kingambit\n|-supereffective|p2a: Kingambit\n|-damage|p2a: Kingambit|33\/100\n|\n|-weather|RainDance|[upkeep]\n|-heal|p1a: LIVE REACTION|44\/100 tox|[from] item: Leftovers\n|-damage|p1a: LIVE REACTION|37\/100 tox|[from] psn\n|upkeep\n|turn|20\n|\n|t:|1699592631\n|move|p1a: LIVE REACTION|Body Press|p2a: Kingambit\n|-supereffective|p2a: Kingambit\n|-damage|p2a: Kingambit|0 fnt\n|faint|p2a: Kingambit\n|-end|p2a: Kingambit|fallen5|[silent]\n|\n|win|Ramekbal\n|c|\u2606Ramekbal|gg\n","uploadtime":1699592641,"views":29,"p1id":"ramekbal","p2id":"atomicknight3","formatid":"gen9anythinggoes","rating":0,"private":0,"password":""}