{"id":"gen9anythinggoes-1980797431","p1":"minhbeossss","p2":"Skiddo1234","format":"[Gen 9] Anything Goes","log":"|j|\u2606minhbeossss\n|j|\u2606Skiddo1234\n|t:|1698834826\n|gametype|singles\n|player|p1|minhbeossss|policeman-gen4|1299\n|player|p2|Skiddo1234|n|1185\n|teamsize|p1|6\n|teamsize|p2|6\n|gen|9\n|tier|[Gen 9] Anything Goes\n|rated|\n|rule|HP Percentage Mod: HP is shown in percentages\n|rule|Endless Battle Clause: Forcing endless battles is banned\n|clearpoke\n|poke|p1|Giratina-Origin|\n|poke|p1|Grimmsnarl, M|\n|poke|p1|Regieleki|\n|poke|p1|Glimmora, M|\n|poke|p1|Zacian-*|\n|poke|p1|Kyogre|\n|poke|p2|Cyclizar, M|\n|poke|p2|Volbeat, M|\n|poke|p2|Mewtwo|\n|poke|p2|Calyrex-Shadow|\n|poke|p2|Cloyster, M|\n|poke|p2|Ogerpon-Hearthflame, F|\n|teampreview\n|\n|t:|1698834836\n|start\n|switch|p1a: Giratina|Giratina-Origin|100\/100\n|switch|p2a: Cyclizar|Cyclizar, M, shiny|100\/100\n|turn|1\n|\n|t:|1698834852\n|move|p2a: Cyclizar|Shed Tail|p2a: Cyclizar\n|-start|p2a: Cyclizar|Substitute|[from] move: Shed Tail\n|-damage|p2a: Cyclizar|50\/100\n|\n|t:|1698834855\n|switch|p2a: Volbeat|Volbeat, M, shiny|100\/100|[from] Shed Tail\n|move|p1a: Giratina|Dragon Claw|p2a: Volbeat\n|-end|p2a: Volbeat|Substitute\n|\n|upkeep\n|turn|2\n|\n|t:|1698834863\n|move|p2a: Volbeat|Tail Glow|p2a: Volbeat\n|-boost|p2a: Volbeat|spa|3\n|move|p1a: Giratina|Shadow Force||[still]\n|-prepare|p1a: Giratina|Shadow Force\n|\n|upkeep\n|turn|3\n|\n|t:|1698834868\n|move|p2a: Volbeat|Tail Glow|p2a: Volbeat\n|-boost|p2a: Volbeat|spa|3\n|move|p1a: Giratina|Shadow Force|p2a: Volbeat|[from]lockedmove\n|-enditem|p2a: Volbeat|Focus Sash\n|-damage|p2a: Volbeat|1\/100\n|\n|upkeep\n|turn|4\n|\n|t:|1698834875\n|move|p2a: Volbeat|Baton Pass|p2a: Volbeat\n|\n|t:|1698834879\n|switch|p2a: Calyrex|Calyrex-Shadow|100\/100|[from] Baton Pass\n|-ability|p2a: Calyrex|As One\n|-ability|p2a: Calyrex|Unnerve\n|move|p1a: Giratina|Shadow Sneak|p2a: Calyrex\n|-supereffective|p2a: Calyrex\n|-enditem|p2a: Calyrex|Focus Sash\n|-damage|p2a: Calyrex|1\/100\n|\n|upkeep\n|turn|5\n|\n|t:|1698834889\n|move|p1a: Giratina|Shadow Sneak|p2a: Calyrex\n|-supereffective|p2a: Calyrex\n|-damage|p2a: Calyrex|0 fnt\n|faint|p2a: Calyrex\n|\n|upkeep\n|\n|t:|1698834894\n|switch|p2a: Mewtwo|Mewtwo, shiny|100\/100\n|-ability|p2a: Mewtwo|Unnerve\n|turn|6\n|\n|t:|1698834902\n|move|p2a: Mewtwo|Dark Pulse|p1a: Giratina\n|-supereffective|p1a: Giratina\n|-damage|p1a: Giratina|61\/100\n|move|p1a: Giratina|Shadow Force||[still]\n|-prepare|p1a: Giratina|Shadow Force\n|\n|upkeep\n|turn|7\n|\n|t:|1698834909\n|move|p2a: Mewtwo|Dark Pulse|p1a: Giratina|[miss]\n|-miss|p2a: Mewtwo|p1a: Giratina\n|move|p1a: Giratina|Shadow Force|p2a: Mewtwo|[from]lockedmove\n|-supereffective|p2a: Mewtwo\n|-enditem|p2a: Mewtwo|Focus Sash\n|-damage|p2a: Mewtwo|1\/100\n|\n|upkeep\n|turn|8\n|\n|t:|1698834917\n|move|p1a: Giratina|Shadow Sneak|p2a: Mewtwo\n|-supereffective|p2a: Mewtwo\n|-damage|p2a: Mewtwo|0 fnt\n|faint|p2a: Mewtwo\n|\n|upkeep\n|-message|Skiddo1234 forfeited.\n|\n|win|minhbeossss\n|raw|minhbeossss's rating: 1299 &rarr; <strong>1316<\/strong><br \/>(+17 for winning)\n|raw|Skiddo1234's rating: 1185 &rarr; <strong>1168<\/strong><br \/>(-17 for losing)\n|l|\u2606Skiddo1234\n","uploadtime":1698834925,"views":16,"p1id":"minhbeossss","p2id":"skiddo1234","formatid":"gen9anythinggoes","rating":1168,"private":0,"password":""}